time,price,change,volume,amount,type
09:25:04,104.9,-0.47,166,1741340,卖盘
09:30:02,104.9,0.0,29,304165,买盘
09:30:05,104.9,0.0,191,2003572,买盘
09:30:08,104.9,0.0,24,251748,卖盘
09:30:10,104.97,0.07,3,31484,中性盘
09:30:14,104.9,-0.07,7,73437,卖盘
09:30:17,104.89,-0.01,9,94407,卖盘
09:30:19,104.88,-0.01,6,62936,卖盘
09:30:23,104.89,0.01,3,31467,中性盘
09:30:26,104.97,0.08,5,52464,买盘
09:30:28,104.89,-0.08,1,10489,卖盘
09:30:34,104.89,0.0,9,94405,卖盘
09:30:41,104.97,0.08,2,20986,中性盘
09:30:43,104.89,-0.08,1,10489,卖盘
09:30:47,104.89,0.0,2,20986,中性盘
09:30:50,104.9,0.01,1,10490,卖盘
09:30:53,104.89,-0.01,6,62934,卖盘
09:30:56,104.92,0.03,10,104944,中性盘
09:30:59,104.89,-0.03,10,104894,卖盘
09:31:02,104.89,0.0,8,83913,卖盘
09:31:05,104.88,-0.01,47,493284,卖盘
09:31:08,104.8,-0.08,8,83875,卖盘
09:31:11,104.85,0.05,2,20971,中性盘
09:31:13,104.86,0.01,5,52428,买盘
09:31:17,104.87,0.01,50,524350,买盘
09:31:19,104.88,0.01,31,325125,买盘
09:31:23,104.9,0.02,8,83905,买盘
09:31:26,104.9,0.0,2,20980,中性盘
09:31:28,104.92,0.02,2,20982,中性盘
09:31:32,105.29,0.37,4,42084,买盘
09:31:34,105.27,-0.02,10,105016,中性盘
09:31:38,105.27,0.0,1,10527,买盘
09:31:41,105.29,0.02,3,31583,买盘
09:31:44,104.9,-0.39,49,514797,卖盘
09:31:46,104.93,0.03,12,125883,买盘
09:31:53,105.0,0.07,1,10500,卖盘
09:31:56,105.24,0.24,9,94724,中性盘
09:31:59,105.24,0.0,3,31572,中性盘
09:32:02,105.0,-0.24,16,168175,卖盘
09:32:05,105.0,0.0,10,104986,中性盘
09:32:08,105.12,0.12,3,31524,买盘
09:32:11,105.0,-0.12,1,10500,中性盘
09:32:17,105.0,0.0,5,52500,卖盘
09:32:22,104.94,-0.06,9,94476,卖盘
09:32:26,105.0,0.06,4,42000,买盘
09:32:29,104.92,-0.08,22,230860,卖盘
09:32:32,104.9,-0.02,19,199330,卖盘
09:32:35,104.89,-0.01,1,10489,卖盘
09:32:37,104.86,-0.03,13,136360,卖盘
09:32:41,104.81,-0.05,58,608021,卖盘
09:32:44,104.62,-0.19,23,240842,卖盘
09:32:47,104.62,0.0,1,10462,买盘
09:32:50,104.6,-0.02,20,209224,卖盘
09:32:53,104.61,0.01,7,73219,买盘
09:32:56,104.88,0.27,63,658921,买盘
09:33:02,104.79,-0.09,2,20941,买盘
09:33:05,104.61,-0.18,16,167384,卖盘
09:33:11,104.6,-0.01,47,491730,卖盘
09:33:14,104.62,0.02,9,94158,卖盘
09:33:16,104.79,0.17,1,10479,买盘
09:33:20,104.65,-0.14,2,20941,卖盘
09:33:23,104.61,-0.04,2,20922,卖盘
09:33:25,104.62,0.01,1,10462,卖盘
09:33:28,104.62,0.0,7,73236,卖盘
09:33:31,104.64,0.02,8,83789,中性盘
09:33:35,104.64,0.0,7,73248,卖盘
09:33:39,104.78,0.14,6,62796,买盘
09:33:41,104.62,-0.16,12,125554,卖盘
09:33:43,104.61,-0.01,12,125539,卖盘
09:33:47,104.63,0.02,16,167394,买盘
09:33:49,104.65,0.02,4,41871,中性盘
09:33:53,104.61,-0.04,58,607252,卖盘
09:33:56,104.61,0.0,14,152940,买盘
09:33:59,104.77,0.16,22,230214,买盘
09:34:01,104.67,-0.1,2,20934,卖盘
09:34:04,104.76,0.09,10,104660,买盘
09:34:07,104.76,0.0,4,41886,买盘
09:34:11,104.76,0.0,2,20952,买盘
09:34:14,104.67,-0.09,1,10467,卖盘
09:34:16,104.65,-0.02,2,20930,买盘
09:34:20,104.65,0.0,3,31395,买盘
09:34:23,104.65,0.0,9,94182,买盘
09:34:26,104.65,0.0,13,136043,买盘
09:34:29,104.65,0.0,25,261625,买盘
09:34:32,104.64,-0.01,25,261645,卖盘
09:34:35,104.7,0.06,10,104658,买盘
09:34:38,104.66,-0.04,11,115128,中性盘
09:34:41,104.66,0.0,2,20933,卖盘
09:34:44,104.7,0.04,5,52341,买盘
09:34:46,104.67,-0.03,9,94221,卖盘
09:34:50,104.7,0.03,8,83740,买盘
09:34:54,104.66,-0.04,4,41553,卖盘
09:34:55,104.66,0.0,43,450332,卖盘
09:34:58,104.66,0.0,2,20932,买盘
09:35:02,104.66,0.0,2,20931,买盘
09:35:05,104.65,-0.01,56,586236,中性盘
09:35:08,104.63,-0.02,13,135731,卖盘
09:35:10,104.63,0.0,7,73241,卖盘
09:35:14,104.63,0.0,16,167416,卖盘
09:35:17,104.66,0.03,10,104664,中性盘
09:35:19,104.64,-0.02,1,10464,卖盘
09:35:24,104.66,0.02,37,387201,买盘
09:35:25,104.58,-0.08,116,1213847,卖盘
09:35:29,104.5,-0.08,221,2309669,卖盘
09:35:32,104.5,0.0,20,206295,卖盘
09:35:35,104.5,0.0,13,135850,卖盘
09:35:39,104.44,-0.06,27,284778,卖盘
09:35:42,104.41,-0.03,5,52214,卖盘
09:35:44,104.4,-0.01,12,125306,卖盘
09:35:46,104.38,-0.02,15,156574,卖盘
09:35:50,104.36,-0.02,9,93939,卖盘
09:35:52,104.35,-0.01,7,73053,卖盘
09:35:56,104.33,-0.02,6,62602,卖盘
09:35:59,104.3,-0.03,13,135617,卖盘
09:36:02,104.3,0.0,17,177377,卖盘
09:36:04,104.28,-0.02,7,73002,卖盘
09:36:09,104.2,-0.08,50,521108,卖盘
09:36:11,104.1,-0.1,64,666664,卖盘
09:36:15,104.07,-0.03,22,229006,卖盘
09:36:17,104.1,0.03,71,735969,买盘
09:36:21,104.01,-0.09,20,210918,卖盘
09:36:24,104.01,0.0,113,1175243,买盘
09:36:26,104.0,-0.01,40,416003,卖盘
09:36:29,104.0,0.0,35,364004,卖盘
09:36:32,104.0,0.0,31,322393,买盘
09:36:36,104.01,0.01,17,176812,买盘
09:36:39,104.0,-0.01,53,551206,卖盘
09:36:42,104.1,0.1,113,1172771,买盘
09:36:44,104.04,-0.06,27,281097,卖盘
09:36:46,104.19,0.15,22,230494,买盘
09:36:51,104.2,0.01,19,197875,买盘
09:36:52,104.24,0.04,4,41689,买盘
09:36:56,104.41,0.17,4,41731,买盘
09:36:59,104.33,-0.08,2,20868,卖盘
09:37:04,104.33,0.0,3,31304,卖盘
09:37:09,104.3,-0.03,21,218944,卖盘
09:37:17,104.3,0.0,7,73017,卖盘
09:37:20,104.31,0.01,3,30979,卖盘
09:37:23,104.31,0.0,6,62899,卖盘
09:37:27,104.31,0.0,1,10118,卖盘
09:37:32,104.31,0.0,1,10431,卖盘
09:37:35,104.31,0.0,3,31608,卖盘
09:37:39,104.31,0.0,5,52155,买盘
09:37:42,104.31,0.0,52,542058,买盘
09:37:45,104.31,0.0,4,41725,卖盘
09:37:48,104.29,-0.02,15,156763,卖盘
09:37:50,104.29,0.0,8,83428,买盘
09:37:54,104.29,0.0,1,10429,买盘
09:37:56,104.29,0.0,1,10429,买盘
09:37:59,104.29,0.0,12,125148,买盘
09:38:02,104.28,-0.01,13,135574,卖盘
09:38:06,104.27,-0.01,9,93844,卖盘
09:38:09,104.27,0.0,1,10427,买盘
09:38:12,104.27,0.0,5,52131,买盘
09:38:14,104.26,-0.01,15,156404,中性盘
09:38:18,104.27,0.01,15,156376,卖盘
09:38:20,104.25,-0.02,4,41698,买盘
09:38:22,104.26,0.01,13,135528,买盘
09:38:25,104.21,-0.05,22,229333,卖盘
09:38:29,104.27,0.06,23,239729,买盘
09:38:32,104.29,0.02,7,72981,买盘
09:38:39,104.25,-0.04,16,166836,卖盘
09:38:42,104.28,0.03,20,208579,中性盘
09:38:45,104.29,0.01,4,41714,买盘
09:38:48,104.29,0.0,7,72996,买盘
09:38:49,104.29,0.0,13,135557,买盘
09:38:54,104.25,-0.04,3,31275,卖盘
09:38:57,104.26,0.01,4,41704,中性盘
09:38:59,104.26,0.0,10,104270,卖盘
09:39:03,104.28,0.02,2,20856,买盘
09:39:06,104.28,0.0,2,20856,买盘
09:39:09,104.25,-0.03,62,646372,卖盘
09:39:12,104.28,0.03,3,31284,买盘
09:39:14,104.29,0.01,10,104288,买盘
09:39:18,104.25,-0.04,38,396152,卖盘
09:39:21,104.29,0.04,16,166840,买盘
09:39:26,104.29,0.0,5,52145,卖盘
09:39:30,104.28,-0.01,12,125134,卖盘
09:39:32,104.26,-0.02,8,83421,卖盘
09:39:34,104.29,0.03,16,166840,买盘
09:39:39,104.28,-0.01,8,83420,中性盘
09:39:40,104.3,0.02,30,312863,买盘
09:39:45,104.3,0.0,2,20860,卖盘
09:39:48,104.3,0.0,29,302475,卖盘
09:39:49,104.28,-0.02,20,208579,卖盘
09:39:54,104.28,0.0,2,20856,买盘
09:39:57,104.28,0.0,5,52135,买盘
09:40:00,104.28,0.0,2,20856,买盘
09:40:03,104.26,-0.02,34,354535,卖盘
09:40:04,104.25,-0.01,22,229358,卖盘
09:40:07,104.21,-0.04,6,62536,卖盘
09:40:12,104.2,-0.01,16,166726,卖盘
09:40:14,104.18,-0.02,21,218798,卖盘
09:40:18,104.17,-0.01,13,135432,卖盘
09:40:21,104.15,-0.02,26,270794,卖盘
09:40:24,104.15,0.0,10,104150,卖盘
09:40:26,104.11,-0.04,4,41648,卖盘
09:40:29,104.1,-0.01,9,93693,卖盘
09:40:32,104.1,0.0,22,229022,卖盘
09:40:36,104.05,-0.05,7,72863,卖盘
09:40:37,104.02,-0.03,6,62434,卖盘
09:40:41,104.01,-0.01,36,374438,卖盘
09:40:44,104.0,-0.01,66,686402,卖盘
09:40:46,103.95,-0.05,325,3379823,卖盘
09:40:51,103.85,-0.1,81,841573,卖盘
09:40:52,103.82,-0.03,41,425773,卖盘
09:40:57,103.82,0.0,19,197293,卖盘
09:40:59,103.84,0.02,8,83068,买盘
09:41:03,103.83,-0.01,4,41535,中性盘
09:41:04,103.89,0.06,14,145371,买盘
09:41:09,103.89,0.0,25,259704,买盘
09:41:12,103.92,0.03,6,62330,买盘
09:41:15,103.92,0.0,18,187059,买盘
09:41:18,103.86,-0.06,4,41550,卖盘
09:41:27,103.89,0.03,18,187045,卖盘
09:41:29,103.9,0.01,5,51947,中性盘
09:41:33,103.92,0.02,1,10392,中性盘
09:41:36,103.87,-0.05,23,238923,卖盘
09:41:39,103.87,0.0,8,83096,买盘
09:41:40,103.87,0.0,32,332381,买盘
09:41:45,103.87,0.0,69,716693,买盘
09:41:48,103.87,0.0,46,477783,买盘
09:41:51,103.89,0.02,46,477820,买盘
09:41:52,103.92,0.03,19,197369,买盘
09:41:55,103.93,0.01,2,20780,买盘
09:41:59,103.93,0.0,3,31177,买盘
09:42:03,103.93,0.0,5,51954,买盘
09:42:06,103.95,0.02,1,10395,卖盘
09:42:09,103.93,-0.02,11,114323,卖盘
09:42:11,103.93,0.0,1,10393,买盘
09:42:15,103.89,-0.04,2,20779,卖盘
09:42:17,103.88,-0.01,61,633713,卖盘
09:42:19,103.88,0.0,17,176596,买盘
09:42:24,103.88,0.0,9,93492,买盘
09:42:27,103.93,0.05,1,10393,卖盘
09:42:29,103.93,0.0,2,20786,卖盘
09:42:33,103.93,0.0,1,10393,卖盘
09:42:36,103.95,0.02,8,83169,卖盘
09:42:39,103.97,0.02,10,103956,中性盘
09:42:45,103.98,0.01,3,31194,卖盘
09:42:46,103.99,0.01,1,10399,买盘
09:42:50,103.99,0.0,7,72792,买盘
09:42:54,104.0,0.01,37,384800,买盘
09:42:57,103.99,-0.01,2,20798,卖盘
09:43:00,104.0,0.01,1,10400,买盘
09:43:03,103.97,-0.03,44,457530,卖盘
09:43:06,104.0,0.03,13,135200,买盘
09:43:07,103.99,-0.01,18,187185,卖盘
09:43:12,104.0,0.01,25,259921,买盘
09:43:15,104.0,0.0,3,31200,买盘
09:43:18,104.0,0.0,10,103984,买盘
09:43:21,104.0,0.0,6,62400,买盘
09:43:24,104.01,0.01,9,93601,买盘
09:43:27,104.01,0.0,2,20801,买盘
09:43:30,104.0,-0.01,2,20800,卖盘
09:43:33,104.01,0.01,3,31203,买盘
09:43:36,104.01,0.0,2,20802,卖盘
09:43:37,104.01,0.0,17,176833,卖盘
09:43:44,103.99,-0.02,33,343201,卖盘
09:43:48,103.99,0.0,9,93575,买盘
09:43:51,104.0,0.01,20,207983,买盘
09:43:57,104.0,0.0,7,72800,卖盘
09:44:00,103.99,-0.01,9,93591,卖盘
09:44:03,104.0,0.01,7,72804,中性盘
09:44:06,104.0,0.0,3,31198,买盘
09:44:09,104.0,0.0,25,259992,买盘
09:44:12,104.01,0.01,7,72802,买盘
09:44:15,104.0,-0.01,10,104001,买盘
09:44:18,103.99,-0.01,5,51997,卖盘
09:44:21,104.0,0.01,14,145596,买盘
09:44:24,104.0,0.0,2,20800,买盘
09:44:25,103.97,-0.03,24,249557,卖盘
09:44:30,103.97,0.0,4,41588,买盘
09:44:31,103.97,0.0,8,83176,买盘
09:44:35,103.98,0.01,4,41592,买盘
09:44:39,103.97,-0.01,13,135163,卖盘
09:44:42,104.0,0.03,32,332789,买盘
09:44:44,103.98,-0.02,8,83187,卖盘
09:44:51,103.99,0.01,13,135199,卖盘
09:44:54,103.99,0.0,7,72796,卖盘
09:44:55,103.99,0.0,15,155979,买盘
09:45:00,103.99,0.0,7,72793,卖盘
09:45:03,103.98,-0.01,8,83185,卖盘
09:45:06,104.0,0.02,7,72788,买盘
09:45:09,103.97,-0.03,106,1102092,卖盘
09:45:10,103.96,-0.01,20,207937,卖盘
09:45:15,103.97,0.01,68,706961,买盘
09:45:18,103.95,-0.02,42,436607,卖盘
09:45:20,103.97,0.02,9,93565,买盘
09:45:24,103.96,-0.01,2,20793,中性盘
09:45:25,103.97,0.01,3,31191,买盘
09:45:30,103.98,0.01,34,353495,买盘
09:45:33,103.98,0.0,10,103980,卖盘
09:45:36,103.98,0.0,60,623999,卖盘
09:45:39,103.98,0.0,18,187181,卖盘
09:45:42,103.98,0.0,1,10398,卖盘
09:45:45,103.98,0.0,5,51993,卖盘
09:45:48,103.97,-0.01,7,72788,卖盘
09:45:51,103.95,-0.02,56,582156,卖盘
09:45:54,103.95,0.0,5,51975,卖盘
09:45:57,103.94,-0.01,23,239097,卖盘
09:46:00,103.94,0.0,7,72766,卖盘
09:46:01,103.94,0.0,11,114336,卖盘
09:46:06,103.93,-0.01,4,41574,卖盘
09:46:09,103.94,0.01,8,83152,买盘
09:46:10,103.94,0.0,3,31182,买盘
09:46:15,103.93,-0.01,30,311796,卖盘
09:46:16,103.93,0.0,21,218256,卖盘
09:46:21,103.94,0.01,3,31182,买盘
09:46:22,103.94,0.0,1,10394,买盘
09:46:27,103.93,-0.01,19,197473,卖盘
09:46:30,103.93,0.0,75,779492,卖盘
09:46:33,103.93,0.0,55,571615,卖盘
09:46:36,103.94,0.01,9,93540,买盘
09:46:39,103.93,-0.01,3,31179,卖盘
09:46:42,103.88,-0.05,158,1641718,卖盘
09:46:44,103.87,-0.01,85,882898,卖盘
09:46:46,103.86,-0.01,19,197338,卖盘
09:46:51,103.83,-0.03,45,467295,卖盘
09:46:52,103.83,0.0,13,134979,卖盘
09:46:55,103.85,0.02,2,20770,中性盘
09:47:00,103.88,0.03,45,467415,买盘
09:47:06,103.88,0.0,11,114270,卖盘
09:47:09,103.9,0.02,3,31168,买盘
09:47:12,103.86,-0.04,39,405117,卖盘
09:47:21,103.85,-0.01,8,83082,中性盘
09:47:22,103.85,0.0,1,10385,买盘
09:47:27,103.85,0.0,4,41540,买盘
09:47:29,103.85,0.0,5,51927,卖盘
09:47:35,103.85,0.0,14,145390,卖盘
09:47:37,103.85,0.0,20,207704,买盘
09:47:40,103.85,0.0,10,103850,卖盘
09:47:45,103.86,0.01,1,10386,买盘
09:47:47,103.85,-0.01,7,72695,卖盘
09:47:51,103.85,0.0,1,10385,买盘
09:47:54,103.82,-0.03,57,591848,卖盘
09:47:57,103.85,0.03,1,10385,中性盘
09:47:59,103.82,-0.03,8,83068,卖盘
09:48:01,103.82,0.0,6,62301,卖盘
09:48:05,103.83,0.01,1,10383,中性盘
09:48:09,103.82,-0.01,9,93439,卖盘
09:48:10,103.82,0.0,11,114207,卖盘
09:48:15,103.82,0.0,12,124585,卖盘
09:48:18,103.81,-0.01,6,62290,卖盘
09:48:21,103.82,0.01,2,20764,买盘
09:48:22,103.82,0.0,4,41528,买盘
09:48:27,103.82,0.0,4,41525,买盘
09:48:30,103.81,-0.01,2,20763,卖盘
09:48:33,103.82,0.01,2,20764,买盘
09:48:35,103.82,0.0,41,425624,买盘
09:48:39,103.82,0.0,8,83057,中性盘
09:48:42,103.81,-0.01,16,166111,卖盘
09:48:45,103.84,0.03,9,93456,买盘
09:48:48,103.85,0.01,1,10385,买盘
09:48:50,103.86,0.01,6,62315,买盘
09:48:59,103.85,-0.01,19,197333,卖盘
09:49:01,103.86,0.01,3,31157,中性盘
09:49:06,103.86,0.0,6,62313,买盘
09:49:09,103.86,0.0,1,10386,中性盘
09:49:12,103.89,0.03,11,114246,买盘
09:49:15,103.9,0.01,59,613007,买盘
09:49:18,103.91,0.01,21,218200,买盘
09:49:21,103.86,-0.05,35,363587,卖盘
09:49:22,103.9,0.04,5,51949,中性盘
09:49:27,103.9,0.0,2,20780,买盘
09:49:33,103.87,-0.03,12,124644,卖盘
09:49:35,103.9,0.03,7,72727,买盘
09:49:40,103.9,0.0,17,176671,卖盘
09:49:48,103.9,0.0,12,124736,卖盘
09:49:51,103.9,0.0,4,41556,买盘
09:49:55,103.9,0.0,59,613010,买盘
09:49:59,103.91,0.01,8,83132,中性盘
09:50:03,103.9,-0.01,51,529909,卖盘
09:50:06,103.9,0.0,6,62358,卖盘
09:50:09,103.89,-0.01,32,332478,卖盘
09:50:12,103.9,0.01,7,72730,买盘
09:50:18,103.89,-0.01,12,124706,卖盘
09:50:20,103.9,0.01,7,72726,买盘
09:50:22,103.91,0.01,1,9352,中性盘
09:50:29,103.89,-0.02,12,125729,卖盘
09:50:31,103.89,0.0,5,51945,买盘
09:50:36,103.89,0.0,3,31167,买盘
09:50:37,103.88,-0.01,54,561003,卖盘
09:50:42,103.89,0.01,13,134010,买盘
09:50:45,103.88,-0.01,63,654365,卖盘
09:50:48,103.89,0.01,1,10389,中性盘
09:50:51,103.9,0.01,3,31169,买盘
09:50:54,103.89,-0.01,9,93502,卖盘
09:50:57,103.89,0.0,82,851897,买盘
09:50:59,103.89,0.0,1,10389,买盘
09:51:03,103.88,-0.01,4,41554,卖盘
09:51:06,103.89,0.01,5,51943,买盘
09:51:09,103.89,0.0,7,72723,买盘
09:51:12,103.87,-0.02,15,155825,卖盘
09:51:15,103.89,0.02,2,20778,买盘
09:51:18,103.89,0.0,21,218169,买盘
09:51:21,103.88,-0.01,2,20776,卖盘
09:51:22,103.87,-0.01,4,41549,卖盘
09:51:27,103.86,-0.01,29,302233,卖盘
09:51:30,103.86,0.0,3,31158,买盘
09:51:33,103.86,0.0,5,51930,买盘
09:51:35,103.85,-0.01,1,10385,卖盘
09:51:39,103.85,0.0,7,72697,卖盘
09:51:42,103.86,0.01,18,186932,买盘
09:51:45,103.86,0.0,8,83088,买盘
09:51:48,103.86,0.0,10,103851,买盘
09:51:52,103.85,-0.01,5,51927,卖盘
09:51:55,103.85,0.0,9,93473,卖盘
09:51:59,103.85,0.0,6,62315,卖盘
09:52:01,103.86,0.01,5,51930,买盘
09:52:06,103.86,0.0,3,31158,买盘
09:52:09,103.86,0.0,53,550402,买盘
09:52:10,103.85,-0.01,13,135007,卖盘
09:52:14,103.86,0.01,12,124626,买盘
09:52:18,103.84,-0.02,53,550356,卖盘
09:52:20,103.84,0.0,1,10384,买盘
09:52:22,103.84,0.0,20,207680,买盘
09:52:25,103.84,0.0,3,31152,买盘
09:52:30,103.84,0.0,12,124599,买盘
09:52:36,103.83,-0.01,6,62300,卖盘
09:52:39,103.83,0.0,2,20766,卖盘
09:52:42,103.83,0.0,8,83065,卖盘
09:52:45,103.83,0.0,2,20766,卖盘
09:52:48,103.83,0.0,6,62303,卖盘
09:52:51,103.82,-0.01,62,643723,卖盘
09:52:52,103.84,0.02,7,72687,买盘
09:53:05,103.84,0.0,84,872277,卖盘
09:53:09,103.86,0.02,1,10386,买盘
09:53:12,103.85,-0.01,14,145395,卖盘
09:53:15,103.85,0.0,7,72695,卖盘
09:53:18,103.85,0.0,4,41540,卖盘
09:53:21,103.85,0.0,1,10385,买盘
09:53:24,103.85,0.0,11,114235,卖盘
09:53:27,103.84,-0.01,5,51924,卖盘
09:53:29,103.84,0.0,48,498443,卖盘
09:53:33,103.85,0.01,1,10385,买盘
09:53:36,103.85,0.0,71,737265,买盘
09:53:42,103.85,0.0,10,103856,卖盘
09:53:44,103.88,0.03,2,20773,买盘
09:53:51,103.85,-0.03,46,477713,卖盘
09:53:54,103.84,-0.01,72,747704,卖盘
09:54:00,103.85,0.01,24,249234,买盘
09:54:01,103.85,0.0,6,62310,买盘
09:54:06,103.85,0.0,7,72690,买盘
09:54:09,103.84,-0.01,1,10384,卖盘
09:54:10,103.82,-0.02,82,851407,卖盘
09:54:18,103.82,0.0,2,20764,卖盘
09:54:21,103.84,0.02,12,124606,买盘
09:54:24,103.84,0.0,4,41536,卖盘
09:54:27,103.84,0.0,1,10384,卖盘
09:54:30,103.85,0.01,5,51923,买盘
09:54:33,103.85,0.0,7,72694,买盘
09:54:36,103.84,-0.01,3,31152,卖盘
09:54:39,103.84,0.0,10,103840,卖盘
09:54:40,103.84,0.0,91,944979,卖盘
09:54:45,103.85,0.01,10,103844,买盘
09:54:48,103.84,-0.01,15,155767,卖盘
09:54:51,103.84,0.0,3,31152,卖盘
09:54:54,103.85,0.01,107,1111123,买盘
09:54:57,103.85,0.0,9,93463,买盘
09:55:00,103.85,0.0,21,218085,买盘
09:55:03,103.85,0.0,8,83080,买盘
09:55:07,103.89,0.04,2,20778,买盘
09:55:12,103.9,0.01,2,20780,买盘
09:55:15,103.89,-0.01,1,10389,中性盘
09:55:16,103.9,0.01,2,20780,买盘
09:55:21,103.89,-0.01,1,10389,卖盘
09:55:24,103.86,-0.03,2,20775,卖盘
09:55:27,103.94,0.08,2,20788,买盘
09:55:30,103.94,0.0,1,10394,买盘
09:55:36,103.9,-0.04,5,51963,卖盘
09:55:39,103.88,-0.02,8,83094,买盘
09:55:42,103.88,0.0,28,290824,买盘
09:55:44,103.88,0.0,24,249312,买盘
09:55:48,103.88,0.0,47,488236,买盘
09:56:00,103.93,0.05,5,51965,买盘
09:56:03,103.93,0.0,6,62353,买盘
09:56:04,103.92,-0.01,20,207840,买盘
09:56:09,103.92,0.0,3,31176,买盘
09:56:12,103.91,-0.01,3,31173,卖盘
09:56:14,103.92,0.01,6,62352,买盘
09:56:16,103.91,-0.01,16,166257,卖盘
09:56:21,103.91,0.0,45,467595,卖盘
09:56:30,103.9,-0.01,1,10390,卖盘
09:56:33,103.9,0.0,2,20780,卖盘
09:56:36,103.9,0.0,2,20780,买盘
09:56:41,103.89,-0.01,5,51946,卖盘
09:56:44,103.89,0.0,10,103890,卖盘
09:56:46,103.89,0.0,6,62334,买盘
09:56:49,103.89,0.0,10,103886,买盘
09:56:54,103.89,0.0,3,31167,买盘
09:56:57,103.89,0.0,4,41555,买盘
09:56:59,103.89,0.0,4,41555,买盘
09:57:03,103.89,0.0,33,342807,买盘
09:57:05,103.89,0.0,1,10389,买盘
09:57:09,103.89,0.0,20,207773,买盘
09:57:14,103.89,0.0,12,124660,买盘
09:57:16,103.88,-0.01,9,94851,卖盘
09:57:29,103.89,0.01,13,135057,买盘
09:57:33,103.89,0.0,11,114279,卖盘
09:57:36,103.89,0.0,8,83112,买盘
09:57:39,103.89,0.0,5,51945,买盘
09:57:42,103.89,0.0,10,103890,买盘
09:57:45,103.89,0.0,37,384357,买盘
09:57:47,103.89,0.0,4,41556,买盘
09:57:51,103.89,0.0,1,10389,买盘
09:57:52,103.89,0.0,2,20778,买盘
09:57:57,103.88,-0.01,12,124656,卖盘
09:58:00,103.88,0.0,5,51943,卖盘
09:58:01,103.89,0.01,24,249335,买盘
09:58:05,103.89,0.0,4,41556,买盘
09:58:08,103.89,0.0,1,10389,买盘
09:58:11,103.89,0.0,1,10389,买盘
09:58:14,103.89,0.0,9,93493,买盘
09:58:18,103.89,0.0,4,41556,买盘
09:58:21,103.88,-0.01,27,280477,卖盘
09:58:24,103.87,-0.01,27,279110,卖盘
09:58:27,103.82,-0.05,441,4579270,卖盘
09:58:30,103.8,-0.02,434,4505040,卖盘
09:58:31,103.63,-0.17,143,1483105,卖盘
09:58:36,103.61,-0.02,10,103626,卖盘
09:58:38,103.59,-0.02,63,652678,卖盘
09:58:41,103.59,0.0,5,51795,卖盘
09:58:44,103.58,-0.01,8,82865,卖盘
09:58:48,103.57,-0.01,7,72501,卖盘
09:58:50,103.56,-0.01,12,124286,卖盘
09:58:54,103.58,0.02,23,238226,买盘
09:58:57,103.58,0.0,5,51790,卖盘
09:58:59,103.58,0.0,3,31074,卖盘
09:59:03,103.59,0.01,4,41435,买盘
09:59:05,103.58,-0.01,4,41434,卖盘
09:59:09,103.55,-0.03,39,403901,卖盘
09:59:12,103.55,0.0,5,51777,卖盘
09:59:14,103.55,0.0,7,72485,买盘
09:59:18,103.53,-0.02,16,165661,卖盘
09:59:21,103.55,0.02,37,383092,买盘
09:59:24,103.53,-0.02,8,82834,中性盘
09:59:25,103.52,-0.01,65,672912,卖盘
09:59:29,103.53,0.01,1,10353,买盘
09:59:31,103.52,-0.01,33,341612,卖盘
09:59:36,103.52,0.0,25,258788,买盘
09:59:39,103.51,-0.01,5,51759,卖盘
09:59:42,103.52,0.01,17,175985,买盘
09:59:43,103.51,-0.01,14,144928,卖盘
09:59:48,103.52,0.01,20,207040,买盘
09:59:49,103.52,0.0,71,734945,卖盘
09:59:52,103.52,0.0,98,1014830,买盘
09:59:57,103.52,0.0,1,10352,卖盘
09:59:59,103.56,0.04,33,341739,买盘
10:00:03,103.55,-0.01,9,93201,卖盘
10:00:06,103.54,-0.01,2,20708,中性盘
10:00:07,103.56,0.02,7,72478,买盘
10:00:11,103.56,0.0,1,10356,买盘
10:00:15,103.58,0.02,8,82852,买盘
10:00:18,103.58,0.0,3,31074,买盘
10:00:20,103.58,0.0,1,10358,中性盘
10:00:26,103.61,0.03,2,20722,买盘
10:00:30,103.68,0.07,3,31104,买盘
10:00:33,103.58,-0.1,69,714725,卖盘
10:00:35,103.58,0.0,44,455752,买盘
10:00:39,103.68,0.1,7,72574,买盘
10:00:42,103.68,0.0,1,10368,买盘
10:00:45,103.66,-0.02,1,10366,卖盘
10:00:48,103.67,0.01,6,62204,中性盘
10:00:51,103.67,0.0,11,114028,买盘
10:00:57,103.67,0.0,50,518350,买盘
10:00:59,103.68,0.01,10,103671,买盘
10:01:02,103.67,-0.01,19,196974,卖盘
10:01:06,103.68,0.01,9,93312,买盘
10:01:08,103.68,0.0,11,114048,买盘
10:01:12,103.67,-0.01,55,570210,卖盘
10:01:14,103.67,0.0,15,155510,卖盘
10:01:18,103.68,0.01,15,155520,买盘
10:01:23,103.72,0.04,12,124444,中性盘
10:01:27,103.68,-0.04,21,217728,卖盘
10:01:30,103.8,0.12,46,477400,买盘
10:01:31,103.68,-0.12,10,103680,卖盘
10:01:35,103.72,0.04,1,10372,中性盘
10:01:39,103.72,0.0,6,62236,卖盘
10:01:45,103.7,-0.02,3,31114,卖盘
10:01:47,103.69,-0.01,5,51847,卖盘
10:01:51,103.7,0.01,4,41477,买盘
10:01:54,103.72,0.02,6,62235,买盘
10:01:57,103.72,0.0,82,850168,中性盘
10:01:59,103.7,-0.02,8,82959,买盘
10:02:03,103.72,0.02,1,10372,买盘
10:02:08,103.78,0.06,9,93386,买盘
10:02:11,103.75,-0.03,2,20747,中性盘
10:02:15,103.72,-0.03,6,62232,中性盘
10:02:17,103.78,0.06,6,62261,买盘
10:02:21,103.71,-0.07,40,415026,卖盘
10:02:24,103.7,-0.01,33,342218,卖盘
10:02:27,103.69,-0.01,53,549580,卖盘
10:02:29,103.69,0.0,11,114059,买盘
10:02:32,103.69,0.0,5,51844,买盘
10:02:35,103.68,-0.01,2,20737,卖盘
10:02:37,103.68,0.0,40,414713,卖盘
10:02:47,103.68,0.0,9,93313,卖盘
10:02:50,103.69,0.01,2,20737,买盘
10:02:53,103.68,-0.01,42,435430,卖盘
10:02:57,103.68,0.0,1,10368,买盘
10:02:58,103.68,0.0,47,487296,买盘
10:03:02,103.68,0.0,8,82944,卖盘
10:03:06,103.7,0.02,3,31108,买盘
10:03:08,103.7,0.0,1,10370,买盘
10:03:11,103.69,-0.01,7,72588,卖盘
10:03:13,103.69,0.0,5,51847,卖盘
10:03:16,103.71,0.02,5,51849,买盘
10:03:19,103.67,-0.04,36,373289,卖盘
10:03:24,103.67,0.0,3,31101,买盘
10:03:27,103.67,0.0,2,20734,买盘
10:03:30,103.67,0.0,3,31101,买盘
10:03:32,103.66,-0.01,3,31100,卖盘
10:03:39,103.66,0.0,54,559817,卖盘
10:03:42,103.7,0.04,1,10370,买盘
10:03:50,103.71,0.01,5,51855,买盘
10:03:53,103.67,-0.04,18,186612,卖盘
10:03:57,103.67,0.0,6,62217,卖盘
10:04:03,103.68,0.01,13,134802,卖盘
10:04:05,103.67,-0.01,2,20735,卖盘
10:04:11,103.68,0.01,29,300663,买盘
10:04:14,103.68,0.0,6,62208,买盘
10:04:17,103.68,0.0,38,393989,买盘
10:04:21,103.67,-0.01,4,41468,卖盘
10:04:23,103.67,0.0,12,124408,卖盘
10:04:28,103.67,0.0,6,62209,卖盘
10:04:32,103.75,0.08,13,134867,买盘
10:04:35,103.75,0.0,2,20750,买盘
10:04:37,103.75,0.0,2,20745,买盘
10:04:42,103.75,0.0,3,31125,买盘
10:04:44,103.68,-0.07,193,2000263,卖盘
10:04:47,103.68,0.0,5,51840,买盘
10:04:50,103.68,0.0,3,31103,买盘
10:04:53,103.67,-0.01,3,31103,中性盘
10:04:57,103.68,0.01,2,20736,买盘
10:04:59,103.68,0.0,5,51840,买盘
10:05:03,103.68,0.0,72,746537,买盘
10:05:05,103.68,0.0,1,10368,卖盘
10:05:08,103.68,0.0,6,62206,卖盘
10:05:16,103.75,0.07,1,10375,买盘
10:05:23,103.75,0.0,1,10375,买盘
10:05:27,103.66,-0.09,49,508015,卖盘
10:05:29,103.66,0.0,33,342078,买盘
10:05:31,103.66,0.0,11,114026,买盘
10:05:35,103.66,0.0,4,41464,买盘
10:05:38,103.66,0.0,1,10366,买盘
10:05:44,103.65,-0.01,2,20731,卖盘
10:05:48,103.65,0.0,7,72561,卖盘
10:05:50,103.66,0.01,67,694522,买盘
10:05:54,103.66,0.0,3,31098,卖盘
10:05:56,103.66,0.0,5,51830,卖盘
10:05:59,103.65,-0.01,9,93291,卖盘
10:06:05,103.77,0.12,1,10377,买盘
10:06:07,103.65,-0.12,61,632308,卖盘
10:06:11,103.67,0.02,2,20734,卖盘
10:06:15,103.66,-0.01,3,31100,卖盘
10:06:18,103.66,0.0,3,31098,买盘
10:06:20,103.65,-0.01,2,20731,卖盘
10:06:22,103.65,0.0,3,31095,卖盘
10:06:26,103.65,0.0,3,31095,卖盘
10:06:30,103.66,0.01,1,10366,买盘
10:06:32,103.66,0.0,6,62195,买盘
10:06:35,103.66,0.0,10,103661,买盘
10:06:38,103.66,0.0,1,10366,卖盘
10:06:43,103.67,0.01,3,31100,买盘
10:06:46,103.67,0.0,1,10367,买盘
10:06:49,103.65,-0.02,45,466464,卖盘
10:06:57,103.66,0.01,9,93296,卖盘
10:06:59,103.65,-0.01,21,217675,卖盘
10:07:03,103.66,0.01,3,31098,买盘
10:07:05,103.66,0.0,9,93294,买盘
10:07:09,103.66,0.0,8,82935,卖盘
10:07:12,103.67,0.01,6,62201,中性盘
10:07:17,103.78,0.11,2,20756,买盘
10:07:20,103.76,-0.02,3,31129,卖盘
10:07:27,103.76,0.0,2,20753,卖盘
10:07:29,103.77,0.01,20,207521,买盘
10:07:33,103.74,-0.03,6,62248,卖盘
10:07:35,103.71,-0.03,12,124477,中性盘
10:07:38,103.7,-0.01,6,62231,卖盘
10:07:41,103.7,0.0,1,10370,卖盘
10:07:43,103.71,0.01,1,10371,中性盘
10:07:47,103.7,-0.01,3,31112,卖盘
10:07:51,103.72,0.02,4,41482,买盘
10:07:53,103.69,-0.03,22,228149,卖盘
10:07:57,103.71,0.02,15,155550,买盘
10:08:00,103.68,-0.03,3,31104,卖盘
10:08:02,103.69,0.01,3,31105,买盘
10:08:05,103.71,0.02,28,290333,买盘
10:08:08,103.67,-0.04,8,82942,卖盘
10:08:12,103.68,0.01,12,124423,中性盘
10:08:15,103.68,0.0,41,425070,买盘
10:08:18,103.67,-0.01,6,62204,卖盘
10:08:19,103.68,0.01,114,1181949,买盘
10:08:23,103.72,0.04,90,933388,买盘
10:08:26,103.71,-0.01,3,31110,中性盘
10:08:33,103.68,-0.03,15,155533,卖盘
10:08:38,103.72,0.04,2,20751,卖盘
10:08:45,103.72,0.0,3,31116,卖盘
10:08:47,103.78,0.06,1,10378,中性盘
10:08:51,103.79,0.01,2,20757,买盘
10:08:53,103.79,0.0,4,41514,买盘
10:08:56,103.7,-0.09,15,155570,卖盘
10:08:59,103.7,0.0,16,165920,买盘
10:09:02,103.7,0.0,34,352580,买盘
10:09:04,103.7,0.0,38,394060,买盘
10:09:08,103.71,0.01,1,10371,卖盘
10:09:14,103.7,-0.01,3,31110,卖盘
10:09:20,103.7,0.0,10,103700,卖盘
10:09:23,103.79,0.09,1,10379,买盘
10:09:32,103.75,-0.04,2,20754,卖盘
10:09:35,103.75,0.0,1,10375,卖盘
10:09:44,103.78,0.03,7,72629,买盘
10:09:47,103.73,-0.05,3,31123,卖盘
10:09:50,103.73,0.0,10,103712,买盘
10:09:56,103.73,0.0,10,103741,卖盘
10:09:58,103.78,0.05,37,383753,中性盘
10:10:02,103.71,-0.07,8,82968,买盘
10:10:05,103.72,0.01,101,1047578,卖盘
10:10:13,103.73,0.01,3,31130,卖盘
10:10:17,103.79,0.06,8,83031,买盘
10:10:20,103.79,0.0,1,10379,中性盘
10:10:24,103.73,-0.06,15,155616,卖盘
10:10:30,103.81,0.08,10,103806,买盘
10:10:31,103.78,-0.03,2,20758,卖盘
10:10:39,103.8,0.02,11,114180,买盘
10:10:42,103.76,-0.04,21,217912,卖盘
10:10:44,103.76,0.0,4,41501,买盘
10:10:46,103.76,0.0,2,20752,买盘
10:10:50,103.76,0.0,10,103758,买盘
10:10:53,103.76,0.0,20,207520,买盘
10:10:56,103.78,0.02,2,20753,买盘
10:11:03,103.76,-0.02,6,62276,卖盘
10:11:05,103.79,0.03,6,62274,中性盘
10:11:09,103.81,0.02,78,809718,买盘
10:11:11,103.85,0.04,2,20769,买盘
10:11:15,103.84,-0.01,60,623090,中性盘
10:11:17,103.84,0.0,10,103840,买盘
10:11:21,103.84,0.0,4,41536,买盘
10:11:23,103.79,-0.05,11,114171,卖盘
10:11:26,103.79,0.0,11,114169,买盘
10:11:29,103.8,0.01,3,31148,卖盘
10:11:32,103.78,-0.02,17,176426,买盘
10:11:35,103.77,-0.01,1,10377,卖盘
10:11:38,103.78,0.01,19,197182,买盘
10:11:41,103.77,-0.01,2,20754,卖盘
10:11:44,103.77,0.0,2,20755,卖盘
10:11:51,103.77,0.0,1,10377,卖盘
10:11:54,103.78,0.01,15,155670,买盘
10:11:57,103.78,0.0,2,20756,买盘
10:12:00,103.78,0.0,9,93401,买盘
10:12:02,103.78,0.0,2,20756,买盘
10:12:05,103.76,-0.02,67,695240,卖盘
10:12:09,103.85,0.09,23,238758,买盘
10:12:14,103.83,-0.02,5,51915,卖盘
10:12:17,103.83,0.0,1,10383,卖盘
10:12:23,103.84,0.01,2,20768,买盘
10:12:29,103.85,0.01,5,51925,买盘
10:12:31,103.84,-0.01,3,31152,卖盘
10:12:35,103.85,0.01,21,218085,买盘
10:12:38,103.85,0.0,1,10385,买盘
10:12:44,103.86,0.01,47,488096,买盘
10:12:47,103.83,-0.03,47,488034,卖盘
10:12:53,103.86,0.03,1,10386,卖盘
10:12:56,103.87,0.01,3,31161,买盘
10:13:02,103.86,-0.01,1,10386,卖盘
10:13:05,103.86,0.0,1,10386,卖盘
10:13:08,103.86,0.0,24,249282,卖盘
10:13:14,103.83,-0.03,18,186951,卖盘
10:13:17,103.83,0.0,3,31149,卖盘
10:13:20,103.86,0.03,6,62313,买盘
10:13:27,103.85,-0.01,3,31151,买盘
10:13:29,103.83,-0.02,67,695661,卖盘
10:13:32,103.8,-0.03,43,446462,卖盘
10:13:34,103.8,0.0,79,820020,卖盘
10:13:38,103.75,-0.05,87,902930,卖盘
10:13:41,103.75,0.0,8,83007,卖盘
10:13:43,103.73,-0.02,28,290447,卖盘
10:13:46,103.73,0.0,9,93357,买盘
10:13:49,103.72,-0.01,83,860891,卖盘
10:13:53,103.73,0.01,10,103725,买盘
10:14:00,103.72,-0.01,1,10372,卖盘
10:14:02,103.73,0.01,52,539394,买盘
10:14:06,103.73,0.0,6,62238,中性盘
10:14:08,103.73,0.0,3,31119,买盘
10:14:11,103.8,0.07,42,435631,买盘
10:14:14,103.73,-0.07,12,124490,卖盘
10:14:18,103.75,0.02,7,72613,中性盘
10:14:20,103.8,0.05,21,217980,买盘
10:14:26,103.8,0.0,1,10380,卖盘
10:14:28,103.82,0.02,1,10382,买盘
10:14:34,103.81,-0.01,1,10381,中性盘
10:14:38,103.8,-0.01,4,41523,卖盘
10:14:47,103.82,0.02,2,20762,买盘
10:14:49,103.82,0.0,4,41526,买盘
10:15:02,103.82,0.0,20,207602,买盘
10:15:05,103.8,-0.02,1,10380,卖盘
10:15:08,103.82,0.02,2,20764,买盘
10:15:14,103.8,-0.02,2,20760,卖盘
10:15:17,103.8,0.0,1,10380,卖盘
10:15:19,103.82,0.02,12,124578,买盘
10:15:23,103.8,-0.02,2,20760,卖盘
10:15:30,103.8,0.0,1,10380,卖盘
10:15:32,103.8,0.0,76,788882,卖盘
10:15:35,103.8,0.0,37,384060,卖盘
10:15:38,103.79,-0.01,24,249100,卖盘
10:15:42,103.78,-0.01,1,10378,卖盘
10:15:46,103.75,-0.03,10,103750,卖盘
10:15:50,103.78,0.03,1,10378,买盘
10:16:00,103.73,-0.05,2,20750,卖盘
10:16:02,103.76,0.03,2,20752,买盘
10:16:05,103.76,0.0,2,20752,买盘
10:16:12,103.76,0.0,7,72632,买盘
10:16:18,103.76,0.0,4,41503,买盘
10:16:20,103.76,0.0,1,10376,买盘
10:16:24,103.76,0.0,3,31128,买盘
10:16:26,103.76,0.0,4,41504,买盘
10:16:33,103.76,0.0,3,31127,买盘
10:16:36,103.75,-0.01,6,62250,卖盘
10:16:38,103.75,0.0,11,114126,卖盘
10:16:42,103.75,0.0,5,51875,买盘
10:16:45,103.75,0.0,1,10375,买盘
10:16:47,103.76,0.01,7,72626,买盘
10:16:50,103.75,-0.01,14,145250,卖盘
10:16:54,103.75,0.0,3,31125,买盘
10:16:56,103.75,0.0,9,93370,买盘
10:16:59,103.75,0.0,1,10375,买盘
10:17:05,103.73,-0.02,1,10373,卖盘
10:17:09,103.75,0.02,12,124500,买盘
10:17:11,103.73,-0.02,1,10373,卖盘
10:17:14,103.75,0.02,3,31123,买盘
10:17:17,103.75,0.0,1,10375,买盘
10:17:22,103.75,0.0,2,20750,买盘
10:17:29,103.74,-0.01,6,62244,买盘
10:17:32,103.74,0.0,23,238617,买盘
10:17:35,103.73,-0.01,16,165970,卖盘
10:17:37,103.73,0.0,4,41492,买盘
10:17:40,103.73,0.0,6,62243,卖盘
10:17:47,103.74,0.01,10,103742,买盘
10:17:50,103.73,-0.01,6,62238,卖盘
10:17:53,103.73,0.0,1,10373,买盘
10:17:58,103.73,0.0,1,10373,买盘
10:18:02,103.73,0.0,1,10373,买盘
10:18:05,103.72,-0.01,2,20744,卖盘
10:18:09,103.73,0.01,6,62235,买盘
10:18:10,103.72,-0.01,2,20744,卖盘
10:18:14,103.73,0.01,2,20746,买盘
10:18:17,103.72,-0.01,102,1058030,卖盘
10:18:19,103.72,0.0,3,31116,买盘
10:18:24,103.72,0.0,1,10372,买盘
10:18:27,103.72,0.0,3,31115,买盘
10:18:30,103.72,0.0,1,10372,买盘
10:18:38,103.72,0.0,2,20744,买盘
10:18:40,103.72,0.0,7,72598,买盘
10:18:50,103.71,-0.01,10,103712,卖盘
10:18:54,103.71,0.0,3,31113,卖盘
10:18:56,103.7,-0.01,64,663686,卖盘
10:18:59,103.7,0.0,3,31110,卖盘
10:19:01,103.69,-0.01,9,93327,卖盘
10:19:04,103.69,0.0,21,217750,卖盘
10:19:08,103.69,0.0,152,1575864,买盘
10:19:11,103.68,-0.01,28,290230,中性盘
10:19:14,103.65,-0.03,1,10365,卖盘
10:19:17,103.65,0.0,8,82920,卖盘
10:19:20,103.68,0.03,1,10368,买盘
10:19:23,103.68,0.0,6,62203,中性盘
10:19:26,103.68,0.0,1,10368,卖盘
10:19:29,103.69,0.01,3,31106,买盘
10:19:31,103.68,-0.01,1,10368,中性盘
10:19:35,103.65,-0.03,36,373140,卖盘
10:19:38,103.68,0.03,16,165888,买盘
10:19:40,103.68,0.0,21,217728,买盘
10:19:44,103.68,0.0,3,31104,买盘
10:19:47,103.67,-0.01,30,311010,中性盘
10:19:50,103.67,0.0,3,31101,买盘
10:19:53,103.67,0.0,55,570184,买盘
10:19:59,103.67,0.0,31,324795,买盘
10:20:02,103.66,-0.01,5,51832,卖盘
10:20:04,103.67,0.01,53,549436,买盘
10:20:08,103.67,0.0,7,72568,买盘
10:20:11,103.66,-0.01,2,20732,买盘
10:20:14,103.66,0.0,4,41464,买盘
10:20:17,103.66,0.0,30,310990,中性盘
10:20:20,103.66,0.0,10,103660,买盘
10:20:26,103.65,-0.01,3,31096,卖盘
10:20:28,103.66,0.01,19,196954,买盘
10:20:31,103.66,0.0,22,228052,卖盘
10:20:38,103.68,0.02,3,31101,买盘
10:20:41,103.68,0.0,7,72574,买盘
10:20:47,103.68,0.0,5,51840,买盘
10:20:50,103.67,-0.01,12,124413,中性盘
10:20:52,103.68,0.01,3,31104,买盘
10:20:58,103.68,0.0,1,10368,卖盘
10:21:02,103.68,0.0,4,41472,卖盘
10:21:11,103.7,0.02,36,373318,买盘
10:21:15,103.7,0.0,4,41482,卖盘
10:21:17,103.72,0.02,4,41482,买盘
10:21:19,103.7,-0.02,5,51850,卖盘
10:21:23,103.72,0.02,21,217776,买盘
10:21:26,103.72,0.0,5,51862,卖盘
10:21:28,103.71,-0.01,8,82971,卖盘
10:21:31,103.7,-0.01,15,155556,卖盘
10:21:35,103.68,-0.02,51,528866,卖盘
10:21:41,103.7,0.02,8,82960,卖盘
10:21:44,103.68,-0.02,44,456193,卖盘
10:21:46,103.68,0.0,8,82944,卖盘
10:21:50,103.7,0.02,1,10370,买盘
10:21:53,103.7,0.0,1,10370,卖盘
10:21:59,103.72,0.02,18,186660,买盘
10:22:02,103.68,-0.04,9,93312,卖盘
10:22:05,103.67,-0.01,115,1192680,卖盘
10:22:08,103.66,-0.01,17,176224,卖盘
10:22:11,103.66,0.0,17,176223,卖盘
10:22:14,103.66,0.0,16,165859,卖盘
10:22:17,103.66,0.0,3,31100,中性盘
10:22:19,103.65,-0.01,5,51825,卖盘
10:22:23,103.65,0.0,22,228031,卖盘
10:22:25,103.66,0.01,22,228052,买盘
10:22:29,103.65,-0.01,23,238395,卖盘
10:22:31,103.65,0.0,8,79500,卖盘
10:22:35,103.64,-0.01,5,51820,卖盘
10:22:37,103.63,-0.01,19,196904,卖盘
10:22:40,103.64,0.01,17,176168,买盘
10:22:43,103.62,-0.02,1,10362,卖盘
10:22:49,103.63,0.01,1,10363,买盘
10:22:53,103.63,0.0,2,20725,买盘
10:23:02,103.63,0.0,2,20726,卖盘
10:23:04,103.64,0.01,29,300556,买盘
10:23:08,103.64,0.0,23,238371,买盘
10:23:11,103.64,0.0,6,62184,买盘
10:23:14,103.64,0.0,16,165826,卖盘
10:23:17,103.64,0.0,1,10364,卖盘
10:23:19,103.64,0.0,5,51822,卖盘
10:23:22,103.64,0.0,4,41456,卖盘
10:23:25,103.63,-0.01,3,31091,卖盘
10:23:28,103.65,0.02,12,124361,买盘
10:23:40,103.65,0.0,3,31093,买盘
10:23:44,103.65,0.0,2,20730,买盘
10:23:47,103.65,0.0,6,62184,买盘
10:23:49,103.65,0.0,1,10365,卖盘
10:23:53,103.65,0.0,2,20730,卖盘
10:23:58,103.65,0.0,2,20730,卖盘
10:24:02,103.63,-0.02,14,145108,卖盘
10:24:05,103.65,0.02,4,41460,买盘
10:24:07,103.63,-0.02,3,31089,卖盘
10:24:11,103.63,0.0,3,31091,卖盘
10:24:20,103.63,0.0,8,82911,卖盘
10:24:23,103.63,0.0,4,41452,卖盘
10:24:25,103.63,0.0,4,41454,卖盘
10:24:29,103.63,0.0,4,41453,卖盘
10:24:32,103.64,0.01,4,41456,买盘
10:24:41,103.63,-0.01,3,31089,卖盘
10:24:47,103.63,0.0,2,20726,卖盘
10:24:52,103.63,0.0,5,51817,卖盘
10:24:56,103.63,0.0,3,31089,卖盘
10:25:08,103.63,0.0,3,31089,卖盘
10:25:11,103.64,0.01,3,31091,买盘
10:25:14,103.64,0.0,2,20728,买盘
10:25:17,103.63,-0.01,1,10363,卖盘
10:25:19,103.63,0.0,26,269438,卖盘
10:25:23,103.63,0.0,5,51817,卖盘
10:25:26,103.62,-0.01,59,611394,卖盘
10:25:29,103.62,0.0,9,93258,卖盘
10:25:32,103.63,0.01,1,10363,卖盘
10:25:35,103.61,-0.02,2,20722,卖盘
10:25:41,103.62,0.01,18,186501,买盘
10:25:44,103.62,0.0,1,10362,买盘
10:25:46,103.61,-0.01,19,196859,卖盘
10:25:50,103.6,-0.01,1,10360,卖盘
10:25:52,103.61,0.01,7,72527,买盘
10:25:56,103.61,0.0,1,10361,买盘
10:25:59,103.6,-0.01,3,31080,卖盘
10:26:04,103.6,0.0,107,1108520,卖盘
10:26:08,103.61,0.01,9,93243,买盘
10:26:10,103.6,-0.01,19,196840,卖盘
10:26:14,103.61,0.01,16,165762,买盘
10:26:17,103.6,-0.01,4,41440,卖盘
10:26:20,103.6,0.0,11,113970,卖盘
10:26:22,103.6,0.0,8,82881,卖盘
10:26:25,103.6,0.0,5,51800,卖盘
10:26:29,103.6,0.0,1,10360,中性盘
10:26:31,103.61,0.01,6,62161,买盘
10:26:35,103.6,-0.01,6,62165,卖盘
10:26:39,103.6,0.0,6,62165,卖盘
10:26:41,103.59,-0.01,15,155396,卖盘
10:26:44,103.6,0.01,2,20720,买盘
10:26:47,103.6,0.0,17,176120,买盘
10:26:49,103.6,0.0,7,72520,买盘
10:26:53,103.59,-0.01,3,31078,卖盘
10:26:56,103.6,0.01,7,72520,买盘
10:26:59,103.6,0.0,24,248634,买盘
10:27:02,103.6,0.0,4,41440,中性盘
10:27:07,103.6,0.0,3,31078,买盘
10:27:11,103.59,-0.01,3,31077,卖盘
10:27:14,103.59,0.0,1,10359,卖盘
10:27:17,103.59,0.0,4,41437,卖盘
10:27:20,103.59,0.0,1,10359,中性盘
10:27:23,103.59,0.0,5,51795,卖盘
10:27:26,103.59,0.0,5,51795,买盘
10:27:29,103.59,0.0,8,82872,买盘
10:27:32,103.58,-0.01,24,248592,卖盘
10:27:37,103.59,0.01,1,10359,买盘
10:27:41,103.58,-0.01,5,51790,卖盘
10:27:45,103.58,0.0,4,41432,卖盘
10:27:46,103.59,0.01,19,196821,买盘
10:27:50,103.58,-0.01,4,41432,卖盘
10:27:53,103.59,0.01,14,145023,买盘
10:27:56,103.58,-0.01,11,113938,卖盘
10:27:59,103.59,0.01,1,10359,买盘
10:28:02,103.59,0.0,1,10359,买盘
10:28:05,103.58,-0.01,1,10358,卖盘
10:28:08,103.58,0.0,4,41432,卖盘
10:28:11,103.59,0.01,7,72513,买盘
10:28:14,103.58,-0.01,5,51791,卖盘
10:28:16,103.58,0.0,94,973652,卖盘
10:28:20,103.57,-0.01,2,20714,卖盘
10:28:23,103.57,0.0,2,20715,卖盘
10:28:26,103.57,0.0,1,10357,卖盘
10:28:29,103.57,0.0,40,414280,卖盘
10:28:37,103.56,-0.01,616,6379299,卖盘
10:28:41,103.55,-0.01,30,310651,卖盘
10:28:44,103.55,0.0,41,424550,买盘
10:28:47,103.54,-0.01,1,10354,中性盘
10:28:50,103.54,0.0,6,62122,买盘
10:28:54,103.54,0.0,6,62124,买盘
10:29:01,103.54,0.0,16,165665,卖盘
10:29:05,103.54,0.0,1,10354,卖盘
10:29:11,103.54,0.0,2,20708,卖盘
10:29:18,103.54,0.0,10,103545,卖盘
10:29:23,103.55,0.01,6,62126,买盘
10:29:25,103.55,0.0,10,103546,买盘
10:29:29,103.54,-0.01,6,62124,卖盘
10:29:32,103.54,0.0,9,93186,买盘
10:29:35,103.53,-0.01,4,41412,卖盘
10:29:39,103.54,0.01,1,10354,买盘
10:29:41,103.54,0.0,6,62123,买盘
10:29:44,103.55,0.01,37,383133,买盘
10:29:46,103.53,-0.02,4,41415,卖盘
10:29:50,103.54,0.01,1,10354,买盘
10:29:54,103.54,0.0,13,134600,买盘
10:29:56,103.53,-0.01,2,20707,卖盘
10:29:59,103.54,0.01,1,10354,买盘
10:30:01,103.54,0.0,94,973075,买盘
10:30:05,103.52,-0.02,17,175976,中性盘
10:30:09,103.54,0.02,16,165653,买盘
10:30:11,103.52,-0.02,1,10352,买盘
10:30:14,103.51,-0.01,101,1045451,卖盘
10:30:17,103.52,0.01,111,1148897,买盘
10:30:20,103.51,-0.01,5,51751,中性盘
10:30:24,103.5,-0.01,3,31054,卖盘
10:30:26,103.5,0.0,98,1014309,卖盘
10:30:29,103.5,0.0,381,3943350,卖盘
10:30:32,103.5,0.0,64,662408,卖盘
10:30:35,103.5,0.0,74,765900,卖盘
10:30:38,103.52,0.02,101,1045468,买盘
10:30:41,103.52,0.0,9,93168,卖盘
10:30:44,103.52,0.0,3,31056,卖盘
10:30:48,103.52,0.0,4,41408,卖盘
10:30:49,103.52,0.0,7,72468,卖盘
10:30:56,103.52,0.0,6,62118,卖盘
10:30:59,103.52,0.0,9,93168,卖盘
10:31:02,103.52,0.0,5,51760,卖盘
10:31:05,103.52,0.0,31,320912,卖盘
10:31:11,103.52,0.0,2,20704,卖盘
10:31:14,103.52,0.0,5,51760,卖盘
10:31:17,103.5,-0.02,135,1397416,卖盘
10:31:19,103.5,0.0,1,10350,买盘
10:31:23,103.5,0.0,29,300150,买盘
10:31:26,103.5,0.0,6,62100,买盘
10:31:30,103.51,0.01,1,10351,买盘
10:31:32,103.5,-0.01,15,155250,卖盘
10:31:35,103.5,0.0,2,20700,卖盘
10:31:39,103.5,0.0,22,227700,卖盘
10:31:41,103.51,0.01,22,227722,买盘
10:31:44,103.51,0.0,6,62106,卖盘
10:31:46,103.51,0.0,9,93159,卖盘
10:31:54,103.52,0.01,9,93168,买盘
10:31:56,103.51,-0.01,10,103512,卖盘
10:31:59,103.51,0.0,10,103510,买盘
10:32:02,103.5,-0.01,26,269105,卖盘
10:32:09,103.5,0.0,4,41400,卖盘
10:32:11,103.5,0.0,18,186300,卖盘
10:32:14,103.5,0.0,32,331191,买盘
10:32:17,103.49,-0.01,7,72443,卖盘
10:32:20,103.5,0.01,9,93146,买盘
10:32:24,103.48,-0.02,16,165572,卖盘
10:32:26,103.48,0.0,21,217308,卖盘
10:32:29,103.48,0.0,25,258716,卖盘
10:32:32,103.48,0.0,5,51740,卖盘
10:32:34,103.47,-0.01,2,20695,卖盘
10:32:37,103.47,0.0,1,10347,卖盘
10:32:42,103.47,0.0,1,10347,卖盘
10:32:44,103.47,0.0,4,41390,卖盘
10:32:47,103.47,0.0,2,20694,卖盘
10:32:50,103.47,0.0,2,20695,卖盘
10:32:53,103.48,0.01,3,31042,买盘
10:32:59,103.47,-0.01,8,82776,卖盘
10:33:02,103.45,-0.02,22,227598,卖盘
10:33:07,103.47,0.02,3,31041,卖盘
10:33:10,103.47,0.0,3,31041,卖盘
10:33:14,103.47,0.0,13,134512,卖盘
10:33:18,103.47,0.0,2,20694,卖盘
10:33:20,103.48,0.01,10,103478,买盘
10:33:23,103.45,-0.03,4,41380,卖盘
10:33:29,103.46,0.01,1,10346,买盘
10:33:33,103.45,-0.01,13,134480,买盘
10:33:35,103.45,0.0,6,62067,卖盘
10:33:39,103.45,0.0,2,20690,卖盘
10:33:44,103.45,0.0,3,31036,卖盘
10:33:47,103.45,0.0,7,72416,卖盘
10:33:50,103.45,0.0,4,41380,买盘
10:33:54,103.43,-0.02,1,10343,卖盘
10:33:55,103.43,0.0,10,103434,卖盘
10:33:59,103.44,0.01,1,10344,买盘
10:34:03,103.42,-0.02,4,41369,卖盘
10:34:09,103.42,0.0,4,41368,买盘
10:34:11,103.41,-0.01,14,144774,卖盘
10:34:14,103.41,0.0,43,444662,买盘
10:34:20,103.4,-0.01,83,858277,卖盘
10:34:26,103.41,0.01,13,134431,买盘
10:34:29,103.4,-0.01,26,268863,卖盘
10:34:33,103.4,0.0,2,20681,卖盘
10:34:35,103.4,0.0,5,51700,卖盘
10:34:38,103.4,0.0,2,20680,中性盘
10:34:41,103.4,0.0,15,155100,买盘
10:34:45,103.41,0.01,25,258524,买盘
10:34:46,103.39,-0.02,1,10339,卖盘
10:34:55,103.4,0.01,6,62040,买盘
10:34:59,103.41,0.01,18,186137,买盘
10:35:03,103.41,0.0,12,124091,买盘
10:35:05,103.41,0.0,3,31023,买盘
10:35:09,103.39,-0.02,19,196447,卖盘
10:35:10,103.39,0.0,5,51695,买盘
10:35:14,103.4,0.01,6,62035,买盘
10:35:18,103.41,0.01,20,206820,买盘
10:35:21,103.41,0.0,2,20682,买盘
10:35:22,103.4,-0.01,3,31024,卖盘
10:35:25,103.4,0.0,4,41360,卖盘
10:35:33,103.41,0.01,1,10341,卖盘
10:35:35,103.44,0.03,1,10344,买盘
10:35:39,103.41,-0.03,7,72396,卖盘
10:35:44,103.45,0.04,2,20687,买盘
10:35:48,103.4,-0.05,26,268865,卖盘
10:35:54,103.42,0.02,8,82742,卖盘
10:35:55,103.41,-0.01,2,20683,卖盘
10:35:59,103.41,0.0,1,10341,卖盘
10:36:02,103.41,0.0,2,20682,卖盘
10:36:05,103.41,0.0,2,20683,卖盘
10:36:14,103.42,0.01,53,548119,买盘
10:36:18,103.42,0.0,23,237866,买盘
10:36:20,103.41,-0.01,7,72389,卖盘
10:36:22,103.42,0.01,1,10342,买盘
10:36:26,103.41,-0.01,6,62046,卖盘
10:36:32,103.42,0.01,2,20684,买盘
10:36:35,103.41,-0.01,63,651488,卖盘
10:36:39,103.41,0.0,23,237844,卖盘
10:36:40,103.42,0.01,12,124100,买盘
10:36:44,103.41,-0.01,37,382653,卖盘
10:36:47,103.41,0.0,12,124092,卖盘
10:36:50,103.43,0.02,1,10343,卖盘
10:37:05,103.43,0.0,3,31029,卖盘
10:37:07,103.43,0.0,3,31030,卖盘
10:37:11,103.44,0.01,7,72405,买盘
10:37:15,103.43,-0.01,4,41372,买盘
10:37:16,103.43,0.0,21,217203,买盘
10:37:19,103.44,0.01,3,31032,卖盘
10:37:24,103.45,0.01,3,31033,买盘
10:37:29,103.45,0.0,2,20690,买盘
10:37:39,103.46,0.01,4,41383,买盘
10:37:54,103.46,0.0,5,51738,卖盘
10:37:56,103.46,0.0,1,10346,卖盘
10:37:59,103.46,0.0,3,31039,卖盘
10:38:03,103.47,0.01,12,124163,买盘
10:38:05,103.47,0.0,1,10347,买盘
10:38:11,103.47,0.0,10,103465,买盘
10:38:15,103.47,0.0,7,72427,买盘
10:38:20,103.47,0.0,14,144854,买盘
10:38:24,103.46,-0.01,1,10346,卖盘
10:38:26,103.46,0.0,8,82769,卖盘
10:38:30,103.47,0.01,5,51735,买盘
10:38:35,103.46,-0.01,6,62076,卖盘
10:38:38,103.45,-0.01,1,10345,卖盘
10:38:41,103.45,0.0,4,41380,卖盘
10:38:45,103.46,0.01,4,41381,买盘
10:38:47,103.45,-0.01,1,10345,卖盘
10:38:50,103.46,0.01,11,113804,买盘
10:38:56,103.45,-0.01,5,51728,卖盘
10:38:59,103.46,0.01,3,31038,买盘
10:39:03,103.45,-0.01,6,62077,卖盘
10:39:05,103.44,-0.01,14,144826,卖盘
10:39:08,103.46,0.02,1,10346,买盘
10:39:11,103.45,-0.01,16,165520,卖盘
10:39:14,103.46,0.01,2,20691,买盘
10:39:20,103.45,-0.01,1,10345,卖盘
10:39:24,103.46,0.01,1,10346,买盘
10:39:26,103.46,0.0,33,341349,买盘
10:39:30,103.45,-0.01,3,31035,买盘
10:39:33,103.45,0.0,5,51725,买盘
10:39:39,103.44,-0.01,1,10344,买盘
10:39:47,103.42,-0.02,8,82737,卖盘
10:39:50,103.43,0.01,1,10343,买盘
10:39:53,103.44,0.01,4,41376,买盘
10:39:56,103.44,0.0,1,10344,卖盘
10:40:02,103.44,0.0,10,103440,中性盘
10:40:05,103.42,-0.02,3,31027,卖盘
10:40:15,103.41,-0.01,39,403320,卖盘
10:40:18,103.42,0.01,24,248185,买盘
10:40:20,103.42,0.0,15,155123,买盘
10:40:29,103.4,-0.02,38,392926,卖盘
10:40:32,103.41,0.01,69,713425,中性盘
10:40:39,103.38,-0.03,1,10338,卖盘
10:40:41,103.41,0.03,7,72387,买盘
10:40:45,103.42,0.01,16,165472,买盘
10:40:48,103.4,-0.02,8,82725,卖盘
10:40:50,103.41,0.01,2,20682,买盘
10:40:54,103.41,0.0,4,41366,卖盘
10:40:56,103.41,0.0,2,20682,中性盘
10:40:59,103.42,0.01,2,20683,买盘
10:41:03,103.41,-0.01,1,10341,卖盘
10:41:05,103.4,-0.01,23,237827,卖盘
10:41:09,103.42,0.02,5,51710,买盘
10:41:11,103.41,-0.01,2,20682,卖盘
10:41:14,103.41,0.0,7,72388,卖盘
10:41:17,103.4,-0.01,36,372242,卖盘
10:41:20,103.37,-0.03,205,2119537,卖盘
10:41:24,103.28,-0.09,174,1797713,卖盘
10:41:26,103.27,-0.01,18,185875,卖盘
10:41:29,103.26,-0.01,11,113586,卖盘
10:41:33,103.21,-0.05,7,72253,卖盘
10:41:35,103.23,0.02,12,123858,买盘
10:41:39,103.2,-0.03,22,227040,卖盘
10:41:41,103.2,0.0,181,1867953,卖盘
10:41:44,103.19,-0.01,2,20639,卖盘
10:41:48,103.2,0.01,26,268286,买盘
10:41:50,103.18,-0.02,3,30955,卖盘
10:41:53,103.16,-0.02,5,51584,卖盘
10:41:56,103.16,0.0,2,20632,卖盘
10:42:00,103.16,0.0,3,30948,卖盘
10:42:02,103.16,0.0,4,41264,卖盘
10:42:05,103.16,0.0,20,206274,买盘
10:42:09,103.15,-0.01,7,72206,中性盘
10:42:11,103.18,0.03,12,123811,买盘
10:42:14,103.19,0.01,13,134131,买盘
10:42:18,103.2,0.01,13,134160,买盘
10:42:20,103.21,0.01,2,20642,买盘
10:42:23,103.23,0.02,9,92883,买盘
10:42:26,103.23,0.0,3,30969,卖盘
10:42:33,103.26,0.03,2,20652,买盘
10:42:38,103.36,0.1,1,10336,中性盘
10:42:41,103.4,0.04,10,103400,买盘
10:42:44,103.4,0.0,8,82720,买盘
10:42:48,103.4,0.0,10,103399,买盘
10:42:50,103.39,-0.01,3,31019,卖盘
10:42:53,103.39,0.0,2,20679,卖盘
10:42:56,103.4,0.01,3,31020,买盘
10:42:59,103.4,0.0,7,72380,买盘
10:43:03,103.4,0.0,4,41359,买盘
10:43:05,103.4,0.0,1,10340,卖盘
10:43:18,103.41,0.01,2,20682,卖盘
10:43:27,103.42,0.01,3,31026,买盘
10:43:30,103.41,-0.01,1,10341,卖盘
10:43:32,103.41,0.0,8,82728,卖盘
10:43:38,103.41,0.0,2,20682,卖盘
10:43:41,103.42,0.01,7,72394,买盘
10:43:45,103.41,-0.01,11,113751,卖盘
10:43:47,103.4,-0.01,22,227489,卖盘
10:43:50,103.38,-0.02,7,72372,卖盘
10:43:53,103.38,0.0,10,103377,买盘
10:43:57,103.36,-0.02,2,20673,卖盘
10:43:59,103.3,-0.06,3,30998,卖盘
10:44:02,103.3,0.0,4,41316,买盘
10:44:08,103.29,-0.01,2,20658,买盘
10:44:11,103.26,-0.03,6,61958,卖盘
10:44:14,103.26,0.0,5,51634,卖盘
10:44:17,103.28,0.02,6,61970,买盘
10:44:20,103.29,0.01,5,51645,中性盘
10:44:24,103.32,0.03,1,10332,卖盘
10:44:29,103.28,-0.04,3,30989,卖盘
10:44:35,103.32,0.04,1,10332,买盘
10:44:39,103.3,-0.02,9,92976,卖盘
10:44:41,103.33,0.03,2,20666,中性盘
10:44:50,103.3,-0.03,1,10330,卖盘
10:44:54,103.33,0.03,1,10333,中性盘
10:45:00,103.3,-0.03,2,20660,卖盘
10:45:02,103.37,0.07,6,62015,买盘
10:45:05,103.3,-0.07,3,30997,卖盘
10:45:11,103.34,0.04,2,20668,卖盘
10:45:15,103.3,-0.04,1,10330,卖盘
10:45:20,103.33,0.03,12,123996,买盘
10:45:26,103.33,0.0,36,372190,卖盘
10:45:30,103.41,0.08,4,41353,买盘
10:45:32,103.4,-0.01,3,31020,卖盘
10:45:35,103.4,0.0,9,93060,卖盘
10:45:39,103.41,0.01,1,10341,买盘
10:45:41,103.4,-0.01,3,31021,卖盘
10:45:50,103.31,-0.09,1,10331,卖盘
10:45:56,103.31,0.0,4,41324,卖盘
10:46:08,103.31,0.0,2,20663,卖盘
10:46:11,103.32,0.01,3,31003,卖盘
10:46:14,103.31,-0.01,7,72319,卖盘
10:46:17,103.32,0.01,20,206640,中性盘
10:46:20,103.3,-0.02,21,216958,卖盘
10:46:23,103.36,0.06,3,31008,中性盘
10:46:33,103.36,0.0,1,10336,卖盘
10:46:35,103.36,0.0,2,20672,卖盘
10:46:39,103.36,0.0,2,20676,卖盘
10:46:41,103.36,0.0,2,20676,卖盘
10:46:53,103.36,0.0,2,20673,中性盘
10:46:56,103.31,-0.05,7,72322,卖盘
10:47:03,103.37,0.06,4,41354,卖盘
10:47:09,103.31,-0.06,1,10331,卖盘
10:47:12,103.31,0.0,10,103310,卖盘
10:47:14,103.39,0.08,7,72373,买盘
10:47:23,103.39,0.0,4,41355,买盘
10:47:26,103.39,0.0,5,51663,中性盘
10:47:33,103.39,0.0,1,10339,卖盘
10:47:35,103.31,-0.08,12,124044,卖盘
10:47:39,103.31,0.0,2,20662,中性盘
10:47:41,103.31,0.0,1,10331,卖盘
10:47:45,103.31,0.0,2,20662,卖盘
10:47:48,103.31,0.0,4,41324,卖盘
10:47:51,103.4,0.09,24,248106,买盘
10:47:54,103.4,0.0,3,31020,卖盘
10:47:56,103.4,0.0,6,62040,买盘
10:47:59,103.41,0.01,20,208041,买盘
10:48:02,103.41,0.0,4,41362,买盘
10:48:09,103.41,0.0,11,113749,买盘
10:48:15,103.4,-0.01,2,20681,卖盘
10:48:18,103.42,0.02,45,465090,买盘
10:48:20,103.41,-0.01,1,10341,卖盘
10:48:26,103.44,0.03,2,20688,中性盘
10:48:33,103.45,0.01,6,62066,买盘
10:48:35,103.45,0.0,2,20690,卖盘
10:48:39,103.44,-0.01,6,62066,卖盘
10:48:41,103.44,0.0,3,31031,买盘
10:48:45,103.44,0.0,1,10344,买盘
10:48:50,103.41,-0.03,3,31025,卖盘
10:48:56,103.41,0.0,4,41369,卖盘
10:49:00,103.42,0.01,1,10342,买盘
10:49:03,103.44,0.02,1,10344,买盘
10:49:05,103.44,0.0,10,103440,买盘
10:49:09,103.42,-0.02,3,31027,卖盘
10:49:12,103.44,0.02,4,41376,买盘
10:49:15,103.47,0.03,11,113787,买盘
10:49:18,103.47,0.0,2,20694,中性盘
10:49:21,103.49,0.02,2,20698,买盘
10:49:24,103.52,0.03,24,248448,买盘
10:49:26,103.56,0.04,37,383155,买盘
10:49:30,103.44,-0.12,58,600253,卖盘
10:49:32,103.6,0.16,15,155400,买盘
10:49:35,103.62,0.02,15,155430,买盘
10:49:39,103.66,0.04,6,62182,买盘
10:49:41,103.78,0.12,7,72587,买盘
10:49:44,103.68,-0.1,1,10368,中性盘
10:49:48,103.73,0.05,1,10373,中性盘
10:49:51,103.79,0.06,8,83016,买盘
10:49:56,103.79,0.0,4,41516,买盘
10:50:02,103.79,0.0,5,51901,卖盘
10:50:06,103.85,0.06,2,20763,买盘
10:50:09,103.84,-0.01,5,51916,中性盘
10:50:11,103.84,0.0,6,62301,买盘
10:50:18,103.79,-0.05,10,103826,卖盘
10:50:20,103.85,0.06,1,10385,买盘
10:50:23,103.85,0.0,5,51925,买盘
10:50:27,103.85,0.0,2,20770,买盘
10:50:30,103.86,0.01,12,124616,买盘
10:50:33,103.86,0.0,1,10386,中性盘
10:50:36,103.86,0.0,1,10386,卖盘
10:50:38,103.9,0.04,5,51948,买盘
10:50:41,103.9,0.0,6,63689,买盘
10:50:48,103.9,0.0,6,62344,买盘
10:50:51,103.91,0.01,8,83130,买盘
10:50:54,103.91,0.0,3,31173,卖盘
10:50:56,103.93,0.02,7,72751,买盘
10:51:00,103.97,0.04,13,135114,买盘
10:51:06,103.96,-0.01,5,51977,买盘
10:51:09,103.94,-0.02,12,124734,卖盘
10:51:12,103.94,0.0,33,343018,卖盘
10:51:14,103.94,0.0,7,72758,卖盘
10:51:17,103.91,-0.03,40,415686,卖盘
10:51:20,103.94,0.03,43,446839,买盘
10:51:24,103.9,-0.04,6,62349,卖盘
10:51:26,103.9,0.0,4,41567,买盘
10:51:29,103.93,0.03,3,31176,买盘
10:51:36,103.89,-0.04,4,41556,卖盘
10:51:39,103.95,0.06,6,62354,买盘
10:51:41,103.89,-0.06,1,10389,买盘
10:51:44,103.85,-0.04,1,10385,卖盘
10:51:48,103.93,0.08,2,20782,中性盘
10:51:51,103.93,0.0,6,62362,卖盘
10:51:53,103.89,-0.04,21,218177,卖盘
10:51:56,103.89,0.0,5,51945,买盘
10:52:02,103.85,-0.04,3,31156,卖盘
10:52:06,103.84,-0.01,8,83074,卖盘
10:52:09,103.84,0.0,42,436146,卖盘
10:52:12,103.85,0.01,4,41538,中性盘
10:52:15,103.89,0.04,3,31159,买盘
10:52:18,103.84,-0.05,5,51922,卖盘
10:52:27,103.81,-0.03,1,10381,卖盘
10:52:30,103.83,0.02,15,155743,买盘
10:52:33,103.83,0.0,13,134980,卖盘
10:52:35,103.81,-0.02,2,20762,卖盘
10:52:42,103.81,0.0,9,93441,卖盘
10:52:45,103.84,0.03,7,72684,买盘
10:52:48,103.87,0.03,2,20774,卖盘
10:52:53,103.81,-0.06,2,20762,卖盘
10:52:57,103.85,0.04,1,10385,买盘
10:53:00,103.85,0.0,1,10385,买盘
10:53:05,103.81,-0.04,5,51905,卖盘
10:53:18,103.83,0.02,4,41533,卖盘
10:53:24,103.83,0.0,1,10383,卖盘
10:53:27,103.83,0.0,1,10383,卖盘
10:53:30,103.81,-0.02,1,10381,卖盘
10:53:39,103.8,-0.01,10,103800,卖盘
10:53:42,103.8,0.0,3,31140,卖盘
10:53:47,103.81,0.01,1,10381,买盘
10:53:51,103.8,-0.01,4,41520,卖盘
10:53:53,103.8,0.0,2,20760,卖盘
10:54:03,103.8,0.0,1,10380,卖盘
10:54:05,103.8,0.0,15,155700,卖盘
10:54:09,103.81,0.01,1,10381,买盘
10:54:14,103.8,-0.01,4,41520,卖盘
10:54:18,103.8,0.0,1,10380,卖盘
10:54:24,103.8,0.0,2,20760,买盘
10:54:26,103.79,-0.01,3,31137,卖盘
10:54:30,103.8,0.01,5,51900,买盘
10:54:33,103.8,0.0,4,41728,卖盘
10:54:39,103.8,0.0,4,41520,卖盘
10:54:42,103.8,0.0,1,10380,卖盘
10:54:45,103.81,0.01,6,62286,买盘
10:54:51,103.79,-0.02,39,404604,卖盘
10:54:54,103.8,0.01,12,124550,买盘
10:54:57,103.8,0.0,7,72660,买盘
10:55:00,103.8,0.0,12,124560,卖盘
10:55:03,103.8,0.0,17,176460,卖盘
10:55:06,103.8,0.0,2,20760,中性盘
10:55:15,103.79,-0.01,3,31137,卖盘
10:55:18,103.79,0.0,7,72657,卖盘
10:55:21,103.81,0.02,5,51903,买盘
10:55:27,103.78,-0.03,15,155679,卖盘
10:55:29,103.79,0.01,2,20758,买盘
10:55:35,103.78,-0.01,10,103786,卖盘
10:55:39,103.79,0.01,29,300964,买盘
10:55:44,103.8,0.01,14,145308,买盘
10:55:48,103.78,-0.02,16,166062,卖盘
10:55:54,103.83,0.05,2,20763,买盘
10:55:57,103.83,0.0,3,31144,买盘
10:55:59,103.78,-0.05,3,31134,卖盘
10:56:03,103.83,0.05,2,20766,买盘
10:56:09,103.82,-0.01,7,72674,中性盘
10:56:12,103.78,-0.04,5,51891,卖盘
10:56:18,103.78,0.0,1,10378,卖盘
10:56:24,103.78,0.0,2,20756,卖盘
10:56:30,103.82,0.04,5,51900,买盘
10:56:36,103.82,0.0,8,83046,买盘
10:56:39,103.82,0.0,1,10382,卖盘
10:56:42,103.8,-0.02,2,20762,卖盘
10:56:48,103.78,-0.02,2,20760,卖盘
10:56:57,103.89,0.11,6,62334,买盘
10:56:59,103.78,-0.11,2,20756,卖盘
10:57:06,103.78,0.0,1,10378,卖盘
10:57:15,103.85,0.07,1,10385,中性盘
10:57:17,103.85,0.0,16,166153,卖盘
10:57:21,103.78,-0.07,5,51913,卖盘
10:57:23,103.86,0.08,1,10386,买盘
10:57:30,103.76,-0.1,2,20756,卖盘
10:57:35,103.81,0.05,6,62280,买盘
10:57:47,103.76,-0.05,1,10376,卖盘
10:57:54,103.76,0.0,3,31128,卖盘
10:57:57,103.76,0.0,2,20752,卖盘
10:57:59,103.77,0.01,1,10377,买盘
10:58:06,103.77,0.0,9,93389,买盘
10:58:14,103.77,0.0,4,41508,卖盘
10:58:20,103.77,0.0,1,10377,买盘
10:58:27,103.78,0.01,7,72640,买盘
10:58:42,103.77,-0.01,1,10377,卖盘
10:58:45,103.77,0.0,11,114147,卖盘
10:58:47,103.77,0.0,1,10377,卖盘
10:58:50,103.78,0.01,16,166048,买盘
10:58:53,103.78,0.0,11,114144,买盘
10:59:02,103.82,0.04,2,20764,中性盘
10:59:06,103.82,0.0,2,20764,中性盘
10:59:09,103.83,0.01,1,10383,买盘
10:59:30,103.78,-0.05,6,57287,卖盘
10:59:38,103.79,0.01,20,207575,买盘
10:59:45,103.79,0.0,9,93404,买盘
10:59:47,103.78,-0.01,2,20756,中性盘
10:59:51,103.77,-0.01,2,20754,卖盘
11:00:00,103.79,0.02,2,20758,买盘
11:00:08,103.76,-0.03,4,41504,卖盘
11:00:12,103.76,0.0,8,83008,买盘
11:00:14,103.78,0.02,5,51890,卖盘
11:00:18,103.78,0.0,7,72646,卖盘
11:00:21,103.78,0.0,2,20756,卖盘
11:00:24,103.75,-0.03,18,186758,卖盘
11:00:26,103.75,0.0,1,10375,卖盘
11:00:29,103.75,0.0,54,560250,卖盘
11:00:36,103.75,0.0,37,383877,卖盘
11:00:39,103.74,-0.01,7,72618,卖盘
11:00:41,103.74,0.0,7,72618,卖盘
11:00:44,103.74,0.0,12,124477,买盘
11:00:48,103.72,-0.02,14,145217,卖盘
11:00:51,103.72,0.0,9,93348,卖盘
11:00:53,103.7,-0.02,6,62220,卖盘
11:00:56,103.63,-0.07,4,41460,卖盘
11:01:00,103.63,0.0,2,20726,买盘
11:01:02,103.6,-0.03,8,82886,卖盘
11:01:06,103.6,0.0,1,10360,卖盘
11:01:09,103.52,-0.08,3,31056,卖盘
11:01:12,103.6,0.08,2,20722,中性盘
11:01:15,103.6,0.0,2,20720,买盘
11:01:21,103.5,-0.1,1,10350,卖盘
11:01:24,103.5,0.0,1,10350,卖盘
11:01:27,103.59,0.09,8,82872,买盘
11:01:39,103.59,0.0,1,10359,卖盘
11:01:42,103.59,0.0,1,10359,卖盘
11:01:47,103.5,-0.09,1,10350,卖盘
11:01:54,103.51,0.01,4,41404,卖盘
11:01:57,103.51,0.0,6,62106,卖盘
11:01:59,103.51,0.0,2,20702,卖盘
11:02:05,103.5,-0.01,1,10350,卖盘
11:02:12,103.58,0.08,8,82808,买盘
11:02:27,103.56,-0.02,7,72491,买盘
11:02:30,103.57,0.01,2,20714,买盘
11:02:36,103.58,0.01,12,124290,买盘
11:02:39,103.56,-0.02,8,82854,卖盘
11:02:45,103.57,0.01,8,82854,买盘
11:02:47,103.59,0.02,1,10359,买盘
11:02:50,103.59,0.0,2,20717,买盘
11:02:53,103.57,-0.02,14,145013,卖盘
11:02:57,103.57,0.0,6,62142,买盘
11:03:00,103.57,0.0,1,10357,卖盘
11:03:18,103.57,0.0,1,10357,卖盘
11:03:21,103.62,0.05,7,72529,买盘
11:03:23,103.57,-0.05,2,20714,卖盘
11:03:30,103.57,0.0,8,82865,卖盘
11:03:33,103.57,0.0,1,10357,卖盘
11:03:42,103.63,0.06,4,41448,买盘
11:03:44,103.63,0.0,2,20726,中性盘
11:03:48,103.65,0.02,1,10365,中性盘
11:03:50,103.7,0.05,1,10370,买盘
11:03:54,103.75,0.05,2,20750,买盘
11:04:06,103.78,0.03,1,10378,中性盘
11:04:15,103.78,0.0,2,20756,卖盘
11:04:18,103.78,0.0,1,10378,卖盘
11:04:26,103.75,-0.03,2,20750,买盘
11:04:30,103.75,0.0,6,62250,买盘
11:04:35,103.75,0.0,3,31123,买盘
11:04:39,103.73,-0.02,9,93357,卖盘
11:04:42,103.73,0.0,10,103730,买盘
11:04:44,103.72,-0.01,1,10372,买盘
11:04:48,103.73,0.01,1,10373,买盘
11:04:54,103.72,-0.01,10,103729,中性盘
11:04:57,103.72,0.0,1,10372,卖盘
11:05:00,103.73,0.01,2,20745,买盘
11:05:09,103.73,0.0,2,20746,买盘
11:05:12,103.73,0.0,7,72611,买盘
11:05:15,103.73,0.0,2,20746,买盘
11:05:18,103.72,-0.01,11,114102,卖盘
11:05:20,103.73,0.01,2,20745,买盘
11:05:26,103.73,0.0,1,10373,买盘
11:05:30,103.72,-0.01,9,93347,卖盘
11:05:32,103.73,0.01,5,51863,买盘
11:05:36,103.73,0.0,3,31119,买盘
11:05:39,103.72,-0.01,1,10372,卖盘
11:05:42,103.73,0.01,3,31119,买盘
11:05:45,103.73,0.0,3,31119,买盘
11:05:48,103.75,0.02,29,300872,买盘
11:05:50,103.78,0.03,31,321712,买盘
11:05:54,103.79,0.01,1,10379,买盘
11:05:57,103.88,0.09,4,41552,买盘
11:06:00,103.89,0.01,5,51945,买盘
11:06:03,103.89,0.0,5,51945,买盘
11:06:06,103.88,-0.01,1,10388,中性盘
11:06:08,103.89,0.01,1,10389,买盘
11:06:12,103.92,0.03,3,31175,中性盘
11:06:15,103.92,0.0,3,31176,买盘
11:06:18,103.92,0.0,1,10392,买盘
11:06:21,103.91,-0.01,2,20783,卖盘
11:06:23,103.93,0.02,1,10393,买盘
11:06:27,103.93,0.0,1,10393,买盘
11:06:30,103.93,0.0,2,20786,买盘
11:06:36,103.94,0.01,9,93548,卖盘
11:06:39,103.93,-0.01,1,10393,卖盘
11:06:42,103.93,0.0,3,31180,卖盘
11:06:45,103.93,0.0,9,93535,买盘
11:06:47,103.91,-0.02,3,31174,卖盘
11:06:53,103.92,0.01,7,72742,买盘
11:06:56,103.91,-0.01,2,20781,买盘
11:06:59,103.89,-0.02,1,10389,卖盘
11:07:09,103.91,0.02,2,20782,买盘
11:07:11,103.91,0.0,1,10391,买盘
11:07:24,103.89,-0.02,3,31167,卖盘
11:07:26,103.88,-0.01,5,51940,买盘
11:07:30,103.86,-0.02,21,218109,卖盘
11:07:41,103.75,-0.11,4,41533,卖盘
11:07:48,103.86,0.11,1,10386,买盘
11:07:51,103.86,0.0,2,20772,买盘
11:07:57,103.86,0.0,2,20772,买盘
11:08:06,103.86,0.0,4,41544,买盘
11:08:12,103.88,0.02,5,51938,中性盘
11:08:14,103.88,0.0,5,51940,买盘
11:08:18,103.88,0.0,3,31164,买盘
11:08:24,103.87,-0.01,14,145426,卖盘
11:08:32,103.88,0.01,1,10388,买盘
11:08:36,103.88,0.0,4,41548,买盘
11:08:42,103.88,0.0,52,540175,买盘
11:08:48,103.88,0.0,3,31164,买盘
11:08:54,103.88,0.0,4,41552,买盘
11:08:56,103.89,0.01,7,72722,买盘
11:09:00,103.93,0.04,33,342954,买盘
11:09:03,103.88,-0.05,21,218185,卖盘
11:09:09,103.96,0.08,2,20792,买盘
11:09:11,103.96,0.0,6,62376,卖盘
11:09:18,103.97,0.01,3,31191,买盘
11:09:21,103.97,0.0,2,20794,买盘
11:09:24,103.96,-0.01,1,10396,卖盘
11:09:29,103.97,0.01,5,51985,买盘
11:09:36,103.98,0.01,1,10398,买盘
11:09:42,103.96,-0.02,40,415879,卖盘
11:09:45,103.96,0.0,1,10396,卖盘
11:09:47,103.96,0.0,1,10396,卖盘
11:09:54,103.97,0.01,5,51983,买盘
11:10:02,103.93,-0.04,5,51968,卖盘
11:10:05,103.91,-0.02,16,166280,卖盘
11:10:09,103.88,-0.03,7,72719,卖盘
11:10:12,103.86,-0.02,10,103872,卖盘
11:10:15,103.82,-0.04,19,197329,卖盘
11:10:17,103.81,-0.01,13,134962,卖盘
11:10:20,103.8,-0.01,11,114182,卖盘
11:10:23,103.75,-0.05,10,103781,卖盘
11:10:26,103.72,-0.03,16,165988,卖盘
11:10:30,103.7,-0.02,12,124462,卖盘
11:10:33,103.62,-0.08,38,394052,卖盘
11:10:36,103.66,0.04,18,186617,中性盘
11:10:38,103.72,0.06,9,93328,买盘
11:10:41,103.72,0.0,3,31116,卖盘
11:10:45,103.76,0.04,2,20748,买盘
11:10:48,103.71,-0.05,1,10371,卖盘
11:10:51,103.77,0.06,1,10377,中性盘
11:10:53,103.77,0.0,2,20754,买盘
11:10:57,103.71,-0.06,1,10371,卖盘
11:11:03,103.71,0.0,2,20742,卖盘
11:11:05,103.71,0.0,6,62226,卖盘
11:11:08,103.71,0.0,26,269640,买盘
11:11:12,103.69,-0.02,7,72583,中性盘
11:11:15,103.68,-0.01,3,31104,卖盘
11:11:18,103.69,0.01,5,51845,买盘
11:11:20,103.69,0.0,38,393951,买盘
11:11:24,103.68,-0.01,1,10368,卖盘
11:11:26,103.68,0.0,4,41475,卖盘
11:11:30,103.69,0.01,1,10369,买盘
11:11:33,103.69,0.0,68,705092,买盘
11:11:36,103.71,0.02,1,10371,买盘
11:11:38,103.74,0.03,2,20748,买盘
11:11:41,103.76,0.02,4,41512,中性盘
11:11:47,103.94,0.18,4,41560,中性盘
11:11:51,103.93,-0.01,1,10393,买盘
11:11:59,103.8,-0.13,4,41545,卖盘
11:12:06,103.93,0.13,2,20786,买盘
11:12:09,103.77,-0.16,1,10377,卖盘
11:12:12,103.77,0.0,2,20754,卖盘
11:12:14,103.77,0.0,1,10377,中性盘
11:12:18,103.77,0.0,2,20754,买盘
11:12:24,103.92,0.15,4,41522,买盘
11:12:30,103.92,0.0,3,31148,买盘
11:12:33,103.78,-0.14,2,20759,卖盘
11:12:35,103.9,0.12,2,20780,卖盘
11:12:39,103.9,0.0,1,10390,卖盘
11:12:48,103.9,0.0,1,10390,买盘
11:12:53,103.87,-0.03,2,20774,中性盘
11:12:57,103.79,-0.08,2,20758,卖盘
11:13:02,103.87,0.08,1,10387,买盘
11:13:12,103.86,-0.01,1,10386,中性盘
11:13:18,103.86,0.0,1,10386,买盘
11:13:24,103.8,-0.06,5,51900,卖盘
11:13:27,103.79,-0.01,3,31143,卖盘
11:13:30,103.77,-0.02,1,10377,卖盘
11:13:32,103.8,0.03,4,41519,中性盘
11:13:35,103.77,-0.03,2,20756,卖盘
11:13:41,103.77,0.0,1,10377,卖盘
11:13:47,103.77,0.0,2,20754,卖盘
11:13:54,103.8,0.03,1,10380,买盘
11:13:57,103.77,-0.03,30,311340,卖盘
11:14:05,103.76,-0.01,10,103766,卖盘
11:14:09,103.75,-0.01,15,155645,卖盘
11:14:15,103.75,0.0,1,10375,买盘
11:14:18,103.73,-0.02,21,217834,卖盘
11:14:21,103.73,0.0,8,82984,买盘
11:14:24,103.71,-0.02,54,560074,卖盘
11:14:30,103.7,-0.01,2,20741,卖盘
11:14:33,103.71,0.01,32,331876,买盘
11:14:36,103.71,0.0,3,31113,买盘
11:14:42,103.72,0.01,1,10372,买盘
11:14:48,103.71,-0.01,2,20743,卖盘
11:14:53,103.69,-0.02,8,82955,卖盘
11:14:57,103.69,0.0,1,10369,买盘
11:15:00,103.68,-0.01,14,145154,卖盘
11:15:06,103.68,0.0,20,207360,买盘
11:15:12,103.68,0.0,1,10368,买盘
11:15:15,103.68,0.0,31,321408,买盘
11:15:18,103.68,0.0,7,72575,买盘
11:15:21,103.68,0.0,3,31103,中性盘
11:15:27,103.8,0.12,3,31134,买盘
11:15:30,103.78,-0.02,3,31136,中性盘
11:15:34,103.8,0.02,2,20760,买盘
11:15:39,103.8,0.0,3,31137,买盘
11:15:45,103.8,0.0,1,10380,卖盘
11:16:03,103.83,0.03,7,72681,卖盘
11:16:09,103.88,0.05,3,31159,买盘
11:16:21,103.87,-0.01,6,62322,买盘
11:16:27,103.86,-0.01,3,31158,卖盘
11:16:30,103.86,0.0,18,186858,卖盘
11:16:33,103.72,-0.14,5,51908,卖盘
11:16:36,103.85,0.13,2,20770,买盘
11:16:39,103.72,-0.13,2,20744,卖盘
11:16:42,103.72,0.0,2,20744,卖盘
11:16:44,103.71,-0.01,2,20743,卖盘
11:16:49,103.73,0.02,1,10373,中性盘
11:16:57,103.72,-0.01,4,41488,卖盘
11:17:05,103.72,0.0,2,20746,卖盘
11:17:11,103.71,-0.01,17,176314,卖盘
11:17:15,103.7,-0.01,2,20740,卖盘
11:17:18,103.7,0.0,1,10370,卖盘
11:17:21,103.68,-0.02,13,134788,卖盘
11:17:24,103.7,0.02,63,653268,买盘
11:17:27,103.68,-0.02,43,445830,卖盘
11:17:33,103.73,0.05,1,10373,买盘
11:17:36,103.74,0.01,7,72617,买盘
11:17:38,103.77,0.03,1,10377,中性盘
11:17:51,103.77,0.0,1,10377,卖盘
11:17:54,103.77,0.0,2,20754,买盘
11:17:59,103.73,-0.04,5,51865,卖盘
11:18:03,103.73,0.0,3,31119,卖盘
11:18:06,103.72,-0.01,6,62237,卖盘
11:18:09,103.72,0.0,20,207422,卖盘
11:18:12,103.67,-0.05,17,176239,卖盘
11:18:15,103.64,-0.03,5,51832,卖盘
11:18:18,103.57,-0.07,7,72520,卖盘
11:18:21,103.54,-0.03,15,155413,卖盘
11:18:24,103.57,0.03,2,20714,买盘
11:18:26,103.61,0.04,11,113959,买盘
11:18:30,103.55,-0.06,2,20711,卖盘
11:18:36,103.56,0.01,6,62136,买盘
11:18:45,103.58,0.02,1,10358,卖盘
11:18:49,103.63,0.05,4,41452,买盘
11:18:51,103.63,0.0,31,321223,买盘
11:18:56,103.63,0.0,2,20723,买盘
11:19:00,103.6,-0.03,2,20720,卖盘
11:19:12,103.62,0.02,1,10362,中性盘
11:19:21,103.6,-0.02,1,10360,卖盘
11:19:27,103.61,0.01,2,20722,买盘
11:19:30,103.62,0.01,28,290121,买盘
11:19:33,103.63,0.01,30,310830,买盘
11:19:39,103.67,0.04,11,113995,买盘
11:19:45,103.72,0.05,1,10372,买盘
11:19:51,103.71,-0.01,3,31113,卖盘
11:19:54,103.6,-0.11,8,82891,卖盘
11:19:57,103.71,0.11,3,31113,卖盘
11:20:02,103.63,-0.08,4,41479,卖盘
11:20:04,103.6,-0.03,8,82881,卖盘
11:20:08,103.6,0.0,20,207200,卖盘
11:20:12,103.6,0.0,9,93248,卖盘
11:20:15,103.58,-0.02,1,10358,卖盘
11:20:18,103.63,0.05,3,31083,买盘
11:20:21,103.56,-0.07,16,165724,卖盘
11:20:24,103.55,-0.01,2,20710,卖盘
11:20:33,103.57,0.02,2,20712,买盘
11:20:42,103.55,-0.02,3,31067,卖盘
11:20:46,103.56,0.01,1,10356,买盘
11:20:51,103.55,-0.01,7,72485,卖盘
11:20:54,103.55,0.0,4,41418,中性盘
11:20:57,103.54,-0.01,2,20708,卖盘
11:20:59,103.54,0.0,1,10354,买盘
11:21:06,103.53,-0.01,1,10353,卖盘
11:21:09,103.53,0.0,1,10353,买盘
11:21:15,103.5,-0.03,70,724500,卖盘
11:21:18,103.5,0.0,6,62100,买盘
11:21:21,103.5,0.0,1,10350,买盘
11:21:24,103.48,-0.02,1,10348,卖盘
11:21:30,103.45,-0.03,2,20694,卖盘
11:21:34,103.45,0.0,1,10345,卖盘
11:21:39,103.47,0.02,2,20694,卖盘
11:21:40,103.45,-0.02,5,51727,卖盘
11:21:43,103.45,0.0,1,10345,卖盘
11:21:48,103.45,0.0,10,103450,卖盘
11:21:49,103.45,0.0,5,51727,卖盘
11:21:54,103.44,-0.01,2,20690,卖盘
11:21:57,103.45,0.01,6,62070,卖盘
11:22:00,103.45,0.0,3,31035,卖盘
11:22:03,103.44,-0.01,9,93101,卖盘
11:22:06,103.42,-0.02,5,51720,卖盘
11:22:12,103.42,0.0,7,72397,卖盘
11:22:15,103.42,0.0,4,41370,卖盘
11:22:18,103.42,0.0,5,51712,卖盘
11:22:21,103.42,0.0,1,10342,卖盘
11:22:24,103.44,0.02,4,41372,买盘
11:22:27,103.43,-0.01,17,175799,卖盘
11:22:31,103.42,-0.01,4,41368,卖盘
11:22:33,103.42,0.0,3,31022,中性盘
11:22:35,103.32,-0.1,8,82686,卖盘
11:22:38,103.37,0.05,9,92997,中性盘
11:22:42,103.35,-0.02,2,20673,卖盘
11:22:43,103.32,-0.03,3,31008,卖盘
11:22:51,103.4,0.08,8,82678,买盘
11:22:52,103.4,0.0,1,10340,买盘
11:23:04,103.41,0.01,2,20681,买盘
11:23:06,103.33,-0.08,8,82676,卖盘
11:23:09,103.37,0.04,1,10337,卖盘
11:23:12,103.4,0.03,6,62037,中性盘
11:23:18,103.37,-0.03,9,93035,卖盘
11:23:21,103.37,0.0,4,41348,买盘
11:23:24,103.36,-0.01,1,10336,卖盘
11:23:27,103.37,0.01,1,10337,买盘
11:23:30,103.35,-0.02,7,72347,卖盘
11:23:33,103.35,0.0,104,1074837,买盘
11:23:36,103.37,0.02,19,196379,买盘
11:23:39,103.42,0.05,3,31022,买盘
11:23:42,103.42,0.0,5,51707,买盘
11:23:45,103.43,0.01,3,31027,买盘
11:23:48,103.45,0.02,12,124140,买盘
11:23:49,103.44,-0.01,37,382792,中性盘
11:23:54,103.44,0.0,27,279288,买盘
11:23:57,103.44,0.0,7,72405,买盘
11:24:03,103.59,0.15,2,20718,卖盘
11:24:21,103.52,-0.07,1,10352,卖盘
11:24:30,103.66,0.14,11,113920,买盘
11:24:33,103.69,0.03,4,41470,买盘
11:24:36,103.7,0.01,3,31116,卖盘
11:24:42,103.69,-0.01,14,145167,卖盘
11:24:46,103.69,0.0,2,20738,买盘
11:24:51,103.52,-0.17,3,31076,卖盘
11:25:06,103.55,0.03,3,31068,卖盘
11:25:12,103.56,0.01,5,51780,卖盘
11:25:16,103.56,0.0,8,82848,卖盘
11:25:21,103.55,-0.01,3,31065,卖盘
11:25:34,103.61,0.06,3,31087,中性盘
11:25:39,103.61,0.0,3,31081,买盘
11:25:42,103.59,-0.02,10,103590,卖盘
11:25:48,103.57,-0.02,2,20714,买盘
11:25:51,103.56,-0.01,2,20712,买盘
11:25:54,103.56,0.0,5,51780,买盘
11:26:00,103.56,0.0,1,10356,卖盘
11:26:07,103.59,0.03,4,41433,买盘
11:26:12,103.54,-0.05,15,155333,卖盘
11:26:18,103.53,-0.01,1,10353,买盘
11:26:22,103.5,-0.03,43,445057,卖盘
11:26:27,103.5,0.0,2,20700,买盘
11:26:33,103.48,-0.02,2,20696,卖盘
11:26:36,103.49,0.01,4,41396,买盘
11:26:38,103.49,0.0,1,10349,买盘
11:26:40,103.49,0.0,49,507101,买盘
11:26:44,103.49,0.0,8,82791,买盘
11:26:48,103.51,0.02,6,62102,买盘
11:26:51,103.61,0.1,11,113863,买盘
11:26:57,103.69,0.08,4,41476,买盘
11:27:00,103.69,0.0,3,31099,买盘
11:27:03,103.69,0.0,1,10369,买盘
11:27:09,103.68,-0.01,2,20737,卖盘
11:27:10,103.69,0.01,1,10369,买盘
11:27:15,103.68,-0.01,1,10368,卖盘
11:27:30,103.68,0.0,3,31105,卖盘
11:27:39,103.61,-0.07,1,10361,卖盘
11:28:00,103.53,-0.08,1,10353,卖盘
11:28:06,103.53,0.0,2,20706,中性盘
11:28:09,103.52,-0.01,1,10352,买盘
11:28:15,103.51,-0.01,1,10351,卖盘
11:28:18,103.52,0.01,2,20704,买盘
11:28:25,103.51,-0.01,3,31053,卖盘
11:28:33,103.5,-0.01,4,41401,卖盘
11:28:36,103.49,-0.01,14,144889,卖盘
11:28:42,103.48,-0.01,2,20696,卖盘
11:28:45,103.48,0.0,6,57538,中性盘
11:28:46,103.47,-0.01,5,56288,买盘
11:28:49,103.47,0.0,2,20694,买盘
11:28:54,103.47,0.0,18,186246,买盘
11:28:57,103.47,0.0,64,662147,买盘
11:29:00,103.47,0.0,2,20694,买盘
11:29:03,103.48,0.01,4,41390,买盘
11:29:06,103.49,0.01,1,10349,买盘
11:29:10,103.51,0.02,13,134563,买盘
11:29:15,103.53,0.02,2,20706,买盘
11:29:18,103.53,0.0,1,10353,卖盘
11:29:24,103.65,0.12,4,41460,买盘
11:29:27,103.7,0.05,3,31105,买盘
11:29:39,103.47,-0.23,89,920987,卖盘
11:29:42,103.7,0.23,8,82908,买盘
11:29:44,103.7,0.0,7,72498,买盘
11:29:51,103.7,0.0,4,41480,买盘
11:29:54,103.7,0.0,2,20740,买盘
11:29:57,103.68,-0.02,2,20736,中性盘
11:29:59,103.7,0.02,2,20740,买盘
13:00:01,103.7,0.0,3,31109,买盘
13:00:03,103.77,0.07,39,401826,买盘
13:00:07,103.78,0.01,4,41506,卖盘
13:00:09,103.77,-0.01,3,33210,卖盘
13:00:13,103.85,0.08,6,62294,买盘
13:00:16,103.85,0.0,2,20769,买盘
13:00:17,103.81,-0.04,6,62267,买盘
13:00:20,103.76,-0.05,4,41519,卖盘
13:00:25,103.81,0.05,1,10381,买盘
13:00:28,103.81,0.0,3,31133,买盘
13:00:29,103.76,-0.05,2,20752,卖盘
13:00:33,103.81,0.05,2,20762,买盘
13:00:37,103.83,0.02,12,122448,买盘
13:00:40,103.85,0.02,8,82993,买盘
13:00:41,103.7,-0.15,8,83023,卖盘
13:00:46,103.7,0.0,10,106418,卖盘
13:00:47,103.69,-0.01,11,114065,卖盘
13:00:52,103.68,-0.01,2,20736,买盘
13:01:04,103.66,-0.02,4,41464,买盘
13:01:06,103.64,-0.02,5,51820,买盘
13:01:10,103.62,-0.02,2,20724,中性盘
13:01:13,103.6,-0.02,4,41442,卖盘
13:01:16,103.6,0.0,5,51800,买盘
13:01:18,103.6,0.0,2,20720,买盘
13:01:20,103.56,-0.04,4,41422,中性盘
13:01:25,103.58,0.02,5,51790,买盘
13:01:28,103.5,-0.08,12,124213,卖盘
13:01:31,103.57,0.07,9,93165,买盘
13:01:32,103.52,-0.05,15,155287,卖盘
13:01:37,103.52,0.0,6,62104,买盘
13:01:40,103.5,-0.02,27,279453,卖盘
13:01:43,103.48,-0.02,3,31046,卖盘
13:01:47,103.5,0.02,4,41400,买盘
13:01:52,103.48,-0.02,36,372544,卖盘
13:01:55,103.47,-0.01,3,31041,卖盘
13:01:56,103.48,0.01,1,10348,买盘
13:01:59,103.48,0.0,33,341453,买盘
13:02:07,103.47,-0.01,1,10347,卖盘
13:02:10,103.48,0.01,2,20696,买盘
13:02:22,103.48,0.0,14,144860,买盘
13:02:25,103.47,-0.01,2,20694,卖盘
13:02:26,103.47,0.0,24,248331,卖盘
13:02:31,103.48,0.01,6,62085,买盘
13:02:34,103.47,-0.01,28,289719,卖盘
13:02:37,103.46,-0.01,8,82772,卖盘
13:02:40,103.45,-0.01,1,10345,卖盘
13:02:41,103.45,0.0,1,10345,卖盘
13:02:46,103.45,0.0,1,10345,买盘
13:02:55,103.44,-0.01,1,10344,卖盘
13:02:56,103.45,0.01,3,31035,买盘
13:03:01,103.44,-0.01,5,51720,卖盘
13:03:04,103.42,-0.02,2,20684,卖盘
13:03:06,103.42,0.0,2,20684,卖盘
13:03:13,103.41,-0.01,6,62049,卖盘
13:03:16,103.4,-0.01,1,10340,卖盘
13:03:31,103.41,0.01,1,10341,买盘
13:03:34,103.43,0.02,122,1261627,买盘
13:03:37,103.43,0.0,1,10343,卖盘
13:03:43,103.45,0.02,3,31034,买盘
13:03:55,103.46,0.01,19,196562,买盘
13:03:58,103.47,0.01,2,20693,买盘
13:04:07,103.45,-0.02,1,10345,卖盘
13:04:19,103.47,0.02,76,786372,买盘
13:04:22,103.48,0.01,14,144854,买盘
13:04:25,103.47,-0.01,1,10347,卖盘
13:04:31,103.6,0.13,3,31080,买盘
13:04:34,103.6,0.0,2,20720,买盘
13:04:44,103.47,-0.13,3,31043,卖盘
13:04:52,103.49,0.02,1,10349,卖盘
13:04:54,103.49,0.0,1,10349,中性盘
13:04:58,103.59,0.1,4,41436,买盘
13:05:02,103.59,0.0,2,20718,买盘
13:05:09,103.58,-0.01,1,10358,买盘
13:05:19,103.48,-0.1,1,10348,卖盘
13:05:26,103.57,0.09,5,51785,买盘
13:05:31,103.57,0.0,2,20714,买盘
13:05:37,103.48,-0.09,10,103481,卖盘
13:05:43,103.5,0.02,1,10350,卖盘
13:05:46,103.57,0.07,10,103570,买盘
13:05:50,103.48,-0.09,3,31044,卖盘
13:06:02,103.48,0.0,9,93132,卖盘
13:06:10,103.48,0.0,7,72436,买盘
13:06:13,103.48,0.0,1,10348,买盘
13:06:16,103.47,-0.01,21,217292,卖盘
13:06:25,103.47,0.0,6,62082,买盘
13:06:31,103.45,-0.02,1,10345,卖盘
13:06:33,103.46,0.01,12,124152,买盘
13:06:36,103.48,0.02,6,62081,买盘
13:06:49,103.45,-0.03,1,10345,卖盘
13:06:52,103.46,0.01,1,10346,买盘
13:06:55,103.46,0.0,1,10346,买盘
13:06:58,103.46,0.0,18,186228,买盘
13:06:59,103.46,0.0,14,144844,买盘
13:07:04,103.46,0.0,12,124152,买盘
13:07:07,103.46,0.0,5,51730,买盘
13:07:11,103.45,-0.01,21,217245,卖盘
13:07:19,103.45,0.0,1,10345,卖盘
13:07:22,103.45,0.0,2,20690,中性盘
13:07:34,103.46,0.01,5,51730,买盘
13:07:36,103.46,0.0,6,62076,买盘
13:07:40,103.46,0.0,2,20692,买盘
13:07:43,103.45,-0.01,1,10345,卖盘
13:08:07,103.45,0.0,4,41380,卖盘
13:08:13,103.46,0.01,1,10346,买盘
13:08:18,103.44,-0.02,11,113785,卖盘
13:08:22,103.44,0.0,1,10344,买盘
13:08:24,103.43,-0.01,33,341319,卖盘
13:08:34,103.43,0.0,7,72401,买盘
13:08:48,103.41,-0.02,7,72388,卖盘
13:08:52,103.41,0.0,1,10341,卖盘
13:08:57,103.4,-0.01,2,20680,卖盘
13:09:01,103.4,0.0,3,31024,卖盘
13:09:04,103.41,0.01,1,10341,买盘
13:09:06,103.42,0.01,5,51707,买盘
13:09:09,103.41,-0.01,2,20681,买盘
13:09:18,103.4,-0.01,1,10340,卖盘
13:09:22,103.41,0.01,5,51705,买盘
13:09:24,103.4,-0.01,2,20680,卖盘
13:09:31,103.4,0.0,11,113740,卖盘
13:09:34,103.38,-0.02,3,31016,卖盘
13:09:36,103.38,0.0,7,72366,卖盘
13:09:40,103.37,-0.01,2,20674,买盘
13:09:42,103.36,-0.01,1,10336,卖盘
13:09:49,103.36,0.0,6,62017,卖盘
13:10:01,103.37,0.01,1,10337,卖盘
13:10:12,103.37,0.0,2,20673,买盘
13:10:16,103.36,-0.01,2,20672,卖盘
13:10:21,103.36,0.0,8,82693,卖盘
13:10:25,103.36,0.0,6,62015,买盘
13:10:28,103.36,0.0,3,31008,买盘
13:10:31,103.34,-0.02,15,155024,卖盘
13:10:34,103.33,-0.01,5,51666,卖盘
13:10:37,103.33,0.0,32,330656,卖盘
13:10:40,103.34,0.01,3,31001,买盘
13:10:43,103.35,0.01,2,20669,买盘
13:10:45,103.38,0.03,7,72366,买盘
13:10:48,103.34,-0.04,3,31002,卖盘
13:10:58,103.5,0.16,18,186174,买盘
13:11:04,103.38,-0.12,2,20676,买盘
13:11:10,103.38,0.0,2,20676,买盘
13:11:12,103.35,-0.03,1,10335,卖盘
13:11:19,103.35,0.0,6,62010,卖盘
13:11:34,103.35,0.0,5,51675,卖盘
13:11:37,103.34,-0.01,15,155015,卖盘
13:11:39,103.34,0.0,5,51670,卖盘
13:11:43,103.33,-0.01,9,93004,卖盘
13:11:46,103.33,0.0,3,30999,卖盘
13:11:49,103.33,0.0,4,41332,卖盘
13:11:52,103.33,0.0,7,72332,卖盘
13:11:55,103.33,0.0,5,51666,卖盘
13:11:58,103.33,0.0,2,20666,买盘
13:12:01,103.33,0.0,1,10333,买盘
13:12:04,103.31,-0.02,26,268611,卖盘
13:12:07,103.31,0.0,6,61984,买盘
13:12:10,103.31,0.0,30,309901,买盘
13:12:13,103.31,0.0,2,20662,买盘
13:12:18,103.3,-0.01,40,413200,卖盘
13:12:21,103.3,0.0,2,20660,买盘
13:12:24,103.3,0.0,1,10330,买盘
13:12:28,103.29,-0.01,6,61979,卖盘
13:12:31,103.28,-0.01,3,30984,卖盘
13:12:37,103.29,0.01,4,41316,买盘
13:12:40,103.29,0.0,6,61970,买盘
13:12:43,103.28,-0.01,1,10328,卖盘
13:12:49,103.29,0.01,1,10329,买盘
13:12:58,103.29,0.0,7,72297,买盘
13:13:03,103.26,-0.03,38,392417,卖盘
13:13:09,103.24,-0.02,18,185849,卖盘
13:13:19,103.26,0.02,1,10326,卖盘
13:13:28,103.27,0.01,1,10327,买盘
13:13:31,103.26,-0.01,4,41301,中性盘
13:13:34,103.25,-0.01,4,41301,卖盘
13:13:37,103.25,0.0,7,72275,买盘
13:13:40,103.23,-0.02,39,402625,卖盘
13:13:46,103.23,0.0,4,41291,买盘
13:13:49,103.21,-0.02,4,41288,卖盘
13:13:51,103.23,0.02,10,103228,买盘
13:13:55,103.23,0.0,8,82584,买盘
13:13:58,103.22,-0.01,21,216776,卖盘
13:14:00,103.22,0.0,11,113542,买盘
13:14:03,103.21,-0.01,27,278669,卖盘
13:14:10,103.21,0.0,5,51605,卖盘
13:14:13,103.21,0.0,2,20642,买盘
13:14:19,103.2,-0.01,17,175455,卖盘
13:14:22,103.2,0.0,1,10320,卖盘
13:14:24,103.21,0.01,4,41284,买盘
13:14:31,103.2,-0.01,1,10320,卖盘
13:14:34,103.2,0.0,15,154800,卖盘
13:14:36,103.2,0.0,8,82567,卖盘
13:14:40,103.2,0.0,50,516000,卖盘
13:14:42,103.21,0.01,4,41284,买盘
13:14:46,103.2,-0.01,22,227042,卖盘
13:14:48,103.2,0.0,1,10320,买盘
13:14:52,103.19,-0.01,1,10319,卖盘
13:14:55,103.2,0.01,8,82560,买盘
13:14:58,103.2,0.0,2,20640,卖盘
13:15:00,103.18,-0.02,16,165107,卖盘
13:15:03,103.18,0.0,12,123820,卖盘
13:15:07,103.19,0.01,8,82556,中性盘
13:15:10,103.25,0.06,54,557252,买盘
13:15:13,103.2,-0.05,1,10320,买盘
13:15:16,103.14,-0.06,101,1041849,卖盘
13:15:25,103.2,0.06,6,61920,卖盘
13:15:28,103.19,-0.01,1,10319,卖盘
13:15:31,103.2,0.01,15,154800,买盘
13:15:40,103.24,0.04,2,20644,买盘
13:15:46,103.24,0.0,9,92894,买盘
13:15:48,103.24,0.0,4,41290,买盘
13:15:55,103.24,0.0,2,20648,买盘
13:15:58,103.2,-0.04,75,774012,卖盘
13:16:01,103.24,0.04,6,61944,买盘
13:16:03,103.24,0.0,14,144508,买盘
13:16:10,103.24,0.0,1,10324,买盘
13:16:13,103.24,0.0,5,51620,买盘
13:16:18,103.24,0.0,36,371664,买盘
13:16:22,103.25,0.01,14,144539,买盘
13:16:25,103.24,-0.01,16,165177,卖盘
13:16:28,103.24,0.0,1,10324,卖盘
13:16:37,103.27,0.03,2,20654,买盘
13:16:42,103.27,0.0,2,20654,卖盘
13:16:46,103.24,-0.03,10,103253,卖盘
13:16:52,103.28,0.04,6,61968,买盘
13:17:04,103.27,-0.01,11,113606,卖盘
13:17:07,103.27,0.0,1,10327,买盘
13:17:16,103.24,-0.03,39,402664,卖盘
13:17:24,103.24,0.0,14,144536,买盘
13:17:28,103.24,0.0,2,20648,卖盘
13:17:31,103.25,0.01,8,82599,买盘
13:17:37,103.25,0.0,5,51625,买盘
13:17:40,103.25,0.0,2,20650,卖盘
13:17:46,103.25,0.0,9,92925,卖盘
13:17:48,103.26,0.01,7,72282,买盘
13:17:52,103.25,-0.01,1,10325,卖盘
13:17:55,103.26,0.01,5,51630,买盘
13:17:58,103.25,-0.01,2,20651,卖盘
13:18:01,103.29,0.04,51,526635,买盘
13:18:03,103.27,-0.02,2,20655,卖盘
13:18:13,103.3,0.03,23,237590,买盘
13:18:16,103.3,0.0,6,61980,买盘
13:18:18,103.26,-0.04,10,103260,中性盘
13:18:22,103.26,0.0,2,20652,买盘
13:18:25,103.29,0.03,3,30983,买盘
13:18:28,103.27,-0.02,2,20654,卖盘
13:18:31,103.27,0.0,4,41316,卖盘
13:18:40,103.29,0.02,2,20658,卖盘
13:18:42,103.31,0.02,2,20661,中性盘
13:18:46,103.26,-0.05,61,629978,卖盘
13:18:52,103.26,0.0,8,82608,买盘
13:18:55,103.25,-0.01,2,20651,卖盘
13:18:58,103.26,0.01,9,92933,买盘
13:19:03,103.26,0.0,3,30978,买盘
13:19:06,103.25,-0.01,1,10325,卖盘
13:19:10,103.26,0.01,9,92926,买盘
13:19:12,103.23,-0.03,178,1837630,卖盘
13:19:16,103.22,-0.01,19,196135,卖盘
13:19:19,103.23,0.01,32,330335,买盘
13:19:21,103.23,0.0,13,134197,买盘
13:19:25,103.23,0.0,20,206449,买盘
13:19:28,103.23,0.0,1,10323,买盘
13:19:31,103.22,-0.01,2,20644,卖盘
13:19:34,103.23,0.01,48,495457,买盘
13:19:37,103.22,-0.01,3,30968,卖盘
13:19:40,103.22,0.0,1,10322,卖盘
13:19:43,103.22,0.0,5,51613,卖盘
13:19:46,103.22,0.0,10,103221,卖盘
13:19:51,103.22,0.0,31,319992,卖盘
13:19:55,103.22,0.0,2,20644,卖盘
13:19:58,103.22,0.0,4,41288,卖盘
13:20:03,103.23,0.01,3,30968,买盘
13:20:07,103.23,0.0,18,185808,买盘
13:20:16,103.23,0.0,2,20646,买盘
13:20:19,103.22,-0.01,6,61937,卖盘
13:20:22,103.23,0.01,12,123876,买盘
13:20:28,103.22,-0.01,11,113543,卖盘
13:20:30,103.23,0.01,4,41291,买盘
13:20:33,103.23,0.0,1,10323,买盘
13:20:37,103.22,-0.01,1,10322,卖盘
13:20:39,103.22,0.0,2,20645,卖盘
13:20:45,103.21,-0.01,14,144508,卖盘
13:20:49,103.22,0.01,1,10322,卖盘
13:21:01,103.22,0.0,25,258065,卖盘
13:21:04,103.22,0.0,3,30966,中性盘
13:21:07,103.21,-0.01,3,30965,卖盘
13:21:10,103.22,0.01,1,10322,买盘
13:21:13,103.21,-0.01,1,10321,卖盘
13:21:18,103.21,0.0,1,10321,卖盘
13:21:27,103.21,0.0,20,206423,卖盘
13:21:31,103.2,-0.01,2,20640,卖盘
13:21:33,103.2,0.0,57,588240,卖盘
13:21:37,103.21,0.01,7,72247,买盘
13:21:40,103.22,0.01,32,330281,买盘
13:21:43,103.22,0.0,3,30966,卖盘
13:21:46,103.22,0.0,7,72254,卖盘
13:21:48,103.22,0.0,1,10322,卖盘
13:21:51,103.23,0.01,5,51611,买盘
13:21:55,103.23,0.0,2,20646,买盘
13:21:57,103.23,0.0,10,103230,买盘
13:22:01,103.24,0.01,47,485141,买盘
13:22:04,103.23,-0.01,1,10323,卖盘
13:22:07,103.23,0.0,1,10323,卖盘
13:22:15,103.24,0.01,10,103240,买盘
13:22:21,103.25,0.01,2,20649,买盘
13:22:30,103.26,0.01,7,72282,买盘
13:22:33,103.26,0.0,5,51629,买盘
13:22:37,103.25,-0.01,6,61950,卖盘
13:22:43,103.26,0.01,1,10326,买盘
13:22:45,103.26,0.0,39,402706,买盘
13:22:48,103.25,-0.01,1,10325,卖盘
13:22:52,103.26,0.01,1,10326,卖盘
13:23:01,103.31,0.05,1,10331,中性盘
13:23:04,103.27,-0.04,10,103273,卖盘
13:23:06,103.3,0.03,1,10330,中性盘
13:23:12,103.3,0.0,1,10330,买盘
13:23:16,103.3,0.0,1,10330,买盘
13:23:19,103.3,0.0,13,134260,买盘
13:23:22,103.29,-0.01,4,41314,买盘
13:23:25,103.28,-0.01,10,103280,中性盘
13:23:28,103.25,-0.03,336,3469381,卖盘
13:23:34,103.25,0.0,7,72275,卖盘
13:23:37,103.26,0.01,2,20652,中性盘
13:23:40,103.25,-0.01,4,41302,卖盘
13:23:42,103.25,0.0,2,20650,卖盘
13:23:46,103.25,0.0,15,154875,卖盘
13:23:52,103.25,0.0,2,20650,卖盘
13:23:55,103.27,0.02,6,61957,买盘
13:23:58,103.28,0.01,2,20656,买盘
13:24:00,103.26,-0.02,6,61954,卖盘
13:24:04,103.26,0.0,2,20652,买盘
13:24:06,103.26,0.0,2,20654,卖盘
13:24:09,103.26,0.0,5,51630,中性盘
13:24:21,103.26,0.0,2,20652,卖盘
13:24:25,103.27,0.01,1,10327,买盘
13:24:27,103.27,0.0,3,30981,买盘
13:24:31,103.26,-0.01,3,30978,卖盘
13:24:34,103.27,0.01,14,144577,买盘
13:24:37,103.27,0.0,56,578311,买盘
13:24:40,103.27,0.0,2,20654,买盘
13:24:43,103.27,0.0,1,10327,买盘
13:24:46,103.26,-0.01,1,10326,卖盘
13:24:49,103.27,0.01,17,175552,买盘
13:24:52,103.27,0.0,2,20654,中性盘
13:24:58,103.26,-0.01,1,10326,卖盘
13:25:00,103.27,0.01,3,30981,买盘
13:25:04,103.29,0.02,4,41316,买盘
13:25:12,103.29,0.0,6,61974,买盘
13:25:15,103.29,0.0,1,10329,卖盘
13:25:19,103.3,0.01,1,10330,买盘
13:25:25,103.29,-0.01,11,113620,卖盘
13:25:28,103.31,0.02,4,41322,买盘
13:25:30,103.32,0.01,2,20662,买盘
13:25:33,103.3,-0.02,1,10330,卖盘
13:25:46,103.3,0.0,4,41320,卖盘
13:25:49,103.29,-0.01,9,92966,卖盘
13:25:51,103.3,0.01,1,10330,买盘
13:25:55,103.31,0.01,10,103309,买盘
13:25:58,103.3,-0.01,14,144628,卖盘
13:26:01,103.3,0.0,5,51648,买盘
13:26:04,103.3,0.0,1,10330,买盘
13:26:07,103.3,0.0,20,206600,买盘
13:26:10,103.3,0.0,3,30990,买盘
13:26:13,103.29,-0.01,4,41316,中性盘
13:26:16,103.29,0.0,6,61973,买盘
13:26:21,103.29,0.0,2,20658,买盘
13:26:27,103.28,-0.01,1,10328,卖盘
13:26:36,103.29,0.01,6,61970,买盘
13:26:46,103.27,-0.02,1,10327,卖盘
13:26:49,103.27,0.0,10,103270,卖盘
13:26:58,103.28,0.01,1,10328,卖盘
13:27:01,103.29,0.01,8,82632,买盘
13:27:07,103.27,-0.02,2,20654,卖盘
13:27:10,103.27,0.0,1,10327,卖盘
13:27:12,103.27,0.0,1,10327,卖盘
13:27:28,103.28,0.01,1,10328,卖盘
13:27:31,103.29,0.01,3,30985,买盘
13:27:33,103.29,0.0,6,61974,买盘
13:27:36,103.29,0.0,1,10329,买盘
13:27:40,103.29,0.0,1,10329,买盘
13:27:45,103.28,-0.01,1,10328,卖盘
13:27:48,103.29,0.01,39,402821,买盘
13:27:55,103.28,-0.01,5,51640,买盘
13:27:58,103.27,-0.01,1,10327,卖盘
13:28:04,103.28,0.01,5,51640,买盘
13:28:09,103.27,-0.01,1,10327,卖盘
13:28:13,103.28,0.01,1,10328,买盘
13:28:22,103.28,0.0,2,20656,买盘
13:28:25,103.27,-0.01,38,392426,卖盘
13:28:26,103.28,0.01,12,123922,买盘
13:28:34,103.29,0.01,4,41312,买盘
13:28:37,103.26,-0.03,6,61971,卖盘
13:28:43,103.26,0.0,14,144566,卖盘
13:28:46,103.28,0.02,2,20656,中性盘
13:28:48,103.25,-0.03,9,92930,卖盘
13:28:52,103.29,0.04,17,175608,卖盘
13:28:58,103.29,0.0,3,30987,卖盘
13:29:06,103.25,-0.04,6,61970,卖盘
13:29:09,103.26,0.01,1,10326,中性盘
13:29:18,103.27,0.01,4,41306,中性盘
13:29:22,103.27,0.0,1,10327,卖盘
13:29:28,103.26,-0.01,21,216848,卖盘
13:29:30,103.26,0.0,1,10326,买盘
13:29:34,103.25,-0.01,1,10325,卖盘
13:29:39,103.25,0.0,9,92926,卖盘
13:29:46,103.25,0.0,2,20650,卖盘
13:29:48,103.25,0.0,2,20650,卖盘
13:29:51,103.25,0.0,10,103250,卖盘
13:29:58,103.25,0.0,38,392387,卖盘
13:30:04,103.26,0.01,14,144561,买盘
13:30:16,103.25,-0.01,3,30975,卖盘
13:30:27,103.23,-0.02,59,609122,卖盘
13:30:31,103.23,0.0,7,72261,买盘
13:30:34,103.23,0.0,13,134199,买盘
13:30:36,103.22,-0.01,19,196136,卖盘
13:30:40,103.22,0.0,1,10322,买盘
13:30:42,103.25,0.03,64,660617,买盘
13:30:49,103.21,-0.04,7,72259,卖盘
13:30:54,103.27,0.06,2,20654,买盘
13:30:57,103.22,-0.05,2,20649,卖盘
13:31:00,103.27,0.05,5,51635,买盘
13:31:03,103.22,-0.05,1,10322,卖盘
13:31:15,103.22,0.0,1,10322,卖盘
13:31:19,103.25,0.03,3,30975,买盘
13:31:25,103.25,0.0,18,185850,买盘
13:31:28,103.25,0.0,1,10325,卖盘
13:31:31,103.27,0.02,11,113597,买盘
13:31:40,103.27,0.0,5,51635,卖盘
13:31:43,103.21,-0.06,36,371631,卖盘
13:31:46,103.29,0.08,4,41317,中性盘
13:31:49,103.3,0.01,7,72308,买盘
13:31:52,103.3,0.0,2,20660,卖盘
13:31:57,103.33,0.03,12,123992,买盘
13:32:01,103.28,-0.05,13,134274,卖盘
13:32:04,103.32,0.04,5,51660,买盘
13:32:06,103.29,-0.03,2,20658,卖盘
13:32:10,103.3,0.01,1,10330,卖盘
13:32:21,103.31,0.01,2,20662,卖盘
13:32:24,103.32,0.01,35,361620,买盘
13:32:27,103.27,-0.05,297,3067446,卖盘
13:32:31,103.22,-0.05,2,20649,卖盘
13:32:40,103.22,0.0,1,10322,卖盘
13:32:46,103.22,0.0,1,10322,卖盘
13:32:49,103.27,0.05,1,10327,买盘
13:32:52,103.22,-0.05,2,20644,卖盘
13:32:55,103.25,0.03,2,20650,买盘
13:32:58,103.26,0.01,2,20652,中性盘
13:33:03,103.25,-0.01,1,10325,中性盘
13:33:07,103.25,0.0,2,20650,买盘
13:33:08,103.25,0.0,6,61950,买盘
13:33:17,103.23,-0.02,7,72261,卖盘
13:33:17,103.25,0.02,10,103240,买盘
13:33:21,103.25,0.0,3,30975,买盘
13:33:28,103.22,-0.03,9,92898,卖盘
13:33:33,103.2,-0.02,30,309621,卖盘
13:33:36,103.23,0.03,20,206460,买盘
13:33:43,103.23,0.0,8,82584,买盘
13:33:46,103.2,-0.03,1,10320,卖盘
13:33:47,103.23,0.03,2,20646,买盘
13:33:51,103.23,0.0,10,103230,买盘
13:33:58,103.22,-0.01,1,10322,卖盘
13:34:01,103.23,0.01,15,154843,买盘
13:34:07,103.23,0.0,9,92907,卖盘
13:34:15,103.23,0.0,1,10323,卖盘
13:34:22,103.23,0.0,6,61938,卖盘
13:34:28,103.21,-0.02,10,103232,卖盘
13:34:34,103.21,0.0,8,82603,卖盘
13:34:46,103.22,0.01,7,72247,卖盘
13:34:48,103.2,-0.02,67,691440,卖盘
13:34:52,103.2,0.0,9,92880,买盘
13:34:54,103.2,0.0,2,20640,买盘
13:34:57,103.19,-0.01,5,51597,卖盘
13:35:00,103.2,0.01,1,10320,买盘
13:35:03,103.2,0.0,19,196080,买盘
13:35:07,103.25,0.05,26,268332,买盘
13:35:10,103.19,-0.06,14,144481,卖盘
13:35:15,103.18,-0.01,2,20637,卖盘
13:35:18,103.19,0.01,3,30957,买盘
13:35:22,103.19,0.0,23,237337,买盘
13:35:23,103.19,0.0,8,82552,买盘
13:35:27,103.19,0.0,6,61913,买盘
13:35:31,103.19,0.0,20,206373,买盘
13:35:34,103.25,0.06,37,381844,买盘
13:35:46,103.19,-0.06,1,10319,卖盘
13:35:49,103.26,0.07,1,10326,买盘
13:35:58,103.2,-0.06,1,10320,卖盘
13:36:06,103.19,-0.01,20,206428,卖盘
13:36:09,103.23,0.04,3,30971,中性盘
13:36:16,103.24,0.01,5,51620,买盘
13:36:17,103.24,0.0,1,10324,买盘
13:36:22,103.24,0.0,2,20647,买盘
13:36:25,103.24,0.0,9,92915,买盘
13:36:27,103.23,-0.01,8,82591,卖盘
13:36:31,103.19,-0.04,10,103199,卖盘
13:36:33,103.23,0.04,1,10323,中性盘
13:36:40,103.23,0.0,28,289023,买盘
13:36:43,103.19,-0.04,40,412760,卖盘
13:36:45,103.23,0.04,1,10323,卖盘
13:36:55,103.23,0.0,19,196143,卖盘
13:36:56,103.23,0.0,1,10323,卖盘
13:37:01,103.24,0.01,15,154859,买盘
13:37:07,103.22,-0.02,4,41291,卖盘
13:37:09,103.2,-0.02,3,30960,买盘
13:37:12,103.2,0.0,2,20640,买盘
13:37:15,103.19,-0.01,7,72233,卖盘
13:37:19,103.19,0.0,2,20637,买盘
13:37:22,103.19,0.0,46,474674,买盘
13:37:28,103.18,-0.01,3,30957,卖盘
13:37:31,103.17,-0.01,8,82543,卖盘
13:37:33,103.19,0.02,6,61914,中性盘
13:37:40,103.18,-0.01,1,10318,卖盘
13:37:42,103.18,0.0,14,144459,卖盘
13:37:44,103.17,-0.01,10,103171,卖盘
13:37:48,103.18,0.01,11,113490,买盘
13:37:51,103.16,-0.02,1,10316,卖盘
13:37:55,103.16,0.0,3,30950,卖盘
13:37:57,103.16,0.0,4,41264,卖盘
13:38:01,103.16,0.0,3,30948,卖盘
13:38:04,103.16,0.0,19,196004,卖盘
13:38:05,103.16,0.0,10,103160,买盘
13:38:10,103.14,-0.02,67,691100,卖盘
13:38:12,103.14,0.0,8,82512,买盘
13:38:16,103.14,0.0,26,268164,买盘
13:38:22,103.14,0.0,37,381585,买盘
13:38:27,103.14,0.0,8,82512,买盘
13:38:31,103.13,-0.01,7,72191,卖盘
13:38:34,103.13,0.0,44,453808,卖盘
13:38:37,103.14,0.01,4,41254,买盘
13:38:39,103.15,0.01,10,103150,买盘
13:38:51,103.13,-0.02,26,268148,卖盘
13:38:54,103.13,0.0,3,30939,买盘
13:38:57,103.13,0.0,1,10313,买盘
13:39:01,103.13,0.0,2,20626,买盘
13:39:03,103.12,-0.01,15,154689,卖盘
13:39:07,103.1,-0.02,112,1154822,卖盘
13:39:09,103.1,0.0,6,61872,卖盘
13:39:13,103.11,0.01,5,51555,中性盘
13:39:15,103.11,0.0,1,10311,买盘
13:39:19,103.11,0.0,46,474306,买盘
13:39:20,103.12,0.01,17,175299,买盘
13:39:24,103.14,0.02,9,92823,买盘
13:39:28,103.13,-0.01,12,123756,中性盘
13:39:30,103.11,-0.02,9,92803,卖盘
13:39:33,103.11,0.0,21,216531,卖盘
13:39:35,103.13,0.02,3,30939,买盘
13:39:42,103.11,-0.02,12,123748,卖盘
13:39:46,103.15,0.04,12,123779,买盘
13:39:48,103.15,0.0,2,20626,中性盘
13:39:54,103.15,0.0,1,10315,卖盘
13:39:56,103.17,0.02,40,412509,买盘
13:40:02,103.18,0.01,2,20636,买盘
13:40:07,103.2,0.02,23,237348,买盘
13:40:09,103.2,0.0,35,361200,买盘
13:40:13,103.22,0.02,21,216762,买盘
13:40:15,103.23,0.01,6,61936,买盘
13:40:18,103.25,0.02,4,41297,买盘
13:40:20,103.28,0.03,195,2014992,买盘
13:40:24,103.34,0.06,10,103340,买盘
13:40:28,103.37,0.03,4,41345,买盘
13:40:30,103.24,-0.13,25,258169,卖盘
13:40:33,103.37,0.13,13,134282,买盘
13:40:36,103.5,0.13,27,278992,买盘
13:40:40,103.55,0.05,60,621279,中性盘
13:40:42,103.55,0.0,4,41400,中性盘
13:40:45,103.35,-0.2,55,569058,卖盘
13:40:48,103.4,0.05,7,72380,中性盘
13:40:50,103.4,0.0,1,10340,买盘
13:40:54,103.4,0.0,1,10340,买盘
13:40:57,103.39,-0.01,6,61968,中性盘
13:40:59,103.39,0.0,12,124068,买盘
13:41:03,103.26,-0.13,23,237532,卖盘
13:41:05,103.26,0.0,15,154890,买盘
13:41:09,103.26,0.0,23,237498,买盘
13:41:12,103.39,0.13,7,72347,买盘
13:41:15,103.25,-0.14,77,795027,卖盘
13:41:18,103.26,0.01,26,268449,买盘
13:41:30,103.25,-0.01,11,113582,卖盘
13:41:34,103.3,0.05,2,20660,买盘
13:41:37,103.25,-0.05,26,268453,卖盘
13:41:39,103.25,0.0,6,61950,买盘
13:41:42,103.25,0.0,6,61948,买盘
13:41:46,103.25,0.0,1,10325,买盘
13:41:48,103.25,0.0,7,72271,买盘
13:41:52,103.25,0.0,1,10325,买盘
13:41:55,103.25,0.0,12,123889,买盘
13:41:57,103.25,0.0,8,82595,买盘
13:42:00,103.25,0.0,2,20650,买盘
13:42:03,103.23,-0.02,13,134199,卖盘
13:42:07,103.23,0.0,7,72261,买盘
13:42:09,103.21,-0.02,5,51605,中性盘
13:42:12,103.21,0.0,3,30962,买盘
13:42:15,103.23,0.02,18,185766,买盘
13:42:18,103.2,-0.03,22,227042,卖盘
13:42:25,103.21,0.01,1,10321,卖盘
13:42:28,103.2,-0.01,10,103202,卖盘
13:42:30,103.18,-0.02,11,113514,卖盘
13:42:43,103.18,0.0,9,92862,卖盘
13:42:46,103.17,-0.01,10,103170,卖盘
13:42:48,103.16,-0.01,15,154740,卖盘
13:42:51,103.16,0.0,1,10316,买盘
13:42:55,103.15,-0.01,27,278506,卖盘
13:42:57,103.13,-0.02,12,123757,卖盘
13:43:01,103.13,0.0,1,10313,卖盘
13:43:03,103.14,0.01,2,20628,买盘
13:43:05,103.13,-0.01,9,92817,卖盘
13:43:10,103.13,0.0,7,72192,卖盘
13:43:13,103.14,0.01,1,10314,买盘
13:43:15,103.13,-0.01,18,185634,卖盘
13:43:18,103.13,0.0,4,41252,卖盘
13:43:22,103.14,0.01,10,103140,买盘
13:43:24,103.13,-0.01,8,82508,卖盘
13:43:27,103.14,0.01,13,134082,买盘
13:43:30,103.14,0.0,2,20627,买盘
13:43:33,103.14,0.0,15,154710,买盘
13:43:37,103.1,-0.04,105,1082685,卖盘
13:43:39,103.14,0.04,1,10314,中性盘
13:43:42,103.14,0.0,8,82512,卖盘
13:43:45,103.11,-0.03,2,20624,卖盘
13:43:48,103.1,-0.01,10,103123,卖盘
13:43:50,103.12,0.02,1,10312,中性盘
13:43:53,103.1,-0.02,10,103100,卖盘
13:44:00,103.11,0.01,2,20623,中性盘
13:44:06,103.12,0.01,2,20623,买盘
13:44:12,103.12,0.0,5,51560,买盘
13:44:15,103.12,0.0,1,10312,买盘
13:44:17,103.12,0.0,4,41246,买盘
13:44:21,103.11,-0.01,8,82488,卖盘
13:44:23,103.1,-0.01,79,814498,卖盘
13:44:27,103.1,0.0,4,41240,买盘
13:44:31,103.1,0.0,5,51550,买盘
13:44:33,103.1,0.0,5,51550,买盘
13:44:37,103.09,-0.01,6,61855,卖盘
13:44:39,103.1,0.01,8,82480,买盘
13:44:43,103.1,0.0,9,92784,买盘
13:44:49,103.1,0.0,1,10310,买盘
13:44:51,103.1,0.0,11,113410,买盘
13:44:54,103.1,0.0,28,288647,买盘
13:44:57,103.1,0.0,11,113394,买盘
13:45:02,103.1,0.0,1,10310,卖盘
13:45:07,103.08,-0.02,34,350496,卖盘
13:45:09,103.08,0.0,2,20616,买盘
13:45:12,103.08,0.0,24,247391,买盘
13:45:18,103.01,-0.07,291,2998509,卖盘
13:45:21,103.08,0.07,4,41232,买盘
13:45:23,103.07,-0.01,3,30923,卖盘
13:45:28,103.0,-0.07,117,1205214,卖盘
13:45:31,103.07,0.07,1,10307,买盘
13:45:33,103.07,0.0,2,20614,买盘
13:45:36,103.0,-0.07,6,61807,卖盘
13:45:39,103.06,0.06,3,30918,买盘
13:45:42,103.01,-0.05,8,82441,卖盘
13:45:45,103.06,0.05,5,51506,买盘
13:45:48,103.05,-0.01,1,10305,卖盘
13:45:50,103.05,0.0,1,10305,买盘
13:45:57,103.05,0.0,8,82411,买盘
13:46:00,103.0,-0.05,74,762208,卖盘
13:46:02,103.05,0.05,15,154575,买盘
13:46:06,103.01,-0.04,4,41204,卖盘
13:46:08,103.01,0.0,4,41204,卖盘
13:46:15,103.05,0.04,501,5160322,买盘
13:46:21,103.0,-0.05,45,463525,卖盘
13:46:24,103.0,0.0,3,30900,买盘
13:46:26,103.0,0.0,3,30900,买盘
13:46:30,103.0,0.0,3,30900,买盘
13:46:33,102.98,-0.02,93,957859,卖盘
13:46:36,102.98,0.0,10,102980,买盘
13:46:39,102.99,0.01,10,102981,买盘
13:46:42,102.98,-0.01,23,236843,卖盘
13:46:45,102.98,0.0,2,20596,买盘
13:46:48,102.98,0.0,10,102972,买盘
13:46:51,102.98,0.0,2,20596,买盘
13:46:54,102.97,-0.01,7,72077,卖盘
13:46:58,102.96,-0.01,10,102962,卖盘
13:46:59,102.96,0.0,3,30889,卖盘
13:47:03,102.97,0.01,5,51485,买盘
13:47:06,102.95,-0.02,24,247079,卖盘
13:47:10,102.91,-0.04,6,61758,卖盘
13:47:11,102.95,0.04,2,20590,买盘
13:47:15,102.95,0.0,5,51475,买盘
13:47:18,102.94,-0.01,3,30883,卖盘
13:47:22,102.94,0.0,34,349991,买盘
13:47:24,102.92,-0.02,2,20584,中性盘
13:47:30,102.92,0.0,1,10292,买盘
13:47:32,102.91,-0.01,8,82332,卖盘
13:47:37,102.92,0.01,12,123508,买盘
13:47:39,102.91,-0.01,19,195529,卖盘
13:47:42,102.91,0.0,18,185239,卖盘
13:47:45,102.92,0.01,3,30876,买盘
13:47:47,102.91,-0.01,3,30873,卖盘
13:47:51,102.92,0.01,6,61747,买盘
13:47:55,102.91,-0.01,4,41164,卖盘
13:47:58,102.91,0.0,26,267578,卖盘
13:48:00,102.92,0.01,12,123502,买盘
13:48:06,102.91,-0.01,8,82330,卖盘
13:48:09,102.92,0.01,2,20584,买盘
13:48:12,102.92,0.0,21,216108,买盘
13:48:14,102.92,0.0,5,51460,买盘
13:48:17,102.9,-0.02,4,41163,卖盘
13:48:22,102.9,0.0,4,41163,卖盘
13:48:24,102.91,0.01,25,257275,买盘
13:48:30,102.91,0.0,9,92612,买盘
13:48:36,102.91,0.0,1,10291,卖盘
13:48:42,102.91,0.0,1,10291,卖盘
13:48:45,102.9,-0.01,24,246965,卖盘
13:48:51,102.92,0.02,5,51460,买盘
13:48:55,102.92,0.0,3,30874,买盘
13:48:58,102.92,0.0,24,247001,买盘
13:48:59,102.92,0.0,1,10292,买盘
13:49:04,102.92,0.0,1,10292,买盘
13:49:06,102.91,-0.01,3,30875,卖盘
13:49:09,102.91,0.0,2,20582,卖盘
13:49:12,102.92,0.01,10,102912,买盘
13:49:17,102.92,0.0,15,154366,买盘
13:49:21,102.92,0.0,7,72041,买盘
13:49:23,102.92,0.0,3,30876,买盘
13:49:27,102.92,0.0,4,41166,买盘
13:49:29,102.92,0.0,18,185255,买盘
13:49:34,102.92,0.0,42,432264,买盘
13:49:36,102.95,0.03,6,61770,买盘
13:49:39,102.94,-0.01,1,10294,中性盘
13:49:41,102.94,0.0,7,72054,卖盘
13:49:45,102.95,0.01,11,113236,买盘
13:49:49,102.95,0.0,10,102950,买盘
13:49:51,102.92,-0.03,28,288218,卖盘
13:49:53,102.92,0.0,61,627959,卖盘
13:49:57,102.91,-0.01,10,102911,卖盘
13:50:03,102.95,0.04,48,494046,买盘
13:50:06,102.97,0.02,11,113249,买盘
13:50:09,102.98,0.01,3,30894,买盘
13:50:13,103.02,0.04,9,92695,买盘
13:50:15,103.07,0.05,40,412280,买盘
13:50:19,103.1,0.03,1,10310,买盘
13:50:21,103.12,0.02,4,41248,买盘
13:50:23,103.13,0.01,50,515300,买盘
13:50:27,103.12,-0.01,27,278449,中性盘
13:50:30,103.12,0.0,25,257799,买盘
13:50:33,103.13,0.01,40,412493,买盘
13:50:36,103.14,0.01,25,257840,买盘
13:50:40,103.17,0.03,7,72218,买盘
13:50:42,103.21,0.04,3,30956,买盘
13:50:48,103.21,0.0,3,30963,买盘
13:50:51,103.16,-0.05,21,216772,卖盘
13:50:54,103.18,0.02,13,134113,买盘
13:50:57,103.12,-0.06,51,526049,卖盘
13:51:00,103.14,0.02,5,51566,买盘
13:51:02,103.21,0.07,15,154819,买盘
13:51:05,103.2,-0.01,10,103200,买盘
13:51:08,103.2,0.0,8,82560,卖盘
13:51:11,103.12,-0.08,18,185682,卖盘
13:51:19,103.12,0.0,2,20624,买盘
13:51:21,103.2,0.08,8,82504,买盘
13:51:24,103.12,-0.08,1,10312,卖盘
13:51:27,103.12,0.0,1,10312,卖盘
13:51:29,103.11,-0.01,13,134050,卖盘
13:51:34,103.1,-0.01,1,10310,买盘
13:51:37,103.1,0.0,4,41240,买盘
13:51:40,103.1,0.0,1,10310,买盘
13:51:42,103.03,-0.07,1,10303,卖盘
13:51:51,103.09,0.06,1,10309,买盘
13:51:53,103.0,-0.09,11,113314,卖盘
13:51:57,103.03,0.03,6,61818,中性盘
13:52:03,103.0,-0.03,1,10300,卖盘
13:52:06,103.0,0.0,1,10300,卖盘
13:52:09,103.01,0.01,3,30903,买盘
13:52:11,103.01,0.0,2,20602,买盘
13:52:15,103.01,0.0,3,30903,卖盘
13:52:18,103.0,-0.01,17,175113,卖盘
13:52:21,103.0,0.0,2,20600,卖盘
13:52:24,103.0,0.0,6,61804,卖盘
13:52:27,103.0,0.0,6,61816,卖盘
13:52:33,103.0,0.0,4,41200,卖盘
13:52:37,103.03,0.03,7,72121,卖盘
13:52:42,103.03,0.0,1,10303,卖盘
13:52:45,103.03,0.0,1,10303,卖盘
13:52:47,103.03,0.0,1,10303,卖盘
13:52:51,103.03,0.0,1,10303,卖盘
13:52:54,103.03,0.0,3,30909,买盘
13:52:57,103.01,-0.02,11,113313,卖盘
13:53:03,103.01,0.0,5,51522,卖盘
13:53:09,103.0,-0.01,87,896293,卖盘
13:53:12,102.99,-0.01,1,10299,卖盘
13:53:15,103.0,0.01,1,10300,买盘
13:53:18,102.99,-0.01,1,10299,卖盘
13:53:21,103.0,0.01,91,937300,买盘
13:53:24,103.0,0.0,12,123599,买盘
13:53:27,103.0,0.0,107,1102119,买盘
13:53:31,102.99,-0.01,10,103020,卖盘
13:53:33,102.99,0.0,54,556146,买盘
13:53:36,103.08,0.09,9,92763,买盘
13:53:42,102.98,-0.1,20,205965,卖盘
13:53:49,102.99,0.01,1,10299,卖盘
13:53:51,103.08,0.09,4,41232,买盘
13:53:57,102.98,-0.1,9,92702,卖盘
13:54:04,103.08,0.1,1,10308,买盘
13:54:10,103.0,-0.08,1,10300,卖盘
13:54:12,103.0,0.0,25,257716,卖盘
13:54:15,102.99,-0.01,52,535567,卖盘
13:54:18,103.1,0.11,13,133997,买盘
13:54:24,103.1,0.0,1,10310,卖盘
13:54:30,103.1,0.0,1,10310,卖盘
13:54:33,103.1,0.0,2,20620,卖盘
13:54:36,103.19,0.09,11,113491,买盘
13:54:48,103.09,-0.1,1,10309,卖盘
13:54:51,103.08,-0.01,13,134014,卖盘
13:54:54,103.08,0.0,6,61848,买盘
13:54:57,103.09,0.01,18,185534,中性盘
13:54:59,103.09,0.0,3,30927,卖盘
13:55:07,103.11,0.02,1,10311,中性盘
13:55:11,103.08,-0.03,3,30925,卖盘
13:55:16,103.08,0.0,2,20616,买盘
13:55:18,103.07,-0.01,8,82463,卖盘
13:55:20,103.07,0.0,4,41231,卖盘
13:55:23,103.14,0.07,12,123684,买盘
13:55:26,103.04,-0.1,8,82475,卖盘
13:55:31,103.04,0.0,13,133949,买盘
13:55:46,103.14,0.1,2,20628,中性盘
13:55:49,103.04,-0.1,2,20618,卖盘
13:55:55,103.05,0.01,10,103060,中性盘
13:55:58,103.0,-0.05,152,1566014,卖盘
13:56:01,102.98,-0.02,16,164778,卖盘
13:56:02,102.98,0.0,1,10298,买盘
13:56:07,102.98,0.0,6,61788,买盘
13:56:08,102.97,-0.01,1,10297,卖盘
13:56:13,102.98,0.01,12,123571,买盘
13:56:15,102.98,0.0,1,10298,买盘
13:56:19,102.97,-0.01,2,20595,卖盘
13:56:22,102.98,0.01,4,41192,买盘
13:56:25,102.98,0.0,11,113278,买盘
13:56:26,102.96,-0.02,22,226520,卖盘
13:56:30,102.96,0.0,8,82367,买盘
13:56:33,102.96,0.0,1,10296,买盘
13:56:37,102.96,0.0,17,175032,买盘
13:56:43,102.96,0.0,13,133860,卖盘
13:56:44,102.97,0.01,13,133861,卖盘
13:56:49,102.98,0.01,13,133874,买盘
13:56:52,102.97,-0.01,16,164752,卖盘
13:56:55,102.97,0.0,3,30891,买盘
13:56:58,103.01,0.04,11,113272,买盘
13:57:01,102.96,-0.05,27,277999,卖盘
13:57:04,102.97,0.01,8,82371,买盘
13:57:05,102.97,0.0,1,10297,卖盘
13:57:08,102.96,-0.01,3,30889,卖盘
13:57:25,102.98,0.02,1,10298,卖盘
13:57:34,102.97,-0.01,3,30893,卖盘
13:57:43,102.96,-0.01,2,20593,卖盘
13:57:46,102.97,0.01,2,20594,买盘
13:57:53,102.96,-0.01,2,20593,卖盘
13:57:57,102.97,0.01,1,10297,买盘
13:58:01,102.96,-0.01,11,113256,卖盘
13:58:02,102.96,0.0,15,154440,卖盘
13:58:09,102.96,0.0,15,154440,买盘
13:58:13,102.96,0.0,8,82367,买盘
13:58:16,102.96,0.0,9,92664,买盘
13:58:18,102.96,0.0,1,10296,卖盘
13:58:22,102.96,0.0,2,20592,卖盘
13:58:25,102.96,0.0,2,20592,卖盘
13:58:26,102.95,-0.01,6,61770,卖盘
13:58:31,102.96,0.01,9,92660,买盘
13:58:34,102.93,-0.03,51,525034,卖盘
13:58:37,102.93,0.0,4,41175,卖盘
13:58:39,102.94,0.01,20,205876,买盘
13:58:41,102.93,-0.01,8,82347,卖盘
13:58:46,102.94,0.01,3,30880,买盘
13:58:49,102.93,-0.01,2,20587,卖盘
13:58:50,102.93,0.0,4,41172,卖盘
13:58:57,102.93,0.0,5,51466,卖盘
13:59:01,102.92,-0.01,11,113214,卖盘
13:59:06,102.95,0.03,11,113244,买盘
13:59:08,102.95,0.0,2,20589,买盘
13:59:12,102.92,-0.03,24,247030,卖盘
13:59:16,102.92,0.0,17,174970,卖盘
13:59:19,102.93,0.01,1,10293,中性盘
13:59:25,102.95,0.02,1,10295,买盘
13:59:30,102.93,-0.02,1,10293,卖盘
13:59:34,102.93,0.0,1,10293,卖盘
13:59:37,102.93,0.0,11,113223,买盘
13:59:40,102.93,0.0,6,61754,买盘
13:59:45,102.92,-0.01,18,185256,卖盘
13:59:50,102.92,0.0,5,51460,买盘
13:59:55,102.91,-0.01,23,236706,卖盘
13:59:56,102.92,0.01,2,20584,卖盘
13:59:59,102.92,0.0,10,102913,中性盘
14:00:04,102.93,0.01,43,442516,买盘
14:00:07,102.9,-0.03,73,751212,卖盘
14:00:09,102.93,0.03,47,483767,买盘
14:00:12,102.92,-0.01,18,185271,中性盘
14:00:16,102.93,0.01,2,20586,买盘
14:00:17,102.95,0.02,12,123514,买盘
14:00:21,102.97,0.02,8,82365,买盘
14:00:25,102.92,-0.05,13,133797,卖盘
14:00:27,102.92,0.0,61,627812,买盘
14:00:31,102.97,0.05,30,308780,买盘
14:00:40,102.97,0.0,10,103026,卖盘
14:00:43,103.05,0.08,7,72135,买盘
14:00:46,103.05,0.0,2,20610,卖盘
14:00:52,103.05,0.0,35,361005,卖盘
14:00:55,102.96,-0.09,40,411840,买盘
14:00:57,103.04,0.08,3,30912,买盘
14:00:59,102.96,-0.08,14,144208,卖盘
14:01:07,103.14,0.18,13,134082,买盘
14:01:10,103.16,0.02,7,72211,买盘
14:01:11,103.16,0.0,12,123793,买盘
14:01:14,103.17,0.01,27,278559,买盘
14:01:17,103.17,0.0,47,484899,买盘
14:01:22,103.18,0.01,6,61905,买盘
14:01:25,103.19,0.01,5,51586,买盘
14:01:26,103.2,0.01,15,154790,买盘
14:01:29,103.14,-0.06,4,41271,卖盘
14:01:34,103.19,0.05,1,10319,买盘
14:01:35,103.2,0.01,5,51600,买盘
14:01:40,103.2,0.0,7,72239,买盘
14:01:43,103.14,-0.06,24,247623,卖盘
14:01:49,103.1,-0.04,136,1402160,买盘
14:01:50,103.2,0.1,23,236831,买盘
14:01:57,103.0,-0.2,11,113323,卖盘
14:01:59,103.04,0.04,8,82432,中性盘
14:02:02,103.04,0.0,2,20608,卖盘
14:02:10,103.1,0.06,20,206378,卖盘
14:02:19,103.19,0.09,12,123836,买盘
14:02:20,103.19,0.0,3,30957,卖盘
14:02:34,103.19,0.0,1,10319,卖盘
14:02:37,103.2,0.01,1,10320,买盘
14:02:39,103.19,-0.01,1,10319,卖盘
14:02:46,103.19,0.0,1,10319,卖盘
14:02:55,103.2,0.01,1,10320,买盘
14:02:59,103.2,0.0,13,134149,买盘
14:03:02,103.18,-0.02,13,134142,卖盘
14:03:10,103.18,0.0,10,103180,买盘
14:03:13,103.17,-0.01,4,41268,买盘
14:03:19,103.16,-0.01,2,20632,中性盘
14:03:20,103.01,-0.15,1,10301,卖盘
14:03:25,103.16,0.15,3,30948,买盘
14:03:32,103.02,-0.14,1,10302,中性盘
14:03:40,103.16,0.14,2,20632,买盘
14:03:43,103.16,0.0,2,20626,买盘
14:03:46,103.03,-0.13,1,10303,卖盘
14:03:49,103.03,0.0,2,20606,卖盘
14:03:50,103.03,0.0,5,51515,卖盘
14:03:55,103.1,0.07,2,20613,买盘
14:03:58,103.1,0.0,1,10310,中性盘
14:04:01,103.02,-0.08,10,103041,卖盘
14:04:07,103.14,0.12,24,247536,买盘
14:04:09,103.1,-0.04,12,123766,卖盘
14:04:16,103.03,-0.07,1,10303,卖盘
14:04:24,103.09,0.06,3,30927,中性盘
14:04:31,103.03,-0.06,2,20607,卖盘
14:04:34,103.04,0.01,1,10304,中性盘
14:04:39,103.08,0.04,1,10308,买盘
14:04:43,103.09,0.01,10,103088,买盘
14:04:46,103.04,-0.05,2,20609,卖盘
14:04:49,103.04,0.0,1,10304,卖盘
14:04:52,103.05,0.01,7,72134,买盘
14:04:55,103.03,-0.02,9,92727,卖盘
14:05:01,103.02,-0.01,20,206050,卖盘
14:05:04,103.01,-0.01,30,309037,卖盘
14:05:10,103.0,-0.01,39,401705,卖盘
14:05:11,103.03,0.03,1,10303,买盘
14:05:14,103.08,0.05,7,72126,买盘
14:05:22,103.02,-0.06,1,10302,买盘
14:05:24,103.02,0.0,5,51510,买盘
14:05:28,103.02,0.0,6,61810,买盘
14:05:31,103.02,0.0,2,20604,买盘
14:05:34,103.02,0.0,2,20604,买盘
14:05:37,103.02,0.0,1,10302,买盘
14:05:40,103.02,0.0,3,30904,买盘
14:05:43,103.02,0.0,46,473892,买盘
14:05:46,103.03,0.01,4,41209,买盘
14:05:47,103.03,0.0,5,51515,买盘
14:05:50,103.03,0.0,3,30806,卖盘
14:05:58,103.03,0.0,1,10303,卖盘
14:05:59,103.02,-0.01,17,175170,买盘
14:06:09,103.03,0.01,9,92727,卖盘
14:06:13,103.03,0.0,1,10303,卖盘
14:06:17,103.07,0.04,3,30921,买盘
14:06:22,103.03,-0.04,2,20606,卖盘
14:06:25,103.03,0.0,2,20606,卖盘
14:06:26,103.03,0.0,1,10303,卖盘
14:06:32,103.02,-0.01,80,824180,卖盘
14:06:35,103.05,0.03,20,206100,中性盘
14:06:39,103.0,-0.05,67,690219,卖盘
14:06:41,103.0,0.0,18,185400,买盘
14:06:46,103.0,0.0,11,113196,买盘
14:06:49,103.0,0.0,12,123705,买盘
14:06:50,103.06,0.06,21,216330,买盘
14:06:55,103.07,0.01,3,30921,买盘
14:06:58,103.08,0.01,7,72164,买盘
14:07:01,103.07,-0.01,50,515304,卖盘
14:07:02,103.07,0.0,12,123675,卖盘
14:07:05,103.19,0.12,1,10319,买盘
14:07:10,103.07,-0.12,1,10307,中性盘
14:07:13,103.19,0.12,8,82550,买盘
14:07:14,103.17,-0.02,2,20636,中性盘
14:07:19,103.16,-0.01,3,30948,买盘
14:07:25,103.16,0.0,1,10316,买盘
14:07:26,103.14,-0.02,1,10314,中性盘
14:07:32,103.14,0.0,9,92826,中性盘
14:07:40,103.14,0.0,2,20627,买盘
14:07:43,103.12,-0.02,5,51562,卖盘
14:07:49,103.12,0.0,2,20624,卖盘
14:07:52,103.14,0.02,6,61880,买盘
14:07:55,103.12,-0.02,3,30938,卖盘
14:07:59,103.1,-0.02,21,216548,卖盘
14:08:04,103.11,0.01,8,82469,买盘
14:08:07,103.12,0.01,10,103102,买盘
14:08:09,103.09,-0.03,1,10309,卖盘
14:08:22,103.09,0.0,2,20624,卖盘
14:08:28,103.13,0.04,2,20626,卖盘
14:08:34,103.14,0.01,32,330047,买盘
14:08:35,103.13,-0.01,1,10313,卖盘
14:08:39,103.12,-0.01,3,30939,卖盘
14:08:43,103.12,0.0,1,10312,买盘
14:08:46,103.09,-0.03,1,10309,卖盘
14:08:49,103.12,0.03,2,20624,买盘
14:08:52,103.12,0.0,1,10312,买盘
14:08:56,103.1,-0.02,1,10310,卖盘
14:09:03,103.09,-0.01,11,113400,卖盘
14:09:10,103.1,0.01,8,82480,卖盘
14:09:12,103.09,-0.01,25,257742,卖盘
14:09:16,103.08,-0.01,14,144332,卖盘
14:09:19,103.08,0.0,5,51541,卖盘
14:09:22,103.08,0.0,3,30924,卖盘
14:09:24,103.06,-0.02,16,164905,卖盘
14:09:28,103.06,0.0,5,51531,卖盘
14:09:31,103.07,0.01,17,175204,买盘
14:09:34,103.06,-0.01,6,61838,卖盘
14:09:35,103.06,0.0,2,20612,卖盘
14:09:40,103.08,0.02,58,597750,买盘
14:09:43,103.06,-0.02,10,103061,卖盘
14:09:46,103.06,0.0,27,278262,卖盘
14:09:49,103.07,0.01,2,20614,买盘
14:09:59,103.06,-0.01,1,10306,买盘
14:10:04,103.07,0.01,24,247345,买盘
14:10:07,103.08,0.01,24,247369,买盘
14:10:10,103.11,0.03,5,51548,买盘
14:10:13,103.12,0.01,1,10312,买盘
14:10:16,103.13,0.01,7,72190,买盘
14:10:19,103.13,0.0,1,10313,买盘
14:10:22,103.2,0.07,7,72229,买盘
14:10:25,103.25,0.05,1,10325,买盘
14:10:28,103.27,0.02,3,30979,买盘
14:10:31,103.3,0.03,54,557814,买盘
14:10:34,103.38,0.08,20,206760,买盘
14:10:35,103.37,-0.01,6,62022,中性盘
14:10:40,103.3,-0.07,12,123960,卖盘
14:10:43,103.3,0.0,6,61980,买盘
14:10:46,103.3,0.0,3,30987,中性盘
14:10:49,103.25,-0.05,2,20652,卖盘
14:10:52,103.3,0.05,1,10330,卖盘
14:10:58,103.37,0.07,4,41293,买盘
14:11:04,103.13,-0.24,4,41255,卖盘
14:11:07,103.13,0.0,3,30939,买盘
14:11:14,103.3,0.17,3,30987,买盘
14:11:19,103.29,-0.01,6,61976,中性盘
14:11:22,103.27,-0.02,11,113597,卖盘
14:11:28,103.2,-0.07,1,10320,卖盘
14:11:37,103.27,0.07,10,103270,买盘
14:11:40,103.35,0.08,64,661074,买盘
14:11:42,103.35,0.0,17,175695,买盘
14:11:44,103.39,0.04,12,124039,买盘
14:11:49,103.35,-0.04,1,10335,卖盘
14:11:50,103.39,0.04,1,10339,买盘
14:11:54,103.39,0.0,6,62034,买盘
14:11:58,103.39,0.0,7,72371,买盘
14:12:00,103.39,0.0,5,51695,买盘
14:12:04,103.38,-0.01,18,186056,买盘
14:12:07,103.38,0.0,2,20676,买盘
14:12:09,103.4,0.02,8,82718,买盘
14:12:11,103.4,0.0,7,72376,买盘
14:12:16,103.4,0.0,22,227438,买盘
14:12:19,103.4,0.0,6,62040,买盘
14:12:22,103.39,-0.01,10,103390,卖盘
14:12:28,103.34,-0.05,3,31001,卖盘
14:12:33,103.39,0.05,1,10339,买盘
14:12:39,103.34,-0.05,1,10334,卖盘
14:12:46,103.34,0.0,2,20668,卖盘
14:12:52,103.27,-0.07,399,4120502,卖盘
14:12:54,103.2,-0.07,4,41294,卖盘
14:12:56,103.2,0.0,1,10320,卖盘
14:13:03,103.15,-0.05,9,92865,卖盘
14:13:10,103.14,-0.01,1,10314,卖盘
14:13:13,103.12,-0.02,3,30953,卖盘
14:13:31,103.13,0.01,1,10313,卖盘
14:13:37,103.13,0.0,10,103148,卖盘
14:13:39,103.13,0.0,4,41252,卖盘
14:13:43,103.24,0.11,2,20637,买盘
14:13:49,103.13,-0.11,1,10313,卖盘
14:13:55,103.14,0.01,4,41255,中性盘
14:13:56,103.22,0.08,1,10322,买盘
14:14:04,103.12,-0.1,10,103130,卖盘
14:14:07,103.2,0.08,1,10320,买盘
14:14:09,103.13,-0.07,1,10313,中性盘
14:14:11,103.17,0.04,1,10317,买盘
14:14:22,103.17,0.0,2,20634,买盘
14:14:28,103.15,-0.02,1,10315,中性盘
14:14:31,103.22,0.07,6,61889,买盘
14:14:40,103.15,-0.07,2,20632,卖盘
14:14:43,103.15,0.0,1,10315,买盘
14:14:46,103.13,-0.02,14,144383,卖盘
14:14:49,103.12,-0.01,2,20624,卖盘
14:14:52,103.12,0.0,2,20624,卖盘
14:14:55,103.11,-0.01,27,278413,卖盘
14:15:01,103.1,-0.01,2,20620,卖盘
14:15:04,103.1,0.0,12,123722,卖盘
14:15:07,103.09,-0.01,49,505223,卖盘
14:15:10,103.09,0.0,34,350506,买盘
14:15:11,103.07,-0.02,20,206143,卖盘
14:15:16,103.06,-0.01,57,587549,卖盘
14:15:22,103.06,0.0,3,30918,卖盘
14:15:24,103.06,0.0,1,10306,中性盘
14:15:28,103.06,0.0,34,350403,买盘
14:15:31,103.07,0.01,14,144279,中性盘
14:15:34,103.05,-0.02,4,41220,卖盘
14:15:40,103.05,0.0,6,61835,卖盘
14:15:43,103.11,0.06,6,61842,买盘
14:15:46,103.11,0.0,3,30933,买盘
14:15:49,103.11,0.0,3,30921,买盘
14:15:52,103.11,0.0,5,51532,买盘
14:15:54,103.1,-0.01,5,51536,中性盘
14:15:57,103.11,0.01,1,10311,买盘
14:16:01,103.13,0.02,10,103074,买盘
14:16:04,103.05,-0.08,12,123674,卖盘
14:16:07,103.13,0.08,3,30923,买盘
14:16:19,103.12,-0.01,1,10312,买盘
14:16:22,103.11,-0.01,3,30935,卖盘
14:16:29,103.12,0.01,56,577429,买盘
14:16:34,103.06,-0.06,3,30918,卖盘
14:16:40,103.08,0.02,3,30928,中性盘
14:16:46,103.08,0.0,1,10308,卖盘
14:16:50,103.1,0.02,1,10310,买盘
14:16:55,103.07,-0.03,4,41234,卖盘
14:16:56,103.07,0.0,5,51540,卖盘
14:16:59,103.0,-0.07,267,2751052,卖盘
14:17:03,103.04,0.04,1,10304,中性盘
14:17:13,103.05,0.01,11,113355,买盘
14:17:16,103.04,-0.01,1,10304,卖盘
14:17:31,103.04,0.0,1,10304,卖盘
14:17:34,103.04,0.0,4,41216,卖盘
14:17:35,103.05,0.01,2,20609,买盘
14:17:39,103.05,0.0,11,113355,买盘
14:17:43,103.03,-0.02,7,72127,卖盘
14:17:46,103.03,0.0,4,41206,买盘
14:17:49,103.03,0.0,1,10303,买盘
14:17:52,103.01,-0.02,1,10301,卖盘
14:17:55,103.02,0.01,1,10302,买盘
14:17:58,103.01,-0.01,1,10301,卖盘
14:18:04,103.0,-0.01,12,123602,卖盘
14:18:07,103.01,0.01,2,20601,买盘
14:18:11,103.0,-0.01,57,587100,卖盘
14:18:16,103.01,0.01,4,41204,买盘
14:18:19,103.0,-0.01,1,10300,卖盘
14:18:20,103.01,0.01,2,20602,买盘
14:18:25,103.01,0.0,3,30902,买盘
14:18:28,103.01,0.0,1,10301,卖盘
14:18:31,103.04,0.03,1,10304,买盘
14:18:34,103.0,-0.04,103,1060952,卖盘
14:18:37,103.0,0.0,22,226600,买盘
14:18:40,103.0,0.0,4,41200,买盘
14:18:41,103.0,0.0,1,10300,买盘
14:18:46,103.0,0.0,5,51500,买盘
14:18:49,103.0,0.0,4,41199,买盘
14:18:52,103.0,0.0,5,51494,买盘
14:18:55,103.0,0.0,9,92694,买盘
14:19:04,102.98,-0.02,50,514946,卖盘
14:19:05,102.98,0.0,5,51490,买盘
14:19:13,102.97,-0.01,1,10297,卖盘
14:19:16,102.98,0.01,6,61788,买盘
14:19:19,102.97,-0.01,2,20594,卖盘
14:19:25,102.98,0.01,1,10298,买盘
14:19:28,102.97,-0.01,7,72079,卖盘
14:19:31,102.97,0.0,7,72079,卖盘
14:19:37,102.97,0.0,20,205940,卖盘
14:19:43,102.97,0.0,3,30891,卖盘
14:19:49,102.98,0.01,44,453112,买盘
14:19:52,102.98,0.0,76,782648,卖盘
14:19:55,103.0,0.02,2,20598,买盘
14:19:58,102.98,-0.02,3,30896,卖盘
14:20:01,102.98,0.0,8,82392,卖盘
14:20:03,102.99,0.01,37,381077,卖盘
14:20:07,102.98,-0.01,9,92690,卖盘
14:20:13,102.98,0.0,13,133881,卖盘
14:20:16,102.98,0.0,10,102980,卖盘
14:20:18,103.07,0.09,126,1298531,买盘
14:20:20,102.98,-0.09,2,20596,卖盘
14:20:24,102.98,0.0,12,123576,卖盘
