time,price,change,volume,amount,type
09:25:03,104.0,0.16,87,904800,卖盘
09:30:02,103.57,-0.43,93,965598,卖盘
09:30:04,103.84,0.27,61,632630,买盘
09:30:08,103.84,0.0,107,1110855,买盘
09:30:12,103.82,-0.02,38,394371,中性盘
09:30:14,103.82,0.0,14,145156,买盘
09:30:17,103.85,0.03,18,186940,买盘
09:30:20,103.99,0.14,14,145594,卖盘
09:30:23,103.99,0.0,31,322042,卖盘
09:30:27,103.99,0.0,4,41596,中性盘
09:30:28,103.99,0.0,14,145596,买盘
09:30:32,103.85,-0.14,33,342868,卖盘
09:30:35,103.85,0.0,8,83119,卖盘
09:30:38,103.92,0.07,15,155683,中性盘
09:30:40,103.95,0.03,6,62319,买盘
09:30:44,103.84,-0.11,13,134992,卖盘
09:30:47,103.77,-0.07,7,72682,中性盘
09:30:50,103.84,0.07,25,259392,买盘
09:30:53,103.84,0.0,11,114224,买盘
09:30:57,103.84,0.0,4,41454,买盘
09:30:59,103.8,-0.04,3,31140,买盘
09:31:03,103.53,-0.27,9,93330,卖盘
09:31:05,103.8,0.27,5,51900,买盘
09:31:08,103.8,0.0,3,31140,买盘
09:31:12,103.51,-0.29,21,217672,卖盘
09:31:14,103.8,0.29,2,20760,买盘
09:31:17,103.6,-0.2,4,41448,卖盘
09:31:20,103.6,0.0,7,72544,卖盘
09:31:23,103.6,0.0,4,41443,买盘
09:31:27,103.54,-0.06,9,93183,卖盘
09:31:29,103.51,-0.03,25,258816,卖盘
09:31:33,103.68,0.17,41,424673,买盘
09:31:36,103.68,0.0,5,51840,卖盘
09:31:38,103.79,0.11,22,227868,买盘
09:31:41,103.54,-0.25,14,145037,卖盘
09:31:43,103.51,-0.03,11,113943,卖盘
09:31:47,103.6,0.09,7,72490,买盘
09:31:50,103.55,-0.05,3,31091,卖盘
09:31:53,103.51,-0.04,7,72474,卖盘
09:31:57,103.55,0.04,16,165675,买盘
09:31:59,103.54,-0.01,4,41418,卖盘
09:32:03,103.55,0.01,6,62120,买盘
09:32:06,103.52,-0.03,12,124235,卖盘
09:32:08,103.51,-0.01,15,155275,卖盘
09:32:10,103.49,-0.02,8,82796,卖盘
09:32:13,103.55,0.06,9,93183,买盘
09:32:17,103.55,0.0,14,144964,买盘
09:32:20,103.55,0.0,35,362360,买盘
09:32:23,103.57,0.02,10,103560,买盘
09:32:27,103.55,-0.02,23,238048,卖盘
09:32:29,103.43,-0.12,8,82792,中性盘
09:32:32,103.46,0.03,8,82772,中性盘
09:32:38,103.57,0.11,1,10357,中性盘
09:32:40,103.57,0.0,18,186476,卖盘
09:32:44,103.8,0.23,5,51852,买盘
09:32:47,103.8,0.0,18,186837,买盘
09:32:49,103.8,0.0,6,62282,卖盘
09:32:53,103.84,0.04,12,124608,买盘
09:32:57,103.84,0.0,28,290750,买盘
09:32:59,103.85,0.01,6,62322,卖盘
09:33:03,103.92,0.07,15,155791,买盘
09:33:05,103.85,-0.07,2,20770,卖盘
09:33:09,103.85,0.0,1,10385,卖盘
09:33:10,103.86,0.01,3,31170,卖盘
09:33:17,103.88,0.02,9,93504,卖盘
09:33:22,103.91,0.03,12,124686,买盘
09:33:27,103.91,0.0,11,114301,卖盘
09:33:29,103.84,-0.07,19,197320,卖盘
09:33:33,103.67,-0.17,29,300951,卖盘
09:33:35,103.8,0.13,3,31140,买盘
09:33:38,103.67,-0.13,2,20734,卖盘
09:33:42,103.58,-0.09,2,20725,卖盘
09:33:44,103.58,0.0,1,10358,中性盘
09:33:47,103.61,0.03,1,10361,卖盘
09:33:50,103.8,0.19,2,20747,买盘
09:33:53,103.61,-0.19,1,10361,卖盘
09:33:57,103.57,-0.04,5,51798,卖盘
09:33:59,103.57,0.0,3,31091,卖盘
09:34:03,103.61,0.04,4,41444,卖盘
09:34:05,103.61,0.0,14,145051,卖盘
09:34:08,103.58,-0.03,27,279643,卖盘
09:34:14,103.6,0.02,12,124330,卖盘
09:34:17,103.58,-0.02,2,20716,卖盘
09:34:20,103.58,0.0,17,176086,卖盘
09:34:23,103.55,-0.03,9,93198,中性盘
09:34:25,103.53,-0.02,10,103540,卖盘
09:34:29,103.58,0.05,7,72480,买盘
09:34:33,103.58,0.0,5,51790,买盘
09:34:35,103.58,0.0,42,435098,买盘
09:34:38,103.6,0.02,34,352336,买盘
09:34:42,103.59,-0.01,2,20735,卖盘
09:34:44,103.59,0.0,8,82873,卖盘
09:34:53,103.59,0.0,3,31084,卖盘
09:34:57,103.58,-0.01,7,72506,卖盘
09:34:59,103.59,0.01,5,51795,买盘
09:35:03,103.79,0.2,20,207568,买盘
09:35:05,103.59,-0.2,4,41477,卖盘
09:35:09,103.6,0.01,2,20720,中性盘
09:35:18,103.77,0.17,6,62198,买盘
09:35:20,103.69,-0.08,3,31116,卖盘
09:35:25,103.69,0.0,5,51865,卖盘
09:35:33,103.8,0.11,2,20759,买盘
09:35:36,103.66,-0.14,2,20731,买盘
09:35:38,103.69,0.03,7,72559,买盘
09:35:42,103.66,-0.03,11,114029,卖盘
09:35:44,103.84,0.18,4,41535,买盘
09:35:48,103.83,-0.01,13,134980,中性盘
09:35:50,103.7,-0.13,5,51902,卖盘
09:35:53,103.7,0.0,3,31108,买盘
09:35:59,103.74,0.04,6,62227,买盘
09:36:07,103.64,-0.1,13,134775,卖盘
09:36:12,103.66,0.02,2,20732,中性盘
09:36:14,103.65,-0.01,1,10365,卖盘
09:36:18,103.63,-0.02,8,82908,卖盘
09:36:20,103.6,-0.03,6,62170,卖盘
09:36:23,103.59,-0.01,4,41439,卖盘
09:36:27,103.58,-0.01,2,20717,卖盘
09:36:29,103.55,-0.03,5,51775,卖盘
09:36:33,103.55,0.0,18,186378,买盘
09:36:36,103.55,0.0,17,176030,买盘
09:36:39,103.55,0.0,7,72477,买盘
09:36:40,103.54,-0.01,4,41417,卖盘
09:36:44,103.52,-0.02,15,155281,卖盘
09:36:47,103.55,0.03,27,279568,买盘
09:36:50,103.55,0.0,25,258860,买盘
09:36:53,103.59,0.04,12,124273,买盘
09:36:57,103.59,0.0,19,196821,买盘
09:36:59,103.66,0.07,14,145070,买盘
09:37:03,103.69,0.03,7,72579,买盘
09:37:05,103.73,0.04,1,10373,买盘
09:37:09,103.73,0.0,11,114067,买盘
09:37:12,103.73,0.0,25,259265,买盘
09:37:14,103.74,0.01,8,82992,买盘
09:37:17,103.8,0.06,9,93420,买盘
09:37:20,103.8,0.0,8,83016,买盘
09:37:27,103.8,0.0,14,145243,买盘
09:37:33,103.74,-0.06,4,41506,卖盘
09:37:35,103.75,0.01,1,10375,中性盘
09:37:39,103.75,0.0,4,41500,买盘
09:37:53,103.83,0.08,24,249069,买盘
09:37:55,103.8,-0.03,1,10380,卖盘
09:37:59,103.8,0.0,1,10380,卖盘
09:38:05,103.8,0.0,5,51903,卖盘
09:38:09,103.83,0.03,1,10383,买盘
09:38:12,103.83,0.0,3,31146,买盘
09:38:14,103.83,0.0,2,20767,中性盘
09:38:20,103.8,-0.03,3,31140,卖盘
09:38:23,103.84,0.04,1,10384,买盘
09:38:27,103.9,0.06,2,20775,买盘
09:38:35,103.99,0.09,1,10399,买盘
09:38:40,103.98,-0.01,3,31181,买盘
09:38:50,103.85,-0.13,13,135111,卖盘
09:38:56,103.87,0.02,19,197374,卖盘
09:38:59,103.87,0.0,27,280413,买盘
09:39:03,103.84,-0.03,1,10384,卖盘
09:39:05,103.84,0.0,3,31154,卖盘
09:39:12,103.85,0.01,11,114235,买盘
09:39:14,103.85,0.0,9,93465,卖盘
09:39:17,103.85,0.0,3,31157,中性盘
09:39:23,103.86,0.01,13,135030,中性盘
09:39:27,103.87,0.01,5,51928,买盘
09:39:32,103.86,-0.01,1,10386,买盘
09:39:35,103.85,-0.01,19,197344,卖盘
09:39:39,103.85,0.0,15,155764,买盘
09:39:42,103.86,0.01,16,166165,买盘
09:39:48,103.9,0.04,8,83112,买盘
09:39:50,103.9,0.0,14,145419,买盘
09:39:53,103.86,-0.04,1,10386,卖盘
09:39:57,103.86,0.0,3,31161,卖盘
09:39:59,103.88,0.02,7,72720,中性盘
09:40:05,103.9,0.02,1,10390,买盘
09:40:09,103.87,-0.03,11,114284,卖盘
09:40:12,103.86,-0.01,19,197365,卖盘
09:40:14,103.89,0.03,9,93503,买盘
09:40:17,103.88,-0.01,20,207772,卖盘
09:40:20,103.88,0.0,4,41553,卖盘
09:40:23,103.88,0.0,2,20776,卖盘
09:40:29,103.96,0.08,5,51974,买盘
09:40:33,103.89,-0.07,15,155913,卖盘
09:40:35,103.96,0.07,2,20792,卖盘
09:40:38,103.98,0.02,11,114374,买盘
09:40:42,103.98,0.0,1,10398,买盘
09:40:50,103.98,0.0,2,20791,买盘
09:40:53,103.97,-0.01,11,114373,买盘
09:40:57,103.97,0.0,1,10397,买盘
09:41:03,103.98,0.01,23,239136,买盘
09:41:05,103.96,-0.02,10,103946,卖盘
09:41:09,103.89,-0.07,2,20778,卖盘
09:41:12,103.96,0.07,26,270329,买盘
09:41:14,103.95,-0.01,8,83132,中性盘
09:41:18,103.93,-0.02,19,197521,卖盘
09:41:20,103.92,-0.01,14,145508,卖盘
09:41:23,103.91,-0.01,8,83135,中性盘
09:41:29,103.9,-0.01,4,41560,卖盘
09:41:33,103.9,0.0,2,20780,卖盘
09:41:35,103.91,0.01,24,249356,中性盘
09:41:38,103.9,-0.01,13,135092,中性盘
09:41:42,103.9,0.0,5,51950,买盘
09:41:44,103.88,-0.02,3,31166,卖盘
09:41:47,103.9,0.02,3,31170,买盘
09:41:50,103.9,0.0,2,20780,买盘
09:41:53,103.93,0.03,133,1381523,买盘
09:41:57,103.93,0.0,21,218151,买盘
09:42:05,103.97,0.04,17,176645,中性盘
09:42:09,103.9,-0.07,1,10390,卖盘
09:42:11,103.99,0.09,77,800679,买盘
09:42:14,103.99,0.0,2,20798,买盘
09:42:18,104.0,0.01,23,239178,买盘
09:42:20,104.01,0.01,7,72829,卖盘
09:42:23,104.01,0.0,1,10401,卖盘
09:42:26,104.05,0.04,1,10405,买盘
09:42:29,104.05,0.0,5,52018,卖盘
09:42:35,104.05,0.0,2,20810,卖盘
09:42:39,104.07,0.02,1,10407,卖盘
09:42:42,104.19,0.12,2,20838,买盘
09:42:50,104.2,0.01,3,31257,买盘
09:42:57,104.18,-0.02,1,10418,买盘
09:42:59,104.19,0.01,18,187528,买盘
09:43:03,104.19,0.0,29,302146,卖盘
09:43:05,104.21,0.02,5,52101,买盘
09:43:09,104.18,-0.03,29,302127,卖盘
09:43:12,104.21,0.03,6,62478,买盘
09:43:18,104.21,0.0,25,260596,买盘
09:43:20,104.22,0.01,14,145951,中性盘
09:43:23,104.27,0.05,1,10427,卖盘
09:43:29,104.28,0.01,2,20854,卖盘
09:43:33,104.29,0.01,4,47970,买盘
09:43:35,104.28,-0.01,6,56311,买盘
09:43:38,104.24,-0.04,2,20852,中性盘
09:43:41,104.28,0.04,4,41708,买盘
09:43:44,104.28,0.0,31,323179,买盘
09:43:47,104.28,0.0,3,31284,卖盘
09:43:50,104.27,-0.01,20,208589,卖盘
09:43:53,104.28,0.01,1,10428,中性盘
09:43:59,104.28,0.0,4,41718,卖盘
09:44:03,104.28,0.0,2,20856,卖盘
09:44:05,104.3,0.02,89,928239,买盘
09:44:09,104.36,0.06,8,83472,买盘
09:44:11,104.34,-0.02,5,52174,卖盘
09:44:14,104.34,0.0,1,10434,卖盘
09:44:17,104.35,0.01,8,83479,买盘
09:44:20,104.38,0.03,20,208727,买盘
09:44:23,104.37,-0.01,2,20875,中性盘
09:44:29,104.38,0.01,3,31314,买盘
09:44:33,104.36,-0.02,1,10436,卖盘
09:44:35,104.4,0.04,1,10440,买盘
09:44:38,104.4,0.0,10,104386,买盘
09:44:41,104.38,-0.02,1,10438,卖盘
09:44:44,104.5,0.12,117,1222371,买盘
09:44:47,104.4,-0.1,5,52194,中性盘
09:44:50,104.32,-0.08,6,62607,卖盘
09:44:53,104.33,0.01,16,166888,卖盘
09:44:57,104.4,0.07,1,10440,买盘
09:45:03,104.4,0.0,3,31312,买盘
09:45:06,104.33,-0.07,7,73038,卖盘
09:45:08,104.33,0.0,5,52165,卖盘
09:45:11,104.32,-0.01,1,10432,卖盘
09:45:14,104.31,-0.01,12,125236,卖盘
09:45:17,104.29,-0.02,87,907409,卖盘
09:45:21,104.2,-0.09,28,291812,卖盘
09:45:23,104.05,-0.15,23,239579,卖盘
09:45:26,104.1,0.05,30,312300,中性盘
09:45:30,104.05,-0.05,14,145691,卖盘
09:45:33,104.05,0.0,6,62434,中性盘
09:45:35,104.05,0.0,7,72831,买盘
09:45:39,104.0,-0.05,9,93629,卖盘
09:45:41,104.15,0.15,7,72871,买盘
09:45:47,104.15,0.0,3,31245,买盘
09:45:54,104.12,-0.03,6,62464,卖盘
09:45:57,104.2,0.08,13,135451,买盘
09:46:00,104.2,0.0,124,1292082,卖盘
09:46:03,104.21,0.01,29,302071,买盘
09:46:06,104.2,-0.01,2,20841,中性盘
09:46:08,104.19,-0.01,3,31258,中性盘
09:46:12,104.05,-0.14,1,10405,中性盘
09:46:14,104.17,0.12,2,20822,买盘
09:46:17,104.2,0.03,8,83359,买盘
09:46:21,104.2,0.0,4,41682,买盘
09:46:24,104.05,-0.15,10,104082,卖盘
09:46:27,104.19,0.14,2,20839,卖盘
09:46:30,104.05,-0.14,1,10405,卖盘
09:46:32,104.05,0.0,4,41636,卖盘
09:46:36,104.2,0.15,5,52096,买盘
09:46:42,104.22,0.02,1,10422,中性盘
09:46:45,104.2,-0.02,8,83360,卖盘
09:46:47,104.23,0.03,7,72957,买盘
09:46:50,104.22,-0.01,4,41691,卖盘
09:46:53,104.21,-0.01,4,41686,中性盘
09:46:57,104.23,0.02,3,31265,买盘
09:46:59,104.2,-0.03,11,114620,卖盘
09:47:03,104.2,0.0,12,125042,卖盘
09:47:06,104.18,-0.02,3,31257,中性盘
09:47:09,104.17,-0.01,1,10417,中性盘
09:47:11,104.18,0.01,2,20835,买盘
09:47:15,104.16,-0.02,2,20832,卖盘
09:47:17,104.17,0.01,2,20834,买盘
09:47:20,104.15,-0.02,2,20830,卖盘
09:47:23,104.16,0.01,14,145824,买盘
09:47:27,104.16,0.0,8,83328,卖盘
09:47:33,104.2,0.04,42,437622,买盘
09:47:36,104.19,-0.01,1,10419,卖盘
09:47:39,104.17,-0.02,4,41674,卖盘
09:47:45,104.19,0.02,4,41676,卖盘
09:47:48,104.23,0.04,2,20843,买盘
09:47:50,104.23,0.0,8,83381,买盘
09:47:54,104.2,-0.03,5,52106,中性盘
09:47:56,104.24,0.04,3,31270,买盘
09:47:59,104.24,0.0,6,62545,中性盘
09:48:02,104.2,-0.04,3,31268,卖盘
09:48:06,104.24,0.04,2,20848,卖盘
09:48:09,104.24,0.0,1,10424,中性盘
09:48:12,104.19,-0.05,4,41682,卖盘
09:48:18,104.24,0.05,1,10424,买盘
09:48:20,104.2,-0.04,5,52099,中性盘
09:48:23,104.2,0.0,5,52099,卖盘
09:48:26,104.23,0.03,6,62522,买盘
09:48:30,104.19,-0.04,4,41678,中性盘
09:48:33,104.2,0.01,3,31264,中性盘
09:48:39,104.2,0.0,1,10420,卖盘
09:48:42,104.2,0.0,37,385537,卖盘
09:48:45,104.18,-0.02,4,41675,卖盘
09:48:47,104.17,-0.01,5,52089,卖盘
09:48:51,104.24,0.07,54,562686,买盘
09:48:54,104.26,0.02,52,542099,买盘
09:48:57,104.26,0.0,48,500591,卖盘
09:49:00,104.32,0.06,19,198239,买盘
09:49:03,104.36,0.04,11,114813,中性盘
09:49:06,104.39,0.03,3,31317,卖盘
09:49:12,104.39,0.0,5,52197,卖盘
09:49:15,104.59,0.2,629,6575609,买盘
09:49:17,104.38,-0.21,65,678629,卖盘
09:49:20,104.55,0.17,15,156617,买盘
09:49:23,104.66,0.11,23,240654,买盘
09:49:27,104.66,0.0,29,303409,买盘
09:49:30,104.39,-0.27,36,376428,卖盘
09:49:32,104.68,0.29,11,115124,买盘
09:49:36,104.69,0.01,15,157041,中性盘
09:49:39,104.68,-0.01,11,115152,中性盘
09:49:42,104.68,0.0,14,146552,卖盘
09:49:45,104.68,0.0,18,188448,买盘
09:49:47,104.68,0.0,11,115149,买盘
09:49:50,104.68,0.0,46,481529,卖盘
09:49:54,104.58,-0.1,5,52330,卖盘
09:49:56,104.58,0.0,4,41855,卖盘
09:49:59,104.57,-0.01,3,31377,卖盘
09:50:02,104.56,-0.01,16,167343,卖盘
09:50:05,104.39,-0.17,56,585495,卖盘
09:50:09,104.6,0.21,9,94050,买盘
09:50:11,104.4,-0.2,42,439181,买盘
09:50:14,104.4,0.0,6,62698,卖盘
09:50:23,104.4,0.0,4,41760,卖盘
09:50:27,104.4,0.0,10,104544,卖盘
09:50:29,104.56,0.16,28,292770,中性盘
09:50:33,104.5,-0.06,39,407634,卖盘
09:50:36,104.56,0.06,16,167170,买盘
09:50:39,104.56,0.0,1,10456,买盘
09:50:41,104.56,0.0,16,167283,买盘
09:50:44,104.57,0.01,38,397168,买盘
09:50:56,104.45,-0.12,1,10445,中性盘
09:50:59,104.45,0.0,5,52240,卖盘
09:51:02,104.46,0.01,25,261030,买盘
09:51:06,104.47,0.01,6,62682,卖盘
09:51:11,104.53,0.06,1,10453,买盘
09:51:17,104.54,0.01,1,10454,卖盘
09:51:20,104.54,0.0,7,73182,卖盘
09:51:24,104.56,0.02,8,83645,买盘
09:51:30,104.56,0.0,5,52274,买盘
09:51:33,104.56,0.0,3,31368,中性盘
09:51:38,104.56,0.0,6,62741,中性盘
09:51:41,104.57,0.01,4,41827,买盘
09:51:47,104.57,0.0,2,20914,卖盘
09:51:50,104.6,0.03,7,73207,买盘
09:51:54,104.6,0.0,7,73216,买盘
09:51:57,104.59,-0.01,1,10459,中性盘
09:52:00,104.6,0.01,6,62760,买盘
09:52:02,104.6,0.0,1,10460,卖盘
09:52:06,104.6,0.0,1,10460,卖盘
09:52:09,104.61,0.01,20,209203,买盘
09:52:12,104.61,0.0,3,31383,卖盘
09:52:21,104.64,0.03,48,502303,中性盘
09:52:24,104.6,-0.04,19,198745,卖盘
09:52:27,104.61,0.01,2,20926,中性盘
09:52:30,104.61,0.0,1,10461,买盘
09:52:33,104.65,0.04,2,20930,买盘
09:52:39,104.65,0.0,1,10465,买盘
09:52:42,104.64,-0.01,6,62786,卖盘
09:52:44,104.65,0.01,11,115111,买盘
09:52:47,104.64,-0.01,9,94180,中性盘
09:52:50,104.63,-0.01,2,20927,卖盘
09:52:53,104.63,0.0,17,177870,买盘
09:52:57,104.63,0.0,6,62773,买盘
09:52:59,104.61,-0.02,7,73229,卖盘
09:53:03,104.6,-0.01,14,146443,卖盘
09:53:05,104.5,-0.1,42,439109,卖盘
09:53:08,104.47,-0.03,6,62712,卖盘
09:53:11,104.46,-0.01,10,104524,卖盘
09:53:15,104.46,0.0,4,41810,买盘
09:53:17,104.47,0.01,4,41785,买盘
09:53:20,104.46,-0.01,23,240248,买盘
09:53:23,104.47,0.01,14,146246,买盘
09:53:27,104.48,0.01,3,31344,中性盘
09:53:30,104.48,0.0,2,20896,卖盘
09:53:33,104.58,0.1,3,31374,买盘
09:53:36,104.58,0.0,2,20916,中性盘
09:53:39,104.58,0.0,1,10458,中性盘
09:53:45,104.61,0.03,19,198722,买盘
09:53:47,104.59,-0.02,19,198723,卖盘
09:53:50,104.58,-0.01,14,146412,卖盘
09:53:54,104.55,-0.03,3,31371,中性盘
09:53:57,104.58,0.03,4,41835,中性盘
09:53:59,104.46,-0.12,10,104467,卖盘
09:54:03,104.55,0.09,2,20902,买盘
09:54:05,104.59,0.04,15,156867,买盘
09:54:09,104.59,0.0,22,230098,买盘
09:54:12,104.59,0.0,5,52293,卖盘
09:54:17,104.6,0.01,9,94140,买盘
09:54:20,104.61,0.01,18,188298,买盘
09:54:24,104.63,0.02,83,868430,买盘
09:54:30,104.66,0.03,16,167453,买盘
09:54:33,104.63,-0.03,25,261664,卖盘
09:54:35,104.7,0.07,62,648997,买盘
09:54:39,104.7,0.0,1,10470,卖盘
09:54:41,104.7,0.0,1,10470,卖盘
09:54:45,104.72,0.02,21,219888,买盘
09:54:47,104.74,0.02,8,83781,买盘
09:54:50,104.7,-0.04,4,41877,买盘
09:54:54,104.7,0.0,3,31408,买盘
09:54:57,104.72,0.02,1,10472,买盘
09:54:59,104.75,0.03,17,178051,买盘
09:55:03,104.75,0.0,16,167614,卖盘
09:55:06,104.74,-0.01,7,73319,卖盘
09:55:09,104.73,-0.01,8,83784,中性盘
09:55:12,104.71,-0.02,9,94240,卖盘
09:55:14,104.75,0.04,43,450400,买盘
09:55:17,104.73,-0.02,13,136161,卖盘
09:55:20,104.73,0.0,14,146584,买盘
09:55:24,104.75,0.02,41,429465,买盘
09:55:27,104.71,-0.04,10,104728,卖盘
09:55:30,104.69,-0.02,6,62817,卖盘
09:55:33,104.7,0.01,37,387386,买盘
09:55:36,104.64,-0.06,27,282631,卖盘
09:55:38,104.7,0.06,11,115155,买盘
09:55:42,104.7,0.0,3,31410,卖盘
09:55:45,104.66,-0.04,10,104672,卖盘
09:55:47,104.6,-0.06,10,104627,卖盘
09:55:50,104.64,0.04,5,52332,中性盘
09:55:52,104.66,0.02,6,62796,中性盘
09:55:56,104.69,0.03,8,83731,买盘
09:56:00,104.69,0.0,5,52341,买盘
09:56:03,104.7,0.01,43,450267,买盘
09:56:05,104.62,-0.08,58,606913,卖盘
09:56:08,104.67,0.05,9,94179,买盘
09:56:12,104.66,-0.01,16,167484,中性盘
09:56:16,104.66,0.0,15,156990,卖盘
09:56:20,104.67,0.01,4,41872,卖盘
09:56:23,104.67,0.0,3,31401,卖盘
09:56:32,104.73,0.06,2,20945,买盘
09:56:36,104.7,-0.03,5,52350,卖盘
09:56:42,104.76,0.06,33,345639,买盘
09:56:45,104.73,-0.03,7,73315,卖盘
09:56:47,104.75,0.02,27,282869,卖盘
09:56:50,104.74,-0.01,19,199045,中性盘
09:56:54,104.76,0.02,8,83803,买盘
09:56:57,104.76,0.0,5,52382,卖盘
09:57:00,104.75,-0.01,9,94281,卖盘
09:57:03,104.75,0.0,19,199020,卖盘
09:57:05,104.72,-0.03,34,356088,卖盘
09:57:08,104.72,0.0,26,272276,卖盘
09:57:12,104.71,-0.01,12,125652,卖盘
09:57:14,104.68,-0.03,24,251294,卖盘
09:57:17,104.67,-0.01,21,219793,卖盘
09:57:20,104.7,0.03,31,324546,买盘
09:57:24,104.72,0.02,21,219876,买盘
09:57:29,104.71,-0.01,4,41886,中性盘
09:57:32,104.72,0.01,2,20943,买盘
09:57:36,104.72,0.0,204,2135317,卖盘
09:57:38,104.59,-0.13,27,282427,卖盘
09:57:42,104.6,0.01,12,125603,买盘
09:57:47,104.72,0.12,12,125622,买盘
09:57:50,104.6,-0.12,2,20920,卖盘
09:57:53,104.71,0.11,1,10471,买盘
09:57:56,104.72,0.01,6,62832,买盘
09:58:00,104.72,0.0,1,10472,卖盘
09:58:03,104.68,-0.04,43,450274,卖盘
09:58:07,104.55,-0.13,23,240557,卖盘
09:58:12,104.72,0.17,9,94244,买盘
09:58:15,104.71,-0.01,1,10471,中性盘
09:58:17,104.7,-0.01,4,41883,卖盘
09:58:20,104.6,-0.1,6,62763,卖盘
09:58:30,104.7,0.1,1,10470,买盘
09:58:42,104.61,-0.09,5,52305,卖盘
09:58:43,104.61,0.0,1,10461,卖盘
09:58:46,104.61,0.0,41,428901,卖盘
09:58:53,104.6,-0.01,10,104605,卖盘
09:58:56,104.62,0.02,6,62772,卖盘
09:58:59,104.68,0.06,2,20930,买盘
09:59:02,104.62,-0.06,2,20925,卖盘
09:59:10,104.62,0.0,1,10462,卖盘
09:59:13,104.62,0.0,15,156930,卖盘
09:59:17,104.62,0.0,4,41848,卖盘
09:59:20,104.63,0.01,1,10463,买盘
09:59:23,104.62,-0.01,8,83696,卖盘
09:59:26,104.62,0.0,3,31386,卖盘
09:59:30,104.62,0.0,1,10462,卖盘
09:59:31,104.63,0.01,20,209260,买盘
09:59:34,104.63,0.0,2,20925,中性盘
09:59:38,104.62,-0.01,10,104620,卖盘
09:59:41,104.62,0.0,5,52310,卖盘
09:59:44,104.62,0.0,4,41854,卖盘
09:59:47,104.62,0.0,2,20924,卖盘
09:59:50,104.62,0.0,10,104629,卖盘
09:59:56,104.65,0.03,5,52319,买盘
10:00:02,104.67,0.02,5,52335,买盘
10:00:05,104.67,0.0,30,314034,卖盘
10:00:07,104.7,0.03,20,209384,买盘
10:00:10,104.69,-0.01,44,460682,卖盘
10:00:13,104.66,-0.03,125,1308502,卖盘
10:00:16,104.65,-0.01,53,554702,卖盘
10:00:20,104.72,0.07,5,53907,买盘
10:00:24,104.66,-0.06,3,31403,卖盘
10:00:26,104.68,0.02,1,10468,卖盘
10:00:34,104.69,0.01,3,31407,买盘
10:00:41,104.69,0.0,3,31407,中性盘
10:00:43,104.68,-0.01,5,52340,卖盘
10:00:47,104.71,0.03,9,94228,买盘
10:00:50,104.68,-0.03,19,198885,卖盘
10:00:53,104.67,-0.01,13,136099,卖盘
10:00:56,104.67,0.0,14,146570,中性盘
10:00:59,104.7,0.03,2,20940,买盘
10:01:01,104.69,-0.01,11,115177,中性盘
10:01:04,104.69,0.0,5,52342,买盘
10:01:08,104.68,-0.01,2,20938,卖盘
10:01:11,104.71,0.03,2,20941,买盘
10:01:14,104.7,-0.01,1,10470,卖盘
10:01:17,104.71,0.01,54,565382,买盘
10:01:20,104.69,-0.02,12,125628,卖盘
10:01:23,104.63,-0.06,6,62800,卖盘
10:01:29,104.71,0.08,7,73292,买盘
10:01:32,104.71,0.0,34,356009,卖盘
10:01:35,104.64,-0.07,8,83754,卖盘
10:01:38,104.69,0.05,6,62789,买盘
10:01:41,104.7,0.01,1,10470,买盘
10:01:44,104.7,0.0,20,209400,买盘
10:01:50,104.65,-0.05,7,73248,卖盘
10:01:53,104.68,0.03,3,31404,中性盘
10:01:56,104.65,-0.03,3,31395,卖盘
10:01:59,104.65,0.0,2,20930,卖盘
10:02:01,104.69,0.04,8,83743,买盘
10:02:04,104.68,-0.01,5,52337,中性盘
10:02:08,104.69,0.01,14,146566,买盘
10:02:11,104.7,0.01,4,41878,买盘
10:02:14,104.69,-0.01,6,62814,卖盘
10:02:17,104.69,0.0,12,125628,卖盘
10:02:19,104.67,-0.02,1,10467,买盘
10:02:23,104.65,-0.02,3,31395,卖盘
10:02:26,104.66,0.01,7,73256,中性盘
10:02:29,104.69,0.03,10,104679,买盘
10:02:35,104.66,-0.03,7,73263,卖盘
10:02:38,104.66,0.0,17,177919,买盘
10:02:41,104.67,0.01,9,94195,买盘
10:02:47,104.69,0.02,4,41875,买盘
10:02:49,104.66,-0.03,1,10466,卖盘
10:02:53,104.69,0.03,3,31407,买盘
10:02:55,104.69,0.0,4,41873,买盘
10:03:00,104.69,0.0,22,230329,买盘
10:03:02,104.67,-0.02,2,20934,卖盘
10:03:05,104.68,0.01,2,20934,买盘
10:03:11,104.67,-0.01,1,10467,卖盘
10:03:14,104.67,0.0,5,52342,中性盘
10:03:17,104.68,0.01,1,10468,买盘
10:03:23,104.68,0.0,11,115147,买盘
10:03:26,104.68,0.0,12,125611,卖盘
10:03:29,104.67,-0.01,4,41869,卖盘
10:03:31,104.67,0.0,8,83738,卖盘
10:03:34,104.67,0.0,5,52335,卖盘
10:03:38,104.67,0.0,3,31401,卖盘
10:03:41,104.68,0.01,2,20935,买盘
10:03:47,104.66,-0.02,4,41870,卖盘
10:03:49,104.68,0.02,2,20936,买盘
10:03:53,104.68,0.0,2,20936,卖盘
10:03:56,104.68,0.0,3,31404,卖盘
10:03:59,104.68,0.0,1,10468,卖盘
10:04:02,104.68,0.0,3,31404,卖盘
10:04:05,104.67,-0.01,6,62807,中性盘
10:04:08,104.68,0.01,15,157039,中性盘
10:04:17,104.69,0.01,1,10469,卖盘
10:04:20,104.69,0.0,1,10469,卖盘
10:04:26,104.7,0.01,5,52347,买盘
10:04:28,104.69,-0.01,7,73289,卖盘
10:04:32,104.69,0.0,1,10469,卖盘
10:04:35,104.69,0.0,17,177975,卖盘
10:04:38,104.68,-0.01,57,596730,卖盘
10:04:41,104.67,-0.01,23,240765,卖盘
10:04:44,104.64,-0.03,35,366290,卖盘
10:04:46,104.63,-0.01,23,240651,卖盘
10:04:50,104.63,0.0,8,83704,中性盘
10:04:53,104.62,-0.01,1,10462,卖盘
10:04:58,104.63,0.01,1,10463,中性盘
10:05:01,104.62,-0.01,22,230199,卖盘
10:05:07,104.62,0.0,2,20924,卖盘
10:05:11,104.66,0.04,5,52318,买盘
10:05:14,104.62,-0.04,11,115086,卖盘
10:05:17,104.62,0.0,3,31386,卖盘
10:05:20,104.64,0.02,8,83708,买盘
10:05:26,104.64,0.0,3,31392,卖盘
10:05:29,104.64,0.0,1,10464,卖盘
10:05:37,104.64,0.0,7,73252,卖盘
10:05:40,104.64,0.0,5,52327,卖盘
10:05:44,104.64,0.0,2,20928,卖盘
10:05:46,104.62,-0.02,13,136020,卖盘
10:05:50,104.64,0.02,4,41857,买盘
10:05:53,104.64,0.0,2,20928,卖盘
10:05:56,104.64,0.0,18,188355,卖盘
10:05:58,104.64,0.0,4,41857,买盘
10:06:01,104.62,-0.02,3,31386,卖盘
10:06:05,104.64,0.02,3,31392,买盘
10:06:14,104.67,0.03,6,62794,买盘
10:06:16,104.65,-0.02,1,10465,中性盘
10:06:26,104.66,0.01,3,31398,卖盘
10:06:29,104.68,0.02,8,83742,买盘
10:06:32,104.66,-0.02,2,20932,卖盘
10:06:34,104.68,0.02,10,104678,买盘
10:06:37,104.68,0.0,6,62808,卖盘
10:06:40,104.68,0.0,5,52341,卖盘
10:06:43,104.68,0.0,40,418750,卖盘
10:06:46,104.68,0.0,21,219846,卖盘
10:06:50,104.69,0.01,3,31407,买盘
10:06:52,104.68,-0.01,9,94212,卖盘
10:06:56,104.68,0.0,1,10468,卖盘
10:07:02,104.68,0.0,4,41875,卖盘
10:07:05,104.69,0.01,2,20938,买盘
10:07:17,104.69,0.0,6,62814,卖盘
10:07:23,104.69,0.0,3,31409,卖盘
10:07:26,104.69,0.0,3,31407,卖盘
10:07:29,104.7,0.01,3,31410,买盘
10:07:32,104.69,-0.01,4,41877,卖盘
10:07:38,104.7,0.01,1,10470,买盘
10:07:41,104.71,0.01,107,1120321,买盘
10:07:44,104.7,-0.01,49,513108,中性盘
10:07:47,104.75,0.05,18,188538,买盘
10:07:50,104.75,0.0,5,52363,买盘
10:07:53,104.75,0.0,1,10475,买盘
10:08:02,104.75,0.0,8,83800,买盘
10:08:04,104.75,0.0,45,471471,卖盘
10:08:08,104.84,0.09,349,3657383,买盘
10:08:11,104.95,0.11,117,1227175,买盘
10:08:14,104.96,0.01,13,136445,买盘
10:08:17,104.98,0.02,68,713857,买盘
10:08:20,105.0,0.02,55,577470,买盘
10:08:23,105.0,0.0,252,2645975,买盘
10:08:26,105.02,0.02,387,4063563,买盘
10:08:28,105.15,0.13,211,2217526,买盘
10:08:32,105.2,0.05,38,399628,买盘
10:08:35,105.21,0.01,30,315599,买盘
10:08:38,105.2,-0.01,91,957560,卖盘
10:08:40,105.19,-0.01,30,315570,买盘
10:08:44,105.22,0.03,45,473363,买盘
10:08:47,105.27,0.05,11,115756,买盘
10:08:50,105.17,-0.1,79,830919,卖盘
10:08:53,105.2,0.03,52,546918,买盘
10:08:56,105.29,0.09,34,357815,买盘
10:09:02,105.29,0.0,19,200033,买盘
10:09:05,105.29,0.0,6,63178,卖盘
10:09:08,105.29,0.0,105,1105084,卖盘
10:09:11,105.29,0.0,145,1526264,卖盘
10:09:13,105.24,-0.05,9,94722,卖盘
10:09:17,105.24,0.0,16,168357,中性盘
10:09:20,105.24,0.0,26,273634,买盘
10:09:23,105.3,0.06,179,1884847,买盘
10:09:26,105.24,-0.06,5,52616,中性盘
10:09:29,105.2,-0.04,28,294566,卖盘
10:09:32,105.23,0.03,14,147308,买盘
10:09:35,105.12,-0.11,3,31556,卖盘
10:09:38,105.22,0.1,6,63098,买盘
10:09:41,105.12,-0.1,1,10512,卖盘
10:09:44,105.03,-0.09,4,42021,卖盘
10:09:46,105.19,0.16,10,105160,买盘
10:09:53,105.18,-0.01,4,42072,中性盘
10:09:55,105.05,-0.13,13,136701,卖盘
10:09:58,105.02,-0.03,15,157544,卖盘
10:10:02,105.14,0.12,5,52524,买盘
10:10:04,105.05,-0.09,6,63023,卖盘
10:10:08,105.0,-0.05,3,31515,卖盘
10:10:13,105.0,0.0,11,115527,卖盘
10:10:16,105.05,0.05,1,10505,买盘
10:10:22,105.05,0.0,2,21010,卖盘
10:10:26,105.05,0.0,4,42025,卖盘
10:10:29,105.1,0.05,2,21020,买盘
10:10:32,105.1,0.0,1,10510,卖盘
10:10:35,105.12,0.02,1,10617,买盘
10:10:38,105.19,0.07,25,262929,买盘
10:10:41,105.12,-0.07,4,42048,卖盘
10:10:44,105.14,0.02,2,21031,卖盘
10:10:47,105.19,0.05,34,357644,买盘
10:10:49,105.2,0.01,23,241959,买盘
10:10:52,105.2,0.0,10,105200,卖盘
10:10:56,105.22,0.02,23,242006,买盘
10:10:59,105.2,-0.02,5,52600,卖盘
10:11:01,105.28,0.08,39,410485,买盘
10:11:05,105.28,0.0,1,10528,买盘
10:11:08,105.23,-0.05,2,21046,卖盘
10:11:14,105.24,0.01,2,21047,买盘
10:11:17,105.25,0.01,4,42100,买盘
10:11:20,105.21,-0.04,16,169196,卖盘
10:11:23,105.24,0.03,5,52616,买盘
10:11:26,105.24,0.0,6,63144,卖盘
10:11:29,105.24,0.0,13,136807,卖盘
10:11:31,105.24,0.0,2,21048,买盘
10:11:35,105.24,0.0,7,73668,买盘
10:11:38,105.23,-0.01,13,136809,卖盘
10:11:44,105.23,0.0,3,31569,卖盘
10:11:46,105.23,0.0,6,63138,卖盘
10:11:49,105.25,0.02,8,84188,买盘
10:11:53,105.23,-0.02,42,441967,卖盘
10:11:55,105.18,-0.05,34,356869,卖盘
10:11:59,105.21,0.03,24,252495,买盘
10:12:01,105.12,-0.09,2,21026,卖盘
10:12:05,105.12,0.0,2,21026,卖盘
10:12:08,105.21,0.09,3,31562,买盘
10:12:10,105.2,-0.01,3,31560,中性盘
10:12:19,105.19,-0.01,13,136732,买盘
10:12:23,105.12,-0.07,29,304854,卖盘
10:12:26,105.12,0.0,37,388995,卖盘
10:12:32,105.1,-0.02,13,136630,卖盘
10:12:35,105.11,0.01,20,210196,买盘
10:12:41,105.05,-0.06,2,21010,卖盘
10:12:44,105.05,0.0,3,31520,卖盘
10:12:46,105.05,0.0,15,157540,买盘
10:12:49,105.0,-0.05,1,10500,买盘
10:12:56,104.97,-0.03,3,37790,卖盘
10:12:58,104.97,0.0,1,10497,卖盘
10:13:11,104.97,0.0,10,104970,卖盘
10:13:16,105.0,0.03,1,10500,买盘
10:13:22,105.0,0.0,4,42000,买盘
10:13:26,105.0,0.0,1,10500,买盘
10:13:29,105.0,0.0,8,84000,买盘
10:13:32,105.0,0.0,8,83999,买盘
10:13:41,105.05,0.05,56,588280,买盘
10:13:46,105.05,0.0,1,10505,卖盘
10:13:50,105.05,0.0,4,42024,卖盘
10:13:53,105.05,0.0,13,136565,卖盘
10:13:56,105.05,0.0,6,63030,买盘
10:13:58,105.05,0.0,1,10505,买盘
10:14:02,105.05,0.0,1,10505,买盘
10:14:04,105.05,0.0,5,52525,买盘
10:14:08,105.05,0.0,1,10505,买盘
10:14:11,105.0,-0.05,6,63025,卖盘
10:14:14,105.05,0.05,20,210095,买盘
10:14:17,105.0,-0.05,5,52500,卖盘
10:14:20,105.05,0.05,1,10505,卖盘
10:14:22,105.05,0.0,4,42022,卖盘
10:14:26,105.05,0.0,4,42020,卖盘
10:14:31,105.09,0.04,1,10509,买盘
10:14:34,105.09,0.0,3,31527,买盘
10:14:40,105.09,0.0,1,10509,卖盘
10:14:44,105.1,0.01,10,105100,买盘
10:14:47,105.12,0.02,6,63069,买盘
10:14:50,105.11,-0.01,2,21025,中性盘
10:14:52,105.11,0.0,1,10511,买盘
10:14:59,105.1,-0.01,2,21020,卖盘
10:15:02,105.17,0.07,23,241807,买盘
10:15:05,105.17,0.0,1,10517,买盘
10:15:07,105.17,0.0,1,10517,买盘
10:15:13,105.19,0.02,9,94675,买盘
10:15:17,105.19,0.0,6,63114,卖盘
10:15:20,105.19,0.0,3,31558,卖盘
10:15:22,105.1,-0.09,257,2701158,卖盘
10:15:25,105.1,0.0,18,189180,买盘
10:15:28,105.1,0.0,39,409874,买盘
10:15:31,105.05,-0.05,17,178709,卖盘
10:15:35,105.0,-0.05,3,31505,卖盘
10:15:38,105.0,0.0,4,42005,卖盘
10:15:41,104.99,-0.01,17,178498,卖盘
10:15:44,104.93,-0.06,15,157467,卖盘
10:15:47,104.98,0.05,9,94468,中性盘
10:15:55,104.98,0.0,1,10498,卖盘
10:15:59,104.99,0.01,4,41996,买盘
10:16:01,105.0,0.01,3,31499,买盘
10:16:04,104.99,-0.01,1,10499,卖盘
10:16:08,105.0,0.01,20,209984,买盘
10:16:10,104.93,-0.07,17,178426,卖盘
10:16:13,104.84,-0.09,55,576641,卖盘
10:16:17,105.0,0.16,7,73467,买盘
10:16:26,105.0,0.0,3,31500,卖盘
10:16:29,105.05,0.05,4,42020,买盘
10:16:35,105.04,-0.01,3,31514,中性盘
10:16:41,105.0,-0.04,23,241514,卖盘
10:16:44,104.9,-0.1,5,52459,卖盘
10:16:47,105.0,0.1,18,189000,买盘
10:16:50,104.9,-0.1,2,20980,卖盘
10:16:59,105.0,0.1,44,461997,买盘
10:17:02,104.91,-0.09,6,62946,卖盘
10:17:05,104.91,0.0,1,10491,中性盘
10:17:07,105.0,0.09,43,451500,买盘
10:17:10,104.96,-0.04,15,157480,中性盘
10:17:13,104.91,-0.05,5,52473,卖盘
10:17:16,105.0,0.09,6,63000,买盘
10:17:20,104.9,-0.1,1,10490,卖盘
10:17:23,104.9,0.0,1,10490,卖盘
10:17:28,104.9,0.0,3,31488,卖盘
10:17:32,105.0,0.1,2,21000,买盘
10:17:35,104.9,-0.1,1,10490,卖盘
10:17:38,105.0,0.1,9,94499,买盘
10:17:41,104.91,-0.09,1,10491,卖盘
10:17:44,104.95,0.04,2,20990,买盘
10:17:47,104.95,0.0,72,757843,买盘
10:17:53,104.9,-0.05,15,157362,卖盘
10:17:58,104.95,0.05,2,20985,买盘
10:18:02,104.95,0.0,1,10495,卖盘
10:18:07,104.95,0.0,2,20990,卖盘
10:18:10,104.95,0.0,1,10495,卖盘
10:18:14,104.95,0.0,1,10495,卖盘
10:18:20,104.95,0.0,7,73468,卖盘
10:18:23,104.9,-0.05,2,20980,卖盘
10:18:27,104.95,0.05,9,94450,买盘
10:18:29,104.95,0.0,6,62970,卖盘
10:18:32,104.9,-0.05,3,31475,卖盘
10:18:35,104.95,0.05,67,703461,买盘
10:18:40,104.94,-0.01,13,136378,买盘
10:18:44,104.99,0.05,8,83961,买盘
10:18:47,104.94,-0.05,4,41976,卖盘
10:19:01,104.94,0.0,1,10494,卖盘
10:19:05,104.94,0.0,6,62966,卖盘
10:19:08,104.95,0.01,9,94450,买盘
10:19:11,104.94,-0.01,10,104940,卖盘
10:19:14,104.94,0.0,11,115422,买盘
10:19:17,104.94,0.0,1,10494,卖盘
10:19:20,104.93,-0.01,1,10493,买盘
10:19:25,104.9,-0.03,3,31470,卖盘
10:19:35,104.92,0.02,1,10492,买盘
10:19:38,104.93,0.01,4,41971,买盘
10:19:40,104.93,0.0,1,10493,买盘
10:19:44,104.93,0.0,3,31479,买盘
10:19:47,104.94,0.01,9,94442,买盘
10:19:49,104.9,-0.04,2,20980,卖盘
10:19:52,104.94,0.04,10,104924,中性盘
10:19:57,104.9,-0.04,12,125880,卖盘
10:19:59,104.89,-0.01,2,20978,中性盘
10:20:02,104.95,0.06,1,10495,买盘
10:20:14,104.9,-0.05,17,178341,卖盘
10:20:17,104.88,-0.02,2,20976,卖盘
10:20:20,104.9,0.02,2,20978,买盘
10:20:26,104.9,0.0,7,73430,买盘
10:20:29,104.9,0.0,24,251755,买盘
10:20:32,104.88,-0.02,10,104896,卖盘
10:20:35,104.88,0.0,1,10488,卖盘
10:20:38,104.9,0.02,5,52450,买盘
10:20:41,104.9,0.0,2,20980,卖盘
10:20:47,104.95,0.05,243,2550248,买盘
10:20:49,104.95,0.0,8,83984,卖盘
10:20:53,104.9,-0.05,11,115425,卖盘
10:20:56,104.99,0.09,165,1732511,中性盘
10:20:59,105.0,0.01,41,430524,买盘
10:21:02,104.99,-0.01,12,125990,卖盘
10:21:05,105.0,0.01,5,52502,买盘
10:21:09,105.0,0.0,3,31498,买盘
10:21:11,105.02,0.02,7,73505,买盘
10:21:14,105.08,0.06,12,126054,买盘
10:21:17,105.1,0.02,8,84073,买盘
10:21:19,105.12,0.02,7,73556,买盘
10:21:23,105.06,-0.06,3,31518,卖盘
10:21:29,105.12,0.06,4,42030,买盘
10:21:32,105.06,-0.06,8,84112,卖盘
10:21:35,105.18,0.12,12,126197,买盘
10:21:37,105.19,0.01,13,136740,买盘
10:21:41,105.19,0.0,10,105138,买盘
10:21:44,105.19,0.0,4,42074,买盘
10:21:47,105.19,0.0,1,10519,卖盘
10:21:50,105.19,0.0,15,157791,卖盘
10:21:52,105.19,0.0,5,52595,卖盘
10:21:55,105.18,-0.01,2,21036,卖盘
10:22:02,105.18,0.0,21,220898,卖盘
10:22:06,105.07,-0.11,3,31521,卖盘
10:22:08,105.07,0.0,1,10507,卖盘
10:22:12,105.07,0.0,3,31521,卖盘
10:22:14,105.17,0.1,1,10517,买盘
10:22:17,105.07,-0.1,6,63092,卖盘
10:22:20,105.18,0.11,1,10518,买盘
10:22:22,105.17,-0.01,13,136721,卖盘
10:22:25,105.07,-0.1,11,115577,卖盘
10:22:28,104.99,-0.08,16,168107,卖盘
10:22:35,105.15,0.16,1,10515,买盘
10:22:39,105.06,-0.09,3,31518,卖盘
10:22:42,105.15,0.09,13,136695,买盘
10:22:43,105.15,0.0,11,115670,买盘
10:22:47,105.0,-0.15,7,73512,卖盘
10:22:49,105.0,0.0,2,21000,卖盘
10:22:57,105.0,0.0,6,63000,卖盘
10:22:59,105.05,0.05,13,136575,中性盘
10:23:02,105.07,0.02,21,220568,买盘
10:23:05,104.99,-0.08,2,20999,卖盘
10:23:12,104.99,0.0,2,20998,卖盘
10:23:14,105.0,0.01,5,52500,买盘
10:23:17,105.09,0.09,4,42036,中性盘
10:23:21,105.14,0.05,6,63064,买盘
10:23:23,105.1,-0.04,4,32581,卖盘
10:23:26,105.1,0.0,2,21020,卖盘
10:23:29,105.0,-0.1,8,84069,卖盘
10:23:32,105.0,0.0,2,21000,卖盘
10:23:34,105.09,0.09,4,42036,买盘
10:23:42,105.0,-0.09,5,52500,卖盘
10:23:44,105.0,0.0,1,10500,卖盘
10:23:47,104.99,-0.01,8,83997,卖盘
10:23:57,104.99,0.0,2,20998,卖盘
10:23:59,104.99,0.0,11,115493,卖盘
10:24:05,105.0,0.01,3,31500,卖盘
10:24:07,105.0,0.0,3,31500,卖盘
10:24:11,105.0,0.0,4,42007,卖盘
10:24:14,105.0,0.0,15,157490,买盘
10:24:20,104.99,-0.01,9,94495,卖盘
10:24:23,105.0,0.01,4,42000,卖盘
10:24:29,105.0,0.0,5,52500,卖盘
10:24:32,105.0,0.0,3,31500,买盘
10:24:35,105.0,0.0,2,21000,中性盘
10:24:39,105.0,0.0,29,304548,卖盘
10:24:42,105.04,0.04,5,52504,买盘
10:24:44,105.04,0.0,2,21008,买盘
10:24:47,105.01,-0.03,3,31502,中性盘
10:24:50,105.05,0.04,8,84020,买盘
10:24:53,105.05,0.0,3,31514,卖盘
10:24:56,105.01,-0.04,7,73527,卖盘
10:25:06,105.05,0.04,14,147033,买盘
10:25:08,105.0,-0.05,18,189045,卖盘
10:25:12,105.0,0.0,6,63000,买盘
10:25:14,104.99,-0.01,14,146987,卖盘
10:25:17,104.98,-0.01,22,240433,卖盘
10:25:19,104.99,0.01,6,62993,买盘
10:25:27,104.99,0.0,2,20998,买盘
10:25:39,104.99,0.0,1,10499,买盘
10:25:44,104.99,0.0,13,136471,买盘
10:25:51,104.99,0.0,6,62954,买盘
10:25:52,104.91,-0.08,3,31473,卖盘
10:25:57,104.9,-0.01,2,20989,卖盘
10:25:59,104.91,0.01,3,31481,中性盘
10:26:02,104.91,0.0,2,20982,卖盘
10:26:12,104.99,0.08,3,31497,买盘
10:26:14,104.99,0.0,9,94459,买盘
10:26:29,104.91,-0.08,3,31473,卖盘
10:26:32,104.99,0.08,10,104990,买盘
10:26:35,104.91,-0.08,10,104918,卖盘
10:26:44,104.91,0.0,5,52461,卖盘
10:26:51,104.91,0.0,1,10491,卖盘
10:26:57,104.91,0.0,9,94419,卖盘
10:27:00,104.91,0.0,6,62946,买盘
10:27:09,104.99,0.08,5,52491,买盘
10:27:12,104.98,-0.01,1,10498,中性盘
10:27:15,104.99,0.01,21,220476,买盘
10:27:17,104.98,-0.01,25,262454,卖盘
10:27:20,104.96,-0.02,19,199462,卖盘
10:27:27,104.96,0.0,2,20992,买盘
10:27:30,104.96,0.0,98,1028600,买盘
10:27:32,104.95,-0.01,7,73456,中性盘
10:27:36,104.95,0.0,4,41985,卖盘
10:27:42,104.98,0.03,7,73484,买盘
10:27:47,104.96,-0.02,4,41984,卖盘
10:27:51,104.96,0.0,5,52480,卖盘
10:27:59,104.95,-0.01,25,262431,卖盘
10:28:02,104.96,0.01,7,73472,买盘
10:28:06,104.95,-0.01,11,115445,卖盘
10:28:09,104.95,0.0,1,10495,卖盘
10:28:10,104.96,0.01,10,104914,买盘
10:28:14,104.76,-0.2,29,303840,卖盘
10:28:17,104.71,-0.05,68,712056,卖盘
10:28:23,104.75,0.04,4,41901,卖盘
10:28:27,104.76,0.01,3,31424,买盘
10:28:32,104.8,0.04,31,324609,买盘
10:28:36,104.68,-0.12,4,41894,卖盘
10:28:41,104.68,0.0,13,136106,卖盘
10:28:56,104.9,0.22,1,10490,买盘
10:29:02,104.75,-0.15,1,10475,中性盘
10:29:06,104.9,0.15,1,10490,买盘
10:29:08,104.75,-0.15,34,356555,卖盘
10:29:12,104.9,0.15,34,356660,买盘
10:29:15,104.89,-0.01,1,10489,中性盘
10:29:17,104.9,0.01,13,136370,买盘
10:29:20,104.9,0.0,5,52450,卖盘
10:29:27,104.9,0.0,3,31472,卖盘
10:29:29,104.91,0.01,3,31473,中性盘
10:29:38,104.95,0.04,4,41980,买盘
10:29:45,104.95,0.0,2,20985,中性盘
10:29:47,104.99,0.04,14,146944,买盘
10:29:50,104.9,-0.09,1,10490,卖盘
10:29:54,104.99,0.09,3,31497,买盘
10:29:59,104.9,-0.09,1,10490,卖盘
10:30:02,104.99,0.09,1,10499,买盘
10:30:09,104.91,-0.08,1,10491,卖盘
10:30:15,104.99,0.08,5,52492,买盘
10:30:17,105.0,0.01,5,52496,买盘
10:30:21,105.0,0.0,5,52491,买盘
10:30:23,104.99,-0.01,1,10499,中性盘
10:30:29,105.0,0.01,33,346500,买盘
10:30:32,105.0,0.0,14,146955,买盘
10:30:36,105.0,0.0,3,31496,买盘
10:30:41,105.0,0.0,7,73500,买盘
10:30:47,105.0,0.0,1,10500,卖盘
10:30:50,105.0,0.0,1,10500,卖盘
10:30:57,105.05,0.05,20,210098,买盘
10:30:59,105.05,0.0,6,63030,卖盘
10:31:02,105.06,0.01,1,10506,买盘
10:31:15,105.07,0.01,5,52533,买盘
10:31:17,105.07,0.0,1,10507,买盘
10:31:24,105.07,0.0,5,52535,买盘
10:31:27,105.07,0.0,2,21014,卖盘
10:31:32,105.07,0.0,7,73549,卖盘
10:31:42,105.08,0.01,13,136603,买盘
10:31:44,105.1,0.02,180,1891759,买盘
10:31:50,105.12,0.02,16,168164,买盘
10:31:56,105.12,0.0,1,10512,卖盘
10:31:59,105.14,0.02,3,31542,买盘
10:32:02,105.15,0.01,21,220813,买盘
10:32:06,105.15,0.0,1,10515,卖盘
10:32:12,105.16,0.01,4,42063,买盘
10:32:14,105.17,0.01,11,115686,买盘
10:32:17,105.18,0.01,19,199828,买盘
10:32:23,105.18,0.0,1,10518,买盘
10:32:27,105.17,-0.01,1,10517,卖盘
10:32:30,105.18,0.01,6,63108,买盘
10:32:39,105.18,0.0,3,31554,卖盘
10:32:41,105.18,0.0,2,21037,卖盘
10:32:45,105.18,0.0,6,63108,卖盘
10:32:47,105.18,0.0,2,21036,卖盘
10:32:51,105.18,0.0,13,136746,卖盘
10:32:54,105.18,0.0,9,94664,卖盘
10:32:56,105.19,0.01,10,105190,中性盘
10:33:00,105.19,0.0,13,136749,卖盘
10:33:02,105.2,0.01,6,63120,买盘
10:33:06,105.19,-0.01,25,262996,卖盘
10:33:09,105.19,0.0,1,10519,卖盘
10:33:17,105.2,0.01,20,210399,买盘
10:33:21,105.2,0.0,10,105196,买盘
10:33:24,105.2,0.0,2,21040,卖盘
10:33:27,105.21,0.01,7,73645,买盘
10:33:30,105.21,0.0,2,21042,卖盘
10:33:32,105.21,0.0,2,21042,卖盘
10:33:36,105.21,0.0,4,42084,卖盘
10:33:39,105.21,0.0,2,21042,卖盘
10:33:42,105.21,0.0,6,63128,卖盘
10:33:45,105.21,0.0,7,73647,卖盘
10:33:47,105.2,-0.01,7,73648,卖盘
10:33:51,105.19,-0.01,7,73648,卖盘
10:33:54,105.2,0.01,5,52596,中性盘
10:33:57,105.19,-0.01,10,105197,卖盘
10:34:00,105.19,0.0,3,31557,卖盘
10:34:06,105.19,0.0,1,10519,卖盘
10:34:09,105.2,0.01,4,42079,买盘
10:34:12,105.19,-0.01,2,21038,卖盘
10:34:14,105.19,0.0,24,252468,卖盘
10:34:17,105.19,0.0,3,31557,卖盘
10:34:20,105.2,0.01,3,31562,中性盘
10:34:24,105.2,0.0,4,42080,卖盘
10:34:26,105.21,0.01,29,305081,买盘
10:34:29,105.19,-0.02,8,84154,卖盘
10:34:32,105.19,0.0,2,21039,卖盘
10:34:39,105.19,0.0,4,42076,卖盘
10:34:42,105.19,0.0,14,147274,卖盘
10:34:44,105.19,0.0,2,21038,卖盘
10:34:47,105.19,0.0,48,504912,卖盘
10:34:50,105.17,-0.02,8,84138,卖盘
10:34:54,105.15,-0.02,26,273394,卖盘
10:34:57,105.09,-0.06,6,63067,卖盘
10:35:00,105.15,0.06,13,136690,买盘
10:35:02,105.09,-0.06,2,21018,卖盘
10:35:08,105.07,-0.02,8,84066,卖盘
10:35:14,105.07,0.0,1,10507,卖盘
10:35:21,105.07,0.0,2,21014,卖盘
10:35:24,105.07,0.0,1,10507,卖盘
10:35:27,105.07,0.0,9,94627,卖盘
10:35:30,105.05,-0.02,1,10505,卖盘
10:35:32,105.07,0.02,6,63042,买盘
10:35:36,105.14,0.07,1,10514,卖盘
10:35:38,105.14,0.0,1,10514,卖盘
10:35:45,105.14,0.0,2,21028,卖盘
10:35:51,105.18,0.04,3,31548,买盘
10:35:54,105.14,-0.04,1,10514,卖盘
10:35:57,105.19,0.05,8,84148,买盘
10:36:00,105.18,-0.01,8,84138,买盘
10:36:02,105.14,-0.04,1,10514,卖盘
10:36:06,105.18,0.04,3,31551,买盘
10:36:09,105.17,-0.01,1,10517,中性盘
10:36:12,105.14,-0.03,5,52570,卖盘
10:36:14,105.17,0.03,7,73618,买盘
10:36:21,105.15,-0.02,3,31544,中性盘
10:36:23,105.17,0.02,3,31549,买盘
10:36:26,105.17,0.0,1,10517,卖盘
10:36:32,105.18,0.01,9,94666,买盘
10:36:36,105.18,0.0,20,210376,卖盘
10:36:39,105.18,0.0,16,168275,买盘
10:36:42,105.18,0.0,2,21035,中性盘
10:36:44,105.1,-0.08,12,126165,卖盘
10:36:47,105.15,0.05,2,21031,中性盘
10:36:51,105.17,0.02,2,21034,买盘
10:36:54,105.05,-0.12,22,231214,卖盘
10:36:57,105.17,0.12,1,10517,中性盘
10:37:00,105.04,-0.13,4,42031,卖盘
10:37:11,105.1,0.06,1,10510,中性盘
10:37:15,105.15,0.05,1,10515,买盘
10:37:21,105.17,0.02,4,42062,买盘
10:37:24,105.15,-0.02,2,21030,中性盘
10:37:32,105.15,0.0,2,21030,买盘
10:37:38,105.15,0.0,11,115657,买盘
10:37:42,105.15,0.0,1,10515,卖盘
10:37:45,105.19,0.04,48,504895,买盘
10:37:47,105.15,-0.04,8,84124,卖盘
10:37:51,105.12,-0.03,8,84096,买盘
10:37:54,105.08,-0.04,15,157672,卖盘
10:37:56,105.22,0.14,109,1146676,买盘
10:38:00,105.22,0.0,6,63132,卖盘
10:38:02,105.11,-0.11,10,105110,买盘
10:38:06,105.21,0.1,6,63134,中性盘
10:38:09,105.24,0.03,7,73661,买盘
10:38:12,105.25,0.01,11,115766,买盘
10:38:17,105.22,-0.03,3,31552,买盘
10:38:20,105.21,-0.01,3,31537,中性盘
10:38:23,105.08,-0.13,5,52540,卖盘
10:38:36,105.21,0.13,7,73593,买盘
10:38:39,105.12,-0.09,4,42042,中性盘
10:38:41,105.2,0.08,2,21032,买盘
10:38:44,105.09,-0.11,2,21018,卖盘
10:38:47,105.2,0.11,4,42058,买盘
10:38:54,105.21,0.01,7,73638,买盘
10:38:57,105.21,0.0,2,21042,卖盘
10:39:00,105.22,0.01,4,42087,买盘
10:39:02,105.2,-0.02,35,368206,卖盘
10:39:06,105.09,-0.11,6,63071,卖盘
10:39:08,105.21,0.12,13,136772,买盘
10:39:11,105.23,0.02,2,21046,卖盘
10:39:20,105.09,-0.14,6,63054,卖盘
10:39:24,105.08,-0.01,1,10508,卖盘
10:39:39,105.2,0.12,5,52600,买盘
10:39:42,105.1,-0.1,1,10510,卖盘
10:39:45,105.2,0.1,7,73640,中性盘
10:39:47,105.2,0.0,12,126240,卖盘
10:39:50,105.1,-0.1,4,42060,卖盘
10:39:54,105.21,0.11,2,21042,买盘
10:39:57,105.1,-0.11,1,10510,卖盘
10:40:00,105.2,0.1,3,31560,买盘
10:40:08,105.1,-0.1,1,10510,卖盘
10:40:15,105.1,0.0,4,42040,卖盘
10:40:17,105.2,0.1,30,315596,买盘
10:40:21,105.1,-0.1,6,63060,卖盘
10:40:26,105.19,0.09,1,10519,买盘
10:40:29,105.1,-0.09,2,21020,卖盘
10:40:32,105.2,0.1,8,84160,买盘
10:40:39,105.19,-0.01,3,31539,买盘
10:40:41,105.1,-0.09,5,52550,卖盘
10:40:57,105.1,0.0,3,31530,卖盘
10:40:59,105.19,0.09,12,126196,买盘
10:41:06,105.11,-0.08,2,21022,卖盘
10:41:14,105.12,0.01,5,52560,买盘
10:41:20,105.11,-0.01,8,84144,卖盘
10:41:24,105.11,0.0,2,21022,卖盘
10:41:29,105.11,0.0,1,10511,卖盘
10:41:47,105.19,0.08,8,84152,买盘
10:41:51,105.19,0.0,11,115709,卖盘
10:41:54,105.2,0.01,20,210392,买盘
10:41:56,105.11,-0.09,4,42044,卖盘
10:42:02,105.11,0.0,30,315338,卖盘
10:42:09,105.08,-0.03,45,472933,卖盘
10:42:12,105.04,-0.04,7,73544,卖盘
10:42:24,105.04,0.0,2,21008,卖盘
10:42:35,105.04,0.0,9,94536,卖盘
10:42:39,105.01,-0.03,2,21002,卖盘
10:42:42,105.04,0.03,1,10504,中性盘
10:42:45,104.99,-0.05,17,178512,卖盘
10:42:47,105.0,0.01,3,31493,中性盘
10:42:53,105.11,0.11,50,525542,买盘
10:42:57,105.01,-0.1,6,63006,卖盘
10:43:00,104.93,-0.08,2,20988,卖盘
10:43:02,104.95,0.02,1,10495,卖盘
10:43:12,105.01,0.06,5,52505,买盘
10:43:15,105.01,0.0,2,21002,买盘
10:43:21,104.95,-0.06,6,62970,卖盘
10:43:23,104.95,0.0,4,41980,卖盘
10:43:26,104.95,0.0,2,20990,卖盘
10:43:30,104.95,0.0,1,10495,卖盘
10:43:32,104.98,0.03,6,62988,卖盘
10:43:35,105.0,0.02,13,136491,买盘
10:43:39,105.0,0.0,8,84000,卖盘
10:43:41,105.0,0.0,6,63000,卖盘
10:43:45,105.0,0.0,5,52501,卖盘
10:43:47,105.0,0.0,2,21000,卖盘
10:43:53,105.0,0.0,21,220517,卖盘
10:43:57,105.01,0.01,1,10501,买盘
10:44:00,105.01,0.0,13,136513,买盘
10:44:02,105.0,-0.01,2,21000,卖盘
10:44:06,105.0,0.0,2,21000,卖盘
10:44:12,105.0,0.0,7,73500,卖盘
10:44:15,105.01,0.01,13,136513,买盘
10:44:17,105.0,-0.01,4,42000,卖盘
10:44:20,105.01,0.01,27,283527,买盘
10:44:24,105.0,-0.01,4,42000,卖盘
10:44:26,105.0,0.0,2,21000,卖盘
10:44:32,105.0,0.0,6,63005,卖盘
10:44:35,105.01,0.01,3,31503,买盘
10:44:42,105.1,0.09,10,105017,买盘
10:44:45,105.01,-0.09,2,21002,买盘
10:44:47,105.0,-0.01,5,52500,卖盘
10:44:53,105.01,0.01,1,10501,卖盘
10:44:59,105.11,0.1,30,315305,买盘
10:45:02,105.1,-0.01,9,94590,卖盘
10:45:05,105.1,0.0,16,168160,卖盘
10:45:09,105.1,0.0,7,73552,卖盘
10:45:12,105.11,0.01,8,84088,买盘
10:45:15,105.1,-0.01,239,2512123,卖盘
10:45:17,105.11,0.01,1,10511,买盘
10:45:24,105.1,-0.01,4,42040,卖盘
10:45:29,105.14,0.04,1,10514,中性盘
10:45:32,105.14,0.0,8,84123,中性盘
10:45:42,105.14,0.0,4,42056,卖盘
10:45:45,105.2,0.06,133,1399146,买盘
10:45:47,105.17,-0.03,2,21031,中性盘
10:45:51,105.14,-0.03,17,178745,卖盘
10:45:59,105.17,0.03,6,63098,买盘
10:46:02,105.19,0.02,1,10519,买盘
10:46:08,105.18,-0.01,22,231408,卖盘
10:46:12,105.18,0.0,1,10518,买盘
10:46:15,105.18,0.0,9,94660,买盘
10:46:17,105.19,0.01,3,31556,买盘
10:46:21,105.2,0.01,42,441834,买盘
10:46:24,105.17,-0.03,18,189333,卖盘
10:46:26,105.22,0.05,4,42080,买盘
10:46:30,105.2,-0.02,9,94680,卖盘
10:46:32,105.21,0.01,2,21042,卖盘
10:46:35,105.21,0.0,2,21042,卖盘
10:46:42,105.22,0.01,4,42087,买盘
10:46:45,105.22,0.0,26,273566,买盘
10:46:47,105.22,0.0,6,63131,买盘
10:46:51,105.22,0.0,3,31566,卖盘
10:46:54,105.23,0.01,5,52610,买盘
10:47:00,105.22,-0.01,6,63132,卖盘
10:47:02,105.23,0.01,4,42091,买盘
10:47:06,105.23,0.0,42,441966,买盘
10:47:09,105.22,-0.01,27,284159,卖盘
10:47:12,105.22,0.0,10,105220,卖盘
10:47:15,105.22,0.0,2,21047,卖盘
10:47:17,105.22,0.0,3,31568,卖盘
10:47:21,105.23,0.01,1,10523,买盘
10:47:30,105.23,0.0,8,84183,买盘
10:47:32,105.23,0.0,1,10523,卖盘
10:47:36,105.23,0.0,3,31569,卖盘
10:47:45,105.25,0.02,32,336797,买盘
10:47:47,105.23,-0.02,6,63138,卖盘
10:47:50,105.23,0.0,4,42092,卖盘
10:47:54,105.24,0.01,24,252599,中性盘
10:47:57,105.23,-0.01,3,31569,卖盘
10:47:59,105.23,0.0,5,52615,卖盘
10:48:02,105.25,0.02,9,94725,买盘
10:48:05,105.25,0.0,1,10525,卖盘
10:48:12,105.25,0.0,4,42101,卖盘
10:48:15,105.26,0.01,1,10526,买盘
10:48:17,105.26,0.0,1,10526,卖盘
10:48:20,105.27,0.01,16,168426,买盘
10:48:30,105.26,-0.01,1,10526,卖盘
10:48:35,105.27,0.01,5,52635,买盘
10:48:39,105.27,0.0,31,326363,买盘
10:48:42,105.26,-0.01,6,63158,卖盘
10:48:45,105.27,0.01,1,10527,买盘
10:48:54,105.27,0.0,1,10527,买盘
10:48:57,105.28,0.01,45,473759,买盘
10:49:00,105.27,-0.01,7,73689,卖盘
10:49:02,105.28,0.01,2,21056,买盘
10:49:06,105.28,0.0,12,126334,买盘
10:49:09,105.28,0.0,5,52638,买盘
10:49:15,105.29,0.01,19,200039,买盘
10:49:17,105.27,-0.02,5,52635,卖盘
10:49:20,105.26,-0.01,18,189482,卖盘
10:49:24,105.28,0.02,4,42109,买盘
10:49:32,105.28,0.0,4,42112,卖盘
10:49:35,105.27,-0.01,1,10527,卖盘
10:49:38,105.27,0.0,3,31583,卖盘
10:49:44,105.29,0.02,15,157918,买盘
10:49:47,105.27,-0.02,5,52635,卖盘
10:49:57,105.27,0.0,2,21054,卖盘
10:50:06,105.28,0.01,5,52642,卖盘
10:50:08,105.28,0.0,27,284279,卖盘
10:50:11,105.28,0.0,4,42112,卖盘
10:50:15,105.28,0.0,1,10528,卖盘
10:50:20,105.28,0.0,19,200035,卖盘
10:50:24,105.28,0.0,3,31584,卖盘
10:50:30,105.28,0.0,39,410626,卖盘
10:50:32,105.29,0.01,15,157933,买盘
10:50:36,105.29,0.0,82,863378,买盘
10:50:39,105.29,0.0,1,10529,卖盘
10:50:44,105.3,0.01,1,10530,买盘
10:50:47,105.29,-0.01,2,21058,卖盘
10:50:51,105.3,0.01,2,21060,买盘
10:50:53,105.29,-0.01,5,52645,卖盘
10:50:57,105.3,0.01,3,31589,买盘
10:51:09,105.29,-0.01,61,642276,卖盘
10:51:12,105.29,0.0,9,94761,卖盘
10:51:15,105.3,0.01,11,115830,买盘
10:51:17,105.29,-0.01,1,10529,卖盘
10:51:27,105.29,0.0,74,779218,卖盘
10:51:31,105.3,0.01,62,652847,买盘
10:51:32,105.29,-0.01,9,94762,卖盘
10:51:39,105.29,0.0,2,21058,卖盘
10:51:42,105.29,0.0,12,126357,卖盘
10:51:44,105.29,0.0,8,84232,卖盘
10:51:47,105.29,0.0,19,200051,卖盘
10:51:51,105.29,0.0,3,31587,卖盘
10:52:02,105.29,0.0,11,115819,卖盘
10:52:06,105.3,0.01,21,221128,买盘
10:52:09,105.29,-0.01,8,84237,卖盘
10:52:14,105.32,0.03,165,1737548,买盘
10:52:17,105.29,-0.03,30,315875,卖盘
10:52:21,105.32,0.03,7,73712,买盘
10:52:23,105.29,-0.03,35,368547,卖盘
10:52:30,105.3,0.01,1,10530,买盘
10:52:32,105.3,0.0,6,63180,买盘
10:52:36,105.29,-0.01,2,21058,卖盘
10:52:39,105.29,0.0,1,10529,卖盘
10:52:42,105.3,0.01,11,115828,买盘
10:52:45,105.3,0.0,28,294822,买盘
10:52:47,105.29,-0.01,1,10529,卖盘
10:52:51,105.3,0.01,7,73710,买盘
10:52:54,105.3,0.0,9,94765,买盘
10:52:57,105.29,-0.01,67,705467,卖盘
10:52:59,105.3,0.01,14,147414,买盘
10:53:02,105.29,-0.01,1,10529,卖盘
10:53:08,105.29,0.0,1,10529,卖盘
10:53:11,105.29,0.0,6,63174,卖盘
10:53:14,105.29,0.0,1,10529,卖盘
10:53:17,105.3,0.01,100,1053000,买盘
10:53:20,105.3,0.0,17,179010,买盘
10:53:24,105.29,-0.01,2,21058,卖盘
10:53:27,105.29,0.0,2,21058,卖盘
10:53:30,105.3,0.01,4,42119,买盘
10:53:33,105.3,0.0,3,31590,买盘
10:53:41,105.29,-0.01,22,231638,卖盘
10:53:45,105.3,0.01,8,84238,买盘
10:53:57,105.35,0.05,86,905970,买盘
10:54:00,105.36,0.01,15,158038,买盘
10:54:03,105.38,0.02,17,179142,买盘
10:54:06,105.38,0.0,9,94842,买盘
10:54:12,105.39,0.01,5,52692,买盘
10:54:15,105.4,0.01,36,379424,买盘
10:54:17,105.39,-0.01,11,115932,卖盘
10:54:20,105.41,0.02,23,242421,买盘
10:54:23,105.44,0.03,3,31631,买盘
10:54:27,105.4,-0.04,29,305754,卖盘
10:54:36,105.46,0.06,1,10546,买盘
10:54:38,105.47,0.01,3,31641,买盘
10:54:45,105.49,0.02,26,274256,买盘
10:54:47,105.46,-0.03,6,63276,中性盘
10:54:53,105.49,0.03,14,147687,买盘
10:54:56,105.5,0.01,40,422000,买盘
10:55:02,105.5,0.0,31,327048,买盘
10:55:06,105.5,0.0,1,10550,买盘
10:55:09,105.5,0.0,41,432548,买盘
10:55:12,105.51,0.01,159,1673862,买盘
10:55:14,105.55,0.04,32,337724,买盘
10:55:17,105.54,-0.01,5,52767,中性盘
10:55:20,105.53,-0.01,2,21106,买盘
10:55:23,105.58,0.05,5,52783,买盘
10:55:27,105.56,-0.02,3,31668,卖盘
10:55:36,105.58,0.02,9,95018,买盘
10:55:39,105.57,-0.01,4,42228,买盘
10:55:41,105.57,0.0,1,10557,买盘
10:55:45,105.68,0.11,142,1499712,买盘
10:55:47,105.61,-0.07,7,73921,卖盘
10:55:51,105.56,-0.05,100,1055691,卖盘
10:55:53,105.58,0.02,1,10558,卖盘
10:55:57,105.61,0.03,9,95040,买盘
10:56:00,105.61,0.0,3,31683,买盘
10:56:02,105.7,0.09,129,1363000,买盘
10:56:06,105.7,0.0,9,95130,卖盘
10:56:12,105.75,0.05,34,359536,买盘
10:56:15,105.76,0.01,21,222076,中性盘
10:56:17,105.76,0.0,2,21152,卖盘
10:56:21,105.76,0.0,4,42304,卖盘
10:56:23,105.77,0.01,2,21154,买盘
10:56:27,105.76,-0.01,35,370192,卖盘
10:56:30,105.7,-0.06,30,317263,卖盘
10:56:32,105.78,0.08,2,21156,买盘
10:56:36,105.78,0.0,4,42312,买盘
10:56:39,105.8,0.02,26,275057,买盘
10:56:42,105.79,-0.01,4,42316,卖盘
10:56:45,105.79,0.0,40,423166,买盘
10:56:47,105.79,0.0,7,74056,卖盘
10:56:51,105.79,0.0,5,52896,卖盘
10:56:54,105.79,0.0,3,31738,卖盘
10:56:57,105.8,0.01,3,31740,买盘
10:57:00,105.8,0.0,23,243338,买盘
10:57:02,105.8,0.0,60,635026,卖盘
10:57:05,105.8,0.0,2,21160,卖盘
10:57:09,105.8,0.0,29,306957,卖盘
10:57:12,105.8,0.0,10,105800,卖盘
10:57:15,105.88,0.08,31,328208,买盘
10:57:17,105.86,-0.02,4,42332,中性盘
10:57:21,105.8,-0.06,8,84656,卖盘
10:57:23,105.85,0.05,2,21170,买盘
10:57:27,105.81,-0.04,1,10581,中性盘
10:57:30,105.81,0.0,1,10581,卖盘
10:57:32,105.82,0.01,2,21164,卖盘
10:57:36,105.82,0.0,1,10582,卖盘
10:57:38,105.85,0.03,12,127017,买盘
10:57:42,105.85,0.0,5,52925,卖盘
10:57:45,105.9,0.05,190,2011817,买盘
10:57:47,105.85,-0.05,2,21170,卖盘
10:57:50,105.86,0.01,23,243482,买盘
10:57:53,105.92,0.06,70,741313,买盘
10:57:57,105.92,0.0,1,10592,买盘
10:58:00,105.92,0.0,1,10592,买盘
10:58:02,105.98,0.06,71,752416,买盘
10:58:05,105.99,0.01,120,1271700,买盘
10:58:09,105.95,-0.04,36,381522,卖盘
10:58:12,106.0,0.05,4,42385,买盘
10:58:15,106.0,0.0,98,1038800,买盘
10:58:17,105.96,-0.04,15,158948,卖盘
10:58:21,105.97,0.01,102,1081179,中性盘
10:58:23,105.99,0.02,20,211935,买盘
10:58:27,105.96,-0.03,7,74181,卖盘
10:58:30,106.0,0.04,253,2681765,买盘
10:58:32,106.06,0.06,116,1229689,买盘
10:58:36,106.06,0.0,5,53024,买盘
10:58:39,106.03,-0.03,56,593670,中性盘
10:58:42,106.06,0.03,8,84830,买盘
10:58:45,106.06,0.0,3,31812,买盘
10:58:47,106.01,-0.05,56,593670,卖盘
10:58:53,106.01,0.0,5,53014,卖盘
10:58:56,106.05,0.04,15,159057,买盘
10:58:59,106.02,-0.03,38,402855,卖盘
10:59:06,106.06,0.04,9,95454,买盘
10:59:08,106.05,-0.01,1,10605,卖盘
10:59:11,106.06,0.01,6,63636,买盘
10:59:15,106.06,0.0,5,53039,卖盘
10:59:17,106.1,0.04,17,180357,买盘
10:59:21,106.07,-0.03,2,21214,中性盘
10:59:24,106.1,0.03,4,42439,买盘
10:59:27,106.1,0.0,2,21219,买盘
10:59:29,106.09,-0.01,9,95481,卖盘
10:59:32,106.09,0.0,4,42436,卖盘
10:59:35,106.1,0.01,9,95490,买盘
10:59:39,106.1,0.0,59,625990,买盘
10:59:41,106.1,0.0,2,21220,买盘
10:59:44,106.1,0.0,4,42439,买盘
10:59:47,106.1,0.0,60,636545,买盘
10:59:54,106.06,-0.04,13,137878,卖盘
10:59:56,106.06,0.0,4,42424,买盘
11:00:00,106.06,0.0,2,21214,卖盘
11:00:02,106.06,0.0,5,53030,卖盘
11:00:06,106.06,0.0,6,63636,卖盘
11:00:09,106.06,0.0,6,63637,卖盘
11:00:17,106.05,-0.01,4,42422,卖盘
11:00:21,106.05,0.0,8,84840,卖盘
11:00:24,106.02,-0.03,14,148461,卖盘
11:00:27,106.05,0.03,8,84840,买盘
11:00:30,106.01,-0.04,2,21202,卖盘
11:00:32,106.01,0.0,6,63606,卖盘
11:00:36,106.02,0.01,3,31806,买盘
11:00:38,106.02,0.0,3,31806,卖盘
11:00:42,106.01,-0.01,8,84818,卖盘
11:00:45,106.01,0.0,2,21202,卖盘
11:00:47,106.01,0.0,21,222621,卖盘
11:00:51,106.01,0.0,3,31801,买盘
11:00:53,106.02,0.01,34,360424,买盘
11:00:57,106.0,-0.02,26,275629,卖盘
11:01:00,106.0,0.0,1,10600,卖盘
11:01:02,106.0,0.0,2,21200,卖盘
11:01:06,106.0,0.0,13,137807,卖盘
11:01:09,106.0,0.0,19,201406,卖盘
11:01:12,106.02,0.02,8,84812,买盘
11:01:15,106.01,-0.01,10,106010,中性盘
11:01:17,106.0,-0.01,51,540604,卖盘
11:01:21,106.08,0.08,120,1272647,买盘
11:01:24,106.0,-0.08,17,180200,卖盘
11:01:29,106.0,0.0,16,169618,卖盘
11:01:32,106.0,0.0,9,95400,卖盘
11:01:38,106.06,0.06,23,243896,中性盘
11:01:45,106.01,-0.05,3,31803,卖盘
11:01:57,106.09,0.08,20,212168,买盘
11:02:02,106.04,-0.05,3,31812,买盘
11:02:09,106.07,0.03,13,137878,买盘
11:02:12,106.04,-0.03,1,10604,卖盘
11:02:15,106.05,0.01,7,71478,买盘
11:02:17,106.06,0.01,2,21212,卖盘
11:02:21,106.1,0.04,110,1167065,买盘
11:02:24,106.06,-0.04,84,891184,卖盘
11:02:27,106.06,0.0,6,66395,卖盘
11:02:30,106.06,0.0,2,21212,买盘
11:02:32,106.06,0.0,3,31818,买盘
11:02:36,106.06,0.0,16,169696,买盘
11:02:39,106.06,0.0,4,39666,卖盘
11:02:42,106.06,0.0,4,42424,卖盘
11:02:45,106.11,0.05,18,193714,买盘
11:02:47,106.07,-0.04,1,10607,中性盘
11:02:54,106.07,0.0,1,10607,卖盘
11:02:57,106.08,0.01,1,10608,买盘
11:03:00,106.07,-0.01,11,116678,卖盘
11:03:09,106.07,0.0,15,159105,买盘
11:03:14,106.07,0.0,4,42426,买盘
11:03:21,106.06,-0.01,1,10606,卖盘
11:03:24,106.07,0.01,8,84856,买盘
11:03:27,106.07,0.0,31,328817,买盘
11:03:29,106.06,-0.01,3,31820,卖盘
11:03:36,106.09,0.03,1,10609,买盘
11:03:41,106.09,0.0,40,424336,买盘
11:03:51,106.05,-0.04,30,318175,卖盘
11:03:54,106.09,0.04,3,31823,买盘
11:03:59,106.09,0.0,9,95442,买盘
11:04:09,106.01,-0.08,1,10601,卖盘
11:04:21,106.0,-0.01,1,10600,卖盘
11:04:23,106.08,0.08,13,137856,买盘
11:04:27,106.01,-0.07,28,296801,买盘
11:04:30,106.01,0.0,4,42404,买盘
11:04:32,106.1,0.09,128,1357923,买盘
11:04:35,106.01,-0.09,2,21202,卖盘
11:04:39,106.01,0.0,19,201419,卖盘
11:04:42,106.11,0.1,56,591321,买盘
11:04:44,106.11,0.0,18,190998,卖盘
11:04:47,106.11,0.0,18,190998,卖盘
11:04:51,106.11,0.0,1,13370,卖盘
11:04:54,106.12,0.01,7,74277,买盘
11:04:56,106.11,-0.01,8,84895,卖盘
11:05:00,106.11,0.0,4,42439,买盘
11:05:02,106.11,0.0,4,42444,买盘
11:05:06,106.06,-0.05,1,10606,卖盘
11:05:12,106.07,0.01,1,10607,卖盘
11:05:14,106.07,0.0,1,10607,卖盘
11:05:17,106.07,0.0,1,10607,卖盘
11:05:21,106.07,0.0,1,10607,卖盘
11:05:24,106.07,0.0,6,63642,卖盘
11:05:27,106.06,-0.01,8,84848,卖盘
11:05:30,106.06,0.0,13,137878,卖盘
11:05:32,106.06,0.0,15,159100,卖盘
11:05:35,106.06,0.0,12,127272,卖盘
11:05:39,106.04,-0.02,4,42420,卖盘
11:05:41,106.04,0.0,7,74228,卖盘
11:05:45,106.07,0.03,20,212096,买盘
11:05:47,106.04,-0.03,16,169696,中性盘
11:05:51,106.04,0.0,22,233288,卖盘
11:05:54,106.06,0.02,12,127253,中性盘
11:05:57,106.06,0.0,3,31822,卖盘
11:05:59,106.0,-0.06,101,1070667,卖盘
11:06:06,106.06,0.06,18,190892,卖盘
11:06:08,106.06,0.0,1,10606,中性盘
11:06:11,106.08,0.02,9,95464,买盘
11:06:15,106.0,-0.08,249,2639492,卖盘
11:06:17,105.93,-0.07,26,275440,卖盘
11:06:21,105.88,-0.05,13,137655,卖盘
11:06:26,105.88,0.0,17,180146,卖盘
11:06:30,106.0,0.12,24,254339,买盘
11:06:32,105.99,-0.01,4,42396,卖盘
11:06:36,105.99,0.0,1,10599,卖盘
11:06:39,105.99,0.0,5,52995,卖盘
11:06:42,105.99,0.0,1,10599,卖盘
11:06:44,106.0,0.01,15,158997,买盘
11:06:47,105.99,-0.01,4,42396,卖盘
11:06:51,106.0,0.01,22,233190,买盘
11:06:54,105.87,-0.13,1,10587,卖盘
11:07:06,105.99,0.12,4,42372,买盘
11:07:09,105.99,0.0,1,10599,买盘
11:07:17,105.91,-0.08,1,10591,中性盘
11:07:21,105.86,-0.05,111,1175293,卖盘
11:07:24,105.85,-0.01,21,222285,卖盘
11:07:27,105.86,0.01,2,21172,买盘
11:07:38,105.86,0.0,1,10586,买盘
11:07:42,105.85,-0.01,88,931500,卖盘
11:07:45,105.85,0.0,15,158775,卖盘
11:07:47,105.85,0.0,1,10585,卖盘
11:07:51,105.86,0.01,4,42343,买盘
11:07:54,105.86,0.0,1,10586,买盘
11:07:57,105.85,-0.01,1,10585,卖盘
11:07:59,105.85,0.0,6,63510,卖盘
11:08:02,105.85,0.0,2,21170,卖盘
11:08:06,105.85,0.0,9,95265,卖盘
11:08:09,105.85,0.0,1,10585,卖盘
11:08:11,105.86,0.01,3,31758,买盘
11:08:15,105.85,-0.01,2,21170,卖盘
11:08:17,105.86,0.01,6,63515,买盘
11:08:21,105.85,-0.01,6,63513,卖盘
11:08:24,105.86,0.01,1,10586,买盘
11:08:27,105.86,0.0,11,116446,买盘
11:08:29,105.85,-0.01,5,52925,卖盘
11:08:32,105.86,0.01,2,21172,买盘
11:08:39,105.86,0.0,2,21172,买盘
11:08:42,105.85,-0.01,3,31755,卖盘
11:08:51,105.85,0.0,2,21170,卖盘
11:08:54,105.85,0.0,20,211700,卖盘
11:08:57,105.85,0.0,25,264644,卖盘
11:09:06,105.85,0.0,2,21170,卖盘
11:09:08,105.85,0.0,14,148199,卖盘
11:09:12,105.85,0.0,2,21170,卖盘
11:09:24,105.85,0.0,2,21170,卖盘
11:09:26,105.85,0.0,3,31755,卖盘
11:09:30,105.86,0.01,16,169376,买盘
11:09:32,105.85,-0.01,4,42340,卖盘
11:09:36,105.85,0.0,1,10585,卖盘
11:09:39,105.85,0.0,6,63510,卖盘
11:09:41,105.85,0.0,32,338720,卖盘
11:09:45,105.85,0.0,2,21170,卖盘
11:09:47,105.85,0.0,1,10585,卖盘
11:09:53,105.85,0.0,6,63510,卖盘
11:09:56,105.85,0.0,8,84682,卖盘
11:10:02,105.85,0.0,10,105850,卖盘
11:10:08,105.85,0.0,1,10585,卖盘
11:10:11,105.85,0.0,2,21171,卖盘
11:10:15,105.85,0.0,2,21170,卖盘
11:10:21,105.85,0.0,1,10585,卖盘
11:10:24,105.85,0.0,10,105858,卖盘
11:10:30,105.85,0.0,7,74095,卖盘
11:10:32,105.85,0.0,17,179958,卖盘
11:10:36,105.85,0.0,2,21170,卖盘
11:10:42,105.86,0.01,5,52930,买盘
11:10:44,105.85,-0.01,1,10585,卖盘
11:10:47,105.85,0.0,3,31755,卖盘
11:10:51,105.86,0.01,5,52926,买盘
11:10:54,105.85,-0.01,8,84680,卖盘
11:10:57,105.85,0.0,6,63510,卖盘
11:11:00,105.86,0.01,14,148204,买盘
11:11:02,105.86,0.0,59,624570,买盘
11:11:09,105.86,0.0,12,127080,卖盘
11:11:15,105.87,0.01,1,10587,中性盘
11:11:18,105.9,0.03,2,21177,买盘
11:11:32,105.9,0.0,2,21180,买盘
11:11:36,105.89,-0.01,1,10589,买盘
11:11:38,105.89,0.0,2,21178,买盘
11:11:41,105.88,-0.01,5,52944,卖盘
11:11:45,105.9,0.02,5,52950,买盘
11:11:48,105.88,-0.02,1,10588,卖盘
11:11:50,105.9,0.02,65,682631,买盘
11:11:57,105.9,0.0,1,10590,卖盘
11:11:59,105.98,0.08,10,105973,买盘
11:12:02,105.93,-0.05,4,42372,卖盘
11:12:09,105.98,0.05,5,52988,买盘
11:12:12,105.99,0.01,31,328565,买盘
11:12:16,105.98,-0.01,4,42392,卖盘
11:12:17,105.99,0.01,4,42396,买盘
11:12:20,106.01,0.02,88,932801,买盘
11:12:24,106.03,0.02,52,551218,中性盘
11:12:27,106.05,0.02,6,63630,买盘
11:12:30,106.01,-0.04,7,74215,卖盘
11:12:33,106.01,0.0,3,31803,买盘
11:12:36,106.01,0.0,7,74206,买盘
11:12:38,106.01,0.0,3,31803,中性盘
11:12:42,106.02,0.01,4,42408,卖盘
11:12:46,106.05,0.03,3,31815,买盘
11:12:48,106.05,0.0,3,31815,卖盘
11:12:53,106.05,0.0,2,21210,卖盘
11:12:57,106.06,0.01,12,127272,买盘
11:13:02,106.0,-0.06,201,2130661,卖盘
11:13:05,106.0,0.0,39,413344,买盘
11:13:12,105.98,-0.02,1,10598,卖盘
11:13:16,105.99,0.01,2,21191,买盘
11:13:18,106.0,0.01,88,932796,买盘
11:13:22,106.0,0.0,12,127200,卖盘
11:13:24,106.0,0.0,5,53000,卖盘
11:13:26,106.02,0.02,2,21202,中性盘
11:13:29,106.01,-0.01,6,63606,卖盘
11:13:32,106.01,0.0,4,42404,卖盘
11:13:35,106.0,-0.01,45,477000,卖盘
11:13:39,106.0,0.0,1,10600,卖盘
11:13:41,106.0,0.0,38,402801,卖盘
11:13:45,106.0,0.0,21,222605,卖盘
11:13:48,106.0,0.0,4,42400,卖盘
11:13:51,105.96,-0.04,84,890370,卖盘
11:13:54,105.86,-0.1,38,402512,卖盘
11:13:57,105.8,-0.06,8,84659,卖盘
11:14:00,105.76,-0.04,7,74034,卖盘
11:14:03,105.72,-0.04,6,63432,买盘
11:14:15,105.78,0.06,2,21156,买盘
11:14:18,105.78,0.0,10,105780,买盘
11:14:45,105.78,0.0,1,10578,卖盘
11:14:57,105.82,0.04,2,21164,买盘
11:15:00,105.83,0.01,2,21166,买盘
11:15:06,105.82,-0.01,1,10582,卖盘
11:15:09,105.82,0.0,2,21164,卖盘
11:15:12,105.83,0.01,7,74081,买盘
11:15:15,105.83,0.0,1,10583,卖盘
11:15:18,105.83,0.0,2,21166,卖盘
11:15:23,105.84,0.01,5,52920,买盘
11:15:29,105.98,0.14,6,63528,买盘
11:15:33,105.82,-0.16,10,105829,卖盘
11:15:42,105.97,0.15,7,74178,买盘
11:15:47,105.96,-0.01,1,10596,中性盘
11:15:52,105.97,0.01,3,31789,买盘
11:15:54,105.97,0.0,7,74179,买盘
11:15:57,105.96,-0.01,2,21192,买盘
11:16:03,105.96,0.0,2,21192,买盘
11:16:09,105.82,-0.14,1,10582,卖盘
11:16:11,105.95,0.13,1,10595,买盘
11:16:18,105.95,0.0,10,105950,买盘
11:16:24,105.82,-0.13,3,31746,卖盘
11:16:48,105.83,0.01,4,42332,卖盘
11:16:54,105.95,0.12,16,169512,买盘
11:17:18,105.92,-0.03,3,31776,买盘
11:17:30,105.94,0.02,13,137722,买盘
11:17:39,105.92,-0.02,2,21184,卖盘
11:17:43,105.94,0.02,9,95332,买盘
11:17:49,105.92,-0.02,3,31776,卖盘
11:18:03,105.92,0.0,1,10592,卖盘
11:18:07,105.92,0.0,1,10592,卖盘
11:18:12,105.92,0.0,1,10592,卖盘
11:18:15,105.92,0.0,1,10592,卖盘
11:18:18,105.94,0.02,7,74149,买盘
11:18:21,105.94,0.0,8,84752,买盘
11:18:24,105.94,0.0,1,10594,卖盘
11:18:27,105.94,0.0,1,10594,卖盘
11:18:30,105.93,-0.01,19,201267,卖盘
11:18:37,105.93,0.0,3,31781,卖盘
11:18:39,105.93,0.0,31,328429,卖盘
11:18:45,105.95,0.02,1,10595,买盘
11:18:49,105.94,-0.01,1,10594,买盘
11:18:57,105.93,-0.01,20,211855,卖盘
11:19:00,105.93,0.0,1,10593,卖盘
11:19:05,105.93,0.0,1,10593,卖盘
11:19:15,105.94,0.01,1,10594,买盘
11:19:18,105.94,0.0,4,42376,买盘
11:19:21,105.93,-0.01,10,105938,卖盘
11:19:24,105.93,0.0,1,10593,卖盘
11:19:26,105.93,0.0,3,31779,卖盘
11:19:36,105.93,0.0,4,42372,卖盘
11:19:40,105.93,0.0,1,10593,卖盘
11:19:45,105.94,0.01,2,21188,买盘
11:19:47,105.93,-0.01,7,74159,卖盘
11:19:54,105.93,0.0,1,10593,卖盘
11:19:57,105.93,0.0,5,52965,中性盘
11:20:00,105.95,0.02,12,127122,买盘
11:20:09,105.93,-0.02,32,339003,卖盘
11:20:13,105.91,-0.02,20,211820,卖盘
11:20:18,105.9,-0.01,272,2880480,卖盘
11:20:21,105.78,-0.12,13,137580,卖盘
11:20:24,105.7,-0.08,33,348945,卖盘
11:20:27,105.61,-0.09,14,147862,卖盘
11:20:30,105.61,0.0,4,42244,卖盘
11:20:33,105.59,-0.02,11,116157,卖盘
11:20:37,105.59,0.0,5,52795,卖盘
11:20:39,105.57,-0.02,5,52789,卖盘
11:20:42,105.55,-0.02,3,31668,卖盘
11:20:45,105.57,0.02,6,63337,买盘
11:20:48,105.55,-0.02,1,10555,卖盘
11:20:51,105.55,0.0,10,105555,卖盘
11:20:54,105.57,0.02,14,147782,买盘
11:20:57,105.57,0.0,5,52784,卖盘
11:21:00,105.57,0.0,3,31672,卖盘
11:21:18,105.6,0.03,5,52799,买盘
11:21:24,105.59,-0.01,2,21117,买盘
11:21:27,105.61,0.02,1,10561,买盘
11:21:36,105.65,0.04,1,10565,买盘
11:21:42,105.61,-0.04,2,21122,卖盘
11:21:45,105.61,0.0,1,10561,卖盘
11:21:48,105.65,0.04,2,21130,买盘
11:22:00,105.65,0.0,1,10565,买盘
11:22:03,105.65,0.0,3,31694,买盘
11:22:06,105.62,-0.03,2,21125,卖盘
11:22:09,105.62,0.0,1,10562,卖盘
11:22:12,105.63,0.01,2,21128,中性盘
11:22:15,105.62,-0.01,2,21125,卖盘
11:22:17,105.65,0.03,14,147910,买盘
11:22:30,105.65,0.0,2,21130,卖盘
11:22:42,105.7,0.05,9,95090,买盘
11:22:46,105.65,-0.05,2,21130,卖盘
11:22:48,105.65,0.0,2,21130,卖盘
11:22:54,105.7,0.05,5,52830,买盘
11:22:57,105.7,0.0,7,73980,买盘
11:23:00,105.65,-0.05,2,21130,卖盘
11:23:03,105.7,0.05,2,21139,买盘
11:23:06,105.65,-0.05,2,21130,卖盘
11:23:12,105.65,0.0,10,105650,卖盘
11:23:15,105.69,0.04,3,31703,买盘
11:23:18,105.65,-0.04,12,126827,卖盘
11:23:24,105.65,0.0,2,21130,卖盘
11:23:30,105.68,0.03,2,21136,卖盘
11:23:33,105.65,-0.03,22,232515,卖盘
11:23:36,105.7,0.05,2,21140,中性盘
11:23:39,105.63,-0.07,4,42254,卖盘
11:23:42,105.62,-0.01,2,21125,卖盘
11:23:45,105.7,0.08,2,21138,买盘
11:23:48,105.62,-0.08,1,10562,卖盘
11:23:51,105.62,0.0,2,21124,卖盘
11:24:00,105.72,0.1,3,31714,买盘
11:24:06,105.63,-0.09,2,21126,卖盘
11:24:09,105.89,0.26,21,222198,买盘
11:24:27,105.8,-0.09,1,10580,买盘
11:24:39,105.8,0.0,3,31740,买盘
11:24:57,105.8,0.0,3,31740,卖盘
11:25:09,105.8,0.0,26,275079,买盘
11:25:15,105.8,0.0,3,31739,买盘
11:25:27,105.83,0.03,2,21163,买盘
11:25:33,105.8,-0.03,13,137564,卖盘
11:25:37,105.8,0.0,3,31740,买盘
11:25:39,105.83,0.03,18,190455,买盘
11:25:57,105.8,-0.03,6,63501,卖盘
11:26:09,105.8,0.0,245,2595077,卖盘
11:26:18,105.8,0.0,5,52900,买盘
11:26:21,105.8,0.0,2,21160,买盘
11:26:24,105.76,-0.04,7,74129,卖盘
11:26:27,105.93,0.17,5,52965,买盘
11:26:33,106.0,0.07,20,211963,买盘
11:26:36,105.93,-0.07,1,10593,中性盘
11:26:39,105.92,-0.01,3,31776,中性盘
11:26:45,105.75,-0.17,78,824681,卖盘
11:26:51,105.64,-0.11,3,31704,卖盘
11:27:03,105.7,0.06,1,10570,卖盘
11:27:09,105.7,0.0,2,21140,卖盘
11:27:15,105.74,0.04,4,42296,买盘
11:27:21,105.7,-0.04,28,296064,卖盘
11:27:24,105.7,0.0,10,105720,卖盘
11:27:27,105.7,0.0,10,105700,卖盘
11:27:30,105.73,0.03,10,105703,中性盘
11:27:33,105.63,-0.1,6,63406,卖盘
11:27:34,105.7,0.07,11,116236,买盘
11:27:39,105.74,0.04,17,179732,买盘
11:27:42,105.74,0.0,4,42296,卖盘
11:27:45,105.64,-0.1,15,158596,卖盘
11:27:48,105.64,0.0,4,42257,卖盘
11:27:51,105.64,0.0,3,31692,卖盘
11:27:52,105.64,0.0,5,52820,卖盘
11:27:57,105.64,0.0,5,52820,卖盘
11:28:03,105.63,-0.01,1,10563,卖盘
11:28:06,105.63,0.0,5,52818,卖盘
11:28:09,105.63,0.0,4,42253,卖盘
11:28:12,105.65,0.02,1,10565,买盘
11:28:15,105.7,0.05,4,42268,买盘
11:28:18,105.63,-0.07,1,10563,卖盘
11:28:36,105.64,0.01,2,21128,买盘
11:28:42,105.64,0.0,3,31692,卖盘
11:28:48,105.64,0.0,1,10564,卖盘
11:29:03,105.64,0.0,1,10564,卖盘
11:29:06,105.64,0.0,6,63384,卖盘
11:29:09,105.64,0.0,1,10564,卖盘
11:29:13,105.65,0.01,4,42258,买盘
11:29:18,105.65,0.0,7,73955,买盘
11:29:21,105.65,0.0,2,21130,买盘
11:29:24,105.65,0.0,1,10565,卖盘
11:29:28,105.67,0.02,9,95103,买盘
11:29:33,105.65,-0.02,1,10565,卖盘
11:29:36,105.7,0.05,5,52844,买盘
11:29:42,105.66,-0.04,1,10566,卖盘
11:29:48,105.74,0.08,21,222050,买盘
11:29:54,105.74,0.0,2,21148,卖盘
11:30:00,105.75,0.01,1,10575,买盘
13:00:00,105.75,0.0,1,10575,买盘
13:00:03,105.67,-0.08,72,760956,卖盘
13:00:07,105.89,0.22,18,190440,买盘
13:00:09,105.75,-0.14,2,21164,卖盘
13:00:12,105.89,0.14,5,52945,买盘
13:00:15,105.82,-0.07,14,148209,中性盘
13:00:18,105.82,0.0,64,677213,买盘
13:00:22,105.82,0.0,13,137531,中性盘
13:00:24,105.92,0.1,6,63510,买盘
13:00:27,105.82,-0.1,10,105893,卖盘
13:00:30,105.87,0.05,4,42360,卖盘
13:00:33,105.98,0.11,11,116478,买盘
13:00:36,105.9,-0.08,12,127121,卖盘
13:00:39,105.87,-0.03,7,74131,卖盘
13:00:42,105.87,0.0,7,74139,卖盘
13:00:45,105.87,0.0,6,63570,中性盘
13:00:48,105.95,0.08,42,445162,中性盘
13:00:52,105.91,-0.04,2,21186,卖盘
13:00:54,105.82,-0.09,16,169350,卖盘
13:00:57,105.82,0.0,13,137566,卖盘
13:01:00,105.77,-0.05,6,63487,卖盘
13:01:03,105.83,0.06,26,274981,中性盘
13:01:06,105.82,-0.01,30,317467,卖盘
13:01:09,105.82,0.0,31,328007,中性盘
13:01:12,105.66,-0.16,4,42270,卖盘
13:01:15,105.72,0.06,5,52832,买盘
13:01:18,105.82,0.1,9,95238,买盘
13:01:22,105.82,0.0,3,31746,买盘
13:01:24,105.82,0.0,89,941798,卖盘
13:01:27,105.82,0.0,12,126952,买盘
13:01:30,105.65,-0.17,23,251083,卖盘
13:01:33,105.72,0.07,4,42288,卖盘
13:01:37,105.72,0.0,2,21144,卖盘
13:01:39,105.79,0.07,5,52874,中性盘
13:01:48,105.81,0.02,4,42306,买盘
13:01:57,105.72,-0.09,2,21144,卖盘
13:02:00,105.65,-0.07,4,42308,卖盘
13:02:03,105.81,0.16,6,63479,中性盘
13:02:06,105.82,0.01,2,21163,买盘
13:02:09,105.82,0.0,13,137525,买盘
13:02:22,105.82,0.0,34,359786,买盘
13:02:24,105.82,0.0,9,95173,买盘
13:02:27,105.67,-0.15,33,348711,卖盘
13:02:30,105.67,0.0,12,126800,卖盘
13:02:33,105.66,-0.01,10,105660,卖盘
13:02:36,105.65,-0.01,9,95094,卖盘
13:02:39,105.65,0.0,20,211300,卖盘
13:02:42,105.65,0.0,4,42260,卖盘
13:02:45,105.67,0.02,9,95093,买盘
13:02:48,105.65,-0.02,6,63390,卖盘
13:02:52,105.66,0.01,9,95091,买盘
13:02:54,105.66,0.0,8,84525,买盘
13:02:57,105.66,0.0,1,10566,卖盘
13:02:59,105.82,0.16,6,63490,买盘
13:03:03,105.82,0.0,7,74070,买盘
13:03:07,105.66,-0.16,4,42312,卖盘
13:03:12,105.82,0.16,4,42328,买盘
13:03:14,105.66,-0.16,1,10566,卖盘
13:03:18,105.82,0.16,15,158730,买盘
13:03:22,105.82,0.0,4,42328,买盘
13:03:24,105.66,-0.16,1,10566,卖盘
13:03:33,105.82,0.16,8,84607,买盘
13:03:37,105.82,0.0,2,21164,卖盘
13:03:39,105.8,-0.02,1,10580,中性盘
13:03:42,105.68,-0.12,3,31718,中性盘
13:03:45,105.83,0.15,1,10583,买盘
13:03:54,105.71,-0.12,13,137567,卖盘
13:03:57,105.71,0.0,1,10571,卖盘
13:04:00,105.71,0.0,4,42277,买盘
13:04:03,105.83,0.12,4,38913,买盘
13:04:09,105.95,0.25,10,105869,卖盘
13:04:15,106.0,0.05,4,42391,卖盘
13:04:18,106.0,0.0,50,529999,买盘
13:04:22,106.0,0.0,19,201400,买盘
13:04:30,106.0,0.0,51,540600,买盘
13:04:33,106.0,0.0,22,233200,买盘
13:04:36,105.99,-0.01,1,10599,买盘
13:04:42,106.0,0.01,13,137800,买盘
13:04:52,106.0,0.0,10,106000,买盘
13:04:57,105.73,-0.27,4,42371,卖盘
13:05:03,106.0,0.27,5,53000,买盘
13:05:06,106.0,0.0,5,53000,买盘
13:05:09,105.75,-0.25,2,21150,卖盘
13:05:12,106.0,0.25,10,106000,买盘
13:05:22,105.78,-0.22,5,46437,卖盘
13:05:27,105.75,-0.03,33,349003,卖盘
13:05:30,105.75,0.0,7,74025,买盘
13:05:33,105.73,-0.02,7,74015,卖盘
13:05:37,105.73,0.0,2,21146,卖盘
13:05:39,105.75,0.02,4,42300,买盘
13:05:42,105.75,0.0,39,412423,买盘
13:05:45,105.75,0.0,7,74020,买盘
13:05:48,105.74,-0.01,37,391269,卖盘
13:05:52,105.75,0.01,5,52875,买盘
13:05:54,105.74,-0.01,14,148036,卖盘
13:05:57,105.74,0.0,2,21148,卖盘
13:06:00,105.73,-0.01,22,239070,卖盘
13:06:03,105.74,0.01,11,116305,买盘
13:06:07,105.72,-0.02,4,42288,卖盘
13:06:09,105.72,0.0,10,105716,买盘
13:06:15,105.71,-0.01,12,126852,卖盘
13:06:18,105.72,0.01,19,200810,买盘
13:06:21,105.67,-0.05,3,31697,中性盘
13:06:24,105.65,-0.02,2,21130,卖盘
13:06:27,105.65,0.0,21,214328,卖盘
13:06:30,105.63,-0.02,7,81440,卖盘
13:06:33,105.63,0.0,13,137315,买盘
13:06:37,105.63,0.0,34,359114,卖盘
13:06:39,105.63,0.0,37,390810,买盘
13:06:42,105.62,-0.01,23,242937,卖盘
13:06:45,105.62,0.0,3,31686,卖盘
13:06:48,105.62,0.0,2,21124,卖盘
13:06:52,105.63,0.01,32,337996,买盘
13:06:54,105.62,-0.01,6,63372,卖盘
13:07:00,105.6,-0.02,25,264039,卖盘
13:07:03,105.63,0.03,5,52811,买盘
13:07:07,105.62,-0.01,4,42248,卖盘
13:07:12,105.63,0.01,2,21126,买盘
13:07:15,105.62,-0.01,5,52814,卖盘
13:07:21,105.63,0.01,4,42252,买盘
13:07:24,105.62,-0.01,2,21124,卖盘
13:07:27,105.62,0.0,5,45100,卖盘
13:07:30,105.63,0.01,1,10563,买盘
13:07:42,105.64,0.01,3,31691,买盘
13:07:45,105.64,0.0,5,52824,中性盘
13:07:48,105.65,0.01,7,73948,买盘
13:07:52,105.65,0.0,12,126779,买盘
13:07:54,105.65,0.0,2,21130,买盘
13:07:57,105.74,0.09,3,31717,买盘
13:08:03,105.74,0.0,2,21148,买盘
13:08:06,105.71,-0.03,10,105710,卖盘
13:08:09,106.0,0.29,330,3501353,买盘
13:08:12,105.63,-0.37,77,808790,卖盘
13:08:21,105.74,0.11,15,158648,卖盘
13:08:24,105.74,0.0,48,507805,卖盘
13:08:27,105.78,0.04,2,21156,中性盘
13:08:30,105.78,0.0,4,42312,买盘
13:08:32,105.98,0.2,21,222233,买盘
13:08:37,105.77,-0.21,2,21154,中性盘
13:08:42,105.85,0.08,7,74053,买盘
13:08:45,105.78,-0.07,10,105808,中性盘
13:08:48,105.85,0.07,3,31741,中性盘
13:08:52,105.98,0.13,8,84771,买盘
13:08:57,105.97,-0.01,3,31791,中性盘
13:09:00,105.98,0.01,3,31782,买盘
13:09:03,105.98,0.0,82,869034,买盘
13:09:09,105.87,-0.11,2,21174,卖盘
13:09:12,105.98,0.11,17,179895,买盘
13:09:15,105.75,-0.23,35,370421,卖盘
13:09:18,105.7,-0.05,2,21144,中性盘
13:09:22,105.69,-0.01,8,84530,中性盘
13:09:24,105.71,0.02,1,10571,卖盘
13:09:27,105.69,-0.02,5,52835,买盘
13:09:30,105.71,0.02,10,105690,买盘
13:09:34,105.68,-0.03,19,200744,卖盘
13:09:37,105.64,-0.04,8,84536,卖盘
13:09:39,105.63,-0.01,8,84507,卖盘
13:09:43,105.67,0.04,14,147934,买盘
13:09:45,105.67,0.0,11,116213,买盘
13:09:48,105.63,-0.04,57,602113,卖盘
13:09:52,105.63,0.0,4,42246,买盘
13:09:57,105.74,0.11,51,538975,买盘
13:10:00,105.63,-0.11,7,73946,卖盘
13:10:03,105.6,-0.03,6,63373,卖盘
13:10:07,105.63,0.03,7,73940,中性盘
13:10:09,105.63,0.0,4,42252,卖盘
13:10:13,105.74,0.11,3,31711,买盘
13:10:15,105.74,0.0,4,42263,买盘
13:10:18,105.63,-0.11,9,95155,中性盘
13:10:22,105.6,-0.03,10,105600,卖盘
13:10:24,105.74,0.14,9,95116,买盘
13:10:27,105.74,0.0,2,21147,买盘
13:10:30,105.72,-0.02,23,243166,卖盘
13:10:34,105.72,0.0,15,158572,买盘
13:10:36,105.6,-0.12,5,52800,卖盘
13:10:39,105.58,-0.02,12,126708,卖盘
13:10:42,105.73,0.15,17,179668,买盘
13:10:45,105.7,-0.03,5,52831,中性盘
13:10:48,105.72,0.02,2,21145,中性盘
13:10:52,105.72,0.0,9,95153,买盘
13:10:54,105.74,0.02,126,1332322,买盘
13:10:57,105.9,0.16,39,412416,买盘
13:11:00,105.9,0.0,23,243250,买盘
13:11:04,105.92,0.02,10,105908,买盘
13:11:06,105.92,0.0,1,10592,买盘
13:11:09,105.9,-0.02,1,10590,中性盘
13:11:12,105.9,0.0,2,21180,买盘
13:11:15,105.92,0.02,15,158860,买盘
13:11:18,105.92,0.0,2,21184,买盘
13:11:22,105.73,-0.19,4,42294,卖盘
13:11:24,105.9,0.17,7,74032,买盘
13:11:30,105.92,0.02,6,63550,买盘
13:11:33,105.91,-0.01,3,31737,中性盘
13:11:37,105.71,-0.2,1,10571,卖盘
13:11:39,105.71,0.0,13,137628,中性盘
13:11:42,105.71,0.0,4,42282,买盘
13:11:45,105.6,-0.11,15,158486,卖盘
13:11:48,105.6,0.0,12,126919,卖盘
13:11:52,105.91,0.31,8,84728,中性盘
13:11:54,105.57,-0.34,4,42237,卖盘
13:11:57,105.79,0.22,4,42316,买盘
13:12:00,105.79,0.0,9,95175,买盘
13:12:03,105.71,-0.08,2,21150,中性盘
13:12:07,105.56,-0.15,4,42221,卖盘
13:12:09,105.56,0.0,19,200572,卖盘
13:12:12,105.56,0.0,11,116106,买盘
13:12:15,105.71,0.15,22,232329,买盘
13:12:18,105.71,0.0,9,95019,买盘
13:12:22,105.71,0.0,1,10571,买盘
13:12:24,105.6,-0.11,2,21116,中性盘
13:12:27,105.69,0.09,4,42250,买盘
13:12:30,105.6,-0.09,11,116212,卖盘
13:12:34,105.71,0.11,14,147988,买盘
13:12:36,105.7,-0.01,4,42265,中性盘
13:12:45,105.69,-0.01,13,137395,买盘
13:12:48,105.56,-0.13,4,42248,卖盘
13:12:54,105.6,0.04,1,10560,中性盘
13:12:57,105.69,0.09,3,31694,买盘
13:13:00,105.74,0.05,10,105706,买盘
13:13:03,105.71,-0.03,6,63436,卖盘
13:13:07,105.69,-0.02,5,52857,中性盘
13:13:09,105.76,0.07,2,21152,买盘
13:13:13,105.56,-0.2,8,84528,卖盘
13:13:15,105.75,0.19,9,95183,中性盘
13:13:18,105.75,0.0,5,52879,中性盘
13:13:24,105.67,-0.08,1,10567,卖盘
13:13:27,105.76,0.09,12,126878,买盘
13:13:30,105.75,-0.01,7,73996,中性盘
13:13:33,105.75,0.0,6,63355,买盘
13:13:37,105.56,-0.19,7,73948,卖盘
13:13:39,105.56,0.0,4,42224,卖盘
13:13:45,105.75,0.19,13,137365,买盘
13:13:48,105.75,0.0,11,116234,买盘
13:13:54,105.57,-0.18,7,73899,卖盘
13:14:00,105.69,0.12,6,63399,买盘
13:14:03,105.68,-0.01,3,31706,中性盘
13:14:06,105.58,-0.1,2,21116,中性盘
13:14:12,105.68,0.1,1,10568,买盘
13:14:15,105.68,0.0,4,42272,买盘
13:14:18,105.68,0.0,4,42272,买盘
13:14:30,105.71,0.03,5,52843,买盘
13:14:39,105.75,0.04,10,105748,买盘
13:14:46,105.75,0.0,8,84594,买盘
13:14:48,105.75,0.0,1,10575,买盘
13:14:54,105.76,0.01,3,31726,买盘
13:15:00,105.76,0.0,4,42312,卖盘
13:15:15,105.85,0.09,6,63483,买盘
13:15:18,105.85,0.0,3,31756,买盘
13:15:21,105.8,-0.05,5,52897,卖盘
13:15:24,105.77,-0.03,9,95217,卖盘
13:15:27,105.76,-0.01,7,74041,卖盘
13:15:30,105.76,0.0,26,274965,卖盘
13:15:33,105.62,-0.14,4,42244,中性盘
13:15:36,105.58,-0.04,4,42237,卖盘
13:15:39,105.6,0.02,4,42252,卖盘
13:15:43,105.76,0.16,12,126892,买盘
13:15:45,105.69,-0.07,7,74011,卖盘
13:15:52,105.69,0.0,9,95142,卖盘
13:15:54,105.69,0.0,3,31707,买盘
13:15:57,105.76,0.07,1,10576,买盘
13:16:00,105.75,-0.01,8,84606,中性盘
13:16:03,105.8,0.05,3,31731,买盘
13:16:09,105.76,-0.04,2,21152,卖盘
13:16:15,105.8,0.04,13,137517,买盘
13:16:18,105.8,0.0,3,31740,买盘
13:16:28,105.8,0.0,1,10580,买盘
13:16:30,105.8,0.0,11,116380,买盘
13:16:33,105.85,0.05,16,169317,买盘
13:16:37,105.85,0.0,4,42325,买盘
13:16:39,105.78,-0.07,3,31734,买盘
13:16:42,105.78,0.0,1,10578,买盘
13:16:45,105.8,0.02,11,116376,买盘
13:16:48,105.8,0.0,2,21160,买盘
13:16:52,105.85,0.05,2,21170,卖盘
13:17:00,105.86,0.01,10,105862,买盘
13:17:03,105.87,0.01,3,31759,买盘
13:17:07,105.87,0.0,34,359958,买盘
13:17:09,105.88,0.01,15,158812,买盘
13:17:12,105.9,0.02,6,63540,买盘
13:17:15,105.91,0.01,6,63541,买盘
13:17:18,105.9,-0.01,5,52954,卖盘
13:17:22,105.93,0.03,36,381336,买盘
13:17:24,105.88,-0.05,13,144874,卖盘
13:17:27,105.88,0.0,20,211760,卖盘
13:17:30,105.9,0.02,7,74130,买盘
13:17:33,105.9,0.0,2,21180,买盘
13:17:37,105.88,-0.02,18,190586,卖盘
13:17:39,105.88,0.0,1,10588,买盘
13:17:42,105.86,-0.02,72,762290,卖盘
13:17:45,105.9,0.04,5,52950,买盘
13:17:48,105.9,0.0,12,127060,买盘
13:17:54,105.9,0.0,27,285930,买盘
13:18:00,105.9,0.0,26,275280,买盘
13:18:03,105.9,0.0,4,42360,买盘
13:18:07,105.86,-0.04,8,84688,卖盘
13:18:09,105.8,-0.06,8,84654,卖盘
13:18:12,105.87,0.07,11,116457,中性盘
13:18:15,105.87,0.0,3,31761,买盘
13:18:20,105.87,0.0,1,10587,买盘
13:18:22,105.87,0.0,1,10587,买盘
13:18:24,105.8,-0.07,1,10580,卖盘
13:18:30,105.87,0.07,6,63522,买盘
13:18:33,105.87,0.0,2,21174,买盘
13:18:37,105.87,0.0,1,10587,买盘
13:18:45,105.87,0.0,4,42348,买盘
13:18:48,105.87,0.0,9,95289,买盘
13:18:52,105.87,0.0,2,21174,卖盘
13:18:54,105.87,0.0,1,10587,卖盘
13:19:00,105.9,0.03,5,52950,买盘
13:19:03,105.91,0.01,4,42364,买盘
13:19:07,105.87,-0.04,2,21174,卖盘
13:19:09,105.92,0.05,1,10592,买盘
13:19:15,105.92,0.0,6,63551,买盘
13:19:19,105.92,0.0,6,63551,买盘
13:19:22,105.92,0.0,1,10592,买盘
13:19:27,105.95,0.03,39,413193,买盘
13:19:37,105.95,0.0,51,540345,卖盘
13:19:40,105.95,0.0,26,275466,买盘
13:19:42,105.94,-0.01,2,21188,卖盘
13:19:45,105.95,0.01,5,52975,买盘
13:19:48,105.95,0.0,3,31785,买盘
13:19:54,105.94,-0.01,1,10594,卖盘
13:20:00,105.95,0.01,7,74165,买盘
13:20:03,105.95,0.0,69,730976,买盘
13:20:07,105.95,0.0,19,201299,买盘
13:20:12,105.95,0.0,43,455584,买盘
13:20:15,105.96,0.01,9,95358,买盘
13:20:18,105.96,0.0,21,222515,买盘
13:20:22,105.97,0.01,9,95371,买盘
13:20:24,105.97,0.0,9,95373,买盘
13:20:27,105.98,0.01,10,105978,买盘
13:20:30,106.0,0.02,16,169593,买盘
13:20:33,106.0,0.0,8,84795,买盘
13:20:37,105.98,-0.02,30,317946,卖盘
13:20:39,106.0,0.02,40,423942,买盘
13:20:42,105.98,-0.02,7,74187,中性盘
13:20:45,105.99,0.01,4,42396,中性盘
13:20:48,105.98,-0.01,7,74192,卖盘
13:20:52,105.98,0.0,2,21196,卖盘
13:20:54,106.0,0.02,38,402799,买盘
13:20:57,105.98,-0.02,6,63589,卖盘
13:21:00,105.98,0.0,7,74196,卖盘
13:21:03,106.0,0.02,5,53000,买盘
13:21:07,106.0,0.0,12,127190,买盘
13:21:10,105.99,-0.01,14,148386,买盘
13:21:15,106.0,0.01,10,105994,买盘
13:21:18,105.99,-0.01,6,63592,买盘
13:21:24,105.99,0.0,4,42396,买盘
13:21:27,105.99,0.0,35,365559,买盘
13:21:30,106.0,0.01,5,53000,买盘
13:21:33,106.0,0.0,14,148396,买盘
13:21:36,106.0,0.0,10,106000,买盘
13:21:39,106.0,0.0,4,42398,买盘
13:21:42,106.0,0.0,2,21200,卖盘
13:21:45,106.01,0.01,8,84806,买盘
13:21:48,106.01,0.0,4,42403,买盘
13:22:00,106.02,0.01,4,42408,买盘
13:22:03,106.02,0.0,2,21204,买盘
13:22:10,106.01,-0.01,12,127212,卖盘
13:22:12,106.01,0.0,2,21202,卖盘
13:22:15,106.01,0.0,9,95414,卖盘
13:22:18,106.02,0.01,5,53008,买盘
13:22:22,106.01,-0.01,2,21203,卖盘
13:22:27,106.02,0.01,2,21204,买盘
13:22:30,106.02,0.0,10,110577,买盘
13:22:33,106.01,-0.01,2,21203,中性盘
13:22:37,106.05,0.04,27,286304,买盘
13:22:40,106.0,-0.05,10,106007,卖盘
13:22:42,106.0,0.0,2,21200,卖盘
13:22:45,106.01,0.01,7,74206,买盘
13:22:48,106.01,0.0,2,21201,买盘
13:22:51,106.01,0.0,5,53005,买盘
13:22:54,106.0,-0.01,4,42406,卖盘
13:22:57,106.0,0.0,1,10600,卖盘
13:23:00,106.05,0.05,9,95413,买盘
13:23:03,106.05,0.0,2,21209,买盘
13:23:07,106.0,-0.05,18,190809,卖盘
13:23:09,105.99,-0.01,9,95403,卖盘
13:23:13,106.01,0.02,21,222591,买盘
13:23:15,106.01,0.0,10,100808,买盘
13:23:18,106.01,0.0,1,12933,买盘
13:23:24,105.98,-0.03,3,31797,卖盘
13:23:27,106.01,0.03,12,127211,买盘
13:23:30,105.98,-0.03,30,315635,卖盘
13:23:33,106.02,0.04,10,106015,买盘
13:23:37,105.8,-0.22,8,84722,卖盘
13:23:40,105.8,0.0,1,10580,卖盘
13:23:42,105.8,0.0,26,276176,卖盘
13:23:45,106.0,0.2,24,253254,买盘
13:23:48,105.7,-0.3,5,52850,卖盘
13:23:51,105.7,0.0,4,42283,卖盘
13:23:54,105.7,0.0,2,21140,卖盘
13:24:00,105.77,0.07,8,84628,中性盘
13:24:03,105.82,0.05,11,116378,买盘
13:24:07,105.72,-0.1,9,95193,中性盘
13:24:09,105.73,0.01,6,63434,买盘
13:24:12,105.82,0.09,1,10582,买盘
13:24:15,105.78,-0.04,5,52896,中性盘
13:24:18,105.82,0.04,3,31745,买盘
13:24:22,105.88,0.06,3,31764,买盘
13:24:27,105.85,-0.03,2,21167,买盘
13:24:30,105.88,0.03,8,84704,买盘
13:24:33,105.88,0.0,8,84688,买盘
13:24:39,105.82,-0.06,6,63516,卖盘
13:24:45,105.88,0.06,5,52935,买盘
13:24:48,105.88,0.0,5,52940,买盘
13:24:52,105.88,0.0,2,21176,买盘
13:24:54,105.88,0.0,1,10588,买盘
13:25:00,105.96,0.08,16,169521,买盘
13:25:03,105.96,0.0,6,63569,买盘
13:25:07,105.96,0.0,15,158919,买盘
13:25:15,105.96,0.0,7,74175,买盘
13:25:18,105.97,0.01,18,190689,买盘
13:25:21,105.97,0.0,15,158929,买盘
13:25:24,105.94,-0.03,3,31784,中性盘
13:25:27,105.94,0.0,2,21183,中性盘
13:25:30,105.97,0.03,15,158945,买盘
13:25:33,105.97,0.0,10,105951,买盘
13:25:36,105.89,-0.08,22,232966,卖盘
13:25:39,105.9,0.01,11,116484,卖盘
13:25:45,105.96,0.06,6,63557,买盘
13:25:48,105.88,-0.08,21,222364,卖盘
13:25:52,105.83,-0.05,6,63518,卖盘
13:25:54,105.8,-0.03,13,137564,卖盘
13:25:57,105.88,0.08,8,84661,买盘
13:26:00,105.89,0.01,8,84708,买盘
13:26:03,105.71,-0.18,15,158793,卖盘
13:26:07,105.9,0.19,9,95310,中性盘
13:26:09,105.89,-0.01,4,42367,卖盘
13:26:15,105.94,0.05,4,42364,买盘
13:26:18,105.95,0.01,6,63566,买盘
13:26:22,105.96,0.01,4,42381,买盘
13:26:30,105.96,0.0,5,52976,买盘
13:26:33,105.91,-0.05,34,360253,卖盘
13:26:37,105.91,0.0,11,116542,卖盘
13:26:39,105.94,0.03,1,10594,卖盘
13:26:45,105.96,0.02,15,158958,卖盘
13:26:48,105.99,0.03,4,42393,买盘
13:26:54,105.97,-0.02,1,10597,卖盘
13:27:00,105.99,0.02,8,84786,买盘
13:27:03,105.97,-0.02,7,74183,卖盘
13:27:07,105.97,0.0,7,74179,买盘
13:27:09,105.97,0.0,2,21194,买盘
13:27:12,105.98,0.01,9,95379,买盘
13:27:15,105.99,0.01,8,84792,买盘
13:27:18,105.99,0.0,9,95391,买盘
13:27:21,106.0,0.01,23,243795,买盘
13:27:25,105.99,-0.01,6,63598,卖盘
13:27:27,105.99,0.0,3,31799,卖盘
13:27:30,106.0,0.01,11,116600,买盘
13:27:33,105.99,-0.01,12,127202,卖盘
13:27:37,106.02,0.03,7,74207,买盘
13:27:39,106.02,0.0,1,10602,买盘
13:27:42,106.02,0.0,22,233242,买盘
13:27:45,106.04,0.02,8,84828,买盘
13:27:48,106.04,0.0,8,84832,买盘
13:27:52,106.04,0.0,4,42416,买盘
13:27:55,106.04,0.0,18,190872,买盘
13:27:57,106.01,-0.03,3,31803,卖盘
13:28:00,106.04,0.03,25,265064,买盘
13:28:03,106.05,0.01,45,477221,买盘
13:28:07,106.01,-0.04,11,116621,中性盘
13:28:09,105.94,-0.07,26,275527,卖盘
13:28:12,106.03,0.09,4,42379,买盘
13:28:15,106.05,0.02,26,275719,买盘
13:28:18,106.03,-0.02,9,95408,中性盘
13:28:22,105.91,-0.12,7,74197,卖盘
13:28:25,106.0,0.09,2,21200,中性盘
13:28:27,106.04,0.04,4,42414,买盘
13:28:30,106.04,0.0,17,180258,买盘
13:28:33,106.04,0.0,9,95418,买盘
13:28:37,105.7,-0.34,101,1067721,卖盘
13:28:39,105.91,0.21,29,306572,中性盘
13:28:42,106.03,0.12,13,137791,买盘
13:28:45,106.03,0.0,6,63618,买盘
13:28:48,106.03,0.0,4,42412,买盘
13:28:52,106.04,0.01,24,254476,买盘
13:28:54,106.04,0.0,2,21208,买盘
13:28:57,106.04,0.0,15,159050,买盘
13:29:00,106.04,0.0,8,84835,买盘
13:29:03,106.03,-0.01,7,74213,中性盘
13:29:07,106.04,0.01,12,127246,买盘
13:29:09,105.91,-0.13,3,31773,卖盘
13:29:12,106.03,0.12,18,190864,中性盘
13:29:15,106.01,-0.02,5,53010,中性盘
13:29:18,106.03,0.02,3,31810,买盘
13:29:24,106.04,0.01,8,84828,买盘
13:29:27,106.0,-0.04,5,52999,买盘
13:29:30,105.99,-0.01,11,116598,卖盘
13:29:33,106.0,0.01,4,42399,买盘
13:29:36,106.0,0.0,5,52999,买盘
13:29:42,105.99,-0.01,16,169598,卖盘
13:29:45,106.0,0.01,11,116598,买盘
13:29:48,106.0,0.0,8,84798,买盘
13:29:51,105.99,-0.01,11,116596,卖盘
13:29:54,105.99,0.0,2,21198,卖盘
13:29:57,105.99,0.0,1,10599,卖盘
13:30:00,105.99,0.0,9,95398,卖盘
13:30:03,105.99,0.0,16,169593,卖盘
13:30:07,106.0,0.01,11,116592,买盘
13:30:09,106.0,0.0,4,42399,买盘
13:30:12,105.99,-0.01,1,10599,卖盘
13:30:15,106.0,0.01,68,720749,买盘
13:30:18,105.99,-0.01,16,169597,中性盘
13:30:22,106.0,0.01,10,105978,买盘
13:30:24,105.99,-0.01,3,31797,买盘
13:30:30,106.0,0.01,11,116590,买盘
13:30:33,106.0,0.0,10,105996,买盘
13:30:38,106.0,0.0,10,105998,买盘
13:30:39,105.99,-0.01,6,63586,买盘
13:30:43,106.0,0.01,3,31799,买盘
13:30:45,105.97,-0.03,10,105993,卖盘
13:30:48,106.0,0.03,6,63598,买盘
13:30:52,106.0,0.0,4,42398,买盘
13:30:56,106.0,0.0,10,106000,买盘
13:30:57,106.0,0.0,8,84800,买盘
13:31:00,106.04,0.04,74,784658,买盘
13:31:03,106.01,-0.03,32,339266,卖盘
13:31:07,106.02,0.01,5,53008,买盘
13:31:09,106.0,-0.02,51,540636,卖盘
13:31:12,106.0,0.0,18,190794,买盘
13:31:15,106.0,0.0,11,116598,买盘
13:31:18,106.0,0.0,4,42398,买盘
13:31:21,106.0,0.0,13,137795,买盘
13:31:24,105.97,-0.03,6,63593,卖盘
13:31:28,106.0,0.03,6,63600,买盘
13:31:30,106.0,0.0,16,169596,买盘
13:31:33,105.97,-0.03,7,74191,卖盘
13:31:37,105.99,0.02,6,63599,中性盘
13:31:39,106.0,0.01,6,63599,买盘
13:31:43,106.0,0.0,108,1144799,买盘
13:31:45,106.0,0.0,37,392185,买盘
13:31:48,105.99,-0.01,7,74190,卖盘
13:31:51,106.0,0.01,13,137798,买盘
13:31:54,105.99,-0.01,2,21198,中性盘
13:31:58,106.0,0.01,13,137797,买盘
13:32:00,106.0,0.0,8,84800,买盘
13:32:03,106.0,0.0,35,370997,买盘
13:32:07,105.98,-0.02,25,264983,卖盘
13:32:09,106.0,0.02,9,95395,买盘
13:32:12,106.0,0.0,4,42399,买盘
13:32:15,106.0,0.0,6,63599,买盘
13:32:18,105.99,-0.01,4,42399,中性盘
13:32:22,105.98,-0.01,15,158990,卖盘
13:32:24,105.98,0.0,5,58408,卖盘
13:32:27,106.0,0.02,4,36990,买盘
13:32:30,106.0,0.0,7,74200,买盘
13:32:33,106.01,0.01,7,74200,买盘
13:32:37,106.0,-0.01,7,74203,买盘
13:32:39,106.01,0.01,9,95408,买盘
13:32:42,106.02,0.01,8,90218,买盘
13:32:45,106.04,0.02,6,63616,买盘
13:32:48,106.04,0.0,2,21208,买盘
13:32:52,106.04,0.0,6,63624,买盘
13:32:54,106.04,0.0,2,21207,买盘
13:32:58,106.05,0.01,5,53019,买盘
13:33:00,106.05,0.0,17,180278,买盘
13:33:03,106.03,-0.02,9,95433,中性盘
13:33:07,106.04,0.01,10,106038,买盘
13:33:09,106.04,0.0,21,222702,卖盘
13:33:12,106.05,0.01,4,42419,买盘
13:33:15,106.05,0.0,7,74234,买盘
13:33:18,106.06,0.01,7,74242,买盘
13:33:22,106.06,0.0,7,74241,买盘
13:33:24,106.05,-0.01,4,42420,卖盘
13:33:27,106.06,0.01,12,127270,买盘
13:33:30,106.05,-0.01,29,307549,卖盘
13:33:33,106.04,-0.01,19,201488,卖盘
13:33:37,106.04,0.0,8,84836,买盘
13:33:39,106.06,0.02,4,42422,买盘
13:33:42,106.07,0.01,5,53032,买盘
13:33:45,106.06,-0.01,6,63638,中性盘
13:33:48,106.05,-0.01,10,106046,买盘
13:33:52,106.05,0.0,3,31814,买盘
13:33:54,106.08,0.03,11,116681,买盘
13:33:57,106.08,0.0,8,84862,买盘
13:34:00,106.08,0.0,5,53040,买盘
13:34:03,106.07,-0.01,34,360667,卖盘
13:34:07,106.08,0.01,9,95468,买盘
13:34:09,106.08,0.0,4,42432,中性盘
13:34:13,106.09,0.01,6,63654,买盘
13:34:15,106.06,-0.03,24,254566,卖盘
13:34:18,106.06,0.0,3,31819,中性盘
13:34:21,106.07,0.01,10,105417,买盘
13:34:24,106.08,0.01,6,63648,买盘
13:34:30,106.09,0.01,21,222781,买盘
13:34:33,106.09,0.0,7,74260,买盘
13:34:37,106.09,0.0,7,74263,买盘
13:34:42,106.05,-0.04,2,21210,卖盘
13:34:45,106.05,0.0,7,74244,卖盘
13:34:48,106.09,0.04,5,53041,买盘
13:34:51,106.05,-0.04,12,127908,卖盘
13:34:54,106.06,0.01,6,62994,买盘
13:34:57,106.04,-0.02,5,53782,卖盘
13:35:00,106.09,0.05,6,63654,买盘
13:35:03,106.09,0.0,2,21218,买盘
13:35:07,106.09,0.0,15,159121,买盘
13:35:09,106.1,0.01,2,21219,买盘
13:35:12,106.1,0.0,13,137921,买盘
13:35:15,106.1,0.0,7,74270,买盘
13:35:18,106.1,0.0,5,53050,买盘
13:35:21,106.06,-0.04,6,63651,中性盘
13:35:24,106.04,-0.02,2,21208,卖盘
13:35:27,106.09,0.05,4,42421,买盘
13:35:30,106.09,0.0,11,116695,买盘
13:35:33,106.1,0.01,6,63659,买盘
13:35:36,106.1,0.0,13,137921,买盘
13:35:39,106.1,0.0,8,84880,买盘
13:35:42,106.1,0.0,10,106100,买盘
13:35:45,106.09,-0.01,15,159142,卖盘
13:35:48,106.04,-0.05,37,392280,卖盘
13:35:52,106.04,0.0,12,127354,买盘
13:35:54,106.01,-0.03,18,190822,卖盘
13:35:57,106.1,0.09,6,63660,卖盘
13:36:00,106.1,0.0,9,95472,买盘
13:36:03,106.09,-0.01,11,116702,买盘
13:36:07,106.09,0.0,2,21218,买盘
13:36:09,106.09,0.0,4,42436,买盘
13:36:13,106.09,0.0,3,31827,买盘
13:36:15,106.1,0.01,26,275841,买盘
13:36:18,106.1,0.0,13,137927,买盘
13:36:22,106.1,0.0,2,21220,买盘
13:36:24,106.1,0.0,28,297054,买盘
13:36:27,106.1,0.0,8,84880,买盘
13:36:31,106.1,0.0,5,53050,买盘
13:36:33,106.1,0.0,3,31829,买盘
13:36:37,106.1,0.0,7,74270,买盘
13:36:39,106.1,0.0,5,53050,买盘
13:36:45,106.09,-0.01,11,116706,卖盘
13:36:48,106.1,0.01,4,42440,买盘
13:36:52,106.1,0.0,6,63658,买盘
13:36:54,106.1,0.0,14,148538,买盘
13:36:58,106.09,-0.01,33,350097,卖盘
13:37:01,106.1,0.01,6,63658,买盘
13:37:03,106.09,-0.01,4,42439,卖盘
13:37:07,106.1,0.01,2,21220,买盘
13:37:09,106.09,-0.01,5,53047,卖盘
13:37:13,106.09,0.0,1,10609,卖盘
13:37:15,106.1,0.01,3,31830,买盘
13:37:18,106.1,0.0,37,392565,买盘
13:37:22,106.1,0.0,3,31830,买盘
13:37:28,106.09,-0.01,14,148538,卖盘
13:37:30,106.1,0.01,20,212198,买盘
13:37:33,106.09,-0.01,12,127325,卖盘
13:37:36,106.09,0.0,13,137930,卖盘
13:37:39,106.09,0.0,12,127309,卖盘
13:37:45,106.1,0.01,3,31829,买盘
13:37:48,106.09,-0.01,7,74269,卖盘
13:37:51,106.09,0.0,8,84875,卖盘
13:37:54,106.1,0.01,3,31830,买盘
13:37:57,106.09,-0.01,5,53049,卖盘
13:38:00,106.1,0.01,7,74270,买盘
13:38:03,106.1,0.0,2,21219,买盘
13:38:06,106.09,-0.01,18,190974,卖盘
13:38:09,106.09,0.0,1,10609,卖盘
13:38:15,106.1,0.01,3,31830,买盘
13:38:18,106.09,-0.01,18,190966,卖盘
13:38:22,106.09,0.0,13,137918,卖盘
13:38:24,106.09,0.0,31,328879,卖盘
13:38:27,106.09,0.0,114,1209618,卖盘
13:38:30,106.11,0.02,19,201513,买盘
13:38:33,106.11,0.0,4,42442,买盘
13:38:39,106.09,-0.02,5,53053,卖盘
13:38:42,106.11,0.02,15,159176,买盘
13:38:45,106.11,0.0,6,63669,卖盘
13:38:48,106.11,0.0,5,53059,卖盘
13:38:52,106.11,0.0,15,159166,卖盘
13:38:54,106.12,0.01,10,106109,买盘
13:38:58,106.1,-0.02,2,21220,卖盘
13:39:00,106.12,0.02,4,42448,买盘
13:39:03,106.12,0.0,2,21223,买盘
13:39:07,106.1,-0.02,4,42446,卖盘
13:39:09,106.12,0.02,14,148566,买盘
13:39:13,106.12,0.0,3,31834,买盘
13:39:15,106.1,-0.02,9,95506,卖盘
13:39:18,106.1,0.0,14,148564,卖盘
13:39:22,106.12,0.02,1,10612,买盘
13:39:27,106.1,-0.02,3,31832,卖盘
13:39:30,106.12,0.02,5,53060,买盘
13:39:33,106.1,-0.02,3,31833,卖盘
13:39:36,106.12,0.02,4,42446,买盘
13:39:39,106.11,-0.01,2,15599,卖盘
13:39:43,106.12,0.01,16,169787,买盘
13:39:45,106.12,0.0,8,84894,买盘
13:39:48,106.12,0.0,6,63671,买盘
13:39:51,106.11,-0.01,4,42445,卖盘
13:39:54,106.11,0.0,11,116731,卖盘
13:40:00,106.11,0.0,16,169790,卖盘
13:40:03,106.12,0.01,8,84894,买盘
13:40:07,106.12,0.0,13,137954,买盘
13:40:09,106.13,0.01,6,69828,买盘
13:40:13,106.13,0.0,12,127349,买盘
13:40:15,106.14,0.01,13,137970,买盘
13:40:18,106.14,0.0,7,74296,买盘
13:40:22,106.14,0.0,11,116754,买盘
13:40:24,106.16,0.02,70,743058,买盘
13:40:27,106.18,0.02,13,138012,买盘
13:40:30,106.18,0.0,28,297295,买盘
13:40:33,106.19,0.01,73,775098,买盘
13:40:37,106.18,-0.01,11,116801,中性盘
13:40:39,106.2,0.02,35,371681,买盘
13:40:42,106.2,0.0,51,541601,买盘
13:40:45,106.2,0.0,32,339824,买盘
13:40:48,106.21,0.01,26,276131,买盘
13:40:52,106.22,0.01,16,169950,买盘
13:40:54,106.22,0.0,10,106219,中性盘
13:40:57,106.21,-0.01,10,106220,卖盘
13:41:00,106.24,0.03,4,42492,买盘
13:41:03,106.24,0.0,5,53108,买盘
13:41:07,106.21,-0.03,17,180596,卖盘
13:41:09,106.21,0.0,1,10621,卖盘
13:41:15,106.21,0.0,39,414231,卖盘
13:41:18,106.27,0.06,98,1041281,买盘
13:41:22,106.27,0.0,15,159415,卖盘
13:41:24,106.27,0.0,2,21254,卖盘
13:41:27,106.27,0.0,4,42508,卖盘
13:41:30,106.27,0.0,7,74393,卖盘
13:41:34,106.28,0.01,17,180673,买盘
13:41:37,106.28,0.0,34,361347,买盘
13:41:39,106.27,-0.01,4,42508,卖盘
13:41:42,106.28,0.01,15,159418,买盘
13:41:45,106.27,-0.01,12,127535,卖盘
13:41:48,106.28,0.01,7,74400,买盘
13:41:52,106.28,0.0,8,85031,卖盘
13:41:54,106.27,-0.01,78,828980,卖盘
13:41:57,106.27,0.0,1,10627,卖盘
13:42:00,106.29,0.02,11,116907,买盘
13:42:03,106.28,-0.01,6,63768,买盘
13:42:07,106.28,0.0,19,201931,卖盘
13:42:10,106.29,0.01,5,53143,买盘
13:42:13,106.27,-0.02,26,276353,卖盘
13:42:15,106.27,0.0,7,74395,卖盘
13:42:18,106.28,0.01,16,170046,买盘
13:42:22,106.27,-0.01,3,31883,卖盘
13:42:24,106.28,0.01,15,159420,买盘
13:42:27,106.27,-0.01,2,21254,卖盘
13:42:30,106.27,0.0,6,63767,卖盘
13:42:33,106.27,0.0,39,414495,卖盘
13:42:37,106.28,0.01,58,616370,中性盘
13:42:40,106.2,-0.08,15,159338,卖盘
13:42:42,106.3,0.1,12,127536,买盘
13:42:45,106.28,-0.02,4,42495,中性盘
13:42:48,106.28,0.0,6,63764,买盘
13:42:52,106.3,0.02,48,510208,买盘
13:42:54,106.3,0.0,31,329570,卖盘
13:42:58,106.3,0.0,54,574183,卖盘
13:43:00,106.32,0.02,13,138188,买盘
13:43:03,106.3,-0.02,7,74416,中性盘
13:43:10,106.32,0.02,3,31897,卖盘
13:43:15,106.32,0.0,5,53170,中性盘
13:43:18,106.32,0.0,5,53168,卖盘
13:43:21,106.31,-0.01,18,191451,卖盘
13:43:24,106.33,0.02,7,74433,中性盘
13:43:27,106.37,0.04,2,21274,买盘
13:43:30,106.37,0.0,16,170191,买盘
13:43:33,106.3,-0.07,8,85089,卖盘
13:43:36,106.31,0.01,2,21262,买盘
13:43:43,106.36,0.05,1,10636,买盘
13:43:45,106.37,0.01,3,31903,买盘
13:43:48,106.3,-0.07,32,340342,卖盘
13:43:52,106.38,0.08,2,21276,买盘
13:43:57,106.37,-0.01,1,10637,卖盘
13:44:00,106.38,0.01,4,42552,买盘
13:44:03,106.37,-0.01,13,138287,卖盘
13:44:07,106.37,0.0,16,170202,卖盘
13:44:10,106.31,-0.06,2,21262,卖盘
13:44:15,106.36,0.05,3,31903,买盘
13:44:18,106.36,0.0,3,31896,买盘
13:44:22,106.35,-0.01,1,10635,买盘
13:44:27,106.36,0.01,2,21272,买盘
13:44:30,106.3,-0.06,20,212590,卖盘
13:44:33,106.17,-0.13,12,127521,卖盘
13:44:36,106.35,0.18,8,85043,买盘
13:44:40,106.31,-0.04,3,31893,中性盘
13:44:42,106.34,0.03,23,244543,中性盘
13:44:45,106.34,0.0,6,63804,买盘
13:44:48,106.34,0.0,3,31868,买盘
13:44:51,106.34,0.0,3,31900,买盘
13:44:54,106.32,-0.02,54,574128,卖盘
13:44:57,106.17,-0.15,2,21234,卖盘
13:45:00,106.32,0.15,6,63792,买盘
13:45:03,106.17,-0.15,4,42512,卖盘
13:45:07,106.32,0.15,3,31879,买盘
13:45:15,106.3,-0.02,3,31890,买盘
13:45:18,106.3,0.0,12,127560,买盘
13:45:21,106.3,0.0,1,10630,买盘
13:45:24,106.3,0.0,1,10630,买盘
13:45:27,106.3,0.0,2,21260,买盘
13:45:30,106.31,0.01,5,53152,买盘
13:45:33,106.31,0.0,2,21262,卖盘
13:45:37,106.31,0.0,2,21262,中性盘
13:45:40,106.31,0.0,1,10631,卖盘
13:45:47,106.31,0.0,3,31892,买盘
13:45:48,106.32,0.01,35,372104,买盘
13:45:52,106.32,0.0,9,95689,卖盘
13:45:54,106.32,0.0,13,138226,卖盘
13:45:57,106.33,0.01,18,191375,中性盘
13:46:00,106.3,-0.03,19,202024,卖盘
13:46:03,106.34,0.04,18,191404,买盘
13:46:07,106.31,-0.03,3,31899,中性盘
13:46:10,106.3,-0.01,2,21260,卖盘
13:46:12,106.3,0.0,14,148820,卖盘
13:46:15,106.3,0.0,5,53150,买盘
13:46:18,106.3,0.0,2,21260,买盘
13:46:21,106.3,0.0,1,10630,买盘
13:46:30,106.3,0.0,12,127560,买盘
13:46:33,106.3,0.0,13,138190,买盘
13:46:37,106.28,-0.02,2,21258,卖盘
13:46:40,106.3,0.02,1,10630,买盘
13:46:43,106.28,-0.02,2,21256,卖盘
13:46:45,106.28,0.0,4,42512,买盘
13:46:48,106.28,0.0,1,10628,买盘
13:46:51,106.28,0.0,2,21256,买盘
13:46:54,106.27,-0.01,10,106281,卖盘
13:46:57,106.27,0.0,2,21254,卖盘
13:47:00,106.28,0.01,7,74396,买盘
13:47:03,106.28,0.0,3,31884,买盘
13:47:07,106.28,0.0,11,116910,买盘
13:47:15,106.3,0.02,9,95664,买盘
13:47:18,106.3,0.0,7,74410,买盘
13:47:22,106.3,0.0,2,21260,买盘
13:47:24,106.28,-0.02,17,180696,卖盘
13:47:27,106.28,0.0,3,31884,买盘
13:47:30,106.28,0.0,5,53140,买盘
13:47:33,106.32,0.04,12,127568,买盘
13:47:37,106.28,-0.04,3,31886,中性盘
13:47:42,106.28,0.0,11,116928,卖盘
13:47:45,106.28,0.0,4,42512,买盘
13:47:48,106.28,0.0,3,31884,买盘
13:47:52,106.28,0.0,1,10628,买盘
13:48:00,106.3,0.02,8,85034,买盘
13:48:03,106.3,0.0,17,180722,买盘
13:48:07,106.3,0.0,3,31890,买盘
13:48:10,106.28,-0.02,8,85030,卖盘
13:48:15,106.28,0.0,5,53140,买盘
13:48:18,106.3,0.02,2,21260,买盘
13:48:21,106.32,0.02,5,53152,买盘
13:48:27,106.31,-0.01,2,21261,买盘
13:48:30,106.32,0.01,17,180688,买盘
13:48:33,106.28,-0.04,3,31886,中性盘
13:48:37,106.28,0.0,4,42512,买盘
13:48:42,106.32,0.04,9,95680,买盘
13:48:45,106.32,0.0,4,42526,买盘
13:48:48,106.32,0.0,7,74422,买盘
13:48:52,106.32,0.0,1,10632,买盘
13:48:54,106.32,0.0,9,95685,买盘
13:49:00,106.32,0.0,5,53156,买盘
13:49:03,106.28,-0.04,5,53150,卖盘
13:49:07,106.29,0.01,2,21259,中性盘
13:49:09,106.3,0.01,4,42520,买盘
13:49:12,106.32,0.02,7,74424,买盘
13:49:15,106.32,0.0,6,63787,买盘
13:49:18,106.32,0.0,16,170091,买盘
13:49:22,106.32,0.0,3,31896,卖盘
13:49:24,106.32,0.0,4,42528,卖盘
13:49:28,106.32,0.0,3,31896,卖盘
13:49:30,106.32,0.0,26,276460,卖盘
13:49:33,106.32,0.0,31,329655,卖盘
13:49:37,106.28,-0.04,14,148799,卖盘
13:49:40,106.28,0.0,6,63768,卖盘
13:49:42,106.27,-0.01,2,21254,卖盘
13:49:45,106.27,0.0,15,159410,卖盘
13:49:48,106.27,0.0,3,31883,中性盘
13:49:52,106.27,0.0,1,10627,卖盘
13:49:54,106.24,-0.03,1,10624,买盘
13:50:00,106.24,0.0,5,53129,卖盘
13:50:03,106.27,0.03,1,10627,买盘
13:50:07,106.28,0.01,3,31883,买盘
13:50:10,106.28,0.0,14,148782,买盘
13:50:12,106.28,0.0,10,106275,买盘
13:50:15,106.27,-0.01,9,95643,卖盘
13:50:18,106.27,0.0,1,10627,买盘
13:50:22,106.27,0.0,1,10627,买盘
13:50:24,106.29,0.02,33,350722,买盘
13:50:27,106.28,-0.01,6,63771,卖盘
13:50:30,106.3,0.02,4,42518,买盘
13:50:33,106.3,0.0,1,10630,买盘
13:50:37,106.3,0.0,3,31890,买盘
13:50:42,106.3,0.0,8,85035,买盘
13:50:45,106.31,0.01,6,63786,买盘
13:50:48,106.29,-0.02,12,127557,卖盘
13:50:52,106.3,0.01,10,106292,买盘
13:50:54,106.3,0.0,2,21260,卖盘
13:50:58,106.3,0.0,6,63780,卖盘
13:51:00,106.3,0.0,4,42520,买盘
13:51:03,106.28,-0.02,4,42514,卖盘
13:51:07,106.3,0.02,1,10630,买盘
13:51:09,106.28,-0.02,7,74401,卖盘
13:51:13,106.3,0.02,4,42520,买盘
13:51:15,106.3,0.0,6,63780,买盘
13:51:18,106.3,0.0,11,116930,买盘
13:51:22,106.3,0.0,1,10630,买盘
13:51:24,106.28,-0.02,14,148792,卖盘
13:51:27,106.28,0.0,2,21256,买盘
13:51:30,106.28,0.0,2,21256,买盘
13:51:33,106.28,0.0,1,10628,买盘
13:51:37,106.28,0.0,3,31884,买盘
13:51:40,106.29,0.01,2,21257,买盘
13:51:45,106.3,0.01,5,53150,买盘
13:51:48,106.3,0.0,1,10630,买盘
13:51:51,106.27,-0.03,4,42502,买盘
13:51:54,106.29,0.02,25,265631,买盘
13:51:57,106.29,0.0,1,10629,买盘
13:52:00,106.25,-0.04,10,106271,卖盘
13:52:06,106.27,0.02,4,42509,卖盘
13:52:10,106.29,0.02,2,21258,买盘
13:52:12,106.29,0.0,3,31887,买盘
13:52:15,106.3,0.01,15,159438,买盘
13:52:18,106.3,0.0,1,10630,买盘
13:52:22,106.3,0.0,1,10630,买盘
13:52:27,106.27,-0.03,2,21254,卖盘
13:52:30,106.3,0.03,12,127560,买盘
13:52:33,106.3,0.0,6,63765,买盘
13:52:37,106.3,0.0,1,10630,买盘
13:52:39,106.3,0.0,19,201970,买盘
13:52:43,106.3,0.0,3,31890,买盘
13:52:45,106.3,0.0,7,74404,买盘
13:52:48,106.3,0.0,6,63777,买盘
13:52:52,106.3,0.0,5,53150,买盘
13:52:54,106.3,0.0,10,106297,买盘
13:52:58,106.2,-0.1,5,53131,卖盘
13:53:00,106.31,0.11,3,31883,买盘
13:53:03,106.3,-0.01,3,31891,中性盘
13:53:07,106.3,0.0,13,138201,卖盘
13:53:09,106.32,0.02,7,67297,买盘
13:53:12,106.3,-0.02,1,10630,买盘
13:53:15,106.31,0.01,5,53156,买盘
13:53:18,106.3,-0.01,15,166598,卖盘
13:53:21,106.3,0.0,5,53150,买盘
13:53:24,106.3,0.0,1,3508,卖盘
13:53:27,106.3,0.0,1,10630,买盘
13:53:30,106.32,0.02,5,53157,买盘
13:53:33,106.3,-0.02,3,39014,买盘
13:53:37,106.29,-0.01,2,21258,中性盘
13:53:42,106.32,0.03,11,116941,买盘
13:53:45,106.3,-0.02,3,31890,中性盘
13:53:48,106.32,0.02,30,318960,买盘
13:53:52,106.3,-0.02,5,53150,卖盘
13:53:54,106.29,-0.01,9,95664,卖盘
13:53:57,106.28,-0.01,1,10628,买盘
13:54:06,106.28,0.0,3,31884,买盘
13:54:10,106.22,-0.06,8,84977,卖盘
13:54:13,106.22,0.0,11,116842,买盘
13:54:15,106.22,0.0,4,42488,买盘
13:54:18,106.22,0.0,21,223062,买盘
13:54:22,106.22,0.0,3,31866,买盘
13:54:30,106.22,0.0,2,21244,买盘
13:54:33,106.22,0.0,3,31864,买盘
13:54:36,106.22,0.0,1,10622,买盘
13:54:40,106.21,-0.01,1,10621,卖盘
13:54:43,106.22,0.01,2,21244,买盘
13:54:45,106.22,0.0,3,31866,买盘
13:54:48,106.22,0.0,1,10622,买盘
13:54:52,106.22,0.0,1,10622,买盘
13:54:54,106.22,0.0,10,106220,买盘
13:54:57,106.22,0.0,1,10622,买盘
13:55:00,106.22,0.0,1,10622,买盘
13:55:03,106.22,0.0,33,350526,买盘
13:55:07,106.21,-0.01,16,169953,卖盘
13:55:10,106.21,0.0,1,10621,卖盘
13:55:12,106.21,0.0,4,42490,卖盘
13:55:15,106.23,0.02,3,31869,买盘
13:55:18,106.23,0.0,9,95605,买盘
13:55:22,106.24,0.01,5,53116,买盘
13:55:30,106.22,-0.02,14,148705,买盘
13:55:37,106.22,0.0,4,42488,买盘
13:55:42,106.22,0.0,2,21244,买盘
13:55:45,106.22,0.0,3,31865,买盘
13:55:48,106.22,0.0,1,10622,买盘
13:55:51,106.22,0.0,1,10622,买盘
13:56:00,106.22,0.0,1,10622,买盘
13:56:03,106.22,0.0,1,10622,买盘
13:56:06,106.22,0.0,11,116842,买盘
13:56:09,106.22,0.0,2,21244,买盘
13:56:12,106.22,0.0,3,31866,买盘
13:56:16,106.22,0.0,14,148698,买盘
13:56:19,106.22,0.0,2,21243,买盘
13:56:21,106.22,0.0,1,10622,买盘
13:56:25,106.22,0.0,10,106220,买盘
13:56:27,106.22,0.0,9,95598,买盘
13:56:30,106.22,0.0,2,21244,买盘
13:56:33,106.22,0.0,1,10622,买盘
13:56:37,106.22,0.0,1,10622,买盘
13:56:42,106.21,-0.01,14,148707,卖盘
13:56:45,106.22,0.01,7,74354,买盘
13:56:49,106.21,-0.01,2,21242,卖盘
13:56:52,106.25,0.04,13,138089,买盘
13:56:57,106.26,0.01,2,21248,买盘
13:57:00,106.22,-0.04,1,10622,买盘
13:57:04,106.22,0.0,6,63732,买盘
13:57:06,106.22,0.0,2,21244,买盘
13:57:13,106.26,0.04,27,286882,买盘
13:57:16,106.26,0.0,2,21248,买盘
13:57:19,106.26,0.0,2,21252,买盘
13:57:22,106.3,0.04,40,425131,买盘
13:57:24,106.21,-0.09,4,42498,卖盘
13:57:30,106.26,0.05,2,21252,中性盘
13:57:33,106.25,-0.01,2,21251,卖盘
13:57:36,106.21,-0.04,7,74369,卖盘
13:57:43,106.21,0.0,2,21242,卖盘
13:57:46,106.21,0.0,1,10621,卖盘
13:57:52,106.26,0.05,1,10626,买盘
13:57:54,106.2,-0.06,18,191228,卖盘
13:57:57,106.19,-0.01,2,21239,卖盘
13:58:00,106.26,0.07,2,21252,买盘
13:58:04,106.3,0.04,1,10630,买盘
13:58:06,106.2,-0.1,10,106222,卖盘
13:58:16,106.21,0.01,2,21242,买盘
13:58:19,106.21,0.0,8,84961,买盘
13:58:22,106.21,0.0,1,10621,买盘
13:58:25,106.2,-0.01,7,74340,卖盘
13:58:28,106.26,0.06,3,29847,买盘
13:58:34,106.2,-0.06,11,116870,卖盘
13:58:37,106.26,0.06,1,5313,卖盘
13:58:46,106.3,0.04,1,10630,买盘
13:58:48,106.3,0.0,1,10630,买盘
13:58:52,106.3,0.0,1,10630,买盘
13:58:57,106.3,0.0,17,180710,买盘
13:59:01,106.3,0.0,2,21260,买盘
13:59:04,106.3,0.0,3,31890,买盘
13:59:06,106.28,-0.02,14,148810,中性盘
13:59:09,106.29,0.01,1,10629,中性盘
13:59:13,106.26,-0.03,25,265676,卖盘
13:59:16,106.3,0.04,15,159450,买盘
13:59:18,106.3,0.0,1,10630,买盘
13:59:22,106.3,0.0,1,10630,买盘
13:59:23,106.25,-0.05,5,53127,卖盘
13:59:30,106.28,0.03,1,10628,中性盘
13:59:34,106.28,0.0,1,10628,买盘
13:59:37,106.26,-0.02,3,31877,卖盘
13:59:40,106.26,0.0,1,10626,买盘
13:59:43,106.26,0.0,3,31878,买盘
13:59:46,106.28,0.02,3,31884,买盘
13:59:49,106.26,-0.02,8,85008,卖盘
13:59:52,106.28,0.02,1,10628,买盘
13:59:58,106.26,-0.02,1,10626,卖盘
14:00:01,106.28,0.02,3,31880,买盘
14:00:03,106.25,-0.03,7,74376,卖盘
14:00:07,106.25,0.0,3,31877,中性盘
14:00:10,106.28,0.03,5,53140,买盘
14:00:13,106.26,-0.02,11,116887,卖盘
14:00:16,106.25,-0.01,1,10625,卖盘
14:00:19,106.26,0.01,48,510038,买盘
14:00:22,106.26,0.0,3,31878,买盘
14:00:28,106.23,-0.03,4,42492,卖盘
14:00:31,106.26,0.03,1,10626,买盘
14:00:34,106.26,0.0,10,106260,买盘
14:00:37,106.26,0.0,4,42498,买盘
14:00:46,106.25,-0.01,8,85007,中性盘
14:00:49,106.25,0.0,11,116887,卖盘
14:00:52,106.24,-0.01,7,74369,卖盘
14:00:55,106.24,0.0,14,148754,买盘
14:01:01,106.23,-0.01,4,42495,卖盘
14:01:04,106.25,0.02,2,21249,买盘
14:01:07,106.24,-0.01,4,42501,卖盘
14:01:10,106.23,-0.01,11,116852,卖盘
14:01:13,106.23,0.0,13,138097,买盘
14:01:16,106.23,0.0,1,10623,买盘
14:01:19,106.22,-0.01,2,21244,卖盘
14:01:22,106.23,0.01,1,10623,买盘
14:01:28,106.22,-0.01,2,21245,卖盘
14:01:31,106.2,-0.02,34,363137,卖盘
14:01:34,106.19,-0.01,5,53096,卖盘
14:01:40,106.19,0.0,3,31857,卖盘
14:01:49,106.2,0.01,3,31860,买盘
14:01:55,106.19,-0.01,7,74334,卖盘
14:01:58,106.19,0.0,6,63714,卖盘
14:02:01,106.2,0.01,1,10620,买盘
14:02:07,106.18,-0.02,16,169910,卖盘
14:02:09,106.18,0.0,1,10618,买盘
14:02:13,106.17,-0.01,9,95553,卖盘
14:02:19,106.13,-0.04,3,31843,卖盘
14:02:22,106.13,0.0,2,21226,买盘
14:02:25,106.11,-0.02,6,63675,卖盘
14:02:31,106.13,0.02,2,21224,买盘
14:02:37,106.15,0.02,1,10615,买盘
14:02:40,106.15,0.0,2,21230,买盘
14:02:42,106.18,0.03,12,127397,买盘
14:02:46,106.15,-0.03,3,31845,卖盘
14:02:49,106.17,0.02,3,31851,买盘
14:02:52,106.17,0.0,2,21234,买盘
14:02:55,106.18,0.01,3,31852,买盘
14:03:01,106.15,-0.03,4,42460,卖盘
14:03:07,106.15,0.0,7,74319,卖盘
14:03:16,106.19,0.04,2,21238,中性盘
14:03:19,106.2,0.01,10,106199,买盘
14:03:23,106.22,0.02,3,31863,买盘
14:03:25,106.17,-0.05,5,53093,卖盘
14:03:28,106.17,0.0,4,42468,卖盘
14:03:31,106.17,0.0,2,21234,卖盘
14:03:34,106.18,0.01,4,42472,买盘
14:03:37,106.2,0.02,10,106176,买盘
14:03:46,106.18,-0.02,2,27292,卖盘
14:03:53,106.22,0.04,12,127460,买盘
14:03:55,106.22,0.0,11,116834,买盘
14:04:01,106.22,0.0,2,21242,买盘
14:04:07,106.15,-0.07,5,47028,买盘
14:04:10,106.16,0.01,1,10616,买盘
14:04:13,106.16,0.0,1,10616,买盘
14:04:17,106.16,0.0,1,10616,买盘
14:04:22,106.16,0.0,3,31848,买盘
14:04:25,106.18,0.02,4,42463,买盘
14:04:31,106.18,0.0,5,53086,买盘
14:04:37,106.19,0.01,5,53091,中性盘
14:04:40,106.2,0.01,4,42480,买盘
14:04:43,106.2,0.0,5,53100,买盘
14:04:46,106.16,-0.04,16,169911,卖盘
14:04:49,106.16,0.0,4,42464,买盘
14:04:50,106.16,0.0,11,116776,买盘
14:05:04,106.16,0.0,1,10616,买盘
14:05:07,106.06,-0.1,26,275958,卖盘
14:05:10,106.03,-0.03,9,95438,卖盘
14:05:13,106.06,0.03,2,21215,卖盘
14:05:23,106.06,0.0,1,10606,卖盘
14:05:28,106.05,-0.01,20,212100,卖盘
14:05:31,106.05,0.0,26,275739,卖盘
14:05:34,106.05,0.0,2,21211,卖盘
14:05:37,106.01,-0.04,14,153608,卖盘
14:05:41,106.01,0.0,3,26609,卖盘
14:05:43,106.03,0.02,5,53015,买盘
14:05:47,106.01,-0.02,8,84818,卖盘
14:05:49,106.02,0.01,2,21203,中性盘
14:05:50,106.02,0.0,7,74210,中性盘
14:05:55,106.01,-0.01,3,31803,卖盘
14:05:58,106.01,0.0,2,26396,卖盘
14:06:02,106.0,-0.01,1,10600,卖盘
14:06:05,105.98,-0.02,232,2459189,卖盘
14:06:07,105.95,-0.03,2,21193,卖盘
14:06:11,105.95,0.0,1,10595,中性盘
14:06:17,105.95,0.0,1,10595,买盘
14:06:19,105.95,0.0,10,105950,买盘
14:06:22,105.89,-0.06,17,180013,卖盘
14:06:25,105.97,0.08,8,84766,买盘
14:06:37,105.89,-0.08,8,84712,卖盘
14:06:49,105.96,0.07,10,105932,买盘
14:06:52,105.87,-0.09,3,31770,卖盘
14:06:53,105.97,0.1,2,21194,买盘
14:07:01,105.97,0.0,3,31791,卖盘
14:07:08,105.97,0.0,12,127165,卖盘
14:07:13,105.97,0.0,7,74179,卖盘
14:07:16,105.85,-0.12,5,52925,卖盘
14:07:19,105.82,-0.03,6,63507,卖盘
14:07:28,105.97,0.15,2,21194,买盘
14:07:31,105.97,0.0,10,105970,买盘
14:07:34,105.87,-0.1,4,42368,卖盘
14:07:37,105.87,0.0,5,52935,卖盘
14:07:43,105.87,0.0,3,31761,卖盘
14:07:49,105.83,-0.04,3,31751,卖盘
14:07:50,105.84,0.01,1,10584,中性盘
14:07:57,105.84,0.0,6,63504,卖盘
14:08:02,105.98,0.14,8,84777,买盘
14:08:04,105.83,-0.15,4,42334,卖盘
14:08:07,105.83,0.0,15,158889,卖盘
14:08:17,105.83,0.0,3,31749,卖盘
14:08:25,105.97,0.14,2,21193,买盘
14:08:28,105.96,-0.01,2,21192,买盘
14:08:31,105.96,0.0,1,10596,中性盘
14:08:32,105.85,-0.11,11,116487,卖盘
14:08:37,105.96,0.11,8,84768,中性盘
14:08:39,105.96,0.0,1,10596,中性盘
14:08:42,105.97,0.01,11,116566,买盘
14:08:46,105.96,-0.01,4,42384,买盘
14:08:49,105.86,-0.1,7,74108,卖盘
14:08:52,105.86,0.0,3,31758,买盘
14:08:55,105.96,0.1,8,76774,卖盘
14:08:57,105.96,0.0,1,10596,卖盘
14:08:59,105.96,0.0,4,50331,卖盘
14:09:02,105.96,0.0,3,31788,买盘
14:09:05,105.88,-0.08,3,31764,卖盘
14:09:08,105.88,0.0,2,21177,卖盘
14:09:16,105.89,0.01,5,52948,卖盘
14:09:19,105.94,0.05,6,63564,买盘
14:09:22,105.94,0.0,1,10594,卖盘
14:09:28,105.94,0.0,3,28604,卖盘
14:09:31,105.94,0.0,1,13772,买盘
14:09:32,105.96,0.02,20,211927,卖盘
14:09:37,105.93,-0.03,7,74157,卖盘
14:09:46,105.93,0.0,1,10593,卖盘
14:09:50,105.93,0.0,2,21186,卖盘
14:09:55,105.96,0.03,8,84768,买盘
14:09:58,105.96,0.0,2,21192,卖盘
14:10:07,105.94,-0.02,6,63567,卖盘
14:10:10,105.94,0.0,2,21188,卖盘
14:10:13,105.94,0.0,1,10594,卖盘
14:10:19,105.93,-0.01,1,10593,卖盘
14:10:20,105.97,0.04,12,127139,买盘
14:10:27,105.94,-0.03,1,10594,卖盘
14:10:31,105.94,0.0,19,201306,卖盘
14:10:35,105.94,0.0,45,476732,卖盘
14:10:40,105.97,0.03,1,10597,买盘
14:10:43,105.96,-0.01,5,52984,卖盘
14:10:46,105.98,0.02,11,116578,买盘
14:10:52,105.98,0.0,11,116506,买盘
14:10:55,105.88,-0.1,2,21176,卖盘
14:10:58,105.98,0.1,10,105980,买盘
14:11:01,105.98,0.0,7,74178,买盘
14:11:05,105.98,0.0,10,105980,买盘
14:11:10,105.89,-0.09,2,21178,卖盘
14:11:16,105.88,-0.01,15,158820,卖盘
14:11:17,105.88,0.0,4,42352,卖盘
14:11:22,105.9,0.02,22,232900,买盘
14:11:25,105.9,0.0,8,84712,买盘
14:11:28,105.83,-0.07,2,21166,卖盘
14:11:32,105.82,-0.01,2,21164,卖盘
14:11:37,105.81,-0.01,9,95237,卖盘
14:11:40,105.8,-0.01,7,74064,卖盘
14:11:43,105.83,0.03,4,42332,买盘
14:11:44,105.83,0.0,1,10583,卖盘
14:11:49,105.83,0.0,2,21166,卖盘
14:11:52,105.83,0.0,15,158745,卖盘
14:11:55,105.81,-0.02,5,52907,卖盘
14:12:01,105.81,0.0,5,52905,卖盘
14:12:04,105.83,0.02,9,95233,买盘
14:12:07,105.8,-0.03,7,74066,卖盘
14:12:10,105.8,0.0,3,31740,卖盘
14:12:19,105.81,0.01,5,52905,买盘
14:12:22,105.66,-0.15,18,190303,卖盘
14:12:37,105.7,0.04,7,73994,卖盘
14:12:39,105.7,0.0,3,31720,卖盘
14:12:42,105.71,0.01,2,21142,买盘
14:12:46,105.85,0.14,5,52904,买盘
14:12:52,105.66,-0.19,20,211416,卖盘
14:12:53,105.8,0.14,4,42320,买盘
14:12:57,105.67,-0.13,14,148118,卖盘
14:13:07,105.8,0.13,26,275381,卖盘
14:13:10,105.8,0.0,6,63480,卖盘
14:13:22,105.7,-0.1,28,295964,卖盘
14:13:28,105.7,0.0,11,116272,卖盘
14:13:29,105.8,0.1,5,52899,买盘
14:13:33,105.8,0.0,2,21160,卖盘
14:13:38,105.7,-0.1,4,42310,卖盘
14:13:40,105.67,-0.03,35,369947,卖盘
14:13:42,105.7,0.03,19,197234,买盘
14:13:52,105.69,-0.01,6,63459,买盘
14:14:05,105.69,0.0,12,126928,卖盘
14:14:10,105.8,0.11,2,21159,买盘
14:14:13,105.8,0.0,3,31739,买盘
14:14:16,105.8,0.0,4,42318,买盘
14:14:24,105.8,0.0,2,21159,买盘
14:14:29,105.8,0.0,2,21160,买盘
14:14:34,105.95,0.15,3,31770,买盘
14:14:35,105.79,-0.16,6,63475,卖盘
14:14:39,105.96,0.17,14,150146,买盘
14:14:43,105.96,0.0,17,178330,卖盘
14:14:46,105.8,-0.16,4,42320,卖盘
14:14:58,105.96,0.16,2,21192,买盘
14:15:07,105.96,0.0,1,10596,买盘
