time,price,change,volume,amount,type
09:25:02,105.21,-0.67,371,3912655,卖盘
09:30:00,105.59,0.38,22,231658,买盘
09:30:04,105.15,-0.44,96,1012477,卖盘
09:30:07,105.53,0.38,51,537935,中性盘
09:30:10,105.66,0.13,70,737969,买盘
09:30:12,105.5,-0.16,15,158204,卖盘
09:30:16,105.3,-0.2,19,195060,卖盘
09:30:19,105.32,0.02,8,84431,中性盘
09:30:22,105.56,0.24,8,84350,买盘
09:30:25,105.65,0.09,28,295710,买盘
09:30:27,105.56,-0.09,21,221501,买盘
09:30:31,105.56,0.0,13,136332,买盘
09:30:33,105.32,-0.24,11,116151,卖盘
09:30:37,105.32,0.0,1,10532,卖盘
09:30:39,105.31,-0.01,7,74435,卖盘
09:30:43,105.56,0.25,4,42204,中性盘
09:30:46,105.32,-0.24,23,242851,卖盘
09:30:49,105.56,0.24,21,221623,买盘
09:30:52,105.54,-0.02,14,150094,卖盘
09:30:54,105.51,-0.03,16,168838,卖盘
09:30:57,105.54,0.03,15,158249,买盘
09:31:00,105.47,-0.07,13,138374,卖盘
09:31:04,105.47,0.0,34,358392,卖盘
09:31:07,105.5,0.03,39,411633,买盘
09:31:10,105.47,-0.03,21,221503,卖盘
09:31:13,105.66,0.19,56,591443,买盘
09:31:16,105.66,0.0,7,72281,卖盘
09:31:19,105.55,-0.11,17,179531,卖盘
09:31:22,105.68,0.13,39,412034,买盘
09:31:25,105.55,-0.13,14,147741,中性盘
09:31:28,105.66,0.11,11,116215,买盘
09:31:31,105.71,0.05,16,169067,买盘
09:31:33,105.71,0.0,11,116238,卖盘
09:31:37,105.71,0.0,17,179763,卖盘
09:31:40,105.71,0.0,11,116276,买盘
09:31:43,105.73,0.02,27,285367,买盘
09:31:45,105.8,0.07,17,179775,买盘
09:31:48,105.73,-0.07,2,21153,中性盘
09:31:52,105.73,0.0,7,74031,卖盘
09:31:55,105.78,0.05,2,21151,买盘
09:31:57,105.71,-0.07,26,274930,卖盘
09:32:00,105.79,0.08,13,137459,买盘
09:32:04,105.71,-0.08,3,31698,中性盘
09:32:07,105.73,0.02,9,95072,中性盘
09:32:10,105.78,0.05,8,84570,买盘
09:32:13,105.69,-0.09,6,63433,卖盘
09:32:16,105.73,0.04,1,10573,买盘
09:32:19,105.73,0.0,8,84599,买盘
09:32:21,105.73,0.0,36,380366,卖盘
09:32:25,105.73,0.0,16,169020,买盘
09:32:27,105.64,-0.09,7,73984,卖盘
09:32:30,105.71,0.07,62,655404,中性盘
09:32:34,105.71,0.0,5,52841,卖盘
09:32:37,105.71,0.0,11,116274,买盘
09:32:40,105.64,-0.07,4,42270,卖盘
09:32:43,105.64,0.0,1,10564,卖盘
09:32:46,105.65,0.01,3,31695,中性盘
09:32:49,105.67,0.02,3,31705,中性盘
09:32:52,105.67,0.0,4,42271,卖盘
09:32:54,105.65,-0.02,2,21130,卖盘
09:32:58,105.7,0.05,16,169081,买盘
09:33:01,105.68,-0.02,37,391008,买盘
09:33:03,105.68,0.0,5,52840,卖盘
09:33:07,105.69,0.01,25,264197,买盘
09:33:10,105.67,-0.02,9,95097,中性盘
09:33:13,105.69,0.02,61,644522,买盘
09:33:15,105.57,-0.12,42,443691,卖盘
09:33:19,105.45,-0.12,68,719219,卖盘
09:33:22,105.43,-0.02,11,115958,买盘
09:33:25,105.33,-0.1,52,547693,卖盘
09:33:27,105.33,0.0,8,83017,买盘
09:33:30,105.22,-0.11,4,42129,卖盘
09:33:34,105.35,0.13,1,10535,中性盘
09:33:37,105.22,-0.13,6,63132,卖盘
09:33:40,105.22,0.0,19,199926,买盘
09:33:43,105.22,0.0,5,52610,卖盘
09:33:46,105.22,0.0,3,31566,卖盘
09:33:49,105.33,0.11,13,136799,买盘
09:33:52,105.22,-0.11,3,31566,卖盘
09:33:55,105.22,0.0,16,168352,卖盘
09:33:57,105.21,-0.01,8,84169,卖盘
09:34:00,105.22,0.01,4,42093,中性盘
09:34:10,105.33,0.11,15,157983,买盘
09:34:13,105.27,-0.06,11,115816,卖盘
09:34:16,105.29,0.02,1,10529,中性盘
09:34:19,105.33,0.04,1,10533,买盘
09:34:25,105.4,0.07,65,684972,买盘
09:34:28,105.4,0.0,22,231906,中性盘
09:34:30,105.4,0.0,4,42163,卖盘
09:34:34,105.4,0.0,6,63250,卖盘
09:34:37,105.39,-0.01,4,42158,卖盘
09:34:40,105.4,0.01,3,31620,卖盘
09:34:46,105.4,0.0,10,105400,买盘
09:34:49,105.4,0.0,3,31618,买盘
09:34:52,105.4,0.0,8,84320,卖盘
09:34:55,105.39,-0.01,6,63238,卖盘
09:34:58,105.4,0.01,3,31618,买盘
09:35:01,105.4,0.0,2,21080,买盘
09:35:04,105.4,0.0,2,21080,买盘
09:35:06,105.39,-0.01,5,52699,卖盘
09:35:09,105.4,0.01,6,63287,卖盘
09:35:13,105.39,-0.01,16,168637,卖盘
09:35:17,105.36,-0.03,13,136988,卖盘
09:35:19,105.38,0.02,3,31609,买盘
09:35:22,105.35,-0.03,11,115900,卖盘
09:35:25,105.34,-0.01,7,73762,卖盘
09:35:28,105.33,-0.01,60,632035,卖盘
09:35:31,105.3,-0.03,3,31590,卖盘
09:35:34,105.31,0.01,7,73716,买盘
09:35:37,105.33,0.02,32,336963,买盘
09:35:39,105.31,-0.02,14,147385,中性盘
09:35:43,105.31,0.0,24,252590,买盘
09:35:46,105.31,0.0,5,52640,买盘
09:35:49,105.31,0.0,11,115840,买盘
09:35:52,105.23,-0.08,9,94702,卖盘
09:35:55,105.2,-0.03,45,473435,卖盘
09:35:58,105.1,-0.1,84,883021,卖盘
09:36:01,105.1,0.0,65,683455,卖盘
09:36:04,105.09,-0.01,7,74724,卖盘
09:36:07,105.0,-0.09,52,546040,卖盘
09:36:10,105.0,0.0,20,210000,卖盘
09:36:13,105.0,0.0,67,703532,卖盘
09:36:15,105.0,0.0,92,965707,卖盘
09:36:19,104.85,-0.15,7,73401,卖盘
09:36:22,104.81,-0.04,9,94357,中性盘
09:36:25,104.8,-0.01,29,303930,卖盘
09:36:28,104.75,-0.05,20,209528,卖盘
09:36:30,104.74,-0.01,15,157116,卖盘
09:36:34,104.72,-0.02,28,293291,卖盘
09:36:37,104.74,0.02,16,167545,卖盘
09:36:39,104.7,-0.04,17,178053,卖盘
09:36:43,104.74,0.04,16,167520,买盘
09:36:46,104.74,0.0,26,272272,买盘
09:36:49,104.7,-0.04,30,314210,卖盘
09:36:52,104.8,0.1,19,198939,买盘
09:36:55,104.8,0.0,30,314181,中性盘
09:36:58,104.85,0.05,7,73395,买盘
09:37:01,105.0,0.15,6,62955,买盘
09:37:04,105.0,0.0,2,20985,买盘
09:37:07,104.86,-0.14,13,136303,中性盘
09:37:10,104.86,0.0,9,94365,买盘
09:37:13,104.86,0.0,19,199233,买盘
09:37:19,104.87,0.01,3,31461,中性盘
09:37:22,104.94,0.07,18,188637,买盘
09:37:25,104.94,0.0,3,31468,买盘
09:37:28,104.86,-0.08,5,52445,中性盘
09:37:31,104.85,-0.01,7,73422,卖盘
09:37:34,104.88,0.03,5,52434,中性盘
09:37:37,104.86,-0.02,12,125832,卖盘
09:37:40,104.94,0.08,15,157334,买盘
09:37:43,104.8,-0.14,35,366812,卖盘
09:37:46,104.8,0.0,21,220126,卖盘
09:37:49,104.94,0.14,5,52466,买盘
09:37:52,104.86,-0.08,19,199242,卖盘
09:37:55,104.93,0.07,2,20986,买盘
09:37:58,104.93,0.0,1,10493,买盘
09:38:04,104.83,-0.1,18,188861,卖盘
09:38:07,104.92,0.09,7,73444,买盘
09:38:10,104.93,0.01,2,20986,买盘
09:38:15,104.93,0.0,26,272747,买盘
09:38:19,104.93,0.0,32,335776,买盘
09:38:22,104.91,-0.02,1,10491,卖盘
09:38:25,104.94,0.03,9,94438,买盘
09:38:28,104.91,-0.03,43,451120,卖盘
09:38:30,104.93,0.02,4,41972,卖盘
09:38:33,104.93,0.0,3,31479,买盘
09:38:37,104.9,-0.03,3,31469,买盘
09:38:41,104.93,0.03,4,41966,买盘
09:38:46,104.93,0.0,33,346172,买盘
09:38:48,104.93,0.0,3,31476,买盘
09:38:52,104.94,0.01,6,62964,买盘
09:38:55,104.94,0.0,2,20988,卖盘
09:38:58,104.99,0.05,8,83992,买盘
09:39:01,104.99,0.0,16,167904,买盘
09:39:03,105.04,0.05,28,294009,买盘
09:39:07,105.05,0.01,29,304524,买盘
09:39:10,105.05,0.0,14,147018,中性盘
09:39:13,105.09,0.04,3,31522,买盘
09:39:17,105.09,0.0,1,10509,买盘
09:39:19,105.1,0.01,7,73567,买盘
09:39:22,105.1,0.0,2,21020,卖盘
09:39:25,105.17,0.07,2,21027,买盘
09:39:29,105.1,-0.07,1,10510,卖盘
09:39:32,105.1,0.0,3,31530,卖盘
09:39:35,105.09,-0.01,1,10509,卖盘
09:39:37,105.17,0.08,9,94628,买盘
09:39:40,105.09,-0.08,3,31528,卖盘
09:39:43,105.0,-0.09,19,199524,卖盘
09:39:46,105.08,0.08,7,73502,买盘
09:39:49,105.0,-0.08,8,84050,中性盘
09:39:52,105.0,0.0,1,10500,买盘
09:39:54,105.07,0.07,3,31515,中性盘
09:39:58,105.0,-0.07,9,94548,卖盘
09:40:01,105.07,0.07,2,21007,中性盘
09:40:10,105.09,0.02,10,105048,买盘
09:40:16,105.07,-0.02,10,105080,买盘
09:40:19,105.09,0.02,10,105032,买盘
09:40:22,105.0,-0.09,1,10500,卖盘
09:40:25,105.0,0.0,9,94500,卖盘
09:40:29,105.09,0.09,37,388640,买盘
09:40:30,105.01,-0.08,5,52529,卖盘
09:40:33,105.01,0.0,8,84008,卖盘
09:40:37,105.05,0.04,2,21010,卖盘
09:40:41,105.05,0.0,6,63010,中性盘
09:40:43,105.01,-0.04,13,136512,卖盘
09:40:47,104.98,-0.03,4,41996,卖盘
09:40:50,105.05,0.07,4,42011,买盘
09:40:54,105.0,-0.05,3,31501,买盘
09:40:58,104.98,-0.02,4,41999,卖盘
09:41:10,105.05,0.07,9,94510,买盘
09:41:13,105.05,0.0,4,42020,卖盘
09:41:16,105.05,0.0,33,346691,卖盘
09:41:19,105.1,0.05,5,52520,买盘
09:41:22,105.1,0.0,5,52545,买盘
09:41:25,105.05,-0.05,5,52525,卖盘
09:41:32,105.05,0.0,5,52519,买盘
09:41:34,104.99,-0.06,6,63049,卖盘
09:41:37,105.18,0.19,20,210338,买盘
09:41:44,105.0,-0.18,1,10500,买盘
09:41:47,105.0,0.0,2,21000,卖盘
09:41:49,105.18,0.18,8,84116,买盘
09:41:52,105.11,-0.07,1,10511,中性盘
09:41:58,105.11,0.0,12,126153,卖盘
09:42:01,105.18,0.07,4,42036,买盘
09:42:05,105.11,-0.07,2,21022,买盘
09:42:07,105.0,-0.11,37,388500,卖盘
09:42:10,105.18,0.18,13,136621,买盘
09:42:13,105.0,-0.18,1,10500,卖盘
09:42:19,105.0,0.0,13,136500,卖盘
09:42:22,105.01,0.01,2,21002,中性盘
09:42:24,105.0,-0.01,7,73504,卖盘
09:42:31,105.0,0.0,22,231162,卖盘
09:42:34,105.0,0.0,7,73500,卖盘
09:42:37,104.98,-0.02,24,251987,卖盘
09:42:40,104.9,-0.08,56,587584,卖盘
09:42:43,104.9,0.0,28,293720,卖盘
09:42:46,104.87,-0.03,18,188813,卖盘
09:42:49,104.84,-0.03,8,83893,卖盘
09:42:52,104.82,-0.02,6,62901,卖盘
09:42:56,104.81,-0.01,6,62891,卖盘
09:42:59,104.79,-0.02,34,356319,卖盘
09:43:02,104.78,-0.01,22,230520,卖盘
09:43:05,104.76,-0.02,9,94291,卖盘
09:43:07,104.75,-0.01,22,230464,卖盘
09:43:11,104.74,-0.01,6,62845,卖盘
09:43:13,104.68,-0.06,121,1266856,卖盘
09:43:16,104.6,-0.08,43,449944,卖盘
09:43:19,104.64,0.04,28,293075,买盘
09:43:22,104.64,0.0,16,167462,买盘
09:43:26,104.64,0.0,5,52314,卖盘
09:43:29,104.62,-0.02,34,355776,卖盘
09:43:31,104.62,0.0,19,198793,买盘
09:43:35,104.62,0.0,1,10462,卖盘
09:43:37,104.6,-0.02,20,209213,卖盘
09:43:41,104.6,0.0,5,52303,卖盘
09:43:44,104.58,-0.02,15,156882,卖盘
09:43:47,104.55,-0.03,32,334574,卖盘
09:43:49,104.51,-0.04,50,522552,卖盘
09:43:52,104.52,0.01,20,209030,买盘
09:43:55,104.51,-0.01,5,52258,卖盘
09:43:57,104.6,0.09,153,1599284,买盘
09:44:01,104.64,0.04,10,104617,买盘
09:44:05,104.6,-0.04,14,146441,卖盘
09:44:14,104.52,-0.08,6,57528,卖盘
09:44:17,104.58,0.06,5,52292,卖盘
09:44:19,104.6,0.02,19,198740,买盘
09:44:22,104.58,-0.02,22,230106,卖盘
09:44:26,104.6,0.02,11,115043,中性盘
09:44:29,104.6,0.0,1,10460,卖盘
09:44:32,104.53,-0.07,30,313736,卖盘
09:44:35,104.58,0.05,14,146411,中性盘
09:44:37,104.53,-0.05,26,271788,卖盘
09:44:40,104.58,0.05,11,115008,中性盘
09:44:43,104.58,0.0,6,62724,买盘
09:44:46,104.6,0.02,6,62750,买盘
09:44:49,104.53,-0.07,10,104577,卖盘
09:44:52,104.58,0.05,2,20916,买盘
09:44:58,104.69,0.11,4,41862,买盘
09:45:05,104.67,-0.02,19,198744,买盘
09:45:07,104.55,-0.12,4,41826,中性盘
09:45:11,104.54,-0.01,8,83635,卖盘
09:45:14,104.53,-0.01,13,135890,卖盘
09:45:17,104.55,0.02,11,115004,买盘
09:45:19,104.54,-0.01,1,10454,买盘
09:45:22,104.54,0.0,2,20909,卖盘
09:45:26,104.54,0.0,2,20908,卖盘
09:45:29,104.54,0.0,29,303171,卖盘
09:45:32,104.54,0.0,13,135905,卖盘
09:45:35,104.67,0.13,10,104670,买盘
09:45:37,104.56,-0.11,4,41823,买盘
09:45:41,104.67,0.11,5,52322,买盘
09:45:44,104.56,-0.11,5,52299,中性盘
09:45:47,104.56,0.0,5,52287,中性盘
09:45:49,104.55,-0.01,2,20910,卖盘
09:45:52,104.58,0.03,2,20916,买盘
09:45:55,104.58,0.0,1,10458,买盘
09:45:57,104.56,-0.02,2,20912,卖盘
09:46:02,104.57,0.01,1,10457,卖盘
09:46:04,104.58,0.01,1,10458,中性盘
09:46:07,104.56,-0.02,7,73198,卖盘
09:46:11,104.59,0.03,2,20916,买盘
09:46:17,104.59,0.0,5,52300,卖盘
09:46:19,104.59,0.0,2,20918,卖盘
09:46:22,104.59,0.0,1,10459,卖盘
09:46:26,104.66,0.07,5,52305,中性盘
09:46:30,104.61,-0.05,1,10461,卖盘
09:46:30,104.6,-0.01,2,20920,中性盘
09:46:34,104.6,0.0,1,10460,买盘
09:46:37,104.59,-0.01,1,10459,卖盘
09:46:41,104.61,0.02,1,10461,买盘
09:46:43,104.61,0.0,12,125516,买盘
09:46:46,104.59,-0.02,7,73213,卖盘
09:46:50,104.59,0.0,5,52295,卖盘
09:46:52,104.59,0.0,8,83676,卖盘
09:46:56,104.59,0.0,4,41838,卖盘
09:46:58,104.59,0.0,17,177805,卖盘
09:47:01,104.59,0.0,6,62754,买盘
09:47:05,104.59,0.0,18,188254,买盘
09:47:07,104.59,0.0,102,1066599,卖盘
09:47:14,104.61,0.02,13,135974,买盘
09:47:17,104.6,-0.01,8,83678,中性盘
09:47:20,104.59,-0.01,3,31377,中性盘
09:47:22,104.59,0.0,4,41836,买盘
09:47:25,104.58,-0.01,13,135965,卖盘
09:47:29,104.59,0.01,15,156885,买盘
09:47:41,104.67,0.08,1,10467,买盘
09:47:43,104.67,0.0,3,31388,买盘
09:47:47,104.67,0.0,4,41844,买盘
09:47:49,104.67,0.0,1,10467,买盘
09:47:52,104.67,0.0,2,20934,买盘
09:47:59,104.62,-0.05,4,41848,买盘
09:48:02,104.67,0.05,24,251098,买盘
09:48:05,104.67,0.0,10,104670,买盘
09:48:11,104.67,0.0,1,10467,买盘
09:48:17,104.67,0.0,2,20934,买盘
09:48:19,104.67,0.0,7,73272,卖盘
09:48:22,104.67,0.0,21,219803,卖盘
09:48:26,104.6,-0.07,50,523133,卖盘
09:48:29,104.67,0.07,36,376693,中性盘
09:48:32,104.64,-0.03,1,10464,卖盘
09:48:34,104.64,0.0,8,83736,中性盘
09:48:37,104.62,-0.02,7,73238,卖盘
09:48:40,104.62,0.0,1,10462,卖盘
09:48:43,104.67,0.05,10,104691,买盘
09:48:47,104.67,0.0,1,10467,买盘
09:48:49,104.66,-0.01,1,10466,中性盘
09:48:52,104.66,0.0,2,20933,中性盘
09:48:56,104.64,-0.02,3,31394,卖盘
09:49:01,104.66,0.02,1,10466,买盘
09:49:04,104.66,0.0,6,62796,买盘
09:49:07,104.64,-0.02,9,94182,卖盘
09:49:11,104.67,0.03,16,167470,买盘
09:49:14,104.67,0.0,5,52334,买盘
09:49:17,104.64,-0.03,3,31395,卖盘
09:49:20,104.67,0.03,1,10467,买盘
09:49:22,104.67,0.0,1,10467,买盘
09:49:29,104.67,0.0,10,104667,买盘
09:49:31,104.67,0.0,5,52332,买盘
09:49:35,104.65,-0.02,4,41866,卖盘
09:49:37,104.67,0.02,4,41866,买盘
09:49:44,104.7,0.03,116,1214518,买盘
09:49:47,104.67,-0.03,19,198906,卖盘
09:49:52,104.81,0.14,7,73351,买盘
09:49:59,104.98,0.17,19,199458,买盘
09:50:07,104.8,-0.18,3,31440,中性盘
09:50:10,104.8,0.0,3,31440,买盘
09:50:14,104.8,0.0,8,83840,买盘
09:50:17,104.8,0.0,6,62880,卖盘
09:50:19,104.8,0.0,10,104800,买盘
09:50:26,105.0,0.2,7,73460,买盘
09:50:29,105.0,0.0,17,178391,买盘
09:50:32,105.0,0.0,5,52463,买盘
09:50:34,105.0,0.0,1,10500,买盘
09:50:37,105.0,0.0,87,913500,买盘
09:50:40,104.98,-0.02,2,20996,卖盘
09:50:43,105.0,0.02,6,62999,买盘
09:50:52,104.97,-0.03,1,10497,买盘
09:50:56,104.84,-0.13,1,10484,卖盘
09:50:58,104.84,0.0,5,52434,卖盘
09:51:07,105.0,0.16,7,73498,买盘
09:51:10,104.97,-0.03,5,52493,卖盘
09:51:17,104.99,0.02,17,178555,中性盘
09:51:22,105.08,0.09,3,31516,买盘
09:51:32,105.1,0.02,3,31526,买盘
09:51:35,105.08,-0.02,5,52548,卖盘
09:51:38,105.15,0.07,4,42060,买盘
09:51:41,105.2,0.05,4,42073,买盘
09:51:44,105.3,0.1,4,42120,买盘
09:51:47,105.34,0.04,15,157958,买盘
09:51:49,105.34,0.0,6,63188,买盘
09:51:52,105.3,-0.04,2,21064,卖盘
09:51:56,105.32,0.02,5,52664,买盘
09:51:59,105.36,0.04,7,73733,买盘
09:52:02,105.34,-0.02,7,73744,卖盘
09:52:05,105.34,0.0,8,84302,卖盘
09:52:07,105.3,-0.04,15,158006,卖盘
09:52:10,105.3,0.0,3,31571,买盘
09:52:14,105.03,-0.27,2,21033,中性盘
09:52:17,105.02,-0.01,2,21004,卖盘
09:52:20,105.35,0.33,6,63198,买盘
09:52:26,105.34,-0.01,11,115831,买盘
09:52:28,105.33,-0.01,10,105158,中性盘
09:52:32,105.13,-0.2,1,10513,卖盘
09:52:34,105.33,0.2,5,52661,买盘
09:52:37,105.33,0.0,3,31555,买盘
09:52:41,105.33,0.0,5,52665,买盘
09:52:44,105.2,-0.13,3,31572,卖盘
09:52:46,105.33,0.13,10,105321,买盘
09:52:50,105.12,-0.21,6,63069,中性盘
09:52:52,105.12,0.0,1,10512,卖盘
09:52:56,105.13,0.01,5,52565,卖盘
09:53:01,105.32,0.19,10,105320,买盘
09:53:05,105.12,-0.2,3,31536,卖盘
09:53:11,105.32,0.2,13,136841,买盘
09:53:13,105.14,-0.18,1,10514,卖盘
09:53:22,105.14,0.0,8,84112,买盘
09:53:25,105.14,0.0,12,126190,卖盘
09:53:29,105.15,0.01,1,10515,中性盘
09:53:32,105.14,-0.01,4,42056,买盘
09:53:35,105.13,-0.01,8,84111,卖盘
09:53:38,105.24,0.11,7,73618,买盘
09:53:41,105.2,-0.04,2,21033,中性盘
09:53:44,105.13,-0.07,3,31546,卖盘
09:53:47,105.13,0.0,13,136669,卖盘
09:53:49,105.14,0.01,7,73628,卖盘
09:53:52,105.11,-0.03,8,84088,卖盘
09:53:56,105.11,0.0,4,42043,买盘
09:54:07,105.13,0.02,3,31535,买盘
09:54:11,105.13,0.0,1,10513,卖盘
09:54:14,105.11,-0.02,64,672714,卖盘
09:54:16,105.13,0.02,45,473059,中性盘
09:54:19,105.13,0.0,2,21026,卖盘
09:54:22,105.13,0.0,2,21026,卖盘
09:54:25,105.13,0.0,3,31539,卖盘
09:54:32,105.13,0.0,2,21026,卖盘
09:54:38,105.14,0.01,12,126163,买盘
09:54:41,105.13,-0.01,2,21026,卖盘
09:54:46,105.14,0.01,1,10514,买盘
09:54:59,105.14,0.0,2,21028,卖盘
09:55:02,105.14,0.0,4,42056,卖盘
09:55:05,105.14,0.0,2,21028,卖盘
09:55:07,105.13,-0.01,1,10513,卖盘
09:55:14,105.14,0.01,2,21028,卖盘
09:55:16,105.13,-0.01,1,10513,卖盘
09:55:26,105.14,0.01,10,105140,卖盘
09:55:29,105.15,0.01,3,31544,买盘
09:55:32,105.14,-0.01,5,52573,卖盘
09:55:43,105.14,0.0,3,31542,卖盘
09:55:47,105.14,0.0,5,52570,卖盘
09:55:50,105.14,0.0,1,10514,卖盘
09:55:52,105.14,0.0,3,31542,卖盘
09:55:59,105.15,0.01,1,10515,买盘
09:56:02,105.15,0.0,3,31545,买盘
09:56:04,105.14,-0.01,10,105140,卖盘
09:56:08,105.14,0.0,11,115664,卖盘
09:56:10,105.14,0.0,4,42056,卖盘
09:56:14,105.15,0.01,12,126177,买盘
09:56:17,105.15,0.0,7,73604,买盘
09:56:20,105.2,0.05,4,42074,买盘
09:56:22,105.24,0.04,5,52594,买盘
09:56:25,105.15,-0.09,6,63090,卖盘
09:56:31,105.24,0.09,2,21039,买盘
09:56:38,105.28,0.04,3,31584,买盘
09:56:41,105.28,0.0,1,10528,买盘
09:56:50,105.28,0.0,1,10528,买盘
09:57:11,105.25,-0.03,3,31575,买盘
09:57:14,105.15,-0.1,1,10515,卖盘
09:57:17,105.25,0.1,1,10525,买盘
09:57:23,105.25,0.0,6,63129,买盘
09:57:29,105.15,-0.1,13,136695,卖盘
09:57:31,105.16,0.01,2,21032,中性盘
09:57:35,105.15,-0.01,13,136696,卖盘
09:57:37,105.14,-0.01,36,378531,卖盘
09:57:41,105.14,0.0,5,52571,卖盘
09:57:44,105.14,0.0,2,21028,卖盘
09:57:47,105.15,0.01,13,136693,买盘
09:57:50,105.13,-0.02,13,136688,卖盘
09:57:52,105.13,0.0,3,31540,卖盘
09:57:56,105.13,0.0,1,10513,卖盘
09:58:05,105.13,0.0,4,42058,卖盘
09:58:08,105.12,-0.01,29,304876,卖盘
09:58:10,105.11,-0.01,2,21022,卖盘
09:58:14,105.13,0.02,2,21026,买盘
09:58:17,105.14,0.01,24,252312,买盘
09:58:20,105.13,-0.01,2,21027,卖盘
09:58:28,105.13,0.0,4,42053,卖盘
09:58:35,105.13,0.0,2,21026,卖盘
09:58:44,105.13,0.0,6,63078,卖盘
09:58:47,105.14,0.01,19,199765,买盘
09:58:50,105.14,0.0,2,21028,卖盘
09:58:52,105.14,0.0,4,42056,卖盘
09:58:55,105.15,0.01,10,105150,买盘
09:58:59,105.14,-0.01,11,115654,卖盘
09:59:02,105.14,0.0,1,10514,卖盘
09:59:04,105.14,0.0,4,42056,买盘
09:59:14,105.14,0.0,7,73599,卖盘
09:59:16,105.14,0.0,34,357464,卖盘
09:59:20,105.11,-0.03,18,189238,卖盘
09:59:22,105.1,-0.01,11,115611,卖盘
09:59:25,105.1,0.0,4,42032,中性盘
09:59:29,105.04,-0.06,3,31512,卖盘
09:59:32,105.04,0.0,1,10504,卖盘
09:59:38,105.11,0.07,21,220633,买盘
09:59:40,105.04,-0.07,16,168096,卖盘
09:59:43,105.04,0.0,10,105048,买盘
09:59:47,105.04,0.0,1,10504,卖盘
09:59:50,105.04,0.0,16,168064,卖盘
09:59:52,105.04,0.0,11,115544,卖盘
09:59:56,105.0,-0.04,31,325528,卖盘
09:59:59,105.0,0.0,11,115500,买盘
10:00:01,104.97,-0.03,2,20994,卖盘
10:00:08,105.0,0.03,4,39895,买盘
10:00:14,104.97,-0.03,2,20994,卖盘
10:00:17,104.97,0.0,11,117566,卖盘
10:00:35,104.97,0.0,2,20994,买盘
10:00:37,104.97,0.0,7,73449,买盘
10:00:43,104.92,-0.05,2,20984,卖盘
10:00:46,104.92,0.0,17,178369,买盘
10:00:50,104.92,0.0,6,66624,买盘
10:00:52,104.91,-0.01,19,195668,卖盘
10:00:56,104.91,0.0,3,35147,卖盘
10:00:59,104.91,0.0,1,10491,卖盘
10:01:02,104.97,0.06,6,62976,买盘
10:01:08,104.96,-0.01,2,20992,买盘
10:01:10,104.95,-0.01,5,52469,卖盘
10:01:14,104.97,0.02,1,10497,买盘
10:01:17,104.97,0.0,10,104970,买盘
10:01:19,104.97,0.0,42,440884,买盘
10:01:22,105.04,0.07,9,94508,买盘
10:01:26,105.0,-0.04,12,126039,中性盘
10:01:29,105.04,0.04,5,52517,买盘
10:01:31,105.09,0.05,8,84067,买盘
10:01:35,105.1,0.01,2,21019,买盘
10:01:38,105.09,-0.01,2,21019,中性盘
10:01:41,105.12,0.03,2,21024,买盘
10:01:44,105.14,0.02,1,10514,买盘
10:01:47,105.18,0.04,3,31552,买盘
10:01:50,105.18,0.0,2,21036,买盘
10:01:52,105.23,0.05,24,252530,买盘
10:01:55,105.23,0.0,17,178884,买盘
10:01:59,105.28,0.05,17,178936,买盘
10:02:02,105.28,0.0,7,73698,卖盘
10:02:04,105.3,0.02,29,305341,买盘
10:02:08,105.25,-0.05,4,42107,卖盘
10:02:11,105.25,0.0,1,10525,卖盘
10:02:14,105.3,0.05,9,94759,买盘
10:02:17,105.26,-0.04,4,42107,卖盘
10:02:20,105.3,0.04,5,52642,买盘
10:02:22,105.32,0.02,9,94783,买盘
10:02:26,105.3,-0.02,22,231733,中性盘
10:02:29,105.32,0.02,3,31596,卖盘
10:02:32,105.38,0.06,1,10538,买盘
10:02:35,105.32,-0.06,2,21064,卖盘
10:02:44,105.37,0.05,18,189586,买盘
10:02:47,105.32,-0.05,7,73713,中性盘
10:02:50,105.29,-0.03,2,21058,买盘
10:02:56,105.32,0.03,4,42121,买盘
10:02:59,105.23,-0.09,1,10523,卖盘
10:03:05,105.32,0.09,4,42128,买盘
10:03:07,105.3,-0.02,13,136892,卖盘
10:03:11,105.3,0.0,2,21055,中性盘
10:03:19,105.24,-0.06,6,63139,中性盘
10:03:22,105.23,-0.01,1,10523,卖盘
10:03:26,105.31,0.08,24,252666,买盘
10:03:29,105.31,0.0,13,136903,卖盘
10:03:31,105.31,0.0,8,84248,卖盘
10:03:34,105.31,0.0,7,73717,买盘
10:03:38,105.23,-0.08,2,21049,卖盘
10:03:47,105.0,-0.23,18,189186,卖盘
10:03:52,105.0,0.0,1,10500,买盘
10:03:58,105.0,0.0,1,10500,买盘
10:04:02,105.0,0.0,23,241520,买盘
10:04:05,105.0,0.0,3,31500,卖盘
10:04:08,104.85,-0.15,77,807954,卖盘
10:04:11,105.0,0.15,1,10500,卖盘
10:04:13,105.0,0.0,1,10500,卖盘
10:04:29,105.0,0.0,6,63000,卖盘
10:04:38,105.0,0.0,3,31500,卖盘
10:04:47,105.0,0.0,2,21000,卖盘
10:04:50,105.0,0.0,1,10500,卖盘
10:05:01,105.02,0.02,5,52510,卖盘
10:05:08,105.0,-0.02,59,619647,卖盘
10:05:10,105.06,0.06,6,63008,买盘
10:05:13,105.06,0.0,8,84048,买盘
10:05:17,105.0,-0.06,7,73504,卖盘
10:05:29,105.02,0.02,1,10502,卖盘
10:05:35,105.02,0.0,10,105020,卖盘
10:05:38,105.02,0.0,2,21004,卖盘
10:05:49,105.05,0.03,2,21010,买盘
10:05:52,105.05,0.0,6,63020,买盘
10:05:56,105.03,-0.02,1,10503,卖盘
10:06:02,105.04,0.01,2,21007,买盘
10:06:05,105.03,-0.01,3,31511,卖盘
10:06:08,105.03,0.0,1,10503,卖盘
10:06:14,105.04,0.01,12,126038,买盘
10:06:17,105.0,-0.04,26,273018,卖盘
10:06:22,105.0,0.0,1,10500,买盘
10:06:26,105.0,0.0,4,42000,买盘
10:06:31,105.0,0.0,4,42000,买盘
10:06:43,105.0,0.0,1,10500,买盘
10:06:47,104.92,-0.08,7,73444,卖盘
10:06:49,104.92,0.0,2,20984,卖盘
10:06:59,105.0,0.08,2,21000,买盘
10:07:04,104.92,-0.08,3,31476,卖盘
10:07:10,104.95,0.03,1,10495,卖盘
10:07:25,104.93,-0.02,1,10493,卖盘
10:07:29,104.95,0.02,3,31481,买盘
10:07:32,104.95,0.0,14,146930,买盘
10:07:41,104.92,-0.03,7,73446,卖盘
10:07:44,104.93,0.01,1,10493,买盘
10:07:49,104.92,-0.01,3,31478,卖盘
10:07:52,104.93,0.01,3,31479,买盘
10:07:56,104.95,0.02,18,188876,买盘
10:07:58,104.93,-0.02,3,31478,中性盘
10:08:05,104.92,-0.01,1,10492,卖盘
10:08:08,104.93,0.01,1,10493,买盘
10:08:10,104.92,-0.01,2,20984,卖盘
10:08:17,104.92,0.0,17,178364,卖盘
10:08:20,104.93,0.01,2,20986,买盘
10:08:32,104.9,-0.03,1,10490,卖盘
10:08:44,104.9,0.0,4,41969,卖盘
10:08:49,104.93,0.03,2,20986,买盘
10:08:52,104.85,-0.08,18,185111,卖盘
10:08:55,104.85,0.0,8,87549,买盘
10:08:58,104.9,0.05,2,17309,买盘
10:09:04,104.9,0.0,3,35141,买盘
10:09:06,104.88,-0.02,7,69749,卖盘
10:09:11,104.9,0.02,3,31460,买盘
10:09:22,104.88,-0.02,2,20976,买盘
10:09:28,104.84,-0.04,53,555595,卖盘
10:09:32,104.88,0.04,7,73415,买盘
10:09:37,104.8,-0.08,3,31440,卖盘
10:09:47,104.8,0.0,4,41921,卖盘
10:09:49,104.8,0.0,1,10480,卖盘
10:09:52,104.8,0.0,2,20960,卖盘
10:09:55,104.8,0.0,18,188640,卖盘
10:10:01,104.8,0.0,2,20960,卖盘
10:10:08,104.81,0.01,5,52401,买盘
10:10:10,104.81,0.0,3,31451,中性盘
10:10:14,104.8,-0.01,2,20960,卖盘
10:10:22,104.75,-0.05,72,754514,卖盘
10:10:26,104.8,0.05,10,104785,买盘
10:10:28,104.8,0.0,4,41920,买盘
10:10:32,104.8,0.0,1,10480,买盘
10:10:35,104.75,-0.05,18,188550,卖盘
10:10:38,104.79,0.04,1,10479,买盘
10:10:40,104.75,-0.04,4,41900,卖盘
10:10:44,104.79,0.04,1,10479,买盘
10:10:46,104.75,-0.04,2,20950,卖盘
10:10:49,104.79,0.04,7,73345,买盘
10:10:52,104.75,-0.04,28,293304,卖盘
10:10:56,104.72,-0.03,10,104738,卖盘
10:11:02,104.75,0.03,1,10475,卖盘
10:11:05,104.75,0.0,2,20950,卖盘
10:11:11,104.77,0.02,2,20954,卖盘
10:11:13,104.79,0.02,12,125745,买盘
10:11:16,104.75,-0.04,9,94275,卖盘
10:11:20,104.78,0.03,17,178099,买盘
10:11:22,104.73,-0.05,8,83792,卖盘
10:11:26,104.73,0.0,17,178071,卖盘
10:11:28,104.73,0.0,1,10473,买盘
10:11:32,104.71,-0.02,32,335102,卖盘
10:11:38,104.72,0.01,10,104712,买盘
10:11:41,104.73,0.01,5,52362,买盘
10:11:43,104.71,-0.02,16,167536,卖盘
10:11:46,104.71,0.0,15,157066,买盘
10:11:50,104.73,0.02,14,146612,买盘
10:11:52,104.75,0.02,7,73314,买盘
10:11:58,104.75,0.0,7,73321,买盘
10:12:02,104.75,0.0,3,31425,买盘
10:12:04,104.73,-0.02,2,20946,买盘
10:12:08,104.73,0.0,1,10473,买盘
10:12:11,104.75,0.02,4,41900,买盘
10:12:13,104.75,0.0,15,157125,买盘
10:12:15,104.73,-0.02,12,125698,卖盘
10:12:19,104.75,0.02,5,52373,买盘
10:12:22,104.75,0.0,1,10475,买盘
10:12:28,104.75,0.0,2,20950,买盘
10:12:32,104.75,0.0,2,20949,买盘
10:12:38,104.74,-0.01,3,31424,中性盘
10:12:44,104.74,0.0,8,83795,卖盘
10:12:46,104.75,0.01,3,31424,买盘
10:12:49,104.73,-0.02,2,20947,卖盘
10:12:59,104.75,0.02,1,10475,中性盘
10:13:02,104.73,-0.02,1,10473,卖盘
10:13:04,104.73,0.0,46,481761,卖盘
10:13:07,104.75,0.02,5,52372,卖盘
10:13:10,104.73,-0.02,20,209449,买盘
10:13:19,104.77,0.04,4,41908,买盘
10:13:22,104.78,0.01,2,20956,买盘
10:13:26,104.74,-0.04,2,20948,卖盘
10:13:29,104.74,0.0,2,20948,卖盘
10:13:31,104.78,0.04,4,41908,买盘
10:13:35,104.76,-0.02,1,10476,中性盘
10:13:38,104.78,0.02,4,41903,买盘
10:13:49,104.78,0.0,1,10478,买盘
10:13:52,104.75,-0.03,81,848573,卖盘
10:13:56,104.78,0.03,13,136210,买盘
10:13:58,104.77,-0.01,14,146684,卖盘
10:14:05,104.75,-0.02,2,20950,卖盘
10:14:08,104.75,0.0,3,31425,卖盘
10:14:10,104.77,0.02,5,52381,买盘
10:14:14,104.75,-0.02,2,20950,卖盘
10:14:16,104.75,0.0,22,230450,卖盘
10:14:20,104.74,-0.01,1,10474,卖盘
10:14:22,104.75,0.01,22,230450,买盘
10:14:25,104.75,0.0,3,31423,买盘
10:14:29,104.75,0.0,6,62849,买盘
10:14:32,104.74,-0.01,2,20948,卖盘
10:14:34,104.75,0.01,30,314237,买盘
10:14:38,104.75,0.0,1,10475,买盘
10:14:41,104.75,0.0,6,62850,买盘
10:14:43,104.74,-0.01,16,167587,卖盘
10:14:46,104.75,0.01,1,10475,买盘
10:14:50,104.74,-0.01,26,272348,卖盘
10:14:52,104.74,0.0,6,62845,卖盘
10:14:56,104.75,0.01,19,199019,买盘
10:14:58,104.78,0.03,8,83800,买盘
10:15:05,104.74,-0.04,33,345646,卖盘
10:15:10,104.74,0.0,6,62844,买盘
10:15:14,104.73,-0.01,8,83793,卖盘
10:15:17,104.73,0.0,4,41892,卖盘
10:15:19,104.74,0.01,5,52390,卖盘
10:15:22,104.79,0.05,2,20958,买盘
10:15:26,104.73,-0.06,5,52368,卖盘
10:15:29,104.73,0.0,10,104733,卖盘
10:15:32,104.73,0.0,6,62862,卖盘
10:15:37,104.74,0.01,2,20947,买盘
10:15:44,104.73,-0.01,5,52365,卖盘
10:15:47,104.74,0.01,4,41896,卖盘
10:15:49,104.79,0.05,5,52380,买盘
10:15:56,104.74,-0.05,32,335183,卖盘
10:15:59,104.73,-0.01,3,31420,卖盘
10:16:02,104.73,0.0,4,41892,卖盘
10:16:04,104.72,-0.01,22,230387,卖盘
10:16:08,104.7,-0.02,67,701552,卖盘
10:16:11,104.64,-0.06,202,2114881,卖盘
10:16:13,104.64,0.0,17,177854,买盘
10:16:17,104.6,-0.04,26,271963,卖盘
10:16:20,104.6,0.0,2,20920,卖盘
10:16:22,104.6,0.0,12,125520,卖盘
10:16:29,104.6,0.0,20,209206,卖盘
10:16:31,104.67,0.07,6,62772,买盘
10:16:34,104.6,-0.07,20,209203,卖盘
10:16:37,104.6,0.0,64,669443,卖盘
10:16:41,104.59,-0.01,18,188263,卖盘
10:16:43,104.6,0.01,41,428840,买盘
10:16:46,104.6,0.0,15,156900,买盘
10:16:50,104.59,-0.01,1,10459,买盘
10:16:52,104.58,-0.01,9,94122,卖盘
10:16:56,104.58,0.0,14,146435,卖盘
10:16:58,104.61,0.03,1,10461,买盘
10:17:01,104.59,-0.02,25,261451,买盘
10:17:05,104.61,0.02,6,62765,买盘
10:17:10,104.56,-0.05,200,2090492,卖盘
10:17:14,104.55,-0.01,2,20911,卖盘
10:17:16,104.56,0.01,1,10456,中性盘
10:17:18,104.55,-0.01,2,20911,卖盘
10:17:22,104.56,0.01,13,135920,买盘
10:17:26,104.56,0.0,15,156840,买盘
10:17:28,104.56,0.0,2,20911,买盘
10:17:35,104.56,0.0,1,10456,买盘
10:17:38,104.51,-0.05,80,836067,卖盘
10:17:40,104.51,0.0,5,52255,买盘
10:17:43,104.5,-0.01,47,491152,卖盘
10:17:47,104.51,0.01,14,146314,买盘
10:17:50,104.5,-0.01,34,355322,卖盘
10:17:52,104.51,0.01,2,20902,中性盘
10:17:56,104.5,-0.01,4,41803,卖盘
10:17:59,104.51,0.01,1,10451,买盘
10:18:02,104.51,0.0,2,20902,买盘
10:18:05,104.51,0.0,12,125412,买盘
10:18:10,104.52,0.01,1,10452,卖盘
10:18:14,104.55,0.03,8,83640,买盘
10:18:17,104.55,0.0,4,41825,买盘
10:18:19,104.61,0.06,5,52289,买盘
10:18:22,104.52,-0.09,2,20905,卖盘
10:18:31,104.65,0.13,2,20930,买盘
10:18:33,104.68,0.03,1,10468,买盘
10:18:43,104.68,0.0,1,10468,买盘
10:18:46,104.68,0.0,1,10468,买盘
10:18:49,104.68,0.0,1,10468,买盘
10:18:52,104.68,0.0,1,10468,买盘
10:18:58,104.66,-0.02,7,73229,中性盘
10:19:02,104.66,0.0,1,10466,买盘
10:19:04,104.6,-0.06,1,10460,卖盘
10:19:09,104.66,0.06,2,20926,中性盘
10:19:13,104.66,0.0,6,62796,中性盘
10:19:16,104.66,0.0,2,20932,中性盘
10:19:19,104.61,-0.05,1,10461,卖盘
10:19:22,104.61,0.0,3,31383,卖盘
10:19:25,104.61,0.0,5,52326,卖盘
10:19:28,104.59,-0.02,44,460237,卖盘
10:19:31,104.56,-0.03,9,94108,卖盘
10:19:35,104.56,0.0,2,20912,卖盘
10:19:38,104.56,0.0,7,73195,买盘
10:19:41,104.56,0.0,4,41824,卖盘
10:19:43,104.61,0.05,22,230113,买盘
10:19:46,104.55,-0.06,23,240480,卖盘
10:19:49,104.59,0.04,1,10459,中性盘
10:19:52,104.61,0.02,2,20922,买盘
10:19:55,104.59,-0.02,1,10459,卖盘
10:19:59,104.6,0.01,11,115054,买盘
10:20:02,104.6,0.0,4,41836,买盘
10:20:05,104.56,-0.04,5,52284,卖盘
10:20:08,104.56,0.0,2,20912,卖盘
10:20:11,104.56,0.0,10,104560,卖盘
10:20:14,104.55,-0.01,32,334552,卖盘
10:20:17,104.52,-0.03,13,135906,卖盘
10:20:19,104.55,0.03,5,52266,买盘
10:20:22,104.55,0.0,3,31365,买盘
10:20:28,104.52,-0.03,5,52269,卖盘
10:20:34,104.52,0.0,5,52263,卖盘
10:20:36,104.52,0.0,14,146328,卖盘
10:20:40,104.56,0.04,8,83636,买盘
10:20:43,104.56,0.0,2,20912,卖盘
10:20:46,104.56,0.0,3,31372,卖盘
10:20:50,104.56,0.0,3,31368,卖盘
10:20:52,104.56,0.0,1,10456,卖盘
10:20:55,104.56,0.0,6,62736,卖盘
10:20:59,104.56,0.0,2,20912,买盘
10:21:02,104.52,-0.04,8,83616,卖盘
10:21:05,104.52,0.0,14,146360,卖盘
10:21:07,104.52,0.0,2,20904,卖盘
10:21:10,104.52,0.0,4,41808,卖盘
10:21:14,104.53,0.01,4,41815,卖盘
10:21:16,104.53,0.0,4,41812,卖盘
10:21:20,104.52,-0.01,11,114981,卖盘
10:21:21,104.52,0.0,17,177684,卖盘
10:21:26,104.51,-0.01,20,209036,卖盘
10:21:29,104.51,0.0,75,783826,卖盘
10:21:31,104.49,-0.02,207,2168270,卖盘
10:21:34,104.41,-0.08,52,543012,卖盘
10:21:37,104.4,-0.01,3,31320,卖盘
10:21:43,104.4,0.0,5,52200,买盘
10:21:47,104.37,-0.03,9,93933,卖盘
10:21:50,104.36,-0.01,5,52184,卖盘
10:21:52,104.36,0.0,2,20872,中性盘
10:21:55,104.33,-0.03,17,177383,卖盘
10:21:59,104.3,-0.03,31,323350,卖盘
10:22:02,104.32,0.02,2,20863,买盘
10:22:04,104.35,0.03,6,62610,卖盘
10:22:08,104.3,-0.05,51,531929,卖盘
10:22:11,104.3,0.0,4,41720,买盘
10:22:14,104.28,-0.02,9,93866,卖盘
10:22:17,104.3,0.02,9,93876,卖盘
10:22:19,104.28,-0.02,1,10428,卖盘
10:22:26,104.28,0.0,6,62570,卖盘
10:22:29,104.28,0.0,4,41717,卖盘
10:22:32,104.3,0.02,5,52146,买盘
10:22:40,104.3,0.0,7,73005,买盘
10:22:43,104.3,0.0,5,52150,买盘
10:22:46,104.3,0.0,5,52150,买盘
10:22:50,104.3,0.0,12,125160,买盘
10:22:56,104.31,0.01,4,41736,中性盘
10:22:59,104.31,0.0,1,10431,卖盘
10:23:02,104.31,0.0,2,20867,卖盘
10:23:05,104.3,-0.01,46,479844,卖盘
10:23:07,104.3,0.0,3,31290,买盘
10:23:10,104.29,-0.01,12,125156,卖盘
10:23:17,104.3,0.01,3,31290,买盘
10:23:19,104.29,-0.01,21,219011,卖盘
10:23:22,104.29,0.0,12,125146,买盘
10:23:26,104.3,0.01,33,344190,买盘
10:23:28,104.35,0.05,3,31293,买盘
10:23:32,104.3,-0.05,1,10430,中性盘
10:23:43,104.35,0.05,2,20870,买盘
10:23:46,104.36,0.01,1,10436,买盘
10:23:49,104.36,0.0,2,20871,买盘
10:23:52,104.35,-0.01,1,10435,卖盘
10:23:56,104.36,0.01,1,10436,买盘
10:24:02,104.37,0.01,41,427913,买盘
10:24:07,104.5,0.13,1,10450,买盘
10:24:16,104.4,-0.1,32,334380,中性盘
10:24:19,104.4,0.0,6,62640,买盘
10:24:22,104.4,0.0,3,31330,卖盘
10:24:25,104.5,0.1,3,31330,买盘
10:24:29,104.4,-0.1,2,20880,卖盘
10:24:31,104.49,0.09,11,114939,买盘
10:24:41,104.49,0.0,2,20898,买盘
10:24:44,104.49,0.0,1,10449,买盘
10:24:50,104.45,-0.04,3,31335,中性盘
10:24:52,104.45,0.0,8,83554,买盘
10:24:58,104.43,-0.02,3,31328,中性盘
10:25:01,104.48,0.05,17,177562,买盘
10:25:05,104.45,-0.03,8,83566,卖盘
10:25:07,104.45,0.0,5,52225,买盘
10:25:10,104.45,0.0,2,20890,买盘
10:25:16,104.45,0.0,2,20890,卖盘
10:25:19,104.42,-0.03,14,146206,卖盘
10:25:22,104.41,-0.01,2,20883,卖盘
10:25:32,104.43,0.02,3,31329,卖盘
10:25:34,104.43,0.0,4,41778,卖盘
10:25:38,104.43,0.0,3,31329,中性盘
10:25:40,104.42,-0.01,5,52211,卖盘
10:25:46,104.41,-0.01,4,41764,卖盘
10:25:49,104.42,0.01,1,10442,中性盘
10:25:52,104.41,-0.01,3,31325,卖盘
10:25:59,104.41,0.0,6,62650,卖盘
10:26:01,104.43,0.02,6,62656,买盘
10:26:04,104.42,-0.01,4,41768,卖盘
10:26:07,104.41,-0.01,23,240147,卖盘
10:26:14,104.41,0.0,1,10441,买盘
10:26:15,104.41,0.0,1,10441,买盘
10:26:22,104.41,0.0,2,20882,买盘
10:26:25,104.4,-0.01,4,41763,卖盘
10:26:28,104.41,0.01,10,104410,买盘
10:26:31,104.41,0.0,2,20882,买盘
10:26:35,104.41,0.0,11,114842,买盘
10:26:41,104.4,-0.01,40,417600,卖盘
10:26:46,104.41,0.01,7,73085,买盘
10:26:52,104.4,-0.01,3,31321,卖盘
10:26:59,104.4,0.0,14,146162,卖盘
10:27:02,104.4,0.0,5,52200,卖盘
10:27:05,104.41,0.01,2,20882,买盘
10:27:08,104.37,-0.04,71,741173,卖盘
10:27:11,104.41,0.04,2,20882,买盘
10:27:17,104.38,-0.03,11,114827,卖盘
10:27:22,104.38,0.0,2,20877,卖盘
10:27:26,104.38,0.0,2,20876,中性盘
10:27:29,104.39,0.01,1,10439,卖盘
10:27:35,104.39,0.0,3,31318,卖盘
10:27:37,104.4,0.01,5,52198,买盘
10:27:40,104.39,-0.01,4,41757,卖盘
10:27:43,104.39,0.0,1,10439,卖盘
10:27:50,104.4,0.01,1,10440,买盘
10:27:52,104.4,0.0,2,20880,买盘
10:27:59,104.39,-0.01,31,323609,卖盘
10:28:13,104.39,0.0,1,10439,买盘
10:28:16,104.38,-0.01,14,146132,卖盘
10:28:19,104.39,0.01,22,229658,买盘
10:28:22,104.39,0.0,3,31317,买盘
10:28:26,104.39,0.0,7,73067,买盘
10:28:28,104.39,0.0,4,41753,买盘
10:28:35,104.39,0.0,2,20878,买盘
10:28:38,104.38,-0.01,1,10438,卖盘
10:28:40,104.38,0.0,3,31315,卖盘
10:28:43,104.38,0.0,2,20876,卖盘
10:28:47,104.38,0.0,2,20876,卖盘
10:28:49,104.39,0.01,23,240097,买盘
10:28:52,104.38,-0.01,17,177446,卖盘
10:28:54,104.37,-0.01,3,31312,卖盘
10:28:59,104.38,0.01,3,31312,买盘
10:29:02,104.37,-0.01,2,20874,卖盘
10:29:05,104.38,0.01,1,10438,买盘
10:29:07,104.38,0.0,2,20876,买盘
10:29:10,104.38,0.0,2,20876,买盘
10:29:17,104.38,0.0,1,10438,买盘
10:29:20,104.37,-0.01,1,10437,卖盘
10:29:28,104.38,0.01,2,20876,买盘
10:29:31,104.38,0.0,1,10438,买盘
10:29:35,104.38,0.0,1,10438,买盘
10:29:38,104.38,0.0,1,10438,买盘
10:29:44,104.38,0.0,1,10438,买盘
10:29:47,104.37,-0.01,17,177429,卖盘
10:29:49,104.38,0.01,1,10438,买盘
10:29:52,104.38,0.0,3,31314,买盘
10:30:02,104.38,0.0,3,31312,买盘
10:30:05,104.38,0.0,1,10438,买盘
10:30:08,104.38,0.0,1,10438,买盘
10:30:11,104.38,0.0,2,20876,买盘
10:30:14,104.38,0.0,1,10438,买盘
10:30:17,104.38,0.0,29,302702,买盘
10:30:20,104.38,0.0,11,114817,卖盘
10:30:22,104.38,0.0,4,41752,买盘
10:30:26,104.37,-0.01,3,31311,卖盘
10:30:29,104.37,0.0,8,83497,卖盘
10:30:32,104.36,-0.01,12,125236,卖盘
10:30:34,104.36,0.0,9,93924,卖盘
10:30:37,104.36,0.0,15,156540,卖盘
10:30:41,104.36,0.0,9,93924,卖盘
10:30:44,104.37,0.01,19,198300,买盘
10:30:46,104.37,0.0,10,104370,卖盘
10:30:49,104.37,0.0,1,10437,卖盘
10:30:52,104.37,0.0,1,10437,卖盘
10:30:55,104.37,0.0,3,31311,卖盘
10:30:59,104.37,0.0,1,10437,卖盘
10:31:02,104.35,-0.02,11,114798,卖盘
10:31:05,104.35,0.0,11,114784,买盘
10:31:08,104.34,-0.01,2,20869,卖盘
10:31:10,104.34,0.0,1,10434,中性盘
10:31:14,104.32,-0.02,5,52164,卖盘
10:31:16,104.34,0.02,9,93898,买盘
10:31:20,104.34,0.0,3,31304,卖盘
10:31:25,104.35,0.01,1,10435,买盘
10:31:35,104.34,-0.01,3,31302,卖盘
10:31:37,104.34,0.0,1,10434,买盘
10:31:40,104.32,-0.02,1,10432,卖盘
10:31:44,104.34,0.02,1,10434,买盘
10:31:46,104.35,0.01,12,125209,买盘
10:31:52,104.38,0.03,91,949608,买盘
10:31:56,104.42,0.04,18,187938,买盘
10:31:59,104.45,0.03,2,20890,买盘
10:32:02,104.41,-0.04,1,10441,卖盘
10:32:07,104.5,0.09,1,10450,买盘
10:32:22,104.5,0.0,4,41800,买盘
10:32:25,104.5,0.0,5,52250,买盘
10:32:28,104.5,0.0,2,20900,买盘
10:32:32,104.45,-0.05,3,31335,卖盘
10:32:34,104.5,0.05,1,10450,买盘
10:32:41,104.5,0.0,1,10450,买盘
10:32:43,104.5,0.0,2,20900,买盘
10:32:50,104.51,0.01,3,31351,买盘
10:32:52,104.51,0.0,4,41804,买盘
10:32:58,104.56,0.05,52,543473,买盘
10:33:00,104.55,-0.01,5,52275,卖盘
10:33:07,104.7,0.15,1,10470,买盘
10:33:11,104.55,-0.15,2,20910,卖盘
10:33:22,104.55,0.0,7,73190,卖盘
10:33:28,104.73,0.18,3,31419,买盘
10:33:31,104.73,0.0,2,20946,买盘
10:33:35,104.73,0.0,1,10473,买盘
10:33:37,104.73,0.0,9,94257,买盘
10:33:41,104.73,0.0,1,10473,买盘
10:33:52,104.73,0.0,1,10473,买盘
10:33:56,104.73,0.0,11,115203,买盘
10:33:58,104.73,0.0,3,31419,买盘
10:34:14,104.73,0.0,1,10473,买盘
10:34:20,104.7,-0.03,1,10470,卖盘
10:34:25,104.7,0.0,11,115170,卖盘
10:34:31,104.69,-0.01,2,20939,卖盘
10:34:41,104.68,-0.01,27,282664,卖盘
10:34:43,104.7,0.02,1,10470,买盘
10:34:49,104.67,-0.03,9,94203,卖盘
10:34:55,104.67,0.0,1,10467,卖盘
10:35:02,104.63,-0.04,4,41860,卖盘
10:35:04,104.7,0.07,16,167520,买盘
10:35:07,104.72,0.02,1,10472,买盘
10:35:10,104.7,-0.02,1,10470,卖盘
10:35:18,104.7,0.0,5,52350,卖盘
10:35:25,104.7,0.0,6,62820,买盘
10:35:37,104.64,-0.06,1,10464,卖盘
10:35:40,104.64,0.0,4,41856,卖盘
10:35:55,104.64,0.0,1,10464,卖盘
10:36:01,104.7,0.06,1,10470,买盘
10:36:07,104.7,0.0,8,83760,买盘
10:36:13,104.65,-0.05,1,10465,买盘
10:36:19,104.63,-0.02,18,188338,卖盘
10:36:25,104.64,0.01,10,104640,卖盘
10:36:27,104.64,0.0,4,41856,卖盘
10:36:32,104.65,0.01,1,10465,买盘
10:36:36,104.64,-0.01,1,10464,卖盘
10:36:43,104.64,0.0,2,20928,卖盘
10:36:52,104.64,0.0,17,177888,卖盘
10:37:02,104.64,0.0,1,10464,买盘
10:37:11,104.64,0.0,2,20928,买盘
10:37:12,104.64,0.0,3,31392,买盘
10:37:25,104.65,0.01,1,10465,买盘
10:37:31,104.65,0.0,3,31395,买盘
10:37:33,104.62,-0.03,1,10462,卖盘
10:37:37,104.65,0.03,11,115115,买盘
10:37:43,104.62,-0.03,20,209244,卖盘
10:37:46,104.62,0.0,14,146468,买盘
10:37:52,104.62,0.0,1,10462,买盘
10:37:58,104.62,0.0,2,20924,买盘
10:38:13,104.62,0.0,1,10462,买盘
10:38:17,104.6,-0.02,5,52300,卖盘
10:38:19,104.62,0.02,1,10462,买盘
10:38:22,104.6,-0.02,11,115060,卖盘
10:38:25,104.58,-0.02,4,41836,卖盘
10:38:28,104.6,0.02,1,10460,买盘
10:38:30,104.6,0.0,3,31380,买盘
10:38:44,104.59,-0.01,4,41836,卖盘
10:38:46,104.6,0.01,2,20920,买盘
10:38:48,104.59,-0.01,2,20918,卖盘
10:38:53,104.6,0.01,6,62757,买盘
10:38:55,104.6,0.0,1,10460,买盘
10:38:58,104.59,-0.01,85,889016,卖盘
10:39:01,104.59,0.0,22,230119,卖盘
10:39:05,104.6,0.01,3,31380,买盘
10:39:07,104.6,0.0,1,10460,买盘
10:39:10,104.6,0.0,1,10460,买盘
10:39:13,104.6,0.0,1,10460,买盘
10:39:16,104.6,0.0,14,146430,买盘
10:39:18,104.6,0.0,3,31380,买盘
10:39:21,104.6,0.0,21,219660,买盘
10:39:24,104.62,0.02,5,52301,买盘
10:39:32,104.64,0.02,1,10464,买盘
10:39:34,104.66,0.02,5,52325,买盘
10:39:43,104.62,-0.04,2,20924,卖盘
10:39:46,104.66,0.04,1,10466,买盘
10:39:53,104.65,-0.01,1,10465,买盘
10:40:05,104.66,0.01,5,52327,买盘
10:40:07,104.66,0.0,50,523296,买盘
10:40:11,104.66,0.0,15,156987,买盘
10:40:20,104.66,0.0,5,52323,买盘
10:40:23,104.66,0.0,7,73262,买盘
10:40:25,104.66,0.0,2,20932,买盘
10:40:29,104.62,-0.04,2,20924,卖盘
10:40:31,104.66,0.04,1,10466,买盘
10:40:34,104.66,0.0,2,20931,买盘
10:40:38,104.66,0.0,23,240718,买盘
10:40:40,104.66,0.0,9,94194,买盘
10:40:46,104.62,-0.04,7,73238,卖盘
10:40:49,104.65,0.03,2,20930,中性盘
10:40:53,104.66,0.01,1,10466,买盘
10:40:55,104.62,-0.04,1,10462,卖盘
10:40:59,104.62,0.0,8,83700,卖盘
10:41:01,104.66,0.04,2,20932,买盘
10:41:04,104.65,-0.01,1,10465,中性盘
10:41:07,104.62,-0.03,2,20924,卖盘
10:41:11,104.66,0.04,5,52329,买盘
10:41:13,104.66,0.0,2,20932,买盘
10:41:16,104.62,-0.04,6,62783,卖盘
10:41:20,104.62,0.0,6,62785,卖盘
10:41:22,104.66,0.04,37,387237,买盘
10:41:25,104.66,0.0,17,177922,买盘
10:41:29,104.65,-0.01,5,52327,卖盘
10:41:31,104.66,0.01,5,52317,买盘
10:41:33,104.66,0.0,3,31397,买盘
10:41:38,104.65,-0.01,3,31395,买盘
10:41:41,104.65,0.0,2,20931,卖盘
10:41:48,104.65,0.0,4,41860,卖盘
10:41:52,104.66,0.01,2,20932,买盘
10:41:56,104.66,0.0,2,20932,买盘
10:42:01,104.66,0.0,3,31398,买盘
10:42:04,104.65,-0.01,3,31396,卖盘
10:42:08,104.65,0.0,5,52325,卖盘
10:42:10,104.65,0.0,24,251169,卖盘
10:42:14,104.62,-0.03,44,460480,卖盘
10:42:15,104.62,0.0,15,156969,卖盘
10:42:19,104.65,0.03,20,209281,买盘
10:42:22,104.6,-0.05,18,188352,卖盘
10:42:25,104.65,0.05,12,125571,中性盘
10:42:29,104.65,0.0,4,41862,卖盘
10:42:32,104.6,-0.05,14,146472,卖盘
10:42:35,104.66,0.06,53,554691,买盘
10:42:38,104.6,-0.06,14,146513,卖盘
10:42:40,104.66,0.06,1,10466,买盘
10:42:44,104.62,-0.04,3,31382,买盘
10:42:46,104.62,0.0,1,10462,买盘
10:42:51,104.6,-0.02,19,198778,卖盘
10:42:56,104.66,0.06,2,20932,买盘
10:42:58,104.68,0.02,2,20936,卖盘
10:43:01,104.7,0.02,1,10470,买盘
10:43:05,104.7,0.0,4,39478,卖盘
10:43:11,104.66,-0.04,5,52335,卖盘
10:43:14,104.69,0.03,1,10469,中性盘
10:43:23,104.66,-0.03,1,10466,卖盘
10:43:26,104.78,0.12,34,356092,买盘
10:43:28,104.8,0.02,4,42863,买盘
10:43:38,104.8,0.0,3,31444,卖盘
10:43:40,104.85,0.05,6,62899,买盘
10:43:44,104.85,0.0,2,20970,卖盘
10:43:53,104.89,0.04,1,10489,买盘
10:43:55,104.83,-0.06,3,31455,中性盘
10:44:04,104.8,-0.03,2,20958,买盘
10:44:07,104.8,0.0,1,10480,买盘
10:44:11,104.8,0.0,2,20958,买盘
10:44:20,104.8,0.0,3,31440,卖盘
10:44:23,104.8,0.0,4,41915,买盘
10:44:26,104.79,-0.01,9,94362,中性盘
10:44:28,104.89,0.1,4,41936,买盘
10:44:32,104.79,-0.1,1,10479,卖盘
10:44:37,104.78,-0.01,1,10478,卖盘
10:44:39,104.79,0.01,1,10479,买盘
10:44:47,104.79,0.0,7,73353,买盘
10:44:48,104.79,0.0,2,20958,买盘
10:44:52,104.78,-0.01,6,62871,卖盘
10:44:55,104.8,0.02,1,10480,买盘
10:44:59,104.78,-0.02,1,10478,卖盘
10:45:02,104.78,0.0,1,10478,卖盘
10:45:05,104.87,0.09,1,10487,买盘
10:45:08,104.79,-0.08,4,41946,中性盘
10:45:14,104.8,0.01,2,20969,中性盘
10:45:16,104.8,0.0,17,178290,卖盘
10:45:19,104.8,0.0,5,52438,卖盘
10:45:23,104.87,0.07,3,31464,中性盘
10:45:26,104.87,0.0,2,20977,中性盘
10:45:29,104.87,0.0,2,20974,买盘
10:45:30,104.87,0.0,8,83842,买盘
10:45:33,104.87,0.0,1,10487,买盘
10:45:43,104.78,-0.09,5,52394,卖盘
10:45:47,104.8,0.02,3,31450,中性盘
10:45:52,104.78,-0.02,3,31436,卖盘
10:45:55,104.78,0.0,10,104786,卖盘
10:45:59,104.82,0.04,2,20962,买盘
10:46:02,104.78,-0.04,2,20956,卖盘
10:46:07,104.78,0.0,16,167648,卖盘
10:46:11,104.76,-0.02,7,73345,卖盘
10:46:14,104.78,0.02,2,20954,买盘
10:46:16,104.78,0.0,2,20956,买盘
10:46:19,104.76,-0.02,1,10476,中性盘
10:46:22,104.7,-0.06,1,10470,卖盘
10:46:25,104.7,0.0,6,62832,卖盘
10:46:29,104.7,0.0,4,41876,买盘
10:46:31,104.66,-0.04,7,73262,卖盘
10:46:35,104.66,0.0,6,65202,买盘
10:46:38,104.62,-0.04,13,136054,卖盘
10:46:41,104.6,-0.02,10,104616,卖盘
10:46:44,104.66,0.06,10,104606,买盘
10:46:46,104.66,0.0,2,20932,买盘
10:46:50,104.59,-0.07,2,20918,卖盘
10:46:52,104.66,0.07,8,83724,买盘
10:46:55,104.6,-0.06,17,177844,卖盘
10:46:59,104.68,0.08,4,41869,买盘
10:47:05,104.68,0.0,5,52340,买盘
10:47:08,104.66,-0.02,12,125612,卖盘
10:47:10,104.7,0.04,3,31410,买盘
10:47:12,104.68,-0.02,1,10468,买盘
10:47:16,104.77,0.09,18,188494,买盘
10:47:20,104.65,-0.12,20,209377,卖盘
10:47:23,104.78,0.13,3,31434,买盘
10:47:25,104.78,0.0,9,94302,买盘
10:47:29,104.78,0.0,3,31434,买盘
10:47:30,104.78,0.0,12,125736,卖盘
10:47:35,104.78,0.0,3,31434,买盘
10:47:37,104.78,0.0,11,115266,买盘
10:47:41,104.82,0.04,3,31442,买盘
10:47:42,104.78,-0.04,11,115264,卖盘
10:47:45,104.85,0.07,3,31447,买盘
10:47:50,104.85,0.0,4,41938,买盘
10:47:53,104.84,-0.01,3,31454,中性盘
10:47:55,104.67,-0.17,7,73333,卖盘
10:47:57,104.85,0.18,2,20970,买盘
10:48:02,104.85,0.0,46,482308,买盘
10:48:05,104.87,0.02,5,52435,买盘
10:48:08,104.9,0.03,13,136370,买盘
10:48:11,104.93,0.03,3,31476,买盘
10:48:16,104.93,0.0,3,31483,买盘
10:48:20,104.9,-0.03,4,41960,卖盘
10:48:22,104.93,0.03,1,10493,买盘
10:48:25,104.9,-0.03,15,151458,卖盘
10:48:29,104.9,0.0,3,31470,买盘
10:48:31,104.89,-0.01,3,31459,中性盘
10:48:41,104.85,-0.04,2,20970,买盘
10:48:42,104.68,-0.17,3,31404,卖盘
10:48:51,104.68,0.0,3,31404,买盘
10:48:56,104.78,0.1,8,83760,买盘
10:49:04,104.68,-0.1,12,125669,卖盘
10:49:08,104.68,0.0,7,73310,卖盘
10:49:13,104.78,0.1,1,10478,买盘
10:49:16,104.78,0.0,16,167648,买盘
10:49:20,104.69,-0.09,6,62816,卖盘
10:49:22,104.77,0.08,2,20954,买盘
10:49:27,104.78,0.01,7,73346,买盘
10:49:31,104.69,-0.09,5,52354,卖盘
10:49:37,104.78,0.09,2,20956,买盘
10:49:48,104.7,-0.08,1,10470,买盘
10:49:53,104.7,0.0,14,146568,买盘
10:49:55,104.69,-0.01,4,41876,卖盘
10:49:59,104.7,0.01,11,115170,买盘
10:50:02,104.7,0.0,4,41880,买盘
10:50:03,104.7,0.0,1,10470,中性盘
10:50:07,104.78,0.08,57,596743,买盘
10:50:11,104.78,0.0,1,10478,买盘
10:50:13,104.78,0.0,7,73346,买盘
10:50:16,104.83,0.05,18,188694,买盘
10:50:20,104.78,-0.05,3,31434,卖盘
10:50:24,104.78,0.0,7,73350,卖盘
10:50:27,104.82,0.04,1,10482,买盘
10:50:32,104.82,0.0,5,57828,买盘
10:50:38,104.78,-0.04,3,31424,买盘
10:50:41,104.78,0.0,1,10478,买盘
10:50:43,104.69,-0.09,6,62814,卖盘
10:50:56,104.7,0.01,8,83769,卖盘
10:51:04,104.78,0.08,2,20956,买盘
10:51:07,104.7,-0.08,5,52360,卖盘
10:51:09,104.78,0.08,1,10478,买盘
10:51:14,104.78,0.0,1,10478,买盘
10:51:16,104.78,0.0,22,230356,买盘
10:51:20,104.7,-0.08,12,125678,卖盘
10:51:23,104.78,0.08,2,20956,买盘
10:51:28,104.78,0.0,1,10478,买盘
10:51:31,104.7,-0.08,7,73306,卖盘
10:51:34,104.78,0.08,2,20956,买盘
10:51:41,104.7,-0.08,2,20944,卖盘
10:51:43,104.7,0.0,6,62820,卖盘
10:51:47,104.7,0.0,19,198938,卖盘
10:51:48,104.69,-0.01,26,272198,卖盘
10:51:51,104.68,-0.01,74,769197,卖盘
10:51:56,104.65,-0.03,35,366367,卖盘
10:51:58,104.65,0.0,18,188379,卖盘
10:52:01,104.65,0.0,4,41862,中性盘
10:52:03,104.65,0.0,1,10465,买盘
10:52:07,104.63,-0.02,5,52313,中性盘
10:52:11,104.63,0.0,1,10463,中性盘
10:52:12,104.63,0.0,3,31391,卖盘
10:52:17,104.6,-0.03,5,52300,卖盘
10:52:19,104.63,0.03,17,177854,买盘
10:52:22,104.58,-0.05,23,240582,卖盘
10:52:24,104.58,0.0,11,115071,卖盘
10:52:28,104.65,0.07,5,52304,买盘
10:52:32,104.58,-0.07,10,104575,卖盘
10:52:34,104.58,0.0,38,397355,买盘
10:52:38,104.55,-0.03,11,115014,卖盘
10:52:43,104.55,0.0,6,62730,卖盘
10:52:45,104.54,-0.01,12,125450,卖盘
10:52:49,104.51,-0.03,5,52259,卖盘
10:52:53,104.5,-0.01,5,52258,卖盘
10:52:56,104.54,0.04,3,31358,买盘
10:52:59,104.54,0.0,5,52256,买盘
10:53:01,104.54,0.0,1,10454,买盘
10:53:04,104.51,-0.03,2,20902,卖盘
10:53:11,104.54,0.03,9,94065,买盘
10:53:14,104.54,0.0,3,31362,买盘
10:53:17,104.54,0.0,23,240442,买盘
10:53:20,104.5,-0.04,50,522525,卖盘
10:53:23,104.5,0.0,8,83602,卖盘
10:53:26,104.53,0.03,10,104530,卖盘
10:53:29,104.54,0.01,5,52269,买盘
10:53:32,104.53,-0.01,7,73172,卖盘
10:53:34,104.53,0.0,6,62709,卖盘
10:53:37,104.54,0.01,56,585208,买盘
10:53:39,104.54,0.0,13,135902,买盘
10:53:44,104.53,-0.01,1,10453,卖盘
10:53:47,104.51,-0.02,7,73157,中性盘
10:53:49,104.53,0.02,2,20906,中性盘
10:53:52,104.53,0.0,2,20904,买盘
10:53:55,104.54,0.01,13,135902,买盘
10:53:59,104.51,-0.03,8,83617,卖盘
10:54:02,104.54,0.03,2,20907,买盘
10:54:08,104.54,0.0,1,10454,买盘
10:54:11,104.5,-0.04,6,62710,卖盘
10:54:14,104.54,0.04,2,20908,买盘
10:54:16,104.54,0.0,1,10454,买盘
10:54:23,104.51,-0.03,1,10451,中性盘
10:54:24,104.51,0.0,2,20902,买盘
10:54:29,104.51,0.0,1,10451,买盘
10:54:32,104.51,0.0,6,62703,买盘
10:54:35,104.5,-0.01,8,83605,卖盘
10:54:38,104.51,0.01,2,20902,买盘
10:54:47,104.5,-0.01,9,94051,卖盘
10:54:50,104.51,0.01,4,41802,买盘
10:54:53,104.5,-0.01,16,167180,卖盘
10:54:55,104.45,-0.05,6,62690,卖盘
10:54:59,104.41,-0.04,12,125315,卖盘
10:55:02,104.48,0.07,3,31344,买盘
10:55:05,104.45,-0.03,2,20892,卖盘
10:55:08,104.45,0.0,5,52227,卖盘
10:55:09,104.45,0.0,19,198454,卖盘
10:55:14,104.44,-0.01,14,146204,卖盘
10:55:17,104.46,0.02,4,41782,买盘
10:55:20,104.47,0.01,15,156700,买盘
10:55:22,104.41,-0.06,26,271519,卖盘
10:55:26,104.41,0.0,2,20882,买盘
10:55:29,104.4,-0.01,5,52212,卖盘
10:55:32,104.48,0.08,1,10448,买盘
10:55:35,104.48,0.0,1,10448,买盘
10:55:38,104.4,-0.08,5,52203,卖盘
10:55:41,104.47,0.07,1,10447,买盘
10:55:42,104.41,-0.06,1,10441,卖盘
10:55:47,104.41,0.0,1,10441,卖盘
10:55:50,104.4,-0.01,7,73089,卖盘
10:55:53,104.46,0.06,1,10446,买盘
10:56:02,104.4,-0.06,13,135726,卖盘
10:56:03,104.48,0.08,3,31342,买盘
10:56:12,104.4,-0.08,3,31320,卖盘
10:56:14,104.4,0.0,10,104414,卖盘
10:56:15,104.47,0.07,2,20894,买盘
10:56:18,104.47,0.0,12,125362,买盘
10:56:22,104.48,0.01,3,31342,买盘
10:56:26,104.4,-0.08,4,41763,卖盘
10:56:29,104.48,0.08,1,10448,买盘
10:56:35,104.48,0.0,1,10448,买盘
10:56:38,104.48,0.0,7,73095,买盘
10:56:41,104.48,0.0,11,114858,买盘
10:56:42,104.48,0.0,3,31344,买盘
10:56:50,104.4,-0.08,5,52202,卖盘
10:56:53,104.48,0.08,32,334334,买盘
10:56:56,104.4,-0.08,16,167096,卖盘
10:56:59,104.47,0.07,2,20894,买盘
10:57:02,104.4,-0.07,19,198360,卖盘
10:57:05,104.4,0.0,9,93989,卖盘
10:57:08,104.48,0.08,2,20896,买盘
10:57:11,104.4,-0.08,6,62649,卖盘
10:57:14,104.4,0.0,7,73096,卖盘
10:57:17,104.48,0.08,2,20896,买盘
10:57:20,104.4,-0.08,3,31320,卖盘
10:57:26,104.4,0.0,28,292322,卖盘
10:57:29,104.41,0.01,5,52205,买盘
10:57:32,104.48,0.07,1,10448,买盘
10:57:38,104.43,-0.05,13,135819,卖盘
10:57:39,104.5,0.07,1,10450,买盘
10:57:47,104.5,0.0,2,20900,买盘
10:57:50,104.43,-0.07,7,73107,卖盘
10:57:53,104.5,0.07,3,31350,买盘
10:57:59,104.5,0.0,8,83594,买盘
10:58:02,104.5,0.0,2,20900,中性盘
10:58:05,104.43,-0.07,4,41777,卖盘
10:58:08,104.5,0.07,1,10450,买盘
10:58:14,104.5,0.0,2,20900,买盘
10:58:17,104.51,0.01,5,52243,买盘
10:58:20,104.51,0.0,1,10451,买盘
10:58:29,104.51,0.0,8,83602,买盘
10:58:32,104.51,0.0,2,20902,买盘
10:58:35,104.51,0.0,11,114961,买盘
10:58:38,104.51,0.0,2,20902,买盘
10:58:41,104.5,-0.01,4,41803,卖盘
10:58:44,104.54,0.04,1,10454,买盘
10:58:47,104.54,0.0,1,10454,买盘
10:58:48,104.54,0.0,2,20908,买盘
10:58:53,104.54,0.0,5,52270,卖盘
10:58:56,104.56,0.02,6,62724,买盘
10:58:59,104.56,0.0,2,20912,买盘
10:59:06,104.53,-0.03,5,52268,卖盘
10:59:08,104.56,0.03,1,10456,买盘
10:59:14,104.66,0.1,1,10466,买盘
10:59:17,104.66,0.0,9,94095,买盘
10:59:20,104.66,0.0,2,20917,买盘
10:59:29,104.51,-0.15,4,41804,中性盘
10:59:30,104.66,0.15,1,10466,买盘
10:59:35,104.66,0.0,1,10466,买盘
10:59:37,104.51,-0.15,2,20917,卖盘
10:59:41,104.5,-0.01,4,41802,卖盘
10:59:44,104.66,0.16,6,62716,买盘
10:59:47,104.5,-0.16,2,20916,卖盘
10:59:53,104.66,0.16,4,41816,买盘
10:59:56,104.68,0.02,38,397762,买盘
10:59:59,104.68,0.0,10,104680,买盘
11:00:05,104.51,-0.17,4,41804,卖盘
11:00:07,104.67,0.16,2,20934,买盘
11:00:12,104.67,0.0,1,10467,买盘
11:00:17,104.5,-0.17,6,62703,卖盘
11:00:19,104.66,0.16,3,31402,中性盘
11:00:27,104.51,-0.15,7,73157,卖盘
11:00:32,104.68,0.17,2,20934,买盘
11:00:38,104.51,-0.17,5,52316,卖盘
11:00:41,104.51,0.0,7,73188,卖盘
11:00:44,104.67,0.16,1,10467,买盘
11:00:53,104.67,0.0,5,52275,买盘
11:00:56,104.52,-0.15,4,41838,卖盘
11:01:02,104.67,0.15,6,62797,买盘
11:01:05,104.52,-0.15,9,94096,卖盘
11:01:07,104.67,0.15,3,31401,买盘
11:01:11,104.67,0.0,1,10467,买盘
11:01:14,104.67,0.0,1,10467,买盘
11:01:17,104.51,-0.16,5,52257,卖盘
11:01:20,104.66,0.15,1,10466,中性盘
11:01:27,104.55,-0.11,2,20910,卖盘
11:01:32,104.66,0.11,5,52293,买盘
11:01:35,104.65,-0.01,2,20930,中性盘
11:01:38,104.55,-0.1,2,20910,中性盘
11:01:41,104.55,0.0,5,52285,卖盘
11:01:44,104.55,0.0,4,41830,卖盘
11:01:53,104.64,0.09,1,10464,买盘
11:01:56,104.64,0.0,7,73203,买盘
11:01:59,104.64,0.0,1,10464,买盘
11:02:05,104.55,-0.09,6,62730,卖盘
11:02:08,104.65,0.1,4,41849,买盘
11:02:11,104.55,-0.1,5,52275,卖盘
11:02:14,104.55,0.0,9,94095,卖盘
11:02:17,104.52,-0.03,7,73170,卖盘
11:02:20,104.52,0.0,2,20904,买盘
11:02:29,104.52,0.0,49,512072,买盘
11:02:32,104.5,-0.02,14,146322,卖盘
11:02:35,104.51,0.01,1,10451,买盘
11:02:37,104.55,0.04,1,10455,买盘
11:02:39,104.5,-0.05,20,209000,卖盘
11:02:44,104.5,0.0,12,125400,卖盘
11:02:47,104.5,0.0,1,10450,买盘
11:02:50,104.5,0.0,3,31348,买盘
11:02:53,104.5,0.0,5,52238,买盘
11:02:55,104.55,0.05,1,10455,买盘
11:03:02,104.49,-0.06,4,41796,买盘
11:03:05,104.49,0.0,1,10449,买盘
11:03:07,104.44,-0.05,5,52220,卖盘
11:03:11,104.49,0.05,3,31347,买盘
11:03:14,104.49,0.0,2,20898,买盘
11:03:17,104.49,0.0,3,31347,买盘
11:03:18,104.45,-0.04,19,198497,卖盘
11:03:22,104.49,0.04,18,188082,中性盘
11:03:26,104.55,0.06,2,20910,买盘
11:03:32,104.57,0.02,1,10457,卖盘
11:03:35,104.64,0.07,4,41835,买盘
11:03:38,104.64,0.0,1,10464,买盘
11:03:47,104.45,-0.19,4,41816,卖盘
11:03:49,104.65,0.2,1,10465,买盘
11:03:59,104.57,-0.08,6,62742,卖盘
11:04:02,104.65,0.08,1,10465,买盘
11:04:04,104.57,-0.08,11,115107,卖盘
11:04:08,104.67,0.1,23,240696,买盘
11:04:11,104.68,0.01,6,62794,买盘
11:04:14,104.67,-0.01,1,10467,中性盘
11:04:17,104.57,-0.1,3,31371,卖盘
11:04:20,104.57,0.0,27,282586,卖盘
11:04:23,104.68,0.11,8,83733,买盘
11:04:29,104.7,0.02,7,73282,买盘
11:04:31,104.69,-0.01,5,52347,卖盘
11:04:34,104.69,0.0,1,10469,卖盘
11:04:38,104.7,0.01,1,10470,买盘
11:04:42,104.74,0.04,7,73312,买盘
11:04:47,104.7,-0.04,13,136103,中性盘
11:04:48,104.74,0.04,7,73302,买盘
11:04:53,104.78,0.04,1,10478,买盘
11:04:57,104.69,-0.09,5,52347,卖盘
11:05:02,104.8,0.11,2,20960,买盘
11:05:23,104.68,-0.12,4,41872,卖盘
11:05:24,104.8,0.12,1,10480,中性盘
11:05:35,104.57,-0.23,9,94152,卖盘
11:05:38,104.8,0.23,2,20960,买盘
11:05:47,104.68,-0.12,5,52340,卖盘
11:05:50,104.8,0.12,2,20948,买盘
11:05:53,104.8,0.0,6,62880,买盘
11:05:56,104.8,0.0,2,20960,买盘
11:05:59,104.52,-0.28,5,52324,卖盘
11:06:02,104.52,0.0,1,10452,买盘
11:06:05,104.54,0.02,3,31414,卖盘
11:06:08,104.68,0.14,20,209168,买盘
11:06:11,104.68,0.0,6,62761,买盘
11:06:14,104.7,0.02,1,10470,卖盘
11:06:17,104.78,0.08,1,10478,买盘
11:06:18,104.68,-0.1,3,31408,卖盘
11:06:23,104.78,0.1,15,157058,买盘
11:06:26,104.78,0.0,4,41912,买盘
11:06:33,104.68,-0.1,5,52340,买盘
11:06:38,104.68,0.0,1,10468,买盘
11:06:44,104.56,-0.12,3,31371,卖盘
11:06:47,104.77,0.21,5,52385,买盘
11:06:48,104.77,0.0,1,10477,买盘
11:06:53,104.68,-0.09,5,52349,卖盘
11:06:56,104.8,0.12,7,73355,买盘
11:06:59,104.82,0.02,1,10482,买盘
11:07:05,104.77,-0.05,4,41908,卖盘
11:07:08,104.84,0.07,8,83868,买盘
11:07:11,104.82,-0.02,2,20964,买盘
11:07:14,104.82,0.0,1,10482,中性盘
11:07:17,104.77,-0.05,7,73339,卖盘
11:07:20,104.84,0.07,7,73382,买盘
11:07:23,104.85,0.01,1,10485,买盘
11:07:26,104.77,-0.08,2,20954,卖盘
11:07:29,104.8,0.03,5,52388,买盘
11:07:30,104.8,0.0,4,41920,买盘
11:07:35,104.8,0.0,2,20960,买盘
11:07:38,104.68,-0.12,5,52358,卖盘
11:07:41,104.85,0.17,1,10485,买盘
11:07:44,104.89,0.04,4,41956,买盘
11:07:47,104.89,0.0,1,10489,买盘
11:07:48,104.8,-0.09,6,62880,卖盘
11:07:53,104.92,0.12,8,83917,买盘
11:07:54,104.91,-0.01,2,20980,中性盘
11:07:59,104.8,-0.11,2,20960,卖盘
11:08:02,104.88,0.08,6,62868,买盘
11:08:05,104.88,0.0,2,20976,买盘
11:08:08,104.89,0.01,10,104883,买盘
11:08:10,104.89,0.0,3,31467,买盘
11:08:14,104.89,0.0,5,52410,买盘
11:08:17,104.87,-0.02,9,94399,中性盘
11:08:20,104.87,0.0,5,52441,中性盘
11:08:23,104.8,-0.07,6,62889,卖盘
11:08:26,104.87,0.07,1,10487,买盘
11:08:35,104.8,-0.07,5,52400,卖盘
11:08:38,104.8,0.0,1,10480,买盘
11:08:45,104.87,0.07,12,125742,买盘
11:08:50,104.87,0.0,3,31461,买盘
11:08:53,104.87,0.0,1,10487,买盘
11:08:56,104.76,-0.11,2,20963,卖盘
11:08:59,104.6,-0.16,3,31396,卖盘
11:09:02,104.87,0.27,4,41948,买盘
11:09:03,104.87,0.0,2,20974,买盘
11:09:08,104.6,-0.27,13,136007,卖盘
11:09:09,104.87,0.27,3,31461,买盘
11:09:14,104.87,0.0,1,10487,买盘
11:09:17,104.88,0.01,12,125848,买盘
11:09:20,104.59,-0.29,23,241113,卖盘
11:09:23,104.88,0.29,5,52432,买盘
11:09:30,104.6,-0.28,5,52300,卖盘
11:09:34,104.87,0.27,2,20975,中性盘
11:09:38,104.87,0.0,1,10487,买盘
11:09:41,104.88,0.01,2,20975,买盘
11:09:44,104.6,-0.28,5,52300,卖盘
11:09:47,104.88,0.28,1,10488,买盘
11:09:53,104.87,-0.01,7,73253,买盘
11:09:56,104.88,0.01,2,20975,买盘
11:10:05,104.89,0.01,14,146707,买盘
11:10:08,104.89,0.0,4,41956,买盘
11:10:17,104.63,-0.26,4,41852,卖盘
11:10:19,104.89,0.26,1,10489,买盘
11:10:26,104.89,0.0,1,10489,买盘
11:10:29,104.7,-0.19,11,115324,卖盘
11:10:32,104.91,0.21,4,41958,买盘
11:10:35,104.89,-0.02,2,20951,中性盘
11:10:41,104.89,0.0,9,94243,买盘
11:10:42,104.89,0.0,3,31467,买盘
11:10:47,104.89,0.0,2,20978,买盘
11:10:50,104.62,-0.27,3,31386,卖盘
11:10:52,104.89,0.27,5,52391,买盘
11:10:56,104.91,0.02,15,157365,买盘
11:10:59,104.91,0.0,3,31471,买盘
11:11:02,104.62,-0.29,6,62796,卖盘
11:11:05,104.91,0.29,2,20981,买盘
11:11:11,104.8,-0.11,12,125863,卖盘
11:11:14,104.9,0.1,4,41960,买盘
11:11:27,104.89,-0.01,3,31458,买盘
11:11:31,104.89,0.0,1,10489,买盘
11:11:33,104.8,-0.09,3,31449,卖盘
11:11:37,104.89,0.09,1,10489,买盘
11:11:44,104.8,-0.09,1,10480,卖盘
11:11:47,104.9,0.1,11,115386,买盘
11:11:50,104.89,-0.01,3,31467,买盘
11:11:58,104.89,0.0,2,20969,买盘
11:12:05,104.89,0.0,7,73423,买盘
11:12:08,104.9,0.01,3,31470,买盘
11:12:11,104.9,0.0,2,20980,买盘
11:12:14,104.93,0.03,3,31478,买盘
11:12:17,104.93,0.0,2,20985,买盘
11:12:20,104.98,0.05,2,20995,买盘
11:12:22,104.98,0.0,1,10498,买盘
11:12:24,104.99,0.01,4,41994,买盘
11:12:29,104.99,0.0,2,20998,买盘
11:12:32,104.99,0.0,2,20998,买盘
11:12:35,104.99,0.0,3,31497,买盘
11:12:38,105.0,0.01,39,409496,买盘
11:12:41,105.0,0.0,20,210000,买盘
11:12:44,105.0,0.0,8,83999,买盘
11:12:47,105.07,0.07,10,105007,买盘
11:12:50,105.07,0.0,4,42028,买盘
11:12:53,105.1,0.03,3,31527,买盘
11:12:56,105.09,-0.01,2,21019,卖盘
11:12:59,105.09,0.0,1,10509,买盘
11:13:01,105.09,0.0,8,84062,买盘
11:13:03,105.09,0.0,5,52538,买盘
11:13:08,105.09,0.0,3,31527,买盘
11:13:11,105.09,0.0,3,31527,买盘
11:13:14,105.0,-0.09,1,10500,中性盘
11:13:17,105.0,0.0,1,10500,买盘
11:13:20,105.09,0.09,9,94517,买盘
11:13:23,105.0,-0.09,1,10500,买盘
11:13:26,105.0,0.0,3,31500,买盘
11:13:28,105.0,0.0,1,10500,买盘
11:13:32,105.0,0.0,5,52500,买盘
11:13:35,104.99,-0.01,2,20999,卖盘
11:13:38,105.0,0.01,1,10500,买盘
11:13:44,104.99,-0.01,1,10499,卖盘
11:13:53,105.0,0.01,1,10500,买盘
11:13:56,105.0,0.0,1,10500,买盘
11:14:02,105.0,0.0,1,10500,买盘
11:14:07,104.99,-0.01,2,20998,卖盘
11:14:10,105.0,0.01,1,10500,买盘
11:14:14,105.0,0.0,3,31498,买盘
11:14:20,104.99,-0.01,2,20998,卖盘
11:14:28,105.0,0.01,3,31500,买盘
11:14:31,105.0,0.0,4,42000,买盘
11:14:35,105.0,0.0,2,21000,买盘
11:14:37,105.0,0.0,2,21000,买盘
11:14:44,105.0,0.0,7,73494,买盘
11:14:55,104.99,-0.01,12,125989,卖盘
11:14:59,104.99,0.0,19,199481,卖盘
11:15:02,104.91,-0.08,2,20982,卖盘
11:15:05,104.8,-0.11,11,115379,卖盘
11:15:08,104.95,0.15,5,52470,买盘
11:15:14,104.95,0.0,1,10495,买盘
11:15:31,104.97,0.02,1,10497,中性盘
11:15:35,104.97,0.0,2,20992,中性盘
11:15:47,104.97,0.0,1,10497,买盘
11:15:50,104.7,-0.27,1,11517,卖盘
11:15:53,104.96,0.26,3,31488,买盘
11:15:55,104.96,0.0,1,10496,买盘
11:16:01,104.8,-0.16,1,9536,卖盘
11:16:08,104.95,0.15,1,17831,买盘
11:16:14,104.7,-0.25,10,104714,卖盘
11:16:17,104.95,0.25,1,10483,中性盘
11:16:23,104.7,-0.25,1,5968,买盘
11:16:26,104.94,0.24,6,62960,买盘
11:16:34,104.94,0.0,19,199386,买盘
11:16:38,104.94,0.0,1,10494,买盘
11:16:41,104.93,-0.01,1,10493,买盘
11:16:56,104.93,0.0,1,10493,买盘
11:16:59,104.93,0.0,1,10493,买盘
11:17:05,104.92,-0.01,1,10492,买盘
11:17:14,104.92,0.0,1,10492,买盘
11:17:17,104.73,-0.19,1,11415,卖盘
11:17:22,104.9,0.17,1,10490,买盘
11:17:26,104.8,-0.1,1,9118,卖盘
11:17:29,104.9,0.1,6,62940,买盘
11:17:32,104.8,-0.1,3,32802,卖盘
11:17:35,104.74,-0.06,1,8065,卖盘
11:17:38,104.8,0.06,12,125760,买盘
11:17:56,104.8,0.0,2,20960,买盘
11:17:59,104.8,0.0,5,52400,买盘
11:18:02,104.8,0.0,1,10480,买盘
11:18:07,104.8,0.0,1,10480,买盘
11:18:17,104.8,0.0,20,209600,买盘
11:18:23,104.79,-0.01,4,41916,买盘
11:18:28,104.8,0.01,2,20960,买盘
11:18:35,104.75,-0.05,1,10475,卖盘
11:18:38,104.8,0.05,1,10480,买盘
11:18:41,104.75,-0.05,2,20950,卖盘
11:18:49,104.75,0.0,1,10475,卖盘
11:18:53,104.75,0.0,3,29645,卖盘
11:18:56,104.75,0.0,1,8903,卖盘
11:19:05,104.79,0.04,1,10479,买盘
11:19:11,104.75,-0.04,1,10475,卖盘
11:19:14,104.75,0.0,1,16970,卖盘
11:19:26,104.79,0.04,3,31437,买盘
11:19:32,104.79,0.0,3,31437,买盘
11:19:38,104.79,0.0,17,178142,买盘
11:19:43,104.78,-0.01,1,10478,买盘
11:19:53,104.76,-0.02,6,62858,卖盘
11:19:55,104.76,0.0,1,10476,买盘
11:20:05,104.75,-0.01,3,31426,卖盘
11:20:07,104.75,0.0,2,23778,卖盘
11:20:11,104.76,0.01,1,10476,买盘
11:20:16,104.75,-0.01,8,77829,卖盘
11:20:20,104.75,0.0,4,47451,买盘
11:20:26,104.7,-0.05,4,41885,买盘
11:20:29,104.66,-0.04,7,63447,卖盘
11:20:32,104.75,0.09,2,20950,买盘
11:20:35,104.76,0.01,11,115228,买盘
11:20:38,104.66,-0.1,4,41876,卖盘
11:20:41,104.66,0.0,6,62804,卖盘
11:20:43,104.7,0.04,1,10470,买盘
11:20:47,104.66,-0.04,2,20932,卖盘
11:20:50,104.66,0.0,5,52334,卖盘
11:20:52,104.7,0.04,3,31402,买盘
11:20:55,104.63,-0.07,7,79955,买盘
11:20:59,104.66,0.03,2,20932,买盘
11:21:02,104.61,-0.05,7,68745,卖盘
11:21:05,104.65,0.04,2,20930,中性盘
11:21:08,104.66,0.01,3,31398,买盘
11:21:16,104.64,-0.02,2,20928,卖盘
11:21:20,104.64,0.0,4,49182,卖盘
11:21:23,104.64,0.0,3,25847,卖盘
11:21:34,104.65,0.01,13,136046,卖盘
11:21:38,104.64,-0.01,4,41859,卖盘
11:21:41,104.65,0.01,1,10465,买盘
11:21:44,104.64,-0.01,3,31393,卖盘
11:21:50,104.64,0.0,5,58076,卖盘
11:21:52,104.64,0.0,9,94178,卖盘
11:21:55,104.65,0.01,2,20930,买盘
11:21:59,104.65,0.0,2,20930,买盘
11:22:08,104.64,-0.01,2,17580,卖盘
11:22:10,104.64,0.0,2,20928,卖盘
11:22:13,104.65,0.01,6,62790,买盘
11:22:16,104.65,0.0,4,41859,买盘
11:22:20,104.65,0.0,2,20929,买盘
11:22:23,104.65,0.0,3,31395,买盘
11:22:26,104.64,-0.01,3,31393,卖盘
11:22:29,104.65,0.01,1,10465,买盘
11:22:31,104.65,0.0,1,10465,买盘
11:22:35,104.65,0.0,2,20929,买盘
11:22:41,104.64,-0.01,3,31394,卖盘
11:22:43,104.65,0.01,4,41860,买盘
11:22:46,104.61,-0.04,14,144401,卖盘
11:22:50,104.64,0.03,3,35160,中性盘
11:22:53,104.66,0.02,7,73256,买盘
11:22:56,104.66,0.0,5,52317,买盘
11:22:59,104.66,0.0,1,10466,买盘
11:23:07,104.66,0.0,1,10466,买盘
11:23:17,104.66,0.0,14,146524,买盘
11:23:19,104.66,0.0,5,52330,买盘
11:23:23,104.7,0.04,3,31410,买盘
11:23:32,104.7,0.0,2,20940,买盘
11:23:37,104.74,0.04,2,20948,买盘
11:23:41,104.74,0.0,6,62848,买盘
11:23:43,104.74,0.0,1,10474,卖盘
11:23:47,104.76,0.02,8,83808,买盘
11:23:49,104.79,0.03,20,209560,买盘
11:23:53,104.78,-0.01,17,178110,买盘
11:23:56,104.9,0.12,3,31470,买盘
11:24:02,104.9,0.0,3,31470,买盘
11:24:05,104.9,0.0,4,41960,买盘
11:24:08,104.92,0.02,1,10492,买盘
11:24:14,104.93,0.01,4,41972,买盘
11:24:17,104.95,0.02,3,31483,买盘
11:24:23,104.95,0.0,4,38832,买盘
11:24:26,104.96,0.01,4,41982,买盘
11:24:29,104.96,0.0,1,10496,买盘
11:24:37,104.97,0.01,4,41988,买盘
11:24:41,104.98,0.01,3,31492,买盘
11:24:47,104.97,-0.01,1,10497,买盘
11:24:52,104.96,-0.01,1,10496,买盘
11:24:56,104.97,0.01,7,73477,买盘
11:24:59,104.96,-0.01,4,41984,中性盘
11:25:02,104.95,-0.01,3,31486,卖盘
11:25:08,104.98,0.03,4,41992,买盘
11:25:10,104.98,0.0,1,10498,买盘
11:25:17,104.98,0.0,4,41992,买盘
11:25:20,104.99,0.01,1,10499,买盘
11:25:22,104.99,0.0,1,10499,买盘
11:25:26,105.0,0.01,19,199479,买盘
11:25:29,104.99,-0.01,6,62999,中性盘
11:25:32,104.98,-0.01,4,41992,买盘
11:25:35,104.96,-0.02,5,52480,卖盘
11:25:38,104.96,0.0,2,20992,买盘
11:25:41,104.95,-0.01,2,20990,卖盘
11:25:44,104.93,-0.02,1,10493,卖盘
11:25:56,104.88,-0.05,8,86661,卖盘
11:25:58,104.93,0.05,3,31479,买盘
11:26:11,104.93,0.0,4,41972,买盘
11:26:13,104.92,-0.01,1,10492,中性盘
11:26:17,104.88,-0.04,1,5453,卖盘
11:26:23,104.88,0.0,2,28009,卖盘
11:26:25,104.92,0.04,4,41966,买盘
11:26:29,104.91,-0.01,5,47726,中性盘
11:26:32,104.91,0.0,2,20983,卖盘
11:26:34,104.92,0.01,2,20984,卖盘
11:26:38,104.93,0.01,2,20985,买盘
11:26:41,104.92,-0.01,8,83936,中性盘
11:26:43,104.92,0.0,2,20984,买盘
11:26:46,104.94,0.02,1,10494,买盘
11:26:49,104.92,-0.02,3,31476,卖盘
11:26:53,104.92,0.0,3,31478,中性盘
11:26:56,104.94,0.02,2,20988,买盘
11:26:58,104.93,-0.01,2,20986,中性盘
11:27:05,104.95,0.02,9,94453,买盘
11:27:08,104.95,0.0,3,31485,买盘
11:27:20,104.93,-0.02,3,31479,买盘
11:27:26,104.88,-0.05,1,10488,卖盘
11:27:29,104.93,0.05,7,73451,买盘
11:27:31,104.95,0.02,2,20990,买盘
11:27:35,104.96,0.01,14,146931,买盘
11:27:37,104.88,-0.08,9,94424,卖盘
11:27:41,104.96,0.08,6,62976,买盘
11:27:44,105.0,0.04,16,167996,买盘
11:27:46,105.0,0.0,7,73505,中性盘
11:27:49,105.08,0.08,2,21016,买盘
11:27:53,105.03,-0.05,1,10503,卖盘
11:27:59,105.08,0.05,1,10508,买盘
11:28:14,105.09,0.01,1,10509,买盘
11:28:17,105.08,-0.01,3,31526,卖盘
11:28:26,105.1,0.02,5,52550,买盘
11:28:28,105.09,-0.01,2,21022,卖盘
11:28:31,105.18,0.09,2,21036,买盘
11:28:35,105.19,0.01,18,189332,买盘
11:28:37,105.17,-0.02,5,52594,卖盘
11:28:41,105.2,0.03,3,31560,买盘
11:28:44,105.2,0.0,5,52599,买盘
11:28:47,105.2,0.0,3,31560,买盘
11:28:50,105.17,-0.03,5,52594,卖盘
11:28:52,105.17,0.0,1,13882,卖盘
11:28:56,105.2,0.03,13,136760,买盘
11:28:59,105.15,-0.05,4,41331,卖盘
11:29:02,105.2,0.05,4,42080,买盘
11:29:05,105.2,0.0,5,52600,买盘
11:29:08,105.17,-0.03,1,10517,卖盘
11:29:10,105.2,0.03,5,52596,买盘
11:29:23,105.19,-0.01,2,21037,中性盘
11:29:25,105.2,0.01,12,126224,买盘
11:29:28,105.15,-0.05,1,10515,卖盘
11:29:32,105.19,0.04,1,10519,买盘
11:29:35,105.19,0.0,1,10519,卖盘
11:29:53,105.15,-0.04,2,21030,卖盘
11:29:55,105.25,0.1,7,69753,买盘
11:29:59,105.15,-0.1,1,10515,卖盘
13:00:03,105.15,0.0,27,285255,卖盘
13:00:06,105.14,-0.01,52,546705,卖盘
13:00:09,105.09,-0.05,21,220659,中性盘
13:00:12,105.04,-0.05,15,157656,卖盘
13:00:15,105.03,-0.01,18,189143,卖盘
13:00:17,105.03,0.0,10,105020,卖盘
13:00:21,104.96,-0.07,48,503905,卖盘
13:00:24,104.88,-0.08,22,230872,卖盘
13:00:27,104.85,-0.03,10,104869,卖盘
13:00:29,105.03,0.18,25,262784,卖盘
13:00:33,104.81,-0.22,9,93962,买盘
13:00:35,104.85,0.04,10,107979,买盘
13:00:39,104.85,0.0,14,143694,卖盘
13:00:42,105.0,0.15,27,287018,买盘
13:00:44,104.85,-0.15,9,94380,中性盘
13:00:48,104.89,0.04,10,104866,买盘
13:00:50,104.89,0.0,4,41969,卖盘
13:00:54,104.89,0.0,6,62964,卖盘
13:00:56,104.89,0.0,3,25803,卖盘
13:01:00,104.89,0.0,11,118593,卖盘
13:01:02,105.0,0.11,20,209812,中性盘
13:01:06,105.09,0.09,11,115521,买盘
13:01:09,104.89,-0.2,9,94432,卖盘
13:01:12,104.83,-0.06,4,41983,卖盘
13:01:15,104.89,0.06,3,31489,中性盘
13:01:17,105.0,0.11,3,31500,买盘
13:01:21,104.99,-0.01,2,21001,买盘
13:01:24,104.9,-0.09,6,62997,卖盘
13:01:27,104.9,0.0,2,20993,卖盘
13:01:29,105.03,0.13,2,21006,买盘
13:01:33,104.9,-0.13,2,20980,卖盘
13:01:35,104.99,0.09,6,62988,中性盘
13:01:39,104.99,0.0,6,63006,卖盘
13:01:42,104.9,-0.09,3,31496,卖盘
13:01:45,105.03,0.13,1,10503,买盘
13:01:47,105.14,0.11,6,63084,买盘
13:01:51,104.99,-0.15,4,42002,卖盘
13:01:54,105.14,0.15,5,52570,买盘
13:01:57,105.14,0.0,2,21028,买盘
13:02:00,105.14,0.0,4,42056,买盘
13:02:02,105.15,0.01,6,63089,买盘
13:02:06,105.01,-0.14,8,84042,卖盘
13:02:09,105.05,0.04,2,21010,买盘
13:02:12,105.14,0.09,7,73594,买盘
13:02:15,105.05,-0.09,10,105140,卖盘
13:02:17,105.15,0.1,1,10515,买盘
13:02:20,105.15,0.0,14,147177,买盘
13:02:24,105.05,-0.1,3,31524,卖盘
13:02:27,105.14,0.09,2,21020,买盘
13:02:29,105.14,0.0,1,10514,买盘
13:02:39,105.06,-0.08,2,21020,卖盘
13:02:45,105.08,0.02,2,21016,买盘
13:02:54,105.07,-0.01,6,63049,卖盘
13:02:57,105.14,0.07,15,157696,买盘
13:03:00,105.14,0.0,6,63069,买盘
13:03:02,105.14,0.0,12,126153,买盘
13:03:06,105.15,0.01,13,132147,买盘
13:03:09,105.14,-0.01,3,31528,中性盘
13:03:11,105.14,0.0,2,21021,中性盘
13:03:17,105.07,-0.07,3,36039,卖盘
13:03:21,105.04,-0.03,3,31518,卖盘
13:03:23,105.14,0.1,6,63072,卖盘
13:03:27,105.13,-0.01,5,52537,卖盘
13:03:30,105.03,-0.1,2,21006,卖盘
13:03:38,105.04,0.01,1,10504,卖盘
13:03:42,105.04,0.0,2,21008,卖盘
13:03:45,105.06,0.02,24,252212,中性盘
13:03:47,105.1,0.04,4,42040,卖盘
13:03:50,105.14,0.04,9,94631,中性盘
13:03:54,105.1,-0.04,8,84095,中性盘
13:03:56,105.07,-0.03,9,94611,卖盘
13:04:00,105.15,0.08,4,42052,买盘
13:04:03,105.15,0.0,6,63075,买盘
13:04:05,105.15,0.0,3,31545,买盘
13:04:09,105.15,0.0,14,149522,买盘
13:04:12,105.06,-0.09,3,29104,卖盘
13:04:15,105.06,0.0,1,10506,买盘
13:04:20,104.96,-0.1,1,10496,买盘
13:04:24,104.96,0.0,1,10496,买盘
13:04:26,104.89,-0.07,3,31467,卖盘
13:04:30,104.89,0.0,1,10489,卖盘
13:04:33,104.89,0.0,2,20978,卖盘
13:04:35,104.89,0.0,2,15419,卖盘
13:04:38,104.89,0.0,1,10489,卖盘
13:04:42,104.89,0.0,8,84540,卖盘
13:04:45,104.89,0.0,3,31481,买盘
13:04:48,104.9,0.01,1,10490,中性盘
13:04:50,104.96,0.06,2,20992,买盘
13:04:54,104.89,-0.07,2,20978,卖盘
13:04:57,104.89,0.0,2,20978,卖盘
13:05:02,104.9,0.01,12,125939,卖盘
13:05:05,104.89,-0.01,1,10489,卖盘
13:05:09,104.95,0.06,3,31476,中性盘
13:05:14,104.95,0.0,2,20990,买盘
13:05:24,104.91,-0.04,2,26966,中性盘
13:05:27,104.9,-0.01,21,214321,买盘
13:05:29,104.89,-0.01,44,460923,卖盘
13:05:33,104.89,0.0,4,47511,买盘
13:05:35,104.8,-0.09,5,50941,卖盘
13:05:38,104.88,0.08,2,20976,买盘
13:05:45,104.8,-0.08,2,20960,卖盘
13:05:48,104.8,0.0,2,20960,卖盘
13:05:51,104.88,0.08,2,20976,买盘
13:05:54,104.8,-0.08,8,83894,卖盘
13:05:57,104.8,0.0,1,10480,卖盘
13:06:00,104.8,0.0,1,10480,卖盘
13:06:03,104.8,0.0,22,232027,卖盘
13:06:05,104.78,-0.02,7,68031,卖盘
13:06:09,104.78,0.0,1,10478,卖盘
13:06:15,104.87,0.09,6,62922,买盘
13:06:18,104.87,0.0,4,41939,买盘
13:06:20,104.87,0.0,2,20974,买盘
13:06:24,104.87,0.0,2,20974,买盘
13:06:27,104.8,-0.07,2,27679,中性盘
13:06:30,104.79,-0.01,3,28301,卖盘
13:06:32,104.86,0.07,3,28203,买盘
13:06:35,104.86,0.0,2,26631,买盘
13:06:48,104.85,-0.01,2,20970,买盘
13:06:57,104.84,-0.01,28,293452,买盘
13:06:59,104.8,-0.04,15,157200,卖盘
13:07:03,104.85,0.05,28,292511,买盘
13:07:05,104.78,-0.07,5,47467,买盘
13:07:09,104.79,0.01,3,31437,买盘
13:07:12,104.78,-0.01,1,10478,卖盘
13:07:17,104.79,0.01,1,10479,买盘
13:07:30,104.78,-0.01,1,10478,卖盘
13:07:39,104.78,0.0,8,83824,卖盘
13:07:42,104.79,0.01,9,94305,买盘
13:07:45,104.78,-0.01,2,20956,卖盘
13:07:48,104.78,0.0,5,52390,卖盘
13:07:50,104.78,0.0,1,15402,卖盘
13:08:00,104.78,0.0,18,189023,卖盘
13:08:03,104.76,-0.02,11,115245,卖盘
13:08:05,104.71,-0.05,13,129987,卖盘
13:08:09,104.71,0.0,1,10471,卖盘
13:08:14,104.71,0.0,12,126385,卖盘
13:08:18,104.72,0.01,2,20944,中性盘
13:08:24,104.71,-0.01,19,204499,卖盘
13:08:27,104.71,0.0,6,62826,卖盘
13:08:30,104.71,0.0,13,132878,卖盘
13:08:32,104.7,-0.01,17,177993,买盘
13:08:35,104.69,-0.01,2,24080,买盘
13:08:39,104.66,-0.03,3,31400,卖盘
13:08:41,104.69,0.03,3,31403,买盘
13:08:48,104.67,-0.02,3,30774,卖盘
13:09:00,104.67,0.0,1,10467,卖盘
13:09:03,104.67,0.0,19,196047,卖盘
13:09:05,104.65,-0.02,28,293044,卖盘
13:09:08,104.63,-0.02,18,191804,买盘
13:09:12,104.61,-0.02,8,83692,卖盘
13:09:14,104.6,-0.01,27,281061,买盘
13:09:18,104.58,-0.02,14,141625,卖盘
13:09:20,104.6,0.02,7,73216,买盘
13:09:24,104.58,-0.02,6,62749,卖盘
13:09:26,104.6,0.02,7,73214,买盘
13:09:30,104.58,-0.02,4,41835,卖盘
13:09:33,104.59,0.01,1,10459,买盘
13:09:39,104.59,0.0,4,41836,卖盘
13:09:42,104.59,0.0,2,20918,买盘
13:09:47,104.59,0.0,22,230077,买盘
13:09:50,104.58,-0.01,4,41833,卖盘
13:09:54,104.57,-0.01,25,266260,卖盘
13:09:57,104.59,0.02,14,146396,买盘
13:10:00,104.58,-0.01,1,10458,卖盘
13:10:02,104.55,-0.03,46,480950,卖盘
13:10:05,104.58,0.03,11,115035,买盘
13:10:08,104.58,0.0,7,73206,卖盘
13:10:15,104.59,0.01,19,198721,买盘
13:10:18,104.6,0.01,2,16108,卖盘
13:10:20,104.63,0.03,4,41849,买盘
13:10:23,104.7,0.07,10,104662,买盘
13:10:27,104.77,0.07,17,178109,买盘
13:10:30,104.89,0.12,40,419114,买盘
13:10:32,104.89,0.0,4,41947,买盘
13:10:35,104.95,0.06,8,89498,卖盘
13:10:38,104.95,0.0,8,83950,买盘
13:10:41,104.95,0.0,7,73489,卖盘
13:10:45,104.92,-0.03,18,188898,买盘
13:10:48,105.14,0.22,12,126061,买盘
13:10:50,104.98,-0.16,8,83984,买盘
13:10:54,104.95,-0.03,1,10495,中性盘
13:11:00,104.93,-0.02,7,71873,卖盘
13:11:03,104.93,0.0,3,31479,买盘
13:11:14,104.92,-0.01,15,158954,卖盘
13:11:18,104.9,-0.02,3,31473,卖盘
13:11:20,104.92,0.02,32,335707,买盘
13:11:23,104.9,-0.02,2,20969,买盘
13:11:26,104.79,-0.11,3,30389,卖盘
13:11:35,104.78,-0.01,7,73352,卖盘
13:11:45,104.8,0.02,2,19388,中性盘
13:11:48,104.77,-0.03,21,220039,卖盘
13:11:53,104.79,0.02,3,38363,卖盘
13:11:57,104.77,-0.02,1,10687,买盘
13:12:00,104.83,0.06,2,20966,买盘
13:12:03,104.83,0.0,5,52414,买盘
13:12:05,104.82,-0.01,4,41928,中性盘
13:12:09,104.79,-0.03,6,62889,卖盘
13:12:12,104.79,0.0,11,115251,卖盘
13:12:15,104.81,0.02,21,220116,买盘
13:12:18,104.79,-0.02,25,262028,卖盘
13:12:20,104.83,0.04,8,79328,买盘
13:12:24,104.82,-0.01,8,88366,卖盘
13:12:27,104.82,0.0,5,52426,卖盘
13:12:30,104.92,0.1,9,94420,买盘
13:12:33,104.93,0.01,21,212045,买盘
13:12:35,104.93,0.0,2,20986,卖盘
13:12:39,105.0,0.07,2,21000,买盘
13:12:42,105.11,0.11,19,199768,中性盘
13:12:45,105.15,0.04,22,231257,买盘
13:12:47,105.14,-0.01,18,189254,中性盘
13:12:50,105.15,0.01,8,84088,买盘
13:12:53,105.0,-0.15,7,73500,卖盘
13:12:57,104.99,-0.01,16,167990,中性盘
13:13:00,105.15,0.16,6,63023,买盘
13:13:03,104.93,-0.22,1,10493,卖盘
13:13:09,105.14,0.21,4,42056,买盘
13:13:12,105.0,-0.14,4,42025,卖盘
13:13:15,105.0,0.0,2,21011,卖盘
13:13:18,105.0,0.0,1,10500,卖盘
13:13:20,105.11,0.11,7,73570,买盘
13:13:23,105.0,-0.11,1,10500,卖盘
13:13:27,105.0,0.0,2,21000,卖盘
13:13:33,105.0,0.0,7,73511,卖盘
13:13:35,105.1,0.1,2,21015,中性盘
13:13:39,105.09,-0.01,4,42009,中性盘
13:13:42,105.05,-0.04,58,609290,卖盘
13:13:45,105.0,-0.05,20,210010,卖盘
13:13:47,105.0,0.0,8,84000,卖盘
13:13:50,105.05,0.05,9,94277,买盘
13:13:57,105.03,-0.02,2,20987,卖盘
13:14:00,104.95,-0.08,1,6297,卖盘
13:14:05,105.03,0.08,6,63017,卖盘
13:14:11,105.0,-0.03,1,10500,买盘
13:14:15,105.0,0.0,9,94500,买盘
13:14:18,105.0,0.0,5,52495,买盘
13:14:20,104.95,-0.05,1,10495,卖盘
13:14:23,104.99,0.04,6,62962,中性盘
13:14:26,104.99,0.0,2,20998,买盘
13:14:30,104.99,0.0,3,31497,买盘
13:14:33,104.95,-0.04,3,31489,中性盘
13:14:35,104.95,0.0,2,20994,卖盘
13:14:50,104.86,-0.09,3,31248,卖盘
13:14:54,104.94,0.08,2,25703,买盘
13:14:57,104.86,-0.08,27,283081,买盘
13:15:00,104.84,-0.02,3,31454,卖盘
13:15:05,104.84,0.0,4,37430,卖盘
13:15:09,104.83,-0.01,31,324973,卖盘
13:15:12,104.83,0.0,8,83853,买盘
13:15:15,104.78,-0.05,3,31444,卖盘
13:15:17,104.83,0.05,19,199092,中性盘
13:15:20,104.83,0.0,10,104830,卖盘
13:15:23,104.78,-0.05,2,20956,卖盘
13:15:27,104.78,0.0,1,10478,买盘
13:15:33,104.75,-0.03,1,10475,卖盘
13:15:35,104.79,0.04,26,271474,买盘
13:15:38,104.79,0.0,3,31437,卖盘
13:15:42,104.78,-0.01,8,84767,卖盘
13:15:45,104.72,-0.06,2,20947,卖盘
13:15:50,104.75,0.03,22,230450,买盘
13:15:54,104.72,-0.03,2,20944,卖盘
13:15:57,104.74,0.02,20,209446,买盘
13:16:00,104.72,-0.02,8,83773,买盘
13:16:03,104.7,-0.02,1,10470,卖盘
13:16:05,104.68,-0.02,14,142077,卖盘
13:16:08,104.7,0.02,1,10470,中性盘
13:16:15,104.7,0.0,11,115156,买盘
13:16:17,104.68,-0.02,1,10468,卖盘
13:16:20,104.68,0.0,3,31404,中性盘
13:16:27,104.68,0.0,1,10468,买盘
13:16:29,104.68,0.0,2,20936,买盘
13:16:33,104.68,0.0,2,20934,买盘
13:16:35,104.68,0.0,1,10468,买盘
13:16:45,104.68,0.0,1,10468,买盘
13:16:48,104.68,0.0,2,20936,买盘
13:16:53,104.67,-0.01,1,19050,中性盘
13:16:57,104.68,0.01,3,31403,买盘
13:17:00,104.66,-0.02,23,232138,卖盘
13:17:02,104.67,0.01,10,104666,买盘
13:17:05,104.67,0.0,2,20933,买盘
13:17:09,104.66,-0.01,63,659444,卖盘
13:17:12,104.66,0.0,12,125587,买盘
13:17:14,104.68,0.02,1,10468,卖盘
13:17:18,104.7,0.02,8,83757,买盘
13:17:20,104.7,0.0,2,20940,中性盘
13:17:26,104.74,0.04,1,10474,买盘
13:17:30,104.74,0.0,2,20944,买盘
13:17:32,104.74,0.0,1,10474,买盘
13:17:42,104.74,0.02,2,20948,买盘
13:17:45,104.74,0.0,2,20948,买盘
13:17:48,104.72,-0.02,2,20946,卖盘
13:17:50,104.7,-0.02,3,33717,卖盘
13:17:54,104.7,0.0,2,20944,卖盘
13:17:56,104.73,0.03,1,10473,买盘
13:18:02,104.72,-0.01,1,10472,中性盘
13:18:06,104.72,0.0,2,20944,买盘
13:18:15,104.71,-0.01,4,41885,卖盘
13:18:18,104.71,0.0,1,10471,卖盘
13:18:21,104.71,0.0,13,136126,卖盘
13:18:24,104.71,0.0,4,41883,买盘
13:18:29,104.72,0.01,2,20944,卖盘
13:18:32,104.73,0.01,15,157083,买盘
13:18:36,104.7,-0.03,56,586408,卖盘
13:18:39,104.69,-0.01,12,125631,卖盘
13:18:42,104.69,0.0,1,10469,卖盘
13:18:47,104.7,0.01,9,94230,买盘
13:18:51,104.7,0.0,34,355979,买盘
13:18:54,104.7,0.0,15,157050,卖盘
13:18:57,104.7,0.0,1,10470,卖盘
13:18:59,104.7,0.0,2,20940,卖盘
13:19:06,104.7,0.0,1,10470,卖盘
13:19:08,104.7,0.0,1,10470,卖盘
13:19:18,104.76,0.06,2,20951,买盘
13:19:23,104.7,-0.06,2,20731,卖盘
13:19:30,104.76,0.06,26,272370,买盘
13:19:33,104.7,-0.06,2,20940,卖盘
13:19:36,104.7,0.0,2,20940,卖盘
13:19:39,104.7,0.0,2,20940,卖盘
13:19:45,104.7,0.0,1,10470,卖盘
13:19:47,104.7,0.0,5,52350,卖盘
13:19:49,104.75,0.05,1,10475,买盘
13:19:59,104.75,0.0,4,41895,买盘
13:20:02,104.7,-0.05,1,10470,卖盘
13:20:06,104.75,0.05,13,136176,买盘
13:20:09,104.73,-0.02,1,10473,卖盘
13:20:18,104.75,0.02,1,10475,买盘
13:20:20,104.73,-0.02,1,10473,卖盘
13:20:23,104.75,0.02,1,10475,买盘
13:20:30,104.74,-0.01,1,5237,中性盘
13:20:32,104.75,0.01,6,62850,买盘
13:20:35,104.75,0.0,14,146656,中性盘
13:20:38,104.77,0.02,8,87683,买盘
13:20:41,104.78,0.01,4,40967,买盘
13:20:44,104.79,0.01,8,83832,买盘
13:20:47,104.83,0.04,4,41929,买盘
13:20:50,104.84,0.01,17,178214,买盘
13:20:53,104.84,0.0,51,534683,买盘
13:20:56,104.94,0.1,11,121889,卖盘
13:21:01,104.99,0.05,9,91442,买盘
13:21:05,105.0,0.01,2,24044,买盘
13:21:09,105.0,0.0,2,20999,买盘
13:21:11,104.99,-0.01,3,31499,卖盘
13:21:17,104.99,0.0,4,41995,买盘
13:21:20,104.99,0.0,2,20998,买盘
13:21:23,104.95,-0.04,2,20994,卖盘
13:21:26,105.0,0.05,8,83999,买盘
13:21:33,105.0,0.0,5,52496,买盘
13:21:36,104.99,-0.01,7,73494,卖盘
13:21:38,104.99,0.0,1,10499,中性盘
13:21:43,104.99,0.0,7,73493,卖盘
13:21:54,104.95,-0.04,4,41980,卖盘
13:21:55,104.94,-0.01,35,360832,卖盘
13:21:59,104.95,0.01,14,146931,中性盘
13:22:01,104.95,0.0,4,41980,中性盘
13:22:05,104.8,-0.15,2,25155,卖盘
13:22:14,104.8,0.0,10,100608,卖盘
13:22:20,104.8,0.0,6,59629,买盘
13:22:23,104.78,-0.02,8,83831,卖盘
13:22:33,104.83,0.05,8,83864,买盘
13:22:51,104.8,-0.03,2,26934,卖盘
13:22:53,104.77,-0.03,22,227793,卖盘
13:23:00,104.8,0.03,10,104800,买盘
13:23:03,104.75,-0.05,1,10475,卖盘
13:23:06,104.76,0.01,4,41918,中性盘
13:23:08,104.81,0.05,3,31441,中性盘
13:23:10,104.76,-0.05,1,10476,卖盘
13:23:13,104.8,0.04,6,62876,买盘
13:23:17,104.8,0.0,2,20960,中性盘
13:23:20,104.75,-0.05,1,10475,卖盘
13:23:27,104.76,0.01,6,65365,中性盘
13:23:28,104.75,-0.01,3,31426,买盘
13:23:35,104.8,0.05,44,461104,买盘
13:23:38,104.81,0.01,3,31443,买盘
13:23:41,104.8,-0.01,2,20960,卖盘
13:23:53,104.81,0.01,1,10481,买盘
13:23:56,104.82,0.01,5,52407,买盘
13:24:03,104.82,0.0,1,10482,买盘
13:24:08,104.69,-0.13,208,2178308,卖盘
13:24:14,104.8,0.11,6,62880,卖盘
13:24:17,104.8,0.0,1,10480,卖盘
13:24:33,104.81,0.01,1,10481,卖盘
13:24:35,104.81,0.0,1,13415,卖盘
13:24:38,104.81,0.0,1,7547,买盘
13:24:50,104.8,-0.01,2,18025,卖盘
13:24:54,104.8,0.0,3,31440,卖盘
13:24:56,104.8,0.0,3,31440,卖盘
13:24:58,104.81,0.01,1,10481,买盘
13:25:02,104.8,-0.01,1,10480,卖盘
13:25:08,104.81,0.01,13,139170,买盘
13:25:11,104.8,-0.01,2,20960,买盘
13:25:14,104.8,0.0,2,20960,买盘
13:25:18,104.8,0.0,1,10480,买盘
13:25:20,104.8,0.0,5,52403,卖盘
13:25:26,104.78,-0.02,2,20956,买盘
13:25:32,104.75,-0.03,1,10475,卖盘
13:25:37,104.75,0.0,2,23359,卖盘
13:25:41,104.77,0.02,8,83816,买盘
13:25:44,104.78,0.01,7,73345,买盘
13:25:47,104.78,0.0,10,104779,买盘
13:25:50,104.78,0.0,2,20956,买盘
13:25:53,104.78,0.0,27,282856,买盘
13:25:55,104.74,-0.04,5,46517,卖盘
13:26:02,104.78,0.04,4,41912,买盘
13:26:05,104.8,0.02,10,112218,买盘
13:26:08,104.78,-0.02,1,10478,中性盘
13:26:12,104.78,0.0,17,178182,买盘
13:26:15,104.82,0.04,3,31470,卖盘
13:26:17,104.94,0.12,6,62967,卖盘
13:26:29,104.95,0.01,3,31485,买盘
13:26:32,104.95,0.0,4,41979,买盘
13:26:35,104.96,0.01,21,215884,买盘
13:26:39,105.0,0.04,12,125984,买盘
13:26:41,105.01,0.01,3,31501,买盘
13:26:43,105.04,0.03,17,178513,买盘
13:26:47,105.1,0.06,5,52537,买盘
13:26:50,105.14,0.04,4,42052,买盘
13:26:54,105.15,0.01,36,378534,买盘
13:26:56,105.14,-0.01,4,42056,卖盘
13:26:59,105.14,0.0,1,10514,中性盘
13:27:01,105.1,-0.04,7,73576,卖盘
13:27:05,105.1,0.0,6,63060,中性盘
13:27:08,105.1,0.0,84,883247,中性盘
13:27:11,105.14,0.04,36,378371,买盘
13:27:14,105.01,-0.13,4,42004,中性盘
13:27:17,105.13,0.12,51,535544,中性盘
13:27:19,105.1,-0.03,5,52510,买盘
13:27:23,105.0,-0.1,3,31520,卖盘
13:27:30,105.0,0.0,2,16485,卖盘
13:27:31,105.0,0.0,10,105020,卖盘
13:27:41,105.1,0.1,39,409510,买盘
13:27:44,105.0,-0.1,3,36025,卖盘
13:27:56,105.0,0.0,6,58485,买盘
13:27:59,105.0,0.0,1,10500,卖盘
13:28:01,105.0,0.0,4,46515,卖盘
13:28:08,105.0,0.0,4,41999,买盘
13:28:14,104.99,-0.01,8,83992,买盘
13:28:21,105.0,0.01,5,52540,卖盘
13:28:22,105.0,0.0,1,10500,卖盘
13:28:33,105.0,0.0,7,73560,卖盘
13:28:37,105.0,0.0,1,10500,卖盘
13:28:45,105.0,0.0,1,10500,卖盘
13:28:46,105.0,0.0,1,15015,卖盘
13:28:56,105.09,0.09,5,52544,买盘
13:29:00,105.0,-0.09,1,10500,卖盘
13:29:01,105.08,0.08,10,105056,中性盘
13:29:09,105.08,0.0,1,10508,中性盘
13:29:12,105.09,0.01,5,52541,买盘
13:29:14,105.08,-0.01,4,42024,买盘
13:29:18,105.08,0.0,17,178636,买盘
13:29:20,105.09,0.01,3,31525,买盘
13:29:22,105.09,0.0,1,10509,买盘
13:29:31,105.09,0.0,9,94581,买盘
13:29:36,105.08,-0.01,1,10508,卖盘
13:29:40,105.08,0.0,79,830132,卖盘
13:29:44,105.0,-0.08,15,157564,卖盘
13:29:47,105.0,0.0,4,42000,卖盘
13:29:51,105.0,0.0,3,26982,买盘
13:29:53,105.0,0.0,7,73488,买盘
13:30:09,105.0,0.0,12,126000,卖盘
13:30:11,104.81,-0.19,17,176029,卖盘
13:30:13,105.0,0.19,14,147000,买盘
13:30:18,104.99,-0.01,6,62999,卖盘
13:30:19,104.99,0.0,3,31461,买盘
13:30:22,104.98,-0.01,1,10498,买盘
13:30:28,104.8,-0.18,2,23476,买盘
13:30:33,104.78,-0.02,1,6916,卖盘
13:30:38,104.81,0.03,2,20962,卖盘
13:30:42,104.81,0.0,1,12367,卖盘
13:30:48,104.81,0.0,3,31443,卖盘
13:30:49,104.81,0.0,1,12368,卖盘
13:30:52,104.81,0.0,1,10481,卖盘
13:30:59,104.94,0.13,1,10494,买盘
13:31:03,104.92,-0.02,4,37323,中性盘
13:31:04,104.81,-0.11,5,53244,卖盘
13:31:07,104.81,0.0,3,31443,买盘
13:31:15,104.78,-0.03,2,26195,卖盘
13:31:17,104.78,0.0,5,52399,卖盘
13:31:25,104.78,0.0,2,23052,卖盘
13:31:36,104.79,0.01,1,10479,买盘
13:31:38,104.78,-0.01,3,31434,卖盘
13:31:42,104.78,0.0,4,35521,卖盘
13:31:51,104.78,0.0,1,11211,卖盘
13:31:52,104.78,0.0,1,10478,卖盘
13:31:56,104.79,0.01,1,10479,买盘
13:32:02,104.78,-0.01,1,13412,卖盘
13:32:06,104.78,0.0,5,52391,卖盘
13:32:11,104.78,0.0,2,21585,卖盘
13:32:13,104.78,0.0,3,31435,卖盘
13:32:21,104.79,0.01,4,41916,买盘
13:32:24,104.79,0.0,1,10479,买盘
13:32:31,104.78,-0.01,3,31434,卖盘
13:32:34,104.79,0.01,1,10479,买盘
13:32:45,104.78,-0.01,2,14459,卖盘
13:32:48,104.78,0.0,7,73346,卖盘
13:32:54,104.78,0.0,1,11107,卖盘
13:32:58,104.79,0.01,3,31437,买盘
13:33:03,104.79,0.0,2,20958,买盘
13:33:08,104.78,-0.01,1,10478,卖盘
13:33:12,104.78,0.0,3,31434,卖盘
13:33:17,104.72,-0.06,44,466867,卖盘
13:33:21,104.72,0.0,6,59585,买盘
13:33:23,104.75,0.03,22,235068,买盘
13:33:39,104.79,0.04,4,41916,买盘
13:33:41,104.78,-0.01,1,10478,买盘
13:33:51,104.76,-0.02,2,14038,卖盘
13:33:58,104.77,0.01,1,10477,买盘
13:34:01,104.76,-0.01,1,11105,卖盘
13:34:04,104.76,0.0,1,10476,卖盘
13:34:09,104.76,0.0,7,80769,卖盘
13:34:17,104.72,-0.04,6,55408,卖盘
13:34:20,104.72,0.0,3,31416,买盘
13:34:22,104.72,0.0,4,41888,买盘
13:34:28,104.71,-0.01,1,10471,卖盘
13:34:33,104.72,0.01,3,31416,买盘
13:34:35,104.72,0.0,1,10472,买盘
13:34:39,104.72,0.0,6,62832,买盘
13:34:41,104.72,0.0,11,115192,买盘
13:34:45,104.72,0.0,6,70894,买盘
13:34:51,104.71,-0.01,1,10471,买盘
13:34:56,104.71,0.0,7,73299,卖盘
13:35:00,104.77,0.06,1,10477,买盘
13:35:05,104.72,-0.05,2,20944,卖盘
13:35:07,104.72,0.0,2,20944,卖盘
13:35:18,104.71,-0.01,12,125652,卖盘
13:35:21,104.71,0.0,2,20837,卖盘
13:35:27,104.74,0.03,3,31422,买盘
13:35:29,104.74,0.0,1,10474,买盘
13:35:42,104.75,0.01,1,10475,买盘
13:35:45,104.74,-0.01,2,20948,卖盘
13:35:48,104.74,0.0,2,20948,卖盘
13:35:49,104.74,0.0,1,10474,买盘
13:35:52,104.7,-0.04,48,497893,卖盘
13:35:55,104.69,-0.01,8,83754,卖盘
13:35:59,104.7,0.01,1,10470,买盘
13:36:03,104.68,-0.02,15,153998,卖盘
13:36:05,104.7,0.02,1,10470,买盘
13:36:09,104.69,-0.01,7,79773,卖盘
13:36:18,104.68,-0.01,13,136086,买盘
13:36:21,104.7,0.02,4,41880,买盘
13:36:27,104.68,-0.02,1,10468,卖盘
13:36:33,104.68,0.0,2,20936,卖盘
13:36:36,104.68,0.0,4,37057,卖盘
13:36:38,104.68,0.0,4,41872,卖盘
13:36:48,104.69,0.01,2,20938,买盘
13:36:52,104.69,0.0,2,20938,买盘
13:36:55,104.68,-0.01,2,20621,卖盘
13:37:04,104.69,0.01,2,20938,买盘
13:37:09,104.69,0.0,4,41876,买盘
13:37:18,104.69,0.0,15,157022,买盘
13:37:27,104.69,0.0,1,10469,买盘
13:37:28,104.69,0.0,3,31407,买盘
13:37:32,104.69,0.0,2,20938,买盘
13:37:37,104.68,-0.01,1,14760,卖盘
13:37:42,104.69,0.01,9,94218,买盘
13:37:45,104.68,-0.01,2,20936,卖盘
13:37:51,104.68,0.0,16,167503,卖盘
13:37:55,104.69,0.01,1,10469,卖盘
13:37:58,104.7,0.01,1,10470,买盘
13:38:06,104.7,0.0,1,10470,买盘
13:38:10,104.7,0.0,1,10470,买盘
13:38:15,104.7,0.0,16,167520,买盘
13:38:18,104.69,-0.01,9,94223,卖盘
13:38:21,104.68,-0.01,7,69091,卖盘
13:38:22,104.7,0.02,3,31410,买盘
13:38:30,104.69,-0.01,2,20938,买盘
13:38:33,104.68,-0.01,2,20936,卖盘
13:38:39,104.68,0.0,2,21460,卖盘
13:38:43,104.7,0.02,1,10470,买盘
13:38:48,104.7,0.0,12,130351,买盘
13:38:57,104.73,0.03,7,73308,买盘
13:39:00,104.73,0.0,3,31419,卖盘
13:39:03,104.73,0.0,3,31419,卖盘
13:39:06,104.74,0.01,13,136162,买盘
13:39:12,104.75,0.01,1,10475,买盘
13:39:17,104.73,-0.02,14,146626,卖盘
13:39:24,104.73,0.0,1,9007,卖盘
13:39:27,104.75,0.02,1,10475,买盘
13:39:30,104.73,-0.02,1,6598,卖盘
13:39:34,104.71,-0.02,4,47231,卖盘
13:39:39,104.71,0.0,5,52355,买盘
13:39:42,104.75,0.04,8,74973,买盘
13:39:54,104.76,0.01,2,20951,买盘
13:39:56,104.71,-0.05,6,62842,卖盘
13:40:02,104.75,0.04,1,10475,卖盘
13:40:09,104.7,-0.05,6,62829,卖盘
13:40:14,104.75,0.05,4,41900,买盘
13:40:17,104.75,0.0,25,261785,买盘
13:40:21,104.76,0.01,15,162251,买盘
13:40:24,104.76,0.0,2,15819,卖盘
13:40:36,104.75,-0.01,1,10475,买盘
13:40:39,104.74,-0.01,37,387402,中性盘
13:40:42,104.68,-0.06,2,24705,买盘
13:40:47,104.74,0.06,10,104716,买盘
13:40:51,104.68,-0.06,2,20936,卖盘
13:41:00,104.68,0.0,19,198904,卖盘
13:41:03,104.68,0.0,13,136084,卖盘
13:41:06,104.68,0.0,23,240764,卖盘
13:41:09,104.63,-0.05,66,692147,买盘
13:41:12,104.63,0.0,3,31395,中性盘
13:41:15,104.63,0.0,4,41855,卖盘
13:41:21,104.62,-0.01,19,198781,卖盘
13:41:24,104.61,-0.01,38,397524,卖盘
13:41:25,104.6,-0.01,118,1234344,卖盘
13:41:30,104.6,0.0,43,449780,卖盘
13:41:33,104.53,-0.07,38,399385,卖盘
13:41:36,104.61,0.08,33,345063,买盘
13:41:38,104.56,-0.05,7,73216,中性盘
13:41:40,104.56,0.0,17,177707,买盘
13:41:45,104.51,-0.05,53,556744,卖盘
13:41:51,104.5,-0.01,20,209008,卖盘
13:41:54,104.5,0.0,17,177650,卖盘
13:41:55,104.51,0.01,9,94053,买盘
13:42:00,104.5,-0.01,3,31351,卖盘
13:42:03,104.51,0.01,3,31353,买盘
13:42:05,104.4,-0.11,292,3047361,卖盘
13:42:09,104.4,0.0,15,156600,买盘
13:42:12,104.4,0.0,10,104400,买盘
13:42:15,104.39,-0.01,86,897839,卖盘
13:42:17,104.44,0.05,49,511924,中性盘
13:42:21,104.5,0.06,8,83600,买盘
13:42:30,104.46,-0.04,3,31336,买盘
13:42:33,104.44,-0.02,7,73114,卖盘
13:42:36,104.44,0.0,7,73110,卖盘
13:42:39,104.4,-0.04,10,104412,卖盘
13:42:42,104.4,0.0,5,52200,买盘
13:42:44,104.44,0.04,5,52216,买盘
13:42:48,104.37,-0.07,156,1628225,卖盘
13:42:51,104.4,0.03,1,10440,卖盘
13:43:00,104.4,0.0,15,156600,卖盘
13:43:03,104.4,0.0,1,10440,买盘
13:43:06,104.38,-0.02,2,20878,卖盘
13:43:09,104.36,-0.02,6,58028,卖盘
13:43:12,104.36,0.0,3,31310,卖盘
13:43:15,104.37,0.01,1,10437,中性盘
13:43:18,104.37,0.0,2,20874,卖盘
13:43:21,104.38,0.01,8,83504,买盘
13:43:24,104.38,0.0,3,31312,中性盘
13:43:25,104.35,-0.03,44,463775,卖盘
13:43:29,104.35,0.0,2,20870,买盘
13:43:36,104.32,-0.03,4,43713,卖盘
13:43:39,104.31,-0.01,14,146048,卖盘
13:43:45,104.31,0.0,1,10431,卖盘
13:43:47,104.33,0.02,2,20865,买盘
13:43:50,104.32,-0.01,1,10432,买盘
13:43:54,104.32,0.0,2,20864,中性盘
13:43:57,104.32,0.0,2,20864,买盘
13:43:59,104.33,0.01,5,52161,买盘
13:44:08,104.3,-0.03,71,740598,卖盘
13:44:12,104.33,0.03,5,52168,卖盘
13:44:14,104.34,0.01,4,41736,买盘
13:44:21,104.35,0.01,11,114785,买盘
13:44:26,104.35,0.0,9,93903,买盘
13:44:30,104.35,0.0,4,39127,买盘
13:44:32,104.4,0.05,8,83517,买盘
13:44:35,104.31,-0.09,13,135631,卖盘
13:44:39,104.35,0.04,2,20870,卖盘
13:44:45,104.35,0.0,2,20870,卖盘
13:44:54,104.36,0.01,1,10436,卖盘
13:44:57,104.38,0.02,3,31314,买盘
13:45:00,104.38,0.0,3,31314,买盘
13:45:03,104.36,-0.02,1,10436,卖盘
13:45:06,104.4,0.04,1,10440,买盘
13:45:09,104.39,-0.01,70,730490,买盘
13:45:12,104.33,-0.06,8,83481,卖盘
13:45:15,104.33,0.0,3,31299,买盘
13:45:18,104.33,0.0,2,20866,买盘
13:45:21,104.33,0.0,6,62597,买盘
13:45:24,104.32,-0.01,2,20865,卖盘
13:45:27,104.32,0.0,6,62592,卖盘
13:45:30,104.31,-0.01,5,47047,卖盘
13:45:33,104.31,0.0,25,260788,卖盘
13:45:36,104.3,-0.01,3,31186,卖盘
13:45:39,104.39,0.09,164,1711380,买盘
13:45:41,104.4,0.01,8,83520,买盘
13:45:47,104.4,0.0,10,104400,买盘
13:45:49,104.39,-0.01,2,20879,卖盘
13:45:53,104.39,0.0,35,365368,卖盘
13:46:00,104.5,0.11,14,146224,买盘
13:46:05,104.5,0.0,1,10450,买盘
13:46:11,104.5,0.0,12,125395,买盘
13:46:21,104.5,0.0,4,41800,买盘
13:46:27,104.53,0.03,4,41803,买盘
13:46:30,104.53,0.0,1,10453,买盘
13:46:33,104.46,-0.07,5,52230,卖盘
13:46:36,104.45,-0.01,8,83562,卖盘
13:46:38,104.41,-0.04,5,50860,卖盘
13:46:44,104.44,0.04,3,31332,买盘
13:46:48,104.44,0.0,1,10444,买盘
13:46:54,104.44,0.0,1,10444,买盘
13:46:57,104.44,0.0,3,31332,买盘
13:47:03,104.41,-0.03,34,354153,卖盘
13:47:06,104.44,0.03,2,20888,买盘
13:47:08,104.4,-0.04,37,379313,卖盘
13:47:12,104.44,0.04,30,316760,买盘
13:47:15,104.53,0.09,3,31359,买盘
13:47:17,104.61,0.08,1,10461,买盘
13:47:20,104.52,-0.09,19,198588,中性盘
13:47:36,104.44,-0.08,11,114896,卖盘
13:47:39,104.44,0.0,2,16083,卖盘
13:47:42,104.52,0.08,7,73164,买盘
13:47:59,104.61,0.09,1,10461,买盘
13:48:09,104.6,-0.01,2,20920,中性盘
13:48:12,104.54,-0.06,1,10454,卖盘
13:48:15,104.61,0.07,17,177828,买盘
13:48:23,104.6,-0.01,33,344937,买盘
13:48:26,104.6,0.0,2,20920,买盘
13:48:30,104.45,-0.15,4,41780,卖盘
13:48:32,104.6,0.15,5,52240,买盘
13:48:35,104.54,-0.06,24,250902,卖盘
13:48:38,104.54,0.0,4,41816,卖盘
13:48:42,104.45,-0.09,2,20899,卖盘
13:48:48,104.45,0.0,11,114896,卖盘
13:48:56,104.54,0.09,10,104500,买盘
13:49:05,104.44,-0.1,27,282001,卖盘
13:49:08,104.6,0.16,16,167280,买盘
13:49:30,104.46,-0.14,2,20892,卖盘
13:49:33,104.46,0.0,3,35631,卖盘
13:49:36,104.46,0.0,15,156716,卖盘
13:49:42,104.51,0.05,5,52255,卖盘
13:49:48,104.51,0.0,21,219368,买盘
13:49:59,104.46,-0.05,7,73122,买盘
13:50:06,104.46,0.0,5,52224,买盘
13:50:09,104.44,-0.02,2,21306,卖盘
13:50:12,104.46,0.02,52,543092,买盘
13:50:14,104.44,-0.02,4,41776,卖盘
13:50:18,104.44,0.0,1,10444,卖盘
13:50:24,104.46,0.02,6,62668,买盘
13:50:27,104.45,-0.01,11,114901,买盘
13:50:32,104.45,0.0,1,10445,买盘
13:50:36,104.44,-0.01,12,125328,卖盘
13:50:47,104.44,0.0,34,355097,卖盘
13:50:51,104.44,0.0,2,21203,卖盘
13:51:00,104.46,0.02,1,10446,买盘
13:51:06,104.46,0.0,7,73116,买盘
13:51:12,104.44,-0.02,19,198457,卖盘
13:51:21,104.44,0.0,1,10444,卖盘
13:51:24,104.53,0.09,8,83618,买盘
13:51:30,104.44,-0.09,21,219324,卖盘
13:51:32,104.44,0.0,5,52229,卖盘
13:51:36,104.44,0.0,5,52220,卖盘
13:51:51,104.53,0.09,17,182522,买盘
13:51:53,104.44,-0.09,10,104485,卖盘
13:52:00,104.53,0.09,3,31359,买盘
13:52:02,104.62,0.09,51,531713,买盘
13:52:05,104.62,0.0,9,94158,卖盘
13:52:09,104.65,0.03,23,240632,买盘
13:52:12,104.6,-0.05,26,273682,卖盘
13:52:18,104.6,0.0,27,273704,买盘
13:52:20,104.6,0.0,1,19247,卖盘
13:52:24,104.65,0.05,1,1674,买盘
13:52:30,104.65,0.0,3,31394,买盘
13:52:35,104.44,-0.21,12,125348,卖盘
13:52:42,104.64,0.2,9,94176,买盘
13:52:45,104.45,-0.19,4,41779,中性盘
13:52:51,104.47,0.02,2,20894,中性盘
13:52:54,104.63,0.16,5,52317,买盘
13:52:57,104.45,-0.18,5,52245,卖盘
13:53:06,104.66,0.21,2,20930,买盘
13:53:12,104.46,-0.2,2,20892,卖盘
13:53:15,104.44,-0.02,50,522327,卖盘
13:53:24,104.68,0.24,11,115130,买盘
13:53:27,104.68,0.0,8,83744,买盘
13:53:32,104.68,0.0,9,94212,买盘
13:53:35,104.45,-0.23,12,125437,卖盘
13:53:38,104.45,0.0,1,10445,买盘
13:53:42,104.68,0.23,8,83734,买盘
13:53:48,104.68,0.0,2,20934,买盘
13:53:54,104.67,-0.01,1,10467,中性盘
13:53:57,104.67,0.0,2,20934,卖盘
13:54:00,104.65,-0.02,6,62800,卖盘
13:54:02,104.65,0.0,10,104650,买盘
13:54:15,104.65,0.0,12,125570,买盘
13:54:17,104.65,0.0,7,73238,买盘
13:54:21,104.65,0.0,9,94086,买盘
13:54:26,104.65,0.0,8,83720,中性盘
13:54:33,104.72,0.07,6,62810,买盘
13:54:36,104.46,-0.26,11,114906,卖盘
13:54:41,104.44,-0.02,20,208906,卖盘
13:55:00,104.44,0.0,7,73120,卖盘
13:55:03,104.44,0.0,1,13473,卖盘
13:55:12,104.54,0.1,1,9931,卖盘
13:55:15,104.54,0.0,1,10454,卖盘
13:55:21,104.54,0.0,1,8991,卖盘
13:55:24,104.69,0.15,7,73269,买盘
13:55:26,104.68,-0.01,2,20936,买盘
13:55:36,104.68,0.0,2,20936,买盘
13:55:42,104.67,-0.01,2,20934,买盘
13:55:45,104.52,-0.15,4,43800,卖盘
13:55:48,104.48,-0.04,4,47450,卖盘
13:55:50,104.44,-0.04,13,130134,买盘
13:55:53,104.52,0.08,3,31355,买盘
13:55:59,104.44,-0.08,2,22247,卖盘
13:56:02,104.52,0.08,1,10452,买盘
13:56:06,104.52,0.0,7,73157,买盘
13:56:09,104.51,-0.01,2,20902,中性盘
13:56:12,104.52,0.01,5,50271,买盘
13:56:17,104.53,0.01,3,31358,买盘
13:56:20,104.52,-0.01,1,10452,卖盘
13:56:27,104.5,-0.02,3,33340,卖盘
13:56:33,104.5,0.0,2,20900,买盘
13:56:35,104.5,0.0,4,41800,买盘
13:56:38,104.49,-0.01,1,10449,中性盘
13:56:42,104.49,0.0,3,31347,买盘
13:56:44,104.54,0.05,4,41798,买盘
13:56:48,104.49,-0.05,4,41794,买盘
13:56:51,104.45,-0.04,13,135821,卖盘
13:57:03,104.52,0.07,3,31355,买盘
13:57:05,104.53,0.01,3,31356,买盘
13:57:09,104.48,-0.05,10,104492,卖盘
13:57:12,104.53,0.05,5,52255,买盘
13:57:18,104.53,0.0,3,31359,买盘
13:57:21,104.54,0.01,12,123392,卖盘
13:57:23,104.66,0.12,2,22897,买盘
13:57:27,104.66,0.0,3,31385,买盘
13:57:39,104.53,-0.13,10,104536,卖盘
13:57:48,104.62,0.09,5,52318,中性盘
13:57:51,104.46,-0.16,9,94051,卖盘
13:57:54,104.46,0.0,4,41784,买盘
13:57:57,104.62,0.16,5,52307,买盘
13:58:00,104.56,-0.06,5,52308,卖盘
13:58:06,104.56,0.0,2,20912,卖盘
13:58:11,104.56,0.0,7,73224,卖盘
13:58:15,104.54,-0.02,3,31361,买盘
13:58:18,104.54,0.0,5,56447,买盘
13:58:21,104.53,-0.01,1,10453,买盘
13:58:24,104.53,0.0,4,41815,中性盘
13:58:27,104.53,0.0,3,31359,买盘
13:58:32,104.46,-0.07,10,104492,卖盘
13:58:36,104.66,0.2,3,31396,买盘
13:58:38,104.65,-0.01,4,41863,中性盘
13:58:41,104.71,0.06,6,62797,买盘
13:58:47,104.72,0.01,5,52357,买盘
13:58:50,104.73,0.01,21,219689,买盘
13:58:54,104.64,-0.09,8,83722,卖盘
13:58:57,104.64,0.0,5,52320,买盘
13:59:06,104.63,-0.01,2,20926,买盘
13:59:09,104.51,-0.12,11,114965,卖盘
13:59:14,104.64,0.13,6,62780,买盘
13:59:18,104.54,-0.1,1,10454,卖盘
13:59:23,104.6,0.06,2,20920,中性盘
13:59:29,104.6,0.0,1,10460,买盘
13:59:32,104.64,0.04,4,41844,买盘
13:59:36,104.54,-0.1,4,41818,卖盘
13:59:39,104.53,-0.01,1,10453,中性盘
13:59:42,104.54,0.01,11,114992,买盘
13:59:45,104.52,-0.02,1,10452,买盘
13:59:51,104.48,-0.04,9,94057,卖盘
13:59:57,104.45,-0.03,2,11701,卖盘
14:00:03,104.45,0.0,1,10445,卖盘
14:00:05,104.51,0.06,9,94034,买盘
14:00:12,104.48,-0.03,7,79113,卖盘
14:00:18,104.54,0.06,6,62720,买盘
14:00:21,104.54,0.0,10,101509,买盘
14:00:24,104.54,0.0,4,41854,卖盘
14:00:36,104.71,0.17,2,20942,买盘
14:00:38,104.71,0.0,16,167315,买盘
14:00:45,104.68,-0.03,2,20936,卖盘
14:00:47,104.7,0.02,5,55574,买盘
14:00:50,104.5,-0.2,13,135874,卖盘
14:00:54,104.49,-0.01,1,10449,卖盘
14:00:59,104.5,0.01,5,52246,买盘
14:01:12,104.48,-0.02,9,94041,卖盘
14:01:15,104.7,0.22,8,83746,买盘
14:01:21,104.48,-0.22,12,125382,卖盘
14:01:27,104.48,0.0,14,146267,买盘
14:01:29,104.7,0.22,10,104697,买盘
14:01:36,104.7,0.0,10,104700,卖盘
14:01:39,104.7,0.0,2,20940,中性盘
14:01:44,104.68,-0.02,5,52340,卖盘
14:01:48,104.7,0.02,5,52343,买盘
14:01:51,104.7,0.0,2,20940,买盘
14:01:54,104.48,-0.22,10,104484,卖盘
14:02:03,104.46,-0.02,25,261203,卖盘
14:02:06,104.71,0.25,9,94187,买盘
14:02:09,104.7,-0.01,2,20940,中性盘
14:02:30,104.7,0.0,9,94218,买盘
14:02:32,104.68,-0.02,1,10468,中性盘
14:02:39,104.68,0.0,2,20936,卖盘
14:02:41,104.68,0.0,2,20936,买盘
14:02:45,104.69,0.01,3,31405,买盘
14:02:47,104.73,0.04,3,29424,买盘
14:02:51,104.51,-0.22,15,157025,卖盘
14:02:57,104.75,0.24,2,20950,买盘
14:02:59,104.78,0.03,3,31428,买盘
14:03:03,104.86,0.08,9,94366,买盘
14:03:05,104.76,-0.1,4,41914,卖盘
14:03:09,104.75,-0.01,10,104757,中性盘
14:03:12,104.76,0.01,10,104760,买盘
14:03:15,104.76,0.0,2,20952,买盘
14:03:17,104.76,0.0,3,31422,买盘
14:03:29,104.75,-0.01,2,20950,买盘
14:03:32,104.68,-0.07,4,41872,卖盘
14:03:35,104.57,-0.11,2,15999,卖盘
14:03:41,104.68,0.11,9,94207,买盘
14:03:45,104.68,0.0,4,41872,买盘
14:03:48,104.55,-0.13,19,198707,卖盘
14:03:50,104.68,0.13,9,94127,买盘
14:03:54,104.55,-0.13,6,62766,卖盘
14:03:56,104.67,0.12,8,83740,卖盘
14:03:59,104.55,-0.12,8,83676,卖盘
14:04:03,104.67,0.12,9,94203,买盘
14:04:05,104.67,0.0,2,20934,买盘
14:04:12,104.66,-0.01,2,20932,买盘
14:04:18,104.57,-0.09,6,62759,卖盘
14:04:23,104.57,0.0,2,20914,卖盘
14:04:29,104.55,-0.02,14,146377,卖盘
14:04:33,104.5,-0.05,1,14215,卖盘
14:04:35,104.55,0.05,10,104550,买盘
14:04:38,104.66,0.11,17,181460,买盘
14:04:41,104.66,0.0,19,198862,卖盘
14:04:48,104.68,0.02,56,586108,买盘
14:04:54,104.68,0.0,3,31404,买盘
14:04:57,104.68,0.0,1,10468,卖盘
14:05:00,104.66,-0.02,24,252025,卖盘
14:05:03,104.86,0.2,8,83886,买盘
14:05:06,104.66,-0.2,1,10466,卖盘
14:05:09,104.83,0.17,7,73381,买盘
14:05:12,104.86,0.03,6,62870,买盘
14:05:14,104.86,0.0,3,31438,中性盘
14:05:21,104.86,0.0,9,94373,买盘
14:05:24,104.66,-0.2,6,62856,卖盘
14:05:27,104.8,0.14,2,20960,中性盘
14:05:30,104.67,-0.13,5,52390,卖盘
14:05:32,104.66,-0.01,6,62796,卖盘
14:05:47,104.66,0.0,2,16432,卖盘
14:05:50,104.66,0.0,1,10466,卖盘
14:05:54,104.81,0.15,21,220094,买盘
14:06:11,104.79,-0.02,2,20958,买盘
14:06:15,104.71,-0.08,5,52363,卖盘
14:06:23,104.7,0.01,1,10470,买盘
14:06:29,104.69,-0.01,20,205405,卖盘
14:06:33,104.69,0.0,3,31407,买盘
14:06:36,104.66,-0.03,17,177922,卖盘
14:06:38,104.69,0.03,1,10469,买盘
14:06:45,104.69,0.0,2,20938,买盘
14:06:48,104.68,-0.01,3,31404,中性盘
14:06:54,104.67,-0.01,2,17061,卖盘
14:06:57,104.66,-0.01,21,219791,卖盘
14:07:03,104.66,0.0,44,464379,卖盘
14:07:06,104.65,-0.01,7,71582,卖盘
14:07:09,104.65,0.0,1,10465,卖盘
14:07:12,104.65,0.0,5,54001,卖盘
14:07:15,104.65,0.0,3,31395,卖盘
14:07:18,104.6,-0.05,1,12552,卖盘
14:07:30,104.65,0.05,2,20930,买盘
14:07:32,104.6,-0.05,12,125520,卖盘
14:07:35,104.64,0.04,2,20926,中性盘
14:07:39,104.6,-0.04,1,14542,卖盘
14:07:41,104.65,0.05,1,10465,买盘
14:07:45,104.65,0.0,1,10465,买盘
14:08:00,104.63,-0.02,30,306063,中性盘
14:08:02,104.63,0.0,1,10463,卖盘
14:08:06,104.65,0.02,14,146497,买盘
14:08:08,104.64,-0.01,2,20928,买盘
14:08:18,104.66,0.02,4,41862,买盘
14:08:27,104.67,0.01,3,31400,买盘
14:08:33,104.51,-0.16,53,554414,卖盘
14:08:36,104.69,0.18,3,31407,买盘
14:08:42,104.67,-0.02,4,41870,卖盘
14:08:47,104.64,-0.03,2,20928,卖盘
14:08:51,104.64,0.0,3,31392,卖盘
14:08:54,104.63,-0.01,15,156967,买盘
14:09:00,104.64,0.01,16,167418,买盘
14:09:03,104.63,-0.01,8,83704,中性盘
14:09:08,104.64,0.01,5,52320,买盘
14:09:12,104.64,0.0,7,73248,买盘
14:09:15,104.64,0.0,34,355776,买盘
14:09:18,104.64,0.0,8,83712,买盘
14:09:21,104.64,0.0,42,439488,买盘
14:09:24,104.61,-0.03,14,146467,卖盘
14:09:27,104.61,0.0,4,41844,买盘
14:09:30,104.61,0.0,2,20922,买盘
14:09:33,104.58,-0.03,14,146419,卖盘
14:09:50,104.58,0.0,2,20919,卖盘
14:09:54,104.58,0.0,1,18093,卖盘
14:10:02,104.6,0.02,1,9518,卖盘
14:10:05,104.6,0.0,1,10460,买盘
14:10:08,104.6,0.0,1,5962,买盘
14:10:12,104.59,-0.01,1,8263,买盘
14:10:15,104.59,0.0,1,10459,卖盘
14:10:18,104.61,0.02,5,52301,买盘
14:10:21,104.58,-0.03,1,12865,买盘
14:10:26,104.54,-0.04,23,243040,卖盘
14:10:30,104.53,-0.01,5,52380,卖盘
14:10:33,104.53,0.0,5,54879,卖盘
14:10:36,104.53,0.0,12,122822,买盘
14:10:54,104.54,0.01,1,10454,卖盘
14:10:56,104.54,0.0,3,30422,卖盘
14:11:00,104.55,0.01,4,41820,买盘
14:11:03,104.54,-0.01,8,87187,卖盘
14:11:06,104.55,0.01,3,27808,买盘
14:11:09,104.56,0.01,17,177681,买盘
14:11:18,104.56,0.0,3,31368,买盘
14:11:21,104.56,0.0,1,10456,买盘
14:11:24,104.55,-0.01,6,62732,卖盘
14:11:30,104.56,0.01,2,20912,买盘
14:11:32,104.51,-0.05,19,198668,卖盘
14:11:42,104.57,0.06,1,10457,卖盘
14:11:45,104.69,0.12,7,73247,买盘
14:11:48,104.63,-0.06,1,10463,买盘
14:11:51,104.56,-0.07,20,209122,卖盘
14:11:53,104.56,0.0,2,20912,卖盘
14:11:57,104.69,0.13,2,20926,买盘
14:12:05,104.71,0.02,8,83748,买盘
14:12:09,104.71,0.0,1,10471,买盘
14:12:20,104.7,-0.01,1,10470,中性盘
14:12:27,104.7,0.0,1,10470,买盘
14:12:32,104.58,-0.12,16,167442,卖盘
14:12:36,104.58,0.0,1,9203,卖盘
14:12:42,104.64,0.06,1,10464,卖盘
14:12:48,104.57,-0.07,1,13386,卖盘
14:12:50,104.69,0.12,3,31407,买盘
14:12:54,104.58,-0.11,13,135930,买盘
14:13:00,104.57,-0.01,10,104570,中性盘
14:13:05,104.63,0.06,1,7848,中性盘
14:13:17,104.68,0.05,3,28770,买盘
14:13:20,104.68,0.0,2,20936,买盘
14:13:27,104.65,-0.03,1,8895,卖盘
14:13:30,104.63,-0.02,5,52319,卖盘
14:13:33,104.66,0.03,1,7117,中性盘
14:13:36,104.58,-0.08,12,133044,买盘
14:13:41,104.57,-0.01,6,61703,卖盘
14:13:54,104.63,0.06,1,10463,买盘
14:14:00,104.62,-0.01,2,20924,中性盘
14:14:03,104.6,-0.02,1,10460,卖盘
14:14:06,104.63,0.03,12,125552,买盘
14:14:09,104.63,0.0,6,62778,买盘
14:14:11,104.63,0.0,1,13392,买盘
14:14:15,104.68,0.05,1,10468,买盘
14:14:18,104.69,0.01,4,41874,买盘
14:14:21,104.81,0.12,4,41904,卖盘
14:14:24,104.86,0.05,38,392449,买盘
14:14:27,104.9,0.04,4,41956,买盘
14:14:30,104.91,0.01,3,31472,买盘
14:14:32,104.94,0.03,11,115416,买盘
14:14:35,104.99,0.05,7,73493,买盘
14:14:39,104.99,0.0,10,104990,卖盘
14:14:41,105.0,0.01,16,168000,买盘
14:14:44,104.99,-0.01,6,62995,卖盘
14:14:48,104.99,0.0,5,52498,卖盘
14:14:51,105.0,0.01,16,167993,买盘
14:14:53,104.99,-0.01,5,52496,卖盘
14:14:57,104.97,-0.02,4,41990,卖盘
14:15:00,104.92,-0.05,4,42081,卖盘
14:15:02,104.97,0.05,18,188804,买盘
14:15:06,104.95,-0.02,1,10495,卖盘
14:15:09,104.95,0.0,2,20990,买盘
14:15:11,104.95,0.0,7,73447,买盘
14:15:21,104.84,-0.11,17,178262,卖盘
14:15:24,104.84,0.0,1,10484,买盘
14:15:27,104.84,0.0,1,10484,买盘
14:15:30,104.84,0.0,1,10484,买盘
14:15:32,104.84,0.0,14,146772,买盘
14:15:35,104.69,-0.15,14,146246,卖盘
14:15:38,104.69,0.0,1,11319,卖盘
14:15:45,104.81,0.12,5,52405,中性盘
14:15:48,104.81,0.0,5,49467,买盘
14:15:53,104.81,0.0,1,13410,买盘
14:16:03,104.75,-0.06,5,52379,卖盘
14:16:05,104.74,-0.01,1,10474,买盘
14:16:12,104.69,-0.05,1,10992,卖盘
14:16:24,104.69,0.0,7,73817,卖盘
14:16:35,104.63,-0.06,18,186948,卖盘
14:16:42,104.63,0.0,1,10463,买盘
14:16:45,104.63,0.0,1,10463,买盘
14:16:50,104.63,0.0,5,57965,买盘
14:16:57,104.64,0.01,2,20928,买盘
14:16:59,104.64,0.0,1,10464,卖盘
14:17:06,104.81,0.17,8,79125,卖盘
14:17:24,104.8,-0.01,3,31440,买盘
14:17:27,104.8,0.0,1,10480,买盘
14:17:30,104.8,0.0,2,20960,买盘
14:17:33,104.86,0.06,4,41923,买盘
14:17:39,104.8,-0.06,1,10480,买盘
14:17:45,104.8,0.0,1,10480,买盘
14:17:48,104.71,-0.09,10,104715,卖盘
14:17:50,104.71,0.0,1,10471,买盘
14:17:54,104.71,0.0,1,10471,买盘
14:18:03,104.8,0.09,4,41893,买盘
14:18:09,104.85,0.05,2,20970,买盘
14:18:11,104.8,-0.05,6,62880,卖盘
14:18:15,104.85,0.05,9,94350,买盘
14:18:17,104.8,-0.05,13,136287,卖盘
14:18:26,104.85,0.05,2,20970,卖盘
14:18:30,104.85,0.0,2,20970,卖盘
14:18:36,104.69,-0.16,201,2106279,卖盘
14:18:39,104.63,-0.06,5,52320,卖盘
14:18:42,104.69,0.06,4,41870,买盘
14:18:48,104.64,-0.05,1,10464,卖盘
14:18:51,104.64,0.0,4,41865,卖盘
14:18:54,104.64,0.0,2,20928,卖盘
14:18:57,104.63,-0.01,5,52315,卖盘
14:19:00,104.62,-0.01,5,49174,卖盘
14:19:03,104.74,0.12,33,345625,买盘
14:19:05,104.74,0.0,2,20948,买盘
14:19:08,104.6,-0.14,8,80660,卖盘
14:19:12,104.69,0.09,3,31407,买盘
14:19:27,104.6,-0.09,2,20924,卖盘
14:19:33,104.57,-0.03,24,249878,卖盘
14:19:36,104.55,-0.02,1,16625,买盘
14:19:42,104.55,0.0,3,31371,卖盘
14:19:45,104.55,0.0,5,52287,买盘
14:19:47,104.55,0.0,6,62730,卖盘
14:19:51,104.55,0.0,2,21851,卖盘
14:19:54,104.55,0.0,5,52275,卖盘
14:20:00,104.55,0.0,3,31365,卖盘
14:20:03,104.55,0.0,6,62730,卖盘
14:20:09,104.55,0.0,9,94092,卖盘
14:20:12,104.52,-0.03,6,59575,卖盘
14:20:15,104.52,0.0,32,334455,卖盘
14:20:21,104.55,0.03,3,31361,买盘
14:20:24,104.51,-0.04,7,73160,卖盘
14:20:26,104.55,0.04,4,41812,买盘
14:20:33,104.55,0.0,1,5855,卖盘
14:20:36,104.55,0.0,2,20910,卖盘
14:20:39,104.69,0.14,8,83707,买盘
14:20:42,104.55,-0.14,4,46423,卖盘
14:20:44,104.55,0.0,2,16310,卖盘
14:20:51,104.55,0.0,2,20910,卖盘
14:20:53,104.74,0.19,4,41881,买盘
14:20:57,104.53,-0.21,22,234628,卖盘
14:21:00,104.55,0.02,5,52266,买盘
14:21:03,104.52,-0.03,2,16306,卖盘
14:21:05,104.8,0.28,15,157184,买盘
14:21:09,104.52,-0.28,13,143325,卖盘
14:21:11,104.52,0.0,2,20904,卖盘
14:21:17,104.74,0.22,2,20948,中性盘
14:21:23,104.5,-0.24,20,209028,卖盘
14:21:26,104.74,0.24,1,10474,买盘
14:21:33,104.62,-0.12,1,6278,卖盘
14:21:41,104.62,0.0,1,7324,卖盘
14:21:45,104.62,0.0,13,138307,卖盘
14:21:48,104.74,0.12,10,105540,买盘
14:21:54,104.62,-0.12,3,31406,中性盘
14:21:57,104.72,0.1,1,10472,买盘
14:22:00,104.5,-0.22,30,313549,卖盘
14:22:06,104.51,0.01,2,12124,卖盘
14:22:09,104.67,0.16,1,10467,中性盘
14:22:15,104.52,-0.15,1,12856,卖盘
14:22:17,104.59,0.07,9,94191,买盘
14:22:21,104.5,-0.09,6,62704,买盘
14:22:24,104.5,0.0,7,73153,卖盘
14:22:27,104.67,0.17,3,31393,买盘
14:22:36,104.51,-0.16,16,167500,买盘
14:22:39,104.51,0.0,2,20902,卖盘
14:22:41,104.71,0.2,22,229923,中性盘
14:22:45,104.71,0.0,1,10471,买盘
14:22:54,104.71,0.0,4,41823,买盘
14:23:03,104.66,-0.05,5,52330,卖盘
14:23:06,104.66,0.0,16,167454,卖盘
14:23:09,104.51,-0.15,5,52002,卖盘
14:23:12,104.5,-0.01,1,12123,卖盘
14:23:15,104.66,0.16,12,125580,买盘
14:23:18,104.65,-0.01,3,31380,买盘
14:23:21,104.5,-0.15,8,83601,卖盘
14:23:24,104.51,0.01,5,52255,卖盘
14:23:29,104.65,0.14,4,41857,买盘
14:23:33,104.65,0.0,2,20930,买盘
14:23:39,104.65,0.0,1,10465,卖盘
14:23:42,104.69,0.04,6,62805,买盘
14:23:45,104.65,-0.04,2,20930,卖盘
14:23:53,104.62,-0.03,8,83700,买盘
14:23:56,104.62,0.0,2,20923,买盘
14:24:00,104.61,-0.01,6,62766,卖盘
14:24:03,104.61,0.0,2,20922,卖盘
14:24:09,104.63,0.02,8,83702,买盘
14:24:12,104.61,-0.02,1,10461,卖盘
14:24:18,104.62,0.01,2,20924,买盘
14:24:21,104.61,-0.01,6,62766,卖盘
14:24:24,104.61,0.0,5,52305,卖盘
14:24:27,104.59,-0.02,10,104606,卖盘
14:24:33,104.59,0.0,5,52295,买盘
14:24:35,104.59,0.0,2,20918,买盘
14:24:39,104.61,0.02,8,83684,买盘
14:24:47,104.61,0.0,1,10461,买盘
14:24:51,104.59,-0.02,2,20918,卖盘
14:24:57,104.59,0.0,1,10459,卖盘
14:25:00,104.6,0.01,1,10460,买盘
14:25:03,104.6,0.0,7,73216,买盘
14:25:06,104.59,-0.01,1,10982,卖盘
14:25:09,104.6,0.01,17,177790,买盘
14:25:12,104.6,0.0,1,10460,买盘
14:25:17,104.58,-0.02,4,41832,卖盘
14:25:21,104.58,0.0,6,62750,卖盘
14:25:24,104.58,0.0,12,125448,中性盘
14:25:30,104.59,0.01,1,10459,买盘
14:25:36,104.58,-0.01,3,34513,卖盘
14:25:47,104.58,0.0,1,10458,卖盘
14:25:51,104.58,0.0,2,21021,卖盘
14:25:53,104.58,0.0,1,10458,卖盘
14:26:03,104.58,0.0,1,10458,卖盘
14:26:06,104.58,0.0,5,48213,卖盘
14:26:12,104.59,0.01,18,188247,买盘
14:26:18,104.58,-0.01,15,157707,卖盘
14:26:21,104.58,0.0,20,209157,买盘
14:26:23,104.53,-0.05,15,156814,卖盘
14:26:33,104.57,0.04,1,10457,卖盘
14:26:36,104.57,0.0,3,31373,卖盘
14:26:39,104.57,0.0,1,10457,卖盘
14:26:41,104.57,0.0,2,20914,卖盘
14:26:44,104.57,0.0,1,11189,卖盘
14:26:51,104.58,0.01,3,31372,买盘
14:26:53,104.55,-0.03,8,82918,卖盘
14:26:57,104.55,0.0,9,94093,买盘
14:27:05,104.53,-0.02,2,24042,卖盘
14:27:09,104.55,0.02,8,83640,买盘
14:27:11,104.53,-0.02,1,10453,卖盘
14:27:15,104.53,0.0,1,10453,卖盘
14:27:17,104.53,0.0,3,28223,卖盘
14:27:20,104.53,0.0,6,60522,买盘
14:27:24,104.53,0.0,18,191282,买盘
14:27:26,104.55,0.02,1,10455,买盘
14:27:29,104.52,-0.03,22,229018,卖盘
14:27:33,104.52,0.0,3,31356,买盘
14:27:36,104.51,-0.01,3,31353,卖盘
14:27:39,104.52,0.01,19,198574,买盘
14:27:42,104.51,-0.01,4,41804,买盘
14:27:45,104.52,0.01,4,41808,买盘
14:27:48,104.51,-0.01,9,94059,卖盘
14:27:54,104.52,0.01,2,20904,买盘
14:27:57,104.5,-0.02,16,167209,卖盘
14:28:05,104.52,0.02,8,83616,买盘
14:28:09,104.5,-0.02,3,31350,卖盘
14:28:12,104.51,0.01,2,16304,卖盘
14:28:15,104.52,0.01,1,10452,买盘
14:28:18,104.57,0.05,32,334573,买盘
14:28:24,104.52,-0.05,13,135876,卖盘
14:28:27,104.57,0.05,1,10457,买盘
14:28:30,104.57,0.0,2,20914,买盘
14:28:33,104.58,0.01,4,41829,买盘
14:28:35,104.52,-0.06,10,104530,卖盘
14:28:39,104.55,0.03,5,52275,中性盘
14:28:42,104.55,0.0,2,20910,买盘
14:28:44,104.55,0.0,3,31365,买盘
14:28:48,104.55,0.0,2,20910,买盘
14:28:50,104.55,0.0,29,303153,买盘
14:28:53,104.53,-0.02,3,31359,买盘
14:28:57,104.53,0.0,3,31359,买盘
14:29:00,104.55,0.02,13,135893,买盘
14:29:03,104.55,0.0,2,20910,买盘
14:29:06,104.55,0.0,1,10455,买盘
14:29:12,104.55,0.0,2,20908,买盘
14:29:23,104.53,-0.02,11,114985,卖盘
14:29:27,104.53,0.0,2,20906,卖盘
14:29:30,104.57,0.04,4,41826,买盘
14:29:33,104.57,0.0,2,20914,卖盘
14:29:39,104.58,0.01,1,10458,买盘
14:29:42,104.55,-0.03,9,94112,卖盘
14:29:57,104.55,0.0,10,104549,买盘
14:30:03,104.54,-0.01,1,14427,卖盘
14:30:05,104.55,0.01,2,20909,买盘
14:30:09,104.54,-0.01,11,114994,卖盘
14:30:11,104.55,0.01,3,31365,买盘
14:30:15,104.54,-0.01,9,97952,卖盘
14:30:18,104.54,0.0,1,10454,买盘
14:30:24,104.54,0.0,24,250873,买盘
14:30:27,104.54,0.0,1,10454,买盘
