time,price,change,volume,amount,type
09:25:02,102.87,-1.07,251,2582037,卖盘
09:30:01,102.87,0.0,55,566110,卖盘
09:30:05,103.74,0.87,44,453635,买盘
09:30:08,103.53,-0.21,82,847250,买盘
09:30:10,102.9,-0.63,44,454846,卖盘
09:30:14,103.78,0.88,43,444480,买盘
09:30:16,103.79,0.01,17,176338,买盘
09:30:19,103.78,-0.01,7,72645,卖盘
09:30:22,103.78,0.0,46,476778,买盘
09:30:25,103.78,0.0,25,259288,买盘
09:30:29,103.78,0.0,82,850647,买盘
09:30:31,103.89,0.11,54,560761,买盘
09:30:34,103.78,-0.11,110,1142848,卖盘
09:30:37,104.0,0.22,14,145724,买盘
09:30:40,104.27,0.27,68,708900,中性盘
09:30:44,104.28,0.01,24,250215,买盘
09:30:46,104.3,0.02,53,552693,买盘
09:30:49,104.27,-0.03,24,250164,买盘
09:30:54,104.23,-0.04,16,166923,中性盘
09:30:55,103.83,-0.4,16,166415,中性盘
09:30:59,103.91,0.08,32,333473,中性盘
09:31:01,103.91,0.0,44,457967,买盘
09:31:04,103.91,0.0,59,613480,卖盘
09:31:08,103.81,-0.1,98,1017990,卖盘
09:31:10,103.9,0.09,21,218157,卖盘
09:31:14,103.9,0.0,19,197294,买盘
09:31:16,103.89,-0.01,20,207640,中性盘
09:31:19,103.91,0.02,68,706654,买盘
09:31:22,103.89,-0.02,25,259629,中性盘
09:31:25,103.88,-0.01,13,134872,中性盘
09:31:28,103.69,-0.19,10,103690,卖盘
09:31:31,103.69,0.0,10,103588,买盘
09:31:34,103.69,0.0,4,41459,买盘
09:31:38,103.78,0.09,22,228156,买盘
09:31:40,103.52,-0.26,20,207508,卖盘
09:31:44,103.77,0.25,21,217527,买盘
09:31:46,103.52,-0.25,5,51844,卖盘
09:31:49,103.52,0.0,9,93241,卖盘
09:31:52,103.76,0.24,23,238208,中性盘
09:31:55,103.52,-0.24,11,114018,卖盘
09:31:59,103.6,0.08,8,82887,中性盘
09:32:01,103.86,0.26,33,342300,买盘
09:32:05,103.86,0.0,39,404829,买盘
09:32:07,103.85,-0.01,23,238854,买盘
09:32:10,103.53,-0.32,33,342279,卖盘
09:32:14,103.9,0.37,5,51948,买盘
09:32:16,103.88,-0.02,9,93496,中性盘
09:32:19,103.5,-0.38,30,310693,卖盘
09:32:22,103.49,-0.01,13,134657,卖盘
09:32:25,103.48,-0.01,21,217316,卖盘
09:32:29,103.85,0.37,6,62279,买盘
09:32:31,103.48,-0.37,32,332164,卖盘
09:32:34,103.71,0.23,3,31111,买盘
09:32:38,103.7,-0.01,5,51808,买盘
09:32:40,103.7,0.0,31,321982,卖盘
09:32:44,103.69,-0.01,9,93440,卖盘
09:32:46,103.81,0.12,6,62272,卖盘
09:32:49,103.69,-0.12,10,103693,买盘
09:32:52,103.7,0.01,8,82900,卖盘
09:32:56,103.71,0.01,2,20741,买盘
09:32:58,103.79,0.08,21,217904,买盘
09:33:01,103.5,-0.29,21,217863,卖盘
09:33:05,103.44,-0.06,31,321414,卖盘
09:33:08,103.82,0.38,8,82877,买盘
09:33:10,103.81,-0.01,9,93385,卖盘
09:33:14,103.4,-0.41,14,144799,卖盘
09:33:16,103.43,0.03,2,20724,卖盘
09:33:19,103.43,0.0,7,72418,卖盘
09:33:22,103.43,0.0,14,145042,卖盘
09:33:25,103.44,0.01,5,51872,中性盘
09:33:29,103.51,0.07,7,72463,中性盘
09:33:31,103.45,-0.06,18,186343,卖盘
09:33:35,103.45,0.0,6,62070,卖盘
09:33:38,103.8,0.35,12,124227,买盘
09:33:40,103.4,-0.4,11,113762,卖盘
09:33:43,103.44,0.04,8,82759,中性盘
09:33:47,103.49,0.05,6,62124,中性盘
09:33:49,103.78,0.29,19,196665,买盘
09:33:52,103.78,0.0,4,41420,买盘
09:33:55,103.8,0.02,20,207530,买盘
09:33:59,103.44,-0.36,7,72516,卖盘
09:34:01,103.8,0.36,3,31106,买盘
09:34:05,103.43,-0.37,23,238311,卖盘
09:34:08,103.44,0.01,3,31100,中性盘
09:34:10,103.44,0.0,12,124199,卖盘
09:34:14,103.44,0.0,6,62132,卖盘
09:34:16,103.49,0.05,6,62181,卖盘
09:34:20,103.78,0.29,6,62152,买盘
09:34:22,103.79,0.01,6,62225,中性盘
09:34:25,103.5,-0.29,9,93181,卖盘
09:34:28,103.5,0.0,18,186308,买盘
09:34:31,103.49,-0.01,19,196765,卖盘
09:34:35,103.51,0.02,3,31055,中性盘
09:34:37,103.79,0.28,12,124285,买盘
09:34:40,103.44,-0.35,13,134589,卖盘
09:34:43,103.43,-0.01,33,341432,卖盘
09:34:46,103.43,0.0,5,51721,卖盘
09:34:50,103.44,0.01,22,227623,卖盘
09:34:53,103.44,0.0,31,320638,买盘
09:34:55,103.8,0.36,11,113896,买盘
09:34:59,103.45,-0.35,8,82761,卖盘
09:35:02,103.44,-0.01,9,93098,卖盘
09:35:04,103.46,0.02,6,62073,买盘
09:35:07,103.44,-0.02,10,103446,卖盘
09:35:11,103.46,0.02,5,51725,中性盘
09:35:13,103.47,0.01,21,217240,卖盘
09:35:17,103.45,-0.02,2,20691,卖盘
09:35:19,103.45,0.0,6,62108,卖盘
09:35:22,103.52,0.07,14,144977,买盘
09:35:26,103.72,0.2,2,20746,中性盘
09:35:28,103.52,-0.2,14,145162,卖盘
09:35:32,103.51,-0.01,9,93201,中性盘
09:35:34,103.53,0.02,6,62108,买盘
09:35:38,103.53,0.0,4,41428,中性盘
09:35:40,103.52,-0.01,11,113887,中性盘
09:35:44,103.5,-0.02,6,62102,中性盘
09:35:46,103.5,0.0,8,82843,中性盘
09:35:50,103.51,0.01,12,124285,中性盘
09:35:52,103.61,0.1,7,72472,买盘
09:35:56,103.5,-0.11,14,144897,中性盘
09:35:59,103.5,0.0,6,62122,卖盘
09:36:02,103.47,-0.03,12,124166,卖盘
09:36:05,103.45,-0.02,117,1210371,卖盘
09:36:08,103.42,-0.03,33,341359,卖盘
09:36:11,103.38,-0.04,12,124078,卖盘
09:36:14,103.39,0.01,6,62025,买盘
09:36:17,103.41,0.02,22,227476,买盘
09:36:20,103.38,-0.03,65,672247,卖盘
09:36:23,103.39,0.01,4,41374,卖盘
09:36:26,103.45,0.06,20,206785,买盘
09:36:29,103.38,-0.07,21,217120,卖盘
09:36:32,103.38,0.0,17,175720,买盘
09:36:35,103.37,-0.01,7,72366,中性盘
09:36:38,103.39,0.02,6,62032,买盘
09:36:41,103.33,-0.06,8,82691,卖盘
09:36:44,103.38,0.05,10,103376,买盘
09:36:47,103.33,-0.05,10,103306,中性盘
09:36:50,103.33,0.0,51,527299,卖盘
09:36:53,103.44,0.11,4,41377,中性盘
09:36:56,103.47,0.03,14,144852,买盘
09:36:58,103.49,0.02,7,72418,买盘
09:37:01,103.49,0.0,14,144816,买盘
09:37:05,103.35,-0.14,8,82680,买盘
09:37:08,103.49,0.14,3,31034,买盘
09:37:11,103.5,0.01,8,82795,买盘
09:37:14,103.38,-0.12,8,82771,卖盘
09:37:17,103.36,-0.02,12,124058,卖盘
09:37:20,103.49,0.13,15,155165,买盘
09:37:23,103.36,-0.13,17,175701,卖盘
09:37:26,103.36,0.0,111,1147024,中性盘
09:37:29,103.32,-0.04,18,185981,卖盘
09:37:32,103.36,0.04,5,51670,买盘
09:37:34,103.39,0.03,6,62026,买盘
09:37:38,103.41,0.02,3,31021,中性盘
09:37:41,103.41,0.0,5,51702,中性盘
09:37:44,103.49,0.08,16,165517,买盘
09:37:47,103.5,0.01,12,124185,买盘
09:37:49,103.53,0.03,13,134570,买盘
09:37:53,103.6,0.07,11,113889,买盘
09:37:56,103.5,-0.1,9,93166,卖盘
09:37:59,103.5,0.0,14,144950,卖盘
09:38:01,103.45,-0.05,19,196586,卖盘
09:38:05,103.36,-0.09,12,124050,卖盘
09:38:07,103.49,0.13,1,10349,买盘
09:38:10,103.36,-0.13,6,62015,买盘
09:38:14,103.49,0.13,4,41372,买盘
09:38:17,103.36,-0.13,6,62016,卖盘
09:38:20,103.35,-0.01,4,41343,中性盘
09:38:23,103.36,0.01,16,165377,卖盘
09:38:26,103.35,-0.01,9,92991,中性盘
09:38:29,103.37,0.02,17,175692,买盘
09:38:31,103.25,-0.12,30,309956,卖盘
09:38:35,103.37,0.12,14,144637,买盘
09:38:37,103.31,-0.06,3,30993,卖盘
09:38:41,103.12,-0.19,7,72243,卖盘
09:38:44,103.12,0.0,18,185637,买盘
09:38:46,103.2,0.08,4,41280,中性盘
09:38:50,103.31,0.11,12,123915,买盘
09:38:53,103.35,0.04,7,72283,买盘
09:38:56,103.35,0.0,3,30995,买盘
09:38:59,103.11,-0.24,9,92847,卖盘
09:39:02,103.31,0.2,13,134065,买盘
09:39:04,103.31,0.0,5,51581,买盘
09:39:08,103.11,-0.2,13,134062,卖盘
09:39:10,103.12,0.01,15,154676,买盘
09:39:14,103.1,-0.02,35,360960,卖盘
09:39:17,103.11,0.01,25,257763,中性盘
09:39:20,103.12,0.01,13,134094,卖盘
09:39:22,103.11,-0.01,3,30934,卖盘
09:39:26,103.12,0.01,9,92820,买盘
09:39:29,103.12,0.0,2,20624,买盘
09:39:32,103.11,-0.01,10,103111,卖盘
09:39:35,103.08,-0.03,11,113409,卖盘
09:39:38,103.08,0.0,25,257681,卖盘
09:39:40,103.06,-0.02,12,123673,卖盘
09:39:44,103.04,-0.02,10,103040,卖盘
09:39:46,103.02,-0.02,23,236958,卖盘
09:39:50,103.01,-0.01,95,978589,卖盘
09:39:53,103.0,-0.01,131,1349314,卖盘
09:39:55,102.98,-0.02,4,41197,卖盘
09:39:58,102.95,-0.03,4,41184,卖盘
09:40:02,102.91,-0.04,31,319023,卖盘
09:40:05,102.9,-0.01,25,257254,卖盘
09:40:07,102.89,-0.01,13,133760,卖盘
09:40:11,102.87,-0.02,123,1265435,卖盘
09:40:14,102.87,0.0,75,771545,卖盘
09:40:16,102.87,0.0,66,678943,卖盘
09:40:20,102.86,-0.01,40,411485,卖盘
09:40:23,102.85,-0.01,2,20570,买盘
09:40:25,102.84,-0.01,30,308524,卖盘
09:40:29,102.86,0.02,43,442338,买盘
09:40:32,102.86,0.0,42,431948,卖盘
09:40:34,102.87,0.01,23,236594,买盘
09:40:38,102.88,0.01,24,246902,卖盘
09:40:41,102.89,0.01,43,442176,买盘
09:40:44,102.8,-0.09,23,236492,卖盘
09:40:47,102.92,0.12,4,41162,买盘
09:40:49,102.88,-0.04,8,82329,卖盘
09:40:53,102.86,-0.02,8,82309,卖盘
09:40:56,102.92,0.06,52,535070,买盘
09:40:59,102.93,0.01,33,349609,卖盘
09:41:02,102.82,-0.11,36,360123,卖盘
09:41:05,102.99,0.17,15,154418,买盘
09:41:08,102.99,0.0,6,61768,中性盘
09:41:11,102.82,-0.17,9,92572,卖盘
09:41:14,102.81,-0.01,10,112934,卖盘
09:41:17,102.93,0.12,3,30855,买盘
09:41:19,102.83,-0.1,2,20576,卖盘
09:41:22,102.81,-0.02,48,493567,卖盘
09:41:26,102.85,0.04,8,82304,中性盘
09:41:28,102.91,0.06,3,30867,买盘
09:41:32,102.85,-0.06,2,20576,中性盘
09:41:34,102.96,0.11,17,174847,买盘
09:41:37,102.82,-0.14,18,185125,卖盘
09:41:41,102.84,0.02,18,185100,买盘
09:41:44,103.0,0.16,7,72081,买盘
09:41:47,102.96,-0.04,5,51492,中性盘
09:41:52,103.03,0.07,9,92616,买盘
09:41:56,102.83,-0.2,37,380529,卖盘
09:41:59,102.83,0.0,3,30874,卖盘
09:42:02,102.85,0.02,16,164532,买盘
09:42:05,103.05,0.2,13,133951,买盘
09:42:07,103.07,0.02,35,360669,买盘
09:42:11,103.05,-0.02,12,123548,卖盘
09:42:14,103.05,0.0,2,20610,卖盘
09:42:16,102.85,-0.2,2,20570,卖盘
09:42:23,103.04,0.19,19,195703,中性盘
09:42:26,103.11,0.07,10,103073,买盘
09:42:29,103.05,-0.06,5,51525,中性盘
09:42:31,102.85,-0.2,9,92632,卖盘
09:42:34,102.85,0.0,22,226341,卖盘
09:42:37,103.12,0.27,35,360721,买盘
09:42:40,103.07,-0.05,4,41243,卖盘
09:42:44,103.11,0.04,8,82477,买盘
09:42:47,103.11,0.0,17,175287,卖盘
09:42:49,103.29,0.18,12,123939,买盘
09:42:53,103.28,-0.01,31,319769,买盘
09:42:56,103.11,-0.17,11,113516,卖盘
09:42:59,103.1,-0.01,4,41245,卖盘
09:43:05,103.05,-0.05,16,164940,卖盘
09:43:08,103.1,0.05,10,103077,买盘
09:43:11,103.05,-0.05,24,247508,卖盘
09:43:13,103.28,0.23,5,51640,买盘
09:43:17,103.05,-0.23,6,61843,卖盘
09:43:20,103.0,-0.05,3,30902,卖盘
09:43:23,103.01,0.01,4,41209,卖盘
09:43:28,103.08,0.07,20,206112,买盘
09:43:31,103.05,-0.03,45,463911,卖盘
09:43:34,103.05,0.0,2,20610,卖盘
09:43:38,103.05,0.0,16,164911,卖盘
09:43:41,103.08,0.03,2,20614,买盘
09:43:44,103.04,-0.04,4,41216,卖盘
09:43:47,103.04,0.0,6,61829,卖盘
09:43:50,103.06,0.02,8,82443,买盘
09:43:53,103.06,0.0,9,92760,卖盘
09:43:56,103.06,0.0,1,10306,卖盘
09:43:58,103.04,-0.02,7,72135,卖盘
09:44:02,103.02,-0.02,5,51519,卖盘
09:44:05,103.06,0.04,5,51521,买盘
09:44:07,103.07,0.01,19,195784,买盘
09:44:13,103.06,-0.01,21,216427,卖盘
09:44:16,103.06,0.0,25,257652,卖盘
09:44:20,103.06,0.0,3,30918,买盘
09:44:23,103.06,0.0,16,164833,买盘
09:44:25,103.06,0.0,5,51521,买盘
09:44:28,103.04,-0.02,1,10304,中性盘
09:44:32,103.03,-0.01,3,30911,中性盘
09:44:34,103.03,0.0,6,61821,卖盘
09:44:37,103.01,-0.02,7,72121,卖盘
09:44:40,103.01,0.0,7,72117,卖盘
09:44:44,103.01,0.0,3,30907,卖盘
09:44:47,103.03,0.02,11,113319,买盘
09:44:50,103.05,0.02,64,659457,买盘
09:44:52,103.05,0.0,12,123654,买盘
09:44:55,103.06,0.01,10,103057,买盘
09:44:59,103.06,0.0,10,103077,卖盘
09:45:01,103.28,0.22,43,443337,买盘
09:45:05,103.08,-0.2,3,30924,卖盘
09:45:08,103.05,-0.03,31,319522,卖盘
09:45:10,103.05,0.0,7,72135,卖盘
09:45:14,103.05,0.0,12,123832,卖盘
09:45:17,103.05,0.0,8,82513,卖盘
09:45:19,103.05,0.0,45,463725,卖盘
09:45:23,103.06,0.01,30,309183,中性盘
09:45:26,103.02,-0.04,21,216344,卖盘
09:45:29,103.01,-0.01,105,1081615,卖盘
09:45:32,103.05,0.04,21,216363,买盘
09:45:35,103.0,-0.05,9,92726,卖盘
09:45:37,103.03,0.03,29,298708,买盘
09:45:41,103.05,0.02,23,236933,买盘
09:45:44,103.05,0.0,15,154575,卖盘
09:45:47,103.08,0.03,33,334742,买盘
09:45:50,103.1,0.02,23,242609,卖盘
09:45:56,103.1,0.0,8,82480,卖盘
09:45:59,103.1,0.0,11,113542,卖盘
09:46:01,103.26,0.16,17,175302,买盘
09:46:04,103.26,0.0,16,165215,卖盘
09:46:08,103.26,0.0,23,237274,买盘
09:46:11,103.1,-0.16,7,72267,卖盘
09:46:14,103.21,0.11,1,10321,中性盘
09:46:16,103.25,0.04,8,82574,买盘
09:46:20,103.25,0.0,3,30975,买盘
09:46:23,103.2,-0.05,16,164950,卖盘
09:46:26,103.11,-0.09,4,41244,卖盘
09:46:28,103.26,0.15,21,216828,买盘
09:46:31,103.27,0.01,11,113591,买盘
09:46:34,103.37,0.1,42,433925,买盘
09:46:38,103.36,-0.01,14,144711,卖盘
09:46:41,103.29,-0.07,9,92961,卖盘
09:46:47,103.44,0.15,19,196288,买盘
09:46:50,103.28,-0.16,14,144693,卖盘
09:46:53,103.47,0.19,11,113817,买盘
09:46:55,103.28,-0.19,5,51643,卖盘
09:46:59,103.47,0.19,189,1955504,买盘
09:47:01,103.47,0.0,63,651776,买盘
09:47:05,103.46,-0.01,38,393120,中性盘
09:47:08,103.3,-0.16,5,51684,卖盘
09:47:11,103.47,0.17,129,1334539,买盘
09:47:14,103.28,-0.19,14,144584,中性盘
09:47:17,103.44,0.16,21,217224,买盘
09:47:19,103.47,0.03,31,320357,买盘
09:47:23,103.3,-0.17,4,41320,中性盘
09:47:25,103.44,0.14,5,51672,买盘
09:47:31,103.45,0.01,18,185991,卖盘
09:47:38,103.35,-0.1,6,62020,卖盘
09:47:44,103.46,0.11,4,41384,买盘
09:47:46,103.46,0.0,14,144786,买盘
09:47:49,103.3,-0.16,2,20660,卖盘
09:47:53,103.46,0.16,6,62044,买盘
09:47:56,103.3,-0.16,31,320688,卖盘
09:47:59,103.47,0.17,288,2979868,买盘
09:48:01,103.47,0.0,72,744778,买盘
09:48:05,103.32,-0.15,35,361568,中性盘
09:48:08,103.27,-0.05,130,1341603,卖盘
09:48:11,103.27,0.0,16,165364,卖盘
09:48:14,103.46,0.19,6,62000,买盘
09:48:20,103.26,-0.2,31,319794,买盘
09:48:22,103.26,0.0,2,20646,中性盘
09:48:26,103.2,-0.06,6,61951,卖盘
09:48:29,103.2,0.0,5,51600,卖盘
09:48:31,103.2,0.0,9,92906,卖盘
09:48:35,103.46,0.26,5,51659,买盘
09:48:38,103.2,-0.26,11,113494,卖盘
09:48:40,103.2,0.0,11,113520,买盘
09:48:44,103.46,0.26,11,113570,买盘
09:48:46,103.46,0.0,2,20692,买盘
09:48:49,103.47,0.01,15,155114,买盘
09:48:53,103.2,-0.27,9,92880,卖盘
09:48:56,103.2,0.0,13,134214,卖盘
09:48:58,103.1,-0.1,8,82637,卖盘
09:49:02,103.47,0.37,3,31041,买盘
09:49:04,103.03,-0.44,3,30909,卖盘
09:49:08,103.12,0.09,6,61837,中性盘
09:49:11,103.03,-0.09,33,339992,卖盘
09:49:17,103.19,0.16,2,20628,买盘
09:49:19,103.02,-0.17,8,82484,卖盘
09:49:22,103.03,0.01,10,103029,卖盘
09:49:26,103.09,0.06,4,41236,卖盘
09:49:29,103.09,0.0,5,51549,卖盘
09:49:32,103.09,0.0,2,20653,卖盘
09:49:34,103.08,-0.01,3,30926,卖盘
09:49:37,103.08,0.0,6,61844,卖盘
09:49:40,103.1,0.02,1,10310,卖盘
09:49:47,103.08,-0.02,4,41237,卖盘
09:49:50,103.39,0.31,13,134347,买盘
09:49:53,103.37,-0.02,4,41295,卖盘
09:49:56,103.39,0.02,12,124058,买盘
09:49:59,103.09,-0.3,3,30927,卖盘
09:50:04,103.09,0.0,2,20619,卖盘
09:50:08,103.09,0.0,9,92803,卖盘
09:50:14,103.31,0.22,8,82644,买盘
09:50:20,103.09,-0.22,11,113399,卖盘
09:50:23,103.09,0.0,4,41236,卖盘
09:50:26,103.11,0.02,19,195866,中性盘
09:50:29,103.1,-0.01,2,20620,卖盘
09:50:32,103.1,0.0,8,82660,卖盘
09:50:35,103.1,0.0,5,51579,卖盘
09:50:37,103.12,0.02,4,41241,买盘
09:50:41,103.11,-0.01,9,92791,中性盘
09:50:43,103.1,-0.01,4,41240,卖盘
09:50:46,103.1,0.0,5,51547,买盘
09:50:50,103.39,0.29,21,216989,买盘
09:50:53,103.1,-0.29,19,195869,中性盘
09:50:56,103.1,0.0,8,82480,卖盘
09:50:59,103.28,0.18,2,20638,买盘
09:51:02,103.09,-0.19,1,10309,卖盘
09:51:05,103.1,0.01,1,10310,中性盘
09:51:08,103.09,-0.01,10,103135,卖盘
09:51:11,103.38,0.29,5,51662,买盘
09:51:14,103.38,0.0,1,10338,买盘
09:51:17,103.38,0.0,3,31014,买盘
09:51:20,103.1,-0.28,12,123720,卖盘
09:51:26,103.1,0.0,5,51550,卖盘
09:51:29,103.38,0.28,2,13328,买盘
09:51:32,103.38,0.0,1,10338,买盘
09:51:35,103.1,-0.28,4,41240,卖盘
09:51:38,103.1,0.0,5,51550,卖盘
09:51:41,103.1,0.0,11,113410,卖盘
09:51:46,103.39,0.29,14,144648,买盘
09:51:50,103.1,-0.29,13,134030,卖盘
09:51:53,103.1,0.0,4,41267,卖盘
09:51:56,103.1,0.0,6,61860,卖盘
09:51:59,103.1,0.0,10,103100,卖盘
09:52:01,103.1,0.0,23,237135,买盘
09:52:05,103.11,0.01,8,82486,卖盘
09:52:08,103.09,-0.02,7,72168,卖盘
09:52:11,103.09,0.0,2,20618,卖盘
09:52:14,103.09,0.0,5,51548,卖盘
09:52:16,103.09,0.0,5,51552,卖盘
09:52:20,103.36,0.27,4,41342,买盘
09:52:23,103.08,-0.28,9,92778,卖盘
09:52:25,103.1,0.02,14,144340,卖盘
09:52:29,103.38,0.28,2,20674,买盘
09:52:32,103.08,-0.3,15,154634,卖盘
09:52:35,103.08,0.0,3,30926,卖盘
09:52:41,103.09,0.01,3,30927,卖盘
09:52:44,103.08,-0.01,18,185658,卖盘
09:52:47,103.1,0.02,38,391721,买盘
09:52:50,103.1,0.0,5,51550,卖盘
09:52:53,103.08,-0.02,10,103085,卖盘
09:52:55,103.3,0.22,15,154780,买盘
09:52:58,103.09,-0.21,3,30927,卖盘
09:53:02,103.29,0.2,8,82483,买盘
09:53:05,103.06,-0.23,12,123681,卖盘
09:53:08,103.09,0.03,14,144323,买盘
09:53:10,103.1,0.01,22,226844,中性盘
09:53:14,103.1,0.0,1,10310,卖盘
09:53:19,103.1,0.0,2,20620,卖盘
09:53:23,103.1,0.0,13,134066,卖盘
09:53:25,103.1,0.0,8,82480,买盘
09:53:29,103.1,0.0,4,41240,卖盘
09:53:32,103.09,-0.01,13,134056,卖盘
09:53:35,103.08,-0.01,7,72156,卖盘
09:53:38,103.08,0.0,3,30924,卖盘
09:53:43,103.08,0.0,7,72160,卖盘
09:53:47,103.08,0.0,2,20617,卖盘
09:53:49,103.09,0.01,1,10309,买盘
09:53:53,103.08,-0.01,10,103078,中性盘
09:53:56,103.1,0.02,5,51550,买盘
09:53:58,103.08,-0.02,3,30925,卖盘
09:54:02,103.05,-0.03,10,103064,卖盘
09:54:05,103.03,-0.02,9,92727,卖盘
09:54:07,103.03,0.0,1,10303,买盘
09:54:10,103.02,-0.01,4,41209,卖盘
09:54:13,103.03,0.01,1,10303,买盘
09:54:17,103.03,0.0,23,236964,买盘
09:54:19,103.06,0.03,15,154567,买盘
09:54:23,103.06,0.0,15,154581,买盘
09:54:25,103.08,0.02,2,20615,买盘
09:54:28,103.07,-0.01,4,41228,卖盘
09:54:32,103.07,0.0,5,51537,卖盘
09:54:38,103.07,0.0,6,61843,卖盘
09:54:41,103.06,-0.01,4,41229,中性盘
09:54:44,103.07,0.01,5,51535,买盘
09:54:46,103.09,0.02,6,61843,买盘
09:54:50,103.06,-0.03,6,61840,卖盘
09:54:56,103.05,-0.01,4,41214,中性盘
09:54:59,103.02,-0.03,7,72117,卖盘
09:55:02,103.02,0.0,3,30906,卖盘
09:55:05,103.02,0.0,3,30908,卖盘
09:55:08,103.02,0.0,8,82421,卖盘
09:55:11,103.02,0.0,2,20604,卖盘
09:55:13,103.03,0.01,5,51512,买盘
09:55:16,103.04,0.01,13,133985,买盘
09:55:20,103.04,0.0,3,30912,卖盘
09:55:22,103.1,0.06,15,154637,买盘
09:55:25,103.1,0.0,8,84510,卖盘
09:55:29,103.03,-0.07,7,72118,卖盘
09:55:32,103.1,0.07,5,51526,中性盘
09:55:35,103.04,-0.06,28,289238,卖盘
09:55:38,103.05,0.01,5,51525,卖盘
09:55:44,103.04,-0.01,70,721281,卖盘
09:55:47,103.05,0.01,20,206096,买盘
09:55:50,103.01,-0.04,175,1802835,卖盘
09:55:53,102.98,-0.03,517,5325188,卖盘
09:55:55,102.96,-0.02,18,185342,卖盘
09:55:58,102.96,0.0,5,51477,买盘
09:56:02,102.95,-0.01,5,51475,卖盘
09:56:05,102.94,-0.01,4,41176,卖盘
09:56:07,102.96,0.02,7,72067,买盘
09:56:10,102.93,-0.03,17,175020,卖盘
09:56:14,102.93,0.0,14,144126,卖盘
09:56:20,102.92,-0.01,3,30877,卖盘
09:56:23,102.92,0.0,4,41168,卖盘
09:56:26,102.93,0.01,5,51463,买盘
09:56:28,102.93,0.0,10,102922,买盘
09:56:32,103.01,0.08,29,298714,买盘
09:56:35,103.01,0.0,52,535610,买盘
09:56:38,102.98,-0.03,5,51490,中性盘
09:56:40,103.0,0.02,9,92697,买盘
09:56:43,103.0,0.0,4,41200,卖盘
09:56:47,103.0,0.0,37,381136,卖盘
09:56:50,103.01,0.01,15,154511,买盘
09:56:53,103.01,0.0,73,751963,买盘
09:56:55,103.27,0.26,146,1503895,买盘
09:56:59,103.01,-0.26,14,144219,卖盘
09:57:02,103.27,0.26,4,41256,买盘
09:57:08,103.01,-0.26,1,10301,卖盘
09:57:11,103.01,0.0,24,247226,卖盘
09:57:14,103.01,0.0,14,144292,卖盘
09:57:17,103.27,0.26,15,154864,买盘
09:57:19,103.24,-0.03,8,82529,买盘
09:57:23,103.03,-0.21,4,41275,中性盘
09:57:26,103.16,0.13,8,82461,买盘
09:57:29,103.03,-0.13,3,30912,卖盘
09:57:32,103.23,0.2,12,123772,买盘
09:57:34,103.01,-0.22,6,61809,卖盘
09:57:38,103.01,0.0,2,20602,卖盘
09:57:41,103.01,0.0,3,30929,卖盘
09:57:47,103.22,0.21,6,61869,买盘
09:57:53,103.01,-0.21,6,61827,卖盘
09:57:56,103.1,0.09,6,61842,买盘
09:57:59,103.01,-0.09,10,103020,卖盘
09:58:02,103.01,0.0,36,370893,卖盘
09:58:05,103.01,0.0,6,61845,卖盘
09:58:07,103.23,0.22,20,206283,买盘
09:58:11,103.04,-0.19,5,51562,卖盘
09:58:14,103.22,0.18,4,41288,买盘
09:58:17,103.04,-0.18,13,134095,卖盘
09:58:19,103.05,0.01,8,82489,买盘
09:58:23,103.23,0.18,8,82452,买盘
09:58:26,103.03,-0.2,12,123638,卖盘
09:58:29,103.04,0.01,6,61878,中性盘
09:58:31,103.23,0.19,22,227019,买盘
09:58:34,103.1,-0.13,2,20632,卖盘
09:58:38,103.04,-0.06,8,82438,卖盘
09:58:41,103.04,0.0,3,30912,卖盘
09:58:44,103.22,0.18,22,227072,买盘
09:58:47,103.23,0.01,8,82581,买盘
09:58:50,103.22,-0.01,3,30966,卖盘
09:58:53,103.27,0.05,8,82504,买盘
09:58:56,103.04,-0.23,1,10304,卖盘
09:58:59,103.04,0.0,6,61825,卖盘
09:59:02,103.23,0.19,4,41292,买盘
09:59:08,103.23,0.0,4,41273,买盘
09:59:11,103.23,0.0,27,278683,买盘
09:59:17,103.27,0.04,7,72289,买盘
09:59:20,103.23,-0.04,5,51631,卖盘
09:59:21,103.23,0.0,5,51619,卖盘
09:59:26,103.23,0.0,5,51619,卖盘
09:59:29,103.23,0.0,19,196139,卖盘
09:59:32,103.08,-0.15,10,103133,卖盘
09:59:35,103.26,0.18,11,113478,买盘
09:59:37,103.08,-0.18,2,20616,卖盘
09:59:41,103.27,0.19,5,51569,买盘
09:59:43,103.06,-0.21,10,103050,中性盘
09:59:47,103.2,0.14,5,51588,买盘
09:59:50,103.06,-0.14,6,61883,卖盘
09:59:53,103.04,-0.02,28,288519,卖盘
09:59:56,103.06,0.02,4,41226,卖盘
09:59:59,103.06,0.0,6,61836,卖盘
10:00:02,103.04,-0.02,24,247332,卖盘
10:00:04,103.06,0.02,3,30918,卖盘
10:00:08,103.06,0.0,1,10306,卖盘
10:00:11,103.07,0.01,10,103065,买盘
10:00:14,103.06,-0.01,40,412238,卖盘
10:00:17,103.2,0.14,28,288658,买盘
10:00:18,103.21,0.01,8,82568,卖盘
10:00:23,103.2,-0.01,20,206172,中性盘
10:00:25,103.07,-0.13,1,10307,卖盘
10:00:29,103.04,-0.03,12,123666,卖盘
10:00:32,103.2,0.16,8,82530,买盘
10:00:41,103.04,-0.16,10,103055,卖盘
10:00:42,103.04,0.0,2,20608,卖盘
10:00:47,103.19,0.15,3,30929,买盘
10:00:53,103.04,-0.15,8,82435,卖盘
10:00:59,103.06,0.02,4,41224,中性盘
10:01:02,103.06,0.0,2,20612,卖盘
10:01:05,103.06,0.0,3,30918,卖盘
10:01:08,103.05,-0.01,8,82453,卖盘
10:01:11,103.18,0.13,12,123796,买盘
10:01:17,103.04,-0.14,2,20609,卖盘
10:01:23,103.04,0.0,5,51520,卖盘
10:01:26,103.05,0.01,14,144268,买盘
10:01:29,103.05,0.0,12,123652,中性盘
10:01:32,103.05,0.0,3,30916,买盘
10:01:35,103.06,0.01,35,360702,买盘
10:01:38,103.04,-0.02,2,20609,卖盘
10:01:41,103.04,0.0,23,236998,卖盘
10:01:44,103.05,0.01,4,41220,中性盘
10:01:45,103.06,0.01,45,463764,买盘
10:01:50,103.05,-0.01,15,154575,卖盘
10:01:56,103.06,0.01,18,185623,卖盘
10:01:59,103.05,-0.01,17,170599,卖盘
10:02:00,103.06,0.01,5,51529,中性盘
10:02:05,103.06,0.0,8,82456,卖盘
10:02:08,103.09,0.03,5,51542,中性盘
10:02:11,103.06,-0.03,13,134000,卖盘
10:02:14,103.16,0.1,11,113450,买盘
10:02:17,103.16,0.0,8,82480,买盘
10:02:20,103.08,-0.08,3,30924,卖盘
10:02:23,103.15,0.07,3,30931,买盘
10:02:26,103.06,-0.09,8,82446,卖盘
10:02:29,103.05,-0.01,11,113396,卖盘
10:02:32,103.07,0.02,11,113380,卖盘
10:02:35,103.06,-0.01,5,51530,买盘
10:02:38,103.16,0.1,2,20632,买盘
10:02:41,103.16,0.0,8,82528,卖盘
10:02:44,103.17,0.01,12,123777,买盘
10:02:47,103.17,0.0,3,30951,中性盘
10:02:50,103.18,0.01,3,30954,买盘
10:02:53,103.07,-0.11,11,113366,中性盘
10:02:56,103.08,0.01,2,20616,中性盘
10:02:59,103.08,0.0,4,41256,卖盘
10:03:02,103.08,0.0,1,10308,卖盘
10:03:03,103.05,-0.03,13,134075,卖盘
10:03:08,103.05,0.0,4,41222,卖盘
10:03:11,103.05,0.0,11,113378,卖盘
10:03:14,103.05,0.0,1,10305,卖盘
10:03:17,103.05,0.0,2,20610,卖盘
10:03:20,103.05,0.0,2,20613,卖盘
10:03:23,103.17,0.12,4,41268,买盘
10:03:26,103.17,0.0,12,123804,买盘
10:03:29,103.05,-0.12,10,103102,卖盘
10:03:30,103.17,0.12,2,20634,卖盘
10:03:35,103.18,0.01,13,134102,买盘
10:03:36,103.18,0.0,1,10318,买盘
10:03:41,103.05,-0.13,8,82440,卖盘
10:03:44,103.05,0.0,6,61869,卖盘
10:03:47,103.17,0.12,1,10317,中性盘
10:03:50,103.05,-0.12,2,20618,卖盘
10:03:53,103.05,0.0,1,10305,卖盘
10:03:56,103.05,0.0,4,41220,卖盘
10:04:02,103.18,0.13,2,20636,买盘
10:04:05,103.09,-0.09,3,30927,中性盘
10:04:06,103.17,0.08,7,72179,买盘
10:04:14,103.09,-0.08,4,41236,卖盘
10:04:17,103.17,0.08,7,72219,买盘
10:04:20,103.07,-0.1,2,20615,卖盘
10:04:23,103.17,0.1,5,51585,买盘
10:04:26,103.07,-0.1,30,309156,卖盘
10:04:29,103.08,0.01,2,20616,中性盘
10:04:32,103.05,-0.03,16,164975,卖盘
10:04:35,103.05,0.0,3,30916,卖盘
10:04:38,103.08,0.03,5,51537,买盘
10:04:41,103.07,-0.01,17,175369,卖盘
10:04:44,103.17,0.1,7,72200,买盘
10:04:47,103.05,-0.12,7,72192,卖盘
10:04:50,103.05,0.0,5,51561,卖盘
10:04:53,103.04,-0.01,5,51524,卖盘
10:04:56,103.05,0.01,12,123780,中性盘
10:05:02,103.17,0.12,5,51585,买盘
10:05:05,103.04,-0.13,10,103093,卖盘
10:05:08,103.17,0.13,2,20634,买盘
10:05:11,103.17,0.0,4,41255,中性盘
10:05:17,103.17,0.0,4,41271,中性盘
10:05:20,103.17,0.0,9,92798,买盘
10:05:23,103.04,-0.13,18,185478,卖盘
10:05:26,103.05,0.01,12,123777,卖盘
10:05:29,103.06,0.01,6,61836,买盘
10:05:32,103.07,0.01,3,30920,中性盘
10:05:35,103.07,0.0,7,72182,卖盘
10:05:38,103.06,-0.01,5,51539,卖盘
10:05:44,103.06,0.0,2,20612,卖盘
10:05:47,103.17,0.11,4,41268,买盘
10:05:50,103.17,0.0,9,92854,买盘
10:05:53,103.17,0.0,13,134011,卖盘
10:05:56,103.07,-0.1,10,103110,中性盘
10:06:02,103.17,0.1,2,20634,买盘
10:06:05,103.07,-0.1,8,82486,卖盘
10:06:11,103.17,0.1,4,41237,买盘
10:06:17,103.17,0.0,21,216657,买盘
10:06:20,103.16,-0.01,8,82513,卖盘
10:06:23,103.07,-0.09,14,144388,卖盘
10:06:26,103.07,0.0,4,41238,卖盘
10:06:29,103.17,0.1,1,10317,买盘
10:06:32,103.06,-0.11,8,82452,卖盘
10:06:35,103.06,0.0,5,51531,卖盘
10:06:38,103.17,0.11,6,61852,买盘
10:06:41,103.07,-0.1,2,20614,卖盘
10:06:50,103.07,0.0,2,20614,卖盘
10:06:53,103.07,0.0,19,195833,卖盘
10:06:56,103.07,0.0,4,41229,卖盘
10:06:59,103.16,0.09,4,41264,买盘
10:07:05,103.07,-0.09,3,30921,卖盘
10:07:06,103.08,0.01,11,113395,中性盘
10:07:10,103.07,-0.01,8,82463,卖盘
10:07:20,103.08,0.01,3,30924,卖盘
10:07:23,103.14,0.06,3,30942,买盘
10:07:24,103.14,0.0,4,41257,中性盘
10:07:27,103.14,0.0,9,92810,买盘
10:07:32,103.14,0.0,5,51570,买盘
10:07:35,103.14,0.0,5,51570,卖盘
10:07:38,103.14,0.0,3,30942,卖盘
10:07:41,103.16,0.02,9,92830,买盘
10:07:44,103.14,-0.02,9,92838,卖盘
10:07:50,103.14,0.0,2,20628,卖盘
10:07:53,103.15,0.01,4,41260,中性盘
10:07:56,103.17,0.02,10,103105,买盘
10:07:59,103.13,-0.04,4,41252,中性盘
10:08:02,103.15,0.02,3,30945,卖盘
10:08:05,103.17,0.02,18,185637,买盘
10:08:08,103.18,0.01,8,82539,买盘
10:08:11,103.18,0.0,7,72222,买盘
10:08:14,103.17,-0.01,4,41268,卖盘
10:08:17,103.17,0.0,2,20634,卖盘
10:08:20,103.18,0.01,4,41272,买盘
10:08:23,103.07,-0.11,5,51552,卖盘
10:08:26,103.17,0.1,4,41268,买盘
10:08:29,103.08,-0.09,3,30924,中性盘
10:08:32,103.09,0.01,2,20618,卖盘
10:08:35,103.17,0.08,2,20634,买盘
10:08:38,103.18,0.01,7,72191,买盘
10:08:44,103.17,-0.01,1,10317,卖盘
10:08:46,103.18,0.01,1,10318,买盘
10:08:50,103.09,-0.09,6,61858,卖盘
10:08:53,103.15,0.06,3,30940,买盘
10:08:56,103.09,-0.06,6,61872,卖盘
10:09:02,103.1,0.01,9,92787,中性盘
10:09:05,103.11,0.01,3,30933,卖盘
10:09:08,103.1,-0.01,8,82498,卖盘
10:09:11,103.16,0.06,7,72187,买盘
10:09:14,103.12,-0.04,2,20624,卖盘
10:09:20,103.12,0.0,3,30942,卖盘
10:09:23,103.12,0.0,5,51578,卖盘
10:09:26,103.1,-0.02,18,185576,卖盘
10:09:29,103.11,0.01,11,113414,买盘
10:09:32,103.09,-0.02,9,92781,买盘
10:09:35,103.08,-0.01,10,103080,卖盘
10:09:38,103.09,0.01,11,113386,买盘
10:09:41,103.07,-0.02,24,247388,卖盘
10:09:44,103.07,0.0,14,144298,卖盘
10:09:46,103.07,0.0,10,103074,卖盘
10:09:50,103.07,0.0,14,144299,卖盘
10:09:56,103.07,0.0,5,51537,卖盘
10:09:59,103.08,0.01,4,41229,买盘
10:10:02,103.08,0.0,15,154608,买盘
10:10:05,103.07,-0.01,1,10307,卖盘
10:10:08,103.06,-0.01,12,123684,卖盘
10:10:11,103.06,0.0,4,41224,卖盘
10:10:14,103.06,0.0,1,10306,卖盘
10:10:17,103.05,-0.01,12,123666,卖盘
10:10:20,103.05,0.0,5,51531,卖盘
10:10:23,103.06,0.01,7,72138,中性盘
10:10:26,103.07,0.01,16,164899,买盘
10:10:29,103.07,0.0,5,51535,卖盘
10:10:32,103.07,0.0,1,10307,卖盘
10:10:35,103.08,0.01,8,82451,买盘
10:10:38,103.07,-0.01,8,82451,中性盘
10:10:41,103.07,0.0,1,10307,卖盘
10:10:42,103.07,0.0,8,82464,卖盘
10:10:50,103.08,0.01,3,30924,中性盘
10:10:54,103.07,-0.01,9,92764,卖盘
10:10:56,103.07,0.0,3,30921,卖盘
10:10:59,103.05,-0.02,5,51533,卖盘
10:11:05,103.05,0.0,3,30915,卖盘
10:11:09,103.05,0.0,10,103056,卖盘
10:11:11,103.07,0.02,10,103053,买盘
10:11:14,103.04,-0.03,1,10304,卖盘
10:11:16,103.05,0.01,3,30915,买盘
10:11:19,103.04,-0.01,2,20608,卖盘
10:11:23,103.05,0.01,11,113350,买盘
10:11:26,103.04,-0.01,8,87174,卖盘
10:11:29,103.03,-0.01,12,123637,卖盘
10:11:32,103.04,0.01,19,195751,买盘
10:11:34,103.03,-0.01,20,206060,买盘
10:11:39,103.03,0.0,12,123633,买盘
10:11:41,103.02,-0.01,7,72116,卖盘
10:11:44,103.03,0.01,6,61816,买盘
10:11:47,103.03,0.0,3,30907,买盘
10:11:50,103.03,0.0,1,10303,买盘
10:11:54,103.04,0.01,13,133943,买盘
10:11:56,103.09,0.05,31,319536,买盘
10:11:59,103.02,-0.07,9,87578,卖盘
10:12:02,103.09,0.07,13,133957,买盘
10:12:05,103.17,0.08,1,10317,买盘
10:12:08,103.02,-0.15,4,41208,卖盘
10:12:11,103.03,0.01,2,20606,中性盘
10:12:14,103.03,0.0,2,20606,中性盘
10:12:17,103.02,-0.01,2,20605,卖盘
10:12:20,103.07,0.05,3,30921,卖盘
10:12:23,103.03,-0.04,5,51515,卖盘
10:12:29,103.03,0.0,5,51524,中性盘
10:12:31,103.15,0.12,3,30932,买盘
10:12:35,103.02,-0.13,2,20604,卖盘
10:12:38,103.02,0.0,5,51510,卖盘
10:12:41,103.02,0.0,3,30906,卖盘
10:12:44,103.02,0.0,2,20604,卖盘
10:12:47,103.14,0.12,8,82488,买盘
10:12:50,103.04,-0.1,3,30932,卖盘
10:12:56,103.02,-0.02,2,20604,卖盘
10:12:59,103.13,0.11,13,134036,买盘
10:13:02,103.02,-0.11,7,72114,卖盘
10:13:07,103.02,0.0,10,103060,卖盘
10:13:11,103.02,0.0,3,36057,卖盘
10:13:14,103.01,-0.01,94,968862,卖盘
10:13:20,103.02,0.01,2,20604,中性盘
10:13:23,103.12,0.1,18,185452,买盘
10:13:26,103.01,-0.11,53,546056,卖盘
10:13:29,103.0,-0.01,211,2173302,卖盘
10:13:32,102.98,-0.02,15,154464,卖盘
10:13:36,102.96,-0.02,7,72084,卖盘
10:13:38,102.95,-0.01,9,92658,卖盘
10:13:41,102.93,-0.02,2,20586,卖盘
10:13:44,102.93,0.0,3,30881,卖盘
10:13:47,102.92,-0.01,10,102936,卖盘
10:13:49,102.96,0.04,8,82349,买盘
10:13:53,102.95,-0.01,1,10295,卖盘
10:13:59,102.95,0.0,15,154425,卖盘
10:14:02,102.91,-0.04,20,205876,卖盘
10:14:05,102.96,0.05,3,30888,买盘
10:14:08,102.93,-0.03,1,10293,卖盘
10:14:11,102.92,-0.01,5,51461,卖盘
10:14:20,102.9,-0.02,150,1543712,卖盘
10:14:22,102.99,0.09,6,61794,买盘
10:14:26,102.95,-0.04,2,20590,卖盘
10:14:27,102.92,-0.03,4,41175,卖盘
10:14:35,102.96,0.04,1,10296,卖盘
10:14:38,102.92,-0.04,1,10292,卖盘
10:14:41,102.91,-0.01,9,92635,卖盘
10:14:53,102.93,0.02,6,61768,卖盘
10:14:56,103.0,0.07,35,356050,买盘
10:14:59,103.0,0.0,3,30900,卖盘
10:15:02,103.02,0.02,5,51504,中性盘
10:15:05,103.13,0.11,11,113389,买盘
10:15:08,102.98,-0.15,9,97125,卖盘
10:15:11,102.98,0.0,2,20596,买盘
10:15:14,103.0,0.02,4,36769,买盘
10:15:19,102.98,-0.02,2,20596,卖盘
10:15:26,102.98,0.0,2,20596,卖盘
10:15:29,102.98,0.0,6,61824,卖盘
10:15:32,102.93,-0.05,15,154452,卖盘
10:15:35,102.98,0.05,11,113278,买盘
10:15:39,102.93,-0.05,2,20586,卖盘
10:15:41,102.98,0.05,8,82353,买盘
10:15:43,103.0,0.02,13,133877,买盘
10:15:47,103.01,0.01,1,10301,中性盘
10:15:49,103.0,-0.01,6,61800,卖盘
10:15:53,103.0,0.0,7,72100,卖盘
10:15:56,103.0,0.0,3,30900,卖盘
10:15:59,103.0,0.0,6,61803,卖盘
10:16:02,103.01,0.01,1,10301,买盘
10:16:05,103.0,-0.01,3,30900,卖盘
10:16:07,103.0,0.0,2,20601,卖盘
10:16:11,103.01,0.01,13,133906,买盘
10:16:17,103.01,0.0,1,10301,卖盘
10:16:20,103.01,0.0,2,20602,卖盘
10:16:22,103.08,0.07,8,82422,买盘
10:16:26,103.0,-0.08,2,20600,卖盘
10:16:29,102.98,-0.02,6,61798,卖盘
10:16:32,103.02,0.04,4,41208,买盘
10:16:35,102.98,-0.04,4,41198,卖盘
10:16:38,102.96,-0.02,1,10296,卖盘
10:16:40,102.95,-0.01,2,20591,卖盘
10:16:44,102.95,0.0,10,102949,中性盘
10:16:47,102.95,0.0,13,133843,买盘
10:16:50,102.96,0.01,2,20592,买盘
10:16:52,102.93,-0.03,8,82345,卖盘
10:16:56,102.93,0.0,4,41173,卖盘
10:17:02,102.94,0.01,2,20588,买盘
10:17:05,102.94,0.0,11,113234,买盘
10:17:08,102.93,-0.01,7,72053,卖盘
10:17:11,102.93,0.0,27,278025,卖盘
10:17:14,102.94,0.01,7,72064,卖盘
10:17:17,102.93,-0.01,2,20586,卖盘
10:17:20,102.94,0.01,2,20589,中性盘
10:17:23,102.93,-0.01,5,51466,卖盘
10:17:29,102.95,0.02,3,30885,卖盘
10:17:32,102.96,0.01,6,61774,中性盘
10:17:35,102.96,0.0,5,51480,卖盘
10:17:38,102.95,-0.01,8,82369,卖盘
10:17:40,102.94,-0.01,10,102949,卖盘
10:17:44,102.95,0.01,1,10295,中性盘
10:17:47,102.97,0.02,1,10297,买盘
10:17:50,102.94,-0.03,17,175003,卖盘
10:17:53,102.97,0.03,19,195627,买盘
10:17:56,102.97,0.0,5,51477,买盘
10:17:59,102.97,0.0,12,123558,买盘
10:18:02,102.97,0.0,1,10297,卖盘
10:18:04,102.97,0.0,1,10297,卖盘
10:18:09,102.97,0.0,1,10297,卖盘
10:18:11,102.97,0.0,12,123567,卖盘
10:18:14,103.0,0.03,3,30898,买盘
10:18:17,103.0,0.0,1,10300,卖盘
10:18:20,103.0,0.0,7,72100,卖盘
10:18:23,103.0,0.0,8,82400,卖盘
10:18:26,103.0,0.0,5,51500,卖盘
10:18:29,103.02,0.02,3,30906,买盘
10:18:32,102.97,-0.05,15,154506,卖盘
10:18:35,103.02,0.05,1,10302,卖盘
10:18:37,103.03,0.01,7,72117,买盘
10:18:41,102.97,-0.06,7,72098,卖盘
10:18:43,102.95,-0.02,5,51481,卖盘
10:18:47,102.97,0.02,2,20594,卖盘
10:18:50,102.96,-0.01,6,61789,卖盘
10:18:53,103.03,0.07,5,51504,买盘
10:18:59,102.97,-0.06,4,41187,卖盘
10:19:02,102.97,0.0,4,41190,卖盘
10:19:05,103.05,0.08,8,82378,买盘
10:19:08,102.97,-0.08,6,61822,卖盘
10:19:11,102.99,0.02,3,30897,卖盘
10:19:13,103.0,0.01,7,72086,买盘
10:19:17,103.0,0.0,1,10300,中性盘
10:19:22,103.0,0.0,9,92679,买盘
10:19:26,102.96,-0.04,3,30892,卖盘
10:19:28,102.95,-0.01,4,41180,卖盘
10:19:32,102.96,0.01,9,92664,中性盘
10:19:35,102.97,0.01,5,51478,买盘
10:19:41,102.95,-0.02,49,504532,卖盘
10:19:46,102.97,0.02,1,10297,买盘
10:19:49,102.94,-0.03,6,61773,卖盘
10:19:56,102.95,0.01,3,30885,买盘
10:19:59,102.95,0.0,4,41179,中性盘
10:20:02,102.97,0.02,10,102970,买盘
10:20:05,102.97,0.0,4,41188,卖盘
10:20:07,102.97,0.0,2,20594,卖盘
10:20:11,102.98,0.01,8,82394,中性盘
10:20:14,103.04,0.06,2,20602,买盘
10:20:23,102.97,-0.07,2,20595,卖盘
10:20:26,102.97,0.0,5,51491,中性盘
10:20:29,102.98,0.01,4,41192,卖盘
10:20:32,102.99,0.01,1,10299,中性盘
10:20:41,102.98,-0.01,13,133901,卖盘
10:20:43,102.98,0.0,2,20596,卖盘
10:20:47,103.0,0.02,8,82389,买盘
10:20:50,102.98,-0.02,2,20599,卖盘
10:20:56,103.03,0.05,5,51499,买盘
10:21:02,103.03,0.0,7,72097,买盘
10:21:11,103.0,-0.03,9,92687,买盘
10:21:16,103.0,0.0,7,72089,买盘
10:21:20,102.99,-0.01,2,20597,买盘
10:21:23,103.0,0.01,1,10300,买盘
10:21:31,103.0,0.0,9,92683,买盘
10:21:35,102.97,-0.03,6,61782,卖盘
10:21:38,102.96,-0.01,4,41186,卖盘
10:21:41,102.96,0.0,10,102960,卖盘
10:21:44,102.95,-0.01,17,175015,卖盘
10:21:46,102.94,-0.01,28,288236,卖盘
10:21:50,102.94,0.0,22,226472,卖盘
10:21:53,102.92,-0.02,71,730793,卖盘
10:21:56,102.91,-0.01,7,72042,卖盘
10:22:00,102.91,0.0,12,123501,卖盘
10:22:02,102.91,0.0,5,51458,卖盘
10:22:05,102.93,0.02,22,226441,买盘
10:22:07,102.93,0.0,10,102930,买盘
10:22:10,102.92,-0.01,8,82336,卖盘
10:22:14,102.91,-0.01,10,102916,卖盘
10:22:17,102.91,0.0,30,308730,卖盘
10:22:20,102.91,0.0,25,257285,卖盘
10:22:23,102.92,0.01,7,72039,买盘
10:22:25,102.91,-0.01,10,102902,中性盘
10:22:30,102.92,0.01,5,51453,买盘
10:22:32,102.92,0.0,28,288144,买盘
10:22:35,102.92,0.0,7,72044,买盘
10:22:38,102.9,-0.02,2,20581,卖盘
10:22:41,102.92,0.02,6,61747,买盘
10:22:44,102.9,-0.02,4,41161,卖盘
10:22:47,102.91,0.01,3,30872,买盘
10:22:50,102.9,-0.01,1,10290,卖盘
10:22:53,102.9,0.0,18,185230,卖盘
10:22:56,102.9,0.0,2,20580,卖盘
10:22:57,102.91,0.01,4,41164,买盘
10:23:02,102.91,0.0,3,30873,卖盘
10:23:07,102.9,-0.01,3,30871,卖盘
10:23:11,102.9,0.0,7,72031,卖盘
10:23:14,102.9,0.0,8,82323,卖盘
10:23:16,102.9,0.0,5,51451,卖盘
10:23:20,102.9,0.0,1,10290,卖盘
10:23:22,102.9,0.0,8,82320,卖盘
10:23:29,102.91,0.01,13,133781,买盘
10:23:31,102.9,-0.01,5,51450,卖盘
10:23:38,102.92,0.02,5,51460,买盘
10:23:44,102.9,-0.02,3,30872,卖盘
10:23:46,102.92,0.02,3,30874,买盘
10:23:49,102.9,-0.02,1,10290,卖盘
10:23:53,102.9,0.0,11,113204,卖盘
10:23:56,102.92,0.02,1,10292,买盘
10:23:59,102.92,0.0,2,20584,买盘
10:24:02,102.9,-0.02,7,72033,卖盘
10:24:05,102.91,0.01,1,10291,中性盘
10:24:08,102.9,-0.01,4,41160,卖盘
10:24:10,102.92,0.02,31,319049,买盘
10:24:14,102.92,0.0,5,51457,买盘
10:24:17,102.92,0.0,7,72044,买盘
10:24:19,102.92,0.0,5,51460,买盘
10:24:22,102.92,0.0,4,41168,买盘
10:24:26,102.93,0.01,11,113223,买盘
10:24:32,102.91,-0.02,14,144093,卖盘
10:24:35,102.91,0.0,2,20582,买盘
10:24:43,102.92,0.01,5,51456,买盘
10:24:46,102.92,0.0,3,30876,买盘
10:24:50,102.92,0.0,4,41167,买盘
10:24:53,102.92,0.0,10,102911,买盘
10:24:56,102.9,-0.02,12,123487,卖盘
10:24:58,102.92,0.02,3,30874,买盘
10:25:01,102.9,-0.02,9,92616,卖盘
10:25:05,102.93,0.03,8,82344,买盘
10:25:10,102.93,0.0,5,51463,买盘
10:25:13,102.91,-0.02,5,51458,卖盘
10:25:16,102.91,0.0,3,30875,卖盘
10:25:20,102.9,-0.01,45,463053,卖盘
10:25:23,102.91,0.01,7,72033,中性盘
10:25:28,102.92,0.01,10,102911,买盘
10:25:32,102.93,0.01,13,133800,买盘
10:25:40,102.91,-0.02,6,61746,卖盘
10:25:44,102.9,-0.01,8,82327,卖盘
10:25:47,102.93,0.03,6,61752,买盘
10:26:01,102.93,0.0,4,41167,买盘
10:26:05,102.93,0.0,1,10293,买盘
10:26:08,102.93,0.0,1,10293,买盘
10:26:11,102.93,0.0,20,204821,买盘
10:26:14,102.91,-0.02,4,42196,卖盘
10:26:17,102.91,0.0,2,19552,买盘
10:26:22,102.92,0.01,1,10292,买盘
10:26:26,102.91,-0.01,5,51455,卖盘
10:26:29,102.92,0.01,1,10292,买盘
10:26:32,102.9,-0.02,17,174941,卖盘
10:26:34,102.92,0.02,5,51460,买盘
10:26:38,102.9,-0.02,2,20580,卖盘
10:26:44,102.9,0.0,4,41161,卖盘
10:26:47,102.92,0.02,15,154379,买盘
10:26:50,102.93,0.01,1,10293,卖盘
10:26:53,102.93,0.0,4,41169,买盘
10:26:56,102.92,-0.01,3,30876,卖盘
10:26:59,102.9,-0.02,62,638010,卖盘
10:27:02,102.9,0.0,5,51450,卖盘
10:27:04,102.9,0.0,9,92610,卖盘
10:27:08,102.9,0.0,19,195510,卖盘
10:27:11,102.9,0.0,34,349860,卖盘
10:27:15,102.9,0.0,16,164641,卖盘
10:27:16,102.9,0.0,9,92610,卖盘
10:27:20,102.88,-0.02,12,123471,卖盘
10:27:23,102.88,0.0,14,144032,卖盘
10:27:26,102.91,0.03,1,10291,买盘
10:27:29,102.88,-0.03,3,30864,卖盘
10:27:31,102.88,0.0,18,185192,卖盘
10:27:34,102.9,0.02,3,30870,买盘
10:27:38,102.9,0.0,1,10290,买盘
10:27:41,102.9,0.0,1,10290,买盘
10:27:44,102.88,-0.02,7,72017,卖盘
10:27:47,102.9,0.02,6,61740,买盘
10:27:49,102.9,0.0,2,20580,卖盘
10:27:53,102.88,-0.02,5,51442,卖盘
10:27:59,102.9,0.02,1,10290,卖盘
10:28:02,102.88,-0.02,78,802466,卖盘
10:28:05,102.9,0.02,15,154334,买盘
10:28:07,102.89,-0.01,3,30865,中性盘
10:28:11,102.88,-0.01,5,51442,卖盘
10:28:14,102.88,0.0,5,51442,卖盘
10:28:17,102.9,0.02,5,51450,买盘
10:28:20,102.88,-0.02,2,20576,卖盘
10:28:23,102.88,0.0,11,113176,卖盘
10:28:29,102.9,0.02,3,30870,买盘
10:28:32,102.9,0.0,9,92614,买盘
10:28:38,102.92,0.02,11,113212,买盘
10:28:41,102.9,-0.02,2,20580,卖盘
10:28:47,102.91,0.01,5,51449,中性盘
10:28:50,102.92,0.01,4,41168,买盘
10:28:56,102.92,0.0,1,10292,卖盘
10:29:02,102.91,-0.01,7,72039,卖盘
10:29:05,102.91,0.0,5,51463,卖盘
10:29:08,102.91,0.0,5,51457,买盘
10:29:11,102.93,0.02,13,133781,买盘
10:29:14,102.91,-0.02,6,61746,卖盘
10:29:17,102.9,-0.01,7,72035,卖盘
10:29:19,102.9,0.0,2,20580,卖盘
10:29:23,102.9,0.0,10,102913,卖盘
10:29:26,102.9,0.0,2,20580,卖盘
10:29:29,102.93,0.03,7,72042,买盘
10:29:31,102.9,-0.03,11,113193,卖盘
10:29:35,102.9,0.0,4,41160,卖盘
10:29:38,102.93,0.03,4,41172,买盘
10:29:43,102.92,-0.01,2,20584,中性盘
10:29:47,102.9,-0.02,4,41166,卖盘
10:29:53,102.91,0.01,4,41166,中性盘
10:29:56,102.9,-0.01,1,10290,卖盘
10:29:59,102.9,0.0,2,20580,卖盘
10:30:02,102.92,0.02,2,20582,买盘
10:30:05,102.9,-0.02,22,226392,卖盘
10:30:07,102.9,0.0,3,30872,卖盘
10:30:11,102.89,-0.01,75,771745,卖盘
10:30:14,102.89,0.0,4,41153,中性盘
10:30:17,102.88,-0.01,9,92599,卖盘
10:30:20,102.89,0.01,2,20578,中性盘
10:30:22,102.9,0.01,14,144056,买盘
10:30:26,102.88,-0.02,4,41152,卖盘
10:30:28,102.88,0.0,3,30864,卖盘
10:30:32,102.88,0.0,19,195480,卖盘
10:30:35,102.88,0.0,9,92592,卖盘
10:30:37,102.89,0.01,15,154335,买盘
10:30:41,102.88,-0.01,3,30865,卖盘
10:30:44,102.89,0.01,11,113179,买盘
10:30:47,102.88,-0.01,5,51440,卖盘
10:30:50,102.89,0.01,16,164624,买盘
10:30:53,102.9,0.01,15,154340,买盘
10:30:56,102.9,0.0,12,123480,买盘
10:30:58,102.92,0.02,65,668848,买盘
10:31:02,102.93,0.01,5,51453,买盘
10:31:05,102.92,-0.01,4,41168,卖盘
10:31:07,102.93,0.01,9,92637,买盘
10:31:11,102.93,0.0,12,123516,卖盘
10:31:14,102.94,0.01,4,41176,买盘
10:31:17,102.9,-0.04,19,195556,卖盘
10:31:20,102.92,0.02,1,10292,买盘
10:31:23,102.94,0.02,12,123513,买盘
10:31:26,102.93,-0.01,1,10293,中性盘
10:31:28,102.92,-0.01,3,30876,卖盘
10:31:31,102.94,0.02,18,185236,买盘
10:31:35,102.93,-0.01,8,82348,卖盘
10:31:38,102.93,0.0,6,61766,卖盘
10:31:41,102.94,0.01,10,102920,买盘
10:31:46,102.88,-0.06,57,586525,卖盘
10:31:50,102.9,0.02,129,1326963,买盘
10:31:53,102.85,-0.05,164,1686765,卖盘
10:31:56,102.82,-0.03,151,1553259,卖盘
10:31:59,102.84,0.02,1,10284,中性盘
10:32:05,102.82,-0.02,8,82251,买盘
10:32:08,102.84,0.02,7,71978,买盘
10:32:11,102.81,-0.03,30,308430,卖盘
10:32:17,102.8,-0.01,317,3258948,卖盘
10:32:20,102.79,-0.01,1,10279,中性盘
10:32:23,102.77,-0.02,27,277499,卖盘
10:32:26,102.76,-0.01,9,92499,卖盘
10:32:29,102.74,-0.02,16,164400,卖盘
10:32:32,102.79,0.05,4,41107,买盘
10:32:35,102.74,-0.05,5,51375,卖盘
10:32:43,102.74,0.0,1,10274,卖盘
10:32:47,102.74,0.0,3,30830,中性盘
10:32:50,102.73,-0.01,2,20547,卖盘
10:32:53,102.75,0.02,78,806549,中性盘
10:32:55,102.75,0.0,1,10275,卖盘
10:32:59,102.75,0.0,7,71925,卖盘
10:33:01,102.76,0.01,34,349351,买盘
10:33:05,102.74,-0.02,27,277424,卖盘
10:33:08,102.75,0.01,3,30825,中性盘
10:33:11,102.7,-0.05,19,195152,卖盘
10:33:17,102.74,0.04,3,30822,卖盘
10:33:20,102.74,0.0,10,102716,卖盘
10:33:26,102.7,-0.04,1,10270,卖盘
10:33:29,102.7,0.0,3,30810,卖盘
10:33:32,102.71,0.01,16,164324,买盘
10:33:35,102.7,-0.01,12,117900,卖盘
10:33:38,102.69,-0.01,1,10269,中性盘
10:33:40,102.7,0.01,17,176312,买盘
10:33:44,102.7,0.0,2,20540,买盘
10:33:49,102.69,-0.01,8,82155,中性盘
10:33:53,102.68,-0.01,7,71865,中性盘
10:33:56,102.67,-0.01,16,164308,卖盘
10:33:58,102.68,0.01,4,41063,中性盘
10:34:02,102.67,-0.01,2,20534,中性盘
10:34:05,102.68,0.01,14,143740,买盘
10:34:08,102.66,-0.02,15,153984,买盘
10:34:11,102.64,-0.02,3,29049,卖盘
10:34:13,102.64,0.0,2,20529,卖盘
10:34:16,102.63,-0.01,1,10263,卖盘
10:34:23,102.62,-0.01,5,51314,卖盘
10:34:26,102.63,0.01,3,30789,买盘
10:34:29,102.62,-0.01,12,123146,卖盘
10:34:31,102.61,-0.01,10,102612,卖盘
10:34:35,102.61,0.0,8,82088,买盘
10:34:38,102.6,-0.01,7,71820,卖盘
10:34:41,102.6,0.0,3,30780,卖盘
10:34:44,102.61,0.01,10,102609,买盘
10:34:47,102.61,0.0,5,51301,买盘
10:34:50,102.6,-0.01,22,225723,卖盘
10:34:53,102.6,0.0,4,41042,卖盘
10:34:56,102.62,0.02,74,759241,买盘
10:34:59,102.6,-0.02,20,205220,卖盘
10:35:02,102.6,0.0,1,10260,卖盘
10:35:04,102.6,0.0,45,461639,卖盘
10:35:08,102.6,0.0,1,10260,买盘
10:35:11,102.58,-0.02,8,82073,卖盘
10:35:17,102.6,0.02,5,51301,卖盘
10:35:23,102.61,0.01,2,20521,买盘
10:35:26,102.58,-0.03,10,102592,卖盘
10:35:28,102.61,0.03,3,30783,买盘
10:35:32,102.6,-0.01,12,123124,卖盘
10:35:35,102.61,0.01,7,71827,买盘
10:35:37,102.61,0.0,5,51305,买盘
10:35:41,102.58,-0.03,6,61554,卖盘
10:35:44,102.58,0.0,4,41039,卖盘
10:35:47,102.6,0.02,21,215458,中性盘
10:35:49,102.56,-0.04,9,92323,卖盘
10:35:55,102.59,0.03,1,10259,卖盘
10:35:58,102.58,-0.01,3,30775,卖盘
10:36:02,102.58,0.0,2,20516,买盘
10:36:05,102.56,-0.02,4,41030,卖盘
10:36:08,102.58,0.02,1,10258,中性盘
10:36:11,102.55,-0.03,21,216616,卖盘
10:36:14,102.55,0.0,6,61530,卖盘
10:36:17,102.55,0.0,1,10255,卖盘
10:36:19,102.55,0.0,10,102555,卖盘
10:36:23,102.56,0.01,6,61531,买盘
10:36:26,102.56,0.0,6,61536,买盘
10:36:29,102.56,0.0,44,451454,中性盘
10:36:31,102.56,0.0,4,41022,卖盘
10:36:40,102.59,0.03,6,61559,卖盘
10:36:44,102.56,-0.03,21,210468,卖盘
10:36:56,102.56,0.0,19,194864,卖盘
10:36:59,102.56,0.0,6,61544,卖盘
10:37:02,102.55,-0.01,41,420486,卖盘
10:37:04,102.56,0.01,4,41024,中性盘
10:37:08,102.64,0.08,8,82105,买盘
10:37:11,102.64,0.0,12,123124,买盘
10:37:14,102.64,0.0,5,51320,买盘
10:37:16,102.64,0.0,2,20528,买盘
10:37:20,102.63,-0.01,18,184745,中性盘
10:37:23,102.61,-0.02,7,71827,卖盘
10:37:26,102.63,0.02,3,30789,卖盘
10:37:28,102.61,-0.02,29,297573,卖盘
10:37:32,102.61,0.0,4,41044,卖盘
10:37:34,102.63,0.02,1,10263,中性盘
10:37:38,102.64,0.01,3,30792,买盘
10:37:41,102.61,-0.03,11,112875,卖盘
10:37:47,102.64,0.03,1,10264,买盘
10:37:50,102.66,0.02,20,205276,买盘
10:37:55,102.66,0.0,1,10266,卖盘
10:37:59,102.64,-0.02,9,92400,卖盘
10:38:07,102.66,0.02,2,20533,卖盘
10:38:10,102.64,-0.02,2,20528,卖盘
10:38:14,102.66,0.02,6,61589,买盘
10:38:20,102.63,-0.03,2,20528,卖盘
10:38:22,102.65,0.02,8,82108,买盘
10:38:28,102.64,-0.01,2,20528,买盘
10:38:31,102.62,-0.02,22,225782,卖盘
10:38:35,102.63,0.01,2,20525,买盘
10:38:41,102.62,-0.01,11,112916,卖盘
10:38:46,102.63,0.01,6,61578,卖盘
10:38:50,102.63,0.0,10,102630,买盘
10:38:53,102.61,-0.02,9,92360,卖盘
10:38:58,102.61,0.0,11,112880,卖盘
10:39:02,102.63,0.02,6,61568,中性盘
10:39:05,102.58,-0.05,43,441172,卖盘
10:39:07,102.59,0.01,7,71813,买盘
10:39:11,102.58,-0.01,2,20516,卖盘
10:39:14,102.59,0.01,1,10259,买盘
10:39:17,102.59,0.0,5,51293,买盘
10:39:23,102.59,0.0,4,41036,买盘
10:39:29,102.57,-0.02,6,61547,卖盘
10:39:32,102.58,0.01,5,51287,中性盘
10:39:38,102.58,0.0,8,82053,买盘
10:39:41,102.56,-0.02,5,51280,卖盘
10:39:44,102.58,0.02,7,71794,买盘
10:39:46,102.58,0.0,1,10258,买盘
10:39:52,102.57,-0.01,3,30771,买盘
10:39:56,102.56,-0.01,40,410240,卖盘
10:39:59,102.55,-0.01,11,112811,卖盘
10:40:01,102.56,0.01,19,194854,买盘
10:40:07,102.55,-0.01,7,71785,卖盘
10:40:10,102.55,0.0,19,194850,卖盘
10:40:14,102.56,0.01,25,256379,买盘
10:40:17,102.56,0.0,4,41024,买盘
10:40:23,102.54,-0.02,14,143568,卖盘
10:40:26,102.54,0.0,2,24206,卖盘
10:40:29,102.56,0.02,3,27074,卖盘
10:40:32,102.56,0.0,4,41024,卖盘
10:40:46,102.57,0.01,3,34460,买盘
10:40:53,102.57,0.0,13,133326,买盘
10:40:56,102.56,-0.01,3,30767,买盘
10:40:59,102.57,0.01,25,252741,买盘
10:41:02,102.54,-0.03,68,697291,卖盘
10:41:05,102.59,0.05,46,471776,买盘
10:41:11,102.59,0.0,5,51295,卖盘
10:41:14,102.59,0.0,4,41036,卖盘
10:41:26,102.64,0.05,3,30792,买盘
10:41:29,102.64,0.0,2,20528,卖盘
10:41:31,102.64,0.0,7,71848,卖盘
10:41:35,102.65,0.01,5,51325,买盘
10:41:37,102.65,0.0,11,112912,买盘
10:41:43,102.66,0.01,12,123192,买盘
10:41:47,102.68,0.02,5,51338,买盘
10:41:49,102.7,0.02,3,30806,买盘
10:41:52,102.71,0.01,10,102694,买盘
10:42:02,102.68,-0.03,3,30804,卖盘
10:42:05,102.71,0.03,1,10271,中性盘
10:42:11,102.71,0.0,3,30813,卖盘
10:42:14,102.89,0.18,7,71917,买盘
10:42:32,102.69,-0.2,2,20538,卖盘
10:42:34,102.88,0.19,5,51440,买盘
10:42:41,102.88,0.0,3,30864,买盘
10:42:47,102.88,0.0,3,30864,买盘
10:42:53,102.88,0.0,1,10288,买盘
10:43:02,102.88,0.0,4,41102,买盘
10:43:05,102.8,-0.08,49,503736,中性盘
10:43:07,102.87,0.07,3,30861,买盘
10:43:11,102.87,0.0,6,61722,买盘
10:43:14,102.88,0.01,8,82304,买盘
10:43:17,102.88,0.0,12,123456,买盘
10:43:19,102.89,0.01,3,30867,买盘
10:43:23,102.89,0.0,9,92601,买盘
10:43:26,102.88,-0.01,4,41155,卖盘
10:43:28,102.88,0.0,4,41151,买盘
10:43:32,102.89,0.01,10,102869,买盘
10:43:35,102.85,-0.04,7,71975,卖盘
10:43:44,102.85,0.0,3,30863,卖盘
10:43:47,102.89,0.04,4,41156,买盘
10:43:55,102.89,0.0,1,10289,买盘
10:43:58,102.89,0.0,1,10289,买盘
10:44:02,102.88,-0.01,7,72016,卖盘
10:44:05,102.85,-0.03,3,30858,卖盘
10:44:11,102.88,0.03,4,41152,买盘
10:44:16,102.87,-0.01,6,61722,卖盘
10:44:20,102.88,0.01,7,72016,买盘
10:44:23,102.88,0.0,9,92573,买盘
10:44:28,102.8,-0.08,2,20560,卖盘
10:44:32,102.8,0.0,8,82247,卖盘
10:44:35,102.87,0.07,3,30854,买盘
10:44:50,102.81,-0.06,1,10281,卖盘
10:44:52,102.8,-0.01,3,30840,卖盘
10:44:55,102.87,0.07,2,20574,买盘
10:45:02,102.8,-0.07,8,82241,卖盘
10:45:04,102.8,0.0,39,400920,卖盘
10:45:08,102.78,-0.02,196,2014876,卖盘
10:45:11,102.7,-0.08,6,61640,卖盘
10:45:14,102.7,0.0,2,20540,买盘
10:45:17,102.69,-0.01,8,82152,卖盘
10:45:20,102.7,0.01,1,10270,买盘
10:45:23,102.69,-0.01,6,61618,卖盘
10:45:29,102.8,0.11,12,123349,买盘
10:45:32,102.7,-0.1,7,71890,卖盘
10:45:35,102.69,-0.01,4,41079,卖盘
10:45:41,102.69,0.0,4,41076,卖盘
10:45:43,102.69,0.0,9,92421,卖盘
10:45:47,102.7,0.01,1,10270,买盘
10:45:53,102.69,-0.01,1,10269,卖盘
10:45:56,102.69,0.0,2,20538,卖盘
10:45:58,102.69,0.0,11,112960,卖盘
10:46:02,102.68,-0.01,6,61608,卖盘
10:46:05,102.69,0.01,2,20537,买盘
10:46:11,102.66,-0.03,16,164272,卖盘
10:46:17,102.66,0.0,3,30799,卖盘
10:46:19,102.67,0.01,1,10267,买盘
10:46:23,102.67,0.0,3,30801,买盘
10:46:25,102.67,0.0,5,51335,买盘
10:46:32,102.66,-0.01,8,82129,卖盘
10:46:35,102.67,0.01,9,92395,买盘
10:46:38,102.67,0.0,11,112937,卖盘
10:46:40,102.66,-0.01,2,20533,卖盘
10:46:43,102.67,0.01,1,10267,买盘
10:46:46,102.67,0.0,1,10267,买盘
10:46:52,102.67,0.0,2,20534,买盘
10:46:56,102.67,0.0,4,41068,买盘
10:47:02,102.69,0.02,18,184821,买盘
10:47:08,102.67,-0.02,9,92403,买盘
10:47:11,102.67,0.0,1,10267,买盘
10:47:14,102.68,0.01,36,369624,买盘
10:47:17,102.67,-0.01,1,10267,买盘
10:47:22,102.67,0.0,7,71865,买盘
10:47:29,102.66,-0.01,5,51330,卖盘
10:47:32,102.67,0.01,1,10267,买盘
10:47:34,102.67,0.0,9,92397,买盘
10:47:38,102.65,-0.02,1,10265,卖盘
10:47:47,102.67,0.04,7,71869,买盘
10:47:50,102.69,0.02,2,20538,买盘
10:47:53,102.67,-0.02,9,92403,卖盘
10:47:56,102.69,0.02,3,30805,买盘
10:47:59,102.7,0.01,12,123225,买盘
10:48:02,102.67,-0.03,4,41070,卖盘
10:48:08,102.7,0.03,2,20540,买盘
10:48:10,102.67,-0.03,13,133487,卖盘
10:48:14,102.67,0.0,3,30807,卖盘
10:48:20,102.67,0.0,2,20534,卖盘
10:48:23,102.69,0.02,1,10269,买盘
10:48:32,102.68,-0.01,3,30804,卖盘
10:48:35,102.69,0.01,7,71877,买盘
10:48:38,102.69,0.0,6,61613,买盘
10:48:41,102.69,0.0,1,10269,买盘
10:48:52,102.69,0.0,11,112959,买盘
10:48:56,102.68,-0.01,9,92414,卖盘
10:49:02,102.68,0.0,7,71870,买盘
10:49:05,102.67,-0.01,46,472291,卖盘
10:49:08,102.69,0.02,54,554433,买盘
10:49:11,102.69,0.0,8,82145,买盘
10:49:14,102.69,0.0,5,51345,买盘
10:49:17,102.69,0.0,4,41076,买盘
10:49:19,102.75,0.06,76,780530,买盘
10:49:22,102.8,0.05,10,102800,买盘
10:49:29,102.8,0.0,8,82240,买盘
10:49:32,102.8,0.0,6,61660,买盘
10:49:35,102.75,-0.05,29,298080,卖盘
10:49:38,102.8,0.05,1,10280,买盘
10:49:40,102.75,-0.05,5,51395,卖盘
10:49:43,102.8,0.05,2,20560,买盘
10:49:50,102.8,0.0,1,10280,买盘
10:50:02,102.8,0.0,6,61658,买盘
10:50:04,102.8,0.0,1,10280,买盘
10:50:11,102.73,-0.07,1,10273,中性盘
10:50:17,102.73,0.0,14,143847,卖盘
10:50:20,102.76,0.03,3,30822,中性盘
10:50:23,102.71,-0.05,5,51359,卖盘
10:50:28,102.74,0.03,4,41082,买盘
10:50:32,102.72,-0.02,2,16433,中性盘
10:50:35,102.73,0.01,8,82146,中性盘
10:50:38,102.73,0.0,35,359375,买盘
10:50:41,102.72,-0.01,12,123285,卖盘
10:50:43,102.73,0.01,3,30807,中性盘
10:50:46,102.7,-0.03,1,10270,买盘
10:50:53,102.68,-0.02,1,10268,买盘
10:50:56,102.68,0.0,3,30804,买盘
10:50:59,102.68,0.0,1,10268,买盘
10:51:02,102.68,0.0,10,102677,买盘
10:51:05,102.68,0.0,39,400417,买盘
10:51:07,102.68,0.0,4,41078,卖盘
10:51:10,102.7,0.02,5,51350,买盘
10:51:14,102.7,0.0,6,61620,卖盘
10:51:17,102.73,0.03,2,20546,买盘
10:51:34,102.7,-0.03,6,61620,卖盘
10:51:37,102.73,0.03,4,41090,买盘
10:51:47,102.68,-0.05,5,51340,卖盘
10:51:50,102.72,0.04,1,10272,买盘
10:51:59,102.72,0.0,4,41084,买盘
10:52:02,102.68,-0.04,7,71892,卖盘
10:52:05,102.68,0.0,2,20538,卖盘
10:52:08,102.72,0.04,4,41075,买盘
10:52:14,102.68,-0.04,16,164304,卖盘
10:52:22,102.67,-0.01,2,20534,卖盘
10:52:26,102.68,0.01,18,184820,买盘
10:52:28,102.68,0.0,2,20536,买盘
10:52:32,102.67,-0.01,5,51335,卖盘
10:52:35,102.68,0.01,13,133474,买盘
10:52:38,102.67,-0.01,2,20535,卖盘
10:52:40,102.67,0.0,3,30801,卖盘
10:52:46,102.68,0.01,15,154016,买盘
10:52:58,102.68,0.0,10,102671,买盘
10:53:01,102.67,-0.01,4,41068,卖盘
10:53:05,102.68,0.01,108,1108853,买盘
10:53:08,102.68,0.0,21,215617,买盘
10:53:11,102.67,-0.01,3,30802,卖盘
10:53:14,102.68,0.01,8,82138,买盘
10:53:17,102.67,-0.01,5,51335,卖盘
10:53:20,102.68,0.01,7,71870,买盘
10:53:23,102.67,-0.01,13,133476,卖盘
10:53:25,102.68,0.01,10,102675,买盘
10:53:28,102.67,-0.01,23,240262,卖盘
10:53:31,102.67,0.0,36,365493,买盘
10:53:34,102.68,0.01,13,133493,卖盘
10:53:41,102.67,-0.01,4,41070,卖盘
10:53:43,102.69,0.02,1,10269,中性盘
10:53:47,102.65,-0.04,1,10265,卖盘
10:54:02,102.68,0.03,3,30804,卖盘
10:54:04,102.68,0.0,1,10268,中性盘
10:54:08,102.67,-0.01,1,10267,买盘
10:54:10,102.66,-0.01,4,41064,中性盘
10:54:16,102.67,0.01,6,61597,买盘
10:54:20,102.67,0.0,2,20534,买盘
10:54:22,102.67,0.0,11,112928,买盘
10:54:26,102.67,0.0,4,41068,买盘
10:54:29,102.67,0.0,7,71869,买盘
10:54:31,102.67,0.0,11,112938,卖盘
10:54:34,102.63,-0.04,3,30789,卖盘
10:54:38,102.67,0.04,6,61594,买盘
10:54:41,102.6,-0.07,4,41045,卖盘
10:54:47,102.67,0.07,6,61602,买盘
10:54:50,102.67,0.0,4,41068,买盘
10:54:52,102.67,0.0,5,51335,买盘
10:54:56,102.67,0.0,2,20534,买盘
10:54:59,102.61,-0.06,3,30795,卖盘
10:55:01,102.67,0.06,12,123135,买盘
10:55:05,102.6,-0.07,12,123134,卖盘
10:55:08,102.61,0.01,13,133393,买盘
10:55:11,102.61,0.0,12,123132,买盘
10:55:14,102.61,0.0,1,10261,买盘
10:55:17,102.6,-0.01,6,61565,卖盘
10:55:20,102.6,0.0,12,123122,卖盘
10:55:23,102.6,0.0,1,10260,卖盘
10:55:25,102.61,0.01,1,10261,买盘
10:55:32,102.61,0.0,32,328345,买盘
10:55:35,102.61,0.0,3,30783,买盘
10:55:38,102.66,0.05,10,102619,买盘
10:55:50,102.66,0.0,9,92394,买盘
10:55:52,102.65,-0.01,9,92367,卖盘
10:56:05,102.61,-0.04,3,30783,卖盘
10:56:11,102.63,0.02,7,71841,卖盘
10:56:13,102.65,0.02,5,51320,中性盘
10:56:17,102.66,0.01,6,61571,买盘
10:56:22,102.61,-0.05,1,10261,卖盘
10:56:26,102.61,0.0,53,543843,卖盘
10:56:28,102.58,-0.03,121,1243373,卖盘
10:56:31,102.58,0.0,238,2440290,买盘
10:56:35,102.5,-0.08,201,2060296,卖盘
10:56:38,102.56,0.06,31,317917,买盘
10:56:41,102.62,0.06,85,869886,买盘
10:56:43,102.65,0.03,4,41060,买盘
10:56:47,102.66,0.01,13,133458,买盘
10:56:50,102.62,-0.04,24,246318,卖盘
10:56:52,102.66,0.04,3,30797,买盘
10:56:56,102.66,0.0,5,51330,买盘
10:57:04,102.62,-0.04,207,2124239,卖盘
10:57:08,102.66,0.04,4,41064,买盘
10:57:11,102.67,0.01,9,92400,买盘
10:57:14,102.68,0.01,1,10268,买盘
10:57:17,102.69,0.01,4,41076,买盘
10:57:19,102.65,-0.04,22,225910,卖盘
10:57:22,102.72,0.07,2,20540,买盘
10:57:29,102.71,-0.01,33,338696,买盘
10:57:32,102.71,0.0,5,53409,卖盘
10:57:35,102.55,-0.16,2,20525,卖盘
10:57:37,102.72,0.17,37,379962,买盘
10:57:41,102.72,0.0,4,41088,买盘
10:57:44,102.66,-0.06,1,10266,卖盘
10:58:02,102.55,-0.11,7,71887,卖盘
10:58:05,102.52,-0.03,6,61542,卖盘
10:58:08,102.55,0.03,8,82028,买盘
10:58:11,102.55,0.0,9,92307,卖盘
10:58:14,102.73,0.18,1,10273,买盘
10:58:16,102.72,-0.01,2,20544,中性盘
10:58:19,102.72,0.0,1,10272,中性盘
10:58:29,102.6,-0.12,3,30780,卖盘
10:58:32,102.6,0.0,5,51300,中性盘
10:58:35,102.56,-0.04,7,71789,卖盘
10:58:38,102.54,-0.02,1,10254,卖盘
10:58:40,102.54,0.0,1,10254,买盘
10:58:52,102.54,0.0,1,10254,买盘
10:58:55,102.54,0.0,2,20508,买盘
10:59:05,102.6,0.06,59,604987,买盘
10:59:07,102.6,0.0,4,41040,卖盘
10:59:11,102.7,0.1,5,51350,买盘
10:59:14,102.72,0.02,5,51360,买盘
10:59:20,102.6,-0.12,29,297570,卖盘
10:59:23,102.69,0.09,6,61626,中性盘
10:59:34,102.61,-0.08,3,30783,卖盘
10:59:38,102.67,0.06,4,41049,买盘
10:59:41,102.67,0.0,5,51335,买盘
10:59:43,102.67,0.0,1,10267,买盘
10:59:49,102.67,0.0,2,20528,买盘
10:59:53,102.67,0.0,5,51335,卖盘
10:59:56,102.61,-0.06,22,225758,卖盘
10:59:59,102.61,0.0,40,410440,买盘
11:00:02,102.6,-0.01,118,1210710,卖盘
11:00:05,102.6,0.0,30,307770,买盘
11:00:08,102.6,0.0,7,71790,买盘
11:00:11,102.59,-0.01,8,82067,中性盘
11:00:14,102.59,0.0,9,92304,中性盘
11:00:16,102.56,-0.03,3,30766,卖盘
11:00:20,102.52,-0.04,29,297314,卖盘
11:00:23,102.52,0.0,27,276830,卖盘
11:00:26,102.51,-0.01,5,51255,卖盘
11:00:28,102.5,-0.01,25,256274,卖盘
11:00:31,102.55,0.05,3,30765,中性盘
11:00:35,102.5,-0.05,4,41003,卖盘
11:00:38,102.5,0.0,3,30750,卖盘
11:00:41,102.5,0.0,18,184504,卖盘
11:00:44,102.55,0.05,21,215255,买盘
11:00:47,102.51,-0.04,157,1609347,中性盘
11:00:50,102.52,0.01,1,10252,中性盘
11:00:53,102.52,0.0,12,123040,卖盘
11:00:56,102.5,-0.02,4,41001,卖盘
11:00:58,102.5,0.0,4,41001,卖盘
11:01:05,102.48,-0.02,62,635499,卖盘
11:01:08,102.48,0.0,5,51240,卖盘
11:01:10,102.46,-0.02,12,116429,买盘
11:01:14,102.46,0.0,1,10246,买盘
11:01:16,102.45,-0.01,5,51225,卖盘
11:01:20,102.42,-0.03,9,92201,卖盘
11:01:23,102.45,0.03,1,10245,中性盘
11:01:31,102.45,0.0,13,133172,买盘
11:01:35,102.41,-0.04,5,51211,卖盘
11:01:38,102.41,0.0,4,40964,卖盘
11:01:40,102.4,-0.01,8,81924,卖盘
11:01:44,102.41,0.01,2,20482,中性盘
11:01:47,102.42,0.01,5,51208,买盘
11:01:50,102.4,-0.02,1,10240,卖盘
11:01:53,102.41,0.01,1,10241,中性盘
11:01:59,102.41,0.0,2,20482,卖盘
11:02:01,102.41,0.0,1,10241,卖盘
11:02:05,102.41,0.0,7,71687,卖盘
11:02:07,102.4,-0.01,4,40965,卖盘
11:02:10,102.4,0.0,13,133135,卖盘
11:02:17,102.43,0.03,66,676099,买盘
11:02:19,102.47,0.04,4,40980,买盘
11:02:23,102.43,-0.04,4,40972,卖盘
11:02:26,102.47,0.04,7,71729,买盘
11:02:29,102.47,0.0,1,10247,买盘
11:02:34,102.48,0.01,2,20496,买盘
11:02:38,102.48,0.0,5,51240,中性盘
11:02:41,102.48,0.0,8,81984,卖盘
11:02:47,102.49,0.01,9,92239,买盘
11:02:50,102.49,0.0,1,10249,卖盘
11:02:56,102.5,0.01,6,68060,买盘
11:03:05,102.49,-0.01,37,379247,卖盘
11:03:08,102.5,0.01,2,20500,中性盘
11:03:11,102.5,0.0,8,82000,买盘
11:03:13,102.49,-0.01,7,65184,卖盘
11:03:19,102.47,-0.02,5,51238,卖盘
11:03:28,102.47,0.0,3,30743,卖盘
11:03:37,102.43,-0.04,22,225458,卖盘
11:03:41,102.5,0.07,36,368999,卖盘
11:03:44,102.49,-0.01,1,10249,中性盘
11:03:50,102.43,-0.06,20,204867,卖盘
11:03:52,102.5,0.07,1,10250,买盘
11:03:56,102.49,-0.01,1,10249,卖盘
11:04:04,102.44,-0.05,4,40977,卖盘
11:04:10,102.46,0.02,7,71725,卖盘
11:04:17,102.49,0.03,8,81992,买盘
11:04:19,102.48,-0.01,5,51241,卖盘
11:04:23,102.49,0.01,6,61494,买盘
11:04:26,102.49,0.0,6,61496,卖盘
11:04:31,102.5,0.01,15,153746,买盘
11:04:34,102.49,-0.01,2,20498,卖盘
11:04:38,102.48,-0.01,7,71736,卖盘
11:04:44,102.5,0.02,2,20500,买盘
11:04:50,102.48,-0.02,9,92233,卖盘
11:04:52,102.49,0.01,6,61493,卖盘
11:04:59,102.48,-0.01,4,40992,卖盘
11:05:04,102.48,0.0,14,143467,卖盘
11:05:08,102.47,-0.01,2,20494,中性盘
11:05:11,102.48,0.01,14,143463,买盘
11:05:20,102.44,-0.04,6,61464,卖盘
11:05:24,102.43,-0.01,41,419971,卖盘
11:05:26,102.44,0.01,31,317535,买盘
11:05:29,102.43,-0.01,36,368750,卖盘
11:05:31,102.39,-0.04,114,1167532,卖盘
11:05:34,102.35,-0.04,34,348028,卖盘
11:05:37,102.36,0.01,4,40944,买盘
11:05:41,102.34,-0.02,2,20468,卖盘
11:05:44,102.31,-0.03,10,102318,卖盘
11:05:46,102.3,-0.01,35,358070,卖盘
11:05:49,102.29,-0.01,8,81834,卖盘
11:05:53,102.27,-0.02,11,112503,卖盘
11:05:55,102.25,-0.02,2,20450,卖盘
11:05:59,102.23,-0.02,7,71578,卖盘
11:06:02,102.27,0.04,7,71580,买盘
11:06:05,102.2,-0.07,4,40886,卖盘
11:06:08,102.27,0.07,5,51135,买盘
11:06:14,102.27,0.0,4,40899,买盘
11:06:16,102.2,-0.07,6,61340,卖盘
11:06:20,102.22,0.02,6,61332,买盘
11:06:23,102.21,-0.01,4,40887,卖盘
11:06:26,102.22,0.01,3,30666,中性盘
11:06:29,102.22,0.0,7,71554,买盘
11:06:32,102.22,0.0,26,265804,中性盘
11:06:35,102.22,0.0,4,40888,卖盘
11:06:38,102.2,-0.02,7,71551,卖盘
11:06:47,102.28,0.08,1,10228,中性盘
11:06:54,102.2,-0.08,25,255507,卖盘
11:06:56,102.29,0.09,2,20449,买盘
11:06:59,102.2,-0.09,1,10220,卖盘
11:07:02,102.2,0.0,2,20440,卖盘
11:07:05,102.19,-0.01,36,367919,卖盘
11:07:07,102.22,0.03,6,61322,中性盘
11:07:11,102.22,0.0,7,71554,卖盘
11:07:14,102.21,-0.01,3,30663,卖盘
11:07:16,102.21,0.0,3,30679,卖盘
11:07:20,102.22,0.01,1,10222,中性盘
11:07:23,102.29,0.07,18,184122,买盘
11:07:26,102.2,-0.09,9,91984,卖盘
11:07:32,102.2,0.0,10,102200,卖盘
11:07:39,102.19,-0.01,12,122638,卖盘
11:07:41,102.18,-0.01,3,30654,卖盘
11:07:46,102.18,0.0,3,30654,卖盘
11:07:54,102.18,0.0,32,326978,卖盘
11:07:56,102.11,-0.07,30,306414,卖盘
11:07:59,102.12,0.01,11,112332,买盘
11:08:02,102.11,-0.01,7,71480,卖盘
11:08:07,102.11,0.0,3,30635,卖盘
11:08:13,102.15,0.04,12,122558,买盘
11:08:16,102.14,-0.01,1,10214,中性盘
11:08:20,102.12,-0.02,20,204240,卖盘
11:08:24,102.11,-0.01,11,112324,卖盘
11:08:25,102.12,0.01,5,51060,中性盘
11:08:29,102.13,0.01,13,132767,买盘
11:08:32,102.11,-0.02,37,377807,卖盘
11:08:35,102.1,-0.01,25,255250,卖盘
11:08:38,102.1,0.0,4,40840,卖盘
11:08:40,102.1,0.0,19,193990,卖盘
11:08:44,102.1,0.0,17,173572,卖盘
11:08:47,102.08,-0.02,41,418602,卖盘
11:08:50,102.06,-0.02,1,10206,卖盘
11:08:52,102.06,0.0,12,122482,卖盘
11:08:59,102.06,0.0,8,81658,卖盘
11:09:01,102.05,-0.01,12,122460,卖盘
11:09:04,102.05,0.0,9,91845,卖盘
11:09:07,102.03,-0.02,12,122441,卖盘
11:09:10,102.03,0.0,14,142866,卖盘
11:09:14,102.02,-0.01,3,30608,卖盘
11:09:16,102.02,0.0,3,30607,卖盘
11:09:20,102.02,0.0,5,51010,卖盘
11:09:24,102.04,0.02,12,122437,买盘
11:09:26,102.02,-0.02,4,40808,卖盘
11:09:32,102.03,0.01,11,112220,买盘
11:09:38,102.01,-0.02,7,71408,卖盘
11:09:40,102.01,0.0,69,703913,卖盘
11:09:44,102.01,0.0,28,285605,中性盘
11:09:46,102.01,0.0,13,132603,中性盘
11:09:49,102.0,-0.01,63,642600,卖盘
11:09:54,102.0,0.0,6,61204,卖盘
11:09:56,102.0,0.0,14,142800,卖盘
11:09:59,102.0,0.0,78,795600,卖盘
11:10:02,101.98,-0.02,186,1897189,卖盘
11:10:04,101.9,-0.08,7,71366,卖盘
11:10:07,101.9,0.0,24,244600,卖盘
11:10:11,101.88,-0.02,25,254733,卖盘
11:10:14,101.88,0.0,79,804846,卖盘
11:10:16,101.85,-0.03,22,224121,卖盘
11:10:20,101.82,-0.03,6,61094,卖盘
11:10:23,101.82,0.0,23,234189,买盘
11:10:26,101.8,-0.02,10,101804,卖盘
11:10:29,101.8,0.0,25,254500,卖盘
11:10:32,101.77,-0.03,4,40710,卖盘
11:10:39,101.71,-0.06,6,61026,买盘
11:10:41,101.71,0.0,6,61034,卖盘
11:10:44,101.72,0.01,2,20342,中性盘
11:10:47,101.7,-0.02,7,71195,卖盘
11:10:50,101.68,-0.02,7,71189,卖盘
11:10:54,101.7,0.02,9,91526,买盘
11:10:55,101.7,0.0,6,61016,买盘
11:10:59,101.66,-0.04,14,142343,卖盘
11:11:02,101.69,0.03,6,60999,买盘
11:11:04,101.66,-0.03,2,20334,中性盘
11:11:08,101.65,-0.01,14,142304,卖盘
11:11:11,101.63,-0.02,5,50813,中性盘
11:11:14,101.65,0.02,10,101642,买盘
11:11:17,101.59,-0.06,20,203220,卖盘
11:11:19,101.6,0.01,7,71116,买盘
11:11:23,101.58,-0.02,8,81264,卖盘
11:11:25,101.6,0.02,1,10160,买盘
11:11:32,101.55,-0.05,14,142193,卖盘
11:11:35,101.55,0.0,5,50766,买盘
11:11:38,101.51,-0.04,11,111671,卖盘
11:11:41,101.55,0.04,30,304532,买盘
11:11:44,101.51,-0.04,24,243620,卖盘
11:11:46,101.5,-0.01,66,669952,卖盘
11:11:50,101.39,-0.11,31,314528,卖盘
11:11:54,101.3,-0.09,77,780548,卖盘
11:11:56,101.3,0.0,460,4659790,买盘
11:11:59,101.39,0.09,22,222636,买盘
11:12:02,101.39,0.0,24,243227,买盘
11:12:05,101.4,0.01,12,121712,中性盘
11:12:07,101.39,-0.01,5,50695,卖盘
11:12:10,101.24,-0.15,47,476411,卖盘
11:12:14,101.39,0.15,3,30417,买盘
11:12:18,101.39,0.0,26,263607,卖盘
11:12:20,101.24,-0.15,37,374844,卖盘
11:12:24,101.34,0.1,30,304396,买盘
11:12:26,101.34,0.0,9,92280,卖盘
11:12:29,101.39,0.05,26,263610,买盘
11:12:32,101.34,-0.05,1,9019,买盘
11:12:38,101.34,0.0,80,810607,买盘
11:12:41,101.34,0.0,26,264599,买盘
11:12:44,101.34,0.0,13,130629,卖盘
11:12:47,101.3,-0.04,7,72024,买盘
11:12:50,101.2,-0.1,32,324039,买盘
11:12:54,101.55,0.35,204,2070270,买盘
11:12:56,101.34,-0.21,13,131739,买盘
11:12:59,101.3,-0.04,82,830444,卖盘
11:13:01,101.35,0.05,71,719265,买盘
11:13:05,101.5,0.15,44,446605,卖盘
11:13:07,101.5,0.0,83,849555,卖盘
11:13:12,101.5,0.0,73,740950,卖盘
11:13:14,101.55,0.05,2,20306,买盘
11:13:17,101.51,-0.04,33,334958,买盘
11:13:21,101.5,-0.01,81,822222,卖盘
11:13:24,101.5,0.0,13,131955,卖盘
11:13:26,101.49,-0.01,40,398655,卖盘
11:13:29,101.51,0.02,44,453724,买盘
11:13:32,101.49,-0.02,22,223187,卖盘
11:13:34,101.35,-0.14,15,152061,卖盘
11:13:37,101.51,0.16,13,131907,买盘
11:13:42,101.51,0.0,18,182499,买盘
11:13:44,101.44,-0.07,4,40567,中性盘
11:13:47,101.44,0.0,4,40585,中性盘
11:13:50,101.51,0.07,5,50746,买盘
11:13:52,101.39,-0.12,51,517151,卖盘
11:13:56,101.39,0.0,12,121622,卖盘
11:13:59,101.39,0.0,23,233197,买盘
11:14:02,101.32,-0.07,5,42778,卖盘
11:14:05,101.44,0.12,13,131778,中性盘
11:14:07,101.5,0.06,40,405857,买盘
11:14:12,101.51,0.01,8,81204,买盘
11:14:14,101.55,0.04,285,2894142,买盘
11:14:17,101.55,0.0,179,1817699,买盘
11:14:20,101.6,0.05,61,623991,买盘
11:14:24,101.7,0.1,76,771355,买盘
11:14:25,101.65,-0.05,30,304515,中性盘
11:14:29,101.65,0.0,18,182851,买盘
11:14:32,101.72,0.07,2,20337,卖盘
11:14:35,101.7,-0.02,4,38042,卖盘
11:14:39,101.65,-0.05,6,61008,买盘
11:14:42,101.65,0.0,4,40660,卖盘
11:14:45,101.82,0.17,2,20364,中性盘
11:14:50,101.7,-0.12,23,234030,卖盘
11:14:54,101.76,0.06,5,50874,买盘
11:14:56,101.8,0.04,99,1007428,买盘
11:14:58,101.8,0.0,2,20360,买盘
11:15:01,101.8,0.0,15,152700,买盘
11:15:05,101.85,0.05,45,458285,买盘
11:15:09,101.8,-0.05,12,122170,卖盘
11:15:11,101.85,0.05,7,71266,买盘
11:15:14,101.85,0.0,3,30555,买盘
11:15:17,101.85,0.0,1,10185,买盘
11:15:20,101.88,0.03,55,560165,买盘
11:15:24,101.81,-0.07,3,30547,卖盘
11:15:25,101.82,0.01,1,10182,卖盘
11:15:29,101.8,-0.02,20,203620,卖盘
11:15:32,101.9,0.1,7,71310,买盘
11:15:39,101.85,-0.05,1,10185,中性盘
11:15:41,101.96,0.11,31,315943,买盘
11:15:44,101.9,-0.06,2,20380,卖盘
11:15:50,101.9,0.0,8,81523,卖盘
11:15:54,101.96,0.06,32,326179,买盘
11:15:56,101.96,0.0,89,907456,卖盘
11:16:02,102.01,0.05,2,20402,买盘
11:16:04,101.9,-0.11,2,20386,卖盘
11:16:09,101.9,0.0,7,71354,卖盘
11:16:11,101.9,0.0,3,30570,卖盘
11:16:14,101.98,0.08,1,10198,买盘
11:16:17,101.98,0.0,1,10198,买盘
11:16:21,101.98,0.0,1,10198,买盘
11:16:22,101.98,0.0,2,20396,买盘
11:16:29,101.97,-0.01,14,142771,中性盘
11:16:31,101.98,0.01,2,20396,中性盘
11:16:35,102.01,0.03,29,295772,买盘
11:16:37,101.98,-0.03,3,30594,卖盘
11:16:40,101.98,0.0,7,71386,卖盘
11:16:45,102.01,0.03,5,51005,买盘
11:16:47,101.98,-0.03,1,10198,卖盘
11:16:50,101.98,0.0,10,101980,卖盘
11:16:56,102.01,0.03,3,30603,买盘
11:16:59,101.99,-0.02,3,30599,卖盘
11:17:05,101.98,-0.01,2,20398,卖盘
11:17:09,101.98,0.0,4,40794,卖盘
11:17:11,101.98,0.0,12,122342,中性盘
11:17:15,101.98,0.0,4,40797,中性盘
11:17:17,101.99,0.01,1,10199,买盘
11:17:29,101.9,-0.09,8,81531,卖盘
11:17:32,101.93,0.03,1,10193,卖盘
11:17:35,101.95,0.02,11,112145,买盘
11:17:38,101.9,-0.05,7,71333,卖盘
11:17:41,101.85,-0.05,19,193570,卖盘
11:17:45,101.85,0.0,8,81488,卖盘
11:17:47,101.9,0.05,4,40760,买盘
11:17:50,101.85,-0.05,4,40748,卖盘
11:17:54,101.89,0.04,1,10189,买盘
11:17:56,101.89,0.0,7,71321,买盘
11:17:59,101.88,-0.01,7,71316,卖盘
11:18:02,101.9,0.02,6,61139,买盘
11:18:04,101.95,0.05,12,122320,买盘
11:18:07,101.89,-0.06,14,142679,卖盘
11:18:11,101.88,-0.01,4,40752,卖盘
11:18:14,101.88,0.0,3,30564,买盘
11:18:16,101.89,0.01,1,10189,买盘
11:18:20,101.88,-0.01,7,71314,卖盘
11:18:24,101.89,0.01,4,40756,买盘
11:18:26,101.87,-0.02,32,326327,卖盘
11:18:29,101.88,0.01,4,40777,卖盘
11:18:35,101.88,0.0,4,40752,卖盘
11:18:38,101.88,0.0,5,50942,卖盘
11:18:41,101.85,-0.03,4,40745,卖盘
11:18:44,101.88,0.03,6,61126,买盘
11:18:53,101.88,0.0,12,122250,买盘
11:18:56,101.88,0.0,7,71316,买盘
11:18:59,101.88,0.0,6,61129,买盘
11:19:01,101.88,0.0,7,71314,卖盘
11:19:05,101.88,0.0,2,20376,买盘
11:19:09,101.88,0.0,4,40752,买盘
11:19:11,101.88,0.0,5,50937,中性盘
11:19:15,101.88,0.0,3,30564,卖盘
11:19:17,101.89,0.01,3,30566,买盘
11:19:20,101.89,0.0,13,132448,买盘
11:19:24,101.89,0.0,2,20378,中性盘
11:19:26,101.89,0.0,3,30567,买盘
11:19:32,101.98,0.09,5,50990,买盘
11:19:35,102.0,0.02,7,71397,买盘
11:19:41,101.89,-0.11,14,142728,卖盘
11:19:45,102.0,0.11,7,71400,买盘
11:19:50,102.0,0.0,2,20400,买盘
11:19:54,102.0,0.0,5,51000,买盘
11:19:59,102.0,0.0,17,173400,买盘
11:20:03,102.0,0.0,16,163200,买盘
11:20:05,102.01,0.01,6,64366,买盘
11:20:09,102.04,0.03,5,51013,买盘
11:20:11,102.04,0.0,9,91826,买盘
11:20:14,102.1,0.06,1,10210,买盘
11:20:17,102.1,0.0,10,102094,买盘
11:20:20,102.04,-0.06,4,40828,中性盘
11:20:24,102.11,0.07,18,183776,买盘
11:20:26,102.11,0.0,3,30633,买盘
11:20:29,102.01,-0.1,13,132681,卖盘
11:20:32,102.2,0.19,13,132852,买盘
11:20:35,102.19,-0.01,1,10219,中性盘
11:20:39,102.19,0.0,1,10219,买盘
11:20:41,102.01,-0.18,22,224671,卖盘
11:20:44,102.2,0.19,4,40831,买盘
11:20:47,102.2,0.0,3,30626,买盘
11:20:50,102.01,-0.19,9,91821,卖盘
11:20:56,102.2,0.19,1,10220,买盘
11:20:59,102.0,-0.2,4,40803,卖盘
11:21:02,102.0,0.0,4,40818,卖盘
11:21:05,102.17,0.17,5,51083,买盘
11:21:08,102.17,0.0,2,20434,买盘
11:21:11,101.99,-0.18,5,51002,卖盘
11:21:19,102.16,0.17,1,10216,买盘
11:21:24,102.16,0.0,1,10216,买盘
11:21:26,102.03,-0.13,4,40812,卖盘
11:21:29,101.89,-0.14,21,214182,卖盘
11:21:32,101.89,0.0,5,50947,卖盘
11:21:35,101.89,0.0,10,101884,买盘
11:21:39,101.89,0.0,8,81511,买盘
11:21:41,101.87,-0.02,6,61120,卖盘
11:21:44,101.85,-0.02,21,213907,卖盘
11:21:47,101.85,0.0,14,142621,卖盘
11:21:50,101.86,0.01,1,10186,买盘
11:21:54,101.85,-0.01,11,112043,卖盘
11:21:56,101.85,0.0,9,91665,卖盘
11:21:59,101.8,-0.05,60,611007,卖盘
11:22:03,101.8,0.0,2,20360,卖盘
11:22:05,101.8,0.0,8,81446,卖盘
11:22:09,101.82,0.02,76,773228,买盘
11:22:11,101.77,-0.05,20,203495,中性盘
11:22:14,101.8,0.03,6,61066,买盘
11:22:18,101.81,0.01,13,132311,买盘
11:22:20,101.72,-0.09,5,50888,卖盘
11:22:24,101.76,0.04,4,40696,中性盘
11:22:29,101.72,-0.04,14,142464,卖盘
11:22:32,101.75,0.03,6,61050,中性盘
11:22:35,101.82,0.07,11,111983,买盘
11:22:39,101.85,0.03,1,10185,买盘
11:22:44,101.82,-0.03,5,50889,买盘
11:22:47,101.82,0.0,1,10182,中性盘
11:22:50,101.82,0.0,1,10182,买盘
11:22:53,101.81,-0.01,3,30544,卖盘
11:22:56,101.83,0.02,3,30547,买盘
11:22:59,101.85,0.02,24,244428,买盘
11:23:02,102.03,0.18,3,30591,买盘
11:23:05,101.86,-0.17,4,40761,买盘
11:23:09,102.09,0.23,2,20395,中性盘
11:23:11,101.85,-0.24,8,81487,卖盘
11:23:14,102.09,0.24,2,20418,买盘
11:23:17,102.09,0.0,1,10209,中性盘
11:23:20,101.87,-0.22,5,50935,卖盘
11:23:24,102.08,0.21,1,10208,中性盘
11:23:26,101.87,-0.21,2,20374,卖盘
11:23:35,102.08,0.21,1,10208,买盘
11:23:39,101.89,-0.19,2,20397,卖盘
11:23:41,101.87,-0.02,3,30569,卖盘
11:23:44,101.87,0.0,5,50935,卖盘
11:23:50,102.05,0.18,3,30615,买盘
11:23:56,102.0,-0.05,1,10200,卖盘
11:23:59,102.03,0.03,3,30603,中性盘
11:24:05,101.89,-0.14,1,10189,卖盘
11:24:09,102.0,0.11,3,30578,买盘
11:24:11,101.87,-0.13,8,81496,卖盘
11:24:14,101.87,0.0,5,50975,卖盘
11:24:17,101.89,0.02,1,4280,卖盘
11:24:20,101.87,-0.02,13,138376,卖盘
11:24:26,101.85,-0.02,4,40742,卖盘
11:24:29,101.86,0.01,4,40747,中性盘
11:24:33,101.85,-0.01,6,61115,卖盘
11:24:35,101.85,0.0,2,20370,卖盘
11:24:41,101.86,0.01,5,50926,买盘
11:24:45,101.85,-0.01,2,20370,卖盘
11:24:47,101.85,0.0,4,40740,卖盘
11:24:50,101.85,0.0,16,162969,卖盘
11:24:54,101.86,0.01,2,20372,买盘
11:24:56,101.86,0.0,1,10186,买盘
11:24:59,101.85,-0.01,9,91665,卖盘
11:25:05,101.84,-0.01,1,10184,买盘
11:25:09,101.84,0.0,9,91656,买盘
11:25:11,101.84,0.0,7,71285,买盘
11:25:20,101.8,-0.04,6,61087,卖盘
11:25:24,101.83,0.03,1,10183,买盘
11:25:29,101.82,-0.01,2,20364,买盘
11:25:34,101.81,-0.01,12,122172,卖盘
11:25:35,101.81,0.0,1,10181,买盘
11:25:41,101.8,-0.01,4,40721,卖盘
11:25:44,101.81,0.01,17,173062,买盘
11:25:47,101.79,-0.02,8,81439,卖盘
11:25:50,101.8,0.01,8,81446,卖盘
11:26:02,101.81,0.01,1,10181,买盘
11:26:05,101.8,-0.01,1,10180,卖盘
11:26:09,101.8,0.0,1,4275,卖盘
11:26:11,101.8,0.0,4,40723,卖盘
11:26:15,101.81,0.01,10,101809,买盘
11:26:17,101.81,0.0,2,20362,买盘
11:26:20,101.8,-0.01,11,111984,卖盘
11:26:24,101.81,0.01,3,30543,买盘
11:26:26,101.82,0.01,6,61089,买盘
11:26:32,101.81,-0.01,3,30543,买盘
11:26:41,101.8,-0.01,7,71270,卖盘
11:26:45,101.83,0.03,12,122187,买盘
11:26:47,101.83,0.0,5,50915,买盘
11:26:50,101.85,0.02,20,203689,买盘
11:26:54,101.86,0.01,9,91674,买盘
11:27:05,102.0,0.14,14,142800,买盘
11:27:11,102.0,0.0,7,71400,卖盘
11:27:15,102.0,0.0,13,132462,买盘
11:27:20,101.85,-0.15,7,71311,卖盘
11:27:26,102.08,0.23,16,163328,买盘
11:27:29,102.0,-0.08,1,10200,卖盘
11:27:39,101.86,-0.14,3,30571,卖盘
11:27:41,101.99,0.13,9,91682,买盘
11:27:45,101.85,-0.14,4,40740,卖盘
11:27:47,101.99,0.14,20,203812,买盘
11:27:59,101.99,0.0,8,81592,买盘
11:28:02,101.99,0.0,1,10199,买盘
11:28:05,101.99,0.0,5,50995,买盘
11:28:09,101.99,0.0,1,10199,买盘
11:28:14,101.88,-0.11,8,81504,卖盘
11:28:18,101.86,-0.02,12,122312,卖盘
11:28:20,101.85,-0.01,15,152852,卖盘
11:28:26,101.88,0.03,7,71316,买盘
11:28:29,101.88,0.0,2,20376,买盘
11:28:32,101.85,-0.03,8,81498,卖盘
11:28:35,101.85,0.0,1,10185,卖盘
11:28:38,101.88,0.03,3,30564,买盘
11:28:45,101.83,-0.05,8,81480,卖盘
11:28:48,101.83,0.0,1,10183,卖盘
11:28:50,101.83,0.0,4,40735,卖盘
11:28:53,101.99,0.16,4,40796,买盘
11:28:59,102.09,0.1,4,40836,买盘
11:29:02,101.99,-0.1,1,10199,卖盘
11:29:05,101.99,0.0,1,10199,卖盘
11:29:09,101.98,-0.01,20,203686,中性盘
11:29:11,101.83,-0.15,9,97310,卖盘
11:29:15,101.85,0.02,3,30555,中性盘
11:29:18,102.09,0.24,4,40816,买盘
11:29:20,101.81,-0.28,8,81474,卖盘
11:29:35,101.82,0.01,6,61104,卖盘
11:29:42,102.1,0.28,2,20420,买盘
11:29:44,101.82,-0.28,5,50916,卖盘
11:29:50,101.82,0.0,3,30546,卖盘
11:29:56,102.0,0.18,3,30600,中性盘
11:30:00,102.0,0.0,2,20400,卖盘
13:00:02,102.04,0.04,33,336730,买盘
13:00:06,102.09,0.05,26,265320,买盘
13:00:09,102.13,0.04,18,183823,买盘
13:00:12,102.2,0.07,8,81683,买盘
13:00:15,102.2,0.0,2,20440,中性盘
13:00:16,102.28,0.08,10,102184,买盘
13:00:20,102.3,0.02,3,30688,买盘
13:00:24,102.33,0.03,4,40926,买盘
13:00:27,102.04,-0.29,17,173838,卖盘
13:00:30,102.2,0.16,9,91938,买盘
13:00:31,102.38,0.18,23,235324,买盘
13:00:36,102.38,0.0,4,40932,买盘
13:00:37,102.38,0.0,1,10238,买盘
13:00:41,102.38,0.0,3,30714,卖盘
13:00:44,102.38,0.0,7,71644,买盘
13:00:48,102.38,0.0,3,30714,中性盘
13:00:51,102.39,0.01,7,71656,买盘
13:00:52,102.39,0.0,2,20478,买盘
13:00:57,102.49,0.1,10,102436,买盘
13:01:03,102.39,-0.1,1,10239,卖盘
13:01:05,102.39,0.0,1,10239,卖盘
13:01:09,102.39,0.0,1,10239,卖盘
13:01:12,102.24,-0.15,6,61372,卖盘
13:01:15,102.24,0.0,2,20448,卖盘
13:01:16,102.47,0.23,81,830616,买盘
13:01:30,102.47,0.0,1,10247,买盘
13:01:36,102.47,0.0,10,102470,买盘
13:01:37,102.47,0.0,1,10247,卖盘
13:01:42,102.41,-0.06,3,30735,卖盘
13:01:45,102.41,0.0,1,10241,卖盘
13:01:50,102.42,0.01,8,81874,买盘
13:01:57,102.22,-0.2,6,61300,卖盘
13:02:06,102.22,0.0,1,10222,卖盘
13:02:09,102.39,0.17,2,20478,买盘
13:02:12,102.22,-0.17,3,30666,卖盘
13:02:18,102.39,0.17,3,30717,买盘
13:02:33,102.24,-0.15,1,10224,卖盘
13:02:36,102.41,0.17,30,307190,买盘
13:02:45,102.26,-0.15,14,143179,卖盘
13:02:46,102.26,0.0,2,20452,卖盘
13:02:50,102.28,0.02,2,20456,卖盘
13:02:57,102.37,0.09,4,40921,买盘
13:03:00,102.28,-0.09,2,20456,卖盘
13:03:03,102.28,0.0,4,40912,卖盘
13:03:09,102.35,0.07,1,10235,买盘
13:03:15,102.26,-0.09,14,143204,卖盘
13:03:18,102.26,0.0,1,10226,买盘
13:03:21,102.26,0.0,1,10226,买盘
13:03:29,102.26,0.0,11,112486,买盘
13:03:33,102.26,0.0,3,30678,买盘
13:03:37,102.26,0.0,4,40904,买盘
13:03:41,102.26,0.0,4,40901,买盘
13:03:45,102.26,0.0,4,40904,卖盘
13:03:57,102.27,0.01,2,20454,买盘
13:04:00,102.27,0.0,5,51131,买盘
13:04:03,102.25,-0.02,2,20450,中性盘
13:04:06,102.25,0.0,1,10225,买盘
13:04:09,102.25,0.0,2,20450,买盘
13:04:12,102.25,0.0,8,81780,买盘
13:04:14,102.23,-0.02,9,92031,卖盘
13:04:21,102.37,0.14,20,204740,买盘
13:04:27,102.25,-0.12,3,30677,卖盘
13:04:35,102.2,-0.05,3,30660,卖盘
13:04:38,102.25,0.05,1,10225,中性盘
13:04:41,102.25,0.0,4,40912,中性盘
13:04:45,102.25,0.0,6,61410,中性盘
13:04:48,102.25,0.0,1,10225,买盘
13:04:51,102.18,-0.07,4,40872,卖盘
13:04:57,102.25,0.07,4,40900,买盘
13:05:00,102.27,0.02,5,51105,买盘
13:05:06,102.18,-0.09,6,61326,卖盘
13:05:15,102.27,0.09,16,163599,买盘
13:05:23,102.27,0.0,4,40908,卖盘
13:05:26,102.25,-0.02,3,30677,卖盘
13:05:30,102.18,-0.07,2,20438,卖盘
13:05:35,102.15,-0.03,6,61293,中性盘
13:05:42,102.15,0.0,13,132795,卖盘
13:05:44,102.18,0.03,2,20430,中性盘
13:05:48,102.25,0.07,9,91936,买盘
13:05:51,102.12,-0.13,1,10212,卖盘
13:05:54,102.12,0.0,1,10212,中性盘
13:05:57,102.11,-0.01,2,20428,卖盘
13:06:00,102.1,-0.01,56,571753,卖盘
13:06:01,102.12,0.02,19,194019,买盘
13:06:05,102.06,-0.06,9,91874,卖盘
13:06:15,102.1,0.04,21,214348,买盘
13:06:18,102.11,0.01,22,224625,买盘
13:06:20,102.1,-0.01,8,81651,中性盘
13:06:27,102.1,0.0,12,122526,卖盘
13:06:30,102.1,0.0,31,316546,卖盘
13:06:31,102.1,0.0,3,30632,卖盘
13:06:36,102.25,0.15,4,40861,买盘
13:06:41,102.11,-0.14,21,214445,卖盘
13:06:51,102.27,0.16,55,562327,买盘
13:06:53,102.3,0.03,1,10230,卖盘
13:06:57,102.15,-0.15,3,30656,卖盘
13:07:02,102.25,0.1,2,20450,买盘
13:07:06,102.15,-0.1,4,40878,卖盘
13:07:08,102.25,0.1,2,20450,买盘
13:07:14,102.17,-0.08,3,30659,卖盘
13:07:18,102.39,0.22,1,10239,买盘
13:07:30,102.15,-0.24,1,10215,卖盘
13:07:36,102.16,0.01,2,20435,卖盘
13:07:39,102.17,0.01,4,40868,卖盘
13:07:42,102.18,0.01,1,10218,卖盘
13:07:54,102.39,0.21,1,10239,买盘
13:07:57,102.39,0.0,4,40956,买盘
13:08:09,102.37,-0.02,18,184182,买盘
13:08:11,102.38,0.01,3,30714,卖盘
13:08:14,102.37,-0.01,3,30670,中性盘
13:08:27,102.39,0.02,1,10239,买盘
13:08:30,102.2,-0.19,7,71540,卖盘
13:08:39,102.2,0.0,7,71578,卖盘
13:08:48,102.39,0.19,1,10239,买盘
13:09:00,102.39,0.0,3,30717,买盘
13:09:05,102.2,-0.19,2,20457,卖盘
13:09:09,102.37,0.17,4,40897,买盘
13:09:12,102.41,0.04,17,173988,买盘
13:09:14,102.2,-0.21,4,40880,卖盘
13:09:17,102.38,0.18,5,51193,卖盘
13:09:21,102.38,0.0,1,10238,买盘
13:09:24,102.22,-0.16,1,10222,卖盘
13:09:30,102.22,0.0,6,61362,卖盘
13:09:33,102.38,0.16,3,30714,买盘
13:09:36,102.38,0.0,2,20476,买盘
13:09:38,102.24,-0.14,4,40896,卖盘
13:09:59,102.38,0.14,1,10238,买盘
13:10:03,102.38,0.0,12,122865,买盘
13:10:05,102.38,0.0,8,81904,买盘
13:10:09,102.38,0.0,9,92142,卖盘
13:10:12,102.44,0.06,5,51220,中性盘
13:10:15,102.44,0.0,2,20488,买盘
13:10:17,102.48,0.04,7,71715,买盘
13:10:21,102.5,0.02,5,51247,买盘
13:10:24,102.5,0.0,6,61499,买盘
13:10:27,102.52,0.02,8,81994,买盘
13:10:30,102.52,0.0,2,20504,中性盘
13:10:32,102.58,0.06,4,41012,买盘
13:10:36,102.4,-0.18,12,122978,卖盘
13:10:42,102.25,-0.15,1,10225,卖盘
13:10:45,102.4,0.15,11,112570,买盘
13:10:48,102.4,0.0,1,10240,买盘
13:10:50,102.26,-0.14,4,40902,买盘
13:10:53,102.25,-0.01,3,30676,卖盘
13:10:57,102.25,0.0,1,10225,卖盘
13:11:06,102.38,0.13,1,10238,买盘
13:11:09,102.38,0.0,11,112574,买盘
13:11:11,102.27,-0.11,24,245481,中性盘
13:11:15,102.25,-0.02,3,30676,卖盘
13:11:18,102.27,0.02,6,61362,买盘
13:11:21,102.27,0.0,5,51129,买盘
13:11:24,102.27,0.0,7,71589,买盘
13:11:26,102.27,0.0,7,71588,买盘
13:11:30,102.24,-0.03,12,122688,卖盘
13:11:36,102.27,0.03,1,10227,买盘
13:11:39,102.24,-0.03,3,30672,卖盘
13:11:41,102.27,0.03,2,20454,买盘
13:11:47,102.27,0.0,5,51135,买盘
13:11:51,102.22,-0.05,3,30669,卖盘
13:11:54,102.27,0.05,55,562485,买盘
13:11:58,102.27,0.0,2,20449,买盘
13:12:00,102.27,0.0,1,10227,中性盘
13:12:05,102.22,-0.05,1,10222,卖盘
13:12:08,102.22,0.0,4,40888,卖盘
13:12:11,102.36,0.14,14,143202,买盘
13:12:15,102.24,-0.12,6,61357,卖盘
13:12:20,102.26,0.02,4,40904,卖盘
13:12:24,102.27,0.01,4,40904,买盘
13:12:27,102.27,0.0,1,10227,买盘
13:12:29,102.32,0.05,7,71599,买盘
13:12:33,102.27,-0.05,13,132931,买盘
13:12:36,102.25,-0.02,6,61350,卖盘
13:12:38,102.25,0.0,2,20450,卖盘
13:12:42,102.27,0.02,16,163607,买盘
13:12:45,102.2,-0.07,11,112433,卖盘
13:12:47,102.27,0.07,5,51119,买盘
13:12:53,102.34,0.07,2,20468,卖盘
13:12:57,102.27,-0.07,1,10227,买盘
13:13:00,102.27,0.0,6,61327,买盘
13:13:03,102.2,-0.07,2,20440,卖盘
13:13:06,102.2,0.0,11,112420,卖盘
13:13:09,102.2,0.0,8,81787,卖盘
13:13:12,102.25,0.05,30,307092,买盘
13:13:20,102.25,0.0,6,61340,买盘
13:13:24,102.25,0.0,2,20450,卖盘
13:13:30,102.23,-0.02,7,71597,卖盘
13:13:36,102.25,0.02,1,10225,买盘
13:13:38,102.25,0.0,3,30675,买盘
13:13:41,102.21,-0.04,4,40888,卖盘
13:13:45,102.24,0.03,2,20448,买盘
13:14:00,102.4,0.16,4,40922,买盘
13:14:06,102.24,-0.16,4,40896,卖盘
13:14:12,102.23,-0.01,9,92015,卖盘
13:14:18,102.26,0.03,2,20449,卖盘
13:14:21,102.23,-0.03,8,81766,中性盘
13:14:23,102.23,0.0,6,61336,买盘
13:14:26,102.22,-0.01,2,20444,卖盘
13:14:30,102.23,0.01,15,153340,买盘
13:14:33,102.21,-0.02,2,20442,卖盘
13:14:36,102.2,-0.01,4,40881,卖盘
13:14:42,102.26,0.06,10,102218,买盘
13:14:53,102.38,0.12,1,10238,买盘
13:15:03,102.36,-0.02,2,20472,中性盘
13:15:06,102.26,-0.1,1,10226,卖盘
13:15:09,102.15,-0.11,55,561942,卖盘
13:15:12,102.36,0.21,13,132956,买盘
13:15:30,102.24,-0.12,1,10224,卖盘
13:15:32,102.24,0.0,1,10224,卖盘
13:15:41,102.17,-0.07,3,30654,卖盘
13:15:48,102.35,0.18,2,20470,买盘
13:15:57,102.35,0.0,4,40923,买盘
13:16:00,102.2,-0.15,1,10220,卖盘
13:16:03,102.2,0.0,2,20437,买盘
13:16:06,102.33,0.13,3,30699,买盘
13:16:09,102.33,0.0,8,81839,买盘
13:16:11,102.2,-0.13,7,71552,卖盘
13:16:14,102.24,0.04,2,20444,中性盘
13:16:17,102.24,0.0,2,20448,中性盘
13:16:21,102.22,-0.02,1,10222,卖盘
13:16:30,102.17,-0.05,10,102198,卖盘
13:16:39,102.21,0.04,1,10221,卖盘
13:16:42,102.2,-0.01,4,40881,卖盘
13:16:48,102.2,0.0,2,20440,买盘
13:16:54,102.17,-0.03,2,20434,卖盘
13:16:57,102.2,0.03,4,40874,买盘
13:17:00,102.17,-0.03,8,81742,卖盘
13:17:06,102.17,0.0,1,10217,卖盘
13:17:08,102.18,0.01,5,51090,买盘
13:17:11,102.28,0.1,4,40885,中性盘
13:17:15,102.28,0.0,2,20461,卖盘
13:17:17,102.3,0.02,3,30693,中性盘
13:17:24,102.3,0.0,1,10230,买盘
13:17:30,102.3,0.0,7,71565,买盘
13:17:33,102.2,-0.1,1,10220,买盘
13:17:36,102.18,-0.02,2,20438,卖盘
13:17:42,102.17,-0.01,3,30653,卖盘
13:17:50,102.2,0.03,1,10220,买盘
13:17:54,102.17,-0.03,2,20435,卖盘
13:17:57,102.17,0.0,3,30651,卖盘
13:18:00,102.2,0.03,2,20440,买盘
13:18:02,102.18,-0.02,1,10218,中性盘
13:18:06,102.17,-0.01,3,30651,卖盘
13:18:09,102.18,0.01,2,20436,买盘
13:18:12,102.17,-0.01,4,40868,卖盘
13:18:14,102.17,0.0,2,20434,卖盘
13:18:18,102.2,0.03,6,61310,买盘
13:18:20,102.16,-0.04,6,61301,卖盘
13:18:23,102.18,0.02,1,10218,买盘
13:18:41,102.16,-0.02,18,183916,卖盘
13:18:48,102.18,0.02,2,20436,卖盘
13:19:00,102.16,-0.02,6,61296,卖盘
13:19:03,102.2,0.04,17,173712,买盘
13:19:06,102.11,-0.09,51,520912,卖盘
13:19:12,102.13,0.02,9,91933,买盘
13:19:14,102.11,-0.02,3,30635,卖盘
13:19:21,102.11,0.0,5,51059,卖盘
13:19:23,102.2,0.09,10,102200,买盘
13:19:27,102.2,0.0,2,20431,买盘
13:19:30,102.2,0.0,8,81751,买盘
13:19:33,102.16,-0.04,19,194144,卖盘
13:19:35,102.16,0.0,5,51080,中性盘
13:19:42,102.2,0.04,2,20440,卖盘
13:19:45,102.2,0.0,3,30660,卖盘
13:19:51,102.16,-0.04,4,40873,卖盘
13:19:54,102.2,0.04,1,10220,中性盘
13:19:57,102.25,0.05,3,30675,买盘
13:19:59,102.25,0.0,1,10225,买盘
13:20:03,102.2,-0.05,4,40880,中性盘
13:20:06,102.2,0.0,11,112412,卖盘
13:20:09,102.28,0.08,4,40907,买盘
13:20:12,102.28,0.0,6,61371,卖盘
13:20:15,102.3,0.02,4,40914,买盘
13:20:17,102.4,0.1,2,20480,买盘
13:20:24,102.3,-0.1,11,112630,卖盘
13:20:27,102.3,0.0,2,20460,买盘
13:20:29,102.3,0.0,1,10230,买盘
13:20:33,102.3,0.0,2,20460,买盘
13:20:39,102.3,0.0,1,10230,买盘
13:20:41,102.25,-0.05,9,92036,卖盘
13:20:45,102.25,0.0,2,20450,卖盘
13:20:51,102.25,0.0,2,20450,卖盘
13:20:57,102.27,0.02,18,184086,买盘
13:21:03,102.3,0.03,16,163638,买盘
13:21:06,102.3,0.0,4,40917,买盘
13:21:09,102.27,-0.03,48,490896,卖盘
13:21:12,102.21,-0.06,11,112447,卖盘
13:21:15,102.27,0.06,5,51127,买盘
13:21:18,102.21,-0.06,9,92017,卖盘
13:21:21,102.21,0.0,2,20442,卖盘
13:21:24,102.21,0.0,1,10221,卖盘
13:21:27,102.27,0.06,2,20454,买盘
13:21:42,102.27,0.0,1,10227,买盘
13:21:45,102.27,0.0,7,71569,买盘
13:21:48,102.22,-0.05,6,61342,卖盘
13:21:54,102.21,-0.01,11,112435,卖盘
13:21:56,102.22,0.01,4,40887,中性盘
13:22:00,102.21,-0.01,6,61326,卖盘
13:22:03,102.21,0.0,34,347514,卖盘
13:22:08,102.22,0.01,12,122646,买盘
13:22:15,102.16,-0.06,3,30648,卖盘
13:22:21,102.16,0.0,1,10216,买盘
13:22:24,102.16,0.0,8,81728,买盘
13:22:33,102.15,-0.01,3,30645,卖盘
13:22:36,102.15,0.0,3,30645,卖盘
13:22:39,102.15,0.0,12,122580,买盘
13:22:42,102.15,0.0,5,51066,买盘
13:22:45,102.12,-0.03,3,30636,卖盘
13:22:48,102.15,0.03,2,20430,买盘
13:22:59,102.15,0.0,11,112356,买盘
13:23:03,102.15,0.0,1,10215,卖盘
13:23:09,102.16,0.01,3,30646,买盘
13:23:12,102.16,0.0,5,51076,买盘
13:23:14,102.15,-0.01,4,40860,卖盘
13:23:18,102.16,0.01,1,10216,买盘
13:23:24,102.15,-0.01,2,20430,卖盘
13:23:36,102.15,0.0,2,20431,卖盘
13:23:39,102.15,0.0,4,40860,卖盘
13:23:42,102.15,0.0,11,112374,卖盘
13:23:45,102.16,0.01,7,71506,买盘
13:23:51,102.16,0.0,12,122592,买盘
13:23:54,102.12,-0.04,6,61280,卖盘
13:23:57,102.15,0.03,2,20431,中性盘
13:24:00,102.12,-0.03,2,20424,卖盘
13:24:03,102.12,0.0,4,40848,卖盘
13:24:06,102.11,-0.01,1,10211,卖盘
13:24:09,102.12,0.01,54,551607,卖盘
13:24:12,102.12,0.0,18,183807,买盘
13:24:15,102.1,-0.02,7,71475,卖盘
13:24:17,102.11,0.01,1,10211,买盘
13:24:24,102.11,0.0,4,40844,买盘
13:24:27,102.12,0.01,12,122536,买盘
13:24:30,102.12,0.0,3,30636,买盘
13:24:36,102.11,-0.01,5,51055,卖盘
13:24:39,102.12,0.01,9,91907,买盘
13:24:42,102.12,0.0,45,459536,买盘
13:24:45,102.1,-0.02,3,30632,卖盘
13:24:51,102.12,0.02,16,163392,买盘
13:24:54,102.11,-0.01,3,31146,卖盘
13:24:57,102.15,0.04,4,40860,买盘
13:24:59,102.15,0.0,7,71505,中性盘
13:25:12,102.15,0.0,1,10215,卖盘
13:25:15,102.15,0.0,3,30645,卖盘
13:25:18,102.22,0.07,1,10222,买盘
13:25:21,102.22,0.0,2,20444,买盘
13:25:24,102.22,0.0,1,10222,买盘
13:25:30,102.22,0.0,1,10222,买盘
13:25:33,102.22,0.0,2,20444,买盘
13:25:39,102.22,0.0,1,10222,卖盘
13:25:45,102.24,0.02,3,30672,卖盘
13:25:51,102.24,0.0,1,10224,买盘
13:25:57,102.24,0.0,5,51120,买盘
13:26:06,102.17,-0.07,1,10217,卖盘
13:26:09,102.19,0.02,5,51095,买盘
13:26:12,102.17,-0.02,3,30651,卖盘
13:26:15,102.17,0.0,7,71523,中性盘
13:26:18,102.16,-0.01,2,20432,卖盘
13:26:21,102.16,0.0,2,20432,卖盘
13:26:24,102.15,-0.01,26,265604,卖盘
13:26:30,102.11,-0.04,8,81696,卖盘
13:26:36,102.15,0.04,3,30645,买盘
13:26:39,102.15,0.0,6,61286,买盘
13:26:42,102.15,0.0,1,10215,买盘
13:26:45,102.13,-0.02,3,30639,卖盘
13:26:48,102.15,0.02,8,81720,买盘
13:26:51,102.15,0.0,1,10215,买盘
13:27:00,102.12,-0.03,14,142998,卖盘
13:27:06,102.13,0.01,1,10213,卖盘
13:27:09,102.11,-0.02,10,102122,卖盘
13:27:12,102.12,0.01,7,71477,买盘
13:27:18,102.12,0.0,14,142968,买盘
13:27:21,102.12,0.0,1,10212,买盘
13:27:27,102.1,-0.02,1,10210,卖盘
13:27:30,102.1,0.0,4,40840,卖盘
13:27:34,102.1,0.0,7,71473,卖盘
13:27:39,102.11,0.01,8,81685,买盘
13:27:42,102.12,0.01,8,81696,买盘
13:27:45,102.11,-0.01,5,51055,卖盘
13:27:48,102.1,-0.01,5,51054,卖盘
13:27:51,102.1,0.0,7,71471,卖盘
13:27:54,102.11,0.01,1,10211,买盘
13:27:57,102.11,0.0,1,10211,买盘
13:28:00,102.11,0.0,1,10211,买盘
13:28:09,102.1,-0.01,24,245040,卖盘
13:28:12,102.11,0.01,4,40331,买盘
13:28:15,102.09,-0.02,4,40838,卖盘
13:28:19,102.09,0.0,12,122508,卖盘
13:28:21,102.09,0.0,8,81672,买盘
13:28:24,102.08,-0.01,77,785562,卖盘
13:28:27,102.08,0.0,1,10208,买盘
13:28:30,102.01,-0.07,6,61206,卖盘
13:28:39,102.0,-0.01,5,51003,卖盘
13:28:42,102.03,0.03,9,91827,中性盘
13:28:45,102.0,-0.03,4,40800,卖盘
13:28:48,102.0,0.0,16,163200,卖盘
13:28:51,102.0,0.0,4,40800,卖盘
13:28:57,102.0,0.0,7,71400,卖盘
13:29:00,102.0,0.0,11,112200,卖盘
13:29:03,102.01,0.01,1,10201,买盘
13:29:09,102.01,0.0,8,81608,买盘
13:29:12,102.0,-0.01,17,173400,卖盘
13:29:15,102.0,0.0,72,734400,卖盘
13:29:18,101.99,-0.01,3,30597,卖盘
13:29:21,101.91,-0.08,14,142748,卖盘
13:29:33,101.93,0.02,1,10193,买盘
13:29:37,101.91,-0.02,1,10191,卖盘
13:29:39,101.9,-0.01,5,50954,卖盘
13:29:42,101.93,0.03,9,91737,买盘
13:29:45,101.91,-0.02,4,40764,卖盘
13:29:48,101.9,-0.01,8,81520,卖盘
13:29:51,101.9,0.0,8,81520,卖盘
13:29:54,101.93,0.03,5,50959,买盘
13:29:57,101.9,-0.03,12,122280,卖盘
13:30:00,101.85,-0.05,12,122255,卖盘
13:30:07,101.93,0.08,12,118333,买盘
13:30:09,102.0,0.07,6,61200,买盘
13:30:12,101.93,-0.07,4,40786,卖盘
13:30:20,101.93,0.0,4,40772,卖盘
13:30:21,101.93,0.0,2,20386,卖盘
13:30:24,101.93,0.0,1,10193,卖盘
13:30:27,101.93,0.0,3,30579,卖盘
13:30:30,101.92,-0.01,4,40766,卖盘
13:30:33,101.93,0.01,4,40772,买盘
13:30:36,102.0,0.07,3,30593,买盘
13:30:39,102.0,0.0,1,10200,中性盘
13:30:42,102.0,0.0,1,10200,卖盘
13:30:45,101.83,-0.17,51,519478,卖盘
13:30:48,101.93,0.1,3,30579,中性盘
13:30:51,101.85,-0.08,11,112084,中性盘
13:30:54,101.95,0.1,4,40746,中性盘
13:30:57,101.95,0.0,2,20389,买盘
13:31:03,101.95,0.0,3,30584,买盘
13:31:06,101.95,0.0,2,20385,买盘
13:31:12,101.94,-0.01,5,50970,买盘
13:31:19,101.95,0.01,13,132533,买盘
13:31:21,102.0,0.05,17,173390,买盘
13:31:24,102.0,0.0,4,40785,买盘
13:31:30,101.95,-0.05,4,40780,卖盘
13:31:37,101.95,0.0,2,20395,卖盘
13:31:48,101.97,0.02,3,30591,卖盘
13:31:51,101.99,0.02,6,61194,中性盘
13:31:54,102.0,0.01,1,10200,买盘
13:32:00,101.99,-0.01,19,193799,卖盘
13:32:04,102.0,0.01,3,30599,卖盘
13:32:13,101.99,-0.01,1,10199,买盘
13:32:15,102.0,0.01,40,414610,买盘
13:32:19,102.0,0.0,5,51000,卖盘
13:32:21,102.07,0.07,1,10207,买盘
13:32:24,102.07,0.0,2,20414,买盘
13:32:39,102.07,0.0,1,10207,买盘
13:32:45,102.07,0.0,4,40828,买盘
13:32:49,102.02,-0.05,3,30606,卖盘
13:32:51,102.04,0.02,6,56428,卖盘
13:32:54,102.0,-0.04,4,40804,买盘
13:33:03,102.02,0.02,3,30606,卖盘
13:33:13,102.0,-0.02,1,10506,卖盘
13:33:15,102.03,0.03,1,10203,买盘
13:33:18,102.0,-0.03,4,40803,卖盘
13:33:27,102.0,0.0,5,48458,卖盘
13:33:30,102.03,0.03,31,316260,买盘
13:33:33,102.06,0.03,8,81636,买盘
13:33:36,102.07,0.01,29,296001,买盘
13:33:39,102.08,0.01,3,30623,买盘
13:33:42,102.1,0.02,24,245038,买盘
13:33:45,102.1,0.0,13,132730,买盘
13:33:49,102.08,-0.02,7,71462,卖盘
13:33:51,102.1,0.02,2,20420,买盘
13:33:54,102.12,0.02,13,132754,买盘
13:33:56,102.11,-0.01,9,91902,中性盘
13:34:00,102.1,-0.01,3,30628,买盘
13:34:06,102.1,0.0,6,61258,买盘
13:34:09,102.12,0.02,32,326782,买盘
13:34:12,102.15,0.03,8,81702,买盘
13:34:19,102.1,-0.05,4,40842,卖盘
13:34:27,102.12,0.02,4,40848,卖盘
13:34:30,102.08,-0.04,12,122522,卖盘
13:34:36,102.24,0.16,2,20448,买盘
13:34:48,102.0,-0.24,57,581868,卖盘
13:34:51,102.0,0.0,25,254995,买盘
13:34:54,102.0,0.0,5,51000,买盘
13:34:57,102.0,0.0,32,332005,买盘
13:35:00,101.97,-0.03,6,61182,卖盘
13:35:03,102.0,0.03,1,10200,买盘
13:35:06,102.0,0.0,4,40800,买盘
13:35:09,102.0,0.0,2,20400,卖盘
13:35:12,102.0,0.0,2,20400,买盘
13:35:18,102.0,0.0,4,40800,卖盘
13:35:24,102.0,0.0,2,20400,卖盘
13:35:30,102.0,0.0,29,290188,卖盘
13:35:45,102.0,0.0,1,10200,买盘
13:35:49,101.95,-0.05,2,20391,卖盘
13:35:54,102.0,0.05,4,40800,买盘
13:36:00,101.95,-0.05,12,122344,卖盘
13:36:06,101.95,0.0,8,81576,卖盘
13:36:12,102.0,0.05,2,20400,买盘
13:36:24,102.0,0.04,2,20400,买盘
13:36:30,101.98,-0.02,3,30594,卖盘
13:36:34,101.95,-0.03,11,108715,卖盘
13:36:36,101.98,0.03,2,24071,中性盘
13:36:44,102.0,0.02,3,25805,买盘
13:36:48,101.99,-0.01,1,10199,买盘
13:36:51,102.0,0.01,21,214200,买盘
13:36:57,101.98,-0.02,1,10198,卖盘
13:37:00,101.95,-0.03,22,224338,卖盘
13:37:04,102.0,0.05,5,51000,买盘
13:37:08,101.9,-0.1,86,876712,卖盘
13:37:12,101.94,0.04,5,50970,买盘
13:37:21,101.9,-0.04,7,71330,卖盘
13:37:33,101.91,0.01,10,101918,卖盘
13:37:42,101.94,0.03,6,52385,买盘
13:37:45,101.88,-0.06,26,265137,卖盘
13:37:49,101.88,0.0,1,10188,买盘
13:37:51,101.87,-0.01,6,61123,卖盘
13:37:54,101.88,0.01,2,20376,买盘
13:37:57,101.87,-0.01,6,61125,卖盘
13:38:00,101.88,0.01,2,20376,买盘
13:38:04,101.88,0.0,5,50936,买盘
13:38:06,101.87,-0.01,1,10187,中性盘
13:38:09,101.85,-0.02,1,10185,卖盘
13:38:15,101.87,0.02,3,36672,买盘
13:38:19,101.85,-0.02,1,10185,卖盘
13:38:24,101.84,-0.01,15,152791,卖盘
13:38:27,101.88,0.04,52,529726,买盘
13:38:30,101.83,-0.05,11,112018,卖盘
13:38:34,101.83,0.0,4,40732,卖盘
13:38:36,101.83,0.0,10,101831,卖盘
13:38:39,101.88,0.05,11,112032,买盘
13:38:47,101.85,-0.03,1,10185,买盘
13:38:51,101.85,0.0,11,112012,买盘
13:38:54,101.86,0.01,2,20372,中性盘
13:38:57,101.83,-0.03,4,40736,卖盘
13:39:06,101.83,0.0,1,10183,买盘
13:39:09,101.82,-0.01,7,71275,卖盘
13:39:12,101.83,0.01,7,71286,买盘
13:39:15,101.88,0.05,2,20376,买盘
13:39:30,101.87,-0.01,1,10187,中性盘
13:39:34,101.85,-0.02,9,91677,卖盘
13:39:37,101.88,0.03,1,10188,买盘
13:39:39,101.88,0.0,1,10188,买盘
13:39:42,101.88,0.0,1,10188,买盘
13:39:49,101.87,-0.01,7,68361,卖盘
13:39:51,101.88,0.01,39,397313,买盘
13:39:54,101.83,-0.05,2,20371,卖盘
13:39:57,101.83,0.0,5,50923,卖盘
13:40:00,101.87,0.04,72,733566,买盘
13:40:04,101.83,-0.04,6,61106,卖盘
13:40:07,101.94,0.11,9,91735,中性盘
13:40:09,101.83,-0.11,57,581185,卖盘
13:40:12,101.93,0.1,21,214148,中性盘
13:40:15,101.98,0.05,1,10198,买盘
13:40:18,101.97,-0.01,1,10197,中性盘
13:40:21,101.93,-0.04,7,71359,卖盘
13:40:24,101.98,0.05,8,81584,买盘
13:40:30,101.98,0.0,1,10198,买盘
13:40:34,101.93,-0.05,3,30579,卖盘
13:40:39,101.85,-0.08,4,40740,卖盘
13:40:45,101.87,0.02,1,10187,中性盘
13:40:48,101.93,0.06,3,33753,中性盘
13:40:51,101.87,-0.06,2,15285,买盘
13:40:56,101.87,0.0,4,40751,卖盘
13:41:04,101.95,0.08,9,91740,中性盘
13:41:06,101.98,0.03,23,234554,买盘
13:41:09,101.85,-0.13,97,984754,卖盘
13:41:12,101.85,0.0,12,122220,买盘
13:41:15,101.87,0.02,87,889369,买盘
13:41:21,101.84,-0.03,15,152766,卖盘
13:41:27,101.98,0.14,7,71381,买盘
13:41:30,101.87,-0.11,1,10187,卖盘
13:41:33,101.89,0.02,4,40756,中性盘
13:41:37,101.98,0.09,2,20396,买盘
13:41:43,101.98,0.0,1,10198,买盘
13:41:45,101.98,0.0,4,40792,买盘
13:41:49,101.98,0.0,1,10198,买盘
13:41:51,101.89,-0.09,5,48296,卖盘
13:41:57,101.98,0.09,7,71368,买盘
13:42:00,101.98,0.0,1,10198,买盘
13:42:03,101.98,0.0,4,40767,买盘
13:42:19,101.98,0.0,8,81584,买盘
13:42:21,101.9,-0.08,8,76628,卖盘
13:42:30,101.98,0.08,2,20396,买盘
13:42:34,101.92,-0.06,3,30576,卖盘
13:42:39,101.98,0.06,7,71386,买盘
13:42:42,101.98,0.0,34,346716,买盘
13:42:49,101.98,0.0,4,40790,买盘
13:42:51,101.98,0.0,5,53845,买盘
13:42:54,101.98,0.0,1,10198,买盘
13:42:57,101.94,-0.04,1,15293,卖盘
13:43:03,101.94,0.0,19,193712,买盘
13:43:05,101.93,-0.01,2,20387,卖盘
13:43:09,101.94,0.01,3,30582,买盘
13:43:12,101.93,-0.01,6,61159,卖盘
13:43:15,101.96,0.03,7,71362,买盘
13:43:19,101.98,0.02,34,346732,买盘
13:43:24,101.96,-0.02,12,122372,卖盘
13:43:30,101.96,0.0,5,50980,买盘
13:43:34,101.94,-0.02,5,50974,卖盘
13:43:36,101.94,0.0,2,20388,卖盘
13:43:39,101.94,0.0,1,10194,买盘
13:43:42,101.94,0.0,9,91741,买盘
13:43:45,101.94,0.0,9,91746,买盘
13:43:49,101.94,0.0,1,11111,卖盘
13:43:54,101.96,0.02,2,20392,买盘
13:43:56,101.96,0.0,1,10196,买盘
13:44:00,101.95,-0.01,5,50975,卖盘
13:44:03,101.94,-0.01,4,40778,卖盘
13:44:05,101.94,0.0,1,10194,卖盘
13:44:09,101.94,0.0,6,61174,卖盘
13:44:12,101.96,0.02,5,50980,买盘
13:44:15,101.94,-0.02,3,30586,卖盘
13:44:19,101.96,0.02,1,10196,买盘
13:44:21,101.94,-0.02,5,50970,卖盘
13:44:24,101.96,0.02,3,30587,买盘
13:44:27,101.94,-0.02,7,71370,卖盘
13:44:30,101.96,0.02,9,91748,买盘
13:44:34,101.93,-0.03,8,81562,卖盘
13:44:36,101.9,-0.03,18,177433,卖盘
13:44:39,101.91,0.01,5,50953,买盘
13:44:42,101.97,0.06,14,148729,买盘
13:44:45,101.92,-0.05,6,61179,卖盘
13:44:51,101.92,0.0,1,4179,买盘
13:44:54,101.92,0.0,4,40766,买盘
13:44:57,101.91,-0.01,3,30571,中性盘
13:45:00,101.9,-0.01,12,122287,卖盘
13:45:03,101.9,0.0,5,50951,卖盘
13:45:06,101.92,0.02,2,20384,买盘
13:45:09,101.92,0.0,1,10192,买盘
13:45:15,101.92,0.0,33,336473,买盘
13:45:19,101.9,-0.02,6,61150,卖盘
13:45:21,101.9,0.0,11,112090,卖盘
13:45:24,101.9,0.0,9,91710,买盘
13:45:28,101.89,-0.01,3,30568,卖盘
13:45:30,101.88,-0.01,7,71318,卖盘
13:45:33,101.88,0.0,5,50944,卖盘
13:45:36,101.9,0.02,5,50950,买盘
13:45:39,101.87,-0.03,10,101875,卖盘
13:45:45,101.87,0.0,1,10187,卖盘
13:45:51,101.9,0.03,2,20380,买盘
13:45:57,101.88,0.0,2,14161,卖盘
13:46:00,101.87,-0.01,4,40748,卖盘
13:46:03,101.87,0.0,4,40748,卖盘
13:46:06,101.87,0.0,1,10187,卖盘
13:46:09,101.88,0.01,5,50940,买盘
13:46:12,101.88,0.0,11,118276,买盘
13:46:21,101.88,0.0,1,10188,卖盘
13:46:24,101.87,-0.01,19,187342,卖盘
13:46:26,101.87,0.0,4,40748,买盘
13:46:30,101.87,0.0,5,50935,买盘
13:46:33,101.86,-0.01,3,30558,卖盘
13:46:39,101.86,0.0,14,142604,卖盘
13:46:42,101.87,0.01,3,30561,买盘
13:46:45,101.86,-0.01,2,20372,卖盘
13:46:48,101.87,0.01,8,81496,买盘
13:46:50,101.87,0.0,2,20374,买盘
13:46:53,101.86,-0.01,4,40746,卖盘
13:46:57,101.87,0.01,1,10187,买盘
13:46:59,101.87,0.0,5,50934,买盘
13:47:03,101.86,-0.01,37,376884,卖盘
13:47:06,101.86,0.0,26,264833,买盘
13:47:08,101.86,0.0,54,550044,买盘
13:47:11,101.86,0.0,4,40741,买盘
13:47:15,101.86,0.0,3,30558,买盘
13:47:17,101.86,0.0,181,1843664,买盘
13:47:20,101.85,-0.01,20,203718,卖盘
13:47:23,101.87,0.02,16,163007,中性盘
13:47:27,101.88,0.01,31,315828,买盘
13:47:29,101.9,0.02,30,305676,买盘
13:47:34,101.9,0.0,2,20380,卖盘
13:47:36,101.9,0.0,8,81521,卖盘
13:47:42,101.9,0.0,6,61140,卖盘
13:47:45,101.94,0.04,2,20388,买盘
13:47:50,101.9,-0.04,13,132474,卖盘
13:48:00,101.91,0.01,7,71354,卖盘
13:48:04,101.9,-0.01,4,40762,卖盘
13:48:06,101.97,0.07,10,101919,中性盘
13:48:09,101.88,-0.09,6,61136,卖盘
13:48:12,101.97,0.09,2,20391,买盘
13:48:15,101.98,0.01,1,10198,买盘
13:48:20,101.95,-0.03,1,10195,中性盘
13:48:30,101.93,-0.02,6,61158,卖盘
13:48:35,101.96,0.03,4,40779,买盘
13:48:39,101.93,-0.03,1,10193,卖盘
13:48:48,101.95,0.02,4,40780,买盘
13:49:00,101.95,0.0,6,61163,买盘
13:49:06,101.91,-0.04,3,30573,卖盘
13:49:09,101.91,0.0,4,40764,卖盘
13:49:12,101.9,-0.01,4,40760,卖盘
13:49:17,101.9,0.0,2,20380,卖盘
13:49:20,101.91,0.01,1,10191,买盘
13:49:24,101.91,0.0,9,91719,买盘
13:49:30,101.91,0.0,5,50954,买盘
13:49:33,101.91,0.0,1,10191,买盘
13:49:35,101.9,-0.01,3,30570,卖盘
13:49:41,101.9,0.0,4,40760,卖盘
13:49:45,101.91,0.01,1,10191,买盘
13:49:47,101.9,-0.01,1,10190,卖盘
13:49:51,101.91,0.01,4,40764,买盘
13:49:53,101.91,0.0,1,10191,买盘
13:49:57,101.91,0.0,6,61146,买盘
13:50:00,101.9,-0.01,3,30570,卖盘
13:50:03,101.93,0.03,12,122296,买盘
13:50:06,101.93,0.0,8,81533,买盘
13:50:08,101.94,0.01,3,30582,买盘
13:50:12,101.96,0.02,44,448580,买盘
13:50:15,101.98,0.02,16,163168,买盘
13:50:18,102.0,0.02,5,51000,买盘
13:50:21,102.2,0.2,8,81668,买盘
13:50:24,102.2,0.0,4,40862,买盘
13:50:26,102.2,0.0,12,122640,卖盘
13:50:30,102.2,0.0,8,81675,买盘
13:50:35,102.01,-0.19,4,40812,卖盘
13:50:38,102.2,0.19,2,20421,买盘
13:50:50,102.01,-0.19,3,30603,卖盘
13:50:57,102.18,0.17,3,30620,买盘
13:51:00,102.18,0.0,7,71475,买盘
13:51:03,102.18,0.0,4,40872,买盘
13:51:05,102.18,0.0,9,91962,卖盘
13:51:09,102.17,-0.01,1,10217,买盘
13:51:12,102.17,0.0,1,10217,买盘
13:51:14,102.17,0.0,1,10217,买盘
13:51:21,102.02,-0.15,3,30607,卖盘
13:51:30,102.19,0.17,21,214599,买盘
13:51:32,102.19,0.0,4,40876,买盘
13:51:36,102.05,-0.14,4,40836,卖盘
13:51:40,102.12,0.07,5,51060,中性盘
13:51:51,102.03,-0.02,2,20409,卖盘
13:51:53,102.02,-0.01,1,10202,卖盘
13:51:57,102.05,0.03,3,30615,中性盘
13:52:00,102.05,0.0,4,40820,卖盘
13:52:03,101.95,-0.1,36,362341,卖盘
13:52:05,102.0,0.05,50,509995,买盘
13:52:09,102.0,0.0,12,122400,买盘
13:52:12,102.0,0.0,3,35902,买盘
13:52:15,102.0,0.0,4,40799,买盘
13:52:17,102.0,0.0,1,10200,买盘
13:52:20,102.0,0.0,8,81574,买盘
13:52:30,101.96,-0.04,17,173356,卖盘
13:52:33,102.0,0.04,3,30600,买盘
13:52:36,101.98,-0.02,1,10198,卖盘
13:52:39,101.95,-0.03,9,91758,卖盘
13:52:42,101.96,0.01,6,61176,买盘
13:52:45,101.96,0.0,3,30588,买盘
13:52:48,101.96,0.0,2,20392,买盘
13:52:51,101.95,-0.01,3,30585,卖盘
13:52:54,101.96,0.01,4,40784,买盘
13:52:57,101.96,0.0,6,61176,买盘
13:53:00,101.92,-0.04,6,61169,卖盘
13:53:06,101.96,0.04,5,50970,买盘
13:53:09,101.92,-0.04,2,20388,卖盘
13:53:12,101.9,-0.02,11,112107,买盘
13:53:17,101.9,0.0,26,264942,卖盘
13:53:20,101.9,0.0,5,50952,卖盘
13:53:24,101.9,0.0,2,20380,卖盘
13:53:26,101.89,-0.01,41,417384,卖盘
13:53:32,101.89,0.0,2,20378,买盘
13:53:36,101.88,-0.01,4,40752,卖盘
13:53:39,101.88,0.0,7,71317,卖盘
13:53:42,101.88,0.0,2,18032,卖盘
13:53:44,101.89,0.01,1,10189,买盘
13:53:48,101.88,-0.01,1,10188,卖盘
13:53:57,101.89,0.01,1,10189,买盘
13:54:00,101.87,-0.02,6,62554,卖盘
13:54:03,101.88,0.01,14,142631,买盘
13:54:05,101.87,-0.01,4,40748,卖盘
13:54:09,101.87,0.0,16,163009,卖盘
13:54:15,101.87,0.0,5,50935,卖盘
13:54:18,101.87,0.0,3,31479,卖盘
13:54:21,101.87,0.0,2,20374,买盘
13:54:24,101.87,0.0,10,101869,买盘
13:54:26,101.88,0.01,7,71314,买盘
13:54:30,101.88,0.0,4,40749,中性盘
13:54:39,101.87,-0.01,4,40748,卖盘
13:54:42,101.88,0.01,1,10188,买盘
13:54:44,101.88,0.0,6,61128,买盘
13:54:48,101.87,-0.01,2,20375,卖盘
13:54:50,101.88,0.01,1,10188,买盘
13:54:56,101.89,0.01,4,40753,买盘
13:54:59,101.87,-0.02,5,50938,卖盘
13:55:02,101.89,0.02,2,20378,买盘
13:55:06,101.86,-0.03,6,61126,卖盘
13:55:08,101.86,0.0,5,50933,卖盘
13:55:12,101.88,0.02,2,20376,中性盘
13:55:15,101.88,0.0,2,20376,买盘
13:55:21,101.88,0.0,3,30564,买盘
13:55:24,101.89,0.01,25,254725,买盘
13:55:27,101.94,0.05,47,476962,买盘
13:55:30,101.89,-0.05,2,20378,卖盘
13:55:32,101.94,0.05,1,10194,买盘
13:55:36,101.95,0.01,3,30583,买盘
13:55:39,101.96,0.01,11,112145,买盘
13:55:42,101.89,-0.07,1,10189,卖盘
13:55:45,101.98,0.09,1,10198,买盘
13:55:48,101.89,-0.09,4,40756,卖盘
13:55:51,101.95,0.06,9,93644,买盘
13:55:54,101.95,0.0,1,10195,卖盘
13:56:00,101.95,0.0,8,79581,买盘
13:56:03,101.95,0.0,1,10195,卖盘
13:56:06,101.88,-0.07,16,163109,买盘
13:56:14,101.94,0.06,2,20388,买盘
13:56:20,101.88,-0.06,6,61134,卖盘
13:56:23,101.96,0.08,3,30592,中性盘
13:56:36,101.91,-0.05,3,30573,卖盘
13:56:38,101.98,0.07,5,50986,买盘
13:56:44,101.98,0.0,3,30594,买盘
13:56:51,101.98,0.0,1,10198,买盘
13:56:54,101.98,0.0,3,30594,买盘
13:56:59,101.93,-0.05,8,81555,卖盘
13:57:09,101.94,0.01,4,40783,卖盘
13:57:15,101.98,0.04,8,81584,买盘
13:57:21,101.99,0.01,3,30595,中性盘
13:57:24,102.0,0.01,2,20400,中性盘
13:57:26,102.0,0.0,2,20413,卖盘
13:57:30,101.98,-0.02,2,20400,卖盘
13:57:36,102.0,0.02,4,40800,卖盘
13:57:39,101.98,-0.02,2,20396,卖盘
13:57:51,102.01,0.03,2,20402,卖盘
13:57:57,102.07,0.06,7,71449,买盘
13:58:00,102.01,-0.06,1,10201,卖盘
13:58:02,102.0,-0.01,2,20401,卖盘
13:58:06,102.01,0.01,1,10201,中性盘
13:58:08,101.98,-0.03,4,40792,卖盘
13:58:11,102.0,0.02,3,30596,买盘
13:58:21,102.0,0.0,10,102000,买盘
13:58:24,102.0,0.0,6,61200,买盘
13:58:26,102.0,0.0,2,20400,卖盘
13:58:30,101.98,-0.02,9,91788,卖盘
13:58:33,101.99,0.01,1,10199,中性盘
13:58:38,101.98,-0.01,4,40796,卖盘
13:58:48,101.98,0.0,34,346733,卖盘
13:58:54,101.99,0.01,1,10199,买盘
13:59:00,101.98,-0.01,4,40784,中性盘
13:59:03,101.98,0.0,1,4385,卖盘
13:59:06,101.94,-0.04,1,10197,买盘
13:59:08,101.94,0.0,3,30582,卖盘
13:59:18,101.98,0.04,5,50990,卖盘
13:59:20,101.98,0.0,7,71386,买盘
13:59:27,101.95,-0.03,1,15499,卖盘
13:59:29,101.95,0.0,1,10603,卖盘
13:59:32,101.98,0.03,1,10198,买盘
13:59:39,101.94,-0.04,8,81555,卖盘
13:59:42,101.96,0.02,1,10196,买盘
13:59:48,101.96,0.0,1,10196,买盘
13:59:50,101.96,0.0,1,10196,买盘
14:00:00,101.91,-0.05,86,876499,卖盘
14:00:02,101.96,0.05,2,20388,买盘
14:00:05,101.98,0.02,40,408116,买盘
14:00:08,102.0,0.02,40,407979,买盘
14:00:11,102.02,0.02,9,91807,买盘
14:00:14,102.07,0.05,6,61237,买盘
14:00:18,102.13,0.06,5,51053,买盘
14:00:21,102.19,0.06,41,418883,买盘
14:00:24,102.0,-0.19,2,20407,卖盘
14:00:30,102.19,0.19,12,122427,买盘
14:00:32,101.99,-0.2,37,377383,中性盘
14:00:35,101.99,0.0,21,214179,买盘
14:00:39,101.99,0.0,6,61254,卖盘
14:00:48,102.0,0.01,2,20404,卖盘
14:00:51,101.99,-0.01,9,91794,卖盘
14:00:54,102.01,0.02,1,10201,卖盘
14:00:59,102.2,0.19,2,20421,买盘
14:01:02,101.91,-0.29,60,611850,卖盘
14:01:05,101.92,0.01,2,20384,卖盘
14:01:08,101.91,-0.01,13,132535,卖盘
14:01:12,102.0,0.09,3,30598,买盘
14:01:15,102.08,0.08,2,20413,中性盘
14:01:30,102.01,-0.07,3,30603,卖盘
14:01:33,102.08,0.07,15,153119,中性盘
14:01:39,102.0,-0.08,28,285599,卖盘
14:01:42,101.99,-0.01,4,43673,中性盘
14:01:45,102.04,0.05,2,20404,买盘
14:01:48,102.04,0.0,1,10204,卖盘
14:01:57,102.2,0.16,4,40880,买盘
14:01:59,102.01,-0.19,8,81630,卖盘
14:02:03,102.01,0.0,3,30603,卖盘
14:02:06,102.01,0.0,1,10201,卖盘
14:02:09,102.0,-0.01,22,224400,卖盘
14:02:12,101.99,-0.01,2,15911,卖盘
14:02:15,102.0,0.01,2,20400,买盘
14:02:17,102.03,0.03,9,91812,买盘
14:02:21,102.09,0.06,44,448938,买盘
14:02:24,102.09,0.0,8,81666,买盘
14:02:30,102.09,0.0,1,10209,买盘
14:02:36,102.08,-0.01,1,10208,买盘
14:02:39,102.03,-0.05,9,91860,卖盘
14:02:45,102.09,0.06,31,316479,买盘
14:02:48,102.0,-0.09,4,40813,卖盘
14:02:50,101.98,-0.02,21,214209,卖盘
14:02:54,102.03,0.05,3,30613,中性盘
14:02:57,102.05,0.02,3,30611,买盘
14:02:59,102.05,0.0,2,20410,买盘
14:03:03,102.04,-0.01,4,40816,卖盘
14:03:06,102.05,0.01,4,40814,买盘
14:03:08,102.0,-0.05,3,30602,卖盘
14:03:12,102.0,0.0,17,173428,卖盘
14:03:15,102.0,0.0,4,40800,卖盘
14:03:18,102.05,0.05,7,71419,买盘
14:03:21,102.0,-0.05,4,40800,卖盘
14:03:27,102.04,0.04,21,214208,买盘
14:03:29,102.0,-0.04,8,81600,卖盘
14:03:32,102.0,0.0,5,51000,卖盘
14:03:36,102.04,0.04,13,132604,买盘
14:03:39,102.0,-0.04,4,40800,卖盘
14:03:44,102.0,0.0,4,40800,卖盘
14:03:48,102.0,0.0,16,163200,卖盘
14:03:51,102.01,0.01,6,61206,卖盘
14:03:53,102.0,-0.01,5,54679,卖盘
14:04:00,102.0,0.0,4,40801,卖盘
14:04:03,102.01,0.01,7,66508,卖盘
14:04:06,102.03,0.02,1,10203,买盘
14:04:09,102.0,-0.03,22,224412,卖盘
14:04:18,102.0,0.0,9,91803,卖盘
14:04:21,102.03,0.03,2,20403,买盘
14:04:24,102.0,-0.03,40,408000,卖盘
14:04:27,102.01,0.01,13,132603,中性盘
14:04:30,101.98,-0.03,40,407954,卖盘
14:04:33,102.01,0.03,1,10201,买盘
14:04:39,101.98,-0.03,4,40795,卖盘
14:04:41,102.0,0.02,5,51000,买盘
14:04:47,102.0,0.0,7,75883,买盘
14:04:51,101.98,-0.02,4,37532,买盘
14:04:54,102.0,0.02,12,122395,买盘
14:04:57,102.0,0.0,2,20400,买盘
14:05:00,101.95,-0.05,14,142734,卖盘
14:05:05,101.91,-0.04,34,346566,卖盘
14:05:08,101.91,0.0,8,81528,买盘
14:05:12,101.9,-0.01,14,142661,卖盘
14:05:15,101.91,0.01,39,397449,买盘
14:05:17,101.91,0.0,24,244584,买盘
14:05:20,101.91,0.0,42,428018,买盘
14:05:24,101.91,0.0,3,30573,买盘
14:05:27,101.92,0.01,6,61147,买盘
14:05:30,101.9,-0.02,19,193620,卖盘
14:05:33,101.91,0.01,2,20382,中性盘
14:05:36,101.91,0.0,3,30574,中性盘
14:05:39,101.9,-0.01,2,20380,卖盘
14:05:42,101.91,0.01,6,61146,买盘
14:05:47,101.91,0.0,1,10191,买盘
14:05:50,101.9,-0.01,10,101904,卖盘
14:06:02,101.9,0.0,13,132491,卖盘
14:06:08,101.9,0.0,17,173132,卖盘
14:06:12,101.91,0.01,3,30573,中性盘
14:06:18,101.9,-0.01,5,50952,卖盘
14:06:21,101.92,0.02,2,20382,买盘
14:06:27,101.91,-0.01,1,10191,卖盘
14:06:30,101.91,0.0,6,61146,卖盘
14:06:36,101.91,0.0,5,50955,买盘
14:06:38,101.9,-0.01,6,61142,卖盘
14:06:42,101.9,0.0,8,81526,卖盘
14:06:45,101.91,0.01,4,43412,买盘
14:06:51,101.91,0.0,5,50955,买盘
14:06:56,101.91,0.0,2,20382,买盘
14:07:00,101.9,-0.01,6,61140,卖盘
14:07:03,101.9,0.0,2,20380,卖盘
14:07:05,101.9,0.0,7,71330,卖盘
14:07:12,101.9,0.0,4,40760,卖盘
14:07:14,101.9,0.0,14,142660,卖盘
14:07:17,101.91,0.01,1,10191,买盘
14:07:20,101.91,0.0,24,244577,买盘
14:07:24,101.91,0.0,22,224202,卖盘
14:07:26,101.91,0.0,2,20382,卖盘
14:07:29,101.91,0.0,9,91719,卖盘
14:07:33,101.91,0.0,7,71337,卖盘
14:07:36,101.91,0.0,3,30573,卖盘
14:07:39,101.91,0.0,13,132483,卖盘
14:07:42,101.91,0.0,2,20382,卖盘
14:07:48,101.91,0.0,30,305730,卖盘
14:07:50,101.89,-0.02,9,91712,卖盘
14:07:54,101.89,0.0,5,50947,卖盘
14:08:00,101.91,0.02,9,91719,买盘
14:08:03,101.91,0.0,4,40758,买盘
14:08:06,101.89,-0.02,4,40762,卖盘
14:08:09,101.89,0.0,6,61139,卖盘
14:08:15,101.89,0.0,33,333699,卖盘
14:08:21,101.89,0.0,2,20378,买盘
14:08:27,101.89,0.0,1,10189,买盘
14:08:30,101.88,-0.01,31,315828,卖盘
14:08:33,101.89,0.01,5,50945,买盘
14:08:36,101.89,0.0,9,91701,买盘
14:08:39,101.89,0.0,1,10189,买盘
14:08:41,101.89,0.0,5,50945,买盘
14:08:45,101.88,-0.01,3,30564,卖盘
14:08:48,101.88,0.0,1,10188,卖盘
14:08:51,101.88,0.0,8,81506,卖盘
14:08:54,101.88,0.0,3,30566,卖盘
14:09:00,101.89,0.01,5,50945,买盘
14:09:03,101.88,-0.01,14,142632,卖盘
14:09:05,101.89,0.01,10,101881,买盘
14:09:09,101.88,-0.01,4,41669,卖盘
14:09:15,101.88,0.0,3,33620,卖盘
14:09:18,101.89,0.01,4,40756,买盘
14:09:20,101.89,0.0,7,71314,买盘
14:09:24,101.89,0.0,2,20378,买盘
14:09:26,101.89,0.0,3,30565,买盘
14:09:30,101.88,-0.01,2,20376,中性盘
14:09:33,101.89,0.01,22,224140,买盘
14:09:39,101.9,0.01,7,71328,买盘
14:09:42,101.89,-0.01,7,71323,卖盘
14:09:45,101.9,0.01,9,91710,买盘
14:09:57,101.9,0.0,1,10190,买盘
14:10:00,101.9,0.0,6,61140,买盘
14:10:02,101.9,0.0,44,448360,买盘
14:10:05,101.92,0.02,27,275166,买盘
14:10:08,101.99,0.07,11,112154,买盘
14:10:12,102.0,0.01,12,122367,买盘
14:10:15,101.89,-0.11,51,519644,卖盘
14:10:17,101.89,0.0,97,988333,买盘
14:10:20,101.89,0.0,13,132450,买盘
14:10:23,101.95,0.06,1,10195,买盘
14:10:30,101.93,-0.02,3,30579,买盘
14:10:32,101.87,-0.06,43,431706,卖盘
14:10:36,101.93,0.06,50,515873,买盘
14:10:39,101.93,0.0,8,81554,卖盘
14:10:44,101.93,0.0,1,10193,卖盘
14:10:57,101.93,0.0,2,20387,卖盘
14:11:00,101.93,0.0,5,50966,卖盘
14:11:03,101.93,0.0,6,61158,卖盘
14:11:06,101.94,0.01,2,20386,买盘
14:11:09,101.93,-0.01,1,10193,卖盘
14:11:12,101.92,-0.01,1,10192,买盘
14:11:18,101.91,-0.01,12,122296,买盘
14:11:20,101.88,-0.03,11,112072,卖盘
14:11:24,101.88,0.0,10,101884,卖盘
14:11:27,101.86,-0.02,14,134872,卖盘
14:11:29,101.86,0.0,18,183394,卖盘
14:11:36,101.87,0.01,3,30561,卖盘
14:11:39,101.86,-0.01,22,224106,卖盘
14:11:44,101.85,-0.01,133,1355953,卖盘
14:11:47,101.84,-0.01,5,50924,卖盘
14:11:50,101.85,0.01,6,61110,买盘
14:11:54,101.86,0.01,2,20370,买盘
14:12:00,101.84,-0.02,17,173128,卖盘
14:12:02,101.85,0.01,4,45222,买盘
14:12:05,101.84,-0.01,3,30553,卖盘
14:12:09,101.85,0.01,6,61110,卖盘
14:12:12,101.85,0.0,2,20374,卖盘
14:12:15,101.85,0.0,2,20370,卖盘
14:12:18,101.83,-0.02,66,672085,卖盘
14:12:21,101.86,0.03,1,10186,买盘
14:12:23,101.85,-0.01,1,10185,卖盘
14:12:27,101.85,0.0,3,24851,卖盘
