time,price,change,volume,amount,type
09:25:04,104.03,-0.84,104,1081912,卖盘
09:30:00,104.0,-0.03,92,956820,卖盘
09:30:03,104.0,0.0,115,1195870,买盘
09:30:05,104.03,0.03,409,4261286,买盘
09:30:09,104.05,0.02,93,967506,买盘
09:30:12,104.05,0.0,22,228902,卖盘
09:30:15,104.08,0.03,39,405829,卖盘
09:30:18,104.11,0.03,11,114503,卖盘
09:30:20,104.12,0.01,18,187629,卖盘
09:30:24,104.78,0.66,30,313921,买盘
09:30:26,104.78,0.0,9,94270,买盘
09:30:30,104.77,-0.01,12,125581,买盘
09:30:33,104.77,0.0,10,104686,买盘
09:30:35,104.84,0.07,5,52395,买盘
09:30:39,104.7,-0.14,6,62715,买盘
09:30:42,104.2,-0.5,40,418672,中性盘
09:30:45,104.2,0.0,3,31260,卖盘
09:30:48,104.69,0.49,7,73283,买盘
09:30:51,104.69,0.0,3,31359,买盘
09:30:54,104.69,0.0,4,41849,买盘
09:30:57,104.69,0.0,8,83605,买盘
09:31:00,104.69,0.0,58,607401,买盘
09:31:03,104.7,0.01,24,250727,买盘
09:31:06,104.7,0.0,16,167518,卖盘
09:31:09,104.7,0.0,10,104553,买盘
09:31:12,104.24,-0.46,32,334016,卖盘
09:31:15,104.7,0.46,14,146314,买盘
09:31:18,104.69,-0.01,10,104610,中性盘
09:31:21,104.7,0.01,38,397279,买盘
09:31:24,104.7,0.0,9,94070,买盘
09:31:27,104.69,-0.01,18,188435,中性盘
09:31:30,104.7,0.01,31,324462,买盘
09:31:33,104.74,0.04,51,533865,买盘
09:31:35,104.7,-0.04,32,335054,卖盘
09:31:39,104.7,0.0,18,188447,买盘
09:31:42,104.51,-0.19,13,136066,卖盘
09:31:45,104.68,0.17,8,83728,中性盘
09:31:48,104.69,0.01,11,115135,买盘
09:31:51,104.68,-0.01,7,73279,卖盘
09:31:53,104.68,0.0,5,52338,买盘
09:31:57,104.68,0.0,5,52340,买盘
09:32:00,104.68,0.0,13,136088,卖盘
09:32:02,104.7,0.02,38,397700,买盘
09:32:05,104.69,-0.01,16,165263,中性盘
09:32:09,104.7,0.01,23,240638,买盘
09:32:12,104.74,0.04,52,544373,买盘
09:32:15,104.69,-0.05,63,659501,卖盘
09:32:18,104.74,0.05,33,345501,买盘
09:32:21,104.75,0.01,13,136118,买盘
09:32:24,104.75,0.0,5,52373,买盘
09:32:27,104.75,0.0,5,52368,买盘
09:32:30,104.73,-0.02,16,167548,买盘
09:32:33,104.7,-0.03,7,73239,中性盘
09:32:36,104.7,0.0,9,92136,买盘
09:32:39,104.7,0.0,7,73267,买盘
09:32:42,104.75,0.05,20,209390,买盘
09:32:45,104.7,-0.05,8,83774,卖盘
09:32:48,104.75,0.05,22,230322,买盘
09:32:51,104.73,-0.02,14,146629,卖盘
09:32:54,104.75,0.02,12,125702,中性盘
09:32:56,104.7,-0.05,27,282734,卖盘
09:33:00,104.67,-0.03,19,198939,卖盘
09:33:02,104.72,0.05,14,146552,中性盘
09:33:05,104.75,0.03,48,502459,买盘
09:33:09,104.73,-0.02,16,167582,卖盘
09:33:13,104.54,-0.19,43,449523,卖盘
09:33:15,104.73,0.19,14,146378,买盘
09:33:18,104.5,-0.23,15,158873,卖盘
09:33:21,104.54,0.04,16,165112,买盘
09:33:24,104.55,0.01,5,52267,买盘
09:33:27,104.73,0.18,12,125559,中性盘
09:33:30,104.73,0.0,8,83780,买盘
09:33:33,104.71,-0.02,23,240709,卖盘
09:33:36,104.7,-0.01,24,251298,卖盘
09:33:39,104.7,0.0,14,146551,买盘
09:33:42,104.7,0.0,19,198846,买盘
09:33:45,104.64,-0.06,3,31392,卖盘
09:33:48,104.7,0.06,16,167393,买盘
09:33:51,104.69,-0.01,4,41871,卖盘
09:33:54,104.69,0.0,24,251251,中性盘
09:33:57,104.59,-0.1,38,397826,卖盘
09:34:00,104.54,-0.05,9,94114,卖盘
09:34:03,104.59,0.05,4,41831,买盘
09:34:05,104.73,0.14,37,387311,买盘
09:34:09,104.65,-0.08,24,251192,卖盘
09:34:13,104.61,-0.04,14,146538,卖盘
09:34:15,104.65,0.04,25,261495,买盘
09:34:18,104.65,0.0,6,62762,买盘
09:34:21,104.65,0.0,18,188370,卖盘
09:34:23,104.7,0.05,7,73293,中性盘
09:34:27,104.64,-0.06,22,230274,卖盘
09:34:30,104.7,0.06,21,219857,买盘
09:34:33,104.65,-0.05,17,177927,卖盘
09:34:36,104.65,0.0,24,251116,中性盘
09:34:39,104.6,-0.05,9,94139,买盘
09:34:42,104.66,0.06,19,198730,买盘
09:34:45,104.6,-0.06,4,41822,中性盘
09:34:48,104.66,0.06,13,136038,买盘
09:34:51,104.69,0.03,53,559876,卖盘
09:34:53,104.66,-0.03,2,20932,卖盘
09:34:58,104.66,0.0,9,94104,买盘
09:35:00,104.69,0.03,64,669840,买盘
09:35:03,104.5,-0.19,16,167254,卖盘
09:35:06,104.66,0.16,38,397651,买盘
09:35:09,104.66,0.0,12,125557,买盘
09:35:12,104.66,0.0,51,533808,买盘
09:35:15,104.51,-0.15,9,94062,卖盘
09:35:18,104.66,0.15,17,177910,买盘
09:35:21,104.67,0.01,49,512871,买盘
09:35:23,104.53,-0.14,25,261351,卖盘
09:35:27,104.6,0.07,11,115091,买盘
09:35:30,104.64,0.04,18,188361,卖盘
09:35:33,104.6,-0.04,12,125579,卖盘
09:35:36,104.6,0.0,15,156904,卖盘
09:35:39,104.61,0.01,34,355532,买盘
09:35:42,104.61,0.0,4,41821,买盘
09:35:45,104.45,-0.16,244,2550559,卖盘
09:35:48,104.51,0.06,8,83598,卖盘
09:35:51,104.7,0.19,77,805660,买盘
09:35:54,104.49,-0.21,36,376746,卖盘
09:35:57,104.52,0.03,43,449511,买盘
09:36:00,104.51,-0.01,19,198643,卖盘
09:36:03,104.67,0.16,36,376721,买盘
09:36:07,104.5,-0.17,17,177710,卖盘
09:36:09,104.5,0.0,23,240464,卖盘
09:36:13,104.49,-0.01,26,272112,中性盘
09:36:15,104.49,0.0,24,250488,买盘
09:36:18,104.33,-0.16,19,198231,卖盘
09:36:21,104.31,-0.02,23,239946,卖盘
09:36:24,104.45,0.14,16,166956,买盘
09:36:27,104.3,-0.15,21,219093,卖盘
09:36:30,104.47,0.17,14,146098,买盘
09:36:33,104.46,-0.01,49,511897,卖盘
09:36:37,104.35,-0.11,46,480519,卖盘
09:36:39,104.46,0.11,21,219264,卖盘
09:36:43,104.47,0.01,59,616441,买盘
09:36:45,104.47,0.0,39,407407,买盘
09:36:48,104.46,-0.01,33,344741,中性盘
09:36:51,104.47,0.01,32,334330,买盘
09:36:54,104.46,-0.01,9,93969,卖盘
09:36:58,104.31,-0.15,9,93984,卖盘
09:37:00,104.46,0.15,37,386408,买盘
09:37:03,104.46,0.0,48,501284,买盘
09:37:06,104.3,-0.16,30,313298,卖盘
09:37:10,104.39,0.09,25,261108,卖盘
09:37:13,104.46,0.07,54,564030,中性盘
09:37:15,104.65,0.19,13,135889,买盘
09:37:18,104.57,-0.08,3,31387,卖盘
09:37:21,104.67,0.1,22,230219,买盘
09:37:24,104.69,0.02,18,186824,买盘
09:37:28,104.58,-0.11,7,73264,卖盘
09:37:30,104.58,0.0,5,52321,卖盘
09:37:33,104.7,0.12,14,146547,买盘
09:37:36,104.7,0.0,19,198710,买盘
09:37:40,104.58,-0.12,3,31384,卖盘
09:37:43,104.63,0.05,15,157050,中性盘
09:37:45,104.63,0.0,2,20932,卖盘
09:37:48,104.5,-0.13,5,52279,卖盘
09:37:51,104.74,0.24,10,104732,买盘
09:37:54,104.72,-0.02,5,52368,卖盘
09:37:58,104.7,-0.02,2,20940,卖盘
09:38:00,104.52,-0.18,6,62768,卖盘
09:38:03,104.74,0.22,22,230386,买盘
09:38:06,104.79,0.05,28,290925,买盘
09:38:10,104.8,0.01,5,54807,买盘
09:38:13,104.51,-0.29,21,219895,卖盘
09:38:15,104.52,0.01,2,20904,卖盘
09:38:18,104.6,0.08,13,136019,中性盘
09:38:21,104.6,0.0,2,20921,卖盘
09:38:24,104.52,-0.08,13,135864,买盘
09:38:28,104.53,0.01,5,52261,买盘
09:38:30,104.53,0.0,3,31381,卖盘
09:38:33,104.68,0.15,7,73276,买盘
09:38:36,104.6,-0.08,13,136076,卖盘
09:38:40,104.53,-0.07,23,240438,卖盘
09:38:42,104.5,-0.03,8,83608,卖盘
09:38:45,104.52,0.02,6,62712,买盘
09:38:48,104.5,-0.02,24,250803,卖盘
09:38:51,104.53,0.03,45,470311,买盘
09:38:55,104.53,0.0,5,52271,卖盘
09:38:58,104.54,0.01,1,10454,卖盘
09:39:00,104.61,0.07,3,31397,中性盘
09:39:03,104.54,-0.07,17,177935,卖盘
09:39:06,104.8,0.26,45,471248,买盘
09:39:10,104.75,-0.05,26,272159,卖盘
09:39:13,104.8,0.05,43,450440,买盘
09:39:15,104.8,0.0,5,52383,买盘
09:39:18,104.8,0.0,28,288844,买盘
09:39:21,104.82,0.02,6,62888,买盘
09:39:24,104.83,0.01,9,94341,买盘
09:39:28,104.84,0.01,7,73384,卖盘
09:39:30,104.85,0.01,15,157262,买盘
09:39:33,104.85,0.0,35,364519,买盘
09:39:36,104.87,0.02,13,136317,买盘
09:39:40,104.85,-0.02,12,125816,卖盘
09:39:42,104.87,0.02,25,262131,买盘
09:39:45,104.83,-0.04,6,65292,买盘
09:39:49,104.86,0.03,17,175790,买盘
09:39:51,104.75,-0.11,17,180630,卖盘
09:39:54,104.81,0.06,4,39508,卖盘
09:39:58,104.83,0.02,4,41915,买盘
09:40:00,104.83,0.0,10,104815,买盘
09:40:04,104.74,-0.09,8,83793,卖盘
09:40:06,104.74,0.0,18,188524,买盘
09:40:10,104.75,0.01,8,83789,买盘
09:40:13,104.52,-0.23,37,386859,卖盘
09:40:15,104.55,0.03,45,470400,买盘
09:40:18,104.72,0.17,9,94170,买盘
09:40:21,104.72,0.0,5,52358,买盘
09:40:24,104.61,-0.11,4,41855,中性盘
09:40:28,104.61,0.0,3,31383,卖盘
09:40:30,104.56,-0.05,20,212614,中性盘
09:40:34,104.62,0.06,26,271967,买盘
09:40:36,104.61,-0.01,21,219696,卖盘
09:40:40,104.56,-0.05,17,177787,中性盘
09:40:42,104.61,0.05,18,188281,买盘
09:40:45,104.6,-0.01,3,31374,中性盘
09:40:48,104.71,0.11,3,31393,买盘
09:40:51,104.71,0.0,7,73288,买盘
09:40:54,104.71,0.0,22,230377,卖盘
09:40:57,104.62,-0.09,13,136028,卖盘
09:41:00,104.63,0.01,6,62781,中性盘
09:41:04,104.66,0.03,14,146548,买盘
09:41:06,104.62,-0.04,25,261684,卖盘
09:41:09,104.7,0.08,9,94190,买盘
09:41:13,104.59,-0.11,15,156947,卖盘
09:41:15,104.59,0.0,10,104584,买盘
09:41:18,104.7,0.11,25,261663,买盘
09:41:21,104.71,0.01,10,104670,买盘
09:41:24,104.71,0.0,6,62824,买盘
09:41:28,104.62,-0.09,14,146519,卖盘
09:41:30,104.62,0.0,2,20931,卖盘
09:41:33,104.66,0.04,5,52330,卖盘
09:41:36,104.7,0.04,19,198898,买盘
09:41:39,104.69,-0.01,9,94242,卖盘
09:41:43,104.66,-0.03,3,31398,卖盘
09:41:45,104.66,0.0,17,177905,买盘
09:41:49,104.67,0.01,7,73268,卖盘
09:41:51,104.83,0.16,45,475653,买盘
09:41:55,104.7,-0.13,18,184543,卖盘
09:41:58,104.72,0.02,14,146598,买盘
09:42:00,104.69,-0.03,5,52356,卖盘
09:42:04,104.68,-0.01,6,62815,卖盘
09:42:06,104.69,0.01,11,115160,卖盘
09:42:09,104.67,-0.02,24,251229,卖盘
09:42:13,104.67,0.0,52,544305,买盘
09:42:15,104.58,-0.09,6,62781,卖盘
09:42:19,104.67,0.09,11,115117,买盘
09:42:21,104.67,0.0,9,94203,买盘
09:42:24,104.68,0.01,2,20936,中性盘
09:42:28,104.68,0.0,1,10468,卖盘
09:42:30,104.69,0.01,1,10469,中性盘
09:42:33,104.68,-0.01,16,167528,卖盘
09:42:36,104.67,-0.01,10,104675,卖盘
09:42:40,104.58,-0.09,12,125535,卖盘
09:42:43,104.53,-0.05,5,52280,卖盘
09:42:45,104.59,0.06,25,261436,买盘
09:42:48,104.59,0.0,7,73210,买盘
09:42:51,104.52,-0.07,20,209130,卖盘
09:42:55,104.59,0.07,10,104522,买盘
09:42:58,104.51,-0.08,1,10451,卖盘
09:43:00,104.51,0.0,7,73157,卖盘
09:43:04,104.5,-0.01,80,836110,卖盘
09:43:06,104.48,-0.02,26,268129,卖盘
09:43:10,104.41,-0.07,21,219318,卖盘
09:43:12,104.4,-0.01,34,354963,买盘
09:43:15,104.41,0.01,30,313216,买盘
09:43:18,104.5,0.09,11,114923,买盘
09:43:21,104.4,-0.1,12,125304,卖盘
09:43:25,104.41,0.01,1,13572,中性盘
09:43:30,104.5,0.09,11,114946,买盘
09:43:33,104.49,-0.01,21,219335,中性盘
09:43:36,104.49,0.0,7,73101,买盘
09:43:40,104.51,0.02,6,62704,买盘
09:43:43,104.43,-0.08,18,188083,卖盘
09:43:45,104.42,-0.01,4,41777,卖盘
09:43:48,104.43,0.01,19,198378,买盘
09:43:51,104.43,0.0,51,532591,卖盘
09:43:55,104.43,0.0,22,229738,买盘
09:43:58,104.44,0.01,7,73104,买盘
09:44:00,104.5,0.06,6,62688,中性盘
09:44:03,104.43,-0.07,8,83575,卖盘
09:44:06,104.5,0.07,4,41785,卖盘
09:44:09,104.42,-0.08,15,156600,中性盘
09:44:13,104.38,-0.04,30,313193,卖盘
09:44:15,104.39,0.01,15,156577,买盘
09:44:19,104.39,0.0,2,20878,卖盘
09:44:24,104.37,-0.02,18,187985,卖盘
09:44:28,104.36,-0.01,89,928811,卖盘
09:44:30,104.39,0.03,13,135688,买盘
09:44:33,104.39,0.0,3,31317,卖盘
09:44:36,104.33,-0.06,20,208738,卖盘
09:44:40,104.3,-0.03,29,302457,卖盘
09:44:43,104.19,-0.11,27,281491,卖盘
09:44:45,104.25,0.06,17,177133,买盘
09:44:49,104.22,-0.03,20,208502,中性盘
09:44:51,104.25,0.03,10,104234,买盘
09:44:54,104.3,0.05,1,10430,中性盘
09:44:58,104.26,-0.04,1,10426,卖盘
09:45:00,104.37,0.11,5,52175,买盘
09:45:04,104.56,0.19,100,1045600,中性盘
09:45:06,104.28,-0.28,50,521871,卖盘
09:45:10,104.38,0.1,20,208752,买盘
09:45:13,104.26,-0.12,45,469242,卖盘
09:45:15,104.25,-0.01,17,177230,中性盘
09:45:18,104.25,0.0,11,114625,买盘
09:45:21,104.25,0.0,4,41700,买盘
09:45:24,104.25,0.0,6,62530,买盘
09:45:28,104.26,0.01,13,135528,买盘
09:45:30,104.2,-0.06,4,41702,卖盘
09:45:33,104.26,0.06,6,62578,卖盘
09:45:36,104.37,0.11,22,229274,买盘
09:45:39,104.37,0.0,9,93837,买盘
09:45:43,104.16,-0.21,1,10416,卖盘
09:45:51,104.18,0.02,8,88923,卖盘
09:45:55,104.36,0.18,3,30560,买盘
09:45:57,104.37,0.01,1,10437,买盘
09:46:00,104.36,-0.01,5,49141,买盘
09:46:03,104.36,0.0,2,20854,中性盘
09:46:06,104.18,-0.18,3,31254,卖盘
09:46:09,104.35,0.17,2,20870,买盘
09:46:13,104.17,-0.18,27,281292,卖盘
09:46:15,104.18,0.01,3,31254,卖盘
09:46:18,104.32,0.14,2,23885,买盘
09:46:21,104.32,0.0,106,1103435,买盘
09:46:24,104.19,-0.13,9,93771,卖盘
09:46:27,104.0,-0.19,274,2850263,卖盘
09:46:30,104.23,0.23,38,395565,买盘
09:46:34,104.23,0.0,10,104245,卖盘
09:46:36,104.23,0.0,5,52038,买盘
09:46:40,104.23,0.0,11,114629,买盘
09:46:43,104.24,0.01,2,20848,中性盘
09:46:45,104.18,-0.06,1,10418,买盘
09:46:49,104.2,0.02,7,72880,中性盘
09:46:51,104.24,0.04,4,41693,买盘
09:46:54,104.27,0.03,1,10427,买盘
09:47:00,104.29,0.02,3,31283,买盘
09:47:04,104.24,-0.05,6,62547,卖盘
09:47:06,104.24,0.0,9,93816,卖盘
09:47:09,104.2,-0.04,1,10420,卖盘
09:47:13,104.18,-0.02,14,145916,卖盘
09:47:15,104.18,0.0,3,31237,买盘
09:47:18,104.18,0.0,23,239612,买盘
09:47:21,104.19,0.01,2,20838,卖盘
09:47:24,104.19,0.0,2,20838,卖盘
09:47:28,104.29,0.1,5,52140,买盘
09:47:31,103.99,-0.3,100,1040284,卖盘
09:47:34,104.06,0.07,1,10406,中性盘
09:47:36,104.19,0.13,1,10419,买盘
09:47:39,104.19,0.0,6,62474,买盘
09:47:43,104.19,0.0,2,20838,卖盘
09:47:45,104.1,-0.09,6,62479,卖盘
09:47:48,104.1,0.0,1,10410,卖盘
09:47:51,104.1,0.0,6,62493,卖盘
09:47:54,104.1,0.0,1,10410,卖盘
09:48:00,104.23,0.13,2,20846,买盘
09:48:03,104.24,0.01,4,41682,中性盘
09:48:06,104.11,-0.13,3,31234,卖盘
09:48:09,104.28,0.17,2,20852,买盘
09:48:13,104.12,-0.16,29,302249,卖盘
09:48:15,104.07,-0.05,2,20814,卖盘
09:48:18,104.29,0.22,18,187541,买盘
09:48:22,104.08,-0.21,6,62499,卖盘
09:48:28,104.2,0.12,5,52088,买盘
09:48:31,104.29,0.09,5,52107,买盘
09:48:40,104.34,0.05,9,93876,买盘
09:48:43,104.09,-0.25,1,10409,卖盘
09:48:45,104.2,0.11,1,10420,买盘
09:48:51,104.29,0.09,4,41698,买盘
09:49:00,104.29,0.0,13,135429,买盘
09:49:04,104.29,0.0,9,93861,卖盘
09:49:06,104.27,-0.02,5,52135,卖盘
09:49:09,104.27,0.0,10,104245,买盘
09:49:13,104.14,-0.13,4,41657,卖盘
09:49:16,104.14,0.0,38,395723,买盘
09:49:18,104.15,0.01,2,20830,卖盘
09:49:21,104.28,0.13,3,31284,买盘
09:49:24,104.29,0.01,7,73003,买盘
09:49:28,104.28,-0.01,8,83424,卖盘
09:49:30,104.27,-0.01,4,41698,买盘
09:49:33,104.36,0.09,11,114769,买盘
09:49:39,104.27,-0.09,8,83434,卖盘
09:49:43,104.36,0.09,7,73050,买盘
09:49:46,104.37,0.01,4,41746,买盘
09:49:49,104.38,0.01,14,146127,买盘
09:49:51,104.38,0.0,2,20876,中性盘
09:49:55,104.3,-0.08,7,73054,卖盘
09:50:00,104.3,0.0,1,10430,买盘
09:50:03,104.3,0.0,3,31290,卖盘
09:50:06,104.3,0.0,13,135590,卖盘
09:50:09,104.27,-0.03,13,135576,卖盘
09:50:13,104.2,-0.07,37,385562,卖盘
09:50:15,104.18,-0.02,23,239618,卖盘
09:50:19,104.08,-0.1,119,1239472,卖盘
09:50:21,104.03,-0.05,8,80650,卖盘
09:50:24,104.03,0.0,47,488862,买盘
09:50:28,104.02,-0.01,36,374574,卖盘
09:50:30,104.0,-0.02,87,904667,卖盘
09:50:34,104.0,0.0,26,270326,买盘
09:50:36,103.92,-0.08,112,1163905,卖盘
09:50:39,103.95,0.03,34,353337,买盘
09:50:43,103.98,0.03,10,103969,中性盘
09:50:45,103.98,0.0,1,10398,卖盘
09:50:51,103.96,-0.02,13,135147,买盘
09:50:54,103.96,0.0,3,31188,卖盘
09:50:57,103.97,0.01,2,20794,买盘
09:51:00,103.98,0.01,3,31194,买盘
09:51:03,104.0,0.02,16,166377,买盘
09:51:06,104.0,0.0,17,176798,中性盘
09:51:10,104.03,0.03,5,52009,买盘
09:51:13,104.05,0.02,42,436789,买盘
09:51:15,104.06,0.01,1,10406,卖盘
09:51:18,104.11,0.05,3,31223,买盘
09:51:21,104.06,-0.05,4,41629,中性盘
09:51:24,104.06,0.0,1,10406,卖盘
09:51:30,104.17,0.11,3,31251,买盘
09:51:33,104.12,-0.05,12,124991,中性盘
09:51:36,104.1,-0.02,7,72872,卖盘
09:51:39,104.1,0.0,5,52054,中性盘
09:51:43,104.11,0.01,4,41646,卖盘
09:51:51,104.12,0.01,20,208235,买盘
09:51:54,104.11,-0.01,4,41647,卖盘
09:51:57,104.12,0.01,4,41646,买盘
09:52:00,104.12,0.0,10,104120,买盘
09:52:03,104.12,0.0,3,31234,买盘
09:52:06,104.13,0.01,3,31236,买盘
09:52:09,104.17,0.04,6,62486,买盘
09:52:13,104.11,-0.06,16,166625,卖盘
09:52:16,104.1,-0.01,2,20821,卖盘
09:52:18,104.11,0.01,5,52055,买盘
09:52:21,104.1,-0.01,10,104104,卖盘
09:52:25,104.09,-0.01,6,62455,卖盘
09:52:27,104.07,-0.02,13,135291,卖盘
09:52:30,104.06,-0.01,16,166500,卖盘
09:52:33,104.05,-0.01,17,176888,卖盘
09:52:36,104.04,-0.01,15,155768,卖盘
09:52:39,104.04,0.0,6,62733,买盘
09:52:42,104.03,-0.01,1,10403,中性盘
09:52:46,104.02,-0.01,2,20804,卖盘
09:52:48,104.0,-0.02,26,270445,卖盘
09:52:51,104.02,0.02,25,260026,买盘
09:52:54,104.01,-0.01,4,41607,卖盘
09:52:58,104.0,-0.01,5,52001,卖盘
09:53:01,104.0,0.0,11,114407,卖盘
09:53:03,104.0,0.0,10,103992,买盘
09:53:06,103.99,-0.01,5,51995,卖盘
09:53:09,104.0,0.01,26,270388,买盘
09:53:12,103.97,-0.03,31,322346,卖盘
09:53:15,103.96,-0.01,15,155940,卖盘
09:53:18,103.92,-0.04,23,239076,卖盘
09:53:21,103.95,0.03,54,561141,买盘
09:53:24,103.94,-0.01,8,83158,中性盘
09:53:28,103.95,0.01,11,114287,买盘
09:53:30,103.95,0.0,4,41580,买盘
09:53:39,103.96,0.01,12,124708,买盘
09:53:42,103.97,0.01,9,93548,买盘
09:53:45,103.97,0.0,10,103970,买盘
09:53:48,103.96,-0.01,25,259947,中性盘
09:53:51,103.97,0.01,6,62391,卖盘
09:53:54,103.97,0.0,13,135166,卖盘
09:53:57,103.99,0.02,3,31197,卖盘
09:54:00,103.99,0.0,6,62388,买盘
09:54:03,103.97,-0.02,4,41590,卖盘
09:54:09,104.02,0.05,6,62388,买盘
09:54:13,103.95,-0.07,7,72780,卖盘
09:54:16,103.95,0.0,5,51975,买盘
09:54:19,103.99,0.04,24,249484,买盘
09:54:21,103.99,0.0,10,103989,买盘
09:54:25,104.01,0.02,4,41602,买盘
09:54:28,104.0,-0.01,21,218424,卖盘
09:54:30,104.02,0.02,9,93620,中性盘
09:54:39,104.02,0.0,12,124821,买盘
09:54:43,104.02,0.0,7,72815,卖盘
09:54:46,104.03,0.01,4,41611,买盘
09:54:51,104.15,0.12,13,135267,买盘
09:54:54,104.02,-0.13,1,10402,卖盘
09:54:58,104.02,0.0,38,395279,卖盘
09:55:00,104.02,0.0,8,83213,买盘
09:55:03,104.01,-0.01,7,72811,卖盘
09:55:06,104.01,0.0,2,20802,买盘
09:55:10,104.0,-0.01,6,62403,卖盘
09:55:12,104.01,0.01,24,249608,买盘
09:55:16,103.99,-0.02,21,218369,买盘
09:55:18,103.98,-0.01,8,83184,卖盘
09:55:21,104.0,0.02,22,228778,买盘
09:55:25,103.98,-0.02,4,41592,卖盘
09:55:28,104.0,0.02,1,10400,买盘
09:55:30,104.0,0.0,2,20800,买盘
09:55:34,103.98,-0.02,18,187186,卖盘
09:55:36,103.98,0.0,15,155968,买盘
09:55:40,103.98,0.0,6,56980,买盘
09:55:43,103.98,0.0,6,70077,卖盘
09:55:46,103.95,-0.03,23,239093,买盘
09:55:49,104.0,0.05,3,31196,买盘
09:55:55,103.93,-0.07,21,218296,卖盘
09:55:58,103.98,0.05,2,20798,中性盘
09:56:00,103.98,0.0,3,31194,中性盘
09:56:03,103.97,-0.01,1,10397,卖盘
09:56:06,103.97,0.0,1,10397,卖盘
09:56:10,103.98,0.01,4,41589,买盘
09:56:12,103.96,-0.02,12,124766,卖盘
09:56:18,103.95,-0.01,13,135138,卖盘
09:56:21,103.96,0.01,6,62376,买盘
09:56:24,103.95,-0.01,32,332650,卖盘
09:56:30,103.95,0.0,8,83163,卖盘
09:56:34,103.96,0.01,24,249485,买盘
09:56:36,103.96,0.0,2,20791,买盘
09:56:39,103.97,0.01,4,41582,买盘
09:56:43,103.98,0.01,1,10398,买盘
09:56:45,104.0,0.02,1,10400,买盘
09:56:48,103.97,-0.03,1,10397,卖盘
09:56:51,103.99,0.02,7,72796,买盘
09:56:54,103.99,0.0,1,4368,中性盘
09:56:58,103.97,-0.02,8,83177,买盘
09:57:00,103.97,0.0,17,182791,卖盘
09:57:03,103.98,0.01,11,114371,买盘
09:57:06,103.97,-0.01,10,99285,卖盘
09:57:10,103.97,0.0,19,197524,买盘
09:57:13,103.94,-0.03,14,150201,卖盘
09:57:15,103.93,-0.01,111,1153631,卖盘
09:57:18,103.92,-0.01,37,384460,卖盘
09:57:21,103.86,-0.06,52,540245,卖盘
09:57:24,103.85,-0.01,15,155776,卖盘
09:57:27,103.8,-0.05,64,659656,卖盘
09:57:31,103.83,0.03,47,487905,买盘
09:57:33,103.85,0.02,13,134979,买盘
09:57:36,103.8,-0.05,18,191630,卖盘
09:57:40,103.8,0.0,17,176448,买盘
09:57:43,103.8,0.0,7,66429,买盘
09:57:45,103.8,0.0,4,47748,买盘
09:57:49,103.91,0.11,20,201394,买盘
09:57:51,103.8,-0.11,12,130788,卖盘
09:57:54,103.8,0.0,32,332034,卖盘
09:57:57,103.82,0.02,3,31146,中性盘
09:58:01,103.94,0.12,13,135020,买盘
09:58:03,103.82,-0.12,8,83053,卖盘
09:58:06,103.83,0.01,7,72681,中性盘
09:58:10,103.91,0.08,6,62322,买盘
09:58:12,103.82,-0.09,23,238785,卖盘
09:58:16,103.8,-0.02,13,132463,卖盘
09:58:18,103.81,0.01,5,51901,中性盘
09:58:21,103.77,-0.04,8,85536,卖盘
09:58:24,103.77,0.0,4,41512,卖盘
09:58:28,103.82,0.05,3,31140,买盘
09:58:31,103.8,-0.02,4,41526,卖盘
09:58:34,103.8,0.0,38,394448,买盘
09:58:36,103.83,0.03,11,111703,买盘
09:58:40,103.83,0.0,11,114194,买盘
09:58:43,103.83,0.0,13,135023,卖盘
09:58:45,103.82,-0.01,13,135013,卖盘
09:58:48,103.95,0.13,5,51974,买盘
09:58:51,103.91,-0.04,8,83144,卖盘
09:58:55,103.91,0.0,3,31173,买盘
09:58:58,103.91,0.0,4,41567,卖盘
09:59:00,103.84,-0.07,15,155862,卖盘
09:59:03,103.83,-0.01,18,186909,卖盘
09:59:06,103.91,0.08,7,72740,卖盘
09:59:10,103.91,0.0,5,51955,卖盘
09:59:12,103.91,0.0,5,51935,中性盘
09:59:15,103.84,-0.07,7,72685,买盘
09:59:18,103.84,0.0,3,31151,买盘
09:59:21,103.84,0.0,3,31152,买盘
09:59:24,103.84,0.0,23,238818,买盘
09:59:28,103.84,0.0,2,20768,买盘
09:59:30,103.82,-0.02,8,84516,卖盘
09:59:33,103.83,0.01,23,238798,买盘
09:59:36,103.83,0.0,4,40075,买盘
09:59:39,103.83,0.0,7,72670,买盘
09:59:43,103.82,-0.01,4,41525,中性盘
09:59:45,103.83,0.01,13,134971,买盘
09:59:48,103.83,0.0,2,20766,买盘
09:59:51,103.82,-0.01,20,207662,卖盘
09:59:54,103.82,0.0,7,72680,卖盘
09:59:58,103.83,0.01,1,10383,卖盘
10:00:00,103.84,0.01,6,58459,买盘
10:00:03,103.83,-0.01,20,207666,卖盘
10:00:06,103.84,0.01,2,20768,卖盘
10:00:10,103.84,0.0,4,41536,买盘
10:00:13,103.82,-0.02,24,253030,卖盘
10:00:21,103.81,-0.01,11,114194,卖盘
10:00:24,103.82,0.01,1,10382,买盘
10:00:28,103.81,-0.01,34,352955,卖盘
10:00:30,103.8,-0.01,33,342566,卖盘
10:00:33,103.8,0.0,8,83049,卖盘
10:00:37,103.82,0.02,5,48069,买盘
10:00:40,103.84,0.02,9,93444,买盘
10:00:43,103.8,-0.04,8,83047,卖盘
10:00:45,103.8,0.0,8,83043,卖盘
10:00:48,103.8,0.0,9,99752,买盘
10:00:51,103.8,0.0,8,81793,买盘
10:00:58,103.8,0.01,2,20760,卖盘
10:01:01,103.8,0.0,9,91343,买盘
10:01:03,103.81,0.01,22,231174,买盘
10:01:06,103.92,0.11,22,228573,买盘
10:01:10,103.98,0.06,6,55624,买盘
10:01:12,103.85,-0.13,30,318460,卖盘
10:01:15,104.0,0.15,28,284261,买盘
10:01:18,104.05,0.05,4,41612,买盘
10:01:21,104.12,0.07,22,228968,买盘
10:01:24,104.12,0.0,2,20824,卖盘
10:01:30,104.23,0.11,24,250076,买盘
10:01:33,104.23,0.0,3,31269,卖盘
10:01:36,104.25,0.02,2,20848,买盘
10:01:40,104.4,0.15,7,73064,买盘
10:01:43,104.25,-0.15,3,31275,卖盘
10:01:45,104.36,0.11,2,20881,中性盘
10:01:48,104.27,-0.09,10,104307,卖盘
10:01:51,104.29,0.02,9,93848,中性盘
10:01:55,104.26,-0.03,7,72982,中性盘
10:01:58,104.26,0.0,7,72991,卖盘
10:02:01,104.25,-0.01,4,41702,卖盘
10:02:03,104.21,-0.04,14,145918,卖盘
10:02:06,104.13,-0.08,22,229086,卖盘
10:02:09,104.1,-0.03,5,52055,卖盘
10:02:13,104.1,0.0,5,52040,买盘
10:02:15,104.1,0.0,1,10410,买盘
10:02:19,103.98,-0.12,5,51990,卖盘
10:02:21,103.98,0.0,1,10398,买盘
10:02:24,103.98,0.0,2,20808,中性盘
10:02:28,104.08,0.1,1,10408,买盘
10:02:30,104.0,-0.08,2,18303,中性盘
10:02:33,104.01,0.01,8,83178,买盘
10:02:36,104.0,-0.01,5,52021,卖盘
10:02:39,103.98,-0.02,4,41592,买盘
10:02:42,103.97,-0.01,6,67554,中性盘
10:02:46,103.98,0.01,4,46679,买盘
10:02:51,103.89,-0.09,2,20778,卖盘
10:02:54,103.88,-0.01,11,106483,卖盘
10:02:58,103.81,-0.07,5,58368,卖盘
10:03:00,103.81,0.0,10,97382,卖盘
10:03:03,103.81,0.0,12,129674,买盘
10:03:06,103.8,-0.01,39,399762,卖盘
10:03:09,103.78,-0.02,25,259488,卖盘
10:03:13,103.77,-0.01,16,166039,卖盘
10:03:16,103.77,0.0,41,425452,买盘
10:03:18,103.76,-0.01,26,268940,中性盘
10:03:21,103.75,-0.01,11,114963,卖盘
10:03:24,103.8,0.05,10,102938,买盘
10:03:28,103.8,0.0,1,10380,卖盘
10:03:30,103.75,-0.05,23,238625,卖盘
10:03:33,103.77,0.02,7,72635,买盘
10:03:36,103.88,0.11,12,124645,买盘
10:03:43,103.9,0.02,5,51948,买盘
10:03:48,103.89,-0.01,3,31169,卖盘
10:03:52,103.98,0.09,8,83184,买盘
10:03:54,103.98,0.0,19,197562,卖盘
10:03:58,104.0,0.02,8,83199,买盘
10:04:03,104.0,0.0,6,62400,买盘
10:04:10,104.01,0.01,3,31203,卖盘
10:04:13,103.99,-0.02,21,218391,卖盘
10:04:16,103.98,-0.01,14,145569,卖盘
10:04:18,103.89,-0.09,8,83157,卖盘
10:04:21,103.89,0.0,10,103908,卖盘
10:04:24,103.9,0.01,10,103937,买盘
10:04:28,103.89,-0.01,11,114284,卖盘
10:04:30,103.98,0.09,6,62353,中性盘
10:04:33,103.89,-0.09,9,93506,卖盘
10:04:37,103.89,0.0,8,83081,买盘
10:04:40,103.9,0.01,3,31170,中性盘
10:04:42,103.89,-0.01,9,93519,卖盘
10:04:46,103.9,0.01,4,41568,卖盘
10:04:48,103.87,-0.03,4,41553,卖盘
10:04:51,103.89,0.02,8,83133,卖盘
10:04:54,103.89,0.0,18,186993,买盘
10:04:57,103.98,0.09,5,51958,买盘
10:05:00,103.91,-0.07,5,51948,中性盘
10:05:03,103.91,0.0,10,103907,买盘
10:05:06,103.98,0.07,6,62354,买盘
10:05:10,103.92,-0.06,2,20790,卖盘
10:05:13,103.91,-0.01,37,384465,卖盘
10:05:16,103.97,0.06,5,51968,中性盘
10:05:18,103.92,-0.05,2,20790,卖盘
10:05:21,103.91,-0.01,2,20782,卖盘
10:05:24,103.98,0.07,1,10398,买盘
10:05:28,103.98,0.0,1,10398,买盘
10:05:31,103.98,0.0,5,51990,买盘
10:05:33,104.01,0.03,12,124770,买盘
10:05:36,104.0,-0.01,3,31200,中性盘
10:05:40,103.99,-0.01,17,176781,卖盘
10:05:43,104.01,0.02,4,41602,买盘
10:05:46,104.01,0.0,2,20802,卖盘
10:05:48,104.01,0.0,4,41604,卖盘
10:06:01,104.06,0.05,3,31211,买盘
10:06:04,104.06,0.0,9,98231,买盘
10:06:06,104.07,0.01,4,41622,买盘
10:06:09,104.1,0.03,12,124904,买盘
10:06:13,104.01,-0.09,16,161875,卖盘
10:06:16,104.02,0.01,16,166427,买盘
10:06:18,103.98,-0.04,4,41595,卖盘
10:06:21,103.98,0.0,2,20796,买盘
10:06:24,104.0,0.02,13,135175,买盘
10:06:28,104.0,0.0,5,51987,中性盘
10:06:30,104.0,0.0,6,62398,买盘
10:06:34,104.0,0.0,5,52005,卖盘
10:06:36,104.0,0.0,3,31200,卖盘
10:06:39,104.02,0.02,6,62409,买盘
10:06:43,104.02,0.0,10,102974,买盘
10:06:46,104.02,0.0,13,135219,买盘
10:06:48,104.02,0.0,4,46183,买盘
10:06:51,104.0,-0.02,11,114404,买盘
10:06:54,104.02,0.02,2,20804,中性盘
10:07:00,104.0,-0.02,2,20802,卖盘
10:07:03,104.03,0.03,8,78737,买盘
10:07:06,104.03,0.0,12,124826,卖盘
10:07:13,103.99,-0.04,11,115331,卖盘
10:07:16,103.99,0.0,13,135181,买盘
10:07:19,103.99,0.0,6,62389,买盘
10:07:25,103.99,0.0,6,62394,买盘
10:07:28,103.99,0.0,2,20798,买盘
10:07:31,104.0,0.01,14,144654,买盘
10:07:33,103.99,-0.01,8,83201,买盘
10:07:37,103.98,-0.01,5,51992,卖盘
10:07:43,104.0,0.02,5,52000,卖盘
10:07:46,103.98,-0.02,32,332760,卖盘
10:07:48,104.03,0.05,4,41610,买盘
10:07:51,104.03,0.0,7,72816,买盘
10:07:55,104.03,0.0,5,52015,卖盘
10:07:58,104.03,0.0,1,10403,卖盘
10:08:04,104.03,0.0,3,31210,卖盘
10:08:06,104.1,0.07,8,83272,买盘
10:08:10,104.03,-0.07,7,72852,卖盘
10:08:13,104.03,0.0,10,104066,卖盘
10:08:15,104.03,0.0,22,228865,买盘
10:08:19,104.03,0.0,2,20806,卖盘
10:08:21,104.03,0.0,1,10403,卖盘
10:08:25,104.13,0.1,7,72865,买盘
10:08:27,104.03,-0.1,2,20812,卖盘
10:08:33,104.08,0.05,5,52046,中性盘
10:08:36,104.13,0.05,3,31229,买盘
10:08:40,104.03,-0.1,7,72821,卖盘
10:08:43,104.03,0.0,6,62427,买盘
10:08:45,104.03,0.0,1,10403,卖盘
10:08:51,104.03,0.0,3,31209,卖盘
10:08:55,104.08,0.05,1,10408,买盘
10:08:58,104.08,0.0,6,62423,买盘
10:09:00,104.0,-0.08,2,20802,卖盘
10:09:04,104.0,0.0,7,72831,卖盘
10:09:06,104.0,0.0,2,20803,卖盘
10:09:10,104.01,0.01,1,10401,卖盘
10:09:13,103.98,-0.03,31,322358,卖盘
10:09:15,103.99,0.01,1,10399,卖盘
10:09:19,103.99,0.0,1,10399,卖盘
10:09:25,104.02,0.03,8,83213,中性盘
10:09:30,104.08,0.06,3,31219,买盘
10:09:34,104.0,-0.08,45,468019,卖盘
10:09:36,104.0,0.0,9,93600,买盘
10:09:40,104.0,0.0,3,31203,中性盘
10:09:42,104.0,0.0,2,20800,买盘
10:09:45,103.99,-0.01,15,155992,卖盘
10:09:49,103.99,0.0,4,41587,买盘
10:09:51,104.02,0.03,2,20803,买盘
10:09:55,103.99,-0.03,7,72794,卖盘
10:09:58,104.0,0.01,7,72824,中性盘
10:10:00,103.96,-0.04,10,103986,卖盘
10:10:04,104.0,0.04,8,83196,买盘
10:10:06,103.98,-0.02,4,41588,中性盘
10:10:10,104.0,0.02,1,10400,中性盘
10:10:12,103.93,-0.07,21,218267,卖盘
10:10:15,103.93,0.0,6,62358,买盘
10:10:18,103.93,0.0,1,10393,买盘
10:10:21,104.15,0.22,52,541223,买盘
10:10:30,103.94,-0.21,4,41576,卖盘
10:10:34,103.94,0.0,8,83154,买盘
10:10:36,103.93,-0.01,6,62359,卖盘
10:10:45,103.96,0.03,1,10396,中性盘
10:10:49,104.0,0.04,6,62400,买盘
10:10:57,104.15,0.15,34,354037,买盘
10:11:00,104.15,0.0,5,52083,卖盘
10:11:06,104.0,-0.15,24,249918,卖盘
10:11:10,104.0,0.0,7,72800,卖盘
10:11:12,103.94,-0.06,13,135161,卖盘
10:11:15,103.94,0.0,9,93546,买盘
10:11:18,103.94,0.0,4,41576,买盘
10:11:21,103.94,0.0,5,51966,买盘
10:11:24,103.93,-0.01,8,83150,中性盘
10:11:30,103.94,0.01,6,62384,卖盘
10:11:36,103.95,0.01,7,72765,卖盘
10:11:39,104.15,0.2,10,104150,买盘
10:11:43,104.01,-0.14,10,104001,中性盘
10:11:45,103.95,-0.06,4,41580,卖盘
10:11:49,103.95,0.0,4,41586,卖盘
10:11:55,104.15,0.2,3,31215,买盘
10:12:00,104.01,-0.14,2,20802,卖盘
10:12:03,104.02,0.01,1,10402,中性盘
10:12:06,104.15,0.13,6,62438,买盘
10:12:10,104.16,0.01,1,10416,卖盘
10:12:13,104.03,-0.13,11,114467,卖盘
10:12:15,104.25,0.22,63,655688,买盘
10:12:19,104.0,-0.25,6,62415,卖盘
10:12:25,104.02,0.02,1,10402,买盘
10:12:27,104.02,0.0,9,93618,买盘
10:12:30,104.01,-0.01,1,10401,卖盘
10:12:36,104.14,0.13,1,10414,卖盘
10:12:40,104.02,-0.12,5,52074,卖盘
10:12:43,104.02,0.0,1,10402,卖盘
10:12:45,103.98,-0.04,83,864420,卖盘
10:12:48,104.06,0.08,2,20812,卖盘
10:12:51,104.05,-0.01,1,10405,卖盘
10:12:58,104.23,0.18,2,20846,买盘
10:13:04,104.23,0.0,3,31268,买盘
10:13:06,104.08,-0.15,3,31224,卖盘
10:13:10,104.09,0.01,12,125033,卖盘
10:13:13,104.06,-0.03,18,187348,卖盘
10:13:15,104.06,0.0,2,20812,卖盘
10:13:21,104.05,-0.01,12,124884,卖盘
10:13:25,104.03,-0.02,10,104027,买盘
10:13:30,103.98,-0.05,1,10398,卖盘
10:13:33,104.0,0.02,6,62396,买盘
10:13:36,104.0,0.0,5,51994,买盘
10:13:40,104.0,0.0,2,20799,买盘
10:13:43,104.0,0.0,6,62400,中性盘
10:13:45,104.0,0.0,3,31200,中性盘
10:13:48,104.0,0.0,1,10400,买盘
10:13:55,104.0,0.0,3,31200,买盘
10:13:58,104.03,0.03,1,10403,买盘
10:14:04,104.03,0.0,13,135247,卖盘
10:14:06,104.08,0.05,5,52020,买盘
10:14:10,104.04,-0.04,1,10404,中性盘
10:14:13,104.01,-0.03,15,156033,卖盘
10:14:15,104.01,0.0,7,77380,买盘
10:14:19,104.01,0.0,1,10401,买盘
10:14:21,104.01,0.0,10,104002,买盘
10:14:24,104.0,-0.01,2,20800,卖盘
10:14:28,103.99,-0.01,26,270399,卖盘
10:14:30,104.01,0.02,22,228782,买盘
10:14:34,104.02,0.01,15,154553,买盘
10:14:36,104.02,0.0,15,155960,买盘
10:14:40,103.95,-0.07,9,95015,卖盘
10:14:42,103.92,-0.03,7,71312,卖盘
10:14:45,103.93,0.01,2,20786,中性盘
10:14:49,103.94,0.01,5,51965,买盘
10:14:51,103.92,-0.02,4,41568,卖盘
10:14:55,103.95,0.03,1,10395,买盘
10:14:57,103.94,-0.01,3,31182,卖盘
10:15:00,103.92,-0.02,5,51968,卖盘
10:15:04,103.93,0.01,6,62355,卖盘
10:15:06,103.92,-0.01,9,93557,卖盘
10:15:13,104.02,0.1,28,291000,买盘
10:15:15,104.03,0.01,3,31207,买盘
10:15:19,104.0,-0.03,2,20800,买盘
10:15:21,104.0,0.0,2,20819,中性盘
10:15:37,104.02,0.02,3,31206,卖盘
10:15:40,104.2,0.18,8,83355,买盘
10:15:43,104.2,0.0,19,197980,卖盘
10:15:45,104.18,-0.02,2,20836,中性盘
10:15:58,104.18,0.0,4,41672,卖盘
10:16:00,104.09,-0.09,6,62478,卖盘
10:16:04,104.02,-0.07,14,145748,卖盘
10:16:07,104.19,0.17,11,114585,买盘
10:16:10,104.01,-0.18,9,93680,卖盘
10:16:13,104.0,-0.01,16,166421,卖盘
10:16:15,103.97,-0.03,9,93594,卖盘
10:16:18,104.0,0.03,1,10400,买盘
10:16:21,103.96,-0.04,2,20796,卖盘
10:16:25,103.93,-0.03,9,93546,卖盘
10:16:28,103.93,0.0,2,20791,中性盘
10:16:30,103.96,0.03,2,20795,卖盘
10:16:36,103.96,0.0,3,31185,买盘
10:16:40,103.96,0.0,3,31185,买盘
10:16:43,103.96,0.0,4,41584,买盘
10:16:45,104.01,0.05,3,31201,买盘
10:16:48,103.94,-0.07,5,51981,卖盘
10:16:51,104.01,0.07,3,31195,买盘
10:16:55,103.98,-0.03,6,62396,卖盘
10:16:58,104.0,0.02,27,280804,买盘
10:17:00,104.0,0.0,4,45760,中性盘
10:17:04,104.0,0.0,1,10400,买盘
10:17:06,104.0,0.0,3,31200,卖盘
10:17:10,104.0,0.0,14,140399,卖盘
10:17:13,103.97,-0.03,8,84224,买盘
10:17:15,103.96,-0.01,3,31190,卖盘
10:17:19,103.96,0.0,4,41588,卖盘
10:17:25,103.96,0.0,10,103960,买盘
10:17:28,103.96,0.0,3,31188,买盘
10:17:34,103.94,-0.02,9,93550,卖盘
10:17:36,103.93,-0.01,7,72761,卖盘
10:17:40,103.96,0.03,12,124735,买盘
10:17:43,103.96,0.0,6,62384,卖盘
10:17:45,103.96,0.0,4,41584,卖盘
10:17:49,103.93,-0.03,3,31182,卖盘
10:17:54,103.97,0.04,6,62374,买盘
10:18:00,103.93,-0.04,3,31179,卖盘
10:18:04,103.97,0.04,5,51985,买盘
10:18:06,103.97,0.0,19,197492,买盘
10:18:10,103.93,-0.04,10,103975,卖盘
10:18:13,103.93,0.0,36,374168,卖盘
10:18:15,103.94,0.01,1,10394,卖盘
10:18:19,103.98,0.04,5,51990,买盘
10:18:28,103.99,0.01,1,10399,买盘
10:18:33,103.99,0.0,7,72793,买盘
10:18:36,103.98,-0.01,6,62390,卖盘
10:18:40,103.98,0.0,4,41592,卖盘
10:18:43,104.01,0.03,46,478158,买盘
10:18:45,104.0,-0.01,4,41599,中性盘
10:18:48,104.0,0.0,1,10400,买盘
10:18:51,104.0,0.0,8,83193,买盘
10:18:54,104.02,0.02,7,72799,买盘
10:18:58,104.02,0.0,3,31201,买盘
10:19:02,103.92,-0.1,7,72778,卖盘
10:19:04,103.93,0.01,15,156782,中性盘
10:19:06,103.97,0.04,3,31193,中性盘
10:19:10,103.98,0.01,2,20800,中性盘
10:19:12,103.96,-0.02,8,83171,卖盘
10:19:15,103.96,0.0,3,31184,买盘
10:19:18,103.93,-0.03,36,374264,卖盘
10:19:21,103.98,0.05,4,41590,买盘
10:19:28,104.0,0.02,17,176695,买盘
10:19:30,104.0,0.0,17,176716,中性盘
10:19:35,104.02,0.02,3,31202,买盘
10:19:36,104.0,-0.02,1,10400,卖盘
10:19:40,103.92,-0.08,3,31184,卖盘
10:19:43,104.01,0.09,5,52006,中性盘
10:19:45,104.0,-0.01,4,41600,卖盘
10:19:48,103.92,-0.08,6,62374,卖盘
10:19:51,104.0,0.08,1,10400,买盘
10:19:58,103.97,-0.03,2,20795,卖盘
10:20:00,103.94,-0.03,7,72759,中性盘
10:20:04,103.92,-0.02,17,176676,卖盘
10:20:06,103.91,-0.01,34,354795,卖盘
10:20:10,103.92,0.01,33,342955,买盘
10:20:13,103.9,-0.02,43,446783,卖盘
10:20:15,103.88,-0.02,27,280538,卖盘
10:20:18,103.92,0.04,17,176628,买盘
10:20:21,103.93,0.01,14,145465,买盘
10:20:24,103.92,-0.01,4,41569,中性盘
10:20:28,103.89,-0.03,5,51954,卖盘
10:20:30,103.8,-0.09,26,270076,卖盘
10:20:34,103.9,0.1,10,103867,买盘
10:20:36,103.85,-0.05,6,62320,卖盘
10:20:40,103.8,-0.05,32,332211,卖盘
10:20:42,103.81,0.01,14,145366,中性盘
10:20:45,103.86,0.05,5,51920,买盘
10:20:49,103.81,-0.05,4,41529,卖盘
10:20:51,103.82,0.01,3,31145,买盘
10:20:55,103.81,-0.01,4,41526,中性盘
10:20:58,103.8,-0.01,9,93429,卖盘
10:21:00,103.8,0.0,76,788871,卖盘
10:21:04,103.77,-0.03,51,529290,卖盘
10:21:06,103.76,-0.01,29,300925,卖盘
10:21:10,103.75,-0.01,18,186755,卖盘
10:21:12,103.74,-0.01,24,248995,卖盘
10:21:15,103.74,0.0,19,197106,买盘
10:21:19,103.77,0.03,9,93381,买盘
10:21:21,103.79,0.02,3,31135,买盘
10:21:24,103.75,-0.04,11,114151,卖盘
10:21:27,103.79,0.04,12,124544,买盘
10:21:34,103.8,0.01,11,114186,卖盘
10:21:36,103.8,0.0,8,83053,卖盘
10:21:40,103.77,-0.03,11,114167,卖盘
10:21:42,103.8,0.03,5,51900,买盘
10:21:45,103.79,-0.01,31,321749,卖盘
10:21:48,103.79,0.0,5,51895,买盘
10:21:51,103.77,-0.02,39,404731,卖盘
10:21:55,103.8,0.03,53,544283,买盘
10:22:00,103.81,0.01,16,166106,卖盘
10:22:04,103.81,0.0,1,10381,卖盘
10:22:06,103.89,0.08,20,207646,买盘
10:22:09,103.9,0.01,25,259721,买盘
10:22:13,103.89,-0.01,44,457141,卖盘
10:22:15,103.9,0.01,4,41560,卖盘
10:22:19,103.84,-0.06,3,31158,卖盘
10:22:21,103.9,0.06,25,259629,买盘
10:22:25,103.89,-0.01,7,72719,卖盘
10:22:28,103.86,-0.03,3,31158,卖盘
10:22:34,103.86,0.0,3,31368,卖盘
10:22:36,103.89,0.03,5,57860,买盘
10:22:40,103.86,-0.03,10,106989,卖盘
10:22:42,103.89,0.03,6,62334,买盘
10:22:48,103.87,-0.02,2,20774,卖盘
10:22:51,103.89,0.02,4,41548,买盘
10:22:55,103.88,-0.01,4,41551,中性盘
10:22:58,103.86,-0.02,4,31992,卖盘
10:23:00,103.86,0.0,5,51938,卖盘
10:23:06,103.82,-0.04,15,155787,卖盘
10:23:10,103.87,0.05,7,82274,买盘
10:23:12,103.8,-0.07,8,83040,卖盘
10:23:15,103.83,0.03,33,342564,买盘
10:23:19,103.83,0.0,15,155743,买盘
10:23:21,103.83,0.0,15,155739,买盘
10:23:25,103.76,-0.07,18,186812,卖盘
10:23:28,103.83,0.07,7,72671,买盘
10:23:30,103.83,0.0,83,861776,买盘
10:23:34,103.82,-0.01,4,40076,卖盘
10:23:36,103.86,0.04,12,124632,买盘
10:23:39,103.82,-0.04,22,228418,卖盘
10:23:43,103.86,0.04,2,20772,买盘
10:23:45,103.89,0.03,3,31167,买盘
10:23:49,103.89,0.0,2,20778,卖盘
10:23:58,103.85,-0.04,14,145415,卖盘
10:24:00,103.83,-0.02,9,92641,买盘
10:24:04,103.85,0.02,8,83916,卖盘
10:24:06,103.85,0.0,1,10385,卖盘
10:24:09,103.88,0.03,3,31164,中性盘
10:24:13,103.86,-0.02,42,435370,卖盘
10:24:15,103.83,-0.03,7,72680,卖盘
10:24:18,103.83,0.0,2,20766,中性盘
10:24:21,103.84,0.01,7,72685,中性盘
10:24:25,103.85,0.01,3,31154,买盘
10:24:34,103.88,0.03,2,20775,中性盘
10:24:39,103.87,-0.01,22,228514,卖盘
10:24:43,103.86,-0.01,48,498517,买盘
10:24:45,103.85,-0.01,14,145399,卖盘
10:24:48,103.86,0.01,32,332352,卖盘
10:24:51,103.86,0.0,16,166176,买盘
10:24:55,103.87,0.01,21,218108,买盘
10:24:58,103.87,0.0,18,188397,买盘
10:25:04,103.87,0.0,7,72709,卖盘
10:25:06,103.87,0.0,3,31161,买盘
10:25:10,103.86,-0.01,9,92022,卖盘
10:25:13,103.86,0.0,3,31158,买盘
10:25:15,103.86,0.0,2,20772,买盘
10:25:18,103.86,0.0,5,51929,买盘
10:25:21,103.85,-0.01,4,39050,卖盘
10:25:24,103.85,0.0,2,20771,买盘
10:25:28,103.88,0.03,37,385756,买盘
10:25:30,103.88,0.0,1,10388,卖盘
10:25:33,103.89,0.01,3,31167,中性盘
10:25:36,103.88,-0.01,18,186984,卖盘
10:25:40,103.83,-0.05,18,185584,卖盘
10:25:43,103.84,0.01,19,197286,买盘
10:25:45,103.85,0.01,2,20770,买盘
10:25:49,103.87,0.02,4,41547,买盘
10:25:55,103.87,0.0,4,41547,卖盘
10:25:57,103.81,-0.06,11,114209,卖盘
10:26:01,103.85,0.04,7,72671,买盘
10:26:04,103.85,0.0,8,83089,卖盘
10:26:09,103.85,0.0,9,93481,卖盘
10:26:13,103.85,0.0,9,93464,卖盘
10:26:15,103.75,-0.1,27,280233,卖盘
10:26:19,103.85,0.1,3,31155,买盘
10:26:25,103.79,-0.06,16,166119,买盘
10:26:28,103.79,0.0,3,26063,卖盘
10:26:31,103.85,0.06,9,93389,买盘
10:26:33,103.85,0.0,12,124620,买盘
10:26:40,103.84,-0.01,10,103826,中性盘
10:26:42,103.84,0.0,8,83054,买盘
10:26:45,103.77,-0.07,6,62271,卖盘
10:26:48,103.8,0.03,2,20760,买盘
10:26:52,103.85,0.05,28,290673,买盘
10:26:55,103.85,0.0,8,83079,买盘
10:26:58,103.85,0.0,3,31147,买盘
10:27:04,103.85,0.0,3,31154,买盘
10:27:06,103.83,-0.02,4,41538,卖盘
10:27:10,103.85,0.02,31,321911,买盘
10:27:13,103.8,-0.05,10,103822,卖盘
10:27:16,103.8,0.0,27,280260,买盘
10:27:18,103.8,0.0,11,114180,买盘
10:27:21,103.8,0.0,1,10380,买盘
10:27:25,103.8,0.0,9,93422,买盘
10:27:31,103.76,-0.04,5,51898,卖盘
10:27:37,103.81,0.05,1,10381,卖盘
10:27:39,103.85,0.04,10,103848,买盘
10:27:43,103.85,0.0,7,72680,买盘
10:27:46,103.76,-0.09,10,103782,卖盘
10:27:48,103.85,0.09,21,218049,买盘
10:27:52,103.83,-0.02,12,124617,卖盘
10:27:54,103.85,0.02,5,54623,买盘
10:28:04,103.81,-0.04,5,49210,卖盘
10:28:10,103.8,-0.01,3,33842,中性盘
10:28:12,103.78,-0.02,9,90711,买盘
10:28:16,103.77,-0.01,5,51883,中性盘
10:28:19,103.78,0.01,6,62265,买盘
10:28:22,103.78,0.0,2,20756,买盘
10:28:25,103.78,0.0,12,124524,买盘
10:28:28,103.76,-0.02,7,72633,中性盘
10:28:31,103.78,0.02,14,145256,买盘
10:28:34,103.78,0.0,3,31134,买盘
10:28:36,103.75,-0.03,23,244438,卖盘
10:28:40,103.78,0.03,10,103761,买盘
10:28:43,103.78,0.0,4,38393,卖盘
10:28:45,103.74,-0.04,18,189859,卖盘
10:28:49,103.71,-0.03,57,591205,卖盘
10:28:52,103.74,0.03,1,10374,中性盘
10:28:55,103.75,0.01,6,59136,买盘
10:28:57,103.75,0.0,4,41505,卖盘
10:29:01,103.71,-0.04,11,114094,卖盘
10:29:04,103.73,0.02,4,41496,买盘
10:29:07,103.75,0.02,4,41500,买盘
10:29:09,103.7,-0.05,30,311130,卖盘
10:29:12,103.71,0.01,25,259276,卖盘
10:29:16,103.71,0.0,6,62224,买盘
10:29:19,103.7,-0.01,30,311100,卖盘
10:29:22,103.68,-0.02,18,186647,卖盘
10:29:24,103.7,0.02,4,41480,买盘
10:29:28,103.68,-0.02,7,72578,卖盘
10:29:31,103.67,-0.01,5,51836,卖盘
10:29:34,103.66,-0.01,8,82937,卖盘
10:29:37,103.66,0.0,5,51830,卖盘
10:29:40,103.63,-0.03,28,290266,卖盘
10:29:42,103.66,0.03,1,10364,卖盘
10:29:46,103.62,-0.04,14,145101,卖盘
10:29:49,103.64,0.02,8,82902,中性盘
10:29:51,103.6,-0.04,54,559515,卖盘
10:29:54,103.64,0.04,1,15754,中性盘
10:29:57,103.64,0.0,4,41462,卖盘
10:30:00,103.6,-0.04,11,113984,卖盘
10:30:04,103.6,0.0,13,126818,卖盘
10:30:07,103.6,0.0,2,20720,买盘
10:30:10,103.58,-0.02,20,207217,卖盘
10:30:13,103.57,-0.01,21,217513,卖盘
10:30:16,103.56,-0.01,2,27651,卖盘
10:30:19,103.56,0.0,4,34483,买盘
10:30:22,103.55,-0.01,2,20710,中性盘
10:30:25,103.55,0.0,5,51775,买盘
10:30:28,103.54,-0.01,4,41416,卖盘
10:30:31,103.54,0.0,2,20708,卖盘
10:30:34,103.54,0.0,2,20708,中性盘
10:30:39,103.54,0.0,24,248501,卖盘
10:30:43,103.54,0.0,8,82828,买盘
10:30:45,103.55,0.01,3,31063,买盘
10:30:49,103.55,0.0,1,10355,卖盘
10:30:52,103.56,0.01,45,465896,买盘
10:30:57,103.51,-0.05,7,72479,卖盘
10:31:01,103.51,0.0,15,155265,卖盘
10:31:04,103.55,0.04,4,41420,买盘
10:31:10,103.51,-0.04,31,320909,卖盘
10:31:13,103.51,0.0,57,589955,中性盘
10:31:16,103.48,-0.03,113,1169544,卖盘
10:31:18,103.5,0.02,63,651916,买盘
10:31:22,103.41,-0.09,4,41375,卖盘
10:31:25,103.4,-0.01,7,72400,卖盘
10:31:27,103.44,0.04,5,51708,买盘
10:31:30,103.41,-0.03,4,41362,买盘
10:31:34,103.4,-0.01,9,93074,卖盘
10:31:36,103.4,0.0,9,93062,卖盘
10:31:39,103.36,-0.04,14,150414,卖盘
10:31:48,103.36,0.0,6,56331,卖盘
10:31:52,103.35,-0.01,5,57362,卖盘
10:31:55,103.41,0.06,21,217141,买盘
10:31:58,103.41,0.0,13,134421,买盘
10:32:01,103.36,-0.05,28,289500,卖盘
10:32:04,103.36,0.0,6,62028,卖盘
10:32:07,103.4,0.04,9,93044,买盘
10:32:09,103.36,-0.04,27,279080,卖盘
10:32:13,103.33,-0.03,82,847423,卖盘
10:32:15,103.33,0.0,26,268706,卖盘
10:32:18,103.33,0.0,6,61999,卖盘
10:32:21,103.33,0.0,2,20667,卖盘
10:32:25,103.33,0.0,8,82667,卖盘
10:32:28,103.34,0.01,6,62004,卖盘
10:32:31,103.34,0.0,16,165344,卖盘
10:32:34,103.34,0.0,4,41338,卖盘
10:32:36,103.34,0.0,3,31003,卖盘
10:32:40,103.34,0.0,24,248024,卖盘
10:32:43,103.34,0.0,29,299700,卖盘
10:32:46,103.34,0.0,6,57043,卖盘
10:32:48,103.35,0.01,10,103345,买盘
10:32:51,103.35,0.0,10,103343,卖盘
10:32:54,103.34,-0.01,16,165343,买盘
10:33:01,103.33,-0.01,8,82677,卖盘
10:33:04,103.35,0.02,11,113669,中性盘
10:33:07,103.35,0.0,2,20670,卖盘
10:33:10,103.33,-0.02,19,196393,卖盘
10:33:13,103.33,0.0,29,299691,卖盘
10:33:16,103.4,0.07,5,50653,买盘
10:33:25,103.4,0.0,7,72371,买盘
10:33:31,103.41,0.01,7,72381,买盘
10:33:36,103.41,0.0,19,196468,买盘
10:33:39,103.42,0.01,3,31024,买盘
10:33:43,103.44,0.02,1,10344,买盘
10:33:46,103.42,-0.02,4,41368,卖盘
10:33:49,103.44,0.02,1,10344,买盘
10:33:51,103.44,0.0,2,20688,买盘
10:33:55,103.44,0.0,3,31032,买盘
10:34:01,103.43,-0.01,19,196540,卖盘
10:34:04,103.45,0.02,9,93105,买盘
10:34:07,103.46,0.01,3,31046,卖盘
10:34:10,103.46,0.0,6,62077,卖盘
10:34:13,103.46,0.0,14,144846,卖盘
10:34:15,103.46,0.0,2,20692,买盘
10:34:19,103.45,-0.01,10,103456,卖盘
10:34:22,103.44,-0.01,42,434452,卖盘
10:34:24,103.47,0.03,36,372413,买盘
10:34:27,103.5,0.03,9,93142,买盘
10:34:31,103.5,0.0,12,124200,买盘
10:34:34,103.5,0.0,6,62100,买盘
10:34:37,103.48,-0.02,10,103490,卖盘
10:34:39,103.5,0.02,11,113839,买盘
10:34:43,103.5,0.0,4,41400,买盘
10:34:46,103.5,0.0,3,31050,买盘
10:34:49,103.51,0.01,17,175950,买盘
10:34:52,103.54,0.03,1,10354,买盘
10:35:04,103.54,0.0,16,165616,买盘
10:35:10,103.55,0.01,16,165674,买盘
10:35:13,103.53,-0.02,27,279553,卖盘
10:35:16,103.54,0.01,12,124239,买盘
10:35:21,103.56,0.02,9,93188,买盘
10:35:25,103.55,-0.01,1,10355,卖盘
10:35:31,103.55,0.0,10,103549,卖盘
10:35:33,103.56,0.01,3,31066,买盘
10:35:36,103.56,0.0,9,93210,买盘
10:35:40,103.57,0.01,12,124268,买盘
10:35:43,103.58,0.01,5,51811,卖盘
10:35:46,103.65,0.07,3,31079,买盘
10:35:51,103.66,0.01,20,207303,买盘
10:35:55,103.66,0.0,1,10366,买盘
10:35:58,103.66,0.0,4,41464,买盘
10:36:01,103.66,0.0,5,51826,买盘
10:36:04,103.65,-0.01,18,186513,中性盘
10:36:07,103.66,0.01,2,20731,买盘
10:36:09,103.65,-0.01,3,31096,卖盘
10:36:12,103.65,0.0,22,228035,卖盘
10:36:16,103.65,0.0,4,41460,买盘
10:36:18,103.63,-0.02,2,26737,卖盘
10:36:22,103.64,0.01,7,72533,买盘
10:36:25,103.63,-0.01,3,31089,中性盘
10:36:28,103.62,-0.01,1,10362,卖盘
10:36:31,103.61,-0.01,11,113982,卖盘
10:36:34,103.61,0.0,16,165776,买盘
10:36:37,103.61,0.0,16,165746,买盘
10:36:40,103.57,-0.04,24,248567,卖盘
10:36:42,103.56,-0.01,104,1077027,卖盘
10:36:45,103.51,-0.05,37,383117,卖盘
10:36:49,103.51,0.0,7,72457,中性盘
10:36:52,103.51,0.0,15,155282,买盘
10:36:55,103.51,0.0,17,175992,买盘
10:36:57,103.5,-0.01,1,10350,卖盘
10:37:00,103.5,0.0,25,258778,卖盘
10:37:04,103.55,0.05,41,424525,买盘
10:37:07,103.55,0.0,8,82840,卖盘
10:37:10,103.55,0.0,12,124260,卖盘
10:37:12,103.51,-0.04,49,507367,卖盘
10:37:16,103.55,0.04,4,41420,卖盘
10:37:21,103.51,-0.04,6,62111,卖盘
10:37:24,103.53,0.02,6,62118,买盘
10:37:27,103.54,0.01,8,82828,买盘
10:37:30,103.54,0.0,17,176018,卖盘
10:37:33,103.54,0.0,4,41417,卖盘
10:37:37,103.54,0.0,3,31062,卖盘
10:37:39,103.54,0.0,41,424514,卖盘
10:37:42,103.54,0.0,8,82832,卖盘
10:37:46,103.54,0.0,3,31062,卖盘
10:37:49,103.53,-0.01,6,62120,卖盘
10:37:52,103.52,-0.01,4,41408,卖盘
10:37:54,103.53,0.01,28,289866,买盘
10:38:01,103.55,0.02,14,144952,买盘
10:38:04,103.53,-0.02,14,144942,卖盘
10:38:07,103.53,0.0,1,10353,卖盘
10:38:09,103.53,0.0,3,31059,卖盘
10:38:13,103.52,-0.01,21,217414,卖盘
10:38:15,103.52,0.0,5,51760,买盘
10:38:18,103.51,-0.01,5,51755,卖盘
10:38:21,103.51,0.0,8,82809,卖盘
10:38:25,103.5,-0.01,7,72453,卖盘
10:38:28,103.51,0.01,1,10351,买盘
10:38:31,103.53,0.02,10,103520,买盘
10:38:40,103.51,-0.02,8,82812,卖盘
10:38:46,103.51,0.0,1,10351,卖盘
10:38:52,103.53,0.02,24,248470,买盘
10:38:57,103.55,0.02,2,20710,买盘
10:39:04,103.53,-0.02,19,196725,卖盘
10:39:07,103.55,0.02,2,20710,卖盘
10:39:10,103.55,0.0,8,82840,卖盘
10:39:12,103.55,0.0,35,362443,卖盘
10:39:16,103.55,0.0,6,62130,卖盘
10:39:18,103.55,0.0,8,82840,卖盘
10:39:25,103.55,0.0,5,51784,卖盘
10:39:27,103.55,0.0,4,41420,卖盘
10:39:31,103.55,0.0,23,238165,卖盘
10:39:34,103.58,0.03,3,31074,买盘
10:39:40,103.56,-0.02,3,31068,卖盘
10:39:51,103.57,0.01,3,31071,买盘
10:39:55,103.56,-0.01,2,20713,卖盘
10:39:58,103.56,0.0,4,41424,卖盘
10:40:02,103.56,0.0,9,93206,卖盘
10:40:04,103.55,-0.01,108,1118343,卖盘
10:40:06,103.53,-0.02,3,28058,卖盘
10:40:09,103.53,0.0,32,334323,卖盘
10:40:13,103.51,-0.02,8,82818,卖盘
10:40:16,103.5,-0.01,18,186300,卖盘
10:40:19,103.48,-0.02,9,93134,卖盘
10:40:22,103.51,0.03,41,424356,买盘
10:40:31,103.51,0.0,23,238044,买盘
10:40:34,103.51,0.0,3,31053,买盘
10:40:37,103.53,0.02,7,72459,买盘
10:40:40,103.52,-0.01,1,10352,中性盘
10:40:46,103.5,-0.02,17,175969,卖盘
10:40:49,103.5,0.0,2,20700,买盘
10:40:55,103.5,0.0,11,113850,买盘
10:41:00,103.51,0.01,5,51755,中性盘
10:41:03,103.51,0.0,18,186320,卖盘
10:41:07,103.52,0.01,7,72468,中性盘
10:41:10,103.52,0.0,5,51755,中性盘
10:41:13,103.5,-0.02,28,289816,卖盘
10:41:16,103.53,0.03,1,10353,买盘
10:41:19,103.49,-0.04,11,113855,卖盘
10:41:21,103.49,0.0,11,113834,买盘
10:41:25,103.48,-0.01,14,144879,卖盘
10:41:28,103.5,0.02,1,10350,卖盘
10:41:30,103.52,0.02,3,31052,买盘
10:41:34,103.5,-0.02,4,41400,卖盘
10:41:37,103.52,0.02,34,351962,买盘
10:41:40,103.5,-0.02,22,224738,卖盘
10:41:43,103.54,0.04,17,175962,买盘
10:41:49,103.55,0.01,7,72474,买盘
10:41:53,103.52,-0.03,14,144932,卖盘
10:41:55,103.55,0.03,3,31065,买盘
10:42:01,103.52,-0.03,8,82827,卖盘
10:42:03,103.5,-0.02,53,551670,卖盘
10:42:07,103.5,0.0,5,51750,买盘
10:42:10,103.5,0.0,3,31050,买盘
10:42:13,103.48,-0.02,32,331161,卖盘
10:42:15,103.47,-0.01,3,31041,卖盘
10:42:19,103.46,-0.01,13,134502,卖盘
10:42:22,103.45,-0.01,26,268992,卖盘
10:42:25,103.44,-0.01,12,124133,卖盘
10:42:28,103.42,-0.02,68,703166,卖盘
10:42:30,103.4,-0.02,25,258422,中性盘
10:42:34,103.36,-0.04,20,206732,卖盘
10:42:37,103.36,0.0,15,155073,买盘
10:42:39,103.33,-0.03,16,165347,卖盘
10:42:43,103.35,0.02,4,41337,买盘
10:42:45,103.34,-0.01,3,31000,中性盘
10:42:49,103.33,-0.01,34,351345,卖盘
10:42:52,103.33,0.0,27,273622,卖盘
10:42:55,103.34,0.01,20,212022,买盘
10:42:58,103.34,0.0,4,41336,卖盘
10:43:00,103.34,0.0,23,232309,卖盘
10:43:04,103.34,0.0,6,62004,买盘
10:43:07,103.33,-0.01,25,258325,卖盘
10:43:10,103.31,-0.02,10,103315,卖盘
10:43:13,103.31,0.0,59,609591,卖盘
10:43:16,103.3,-0.01,27,278921,卖盘
10:43:18,103.3,0.0,31,320230,卖盘
10:43:22,103.31,0.01,32,330574,买盘
10:43:25,103.32,0.01,1,10332,中性盘
10:43:28,103.3,-0.02,18,185946,卖盘
10:43:30,103.3,0.0,22,227259,卖盘
10:43:34,103.3,0.0,6,61980,买盘
10:43:38,103.28,-0.02,9,92968,卖盘
10:43:40,103.24,-0.04,8,82618,卖盘
10:43:43,103.3,0.06,4,41317,买盘
10:43:49,103.25,-0.05,5,51625,卖盘
10:43:51,103.25,0.0,15,154868,卖盘
10:43:55,103.25,0.0,6,61979,卖盘
10:43:58,103.25,0.0,3,30974,买盘
10:44:01,103.25,0.0,25,258124,买盘
10:44:04,103.24,-0.01,6,61947,卖盘
10:44:06,103.25,0.01,2,20650,中性盘
10:44:10,103.23,-0.02,17,175522,卖盘
10:44:13,103.22,-0.01,14,144518,卖盘
10:44:16,103.23,0.01,22,235899,中性盘
10:44:18,103.24,0.01,17,175477,买盘
10:44:28,103.22,-0.02,32,330423,卖盘
10:44:31,103.21,-0.01,12,123854,卖盘
10:44:34,103.22,0.01,27,278694,买盘
10:44:37,103.21,-0.01,3,30963,卖盘
10:44:40,103.22,0.01,473,4882304,买盘
10:44:43,103.28,0.06,45,464499,买盘
10:44:46,103.22,-0.06,13,134221,卖盘
10:44:49,103.22,0.0,1,10322,卖盘
10:44:55,103.4,0.18,15,154913,买盘
10:44:58,103.24,-0.16,1,10324,卖盘
10:45:01,103.24,0.0,5,51620,卖盘
10:45:04,103.4,0.16,6,62040,买盘
10:45:08,103.25,-0.15,5,51625,卖盘
10:45:10,103.22,-0.03,57,588374,卖盘
10:45:12,103.24,0.02,3,30972,中性盘
10:45:16,103.23,-0.01,5,51615,买盘
10:45:19,103.22,-0.01,16,165152,卖盘
10:45:22,103.23,0.01,10,103230,买盘
10:45:28,103.24,0.01,14,143082,买盘
10:45:31,103.3,0.06,13,134290,卖盘
10:45:43,103.3,0.0,5,51650,卖盘
10:45:49,103.39,0.09,7,72373,买盘
10:45:52,103.42,0.03,9,93069,买盘
10:45:55,103.42,0.0,9,93073,买盘
10:46:01,103.4,-0.02,4,41360,卖盘
10:46:04,103.42,0.02,4,41368,买盘
10:46:08,103.43,0.01,4,41372,买盘
10:46:10,103.43,0.0,4,41371,买盘
10:46:13,103.44,0.01,13,134454,买盘
10:46:19,103.4,-0.04,15,155126,卖盘
10:46:22,103.4,0.0,5,51706,卖盘
10:46:25,103.45,0.05,1,10345,买盘
10:46:33,103.45,0.0,3,31035,买盘
10:46:38,103.45,0.0,1,10345,买盘
10:46:43,103.45,0.0,2,20690,买盘
10:46:46,103.46,0.01,1,10346,买盘
10:46:49,103.46,0.0,5,51730,买盘
10:46:52,103.46,0.0,8,82761,买盘
10:46:55,103.46,0.0,1,10346,买盘
10:46:57,103.46,0.0,5,51730,卖盘
10:47:01,103.46,0.0,1,10346,卖盘
10:47:07,103.48,0.02,11,113818,买盘
10:47:10,103.46,-0.02,7,72422,卖盘
10:47:13,103.45,-0.01,8,82767,卖盘
10:47:19,103.46,0.01,13,134498,卖盘
10:47:22,103.47,0.01,2,20694,买盘
10:47:25,103.46,-0.01,6,62076,卖盘
10:47:31,103.4,-0.06,78,806851,卖盘
10:47:34,103.4,0.0,4,41360,买盘
10:47:38,103.4,0.0,11,113740,买盘
10:47:40,103.39,-0.01,11,113729,卖盘
10:47:42,103.4,0.01,26,268815,买盘
10:47:46,103.4,0.0,5,51700,买盘
10:47:55,103.4,0.0,1,10340,买盘
10:47:58,103.4,0.0,1,10340,买盘
10:48:01,103.39,-0.01,8,82681,中性盘
10:48:04,103.4,0.01,12,124052,买盘
10:48:07,103.32,-0.08,9,90661,卖盘
10:48:13,103.4,0.08,14,144745,买盘
10:48:19,103.33,-0.07,16,165328,卖盘
10:48:21,103.4,0.07,1,10340,买盘
10:48:25,103.34,-0.06,1,10334,卖盘
10:48:31,103.33,-0.01,5,51666,卖盘
10:48:34,103.35,0.02,1,10335,中性盘
10:48:38,103.4,0.05,57,588905,买盘
10:48:43,103.33,-0.07,3,30999,中性盘
10:48:46,103.33,0.0,1,10333,中性盘
10:48:49,103.33,0.0,1,10333,买盘
10:48:52,103.33,0.0,1,10333,卖盘
10:48:55,103.33,0.0,1,10333,卖盘
10:49:01,103.4,0.07,1,10340,买盘
10:49:07,103.33,-0.07,1,10333,卖盘
10:49:13,103.4,0.07,4,41339,买盘
10:49:19,103.33,-0.07,34,351425,卖盘
10:49:28,103.4,0.07,1,10340,买盘
10:49:31,103.4,0.0,21,217070,买盘
10:49:34,103.4,0.0,4,41360,买盘
10:49:40,103.32,-0.08,15,155946,卖盘
10:49:43,103.4,0.08,4,41338,买盘
10:49:49,103.4,0.0,10,103332,买盘
10:49:53,103.33,-0.07,8,82657,中性盘
10:49:55,103.39,0.06,4,41356,买盘
10:50:01,103.39,0.0,10,103372,买盘
10:50:03,103.39,0.0,5,51695,买盘
10:50:08,103.4,0.01,1,10340,买盘
10:50:10,103.4,0.0,1,10340,买盘
10:50:13,103.37,-0.03,4,40310,中性盘
10:50:16,103.4,0.03,47,485980,买盘
10:50:19,103.33,-0.07,18,183682,卖盘
10:50:22,103.39,0.06,18,186073,买盘
10:50:25,103.36,-0.03,5,51686,卖盘
10:50:28,103.37,0.01,12,124077,卖盘
10:50:31,103.48,0.11,65,669125,买盘
10:50:34,103.5,0.02,4,41400,买盘
10:50:37,103.3,-0.2,120,1240509,卖盘
10:50:40,103.57,0.27,28,289990,买盘
10:50:43,103.59,0.02,8,82871,买盘
10:50:46,103.61,0.02,16,165773,买盘
10:50:49,103.63,0.02,3,31085,买盘
10:50:53,103.63,0.0,11,113954,买盘
10:50:55,103.58,-0.05,4,41446,卖盘
10:51:10,103.63,0.05,8,82883,买盘
10:51:13,103.64,0.01,3,31090,买盘
10:51:15,103.63,-0.01,2,20726,卖盘
10:51:19,103.5,-0.13,17,176097,卖盘
10:51:21,103.61,0.11,31,321172,买盘
10:51:25,103.64,0.03,2,20726,买盘
10:51:28,103.64,0.0,1,10364,买盘
10:51:30,103.63,-0.01,1,10363,卖盘
10:51:33,103.64,0.01,11,114004,买盘
10:51:38,103.64,0.0,5,51820,中性盘
10:51:40,103.65,0.01,1,10365,买盘
10:51:43,103.65,0.0,22,228025,买盘
10:51:46,103.69,0.04,7,72576,买盘
10:51:49,103.69,0.0,10,103688,买盘
10:51:51,103.66,-0.03,13,134774,卖盘
10:51:58,103.69,0.03,5,51843,卖盘
10:52:01,103.69,0.0,4,41476,买盘
10:52:03,103.69,0.0,3,31107,买盘
10:52:07,103.7,0.01,34,352580,买盘
10:52:10,103.85,0.15,14,147794,买盘
10:52:13,103.87,0.02,15,155746,买盘
10:52:16,103.69,-0.18,10,103791,卖盘
10:52:19,103.66,-0.03,10,103732,卖盘
10:52:22,103.66,0.0,4,41464,买盘
10:52:24,103.66,0.0,9,93294,买盘
10:52:28,103.66,0.0,1,10366,买盘
10:52:31,103.7,0.04,11,114025,买盘
10:52:34,103.65,-0.05,5,51830,卖盘
10:52:36,103.68,0.03,1,10368,卖盘
10:52:40,103.65,-0.03,5,51832,卖盘
10:52:43,103.64,-0.01,16,165844,卖盘
10:52:46,103.65,0.01,8,82904,卖盘
10:52:49,103.51,-0.14,11,113971,卖盘
10:52:52,103.65,0.14,5,51769,买盘
10:53:01,103.65,0.0,5,51825,卖盘
10:53:04,103.68,0.03,9,93313,买盘
10:53:07,103.68,0.0,1,10368,买盘
10:53:10,103.65,-0.03,19,196880,卖盘
10:53:14,103.65,0.0,9,93287,买盘
10:53:16,103.68,0.03,2,20736,买盘
10:53:19,103.5,-0.18,6,62164,卖盘
10:53:22,103.8,0.3,10,103564,买盘
10:53:28,103.71,-0.09,1,10371,卖盘
10:53:38,103.71,0.0,5,51887,卖盘
10:53:43,103.79,0.08,11,114181,买盘
10:53:46,103.81,0.02,2,20762,买盘
10:53:54,103.81,0.0,4,41524,买盘
10:54:01,103.79,-0.02,8,83044,卖盘
10:54:04,103.81,0.02,3,31143,买盘
10:54:14,103.82,0.01,4,41527,卖盘
10:54:15,103.85,0.03,1,10385,买盘
10:54:19,103.81,-0.04,14,145334,卖盘
10:54:22,103.85,0.04,12,124580,买盘
10:54:24,103.85,0.0,6,62308,买盘
10:54:31,103.82,-0.03,5,51910,卖盘
10:54:34,103.82,0.0,7,72694,中性盘
10:54:38,103.85,0.03,3,31155,中性盘
10:54:40,103.79,-0.06,16,166072,卖盘
10:54:44,103.88,0.09,12,124607,买盘
10:54:46,103.88,0.0,14,145366,买盘
10:54:49,103.86,-0.02,1,10386,卖盘
10:54:51,103.86,0.0,22,228496,卖盘
10:54:55,103.88,0.02,35,363421,买盘
10:54:58,103.89,0.01,12,124640,中性盘
10:55:01,103.89,0.0,6,62330,买盘
10:55:03,103.79,-0.1,7,72653,买盘
10:55:07,103.79,0.0,5,51895,买盘
10:55:10,103.79,0.0,23,238277,买盘
10:55:14,103.88,0.09,1,10388,买盘
10:55:16,103.79,-0.09,3,31147,卖盘
10:55:22,103.65,-0.14,16,165759,中性盘
10:55:25,103.65,0.0,7,72555,买盘
10:55:31,103.65,0.0,12,124220,买盘
10:55:34,103.88,0.23,1,10388,买盘
10:55:37,103.78,-0.1,4,41500,买盘
10:55:40,103.66,-0.12,3,31100,卖盘
10:55:44,103.66,0.0,3,31098,中性盘
10:55:46,103.88,0.22,5,51920,买盘
10:55:49,103.88,0.0,5,51940,卖盘
10:55:55,103.94,0.06,5,51946,买盘
10:56:04,103.71,-0.23,5,51924,卖盘
10:56:07,103.71,0.0,8,82968,买盘
10:56:10,103.67,-0.04,3,31101,卖盘
10:56:13,103.71,0.04,1,10371,买盘
10:56:16,103.71,0.0,5,51844,买盘
10:56:22,103.66,-0.05,4,41468,卖盘
10:56:24,103.66,0.0,11,114026,买盘
10:56:34,103.66,0.0,6,62194,买盘
10:56:40,103.56,-0.1,5,51786,卖盘
10:56:44,103.56,0.0,6,62166,卖盘
10:56:49,103.71,0.15,4,41478,买盘
10:56:51,103.9,0.19,12,124451,买盘
10:56:55,103.88,-0.02,2,20779,中性盘
10:56:58,103.91,0.03,1,10391,买盘
10:57:04,103.9,-0.01,6,62340,买盘
10:57:13,103.9,0.0,4,41560,买盘
10:57:16,103.69,-0.21,4,41496,卖盘
10:57:23,103.89,0.2,17,176242,买盘
10:57:28,103.69,-0.2,1,14000,卖盘
10:57:30,103.89,0.2,1,10389,买盘
10:57:34,103.89,0.0,1,10389,买盘
10:57:40,103.7,-0.19,12,124440,卖盘
10:57:43,103.89,0.19,14,145256,买盘
10:57:45,103.7,-0.19,3,31112,卖盘
10:57:49,103.74,0.04,2,20748,卖盘
10:57:52,103.89,0.15,19,197277,买盘
10:57:55,103.89,0.0,2,20775,买盘
10:58:01,103.74,-0.15,3,31122,卖盘
10:58:04,103.89,0.15,6,62333,买盘
10:58:07,103.89,0.0,2,20759,买盘
10:58:10,103.89,0.0,2,20778,买盘
10:58:12,103.89,0.0,3,31167,买盘
10:58:16,103.89,0.0,4,41505,买盘
10:58:21,103.89,0.0,23,238531,买盘
10:58:25,103.89,0.0,5,51945,买盘
10:58:31,103.56,-0.33,4,41432,卖盘
10:58:34,103.89,0.33,5,51945,买盘
10:58:37,103.89,0.0,4,41556,买盘
10:58:39,103.56,-0.33,4,41432,卖盘
10:58:43,103.89,0.33,1,10389,买盘
10:58:46,103.57,-0.32,3,31077,卖盘
10:59:07,103.88,0.31,3,31117,买盘
10:59:10,103.69,-0.19,2,20757,卖盘
10:59:13,103.88,0.19,4,41486,买盘
10:59:16,103.7,-0.18,5,51852,卖盘
10:59:21,103.65,-0.05,24,248995,卖盘
10:59:24,103.88,0.23,1,10388,买盘
10:59:28,103.72,-0.16,4,41522,中性盘
10:59:33,103.89,0.17,2,20778,买盘
10:59:36,103.72,-0.17,3,31116,卖盘
10:59:40,103.63,-0.09,9,93317,卖盘
10:59:43,103.88,0.25,2,20776,买盘
10:59:46,103.65,-0.23,3,31095,中性盘
10:59:49,103.66,0.01,5,51854,卖盘
10:59:58,103.88,0.22,12,124658,买盘
11:00:01,103.89,0.01,7,72607,买盘
11:00:04,103.88,-0.01,9,93492,买盘
11:00:07,103.88,0.0,17,176597,卖盘
11:00:09,103.88,0.0,2,20776,买盘
11:00:13,103.88,0.0,3,31144,买盘
11:00:15,103.88,0.0,2,20776,卖盘
11:00:19,103.88,0.0,3,31160,买盘
11:00:21,103.63,-0.25,12,124446,卖盘
11:00:25,103.62,-0.01,7,72568,卖盘
11:00:27,103.62,0.0,1,5803,卖盘
11:00:31,103.71,0.09,3,31113,买盘
11:00:34,103.72,0.01,2,20744,卖盘
11:00:40,103.73,0.01,4,41492,卖盘
11:00:43,103.73,0.0,8,82984,卖盘
11:00:46,103.73,0.0,3,31119,卖盘
11:00:48,103.63,-0.1,41,424987,卖盘
11:00:52,103.63,0.0,21,217623,卖盘
11:00:58,103.73,0.1,7,72611,买盘
11:01:06,103.74,0.01,1,10374,卖盘
11:01:15,103.73,-0.01,7,72616,卖盘
11:01:22,103.74,0.01,4,41495,买盘
11:01:25,103.73,-0.01,20,207304,买盘
11:01:27,103.74,0.01,5,51869,买盘
11:01:31,103.63,-0.11,5,51827,卖盘
11:01:34,103.74,0.11,1,10374,中性盘
11:01:40,103.65,-0.09,5,51843,卖盘
11:01:46,103.65,0.0,3,31095,卖盘
11:01:52,103.65,0.0,7,78256,卖盘
11:02:03,103.87,0.22,11,114257,买盘
11:02:06,103.65,-0.22,5,51825,卖盘
11:02:10,103.65,0.0,1,10365,卖盘
11:02:13,103.65,0.0,3,31095,卖盘
11:02:16,103.87,0.22,4,41482,买盘
11:02:22,103.74,-0.13,61,626915,买盘
11:02:24,103.74,0.0,12,124488,买盘
11:02:27,103.73,-0.01,8,86913,买盘
11:02:30,103.73,0.0,5,51867,买盘
11:02:37,103.74,0.01,1,10374,买盘
11:02:40,103.74,0.0,4,41463,买盘
11:02:42,103.62,-0.12,6,62232,卖盘
11:02:46,103.74,0.12,4,41460,买盘
11:02:52,103.74,0.0,1,10374,买盘
11:02:55,103.62,-0.12,2,20736,卖盘
11:02:58,103.62,0.0,1,10362,卖盘
11:03:06,103.74,0.12,1,10374,买盘
11:03:13,103.74,0.0,4,41496,买盘
11:03:16,103.74,0.0,2,20736,买盘
11:03:19,103.62,-0.12,1,10465,卖盘
11:03:22,103.74,0.12,4,41460,买盘
11:03:25,103.74,0.0,18,189143,买盘
11:03:30,103.62,-0.12,1,10362,卖盘
11:03:34,103.74,0.12,6,62244,买盘
11:03:37,103.74,0.0,40,410371,买盘
11:03:39,103.74,0.0,3,31122,卖盘
11:03:43,103.72,-0.02,3,31127,买盘
11:03:45,103.88,0.16,4,41513,买盘
11:03:55,103.74,-0.14,44,456460,卖盘
11:04:01,103.75,0.01,1,10375,卖盘
11:04:06,103.88,0.13,11,114268,买盘
11:04:10,103.76,-0.12,4,41504,卖盘
11:04:16,103.76,0.0,4,41504,卖盘
11:04:22,103.76,0.0,14,145264,卖盘
11:04:25,103.76,0.0,8,83008,卖盘
11:04:27,103.76,0.0,6,62300,卖盘
11:04:38,103.76,0.0,1,10376,卖盘
11:04:43,103.76,0.0,2,20752,卖盘
11:04:45,103.76,0.0,1,10376,卖盘
11:04:52,103.76,0.0,9,93384,卖盘
11:05:00,103.76,0.0,1,10376,卖盘
11:05:10,103.85,0.09,2,20770,买盘
11:05:13,103.85,0.0,5,51916,买盘
11:05:18,103.77,-0.08,12,124588,中性盘
11:05:22,103.76,-0.01,7,72642,卖盘
11:05:25,103.85,0.09,11,114157,买盘
11:05:28,103.77,-0.08,1,10377,中性盘
11:05:33,103.85,0.08,8,83062,买盘
11:05:36,103.77,-0.08,9,93433,卖盘
11:05:39,103.77,0.0,17,176409,中性盘
11:05:46,103.79,0.02,1,10379,卖盘
11:05:49,103.77,-0.02,4,37359,卖盘
11:05:52,103.77,0.0,2,20754,卖盘
11:05:54,103.77,0.0,1,10377,买盘
11:06:07,103.75,-0.02,8,90590,卖盘
11:06:13,103.76,0.01,14,145303,中性盘
11:06:15,103.77,0.01,1,10377,中性盘
11:06:25,103.75,-0.02,15,155664,卖盘
11:06:28,103.74,-0.01,2,18259,卖盘
11:06:31,103.74,0.0,1,10374,卖盘
11:06:37,103.74,0.0,1,10374,卖盘
11:06:40,103.76,0.02,5,51880,卖盘
11:06:42,103.76,0.0,1,10376,卖盘
11:06:49,103.84,0.08,5,51920,买盘
11:06:51,103.76,-0.08,6,62256,卖盘
11:06:55,103.76,0.0,4,41528,卖盘
11:07:01,103.84,0.08,8,83016,买盘
11:07:07,103.77,-0.07,1,10377,卖盘
11:07:13,103.76,-0.01,1,10376,卖盘
11:07:16,103.84,0.08,1,10384,买盘
11:07:18,103.77,-0.07,3,31131,卖盘
11:07:22,103.84,0.07,7,72636,买盘
11:07:25,103.74,-0.1,17,176390,卖盘
11:07:28,103.75,0.01,5,51875,卖盘
11:07:37,103.75,0.0,4,41500,卖盘
11:07:40,103.76,0.01,8,79060,买盘
11:07:49,103.76,0.0,2,20760,卖盘
11:07:52,103.76,0.0,14,145252,卖盘
11:07:55,103.77,0.01,1,10377,卖盘
11:08:07,103.77,0.0,3,31131,卖盘
11:08:16,103.83,0.06,1,10383,买盘
11:08:19,103.84,0.01,9,93451,买盘
11:08:22,103.87,0.03,6,62317,买盘
11:08:25,103.88,0.01,18,186891,买盘
11:08:31,103.85,-0.03,12,124623,卖盘
11:08:33,103.88,0.03,6,62328,买盘
11:08:37,103.89,0.01,11,114270,买盘
11:08:39,103.88,-0.01,7,72688,买盘
11:08:43,103.88,0.0,9,93490,买盘
11:08:45,103.9,0.02,1,10390,买盘
11:08:48,103.88,-0.02,3,31164,卖盘
11:08:52,103.91,0.03,7,72719,买盘
11:08:58,103.89,-0.02,1,10389,买盘
11:09:01,103.89,0.0,1,10389,买盘
11:09:04,103.91,0.02,6,62335,买盘
11:09:07,103.91,0.0,6,62344,买盘
11:09:16,103.91,0.0,2,20782,买盘
11:09:22,103.91,0.0,5,51947,买盘
11:09:25,103.86,-0.05,23,238915,卖盘
11:09:28,103.86,0.0,6,62321,卖盘
11:09:31,103.77,-0.09,3,31131,卖盘
11:09:34,103.86,0.09,3,31158,买盘
11:09:40,103.77,-0.09,6,62267,卖盘
11:09:46,103.83,0.06,1,10383,中性盘
11:09:48,103.84,0.01,2,20768,卖盘
11:09:51,103.83,-0.01,3,31150,卖盘
11:09:54,103.85,0.02,1,10385,中性盘
11:09:58,103.85,0.0,2,20770,卖盘
11:10:01,103.86,0.01,14,145397,买盘
11:10:04,103.86,0.0,3,31158,买盘
11:10:07,103.85,-0.01,1,10385,卖盘
11:10:09,103.91,0.06,5,51949,买盘
11:10:13,103.91,0.0,7,72740,卖盘
11:10:16,103.92,0.01,18,187070,中性盘
11:10:19,103.91,-0.01,7,72752,卖盘
11:10:21,103.96,0.05,192,1989595,买盘
11:10:24,103.96,0.0,45,467711,买盘
11:10:27,103.95,-0.01,1,10395,中性盘
11:10:30,103.8,-0.15,6,62275,中性盘
11:10:33,103.8,0.0,9,93537,中性盘
11:10:37,104.18,0.38,72,748202,买盘
11:10:40,104.16,-0.02,16,166676,卖盘
11:10:42,104.17,0.01,1,10417,卖盘
11:10:49,104.15,-0.02,9,93742,卖盘
11:10:51,104.15,0.0,14,145812,卖盘
11:10:54,104.14,-0.01,253,2636017,卖盘
11:10:58,104.0,-0.14,12,124800,中性盘
11:11:01,104.0,0.0,3,31200,买盘
11:11:04,104.0,0.0,5,52000,买盘
11:11:07,104.0,0.0,4,41594,买盘
11:11:10,104.0,0.0,17,176770,买盘
11:11:13,104.0,0.0,8,83200,买盘
11:11:16,103.89,-0.11,2,20789,卖盘
11:11:19,103.89,0.0,3,31167,卖盘
11:11:22,103.94,0.05,4,41576,买盘
11:11:25,103.94,0.0,16,166170,买盘
11:11:28,103.81,-0.13,5,51938,中性盘
11:11:31,104.06,0.25,17,177156,买盘
11:11:34,104.07,0.01,3,31219,中性盘
11:11:37,104.06,-0.01,1,10406,卖盘
11:11:40,104.06,0.0,7,72842,卖盘
11:11:43,104.16,0.1,9,93724,买盘
11:11:46,104.16,0.0,2,20822,买盘
11:11:49,104.06,-0.1,4,41634,卖盘
11:11:54,104.1,0.04,4,41658,卖盘
11:11:58,104.1,0.0,1,18947,卖盘
11:12:01,104.16,0.06,1,10416,买盘
11:12:04,104.15,-0.01,3,31245,买盘
11:12:07,104.1,-0.05,4,33108,卖盘
11:12:13,104.1,0.0,5,52070,卖盘
11:12:25,104.06,-0.04,17,176919,卖盘
11:12:28,104.1,0.04,7,72867,买盘
11:12:31,104.07,-0.03,5,52047,卖盘
11:12:34,104.1,0.03,6,62460,买盘
11:12:39,104.06,-0.04,9,93654,卖盘
11:12:43,104.1,0.04,6,62448,买盘
11:12:45,104.06,-0.04,361,3756238,卖盘
11:12:49,104.0,-0.06,30,312000,卖盘
11:12:52,104.01,0.01,10,104019,卖盘
11:12:55,104.0,-0.01,1,10400,中性盘
11:13:07,104.01,0.01,2,20803,卖盘
11:13:10,104.03,0.02,1,10403,中性盘
11:13:16,104.05,0.02,3,31211,买盘
11:13:18,104.02,-0.03,11,114430,卖盘
11:13:22,104.04,0.02,5,52018,中性盘
11:13:25,104.04,0.0,16,166464,卖盘
11:13:28,104.04,0.0,1,14254,卖盘
11:13:31,104.05,0.01,1,10405,买盘
11:13:40,104.03,-0.02,5,52019,卖盘
11:13:43,104.03,0.0,5,52022,买盘
11:13:46,104.03,0.0,4,41612,卖盘
11:13:49,104.03,0.0,5,52955,卖盘
11:13:52,104.03,0.0,5,52015,卖盘
11:13:58,104.03,0.0,3,31209,卖盘
11:14:01,104.03,0.0,1,10403,卖盘
11:14:04,104.03,0.0,3,34330,买盘
11:14:06,104.05,0.02,1,10405,买盘
11:14:10,104.01,-0.04,4,41610,买盘
11:14:13,104.01,0.0,1,10401,卖盘
11:14:16,104.03,0.02,5,52015,中性盘
11:14:19,104.0,-0.03,3,31206,卖盘
11:14:22,104.03,0.03,12,124815,买盘
11:14:25,104.0,-0.03,17,176747,中性盘
11:14:28,104.0,0.0,1,10400,买盘
11:14:31,103.96,-0.04,6,62372,卖盘
11:14:34,103.96,0.0,14,145552,买盘
11:14:37,103.97,0.01,7,72779,卖盘
11:14:43,103.98,0.01,1,4160,卖盘
11:14:46,103.97,-0.01,4,47827,卖盘
11:14:49,103.89,-0.08,4,41580,卖盘
11:14:51,103.89,0.0,4,41556,中性盘
11:14:55,103.92,0.03,6,62350,买盘
11:15:07,103.94,0.02,3,31182,卖盘
11:15:10,103.92,-0.02,11,114314,卖盘
11:15:19,103.94,0.02,5,51973,卖盘
11:15:22,103.92,-0.02,3,31176,中性盘
11:15:25,103.86,-0.06,14,145504,卖盘
11:15:37,103.97,0.11,2,20791,买盘
11:15:46,103.95,-0.02,32,332638,卖盘
11:15:52,103.79,-0.16,6,54737,卖盘
11:15:55,103.95,0.16,2,20781,买盘
11:15:58,103.9,-0.05,10,103910,卖盘
11:16:01,103.91,0.01,4,41564,卖盘
11:16:04,103.93,0.02,2,20786,卖盘
11:16:07,103.91,-0.02,1,10391,卖盘
11:16:16,103.93,0.02,10,103930,买盘
11:16:18,103.91,-0.02,6,55415,卖盘
11:16:22,103.98,0.07,5,51969,买盘
11:16:25,103.91,-0.07,19,197447,卖盘
11:16:28,103.98,0.07,12,124726,买盘
11:16:31,103.98,0.0,5,51990,买盘
11:16:33,103.98,0.0,2,20796,买盘
11:16:36,103.98,0.0,2,20789,买盘
11:16:40,103.98,0.0,14,145572,买盘
11:16:43,103.98,0.0,12,124776,买盘
11:16:46,103.91,-0.07,6,62381,卖盘
11:16:49,103.98,0.07,3,31194,买盘
11:16:52,103.91,-0.07,16,166271,卖盘
11:16:55,103.98,0.07,9,93582,买盘
11:16:58,103.98,0.0,3,31189,买盘
11:17:00,103.98,0.0,3,31189,买盘
11:17:04,103.98,0.0,3,31189,买盘
11:17:07,103.97,-0.01,59,616901,中性盘
11:17:10,104.0,0.03,16,162529,买盘
11:17:13,104.0,0.0,6,62398,买盘
11:17:16,104.0,0.0,2,20800,买盘
11:17:19,103.92,-0.08,3,31182,卖盘
11:17:21,103.95,0.03,13,135070,买盘
11:17:24,103.92,-0.03,9,93531,中性盘
11:17:28,103.92,0.0,2,20784,买盘
11:17:31,103.95,0.03,8,83139,买盘
11:17:34,104.0,0.05,4,41585,买盘
11:17:37,103.94,-0.06,1,10394,卖盘
11:17:40,103.99,0.05,5,51979,买盘
11:17:42,103.99,0.0,18,187182,买盘
11:17:46,103.94,-0.05,5,51990,卖盘
11:17:49,103.99,0.05,2,20798,买盘
11:17:52,103.99,0.0,3,31197,买盘
11:17:55,104.0,0.01,38,395161,买盘
11:17:58,104.0,0.0,16,166400,买盘
11:18:01,104.0,0.0,13,139364,买盘
11:18:04,104.04,0.04,10,104018,买盘
11:18:07,104.04,0.0,1,10404,买盘
11:18:16,104.01,-0.03,1,10401,卖盘
11:18:19,104.04,0.03,12,124818,买盘
11:18:22,103.98,-0.06,10,105068,卖盘
11:18:25,103.98,0.0,20,206958,卖盘
11:18:30,104.01,0.03,16,165365,买盘
11:18:34,104.02,0.01,12,125860,买盘
11:18:37,104.01,-0.01,11,114427,卖盘
11:18:40,104.01,0.0,3,31202,买盘
11:18:43,104.04,0.03,9,93616,买盘
11:18:46,103.97,-0.07,5,52000,卖盘
11:18:49,104.02,0.05,4,41606,买盘
11:18:52,103.97,-0.05,7,72801,卖盘
11:18:55,104.02,0.05,8,83216,买盘
11:18:58,103.97,-0.05,1,10397,卖盘
11:19:01,104.02,0.05,3,31204,买盘
11:19:03,104.02,0.0,14,145588,买盘
11:19:07,104.02,0.0,11,114420,买盘
11:19:10,104.03,0.01,6,62414,买盘
11:19:13,104.03,0.0,6,62414,买盘
11:19:15,104.03,0.0,1,10403,买盘
11:19:22,104.03,0.0,2,20805,买盘
11:19:25,103.99,-0.04,24,249642,卖盘
11:19:29,103.99,0.0,7,72793,买盘
11:19:31,104.01,0.02,2,20803,卖盘
11:19:34,104.02,0.01,4,41608,买盘
11:19:37,104.02,0.0,6,62410,买盘
11:19:39,104.03,0.01,18,187245,买盘
11:19:43,104.01,-0.02,5,52009,卖盘
11:19:46,104.02,0.01,2,20804,卖盘
11:19:49,104.01,-0.01,1,10401,卖盘
11:19:52,104.02,0.01,2,20804,买盘
11:19:54,104.02,0.0,5,52007,买盘
11:19:57,104.02,0.0,4,41607,买盘
11:20:01,104.02,0.0,3,31206,买盘
11:20:04,104.03,0.01,7,72814,买盘
11:20:07,104.04,0.01,4,41615,买盘
11:20:15,104.03,-0.01,2,20806,卖盘
11:20:19,104.04,0.01,1,10404,买盘
11:20:22,104.04,0.0,3,31212,买盘
11:20:25,104.03,-0.01,13,135241,卖盘
11:20:28,104.04,0.01,14,145644,买盘
11:20:31,104.03,-0.01,6,62422,中性盘
11:20:34,104.04,0.01,40,416147,买盘
11:20:37,104.04,0.0,19,197670,买盘
11:20:40,104.04,0.0,3,31206,买盘
11:20:43,104.02,-0.02,17,176808,中性盘
11:20:45,104.03,0.01,13,135237,买盘
11:20:49,104.04,0.01,4,41615,买盘
11:20:52,104.04,0.0,11,114444,买盘
11:20:55,104.04,0.0,9,93635,买盘
11:20:58,104.04,0.0,3,31211,买盘
11:21:00,104.03,-0.01,1,15085,卖盘
11:21:03,104.03,0.0,6,62419,卖盘
11:21:07,104.03,0.0,7,72819,买盘
11:21:10,104.04,0.01,4,41613,买盘
11:21:13,104.04,0.0,3,31212,买盘
11:21:19,104.04,0.0,13,135250,买盘
11:21:22,104.05,0.01,9,93640,买盘
11:21:25,104.03,-0.02,9,93632,卖盘
11:21:28,104.05,0.02,4,41619,买盘
11:21:31,104.05,0.0,1,10405,买盘
11:21:34,104.04,-0.01,5,52024,卖盘
11:21:37,104.05,0.01,8,83237,买盘
11:21:40,104.05,0.0,2,20810,买盘
11:21:43,104.01,-0.04,18,187250,卖盘
11:21:46,104.06,0.05,10,104045,买盘
11:21:49,104.06,0.0,1,10406,买盘
11:21:54,104.02,-0.04,4,41599,中性盘
11:21:57,104.06,0.04,3,31214,买盘
11:22:10,104.03,-0.03,1,10403,卖盘
11:22:13,104.03,0.0,22,228869,卖盘
11:22:16,104.06,0.03,7,72839,买盘
11:22:19,104.04,-0.02,11,114470,卖盘
11:22:22,104.08,0.04,5,52039,买盘
11:22:25,104.06,-0.02,10,104048,卖盘
11:22:27,104.09,0.03,4,41636,买盘
11:22:30,104.05,-0.04,1,10405,卖盘
11:22:34,104.04,-0.01,6,62439,卖盘
11:22:37,104.09,0.05,3,31226,买盘
11:22:40,104.05,-0.04,7,72829,买盘
11:22:43,104.01,-0.04,21,218489,卖盘
11:22:46,104.09,0.08,9,93677,买盘
11:22:49,104.06,-0.03,1,10406,中性盘
11:22:52,104.05,-0.01,3,31215,中性盘
11:22:54,104.02,-0.03,19,197713,中性盘
11:22:58,104.09,0.07,9,93667,买盘
11:23:01,104.09,0.0,2,20811,买盘
11:23:04,104.02,-0.07,5,52010,买盘
11:23:07,104.09,0.07,2,20819,中性盘
11:23:10,104.1,0.01,2,20820,买盘
11:23:13,104.09,-0.01,7,72864,卖盘
11:23:16,104.09,0.0,6,62454,买盘
11:23:18,104.02,-0.07,2,20810,卖盘
11:23:22,104.08,0.06,2,20810,买盘
11:23:24,104.02,-0.06,3,31206,卖盘
11:23:28,104.08,0.06,2,20816,买盘
11:23:34,104.02,-0.06,1,10402,卖盘
11:23:43,104.01,-0.01,15,156030,卖盘
11:23:46,104.08,0.07,7,72840,买盘
11:23:48,104.08,0.0,1,10408,买盘
11:23:52,104.0,-0.08,1,10400,中性盘
11:23:55,104.02,0.02,9,93614,买盘
11:23:58,104.08,0.06,4,41632,买盘
11:24:04,104.02,-0.06,10,104068,卖盘
11:24:07,104.09,0.07,6,62439,买盘
11:24:10,104.08,-0.01,2,20810,买盘
11:24:12,104.08,0.0,1,10408,买盘
11:24:19,104.08,0.0,3,31218,买盘
11:24:22,104.08,0.0,1,10408,买盘
11:24:25,104.09,0.01,27,281017,买盘
11:24:28,104.1,0.01,15,156133,买盘
11:24:31,104.1,0.0,2,20818,买盘
11:24:34,104.08,-0.02,7,72862,卖盘
11:24:37,104.1,0.02,4,41638,买盘
11:24:40,104.08,-0.02,6,62454,卖盘
11:24:42,104.1,0.02,4,41636,买盘
11:24:46,104.06,-0.04,22,228982,卖盘
11:24:49,104.1,0.04,12,124906,买盘
11:24:51,104.08,-0.02,2,15094,中性盘
11:24:55,104.04,-0.04,4,41622,卖盘
11:24:58,104.1,0.06,11,114510,买盘
11:25:00,104.1,0.0,5,52046,买盘
11:25:03,104.1,0.0,4,41636,买盘
11:25:07,104.1,0.0,2,20820,买盘
11:25:12,104.1,0.0,19,197768,买盘
11:25:16,104.1,0.0,5,52047,买盘
11:25:19,104.09,-0.01,7,72869,卖盘
11:25:22,104.06,-0.03,1,10406,卖盘
11:25:25,104.09,0.03,3,31229,卖盘
11:25:28,104.11,0.02,24,249826,买盘
11:25:30,104.11,0.0,13,135340,买盘
11:25:33,104.12,0.01,5,53621,买盘
11:25:37,104.02,-0.1,8,83280,卖盘
11:25:39,104.1,0.08,2,20812,买盘
11:25:43,104.1,0.0,7,72870,卖盘
11:25:45,104.0,-0.1,5,52016,卖盘
11:25:49,104.1,0.1,4,41633,买盘
11:25:52,104.1,0.0,10,104109,中性盘
11:25:55,104.1,0.0,7,72872,卖盘
11:26:04,104.1,0.0,6,62460,卖盘
11:26:06,104.1,0.0,2,20820,卖盘
11:26:13,104.1,0.0,3,31232,卖盘
11:26:18,104.1,0.0,1,10410,卖盘
11:26:25,104.11,0.01,1,10411,买盘
11:26:28,104.1,-0.01,4,41640,卖盘
11:26:31,104.11,0.01,3,31233,买盘
11:26:33,104.1,-0.01,2,20820,卖盘
11:26:37,104.1,0.0,7,72874,卖盘
11:26:40,104.11,0.01,1,10411,买盘
11:26:43,104.11,0.0,5,52055,买盘
11:26:46,104.05,-0.06,17,176969,卖盘
11:26:48,104.11,0.06,1,10411,卖盘
11:26:55,104.11,0.0,4,41644,买盘
11:26:58,104.11,0.0,5,52054,买盘
11:27:01,104.1,-0.01,9,93692,卖盘
11:27:03,104.11,0.01,8,83284,买盘
11:27:06,104.12,0.01,2,20823,买盘
11:27:09,104.12,0.0,1,10412,买盘
11:27:12,104.12,0.0,5,52059,买盘
11:27:16,104.11,-0.01,3,29360,卖盘
11:27:18,104.12,0.01,1,10412,买盘
11:27:22,104.12,0.0,1,10412,买盘
11:27:25,104.1,-0.02,6,64343,卖盘
11:27:27,104.1,0.0,4,41635,卖盘
11:27:31,104.1,0.0,1,8536,卖盘
11:27:40,104.1,0.0,1,10410,卖盘
11:27:46,104.03,-0.07,15,157962,卖盘
11:27:48,104.03,0.0,6,60546,买盘
11:27:54,104.05,0.02,3,31215,卖盘
11:27:58,104.1,0.05,2,20815,买盘
11:28:01,104.03,-0.07,7,72851,卖盘
11:28:03,104.1,0.07,4,41640,买盘
11:28:07,104.1,0.0,1,10410,卖盘
11:28:10,104.1,0.0,1,10410,卖盘
11:28:13,104.1,0.0,2,25506,卖盘
11:28:16,104.12,0.02,9,93702,买盘
11:28:22,104.1,-0.02,3,31230,卖盘
11:28:24,104.12,0.02,4,41645,买盘
11:28:28,104.1,-0.02,3,31232,卖盘
11:28:37,104.11,0.01,5,52055,买盘
11:28:39,104.1,-0.01,2,20821,卖盘
11:28:46,104.0,-0.1,15,156145,卖盘
11:28:49,104.0,0.0,2,20800,卖盘
11:28:55,104.1,0.1,5,52051,卖盘
11:28:58,104.1,0.0,7,72876,卖盘
11:29:00,104.1,0.0,2,20820,卖盘
11:29:07,104.1,0.0,1,10410,卖盘
11:29:09,104.12,0.02,3,31236,买盘
11:29:12,104.13,0.01,8,83297,买盘
11:29:16,104.1,-0.03,13,135336,卖盘
11:29:19,104.1,0.0,6,62450,买盘
11:29:22,104.0,-0.1,1,10400,卖盘
11:29:25,104.0,0.0,10,104070,卖盘
11:29:27,104.1,0.1,8,83240,买盘
11:29:31,104.1,0.0,3,31210,买盘
11:29:34,104.1,0.0,22,229020,买盘
11:29:37,104.1,0.0,12,119076,买盘
11:29:39,104.1,0.0,23,239210,买盘
11:29:42,104.1,0.0,16,166540,买盘
11:29:46,103.94,-0.16,14,145537,卖盘
11:29:49,104.02,0.08,3,31202,买盘
11:29:51,104.1,0.08,2,20820,买盘
11:30:00,104.02,-0.08,3,31206,卖盘
13:00:01,104.02,0.0,14,145628,卖盘
13:00:04,104.02,0.0,35,364078,买盘
13:00:07,104.03,0.01,36,374467,买盘
13:00:11,103.92,-0.11,62,644886,卖盘
13:00:13,104.01,0.09,12,124752,买盘
13:00:17,104.01,0.0,10,104011,卖盘
13:00:19,104.02,0.01,33,343267,买盘
13:00:22,104.08,0.06,10,104042,买盘
13:00:25,104.04,-0.04,5,52026,卖盘
13:00:28,104.04,0.0,3,31224,卖盘
13:00:32,104.06,0.02,12,125683,中性盘
13:00:35,104.01,-0.05,60,624377,买盘
13:00:38,104.1,0.09,17,176926,买盘
13:00:41,104.1,0.0,6,67145,卖盘
13:00:43,104.05,-0.05,13,130622,买盘
13:00:46,104.05,0.0,7,75738,卖盘
13:00:49,104.07,0.02,30,308563,卖盘
13:00:53,104.05,-0.02,23,239349,卖盘
13:00:55,104.04,-0.01,7,72824,买盘
13:00:58,104.07,0.03,18,187142,买盘
13:01:02,104.06,-0.01,19,197734,卖盘
13:01:04,103.9,-0.16,21,218429,卖盘
13:01:08,104.04,0.14,2,20806,买盘
13:01:11,104.02,-0.02,42,436992,卖盘
13:01:13,104.02,0.0,20,208123,卖盘
13:01:17,104.07,0.05,10,104064,买盘
13:01:19,104.07,0.0,5,55794,卖盘
13:01:23,104.09,0.02,3,32790,买盘
13:01:26,104.09,0.0,2,20818,卖盘
13:01:28,104.07,-0.02,26,265264,买盘
13:01:31,104.11,0.04,20,208156,买盘
13:01:34,104.07,-0.04,1,10407,卖盘
13:01:38,104.09,0.02,2,20818,买盘
13:01:41,104.09,0.0,4,41632,买盘
13:01:43,104.07,-0.02,4,41634,卖盘
13:01:47,104.07,0.0,6,62446,卖盘
13:01:49,104.09,0.02,2,20818,买盘
13:01:53,104.09,0.0,6,62454,买盘
13:01:58,104.07,-0.02,3,31227,卖盘
13:02:01,104.1,0.03,8,83277,买盘
13:02:04,104.07,-0.03,20,208180,卖盘
13:02:08,104.07,0.0,4,41636,卖盘
13:02:10,104.11,0.04,1,10411,买盘
13:02:13,104.1,-0.01,15,156157,卖盘
13:02:17,104.1,0.0,1,10410,卖盘
13:02:19,104.07,-0.03,12,124908,卖盘
13:02:23,104.11,0.04,2,20821,买盘
13:02:25,104.12,0.01,3,31236,买盘
13:02:28,104.1,-0.02,2,20821,卖盘
13:02:34,104.1,0.0,4,41643,卖盘
13:02:38,104.12,0.02,3,31234,买盘
13:02:40,104.12,0.0,9,93702,买盘
13:02:43,104.12,0.0,10,104114,买盘
13:02:47,104.12,0.0,2,20823,买盘
13:02:49,104.11,-0.01,2,20823,卖盘
13:02:53,104.12,0.01,18,187415,买盘
13:02:56,104.12,0.0,9,93707,买盘
13:02:58,104.11,-0.01,4,41644,卖盘
13:03:01,104.11,0.0,5,52059,卖盘
13:03:04,104.12,0.01,1,10412,买盘
13:03:07,104.12,0.0,2,20823,买盘
13:03:10,104.13,0.01,15,156184,买盘
13:03:13,104.11,-0.02,9,93702,卖盘
13:03:16,104.12,0.01,6,62472,买盘
13:03:19,104.11,-0.01,16,166583,卖盘
13:03:23,104.12,0.01,12,124942,买盘
13:03:26,104.13,0.01,2,20825,买盘
13:03:28,104.12,-0.01,2,20824,卖盘
13:03:32,104.12,0.0,3,31236,买盘
13:03:40,104.12,0.0,1,10412,卖盘
13:03:44,104.12,0.0,11,114537,卖盘
13:03:46,104.13,0.01,4,41649,买盘
13:03:50,104.12,-0.01,4,41648,卖盘
13:03:53,104.13,0.01,6,62474,买盘
13:03:56,104.12,-0.01,2,20824,卖盘
13:03:59,104.12,0.0,1,10412,卖盘
13:04:02,104.12,0.0,3,31236,买盘
13:04:07,104.12,0.0,11,114542,卖盘
13:04:11,104.14,0.02,4,41654,卖盘
13:04:14,104.12,-0.02,3,31236,卖盘
13:04:20,104.1,-0.02,13,135357,卖盘
13:04:23,104.15,0.05,26,275450,买盘
13:04:25,104.12,-0.03,3,26551,卖盘
13:04:32,104.12,0.0,4,46333,买盘
13:04:35,104.15,0.03,1,11977,卖盘
13:04:41,104.16,0.01,4,41663,买盘
13:04:44,104.15,-0.01,15,156234,卖盘
13:04:47,104.15,0.0,7,72905,卖盘
13:04:50,104.18,0.03,16,166688,买盘
13:04:52,104.15,-0.03,5,52075,卖盘
13:04:59,104.15,0.0,4,41660,卖盘
13:05:00,104.18,0.03,36,374994,买盘
13:05:05,104.16,-0.02,3,31248,卖盘
13:05:10,104.18,0.02,2,20835,买盘
13:05:14,104.18,0.0,3,31254,买盘
13:05:17,104.17,-0.01,1,10417,卖盘
13:05:20,104.13,-0.04,13,135392,卖盘
13:05:23,104.17,0.04,1,4584,中性盘
13:05:26,104.12,-0.05,20,210002,卖盘
13:05:29,104.12,0.0,4,45821,卖盘
13:05:31,104.17,0.05,7,68748,卖盘
13:05:38,104.15,0.0,2,16661,卖盘
13:05:40,104.2,0.05,9,93780,买盘
13:05:43,104.17,-0.03,3,31251,卖盘
13:05:47,104.17,0.0,1,10417,卖盘
13:05:50,104.18,0.01,4,46780,卖盘
13:05:53,104.17,-0.01,2,20836,卖盘
13:05:59,104.18,0.01,2,20836,卖盘
13:06:02,104.18,0.0,3,31254,买盘
13:06:05,104.19,0.01,3,31257,买盘
13:06:08,104.2,0.01,5,52100,买盘
13:06:11,104.2,0.0,6,62518,买盘
13:06:14,104.2,0.0,5,52100,卖盘
13:06:17,104.21,0.01,2,20842,买盘
13:06:19,104.23,0.02,14,145883,买盘
13:06:23,104.21,-0.02,3,31262,中性盘
13:06:29,104.24,0.03,5,52115,买盘
13:06:31,104.24,0.0,2,20848,买盘
13:06:35,104.24,0.0,1,4691,卖盘
13:06:38,104.25,0.01,1,10425,卖盘
13:06:41,104.26,0.01,10,104260,买盘
13:06:44,104.25,-0.01,4,41700,卖盘
13:06:46,104.25,0.0,7,72977,卖盘
13:06:50,104.25,0.0,10,104259,卖盘
13:06:53,104.25,0.0,2,20851,卖盘
13:06:55,104.26,0.01,1,10426,买盘
13:06:58,104.26,0.0,2,20852,卖盘
13:07:02,104.26,0.0,4,41183,买盘
13:07:05,104.26,0.0,2,20852,卖盘
13:07:14,104.26,0.0,3,31280,卖盘
13:07:17,104.28,0.02,1,10428,中性盘
13:07:19,104.25,-0.03,14,145957,卖盘
13:07:22,104.27,0.02,6,62566,卖盘
13:07:26,104.24,-0.03,2,21996,卖盘
13:07:29,104.26,0.02,7,72979,买盘
13:07:32,104.26,0.0,19,198095,买盘
13:07:35,104.24,-0.02,1,10424,卖盘
13:07:37,104.24,0.0,1,10424,卖盘
13:07:41,104.14,-0.1,16,166679,卖盘
13:07:44,104.1,-0.04,6,61360,卖盘
13:07:47,104.1,0.0,3,31234,卖盘
13:07:50,104.3,0.2,46,480728,买盘
13:07:52,104.3,0.0,19,198198,卖盘
13:07:56,104.31,0.01,167,1741602,中性盘
13:07:59,104.3,-0.01,20,208600,卖盘
13:08:02,104.3,0.0,290,3024919,卖盘
13:08:05,104.1,-0.2,24,248961,卖盘
13:08:08,104.1,0.0,6,62516,中性盘
13:08:11,104.1,0.0,25,260390,卖盘
13:08:14,104.1,0.0,16,166560,卖盘
13:08:16,103.9,-0.2,48,497533,卖盘
13:08:20,104.1,0.2,9,93704,中性盘
13:08:23,104.1,0.0,16,166657,中性盘
13:08:26,104.1,0.0,10,104106,中性盘
13:08:29,104.1,0.0,30,311826,卖盘
13:08:32,104.1,0.0,13,135338,中性盘
13:08:35,104.1,0.0,2,25481,买盘
13:08:38,104.1,0.0,1,10410,卖盘
13:08:40,104.23,0.13,15,155997,中性盘
13:08:43,104.1,-0.13,1,10410,卖盘
13:08:49,104.1,0.0,1,10410,卖盘
13:08:53,104.23,0.13,5,52115,买盘
13:08:59,104.1,-0.13,15,156156,卖盘
13:09:02,104.1,0.0,8,83277,买盘
13:09:04,104.12,0.02,3,31236,卖盘
13:09:13,104.15,0.03,3,31682,卖盘
13:09:16,104.15,0.0,2,20830,卖盘
13:09:20,104.15,0.0,1,10415,卖盘
13:09:23,104.15,0.0,33,343276,卖盘
13:09:25,104.12,-0.03,4,41646,卖盘
13:09:29,104.23,0.11,7,73352,买盘
13:09:31,104.23,0.0,2,20846,买盘
13:09:35,104.23,0.0,6,62568,卖盘
13:09:38,104.29,0.06,7,73003,买盘
13:09:41,104.23,-0.06,18,187639,卖盘
13:09:44,104.29,0.06,5,52147,卖盘
13:09:47,104.27,-0.02,21,219023,中性盘
13:09:50,104.34,0.07,4,41729,买盘
13:09:53,104.34,0.0,3,31302,卖盘
13:09:56,104.34,0.0,16,166959,卖盘
13:09:59,104.34,0.0,5,52174,卖盘
13:10:01,104.35,0.01,4,41739,中性盘
13:10:04,104.34,-0.01,11,114774,卖盘
13:10:07,104.34,0.0,8,83456,买盘
13:10:11,104.35,0.01,3,31305,中性盘
13:10:14,104.34,-0.01,13,135642,卖盘
13:10:17,104.34,0.0,3,31303,卖盘
13:10:20,104.37,0.03,16,166863,买盘
13:10:22,104.34,-0.03,3,31302,中性盘
13:10:26,104.46,0.12,317,3310686,买盘
13:10:28,104.46,0.0,3,31340,卖盘
13:10:31,104.47,0.01,7,73126,买盘
13:10:35,104.48,0.01,23,240280,买盘
13:10:37,104.48,0.0,8,83584,买盘
13:10:40,104.5,0.02,65,679221,买盘
13:10:44,104.5,0.0,17,177671,卖盘
13:10:47,104.57,0.07,5,52271,买盘
13:10:50,104.58,0.01,11,115009,买盘
13:10:53,104.59,0.01,2,20913,买盘
13:10:56,104.6,0.01,11,115053,买盘
13:10:58,104.68,0.08,7,73257,买盘
13:11:02,104.68,0.0,1,10468,买盘
13:11:05,104.64,-0.04,3,31396,卖盘
13:11:08,104.6,-0.04,5,52329,卖盘
13:11:10,104.6,0.0,2,20920,卖盘
13:11:13,104.6,0.0,7,73252,卖盘
13:11:16,104.68,0.08,16,167423,买盘
13:11:20,104.68,0.0,10,104631,买盘
13:11:22,104.68,0.0,21,219751,买盘
13:11:26,104.61,-0.07,3,31397,卖盘
13:11:29,104.61,0.0,10,104685,卖盘
13:11:32,104.61,0.0,13,136012,卖盘
13:11:34,104.6,-0.01,2,20920,卖盘
13:11:38,104.61,0.01,7,73263,中性盘
13:11:41,104.5,-0.11,28,292799,卖盘
13:11:43,104.6,0.1,2,20910,买盘
13:11:46,104.6,0.0,5,52300,卖盘
13:11:49,104.65,0.05,11,115055,买盘
13:11:53,104.5,-0.15,9,94109,卖盘
13:11:56,104.46,-0.04,26,271696,卖盘
13:11:59,104.5,0.04,5,52236,中性盘
13:12:05,104.5,0.0,2,20900,卖盘
13:12:08,104.6,0.1,10,104589,买盘
13:12:10,104.56,-0.04,2,20906,中性盘
13:12:13,104.56,0.0,1,10456,中性盘
13:12:17,104.56,0.0,3,31370,买盘
13:12:20,104.5,-0.06,7,73164,卖盘
13:12:22,104.56,0.06,1,10456,中性盘
13:12:25,104.56,0.0,1,10456,卖盘
13:12:28,104.56,0.0,11,115046,卖盘
13:12:32,104.56,0.0,1,10456,中性盘
13:12:35,104.6,0.04,2,20920,买盘
13:12:38,104.6,0.0,3,31380,买盘
13:12:41,104.5,-0.1,15,156752,卖盘
13:12:44,104.5,0.0,3,31350,卖盘
13:12:47,104.5,0.0,1,10450,卖盘
13:12:49,104.5,0.0,25,261292,卖盘
13:12:53,104.6,0.1,4,41840,卖盘
13:12:56,104.6,0.0,3,31370,买盘
13:12:59,104.6,0.0,2,20920,买盘
13:13:02,104.5,-0.1,15,156750,卖盘
13:13:05,104.5,0.0,1,10450,卖盘
13:13:08,104.6,0.1,1,10460,买盘
13:13:10,104.5,-0.1,18,188092,卖盘
13:13:14,104.5,0.0,2,20900,卖盘
13:13:19,104.5,0.0,15,156800,卖盘
13:13:23,104.5,0.0,1,10450,卖盘
13:13:25,104.5,0.0,1,10450,卖盘
13:13:29,104.6,0.1,2,20911,买盘
13:13:32,104.51,-0.09,4,41804,卖盘
13:13:35,104.51,0.0,1,10451,卖盘
13:13:38,104.51,0.0,3,27695,卖盘
13:13:41,104.5,-0.01,6,62704,买盘
13:13:43,104.5,0.0,9,94050,卖盘
13:13:47,104.59,0.09,11,115039,买盘
13:13:50,104.5,-0.09,4,45449,买盘
13:13:53,104.5,0.0,2,20900,中性盘
13:13:56,104.59,0.09,1,10459,买盘
13:14:02,104.5,-0.09,6,62684,卖盘
13:14:05,104.58,0.08,7,73174,买盘
13:14:08,104.5,-0.08,1,10450,中性盘
13:14:11,104.58,0.08,90,940112,买盘
13:14:13,104.5,-0.08,4,41800,卖盘
13:14:19,104.46,-0.04,8,83568,卖盘
13:14:23,104.44,-0.02,139,1451773,卖盘
13:14:26,104.39,-0.05,16,167034,卖盘
13:14:29,104.39,0.0,4,41720,中性盘
13:14:32,104.39,0.0,10,104390,买盘
13:14:40,104.29,-0.1,17,177298,中性盘
13:14:44,104.29,0.0,6,62574,卖盘
13:14:50,104.3,0.01,3,31290,中性盘
13:14:53,104.3,0.0,4,41762,卖盘
13:14:56,104.3,0.0,1,10430,卖盘
13:14:58,104.44,0.14,1,10444,买盘
13:15:02,104.44,0.0,6,62622,买盘
13:15:05,104.3,-0.14,2,20860,卖盘
13:15:08,104.31,0.01,1,10431,中性盘
13:15:14,104.5,0.19,1,10450,买盘
13:15:17,104.31,-0.19,1,10431,卖盘
13:15:20,104.31,0.0,6,62613,卖盘
13:15:23,104.31,0.0,4,41751,卖盘
13:15:26,104.31,0.0,1,10431,卖盘
13:15:29,104.4,0.09,4,41761,买盘
13:15:32,104.5,0.1,44,458992,买盘
13:15:35,104.4,-0.1,2,20882,卖盘
13:15:41,104.5,0.1,31,323846,买盘
13:15:43,104.42,-0.08,17,177512,卖盘
13:15:47,104.4,-0.02,2,20880,卖盘
13:15:50,104.42,0.02,9,93939,买盘
13:15:53,104.42,0.0,4,41768,买盘
13:15:56,104.42,0.0,2,20884,卖盘
13:15:59,104.49,0.07,2,20898,买盘
13:16:02,104.49,0.0,1,10449,买盘
13:16:05,104.42,-0.07,6,62666,卖盘
13:16:08,104.49,0.07,3,31340,买盘
13:16:11,104.5,0.01,31,323897,买盘
13:16:14,104.49,-0.01,4,41796,卖盘
13:16:17,104.5,0.01,21,219440,买盘
13:16:19,104.42,-0.08,19,198398,卖盘
13:16:22,104.31,-0.11,19,198324,卖盘
13:16:25,104.4,0.09,4,41733,买盘
13:16:28,104.42,0.02,4,41757,买盘
13:16:32,104.42,0.0,8,83473,买盘
13:16:35,104.29,-0.13,1,10429,卖盘
13:16:38,104.31,0.02,1,10431,买盘
13:16:40,104.31,0.0,5,52152,买盘
13:16:43,104.4,0.09,25,260861,买盘
13:16:46,104.4,0.0,21,219212,买盘
13:16:50,104.25,-0.15,10,104342,卖盘
13:16:52,104.32,0.07,9,86995,买盘
13:16:55,104.32,0.0,1,10432,卖盘
13:16:58,104.42,0.1,21,219242,买盘
13:17:02,104.4,-0.02,10,104412,卖盘
13:17:05,104.25,-0.15,2,20867,卖盘
13:17:07,104.29,0.04,2,20854,中性盘
13:17:10,104.25,-0.04,11,114675,卖盘
13:17:14,104.42,0.17,54,563816,买盘
13:17:17,104.42,0.0,23,240062,买盘
13:17:20,104.42,0.0,23,239949,买盘
13:17:23,104.3,-0.12,8,83488,卖盘
13:17:25,104.48,0.18,3,31338,买盘
13:17:29,104.49,0.01,12,125387,买盘
13:17:31,104.49,0.0,12,125380,中性盘
13:17:35,104.48,-0.01,17,177627,卖盘
13:17:37,104.25,-0.23,244,2544684,卖盘
13:17:41,104.5,0.25,72,751508,买盘
13:17:44,104.49,-0.01,32,334338,中性盘
13:17:47,104.25,-0.24,5,52125,卖盘
13:17:49,104.25,0.0,1,10425,卖盘
13:17:53,104.27,0.02,9,93867,中性盘
13:17:56,104.33,0.06,4,41725,买盘
13:18:02,104.42,0.07,4,41768,买盘
13:18:05,104.42,0.0,9,94001,卖盘
13:18:08,104.42,0.0,2,20884,卖盘
13:18:11,104.48,0.06,24,250724,买盘
13:18:13,104.42,-0.06,4,41768,卖盘
13:18:17,104.48,0.06,71,741784,买盘
13:18:20,104.48,0.0,38,396836,买盘
13:18:23,104.42,-0.06,11,114880,卖盘
13:18:26,104.48,0.06,13,135818,买盘
13:18:29,104.42,-0.06,2,20884,卖盘
13:18:32,104.42,0.0,4,41768,卖盘
13:18:34,104.5,0.08,189,1974898,买盘
13:18:38,104.51,0.01,33,344852,中性盘
13:18:41,104.4,-0.11,66,689543,卖盘
13:18:44,104.4,0.0,40,417533,买盘
13:18:47,104.41,0.01,20,208829,中性盘
13:18:50,104.41,0.0,4,41764,卖盘
13:18:53,104.45,0.04,5,52210,买盘
13:18:55,104.45,0.0,49,511805,买盘
13:18:59,104.42,-0.03,7,73094,卖盘
13:19:02,104.58,0.16,10,104528,买盘
13:19:05,104.45,-0.13,32,334334,卖盘
13:19:08,104.46,0.01,26,271576,买盘
13:19:11,104.52,0.06,5,52242,卖盘
13:19:14,104.46,-0.06,1,10446,卖盘
13:19:16,104.52,0.06,8,83616,买盘
13:19:19,104.46,-0.06,1,10446,卖盘
13:19:23,104.46,0.0,4,41784,卖盘
13:19:32,104.46,0.0,2,20892,卖盘
13:19:35,104.5,0.04,22,229900,买盘
13:19:37,104.5,0.0,15,156742,买盘
13:19:41,104.48,-0.02,10,104482,卖盘
13:19:44,104.48,0.0,19,198493,买盘
13:19:47,104.46,-0.02,13,135798,卖盘
13:19:50,104.42,-0.04,2,23184,卖盘
13:19:53,104.45,0.03,12,125340,买盘
13:19:56,104.42,-0.03,5,49919,买盘
13:19:58,104.46,0.04,6,64945,买盘
13:20:01,104.43,-0.03,7,73107,买盘
13:20:05,104.42,-0.01,19,198469,卖盘
13:20:07,104.43,0.01,3,31329,卖盘
13:20:11,104.48,0.05,5,52235,买盘
13:20:14,104.49,0.01,4,41783,买盘
13:20:17,104.43,-0.06,1,10443,卖盘
13:20:20,104.43,0.0,18,188079,卖盘
13:20:23,104.43,0.0,2,20886,卖盘
13:20:26,104.47,0.04,4,41776,中性盘
13:20:29,104.47,0.0,2,20890,买盘
13:20:32,104.5,0.03,3,31350,买盘
13:20:35,104.47,-0.03,2,20894,卖盘
13:20:38,104.47,0.0,4,41780,卖盘
13:20:40,104.47,0.0,2,20894,买盘
13:20:43,104.42,-0.05,14,146188,卖盘
13:20:47,104.42,0.0,5,52210,卖盘
13:20:50,104.42,0.0,2,20884,卖盘
13:20:53,104.42,0.0,10,103063,卖盘
13:20:55,104.42,0.0,1,10442,卖盘
13:20:59,104.42,0.0,1,10442,卖盘
13:21:08,104.42,0.0,2,20884,卖盘
13:21:11,104.42,0.0,2,20884,卖盘
13:21:17,104.46,0.04,5,52230,买盘
13:21:19,104.42,-0.04,18,188025,卖盘
13:21:23,104.42,0.0,23,240259,卖盘
13:21:26,104.42,0.0,3,31326,卖盘
13:21:29,104.47,0.05,3,31339,买盘
13:21:31,104.47,0.0,15,156695,买盘
13:21:34,104.46,-0.01,4,41772,中性盘
13:21:38,104.42,-0.04,3,31334,卖盘
13:21:41,104.42,0.0,2,20884,卖盘
13:21:44,104.42,0.0,13,135746,卖盘
13:21:46,104.46,0.04,6,62668,买盘
13:21:50,104.42,-0.04,4,41776,卖盘
13:21:53,104.33,-0.09,26,271493,卖盘
13:21:56,104.41,0.08,4,41761,买盘
13:21:58,104.4,-0.01,2,20880,卖盘
13:22:05,104.4,0.0,9,93960,卖盘
13:22:07,104.41,0.01,9,93960,买盘
13:22:11,104.41,0.0,29,302866,卖盘
13:22:13,104.41,0.0,2,20882,卖盘
13:22:17,104.41,0.0,8,83512,买盘
13:22:20,104.34,-0.07,11,114764,中性盘
13:22:23,104.34,0.0,2,20868,卖盘
13:22:26,104.34,0.0,3,31302,卖盘
13:22:29,104.34,0.0,7,73068,卖盘
13:22:32,104.34,0.0,12,125208,卖盘
13:22:35,104.34,0.0,7,73038,卖盘
13:22:38,104.34,0.0,23,240102,卖盘
13:22:41,104.34,0.0,4,41736,卖盘
13:22:43,104.34,0.0,15,156514,卖盘
13:22:47,104.34,0.0,8,83472,卖盘
13:22:50,104.34,0.0,9,93902,卖盘
13:22:53,104.25,-0.09,4,41727,卖盘
13:22:56,104.34,0.09,13,135597,买盘
13:22:58,104.25,-0.09,5,52125,卖盘
13:23:02,104.25,0.0,3,31275,卖盘
13:23:05,104.26,0.01,1,10426,卖盘
13:23:07,104.25,-0.01,1,10425,卖盘
13:23:11,104.25,0.0,2,20850,卖盘
13:23:13,104.25,0.0,2,20850,卖盘
13:23:23,104.21,-0.04,19,198055,卖盘
13:23:26,104.21,0.0,2,20842,卖盘
13:23:29,104.25,0.04,5,53263,买盘
13:23:31,104.25,0.0,8,83392,买盘
13:23:35,104.21,-0.04,22,229262,卖盘
13:23:38,104.21,0.0,13,135513,卖盘
13:23:40,104.21,0.0,4,41688,卖盘
13:23:44,104.2,-0.01,19,196849,卖盘
13:23:46,104.15,-0.05,7,71996,卖盘
13:23:49,104.15,0.0,3,34067,买盘
13:23:53,104.2,0.05,10,104175,买盘
13:23:55,104.15,-0.05,4,41659,卖盘
13:23:59,104.15,0.0,2,20830,买盘
13:24:02,104.17,0.02,1,10417,卖盘
13:24:05,104.17,0.0,4,41670,卖盘
13:24:08,104.19,0.02,1,10419,买盘
13:24:11,104.2,0.01,111,1155910,买盘
13:24:13,104.19,-0.01,15,156285,卖盘
13:24:18,104.17,-0.02,5,52085,卖盘
13:24:23,104.17,0.0,4,41668,买盘
13:24:26,104.11,-0.06,1,10411,卖盘
13:24:29,104.19,0.08,5,52093,买盘
13:24:32,104.19,0.0,25,258444,买盘
13:24:34,104.02,-0.17,5,52042,卖盘
13:24:38,104.02,0.0,4,41624,卖盘
13:24:41,104.02,0.0,4,41659,卖盘
13:24:44,104.02,0.0,7,72838,卖盘
13:24:47,104.01,-0.01,7,72825,卖盘
13:24:48,104.0,-0.01,3,31220,卖盘
13:24:53,104.1,0.1,3,31230,卖盘
13:24:56,104.1,0.0,2,20820,卖盘
13:25:01,104.19,0.09,9,93759,买盘
13:25:04,104.18,-0.01,1,10418,中性盘
13:25:11,104.18,0.0,24,249869,买盘
13:25:14,104.11,-0.07,23,239516,卖盘
13:25:17,104.1,-0.01,14,145740,卖盘
13:25:20,104.1,0.0,9,93656,买盘
13:25:21,104.08,-0.02,10,104064,卖盘
13:25:26,104.1,0.02,5,52043,买盘
13:25:28,104.08,-0.02,6,62458,卖盘
13:25:32,104.1,0.02,6,62454,买盘
13:25:35,104.1,0.0,6,62424,买盘
13:25:38,104.1,0.0,4,41632,买盘
13:25:44,104.0,-0.1,15,156023,卖盘
13:25:48,104.1,0.1,8,83260,买盘
13:25:50,104.1,0.0,3,31221,买盘
13:25:53,104.1,0.0,17,176934,买盘
13:25:56,104.1,0.0,9,93654,买盘
13:25:59,104.01,-0.09,9,93645,卖盘
13:26:02,104.11,0.1,11,114520,买盘
13:26:05,104.1,-0.01,2,20820,卖盘
13:26:08,104.1,0.0,2,20820,卖盘
13:26:11,104.1,0.0,1,10410,卖盘
13:26:14,104.12,0.02,16,166577,买盘
13:26:17,104.1,-0.02,6,62463,卖盘
13:26:20,104.12,0.02,11,114528,买盘
13:26:23,104.0,-0.12,63,655581,卖盘
13:26:25,104.0,0.0,30,312000,买盘
13:26:29,104.0,0.0,4,41584,买盘
13:26:32,104.0,0.0,1,10400,买盘
13:26:35,103.92,-0.08,60,623992,卖盘
13:26:38,104.03,0.11,12,124831,买盘
13:26:41,104.03,0.0,17,176851,卖盘
13:26:44,104.0,-0.03,10,104028,卖盘
13:26:47,104.1,0.1,9,93587,买盘
13:26:50,103.92,-0.18,3,31202,卖盘
13:26:53,103.92,0.0,10,104046,卖盘
13:26:56,104.0,0.08,1,10400,买盘
13:27:02,104.1,0.1,3,31214,买盘
13:27:05,104.1,0.0,1,10410,买盘
13:27:07,104.1,0.0,4,41640,买盘
13:27:10,104.1,0.0,8,83272,买盘
13:27:13,104.1,0.0,5,52032,买盘
13:27:17,104.04,-0.06,3,31216,卖盘
13:27:20,104.04,0.0,1,10404,买盘
13:27:23,104.05,0.01,26,269465,买盘
13:27:26,104.1,0.05,6,62440,中性盘
13:27:29,104.1,0.0,1,10410,卖盘
13:27:32,104.12,0.02,5,52060,买盘
13:27:35,104.13,0.01,6,62474,卖盘
13:27:44,104.18,0.05,1,10418,买盘
13:27:47,104.1,-0.08,15,156177,卖盘
13:27:50,104.11,0.01,17,177117,卖盘
13:27:53,104.1,-0.01,3,31230,卖盘
13:27:56,104.1,0.0,6,62465,卖盘
13:27:58,104.1,0.0,2,20825,卖盘
13:28:08,104.13,0.03,2,20826,中性盘
13:28:11,104.15,0.02,1,10415,买盘
13:28:14,104.14,-0.01,1,10414,买盘
13:28:18,104.15,0.01,3,31245,中性盘
13:28:20,104.15,0.0,5,52077,卖盘
13:28:23,104.15,0.0,9,93741,卖盘
13:28:25,104.17,0.02,6,62502,买盘
13:28:29,104.17,0.0,11,114608,卖盘
13:28:31,104.17,0.0,4,41666,卖盘
13:28:35,104.2,0.03,4,45223,卖盘
13:28:38,104.2,0.0,4,41683,卖盘
13:28:41,104.17,-0.03,5,52096,卖盘
13:28:44,104.2,0.03,2,20840,卖盘
13:28:46,104.25,0.05,25,260497,买盘
13:28:50,104.15,-0.1,3,31257,卖盘
13:28:53,104.15,0.0,20,212986,卖盘
13:28:56,104.15,0.0,4,41660,卖盘
13:28:59,104.17,0.02,3,31251,买盘
13:29:02,104.15,-0.02,1,10415,卖盘
13:29:05,104.17,0.02,5,52083,买盘
13:29:09,104.3,0.13,16,166766,买盘
13:29:14,104.14,-0.16,7,72941,卖盘
13:29:17,104.14,0.0,1,10414,卖盘
13:29:20,104.14,0.0,5,52070,卖盘
13:29:23,104.14,0.0,56,584085,卖盘
13:29:26,104.17,0.03,6,62482,中性盘
13:29:29,104.1,-0.07,2,20820,卖盘
13:29:35,104.1,0.0,33,338950,卖盘
13:29:38,104.1,0.0,17,176908,买盘
13:29:39,104.1,0.0,7,72850,买盘
13:29:43,104.14,0.04,12,124940,买盘
13:29:48,104.0,-0.14,15,157171,卖盘
13:29:50,104.04,0.04,5,52009,买盘
13:29:53,104.04,0.0,1,10404,卖盘
13:29:56,104.04,0.0,3,31212,卖盘
13:29:59,104.1,0.06,5,52050,卖盘
13:30:03,104.1,0.0,1,10410,卖盘
13:30:05,104.13,0.03,1,10413,中性盘
13:30:08,104.11,-0.02,1,10411,卖盘
13:30:14,104.13,0.02,2,20826,买盘
13:30:20,104.12,-0.01,3,31238,卖盘
13:30:23,104.13,0.01,8,83309,中性盘
13:30:26,104.13,0.0,1,10413,卖盘
13:30:31,104.18,0.05,8,83320,买盘
13:30:35,104.2,0.02,2,20840,卖盘
13:30:38,104.17,-0.03,3,31248,中性盘
13:30:41,104.13,-0.04,22,229105,卖盘
13:30:43,104.1,-0.03,9,93708,卖盘
13:30:48,104.0,-0.1,15,156040,卖盘
13:30:49,104.1,0.1,6,62440,买盘
13:30:53,103.91,-0.19,7,72792,卖盘
13:30:56,104.1,0.19,5,51993,买盘
13:30:59,104.0,-0.1,1,10400,中性盘
13:31:03,104.0,0.0,4,41630,中性盘
13:31:05,103.93,-0.07,5,52015,卖盘
13:31:08,104.1,0.17,2,20820,买盘
13:31:11,104.1,0.0,4,41640,买盘
13:31:13,104.02,-0.08,4,41616,卖盘
13:31:15,104.1,0.08,1,10410,买盘
13:31:23,104.02,-0.08,7,72848,卖盘
13:31:26,104.13,0.11,10,104077,买盘
13:31:29,104.04,-0.09,4,41613,中性盘
13:31:33,104.04,0.0,5,52044,卖盘
13:31:34,104.1,0.06,9,93655,买盘
13:31:38,104.1,0.0,6,62453,卖盘
13:31:44,104.13,0.03,10,104127,买盘
13:31:47,103.92,-0.21,24,249715,卖盘
13:31:50,104.0,0.08,18,187200,买盘
13:31:53,104.0,0.0,3,31200,买盘
13:31:56,104.0,0.0,4,41576,买盘
13:31:58,104.0,0.0,4,41584,买盘
13:32:02,103.91,-0.09,15,155886,卖盘
13:32:05,104.0,0.09,7,72791,买盘
13:32:09,103.94,-0.06,11,114388,卖盘
13:32:14,104.0,0.06,5,52000,买盘
13:32:17,104.0,0.0,46,478400,买盘
13:32:20,104.02,0.02,40,416002,买盘
13:32:23,104.02,0.0,11,114422,卖盘
13:32:26,104.1,0.08,6,62460,卖盘
13:32:32,104.2,0.1,4,41660,买盘
13:32:35,104.2,0.0,8,83340,中性盘
13:32:38,104.2,0.0,7,72940,卖盘
13:32:41,104.2,0.0,9,88570,卖盘
13:32:44,104.18,-0.02,2,20839,卖盘
13:32:45,104.1,-0.08,13,140553,卖盘
13:32:50,104.1,0.0,8,83250,买盘
13:32:53,104.1,0.0,5,46854,卖盘
13:32:56,104.0,-0.1,3,31220,卖盘
13:33:02,104.18,0.18,24,249832,买盘
13:33:03,103.91,-0.27,5,52017,卖盘
13:33:08,104.1,0.19,1,10410,买盘
13:33:11,104.2,0.1,15,156272,买盘
13:33:14,104.1,-0.1,52,541929,卖盘
13:33:18,104.1,0.0,11,114510,卖盘
13:33:20,104.1,0.0,1,10410,卖盘
13:33:23,104.1,0.0,3,31230,卖盘
13:33:26,104.1,0.0,3,31230,卖盘
13:33:29,104.1,0.0,10,104100,卖盘
13:33:33,104.1,0.0,1,10410,卖盘
13:33:38,104.1,0.0,2,20820,卖盘
13:33:39,104.1,0.0,1,10410,卖盘
13:33:44,104.1,0.0,10,104100,卖盘
13:33:48,104.1,0.0,2,20820,卖盘
13:33:50,104.0,-0.1,33,343472,卖盘
13:33:53,104.0,0.0,19,197600,买盘
13:33:54,103.91,-0.09,5,51973,卖盘
13:33:59,103.91,0.0,4,41582,卖盘
13:34:00,103.91,0.0,15,160125,卖盘
13:34:05,104.0,0.09,7,72792,买盘
13:34:11,103.93,-0.07,2,20786,卖盘
13:34:14,104.0,0.07,17,176800,买盘
13:34:17,104.0,0.0,6,62400,买盘
13:34:20,104.02,0.02,1,10402,卖盘
13:34:22,104.02,0.0,1,10402,卖盘
13:34:24,104.03,0.01,3,31209,中性盘
13:34:29,104.03,0.0,1,10403,卖盘
13:34:33,104.1,0.07,2,20820,卖盘
13:34:35,104.19,0.09,2,20838,买盘
13:34:38,104.2,0.01,1,10420,买盘
13:34:41,104.2,0.0,4,41682,买盘
13:34:44,104.2,0.0,4,41680,卖盘
13:34:48,104.19,-0.01,2,20838,卖盘
13:34:56,104.22,0.03,6,62526,买盘
13:34:59,104.2,-0.02,21,218820,卖盘
13:35:03,104.22,0.02,15,156304,中性盘
13:35:05,104.2,-0.02,4,41686,卖盘
13:35:17,104.2,0.0,20,208408,卖盘
13:35:20,104.23,0.03,5,52103,中性盘
13:35:23,104.2,-0.03,33,343931,卖盘
13:35:26,104.2,0.0,15,150595,卖盘
13:35:29,104.2,0.0,2,20840,卖盘
13:35:32,104.2,0.0,6,62520,卖盘
13:35:35,104.2,0.0,3,31260,卖盘
13:35:38,104.23,0.03,12,125073,买盘
13:35:41,104.2,-0.03,1,10420,卖盘
13:35:44,104.2,0.0,1,10420,卖盘
13:35:48,104.2,0.0,1,10420,卖盘
13:35:50,104.2,0.0,14,153383,卖盘
13:35:53,104.19,-0.01,8,83355,卖盘
13:35:56,104.18,-0.01,6,62512,卖盘
13:35:59,104.2,0.02,7,72938,买盘
13:36:03,104.18,-0.02,5,52090,卖盘
13:36:05,104.2,0.02,15,156298,买盘
13:36:08,104.18,-0.02,8,83356,卖盘
13:36:11,104.2,0.02,3,31258,买盘
13:36:14,104.1,-0.1,19,197921,卖盘
13:36:18,104.1,0.0,3,31230,卖盘
13:36:23,104.02,-0.08,10,104084,卖盘
13:36:26,104.02,0.0,5,52022,中性盘
13:36:29,104.1,0.08,3,31214,中性盘
13:36:33,104.1,0.0,1,10410,卖盘
13:36:41,104.18,0.08,4,41666,买盘
13:36:43,104.18,0.0,4,41672,卖盘
13:36:47,104.1,-0.08,19,197870,卖盘
13:36:48,104.1,0.0,18,187360,买盘
13:36:53,104.0,-0.1,7,72840,卖盘
13:36:56,104.0,0.0,9,93640,卖盘
13:36:59,104.1,0.1,5,52040,买盘
13:37:03,104.1,0.0,2,20810,买盘
13:37:05,104.01,-0.09,1,10401,卖盘
13:37:08,104.1,0.09,1,10410,买盘
13:37:11,104.1,0.0,8,83280,买盘
13:37:14,104.1,0.0,17,176862,买盘
13:37:18,104.1,0.0,8,83264,买盘
13:37:20,104.1,0.0,2,20812,买盘
13:37:23,104.14,0.04,2,20824,买盘
13:37:26,104.1,-0.04,3,31230,卖盘
13:37:28,104.14,0.04,1,10414,买盘
13:37:32,104.1,-0.04,1,10410,卖盘
13:37:33,104.1,0.0,3,31234,卖盘
13:37:38,104.25,0.15,15,148734,买盘
13:37:41,104.25,0.0,13,135480,中性盘
13:37:44,104.2,-0.05,2,20840,卖盘
13:37:53,104.24,0.04,1,10424,买盘
13:37:54,104.24,0.0,7,72969,买盘
13:37:58,104.25,0.01,5,52122,买盘
13:38:02,104.25,0.0,5,52124,买盘
13:38:05,104.29,0.04,6,62556,买盘
13:38:08,104.29,0.0,1,10429,买盘
13:38:09,104.29,0.0,2,20855,买盘
13:38:14,104.24,-0.05,18,187678,卖盘
13:38:18,104.25,0.01,9,93822,中性盘
13:38:19,104.25,0.0,3,31274,买盘
13:38:23,104.25,0.0,14,145950,买盘
13:38:25,104.25,0.0,10,108020,卖盘
13:38:29,104.25,0.0,3,34298,卖盘
13:38:33,104.29,0.04,2,20854,买盘
13:38:34,104.3,0.01,4,41717,买盘
13:38:37,104.25,-0.05,1,10425,卖盘
13:38:41,104.27,0.02,2,20854,中性盘
13:38:44,104.27,0.0,25,260635,买盘
13:38:45,104.27,0.0,2,16578,买盘
13:38:49,104.28,0.01,146,1522638,买盘
13:38:53,104.24,-0.04,19,195593,买盘
13:38:54,104.1,-0.14,3,31230,卖盘
13:38:59,104.1,0.0,2,20820,卖盘
13:39:05,104.1,0.0,11,114522,卖盘
13:39:08,104.1,0.0,4,41640,卖盘
13:39:11,104.1,0.0,1,10410,卖盘
13:39:14,104.1,0.0,14,145746,卖盘
13:39:17,104.1,0.0,7,72870,卖盘
13:39:20,104.1,0.0,1,10410,卖盘
13:39:23,104.21,0.11,2,20842,买盘
13:39:32,104.1,-0.11,17,176978,卖盘
13:39:35,104.0,-0.1,34,353927,卖盘
13:39:37,104.1,0.1,13,135280,买盘
13:39:41,104.1,0.0,9,93689,卖盘
13:39:44,104.1,0.0,6,62450,买盘
13:39:47,104.1,0.0,3,31210,买盘
13:39:53,104.12,0.02,3,31236,买盘
13:39:56,104.1,-0.02,4,41640,卖盘
13:40:02,104.2,0.1,4,41680,买盘
13:40:05,104.2,0.0,2,20830,买盘
13:40:08,104.1,-0.1,23,239434,卖盘
13:40:11,104.1,0.0,58,603740,买盘
13:40:14,104.1,0.0,48,499481,买盘
13:40:18,104.1,0.0,15,156070,买盘
13:40:20,104.1,0.0,2,20820,卖盘
13:40:23,104.1,0.0,11,114480,卖盘
13:40:26,104.1,0.0,3,31230,卖盘
13:40:44,104.1,0.0,4,41640,卖盘
13:40:47,104.1,0.0,1,10410,卖盘
13:40:50,104.12,0.02,1,10412,卖盘
13:40:53,104.12,0.0,3,31232,买盘
13:40:56,104.12,0.0,10,104192,卖盘
13:40:59,104.12,0.0,2,20832,卖盘
13:41:14,104.14,0.0,7,72898,卖盘
13:41:18,104.14,0.0,7,72898,卖盘
13:41:20,104.14,0.0,1,10414,卖盘
13:41:24,104.2,0.06,2,20840,买盘
13:41:29,104.21,0.01,21,218824,买盘
13:41:32,104.21,0.0,10,104202,中性盘
13:41:36,104.2,-0.01,6,62510,买盘
13:41:39,104.21,0.01,10,104193,买盘
13:41:41,104.21,0.0,10,104208,卖盘
13:41:44,104.21,0.0,5,52098,买盘
13:41:47,104.21,0.0,2,20836,中性盘
13:41:50,104.21,0.0,6,62529,卖盘
13:41:53,104.21,0.0,7,72947,中性盘
13:41:56,104.21,0.0,3,31263,卖盘
13:41:59,104.21,0.0,3,31263,买盘
13:42:03,104.22,0.01,4,41686,买盘
13:42:06,104.24,0.02,16,166773,买盘
13:42:08,104.26,0.02,20,208490,中性盘
13:42:09,104.26,0.0,8,83402,卖盘
13:42:14,104.21,-0.05,7,72947,卖盘
13:42:17,104.21,0.0,10,104210,卖盘
13:42:20,104.21,0.0,2,20843,卖盘
13:42:23,104.21,0.0,2,20842,卖盘
13:42:29,104.22,0.01,4,41688,买盘
13:42:30,104.21,-0.01,1,10421,卖盘
13:42:35,104.21,0.0,1,10421,卖盘
13:42:39,104.22,0.01,29,302226,买盘
13:42:42,104.22,0.0,6,62528,中性盘
13:42:43,104.2,-0.02,18,187575,卖盘
13:42:47,104.19,-0.01,8,83352,卖盘
13:42:50,104.2,0.01,13,135458,买盘
13:42:53,104.19,-0.01,3,31257,中性盘
13:42:54,104.15,-0.04,12,124985,卖盘
13:42:59,104.1,-0.05,5,52061,卖盘
13:43:02,104.13,0.03,11,107556,买盘
13:43:04,104.13,0.0,1,17390,买盘
13:43:09,104.1,-0.03,6,62462,卖盘
13:43:11,104.12,0.02,4,41648,卖盘
13:43:14,104.1,-0.02,9,93690,卖盘
13:43:15,104.1,0.0,22,229020,卖盘
13:43:20,104.0,-0.1,23,239383,卖盘
13:43:23,104.0,0.0,14,145690,卖盘
13:43:26,104.1,0.1,5,52028,买盘
13:43:29,104.01,-0.09,9,93644,卖盘
13:43:33,104.1,0.09,5,52041,买盘
13:43:35,104.1,0.0,1,10410,卖盘
13:43:41,104.1,0.0,30,312177,卖盘
13:43:44,104.1,0.0,12,124908,买盘
13:43:47,104.1,0.0,18,187380,卖盘
13:43:50,104.1,0.0,8,83252,买盘
13:43:53,104.1,0.0,1,10410,卖盘
13:44:00,104.1,0.0,3,31230,卖盘
13:44:05,104.1,0.0,42,437360,卖盘
13:44:08,104.15,0.05,26,270744,买盘
13:44:12,104.15,0.0,17,177055,买盘
13:44:14,104.1,-0.05,18,187400,卖盘
13:44:18,104.1,0.0,10,104100,卖盘
13:44:20,104.12,0.02,7,72882,买盘
13:44:23,104.13,0.01,12,124969,卖盘
13:44:26,104.13,0.0,20,208257,买盘
13:44:29,104.13,0.0,5,52065,卖盘
13:44:33,104.1,-0.03,31,322733,卖盘
13:44:35,104.1,0.0,77,801570,买盘
13:44:38,104.13,0.03,23,239488,买盘
13:44:42,104.13,0.0,7,72888,买盘
13:44:44,104.14,0.01,4,41656,卖盘
13:44:47,104.18,0.04,5,52090,买盘
13:44:50,104.15,-0.03,2,20830,卖盘
13:44:53,104.18,0.03,3,31254,买盘
13:44:56,104.18,0.0,1,10418,买盘
13:44:59,104.15,-0.03,4,41660,卖盘
13:45:05,104.21,0.06,34,354293,买盘
13:45:08,104.1,-0.11,35,364517,卖盘
13:45:12,104.1,0.0,6,62481,卖盘
13:45:14,104.1,0.0,7,72878,卖盘
13:45:17,104.18,0.08,7,72878,中性盘
13:45:20,104.1,-0.08,1,10410,卖盘
13:45:32,104.2,0.1,23,239654,买盘
13:45:35,104.18,-0.02,4,41672,卖盘
13:45:47,104.2,0.02,5,52100,买盘
13:45:50,104.21,0.01,6,62524,买盘
13:45:53,104.2,-0.01,1,10420,中性盘
13:45:56,104.21,0.01,2,20841,买盘
13:45:59,104.2,-0.01,5,52104,卖盘
13:46:02,104.2,0.0,9,93783,卖盘
13:46:05,104.21,0.01,3,31261,买盘
13:46:07,104.21,0.0,2,20842,买盘
13:46:11,104.19,-0.02,24,250074,卖盘
13:46:13,104.16,-0.03,7,72926,卖盘
13:46:18,104.16,0.0,6,56880,卖盘
13:46:20,104.16,0.0,11,114615,卖盘
13:46:23,104.18,0.02,2,20834,中性盘
13:46:26,104.1,-0.08,14,145796,卖盘
13:46:29,104.1,0.0,3,31238,卖盘
13:46:32,104.2,0.1,41,427195,买盘
13:46:35,104.1,-0.1,7,72880,卖盘
13:46:38,104.16,0.06,1,10416,中性盘
13:46:41,104.16,0.0,54,562158,买盘
13:46:43,104.1,-0.06,7,78491,卖盘
13:46:45,104.1,0.0,11,114554,买盘
13:46:50,104.2,0.1,4,41659,买盘
13:46:58,104.1,-0.1,5,52050,卖盘
13:47:02,104.1,0.0,8,83298,卖盘
13:47:05,104.1,0.0,2,20820,卖盘
13:47:08,104.1,0.0,10,104104,卖盘
13:47:11,104.16,0.06,12,124986,买盘
13:47:13,104.1,-0.06,22,229020,卖盘
13:47:17,104.1,0.0,23,239430,卖盘
13:47:20,104.1,0.0,4,41640,卖盘
13:47:23,104.1,0.0,15,156228,卖盘
13:47:24,104.1,0.0,18,187440,卖盘
13:47:29,104.1,0.0,11,114510,卖盘
13:47:32,104.1,0.0,22,229020,卖盘
13:47:35,104.09,-0.01,3,31227,卖盘
13:47:43,104.18,0.09,11,114588,买盘
13:47:47,104.1,-0.08,8,83280,卖盘
13:47:50,104.1,0.0,2,20820,卖盘
13:47:53,104.11,0.01,6,62466,卖盘
13:47:59,104.11,0.0,2,20822,卖盘
13:48:02,104.11,0.0,4,41646,卖盘
13:48:05,104.11,0.0,1,10411,卖盘
13:48:23,104.16,0.05,1,10416,买盘
13:48:29,104.16,0.0,5,52076,买盘
13:48:32,104.14,-0.02,22,229148,卖盘
13:48:35,104.17,0.03,4,41667,买盘
13:48:38,104.18,0.01,28,291704,买盘
13:48:41,104.17,-0.01,15,156255,卖盘
13:48:44,104.18,0.01,1,10418,卖盘
13:48:48,104.13,-0.05,22,229167,卖盘
13:48:50,104.19,0.06,11,114605,买盘
13:48:53,104.18,-0.01,10,104182,卖盘
13:48:56,104.17,-0.01,2,20834,中性盘
13:48:59,104.13,-0.04,18,187481,卖盘
13:49:03,104.12,-0.01,2,20824,卖盘
13:49:09,104.14,0.02,3,31242,中性盘
13:49:11,104.13,-0.01,6,62481,卖盘
13:49:14,104.13,0.0,22,222526,卖盘
13:49:17,104.13,0.0,13,141929,卖盘
13:49:20,104.1,-0.03,3,31230,卖盘
13:49:23,104.12,0.02,3,31236,中性盘
13:49:26,104.1,-0.02,2,20820,卖盘
13:49:29,104.1,0.0,50,520500,卖盘
13:49:33,104.1,0.0,10,104100,卖盘
13:49:35,104.1,0.0,1,10410,卖盘
13:49:37,104.1,0.0,5,52050,卖盘
13:49:41,104.1,0.0,3,31230,卖盘
13:49:44,104.1,0.0,3,24776,卖盘
13:49:47,104.1,0.0,14,145740,卖盘
13:49:50,104.1,0.0,1,10410,卖盘
13:50:02,104.11,0.01,5,52053,中性盘
13:50:04,104.12,0.01,13,135344,买盘
13:50:07,104.1,-0.02,10,104116,卖盘
13:50:12,104.1,0.0,47,489270,卖盘
13:50:14,104.1,0.0,27,281070,买盘
13:50:18,104.1,0.0,12,124928,卖盘
13:50:20,104.1,0.0,31,322766,卖盘
13:50:22,104.1,0.0,57,593530,卖盘
13:50:27,104.1,0.0,12,124929,卖盘
13:50:29,104.1,0.0,5,52056,卖盘
13:50:33,104.13,0.03,7,72881,买盘
13:50:35,104.13,0.0,6,62472,卖盘
13:50:38,104.13,0.0,1,10413,买盘
13:50:41,104.14,0.01,4,45506,买盘
13:50:44,104.14,0.0,3,31242,买盘
13:50:47,104.13,-0.01,18,183559,卖盘
13:50:53,104.14,0.01,9,97569,买盘
13:50:59,104.13,-0.01,1,10413,卖盘
13:51:00,104.16,0.03,14,145801,买盘
13:51:05,104.15,-0.01,24,249920,中性盘
13:51:08,104.13,-0.02,15,156229,卖盘
13:51:11,104.14,0.01,6,62483,中性盘
13:51:13,104.14,0.0,5,52070,买盘
13:51:17,104.13,-0.01,21,218673,卖盘
13:51:19,104.13,0.0,8,79451,卖盘
13:51:23,104.12,-0.01,18,187441,卖盘
13:51:26,104.1,-0.02,11,114530,卖盘
13:51:33,104.1,0.0,3,31230,卖盘
13:51:35,104.1,0.0,1,10410,卖盘
13:51:41,104.1,0.0,14,145740,卖盘
13:51:44,104.01,-0.09,4,41622,卖盘
13:51:47,104.0,-0.01,12,124838,卖盘
13:51:49,104.0,0.0,19,197668,卖盘
13:51:53,104.0,0.0,1,10400,卖盘
13:51:56,104.0,0.0,31,322400,卖盘
13:51:59,104.01,0.01,1,10401,中性盘
13:52:03,103.91,-0.1,19,197622,卖盘
13:52:05,103.91,0.0,1,10391,买盘
13:52:08,104.0,0.09,4,41591,买盘
13:52:11,103.9,-0.1,17,176630,卖盘
13:52:14,103.9,0.0,24,249360,买盘
13:52:17,103.91,0.01,17,176637,买盘
13:52:19,103.91,0.0,23,244411,卖盘
13:52:23,103.92,0.01,15,155880,买盘
13:52:33,103.92,0.0,3,31178,卖盘
13:52:35,103.89,-0.03,7,72740,卖盘
13:52:38,103.91,0.02,1,10391,中性盘
13:52:43,103.98,0.07,7,72780,买盘
13:52:49,103.89,-0.09,13,135067,卖盘
13:52:53,103.96,0.07,7,72772,买盘
13:53:02,103.9,-0.06,4,41570,卖盘
13:53:05,103.89,-0.01,19,197405,卖盘
13:53:08,103.95,0.06,25,259847,买盘
13:53:12,103.96,0.01,2,20792,买盘
13:53:14,103.95,-0.01,5,51977,卖盘
13:53:20,103.96,0.01,8,83175,卖盘
13:53:23,103.97,0.01,5,51981,买盘
13:53:27,103.97,0.0,3,31191,买盘
13:53:33,103.97,0.0,6,62382,卖盘
13:53:35,103.95,-0.02,5,51983,卖盘
13:53:44,103.95,0.0,7,72769,卖盘
13:53:47,103.97,0.02,15,155968,中性盘
13:53:57,103.94,-0.03,12,124756,卖盘
13:53:59,103.99,0.05,10,103969,买盘
13:54:03,103.94,-0.05,4,41591,卖盘
13:54:06,103.93,-0.01,3,31181,卖盘
13:54:08,104.0,0.07,10,103949,买盘
13:54:11,103.96,-0.04,19,197474,买盘
13:54:23,103.96,0.0,6,62368,买盘
13:54:26,103.96,0.0,1,10396,买盘
13:54:33,103.92,-0.04,6,62363,卖盘
13:54:35,103.92,0.0,1,10392,卖盘
13:54:40,103.92,0.0,5,51960,卖盘
13:54:44,103.94,0.02,1,10394,买盘
13:54:53,103.92,-0.02,4,41568,买盘
13:54:56,103.91,-0.01,15,155865,卖盘
13:54:59,103.92,0.01,4,41566,买盘
13:55:02,103.91,-0.01,4,41564,卖盘
13:55:05,103.91,0.0,8,78972,卖盘
13:55:08,103.92,0.01,19,197448,买盘
13:55:11,103.92,0.0,2,20784,买盘
13:55:14,103.9,-0.02,9,93515,卖盘
13:55:23,103.93,0.03,10,103930,买盘
13:55:30,103.9,-0.03,15,155877,卖盘
13:55:38,103.92,0.02,2,20784,买盘
13:55:41,103.92,0.0,2,20783,中性盘
13:55:53,103.92,0.0,3,31176,卖盘
13:55:56,103.93,0.01,18,187050,买盘
13:56:02,103.93,0.0,4,41572,买盘
13:56:03,103.9,-0.03,30,311704,卖盘
13:56:07,103.93,0.03,7,72736,买盘
13:56:11,103.92,-0.01,8,83139,中性盘
13:56:17,103.9,-0.02,3,31172,中性盘
13:56:20,103.91,0.01,3,31171,买盘
13:56:26,103.88,-0.03,21,218154,卖盘
13:56:32,103.9,0.02,3,31170,卖盘
13:56:37,103.9,0.0,15,155860,卖盘
13:56:41,103.9,0.0,2,20780,中性盘
13:56:44,103.91,0.01,15,155874,买盘
13:56:53,103.91,0.0,7,72737,买盘
13:56:56,103.89,-0.02,16,166237,卖盘
13:57:02,103.9,0.01,1,15480,中性盘
13:57:06,103.89,-0.01,4,41556,买盘
13:57:11,103.92,0.03,2,20784,买盘
13:57:14,103.92,0.0,10,103920,买盘
13:57:17,103.92,0.0,1,10392,中性盘
13:57:23,103.95,0.03,10,103945,买盘
13:57:26,104.0,0.05,5,51985,买盘
13:57:29,104.0,0.0,4,41600,卖盘
13:57:32,104.0,0.0,7,72806,卖盘
13:57:35,104.0,0.0,5,52003,卖盘
13:57:38,104.08,0.08,17,176930,买盘
13:57:41,104.08,0.0,7,72855,卖盘
13:57:43,104.09,0.01,1,10409,中性盘
13:57:47,104.08,-0.01,17,176835,中性盘
13:57:49,104.06,-0.02,3,31220,卖盘
13:57:53,104.08,0.02,15,156138,买盘
13:57:57,104.07,-0.01,17,176925,卖盘
13:57:58,104.09,0.02,17,176927,买盘
13:58:03,104.08,-0.01,3,31222,中性盘
13:58:03,104.08,0.0,4,41629,买盘
13:58:08,104.08,0.0,1,10408,买盘
13:58:11,104.08,0.0,4,41632,买盘
13:58:13,104.08,0.0,2,20815,买盘
13:58:16,104.09,0.01,12,124898,买盘
13:58:20,104.09,0.0,2,20816,中性盘
13:58:22,104.1,0.01,1,10410,买盘
