time,price,change,volume,amount,type
09:25:03,103.0,-0.38,230,2369000,卖盘
09:30:03,102.96,-0.04,88,906284,卖盘
09:30:05,103.0,0.04,177,1823059,买盘
09:30:09,102.97,-0.03,100,1029851,买盘
09:30:11,102.9,-0.07,43,442725,卖盘
09:30:15,102.9,0.0,21,216165,卖盘
09:30:17,103.0,0.1,5,51488,买盘
09:30:21,103.05,0.05,58,597409,买盘
09:30:24,103.03,-0.02,8,83536,买盘
09:30:27,103.22,0.19,1,10322,买盘
09:30:30,103.38,0.16,22,227419,买盘
09:30:33,103.5,0.12,25,258642,买盘
09:30:36,103.56,0.06,26,269409,中性盘
09:30:39,103.78,0.22,14,145157,买盘
09:30:42,103.78,0.0,17,176408,买盘
09:30:45,103.8,0.02,33,342678,买盘
09:30:47,103.83,0.03,23,239022,中性盘
09:30:51,103.98,0.15,10,103950,买盘
09:30:54,103.92,-0.06,19,197382,卖盘
09:30:57,103.86,-0.06,17,176598,卖盘
09:31:00,103.86,0.0,18,186960,卖盘
09:31:03,103.86,0.0,1,10386,买盘
09:31:06,103.72,-0.14,21,217942,卖盘
09:31:09,103.72,0.0,7,72562,买盘
09:31:12,103.72,0.0,45,466874,买盘
09:31:15,103.5,-0.22,42,435492,卖盘
09:31:18,103.31,-0.19,5,51704,卖盘
09:31:21,103.31,0.0,12,124057,卖盘
09:31:24,103.5,0.19,11,113606,买盘
09:31:27,103.38,-0.12,4,41286,买盘
09:31:29,103.05,-0.33,45,465111,卖盘
09:31:36,103.52,0.47,33,341262,买盘
09:31:38,103.58,0.06,19,196861,卖盘
09:31:41,103.75,0.17,11,114070,买盘
09:31:45,103.5,-0.25,8,82905,卖盘
09:31:48,103.77,0.27,6,62214,买盘
09:31:51,103.77,0.0,6,62262,买盘
09:31:54,103.51,-0.26,11,114018,卖盘
09:31:57,103.58,0.07,16,165960,卖盘
09:31:59,103.54,-0.04,14,145069,卖盘
09:32:03,103.54,0.0,6,62137,卖盘
09:32:05,103.77,0.23,15,155491,买盘
09:32:08,103.54,-0.23,11,113933,卖盘
09:32:12,103.73,0.19,14,145209,买盘
09:32:15,103.76,0.03,28,290537,买盘
09:32:17,103.54,-0.22,30,310730,卖盘
09:32:21,103.76,0.22,9,93366,中性盘
09:32:23,103.55,-0.21,17,176161,卖盘
09:32:27,103.55,0.0,26,269248,买盘
09:32:30,103.54,-0.01,21,217442,卖盘
09:32:33,103.55,0.01,7,72481,买盘
09:32:36,103.55,0.0,12,124335,买盘
09:32:39,103.38,-0.17,31,320925,卖盘
09:32:42,103.38,0.0,5,51722,卖盘
09:32:45,103.67,0.29,10,103541,中性盘
09:32:48,103.38,-0.29,11,113722,卖盘
09:32:50,103.66,0.28,2,20704,买盘
09:32:54,103.57,-0.09,4,41416,中性盘
09:32:57,103.57,0.0,1,10357,买盘
09:32:59,103.57,0.0,1,10357,卖盘
09:33:03,103.57,0.0,3,31068,买盘
09:33:06,103.5,-0.07,8,82743,中性盘
09:33:09,103.6,0.1,6,62100,买盘
09:33:12,103.39,-0.21,4,41347,买盘
09:33:15,103.38,-0.01,13,134438,卖盘
09:33:17,103.39,0.01,7,78909,买盘
09:33:21,103.5,0.11,1,10350,买盘
09:33:24,103.39,-0.11,6,55557,买盘
09:33:27,103.39,0.0,16,165422,买盘
09:33:30,103.38,-0.01,8,82672,买盘
09:33:33,103.3,-0.08,6,62005,卖盘
09:33:36,103.3,0.0,4,41320,买盘
09:33:39,103.38,0.08,16,165305,买盘
09:33:41,103.21,-0.17,5,51616,卖盘
09:33:45,103.38,0.17,2,20669,买盘
09:33:48,103.31,-0.07,2,20669,卖盘
09:33:51,103.21,-0.1,8,82622,卖盘
09:33:57,103.38,0.17,1,10338,买盘
09:34:00,103.3,-0.08,13,134298,卖盘
09:34:02,103.38,0.08,10,103380,买盘
09:34:06,103.39,0.01,45,465240,买盘
09:34:09,103.38,-0.01,8,82722,卖盘
09:34:11,103.38,0.0,10,103380,卖盘
09:34:15,103.38,0.0,7,72331,买盘
09:34:18,103.3,-0.08,4,41336,中性盘
09:34:21,103.38,0.08,2,20676,买盘
09:34:24,103.2,-0.18,3,30996,卖盘
09:34:26,103.38,0.18,1,10338,买盘
09:34:30,103.2,-0.18,12,123861,卖盘
09:34:33,103.38,0.18,4,41352,买盘
09:34:36,103.38,0.0,2,20676,买盘
09:34:39,103.11,-0.27,25,257884,卖盘
09:34:42,103.38,0.27,11,113783,买盘
09:34:45,103.35,-0.03,3,31021,卖盘
09:34:48,103.49,0.14,9,93114,买盘
09:34:51,103.4,-0.09,3,31020,卖盘
09:34:54,103.2,-0.2,3,31004,卖盘
09:34:57,103.49,0.29,5,51618,买盘
09:35:03,103.48,-0.01,1,10348,买盘
09:35:09,103.45,-0.03,8,82634,买盘
09:35:12,103.3,-0.15,1,10330,卖盘
09:35:15,103.45,0.15,28,289660,买盘
09:35:21,103.3,-0.15,6,61914,中性盘
09:35:24,103.17,-0.13,2,20647,卖盘
09:35:27,103.3,0.13,5,51637,买盘
09:35:30,103.16,-0.14,11,113532,卖盘
09:35:33,103.3,0.14,3,30963,买盘
09:35:36,103.3,0.0,8,82628,买盘
09:35:39,103.23,-0.07,5,51636,中性盘
09:35:43,103.3,0.07,16,165273,买盘
09:35:45,103.44,0.14,2,20688,买盘
09:35:51,103.32,-0.12,2,20664,卖盘
09:35:54,103.32,0.0,6,61992,卖盘
09:35:57,103.44,0.12,1,10344,买盘
09:36:00,103.3,-0.14,2,20659,卖盘
09:36:03,103.3,0.0,3,30990,买盘
09:36:06,103.32,0.02,1,10332,买盘
09:36:09,103.15,-0.17,40,412705,卖盘
09:36:12,103.15,0.0,11,113465,买盘
09:36:15,103.25,0.1,10,103267,中性盘
09:36:18,103.25,0.0,3,30975,买盘
09:36:24,103.15,-0.1,2,20630,卖盘
09:36:36,103.25,0.1,6,61940,买盘
09:36:39,103.25,0.0,1,10325,买盘
09:36:43,103.25,0.0,2,20640,买盘
09:36:45,103.25,0.0,3,30975,买盘
09:36:48,103.25,0.0,1,10325,买盘
09:36:54,103.16,-0.09,1,10316,卖盘
09:36:57,103.25,0.09,2,20646,买盘
09:37:00,103.25,0.0,2,20650,买盘
09:37:03,103.21,-0.04,5,51612,卖盘
09:37:08,103.28,0.07,2,20649,买盘
09:37:15,103.16,-0.12,27,278762,卖盘
09:37:18,103.27,0.11,1,10327,卖盘
09:37:24,103.2,-0.07,2,20640,买盘
09:37:27,103.15,-0.05,13,134129,卖盘
09:37:30,103.22,0.07,3,30952,买盘
09:37:33,103.12,-0.1,9,92814,卖盘
09:37:36,103.08,-0.04,32,329919,卖盘
09:37:39,103.05,-0.03,24,247370,卖盘
09:37:42,103.03,-0.02,16,164940,卖盘
09:37:48,103.15,0.12,6,61882,买盘
09:37:51,103.0,-0.15,2,20605,卖盘
09:37:54,103.05,0.05,1,10305,卖盘
09:37:58,103.11,0.06,11,113341,买盘
09:38:00,103.03,-0.08,1,10303,卖盘
09:38:03,103.11,0.08,1,10311,买盘
09:38:06,103.11,0.0,15,154665,买盘
09:38:09,103.11,0.0,10,103110,买盘
09:38:15,103.27,0.16,16,165140,买盘
09:38:18,103.12,-0.15,5,51575,卖盘
09:38:21,103.13,0.01,1,10313,卖盘
09:38:24,103.27,0.14,12,123804,买盘
09:38:28,103.22,-0.05,3,30976,中性盘
09:38:30,103.28,0.06,2,20656,买盘
09:38:36,103.22,-0.06,7,72263,卖盘
09:38:39,103.22,0.0,12,123864,买盘
09:38:42,103.22,0.0,2,20644,买盘
09:38:45,103.24,0.02,19,196075,买盘
09:38:48,103.25,0.01,3,30975,买盘
09:38:51,103.25,0.0,1,10325,买盘
09:38:54,103.24,-0.01,2,20648,卖盘
09:38:58,103.22,-0.02,7,72266,卖盘
09:39:02,103.17,-0.05,1,10317,卖盘
09:39:04,103.13,-0.04,12,123772,卖盘
09:39:06,103.12,-0.01,33,340391,卖盘
09:39:09,103.17,0.05,6,61902,中性盘
09:39:12,103.51,0.34,76,786180,买盘
09:39:15,103.51,0.0,238,2463534,卖盘
09:39:18,103.22,-0.29,30,310459,卖盘
09:39:21,103.51,0.29,1,10337,买盘
09:39:30,103.5,-0.01,1,10350,买盘
09:39:36,103.48,-0.02,2,20670,买盘
09:39:39,103.48,0.0,10,103480,买盘
09:39:42,103.45,-0.03,4,41334,买盘
09:39:51,103.23,-0.22,3,30996,卖盘
09:39:54,103.45,0.22,1,10345,中性盘
09:39:58,103.23,-0.22,2,20668,卖盘
09:40:00,103.22,-0.01,12,123940,卖盘
09:40:06,103.4,0.18,27,279291,中性盘
09:40:09,103.23,-0.17,28,289581,中性盘
09:40:12,103.17,-0.06,15,154823,卖盘
09:40:15,103.17,0.0,7,72223,卖盘
09:40:18,103.15,-0.02,8,82528,卖盘
09:40:21,103.13,-0.02,7,72201,卖盘
09:40:24,103.12,-0.01,21,216555,卖盘
09:40:28,103.11,-0.01,13,134043,卖盘
09:40:30,103.14,0.03,14,144378,买盘
09:40:33,103.1,-0.04,5,51558,卖盘
09:40:36,103.04,-0.06,15,154580,卖盘
09:40:39,103.04,0.0,26,267915,买盘
09:40:43,103.05,0.01,4,41220,中性盘
09:40:45,103.14,0.09,6,61852,买盘
09:40:48,103.04,-0.1,5,51522,卖盘
09:40:51,103.03,-0.01,14,144260,卖盘
09:40:54,103.03,0.0,1,10303,卖盘
09:41:00,103.05,0.02,28,288529,买盘
09:41:03,103.04,-0.01,86,886084,买盘
09:41:06,103.1,0.06,16,164948,买盘
09:41:15,103.04,-0.06,7,72133,卖盘
09:41:36,103.1,0.06,30,309295,买盘
09:41:39,103.05,-0.05,2,20611,卖盘
09:41:43,103.04,-0.01,13,133952,卖盘
09:41:45,103.04,0.0,5,51520,买盘
09:41:48,103.04,0.0,6,61851,卖盘
09:41:51,103.05,0.01,3,30915,卖盘
09:41:54,103.07,0.02,2,20614,中性盘
09:41:58,103.05,-0.02,18,185575,卖盘
09:42:00,103.05,0.0,3,30915,卖盘
09:42:03,103.1,0.05,12,123720,买盘
09:42:06,103.1,0.0,7,72161,买盘
09:42:09,103.1,0.0,2,20620,买盘
09:42:12,103.1,0.0,10,103076,卖盘
09:42:15,103.06,-0.04,2,20612,买盘
09:42:18,103.06,0.0,3,30921,卖盘
09:42:24,103.15,0.09,2,20630,买盘
09:42:28,103.06,-0.09,7,72220,卖盘
09:42:30,103.21,0.15,4,41284,买盘
09:42:33,103.07,-0.14,1,10307,中性盘
09:42:43,103.21,0.14,3,30963,买盘
09:42:45,103.09,-0.12,20,206300,卖盘
09:42:52,103.15,0.06,5,51575,买盘
09:42:54,103.15,0.0,1,10315,买盘
09:42:58,103.09,-0.06,1,10309,中性盘
09:43:00,103.15,0.06,4,41260,买盘
09:43:03,103.21,0.06,5,51588,买盘
09:43:06,103.21,0.0,2,20636,买盘
09:43:09,103.17,-0.04,1,10317,中性盘
09:43:12,103.21,0.04,2,20638,买盘
09:43:15,103.42,0.21,28,289452,买盘
09:43:18,103.42,0.0,1,10342,买盘
09:43:24,103.43,0.01,2,20686,买盘
09:43:28,103.21,-0.22,3,30965,卖盘
09:43:33,103.22,0.01,1,10322,卖盘
09:43:36,103.45,0.23,1,10345,买盘
09:43:57,103.45,0.0,1,10345,买盘
09:44:03,103.45,0.0,4,41338,买盘
09:44:06,103.44,-0.01,3,31032,买盘
09:44:09,103.44,0.0,1,10344,买盘
09:44:12,103.45,0.01,15,155081,买盘
09:44:15,103.44,-0.01,3,30998,中性盘
09:44:18,103.45,0.01,11,113781,买盘
09:44:21,103.27,-0.18,2,20654,卖盘
09:44:23,103.44,0.17,3,31010,买盘
09:44:33,103.43,-0.01,1,10343,买盘
09:44:36,103.43,0.0,2,20686,买盘
09:44:39,103.43,0.0,34,351662,买盘
09:44:43,103.43,0.0,15,155159,卖盘
09:44:45,103.45,0.02,2,20690,买盘
09:44:48,103.45,0.0,9,93102,买盘
09:44:51,103.45,0.0,7,72421,卖盘
09:44:54,103.45,0.0,4,41380,卖盘
09:45:00,103.48,0.03,37,382806,买盘
09:45:06,103.49,0.01,2,20698,买盘
09:45:09,103.5,0.01,7,72446,买盘
09:45:13,103.5,0.0,21,217350,买盘
09:45:15,103.5,0.0,9,93150,买盘
09:45:18,103.51,0.01,14,144906,买盘
09:45:21,103.51,0.0,6,62106,买盘
09:45:24,103.52,0.01,42,434750,买盘
09:45:28,103.53,0.01,20,207035,买盘
09:45:30,103.55,0.02,17,176007,买盘
09:45:33,103.58,0.03,3,31069,买盘
09:45:36,103.58,0.0,2,20716,买盘
09:45:43,103.57,-0.01,1,10357,买盘
09:45:45,103.58,0.01,5,51789,买盘
09:45:48,103.56,-0.02,2,20710,买盘
09:45:51,103.53,-0.03,3,39038,卖盘
09:45:54,103.54,0.01,1,10354,买盘
09:45:58,103.54,0.0,6,62124,买盘
09:46:00,103.54,0.0,2,20707,买盘
09:46:03,103.51,-0.03,58,600460,卖盘
09:46:06,103.5,-0.01,13,134552,买盘
09:46:09,103.46,-0.04,6,62088,卖盘
09:46:11,103.46,0.0,8,82788,卖盘
09:46:15,103.45,-0.01,6,54105,买盘
09:46:18,103.53,0.08,5,51753,卖盘
09:46:21,103.45,-0.08,4,41380,卖盘
09:46:24,103.45,0.0,2,20690,卖盘
09:46:33,103.46,0.01,1,10346,中性盘
09:46:36,103.5,0.04,1,10350,买盘
09:46:38,103.45,-0.05,5,51727,卖盘
09:46:43,103.45,0.0,3,31035,卖盘
09:46:45,103.5,0.05,9,93121,买盘
09:46:50,103.5,0.0,1,10350,买盘
09:47:00,103.45,-0.05,2,20690,卖盘
09:47:02,103.5,0.05,6,62089,买盘
09:47:06,103.49,-0.01,5,51745,卖盘
09:47:13,103.52,0.03,59,610709,买盘
09:47:15,103.49,-0.03,1,10349,买盘
09:47:25,103.49,0.0,1,10349,买盘
09:47:30,103.46,-0.03,3,31044,卖盘
09:47:33,103.49,0.03,2,20698,买盘
09:47:36,103.49,0.0,2,20695,买盘
09:47:39,103.45,-0.04,2,20690,卖盘
09:47:41,103.45,0.0,31,320695,买盘
09:47:48,103.45,0.0,30,310350,买盘
09:47:51,103.46,0.01,11,113778,买盘
09:48:03,103.5,0.04,3,31050,买盘
09:48:06,103.5,0.0,14,144899,买盘
09:48:09,103.5,0.0,6,62099,买盘
09:48:12,103.51,0.01,23,238050,买盘
09:48:21,103.45,-0.06,14,144885,卖盘
09:48:24,103.51,0.06,20,206909,买盘
09:48:33,103.45,-0.06,2,20690,卖盘
09:48:36,103.49,0.04,1,10349,买盘
09:48:38,103.49,0.0,1,10349,买盘
09:48:42,103.49,0.0,2,20698,卖盘
09:48:45,103.49,0.0,7,72448,卖盘
09:48:48,103.52,0.03,6,62107,买盘
09:48:51,103.51,-0.01,4,41404,卖盘
09:48:54,103.51,0.0,1,10351,卖盘
09:49:00,103.51,0.0,3,31053,卖盘
09:49:04,103.51,0.0,1,10351,买盘
09:49:06,103.52,0.01,3,31056,买盘
09:49:09,103.5,-0.02,6,62103,卖盘
09:49:12,103.51,0.01,10,103509,买盘
09:49:16,103.5,-0.01,21,217370,卖盘
09:49:18,103.5,0.0,1,10350,卖盘
09:49:24,103.51,0.01,27,279451,买盘
09:49:27,103.5,-0.01,15,155252,卖盘
09:49:33,103.5,0.0,1,10350,卖盘
09:49:36,103.51,0.01,2,20701,买盘
09:49:39,103.51,0.0,18,186318,买盘
09:49:42,103.5,-0.01,2,20700,卖盘
09:49:46,103.5,0.0,16,165600,卖盘
09:49:51,103.5,0.0,1,10350,卖盘
09:50:00,103.5,0.0,6,62101,卖盘
09:50:03,103.5,0.0,28,289801,卖盘
09:50:06,103.5,0.0,5,51750,卖盘
09:50:09,103.5,0.0,7,72450,卖盘
09:50:12,103.5,0.0,29,300150,卖盘
09:50:22,103.49,-0.01,4,41396,卖盘
09:50:28,103.49,0.0,2,20698,卖盘
09:50:30,103.49,0.0,17,175933,卖盘
09:50:34,103.48,-0.01,2,20696,卖盘
09:50:36,103.48,0.0,1,10348,卖盘
09:50:39,103.48,0.0,2,20696,买盘
09:50:43,103.45,-0.03,12,129342,卖盘
09:50:47,103.43,-0.02,22,227555,卖盘
09:50:51,103.43,0.0,5,51723,卖盘
09:51:01,103.31,-0.12,31,315236,买盘
09:51:04,103.45,0.14,2,20688,买盘
09:51:09,103.43,-0.02,1,10343,中性盘
09:51:12,103.31,-0.12,1,10331,卖盘
09:51:30,103.33,0.02,1,10333,卖盘
09:51:36,103.4,0.07,67,692774,买盘
09:51:39,103.4,0.0,54,558352,卖盘
09:51:42,103.33,-0.07,16,165339,卖盘
09:51:54,103.46,0.13,2,20692,买盘
09:51:57,103.46,0.0,18,186228,买盘
09:52:00,103.4,-0.06,16,165464,卖盘
09:52:03,103.46,0.06,2,20692,买盘
09:52:06,103.46,0.0,3,31032,买盘
09:52:08,103.49,0.03,52,537994,买盘
09:52:12,103.52,0.03,224,2318706,买盘
09:52:15,103.6,0.08,68,704238,买盘
09:52:18,103.63,0.03,24,248721,买盘
09:52:20,103.69,0.06,2,20737,买盘
09:52:24,103.73,0.04,18,186645,买盘
09:52:27,103.75,0.02,4,41494,买盘
09:52:29,103.75,0.0,13,134904,卖盘
09:52:33,103.75,0.0,6,62251,卖盘
09:52:38,103.75,0.0,2,20750,买盘
09:52:43,103.69,-0.06,6,62232,卖盘
09:52:44,103.75,0.06,2,20745,买盘
09:52:51,103.72,-0.03,6,62220,中性盘
09:52:54,103.69,-0.03,4,41476,卖盘
09:52:58,103.69,0.0,4,41477,卖盘
09:53:00,103.69,0.0,10,103690,卖盘
09:53:03,103.66,-0.03,4,41464,卖盘
09:53:06,103.66,0.0,5,51830,买盘
09:53:09,103.69,0.03,3,31107,买盘
09:53:17,103.69,0.0,2,20738,买盘
09:53:21,103.67,-0.02,4,41468,卖盘
09:53:24,103.67,0.0,4,41469,卖盘
09:53:26,103.67,0.0,1,10367,卖盘
09:53:33,103.68,0.01,1,10368,卖盘
09:53:39,103.69,0.01,2,20737,买盘
09:53:45,103.68,-0.01,6,62214,卖盘
09:53:48,103.68,0.0,5,51840,卖盘
09:53:51,103.7,0.02,7,72578,买盘
09:53:54,103.68,-0.02,5,51840,中性盘
09:54:11,103.69,0.01,21,217748,中性盘
09:54:15,103.7,0.01,6,62220,买盘
09:54:18,103.7,0.0,3,31109,买盘
09:54:21,103.7,0.0,2,20741,卖盘
09:54:28,103.69,-0.01,36,373299,卖盘
09:54:30,103.72,0.03,51,528894,买盘
09:54:33,103.72,0.0,19,197047,买盘
09:54:36,103.72,0.0,1,10372,买盘
09:54:39,103.67,-0.05,6,62206,卖盘
09:54:44,103.7,0.03,2,20740,买盘
09:54:54,103.7,0.0,12,124435,买盘
09:54:57,103.69,-0.01,2,20738,卖盘
09:55:03,103.69,0.0,4,41477,卖盘
09:55:06,103.7,0.01,31,321440,买盘
09:55:09,103.69,-0.01,9,93329,卖盘
09:55:12,103.69,0.0,7,72585,卖盘
09:55:15,103.69,0.0,28,290331,卖盘
09:55:18,103.69,0.0,1,10369,买盘
09:55:21,103.69,0.0,2,20736,买盘
09:55:24,103.69,0.0,1,10369,买盘
09:55:30,103.67,-0.02,2,20735,卖盘
09:55:35,103.68,0.01,1,10368,买盘
09:55:42,103.67,-0.01,2,20734,买盘
09:55:45,103.68,0.01,3,31102,买盘
09:55:51,103.67,-0.01,1,10367,卖盘
09:55:54,103.67,0.0,1,10367,卖盘
09:55:58,103.67,0.0,1,10367,卖盘
09:56:00,103.67,0.0,1,10367,卖盘
09:56:03,103.67,0.0,1,10367,买盘
09:56:05,103.67,0.0,1,10367,买盘
09:56:08,103.65,-0.02,11,114015,卖盘
09:56:11,103.67,0.02,1,10367,买盘
09:56:18,103.65,-0.02,5,51825,卖盘
09:56:27,103.66,0.01,7,72562,买盘
09:56:29,103.65,-0.01,16,165855,卖盘
09:56:33,103.66,0.01,14,145114,买盘
09:56:38,103.66,0.0,1,10366,买盘
09:56:45,103.66,0.0,37,383542,买盘
09:56:48,103.66,0.0,2,20732,卖盘
09:56:51,103.66,0.0,1,10366,卖盘
09:56:58,103.67,0.01,10,103670,买盘
09:57:00,103.67,0.0,10,103670,买盘
09:57:03,103.66,-0.01,21,217699,卖盘
09:57:09,103.67,0.01,1,10367,卖盘
09:57:11,103.67,0.0,14,145149,卖盘
09:57:15,103.68,0.01,3,31102,买盘
09:57:18,103.68,0.0,5,51840,买盘
09:57:20,103.67,-0.01,3,31101,卖盘
09:57:23,103.67,0.0,3,31102,卖盘
09:57:29,103.67,0.0,3,31101,卖盘
09:57:35,103.68,0.01,1,10368,买盘
09:57:39,103.68,0.0,18,186624,买盘
09:57:42,103.67,-0.01,32,331744,卖盘
09:57:44,103.67,0.0,2,20733,买盘
09:57:54,103.67,0.0,2,20733,买盘
09:57:59,103.67,0.0,5,51835,买盘
09:58:02,103.67,0.0,2,20734,卖盘
09:58:06,103.67,0.0,7,72569,卖盘
09:58:11,103.67,0.0,1,10367,卖盘
09:58:15,103.68,0.01,5,51836,买盘
09:58:27,103.68,0.0,2,20736,买盘
09:58:29,103.68,0.0,3,31103,买盘
09:58:32,103.68,0.0,6,62205,买盘
09:58:36,103.67,-0.01,4,41470,卖盘
09:58:47,103.68,0.01,1,10368,买盘
09:58:50,103.67,-0.01,3,31101,卖盘
09:58:54,103.67,0.0,59,610603,卖盘
09:58:57,103.67,0.0,11,115184,卖盘
09:59:06,103.65,-0.02,25,259165,卖盘
09:59:09,103.67,0.02,18,189888,买盘
09:59:11,103.66,-0.01,3,31098,中性盘
09:59:15,103.66,0.0,5,51827,中性盘
09:59:17,103.66,0.0,1,10366,买盘
09:59:21,103.65,-0.01,11,114025,卖盘
09:59:24,103.64,-0.01,19,196965,卖盘
09:59:27,103.65,0.01,1,10365,买盘
09:59:33,103.65,0.0,2,20730,卖盘
09:59:36,103.67,0.02,15,155497,买盘
09:59:39,103.67,0.0,4,41466,买盘
09:59:45,103.66,-0.01,10,103665,卖盘
09:59:47,103.66,0.0,19,196971,卖盘
09:59:51,103.67,0.01,28,289136,买盘
09:59:54,103.77,0.1,34,352722,买盘
09:59:57,103.8,0.03,8,83037,买盘
10:00:00,103.8,0.0,14,145316,买盘
10:00:03,103.84,0.04,15,155754,买盘
10:00:06,103.84,0.0,1,10384,中性盘
10:00:09,103.85,0.01,12,124620,买盘
10:00:12,103.86,0.01,1,10386,买盘
10:00:15,103.86,0.0,4,41546,卖盘
10:00:18,103.86,0.0,17,176562,卖盘
10:00:20,103.85,-0.01,8,83079,卖盘
10:00:24,103.85,0.0,16,166160,买盘
10:00:27,103.84,-0.01,18,186912,卖盘
10:00:29,103.83,-0.01,33,342682,买盘
10:00:32,103.85,0.02,11,114229,买盘
10:00:36,103.8,-0.05,7,72671,卖盘
10:00:41,103.8,0.0,18,186824,买盘
10:00:44,103.76,-0.04,13,134888,卖盘
10:00:48,103.79,0.03,1,10379,买盘
10:00:54,103.77,-0.02,4,41508,卖盘
10:00:57,103.77,0.0,5,51881,买盘
10:01:03,103.79,0.02,4,41512,买盘
10:01:06,103.71,-0.08,8,82974,卖盘
10:01:09,103.71,0.0,1,10371,买盘
10:01:18,103.71,0.0,5,51835,买盘
10:01:21,103.65,-0.06,3,31097,卖盘
10:01:23,103.64,-0.01,18,183249,卖盘
10:01:27,103.63,-0.01,3,31091,卖盘
10:01:29,103.63,0.0,3,31089,卖盘
10:01:32,103.63,0.0,7,72526,卖盘
10:01:36,103.57,-0.06,8,82898,卖盘
10:01:44,103.57,0.0,1,10357,卖盘
10:01:48,103.6,0.03,1,10360,买盘
10:01:57,103.57,-0.03,10,103593,卖盘
10:02:00,103.6,0.03,4,41440,中性盘
10:02:03,103.61,0.01,51,528208,买盘
10:02:08,103.62,0.01,8,82902,卖盘
10:02:12,103.62,0.0,1,10362,卖盘
10:02:15,103.62,0.0,2,20724,卖盘
10:02:17,103.63,0.01,1,10363,买盘
10:02:20,103.62,-0.01,10,103629,卖盘
10:02:29,103.63,0.01,3,31089,买盘
10:02:33,103.65,0.02,22,227991,买盘
10:02:36,103.65,0.0,14,145108,买盘
10:02:39,103.65,0.0,17,176205,买盘
10:02:42,103.63,-0.02,5,51827,中性盘
10:02:54,103.66,0.03,2,20732,卖盘
10:02:59,103.69,0.03,1,10369,买盘
10:03:12,103.69,0.0,1,10369,买盘
10:03:15,103.66,-0.03,7,72562,卖盘
10:03:18,103.66,0.0,1,10366,买盘
10:03:24,103.66,0.0,5,51830,买盘
10:03:29,103.66,0.0,2,20732,买盘
10:03:33,103.69,0.03,11,114030,买盘
10:03:36,103.66,-0.03,5,51830,卖盘
10:03:45,103.66,0.0,4,41468,卖盘
10:03:48,103.69,0.03,1,10369,买盘
10:03:54,103.66,-0.03,10,103672,卖盘
10:04:00,103.66,0.0,1,10366,卖盘
10:04:09,103.67,0.01,1,10367,买盘
10:04:15,103.69,0.02,31,321439,买盘
10:04:18,103.69,0.0,1,10369,买盘
10:04:21,103.68,-0.01,1,10368,卖盘
10:04:24,103.7,0.02,25,259244,买盘
10:04:30,103.69,-0.01,1,10369,卖盘
10:04:33,103.69,0.0,3,31107,卖盘
10:04:36,103.7,0.01,2,20740,买盘
10:04:38,103.69,-0.01,2,20738,卖盘
10:04:42,103.69,0.0,1,10369,卖盘
10:04:45,103.7,0.01,31,321470,买盘
10:04:48,103.69,-0.01,10,103690,卖盘
10:04:50,103.69,0.0,3,31108,卖盘
10:04:57,103.69,0.0,14,145166,卖盘
10:04:59,103.79,0.1,60,622347,买盘
10:05:09,103.69,-0.1,10,103690,买盘
10:05:15,103.68,-0.01,27,279976,卖盘
10:05:21,103.7,0.02,1,10370,卖盘
10:05:27,103.73,0.03,7,72599,买盘
10:05:30,103.76,0.03,7,72646,买盘
10:05:36,103.79,0.03,24,249060,买盘
10:05:39,103.75,-0.04,1,10375,卖盘
10:05:42,103.79,0.04,1,10379,中性盘
10:05:44,103.79,0.0,16,166075,卖盘
10:05:47,103.74,-0.05,2,20753,卖盘
10:05:51,103.79,0.05,3,31137,买盘
10:05:53,103.83,0.04,201,2087165,买盘
10:05:57,103.85,0.02,9,93453,中性盘
10:05:59,103.79,-0.06,12,124538,中性盘
10:06:03,103.88,0.09,9,93481,买盘
10:06:06,103.79,-0.09,7,72658,卖盘
10:06:09,103.86,0.07,24,249316,中性盘
10:06:12,103.9,0.04,16,166232,买盘
10:06:15,103.91,0.01,10,103902,买盘
10:06:18,103.9,-0.01,21,218200,卖盘
10:06:20,103.9,0.0,39,405329,卖盘
10:06:27,103.9,0.0,17,176630,买盘
10:06:33,104.0,0.1,223,2318091,买盘
10:06:36,103.9,-0.1,5,51951,卖盘
10:06:38,103.97,0.07,13,135120,买盘
10:06:42,104.01,0.04,115,1195947,买盘
10:06:45,104.03,0.02,25,260031,买盘
10:06:48,104.03,0.0,11,114428,中性盘
10:06:50,104.01,-0.02,34,353649,卖盘
10:06:54,103.97,-0.04,18,187251,中性盘
10:06:56,104.02,0.05,3,31205,买盘
10:07:00,104.0,-0.02,3,31200,卖盘
10:07:03,104.0,0.0,6,62400,买盘
10:07:05,104.0,0.0,4,41600,买盘
10:07:09,103.9,-0.1,30,311734,卖盘
10:07:12,103.9,0.0,4,41560,买盘
10:07:18,103.9,0.0,14,145452,买盘
10:07:21,103.9,0.0,3,31170,买盘
10:07:24,103.87,-0.03,28,290944,卖盘
10:07:27,104.0,0.13,18,187198,买盘
10:07:29,103.9,-0.1,1,10390,卖盘
10:07:32,103.9,0.0,8,83120,卖盘
10:07:36,103.9,0.0,8,83097,买盘
10:07:39,103.9,0.0,2,20780,买盘
10:07:41,103.86,-0.04,1,10386,卖盘
10:07:44,103.9,0.04,15,155838,买盘
10:07:47,103.99,0.09,18,187128,买盘
10:07:50,103.9,-0.09,4,41560,卖盘
10:07:53,103.9,0.0,3,31179,卖盘
10:07:56,103.98,0.08,18,187031,买盘
10:08:00,103.95,-0.03,1,10395,卖盘
10:08:03,103.95,0.0,4,41580,卖盘
10:08:06,103.98,0.03,9,93528,买盘
10:08:09,103.95,-0.03,5,51979,卖盘
10:08:11,103.97,0.02,5,51977,买盘
10:08:14,104.0,0.03,145,1507928,买盘
10:08:18,104.01,0.01,14,145605,买盘
10:08:20,104.0,-0.01,15,156013,卖盘
10:08:24,104.03,0.03,53,551311,买盘
10:08:27,104.0,-0.03,20,208015,卖盘
10:08:33,104.0,0.0,6,62410,卖盘
10:08:36,104.02,0.02,3,31207,中性盘
10:08:38,104.0,-0.02,5,52009,卖盘
10:08:45,104.03,0.03,1,10403,中性盘
10:08:47,104.05,0.02,2,20810,买盘
10:08:51,104.1,0.05,66,686863,买盘
10:08:54,104.1,0.0,2,20820,卖盘
10:08:56,104.1,0.0,3,31230,卖盘
10:09:00,104.1,0.0,26,270661,卖盘
10:09:03,104.05,-0.05,2,20815,卖盘
10:09:06,104.05,0.0,7,72865,卖盘
10:09:09,104.1,0.05,3,31227,买盘
10:09:12,104.05,-0.05,6,62440,卖盘
10:09:21,104.05,0.0,22,228939,卖盘
10:09:24,104.05,0.0,13,135265,买盘
10:09:26,104.05,0.0,4,38083,卖盘
10:09:32,104.05,0.0,3,31215,卖盘
10:09:35,104.07,0.02,3,31219,买盘
10:09:39,104.05,-0.02,1,10405,卖盘
10:09:45,104.05,0.0,1,10405,卖盘
10:09:48,104.05,0.0,11,114456,卖盘
10:09:50,104.05,0.0,2,20810,卖盘
10:09:54,104.05,0.0,3,31216,卖盘
10:09:56,104.05,0.0,2,20810,卖盘
10:09:59,104.05,0.0,16,166480,卖盘
10:10:03,104.05,0.0,13,138802,卖盘
10:10:06,104.06,0.01,13,135251,卖盘
10:10:12,104.05,-0.01,4,41620,中性盘
10:10:14,104.0,-0.05,3,31205,卖盘
10:10:18,104.05,0.05,4,41620,买盘
10:10:20,104.05,0.0,3,31205,买盘
10:10:26,104.0,-0.05,2,20802,卖盘
10:10:33,104.02,0.02,6,62412,卖盘
10:10:36,104.02,0.0,5,52008,买盘
10:10:41,104.02,0.0,36,374471,买盘
10:10:45,104.0,-0.02,48,499200,卖盘
10:10:48,104.02,0.02,1,10402,买盘
10:10:53,104.0,-0.02,16,166400,卖盘
10:10:56,104.0,0.0,19,193960,卖盘
10:11:00,104.0,0.0,3,31200,卖盘
10:11:09,104.0,0.0,1,10400,卖盘
10:11:12,104.01,0.01,2,20802,卖盘
10:11:15,104.02,0.01,10,104020,买盘
10:11:21,104.01,-0.01,3,31203,卖盘
10:11:23,104.0,-0.01,18,187216,卖盘
10:11:29,103.97,-0.03,1,10397,买盘
10:11:36,103.9,-0.07,11,114290,卖盘
10:11:39,103.97,0.07,5,51981,买盘
10:11:41,103.97,0.0,11,114367,卖盘
10:11:44,103.97,0.0,2,20794,卖盘
10:11:48,103.97,0.0,1,10397,卖盘
10:11:51,104.01,0.04,55,572007,买盘
10:11:53,104.0,-0.01,10,104000,卖盘
10:12:00,104.01,0.01,1,10401,买盘
10:12:02,104.01,0.0,11,114410,买盘
10:12:06,104.01,0.0,4,41603,买盘
10:12:09,104.01,0.0,15,156015,买盘
10:12:11,104.01,0.0,2,20802,买盘
10:12:15,104.0,-0.01,5,52000,卖盘
10:12:18,104.0,0.0,32,332830,卖盘
10:12:21,104.01,0.01,4,41604,买盘
10:12:24,104.01,0.0,2,20802,买盘
10:12:26,104.0,-0.01,3,31202,卖盘
10:12:30,104.02,0.02,1,10402,买盘
10:12:33,104.01,-0.01,2,20803,卖盘
10:12:36,104.01,0.0,33,343262,卖盘
10:12:42,104.01,0.0,11,114411,卖盘
10:12:44,104.04,0.03,2,20808,买盘
10:12:48,104.01,-0.03,5,52006,卖盘
10:12:50,104.02,0.01,5,52010,买盘
10:13:00,104.02,0.0,1,10402,卖盘
10:13:24,104.02,0.0,7,72826,卖盘
10:13:27,104.02,0.0,2,20804,买盘
10:13:30,104.02,0.0,1,10402,中性盘
10:13:33,104.01,-0.01,3,31203,卖盘
10:13:35,104.02,0.01,4,41607,买盘
10:13:38,104.02,0.0,9,93618,买盘
10:13:48,104.02,0.0,10,104020,买盘
10:13:51,104.01,-0.01,1,10401,卖盘
10:13:57,104.01,0.0,10,104010,卖盘
10:14:00,104.02,0.01,8,83216,买盘
10:14:03,104.02,0.0,1,10402,买盘
10:14:05,104.01,-0.01,4,41607,卖盘
10:14:08,104.02,0.01,1,10402,卖盘
10:14:12,104.02,0.0,3,31207,卖盘
10:14:14,104.02,0.0,20,208083,卖盘
10:14:17,104.01,-0.01,5,52006,卖盘
10:14:27,104.01,0.0,9,93614,卖盘
10:14:33,104.02,0.01,2,20804,卖盘
10:14:36,104.01,-0.01,3,31206,卖盘
10:14:39,104.04,0.03,1,10404,买盘
10:14:45,104.02,-0.02,3,31207,卖盘
10:14:48,104.02,0.0,2,20804,卖盘
10:14:54,104.03,0.01,23,239299,卖盘
10:15:00,104.03,0.0,5,52015,买盘
10:15:09,104.03,0.0,5,52015,买盘
10:15:20,104.05,0.02,37,384983,买盘
10:15:23,104.04,-0.01,1,10404,买盘
10:15:27,104.03,-0.01,6,62418,卖盘
10:15:30,104.05,0.02,4,41620,买盘
10:15:36,104.03,-0.02,32,332896,卖盘
10:15:39,104.03,0.0,2,20805,买盘
10:15:41,104.02,-0.01,8,83216,卖盘
10:15:48,104.02,0.0,1,10402,卖盘
10:15:54,104.03,0.01,10,104022,买盘
10:15:57,104.02,-0.01,1,10402,卖盘
10:16:03,104.03,0.01,16,166448,买盘
10:16:05,104.03,0.0,2,20806,买盘
10:16:09,104.03,0.0,38,395312,买盘
10:16:17,104.05,0.02,4,41620,买盘
10:16:21,104.02,-0.03,1,10402,卖盘
10:16:24,104.03,0.01,1,10403,买盘
10:16:27,104.03,0.0,2,20807,中性盘
10:16:29,104.03,0.0,10,104030,买盘
10:16:38,104.05,0.02,7,72835,卖盘
10:16:45,104.03,-0.02,3,31209,卖盘
10:16:51,104.03,0.0,5,52015,卖盘
10:16:54,104.05,0.02,1,10405,买盘
10:16:57,104.05,0.0,27,280931,买盘
10:17:00,104.05,0.0,3,31215,中性盘
10:17:02,104.11,0.06,318,3309719,买盘
10:17:06,104.15,0.04,35,364457,买盘
10:17:08,104.15,0.0,20,208287,买盘
10:17:12,104.15,0.0,92,958235,卖盘
10:17:15,104.17,0.02,1,10417,中性盘
10:17:18,104.17,0.0,21,218798,中性盘
10:17:21,104.21,0.04,8,83371,买盘
10:17:24,104.25,0.04,18,187650,买盘
10:17:27,104.25,0.0,6,62550,中性盘
10:17:30,104.27,0.02,3,31280,买盘
10:17:32,104.25,-0.02,3,36182,卖盘
10:17:36,104.28,0.03,8,83424,买盘
10:17:42,104.26,-0.02,9,93834,卖盘
10:17:45,104.28,0.02,24,250266,买盘
10:17:48,104.3,0.02,17,177306,买盘
10:17:51,104.27,-0.03,3,31282,卖盘
10:18:02,104.29,0.02,14,146000,买盘
10:18:06,104.28,-0.01,28,291984,卖盘
10:18:09,104.3,0.02,14,146006,买盘
10:18:12,104.29,-0.01,7,72998,中性盘
10:18:14,104.29,0.0,1,10429,中性盘
10:18:17,104.3,0.01,25,260750,买盘
10:18:21,104.28,-0.02,3,31285,卖盘
10:18:23,104.3,0.02,6,62576,买盘
10:18:27,104.3,0.0,2,20860,买盘
10:18:29,104.28,-0.02,23,239847,卖盘
10:18:33,104.25,-0.03,17,172379,卖盘
10:18:39,104.28,0.03,1,10428,买盘
10:18:42,104.28,0.0,4,41712,卖盘
10:18:47,104.25,-0.03,3,31275,卖盘
10:18:51,104.26,0.01,6,62566,卖盘
10:18:53,104.28,0.02,2,20856,买盘
10:18:57,104.25,-0.03,4,41703,卖盘
10:19:00,104.26,0.01,5,52123,买盘
10:19:03,104.27,0.01,4,41708,买盘
10:19:06,104.27,0.0,1,10427,中性盘
10:19:09,104.28,0.01,7,72987,买盘
10:19:12,104.26,-0.02,4,41708,卖盘
10:19:15,104.27,0.01,8,83409,中性盘
10:19:24,104.27,0.0,1,10427,卖盘
10:19:27,104.27,0.0,4,41708,卖盘
10:19:30,104.27,0.0,1,10427,卖盘
10:19:32,104.28,0.01,13,135554,买盘
10:19:36,104.27,-0.01,2,20854,卖盘
10:19:39,104.27,0.0,2,20854,买盘
10:19:42,104.26,-0.01,16,166816,卖盘
10:19:45,104.27,0.01,23,239813,买盘
10:19:47,104.26,-0.01,2,20852,卖盘
10:19:50,104.26,0.0,3,31278,卖盘
10:19:54,104.26,0.0,6,62559,卖盘
10:19:57,104.26,0.0,2,20852,卖盘
10:20:00,104.26,0.0,7,72982,卖盘
10:20:03,104.26,0.0,27,281507,卖盘
10:20:06,104.26,0.0,19,198094,卖盘
10:20:08,104.27,0.01,9,93836,买盘
10:20:11,104.25,-0.02,5,52129,卖盘
10:20:18,104.24,-0.01,3,31272,卖盘
10:20:21,104.24,0.0,1,10424,卖盘
10:20:27,104.24,0.0,2,20848,卖盘
10:20:29,104.25,0.01,1,10425,买盘
10:20:36,104.24,-0.01,5,52120,卖盘
10:20:39,104.24,0.0,3,31272,卖盘
10:20:42,104.24,0.0,13,135520,卖盘
10:20:48,104.24,0.0,5,52120,买盘
10:20:51,104.2,-0.04,1,10420,卖盘
10:20:54,104.2,0.0,9,93780,卖盘
10:20:57,104.19,-0.01,3,31255,中性盘
10:21:00,104.19,0.0,4,41674,买盘
10:21:08,104.18,-0.01,4,41673,卖盘
10:21:12,104.18,0.0,2,20836,卖盘
10:21:14,104.18,0.0,23,239614,卖盘
10:21:18,104.17,-0.01,12,125004,卖盘
10:21:21,104.17,0.0,10,104170,卖盘
10:21:24,104.17,0.0,16,166671,卖盘
10:21:27,104.13,-0.04,10,104130,卖盘
10:21:29,104.1,-0.03,1,13223,卖盘
10:21:32,104.13,0.03,1,10413,买盘
10:21:39,104.1,-0.03,9,93692,卖盘
10:21:42,104.1,0.0,1,10410,卖盘
10:21:44,104.05,-0.05,7,72854,卖盘
10:21:48,104.09,0.04,1,10409,中性盘
10:21:50,104.05,-0.04,3,31215,卖盘
10:21:57,104.05,0.0,10,104038,卖盘
10:22:00,104.05,0.0,7,70026,买盘
10:22:03,104.05,0.0,1,13214,买盘
10:22:09,104.09,0.04,2,20819,中性盘
10:22:15,104.07,-0.02,16,166535,卖盘
10:22:18,104.09,0.02,3,31223,买盘
10:22:21,104.09,0.0,6,62454,买盘
10:22:24,104.1,0.01,11,114486,卖盘
10:22:26,104.09,-0.01,4,41637,中性盘
10:22:33,104.08,-0.01,18,187359,卖盘
10:22:36,104.08,0.0,3,31224,买盘
10:22:38,104.08,0.0,20,208160,买盘
10:22:41,104.09,0.01,18,187362,买盘
10:22:45,104.13,0.04,14,145764,买盘
10:22:51,104.12,-0.01,14,145762,买盘
10:22:58,104.13,0.01,2,20826,买盘
10:23:00,104.13,0.0,8,83304,买盘
10:23:04,104.13,0.0,1,10413,买盘
10:23:06,104.12,-0.01,6,62473,卖盘
10:23:09,104.12,0.0,2,20824,卖盘
10:23:11,104.14,0.02,1,10414,中性盘
10:23:14,104.17,0.03,13,135401,买盘
10:23:18,104.13,-0.04,15,156222,卖盘
10:23:23,104.17,0.04,15,156235,买盘
10:23:26,104.16,-0.01,4,41666,卖盘
10:23:30,104.16,0.0,1,10416,卖盘
10:23:32,104.17,0.01,7,72918,买盘
10:23:36,104.15,-0.02,16,166650,卖盘
10:23:38,104.16,0.01,1,10416,卖盘
10:23:42,104.18,0.02,4,41672,买盘
10:23:44,104.17,-0.01,3,31251,买盘
10:23:48,104.17,0.0,2,20833,买盘
10:23:51,104.16,-0.01,1,10416,卖盘
10:23:59,104.18,0.02,15,156270,买盘
10:24:02,104.2,0.02,27,281299,买盘
10:24:09,104.22,0.02,2,20844,买盘
10:24:15,104.2,-0.02,16,166735,卖盘
10:24:18,104.25,0.05,9,93806,买盘
10:24:23,104.2,-0.05,5,52102,卖盘
10:24:27,104.21,0.01,2,20842,中性盘
10:24:33,104.2,-0.01,8,83361,卖盘
10:24:36,104.2,0.0,13,135462,卖盘
10:24:42,104.18,-0.02,6,62508,卖盘
10:24:45,104.18,0.0,24,248886,卖盘
10:24:50,104.18,0.0,2,20836,卖盘
10:24:54,104.19,0.01,1,10419,卖盘
10:24:56,104.17,-0.02,16,170022,卖盘
10:25:00,104.17,0.0,4,41668,卖盘
10:25:02,104.16,-0.01,1,10417,买盘
10:25:08,104.17,0.01,1,10417,卖盘
10:25:12,104.18,0.01,2,20836,买盘
10:25:15,104.16,-0.02,14,145837,卖盘
10:25:18,104.16,0.0,4,39476,卖盘
10:25:20,104.16,0.0,1,12604,卖盘
10:25:24,104.16,0.0,2,20832,卖盘
10:25:27,104.14,-0.02,27,278994,卖盘
10:25:30,104.14,0.0,72,751992,买盘
10:25:33,104.14,0.0,1,8227,买盘
10:25:36,104.17,0.03,7,75104,买盘
10:25:38,104.17,0.0,2,20834,卖盘
10:25:47,104.18,0.01,6,62506,买盘
10:25:50,104.17,-0.01,33,341596,卖盘
10:25:53,104.09,-0.08,4,41642,卖盘
10:25:57,104.17,0.08,6,62457,买盘
10:25:59,104.07,-0.1,2,20814,卖盘
10:26:02,104.07,0.0,2,20815,卖盘
10:26:06,104.07,0.0,4,41628,卖盘
10:26:09,104.15,0.08,7,72891,中性盘
10:26:15,104.08,-0.07,1,10408,卖盘
10:26:21,104.13,0.05,1,10413,中性盘
10:26:30,104.17,0.04,20,208314,买盘
10:26:32,104.13,-0.04,2,20826,卖盘
10:26:39,104.13,0.0,16,166618,卖盘
10:26:42,104.13,0.0,2,20826,卖盘
10:26:48,104.1,-0.03,1,10410,卖盘
10:26:50,104.13,0.03,10,104130,买盘
10:26:54,104.1,-0.03,14,145741,卖盘
10:26:57,104.09,-0.01,5,52041,买盘
10:26:59,104.08,-0.01,1,10408,卖盘
10:27:06,104.08,0.0,8,83266,卖盘
10:27:12,104.08,0.0,18,187345,卖盘
10:27:18,104.08,0.0,1,10408,卖盘
10:27:21,104.08,0.0,3,31226,卖盘
10:27:24,104.08,0.0,6,62448,卖盘
10:27:27,104.08,0.0,7,72856,卖盘
10:27:30,104.07,-0.01,4,41628,卖盘
10:27:33,104.08,0.01,3,31223,买盘
10:27:38,104.06,-0.02,2,20812,卖盘
10:27:41,104.06,0.0,1,10406,卖盘
10:27:48,104.06,0.0,3,31218,卖盘
10:27:51,104.08,0.02,32,333056,买盘
10:27:54,104.07,-0.01,2,20814,买盘
10:27:57,104.06,-0.01,1,10406,卖盘
10:28:03,104.07,0.01,2,20814,买盘
10:28:09,104.08,0.01,1,10408,买盘
10:28:12,104.08,0.0,3,31222,买盘
10:28:17,104.08,0.0,4,41632,买盘
10:28:21,104.08,0.0,27,281016,买盘
10:28:24,104.15,0.07,94,978607,买盘
10:28:27,104.1,-0.05,6,62464,卖盘
10:28:39,104.15,0.05,17,177055,买盘
10:28:43,104.17,0.02,16,166658,买盘
10:28:45,104.15,-0.02,6,62500,中性盘
10:28:48,104.18,0.03,23,239595,买盘
10:28:51,104.12,-0.06,3,31248,卖盘
10:28:53,104.15,0.03,1,10415,中性盘
10:29:00,104.15,0.0,5,52075,买盘
10:29:06,104.19,0.04,3,31257,卖盘
10:29:09,104.19,0.0,9,93769,买盘
10:29:12,104.18,-0.01,4,41672,卖盘
10:29:14,104.19,0.01,1,12607,卖盘
10:29:18,104.18,-0.01,19,197950,卖盘
10:29:20,104.2,0.02,36,375118,买盘
10:29:36,104.17,-0.03,7,70736,卖盘
10:29:41,104.17,0.0,2,20834,买盘
10:29:45,104.17,0.0,10,104170,买盘
10:29:48,104.12,-0.05,3,31236,卖盘
10:29:50,104.17,0.05,15,156254,买盘
10:29:54,104.2,0.03,15,156273,买盘
10:30:00,104.19,-0.01,5,52086,卖盘
10:30:03,104.18,-0.01,20,208365,买盘
10:30:06,104.12,-0.06,17,177028,卖盘
10:30:08,104.19,0.07,1,10419,中性盘
10:30:12,104.2,0.01,21,218811,买盘
10:30:21,104.2,0.0,3,31260,买盘
10:30:24,104.15,-0.05,2,20830,卖盘
10:30:28,104.2,0.05,2,20840,买盘
10:30:33,104.2,0.0,1,10420,买盘
10:30:36,104.15,-0.05,4,41660,卖盘
10:30:39,104.15,0.0,7,72905,卖盘
10:30:45,104.15,0.0,2,20830,卖盘
10:30:48,104.08,-0.07,8,83330,卖盘
10:30:51,104.2,0.12,2,20828,买盘
10:30:54,104.08,-0.12,4,41632,卖盘
10:30:57,104.14,0.06,7,72862,中性盘
10:31:00,104.15,0.01,1,10415,买盘
10:31:03,104.2,0.05,10,104200,买盘
10:31:05,104.21,0.01,6,62514,买盘
10:31:09,104.08,-0.13,18,187480,卖盘
10:31:13,104.08,0.0,6,62448,卖盘
10:31:21,104.08,0.0,4,41632,卖盘
10:31:24,104.08,0.0,3,31224,卖盘
10:31:30,104.2,0.12,1,10420,买盘
10:31:33,104.09,-0.11,1,10409,卖盘
10:31:39,104.2,0.11,10,104101,买盘
10:31:43,104.1,-0.1,3,31230,买盘
10:31:48,104.1,0.0,4,41648,卖盘
10:31:50,104.1,0.0,4,41640,卖盘
10:31:54,104.2,0.1,2,20830,买盘
10:31:57,104.1,-0.1,3,31230,卖盘
10:32:00,104.09,-0.01,3,31229,卖盘
10:32:03,104.1,0.01,15,156264,中性盘
10:32:06,104.1,0.0,4,41640,卖盘
10:32:09,104.1,0.0,2,20820,卖盘
10:32:13,104.09,-0.01,7,72866,卖盘
10:32:14,104.1,0.01,4,41640,卖盘
10:32:18,104.19,0.09,27,281313,买盘
10:32:24,104.1,-0.09,1,10410,卖盘
10:32:39,104.1,0.0,4,41640,卖盘
10:32:43,104.1,0.0,15,156150,卖盘
10:32:45,104.1,0.0,5,52050,中性盘
10:32:48,104.13,0.03,1,10413,卖盘
10:32:54,104.18,0.05,7,72927,买盘
10:32:57,104.19,0.01,9,93771,买盘
10:33:00,104.18,-0.01,2,20836,卖盘
10:33:03,104.21,0.03,21,218826,买盘
10:33:06,104.22,0.01,19,198000,买盘
10:33:09,104.23,0.01,36,375210,买盘
10:33:13,104.22,-0.01,2,20845,中性盘
10:33:17,104.24,0.02,15,156350,买盘
10:33:21,104.21,-0.03,6,62541,卖盘
10:33:26,104.25,0.04,17,177199,买盘
10:33:29,104.22,-0.03,1,10422,中性盘
10:33:33,104.18,-0.04,1,16255,卖盘
10:33:36,104.21,0.03,3,31271,卖盘
10:33:39,104.21,0.0,4,41684,卖盘
10:33:45,104.21,0.0,8,83368,卖盘
10:33:48,104.22,0.01,13,135476,买盘
10:33:54,104.22,0.0,1,10422,中性盘
10:33:57,104.21,-0.01,15,156316,卖盘
10:34:00,104.21,0.0,19,198001,卖盘
10:34:03,104.18,-0.03,30,312540,卖盘
10:34:06,104.18,0.0,3,31255,卖盘
10:34:09,104.23,0.05,6,62519,买盘
10:34:18,104.23,0.0,8,83367,买盘
10:34:21,104.18,-0.05,1,10418,卖盘
10:34:23,104.18,0.0,10,104180,卖盘
10:34:30,104.18,0.0,2,20837,卖盘
10:34:39,104.18,0.0,6,62523,卖盘
10:34:42,104.18,0.0,5,52099,卖盘
10:34:45,104.18,0.0,85,885530,卖盘
10:34:48,104.13,-0.05,7,67082,卖盘
10:35:00,104.12,0.0,2,15000,买盘
10:35:03,104.08,-0.04,9,93704,卖盘
10:35:06,104.12,0.04,24,249888,买盘
10:35:12,104.08,-0.04,3,31224,卖盘
10:35:15,104.11,0.03,1,10411,买盘
10:35:18,104.08,-0.03,1,10408,卖盘
10:35:21,104.12,0.04,2,20823,买盘
10:35:24,104.12,0.0,8,83288,买盘
10:35:28,104.12,0.0,8,89128,买盘
10:35:33,104.0,-0.12,35,364211,卖盘
10:35:36,104.0,0.0,47,488832,卖盘
10:35:43,104.0,0.0,3,31208,卖盘
10:35:45,104.0,0.0,9,93610,卖盘
10:35:48,104.05,0.05,2,20810,买盘
10:35:51,104.0,-0.05,4,41605,卖盘
10:35:54,104.05,0.05,2,20810,买盘
10:35:59,104.05,0.0,2,20810,买盘
10:36:03,104.0,-0.05,21,218405,卖盘
10:36:06,104.05,0.05,51,530649,买盘
10:36:09,104.05,0.0,15,156057,卖盘
10:36:13,104.12,0.07,13,135356,买盘
10:36:15,104.14,0.02,55,572295,中性盘
10:36:18,104.05,-0.09,1,10405,卖盘
10:36:21,104.18,0.13,10,104128,买盘
10:36:28,104.19,0.01,1,10419,买盘
10:36:30,104.19,0.0,3,31230,买盘
10:36:36,104.19,0.0,1,10419,买盘
10:36:39,104.19,0.0,3,31231,买盘
10:36:48,104.18,-0.01,10,104101,买盘
10:36:51,104.07,-0.11,2,20814,中性盘
10:36:58,104.06,-0.01,3,31218,卖盘
10:37:00,104.15,0.09,1,10415,买盘
10:37:12,104.15,0.0,5,52074,买盘
10:37:21,104.07,-0.08,1,10407,卖盘
10:37:24,104.14,0.07,1,10414,买盘
10:37:28,104.14,0.0,28,291592,买盘
10:37:33,104.19,0.05,76,791627,买盘
10:37:37,104.2,0.01,56,583515,买盘
10:37:43,104.22,0.02,3,31264,买盘
10:37:45,104.2,-0.02,2,20841,中性盘
10:37:48,104.22,0.02,8,83376,买盘
10:37:51,104.15,-0.07,7,72905,卖盘
10:37:58,104.22,0.07,30,304843,买盘
10:38:03,104.22,0.01,16,166747,买盘
10:38:06,104.21,-0.01,3,31263,中性盘
10:38:09,104.22,0.01,2,20845,中性盘
10:38:13,104.21,-0.01,5,52105,卖盘
10:38:18,104.21,0.0,14,145904,卖盘
10:38:21,104.21,0.0,5,52105,卖盘
10:38:27,104.22,0.01,5,52110,买盘
10:38:30,104.21,-0.01,5,52106,卖盘
10:38:33,104.22,0.01,17,177174,买盘
10:38:36,104.21,-0.01,2,20842,卖盘
10:38:39,104.21,0.0,13,135473,卖盘
10:38:42,104.21,0.0,1,10421,卖盘
10:38:45,104.21,0.0,3,31263,卖盘
10:38:48,104.21,0.0,1,10421,卖盘
10:38:51,104.21,0.0,17,177157,卖盘
10:38:53,104.22,0.01,4,41686,买盘
10:38:57,104.21,-0.01,2,20842,卖盘
10:39:01,104.21,0.0,2,20842,卖盘
10:39:06,104.22,0.01,84,875445,买盘
10:39:09,104.21,-0.01,21,218842,卖盘
10:39:15,104.21,0.0,11,114631,买盘
10:39:21,104.15,-0.06,2,20836,卖盘
10:39:33,104.15,0.0,1,10415,卖盘
10:39:51,104.22,0.07,57,593967,买盘
10:39:54,104.22,0.0,13,135486,卖盘
10:39:58,104.23,0.01,5,52115,买盘
10:40:06,104.23,0.0,3,31269,买盘
10:40:09,104.23,0.0,71,740036,买盘
10:40:13,104.24,0.01,9,93813,买盘
10:40:16,104.25,0.01,95,990398,买盘
10:40:18,104.26,0.01,2,20850,买盘
10:40:24,104.26,0.0,2,20852,买盘
10:40:28,104.27,0.01,65,677763,买盘
10:40:30,104.25,-0.02,18,187697,卖盘
10:40:33,104.39,0.14,415,4328626,买盘
10:40:36,104.4,0.01,31,323637,买盘
10:40:39,104.43,0.03,28,292343,买盘
10:40:43,104.43,0.0,4,41774,中性盘
10:40:46,104.44,0.01,1,10444,买盘
10:40:51,104.44,0.0,6,62659,买盘
10:40:54,104.44,0.0,11,114855,买盘
10:41:03,104.43,-0.01,2,20885,买盘
10:41:06,104.44,0.01,7,73107,买盘
10:41:10,104.44,0.0,1,10444,买盘
10:41:12,104.43,-0.01,7,73102,买盘
10:41:15,104.44,0.01,27,281985,买盘
10:41:18,104.45,0.01,12,125324,买盘
10:41:30,104.44,-0.01,3,31332,买盘
10:41:36,104.44,0.0,13,135772,买盘
10:41:40,104.44,0.0,2,20888,卖盘
10:41:42,104.44,0.0,7,73109,卖盘
10:41:46,104.44,0.0,3,31332,卖盘
10:41:48,104.44,0.0,4,41776,卖盘
10:41:51,104.45,0.01,5,52225,买盘
10:41:55,104.45,0.0,30,313342,买盘
10:41:57,104.45,0.0,1,10445,买盘
10:42:00,104.45,0.0,3,31334,买盘
10:42:03,104.44,-0.01,11,114886,卖盘
10:42:06,104.44,0.0,32,334237,卖盘
10:42:10,104.44,0.0,2,20889,卖盘
10:42:13,104.44,0.0,1,10444,卖盘
10:42:18,104.44,0.0,4,41776,卖盘
10:42:21,104.44,0.0,1,10444,卖盘
10:42:24,104.44,0.0,2,20888,卖盘
10:42:28,104.45,0.01,2,20889,买盘
10:42:30,104.44,-0.01,35,365540,卖盘
10:42:33,104.44,0.0,30,313320,卖盘
10:42:36,104.39,-0.05,29,302819,卖盘
10:42:39,104.35,-0.04,4,41740,卖盘
10:42:43,104.24,-0.11,14,146058,卖盘
10:42:45,104.35,0.11,4,41740,中性盘
10:42:48,104.22,-0.13,7,73001,卖盘
10:42:54,104.22,0.0,8,83376,卖盘
10:42:58,104.22,0.0,7,72954,卖盘
10:43:01,104.22,0.0,4,41688,卖盘
10:43:06,104.22,0.0,1,10422,卖盘
10:43:09,104.22,0.0,2,20844,卖盘
10:43:21,104.22,0.0,2,20844,卖盘
10:43:27,104.22,0.0,1,10422,卖盘
10:43:33,104.22,0.0,1,10422,卖盘
10:43:36,104.22,0.0,4,41698,卖盘
10:43:57,104.15,-0.07,8,83326,卖盘
10:44:00,104.15,0.0,15,156225,卖盘
10:44:06,104.15,0.0,1,10415,卖盘
10:44:09,104.15,0.0,2,20830,卖盘
10:44:16,104.2,0.05,1,10420,买盘
10:44:21,104.16,-0.04,19,197904,中性盘
10:44:24,104.2,0.04,2,20840,买盘
10:44:30,104.2,0.0,4,41680,买盘
10:44:33,104.16,-0.04,1,10416,卖盘
10:44:36,104.16,0.0,2,20832,卖盘
10:44:42,104.16,0.0,20,208352,卖盘
10:44:46,104.16,0.0,9,93744,卖盘
10:44:55,104.16,0.0,3,31248,卖盘
10:45:00,104.16,0.0,7,72912,卖盘
10:45:03,104.16,0.0,2,20832,卖盘
10:45:06,104.16,0.0,2,20832,卖盘
10:45:13,104.16,0.0,4,41664,卖盘
10:45:24,104.16,0.0,1,10416,卖盘
10:45:30,104.16,0.0,7,72912,卖盘
10:45:33,104.16,0.0,3,31248,卖盘
10:45:36,104.19,0.03,55,573046,买盘
10:45:42,104.21,0.02,4,41683,买盘
10:45:46,104.19,-0.02,14,145881,卖盘
10:45:48,104.22,0.03,31,322992,买盘
10:45:51,104.22,0.0,9,93798,买盘
10:45:54,104.19,-0.03,10,104214,卖盘
10:45:57,104.19,0.0,2,20838,卖盘
10:46:00,104.2,0.01,7,72942,中性盘
10:46:03,104.22,0.02,3,31262,中性盘
10:46:06,104.22,0.0,1,10422,买盘
10:46:16,104.25,0.03,5,52122,买盘
10:46:21,104.25,0.0,2,20850,买盘
10:46:24,104.24,-0.01,3,31272,中性盘
10:46:27,104.23,-0.01,4,41713,中性盘
10:46:31,104.22,-0.01,26,270974,卖盘
10:46:33,104.34,0.12,12,125204,买盘
10:46:36,104.23,-0.11,2,15843,卖盘
10:46:39,104.23,0.0,1,15426,买盘
10:46:46,104.2,-0.03,21,213948,卖盘
10:46:48,104.34,0.14,27,281481,买盘
10:46:54,104.2,-0.14,2,20840,卖盘
10:46:58,104.2,0.0,3,31260,卖盘
10:47:03,104.2,0.0,10,104200,卖盘
10:47:07,104.21,0.01,4,41684,买盘
10:47:09,104.2,-0.01,2,20840,卖盘
10:47:13,104.19,-0.01,4,41678,卖盘
10:47:15,104.2,0.01,22,229250,买盘
10:47:18,104.2,0.0,1,10420,卖盘
10:47:21,104.2,0.0,1,10420,卖盘
10:47:27,104.2,0.0,1,10420,中性盘
10:47:33,104.22,0.02,16,166737,买盘
10:47:37,104.22,0.0,3,31265,买盘
10:47:39,104.21,-0.01,4,41689,卖盘
10:47:46,104.21,0.0,6,62537,卖盘
10:47:48,104.21,0.0,8,83368,买盘
10:47:51,104.2,-0.01,6,62525,卖盘
10:47:57,104.21,0.01,2,20842,买盘
10:48:00,104.21,0.0,3,31263,买盘
10:48:03,104.19,-0.02,17,177138,卖盘
10:48:06,104.2,0.01,1,10420,中性盘
10:48:09,104.21,0.01,1,10421,买盘
10:48:13,104.2,-0.01,1,10420,卖盘
10:48:16,104.21,0.01,3,31263,买盘
10:48:24,104.2,-0.01,3,31263,卖盘
10:48:33,104.2,0.0,7,72980,卖盘
10:48:39,104.21,0.01,1,10421,卖盘
10:48:46,104.28,0.07,8,83426,买盘
10:48:48,104.21,-0.07,1,10421,卖盘
10:48:51,104.21,0.0,9,93789,卖盘
10:49:00,104.25,0.04,2,20851,卖盘
10:49:03,104.3,0.05,16,166878,买盘
10:49:06,104.22,-0.08,8,83400,卖盘
10:49:10,104.2,-0.02,2,20842,卖盘
10:49:13,104.2,0.0,3,31262,卖盘
10:49:16,104.22,0.02,3,31267,卖盘
10:49:21,104.22,0.0,3,31266,卖盘
10:49:24,104.22,0.0,1,10422,卖盘
10:49:33,104.22,0.0,2,20844,卖盘
10:49:39,104.22,0.0,1,10422,卖盘
10:49:46,104.2,-0.02,15,156320,卖盘
10:49:51,104.2,0.0,10,104206,卖盘
10:50:03,104.2,0.0,8,83360,卖盘
10:50:06,104.2,0.0,12,125040,卖盘
10:50:10,104.19,-0.01,3,36259,卖盘
10:50:13,104.19,0.0,2,20838,买盘
10:50:16,104.18,-0.01,1,10418,卖盘
10:50:21,104.21,0.03,15,156282,买盘
10:50:28,104.18,-0.03,1,10418,卖盘
10:50:33,104.18,0.0,4,41672,卖盘
10:50:36,104.19,0.01,2,20838,买盘
10:50:48,104.18,-0.01,2,20836,卖盘
10:50:54,104.18,0.0,10,104180,卖盘
10:51:00,104.18,0.0,1,10418,卖盘
10:51:03,104.18,0.0,10,104180,卖盘
10:51:06,104.19,0.01,1,10419,买盘
10:51:09,104.18,-0.01,7,72926,卖盘
10:51:13,104.18,0.0,5,52090,卖盘
10:51:16,104.18,0.0,9,93762,卖盘
10:51:21,104.19,0.01,31,322988,买盘
10:51:24,104.18,-0.01,4,41672,卖盘
10:51:30,104.19,0.01,11,114609,买盘
10:51:33,104.19,0.0,5,52093,买盘
10:51:36,104.2,0.01,33,343828,买盘
10:51:39,104.18,-0.02,4,41676,卖盘
10:51:43,104.18,0.0,3,31254,卖盘
10:51:51,104.21,0.03,3,31261,买盘
10:51:54,104.19,-0.02,7,72939,卖盘
10:51:58,104.19,0.0,8,83346,买盘
10:52:06,104.2,0.01,1,10420,卖盘
10:52:10,104.2,0.0,7,72946,卖盘
10:52:13,104.18,-0.02,12,125030,卖盘
10:52:21,104.2,0.02,4,41683,卖盘
10:52:24,104.2,0.0,1,10420,卖盘
10:52:31,104.2,0.0,1,10420,卖盘
10:52:46,104.21,0.01,5,52105,买盘
10:52:54,104.22,0.01,10,104220,买盘
10:52:58,104.22,0.0,10,104220,卖盘
10:53:10,104.23,0.01,1,10423,买盘
10:53:13,104.22,-0.01,9,93798,卖盘
10:53:16,104.22,0.0,5,52110,卖盘
10:53:18,104.22,0.0,1,10422,卖盘
10:53:21,104.22,0.0,2,20844,卖盘
10:53:24,104.21,-0.01,14,145906,卖盘
10:53:33,104.22,0.01,8,83373,买盘
10:53:36,104.26,0.04,5,52115,买盘
10:53:39,104.26,0.0,1,10426,买盘
10:53:46,104.21,-0.05,29,302254,卖盘
10:53:48,104.17,-0.04,76,791980,卖盘
10:53:55,104.17,0.0,10,104164,卖盘
10:53:57,104.16,-0.01,10,104161,卖盘
10:54:00,104.16,0.0,2,20832,卖盘
10:54:03,104.22,0.06,53,552287,买盘
10:54:09,104.22,0.0,4,41688,卖盘
10:54:13,104.16,-0.06,14,145866,卖盘
10:54:16,104.22,0.06,3,31266,买盘
10:54:18,104.17,-0.05,12,124992,中性盘
10:54:21,104.15,-0.02,14,145812,卖盘
10:54:24,104.15,0.0,1,10415,卖盘
10:54:27,104.15,0.0,2,20830,卖盘
10:54:31,104.15,0.0,13,135395,卖盘
10:54:33,104.15,0.0,5,52075,卖盘
10:54:36,104.0,-0.15,51,530624,卖盘
10:54:39,104.15,0.15,1,10415,卖盘
10:54:46,104.15,0.0,6,62440,买盘
10:54:54,104.01,-0.14,2,20802,卖盘
10:54:58,104.01,0.0,2,20802,买盘
10:55:00,103.99,-0.02,9,93599,卖盘
10:55:06,104.0,0.01,4,41600,卖盘
10:55:10,104.0,0.0,2,20800,卖盘
10:55:13,104.0,0.0,8,83200,卖盘
10:55:15,103.9,-0.1,7,72730,卖盘
10:55:18,103.88,-0.02,4,41556,卖盘
10:55:21,103.89,0.01,1,4987,卖盘
10:55:24,103.9,0.01,17,176630,买盘
10:55:28,103.89,-0.01,34,353404,卖盘
10:55:33,103.88,-0.01,17,176612,卖盘
10:55:36,103.89,0.01,4,41556,买盘
10:55:39,103.86,-0.03,20,207777,卖盘
10:55:46,103.86,0.0,1,15786,卖盘
10:55:51,103.8,-0.06,6,62283,卖盘
10:55:54,103.8,0.0,4,41520,卖盘
10:55:58,103.8,0.0,15,155705,卖盘
10:56:01,103.8,0.0,13,134940,卖盘
10:56:03,103.8,0.0,3,31140,卖盘
10:56:06,103.8,0.0,10,103800,卖盘
10:56:09,103.8,0.0,2,20760,卖盘
10:56:16,103.85,0.05,14,145345,买盘
10:56:24,103.81,-0.04,3,31143,卖盘
10:56:27,103.85,0.04,20,207700,买盘
10:56:30,103.85,0.0,6,62310,买盘
10:56:36,103.81,-0.04,1,10381,卖盘
10:56:48,103.81,0.0,1,10381,卖盘
10:56:54,103.81,0.0,14,145335,卖盘
10:56:58,103.83,0.02,6,62288,买盘
10:57:03,103.81,-0.02,29,301056,卖盘
10:57:06,104.01,0.2,19,197550,买盘
10:57:09,103.82,-0.19,9,93443,卖盘
10:57:13,104.01,0.19,2,20801,买盘
10:57:15,104.01,0.0,3,31203,买盘
10:57:18,104.12,0.11,8,83219,买盘
10:57:30,104.11,-0.01,1,10411,买盘
10:57:43,104.11,0.0,2,20822,买盘
10:57:54,104.01,-0.1,2,20802,卖盘
10:58:01,104.01,0.0,1,10401,卖盘
10:58:03,104.01,0.0,9,93609,卖盘
10:58:06,103.87,-0.14,34,353620,卖盘
10:58:15,103.83,-0.04,3,31149,卖盘
10:58:18,103.87,0.04,1,10387,买盘
10:58:21,103.87,0.0,11,114225,买盘
10:58:27,104.0,0.13,1,10400,买盘
10:58:30,104.0,0.0,10,103999,买盘
10:58:46,103.98,-0.02,25,259741,买盘
10:58:48,103.87,-0.11,1,10387,卖盘
10:58:55,103.98,0.11,7,72786,买盘
10:58:57,103.98,0.0,27,280755,卖盘
10:59:03,103.98,0.0,5,51990,卖盘
10:59:18,103.98,0.0,9,93582,卖盘
10:59:21,103.98,0.0,7,72786,卖盘
10:59:24,103.99,0.01,1,10399,买盘
10:59:33,103.99,0.0,1,10399,买盘
10:59:36,103.99,0.0,22,228777,买盘
10:59:54,103.99,0.0,1,10399,买盘
11:00:03,103.99,0.0,5,51995,买盘
11:00:06,103.99,0.0,5,51992,买盘
11:00:16,103.98,-0.01,42,436717,卖盘
11:00:21,103.87,-0.11,7,72709,卖盘
11:00:24,103.86,-0.01,60,623186,卖盘
11:00:31,103.86,0.0,41,425826,买盘
11:00:33,103.8,-0.06,25,259526,卖盘
11:00:36,103.86,0.06,1,10386,买盘
11:00:51,103.8,-0.06,5,51900,卖盘
11:00:57,103.81,0.01,37,384061,买盘
11:01:00,103.8,-0.01,7,72660,卖盘
11:01:03,103.79,-0.01,26,269860,卖盘
11:01:06,103.81,0.02,11,114188,买盘
11:01:15,103.79,-0.02,2,20758,卖盘
11:01:18,103.8,0.01,20,207600,买盘
11:01:21,103.79,-0.01,12,124550,卖盘
11:01:24,103.75,-0.04,13,134879,卖盘
11:01:27,103.68,-0.07,5,51850,卖盘
11:01:33,103.66,-0.02,10,103674,卖盘
11:01:36,103.68,0.02,10,103670,中性盘
11:01:40,103.75,0.07,1,10375,中性盘
11:01:42,103.79,0.04,5,51879,买盘
11:01:46,103.68,-0.11,4,41474,卖盘
11:02:00,103.7,0.02,1,10370,买盘
11:02:03,103.69,-0.01,1,10369,卖盘
11:02:06,103.7,0.01,29,300729,买盘
11:02:09,103.7,0.0,4,41480,买盘
11:02:16,103.69,-0.01,3,31108,卖盘
11:02:18,103.75,0.06,2,20750,买盘
11:02:21,103.85,0.1,30,311420,买盘
11:02:24,103.69,-0.16,7,72583,卖盘
11:02:27,103.69,0.0,3,31107,卖盘
11:02:33,103.79,0.1,2,20758,卖盘
11:02:36,103.85,0.06,5,51925,买盘
11:02:46,103.85,0.0,17,176545,买盘
11:02:54,103.79,-0.06,3,31137,卖盘
11:02:57,103.85,0.06,2,20769,买盘
11:03:13,103.8,-0.05,3,31140,卖盘
11:03:21,103.8,0.0,1,10380,卖盘
11:03:25,103.84,0.04,1,10384,买盘
11:03:28,103.8,-0.04,7,72660,卖盘
11:03:30,103.8,0.0,10,103800,卖盘
11:03:33,103.8,0.0,8,83040,买盘
11:03:40,103.7,-0.1,33,342410,卖盘
11:03:48,103.79,0.09,18,186822,卖盘
11:03:51,103.79,0.0,1,4567,中性盘
11:03:54,103.7,-0.09,5,57662,买盘
11:03:57,103.7,0.0,1,10370,买盘
11:04:05,103.7,0.0,8,77153,买盘
11:04:10,103.7,0.0,3,31110,买盘
11:04:12,103.69,-0.01,7,78392,买盘
11:04:15,103.69,0.0,131,1358339,买盘
11:04:18,103.69,0.0,3,25300,卖盘
11:04:25,103.69,0.0,7,72594,卖盘
11:04:27,103.69,0.0,9,93321,卖盘
11:04:30,103.8,0.11,5,51900,买盘
11:04:36,103.69,-0.11,3,31109,卖盘
11:04:40,103.8,0.11,1,10380,买盘
11:04:46,103.69,-0.11,2,20738,卖盘
11:05:03,103.7,0.01,2,20740,卖盘
11:05:30,103.8,0.1,9,93360,买盘
11:05:33,103.8,0.0,1,10380,买盘
11:05:40,103.8,0.0,2,20760,买盘
11:05:42,103.8,0.0,24,249120,买盘
11:05:45,103.8,0.0,30,311400,买盘
11:05:48,103.81,0.01,29,301021,中性盘
11:05:50,103.81,0.0,3,31143,卖盘
11:05:54,103.85,0.04,28,290779,买盘
11:05:58,103.85,0.0,8,83080,买盘
11:06:01,103.86,0.01,22,228475,买盘
11:06:03,103.9,0.04,43,446299,买盘
11:06:06,103.97,0.07,16,166293,买盘
11:06:15,103.98,0.01,1,10398,买盘
11:06:18,103.86,-0.12,17,176768,卖盘
11:06:24,104.0,0.14,6,62400,买盘
11:06:30,103.86,-0.14,7,72714,卖盘
11:06:36,103.86,0.0,2,20772,卖盘
11:06:45,103.86,0.0,9,93558,卖盘
11:06:54,103.86,0.0,3,31158,卖盘
11:07:03,104.0,0.14,7,72800,买盘
11:07:18,103.84,-0.16,13,135016,卖盘
11:07:21,103.8,-0.04,2,20760,买盘
11:07:28,103.74,-0.06,5,51874,卖盘
11:07:30,103.98,0.24,1,10398,中性盘
11:07:33,103.74,-0.24,7,72618,卖盘
11:07:45,103.8,0.06,1,10380,中性盘
11:07:54,103.8,0.0,18,186840,买盘
11:08:21,103.81,0.01,8,83048,卖盘
11:08:27,103.95,0.14,1,10395,买盘
11:08:33,103.81,-0.14,7,72667,卖盘
11:08:42,103.95,0.14,1,10395,买盘
11:08:44,103.82,-0.13,19,197466,卖盘
11:08:54,103.82,0.0,5,51936,卖盘
11:09:03,103.95,0.13,3,31185,买盘
11:09:06,103.82,-0.13,2,20764,卖盘
11:09:22,103.95,0.13,1,10395,买盘
11:09:33,103.95,0.0,14,145446,买盘
11:09:35,103.82,-0.13,6,62295,卖盘
11:09:39,103.96,0.14,9,93492,买盘
11:09:48,103.96,0.0,1,10396,买盘
11:09:52,103.96,0.0,1,10396,买盘
11:09:54,103.95,-0.01,2,20790,卖盘
11:09:58,103.96,0.01,4,41584,买盘
11:10:00,103.97,0.01,6,62380,买盘
11:10:03,103.98,0.01,16,166355,买盘
11:10:06,103.99,0.01,10,103986,买盘
11:10:10,103.99,0.0,2,20798,买盘
11:10:21,104.0,0.01,19,197600,买盘
11:10:24,104.0,0.0,19,197613,买盘
11:10:27,104.11,0.11,11,114493,买盘
11:10:29,103.99,-0.12,1,10399,卖盘
11:10:45,104.11,0.12,7,72877,买盘
11:10:48,103.99,-0.12,2,20798,卖盘
11:10:54,104.11,0.12,3,31231,买盘
11:10:58,104.0,-0.11,5,52000,卖盘
11:11:00,104.09,0.09,4,41636,买盘
11:11:06,104.09,0.0,4,41607,买盘
11:11:12,104.09,0.0,5,52045,买盘
11:11:16,104.0,-0.09,10,103996,卖盘
11:11:18,104.0,0.0,28,291200,买盘
11:11:20,104.09,0.09,22,228953,买盘
11:11:27,104.0,-0.09,1,10400,买盘
11:11:30,104.09,0.09,8,83209,买盘
11:11:33,104.01,-0.08,5,52013,卖盘
11:11:36,104.0,-0.01,3,31200,卖盘
11:11:38,104.0,0.0,2,20800,卖盘
11:11:43,104.0,0.0,11,114400,卖盘
11:11:48,104.01,0.01,1,10401,卖盘
11:12:13,104.01,0.0,2,20802,卖盘
11:12:18,104.01,0.0,1,10401,卖盘
11:12:21,104.01,0.0,7,72815,卖盘
11:12:24,104.09,0.08,9,93681,买盘
11:12:27,104.01,-0.08,1,10401,卖盘
11:12:30,104.01,0.0,1,10401,卖盘
11:12:48,104.01,0.0,3,31203,卖盘
11:12:51,104.01,0.0,4,41604,卖盘
11:12:54,104.01,0.0,9,93657,卖盘
11:12:57,104.0,-0.01,11,114409,卖盘
11:13:06,104.0,0.0,3,31200,卖盘
11:13:15,104.0,0.0,20,208016,卖盘
11:13:17,104.01,0.01,1,10401,买盘
11:13:24,104.0,-0.01,5,52000,卖盘
11:13:28,104.0,0.0,2,20800,卖盘
11:13:30,104.01,0.01,2,20801,买盘
11:13:39,104.0,-0.01,1,10400,卖盘
11:13:51,104.0,0.0,4,41600,卖盘
11:13:55,104.0,0.0,7,72800,买盘
11:14:00,104.0,0.0,2,20800,卖盘
11:14:06,104.0,0.0,3,31198,买盘
11:14:15,104.0,0.0,18,187217,中性盘
11:14:18,104.0,0.0,1,10400,买盘
11:14:24,103.98,-0.02,20,208008,卖盘
11:14:47,104.0,0.02,8,83194,买盘
11:15:00,104.07,0.07,2,20807,买盘
11:15:03,103.98,-0.09,18,187176,卖盘
11:15:09,103.98,0.0,12,124776,卖盘
11:15:12,103.96,-0.02,5,51988,卖盘
11:15:17,103.86,-0.1,17,176661,卖盘
11:15:21,103.86,0.0,1,10386,买盘
11:15:24,103.86,0.0,20,207702,买盘
11:15:28,103.85,-0.01,26,270010,卖盘
11:15:29,103.96,0.11,2,20792,买盘
11:15:33,103.85,-0.11,20,207722,卖盘
11:15:36,103.85,0.0,3,31155,卖盘
11:15:39,103.88,0.03,19,197318,中性盘
11:15:42,103.85,-0.03,18,186939,卖盘
11:15:48,103.85,0.0,6,62319,卖盘
11:15:54,103.95,0.1,7,72705,买盘
11:15:57,103.85,-0.1,6,62310,卖盘
11:16:02,103.85,0.0,6,62310,卖盘
11:16:09,103.85,0.0,6,62310,卖盘
11:16:12,103.85,0.0,5,51925,卖盘
11:16:18,103.85,0.0,5,51925,卖盘
11:16:24,103.85,0.0,5,51925,卖盘
11:16:27,103.85,0.0,5,51925,卖盘
11:16:30,103.85,0.0,4,41540,卖盘
11:16:33,103.95,0.1,8,83110,买盘
11:16:36,103.85,-0.1,1,10385,卖盘
11:16:39,103.85,0.0,5,51925,卖盘
11:16:41,103.85,0.0,5,51925,卖盘
11:16:48,103.85,0.0,5,51925,卖盘
11:16:54,103.85,0.0,5,51925,卖盘
11:16:56,103.85,0.0,4,41540,卖盘
11:17:03,103.85,0.0,4,41540,卖盘
11:17:06,103.81,-0.04,4,47974,卖盘
11:17:09,103.81,0.0,1,5710,卖盘
11:17:11,103.8,-0.01,3,31142,卖盘
11:17:18,103.81,0.01,3,31143,卖盘
11:17:24,103.81,0.0,3,31143,卖盘
11:17:27,103.8,-0.01,6,62282,卖盘
11:17:30,103.8,0.0,20,205835,卖盘
11:17:33,103.8,0.0,7,74416,卖盘
11:17:36,103.8,0.0,3,31140,卖盘
11:17:39,103.8,0.0,3,31140,卖盘
11:17:42,103.8,0.0,10,103800,卖盘
11:17:48,103.8,0.0,5,51900,卖盘
11:17:54,103.8,0.0,32,332214,卖盘
11:17:57,103.8,0.0,3,31140,卖盘
11:18:00,103.82,0.02,5,51910,买盘
11:18:03,103.8,-0.02,3,31140,卖盘
11:18:05,103.82,0.02,1,10382,买盘
11:18:09,103.82,0.0,16,164312,买盘
11:18:12,103.75,-0.07,2,20751,卖盘
11:18:15,103.8,0.05,5,51897,买盘
11:18:18,103.71,-0.09,9,93390,卖盘
11:18:24,103.71,0.0,6,62235,卖盘
11:18:26,103.6,-0.11,143,1482453,卖盘
11:18:30,103.76,0.16,14,145128,买盘
11:18:33,103.58,-0.18,7,72516,卖盘
11:18:36,103.8,0.22,44,456060,买盘
11:18:38,103.8,0.0,40,415793,卖盘
11:18:42,103.8,0.0,1,10380,卖盘
11:18:48,103.8,0.0,1,10380,卖盘
11:18:51,103.8,0.0,4,41520,卖盘
11:18:54,103.8,0.0,1,10380,卖盘
11:18:57,103.8,0.0,2,20760,卖盘
11:19:00,103.8,0.0,2,20760,卖盘
11:19:03,103.8,0.0,2,20760,卖盘
11:19:09,103.8,0.0,2,20760,卖盘
11:19:24,103.8,0.0,1,10380,卖盘
11:19:30,103.85,0.05,3,31151,买盘
11:19:36,103.8,-0.05,8,83040,卖盘
11:19:47,103.8,0.0,2,20760,卖盘
11:19:54,103.8,0.0,4,41520,卖盘
11:19:56,103.8,0.0,3,31140,卖盘
11:20:18,103.81,0.01,1,10381,卖盘
11:20:24,103.81,0.0,1,10381,卖盘
11:20:29,103.8,-0.01,12,124568,卖盘
11:20:54,103.8,0.0,1,10380,卖盘
11:21:00,103.85,0.05,30,311550,买盘
11:21:03,103.85,0.0,15,155775,买盘
11:21:06,103.86,0.01,2,20772,中性盘
11:21:08,103.9,0.04,2,20780,买盘
11:21:15,103.9,0.0,3,31170,买盘
11:21:29,104.0,0.1,2,20800,买盘
11:21:39,104.06,0.06,3,31212,买盘
11:21:42,104.0,-0.06,7,72820,卖盘
11:21:45,104.08,0.08,10,104072,买盘
11:21:51,104.0,-0.08,4,41600,买盘
11:21:54,104.0,0.0,36,374400,买盘
11:22:00,104.0,0.0,2,20800,卖盘
11:22:09,103.83,-0.17,5,52007,卖盘
11:22:12,104.07,0.24,31,321857,买盘
11:22:15,104.07,0.0,7,72854,卖盘
11:22:18,104.0,-0.07,1,10400,中性盘
11:22:23,104.0,0.0,9,93600,买盘
11:22:27,103.8,-0.2,21,217994,卖盘
11:22:36,103.8,0.0,21,217990,卖盘
11:22:51,103.81,0.01,12,124572,卖盘
11:23:00,103.8,-0.01,17,176476,卖盘
11:23:03,104.0,0.2,5,52000,买盘
11:23:09,103.83,-0.17,2,20783,中性盘
11:23:15,104.06,0.23,4,41606,买盘
11:23:27,104.06,0.0,3,31218,买盘
11:23:30,104.01,-0.05,6,62411,卖盘
11:23:33,104.06,0.05,17,176902,买盘
11:23:36,104.02,-0.04,9,93630,中性盘
11:23:39,104.06,0.04,2,20807,买盘
11:23:42,104.06,0.0,2,20812,买盘
11:23:44,104.06,0.0,3,31218,卖盘
11:23:54,104.06,0.0,4,41624,买盘
11:23:57,104.06,0.0,2,20812,卖盘
11:24:00,104.08,0.02,7,72846,买盘
11:24:06,104.08,0.0,1,10408,买盘
11:24:09,104.06,-0.02,2,20812,卖盘
11:24:17,104.06,0.0,4,41624,卖盘
11:24:20,104.06,0.0,1,10406,中性盘
11:24:24,104.01,-0.05,1,10401,卖盘
11:24:30,104.06,0.05,2,20812,买盘
11:24:36,104.08,0.02,18,187337,买盘
11:24:39,104.08,0.0,3,31224,卖盘
11:24:42,104.1,0.02,3,31230,买盘
11:24:45,104.08,-0.02,6,62458,卖盘
11:24:48,104.08,0.0,24,249789,卖盘
11:24:51,104.08,0.0,5,52030,买盘
11:24:54,104.08,0.0,1,10408,买盘
11:24:59,104.01,-0.07,2,20809,卖盘
11:25:03,104.08,0.07,3,31224,买盘
11:25:06,104.08,0.0,1,10408,买盘
11:25:09,104.08,0.0,1,10408,买盘
11:25:15,104.12,0.04,5,52059,买盘
11:25:30,104.11,-0.01,5,52055,买盘
11:25:45,104.13,0.02,17,177012,买盘
11:25:54,104.12,-0.01,11,114522,买盘
11:26:03,104.12,0.0,6,62472,买盘
11:26:06,104.13,0.01,3,31237,买盘
11:26:09,104.13,0.0,4,41619,买盘
11:26:18,104.02,-0.11,2,20804,卖盘
11:26:24,104.12,0.1,1,10412,买盘
11:26:30,104.01,-0.11,2,20803,卖盘
11:26:33,104.12,0.11,1,10412,买盘
11:26:39,104.02,-0.1,5,52010,卖盘
11:26:47,104.02,0.0,6,62412,卖盘
11:26:50,104.02,0.0,1,10402,买盘
11:26:56,104.12,0.1,1,10412,买盘
11:27:03,104.06,-0.06,2,20812,卖盘
11:27:09,104.12,0.06,37,385080,买盘
11:27:15,104.01,-0.11,25,260049,卖盘
11:27:21,104.01,0.0,11,114406,卖盘
11:27:24,104.0,-0.01,1,10400,卖盘
11:27:26,104.01,0.01,9,93609,卖盘
11:27:51,104.01,0.0,32,332832,卖盘
11:28:19,103.9,-0.11,3,31170,卖盘
11:28:21,104.0,0.1,1,10400,买盘
11:28:30,103.9,-0.1,2,20780,卖盘
11:28:39,103.9,0.0,3,31170,卖盘
11:28:44,103.99,0.09,3,31195,买盘
11:28:48,103.91,-0.08,1,10391,卖盘
11:29:00,103.9,-0.01,20,207805,卖盘
11:29:06,103.99,0.09,2,20798,买盘
11:29:24,103.99,0.0,18,187182,买盘
11:29:27,103.99,0.0,1,10399,买盘
11:29:41,103.99,0.0,3,31197,买盘
13:00:01,103.9,-0.09,37,382271,卖盘
13:00:04,103.9,0.0,21,220633,卖盘
13:00:06,104.0,0.1,50,519581,买盘
13:00:09,104.0,0.0,1,10400,买盘
13:00:13,103.99,-0.01,15,155995,中性盘
13:00:16,104.0,0.01,6,62400,买盘
13:00:18,104.0,0.0,15,153607,买盘
13:00:22,104.05,0.05,2,20805,买盘
13:00:25,104.1,0.05,6,62437,买盘
13:00:26,104.03,-0.07,20,208118,卖盘
13:00:31,104.03,0.0,38,395336,买盘
13:00:33,104.13,0.1,23,239442,买盘
13:00:37,104.14,0.01,8,83308,买盘
13:00:39,104.14,0.0,5,52062,买盘
13:00:43,104.1,-0.04,22,229030,卖盘
13:00:49,104.03,-0.07,22,229061,卖盘
13:00:58,104.12,0.09,1,10412,卖盘
13:01:03,104.1,-0.02,20,208200,卖盘
13:01:07,104.03,-0.07,3,31209,卖盘
13:01:10,104.01,-0.02,2,20804,卖盘
13:01:13,104.01,0.0,4,41608,卖盘
13:01:16,104.0,-0.01,2,20800,卖盘
13:01:18,104.0,0.0,2,20800,卖盘
13:01:22,104.03,0.03,1,10403,中性盘
13:01:27,104.03,0.0,6,62416,买盘
13:01:33,104.01,-0.02,5,52005,卖盘
13:01:39,104.02,0.01,2,20804,中性盘
13:01:49,104.02,0.0,2,20804,卖盘
13:01:52,104.03,0.01,1,10403,卖盘
13:01:55,104.1,0.07,1,10410,买盘
13:02:01,104.1,0.0,45,468479,买盘
13:02:04,104.14,0.04,17,177038,买盘
13:02:07,104.11,-0.03,48,499898,卖盘
13:02:09,104.19,0.08,2,20837,买盘
13:02:13,104.2,0.01,16,166720,买盘
13:02:15,104.22,0.02,6,62526,买盘
13:02:19,104.22,0.0,2,20844,买盘
13:02:22,104.24,0.02,1,10424,买盘
13:02:28,104.18,-0.06,1,10418,卖盘
13:02:40,104.18,0.0,3,31254,卖盘
13:02:52,104.24,0.06,3,31260,买盘
13:02:55,104.24,0.0,15,156360,买盘
13:02:57,104.25,0.01,10,104250,买盘
13:03:01,104.23,-0.02,6,62523,中性盘
13:03:03,104.22,-0.01,2,20844,买盘
13:03:06,104.22,0.0,5,52100,买盘
13:03:10,104.18,-0.04,10,104182,卖盘
13:03:12,104.25,0.07,3,31275,买盘
13:03:16,104.19,-0.06,27,281325,卖盘
13:03:18,104.25,0.06,2,20850,买盘
13:03:31,104.26,0.01,1,10426,买盘
13:03:39,104.25,-0.01,4,41703,卖盘
13:03:43,104.26,0.01,8,83408,买盘
13:03:46,104.28,0.02,28,291905,买盘
13:03:49,104.21,-0.07,1,10421,中性盘
13:04:09,104.21,0.0,12,125052,卖盘
13:04:12,104.22,0.01,15,156363,卖盘
13:04:15,104.22,0.0,20,208440,卖盘
13:04:18,104.22,0.0,6,62532,买盘
13:04:25,104.21,-0.01,2,20842,卖盘
13:04:28,104.21,0.0,1,10421,卖盘
13:04:34,104.21,0.0,1,10421,卖盘
13:04:37,104.22,0.01,4,41688,买盘
13:04:46,104.21,-0.01,25,260525,卖盘
13:04:52,104.21,0.0,4,41684,卖盘
13:04:55,104.21,0.0,1,10421,卖盘
13:05:00,104.25,0.04,6,62541,买盘
13:05:04,104.21,-0.04,2,20842,卖盘
13:05:07,104.21,0.0,11,114632,卖盘
13:05:10,104.25,0.04,1,10425,买盘
13:05:13,104.21,-0.04,4,41684,卖盘
13:05:16,104.21,0.0,7,72945,卖盘
13:05:24,104.2,-0.01,1,10420,卖盘
13:05:37,104.2,0.0,1,10420,卖盘
13:05:39,104.2,0.0,13,135460,卖盘
13:05:43,104.2,0.0,2,20840,卖盘
13:05:46,104.21,0.01,33,343866,买盘
13:05:52,104.21,0.0,5,52102,买盘
13:05:55,104.2,-0.01,2,20841,卖盘
13:05:58,104.21,0.01,2,20841,买盘
13:06:00,104.2,-0.01,8,83366,卖盘
13:06:03,104.19,-0.01,22,229235,卖盘
13:06:06,104.19,0.0,10,104190,卖盘
13:06:13,104.19,0.0,4,41676,卖盘
13:06:16,104.19,0.0,25,260475,卖盘
13:06:22,104.15,-0.04,2,20830,卖盘
13:06:34,104.2,0.05,2,20840,买盘
13:06:40,104.2,0.0,2,20840,卖盘
13:06:43,104.2,0.0,3,31260,卖盘
13:06:46,104.2,0.0,17,177141,卖盘
13:06:51,104.19,-0.01,4,41676,卖盘
13:06:54,104.2,0.01,9,93780,买盘
13:06:57,104.21,0.01,3,31263,买盘
13:07:00,104.2,-0.01,3,31260,卖盘
13:07:04,104.2,0.0,3,31260,卖盘
13:07:07,104.21,0.01,1,10421,买盘
13:07:10,104.2,-0.01,13,135460,卖盘
13:07:13,104.2,0.0,1,10420,卖盘
13:07:16,104.12,-0.08,3,31252,卖盘
13:07:21,104.1,-0.02,3,31230,卖盘
13:07:24,104.12,0.02,4,41648,买盘
13:07:43,104.14,0.02,2,20828,卖盘
13:07:46,104.14,0.0,25,260350,卖盘
13:07:49,104.13,-0.01,7,72896,卖盘
13:07:52,104.14,0.01,10,104140,买盘
13:07:55,104.11,-0.03,1,10411,中性盘
13:07:57,104.14,0.03,2,20828,买盘
13:08:07,104.1,-0.04,9,93692,卖盘
13:08:10,104.1,0.0,2,20820,卖盘
13:08:12,104.1,0.0,4,41642,卖盘
13:08:19,104.1,0.0,13,135336,卖盘
13:08:40,104.11,0.01,1,10411,买盘
13:08:46,104.1,-0.01,25,260250,卖盘
13:08:58,104.11,0.01,14,145753,买盘
13:09:03,104.1,-0.01,2,20820,卖盘
13:09:10,104.1,0.0,11,114510,卖盘
13:09:13,104.1,0.0,3,31230,卖盘
13:09:16,104.11,0.01,12,126390,买盘
13:09:19,104.12,0.01,30,312311,买盘
13:09:21,104.12,0.0,2,20824,卖盘
13:09:25,104.12,0.0,2,20824,卖盘
13:09:31,104.11,-0.01,3,31234,卖盘
13:09:34,104.11,0.0,2,20822,卖盘
13:09:39,104.2,0.09,3,31242,买盘
13:09:49,104.2,0.0,34,354055,买盘
13:09:52,104.11,-0.09,3,31233,卖盘
13:09:55,104.11,0.0,1,10411,中性盘
13:10:01,104.11,0.0,3,31233,卖盘
13:10:03,104.1,-0.01,14,144284,卖盘
13:10:07,104.1,0.0,5,53506,买盘
13:10:10,104.05,-0.05,9,93681,买盘
13:10:13,104.07,0.02,1,10407,中性盘
13:10:15,104.19,0.12,8,83316,买盘
13:10:19,104.19,0.0,27,281178,卖盘
13:10:22,104.1,-0.09,4,41640,卖盘
13:10:25,104.1,0.0,2,20820,卖盘
13:10:28,104.1,0.0,1,10410,卖盘
13:10:33,104.19,0.09,1,10419,买盘
13:10:37,104.2,0.01,22,229240,买盘
13:10:40,104.2,0.0,9,93780,买盘
13:10:43,104.21,0.01,17,177154,买盘
13:10:45,104.22,0.01,3,31265,买盘
13:10:49,104.25,0.03,8,83400,买盘
13:10:52,104.26,0.01,32,333617,买盘
13:10:54,104.25,-0.01,2,20850,中性盘
13:10:58,104.28,0.03,13,135564,买盘
13:11:01,104.29,0.01,17,177291,买盘
13:11:04,104.28,-0.01,16,166863,卖盘
13:11:07,104.3,0.02,29,302468,买盘
13:11:09,104.29,-0.01,18,187667,中性盘
13:11:13,104.25,-0.04,3,31275,卖盘
13:11:15,104.29,0.04,4,41716,买盘
13:11:19,104.29,0.0,2,20858,买盘
13:11:22,104.27,-0.02,6,62563,中性盘
13:11:25,104.25,-0.02,6,62560,卖盘
13:11:27,104.3,0.05,12,125159,买盘
13:11:30,104.29,-0.01,1,10429,中性盘
13:11:33,104.29,0.0,4,41716,卖盘
13:11:37,104.29,0.0,5,52145,卖盘
13:11:39,104.3,0.01,8,83438,买盘
13:11:43,104.29,-0.01,4,41712,卖盘
13:11:57,104.29,0.0,1,10429,买盘
13:12:06,104.28,-0.01,1,10428,买盘
13:12:10,104.26,-0.02,10,104262,卖盘
13:12:16,104.26,0.0,2,20853,卖盘
13:12:18,104.28,0.02,1,10428,买盘
13:12:22,104.29,0.01,1,10429,买盘
13:12:25,104.27,-0.02,6,62562,卖盘
13:12:28,104.27,0.0,8,83416,卖盘
13:12:30,104.27,0.0,2,20854,卖盘
13:12:34,104.29,0.02,2,20856,买盘
13:12:37,104.26,-0.03,2,20852,卖盘
13:12:44,104.28,0.02,16,166852,买盘
13:12:48,104.26,-0.02,9,93834,卖盘
13:12:52,104.26,0.0,3,31278,卖盘
13:13:09,104.27,0.01,20,208524,买盘
13:13:12,104.26,-0.01,3,31278,买盘
13:13:15,104.25,-0.01,12,125109,卖盘
13:13:19,104.25,0.0,4,41700,卖盘
13:13:22,104.2,-0.05,6,62526,卖盘
13:13:24,104.2,0.0,1,10420,卖盘
13:13:33,104.19,-0.01,6,62514,卖盘
13:13:37,104.19,0.0,2,20838,卖盘
13:13:40,104.19,0.0,5,52095,卖盘
13:13:42,104.19,0.0,9,93771,卖盘
13:13:46,104.19,0.0,6,62514,卖盘
13:13:52,104.19,0.0,3,31257,卖盘
13:14:01,104.25,0.06,15,156339,买盘
13:14:10,104.19,-0.06,10,104194,卖盘
13:14:13,104.19,0.0,9,93771,卖盘
13:14:25,104.19,0.0,1,10419,买盘
13:14:28,104.06,-0.13,4,41624,卖盘
13:14:49,104.18,0.12,3,31254,买盘
13:14:52,104.18,0.0,12,125027,卖盘
13:14:58,104.18,0.0,4,41672,卖盘
13:15:01,104.06,-0.12,6,62436,卖盘
13:15:09,104.07,0.01,9,93663,卖盘
13:15:13,104.17,0.1,1,10417,买盘
13:15:15,104.07,-0.1,2,20814,卖盘
13:15:28,104.07,0.0,4,41628,卖盘
13:15:31,104.16,0.09,1,10416,买盘
13:15:39,104.16,0.0,3,31248,买盘
13:15:43,104.16,0.0,4,41664,卖盘
13:15:45,104.16,0.0,1,10416,卖盘
13:15:52,104.16,0.0,3,31248,卖盘
13:15:57,104.16,0.0,2,20832,卖盘
13:16:01,104.16,0.0,5,52080,卖盘
13:16:04,104.16,0.0,3,31248,卖盘
13:16:07,104.16,0.0,7,72912,卖盘
13:16:10,104.08,-0.08,11,114540,卖盘
13:16:13,104.16,0.08,15,156236,买盘
13:16:18,104.07,-0.09,2,20814,卖盘
13:16:25,104.07,0.0,2,20815,卖盘
13:16:30,104.16,0.09,13,135371,买盘
13:16:34,104.07,-0.09,18,187326,卖盘
13:16:40,104.07,0.0,2,20814,卖盘
13:16:43,104.07,0.0,1,10407,卖盘
13:16:52,104.07,0.0,2,20814,卖盘
13:16:55,104.07,0.0,1,10407,卖盘
13:16:57,104.07,0.0,1,10407,卖盘
13:17:00,104.07,0.0,1,10407,卖盘
13:17:04,104.05,-0.02,31,322604,卖盘
13:17:09,104.03,-0.02,8,83235,卖盘
13:17:12,104.05,0.02,1,10405,买盘
13:17:21,104.05,0.0,18,187300,卖盘
13:17:25,104.05,0.0,19,197712,卖盘
13:17:31,104.06,0.01,62,645173,买盘
13:17:40,104.1,0.04,2,20820,买盘
13:17:48,104.03,-0.07,39,405773,卖盘
13:17:54,104.1,0.07,3,31230,卖盘
13:18:00,104.1,0.0,7,72870,卖盘
13:18:04,104.1,0.0,9,93690,卖盘
13:18:07,104.11,0.01,7,72877,中性盘
13:18:10,104.15,0.04,14,145764,买盘
13:18:12,104.11,-0.04,7,72901,卖盘
13:18:18,104.11,0.0,3,31233,卖盘
13:18:25,104.11,0.0,1,10411,卖盘
13:18:34,104.11,0.0,9,93699,卖盘
13:18:52,104.13,0.02,2,20825,买盘
13:19:01,104.13,0.0,3,31237,买盘
13:19:04,104.13,0.0,2,20826,卖盘
13:19:07,104.13,0.0,6,62478,卖盘
13:19:10,104.12,-0.01,13,135362,卖盘
13:19:16,104.12,0.0,10,104130,卖盘
13:19:24,104.13,0.01,1,10413,卖盘
13:19:28,104.15,0.02,1,10415,买盘
13:19:34,104.13,-0.02,4,41652,卖盘
13:19:43,104.13,0.0,1,10413,卖盘
13:19:49,104.13,0.0,1,10413,卖盘
13:19:52,104.15,0.02,9,93733,买盘
13:20:00,104.15,0.0,17,177055,买盘
13:20:04,104.13,-0.02,2,20826,卖盘
13:20:07,104.06,-0.07,11,114506,卖盘
13:20:10,104.06,0.0,6,62436,买盘
13:20:15,104.09,0.03,10,104077,买盘
13:20:19,104.06,-0.03,1,10406,卖盘
13:20:22,104.07,0.01,2,20814,买盘
13:20:25,104.07,0.0,9,93673,卖盘
13:20:28,104.07,0.0,1,10407,卖盘
13:20:37,104.07,0.0,5,52035,卖盘
13:20:42,104.1,0.03,3,31230,买盘
13:20:46,104.1,0.0,1,10410,卖盘
13:20:49,104.1,0.0,3,31230,卖盘
13:20:51,104.13,0.03,9,93693,买盘
13:20:57,104.15,0.02,8,83310,买盘
13:21:00,104.15,0.0,18,187486,卖盘
13:21:04,104.16,0.01,27,281249,买盘
13:21:06,104.18,0.02,24,250022,买盘
13:21:10,104.18,0.0,9,93762,中性盘
13:21:12,104.19,0.01,40,416733,买盘
13:21:18,104.15,-0.04,3,31245,卖盘
13:21:22,104.18,0.03,7,72926,买盘
13:21:25,104.18,0.0,29,302148,卖盘
13:21:27,104.19,0.01,27,281313,买盘
13:21:31,104.23,0.04,4,41683,买盘
13:21:33,104.25,0.02,1,10425,买盘
13:21:37,104.26,0.01,10,104250,买盘
13:21:39,104.26,0.0,8,83408,买盘
13:21:42,104.27,0.01,6,62562,买盘
13:21:45,104.27,0.0,4,41708,买盘
13:21:49,104.26,-0.01,1,10426,卖盘
13:21:51,104.27,0.01,2,20854,买盘
13:21:54,104.26,-0.01,5,52130,卖盘
13:22:01,104.23,-0.03,1,10423,卖盘
13:22:03,104.26,0.03,5,52128,买盘
13:22:10,104.23,-0.03,6,62538,卖盘
13:22:13,104.23,0.0,31,323167,卖盘
13:22:16,104.19,-0.04,9,93787,卖盘
13:22:22,104.26,0.07,3,31278,买盘
13:22:25,104.26,0.0,3,31278,卖盘
13:22:28,104.26,0.0,2,20852,卖盘
13:22:30,104.26,0.0,3,31278,卖盘
13:22:34,104.26,0.0,6,62556,卖盘
13:22:37,104.27,0.01,2,20854,买盘
13:22:40,104.27,0.0,4,41707,买盘
13:22:43,104.26,-0.01,1,10426,卖盘
13:22:52,104.27,0.01,5,52135,买盘
13:22:54,104.26,-0.01,1,10426,卖盘
13:23:00,104.27,0.01,2,20854,买盘
13:23:09,104.26,-0.01,1,10426,卖盘
13:23:12,104.26,0.0,29,302365,卖盘
13:23:16,104.23,-0.03,5,52124,卖盘
13:23:28,104.26,0.03,5,52134,卖盘
13:23:31,104.26,0.0,2,20852,卖盘
13:23:37,104.27,0.01,17,177259,买盘
13:23:40,104.27,0.0,1,10427,买盘
13:23:43,104.26,-0.01,1,10426,卖盘
13:23:45,104.26,0.0,7,72982,卖盘
13:23:48,104.26,0.0,8,83411,卖盘
13:23:52,104.27,0.01,3,31280,买盘
13:23:55,104.26,-0.01,6,62556,卖盘
13:23:58,104.26,0.0,5,52130,卖盘
13:24:01,104.26,0.0,32,333646,卖盘
13:24:04,104.27,0.01,18,187658,买盘
13:24:07,104.27,0.0,5,52129,买盘
13:24:12,104.19,-0.08,21,218805,卖盘
13:24:16,104.19,0.0,3,31257,卖盘
13:24:22,104.19,0.0,6,62514,卖盘
13:24:25,104.19,0.0,3,31257,卖盘
13:24:28,104.26,0.07,5,52113,买盘
13:24:31,104.26,0.0,7,72968,买盘
13:24:33,104.26,0.0,4,41704,卖盘
13:24:37,104.26,0.0,5,52130,卖盘
13:24:46,104.19,-0.07,5,52109,卖盘
13:24:49,104.19,0.0,6,62542,卖盘
13:24:52,104.19,0.0,12,125105,卖盘
13:24:55,104.19,0.0,4,41676,卖盘
13:24:58,104.19,0.0,2,20838,卖盘
13:25:09,104.19,0.0,16,166704,卖盘
13:25:13,104.1,-0.09,6,62495,卖盘
13:25:16,104.05,-0.05,5,52037,卖盘
13:25:19,104.1,0.05,3,31230,买盘
13:25:33,104.1,0.0,6,62460,卖盘
13:25:43,104.18,0.08,5,52090,买盘
13:25:55,104.18,0.0,4,41672,卖盘
13:26:12,104.18,0.0,11,114598,卖盘
13:26:16,104.18,0.0,6,62508,卖盘
13:26:19,104.18,0.0,20,208360,卖盘
13:26:25,104.18,0.0,5,52090,买盘
13:26:31,104.22,0.04,3,31265,买盘
13:26:33,104.22,0.0,1,10422,卖盘
13:26:37,104.22,0.0,3,31266,卖盘
13:26:45,104.22,0.0,2,20844,卖盘
13:26:49,104.22,0.0,1,10422,卖盘
13:26:52,104.24,0.02,2,20848,买盘
13:26:54,104.22,-0.02,3,31266,卖盘
13:27:04,104.18,-0.04,1,10418,卖盘
13:27:06,104.22,0.04,3,31266,买盘
13:27:13,104.18,-0.04,8,83344,卖盘
13:27:18,104.18,0.0,6,62508,卖盘
13:27:22,104.24,0.06,29,302220,买盘
13:27:24,104.18,-0.06,12,125028,卖盘
13:27:31,104.22,0.04,31,322978,卖盘
13:27:36,104.22,0.0,1,10422,卖盘
13:27:40,104.24,0.02,5,52120,买盘
13:27:48,104.24,0.0,1,10424,买盘
13:28:00,104.24,0.0,1,10424,买盘
13:28:07,104.23,-0.01,5,52115,中性盘
13:28:10,104.18,-0.05,8,83372,卖盘
13:28:13,104.24,0.06,6,62544,买盘
13:28:18,104.24,0.0,6,62544,卖盘
13:28:22,104.22,-0.02,20,208468,卖盘
13:28:25,104.18,-0.04,3,31254,卖盘
13:28:28,104.1,-0.08,10,104116,卖盘
13:28:31,104.1,0.0,1,10410,卖盘
13:28:40,104.21,0.11,2,20842,卖盘
13:28:43,104.21,0.0,2,20842,买盘
13:28:46,104.04,-0.17,3,31224,卖盘
13:28:51,104.1,0.06,5,52050,卖盘
13:28:54,104.1,0.0,4,41640,卖盘
13:29:04,104.18,0.08,6,62508,买盘
13:29:13,104.18,0.0,2,20836,卖盘
13:29:16,104.18,0.0,10,104180,卖盘
13:29:21,104.1,-0.08,8,83280,卖盘
13:29:34,104.1,0.0,2,20820,卖盘
13:29:52,104.18,0.08,10,104179,买盘
13:29:58,104.12,-0.06,2,20824,卖盘
13:30:04,104.14,0.02,2,20828,买盘
13:30:13,104.18,0.04,41,427098,买盘
13:30:16,104.15,-0.03,7,72920,中性盘
13:30:18,104.2,0.05,13,135438,买盘
13:30:22,104.18,-0.02,10,104198,卖盘
13:30:25,104.23,0.05,1,10423,买盘
13:30:28,104.24,0.01,39,406535,买盘
13:30:30,104.25,0.01,49,510803,买盘
13:30:34,104.26,0.01,37,385759,买盘
13:30:43,104.23,-0.03,12,125109,卖盘
13:30:45,104.23,0.0,1,10423,卖盘
13:30:48,104.23,0.0,4,41692,卖盘
13:30:54,104.23,0.0,3,31269,卖盘
13:30:58,104.23,0.0,3,31269,卖盘
13:31:04,104.23,0.0,5,52115,卖盘
13:31:07,104.23,0.0,8,83384,卖盘
13:31:09,104.23,0.0,13,135499,卖盘
13:31:13,104.23,0.0,2,20846,卖盘
13:31:16,104.23,0.0,21,223886,卖盘
13:31:19,104.23,0.0,2,20846,卖盘
13:31:21,104.23,0.0,4,41692,卖盘
13:31:25,104.23,0.0,7,72961,卖盘
13:31:28,104.23,0.0,5,47112,卖盘
13:31:31,104.21,-0.02,3,31263,卖盘
13:31:33,104.24,0.03,8,88395,卖盘
13:31:36,104.23,-0.01,4,41693,卖盘
13:31:45,104.24,0.01,2,20847,中性盘
13:31:49,104.23,-0.01,9,88804,卖盘
13:31:52,104.23,0.0,1,10423,买盘
13:31:55,104.18,-0.05,3,31254,卖盘
13:31:58,104.18,0.0,10,104180,卖盘
13:32:01,104.14,-0.04,1,10414,卖盘
13:32:04,104.14,0.0,2,20828,买盘
13:32:06,104.13,-0.01,6,62481,卖盘
13:32:10,104.12,-0.01,13,135363,卖盘
13:32:12,104.13,0.01,4,41654,中性盘
13:32:15,104.13,0.0,24,249912,卖盘
13:32:18,104.12,-0.01,2,20824,卖盘
13:32:25,104.12,0.0,16,166602,卖盘
13:32:30,104.13,0.01,20,208260,买盘
13:32:33,104.12,-0.01,3,31238,卖盘
13:32:37,104.13,0.01,6,62478,买盘
13:32:45,104.12,-0.01,5,52060,卖盘
13:32:48,104.12,0.0,1,10412,卖盘
13:32:55,104.12,0.0,2,20824,卖盘
13:32:58,104.12,0.0,1,10412,卖盘
13:33:07,104.12,0.0,7,72884,卖盘
13:33:13,104.12,0.0,33,343600,卖盘
13:33:16,104.14,0.02,9,93720,买盘
13:33:25,104.14,0.0,1,10414,卖盘
13:33:28,104.14,0.0,2,20828,卖盘
13:33:34,104.15,0.01,7,72920,卖盘
13:33:43,104.18,0.03,2,20836,买盘
13:33:45,104.18,0.0,6,62493,买盘
13:33:49,104.18,0.0,5,52090,买盘
13:33:55,104.18,0.0,1,10418,卖盘
13:33:58,104.18,0.0,3,31254,卖盘
13:34:01,104.18,0.0,8,83344,卖盘
13:34:04,104.2,0.02,14,145854,买盘
13:34:07,104.2,0.0,13,135460,买盘
13:34:09,104.16,-0.04,20,208348,卖盘
13:34:12,104.16,0.0,11,114596,卖盘
13:34:18,104.18,0.02,1,10418,卖盘
13:34:22,104.23,0.05,17,177185,买盘
13:34:24,104.23,0.0,24,250150,买盘
13:34:28,104.22,-0.01,10,104221,卖盘
13:34:31,104.24,0.02,21,218891,买盘
13:34:34,104.18,-0.06,4,41672,卖盘
13:34:42,104.23,0.05,1,10423,买盘
13:34:45,104.23,0.0,4,41692,买盘
13:34:49,104.23,0.0,6,62538,卖盘
13:34:52,104.24,0.01,7,72968,买盘
13:34:55,104.23,-0.01,15,156356,卖盘
13:34:57,104.23,0.0,1,10423,卖盘
13:35:01,104.24,0.01,8,83392,买盘
13:35:04,104.23,-0.01,11,114656,卖盘
13:35:07,104.23,0.0,1,10423,卖盘
13:35:13,104.25,0.02,32,333576,买盘
13:35:16,104.25,0.0,4,41700,卖盘
13:35:18,104.25,0.0,1,10425,卖盘
13:35:21,104.26,0.01,25,260650,买盘
13:35:25,104.26,0.0,7,72982,买盘
13:35:27,104.26,0.0,4,41704,卖盘
13:35:30,104.27,0.01,40,417080,买盘
13:35:34,104.27,0.0,3,31281,买盘
13:35:37,104.27,0.0,11,114697,卖盘
13:35:40,104.27,0.0,33,344120,卖盘
13:35:43,104.2,-0.07,87,907156,卖盘
13:35:45,104.18,-0.02,8,83344,卖盘
13:35:49,104.18,0.0,2,20836,买盘
13:35:52,104.18,0.0,98,1019964,卖盘
13:35:54,104.16,-0.02,11,114576,卖盘
13:36:07,104.17,0.01,1,10417,卖盘
13:36:16,104.17,0.0,2,20834,卖盘
13:36:19,104.18,0.01,1,10418,买盘
13:36:22,104.17,-0.01,2,20834,卖盘
13:36:28,104.17,0.0,2,20834,卖盘
13:36:34,104.18,0.01,9,93754,买盘
13:36:37,104.16,-0.02,2,20832,卖盘
13:36:40,104.16,0.0,10,104160,卖盘
13:36:42,104.16,0.0,1,10416,卖盘
13:36:46,104.1,-0.06,10,104132,卖盘
13:36:49,104.1,0.0,14,145739,买盘
13:36:52,104.1,0.0,7,72868,买盘
13:37:01,104.1,0.0,74,770340,买盘
13:37:03,104.1,0.0,9,93690,买盘
13:37:06,104.18,0.08,7,72924,买盘
13:37:09,104.18,0.0,1,10418,买盘
13:37:24,104.18,0.0,4,41672,买盘
13:37:27,104.18,0.0,4,41675,卖盘
13:37:36,104.18,0.0,3,31254,卖盘
13:37:40,104.18,0.0,11,114598,卖盘
13:37:48,104.18,0.0,2,20836,卖盘
13:37:55,104.18,0.0,1,10418,卖盘
13:38:16,104.2,0.02,4,41680,买盘
13:38:25,104.26,0.06,17,177229,买盘
13:38:40,104.21,-0.05,10,104210,卖盘
13:38:43,104.25,0.04,1,10425,买盘
13:38:45,104.21,-0.04,9,93789,卖盘
13:39:01,104.2,-0.01,7,72940,卖盘
13:39:03,104.21,0.01,11,114629,买盘
13:39:12,104.24,0.03,9,93798,买盘
13:39:25,104.2,-0.04,7,72961,卖盘
13:39:34,104.21,0.01,1,10421,买盘
13:39:36,104.2,-0.01,3,31260,卖盘
13:39:40,104.18,-0.02,12,125024,卖盘
13:39:43,104.25,0.07,29,302307,买盘
13:39:45,104.18,-0.07,6,62508,卖盘
13:39:55,104.25,0.07,11,114675,买盘
13:39:57,104.18,-0.07,2,20836,卖盘
13:40:00,104.18,0.0,2,20836,卖盘
13:40:06,104.18,0.0,2,20843,卖盘
13:40:36,104.24,0.06,1,10424,买盘
13:40:40,104.18,-0.06,10,104180,卖盘
13:40:43,104.24,0.06,7,72962,买盘
13:40:46,104.24,0.0,1,10424,卖盘
13:40:48,104.24,0.0,3,31272,卖盘
13:40:52,104.24,0.0,7,72968,买盘
13:40:55,104.18,-0.06,2,20836,卖盘
13:41:00,104.18,0.0,2,20836,卖盘
13:41:04,104.18,0.0,1,10418,卖盘
13:41:18,104.18,0.0,1,10418,卖盘
13:41:34,104.21,0.03,11,114631,买盘
13:41:40,104.18,-0.03,12,125016,卖盘
13:41:46,104.18,0.0,1,10418,卖盘
13:41:48,104.2,0.02,4,41676,买盘
13:41:55,104.2,0.0,2,22924,卖盘
13:41:58,104.2,0.0,9,93781,卖盘
13:42:00,104.2,0.0,2,20840,卖盘
13:42:07,104.2,0.0,4,41680,卖盘
13:42:10,104.2,0.0,13,135460,卖盘
13:42:13,104.2,0.0,3,29176,卖盘
13:42:15,104.18,-0.02,2,20836,卖盘
13:42:25,104.2,0.02,9,93780,买盘
13:42:28,104.18,-0.02,1,10418,卖盘
13:42:30,104.18,0.0,27,281286,卖盘
13:42:33,104.18,0.0,2,20836,中性盘
13:42:40,104.18,0.0,15,156270,卖盘
13:42:43,104.11,-0.07,12,124924,卖盘
13:42:46,104.1,-0.01,1,10410,卖盘
13:42:53,104.1,0.0,6,62460,卖盘
13:43:07,104.1,0.0,1,10410,卖盘
13:43:10,104.1,0.0,1,10410,卖盘
13:43:16,104.18,0.08,10,104180,买盘
13:43:19,104.1,-0.08,2,20820,卖盘
13:43:23,104.1,0.0,1,10410,卖盘
13:43:28,104.14,0.04,2,20828,买盘
13:43:35,104.14,0.0,2,20828,买盘
13:43:38,104.14,0.0,1,10414,买盘
13:43:43,104.1,-0.04,10,104109,卖盘
13:43:46,104.1,0.0,12,124933,卖盘
13:43:49,104.19,0.09,26,270891,买盘
13:43:53,104.2,0.01,49,510575,买盘
13:43:55,104.21,0.01,91,950313,买盘
13:43:58,104.22,0.01,12,125059,买盘
13:44:00,104.24,0.02,21,218874,买盘
13:44:03,104.25,0.01,38,396132,买盘
13:44:06,104.26,0.01,21,218933,买盘
13:44:09,104.26,0.0,22,229369,买盘
13:44:13,104.25,-0.01,18,187674,卖盘
13:44:16,104.27,0.02,3,31277,买盘
13:44:19,104.26,-0.01,16,166827,卖盘
13:44:23,104.28,0.02,41,427526,买盘
13:44:25,104.28,0.0,1,10428,买盘
13:44:28,104.25,-0.03,2,20850,卖盘
13:44:31,104.2,-0.05,25,260566,卖盘
13:44:34,104.2,0.0,16,166728,卖盘
13:44:36,104.2,0.0,23,239660,卖盘
13:44:40,104.21,0.01,3,31263,中性盘
13:44:43,104.27,0.06,12,125056,买盘
13:44:46,104.2,-0.07,1,10420,卖盘
13:44:55,104.27,0.07,3,31281,买盘
13:44:58,104.21,-0.06,61,635266,卖盘
13:45:01,104.1,-0.11,29,301949,卖盘
13:45:03,104.27,0.17,9,93749,买盘
13:45:07,104.1,-0.17,3,31250,卖盘
13:45:10,104.1,0.0,1,10410,卖盘
13:45:13,104.05,-0.05,25,260215,卖盘
13:45:16,104.04,-0.01,2,20808,中性盘
13:45:19,104.13,0.09,9,93667,买盘
13:45:23,104.13,0.0,8,83307,卖盘
13:45:25,104.13,0.0,86,894698,卖盘
13:45:31,104.0,-0.13,13,135220,卖盘
13:45:40,104.05,0.05,2,20810,中性盘
13:45:43,104.02,-0.03,10,104035,卖盘
13:45:46,104.13,0.11,8,83288,买盘
13:45:55,104.13,0.0,1,10413,卖盘
13:46:01,104.13,0.0,3,31239,卖盘
13:46:04,104.04,-0.09,3,31126,卖盘
13:46:10,104.13,0.09,8,83253,买盘
13:46:13,104.04,-0.09,2,20809,卖盘
13:46:16,104.04,0.0,3,31215,卖盘
13:46:19,104.04,0.0,3,31213,卖盘
13:46:25,104.04,0.0,13,135253,卖盘
13:46:28,104.04,0.0,2,20808,卖盘
13:46:31,104.04,0.0,4,41618,卖盘
13:46:34,104.0,-0.04,10,104029,卖盘
13:46:38,104.06,0.06,10,104048,买盘
13:46:40,104.0,-0.06,3,31203,卖盘
13:46:43,103.94,-0.06,11,114374,卖盘
13:46:53,104.03,0.09,2,20806,卖盘
13:46:58,104.0,-0.03,2,20800,卖盘
13:47:01,104.03,0.03,3,31211,中性盘
13:47:10,104.03,0.0,9,93627,卖盘
13:47:25,104.07,0.04,5,52033,买盘
13:47:31,104.08,0.01,1,10408,中性盘
13:47:43,104.07,-0.01,23,239378,卖盘
13:47:46,104.07,0.0,6,62446,卖盘
13:47:53,104.08,0.01,2,20816,买盘
13:47:55,104.08,0.0,1,10408,买盘
13:47:58,104.07,-0.01,8,83256,卖盘
13:48:08,104.07,0.0,13,135293,卖盘
13:48:10,104.07,0.0,3,31221,卖盘
13:48:13,104.07,0.0,2,20814,买盘
13:48:19,104.07,0.0,4,41628,卖盘
13:48:23,104.07,0.0,2,20814,卖盘
13:48:25,104.08,0.01,2,20815,买盘
13:48:28,104.07,-0.01,8,83256,卖盘
13:48:31,104.08,0.01,7,72855,买盘
13:48:35,104.07,-0.01,1,10407,卖盘
13:48:38,104.07,0.0,4,41628,卖盘
13:48:40,104.07,0.0,1,10407,卖盘
13:48:43,104.07,0.0,9,93663,卖盘
13:48:46,104.08,0.01,8,83263,买盘
13:48:49,104.07,-0.01,1,10407,卖盘
13:49:07,104.1,0.03,10,104094,买盘
13:49:10,104.1,0.0,1,10410,卖盘
13:49:22,104.11,0.01,2,20822,买盘
13:49:35,104.11,0.0,2,20822,买盘
13:49:43,104.1,-0.01,10,104100,卖盘
13:49:46,104.1,0.0,2,20820,卖盘
13:49:58,104.08,-0.02,37,385164,卖盘
13:50:01,104.07,-0.01,4,41628,卖盘
13:50:25,104.07,0.0,9,93663,卖盘
13:50:31,104.03,-0.04,4,41612,卖盘
13:50:40,104.03,0.0,3,31209,卖盘
13:50:43,104.03,0.0,8,83224,卖盘
13:50:46,104.07,0.04,8,83250,买盘
13:50:49,104.08,0.01,21,218564,买盘
13:50:52,104.1,0.02,6,62456,买盘
13:50:55,104.13,0.03,12,125049,买盘
13:51:08,104.2,0.07,11,114620,买盘
13:51:16,104.2,0.0,4,41680,买盘
13:51:19,104.2,0.0,3,31257,买盘
13:51:22,104.2,0.0,4,41683,卖盘
13:51:25,104.2,0.0,6,62520,卖盘
13:51:28,104.14,-0.06,2,20827,中性盘
13:51:31,104.2,0.06,1,10420,买盘
13:51:38,104.17,-0.03,12,125013,中性盘
13:51:40,104.17,0.0,13,135417,买盘
13:51:43,104.24,0.07,11,114624,买盘
13:51:49,104.2,-0.04,2,20840,卖盘
13:51:55,104.24,0.04,2,20848,买盘
13:52:04,104.22,-0.02,12,125078,中性盘
13:52:11,104.21,-0.01,9,93807,卖盘
13:52:16,104.22,0.01,2,20844,卖盘
13:52:22,104.24,0.02,2,20848,买盘
13:52:25,104.23,-0.01,1,10423,卖盘
13:52:31,104.25,0.02,17,177216,买盘
13:52:34,104.26,0.01,11,114678,买盘
13:52:38,104.25,-0.01,1,10425,卖盘
13:52:40,104.24,-0.01,4,41696,卖盘
13:52:43,104.23,-0.01,10,104234,卖盘
13:52:46,104.23,0.0,1,10423,买盘
13:52:49,104.22,-0.01,5,52112,卖盘
13:52:55,104.22,0.0,2,20844,卖盘
13:52:58,104.22,0.0,1,10422,卖盘
13:53:04,104.22,0.0,3,31266,卖盘
13:53:07,104.23,0.01,1,10423,买盘
13:53:10,104.22,-0.01,1,10422,卖盘
13:53:13,104.24,0.02,8,83391,买盘
13:53:16,104.22,-0.02,2,20844,卖盘
13:53:20,104.23,0.01,2,20846,卖盘
13:53:22,104.23,0.0,3,31269,卖盘
13:53:25,104.23,0.0,2,20846,卖盘
13:53:31,104.22,-0.01,54,562820,卖盘
13:53:34,104.2,-0.02,16,166730,卖盘
13:53:37,104.17,-0.03,9,93774,卖盘
13:53:40,104.14,-0.03,5,52078,卖盘
13:53:43,104.2,0.06,10,104194,买盘
13:53:46,104.13,-0.07,24,249937,卖盘
13:53:49,104.13,0.0,1,10413,卖盘
13:53:58,104.14,0.01,4,41656,买盘
13:54:08,104.21,0.07,6,62517,买盘
13:54:13,104.22,0.01,1,10422,买盘
13:54:16,104.21,-0.01,6,62526,卖盘
13:54:25,104.14,-0.07,6,62512,卖盘
13:54:41,104.14,0.0,14,145796,卖盘
13:54:46,104.14,0.0,8,83312,卖盘
13:54:49,104.13,-0.01,3,31241,卖盘
13:54:55,104.14,0.01,1,10414,中性盘
13:54:58,104.13,-0.01,13,135414,卖盘
13:55:11,104.13,0.0,2,20826,卖盘
13:55:23,104.19,0.06,5,52091,买盘
13:55:34,104.18,-0.01,4,41672,买盘
13:55:43,104.19,0.01,7,72930,买盘
13:55:46,104.19,0.0,10,104153,买盘
13:55:49,104.2,0.01,13,135436,买盘
13:56:01,104.19,-0.01,1,10419,中性盘
13:56:04,104.2,0.01,42,437640,买盘
13:56:08,104.19,-0.01,14,145866,卖盘
13:56:11,104.2,0.01,5,52085,买盘
13:56:16,104.21,0.01,1,10421,买盘
13:56:19,104.22,0.01,2,20842,买盘
13:56:22,104.2,-0.02,12,125040,买盘
13:56:25,104.2,0.0,3,31258,买盘
13:56:28,104.2,0.0,4,41676,买盘
13:56:35,104.2,0.0,1,10420,买盘
13:56:38,104.2,0.0,1,10420,买盘
13:56:41,104.22,0.02,2,20842,买盘
13:56:43,104.2,-0.02,1,10420,卖盘
13:56:46,104.2,0.0,9,93780,卖盘
13:56:49,104.19,-0.01,19,197978,卖盘
13:56:53,104.2,0.01,19,197976,买盘
13:56:55,104.19,-0.01,3,31258,卖盘
13:56:58,104.17,-0.02,3,31251,卖盘
13:57:01,104.16,-0.01,4,41665,卖盘
13:57:11,104.16,0.0,3,31250,卖盘
13:57:13,104.18,0.02,1,10418,中性盘
13:57:23,104.18,0.0,1,10418,卖盘
13:57:25,104.18,0.0,8,83344,卖盘
13:57:28,104.17,-0.01,13,135441,卖盘
13:57:38,104.19,0.02,2,20838,买盘
13:57:46,104.18,-0.01,9,93762,卖盘
13:57:50,104.18,0.0,10,104188,卖盘
13:57:53,104.19,0.01,8,83352,买盘
13:57:55,104.18,-0.01,13,135434,卖盘
13:58:10,104.17,-0.01,2,20834,卖盘
13:58:13,104.18,0.01,10,104180,买盘
13:58:16,104.18,0.0,3,31254,买盘
13:58:23,104.18,0.0,3,31254,卖盘
13:58:25,104.18,0.0,8,83340,卖盘
13:58:28,104.17,-0.01,4,41668,卖盘
13:58:34,104.16,-0.01,11,114582,卖盘
13:58:37,104.16,0.0,2,20832,中性盘
13:58:41,104.16,0.0,2,20832,卖盘
13:58:46,104.16,0.0,14,145816,卖盘
13:58:53,104.16,0.0,10,104160,卖盘
13:58:55,104.16,0.0,1,10416,卖盘
13:58:58,104.15,-0.01,5,52075,卖盘
13:59:07,104.15,0.0,19,197895,卖盘
13:59:11,104.12,-0.03,4,41654,卖盘
13:59:14,104.15,0.03,11,114565,卖盘
13:59:16,104.15,0.0,2,20830,卖盘
13:59:19,104.15,0.0,5,52075,卖盘
13:59:23,104.15,0.0,3,31242,卖盘
13:59:25,104.15,0.0,1,10415,卖盘
13:59:31,104.1,-0.05,7,72874,卖盘
13:59:38,104.11,0.01,3,31233,卖盘
13:59:44,104.12,0.01,14,145768,卖盘
13:59:46,104.11,-0.01,10,104114,卖盘
13:59:49,104.11,0.0,2,20822,卖盘
13:59:53,104.11,0.0,17,176987,卖盘
13:59:55,104.11,0.0,1,10411,中性盘
13:59:58,104.1,-0.01,19,197783,中性盘
14:00:01,104.07,-0.03,8,83251,卖盘
14:00:04,104.06,-0.01,4,41625,卖盘
14:00:10,104.03,-0.03,7,72826,卖盘
14:00:13,104.01,-0.02,8,83214,卖盘
14:00:16,104.01,0.0,4,41604,卖盘
14:00:28,104.01,0.0,28,291316,卖盘
14:00:31,104.01,0.0,6,62426,卖盘
14:00:34,104.01,0.0,6,62407,卖盘
14:00:38,104.0,-0.01,20,208018,卖盘
14:00:40,104.02,0.02,8,83208,买盘
14:00:44,103.99,-0.03,7,72795,卖盘
14:00:46,104.11,0.12,12,124778,买盘
14:00:50,104.15,0.04,7,72895,买盘
14:00:53,104.11,-0.04,16,166576,中性盘
14:01:01,103.94,-0.17,2,20788,卖盘
14:01:05,103.94,0.0,2,20788,卖盘
14:01:08,103.95,0.01,2,20790,卖盘
14:01:11,104.0,0.05,4,41584,中性盘
14:01:23,103.95,-0.05,3,31185,卖盘
14:01:26,103.95,0.0,5,51975,卖盘
14:01:31,103.95,0.0,16,166500,卖盘
14:01:34,103.95,0.0,2,20790,卖盘
14:01:38,104.1,0.15,10,104100,买盘
14:01:41,104.1,0.0,6,62460,中性盘
14:01:43,104.1,0.0,3,31230,卖盘
14:01:46,103.95,-0.15,10,103950,卖盘
14:01:53,104.08,0.13,1,10408,中性盘
14:02:08,103.95,-0.13,2,20790,卖盘
14:02:11,103.95,0.0,4,41580,卖盘
14:02:23,104.0,0.05,2,20800,卖盘
14:02:28,104.01,0.01,2,20802,买盘
14:02:31,104.02,0.01,8,83210,买盘
14:02:35,104.02,0.0,2,20804,买盘
14:02:46,104.01,-0.01,9,93609,卖盘
14:02:55,104.02,0.01,1,10402,买盘
14:02:58,104.0,-0.02,4,41605,卖盘
14:03:04,104.0,0.0,1,10400,卖盘
14:03:08,104.0,0.0,2,20800,卖盘
14:03:13,104.0,0.0,2,20802,卖盘
14:03:16,104.01,0.01,3,31204,中性盘
14:03:19,104.02,0.01,4,41608,买盘
14:03:23,104.02,0.0,1,10402,卖盘
14:03:28,104.03,0.01,3,31209,卖盘
14:03:34,104.04,0.01,4,41613,中性盘
14:03:38,104.03,-0.01,3,31209,卖盘
14:03:40,104.03,0.0,1,10403,卖盘
14:03:43,104.03,0.0,8,83224,卖盘
14:03:46,104.03,0.0,14,145627,买盘
14:03:50,104.01,-0.02,2,20802,卖盘
14:03:52,104.01,0.0,15,156014,卖盘
14:03:56,104.01,0.0,6,62405,买盘
14:03:58,104.01,0.0,2,20802,卖盘
14:04:01,104.02,0.01,8,83216,卖盘
14:04:04,104.02,0.0,6,62410,买盘
14:04:08,104.01,-0.01,14,145614,卖盘
14:04:10,104.0,-0.01,26,270385,卖盘
14:04:14,103.96,-0.04,21,218392,卖盘
14:04:19,103.95,-0.01,3,31188,卖盘
14:04:22,103.94,-0.01,2,20788,卖盘
14:04:25,103.95,0.01,2,20793,卖盘
14:04:38,103.95,0.0,8,83162,卖盘
14:04:46,103.95,0.0,9,93555,卖盘
14:04:52,103.95,0.0,2,20790,卖盘
14:04:55,103.95,0.0,3,31186,卖盘
14:04:58,103.97,0.02,7,72779,买盘
14:05:04,103.97,0.0,3,31191,卖盘
14:05:14,103.97,0.0,4,41588,卖盘
14:05:31,103.97,0.0,2,20794,卖盘
14:05:38,103.98,0.01,2,20796,买盘
14:05:43,103.97,-0.01,2,20794,卖盘
14:05:49,103.98,0.01,21,218345,买盘
14:05:53,103.95,-0.03,3,31185,卖盘
14:06:01,103.95,0.0,4,41586,卖盘
14:06:25,103.98,0.03,4,41592,买盘
14:06:28,103.99,0.01,13,135187,买盘
14:06:31,104.0,0.01,25,260000,买盘
14:06:34,104.03,0.03,23,239253,买盘
14:06:38,104.04,0.01,2,20808,买盘
14:06:40,104.09,0.05,4,41636,买盘
14:06:43,104.1,0.01,34,353940,买盘
14:06:46,104.12,0.02,28,291517,买盘
14:06:50,104.15,0.03,18,187440,买盘
14:06:52,104.15,0.0,22,229154,卖盘
14:06:55,104.16,0.01,1,10416,中性盘
14:06:58,104.18,0.02,11,114592,买盘
14:07:01,104.2,0.02,36,375116,买盘
14:07:04,104.18,-0.02,14,145832,中性盘
14:07:07,104.19,0.01,3,31249,中性盘
14:07:11,104.15,-0.04,24,250012,卖盘
14:07:13,104.19,0.04,54,562452,买盘
14:07:16,104.12,-0.07,4,41655,卖盘
14:07:28,104.2,0.08,10,104200,买盘
14:07:35,104.15,-0.05,14,145810,卖盘
14:07:40,104.16,0.01,1,10416,买盘
14:07:43,104.16,0.0,3,31248,买盘
14:07:49,104.17,0.01,11,114586,中性盘
14:07:53,104.17,0.0,10,104178,卖盘
14:07:55,104.18,0.01,10,104171,买盘
14:08:01,104.15,-0.03,13,135418,卖盘
14:08:04,104.15,0.0,3,31246,卖盘
14:08:08,104.15,0.0,1,10415,中性盘
14:08:10,104.16,0.01,1,10416,买盘
14:08:13,104.14,-0.02,3,31238,中性盘
14:08:16,104.12,-0.02,6,62474,卖盘
14:08:20,104.16,0.04,9,93741,买盘
14:08:25,104.15,-0.01,4,41650,中性盘
14:08:28,104.13,-0.02,1,10413,卖盘
14:08:31,104.09,-0.04,5,52049,卖盘
14:08:35,104.13,0.04,7,72891,买盘
14:08:37,104.13,0.0,4,41652,卖盘
14:08:40,104.14,0.01,2,20828,中性盘
14:08:43,104.14,0.0,21,218694,卖盘
14:08:50,104.14,0.0,14,145798,卖盘
14:08:53,104.15,0.01,17,177055,买盘
14:08:55,104.15,0.0,1,10415,卖盘
14:08:58,104.14,-0.01,2,20828,卖盘
14:09:10,104.15,0.01,2,20830,买盘
14:09:23,104.15,0.0,1,10415,卖盘
14:09:25,104.15,0.0,1,10415,卖盘
14:09:28,104.15,0.0,1,10415,卖盘
14:09:34,104.15,0.0,2,20830,卖盘
14:09:38,104.15,0.0,1,10415,卖盘
14:09:41,104.15,0.0,2,16352,卖盘
14:09:43,104.15,0.0,16,166640,卖盘
14:09:46,104.15,0.0,2,20830,卖盘
14:09:49,104.15,0.0,10,104150,卖盘
14:09:55,104.14,-0.01,15,160698,卖盘
14:09:58,104.09,-0.05,12,124973,卖盘
14:10:01,104.04,-0.05,2,20809,卖盘
14:10:05,104.04,0.0,8,83244,卖盘
14:10:08,104.01,-0.03,2,20806,卖盘
14:10:13,104.01,0.0,12,124824,卖盘
14:10:19,104.01,0.0,7,72839,卖盘
14:10:23,104.0,-0.01,8,83202,卖盘
14:10:25,104.0,0.0,1,10400,买盘
14:10:28,104.01,0.01,5,52005,卖盘
14:10:31,104.02,0.01,16,166458,卖盘
14:10:34,104.03,0.01,2,20806,卖盘
14:10:37,104.03,0.0,3,31209,卖盘
14:10:43,104.03,0.0,3,31209,买盘
14:10:46,104.05,0.02,3,31213,买盘
14:10:50,104.04,-0.01,13,135243,卖盘
14:11:01,104.08,0.04,1,10408,卖盘
14:11:08,104.08,0.0,1,10408,卖盘
14:11:16,104.1,0.02,1,10410,卖盘
14:11:22,104.11,0.01,5,52055,卖盘
14:11:25,104.12,0.01,4,41648,买盘
14:11:28,104.12,0.0,22,229064,买盘
14:11:31,104.12,0.0,2,20824,卖盘
14:11:38,104.14,0.02,5,52067,买盘
14:11:41,104.16,0.02,33,339229,买盘
14:11:43,104.17,0.01,4,41668,买盘
14:11:46,104.18,0.01,1,10418,买盘
14:11:50,104.18,0.0,14,145834,买盘
14:11:55,104.18,0.0,10,104180,中性盘
14:11:58,104.18,0.0,4,41672,卖盘
14:12:08,104.18,0.0,2,20836,卖盘
14:12:10,104.18,0.0,17,177106,卖盘
14:12:13,104.18,0.0,8,83341,买盘
14:12:20,104.19,0.01,49,510513,买盘
14:12:25,104.14,-0.05,2,20831,卖盘
14:12:28,104.18,0.04,20,208319,买盘
14:12:35,104.15,-0.03,4,41657,中性盘
14:12:38,104.17,0.02,3,31249,买盘
14:12:40,104.14,-0.03,10,104140,卖盘
14:12:46,104.16,0.02,3,31244,买盘
14:12:49,104.12,-0.04,20,208275,卖盘
14:12:53,104.14,0.02,2,20829,中性盘
14:13:01,104.14,0.0,2,20828,卖盘
14:13:08,104.14,0.0,2,20829,卖盘
14:13:13,104.14,0.0,8,83312,卖盘
14:13:16,104.14,0.0,2,20828,卖盘
14:13:20,104.15,0.01,6,62490,买盘
14:13:23,104.16,0.01,3,31248,买盘
14:13:31,104.15,-0.01,1,10415,卖盘
14:13:43,104.15,0.0,1,10415,卖盘
14:13:46,104.15,0.0,4,41660,卖盘
14:13:49,104.15,0.0,1,10415,卖盘
14:13:53,104.16,0.01,27,281215,买盘
14:13:55,104.15,-0.01,5,52076,卖盘
14:14:10,104.16,0.01,10,104160,买盘
14:14:19,104.15,-0.01,2,20830,卖盘
14:14:23,104.17,0.02,27,281273,买盘
14:14:25,104.15,-0.02,6,62492,卖盘
14:14:28,104.15,0.0,1,10415,卖盘
14:14:34,104.15,0.0,3,31245,卖盘
14:14:38,104.15,0.0,1,10415,卖盘
14:14:40,104.15,0.0,3,31245,卖盘
14:14:43,104.15,0.0,2,20830,卖盘
14:14:47,104.14,-0.01,11,114562,卖盘
14:14:50,104.12,-0.02,4,41652,卖盘
14:14:53,104.12,0.0,7,72884,买盘
14:14:55,104.11,-0.01,1,10411,卖盘
14:14:58,104.12,0.01,10,104120,卖盘
14:15:02,104.11,-0.01,21,218658,卖盘
14:15:04,104.08,-0.03,7,72868,卖盘
14:15:08,104.08,0.0,4,41624,卖盘
14:15:19,104.1,0.02,3,31230,买盘
14:15:23,104.1,0.0,1,10410,买盘
14:15:26,104.1,0.0,6,62457,买盘
14:15:28,104.08,-0.02,2,20816,卖盘
14:15:40,104.1,0.02,3,31230,买盘
14:15:43,104.09,-0.01,5,52045,卖盘
14:15:47,104.1,0.01,2,20820,买盘
14:15:49,104.08,-0.02,26,270638,卖盘
14:15:53,104.1,0.02,18,187375,买盘
14:15:58,104.09,-0.01,3,31225,买盘
14:16:02,104.09,0.0,5,52045,卖盘
14:16:08,104.1,0.01,7,72868,买盘
14:16:10,104.09,-0.01,1,10409,卖盘
14:16:17,104.09,0.0,6,62454,卖盘
14:16:20,104.08,-0.01,1,10408,卖盘
14:16:25,104.09,0.01,1,10409,买盘
14:16:28,104.09,0.0,5,52045,买盘
14:16:31,104.08,-0.01,5,52040,卖盘
14:16:34,104.08,0.0,4,41632,卖盘
14:16:40,104.09,0.01,8,83272,买盘
14:16:44,104.09,0.0,2,20818,卖盘
14:16:47,104.09,0.0,4,41636,卖盘
14:16:50,104.08,-0.01,8,83264,卖盘
14:16:53,104.1,0.02,11,114503,买盘
14:16:55,104.08,-0.02,1,10408,卖盘
14:16:58,104.08,0.0,2,20816,卖盘
14:17:04,104.1,0.02,13,135326,买盘
14:17:07,104.1,0.0,2,20820,卖盘
14:17:13,104.11,0.01,3,31233,买盘
14:17:26,104.1,-0.01,1,10410,卖盘
14:17:28,104.11,0.01,3,31233,买盘
14:17:32,104.1,-0.01,22,229035,卖盘
14:17:35,104.1,0.0,8,83280,卖盘
14:17:37,104.08,-0.02,9,93686,卖盘
14:17:41,104.12,0.04,4,41640,买盘
14:17:49,104.08,-0.04,9,93672,卖盘
14:17:52,104.1,0.02,2,20820,买盘
14:17:55,104.08,-0.02,15,156120,卖盘
14:17:58,104.08,0.0,3,31224,买盘
14:18:01,104.04,-0.04,3,31212,卖盘
14:18:05,104.04,0.0,2,20808,卖盘
14:18:08,104.08,0.04,4,41624,买盘
14:18:14,104.04,-0.04,4,41618,卖盘
14:18:19,104.08,0.04,14,145700,买盘
14:18:29,104.04,-0.04,2,20810,卖盘
14:18:38,104.06,0.02,26,270580,买盘
14:18:47,104.06,0.0,4,41627,卖盘
14:18:50,104.1,0.04,8,83255,买盘
14:18:52,104.04,-0.06,17,176886,卖盘
14:18:56,104.05,0.01,4,41623,卖盘
14:19:01,104.05,0.0,2,20810,买盘
14:19:04,104.05,0.0,6,62425,中性盘
14:19:07,104.06,0.01,1,10406,买盘
14:19:11,104.04,-0.02,60,624235,卖盘
14:19:12,104.04,0.0,22,228874,买盘
14:19:16,104.04,0.0,7,72824,买盘
14:19:20,104.02,-0.02,1,10402,卖盘
14:19:31,104.02,0.0,1,10402,卖盘
14:19:37,104.02,0.0,1,10402,卖盘
14:19:44,104.02,0.0,3,31206,卖盘
14:19:47,104.02,0.0,7,72814,卖盘
14:19:50,104.02,0.0,6,62407,买盘
14:19:53,104.01,-0.01,11,114404,卖盘
14:19:58,104.01,0.0,1,10401,卖盘
14:20:02,104.02,0.01,6,62412,买盘
14:20:05,104.03,0.01,3,31207,买盘
14:20:08,104.03,0.0,2,20806,卖盘
14:20:10,104.03,0.0,2,20806,卖盘
14:20:14,104.02,-0.01,22,228874,卖盘
14:20:20,104.02,0.0,11,114426,卖盘
14:20:23,104.02,0.0,1,10402,卖盘
14:20:32,104.02,0.0,19,197638,卖盘
14:20:40,104.02,0.0,7,72815,卖盘
14:20:44,104.02,0.0,1,10402,卖盘
14:20:50,104.03,0.01,16,166445,买盘
14:20:53,104.02,-0.01,12,124832,卖盘
14:20:56,104.03,0.01,5,52013,中性盘
14:20:58,104.02,-0.01,1,10402,卖盘
14:21:01,104.03,0.01,5,52015,买盘
14:21:05,104.02,-0.01,6,62414,卖盘
14:21:10,104.02,0.0,1,10402,卖盘
14:21:14,104.02,0.0,3,31206,卖盘
14:21:20,104.02,0.0,3,31206,卖盘
14:21:23,104.02,0.0,1,10402,卖盘
14:21:28,104.02,0.0,1,10402,卖盘
14:21:34,104.02,0.0,1,10402,卖盘
14:21:40,104.03,0.01,12,124835,买盘
14:21:44,104.03,0.0,1,10403,买盘
14:21:46,104.02,-0.01,31,322462,卖盘
14:21:50,104.02,0.0,15,156030,卖盘
14:21:52,104.01,-0.01,15,156018,卖盘
14:22:04,104.0,-0.01,4,41600,卖盘
14:22:08,104.0,0.0,1,10400,卖盘
14:22:10,104.01,0.01,6,62406,买盘
14:22:14,104.0,-0.01,2,20800,卖盘
14:22:16,104.0,0.0,1,10400,卖盘
14:22:20,104.0,0.0,3,31200,卖盘
14:22:22,104.0,0.0,1,10400,卖盘
14:22:29,104.0,0.0,1,10400,卖盘
14:22:31,104.0,0.0,13,135210,卖盘
14:22:40,104.01,0.01,6,62406,买盘
14:22:44,104.01,0.0,9,93609,买盘
14:22:46,104.01,0.0,3,31203,买盘
14:22:50,104.01,0.0,6,62412,卖盘
14:22:51,104.0,-0.01,9,93608,卖盘
14:22:56,104.0,0.0,3,31206,卖盘
14:22:58,104.0,0.0,2,20800,卖盘
14:23:02,104.03,0.03,1,10403,买盘
14:23:05,104.0,-0.03,7,72801,卖盘
14:23:08,104.0,0.0,1,10400,卖盘
14:23:10,104.03,0.03,1,10403,买盘
14:23:16,104.03,0.0,4,41606,买盘
14:23:19,104.03,0.0,6,62408,中性盘
14:23:26,104.03,0.0,3,31209,卖盘
14:23:29,104.03,0.0,2,20806,卖盘
14:23:31,104.04,0.01,6,62424,买盘
14:23:34,104.03,-0.01,7,72826,卖盘
14:23:40,104.05,0.02,1,10405,买盘
14:23:50,104.05,0.0,9,93637,买盘
14:23:53,104.04,-0.01,13,135254,卖盘
14:23:55,104.04,0.0,5,52025,卖盘
14:23:58,104.05,0.01,2,20810,卖盘
14:24:08,104.05,0.0,1,10405,卖盘
14:24:10,104.1,0.05,12,124907,买盘
14:24:16,104.05,-0.05,7,72835,卖盘
14:24:20,104.05,0.0,3,31215,卖盘
14:24:22,104.04,-0.01,9,93643,卖盘
14:24:25,104.04,0.0,37,384948,卖盘
14:24:29,104.03,-0.01,10,104030,卖盘
14:24:32,104.03,0.0,2,20806,卖盘
14:24:41,104.03,0.0,7,72825,卖盘
14:24:47,104.03,0.0,13,135239,卖盘
14:24:49,104.03,0.0,9,93627,卖盘
14:24:53,104.03,0.0,14,145631,卖盘
14:24:56,104.03,0.0,13,135239,卖盘
14:24:58,104.01,-0.02,2,20802,卖盘
14:25:02,104.04,0.03,11,114444,买盘
14:25:05,104.01,-0.03,2,20802,卖盘
14:25:08,104.01,0.0,1,10401,卖盘
14:25:17,104.01,0.0,5,52005,卖盘
14:25:20,104.01,0.0,3,31203,卖盘
14:25:25,104.03,0.02,5,52009,买盘
14:25:29,104.01,-0.02,2,20802,卖盘
14:25:31,104.01,0.0,1,10401,卖盘
14:25:35,104.01,0.0,2,20802,卖盘
14:25:38,104.01,0.0,10,104012,卖盘
14:25:50,104.01,0.0,3,31203,卖盘
14:25:53,104.01,0.0,18,187227,卖盘
14:25:55,104.01,0.0,2,20802,卖盘
14:25:58,104.02,0.01,15,156022,买盘
14:26:01,104.02,0.0,2,20804,卖盘
14:26:11,104.0,-0.02,5,52009,卖盘
14:26:17,104.0,0.0,2,20802,卖盘
14:26:22,104.0,0.0,3,31200,卖盘
14:26:31,104.03,0.03,2,20806,卖盘
14:26:34,104.03,0.0,2,20806,卖盘
14:26:43,104.0,-0.03,14,145638,卖盘
14:26:45,104.0,0.0,2,20800,卖盘
14:26:49,104.0,0.0,3,31200,卖盘
14:26:53,104.0,0.0,9,93600,卖盘
14:26:55,104.0,0.0,3,31200,卖盘
14:26:58,104.0,0.0,3,31200,卖盘
14:27:02,104.01,0.01,1,10401,买盘
14:27:04,104.0,-0.01,7,72805,卖盘
14:27:10,104.0,0.0,1,10400,卖盘
14:27:23,104.0,0.0,10,104006,卖盘
14:27:25,104.0,0.0,4,41600,卖盘
14:27:32,104.04,0.04,11,114440,买盘
14:27:34,104.05,0.01,13,135264,买盘
14:27:38,104.0,-0.05,3,31200,卖盘
14:27:41,104.0,0.0,2,20800,卖盘
14:27:46,104.0,0.0,1,10400,卖盘
14:27:49,104.0,0.0,4,41600,卖盘
14:27:52,104.0,0.0,3,31200,卖盘
14:27:56,104.0,0.0,10,104000,卖盘
14:28:02,104.0,0.0,1,10400,卖盘
14:28:04,104.0,0.0,2,20800,卖盘
14:28:10,104.0,0.0,11,114400,卖盘
14:28:16,104.01,0.01,5,52005,买盘
14:28:19,104.0,-0.01,1,10400,卖盘
14:28:23,104.05,0.05,27,280832,买盘
14:28:26,104.01,-0.04,3,31203,中性盘
14:28:28,104.01,0.0,2,20802,卖盘
14:28:35,104.01,0.0,1,10401,卖盘
14:28:37,104.01,0.0,1,10401,卖盘
14:28:40,104.01,0.0,3,31203,卖盘
14:28:46,104.02,0.01,4,41605,买盘
14:28:53,104.01,-0.01,11,114411,卖盘
14:28:54,104.01,0.0,2,20802,卖盘
14:29:04,104.01,0.0,2,20802,卖盘
14:29:10,104.05,0.04,4,41612,买盘
14:29:17,104.05,0.0,18,187290,买盘
14:29:19,104.04,-0.01,2,20808,中性盘
14:29:21,104.02,-0.02,3,31206,卖盘
14:29:25,104.03,0.01,1,10403,卖盘
14:29:38,104.03,0.0,4,41612,卖盘
14:29:40,104.03,0.0,3,31209,卖盘
14:29:46,104.02,-0.01,8,83220,卖盘
14:29:50,104.02,0.0,1,10402,卖盘
14:29:52,104.02,0.0,13,135226,卖盘
14:29:55,104.02,0.0,2,20804,卖盘
14:29:58,104.02,0.0,1,10402,卖盘
14:30:01,104.03,0.01,12,124836,买盘
14:30:06,104.03,0.0,2,20805,买盘
14:30:16,104.02,-0.01,2,20804,卖盘
14:30:20,104.03,0.01,3,31209,买盘
14:30:21,104.02,-0.01,3,31206,卖盘
14:30:26,104.01,-0.01,14,145626,卖盘
14:30:37,104.01,0.0,1,10401,卖盘
14:30:41,104.02,0.01,1,10402,买盘
14:30:43,104.02,0.0,11,114422,买盘
14:30:47,104.02,0.0,9,93618,买盘
14:30:52,104.03,0.01,13,135236,买盘
14:30:56,104.02,-0.01,12,124820,卖盘
14:30:58,104.02,0.0,1,10402,卖盘
14:31:05,104.03,0.01,1,10403,买盘
14:31:08,104.02,-0.01,2,20804,卖盘
14:31:11,104.03,0.01,1,10403,买盘
14:31:13,104.02,-0.01,2,20805,卖盘
14:31:16,104.03,0.01,7,72820,买盘
14:31:22,104.02,-0.01,3,31206,卖盘
14:31:24,104.02,0.0,2,20804,卖盘
14:31:32,104.02,0.0,15,156030,卖盘
14:31:34,104.02,0.0,10,104018,买盘
14:31:38,104.02,0.0,6,62412,买盘
14:31:40,104.01,-0.01,1,10401,卖盘
14:31:43,104.02,0.01,1,10402,卖盘
14:31:46,104.02,0.0,8,83218,卖盘
14:31:49,104.03,0.01,2,20806,买盘
14:31:52,104.02,-0.01,15,156040,卖盘
14:31:56,104.03,0.01,33,343281,买盘
14:31:58,104.02,-0.01,5,52010,卖盘
14:32:07,104.02,0.0,5,52011,卖盘
14:32:11,104.02,0.0,1,10402,卖盘
14:32:17,104.02,0.0,5,52013,卖盘
14:32:19,104.03,0.01,4,41612,买盘
14:32:23,104.02,-0.01,14,145644,卖盘
14:32:28,104.04,0.02,2,20808,买盘
14:32:31,104.04,0.0,8,83232,买盘
14:32:34,104.03,-0.01,6,62420,卖盘
14:32:37,104.04,0.01,3,31208,买盘
14:32:41,104.03,-0.01,6,62418,中性盘
14:32:43,104.04,0.01,2,20807,买盘
14:32:48,104.04,0.0,4,41614,买盘
14:32:53,104.02,-0.02,6,62418,卖盘
14:32:55,104.01,-0.01,12,124820,卖盘
14:32:59,104.02,0.01,2,20804,卖盘
14:33:02,104.02,0.0,3,31207,卖盘
14:33:04,104.03,0.01,3,31209,买盘
14:33:06,104.02,-0.01,4,41610,卖盘
14:33:13,104.02,0.0,2,20804,卖盘
14:33:17,104.02,0.0,4,41608,卖盘
14:33:20,104.03,0.01,1,10403,买盘
14:33:22,104.02,-0.01,16,166445,卖盘
14:33:26,104.03,0.01,5,52012,买盘
14:33:29,104.02,-0.01,3,31207,卖盘
14:33:30,104.03,0.01,1,10403,买盘
14:33:35,104.02,-0.01,2,20804,卖盘
14:33:37,104.03,0.01,6,62416,买盘
14:33:45,104.03,0.0,4,41612,买盘
14:33:50,104.03,0.0,3,31208,买盘
14:33:55,104.01,-0.02,11,114420,卖盘
14:33:57,104.01,0.0,5,52005,卖盘
14:34:08,104.02,0.01,9,93615,买盘
14:34:10,104.01,-0.01,1,10401,卖盘
14:34:12,104.01,0.0,2,20802,卖盘
14:34:16,104.0,-0.01,6,62408,卖盘
14:34:20,104.0,0.0,8,83207,卖盘
14:34:26,104.0,0.0,21,218434,卖盘
14:34:32,104.01,0.01,3,31203,卖盘
14:34:34,104.01,0.0,6,62411,卖盘
14:34:37,104.0,-0.01,2,20800,卖盘
14:34:44,104.01,0.01,16,166434,中性盘
14:34:47,104.03,0.02,2,20804,买盘
14:34:52,104.0,-0.03,3,31200,卖盘
14:34:55,104.0,0.0,14,145602,卖盘
14:34:58,104.0,0.0,39,405600,卖盘
14:35:01,104.0,0.0,2,20800,买盘
14:35:04,103.98,-0.02,1,10398,卖盘
14:35:06,104.0,0.02,2,20800,买盘
14:35:10,104.0,0.0,30,312000,买盘
14:35:17,104.0,0.0,12,124794,买盘
14:35:26,104.0,0.0,5,51989,买盘
14:35:28,103.95,-0.05,4,41584,卖盘
14:35:32,104.0,0.05,3,31196,买盘
14:35:33,103.98,-0.02,1,10398,买盘
14:35:37,103.97,-0.01,1,10397,中性盘
14:35:41,103.97,0.0,5,51983,买盘
14:35:44,103.99,0.02,4,41593,买盘
14:35:47,103.97,-0.02,1,10397,中性盘
14:35:49,103.97,0.0,4,41588,买盘
14:35:53,103.97,0.0,3,31191,卖盘
14:35:55,103.96,-0.01,12,124756,卖盘
14:35:58,104.0,0.04,1,10400,买盘
14:36:01,103.98,-0.02,8,83196,卖盘
14:36:07,103.98,0.0,3,31194,卖盘
14:36:10,104.0,0.02,4,41600,买盘
14:36:14,103.97,-0.03,5,51991,卖盘
14:36:17,103.98,0.01,5,51990,买盘
14:36:19,103.96,-0.02,13,135160,卖盘
14:36:22,103.96,0.0,2,20793,卖盘
14:36:26,103.96,0.0,1,10396,卖盘
14:36:28,103.95,-0.01,6,62372,卖盘
14:36:32,103.95,0.0,8,83160,卖盘
14:36:36,103.95,0.0,6,62370,卖盘
14:36:40,103.96,0.01,6,62376,买盘
14:36:47,103.96,0.0,8,83164,买盘
14:36:53,103.96,0.0,3,31186,买盘
14:36:55,103.95,-0.01,5,51975,卖盘
14:37:01,103.96,0.01,6,62376,买盘
14:37:06,104.0,0.04,269,2798303,买盘
14:37:10,104.0,0.0,16,166400,买盘
14:37:13,104.05,0.05,13,135249,买盘
14:37:17,103.99,-0.06,6,62419,中性盘
14:37:23,104.05,0.06,3,31203,买盘
14:37:26,104.0,-0.05,3,31200,卖盘
14:37:28,104.05,0.05,40,416200,买盘
14:37:34,104.05,0.0,12,124821,买盘
14:37:38,104.02,-0.03,2,20804,卖盘
14:37:44,104.03,0.01,1,10403,买盘
14:37:46,104.03,0.0,1,10403,买盘
14:37:49,104.02,-0.01,3,31207,卖盘
14:37:52,104.03,0.01,13,135233,买盘
14:37:55,104.03,0.0,7,72820,买盘
14:37:58,104.04,0.01,3,31211,买盘
14:38:01,104.03,-0.01,3,31210,卖盘
14:38:05,104.04,0.01,7,72827,买盘
14:38:07,104.03,-0.01,1,10403,卖盘
14:38:10,104.05,0.02,3,31215,买盘
14:38:16,104.04,-0.01,4,41616,卖盘
14:38:20,104.06,0.02,5,52029,买盘
14:38:22,104.06,0.0,2,20812,买盘
14:38:26,104.06,0.0,4,41624,买盘
14:38:28,104.06,0.0,2,20811,买盘
14:38:34,104.05,-0.01,19,197703,卖盘
14:38:38,104.06,0.01,2,20811,中性盘
14:38:41,104.07,0.01,1,10407,中性盘
14:38:45,104.08,0.01,29,301832,买盘
14:38:49,104.09,0.01,2,20818,买盘
14:38:55,104.09,0.0,10,104087,买盘
14:38:59,104.1,0.01,10,104098,买盘
14:39:01,104.08,-0.02,12,124896,卖盘
14:39:05,104.08,0.0,3,31223,买盘
14:39:08,104.08,0.0,8,83276,中性盘
14:39:11,104.08,0.0,8,83264,买盘
14:39:12,104.09,0.01,2,20818,买盘
14:39:16,104.08,-0.01,25,260201,卖盘
14:39:19,104.07,-0.01,21,218565,卖盘
14:39:22,104.08,0.01,54,562030,买盘
14:39:26,104.07,-0.01,13,135296,卖盘
14:39:28,104.07,0.0,4,41628,卖盘
14:39:32,104.07,0.0,11,114477,卖盘
14:39:34,104.06,-0.01,13,135284,卖盘
14:39:37,104.06,0.0,1,10406,卖盘
14:39:40,104.06,0.0,1,10406,卖盘
14:39:49,104.06,0.0,2,20812,卖盘
14:39:53,104.05,-0.01,15,156088,卖盘
14:39:55,104.04,-0.01,1,16648,卖盘
14:40:03,104.05,0.01,3,31214,买盘
14:40:10,104.04,-0.01,1,10404,卖盘
14:40:22,104.04,0.0,2,20808,卖盘
14:40:26,104.04,0.0,1,10404,卖盘
14:40:28,104.04,0.0,11,114444,卖盘
14:40:35,104.04,0.0,10,104028,买盘
14:40:37,104.04,0.0,1,4161,买盘
14:40:40,104.01,-0.03,3,31203,卖盘
14:40:43,104.02,0.01,6,62411,买盘
14:40:49,104.03,0.01,24,249648,买盘
14:40:53,104.01,-0.02,1,10401,卖盘
14:40:56,104.01,0.0,5,52005,卖盘
14:41:01,104.01,0.0,1,10401,卖盘
14:41:04,104.02,0.01,8,83216,买盘
14:41:08,104.01,-0.01,3,31203,卖盘
14:41:10,104.02,0.01,4,41605,买盘
14:41:13,104.03,0.01,4,41609,买盘
14:41:18,104.01,-0.02,2,20802,卖盘
14:41:20,104.03,0.02,11,114421,买盘
14:41:23,104.02,-0.01,1,10402,卖盘
14:41:29,104.01,-0.01,3,31203,卖盘
14:41:32,104.01,0.0,11,114411,卖盘
14:41:35,104.02,0.01,5,52010,买盘
14:41:37,104.01,-0.01,9,93609,卖盘
14:41:41,104.02,0.01,3,31205,买盘
14:41:43,104.01,-0.01,2,20802,卖盘
14:41:46,104.01,0.0,6,62406,卖盘
14:41:49,104.01,0.0,1,10401,卖盘
14:41:52,104.01,0.0,2,20802,卖盘
14:41:58,104.01,0.0,8,83208,卖盘
14:42:01,104.0,-0.01,7,72802,卖盘
14:42:05,104.0,0.0,2,20800,卖盘
14:42:06,104.01,0.01,2,20801,买盘
14:42:11,104.0,-0.01,16,166400,卖盘
14:42:14,104.0,0.0,26,270400,卖盘
14:42:19,104.0,0.0,23,239208,卖盘
14:42:22,104.0,0.0,2,20801,卖盘
14:42:25,104.0,0.0,10,104000,卖盘
14:42:28,104.0,0.0,7,72800,卖盘
14:42:34,103.99,-0.01,16,166404,卖盘
14:42:37,103.99,0.0,6,62394,卖盘
14:42:40,103.99,0.0,2,20798,卖盘
14:42:43,103.99,0.0,3,31197,卖盘
14:42:47,103.99,0.0,2,20798,卖盘
14:42:50,103.97,-0.02,25,259978,卖盘
14:42:58,103.97,0.0,12,124770,卖盘
14:43:05,103.99,0.02,32,332768,买盘
14:43:06,103.96,-0.03,6,62381,卖盘
14:43:11,103.99,0.03,3,31196,买盘
14:43:13,103.96,-0.03,19,197570,卖盘
14:43:20,103.99,0.03,2,20798,买盘
14:43:23,103.96,-0.03,9,93574,卖盘
14:43:28,104.0,0.04,39,405578,买盘
14:43:40,103.98,-0.02,21,218327,买盘
14:43:44,104.01,0.03,21,218385,买盘
14:43:46,104.0,-0.01,27,280823,卖盘
14:43:52,103.98,-0.02,5,51986,中性盘
14:43:58,103.96,-0.02,3,31188,卖盘
14:44:02,103.97,0.01,2,20794,买盘
14:44:05,103.96,-0.01,2,20792,卖盘
14:44:07,103.97,0.01,3,31190,买盘
14:44:11,103.96,-0.01,2,20792,卖盘
14:44:17,103.96,0.0,7,72777,卖盘
14:44:20,103.97,0.01,4,41586,买盘
14:44:25,104.0,0.03,95,987887,买盘
14:44:29,103.97,-0.03,5,51983,中性盘
14:44:34,103.98,0.01,3,31192,买盘
14:44:38,103.97,-0.01,8,83182,卖盘
14:44:44,103.99,0.02,12,124796,卖盘
14:44:46,103.99,0.0,10,103992,卖盘
14:44:53,104.0,0.01,11,114409,中性盘
14:44:56,103.99,-0.01,2,20798,卖盘
14:44:59,104.0,0.01,7,72798,买盘
14:45:04,104.03,0.03,59,613678,买盘
14:45:10,104.0,-0.03,3,31200,中性盘
14:45:16,103.99,-0.01,1,10399,卖盘
14:45:18,103.98,-0.01,20,207990,卖盘
14:45:22,103.98,0.0,1,10398,买盘
14:45:25,103.98,0.0,1,10398,卖盘
14:45:32,103.97,-0.01,14,145575,卖盘
14:45:41,103.99,0.02,15,156027,卖盘
14:45:42,103.99,0.0,2,20798,卖盘
14:45:47,104.0,0.01,1,10400,买盘
14:45:49,103.99,-0.01,3,31197,卖盘
14:45:52,103.99,0.0,1,10399,卖盘
14:45:58,104.0,0.01,1,10400,买盘
14:46:01,103.99,-0.01,1,10399,卖盘
14:46:10,103.99,0.0,4,41596,卖盘
14:46:13,103.99,0.0,2,20798,卖盘
14:46:18,103.99,0.0,1,10399,卖盘
14:46:21,103.99,0.0,2,20798,卖盘
14:46:26,104.03,0.04,49,509656,买盘
14:46:28,104.0,-0.03,4,41600,中性盘
14:46:30,104.0,0.0,2,20800,买盘
14:46:34,104.0,0.0,2,20800,买盘
14:46:37,103.99,-0.01,4,41597,卖盘
14:46:40,104.0,0.01,1,10400,买盘
14:46:43,103.99,-0.01,8,83195,卖盘
14:46:48,104.0,0.01,1,10400,买盘
14:46:49,104.0,0.0,5,51997,买盘
14:46:55,103.99,-0.01,71,738146,卖盘
14:46:58,103.99,0.0,1,10399,中性盘
14:47:05,103.95,-0.04,2,20790,卖盘
14:47:08,103.98,0.03,5,51990,买盘
14:47:16,103.98,0.0,3,31194,买盘
14:47:19,103.98,0.0,2,20794,买盘
14:47:22,103.96,-0.02,2,20792,卖盘
14:47:26,103.98,0.02,3,31194,买盘
14:47:32,103.98,0.0,10,103980,买盘
14:47:34,103.96,-0.02,1,10396,卖盘
14:47:40,103.95,-0.01,2,20790,卖盘
14:47:43,103.94,-0.01,1,10394,卖盘
14:47:50,103.96,0.02,5,51977,买盘
14:47:56,103.96,0.0,3,31187,买盘
14:48:04,103.94,-0.02,5,51970,卖盘
14:48:10,103.94,0.0,5,51972,卖盘
14:48:14,103.94,0.0,3,31182,卖盘
14:48:16,103.95,0.01,20,207881,买盘
14:48:18,103.91,-0.04,1,10391,卖盘
14:48:21,103.93,0.02,1,10393,卖盘
14:48:26,103.93,0.0,2,20786,卖盘
14:48:29,103.93,0.0,4,41575,卖盘
14:48:31,103.93,0.0,2,20786,卖盘
14:48:33,103.94,0.01,3,31181,买盘
14:48:37,103.9,-0.04,2,20780,卖盘
14:48:40,103.92,0.02,1,10392,中性盘
14:48:42,103.92,0.0,3,31172,买盘
14:48:49,103.9,-0.02,3,31170,卖盘
14:48:53,103.9,0.0,4,41560,卖盘
14:48:58,103.9,0.0,3,31170,卖盘
14:49:02,103.9,0.0,6,62344,卖盘
14:49:08,103.9,0.0,5,51950,卖盘
14:49:12,103.9,0.0,2,20780,卖盘
14:49:22,103.9,0.0,1,10390,卖盘
14:49:25,103.9,0.0,2,20780,卖盘
14:49:28,103.9,0.0,1,10390,卖盘
14:49:32,103.9,0.0,8,83122,卖盘
14:49:35,103.9,0.0,4,41560,卖盘
14:49:38,103.91,0.01,2,20781,买盘
14:49:41,103.9,-0.01,4,41561,卖盘
14:49:43,103.9,0.0,4,41561,卖盘
14:49:50,103.91,0.01,3,31172,买盘
14:49:52,103.9,-0.01,4,41560,卖盘
14:49:56,103.91,0.01,1,10391,买盘
14:49:59,103.9,-0.01,9,93510,卖盘
14:50:02,103.91,0.01,2,20782,买盘
14:50:05,103.87,-0.04,46,477906,卖盘
14:50:08,103.87,0.0,3,31161,买盘
14:50:14,103.86,-0.01,4,41544,卖盘
14:50:17,103.84,-0.02,3,31152,卖盘
14:50:20,103.86,0.02,16,166176,买盘
14:50:26,103.86,0.0,2,20772,买盘
14:50:29,103.84,-0.02,30,311539,买盘
