time,price,change,volume,amount,type
09:25:03,1078.0,-9.18,762,82143600,卖盘
09:30:01,1076.01,-1.99,169,18212361,卖盘
09:30:05,1078.0,1.99,401,43224289,买盘
09:30:08,1078.05,0.05,284,30649748,中性盘
09:30:10,1077.88,-0.17,121,12990928,卖盘
09:30:14,1078.0,0.12,139,14973968,买盘
09:30:16,1077.99,-0.01,26,2801193,中性盘
09:30:19,1077.88,-0.11,62,6682714,卖盘
09:30:22,1077.78,-0.1,29,3121615,中性盘
09:30:25,1076.01,-1.77,53,5704555,中性盘
09:30:29,1077.0,0.99,87,9358988,买盘
09:30:31,1077.99,0.99,52,5594984,买盘
09:30:34,1076.0,-1.99,52,5592418,中性盘
09:30:37,1075.55,-0.45,21,2256159,买盘
09:30:40,1074.0,-1.55,38,4085310,中性盘
09:30:44,1076.0,2.0,46,4946960,买盘
09:30:46,1074.0,-2.0,63,6767124,中性盘
09:30:49,1073.51,-0.49,16,1717620,卖盘
09:30:54,1073.95,0.44,74,7938812,中性盘
09:30:55,1076.0,2.05,23,2469836,买盘
09:30:59,1075.92,-0.08,30,3223949,买盘
09:31:01,1075.92,0.0,46,4945194,买盘
09:31:04,1075.92,0.0,16,1720093,买盘
09:31:08,1074.5,-1.42,44,4733129,卖盘
09:31:10,1075.92,1.42,9,968331,买盘
09:31:14,1073.96,-1.96,168,18073275,卖盘
09:31:16,1075.55,1.59,33,3547720,买盘
09:31:19,1075.88,0.33,23,2471457,买盘
09:31:22,1075.55,-0.33,15,1613512,中性盘
09:31:25,1076.0,0.45,78,8382495,买盘
09:31:28,1075.0,-1.0,11,1182780,卖盘
09:31:31,1074.24,-0.76,37,3976198,卖盘
09:31:34,1074.1,-0.14,52,5592368,卖盘
09:31:38,1077.0,2.9,14,1506763,买盘
09:31:40,1077.0,0.0,40,4304083,买盘
09:31:44,1074.24,-2.76,41,4408030,卖盘
09:31:46,1074.24,0.0,78,8378672,买盘
09:31:49,1074.24,0.0,18,1933619,买盘
09:31:52,1076.22,1.98,53,5702434,买盘
09:31:55,1076.0,-0.22,21,2260396,卖盘
09:31:59,1076.8,0.8,25,2690568,中性盘
09:32:01,1076.09,-0.71,25,2691006,中性盘
09:32:05,1077.0,0.91,50,5381182,买盘
09:32:07,1076.0,-1.0,10,1076585,卖盘
09:32:10,1076.8,0.8,40,4306689,中性盘
09:32:14,1077.0,0.2,24,2584422,买盘
09:32:16,1076.0,-1.0,48,5165737,卖盘
09:32:19,1076.9,0.9,28,3014769,买盘
09:32:22,1076.9,0.0,23,2475455,买盘
09:32:25,1075.0,-1.9,32,3442412,卖盘
09:32:29,1077.0,2.0,8,861527,买盘
09:32:31,1076.0,-1.0,29,3122680,卖盘
09:32:34,1076.99,0.99,19,2046214,买盘
09:32:38,1076.8,-0.19,66,7108098,卖盘
09:32:40,1077.05,0.25,28,3015406,买盘
09:32:44,1077.05,0.0,74,7962371,买盘
09:32:46,1076.79,-0.26,17,1830815,卖盘
09:32:49,1076.79,0.0,14,1507578,买盘
09:32:52,1077.05,0.26,7,753890,中性盘
09:32:56,1077.46,0.41,17,1831283,买盘
09:32:59,1077.44,-0.02,7,769305,卖盘
09:33:01,1078.0,0.56,13,1401307,买盘
09:33:05,1078.0,0.0,8,862333,买盘
09:33:08,1077.89,-0.11,3,323369,卖盘
09:33:10,1078.05,0.16,5,539007,买盘
09:33:14,1077.9,-0.15,13,1401385,卖盘
09:33:16,1078.49,0.59,6,646874,买盘
09:33:19,1078.99,0.5,13,1401768,买盘
09:33:22,1078.5,-0.49,18,1941326,卖盘
09:33:25,1077.99,-0.51,46,4970582,卖盘
09:33:29,1078.05,0.06,18,1941177,卖盘
09:33:31,1078.58,0.53,17,1833342,中性盘
09:33:35,1078.7,0.12,15,1618010,中性盘
09:33:38,1078.49,-0.21,20,2157270,卖盘
09:33:40,1078.7,0.21,10,1078688,买盘
09:33:44,1078.7,0.0,12,1294718,卖盘
09:33:47,1078.7,0.0,14,1510379,卖盘
09:33:49,1078.78,0.08,4,431535,中性盘
09:33:52,1079.0,0.22,23,2481569,买盘
09:33:55,1079.77,0.77,11,1187208,买盘
09:33:59,1079.0,-0.77,2,215809,卖盘
09:34:01,1079.77,0.77,16,1726640,中性盘
09:34:05,1079.9,0.13,18,1943808,买盘
09:34:08,1079.0,-0.9,42,4534271,卖盘
09:34:10,1079.98,0.98,5,539864,买盘
09:34:14,1079.9,-0.08,2,215970,中性盘
09:34:16,1079.95,0.05,4,431995,卖盘
09:34:20,1079.98,0.03,21,2267958,中性盘
09:34:22,1079.95,-0.03,15,1619901,卖盘
09:34:25,1079.95,0.0,7,755939,买盘
09:34:28,1079.75,-0.2,37,3995105,卖盘
09:34:31,1079.95,0.2,16,1727730,买盘
09:34:35,1079.5,-0.45,11,1187712,卖盘
09:34:37,1079.95,0.45,29,3131792,买盘
09:34:40,1079.8,-0.15,8,863875,中性盘
09:34:43,1079.95,0.15,8,863903,买盘
09:34:46,1079.95,0.0,17,1835883,买盘
09:34:50,1079.95,0.0,4,431980,买盘
09:34:53,1079.95,0.0,7,755902,买盘
09:34:55,1079.95,0.0,17,1835477,买盘
09:34:59,1079.8,-0.15,23,2483424,中性盘
09:35:02,1079.95,0.15,26,2807147,买盘
09:35:04,1079.6,-0.35,7,755860,卖盘
09:35:08,1079.93,0.33,18,1943730,中性盘
09:35:11,1079.94,0.01,5,539903,买盘
09:35:14,1079.61,-0.33,12,1295691,卖盘
09:35:17,1079.93,0.32,2,215972,买盘
09:35:20,1079.74,-0.19,7,755846,卖盘
09:35:23,1079.93,0.19,10,1079689,买盘
09:35:26,1079.6,-0.33,9,971701,卖盘
09:35:29,1079.93,0.33,16,1727626,买盘
09:35:32,1079.61,-0.32,3,323882,卖盘
09:35:34,1079.79,0.18,9,971811,买盘
09:35:38,1079.79,0.0,11,1187745,买盘
09:35:40,1079.8,0.01,10,1079785,买盘
09:35:44,1079.61,-0.19,17,1835589,卖盘
09:35:47,1079.61,0.0,5,539805,买盘
09:35:50,1079.61,0.0,15,1619415,买盘
09:35:52,1079.61,0.0,7,755722,中性盘
09:35:56,1079.61,0.0,5,550597,买盘
09:35:59,1079.61,0.0,12,1295534,买盘
09:36:02,1079.6,-0.01,17,1835330,卖盘
09:36:05,1079.61,0.01,10,1079608,买盘
09:36:08,1079.61,0.0,11,1187594,卖盘
09:36:11,1079.7,0.09,4,431870,买盘
09:36:14,1079.76,0.06,4,431868,买盘
09:36:17,1079.68,-0.08,18,1943432,中性盘
09:36:20,1079.7,0.02,12,1295564,中性盘
09:36:23,1079.7,0.0,21,2267302,买盘
09:36:26,1079.7,0.0,10,1079733,买盘
09:36:29,1079.61,-0.09,18,1943526,卖盘
09:36:32,1079.7,0.09,1,107970,中性盘
09:36:35,1079.7,0.0,35,3778807,卖盘
09:36:38,1079.7,0.0,3,323941,卖盘
09:36:41,1079.71,0.01,3,323911,中性盘
09:36:44,1079.25,-0.46,21,2266947,卖盘
09:36:47,1079.9,0.65,7,755769,买盘
09:36:50,1079.88,-0.02,5,539868,买盘
09:36:53,1079.92,0.04,18,1943720,买盘
09:36:56,1079.2,-0.72,105,11339113,卖盘
09:36:59,1079.2,0.0,10,1079182,买盘
09:37:01,1079.3,0.1,2,215922,中性盘
09:37:05,1079.7,0.4,19,2050321,买盘
09:37:11,1079.18,-0.52,15,1618873,卖盘
09:37:14,1079.2,0.02,8,863390,卖盘
09:37:17,1079.5,0.3,6,647590,买盘
09:37:20,1079.2,-0.3,11,1187165,卖盘
09:37:23,1079.5,0.3,10,1079476,买盘
09:37:26,1079.5,0.0,8,863478,买盘
09:37:29,1079.26,-0.24,3,323777,买盘
09:37:32,1079.27,0.01,5,539658,买盘
09:37:34,1079.27,0.0,7,755582,卖盘
09:37:38,1079.5,0.23,9,971432,买盘
09:37:41,1079.5,0.0,6,647700,买盘
09:37:44,1079.5,0.0,9,971635,卖盘
09:37:47,1079.5,0.0,30,3239067,卖盘
09:37:50,1079.5,0.0,8,863752,卖盘
09:37:53,1081.5,2.0,87,9368460,买盘
09:37:56,1080.0,-1.5,5,540177,买盘
09:37:59,1081.5,1.5,3,324288,买盘
09:38:01,1080.69,-0.81,12,1297557,卖盘
09:38:05,1080.69,0.0,8,864588,卖盘
09:38:07,1080.0,-0.69,6,648342,卖盘
09:38:10,1079.7,-0.3,19,2053179,卖盘
09:38:14,1081.49,1.79,9,973298,卖盘
09:38:17,1081.5,0.01,38,4166506,买盘
09:38:20,1081.49,-0.01,3,324487,中性盘
09:38:23,1081.0,-0.49,17,1866772,卖盘
09:38:26,1081.5,0.5,10,1052996,买盘
09:38:29,1080.92,-0.58,5,540460,卖盘
09:38:31,1080.92,0.0,61,6624849,买盘
09:38:35,1080.0,-0.92,14,1512002,卖盘
09:38:38,1079.98,-0.02,27,2917991,卖盘
09:38:41,1079.92,-0.06,8,863972,卖盘
09:38:44,1079.71,-0.21,13,1403788,卖盘
09:38:47,1079.92,0.21,6,647893,买盘
09:38:50,1079.91,-0.01,5,539965,中性盘
09:38:53,1079.92,0.01,18,1943840,买盘
09:38:56,1079.7,-0.22,13,1403961,卖盘
09:38:59,1079.91,0.21,4,431943,买盘
09:39:02,1079.92,0.01,4,431992,卖盘
09:39:04,1080.01,0.09,9,982787,买盘
09:39:08,1080.0,-0.01,13,1403902,中性盘
09:39:11,1080.0,0.0,4,431993,卖盘
09:39:14,1079.91,-0.09,2,163070,卖盘
09:39:17,1080.0,0.09,10,1079917,买盘
09:39:20,1080.0,0.0,5,540000,买盘
09:39:22,1080.44,0.44,17,1836018,买盘
09:39:26,1080.0,-0.44,2,216000,卖盘
09:39:29,1080.0,0.0,1,108000,卖盘
09:39:32,1080.34,0.34,2,216123,中性盘
09:39:35,1080.01,-0.33,6,689483,卖盘
09:39:38,1080.0,-0.01,42,4497039,卖盘
09:39:41,1079.9,-0.1,4,431978,卖盘
09:39:44,1079.9,0.0,4,431980,卖盘
09:39:47,1079.71,-0.19,10,1079876,卖盘
09:39:50,1079.7,-0.01,5,539860,卖盘
09:39:53,1079.9,0.2,19,2051483,买盘
09:39:56,1079.69,-0.21,5,539868,卖盘
09:39:58,1079.66,-0.03,6,647811,卖盘
09:40:02,1079.52,-0.14,11,1187541,卖盘
09:40:05,1079.51,-0.01,16,1727227,卖盘
09:40:07,1079.5,-0.01,124,13413876,卖盘
09:40:11,1079.0,-0.5,45,4856195,卖盘
09:40:14,1079.0,0.0,21,2265917,卖盘
09:40:17,1079.0,0.0,154,16616512,卖盘
09:40:20,1079.0,0.0,27,2913166,卖盘
09:40:23,1078.76,-0.24,38,4100026,卖盘
09:40:25,1078.38,-0.38,23,2480745,卖盘
09:40:29,1078.3,-0.08,2,215660,卖盘
09:40:32,1078.05,-0.25,9,970370,卖盘
09:40:34,1078.0,-0.05,89,9594225,卖盘
09:40:38,1077.99,-0.01,57,6144403,卖盘
09:40:41,1077.98,-0.01,12,1293586,卖盘
09:40:44,1077.99,0.01,21,2263613,买盘
09:40:47,1078.0,0.01,11,1185753,买盘
09:40:49,1078.0,0.0,9,970003,买盘
09:40:53,1078.0,0.0,33,3557334,买盘
09:40:56,1078.05,0.05,8,862435,中性盘
09:40:59,1078.5,0.45,7,754725,买盘
09:41:02,1078.5,0.0,29,3130542,买盘
09:41:05,1079.0,0.5,26,2737701,买盘
09:41:08,1078.09,-0.91,32,3491021,卖盘
09:41:11,1078.5,0.41,3,323550,买盘
09:41:14,1078.5,0.0,14,1509807,买盘
09:41:17,1078.24,-0.26,10,1078388,卖盘
09:41:19,1079.0,0.76,12,1294516,买盘
09:41:23,1079.0,0.0,42,4531150,买盘
09:41:26,1079.0,0.0,19,2050048,买盘
09:41:29,1078.5,-0.5,12,1294371,卖盘
09:41:32,1079.0,0.5,23,2481231,买盘
09:41:35,1078.98,-0.02,4,431584,中性盘
09:41:38,1079.0,0.02,22,2320364,买盘
09:41:41,1079.0,0.0,3,323695,买盘
09:41:44,1079.0,0.0,4,431588,卖盘
09:41:47,1079.0,0.0,5,539531,卖盘
09:41:50,1079.0,0.0,16,1726367,卖盘
09:41:52,1078.5,-0.5,32,3452577,卖盘
09:41:56,1079.05,0.55,3,323721,中性盘
09:41:59,1079.17,0.12,9,971319,中性盘
09:42:02,1079.17,0.0,3,323784,卖盘
09:42:05,1079.5,0.33,11,1187381,买盘
09:42:08,1079.17,-0.33,3,323751,卖盘
09:42:11,1079.26,0.09,3,323825,卖盘
09:42:14,1079.17,-0.09,9,971253,卖盘
09:42:17,1079.5,0.33,10,1158071,买盘
09:42:20,1079.2,-0.3,7,755494,中性盘
09:42:23,1079.5,0.3,15,1586804,买盘
09:42:26,1079.5,0.0,1,107950,卖盘
09:42:29,1079.5,0.0,2,215900,卖盘
09:42:31,1079.64,0.14,9,971578,买盘
09:42:34,1079.5,-0.14,3,356249,卖盘
09:42:37,1079.5,0.0,3,323850,卖盘
09:42:41,1079.64,0.14,9,971462,买盘
09:42:44,1079.5,-0.14,8,863538,中性盘
09:42:47,1079.5,0.0,2,215900,卖盘
09:42:50,1079.47,-0.03,3,323813,买盘
09:42:53,1079.19,-0.28,1,107919,中性盘
09:42:56,1079.17,-0.02,12,1295015,卖盘
09:42:59,1079.19,0.02,18,1943036,买盘
09:43:02,1079.18,-0.01,1,107918,中性盘
09:43:05,1079.5,0.32,12,1295063,买盘
09:43:08,1079.16,-0.34,8,863369,卖盘
09:43:11,1079.3,0.14,9,971385,中性盘
09:43:14,1079.3,0.0,9,971385,卖盘
09:43:17,1079.6,0.3,29,3130490,买盘
09:43:20,1079.5,-0.1,19,2050660,卖盘
09:43:23,1079.17,-0.33,13,1403046,卖盘
09:43:26,1079.16,-0.01,5,539582,卖盘
09:43:28,1078.93,-0.23,19,2050420,卖盘
09:43:32,1078.61,-0.32,8,863139,卖盘
09:43:35,1079.15,0.54,8,863158,买盘
09:43:38,1079.0,-0.15,5,539436,买盘
09:43:41,1078.61,-0.39,5,539454,中性盘
09:43:44,1078.6,-0.01,43,4637715,卖盘
09:43:47,1078.3,-0.3,42,4529591,卖盘
09:43:50,1078.3,0.0,5,539190,买盘
09:43:53,1078.09,-0.21,9,931605,卖盘
09:43:56,1078.08,-0.01,6,646848,卖盘
09:43:58,1077.77,-0.31,42,4527528,卖盘
09:44:02,1077.5,-0.27,12,1293137,卖盘
09:44:05,1077.5,0.0,8,862014,买盘
09:44:08,1077.37,-0.13,5,538733,卖盘
09:44:11,1077.11,-0.26,6,646304,卖盘
09:44:14,1077.16,0.05,2,215432,中性盘
09:44:16,1077.01,-0.15,39,4200489,卖盘
09:44:20,1076.88,-0.13,7,753885,卖盘
09:44:23,1076.8,-0.08,84,9045136,卖盘
09:44:26,1076.79,-0.01,18,1937178,卖盘
09:44:29,1076.66,-0.13,9,970175,卖盘
09:44:32,1076.6,-0.06,13,1399592,卖盘
09:44:35,1076.5,-0.1,7,753580,卖盘
09:44:37,1076.3,-0.2,15,1614876,卖盘
09:44:41,1076.0,-0.3,47,5057425,卖盘
09:44:44,1076.0,0.0,4,430421,买盘
09:44:47,1076.29,0.29,22,2367024,买盘
09:44:50,1075.8,-0.49,4,430327,中性盘
09:44:53,1075.66,-0.14,4,430292,卖盘
09:44:56,1075.66,0.0,12,1290871,买盘
09:44:59,1075.6,-0.06,10,1075601,卖盘
09:45:01,1075.5,-0.1,10,1075537,卖盘
09:45:05,1075.26,-0.24,10,1075387,中性盘
09:45:08,1075.5,0.24,34,3655469,买盘
09:45:11,1075.5,0.0,149,16083371,买盘
09:45:14,1075.26,-0.24,16,1720520,中性盘
09:45:17,1075.0,-0.26,45,4837818,卖盘
09:45:20,1075.0,0.0,18,1934876,卖盘
09:45:23,1074.58,-0.42,5,537435,买盘
09:45:26,1074.24,-0.34,24,2578747,卖盘
09:45:29,1074.1,-0.14,15,1611636,卖盘
09:45:32,1074.02,-0.08,13,1330873,卖盘
09:45:35,1074.02,0.0,6,644480,卖盘
09:45:38,1074.1,0.08,14,1503914,中性盘
09:45:41,1074.01,-0.09,21,2255493,卖盘
09:45:44,1074.03,0.02,24,2577627,买盘
09:45:47,1074.1,0.07,17,1825942,买盘
09:45:50,1074.1,0.0,5,537050,中性盘
09:45:53,1074.1,0.0,36,3866738,卖盘
09:45:56,1074.58,0.48,17,1826783,买盘
09:45:59,1074.02,-0.56,34,3652469,卖盘
09:46:02,1074.55,0.53,19,2040959,中性盘
09:46:04,1074.55,0.0,9,967317,卖盘
09:46:08,1074.03,-0.52,18,1933636,卖盘
09:46:11,1074.2,0.17,6,644611,中性盘
09:46:14,1074.45,0.25,26,2792849,中性盘
09:46:17,1074.03,-0.42,26,2792610,买盘
09:46:20,1074.11,0.08,23,2470426,卖盘
09:46:23,1074.35,0.24,2,214838,中性盘
09:46:26,1074.05,-0.3,19,2040733,卖盘
09:46:28,1074.45,0.4,12,1289048,买盘
09:46:31,1074.55,0.1,52,5585785,买盘
09:46:35,1074.46,-0.09,3,322347,卖盘
09:46:38,1074.25,-0.21,9,966990,卖盘
09:46:41,1074.2,-0.05,18,1933664,卖盘
09:46:44,1074.35,0.15,6,644535,买盘
09:46:47,1074.05,-0.3,7,751915,卖盘
09:46:50,1074.28,0.23,12,1289062,买盘
09:46:53,1074.05,-0.23,17,1825864,卖盘
09:46:56,1074.0,-0.05,26,2792613,卖盘
09:46:59,1073.95,-0.05,70,7518893,卖盘
09:47:02,1074.0,0.05,16,1718395,中性盘
09:47:05,1073.95,-0.05,13,1396186,卖盘
09:47:08,1074.01,0.06,42,4510770,买盘
09:47:11,1074.05,0.04,10,1074029,买盘
09:47:14,1074.05,0.0,24,2577671,买盘
09:47:17,1074.35,0.3,38,4082129,买盘
09:47:20,1074.35,0.0,10,1074186,买盘
09:47:23,1074.05,-0.3,80,8591761,卖盘
09:47:25,1074.17,0.12,9,966795,买盘
09:47:28,1074.35,0.18,52,5586586,买盘
09:47:31,1074.35,0.0,6,644610,卖盘
09:47:35,1074.99,0.64,9,967105,买盘
09:47:38,1075.0,0.01,40,4299687,买盘
09:47:40,1075.0,0.0,6,644871,买盘
09:47:44,1075.22,0.22,15,1612728,买盘
09:47:46,1075.0,-0.22,5,537564,卖盘
09:47:50,1074.35,-0.65,18,1934554,卖盘
09:47:53,1075.0,0.65,17,1789834,买盘
09:47:56,1075.0,0.0,21,2256737,买盘
09:47:59,1075.01,0.01,4,430004,卖盘
09:48:01,1075.21,0.2,6,645086,买盘
09:48:05,1075.0,-0.21,23,2483660,卖盘
09:48:08,1075.0,0.0,25,2677092,卖盘
09:48:11,1074.5,-0.5,46,4945130,卖盘
09:48:14,1074.5,0.0,28,3008573,买盘
09:48:17,1074.5,0.0,30,3224768,卖盘
09:48:23,1074.52,0.02,8,859922,卖盘
09:48:26,1075.0,0.48,2,215000,买盘
09:48:29,1075.0,0.0,6,644920,买盘
09:48:31,1074.5,-0.5,97,10425611,卖盘
09:48:35,1076.5,2.0,13,1475798,买盘
09:48:38,1074.56,-1.94,18,1855767,买盘
09:48:40,1074.56,0.0,7,830639,买盘
09:48:44,1075.0,0.44,7,752468,买盘
09:48:47,1076.48,1.48,2,215148,买盘
09:48:49,1074.99,-1.49,32,3438877,卖盘
09:48:53,1075.0,0.01,4,429951,买盘
09:48:56,1074.5,-0.5,9,967080,卖盘
09:48:58,1074.5,0.0,31,3332773,卖盘
09:49:02,1076.0,1.5,7,752406,买盘
09:49:04,1076.32,0.32,17,1828501,买盘
09:49:08,1074.36,-1.96,18,1934110,卖盘
09:49:11,1074.38,0.02,19,1979218,卖盘
09:49:14,1075.0,0.62,29,3192501,买盘
09:49:17,1075.01,0.01,60,6448910,买盘
09:49:19,1076.32,1.31,7,763409,买盘
09:49:22,1076.32,0.0,3,312133,买盘
09:49:29,1076.32,0.0,1,107631,卖盘
09:49:32,1076.31,-0.01,6,645136,买盘
09:49:35,1076.31,0.0,1,107631,中性盘
09:49:37,1075.01,-1.3,8,860272,卖盘
09:49:41,1075.01,0.0,5,537504,买盘
09:49:44,1075.02,0.01,32,3440033,买盘
09:49:47,1075.0,-0.02,12,1290267,卖盘
09:49:50,1076.01,1.01,13,1398842,卖盘
09:49:53,1076.01,0.0,10,1067402,卖盘
09:49:56,1076.3,0.29,1,107630,买盘
09:49:59,1075.01,-1.29,26,2797222,卖盘
09:50:02,1076.3,1.29,7,753323,买盘
09:50:05,1075.02,-1.28,25,2687931,卖盘
09:50:08,1076.01,0.99,13,1372911,买盘
09:50:11,1075.0,-1.01,26,2795467,卖盘
09:50:14,1075.02,0.02,2,215004,买盘
09:50:16,1075.02,0.0,6,645012,买盘
09:50:20,1076.3,1.28,11,1183127,买盘
09:50:23,1075.02,-1.28,2,215004,中性盘
09:50:26,1075.02,0.0,12,1261003,买盘
09:50:29,1074.99,-0.03,84,9093478,买盘
09:50:32,1075.0,0.01,8,860000,买盘
09:50:35,1075.02,0.02,16,1656577,买盘
09:50:37,1075.0,-0.02,5,537500,卖盘
09:50:41,1075.0,0.0,6,645000,卖盘
09:50:43,1075.01,0.01,10,1075007,买盘
09:50:47,1074.52,-0.49,30,3288285,卖盘
09:50:50,1074.52,0.0,10,1074723,卖盘
09:50:53,1075.01,0.49,22,2277878,买盘
09:50:56,1075.0,-0.01,34,3655061,卖盘
09:50:59,1074.52,-0.48,15,1699458,卖盘
09:51:02,1074.52,0.0,21,2169456,买盘
09:51:05,1074.51,-0.01,8,946918,买盘
09:51:08,1074.53,0.02,5,537459,卖盘
09:51:11,1075.04,0.51,8,860019,买盘
09:51:14,1076.0,0.96,11,1117987,买盘
09:51:20,1076.3,0.3,4,364759,卖盘
09:51:23,1075.99,-0.31,2,215107,买盘
09:51:26,1076.0,0.01,3,322799,买盘
09:51:29,1075.11,-0.89,2,215104,中性盘
09:51:32,1075.99,0.88,39,4193096,买盘
09:51:35,1076.0,0.01,13,1398172,买盘
09:51:38,1075.94,-0.06,6,645532,中性盘
09:51:41,1075.94,0.0,2,215188,买盘
09:51:44,1075.02,-0.92,52,5656024,卖盘
09:51:46,1075.01,-0.01,11,1116946,卖盘
09:51:50,1075.0,-0.01,41,4473095,卖盘
09:51:53,1075.01,0.01,74,7955015,买盘
09:51:56,1075.0,-0.01,3,322501,卖盘
09:51:59,1075.0,0.0,31,3332504,卖盘
09:52:01,1074.88,-0.12,28,3009893,卖盘
09:52:05,1074.64,-0.24,8,859897,卖盘
09:52:08,1075.0,0.36,30,3224918,买盘
09:52:11,1075.11,0.11,12,1224460,买盘
09:52:14,1075.12,0.01,11,1182602,买盘
09:52:17,1075.11,-0.01,21,2257648,卖盘
09:52:20,1075.11,0.0,11,1182682,买盘
09:52:23,1075.94,0.83,33,3549777,买盘
09:52:26,1075.94,0.0,15,1613910,买盘
09:52:29,1075.95,0.01,24,2594451,卖盘
09:52:32,1076.0,0.05,9,968555,中性盘
09:52:35,1075.95,-0.05,8,860970,卖盘
09:52:38,1075.95,0.0,35,3765950,卖盘
09:52:41,1075.99,0.04,14,1506352,卖盘
09:52:44,1076.51,0.52,16,1721762,买盘
09:52:47,1075.99,-0.52,21,2259738,卖盘
09:52:50,1076.5,0.51,4,430600,中性盘
09:52:53,1076.48,-0.02,12,1291740,中性盘
09:52:55,1076.52,0.04,8,861261,中性盘
09:52:59,1077.0,0.48,14,1518424,买盘
09:53:02,1077.0,0.0,3,323102,卖盘
09:53:05,1077.12,0.12,18,1939599,买盘
09:53:08,1077.0,-0.12,2,215400,卖盘
09:53:10,1077.01,0.01,24,2585444,买盘
09:53:14,1078.0,0.99,41,4419603,买盘
09:53:17,1077.0,-1.0,22,2358641,卖盘
09:53:20,1077.01,0.01,17,1830705,买盘
09:53:23,1077.0,-0.01,20,2154001,中性盘
09:53:26,1077.94,0.94,9,970194,中性盘
09:53:29,1077.01,-0.93,14,1508110,卖盘
09:53:32,1077.0,-0.01,13,1400051,卖盘
09:53:35,1077.0,0.0,31,3341311,买盘
09:53:38,1077.01,0.01,1,107701,中性盘
09:53:40,1077.0,-0.01,45,4850417,卖盘
09:53:43,1078.53,1.53,9,980691,买盘
09:53:47,1078.0,-0.53,20,2156380,卖盘
09:53:50,1078.53,0.53,2,215653,买盘
09:53:53,1078.0,-0.53,8,862506,卖盘
09:53:58,1078.0,0.0,2,215600,卖盘
09:54:02,1078.53,0.53,4,431411,买盘
09:54:05,1078.54,0.01,21,2264925,中性盘
09:54:08,1078.57,0.03,13,1402093,中性盘
09:54:10,1078.54,-0.03,4,431425,卖盘
09:54:13,1078.52,-0.02,2,215704,买盘
09:54:17,1078.6,0.08,9,1021376,买盘
09:54:19,1078.52,-0.08,3,323615,买盘
09:54:23,1078.94,0.42,2,215754,买盘
09:54:25,1078.6,-0.34,3,323577,买盘
09:54:29,1078.57,-0.03,3,323577,卖盘
09:54:32,1078.94,0.37,1,107894,中性盘
09:54:35,1078.7,-0.24,7,750952,卖盘
09:54:38,1078.6,-0.1,2,215731,卖盘
09:54:41,1078.6,0.0,5,539417,卖盘
09:54:44,1078.7,0.1,5,539355,买盘
09:54:46,1078.6,-0.1,3,323590,卖盘
09:54:50,1079.0,0.4,8,863040,买盘
09:54:53,1078.6,-0.4,10,1078947,卖盘
09:54:56,1078.99,0.39,5,539523,卖盘
09:54:59,1078.7,-0.29,10,1078940,买盘
09:55:02,1078.7,0.0,6,647312,买盘
09:55:05,1079.0,0.3,33,3560580,买盘
09:55:08,1078.57,-0.43,1,83050,中性盘
09:55:11,1078.7,0.13,3,323610,卖盘
09:55:14,1078.6,-0.1,3,323600,卖盘
09:55:17,1078.7,0.1,6,647210,买盘
09:55:20,1078.7,0.0,31,3344733,中性盘
09:55:23,1079.0,0.3,5,560958,买盘
09:55:26,1078.01,-0.99,17,1837350,买盘
09:55:29,1078.01,0.0,3,272795,卖盘
09:55:32,1078.01,0.0,4,431204,买盘
09:55:35,1078.01,0.0,7,754602,买盘
09:55:38,1078.02,0.01,15,1617581,买盘
09:55:40,1078.0,-0.02,32,3438820,卖盘
09:55:44,1078.0,0.0,3,323398,买盘
09:55:47,1077.77,-0.23,30,3233863,卖盘
09:55:50,1077.77,0.0,15,1616775,卖盘
09:55:53,1077.1,-0.67,2,215487,卖盘
09:55:55,1077.0,-0.1,5,538520,卖盘
09:55:58,1077.77,0.77,10,1077166,买盘
09:56:02,1077.1,-0.67,5,538523,买盘
09:56:05,1077.0,-0.1,8,861629,卖盘
09:56:07,1077.0,0.0,15,1615500,卖盘
09:56:10,1077.1,0.1,5,538534,买盘
09:56:14,1078.0,0.9,36,3879857,买盘
09:56:17,1076.5,-1.5,1,107650,卖盘
09:56:20,1076.94,0.44,3,323038,买盘
09:56:23,1076.5,-0.44,13,1399582,卖盘
09:56:26,1076.5,0.0,2,215300,买盘
09:56:28,1076.1,-0.4,4,430480,卖盘
09:56:32,1076.5,0.4,4,430560,卖盘
09:56:35,1076.1,-0.4,1,107610,买盘
09:56:38,1076.0,-0.1,8,860823,卖盘
09:56:40,1076.0,0.0,4,430405,卖盘
09:56:43,1076.0,0.0,1,107600,卖盘
09:56:47,1076.0,0.0,19,2044400,卖盘
09:56:50,1075.99,-0.01,6,645594,卖盘
09:56:53,1075.99,0.0,4,430397,卖盘
09:56:55,1075.96,-0.03,10,1043708,卖盘
09:56:59,1076.0,0.04,23,2474800,买盘
09:57:02,1076.02,0.02,19,2044418,买盘
09:57:05,1076.0,-0.02,6,645609,卖盘
09:57:08,1076.03,0.03,11,1183610,中性盘
09:57:11,1076.1,0.07,5,538030,买盘
09:57:14,1075.0,-1.1,63,6808036,卖盘
09:57:17,1076.5,1.5,38,4090782,买盘
09:57:19,1076.0,-0.5,3,322800,中性盘
09:57:23,1076.0,0.0,8,860858,卖盘
09:57:26,1074.99,-1.01,24,2612711,卖盘
09:57:29,1074.99,0.0,2,214998,买盘
09:57:32,1075.98,0.99,46,4912793,买盘
09:57:35,1076.0,0.02,5,537697,买盘
09:57:38,1076.5,0.5,14,1507097,买盘
09:57:41,1076.44,-0.06,14,1507090,卖盘
09:57:44,1076.94,0.5,2,215344,买盘
09:57:47,1076.5,-0.44,7,753279,中性盘
09:57:50,1076.0,-0.5,6,645599,中性盘
09:57:53,1076.0,0.0,5,538000,买盘
09:57:56,1076.5,0.5,6,645879,买盘
09:57:59,1076.5,0.0,23,2476697,卖盘
09:58:02,1076.5,0.0,3,322901,中性盘
09:58:05,1076.5,0.0,15,1614630,买盘
09:58:07,1076.29,-0.21,4,430530,中性盘
09:58:11,1076.5,0.21,5,538230,买盘
09:58:14,1076.51,0.01,22,2368054,买盘
09:58:17,1077.0,0.49,9,969088,买盘
09:58:20,1076.93,-0.07,3,323038,卖盘
09:58:23,1077.0,0.07,1,107700,买盘
09:58:26,1077.0,0.0,7,753891,买盘
09:58:29,1077.22,0.22,6,646220,买盘
09:58:31,1076.5,-0.72,4,430722,卖盘
09:58:35,1077.96,1.46,2,215518,买盘
09:58:38,1077.96,0.0,1,107796,中性盘
09:58:41,1077.97,0.01,2,215594,卖盘
09:58:44,1078.0,0.03,3,323394,买盘
09:58:47,1077.96,-0.04,3,323388,中性盘
09:58:50,1077.22,-0.74,8,862075,卖盘
09:58:53,1077.96,0.74,4,430962,买盘
09:58:56,1077.96,0.0,5,538756,买盘
09:58:59,1078.0,0.04,34,3665176,买盘
09:59:02,1077.97,-0.03,3,323389,中性盘
09:59:05,1077.96,-0.01,6,646785,卖盘
09:59:08,1078.0,0.04,3,323397,买盘
09:59:11,1078.0,0.0,5,538994,买盘
09:59:14,1078.01,0.01,38,4128738,买盘
09:59:17,1079.1,1.09,8,884524,买盘
09:59:23,1079.13,0.03,2,215826,卖盘
09:59:26,1079.13,0.0,1,77698,卖盘
09:59:29,1079.13,0.0,2,246095,买盘
09:59:32,1079.13,0.0,2,215826,买盘
09:59:35,1079.13,0.0,15,1618919,买盘
09:59:38,1078.03,-1.1,8,862974,卖盘
09:59:41,1079.14,1.11,1,107914,中性盘
09:59:44,1079.05,-0.09,1,107905,卖盘
09:59:47,1078.03,-1.02,4,431314,卖盘
09:59:50,1078.01,-0.02,2,215604,卖盘
09:59:53,1078.03,0.02,3,323595,中性盘
09:59:56,1078.01,-0.02,1,108879,卖盘
09:59:59,1079.04,1.03,7,754812,买盘
10:00:02,1078.01,-1.03,2,215601,中性盘
10:00:05,1078.0,-0.01,8,862931,卖盘
10:00:11,1078.0,0.0,6,647001,卖盘
10:00:14,1078.0,0.0,10,1078000,卖盘
10:00:17,1078.01,0.01,8,862406,卖盘
10:00:20,1078.0,-0.01,2,215601,卖盘
10:00:23,1078.01,0.01,2,215602,买盘
10:00:26,1078.98,0.97,16,1726216,中性盘
10:00:29,1078.98,0.0,9,970500,买盘
10:00:32,1078.98,0.0,11,1185908,买盘
10:00:35,1078.96,-0.02,1,107896,买盘
10:00:38,1078.01,-0.95,2,198354,卖盘
10:00:41,1078.01,0.0,1,107801,卖盘
10:00:44,1078.01,0.0,4,431293,卖盘
10:00:47,1078.9,0.89,7,755219,买盘
10:00:50,1078.01,-0.89,4,431383,卖盘
10:00:53,1078.9,0.89,2,215691,中性盘
10:00:59,1078.89,-0.01,2,215778,买盘
10:01:02,1078.89,0.0,4,431292,中性盘
10:01:05,1077.0,-1.89,38,4095681,卖盘
10:01:08,1078.01,1.01,2,215602,买盘
10:01:11,1077.0,-1.01,4,430800,卖盘
10:01:14,1078.01,1.01,3,323302,买盘
10:01:17,1077.0,-1.01,9,975860,卖盘
10:01:20,1076.95,-0.05,3,332788,买盘
10:01:23,1076.95,0.0,3,323089,卖盘
10:01:26,1076.5,-0.45,12,1291898,卖盘
10:01:29,1077.0,0.5,29,3123035,买盘
10:01:32,1076.1,-0.9,6,645959,卖盘
10:01:35,1076.54,0.44,3,323054,卖盘
10:01:38,1076.54,0.0,3,322954,中性盘
10:01:41,1077.0,0.46,2,215400,买盘
10:01:44,1076.5,-0.5,4,430608,卖盘
10:01:47,1076.5,0.0,1,107650,买盘
10:01:50,1076.54,0.04,4,430612,买盘
10:01:53,1076.5,-0.04,2,215300,卖盘
10:01:56,1076.5,0.0,9,968850,卖盘
10:01:59,1077.0,0.5,5,538349,买盘
10:02:02,1076.5,-0.5,8,861082,中性盘
10:02:05,1077.0,0.5,5,538410,买盘
10:02:08,1077.0,0.0,10,1077000,买盘
10:02:11,1076.5,-0.5,1,107650,卖盘
10:02:17,1077.0,0.5,35,3733926,买盘
10:02:20,1077.0,0.0,21,2260347,买盘
10:02:23,1076.1,-0.9,1,107610,卖盘
10:02:29,1076.5,0.4,5,538247,卖盘
10:02:32,1076.5,0.0,2,215301,中性盘
10:02:35,1076.45,-0.05,3,322940,卖盘
10:02:38,1076.33,-0.12,2,215278,卖盘
10:02:41,1076.33,0.0,1,107633,买盘
10:02:44,1076.32,-0.01,1,107632,买盘
10:02:47,1076.33,0.01,2,215266,买盘
10:02:50,1076.33,0.0,5,484300,买盘
10:02:53,1076.01,-0.32,1,107601,卖盘
10:02:56,1076.0,-0.01,11,1183603,卖盘
10:03:02,1076.01,0.01,1,161411,卖盘
10:03:05,1076.1,0.09,9,1019149,中性盘
10:03:08,1076.12,0.02,7,753353,买盘
10:03:11,1076.45,0.33,8,861020,买盘
10:03:14,1076.5,0.05,36,3824649,卖盘
10:03:17,1076.33,-0.17,3,322899,卖盘
10:03:20,1076.5,0.17,15,1614624,买盘
10:03:23,1076.5,0.0,5,538233,买盘
10:03:26,1076.5,0.0,2,215300,买盘
10:03:29,1077.0,0.5,66,7106034,买盘
10:03:35,1077.0,0.0,15,1615000,买盘
10:03:38,1077.0,0.0,7,753695,买盘
10:03:41,1077.0,0.0,3,323100,买盘
10:03:44,1077.0,0.0,166,17856524,买盘
10:03:47,1077.0,0.0,1,107700,卖盘
10:03:50,1076.99,-0.01,1,98006,卖盘
10:03:53,1077.0,0.01,2,215400,卖盘
10:03:56,1076.45,-0.55,3,323050,卖盘
10:03:59,1078.0,1.55,4,430900,买盘
10:04:02,1078.0,0.0,11,1185807,买盘
10:04:05,1078.0,0.0,4,431202,卖盘
10:04:08,1078.89,0.89,3,323667,买盘
10:04:11,1078.0,-0.89,1,107800,卖盘
10:04:14,1076.1,-1.9,22,2379577,卖盘
10:04:20,1078.0,1.9,1,107800,买盘
10:04:23,1077.0,-1.0,1,107700,中性盘
10:04:29,1078.7,1.7,8,862270,买盘
10:04:32,1077.0,-1.7,1,107700,卖盘
10:04:35,1077.0,0.0,3,323200,卖盘
10:04:38,1077.0,0.0,1,107700,买盘
10:04:41,1077.0,0.0,1,107700,买盘
10:04:44,1077.0,0.0,3,323100,买盘
10:04:47,1077.0,0.0,4,376861,买盘
10:04:50,1077.0,0.0,5,538502,卖盘
10:04:53,1077.0,0.0,4,430803,卖盘
10:04:56,1077.9,0.9,6,646297,买盘
10:04:59,1077.0,-0.9,6,646204,卖盘
10:05:02,1077.89,0.89,2,215569,买盘
10:05:05,1077.9,0.01,5,538860,买盘
10:05:08,1077.9,0.0,3,323360,买盘
10:05:11,1077.89,-0.01,6,646792,中性盘
10:05:17,1078.0,0.11,1,107800,买盘
10:05:20,1077.89,-0.11,2,215579,卖盘
10:05:23,1078.0,0.11,4,431180,买盘
10:05:26,1077.89,-0.11,9,970169,中性盘
10:05:29,1078.0,0.11,4,431200,买盘
10:05:32,1077.88,-0.12,5,538790,中性盘
10:05:35,1078.0,0.12,6,657261,买盘
10:05:38,1077.0,-1.0,3,385676,买盘
10:05:41,1078.35,1.35,7,754695,买盘
10:05:47,1078.5,0.15,1,107850,买盘
10:05:50,1078.5,0.0,1,107850,买盘
10:05:53,1078.65,0.15,8,873697,买盘
10:05:56,1078.55,-0.1,1,107864,买盘
10:05:59,1078.8,0.25,17,1833918,买盘
10:06:02,1078.77,-0.03,6,647277,中性盘
10:06:05,1078.89,0.12,11,1186765,买盘
10:06:08,1078.89,0.0,3,323666,买盘
10:06:11,1078.55,-0.34,19,2049559,卖盘
10:06:14,1078.55,0.0,3,323565,买盘
10:06:17,1078.55,0.0,2,215710,买盘
10:06:20,1078.55,0.0,6,647105,买盘
10:06:26,1078.3,-0.25,1,107830,买盘
10:06:29,1078.8,0.5,28,3019643,买盘
10:06:32,1078.3,-0.5,7,754809,卖盘
10:06:35,1078.0,-0.3,181,19512853,卖盘
10:06:38,1078.0,0.0,4,431200,买盘
10:06:41,1078.0,0.0,4,431200,买盘
10:06:44,1078.0,0.0,3,323400,买盘
10:06:47,1078.0,0.0,10,1077998,买盘
10:06:50,1078.0,0.0,4,431200,买盘
10:06:53,1078.0,0.0,6,646797,买盘
10:06:56,1077.98,-0.02,15,1616994,卖盘
10:06:59,1078.0,0.02,3,323393,买盘
10:07:02,1077.98,-0.02,2,215596,中性盘
10:07:05,1077.98,0.0,3,323394,买盘
10:07:08,1077.95,-0.03,3,323388,卖盘
10:07:11,1077.95,0.0,2,215590,买盘
10:07:14,1077.98,0.03,4,431181,买盘
10:07:17,1078.0,0.02,3,323398,买盘
10:07:20,1078.01,0.01,3,323402,买盘
10:07:23,1078.9,0.89,15,1617893,买盘
10:07:26,1078.98,0.08,14,1509396,买盘
10:07:32,1078.0,-0.98,1,107800,卖盘
10:07:35,1078.98,0.98,5,539490,买盘
10:07:38,1078.98,0.0,1,107898,卖盘
10:07:41,1079.04,0.06,12,1294800,买盘
10:07:44,1078.0,-1.04,53,5735887,卖盘
10:07:50,1078.0,0.0,6,625534,卖盘
10:07:53,1078.0,0.0,2,215600,买盘
10:07:56,1078.0,0.0,12,1262334,买盘
10:07:59,1078.0,0.0,41,4441360,买盘
10:08:02,1078.98,0.98,1,107898,买盘
10:08:05,1079.45,0.47,28,3021353,买盘
10:08:08,1078.0,-1.45,2,215601,卖盘
10:08:11,1078.0,0.0,1,107800,卖盘
10:08:14,1078.0,0.0,2,215601,卖盘
10:08:17,1079.74,1.74,11,1187293,买盘
10:08:20,1078.96,-0.78,3,323690,卖盘
10:08:23,1080.0,1.04,14,1503227,卖盘
10:08:26,1079.74,-0.26,1,132808,卖盘
10:08:29,1079.74,0.0,5,539870,卖盘
10:08:32,1080.0,0.26,13,1403864,买盘
10:08:41,1079.75,-0.25,1,98257,中性盘
10:08:44,1079.0,-0.75,30,3232049,卖盘
10:08:47,1079.0,0.0,5,539500,买盘
10:08:50,1079.0,0.0,3,323700,买盘
10:08:53,1078.96,-0.04,9,971080,卖盘
10:08:56,1079.0,0.04,5,539496,买盘
10:08:59,1079.0,0.0,14,1510599,买盘
10:09:02,1079.0,0.0,4,431407,买盘
10:09:05,1079.0,0.0,10,1085474,买盘
10:09:09,1079.74,0.74,1,107974,买盘
10:09:11,1079.0,-0.74,5,539500,卖盘
10:09:14,1079.74,0.74,6,647474,买盘
10:09:17,1079.74,0.0,5,539570,买盘
10:09:20,1079.0,-0.74,1,107900,买盘
10:09:23,1080.0,1.0,57,6155616,买盘
10:09:26,1079.74,-0.26,2,159801,中性盘
10:09:29,1079.74,0.0,4,488067,买盘
10:09:32,1079.0,-0.74,2,215874,卖盘
10:09:35,1079.0,0.0,16,1727290,卖盘
10:09:38,1079.0,0.0,10,1079000,买盘
10:09:44,1079.0,0.0,7,755295,买盘
10:09:47,1078.96,-0.04,7,755284,卖盘
10:09:50,1079.0,0.04,6,647396,买盘
10:09:53,1079.0,0.0,6,647396,买盘
10:09:56,1079.0,0.0,5,539505,卖盘
10:09:59,1079.73,0.73,6,647686,买盘
10:10:02,1079.0,-0.73,1,107900,卖盘
10:10:05,1078.08,-0.92,11,1186986,卖盘
10:10:09,1079.0,0.92,3,323698,买盘
10:10:11,1079.0,0.0,1,107900,卖盘
10:10:14,1078.99,-0.01,1,107899,买盘
10:10:17,1078.0,-0.99,38,4098463,卖盘
10:10:20,1078.96,0.96,2,215771,买盘
10:10:24,1078.95,-0.01,3,323495,买盘
10:10:26,1078.98,0.03,2,215796,买盘
10:10:29,1078.95,-0.03,2,215793,卖盘
10:10:32,1078.0,-0.95,3,323495,卖盘
10:10:35,1078.95,0.95,1,107895,买盘
10:10:39,1078.97,0.02,2,215792,中性盘
10:10:41,1078.0,-0.97,1,107800,卖盘
10:10:44,1078.93,0.93,2,215786,买盘
10:10:50,1078.93,0.0,1,107893,卖盘
10:10:54,1078.0,-0.93,34,3655963,卖盘
10:11:02,1078.88,0.88,13,1401632,买盘
10:11:05,1078.0,-0.88,7,755028,卖盘
10:11:09,1078.86,0.86,1,107886,中性盘
10:11:14,1078.88,0.02,2,215774,买盘
10:11:17,1078.68,-0.2,2,215736,卖盘
10:11:20,1078.68,0.0,2,215756,中性盘
10:11:23,1078.68,0.0,2,215670,中性盘
10:11:26,1078.01,-0.67,10,1078765,卖盘
10:11:29,1078.88,0.87,1,107888,买盘
10:11:32,1078.68,-0.2,2,215669,中性盘
10:11:35,1078.88,0.2,7,755116,买盘
10:11:39,1078.93,0.05,5,539435,买盘
10:11:41,1078.93,0.0,5,539465,卖盘
10:11:44,1078.93,0.0,2,215787,卖盘
10:11:47,1078.93,0.0,2,215786,卖盘
10:11:50,1078.93,0.0,7,755254,卖盘
10:11:54,1078.93,0.0,4,431575,中性盘
10:11:56,1078.93,0.0,7,755251,卖盘
10:11:59,1078.68,-0.25,1,53934,卖盘
10:12:02,1078.8,0.12,1,107880,买盘
10:12:05,1078.8,0.0,6,647322,买盘
10:12:08,1078.68,-0.12,2,215736,卖盘
10:12:11,1078.68,0.0,2,215738,卖盘
10:12:17,1078.79,0.11,3,323637,买盘
10:12:24,1078.77,-0.02,1,107877,中性盘
10:12:29,1078.79,0.02,3,323637,买盘
10:12:32,1078.78,-0.01,5,539378,中性盘
10:12:35,1078.79,0.01,1,107879,买盘
10:12:38,1078.68,-0.11,4,485406,卖盘
10:12:44,1078.68,0.0,5,539340,买盘
10:12:47,1078.68,0.0,3,323602,买盘
10:12:50,1078.68,0.0,55,5929086,买盘
10:12:59,1078.68,0.0,2,215735,买盘
10:13:02,1078.0,-0.68,13,1401429,卖盘
10:13:05,1078.0,0.0,6,647067,卖盘
10:13:08,1078.67,0.67,2,215668,买盘
10:13:11,1078.65,-0.02,1,107865,卖盘
10:13:14,1078.68,0.03,10,1088380,买盘
10:13:17,1078.65,-0.03,1,107865,中性盘
10:13:20,1078.67,0.02,2,215735,卖盘
10:13:24,1078.67,0.0,2,215734,中性盘
10:13:26,1078.65,-0.02,1,107865,卖盘
10:13:29,1078.13,-0.52,1,107813,卖盘
10:13:32,1078.1,-0.03,1,107810,卖盘
10:13:36,1078.11,0.01,2,215671,中性盘
10:13:39,1078.1,-0.01,1,107810,卖盘
10:13:41,1078.09,-0.01,5,470051,卖盘
10:13:44,1078.1,0.01,1,107810,买盘
10:13:50,1078.09,-0.01,6,646830,中性盘
10:13:53,1078.0,-0.09,11,1185720,卖盘
10:13:56,1078.09,0.09,1,107809,买盘
10:13:59,1077.82,-0.27,2,268413,卖盘
10:14:02,1078.0,0.18,2,215600,买盘
10:14:05,1078.08,0.08,3,323408,买盘
10:14:20,1077.83,-0.25,1,107783,卖盘
10:14:24,1077.8,-0.03,8,869885,卖盘
10:14:26,1077.99,0.19,3,323379,买盘
10:14:29,1077.5,-0.49,4,431080,买盘
10:14:32,1077.5,0.0,2,215532,卖盘
10:14:35,1077.5,0.0,2,215549,卖盘
10:14:39,1077.8,0.3,1,107780,买盘
10:14:41,1077.8,0.0,13,1401302,中性盘
10:14:44,1077.83,0.03,19,2047626,买盘
10:14:47,1077.83,0.0,4,431095,买盘
10:14:50,1077.83,0.0,10,1077837,卖盘
10:14:54,1077.8,-0.03,3,323340,卖盘
10:14:56,1077.0,-0.8,40,4288910,卖盘
10:14:59,1077.0,0.0,3,323100,买盘
10:15:02,1076.89,-0.11,4,430789,卖盘
10:15:05,1077.0,0.11,8,880986,买盘
10:15:09,1076.88,-0.12,7,734510,卖盘
10:15:11,1077.0,0.12,4,450191,买盘
10:15:17,1077.0,0.0,2,215400,卖盘
10:15:20,1077.0,0.0,3,323196,卖盘
10:15:24,1077.48,0.48,3,323196,中性盘
10:15:26,1077.48,0.0,1,107748,卖盘
10:15:29,1077.0,-0.48,10,1057662,卖盘
10:15:32,1076.95,-0.05,2,215395,卖盘
10:15:35,1077.0,0.05,5,538500,买盘
10:15:39,1076.96,-0.04,2,215396,中性盘
10:15:41,1076.96,0.0,6,691400,中性盘
10:15:44,1076.88,-0.08,1,107688,买盘
10:15:47,1076.94,0.06,3,323087,卖盘
10:15:50,1077.0,0.06,8,773275,买盘
10:15:53,1077.0,0.0,1,196014,卖盘
10:15:56,1077.48,0.48,8,773380,买盘
10:15:59,1077.0,-0.48,1,107700,中性盘
10:16:02,1077.0,0.0,3,323101,卖盘
10:16:05,1077.01,0.01,6,646201,中性盘
10:16:09,1076.99,-0.02,11,1184743,卖盘
10:16:11,1077.01,0.02,1,107701,中性盘
10:16:14,1077.45,0.44,8,861739,买盘
10:16:17,1077.0,-0.45,1,107700,中性盘
10:16:20,1077.0,0.0,1,107700,买盘
10:16:24,1077.45,0.45,1,107745,卖盘
10:16:29,1077.47,0.02,3,323239,买盘
10:16:32,1077.45,-0.02,2,215492,卖盘
10:16:35,1077.47,0.02,5,538731,买盘
10:16:39,1077.5,0.03,9,969734,买盘
10:16:41,1077.83,0.33,3,323349,买盘
10:16:44,1077.85,0.02,3,323351,买盘
10:16:47,1077.83,-0.02,3,323333,中性盘
10:16:50,1077.83,0.0,1,107783,买盘
10:16:54,1077.83,0.0,2,215566,买盘
10:16:56,1077.83,0.0,6,646693,买盘
10:16:59,1077.52,-0.31,10,1077814,卖盘
10:17:04,1077.82,0.3,3,323382,中性盘
10:17:05,1077.84,0.02,4,431155,买盘
10:17:08,1077.88,0.04,5,538884,中性盘
10:17:11,1077.83,-0.05,3,323374,中性盘
10:17:17,1077.88,0.05,3,323354,买盘
10:17:20,1077.83,-0.05,13,1401194,卖盘
10:17:23,1077.88,0.05,4,431147,中性盘
10:17:26,1077.88,0.0,5,538921,买盘
10:17:32,1077.86,-0.02,1,107786,买盘
10:17:35,1077.86,0.0,7,754510,中性盘
10:17:38,1077.91,0.05,2,215579,中性盘
10:17:41,1078.08,0.17,13,1401467,买盘
10:17:44,1078.07,-0.01,2,215598,中性盘
10:17:47,1078.07,0.0,2,215615,中性盘
10:17:50,1078.08,0.01,4,431232,买盘
10:17:53,1078.08,0.0,6,646772,买盘
10:17:56,1078.07,-0.01,2,215602,中性盘
10:18:02,1077.95,-0.12,3,323397,卖盘
10:18:05,1078.07,0.12,5,539035,买盘
10:18:09,1077.95,-0.12,7,754607,卖盘
10:18:11,1078.0,0.05,1,107800,中性盘
10:18:14,1078.07,0.07,2,215614,买盘
10:18:17,1077.95,-0.12,2,215602,卖盘
10:18:20,1078.06,0.11,2,215612,买盘
10:18:26,1078.05,-0.01,2,215610,中性盘
10:18:29,1077.88,-0.17,9,1006814,卖盘
10:18:32,1077.95,0.07,1,107795,中性盘
10:18:35,1077.95,0.0,1,107795,买盘
10:18:38,1077.95,0.0,3,323381,买盘
10:18:44,1077.95,0.0,12,1293536,买盘
10:18:47,1078.0,0.05,24,2586517,买盘
10:18:50,1078.0,0.0,1,107800,卖盘
10:18:56,1077.98,-0.02,2,215598,卖盘
10:18:59,1078.03,0.05,11,1185810,买盘
10:19:02,1077.95,-0.08,5,538991,卖盘
10:19:05,1077.95,0.0,9,970183,卖盘
10:19:11,1077.95,0.0,2,215590,卖盘
10:19:14,1077.88,-0.07,5,538961,卖盘
10:19:17,1077.95,0.07,2,215591,中性盘
10:19:20,1077.96,0.01,3,323372,买盘
10:19:23,1077.88,-0.08,4,431143,中性盘
10:19:26,1077.88,0.0,1,107788,买盘
10:19:29,1077.8,-0.08,2,215568,卖盘
10:19:32,1077.95,0.15,4,431169,买盘
10:19:35,1077.85,-0.1,6,646743,卖盘
10:19:39,1077.93,0.08,2,215583,买盘
10:19:41,1077.9,-0.03,1,107790,中性盘
10:19:49,1077.9,0.0,3,323368,买盘
10:19:53,1077.8,-0.1,11,1185586,卖盘
10:19:56,1077.8,0.0,2,215567,卖盘
10:19:59,1077.76,-0.04,6,646691,卖盘
10:20:02,1077.8,0.04,3,323336,买盘
10:20:05,1077.76,-0.04,9,970016,卖盘
10:20:08,1077.76,0.0,6,653126,卖盘
10:20:11,1077.76,0.0,5,532426,卖盘
10:20:14,1077.76,0.0,2,215552,买盘
10:20:17,1078.0,0.24,16,1731077,买盘
10:20:20,1078.0,0.0,6,646737,买盘
10:20:26,1078.0,0.0,2,215600,买盘
10:20:29,1078.0,0.0,1,107800,买盘
10:20:32,1077.97,-0.03,4,431198,卖盘
10:20:35,1077.99,0.02,4,431198,中性盘
10:20:39,1078.05,0.06,13,1401404,买盘
10:20:41,1078.07,0.02,1,107807,买盘
10:20:44,1078.07,0.0,1,107807,卖盘
10:20:47,1078.5,0.43,66,7123762,买盘
10:20:50,1078.46,-0.04,1,107846,卖盘
10:20:53,1078.67,0.21,1,107867,买盘
10:20:56,1078.68,0.01,4,431454,买盘
10:20:59,1078.68,0.0,4,378617,买盘
10:21:02,1078.88,0.2,6,647255,买盘
10:21:05,1079.0,0.12,3,334489,中性盘
10:21:11,1079.0,0.0,3,323758,卖盘
10:21:14,1079.58,0.58,1,107958,买盘
10:21:17,1079.0,-0.58,5,539576,卖盘
10:21:20,1080.0,1.0,53,5723572,买盘
10:21:24,1080.0,0.0,3,323959,买盘
10:21:26,1080.0,0.0,5,539875,买盘
10:21:35,1079.59,-0.41,2,215918,买盘
10:21:39,1079.59,0.0,2,215959,中性盘
10:21:41,1080.0,0.41,11,1187832,买盘
10:21:47,1080.0,0.0,3,324000,买盘
10:21:50,1080.0,0.0,4,431998,买盘
10:21:54,1080.0,0.0,3,371502,买盘
10:21:56,1079.99,-0.01,2,215998,中性盘
10:22:00,1079.6,-0.39,6,647915,卖盘
10:22:02,1079.8,0.2,16,1727939,卖盘
10:22:05,1079.8,0.0,5,539898,买盘
10:22:09,1079.8,0.0,22,2375937,中性盘
10:22:12,1079.73,-0.07,3,323954,卖盘
10:22:14,1080.0,0.27,6,647980,买盘
10:22:17,1079.99,-0.01,9,971994,卖盘
10:22:20,1079.99,0.0,5,539997,卖盘
10:22:24,1080.0,0.01,8,863902,买盘
10:22:26,1079.73,-0.27,11,1187972,卖盘
10:22:30,1080.0,0.27,11,1169569,买盘
10:22:32,1079.8,-0.2,2,234339,买盘
10:22:35,1079.78,-0.02,5,494539,中性盘
10:22:39,1079.75,-0.03,5,550682,买盘
10:22:41,1079.75,0.0,1,142528,买盘
10:22:44,1079.8,0.05,3,323933,卖盘
10:22:47,1080.0,0.2,16,1702925,买盘
10:22:50,1080.0,0.0,3,324001,卖盘
10:22:54,1080.04,0.04,5,540004,中性盘
10:22:56,1080.08,0.04,4,432027,买盘
10:22:59,1080.08,0.0,3,324023,中性盘
10:23:02,1080.11,0.03,9,972076,买盘
10:23:05,1080.1,-0.01,6,648059,中性盘
10:23:07,1080.08,-0.02,4,432035,卖盘
10:23:11,1080.07,-0.01,2,216014,卖盘
10:23:14,1080.04,-0.03,4,421227,卖盘
10:23:17,1080.04,0.0,4,432008,买盘
10:23:20,1080.04,0.0,9,1013055,买盘
10:23:24,1080.0,-0.04,32,3478686,卖盘
10:23:26,1079.8,-0.2,16,1727970,卖盘
10:23:30,1079.84,0.04,7,755915,中性盘
10:23:32,1079.8,-0.04,8,863820,卖盘
10:23:35,1079.71,-0.09,11,1187702,卖盘
10:23:39,1079.6,-0.11,6,647804,卖盘
10:23:41,1079.58,-0.02,13,1355956,卖盘
10:23:44,1079.01,-0.57,14,1510851,卖盘
10:23:47,1079.1,0.09,3,323730,中性盘
10:23:50,1079.09,-0.01,3,323719,中性盘
10:23:54,1079.1,0.01,7,755333,买盘
10:23:56,1079.1,0.0,37,3992329,买盘
10:23:59,1079.0,-0.1,21,2255110,卖盘
10:24:02,1078.78,-0.22,5,539440,卖盘
10:24:05,1078.95,0.17,8,863100,买盘
10:24:08,1079.01,0.06,15,1618483,买盘
10:24:14,1078.76,-0.25,2,215754,卖盘
10:24:17,1078.78,0.02,4,431494,中性盘
10:24:19,1078.83,0.05,4,431526,买盘
10:24:24,1078.5,-0.33,5,539390,卖盘
10:24:26,1078.77,0.27,1,107877,中性盘
10:24:30,1078.5,-0.27,1,107850,卖盘
10:24:32,1078.77,0.27,3,323577,买盘
10:24:35,1078.45,-0.32,8,862595,卖盘
10:24:38,1078.49,0.04,1,107849,买盘
10:24:41,1078.0,-0.49,4,420460,卖盘
10:24:44,1078.4,0.4,2,215689,中性盘
10:24:47,1078.49,0.09,4,431291,买盘
10:24:50,1078.48,-0.01,5,539048,买盘
10:24:53,1078.0,-0.48,3,323400,卖盘
10:24:56,1078.48,0.48,5,539240,买盘
10:25:00,1078.48,0.0,2,215648,买盘
10:25:02,1078.0,-0.48,12,1304380,卖盘
10:25:05,1078.0,0.0,5,538999,买盘
10:25:07,1078.0,0.0,1,107800,买盘
10:25:11,1078.0,0.0,5,539000,买盘
10:25:14,1077.99,-0.01,3,323398,卖盘
10:25:16,1078.0,0.01,4,431197,买盘
10:25:20,1078.0,0.0,2,215550,买盘
10:25:26,1077.59,-0.41,2,215558,卖盘
10:25:30,1077.59,0.0,1,107759,买盘
10:25:32,1077.59,0.0,1,107759,中性盘
10:25:35,1077.99,0.4,1,107799,买盘
10:25:38,1077.59,-0.4,2,215518,卖盘
10:25:41,1077.59,0.0,7,754313,卖盘
10:25:44,1077.59,0.0,1,107759,卖盘
10:25:50,1077.99,0.4,1,107799,买盘
10:25:54,1077.6,-0.39,4,431117,中性盘
10:25:59,1077.3,-0.3,20,2154994,卖盘
10:26:02,1077.59,0.29,1,107759,卖盘
10:26:05,1077.99,0.4,13,1463684,买盘
10:26:09,1078.0,0.01,4,431199,买盘
10:26:11,1077.94,-0.06,2,215593,卖盘
10:26:17,1077.88,-0.06,2,215576,买盘
10:26:20,1077.87,-0.01,1,107787,中性盘
10:26:24,1077.6,-0.27,15,1616403,卖盘
10:26:26,1077.87,0.27,4,431092,买盘
10:26:30,1077.87,0.0,2,215574,买盘
10:26:32,1077.87,0.0,2,215547,中性盘
10:26:35,1077.87,0.0,3,323361,中性盘
10:26:39,1077.61,-0.26,2,215530,中性盘
10:26:41,1077.61,0.0,3,323282,买盘
10:26:44,1077.69,0.08,9,969923,买盘
10:26:47,1077.88,0.19,3,323310,买盘
10:26:54,1077.64,-0.24,5,538841,中性盘
10:26:56,1077.61,-0.03,2,215528,卖盘
10:27:00,1077.61,0.0,5,538806,卖盘
10:27:02,1077.61,0.0,3,323286,卖盘
10:27:05,1077.61,0.0,6,646573,买盘
10:27:09,1077.6,-0.01,6,646564,卖盘
10:27:11,1077.61,0.01,16,1724163,中性盘
10:27:15,1077.88,0.27,23,2478349,买盘
10:27:17,1077.6,-0.28,5,538802,卖盘
10:27:20,1077.62,0.02,2,215550,中性盘
10:27:24,1077.6,-0.02,5,538800,卖盘
10:27:26,1077.5,-0.1,1,107750,卖盘
10:27:29,1077.0,-0.5,16,1725545,买盘
10:27:32,1077.0,0.0,10,1077018,卖盘
10:27:35,1077.3,0.3,5,538560,买盘
10:27:38,1077.14,-0.16,1,107714,卖盘
10:27:41,1077.0,-0.14,36,3877489,卖盘
10:27:44,1077.14,0.14,2,215437,中性盘
10:27:50,1077.0,-0.14,8,861580,卖盘
10:27:54,1077.0,0.0,4,430800,买盘
10:27:59,1077.0,0.0,3,323109,卖盘
10:28:02,1077.0,0.0,19,2046616,卖盘
10:28:05,1077.07,0.07,9,969342,买盘
10:28:11,1077.09,0.02,2,215418,买盘
10:28:15,1077.07,-0.02,9,914443,卖盘
10:28:17,1076.0,-1.07,118,12709702,卖盘
10:28:20,1075.89,-0.11,21,2248635,卖盘
10:28:23,1075.82,-0.07,11,1183419,买盘
10:28:26,1075.81,-0.01,10,1086521,中性盘
10:28:29,1075.99,0.18,3,322750,卖盘
10:28:32,1075.2,-0.79,11,1182964,卖盘
10:28:39,1075.7,0.5,2,215140,买盘
10:28:41,1075.7,0.0,3,322700,中性盘
10:28:44,1075.1,-0.6,2,215020,卖盘
10:28:47,1076.0,0.9,22,2366953,买盘
10:28:50,1075.69,-0.31,6,645415,卖盘
10:28:53,1076.99,1.3,4,430546,中性盘
10:28:56,1075.89,-1.1,3,322927,卖盘
10:29:00,1075.89,0.0,8,860887,买盘
10:29:02,1075.89,0.0,3,322745,中性盘
10:29:05,1076.13,0.24,1,107613,中性盘
10:29:09,1076.64,0.51,1,107664,买盘
10:29:11,1076.13,-0.51,2,215313,卖盘
10:29:14,1076.69,0.56,13,1398908,买盘
10:29:17,1076.69,0.0,4,430676,卖盘
10:29:20,1076.99,0.3,2,215368,买盘
10:29:24,1076.69,-0.3,1,107669,卖盘
10:29:30,1076.69,0.0,1,107669,中性盘
10:29:32,1076.64,-0.05,5,538320,卖盘
10:29:35,1076.64,0.0,6,645873,买盘
10:29:38,1076.23,-0.41,2,215242,中性盘
10:29:41,1076.23,0.0,3,322846,买盘
10:29:47,1076.22,-0.01,3,322844,买盘
10:29:50,1076.23,0.01,9,968454,买盘
10:29:53,1076.62,0.39,4,430570,买盘
10:29:56,1076.22,-0.4,1,107622,卖盘
10:29:59,1076.62,0.4,1,107662,卖盘
10:30:02,1076.64,0.02,8,861062,买盘
10:30:05,1076.22,-0.42,7,753414,卖盘
10:30:08,1076.22,0.0,1,107622,中性盘
10:30:11,1076.22,0.0,1,107622,中性盘
10:30:14,1076.62,0.4,2,215284,买盘
10:30:24,1076.21,-0.41,48,5163123,卖盘
10:30:26,1075.98,-0.23,9,968411,卖盘
10:30:32,1075.96,-0.02,2,215155,中性盘
10:30:35,1075.98,0.02,3,322794,买盘
10:30:38,1075.59,-0.39,1,107559,卖盘
10:30:41,1076.0,0.41,4,430317,买盘
10:30:44,1076.0,0.0,1,107600,买盘
10:30:47,1075.5,-0.5,13,1346714,卖盘
10:30:50,1075.44,-0.06,6,696906,卖盘
10:30:53,1075.5,0.06,2,215100,买盘
10:30:56,1075.1,-0.4,7,752791,卖盘
10:31:00,1075.1,0.0,16,1720194,卖盘
10:31:02,1075.12,0.02,9,967592,卖盘
10:31:05,1075.1,-0.02,9,967754,卖盘
10:31:09,1075.5,0.4,5,537710,买盘
10:31:11,1075.51,0.01,8,860402,买盘
10:31:14,1076.0,0.49,2,215191,买盘
10:31:17,1076.0,0.0,2,181835,卖盘
10:31:20,1076.0,0.0,1,141025,买盘
10:31:23,1075.08,-0.92,33,3549097,卖盘
10:31:26,1075.91,0.83,3,322803,卖盘
10:31:30,1075.07,-0.84,70,7525136,卖盘
10:31:32,1075.12,0.05,19,2042570,买盘
10:31:35,1075.13,0.01,6,645056,买盘
10:31:39,1075.18,0.05,10,1075180,卖盘
10:31:41,1075.18,0.0,103,11072613,中性盘
10:31:44,1075.5,0.32,4,430094,买盘
10:31:47,1075.02,-0.48,12,1290054,卖盘
10:31:50,1075.0,-0.02,16,1704957,卖盘
10:31:53,1074.88,-0.12,11,1182442,卖盘
10:31:56,1074.88,0.0,9,967398,卖盘
10:32:02,1074.88,0.0,9,967435,卖盘
10:32:05,1074.94,0.06,39,4243723,中性盘
10:32:09,1075.0,0.06,6,645019,买盘
10:32:11,1075.02,0.02,4,429983,买盘
10:32:13,1075.02,0.0,2,215004,卖盘
10:32:17,1075.07,0.05,2,215014,买盘
10:32:20,1075.0,-0.07,5,537514,卖盘
10:32:23,1074.95,-0.05,2,215000,中性盘
10:32:26,1075.08,0.13,9,967560,买盘
10:32:30,1075.34,0.26,6,645125,买盘
10:32:32,1075.96,0.62,3,322664,买盘
10:32:35,1075.96,0.0,3,322788,卖盘
10:32:38,1076.98,1.02,2,215294,买盘
10:32:43,1076.98,0.0,2,215388,买盘
10:32:47,1076.9,-0.08,4,430776,中性盘
10:32:50,1075.96,-0.94,2,215295,卖盘
10:32:53,1075.33,-0.63,51,5488061,卖盘
10:32:55,1076.98,1.65,7,753886,卖盘
10:32:59,1075.01,-1.97,18,1937404,卖盘
10:33:02,1076.98,1.97,6,645974,买盘
10:33:05,1077.0,0.02,1,107700,买盘
10:33:08,1077.66,0.66,9,969809,买盘
10:33:11,1077.99,0.33,6,657576,中性盘
10:33:17,1078.0,0.01,2,215649,卖盘
10:33:20,1077.0,-1.0,22,2358838,买盘
10:33:26,1077.0,0.0,5,538498,卖盘
10:33:30,1077.66,0.66,2,129319,买盘
10:33:32,1078.0,0.34,10,1077919,买盘
10:33:35,1078.0,0.0,9,1011164,卖盘
10:33:39,1078.49,0.49,11,1223774,买盘
10:33:40,1078.1,-0.39,1,107810,中性盘
10:33:47,1078.0,-0.1,24,2587240,卖盘
10:33:54,1078.1,0.1,2,215618,买盘
10:33:56,1078.02,-0.08,5,539006,卖盘
10:33:58,1078.02,0.0,1,107802,买盘
10:34:02,1078.0,-0.02,18,1940416,卖盘
10:34:05,1078.0,0.0,21,2263805,卖盘
10:34:08,1078.0,0.0,30,3241546,卖盘
10:34:11,1077.0,-1.0,2,215450,卖盘
10:34:16,1077.0,0.0,1,107700,卖盘
10:34:23,1077.0,0.0,5,538552,卖盘
10:34:26,1077.0,0.0,2,215450,卖盘
10:34:29,1077.5,0.5,12,1235369,买盘
10:34:31,1077.0,-0.5,5,538550,卖盘
10:34:35,1077.5,0.5,1,107750,买盘
10:34:38,1077.5,0.0,1,107750,卖盘
10:34:41,1077.5,0.0,12,1293000,卖盘
10:34:44,1077.5,0.0,3,323298,卖盘
10:34:47,1077.5,0.0,6,646500,卖盘
10:34:50,1077.5,0.0,2,215500,卖盘
10:34:53,1077.5,0.0,2,215501,卖盘
10:34:56,1077.5,0.0,1,107750,中性盘
10:34:59,1077.97,0.47,11,1185506,买盘
10:35:02,1077.5,-0.47,1,107750,买盘
10:35:04,1077.48,-0.02,3,323244,买盘
10:35:08,1077.5,0.02,4,431006,卖盘
10:35:11,1077.5,0.0,2,215547,中性盘
10:35:14,1077.16,-0.34,1,107716,中性盘
10:35:17,1077.98,0.82,1,107798,买盘
10:35:19,1077.5,-0.48,3,323250,中性盘
10:35:23,1077.5,0.0,1,107750,卖盘
10:35:26,1077.5,0.0,3,323250,卖盘
10:35:32,1077.5,0.0,5,538707,中性盘
10:35:38,1077.5,0.0,1,107750,买盘
10:35:41,1077.55,0.05,7,754265,买盘
10:35:56,1077.5,-0.05,1,107750,买盘
10:35:59,1077.5,0.0,3,323190,买盘
10:36:02,1076.5,-1.0,24,2584861,卖盘
10:36:05,1077.49,0.99,2,215498,卖盘
10:36:08,1076.5,-0.99,1,165781,卖盘
10:36:11,1076.44,-0.06,6,587763,卖盘
10:36:17,1076.18,-0.26,3,322880,卖盘
10:36:19,1076.0,-0.18,2,262580,卖盘
10:36:23,1076.18,0.18,2,215236,中性盘
10:36:29,1076.0,-0.18,7,705899,卖盘
10:36:32,1076.0,0.0,1,107600,买盘
10:36:35,1076.0,0.0,18,1935487,买盘
10:36:38,1075.7,-0.3,4,430380,中性盘
10:36:40,1075.97,0.27,1,107597,卖盘
10:36:44,1075.97,0.0,5,537904,买盘
10:36:47,1075.69,-0.28,3,322707,买盘
10:36:50,1075.2,-0.49,5,537649,卖盘
10:36:53,1075.18,-0.02,2,215036,卖盘
10:36:56,1075.02,-0.16,8,860072,卖盘
10:36:59,1075.02,0.0,41,4407521,买盘
10:37:02,1075.0,-0.02,8,860080,卖盘
10:37:04,1075.69,0.69,5,537656,买盘
10:37:08,1075.02,-0.67,6,645012,卖盘
10:37:11,1075.01,-0.01,8,860149,卖盘
10:37:14,1075.97,0.96,3,322668,买盘
10:37:17,1075.97,0.0,2,215194,买盘
10:37:23,1075.97,0.0,6,645582,买盘
10:37:26,1075.85,-0.12,4,430352,中性盘
10:37:29,1075.97,0.12,7,753156,买盘
10:37:32,1075.83,-0.14,3,322742,卖盘
10:37:34,1075.83,0.0,2,215162,买盘
10:37:38,1075.79,-0.04,3,322727,中性盘
10:37:41,1075.85,0.06,4,430336,买盘
10:37:43,1075.69,-0.16,3,322726,卖盘
10:37:50,1075.69,0.0,4,430276,买盘
10:37:53,1075.69,0.0,1,107569,买盘
10:37:59,1075.11,-0.58,2,215080,中性盘
10:38:02,1075.11,0.0,3,322590,中性盘
10:38:05,1075.83,0.72,3,322730,买盘
10:38:07,1075.08,-0.75,9,967654,卖盘
10:38:10,1075.1,0.02,3,322518,买盘
10:38:14,1075.1,0.0,2,215018,买盘
10:38:17,1075.1,0.0,7,752570,买盘
10:38:20,1075.31,0.21,2,215061,买盘
10:38:22,1075.11,-0.2,2,215022,卖盘
10:38:26,1075.11,0.0,2,215022,卖盘
10:38:28,1075.11,0.0,5,537622,卖盘
10:38:31,1075.97,0.86,4,430130,买盘
10:38:35,1075.11,-0.86,1,107511,卖盘
10:38:41,1075.16,0.05,101,10857895,中性盘
10:38:44,1075.16,0.0,8,860658,卖盘
10:38:46,1075.16,0.0,1,107516,卖盘
10:38:50,1075.97,0.81,9,968373,买盘
10:38:53,1075.16,-0.81,4,430064,卖盘
10:38:56,1075.97,0.81,2,215175,买盘
10:38:58,1075.96,-0.01,11,1145350,买盘
10:39:02,1075.43,-0.53,2,215059,中性盘
10:39:05,1075.39,-0.04,5,537711,卖盘
10:39:07,1075.33,-0.06,1,107533,中性盘
10:39:11,1075.16,-0.17,7,752624,卖盘
10:39:14,1075.2,0.04,7,752631,卖盘
10:39:17,1075.13,-0.07,3,369861,中性盘
10:39:20,1075.23,0.1,1,107523,买盘
10:39:23,1075.16,-0.07,2,215037,卖盘
10:39:26,1075.18,0.02,4,430081,卖盘
10:39:29,1075.23,0.05,12,1290233,买盘
10:39:32,1075.23,0.0,7,752655,买盘
10:39:35,1075.23,0.0,2,215046,卖盘
10:39:41,1075.23,0.0,3,322570,卖盘
10:39:44,1075.43,0.2,4,430119,买盘
10:39:46,1075.97,0.54,11,1183377,买盘
10:39:50,1075.3,-0.67,1,107530,卖盘
10:39:56,1075.24,-0.06,1,107524,卖盘
10:39:59,1075.12,-0.12,25,2640667,卖盘
10:40:02,1075.11,-0.01,15,1612670,卖盘
10:40:05,1075.1,-0.01,6,645061,中性盘
10:40:08,1075.1,0.0,2,215016,买盘
10:40:10,1075.1,0.0,2,215020,买盘
10:40:17,1075.1,0.0,2,215013,买盘
10:40:19,1075.1,0.0,17,1827674,卖盘
10:40:23,1075.03,-0.07,5,537515,卖盘
10:40:26,1075.03,0.0,11,1182555,买盘
10:40:29,1075.02,-0.01,1,107502,卖盘
10:40:32,1075.03,0.01,1,107503,卖盘
10:40:35,1075.03,0.0,3,322515,卖盘
10:40:38,1075.09,0.06,3,322513,买盘
10:40:41,1075.09,0.0,1,107509,中性盘
10:40:44,1075.01,-0.08,12,1337357,卖盘
10:40:53,1075.01,-0.01,1,107502,买盘
10:40:56,1075.02,0.01,5,537508,中性盘
10:40:59,1075.0,-0.02,19,1994271,卖盘
10:41:02,1075.0,0.0,10,1075000,卖盘
10:41:05,1076.18,1.18,3,322567,买盘
10:41:11,1075.02,-1.16,1,107502,中性盘
10:41:23,1075.03,0.01,1,107503,卖盘
10:41:26,1075.01,-0.02,27,2902541,卖盘
10:41:29,1075.0,-0.01,5,537500,卖盘
10:41:31,1075.01,0.01,6,645005,买盘
10:41:41,1075.01,0.0,3,322501,买盘
10:41:44,1075.0,-0.01,7,752503,卖盘
10:41:47,1075.0,0.0,24,2580015,卖盘
10:41:49,1075.01,0.01,1,107501,中性盘
10:41:54,1075.03,0.02,1,107503,买盘
10:41:56,1076.17,1.14,3,322834,买盘
10:41:59,1076.17,0.0,1,107617,卖盘
10:42:02,1076.44,0.27,9,968702,买盘
10:42:05,1075.0,-1.44,54,5805868,卖盘
10:42:08,1075.75,0.75,2,215217,卖盘
10:42:14,1075.04,-0.71,2,261307,卖盘
10:42:17,1075.75,0.71,1,107575,买盘
10:42:20,1075.04,-0.71,4,383807,卖盘
10:42:26,1075.74,0.7,1,107574,中性盘
10:42:29,1075.05,-0.69,4,430028,卖盘
10:42:32,1075.05,0.0,1,107505,买盘
10:42:41,1075.0,-0.05,19,1996335,卖盘
10:42:44,1075.13,0.13,8,860039,中性盘
10:42:47,1075.74,0.61,1,107574,买盘
10:42:53,1075.13,-0.61,1,107513,卖盘
10:42:56,1075.13,0.0,1,107513,卖盘
10:42:59,1075.13,0.0,6,645215,卖盘
10:43:02,1075.13,0.0,2,215026,卖盘
10:43:05,1075.74,0.61,4,430296,买盘
10:43:07,1075.13,-0.61,1,107513,卖盘
10:43:11,1075.0,-0.13,7,752534,卖盘
10:43:14,1075.13,0.13,13,1398116,买盘
10:43:17,1075.13,0.0,2,215026,卖盘
10:43:23,1075.0,-0.13,35,3762546,卖盘
10:43:26,1075.0,0.0,6,644989,买盘
10:43:28,1075.0,0.0,6,644988,买盘
10:43:32,1074.96,-0.04,2,214996,卖盘
10:43:35,1075.0,0.04,3,322500,买盘
10:43:41,1075.51,0.51,4,430100,买盘
10:43:44,1075.51,0.0,1,107551,买盘
10:43:49,1074.68,-0.83,60,6449918,卖盘
10:43:53,1075.0,0.32,1,107500,中性盘
10:43:55,1075.51,0.51,3,322570,买盘
10:44:02,1074.6,-0.91,4,429852,卖盘
10:44:05,1075.51,0.91,4,430204,买盘
10:44:08,1074.6,-0.91,1,107460,卖盘
10:44:11,1074.6,0.0,1,107460,卖盘
10:44:14,1074.66,0.06,1,107466,中性盘
10:44:16,1074.6,-0.06,2,215006,卖盘
10:44:23,1074.61,0.01,2,215007,卖盘
10:44:26,1074.8,0.19,1,107480,中性盘
10:44:28,1074.61,-0.19,10,1074625,卖盘
10:44:35,1074.61,0.0,1,107461,买盘
10:44:37,1074.61,0.0,2,214922,买盘
10:44:41,1074.6,-0.01,8,859686,卖盘
10:44:44,1074.61,0.01,11,1182051,买盘
10:44:47,1074.61,0.0,6,644776,卖盘
10:44:50,1074.6,-0.01,3,322382,卖盘
10:44:52,1074.63,0.03,2,214924,中性盘
10:44:55,1074.64,0.01,4,429855,买盘
10:44:59,1074.61,-0.03,11,1182071,卖盘
10:45:02,1074.64,0.03,5,537313,中性盘
10:45:05,1074.65,0.01,4,429852,买盘
10:45:08,1074.6,-0.05,4,429843,卖盘
10:45:11,1074.61,0.01,3,322381,买盘
10:45:14,1074.61,0.0,1,107461,买盘
10:45:17,1074.61,0.0,8,859718,卖盘
10:45:20,1074.61,0.0,2,214922,卖盘
10:45:23,1074.61,0.0,2,255757,卖盘
10:45:29,1074.61,0.0,2,214922,卖盘
10:45:32,1074.6,-0.01,3,322372,买盘
10:45:35,1074.6,0.0,1,107460,买盘
10:45:41,1074.54,-0.06,21,2256470,中性盘
10:45:43,1074.52,-0.02,9,967084,卖盘
10:45:50,1074.52,0.0,1,107452,卖盘
10:45:53,1074.35,-0.17,47,5049480,卖盘
10:45:56,1074.35,0.0,7,806837,卖盘
10:45:58,1074.52,0.17,12,1234441,买盘
10:46:02,1074.61,0.09,8,859670,买盘
10:46:05,1074.61,0.0,4,429882,卖盘
10:46:08,1074.61,0.0,1,107461,卖盘
10:46:11,1074.61,0.0,1,107461,卖盘
10:46:14,1074.61,0.0,7,752245,卖盘
10:46:17,1074.74,0.13,3,322415,买盘
10:46:20,1074.74,0.0,4,429863,买盘
10:46:23,1074.74,0.0,8,859767,买盘
10:46:25,1074.97,0.23,2,214971,买盘
10:46:29,1074.75,-0.22,2,214949,中性盘
10:46:32,1074.61,-0.14,8,859767,卖盘
10:46:35,1074.66,0.05,2,214930,中性盘
10:46:38,1074.74,0.08,2,214948,买盘
10:46:43,1074.74,0.0,3,322422,买盘
10:46:46,1074.72,-0.02,3,322418,卖盘
10:46:50,1074.79,0.07,6,644847,买盘
10:46:53,1074.79,0.0,2,214958,卖盘
10:46:56,1074.74,-0.05,5,537380,卖盘
10:47:02,1074.74,0.0,2,214948,卖盘
10:47:05,1074.59,-0.15,16,1719477,卖盘
10:47:08,1074.55,-0.04,3,322363,中性盘
10:47:14,1074.54,-0.01,5,537276,卖盘
10:47:17,1074.63,0.09,1,107463,卖盘
10:47:22,1074.63,0.0,3,322398,卖盘
10:47:26,1074.52,-0.11,13,1396923,卖盘
10:47:29,1074.72,0.2,8,859731,中性盘
10:47:32,1074.72,0.0,1,107472,卖盘
10:47:38,1075.0,0.28,1,107500,买盘
10:47:41,1074.72,-0.28,2,214944,卖盘
10:47:44,1074.99,0.27,2,214998,买盘
10:47:47,1074.72,-0.27,5,537362,卖盘
10:47:53,1074.69,-0.03,3,313784,中性盘
10:47:56,1074.71,0.02,4,429853,买盘
10:47:59,1074.6,-0.11,1,107460,买盘
10:48:02,1074.63,0.03,3,322389,买盘
10:48:05,1074.61,-0.02,7,752239,卖盘
10:48:08,1074.61,0.0,1,107461,中性盘
10:48:10,1074.56,-0.05,1,107456,卖盘
10:48:14,1074.6,0.04,1,107460,卖盘
10:48:17,1074.53,-0.07,11,1181983,卖盘
10:48:20,1074.31,-0.22,23,2418647,卖盘
10:48:23,1074.52,0.21,5,537274,买盘
10:48:26,1074.6,0.08,7,752178,买盘
10:48:29,1074.31,-0.29,1,122473,买盘
10:48:32,1074.31,0.0,3,322314,买盘
10:48:35,1074.57,0.26,4,429829,卖盘
10:48:41,1074.34,-0.23,3,322348,卖盘
10:48:44,1074.57,0.23,5,537212,买盘
10:48:47,1074.58,0.01,9,967111,买盘
10:48:50,1074.58,0.0,3,322374,卖盘
10:48:52,1074.57,-0.01,2,214915,卖盘
10:48:56,1074.58,0.01,2,214916,卖盘
10:49:02,1074.6,0.02,5,537295,买盘
10:49:05,1074.63,0.03,10,1074610,买盘
10:49:08,1074.58,-0.05,10,1074586,卖盘
10:49:11,1074.6,0.02,6,644751,买盘
10:49:14,1074.6,0.0,33,3545626,中性盘
10:49:17,1074.01,-0.59,27,2900784,卖盘
10:49:19,1074.6,0.59,2,214921,中性盘
10:49:22,1074.63,0.03,3,322396,卖盘
10:49:25,1074.63,0.0,6,666289,卖盘
10:49:29,1074.63,0.0,6,623301,卖盘
10:49:32,1074.6,-0.03,1,107460,卖盘
10:49:35,1074.61,0.01,1,128952,卖盘
10:49:38,1074.6,-0.01,11,1182071,卖盘
10:49:40,1074.6,0.0,15,1611923,卖盘
10:49:43,1074.63,0.03,2,214926,买盘
10:49:47,1074.6,-0.03,1,107460,卖盘
10:49:50,1074.04,-0.56,7,730487,卖盘
10:49:53,1074.6,0.56,1,107459,卖盘
10:49:58,1074.02,-0.58,2,214804,卖盘
10:50:02,1074.04,0.02,3,322216,卖盘
10:50:05,1073.99,-0.05,126,13526001,卖盘
10:50:08,1073.95,-0.04,6,644387,卖盘
10:50:11,1073.81,-0.14,14,1503424,卖盘
10:50:14,1073.8,-0.01,30,3221401,卖盘
10:50:17,1073.73,-0.07,11,1181150,卖盘
10:50:20,1073.6,-0.13,6,644173,卖盘
10:50:23,1073.51,-0.09,4,429412,卖盘
10:50:26,1073.5,-0.01,23,2469052,卖盘
10:50:28,1073.37,-0.13,8,858778,卖盘
10:50:32,1073.36,-0.01,1,107336,卖盘
10:50:35,1073.27,-0.09,5,536642,卖盘
10:50:38,1073.11,-0.16,3,321947,卖盘
10:50:41,1073.07,-0.04,4,429234,卖盘
10:50:44,1073.03,-0.04,12,1287671,卖盘
10:50:47,1073.07,0.04,3,321919,中性盘
10:50:50,1073.01,-0.06,5,536515,卖盘
10:50:53,1073.01,0.0,79,8476718,卖盘
10:50:56,1073.0,-0.01,23,2467904,卖盘
10:50:59,1073.0,0.0,79,8476703,卖盘
10:51:02,1073.0,0.0,22,2360603,卖盘
10:51:05,1073.0,0.0,15,1609503,卖盘
10:51:07,1072.99,-0.01,1,107299,中性盘
10:51:10,1072.97,-0.02,5,536449,买盘
10:51:14,1072.97,0.0,3,321837,买盘
10:51:17,1072.92,-0.05,1,107292,买盘
10:51:20,1072.7,-0.22,3,321859,卖盘
10:51:23,1072.7,0.0,4,429069,买盘
10:51:28,1072.5,-0.2,31,3324800,卖盘
10:51:32,1072.58,0.08,3,321768,中性盘
10:51:35,1072.48,-0.1,3,321748,卖盘
10:51:37,1072.69,0.21,13,1394329,买盘
10:51:40,1072.4,-0.29,6,643478,卖盘
10:51:44,1072.35,-0.05,5,536219,卖盘
10:51:47,1072.4,0.05,5,536170,买盘
10:51:50,1072.35,-0.05,1,107235,中性盘
10:51:53,1072.0,-0.35,74,7933421,卖盘
10:51:55,1072.0,0.0,17,1822523,卖盘
10:51:59,1072.06,0.06,7,750406,中性盘
10:52:02,1072.0,-0.06,10,1072022,卖盘
10:52:05,1072.06,0.06,6,643222,买盘
10:52:08,1072.0,-0.06,12,1286459,卖盘
10:52:11,1072.0,0.0,7,750404,卖盘
10:52:14,1072.0,0.0,12,1286400,卖盘
10:52:17,1072.0,0.0,39,4160443,卖盘
10:52:19,1072.0,0.0,14,1500807,卖盘
10:52:22,1072.04,0.04,18,1929616,买盘
10:52:26,1072.0,-0.04,6,643201,卖盘
10:52:29,1072.04,0.04,28,3001623,买盘
10:52:32,1072.0,-0.04,13,1413966,卖盘
10:52:35,1071.9,-0.1,1,107190,卖盘
10:52:38,1071.9,0.0,3,321553,买盘
10:52:40,1071.8,-0.1,11,1179010,卖盘
10:52:44,1071.5,-0.3,31,3322220,卖盘
10:52:47,1071.49,-0.01,7,750156,卖盘
10:52:50,1071.4,-0.09,11,1178540,中性盘
10:52:53,1071.44,0.04,6,642862,中性盘
10:52:56,1071.9,0.46,11,1178965,买盘
10:52:58,1071.83,-0.07,9,964691,卖盘
10:53:02,1071.83,0.0,6,643138,卖盘
10:53:05,1071.9,0.07,9,964684,中性盘
10:53:08,1071.88,-0.02,12,1286209,卖盘
10:53:11,1071.88,0.0,2,214371,中性盘
10:53:14,1071.83,-0.05,2,214366,卖盘
10:53:17,1071.95,0.12,10,1071934,买盘
10:53:20,1071.95,0.0,1,107195,卖盘
10:53:23,1072.0,0.05,25,2679975,买盘
10:53:25,1071.9,-0.1,22,2358216,卖盘
10:53:29,1072.0,0.1,12,1286535,卖盘
10:53:32,1071.27,-0.73,46,4928714,卖盘
10:53:35,1071.43,0.16,32,3427800,买盘
10:53:38,1071.01,-0.42,114,12209926,卖盘
10:53:41,1071.01,0.0,32,3427242,卖盘
10:53:44,1071.01,0.0,11,1178113,卖盘
10:53:47,1071.01,0.0,5,535505,中性盘
10:53:50,1071.0,-0.01,56,5997640,卖盘
10:53:53,1071.1,0.1,26,2803954,买盘
10:53:56,1071.01,-0.09,16,1713709,卖盘
10:53:59,1071.01,0.0,33,3534306,卖盘
10:54:02,1071.1,0.09,16,1713617,买盘
10:54:05,1071.19,0.09,5,535551,买盘
10:54:08,1071.0,-0.19,37,3962751,卖盘
10:54:11,1071.01,0.01,6,642603,买盘
10:54:14,1071.01,0.0,9,963905,买盘
10:54:16,1071.04,0.03,9,963919,买盘
10:54:20,1070.8,-0.24,113,12082974,卖盘
10:54:23,1071.0,0.2,10,1070980,买盘
10:54:26,1070.8,-0.2,31,3319896,卖盘
10:54:29,1070.8,0.0,9,963710,买盘
10:54:32,1070.8,0.0,3,321230,买盘
10:54:34,1070.8,0.0,4,428292,买盘
10:54:38,1070.66,-0.14,11,1177740,卖盘
10:54:41,1070.7,0.04,13,1381061,买盘
10:54:43,1070.56,-0.14,1,107056,买盘
10:54:47,1070.5,-0.06,5,567386,卖盘
10:54:50,1070.52,0.02,3,321160,中性盘
10:54:52,1070.52,0.0,14,1498728,买盘
10:54:56,1070.56,0.04,4,428210,买盘
10:54:59,1070.56,0.0,3,321162,买盘
10:55:01,1070.52,-0.04,34,3640175,买盘
10:55:05,1070.5,-0.02,17,1798264,卖盘
10:55:08,1070.5,0.0,15,1627168,买盘
10:55:11,1070.52,0.02,8,856538,卖盘
10:55:14,1070.1,-0.42,26,2782489,买盘
10:55:17,1070.5,0.4,9,963389,中性盘
10:55:20,1070.62,0.12,6,642372,买盘
10:55:23,1070.52,-0.1,4,428213,卖盘
10:55:25,1070.5,-0.02,10,1070506,卖盘
10:55:29,1070.43,-0.07,22,2355086,卖盘
10:55:32,1070.5,0.07,5,539525,卖盘
10:55:35,1070.5,0.0,2,214102,买盘
10:55:38,1070.45,-0.05,4,428191,卖盘
10:55:40,1070.62,0.17,12,1284569,买盘
10:55:44,1070.62,0.0,22,2355167,买盘
10:55:47,1070.1,-0.52,13,1391267,卖盘
10:55:50,1071.0,0.9,4,428304,买盘
10:55:53,1071.0,0.0,7,749521,买盘
10:55:56,1070.62,-0.38,4,428363,卖盘
10:55:59,1071.8,1.18,5,535661,买盘
10:56:02,1071.83,0.03,3,321467,买盘
10:56:05,1071.83,0.0,6,642851,买盘
10:56:08,1071.0,-0.83,3,321384,卖盘
10:56:11,1070.75,-0.25,11,1178241,卖盘
10:56:13,1071.6,0.85,4,428703,中性盘
10:56:20,1071.6,0.0,7,749941,买盘
10:56:22,1071.6,0.0,5,535640,买盘
10:56:26,1071.6,0.0,3,321420,买盘
10:56:29,1071.18,-0.42,1,107118,卖盘
10:56:31,1071.0,-0.18,17,1820946,卖盘
10:56:35,1072.0,1.0,6,643200,买盘
10:56:38,1072.0,0.0,2,214400,买盘
10:56:41,1072.0,0.0,1,128640,买盘
10:56:44,1072.05,0.05,24,2572905,买盘
10:56:47,1073.0,0.95,8,868798,买盘
10:56:50,1073.05,0.05,3,321941,卖盘
10:56:53,1073.05,0.0,1,107305,卖盘
10:56:56,1073.18,0.13,4,429272,买盘
10:56:58,1074.0,0.82,2,214715,买盘
10:57:02,1073.15,-0.85,7,751171,卖盘
10:57:05,1073.18,0.03,2,214628,买盘
10:57:08,1073.99,0.81,7,751519,卖盘
10:57:11,1073.99,0.0,1,107399,卖盘
10:57:17,1073.98,-0.01,1,107398,中性盘
10:57:20,1073.98,0.0,1,107398,买盘
10:57:22,1073.98,0.0,2,214716,买盘
10:57:26,1073.18,-0.8,1,107318,卖盘
10:57:29,1073.98,0.8,7,751706,买盘
10:57:32,1073.98,0.0,3,322114,买盘
10:57:35,1071.0,-2.98,51,5465389,卖盘
10:57:37,1073.96,2.96,1,107396,买盘
10:57:41,1073.19,-0.77,1,107319,卖盘
10:57:50,1073.19,0.0,5,536596,卖盘
10:57:53,1073.19,0.0,2,214638,买盘
10:57:56,1073.19,0.0,2,214638,买盘
10:57:58,1073.19,0.0,1,107319,买盘
10:58:02,1073.19,0.0,3,321957,卖盘
10:58:05,1073.95,0.76,9,966554,买盘
10:58:08,1072.5,-1.45,10,1072966,卖盘
10:58:11,1072.5,0.0,13,1394878,中性盘
10:58:23,1072.5,0.0,1,107250,买盘
10:58:26,1072.0,-0.5,6,643200,卖盘
10:58:32,1071.6,-0.4,3,272267,卖盘
10:58:35,1072.5,0.9,5,536050,买盘
10:58:38,1072.6,0.1,1,107260,中性盘
10:58:41,1072.02,-0.58,2,214404,卖盘
10:58:44,1072.49,0.47,1,107249,买盘
10:58:47,1072.0,-0.49,1,107200,卖盘
10:58:49,1072.0,0.0,3,321600,卖盘
10:58:52,1072.0,0.0,3,321649,卖盘
10:58:59,1072.6,0.6,2,214520,买盘
10:59:02,1072.0,-0.6,1,107200,卖盘
10:59:05,1072.62,0.62,3,321782,买盘
10:59:11,1072.5,-0.12,3,321700,买盘
10:59:14,1071.7,-0.8,8,857677,卖盘
10:59:17,1071.99,0.29,1,113631,买盘
10:59:23,1072.62,0.63,2,214462,买盘
10:59:25,1072.0,-0.62,1,107200,卖盘
10:59:29,1072.02,0.02,1,107202,中性盘
10:59:32,1072.0,-0.02,1,107200,卖盘
10:59:34,1072.62,0.62,10,1072378,买盘
10:59:38,1072.59,-0.03,1,107259,卖盘
10:59:41,1073.16,0.57,7,751187,买盘
10:59:43,1073.16,0.0,3,321932,卖盘
10:59:47,1074.0,0.84,29,3134783,买盘
10:59:49,1074.0,0.0,3,322200,卖盘
10:59:53,1074.0,0.0,3,322200,卖盘
10:59:56,1074.02,0.02,7,751806,买盘
10:59:59,1074.0,-0.02,2,214802,卖盘
11:00:02,1074.0,0.0,13,1374724,卖盘
11:00:05,1072.59,-1.41,7,751653,卖盘
11:00:08,1074.0,1.41,2,214800,买盘
11:00:11,1072.01,-1.99,4,428914,卖盘
11:00:14,1072.0,-0.01,10,1072000,卖盘
11:00:16,1071.51,-0.49,14,1500508,卖盘
11:00:20,1071.5,-0.01,11,1178653,卖盘
11:00:23,1071.39,-0.11,4,428591,卖盘
11:00:26,1071.1,-0.29,3,321359,卖盘
11:00:28,1071.02,-0.08,9,963958,卖盘
11:00:31,1071.01,-0.01,12,1285213,卖盘
11:00:35,1071.0,-0.01,40,4251875,卖盘
11:00:38,1071.02,0.02,15,1606436,买盘
11:00:41,1070.77,-0.25,6,642561,卖盘
11:00:44,1070.65,-0.12,1,107065,卖盘
11:00:47,1071.39,0.74,21,2249474,买盘
11:00:50,1071.5,0.11,24,2571358,买盘
11:00:53,1070.77,-0.73,16,1714080,卖盘
11:00:56,1070.62,-0.15,4,428246,买盘
11:01:02,1071.0,0.38,4,428363,中性盘
11:01:05,1070.65,-0.35,9,915572,买盘
11:01:08,1070.65,0.0,3,321192,买盘
11:01:11,1071.65,1.0,26,2832575,买盘
11:01:14,1071.65,0.0,2,214330,卖盘
11:01:16,1071.65,0.0,5,535919,卖盘
11:01:20,1071.65,0.0,11,1179455,卖盘
11:01:23,1071.65,0.0,2,214330,卖盘
11:01:26,1071.67,0.02,2,214416,中性盘
11:01:32,1070.62,-1.05,28,2949956,卖盘
11:01:35,1070.62,0.0,37,4009308,买盘
11:01:38,1071.62,1.0,3,321416,买盘
11:01:40,1071.65,0.03,3,321489,买盘
11:01:47,1071.65,0.0,3,321530,卖盘
11:01:50,1072.5,0.85,5,535950,买盘
11:01:53,1071.65,-0.85,1,107165,中性盘
11:01:56,1071.0,-0.65,143,15307209,卖盘
11:01:59,1070.68,-0.32,3,321400,卖盘
11:02:01,1070.68,0.0,8,856544,买盘
11:02:05,1071.49,0.81,2,214249,买盘
11:02:08,1071.49,0.0,2,214310,中性盘
11:02:11,1071.49,0.0,4,428632,卖盘
11:02:17,1073.5,2.01,7,751236,买盘
11:02:19,1073.49,-0.01,14,1502330,中性盘
11:02:23,1073.45,-0.04,7,751439,卖盘
11:02:26,1073.55,0.1,5,536756,买盘
11:02:29,1073.54,-0.01,4,429416,中性盘
11:02:32,1073.47,-0.07,11,1180854,卖盘
11:02:34,1073.58,0.11,8,858816,买盘
11:02:38,1073.65,0.07,5,536798,买盘
11:02:41,1073.58,-0.07,4,429440,卖盘
11:02:44,1073.45,-0.13,3,322035,卖盘
11:02:47,1073.58,0.13,1,107358,买盘
11:02:50,1073.59,0.01,2,214718,卖盘
11:02:53,1073.45,-0.14,16,1717677,卖盘
11:02:56,1073.73,0.28,4,429472,买盘
11:02:59,1073.7,-0.03,5,536850,卖盘
11:03:02,1073.58,-0.12,2,214717,卖盘
11:03:05,1073.45,-0.13,7,751521,卖盘
11:03:08,1073.45,0.0,1,107345,买盘
11:03:13,1073.0,-0.45,1,107300,买盘
11:03:17,1072.0,-1.0,11,1179780,卖盘
11:03:19,1072.01,0.01,6,643441,中性盘
11:03:26,1072.0,-0.01,1,107200,买盘
11:03:28,1071.02,-0.98,5,535522,卖盘
11:03:32,1072.0,0.98,3,321412,买盘
11:03:34,1072.0,0.0,3,321600,买盘
11:03:38,1072.0,0.0,4,428706,买盘
11:03:41,1072.0,0.0,1,107200,卖盘
11:03:44,1072.0,0.0,7,750500,卖盘
11:03:50,1072.0,0.0,5,536000,卖盘
11:03:53,1072.0,0.0,1,107200,卖盘
11:03:56,1073.0,1.0,1,107300,买盘
11:03:59,1073.0,0.0,1,107300,买盘
11:04:02,1072.0,-1.0,11,1179200,卖盘
11:04:04,1072.0,0.0,3,321600,买盘
11:04:08,1072.0,0.0,2,214400,买盘
11:04:10,1072.0,0.0,32,3431762,买盘
11:04:14,1073.56,1.56,1,107356,买盘
11:04:17,1073.59,0.03,89,9554762,买盘
11:04:20,1072.0,-1.59,4,428800,中性盘
11:04:23,1073.65,1.65,5,536810,买盘
11:04:26,1073.65,0.0,9,966243,买盘
11:04:29,1074.77,1.12,2,214880,买盘
11:04:32,1074.77,0.0,8,859828,卖盘
11:04:34,1074.92,0.15,5,537475,中性盘
11:04:38,1075.0,0.08,4,429989,买盘
11:04:41,1074.71,-0.29,7,724114,卖盘
11:04:44,1075.0,0.29,7,752382,买盘
11:04:47,1075.02,0.02,7,816702,卖盘
11:04:50,1074.71,-0.31,15,1540303,卖盘
11:04:52,1074.88,0.17,2,214959,中性盘
11:04:55,1074.71,-0.17,4,437436,卖盘
11:04:59,1075.0,0.29,1,107500,卖盘
11:05:02,1074.71,-0.29,2,214959,卖盘
11:05:04,1074.94,0.23,3,322462,买盘
11:05:08,1074.67,-0.27,4,429896,卖盘
11:05:11,1073.7,-0.97,7,751718,卖盘
11:05:13,1073.8,0.1,4,429781,中性盘
11:05:20,1073.8,0.0,2,214760,卖盘
11:05:24,1073.8,0.0,2,214760,卖盘
11:05:26,1073.8,0.0,2,214780,卖盘
11:05:29,1073.0,-0.8,6,644010,卖盘
11:05:31,1072.0,-1.0,1,107200,卖盘
11:05:37,1073.0,1.0,2,214600,买盘
11:05:41,1072.99,-0.01,1,146964,中性盘
11:05:44,1072.99,0.0,6,643402,买盘
11:05:47,1072.02,-0.97,1,107202,中性盘
11:05:49,1072.98,0.96,2,214597,中性盘
11:05:53,1072.02,-0.96,1,107202,买盘
11:05:55,1072.97,0.95,4,429095,中性盘
11:05:59,1072.0,-0.97,5,536301,卖盘
11:06:02,1072.0,0.0,9,964800,卖盘
11:06:05,1072.0,0.0,5,536000,卖盘
11:06:08,1072.0,0.0,1,107200,买盘
11:06:14,1071.99,-0.01,7,710731,卖盘
11:06:16,1072.05,0.06,5,575669,卖盘
11:06:20,1072.05,0.0,4,428829,卖盘
11:06:23,1072.0,-0.05,4,428815,卖盘
11:06:26,1072.23,0.23,2,214511,卖盘
11:06:32,1072.23,0.0,6,643247,中性盘
11:06:35,1071.3,-0.93,18,1880621,卖盘
11:06:38,1072.05,0.75,1,113643,买盘
11:06:40,1072.05,0.0,2,207984,卖盘
11:06:47,1072.0,-0.05,1,107200,卖盘
11:06:50,1072.0,0.0,48,5140282,中性盘
11:06:54,1072.0,0.0,3,321600,买盘
11:06:56,1072.04,0.04,4,428817,买盘
11:06:59,1072.04,0.0,3,321504,卖盘
11:07:02,1070.5,-1.54,3,321200,卖盘
11:07:05,1072.0,1.5,7,750400,买盘
11:07:07,1071.02,-0.98,3,321306,卖盘
11:07:11,1071.0,-0.02,7,749518,买盘
11:07:14,1070.6,-0.4,12,1285666,中性盘
11:07:17,1072.04,1.44,7,750170,买盘
11:07:20,1072.04,0.0,3,321612,卖盘
11:07:23,1072.05,0.01,4,428826,卖盘
11:07:26,1072.14,0.09,6,649663,卖盘
11:07:29,1072.15,0.01,3,321643,中性盘
11:07:32,1072.26,0.11,5,536094,买盘
11:07:35,1071.0,-1.26,19,2030288,卖盘
11:07:39,1070.97,-0.03,2,198128,买盘
11:07:41,1071.0,0.03,2,214195,买盘
11:07:44,1071.01,0.01,2,214297,中性盘
11:07:46,1071.99,0.98,1,107199,买盘
11:07:54,1071.99,0.0,14,1500385,买盘
11:07:56,1071.01,-0.98,1,107101,卖盘
11:07:59,1071.98,0.97,5,535798,买盘
11:08:02,1071.02,-0.96,1,107102,卖盘
11:08:05,1071.98,0.96,6,643188,买盘
11:08:09,1071.01,-0.97,9,963914,卖盘
11:08:11,1071.01,0.0,5,535504,买盘
11:08:13,1071.01,0.0,8,856804,买盘
11:08:16,1071.01,0.0,2,214202,买盘
11:08:20,1070.97,-0.04,15,1672899,卖盘
11:08:24,1070.99,0.02,4,428389,买盘
11:08:26,1070.95,-0.04,2,147795,买盘
11:08:29,1070.99,0.04,3,321264,买盘
11:08:32,1070.97,-0.02,11,1244477,卖盘
11:08:35,1070.97,0.0,2,147794,卖盘
11:08:41,1070.53,-0.44,16,1713088,卖盘
11:08:44,1070.6,0.07,7,782571,买盘
11:08:50,1070.53,-0.07,41,4387923,卖盘
11:08:52,1070.4,-0.13,7,749354,卖盘
11:08:56,1070.4,0.0,1,107040,买盘
11:08:59,1070.02,-0.38,32,3425494,卖盘
11:09:01,1070.5,0.48,5,535253,中性盘
11:09:04,1070.6,0.1,7,749439,买盘
11:09:08,1070.53,-0.07,9,963459,买盘
11:09:10,1070.05,-0.48,15,1605170,卖盘
11:09:14,1070.03,-0.02,19,2033885,卖盘
11:09:16,1070.48,0.45,3,321145,中性盘
11:09:20,1070.03,-0.45,7,749150,卖盘
11:09:24,1070.04,0.01,1,107004,中性盘
11:09:26,1070.01,-0.03,46,4922097,卖盘
11:09:29,1070.5,0.49,111,11877348,买盘
11:09:32,1070.01,-0.49,26,2782220,卖盘
11:09:35,1070.0,-0.01,28,2982211,卖盘
11:09:38,1070.04,0.04,1,107004,卖盘
11:09:41,1070.04,0.0,5,535023,卖盘
11:09:44,1070.5,0.46,1,107050,买盘
11:09:46,1070.55,0.05,8,856431,买盘
11:09:49,1070.55,0.0,6,642330,卖盘
11:09:54,1070.55,0.0,4,428231,中性盘
11:09:56,1070.5,-0.05,11,1177550,卖盘
11:09:59,1070.1,-0.4,9,963413,卖盘
11:10:02,1070.01,-0.09,12,1284287,卖盘
11:10:04,1070.19,0.18,7,749055,买盘
11:10:07,1070.06,-0.13,22,2354347,中性盘
11:10:11,1070.01,-0.05,9,963058,卖盘
11:10:14,1070.0,-0.01,46,4922006,卖盘
11:10:16,1070.01,0.01,32,3424006,中性盘
11:10:20,1070.01,0.0,23,2461210,买盘
11:10:23,1070.01,0.0,26,2782345,中性盘
11:10:26,1070.01,0.0,5,535152,卖盘
11:10:29,1070.0,-0.01,495,52987483,卖盘
11:10:32,1069.94,-0.06,15,1604953,卖盘
11:10:35,1069.93,-0.01,21,2246842,卖盘
11:10:39,1069.9,-0.03,9,962904,中性盘
11:10:41,1069.79,-0.11,12,1283846,卖盘
11:10:44,1069.76,-0.03,4,427888,卖盘
11:10:47,1069.5,-0.26,16,1711246,卖盘
11:10:50,1069.5,0.0,9,962550,卖盘
11:10:54,1069.34,-0.16,3,320830,卖盘
11:10:56,1069.33,-0.01,3,320817,卖盘
11:10:59,1069.34,0.01,1,106934,买盘
11:11:02,1069.33,-0.01,2,213844,买盘
11:11:05,1069.08,-0.25,7,748462,卖盘
11:11:08,1069.03,-0.05,40,4276330,卖盘
11:11:11,1069.01,-0.02,3,320709,中性盘
11:11:14,1069.0,-0.01,8,855217,卖盘
11:11:17,1069.0,0.0,16,1710407,卖盘
11:11:19,1069.16,0.16,26,2779755,买盘
11:11:23,1069.0,-0.16,1,106900,买盘
11:11:26,1068.88,-0.12,8,855117,卖盘
11:11:29,1069.0,0.12,7,748264,买盘
11:11:32,1069.0,0.0,16,1710225,买盘
11:11:35,1068.68,-0.32,3,320636,卖盘
11:11:38,1068.68,0.0,10,1068780,卖盘
11:11:41,1068.88,0.2,4,427492,买盘
11:11:44,1068.68,-0.2,3,320624,中性盘
11:11:46,1068.58,-0.1,10,1068525,卖盘
11:11:50,1068.58,0.0,4,427419,买盘
11:11:54,1068.68,0.1,12,1282258,买盘
11:11:56,1068.43,-0.25,1,106843,卖盘
11:11:59,1068.43,0.0,21,2243348,卖盘
11:12:02,1068.43,0.0,2,213686,中性盘
11:12:05,1068.45,0.02,3,320531,买盘
11:12:09,1068.05,-0.4,14,1495752,中性盘
11:12:10,1068.02,-0.03,10,1068064,卖盘
11:12:14,1068.02,0.0,5,534010,买盘
11:12:18,1068.02,0.0,5,534008,买盘
11:12:20,1068.0,-0.02,22,2349616,卖盘
11:12:24,1068.0,0.0,7,747603,卖盘
11:12:26,1068.01,0.01,3,320402,买盘
11:12:29,1068.01,0.0,18,1922403,买盘
11:12:32,1068.0,-0.01,13,1388404,卖盘
11:12:35,1068.0,0.0,2,213601,卖盘
11:12:38,1068.0,0.0,10,1068003,卖盘
11:12:41,1068.0,0.0,15,1602011,卖盘
11:12:44,1068.0,0.0,26,2776801,卖盘
11:12:47,1068.0,0.0,15,1602001,卖盘
11:12:50,1068.0,0.0,22,2349606,卖盘
11:12:54,1068.06,0.06,25,2670104,买盘
11:12:56,1068.01,-0.05,16,1708869,卖盘
11:12:59,1067.89,-0.12,6,640764,卖盘
11:13:01,1067.88,-0.01,17,1815410,卖盘
11:13:05,1067.88,0.0,5,533965,卖盘
11:13:07,1067.89,0.01,3,320378,买盘
11:13:12,1067.89,0.0,18,1922335,中性盘
11:13:14,1068.43,0.54,21,2264323,买盘
11:13:17,1068.02,-0.41,7,747777,中性盘
11:13:21,1068.02,0.0,29,3098331,卖盘
11:13:24,1068.02,0.0,14,1495351,卖盘
11:13:26,1068.43,0.41,10,1068272,中性盘
11:13:29,1068.49,0.06,15,1602549,买盘
11:13:32,1068.88,0.39,16,1709656,买盘
11:13:34,1068.99,0.11,21,2244481,买盘
11:13:39,1069.0,0.01,15,1603314,买盘
11:13:42,1069.0,0.0,21,2245261,卖盘
11:13:44,1069.0,0.0,19,2031190,卖盘
11:13:47,1069.88,0.88,8,855577,买盘
11:13:50,1069.93,0.05,7,748941,买盘
11:13:54,1071.01,1.08,17,1820021,买盘
11:13:56,1069.93,-1.08,21,2247625,卖盘
11:13:59,1071.0,1.07,8,877689,中性盘
11:14:02,1070.0,-1.0,14,1413985,卖盘
11:14:05,1071.98,1.98,2,214396,卖盘
11:14:07,1072.0,0.02,4,428796,买盘
11:14:12,1072.0,0.0,5,536000,卖盘
11:14:14,1072.9,0.9,8,858140,买盘
11:14:17,1072.95,0.05,71,7618230,中性盘
11:14:20,1072.91,-0.04,10,1072985,卖盘
11:14:24,1072.99,0.08,18,1952800,买盘
11:14:25,1072.9,-0.09,84,8974584,卖盘
11:14:29,1072.89,-0.01,9,965135,买盘
11:14:32,1072.89,0.0,14,1499173,买盘
11:14:35,1072.89,0.0,2,214578,中性盘
11:14:39,1072.88,-0.01,4,429136,中性盘
11:14:42,1072.88,0.0,7,750832,买盘
11:14:45,1072.88,0.0,1,107288,买盘
11:14:47,1072.86,-0.02,17,1822574,中性盘
11:14:50,1072.0,-0.86,11,1179993,卖盘
11:14:54,1072.86,0.86,21,2253034,买盘
11:14:56,1072.1,-0.76,7,750952,卖盘
11:14:58,1072.91,0.81,7,750852,买盘
11:15:01,1073.0,0.09,41,4420597,买盘
11:15:05,1073.0,0.0,14,1502309,卖盘
11:15:09,1072.9,-0.1,31,3375716,卖盘
11:15:11,1072.9,0.0,1,107290,中性盘
11:15:14,1073.0,0.1,6,572932,买盘
11:15:17,1072.9,-0.1,3,321870,卖盘
11:15:20,1073.01,0.11,12,1283253,卖盘
11:15:24,1073.53,0.52,2,214653,买盘
11:15:26,1073.01,-0.52,7,772878,卖盘
11:15:29,1073.8,0.79,10,1073296,买盘
11:15:32,1073.8,0.0,3,322060,中性盘
11:15:39,1074.0,0.2,32,3436765,买盘
11:15:41,1073.8,-0.2,6,643963,卖盘
11:15:44,1073.8,0.0,14,1502463,中性盘
11:15:47,1073.8,0.0,14,1502360,买盘
11:15:50,1073.0,-0.8,13,1394980,卖盘
11:15:54,1073.8,0.8,13,1395865,买盘
11:15:56,1073.97,0.17,7,751677,买盘
11:15:59,1073.97,0.0,1,107397,中性盘
11:16:02,1073.97,0.0,5,536951,中性盘
11:16:05,1073.8,-0.17,5,555191,卖盘
11:16:09,1073.99,0.19,5,536976,买盘
11:16:11,1073.97,-0.02,5,536917,中性盘
11:16:15,1073.98,0.01,1,107398,买盘
11:16:17,1073.97,-0.01,3,322174,买盘
11:16:24,1073.98,0.01,5,536972,买盘
11:16:26,1073.97,-0.01,3,322175,中性盘
11:16:29,1073.92,-0.05,3,322172,中性盘
11:16:32,1073.98,0.06,5,536955,买盘
11:16:35,1074.0,0.02,20,2147719,买盘
11:16:37,1074.0,0.0,3,322199,买盘
11:16:41,1074.0,0.0,9,966744,买盘
11:16:45,1073.99,-0.01,1,107399,卖盘
11:16:47,1074.46,0.47,4,429743,买盘
11:16:50,1074.51,0.05,6,644655,中性盘
11:16:54,1074.59,0.08,3,322361,买盘
11:16:56,1074.64,0.05,3,343874,卖盘
11:16:59,1075.0,0.36,36,3890860,买盘
11:17:02,1075.03,0.03,7,752518,买盘
11:17:05,1075.05,0.02,12,1290028,买盘
11:17:09,1075.18,0.13,10,1075029,买盘
11:17:11,1075.0,-0.18,4,430032,卖盘
11:17:15,1075.5,0.5,2,215080,买盘
11:17:17,1075.35,-0.15,3,322623,卖盘
11:17:20,1075.55,0.2,6,645325,买盘
11:17:24,1075.59,0.04,2,215118,买盘
11:17:25,1075.6,0.01,36,3849359,买盘
11:17:29,1076.0,0.4,22,2367050,买盘
11:17:32,1075.97,-0.03,6,645585,买盘
11:17:35,1075.92,-0.05,3,322792,卖盘
11:17:39,1075.92,0.0,12,1291142,买盘
11:17:41,1075.98,0.06,13,1421138,买盘
11:17:45,1076.0,0.02,10,1064153,买盘
11:17:50,1075.98,-0.02,2,215196,卖盘
11:17:54,1075.98,0.0,1,107598,买盘
11:17:56,1075.92,-0.06,4,362597,卖盘
11:17:59,1075.3,-0.62,4,497970,买盘
11:18:02,1075.98,0.68,5,537910,买盘
11:18:04,1075.95,-0.03,9,968268,中性盘
11:18:07,1075.62,-0.33,12,1291077,中性盘
11:18:11,1076.0,0.38,17,1829096,买盘
11:18:14,1075.9,-0.1,4,430378,卖盘
11:18:16,1075.62,-0.28,1,107562,卖盘
11:18:20,1075.05,-0.57,7,752937,卖盘
11:18:24,1075.05,0.0,3,322515,买盘
11:18:26,1075.05,0.0,2,215010,买盘
11:18:29,1075.62,0.57,7,752579,买盘
11:18:32,1075.05,-0.57,2,215010,卖盘
11:18:35,1075.02,-0.03,38,4042032,买盘
11:18:39,1075.02,0.0,8,903017,买盘
11:18:41,1075.05,0.03,7,752535,买盘
11:18:44,1075.02,-0.03,5,494515,卖盘
11:18:48,1075.02,0.0,2,215004,买盘
11:18:50,1074.66,-0.36,6,644976,卖盘
11:18:53,1074.66,0.0,4,429897,卖盘
11:18:56,1074.84,0.18,12,1289736,买盘
11:19:02,1075.02,0.18,2,215004,买盘
11:19:05,1074.84,-0.18,11,1182324,买盘
11:19:11,1075.0,0.16,5,537457,买盘
11:19:15,1075.02,0.02,23,2472480,买盘
11:19:17,1074.84,-0.18,1,107484,卖盘
11:19:20,1074.89,0.05,2,214970,买盘
11:19:24,1074.84,-0.05,5,537412,买盘
11:19:26,1075.08,0.24,10,1075001,买盘
11:19:29,1075.08,0.0,1,107508,卖盘
11:19:32,1075.6,0.52,4,430188,买盘
11:19:35,1075.6,0.0,9,967980,买盘
11:19:38,1075.6,0.0,4,430287,卖盘
11:19:41,1075.6,0.0,11,1182555,卖盘
11:19:45,1075.39,-0.21,2,215047,买盘
11:19:47,1075.39,0.0,4,430176,买盘
11:19:50,1074.78,-0.61,3,322436,卖盘
11:19:54,1074.89,0.11,1,107489,买盘
11:19:56,1074.78,-0.11,1,107478,卖盘
11:19:59,1074.89,0.11,6,644934,买盘
11:20:03,1074.89,0.0,5,537495,卖盘
11:20:05,1075.59,0.7,5,537726,买盘
11:20:11,1074.89,-0.7,5,537449,卖盘
11:20:14,1075.6,0.71,3,322678,买盘
11:20:17,1074.89,-0.71,2,214979,卖盘
11:20:20,1075.0,0.11,6,645000,卖盘
11:20:26,1075.0,0.0,1,107500,卖盘
11:20:29,1075.38,0.38,10,1075380,中性盘
11:20:33,1075.64,0.26,9,968047,买盘
11:20:35,1075.64,0.0,3,322692,卖盘
11:20:39,1075.59,-0.05,8,860482,卖盘
11:20:41,1075.64,0.05,6,645364,买盘
11:20:44,1075.8,0.16,28,3012096,买盘
11:20:47,1075.64,-0.16,2,215128,卖盘
11:20:50,1075.6,-0.04,3,322700,中性盘
11:20:54,1075.8,0.2,9,968076,买盘
11:20:56,1075.64,-0.16,1,107564,买盘
11:21:02,1075.69,0.05,8,860558,买盘
11:21:05,1075.8,0.11,8,860624,买盘
11:21:09,1075.66,-0.14,6,645422,卖盘
11:21:11,1075.64,-0.02,4,465805,卖盘
11:21:14,1075.64,0.0,7,717454,卖盘
11:21:19,1075.66,0.02,2,215128,卖盘
11:21:26,1075.01,-0.65,22,2366053,卖盘
11:21:29,1075.0,-0.01,5,537503,卖盘
11:21:32,1075.06,0.06,15,1612548,买盘
11:21:35,1075.06,0.0,3,322518,卖盘
11:21:39,1075.01,-0.05,1,107501,卖盘
11:21:41,1075.0,-0.01,1,160175,卖盘
11:21:44,1074.98,-0.02,10,1022312,卖盘
11:21:50,1074.81,-0.17,11,1182297,卖盘
11:21:54,1074.78,-0.03,19,2042138,卖盘
11:21:56,1074.66,-0.12,2,214944,卖盘
11:21:59,1074.66,0.0,4,429903,中性盘
11:22:03,1074.6,-0.06,10,1074753,卖盘
11:22:05,1074.6,0.0,6,644787,卖盘
11:22:09,1074.59,-0.01,6,644755,卖盘
11:22:11,1074.59,0.0,2,214918,卖盘
11:22:14,1074.6,0.01,1,107460,买盘
11:22:18,1074.5,-0.1,33,3546076,卖盘
11:22:20,1074.0,-0.5,7,751850,卖盘
11:22:24,1073.98,-0.02,4,429594,卖盘
11:22:26,1074.0,0.02,6,644335,买盘
11:22:29,1074.0,0.0,4,429587,买盘
11:22:32,1074.0,0.0,96,10296726,卖盘
11:22:39,1073.0,-1.0,1,107300,买盘
11:22:44,1072.91,-0.09,2,214582,买盘
11:22:48,1072.99,0.08,1,107299,买盘
11:22:53,1071.75,-1.24,1,107175,卖盘
11:22:56,1072.9,1.15,5,536105,买盘
11:22:59,1072.99,0.09,1,107299,买盘
11:23:02,1073.04,0.05,14,1502144,中性盘
11:23:05,1074.49,1.45,3,322298,买盘
11:23:14,1073.0,-1.49,2,214600,卖盘
11:23:20,1070.68,-2.32,10,1070923,卖盘
11:23:24,1071.97,1.29,1,107197,卖盘
11:23:26,1072.0,0.03,17,1822373,买盘
11:23:29,1072.0,0.0,1,107200,买盘
11:23:33,1072.0,0.0,5,535994,中性盘
11:23:35,1071.97,-0.03,3,321597,卖盘
11:23:39,1072.32,0.35,6,643291,买盘
11:23:44,1072.0,-0.32,4,428864,卖盘
11:23:47,1071.97,-0.03,3,321591,买盘
11:23:54,1072.32,0.35,1,107232,买盘
11:23:59,1072.37,0.05,7,750659,卖盘
11:24:02,1072.32,-0.05,15,1608480,卖盘
11:24:05,1072.37,0.05,7,750509,买盘
11:24:09,1071.03,-1.34,3,321479,卖盘
11:24:11,1070.71,-0.32,7,749686,卖盘
11:24:14,1070.7,-0.01,18,1927276,卖盘
11:24:17,1071.03,0.33,1,107103,买盘
11:24:20,1071.03,0.0,2,192786,卖盘
11:24:24,1070.7,-0.33,10,1071081,卖盘
11:24:26,1071.44,0.74,1,107144,中性盘
11:24:29,1072.98,1.54,11,1180180,买盘
11:24:33,1070.71,-2.27,4,428615,卖盘
11:24:41,1071.0,0.29,2,214300,卖盘
11:24:45,1072.0,1.0,1,107200,中性盘
11:24:47,1072.97,0.97,1,107297,买盘
11:24:54,1071.27,-1.7,3,321344,中性盘
11:24:56,1070.8,-0.47,6,642568,卖盘
11:24:59,1073.01,2.21,11,1179934,买盘
11:25:03,1072.0,-1.01,8,857890,中性盘
11:25:05,1073.89,1.89,4,429367,买盘
11:25:11,1073.0,-0.89,3,321900,卖盘
11:25:14,1072.97,-0.03,1,107297,卖盘
11:25:18,1073.0,0.03,1,107300,中性盘
11:25:20,1072.0,-1.0,4,428580,卖盘
11:25:24,1071.14,-0.86,1,107114,买盘
11:25:29,1072.0,0.86,13,1393428,买盘
11:25:34,1072.05,0.05,4,428914,卖盘
11:25:35,1072.05,0.0,1,107205,卖盘
11:25:41,1072.98,0.93,3,321708,买盘
11:25:44,1072.97,-0.01,1,107297,中性盘
11:25:48,1072.05,-0.92,1,107205,买盘
11:25:54,1071.3,-0.75,6,642813,中性盘
11:25:56,1072.05,0.75,10,1071975,中性盘
11:25:59,1071.16,-0.89,2,214316,卖盘
11:26:02,1072.05,0.89,1,107205,中性盘
11:26:05,1071.26,-0.79,7,750562,卖盘
11:26:09,1072.88,1.62,4,428828,买盘
11:26:11,1071.05,-1.83,1,107105,卖盘
11:26:15,1072.0,0.95,3,321505,中性盘
11:26:20,1071.12,-0.88,1,107112,卖盘
11:26:24,1072.89,1.77,8,927384,卖盘
11:26:26,1072.05,-0.84,4,440602,卖盘
11:26:32,1072.05,0.0,1,37522,买盘
11:26:41,1071.97,-0.08,1,155437,卖盘
11:26:45,1072.05,0.08,1,107201,中性盘
11:26:47,1072.0,-0.05,6,643220,卖盘
11:26:50,1072.0,0.0,3,263717,卖盘
11:26:54,1072.05,0.05,1,107205,买盘
11:26:56,1072.89,0.84,10,1072781,买盘
11:26:59,1072.05,-0.84,3,321645,卖盘
11:27:03,1072.05,0.0,1,107205,买盘
11:27:05,1071.5,-0.55,3,321681,买盘
11:27:11,1072.4,0.9,1,107240,卖盘
11:27:15,1072.89,0.49,8,858200,买盘
11:27:18,1072.62,-0.27,1,107262,中性盘
11:27:20,1072.89,0.27,34,3647771,买盘
11:27:23,1072.9,0.01,6,643736,卖盘
11:27:26,1072.9,0.0,1,180247,卖盘
11:27:33,1073.0,0.1,3,321900,买盘
11:27:35,1073.0,0.0,14,1502182,卖盘
11:27:39,1073.0,0.0,1,107300,买盘
11:27:41,1073.0,0.0,5,536422,买盘
11:27:45,1073.0,0.0,2,214600,卖盘
11:27:47,1072.9,-0.1,3,321870,卖盘
11:27:50,1073.05,0.15,4,433500,卖盘
11:27:53,1073.97,0.92,7,751737,买盘
11:27:56,1073.0,-0.97,8,762914,卖盘
11:27:59,1073.86,0.86,1,107386,中性盘
11:28:02,1073.09,-0.77,2,214618,卖盘
11:28:05,1073.98,0.89,3,322187,买盘
11:28:09,1073.98,0.0,43,4619061,卖盘
11:28:11,1073.98,0.0,1,107398,中性盘
11:28:15,1073.97,-0.01,2,214788,买盘
11:28:18,1074.02,0.05,9,966596,买盘
11:28:20,1074.02,0.0,1,107402,卖盘
11:28:29,1074.02,0.0,2,214862,卖盘
11:28:35,1074.5,0.48,7,751961,买盘
11:28:39,1074.02,-0.48,2,236285,卖盘
11:28:41,1074.02,0.0,8,859249,卖盘
11:28:45,1074.35,0.33,10,1074053,买盘
11:28:50,1073.91,-0.44,3,322181,卖盘
11:28:54,1074.02,0.11,1,107402,买盘
11:28:56,1074.02,0.0,7,751803,买盘
11:29:02,1073.9,-0.12,5,537001,卖盘
11:29:05,1073.89,-0.01,10,1074399,中性盘
11:29:11,1073.89,0.0,2,214779,卖盘
11:29:15,1074.95,1.06,1,107495,买盘
11:29:20,1074.96,0.01,2,214987,买盘
11:29:24,1074.95,-0.01,2,204240,买盘
11:29:26,1074.97,0.02,1,107497,卖盘
11:29:30,1074.99,0.02,10,1074982,买盘
11:29:33,1074.97,-0.02,1,107497,中性盘
11:29:42,1074.97,0.0,1,107497,买盘
11:29:45,1074.97,0.0,3,322489,买盘
11:29:47,1074.95,-0.02,1,107495,卖盘
11:29:56,1074.02,-0.93,1,107402,卖盘
11:30:00,1074.99,0.97,11,1182462,买盘
13:00:03,1074.0,-0.99,82,8806016,卖盘
13:00:06,1074.0,0.0,67,7195175,买盘
13:00:09,1073.51,-0.49,9,965781,中性盘
13:00:12,1072.81,-0.7,2,214632,中性盘
13:00:15,1072.84,0.03,7,751140,中性盘
13:00:16,1072.05,-0.79,87,9327445,卖盘
13:00:21,1072.33,0.28,11,1179462,买盘
13:00:24,1072.07,-0.26,10,1072505,中性盘
13:00:27,1072.56,0.49,13,1393881,买盘
13:00:30,1071.99,-0.57,7,750485,卖盘
13:00:31,1072.56,0.57,5,536108,买盘
13:00:36,1072.5,-0.06,7,750767,中性盘
13:00:37,1073.04,0.54,2,214554,买盘
13:00:42,1073.06,0.02,13,1394532,买盘
13:00:44,1073.07,0.01,11,1180377,卖盘
13:00:48,1074.02,0.95,20,2147469,买盘
13:00:51,1073.06,-0.96,17,1899683,卖盘
13:00:52,1074.02,0.96,14,1503628,买盘
13:00:57,1073.07,-0.95,4,429225,中性盘
13:01:00,1073.07,0.0,2,214700,卖盘
13:01:03,1073.07,0.0,10,999197,卖盘
13:01:06,1073.93,0.86,29,3188181,买盘
13:01:09,1073.07,-0.86,19,2039091,卖盘
13:01:12,1074.02,0.95,3,322111,买盘
13:01:15,1074.02,0.0,4,429511,买盘
13:01:18,1074.02,0.0,4,429608,买盘
13:01:21,1073.08,-0.94,1,107308,卖盘
13:01:24,1074.02,0.94,27,2899802,买盘
13:01:26,1074.02,0.0,6,644318,买盘
13:01:30,1073.08,-0.94,14,1502407,卖盘
13:01:31,1073.1,0.02,4,429330,中性盘
13:01:36,1073.09,-0.01,13,1395012,买盘
13:01:37,1073.07,-0.02,4,429232,卖盘
13:01:42,1073.07,0.0,2,140575,买盘
13:01:45,1073.07,0.0,11,1180359,买盘
13:01:48,1072.5,-0.57,4,429171,卖盘
13:01:50,1072.33,-0.17,1,107233,卖盘
13:01:54,1072.33,0.0,5,536200,卖盘
13:01:57,1072.07,-0.26,2,214440,卖盘
13:01:59,1072.33,0.26,5,536163,中性盘
13:02:03,1072.5,0.17,30,3217415,买盘
13:02:06,1072.5,0.0,40,4332884,买盘
13:02:09,1073.08,0.58,2,214559,买盘
13:02:12,1074.02,0.94,32,3422549,买盘
13:02:15,1072.6,-1.42,6,643815,卖盘
13:02:18,1074.5,1.9,2,214750,买盘
13:02:21,1074.8,0.3,4,429895,买盘
13:02:27,1074.43,-0.37,19,2041659,卖盘
13:02:30,1074.03,-0.4,2,214806,买盘
13:02:39,1072.9,-1.13,3,282183,卖盘
13:02:42,1073.94,1.04,6,683995,买盘
13:02:45,1072.9,-1.04,4,429160,中性盘
13:02:46,1072.9,0.0,1,107290,中性盘
13:02:51,1072.9,0.0,4,429160,买盘
13:02:57,1072.9,0.0,1,107290,买盘
13:03:00,1073.94,1.04,1,107394,买盘
13:03:03,1074.03,0.09,33,3544159,买盘
13:03:06,1074.81,0.78,4,429690,买盘
13:03:09,1074.72,-0.09,5,537372,中性盘
13:03:12,1074.96,0.24,13,1397107,买盘
13:03:15,1074.96,0.0,5,537465,中性盘
13:03:21,1074.9,-0.06,13,1397457,卖盘
13:03:22,1074.9,0.0,2,214980,卖盘
13:03:27,1074.98,0.08,13,1396092,买盘
13:03:29,1074.98,0.0,6,644891,买盘
13:03:33,1074.98,0.0,5,537492,卖盘
13:03:36,1074.9,-0.08,7,752422,卖盘
13:03:37,1074.0,-0.9,1,107400,中性盘
13:03:41,1074.0,0.0,1,107400,中性盘
13:03:45,1074.5,0.5,1,107450,买盘
13:03:48,1074.55,0.05,7,752165,买盘
13:03:51,1074.55,0.0,3,322253,中性盘
13:03:54,1074.9,0.35,1,107490,买盘
13:04:00,1074.9,0.0,7,752240,买盘
13:04:03,1074.55,-0.35,6,644765,卖盘
13:04:06,1074.55,0.0,4,429946,卖盘
13:04:09,1074.96,0.41,3,322486,买盘
13:04:12,1074.55,-0.41,1,107455,卖盘
13:04:15,1074.95,0.4,3,322485,买盘
13:04:18,1074.96,0.01,2,214992,买盘
13:04:21,1074.98,0.02,3,322451,买盘
13:04:23,1074.95,-0.03,3,322485,买盘
13:04:27,1074.95,0.0,11,1182085,买盘
13:04:30,1074.95,0.0,5,537475,卖盘
13:04:33,1074.95,0.0,2,214991,卖盘
13:04:35,1074.5,-0.45,4,429891,卖盘
13:04:38,1074.97,0.47,6,644981,买盘
13:04:41,1074.97,0.0,1,107497,中性盘
13:04:48,1074.98,0.01,34,3654932,买盘
13:04:51,1075.0,0.02,9,967497,买盘
13:04:54,1074.98,-0.02,2,214996,中性盘
13:04:57,1075.0,0.02,16,1719988,买盘
13:05:00,1075.0,0.0,1,107500,买盘
13:05:03,1075.0,0.0,16,1720013,买盘
13:05:06,1075.05,0.05,17,1827571,买盘
13:05:09,1075.05,0.0,2,215010,买盘
13:05:12,1075.8,0.75,17,1828367,买盘
13:05:15,1074.96,-0.84,14,1505252,卖盘
13:05:21,1075.8,0.84,1,107580,中性盘
13:05:24,1075.9,0.1,1,107590,买盘
13:05:27,1075.9,0.0,10,1075815,买盘
13:05:30,1075.95,0.05,10,1075927,买盘
13:05:33,1075.95,0.0,16,1720748,中性盘
13:05:39,1075.99,0.04,1,107599,买盘
13:05:44,1075.99,0.0,3,322779,买盘
13:05:48,1075.5,-0.49,2,215100,中性盘
13:05:54,1075.5,0.0,4,430109,买盘
13:05:57,1076.0,0.5,16,1720834,买盘
13:06:00,1076.0,0.0,7,753200,买盘
13:06:01,1075.99,-0.01,1,107599,卖盘
13:06:05,1076.4,0.41,10,1076072,买盘
13:06:12,1076.4,0.0,5,538078,买盘
13:06:18,1076.4,0.0,1,107640,买盘
13:06:24,1076.38,-0.02,3,322833,买盘
13:06:27,1076.0,-0.38,15,1613983,买盘
13:06:30,1075.95,-0.05,3,322790,卖盘
13:06:31,1075.99,0.04,4,430249,买盘
13:06:37,1075.51,-0.48,2,215053,买盘
13:06:42,1075.0,-0.51,1,107500,卖盘
13:06:45,1075.27,0.27,1,107527,买盘
13:06:48,1075.27,0.0,2,215054,买盘
13:06:54,1075.27,0.0,15,1613091,买盘
13:06:57,1075.27,0.0,1,107527,卖盘
13:06:59,1075.0,-0.27,33,3548225,卖盘
13:07:03,1075.0,0.0,1,107500,买盘
13:07:06,1075.0,0.0,3,322498,买盘
13:07:08,1074.96,-0.04,1,107496,卖盘
13:07:11,1074.98,0.02,1,107498,买盘
13:07:14,1074.98,0.0,2,214994,中性盘
13:07:18,1074.96,-0.02,4,429988,卖盘
13:07:23,1074.96,0.0,8,859968,买盘
13:07:27,1074.98,0.02,2,214996,买盘
13:07:30,1074.97,-0.01,1,107497,买盘
13:07:33,1074.96,-0.01,1,107496,卖盘
13:07:36,1074.98,0.02,2,214995,买盘
13:07:39,1074.98,0.0,1,107498,买盘
13:07:44,1074.98,0.0,3,322494,买盘
13:07:48,1074.98,0.0,2,214995,买盘
13:07:50,1075.0,0.02,11,1182494,买盘
13:07:57,1074.97,-0.03,2,214995,卖盘
13:08:00,1074.97,0.0,4,429990,卖盘
13:08:03,1074.98,0.01,2,214995,买盘
13:08:06,1074.98,0.0,4,429991,买盘
13:08:09,1074.98,0.0,1,107498,买盘
13:08:11,1074.98,0.0,1,107498,买盘
13:08:15,1074.98,0.0,1,107498,买盘
13:08:21,1074.98,0.0,1,107498,中性盘
13:08:24,1075.0,0.02,12,1289998,买盘
13:08:27,1075.28,0.28,3,322561,中性盘
13:08:30,1075.17,-0.11,1,107517,中性盘
13:08:32,1075.28,0.11,1,107528,中性盘
13:08:36,1075.55,0.27,3,322655,买盘
13:08:39,1075.55,0.0,1,107555,卖盘
13:08:42,1075.55,0.0,1,107555,卖盘
13:08:45,1075.92,0.37,4,430364,买盘
13:08:48,1075.91,-0.01,1,107591,卖盘
13:08:51,1075.93,0.02,8,860742,买盘
13:08:54,1075.94,0.01,1,107594,买盘
13:08:57,1075.94,0.0,1,107594,买盘
13:09:00,1075.94,0.0,1,107594,买盘
13:09:03,1075.94,0.0,4,430375,买盘
13:09:05,1075.95,0.01,29,3120255,买盘
13:09:09,1075.95,0.0,3,322783,买盘
13:09:12,1075.95,0.0,10,1075948,买盘
13:09:15,1075.94,-0.01,3,322782,中性盘
13:09:18,1075.95,0.01,4,430378,买盘
13:09:21,1075.93,-0.02,20,2151893,卖盘
13:09:24,1075.95,0.02,9,968352,买盘
13:09:30,1075.94,-0.01,1,107594,买盘
13:09:33,1075.94,0.0,1,107594,买盘
13:09:39,1075.94,0.0,3,322780,买盘
13:09:42,1075.94,0.0,11,1183533,买盘
13:09:45,1075.94,0.0,5,537974,中性盘
13:09:48,1075.94,0.0,6,645564,买盘
13:09:50,1075.94,0.0,4,430376,卖盘
13:09:54,1075.95,0.01,2,215189,买盘
13:09:57,1075.95,0.0,4,430380,买盘
13:10:00,1075.95,0.0,28,3012660,买盘
13:10:03,1075.95,0.0,18,1936702,买盘
13:10:05,1076.0,0.05,16,1716178,卖盘
13:10:09,1076.01,0.01,2,215201,买盘
13:10:12,1076.0,-0.01,9,968418,卖盘
13:10:15,1076.06,0.06,3,322807,买盘
13:10:17,1076.4,0.34,2,215280,买盘
13:10:21,1076.01,-0.39,17,1829295,卖盘
13:10:24,1076.0,-0.01,3,322802,卖盘
13:10:27,1076.01,0.01,3,322802,买盘
13:10:30,1076.01,0.0,3,322803,买盘
13:10:32,1076.01,0.0,3,322802,买盘
13:10:36,1076.01,0.0,20,2152020,买盘
13:10:39,1076.01,0.0,1,107601,买盘
13:10:42,1076.01,0.0,4,430404,买盘
13:10:45,1076.01,0.0,2,215201,买盘
13:10:48,1076.0,-0.01,6,645601,卖盘
13:10:50,1076.21,0.21,2,215227,买盘
13:10:53,1076.4,0.19,8,860989,买盘
13:10:59,1076.29,-0.11,3,322884,中性盘
13:11:02,1076.26,-0.03,5,538130,卖盘
13:11:06,1076.33,0.07,6,645782,买盘
13:11:09,1076.26,-0.07,2,215259,卖盘
13:11:11,1076.26,0.0,4,430499,买盘
13:11:15,1076.26,0.0,11,1183886,买盘
13:11:18,1076.26,0.0,2,215252,买盘
13:11:21,1076.1,-0.16,3,322862,卖盘
13:11:24,1076.26,0.16,3,322878,买盘
13:11:27,1076.26,0.0,5,538131,卖盘
13:11:30,1076.26,0.0,1,107626,卖盘
13:11:33,1076.1,-0.16,19,2044846,卖盘
13:11:36,1076.0,-0.1,4,430402,卖盘
13:11:39,1075.95,-0.05,5,537995,卖盘
13:11:42,1075.94,-0.01,1,107594,卖盘
13:11:45,1076.05,0.11,9,968410,买盘
13:11:51,1076.05,0.0,9,968480,卖盘
13:11:54,1076.05,0.0,1,107605,卖盘
13:12:02,1076.0,-0.05,4,490671,卖盘
13:12:05,1076.09,0.09,7,753226,买盘
13:12:11,1076.09,0.0,12,1291287,买盘
13:12:15,1076.09,0.0,4,430438,卖盘
13:12:18,1076.0,-0.09,12,1291023,卖盘
13:12:20,1075.5,-0.5,1,107550,卖盘
13:12:24,1075.5,0.0,1,107550,卖盘
13:12:30,1075.5,0.0,3,322690,卖盘
13:12:33,1075.5,0.0,3,322650,卖盘
13:12:36,1075.01,-0.49,4,369857,买盘
13:12:38,1075.01,0.0,2,215001,买盘
13:12:42,1075.01,0.0,3,322552,中性盘
13:12:45,1075.0,-0.01,11,1182897,卖盘
13:12:48,1075.0,0.0,1,107500,卖盘
13:12:51,1075.0,0.0,2,215001,卖盘
13:12:53,1074.98,-0.02,4,429996,卖盘
13:13:00,1074.96,-0.02,1,107496,卖盘
13:13:03,1074.96,0.0,1,136520,中性盘
13:13:06,1074.96,0.0,5,508434,买盘
13:13:09,1074.98,0.02,15,1612458,买盘
13:13:12,1074.55,-0.43,1,107455,卖盘
13:13:15,1074.95,0.4,1,107495,买盘
13:13:18,1074.0,-0.95,2,214895,卖盘
13:13:21,1074.0,0.0,1,107400,卖盘
13:13:27,1074.55,0.55,7,752185,买盘
13:13:30,1074.55,0.0,2,214810,买盘
13:13:33,1074.55,0.0,8,859540,买盘
13:13:36,1074.55,0.0,6,644730,买盘
13:13:41,1074.55,0.0,2,214910,卖盘
13:13:45,1074.55,0.0,1,107455,卖盘
13:13:47,1074.55,0.0,1,107455,卖盘
13:13:50,1074.9,0.35,3,322435,买盘
13:13:57,1074.8,-0.1,2,214970,中性盘
13:14:00,1074.55,-0.25,3,322365,卖盘
13:14:03,1074.55,0.0,3,322390,卖盘
13:14:06,1074.9,0.35,20,2149600,买盘
13:14:09,1074.55,-0.35,1,107455,卖盘
13:14:12,1074.55,0.0,1,107455,卖盘
13:14:15,1074.8,0.25,1,107480,买盘
13:14:18,1074.55,-0.25,1,107455,卖盘
13:14:21,1074.55,0.0,3,322365,卖盘
13:14:26,1074.57,0.02,1,107457,卖盘
13:14:30,1074.54,-0.03,2,214908,卖盘
13:14:36,1074.8,0.26,11,1182211,买盘
13:14:45,1074.57,-0.23,2,214911,买盘
13:14:57,1074.55,-0.02,2,214909,中性盘
13:15:00,1074.54,-0.01,2,214908,卖盘
13:15:03,1074.54,0.0,9,967097,卖盘
13:15:06,1074.56,0.02,7,752174,买盘
13:15:12,1074.56,0.0,1,107456,买盘
13:15:15,1074.55,-0.01,4,429823,卖盘
13:15:18,1074.56,0.01,8,859647,买盘
13:15:21,1074.55,-0.01,5,537277,卖盘
13:15:27,1074.56,0.01,10,1074442,买盘
13:15:30,1074.57,0.01,1,107457,买盘
13:15:33,1074.57,0.0,10,1074569,买盘
13:15:35,1074.56,-0.01,4,429842,卖盘
13:15:39,1074.56,0.0,1,107456,卖盘
13:15:42,1074.56,0.0,3,322391,卖盘
13:15:45,1074.9,0.34,4,429950,买盘
13:15:48,1074.81,-0.09,1,107481,卖盘
13:15:51,1074.81,0.0,1,107481,卖盘
13:15:54,1074.9,0.09,1,107490,买盘
13:15:57,1074.9,0.0,1,107490,买盘
13:16:03,1074.95,0.05,9,967432,买盘
13:16:09,1074.95,0.0,1,107495,卖盘
13:16:11,1074.95,0.0,1,107495,卖盘
13:16:18,1074.95,0.0,5,537475,卖盘
13:16:24,1074.95,0.0,1,107495,买盘
13:16:33,1074.94,-0.01,4,429978,卖盘
13:16:36,1075.0,0.06,14,1504954,买盘
13:16:39,1074.94,-0.06,8,859984,卖盘
13:16:42,1074.95,0.01,1,107495,中性盘
13:16:45,1075.0,0.05,13,1397494,买盘
13:16:50,1074.94,-0.06,1,107494,卖盘
13:17:03,1074.94,0.0,6,644968,卖盘
13:17:06,1075.0,0.06,15,1612500,买盘
13:17:08,1075.0,0.0,9,967457,买盘
13:17:15,1074.94,-0.06,1,107494,买盘
13:17:18,1074.93,-0.01,2,214987,卖盘
13:17:20,1074.93,0.0,1,107493,卖盘
13:17:24,1074.94,0.01,1,107494,买盘
13:17:30,1074.94,0.0,7,752444,买盘
13:17:33,1074.94,0.0,14,1504914,买盘
13:17:36,1075.0,0.06,2,214994,买盘
13:17:42,1075.0,0.0,8,859994,买盘
13:17:50,1074.95,-0.05,5,537479,卖盘
13:17:54,1074.93,-0.02,9,967443,卖盘
13:18:03,1074.56,-0.37,1,107456,卖盘
13:18:06,1074.93,0.37,15,1612395,买盘
13:18:09,1074.57,-0.36,1,107457,中性盘
13:18:12,1074.57,0.0,3,322372,卖盘
13:18:14,1074.93,0.36,7,752451,买盘
13:18:18,1074.57,-0.36,2,214950,卖盘
13:18:20,1074.57,0.0,2,214950,卖盘
13:18:23,1074.0,-0.57,16,1718772,卖盘
13:18:27,1073.99,-0.01,3,322197,中性盘
13:18:33,1073.99,0.0,3,322197,买盘
13:18:39,1074.0,0.01,3,322198,买盘
13:18:41,1073.99,-0.01,6,644399,卖盘
13:18:44,1074.0,0.01,2,214800,买盘
13:18:48,1074.0,0.0,6,644395,买盘
13:18:51,1074.0,0.0,3,322199,买盘
13:18:53,1073.99,-0.01,4,429596,卖盘
13:18:56,1073.99,0.0,8,859192,买盘
13:19:00,1074.0,0.01,2,214799,买盘
13:19:03,1073.99,-0.01,1,107399,卖盘
13:19:06,1074.0,0.01,2,214800,买盘
13:19:09,1073.99,-0.01,2,214798,卖盘
13:19:12,1073.98,-0.01,1,107398,卖盘
13:19:14,1073.99,0.01,4,429595,买盘
13:19:18,1073.98,-0.01,2,214797,卖盘
13:19:21,1073.98,0.0,1,107398,卖盘
13:19:23,1073.99,0.01,8,859190,买盘
13:19:27,1073.99,0.0,4,429597,卖盘
13:19:33,1074.0,0.01,2,214799,买盘
13:19:35,1073.99,-0.01,5,503704,卖盘
13:19:42,1073.99,0.0,1,107399,卖盘
13:19:45,1073.99,0.0,1,140692,买盘
13:19:48,1073.89,-0.1,21,2255196,卖盘
13:19:51,1073.58,-0.31,10,1073859,卖盘
13:19:54,1073.89,0.31,11,1181279,买盘
13:19:57,1073.89,0.0,2,214778,买盘
13:19:59,1073.89,0.0,3,322139,买盘
13:20:03,1073.89,0.0,11,1181213,中性盘
13:20:06,1073.99,0.1,8,859181,买盘
13:20:09,1073.99,0.0,16,1718384,买盘
13:20:12,1073.99,0.0,11,1181386,买盘
13:20:15,1073.99,0.0,3,288904,买盘
13:20:17,1073.99,0.0,1,107399,卖盘
13:20:21,1073.89,-0.1,20,2147822,卖盘
13:20:24,1073.89,0.0,2,214778,买盘
13:20:27,1073.66,-0.23,10,1073660,卖盘
13:20:30,1073.61,-0.05,3,350029,卖盘
13:20:33,1073.66,0.05,2,186812,买盘
13:20:39,1073.66,0.0,1,107366,买盘
13:20:41,1073.58,-0.08,2,214724,卖盘
13:20:45,1073.59,0.01,3,322084,买盘
13:20:48,1073.59,0.0,6,644154,买盘
13:21:00,1073.67,0.08,1,107367,中性盘
13:21:03,1073.67,0.0,2,214734,卖盘
13:21:06,1073.89,0.22,7,751723,买盘
13:21:09,1074.0,0.11,36,3866047,买盘
13:21:12,1074.0,0.0,8,859200,卖盘
13:21:15,1074.02,0.02,1,107402,买盘
13:21:18,1074.02,0.0,7,751814,买盘
13:21:21,1074.02,0.0,2,214804,卖盘
13:21:27,1074.9,0.88,7,752430,买盘
13:21:30,1074.92,0.02,3,322389,买盘
13:21:36,1074.9,-0.02,1,107490,买盘
13:21:39,1074.9,0.0,3,322470,买盘
13:21:42,1074.93,0.03,18,1934766,买盘
13:21:45,1074.95,0.02,5,537472,买盘
13:21:51,1074.95,0.0,1,107495,卖盘
13:21:54,1075.0,0.05,9,967494,买盘
13:22:00,1075.0,0.0,4,429993,买盘
13:22:03,1075.0,0.0,2,214999,买盘
13:22:06,1075.0,0.0,8,860000,买盘
13:22:08,1075.0,0.0,2,215000,买盘
13:22:12,1074.99,-0.01,5,537495,卖盘
13:22:15,1075.0,0.01,12,1290000,买盘
13:22:21,1074.99,-0.01,2,214999,卖盘
13:22:24,1074.95,-0.04,5,537484,卖盘
13:22:27,1074.95,0.0,3,322485,买盘
13:22:33,1074.95,0.0,5,537469,买盘
13:22:36,1074.9,-0.05,5,537450,卖盘
13:22:39,1074.93,0.03,1,107493,买盘
13:22:42,1074.5,-0.43,1,107450,卖盘
13:22:45,1075.0,0.5,11,1182448,买盘
13:22:48,1074.93,-0.07,1,107493,买盘
13:22:51,1074.51,-0.42,3,322437,卖盘
13:22:54,1074.93,0.42,1,107493,买盘
13:23:03,1074.93,0.0,8,859902,买盘
13:23:06,1074.93,0.0,5,612638,买盘
13:23:12,1074.93,0.0,11,1182422,买盘
13:23:18,1074.92,-0.01,2,214983,买盘
13:23:21,1074.55,-0.37,1,107455,卖盘
13:23:27,1074.92,0.37,3,322442,买盘
13:23:30,1074.92,0.0,1,107492,买盘
13:23:32,1074.91,-0.01,1,107491,中性盘
13:23:36,1074.56,-0.35,1,107456,卖盘
13:23:39,1075.0,0.44,43,4643738,买盘
13:23:42,1075.0,0.0,2,215000,卖盘
13:23:45,1075.0,0.0,2,172000,卖盘
13:23:48,1075.0,0.0,19,2064000,卖盘
13:23:54,1074.57,-0.43,3,322372,卖盘
13:23:57,1074.56,-0.01,5,537453,卖盘
13:24:00,1075.0,0.44,11,1182500,买盘
13:24:03,1075.0,0.0,4,429954,买盘
13:24:06,1075.5,0.5,7,752600,买盘
13:24:09,1075.0,-0.5,12,1290000,中性盘
13:24:12,1075.0,0.0,3,322500,中性盘
13:24:15,1075.0,0.0,2,215000,买盘
13:24:18,1075.0,0.0,3,322500,买盘
13:24:21,1075.0,0.0,3,322500,买盘
13:24:24,1075.0,0.0,4,429998,买盘
13:24:27,1075.0,0.0,2,215000,买盘
13:24:30,1075.0,0.0,1,107500,买盘
13:24:33,1074.5,-0.5,26,2794179,卖盘
13:24:36,1075.0,0.5,9,967500,买盘
13:24:42,1075.05,0.05,2,215010,卖盘
13:24:45,1075.0,-0.05,8,860300,卖盘
13:24:51,1074.0,-1.0,15,1611227,卖盘
13:24:57,1074.98,0.98,1,107498,买盘
13:24:59,1074.98,0.0,2,214996,中性盘
13:25:03,1074.98,0.0,1,107498,卖盘
13:25:06,1075.98,1.0,3,322794,买盘
13:25:15,1075.02,-0.96,2,215004,卖盘
13:25:21,1074.98,-0.04,4,430001,卖盘
13:25:27,1075.03,0.05,14,1505483,买盘
13:25:33,1075.03,0.0,3,322509,卖盘
13:25:36,1075.05,0.02,2,215105,卖盘
13:25:39,1076.0,0.95,8,860703,买盘
13:25:45,1076.04,0.04,9,903841,买盘
13:25:48,1076.05,0.01,1,107605,卖盘
13:25:51,1076.07,0.02,4,430428,买盘
13:26:03,1076.07,0.0,1,107607,卖盘
13:26:06,1076.1,0.03,13,1398914,买盘
13:26:09,1076.09,-0.01,6,645659,中性盘
13:26:12,1076.09,0.0,3,322823,中性盘
13:26:15,1076.09,0.0,8,860877,买盘
13:26:18,1076.09,0.0,5,538046,卖盘
13:26:21,1076.09,0.0,7,753268,卖盘
13:26:24,1076.07,-0.02,12,1291306,卖盘
13:26:27,1076.09,0.02,10,1076086,买盘
13:26:30,1076.09,0.0,2,215218,卖盘
13:26:34,1076.06,-0.03,9,968478,卖盘
13:26:36,1076.3,0.24,32,3443540,买盘
13:26:39,1076.1,-0.2,15,1614170,卖盘
13:26:42,1076.35,0.25,12,1291554,买盘
13:26:51,1076.1,-0.25,20,2152259,卖盘
13:26:54,1076.35,0.25,1,107635,买盘
13:26:57,1076.3,-0.05,1,107630,卖盘
13:27:03,1076.3,0.0,2,215260,买盘
13:27:06,1076.29,-0.01,5,538089,中性盘
13:27:12,1076.1,-0.19,13,1399164,中性盘
13:27:18,1076.0,-0.1,1,107600,卖盘
13:27:21,1076.1,0.1,5,538040,买盘
13:27:24,1076.1,0.0,2,215210,买盘
13:27:27,1075.99,-0.11,6,645597,卖盘
13:27:30,1076.1,0.11,3,322819,买盘
13:27:34,1075.99,-0.11,3,322819,卖盘
13:27:36,1076.1,0.11,5,538040,买盘
13:27:39,1076.1,0.0,2,215220,卖盘
13:27:48,1076.29,0.19,2,215239,买盘
13:27:51,1076.1,-0.19,2,215239,卖盘
13:27:54,1076.3,0.2,7,753406,买盘
13:27:57,1076.4,0.1,5,538198,买盘
13:28:00,1076.1,-0.3,8,861083,卖盘
13:28:06,1076.5,0.4,3,322930,买盘
13:28:09,1076.1,-0.4,2,215220,卖盘
13:28:12,1076.07,-0.03,1,135583,中性盘
13:28:15,1076.07,0.0,1,107607,买盘
13:28:21,1076.07,0.0,5,538046,卖盘
13:28:24,1076.09,0.02,4,430437,卖盘
13:28:27,1076.1,0.01,8,860880,买盘
13:28:33,1076.07,-0.03,1,107607,卖盘
13:28:39,1076.07,0.0,7,725278,卖盘
13:28:42,1075.98,-0.09,13,1398807,卖盘
13:28:48,1076.04,0.06,10,1076000,买盘
13:28:51,1075.3,-0.74,2,215060,卖盘
13:28:54,1075.15,-0.15,1,107515,卖盘
13:29:00,1075.0,-0.15,1,107500,卖盘
13:29:03,1075.0,0.0,7,752500,卖盘
13:29:07,1075.0,0.0,3,322500,中性盘
13:29:09,1075.3,0.3,21,2257736,买盘
13:29:12,1074.98,-0.32,3,322497,卖盘
13:29:15,1074.98,0.0,2,214998,中性盘
13:29:21,1074.5,-0.48,2,214948,卖盘
13:29:27,1074.5,0.0,2,214900,卖盘
13:29:30,1075.0,0.5,9,967387,买盘
13:29:33,1074.5,-0.5,4,429844,卖盘
13:29:37,1074.5,0.0,3,322288,中性盘
13:29:39,1074.19,-0.31,2,214838,卖盘
13:29:42,1074.19,0.0,5,537117,中性盘
13:29:45,1074.01,-0.18,4,429612,卖盘
13:29:48,1074.0,-0.01,1,107400,卖盘
13:29:51,1074.1,0.1,1,107410,买盘
13:29:54,1074.19,0.09,2,214819,买盘
13:29:57,1074.19,0.0,7,751838,买盘
13:30:00,1074.02,-0.17,1,107402,中性盘
13:30:03,1074.01,-0.01,2,214802,卖盘
13:30:07,1074.8,0.79,7,752020,买盘
13:30:12,1074.01,-0.79,1,107401,卖盘
13:30:20,1075.0,0.99,51,5482389,买盘
13:30:33,1074.99,-0.01,1,107499,买盘
13:30:36,1074.99,0.0,1,107499,买盘
13:30:42,1074.2,-0.79,1,107420,卖盘
13:30:45,1074.9,0.7,2,214980,买盘
13:30:49,1074.03,-0.87,11,1181637,卖盘
13:30:51,1074.03,0.0,4,429612,卖盘
13:30:54,1074.9,0.87,2,214980,买盘
13:31:00,1074.03,-0.87,3,322363,卖盘
13:31:03,1074.9,0.87,1,107490,买盘
13:31:06,1074.9,0.0,3,322470,买盘
13:31:09,1074.9,0.0,6,644940,买盘
13:31:12,1074.9,0.0,1,107490,中性盘
13:31:15,1074.0,-0.9,101,10848725,卖盘
13:31:19,1074.99,0.99,1,107499,买盘
13:31:21,1074.8,-0.19,3,322453,中性盘
13:31:30,1074.79,0.78,2,214957,买盘
13:31:34,1074.01,-0.78,3,322204,卖盘
13:31:37,1074.06,0.05,7,751894,中性盘
13:31:39,1074.06,0.0,3,322218,卖盘
13:31:42,1074.06,0.0,2,214812,卖盘
13:31:48,1074.06,0.0,2,214812,卖盘
13:31:51,1074.02,-0.04,4,400621,卖盘
13:32:00,1074.0,-0.02,1,107400,卖盘
13:32:06,1074.02,0.02,6,644408,买盘
13:32:09,1074.0,-0.02,32,3436806,卖盘
13:32:13,1074.0,0.0,1,107400,买盘
13:32:15,1073.89,-0.11,8,859133,卖盘
13:32:19,1074.0,0.11,1,107400,买盘
13:32:21,1073.88,-0.12,4,429576,卖盘
13:32:27,1073.67,-0.21,3,322133,卖盘
13:32:30,1073.67,0.0,1,104146,中性盘
13:32:33,1073.66,-0.01,2,217954,买盘
13:32:36,1073.62,-0.04,2,214729,卖盘
13:32:39,1073.72,0.1,10,1070454,买盘
13:32:43,1073.72,0.0,2,214757,买盘
13:32:45,1073.05,-0.67,12,1291287,买盘
13:32:51,1073.05,0.0,2,214655,中性盘
13:32:54,1073.5,0.45,1,107350,买盘
13:32:57,1073.07,-0.43,3,321921,卖盘
13:33:00,1073.07,0.0,1,107307,中性盘
13:33:04,1073.03,-0.04,8,858428,卖盘
13:33:07,1073.0,-0.03,49,5257766,卖盘
13:33:09,1073.0,0.0,3,321891,买盘
13:33:13,1072.9,-0.1,5,536470,卖盘
13:33:15,1072.8,-0.1,4,429120,卖盘
13:33:18,1072.8,0.0,4,429137,卖盘
13:33:21,1073.03,0.23,3,321880,买盘
13:33:24,1072.8,-0.23,2,214546,买盘
13:33:27,1072.66,-0.14,1,107266,卖盘
13:33:30,1072.66,0.0,1,107266,卖盘
13:33:34,1072.8,0.14,2,214546,买盘
13:33:42,1072.67,-0.13,1,107267,卖盘
13:33:45,1072.89,0.22,4,429128,买盘
13:33:49,1072.89,0.0,7,751023,卖盘
13:33:51,1073.03,0.14,4,429177,买盘
13:33:54,1072.8,-0.23,1,107280,卖盘
13:34:00,1072.89,0.09,1,107289,中性盘
13:34:03,1072.67,-0.22,15,1609056,卖盘
13:34:06,1072.67,0.0,14,1501730,买盘
13:34:12,1072.66,-0.01,5,536331,卖盘
13:34:15,1072.66,0.0,2,214532,买盘
13:34:19,1072.67,0.01,3,321799,买盘
13:34:21,1072.71,0.04,1,107271,卖盘
13:34:24,1073.02,0.31,3,321906,买盘
13:34:27,1072.66,-0.36,3,379762,卖盘
13:34:30,1072.66,0.0,6,585780,卖盘
13:34:34,1073.0,0.34,47,5042945,买盘
13:34:36,1072.73,-0.27,1,107273,卖盘
13:34:42,1073.0,0.27,2,214573,买盘
13:34:45,1072.01,-0.99,16,1716025,卖盘
13:34:48,1073.0,0.99,4,487142,买盘
13:34:51,1073.02,0.02,2,214602,中性盘
13:34:54,1073.0,-0.02,1,107300,卖盘
13:34:57,1073.02,0.02,4,429205,买盘
13:35:00,1073.02,0.0,3,321906,卖盘
13:35:03,1073.02,0.0,7,751114,卖盘
13:35:06,1073.03,0.01,3,321909,买盘
13:35:09,1073.03,0.0,2,214606,买盘
13:35:12,1073.03,0.0,1,107303,中性盘
13:35:15,1073.07,0.04,7,751222,买盘
13:35:27,1073.47,0.4,3,321961,买盘
13:35:34,1073.47,0.0,1,107347,买盘
13:35:39,1073.07,-0.4,4,429348,卖盘
13:35:42,1073.07,0.0,1,107307,卖盘
13:35:45,1073.47,0.4,1,107347,买盘
13:35:54,1073.47,0.0,9,966119,买盘
13:35:57,1073.02,-0.45,93,9979200,卖盘
13:36:00,1073.02,0.0,4,429208,买盘
13:36:04,1073.01,-0.01,10,1073040,卖盘
13:36:06,1073.07,0.06,4,429231,中性盘
13:36:09,1072.88,-0.19,7,751087,卖盘
13:36:15,1072.88,0.0,1,107288,买盘
13:36:19,1072.8,-0.08,3,321848,卖盘
13:36:24,1072.68,-0.12,1,107268,卖盘
13:36:27,1072.79,0.11,1,107279,买盘
13:36:30,1072.8,0.01,5,536396,买盘
13:36:34,1072.79,-0.01,3,321837,中性盘
13:36:36,1072.79,0.0,1,107279,买盘
13:36:39,1072.8,0.01,5,536385,买盘
13:36:42,1072.79,-0.01,1,107279,卖盘
13:36:49,1072.8,0.01,2,214560,买盘
13:36:51,1072.8,0.0,1,107280,买盘
13:36:54,1072.5,-0.3,12,1287259,卖盘
13:36:57,1072.6,0.1,2,214512,买盘
13:37:00,1072.6,0.0,10,1072600,买盘
13:37:08,1072.6,0.0,3,321780,买盘
13:37:09,1072.6,0.0,6,643550,买盘
13:37:12,1072.6,0.0,1,107260,买盘
13:37:15,1072.5,-0.1,3,321770,卖盘
13:37:24,1072.11,-0.39,1,107211,卖盘
13:37:27,1072.4,0.29,9,965058,买盘
13:37:30,1072.11,-0.29,1,107211,中性盘
13:37:33,1072.11,0.0,1,107211,买盘
13:37:36,1072.4,0.29,6,643383,买盘
13:37:42,1072.4,0.0,1,107240,买盘
13:37:45,1072.4,0.0,1,107240,买盘
13:37:49,1072.39,-0.01,1,107239,买盘
13:37:54,1072.15,-0.24,52,5576449,卖盘
13:37:57,1072.15,0.0,1,107215,卖盘
13:38:00,1072.02,-0.13,14,1500893,卖盘
13:38:04,1072.16,0.14,2,214431,中性盘
13:38:06,1072.39,0.23,3,321717,买盘
13:38:15,1072.2,-0.19,1,107220,卖盘
13:38:19,1072.39,0.19,4,428956,买盘
13:38:21,1072.21,-0.18,10,1072283,卖盘
13:38:24,1072.4,0.19,4,428960,买盘
13:38:27,1072.21,-0.19,1,107221,卖盘
13:38:30,1072.21,0.0,1,107221,卖盘
13:38:34,1072.27,0.06,3,321689,中性盘
13:38:39,1072.4,0.13,4,428941,买盘
13:38:45,1072.39,-0.01,7,750628,中性盘
13:38:51,1072.39,0.0,2,214478,卖盘
13:38:54,1072.5,0.11,2,214489,买盘
13:38:57,1072.5,0.0,3,321740,买盘
13:39:06,1072.6,0.1,3,321780,买盘
13:39:09,1072.55,-0.05,1,107255,卖盘
13:39:12,1072.6,0.05,5,536298,买盘
13:39:15,1072.6,0.0,8,858065,买盘
13:39:19,1072.6,0.0,6,643550,买盘
13:39:21,1072.6,0.0,1,107260,买盘
13:39:24,1072.5,-0.1,1,107250,卖盘
13:39:27,1072.5,0.0,1,107250,卖盘
13:39:34,1072.6,0.1,3,321769,买盘
13:39:37,1072.6,0.0,1,107260,买盘
13:39:39,1072.6,0.0,2,214520,买盘
13:39:42,1072.6,0.0,1,107260,卖盘
13:39:45,1072.6,0.0,2,175897,卖盘
13:39:51,1072.69,0.09,1,107269,卖盘
13:39:57,1072.88,0.19,1,107288,买盘
13:40:00,1072.88,0.0,1,107288,买盘
13:40:04,1072.69,-0.19,1,107269,卖盘
13:40:07,1073.0,0.31,5,536445,买盘
13:40:09,1072.88,-0.12,1,107288,中性盘
13:40:12,1072.69,-0.19,5,536407,卖盘
13:40:15,1072.69,0.0,2,214538,买盘
13:40:18,1072.69,0.0,1,107269,中性盘
13:40:21,1072.88,0.19,1,107288,中性盘
13:40:27,1073.04,0.16,1,107304,买盘
13:40:34,1072.98,-0.06,4,429196,卖盘
13:40:42,1073.07,0.09,9,965736,买盘
13:40:45,1073.06,-0.01,4,429221,买盘
13:40:51,1073.06,0.0,2,214612,卖盘
13:40:54,1073.06,0.0,3,322050,卖盘
13:40:57,1073.99,0.93,1,107399,买盘
13:41:00,1073.06,-0.93,3,322105,卖盘
13:41:04,1073.08,0.02,1,107308,卖盘
13:41:07,1073.99,0.91,12,1287869,买盘
13:41:12,1074.0,0.01,14,1503600,买盘
13:41:15,1074.02,0.02,1,136398,买盘
13:41:21,1074.07,0.05,1,107407,卖盘
13:41:24,1074.3,0.23,1,107430,买盘
13:41:27,1074.07,-0.23,1,107407,卖盘
13:41:30,1074.07,0.0,1,107407,卖盘
13:41:34,1074.29,0.22,2,214836,买盘
13:41:54,1074.29,0.0,2,214858,买盘
13:41:57,1074.29,0.0,1,107429,买盘
13:42:06,1074.5,0.21,3,322308,买盘
13:42:09,1074.5,0.0,1,95631,卖盘
13:42:12,1074.5,0.0,1,107450,卖盘
13:42:19,1074.97,0.47,9,967478,买盘
13:42:21,1074.97,0.0,3,322494,卖盘
13:42:24,1074.97,0.0,1,107497,卖盘
13:42:27,1075.0,0.03,1,107500,买盘
13:42:30,1074.97,-0.03,3,322491,卖盘
13:42:34,1075.0,0.03,2,215000,买盘
13:42:36,1074.97,-0.03,2,214996,卖盘
13:42:42,1074.97,0.0,9,967473,卖盘
13:42:45,1074.5,-0.47,2,214949,卖盘
13:42:49,1074.5,0.0,2,214949,买盘
13:42:51,1074.5,0.0,3,334174,卖盘
13:42:57,1074.47,-0.03,2,214894,中性盘
13:43:00,1074.5,0.03,2,214858,买盘
13:43:06,1075.0,0.5,10,1074884,买盘
13:43:15,1074.0,-1.0,30,3222811,卖盘
13:43:19,1074.0,0.0,2,214800,买盘
13:43:21,1073.99,-0.01,3,322198,卖盘
13:43:27,1073.95,-0.04,4,429584,中性盘
13:43:30,1073.29,-0.66,22,2362653,卖盘
13:43:34,1074.0,0.71,3,322190,买盘
13:43:36,1074.0,0.0,18,1933195,买盘
13:43:39,1074.0,0.0,15,1611613,卖盘
13:43:42,1074.0,0.0,1,107400,卖盘
13:43:49,1074.88,0.88,1,107488,买盘
13:43:51,1074.88,0.0,1,107488,中性盘
13:43:54,1075.0,0.12,8,860000,买盘
