time,price,change,volume,amount,type
09:25:03,1085.0,1.0,223,24230220,卖盘
09:30:02,1084.99,-0.01,106,11466455,卖盘
09:30:05,1085.0,0.01,146,15826777,买盘
09:30:08,1084.0,-1.0,290,31463665,卖盘
09:30:11,1081.5,-2.5,51,5525926,卖盘
09:30:14,1080.51,-0.99,97,10500909,卖盘
09:30:17,1080.08,-0.43,18,1946646,卖盘
09:30:21,1080.08,0.0,26,2810196,买盘
09:30:22,1080.03,-0.05,16,1728085,买盘
09:30:26,1081.38,1.35,88,9504905,买盘
09:30:29,1080.1,-1.28,53,5725305,卖盘
09:30:32,1080.0,-0.1,47,5078015,卖盘
09:30:36,1080.01,0.01,28,3023676,买盘
09:30:38,1082.37,2.36,36,3888673,买盘
09:30:42,1079.2,-3.17,25,2699721,卖盘
09:30:43,1079.21,0.01,45,4858977,买盘
09:30:46,1079.2,-0.01,26,2885425,卖盘
09:30:50,1080.0,0.8,16,1727040,买盘
09:30:53,1079.21,-0.79,38,4102396,中性盘
09:30:56,1079.21,0.0,11,1187607,卖盘
09:30:59,1080.02,0.81,11,1187933,买盘
09:31:02,1080.0,-0.02,21,2268062,卖盘
09:31:05,1080.0,0.0,11,1188055,卖盘
09:31:08,1080.05,0.05,19,2052010,买盘
09:31:11,1080.0,-0.05,20,2160021,卖盘
09:31:13,1080.0,0.0,51,5507319,买盘
09:31:16,1079.36,-0.64,6,647909,中性盘
09:31:21,1080.0,0.64,8,863799,买盘
09:31:23,1079.22,-0.78,12,1295107,卖盘
09:31:26,1079.21,-0.01,21,2266346,卖盘
09:31:29,1079.91,0.7,34,3671174,买盘
09:31:32,1079.2,-0.71,26,2806567,卖盘
09:31:35,1079.91,0.71,11,1187928,买盘
09:31:38,1080.0,0.09,32,3455730,买盘
09:31:41,1080.0,0.0,15,1619946,买盘
09:31:44,1080.0,0.0,36,3888293,买盘
09:31:47,1079.91,-0.09,11,1187691,买盘
09:31:49,1080.0,0.09,70,7557758,买盘
09:31:53,1079.2,-0.8,15,1618881,卖盘
09:31:56,1080.0,0.8,6,647603,买盘
09:31:59,1082.98,2.98,4,432358,买盘
09:32:01,1080.0,-2.98,4,432299,卖盘
09:32:04,1082.94,2.94,4,432885,买盘
09:32:07,1079.2,-3.74,103,11123298,卖盘
09:32:12,1078.62,-0.58,80,8629646,卖盘
09:32:15,1080.01,1.39,86,9301914,中性盘
09:32:17,1078.0,-2.01,36,3886445,卖盘
09:32:20,1080.01,2.01,4,432001,买盘
09:32:23,1080.0,-0.01,7,755999,卖盘
09:32:26,1079.19,-0.81,27,2915764,卖盘
09:32:30,1080.0,0.81,5,539863,买盘
09:32:32,1078.15,-1.85,37,3994262,卖盘
09:32:36,1080.0,1.85,3,324000,买盘
09:32:38,1080.0,0.0,11,1187325,卖盘
09:32:41,1080.0,0.0,35,3777449,卖盘
09:32:44,1080.0,0.0,14,1512000,卖盘
09:32:46,1080.0,0.0,17,1833908,买盘
09:32:50,1080.0,0.0,5,540000,买盘
09:32:53,1080.0,0.0,2,215999,买盘
09:32:56,1078.2,-1.8,18,1942969,卖盘
09:32:59,1078.16,-0.04,3,323456,卖盘
09:33:02,1078.17,0.01,6,646902,中性盘
09:33:05,1078.2,0.03,23,2482522,买盘
09:33:08,1079.97,1.77,18,1942787,买盘
09:33:10,1079.0,-0.97,19,2051792,卖盘
09:33:14,1079.0,0.0,14,1511601,卖盘
09:33:17,1080.0,1.0,29,3130102,买盘
09:33:21,1080.0,0.0,11,1187805,中性盘
09:33:23,1080.0,0.0,11,1188003,卖盘
09:33:26,1079.0,-1.0,8,863300,卖盘
09:33:30,1079.98,0.98,9,971594,中性盘
09:33:31,1080.0,0.02,47,5075507,买盘
09:33:35,1080.0,0.0,8,863796,买盘
09:33:37,1080.0,0.0,25,2698315,买盘
09:33:41,1079.0,-1.0,29,3130011,卖盘
09:33:44,1080.0,1.0,21,2266193,买盘
09:33:48,1079.0,-1.0,21,2266502,卖盘
09:33:50,1079.02,0.02,14,1510909,卖盘
09:33:53,1079.1,0.08,13,1402730,买盘
09:33:57,1079.0,-0.1,22,2373850,卖盘
09:33:58,1079.0,0.0,14,1510817,卖盘
09:34:02,1079.98,0.98,5,539613,买盘
09:34:05,1078.8,-1.18,125,13487206,卖盘
09:34:08,1078.51,-0.29,10,1078567,卖盘
09:34:11,1078.6,0.09,20,2157050,中性盘
09:34:15,1078.38,-0.22,21,2264818,卖盘
09:34:17,1078.3,-0.08,17,1833189,卖盘
09:34:21,1078.2,-0.1,30,3234672,卖盘
09:34:23,1078.2,0.0,22,2372047,卖盘
09:34:26,1078.22,0.02,46,4959938,买盘
09:34:29,1078.17,-0.05,11,1186026,卖盘
09:34:32,1078.22,0.05,19,2048650,买盘
09:34:35,1078.2,-0.02,7,754776,卖盘
09:34:37,1078.15,-0.05,17,1832849,卖盘
09:34:41,1078.15,0.0,8,862512,买盘
09:34:45,1078.07,-0.08,3,323437,卖盘
09:34:48,1078.16,0.09,12,1293741,中性盘
09:34:50,1078.06,-0.1,7,754677,卖盘
09:34:53,1078.2,0.14,24,2587571,买盘
09:34:56,1078.04,-0.16,12,1293715,卖盘
09:34:59,1078.05,0.01,1,107805,中性盘
09:35:02,1078.15,0.1,18,1940591,买盘
09:35:05,1078.6,0.45,5,539177,买盘
09:35:08,1078.17,-0.43,8,862552,卖盘
09:35:11,1078.6,0.43,4,431440,买盘
09:35:15,1078.2,-0.4,51,5498908,卖盘
09:35:18,1078.24,0.04,3,323472,中性盘
09:35:21,1078.24,0.0,8,862589,买盘
09:35:24,1078.24,0.0,10,1078240,买盘
09:35:27,1078.6,0.36,2,215720,卖盘
09:35:30,1078.6,0.0,2,215720,卖盘
09:35:32,1078.6,0.0,2,215690,买盘
09:35:36,1078.6,0.0,9,970788,买盘
09:35:39,1078.6,0.0,3,323610,卖盘
09:35:42,1078.98,0.38,6,647163,买盘
09:35:44,1078.6,-0.38,2,215720,中性盘
09:35:48,1078.6,0.0,13,1402357,中性盘
09:35:50,1078.6,0.0,1,107860,卖盘
09:35:54,1078.9,0.3,2,215786,中性盘
09:35:56,1078.6,-0.3,12,1294140,卖盘
09:36:00,1078.3,-0.3,12,1294370,卖盘
09:36:06,1078.3,0.0,7,754921,卖盘
09:36:08,1078.98,0.68,1,107898,买盘
09:36:12,1078.6,-0.38,7,755256,卖盘
09:36:15,1078.7,0.1,2,215730,买盘
09:36:18,1078.7,0.0,3,323600,买盘
09:36:20,1078.98,0.28,2,215784,买盘
09:36:23,1078.7,-0.28,1,107870,卖盘
09:36:27,1078.7,0.0,2,215740,卖盘
09:36:30,1078.86,0.16,3,323679,卖盘
09:36:32,1078.98,0.12,3,323655,中性盘
09:36:35,1078.98,0.0,2,215796,卖盘
09:36:38,1079.0,0.02,3,323700,买盘
09:36:42,1079.1,0.1,10,1079010,买盘
09:36:45,1079.02,-0.08,25,2698956,中性盘
09:36:51,1079.1,0.08,2,215910,卖盘
09:36:54,1079.0,-0.1,28,3022440,卖盘
09:36:57,1079.0,0.0,2,215800,买盘
09:37:00,1080.0,1.0,24,2533797,买盘
09:37:03,1080.0,0.0,3,324000,卖盘
09:37:06,1080.0,0.0,11,1244160,卖盘
09:37:09,1080.01,0.01,38,4104011,买盘
09:37:12,1080.0,-0.01,3,324002,中性盘
09:37:15,1080.0,0.0,1,108000,买盘
09:37:18,1080.0,0.0,5,567975,买盘
09:37:21,1080.0,0.0,4,431922,买盘
09:37:23,1079.25,-0.75,4,431829,卖盘
09:37:25,1079.25,0.0,3,323772,买盘
09:37:30,1080.0,0.75,14,1511321,买盘
09:37:32,1080.0,0.0,6,647998,买盘
09:37:36,1080.0,0.0,18,1943954,买盘
09:37:39,1079.55,-0.45,12,1295840,中性盘
09:37:42,1080.01,0.46,29,3131947,买盘
09:37:45,1079.0,-1.01,38,4074358,卖盘
09:37:48,1081.0,2.0,10,1107457,买盘
09:37:51,1081.0,0.0,16,1728100,买盘
09:37:53,1080.0,-1.0,1,108000,买盘
09:37:57,1080.01,0.01,4,432103,买盘
09:37:59,1081.1,1.09,8,813508,买盘
09:38:03,1081.99,0.89,54,5832298,买盘
09:38:06,1081.0,-0.99,2,216200,中性盘
09:38:09,1081.0,0.0,5,540400,买盘
09:38:12,1081.0,0.0,1,108100,买盘
09:38:15,1080.5,-0.5,5,540250,卖盘
09:38:18,1081.0,0.5,2,216200,买盘
09:38:24,1080.1,-0.9,9,972389,卖盘
09:38:27,1080.5,0.4,1,108050,中性盘
09:38:30,1081.0,0.5,10,1080817,买盘
09:38:32,1081.0,0.0,4,432397,买盘
09:38:36,1080.99,-0.01,1,108099,卖盘
09:38:39,1080.99,0.0,5,540499,卖盘
09:38:42,1081.0,0.01,5,540500,买盘
09:38:45,1081.0,0.0,4,432398,买盘
09:38:47,1080.99,-0.01,3,324298,卖盘
09:38:51,1080.99,0.0,2,216197,买盘
09:38:54,1080.98,-0.01,3,324296,中性盘
09:38:56,1080.5,-0.48,4,432344,卖盘
09:39:00,1080.5,0.0,4,432200,卖盘
09:39:02,1080.5,0.0,3,324150,买盘
09:39:06,1080.5,0.0,2,216100,买盘
09:39:09,1080.5,0.0,3,324150,买盘
09:39:12,1080.5,0.0,5,540246,买盘
09:39:14,1080.5,0.0,24,2593197,买盘
09:39:18,1080.49,-0.01,1,108049,买盘
09:39:24,1080.49,0.0,28,2975023,买盘
09:39:27,1080.48,-0.01,2,216097,中性盘
09:39:30,1080.64,0.16,11,1188450,买盘
09:39:33,1080.49,-0.15,3,324101,中性盘
09:39:35,1080.99,0.5,6,648531,买盘
09:39:39,1080.49,-0.5,3,324219,卖盘
09:39:47,1080.5,0.01,2,216100,买盘
09:39:51,1080.49,-0.01,1,108049,卖盘
09:39:53,1080.5,0.01,1,108050,买盘
09:39:56,1080.5,0.0,2,216099,买盘
09:40:00,1080.49,-0.01,3,324149,卖盘
09:40:02,1080.49,0.0,4,432267,中性盘
09:40:09,1080.48,-0.01,25,2701224,卖盘
09:40:12,1080.5,0.02,67,7236659,买盘
09:40:15,1080.48,-0.02,6,648294,卖盘
09:40:18,1080.49,0.01,11,1188536,买盘
09:40:21,1080.49,0.0,1,108049,买盘
09:40:23,1080.47,-0.02,4,432188,卖盘
09:40:27,1080.47,0.0,1,108047,买盘
09:40:33,1080.1,-0.37,13,1404502,卖盘
09:40:39,1080.0,-0.1,38,4104133,卖盘
09:40:42,1080.5,0.5,37,4074383,买盘
09:40:44,1080.0,-0.5,1,108000,买盘
09:40:48,1080.0,0.0,3,324000,买盘
09:40:51,1080.0,0.0,4,432000,卖盘
09:40:53,1080.0,0.0,3,324000,卖盘
09:40:57,1080.15,0.15,8,864061,买盘
09:41:00,1080.0,-0.15,10,1080045,卖盘
09:41:03,1080.0,0.0,10,1080008,买盘
09:41:06,1080.0,0.0,14,1511998,买盘
09:41:09,1079.98,-0.02,3,323998,卖盘
09:41:12,1079.98,0.0,5,539996,卖盘
09:41:15,1080.0,0.02,3,324000,买盘
09:41:18,1079.98,-0.02,31,3347995,卖盘
09:41:20,1079.98,0.0,2,215998,卖盘
09:41:23,1080.0,0.02,1,108000,买盘
09:41:27,1080.0,0.0,5,539995,买盘
09:41:33,1079.98,-0.02,4,431992,买盘
09:41:36,1080.0,0.02,9,971994,买盘
09:41:39,1080.0,0.0,3,323999,买盘
09:41:42,1080.0,0.0,9,971998,买盘
09:41:45,1079.99,-0.01,7,755994,中性盘
09:41:48,1080.0,0.01,6,648000,买盘
09:41:51,1080.0,0.0,2,215998,买盘
09:41:54,1080.0,0.0,2,216000,买盘
09:41:56,1079.98,-0.02,6,647991,卖盘
09:41:59,1080.0,0.02,2,216000,买盘
09:42:03,1079.98,-0.02,15,1619970,卖盘
09:42:06,1079.98,0.0,8,863984,买盘
09:42:08,1079.98,0.0,3,323994,买盘
09:42:11,1079.93,-0.05,2,215986,卖盘
09:42:14,1079.98,0.05,1,107998,买盘
09:42:18,1079.98,0.0,8,863982,买盘
09:42:21,1079.98,0.0,11,1187932,买盘
09:42:24,1079.93,-0.05,3,323984,卖盘
09:42:27,1079.5,-0.43,1,107950,卖盘
09:42:30,1079.5,0.0,2,215900,卖盘
09:42:33,1079.88,0.38,1,107988,买盘
09:42:36,1079.88,0.0,4,431962,卖盘
09:42:39,1079.5,-0.38,14,1511492,卖盘
09:42:41,1079.5,0.0,2,215900,买盘
09:42:43,1079.3,-0.2,7,755648,卖盘
09:42:48,1079.5,0.2,3,323888,中性盘
09:42:51,1079.5,0.0,1,107950,卖盘
09:42:54,1079.5,0.0,1,107950,卖盘
09:43:00,1079.5,0.0,2,215900,卖盘
09:43:03,1079.5,0.0,11,1187453,卖盘
09:43:06,1079.88,0.38,15,1619433,买盘
09:43:12,1079.88,0.0,2,215976,买盘
09:43:17,1079.86,-0.02,9,971880,卖盘
09:43:20,1079.98,0.12,5,539975,买盘
09:43:24,1079.88,-0.1,3,323960,买盘
09:43:26,1079.86,-0.02,6,647916,卖盘
09:43:30,1079.86,0.0,5,539930,买盘
09:43:33,1079.88,0.02,3,323960,买盘
09:43:36,1079.98,0.1,4,431992,买盘
09:43:39,1079.99,0.01,9,971989,买盘
09:43:42,1079.99,0.0,14,1511913,买盘
09:43:44,1079.99,0.0,12,1295927,买盘
09:43:47,1079.8,-0.19,2,215968,中性盘
09:43:50,1079.99,0.19,2,215997,买盘
09:43:54,1079.98,-0.01,3,323964,买盘
09:43:57,1080.0,0.02,1,108000,买盘
09:44:00,1080.0,0.0,1,108000,买盘
09:44:03,1079.9,-0.1,3,323988,卖盘
09:44:06,1079.9,0.0,1,107990,买盘
09:44:08,1079.9,0.0,6,647938,买盘
09:44:11,1079.5,-0.4,29,3130730,卖盘
09:44:14,1079.9,0.4,3,323970,买盘
09:44:15,1079.9,0.0,5,539950,买盘
09:44:20,1079.9,0.0,10,1079896,买盘
09:44:21,1079.9,0.0,12,1295876,买盘
09:44:26,1079.88,-0.02,5,539944,卖盘
09:44:29,1079.9,0.02,31,3347644,买盘
09:44:36,1079.87,-0.03,1,107987,买盘
09:44:38,1079.88,0.01,9,971890,买盘
09:44:41,1079.88,0.0,2,215976,中性盘
09:44:44,1079.9,0.02,2,215978,买盘
09:44:50,1079.9,0.0,6,647935,买盘
09:44:54,1079.9,0.0,8,863920,买盘
09:44:57,1079.9,0.0,9,971910,买盘
09:44:59,1079.9,0.0,1,107990,卖盘
09:45:02,1079.92,0.02,21,2267964,中性盘
09:45:08,1079.9,-0.02,22,2375849,卖盘
09:45:11,1079.92,0.02,6,647959,中性盘
09:45:14,1079.92,0.0,1,107992,中性盘
09:45:17,1079.92,0.0,6,647952,买盘
09:45:23,1079.94,0.02,1,107994,买盘
09:45:26,1079.93,-0.01,1,107993,中性盘
09:45:29,1079.91,-0.02,9,971926,卖盘
09:45:32,1079.9,-0.01,8,863921,卖盘
09:45:33,1079.91,0.01,6,647946,买盘
09:45:38,1079.92,0.01,2,215984,买盘
09:45:41,1079.92,0.0,5,539958,买盘
09:45:44,1079.87,-0.05,51,5507506,卖盘
09:45:45,1079.87,0.0,1,107987,买盘
09:45:50,1079.87,0.0,4,431948,买盘
09:45:53,1079.87,0.0,7,755909,买盘
09:45:54,1079.92,0.05,1,107992,买盘
09:45:58,1079.92,0.0,3,323974,中性盘
09:46:02,1079.93,0.01,3,323978,买盘
09:46:03,1079.94,0.01,14,1511885,买盘
09:46:08,1079.9,-0.04,14,1511909,卖盘
09:46:11,1079.94,0.04,3,323981,卖盘
09:46:14,1079.87,-0.07,16,1727819,卖盘
09:46:17,1079.91,0.04,1,107991,买盘
09:46:18,1079.91,0.0,9,971919,买盘
09:46:26,1079.9,-0.01,20,2159819,卖盘
09:46:29,1079.9,0.0,11,1187890,买盘
09:46:32,1079.9,0.0,15,1619849,买盘
09:46:35,1079.93,0.03,4,431972,买盘
09:46:38,1079.9,-0.03,6,647947,卖盘
09:46:39,1079.93,0.03,1,107993,中性盘
09:46:44,1079.94,0.01,7,755958,买盘
09:46:45,1079.94,0.0,5,469772,买盘
09:46:50,1079.94,0.0,1,107994,卖盘
09:46:54,1079.99,0.05,4,431996,买盘
09:46:54,1080.0,0.01,13,1403976,买盘
09:46:58,1080.0,0.0,22,2376000,买盘
09:47:02,1080.0,0.0,21,2267999,买盘
09:47:05,1080.0,0.0,36,3887997,买盘
09:47:08,1080.07,0.07,4,432008,买盘
09:47:11,1080.07,0.0,1,108007,卖盘
09:47:14,1080.45,0.38,10,1080450,买盘
09:47:17,1080.5,0.05,4,432147,买盘
09:47:20,1080.45,-0.05,13,1404640,卖盘
09:47:23,1080.5,0.05,29,3133388,买盘
09:47:26,1080.72,0.22,73,7944858,买盘
09:47:29,1080.99,0.27,1,108099,买盘
09:47:35,1080.99,0.0,17,1837607,买盘
09:47:38,1080.99,0.0,9,972891,买盘
09:47:41,1080.61,-0.38,57,6158954,卖盘
09:47:44,1080.61,0.0,7,718545,买盘
09:47:47,1080.99,0.38,5,540161,买盘
09:47:53,1080.99,0.0,5,540499,卖盘
09:47:56,1081.0,0.01,5,540499,买盘
09:48:00,1081.8,0.8,75,8162189,买盘
09:48:02,1080.99,-0.81,27,2918684,卖盘
09:48:05,1082.2,1.21,15,1622777,买盘
09:48:08,1082.35,0.15,1,108235,买盘
09:48:11,1081.8,-0.55,1,108180,卖盘
09:48:14,1081.1,-0.7,41,4433480,卖盘
09:48:17,1082.93,1.83,1,108293,买盘
09:48:20,1081.8,-1.13,10,1081934,卖盘
09:48:23,1081.89,0.09,2,216469,中性盘
09:48:29,1082.93,1.04,2,216586,买盘
09:48:32,1082.23,-0.7,5,541092,中性盘
09:48:35,1082.22,-0.01,2,216445,中性盘
09:48:38,1082.15,-0.07,1,108215,中性盘
09:48:41,1083.0,0.85,15,1623592,买盘
09:48:44,1083.0,0.0,3,324900,卖盘
09:48:47,1083.2,0.2,2,216621,买盘
09:48:53,1084.0,0.8,6,650294,买盘
09:48:56,1083.2,-0.8,21,2275136,卖盘
09:48:59,1083.88,0.68,6,650378,中性盘
09:49:00,1084.0,0.12,2,216788,买盘
09:49:05,1083.99,-0.01,1,108399,中性盘
09:49:08,1084.0,0.01,4,433599,买盘
09:49:11,1084.5,0.5,3,325250,买盘
09:49:14,1084.5,0.0,1,108450,买盘
09:49:17,1084.49,-0.01,1,108449,中性盘
09:49:20,1084.0,-0.49,14,1517849,卖盘
09:49:23,1084.19,0.19,5,542059,买盘
09:49:26,1083.99,-0.2,9,975649,卖盘
09:49:28,1083.88,-0.11,20,2167957,卖盘
09:49:30,1083.88,0.0,3,325175,中性盘
09:49:35,1083.2,-0.68,12,1300704,卖盘
09:49:38,1084.0,0.8,14,1517520,买盘
09:49:39,1084.18,0.18,2,216818,中性盘
09:49:43,1084.0,-0.18,2,216800,卖盘
09:49:47,1084.5,0.5,11,1192842,买盘
09:49:48,1084.79,0.29,3,325398,买盘
09:49:53,1084.85,0.06,8,867891,买盘
09:49:56,1084.85,0.0,3,325455,卖盘
09:49:59,1085.0,0.15,83,9004297,买盘
09:50:00,1084.5,-0.5,17,1844230,卖盘
09:50:05,1084.5,0.0,14,1518300,买盘
09:50:08,1084.5,0.0,11,1192950,买盘
09:50:09,1084.76,0.26,33,3577924,买盘
09:50:14,1084.1,-0.66,2,216820,卖盘
09:50:17,1084.01,-0.09,5,542177,卖盘
09:50:20,1084.0,-0.01,9,975602,卖盘
09:50:22,1084.27,0.27,9,975747,买盘
09:50:26,1084.02,-0.25,2,216804,卖盘
09:50:29,1084.49,0.47,4,433758,买盘
09:50:32,1084.3,-0.19,6,650656,卖盘
09:50:35,1084.5,0.2,1,108450,买盘
09:50:38,1084.5,0.0,2,216920,中性盘
09:50:41,1085.0,0.5,39,4231412,买盘
09:50:44,1085.0,0.0,6,651000,买盘
09:50:47,1085.0,0.0,9,976469,买盘
09:50:48,1085.0,0.0,17,1844384,卖盘
09:50:53,1085.34,0.34,13,1409963,卖盘
09:50:56,1085.0,-0.34,6,650923,买盘
09:50:59,1085.0,0.0,1,108500,卖盘
09:51:02,1085.43,0.43,1,108540,卖盘
09:51:05,1085.28,-0.15,3,325551,买盘
09:51:08,1085.34,0.06,2,217085,卖盘
09:51:11,1085.34,0.0,1,108534,买盘
09:51:14,1085.56,0.22,22,2314394,买盘
09:51:17,1085.99,0.43,10,1085772,买盘
09:51:20,1086.0,0.01,30,3257774,买盘
09:51:22,1086.66,0.66,10,1086117,买盘
09:51:26,1085.67,-0.99,8,868766,卖盘
09:51:28,1086.66,0.99,2,217265,买盘
09:51:32,1086.01,-0.65,5,543002,中性盘
09:51:35,1086.6,0.59,9,978003,中性盘
09:51:38,1087.0,0.4,19,2065156,买盘
09:51:41,1087.0,0.0,21,2332633,买盘
09:51:44,1087.0,0.0,4,434918,卖盘
09:51:47,1087.55,0.55,7,761231,买盘
09:51:50,1087.76,0.21,22,2393072,买盘
09:51:53,1087.77,0.01,23,2502099,中性盘
09:51:56,1088.0,0.23,9,979196,买盘
09:51:59,1088.0,0.0,22,2393595,买盘
09:52:02,1088.76,0.76,34,3699757,买盘
09:52:05,1088.88,0.12,5,544272,买盘
09:52:08,1088.89,0.01,9,979911,买盘
09:52:11,1089.0,0.11,14,1524537,买盘
09:52:14,1088.91,-0.09,13,1415626,中性盘
09:52:17,1089.0,0.09,93,10078185,买盘
09:52:18,1089.49,0.49,8,871259,中性盘
09:52:22,1089.1,-0.39,18,1961303,中性盘
09:52:26,1089.1,0.0,16,1743675,卖盘
09:52:29,1090.0,0.9,103,11227035,买盘
09:52:32,1090.18,0.18,9,981072,买盘
09:52:35,1090.2,0.02,6,654040,中性盘
09:52:38,1090.2,0.0,14,1526089,卖盘
09:52:41,1090.5,0.3,7,763182,买盘
09:52:44,1089.49,-1.01,11,1199130,卖盘
09:52:46,1090.2,0.71,32,3488105,买盘
09:52:48,1090.0,-0.2,2,218000,中性盘
09:52:53,1090.2,0.2,5,545066,买盘
09:52:56,1090.18,-0.02,45,4904259,中性盘
09:52:59,1089.49,-0.69,9,980937,卖盘
09:53:00,1089.49,0.0,6,653694,中性盘
09:53:05,1089.49,0.0,4,435759,买盘
09:53:08,1089.49,0.0,11,1198228,买盘
09:53:11,1089.0,-0.49,12,1306992,卖盘
09:53:14,1089.0,0.0,24,2613399,买盘
09:53:17,1088.04,-0.96,3,326554,卖盘
09:53:18,1088.59,0.55,1,108859,买盘
09:53:21,1088.5,-0.09,1,108850,中性盘
09:53:24,1088.04,-0.46,7,761856,卖盘
09:53:29,1087.99,-0.05,31,3372820,卖盘
09:53:32,1087.94,-0.05,21,2284806,卖盘
09:53:33,1087.99,0.05,1,108799,买盘
09:53:38,1087.76,-0.23,11,1196692,卖盘
09:53:39,1087.94,0.18,5,543994,卖盘
09:53:44,1087.99,0.05,7,761575,中性盘
09:53:46,1087.99,0.0,5,543997,卖盘
09:53:50,1088.0,0.01,10,1087990,买盘
09:53:51,1088.0,0.0,6,652792,买盘
09:53:54,1087.94,-0.06,4,435176,卖盘
09:53:59,1087.94,0.0,8,870352,卖盘
09:54:02,1087.9,-0.04,4,435136,中性盘
09:54:05,1087.76,-0.14,12,1305324,卖盘
09:54:08,1087.8,0.04,4,435120,买盘
09:54:11,1087.85,0.05,4,435148,卖盘
09:54:13,1087.85,0.0,2,217570,卖盘
09:54:17,1087.8,-0.05,3,326358,卖盘
09:54:20,1087.93,0.13,3,326371,买盘
09:54:23,1087.76,-0.17,9,979029,卖盘
09:54:26,1087.76,0.0,3,326328,卖盘
09:54:29,1087.77,0.01,6,652661,买盘
09:54:32,1087.77,0.0,1,108777,买盘
09:54:33,1087.76,-0.01,6,652661,卖盘
09:54:37,1087.78,0.02,1,108778,卖盘
09:54:41,1087.85,0.07,7,761452,买盘
09:54:44,1087.85,0.0,5,543901,买盘
09:54:46,1087.85,0.0,5,543925,买盘
09:54:50,1087.94,0.09,1,108794,买盘
09:54:52,1087.78,-0.16,6,652682,卖盘
09:54:54,1088.0,0.22,60,6527814,买盘
09:54:59,1088.0,0.0,2,217600,卖盘
09:55:02,1088.02,0.02,9,979214,买盘
09:55:05,1088.4,0.38,21,2285150,买盘
09:55:08,1088.4,0.0,5,544208,卖盘
09:55:11,1088.48,0.08,2,217696,买盘
09:55:14,1088.5,0.02,15,1688234,买盘
09:55:17,1088.48,-0.02,1,108848,中性盘
09:55:20,1088.49,0.01,11,1197348,买盘
09:55:23,1088.48,-0.01,6,653096,卖盘
09:55:24,1088.48,0.0,15,1632881,卖盘
09:55:29,1088.78,0.3,5,544306,中性盘
09:55:32,1088.78,0.0,3,326643,卖盘
09:55:35,1088.5,-0.28,8,870980,卖盘
09:55:36,1088.88,0.38,5,544392,买盘
09:55:41,1088.8,-0.08,2,217768,卖盘
09:55:44,1088.92,0.12,5,544448,买盘
09:55:47,1088.88,-0.04,4,435552,卖盘
09:55:50,1088.88,0.0,4,435528,买盘
09:55:51,1088.88,0.0,11,1197760,中性盘
09:55:56,1088.99,0.11,11,1197784,买盘
09:55:59,1088.94,-0.05,43,4682671,卖盘
09:56:02,1088.93,-0.01,1,108893,卖盘
09:56:05,1089.0,0.07,18,1960192,买盘
09:56:07,1089.0,0.0,24,2613600,买盘
09:56:11,1089.14,0.14,8,871308,买盘
09:56:14,1089.4,0.26,23,2505587,买盘
09:56:17,1089.36,-0.04,27,2941350,中性盘
09:56:20,1089.14,-0.22,20,2178750,卖盘
09:56:23,1089.85,0.71,22,2396947,买盘
09:56:26,1090.0,0.15,16,1711255,卖盘
09:56:29,1090.0,0.0,18,1961988,买盘
09:56:32,1090.0,0.0,29,3160956,买盘
09:56:35,1089.86,-0.14,14,1525870,中性盘
09:56:38,1089.85,-0.01,7,762905,卖盘
09:56:41,1089.88,0.03,6,653988,中性盘
09:56:43,1089.88,0.0,10,1090006,中性盘
09:56:46,1090.1,0.22,2,218020,卖盘
09:56:50,1090.01,-0.09,11,1274361,卖盘
09:56:53,1090.02,0.01,1,109002,卖盘
09:56:54,1090.02,0.0,6,636573,卖盘
09:56:59,1090.02,0.0,20,2180187,卖盘
09:57:02,1090.1,0.08,14,1526160,买盘
09:57:05,1090.16,0.06,9,981099,买盘
09:57:08,1090.1,-0.06,18,1962228,卖盘
09:57:11,1090.16,0.06,15,1635256,中性盘
09:57:14,1090.2,0.04,11,1199200,买盘
09:57:17,1090.16,-0.04,8,872143,买盘
09:57:20,1090.16,0.0,9,981129,卖盘
09:57:23,1090.17,0.01,4,436065,买盘
09:57:26,1089.96,-0.21,24,2633658,卖盘
09:57:29,1090.1,0.14,6,653982,买盘
09:57:32,1090.11,0.01,4,436042,买盘
09:57:34,1090.1,-0.01,17,1853138,买盘
09:57:38,1090.1,0.0,16,1743995,中性盘
09:57:41,1089.96,-0.14,15,1635148,卖盘
09:57:44,1090.1,0.14,11,1199090,买盘
09:57:47,1090.1,0.0,20,2180022,买盘
09:57:50,1089.96,-0.14,4,435992,卖盘
09:57:51,1089.96,0.0,4,435996,卖盘
09:57:56,1089.85,-0.11,31,3379001,卖盘
09:57:59,1090.16,0.31,77,8376684,买盘
09:58:02,1090.14,-0.02,20,2180318,卖盘
09:58:05,1090.23,0.09,20,2180372,买盘
09:58:08,1090.18,-0.05,3,327064,卖盘
09:58:11,1090.14,-0.04,2,235474,卖盘
09:58:14,1090.26,0.12,4,436070,卖盘
09:58:17,1090.25,-0.01,30,3270185,买盘
09:58:20,1090.25,0.0,3,327075,卖盘
09:58:23,1090.25,0.0,3,327075,卖盘
09:58:26,1090.38,0.13,12,1308422,买盘
09:58:29,1090.8,0.42,87,9487813,买盘
09:58:32,1090.35,-0.45,13,1384689,卖盘
09:58:35,1090.35,0.0,6,654266,卖盘
09:58:38,1090.79,0.44,11,1199486,买盘
09:58:41,1090.79,0.0,3,327206,买盘
09:58:44,1090.78,-0.01,6,654365,中性盘
09:58:46,1090.48,-0.3,1,109048,卖盘
09:58:50,1090.5,0.02,19,2072286,买盘
09:58:53,1090.48,-0.02,2,218096,买盘
09:58:56,1090.38,-0.1,3,327124,卖盘
09:58:58,1090.5,0.12,18,1962924,买盘
09:59:02,1090.79,0.29,5,545327,买盘
09:59:05,1090.79,0.0,10,1090616,买盘
09:59:08,1090.8,0.01,14,1526962,买盘
09:59:11,1090.81,0.01,21,2310288,买盘
09:59:14,1090.78,-0.03,6,634832,卖盘
09:59:17,1090.79,0.01,4,436259,买盘
09:59:20,1090.81,0.02,5,545401,买盘
09:59:22,1090.5,-0.31,14,1526843,卖盘
09:59:26,1090.5,0.0,17,1853850,买盘
09:59:29,1090.5,0.0,3,327150,买盘
09:59:32,1090.5,0.0,8,872390,买盘
09:59:35,1090.35,-0.15,81,8833070,卖盘
09:59:38,1090.41,0.06,4,436151,买盘
09:59:41,1090.26,-0.15,1,109026,卖盘
09:59:44,1090.26,0.0,7,763177,买盘
09:59:47,1090.25,-0.01,5,545156,卖盘
09:59:50,1090.25,0.0,9,981225,卖盘
09:59:53,1089.49,-0.76,12,1340773,卖盘
09:59:54,1090.25,0.76,15,1635160,买盘
09:59:59,1090.0,-0.25,2,218000,买盘
10:00:02,1089.37,-0.63,15,1550960,卖盘
10:00:05,1089.95,0.58,3,326995,卖盘
10:00:08,1089.68,-0.27,5,544848,卖盘
10:00:11,1090.0,0.32,19,2070894,买盘
10:00:13,1089.94,-0.06,4,435927,中性盘
10:00:17,1089.68,-0.26,2,217936,卖盘
10:00:23,1089.35,-0.01,5,544724,卖盘
10:00:26,1089.35,0.0,1,108935,买盘
10:00:29,1089.23,-0.12,10,1089327,卖盘
10:00:32,1089.25,0.02,3,326796,中性盘
10:00:35,1089.1,-0.15,1,108910,卖盘
10:00:37,1089.1,0.0,2,217820,卖盘
10:00:41,1089.29,0.19,24,2614363,买盘
10:00:44,1089.15,-0.14,4,435645,中性盘
10:00:47,1089.36,0.21,6,653502,买盘
10:00:50,1089.29,-0.07,7,762351,中性盘
10:00:53,1089.0,-0.29,16,1742487,卖盘
10:00:54,1089.1,0.1,2,217820,卖盘
10:00:59,1089.0,-0.1,2,217805,卖盘
10:01:00,1089.0,0.0,4,435600,卖盘
10:01:05,1089.3,0.3,23,2531271,买盘
10:01:08,1089.3,0.0,4,435720,卖盘
10:01:11,1089.36,0.06,1,108936,买盘
10:01:14,1089.6,0.24,20,2179026,买盘
10:01:17,1089.36,-0.24,1,108936,卖盘
10:01:22,1089.3,-0.06,10,1081867,卖盘
10:01:24,1089.68,0.38,1,108968,买盘
10:01:29,1090.0,0.32,73,7955090,买盘
10:01:35,1089.7,-0.3,5,544890,卖盘
10:01:38,1089.8,0.1,2,217960,买盘
10:01:41,1089.8,0.0,1,108980,卖盘
10:01:44,1089.95,0.15,2,217990,买盘
10:01:47,1090.0,0.05,6,653969,买盘
10:01:50,1089.7,-0.3,2,217940,卖盘
10:01:52,1090.01,0.31,23,2506795,买盘
10:01:56,1089.75,-0.26,3,326946,中性盘
10:01:59,1090.0,0.25,1,109000,买盘
10:02:02,1090.0,0.0,3,327012,卖盘
10:02:05,1090.0,0.0,1,109000,卖盘
10:02:08,1090.12,0.12,3,327024,买盘
10:02:10,1090.12,0.0,2,218012,买盘
10:02:14,1090.0,-0.12,9,981136,卖盘
10:02:17,1090.12,0.12,1,109012,卖盘
10:02:20,1090.12,0.0,3,327024,中性盘
10:02:23,1090.0,-0.12,1,109000,卖盘
10:02:26,1090.1,0.1,1,109010,买盘
10:02:29,1090.1,0.0,1,109010,买盘
10:02:32,1090.02,-0.08,10,1090102,买盘
10:02:35,1089.96,-0.06,2,217998,卖盘
10:02:38,1089.95,-0.01,3,326985,卖盘
10:02:41,1089.95,0.0,6,653970,买盘
10:02:44,1090.0,0.05,1,109000,买盘
10:02:47,1090.0,0.0,3,326995,买盘
10:02:50,1090.02,0.02,8,871992,买盘
10:02:53,1089.95,-0.07,4,435981,卖盘
10:02:59,1089.95,0.0,4,435986,中性盘
10:03:02,1089.8,-0.15,1,108980,卖盘
10:03:05,1089.8,0.0,1,108980,卖盘
10:03:06,1089.8,0.0,2,217960,卖盘
10:03:11,1089.8,0.0,2,217960,卖盘
10:03:17,1089.69,-0.11,9,980721,卖盘
10:03:20,1089.36,-0.33,9,980665,卖盘
10:03:23,1089.0,-0.36,4,435703,卖盘
10:03:26,1089.67,0.67,4,435801,买盘
10:03:35,1088.94,-0.73,4,435594,卖盘
10:03:38,1088.94,0.0,1,108894,卖盘
10:03:41,1088.99,0.05,3,326687,买盘
10:03:44,1088.62,-0.37,1,108862,中性盘
10:03:46,1088.94,0.32,3,326650,中性盘
10:03:50,1088.62,-0.32,2,217755,中性盘
10:03:56,1088.62,0.0,8,870888,买盘
10:03:58,1088.6,-0.02,1,108860,卖盘
10:04:02,1089.0,0.4,20,2177857,买盘
10:04:05,1089.36,0.36,3,326805,买盘
10:04:08,1089.5,0.14,3,326841,买盘
10:04:11,1089.41,-0.09,4,435791,卖盘
10:04:14,1089.5,0.09,8,871573,中性盘
10:04:20,1089.6,0.1,30,3267288,买盘
10:04:23,1089.5,-0.1,2,217907,卖盘
10:04:26,1089.67,0.17,2,217934,买盘
10:04:29,1089.67,0.0,1,151464,买盘
10:04:32,1089.67,0.0,7,762769,卖盘
10:04:35,1089.8,0.13,17,1852660,买盘
10:04:38,1089.8,0.0,15,1634812,卖盘
10:04:41,1089.8,0.0,9,938318,卖盘
10:04:44,1089.8,0.0,7,762908,卖盘
10:04:50,1089.8,0.0,13,1416586,卖盘
10:04:53,1089.8,0.0,1,108980,买盘
10:05:05,1089.39,-0.41,2,217918,卖盘
10:05:08,1089.79,0.4,4,435917,买盘
10:05:09,1089.8,0.01,4,435919,买盘
10:05:13,1089.79,-0.01,3,326937,买盘
10:05:17,1089.7,-0.09,2,217906,买盘
10:05:20,1089.36,-0.34,3,326842,中性盘
10:05:23,1089.36,0.0,13,1415870,中性盘
10:05:28,1089.36,0.0,3,326808,买盘
10:05:32,1089.36,0.0,2,217856,中性盘
10:05:35,1089.3,-0.06,1,108930,中性盘
10:05:38,1089.69,0.39,2,217938,买盘
10:05:41,1089.69,0.0,4,435876,卖盘
10:05:44,1089.7,0.01,4,435877,买盘
10:05:47,1089.69,-0.01,25,2723240,买盘
10:05:49,1089.4,-0.29,1,108940,中性盘
10:05:53,1089.3,-0.1,8,871568,卖盘
10:05:56,1089.59,0.29,3,326819,中性盘
10:05:58,1089.4,-0.19,3,326810,中性盘
10:06:01,1089.3,-0.1,3,326790,卖盘
10:06:05,1089.26,-0.04,3,326786,卖盘
10:06:08,1089.26,0.0,5,544658,卖盘
10:06:11,1089.3,0.04,2,217856,买盘
10:06:13,1089.3,0.0,6,653570,买盘
10:06:16,1089.26,-0.04,2,217852,卖盘
10:06:20,1089.26,0.0,6,653556,卖盘
10:06:22,1089.26,0.0,2,217853,卖盘
10:06:26,1089.26,0.0,10,1089264,卖盘
10:06:29,1089.25,-0.01,2,250528,卖盘
10:06:32,1089.25,0.0,2,185173,买盘
10:06:35,1089.26,0.01,24,2614219,卖盘
10:06:37,1089.2,-0.06,8,871411,卖盘
10:06:41,1089.26,0.06,1,108926,买盘
10:06:44,1089.0,-0.26,143,15573637,卖盘
10:06:47,1089.2,0.2,4,435679,买盘
10:06:50,1089.0,-0.2,11,1198125,卖盘
10:06:53,1089.0,0.0,1,108900,卖盘
10:06:56,1089.0,0.0,20,2178048,卖盘
10:06:59,1089.16,0.16,9,980148,买盘
10:07:02,1089.0,-0.16,1,108900,卖盘
10:07:05,1089.0,0.0,21,2287123,卖盘
10:07:08,1089.0,0.0,19,2069111,卖盘
10:07:11,1088.96,-0.04,1,108896,买盘
10:07:13,1088.88,-0.08,2,217776,卖盘
10:07:17,1089.11,0.23,28,3049230,买盘
10:07:19,1089.11,0.0,9,980199,卖盘
10:07:23,1089.19,0.08,5,544596,买盘
10:07:26,1089.19,0.0,11,1198114,卖盘
10:07:29,1089.19,0.0,6,653510,中性盘
10:07:31,1089.31,0.12,11,1198141,买盘
10:07:35,1089.19,-0.12,5,544595,买盘
10:07:37,1089.11,-0.08,8,871296,卖盘
10:07:41,1089.11,0.0,2,217830,卖盘
10:07:44,1089.19,0.08,4,435676,买盘
10:07:46,1089.11,-0.08,1,108911,卖盘
10:07:49,1089.11,0.0,3,326732,买盘
10:07:53,1089.11,0.0,7,762376,买盘
10:07:56,1089.0,-0.11,2,217800,卖盘
10:08:02,1089.0,0.0,4,435599,买盘
10:08:05,1089.0,0.0,7,762295,买盘
10:08:08,1088.99,-0.01,3,326697,买盘
10:08:11,1089.1,0.11,36,3920410,买盘
10:08:14,1089.0,-0.1,12,1306784,买盘
10:08:17,1089.0,0.0,24,2613554,买盘
10:08:20,1088.5,-0.5,18,1960150,卖盘
10:08:25,1088.95,0.45,17,1851170,买盘
10:08:29,1088.95,0.0,3,326695,卖盘
10:08:31,1088.0,-0.95,47,5114291,卖盘
10:08:35,1088.0,0.0,28,3046661,买盘
10:08:38,1088.95,0.95,2,217753,买盘
10:08:41,1089.0,0.05,9,979857,买盘
10:08:43,1089.19,0.19,1,108919,买盘
10:08:47,1089.19,0.0,5,544566,买盘
10:08:50,1089.11,-0.08,2,217830,卖盘
10:08:53,1089.31,0.2,15,1633883,买盘
10:08:56,1089.31,0.0,4,435701,买盘
10:08:59,1089.31,0.0,2,217859,买盘
10:09:02,1089.32,0.01,13,1416261,买盘
10:09:04,1089.28,-0.04,5,544654,卖盘
10:09:08,1089.5,0.22,2,217883,中性盘
10:09:11,1089.69,0.19,1,108969,买盘
10:09:15,1089.68,-0.01,6,653808,买盘
10:09:17,1089.7,0.02,22,2397310,买盘
10:09:20,1089.87,0.17,16,1793856,卖盘
10:09:23,1089.7,-0.17,12,1307836,卖盘
10:09:26,1089.89,0.19,2,217977,买盘
10:09:28,1089.9,0.01,2,217978,买盘
10:09:31,1089.95,0.05,64,6975668,买盘
10:09:35,1090.0,0.05,147,16023804,买盘
10:09:38,1090.41,0.41,51,5560448,买盘
10:09:41,1090.5,0.09,14,1526688,买盘
10:09:44,1090.78,0.28,31,3380631,买盘
10:09:47,1090.88,0.1,26,2836123,买盘
10:09:50,1091.13,0.25,91,9838680,卖盘
10:09:53,1091.5,0.37,28,3083325,买盘
10:09:56,1092.0,0.5,70,7643459,买盘
10:09:59,1092.0,0.0,21,2293164,买盘
10:10:02,1092.23,0.23,19,2075146,买盘
10:10:05,1092.5,0.27,26,2840494,买盘
10:10:08,1092.89,0.39,10,1092589,买盘
10:10:11,1092.52,-0.37,1,109252,卖盘
10:10:13,1092.9,0.38,16,1748500,买盘
10:10:17,1092.89,-0.01,16,1748634,中性盘
10:10:20,1092.98,0.09,10,1092950,买盘
10:10:23,1092.96,-0.02,24,2623186,卖盘
10:10:25,1093.0,0.04,21,2295288,买盘
10:10:29,1093.0,0.0,35,3848432,买盘
10:10:31,1093.3,0.3,66,7216193,买盘
10:10:34,1093.1,-0.2,15,1584364,卖盘
10:10:38,1093.1,0.0,4,437240,卖盘
10:10:41,1093.52,0.42,75,8198170,中性盘
10:10:44,1093.99,0.47,14,1531393,买盘
10:10:47,1093.85,-0.14,29,3172499,中性盘
10:10:49,1093.98,0.13,46,5032146,买盘
10:10:53,1094.11,0.13,14,1531844,买盘
10:10:56,1094.11,0.0,7,765909,卖盘
10:10:59,1094.11,0.0,6,656629,卖盘
10:11:01,1094.44,0.33,16,1750572,买盘
10:11:05,1094.66,0.22,31,3469947,买盘
10:11:08,1094.66,0.0,8,875798,卖盘
10:11:11,1094.66,0.0,16,1750809,买盘
10:11:14,1094.44,-0.22,13,1422957,卖盘
10:11:17,1094.12,-0.32,8,875565,卖盘
10:11:20,1094.6,0.48,18,1970236,中性盘
10:11:23,1094.37,-0.23,9,984940,卖盘
10:11:26,1094.65,0.28,2,218930,买盘
10:11:29,1094.44,-0.21,34,3645368,卖盘
10:11:32,1094.44,0.0,8,875575,买盘
10:11:35,1094.44,0.0,17,1860551,卖盘
10:11:38,1094.44,0.0,23,2606957,卖盘
10:11:41,1094.2,-0.24,32,3412440,卖盘
10:11:44,1094.45,0.25,35,3830611,买盘
10:11:47,1094.45,0.0,5,547240,卖盘
10:11:50,1094.45,0.0,9,985035,卖盘
10:11:53,1094.45,0.0,11,1203876,买盘
10:11:56,1094.07,-0.38,12,1313314,卖盘
10:11:59,1094.4,0.33,23,2517260,买盘
10:12:02,1094.07,-0.33,3,328207,买盘
10:12:05,1094.07,0.0,2,218807,买盘
10:12:08,1094.06,-0.01,5,547011,中性盘
10:12:11,1094.07,0.01,13,1422218,买盘
10:12:14,1094.07,0.0,14,1531651,买盘
10:12:17,1094.0,-0.07,5,547002,卖盘
10:12:20,1094.0,0.0,5,546998,买盘
10:12:23,1093.53,-0.47,3,328105,卖盘
10:12:26,1094.05,0.52,18,1969217,买盘
10:12:29,1094.0,-0.05,8,875221,卖盘
10:12:32,1093.98,-0.02,11,1203404,卖盘
10:12:35,1094.0,0.02,21,2297346,买盘
10:12:38,1093.98,-0.02,4,437592,中性盘
10:12:41,1093.98,0.0,4,437595,卖盘
10:12:44,1093.99,0.01,5,546992,买盘
10:12:47,1093.99,0.0,24,2655083,中性盘
10:12:50,1093.99,0.0,5,546993,买盘
10:12:53,1093.98,-0.01,12,1312776,中性盘
10:12:56,1093.97,-0.01,6,656342,中性盘
10:12:59,1093.53,-0.44,55,6016847,卖盘
10:13:02,1094.0,0.47,27,2953738,买盘
10:13:05,1094.0,0.0,7,800805,买盘
10:13:08,1094.0,0.0,8,875205,卖盘
10:13:11,1094.0,0.0,7,765777,卖盘
10:13:14,1094.08,0.08,12,1312818,买盘
10:13:16,1094.0,-0.08,1,109400,中性盘
10:13:20,1094.0,0.0,3,328200,买盘
10:13:23,1094.0,0.0,3,328200,买盘
10:13:26,1093.53,-0.47,4,437496,卖盘
10:13:28,1093.9,0.37,2,218743,中性盘
10:13:32,1093.9,0.0,5,546986,中性盘
10:13:35,1094.05,0.15,12,1312808,买盘
10:13:38,1094.05,0.0,5,547031,中性盘
10:13:41,1094.08,0.03,5,547032,中性盘
10:13:44,1094.0,-0.08,6,656400,卖盘
10:13:47,1094.03,0.03,5,547003,中性盘
10:13:50,1094.05,0.02,6,656410,买盘
10:13:53,1094.0,-0.05,27,2953935,卖盘
10:13:56,1094.08,0.08,13,1422233,买盘
10:13:59,1094.19,0.11,8,875303,买盘
10:14:02,1094.07,-0.12,16,1750601,卖盘
10:14:05,1094.12,0.05,14,1531875,买盘
10:14:08,1094.05,-0.07,25,2735766,卖盘
10:14:10,1094.49,0.44,9,984836,买盘
10:14:13,1094.6,0.11,61,6676624,买盘
10:14:17,1094.5,-0.1,20,2189172,卖盘
10:14:20,1094.9,0.4,36,3941067,买盘
10:14:23,1094.6,-0.3,14,1532752,中性盘
10:14:26,1094.6,0.0,9,985309,卖盘
10:14:29,1094.6,0.0,5,547360,卖盘
10:14:32,1094.9,0.3,198,21680911,中性盘
10:14:35,1094.62,-0.28,5,547402,卖盘
10:14:38,1094.99,0.37,6,656985,买盘
10:14:41,1094.62,-0.37,13,1423410,卖盘
10:14:44,1094.99,0.37,53,5803475,买盘
10:14:47,1094.99,0.0,15,1642496,卖盘
10:14:50,1095.03,0.04,34,3670475,买盘
10:14:53,1095.09,0.06,6,657033,买盘
10:14:56,1095.12,0.03,14,1532029,买盘
10:14:58,1095.2,0.08,9,985594,买盘
10:15:02,1095.2,0.0,6,657090,买盘
10:15:05,1095.33,0.13,8,876151,买盘
10:15:08,1095.33,0.0,3,328599,卖盘
10:15:11,1095.4,0.07,7,766754,买盘
10:15:14,1095.52,0.12,19,2081400,买盘
10:15:17,1095.55,0.03,3,328659,买盘
10:15:19,1095.55,0.0,4,438217,买盘
10:15:23,1095.58,0.03,8,876452,买盘
10:15:26,1095.59,0.01,20,2191087,买盘
10:15:28,1095.77,0.18,17,1862549,买盘
10:15:31,1095.57,-0.2,16,1752957,卖盘
10:15:35,1095.79,0.22,3,328733,买盘
10:15:37,1095.87,0.08,10,1095800,买盘
10:15:41,1095.87,0.0,10,1095848,买盘
10:15:44,1095.87,0.0,5,547936,卖盘
10:15:46,1095.88,0.01,11,1205465,买盘
10:15:50,1095.9,0.02,8,876715,买盘
10:15:52,1096.0,0.1,109,11946168,买盘
10:15:56,1095.95,-0.05,8,876746,中性盘
10:15:59,1095.88,-0.07,5,547963,卖盘
10:16:02,1095.97,0.09,7,767175,买盘
10:16:05,1095.98,0.01,13,1424764,买盘
10:16:07,1095.95,-0.03,4,438384,卖盘
10:16:11,1095.98,0.03,13,1424761,买盘
10:16:14,1095.93,-0.05,2,219188,卖盘
10:16:16,1095.96,0.03,4,438379,买盘
10:16:20,1095.95,-0.01,14,1534369,中性盘
10:16:23,1095.99,0.04,7,767185,买盘
10:16:26,1095.97,-0.02,11,1205582,卖盘
10:16:29,1095.95,-0.02,13,1424776,卖盘
10:16:32,1095.99,0.04,28,3068792,买盘
10:16:35,1096.01,0.02,65,7123999,买盘
10:16:38,1096.0,-0.01,7,767199,卖盘
10:16:41,1096.06,0.06,6,657668,买盘
10:16:44,1096.0,-0.06,8,876886,卖盘
10:16:47,1096.2,0.2,3,328820,中性盘
10:16:50,1096.06,-0.14,25,2741154,卖盘
10:16:53,1096.26,0.2,9,986614,买盘
10:16:56,1096.2,-0.06,28,3069658,卖盘
10:16:59,1096.5,0.3,4,438624,中性盘
10:17:02,1096.58,0.08,12,1315907,买盘
10:17:04,1096.66,0.08,18,1973873,买盘
10:17:08,1096.5,-0.16,16,1754416,卖盘
10:17:11,1096.6,0.1,8,877228,买盘
10:17:14,1096.4,-0.2,23,2521949,卖盘
10:17:17,1096.5,0.1,11,1206063,买盘
10:17:20,1096.26,-0.24,7,767518,卖盘
10:17:23,1096.41,0.15,6,657768,中性盘
10:17:25,1096.5,0.09,26,2850706,买盘
10:17:29,1096.0,-0.5,51,5589825,卖盘
10:17:31,1095.97,-0.03,24,2630442,卖盘
10:17:35,1096.38,0.41,6,657740,中性盘
10:17:38,1096.49,0.11,30,3288129,买盘
10:17:41,1096.38,-0.11,3,328919,中性盘
10:17:44,1096.5,0.12,41,4495625,买盘
10:17:47,1096.55,0.05,7,767518,买盘
10:17:50,1096.49,-0.06,13,1425368,卖盘
10:17:53,1096.49,0.0,8,877192,买盘
10:17:55,1096.4,-0.09,10,1096484,卖盘
10:17:58,1096.5,0.1,13,1425427,买盘
10:18:02,1096.55,0.05,12,1315778,买盘
10:18:05,1096.4,-0.15,1,109640,买盘
10:18:08,1096.4,0.0,12,1315680,买盘
10:18:10,1096.05,-0.35,19,2083180,中性盘
10:18:13,1096.5,0.45,14,1535030,买盘
10:18:17,1096.4,-0.1,6,657890,卖盘
10:18:20,1096.5,0.1,7,767528,买盘
10:18:22,1096.39,-0.11,4,438566,卖盘
10:18:26,1096.39,0.0,17,1864000,卖盘
10:18:29,1096.05,-0.34,2,219244,卖盘
10:18:31,1096.01,-0.04,4,438518,卖盘
10:18:35,1096.39,0.38,10,1096338,买盘
10:18:38,1096.4,0.01,34,3727345,买盘
10:18:41,1096.0,-0.4,7,767200,卖盘
10:18:44,1096.01,0.01,15,1644143,买盘
10:18:47,1096.01,0.0,2,219202,卖盘
10:18:50,1096.5,0.49,45,4934082,买盘
10:18:53,1096.4,-0.1,20,2192519,中性盘
10:18:56,1096.46,0.06,6,657864,中性盘
10:18:59,1096.3,-0.16,16,1754115,卖盘
10:19:01,1096.3,0.0,6,657812,卖盘
10:19:05,1096.4,0.1,2,219278,买盘
10:19:08,1096.3,-0.1,9,986770,卖盘
10:19:11,1096.3,0.0,1,109630,卖盘
10:19:14,1096.43,0.13,8,877119,买盘
10:19:17,1096.46,0.03,11,1206092,买盘
10:19:20,1096.43,-0.03,7,767506,卖盘
10:19:22,1096.43,0.0,6,657881,卖盘
10:19:26,1096.48,0.05,11,1206086,买盘
10:19:29,1096.43,-0.05,11,1206090,卖盘
10:19:32,1096.43,0.0,8,877157,卖盘
10:19:35,1096.43,0.0,8,877135,买盘
10:19:37,1096.4,-0.03,8,877122,卖盘
10:19:41,1096.4,0.0,5,548197,卖盘
10:19:44,1096.43,0.03,10,1096424,买盘
10:19:47,1096.4,-0.03,9,986759,中性盘
10:19:50,1096.4,0.0,2,219280,买盘
10:19:52,1096.4,0.0,51,5592021,买盘
10:19:55,1096.4,0.0,7,767392,买盘
10:19:59,1096.43,0.03,6,657777,买盘
10:20:02,1096.4,-0.03,3,328917,卖盘
10:20:05,1096.02,-0.38,6,657682,卖盘
10:20:08,1096.4,0.38,5,548200,买盘
10:20:11,1096.4,0.0,6,657814,买盘
10:20:14,1096.4,0.0,7,767480,卖盘
10:20:17,1096.4,0.0,10,1096400,卖盘
10:20:20,1096.25,-0.15,1,109625,买盘
10:20:23,1096.2,-0.05,1,109620,卖盘
10:20:26,1096.25,0.05,1,109625,卖盘
10:20:29,1096.4,0.15,25,2740786,买盘
10:20:31,1096.0,-0.4,21,2302190,卖盘
10:20:35,1096.43,0.43,10,1096378,买盘
10:20:38,1096.4,-0.03,14,1534944,中性盘
10:20:41,1096.2,-0.2,7,767432,卖盘
10:20:44,1096.4,0.2,92,10087900,买盘
10:20:47,1096.0,-0.4,9,986480,卖盘
10:20:50,1096.4,0.4,7,767400,买盘
10:20:53,1096.36,-0.04,2,219276,卖盘
10:20:55,1096.36,0.0,3,328908,卖盘
10:20:59,1096.58,0.22,32,3508521,买盘
10:21:01,1096.65,0.07,20,2193239,买盘
10:21:05,1096.5,-0.15,33,3618840,卖盘
10:21:08,1096.57,0.07,59,6469305,中性盘
10:21:11,1097.0,0.43,116,12723745,买盘
10:21:13,1096.7,-0.3,2,219340,中性盘
10:21:17,1097.0,0.3,41,4497675,买盘
10:21:20,1097.0,0.0,74,8178522,买盘
10:21:23,1097.2,0.2,29,3181878,买盘
10:21:26,1097.0,-0.2,22,2413770,卖盘
10:21:28,1097.4,0.4,38,4169712,买盘
10:21:31,1097.4,0.0,57,6255170,买盘
10:21:34,1097.47,0.07,4,438973,买盘
10:21:38,1097.5,0.03,35,3841202,买盘
10:21:41,1097.6,0.1,49,5377875,买盘
10:21:43,1097.5,-0.1,56,6146830,中性盘
10:21:47,1097.8,0.3,54,5927965,买盘
10:21:50,1097.85,0.05,24,2634805,买盘
10:21:53,1097.95,0.1,38,4171981,买盘
10:21:56,1097.96,0.01,12,1317557,买盘
10:21:59,1097.99,0.03,7,768577,买盘
10:22:01,1097.97,-0.02,19,2086194,卖盘
10:22:05,1098.0,0.03,25,2744996,买盘
10:22:08,1098.0,0.0,16,1756799,买盘
10:22:10,1097.99,-0.01,18,1976397,卖盘
10:22:14,1098.02,0.03,111,12112038,买盘
10:22:17,1098.0,-0.02,9,1064092,卖盘
10:22:20,1098.5,0.5,8,803001,买盘
10:22:23,1098.71,0.21,10,1098534,买盘
10:22:26,1098.59,-0.12,8,878951,卖盘
10:22:32,1098.59,0.0,3,329610,卖盘
10:22:35,1098.87,0.28,12,1318627,买盘
10:22:38,1098.79,-0.08,2,219759,中性盘
10:22:41,1098.79,0.0,11,1208675,卖盘
10:22:43,1098.86,0.07,11,1208753,买盘
10:22:46,1098.86,0.0,17,1868089,卖盘
10:22:50,1098.88,0.02,25,2747194,卖盘
10:22:53,1098.98,0.1,30,3296943,买盘
10:22:56,1098.86,-0.12,8,879107,卖盘
10:22:59,1098.86,0.0,47,5165150,卖盘
10:23:02,1098.86,0.0,85,9341108,卖盘
10:23:05,1099.0,0.14,91,10000543,买盘
10:23:08,1098.88,-0.12,13,1428684,卖盘
10:23:11,1099.13,0.25,40,4395995,买盘
10:23:14,1098.88,-0.25,21,2307736,卖盘
10:23:17,1098.88,0.0,9,988998,卖盘
10:23:20,1099.0,0.12,6,659352,买盘
10:23:23,1099.0,0.0,10,1099000,卖盘
10:23:25,1099.0,0.0,12,1318836,卖盘
10:23:28,1099.0,0.0,6,659410,卖盘
10:23:32,1099.2,0.2,16,1849964,卖盘
10:23:35,1099.01,-0.19,23,2528111,卖盘
10:23:38,1099.01,0.0,8,879309,卖盘
10:23:41,1099.1,0.09,31,3406849,买盘
10:23:44,1099.01,-0.09,30,3296904,卖盘
10:23:47,1099.09,0.08,15,1648706,卖盘
10:23:50,1099.1,0.01,5,549530,中性盘
10:23:53,1099.0,-0.1,14,1538730,卖盘
10:23:55,1098.96,-0.04,6,659351,买盘
10:23:59,1098.9,-0.06,13,1428612,中性盘
10:24:02,1098.86,-0.04,2,219760,中性盘
10:24:05,1098.74,-0.12,3,329622,卖盘
10:24:08,1098.74,0.0,5,549376,卖盘
10:24:11,1098.48,-0.26,44,4833506,卖盘
10:24:14,1098.74,0.26,4,439496,买盘
10:24:17,1098.8,0.06,19,2087396,买盘
10:24:20,1098.8,0.0,9,988920,卖盘
10:24:23,1098.8,0.0,4,439521,中性盘
10:24:26,1098.74,-0.06,7,769143,卖盘
10:24:29,1098.66,-0.08,6,659240,卖盘
10:24:32,1098.66,0.0,1,109866,卖盘
10:24:35,1098.8,0.14,9,988901,买盘
10:24:37,1098.74,-0.06,5,549376,卖盘
10:24:40,1098.66,-0.08,5,549344,卖盘
10:24:44,1098.8,0.14,11,1208644,买盘
10:24:46,1098.6,-0.2,33,3625900,卖盘
10:24:53,1098.47,-0.13,7,768978,卖盘
10:24:56,1098.66,0.19,2,219732,买盘
10:24:59,1098.59,-0.07,13,1428158,卖盘
10:25:02,1098.59,0.0,15,1647811,买盘
10:25:05,1098.47,-0.12,25,2746211,卖盘
10:25:08,1098.7,0.23,30,3296031,买盘
10:25:11,1098.7,0.0,3,329614,卖盘
10:25:14,1098.7,0.0,2,219744,卖盘
10:25:16,1098.58,-0.12,65,7141364,卖盘
10:25:20,1098.5,-0.08,12,1318232,卖盘
10:25:23,1098.58,0.08,12,1318228,买盘
10:25:26,1098.58,0.0,43,4723876,买盘
10:25:29,1098.48,-0.1,4,439422,卖盘
10:25:32,1098.58,0.1,10,1098553,买盘
10:25:34,1098.5,-0.08,25,2746341,卖盘
10:25:38,1098.48,-0.02,3,329544,卖盘
10:25:41,1098.57,0.09,6,659104,买盘
10:25:43,1098.47,-0.1,23,2525765,卖盘
10:25:47,1098.47,0.0,20,2197075,中性盘
10:25:50,1098.5,0.03,5,549269,中性盘
10:25:53,1098.01,-0.49,1,109801,中性盘
10:25:56,1098.44,0.43,13,1427528,买盘
10:25:58,1098.3,-0.14,6,658994,中性盘
10:26:02,1098.3,0.0,4,439320,中性盘
10:26:05,1098.42,0.12,7,768834,买盘
10:26:08,1098.3,-0.12,3,329502,卖盘
10:26:10,1098.3,0.0,6,659024,卖盘
10:26:13,1098.28,-0.02,2,219658,卖盘
10:26:23,1098.28,0.0,3,329483,买盘
10:26:26,1098.26,-0.02,32,3513953,卖盘
10:26:29,1098.0,-0.26,15,1647137,卖盘
10:26:32,1098.26,0.26,12,1317782,中性盘
10:26:35,1098.26,0.0,6,658956,买盘
10:26:41,1098.0,-0.26,4,439200,买盘
10:26:44,1097.98,-0.02,5,549038,卖盘
10:26:47,1097.98,0.0,8,878422,卖盘
10:26:50,1098.0,0.02,2,219599,买盘
10:26:53,1097.98,-0.02,28,3074999,卖盘
10:26:56,1097.99,0.01,4,439193,中性盘
10:26:59,1097.98,-0.01,12,1317580,卖盘
10:27:01,1097.8,-0.18,28,3074203,卖盘
10:27:05,1097.74,-0.06,4,439068,买盘
10:27:08,1097.74,0.0,14,1536579,买盘
10:27:11,1097.74,0.0,5,548826,卖盘
10:27:14,1097.0,-0.74,29,3181968,卖盘
10:27:20,1097.0,0.0,2,219400,卖盘
10:27:23,1097.0,0.0,5,488295,买盘
10:27:26,1097.0,0.0,1,109700,买盘
10:27:29,1096.6,-0.4,5,548460,中性盘
10:27:34,1096.6,0.0,2,219320,卖盘
10:27:37,1097.0,0.4,5,548339,买盘
10:27:41,1097.0,0.0,12,1316198,买盘
10:27:43,1096.6,-0.4,2,219328,卖盘
10:27:46,1096.68,0.08,1,109668,买盘
10:27:50,1096.68,0.0,18,1974008,买盘
10:27:53,1096.6,-0.08,7,767652,卖盘
10:27:56,1096.6,0.0,9,986940,卖盘
10:27:59,1096.59,-0.01,1,109659,卖盘
10:28:02,1096.6,0.01,5,548300,买盘
10:28:05,1096.59,-0.01,20,2193197,卖盘
10:28:08,1096.59,0.0,17,1864205,卖盘
10:28:11,1096.6,0.01,3,328978,买盘
10:28:13,1096.59,-0.01,7,767613,买盘
10:28:17,1096.58,-0.01,7,767606,卖盘
10:28:20,1096.0,-0.58,16,1754465,卖盘
10:28:23,1096.58,0.58,6,657948,买盘
10:28:26,1096.58,0.0,4,438632,卖盘
10:28:29,1096.6,0.02,16,1754541,买盘
10:28:31,1096.6,0.0,6,657957,买盘
10:28:35,1096.59,-0.01,15,1644882,卖盘
10:28:38,1096.58,-0.01,3,328970,买盘
10:28:41,1096.59,0.01,14,1535215,买盘
10:28:44,1097.0,0.41,20,2193424,买盘
10:28:48,1096.61,-0.39,4,438637,中性盘
10:28:50,1096.6,-0.01,4,438639,买盘
10:28:53,1097.0,0.4,25,2742171,买盘
10:28:55,1096.6,-0.4,6,718398,卖盘
10:28:59,1096.68,0.08,4,438716,买盘
10:29:02,1096.6,-0.08,4,438750,卖盘
10:29:08,1096.88,0.28,10,1096879,买盘
10:29:11,1096.9,0.02,1,109690,卖盘
10:29:14,1097.0,0.1,1,109700,买盘
10:29:17,1097.0,0.0,3,329100,买盘
10:29:19,1097.08,0.08,2,219410,买盘
10:29:23,1097.4,0.32,2,219442,买盘
10:29:26,1097.4,0.0,6,658308,买盘
10:29:28,1097.08,-0.32,2,219434,卖盘
10:29:32,1097.5,0.42,3,335834,买盘
10:29:35,1097.0,-0.5,7,761447,买盘
10:29:38,1097.4,0.4,4,445575,卖盘
10:29:41,1097.64,0.24,3,329282,买盘
10:29:44,1097.73,0.09,2,219539,买盘
10:29:48,1097.59,-0.14,6,666349,卖盘
10:29:50,1097.64,0.05,1,109764,卖盘
10:29:53,1097.98,0.34,23,2525016,买盘
10:29:55,1097.66,-0.32,3,329327,卖盘
10:29:59,1097.66,0.0,3,271112,中性盘
10:30:02,1097.98,0.32,3,329347,买盘
10:30:05,1098.0,0.02,10,1097994,买盘
10:30:08,1097.98,-0.02,1,109798,中性盘
10:30:10,1098.0,0.02,14,1537198,买盘
10:30:14,1098.0,0.0,21,2306087,买盘
10:30:18,1098.0,0.0,3,353552,买盘
10:30:20,1098.0,0.0,13,1427460,中性盘
10:30:23,1098.26,0.26,2,219626,买盘
10:30:26,1098.12,-0.14,1,109812,中性盘
10:30:29,1098.3,0.18,8,878550,买盘
10:30:32,1098.13,-0.17,8,878585,卖盘
10:30:35,1098.42,0.29,18,1976843,买盘
10:30:38,1098.3,-0.12,2,219630,中性盘
10:30:44,1098.47,0.17,11,1208275,买盘
10:30:48,1098.38,-0.09,4,439366,卖盘
10:30:50,1098.47,0.09,6,659062,买盘
10:30:53,1098.5,0.03,3,329545,买盘
10:30:56,1098.44,-0.06,8,878777,卖盘
10:30:59,1098.47,0.03,4,439385,中性盘
10:31:03,1098.48,0.01,4,439391,买盘
10:31:05,1098.47,-0.01,15,1582929,卖盘
10:31:08,1098.7,0.23,20,2197160,买盘
10:31:10,1098.5,-0.2,10,1098501,卖盘
10:31:14,1098.5,0.0,1,109850,卖盘
10:31:16,1098.61,0.11,9,988730,买盘
10:31:20,1098.74,0.13,11,1208580,买盘
10:31:24,1098.77,0.03,10,1098695,买盘
10:31:26,1098.77,0.0,4,439460,买盘
10:31:28,1098.77,0.0,7,769068,买盘
10:31:33,1098.5,-0.27,7,769058,卖盘
10:31:35,1098.5,0.0,1,109850,买盘
10:31:38,1098.47,-0.03,7,768975,卖盘
10:31:41,1098.5,0.03,5,549305,中性盘
10:31:44,1098.5,0.0,6,659185,卖盘
10:31:47,1098.49,-0.01,5,549245,卖盘
10:31:49,1098.5,0.01,8,878800,卖盘
10:31:53,1098.75,0.25,12,1318228,买盘
10:31:56,1098.5,-0.25,2,219700,卖盘
10:31:58,1098.7,0.2,4,439460,中性盘
10:32:02,1098.59,-0.11,14,1538018,卖盘
10:32:05,1098.75,0.16,2,219745,买盘
10:32:08,1098.75,0.0,2,219744,买盘
10:32:11,1098.5,-0.25,3,329550,卖盘
10:32:14,1098.57,0.07,1,109857,买盘
10:32:18,1098.56,-0.01,7,768988,中性盘
10:32:20,1098.47,-0.09,4,439397,卖盘
10:32:22,1098.49,0.02,2,219699,中性盘
10:32:26,1098.5,0.01,3,329544,买盘
10:32:29,1098.47,-0.03,3,329541,卖盘
10:32:33,1098.44,-0.03,16,1822295,买盘
10:32:35,1098.38,-0.06,2,219682,卖盘
10:32:38,1098.38,0.0,3,329520,卖盘
10:32:42,1098.38,0.0,1,109838,卖盘
10:32:44,1098.02,-0.36,4,439244,卖盘
10:32:48,1098.02,0.0,6,658955,卖盘
10:32:50,1098.01,-0.01,5,549080,卖盘
10:32:53,1098.01,0.0,10,1098049,卖盘
10:32:57,1098.01,0.0,9,988242,卖盘
10:32:59,1098.0,-0.01,8,878403,卖盘
10:33:02,1098.0,0.0,7,768604,卖盘
10:33:06,1098.0,0.0,3,329398,中性盘
10:33:09,1097.5,-0.5,3,329349,卖盘
10:33:10,1097.4,-0.1,13,1420755,买盘
10:33:18,1096.9,-0.5,2,219390,卖盘
10:33:23,1097.0,0.1,2,219400,中性盘
10:33:26,1097.0,0.0,1,109700,卖盘
10:33:29,1097.4,0.4,3,329200,买盘
10:33:33,1097.01,-0.39,5,548503,卖盘
10:33:36,1097.01,0.0,2,219402,卖盘
10:33:39,1097.4,0.39,9,987582,买盘
10:33:41,1097.1,-0.3,1,109710,中性盘
10:33:44,1097.01,-0.09,8,877683,卖盘
10:33:47,1096.88,-0.13,4,438789,卖盘
10:33:53,1097.01,0.13,10,1097004,买盘
10:33:56,1097.0,-0.01,3,329088,中性盘
10:33:59,1097.0,0.0,2,219388,中性盘
10:34:02,1097.01,0.01,5,548496,买盘
10:34:05,1096.9,-0.11,4,438781,卖盘
10:34:08,1097.0,0.1,1,109700,买盘
10:34:14,1096.89,-0.11,3,329077,卖盘
10:34:17,1096.91,0.02,5,548445,买盘
10:34:20,1096.89,-0.02,12,1316333,中性盘
10:34:23,1096.9,0.01,10,1096937,中性盘
10:34:27,1096.9,0.0,10,1096909,买盘
10:34:29,1096.9,0.0,1,109690,卖盘
10:34:33,1096.9,0.0,17,1864760,买盘
10:34:36,1097.0,0.1,4,438770,中性盘
10:34:42,1097.02,0.02,7,767903,买盘
10:34:44,1097.08,0.06,4,438812,买盘
10:34:48,1097.08,0.0,2,219409,中性盘
10:34:50,1097.02,-0.06,8,877621,卖盘
10:34:53,1097.02,0.0,6,658266,中性盘
10:34:55,1097.1,0.08,5,548541,买盘
10:34:59,1097.1,0.0,6,658217,买盘
10:35:03,1097.36,0.26,2,219469,买盘
10:35:06,1097.39,0.03,9,987649,买盘
10:35:08,1097.37,-0.02,4,438947,买盘
10:35:10,1097.35,-0.02,22,2414166,卖盘
10:35:18,1097.96,0.61,2,219546,买盘
10:35:19,1097.5,-0.46,3,329290,卖盘
10:35:23,1097.96,0.46,2,219592,买盘
10:35:27,1097.99,0.03,17,1866548,买盘
10:35:29,1097.52,-0.47,33,3622181,卖盘
10:35:31,1097.52,0.0,18,1975536,买盘
10:35:36,1097.6,0.08,4,439032,买盘
10:35:39,1098.28,0.68,52,5728470,买盘
10:35:42,1098.38,0.1,3,329512,买盘
10:35:44,1098.51,0.13,44,4750917,买盘
10:35:48,1098.74,0.23,23,2526895,买盘
10:35:50,1098.96,0.22,73,8021627,买盘
10:35:54,1099.0,0.04,20,2197940,买盘
10:35:55,1099.18,0.18,136,14946738,买盘
10:35:59,1099.18,0.0,72,7914460,卖盘
10:36:03,1099.2,0.02,11,1209133,中性盘
10:36:06,1099.2,0.0,16,1758765,卖盘
10:36:09,1099.34,0.14,23,2528527,买盘
10:36:12,1099.2,-0.14,22,2418295,卖盘
10:36:14,1099.34,0.14,4,439708,中性盘
10:36:18,1099.5,0.16,73,8024613,买盘
10:36:21,1099.49,-0.01,11,1209434,卖盘
10:36:24,1099.5,0.01,6,763046,卖盘
10:36:25,1099.5,0.0,4,439815,卖盘
10:36:28,1099.5,0.0,12,1319417,卖盘
10:36:33,1099.55,0.05,24,2638890,买盘
10:36:36,1099.7,0.15,26,2859068,买盘
10:36:39,1099.83,0.13,29,3189369,买盘
10:36:41,1099.71,-0.12,222,24419223,卖盘
10:36:45,1099.87,0.16,5,549936,中性盘
10:36:46,1099.87,0.0,2,219986,卖盘
10:36:50,1100.0,0.13,82,9019964,买盘
10:36:53,1100.0,0.0,100,10999950,买盘
10:36:57,1100.09,0.09,253,27830058,买盘
10:36:59,1100.09,0.0,1,110009,买盘
10:37:02,1100.09,0.0,27,2970226,买盘
10:37:06,1100.0,-0.09,27,2970247,卖盘
10:37:08,1100.1,0.1,16,1760160,买盘
10:37:11,1100.1,0.0,5,550049,买盘
10:37:15,1100.1,0.0,10,1100102,卖盘
10:37:17,1100.09,-0.01,20,2202414,卖盘
10:37:20,1100.2,0.11,29,3190600,买盘
10:37:23,1100.2,0.0,5,550105,卖盘
10:37:26,1100.09,-0.11,14,1540161,卖盘
10:37:30,1100.5,0.41,5,550132,买盘
10:37:33,1100.11,-0.39,13,1430210,中性盘
10:37:36,1100.0,-0.11,2,220011,卖盘
10:37:38,1100.1,0.1,33,3630121,中性盘
10:37:41,1099.95,-0.15,6,657845,卖盘
10:37:44,1100.0,0.05,10,1102212,买盘
10:37:47,1100.0,0.0,4,437821,买盘
10:37:48,1100.0,0.0,9,990063,中性盘
10:37:53,1100.0,0.0,4,440001,买盘
10:37:57,1099.95,-0.05,3,329995,卖盘
10:37:59,1099.95,0.0,23,2529791,卖盘
10:38:02,1100.0,0.05,10,1099999,买盘
10:38:06,1099.95,-0.05,7,769966,卖盘
10:38:09,1100.0,0.05,4,439995,买盘
10:38:10,1099.74,-0.26,10,1099818,卖盘
10:38:17,1099.74,0.0,7,769818,卖盘
10:38:21,1099.74,0.0,7,769803,买盘
10:38:23,1099.74,0.0,3,329919,买盘
10:38:27,1099.74,0.0,4,439896,买盘
10:38:29,1099.71,-0.03,2,219942,卖盘
10:38:33,1099.71,0.0,10,1099737,卖盘
10:38:35,1099.71,0.0,6,659826,卖盘
10:38:38,1099.71,0.0,8,879768,卖盘
10:38:41,1099.2,-0.51,79,8687131,卖盘
10:38:44,1099.18,-0.02,1,109918,卖盘
10:38:47,1099.71,0.53,24,2639077,买盘
10:38:50,1099.72,0.01,1,109972,卖盘
10:38:53,1099.72,0.0,4,439802,买盘
10:38:59,1099.66,-0.06,1,109966,中性盘
10:39:03,1098.98,-0.68,27,2968688,卖盘
10:39:05,1098.98,0.0,3,329684,买盘
10:39:09,1098.98,0.0,5,549490,买盘
10:39:14,1098.98,0.0,3,329698,卖盘
10:39:17,1098.88,-0.1,4,439537,中性盘
10:39:20,1099.59,0.71,5,549563,买盘
10:39:23,1098.83,-0.76,3,329649,买盘
10:39:29,1098.83,0.0,1,109883,买盘
10:39:32,1098.51,-0.32,2,219703,卖盘
10:39:35,1098.5,-0.01,7,769148,卖盘
10:39:38,1098.51,0.01,2,219702,买盘
10:39:39,1098.51,0.0,3,329553,买盘
10:39:44,1098.51,0.0,2,219702,卖盘
10:39:47,1098.5,-0.01,23,2526588,卖盘
10:39:53,1098.83,0.33,1,109883,买盘
10:39:56,1098.51,-0.32,1,109851,买盘
10:39:59,1098.5,-0.01,3,329550,卖盘
10:40:03,1098.78,0.28,8,878889,买盘
10:40:05,1098.51,-0.27,6,659234,卖盘
10:40:08,1098.51,0.0,5,549383,卖盘
10:40:11,1099.0,0.49,3,329688,买盘
10:40:14,1098.83,-0.17,3,329649,卖盘
10:40:17,1099.0,0.17,2,219800,买盘
10:40:20,1099.0,0.0,2,219800,买盘
10:40:23,1099.55,0.55,13,1428619,买盘
10:40:24,1098.83,-0.72,7,769186,卖盘
10:40:32,1099.0,0.17,2,219783,中性盘
10:40:33,1098.83,-0.17,3,329720,卖盘
10:40:39,1098.83,0.0,9,989465,中性盘
10:40:41,1099.49,0.66,4,439747,中性盘
10:40:47,1099.49,0.0,2,219901,中性盘
10:40:50,1099.49,0.0,2,219899,卖盘
10:40:53,1098.9,-0.59,10,1099437,卖盘
10:40:54,1099.95,1.05,52,5718699,买盘
10:41:00,1099.5,-0.45,1,109950,卖盘
10:41:03,1099.95,0.45,3,235389,买盘
10:41:05,1099.95,0.0,6,659759,买盘
10:41:06,1099.95,0.0,87,9664388,卖盘
10:41:10,1099.95,0.0,35,3755094,买盘
10:41:14,1099.99,0.04,7,769970,买盘
10:41:15,1099.99,0.0,6,659977,中性盘
10:41:20,1100.0,0.01,49,5389999,买盘
10:41:23,1100.0,0.0,22,2419981,买盘
10:41:24,1100.0,0.0,4,439994,买盘
10:41:29,1099.99,-0.01,3,329997,中性盘
10:41:32,1099.99,0.0,15,1649998,买盘
10:41:35,1100.0,0.01,8,879991,买盘
10:41:38,1100.0,0.0,8,879995,买盘
10:41:41,1100.0,0.0,5,549994,买盘
10:41:47,1099.99,-0.01,28,3079990,买盘
10:41:50,1099.99,0.0,2,219998,买盘
10:41:53,1100.0,0.01,3,330000,买盘
10:41:55,1100.0,0.0,7,770000,买盘
10:41:59,1099.96,-0.04,7,769978,卖盘
10:42:02,1100.0,0.04,36,3959980,买盘
10:42:03,1099.99,-0.01,6,659989,中性盘
10:42:08,1100.0,0.01,50,5499998,买盘
10:42:14,1099.99,-0.01,1,109999,中性盘
10:42:17,1100.0,0.01,5,549992,买盘
10:42:20,1099.97,-0.03,33,3629992,卖盘
10:42:23,1100.0,0.03,3,329998,买盘
10:42:26,1099.99,-0.01,3,329997,买盘
10:42:29,1099.97,-0.02,3,329995,卖盘
10:42:32,1099.99,0.02,9,989989,买盘
10:42:35,1099.95,-0.04,22,2514538,卖盘
10:42:38,1099.97,0.02,8,879967,买盘
10:42:41,1099.51,-0.46,29,3189482,卖盘
10:42:44,1099.51,0.0,4,439804,卖盘
10:42:47,1099.51,0.0,7,769702,买盘
10:42:48,1099.99,0.48,12,1319976,买盘
10:42:53,1099.99,0.0,1,71500,卖盘
10:42:54,1100.0,0.01,6,698413,买盘
10:42:59,1100.0,0.0,11,1209994,买盘
10:43:02,1099.51,-0.49,10,1099648,卖盘
10:43:08,1099.99,0.48,2,219950,买盘
10:43:11,1099.99,0.0,1,109999,买盘
10:43:14,1099.99,0.0,14,1539939,买盘
10:43:17,1099.51,-0.48,7,769696,卖盘
10:43:20,1099.52,0.01,2,219904,卖盘
10:43:26,1099.98,0.46,12,1319965,买盘
10:43:29,1099.91,-0.07,2,219989,卖盘
10:43:32,1099.9,-0.01,3,329970,卖盘
10:43:38,1099.9,0.0,5,549950,买盘
10:43:41,1099.55,-0.35,206,22659861,卖盘
10:43:47,1099.9,0.35,2,219980,卖盘
10:43:50,1099.9,0.0,1,109990,买盘
10:43:53,1099.55,-0.35,15,1649500,卖盘
10:43:56,1099.55,0.0,2,219910,卖盘
10:43:58,1099.9,0.35,1,109990,买盘
10:44:02,1099.6,-0.3,2,219950,中性盘
10:44:03,1099.9,0.3,3,329970,卖盘
10:44:08,1099.94,0.04,3,329977,买盘
10:44:11,1099.52,-0.42,11,1209901,卖盘
10:44:14,1099.98,0.46,5,549982,买盘
10:44:17,1100.0,0.02,51,5609960,买盘
10:44:20,1099.93,-0.07,101,11109993,中性盘
10:44:21,1100.0,0.07,10,1100000,买盘
10:44:26,1099.9,-0.1,8,879982,卖盘
10:44:29,1099.9,0.0,6,659980,卖盘
10:44:33,1100.0,0.1,15,1649983,买盘
10:44:36,1100.0,0.0,2,220000,买盘
10:44:38,1099.9,-0.1,9,989930,卖盘
10:44:41,1100.0,0.1,12,1319893,买盘
10:44:44,1100.01,0.01,18,1941465,买盘
10:44:47,1099.9,-0.11,21,2309997,卖盘
10:44:50,1099.9,0.0,5,549980,卖盘
10:44:53,1100.0,0.1,11,1210000,买盘
10:44:56,1100.0,0.0,1,110000,买盘
10:44:58,1100.0,0.0,3,329980,买盘
10:45:02,1099.9,-0.1,29,3189990,卖盘
10:45:05,1100.0,0.1,5,549990,买盘
10:45:08,1099.53,-0.47,20,2199776,卖盘
10:45:11,1099.94,0.41,2,219993,买盘
10:45:17,1099.53,-0.41,2,219952,卖盘
10:45:20,1099.99,0.46,7,769901,买盘
10:45:23,1099.53,-0.46,5,549835,卖盘
10:45:26,1099.53,0.0,2,219906,卖盘
10:45:29,1099.88,0.35,7,769906,买盘
10:45:32,1099.54,-0.34,6,659724,卖盘
10:45:35,1100.0,0.46,19,2089797,买盘
10:45:36,1099.99,-0.01,1,109999,卖盘
10:45:39,1099.99,0.0,1,109999,卖盘
10:45:44,1099.99,0.0,11,1209993,卖盘
10:45:47,1099.99,0.0,12,1319992,卖盘
10:45:50,1099.99,0.0,4,439974,买盘
10:45:53,1100.0,0.01,92,10119890,买盘
10:45:56,1099.99,-0.01,7,769993,卖盘
10:45:59,1099.99,0.0,4,439996,卖盘
10:46:02,1099.88,-0.11,13,1429877,卖盘
10:46:05,1099.88,0.0,1,109988,买盘
10:46:08,1099.6,-0.28,1,109960,卖盘
10:46:11,1099.6,0.0,29,3189725,买盘
10:46:17,1099.55,-0.05,2,219935,卖盘
10:46:20,1099.55,0.0,3,329865,卖盘
10:46:23,1099.8,0.25,3,329890,买盘
10:46:24,1099.56,-0.24,2,219912,卖盘
10:46:29,1099.8,0.24,6,659920,卖盘
10:46:35,1099.98,0.18,4,439982,买盘
10:46:36,1099.88,-0.1,52,5675867,卖盘
10:46:41,1099.88,0.0,2,263972,卖盘
10:46:44,1099.56,-0.32,10,1099901,卖盘
10:46:47,1099.56,0.0,1,109956,卖盘
10:46:50,1099.88,0.32,2,219944,买盘
10:46:53,1099.56,-0.32,8,879648,卖盘
10:46:56,1099.88,0.32,10,1099840,买盘
10:47:00,1099.88,0.0,4,439952,买盘
10:47:08,1099.86,-0.02,1,109986,买盘
10:47:11,1099.53,-0.33,1,109953,卖盘
10:47:14,1099.66,0.13,2,219919,中性盘
10:47:17,1099.66,0.0,5,549778,买盘
10:47:20,1099.55,-0.11,2,219921,中性盘
10:47:23,1099.66,0.11,2,219919,买盘
10:47:26,1099.53,-0.13,9,989590,卖盘
10:47:28,1099.66,0.13,3,329885,买盘
10:47:32,1099.53,-0.13,1,109953,卖盘
10:47:33,1099.53,0.0,4,439813,卖盘
10:47:38,1099.53,0.0,5,549765,卖盘
10:47:41,1099.53,0.0,7,769684,卖盘
10:47:44,1099.53,0.0,3,346350,买盘
10:47:47,1099.5,-0.03,2,241896,卖盘
10:47:53,1099.0,-0.5,2,219800,卖盘
10:47:56,1099.0,0.0,4,439703,卖盘
10:47:59,1099.0,0.0,6,659400,卖盘
10:48:02,1099.5,0.5,4,439750,买盘
10:48:05,1099.0,-0.5,2,219801,卖盘
10:48:08,1099.0,0.0,4,439600,卖盘
10:48:11,1099.0,0.0,1,109900,卖盘
10:48:17,1099.0,0.0,15,1648642,卖盘
10:48:20,1099.0,0.0,2,219801,卖盘
10:48:23,1099.0,0.0,1,109900,卖盘
10:48:29,1099.01,0.01,4,439603,卖盘
10:48:35,1099.0,-0.01,3,329702,卖盘
10:48:38,1099.5,0.5,1,109950,买盘
10:48:39,1099.0,-0.5,3,329701,卖盘
10:48:44,1099.0,0.0,1,109900,卖盘
10:48:47,1099.0,0.0,7,769390,卖盘
10:48:53,1099.45,0.45,4,439721,买盘
10:48:56,1099.0,-0.45,4,439639,卖盘
10:48:58,1099.0,0.0,1,109900,卖盘
10:49:00,1099.47,0.47,3,329841,买盘
10:49:03,1099.0,-0.47,4,439600,卖盘
10:49:08,1099.01,0.01,6,659442,中性盘
10:49:11,1099.01,0.0,2,219802,卖盘
10:49:14,1099.0,-0.01,10,1099046,卖盘
10:49:20,1099.0,0.0,1,109900,卖盘
10:49:23,1099.0,0.0,2,219838,卖盘
10:49:29,1099.0,0.0,4,439638,卖盘
10:49:32,1099.02,0.02,4,439602,中性盘
10:49:35,1099.0,-0.02,2,219800,卖盘
10:49:38,1099.0,0.0,1,109900,卖盘
10:49:39,1099.0,0.0,2,219800,卖盘
10:49:44,1099.0,0.0,4,439600,卖盘
10:49:47,1099.3,0.3,3,329730,买盘
10:49:50,1098.51,-0.79,13,1428563,卖盘
10:49:53,1098.51,0.0,1,109851,卖盘
10:49:56,1099.0,0.49,5,549500,买盘
10:50:02,1099.0,0.0,6,659349,买盘
10:50:05,1099.0,0.0,5,549304,买盘
10:50:08,1098.51,-0.49,1,109851,卖盘
10:50:10,1098.51,0.0,1,109851,买盘
10:50:14,1098.51,0.0,1,109851,卖盘
10:50:20,1098.5,-0.01,11,1208406,卖盘
10:50:21,1098.51,0.01,1,109851,中性盘
10:50:26,1098.51,0.0,1,109851,买盘
10:50:29,1098.51,0.0,3,329551,买盘
10:50:30,1098.5,-0.01,1,109850,卖盘
10:50:33,1098.5,0.0,3,329550,卖盘
10:50:38,1098.5,0.0,4,439400,卖盘
10:50:41,1098.5,0.0,3,329550,卖盘
10:50:44,1098.5,0.0,3,329550,卖盘
10:50:47,1098.5,0.0,3,329550,卖盘
10:50:50,1098.5,0.0,8,878801,卖盘
10:50:53,1098.5,0.0,2,219700,卖盘
10:50:56,1098.5,0.0,33,3625050,卖盘
10:50:59,1098.38,-0.12,4,439352,卖盘
10:51:00,1098.5,0.12,3,329550,买盘
10:51:08,1098.5,0.0,11,1208326,买盘
10:51:11,1098.02,-0.48,1,109802,卖盘
10:51:13,1098.02,0.0,3,329406,卖盘
10:51:17,1098.02,0.0,1,109802,卖盘
10:51:20,1098.02,0.0,2,219604,卖盘
10:51:23,1098.5,0.48,37,4064329,买盘
10:51:26,1098.5,0.0,16,1757614,卖盘
10:51:29,1098.51,0.01,4,439404,买盘
10:51:32,1098.53,0.02,1,109853,卖盘
10:51:35,1098.51,-0.02,2,219704,卖盘
10:51:38,1098.51,0.0,14,1538277,卖盘
10:51:40,1098.51,0.0,1,109851,卖盘
10:51:44,1098.52,0.01,18,1977321,买盘
10:51:47,1098.51,-0.01,2,219703,卖盘
10:51:50,1098.52,0.01,6,659107,中性盘
10:51:53,1098.9,0.38,1,109890,买盘
10:51:56,1098.52,-0.38,3,329556,卖盘
10:51:59,1098.52,0.0,2,219704,卖盘
10:52:02,1098.52,0.0,5,549371,卖盘
10:52:05,1098.9,0.38,11,1208580,买盘
10:52:08,1098.51,-0.39,7,706594,卖盘
10:52:11,1098.51,0.0,2,219703,卖盘
10:52:14,1098.51,0.0,6,659106,卖盘
10:52:20,1098.52,0.01,4,439445,卖盘
10:52:21,1098.52,0.0,3,329556,卖盘
10:52:29,1098.52,0.0,3,329632,卖盘
10:52:32,1098.52,0.0,3,329556,卖盘
10:52:35,1098.9,0.38,12,1318680,买盘
10:52:41,1098.52,-0.38,1,109852,卖盘
10:52:44,1098.51,-0.01,7,768958,卖盘
10:52:47,1098.52,0.01,5,549259,买盘
10:52:50,1098.51,-0.01,6,659106,卖盘
10:52:51,1098.52,0.01,4,439408,买盘
10:52:54,1098.51,-0.01,4,439405,卖盘
10:52:58,1098.52,0.01,2,219704,买盘
10:53:02,1098.51,-0.01,6,659109,卖盘
10:53:05,1098.89,0.38,4,439482,买盘
10:53:08,1098.89,0.0,3,329668,卖盘
10:53:11,1098.91,0.02,3,329675,中性盘
10:53:14,1098.8,-0.11,9,988975,卖盘
10:53:17,1098.79,-0.01,1,109879,中性盘
10:53:20,1098.51,-0.28,2,219703,卖盘
10:53:23,1098.8,0.29,4,439515,买盘
10:53:26,1098.89,0.09,5,549351,买盘
10:53:32,1098.9,0.01,11,1208743,买盘
10:53:35,1098.8,-0.1,13,1428559,中性盘
10:53:38,1098.52,-0.28,3,329556,卖盘
10:53:41,1098.88,0.36,3,329593,买盘
10:53:44,1098.52,-0.36,2,219704,卖盘
10:53:46,1098.88,0.36,3,329628,买盘
10:53:48,1098.52,-0.36,4,439406,中性盘
10:53:53,1098.52,0.0,6,659219,买盘
10:53:55,1098.51,-0.01,2,219702,卖盘
10:53:59,1098.51,0.0,1,109851,卖盘
10:54:02,1098.88,0.37,23,2526978,买盘
10:54:05,1098.5,-0.38,1,109850,卖盘
10:54:08,1098.85,0.35,1,109885,买盘
10:54:11,1098.5,-0.35,3,329551,卖盘
10:54:13,1098.51,0.01,26,2856147,买盘
10:54:17,1098.02,-0.49,2,240535,买盘
10:54:20,1098.02,0.0,1,95528,卖盘
10:54:23,1098.02,0.0,10,1098020,卖盘
10:54:26,1098.8,0.78,5,549135,买盘
10:54:29,1098.02,-0.78,9,988219,卖盘
10:54:32,1098.84,0.82,15,1648003,买盘
10:54:35,1098.87,0.03,10,1098853,买盘
10:54:38,1098.02,-0.85,1,109802,卖盘
10:54:41,1098.02,0.0,2,219605,卖盘
10:54:44,1098.02,0.0,1,109802,卖盘
10:54:47,1098.02,0.0,1,109802,卖盘
10:54:50,1098.78,0.76,18,1976587,买盘
10:54:53,1098.0,-0.78,19,2086200,卖盘
10:54:56,1098.0,0.0,13,1427400,买盘
10:54:59,1098.0,0.0,7,768604,卖盘
10:55:02,1098.0,0.0,15,1647004,买盘
10:55:05,1098.0,0.0,4,439200,卖盘
10:55:08,1098.0,0.0,7,768600,卖盘
10:55:11,1098.0,0.0,14,1537200,卖盘
10:55:14,1098.0,0.0,1,109800,买盘
10:55:17,1097.99,-0.01,1,109799,中性盘
10:55:20,1097.6,-0.39,2,219520,卖盘
10:55:23,1097.99,0.39,3,329358,买盘
10:55:26,1097.84,-0.15,1,92218,中性盘
10:55:29,1098.0,0.16,15,1646950,买盘
10:55:35,1097.8,-0.2,6,658615,卖盘
10:55:36,1097.8,0.0,2,219560,卖盘
10:55:41,1097.8,0.0,9,988049,卖盘
10:55:44,1097.8,0.0,4,439121,卖盘
10:55:47,1097.8,0.0,3,329296,中性盘
10:55:50,1097.84,0.04,6,658705,卖盘
10:55:53,1097.88,0.04,17,1866395,买盘
10:55:56,1097.84,-0.04,3,329353,卖盘
10:55:59,1097.9,0.06,15,1646953,买盘
10:56:02,1097.9,0.0,18,1976260,卖盘
10:56:05,1097.91,0.01,1,109791,买盘
10:56:08,1097.91,0.0,3,329372,买盘
10:56:11,1097.91,0.0,2,219581,中性盘
10:56:14,1097.9,-0.01,7,768552,卖盘
10:56:17,1097.9,0.0,5,548971,卖盘
10:56:20,1097.99,0.09,3,329394,买盘
10:56:21,1097.9,-0.09,3,329371,卖盘
10:56:26,1097.84,-0.06,3,329360,卖盘
10:56:29,1098.0,0.16,11,1207776,买盘
10:56:32,1098.0,0.0,3,329400,买盘
10:56:35,1097.99,-0.01,28,3074210,卖盘
10:56:38,1098.0,0.01,2,219589,中性盘
10:56:39,1097.95,-0.05,14,1537091,中性盘
10:56:44,1098.1,0.15,19,2086225,买盘
10:56:47,1098.46,0.36,24,2635776,买盘
10:56:48,1098.47,0.01,8,878772,买盘
10:56:51,1098.49,0.02,8,878778,买盘
10:56:56,1098.5,0.01,12,1318199,买盘
10:56:59,1098.6,0.1,5,549270,买盘
10:57:00,1098.77,0.17,3,329597,买盘
10:57:05,1098.77,0.0,7,769145,卖盘
10:57:08,1098.8,0.03,5,549396,买盘
10:57:11,1098.84,0.04,7,769174,买盘
10:57:14,1098.85,0.01,4,439537,买盘
10:57:17,1098.88,0.03,14,1538405,买盘
10:57:20,1098.89,0.01,8,879112,买盘
10:57:23,1099.0,0.11,45,4945456,买盘
10:57:26,1099.25,0.25,3,329729,买盘
10:57:29,1099.03,-0.22,16,1758657,卖盘
10:57:32,1099.98,0.95,75,8246907,买盘
10:57:35,1099.99,0.01,22,2419971,买盘
10:57:38,1099.99,0.0,15,1649985,买盘
10:57:41,1099.98,-0.01,6,659992,卖盘
10:57:44,1099.98,0.0,1,109998,卖盘
10:57:47,1099.99,0.01,8,879992,买盘
10:57:50,1099.98,-0.01,71,7809994,卖盘
10:57:53,1099.99,0.01,36,3959999,中性盘
10:57:56,1100.0,0.01,25,2749993,买盘
10:57:59,1099.99,-0.01,5,549998,卖盘
10:58:02,1099.99,0.0,6,659993,买盘
10:58:05,1099.99,0.0,4,439996,买盘
10:58:08,1099.99,0.0,20,2199977,买盘
10:58:11,1099.98,-0.01,5,549992,卖盘
10:58:14,1099.9,-0.08,9,989814,卖盘
10:58:17,1099.3,-0.6,2,219838,买盘
10:58:20,1099.3,0.0,1,109930,卖盘
10:58:23,1099.98,0.68,11,1209864,买盘
10:58:26,1099.31,-0.67,5,549915,卖盘
10:58:28,1099.96,0.65,4,439985,中性盘
10:58:30,1099.99,0.03,9,989980,买盘
10:58:35,1099.96,-0.03,4,439852,买盘
10:58:38,1099.99,0.03,3,329927,买盘
10:58:47,1099.95,-0.04,1,109995,中性盘
10:58:51,1099.98,0.03,12,1319935,买盘
10:58:56,1099.98,0.0,25,2749927,买盘
10:58:58,1099.99,0.01,23,2529968,买盘
10:59:00,1099.3,-0.69,10,1099908,卖盘
10:59:05,1099.94,0.64,1,109994,中性盘
10:59:08,1099.97,0.03,5,549784,买盘
10:59:11,1099.97,0.0,2,219992,买盘
10:59:14,1099.97,0.0,5,549850,买盘
10:59:17,1099.97,0.0,2,219994,买盘
10:59:20,1099.97,0.0,2,219994,买盘
10:59:23,1099.97,0.0,13,1429899,买盘
10:59:26,1099.97,0.0,3,329991,卖盘
10:59:29,1099.97,0.0,14,1539962,卖盘
10:59:32,1099.31,-0.66,14,1517648,卖盘
10:59:35,1099.97,0.66,1,109997,买盘
10:59:40,1099.97,0.0,6,659982,买盘
10:59:44,1099.98,0.01,3,329992,买盘
10:59:47,1099.97,-0.01,6,659984,卖盘
10:59:50,1099.97,0.0,12,1319965,卖盘
10:59:53,1099.98,0.01,5,549989,买盘
10:59:56,1099.98,0.0,5,549987,买盘
10:59:59,1099.97,-0.01,4,439861,中性盘
11:00:02,1099.97,0.0,3,329991,买盘
11:00:05,1099.97,0.0,1,109997,买盘
11:00:08,1099.97,0.0,2,219994,买盘
11:00:11,1099.96,-0.01,1,109996,买盘
11:00:14,1099.96,0.0,6,659723,买盘
11:00:18,1099.95,-0.01,2,219990,买盘
11:00:23,1099.33,-0.62,2,219866,卖盘
11:00:26,1099.33,0.0,46,5059715,卖盘
11:00:29,1099.96,0.63,5,549850,买盘
11:00:32,1099.94,-0.02,2,219990,中性盘
11:00:35,1099.33,-0.61,2,219927,卖盘
11:00:38,1099.33,0.0,1,109933,卖盘
11:00:41,1099.94,0.61,7,769714,买盘
11:00:44,1099.33,-0.61,2,219923,卖盘
11:00:47,1099.87,0.54,2,219977,中性盘
11:00:48,1099.96,0.09,7,769904,买盘
11:00:53,1099.94,-0.02,4,439919,中性盘
11:00:56,1099.93,-0.01,2,219986,买盘
11:01:02,1099.33,-0.6,5,549844,卖盘
11:01:05,1099.33,0.0,2,219866,卖盘
11:01:08,1099.3,-0.03,5,549650,买盘
11:01:14,1099.33,0.03,5,549665,买盘
11:01:17,1099.33,0.0,4,439852,卖盘
11:01:18,1099.95,0.62,8,879945,买盘
11:01:23,1099.31,-0.64,2,219862,卖盘
11:01:26,1099.94,0.63,2,219988,卖盘
11:01:28,1099.31,-0.63,4,439851,卖盘
11:01:30,1099.94,0.63,3,351910,买盘
11:01:35,1099.9,-0.04,1,109990,买盘
11:01:38,1099.9,0.0,3,329852,买盘
11:01:41,1099.91,0.01,1,109991,中性盘
11:01:44,1099.9,-0.01,3,329909,买盘
11:01:48,1099.9,0.0,2,219980,买盘
11:01:53,1099.89,-0.01,1,109989,买盘
11:01:56,1099.3,-0.59,9,989311,卖盘
11:01:59,1099.08,-0.22,2,219817,卖盘
11:02:02,1099.3,0.22,10,1099208,买盘
11:02:05,1099.22,-0.08,1,109922,中性盘
11:02:08,1099.29,0.07,8,879433,买盘
11:02:11,1099.3,0.01,5,549813,买盘
11:02:17,1099.8,0.5,2,219916,买盘
11:02:20,1099.8,0.0,1,109980,买盘
11:02:23,1099.3,-0.5,4,439776,卖盘
11:02:24,1099.8,0.5,7,769860,买盘
11:02:28,1099.87,0.07,9,989869,买盘
11:02:32,1099.88,0.01,8,879899,买盘
11:02:35,1099.9,0.02,26,2859727,买盘
11:02:38,1099.9,0.0,10,1099898,买盘
11:02:41,1099.94,0.04,10,1077929,买盘
11:02:44,1099.95,0.01,17,1869906,买盘
11:02:47,1099.97,0.02,8,879964,买盘
11:02:50,1099.99,0.02,59,6489864,买盘
11:02:53,1099.99,0.0,40,4399961,买盘
11:02:54,1100.0,0.01,90,9899984,买盘
11:02:59,1100.0,0.0,37,4069993,买盘
11:03:02,1099.97,-0.03,59,6489890,卖盘
11:03:05,1099.98,0.01,6,659986,买盘
11:03:08,1099.98,0.0,3,329994,买盘
11:03:11,1099.98,0.0,4,439990,买盘
11:03:13,1099.96,-0.02,11,1209973,卖盘
11:03:17,1099.98,0.02,3,329994,买盘
11:03:20,1099.98,0.0,12,1319987,中性盘
11:03:23,1099.9,-0.08,14,1539949,卖盘
11:03:26,1099.96,0.06,2,219992,买盘
11:03:29,1100.0,0.04,54,5939896,买盘
11:03:32,1099.99,-0.01,13,1429902,中性盘
11:03:35,1100.0,0.01,13,1430000,买盘
11:03:38,1100.0,0.0,56,6159984,买盘
11:03:41,1100.0,0.0,17,1869999,买盘
11:03:44,1100.0,0.0,18,1979991,买盘
11:03:47,1100.0,0.0,7,839294,买盘
11:03:50,1100.0,0.0,8,880000,买盘
11:03:51,1100.0,0.0,26,2859995,买盘
11:03:56,1100.0,0.0,6,659995,买盘
11:03:59,1099.97,-0.03,12,1319973,卖盘
11:04:02,1099.97,0.0,14,1539958,买盘
11:04:05,1099.97,0.0,9,989974,买盘
11:04:08,1099.97,0.0,4,439988,买盘
11:04:11,1100.0,0.03,15,1649993,买盘
11:04:14,1099.99,-0.01,27,2969983,卖盘
11:04:17,1100.0,0.01,104,11395973,买盘
11:04:20,1100.0,0.0,13,1430011,卖盘
11:04:23,1099.99,-0.01,27,3013995,卖盘
11:04:26,1100.0,0.01,35,3805967,买盘
11:04:29,1100.01,0.01,5,550002,买盘
11:04:32,1100.01,0.0,10,1100009,买盘
11:04:35,1100.01,0.0,7,770004,买盘
11:04:38,1099.97,-0.04,37,4113999,卖盘
11:04:41,1100.0,0.03,8,880000,买盘
11:04:47,1100.0,0.0,4,439999,买盘
11:04:50,1100.0,0.0,11,1210000,买盘
11:04:54,1100.0,0.0,103,11330055,买盘
11:04:59,1100.0,0.0,8,880002,卖盘
11:05:02,1100.0,0.0,10,1056006,卖盘
11:05:05,1100.05,0.05,2,220010,买盘
11:05:08,1100.0,-0.05,6,660000,卖盘
11:05:11,1100.0,0.0,4,439998,买盘
11:05:14,1100.0,0.0,12,1320000,买盘
11:05:16,1100.05,0.05,2,220005,买盘
11:05:20,1099.99,-0.06,24,2639998,卖盘
11:05:23,1099.99,0.0,4,439996,买盘
11:05:26,1099.99,0.0,1,109999,买盘
11:05:32,1100.0,0.01,12,1319998,买盘
11:05:35,1100.0,0.0,1,110000,卖盘
11:05:38,1099.99,-0.01,3,329998,卖盘
11:05:40,1099.99,0.0,2,219999,卖盘
11:05:47,1100.0,0.01,5,549996,买盘
11:05:50,1100.0,0.0,18,1980000,买盘
11:05:53,1099.99,-0.01,3,329999,卖盘
11:05:54,1100.0,0.01,8,879997,买盘
11:05:58,1099.99,-0.01,1,109999,卖盘
11:06:02,1100.0,0.01,4,439999,买盘
11:06:05,1100.0,0.0,5,549999,买盘
11:06:08,1099.99,-0.01,6,659995,卖盘
11:06:11,1099.99,0.0,1,109999,买盘
11:06:14,1099.99,0.0,35,3849974,买盘
11:06:17,1100.0,0.01,7,769997,买盘
11:06:18,1100.0,0.0,3,329999,买盘
11:06:23,1099.99,-0.01,3,329997,卖盘
11:06:26,1099.99,0.0,1,109999,买盘
11:06:29,1099.97,-0.02,5,549993,卖盘
11:06:32,1100.0,0.03,1,110000,买盘
11:06:35,1099.96,-0.04,3,329989,卖盘
11:06:38,1099.99,0.03,1,109999,买盘
11:06:41,1100.0,0.01,31,3409995,买盘
11:06:47,1099.99,-0.01,20,2199998,卖盘
11:06:50,1099.96,-0.03,12,1319988,卖盘
11:06:53,1099.99,0.03,4,439998,买盘
11:06:56,1100.0,0.01,4,439994,买盘
11:07:02,1099.99,-0.01,4,439996,中性盘
11:07:05,1099.99,0.0,2,219997,买盘
11:07:08,1099.98,-0.01,1,109998,卖盘
11:07:13,1099.99,0.01,3,329997,买盘
11:07:17,1099.98,-0.01,2,219997,卖盘
11:07:18,1099.98,0.0,3,329994,卖盘
11:07:23,1099.98,0.0,2,219997,卖盘
11:07:26,1099.99,0.01,7,769991,买盘
11:07:29,1099.99,0.0,1,109999,买盘
11:07:31,1099.98,-0.01,1,109998,卖盘
11:07:35,1099.99,0.01,1,109999,买盘
11:07:38,1100.0,0.01,18,1979993,买盘
11:07:41,1100.0,0.0,12,1320000,买盘
11:07:44,1100.0,0.0,3,329996,买盘
11:07:47,1099.99,-0.01,1,109999,中性盘
11:07:50,1099.98,-0.01,5,549990,卖盘
11:07:56,1100.0,0.02,14,1540000,买盘
11:07:59,1100.0,0.0,4,439999,买盘
11:08:02,1100.0,0.0,14,1539972,买盘
11:08:08,1100.0,0.0,5,549993,买盘
11:08:11,1099.99,-0.01,3,329999,中性盘
11:08:14,1100.0,0.01,1,110000,买盘
11:08:17,1099.99,-0.01,2,219998,卖盘
11:08:23,1099.99,0.0,2,219998,卖盘
11:08:26,1099.99,0.0,4,439998,卖盘
11:08:29,1100.0,0.01,8,879997,买盘
11:08:30,1100.0,0.0,5,550000,买盘
11:08:33,1100.0,0.0,20,2199988,买盘
11:08:38,1100.0,0.0,1,110000,买盘
11:08:41,1100.0,0.0,2,219999,买盘
11:08:43,1100.0,0.0,8,879996,买盘
11:08:47,1099.8,-0.2,27,2969803,卖盘
11:08:50,1099.8,0.0,8,879840,买盘
11:08:53,1099.3,-0.5,1,109930,卖盘
11:08:56,1099.3,0.0,1,109930,中性盘
11:09:02,1099.11,-0.19,5,549747,卖盘
11:09:05,1099.75,0.64,2,219886,买盘
11:09:11,1099.11,-0.64,3,329733,卖盘
11:09:14,1099.11,0.0,41,4505991,中性盘
11:09:17,1099.06,-0.05,6,659441,中性盘
11:09:20,1099.11,0.05,6,659466,买盘
11:09:22,1099.12,0.01,4,439834,卖盘
11:09:26,1099.11,-0.01,3,329734,中性盘
11:09:29,1099.11,0.0,6,659466,卖盘
11:09:32,1099.03,-0.08,5,549513,中性盘
11:09:35,1099.75,0.72,3,329851,买盘
11:09:38,1099.75,0.0,11,1208975,买盘
11:09:44,1099.18,-0.57,1,109918,卖盘
11:09:47,1099.8,0.62,30,3299257,买盘
11:09:53,1099.8,0.0,30,3299185,买盘
11:09:56,1099.8,0.0,2,219917,买盘
11:09:59,1099.8,0.0,5,559517,买盘
11:10:02,1099.99,0.19,37,4069384,买盘
11:10:05,1100.0,0.01,34,3739973,买盘
11:10:08,1100.0,0.0,1,110000,买盘
11:10:11,1100.0,0.0,5,549818,买盘
11:10:14,1099.8,-0.2,1,109980,中性盘
11:10:17,1099.18,-0.62,5,549613,卖盘
11:10:20,1099.41,0.23,1,109941,卖盘
11:10:26,1099.8,0.39,1,109980,买盘
11:10:29,1099.8,0.0,1,109980,买盘
11:10:32,1099.8,0.0,7,769710,买盘
11:10:41,1100.0,0.2,45,4949978,买盘
11:10:44,1100.0,0.0,61,6709997,买盘
11:10:46,1100.01,0.01,25,2750024,买盘
11:10:50,1100.02,0.01,51,5610098,买盘
11:10:51,1100.05,0.03,21,2310084,买盘
11:10:56,1100.06,0.01,39,4290134,买盘
11:10:59,1100.09,0.03,19,2090156,买盘
11:11:02,1100.1,0.01,65,7150647,买盘
11:11:05,1100.19,0.09,23,2530310,买盘
11:11:08,1100.28,0.09,20,2200465,买盘
11:11:11,1100.3,0.02,10,1100296,买盘
11:11:14,1100.2,-0.1,20,2200423,卖盘
11:11:16,1100.09,-0.11,6,660054,卖盘
11:11:20,1100.1,0.01,3,330030,买盘
11:11:23,1100.2,0.1,3,330060,买盘
11:11:26,1100.1,-0.1,4,440036,中性盘
11:11:29,1100.11,0.01,17,1870337,中性盘
11:11:30,1100.3,0.19,21,2310546,买盘
11:11:35,1100.3,0.0,7,770210,买盘
11:11:38,1100.3,0.0,5,550148,买盘
11:11:41,1100.3,0.0,2,220060,买盘
11:11:44,1100.09,-0.21,2,220039,中性盘
11:11:45,1100.09,0.0,5,550045,买盘
11:11:50,1100.3,0.21,5,550129,买盘
11:11:53,1100.33,0.03,1,110033,买盘
11:11:56,1100.28,-0.05,2,220058,卖盘
11:11:59,1100.28,0.0,6,660168,买盘
11:12:02,1100.34,0.06,13,1430417,买盘
11:12:03,1100.28,-0.06,25,2750516,卖盘
11:12:06,1100.34,0.06,8,880236,买盘
11:12:11,1100.28,-0.06,3,330089,卖盘
11:12:14,1100.1,-0.18,1,110010,卖盘
11:12:17,1100.28,0.18,4,440112,买盘
11:12:20,1100.0,-0.28,38,4180558,卖盘
11:12:23,1100.3,0.3,3,330090,买盘
11:12:26,1100.3,0.0,2,220060,买盘
11:12:29,1100.28,-0.02,4,440065,买盘
11:12:35,1100.33,0.05,20,2254509,买盘
11:12:38,1100.0,-0.33,12,1320084,买盘
11:12:44,1100.29,0.29,1,110029,中性盘
11:12:47,1100.08,-0.21,1,110008,卖盘
11:12:50,1100.01,-0.07,5,550026,卖盘
11:12:53,1100.01,0.0,3,330001,买盘
11:12:56,1100.0,-0.01,2,220001,卖盘
11:12:59,1100.28,0.28,11,1210028,买盘
11:13:00,1100.28,0.0,3,330084,买盘
11:13:05,1100.29,0.01,5,550114,买盘
11:13:08,1100.01,-0.28,6,660060,卖盘
11:13:23,1100.2,0.19,51,5610809,买盘
11:13:25,1100.29,0.09,4,440097,买盘
11:13:29,1100.29,0.0,6,660132,买盘
11:13:32,1100.28,-0.01,2,220056,中性盘
11:13:35,1100.28,0.0,10,1100217,买盘
11:13:38,1100.28,0.0,4,440104,买盘
11:13:41,1100.28,0.0,2,220056,买盘
11:13:44,1100.27,-0.01,2,220055,中性盘
11:13:47,1100.28,0.01,4,440111,买盘
11:13:50,1100.28,0.0,3,330084,买盘
11:13:53,1100.3,0.02,9,990255,买盘
11:13:55,1100.27,-0.03,7,770205,卖盘
11:13:59,1100.3,0.03,1,110030,中性盘
11:14:00,1100.2,-0.1,28,3080647,卖盘
11:14:05,1100.2,0.0,11,1210220,买盘
11:14:11,1100.2,0.0,9,990180,买盘
11:14:14,1100.27,0.07,4,440083,买盘
11:14:18,1100.2,-0.07,2,220046,卖盘
11:14:21,1100.2,0.0,7,770140,卖盘
11:14:29,1100.26,0.06,108,11880521,买盘
11:14:32,1100.26,0.0,2,220052,卖盘
11:14:33,1100.2,-0.06,1,110020,卖盘
11:14:38,1100.0,-0.2,2,220000,卖盘
11:14:44,1100.0,0.0,5,550000,卖盘
11:14:47,1100.0,0.0,3,276100,卖盘
11:14:50,1099.97,-0.03,7,769979,卖盘
11:14:56,1099.78,-0.19,5,549901,卖盘
11:14:59,1099.91,0.13,10,1099845,买盘
11:15:02,1099.9,-0.01,3,329970,买盘
11:15:05,1099.87,-0.03,10,1099636,买盘
11:15:10,1099.87,0.0,2,219974,买盘
11:15:13,1099.3,-0.57,6,659865,中性盘
11:15:17,1099.09,-0.21,1,109909,卖盘
11:15:20,1099.87,0.78,3,340881,买盘
11:15:26,1099.87,0.0,1,109987,卖盘
11:15:29,1099.87,0.0,2,219975,卖盘
11:15:32,1099.87,0.0,16,1759792,卖盘
11:15:33,1100.0,0.13,20,2199969,买盘
11:15:38,1100.0,0.0,21,2309975,买盘
11:15:41,1099.88,-0.12,2,219988,中性盘
11:15:47,1099.87,-0.01,3,329962,卖盘
11:15:50,1100.0,0.13,3,330000,买盘
11:15:54,1100.0,0.0,6,660010,卖盘
11:15:59,1100.0,0.0,9,990003,卖盘
11:16:02,1100.0,0.0,6,660010,卖盘
11:16:05,1100.0,0.0,2,220000,卖盘
11:16:11,1100.0,0.0,1,110000,卖盘
11:16:14,1100.0,0.0,19,2048200,卖盘
11:16:17,1100.0,0.0,2,220000,买盘
11:16:20,1100.0,0.0,10,1100000,买盘
11:16:23,1100.0,0.0,8,921800,卖盘
11:16:26,1100.0,0.0,2,220000,卖盘
11:16:29,1100.05,0.05,26,2860072,买盘
11:16:32,1100.0,-0.05,3,330000,卖盘
11:16:35,1100.05,0.05,20,2200100,买盘
11:16:38,1100.05,0.0,20,2200100,买盘
11:16:41,1100.0,-0.05,2,196900,卖盘
11:16:44,1100.0,0.0,5,550020,卖盘
11:16:47,1100.05,0.05,20,2200080,买盘
11:16:50,1100.1,0.05,11,1210101,买盘
11:16:53,1100.0,-0.1,13,1430015,卖盘
11:16:54,1100.1,0.1,24,2640125,买盘
11:16:59,1100.08,-0.02,1,110008,中性盘
11:17:02,1100.05,-0.03,8,880049,卖盘
11:17:08,1100.1,0.05,9,971381,买盘
11:17:11,1100.1,0.0,4,440025,买盘
11:17:14,1100.0,-0.1,1,110000,中性盘
11:17:17,1100.05,0.05,2,220005,买盘
11:17:20,1100.05,0.0,1,110005,买盘
11:17:23,1100.05,0.0,2,220004,买盘
11:17:26,1100.01,-0.04,3,330001,中性盘
11:17:29,1100.0,-0.01,10,1100000,卖盘
11:17:30,1100.0,0.0,6,660000,卖盘
11:17:33,1100.05,0.05,19,2090005,买盘
11:17:38,1100.05,0.0,4,440015,买盘
11:17:41,1099.98,-0.07,6,659996,卖盘
11:17:47,1100.0,0.02,18,1979994,买盘
11:17:50,1100.05,0.05,37,4070330,买盘
11:17:53,1100.0,-0.05,2,220005,卖盘
11:17:56,1100.0,0.0,3,330009,卖盘
11:17:59,1100.1,0.1,7,770059,买盘
11:18:05,1100.0,-0.1,10,1081391,卖盘
11:18:08,1100.11,0.11,4,440044,买盘
11:18:14,1100.1,-0.01,2,220010,买盘
11:18:17,1100.0,-0.1,1,110000,卖盘
11:18:25,1100.01,0.01,17,1870135,卖盘
11:18:29,1100.1,0.09,45,4950424,买盘
11:18:32,1100.19,0.09,20,2200265,买盘
11:18:35,1100.01,-0.18,4,440023,卖盘
11:18:38,1100.02,0.01,23,2530406,卖盘
11:18:44,1100.2,0.18,1,110020,买盘
11:18:50,1100.01,-0.19,4,440004,卖盘
11:18:53,1100.2,0.19,25,2750033,买盘
11:18:59,1100.01,-0.19,1,110001,中性盘
11:19:02,1100.02,0.01,2,220004,买盘
11:19:05,1100.2,0.18,9,1008883,买盘
11:19:08,1100.2,0.0,3,330060,卖盘
11:19:11,1100.2,0.0,2,201337,卖盘
11:19:14,1100.02,-0.18,3,330006,卖盘
11:19:17,1100.02,0.0,2,220022,卖盘
11:19:26,1100.17,0.15,2,220035,中性盘
11:19:32,1100.02,-0.15,3,330006,卖盘
11:19:35,1100.18,0.16,32,3520036,买盘
11:19:36,1099.98,-0.2,1,109998,卖盘
11:19:47,1100.0,0.02,2,187000,卖盘
11:19:50,1100.0,0.0,1,110000,卖盘
11:19:53,1100.02,0.02,2,220002,买盘
11:19:59,1100.02,0.0,5,550008,买盘
11:20:01,1100.08,0.06,2,220016,买盘
11:20:06,1100.09,0.01,17,1870163,买盘
11:20:11,1100.1,0.01,20,2200200,买盘
11:20:14,1100.08,-0.02,6,660038,卖盘
11:20:17,1100.1,0.02,12,1320120,卖盘
11:20:19,1100.18,0.08,1,110018,买盘
11:20:23,1100.2,0.02,13,1430236,买盘
11:20:26,1100.2,0.0,18,1980328,买盘
11:20:29,1100.2,0.0,1,110020,买盘
11:20:32,1100.2,0.0,13,1430258,买盘
11:20:35,1100.2,0.0,1,110020,买盘
11:20:38,1100.23,0.03,17,1870337,买盘
11:20:40,1100.23,0.0,1,163929,卖盘
11:20:44,1100.23,0.0,6,678850,卖盘
11:20:47,1100.25,0.02,5,550125,中性盘
11:20:50,1100.18,-0.07,6,641424,卖盘
11:20:53,1100.18,0.0,1,110018,买盘
11:20:54,1100.23,0.05,20,2219090,买盘
11:20:59,1100.18,-0.05,4,440082,卖盘
11:21:01,1100.25,0.07,24,2640600,买盘
11:21:05,1100.25,0.0,4,440085,买盘
11:21:08,1100.27,0.02,16,1760426,买盘
11:21:11,1100.28,0.01,27,2970756,买盘
11:21:14,1100.29,0.01,11,1210319,买盘
11:21:17,1100.3,0.01,46,5061346,买盘
11:21:20,1100.33,0.03,16,1760547,中性盘
11:21:23,1100.33,0.0,5,550165,买盘
11:21:26,1100.35,0.02,28,3080978,买盘
11:21:28,1100.35,0.0,74,8142944,卖盘
11:21:32,1100.35,0.0,21,2310721,卖盘
11:21:35,1100.35,0.0,4,440140,买盘
11:21:38,1100.45,0.1,59,6492694,买盘
11:21:41,1100.6,0.15,45,4952165,买盘
11:21:44,1100.65,0.05,4,440235,买盘
11:21:47,1100.25,-0.4,23,2530899,卖盘
11:21:53,1100.67,0.42,2,220135,中性盘
11:21:54,1100.7,0.03,8,880554,买盘
11:21:59,1100.67,-0.03,5,550340,卖盘
11:22:02,1100.7,0.03,4,440274,买盘
11:22:05,1100.7,0.0,20,2201400,买盘
11:22:08,1100.7,0.0,13,1430990,买盘
11:22:11,1100.68,-0.02,2,220136,卖盘
11:22:14,1100.8,0.12,33,3632588,买盘
11:22:17,1100.83,0.03,15,1651213,买盘
11:22:20,1100.7,-0.13,3,330213,卖盘
11:22:23,1100.85,0.15,23,2531907,买盘
11:22:29,1100.98,0.13,60,6605346,买盘
11:22:32,1101.0,0.02,84,9248240,买盘
11:22:35,1101.1,0.1,46,4968838,买盘
11:22:38,1101.13,0.03,13,1431437,买盘
11:22:41,1101.18,0.05,3,330354,买盘
11:22:44,1101.28,0.1,1,110128,买盘
11:22:47,1101.1,-0.18,18,1981980,卖盘
11:22:50,1101.28,0.18,5,550568,买盘
11:22:53,1101.1,-0.18,1,110110,中性盘
11:22:56,1101.0,-0.1,43,4734507,卖盘
11:22:59,1101.28,0.28,12,1321421,买盘
11:23:01,1101.28,0.0,1,110128,买盘
11:23:05,1101.19,-0.09,9,991071,买盘
11:23:08,1101.5,0.31,36,3964846,买盘
11:23:10,1101.34,-0.16,2,220284,中性盘
11:23:19,1101.33,-0.01,3,330432,卖盘
11:23:23,1101.33,0.0,14,1542048,卖盘
11:23:26,1101.33,0.0,12,1321667,买盘
11:23:29,1101.33,0.0,14,1541862,买盘
11:23:32,1101.33,0.0,4,440532,买盘
11:23:38,1101.49,0.16,5,550681,买盘
11:23:41,1101.33,-0.16,3,330399,买盘
11:23:43,1101.19,-0.14,20,2202590,卖盘
11:23:47,1101.28,0.09,5,550603,买盘
11:23:53,1101.33,0.05,3,330354,中性盘
11:23:58,1101.45,0.12,14,1541854,买盘
11:24:02,1101.45,0.0,1,110145,中性盘
11:24:05,1101.45,0.0,51,5617621,卖盘
11:24:08,1101.45,0.0,1,110145,卖盘
11:24:11,1101.33,-0.12,10,1101358,卖盘
11:24:16,1101.0,-0.33,1,110100,卖盘
11:24:22,1101.33,0.33,3,330353,买盘
11:24:29,1101.34,0.01,10,1101340,卖盘
11:24:32,1101.1,-0.24,3,330330,卖盘
11:24:35,1101.28,0.18,2,220256,中性盘
11:24:38,1101.29,0.01,2,220257,买盘
11:24:41,1101.01,-0.28,32,3523822,卖盘
11:24:44,1101.01,0.0,1,110101,买盘
11:24:46,1101.01,0.0,1,110101,买盘
11:24:50,1101.0,-0.01,9,990900,卖盘
11:24:52,1101.01,0.01,26,2862613,买盘
11:24:55,1101.0,-0.01,2,315987,卖盘
11:24:59,1101.0,0.0,7,770700,买盘
11:25:02,1101.0,0.0,7,770701,买盘
11:25:08,1101.0,0.0,2,220200,买盘
11:25:11,1101.01,0.01,10,1101001,买盘
11:25:13,1101.0,-0.01,1,110100,卖盘
11:25:20,1101.01,0.01,2,220201,买盘
11:25:23,1101.0,-0.01,11,1211101,卖盘
11:25:26,1101.01,0.01,1,110101,买盘
11:25:29,1101.01,0.0,3,234516,买盘
11:25:38,1101.01,0.0,1,110101,卖盘
11:25:41,1101.0,-0.01,13,1527087,买盘
11:25:50,1100.9,-0.1,2,220189,卖盘
11:25:53,1101.0,0.1,52,5724290,买盘
11:25:55,1100.8,-0.2,1,110080,买盘
11:25:59,1101.0,0.2,4,440399,买盘
11:26:02,1100.9,-0.1,3,330270,中性盘
11:26:05,1100.7,-0.2,2,220140,卖盘
11:26:08,1101.0,0.3,12,1321200,买盘
11:26:13,1100.68,-0.32,6,660416,卖盘
11:26:17,1100.7,0.02,6,660403,买盘
11:26:20,1100.6,-0.1,11,1210760,中性盘
11:26:26,1100.59,-0.01,2,220119,中性盘
11:26:28,1100.41,-0.18,1,110041,卖盘
11:26:37,1100.4,-0.01,30,3301443,卖盘
11:26:40,1100.4,0.0,11,1210530,卖盘
11:26:44,1100.6,0.2,5,550281,中性盘
11:26:47,1100.4,-0.2,1,110040,卖盘
11:26:56,1101.0,0.6,51,5614944,买盘
11:27:02,1100.4,-0.6,4,440160,买盘
11:27:05,1100.18,-0.22,3,330078,卖盘
11:27:08,1100.3,0.12,1,110030,买盘
11:27:11,1100.3,0.0,1,110030,买盘
11:27:14,1100.3,0.0,2,220040,买盘
11:27:16,1100.29,-0.01,1,110029,中性盘
11:27:20,1100.3,0.01,1,110030,买盘
11:27:23,1100.36,0.06,5,550156,买盘
11:27:26,1100.3,-0.06,1,110030,卖盘
11:27:29,1100.4,0.1,1,110040,中性盘
11:27:32,1100.08,-0.32,5,550104,卖盘
11:27:34,1100.02,-0.06,1,110002,卖盘
11:27:38,1100.02,0.0,1,110002,卖盘
11:27:40,1100.02,0.0,1,110002,卖盘
11:27:43,1100.08,0.06,5,550028,买盘
11:27:50,1100.0,-0.08,20,2200013,卖盘
11:27:53,1099.99,-0.01,3,329998,卖盘
11:27:56,1100.0,0.01,2,219997,买盘
11:27:58,1099.9,-0.1,13,1429946,卖盘
11:28:02,1099.8,-0.1,3,329940,中性盘
11:28:04,1099.32,-0.48,1,109932,卖盘
11:28:08,1099.8,0.48,1,109980,买盘
11:28:11,1099.32,-0.48,3,329796,卖盘
11:28:26,1099.09,-0.23,1,109909,卖盘
11:28:38,1099.09,0.0,2,219839,卖盘
11:28:39,1099.3,0.21,1,109930,买盘
11:28:44,1099.1,-0.2,4,439650,卖盘
11:28:47,1099.2,0.1,3,329800,中性盘
11:28:49,1099.1,-0.1,2,219839,卖盘
11:28:56,1099.09,-0.01,1,100018,买盘
11:29:02,1099.5,0.41,3,329847,买盘
11:29:11,1099.49,-0.01,2,219899,卖盘
11:29:14,1100.0,0.51,102,11219543,买盘
11:29:17,1099.49,-0.51,1,109949,中性盘
11:29:20,1099.78,0.29,2,219908,买盘
11:29:22,1099.3,-0.48,10,1099319,卖盘
11:29:35,1099.09,-0.21,2,219821,卖盘
11:29:38,1099.3,0.21,1,109930,买盘
11:29:39,1099.3,0.0,5,549629,买盘
11:29:44,1099.3,0.0,1,109930,卖盘
11:29:50,1099.3,0.0,2,219907,卖盘
11:29:56,1099.77,0.47,1,109977,买盘
11:29:59,1099.78,0.01,1,109978,买盘
13:00:03,1099.78,0.0,102,11214159,买盘
13:00:06,1099.8,0.02,18,1979330,买盘
13:00:08,1099.8,0.0,52,5715393,买盘
13:00:12,1099.78,-0.02,15,1649178,卖盘
13:00:15,1099.75,-0.03,6,659855,卖盘
13:00:21,1099.75,0.0,1,109975,买盘
13:00:26,1099.75,0.0,1,109975,买盘
13:00:29,1099.74,-0.01,2,219774,中性盘
13:00:33,1099.75,0.01,2,219775,买盘
13:00:36,1098.0,-1.75,1,109800,卖盘
13:00:39,1098.0,0.0,2,219600,卖盘
13:00:48,1098.0,0.0,1,109800,卖盘
13:00:51,1097.38,-0.62,2,219765,买盘
13:01:00,1099.64,2.26,1,109964,中性盘
13:01:03,1097.4,-2.24,3,329668,卖盘
13:01:08,1097.5,0.1,1,109750,卖盘
13:01:11,1097.5,0.0,2,219500,卖盘
13:01:15,1097.5,0.0,3,329250,中性盘
13:01:18,1097.5,0.0,1,109750,卖盘
13:01:21,1097.38,-0.12,6,658486,卖盘
13:01:27,1097.46,0.08,2,219491,买盘
13:01:30,1097.45,-0.01,4,438976,买盘
13:01:33,1097.5,0.05,15,1636248,买盘
13:01:39,1097.5,0.0,1,109750,卖盘
13:01:42,1097.5,0.0,7,768245,买盘
13:01:51,1097.5,0.0,1,109750,卖盘
13:02:03,1099.24,1.74,2,219848,买盘
13:02:06,1097.6,-1.64,1,109760,卖盘
13:02:12,1097.6,0.0,3,329540,卖盘
13:02:15,1097.6,0.0,1,109760,卖盘
13:02:18,1097.6,0.0,3,329419,卖盘
13:02:29,1097.61,0.01,3,329444,卖盘
13:02:36,1098.93,1.32,1,109893,买盘
13:02:39,1097.8,-1.13,2,219560,卖盘
13:02:45,1097.8,0.0,1,109780,中性盘
13:02:48,1097.8,0.0,1,109780,中性盘
13:02:51,1097.8,0.0,1,109780,买盘
13:02:53,1097.8,0.0,1,109780,中性盘
13:02:56,1097.8,0.0,2,219560,中性盘
13:03:00,1097.8,0.0,1,109780,卖盘
13:03:03,1098.89,1.09,10,1098804,买盘
13:03:06,1098.93,0.04,3,329679,买盘
13:03:09,1098.97,0.04,8,879156,买盘
13:03:11,1098.98,0.01,1,109898,买盘
13:03:15,1098.99,0.01,1,109899,买盘
13:03:18,1099.0,0.01,16,1758397,买盘
13:03:21,1099.23,0.23,6,659538,买盘
13:03:24,1099.3,0.07,2,219860,买盘
13:03:27,1099.46,0.16,17,1868914,买盘
13:03:30,1099.48,0.02,11,1161047,买盘
13:03:33,1099.46,-0.02,3,316630,买盘
13:03:36,1099.48,0.02,4,501357,卖盘
13:03:38,1099.54,0.06,2,219902,买盘
13:03:42,1099.54,0.0,4,439816,卖盘
13:03:45,1099.54,0.0,1,109954,卖盘
13:03:48,1099.65,0.11,6,659789,买盘
13:03:51,1099.65,0.0,2,219930,卖盘
13:03:54,1099.71,0.06,2,219942,买盘
13:03:57,1099.48,-0.23,10,1099589,卖盘
13:04:02,1099.74,0.26,2,219948,买盘
13:04:06,1099.74,0.0,1,109974,买盘
13:04:09,1099.54,-0.2,1,109954,卖盘
13:04:11,1099.74,0.2,1,109974,买盘
13:04:18,1099.71,-0.03,1,109971,卖盘
13:04:24,1099.6,-0.11,2,219934,卖盘
13:04:30,1099.48,-0.12,1,109948,卖盘
13:04:33,1099.6,0.12,3,329880,买盘
13:04:35,1099.6,0.0,7,769782,中性盘
13:04:39,1099.74,0.14,1,111073,卖盘
13:04:48,1099.6,-0.14,2,219954,买盘
13:04:53,1099.6,0.0,1,109960,卖盘
13:04:56,1099.71,0.11,1,109971,买盘
13:05:03,1099.6,-0.11,4,439860,卖盘
13:05:11,1099.6,0.0,1,109960,卖盘
13:05:15,1099.23,-0.37,6,658623,卖盘
13:05:20,1099.58,0.35,2,219916,买盘
13:05:23,1099.58,0.0,2,219881,买盘
13:05:27,1099.58,0.0,2,219916,买盘
13:05:30,1099.58,0.0,2,219881,买盘
13:05:33,1099.6,0.02,7,769708,买盘
13:05:36,1099.58,-0.02,2,219916,卖盘
13:05:39,1099.6,0.02,12,1320618,买盘
13:05:42,1099.6,0.0,2,219920,卖盘
13:05:45,1099.65,0.05,6,659780,买盘
13:05:48,1099.6,-0.05,7,769735,卖盘
13:05:51,1099.7,0.1,8,820336,买盘
13:05:54,1099.23,-0.47,11,1249110,卖盘
13:06:00,1099.7,0.47,7,769755,买盘
13:06:03,1099.23,-0.47,4,439788,卖盘
13:06:06,1099.23,0.0,1,109923,卖盘
13:06:09,1099.23,0.0,1,109923,卖盘
13:06:12,1099.23,0.0,6,659538,卖盘
13:06:15,1099.23,0.0,3,329816,卖盘
13:06:21,1099.23,0.0,2,219889,卖盘
13:06:27,1099.02,-0.21,6,659517,卖盘
13:06:30,1099.0,-0.02,2,219823,卖盘
13:06:36,1098.93,-0.07,3,329687,卖盘
13:06:39,1098.92,-0.01,3,329678,卖盘
13:06:42,1099.0,0.08,2,219800,买盘
13:06:46,1098.93,-0.07,2,219793,卖盘
13:06:48,1098.93,0.0,4,439572,卖盘
13:06:51,1098.62,-0.31,2,219662,买盘
13:06:53,1099.0,0.38,2,219762,中性盘
13:07:03,1099.0,0.0,6,659444,卖盘
13:07:06,1098.62,-0.38,3,290073,卖盘
13:07:12,1099.0,0.38,1,109900,买盘
13:07:15,1098.62,-0.38,2,219724,卖盘
13:07:18,1098.99,0.37,1,109899,中性盘
13:07:20,1098.99,0.0,1,109899,中性盘
13:07:33,1098.99,0.0,3,329499,买盘
13:07:39,1098.0,-0.99,2,219600,买盘
13:07:42,1097.8,-0.2,2,219560,卖盘
13:07:44,1097.8,0.0,3,329360,卖盘
13:07:48,1099.0,1.2,8,839585,卖盘
13:07:51,1099.0,0.0,2,259364,卖盘
13:07:54,1098.99,-0.01,1,109899,卖盘
13:07:57,1099.0,0.01,1,109900,买盘
13:08:03,1098.62,-0.38,1,109862,买盘
13:08:12,1098.62,0.0,1,109862,卖盘
13:08:15,1099.0,0.38,14,1499036,买盘
13:08:17,1098.62,-0.38,12,1318639,卖盘
13:08:21,1098.62,0.0,2,219724,卖盘
13:08:24,1098.62,0.0,1,109862,卖盘
13:08:27,1099.0,0.38,2,219762,买盘
13:08:29,1098.62,-0.38,1,109862,卖盘
13:08:32,1097.83,-0.79,24,2636590,卖盘
13:08:36,1097.83,0.0,1,109783,买盘
13:08:39,1097.76,-0.07,3,329338,卖盘
13:08:42,1097.76,0.0,2,219545,中性盘
13:08:44,1097.62,-0.14,6,658663,卖盘
13:08:48,1097.59,-0.03,16,1756158,卖盘
13:08:51,1097.59,0.0,1,109759,中性盘
13:08:54,1097.6,0.01,11,1207359,买盘
13:08:57,1097.81,0.21,5,548818,买盘
13:09:00,1097.59,-0.22,1,109759,卖盘
13:09:03,1097.59,0.0,7,768622,卖盘
13:09:09,1097.6,0.01,19,2095316,买盘
13:09:12,1097.59,-0.01,12,1317112,卖盘
13:09:15,1097.59,0.0,2,219518,中性盘
13:09:17,1097.6,0.01,23,2524470,买盘
13:09:20,1097.6,0.0,6,658558,买盘
13:09:23,1097.5,-0.1,11,1207758,卖盘
13:09:30,1099.22,1.72,14,1538669,买盘
13:09:33,1097.5,-1.72,6,658495,卖盘
13:09:36,1098.62,1.12,1,109862,卖盘
13:09:48,1098.62,0.0,1,109862,卖盘
13:09:51,1098.62,0.0,3,329704,卖盘
13:09:57,1097.5,-1.12,7,768221,中性盘
13:10:00,1098.0,0.5,1,109800,买盘
13:10:03,1098.0,0.0,3,329400,买盘
13:10:06,1098.62,0.62,1,109862,买盘
13:10:09,1098.62,0.0,8,879074,买盘
13:10:12,1098.62,0.0,1,109862,卖盘
13:10:24,1098.62,0.0,1,109862,买盘
13:10:27,1098.62,0.0,1,109862,卖盘
13:10:30,1098.0,-0.62,19,2086200,卖盘
13:10:33,1097.5,-0.5,1,109750,卖盘
13:10:36,1098.0,0.5,1,109800,卖盘
13:10:39,1098.67,0.67,3,329591,买盘
13:10:41,1098.67,0.0,1,109867,卖盘
13:10:45,1098.67,0.0,1,109867,卖盘
13:10:47,1098.67,0.0,1,109867,卖盘
13:10:51,1098.67,0.0,1,109867,卖盘
13:10:54,1098.67,0.0,1,109867,中性盘
13:11:03,1098.97,0.3,5,549196,买盘
13:11:06,1097.67,-1.3,8,878436,卖盘
13:11:12,1098.97,1.3,1,109897,买盘
13:11:15,1098.95,-0.02,1,109895,中性盘
13:11:21,1098.97,0.02,9,989085,卖盘
13:11:24,1098.97,0.0,1,109897,卖盘
13:11:27,1099.0,0.03,7,769295,买盘
13:11:30,1098.83,-0.17,5,549474,卖盘
13:11:36,1099.23,0.4,12,1318852,买盘
13:11:39,1099.23,0.0,5,549615,卖盘
13:11:41,1099.23,0.0,6,659653,卖盘
13:11:44,1099.23,0.0,2,219846,卖盘
13:11:54,1099.23,0.0,4,439692,卖盘
13:11:57,1099.01,-0.22,12,1319303,中性盘
13:12:03,1099.16,0.15,2,219832,买盘
13:12:08,1099.16,0.0,1,109916,卖盘
13:12:11,1099.0,-0.16,11,1208998,卖盘
13:12:18,1098.99,-0.01,1,109899,中性盘
13:12:24,1098.98,-0.01,3,329694,卖盘
13:12:26,1099.0,0.02,4,439468,买盘
13:12:35,1097.7,-1.3,7,768388,买盘
13:12:42,1097.7,0.0,2,219539,买盘
13:12:47,1097.67,-0.03,4,439075,卖盘
13:12:50,1097.67,0.0,1,109767,卖盘
13:12:54,1097.67,0.0,2,219534,卖盘
13:12:57,1097.67,0.0,3,329271,买盘
13:13:03,1097.5,-0.17,4,439008,卖盘
13:13:06,1097.5,0.0,5,548767,卖盘
13:13:09,1097.5,0.0,1,109750,卖盘
13:13:12,1097.5,0.0,2,219500,卖盘
13:13:18,1097.5,0.0,2,219500,买盘
13:13:27,1097.67,0.17,5,548800,买盘
13:13:30,1097.39,-0.28,5,548776,卖盘
13:13:33,1097.69,0.3,27,2962863,买盘
13:13:36,1097.08,-0.61,2,219447,卖盘
13:13:39,1097.01,-0.07,2,219402,卖盘
13:13:42,1097.0,-0.01,1,109700,卖盘
13:13:45,1097.39,0.39,4,438956,买盘
13:13:48,1097.39,0.0,1,109739,卖盘
13:13:50,1097.39,0.0,1,109739,卖盘
13:13:54,1097.39,0.0,4,438993,卖盘
13:13:56,1097.0,-0.39,11,1206766,卖盘
13:14:00,1097.08,0.08,1,109708,中性盘
13:14:03,1097.08,0.0,1,109708,买盘
13:14:05,1097.0,-0.08,2,219408,卖盘
13:14:12,1097.01,0.01,2,219402,卖盘
13:14:15,1097.06,0.05,1,109706,中性盘
13:14:18,1097.0,-0.06,9,987300,卖盘
13:14:21,1097.0,0.0,9,987300,卖盘
13:14:27,1097.0,0.0,2,219401,卖盘
13:14:33,1096.65,-0.35,1,109665,卖盘
13:14:36,1096.59,-0.06,3,328977,卖盘
13:14:39,1096.59,0.0,3,328989,卖盘
13:14:42,1096.59,0.0,1,109659,中性盘
13:14:45,1095.99,-0.6,30,3286312,卖盘
13:14:48,1095.98,-0.01,5,547845,中性盘
13:14:51,1095.99,0.01,6,657491,买盘
13:14:53,1095.49,-0.5,2,219098,卖盘
13:14:57,1095.49,0.0,1,109549,卖盘
13:15:00,1095.49,0.0,1,109549,卖盘
13:15:03,1095.0,-0.49,4,438149,卖盘
13:15:06,1095.03,0.03,1,109503,中性盘
13:15:09,1095.03,0.0,2,219052,卖盘
13:15:12,1095.02,-0.01,3,328553,卖盘
13:15:15,1095.01,-0.01,2,219003,卖盘
13:15:18,1095.0,-0.01,2,219048,卖盘
13:15:24,1095.02,0.02,1,109502,买盘
13:15:27,1095.02,0.0,2,219002,买盘
13:15:30,1095.02,0.0,1,109502,买盘
13:15:33,1095.0,-0.02,2,219000,卖盘
13:15:35,1095.0,0.0,1,109500,卖盘
13:15:42,1095.02,0.02,2,219003,买盘
13:15:45,1095.02,0.0,1,109502,买盘
13:15:48,1095.02,0.0,3,328506,卖盘
13:15:54,1095.03,0.01,18,1971066,中性盘
13:15:57,1095.0,-0.03,2,219002,卖盘
13:16:00,1095.0,0.0,3,328500,买盘
13:16:03,1095.02,0.02,4,437992,买盘
13:16:06,1095.0,-0.02,12,1314020,卖盘
13:16:12,1095.0,0.0,3,328500,卖盘
13:16:14,1095.0,0.0,2,219040,卖盘
13:16:18,1095.0,0.0,4,438000,卖盘
13:16:21,1095.0,0.0,6,656991,买盘
13:16:24,1095.0,0.0,3,328490,买盘
13:16:27,1095.0,0.0,2,219000,买盘
13:16:29,1095.0,0.0,5,547500,买盘
13:16:33,1094.9,-0.1,17,1861459,卖盘
13:16:36,1094.9,0.0,3,328490,卖盘
13:16:42,1094.9,0.0,1,109490,卖盘
13:16:45,1094.99,0.09,1,109499,买盘
13:16:48,1094.99,0.0,36,3990826,买盘
13:16:51,1094.99,0.0,1,109499,买盘
13:16:57,1095.1,0.11,1,109510,卖盘
13:17:00,1095.0,-0.1,5,547709,卖盘
13:17:03,1095.01,0.01,2,219002,买盘
13:17:06,1096.0,0.99,10,1095974,买盘
13:17:09,1096.0,0.0,2,219200,卖盘
13:17:12,1095.01,-0.99,17,1862811,卖盘
13:17:15,1095.01,0.0,1,109501,卖盘
13:17:18,1096.22,1.21,2,219123,买盘
13:17:20,1095.97,-0.25,2,219197,中性盘
13:17:24,1096.0,0.03,1,109600,买盘
13:17:33,1095.97,-0.03,1,109597,卖盘
13:17:36,1096.0,0.03,4,438228,买盘
13:17:42,1096.0,0.0,9,986316,买盘
13:17:45,1095.2,-0.8,1,109520,卖盘
13:17:48,1095.2,0.0,4,438270,卖盘
13:17:54,1095.99,0.79,1,109599,买盘
13:18:03,1095.11,-0.88,5,547909,卖盘
13:18:06,1095.28,0.17,1,109528,中性盘
13:18:09,1096.22,0.94,3,328737,买盘
13:18:14,1095.27,-0.95,2,219126,中性盘
13:18:18,1095.15,-0.12,5,547587,卖盘
13:18:21,1095.15,0.0,4,438060,卖盘
13:18:23,1095.12,-0.03,5,547594,卖盘
13:18:27,1095.99,0.87,1,109599,买盘
13:18:33,1095.99,0.0,1,109599,买盘
13:18:36,1095.13,-0.86,2,219026,卖盘
13:18:48,1095.13,0.0,9,985613,买盘
13:18:50,1095.11,-0.02,1,109511,卖盘
13:18:53,1095.11,0.0,1,109511,卖盘
13:18:57,1095.11,0.0,2,219023,卖盘
13:18:59,1095.99,0.88,1,109599,买盘
13:19:03,1095.99,0.0,2,219198,买盘
13:19:15,1095.2,-0.79,1,109520,卖盘
13:19:18,1095.2,0.0,2,219118,中性盘
13:19:26,1095.13,-0.07,1,109513,卖盘
13:19:29,1095.11,-0.02,3,328533,卖盘
13:19:33,1095.19,0.08,10,1095184,买盘
13:19:36,1095.19,0.0,1,109519,买盘
13:19:42,1095.19,0.0,4,438076,买盘
13:19:50,1095.19,0.0,1,109519,卖盘
13:19:57,1095.19,0.0,4,438078,卖盘
13:20:03,1095.19,0.0,14,1533426,卖盘
13:20:06,1095.19,0.0,3,328557,卖盘
13:20:09,1095.19,0.0,6,657117,卖盘
13:20:15,1095.0,-0.19,21,2299577,卖盘
13:20:18,1095.11,0.11,1,109511,中性盘
13:20:21,1094.8,-0.31,13,1375225,卖盘
13:20:24,1094.68,-0.12,1,109468,卖盘
13:20:30,1094.68,0.0,2,218936,买盘
13:20:33,1094.6,-0.08,3,328380,卖盘
13:20:36,1094.6,0.0,1,109460,买盘
13:20:39,1094.68,0.08,8,875712,买盘
13:20:41,1094.8,0.12,6,656813,买盘
13:20:45,1094.8,0.0,2,267119,买盘
13:20:54,1094.8,0.0,1,109480,卖盘
13:21:00,1095.0,0.2,3,328500,买盘
13:21:03,1095.18,0.18,9,985656,买盘
13:21:09,1095.18,0.0,13,1423826,卖盘
13:21:12,1095.18,0.0,1,109518,卖盘
13:21:18,1095.99,0.81,3,328797,买盘
13:21:21,1096.0,0.01,8,876800,买盘
13:21:23,1096.22,0.22,7,767334,买盘
13:21:26,1096.25,0.03,3,328869,买盘
13:21:30,1096.41,0.16,7,767455,买盘
13:21:33,1096.82,0.41,4,438687,买盘
13:21:35,1096.95,0.13,4,438780,买盘
13:21:39,1096.99,0.04,13,1426067,买盘
13:21:42,1097.0,0.01,14,1535798,买盘
13:21:45,1096.99,-0.01,22,2413397,卖盘
13:21:47,1097.0,0.01,3,329099,买盘
13:21:51,1097.06,0.06,3,329106,买盘
13:21:54,1097.07,0.01,1,109707,买盘
13:21:57,1097.07,0.0,2,219414,买盘
13:22:00,1097.08,0.01,3,329122,买盘
13:22:03,1097.5,0.42,4,438947,买盘
13:22:06,1097.69,0.19,2,219538,买盘
13:22:09,1097.69,0.0,5,548826,买盘
13:22:12,1098.0,0.31,3,329400,买盘
13:22:14,1098.78,0.78,4,439569,卖盘
13:22:18,1098.78,0.0,3,329525,买盘
13:22:21,1097.69,-1.09,1,109769,卖盘
13:22:33,1098.0,0.31,4,439138,中性盘
13:22:36,1097.69,-0.31,1,109769,卖盘
13:22:39,1097.69,0.0,4,439076,卖盘
13:22:41,1098.0,0.31,2,219552,买盘
13:22:45,1098.0,0.0,1,109800,买盘
13:22:48,1097.52,-0.48,1,109752,卖盘
13:22:51,1097.69,0.17,1,109769,买盘
13:22:54,1097.52,-0.17,6,658635,卖盘
13:22:57,1097.11,-0.41,2,219463,卖盘
13:23:03,1097.5,0.39,2,219461,买盘
13:23:06,1097.11,-0.39,2,219422,卖盘
13:23:11,1097.11,0.0,3,329133,卖盘
13:23:18,1097.08,-0.03,2,219416,卖盘
13:23:23,1097.11,0.03,2,219419,买盘
13:23:27,1097.08,-0.03,1,109708,卖盘
13:23:30,1097.11,0.03,2,219419,买盘
13:23:33,1097.0,-0.11,7,767940,卖盘
13:23:39,1096.95,-0.05,1,109695,卖盘
13:23:44,1096.95,0.0,5,548475,卖盘
13:23:47,1096.82,-0.13,2,219364,卖盘
13:23:50,1095.6,-1.22,4,438318,卖盘
13:23:54,1095.2,-0.4,1,109520,卖盘
13:23:56,1095.2,0.0,3,328560,卖盘
13:24:00,1095.19,-0.01,1,109519,卖盘
13:24:03,1095.19,0.0,6,657354,卖盘
13:24:09,1095.19,0.0,2,219038,买盘
13:24:12,1095.19,0.0,2,219038,买盘
13:24:15,1095.19,0.0,4,438074,买盘
13:24:21,1095.5,0.31,1,109550,卖盘
13:24:24,1095.2,-0.3,3,328620,卖盘
13:24:39,1095.5,0.3,3,328650,卖盘
13:24:41,1095.21,-0.29,1,109521,卖盘
13:24:45,1095.21,0.0,2,219042,卖盘
13:24:47,1095.21,0.0,1,109521,卖盘
13:24:50,1096.0,0.79,2,219121,中性盘
13:24:54,1095.21,-0.79,2,219171,卖盘
13:24:57,1095.21,0.0,1,109521,卖盘
13:25:03,1096.47,1.26,3,328941,买盘
13:25:12,1095.28,-1.19,7,766696,卖盘
13:25:15,1096.47,1.19,5,547878,买盘
13:25:17,1095.21,-1.26,1,109521,卖盘
13:25:27,1095.3,0.09,2,219060,卖盘
13:25:33,1095.22,-0.08,3,328580,卖盘
13:25:36,1095.21,-0.01,11,1204760,卖盘
13:25:45,1095.3,0.09,1,109530,卖盘
13:25:48,1095.21,-0.09,4,438095,卖盘
13:25:51,1095.21,0.0,3,328563,卖盘
13:25:54,1095.31,0.1,1,109531,卖盘
13:25:57,1095.23,-0.08,2,219053,卖盘
13:26:03,1095.98,0.75,2,219196,中性盘
13:26:06,1095.31,-0.67,1,109531,卖盘
13:26:15,1095.99,0.68,3,328797,买盘
13:26:18,1095.31,-0.68,2,219129,卖盘
13:26:21,1095.98,0.67,1,109598,买盘
13:26:27,1095.98,0.0,1,109598,中性盘
13:26:36,1095.99,0.01,2,219134,买盘
13:26:45,1095.35,-0.64,1,109535,卖盘
13:26:54,1095.35,0.0,4,438331,卖盘
13:26:57,1095.36,0.01,1,109536,卖盘
13:27:00,1095.36,0.0,1,109536,卖盘
13:27:03,1095.36,0.0,6,657405,中性盘
13:27:09,1095.98,0.62,2,219134,买盘
13:27:15,1095.36,-0.62,1,109536,卖盘
13:27:24,1095.97,0.61,1,109597,中性盘
13:27:27,1095.98,0.01,3,328793,买盘
13:27:30,1095.99,0.01,2,219198,买盘
13:27:33,1096.0,0.01,3,328798,买盘
13:27:36,1096.43,0.43,3,328886,买盘
13:27:39,1096.44,0.01,2,219288,买盘
13:27:42,1096.44,0.0,1,109644,买盘
13:27:45,1096.5,0.06,10,1096275,买盘
13:27:48,1096.77,0.27,5,475945,卖盘
13:27:53,1096.78,0.01,1,109678,买盘
13:27:57,1096.78,0.0,1,109678,买盘
13:28:00,1096.78,0.0,3,329034,买盘
13:28:03,1096.78,0.0,3,329026,买盘
13:28:06,1096.78,0.0,3,328978,买盘
13:28:12,1096.5,-0.28,4,510981,卖盘
13:28:15,1096.51,0.01,2,146932,卖盘
13:28:21,1096.77,0.26,2,219332,中性盘
13:28:24,1096.55,-0.22,2,219310,卖盘
13:28:33,1096.82,0.27,6,658052,买盘
13:28:36,1096.44,-0.38,5,548272,卖盘
13:28:38,1095.37,-1.07,5,547988,卖盘
13:28:42,1096.44,1.07,1,109644,买盘
13:28:48,1096.44,0.0,1,109644,卖盘
13:28:51,1096.44,0.0,1,109644,卖盘
13:28:57,1096.44,0.0,7,767519,卖盘
13:29:02,1096.44,0.0,3,328932,买盘
13:29:12,1095.51,-0.93,1,109551,卖盘
13:29:15,1095.51,0.0,1,109551,卖盘
13:29:21,1095.52,0.01,1,109552,卖盘
13:29:23,1096.44,0.92,1,109644,买盘
13:29:27,1096.44,0.0,1,109644,买盘
13:29:32,1096.44,0.0,4,438576,买盘
13:29:36,1096.44,0.0,1,109644,卖盘
13:29:39,1096.44,0.0,1,109644,卖盘
13:29:41,1096.44,0.0,1,109644,卖盘
13:29:45,1096.44,0.0,2,219288,卖盘
13:29:48,1095.52,-0.92,4,438392,卖盘
13:29:50,1096.55,1.03,2,219310,买盘
13:30:00,1096.44,-0.11,1,109644,卖盘
13:30:02,1096.8,0.36,8,877211,买盘
13:30:09,1096.44,-0.36,3,329038,卖盘
13:30:17,1096.5,0.06,1,109650,卖盘
13:30:26,1096.5,0.0,1,109650,卖盘
13:30:30,1096.95,0.45,2,219345,买盘
13:30:33,1096.95,0.0,4,438766,买盘
13:30:35,1096.95,0.0,1,109695,卖盘
13:30:38,1096.97,0.02,3,329089,买盘
13:30:42,1096.95,-0.02,2,219390,卖盘
13:30:44,1096.5,-0.45,2,219345,卖盘
13:30:48,1096.5,0.0,3,329042,卖盘
13:30:51,1096.5,0.0,3,329043,卖盘
13:30:53,1096.98,0.48,2,219394,买盘
13:30:56,1096.51,-0.47,4,438739,卖盘
13:31:00,1096.99,0.48,2,219398,买盘
13:31:03,1096.58,-0.41,3,329056,卖盘
13:31:06,1096.51,-0.07,2,219341,卖盘
13:31:09,1096.5,-0.01,4,438602,卖盘
13:31:11,1096.96,0.46,6,657957,买盘
13:31:15,1096.51,-0.45,4,438658,中性盘
13:31:18,1096.94,0.43,1,109694,买盘
13:31:24,1096.51,-0.43,8,877229,卖盘
13:31:27,1096.51,0.0,1,109651,卖盘
13:31:29,1096.51,0.0,4,438611,卖盘
13:31:35,1096.51,0.0,1,109651,卖盘
13:31:39,1096.57,0.06,1,109657,买盘
13:31:42,1096.51,-0.06,2,219302,卖盘
13:31:45,1096.51,0.0,5,548261,卖盘
13:31:48,1096.5,-0.01,3,328952,卖盘
13:31:51,1095.5,-1.0,7,767190,卖盘
13:31:53,1095.5,0.0,3,328650,卖盘
13:31:57,1095.37,-0.13,2,219086,卖盘
13:32:00,1095.37,0.0,5,619979,卖盘
13:32:03,1095.35,-0.02,4,438144,卖盘
13:32:06,1095.35,0.0,2,219065,买盘
13:32:09,1095.23,-0.12,4,438106,卖盘
13:32:14,1095.23,0.0,3,328569,卖盘
13:32:18,1095.21,-0.02,4,438085,卖盘
13:32:20,1095.2,-0.01,4,438080,卖盘
13:32:23,1095.2,0.0,3,328561,卖盘
13:32:27,1095.2,0.0,2,219040,卖盘
13:32:29,1095.19,-0.01,1,109519,卖盘
13:32:33,1095.2,0.01,4,438053,买盘
13:32:36,1095.03,-0.17,3,328523,中性盘
13:32:42,1095.04,0.01,2,219024,卖盘
13:32:44,1095.01,-0.03,2,219005,卖盘
13:32:48,1095.01,0.0,2,219001,买盘
13:32:54,1095.0,-0.01,5,547500,卖盘
13:32:57,1095.0,0.0,6,657002,卖盘
13:33:00,1095.0,0.0,1,109500,卖盘
13:33:03,1095.01,0.01,5,547503,买盘
13:33:06,1095.01,0.0,2,219002,买盘
13:33:09,1095.0,-0.01,2,219000,卖盘
13:33:12,1095.01,0.01,1,109501,中性盘
13:33:15,1095.0,-0.01,32,3503992,卖盘
13:33:18,1095.0,0.0,8,875999,买盘
13:33:21,1095.04,0.04,7,766508,买盘
13:33:24,1095.0,-0.04,5,547540,卖盘
13:33:27,1095.22,0.22,13,1423466,买盘
13:33:30,1095.35,0.13,1,109535,买盘
13:33:33,1095.35,0.0,1,37241,卖盘
13:33:36,1095.2,-0.15,2,219065,卖盘
13:33:42,1095.22,0.02,1,109522,买盘
13:33:48,1096.0,0.78,3,328820,买盘
13:33:54,1096.94,0.94,1,109694,买盘
13:34:03,1096.01,-0.93,3,328801,买盘
13:34:06,1096.0,-0.01,2,219200,卖盘
13:34:09,1096.0,0.0,2,219290,卖盘
13:34:14,1096.9,0.9,1,109690,卖盘
13:34:18,1096.9,0.0,4,438760,买盘
13:34:21,1096.9,0.0,1,109690,卖盘
13:34:23,1096.9,0.0,3,329070,卖盘
13:34:27,1096.02,-0.88,4,438591,卖盘
13:34:42,1096.02,0.0,2,219280,卖盘
13:34:48,1096.02,0.0,5,548010,卖盘
13:34:51,1096.02,0.0,2,219204,卖盘
13:35:02,1096.77,0.75,2,219354,买盘
13:35:06,1096.03,-0.74,1,109603,卖盘
13:35:15,1096.75,0.72,5,548375,买盘
13:35:18,1096.75,0.0,3,329025,卖盘
13:35:21,1096.75,0.0,3,329026,买盘
13:35:23,1096.77,0.02,4,438704,买盘
13:35:30,1096.76,-0.01,1,109676,卖盘
13:35:39,1096.76,0.0,1,109676,卖盘
13:35:47,1096.79,0.03,1,109679,中性盘
13:35:50,1096.8,0.01,7,767760,买盘
13:35:54,1096.8,0.0,1,109680,买盘
13:36:00,1096.8,0.0,4,438720,卖盘
13:36:03,1096.8,0.0,7,767760,买盘
13:36:09,1096.8,0.0,1,109680,卖盘
13:36:12,1096.87,0.07,2,219367,买盘
13:36:14,1096.75,-0.12,10,1096789,卖盘
13:36:18,1096.75,0.0,1,109675,卖盘
13:36:21,1096.75,0.0,1,109675,卖盘
13:36:24,1096.75,0.0,3,329034,卖盘
13:36:33,1096.79,0.04,1,109679,卖盘
13:36:36,1096.79,0.0,5,548395,卖盘
13:36:45,1096.6,-0.19,1,109660,买盘
13:36:48,1096.79,0.19,3,329019,买盘
13:36:51,1096.65,-0.14,1,109665,卖盘
13:36:54,1096.65,0.0,3,329023,卖盘
13:36:57,1096.65,0.0,1,109665,卖盘
13:37:03,1096.65,0.0,3,329015,卖盘
13:37:09,1096.65,0.0,1,109665,卖盘
13:37:12,1096.65,0.0,3,328995,卖盘
13:37:14,1096.65,0.0,2,219340,卖盘
13:37:17,1096.65,0.0,4,438660,卖盘
13:37:24,1096.65,0.0,1,109665,卖盘
13:37:30,1096.65,0.0,1,109665,中性盘
13:37:36,1096.66,0.01,1,109666,卖盘
13:37:39,1096.74,0.08,2,219348,买盘
13:37:42,1096.74,0.0,4,438680,中性盘
13:37:44,1096.79,0.05,1,109679,买盘
13:37:57,1096.73,-0.06,3,329019,买盘
13:38:03,1096.78,0.05,2,219355,买盘
13:38:06,1096.78,0.0,2,219356,买盘
13:38:12,1096.74,-0.04,2,219352,卖盘
13:38:15,1096.73,-0.01,2,219347,卖盘
13:38:17,1096.79,0.06,2,219358,买盘
13:38:21,1096.73,-0.06,4,438710,卖盘
13:38:30,1096.74,0.01,1,109674,买盘
13:38:33,1096.73,-0.01,2,219352,卖盘
13:38:36,1096.73,0.0,3,329019,卖盘
13:38:39,1096.66,-0.07,2,219339,卖盘
13:38:42,1096.73,0.07,4,438685,中性盘
13:38:45,1096.73,0.0,2,219346,中性盘
13:38:57,1096.65,-0.08,2,219330,卖盘
13:38:59,1096.65,0.0,2,219330,卖盘
13:39:03,1096.7,0.05,5,548338,买盘
13:39:10,1096.03,-0.67,6,657866,卖盘
13:39:27,1096.04,0.01,1,109604,卖盘
13:39:39,1096.55,0.51,1,109655,买盘
13:39:42,1096.04,-0.51,1,109604,买盘
13:39:45,1096.05,0.01,1,109605,卖盘
13:39:57,1096.05,0.0,2,219259,卖盘
13:40:00,1096.03,-0.02,5,548019,卖盘
13:40:03,1096.05,0.02,2,219210,中性盘
13:40:06,1096.03,-0.02,1,109603,卖盘
13:40:08,1096.05,0.02,1,109605,买盘
13:40:12,1096.0,-0.05,2,219205,卖盘
13:40:15,1096.0,0.0,2,219200,卖盘
13:40:21,1096.0,0.0,5,548000,卖盘
13:40:27,1096.0,0.0,2,219159,买盘
13:40:36,1095.59,-0.41,1,109559,卖盘
13:40:45,1095.59,0.0,11,1205269,卖盘
13:40:48,1095.68,0.09,1,109568,中性盘
13:40:51,1095.98,0.3,3,328712,买盘
13:40:57,1095.98,0.0,1,109598,买盘
13:41:01,1095.21,-0.77,3,328701,卖盘
13:41:21,1095.23,0.02,1,109523,中性盘
13:41:24,1095.89,0.66,1,109589,买盘
13:41:27,1095.24,-0.65,1,109524,卖盘
13:41:33,1095.88,0.64,1,109588,买盘
13:41:36,1095.24,-0.64,4,427144,买盘
13:41:39,1095.25,0.01,1,109525,卖盘
13:41:41,1095.24,-0.01,2,219049,卖盘
13:41:56,1095.36,0.12,1,109536,卖盘
13:42:00,1095.36,0.0,1,109536,卖盘
13:42:03,1095.87,0.51,3,328710,买盘
13:42:06,1095.36,-0.51,1,109536,中性盘
13:42:08,1095.88,0.52,1,109588,买盘
13:42:21,1095.36,-0.52,1,109536,卖盘
13:42:27,1095.36,0.0,1,109536,卖盘
13:42:30,1095.88,0.52,5,547936,买盘
13:42:33,1095.88,0.0,3,328695,买盘
13:42:40,1095.36,-0.52,4,438194,卖盘
13:42:45,1095.36,0.0,4,438146,卖盘
13:42:46,1095.86,0.5,32,3504548,买盘
13:42:49,1095.86,0.0,1,109586,买盘
13:42:54,1095.87,0.01,1,109587,买盘
13:42:57,1095.36,-0.51,4,438144,卖盘
13:43:03,1095.36,0.0,2,219072,买盘
13:43:06,1095.2,-0.16,1,109520,卖盘
13:43:24,1095.2,0.0,2,219040,卖盘
13:43:28,1095.2,0.0,2,219040,卖盘
13:43:33,1095.35,0.15,4,438134,买盘
13:43:36,1095.36,0.01,6,657216,买盘
13:43:39,1095.33,-0.03,1,109533,卖盘
13:43:45,1095.36,0.03,2,219072,买盘
13:43:48,1095.35,-0.01,3,328606,卖盘
13:43:49,1095.33,-0.02,1,109533,卖盘
13:43:57,1095.8,0.47,3,328740,买盘
13:44:00,1095.86,0.06,3,328756,买盘
13:44:03,1095.88,0.02,6,657528,买盘
13:44:06,1095.86,-0.02,4,438346,卖盘
13:44:09,1095.88,0.02,6,657523,买盘
13:44:10,1095.8,-0.08,11,1205346,卖盘
13:44:18,1095.86,0.06,1,109586,买盘
13:44:19,1095.88,0.02,3,328760,买盘
13:44:24,1095.86,-0.02,2,219172,卖盘
13:44:30,1095.88,0.02,1,109588,买盘
13:44:36,1095.85,-0.03,1,109585,卖盘
13:44:40,1095.88,0.03,1,109588,买盘
13:44:45,1095.9,0.02,3,328769,买盘
13:44:51,1095.88,-0.02,1,109588,卖盘
13:44:54,1095.9,0.02,8,876715,买盘
13:45:01,1095.99,0.09,3,328797,买盘
13:45:12,1095.91,-0.08,1,109591,卖盘
13:45:15,1095.91,0.0,1,109591,卖盘
13:45:18,1095.91,0.0,5,547989,卖盘
13:45:19,1095.88,-0.03,2,219176,卖盘
13:45:24,1095.88,0.0,2,219176,卖盘
13:45:27,1095.85,-0.03,3,328758,卖盘
13:45:30,1095.8,-0.05,3,328750,卖盘
13:45:33,1095.8,0.0,10,1095388,买盘
13:45:36,1095.2,-0.6,2,219040,卖盘
13:45:38,1095.0,-0.2,3,328540,卖盘
13:45:42,1095.2,0.2,2,219040,中性盘
13:45:43,1095.2,0.0,1,109520,买盘
13:45:51,1095.2,0.0,1,109520,卖盘
13:45:55,1095.2,0.0,8,876559,卖盘
13:46:04,1095.75,0.55,2,219095,买盘
13:46:06,1095.75,0.0,1,109575,卖盘
13:46:12,1095.19,-0.56,2,219039,卖盘
13:46:18,1095.0,-0.19,1,109500,卖盘
13:46:21,1095.0,0.0,11,1204540,卖盘
13:46:24,1094.92,-0.08,6,657016,卖盘
13:46:27,1094.9,-0.02,3,328470,卖盘
13:46:30,1094.81,-0.09,1,109481,卖盘
13:46:31,1094.81,0.0,5,547397,卖盘
13:46:36,1094.52,-0.29,2,218910,卖盘
13:46:38,1094.5,-0.02,2,218901,卖盘
13:46:42,1094.58,0.08,5,547260,中性盘
13:46:45,1094.5,-0.08,12,1313414,卖盘
13:46:48,1094.51,0.01,3,328353,卖盘
13:46:51,1094.5,-0.01,3,328354,卖盘
13:46:53,1094.48,-0.02,12,1313386,卖盘
13:46:56,1094.5,0.02,1,109450,卖盘
13:47:00,1094.0,-0.5,100,10940529,卖盘
13:47:03,1094.5,0.5,13,1422877,中性盘
13:47:06,1094.5,0.0,14,1532371,卖盘
13:47:08,1094.5,0.0,2,218900,卖盘
13:47:12,1094.5,0.0,2,218906,卖盘
13:47:15,1094.5,0.0,1,109450,卖盘
13:47:16,1094.78,0.28,1,109478,买盘
13:47:27,1094.78,0.0,3,328406,买盘
13:47:30,1094.79,0.01,1,109479,买盘
13:47:33,1094.56,-0.23,1,109456,卖盘
13:47:45,1094.6,0.04,1,109460,卖盘
13:47:51,1094.69,0.09,4,437849,买盘
13:47:53,1094.7,0.01,1,109470,买盘
13:47:57,1094.61,-0.09,1,109461,卖盘
13:48:03,1094.79,0.18,1,109479,买盘
13:48:06,1094.7,-0.09,12,1313672,卖盘
13:48:18,1094.9,0.2,4,437959,买盘
13:48:21,1094.8,-0.1,2,218959,中性盘
13:48:23,1094.7,-0.1,13,1423164,卖盘
13:48:25,1094.61,-0.09,3,328401,卖盘
13:48:30,1094.61,0.0,2,218926,卖盘
13:48:36,1094.61,0.0,2,218922,卖盘
13:48:39,1094.7,0.09,1,109470,买盘
13:48:42,1094.61,-0.09,1,109461,卖盘
13:48:45,1094.61,0.0,1,109461,卖盘
13:48:51,1094.7,0.09,6,656808,买盘
13:48:57,1094.7,0.0,2,218940,买盘
13:49:03,1094.7,0.0,2,218940,买盘
13:49:06,1094.7,0.0,2,218940,买盘
13:49:09,1094.7,0.0,7,766289,买盘
13:49:10,1094.7,0.0,1,109470,中性盘
13:49:18,1094.79,0.09,1,109479,中性盘
13:49:21,1094.7,-0.09,8,875819,卖盘
13:49:24,1094.8,0.1,3,328440,买盘
13:49:27,1094.7,-0.1,4,437880,卖盘
13:49:30,1094.8,0.1,2,218950,买盘
