time,price,change,volume,amount,type
09:25:04,1105.5,-7.38,383,42340650,卖盘
09:30:03,1105.45,-0.05,154,17083966,卖盘
09:30:06,1105.99,0.54,124,13732319,买盘
09:30:09,1105.29,-0.7,82,9065205,卖盘
09:30:12,1105.5,0.21,24,2652975,买盘
09:30:15,1105.43,-0.07,12,1315382,中性盘
09:30:18,1107.15,1.72,30,3315792,买盘
09:30:21,1107.85,0.7,18,1993637,买盘
09:30:24,1107.86,0.01,10,1107854,买盘
09:30:26,1107.13,-0.73,16,1795029,卖盘
09:30:30,1108.0,0.87,17,1883544,买盘
09:30:33,1108.79,0.79,25,2770090,买盘
09:30:35,1108.8,0.01,20,2217649,买盘
09:30:39,1108.8,0.0,25,2772030,卖盘
09:30:42,1108.8,0.0,34,3771709,卖盘
09:30:45,1108.79,-0.01,17,1884939,中性盘
09:30:48,1108.8,0.01,25,2724318,买盘
09:30:51,1108.8,0.0,10,1108809,买盘
09:30:54,1109.9,1.1,9,998396,买盘
09:30:57,1109.9,0.0,8,887810,中性盘
09:31:00,1109.92,0.02,13,1442326,买盘
09:31:03,1109.92,0.0,11,1254235,买盘
09:31:06,1109.98,0.06,10,1109956,中性盘
09:31:09,1109.92,-0.06,46,5105732,卖盘
09:31:12,1109.0,-0.92,74,8211012,卖盘
09:31:15,1108.8,-0.2,33,3659502,卖盘
09:31:18,1108.8,0.0,16,1774293,卖盘
09:31:21,1108.79,-0.01,17,1885015,卖盘
09:31:24,1108.79,0.0,9,997908,买盘
09:31:27,1108.8,0.01,7,776149,买盘
09:31:30,1108.8,0.0,12,1330528,买盘
09:31:33,1108.79,-0.01,29,3214174,买盘
09:31:36,1106.5,-2.29,17,1882854,卖盘
09:31:39,1107.41,0.91,3,332187,卖盘
09:31:42,1106.99,-0.42,7,774963,卖盘
09:31:45,1106.0,-0.99,4,442598,卖盘
09:31:48,1107.46,1.46,9,996506,买盘
09:31:51,1107.41,-0.05,15,1660409,买盘
09:31:54,1106.0,-1.41,7,774862,中性盘
09:31:57,1106.99,0.99,5,553395,买盘
09:32:00,1106.02,-0.97,27,2962542,卖盘
09:32:02,1105.68,-0.34,21,2348397,卖盘
09:32:06,1106.94,1.26,21,2324608,买盘
09:32:09,1107.0,0.06,21,2324586,卖盘
09:32:12,1107.68,0.68,42,4649232,买盘
09:32:15,1106.5,-1.18,35,3871379,卖盘
09:32:18,1106.5,0.0,8,885170,买盘
09:32:18,1106.47,-0.03,6,663789,中性盘
09:32:24,1106.56,0.09,6,663921,中性盘
09:32:27,1107.0,0.44,7,774628,买盘
09:32:30,1107.0,0.0,3,332050,买盘
09:32:33,1106.5,-0.5,12,1328000,卖盘
09:32:36,1107.0,0.5,11,1217400,卖盘
09:32:39,1107.0,0.0,3,332100,买盘
09:32:42,1106.0,-1.0,22,2434507,卖盘
09:32:45,1108.0,2.0,12,1328576,买盘
09:32:48,1106.08,-1.92,9,996107,卖盘
09:32:51,1106.5,0.42,7,774690,中性盘
09:32:54,1108.0,1.5,14,1549715,买盘
09:32:57,1106.8,-1.2,18,1992397,卖盘
09:33:00,1105.51,-1.29,33,3651268,卖盘
09:33:02,1106.8,1.29,5,553080,买盘
09:33:06,1107.99,1.19,11,1217470,买盘
09:33:09,1106.86,-1.13,2,221372,中性盘
09:33:13,1106.5,-0.36,5,553211,中性盘
09:33:15,1106.49,-0.01,3,331908,买盘
09:33:18,1105.8,-0.69,11,1216661,卖盘
09:33:21,1105.5,-0.3,19,2100511,卖盘
09:33:24,1106.47,0.97,10,1105867,买盘
09:33:27,1106.0,-0.47,33,3649348,卖盘
09:33:30,1106.0,0.0,100,11058434,买盘
09:33:33,1105.26,-0.74,9,994790,卖盘
09:33:36,1105.5,0.24,8,884301,买盘
09:33:39,1105.1,-0.4,9,994894,卖盘
09:33:42,1105.99,0.89,8,884393,买盘
09:33:45,1105.05,-0.94,11,1215653,卖盘
09:33:48,1105.99,0.94,9,995007,卖盘
09:33:51,1105.58,-0.41,9,994865,中性盘
09:33:54,1105.3,-0.28,42,4642897,卖盘
09:33:57,1105.27,-0.03,10,1105273,卖盘
09:34:00,1105.25,-0.02,4,442086,中性盘
09:34:03,1105.27,0.02,13,1436862,买盘
09:34:06,1105.01,-0.26,25,2762867,卖盘
09:34:09,1105.15,0.14,20,2201410,卖盘
09:34:12,1105.31,0.16,84,9282308,中性盘
09:34:13,1105.18,-0.13,7,773652,卖盘
09:34:18,1104.8,-0.38,25,2697309,卖盘
09:34:21,1104.14,-0.66,17,1877880,卖盘
09:34:23,1104.0,-0.14,19,2097695,卖盘
09:34:27,1103.87,-0.13,56,6183053,卖盘
09:34:30,1104.01,0.14,30,3311639,买盘
09:34:33,1103.87,-0.14,6,662303,中性盘
09:34:36,1103.87,0.0,20,2207571,中性盘
09:34:39,1103.56,-0.31,8,882894,卖盘
09:34:42,1103.61,0.05,3,331094,中性盘
09:34:45,1103.68,0.07,13,1434775,卖盘
09:34:48,1103.78,0.1,23,2538480,买盘
09:34:48,1103.78,0.0,22,2428318,买盘
09:34:53,1103.61,-0.17,26,2869482,卖盘
09:34:54,1103.73,0.12,26,2869608,中性盘
09:35:00,1104.0,0.27,27,2980463,买盘
09:35:01,1103.61,-0.39,38,4194650,卖盘
09:35:06,1103.5,-0.11,17,1876075,卖盘
09:35:09,1103.52,0.02,19,2096691,中性盘
09:35:12,1103.01,-0.51,55,6067424,卖盘
09:35:15,1103.01,0.0,34,3750321,卖盘
09:35:18,1103.0,-0.01,69,7610709,卖盘
09:35:21,1103.0,0.0,37,4081068,买盘
09:35:23,1102.62,-0.38,7,771978,卖盘
09:35:27,1102.55,-0.07,10,1102576,卖盘
09:35:30,1102.5,-0.05,2,220499,中性盘
09:35:33,1102.31,-0.19,7,771689,卖盘
09:35:36,1102.31,0.0,9,991886,中性盘
09:35:39,1102.0,-0.31,29,3195783,卖盘
09:35:42,1101.53,-0.47,19,2093519,卖盘
09:35:45,1101.18,-0.35,23,2533255,卖盘
09:35:48,1101.11,-0.07,9,991061,卖盘
09:35:51,1101.11,0.0,11,1211234,卖盘
09:35:54,1101.09,-0.02,15,1651649,卖盘
09:35:57,1101.01,-0.08,23,2532484,卖盘
09:36:00,1101.01,0.0,38,4183839,卖盘
09:36:03,1100.3,-0.71,106,11669753,卖盘
09:36:07,1100.26,-0.04,11,1210655,卖盘
09:36:08,1100.68,0.42,13,1430350,买盘
09:36:13,1100.42,-0.26,6,660366,中性盘
09:36:15,1100.99,0.57,23,2531005,买盘
09:36:18,1100.25,-0.74,12,1375456,中性盘
09:36:18,1100.1,-0.15,34,3741385,卖盘
09:36:24,1100.2,0.1,18,1980302,买盘
09:36:27,1100.11,-0.09,8,880200,卖盘
09:36:28,1100.2,0.09,25,2778356,卖盘
09:36:33,1100.2,0.0,22,2420389,中性盘
09:36:36,1100.15,-0.05,36,3960618,中性盘
09:36:39,1100.25,0.1,40,4400680,买盘
09:36:39,1100.5,0.25,10,1100286,买盘
09:36:45,1100.4,-0.1,40,4401790,中性盘
09:36:48,1100.2,-0.2,32,3520930,卖盘
09:36:51,1100.99,0.79,27,2970658,买盘
09:36:54,1100.39,-0.6,27,2971288,中性盘
09:36:54,1100.29,-0.1,8,880203,中性盘
09:37:00,1100.39,0.1,18,1969642,买盘
09:37:03,1100.32,-0.07,17,1811102,卖盘
09:37:06,1100.33,0.01,9,990267,买盘
09:37:09,1100.29,-0.04,10,1100299,卖盘
09:37:12,1100.19,-0.1,24,2699930,卖盘
09:37:15,1100.2,0.01,160,17603172,买盘
09:37:18,1100.2,0.0,183,20075228,买盘
09:37:18,1100.14,-0.06,21,2369790,卖盘
09:37:24,1101.01,0.87,35,3793215,卖盘
09:37:24,1101.09,0.08,27,2971562,买盘
09:37:30,1100.2,-0.89,9,990573,卖盘
09:37:33,1100.2,0.0,8,880258,卖盘
09:37:36,1100.29,0.09,14,1540513,中性盘
09:37:38,1100.19,-0.1,11,1210228,卖盘
09:37:42,1100.29,0.1,5,550222,卖盘
09:37:45,1100.19,-0.1,23,2530660,卖盘
09:37:48,1100.29,0.1,5,550183,中性盘
09:37:51,1100.4,0.11,1,110040,卖盘
09:37:53,1100.27,-0.13,13,1430503,卖盘
09:37:57,1100.27,0.0,12,1320704,卖盘
09:38:00,1101.0,0.73,17,1871234,买盘
09:38:03,1101.0,0.0,14,1540928,买盘
09:38:06,1100.5,-0.5,27,2971942,中性盘
09:38:10,1100.2,-0.3,18,1980658,卖盘
09:38:12,1100.12,-0.08,19,2090366,卖盘
09:38:15,1100.11,-0.01,10,1100115,卖盘
09:38:18,1100.11,0.0,51,5610533,卖盘
09:38:21,1100.08,-0.03,32,3520375,卖盘
09:38:24,1100.1,0.02,10,1155091,卖盘
09:38:27,1100.02,-0.08,13,1430100,卖盘
09:38:30,1100.03,0.01,82,9020224,中性盘
09:38:33,1100.0,-0.03,144,15847837,卖盘
09:38:36,1100.0,0.0,101,11101907,卖盘
09:38:39,1100.0,0.0,35,3849998,买盘
09:38:42,1100.0,0.0,8,879900,买盘
09:38:45,1099.0,-1.0,13,1429095,卖盘
09:38:48,1099.0,0.0,17,1868285,卖盘
09:38:51,1098.5,-0.5,3,329628,卖盘
09:38:54,1099.0,0.5,4,439589,买盘
09:38:57,1099.0,0.0,55,6040415,买盘
09:39:00,1098.0,-1.0,19,2087560,卖盘
09:39:03,1098.9,0.9,19,2087436,买盘
09:39:06,1098.0,-0.9,37,4062614,卖盘
09:39:08,1098.05,0.05,26,2854825,买盘
09:39:12,1098.0,-0.05,19,2086257,卖盘
09:39:15,1097.7,-0.3,7,768555,卖盘
09:39:18,1097.84,0.14,15,1646703,中性盘
09:39:21,1098.0,0.16,19,2086102,买盘
09:39:24,1097.85,-0.15,4,439175,卖盘
09:39:27,1097.99,0.14,10,1097968,买盘
09:39:30,1097.97,-0.02,4,439146,中性盘
09:39:33,1097.2,-0.77,26,2852843,卖盘
09:39:36,1097.2,0.0,16,1755545,买盘
09:39:39,1097.77,0.57,28,3073718,买盘
09:39:40,1097.84,0.07,16,1756643,买盘
09:39:45,1097.2,-0.64,21,2304271,卖盘
09:39:48,1097.84,0.64,5,548776,买盘
09:39:51,1097.66,-0.18,4,439037,中性盘
09:39:53,1097.84,0.18,11,1207617,买盘
09:39:57,1097.66,-0.18,12,1317064,中性盘
09:40:00,1097.23,-0.43,10,1097395,中性盘
09:40:01,1097.23,0.0,40,4388348,买盘
09:40:06,1097.23,0.0,10,1097271,买盘
09:40:09,1097.36,0.13,8,877874,中性盘
09:40:12,1097.21,-0.15,7,768067,卖盘
09:40:15,1097.2,-0.01,25,2742640,中性盘
09:40:18,1097.01,-0.19,44,4827531,卖盘
09:40:21,1097.0,-0.01,53,5814112,卖盘
09:40:24,1096.96,-0.04,16,1755180,卖盘
09:40:27,1097.0,0.04,43,4716223,买盘
09:40:30,1096.95,-0.05,9,987289,卖盘
09:40:33,1096.95,0.0,21,2303437,中性盘
09:40:36,1096.95,0.0,4,438735,买盘
09:40:39,1096.85,-0.1,17,1864859,卖盘
09:40:42,1096.95,0.1,13,1426016,卖盘
09:40:45,1096.86,-0.09,75,8227433,卖盘
09:40:48,1096.96,0.1,22,2413368,买盘
09:40:51,1096.85,-0.11,12,1316354,卖盘
09:40:53,1096.99,0.14,4,438788,买盘
09:40:55,1096.97,-0.02,9,987296,卖盘
09:41:00,1097.01,0.04,8,877603,买盘
09:41:03,1096.98,-0.03,22,2413321,卖盘
09:41:06,1097.01,0.03,71,7806319,买盘
09:41:09,1097.0,-0.01,7,767952,卖盘
09:41:12,1097.36,0.36,15,1645595,买盘
09:41:15,1097.5,0.14,9,987570,买盘
09:41:18,1097.25,-0.25,7,768182,卖盘
09:41:21,1097.5,0.25,4,439035,卖盘
09:41:23,1097.99,0.49,11,1207544,买盘
09:41:27,1097.99,0.0,4,439187,中性盘
09:41:28,1098.0,0.01,54,5929198,买盘
09:41:32,1098.5,0.5,73,8012258,买盘
09:41:36,1099.01,0.51,10,1098789,买盘
09:41:39,1099.01,0.0,20,2198015,卖盘
09:41:42,1100.01,1.0,4,440002,买盘
09:41:45,1100.01,0.0,15,1650062,买盘
09:41:48,1100.01,0.0,18,1980390,卖盘
09:41:51,1100.24,0.23,2,220048,中性盘
09:41:54,1100.24,0.0,12,1321160,卖盘
09:41:55,1101.0,0.76,30,3300797,买盘
09:42:02,1101.0,0.0,53,5830541,中性盘
09:42:06,1101.09,0.09,14,1541442,买盘
09:42:09,1101.09,0.0,5,550518,买盘
09:42:12,1101.0,-0.09,67,7377087,卖盘
09:42:15,1099.91,-1.09,42,4623191,卖盘
09:42:18,1100.23,0.32,2,220014,买盘
09:42:21,1101.09,0.86,60,6603893,买盘
09:42:24,1099.0,-2.09,6,659606,中性盘
09:42:24,1100.89,1.89,4,440088,买盘
09:42:30,1100.0,-0.89,45,4950017,中性盘
09:42:32,1100.0,0.0,1,110000,买盘
09:42:36,1099.0,-1.0,7,769402,卖盘
09:42:39,1098.99,-0.01,5,549499,卖盘
09:42:42,1098.99,0.0,22,2417779,买盘
09:42:45,1098.99,0.0,12,1318788,卖盘
09:42:48,1098.68,-0.31,6,659345,卖盘
09:42:48,1098.5,-0.18,5,549268,卖盘
09:42:54,1098.0,-0.5,44,4832337,卖盘
09:42:57,1098.0,0.0,6,658950,卖盘
09:43:03,1098.01,0.01,5,549333,卖盘
09:43:06,1097.99,-0.02,22,2415709,卖盘
09:43:08,1098.0,0.01,27,2964540,买盘
09:43:12,1097.51,-0.49,7,768511,卖盘
09:43:15,1097.51,0.0,2,219550,卖盘
09:43:18,1098.0,0.49,12,1316834,买盘
09:43:21,1098.0,0.0,3,329400,买盘
09:43:24,1098.0,0.0,7,768600,买盘
09:43:27,1098.0,0.0,1,109800,买盘
09:43:28,1098.0,0.0,1,109800,买盘
09:43:33,1097.75,-0.25,8,878215,卖盘
09:43:38,1097.3,-0.45,10,1097385,卖盘
09:43:42,1097.3,0.0,2,219460,买盘
09:43:43,1097.75,0.45,3,329267,买盘
09:43:48,1097.75,0.0,12,1317211,买盘
09:43:51,1097.75,0.0,3,329340,中性盘
09:43:54,1097.75,0.0,15,1560137,卖盘
09:43:55,1098.0,0.25,2,219599,中性盘
09:43:58,1097.75,-0.25,5,548899,卖盘
09:44:03,1097.99,0.24,3,329397,买盘
09:44:06,1097.75,-0.24,20,2195907,卖盘
09:44:08,1098.0,0.25,3,329400,中性盘
09:44:12,1098.0,0.0,6,658810,卖盘
09:44:15,1097.75,-0.25,12,1317353,卖盘
09:44:18,1097.99,0.24,11,1207768,卖盘
09:44:19,1097.99,0.0,6,658775,买盘
09:44:24,1098.0,0.01,9,988189,买盘
09:44:27,1098.0,0.0,6,658828,卖盘
09:44:30,1098.09,0.09,4,439227,中性盘
09:44:32,1097.99,-0.1,15,1646990,卖盘
09:44:36,1097.88,-0.11,8,878377,卖盘
09:44:39,1098.09,0.21,38,4172566,买盘
09:44:42,1098.09,0.0,2,219618,卖盘
09:44:45,1097.99,-0.1,8,878408,卖盘
09:44:48,1097.88,-0.11,7,768540,卖盘
09:44:51,1097.86,-0.02,6,658703,中性盘
09:44:53,1097.88,0.02,19,2086126,买盘
09:44:55,1097.88,0.0,4,439152,买盘
09:45:00,1097.94,0.06,3,329403,中性盘
09:45:03,1097.8,-0.14,15,1646804,卖盘
09:45:04,1097.79,-0.01,41,4500388,卖盘
09:45:09,1097.3,-0.49,7,768352,卖盘
09:45:10,1097.2,-0.1,10,1183990,卖盘
09:45:15,1097.12,-0.08,13,1426207,卖盘
09:45:18,1097.0,-0.12,24,2632805,卖盘
09:45:21,1097.0,0.0,55,6033504,卖盘
09:45:24,1096.88,-0.12,13,1426006,卖盘
09:45:27,1096.85,-0.03,8,877490,卖盘
09:45:30,1096.77,-0.08,7,767811,卖盘
09:45:33,1096.58,-0.19,6,658036,卖盘
09:45:36,1096.84,0.26,7,767765,买盘
09:45:39,1096.77,-0.07,11,1206351,中性盘
09:45:42,1096.85,0.08,10,1096818,买盘
09:45:45,1096.69,-0.16,5,496826,卖盘
09:45:48,1096.6,-0.09,6,657974,卖盘
09:45:49,1096.5,-0.1,5,548265,卖盘
09:45:54,1096.5,0.0,23,2522348,卖盘
09:45:55,1096.5,0.0,34,3728165,卖盘
09:46:00,1096.64,0.14,31,3399192,买盘
09:46:03,1096.51,-0.13,4,438612,卖盘
09:46:03,1096.5,-0.01,4,438605,卖盘
09:46:09,1096.53,0.03,4,438612,买盘
09:46:13,1096.5,-0.03,7,767480,买盘
09:46:15,1096.51,0.01,5,548246,买盘
09:46:16,1096.21,-0.3,9,1038250,卖盘
09:46:21,1096.55,0.34,12,1315596,买盘
09:46:24,1096.55,0.0,8,877211,买盘
09:46:30,1096.33,-0.22,4,438571,卖盘
09:46:33,1096.5,0.17,5,548220,中性盘
09:46:36,1096.34,-0.16,2,219268,卖盘
09:46:39,1096.1,-0.24,39,4275175,卖盘
09:46:40,1096.33,0.23,5,548165,买盘
09:46:45,1096.11,-0.22,8,876905,中性盘
09:46:46,1096.1,-0.01,7,767339,卖盘
09:46:54,1096.34,0.24,26,2850141,买盘
09:46:54,1096.33,-0.01,6,657803,卖盘
09:47:00,1096.33,0.0,1,109633,中性盘
09:47:03,1096.49,0.16,10,1096406,买盘
09:47:06,1096.33,-0.16,4,438517,买盘
09:47:09,1096.5,0.17,23,2521782,买盘
09:47:10,1096.11,-0.39,10,1096235,卖盘
09:47:15,1096.33,0.22,3,287228,卖盘
09:47:17,1096.32,-0.01,11,1205786,卖盘
09:47:21,1096.31,-0.01,1,109631,中性盘
09:47:24,1096.32,0.01,1,109632,买盘
09:47:27,1096.32,0.0,12,1315466,买盘
09:47:30,1096.32,0.0,5,548160,买盘
09:47:33,1096.33,0.01,8,877061,买盘
09:47:36,1096.1,-0.23,50,5480668,卖盘
09:47:38,1096.27,0.17,5,548108,买盘
09:47:42,1096.13,-0.14,8,877029,中性盘
09:47:45,1096.1,-0.03,9,986507,卖盘
09:47:48,1096.11,0.01,30,3288294,买盘
09:47:51,1096.11,0.0,5,548054,买盘
09:47:54,1096.03,-0.08,21,2302032,卖盘
09:47:57,1096.18,0.15,2,219236,中性盘
09:48:00,1096.03,-0.15,5,548060,卖盘
09:48:03,1096.11,0.08,4,438469,卖盘
09:48:06,1096.2,0.09,10,1096158,中性盘
09:48:09,1096.21,0.01,15,1644307,买盘
09:48:12,1096.21,0.0,18,1973162,买盘
09:48:15,1096.22,0.01,14,1505097,买盘
09:48:18,1096.21,-0.01,3,328864,卖盘
09:48:21,1096.33,0.12,3,328875,买盘
09:48:24,1096.21,-0.12,9,986639,卖盘
09:48:25,1096.33,0.12,4,438532,中性盘
09:48:30,1096.33,0.0,5,548248,卖盘
09:48:33,1096.33,0.0,2,219266,卖盘
09:48:36,1096.55,0.22,4,438598,买盘
09:48:39,1096.55,0.0,16,1754436,买盘
09:48:42,1096.99,0.44,5,548319,买盘
09:48:45,1096.99,0.0,1,109699,买盘
09:48:48,1096.99,0.0,22,2412521,买盘
09:48:51,1096.99,0.0,16,1754645,买盘
09:48:54,1096.5,-0.49,31,3400545,卖盘
09:48:57,1097.0,0.5,12,1316398,买盘
09:48:58,1097.0,0.0,36,3949198,买盘
09:49:02,1097.01,0.01,13,1426102,买盘
09:49:06,1097.78,0.77,6,658368,买盘
09:49:09,1098.71,0.93,5,549093,买盘
09:49:12,1097.4,-1.31,20,2194197,中性盘
09:49:15,1098.94,1.54,4,439588,买盘
09:49:18,1097.78,-1.16,3,329427,卖盘
09:49:24,1099.88,2.1,3,329964,买盘
09:49:27,1100.0,0.12,10,1099999,买盘
09:49:30,1100.0,0.0,4,440024,买盘
09:49:33,1100.0,0.0,5,550078,卖盘
09:49:33,1100.3,0.3,3,330150,卖盘
09:49:39,1100.55,0.25,4,440163,卖盘
09:49:42,1100.6,0.05,3,330175,买盘
09:49:45,1100.0,-0.6,17,1870169,卖盘
09:49:48,1100.29,0.29,2,220058,买盘
09:49:51,1100.3,0.01,6,660089,买盘
09:49:54,1100.8,0.5,3,330210,中性盘
09:49:57,1100.3,-0.5,4,440140,中性盘
09:50:00,1100.02,-0.28,7,770180,卖盘
09:50:03,1100.0,-0.02,11,1210251,卖盘
09:50:06,1099.88,-0.12,26,2860048,卖盘
09:50:09,1099.0,-0.88,3,329876,卖盘
09:50:12,1098.86,-0.14,5,549649,卖盘
09:50:15,1098.86,0.0,2,219777,卖盘
09:50:18,1098.86,0.0,1,109886,买盘
09:50:21,1098.0,-0.86,3,329572,卖盘
09:50:24,1097.0,-1.0,26,2853293,卖盘
09:50:30,1097.0,0.0,11,1206696,买盘
09:50:33,1096.99,-0.01,2,219365,中性盘
09:50:36,1096.66,-0.33,4,438664,卖盘
09:50:39,1096.55,-0.11,11,1206191,卖盘
09:50:42,1096.6,0.05,4,438630,买盘
09:50:45,1096.61,0.01,5,548304,买盘
09:50:48,1097.0,0.39,6,658006,卖盘
09:50:51,1096.61,-0.39,6,657981,中性盘
09:50:54,1096.61,0.0,7,767637,卖盘
09:50:57,1096.61,0.0,20,2193198,卖盘
09:51:00,1097.0,0.39,1,109700,买盘
09:51:03,1097.0,0.0,1,109700,买盘
09:51:06,1096.63,-0.37,17,1864756,卖盘
09:51:09,1096.6,-0.03,9,986993,卖盘
09:51:15,1096.63,0.03,4,438641,买盘
09:51:18,1097.0,0.37,6,657982,买盘
09:51:21,1097.0,0.0,26,2852163,买盘
09:51:24,1096.55,-0.45,24,2632239,卖盘
09:51:27,1096.9,0.35,2,219390,卖盘
09:51:30,1096.59,-0.31,8,877343,卖盘
09:51:33,1096.84,0.25,3,329027,买盘
09:51:36,1096.84,0.0,1,109684,卖盘
09:51:39,1096.9,0.06,1,109690,买盘
09:51:42,1096.9,0.0,3,329084,中性盘
09:51:45,1097.0,0.1,7,767824,买盘
09:51:45,1096.84,-0.16,5,548452,卖盘
09:51:51,1096.84,0.0,4,438736,买盘
09:51:53,1096.55,-0.29,21,2303074,卖盘
09:51:57,1096.54,-0.01,6,657921,中性盘
09:51:58,1096.55,0.01,3,328961,买盘
09:52:03,1096.5,-0.05,18,1973726,卖盘
09:52:03,1096.55,0.05,15,1644773,买盘
09:52:08,1096.55,0.0,16,1754431,买盘
09:52:10,1096.98,0.43,3,329059,买盘
09:52:15,1096.55,-0.43,1,109655,卖盘
09:52:18,1096.54,-0.01,13,1425498,卖盘
09:52:21,1096.5,-0.04,23,2522217,卖盘
09:52:24,1096.27,-0.23,17,1863782,卖盘
09:52:27,1096.5,0.23,19,2082906,买盘
09:52:30,1096.3,-0.2,1,109630,中性盘
09:52:33,1096.28,-0.02,21,2303250,买盘
09:52:36,1096.28,0.0,22,2411796,买盘
09:52:39,1096.28,0.0,18,1973265,买盘
09:52:42,1096.21,-0.07,5,548115,卖盘
09:52:43,1096.21,0.0,5,548121,卖盘
09:52:48,1096.21,0.0,13,1425093,卖盘
09:52:51,1096.2,-0.01,18,1973168,卖盘
09:52:54,1096.21,0.01,19,2082795,买盘
09:52:57,1096.1,-0.11,38,4165110,卖盘
09:53:00,1096.1,0.0,19,2082443,买盘
09:53:03,1096.1,0.0,32,3507270,买盘
09:53:03,1096.01,-0.09,38,4164818,卖盘
09:53:09,1096.0,-0.01,12,1315212,卖盘
09:53:12,1096.02,0.02,9,986404,买盘
09:53:15,1096.0,-0.02,7,767205,卖盘
09:53:18,1096.0,0.0,12,1315204,卖盘
09:53:21,1096.0,0.0,46,5041605,卖盘
09:53:24,1096.01,0.01,4,438401,买盘
09:53:27,1096.0,-0.01,44,4822426,卖盘
09:53:30,1096.0,0.0,38,4164802,卖盘
09:53:33,1095.98,-0.02,91,9973589,卖盘
09:53:36,1096.0,0.02,6,657612,卖盘
09:53:39,1095.98,-0.02,8,946929,卖盘
09:53:41,1095.86,-0.12,9,986326,卖盘
09:53:45,1095.98,0.12,30,3287818,买盘
09:53:46,1095.98,0.0,7,767186,买盘
09:53:51,1095.96,-0.02,3,328778,卖盘
09:53:54,1095.58,-0.38,8,876548,卖盘
09:53:57,1095.55,-0.03,4,438220,卖盘
09:54:00,1095.5,-0.05,8,876343,卖盘
09:54:03,1095.47,-0.03,2,219097,中性盘
09:54:06,1095.5,0.03,6,657300,买盘
09:54:08,1095.5,0.0,2,219100,卖盘
09:54:11,1095.12,-0.38,8,876224,卖盘
09:54:15,1095.05,-0.07,4,438058,卖盘
09:54:18,1095.0,-0.05,29,3175560,卖盘
09:54:21,1095.05,0.05,2,219010,买盘
09:54:24,1095.0,-0.05,31,3394506,卖盘
09:54:27,1095.0,0.0,9,985510,卖盘
09:54:30,1095.05,0.05,5,547507,买盘
09:54:33,1095.0,-0.05,24,2628010,卖盘
09:54:36,1095.0,0.0,40,4380009,卖盘
09:54:38,1095.0,0.0,11,1204504,卖盘
09:54:42,1095.3,0.3,46,5037909,买盘
09:54:45,1095.33,0.03,1,109533,买盘
09:54:48,1095.05,-0.28,6,657055,卖盘
09:54:51,1095.12,0.07,2,219041,卖盘
09:54:54,1095.07,-0.05,5,547533,买盘
09:54:57,1095.06,-0.01,24,2628078,中性盘
09:55:00,1095.07,0.01,2,219013,中性盘
09:55:03,1095.0,-0.07,45,4927655,卖盘
09:55:06,1095.05,0.05,4,438010,买盘
09:55:09,1095.05,0.0,25,2737510,买盘
09:55:12,1095.05,0.0,16,1752080,买盘
09:55:13,1095.04,-0.01,27,2956534,中性盘
09:55:18,1095.0,-0.04,27,2956523,卖盘
09:55:18,1095.01,0.01,11,1204519,中性盘
09:55:24,1095.0,-0.01,24,2628072,卖盘
09:55:28,1094.99,-0.01,16,1751979,买盘
09:55:33,1094.98,-0.01,18,1970992,卖盘
09:55:36,1094.98,0.0,11,1204472,中性盘
09:55:39,1094.88,-0.1,3,328487,卖盘
09:55:42,1094.98,0.1,5,547456,买盘
09:55:45,1094.94,-0.04,2,218993,中性盘
09:55:48,1094.91,-0.03,3,328481,卖盘
09:55:51,1094.91,0.0,3,328473,卖盘
09:55:54,1094.99,0.08,5,547488,买盘
09:55:57,1094.99,0.0,13,1423393,买盘
09:56:00,1094.91,-0.08,11,1204406,卖盘
09:56:03,1094.99,0.08,1,109499,买盘
09:56:06,1094.91,-0.08,2,218982,卖盘
09:56:09,1094.99,0.08,6,656973,买盘
09:56:12,1094.99,0.0,8,875992,卖盘
09:56:15,1094.99,0.0,10,1094996,卖盘
09:56:18,1094.99,0.0,4,437998,卖盘
09:56:18,1095.01,0.02,18,1970990,买盘
09:56:23,1095.01,0.0,24,2628013,买盘
09:56:27,1095.01,0.0,5,547504,中性盘
09:56:30,1095.03,0.02,13,1423571,中性盘
09:56:32,1095.55,0.52,1,109555,中性盘
09:56:36,1095.55,0.0,7,766665,买盘
09:56:39,1095.1,-0.45,9,985635,卖盘
09:56:41,1095.6,0.5,7,766900,买盘
09:56:45,1095.55,-0.05,5,468906,卖盘
09:56:48,1095.11,-0.44,7,766887,卖盘
09:56:51,1095.55,0.44,9,985767,买盘
09:56:54,1095.01,-0.54,22,2409178,卖盘
09:56:57,1095.1,0.09,1,109510,买盘
09:57:00,1095.1,0.0,8,876085,卖盘
09:57:02,1095.5,0.4,41,4489960,买盘
09:57:06,1095.11,-0.39,31,3395236,卖盘
09:57:09,1095.11,0.0,22,2409281,卖盘
09:57:12,1095.11,0.0,46,5037515,卖盘
09:57:15,1095.1,-0.01,20,2190204,卖盘
09:57:18,1095.13,0.03,6,657052,买盘
09:57:21,1095.55,0.42,26,2848330,买盘
09:57:24,1095.1,-0.45,56,6132087,卖盘
09:57:27,1095.55,0.45,1,109555,卖盘
09:57:28,1095.08,-0.47,5,547598,卖盘
09:57:33,1095.6,0.52,39,4270651,买盘
09:57:36,1095.1,-0.5,2,219020,买盘
09:57:39,1095.01,-0.09,23,2518700,卖盘
09:57:42,1095.05,0.04,7,766525,卖盘
09:57:48,1095.6,0.55,6,657140,买盘
09:57:51,1095.6,0.0,16,1752581,买盘
09:57:54,1095.6,0.0,1,109560,卖盘
09:57:57,1095.6,0.0,2,219120,卖盘
09:57:58,1095.05,-0.55,8,876265,卖盘
09:58:03,1095.05,0.0,16,1752080,卖盘
09:58:06,1095.03,-0.02,4,438018,卖盘
09:58:09,1095.05,0.02,1,109505,中性盘
09:58:12,1095.02,-0.03,10,1095023,卖盘
09:58:15,1095.05,0.03,1,109505,中性盘
09:58:21,1095.6,0.55,9,985705,买盘
09:58:24,1095.06,-0.54,4,438017,中性盘
09:58:27,1095.06,0.0,2,219066,卖盘
09:58:31,1095.06,0.0,7,766704,卖盘
09:58:33,1095.06,0.0,10,1095045,买盘
09:58:36,1095.6,0.54,5,547800,买盘
09:58:42,1095.6,0.0,6,657190,买盘
09:58:45,1095.6,0.0,2,219110,买盘
09:58:48,1095.5,-0.1,1,109550,中性盘
09:58:51,1095.2,-0.3,2,286973,卖盘
09:58:54,1095.2,0.0,8,876192,卖盘
09:58:57,1095.5,0.3,2,219100,买盘
09:59:03,1095.5,0.0,12,1314361,买盘
09:59:06,1095.15,-0.35,4,370173,卖盘
09:59:09,1095.21,0.06,2,219038,卖盘
09:59:12,1095.11,-0.1,6,657068,中性盘
09:59:15,1095.15,0.04,5,547570,买盘
09:59:18,1095.1,-0.05,1,142373,卖盘
09:59:21,1095.21,0.11,5,547536,卖盘
09:59:30,1095.27,0.06,11,1204830,卖盘
09:59:33,1095.21,-0.06,2,219048,卖盘
09:59:36,1095.28,0.07,1,109528,买盘
09:59:39,1095.28,0.0,3,328568,买盘
09:59:42,1095.02,-0.26,5,547534,卖盘
09:59:45,1095.02,0.0,8,876010,买盘
09:59:48,1095.1,0.08,2,219019,买盘
09:59:51,1095.01,-0.09,4,438017,卖盘
09:59:54,1095.1,0.09,4,438021,买盘
10:00:00,1095.1,0.0,33,3613516,买盘
10:00:03,1095.05,-0.05,9,985536,中性盘
10:00:06,1095.05,0.0,15,1642556,买盘
10:00:09,1095.05,0.0,7,766565,卖盘
10:00:12,1095.01,-0.04,13,1423585,卖盘
10:00:15,1095.0,-0.01,68,7446060,卖盘
10:00:18,1095.02,0.02,2,219004,卖盘
10:00:21,1095.0,-0.02,13,1423507,卖盘
10:00:24,1095.05,0.05,11,1204512,买盘
10:00:27,1095.0,-0.05,3,328505,中性盘
10:00:33,1095.05,0.05,8,876005,买盘
10:00:36,1095.03,-0.02,16,1752014,卖盘
10:00:39,1095.0,-0.03,1,109500,中性盘
10:00:42,1094.99,-0.01,2,218999,卖盘
10:00:45,1094.99,0.0,7,766494,卖盘
10:00:48,1094.99,0.0,7,766496,卖盘
10:00:51,1094.99,0.0,8,875995,卖盘
10:00:54,1094.99,0.0,41,4489466,卖盘
10:00:54,1094.99,0.0,11,1204488,买盘
10:01:00,1094.99,0.0,20,2189977,买盘
10:01:03,1094.92,-0.07,49,5365042,卖盘
10:01:06,1094.9,-0.02,19,2080315,卖盘
10:01:09,1094.92,0.02,1,109492,买盘
10:01:12,1094.98,0.06,26,2846769,买盘
10:01:15,1094.92,-0.06,1,109492,卖盘
10:01:17,1094.96,0.04,4,437984,买盘
10:01:21,1094.88,-0.08,6,656940,卖盘
10:01:24,1094.91,0.03,2,218983,中性盘
10:01:27,1094.9,-0.01,1,109490,卖盘
10:01:30,1094.8,-0.1,7,766398,卖盘
10:01:32,1094.9,0.1,6,656920,买盘
10:01:36,1094.9,0.0,2,218980,买盘
10:01:39,1094.9,0.0,4,437956,买盘
10:01:42,1094.86,-0.04,11,1204340,卖盘
10:01:45,1094.92,0.06,19,2080306,买盘
10:01:48,1094.86,-0.06,5,547437,中性盘
10:01:51,1094.86,0.0,2,218966,买盘
10:01:53,1094.8,-0.06,1,109480,买盘
10:01:57,1094.8,0.0,2,218959,买盘
10:02:00,1094.8,0.0,11,1204251,买盘
10:02:03,1094.8,0.0,4,437920,卖盘
10:02:06,1094.65,-0.15,19,2079979,卖盘
10:02:09,1094.79,0.14,1,109479,买盘
10:02:12,1094.79,0.0,3,328440,卖盘
10:02:14,1094.79,0.0,1,109479,买盘
10:02:17,1094.65,-0.14,4,437888,卖盘
10:02:21,1094.6,-0.05,17,1860885,卖盘
10:02:24,1094.79,0.19,9,985311,买盘
10:02:27,1094.8,0.01,8,875835,买盘
10:02:30,1094.79,-0.01,9,985313,卖盘
10:02:32,1094.8,0.01,10,1094795,买盘
10:02:33,1094.79,-0.01,2,218959,卖盘
10:02:39,1094.79,0.0,24,2627504,卖盘
10:02:41,1094.79,0.0,5,547398,卖盘
10:02:45,1094.8,0.01,6,656875,中性盘
10:02:48,1094.79,-0.01,8,875848,卖盘
10:02:51,1094.8,0.01,2,218960,买盘
10:02:54,1094.66,-0.14,5,547344,卖盘
10:02:57,1094.6,-0.06,3,328386,卖盘
10:03:00,1094.6,0.0,5,547345,卖盘
10:03:03,1094.78,0.18,14,1532534,卖盘
10:03:06,1094.61,-0.17,5,547350,中性盘
10:03:09,1094.6,-0.01,3,328404,卖盘
10:03:12,1094.86,0.26,10,1094714,买盘
10:03:15,1094.86,0.0,7,766376,买盘
10:03:18,1094.78,-0.08,5,547392,卖盘
10:03:18,1094.6,-0.18,10,1094629,卖盘
10:03:24,1094.6,0.0,3,328382,中性盘
10:03:27,1094.78,0.18,7,766320,买盘
10:03:29,1094.6,-0.18,5,547336,卖盘
10:03:33,1094.6,0.0,4,437814,买盘
10:03:35,1094.61,0.01,26,2845953,买盘
10:03:39,1094.86,0.25,8,875783,买盘
10:03:42,1094.61,-0.25,6,656818,卖盘
10:03:45,1094.87,0.26,11,1204098,买盘
10:03:51,1094.61,-0.26,13,1423038,卖盘
10:03:54,1094.61,0.0,9,985153,卖盘
10:03:57,1094.61,0.0,14,1532466,卖盘
10:04:00,1094.84,0.23,5,547382,买盘
10:04:03,1094.87,0.03,13,1423167,买盘
10:04:06,1094.93,0.06,8,875808,买盘
10:04:13,1094.93,0.0,13,1423349,买盘
10:04:15,1094.93,0.0,1,109493,买盘
10:04:18,1094.87,-0.06,1,109487,卖盘
10:04:21,1094.75,-0.12,8,875883,卖盘
10:04:23,1094.7,-0.05,2,218940,卖盘
10:04:27,1094.75,0.05,25,2747424,买盘
10:04:30,1094.51,-0.24,6,645774,卖盘
10:04:33,1094.51,0.0,7,766154,买盘
10:04:36,1094.51,0.0,7,777102,买盘
10:04:39,1094.55,0.04,6,656770,中性盘
10:04:40,1094.5,-0.05,18,1970145,卖盘
10:04:43,1094.28,-0.22,23,2506308,卖盘
10:04:47,1094.28,0.0,9,984852,买盘
10:04:51,1094.19,-0.09,8,875406,卖盘
10:04:54,1094.19,0.0,6,656514,买盘
10:04:57,1094.19,0.0,2,218838,买盘
10:05:00,1094.18,-0.01,7,765896,卖盘
10:05:03,1094.13,-0.05,7,765878,中性盘
10:05:06,1094.19,0.06,18,1969467,买盘
10:05:09,1094.19,0.0,13,1422449,卖盘
10:05:12,1094.19,0.0,29,3173156,卖盘
10:05:15,1094.19,0.0,2,218839,卖盘
10:05:18,1094.19,0.0,3,328260,卖盘
10:05:21,1094.21,0.02,2,218841,买盘
10:05:24,1094.19,-0.02,9,984763,买盘
10:05:27,1094.15,-0.04,28,3063728,卖盘
10:05:30,1094.03,-0.12,5,547031,卖盘
10:05:33,1094.15,0.12,4,437648,买盘
10:05:36,1094.03,-0.12,5,547072,中性盘
10:05:39,1094.02,-0.01,6,656415,卖盘
10:05:42,1094.01,-0.01,25,2735053,卖盘
10:05:45,1094.15,0.14,11,1203469,买盘
10:05:48,1094.01,-0.14,4,437606,卖盘
10:05:51,1094.02,0.01,30,3282014,买盘
10:05:53,1093.9,-0.12,51,5579375,卖盘
10:05:57,1093.88,-0.02,9,984543,卖盘
10:06:00,1093.82,-0.06,8,875131,卖盘
10:06:03,1093.88,0.06,8,874917,买盘
10:06:05,1093.0,-0.88,19,2077087,卖盘
10:06:09,1093.0,0.0,12,1312357,卖盘
10:06:12,1093.0,0.0,18,1967500,卖盘
10:06:14,1093.0,0.0,68,7419383,卖盘
10:06:18,1093.0,0.0,5,546500,卖盘
10:06:21,1093.0,0.0,16,1749100,卖盘
10:06:24,1092.9,-0.1,4,450285,买盘
10:06:27,1092.6,-0.3,4,437116,卖盘
10:06:28,1092.9,0.3,10,1092866,买盘
10:06:33,1092.51,-0.39,6,655505,卖盘
10:06:36,1092.58,0.07,11,1201645,买盘
10:06:38,1092.9,0.32,2,218567,买盘
10:06:42,1092.9,0.0,10,1092581,买盘
10:06:45,1092.58,-0.32,1,109258,买盘
10:06:48,1092.28,-0.3,5,546193,卖盘
10:06:51,1092.28,0.0,6,655398,卖盘
10:06:54,1092.28,0.0,9,983055,卖盘
10:06:57,1092.5,0.22,11,1201660,买盘
10:07:00,1092.58,0.08,7,764759,买盘
10:07:03,1092.58,0.0,13,1420266,买盘
10:07:06,1092.58,0.0,6,655524,买盘
10:07:09,1092.5,-0.08,35,3823820,卖盘
10:07:12,1092.23,-0.27,7,764631,卖盘
10:07:15,1092.19,-0.04,4,436881,卖盘
10:07:18,1092.29,0.1,15,1638388,买盘
10:07:21,1092.3,0.01,2,218480,卖盘
10:07:24,1092.3,0.0,21,2293955,卖盘
10:07:27,1092.5,0.2,9,983110,买盘
10:07:30,1092.3,-0.2,1,109230,卖盘
10:07:33,1092.3,0.0,10,1092323,卖盘
10:07:36,1092.5,0.2,3,327730,买盘
10:07:39,1092.5,0.0,7,764670,买盘
10:07:42,1092.5,0.0,9,983121,买盘
10:07:45,1092.3,-0.2,17,1856831,卖盘
10:07:51,1092.3,0.0,30,3276214,买盘
10:07:54,1092.3,0.0,26,2839383,买盘
10:07:57,1092.9,0.6,107,11687679,买盘
10:08:00,1092.41,-0.49,1,109241,中性盘
10:08:03,1092.0,-0.41,16,1747647,卖盘
10:08:06,1092.9,0.9,4,436998,买盘
10:08:09,1092.3,-0.6,20,2184400,中性盘
10:08:12,1091.6,-0.7,3,327536,卖盘
10:08:15,1092.9,1.3,4,436840,买盘
10:08:18,1092.0,-0.9,4,436728,中性盘
10:08:21,1093.0,1.0,2,218590,买盘
10:08:24,1091.9,-1.1,9,982631,卖盘
10:08:27,1092.28,0.38,2,218423,买盘
10:08:30,1092.28,0.0,3,327758,卖盘
10:08:33,1092.01,-0.27,6,655077,买盘
10:08:36,1091.95,-0.06,5,553588,中性盘
10:08:39,1091.95,0.0,1,109195,买盘
10:08:42,1091.9,-0.05,7,764880,中性盘
10:08:45,1091.61,-0.29,10,1091610,中性盘
10:08:47,1091.9,0.29,2,218390,中性盘
10:08:54,1092.0,0.1,7,764520,中性盘
10:08:57,1091.95,-0.05,3,327690,卖盘
10:09:00,1092.99,1.04,2,218599,中性盘
10:09:03,1091.95,-1.04,4,436862,卖盘
10:09:06,1092.0,0.05,48,5241595,中性盘
10:09:09,1092.0,0.0,21,2292810,买盘
10:09:12,1091.8,-0.2,4,436710,中性盘
10:09:15,1092.0,0.2,8,873486,买盘
10:09:19,1091.8,-0.2,3,327540,中性盘
10:09:21,1091.8,0.0,4,436729,卖盘
10:09:23,1091.88,0.08,49,5349437,中性盘
10:09:26,1091.7,-0.18,8,873431,中性盘
10:09:30,1091.7,0.0,2,218340,买盘
10:09:33,1091.51,-0.19,10,1091574,卖盘
10:09:36,1091.51,0.0,4,436604,买盘
10:09:39,1091.59,0.08,1,109159,中性盘
10:09:42,1091.5,-0.09,7,764080,卖盘
10:09:45,1091.5,0.0,5,545758,卖盘
10:09:48,1091.58,0.08,1,109158,买盘
10:09:50,1091.38,-0.2,12,1309799,卖盘
10:09:54,1091.38,0.0,5,545722,卖盘
10:09:57,1091.5,0.12,2,218301,卖盘
10:10:00,1091.6,0.1,1,109160,买盘
10:10:03,1091.4,-0.2,7,764042,卖盘
10:10:06,1091.51,0.11,3,327431,买盘
10:10:09,1091.5,-0.01,5,545750,中性盘
10:10:12,1091.5,0.0,29,3164363,买盘
10:10:15,1091.5,0.0,10,1091320,买盘
10:10:18,1091.51,0.01,12,1309776,买盘
10:10:21,1091.6,0.09,10,1091545,买盘
10:10:24,1091.6,0.0,12,1309846,卖盘
10:10:27,1091.51,-0.09,9,982365,卖盘
10:10:30,1091.6,0.09,7,764083,买盘
10:10:33,1091.5,-0.1,10,1091533,卖盘
10:10:36,1091.6,0.1,18,1964688,买盘
10:10:39,1091.3,-0.3,10,1091360,卖盘
10:10:42,1091.5,0.2,6,654902,中性盘
10:10:45,1091.39,-0.11,35,3820029,卖盘
10:10:48,1091.39,0.0,8,873112,买盘
10:10:51,1091.3,-0.09,1,109130,卖盘
10:10:54,1091.09,-0.21,10,1091236,卖盘
10:10:57,1091.09,0.0,3,327327,买盘
10:11:00,1091.28,0.19,7,763887,卖盘
10:11:03,1091.07,-0.21,9,982083,卖盘
10:11:06,1091.28,0.21,8,872899,中性盘
10:11:09,1091.1,-0.18,15,1636715,中性盘
10:11:12,1091.1,0.0,10,1091248,中性盘
10:11:15,1091.01,-0.09,38,4145883,卖盘
10:11:18,1091.01,0.0,9,981944,卖盘
10:11:21,1091.09,0.08,4,436434,买盘
10:11:24,1091.09,0.0,17,1854735,买盘
10:11:26,1091.09,0.0,22,2400367,买盘
10:11:30,1091.28,0.19,11,1200370,买盘
10:11:33,1091.06,-0.22,7,763776,卖盘
10:11:36,1091.09,0.03,1,109109,中性盘
10:11:38,1091.28,0.19,4,436493,买盘
10:11:42,1091.31,0.03,5,545651,买盘
10:11:45,1091.39,0.08,15,1636701,买盘
10:11:48,1091.39,0.0,4,436556,买盘
10:11:51,1091.1,-0.29,12,1309490,卖盘
10:11:54,1091.3,0.2,15,1637120,中性盘
10:11:57,1091.6,0.3,1,109160,买盘
10:11:59,1091.6,0.0,4,436578,买盘
10:12:03,1091.28,-0.32,17,1855375,卖盘
10:12:06,1091.4,0.12,4,436524,买盘
10:12:09,1091.4,0.0,1,109140,买盘
10:12:12,1091.4,0.0,3,327419,买盘
10:12:15,1091.5,0.1,19,2073745,买盘
10:12:18,1091.5,0.0,42,4584300,买盘
10:12:21,1091.5,0.0,3,327460,卖盘
10:12:24,1091.5,0.0,1,109150,卖盘
10:12:25,1091.6,0.1,1,109160,中性盘
10:12:30,1091.7,0.1,1,109170,买盘
10:12:33,1091.7,0.0,22,2401740,买盘
10:12:36,1091.51,-0.19,15,1637563,卖盘
10:12:38,1091.7,0.19,5,545880,中性盘
10:12:41,1092.0,0.3,11,1201193,买盘
10:12:45,1092.5,0.5,19,2074179,买盘
10:12:50,1092.5,0.0,1,109250,买盘
10:12:53,1092.99,0.49,7,764457,买盘
10:12:57,1092.99,0.0,1,109299,买盘
10:13:00,1092.99,0.0,3,327897,买盘
10:13:03,1092.99,0.0,13,1420592,买盘
10:13:06,1092.0,-0.99,8,874013,卖盘
10:13:09,1092.99,0.99,1,109299,中性盘
10:13:11,1093.0,0.01,7,765100,买盘
10:13:15,1093.0,0.0,15,1639494,买盘
10:13:17,1093.0,0.0,4,437200,卖盘
10:13:21,1094.0,1.0,22,2405050,买盘
10:13:24,1093.5,-0.5,8,874800,中性盘
10:13:27,1093.5,0.0,4,437450,卖盘
10:13:30,1094.0,0.5,4,437450,中性盘
10:13:32,1093.5,-0.5,8,875050,卖盘
10:13:35,1094.0,0.5,13,1422256,中性盘
10:13:39,1094.03,0.03,8,875214,买盘
10:13:42,1093.65,-0.38,2,251611,卖盘
10:13:45,1094.0,0.35,7,765561,买盘
10:13:48,1094.18,0.18,3,328238,买盘
10:13:51,1094.16,-0.02,3,328237,中性盘
10:13:54,1094.18,0.02,8,875082,买盘
10:13:56,1094.19,0.01,7,765931,买盘
10:14:00,1094.35,0.16,7,765949,买盘
10:14:03,1094.02,-0.33,22,2407163,卖盘
10:14:06,1094.0,-0.02,5,547039,卖盘
10:14:09,1094.27,0.27,5,547100,买盘
10:14:12,1094.19,-0.08,6,656524,卖盘
10:14:15,1093.51,-0.68,3,328116,卖盘
10:14:18,1093.51,0.0,2,218701,买盘
10:14:21,1093.5,-0.01,7,765470,卖盘
10:14:23,1093.51,0.01,21,2297627,中性盘
10:14:27,1093.5,-0.01,4,437401,卖盘
10:14:30,1093.5,0.0,2,218651,中性盘
10:14:33,1093.01,-0.49,13,1421685,卖盘
10:14:36,1093.51,0.5,7,765725,卖盘
10:14:39,1094.23,0.72,13,1422336,买盘
10:14:42,1093.05,-1.18,3,328072,卖盘
10:14:45,1093.45,0.4,7,765196,买盘
10:14:48,1094.17,0.72,3,328077,买盘
10:14:51,1094.23,0.06,7,765937,买盘
10:14:54,1094.17,-0.06,14,1532054,卖盘
10:14:57,1094.17,0.0,3,328251,卖盘
10:15:00,1094.17,0.0,5,547085,卖盘
10:15:03,1094.12,-0.05,19,2078833,卖盘
10:15:06,1094.0,-0.12,17,1859824,卖盘
10:15:09,1093.45,-0.55,8,874910,卖盘
10:15:11,1094.12,0.67,7,765668,买盘
10:15:15,1093.05,-1.07,8,874749,卖盘
10:15:18,1093.05,0.0,4,437214,买盘
10:15:21,1093.05,0.0,3,327911,买盘
10:15:24,1093.05,0.0,14,1530236,买盘
10:15:27,1093.05,0.0,9,983730,买盘
10:15:30,1093.01,-0.04,9,983912,中性盘
10:15:32,1093.0,-0.01,10,1093111,卖盘
10:15:36,1093.0,0.0,4,437205,卖盘
10:15:39,1093.06,0.06,3,327907,买盘
10:15:41,1094.0,0.94,14,1531600,买盘
10:15:45,1094.0,0.0,16,1750378,卖盘
10:15:47,1093.0,-1.0,7,765132,卖盘
10:15:51,1093.0,0.0,4,437301,卖盘
10:15:54,1092.99,-0.01,4,437207,卖盘
10:15:57,1092.99,0.0,9,983766,卖盘
10:16:00,1094.0,1.01,3,328008,买盘
10:16:02,1093.09,-0.91,3,328018,卖盘
10:16:06,1093.09,0.0,2,218709,卖盘
10:16:09,1093.99,0.9,3,328003,买盘
10:16:15,1093.0,-0.99,5,546500,卖盘
10:16:18,1092.99,-0.01,8,874402,卖盘
10:16:21,1092.99,0.0,9,983692,卖盘
10:16:24,1092.8,-0.19,12,1311531,卖盘
10:16:27,1092.8,0.0,11,1201900,中性盘
10:16:30,1092.3,-0.5,2,218460,卖盘
10:16:33,1092.02,-0.28,2,218422,卖盘
10:16:35,1092.02,0.0,3,327732,卖盘
10:16:38,1092.02,0.0,4,436904,卖盘
10:16:42,1092.3,0.28,7,764810,卖盘
10:16:44,1092.3,0.0,2,218460,卖盘
10:16:48,1092.3,0.0,5,546110,买盘
10:16:51,1091.99,-0.31,32,3494536,卖盘
10:16:54,1091.8,-0.19,2,218379,卖盘
10:16:57,1091.99,0.19,4,436796,买盘
10:17:00,1091.7,-0.29,4,436690,卖盘
10:17:03,1091.7,0.0,8,873338,买盘
10:17:09,1091.56,-0.14,5,545822,卖盘
10:17:12,1091.56,0.0,1,109156,卖盘
10:17:15,1091.55,-0.01,10,1091615,卖盘
10:17:18,1091.5,-0.05,6,654923,卖盘
10:17:21,1091.68,0.18,2,218336,买盘
10:17:24,1091.7,0.02,1,109170,买盘
10:17:27,1091.63,-0.07,2,218331,卖盘
10:17:30,1091.62,-0.01,2,218332,卖盘
10:17:33,1091.62,0.0,6,654950,买盘
10:17:36,1091.52,-0.1,4,436616,卖盘
10:17:38,1091.4,-0.12,19,2073852,卖盘
10:17:42,1091.55,0.15,5,545767,中性盘
10:17:45,1091.4,-0.15,4,436560,卖盘
10:17:48,1091.28,-0.12,9,982178,卖盘
10:17:50,1091.26,-0.02,4,436511,卖盘
10:17:54,1091.68,0.42,12,1309778,买盘
10:17:57,1091.68,0.0,5,545840,卖盘
10:17:59,1091.7,0.02,4,436676,买盘
10:18:03,1091.36,-0.34,7,764118,卖盘
10:18:06,1091.7,0.34,4,436620,买盘
10:18:09,1091.7,0.0,2,218340,买盘
10:18:12,1091.68,-0.02,14,1528369,中性盘
10:18:15,1091.42,-0.26,7,764066,卖盘
10:18:18,1091.57,0.15,1,109157,买盘
10:18:21,1091.42,-0.15,6,654961,卖盘
10:18:24,1091.62,0.2,4,436660,卖盘
10:18:26,1091.57,-0.05,3,327471,卖盘
10:18:30,1091.57,0.0,7,764104,卖盘
10:18:33,1091.62,0.05,4,436648,买盘
10:18:36,1091.62,0.0,4,436648,买盘
10:18:39,1091.6,-0.02,5,545794,买盘
10:18:42,1091.62,0.02,11,1200763,买盘
10:18:45,1091.58,-0.04,24,2619774,中性盘
10:18:48,1091.8,0.22,7,764145,买盘
10:18:51,1091.62,-0.18,14,1528182,卖盘
10:18:54,1091.44,-0.18,1,109144,卖盘
10:18:57,1091.57,0.13,13,1419022,买盘
10:19:00,1091.44,-0.13,7,764013,卖盘
10:19:03,1091.38,-0.06,5,545698,卖盘
10:19:05,1091.44,0.06,7,763992,买盘
10:19:08,1091.8,0.36,5,545759,买盘
10:19:12,1091.44,-0.36,2,218301,卖盘
10:19:15,1091.42,-0.02,2,218322,卖盘
10:19:18,1091.8,0.38,3,327540,买盘
10:19:21,1092.0,0.2,1,109200,买盘
10:19:30,1092.0,0.2,14,1528657,买盘
10:19:33,1092.01,0.01,2,218402,中性盘
10:19:36,1092.0,-0.01,6,655264,卖盘
10:19:38,1091.88,-0.12,10,1092001,卖盘
10:19:42,1091.52,-0.36,4,429115,买盘
10:19:45,1092.0,0.48,2,218376,卖盘
10:19:48,1091.52,-0.48,2,218332,卖盘
10:19:54,1091.52,0.0,2,218352,中性盘
10:19:57,1092.0,0.48,3,327505,买盘
10:20:00,1092.0,0.0,1,109200,买盘
10:20:03,1091.58,-0.42,2,218338,卖盘
10:20:05,1091.5,-0.08,18,1964717,卖盘
10:20:09,1091.4,-0.1,22,2401172,卖盘
10:20:12,1091.25,-0.15,24,2619158,卖盘
10:20:15,1091.11,-0.14,24,2618835,卖盘
10:20:18,1091.01,-0.1,54,5891558,卖盘
10:20:21,1090.88,-0.13,202,22038130,卖盘
10:20:24,1090.8,-0.08,17,1854479,卖盘
10:20:27,1090.56,-0.24,40,4362665,卖盘
10:20:30,1090.33,-0.23,6,654221,卖盘
10:20:33,1090.2,-0.13,15,1635446,卖盘
10:20:36,1090.16,-0.04,2,218033,卖盘
10:20:39,1090.12,-0.04,4,436055,卖盘
10:20:42,1090.1,-0.02,30,3270294,卖盘
10:20:44,1090.07,-0.03,10,1090056,卖盘
10:20:48,1090.0,-0.07,127,13843125,卖盘
10:20:51,1090.0,0.0,85,9265005,卖盘
10:20:54,1090.0,0.0,26,2834029,卖盘
10:20:57,1090.0,0.0,59,6431001,卖盘
10:20:58,1090.0,0.0,66,7194005,卖盘
10:21:03,1090.0,0.0,19,2071004,卖盘
10:21:06,1089.98,-0.02,122,13298042,卖盘
10:21:09,1089.7,-0.28,13,1416853,卖盘
10:21:11,1089.5,-0.2,7,762691,卖盘
10:21:15,1089.44,-0.06,3,326844,卖盘
10:21:17,1089.4,-0.04,1,108940,卖盘
10:21:21,1089.0,-0.4,8,871348,卖盘
10:21:24,1089.07,0.07,12,1306861,买盘
10:21:27,1089.0,-0.07,3,326700,卖盘
10:21:30,1089.0,0.0,14,1544202,卖盘
10:21:33,1089.0,0.0,5,451949,卖盘
10:21:36,1089.35,0.35,47,5166662,买盘
10:21:39,1089.35,0.0,9,980418,卖盘
10:21:42,1089.35,0.0,8,871483,卖盘
10:21:45,1089.08,-0.27,6,653589,卖盘
10:21:48,1089.35,0.27,10,1114188,买盘
10:21:51,1089.07,-0.28,5,544563,卖盘
10:21:54,1089.07,0.0,8,871255,买盘
10:21:57,1089.07,0.0,2,217814,买盘
10:22:00,1089.01,-0.06,5,544509,卖盘
10:22:03,1089.01,0.0,5,544503,买盘
10:22:06,1089.01,0.0,12,1306803,买盘
10:22:09,1089.0,-0.01,5,544501,中性盘
10:22:12,1088.91,-0.09,22,2395623,卖盘
10:22:15,1088.9,-0.01,4,435569,卖盘
10:22:18,1088.88,-0.02,8,871145,卖盘
10:22:20,1088.88,0.0,3,326674,卖盘
10:22:23,1088.88,0.0,11,1197790,卖盘
10:22:27,1088.88,0.0,8,871104,卖盘
10:22:30,1088.88,0.0,4,435574,中性盘
10:22:33,1088.8,-0.08,7,762221,卖盘
10:22:36,1088.9,0.1,4,435548,买盘
10:22:39,1088.88,-0.02,3,326664,卖盘
10:22:41,1088.88,0.0,11,1197736,买盘
10:22:45,1088.88,0.0,8,871064,买盘
10:22:47,1088.88,0.0,6,653288,买盘
10:22:51,1088.88,0.0,3,326656,买盘
10:22:53,1088.66,-0.22,10,1088705,卖盘
10:22:57,1088.61,-0.05,5,544337,中性盘
10:23:00,1088.71,0.1,2,217742,买盘
10:23:03,1088.7,-0.01,2,217730,中性盘
10:23:06,1088.8,0.1,13,1415368,买盘
10:23:12,1088.67,-0.13,3,326594,卖盘
10:23:15,1088.71,0.04,8,870985,买盘
10:23:18,1088.67,-0.04,8,870957,卖盘
10:23:21,1088.5,-0.17,27,2939139,卖盘
10:23:24,1088.5,0.0,7,761875,买盘
10:23:26,1088.5,0.0,6,652945,买盘
10:23:29,1088.5,0.0,12,1305888,买盘
10:23:33,1088.12,-0.38,4,435324,卖盘
10:23:36,1088.12,0.0,3,326436,中性盘
10:23:39,1088.1,-0.02,8,870486,卖盘
10:23:41,1088.08,-0.02,4,435234,卖盘
10:23:45,1088.1,0.02,6,652858,买盘
10:23:48,1088.03,-0.07,6,652837,卖盘
10:23:51,1088.02,-0.01,5,544030,卖盘
10:23:54,1088.06,0.04,1,108806,买盘
10:23:57,1088.02,-0.04,4,435216,卖盘
10:24:00,1088.02,0.0,19,2011740,卖盘
10:24:02,1088.01,-0.01,6,652808,卖盘
10:24:06,1088.0,-0.01,175,19095434,卖盘
10:24:09,1087.86,-0.14,24,2611186,卖盘
10:24:12,1088.0,0.14,6,652760,买盘
10:24:14,1087.77,-0.23,9,979068,卖盘
10:24:18,1087.7,-0.07,3,326326,卖盘
10:24:20,1087.6,-0.1,4,435088,卖盘
10:24:24,1087.6,0.0,5,543849,卖盘
10:24:27,1087.7,0.1,2,217545,中性盘
10:24:30,1087.6,-0.1,2,217520,买盘
10:24:33,1087.59,-0.01,4,435030,中性盘
10:24:36,1087.53,-0.06,3,326268,卖盘
10:24:39,1087.1,-0.43,13,1413637,卖盘
10:24:42,1087.53,0.43,7,761033,买盘
10:24:45,1087.54,0.01,3,326260,买盘
10:24:48,1087.09,-0.45,7,760966,卖盘
10:24:51,1087.07,-0.02,9,978392,卖盘
10:24:54,1087.09,0.02,5,543544,中性盘
10:24:56,1087.01,-0.08,4,434818,卖盘
10:25:00,1087.05,0.04,7,760923,中性盘
10:25:03,1087.02,-0.03,6,652234,中性盘
10:25:05,1087.1,0.08,29,3152396,买盘
10:25:09,1087.01,-0.09,7,760925,卖盘
10:25:12,1087.1,0.09,21,2282721,中性盘
10:25:15,1087.06,-0.04,8,869655,卖盘
10:25:18,1087.0,-0.06,18,1956608,卖盘
10:25:20,1087.06,0.06,5,543529,买盘
10:25:23,1087.0,-0.06,33,3587179,卖盘
10:25:27,1087.0,0.0,2,217390,买盘
10:25:30,1086.99,-0.01,11,1195695,买盘
10:25:32,1086.99,0.0,7,760866,买盘
10:25:35,1086.99,0.0,6,652156,买盘
10:25:39,1086.9,-0.09,3,326079,中性盘
10:25:42,1086.9,0.0,6,652138,买盘
10:25:45,1086.5,-0.4,24,2607942,卖盘
10:25:48,1086.5,0.0,8,869200,买盘
10:25:51,1086.5,0.0,1,108650,买盘
10:25:54,1086.4,-0.1,2,217287,卖盘
10:25:57,1086.47,0.07,2,217294,买盘
10:26:00,1086.46,-0.01,7,760512,中性盘
10:26:03,1086.0,-0.46,107,11621655,卖盘
10:26:06,1085.6,-0.4,10,1085835,卖盘
10:26:09,1085.88,0.28,1,108588,中性盘
10:26:11,1085.56,-0.32,6,651378,卖盘
10:26:14,1085.55,-0.01,2,217110,卖盘
10:26:18,1085.98,0.43,20,2185466,买盘
10:26:21,1085.99,0.01,5,542992,买盘
10:26:24,1085.98,-0.01,5,542993,卖盘
10:26:26,1085.99,0.01,15,1628972,买盘
10:26:30,1085.99,0.0,8,798202,买盘
10:26:33,1085.98,-0.01,39,4291812,卖盘
10:26:36,1085.99,0.01,8,868843,中性盘
10:26:39,1086.0,0.01,6,651599,中性盘
10:26:42,1086.29,0.29,8,868850,买盘
10:26:48,1086.29,0.0,2,217229,买盘
10:26:51,1086.3,0.01,9,977610,买盘
10:26:54,1086.29,-0.01,2,217258,卖盘
10:26:57,1086.3,0.01,6,651777,买盘
10:27:00,1086.4,0.1,3,269413,卖盘
10:27:02,1086.5,0.1,5,543250,买盘
10:27:06,1086.45,-0.05,6,651840,卖盘
10:27:09,1086.5,0.05,10,1086395,买盘
10:27:12,1086.5,0.0,1,108650,买盘
10:27:15,1086.5,0.0,5,543326,卖盘
10:27:18,1086.56,0.06,5,543379,中性盘
10:27:21,1086.99,0.43,7,760796,买盘
10:27:23,1086.99,0.0,1,108699,中性盘
10:27:27,1086.99,0.0,1,108699,买盘
10:27:30,1087.0,0.01,6,652197,买盘
10:27:33,1086.9,-0.1,4,434787,卖盘
10:27:35,1087.0,0.1,4,434798,买盘
10:27:39,1086.99,-0.01,17,1847903,卖盘
10:27:42,1087.02,0.03,7,760917,中性盘
10:27:45,1087.05,0.03,12,1304857,中性盘
10:27:48,1087.03,-0.02,4,434827,卖盘
10:27:51,1087.05,0.02,5,543607,卖盘
10:27:53,1087.07,0.02,4,434925,中性盘
10:27:57,1088.0,0.93,3,326214,卖盘
10:28:00,1088.0,0.0,4,435118,买盘
10:28:02,1087.08,-0.92,10,1151862,卖盘
10:28:06,1087.18,0.1,2,217425,买盘
10:28:09,1088.0,0.82,26,2828065,买盘
10:28:12,1088.0,0.0,8,870397,卖盘
10:28:14,1087.99,-0.01,4,435201,卖盘
10:28:18,1088.01,0.02,4,435203,中性盘
10:28:21,1087.2,-0.81,3,326239,卖盘
10:28:24,1088.0,0.8,22,2393179,买盘
10:28:27,1087.99,-0.01,5,543834,中性盘
10:28:30,1087.88,-0.11,12,1305008,中性盘
10:28:33,1087.87,-0.01,2,217587,中性盘
10:28:36,1087.19,-0.68,8,869961,卖盘
10:28:39,1087.88,0.69,8,869820,买盘
10:28:41,1087.88,0.0,7,761571,中性盘
10:28:45,1087.88,0.0,1,108788,卖盘
10:28:48,1087.99,0.11,1,108799,买盘
10:28:51,1088.0,0.01,9,979109,买盘
10:28:54,1088.02,0.02,3,326403,买盘
10:28:57,1088.02,0.0,2,217603,买盘
10:29:00,1087.96,-0.06,20,2175859,卖盘
10:29:03,1087.49,-0.47,2,217499,卖盘
10:29:05,1087.5,0.01,2,217492,买盘
10:29:09,1087.96,0.46,3,326386,买盘
10:29:12,1087.49,-0.47,15,1631536,卖盘
10:29:15,1087.41,-0.08,7,761225,卖盘
10:29:18,1087.28,-0.13,8,869848,卖盘
10:29:22,1087.28,0.0,15,1630878,买盘
10:29:24,1087.29,0.01,4,434913,买盘
10:29:26,1087.42,0.13,4,434931,买盘
10:29:30,1087.5,0.08,3,326205,买盘
10:29:33,1087.3,-0.2,1,108730,卖盘
10:29:35,1087.5,0.2,1,108750,买盘
10:29:39,1087.5,0.0,1,108750,买盘
10:29:41,1087.5,0.0,11,1196208,买盘
10:29:45,1087.5,0.0,3,326250,买盘
10:29:48,1087.3,-0.2,4,434946,卖盘
10:29:51,1087.6,0.3,5,543772,买盘
10:29:54,1087.59,-0.01,6,652539,卖盘
10:29:57,1087.6,0.01,5,543760,中性盘
10:29:59,1087.6,0.0,1,108760,买盘
10:30:03,1087.6,0.0,4,435040,买盘
10:30:08,1087.9,0.3,2,217580,买盘
10:30:11,1087.61,-0.29,12,1305279,中性盘
10:30:15,1088.02,0.41,10,1087715,买盘
10:30:17,1087.9,-0.12,12,1305386,中性盘
10:30:20,1087.5,-0.4,10,1087673,卖盘
10:30:24,1087.8,0.3,17,1849163,买盘
10:30:27,1087.99,0.19,5,543976,买盘
10:30:29,1087.99,0.0,1,108799,买盘
10:30:33,1087.99,0.0,7,761593,买盘
10:30:36,1087.8,-0.19,9,979041,卖盘
10:30:39,1087.99,0.19,10,1087952,买盘
10:30:41,1087.9,-0.09,16,1740769,中性盘
10:30:45,1088.02,0.12,32,3481664,买盘
10:30:48,1087.99,-0.03,4,391670,卖盘
10:30:51,1088.0,0.01,4,435192,卖盘
10:30:53,1087.98,-0.02,3,326396,卖盘
10:30:57,1088.02,0.04,3,326400,买盘
10:31:00,1088.01,-0.01,7,761595,买盘
10:31:03,1088.01,0.0,6,652810,卖盘
10:31:06,1088.0,-0.01,6,652810,中性盘
10:31:09,1088.02,0.02,1,108802,中性盘
10:31:12,1088.02,0.0,1,108802,卖盘
10:31:15,1088.02,0.0,6,652998,卖盘
10:31:17,1088.49,0.47,13,1415048,买盘
10:31:21,1088.48,-0.01,3,326544,卖盘
10:31:24,1088.3,-0.18,13,1414842,卖盘
10:31:27,1088.5,0.2,7,761943,买盘
10:31:30,1088.5,0.0,1,108850,卖盘
10:31:33,1088.5,0.0,5,544250,卖盘
10:31:36,1088.5,0.0,5,544271,卖盘
10:31:39,1088.5,0.0,4,435400,卖盘
10:31:41,1088.71,0.21,13,1415388,卖盘
10:31:44,1088.9,0.19,34,3701258,买盘
10:31:48,1088.9,0.0,32,3484498,卖盘
10:31:51,1088.5,-0.4,25,2721952,卖盘
10:31:54,1088.49,-0.01,6,653107,卖盘
10:31:57,1088.5,0.01,12,1306237,买盘
10:32:00,1088.5,0.0,7,762106,买盘
10:32:03,1088.71,0.21,5,544271,买盘
10:32:06,1088.9,0.19,11,1197452,买盘
10:32:12,1088.9,0.0,60,6532967,买盘
10:32:15,1088.9,0.0,15,1633350,卖盘
10:32:18,1088.7,-0.2,15,1633330,卖盘
10:32:21,1089.07,0.37,3,326674,买盘
10:32:24,1088.5,-0.57,8,871013,卖盘
10:32:27,1088.9,0.4,3,326684,中性盘
10:32:30,1089.04,0.14,2,217793,买盘
10:32:33,1089.0,-0.04,5,544528,卖盘
10:32:39,1089.0,0.0,12,1306854,卖盘
10:32:42,1088.99,-0.01,4,435596,卖盘
10:32:44,1088.96,-0.03,8,871174,卖盘
10:32:48,1088.99,0.03,10,1088820,买盘
10:32:51,1088.54,-0.45,4,435432,卖盘
10:32:53,1088.91,0.37,6,653360,卖盘
10:32:56,1088.94,0.03,2,217789,中性盘
10:33:00,1088.54,-0.4,5,544411,卖盘
10:33:03,1088.88,0.34,6,653330,中性盘
10:33:06,1088.83,-0.05,24,2612910,买盘
10:33:09,1088.54,-0.29,5,544269,卖盘
10:33:12,1088.5,-0.04,49,5333654,卖盘
10:33:15,1088.5,0.0,15,1632756,卖盘
10:33:18,1088.52,0.02,4,435406,中性盘
10:33:21,1088.95,0.43,13,1415378,买盘
10:33:24,1088.9,-0.05,5,544470,卖盘
10:33:27,1088.89,-0.01,1,108889,中性盘
10:33:33,1088.55,-0.34,3,326605,卖盘
10:33:36,1088.55,0.0,6,653326,卖盘
10:33:42,1088.9,0.35,5,544374,买盘
10:33:45,1088.55,-0.35,1,108855,卖盘
10:33:48,1088.55,0.0,14,1524346,卖盘
10:33:50,1088.8,0.25,2,217735,中性盘
10:33:57,1088.56,-0.24,2,217711,中性盘
10:33:59,1088.79,0.23,5,544323,买盘
10:34:03,1088.55,-0.24,4,435464,卖盘
10:34:06,1088.55,0.0,4,435444,卖盘
10:34:09,1088.54,-0.01,4,435419,卖盘
10:34:12,1088.53,-0.01,2,217708,卖盘
10:34:15,1088.54,0.01,4,435442,中性盘
10:34:18,1088.54,0.0,4,435411,中性盘
10:34:21,1088.52,-0.02,9,979712,卖盘
10:34:23,1088.55,0.03,2,217710,中性盘
10:34:27,1088.5,-0.05,6,653113,卖盘
10:34:30,1088.52,0.02,6,653120,中性盘
10:34:33,1088.66,0.14,4,435472,中性盘
10:34:36,1088.51,-0.15,5,544265,卖盘
10:34:39,1088.52,0.01,7,761958,买盘
10:34:42,1088.5,-0.02,3,326552,卖盘
10:34:45,1088.51,0.01,4,435403,中性盘
10:34:48,1088.5,-0.01,18,1959300,卖盘
10:34:51,1088.31,-0.19,10,1088432,卖盘
10:34:54,1088.41,0.1,1,108841,买盘
10:34:57,1088.37,-0.04,3,326496,中性盘
10:35:00,1088.18,-0.19,9,979371,中性盘
10:35:02,1088.0,-0.18,8,870406,卖盘
10:35:06,1088.0,0.0,7,761601,卖盘
10:35:09,1088.0,0.0,9,979208,卖盘
10:35:12,1087.99,-0.01,17,1849594,卖盘
10:35:15,1088.0,0.01,7,761598,买盘
10:35:21,1088.0,0.0,3,326400,买盘
10:35:23,1088.0,0.0,1,108800,买盘
10:35:26,1088.0,0.0,1,108800,买盘
10:35:30,1087.99,-0.01,7,761593,卖盘
10:35:33,1088.0,0.01,18,1958375,买盘
10:35:36,1087.99,-0.01,4,435199,中性盘
10:35:39,1087.96,-0.03,9,979183,卖盘
10:35:41,1088.0,0.04,11,1196782,买盘
10:35:45,1088.0,0.0,4,435216,卖盘
10:35:48,1088.0,0.0,9,979200,卖盘
10:35:51,1088.06,0.06,1,108806,买盘
10:35:54,1088.0,-0.06,11,1196799,卖盘
10:35:59,1088.02,0.02,3,326402,买盘
10:36:03,1088.0,-0.02,4,435196,中性盘
10:36:05,1088.0,0.0,2,217600,买盘
10:36:09,1088.0,0.0,6,652800,买盘
10:36:12,1087.96,-0.04,16,1740797,卖盘
10:36:18,1088.0,0.04,3,326417,卖盘
10:36:21,1088.2,0.2,3,326419,买盘
10:36:24,1087.99,-0.21,2,217598,买盘
10:36:27,1088.0,0.01,4,435182,买盘
10:36:30,1087.99,-0.01,10,1087959,中性盘
10:36:33,1088.2,0.21,17,1849638,买盘
10:36:36,1088.0,-0.2,28,3046938,卖盘
10:36:39,1088.0,0.0,1,108800,中性盘
10:36:42,1088.0,0.0,14,1523289,买盘
10:36:45,1088.0,0.0,8,870401,卖盘
10:36:48,1088.0,0.0,7,761619,卖盘
10:36:51,1087.99,-0.01,4,435199,卖盘
10:36:54,1087.99,0.0,4,435199,卖盘
10:36:57,1088.0,0.01,3,326398,买盘
10:37:00,1088.0,0.0,7,761620,卖盘
10:37:03,1087.95,-0.05,5,544055,卖盘
10:37:06,1088.2,0.25,2,217640,买盘
10:37:09,1088.2,0.0,6,652820,买盘
10:37:12,1087.93,-0.27,5,543971,卖盘
10:37:15,1088.0,0.07,11,1196793,买盘
10:37:18,1087.93,-0.07,3,326391,卖盘
10:37:21,1087.92,-0.01,3,326383,卖盘
10:37:24,1087.92,0.0,42,4569204,卖盘
10:37:27,1088.0,0.08,12,1305551,买盘
10:37:30,1087.92,-0.08,5,543957,中性盘
10:37:33,1087.9,-0.02,2,217580,卖盘
10:37:36,1087.9,0.0,4,435161,卖盘
10:37:39,1087.9,0.0,5,543952,卖盘
10:37:42,1087.99,0.09,6,652787,买盘
10:37:45,1087.92,-0.07,1,108792,中性盘
10:37:48,1087.91,-0.01,1,108791,卖盘
10:37:51,1087.91,0.0,5,543955,买盘
10:37:54,1087.9,-0.01,10,1087907,卖盘
10:37:57,1087.91,0.01,1,108791,买盘
10:37:59,1087.91,0.0,8,870321,买盘
10:38:06,1087.91,0.0,9,979117,买盘
10:38:09,1087.92,0.01,5,543960,卖盘
10:38:15,1087.92,0.0,10,1088060,卖盘
10:38:17,1088.2,0.28,2,217612,买盘
10:38:21,1088.2,0.0,4,435290,中性盘
10:38:24,1087.92,-0.28,2,217584,卖盘
10:38:28,1087.92,0.0,2,217585,卖盘
10:38:30,1088.2,0.28,3,326404,买盘
10:38:33,1088.2,0.0,3,326402,买盘
10:38:36,1088.2,0.0,1,108820,买盘
10:38:39,1088.2,0.0,2,217612,买盘
10:38:42,1088.2,0.0,1,108820,买盘
10:38:46,1088.19,-0.01,10,1088192,卖盘
10:38:48,1088.4,0.21,4,435299,买盘
10:38:51,1088.19,-0.21,11,1196866,卖盘
10:39:00,1088.38,0.19,12,1305682,买盘
10:39:03,1088.0,-0.38,3,326400,中性盘
10:39:06,1088.05,0.05,23,2502430,买盘
10:39:09,1088.38,0.33,5,544190,中性盘
10:39:12,1088.01,-0.37,6,652932,卖盘
10:39:15,1088.0,-0.01,5,544000,卖盘
10:39:18,1087.93,-0.07,4,435179,卖盘
10:39:21,1087.93,0.0,4,435172,买盘
10:39:24,1087.93,0.0,5,543965,买盘
10:39:27,1088.01,0.08,11,1196743,买盘
10:39:33,1088.0,-0.01,6,652781,买盘
10:39:36,1087.95,-0.05,3,326371,中性盘
10:39:39,1087.99,0.04,2,217594,买盘
10:39:42,1088.0,0.01,14,1523550,买盘
10:39:45,1088.0,0.0,5,544000,卖盘
10:39:48,1088.73,0.73,5,544183,买盘
10:39:51,1088.49,-0.24,1,108849,买盘
10:39:54,1087.95,-0.54,4,435239,卖盘
10:39:58,1088.5,0.55,3,326548,买盘
10:40:00,1089.0,0.5,4,435398,买盘
10:40:03,1088.49,-0.51,3,326548,卖盘
10:40:06,1088.0,-0.49,11,1197043,卖盘
10:40:09,1088.0,0.0,5,543967,买盘
10:40:12,1087.88,-0.12,8,870328,卖盘
10:40:15,1087.87,-0.01,2,217574,中性盘
10:40:18,1087.87,0.0,4,435148,买盘
10:40:21,1087.82,-0.05,5,543927,卖盘
10:40:24,1088.49,0.67,6,652922,买盘
10:40:27,1087.87,-0.62,9,979148,卖盘
10:40:30,1087.87,0.0,13,1414231,买盘
10:40:36,1087.87,0.0,22,2393289,买盘
10:40:39,1087.8,-0.07,45,4895121,卖盘
10:40:42,1087.8,0.0,41,4459978,买盘
10:40:45,1087.8,0.0,6,652671,买盘
10:40:48,1087.8,0.0,3,326336,买盘
10:40:51,1087.8,0.0,3,326338,买盘
10:40:54,1087.78,-0.02,3,326338,卖盘
10:40:58,1087.78,0.0,11,1196576,卖盘
10:41:00,1087.8,0.02,2,217561,中性盘
10:41:03,1087.8,0.0,1,108780,中性盘
10:41:06,1087.79,-0.01,5,543891,买盘
10:41:09,1087.79,0.0,4,435119,中性盘
10:41:15,1087.7,-0.09,4,435091,卖盘
10:41:18,1087.64,-0.06,3,326292,卖盘
10:41:21,1087.87,0.23,4,435127,买盘
10:41:24,1087.8,-0.07,13,1414140,卖盘
10:41:27,1087.64,-0.16,6,652614,卖盘
10:41:30,1087.64,0.0,2,217528,卖盘
10:41:33,1087.64,0.0,4,435057,卖盘
10:41:36,1087.64,0.0,4,435056,卖盘
10:41:39,1087.61,-0.03,19,2066656,卖盘
10:41:42,1087.65,0.04,23,2501801,买盘
10:41:48,1087.61,-0.04,18,1957720,中性盘
10:41:51,1087.5,-0.11,13,1413768,卖盘
10:41:54,1087.5,0.0,9,978750,卖盘
10:41:57,1087.36,-0.14,16,1740004,卖盘
10:42:00,1087.3,-0.06,4,434932,卖盘
10:42:03,1087.3,0.0,5,543665,卖盘
10:42:06,1087.27,-0.03,4,434913,卖盘
10:42:09,1087.2,-0.07,6,652351,卖盘
10:42:13,1087.19,-0.01,7,761028,中性盘
10:42:15,1087.18,-0.01,6,652313,卖盘
10:42:18,1087.18,0.0,3,326156,中性盘
10:42:21,1087.1,-0.08,4,434864,卖盘
10:42:24,1087.05,-0.05,7,760960,卖盘
10:42:27,1087.03,-0.02,4,434820,卖盘
10:42:30,1087.03,0.0,7,805489,卖盘
10:42:33,1087.0,-0.03,37,4021909,卖盘
10:42:36,1086.89,-0.11,27,2934876,卖盘
10:42:39,1086.89,0.0,7,760867,卖盘
10:42:42,1086.89,0.0,2,217377,买盘
10:42:44,1086.89,0.0,1,108689,买盘
10:42:48,1086.73,-0.16,5,543402,卖盘
10:42:50,1086.72,-0.01,2,217344,卖盘
10:42:54,1086.72,0.0,10,1086716,买盘
10:42:57,1086.68,-0.04,2,217336,卖盘
10:43:00,1086.66,-0.02,5,543336,卖盘
10:43:03,1086.6,-0.06,1,108660,卖盘
10:43:06,1086.5,-0.1,15,1629758,卖盘
10:43:09,1086.3,-0.2,13,1412352,卖盘
10:43:12,1086.3,0.0,13,1412209,卖盘
10:43:16,1086.29,-0.01,5,491006,卖盘
10:43:18,1086.24,-0.05,11,1194921,卖盘
10:43:21,1086.18,-0.06,11,1194838,卖盘
10:43:24,1086.18,0.0,2,217236,卖盘
10:43:27,1086.18,0.0,2,217241,卖盘
10:43:30,1086.13,-0.05,7,760291,卖盘
10:43:33,1086.13,0.0,5,543062,买盘
10:43:36,1086.05,-0.08,6,651667,卖盘
10:43:40,1086.04,-0.01,3,325827,中性盘
10:43:42,1086.01,-0.03,7,760262,卖盘
10:43:45,1086.05,0.04,1,108605,买盘
10:43:48,1086.0,-0.05,14,1520412,卖盘
10:43:51,1086.05,0.05,9,977447,买盘
10:43:54,1086.0,-0.05,4,434400,卖盘
10:43:58,1086.0,0.0,6,651601,卖盘
10:44:00,1086.01,0.01,6,651603,买盘
10:44:03,1086.01,0.0,45,4887003,买盘
10:44:06,1086.0,-0.01,41,4452607,卖盘
10:44:10,1086.01,0.01,3,325801,买盘
10:44:13,1086.0,-0.01,8,868803,卖盘
10:44:15,1086.0,0.0,20,2172001,卖盘
10:44:18,1086.0,0.0,9,977400,卖盘
10:44:21,1086.01,0.01,12,1303210,买盘
10:44:24,1086.0,-0.01,2,217201,卖盘
10:44:28,1086.11,0.11,6,651616,买盘
10:44:30,1085.99,-0.12,11,1194622,卖盘
10:44:33,1086.01,0.02,2,217202,中性盘
10:44:36,1086.11,0.1,3,325820,中性盘
10:44:39,1086.0,-0.11,4,434430,卖盘
10:44:43,1086.15,0.15,4,434440,买盘
10:44:45,1086.04,-0.11,3,325798,中性盘
10:44:48,1086.0,-0.04,1,108600,卖盘
10:44:51,1086.15,0.15,3,325831,买盘
10:44:54,1085.95,-0.2,12,1303194,卖盘
10:44:57,1085.95,0.0,12,1303175,卖盘
10:45:00,1086.0,0.05,2,217195,买盘
10:45:03,1085.95,-0.05,3,325785,卖盘
10:45:06,1085.96,0.01,4,434382,中性盘
10:45:10,1086.0,0.04,11,1194561,买盘
10:45:13,1086.0,0.0,3,325795,买盘
10:45:16,1086.0,0.0,12,1303215,卖盘
10:45:19,1086.0,0.0,1,108600,卖盘
10:45:21,1086.0,0.0,5,543030,卖盘
10:45:25,1086.15,0.15,12,1303449,买盘
10:45:30,1085.95,-0.2,17,1846213,卖盘
10:45:33,1086.14,0.19,2,217214,买盘
10:45:37,1086.29,0.15,6,651699,买盘
10:45:42,1086.0,-0.29,11,1194671,卖盘
10:45:45,1086.0,0.0,3,325800,买盘
10:45:49,1085.95,-0.05,5,542995,卖盘
10:45:51,1085.9,-0.05,22,2389094,卖盘
10:45:55,1085.95,0.05,6,651579,买盘
10:45:57,1086.0,0.05,3,325802,卖盘
10:46:00,1086.88,0.88,4,434634,买盘
10:46:03,1086.0,-0.88,6,651600,卖盘
10:46:06,1086.0,0.0,6,651600,卖盘
10:46:10,1086.0,0.0,3,325800,卖盘
10:46:13,1086.0,0.0,11,1194776,卖盘
10:46:15,1086.0,0.0,4,434400,卖盘
10:46:18,1087.0,1.0,36,3913093,买盘
10:46:25,1086.08,-0.92,2,217296,卖盘
10:46:28,1086.88,0.8,3,325976,买盘
10:46:30,1086.99,0.11,2,217387,买盘
10:46:33,1086.99,0.0,3,326085,买盘
10:46:37,1086.1,-0.89,1,108610,中性盘
10:46:39,1086.87,0.77,1,108687,买盘
10:46:43,1086.0,-0.87,2,217201,卖盘
10:46:46,1086.03,0.03,3,325892,卖盘
10:46:49,1086.99,0.96,5,543282,买盘
10:46:52,1086.99,0.0,1,108699,买盘
10:46:57,1086.15,-0.84,2,217314,卖盘
10:47:00,1086.15,0.0,5,543409,卖盘
10:47:07,1087.0,0.85,12,1304281,买盘
10:47:10,1086.83,-0.17,1,108683,中性盘
10:47:13,1087.0,0.17,6,652200,买盘
10:47:19,1086.98,-0.02,2,217397,卖盘
10:47:22,1086.18,-0.8,4,434635,卖盘
10:47:24,1087.0,0.82,3,326058,买盘
10:47:28,1086.2,-0.8,3,325860,中性盘
10:47:30,1086.2,0.0,2,217320,卖盘
10:47:34,1086.18,-0.02,2,217236,卖盘
10:47:36,1087.0,0.82,5,543500,买盘
10:47:40,1086.19,-0.81,5,543177,卖盘
10:47:42,1086.21,0.02,2,217321,卖盘
10:47:51,1086.5,0.29,3,326050,卖盘
10:47:54,1087.0,0.5,3,326100,买盘
10:47:57,1087.0,0.0,3,326100,买盘
10:48:00,1087.0,0.0,17,1846962,买盘
10:48:04,1086.23,-0.77,2,217246,卖盘
10:48:06,1086.23,0.0,1,108623,卖盘
10:48:10,1086.23,0.0,2,217323,卖盘
10:48:13,1087.0,0.77,10,1087000,买盘
10:48:16,1086.24,-0.76,1,108624,卖盘
10:48:19,1086.99,0.75,1,108699,买盘
10:48:21,1087.36,0.37,4,434908,买盘
10:48:27,1087.0,-0.36,7,760900,卖盘
10:48:31,1087.36,0.36,3,326171,买盘
10:48:37,1087.0,-0.36,14,1521800,卖盘
10:48:39,1087.0,0.0,1,108700,卖盘
10:48:42,1087.36,0.36,4,434836,买盘
10:48:45,1087.36,0.0,7,761116,买盘
10:48:49,1087.36,0.0,9,978624,卖盘
10:48:52,1087.5,0.14,5,543750,买盘
10:48:54,1087.5,0.0,3,326250,买盘
10:48:58,1087.49,-0.01,4,434997,买盘
10:49:00,1087.38,-0.11,2,217476,卖盘
10:49:04,1087.49,0.11,3,326249,卖盘
10:49:07,1088.5,1.01,14,1523248,买盘
10:49:10,1088.0,-0.5,23,2502400,卖盘
10:49:13,1089.0,1.0,3,326548,买盘
10:49:16,1089.0,0.0,41,4458381,买盘
10:49:19,1087.35,-1.65,2,217471,卖盘
10:49:22,1087.36,0.01,2,217471,买盘
10:49:24,1087.06,-0.3,2,217426,卖盘
10:49:28,1087.35,0.29,4,434845,买盘
10:49:30,1087.35,0.0,6,652255,买盘
10:49:33,1087.0,-0.35,1,108700,卖盘
10:49:36,1087.35,0.35,2,217470,买盘
10:49:40,1087.35,0.0,3,326204,买盘
10:49:43,1087.35,0.0,2,217470,卖盘
10:49:49,1087.34,-0.01,1,108734,卖盘
10:49:52,1087.5,0.16,1,108750,买盘
10:49:54,1088.0,0.5,5,543800,买盘
10:49:58,1087.5,-0.5,4,435000,卖盘
10:50:01,1087.5,0.0,1,108750,买盘
10:50:04,1087.49,-0.01,12,1305248,中性盘
10:50:07,1087.34,-0.15,4,434967,卖盘
10:50:09,1087.35,0.01,2,217469,中性盘
10:50:13,1087.5,0.15,3,326233,买盘
10:50:16,1087.49,-0.01,1,108749,卖盘
10:50:18,1088.0,0.51,2,217549,买盘
10:50:22,1088.0,0.0,2,217549,买盘
10:50:28,1088.0,0.0,3,326349,卖盘
10:50:31,1087.99,-0.01,7,761395,中性盘
10:50:34,1088.0,0.01,9,979145,买盘
10:50:37,1087.5,-0.5,2,217550,中性盘
10:50:40,1088.0,0.5,3,326348,买盘
10:50:43,1087.97,-0.03,8,870395,卖盘
10:50:46,1087.5,-0.47,5,543808,卖盘
10:50:49,1088.0,0.5,7,761496,买盘
10:50:52,1087.97,-0.03,2,217595,卖盘
10:50:55,1088.0,0.03,21,2284794,买盘
10:50:58,1087.99,-0.01,21,2284797,卖盘
10:51:00,1088.48,0.49,2,217644,买盘
10:51:06,1087.95,-0.53,2,217545,买盘
10:51:13,1087.98,0.03,7,761836,卖盘
10:51:16,1087.95,-0.03,3,326385,卖盘
10:51:19,1088.0,0.05,2,217697,中性盘
10:51:25,1088.97,0.97,36,3919824,买盘
10:51:27,1087.95,-1.02,9,979688,卖盘
10:51:30,1089.0,1.05,1,108900,买盘
10:51:34,1089.0,0.0,1,108900,买盘
10:51:36,1088.88,-0.12,1,108888,卖盘
10:51:39,1088.88,0.0,5,544423,买盘
10:51:43,1088.48,-0.4,1,108848,中性盘
10:51:46,1088.48,0.0,5,544409,卖盘
10:51:49,1088.87,0.39,7,762087,买盘
10:51:52,1088.01,-0.86,4,435476,卖盘
10:51:54,1088.0,-0.01,3,326572,卖盘
10:52:01,1088.48,0.48,6,653244,卖盘
10:52:03,1088.01,-0.47,1,108801,卖盘
10:52:07,1089.0,0.99,3,326650,买盘
10:52:10,1088.67,-0.33,6,653366,卖盘
10:52:13,1089.0,0.33,13,1415337,买盘
10:52:16,1089.0,0.0,3,326707,卖盘
10:52:19,1089.0,0.0,10,1089000,卖盘
10:52:22,1089.02,0.02,4,435599,买盘
10:52:24,1088.99,-0.03,8,871197,卖盘
10:52:28,1088.99,0.0,3,326697,买盘
10:52:30,1089.0,0.01,3,326698,买盘
10:52:34,1088.99,-0.01,12,1306761,中性盘
10:52:37,1089.0,0.01,1,108900,买盘
10:52:40,1088.88,-0.12,7,762097,中性盘
10:52:43,1088.61,-0.27,6,652918,中性盘
10:52:46,1088.0,-0.61,8,870523,卖盘
10:52:49,1087.95,-0.05,8,870385,卖盘
10:52:52,1087.93,-0.02,1,108793,买盘
10:52:55,1087.93,0.0,3,326382,中性盘
10:52:58,1088.48,0.55,2,217696,买盘
10:53:01,1088.99,0.51,7,761973,买盘
10:53:04,1089.0,0.01,2,217696,买盘
10:53:07,1088.48,-0.52,4,435392,中性盘
10:53:10,1088.48,0.0,3,326544,卖盘
10:53:13,1087.97,-0.51,8,870588,卖盘
10:53:16,1088.0,0.03,4,435194,买盘
10:53:19,1087.96,-0.04,5,544113,卖盘
10:53:22,1087.97,0.01,1,108797,买盘
10:53:24,1087.97,0.0,2,217594,买盘
10:53:28,1087.96,-0.01,3,326389,卖盘
10:53:31,1087.97,0.01,4,435191,买盘
10:53:34,1087.97,0.0,4,489600,卖盘
10:53:37,1087.97,0.0,2,217594,卖盘
10:53:40,1087.99,0.02,6,652784,买盘
10:53:43,1087.99,0.0,1,108799,卖盘
10:53:46,1088.0,0.01,2,217600,买盘
10:53:49,1088.62,0.62,4,435434,买盘
10:53:52,1088.61,-0.01,1,108861,中性盘
10:53:58,1088.95,0.34,3,326638,买盘
10:54:01,1088.99,0.04,1,108899,买盘
10:54:07,1088.95,-0.04,3,326685,卖盘
10:54:10,1088.95,0.0,5,544483,卖盘
10:54:13,1088.95,0.0,4,435585,卖盘
10:54:15,1088.96,0.01,2,217795,中性盘
10:54:19,1088.99,0.03,2,217798,中性盘
10:54:22,1088.95,-0.04,2,217790,卖盘
10:54:24,1089.0,0.05,19,2069091,买盘
10:54:27,1089.0,0.0,4,435600,买盘
10:54:30,1089.0,0.0,16,1742375,买盘
10:54:34,1089.0,0.0,4,435600,买盘
10:54:37,1089.0,0.0,14,1524594,买盘
10:54:39,1088.99,-0.01,9,980093,卖盘
10:54:43,1089.0,0.01,8,871198,买盘
10:54:46,1088.99,-0.01,1,108899,卖盘
10:54:49,1089.0,0.01,4,435600,买盘
10:54:52,1088.95,-0.05,6,653394,卖盘
10:54:58,1088.62,-0.33,6,653352,卖盘
10:55:01,1088.6,-0.02,6,653170,卖盘
10:55:07,1088.62,0.02,2,217724,买盘
10:55:10,1088.6,-0.02,12,1306414,卖盘
10:55:13,1088.6,0.0,2,217720,买盘
10:55:16,1088.6,0.0,1,108860,买盘
10:55:19,1088.6,0.0,4,435422,卖盘
10:55:22,1088.89,0.29,4,435555,买盘
10:55:25,1088.89,0.0,14,1524335,买盘
10:55:27,1088.6,-0.29,2,217722,卖盘
10:55:31,1088.89,0.29,1,108889,买盘
10:55:34,1088.89,0.0,3,326640,买盘
10:55:37,1088.99,0.1,11,1197839,买盘
10:55:40,1088.9,-0.09,2,217778,中性盘
10:55:46,1088.99,0.09,5,544459,买盘
10:55:49,1088.99,0.0,1,108899,买盘
10:55:52,1088.89,-0.1,13,1415693,卖盘
10:55:57,1088.99,0.1,2,217794,买盘
10:56:01,1088.9,-0.09,2,217783,卖盘
10:56:04,1088.91,0.01,5,544468,中性盘
10:56:07,1088.91,0.0,1,108891,买盘
10:56:10,1088.9,-0.01,5,544481,中性盘
10:56:12,1088.89,-0.01,2,217779,卖盘
10:56:16,1088.9,0.01,3,326667,买盘
10:56:24,1088.77,-0.13,32,3484693,买盘
10:56:27,1088.88,0.11,1,108888,中性盘
10:56:31,1088.92,0.04,6,598810,买盘
10:56:37,1088.77,-0.15,1,108877,买盘
10:56:40,1088.77,0.0,7,762176,买盘
10:56:43,1088.77,0.0,6,653273,卖盘
10:56:46,1088.88,0.11,1,108888,买盘
10:56:52,1088.88,0.0,4,435553,卖盘
10:56:55,1088.77,-0.11,6,704512,卖盘
10:56:58,1088.77,0.0,2,217755,卖盘
10:57:00,1088.78,0.01,1,108878,买盘
10:57:03,1088.78,0.0,14,1524292,买盘
10:57:07,1088.78,0.0,6,653268,买盘
10:57:10,1088.91,0.13,36,3919633,买盘
10:57:13,1089.35,0.44,4,435651,买盘
10:57:16,1089.07,-0.28,2,217814,卖盘
10:57:19,1088.92,-0.15,1,108892,卖盘
10:57:24,1089.07,0.15,3,326721,买盘
10:57:28,1088.91,-0.16,2,217783,卖盘
10:57:32,1088.91,0.0,3,326647,买盘
10:57:34,1088.92,0.01,3,326650,买盘
10:57:36,1088.88,-0.04,2,217776,买盘
10:57:40,1088.78,-0.1,2,217756,卖盘
10:57:43,1089.07,0.29,15,1633397,买盘
10:57:46,1088.9,-0.17,5,544448,卖盘
10:57:49,1088.88,-0.02,3,326664,卖盘
10:57:52,1088.9,0.02,2,217780,买盘
10:57:55,1088.9,0.0,3,326668,买盘
10:57:58,1088.88,-0.02,1,108888,卖盘
10:58:01,1088.88,0.0,2,217776,买盘
10:58:07,1088.9,0.02,4,435530,买盘
10:58:10,1088.78,-0.12,7,762212,卖盘
10:58:12,1088.88,0.1,1,108888,买盘
10:58:16,1088.78,-0.1,4,435525,卖盘
10:58:19,1088.81,0.03,20,2177549,买盘
10:58:25,1088.9,0.09,2,217778,买盘
10:58:27,1089.0,0.1,6,653348,买盘
10:58:30,1089.0,0.0,7,762280,卖盘
10:58:34,1088.9,-0.1,1,108890,卖盘
10:58:37,1088.9,0.0,5,544460,卖盘
10:58:46,1088.9,0.0,1,108890,卖盘
10:58:49,1089.0,0.1,1,108900,买盘
10:58:52,1089.0,0.0,1,108900,买盘
10:58:58,1089.0,0.0,3,326700,卖盘
10:59:01,1089.07,0.07,3,326707,买盘
10:59:04,1089.0,-0.07,5,544525,卖盘
10:59:07,1089.0,0.0,5,544500,卖盘
10:59:13,1089.0,0.0,4,435615,卖盘
10:59:16,1089.35,0.35,3,239657,卖盘
10:59:19,1089.55,0.2,3,326833,买盘
10:59:21,1089.03,-0.52,1,196030,卖盘
10:59:25,1089.02,-0.01,2,217804,买盘
10:59:28,1089.07,0.05,1,108906,卖盘
10:59:31,1089.01,-0.06,6,653409,卖盘
10:59:34,1089.01,0.0,3,326703,买盘
10:59:37,1089.02,0.01,3,326705,买盘
10:59:40,1089.02,0.0,3,326706,卖盘
10:59:46,1089.02,0.0,2,217804,卖盘
10:59:51,1089.09,0.07,3,294042,买盘
10:59:55,1089.02,-0.07,2,217804,卖盘
11:00:01,1089.02,0.0,16,1775103,卖盘
11:00:04,1089.01,-0.01,4,435604,卖盘
11:00:07,1089.02,0.01,1,108902,买盘
11:00:09,1089.01,-0.01,2,217803,卖盘
11:00:13,1089.01,0.0,3,326705,卖盘
11:00:15,1089.01,0.0,17,1851319,卖盘
11:00:19,1089.01,0.0,7,762311,卖盘
11:00:22,1089.01,0.0,9,980111,卖盘
11:00:25,1089.0,-0.01,5,544507,卖盘
11:00:28,1089.69,0.69,25,2690683,卖盘
11:00:31,1089.69,0.0,1,108969,买盘
11:00:34,1089.02,-0.67,2,217805,卖盘
11:00:37,1089.6,0.58,4,435725,买盘
11:00:40,1089.04,-0.56,3,326704,中性盘
11:00:43,1088.9,-0.14,34,3735230,卖盘
11:00:46,1088.88,-0.02,3,326671,卖盘
11:00:49,1088.88,0.0,6,653356,卖盘
11:00:52,1088.95,0.07,1,108895,买盘
11:00:55,1088.88,-0.07,6,653360,卖盘
11:00:58,1088.86,-0.02,2,217774,卖盘
11:01:01,1088.88,0.02,1,108888,中性盘
11:01:04,1088.8,-0.08,1,108880,卖盘
11:01:06,1088.84,0.04,1,108884,买盘
11:01:10,1088.8,-0.04,4,435520,卖盘
11:01:13,1088.77,-0.03,5,544407,卖盘
11:01:15,1088.7,-0.07,2,166575,买盘
11:01:19,1088.6,-0.1,3,326584,卖盘
11:01:22,1088.6,0.0,17,1850908,卖盘
11:01:25,1088.88,0.28,5,544348,买盘
11:01:28,1088.77,-0.11,5,544318,中性盘
11:01:31,1088.77,0.0,2,217754,卖盘
11:01:34,1088.69,-0.08,4,435458,中性盘
11:01:37,1088.77,0.08,10,1088737,买盘
11:01:40,1088.7,-0.07,1,108870,卖盘
11:01:43,1088.67,-0.03,4,435478,卖盘
11:01:46,1088.79,0.12,2,217758,中性盘
11:01:49,1088.67,-0.12,3,326601,卖盘
11:01:52,1088.6,-0.07,3,326599,卖盘
11:01:55,1088.67,0.07,3,326618,卖盘
11:01:57,1088.72,0.05,5,566125,中性盘
11:02:01,1088.79,0.07,2,217758,买盘
11:02:07,1088.72,-0.07,6,653232,卖盘
11:02:10,1088.72,0.0,5,544360,卖盘
11:02:13,1088.69,-0.03,3,326621,买盘
11:02:16,1088.73,0.04,1,108873,卖盘
11:02:22,1088.73,0.0,4,435486,买盘
11:02:28,1088.69,-0.04,4,435482,卖盘
11:02:30,1088.76,0.07,2,217752,买盘
11:02:37,1088.73,-0.03,4,435499,卖盘
11:02:40,1088.76,0.03,2,217749,买盘
11:02:42,1088.76,0.0,7,762180,买盘
11:02:46,1088.76,0.0,15,1633140,卖盘
11:02:49,1088.69,-0.07,3,326611,卖盘
11:02:52,1088.69,0.0,9,979823,卖盘
11:02:55,1088.69,0.0,4,435476,卖盘
11:02:58,1088.48,-0.21,132,14368978,卖盘
11:03:01,1088.5,0.02,2,217700,买盘
11:03:04,1088.1,-0.4,2,217652,买盘
11:03:06,1088.43,0.33,1,108843,买盘
11:03:10,1088.1,-0.33,19,2067555,买盘
11:03:13,1088.0,-0.1,3,326442,卖盘
11:03:16,1088.0,0.0,3,326400,卖盘
11:03:19,1088.25,0.25,3,326460,买盘
11:03:22,1088.01,-0.24,2,217602,卖盘
11:03:25,1088.01,0.0,3,326403,卖盘
11:03:28,1088.0,-0.01,3,326402,卖盘
11:03:31,1088.16,0.16,3,326448,买盘
11:03:34,1088.0,-0.16,2,217600,卖盘
11:03:39,1088.04,0.04,26,2828886,中性盘
11:03:43,1088.0,-0.04,5,544068,卖盘
11:03:45,1088.0,0.0,1,108800,卖盘
11:03:52,1088.21,0.21,2,217637,中性盘
11:03:55,1088.16,-0.05,7,761745,卖盘
11:03:58,1088.16,0.0,3,326454,卖盘
11:04:04,1088.2,0.04,3,326453,买盘
11:04:06,1088.16,-0.04,6,595225,卖盘
11:04:10,1088.16,0.0,2,217632,卖盘
11:04:13,1088.17,0.01,3,326452,中性盘
11:04:16,1088.16,-0.01,3,326448,卖盘
11:04:18,1088.08,-0.08,3,326424,卖盘
11:04:22,1088.16,0.08,5,544024,买盘
11:04:25,1088.0,-0.16,8,870416,卖盘
11:04:31,1088.0,0.0,8,870416,卖盘
11:04:34,1088.08,0.08,2,217608,中性盘
11:04:38,1088.16,0.08,2,217624,买盘
11:04:39,1088.0,-0.16,2,217600,卖盘
11:04:43,1088.0,0.0,25,2720024,卖盘
11:04:46,1088.0,0.0,8,870396,买盘
11:04:49,1088.0,0.0,4,435199,买盘
11:04:52,1087.99,-0.01,4,435197,卖盘
11:05:01,1088.0,0.01,3,326415,卖盘
11:05:04,1088.0,0.0,1,108800,卖盘
11:05:06,1088.0,0.0,2,217600,卖盘
11:05:10,1087.99,-0.01,3,326398,卖盘
11:05:13,1088.15,0.16,1,108815,买盘
11:05:18,1088.0,-0.15,1,108800,卖盘
11:05:22,1088.15,0.15,3,326445,买盘
11:05:25,1087.99,-0.16,4,435213,卖盘
11:05:28,1087.99,0.0,8,870456,卖盘
11:05:31,1088.0,0.01,6,652796,中性盘
11:05:34,1087.99,-0.01,6,652795,卖盘
11:05:36,1087.99,0.0,3,326397,卖盘
11:05:39,1088.0,0.01,14,1523189,买盘
11:05:43,1088.0,0.0,23,2502400,买盘
11:05:49,1088.0,0.0,2,217600,卖盘
11:05:52,1088.15,0.15,4,435245,买盘
11:05:58,1088.0,-0.15,11,1196835,卖盘
11:06:01,1088.03,0.03,1,108803,卖盘
11:06:04,1088.15,0.12,2,217630,买盘
11:06:07,1088.01,-0.14,1,108801,卖盘
11:06:10,1088.03,0.02,2,217604,买盘
11:06:13,1088.02,-0.01,3,326404,买盘
11:06:16,1088.03,0.01,4,435212,买盘
11:06:19,1088.0,-0.03,7,761600,卖盘
11:06:21,1088.01,0.01,2,217601,买盘
11:06:25,1088.01,0.0,2,217602,买盘
11:06:28,1088.01,0.0,3,326403,买盘
11:06:31,1088.01,0.0,4,435201,买盘
11:06:33,1088.0,-0.01,6,652801,卖盘
11:06:37,1088.01,0.01,2,217603,中性盘
11:06:40,1088.0,-0.01,4,533121,卖盘
11:06:42,1088.01,0.01,2,217602,买盘
11:06:46,1088.01,0.0,4,435204,买盘
11:06:49,1088.0,-0.01,3,326400,卖盘
11:06:51,1088.0,0.0,4,435203,卖盘
11:06:58,1088.0,0.0,43,4678405,卖盘
11:07:01,1088.15,0.15,4,435260,买盘
11:07:04,1088.0,-0.15,15,1615685,卖盘
11:07:07,1088.0,0.0,2,217600,卖盘
11:07:13,1088.1,0.1,1,108810,买盘
11:07:16,1088.0,-0.1,6,652812,卖盘
11:07:19,1088.0,0.0,4,435201,卖盘
11:07:22,1088.01,0.01,4,435201,买盘
11:07:25,1088.01,0.0,1,108801,买盘
11:07:31,1088.1,0.09,1,108810,买盘
11:07:34,1088.01,-0.09,3,326403,卖盘
11:07:37,1088.01,0.0,2,217602,中性盘
11:07:40,1088.1,0.09,1,108810,中性盘
11:07:43,1088.01,-0.09,1,108801,中性盘
11:07:49,1088.0,-0.01,8,870433,卖盘
11:07:52,1088.14,0.14,4,435251,买盘
11:07:55,1088.15,0.01,5,544073,买盘
11:07:58,1088.11,-0.04,1,108811,卖盘
11:08:01,1088.11,0.0,4,435234,买盘
11:08:04,1088.15,0.04,5,544071,买盘
11:08:07,1088.09,-0.06,9,979281,卖盘
11:08:10,1088.0,-0.09,68,7398455,卖盘
11:08:12,1088.0,0.0,5,543998,买盘
11:08:16,1087.99,-0.01,2,217599,卖盘
11:08:19,1087.99,0.0,59,6419142,卖盘
11:08:22,1087.99,0.0,9,979192,卖盘
11:08:25,1088.0,0.01,3,326399,买盘
11:08:28,1088.0,0.0,31,3372770,中性盘
11:08:31,1088.09,0.09,1,108809,买盘
11:08:37,1088.09,0.0,10,1088124,买盘
11:08:39,1088.09,0.0,2,217618,卖盘
11:08:46,1088.2,0.11,1,108820,买盘
11:08:48,1088.09,-0.11,3,326427,卖盘
11:08:52,1088.2,0.11,3,326460,买盘
11:08:58,1088.09,-0.11,3,326449,卖盘
11:09:04,1088.09,0.0,4,435236,卖盘
11:09:07,1088.09,0.0,1,108809,卖盘
11:09:10,1088.18,0.09,1,108818,买盘
11:09:12,1088.18,0.0,1,108818,买盘
11:09:16,1088.18,0.0,2,217636,买盘
11:09:19,1088.21,0.03,2,217639,买盘
11:09:22,1088.25,0.04,9,979380,买盘
11:09:31,1088.73,0.48,2,217694,买盘
11:09:34,1088.19,-0.54,3,326459,卖盘
11:09:37,1088.09,-0.1,3,326555,卖盘
11:09:40,1088.18,0.09,3,326516,卖盘
11:09:43,1088.68,0.5,2,217741,中性盘
11:09:51,1088.73,0.05,4,435490,买盘
11:09:54,1088.72,-0.01,2,217744,买盘
11:09:58,1088.2,-0.52,1,108820,卖盘
11:10:01,1088.73,0.53,2,217745,买盘
11:10:10,1088.73,0.0,3,326619,买盘
11:10:13,1088.73,0.0,1,108873,买盘
11:10:16,1088.72,-0.01,3,326618,中性盘
11:10:24,1088.99,0.27,1,108899,买盘
11:10:27,1088.26,-0.73,1,108826,中性盘
11:10:31,1088.99,0.73,2,217798,买盘
11:10:33,1088.99,0.0,2,217798,买盘
11:10:40,1088.98,-0.01,1,108898,买盘
11:10:45,1089.0,0.02,1,108900,买盘
11:10:48,1088.99,-0.01,1,108899,卖盘
11:10:52,1088.26,-0.73,9,979823,卖盘
11:10:55,1088.99,0.73,7,762225,中性盘
11:11:04,1088.98,-0.01,5,544414,中性盘
11:11:07,1088.9,-0.08,1,108890,卖盘
11:11:10,1088.88,-0.02,1,108888,中性盘
11:11:13,1088.89,0.01,1,108889,买盘
11:11:15,1088.97,0.08,1,108897,买盘
11:11:22,1088.97,0.0,6,653355,买盘
11:11:31,1088.97,0.0,4,435574,买盘
11:11:36,1088.98,0.01,2,217795,买盘
11:11:40,1088.9,-0.08,1,108890,卖盘
11:11:43,1088.97,0.07,5,544485,买盘
11:11:45,1088.97,0.0,2,217797,中性盘
11:11:49,1088.97,0.0,1,108897,卖盘
11:11:51,1089.0,0.03,3,326700,买盘
11:11:55,1089.0,0.0,27,2907630,买盘
11:12:01,1089.0,0.0,5,544506,卖盘
11:12:04,1089.08,0.08,5,544516,买盘
11:12:10,1089.08,0.0,2,217816,买盘
11:12:12,1089.08,0.0,5,544532,买盘
11:12:15,1089.08,0.0,2,217815,买盘
11:12:18,1089.08,0.0,1,108908,买盘
11:12:25,1089.04,-0.04,4,435628,卖盘
11:12:28,1089.5,0.46,2,217859,买盘
11:12:31,1089.69,0.19,2,217889,买盘
11:12:33,1089.09,-0.6,1,108909,卖盘
11:12:39,1089.1,0.01,12,1307540,卖盘
11:12:43,1089.4,0.3,1,108940,中性盘
11:12:45,1089.25,-0.15,1,108925,中性盘
11:12:49,1089.69,0.44,2,217938,买盘
11:12:51,1089.69,0.0,4,435847,买盘
11:13:01,1089.98,0.29,1,108998,买盘
11:13:03,1089.98,0.0,9,980968,买盘
11:13:06,1089.98,0.0,1,108998,买盘
11:13:10,1089.69,-0.29,1,108969,卖盘
11:13:12,1089.77,0.08,1,108977,买盘
11:13:16,1089.84,0.07,7,762902,买盘
11:13:18,1089.83,-0.01,6,653951,中性盘
11:13:21,1090.0,0.17,21,2288915,买盘
11:13:25,1089.77,-0.23,3,326925,买盘
11:13:27,1089.77,0.0,2,217951,买盘
11:13:31,1089.77,0.0,2,217964,中性盘
11:13:36,1090.0,0.23,2,218000,买盘
11:13:40,1090.0,0.0,26,2835136,买盘
11:13:42,1090.0,0.0,1,109000,卖盘
11:13:48,1090.76,0.76,2,218152,买盘
11:13:49,1090.01,-0.75,5,545230,卖盘
11:13:55,1090.39,0.38,1,109039,买盘
11:13:58,1090.39,0.0,1,109039,买盘
11:14:00,1090.39,0.0,22,2398881,买盘
11:14:03,1090.38,-0.01,1,109038,中性盘
11:14:06,1090.38,0.0,2,218076,买盘
11:14:09,1090.24,-0.14,1,109024,买盘
11:14:10,1090.38,0.14,1,109038,买盘
11:14:18,1090.1,-0.28,5,545078,卖盘
11:14:21,1090.37,0.27,2,218074,买盘
11:14:24,1090.38,0.01,9,981327,买盘
11:14:30,1090.39,0.01,3,327115,买盘
11:14:33,1090.37,-0.02,1,109037,卖盘
11:14:36,1091.99,1.62,21,2292578,买盘
11:14:42,1091.9,-0.09,5,545988,卖盘
11:14:48,1092.0,0.1,5,546000,买盘
11:14:51,1091.99,-0.01,4,436787,买盘
11:14:55,1091.99,0.0,2,218398,买盘
11:14:57,1091.99,0.0,2,218398,买盘
11:15:00,1092.0,0.01,6,655197,买盘
11:15:03,1091.99,-0.01,1,109199,卖盘
11:15:07,1091.99,0.0,1,109199,卖盘
11:15:09,1092.0,0.01,3,327600,买盘
11:15:12,1092.0,0.0,7,731640,买盘
11:15:21,1092.56,0.56,3,327756,买盘
11:15:27,1092.54,-0.02,51,5571226,买盘
11:15:30,1092.8,0.26,1,109280,买盘
11:15:33,1092.5,-0.3,2,218504,卖盘
11:15:36,1092.98,0.48,3,327888,买盘
11:15:40,1092.95,-0.03,3,327891,卖盘
11:15:45,1092.95,0.0,7,765078,卖盘
11:15:47,1093.42,0.47,1,109342,买盘
11:15:51,1093.0,-0.42,6,655842,卖盘
11:15:54,1093.0,0.0,4,437326,卖盘
11:15:57,1093.42,0.42,2,218663,买盘
11:16:06,1093.42,0.0,4,437368,买盘
11:16:09,1093.02,-0.4,3,327986,卖盘
11:16:12,1093.9,0.88,6,656264,买盘
11:16:15,1093.9,0.0,3,328170,卖盘
11:16:18,1093.9,0.0,2,218780,卖盘
11:16:21,1093.98,0.08,56,6125175,买盘
11:16:23,1093.95,-0.03,3,328191,卖盘
11:16:25,1093.9,-0.05,8,874902,卖盘
11:16:30,1093.9,0.0,2,218740,买盘
11:16:36,1093.9,0.0,1,109390,买盘
11:16:39,1093.9,0.0,6,656215,买盘
11:16:42,1093.9,0.0,2,218755,买盘
11:16:45,1093.65,-0.25,6,656176,中性盘
11:16:47,1093.5,-0.15,3,328080,卖盘
11:16:51,1093.73,0.23,4,437492,中性盘
11:16:54,1092.56,-1.17,18,1967308,卖盘
11:16:57,1092.81,0.25,4,437124,买盘
11:16:58,1092.54,-0.27,1,109254,卖盘
11:17:06,1092.81,0.27,1,109281,买盘
11:17:09,1092.81,0.0,5,546405,买盘
11:17:12,1092.8,-0.01,2,218561,卖盘
11:17:15,1092.8,0.0,1,109280,卖盘
11:17:18,1092.81,0.01,1,109281,买盘
11:17:24,1092.67,-0.14,2,218534,卖盘
11:17:30,1092.8,0.13,11,1202046,买盘
11:17:39,1092.54,-0.06,1,109259,买盘
11:17:41,1092.54,0.0,8,874032,卖盘
11:17:45,1092.6,0.06,1,109260,中性盘
11:17:48,1092.54,-0.06,3,327772,卖盘
11:17:51,1092.54,0.0,5,513515,卖盘
11:17:53,1092.65,0.11,5,579102,卖盘
11:17:56,1092.0,-0.65,4,436899,买盘
11:18:00,1091.99,-0.01,1,109200,买盘
11:18:06,1092.6,0.61,3,327719,买盘
11:18:09,1091.99,-0.61,3,294892,卖盘
11:18:12,1091.99,0.0,1,109199,买盘
11:18:15,1091.99,0.0,3,327597,买盘
11:18:18,1091.93,-0.06,1,109193,卖盘
11:18:24,1091.99,0.06,8,873576,买盘
11:18:27,1091.94,-0.05,1,109194,卖盘
11:18:30,1091.99,0.05,1,109199,买盘
11:18:33,1091.93,-0.06,4,436785,卖盘
11:18:36,1091.99,0.06,2,218398,买盘
11:18:39,1091.93,-0.06,1,109193,卖盘
11:18:42,1091.94,0.01,5,545970,买盘
11:18:44,1091.99,0.05,2,251158,买盘
11:18:51,1092.49,0.5,1,109249,买盘
11:19:00,1091.99,-0.5,1,109199,卖盘
11:19:03,1091.99,0.0,2,218398,卖盘
11:19:12,1092.24,0.25,2,218473,卖盘
11:19:24,1092.5,0.26,1,109250,买盘
11:19:27,1092.59,0.09,5,546276,买盘
11:19:30,1092.6,0.01,2,218519,买盘
11:19:34,1092.59,-0.01,2,218518,卖盘
11:19:39,1092.6,0.01,13,1420491,买盘
11:19:42,1092.6,0.0,2,218519,买盘
11:19:44,1092.6,0.0,1,109260,买盘
11:19:51,1092.8,0.2,1,109280,买盘
11:19:54,1092.6,-0.2,5,546363,卖盘
11:19:57,1092.81,0.21,1,109281,买盘
11:20:03,1092.81,0.0,8,874248,买盘
11:20:06,1092.99,0.18,12,1311588,买盘
11:20:09,1092.98,-0.01,4,437192,中性盘
11:20:10,1092.98,0.0,1,109298,买盘
11:20:15,1092.81,-0.17,11,1202247,卖盘
11:20:20,1092.99,0.18,29,3169663,买盘
11:20:23,1092.98,-0.01,6,655789,卖盘
11:20:27,1092.9,-0.08,1,109290,买盘
11:20:30,1092.98,0.08,1,109298,买盘
11:20:33,1092.9,-0.08,8,874357,中性盘
11:20:34,1092.98,0.08,1,109298,买盘
11:20:39,1092.98,0.0,5,546490,买盘
11:20:40,1092.98,0.0,2,218596,买盘
11:20:44,1092.98,0.0,1,109298,买盘
11:20:47,1092.98,0.0,3,327894,买盘
11:20:52,1092.98,0.0,1,109298,买盘
11:20:57,1092.98,0.0,2,218596,买盘
11:21:00,1092.98,0.0,4,437192,买盘
11:21:03,1092.98,0.0,2,218586,买盘
11:21:06,1092.98,0.0,6,655778,买盘
11:21:09,1092.98,0.0,5,546490,卖盘
11:21:10,1092.98,0.0,1,109298,买盘
11:21:15,1092.88,-0.1,2,218576,买盘
11:21:18,1092.9,0.02,1,109290,卖盘
11:21:21,1092.99,0.09,4,437178,卖盘
11:21:24,1092.99,0.0,1,109299,买盘
11:21:27,1092.98,-0.01,1,109298,中性盘
11:21:30,1092.98,0.0,1,109298,买盘
11:21:33,1092.85,-0.13,1,109285,卖盘
11:21:36,1092.94,0.09,8,874276,买盘
11:21:39,1092.85,-0.09,1,109285,中性盘
11:21:45,1092.9,0.05,5,546458,卖盘
11:21:47,1092.98,0.08,4,437187,买盘
11:21:51,1092.98,0.0,1,109298,买盘
11:21:54,1092.98,0.0,1,109298,买盘
11:21:57,1092.98,0.0,7,765063,买盘
11:22:00,1092.98,0.0,1,109298,买盘
11:22:03,1092.94,-0.04,2,218585,中性盘
11:22:06,1092.9,-0.04,8,874360,卖盘
11:22:12,1092.9,0.0,25,2732251,卖盘
11:22:14,1092.9,0.0,1,109290,买盘
11:22:18,1092.9,0.0,2,218580,买盘
11:22:24,1092.6,-0.3,9,983454,卖盘
11:22:27,1092.9,0.3,1,109290,买盘
11:22:30,1092.9,0.0,2,218580,买盘
11:22:33,1092.91,0.01,16,1748461,买盘
11:22:45,1092.91,0.0,3,247012,卖盘
11:22:48,1092.95,0.04,1,109295,买盘
11:22:52,1092.95,0.0,3,327877,买盘
11:22:54,1092.95,0.0,2,218590,买盘
11:22:57,1092.91,-0.04,1,109291,卖盘
11:23:03,1092.9,-0.01,8,874327,卖盘
11:23:06,1092.91,0.01,1,109291,中性盘
11:23:09,1092.9,-0.01,1,109290,卖盘
11:23:11,1092.91,0.01,3,327873,买盘
11:23:18,1092.94,0.03,1,109294,买盘
11:23:21,1092.94,0.0,3,327876,买盘
11:23:24,1092.91,-0.03,2,218585,中性盘
11:23:27,1092.9,-0.01,1,109290,卖盘
11:23:30,1092.6,-0.3,2,299427,买盘
11:23:33,1092.9,0.3,1,109290,中性盘
11:23:39,1092.93,0.03,2,218583,中性盘
11:23:42,1092.9,-0.03,1,109290,卖盘
11:23:48,1092.9,0.0,6,655614,买盘
11:23:51,1092.9,0.0,1,109290,买盘
11:23:57,1092.59,-0.31,1,109259,卖盘
11:24:03,1092.56,-0.03,3,327775,卖盘
11:24:09,1092.6,0.04,4,437038,买盘
11:24:12,1092.59,-0.01,1,109259,买盘
11:24:17,1092.54,-0.05,1,109254,中性盘
11:24:21,1092.5,-0.04,1,109250,卖盘
11:24:23,1092.49,-0.01,1,109249,卖盘
11:24:27,1092.6,0.11,6,655527,买盘
11:24:30,1092.49,-0.11,2,218498,中性盘
11:24:39,1092.18,-0.31,1,109218,卖盘
11:24:45,1092.47,0.29,5,546160,买盘
11:24:51,1092.47,0.0,4,436892,买盘
11:24:54,1092.47,0.0,6,655342,买盘
11:24:57,1092.47,0.0,2,218447,买盘
11:25:00,1091.99,-0.48,1,109199,卖盘
11:25:03,1092.0,0.01,2,218446,中性盘
11:25:06,1091.99,-0.01,1,9828,卖盘
11:25:09,1091.99,0.0,3,426969,卖盘
11:25:12,1091.99,0.0,2,119027,买盘
11:25:21,1091.99,0.0,2,218399,买盘
11:25:24,1091.99,0.0,8,873644,卖盘
11:25:25,1091.94,-0.05,5,645354,卖盘
11:25:30,1091.97,0.03,1,109197,买盘
11:25:39,1091.94,-0.03,1,109194,卖盘
11:25:42,1091.96,0.02,5,545978,买盘
11:25:45,1091.99,0.03,8,785124,买盘
11:25:48,1091.97,-0.02,4,436788,卖盘
11:25:51,1092.0,0.03,13,1419564,买盘
11:25:54,1091.97,-0.03,1,109197,卖盘
11:26:05,1092.0,0.03,11,1201163,买盘
11:26:09,1091.93,-0.07,3,327590,卖盘
11:26:12,1091.93,0.0,9,982745,卖盘
11:26:15,1091.93,0.0,1,197644,买盘
11:26:17,1091.9,-0.03,1,109190,买盘
11:26:21,1091.9,0.0,2,218378,买盘
11:26:24,1091.83,-0.07,2,218371,卖盘
11:26:27,1091.88,0.05,4,400720,买盘
11:26:30,1091.5,-0.38,5,581888,买盘
11:26:34,1091.35,-0.15,2,218270,卖盘
11:26:44,1091.1,-0.25,1,109110,卖盘
11:26:48,1091.35,0.25,4,436513,买盘
11:26:51,1091.03,-0.32,4,436412,卖盘
11:26:58,1091.02,-0.01,3,327312,卖盘
11:27:08,1091.1,0.08,8,873118,卖盘
11:27:12,1091.0,-0.1,11,1200131,卖盘
11:27:14,1091.0,0.0,8,872800,买盘
11:27:17,1091.0,0.0,1,109100,买盘
11:27:21,1090.66,-0.34,2,218136,卖盘
11:27:24,1090.66,0.0,1,109066,卖盘
11:27:25,1090.42,-0.24,3,327149,卖盘
11:27:30,1090.38,-0.04,2,218077,卖盘
11:27:33,1090.35,-0.03,2,218064,中性盘
11:27:39,1090.23,-0.12,3,327043,买盘
11:27:42,1090.0,-0.23,43,4687010,卖盘
11:27:45,1089.95,-0.05,2,217993,卖盘
11:27:48,1089.87,-0.08,3,326978,卖盘
11:27:51,1089.71,-0.16,1,108971,卖盘
11:27:54,1089.71,0.0,5,544931,卖盘
11:27:59,1089.86,0.15,4,435916,买盘
11:28:03,1089.73,-0.13,10,1008032,卖盘
11:28:06,1089.71,-0.02,2,217942,卖盘
11:28:09,1089.71,0.0,5,544855,卖盘
11:28:12,1089.7,-0.01,2,294222,买盘
11:28:15,1089.7,0.0,2,223392,买盘
11:28:20,1090.0,0.3,11,1179123,卖盘
11:28:33,1090.0,0.0,32,3488072,卖盘
11:28:36,1090.35,0.35,1,109035,买盘
11:28:42,1090.0,-0.35,3,327038,卖盘
11:28:45,1090.35,0.35,2,218070,买盘
11:28:47,1091.1,0.75,13,1417366,买盘
11:28:50,1091.88,0.78,11,1200287,买盘
11:28:54,1091.5,-0.38,12,1309800,卖盘
11:28:56,1091.5,0.0,20,2183000,卖盘
11:29:03,1091.49,-0.01,4,436478,买盘
11:29:07,1090.19,-1.3,1,109019,卖盘
11:29:27,1090.5,0.31,3,327150,卖盘
11:29:30,1090.5,0.0,1,109050,卖盘
11:29:32,1091.5,1.0,7,764050,买盘
11:29:36,1091.45,-0.05,4,436658,卖盘
11:29:39,1091.5,0.05,3,327450,买盘
11:29:45,1091.45,-0.05,2,218290,卖盘
11:29:51,1091.49,0.04,2,218294,买盘
11:29:57,1091.49,0.0,1,109149,买盘
11:30:00,1091.45,-0.04,4,436580,卖盘
13:00:01,1091.84,0.39,45,4912237,卖盘
13:00:04,1091.45,-0.39,117,12764534,卖盘
13:00:07,1091.97,0.52,82,8910624,买盘
13:00:10,1091.92,-0.05,20,2183890,卖盘
13:00:13,1092.88,0.96,3,327760,买盘
13:00:16,1091.84,-1.04,3,327760,卖盘
13:00:19,1092.88,1.04,3,327864,买盘
13:00:22,1091.84,-1.04,2,218472,卖盘
13:00:25,1091.84,0.0,12,1310832,卖盘
13:00:27,1091.9,0.06,1,109190,中性盘
13:00:30,1091.17,-0.73,45,4954146,卖盘
13:00:34,1091.45,0.28,4,436580,买盘
13:00:37,1091.17,-0.28,5,545527,买盘
13:00:40,1090.6,-0.57,4,436243,卖盘
13:00:42,1090.52,-0.08,4,436235,卖盘
13:00:45,1090.6,0.08,10,1090592,买盘
13:00:48,1090.5,-0.1,7,763390,卖盘
13:00:52,1090.5,0.0,2,218090,买盘
13:01:01,1090.6,0.1,13,1417712,买盘
13:01:04,1090.6,0.0,18,1963080,卖盘
13:01:06,1090.61,0.01,4,436241,买盘
13:01:10,1090.5,-0.11,23,2508374,卖盘
13:01:13,1090.4,-0.1,5,545230,卖盘
13:01:16,1090.37,-0.03,1,109037,卖盘
13:01:19,1090.19,-0.18,6,654228,卖盘
13:01:22,1090.12,-0.07,2,218030,卖盘
13:01:25,1090.09,-0.03,3,327031,卖盘
13:01:28,1090.0,-0.09,37,4052639,卖盘
13:01:31,1089.7,-0.3,8,871787,卖盘
13:01:33,1088.88,-0.82,38,4138532,卖盘
13:01:37,1088.86,-0.02,4,435550,卖盘
13:01:40,1088.8,-0.06,4,435533,卖盘
13:01:43,1088.7,-0.1,1,108870,卖盘
13:01:46,1088.7,0.0,2,217750,卖盘
13:01:49,1088.69,-0.01,1,108869,买盘
13:01:51,1088.38,-0.31,4,435395,卖盘
13:01:55,1088.69,0.31,2,217699,买盘
13:01:58,1088.69,0.0,2,217729,买盘
13:02:01,1088.3,-0.39,3,326506,卖盘
13:02:03,1088.3,0.0,3,326490,卖盘
13:02:07,1088.3,0.0,5,544150,买盘
13:02:10,1088.3,0.0,2,217673,卖盘
13:02:15,1088.28,-0.02,7,761795,卖盘
13:02:19,1088.24,-0.04,8,870615,卖盘
13:02:22,1088.28,0.04,2,217652,买盘
13:02:25,1088.24,-0.04,1,108824,中性盘
13:02:27,1088.24,0.0,3,326472,买盘
13:02:31,1088.24,0.0,5,544119,买盘
13:02:34,1088.22,-0.02,7,761769,卖盘
13:02:37,1088.24,0.02,6,652952,卖盘
13:02:40,1088.28,0.04,14,1441971,买盘
13:02:43,1088.29,0.01,17,1850213,中性盘
13:02:46,1088.3,0.01,1,119743,中性盘
13:02:49,1088.3,0.0,3,326568,卖盘
13:02:52,1088.28,-0.02,12,1306025,卖盘
13:02:55,1088.28,0.0,8,870710,卖盘
13:02:57,1088.28,0.0,6,653136,卖盘
13:03:01,1088.28,0.0,38,4206239,卖盘
13:03:04,1088.27,-0.01,27,2938335,卖盘
13:03:07,1088.27,0.0,5,544139,中性盘
13:03:10,1088.28,0.01,15,1632419,买盘
13:03:12,1088.28,0.0,1,108828,买盘
13:03:16,1088.28,0.0,9,979452,买盘
13:03:19,1088.28,0.0,12,1305891,买盘
13:03:22,1088.28,0.0,8,870606,买盘
13:03:28,1088.27,-0.01,5,544123,中性盘
13:03:31,1088.27,0.0,2,217654,中性盘
13:03:37,1088.24,-0.03,3,326480,卖盘
13:03:39,1088.28,0.04,10,1088275,买盘
13:03:43,1088.25,-0.03,2,217649,买盘
13:03:49,1088.25,0.0,6,652952,卖盘
13:03:52,1088.28,0.03,5,544137,买盘
13:03:58,1088.27,-0.01,35,3808975,卖盘
13:04:01,1088.28,0.01,5,473401,买盘
13:04:04,1088.28,0.0,5,544140,卖盘
13:04:06,1088.28,0.0,1,108828,卖盘
13:04:09,1088.28,0.0,4,435312,卖盘
13:04:13,1088.28,0.0,3,326484,卖盘
13:04:16,1088.27,-0.01,3,326488,买盘
13:04:19,1088.64,0.37,1,108864,中性盘
13:04:21,1088.64,0.0,1,108864,卖盘
13:04:25,1088.25,-0.39,16,1812034,卖盘
13:04:28,1088.25,0.0,1,108825,买盘
13:04:31,1088.25,0.0,4,435300,买盘
13:04:34,1088.25,0.0,2,217650,买盘
13:04:37,1088.23,-0.02,17,1850002,卖盘
13:04:40,1088.23,0.0,4,435289,买盘
13:04:43,1088.23,0.0,10,1088201,买盘
13:04:46,1088.23,0.0,2,217646,买盘
13:04:49,1088.2,-0.03,3,326456,中性盘
13:04:55,1088.2,0.0,1,108820,买盘
13:04:58,1088.16,-0.04,1,108816,卖盘
13:05:02,1088.25,0.09,23,2502866,买盘
13:05:04,1088.1,-0.15,2,217620,卖盘
13:05:07,1088.1,0.0,8,870482,买盘
13:05:10,1088.16,0.06,2,217632,买盘
13:05:12,1088.25,0.09,3,326475,买盘
13:05:16,1088.0,-0.25,50,5440115,卖盘
13:05:19,1088.25,0.25,8,870495,买盘
13:05:22,1088.25,0.0,2,217650,买盘
13:05:25,1088.27,0.02,4,392865,卖盘
13:05:27,1088.25,-0.02,8,870600,买盘
13:05:34,1088.29,0.04,2,217654,买盘
13:05:37,1088.25,-0.04,4,462509,卖盘
13:05:42,1088.25,0.0,4,435302,卖盘
13:05:52,1088.27,0.02,2,217654,买盘
13:05:55,1088.27,0.0,1,108827,买盘
13:06:04,1088.27,0.0,6,652960,卖盘
13:06:07,1088.63,0.36,3,326588,买盘
13:06:10,1088.63,0.0,4,435451,买盘
13:06:16,1088.62,-0.01,1,108862,买盘
13:06:19,1088.29,-0.33,2,217691,卖盘
13:06:22,1088.64,0.35,2,217726,买盘
13:06:25,1088.3,-0.34,1,108830,卖盘
13:06:28,1088.3,0.0,1,108830,卖盘
13:06:31,1088.62,0.32,2,217724,买盘
13:06:34,1088.29,-0.33,12,1305961,卖盘
13:06:37,1088.29,0.0,2,217658,卖盘
13:06:39,1088.29,0.0,3,326487,买盘
13:06:43,1088.3,0.01,2,217660,卖盘
13:06:46,1088.3,0.0,7,761810,卖盘
13:06:49,1088.3,0.0,2,137127,卖盘
13:06:52,1088.29,-0.01,3,407024,卖盘
13:06:55,1088.59,0.3,10,1007908,买盘
13:06:58,1088.73,0.14,1,108873,中性盘
13:07:01,1088.29,-0.44,12,1305964,卖盘
13:07:04,1088.31,0.02,3,326489,买盘
13:07:07,1088.29,-0.02,2,217681,买盘
13:07:10,1088.52,0.23,3,326509,买盘
13:07:13,1088.3,-0.22,2,217661,卖盘
13:07:19,1088.62,0.32,1,117569,卖盘
13:07:22,1088.3,-0.32,5,544170,买盘
13:07:25,1088.29,-0.01,2,217692,买盘
13:07:28,1088.29,0.0,1,108829,卖盘
13:07:30,1088.29,0.0,3,317781,卖盘
13:07:34,1088.35,0.06,5,552864,卖盘
13:07:37,1088.3,-0.05,15,1632473,卖盘
13:07:40,1088.3,0.0,2,217665,卖盘
13:07:42,1088.28,-0.02,16,1732631,卖盘
13:07:46,1088.48,0.2,55,6065168,买盘
13:07:49,1088.28,-0.2,2,217656,卖盘
13:07:55,1088.2,-0.08,1,108820,中性盘
13:07:58,1088.28,0.08,3,326476,买盘
13:08:01,1088.28,0.0,1,108828,卖盘
13:08:05,1088.28,0.0,3,245950,卖盘
13:08:07,1088.28,0.0,1,108828,卖盘
13:08:13,1088.48,0.2,1,145856,买盘
13:08:16,1088.48,0.0,2,217705,买盘
13:08:19,1088.28,-0.2,5,544257,卖盘
13:08:22,1088.28,0.0,5,544140,卖盘
13:08:25,1088.63,0.35,5,544232,买盘
13:08:28,1088.47,-0.16,5,544394,中性盘
13:08:31,1088.46,-0.01,1,108846,买盘
13:08:34,1088.87,0.41,1,108887,买盘
13:08:43,1088.29,-0.58,3,326603,卖盘
13:08:46,1088.28,-0.01,1,108828,卖盘
13:08:52,1088.29,0.01,2,217658,卖盘
13:08:55,1088.87,0.58,2,217716,买盘
13:08:57,1088.28,-0.59,4,435315,卖盘
13:09:04,1088.3,0.01,2,217663,卖盘
13:09:07,1088.39,0.09,1,108839,买盘
13:09:10,1088.87,0.48,10,1088447,买盘
13:09:13,1088.87,0.0,9,979686,买盘
13:09:16,1088.29,-0.58,5,544158,卖盘
13:09:18,1088.32,0.03,2,217664,买盘
13:09:22,1088.29,-0.03,7,761881,卖盘
13:09:25,1088.28,-0.01,10,1088388,买盘
13:09:33,1088.27,-0.01,21,2275593,卖盘
13:09:36,1088.27,0.0,4,435308,买盘
13:09:40,1088.28,0.01,7,762033,中性盘
13:09:46,1088.28,0.0,1,108828,买盘
13:09:49,1088.28,0.0,5,544138,买盘
13:09:52,1088.28,0.0,2,219833,买盘
13:09:55,1088.28,0.0,3,326484,卖盘
13:10:01,1088.88,0.6,12,1304231,买盘
13:10:04,1088.88,0.0,13,1415395,买盘
13:10:07,1088.28,-0.6,4,435486,中性盘
13:10:10,1088.88,0.6,2,217774,买盘
13:10:12,1088.88,0.0,2,217776,买盘
13:10:16,1088.85,-0.03,12,1306197,买盘
13:10:19,1088.85,0.0,4,435369,买盘
13:10:22,1088.85,0.0,1,108885,买盘
13:10:25,1088.85,0.0,3,326655,买盘
13:10:27,1088.85,0.0,2,217769,买盘
13:10:31,1088.85,0.0,6,653308,买盘
13:10:34,1088.85,0.0,9,979978,中性盘
13:10:37,1089.0,0.15,8,871104,买盘
13:10:39,1088.85,-0.15,5,544383,卖盘
13:10:43,1088.85,0.0,2,217744,买盘
13:10:46,1088.85,0.0,6,653284,买盘
13:10:49,1088.84,-0.01,1,108884,中性盘
13:10:52,1088.84,0.0,1,108884,买盘
13:10:55,1089.67,0.83,5,544555,买盘
13:10:58,1088.28,-1.39,10,1088352,卖盘
13:11:01,1088.27,-0.01,3,326761,中性盘
13:11:04,1088.52,0.25,3,326531,中性盘
13:11:09,1088.25,-0.27,11,1197084,卖盘
13:11:13,1088.52,0.27,5,544260,买盘
13:11:16,1088.52,0.0,3,326538,买盘
13:11:19,1088.28,-0.24,1,108828,卖盘
13:11:22,1088.51,0.23,2,217679,中性盘
13:11:25,1088.51,0.0,7,761889,买盘
13:11:27,1088.27,-0.24,1,108827,卖盘
13:11:31,1088.27,0.0,5,544234,卖盘
13:11:40,1088.28,0.01,1,108828,卖盘
13:11:43,1088.28,0.0,2,139300,卖盘
13:11:46,1088.25,-0.03,4,513662,买盘
13:11:49,1088.2,-0.05,3,326464,卖盘
13:11:52,1088.2,0.0,4,435280,买盘
13:11:54,1088.05,-0.15,2,217610,卖盘
13:11:58,1088.03,-0.02,2,217606,卖盘
13:12:04,1088.02,-0.01,7,761617,卖盘
13:12:07,1088.03,0.01,1,108803,买盘
13:12:10,1088.02,-0.01,10,1088020,卖盘
13:12:13,1088.03,0.01,3,243718,买盘
13:12:16,1088.03,0.0,2,217606,卖盘
13:12:19,1088.05,0.02,16,1771340,买盘
13:12:22,1088.98,0.93,10,1088248,买盘
13:12:25,1089.67,0.69,3,326777,买盘
13:12:28,1088.2,-1.47,8,870730,卖盘
13:12:31,1089.36,1.16,1,108936,买盘
13:12:34,1088.2,-1.16,1,108820,卖盘
13:12:37,1088.2,0.0,9,980308,卖盘
13:12:43,1089.33,1.13,3,326686,中性盘
13:12:47,1089.33,0.0,4,435630,卖盘
13:12:48,1089.36,0.03,1,108936,买盘
13:12:52,1089.33,-0.03,4,435510,中性盘
13:12:55,1089.34,0.01,4,435742,中性盘
13:12:57,1089.34,0.0,2,217868,买盘
13:13:01,1089.34,0.0,4,435736,买盘
13:13:04,1089.72,0.38,16,1742331,买盘
13:13:07,1089.36,-0.36,2,217756,中性盘
13:13:13,1088.92,-0.44,12,1306151,中性盘
13:13:16,1088.27,-0.65,3,326471,卖盘
13:13:21,1088.2,-0.07,6,620504,卖盘
13:13:25,1088.27,0.07,2,217647,中性盘
13:13:31,1088.2,-0.07,1,108820,卖盘
13:13:34,1088.3,0.1,1,108830,卖盘
13:13:37,1089.33,1.03,2,217866,买盘
13:13:40,1089.25,-0.08,3,326791,卖盘
13:13:42,1089.33,0.08,3,326766,买盘
13:13:46,1089.25,-0.08,1,108925,买盘
13:13:49,1089.33,0.08,4,435716,买盘
13:13:55,1088.27,-1.06,3,326590,卖盘
13:14:01,1089.33,1.06,6,653598,买盘
13:14:04,1089.31,-0.02,3,326799,卖盘
13:14:06,1089.33,0.02,2,217764,买盘
13:14:10,1089.32,-0.01,3,326795,中性盘
13:14:13,1088.26,-1.06,1,108826,买盘
13:14:16,1088.25,-0.01,1,108825,卖盘
13:14:19,1089.31,1.06,5,544550,买盘
13:14:22,1088.3,-1.01,7,762007,卖盘
13:14:25,1088.3,0.0,1,108830,卖盘
13:14:31,1089.31,1.01,4,435724,买盘
13:14:37,1088.3,-1.01,12,1306412,卖盘
13:14:40,1088.3,0.0,1,108830,买盘
13:14:43,1088.3,0.0,2,217660,买盘
13:14:46,1088.3,0.0,1,108830,买盘
13:14:49,1088.3,0.0,16,1741274,买盘
13:14:51,1088.33,0.03,2,217666,卖盘
13:14:55,1088.68,0.35,1,108868,买盘
13:15:01,1089.0,0.32,3,326601,买盘
13:15:04,1088.8,-0.2,1,108880,卖盘
13:15:07,1089.0,0.2,2,217800,买盘
13:15:10,1089.31,0.31,1,108931,买盘
13:15:16,1088.81,-0.5,2,217762,卖盘
13:15:19,1088.8,-0.01,7,762190,卖盘
13:15:22,1088.8,0.0,3,326640,买盘
13:15:25,1088.4,-0.4,2,217680,卖盘
13:15:27,1089.31,0.91,4,435543,买盘
13:15:31,1088.8,-0.51,4,435583,中性盘
13:15:34,1089.0,0.2,3,326762,中性盘
13:15:37,1088.4,-0.6,5,544263,卖盘
13:15:40,1089.0,0.6,71,7760214,买盘
13:15:43,1088.41,-0.59,18,1960910,买盘
13:15:46,1089.31,0.9,1,108931,买盘
13:15:49,1089.0,-0.31,1,108900,卖盘
13:15:52,1089.98,0.98,1,108998,买盘
13:15:55,1089.0,-0.98,6,653551,卖盘
13:15:58,1089.97,0.97,2,217995,中性盘
13:16:01,1090.0,0.03,9,980993,买盘
13:16:04,1089.31,-0.69,8,871730,中性盘
13:16:07,1090.0,0.69,6,653862,买盘
13:16:10,1090.0,0.0,5,545000,买盘
13:16:13,1090.0,0.0,3,327000,买盘
13:16:15,1090.0,0.0,2,218000,买盘
13:16:18,1090.0,0.0,4,435997,买盘
13:16:22,1090.0,0.0,1,109000,买盘
13:16:25,1090.0,0.0,2,218000,买盘
13:16:28,1090.0,0.0,1,109000,买盘
13:16:31,1090.0,0.0,1,109000,买盘
13:16:35,1090.0,0.0,5,545000,买盘
13:16:37,1090.0,0.0,3,327000,买盘
13:16:40,1089.0,-1.0,13,1416400,卖盘
13:16:43,1089.0,0.0,3,326700,买盘
13:16:46,1089.0,0.0,38,4140569,买盘
13:16:49,1088.88,-0.12,4,435564,卖盘
13:16:52,1088.8,-0.08,2,217760,卖盘
13:16:55,1089.0,0.2,9,980100,买盘
13:16:58,1089.98,0.98,7,762986,买盘
13:17:01,1089.0,-0.98,2,217800,卖盘
13:17:07,1089.0,0.0,15,1633500,卖盘
13:17:10,1089.8,0.8,8,871840,买盘
13:17:18,1089.8,0.0,1,108980,中性盘
13:17:21,1089.99,0.19,26,2833929,买盘
13:17:25,1089.8,-0.19,4,435977,卖盘
13:17:31,1089.99,0.19,8,871719,买盘
13:17:34,1089.02,-0.97,6,653849,卖盘
13:17:40,1089.9,0.88,4,435871,买盘
13:17:43,1089.9,0.0,4,435960,买盘
13:17:46,1089.0,-0.9,8,871204,卖盘
13:17:49,1089.0,0.0,31,3374884,买盘
13:17:52,1089.0,0.0,4,435600,买盘
13:17:55,1088.42,-0.58,29,3192037,卖盘
13:17:58,1088.3,-0.12,12,1306171,买盘
13:18:01,1088.83,0.53,1,108883,中性盘
13:18:04,1088.5,-0.33,3,326550,买盘
13:18:07,1088.5,0.0,6,653100,买盘
13:18:10,1088.83,0.33,13,1415214,买盘
13:18:13,1088.83,0.0,6,632610,买盘
13:18:16,1088.5,-0.33,30,3226320,买盘
13:18:19,1088.83,0.33,1,108883,卖盘
13:18:24,1089.0,0.17,6,653400,买盘
13:18:28,1088.83,-0.17,3,326666,卖盘
13:18:31,1088.83,0.0,5,544415,卖盘
13:18:34,1088.83,0.0,3,326649,买盘
13:18:36,1088.8,-0.03,21,2286540,卖盘
13:18:40,1088.8,0.0,1,108880,卖盘
13:18:43,1088.83,0.03,2,219944,卖盘
13:18:46,1088.52,-0.31,99,10860272,卖盘
13:18:49,1088.3,-0.22,32,3482927,买盘
13:18:51,1089.0,0.7,15,1633500,买盘
13:18:54,1088.64,-0.36,7,762211,卖盘
13:18:58,1089.0,0.36,3,326664,买盘
13:19:01,1088.53,-0.47,4,435412,卖盘
13:19:04,1088.53,0.0,8,870824,买盘
13:19:07,1088.53,0.0,2,217706,买盘
13:19:10,1088.7,0.17,12,1306313,买盘
13:19:13,1088.4,-0.3,3,326520,卖盘
13:19:16,1088.64,0.24,4,374434,买盘
13:19:22,1088.4,-0.24,9,1028703,买盘
13:19:25,1088.5,0.1,4,386419,买盘
13:19:28,1089.0,0.5,1,108878,卖盘
13:19:31,1088.7,-0.3,1,108870,中性盘
13:19:34,1088.31,-0.39,12,1306203,卖盘
13:19:37,1088.5,0.19,1,108850,中性盘
13:19:40,1088.3,-0.2,6,653042,卖盘
13:19:42,1088.5,0.2,6,653100,中性盘
13:19:46,1088.34,-0.16,4,435368,卖盘
13:19:49,1088.61,0.27,13,1414833,买盘
13:19:55,1088.54,-0.07,5,544270,买盘
13:19:58,1088.5,-0.04,6,653141,卖盘
13:20:01,1088.64,0.14,20,2177120,买盘
13:20:03,1089.5,0.86,23,2553459,买盘
13:20:07,1089.5,0.0,2,217900,卖盘
13:20:10,1089.8,0.3,10,1089568,买盘
13:20:13,1089.8,0.0,2,217960,买盘
13:20:16,1089.5,-0.3,10,1089565,卖盘
13:20:19,1089.98,0.48,8,871936,买盘
13:20:21,1089.98,0.0,8,871698,买盘
13:20:25,1089.5,-0.48,8,871518,中性盘
13:20:27,1089.5,0.0,2,217900,买盘
13:20:30,1089.99,0.49,20,2179980,买盘
13:20:34,1089.99,0.0,7,771713,买盘
13:20:37,1090.0,0.01,15,1634996,买盘
13:20:40,1090.18,0.18,6,654108,买盘
13:20:43,1090.37,0.19,10,1090419,买盘
13:20:46,1090.88,0.51,9,981614,买盘
13:20:49,1090.45,-0.43,3,327221,卖盘
13:20:54,1090.45,0.0,4,436163,买盘
13:20:58,1090.45,0.0,5,545225,买盘
13:21:01,1090.5,0.05,5,545235,买盘
13:21:07,1090.5,0.0,9,981652,买盘
13:21:10,1091.0,0.5,4,436253,中性盘
13:21:16,1091.0,0.0,3,327300,买盘
13:21:19,1091.17,0.17,2,218234,买盘
13:21:22,1090.51,-0.66,6,654428,卖盘
13:21:25,1091.4,0.89,3,327397,买盘
13:21:28,1091.45,0.05,7,763993,买盘
13:21:31,1091.45,0.0,5,545747,卖盘
13:21:34,1091.9,0.45,3,327570,买盘
13:21:37,1091.4,-0.5,1,109140,卖盘
13:21:40,1092.0,0.6,8,873490,买盘
13:21:43,1091.4,-0.6,1,109140,卖盘
13:21:45,1091.9,0.5,5,545755,买盘
13:21:49,1091.18,-0.72,24,2618973,卖盘
13:21:51,1091.4,0.22,8,873054,买盘
13:21:55,1091.18,-0.22,1,109118,中性盘
13:22:01,1091.4,0.22,6,654840,买盘
13:22:03,1091.45,0.05,3,327425,买盘
13:22:07,1091.45,0.0,5,545855,买盘
13:22:10,1091.45,0.0,1,109145,中性盘
13:22:12,1091.9,0.45,5,545760,买盘
13:22:16,1092.93,1.03,5,546033,买盘
13:22:19,1092.9,-0.03,8,874030,卖盘
13:22:21,1092.97,0.07,3,327887,买盘
13:22:25,1092.97,0.0,8,874347,买盘
13:22:28,1092.97,0.0,15,1639457,中性盘
13:22:30,1091.9,-1.07,4,437077,卖盘
13:22:34,1092.97,1.07,4,436749,买盘
13:22:37,1092.94,-0.03,3,327888,中性盘
13:22:40,1092.9,-0.04,8,874358,卖盘
13:22:43,1092.0,-0.9,1,109200,卖盘
13:22:46,1092.0,0.0,5,546000,卖盘
13:22:49,1092.0,0.0,33,3603320,中性盘
13:22:52,1092.9,0.9,5,546180,买盘
13:22:58,1092.0,-0.9,11,1201365,卖盘
13:23:01,1092.85,0.85,6,655707,买盘
13:23:04,1092.01,-0.84,2,218402,中性盘
13:23:10,1092.66,0.65,1,109266,中性盘
13:23:13,1092.75,0.09,6,655694,中性盘
13:23:16,1092.79,0.04,3,327689,中性盘
13:23:21,1092.01,-0.78,3,327761,卖盘
13:23:25,1092.78,0.77,7,764951,中性盘
13:23:31,1092.8,0.02,4,437119,买盘
13:23:37,1092.02,-0.78,3,327760,卖盘
13:23:43,1092.8,0.78,5,546319,买盘
13:23:46,1092.8,0.0,5,546400,买盘
13:23:49,1092.8,0.0,12,1311072,买盘
13:23:53,1092.8,0.0,17,1857051,卖盘
13:23:55,1092.0,-0.8,9,982811,卖盘
13:23:58,1092.08,0.08,1,109208,买盘
13:24:01,1092.0,-0.08,5,546024,卖盘
13:24:04,1092.08,0.08,1,109208,买盘
13:24:07,1092.08,0.0,5,546104,卖盘
13:24:10,1092.07,-0.01,2,218415,中性盘
13:24:13,1092.8,0.73,4,437117,买盘
13:24:17,1092.8,0.0,5,546384,买盘
13:24:18,1092.87,0.07,5,546422,买盘
13:24:22,1092.87,0.0,1,109287,卖盘
13:24:27,1092.9,0.03,6,655737,买盘
13:24:31,1092.9,0.0,3,327870,买盘
13:24:34,1092.98,0.08,12,1311548,买盘
13:24:37,1093.0,0.02,11,1202298,买盘
13:24:40,1092.98,-0.02,10,1092996,卖盘
13:24:43,1093.0,0.02,8,874394,买盘
13:24:46,1093.03,0.03,7,765082,买盘
13:24:48,1093.03,0.0,3,327906,买盘
13:24:53,1093.03,0.0,4,437212,卖盘
13:24:55,1093.71,0.68,2,218674,中性盘
13:24:58,1093.88,0.17,8,875016,买盘
13:25:01,1093.92,0.04,7,765721,买盘
13:25:04,1093.95,0.03,3,328001,买盘
13:25:06,1093.95,0.0,1,109395,中性盘
13:25:10,1093.88,-0.07,3,328182,卖盘
13:25:13,1093.99,0.11,2,218791,买盘
13:25:17,1093.03,-0.96,6,656251,卖盘
13:25:19,1093.0,-0.03,7,765100,买盘
13:25:21,1092.98,-0.02,1,109298,卖盘
13:25:25,1092.99,0.01,1,109299,卖盘
13:25:27,1093.0,0.01,17,1858234,买盘
13:25:34,1093.84,0.84,5,546634,买盘
13:25:37,1093.0,-0.84,4,437284,卖盘
13:25:40,1093.15,0.15,1,109315,买盘
13:25:44,1093.0,-0.15,1,109300,卖盘
13:25:46,1093.15,0.15,1,109315,买盘
13:25:49,1093.0,-0.15,13,1420915,卖盘
13:25:53,1093.15,0.15,5,546560,买盘
13:25:54,1093.15,0.0,8,874490,买盘
13:25:58,1093.15,0.0,4,437271,中性盘
13:26:01,1093.15,0.0,1,109315,卖盘
13:26:04,1093.16,0.01,1,109316,中性盘
13:26:07,1093.02,-0.14,5,546810,卖盘
13:26:10,1093.01,-0.01,15,1639975,卖盘
13:26:17,1093.06,0.05,4,437350,中性盘
13:26:18,1093.6,0.54,1,109360,买盘
13:26:23,1093.02,-0.58,4,437218,卖盘
13:26:25,1093.02,0.0,1,109302,买盘
13:26:28,1093.01,-0.01,9,983711,卖盘
13:26:31,1093.02,0.01,5,546507,买盘
13:26:34,1093.02,0.0,1,109302,买盘
13:26:37,1093.0,-0.02,3,327901,卖盘
13:26:40,1093.0,0.0,1,109300,卖盘
13:26:43,1093.02,0.02,12,1311681,买盘
13:26:46,1093.02,0.0,3,327906,卖盘
13:26:49,1093.01,-0.01,3,327904,卖盘
13:26:51,1093.8,0.79,6,656235,买盘
13:26:58,1093.6,-0.2,2,218661,买盘
13:27:01,1093.01,-0.59,10,1093010,卖盘
13:27:09,1093.3,0.29,9,983830,卖盘
13:27:13,1093.01,-0.29,1,109301,中性盘
13:27:15,1093.3,0.29,38,4154540,买盘
13:27:20,1093.6,0.3,5,546739,买盘
13:27:22,1093.1,-0.5,10,1093590,卖盘
13:27:24,1093.6,0.5,3,328050,中性盘
13:27:28,1093.6,0.0,8,874920,卖盘
13:27:35,1093.61,0.01,1,109361,中性盘
13:27:38,1093.8,0.19,10,1093798,买盘
13:27:40,1093.83,0.03,2,218766,买盘
13:27:49,1093.8,-0.03,11,1203212,卖盘
13:27:53,1093.88,0.08,3,328164,买盘
13:27:55,1093.83,-0.05,1,109383,卖盘
13:27:57,1094.0,0.17,10,1093988,买盘
13:28:02,1093.97,-0.03,2,218794,买盘
13:28:04,1093.97,0.0,4,437579,买盘
13:28:06,1094.0,0.03,15,1640997,中性盘
13:28:10,1093.97,-0.03,5,547033,卖盘
13:28:18,1093.99,0.02,9,984592,中性盘
13:28:23,1093.97,-0.02,10,1093995,卖盘
13:28:25,1093.99,0.02,3,328197,卖盘
13:28:28,1093.99,0.0,4,437591,买盘
13:28:31,1093.97,-0.02,7,765785,卖盘
13:28:34,1093.98,0.01,4,437592,中性盘
13:28:38,1093.97,-0.01,4,437589,中性盘
13:28:40,1093.99,0.02,5,546993,买盘
13:28:44,1093.99,0.0,5,546992,买盘
13:28:45,1093.97,-0.02,7,765779,卖盘
13:28:50,1093.8,-0.17,6,656337,卖盘
13:28:51,1093.61,-0.19,4,437499,卖盘
13:28:55,1093.61,0.0,4,437490,卖盘
13:28:58,1093.6,-0.01,10,1093600,卖盘
13:29:01,1093.6,0.0,1,109360,买盘
13:29:05,1093.6,0.0,6,656110,买盘
13:29:07,1093.6,0.0,3,327980,买盘
13:29:09,1093.6,0.0,5,546731,买盘
13:29:17,1093.59,-0.01,9,984373,卖盘
13:29:23,1093.5,-0.09,5,546702,买盘
13:29:25,1093.59,0.09,14,1530999,买盘
13:29:29,1093.02,-0.57,1,109302,卖盘
13:29:35,1093.59,0.57,5,546795,买盘
13:29:38,1093.37,-0.22,5,546621,中性盘
13:29:41,1093.02,-0.35,2,218604,卖盘
13:29:46,1093.0,-0.02,5,516990,卖盘
13:29:53,1093.02,0.02,3,327900,买盘
13:29:55,1093.0,-0.02,5,546500,买盘
13:29:58,1092.87,-0.13,1,109287,卖盘
13:30:08,1092.93,0.06,3,327892,卖盘
13:30:10,1092.87,-0.06,10,1092862,买盘
13:30:13,1092.5,-0.37,10,1092827,卖盘
13:30:17,1092.87,0.37,3,327861,买盘
13:30:24,1092.5,-0.37,31,3387785,卖盘
13:30:29,1092.12,-0.38,1,109212,卖盘
13:30:31,1091.9,-0.22,20,2184141,卖盘
13:30:33,1091.9,0.0,2,218390,卖盘
13:30:37,1091.4,-0.5,2,218340,卖盘
13:30:41,1091.17,-0.23,10,1091243,卖盘
13:30:43,1091.1,-0.07,10,1091110,卖盘
13:30:47,1091.0,-0.1,18,1963982,卖盘
13:30:49,1091.0,0.0,2,218210,卖盘
13:30:53,1091.0,0.0,5,545530,卖盘
13:30:55,1091.0,0.0,4,436250,中性盘
13:30:59,1090.45,-0.55,1,109045,卖盘
13:31:01,1091.1,0.65,1,109110,买盘
13:31:05,1090.5,-0.6,3,327130,中性盘
13:31:08,1090.35,-0.15,3,327110,卖盘
13:31:11,1090.5,0.15,1,109050,买盘
13:31:13,1090.35,-0.15,7,763250,卖盘
13:31:15,1090.5,0.15,7,763302,中性盘
13:31:20,1091.0,0.5,73,7964300,买盘
13:31:23,1090.35,-0.65,1,109035,卖盘
13:31:26,1090.11,-0.24,11,1199209,卖盘
13:31:29,1090.19,0.08,4,436076,中性盘
13:31:34,1090.01,-0.18,5,545035,卖盘
13:31:38,1090.19,0.18,28,3052323,买盘
13:31:41,1090.3,0.11,12,1308224,买盘
13:31:43,1090.11,-0.19,6,654123,卖盘
13:31:46,1090.11,0.0,4,436092,卖盘
13:31:49,1090.11,0.0,3,327033,卖盘
13:31:53,1090.4,0.29,5,545189,买盘
13:31:56,1090.11,-0.29,11,1199285,卖盘
13:31:58,1090.5,0.39,10,1090342,买盘
13:32:00,1090.0,-0.5,164,17877289,卖盘
13:32:04,1090.0,0.0,9,980997,买盘
13:32:08,1089.99,-0.01,1,108999,中性盘
13:32:09,1090.0,0.01,1,109000,买盘
13:32:13,1089.88,-0.12,20,2180070,卖盘
13:32:25,1089.88,0.0,8,871812,买盘
13:32:29,1089.88,0.0,1,108988,买盘
13:32:32,1089.11,-0.77,6,653710,卖盘
13:32:35,1089.88,0.77,3,326913,买盘
13:32:37,1089.88,0.0,5,544940,中性盘
13:32:41,1089.95,0.07,6,653885,买盘
13:32:44,1089.1,-0.85,1,108910,卖盘
13:32:45,1090.9,1.8,1,109090,买盘
13:32:49,1091.0,0.1,3,327300,买盘
13:32:56,1089.88,-1.12,1,108988,卖盘
13:32:58,1089.88,0.0,3,327088,卖盘
13:33:05,1089.12,-0.76,17,1852995,卖盘
13:33:08,1090.99,1.87,8,871678,买盘
13:33:11,1089.12,-1.87,5,545241,卖盘
13:33:14,1090.1,0.98,4,436010,中性盘
13:33:20,1090.99,0.89,1,109099,买盘
13:33:25,1090.99,0.0,7,763199,买盘
13:33:29,1090.0,-0.99,3,327198,卖盘
13:33:34,1089.0,-1.0,48,5229737,卖盘
13:33:37,1088.99,-0.01,14,1525191,卖盘
13:33:40,1090.97,1.98,3,327289,买盘
13:33:44,1090.99,0.02,1,109099,买盘
13:33:47,1090.1,-0.89,56,6108452,卖盘
13:33:50,1091.04,0.94,8,872687,中性盘
13:33:56,1091.04,0.0,12,1308572,买盘
13:33:58,1091.04,0.0,1,109104,买盘
13:34:04,1089.6,-1.44,3,326980,卖盘
13:34:07,1090.1,0.5,1,109010,买盘
13:34:11,1090.1,0.0,1,109010,中性盘
13:34:17,1091.0,0.9,81,8829492,买盘
13:34:22,1091.0,0.0,1,109100,卖盘
13:34:26,1091.0,0.0,9,981900,卖盘
13:34:32,1091.15,0.15,3,327323,买盘
13:34:35,1091.0,-0.15,4,436419,卖盘
13:34:38,1091.04,0.04,1,109104,中性盘
13:34:41,1090.1,-0.94,7,763520,卖盘
13:34:46,1090.1,0.0,1,109010,卖盘
13:34:50,1090.1,0.0,11,1199920,卖盘
13:34:56,1090.1,0.0,2,218020,卖盘
13:34:59,1090.1,0.0,1,109010,卖盘
13:35:01,1091.0,0.9,1,109100,买盘
13:35:05,1091.0,0.0,2,218200,买盘
13:35:06,1090.55,-0.45,2,218110,卖盘
13:35:17,1091.0,0.45,5,545477,买盘
13:35:20,1091.0,0.0,5,475616,买盘
13:35:23,1090.55,-0.45,1,109055,卖盘
13:35:28,1091.0,0.45,10,1090826,买盘
13:35:30,1091.0,0.0,1,109100,买盘
13:35:35,1090.55,-0.45,3,327215,卖盘
13:35:38,1090.55,0.0,1,109055,卖盘
13:35:41,1090.6,0.05,9,981641,中性盘
13:35:47,1091.0,0.4,2,218155,买盘
13:35:50,1091.15,0.15,1,109115,买盘
13:35:55,1091.0,-0.15,5,545559,卖盘
13:36:02,1091.14,0.14,2,218170,买盘
13:36:05,1092.0,0.86,3,327428,买盘
13:36:08,1091.14,-0.86,14,1527782,买盘
13:36:11,1092.36,1.22,6,654806,买盘
13:36:13,1092.5,0.14,1,109250,买盘
13:36:17,1091.14,-1.36,9,982171,卖盘
13:36:20,1092.87,1.73,2,218574,买盘
13:36:26,1092.36,-0.51,6,651116,卖盘
13:36:28,1092.5,0.14,1,113619,买盘
13:36:38,1091.95,-0.55,33,3603535,卖盘
13:36:41,1091.14,-0.81,30,3273420,卖盘
13:36:47,1092.5,1.36,4,436875,买盘
13:36:49,1092.5,0.0,5,546250,买盘
13:36:56,1091.14,-1.36,7,764306,卖盘
13:36:58,1092.0,0.86,20,2182452,买盘
13:37:02,1091.16,-0.84,2,218216,中性盘
13:37:04,1092.5,1.34,4,436728,买盘
13:37:08,1091.14,-1.36,1,109114,卖盘
13:37:14,1091.14,0.0,1,109114,买盘
13:37:17,1091.14,0.0,10,1091127,买盘
13:37:20,1091.14,0.0,12,1309454,卖盘
13:37:23,1092.9,1.76,3,327739,买盘
13:37:25,1091.14,-1.76,13,1419181,卖盘
13:37:29,1091.14,0.0,2,218228,卖盘
13:37:33,1092.9,1.76,6,655040,买盘
13:37:39,1092.9,0.0,6,655738,买盘
13:37:44,1092.9,0.0,7,764855,买盘
13:37:47,1092.9,0.0,4,437160,买盘
13:37:49,1091.15,-1.75,5,545581,卖盘
13:37:54,1092.9,1.75,12,1315851,买盘
13:37:58,1091.15,-1.75,11,1197136,卖盘
13:38:05,1091.14,-0.01,51,5564995,卖盘
13:38:08,1092.56,1.42,5,545978,买盘
13:38:11,1092.85,0.29,9,983569,卖盘
13:38:17,1091.15,-1.7,3,327347,卖盘
13:38:19,1091.16,0.01,3,327348,中性盘
13:38:23,1092.9,1.74,3,327738,买盘
13:38:25,1091.15,-1.75,5,545657,卖盘
13:38:32,1091.9,0.75,1,109190,买盘
13:38:44,1091.89,-0.01,1,109189,买盘
13:38:45,1091.4,-0.49,2,218281,卖盘
13:38:53,1091.4,0.0,1,109140,买盘
13:38:54,1091.16,-0.24,5,545676,卖盘
13:38:58,1091.4,0.24,1,109140,买盘
13:39:05,1091.4,0.0,1,109140,买盘
13:39:08,1091.4,0.0,5,545700,买盘
13:39:14,1091.16,-0.24,2,218233,卖盘
13:39:20,1091.17,0.01,2,218257,卖盘
13:39:26,1091.17,0.0,3,327351,卖盘
13:39:35,1091.14,-0.03,17,1855001,卖盘
13:39:41,1091.4,0.26,12,1309401,买盘
13:39:43,1091.16,-0.24,2,218232,买盘
13:39:47,1091.14,-0.02,7,763798,卖盘
13:39:49,1091.14,0.0,5,545570,卖盘
13:39:53,1091.16,0.02,4,436464,买盘
13:39:56,1091.14,-0.02,5,545570,卖盘
13:39:59,1091.14,0.0,2,218228,卖盘
13:40:02,1091.16,0.02,6,654696,买盘
13:40:05,1091.16,0.0,2,218232,卖盘
13:40:08,1091.16,0.0,1,109116,卖盘
13:40:11,1091.16,0.0,1,109116,买盘
13:40:14,1091.03,-0.13,1,109103,卖盘
13:40:23,1091.09,0.06,1,109109,卖盘
13:40:26,1091.09,0.0,6,654647,买盘
13:40:29,1090.3,-0.79,19,2072275,卖盘
13:40:32,1091.0,0.7,1,109100,中性盘
13:40:38,1091.0,0.0,7,763700,买盘
13:40:41,1091.0,0.0,4,436398,买盘
13:40:47,1090.99,-0.01,2,218156,买盘
13:40:53,1090.57,-0.42,1,109057,卖盘
13:40:56,1090.3,-0.27,2,218069,卖盘
13:40:58,1090.39,0.09,1,109039,卖盘
13:41:00,1090.3,-0.09,2,218060,卖盘
13:41:05,1090.57,0.27,1,109057,买盘
13:41:08,1090.31,-0.26,2,218088,卖盘
13:41:11,1090.0,-0.31,20,2180192,卖盘
13:41:14,1089.66,-0.34,7,762988,卖盘
13:41:17,1089.6,-0.06,2,217921,卖盘
13:41:20,1089.6,0.0,2,217929,卖盘
13:41:23,1089.63,0.03,18,1961134,中性盘
13:41:24,1089.63,0.0,22,2397416,卖盘
13:41:29,1089.63,0.0,7,763533,卖盘
13:41:31,1089.63,0.0,2,217926,卖盘
13:41:34,1090.95,1.32,12,1308348,买盘
13:41:38,1090.95,0.0,7,763797,卖盘
13:41:44,1090.0,-0.95,2,218000,卖盘
13:41:47,1090.95,0.95,1,109095,买盘
13:41:50,1089.71,-1.24,3,365049,中性盘
13:41:53,1090.95,1.24,1,109095,买盘
13:41:55,1089.73,-1.22,7,762920,卖盘
13:41:59,1089.73,0.0,3,326919,卖盘
13:42:01,1090.93,1.2,12,1308093,买盘
13:42:05,1090.75,-0.18,2,218076,中性盘
13:42:08,1090.76,0.01,1,109076,卖盘
13:42:09,1091.99,1.23,20,2182093,买盘
13:42:14,1090.95,-1.04,2,218294,卖盘
13:42:15,1090.75,-0.2,1,109075,卖盘
13:42:23,1090.75,0.0,12,1309150,卖盘
