time,price,change,volume,amount,type
09:25:02,1096.7,0.2,268,29486973,卖盘
09:30:01,1098.0,1.3,160,17559633,买盘
09:30:04,1097.88,-0.12,37,4062688,卖盘
09:30:07,1097.88,0.0,300,32816870,买盘
09:30:08,1098.5,0.62,59,6478072,买盘
09:30:13,1097.77,-0.73,32,3548320,卖盘
09:30:16,1098.17,0.4,5,549176,买盘
09:30:17,1098.93,0.76,65,7143041,买盘
09:30:22,1098.93,0.0,54,5934841,卖盘
09:30:23,1098.99,0.06,10,1078059,卖盘
09:30:28,1099.0,0.01,18,1999129,卖盘
09:30:31,1099.0,0.0,31,3406899,买盘
09:30:34,1099.0,0.0,28,3057087,买盘
09:30:37,1099.01,0.01,10,1099090,中性盘
09:30:40,1099.96,0.95,24,2637986,买盘
09:30:43,1099.0,-0.96,42,4619670,卖盘
09:30:46,1099.98,0.98,17,1869996,中性盘
09:30:50,1100.0,0.02,25,2749590,买盘
09:30:52,1100.0,0.0,28,3079982,买盘
09:30:55,1100.0,0.0,8,879998,买盘
09:30:58,1100.38,0.38,35,3850991,买盘
09:31:01,1100.0,-0.38,28,3080788,卖盘
09:31:03,1100.0,0.0,2,220000,卖盘
09:31:07,1100.0,0.0,20,2200850,卖盘
09:31:08,1100.92,0.92,18,1981159,买盘
09:31:13,1100.92,0.0,10,1100938,卖盘
09:31:16,1100.92,0.0,26,2862528,卖盘
09:31:19,1101.0,0.08,23,2532377,买盘
09:31:22,1102.31,1.31,58,6390898,买盘
09:31:25,1102.31,0.0,4,440920,卖盘
09:31:28,1102.94,0.63,32,3527440,买盘
09:31:29,1102.48,-0.46,27,2977510,卖盘
09:31:34,1102.94,0.46,15,1654599,买盘
09:31:37,1103.0,0.06,21,2316970,卖盘
09:31:40,1103.0,0.0,24,2647187,买盘
09:31:43,1102.94,-0.06,79,8713629,卖盘
09:31:46,1102.94,0.0,23,2536201,买盘
09:31:47,1102.48,-0.46,14,1543977,卖盘
09:31:53,1102.57,0.09,14,1543601,买盘
09:31:55,1102.31,-0.26,32,3529105,卖盘
09:31:58,1102.31,0.0,6,661435,买盘
09:32:01,1101.95,-0.36,19,2095160,卖盘
09:32:04,1102.9,0.95,22,2425951,买盘
09:32:07,1102.3,-0.6,18,1983731,卖盘
09:32:08,1102.3,0.0,5,551112,买盘
09:32:13,1102.48,0.18,27,2976749,买盘
09:32:16,1102.48,0.0,6,661420,卖盘
09:32:19,1102.5,0.02,25,2756466,中性盘
09:32:22,1102.5,0.0,6,661600,卖盘
09:32:25,1102.48,-0.02,11,1212730,卖盘
09:32:28,1102.95,0.47,86,9484441,买盘
09:32:31,1102.98,0.03,16,1845254,卖盘
09:32:34,1103.0,0.02,17,1875096,买盘
09:32:37,1103.0,0.0,41,4522508,卖盘
09:32:40,1103.39,0.39,22,2426806,买盘
09:32:43,1104.0,0.61,57,6290650,买盘
09:32:46,1104.05,0.05,5,552005,中性盘
09:32:49,1104.05,0.0,9,993660,卖盘
09:32:50,1104.39,0.34,20,2208479,买盘
09:32:55,1104.2,-0.19,22,2429214,卖盘
09:32:59,1104.2,0.0,19,2098301,卖盘
09:33:01,1104.39,0.19,16,1766751,买盘
09:33:04,1104.44,0.05,15,1656737,卖盘
09:33:07,1104.39,-0.05,16,1767138,卖盘
09:33:10,1104.95,0.56,22,2430138,买盘
09:33:13,1104.39,-0.56,8,883804,卖盘
09:33:16,1104.31,-0.08,7,773019,中性盘
09:33:19,1104.45,0.14,17,1877955,买盘
09:33:22,1104.45,0.0,9,983217,中性盘
09:33:25,1104.31,-0.14,63,6969923,买盘
09:33:28,1104.88,0.57,10,1104565,中性盘
09:33:29,1104.49,-0.39,6,607557,卖盘
09:33:34,1104.31,-0.18,27,3037720,卖盘
09:33:37,1104.48,0.17,52,5745774,卖盘
09:33:40,1104.48,0.0,7,773119,买盘
09:33:43,1105.0,0.52,57,6231669,买盘
09:33:44,1105.5,0.5,10,1171383,买盘
09:33:49,1105.0,-0.5,47,5126057,卖盘
09:33:52,1104.45,-0.55,12,1326103,买盘
09:33:55,1105.6,1.15,9,994729,买盘
09:33:57,1105.51,-0.09,26,2874383,卖盘
09:34:01,1105.06,-0.45,28,3095462,卖盘
09:34:04,1105.51,0.45,6,663306,买盘
09:34:08,1105.0,-0.51,23,2542732,卖盘
09:34:10,1105.51,0.51,15,1657866,买盘
09:34:13,1105.51,0.0,14,1547714,卖盘
09:34:16,1105.51,0.0,26,2874326,卖盘
09:34:19,1105.46,-0.05,15,1658071,中性盘
09:34:22,1105.48,0.02,30,3315539,中性盘
09:34:25,1105.0,-0.48,14,1547000,卖盘
09:34:28,1104.99,-0.01,61,6740789,卖盘
09:34:31,1104.51,-0.48,21,2320440,卖盘
09:34:34,1105.0,0.49,19,2099495,买盘
09:34:38,1105.0,0.0,35,3867500,卖盘
09:34:40,1105.5,0.5,24,2651625,买盘
09:34:43,1104.48,-1.02,9,994494,卖盘
09:34:46,1104.48,0.0,20,2209677,卖盘
09:34:49,1104.45,-0.03,29,3202947,卖盘
09:34:52,1104.45,0.0,17,1877327,买盘
09:34:55,1104.45,0.0,7,773080,买盘
09:34:58,1104.45,0.0,52,5741913,买盘
09:35:01,1104.48,0.03,11,1214901,买盘
09:35:04,1104.48,0.0,49,5411858,买盘
09:35:07,1104.47,-0.01,37,4086545,中性盘
09:35:10,1104.0,-0.47,24,2650019,卖盘
09:35:13,1104.0,0.0,12,1324800,买盘
09:35:16,1104.0,0.0,2,220751,买盘
09:35:18,1103.99,-0.01,11,1214712,中性盘
09:35:22,1103.51,-0.48,22,2428751,卖盘
09:35:25,1103.51,0.0,11,1214263,卖盘
09:35:28,1103.51,0.0,28,3147210,卖盘
09:35:31,1104.0,0.49,4,441598,买盘
09:35:34,1104.01,0.01,52,5740042,买盘
09:35:37,1104.01,0.0,13,1435252,卖盘
09:35:38,1104.0,-0.01,10,1104201,卖盘
09:35:42,1104.0,0.0,4,441512,买盘
09:35:46,1103.56,-0.44,14,1545424,卖盘
09:35:49,1103.56,0.0,5,551780,卖盘
09:35:53,1103.51,-0.05,15,1655299,卖盘
09:35:55,1103.56,0.05,14,1487554,买盘
09:35:58,1103.5,-0.06,7,772457,卖盘
09:36:01,1103.51,0.01,23,2538490,卖盘
09:36:03,1102.95,-0.56,6,661996,卖盘
09:36:07,1103.56,0.61,55,6067291,买盘
09:36:09,1102.36,-1.2,2,220472,卖盘
09:36:13,1102.95,0.59,7,771890,买盘
09:36:16,1102.32,-0.63,19,2094464,卖盘
09:36:19,1102.36,0.04,24,2645612,买盘
09:36:22,1102.4,0.04,2,220480,卖盘
09:36:25,1102.96,0.56,3,330888,买盘
09:36:28,1102.5,-0.46,2,220546,卖盘
09:36:32,1103.51,1.01,23,2537502,买盘
09:36:34,1103.51,0.0,2,220702,卖盘
09:36:36,1103.51,0.0,5,551760,卖盘
09:36:40,1103.51,0.0,5,551755,卖盘
09:36:42,1104.0,0.49,26,2927508,买盘
09:36:46,1104.01,0.01,27,2980807,买盘
09:36:49,1104.35,0.34,22,2429110,买盘
09:36:50,1104.47,0.12,10,1104381,买盘
09:36:55,1104.48,0.01,9,993917,买盘
09:36:57,1104.48,0.0,11,1214967,买盘
09:37:01,1104.99,0.51,6,662877,买盘
09:37:03,1104.99,0.0,31,3425498,买盘
09:37:07,1105.29,0.3,43,4751638,买盘
09:37:10,1105.5,0.21,21,2321496,买盘
09:37:12,1105.44,-0.06,15,1658180,中性盘
09:37:16,1105.51,0.07,6,663294,买盘
09:37:19,1105.5,-0.01,29,3205967,卖盘
09:37:20,1105.35,-0.15,9,994927,卖盘
09:37:25,1105.51,0.16,29,3206007,买盘
09:37:28,1105.52,0.01,9,994986,中性盘
09:37:31,1105.59,0.07,20,2211077,买盘
09:37:34,1105.6,0.01,43,4754019,买盘
09:37:37,1105.8,0.2,27,2985408,买盘
09:37:40,1105.98,0.18,23,2543504,买盘
09:37:43,1105.99,0.01,23,2543777,买盘
09:37:46,1106.2,0.21,85,9401021,买盘
09:37:49,1106.31,0.11,3,331887,买盘
09:37:52,1106.68,0.37,22,2434128,买盘
09:37:55,1106.4,-0.28,2,221288,卖盘
09:37:58,1106.74,0.34,4,442688,买盘
09:37:59,1106.73,-0.01,6,664060,卖盘
09:38:04,1106.97,0.24,10,1106829,买盘
09:38:07,1107.0,0.03,35,3885560,卖盘
09:38:10,1107.0,0.0,18,1981497,买盘
09:38:13,1106.8,-0.2,48,5313249,卖盘
09:38:16,1106.9,0.1,25,2767471,中性盘
09:38:17,1107.06,0.16,20,2225114,买盘
09:38:23,1107.2,0.14,32,3543072,中性盘
09:38:25,1107.14,-0.06,10,1107226,卖盘
09:38:28,1107.49,0.35,13,1439683,买盘
09:38:31,1107.49,0.0,52,5759017,中性盘
09:38:34,1107.5,0.01,2,221499,中性盘
09:38:37,1107.65,0.15,9,996872,买盘
09:38:40,1107.94,0.29,8,886164,买盘
09:38:44,1107.8,-0.14,3,332350,中性盘
09:38:46,1107.98,0.18,9,997126,买盘
09:38:49,1107.98,0.0,7,775544,买盘
09:38:52,1107.98,0.0,6,664768,买盘
09:38:55,1107.9,-0.08,16,1772581,卖盘
09:38:58,1107.98,0.08,9,997144,买盘
09:38:59,1107.98,0.0,21,2326750,买盘
09:39:05,1107.98,0.0,13,1440380,卖盘
09:39:05,1107.99,0.01,10,1107983,买盘
09:39:10,1107.98,-0.01,18,1994369,卖盘
09:39:12,1108.0,0.02,19,2105180,买盘
09:39:16,1108.01,0.01,49,5429200,买盘
09:39:19,1108.0,-0.01,17,1883605,中性盘
09:39:22,1108.04,0.04,4,443207,中性盘
09:39:25,1108.2,0.16,9,997308,买盘
09:39:28,1108.28,0.08,12,1329757,买盘
09:39:32,1108.6,0.32,21,2327629,买盘
09:39:33,1108.21,-0.39,3,332470,卖盘
09:39:37,1108.18,-0.03,7,775849,卖盘
09:39:40,1108.39,0.21,17,1883971,买盘
09:39:42,1108.51,0.12,9,997503,买盘
09:39:46,1108.18,-0.33,40,4433858,卖盘
09:39:49,1108.15,-0.03,17,1883855,买盘
09:39:50,1108.16,0.01,17,1884072,买盘
09:39:55,1108.48,0.32,23,2548765,买盘
09:39:58,1108.19,-0.29,5,554152,中性盘
09:40:01,1108.5,0.31,86,9532942,买盘
09:40:04,1108.5,0.0,31,3436409,卖盘
09:40:07,1108.79,0.29,5,554335,买盘
09:40:10,1108.79,0.0,12,1330451,卖盘
09:40:13,1108.85,0.06,12,1330544,买盘
09:40:16,1108.8,-0.05,4,443525,卖盘
09:40:17,1108.6,-0.2,27,2993461,卖盘
09:40:22,1108.6,0.0,6,665160,买盘
09:40:26,1108.51,-0.09,33,3658371,卖盘
09:40:28,1108.6,0.09,19,2009872,买盘
09:40:31,1108.6,0.0,1,110860,卖盘
09:40:33,1108.6,0.0,21,2328090,卖盘
09:40:37,1108.6,0.0,23,2550171,卖盘
09:40:39,1108.8,0.2,48,5322330,买盘
09:40:43,1108.8,0.0,5,554400,卖盘
09:40:46,1108.86,0.06,18,1995934,中性盘
09:40:49,1108.8,-0.06,29,3215564,卖盘
09:40:50,1108.88,0.08,8,887036,买盘
09:40:53,1108.8,-0.08,6,665288,中性盘
09:40:57,1108.84,0.04,4,443516,买盘
09:41:01,1108.86,0.02,10,1108826,买盘
09:41:04,1108.67,-0.19,14,1552341,卖盘
09:41:07,1108.84,0.17,11,1219678,买盘
09:41:10,1108.88,0.04,11,1219754,买盘
09:41:12,1108.89,0.01,18,1995942,买盘
09:41:16,1108.98,0.09,65,7207871,买盘
09:41:19,1108.9,-0.08,23,2550399,中性盘
09:41:20,1108.9,0.0,9,998047,卖盘
09:41:25,1108.98,0.08,39,4324830,买盘
09:41:28,1108.9,-0.08,72,7984328,卖盘
09:41:31,1108.85,-0.05,16,1774200,卖盘
09:41:34,1108.8,-0.05,16,1774196,卖盘
09:41:37,1108.9,0.1,5,554458,卖盘
09:41:40,1108.88,-0.02,13,1441502,卖盘
09:41:43,1108.75,-0.13,34,3770380,卖盘
09:41:46,1108.8,0.05,15,1663160,买盘
09:41:49,1108.6,-0.2,32,3547596,卖盘
09:41:50,1108.88,0.28,18,1995903,买盘
09:41:55,1108.6,-0.28,21,2328303,卖盘
09:41:58,1108.68,0.08,9,997867,中性盘
09:42:01,1108.8,0.12,8,887040,买盘
09:42:04,1108.81,0.01,17,1884960,买盘
09:42:07,1108.8,-0.01,15,1663268,卖盘
09:42:10,1108.84,0.04,90,9980807,中性盘
09:42:12,1109.0,0.16,7,776212,买盘
09:42:14,1109.08,0.08,17,1885339,买盘
09:42:19,1108.94,-0.14,2,221803,中性盘
09:42:22,1109.08,0.14,3,332702,中性盘
09:42:25,1109.0,-0.08,49,5433479,卖盘
09:42:28,1109.18,0.18,17,1886014,买盘
09:42:31,1109.59,0.41,9,998422,买盘
09:42:34,1109.65,0.06,8,887700,买盘
09:42:37,1109.85,0.2,20,2219371,买盘
09:42:40,1109.86,0.01,7,776781,买盘
09:42:43,1109.86,0.0,4,443944,买盘
09:42:46,1109.9,0.04,18,1997773,买盘
09:42:49,1109.9,0.0,5,554940,买盘
09:42:52,1109.9,0.0,5,554944,中性盘
09:42:55,1109.9,0.0,12,1331931,买盘
09:42:58,1110.0,0.1,284,31523847,买盘
09:43:01,1110.01,0.01,56,6216084,买盘
09:43:04,1110.48,0.47,3,333144,买盘
09:43:08,1110.8,0.32,40,4441829,买盘
09:43:10,1110.81,0.01,3,333203,买盘
09:43:13,1111.0,0.19,27,2999664,买盘
09:43:16,1111.11,0.11,66,7332704,买盘
09:43:19,1110.9,-0.21,27,2999762,卖盘
09:43:22,1111.1,0.2,4,444422,中性盘
09:43:23,1111.11,0.01,32,3555529,买盘
09:43:28,1111.2,0.09,23,2555608,买盘
09:43:31,1111.2,0.0,11,1222324,卖盘
09:43:34,1111.16,-0.04,8,888955,卖盘
09:43:37,1111.8,0.64,30,3334530,买盘
09:43:40,1111.87,0.07,23,2556927,买盘
09:43:43,1111.98,0.11,8,889566,买盘
09:43:49,1112.0,0.02,179,19904672,买盘
09:43:52,1112.03,0.03,11,1223227,买盘
09:43:56,1112.03,0.0,11,1223256,买盘
09:43:58,1112.02,-0.01,6,667216,卖盘
09:44:01,1112.33,0.31,9,1000946,买盘
09:44:04,1112.6,0.27,20,2225132,买盘
09:44:07,1112.64,0.04,13,1446482,中性盘
09:44:09,1112.6,-0.04,74,8235558,卖盘
09:44:13,1113.0,0.4,29,3227679,买盘
09:44:16,1113.1,0.1,60,6677939,买盘
09:44:19,1113.15,0.05,32,3561905,买盘
09:44:22,1113.0,-0.15,11,1224316,卖盘
09:44:25,1113.18,0.18,6,667868,买盘
09:44:28,1113.59,0.41,123,13693814,买盘
09:44:31,1114.0,0.41,138,15371576,买盘
09:44:34,1114.48,0.48,8,891330,买盘
09:44:37,1114.41,-0.07,6,668749,中性盘
09:44:40,1114.8,0.39,18,2006312,买盘
09:44:43,1114.86,0.06,42,4682895,中性盘
09:44:46,1115.0,0.14,14,1560706,买盘
09:44:49,1115.0,0.0,49,5463470,买盘
09:44:50,1115.0,0.0,9,1003481,买盘
09:44:55,1115.2,0.2,93,10369508,买盘
09:44:58,1115.45,0.25,21,2341986,买盘
09:45:02,1115.5,0.05,13,1449996,买盘
09:45:04,1115.5,0.0,78,8701100,买盘
09:45:07,1115.5,0.0,15,1673131,中性盘
09:45:10,1115.58,0.08,25,2789564,中性盘
09:45:13,1115.48,-0.1,10,1115499,卖盘
09:45:14,1115.5,0.02,46,5132689,买盘
09:45:19,1115.5,0.0,19,2119142,买盘
09:45:22,1115.3,-0.2,25,2789664,卖盘
09:45:25,1115.09,-0.21,13,1449994,中性盘
09:45:28,1115.0,-0.09,6,669009,卖盘
09:45:30,1115.0,0.0,30,3346231,卖盘
09:45:34,1115.0,0.0,7,780496,买盘
09:45:37,1115.98,0.98,75,8365045,买盘
09:45:40,1114.96,-1.02,19,2118570,卖盘
09:45:43,1114.96,0.0,24,2675942,卖盘
09:45:46,1114.96,0.0,14,1560766,买盘
09:45:50,1114.98,0.02,36,4014036,中性盘
09:45:50,1115.16,0.18,19,2118452,买盘
09:45:54,1115.3,0.14,37,4125578,买盘
09:45:58,1115.0,-0.3,12,1338061,卖盘
09:46:00,1115.39,0.39,16,1784357,买盘
09:46:03,1115.3,-0.09,9,1003770,卖盘
09:46:07,1115.4,0.1,70,7807553,买盘
09:46:10,1115.3,-0.1,12,1338430,卖盘
09:46:13,1115.3,0.0,51,5688430,买盘
09:46:15,1115.3,0.0,22,2454778,卖盘
09:46:19,1115.3,0.0,8,892231,买盘
09:46:22,1115.4,0.1,57,6381432,买盘
09:46:25,1115.16,-0.24,21,2342170,卖盘
09:46:28,1115.3,0.14,11,1226746,买盘
09:46:31,1115.4,0.1,17,1896166,买盘
09:46:34,1115.33,-0.07,90,10042577,中性盘
09:46:37,1115.39,0.06,4,446107,中性盘
09:46:40,1115.4,0.01,38,4238190,买盘
09:46:44,1115.4,0.0,13,1449980,中性盘
09:46:46,1115.4,0.0,7,780788,卖盘
09:46:49,1115.4,0.0,45,5020331,卖盘
09:46:51,1115.4,0.0,7,780862,卖盘
09:46:55,1115.4,0.0,20,2230802,卖盘
09:46:58,1115.4,0.0,56,6247626,买盘
09:47:01,1115.41,0.01,27,3011518,买盘
09:47:04,1115.3,-0.11,18,2007148,卖盘
09:47:07,1115.16,-0.14,5,557646,中性盘
09:47:09,1115.16,0.0,11,1226819,买盘
09:47:13,1115.3,0.14,37,4126211,买盘
09:47:16,1115.18,-0.12,21,2342237,卖盘
09:47:19,1115.52,0.34,53,5911402,买盘
09:47:22,1115.4,-0.12,16,1784704,中性盘
09:47:26,1115.41,0.01,10,1115403,买盘
09:47:27,1115.4,-0.01,5,557700,卖盘
09:47:30,1115.3,-0.1,6,669201,卖盘
09:47:33,1115.3,0.0,10,1115286,买盘
09:47:37,1115.16,-0.14,13,1449804,卖盘
09:47:40,1115.3,0.14,37,4126533,买盘
09:47:43,1115.16,-0.14,9,1003746,卖盘
09:47:46,1115.16,0.0,16,1784240,买盘
09:47:49,1115.16,0.0,16,1784240,买盘
09:47:52,1115.17,0.01,32,3568608,买盘
09:47:55,1115.16,-0.01,10,1115128,卖盘
09:47:58,1115.1,-0.06,10,1115133,卖盘
09:48:01,1115.0,-0.1,5,557501,卖盘
09:48:03,1115.27,0.27,68,7582842,买盘
09:48:07,1115.1,-0.17,11,1226617,中性盘
09:48:10,1115.1,0.0,44,4906632,卖盘
09:48:13,1115.16,0.06,26,2899046,买盘
09:48:15,1114.98,-0.18,34,3790958,卖盘
09:48:19,1114.7,-0.28,24,2675923,卖盘
09:48:22,1114.71,0.01,8,891910,中性盘
09:48:24,1115.0,0.29,22,2452935,买盘
09:48:27,1114.97,-0.03,3,334445,中性盘
09:48:30,1114.8,-0.17,8,891903,卖盘
09:48:34,1114.98,0.18,25,2787442,买盘
09:48:36,1115.01,0.03,33,3679621,买盘
09:48:40,1115.16,0.15,23,2564704,买盘
09:48:43,1115.0,-0.16,21,2341589,中性盘
09:48:46,1115.0,0.0,17,1895264,买盘
09:48:49,1114.89,-0.11,58,6467671,中性盘
09:48:51,1115.1,0.21,15,1672536,买盘
09:48:55,1115.0,-0.1,58,6468836,卖盘
09:48:58,1115.27,0.27,12,1338074,买盘
09:49:01,1115.08,-0.19,12,1338044,中性盘
09:49:04,1115.18,0.1,64,7136026,买盘
09:49:07,1114.98,-0.2,10,1115071,卖盘
09:49:10,1115.0,0.02,8,892008,卖盘
09:49:13,1115.18,0.18,28,3122754,卖盘
09:49:16,1115.28,0.1,16,1784193,买盘
09:49:19,1115.27,-0.01,17,1895945,中性盘
09:49:22,1115.27,0.0,10,1115275,卖盘
09:49:24,1115.2,-0.07,32,3568580,卖盘
09:49:28,1115.27,0.07,50,5576278,买盘
09:49:30,1115.0,-0.27,32,3568139,卖盘
09:49:34,1115.53,0.53,124,13819969,买盘
09:49:37,1115.53,0.0,6,669315,中性盘
09:49:40,1115.59,0.06,40,4462306,买盘
09:49:43,1115.7,0.11,19,2119723,买盘
09:49:46,1115.5,-0.2,57,6358763,卖盘
09:49:49,1115.53,0.03,33,3681314,卖盘
09:49:52,1115.79,0.26,14,1562092,买盘
09:49:55,1115.79,0.0,14,1561953,中性盘
09:49:58,1115.71,-0.08,25,2789762,中性盘
09:50:01,1116.0,0.29,6,669527,买盘
09:50:04,1115.92,-0.08,47,5245151,卖盘
09:50:07,1116.0,0.08,34,3794263,卖盘
09:50:10,1115.95,-0.05,14,1562378,卖盘
09:50:13,1116.0,0.05,23,2566785,买盘
09:50:16,1115.95,-0.05,12,1339172,卖盘
09:50:19,1116.0,0.05,28,3124747,买盘
09:50:20,1116.0,0.0,74,8343212,买盘
09:50:25,1116.2,0.2,23,2566991,买盘
09:50:28,1116.21,0.01,7,781326,买盘
09:50:31,1116.3,0.09,27,3014095,买盘
09:50:34,1116.5,0.2,64,7058053,买盘
09:50:37,1116.5,0.0,19,2206200,买盘
09:50:40,1116.5,0.0,54,6029134,卖盘
09:50:43,1116.58,0.08,7,781648,中性盘
09:50:46,1116.74,0.16,7,781662,买盘
09:50:49,1116.76,0.02,8,893387,买盘
09:50:51,1116.8,0.04,30,3350388,买盘
09:50:54,1116.88,0.08,10,1116824,买盘
09:50:58,1117.0,0.12,22,2457283,买盘
09:51:01,1116.98,-0.02,4,446787,中性盘
09:51:03,1116.93,-0.05,10,1116967,卖盘
09:51:07,1116.98,0.05,51,5695921,买盘
09:51:10,1116.98,0.0,19,2122193,买盘
09:51:13,1116.93,-0.05,50,5584933,卖盘
09:51:16,1116.98,0.05,21,2345678,中性盘
09:51:19,1117.0,0.02,19,2122188,买盘
09:51:22,1117.0,0.0,29,3239134,买盘
09:51:25,1116.93,-0.07,15,1675438,中性盘
09:51:28,1117.08,0.15,9,1005366,买盘
09:51:30,1117.35,0.27,4,446880,买盘
09:51:34,1117.43,0.08,19,2122693,买盘
09:51:37,1117.36,-0.07,10,1117371,中性盘
09:51:40,1117.5,0.14,14,1564482,买盘
09:51:43,1117.57,0.07,11,1229300,买盘
09:51:46,1117.61,0.04,14,1564614,中性盘
09:51:49,1117.8,0.19,10,1117636,买盘
09:51:50,1117.98,0.18,33,3689267,买盘
09:51:55,1118.0,0.02,15,1676964,买盘
09:51:58,1118.0,0.0,132,14757555,买盘
09:52:01,1118.08,0.08,29,3242215,买盘
09:52:04,1118.08,0.0,66,7378366,中性盘
09:52:07,1118.1,0.02,11,1229890,买盘
09:52:09,1118.18,0.08,15,1677144,买盘
09:52:13,1118.18,0.0,21,2347893,买盘
09:52:16,1118.2,0.02,88,9839973,买盘
09:52:19,1118.58,0.38,76,8499240,买盘
09:52:21,1118.38,-0.2,32,3579375,中性盘
09:52:24,1118.84,0.46,14,1566040,买盘
09:52:27,1118.88,0.04,21,2349625,买盘
09:52:30,1118.9,0.02,10,1118889,买盘
09:52:34,1118.95,0.05,5,559479,卖盘
09:52:37,1118.89,-0.06,14,1566489,卖盘
09:52:39,1118.91,0.02,32,3580667,买盘
09:52:43,1118.91,0.0,7,783232,买盘
09:52:46,1118.98,0.07,67,7496825,买盘
09:52:49,1118.9,-0.08,13,1454609,买盘
09:52:52,1119.19,0.29,232,25904883,买盘
09:52:55,1119.0,-0.19,24,2685771,卖盘
09:52:58,1119.35,0.35,14,1567154,买盘
09:53:01,1119.29,-0.06,12,1343280,卖盘
09:53:04,1119.7,0.41,12,1343378,买盘
09:53:07,1119.69,-0.01,7,783725,中性盘
09:53:10,1119.74,0.05,17,1903576,买盘
09:53:13,1119.84,0.1,49,5486536,买盘
09:53:16,1119.82,-0.02,11,1231791,中性盘
09:53:19,1119.88,0.06,4,447944,买盘
09:53:22,1119.81,-0.07,7,783878,卖盘
09:53:24,1119.8,-0.01,125,13999137,中性盘
09:53:28,1119.8,0.0,12,1343746,买盘
09:53:31,1119.73,-0.07,9,1007791,卖盘
09:53:34,1119.8,0.07,35,3919282,买盘
09:53:37,1119.87,0.07,142,15903314,买盘
09:53:40,1119.69,-0.18,46,5151613,卖盘
09:53:43,1119.87,0.18,12,1343849,中性盘
09:53:46,1119.87,0.0,18,2015772,卖盘
09:53:49,1119.81,-0.06,23,2575692,卖盘
09:53:52,1119.87,0.06,19,2127802,中性盘
09:53:54,1120.0,0.13,103,11535870,买盘
09:53:58,1120.1,0.1,307,34368461,买盘
09:54:01,1120.01,-0.09,19,2128120,卖盘
09:54:04,1120.54,0.53,19,2128643,买盘
09:54:06,1120.59,0.05,8,896472,卖盘
09:54:10,1120.95,0.36,11,1232848,买盘
09:54:13,1120.88,-0.07,10,1120887,卖盘
09:54:16,1120.64,-0.24,44,4932030,卖盘
09:54:19,1120.98,0.34,24,2690349,中性盘
09:54:20,1121.18,0.2,21,2354404,买盘
09:54:25,1121.88,0.7,23,2579636,买盘
09:54:28,1121.18,-0.7,1,112118,中性盘
09:54:31,1121.24,0.06,8,897202,卖盘
09:54:33,1121.93,0.69,22,2467205,买盘
09:54:37,1121.5,-0.43,37,4150825,卖盘
09:54:40,1121.81,0.31,16,1794852,买盘
09:54:43,1121.87,0.06,6,673043,买盘
09:54:46,1121.99,0.12,59,6619131,买盘
09:54:49,1121.99,0.0,11,1234195,卖盘
09:54:52,1122.0,0.01,50,5609984,买盘
09:54:55,1122.01,0.01,67,7517417,买盘
09:54:58,1122.18,0.17,11,1234244,买盘
09:55:01,1122.22,0.04,64,7184975,买盘
09:55:04,1122.0,-0.22,125,14033590,卖盘
09:55:07,1123.19,1.19,26,2921879,中性盘
09:55:10,1122.5,-0.69,8,898038,卖盘
09:55:13,1122.88,0.38,47,5279931,中性盘
09:55:16,1122.5,-0.38,11,1234914,卖盘
09:55:19,1122.5,0.0,36,4043434,卖盘
09:55:22,1122.88,0.38,7,786133,卖盘
09:55:25,1123.0,0.12,16,1796275,买盘
09:55:28,1122.5,-0.5,33,3706068,卖盘
09:55:31,1123.0,0.5,11,1234942,买盘
09:55:34,1122.94,-0.06,6,673638,中性盘
09:55:36,1123.79,0.85,28,3145663,买盘
09:55:39,1123.79,0.0,20,2300404,卖盘
09:55:43,1123.5,-0.29,52,5790863,卖盘
09:55:46,1122.89,-0.61,30,3368916,卖盘
09:55:49,1123.6,0.71,30,3369060,买盘
09:55:52,1123.0,-0.6,26,2921255,中性盘
09:55:55,1123.7,0.7,28,3145842,中性盘
09:55:57,1123.72,0.02,26,2921631,中性盘
09:56:01,1123.7,-0.02,13,1460575,卖盘
09:56:04,1123.7,0.0,19,2134725,中性盘
09:56:07,1123.5,-0.2,10,1123290,中性盘
09:56:09,1123.1,-0.4,27,3033609,卖盘
09:56:13,1123.1,0.0,38,4268020,卖盘
09:56:16,1123.1,0.0,20,2246431,卖盘
09:56:19,1123.0,-0.1,59,6627128,卖盘
09:56:22,1123.0,0.0,64,7187381,卖盘
09:56:24,1123.0,0.0,53,5945333,买盘
09:56:27,1122.8,-0.2,63,7081987,卖盘
09:56:31,1122.89,0.09,10,1122770,买盘
09:56:34,1122.9,0.01,27,3031867,买盘
09:56:37,1122.5,-0.4,14,1565114,卖盘
09:56:40,1122.5,0.0,24,2694095,卖盘
09:56:43,1122.5,0.0,205,23017999,卖盘
09:56:46,1121.5,-1.0,50,5611219,卖盘
09:56:49,1122.5,1.0,43,4825748,买盘
09:56:52,1122.5,0.0,32,3591139,买盘
09:56:55,1121.5,-1.0,33,3703287,卖盘
09:56:58,1122.5,1.0,35,3927896,买盘
09:57:01,1121.51,-0.99,9,1009452,中性盘
09:57:03,1121.0,-0.51,11,1233495,卖盘
09:57:07,1120.59,-0.41,9,1009058,卖盘
09:57:10,1120.59,0.0,19,2129978,卖盘
09:57:12,1120.27,-0.32,27,3025786,卖盘
09:57:16,1120.01,-0.26,13,1456337,卖盘
09:57:19,1120.1,0.09,28,3136218,中性盘
09:57:22,1120.01,-0.09,84,9408274,卖盘
09:57:24,1119.81,-0.2,245,27455502,卖盘
09:57:28,1120.0,0.19,40,4479371,买盘
09:57:30,1120.0,0.0,23,2575837,买盘
09:57:33,1119.69,-0.31,8,895647,中性盘
09:57:37,1119.4,-0.29,8,895557,中性盘
09:57:40,1119.4,0.0,28,3135231,买盘
09:57:43,1119.29,-0.11,30,3358348,卖盘
09:57:46,1119.3,0.01,13,1454854,买盘
09:57:49,1119.37,0.07,19,2126697,买盘
09:57:52,1119.0,-0.37,15,1678879,卖盘
09:57:54,1119.29,0.29,17,1902496,买盘
09:57:58,1119.0,-0.29,36,4028519,卖盘
09:58:01,1118.91,-0.09,58,6546106,卖盘
09:58:04,1118.8,-0.11,20,2237777,卖盘
09:58:07,1118.38,-0.42,1,111838,卖盘
09:58:10,1118.38,0.0,4,447508,中性盘
09:58:13,1118.25,-0.13,15,1677110,卖盘
09:58:16,1118.2,-0.05,13,1453760,中性盘
09:58:19,1117.99,-0.21,13,1453571,卖盘
09:58:22,1117.98,-0.01,6,670791,卖盘
09:58:25,1118.25,0.27,56,6261069,买盘
09:58:28,1117.0,-1.25,41,4580937,卖盘
09:58:30,1117.01,0.01,11,1228703,买盘
09:58:34,1116.99,-0.02,5,521636,卖盘
09:58:37,1116.63,-0.36,7,818620,卖盘
09:58:40,1116.65,0.02,17,1824602,中性盘
09:58:43,1115.92,-0.73,29,3310890,买盘
09:58:46,1116.0,0.08,12,1339166,买盘
09:58:49,1115.92,-0.08,21,2343552,卖盘
09:58:52,1115.88,-0.04,26,2901405,卖盘
09:58:55,1115.27,-0.61,17,1896791,卖盘
09:58:58,1115.37,0.1,53,5909941,买盘
09:59:01,1115.37,0.0,17,1895744,买盘
09:59:04,1114.56,-0.81,10,1114740,卖盘
09:59:07,1114.55,-0.01,40,4459778,中性盘
09:59:10,1115.0,0.45,15,1671868,买盘
09:59:13,1115.0,0.0,11,1225981,买盘
09:59:16,1114.99,-0.01,5,557327,中性盘
09:59:19,1114.56,-0.43,19,2117883,卖盘
09:59:22,1114.56,0.0,31,3455565,卖盘
09:59:25,1114.68,0.12,17,1895126,买盘
09:59:28,1115.27,0.59,56,6243861,买盘
09:59:31,1115.28,0.01,24,2676570,中性盘
09:59:34,1115.0,-0.28,19,2118690,卖盘
09:59:37,1115.2,0.2,6,669225,卖盘
09:59:40,1115.04,-0.16,33,3681386,卖盘
09:59:43,1115.93,0.89,10,1115358,买盘
09:59:45,1116.0,0.07,18,2008593,买盘
09:59:49,1115.99,-0.01,18,2008185,中性盘
09:59:52,1116.69,0.7,40,4465158,买盘
09:59:55,1116.0,-0.69,7,781212,卖盘
09:59:58,1117.8,1.8,9,1005305,买盘
10:00:01,1117.8,0.0,10,1117080,买盘
10:00:04,1117.8,0.0,2,223480,买盘
10:00:07,1117.8,0.0,2,223480,买盘
10:00:10,1117.8,0.0,38,4245323,买盘
10:00:13,1116.99,-0.81,20,2233984,卖盘
10:00:16,1116.99,0.0,11,1228587,买盘
10:00:17,1116.98,-0.01,4,446719,中性盘
10:00:22,1117.1,0.12,18,2011174,买盘
10:00:25,1117.88,0.78,6,614793,卖盘
10:00:28,1117.88,0.0,53,5887903,卖盘
10:00:31,1117.88,0.0,12,1341511,卖盘
10:00:33,1118.0,0.12,6,670738,买盘
10:00:37,1118.0,0.0,23,2571388,买盘
10:00:40,1118.0,0.0,10,1118165,卖盘
10:00:43,1118.0,0.0,6,670932,卖盘
10:00:46,1118.25,0.25,31,3467538,卖盘
10:00:49,1118.0,-0.25,43,4811315,中性盘
10:00:52,1118.07,0.07,5,558992,买盘
10:00:54,1117.8,-0.27,36,4117960,卖盘
10:00:58,1118.0,0.2,12,1341310,买盘
10:01:01,1118.05,0.05,8,801640,买盘
10:01:03,1118.01,-0.04,1,111801,中性盘
10:01:06,1117.97,-0.04,29,3335059,卖盘
10:01:10,1117.79,-0.18,23,2571352,卖盘
10:01:13,1117.0,-0.79,3,335260,卖盘
10:01:16,1116.99,-0.01,5,558664,卖盘
10:01:19,1116.99,0.0,4,446796,买盘
10:01:22,1116.4,-0.59,11,1228276,卖盘
10:01:25,1118.0,1.6,46,5140722,买盘
10:01:28,1116.99,-1.01,21,2345501,买盘
10:01:31,1116.22,-0.77,12,1339813,卖盘
10:01:34,1116.03,-0.19,5,558089,卖盘
10:01:37,1115.7,-0.33,37,4129169,卖盘
10:01:40,1115.5,-0.2,4,446252,卖盘
10:01:43,1115.1,-0.4,24,2676501,卖盘
10:01:46,1115.05,-0.05,22,2453115,卖盘
10:01:49,1114.67,-0.38,96,10703811,卖盘
10:01:52,1114.61,-0.06,16,1783571,卖盘
10:01:55,1114.6,-0.01,6,668763,卖盘
10:01:58,1114.59,-0.01,24,2674746,中性盘
10:02:01,1114.23,-0.36,5,557143,卖盘
10:02:03,1114.2,-0.03,9,1002798,卖盘
10:02:07,1114.1,-0.1,28,3119500,卖盘
10:02:10,1114.01,-0.09,10,1114027,卖盘
10:02:13,1114.0,-0.01,211,23505758,卖盘
10:02:16,1113.13,-0.87,11,1224974,卖盘
10:02:19,1113.13,0.0,4,445243,买盘
10:02:22,1113.03,-0.1,14,1559220,卖盘
10:02:25,1113.2,0.17,16,1781086,买盘
10:02:28,1113.2,0.0,18,2004243,卖盘
10:02:31,1113.0,-0.2,17,1892148,卖盘
10:02:34,1113.0,0.0,42,4675194,卖盘
10:02:36,1113.9,0.9,18,2004835,买盘
10:02:40,1113.89,-0.01,5,556891,卖盘
10:02:43,1113.89,0.0,6,668347,卖盘
10:02:46,1113.02,-0.87,124,13811323,卖盘
10:02:49,1113.0,-0.02,26,2894129,卖盘
10:02:52,1114.0,1.0,8,891155,买盘
10:02:55,1113.01,-0.99,11,1224829,卖盘
10:02:58,1113.03,0.02,4,445208,买盘
10:03:01,1113.03,0.0,7,779119,买盘
10:03:04,1113.2,0.17,19,2114958,买盘
10:03:07,1113.5,0.3,25,2782678,中性盘
10:03:13,1113.0,-0.5,14,1558805,卖盘
10:03:16,1113.89,0.89,3,334129,中性盘
10:03:17,1113.13,-0.76,1,111313,卖盘
10:03:20,1113.5,0.37,1,111350,买盘
10:03:25,1113.37,-0.13,3,334114,中性盘
10:03:27,1113.87,0.5,2,222724,中性盘
10:03:31,1113.89,0.02,6,668329,买盘
10:03:34,1113.89,0.0,25,2783954,买盘
10:03:36,1113.89,0.0,5,556945,买盘
10:03:40,1113.94,0.05,8,891096,买盘
10:03:42,1113.9,-0.04,5,556950,卖盘
10:03:46,1114.0,0.1,11,1225400,买盘
10:03:47,1114.0,0.0,2,222800,卖盘
10:03:50,1114.0,0.0,7,779840,卖盘
10:03:55,1114.8,0.8,19,2117882,买盘
10:03:58,1114.3,-0.5,1,111430,中性盘
10:04:01,1114.2,-0.1,2,222850,卖盘
10:04:04,1114.15,-0.05,4,445755,中性盘
10:04:07,1114.01,-0.14,3,334214,卖盘
10:04:10,1114.0,-0.01,11,1225480,卖盘
10:04:13,1114.0,0.0,39,4346380,卖盘
10:04:16,1114.1,0.1,5,557020,中性盘
10:04:19,1114.03,-0.07,3,334223,卖盘
10:04:22,1114.2,0.17,6,668820,中性盘
10:04:28,1114.8,0.6,9,1003400,中性盘
10:04:31,1114.8,0.0,36,3918392,中性盘
10:04:34,1114.8,0.0,24,2675540,中性盘
10:04:37,1114.8,0.0,6,668880,买盘
10:04:40,1114.85,0.05,7,780397,买盘
10:04:43,1114.85,0.0,2,222965,买盘
10:04:46,1114.9,0.05,1,111490,买盘
10:04:47,1114.5,-0.4,24,2675926,卖盘
10:04:52,1115.02,0.52,1,111502,中性盘
10:04:55,1115.04,0.02,23,2562954,买盘
10:04:58,1115.0,-0.04,1,111500,中性盘
10:05:01,1114.04,-0.96,2,222903,中性盘
10:05:03,1113.91,-0.13,8,983657,卖盘
10:05:07,1115.0,1.09,19,2024291,买盘
10:05:10,1115.03,0.03,3,334506,买盘
10:05:13,1115.0,-0.03,18,2007000,卖盘
10:05:16,1115.02,0.02,15,1672508,买盘
10:05:19,1115.02,0.0,5,557504,买盘
10:05:20,1115.0,-0.02,12,1338020,卖盘
10:05:25,1114.9,-0.1,11,1319039,卖盘
10:05:28,1115.0,0.1,5,557460,买盘
10:05:31,1115.0,0.0,5,557489,买盘
10:05:34,1115.0,0.0,5,557504,卖盘
10:05:36,1115.0,0.0,12,1338004,卖盘
10:05:39,1115.0,0.0,9,1003510,卖盘
10:05:43,1115.02,0.02,2,223004,中性盘
10:05:46,1115.0,-0.02,8,892000,卖盘
10:05:49,1115.0,0.0,10,1115021,卖盘
10:05:52,1115.0,0.0,12,1338006,卖盘
10:05:55,1115.03,0.03,6,669011,中性盘
10:05:58,1115.0,-0.03,16,1784028,卖盘
10:06:01,1115.0,0.0,20,2229999,买盘
10:06:04,1114.31,-0.69,5,557293,卖盘
10:06:07,1114.3,-0.01,5,557152,卖盘
10:06:10,1115.0,0.7,1,111500,买盘
10:06:13,1115.0,0.0,1,111500,买盘
10:06:15,1114.32,-0.68,14,1560864,卖盘
10:06:25,1114.8,0.48,21,2341287,中性盘
10:06:30,1114.99,0.19,5,557438,中性盘
10:06:34,1115.0,0.01,25,2787080,买盘
10:06:36,1115.0,0.0,2,223000,买盘
10:06:40,1114.54,-0.46,2,222904,买盘
10:06:43,1114.9,0.36,4,445796,中性盘
10:06:46,1114.38,-0.52,7,780376,卖盘
10:06:47,1114.99,0.61,1,111499,买盘
10:06:55,1114.55,-0.44,4,445820,卖盘
10:06:58,1114.55,0.0,5,557271,卖盘
10:07:01,1114.51,-0.04,5,557255,卖盘
10:07:07,1114.33,-0.18,6,668687,卖盘
10:07:09,1114.51,0.18,2,222902,买盘
10:07:16,1114.51,0.0,3,334352,买盘
10:07:19,1114.51,0.0,7,780156,买盘
10:07:22,1114.33,-0.18,9,1002932,卖盘
10:07:25,1114.33,0.0,4,445766,卖盘
10:07:27,1114.33,0.0,7,780031,买盘
10:07:31,1114.33,0.0,9,1002890,买盘
10:07:34,1114.5,0.17,2,222883,买盘
10:07:37,1114.5,0.0,1,111450,买盘
10:07:40,1114.4,-0.1,6,668650,卖盘
10:07:43,1114.0,-0.4,31,3454298,卖盘
10:07:46,1114.51,0.51,1,111451,买盘
10:07:49,1114.51,0.0,6,668684,买盘
10:07:52,1114.33,-0.18,2,222880,卖盘
10:07:55,1114.33,0.0,4,445732,买盘
10:07:58,1114.01,-0.32,3,334236,卖盘
10:08:01,1114.0,-0.01,11,1225409,卖盘
10:08:04,1114.0,0.0,4,445600,卖盘
10:08:07,1114.0,0.0,15,1671013,卖盘
10:08:10,1114.32,0.32,2,222864,买盘
10:08:13,1114.32,0.0,2,222834,买盘
10:08:19,1114.31,-0.01,4,445700,中性盘
10:08:25,1114.06,-0.25,8,891413,卖盘
10:08:28,1114.2,0.14,4,445678,中性盘
10:08:31,1114.31,0.11,1,111431,中性盘
10:08:34,1114.31,0.0,6,668590,卖盘
10:08:37,1114.31,0.0,21,2339670,卖盘
10:08:40,1114.0,-0.31,4,445663,卖盘
10:08:43,1114.33,0.33,3,334295,买盘
10:08:46,1114.0,-0.33,14,1559670,卖盘
10:08:49,1114.0,0.0,5,557000,买盘
10:08:50,1114.0,0.0,1,111400,买盘
10:08:55,1113.96,-0.04,3,334188,卖盘
10:08:58,1114.16,0.2,75,8354873,买盘
10:09:04,1114.0,-0.16,7,779880,卖盘
10:09:07,1114.18,0.18,8,891354,卖盘
10:09:10,1114.18,0.0,3,334254,卖盘
10:09:13,1114.18,0.0,2,222836,卖盘
10:09:16,1114.3,0.12,5,557138,买盘
10:09:19,1114.3,0.0,7,780011,买盘
10:09:22,1114.33,0.03,2,222866,买盘
10:09:25,1114.33,0.0,17,1894358,买盘
10:09:28,1114.3,-0.03,3,334290,卖盘
10:09:31,1114.33,0.03,14,1560059,买盘
10:09:34,1114.33,0.0,14,1560059,买盘
10:09:37,1114.38,0.05,1,111438,中性盘
10:09:39,1114.4,0.02,3,334308,买盘
10:09:43,1114.0,-0.4,30,3342610,卖盘
10:09:46,1114.4,0.4,5,557200,买盘
10:09:49,1114.42,0.02,2,222884,卖盘
10:09:52,1114.42,0.0,5,557210,卖盘
10:09:55,1114.44,0.02,26,2897496,买盘
10:09:58,1114.45,0.01,12,1337323,买盘
10:10:01,1114.44,-0.01,3,334332,中性盘
10:10:04,1114.44,0.0,3,334328,中性盘
10:10:06,1114.39,-0.05,58,6461630,卖盘
10:10:10,1114.0,-0.39,41,4567595,卖盘
10:10:13,1113.5,-0.5,25,2784272,卖盘
10:10:16,1113.28,-0.22,5,556694,卖盘
10:10:19,1113.28,0.0,8,890600,买盘
10:10:22,1114.0,0.72,9,1002055,买盘
10:10:25,1113.2,-0.8,9,1001896,卖盘
10:10:28,1113.28,0.08,17,1892426,买盘
10:10:31,1113.3,0.02,10,1113300,卖盘
10:10:34,1113.3,0.0,6,667980,卖盘
10:10:37,1114.0,0.7,2,222800,买盘
10:10:40,1113.3,-0.7,2,222660,卖盘
10:10:43,1113.3,0.0,18,2003940,卖盘
10:10:46,1113.13,-0.17,5,556602,卖盘
10:10:49,1113.13,0.0,10,1113130,买盘
10:10:52,1113.03,-0.1,15,1669669,卖盘
10:10:54,1112.9,-0.13,32,3561587,卖盘
10:10:59,1112.9,0.0,5,556408,买盘
10:11:01,1112.52,-0.38,2,222510,卖盘
10:11:04,1112.27,-0.25,28,3114634,卖盘
10:11:07,1112.59,0.32,3,333763,中性盘
10:11:10,1112.69,0.1,14,1557439,买盘
10:11:13,1112.71,0.02,14,1557794,卖盘
10:11:16,1112.71,0.0,11,1223981,卖盘
10:11:19,1112.8,0.09,1,111280,中性盘
10:11:22,1112.71,-0.09,7,779027,卖盘
10:11:25,1112.71,0.0,76,8459369,卖盘
10:11:28,1112.72,0.01,3,333848,卖盘
10:11:31,1112.71,-0.01,17,1891629,卖盘
10:11:34,1112.52,-0.19,7,778859,中性盘
10:11:37,1112.5,-0.02,6,667508,卖盘
10:11:40,1112.28,-0.22,2,222456,中性盘
10:11:43,1112.25,-0.03,8,889924,卖盘
10:11:44,1112.01,-0.24,8,889643,卖盘
10:11:49,1112.0,-0.01,14,1521341,卖盘
10:11:52,1112.27,0.27,38,4225713,买盘
10:11:55,1112.0,-0.27,22,2482580,卖盘
10:11:58,1111.99,-0.01,4,444880,卖盘
10:12:01,1111.11,-0.88,21,2334786,卖盘
10:12:04,1111.88,0.77,11,1223078,买盘
10:12:07,1111.2,-0.68,12,1333644,中性盘
10:12:10,1111.2,0.0,17,1889108,卖盘
10:12:13,1111.22,0.02,7,777821,买盘
10:12:16,1111.88,0.66,12,1333956,买盘
10:12:19,1111.98,0.1,13,1445031,买盘
10:12:22,1111.13,-0.85,10,1111311,中性盘
10:12:25,1111.87,0.74,1,111187,中性盘
10:12:28,1111.2,-0.67,5,555776,卖盘
10:12:31,1111.88,0.68,3,333428,中性盘
10:12:34,1112.0,0.12,14,1556338,买盘
10:12:37,1112.0,0.0,2,222400,卖盘
10:12:40,1112.1,0.1,2,222410,买盘
10:12:43,1112.0,-0.1,5,556000,卖盘
10:12:46,1112.1,0.1,64,7116839,买盘
10:12:49,1111.5,-0.6,26,2890426,卖盘
10:12:52,1112.0,0.5,14,1556250,买盘
10:12:55,1112.0,0.0,4,444800,买盘
10:12:58,1111.51,-0.49,4,444653,卖盘
10:13:01,1111.51,0.0,6,666906,买盘
10:13:03,1111.99,0.48,3,333578,买盘
10:13:07,1111.8,-0.19,2,222360,卖盘
10:13:10,1111.55,-0.25,3,333514,卖盘
10:13:13,1112.0,0.45,10,1111980,买盘
10:13:17,1112.0,0.0,13,1445599,买盘
10:13:20,1112.0,0.0,3,333619,中性盘
10:13:25,1112.1,0.1,3,333626,买盘
10:13:28,1112.1,0.0,9,1000828,买盘
10:13:31,1111.99,-0.11,5,555998,卖盘
10:13:34,1112.1,0.11,5,556047,买盘
10:13:37,1112.1,0.0,2,222420,买盘
10:13:40,1112.12,0.02,7,778451,买盘
10:13:43,1112.5,0.38,1,111250,买盘
10:13:46,1112.09,-0.41,10,1112109,卖盘
10:13:49,1112.1,0.01,8,889684,卖盘
10:13:51,1112.1,0.0,3,333621,买盘
10:13:55,1112.1,0.0,15,1668122,买盘
10:13:57,1112.12,0.02,17,1890598,买盘
10:14:00,1112.12,0.0,1,111212,卖盘
10:14:04,1112.2,0.08,1,111220,买盘
10:14:07,1112.49,0.29,6,667329,买盘
10:14:16,1112.4,-0.09,1,111240,中性盘
10:14:19,1112.2,-0.2,6,667444,卖盘
10:14:22,1112.49,0.29,1,111249,买盘
10:14:25,1112.5,0.01,6,667496,买盘
10:14:28,1112.52,0.02,34,3781476,买盘
10:14:31,1112.49,-0.03,13,1446231,卖盘
10:14:34,1112.5,0.01,3,333748,买盘
10:14:37,1112.54,0.04,2,222526,卖盘
10:14:40,1112.74,0.2,2,222572,中性盘
10:14:43,1112.74,0.0,2,222554,卖盘
10:14:46,1113.9,1.16,49,5455470,买盘
10:14:49,1113.92,0.02,1,111392,卖盘
10:14:52,1113.92,0.0,10,1113943,卖盘
10:14:55,1113.92,0.0,1,111392,买盘
10:14:58,1113.92,0.0,4,445499,中性盘
10:15:01,1113.51,-0.41,3,334053,卖盘
10:15:04,1113.51,0.0,28,3118947,卖盘
10:15:07,1113.94,0.43,2,222745,买盘
10:15:10,1114.2,0.26,2,222814,买盘
10:15:12,1113.92,-0.28,5,556968,卖盘
10:15:16,1113.92,0.0,11,1225342,卖盘
10:15:17,1113.92,0.0,7,779748,买盘
10:15:21,1113.94,0.02,14,1559518,买盘
10:15:24,1113.94,0.0,12,1336754,卖盘
10:15:28,1114.02,0.08,6,668405,买盘
10:15:31,1113.94,-0.08,22,2450682,卖盘
10:15:34,1113.01,-0.93,13,1448021,卖盘
10:15:36,1113.0,-0.01,10,1113097,卖盘
10:15:39,1112.98,-0.02,26,2894056,卖盘
10:15:43,1112.74,-0.24,18,2002717,卖盘
10:15:46,1112.03,-0.71,2,222477,卖盘
10:15:47,1112.01,-0.02,6,667206,卖盘
10:15:52,1112.03,0.02,12,1334416,买盘
10:15:55,1113.0,0.97,5,556109,买盘
10:16:01,1112.03,-0.97,4,444908,卖盘
10:16:04,1113.02,0.99,36,4008938,买盘
10:16:07,1113.92,0.9,2,222694,买盘
10:16:09,1113.02,-0.9,3,333906,卖盘
10:16:13,1113.02,0.0,1,111302,卖盘
10:16:19,1113.02,0.0,2,222604,买盘
10:16:21,1112.04,-0.98,6,667508,卖盘
10:16:24,1113.0,0.96,2,222690,卖盘
10:16:28,1113.0,0.0,1,111300,买盘
10:16:33,1113.0,0.0,3,333874,买盘
10:16:37,1113.0,0.0,2,222599,买盘
10:16:40,1112.1,-0.9,1,111210,卖盘
10:16:43,1112.05,-0.05,15,1668090,卖盘
10:16:46,1112.05,0.0,8,889640,买盘
10:16:49,1114.0,1.95,44,4900414,买盘
10:16:52,1114.0,0.0,5,467880,卖盘
10:16:55,1114.0,0.0,2,222800,卖盘
10:17:01,1113.99,-0.01,2,222699,中性盘
10:17:04,1114.0,0.01,1,111400,买盘
10:17:10,1114.0,0.0,1,111400,买盘
10:17:13,1114.0,0.0,1,111400,买盘
10:17:16,1114.0,0.0,1,111400,买盘
10:17:19,1114.0,0.0,2,222800,买盘
10:17:22,1114.0,0.0,14,1470480,买盘
10:17:25,1113.5,-0.5,7,868958,买盘
10:17:28,1114.0,0.5,8,891199,买盘
10:17:32,1113.1,-0.9,17,1892390,卖盘
10:17:34,1113.1,0.0,13,1447030,买盘
10:17:40,1113.0,-0.1,24,2671277,卖盘
10:17:43,1113.2,0.2,1,111320,买盘
10:17:49,1113.1,-0.1,3,333945,卖盘
10:17:52,1114.0,0.9,4,445522,买盘
10:17:58,1114.0,0.0,1,111400,买盘
10:18:01,1114.0,0.0,2,222800,买盘
10:18:10,1113.99,-0.01,2,222798,买盘
10:18:13,1114.0,0.01,1,111400,买盘
10:18:22,1113.99,-0.01,2,222797,买盘
10:18:25,1113.0,-0.99,20,2226397,卖盘
10:18:28,1113.1,0.1,1,111310,中性盘
10:18:31,1113.0,-0.1,4,445235,卖盘
10:18:33,1113.1,0.1,2,222620,中性盘
10:18:36,1113.25,0.15,5,556565,买盘
10:18:40,1112.5,-0.75,4,445051,卖盘
10:18:43,1112.5,0.0,4,445002,卖盘
10:18:45,1112.11,-0.39,3,333711,卖盘
10:18:49,1112.11,0.0,2,222421,买盘
10:18:52,1112.1,-0.01,5,556132,卖盘
10:18:55,1112.06,-0.04,2,222412,卖盘
10:18:58,1112.1,0.04,4,444833,中性盘
10:19:01,1113.5,1.4,41,4519528,买盘
10:19:04,1113.5,0.0,3,334050,卖盘
10:19:07,1113.5,0.0,36,4008600,卖盘
10:19:10,1113.5,0.0,10,1113500,卖盘
10:19:12,1113.5,0.0,8,890800,卖盘
10:19:17,1113.5,0.0,4,445302,买盘
10:19:19,1113.25,-0.25,1,111325,卖盘
10:19:22,1112.52,-0.73,6,667683,卖盘
10:19:25,1112.52,0.0,2,222504,买盘
10:19:31,1112.5,-0.02,9,1001020,中性盘
10:19:34,1112.2,-0.3,3,333770,卖盘
10:19:37,1112.2,0.0,30,3336327,卖盘
10:19:40,1112.12,-0.08,6,667312,卖盘
10:19:42,1112.12,0.0,8,889712,卖盘
10:19:46,1112.01,-0.11,8,889674,卖盘
10:19:49,1112.01,0.0,2,222421,卖盘
10:19:52,1112.03,0.02,2,222423,中性盘
10:19:55,1112.2,0.17,3,333641,买盘
10:19:58,1112.03,-0.17,2,222404,中性盘
10:20:00,1112.2,0.17,1,111220,买盘
10:20:04,1112.05,-0.15,28,3155966,中性盘
10:20:06,1112.25,0.2,2,222445,买盘
10:20:09,1112.2,-0.05,5,556100,卖盘
10:20:13,1112.2,0.0,2,222440,卖盘
10:20:15,1112.05,-0.15,16,1779287,卖盘
10:20:19,1112.05,0.0,21,2335327,卖盘
10:20:22,1112.01,-0.04,5,556013,卖盘
10:20:25,1112.0,-0.01,47,5226403,卖盘
10:20:27,1111.58,-0.42,14,1556661,卖盘
10:20:32,1111.5,-0.08,38,4223834,卖盘
10:20:34,1111.4,-0.1,1,111140,卖盘
10:20:37,1111.38,-0.02,18,2000516,卖盘
10:20:40,1111.11,-0.27,2,222245,卖盘
10:20:42,1111.38,0.27,23,2555734,买盘
10:20:45,1111.02,-0.36,8,889029,卖盘
10:20:49,1111.01,-0.01,2,222202,卖盘
10:20:52,1111.03,0.02,11,1222423,中性盘
10:20:55,1111.0,-0.03,100,11110010,卖盘
10:20:58,1110.99,-0.01,10,1110995,卖盘
10:21:01,1110.99,0.0,3,333279,买盘
10:21:05,1110.8,-0.19,5,555402,卖盘
10:21:07,1110.82,0.02,6,666490,买盘
10:21:10,1110.68,-0.14,6,666458,卖盘
10:21:13,1111.01,0.33,43,4776544,买盘
10:21:15,1111.01,0.0,9,1000183,卖盘
10:21:19,1110.96,-0.05,6,666437,中性盘
10:21:22,1110.88,-0.08,4,444360,中性盘
10:21:25,1110.62,-0.26,6,666417,卖盘
10:21:28,1110.61,-0.01,4,444285,卖盘
10:21:31,1110.5,-0.11,4,444268,卖盘
10:21:35,1110.33,-0.17,12,1332715,卖盘
10:21:37,1110.33,0.0,4,444132,买盘
10:21:41,1110.2,-0.13,11,1221354,卖盘
10:21:43,1110.33,0.13,4,444129,中性盘
10:21:47,1110.2,-0.13,9,999247,中性盘
10:21:49,1110.11,-0.09,2,222024,卖盘
10:21:52,1110.13,0.02,3,333036,买盘
10:21:55,1110.33,0.2,9,999245,买盘
10:21:58,1110.01,-0.32,34,3774760,卖盘
10:22:01,1110.01,0.0,17,1887119,卖盘
10:22:04,1110.11,0.1,10,1110110,买盘
10:22:07,1110.11,0.0,3,333024,买盘
10:22:11,1110.12,0.01,11,1221105,买盘
10:22:14,1110.01,-0.11,9,999021,卖盘
10:22:16,1110.01,0.0,4,444004,卖盘
10:22:20,1110.13,0.12,1,111013,买盘
10:22:22,1110.01,-0.12,20,2220200,卖盘
10:22:25,1110.1,0.09,7,777043,买盘
10:22:28,1110.0,-0.1,96,10652760,卖盘
10:22:31,1110.0,0.0,97,10767033,卖盘
10:22:35,1109.35,-0.65,87,9660265,卖盘
10:22:37,1109.35,0.0,1,110935,买盘
10:22:41,1109.08,-0.27,3,332753,卖盘
10:22:47,1109.08,0.0,4,443610,买盘
10:22:49,1109.0,-0.08,10,1109037,卖盘
10:22:52,1108.98,-0.02,16,1774454,卖盘
10:22:56,1109.08,0.1,25,2772590,买盘
10:22:58,1109.09,0.01,6,665449,买盘
10:23:01,1109.01,-0.08,5,554527,卖盘
10:23:04,1109.01,0.0,26,2883449,卖盘
10:23:07,1109.1,0.09,19,2107230,买盘
10:23:10,1109.1,0.0,5,554550,卖盘
10:23:14,1109.1,0.0,5,554590,卖盘
10:23:17,1109.1,0.0,5,554555,卖盘
10:23:19,1109.98,0.88,5,554992,买盘
10:23:22,1109.1,-0.88,10,1109548,卖盘
10:23:24,1110.0,0.9,8,887755,买盘
10:23:28,1109.1,-0.9,26,2883840,卖盘
10:23:32,1109.09,-0.01,10,1109188,卖盘
10:23:34,1109.09,0.0,11,1219999,买盘
10:23:37,1109.1,0.01,6,665635,买盘
10:23:41,1110.0,0.9,13,1442368,买盘
10:23:44,1109.09,-0.91,2,221909,卖盘
10:23:49,1110.0,0.91,3,333000,买盘
10:23:52,1109.11,-0.89,14,1552971,卖盘
10:23:55,1110.0,0.89,5,555000,买盘
10:23:59,1110.0,0.0,24,2660668,买盘
10:24:04,1110.1,0.1,38,4218348,买盘
10:24:07,1110.13,0.03,2,222026,买盘
10:24:11,1110.1,-0.03,6,666076,卖盘
10:24:13,1110.33,0.23,2,222066,买盘
10:24:19,1110.39,0.06,4,444177,中性盘
10:24:22,1110.5,0.11,1,111050,买盘
10:24:26,1110.5,0.0,5,555238,买盘
10:24:28,1110.5,0.0,2,222088,买盘
10:24:32,1110.33,-0.17,11,1221381,卖盘
10:24:33,1110.33,0.0,4,444132,买盘
10:24:37,1110.13,-0.2,3,333078,卖盘
10:24:40,1110.33,0.2,8,888264,买盘
10:24:47,1110.1,-0.23,1,111010,卖盘
10:24:47,1110.33,0.23,5,555110,买盘
10:24:52,1110.33,0.0,1,111033,中性盘
10:24:56,1110.5,0.17,5,555197,买盘
10:24:59,1110.11,-0.39,11,1221348,卖盘
10:25:02,1110.5,0.39,3,333150,买盘
10:25:05,1110.55,0.05,2,222105,中性盘
10:25:07,1110.55,0.0,2,222115,卖盘
10:25:10,1110.6,0.05,1,111060,中性盘
10:25:13,1110.55,-0.05,1,111055,卖盘
10:25:17,1110.61,0.06,1,111061,买盘
10:25:19,1110.6,-0.01,2,222121,中性盘
10:25:25,1110.35,-0.25,50,5553561,卖盘
10:25:28,1110.55,0.2,9,999555,买盘
10:25:31,1110.55,0.0,2,222110,买盘
10:25:38,1110.55,0.0,17,1887935,买盘
10:25:40,1110.56,0.01,2,222167,卖盘
10:25:44,1110.59,0.03,1,111059,中性盘
10:25:52,1112.0,1.41,2,222367,买盘
10:25:56,1112.0,0.0,7,777847,买盘
10:25:58,1112.0,0.0,2,222400,买盘
10:26:01,1112.0,0.0,4,444800,买盘
10:26:05,1112.0,0.0,2,222400,买盘
10:26:08,1112.0,0.0,4,444803,卖盘
10:26:14,1112.05,0.05,2,222407,买盘
10:26:17,1112.05,0.0,6,667216,中性盘
10:26:19,1112.0,-0.05,10,1112000,卖盘
10:26:22,1112.0,0.0,1,111200,买盘
10:26:26,1112.0,0.0,3,333600,买盘
10:26:28,1110.59,-1.41,25,2777718,卖盘
10:26:35,1112.0,1.41,3,333600,买盘
10:26:37,1110.59,-1.41,3,333359,卖盘
10:26:41,1111.0,0.41,1,111100,买盘
10:26:44,1111.67,0.67,1,111167,买盘
10:26:47,1111.01,-0.66,1,111101,卖盘
10:26:50,1111.01,0.0,3,333303,卖盘
10:26:52,1111.67,0.66,2,222268,买盘
10:26:55,1111.13,-0.54,4,444614,中性盘
10:26:59,1111.67,0.54,3,333447,买盘
10:27:00,1111.67,0.0,3,333447,买盘
10:27:05,1111.67,0.0,2,222334,买盘
10:27:08,1111.67,0.0,4,444614,买盘
10:27:11,1111.67,0.0,27,3001455,买盘
10:27:13,1111.67,0.0,5,555607,买盘
10:27:17,1111.67,0.0,1,111167,买盘
10:27:20,1111.67,0.0,10,1111549,买盘
10:27:22,1111.67,0.0,1,111167,买盘
10:27:25,1110.71,-0.96,19,2110617,卖盘
10:27:29,1110.71,0.0,6,666426,买盘
10:27:32,1111.0,0.29,3,333300,中性盘
10:27:35,1111.0,0.0,1,111100,买盘
10:27:37,1111.0,0.0,2,222200,买盘
10:27:41,1111.66,0.66,2,222268,买盘
10:27:44,1111.02,-0.64,2,222204,卖盘
10:27:46,1111.02,0.0,2,222204,卖盘
10:27:49,1111.65,0.63,1,111165,买盘
10:27:52,1111.02,-0.63,3,333369,卖盘
10:27:56,1111.6,0.58,6,666975,中性盘
10:27:59,1111.6,0.0,4,444466,买盘
10:28:02,1111.6,0.0,2,222262,买盘
10:28:10,1111.05,-0.55,5,555690,卖盘
10:28:17,1111.02,-0.03,9,999918,卖盘
10:28:20,1111.59,0.57,4,444519,买盘
10:28:23,1110.7,-0.89,29,3222670,卖盘
10:28:26,1110.7,0.0,1,111070,买盘
10:28:28,1110.7,0.0,8,888560,买盘
10:28:41,1110.71,0.01,1,111071,卖盘
10:28:43,1110.8,0.09,3,333319,卖盘
10:28:50,1110.71,-0.09,2,222230,卖盘
10:28:53,1111.02,0.31,3,333285,买盘
10:28:56,1111.02,0.0,8,812024,买盘
10:28:59,1110.72,-0.3,1,111072,卖盘
10:29:01,1111.02,0.3,5,555416,买盘
10:29:04,1111.04,0.02,8,889167,卖盘
10:29:08,1111.59,0.55,2,222318,买盘
10:29:11,1111.59,0.0,20,2223180,卖盘
10:29:14,1111.67,0.08,97,10782806,买盘
10:29:17,1111.04,-0.63,12,1333303,卖盘
10:29:20,1111.04,0.0,7,777726,中性盘
10:29:23,1110.8,-0.24,13,1444069,卖盘
10:29:25,1111.04,0.24,21,2333494,买盘
10:29:29,1110.81,-0.23,2,222183,卖盘
10:29:32,1111.04,0.23,3,333312,买盘
10:29:35,1110.6,-0.44,24,2665629,卖盘
10:29:43,1111.04,0.44,2,222208,买盘
10:29:46,1111.06,0.02,1,111106,卖盘
10:29:50,1111.55,0.49,32,3555057,买盘
10:29:52,1111.06,-0.49,1,111106,卖盘
10:29:56,1111.55,0.49,4,444471,买盘
10:29:59,1110.8,-0.75,5,555562,卖盘
10:30:02,1110.8,0.0,8,888640,买盘
10:30:11,1111.06,0.26,2,222212,买盘
10:30:20,1111.04,-0.02,24,2666562,卖盘
10:30:23,1111.0,-0.04,3,333308,卖盘
10:30:26,1111.52,0.52,32,3556868,买盘
10:30:34,1111.52,0.0,24,2667694,卖盘
10:30:38,1111.52,0.0,3,333474,卖盘
10:30:41,1111.52,0.0,1,111152,卖盘
10:30:44,1111.66,0.14,1,111166,卖盘
10:30:53,1111.52,-0.14,9,1000382,卖盘
10:30:56,1111.67,0.15,2,222334,买盘
10:30:59,1111.66,-0.01,2,222332,卖盘
10:31:02,1111.66,0.0,3,333500,卖盘
10:31:05,1111.67,0.01,3,333501,买盘
10:31:08,1111.66,-0.01,31,3446176,卖盘
10:31:11,1111.67,0.01,4,444668,买盘
10:31:14,1111.67,0.0,5,555835,买盘
10:31:16,1111.67,0.0,2,222334,买盘
10:31:20,1111.52,-0.15,16,1778629,卖盘
10:31:23,1111.52,0.0,5,555760,买盘
10:31:26,1111.52,0.0,2,222304,买盘
10:31:29,1111.5,-0.02,1,111150,中性盘
10:31:32,1111.52,0.02,2,222304,买盘
10:31:35,1111.52,0.0,3,333372,买盘
10:31:39,1111.52,0.0,1,111152,买盘
10:31:49,1111.67,0.15,19,2112171,买盘
10:31:52,1111.71,0.04,11,1222847,买盘
10:31:56,1111.88,0.17,4,444700,买盘
10:31:58,1111.66,-0.22,2,222333,卖盘
10:32:01,1111.56,-0.1,4,444646,卖盘
10:32:07,1111.98,0.42,1,111198,买盘
10:32:10,1112.0,0.02,9,1000800,买盘
10:32:14,1112.02,0.02,2,222402,买盘
10:32:16,1111.55,-0.47,24,2668168,卖盘
10:32:18,1111.55,0.0,5,555765,买盘
10:32:22,1111.66,0.11,1,111166,买盘
10:32:25,1112.5,0.84,2,222500,买盘
10:32:31,1112.5,0.0,15,1668747,买盘
10:32:35,1112.52,0.02,1,111252,卖盘
10:32:37,1113.0,0.48,15,1669114,买盘
10:32:43,1112.69,-0.31,1,111269,中性盘
10:32:49,1112.69,0.0,1,111269,卖盘
10:32:52,1113.0,0.31,3,333870,买盘
10:32:55,1112.7,-0.3,4,445140,卖盘
10:32:59,1112.0,-0.7,19,2113456,卖盘
10:33:00,1112.0,0.0,1,111200,买盘
10:33:02,1112.0,0.0,2,222400,买盘
10:33:08,1111.98,-0.02,2,222398,卖盘
10:33:09,1111.98,0.0,1,111198,卖盘
10:33:13,1111.98,0.0,28,3113598,卖盘
10:33:16,1111.55,-0.43,16,1778742,卖盘
10:33:19,1111.55,0.0,8,889240,买盘
10:33:22,1111.55,0.0,8,889330,买盘
10:33:25,1112.0,0.45,4,444800,买盘
10:33:28,1112.0,0.0,5,555948,买盘
10:33:31,1111.5,-0.5,1,111150,卖盘
10:33:35,1111.5,0.0,4,444705,卖盘
10:33:39,1111.5,0.0,2,222300,卖盘
10:33:39,1112.0,0.5,2,222400,买盘
10:33:47,1112.0,0.0,4,444665,买盘
10:33:52,1111.0,-1.0,10,1111236,卖盘
10:33:55,1112.99,1.99,6,667398,买盘
10:33:58,1112.02,-0.97,1,111202,卖盘
10:34:00,1112.25,0.23,3,333652,卖盘
10:34:02,1112.02,-0.23,1,111202,卖盘
10:34:07,1112.02,0.0,1,111202,卖盘
10:34:10,1112.98,0.96,2,222500,买盘
10:34:13,1112.0,-0.98,24,2668832,卖盘
10:34:16,1112.99,0.99,2,222598,买盘
10:34:19,1113.0,0.01,7,816940,买盘
10:34:22,1113.0,0.0,1,73458,买盘
10:34:25,1112.99,-0.01,2,222596,卖盘
10:34:29,1113.0,0.01,2,222598,中性盘
10:34:31,1112.08,-0.92,1,111208,卖盘
10:34:34,1112.99,0.91,3,333897,卖盘
10:34:37,1113.0,0.01,6,667750,买盘
10:34:39,1113.0,0.0,1,111300,卖盘
10:34:43,1113.0,0.0,5,597837,卖盘
10:34:46,1113.0,0.0,2,222600,卖盘
10:34:52,1113.22,0.22,5,556694,卖盘
10:34:55,1113.53,0.31,2,222705,买盘
10:34:58,1113.22,-0.31,4,445315,卖盘
10:35:01,1113.53,0.31,3,334046,买盘
10:35:04,1113.77,0.24,3,333977,买盘
10:35:07,1113.0,-0.77,2,222600,卖盘
10:35:10,1113.0,0.0,28,3116400,卖盘
10:35:13,1113.0,0.0,18,2003426,卖盘
10:35:15,1113.52,0.52,4,404094,买盘
10:35:17,1113.0,-0.52,2,222600,卖盘
10:35:22,1113.0,0.0,3,333809,买盘
10:35:25,1113.0,0.0,8,890400,买盘
10:35:28,1113.0,0.0,1,111300,买盘
10:35:30,1113.0,0.0,3,333702,中性盘
10:35:34,1113.52,0.52,5,556418,买盘
10:35:40,1113.0,-0.52,1,111300,卖盘
10:35:43,1113.52,0.52,1,111352,中性盘
10:35:46,1113.52,0.0,1,111352,买盘
10:35:49,1113.52,0.0,1,111352,买盘
10:35:52,1113.53,0.01,3,334053,买盘
10:35:55,1113.6,0.07,3,334065,买盘
10:35:58,1113.52,-0.08,13,1447578,卖盘
10:36:01,1113.76,0.24,1,111376,买盘
10:36:07,1113.76,0.0,5,556497,买盘
10:36:09,1112.08,-1.68,11,1223323,卖盘
10:36:13,1112.08,0.0,8,889664,买盘
10:36:15,1112.08,0.0,2,222416,买盘
10:36:19,1112.08,0.0,11,1224296,买盘
10:36:22,1113.77,1.69,1,111377,买盘
10:36:25,1112.03,-1.74,4,445129,卖盘
10:36:28,1112.08,0.05,1,111208,中性盘
10:36:31,1113.7,1.62,4,444979,买盘
10:36:37,1113.7,0.0,2,222739,买盘
10:36:49,1113.7,0.0,2,222738,买盘
10:36:52,1113.7,0.0,1,111370,买盘
10:36:55,1113.67,-0.03,2,222734,中性盘
10:36:58,1113.7,0.03,1,111370,买盘
10:37:01,1113.68,-0.02,1,111368,买盘
10:37:04,1113.7,0.02,2,222739,买盘
10:37:07,1113.7,0.0,3,334110,买盘
10:37:10,1112.08,-1.62,20,2224240,卖盘
10:37:13,1113.7,1.62,7,778939,买盘
10:37:16,1113.7,0.0,1,111370,买盘
10:37:21,1113.7,0.0,1,111370,买盘
10:37:25,1113.7,0.0,2,222739,买盘
10:37:27,1112.2,-1.5,2,222590,卖盘
10:37:31,1113.7,1.5,4,445480,买盘
10:37:34,1113.66,-0.04,6,667466,买盘
10:37:37,1112.2,-1.46,2,260255,卖盘
10:37:39,1112.2,0.0,2,222583,卖盘
10:37:46,1113.6,1.4,1,111360,买盘
10:37:49,1113.63,0.03,3,334087,买盘
10:37:55,1113.66,0.03,2,222732,买盘
10:37:58,1113.5,-0.16,1,111350,中性盘
10:38:01,1112.96,-0.54,2,222658,中性盘
10:38:02,1113.29,0.33,1,111329,卖盘
10:38:07,1112.3,-0.99,10,1112634,卖盘
10:38:10,1112.3,0.0,7,778600,买盘
10:38:13,1112.3,0.0,3,333690,买盘
10:38:16,1112.3,0.0,15,1668350,买盘
10:38:17,1112.3,0.0,13,1445910,买盘
10:38:22,1112.03,-0.27,7,740691,卖盘
10:38:25,1112.3,0.27,21,2335342,买盘
10:38:28,1112.01,-0.29,5,556031,中性盘
10:38:31,1112.33,0.32,14,1595089,买盘
10:38:34,1112.33,0.0,5,518346,卖盘
10:38:38,1111.12,-1.21,3,333546,卖盘
10:38:39,1111.11,-0.01,3,333333,卖盘
10:38:43,1111.11,0.0,2,222223,中性盘
10:38:46,1111.0,-0.11,13,1444300,卖盘
10:38:49,1111.0,0.0,5,555500,买盘
10:38:52,1111.11,0.11,1,111111,买盘
10:38:54,1112.3,1.19,4,444801,买盘
10:38:58,1112.33,0.03,1,111233,买盘
10:39:01,1112.0,-0.33,7,778453,卖盘
10:39:05,1111.11,-0.89,2,222222,中性盘
10:39:11,1110.8,-0.31,5,555420,卖盘
10:39:13,1110.8,0.0,2,222160,中性盘
10:39:16,1111.0,0.2,4,444334,买盘
10:39:25,1110.7,-0.3,2,259901,买盘
10:39:28,1110.7,0.0,1,111070,卖盘
10:39:30,1110.62,-0.08,2,222133,卖盘
10:39:34,1110.76,0.14,2,222152,买盘
10:39:40,1110.63,-0.13,4,444290,卖盘
10:39:43,1110.76,0.13,1,111076,买盘
10:39:47,1110.34,-0.42,40,4442542,卖盘
10:39:52,1110.5,0.16,2,187658,买盘
10:39:55,1110.34,-0.16,2,256541,卖盘
10:39:58,1110.75,0.41,1,111075,买盘
10:40:00,1110.34,-0.41,5,555165,卖盘
10:40:02,1110.3,-0.04,8,853749,卖盘
10:40:07,1110.3,0.0,1,111030,买盘
10:40:13,1110.0,-0.3,26,2886000,卖盘
10:40:16,1110.0,0.0,126,13985980,卖盘
10:40:17,1110.0,0.0,16,1779178,卖盘
10:40:22,1110.0,0.0,4,444000,买盘
10:40:25,1109.3,-0.7,5,554717,卖盘
10:40:28,1110.0,0.7,3,333000,买盘
10:40:31,1110.0,0.0,10,1109454,买盘
10:40:34,1110.0,0.0,5,555000,买盘
10:40:37,1110.0,0.0,2,221922,买盘
10:40:40,1110.0,0.0,3,332931,买盘
10:40:55,1110.0,0.0,4,444060,买盘
10:40:58,1109.3,-0.7,2,221930,卖盘
10:41:00,1109.23,-0.07,6,665552,卖盘
10:41:04,1109.23,0.0,7,776461,买盘
10:41:06,1109.23,0.0,6,665538,买盘
10:41:10,1109.3,0.07,6,665545,买盘
10:41:13,1110.0,0.7,2,222000,买盘
10:41:19,1109.25,-0.75,3,332790,卖盘
10:41:22,1110.3,1.05,4,444120,买盘
10:41:25,1110.34,0.04,4,444128,买盘
10:41:34,1110.0,-0.34,1,111000,卖盘
10:41:37,1110.0,0.0,10,1110068,卖盘
10:41:40,1110.0,0.0,3,333000,买盘
10:41:43,1110.0,0.0,3,333034,卖盘
10:41:46,1110.3,0.3,1,111030,买盘
10:41:49,1110.0,-0.3,11,1221226,卖盘
10:41:52,1110.3,0.3,12,1332360,买盘
10:41:55,1110.5,0.2,3,333134,买盘
10:42:00,1110.59,0.09,28,3108461,买盘
10:42:04,1110.34,-0.25,3,333118,买盘
10:42:09,1110.3,-0.04,2,222060,中性盘
10:42:13,1110.59,0.29,2,222093,买盘
10:42:25,1110.75,0.16,3,333181,买盘
10:42:28,1110.75,0.0,2,222150,买盘
10:42:40,1110.76,0.01,11,1221826,买盘
10:42:43,1110.76,0.0,1,111076,中性盘
10:42:46,1111.0,0.24,1,111100,买盘
10:42:49,1110.76,-0.24,5,555575,卖盘
10:42:54,1112.0,1.24,3,333500,买盘
10:42:58,1110.75,-1.25,14,1555062,卖盘
10:43:00,1110.59,-0.16,8,888520,卖盘
10:43:04,1110.3,-0.29,2,222089,卖盘
10:43:07,1110.02,-0.28,5,555013,卖盘
10:43:12,1110.0,-0.02,5,555002,卖盘
10:43:16,1110.0,0.0,26,2886001,卖盘
10:43:17,1110.75,0.75,35,3885039,买盘
10:43:22,1110.0,-0.75,8,888001,卖盘
10:43:25,1109.33,-0.67,8,887866,卖盘
10:43:28,1109.3,-0.03,5,554860,卖盘
10:43:31,1110.0,0.7,4,444000,卖盘
10:43:34,1110.0,0.0,2,222001,卖盘
10:43:37,1110.0,0.0,5,555000,卖盘
10:43:40,1110.0,0.0,11,1221000,卖盘
10:43:43,1110.0,0.0,8,888003,中性盘
10:43:46,1110.0,0.0,2,222000,中性盘
10:43:49,1110.0,0.0,1,111000,中性盘
10:43:52,1110.39,0.39,4,444118,买盘
10:43:55,1109.95,-0.44,15,1665137,卖盘
10:43:58,1109.95,0.0,12,1331940,买盘
10:44:01,1110.0,0.05,7,776972,买盘
10:44:04,1110.0,0.0,4,443998,买盘
10:44:07,1110.0,0.0,1,111000,买盘
10:44:10,1110.0,0.0,2,222000,卖盘
10:44:13,1110.9,0.9,3,333090,买盘
10:44:16,1110.01,-0.89,3,333001,中性盘
10:44:21,1110.01,0.0,1,111001,卖盘
10:44:25,1110.97,0.96,3,333175,买盘
10:44:27,1110.0,-0.97,2,222077,卖盘
10:44:34,1110.01,0.01,2,222077,卖盘
10:44:40,1110.0,-0.01,3,333001,卖盘
10:44:42,1110.76,0.76,2,222152,买盘
10:44:46,1110.0,-0.76,2,222001,卖盘
10:44:49,1110.0,0.0,3,333001,卖盘
10:44:52,1110.01,0.01,15,1665009,买盘
10:44:55,1110.01,0.0,40,4440003,卖盘
10:44:58,1110.11,0.1,6,666045,买盘
10:45:01,1110.0,-0.11,2,222000,卖盘
10:45:04,1110.0,0.0,3,333000,卖盘
10:45:07,1110.03,0.03,2,222006,中性盘
10:45:09,1110.03,0.0,8,888007,卖盘
10:45:13,1110.0,-0.03,8,888082,卖盘
10:45:17,1110.11,0.11,3,333025,买盘
10:45:17,1110.76,0.65,2,222084,买盘
10:45:26,1110.76,0.0,2,222152,买盘
10:45:28,1110.09,-0.67,1,111009,卖盘
10:45:31,1110.76,0.67,2,222152,买盘
10:45:34,1110.09,-0.67,11,1221402,卖盘
10:45:43,1110.88,0.79,1,111088,买盘
10:45:46,1110.99,0.11,1,111099,买盘
10:45:52,1110.09,-0.9,11,1221895,卖盘
10:45:54,1110.09,0.0,6,666052,买盘
10:45:58,1110.09,0.0,1,111009,买盘
10:46:01,1110.09,0.0,1,111009,买盘
10:46:04,1110.09,0.0,2,222018,买盘
10:46:07,1110.09,0.0,6,666052,买盘
10:46:10,1110.07,-0.02,2,222016,卖盘
10:46:13,1111.0,0.93,9,999172,买盘
10:46:16,1111.0,0.0,4,444400,买盘
10:46:21,1111.0,0.0,2,222115,买盘
10:46:25,1110.15,-0.85,2,222030,卖盘
10:46:28,1110.16,0.01,6,666165,买盘
10:46:34,1110.99,0.83,7,777511,卖盘
10:46:37,1110.15,-0.84,8,888064,买盘
10:46:42,1111.0,0.85,2,222199,买盘
10:46:46,1111.0,0.0,3,333220,买盘
10:46:49,1111.0,0.0,3,333300,买盘
10:46:52,1110.03,-0.97,10,1110351,卖盘
10:46:55,1110.03,0.0,4,444012,买盘
10:46:58,1110.03,0.0,2,222006,买盘
10:47:04,1110.1,0.07,12,1332038,买盘
10:47:07,1110.03,-0.07,1,111003,卖盘
10:47:10,1110.03,0.0,4,444020,卖盘
10:47:13,1110.15,0.12,1,111015,买盘
10:47:16,1110.03,-0.12,3,333009,卖盘
10:47:19,1110.03,0.0,4,444023,卖盘
10:47:22,1110.03,0.0,6,666019,卖盘
10:47:25,1111.0,0.97,2,222200,买盘
10:47:27,1110.03,-0.97,8,888025,卖盘
10:47:31,1111.0,0.97,7,777316,买盘
10:47:37,1110.0,-1.0,59,6549313,卖盘
10:47:43,1111.0,1.0,5,555303,买盘
10:47:46,1111.06,0.06,2,222206,买盘
10:47:49,1109.98,-1.08,14,1555140,卖盘
10:47:52,1109.98,0.0,2,221996,买盘
10:47:54,1109.98,0.0,9,998982,买盘
10:47:58,1111.06,1.08,2,222174,买盘
10:48:04,1111.06,0.0,1,111106,卖盘
10:48:07,1111.06,0.0,8,888848,卖盘
10:48:09,1111.06,0.0,2,222212,买盘
10:48:13,1111.69,0.63,2,222281,中性盘
10:48:16,1111.01,-0.68,2,222213,卖盘
10:48:19,1111.01,0.0,4,444512,买盘
10:48:21,1111.0,-0.01,2,222200,卖盘
10:48:25,1111.97,0.97,2,222394,买盘
10:48:31,1111.12,-0.85,2,222224,买盘
10:48:37,1111.02,-0.1,1,111102,买盘
10:48:40,1111.02,0.0,1,111102,买盘
10:48:46,1109.98,-1.04,10,1110095,卖盘
10:48:49,1109.98,0.0,5,554990,买盘
10:48:52,1109.98,0.0,24,2663929,买盘
10:48:55,1111.02,1.04,2,222102,买盘
10:49:01,1110.84,-0.18,5,555474,卖盘
10:49:04,1110.84,0.0,1,111084,卖盘
10:49:10,1110.84,0.0,1,111084,卖盘
10:49:13,1111.12,0.28,3,333280,买盘
10:49:16,1110.84,-0.28,4,444336,卖盘
10:49:19,1110.84,0.0,2,222168,买盘
10:49:22,1110.84,0.0,4,444336,买盘
10:49:25,1111.9,1.06,1,111190,买盘
10:49:28,1111.11,-0.79,1,111111,卖盘
10:49:31,1111.9,0.79,1,111190,买盘
10:49:43,1111.11,-0.79,5,555555,买盘
10:49:46,1110.0,-1.11,15,1666213,卖盘
10:49:49,1110.0,0.0,5,555000,买盘
10:49:52,1110.0,0.0,6,666000,买盘
10:49:55,1111.87,1.87,5,555372,买盘
10:50:07,1110.0,-1.87,1,111000,卖盘
10:50:10,1110.0,0.0,2,222000,卖盘
10:50:16,1110.8,0.8,1,111080,买盘
10:50:19,1110.87,0.07,1,111087,买盘
10:50:22,1110.98,0.11,4,444359,买盘
10:50:24,1110.7,-0.28,2,222140,中性盘
10:50:28,1110.7,0.0,3,333080,买盘
10:50:31,1110.7,0.0,6,666387,买盘
10:50:32,1110.7,0.0,2,222140,买盘
10:50:37,1110.53,-0.17,1,111053,卖盘
10:50:39,1110.7,0.17,3,333177,买盘
10:50:43,1110.37,-0.33,1,111037,卖盘
10:50:46,1110.05,-0.32,23,2553221,卖盘
10:50:47,1111.0,0.95,8,888427,买盘
10:50:51,1111.0,0.0,9,999900,卖盘
10:50:55,1111.84,0.84,2,222367,买盘
10:51:04,1111.0,-0.84,11,1222764,卖盘
10:51:10,1111.0,0.0,1,111100,卖盘
10:51:22,1111.13,0.13,2,222296,中性盘
10:51:25,1111.88,0.75,2,222371,买盘
10:51:28,1111.83,-0.05,1,111183,中性盘
10:51:37,1111.94,0.11,28,3113343,买盘
10:51:40,1112.0,0.06,18,2001589,买盘
10:51:43,1111.44,-0.56,17,1889613,卖盘
10:51:46,1110.5,-0.94,7,777520,卖盘
10:51:49,1111.0,0.5,8,889064,卖盘
10:51:52,1111.44,0.44,2,222288,买盘
10:51:55,1111.44,0.0,3,333432,买盘
10:51:57,1111.44,0.0,2,222288,买盘
10:52:04,1111.0,-0.44,5,555540,卖盘
10:52:07,1111.44,0.44,2,222288,买盘
10:52:10,1110.51,-0.93,4,444351,卖盘
10:52:12,1111.0,0.49,6,666589,买盘
10:52:16,1111.0,0.0,2,222120,买盘
10:52:22,1111.0,0.0,2,222200,买盘
10:52:25,1111.0,0.0,5,555260,买盘
10:52:34,1111.44,0.44,1,111144,买盘
10:52:37,1111.44,0.0,1,111144,卖盘
10:52:40,1111.02,-0.42,11,1222776,卖盘
10:52:43,1111.01,-0.01,24,2666445,中性盘
10:52:46,1112.0,0.99,2,222381,买盘
10:52:47,1111.67,-0.33,2,222367,卖盘
10:52:52,1111.81,0.14,3,333579,中性盘
10:52:55,1112.0,0.19,3,333600,买盘
10:53:06,1112.0,0.0,2,222400,买盘
10:53:10,1112.5,0.5,11,1223250,买盘
10:53:13,1113.0,0.5,9,1001628,买盘
10:53:16,1112.52,-0.48,1,111252,卖盘
10:53:19,1113.0,0.48,2,222600,买盘
10:53:22,1112.52,-0.48,1,111252,卖盘
10:53:24,1113.0,0.48,4,445150,买盘
10:53:28,1112.52,-0.48,3,333852,卖盘
10:53:31,1113.0,0.48,2,222600,买盘
10:53:34,1112.52,-0.48,1,111252,卖盘
10:53:40,1111.89,-0.63,23,2557953,卖盘
10:53:43,1111.9,0.01,3,333690,中性盘
10:53:46,1113.0,1.1,3,333804,买盘
10:53:49,1113.0,0.0,1,111300,买盘
10:53:52,1112.52,-0.48,1,111252,买盘
10:53:55,1113.0,0.48,8,890394,买盘
10:53:59,1113.16,0.16,9,1001773,买盘
10:54:01,1113.56,0.4,3,334058,买盘
10:54:04,1113.6,0.04,2,222716,买盘
10:54:10,1113.66,0.06,2,222732,买盘
10:54:13,1113.56,-0.1,1,111356,卖盘
10:54:19,1113.7,0.14,10,1113679,买盘
10:54:22,1113.66,-0.04,1,111366,中性盘
10:54:25,1113.82,0.16,5,556889,买盘
10:54:28,1113.96,0.14,3,334178,买盘
10:54:31,1113.83,-0.13,5,556976,卖盘
10:54:34,1113.99,0.16,1,111399,买盘
10:54:37,1113.82,-0.17,26,2896049,卖盘
10:54:40,1113.78,-0.04,22,2450255,中性盘
10:54:43,1113.79,0.01,9,1002461,中性盘
10:54:46,1113.81,0.02,6,668247,中性盘
10:54:49,1113.0,-0.81,9,1002034,卖盘
10:54:52,1114.1,1.1,65,7263319,买盘
10:54:55,1114.5,0.4,14,1559921,买盘
10:54:58,1114.55,0.05,8,891640,买盘
10:55:01,1114.72,0.17,4,445870,买盘
10:55:02,1114.98,0.26,3,334484,买盘
10:55:07,1114.94,-0.04,6,668872,卖盘
10:55:13,1114.96,0.02,4,445990,中性盘
10:55:16,1114.96,0.0,12,1337976,卖盘
10:55:19,1114.96,0.0,14,1560989,卖盘
10:55:22,1115.0,0.04,20,2229989,买盘
10:55:25,1115.0,0.0,29,3233499,买盘
10:55:28,1114.99,-0.01,12,1337999,卖盘
10:55:34,1115.0,0.01,3,334500,买盘
10:55:37,1115.0,0.0,28,3120951,买盘
10:55:43,1114.98,-0.02,1,111498,买盘
10:55:46,1114.9,-0.08,3,334470,中性盘
10:55:49,1114.98,0.08,3,334478,买盘
10:55:52,1114.11,-0.87,3,334234,卖盘
10:55:55,1114.99,0.88,9,1003489,买盘
10:55:57,1115.0,0.01,35,3904725,买盘
10:56:00,1115.0,0.0,7,780510,卖盘
10:56:02,1115.16,0.16,7,780551,买盘
10:56:07,1115.22,0.06,4,446071,买盘
10:56:10,1115.5,0.28,10,1115500,买盘
10:56:13,1115.67,0.17,4,446256,买盘
10:56:16,1115.89,0.22,2,223178,买盘
10:56:19,1115.89,0.0,6,669489,买盘
10:56:22,1115.89,0.0,6,669545,中性盘
10:56:25,1116.0,0.11,9,1004339,买盘
10:56:28,1115.61,-0.39,1,111561,卖盘
10:56:31,1116.0,0.39,25,2789993,买盘
10:56:32,1115.55,-0.45,12,1338791,卖盘
10:56:40,1115.54,-0.01,2,223109,中性盘
10:56:43,1115.54,0.0,1,111554,买盘
10:56:46,1115.55,0.01,12,1338657,买盘
10:56:47,1115.42,-0.13,4,446081,中性盘
10:56:51,1115.0,-0.42,8,892291,卖盘
10:56:55,1115.5,0.5,2,223069,中性盘
10:56:58,1115.5,0.0,7,780654,买盘
10:57:01,1115.54,0.04,4,446216,卖盘
10:57:04,1115.54,0.0,11,1227100,卖盘
10:57:07,1116.0,0.46,47,5244974,买盘
10:57:10,1116.0,0.0,2,223200,卖盘
10:57:13,1116.0,0.0,17,1897365,卖盘
10:57:16,1116.0,0.0,2,223200,卖盘
10:57:19,1116.0,0.0,1,111600,卖盘
10:57:22,1116.35,0.35,3,334854,买盘
10:57:26,1116.47,0.12,4,446518,买盘
10:57:31,1116.18,-0.29,4,446547,卖盘
10:57:35,1116.8,0.62,61,6806211,买盘
10:57:37,1116.94,0.14,3,335062,买盘
10:57:40,1117.0,0.06,17,1898857,买盘
10:57:43,1116.8,-0.2,8,893560,卖盘
10:57:45,1116.8,0.0,7,781794,卖盘
10:57:52,1117.28,0.48,4,446860,买盘
10:57:54,1117.38,0.1,5,558575,买盘
10:57:57,1117.38,0.0,1,111738,中性盘
10:58:04,1117.0,-0.38,3,335138,卖盘
10:58:07,1117.0,0.0,13,1452100,买盘
10:58:10,1117.5,0.5,12,1340634,买盘
10:58:13,1117.5,0.0,5,558750,中性盘
10:58:19,1117.35,-0.15,4,446991,卖盘
10:58:22,1117.35,0.0,3,335170,买盘
10:58:25,1117.22,-0.13,4,446926,中性盘
10:58:27,1117.3,0.08,4,446881,买盘
10:58:31,1116.84,-0.46,13,1451861,卖盘
10:58:34,1117.46,0.62,31,3462694,买盘
10:58:37,1117.46,0.0,13,1452737,卖盘
10:58:40,1117.5,0.04,5,558761,中性盘
10:58:43,1117.3,-0.2,6,670414,卖盘
10:58:46,1117.35,0.05,8,893903,买盘
10:58:49,1117.3,-0.05,10,1117410,中性盘
10:58:52,1117.16,-0.14,1,111716,卖盘
10:58:55,1117.16,0.0,6,670364,卖盘
10:58:58,1117.17,0.01,9,1005582,中性盘
10:59:01,1117.3,0.13,15,1675961,买盘
10:59:07,1117.35,0.05,6,670354,买盘
10:59:10,1117.5,0.15,6,670448,买盘
10:59:13,1117.56,0.06,20,2234767,买盘
10:59:16,1117.49,-0.07,4,446999,卖盘
10:59:19,1117.7,0.21,3,335296,买盘
10:59:23,1117.77,0.07,5,619227,卖盘
10:59:25,1117.87,0.1,15,1676744,买盘
10:59:28,1117.56,-0.31,16,1728032,卖盘
10:59:31,1117.0,-0.56,8,893616,卖盘
10:59:34,1117.0,0.0,8,893600,买盘
10:59:37,1116.91,-0.09,2,223382,卖盘
10:59:40,1117.0,0.09,1,111700,买盘
10:59:42,1117.0,0.0,23,2569086,买盘
10:59:46,1117.0,0.0,7,781900,买盘
10:59:49,1116.99,-0.01,7,781850,中性盘
10:59:52,1116.92,-0.07,2,223392,中性盘
10:59:55,1117.0,0.08,4,446800,买盘
10:59:57,1116.8,-0.2,1,111680,卖盘
11:00:01,1116.9,0.1,15,1675483,中性盘
11:00:04,1116.96,0.06,3,335085,买盘
11:00:07,1116.97,0.01,4,446787,买盘
11:00:09,1116.93,-0.04,3,335087,卖盘
11:00:13,1116.93,0.0,4,446772,卖盘
11:00:16,1116.94,0.01,4,446761,买盘
11:00:19,1116.88,-0.06,3,335081,中性盘
11:00:22,1116.88,0.0,23,2569003,中性盘
11:00:25,1116.99,0.11,3,335078,中性盘
11:00:28,1116.8,-0.19,6,670161,卖盘
11:00:31,1116.88,0.08,1,111688,买盘
11:00:40,1116.99,0.11,2,223393,买盘
11:00:43,1116.81,-0.18,5,558460,卖盘
11:00:46,1116.81,0.0,1,111681,卖盘
11:00:49,1116.94,0.13,1,111694,买盘
11:00:52,1116.99,0.05,5,558482,买盘
11:00:54,1117.0,0.01,4,446795,买盘
11:00:58,1116.82,-0.18,8,893557,卖盘
11:01:01,1116.5,-0.32,59,6592509,卖盘
11:01:04,1116.01,-0.49,1,111601,卖盘
11:01:07,1116.46,0.45,2,223247,中性盘
11:01:10,1116.0,-0.46,3,334802,卖盘
11:01:13,1116.0,0.0,1,111600,买盘
11:01:25,1116.0,0.0,3,334699,买盘
11:01:34,1115.0,-1.0,2,223001,卖盘
11:01:37,1115.0,0.0,2,223099,卖盘
11:01:43,1115.0,0.0,22,2453000,卖盘
11:01:45,1115.0,0.0,9,1003507,卖盘
11:01:47,1115.01,0.01,1,111501,卖盘
11:01:51,1115.98,0.97,1,111598,买盘
11:01:55,1115.98,0.0,7,780696,买盘
11:02:01,1115.01,-0.97,1,111501,卖盘
11:02:04,1115.01,0.0,1,111501,买盘
11:02:10,1114.99,-0.02,10,1114999,卖盘
11:02:12,1114.99,0.0,5,557495,买盘
11:02:19,1114.99,0.0,2,222998,买盘
11:02:22,1114.98,-0.01,1,111498,中性盘
11:02:24,1114.99,0.01,6,668914,买盘
11:02:28,1114.99,0.0,4,445996,买盘
11:02:31,1114.99,0.0,9,1003496,卖盘
11:02:46,1114.25,-0.74,3,334275,卖盘
11:02:49,1114.97,0.72,1,111497,买盘
11:02:51,1115.0,0.03,2,222999,买盘
11:02:55,1115.01,0.01,3,334503,买盘
11:03:01,1115.98,0.97,8,892579,买盘
11:03:04,1115.97,-0.01,2,223194,卖盘
11:03:06,1114.25,-1.72,28,3121633,卖盘
11:03:13,1115.97,1.72,10,1115966,买盘
11:03:16,1115.96,-0.01,2,223191,买盘
11:03:22,1115.97,0.01,18,2009545,中性盘
11:03:25,1115.67,-0.3,5,557999,卖盘
11:03:28,1116.0,0.33,2,223167,中性盘
11:03:31,1117.0,1.0,13,1452085,买盘
11:03:32,1117.0,0.0,9,1005285,买盘
11:03:37,1117.0,0.0,18,2006103,买盘
11:03:40,1115.96,-1.04,9,1004960,卖盘
11:03:43,1115.6,-0.36,1,111560,买盘
11:03:46,1115.0,-0.6,4,446000,卖盘
11:03:47,1115.0,0.0,9,1003920,卖盘
11:03:51,1115.0,0.0,2,223060,中性盘
11:03:55,1115.67,0.67,14,1561875,买盘
11:03:57,1117.5,1.83,12,1340074,买盘
11:04:01,1116.0,-1.5,7,782043,卖盘
11:04:02,1117.0,1.0,25,2790100,买盘
11:04:07,1116.0,-1.0,1,111600,卖盘
11:04:10,1117.0,1.0,1,111700,买盘
11:04:13,1116.01,-0.99,2,223202,卖盘
11:04:16,1117.0,0.99,4,446800,买盘
11:04:19,1116.01,-0.99,1,111601,卖盘
11:04:22,1117.0,0.99,4,446503,买盘
11:04:25,1117.0,0.0,1,111700,买盘
11:04:31,1116.01,-0.99,2,223202,卖盘
11:04:34,1117.0,0.99,5,558103,买盘
11:04:36,1116.0,-1.0,5,558105,卖盘
11:04:40,1116.01,0.01,8,892801,中性盘
11:04:43,1116.01,0.0,8,892907,买盘
11:04:46,1116.83,0.82,6,670098,中性盘
11:04:49,1117.06,0.23,16,1787230,买盘
11:04:52,1117.21,0.15,11,1228883,买盘
11:04:55,1117.5,0.29,19,2123093,买盘
11:04:58,1117.43,-0.07,6,670273,中性盘
11:05:00,1117.8,0.37,13,1452934,买盘
11:05:04,1116.0,-1.8,25,2790267,卖盘
11:05:07,1117.54,1.54,2,223508,卖盘
11:05:13,1117.79,0.25,9,1005797,买盘
11:05:16,1116.0,-1.79,37,4129526,卖盘
11:05:19,1116.0,0.0,2,223200,买盘
11:05:25,1116.0,0.0,2,223200,买盘
11:05:28,1115.0,-1.0,5,557500,卖盘
11:05:31,1115.0,0.0,3,334599,买盘
11:05:32,1115.99,0.99,8,892561,买盘
11:05:37,1115.0,-0.99,10,1115495,卖盘
11:05:40,1115.99,0.99,4,446099,买盘
11:05:43,1115.7,-0.29,4,446140,中性盘
11:05:46,1115.0,-0.7,2,223000,卖盘
11:05:49,1115.0,0.0,2,223000,卖盘
11:05:51,1115.0,0.0,2,223001,卖盘
11:05:55,1115.7,0.7,4,446280,买盘
11:05:58,1115.99,0.29,19,2119946,买盘
11:06:01,1114.99,-1.0,36,4016682,卖盘
11:06:06,1116.0,1.01,3,334800,买盘
11:06:10,1117.8,1.8,7,781917,买盘
11:06:13,1117.67,-0.13,4,447107,卖盘
11:06:16,1116.0,-1.67,15,1676231,卖盘
11:06:22,1116.49,0.49,1,111649,中性盘
11:06:25,1116.5,0.01,3,334949,买盘
11:06:28,1117.8,1.3,27,3015580,买盘
11:06:31,1116.7,-1.1,31,3464158,中性盘
11:06:34,1116.5,-0.2,4,446660,中性盘
11:06:40,1116.69,0.19,1,111669,买盘
11:06:42,1117.67,0.98,20,2233474,买盘
11:06:46,1116.7,-0.97,4,446637,中性盘
11:06:49,1116.49,-0.21,2,223416,卖盘
11:06:55,1117.58,1.09,4,446866,买盘
11:07:01,1116.01,-1.57,16,1785634,卖盘
11:07:04,1116.01,0.0,7,781207,买盘
11:07:06,1116.01,0.0,1,111601,买盘
11:07:10,1117.43,1.42,1,111743,中性盘
11:07:13,1117.5,0.07,5,558729,买盘
11:07:16,1117.99,0.49,40,4470551,买盘
11:07:17,1116.0,-1.99,83,9263541,卖盘
11:07:24,1118.0,2.0,12,1341512,买盘
11:07:28,1117.99,-0.01,1,111799,卖盘
11:07:30,1117.7,-0.29,8,894160,买盘
11:07:37,1117.5,-0.2,1,111750,买盘
11:07:40,1116.0,-1.5,7,781300,卖盘
11:07:43,1116.5,0.5,1,111650,中性盘
11:07:52,1116.0,-0.5,13,1450503,卖盘
11:07:55,1116.51,0.51,10,1116407,买盘
11:07:58,1116.55,0.04,27,3014585,买盘
11:08:01,1116.5,-0.05,6,669904,卖盘
11:08:04,1116.55,0.05,6,669922,买盘
11:08:07,1116.55,0.0,11,1228200,买盘
11:08:10,1117.0,0.45,1,111700,卖盘
11:08:13,1117.0,0.0,41,4579700,卖盘
11:08:16,1117.0,0.0,12,1340400,卖盘
11:08:19,1117.0,0.0,1,111700,卖盘
11:08:22,1117.0,0.0,10,1117276,卖盘
11:08:25,1117.68,0.68,3,335294,买盘
11:08:28,1116.5,-1.18,36,4021280,卖盘
11:08:31,1116.51,0.01,2,223151,中性盘
11:08:37,1116.0,-0.51,11,1228599,卖盘
11:08:45,1117.69,1.69,2,223469,买盘
11:08:49,1116.85,-0.84,1,111685,中性盘
11:08:52,1116.05,-0.8,1,111605,卖盘
11:08:55,1116.0,-0.05,22,2455416,卖盘
11:09:02,1116.0,0.0,1,111600,买盘
11:09:07,1116.05,0.05,5,558005,买盘
11:09:12,1116.0,-0.05,5,558015,卖盘
11:09:19,1116.05,0.05,2,223303,卖盘
11:09:22,1117.0,0.95,3,335096,买盘
11:09:25,1117.0,0.0,2,223400,买盘
11:09:28,1116.99,-0.01,2,223398,买盘
11:09:30,1116.98,-0.01,4,446796,卖盘
11:09:34,1116.98,0.0,12,1340496,卖盘
11:09:37,1116.98,0.0,6,670188,买盘
11:09:43,1117.5,0.52,1,111750,买盘
11:09:45,1117.0,-0.5,1,111700,卖盘
11:09:52,1117.0,0.0,1,111700,卖盘
11:09:54,1116.98,-0.02,11,1228734,卖盘
11:10:01,1116.97,-0.01,2,223394,买盘
11:10:02,1116.98,0.01,2,223395,买盘
11:10:07,1116.98,0.0,3,335046,买盘
11:10:15,1116.97,-0.01,3,335044,买盘
11:10:19,1117.0,0.03,15,1675474,买盘
11:10:21,1117.5,0.5,1,111750,买盘
11:10:25,1117.52,0.02,12,1341091,卖盘
11:10:28,1117.6,0.08,4,447038,买盘
11:10:31,1117.66,0.06,1,111766,中性盘
11:10:34,1117.65,-0.01,1,111765,卖盘
11:10:36,1117.69,0.04,11,1229425,买盘
11:10:40,1117.67,-0.02,9,1005907,中性盘
11:10:43,1117.69,0.02,8,894152,买盘
11:10:46,1117.7,0.01,4,447076,买盘
11:10:49,1117.69,-0.01,13,1452988,中性盘
11:10:52,1117.5,-0.19,30,3352992,卖盘
11:10:55,1117.59,0.09,9,1005756,买盘
11:10:58,1117.4,-0.19,18,2011422,卖盘
11:11:00,1117.4,0.0,4,446781,买盘
11:11:04,1117.4,0.0,6,670440,买盘
11:11:06,1117.4,0.0,8,893502,买盘
11:11:09,1117.4,0.0,14,1564342,买盘
11:11:12,1117.4,0.0,3,335218,买盘
11:11:16,1117.4,0.0,16,1787840,买盘
11:11:19,1117.54,0.14,1,111754,中性盘
11:11:22,1117.66,0.12,11,1240544,买盘
11:11:25,1117.8,0.14,25,2794233,买盘
11:11:28,1117.6,-0.2,31,3465190,卖盘
11:11:31,1117.99,0.39,6,670779,买盘
11:11:34,1117.99,0.0,25,2790501,买盘
11:11:37,1118.0,0.01,21,2347798,买盘
11:11:40,1118.06,0.06,135,15093024,买盘
11:11:43,1118.2,0.14,7,782698,买盘
11:11:47,1118.3,0.1,5,559137,买盘
11:11:49,1118.66,0.36,10,1118500,买盘
11:11:52,1118.9,0.24,51,5705755,买盘
11:11:55,1119.06,0.16,74,8280579,买盘
11:11:58,1119.1,0.04,27,3021543,买盘
11:12:01,1119.29,0.19,4,447715,买盘
11:12:02,1119.43,0.14,9,1007445,买盘
11:12:07,1119.5,0.07,19,2127030,买盘
11:12:10,1119.61,0.11,5,559776,买盘
11:12:13,1119.86,0.25,19,2127553,买盘
11:12:16,1119.89,0.03,5,559937,买盘
11:12:19,1119.94,0.05,11,1231918,买盘
11:12:22,1120.0,0.06,407,45583936,买盘
11:12:25,1120.01,0.01,53,5920331,买盘
11:12:28,1120.14,0.13,16,1792143,买盘
11:12:31,1120.59,0.45,20,2240614,买盘
11:12:33,1120.78,0.19,4,448303,买盘
11:12:37,1120.95,0.17,14,1569240,买盘
11:12:40,1120.99,0.04,3,336258,买盘
11:12:43,1121.0,0.01,52,5829098,买盘
11:12:46,1121.0,0.0,2,224200,买盘
11:12:48,1120.69,-0.31,113,12662804,卖盘
11:12:51,1121.0,0.31,11,1233090,买盘
11:12:54,1121.0,0.0,6,672528,买盘
11:12:57,1120.99,-0.01,8,896762,中性盘
11:13:01,1121.0,0.01,19,2129905,买盘
11:13:03,1121.0,0.0,10,1121001,卖盘
11:13:07,1121.01,0.01,36,4036001,买盘
11:13:09,1121.0,-0.01,6,672602,卖盘
11:13:13,1121.65,0.65,18,2018777,买盘
11:13:16,1121.5,-0.15,6,672945,卖盘
11:13:19,1121.5,0.0,18,2018845,卖盘
11:13:22,1121.5,0.0,7,785050,卖盘
11:13:25,1121.5,0.0,2,224256,中性盘
11:13:28,1121.0,-0.5,9,1008900,卖盘
11:13:31,1120.99,-0.01,17,1905746,卖盘
11:13:34,1121.49,0.5,2,224218,买盘
11:13:37,1120.0,-1.49,6,672300,卖盘
11:13:40,1120.69,0.69,4,448269,中性盘
11:13:43,1120.69,0.0,2,224069,中性盘
11:13:46,1120.0,-0.69,5,560001,卖盘
11:13:49,1120.0,0.0,27,3024044,卖盘
11:13:52,1120.0,0.0,3,336001,卖盘
11:13:54,1120.0,0.0,13,1456862,卖盘
11:13:58,1120.69,0.69,18,2016249,中性盘
11:14:01,1120.0,-0.69,1,112000,卖盘
11:14:04,1120.0,0.0,7,784168,卖盘
11:14:07,1120.0,0.0,3,336000,卖盘
11:14:10,1120.0,0.0,3,336001,卖盘
11:14:13,1120.0,0.0,28,3136001,卖盘
11:14:17,1120.63,0.63,5,560163,买盘
11:14:19,1120.0,-0.63,6,672050,卖盘
11:14:22,1120.4,0.4,2,224105,中性盘
11:14:25,1120.68,0.28,6,672264,买盘
11:14:28,1120.0,-0.68,1,112000,卖盘
11:14:31,1120.0,0.0,3,336000,卖盘
11:14:34,1120.0,0.0,14,1568087,卖盘
11:14:40,1121.0,1.0,37,4146642,买盘
11:14:43,1120.0,-1.0,8,896000,卖盘
11:14:46,1120.09,0.09,26,2912029,中性盘
11:14:49,1120.2,0.11,1,112020,中性盘
11:14:52,1120.01,-0.19,9,1008034,卖盘
11:14:55,1120.1,0.09,7,784069,买盘
11:15:00,1120.1,0.0,1,112010,卖盘
11:15:03,1120.01,-0.09,4,448030,卖盘
11:15:07,1120.01,0.0,7,784015,卖盘
11:15:10,1120.01,0.0,11,1232087,卖盘
11:15:13,1120.24,0.23,15,1680285,买盘
11:15:15,1120.0,-0.24,16,1792002,卖盘
11:15:25,1120.0,0.0,33,3696002,卖盘
11:15:28,1120.01,0.01,5,560004,买盘
11:15:30,1120.0,-0.01,18,2016000,卖盘
11:15:34,1120.0,0.0,5,560001,卖盘
11:15:36,1120.0,0.0,8,896001,卖盘
11:15:40,1120.0,0.0,26,2912000,卖盘
11:15:43,1120.0,0.0,58,6496002,卖盘
11:15:47,1120.01,0.01,92,10304092,买盘
11:15:49,1120.0,-0.01,9,1008008,卖盘
11:15:55,1120.09,0.09,12,1344010,买盘
11:15:58,1120.0,-0.09,6,672003,卖盘
11:16:01,1120.0,0.0,3,336019,卖盘
11:16:04,1120.0,0.0,1,112000,卖盘
11:16:07,1120.0,0.0,6,672000,卖盘
11:16:10,1120.0,0.0,14,1568038,卖盘
11:16:13,1120.0,0.0,9,1008000,卖盘
11:16:16,1120.0,0.0,3,336000,卖盘
11:16:19,1120.0,0.0,6,672000,卖盘
11:16:22,1120.0,0.0,20,2240008,卖盘
11:16:25,1120.0,0.0,35,3919999,卖盘
11:16:28,1120.07,0.07,28,3136015,中性盘
11:16:31,1120.0,-0.07,32,3584000,卖盘
11:16:34,1120.0,0.0,5,560000,卖盘
11:16:37,1120.0,0.0,29,3248000,卖盘
11:16:40,1120.0,0.0,11,1232000,卖盘
11:16:43,1120.0,0.0,44,4928000,卖盘
11:16:45,1120.1,0.1,16,1792116,买盘
11:16:48,1120.1,0.0,22,2464220,卖盘
11:16:52,1120.11,0.01,2,224025,中性盘
11:16:55,1120.14,0.03,15,1680158,买盘
11:16:58,1120.1,-0.04,9,1008090,卖盘
11:17:02,1120.1,0.0,5,560054,卖盘
11:17:04,1120.0,-0.1,5,560027,卖盘
11:17:07,1120.1,0.1,1,112010,买盘
11:17:10,1120.1,0.0,1,112010,买盘
11:17:13,1120.3,0.2,23,2576362,买盘
11:17:16,1120.3,0.0,7,784210,卖盘
11:17:19,1120.3,0.0,2,224060,卖盘
11:17:22,1120.3,0.0,1,112030,卖盘
11:17:25,1120.5,0.2,3,336127,买盘
11:17:28,1120.3,-0.2,8,896240,卖盘
11:17:30,1120.5,0.2,14,1568538,买盘
11:17:37,1120.3,-0.2,1,112030,卖盘
11:17:39,1120.3,0.0,31,3472180,卖盘
11:17:46,1120.0,-0.3,18,2016000,卖盘
11:17:49,1120.01,0.01,19,2128121,中性盘
11:17:52,1120.3,0.29,17,1973969,买盘
11:17:55,1120.45,0.15,2,224085,买盘
11:17:57,1120.3,-0.15,1,112030,卖盘
11:18:01,1120.3,0.0,1,112030,卖盘
11:18:04,1120.3,0.0,8,896240,卖盘
11:18:07,1120.3,0.0,1,112030,卖盘
11:18:09,1120.3,0.0,1,42571,买盘
11:18:13,1120.3,0.0,2,224060,买盘
11:18:19,1120.29,-0.01,26,2912796,中性盘
11:18:22,1120.1,-0.19,1,112010,卖盘
11:18:25,1120.35,0.25,7,853571,买盘
11:18:28,1120.1,-0.25,3,336086,卖盘
11:18:31,1120.48,0.38,1,112048,买盘
11:18:34,1120.48,0.0,3,336125,买盘
11:18:37,1120.48,0.0,4,448192,卖盘
11:18:40,1120.1,-0.38,79,8850723,卖盘
11:18:42,1120.48,0.38,1,112048,买盘
11:18:46,1120.0,-0.48,1,112000,卖盘
11:18:52,1120.0,0.0,1,112000,卖盘
11:18:55,1120.0,0.0,14,1568061,卖盘
11:18:58,1120.0,0.0,4,448020,卖盘
11:19:01,1120.0,0.0,20,2240020,卖盘
11:19:04,1120.4,0.4,3,336050,中性盘
11:19:07,1120.0,-0.4,1,112000,卖盘
11:19:10,1120.0,0.0,1,112000,卖盘
11:19:12,1120.01,0.01,1,112001,买盘
11:19:19,1120.0,-0.01,9,1008000,卖盘
11:19:21,1120.01,0.01,5,560003,买盘
11:19:25,1120.01,0.0,10,1120001,买盘
11:19:28,1120.0,-0.01,12,1344001,卖盘
11:19:30,1120.0,0.0,31,3472000,卖盘
11:19:34,1120.0,0.0,4,448000,买盘
11:19:37,1119.97,-0.03,23,2575968,卖盘
11:19:40,1120.01,0.04,8,895992,买盘
11:19:43,1120.0,-0.01,2,224000,卖盘
11:19:47,1120.0,0.0,2,226240,卖盘
11:19:49,1120.0,0.0,34,3808010,卖盘
11:19:52,1120.0,0.0,72,8063999,卖盘
11:19:55,1120.0,0.0,10,1120030,卖盘
11:19:58,1120.0,0.0,23,2574087,卖盘
11:20:00,1120.0,0.0,11,1234240,买盘
11:20:04,1120.05,0.05,2,224005,中性盘
11:20:07,1120.0,-0.05,14,1567999,卖盘
11:20:09,1120.0,0.0,2,224000,卖盘
11:20:13,1120.0,0.0,7,784032,卖盘
11:20:16,1120.01,0.01,1,112001,卖盘
11:20:19,1120.0,-0.01,5,560000,卖盘
11:20:22,1119.7,-0.3,66,7391936,卖盘
11:20:25,1119.99,0.29,22,2461562,卖盘
11:20:28,1119.96,-0.03,9,1007973,卖盘
11:20:31,1118.99,-0.97,10,1119710,卖盘
11:20:33,1119.97,0.98,17,1903207,买盘
11:20:37,1118.18,-1.79,3,335714,卖盘
11:20:47,1118.18,0.0,14,1566505,卖盘
11:20:52,1118.99,0.81,1,111899,买盘
11:20:55,1119.9,0.91,15,1678775,买盘
11:20:58,1118.18,-1.72,2,223636,卖盘
11:21:02,1118.18,0.0,10,1119801,卖盘
11:21:07,1118.18,0.0,2,223636,卖盘
11:21:13,1118.18,0.0,2,223636,卖盘
11:21:16,1119.9,1.72,1,111990,买盘
11:21:18,1119.9,0.0,2,223808,买盘
11:21:22,1119.95,0.05,9,1007895,买盘
11:21:24,1119.96,0.01,3,335981,买盘
11:21:32,1119.79,-0.17,5,536439,中性盘
11:21:34,1117.11,-2.68,11,1253606,买盘
11:21:37,1117.11,0.0,16,1763915,买盘
11:21:46,1118.18,1.07,3,335240,买盘
11:21:52,1118.18,0.0,1,111818,卖盘
11:21:55,1119.9,1.72,12,1341489,买盘
11:21:58,1119.05,-0.85,1,111905,中性盘
11:22:02,1118.18,-0.87,23,2575423,卖盘
11:22:04,1116.5,-1.68,5,558850,卖盘
11:22:07,1118.0,1.5,2,223600,买盘
11:22:10,1118.0,0.0,2,223600,买盘
11:22:12,1117.0,-1.0,13,1453300,卖盘
11:22:16,1118.0,1.0,10,1117997,买盘
11:22:19,1117.0,-1.0,6,670202,卖盘
11:22:23,1119.04,2.04,34,3800226,买盘
11:22:25,1119.48,0.44,1,111948,中性盘
11:22:28,1119.69,0.21,2,223933,买盘
11:22:31,1119.69,0.0,6,671820,卖盘
11:22:34,1119.0,-0.69,25,2797516,卖盘
11:22:39,1119.0,0.0,35,3916503,卖盘
11:22:43,1119.0,0.0,15,1678500,卖盘
11:22:46,1119.0,0.0,2,223600,买盘
11:22:49,1117.0,-2.0,2,223600,卖盘
11:22:52,1117.0,0.0,5,558305,中性盘
11:22:55,1119.03,2.03,60,6714126,买盘
11:22:58,1116.58,-2.45,4,447313,卖盘
11:23:04,1119.5,2.92,49,5484404,买盘
11:23:07,1119.5,0.0,14,1567300,卖盘
11:23:09,1119.5,0.0,13,1455369,卖盘
11:23:13,1119.5,0.0,26,2868159,卖盘
11:23:16,1116.59,-2.91,6,713900,卖盘
11:23:19,1116.52,-0.07,2,223311,卖盘
11:23:22,1119.45,2.93,2,223890,中性盘
11:23:24,1119.0,-0.45,3,335500,买盘
11:23:27,1117.0,-2.0,1,111700,卖盘
11:23:32,1116.65,-0.35,5,558325,卖盘
11:23:34,1116.29,-0.36,6,669874,卖盘
11:23:40,1116.31,0.02,3,334891,卖盘
11:23:42,1116.62,0.31,3,334943,买盘
11:23:46,1116.65,0.03,3,334995,买盘
11:23:49,1116.29,-0.36,2,223259,卖盘
11:23:52,1116.65,0.36,5,558253,买盘
11:23:55,1116.65,0.0,9,1004972,买盘
11:23:58,1116.65,0.0,2,223330,买盘
11:24:04,1116.52,-0.13,4,446646,卖盘
11:24:07,1116.65,0.13,3,334982,买盘
11:24:12,1116.75,0.1,2,223340,买盘
11:24:16,1116.73,-0.02,1,111673,中性盘
11:24:25,1118.97,2.24,2,223794,买盘
11:24:28,1118.0,-0.97,1,111800,中性盘
11:24:30,1116.65,-1.35,25,2791861,卖盘
11:24:39,1116.75,0.1,1,111675,卖盘
11:24:43,1116.75,0.0,1,111675,卖盘
11:24:46,1116.75,0.0,2,223566,卖盘
11:24:52,1118.56,1.81,1,111856,中性盘
11:24:55,1118.67,0.11,2,223734,买盘
11:25:01,1118.19,-0.48,1,111819,买盘
11:25:15,1118.58,0.39,2,223716,买盘
11:25:19,1118.58,0.0,2,223559,中性盘
11:25:25,1117.01,-1.57,7,782421,卖盘
11:25:32,1117.01,0.0,5,558505,买盘
11:25:37,1117.0,-0.01,1,111700,卖盘
11:25:40,1117.01,0.01,2,223402,买盘
11:25:43,1116.91,-0.1,5,558491,卖盘
11:25:47,1117.39,0.48,47,5249983,买盘
11:25:52,1117.5,0.11,20,2235006,卖盘
11:25:54,1118.0,0.5,5,558997,买盘
11:26:02,1118.0,0.0,3,335400,卖盘
11:26:04,1118.0,0.0,29,3242202,卖盘
11:26:07,1118.05,0.05,79,8832246,买盘
11:26:10,1118.14,0.09,6,670891,买盘
11:26:15,1118.14,0.0,2,223628,卖盘
11:26:19,1118.14,0.0,3,335476,卖盘
11:26:24,1118.48,0.34,1,111848,买盘
11:26:26,1118.07,-0.41,27,3019033,卖盘
11:26:28,1118.0,-0.07,3,335414,卖盘
11:26:33,1118.0,0.0,4,389063,卖盘
11:26:37,1118.0,0.0,16,1846836,卖盘
11:26:39,1118.0,0.0,9,1006200,买盘
11:26:42,1118.0,0.0,5,559000,买盘
11:26:52,1117.52,-0.48,46,5142527,中性盘
11:26:58,1117.98,0.46,5,558990,卖盘
11:27:02,1118.0,0.02,17,1842452,买盘
11:27:07,1118.01,0.01,6,670806,卖盘
11:27:10,1118.0,-0.01,17,1900565,卖盘
11:27:13,1118.0,0.0,13,1453401,卖盘
11:27:17,1118.01,0.01,4,447204,买盘
11:27:18,1118.01,0.0,2,223603,中性盘
11:27:22,1118.01,0.0,4,447204,中性盘
11:27:24,1118.02,0.01,44,4977348,买盘
11:27:28,1118.0,-0.02,21,2347806,卖盘
11:27:32,1117.51,-0.49,24,2682360,卖盘
11:27:34,1117.29,-0.22,65,7267102,卖盘
11:27:37,1117.9,0.61,4,447098,中性盘
11:27:40,1117.99,0.09,2,223589,中性盘
11:27:43,1117.54,-0.45,52,5815044,中性盘
11:27:47,1118.0,0.46,5,558852,中性盘
11:27:49,1119.0,1.0,4,447500,买盘
11:27:52,1119.0,0.0,1,111900,卖盘
11:27:54,1119.0,0.0,2,223800,卖盘
11:27:58,1119.0,0.0,1,111900,卖盘
11:28:03,1119.0,0.0,27,3021320,卖盘
11:28:07,1119.2,0.2,30,3357113,买盘
11:28:10,1119.5,0.3,20,2238863,买盘
11:28:17,1119.46,-0.04,6,671446,中性盘
11:28:19,1119.5,0.04,17,1821426,买盘
11:28:22,1119.0,-0.5,23,2574187,卖盘
11:28:25,1119.66,0.66,1,111966,买盘
11:28:28,1119.5,-0.16,12,1343416,卖盘
11:28:30,1119.5,0.0,5,559798,卖盘
11:28:34,1119.5,0.0,22,2462957,卖盘
11:28:39,1119.69,0.19,4,447879,卖盘
11:28:43,1119.51,-0.18,3,335852,中性盘
11:28:47,1120.0,0.49,165,18479138,买盘
11:28:49,1120.01,0.01,16,1792001,买盘
11:28:52,1120.0,-0.01,4,448000,卖盘
11:28:54,1120.0,0.0,2,224000,卖盘
11:28:58,1120.01,0.01,5,560003,买盘
11:29:02,1119.7,-0.31,53,5935441,卖盘
11:29:04,1120.0,0.3,4,448001,卖盘
11:29:07,1120.01,0.01,5,560002,买盘
11:29:10,1120.0,-0.01,7,784001,卖盘
11:29:12,1120.07,0.07,27,3024028,买盘
11:29:16,1120.0,-0.07,14,1568016,卖盘
11:29:19,1120.0,0.0,26,2912000,卖盘
11:29:22,1120.0,0.0,51,5712000,卖盘
11:29:24,1120.0,0.0,29,3248000,卖盘
11:29:28,1120.0,0.0,40,4480002,买盘
11:29:32,1120.0,0.0,12,1344002,卖盘
11:29:34,1120.0,0.0,14,1568000,卖盘
11:29:37,1120.0,0.0,5,560000,卖盘
11:29:40,1120.0,0.0,19,2128000,卖盘
11:29:43,1120.0,0.0,14,1568001,卖盘
11:29:47,1120.0,0.0,2,224000,卖盘
11:29:48,1120.0,0.0,60,6720001,卖盘
11:29:55,1120.0,0.0,22,2464000,卖盘
11:29:58,1120.0,0.0,27,3024000,卖盘
11:30:02,1120.0,0.0,1,112000,卖盘
13:00:02,1120.1,0.1,169,19018597,买盘
13:00:05,1120.0,-0.1,170,19017104,卖盘
13:00:08,1120.0,0.0,7,784037,卖盘
13:00:10,1120.1,0.1,11,1232099,买盘
13:00:15,1120.18,0.08,26,2912269,买盘
13:00:17,1120.21,0.03,14,1568277,买盘
13:00:20,1120.0,-0.21,26,2912087,卖盘
13:00:23,1120.32,0.32,3,336076,买盘
13:00:26,1120.3,-0.02,10,1120292,买盘
13:00:29,1120.3,0.0,9,1008261,买盘
13:00:32,1120.32,0.02,26,2913258,买盘
13:00:36,1120.65,0.33,2,224127,买盘
13:00:38,1120.9,0.25,9,1008780,买盘
13:00:39,1120.67,-0.23,2,224144,卖盘
13:00:45,1121.0,0.33,27,3026679,买盘
13:00:46,1120.77,-0.23,12,1345111,中性盘
13:00:50,1121.0,0.23,5,560497,买盘
13:00:53,1121.0,0.0,3,336300,买盘
13:00:57,1121.0,0.0,1,112100,买盘
13:00:59,1120.82,-0.18,3,336282,中性盘
13:01:02,1120.98,0.16,4,448392,中性盘
13:01:05,1120.87,-0.11,2,224179,卖盘
13:01:08,1120.87,0.0,4,448348,中性盘
13:01:12,1120.77,-0.1,6,672551,卖盘
13:01:15,1120.98,0.21,1,112098,买盘
13:01:20,1120.35,-0.63,1,112035,卖盘
13:01:23,1120.32,-0.03,4,448137,卖盘
13:01:27,1120.01,-0.31,2,224002,中性盘
13:01:29,1120.37,0.36,26,2912883,买盘
13:01:32,1120.37,0.0,8,896602,卖盘
13:01:35,1120.77,0.4,1,112077,中性盘
13:01:41,1120.77,0.0,5,560385,卖盘
13:01:44,1120.78,0.01,17,1905323,买盘
13:01:50,1120.83,0.05,1,112083,卖盘
13:01:57,1121.0,0.17,43,4820220,买盘
13:02:00,1121.06,0.06,4,448421,买盘
13:02:02,1121.0,-0.06,5,560528,卖盘
13:02:06,1121.06,0.06,1,112106,卖盘
13:02:11,1121.0,-0.06,2,224210,卖盘
13:02:17,1121.0,0.0,25,2802506,卖盘
13:02:20,1121.09,0.09,5,560528,中性盘
13:02:23,1121.0,-0.09,3,336300,卖盘
13:02:26,1121.0,0.0,6,672600,卖盘
13:02:29,1120.78,-0.22,9,1008774,卖盘
13:02:32,1121.0,0.22,5,560434,买盘
13:02:36,1120.77,-0.23,7,784543,卖盘
13:02:37,1120.0,-0.77,11,1232008,卖盘
13:02:39,1120.77,0.77,2,224154,买盘
13:02:42,1120.0,-0.77,2,224077,卖盘
13:02:47,1120.0,0.0,3,336000,卖盘
13:02:50,1120.78,0.78,3,336235,买盘
13:02:53,1120.77,-0.01,3,336258,卖盘
13:02:57,1120.99,0.22,5,560396,买盘
13:02:59,1120.99,0.0,1,112099,买盘
13:03:02,1120.0,-0.99,2,224000,卖盘
13:03:05,1120.0,0.0,2,224000,卖盘
13:03:14,1120.0,0.0,4,448003,卖盘
13:03:15,1120.97,0.97,39,4368289,买盘
13:03:20,1120.02,-0.95,2,224089,中性盘
13:03:26,1120.02,0.0,3,336138,卖盘
13:03:29,1120.02,0.0,2,224004,卖盘
13:03:35,1120.02,0.0,2,224004,卖盘
13:03:41,1120.1,0.08,6,672369,卖盘
13:03:43,1120.8,0.7,4,448341,中性盘
13:03:53,1120.1,-0.7,2,224020,卖盘
13:03:57,1120.1,0.0,2,224054,卖盘
13:03:59,1120.1,0.0,7,784406,卖盘
13:04:03,1120.1,0.0,1,112010,卖盘
13:04:05,1120.5,0.4,2,224060,中性盘
13:04:08,1120.72,0.22,1,112072,买盘
13:04:11,1120.77,0.05,6,672388,买盘
13:04:15,1120.02,-0.75,9,1008026,卖盘
13:04:17,1120.02,0.0,8,896016,买盘
13:04:24,1120.0,-0.02,1,112000,卖盘
13:04:26,1120.0,0.0,20,2240000,卖盘
13:04:29,1120.0,0.0,14,1568004,卖盘
13:04:32,1120.0,0.0,4,448006,卖盘
13:04:36,1120.0,0.0,1,112000,卖盘
13:04:38,1120.1,0.1,8,896020,买盘
13:04:42,1120.02,-0.08,3,336014,卖盘
13:04:45,1120.1,0.08,15,1680150,买盘
13:04:48,1120.9,0.8,13,1457091,买盘
13:04:50,1120.9,0.0,3,336270,卖盘
13:04:57,1120.9,0.0,6,672542,卖盘
13:05:03,1120.9,0.0,2,224180,卖盘
13:05:05,1120.9,0.0,2,224180,中性盘
13:05:07,1120.9,0.0,1,112090,买盘
13:05:11,1120.1,-0.8,1,112010,卖盘
13:05:14,1120.1,0.0,24,2688240,卖盘
13:05:15,1120.1,0.0,3,336110,卖盘
13:05:20,1120.11,0.01,8,896562,中性盘
13:05:23,1120.9,0.79,1,112090,买盘
13:05:33,1120.9,0.0,9,1008810,买盘
13:05:35,1120.9,0.0,3,336270,卖盘
13:05:38,1120.9,0.0,5,560463,卖盘
13:05:41,1120.97,0.07,11,1232605,买盘
13:05:50,1120.2,-0.77,8,896152,买盘
13:05:54,1120.2,0.0,1,112020,卖盘
13:05:57,1120.88,0.68,9,1008520,买盘
13:06:00,1120.2,-0.68,5,560100,卖盘
13:06:05,1120.2,0.0,3,336130,买盘
13:06:11,1120.12,-0.08,17,1904318,卖盘
13:06:15,1120.12,0.0,6,672071,买盘
13:06:17,1120.11,-0.01,8,896091,卖盘
13:06:21,1120.12,0.01,4,448045,买盘
13:06:23,1120.11,-0.01,2,224022,卖盘
13:06:24,1120.11,0.0,9,1008101,卖盘
13:06:27,1120.12,0.01,37,4144402,买盘
13:06:33,1120.0,-0.12,13,1456018,卖盘
13:06:33,1120.0,0.0,88,9856000,卖盘
13:06:37,1120.0,0.0,91,10191934,卖盘
13:06:41,1119.99,-0.01,35,3919929,中性盘
13:06:44,1119.99,0.0,24,2687860,买盘
13:06:47,1120.0,0.01,25,2799967,买盘
13:06:50,1120.0,0.0,15,1679897,买盘
13:06:52,1119.95,-0.05,23,2576154,卖盘
13:06:56,1119.95,0.0,2,223990,卖盘
13:06:59,1119.95,0.0,33,3695730,卖盘
13:07:03,1119.95,0.0,73,8173309,买盘
13:07:05,1119.95,0.0,12,1343944,买盘
13:07:08,1119.95,0.0,45,5039774,卖盘
13:07:11,1119.95,0.0,25,2799875,卖盘
13:07:14,1119.99,0.04,3,335993,买盘
13:07:17,1119.95,-0.04,2,223990,卖盘
13:07:20,1120.0,0.05,29,3247985,买盘
13:07:23,1120.0,0.0,7,784000,卖盘
13:07:26,1120.0,0.0,27,3024000,卖盘
13:07:30,1120.0,0.0,7,784004,卖盘
13:07:30,1120.0,0.0,3,336002,卖盘
13:07:33,1120.0,0.0,3,336000,卖盘
13:07:38,1120.0,0.0,3,336000,卖盘
13:07:41,1120.0,0.0,1,112000,卖盘
13:07:45,1120.0,0.0,6,672000,卖盘
13:07:48,1120.0,0.0,29,3248001,卖盘
13:07:50,1120.0,0.0,13,1456010,卖盘
13:07:53,1120.0,0.0,7,784001,卖盘
13:07:56,1120.01,0.01,22,2464003,买盘
13:07:59,1120.0,-0.01,2,224001,卖盘
13:08:03,1120.1,0.1,25,2800156,买盘
13:08:05,1120.01,-0.09,6,672051,卖盘
13:08:08,1120.58,0.57,67,7505753,买盘
13:08:11,1120.58,0.0,20,2241280,卖盘
13:08:14,1120.58,0.0,2,224116,卖盘
13:08:22,1120.58,0.0,4,448232,买盘
13:08:26,1120.01,-0.57,1,112001,卖盘
13:08:28,1120.88,0.87,4,448264,买盘
13:08:32,1120.01,-0.87,2,224058,卖盘
13:08:36,1120.58,0.57,4,448322,中性盘
13:08:38,1120.01,-0.57,2,224002,卖盘
13:08:42,1119.97,-0.04,4,447988,卖盘
13:08:42,1120.58,0.61,9,1008172,买盘
13:08:48,1120.0,-0.58,1,112000,中性盘
13:08:53,1119.97,-0.03,4,448094,卖盘
13:08:56,1119.97,0.0,3,335991,卖盘
13:08:59,1120.58,0.61,8,896429,买盘
13:09:03,1120.5,-0.08,4,448205,卖盘
13:09:05,1119.97,-0.53,25,2799948,卖盘
13:09:08,1119.97,0.0,3,335989,卖盘
13:09:11,1119.97,0.0,6,672012,卖盘
13:09:14,1119.97,0.0,1,111997,卖盘
13:09:20,1120.0,0.03,3,336000,买盘
13:09:23,1119.97,-0.03,7,783979,卖盘
13:09:26,1119.97,0.0,3,335991,卖盘
13:09:29,1119.97,0.0,25,2799938,买盘
13:09:33,1120.5,0.53,28,3136528,买盘
13:09:35,1120.5,0.0,3,336150,卖盘
13:09:39,1120.5,0.0,8,896434,卖盘
13:09:41,1120.56,0.06,25,2801268,中性盘
13:09:45,1120.56,0.0,1,112056,卖盘
13:09:47,1120.5,-0.06,65,7283304,卖盘
13:09:50,1120.0,-0.5,15,1680090,卖盘
13:09:53,1119.97,-0.03,5,559985,卖盘
13:09:56,1119.92,-0.05,9,1007968,卖盘
13:10:00,1119.97,0.05,14,1567951,卖盘
13:10:02,1119.2,-0.77,13,1455462,卖盘
13:10:04,1119.2,0.0,24,2686700,中性盘
13:10:09,1119.97,0.77,21,2351454,买盘
13:10:11,1119.97,0.0,20,2239966,中性盘
13:10:14,1119.97,0.0,6,671980,买盘
13:10:17,1119.97,0.0,20,2239975,买盘
13:10:21,1119.97,0.0,3,335990,买盘
13:10:23,1119.97,0.0,17,1903949,卖盘
13:10:27,1120.5,0.53,40,4481092,买盘
13:10:29,1120.5,0.0,6,672300,卖盘
13:10:32,1120.5,0.0,38,4257900,卖盘
13:10:36,1120.55,0.05,4,448219,买盘
13:10:38,1120.5,-0.05,11,1232560,卖盘
13:10:41,1120.5,0.0,13,1456656,卖盘
13:10:44,1120.0,-0.5,4,448100,卖盘
13:10:47,1120.0,0.0,4,447998,买盘
13:10:50,1120.04,0.04,2,224008,买盘
13:10:52,1120.0,-0.04,2,224001,卖盘
13:10:56,1120.0,0.0,1,112000,买盘
13:10:59,1120.03,0.03,1,112003,买盘
13:11:02,1120.03,0.0,4,448009,中性盘
13:11:05,1120.03,0.0,1,112003,卖盘
13:11:12,1120.0,-0.03,5,560000,卖盘
13:11:20,1120.0,0.0,8,896003,卖盘
13:11:23,1120.0,0.0,20,2240102,买盘
13:11:25,1119.97,-0.03,10,1119993,卖盘
13:11:29,1119.2,-0.77,4,447680,卖盘
13:11:32,1120.0,0.8,15,1679904,买盘
13:11:35,1119.97,-0.03,5,559908,卖盘
13:11:38,1120.0,0.03,70,7839920,买盘
13:11:41,1120.8,0.8,134,15012159,买盘
13:11:44,1120.8,0.0,59,6612720,卖盘
13:11:47,1120.8,0.0,15,1681206,卖盘
13:11:50,1120.8,0.0,2,224080,中性盘
13:11:54,1120.0,-0.8,5,560319,卖盘
13:11:56,1120.0,0.0,9,1008000,中性盘
13:12:00,1119.98,-0.02,3,335897,卖盘
13:12:02,1119.0,-0.98,2,223800,卖盘
13:12:06,1119.0,0.0,3,335700,卖盘
13:12:07,1119.0,0.0,2,223800,卖盘
13:12:09,1118.88,-0.12,1,111888,卖盘
13:12:14,1118.88,0.0,2,223776,卖盘
13:12:17,1119.0,0.12,14,1566251,买盘
13:12:20,1118.88,-0.12,4,447376,中性盘
13:12:23,1118.0,-0.88,2,223688,卖盘
13:12:27,1117.05,-0.95,2,223410,卖盘
13:12:29,1117.01,-0.04,2,223406,卖盘
13:12:30,1117.05,0.04,1,111705,买盘
13:12:35,1117.05,0.0,6,670230,买盘
13:12:37,1117.05,0.0,2,223406,买盘
13:12:42,1117.01,-0.04,1,111701,卖盘
13:12:44,1117.19,0.18,7,782546,中性盘
13:12:47,1117.05,-0.14,2,223410,卖盘
13:12:50,1117.19,0.14,4,446843,买盘
13:12:53,1117.05,-0.14,2,223410,买盘
13:12:54,1117.19,0.14,10,1117190,买盘
13:12:59,1117.0,-0.19,3,335100,卖盘
13:13:02,1117.01,0.01,9,1005354,卖盘
13:13:05,1117.0,-0.01,10,1117000,卖盘
13:13:09,1117.21,0.21,9,1005448,买盘
13:13:09,1117.21,0.0,20,2234420,卖盘
13:13:13,1117.21,0.0,4,446884,卖盘
13:13:17,1117.21,0.0,25,2793025,卖盘
13:13:20,1117.21,0.0,7,782236,卖盘
13:13:23,1117.21,0.0,3,335321,卖盘
13:13:24,1117.15,-0.06,5,558758,卖盘
13:13:32,1117.21,0.06,2,223422,买盘
13:13:35,1117.0,-0.21,11,1228766,卖盘
13:13:39,1117.0,0.0,10,1116984,卖盘
13:13:41,1116.65,-0.35,6,669931,卖盘
13:13:42,1116.02,-0.63,3,334834,卖盘
13:13:45,1116.0,-0.02,5,558004,卖盘
13:13:50,1116.0,0.0,7,781204,卖盘
13:13:53,1116.16,0.16,8,892866,买盘
13:13:56,1115.24,-0.92,19,2120308,卖盘
13:13:59,1116.0,0.76,2,223180,买盘
13:14:00,1115.1,-0.9,2,223110,卖盘
13:14:06,1116.0,0.9,6,669597,买盘
13:14:11,1115.97,-0.03,3,334791,买盘
13:14:14,1116.0,0.03,11,1227291,买盘
13:14:17,1116.0,0.0,4,446400,买盘
13:14:20,1116.01,0.01,13,1450643,买盘
13:14:23,1115.11,-0.9,18,2007674,卖盘
13:14:27,1115.3,0.19,4,446082,买盘
13:14:29,1115.11,-0.19,4,446082,卖盘
13:14:32,1115.3,0.19,1,111530,卖盘
13:14:35,1118.8,3.5,17,1901875,买盘
13:14:38,1116.05,-2.75,4,446197,买盘
13:14:41,1116.0,-0.05,4,443717,买盘
13:14:44,1116.0,0.0,3,335376,卖盘
13:14:47,1115.98,-0.02,1,111598,中性盘
13:14:48,1116.0,0.02,5,561346,买盘
13:14:53,1116.0,0.0,4,446685,卖盘
13:14:56,1116.0,0.0,8,893952,卖盘
13:14:59,1118.85,2.85,2,223485,中性盘
13:15:02,1118.85,0.0,1,111885,中性盘
13:15:05,1118.88,0.03,1,111888,买盘
13:15:08,1118.88,0.0,2,223776,买盘
13:15:11,1116.02,-2.86,3,334902,卖盘
13:15:14,1118.88,2.86,7,783182,买盘
13:15:17,1118.88,0.0,1,111888,买盘
13:15:20,1118.87,-0.01,1,111887,中性盘
13:15:23,1118.0,-0.87,8,893518,买盘
13:15:27,1118.0,0.0,12,1340916,买盘
13:15:33,1116.02,-1.98,6,669684,卖盘
13:15:35,1116.02,0.0,5,558016,卖盘
13:15:38,1116.02,0.0,8,892823,中性盘
13:15:39,1116.01,-0.01,4,446406,卖盘
13:15:44,1116.0,-0.01,2,223201,卖盘
13:15:47,1116.0,0.0,10,1116000,卖盘
13:15:50,1116.07,0.07,6,669637,买盘
13:15:53,1116.08,0.01,4,446425,买盘
13:15:56,1116.06,-0.02,1,111606,卖盘
13:15:59,1116.08,0.02,3,334824,买盘
13:16:00,1116.07,-0.01,1,111607,中性盘
13:16:05,1116.06,-0.01,6,669646,卖盘
13:16:08,1116.02,-0.04,1,111602,卖盘
13:16:11,1116.04,0.02,3,334814,中性盘
13:16:14,1116.01,-0.03,3,334812,卖盘
13:16:17,1116.04,0.03,4,446416,买盘
13:16:20,1116.0,-0.04,4,446413,卖盘
13:16:23,1116.05,0.05,3,334815,卖盘
13:16:29,1116.05,0.0,2,223212,卖盘
13:16:35,1116.05,0.0,1,111605,卖盘
13:16:38,1118.0,1.95,18,2012239,买盘
13:16:41,1116.05,-1.95,2,223211,卖盘
13:16:45,1117.98,1.93,8,894150,买盘
13:16:45,1116.06,-1.92,1,111606,卖盘
13:16:50,1117.88,1.82,1,111788,买盘
13:17:00,1117.42,-0.46,1,111742,中性盘
13:17:02,1118.0,0.58,50,5589965,买盘
13:17:05,1118.05,0.05,8,894393,买盘
13:17:07,1117.9,-0.15,1,111790,卖盘
13:17:11,1118.75,0.85,1,111875,买盘
13:17:20,1118.84,0.09,6,671272,买盘
13:17:22,1118.88,0.04,11,1230759,买盘
13:17:27,1118.84,-0.04,2,223768,卖盘
13:17:30,1118.87,0.03,1,111887,买盘
13:17:32,1118.88,0.01,3,335663,买盘
13:17:35,1118.87,-0.01,2,223775,中性盘
13:17:38,1118.84,-0.03,4,447536,买盘
13:17:44,1118.82,-0.02,1,111882,卖盘
13:17:47,1118.82,0.0,4,447528,卖盘
13:17:50,1118.88,0.06,9,1006964,买盘
13:17:54,1118.88,0.0,2,223776,买盘
13:17:57,1118.88,0.0,2,223775,买盘
13:18:02,1118.84,-0.04,3,335660,卖盘
13:18:05,1118.99,0.15,3,335675,买盘
13:18:08,1119.0,0.01,6,671367,买盘
13:18:11,1119.0,0.0,3,335678,买盘
13:18:14,1119.0,0.0,1,111900,买盘
13:18:17,1119.0,0.0,16,1790265,买盘
13:18:20,1118.99,-0.01,1,111899,卖盘
13:18:22,1119.8,0.81,1,111980,中性盘
13:18:29,1119.9,0.1,3,335966,买盘
13:18:32,1120.0,0.1,61,6831451,买盘
13:18:35,1120.0,0.0,2,224000,买盘
13:18:38,1120.0,0.0,19,2128000,买盘
13:18:41,1120.0,0.0,6,671997,买盘
13:18:47,1120.0,0.0,10,1120000,买盘
13:18:50,1119.95,-0.05,2,223995,卖盘
13:18:53,1119.95,0.0,47,5263947,卖盘
13:18:56,1119.95,0.0,1,111995,买盘
13:18:59,1120.0,0.05,4,447985,买盘
13:19:02,1119.83,-0.17,2,223966,卖盘
13:19:05,1119.83,0.0,1,111983,卖盘
13:19:08,1119.83,0.0,1,111983,卖盘
13:19:11,1119.9,0.07,2,223973,中性盘
13:19:14,1119.0,-0.9,8,895738,卖盘
13:19:20,1118.99,-0.01,1,111899,卖盘
13:19:23,1119.83,0.84,6,671480,买盘
13:19:29,1119.87,0.04,2,223966,中性盘
13:19:32,1119.79,-0.08,6,671874,卖盘
13:19:35,1119.79,0.0,6,671724,买盘
13:19:41,1119.0,-0.79,8,895205,卖盘
13:19:44,1119.0,0.0,10,1119000,卖盘
13:19:50,1119.0,0.0,3,335700,卖盘
13:19:53,1119.0,0.0,6,671402,卖盘
13:19:56,1119.01,0.01,25,2797505,买盘
13:20:00,1119.0,-0.01,3,335701,卖盘
13:20:05,1119.01,0.01,3,335706,卖盘
13:20:08,1119.01,0.0,3,335703,卖盘
13:20:11,1119.0,-0.01,13,1454701,卖盘
13:20:14,1119.0,0.0,2,223800,中性盘
13:20:20,1119.99,0.99,104,11643793,买盘
13:20:23,1119.99,0.0,5,559885,买盘
13:20:26,1118.0,-1.99,1,111800,卖盘
13:20:29,1118.0,0.0,6,670800,卖盘
13:20:32,1118.0,0.0,1,111800,卖盘
13:20:35,1118.0,0.0,16,1788800,卖盘
13:20:38,1118.88,0.88,2,223776,买盘
13:20:41,1118.0,-0.88,6,670800,卖盘
13:20:44,1118.0,0.0,4,447200,卖盘
13:20:47,1118.0,0.0,23,2573269,卖盘
13:20:50,1118.93,0.93,3,335679,中性盘
13:20:53,1119.45,0.52,3,335731,中性盘
13:20:54,1118.93,-0.52,2,223786,卖盘
13:20:59,1118.0,-0.93,2,223600,卖盘
13:21:02,1118.01,0.01,5,559002,中性盘
13:21:05,1118.01,0.0,1,111801,中性盘
13:21:08,1118.0,-0.01,4,447200,卖盘
13:21:11,1118.0,0.0,7,782600,卖盘
13:21:14,1118.0,0.0,109,12205602,卖盘
13:21:18,1117.91,-0.09,3,335374,卖盘
13:21:22,1117.9,-0.01,26,2906541,卖盘
13:21:26,1117.94,0.04,7,782551,买盘
13:21:29,1117.94,0.0,2,223588,卖盘
13:21:32,1117.94,0.0,1,111794,卖盘
13:21:36,1117.94,0.0,4,447181,卖盘
13:21:38,1117.99,0.05,11,1229784,买盘
13:21:44,1118.0,0.01,6,670800,买盘
13:21:47,1118.0,0.0,7,782600,买盘
13:21:50,1117.99,-0.01,12,1341591,卖盘
13:21:53,1118.0,0.01,3,335405,中性盘
13:21:56,1118.0,0.0,1,111800,中性盘
13:21:57,1118.0,0.0,1,111800,卖盘
13:22:02,1118.0,0.0,2,223600,卖盘
13:22:05,1118.0,0.0,2,223600,卖盘
13:22:08,1118.0,0.0,3,335583,卖盘
13:22:10,1119.83,1.83,6,671347,中性盘
13:22:12,1119.82,-0.01,4,447928,买盘
13:22:15,1118.0,-1.82,3,335401,卖盘
13:22:18,1118.0,0.0,3,335400,买盘
13:22:23,1119.82,1.82,10,1118182,买盘
13:22:26,1118.05,-1.77,2,223787,中性盘
13:22:28,1119.82,1.77,5,559910,买盘
13:22:32,1119.11,-0.71,1,111911,卖盘
13:22:35,1119.11,0.0,3,335735,卖盘
13:22:38,1118.1,-1.01,8,895262,卖盘
13:22:41,1119.82,1.72,3,335774,买盘
13:22:44,1118.01,-1.81,2,223602,中性盘
13:22:47,1119.98,1.97,3,335994,买盘
13:22:53,1119.82,-0.16,6,670992,买盘
13:22:57,1118.0,-1.82,1,111800,卖盘
13:23:02,1118.01,0.01,5,559793,中性盘
13:23:05,1119.82,1.81,6,671775,中性盘
13:23:08,1118.01,-1.81,16,1789173,卖盘
13:23:10,1118.0,-0.01,4,447202,卖盘
13:23:14,1118.0,0.0,11,1230125,卖盘
13:23:17,1119.12,1.12,5,559113,买盘
13:23:23,1119.65,0.53,8,895341,买盘
13:23:26,1118.02,-1.63,4,447208,卖盘
13:23:30,1118.02,0.0,14,1565880,卖盘
13:23:32,1118.01,-0.01,5,559107,卖盘
13:23:35,1117.99,-0.02,15,1676998,卖盘
13:23:37,1117.9,-0.09,27,3018524,卖盘
13:23:41,1117.9,0.0,92,10284680,卖盘
13:23:44,1117.9,0.0,83,9278570,卖盘
13:23:47,1117.49,-0.41,4,447031,中性盘
13:23:50,1116.98,-0.51,8,893598,卖盘
13:23:53,1116.66,-0.32,7,781832,卖盘
13:23:56,1116.1,-0.56,4,446555,卖盘
13:23:59,1116.08,-0.02,3,335006,卖盘
13:24:02,1116.13,0.05,8,892871,买盘
13:24:05,1116.1,-0.03,5,558259,卖盘
13:24:08,1116.01,-0.09,3,334810,卖盘
13:24:09,1116.08,0.07,1,111608,中性盘
13:24:14,1116.01,-0.07,2,223201,中性盘
13:24:20,1116.47,0.46,5,558152,买盘
13:24:23,1116.11,-0.36,2,223258,卖盘
13:24:26,1116.5,0.39,2,223297,买盘
13:24:29,1116.48,-0.02,1,111648,卖盘
13:24:32,1116.48,0.0,2,223296,卖盘
13:24:38,1116.48,0.0,2,223297,卖盘
13:24:41,1116.5,0.02,2,223299,买盘
13:24:44,1118.01,1.51,10,1117554,买盘
13:24:47,1116.55,-1.46,1,111655,中性盘
13:24:50,1118.01,1.46,1,111801,买盘
13:24:56,1118.0,-0.01,5,558850,中性盘
13:24:59,1118.0,0.0,1,111800,买盘
13:25:03,1117.0,-1.0,6,669979,中性盘
13:25:08,1118.0,1.0,1,111800,买盘
13:25:15,1117.96,-0.04,2,223456,中性盘
13:25:20,1116.6,-1.36,3,334980,卖盘
13:25:23,1117.99,1.39,8,894392,买盘
13:25:26,1117.98,-0.01,2,223596,买盘
13:25:29,1116.6,-1.38,1,111660,卖盘
13:25:32,1116.59,-0.01,2,223458,卖盘
13:25:35,1116.61,0.02,8,893475,买盘
13:25:39,1116.5,-0.11,15,1675431,卖盘
13:25:39,1116.58,0.08,5,558260,中性盘
13:25:44,1116.51,-0.07,7,781565,中性盘
13:25:47,1116.5,-0.01,15,1674767,卖盘
13:25:50,1116.49,-0.01,19,2121346,卖盘
13:25:53,1116.48,-0.01,8,893227,卖盘
13:25:56,1116.48,0.0,11,1228128,卖盘
13:25:57,1116.47,-0.01,4,446591,卖盘
13:26:02,1116.47,0.0,19,2121297,卖盘
13:26:05,1116.47,0.0,4,446584,卖盘
13:26:08,1116.4,-0.07,1,111640,卖盘
13:26:09,1116.42,0.02,2,223289,中性盘
13:26:14,1116.33,-0.09,2,223280,中性盘
13:26:17,1116.45,0.12,2,223292,中性盘
13:26:20,1116.32,-0.13,2,223277,卖盘
13:26:23,1116.47,0.15,9,1004779,买盘
13:26:29,1116.45,-0.02,3,334935,卖盘
13:26:33,1116.5,0.05,1,111650,买盘
13:26:38,1116.6,0.1,8,893220,买盘
13:26:44,1116.6,0.0,3,334980,卖盘
13:26:47,1116.6,0.0,3,334980,卖盘
13:26:50,1117.24,0.64,4,446831,买盘
13:26:53,1116.83,-0.41,1,111683,卖盘
13:27:02,1118.0,1.17,7,782144,买盘
13:27:03,1116.68,-1.32,2,223357,卖盘
13:27:14,1118.0,1.32,1,111800,买盘
13:27:20,1118.0,0.0,4,447200,买盘
13:27:23,1116.83,-1.17,1,111683,卖盘
13:27:26,1118.0,1.17,1,111800,买盘
13:27:38,1116.84,-1.16,1,111684,卖盘
13:27:42,1116.85,0.01,1,111685,卖盘
13:27:45,1117.0,0.15,1,111700,买盘
13:27:48,1117.0,0.0,3,335300,卖盘
13:27:59,1117.0,0.0,5,558500,卖盘
13:28:02,1116.84,-0.16,3,335084,卖盘
13:28:03,1116.83,-0.01,4,446966,卖盘
13:28:17,1116.84,0.01,1,111684,卖盘
13:28:20,1118.0,1.16,7,782484,买盘
13:28:23,1118.0,0.0,2,223484,买盘
13:28:25,1116.84,-1.16,2,223368,卖盘
13:28:29,1118.0,1.16,1,111800,买盘
13:28:32,1116.84,-1.16,2,223484,卖盘
13:28:35,1118.0,1.16,1,111800,买盘
13:28:38,1116.84,-1.16,4,446736,卖盘
13:28:41,1116.84,0.0,4,446727,买盘
13:28:44,1116.73,-0.11,3,335003,买盘
13:28:47,1116.7,-0.03,1,111670,中性盘
13:28:50,1116.71,0.01,12,1339952,中性盘
13:28:53,1116.72,0.01,8,893374,买盘
13:28:56,1116.61,-0.11,2,223322,卖盘
13:28:59,1116.5,-0.11,5,558261,卖盘
13:29:02,1116.6,0.1,2,223331,卖盘
13:29:05,1116.55,-0.05,7,781566,中性盘
13:29:08,1116.5,-0.05,1,111650,中性盘
13:29:14,1116.71,0.21,2,223331,买盘
13:29:17,1116.65,-0.06,1,111665,卖盘
13:29:18,1116.71,0.06,2,223342,买盘
13:29:23,1116.71,0.0,3,335013,卖盘
13:29:29,1116.72,0.01,3,335016,买盘
13:29:35,1116.84,0.12,4,446736,买盘
13:29:38,1116.86,0.02,3,335061,卖盘
13:29:41,1116.86,0.0,2,223372,卖盘
13:29:47,1116.88,0.02,12,1340644,卖盘
13:29:50,1118.0,1.12,3,335288,买盘
13:29:54,1116.86,-1.14,5,558436,卖盘
13:29:57,1116.89,0.03,4,446977,中性盘
13:30:03,1116.89,0.0,2,223378,卖盘
13:30:08,1116.88,-0.01,4,446754,卖盘
13:30:11,1116.86,-0.02,2,223372,卖盘
13:30:14,1116.86,0.0,1,111686,中性盘
13:30:17,1118.02,1.16,12,1341603,买盘
13:30:20,1118.02,0.0,1,111802,卖盘
13:30:23,1116.89,-1.13,5,559088,卖盘
13:30:29,1118.5,1.61,1,111850,买盘
13:30:35,1118.5,0.0,3,335550,中性盘
13:30:38,1119.0,0.5,7,783209,买盘
13:30:41,1119.0,0.0,7,783269,卖盘
13:30:44,1119.0,0.0,1,111900,卖盘
13:30:50,1119.46,0.46,1,111946,买盘
13:30:53,1119.5,0.04,17,1903005,买盘
13:30:56,1118.93,-0.57,5,559493,卖盘
13:30:59,1119.52,0.59,24,2683740,买盘
13:31:02,1119.88,0.36,16,1791528,买盘
13:31:08,1119.53,-0.35,2,223933,卖盘
13:31:11,1119.96,0.43,9,1007780,买盘
13:31:14,1119.96,0.0,3,335988,买盘
13:31:15,1119.52,-0.44,2,223932,卖盘
13:31:20,1119.97,0.45,17,1903612,买盘
13:31:23,1119.99,0.02,12,1343880,买盘
13:31:29,1119.5,-0.49,3,335850,卖盘
13:31:30,1120.0,0.5,149,16687899,买盘
13:31:35,1119.95,-0.05,2,223945,中性盘
13:31:47,1119.5,-0.45,19,2127823,卖盘
13:31:50,1119.9,0.4,2,223978,买盘
13:31:53,1119.0,-0.9,5,559702,卖盘
13:31:56,1119.52,0.52,2,223904,卖盘
13:31:59,1119.9,0.38,7,783929,买盘
13:32:02,1119.91,0.01,6,671946,中性盘
13:32:05,1119.9,-0.01,2,223980,卖盘
13:32:08,1119.92,0.02,1,111992,买盘
13:32:11,1119.9,-0.02,29,3247710,卖盘
13:32:14,1119.9,0.0,21,2351790,卖盘
13:32:17,1119.92,0.02,19,2127836,买盘
13:32:20,1119.01,-0.91,2,223889,卖盘
13:32:23,1119.9,0.89,2,223891,买盘
13:32:26,1119.0,-0.9,2,223890,卖盘
13:32:29,1119.0,0.0,2,223800,卖盘
13:32:32,1119.01,0.01,1,111901,买盘
13:32:33,1120.0,0.99,96,10733578,买盘
13:32:38,1120.0,0.0,5,577920,卖盘
13:32:47,1119.89,-0.11,5,559944,买盘
13:32:50,1119.0,-0.89,4,447600,卖盘
13:32:53,1119.71,0.71,1,111971,中性盘
13:32:56,1119.8,0.09,1,111980,中性盘
13:32:59,1119.71,-0.09,1,111971,卖盘
13:33:02,1119.8,0.09,6,671760,买盘
13:33:05,1119.71,-0.09,2,223871,买盘
13:33:08,1119.01,-0.7,1,111901,卖盘
13:33:23,1119.71,0.7,11,1231261,买盘
13:33:26,1118.94,-0.77,2,223788,卖盘
13:33:35,1119.1,0.16,11,1230946,买盘
13:33:39,1119.1,0.0,3,335730,卖盘
13:33:44,1119.1,0.0,1,111910,卖盘
13:33:47,1119.1,0.0,3,335855,卖盘
13:33:50,1119.75,0.65,7,783555,买盘
13:33:53,1119.75,0.0,5,559878,卖盘
13:33:54,1119.75,0.0,1,111975,买盘
13:33:59,1119.75,0.0,1,111975,买盘
13:34:02,1119.1,-0.65,4,447640,卖盘
13:34:05,1119.1,0.0,1,111910,卖盘
13:34:08,1119.77,0.67,14,1567665,买盘
13:34:11,1119.77,0.0,3,335931,卖盘
13:34:14,1119.1,-0.67,1,111910,卖盘
13:34:17,1119.1,0.0,2,223820,卖盘
13:34:20,1119.75,0.65,5,559808,买盘
13:34:32,1119.01,-0.74,3,335711,中性盘
13:34:38,1119.0,-0.01,2,223800,卖盘
13:34:41,1118.99,-0.01,9,1007099,卖盘
13:34:42,1118.0,-0.99,1,111800,卖盘
13:34:47,1118.0,0.0,15,1678551,卖盘
13:34:50,1119.75,1.75,3,335925,买盘
13:34:53,1119.18,-0.57,5,559688,卖盘
13:34:59,1119.1,-0.08,10,1119513,卖盘
13:35:02,1118.0,-1.1,1,111800,中性盘
13:35:05,1119.7,1.7,4,447881,卖盘
13:35:08,1118.0,-1.7,1,111800,中性盘
13:35:14,1119.0,1.0,5,559500,卖盘
13:35:17,1119.7,0.7,3,335770,中性盘
13:35:23,1118.0,-1.7,4,447030,买盘
13:35:26,1118.0,0.0,1,111800,卖盘
13:35:29,1118.0,0.0,4,447200,卖盘
13:35:32,1118.0,0.0,3,335401,卖盘
13:35:35,1118.0,0.0,4,447041,卖盘
13:35:38,1117.07,-0.93,7,782076,卖盘
13:35:41,1117.05,-0.02,3,335117,卖盘
13:35:44,1116.83,-0.22,6,670182,卖盘
13:35:47,1116.81,-0.02,7,781796,卖盘
13:35:50,1116.8,-0.01,6,670083,卖盘
13:35:53,1116.76,-0.04,4,446710,卖盘
13:35:56,1116.79,0.03,13,1451842,中性盘
13:35:59,1116.85,0.06,2,223370,中性盘
13:36:02,1116.85,0.0,3,335058,卖盘
13:36:05,1116.8,-0.05,3,335041,卖盘
13:36:07,1116.88,0.08,1,111688,买盘
13:36:11,1117.0,0.12,2,223393,买盘
13:36:14,1116.8,-0.2,4,446768,卖盘
13:36:17,1116.88,0.08,1,111688,中性盘
13:36:23,1116.8,-0.08,13,1451870,卖盘
13:36:24,1117.0,0.2,4,446800,买盘
13:36:32,1116.8,-0.2,2,223360,卖盘
13:36:37,1116.8,0.0,3,335040,卖盘
13:36:41,1116.81,0.01,1,111681,买盘
13:36:44,1116.8,-0.01,7,781766,卖盘
13:36:45,1116.81,0.01,2,223381,卖盘
13:36:48,1116.99,0.18,2,223397,买盘
13:36:56,1117.0,0.01,9,1005297,买盘
13:36:59,1116.99,-0.01,3,335098,卖盘
13:37:02,1116.81,-0.18,6,670111,卖盘
13:37:05,1116.8,-0.01,2,223480,卖盘
13:37:11,1116.8,0.0,4,446741,卖盘
13:37:14,1116.95,0.15,1,111695,中性盘
13:37:17,1118.0,1.05,2,223600,买盘
13:37:20,1118.0,0.0,2,223600,买盘
13:37:22,1118.0,0.0,2,223600,卖盘
13:37:29,1118.0,0.0,3,335400,卖盘
13:37:35,1118.79,0.79,2,223654,买盘
13:37:41,1116.82,-1.97,4,446780,卖盘
13:37:47,1116.82,0.0,4,446728,买盘
13:37:53,1117.04,0.22,3,335102,买盘
13:37:56,1118.65,1.61,1,111865,中性盘
13:38:00,1116.99,-1.66,9,1005331,卖盘
13:38:08,1117.8,0.81,28,3129593,买盘
13:38:11,1117.8,0.0,1,111780,卖盘
13:38:20,1117.8,0.0,51,5700870,卖盘
13:38:23,1117.8,0.0,1,111780,卖盘
13:38:29,1117.8,0.0,1,111780,卖盘
13:38:38,1117.8,0.0,1,111780,卖盘
13:38:41,1117.8,0.0,4,447130,卖盘
13:38:44,1117.99,0.19,5,558985,买盘
13:38:50,1117.9,-0.09,2,223589,中性盘
13:38:53,1117.98,0.08,3,335378,买盘
13:38:54,1117.99,0.01,2,223598,买盘
13:38:59,1118.0,0.01,6,670799,买盘
13:39:02,1118.0,0.0,4,447200,卖盘
13:39:08,1118.0,0.0,5,559191,卖盘
13:39:11,1118.0,0.0,1,111800,卖盘
13:39:14,1118.7,0.7,3,335605,买盘
13:39:17,1118.7,0.0,1,111870,卖盘
13:39:20,1118.8,0.1,5,559389,买盘
13:39:23,1118.66,-0.14,3,335606,卖盘
13:39:24,1118.83,0.17,8,894921,中性盘
13:39:29,1118.83,0.0,2,223778,卖盘
13:39:32,1118.83,0.0,7,783206,卖盘
13:39:33,1118.83,0.0,2,223766,卖盘
13:39:41,1118.66,-0.17,8,894972,卖盘
13:39:44,1118.83,0.17,6,671181,买盘
13:39:50,1118.0,-0.83,16,1789032,卖盘
13:39:53,1118.0,0.0,2,223600,中性盘
13:39:54,1118.0,0.0,2,223600,买盘
13:39:59,1118.81,0.81,2,223762,卖盘
13:40:02,1118.95,0.14,4,447567,买盘
13:40:05,1118.66,-0.29,1,111866,卖盘
13:40:11,1118.0,-0.66,8,894663,卖盘
13:40:14,1117.99,-0.01,3,335399,卖盘
13:40:17,1117.8,-0.19,19,2123877,卖盘
13:40:20,1117.0,-0.8,5,558500,卖盘
13:40:23,1116.86,-0.14,3,335058,卖盘
13:40:26,1116.85,-0.01,3,335055,卖盘
13:40:29,1116.82,-0.03,2,223366,卖盘
13:40:32,1116.82,0.0,6,670094,买盘
13:40:35,1116.79,-0.03,11,1228481,卖盘
13:40:38,1116.79,0.0,14,1563521,卖盘
13:40:41,1116.75,-0.04,6,670052,卖盘
13:40:44,1116.72,-0.03,8,893376,卖盘
13:40:47,1116.51,-0.21,6,669922,卖盘
13:40:50,1116.5,-0.01,5,558252,卖盘
13:40:52,1116.48,-0.02,7,781562,卖盘
13:40:54,1116.46,-0.02,5,558300,卖盘
13:40:59,1116.2,-0.26,2,223266,卖盘
13:41:02,1116.46,0.26,7,781388,买盘
13:41:08,1116.51,0.05,5,558239,买盘
13:41:11,1116.51,0.0,1,111651,卖盘
13:41:12,1116.71,0.2,4,446684,买盘
13:41:17,1116.72,0.01,1,111672,卖盘
13:41:20,1116.72,0.0,3,335016,卖盘
13:41:23,1116.72,0.0,1,111672,卖盘
13:41:24,1116.78,0.06,2,223356,买盘
13:41:29,1116.72,-0.06,4,446695,卖盘
13:41:32,1116.5,-0.22,21,2345117,卖盘
13:41:35,1116.72,0.22,3,335030,中性盘
13:41:38,1116.7,-0.02,1,111670,卖盘
13:41:39,1116.81,0.11,4,446705,买盘
13:41:44,1116.23,-0.58,10,1116614,卖盘
13:41:47,1116.85,0.62,4,446737,买盘
13:41:50,1116.85,0.0,2,223370,买盘
13:41:52,1116.85,0.0,1,111685,买盘
13:41:54,1116.91,0.06,1,111691,买盘
13:41:59,1116.82,-0.09,1,111682,卖盘
13:42:02,1116.85,0.03,2,223370,买盘
13:42:05,1116.82,-0.03,2,223367,卖盘
13:42:08,1116.83,0.01,1,111683,买盘
13:42:11,1117.9,1.07,10,1117906,买盘
13:42:13,1118.0,0.1,3,335390,买盘
13:42:23,1118.7,0.7,5,559266,买盘
13:42:26,1118.71,0.01,3,335613,卖盘
13:42:29,1118.83,0.12,2,223766,买盘
13:42:35,1118.7,-0.13,4,447489,中性盘
13:42:38,1118.66,-0.04,1,111866,卖盘
13:42:41,1118.95,0.29,3,335685,买盘
13:42:42,1118.99,0.04,2,223798,买盘
13:42:47,1118.95,-0.04,1,111895,卖盘
13:42:53,1118.95,0.0,1,111895,卖盘
13:42:54,1119.0,0.05,5,559495,买盘
13:42:59,1118.95,-0.05,1,111895,卖盘
13:43:00,1119.0,0.05,3,335695,买盘
13:43:05,1119.0,0.0,6,671395,买盘
13:43:08,1118.93,-0.07,30,3356841,卖盘
13:43:11,1118.66,-0.27,9,1006913,卖盘
13:43:14,1118.66,0.0,1,111866,卖盘
13:43:23,1118.95,0.29,4,447580,买盘
13:43:26,1118.05,-0.9,10,1118599,卖盘
13:43:29,1118.0,-0.05,1,111800,买盘
13:43:32,1117.94,-0.06,4,447191,卖盘
13:43:35,1118.0,0.06,5,559000,买盘
13:43:38,1118.0,0.0,6,670800,买盘
13:43:41,1118.6,0.6,5,559120,买盘
13:43:44,1118.66,0.06,2,223732,买盘
13:43:48,1118.66,0.0,1,111866,卖盘
13:43:53,1118.66,0.0,1,111866,卖盘
13:43:56,1118.85,0.19,3,335636,中性盘
13:43:59,1118.85,0.0,2,223779,卖盘
13:44:00,1118.95,0.1,4,447558,买盘
