time,price,change,volume,amount,type
09:25:05,1082.5,-5.5,516,55911125,卖盘
09:30:00,1083.2,0.7,9,974761,买盘
09:30:04,1083.88,0.68,80,8664072,买盘
09:30:07,1084.33,0.45,132,14296436,买盘
09:30:10,1082.7,-1.63,37,4008742,卖盘
09:30:13,1083.93,1.23,19,2059003,中性盘
09:30:16,1083.08,-0.85,22,2384365,卖盘
09:30:19,1084.33,1.25,12,1301342,中性盘
09:30:22,1085.52,1.19,8,867583,中性盘
09:30:24,1085.78,0.26,12,1302481,买盘
09:30:28,1085.5,-0.28,10,1085703,中性盘
09:30:31,1085.5,0.0,14,1519401,买盘
09:30:33,1084.33,-1.17,18,1953573,卖盘
09:30:37,1084.0,-0.33,26,2820616,卖盘
09:30:40,1085.5,1.5,12,1301550,买盘
09:30:43,1083.56,-1.94,16,1734578,卖盘
09:30:46,1085.0,1.44,21,2278450,中性盘
09:30:49,1085.0,0.0,7,759333,买盘
09:30:52,1084.0,-1.0,4,433800,中性盘
09:30:55,1083.1,-0.9,2,216666,卖盘
09:30:58,1084.33,1.23,27,2926958,买盘
09:31:01,1084.33,0.0,10,1083308,买盘
09:31:04,1084.5,0.17,20,2217101,买盘
09:31:07,1085.0,0.5,27,2927831,买盘
09:31:10,1083.0,-2.0,49,5309422,卖盘
09:31:13,1084.8,1.8,5,542098,卖盘
09:31:16,1085.0,0.2,37,4012856,买盘
09:31:18,1083.0,-2.0,24,2550461,卖盘
09:31:22,1083.01,0.01,36,3948774,买盘
09:31:25,1084.5,1.49,6,649973,买盘
09:31:28,1083.18,-1.32,15,1625695,卖盘
09:31:31,1083.01,-0.17,15,1625202,卖盘
09:31:34,1084.49,1.48,4,433767,买盘
09:31:36,1083.18,-1.31,26,2817695,卖盘
09:31:40,1084.49,1.31,14,1516568,中性盘
09:31:43,1083.01,-1.48,5,541509,卖盘
09:31:46,1083.2,0.19,3,325089,中性盘
09:31:49,1084.5,1.3,3,325299,买盘
09:31:52,1084.8,0.3,15,1626338,买盘
09:31:55,1084.8,0.0,7,759360,中性盘
09:31:58,1083.49,-1.31,8,867185,卖盘
09:32:01,1083.2,-0.29,51,5525746,卖盘
09:32:04,1084.5,1.3,82,8891310,买盘
09:32:07,1085.0,0.5,130,14095625,买盘
09:32:10,1085.6,0.6,87,9440342,买盘
09:32:12,1084.5,-1.1,45,4880427,卖盘
09:32:16,1085.78,1.28,13,1409978,买盘
09:32:19,1085.53,-0.25,12,1302835,中性盘
09:32:22,1085.8,0.27,16,1736808,买盘
09:32:25,1086.0,0.2,5,542920,买盘
09:32:28,1086.01,0.01,5,543104,卖盘
09:32:31,1086.1,0.09,15,1629653,中性盘
09:32:34,1087.43,1.33,40,4350987,中性盘
09:32:37,1087.52,0.09,17,1848865,买盘
09:32:40,1087.0,-0.52,5,543410,买盘
09:32:43,1087.0,0.0,4,434710,买盘
09:32:46,1086.1,-0.9,2,217220,卖盘
09:32:49,1087.0,0.9,7,760720,买盘
09:32:52,1086.99,-0.01,2,217399,中性盘
09:32:54,1086.32,-0.67,1,108632,卖盘
09:32:58,1086.88,0.56,4,434640,中性盘
09:33:00,1086.99,0.11,2,217398,中性盘
09:33:02,1087.0,0.01,51,5543688,买盘
09:33:07,1087.0,0.0,37,4021898,买盘
09:33:10,1087.78,0.78,11,1196558,买盘
09:33:13,1087.9,0.12,4,435154,买盘
09:33:16,1087.99,0.09,8,870382,买盘
09:33:19,1088.02,0.03,68,7398431,买盘
09:33:22,1088.02,0.0,32,3481744,卖盘
09:33:25,1089.96,1.94,11,1197987,买盘
09:33:28,1090.0,0.04,16,1742987,买盘
09:33:31,1090.0,0.0,10,1089986,买盘
09:33:34,1090.95,0.95,37,4033063,买盘
09:33:37,1091.95,1.0,21,2289941,买盘
09:33:40,1090.0,-1.95,5,545091,中性盘
09:33:43,1090.95,0.95,4,436017,买盘
09:33:46,1090.99,0.04,4,436390,买盘
09:33:49,1089.0,-1.99,21,2287520,卖盘
09:33:52,1089.0,0.0,13,1415634,买盘
09:33:55,1090.0,1.0,19,2069992,买盘
09:33:58,1088.89,-1.11,8,870823,卖盘
09:34:01,1090.9,2.01,12,1306972,买盘
09:34:04,1090.0,-0.9,8,871968,买盘
09:34:07,1090.0,0.0,29,3157774,买盘
09:34:09,1090.0,0.0,4,435990,买盘
09:34:12,1089.99,-0.01,5,544887,买盘
09:34:16,1090.0,0.01,7,762583,买盘
09:34:19,1088.8,-1.2,9,979654,中性盘
09:34:22,1087.94,-0.86,12,1305543,卖盘
09:34:25,1088.78,0.84,8,870481,买盘
09:34:27,1088.8,0.02,4,435518,买盘
09:34:31,1088.0,-0.8,13,1415200,中性盘
09:34:34,1089.0,1.0,6,653327,买盘
09:34:37,1089.88,0.88,5,544766,买盘
09:34:40,1088.8,-1.08,6,653388,卖盘
09:34:42,1089.0,0.2,9,979860,中性盘
09:34:45,1088.76,-0.24,2,217752,买盘
09:34:49,1089.0,0.24,2,217800,买盘
09:34:55,1088.98,-0.02,3,326687,中性盘
09:34:58,1089.0,0.02,3,326700,买盘
09:35:01,1089.0,0.0,11,1197887,买盘
09:35:04,1088.89,-0.11,28,3048917,卖盘
09:35:07,1088.8,-0.09,10,1088845,卖盘
09:35:10,1088.8,0.0,2,217760,买盘
09:35:13,1088.8,0.0,7,762148,买盘
09:35:16,1088.76,-0.04,8,871012,卖盘
09:35:18,1088.0,-0.76,20,2176023,卖盘
09:35:20,1088.0,0.0,3,326400,买盘
09:35:25,1088.0,0.0,1,108800,买盘
09:35:27,1087.9,-0.1,3,326370,卖盘
09:35:31,1087.9,0.0,8,870221,买盘
09:35:34,1087.9,0.0,3,326390,中性盘
09:35:37,1088.0,0.1,3,326389,买盘
09:35:40,1087.89,-0.11,1,108789,卖盘
09:35:43,1087.89,0.0,1,108789,卖盘
09:35:46,1087.89,0.0,4,435156,买盘
09:35:52,1087.0,-0.89,19,2065568,卖盘
09:35:54,1087.88,0.88,1,108788,中性盘
09:35:58,1087.88,0.0,6,652726,买盘
09:36:01,1086.88,-1.0,2,217376,卖盘
09:36:07,1087.76,0.88,4,434879,买盘
09:36:10,1087.01,-0.75,9,978384,卖盘
09:36:13,1087.01,0.0,4,434954,卖盘
09:36:15,1086.88,-0.13,2,217389,卖盘
09:36:19,1087.76,0.88,10,1087147,买盘
09:36:25,1086.2,-1.56,1,108620,卖盘
09:36:28,1086.56,0.36,16,1738071,买盘
09:36:30,1087.01,0.45,6,652161,买盘
09:36:34,1086.1,-0.91,4,380273,卖盘
09:36:37,1086.88,0.78,20,2173593,买盘
09:36:40,1086.55,-0.33,7,760421,中性盘
09:36:42,1086.55,0.0,2,217275,买盘
09:36:46,1086.55,0.0,1,108655,买盘
09:36:49,1086.56,0.01,11,1194863,买盘
09:36:51,1086.56,0.0,3,325968,买盘
09:36:55,1086.56,0.0,6,652032,卖盘
09:36:58,1086.56,0.0,5,543388,卖盘
09:37:01,1086.56,0.0,10,1086604,卖盘
09:37:04,1086.9,0.34,8,869251,中性盘
09:37:07,1087.0,0.1,40,4347631,买盘
09:37:09,1086.56,-0.44,12,1304336,中性盘
09:37:19,1086.08,-0.48,13,1412382,卖盘
09:37:22,1086.1,0.02,11,1194991,中性盘
09:37:25,1086.88,0.78,17,1846639,买盘
09:37:28,1086.85,-0.03,1,108685,中性盘
09:37:31,1086.9,0.05,16,1738601,买盘
09:37:34,1086.56,-0.34,13,1412061,中性盘
09:37:37,1086.88,0.32,6,651921,买盘
09:37:40,1086.0,-0.88,72,7819961,卖盘
09:37:43,1086.0,0.0,4,434400,买盘
09:37:46,1086.0,0.0,20,2171998,买盘
09:37:49,1085.58,-0.42,20,2171676,卖盘
09:37:52,1085.01,-0.57,8,868537,卖盘
09:37:55,1085.58,0.57,1,108558,卖盘
09:37:58,1086.02,0.44,7,760118,买盘
09:38:00,1085.01,-1.01,29,3146523,卖盘
09:38:04,1085.01,0.0,8,868008,买盘
09:38:07,1085.93,0.92,6,651212,买盘
09:38:10,1085.01,-0.92,14,1519397,卖盘
09:38:13,1085.0,-0.01,13,1410917,卖盘
09:38:16,1085.01,0.01,10,1085001,中性盘
09:38:19,1084.5,-0.51,6,650901,卖盘
09:38:22,1086.06,1.56,2,217034,买盘
09:38:25,1086.06,0.0,6,616782,买盘
09:38:28,1084.0,-2.06,31,3398484,卖盘
09:38:30,1084.0,0.0,43,4661000,买盘
09:38:34,1084.03,0.03,30,3252012,买盘
09:38:37,1084.03,0.0,3,290520,买盘
09:38:40,1084.03,0.0,15,1626034,卖盘
09:38:43,1084.0,-0.03,8,867215,卖盘
09:38:46,1084.79,0.79,6,650874,买盘
09:38:49,1084.79,0.0,3,325287,买盘
09:38:52,1084.79,0.0,2,216958,买盘
09:38:55,1084.99,0.2,3,325477,买盘
09:38:57,1084.78,-0.21,5,542126,中性盘
09:39:01,1084.22,-0.56,2,216835,中性盘
09:39:04,1085.01,0.79,2,217001,买盘
09:39:07,1086.0,0.99,5,542700,买盘
09:39:08,1085.0,-1.0,6,650974,中性盘
09:39:13,1085.0,0.0,4,433958,买盘
09:39:15,1084.99,-0.01,1,108499,中性盘
09:39:19,1085.0,0.01,6,651000,买盘
09:39:22,1086.0,1.0,5,543000,买盘
09:39:25,1084.8,-1.2,1,108480,卖盘
09:39:28,1085.0,0.2,2,217000,卖盘
09:39:31,1085.0,0.0,2,217000,卖盘
09:39:34,1085.98,0.98,2,217196,买盘
09:39:37,1085.0,-0.98,15,1628480,卖盘
09:39:40,1084.81,-0.19,13,1410379,卖盘
09:39:43,1084.81,0.0,1,108481,买盘
09:39:46,1085.98,1.17,6,651002,买盘
09:39:49,1085.0,-0.98,5,542781,卖盘
09:39:52,1084.83,-0.17,17,1844181,中性盘
09:39:54,1084.66,-0.17,1,108466,卖盘
09:39:58,1084.71,0.05,2,216937,买盘
09:40:01,1084.66,-0.05,3,325393,中性盘
09:40:04,1084.51,-0.15,1,108451,卖盘
09:40:07,1084.71,0.2,4,433859,买盘
09:40:08,1084.71,0.0,9,976239,买盘
09:40:13,1084.71,0.0,8,867768,买盘
09:40:16,1084.2,-0.51,38,4120850,卖盘
09:40:20,1084.2,0.0,3,325260,买盘
09:40:22,1084.2,0.0,6,650520,买盘
09:40:25,1084.2,0.0,41,4445220,买盘
09:40:28,1084.2,0.0,37,4011380,买盘
09:40:30,1084.71,0.51,2,216942,买盘
09:40:34,1084.2,-0.51,101,10949327,卖盘
09:40:37,1084.71,0.51,7,759389,中性盘
09:40:40,1085.0,0.29,51,5532267,买盘
09:40:43,1084.2,-0.8,20,2169723,卖盘
09:40:46,1084.6,0.4,3,325319,中性盘
09:40:49,1085.0,0.4,9,976481,买盘
09:40:51,1085.0,0.0,7,759232,买盘
09:40:55,1084.81,-0.19,2,216861,买盘
09:40:58,1084.0,-0.81,6,650643,卖盘
09:41:01,1084.81,0.81,4,433762,买盘
09:41:04,1084.0,-0.81,1,108400,卖盘
09:41:07,1084.5,0.5,12,1301409,卖盘
09:41:10,1084.5,0.0,3,325293,买盘
09:41:12,1083.88,-0.62,3,325164,卖盘
09:41:16,1084.5,0.62,7,759149,买盘
09:41:19,1084.5,0.0,7,759150,买盘
09:41:22,1084.01,-0.49,11,1192869,卖盘
09:41:25,1084.5,0.49,20,2167774,买盘
09:41:28,1083.66,-0.84,11,1192110,卖盘
09:41:31,1084.5,0.84,20,2168950,买盘
09:41:34,1084.4,-0.1,7,759001,买盘
09:41:37,1084.5,0.1,7,759051,买盘
09:41:42,1084.59,0.09,10,1084449,中性盘
09:41:50,1084.6,0.01,4,433800,买盘
09:41:51,1084.49,-0.11,1,108449,中性盘
09:41:54,1084.6,0.11,5,542290,买盘
09:41:58,1084.5,-0.1,2,216900,卖盘
09:42:00,1084.4,-0.1,15,1626705,卖盘
09:42:03,1084.6,0.2,19,2060690,买盘
09:42:13,1084.99,0.39,5,542407,买盘
09:42:16,1084.77,-0.22,13,1409998,买盘
09:42:19,1084.99,0.22,4,433956,买盘
09:42:22,1084.99,0.0,1,108499,买盘
09:42:25,1084.99,0.0,3,325497,买盘
09:42:28,1085.0,0.01,6,650998,买盘
09:42:30,1084.87,-0.13,7,759487,卖盘
09:42:33,1085.0,0.13,35,3797500,买盘
09:42:37,1085.98,0.98,3,325781,买盘
09:42:49,1085.98,0.0,11,1193840,买盘
09:42:52,1085.98,0.0,1,108598,买盘
09:42:55,1086.0,0.02,36,3907107,买盘
09:42:58,1085.88,-0.12,2,217098,中性盘
09:43:01,1085.01,-0.87,4,434022,卖盘
09:43:05,1086.0,0.99,2,217198,买盘
09:43:07,1086.0,0.0,2,217110,买盘
09:43:08,1086.0,0.0,3,325708,买盘
09:43:13,1085.0,-1.0,22,2387130,卖盘
09:43:16,1084.99,-0.01,3,325499,卖盘
09:43:19,1085.0,0.01,1,108500,买盘
09:43:22,1085.0,0.0,5,542500,买盘
09:43:25,1085.0,0.0,6,651000,买盘
09:43:26,1085.0,0.0,6,650998,买盘
09:43:31,1085.0,0.0,11,1193491,买盘
09:43:34,1085.0,0.0,7,759499,买盘
09:43:37,1084.99,-0.01,5,542499,卖盘
09:43:40,1085.0,0.01,2,217000,买盘
09:43:43,1085.0,0.0,6,650998,买盘
09:43:45,1085.8,0.8,49,5316660,买盘
09:43:49,1086.0,0.2,19,2063297,买盘
09:43:52,1085.0,-1.0,57,6188406,卖盘
09:43:55,1084.8,-0.2,25,2712510,卖盘
09:43:58,1084.8,0.0,4,433920,买盘
09:44:01,1084.78,-0.02,2,216958,卖盘
09:44:04,1084.8,0.02,2,216959,买盘
09:44:07,1084.8,0.0,7,759358,买盘
09:44:10,1084.8,0.0,6,650880,买盘
09:44:13,1084.79,-0.01,5,542396,卖盘
09:44:16,1084.7,-0.09,16,1735615,卖盘
09:44:19,1084.7,0.0,5,542340,买盘
09:44:22,1084.7,0.0,25,2711740,买盘
09:44:25,1084.61,-0.09,3,325383,中性盘
09:44:28,1084.62,0.01,1,108462,买盘
09:44:31,1084.61,-0.01,2,216922,卖盘
09:44:34,1084.61,0.0,1,108461,卖盘
09:44:37,1084.61,0.0,3,325384,卖盘
09:44:40,1084.62,0.01,3,325385,买盘
09:44:43,1084.62,0.0,2,216924,买盘
09:44:46,1084.7,0.08,23,2502197,买盘
09:44:49,1084.61,-0.09,9,976155,卖盘
09:44:51,1084.62,0.01,13,1410020,买盘
09:44:55,1084.58,-0.04,5,534701,卖盘
09:44:56,1084.5,-0.08,6,650705,卖盘
09:45:01,1084.0,-0.5,92,9973084,卖盘
09:45:04,1084.0,0.0,25,2709972,买盘
09:45:07,1084.0,0.0,8,867200,买盘
09:45:09,1084.5,0.5,4,433749,买盘
09:45:16,1084.5,0.0,32,3469258,买盘
09:45:19,1084.0,-0.5,9,975800,卖盘
09:45:21,1084.09,0.09,6,650659,中性盘
09:45:25,1084.0,-0.09,12,1301100,卖盘
09:45:28,1084.0,0.0,10,1083958,买盘
09:45:31,1084.0,0.0,10,1083989,买盘
09:45:34,1084.0,0.0,4,433589,买盘
09:45:37,1083.8,-0.2,4,433560,卖盘
09:45:40,1084.0,0.2,8,867200,买盘
09:45:42,1084.48,0.48,1,108448,买盘
09:45:46,1084.0,-0.48,1,108400,卖盘
09:45:49,1084.0,0.0,18,1951297,卖盘
09:45:52,1083.99,-0.01,3,325198,卖盘
09:45:55,1084.0,0.01,10,1083998,买盘
09:45:58,1083.99,-0.01,7,758795,卖盘
09:46:01,1083.99,0.0,3,325197,卖盘
09:46:03,1084.0,0.01,4,433597,买盘
09:46:05,1083.97,-0.03,4,433588,卖盘
09:46:10,1083.97,0.0,2,216794,买盘
09:46:13,1083.99,0.02,15,1625785,买盘
09:46:16,1083.97,-0.02,1,108397,中性盘
09:46:19,1084.0,0.03,9,975570,买盘
09:46:22,1083.89,-0.11,45,4877798,中性盘
09:46:24,1083.75,-0.14,6,650266,卖盘
09:46:28,1083.89,0.14,12,1300600,买盘
09:46:31,1083.89,0.0,4,433556,买盘
09:46:34,1083.99,0.1,5,541965,买盘
09:46:36,1083.6,-0.39,78,8453786,卖盘
09:46:40,1083.71,0.11,24,2600651,买盘
09:46:43,1083.99,0.28,1,108399,中性盘
09:46:45,1083.99,0.0,4,433597,卖盘
09:46:49,1083.98,-0.01,12,1300760,买盘
09:46:52,1084.0,0.02,9,975600,买盘
09:46:55,1083.98,-0.02,6,650390,卖盘
09:46:58,1083.97,-0.01,5,594018,买盘
09:47:01,1084.49,0.52,2,216849,买盘
09:47:03,1084.49,0.0,2,216898,买盘
09:47:06,1084.49,0.0,6,650694,买盘
09:47:08,1084.49,0.0,124,13447636,买盘
09:47:11,1084.61,0.12,40,4338266,买盘
09:47:17,1085.85,1.24,42,4557342,买盘
09:47:17,1086.5,0.65,20,2172550,买盘
09:47:22,1086.56,0.06,26,2825289,买盘
09:47:25,1087.0,0.44,60,6521956,买盘
09:47:28,1087.55,0.55,10,1087305,买盘
09:47:30,1087.8,0.25,6,652660,买盘
09:47:34,1087.88,0.08,7,761467,买盘
09:47:36,1087.89,0.01,8,870306,买盘
09:47:38,1088.0,0.11,5,543976,买盘
09:47:44,1088.0,0.0,24,2622079,买盘
09:47:46,1088.79,0.79,14,1523974,买盘
09:47:50,1088.88,0.09,5,544366,买盘
09:47:53,1089.2,0.32,64,6967240,买盘
09:47:55,1089.2,0.0,7,762590,卖盘
09:47:58,1088.91,-0.29,18,1960321,卖盘
09:48:00,1089.94,1.03,12,1307241,买盘
09:48:03,1089.98,0.04,3,326986,买盘
09:48:07,1089.0,-0.98,44,4791955,卖盘
09:48:10,1089.0,0.0,6,653395,买盘
09:48:13,1088.91,-0.09,11,1197820,卖盘
09:48:16,1089.0,0.09,9,980040,买盘
09:48:19,1088.5,-0.5,6,653288,卖盘
09:48:22,1088.93,0.43,3,326593,买盘
09:48:25,1088.5,-0.43,25,2721958,卖盘
09:48:28,1088.93,0.43,13,1415518,中性盘
09:48:31,1088.93,0.0,2,217781,买盘
09:48:33,1088.8,-0.13,1,108880,中性盘
09:48:37,1088.93,0.13,16,1741586,买盘
09:48:38,1088.9,-0.03,2,217782,中性盘
09:48:43,1088.01,-0.89,4,435390,卖盘
09:48:47,1088.51,0.5,4,435402,买盘
09:48:49,1088.51,0.0,4,435404,买盘
09:48:58,1088.84,0.33,9,979956,买盘
09:49:01,1088.0,-0.84,2,217601,卖盘
09:49:04,1088.84,0.84,9,979836,买盘
09:49:07,1088.84,0.0,12,1306561,买盘
09:49:10,1088.84,0.0,9,979855,买盘
09:49:13,1088.82,-0.02,1,108882,卖盘
09:49:16,1088.0,-0.82,19,2067624,卖盘
09:49:19,1088.51,0.51,16,1740895,买盘
09:49:22,1088.51,0.0,2,217702,买盘
09:49:25,1088.44,-0.07,2,217644,中性盘
09:49:28,1088.44,0.0,4,435376,买盘
09:49:31,1088.44,0.0,50,5443092,卖盘
09:49:34,1088.45,0.01,14,1523825,买盘
09:49:37,1088.44,-0.01,1,108844,卖盘
09:49:38,1088.44,0.0,4,435376,卖盘
09:49:42,1088.44,0.0,1,108844,买盘
09:49:46,1088.02,-0.42,4,435208,卖盘
09:49:49,1088.2,0.18,3,326422,中性盘
09:49:52,1088.2,0.0,9,979380,买盘
09:49:55,1088.4,0.2,1,108840,买盘
09:49:58,1088.2,-0.2,3,326460,卖盘
09:50:01,1088.4,0.2,31,3372969,买盘
09:50:04,1088.43,0.03,3,326523,买盘
09:50:07,1088.0,-0.43,94,10227759,卖盘
09:50:11,1088.0,0.0,13,1414393,买盘
09:50:13,1087.99,-0.01,1,108799,中性盘
09:50:15,1088.0,0.01,4,462400,买盘
09:50:20,1087.99,-0.01,2,217600,卖盘
09:50:22,1088.0,0.01,2,217602,中性盘
09:50:26,1088.0,0.0,2,217600,买盘
09:50:28,1088.0,0.0,4,378644,中性盘
09:50:31,1087.99,-0.01,6,682208,卖盘
09:50:34,1088.0,0.01,3,326397,买盘
09:50:36,1088.0,0.0,2,217599,卖盘
09:50:40,1087.99,-0.01,8,870455,中性盘
09:50:47,1088.0,0.01,8,870400,卖盘
09:50:50,1088.0,0.0,2,217588,买盘
09:50:51,1088.0,0.0,5,543997,买盘
09:50:58,1087.0,-1.0,16,1740122,卖盘
09:51:04,1086.5,-0.5,2,217300,卖盘
09:51:10,1086.5,0.0,10,1086650,卖盘
09:51:16,1086.99,0.49,1,108699,买盘
09:51:19,1086.99,0.0,10,1086504,买盘
09:51:22,1086.5,-0.49,1,108650,买盘
09:51:25,1086.5,0.0,3,325947,买盘
09:51:32,1086.05,-0.45,1,108605,卖盘
09:51:35,1086.0,-0.05,6,651801,卖盘
09:51:37,1086.0,0.0,19,2063653,卖盘
09:51:40,1086.0,0.0,5,542995,买盘
09:51:43,1086.0,0.0,10,1086000,买盘
09:51:47,1085.99,-0.01,1,108599,中性盘
09:51:50,1085.85,-0.14,14,1520249,卖盘
09:51:53,1085.0,-0.85,10,1085186,卖盘
09:51:55,1085.98,0.98,6,651323,买盘
09:51:58,1085.98,0.0,4,434379,买盘
09:52:02,1084.7,-1.28,1,108470,中性盘
09:52:05,1085.85,1.15,2,217170,买盘
09:52:08,1085.85,0.0,1,108585,买盘
09:52:10,1085.85,0.0,5,542756,买盘
09:52:14,1085.0,-0.85,1,108500,卖盘
09:52:16,1085.85,0.85,1,108585,买盘
09:52:23,1085.84,-0.01,4,434336,买盘
09:52:28,1085.85,0.01,2,217098,买盘
09:52:31,1085.13,-0.72,1,108513,卖盘
09:52:35,1085.37,0.24,2,217074,中性盘
09:52:37,1085.37,0.0,2,217050,中性盘
09:52:44,1085.2,-0.17,1,108520,卖盘
09:52:47,1085.12,-0.08,3,325536,卖盘
09:52:48,1085.85,0.73,3,325751,买盘
09:52:53,1085.13,-0.72,3,325618,卖盘
09:52:56,1085.37,0.24,13,1411575,中性盘
09:52:59,1085.85,0.48,2,217173,中性盘
09:53:01,1085.37,-0.48,2,141098,卖盘
09:53:04,1085.88,0.51,13,1411639,买盘
09:53:10,1086.0,0.12,29,3149388,买盘
09:53:13,1086.0,0.0,4,434364,买盘
09:53:16,1085.17,-0.83,24,2605295,卖盘
09:53:19,1085.17,0.0,2,277937,卖盘
09:53:26,1086.0,0.83,3,325788,买盘
09:53:28,1085.88,-0.12,2,217176,买盘
09:53:31,1085.2,-0.68,1,108520,卖盘
09:53:34,1085.88,0.68,1,108588,买盘
09:53:41,1085.2,-0.68,2,217100,卖盘
09:53:43,1085.8,0.6,3,325740,买盘
09:53:46,1085.17,-0.63,17,1804716,卖盘
09:53:49,1085.8,0.63,4,434170,买盘
09:53:53,1086.0,0.2,13,1411722,买盘
09:53:56,1085.22,-0.78,2,217044,卖盘
09:53:59,1085.8,0.58,1,108580,卖盘
09:54:02,1086.0,0.2,1,108600,买盘
09:54:04,1086.0,0.0,7,760200,买盘
09:54:07,1085.8,-0.2,1,108580,卖盘
09:54:10,1086.0,0.2,7,760200,买盘
09:54:13,1086.02,0.02,2,217252,卖盘
09:54:16,1085.97,-0.05,2,217194,买盘
09:54:19,1086.5,0.53,4,434547,买盘
09:54:22,1086.5,0.0,4,434600,买盘
09:54:26,1086.5,0.0,7,760550,买盘
09:54:27,1086.5,0.0,2,217300,买盘
09:54:32,1086.87,0.37,2,217338,中性盘
09:54:32,1086.99,0.12,9,978019,买盘
09:54:35,1087.0,0.01,5,543500,买盘
09:54:40,1087.0,0.0,2,217301,买盘
09:54:43,1087.0,0.0,3,326175,卖盘
09:54:46,1087.01,0.01,3,326253,中性盘
09:54:49,1087.76,0.75,15,1631337,买盘
09:54:53,1087.0,-0.76,5,543652,卖盘
09:54:55,1087.0,0.0,14,1522878,中性盘
09:54:59,1087.95,0.95,3,326271,买盘
09:55:01,1087.0,-0.95,86,9356500,卖盘
09:55:05,1087.0,0.0,47,5108898,买盘
09:55:08,1087.0,0.0,5,543500,买盘
09:55:11,1088.0,1.0,14,1522152,买盘
09:55:13,1087.76,-0.24,8,870376,中性盘
09:55:17,1087.99,0.23,1,108799,买盘
09:55:19,1088.0,0.01,4,435200,买盘
09:55:22,1087.95,-0.05,2,217571,中性盘
09:55:26,1087.98,0.03,8,870063,买盘
09:55:28,1087.95,-0.03,12,1305347,中性盘
09:55:32,1087.99,0.04,1,108799,买盘
09:55:34,1088.0,0.01,24,2611176,买盘
09:55:37,1087.1,-0.9,12,1305324,卖盘
09:55:41,1088.0,0.9,4,435110,买盘
09:55:43,1087.19,-0.81,1,108719,买盘
09:55:45,1087.1,-0.09,1,108710,卖盘
09:55:53,1088.02,0.92,2,217604,卖盘
09:55:55,1087.0,-1.02,60,6524688,卖盘
09:55:59,1088.0,1.0,2,217600,中性盘
09:56:02,1088.2,0.2,2,217622,买盘
09:56:05,1088.42,0.22,3,326526,买盘
09:56:08,1088.2,-0.22,7,761648,买盘
09:56:10,1088.43,0.23,3,326529,买盘
09:56:16,1088.15,-0.05,2,159960,买盘
09:56:19,1088.42,0.27,6,710599,买盘
09:56:26,1088.2,-0.22,7,704065,卖盘
09:56:32,1088.28,0.08,6,710614,买盘
09:56:35,1088.19,-0.09,6,595322,卖盘
09:56:37,1088.0,-0.19,4,435200,卖盘
09:56:43,1088.0,0.0,8,870470,卖盘
09:56:46,1088.0,0.0,2,217519,买盘
09:56:49,1087.19,-0.81,1,108719,卖盘
09:56:51,1087.19,0.0,7,761519,卖盘
09:56:55,1088.42,1.23,13,1414612,买盘
09:56:58,1088.28,-0.14,7,761628,买盘
09:57:02,1088.19,-0.09,12,1305566,中性盘
09:57:04,1088.0,-0.19,6,652866,卖盘
09:57:08,1088.0,0.0,7,761519,买盘
09:57:10,1088.0,0.0,2,217600,买盘
09:57:16,1088.0,0.0,5,543997,买盘
09:57:17,1087.28,-0.72,2,217465,卖盘
09:57:23,1087.28,0.0,2,217456,卖盘
09:57:26,1087.02,-0.26,7,760998,卖盘
09:57:29,1087.02,0.0,6,652232,卖盘
09:57:32,1087.46,0.44,26,2826584,买盘
09:57:34,1087.28,-0.18,3,326202,卖盘
09:57:36,1087.0,-0.28,37,4022696,卖盘
09:57:41,1086.92,-0.08,3,326034,中性盘
09:57:43,1087.0,0.08,10,1133647,买盘
09:57:45,1086.01,-0.99,5,543166,买盘
09:57:49,1086.5,0.49,51,5543702,买盘
09:57:53,1087.46,0.96,14,1521904,买盘
09:57:55,1087.46,0.0,2,217492,买盘
09:57:58,1086.38,-1.08,6,651828,中性盘
09:58:01,1086.19,-0.19,1,108619,中性盘
09:58:04,1086.38,0.19,3,325914,买盘
09:58:07,1086.19,-0.19,3,325867,中性盘
09:58:08,1086.38,0.19,17,1846846,买盘
09:58:13,1086.48,0.1,7,760513,中性盘
09:58:16,1086.38,-0.1,3,325914,卖盘
09:58:19,1086.1,-0.28,13,1412126,卖盘
09:58:23,1086.0,-0.1,1,108601,买盘
09:58:26,1086.48,0.48,7,760422,买盘
09:58:29,1086.48,0.0,4,434516,买盘
09:58:31,1086.2,-0.28,2,217270,中性盘
09:58:35,1086.5,0.3,2,217300,买盘
09:58:38,1086.51,0.01,4,434597,卖盘
09:58:44,1086.38,-0.13,1,108638,买盘
09:58:45,1086.48,0.1,9,977624,买盘
09:58:49,1086.1,-0.38,5,543135,卖盘
09:58:53,1087.46,1.36,15,1629841,买盘
09:58:55,1086.27,-1.19,7,760356,中性盘
09:59:01,1087.46,1.19,3,326238,买盘
09:59:04,1087.46,0.0,2,217395,买盘
09:59:07,1086.49,-0.97,4,434693,卖盘
09:59:10,1086.49,0.0,2,217395,卖盘
09:59:11,1086.49,0.0,28,2995414,卖盘
09:59:16,1087.46,0.97,4,476361,卖盘
09:59:26,1087.46,0.0,2,176168,卖盘
09:59:31,1086.5,-0.96,12,1346115,卖盘
09:59:35,1086.49,-0.01,1,108649,买盘
09:59:37,1087.0,0.51,2,217400,买盘
09:59:40,1086.49,-0.51,3,326131,卖盘
09:59:43,1086.92,0.43,2,217341,买盘
09:59:46,1086.49,-0.43,3,325990,卖盘
09:59:49,1087.0,0.51,3,326092,买盘
09:59:52,1088.0,1.0,50,5439559,买盘
09:59:56,1087.44,-0.56,1,108744,卖盘
09:59:58,1088.0,0.56,4,435084,买盘
10:00:02,1087.44,-0.56,2,217544,中性盘
10:00:04,1087.44,0.0,3,326188,买盘
10:00:07,1088.0,0.56,25,2719733,买盘
10:00:10,1087.44,-0.56,4,434976,卖盘
10:00:13,1088.0,0.56,16,1739488,买盘
10:00:16,1088.0,0.0,5,543700,买盘
10:00:19,1088.0,0.0,2,217600,买盘
10:00:21,1087.56,-0.44,3,326268,买盘
10:00:25,1088.19,0.63,22,2388182,买盘
10:00:28,1088.28,0.09,10,1088056,买盘
10:00:31,1088.33,0.05,13,1414480,买盘
10:00:34,1088.36,0.03,2,217669,卖盘
10:00:37,1088.43,0.07,22,2394524,买盘
10:00:40,1088.43,0.0,18,1929770,买盘
10:00:43,1088.5,0.07,70,7637595,买盘
10:00:46,1088.81,0.31,9,979633,买盘
10:00:47,1088.84,0.03,14,1524159,卖盘
10:00:51,1088.89,0.05,7,762155,买盘
10:00:56,1088.89,0.0,3,326659,买盘
10:00:59,1088.85,-0.04,11,1197772,卖盘
10:01:01,1088.97,0.12,3,326681,买盘
10:01:04,1088.99,0.02,1,108899,买盘
10:01:07,1089.0,0.01,15,1633500,买盘
10:01:10,1089.0,0.0,23,2504694,买盘
10:01:13,1089.51,0.51,9,980308,买盘
10:01:16,1089.51,0.0,8,871385,买盘
10:01:19,1089.51,0.0,6,653705,买盘
10:01:22,1089.51,0.0,5,544713,买盘
10:01:25,1089.1,-0.41,9,980477,卖盘
10:01:28,1089.01,-0.09,5,544523,卖盘
10:01:30,1089.0,-0.01,7,762305,卖盘
10:01:34,1089.5,0.5,5,544614,买盘
10:01:37,1089.01,-0.49,3,326710,卖盘
10:01:38,1089.04,0.03,1,108904,买盘
10:01:42,1089.01,-0.03,13,1415717,卖盘
10:01:45,1089.01,0.0,10,1089002,买盘
10:01:47,1089.01,0.0,2,217802,买盘
10:01:55,1089.01,0.0,6,653406,买盘
10:01:58,1089.0,-0.01,16,1742404,卖盘
10:02:01,1089.01,0.01,6,653403,买盘
10:02:04,1089.29,0.28,14,1524798,买盘
10:02:07,1089.5,0.21,4,435720,买盘
10:02:10,1089.5,0.0,13,1416000,买盘
10:02:13,1089.49,-0.01,6,653727,卖盘
10:02:16,1089.49,0.0,4,435748,买盘
10:02:19,1089.44,-0.05,2,217932,卖盘
10:02:22,1089.87,0.43,3,326923,买盘
10:02:25,1089.91,0.04,2,217892,买盘
10:02:28,1089.01,-0.9,3,326793,卖盘
10:02:31,1089.92,0.91,3,326976,买盘
10:02:34,1089.49,-0.43,9,980632,卖盘
10:02:36,1089.91,0.42,1,108991,买盘
10:02:40,1089.91,0.0,6,653955,卖盘
10:02:43,1089.98,0.07,28,3051907,买盘
10:02:46,1089.98,0.0,6,707385,买盘
10:02:49,1089.99,0.01,44,4795955,买盘
10:02:51,1089.94,-0.05,10,1089960,卖盘
10:02:55,1089.94,0.0,12,1307928,买盘
10:02:58,1089.94,0.0,12,1307986,卖盘
10:03:01,1090.0,0.06,22,2397982,买盘
10:03:04,1089.99,-0.01,3,326997,中性盘
10:03:07,1090.2,0.21,46,5014295,买盘
10:03:10,1090.2,0.0,4,436058,买盘
10:03:13,1090.2,0.0,2,218040,买盘
10:03:15,1090.2,0.0,2,218040,买盘
10:03:19,1090.0,-0.2,26,2834092,卖盘
10:03:22,1089.99,-0.01,19,2070988,卖盘
10:03:25,1090.0,0.01,1,109000,买盘
10:03:27,1090.0,0.0,13,1416979,买盘
10:03:31,1089.92,-0.08,5,544984,卖盘
10:03:34,1089.96,0.04,10,1089954,买盘
10:03:37,1089.92,-0.04,71,7738951,中性盘
10:03:40,1090.0,0.08,1,109000,买盘
10:03:43,1089.99,-0.01,7,762999,卖盘
10:03:45,1089.99,0.0,4,435996,卖盘
10:03:49,1089.94,-0.05,12,1220755,卖盘
10:03:52,1090.0,0.06,3,326989,买盘
10:03:53,1090.0,0.0,3,327000,卖盘
10:03:58,1090.2,0.2,42,4578488,买盘
10:04:00,1090.0,-0.2,14,1526094,卖盘
10:04:04,1090.0,0.0,4,436000,买盘
10:04:07,1090.0,0.0,12,1307999,买盘
10:04:10,1090.0,0.0,2,218000,买盘
10:04:13,1090.0,0.0,4,436000,买盘
10:04:16,1090.0,0.0,3,327000,买盘
10:04:19,1089.59,-0.41,5,544795,卖盘
10:04:22,1089.54,-0.05,12,1307199,买盘
10:04:25,1089.49,-0.05,2,217898,买盘
10:04:28,1089.59,0.1,2,217918,买盘
10:04:31,1089.98,0.39,3,326911,买盘
10:04:32,1089.98,0.0,3,326916,中性盘
10:04:37,1089.99,0.01,1,108999,买盘
10:04:40,1089.98,-0.01,17,1852556,买盘
10:04:43,1089.57,-0.41,5,544908,中性盘
10:04:46,1089.51,-0.06,3,326853,中性盘
10:04:49,1089.0,-0.51,2,217851,卖盘
10:04:52,1089.0,0.0,3,326751,卖盘
10:04:53,1089.0,0.0,6,653400,卖盘
10:04:58,1089.0,0.0,4,435600,买盘
10:05:00,1089.51,0.51,9,980151,买盘
10:05:04,1089.98,0.47,6,653865,买盘
10:05:07,1089.0,-0.98,10,1089511,卖盘
10:05:10,1088.88,-0.12,5,544464,卖盘
10:05:13,1088.88,0.0,50,5503045,卖盘
10:05:16,1089.0,0.12,2,217800,卖盘
10:05:19,1089.0,0.0,29,3157828,买盘
10:05:22,1088.44,-0.56,11,1197844,卖盘
10:05:25,1088.44,0.0,2,217688,卖盘
10:05:28,1088.88,0.44,2,217776,买盘
10:05:31,1088.01,-0.87,13,1415088,卖盘
10:05:34,1088.44,0.43,2,217744,卖盘
10:05:37,1088.44,0.0,7,762076,卖盘
10:05:40,1088.0,-0.44,3,326445,买盘
10:05:42,1088.44,0.44,3,342852,买盘
10:05:46,1088.44,0.0,1,108844,买盘
10:05:49,1088.01,-0.43,131,14252803,卖盘
10:05:52,1088.88,0.87,10,1088480,买盘
10:05:55,1089.0,0.12,10,1089000,买盘
10:05:58,1088.89,-0.11,2,217778,卖盘
10:06:01,1088.97,0.08,2,217794,中性盘
10:06:04,1089.0,0.03,3,326694,买盘
10:06:06,1089.8,0.8,1,108980,买盘
10:06:10,1089.8,0.0,4,435840,买盘
10:06:13,1089.0,-0.8,1,108900,卖盘
10:06:16,1089.8,0.8,3,326940,卖盘
10:06:17,1089.89,0.09,3,326985,卖盘
10:06:22,1089.89,0.0,1,108989,卖盘
10:06:25,1089.89,0.0,2,217987,卖盘
10:06:27,1089.98,0.09,1,108998,中性盘
10:06:31,1089.89,-0.09,9,980910,卖盘
10:06:34,1089.02,-0.87,1,108902,卖盘
10:06:37,1089.02,0.0,43,4683068,卖盘
10:06:46,1089.26,0.24,3,326903,中性盘
10:06:49,1089.0,-0.26,10,1089005,卖盘
10:06:52,1089.01,0.01,6,653404,买盘
10:06:58,1089.0,-0.01,2,217801,卖盘
10:07:01,1089.0,0.0,8,871203,卖盘
10:07:05,1089.0,0.0,3,326700,卖盘
10:07:07,1089.01,0.01,2,217802,买盘
10:07:10,1089.0,-0.01,1,108900,卖盘
10:07:13,1089.01,0.01,1,108901,买盘
10:07:16,1089.0,-0.01,3,326780,卖盘
10:07:19,1089.0,0.0,8,871200,卖盘
10:07:22,1088.97,-0.03,4,435594,卖盘
10:07:25,1088.88,-0.09,11,1197768,卖盘
10:07:28,1088.88,0.0,2,217776,卖盘
10:07:31,1088.88,0.0,1,108888,卖盘
10:07:34,1088.97,0.09,2,217794,买盘
10:07:37,1089.0,0.03,2,217797,买盘
10:07:40,1088.97,-0.03,2,217853,中性盘
10:07:43,1088.88,-0.09,2,217776,卖盘
10:07:46,1088.97,0.09,3,326691,买盘
10:07:52,1089.0,0.03,7,762297,买盘
10:07:53,1089.56,0.56,7,762356,买盘
10:07:58,1088.88,-0.68,4,435564,卖盘
10:08:02,1088.88,0.0,3,326664,卖盘
10:08:02,1088.88,0.0,1,108888,卖盘
10:08:07,1089.55,0.67,4,435626,买盘
10:08:10,1089.0,-0.55,2,217856,卖盘
10:08:13,1089.0,0.0,4,435600,卖盘
10:08:16,1089.56,0.56,1,108956,买盘
10:08:19,1089.0,-0.56,1,108900,卖盘
10:08:22,1089.0,0.0,2,217856,卖盘
10:08:23,1088.88,-0.12,6,653353,卖盘
10:08:31,1088.44,-0.44,5,544324,卖盘
10:08:33,1088.69,0.25,2,217713,买盘
10:08:37,1088.69,0.0,5,544295,买盘
10:08:43,1088.7,0.01,2,217714,买盘
10:08:46,1088.44,-0.26,3,326584,卖盘
10:08:49,1088.44,0.0,3,326532,卖盘
10:08:52,1088.7,0.26,13,1415053,买盘
10:09:01,1088.05,-0.65,2,217607,买盘
10:09:03,1088.7,0.65,3,326476,买盘
10:09:10,1088.7,0.0,2,217740,买盘
10:09:19,1088.7,0.0,1,108870,买盘
10:09:28,1088.05,-0.65,6,652956,卖盘
10:09:31,1088.06,0.01,1,108806,中性盘
10:09:34,1088.7,0.64,1,108870,买盘
10:09:37,1088.05,-0.65,1,108805,买盘
10:09:40,1088.16,0.11,55,5984102,中性盘
10:09:43,1088.7,0.54,2,217740,买盘
10:09:46,1088.16,-0.54,2,217618,中性盘
10:09:49,1088.0,-0.16,53,5696828,卖盘
10:09:52,1088.16,0.16,3,340568,买盘
10:10:01,1088.16,0.0,2,217686,卖盘
10:10:03,1088.16,0.0,1,108816,卖盘
10:10:08,1089.5,1.34,27,2940083,买盘
10:10:10,1089.5,0.0,1,108950,买盘
10:10:16,1089.56,0.06,3,326757,买盘
10:10:19,1090.0,0.44,49,5353215,买盘
10:10:22,1090.0,0.0,1,109000,卖盘
10:10:25,1090.01,0.01,2,218002,买盘
10:10:28,1090.0,-0.01,53,5777004,卖盘
10:10:30,1090.02,0.02,7,763002,买盘
10:10:34,1090.0,-0.02,3,313920,卖盘
10:10:36,1090.0,0.0,9,981002,卖盘
10:10:40,1090.0,0.0,5,545002,卖盘
10:10:43,1090.0,0.0,4,436005,卖盘
10:10:49,1090.02,0.02,13,1416572,买盘
10:10:51,1089.56,-0.46,1,108956,买盘
10:10:57,1089.56,0.0,7,762550,买盘
10:11:01,1089.56,0.0,1,108956,买盘
10:11:04,1089.56,0.0,1,108956,买盘
10:11:07,1089.56,0.0,2,217912,买盘
10:11:09,1089.2,-0.36,3,326769,卖盘
10:11:13,1089.2,0.0,1,108920,买盘
10:11:16,1089.2,0.0,3,326760,买盘
10:11:19,1089.2,0.0,2,217840,买盘
10:11:22,1089.2,0.0,12,1307040,买盘
10:11:25,1090.0,0.8,6,653856,买盘
10:11:28,1089.99,-0.01,12,1307999,卖盘
10:11:31,1089.99,0.0,9,980994,卖盘
10:11:33,1089.56,-0.43,10,1089956,卖盘
10:11:37,1090.02,0.46,16,1781093,买盘
10:11:40,1090.2,0.18,6,654120,买盘
10:11:43,1090.27,0.07,4,436093,买盘
10:11:46,1090.27,0.0,11,1201477,买盘
10:11:49,1090.3,0.03,3,327087,买盘
10:11:52,1090.39,0.09,6,654228,买盘
10:11:55,1090.39,0.0,15,1635576,买盘
10:11:57,1090.63,0.24,6,654322,买盘
10:12:00,1090.87,0.24,1,109087,买盘
10:12:04,1090.98,0.11,6,654564,买盘
10:12:07,1090.89,-0.09,1,109089,中性盘
10:12:10,1090.99,0.1,11,1200087,买盘
10:12:13,1091.0,0.01,35,3818486,买盘
10:12:16,1090.98,-0.02,1,109098,中性盘
10:12:19,1090.99,0.01,6,654593,买盘
10:12:22,1091.14,0.15,22,2400228,买盘
10:12:24,1091.0,-0.14,1,109100,中性盘
10:12:28,1091.28,0.28,10,1091252,买盘
10:12:31,1091.28,0.0,11,1200408,买盘
10:12:34,1091.28,0.0,7,763896,买盘
10:12:37,1091.36,0.08,3,327400,买盘
10:12:40,1091.43,0.07,3,327407,买盘
10:12:43,1091.49,0.06,2,218292,买盘
10:12:46,1091.49,0.0,1,109149,买盘
10:12:49,1091.49,0.0,2,218295,买盘
10:12:51,1091.5,0.01,4,436600,买盘
10:12:55,1091.5,0.0,4,436599,买盘
10:12:58,1091.5,0.0,3,327448,买盘
10:13:01,1091.52,0.02,9,982346,买盘
10:13:04,1091.46,-0.06,1,109146,卖盘
10:13:07,1091.49,0.03,4,436596,卖盘
10:13:10,1091.46,-0.03,8,873208,卖盘
10:13:13,1091.47,0.01,1,109147,中性盘
10:13:16,1091.4,-0.07,6,654871,卖盘
10:13:19,1091.55,0.15,31,3383657,买盘
10:13:21,1091.38,-0.17,2,218268,中性盘
10:13:24,1091.14,-0.24,8,873024,卖盘
10:13:31,1091.58,0.44,4,436609,买盘
10:13:34,1091.35,-0.23,23,2510613,卖盘
10:13:37,1091.46,0.11,1,109146,买盘
10:13:40,1091.47,0.01,2,218282,买盘
10:13:43,1091.54,0.07,4,436587,买盘
10:13:46,1091.6,0.06,22,2401484,买盘
10:13:49,1091.55,-0.05,8,873265,中性盘
10:13:52,1091.6,0.05,3,327480,买盘
10:13:55,1091.77,0.17,8,873297,买盘
10:13:58,1091.68,-0.09,3,327498,中性盘
10:14:01,1091.8,0.12,10,1091772,买盘
10:14:07,1091.73,-0.07,6,615757,卖盘
10:14:10,1091.79,0.06,8,873435,买盘
10:14:13,1091.73,-0.06,4,436706,卖盘
10:14:16,1091.88,0.15,6,655110,买盘
10:14:18,1091.79,-0.09,2,218356,买盘
10:14:21,1091.79,0.0,5,545895,买盘
10:14:25,1091.87,0.08,1,109187,买盘
10:14:28,1091.79,-0.08,1,109179,卖盘
10:14:31,1091.88,0.09,21,2292947,买盘
10:14:34,1091.88,0.0,3,327563,买盘
10:14:37,1091.88,0.0,1,109188,中性盘
10:14:40,1091.9,0.02,4,436759,买盘
10:14:43,1091.89,-0.01,3,327569,卖盘
10:14:45,1091.88,-0.01,6,655133,卖盘
10:14:49,1091.91,0.03,22,2402182,买盘
10:14:52,1091.9,-0.01,2,218382,卖盘
10:14:54,1091.93,0.03,1,109193,买盘
10:14:58,1091.93,0.0,1,109193,买盘
10:15:00,1091.9,-0.03,10,1091905,卖盘
10:15:04,1091.97,0.07,12,1310346,买盘
10:15:07,1091.94,-0.03,3,327578,中性盘
10:15:10,1091.98,0.04,4,436779,买盘
10:15:13,1091.98,0.0,4,436784,买盘
10:15:16,1091.98,0.0,5,545982,买盘
10:15:19,1091.98,0.0,6,655184,买盘
10:15:22,1091.97,-0.01,2,218395,中性盘
10:15:25,1091.98,0.01,1,109198,买盘
10:15:28,1091.94,-0.04,3,327584,卖盘
10:15:31,1091.98,0.04,6,655170,买盘
10:15:34,1091.99,0.01,29,3221315,买盘
10:15:37,1092.0,0.01,32,3494388,买盘
10:15:40,1091.96,-0.04,5,545969,买盘
10:15:43,1091.97,0.01,6,655173,买盘
10:15:46,1091.94,-0.03,1,109194,卖盘
10:15:47,1091.94,0.0,5,545982,卖盘
10:15:52,1091.94,0.0,3,327588,卖盘
10:15:53,1091.98,0.04,6,655179,买盘
10:16:01,1091.98,0.0,4,436784,买盘
10:16:04,1091.94,-0.04,3,327585,卖盘
10:16:07,1091.93,-0.01,2,218386,卖盘
10:16:10,1091.98,0.05,15,1637969,买盘
10:16:13,1091.93,-0.05,6,655159,卖盘
10:16:19,1091.95,0.02,11,1201127,买盘
10:16:22,1091.93,-0.02,1,109193,卖盘
10:16:25,1091.93,0.0,15,1582215,卖盘
10:16:28,1091.94,0.01,3,327581,中性盘
10:16:31,1091.93,-0.01,5,545967,卖盘
10:16:34,1091.93,0.0,3,327582,卖盘
10:16:37,1091.93,0.0,13,1420603,卖盘
10:16:40,1091.73,-0.2,12,1310240,卖盘
10:16:43,1091.87,0.14,2,218374,买盘
10:16:52,1091.52,-0.35,4,436608,卖盘
10:16:58,1091.5,-0.02,3,327454,卖盘
10:17:04,1091.52,0.02,1,109152,买盘
10:17:07,1091.52,0.0,5,545752,买盘
10:17:10,1091.47,-0.05,1,109147,卖盘
10:17:13,1091.35,-0.12,5,576274,卖盘
10:17:19,1091.49,0.14,9,982336,买盘
10:17:25,1091.35,-0.14,2,218284,卖盘
10:17:27,1091.35,0.0,1,109135,卖盘
10:17:30,1091.35,0.0,3,327419,卖盘
10:17:34,1091.35,0.0,3,327415,卖盘
10:17:36,1091.47,0.12,2,218282,买盘
10:17:40,1091.48,0.01,2,187721,买盘
10:17:43,1091.47,-0.01,3,327417,买盘
10:17:52,1091.47,0.0,2,218286,卖盘
10:17:55,1091.4,-0.07,1,109140,中性盘
10:17:58,1091.39,-0.01,4,436557,卖盘
10:18:01,1091.35,-0.04,1,109135,中性盘
10:18:03,1091.39,0.04,11,1200545,买盘
10:18:07,1091.47,0.08,2,218277,买盘
10:18:10,1091.35,-0.12,1,109135,卖盘
10:18:12,1091.3,-0.05,2,218260,卖盘
10:18:16,1091.3,0.0,1,109130,买盘
10:18:22,1091.3,0.0,2,218265,中性盘
10:18:28,1091.01,-0.29,2,218231,卖盘
10:18:31,1091.3,0.29,1,109130,买盘
10:18:34,1091.01,-0.29,17,1854862,卖盘
10:18:37,1091.3,0.29,1,109130,买盘
10:18:40,1091.01,-0.29,3,327332,卖盘
10:18:43,1091.01,0.0,3,327303,卖盘
10:18:46,1091.01,0.0,2,218202,卖盘
10:18:48,1091.01,0.0,3,327303,中性盘
10:18:52,1091.0,-0.01,2,218200,卖盘
10:18:58,1090.88,-0.12,1,109088,卖盘
10:19:00,1091.0,0.12,7,763676,买盘
10:19:04,1090.88,-0.12,2,218176,卖盘
10:19:06,1091.0,0.12,3,327288,买盘
10:19:10,1090.88,-0.12,1,109088,卖盘
10:19:16,1091.0,0.12,13,1418288,买盘
10:19:22,1091.0,0.0,3,327300,买盘
10:19:28,1090.88,-0.12,3,327264,卖盘
10:19:30,1091.0,0.12,9,981900,买盘
10:19:34,1090.88,-0.12,3,382899,卖盘
10:19:37,1090.88,0.0,3,271641,买盘
10:19:49,1090.88,0.0,10,1090864,买盘
10:19:55,1090.88,0.0,1,109088,买盘
10:20:01,1090.72,-0.16,1,109072,卖盘
10:20:02,1090.72,0.0,2,218144,卖盘
10:20:07,1090.86,0.14,1,109086,中性盘
10:20:10,1090.87,0.01,7,763458,买盘
10:20:13,1090.87,0.0,1,109087,买盘
10:20:19,1090.88,0.01,6,654524,买盘
10:20:28,1090.87,-0.01,1,109087,卖盘
10:20:31,1090.87,0.0,7,763610,卖盘
10:20:34,1090.87,0.0,3,327261,卖盘
10:20:37,1090.88,0.01,8,905425,买盘
10:20:40,1090.88,0.0,2,218176,买盘
10:20:42,1090.87,-0.01,3,327261,卖盘
10:20:46,1090.87,0.0,1,109087,卖盘
10:20:49,1090.87,0.0,12,1309055,卖盘
10:20:51,1090.87,0.0,7,730883,卖盘
10:20:55,1090.87,0.0,1,109087,买盘
10:21:01,1090.59,-0.28,4,436292,卖盘
10:21:04,1090.87,0.28,6,654522,买盘
10:21:06,1090.59,-0.28,1,109059,卖盘
10:21:10,1090.59,0.0,2,218146,卖盘
10:21:13,1090.59,0.0,1,109059,卖盘
10:21:16,1090.59,0.0,3,327205,卖盘
10:21:19,1090.87,0.28,5,578161,买盘
10:21:25,1090.88,0.01,1,109088,买盘
10:21:28,1090.97,0.09,17,1854510,买盘
10:21:31,1090.88,-0.09,8,872704,买盘
10:21:34,1090.88,0.0,3,327264,买盘
10:21:37,1091.0,0.12,11,1200067,买盘
10:21:40,1091.2,0.2,12,1255738,买盘
10:21:43,1091.2,0.0,2,218240,买盘
10:21:46,1091.2,0.0,12,1309340,买盘
10:21:49,1091.3,0.1,6,654739,买盘
10:21:52,1091.23,-0.07,12,1330186,卖盘
10:21:55,1091.47,0.24,3,327398,买盘
10:22:01,1091.23,-0.25,9,982292,卖盘
10:22:02,1091.49,0.26,5,545744,买盘
10:22:07,1091.49,0.0,10,1091487,买盘
10:22:10,1091.5,0.01,10,1091495,买盘
10:22:13,1091.49,-0.01,10,1091487,卖盘
10:22:16,1091.5,0.01,3,327448,买盘
10:22:18,1091.78,0.28,3,327478,买盘
10:22:21,1091.48,-0.3,4,436622,卖盘
10:22:25,1091.48,0.0,1,109148,买盘
10:22:31,1091.4,-0.08,4,436568,卖盘
10:22:34,1091.4,0.0,1,109140,买盘
10:22:37,1091.4,0.0,2,218280,买盘
10:22:40,1090.97,-0.43,1,109097,卖盘
10:22:43,1091.48,0.51,10,1091448,买盘
10:22:46,1091.33,-0.15,7,764001,卖盘
10:22:52,1091.33,0.0,1,109133,买盘
10:22:55,1091.33,0.0,2,218266,买盘
10:22:58,1091.33,0.0,5,545665,买盘
10:23:04,1091.29,-0.04,1,109129,买盘
10:23:06,1091.0,-0.29,1,109100,卖盘
10:23:10,1091.29,0.29,2,218258,买盘
10:23:13,1091.29,0.0,2,218258,买盘
10:23:16,1091.29,0.0,4,436507,买盘
10:23:19,1091.29,0.0,3,327358,买盘
10:23:22,1091.33,0.04,9,982185,买盘
10:23:28,1091.38,0.05,2,218271,买盘
10:23:30,1091.33,-0.05,4,436547,卖盘
10:23:34,1091.38,0.05,1,109138,买盘
10:23:37,1091.38,0.0,4,436552,买盘
10:23:40,1091.33,-0.05,1,109133,卖盘
10:23:43,1091.33,0.0,3,327404,卖盘
10:23:46,1091.38,0.05,2,218274,买盘
10:23:49,1091.38,0.0,1,109138,买盘
10:23:52,1091.33,-0.05,2,218271,卖盘
10:23:55,1091.38,0.05,14,1527922,买盘
10:23:58,1091.33,-0.05,2,218271,卖盘
10:24:01,1091.38,0.05,1,53478,中性盘
10:24:03,1091.38,0.0,2,218276,卖盘
10:24:06,1091.38,0.0,3,327419,卖盘
10:24:10,1091.47,0.09,1,109147,买盘
10:24:13,1091.46,-0.01,1,109146,中性盘
10:24:15,1091.47,0.01,1,109147,买盘
10:24:19,1091.46,-0.01,3,327435,中性盘
10:24:24,1091.47,0.01,7,764026,买盘
10:24:28,1091.43,-0.04,2,218286,卖盘
10:24:30,1091.46,0.03,1,109146,买盘
10:24:32,1091.47,0.01,6,654873,买盘
10:24:43,1091.47,0.0,3,327441,买盘
10:24:46,1091.47,0.0,2,218294,买盘
10:24:49,1091.47,0.0,4,436586,买盘
10:24:52,1091.47,0.0,1,109147,买盘
10:24:55,1091.46,-0.01,1,109146,卖盘
10:24:58,1091.47,0.01,1,109147,买盘
10:25:01,1091.47,0.0,3,327440,买盘
10:25:10,1091.47,0.0,4,436587,买盘
10:25:13,1091.47,0.0,2,218293,中性盘
10:25:16,1091.45,-0.02,4,436583,卖盘
10:25:22,1091.45,0.0,1,109145,买盘
10:25:28,1091.29,-0.16,8,873134,卖盘
10:25:31,1091.29,0.0,3,327409,卖盘
10:25:34,1091.0,-0.29,1,109100,卖盘
10:25:37,1091.0,0.0,1,109100,卖盘
10:25:40,1091.43,0.43,4,436495,买盘
10:25:43,1091.44,0.01,2,218287,买盘
10:25:49,1091.35,-0.09,2,218261,中性盘
10:25:52,1091.43,0.08,1,109143,买盘
10:25:55,1091.29,-0.14,1,109129,中性盘
10:25:58,1091.26,-0.03,15,1669646,卖盘
10:26:00,1091.44,0.18,6,654850,买盘
10:26:03,1091.44,0.0,1,109144,买盘
10:26:10,1091.29,-0.15,3,327398,卖盘
10:26:13,1091.4,0.11,4,436560,买盘
10:26:16,1091.29,-0.11,7,763976,卖盘
10:26:18,1091.4,0.11,1,109140,买盘
10:26:22,1091.43,0.03,4,436563,买盘
10:26:25,1091.31,-0.12,2,218262,卖盘
10:26:28,1091.43,0.12,7,763952,买盘
10:26:34,1091.0,-0.43,36,3895459,卖盘
10:26:37,1091.0,0.0,2,218200,买盘
10:26:39,1090.97,-0.03,1,109097,卖盘
10:26:43,1090.99,0.02,2,218196,买盘
10:26:46,1090.99,0.0,2,218196,买盘
10:26:49,1090.97,-0.02,1,109097,卖盘
10:26:52,1090.9,-0.07,12,1341844,卖盘
10:27:01,1090.85,-0.05,2,218170,卖盘
10:27:04,1090.17,-0.68,6,654442,卖盘
10:27:09,1090.85,0.68,1,109085,买盘
10:27:12,1090.85,0.0,2,218170,买盘
10:27:19,1090.76,-0.09,1,109076,买盘
10:27:22,1090.85,0.09,13,1421363,买盘
10:27:24,1090.75,-0.1,5,542124,买盘
10:27:34,1090.76,0.01,7,763384,买盘
10:27:37,1090.02,-0.74,6,654012,卖盘
10:27:42,1090.76,0.74,2,218152,买盘
10:27:46,1090.8,0.04,5,545399,买盘
10:27:49,1090.77,-0.03,6,654462,卖盘
10:27:52,1090.8,0.03,4,489768,买盘
10:27:55,1090.76,-0.04,11,1145905,买盘
10:27:58,1090.8,0.04,1,109079,卖盘
10:28:01,1090.0,-0.8,1,109000,卖盘
10:28:03,1090.77,0.77,1,109077,买盘
10:28:07,1090.0,-0.77,2,218000,卖盘
10:28:10,1090.75,0.75,4,436300,买盘
10:28:16,1090.0,-0.75,1,109000,卖盘
10:28:22,1090.0,0.0,4,436070,卖盘
10:28:25,1090.0,0.0,2,218074,卖盘
10:28:34,1090.66,0.66,2,218132,买盘
10:28:36,1090.6,-0.06,1,109060,中性盘
10:28:43,1090.63,0.03,3,327063,买盘
10:28:45,1090.63,0.0,5,545260,中性盘
10:28:49,1090.5,-0.13,2,218100,买盘
10:28:52,1090.0,-0.5,3,327060,卖盘
10:28:55,1090.0,0.0,1,109000,卖盘
10:29:01,1090.6,0.6,13,1417776,买盘
10:29:03,1090.6,0.0,3,327180,买盘
10:29:10,1090.6,0.0,3,327179,买盘
10:29:13,1090.58,-0.02,3,327174,中性盘
10:29:18,1090.1,-0.48,1,109010,卖盘
10:29:22,1090.58,0.48,2,218116,买盘
10:29:25,1090.58,0.0,1,109058,买盘
10:29:28,1090.6,0.02,2,218120,买盘
10:29:34,1090.58,-0.02,1,109058,中性盘
10:29:37,1090.1,-0.48,2,218024,卖盘
10:29:46,1090.6,0.5,3,327132,买盘
10:29:49,1090.21,-0.39,2,218081,中性盘
10:29:52,1090.6,0.39,10,1090600,买盘
10:29:55,1090.66,0.06,8,872516,买盘
10:29:58,1090.66,0.0,5,545306,买盘
10:30:00,1090.66,0.0,2,221403,买盘
10:30:04,1090.66,0.0,1,109066,买盘
10:30:07,1090.66,0.0,3,327198,买盘
10:30:10,1090.66,0.0,10,1090660,买盘
10:30:13,1090.74,0.08,7,763496,买盘
10:30:15,1090.77,0.03,1,109077,买盘
10:30:18,1090.8,0.03,6,654444,买盘
10:30:22,1090.8,0.0,3,327240,买盘
10:30:25,1090.8,0.0,1,109080,买盘
10:30:28,1090.8,0.0,6,654470,买盘
10:30:31,1090.8,0.0,7,763560,买盘
10:30:34,1090.8,0.0,5,545398,买盘
10:30:37,1090.8,0.0,1,109080,买盘
10:30:40,1090.85,0.05,8,872645,买盘
10:30:43,1090.8,-0.05,7,763560,卖盘
10:30:46,1090.85,0.05,2,218170,买盘
10:30:47,1090.85,0.0,5,545409,买盘
10:30:51,1090.85,0.0,1,109085,买盘
10:30:55,1090.85,0.0,1,109085,买盘
10:30:57,1090.84,-0.01,4,436339,中性盘
10:31:01,1090.86,0.02,1,112359,买盘
10:31:04,1090.88,0.02,3,327264,买盘
10:31:07,1090.89,0.01,2,218178,买盘
10:31:10,1090.86,-0.03,3,272715,卖盘
10:31:15,1090.9,0.04,4,436360,买盘
10:31:19,1090.9,0.0,2,218180,买盘
10:31:21,1090.9,0.0,2,218180,买盘
10:31:25,1090.9,0.0,4,436359,买盘
10:31:28,1090.9,0.0,2,218180,买盘
10:31:30,1090.89,-0.01,1,185452,卖盘
10:31:34,1090.89,0.0,6,578172,卖盘
10:31:36,1090.89,0.0,1,109089,买盘
10:31:40,1090.89,0.0,3,327267,买盘
10:31:43,1090.64,-0.25,74,8071857,卖盘
10:31:46,1090.64,0.0,2,218128,买盘
10:31:52,1090.64,0.0,3,327192,买盘
10:31:55,1090.63,-0.01,3,327190,卖盘
10:32:01,1090.64,0.01,1,109064,买盘
10:32:04,1090.64,0.0,5,545320,买盘
10:32:07,1090.62,-0.02,5,545316,卖盘
10:32:10,1090.62,0.0,1,109062,买盘
10:32:15,1090.62,0.0,8,872496,买盘
10:32:18,1090.62,0.0,3,327186,卖盘
10:32:21,1090.62,0.0,11,1199682,卖盘
10:32:24,1090.64,0.02,6,654379,买盘
10:32:30,1090.62,-0.02,1,109062,卖盘
10:32:33,1090.62,0.0,10,1090621,卖盘
10:32:40,1090.71,0.09,1,109071,中性盘
10:32:43,1090.87,0.16,4,436323,买盘
10:32:46,1090.88,0.01,6,654528,买盘
10:32:49,1090.89,0.01,7,763622,买盘
10:32:54,1090.92,0.03,3,250906,买盘
10:33:01,1090.89,-0.03,1,109089,卖盘
10:33:04,1090.88,-0.01,9,981802,卖盘
10:33:07,1090.92,0.04,2,294548,卖盘
10:33:10,1090.95,0.03,4,436369,买盘
10:33:13,1090.89,-0.06,12,1309130,卖盘
10:33:16,1090.91,0.02,3,327271,卖盘
10:33:19,1090.96,0.05,2,218191,买盘
10:33:22,1090.95,-0.01,2,218185,中性盘
10:33:25,1090.96,0.01,3,327288,卖盘
10:33:31,1090.96,0.0,1,109096,卖盘
10:33:33,1090.97,0.01,1,109097,买盘
10:33:43,1090.97,0.0,3,327291,买盘
10:33:46,1090.95,-0.02,6,654575,卖盘
10:33:49,1090.97,0.02,1,109097,买盘
10:33:58,1090.95,-0.02,3,327289,卖盘
10:34:03,1090.96,0.01,1,109096,买盘
10:34:07,1090.96,0.0,3,327288,买盘
10:34:10,1090.98,0.02,12,1309149,买盘
10:34:16,1090.96,-0.02,15,1636439,买盘
10:34:19,1090.95,-0.01,4,436380,卖盘
10:34:25,1090.96,0.01,1,109096,买盘
10:34:28,1090.6,-0.36,17,1854521,卖盘
10:34:34,1090.96,0.36,2,185462,买盘
10:34:37,1090.6,-0.36,47,5155312,买盘
10:34:43,1090.5,-0.1,1,109050,买盘
10:34:49,1090.5,0.0,3,327150,买盘
10:34:52,1090.28,-0.22,1,109028,卖盘
10:34:53,1090.28,0.0,1,109028,卖盘
10:34:58,1090.28,0.0,1,109028,卖盘
10:35:00,1090.28,0.0,3,327106,卖盘
10:35:04,1090.19,-0.09,2,218046,卖盘
10:35:07,1090.19,0.0,3,327057,卖盘
10:35:19,1090.1,-0.09,6,654049,卖盘
10:35:22,1090.1,0.0,1,109010,卖盘
10:35:24,1089.56,-0.54,8,871745,卖盘
10:35:28,1090.1,0.54,3,327030,卖盘
10:35:31,1090.1,0.0,2,218020,卖盘
10:35:34,1090.1,0.0,7,763070,卖盘
10:35:37,1090.0,-0.1,7,763060,卖盘
10:35:46,1089.56,-0.44,4,435824,卖盘
10:35:49,1089.2,-0.36,4,435752,卖盘
10:35:52,1090.0,0.8,5,544824,买盘
10:35:58,1090.0,0.0,2,217920,买盘
10:36:01,1089.2,-0.8,1,108920,卖盘
10:36:10,1089.56,0.36,1,108956,卖盘
10:36:12,1089.99,0.43,12,1307515,买盘
10:36:19,1089.2,-0.79,2,217840,卖盘
10:36:21,1089.0,-0.2,10,1089018,卖盘
10:36:27,1088.88,-0.12,3,326664,卖盘
10:36:30,1088.88,0.0,1,108888,买盘
10:36:34,1088.88,0.0,3,326648,买盘
10:36:39,1088.13,-0.75,4,435252,卖盘
10:36:43,1088.0,-0.13,21,2284950,卖盘
10:36:52,1088.0,0.0,4,435200,卖盘
10:36:58,1088.0,0.0,2,228560,卖盘
10:37:01,1087.99,-0.01,15,1565631,卖盘
10:37:04,1087.99,0.0,1,127296,买盘
10:37:07,1087.99,0.0,2,217599,买盘
10:37:09,1087.99,0.0,2,254591,买盘
10:37:13,1087.99,0.0,1,108799,买盘
10:37:22,1087.99,0.0,4,435191,买盘
10:37:25,1087.94,-0.05,2,217590,卖盘
10:37:28,1087.99,0.05,10,1087990,买盘
10:37:30,1088.0,0.01,18,1932279,买盘
10:37:34,1088.51,0.51,3,326553,买盘
10:37:37,1088.51,0.0,1,108851,卖盘
10:37:40,1088.77,0.26,1,108877,买盘
10:37:48,1088.85,0.08,4,381075,买盘
10:37:52,1088.85,0.0,2,217770,买盘
10:37:55,1088.8,-0.05,5,544404,卖盘
10:37:58,1089.17,0.37,1,108917,买盘
10:38:04,1089.17,0.0,7,762419,买盘
10:38:06,1089.17,0.0,3,326751,买盘
10:38:10,1090.0,0.83,1,109000,买盘
10:38:13,1089.99,-0.01,1,108999,买盘
10:38:18,1089.98,-0.01,1,108998,买盘
10:38:21,1090.0,0.02,2,218000,买盘
10:38:24,1089.21,-0.79,17,1852921,卖盘
10:38:28,1089.21,0.0,3,326763,卖盘
10:38:31,1090.0,0.79,2,217988,买盘
10:38:34,1089.21,-0.79,5,544918,卖盘
10:38:37,1090.0,0.79,1,109000,买盘
10:38:40,1089.21,-0.79,1,108921,卖盘
10:38:46,1089.99,0.78,3,326900,买盘
10:38:52,1090.0,0.01,8,871443,买盘
10:38:54,1089.21,-0.79,3,326761,中性盘
10:38:58,1090.0,0.79,1,109000,买盘
10:39:01,1089.2,-0.8,6,653597,卖盘
10:39:04,1089.97,0.77,1,108997,买盘
10:39:07,1089.2,-0.77,10,1089746,卖盘
10:39:10,1089.2,0.0,4,435680,买盘
10:39:13,1089.2,0.0,5,544560,买盘
10:39:15,1088.8,-0.4,3,326720,卖盘
10:39:22,1088.8,0.0,9,980121,卖盘
10:39:25,1089.0,0.2,3,326680,买盘
10:39:31,1089.0,0.0,6,653300,买盘
10:39:37,1088.51,-0.49,1,108851,卖盘
10:39:40,1088.51,0.0,3,326582,卖盘
10:39:43,1088.51,0.0,2,217702,中性盘
10:39:46,1088.8,0.29,5,544284,买盘
10:39:52,1088.8,0.0,4,435341,买盘
10:39:55,1088.0,-0.8,12,1305615,卖盘
10:40:00,1088.07,0.07,10,1088007,买盘
10:40:03,1088.0,-0.07,13,1414397,买盘
10:40:07,1088.8,0.8,2,217760,买盘
10:40:13,1088.0,-0.8,8,870554,买盘
10:40:16,1089.21,1.21,1,108921,买盘
10:40:19,1087.88,-1.33,15,1631900,卖盘
10:40:22,1089.21,1.33,2,217800,买盘
10:40:25,1089.21,0.0,2,217800,买盘
10:40:28,1089.21,0.0,1,108921,买盘
10:40:34,1088.79,-0.42,7,762196,卖盘
10:40:40,1088.79,0.0,2,217758,卖盘
10:40:43,1088.79,0.0,1,108879,买盘
10:40:46,1088.79,0.0,1,108879,买盘
10:40:49,1088.79,0.0,1,108879,买盘
10:40:52,1088.79,0.0,1,108879,买盘
10:40:55,1088.79,0.0,3,326637,买盘
10:40:58,1088.78,-0.01,2,217756,卖盘
10:41:04,1088.78,0.0,1,108878,买盘
10:41:07,1088.78,0.0,1,108878,买盘
10:41:10,1088.78,0.0,2,217756,买盘
10:41:13,1088.39,-0.39,3,326517,卖盘
10:41:22,1088.0,-0.39,5,544039,卖盘
10:41:25,1088.0,0.0,13,1414517,卖盘
10:41:31,1088.0,0.0,4,435200,买盘
10:41:37,1088.0,0.0,5,543998,买盘
10:41:40,1087.59,-0.41,6,706048,卖盘
10:41:43,1087.59,0.0,1,130531,买盘
10:41:46,1087.59,0.0,2,142485,买盘
10:41:49,1087.7,0.11,5,618834,卖盘
10:41:52,1087.79,0.09,1,108779,买盘
10:41:55,1087.79,0.0,4,435116,买盘
10:41:58,1087.85,0.06,5,543919,买盘
10:42:01,1088.0,0.15,5,543985,买盘
10:42:04,1088.39,0.39,11,1180531,买盘
10:42:07,1088.79,0.4,2,217758,买盘
10:42:10,1088.79,0.0,2,217758,买盘
10:42:19,1088.0,-0.79,1,108800,卖盘
10:42:21,1088.79,0.79,3,326637,买盘
10:42:31,1089.98,1.19,2,217996,买盘
10:42:37,1088.79,-1.19,2,217719,买盘
10:42:40,1088.79,0.0,2,217758,买盘
10:42:43,1088.4,-0.39,3,326520,卖盘
10:42:48,1088.4,0.0,1,108840,卖盘
10:42:51,1089.97,1.57,1,108997,买盘
10:42:54,1089.97,0.0,1,108997,买盘
10:43:01,1087.85,-2.12,10,1088263,卖盘
10:43:04,1089.97,2.12,14,1525951,买盘
10:43:07,1089.96,-0.01,5,544824,买盘
10:43:10,1089.98,0.02,5,544990,买盘
10:43:13,1089.98,0.0,1,108998,卖盘
10:43:19,1089.99,0.01,1,108999,买盘
10:43:24,1089.98,-0.01,2,217996,卖盘
10:43:31,1089.85,-0.13,2,217970,卖盘
10:43:34,1089.98,0.13,1,108998,买盘
10:43:43,1089.85,-0.13,1,108985,买盘
10:43:46,1087.91,-1.94,1,108791,中性盘
10:43:49,1088.0,0.09,2,249522,中性盘
10:43:52,1089.85,1.85,1,108985,买盘
10:43:55,1088.0,-1.85,1,108800,卖盘
10:43:58,1088.0,0.0,1,108800,卖盘
10:44:07,1089.8,1.8,1,108980,买盘
10:44:10,1089.97,0.17,3,326978,买盘
10:44:13,1089.95,-0.02,2,217990,中性盘
10:44:19,1089.97,0.02,6,653968,买盘
10:44:22,1089.96,-0.01,2,217979,中性盘
10:44:25,1089.96,0.0,1,108996,买盘
10:44:27,1089.84,-0.12,3,326952,卖盘
10:44:31,1089.84,0.0,2,217968,卖盘
10:44:34,1089.84,0.0,4,373820,中性盘
10:44:40,1089.88,0.04,3,326956,买盘
10:44:43,1089.8,-0.08,12,1307780,卖盘
10:44:46,1089.8,0.0,4,498038,卖盘
10:44:49,1089.8,0.0,1,46862,卖盘
10:44:54,1089.8,0.0,1,108980,卖盘
10:44:57,1089.8,0.0,2,280078,买盘
10:45:01,1089.57,-0.23,1,108957,买盘
10:45:04,1089.75,0.18,2,217955,卖盘
10:45:07,1088.1,-1.65,1,108810,卖盘
10:45:13,1089.8,1.7,1,108980,买盘
10:45:16,1089.8,0.0,5,544897,买盘
10:45:19,1088.1,-1.7,4,435240,卖盘
10:45:27,1088.02,-0.08,4,435232,卖盘
10:45:31,1088.03,0.01,1,108803,中性盘
10:45:33,1088.1,0.07,3,326430,买盘
10:45:37,1088.03,-0.07,2,217606,卖盘
10:45:40,1088.03,0.0,2,217606,卖盘
10:45:43,1088.1,0.07,5,544050,买盘
10:45:46,1088.03,-0.07,2,217606,卖盘
10:45:49,1088.1,0.07,3,326421,买盘
10:45:52,1088.01,-0.09,4,435222,卖盘
10:45:55,1088.01,0.0,2,217602,买盘
10:46:01,1088.01,0.0,22,2393600,买盘
10:46:04,1088.01,0.0,2,217602,买盘
10:46:07,1088.01,0.0,13,1375245,买盘
10:46:13,1088.7,0.69,2,217740,买盘
10:46:16,1088.7,0.0,1,108870,中性盘
10:46:25,1089.5,0.8,7,762112,买盘
10:46:32,1088.7,-0.8,3,326610,买盘
10:46:37,1088.7,0.0,10,1088700,买盘
10:46:40,1088.7,0.0,3,326542,买盘
10:46:46,1088.7,0.0,1,108870,买盘
10:46:49,1088.01,-0.69,26,2828826,卖盘
10:46:52,1088.5,0.49,1,108850,买盘
10:47:01,1088.5,0.0,3,326550,卖盘
10:47:04,1088.01,-0.49,5,544201,卖盘
10:47:07,1088.5,0.49,5,544250,买盘
10:47:10,1088.7,0.2,1,108870,买盘
10:47:13,1088.5,-0.2,3,326570,卖盘
10:47:19,1088.7,0.2,2,217740,买盘
10:47:23,1088.5,-0.2,4,435420,卖盘
10:47:25,1088.01,-0.49,14,1562935,卖盘
10:47:28,1088.0,-0.01,4,435200,卖盘
10:47:30,1088.01,0.01,1,108801,买盘
10:47:34,1088.01,0.0,2,217602,买盘
10:47:36,1088.01,0.0,15,1632012,买盘
10:47:40,1088.01,0.0,1,69633,卖盘
10:47:42,1088.01,0.0,4,474369,卖盘
10:47:46,1087.95,-0.06,3,326390,卖盘
10:47:49,1087.95,0.0,6,652773,卖盘
10:47:54,1087.95,0.0,1,108795,中性盘
10:47:58,1087.92,-0.03,1,108792,卖盘
10:48:00,1087.9,-0.02,2,217582,卖盘
10:48:04,1087.85,-0.05,3,326360,卖盘
10:48:07,1087.95,0.1,4,435170,买盘
10:48:10,1087.95,0.0,1,108795,卖盘
10:48:13,1087.95,0.0,7,761565,卖盘
10:48:16,1087.8,-0.15,2,145781,卖盘
10:48:19,1087.95,0.15,1,108795,中性盘
10:48:28,1088.0,0.05,1,108800,买盘
10:48:37,1088.0,0.0,15,1632000,买盘
10:48:40,1088.0,0.0,3,326396,买盘
10:48:43,1088.0,0.0,2,217600,买盘
10:48:45,1088.01,0.01,5,544002,买盘
10:48:49,1088.01,0.0,1,108801,买盘
10:48:52,1088.01,0.0,1,108801,买盘
10:48:55,1088.0,-0.01,10,1157635,卖盘
10:48:58,1088.45,0.45,1,108845,买盘
10:49:01,1088.5,0.05,2,217700,买盘
10:49:03,1088.5,0.0,5,544250,买盘
10:49:07,1088.5,0.0,4,435400,买盘
10:49:10,1088.7,0.2,3,326541,买盘
10:49:13,1088.49,-0.21,1,108849,中性盘
10:49:16,1088.7,0.21,2,217740,买盘
10:49:19,1088.7,0.0,1,108870,买盘
10:49:21,1088.7,0.0,1,108870,买盘
10:49:25,1088.7,0.0,3,326610,买盘
10:49:28,1088.74,0.04,2,217744,买盘
10:49:31,1089.4,0.66,1,108940,买盘
10:49:33,1089.48,0.08,1,108948,买盘
10:49:40,1089.8,0.32,2,217960,买盘
10:49:43,1089.8,0.0,4,435920,买盘
10:49:46,1089.8,0.0,5,544860,买盘
10:49:49,1089.8,0.0,1,108980,买盘
10:49:52,1089.8,0.0,1,108980,买盘
10:49:58,1089.8,0.0,3,326940,买盘
10:50:01,1089.4,-0.4,28,3050360,卖盘
10:50:03,1089.4,0.0,4,435760,买盘
10:50:10,1089.39,-0.01,3,326817,中性盘
10:50:13,1089.4,0.01,6,653637,买盘
10:50:16,1089.4,0.0,5,544700,买盘
10:50:19,1089.0,-0.4,8,871406,卖盘
10:50:22,1089.0,0.0,4,435600,买盘
10:50:25,1089.0,0.0,6,653400,买盘
10:50:27,1089.0,0.0,2,162261,买盘
10:50:31,1088.7,-0.3,3,326625,买盘
10:50:34,1089.0,0.3,1,108900,卖盘
10:50:36,1088.7,-0.3,1,108870,卖盘
10:50:40,1089.0,0.3,2,217800,买盘
10:50:43,1089.8,0.8,3,326859,买盘
10:50:46,1088.7,-1.1,3,326749,卖盘
10:50:55,1089.5,0.8,1,108950,买盘
10:50:57,1089.0,-0.5,2,217800,卖盘
10:51:01,1089.5,0.5,1,108950,买盘
10:51:04,1089.5,0.0,2,217900,买盘
10:51:13,1089.78,0.28,5,544806,买盘
10:51:16,1089.78,0.0,2,217956,买盘
10:51:22,1089.78,0.0,7,762846,买盘
10:51:25,1089.78,0.0,3,326934,卖盘
10:51:28,1089.79,0.01,2,217958,买盘
10:51:31,1089.79,0.0,1,108979,买盘
10:51:34,1089.8,0.01,2,217959,买盘
10:51:37,1089.8,0.0,4,435920,买盘
10:51:40,1089.8,0.0,2,264821,买盘
10:51:46,1089.84,0.04,3,326948,买盘
10:51:52,1089.88,0.04,2,217976,买盘
10:51:54,1089.99,0.11,15,1634980,买盘
10:51:58,1089.99,0.0,5,544995,买盘
10:52:01,1090.0,0.01,19,2071000,买盘
10:52:04,1090.0,0.0,9,980998,买盘
10:52:07,1090.08,0.08,21,2289168,买盘
10:52:10,1090.19,0.11,3,327057,买盘
10:52:13,1090.19,0.0,2,218038,买盘
10:52:15,1090.5,0.31,13,1330067,买盘
10:52:20,1090.2,-0.3,5,545194,卖盘
10:52:22,1090.88,0.68,4,436267,买盘
10:52:24,1090.88,0.0,3,327256,中性盘
10:52:28,1090.88,0.0,3,327206,中性盘
10:52:31,1090.9,0.02,7,763626,买盘
10:52:34,1090.9,0.0,3,327266,中性盘
10:52:37,1090.9,0.0,1,162543,买盘
10:52:40,1090.9,0.0,1,109090,中性盘
10:52:43,1090.9,0.0,1,109090,买盘
10:52:46,1090.9,0.0,8,872720,买盘
10:52:49,1090.92,0.02,81,8837047,卖盘
10:52:51,1090.94,0.02,5,545479,中性盘
10:52:55,1091.0,0.06,2,218200,买盘
10:52:58,1091.0,0.0,1,109100,买盘
10:53:00,1091.0,0.0,2,218200,买盘
10:53:04,1091.11,0.11,76,8292158,买盘
10:53:07,1091.46,0.35,2,218292,买盘
10:53:10,1091.45,-0.01,4,436454,卖盘
10:53:12,1091.5,0.05,12,1342524,买盘
10:53:19,1091.5,0.0,1,109150,卖盘
10:53:21,1091.53,0.03,2,218306,买盘
10:53:28,1091.5,-0.03,3,327450,卖盘
10:53:31,1091.6,0.1,7,764072,买盘
10:53:34,1091.53,-0.07,5,532661,买盘
10:53:43,1091.5,-0.03,3,340556,卖盘
10:53:46,1091.46,-0.04,2,185553,中性盘
10:53:49,1091.46,0.0,1,109146,卖盘
10:53:52,1091.45,-0.01,17,1888214,卖盘
10:53:55,1091.45,0.0,6,641774,卖盘
10:54:01,1091.46,0.01,3,327442,卖盘
10:54:03,1091.45,-0.01,3,327437,卖盘
10:54:07,1091.5,0.05,19,2054115,买盘
10:54:10,1091.44,-0.06,1,109144,买盘
10:54:13,1090.92,-0.52,5,545529,卖盘
10:54:15,1091.0,0.08,1,109100,中性盘
10:54:19,1089.96,-1.04,7,763385,卖盘
10:54:25,1089.78,-0.18,3,326946,卖盘
10:54:28,1089.9,0.12,2,217980,买盘
10:54:31,1090.97,1.07,15,1635505,买盘
10:54:35,1091.43,0.46,7,763725,买盘
10:54:38,1090.97,-0.46,2,218194,卖盘
10:54:43,1089.96,-1.01,4,435984,卖盘
10:54:50,1089.96,0.0,2,217884,买盘
10:54:52,1089.96,0.0,2,217992,买盘
10:54:55,1089.96,0.0,1,108996,买盘
10:54:57,1089.9,-0.06,3,326982,卖盘
10:55:01,1089.96,0.06,1,108996,买盘
10:55:04,1089.96,0.0,2,217991,买盘
10:55:08,1089.9,-0.06,3,326970,卖盘
10:55:16,1089.96,0.06,1,108996,买盘
10:55:22,1089.96,0.0,13,1416948,买盘
10:55:25,1090.15,0.19,1,109015,买盘
10:55:34,1090.15,0.0,1,109015,买盘
10:55:40,1090.15,0.0,7,763105,卖盘
10:55:43,1090.15,0.0,1,109015,卖盘
10:55:46,1090.96,0.81,5,545426,买盘
10:55:49,1090.96,0.0,1,109096,买盘
10:55:55,1090.96,0.0,1,109096,买盘
10:55:58,1090.2,-0.76,2,218040,卖盘
10:56:05,1090.9,0.7,1,109090,买盘
10:56:07,1090.2,-0.7,2,218040,卖盘
10:56:16,1090.94,0.74,2,218114,买盘
10:56:19,1090.94,0.0,1,109094,中性盘
10:56:22,1090.21,-0.73,8,925007,卖盘
10:56:25,1090.21,0.0,2,218111,卖盘
10:56:31,1090.21,0.0,4,383754,卖盘
10:56:40,1090.21,0.0,1,109021,买盘
10:56:46,1090.0,-0.21,1,109000,中性盘
10:56:48,1090.21,0.21,1,109021,买盘
10:56:52,1089.96,-0.25,1,108996,卖盘
10:56:55,1090.21,0.25,1,109021,买盘
10:56:58,1090.21,0.0,6,654126,买盘
10:57:04,1090.21,0.0,3,327063,买盘
10:57:08,1090.21,0.0,1,161351,买盘
10:57:10,1090.26,0.05,1,109026,买盘
10:57:13,1090.78,0.52,2,218104,买盘
10:57:16,1090.01,-0.77,5,545105,卖盘
10:57:19,1090.77,0.76,1,109077,买盘
10:57:21,1090.01,-0.76,1,109001,卖盘
10:57:31,1090.0,-0.01,6,653992,买盘
10:57:35,1089.5,-0.5,9,980892,卖盘
10:57:50,1089.12,-0.38,4,435648,卖盘
10:57:52,1089.5,0.38,21,2287836,买盘
10:58:01,1089.49,-0.01,3,326811,中性盘
10:58:04,1089.12,-0.37,2,217825,卖盘
10:58:07,1089.49,0.37,1,108949,买盘
10:58:10,1089.14,-0.35,1,108914,卖盘
10:58:16,1089.13,-0.01,1,108913,买盘
10:58:19,1089.13,0.0,1,108913,买盘
10:58:22,1089.13,0.0,2,217826,买盘
10:58:25,1089.13,0.0,1,108913,买盘
10:58:28,1089.13,0.0,1,108913,买盘
10:58:35,1089.14,0.01,10,1089140,买盘
10:58:37,1089.49,0.35,1,108949,买盘
10:58:46,1089.39,-0.1,1,108939,买盘
10:58:50,1089.39,0.0,1,108939,买盘
10:58:52,1089.5,0.11,7,762636,买盘
10:58:55,1089.5,0.0,1,108950,买盘
10:59:01,1089.5,0.0,1,108950,买盘
10:59:05,1089.5,0.0,2,217889,买盘
10:59:10,1089.5,0.0,13,1416350,买盘
10:59:13,1089.5,0.0,2,217900,买盘
10:59:16,1090.0,0.5,17,1852739,买盘
10:59:20,1090.01,0.01,1,109001,买盘
10:59:22,1090.01,0.0,3,327001,买盘
10:59:28,1090.01,0.0,4,436004,买盘
10:59:31,1090.11,0.1,2,171148,中性盘
10:59:34,1090.77,0.66,1,109077,买盘
10:59:37,1090.12,-0.65,1,109012,中性盘
10:59:40,1090.77,0.65,1,109077,买盘
10:59:46,1090.3,-0.47,2,218042,买盘
10:59:50,1090.5,0.2,1,109050,买盘
10:59:52,1090.89,0.39,8,872637,买盘
11:00:01,1090.5,-0.39,2,218116,卖盘
11:00:05,1090.5,0.0,2,218116,卖盘
11:00:07,1090.66,0.16,6,654396,买盘
11:00:10,1090.89,0.23,4,436356,买盘
11:00:13,1090.88,-0.01,3,327265,中性盘
11:00:16,1090.89,0.01,3,327265,买盘
11:00:20,1090.89,0.0,2,218178,买盘
11:00:22,1090.9,0.01,9,981809,买盘
11:00:25,1090.9,0.0,9,981810,买盘
11:00:28,1091.0,0.1,19,2072884,买盘
11:00:31,1091.37,0.37,23,2509374,买盘
11:00:37,1091.09,-0.28,2,218218,卖盘
11:00:41,1091.37,0.28,2,218246,买盘
11:00:43,1091.09,-0.28,1,109109,卖盘
11:00:49,1091.37,0.28,3,327411,买盘
11:00:52,1091.38,0.01,10,1091269,买盘
11:00:58,1091.38,0.0,2,218275,买盘
11:01:01,1091.38,0.0,6,654826,买盘
11:01:04,1091.42,0.04,4,436565,买盘
11:01:11,1091.43,0.01,2,218285,买盘
11:01:13,1091.43,0.0,2,218286,买盘
11:01:16,1091.44,0.01,4,436574,买盘
11:01:22,1091.45,0.01,1,109145,买盘
11:01:25,1091.42,-0.03,1,109142,卖盘
11:01:28,1091.48,0.06,1,109148,买盘
11:01:31,1091.48,0.0,2,218296,买盘
11:01:34,1091.46,-0.02,3,327440,卖盘
11:01:37,1091.46,0.0,3,327440,卖盘
11:01:40,1091.42,-0.04,4,380917,卖盘
11:01:43,1091.46,0.04,11,1200606,买盘
11:01:46,1091.42,-0.04,1,109142,卖盘
11:01:49,1091.42,0.0,1,109142,卖盘
11:01:52,1091.42,0.0,1,109142,卖盘
11:01:55,1091.46,0.04,8,873167,买盘
11:01:58,1091.42,-0.04,2,218288,卖盘
11:02:01,1091.42,0.0,6,654852,卖盘
11:02:10,1091.4,-0.02,1,109140,卖盘
11:02:13,1091.4,0.0,8,873132,卖盘
11:02:16,1091.42,0.02,1,109142,买盘
11:02:20,1091.42,0.0,10,1091410,买盘
11:02:22,1091.4,-0.02,3,327424,中性盘
11:02:28,1091.42,0.02,15,1637084,买盘
11:02:31,1091.42,0.0,9,982271,买盘
11:02:35,1091.38,-0.04,5,545702,中性盘
11:02:37,1091.38,0.0,1,141879,买盘
11:02:40,1091.38,0.0,1,109138,中性盘
11:02:46,1091.41,0.03,1,109141,买盘
11:02:50,1091.38,-0.03,3,327412,买盘
11:02:52,1091.41,0.03,2,218282,买盘
11:02:55,1091.37,-0.04,10,1091401,卖盘
11:02:58,1091.4,0.03,1,109140,买盘
11:03:01,1091.41,0.01,3,327415,买盘
11:03:05,1091.41,0.0,1,109141,买盘
11:03:10,1091.37,-0.04,3,327411,卖盘
11:03:16,1091.41,0.04,1,109141,买盘
11:03:20,1091.38,-0.03,1,109138,卖盘
11:03:25,1091.4,0.02,1,109140,买盘
11:03:28,1091.4,0.0,4,436556,买盘
11:03:31,1091.39,-0.01,1,109139,中性盘
11:03:35,1091.39,0.0,2,218277,买盘
11:03:37,1091.38,-0.01,40,4365520,卖盘
11:03:40,1091.3,-0.08,10,1091363,卖盘
11:03:43,1091.3,0.0,2,218260,买盘
11:03:46,1091.3,0.0,7,763910,买盘
11:03:50,1091.3,0.0,24,2619120,买盘
11:03:52,1091.3,0.0,5,545680,卖盘
11:03:55,1091.39,0.09,6,654834,买盘
11:04:01,1091.39,0.0,8,873110,买盘
11:04:05,1091.38,-0.01,3,327414,卖盘
11:04:07,1091.38,0.0,8,873104,卖盘
11:04:10,1091.39,0.01,4,436554,买盘
11:04:13,1091.38,-0.01,1,109138,卖盘
11:04:20,1091.39,0.01,1,109139,买盘
11:04:22,1091.39,0.0,4,436556,买盘
11:04:25,1091.39,0.0,4,436553,买盘
11:04:31,1091.38,-0.01,4,436552,卖盘
11:04:35,1091.39,0.01,2,218277,买盘
11:04:37,1091.38,-0.01,4,436552,卖盘
11:04:40,1091.38,0.0,1,109138,买盘
11:04:44,1091.39,0.01,5,545691,买盘
11:04:50,1091.38,-0.01,5,545686,中性盘
11:04:52,1091.39,0.01,6,654831,买盘
11:04:55,1091.39,0.0,4,436555,买盘
11:04:58,1091.37,-0.02,8,873099,卖盘
11:05:01,1091.37,0.0,1,109137,买盘
11:05:05,1091.37,0.0,4,436548,买盘
11:05:10,1091.37,0.0,1,109137,买盘
11:05:14,1091.36,-0.01,1,109136,买盘
11:05:16,1091.36,0.0,1,109136,买盘
11:05:20,1091.35,-0.01,3,327407,卖盘
11:05:22,1091.36,0.01,3,327409,卖盘
11:05:25,1091.36,0.0,1,109136,卖盘
11:05:28,1091.37,0.01,1,109137,买盘
11:05:31,1091.36,-0.01,1,109136,卖盘
11:05:35,1091.37,0.01,1,109137,买盘
11:05:37,1091.37,0.0,1,109137,买盘
11:05:40,1091.36,-0.01,1,109136,卖盘
11:05:43,1091.37,0.01,5,545682,买盘
11:05:46,1091.36,-0.01,4,436544,卖盘
11:05:55,1091.33,-0.03,8,873088,卖盘
11:05:58,1091.36,0.03,1,109136,买盘
11:06:05,1091.37,0.01,2,218274,买盘
11:06:07,1091.37,0.0,3,327411,卖盘
11:06:11,1091.0,-0.37,46,5019103,卖盘
11:06:13,1090.66,-0.34,1,86162,卖盘
11:06:16,1091.0,0.34,1,109100,买盘
11:06:19,1091.0,0.0,2,218175,买盘
11:06:22,1091.0,0.0,2,218199,买盘
11:06:28,1091.0,0.0,1,109100,买盘
11:06:31,1091.0,0.0,1,109100,买盘
11:06:34,1090.75,-0.25,1,109075,卖盘
11:06:37,1091.0,0.25,1,109100,买盘
11:06:43,1091.0,0.0,3,327276,买盘
11:06:46,1090.75,-0.25,1,109075,卖盘
11:06:50,1090.75,0.0,6,654450,卖盘
11:06:52,1091.0,0.25,7,763646,买盘
11:06:58,1091.0,0.0,4,436375,买盘
11:07:01,1090.66,-0.34,3,350102,卖盘
11:07:04,1090.6,-0.06,1,109060,买盘
11:07:10,1090.0,-0.6,32,3488665,卖盘
11:07:13,1090.0,0.0,3,327000,买盘
11:07:16,1090.0,0.0,1,109000,买盘
11:07:28,1090.0,0.0,7,763081,买盘
11:07:31,1090.0,0.0,1,109000,买盘
11:07:34,1090.0,0.0,3,326998,买盘
11:07:43,1090.66,0.66,2,218066,买盘
11:07:46,1090.66,0.0,1,109066,买盘
11:07:49,1090.66,0.0,1,109066,买盘
11:07:52,1090.66,0.0,7,763462,买盘
11:07:58,1090.8,0.14,1,109080,买盘
11:08:01,1090.8,0.0,8,872640,买盘
11:08:05,1090.66,-0.14,6,654438,卖盘
11:08:07,1090.98,0.32,2,218196,买盘
11:08:13,1090.98,0.0,1,109098,买盘
11:08:16,1090.99,0.01,4,436394,买盘
11:08:19,1090.99,0.0,1,109099,买盘
11:08:28,1090.98,-0.01,7,763686,卖盘
11:08:31,1090.82,-0.16,6,586945,中性盘
11:08:37,1090.98,0.16,1,109098,买盘
11:08:43,1090.98,0.0,7,763674,买盘
11:08:50,1090.98,0.0,2,218195,买盘
11:08:52,1090.82,-0.16,9,981853,中性盘
11:08:58,1091.0,0.18,12,1309194,买盘
11:09:01,1090.9,-0.1,1,109090,卖盘
11:09:11,1090.95,0.05,1,109095,中性盘
11:09:13,1090.97,0.02,4,436379,买盘
11:09:19,1090.94,-0.03,1,109094,卖盘
11:09:22,1090.91,-0.03,5,545467,卖盘
11:09:25,1090.9,-0.01,1,109090,卖盘
11:09:34,1090.94,0.04,1,109094,买盘
11:09:37,1090.94,0.0,1,109094,买盘
11:09:43,1090.05,-0.89,1,147157,卖盘
11:09:46,1090.0,-0.05,5,545012,买盘
11:09:49,1090.06,0.06,1,109006,中性盘
11:09:52,1090.94,0.88,7,763658,买盘
11:09:58,1090.94,0.0,1,109094,买盘
11:10:04,1090.94,0.0,2,218188,买盘
11:10:07,1090.06,-0.88,1,109006,卖盘
11:10:10,1090.96,0.9,1,109096,中性盘
11:10:13,1090.97,0.01,2,218194,买盘
11:10:16,1090.97,0.0,4,436386,买盘
11:10:19,1090.95,-0.02,4,436380,卖盘
11:10:22,1090.95,0.0,1,109095,买盘
11:10:26,1090.97,0.02,7,763677,买盘
11:10:28,1090.98,0.01,1,109098,卖盘
11:10:31,1090.97,-0.01,3,327291,卖盘
11:10:35,1090.97,0.0,5,545488,卖盘
11:10:37,1090.98,0.01,10,1090985,买盘
11:10:41,1090.98,0.0,3,327293,买盘
11:10:43,1090.98,0.0,4,436394,买盘
11:10:46,1090.97,-0.01,1,109097,中性盘
11:10:50,1090.97,0.0,1,109097,买盘
11:10:52,1091.0,0.03,12,1309181,买盘
11:10:55,1091.0,0.0,3,327298,买盘
11:11:05,1091.0,0.0,1,109100,买盘
11:11:07,1090.99,-0.01,3,327297,卖盘
11:11:10,1091.0,0.01,1,109100,买盘
11:11:13,1090.99,-0.01,3,327298,卖盘
11:11:16,1091.0,0.01,4,436399,买盘
11:11:20,1090.99,-0.01,5,545495,卖盘
11:11:31,1090.98,-0.01,2,218196,卖盘
11:11:34,1090.99,0.01,1,109099,买盘
11:11:37,1090.99,0.0,1,109099,买盘
11:11:41,1090.99,0.0,2,218197,买盘
11:11:46,1090.99,0.0,1,109099,买盘
11:11:52,1090.99,0.0,8,872792,买盘
11:12:01,1091.0,0.01,12,1309191,买盘
11:12:07,1090.99,-0.01,2,218199,卖盘
11:12:10,1090.99,0.0,2,218199,卖盘
11:12:13,1091.0,0.01,4,436399,买盘
11:12:16,1090.99,-0.01,3,327298,卖盘
11:12:20,1090.99,0.0,2,218198,卖盘
11:12:25,1090.99,0.0,1,109099,卖盘
11:12:28,1091.0,0.01,2,218199,买盘
11:12:31,1091.0,0.0,18,1963799,买盘
11:12:35,1091.01,0.01,2,218202,买盘
11:12:37,1090.99,-0.02,9,981895,卖盘
11:12:50,1090.99,0.0,1,109099,买盘
11:12:52,1090.99,0.0,1,109099,买盘
11:12:55,1090.88,-0.11,4,436352,卖盘
11:12:58,1090.88,0.0,1,109088,买盘
11:13:01,1090.8,-0.08,2,218160,卖盘
11:13:05,1090.85,0.05,2,218162,买盘
11:13:10,1090.88,0.03,1,109086,卖盘
11:13:16,1090.8,-0.08,2,218160,卖盘
11:13:17,1090.85,0.05,2,218170,买盘
11:13:22,1090.8,-0.05,1,109080,卖盘
11:13:25,1090.8,0.0,1,109080,卖盘
11:13:28,1090.65,-0.15,2,218073,中性盘
11:13:35,1090.65,0.0,3,327081,买盘
11:13:37,1090.65,0.0,1,109065,买盘
11:13:40,1090.6,-0.05,1,109060,买盘
11:13:43,1090.06,-0.54,1,109006,卖盘
11:13:50,1090.6,0.54,3,327126,买盘
11:13:58,1090.06,-0.54,2,218063,卖盘
11:14:07,1090.56,0.5,1,109056,买盘
11:14:10,1090.56,0.0,2,218111,买盘
11:14:16,1090.55,-0.01,53,5772925,买盘
11:14:20,1090.3,-0.25,4,436132,卖盘
11:14:22,1090.46,0.16,2,218076,中性盘
11:14:25,1090.3,-0.16,1,109030,卖盘
11:14:28,1090.06,-0.24,2,218036,卖盘
11:14:43,1090.06,0.0,2,218035,卖盘
11:14:46,1090.06,0.0,1,109006,买盘
11:14:50,1090.28,0.22,2,218056,买盘
11:14:58,1090.17,-0.11,4,436079,中性盘
11:15:05,1090.0,-0.17,6,654047,卖盘
11:15:13,1090.0,0.0,4,436000,卖盘
11:15:16,1090.0,0.0,1,73030,买盘
11:15:19,1089.0,-1.0,2,235224,卖盘
11:15:22,1089.0,0.0,3,326780,买盘
11:15:28,1089.0,0.0,2,217800,卖盘
11:15:31,1089.0,0.0,2,217800,买盘
11:15:35,1089.0,0.0,1,53361,买盘
11:15:37,1089.0,0.0,2,217838,卖盘
11:15:41,1088.88,-0.12,1,108888,卖盘
11:15:43,1088.88,0.0,3,326664,卖盘
11:15:52,1088.3,-0.58,13,1415041,卖盘
11:15:55,1088.1,-0.2,6,652884,卖盘
11:16:01,1088.08,0.0,3,299226,卖盘
11:16:05,1088.3,0.22,1,108825,卖盘
11:16:07,1088.3,0.0,1,108830,买盘
11:16:11,1088.08,-0.22,2,217616,买盘
11:16:13,1088.0,-0.08,7,761611,卖盘
11:16:16,1088.0,0.0,4,435208,卖盘
11:16:22,1088.01,0.01,3,326401,买盘
11:16:25,1088.01,0.0,2,253505,买盘
11:16:28,1088.01,0.0,4,435203,中性盘
11:16:31,1088.08,0.07,2,217616,买盘
11:16:34,1088.08,0.0,2,217616,卖盘
11:16:37,1088.08,0.0,4,435232,卖盘
11:16:43,1088.3,0.22,1,108830,买盘
11:16:46,1088.3,0.0,1,108830,买盘
11:16:50,1088.0,-0.3,69,7471986,卖盘
11:16:53,1088.0,0.0,8,870397,买盘
11:16:55,1088.0,0.0,3,326400,买盘
11:17:01,1088.0,0.0,5,544000,买盘
11:17:07,1087.95,-0.05,3,326393,卖盘
11:17:11,1087.95,0.0,13,1414318,卖盘
11:17:17,1087.99,0.04,2,217596,买盘
11:17:23,1087.97,-0.02,1,108797,卖盘
11:17:25,1087.97,0.0,1,108797,卖盘
11:17:31,1088.0,0.03,3,326398,买盘
11:17:35,1087.5,-0.5,22,2435496,卖盘
11:17:37,1088.02,0.52,3,326404,买盘
11:17:40,1087.99,-0.03,2,217598,卖盘
11:17:43,1087.99,0.0,3,326397,卖盘
11:17:46,1087.97,-0.02,1,108797,买盘
11:17:55,1087.97,0.0,1,108797,买盘
11:17:58,1087.97,0.0,11,1196767,买盘
11:18:01,1087.97,0.0,2,217594,买盘
11:18:05,1087.97,0.0,3,326385,买盘
11:18:07,1087.97,0.0,3,326391,买盘
11:18:11,1087.97,0.0,1,108797,买盘
11:18:13,1087.85,-0.12,1,108785,卖盘
11:18:16,1087.97,0.12,4,435186,买盘
11:18:20,1087.97,0.0,3,326391,买盘
11:18:26,1087.97,0.0,2,217582,买盘
11:18:28,1087.97,0.0,1,108797,买盘
11:18:31,1087.97,0.0,1,108797,买盘
11:18:35,1087.97,0.0,16,1740752,买盘
11:18:37,1087.94,-0.03,23,2502321,卖盘
11:18:40,1087.97,0.03,6,652780,买盘
11:18:43,1087.94,-0.03,5,543979,卖盘
11:18:46,1087.97,0.03,6,652782,买盘
11:18:49,1087.97,0.0,7,761579,买盘
11:18:52,1087.94,-0.03,13,1414312,卖盘
11:18:55,1087.94,0.0,3,326382,买盘
11:18:58,1087.94,0.0,1,108794,卖盘
11:19:01,1087.85,-0.09,1,108785,卖盘
11:19:05,1087.94,0.09,1,108794,买盘
11:19:11,1087.94,0.0,1,108794,买盘
11:19:13,1087.94,0.0,1,108794,买盘
11:19:16,1087.91,-0.03,4,435170,卖盘
11:19:19,1087.94,0.03,2,217588,卖盘
11:19:22,1087.93,-0.01,2,168629,买盘
11:19:28,1087.94,0.01,1,108794,卖盘
11:19:31,1087.97,0.03,10,1151073,买盘
11:19:35,1087.97,0.0,1,108797,卖盘
11:19:37,1088.21,0.24,1,108821,买盘
11:19:42,1089.5,1.29,1,108950,买盘
11:19:46,1089.78,0.28,1,108978,买盘
11:19:52,1089.71,-0.07,2,217949,卖盘
11:19:55,1089.78,0.07,2,217956,买盘
11:19:58,1089.8,0.02,7,762952,中性盘
11:20:05,1090.0,0.2,4,435979,买盘
11:20:07,1089.99,-0.01,1,108999,中性盘
11:20:10,1089.99,0.0,4,435998,卖盘
11:20:13,1089.8,-0.19,2,217979,卖盘
11:20:17,1089.98,0.18,1,108998,买盘
11:20:22,1089.8,-0.18,1,108980,卖盘
11:20:25,1089.99,0.19,4,435997,买盘
11:20:28,1090.0,0.01,6,653999,买盘
11:20:35,1089.99,-0.01,2,217998,卖盘
11:20:37,1090.0,0.01,4,436000,买盘
11:20:41,1090.0,0.0,2,218000,买盘
11:20:41,1090.0,0.0,2,218000,买盘
11:20:46,1090.0,0.0,1,109000,买盘
11:20:52,1089.99,-0.01,2,217999,卖盘
11:20:56,1090.0,0.01,4,435997,买盘
11:20:58,1090.0,0.0,2,217999,买盘
11:21:01,1089.99,-0.01,2,217999,卖盘
11:21:10,1090.0,0.01,2,218000,买盘
11:21:16,1090.0,0.0,1,109000,买盘
11:21:20,1090.0,0.0,1,109000,买盘
11:21:22,1090.0,0.0,2,217999,买盘
11:21:26,1090.0,0.0,1,109000,买盘
11:21:28,1090.0,0.0,5,544997,买盘
11:21:31,1089.99,-0.01,2,217998,卖盘
11:21:35,1089.99,0.0,1,108999,中性盘
11:21:37,1090.0,0.01,1,109000,买盘
11:21:43,1089.91,-0.09,2,217991,卖盘
11:21:46,1089.91,0.0,2,217982,卖盘
11:21:52,1090.0,0.09,1,109000,买盘
11:21:55,1089.91,-0.09,2,217982,卖盘
11:21:58,1090.0,0.09,1,109000,买盘
11:22:05,1090.0,0.0,3,327000,买盘
11:22:07,1089.91,-0.09,3,326973,卖盘
11:22:11,1090.0,0.09,4,435986,买盘
11:22:13,1090.0,0.0,2,217998,买盘
11:22:20,1090.0,0.0,6,654000,买盘
11:22:22,1090.0,0.0,1,109000,中性盘
11:22:25,1090.0,0.0,1,109000,买盘
11:22:28,1090.0,0.0,1,109000,中性盘
11:22:35,1088.3,-1.7,1,72916,中性盘
11:22:41,1090.02,1.72,5,545002,买盘
11:22:46,1090.01,-0.01,2,218001,中性盘
11:22:49,1090.02,0.01,2,218003,买盘
11:22:56,1090.01,-0.01,2,218002,卖盘
11:22:58,1090.02,0.01,1,109002,买盘
11:23:01,1090.01,-0.01,4,436004,卖盘
11:23:07,1090.01,0.0,1,109001,卖盘
11:23:13,1090.02,0.01,1,109002,买盘
11:23:16,1090.02,0.0,1,109002,买盘
11:23:20,1090.02,0.0,1,109002,买盘
11:23:22,1089.91,-0.11,10,1089996,卖盘
11:23:26,1089.5,-0.41,2,217900,买盘
11:23:31,1088.3,-1.2,1,108830,中性盘
11:23:34,1088.23,-0.07,2,217646,卖盘
11:23:40,1089.49,1.26,1,108949,买盘
11:23:43,1088.0,-1.49,22,2447094,卖盘
11:23:49,1089.33,1.33,1,108933,中性盘
11:23:55,1089.17,-0.16,5,544657,卖盘
11:23:58,1089.17,0.0,1,108917,中性盘
11:24:04,1089.17,0.0,1,108917,买盘
11:24:11,1089.33,0.16,1,108933,买盘
11:24:13,1089.2,-0.13,1,108920,买盘
11:24:16,1089.19,-0.01,1,108919,中性盘
11:24:19,1088.01,-1.18,10,1088827,卖盘
11:24:22,1089.18,1.17,2,162289,卖盘
11:24:25,1089.18,0.0,4,491222,卖盘
11:24:28,1089.17,-0.01,3,326751,卖盘
11:24:31,1089.17,0.0,1,108917,买盘
11:24:41,1089.18,0.01,2,217835,买盘
11:24:43,1089.17,-0.01,5,544585,卖盘
11:24:46,1089.18,0.01,2,217835,买盘
11:24:49,1089.49,0.31,3,271268,卖盘
11:24:52,1089.49,0.0,1,108949,卖盘
11:24:55,1089.5,0.01,1,108950,买盘
11:24:58,1089.5,0.0,1,108950,买盘
11:25:01,1089.5,0.0,1,108950,买盘
11:25:04,1089.5,0.0,3,326850,买盘
11:25:07,1089.5,0.0,9,1023038,买盘
11:25:10,1089.49,-0.01,5,502255,卖盘
11:25:16,1089.44,-0.05,1,108944,买盘
11:25:19,1089.44,0.0,1,108944,买盘
11:25:22,1089.49,0.05,1,108949,买盘
11:25:25,1089.49,0.0,2,217759,买盘
11:25:35,1089.45,-0.04,2,217890,中性盘
11:25:37,1089.49,0.04,2,217898,买盘
11:25:40,1089.49,0.0,1,108949,买盘
11:25:43,1089.49,0.0,4,478286,买盘
11:25:46,1089.5,0.01,8,871593,买盘
11:25:52,1089.5,0.0,1,108950,买盘
11:26:04,1089.5,0.0,3,326850,买盘
11:26:07,1089.5,0.0,6,653695,买盘
11:26:11,1089.5,0.0,1,108950,买盘
11:26:13,1089.49,-0.01,1,108949,卖盘
11:26:16,1089.49,0.0,5,544745,卖盘
11:26:20,1089.49,0.0,4,435796,卖盘
11:26:26,1089.5,0.01,1,108950,买盘
11:26:31,1089.49,-0.01,1,108949,卖盘
11:26:34,1089.49,0.0,1,108949,卖盘
11:26:37,1089.5,0.01,1,108950,买盘
11:26:43,1089.5,0.0,1,108950,买盘
11:26:49,1089.49,-0.01,4,435796,卖盘
11:26:52,1089.45,-0.04,9,938043,卖盘
11:26:55,1089.45,0.0,3,326839,卖盘
11:26:58,1089.45,0.0,2,183027,卖盘
11:27:01,1089.49,0.04,4,470652,买盘
11:27:05,1089.4,-0.09,4,435772,卖盘
11:27:13,1089.39,-0.01,2,217878,卖盘
11:27:19,1089.49,0.1,19,2070008,买盘
11:27:22,1088.0,-1.49,38,4190532,卖盘
11:27:25,1088.0,0.0,1,108800,买盘
11:27:26,1087.95,-0.05,6,652780,卖盘
11:27:31,1088.0,0.05,4,435200,买盘
11:27:34,1087.97,-0.03,1,108797,买盘
11:27:39,1088.0,0.03,1,108800,买盘
11:27:43,1087.98,-0.02,1,108798,中性盘
11:27:49,1088.0,0.02,5,543998,买盘
11:27:52,1087.99,-0.01,2,217598,卖盘
11:27:58,1088.0,0.01,6,652799,买盘
11:28:04,1087.99,-0.01,3,326399,卖盘
11:28:11,1087.99,0.0,1,108799,卖盘
11:28:13,1088.0,0.01,2,217600,买盘
11:28:16,1088.0,0.0,14,1467712,买盘
11:28:17,1088.74,0.74,4,435721,中性盘
11:28:25,1089.97,1.23,3,326855,卖盘
11:28:35,1090.0,0.03,5,544993,买盘
11:28:46,1090.0,0.0,1,109000,买盘
11:28:52,1089.99,-0.01,5,544996,卖盘
11:28:55,1089.99,0.0,1,108999,卖盘
11:28:58,1089.99,0.0,18,1961998,卖盘
11:29:02,1089.99,0.0,5,544997,卖盘
11:29:05,1090.0,0.01,1,109000,买盘
11:29:16,1087.95,-2.05,26,2808927,卖盘
11:29:20,1088.0,0.05,1,108800,买盘
11:29:21,1087.97,-0.03,11,1196775,卖盘
11:29:23,1087.92,-0.05,1,108792,卖盘
11:29:31,1087.99,0.07,2,217596,中性盘
11:29:34,1088.0,0.01,1,108800,买盘
11:29:37,1088.0,0.0,8,870386,买盘
11:29:40,1087.97,-0.03,2,217594,卖盘
11:29:43,1088.0,0.03,1,108800,买盘
11:29:49,1088.0,0.0,13,1467712,买盘
11:29:58,1088.01,0.01,1,108801,中性盘
13:00:02,1089.94,1.93,34,3645716,买盘
13:00:05,1088.03,-1.91,57,6230958,卖盘
13:00:08,1089.98,1.95,12,1307784,中性盘
13:00:11,1089.99,0.01,4,435882,买盘
13:00:13,1089.94,-0.05,11,1198977,卖盘
13:00:17,1089.96,0.02,7,762976,买盘
13:00:20,1089.98,0.02,7,762604,买盘
13:00:22,1089.98,0.0,6,653088,买盘
13:00:26,1089.94,-0.04,14,1525969,卖盘
13:00:29,1090.0,0.06,5,544997,买盘
13:00:31,1090.0,0.0,10,1089998,买盘
13:00:35,1090.0,0.0,5,545000,买盘
13:00:38,1090.01,0.01,10,1090009,买盘
13:00:41,1090.02,0.01,4,436005,买盘
13:00:43,1090.02,0.0,4,436008,买盘
13:00:47,1090.0,-0.02,5,545022,卖盘
13:00:50,1090.28,0.28,7,763160,买盘
13:00:53,1090.27,-0.01,3,327083,中性盘
13:00:56,1090.28,0.01,7,763192,买盘
13:00:59,1090.05,-0.23,33,3597322,卖盘
13:01:02,1090.28,0.23,9,981252,买盘
13:01:05,1090.27,-0.01,5,598563,卖盘
13:01:08,1090.27,0.0,1,109027,卖盘
13:01:11,1090.28,0.01,1,109028,买盘
13:01:13,1090.27,-0.01,3,273658,买盘
13:01:16,1090.27,0.0,3,327081,买盘
13:01:20,1090.26,-0.01,4,436078,卖盘
13:01:23,1090.3,0.04,24,2616665,买盘
13:01:26,1090.28,-0.02,1,109028,卖盘
13:01:29,1090.3,0.02,7,763208,买盘
13:01:32,1090.56,0.26,24,2617107,买盘
13:01:38,1090.3,-0.26,1,109030,买盘
13:01:40,1090.3,0.0,1,109030,买盘
13:01:47,1090.3,0.0,4,436120,买盘
13:01:50,1091.0,0.7,34,3709126,买盘
13:01:53,1090.29,-0.71,3,327159,卖盘
13:01:56,1091.01,0.72,12,1309168,买盘
13:01:59,1091.01,0.0,12,1309202,买盘
13:02:01,1091.01,0.0,5,545502,买盘
13:02:08,1089.5,-1.51,24,2616743,卖盘
13:02:13,1088.46,-1.04,2,217656,中性盘
13:02:17,1088.46,0.0,1,108846,买盘
13:02:20,1088.46,0.0,1,108846,买盘
13:02:26,1088.45,-0.01,11,1196873,买盘
13:02:29,1088.05,-0.4,4,435220,卖盘
13:02:35,1088.01,-0.04,3,326407,卖盘
13:02:37,1088.0,-0.01,9,979213,卖盘
13:02:41,1088.0,0.0,4,435206,卖盘
13:02:44,1088.02,0.02,3,326404,中性盘
13:02:46,1088.05,0.03,1,108805,买盘
13:02:50,1088.05,0.0,2,217610,买盘
13:02:53,1088.05,0.0,1,108805,买盘
13:02:55,1088.0,-0.05,1,108800,卖盘
13:02:59,1088.0,0.0,2,217600,卖盘
13:03:02,1088.05,0.05,1,108805,买盘
13:03:05,1088.0,-0.05,1,108800,卖盘
13:03:08,1088.01,0.01,1,108801,卖盘
13:03:11,1088.04,0.03,1,108804,买盘
13:03:13,1088.02,-0.02,3,326409,卖盘
13:03:17,1088.04,0.02,1,108804,买盘
13:03:20,1088.04,0.0,2,217607,买盘
13:03:23,1088.05,0.01,3,379727,买盘
13:03:25,1088.05,0.0,4,435220,买盘
13:03:29,1088.05,0.0,4,435220,买盘
13:03:32,1088.04,-0.01,2,217608,卖盘
13:03:34,1088.05,0.01,2,217610,买盘
13:03:37,1088.05,0.0,7,761635,买盘
13:03:41,1088.04,-0.01,20,2176082,卖盘
13:03:44,1088.05,0.01,8,870440,买盘
13:03:49,1088.05,0.0,1,108805,买盘
13:03:52,1088.05,0.0,1,108805,买盘
13:03:56,1088.05,0.0,2,217610,买盘
13:03:59,1088.05,0.0,29,3155313,买盘
13:04:02,1088.05,0.0,5,544025,买盘
13:04:04,1088.05,0.0,6,652830,买盘
13:04:08,1088.04,-0.01,3,326412,卖盘
13:04:14,1088.04,0.0,1,108804,买盘
13:04:20,1088.0,-0.04,54,5875209,卖盘
13:04:23,1088.03,0.03,1,108803,买盘
13:04:26,1089.0,0.97,27,2937857,买盘
13:04:32,1089.0,0.0,5,544510,卖盘
13:04:41,1089.0,0.0,3,326700,卖盘
13:04:47,1089.0,0.0,2,217800,卖盘
13:04:50,1089.12,0.12,1,108912,买盘
13:04:53,1089.0,-0.12,7,762312,卖盘
13:04:56,1089.0,0.0,1,108900,中性盘
13:04:59,1089.0,0.0,3,326724,卖盘
13:05:05,1088.02,-0.98,1,108802,卖盘
13:05:09,1089.0,0.98,4,435416,中性盘
13:05:11,1088.03,-0.97,4,435209,中性盘
13:05:21,1088.02,-0.01,22,2393644,卖盘
13:05:22,1088.02,0.0,2,217648,卖盘
13:05:27,1088.0,-0.02,36,3846099,卖盘
13:05:29,1087.98,-0.02,1,108798,买盘
13:05:31,1087.92,-0.06,27,3013739,卖盘
13:05:38,1087.92,0.0,2,217584,买盘
13:05:41,1087.88,-0.04,3,326364,卖盘
13:05:44,1087.87,-0.01,5,487378,卖盘
13:05:47,1087.92,0.05,5,543960,买盘
13:05:50,1087.92,0.0,5,543948,买盘
13:05:58,1087.87,-0.05,7,818078,卖盘
13:06:02,1087.87,0.0,1,108787,买盘
13:06:05,1087.87,0.0,33,3588579,买盘
13:06:11,1087.44,-0.43,2,217510,买盘
13:06:17,1087.3,-0.14,2,217460,卖盘
13:06:20,1087.3,0.0,1,108730,买盘
13:06:23,1087.25,-0.05,5,543625,卖盘
13:06:26,1087.3,0.05,1,108730,买盘
13:06:32,1087.4,0.1,5,543660,买盘
13:06:34,1087.3,-0.1,7,761120,卖盘
13:06:38,1087.4,0.1,1,108740,卖盘
13:06:40,1087.8,0.4,6,652472,买盘
13:06:44,1087.44,-0.36,1,108744,卖盘
13:06:50,1087.8,0.36,2,217560,买盘
13:06:53,1087.87,0.07,15,1631491,买盘
13:06:55,1087.87,0.0,8,870254,中性盘
13:07:02,1087.87,0.0,5,543907,买盘
13:07:05,1087.8,-0.07,4,435127,卖盘
13:07:08,1087.88,0.08,3,326364,买盘
13:07:11,1087.88,0.0,3,326363,买盘
13:07:13,1087.88,0.0,5,543940,买盘
13:07:16,1087.88,0.0,5,543940,买盘
13:07:20,1087.87,-0.01,3,326365,卖盘
13:07:23,1087.92,0.05,1,108792,买盘
13:07:26,1087.9,-0.02,2,217578,中性盘
13:07:28,1087.88,-0.02,1,108788,卖盘
13:07:34,1087.91,0.03,1,108791,买盘
13:07:38,1087.92,0.01,1,108792,买盘
13:07:40,1087.92,0.0,2,217584,买盘
13:07:44,1087.92,0.0,3,326376,买盘
13:07:47,1087.92,0.0,1,108792,买盘
13:07:50,1087.92,0.0,1,108792,买盘
13:07:56,1087.91,-0.01,4,435164,卖盘
13:07:59,1087.92,0.01,5,543950,买盘
13:08:02,1087.92,0.0,2,217582,买盘
13:08:04,1087.91,-0.01,8,870308,中性盘
13:08:13,1087.89,-0.02,2,217579,中性盘
13:08:16,1087.88,-0.01,3,326367,卖盘
13:08:20,1087.98,0.1,15,1631865,买盘
13:08:23,1087.89,-0.09,12,1305493,卖盘
13:08:26,1087.81,-0.08,2,217568,卖盘
13:08:29,1087.89,0.08,1,108789,买盘
13:08:35,1087.89,0.0,2,217578,买盘
13:08:38,1087.92,0.03,1,108792,卖盘
13:08:41,1087.9,-0.02,1,108790,中性盘
13:08:46,1087.92,0.02,6,652746,买盘
13:08:49,1087.89,-0.03,4,435167,卖盘
13:08:52,1087.89,0.0,5,543950,卖盘
13:08:55,1087.91,0.02,2,217582,买盘
13:08:59,1087.89,-0.02,1,108789,卖盘
13:09:02,1087.91,0.02,2,217580,买盘
13:09:04,1087.98,0.07,6,652744,买盘
13:09:08,1087.98,0.0,1,108798,买盘
13:09:11,1087.98,0.0,3,326386,买盘
13:09:14,1087.98,0.0,4,435192,买盘
13:09:17,1087.98,0.0,3,271981,卖盘
13:09:20,1087.91,-0.07,3,326383,卖盘
13:09:23,1088.02,0.11,1,108801,卖盘
13:09:29,1088.0,-0.02,1,108800,中性盘
13:09:31,1087.98,-0.02,1,108798,卖盘
13:09:35,1088.02,0.04,6,614727,买盘
13:09:38,1088.02,0.0,2,217604,卖盘
13:09:46,1088.45,0.43,1,108845,买盘
13:09:58,1088.45,0.0,1,108845,买盘
13:10:02,1088.45,0.0,3,326535,买盘
13:10:05,1088.9,0.45,5,544314,买盘
13:10:08,1089.2,0.3,4,435660,买盘
13:10:10,1089.98,0.78,3,326838,买盘
13:10:14,1089.99,0.01,2,217999,中性盘
13:10:17,1090.0,0.01,5,545000,买盘
13:10:20,1090.0,0.0,10,1143397,买盘
13:10:23,1090.0,0.0,2,218000,买盘
13:10:26,1089.99,-0.01,2,217999,卖盘
13:10:29,1090.0,0.01,2,218000,买盘
13:10:32,1090.0,0.0,5,545001,卖盘
13:10:34,1089.99,-0.01,3,326998,卖盘
13:10:38,1090.0,0.01,3,327000,买盘
13:10:41,1089.99,-0.01,52,5668000,卖盘
13:10:44,1089.98,-0.01,2,217996,卖盘
13:10:47,1089.98,0.0,2,217996,买盘
13:10:53,1089.95,-0.03,1,108995,买盘
13:10:59,1089.98,0.03,2,217997,卖盘
13:11:02,1089.98,0.0,2,217996,买盘
13:11:04,1089.99,0.01,6,653991,买盘
13:11:07,1089.2,-0.79,1,108920,卖盘
13:11:11,1089.2,0.0,1,108920,中性盘
13:11:14,1090.0,0.8,2,217998,买盘
13:11:20,1089.99,-0.01,11,1238230,卖盘
13:11:22,1090.0,0.01,2,218000,买盘
13:11:26,1090.0,0.0,2,218000,买盘
13:11:32,1089.99,-0.01,1,69759,买盘
13:11:35,1088.05,-1.94,7,761931,卖盘
13:11:43,1089.98,1.93,1,108998,买盘
13:11:47,1089.0,-0.98,1,108900,买盘
13:11:50,1089.99,0.99,1,108999,买盘
13:11:56,1089.0,-0.99,1,108900,卖盘
13:12:04,1089.99,0.99,1,108999,买盘
13:12:08,1089.96,-0.03,2,217995,中性盘
13:12:14,1089.99,0.03,1,108999,买盘
13:12:16,1089.0,-0.99,1,108900,卖盘
13:12:20,1089.0,0.0,1,108900,卖盘
13:12:23,1089.99,0.99,3,326994,买盘
13:12:26,1089.96,-0.03,3,326988,卖盘
13:12:29,1089.96,0.0,2,217992,卖盘
13:12:32,1089.99,0.03,16,1783209,买盘
13:12:34,1090.0,0.01,21,2289000,买盘
13:12:38,1090.0,0.0,6,654000,买盘
13:12:41,1090.0,0.0,2,217999,买盘
13:12:44,1090.0,0.0,1,109000,买盘
13:12:47,1090.0,0.0,2,217999,买盘
13:12:50,1089.99,-0.01,2,217999,卖盘
13:12:53,1090.0,0.01,8,872000,买盘
13:12:56,1090.0,0.0,4,435999,买盘
13:12:59,1089.99,-0.01,1,108999,卖盘
13:13:05,1090.5,0.51,17,1853192,买盘
13:13:08,1090.5,0.0,1,109050,卖盘
13:13:11,1090.5,0.0,4,436200,卖盘
13:13:17,1090.96,0.46,4,436327,买盘
13:13:20,1090.9,-0.06,2,218180,卖盘
13:13:23,1090.97,0.07,1,109097,买盘
13:13:26,1090.98,0.01,3,327246,买盘
13:13:29,1090.97,-0.01,6,654477,买盘
13:13:32,1090.51,-0.46,3,327192,中性盘
13:13:35,1090.0,-0.51,2,218000,卖盘
13:13:38,1090.0,0.0,22,2399001,卖盘
13:13:41,1090.0,0.0,2,218000,买盘
13:13:44,1089.98,-0.02,1,108998,卖盘
13:13:46,1090.49,0.51,1,109049,中性盘
13:13:55,1090.5,0.01,20,2180898,买盘
13:14:05,1090.5,0.0,9,961668,买盘
13:14:08,1090.5,0.0,7,763350,买盘
13:14:11,1090.5,0.0,4,436201,卖盘
13:14:14,1090.5,0.0,10,1090500,卖盘
13:14:17,1090.5,0.0,4,436200,卖盘
13:14:20,1090.5,0.0,2,218101,卖盘
13:14:29,1090.51,0.01,1,109051,买盘
13:14:32,1089.98,-0.53,7,713067,卖盘
13:14:35,1090.49,0.51,2,218099,中性盘
13:14:37,1090.51,0.02,38,4143699,买盘
13:14:41,1090.5,-0.01,1,109050,中性盘
13:14:44,1090.51,0.01,6,654305,买盘
13:14:46,1090.5,-0.01,5,545252,卖盘
13:14:50,1090.51,0.01,3,327153,买盘
13:14:59,1090.5,-0.01,1,109050,卖盘
13:15:11,1090.5,0.0,2,218100,卖盘
13:15:20,1090.5,0.0,3,327150,卖盘
13:15:26,1090.89,0.39,1,109089,买盘
13:15:29,1090.5,-0.39,10,1090500,卖盘
13:15:32,1090.5,0.0,1,109050,卖盘
13:15:35,1090.5,0.0,1,109050,卖盘
13:15:44,1090.88,0.38,21,2290240,买盘
13:15:47,1090.89,0.01,3,327267,卖盘
13:15:52,1090.89,0.0,2,218178,卖盘
13:15:56,1090.89,0.0,7,763584,卖盘
13:16:01,1090.5,-0.39,19,2071985,卖盘
13:16:05,1090.89,0.39,3,327257,买盘
13:16:14,1090.89,0.0,2,218178,买盘
13:16:17,1090.5,-0.39,9,981710,卖盘
13:16:32,1090.5,0.0,1,109050,卖盘
13:16:35,1090.5,0.0,3,327160,卖盘
13:16:41,1090.51,0.01,5,545255,卖盘
13:16:44,1090.51,0.0,3,327196,卖盘
13:16:47,1090.5,-0.01,20,2181001,卖盘
13:16:50,1090.51,0.01,4,436241,卖盘
13:16:53,1090.51,0.0,1,109051,中性盘
13:17:01,1090.5,-0.01,1,76335,卖盘
13:17:05,1090.5,0.0,4,436200,卖盘
13:17:08,1090.5,0.0,1,109050,卖盘
13:17:11,1090.5,0.0,7,763350,卖盘
13:17:14,1090.5,0.0,3,327150,卖盘
13:17:20,1090.5,0.0,1,109050,卖盘
13:17:23,1090.5,0.0,5,545252,卖盘
13:17:26,1090.5,0.0,21,2290050,卖盘
13:17:29,1090.5,0.0,6,687016,卖盘
13:17:32,1090.5,0.0,2,218100,买盘
13:17:50,1090.48,-0.02,2,218048,中性盘
13:17:53,1090.0,-0.48,12,1308000,卖盘
13:17:56,1090.0,0.0,3,389127,买盘
13:18:02,1089.98,0.0,2,217996,买盘
13:18:11,1089.77,-0.21,4,435949,卖盘
13:18:23,1089.98,0.21,10,1089949,买盘
13:18:26,1089.02,-0.96,1,108902,卖盘
13:18:29,1089.02,0.0,1,108902,卖盘
13:18:32,1089.88,0.86,3,326792,买盘
13:18:35,1089.03,-0.85,2,217891,中性盘
13:18:38,1089.88,0.85,2,217891,买盘
13:18:41,1089.03,-0.85,3,326711,卖盘
13:18:44,1089.97,0.94,10,1089952,买盘
13:18:53,1089.03,-0.94,5,544515,卖盘
13:18:56,1089.88,0.85,3,326964,买盘
13:19:08,1089.03,-0.85,2,217806,卖盘
13:19:11,1089.02,-0.01,4,435615,卖盘
13:19:14,1089.01,-0.01,1,56628,卖盘
13:19:19,1089.05,0.04,5,544519,买盘
13:19:26,1089.05,0.0,4,435620,买盘
13:19:29,1089.05,0.0,9,980127,买盘
13:19:32,1089.05,0.0,6,653430,买盘
13:19:35,1089.03,-0.02,6,653426,卖盘
13:19:38,1089.03,0.0,1,108903,买盘
13:19:41,1089.03,0.0,6,653413,买盘
13:19:47,1089.08,0.05,3,326724,中性盘
13:19:53,1089.0,-0.08,45,4952856,卖盘
13:19:56,1089.0,0.0,1,108900,买盘
13:19:59,1088.11,-0.89,2,217624,卖盘
13:20:02,1089.0,0.89,1,108900,买盘
13:20:08,1088.06,-0.94,1,108806,卖盘
13:20:11,1088.06,0.0,5,544030,买盘
13:20:14,1089.0,0.94,13,1415418,买盘
13:20:17,1088.08,-0.92,2,217616,中性盘
13:20:23,1089.0,0.92,1,108900,买盘
13:20:25,1089.0,0.0,19,2068713,买盘
13:20:28,1089.0,0.0,1,108900,买盘
13:20:32,1089.0,0.0,16,1742400,买盘
13:20:35,1089.0,0.0,18,1907928,买盘
13:20:38,1089.0,0.0,4,435605,卖盘
13:20:41,1089.0,0.0,2,217800,卖盘
13:20:44,1089.0,0.0,7,814572,卖盘
13:20:46,1089.0,0.0,8,871150,买盘
13:20:50,1089.0,0.0,2,217800,买盘
13:20:55,1088.12,-0.88,5,483239,卖盘
13:20:59,1089.0,0.88,1,108900,买盘
13:21:02,1089.0,0.0,10,1145378,买盘
13:21:04,1089.05,0.05,5,544525,买盘
13:21:08,1089.08,0.03,3,326721,买盘
13:21:10,1089.08,0.0,3,326724,买盘
13:21:16,1089.08,0.0,2,217816,买盘
13:21:20,1089.08,0.0,1,108908,卖盘
13:21:23,1089.97,0.89,2,217974,买盘
13:21:26,1089.98,0.01,1,108998,买盘
13:21:29,1089.0,-0.98,32,3429135,卖盘
13:21:35,1089.0,0.0,7,762300,买盘
13:21:38,1089.0,0.0,2,217800,买盘
13:21:41,1089.0,0.0,1,108900,买盘
13:21:44,1089.0,0.0,5,544450,买盘
13:21:47,1089.0,0.0,1,108900,买盘
13:21:50,1088.99,-0.01,1,108899,中性盘
13:21:53,1089.0,0.01,3,326700,买盘
13:21:56,1089.0,0.0,5,544500,买盘
13:21:57,1089.0,0.0,2,207999,卖盘
13:22:02,1088.5,-0.5,3,336451,卖盘
13:22:08,1089.0,0.5,1,108900,买盘
13:22:20,1089.0,0.0,1,108900,买盘
13:22:23,1089.0,0.0,4,435600,买盘
13:22:26,1088.61,-0.39,3,326583,卖盘
13:22:29,1088.99,0.38,1,108899,买盘
13:22:32,1088.61,-0.38,1,108861,卖盘
13:22:35,1088.61,0.0,3,326583,卖盘
13:22:38,1088.61,0.0,2,217761,中性盘
13:22:41,1088.5,-0.11,39,4245162,卖盘
13:22:47,1088.5,0.0,43,4680550,买盘
13:22:50,1088.5,0.0,10,1088500,买盘
13:22:53,1088.5,0.0,4,435400,买盘
13:22:57,1088.5,0.0,5,544250,买盘
13:23:02,1089.0,0.5,3,316899,买盘
13:23:03,1089.61,0.61,5,544561,买盘
13:23:14,1089.18,-0.43,3,326838,卖盘
13:23:20,1089.97,0.79,1,108997,买盘
13:23:22,1089.97,0.0,6,653985,卖盘
13:23:26,1089.99,0.02,1,108999,买盘
13:23:30,1089.99,0.0,1,108999,买盘
13:23:41,1089.97,-0.02,7,762979,卖盘
13:23:42,1089.6,-0.37,1,162388,卖盘
13:23:53,1089.61,0.01,3,326947,卖盘
13:23:57,1089.0,-0.61,5,500970,买盘
13:24:02,1089.0,0.0,5,544500,买盘
13:24:11,1089.0,0.0,11,1197900,买盘
13:24:14,1089.0,0.0,2,217800,买盘
13:24:20,1089.0,0.0,1,108900,买盘
13:24:26,1088.98,-0.02,4,435596,卖盘
13:24:29,1088.98,0.0,1,108898,卖盘
13:24:41,1089.0,0.02,31,3375889,买盘
13:24:44,1088.88,-0.12,5,544450,卖盘
13:24:47,1089.0,0.12,5,588048,买盘
13:24:53,1089.97,0.97,7,762688,买盘
13:24:55,1089.97,0.0,6,653982,买盘
13:24:59,1089.97,0.0,1,108997,买盘
13:25:02,1089.97,0.0,1,108997,买盘
13:25:05,1089.97,0.0,3,326991,买盘
13:25:08,1089.98,0.01,13,1416965,买盘
13:25:11,1089.01,-0.97,1,108901,卖盘
13:25:14,1089.01,0.0,2,217802,卖盘
13:25:23,1089.0,-0.01,2,217800,卖盘
13:25:26,1089.01,0.01,7,762877,中性盘
13:25:32,1088.8,-0.21,10,1088928,卖盘
13:25:35,1088.66,-0.14,7,762225,卖盘
13:25:38,1088.39,-0.27,4,435437,卖盘
13:25:41,1089.01,0.62,1,108901,买盘
13:25:50,1088.3,-0.71,3,326581,卖盘
13:25:56,1089.01,0.71,3,326702,买盘
13:25:59,1089.01,0.0,1,108901,卖盘
13:26:05,1089.98,0.97,1,108998,中性盘
13:26:11,1089.99,0.01,1,108999,买盘
13:26:23,1089.99,0.0,5,544995,买盘
13:26:32,1090.0,0.01,5,545000,买盘
13:26:35,1090.0,0.0,2,218000,买盘
13:26:41,1090.0,0.0,5,545000,买盘
13:26:47,1090.0,0.0,1,109000,买盘
13:26:53,1090.0,0.0,1,109000,买盘
13:26:56,1090.0,0.0,3,327000,买盘
13:27:05,1090.0,0.0,10,1090000,买盘
13:27:08,1090.0,0.0,2,218000,买盘
13:27:11,1090.0,0.0,4,435998,买盘
13:27:14,1090.0,0.0,13,1373390,买盘
13:27:17,1089.89,-0.11,3,315002,卖盘
13:27:32,1089.91,0.02,1,108991,卖盘
13:27:42,1089.02,-0.89,1,108902,卖盘
13:27:47,1089.99,0.97,10,1131372,买盘
13:27:50,1089.91,-0.08,2,217892,买盘
13:27:55,1089.91,0.0,1,108991,买盘
13:28:05,1089.91,0.0,1,108991,买盘
13:28:14,1089.01,-0.9,2,217802,买盘
13:28:23,1089.91,0.9,9,980727,买盘
13:28:26,1089.91,0.0,1,108991,卖盘
13:28:30,1089.98,0.07,2,217989,买盘
13:28:32,1089.91,-0.07,1,108991,卖盘
13:28:41,1089.9,-0.01,2,217980,买盘
13:28:53,1089.9,0.0,1,108990,买盘
13:28:56,1089.88,-0.02,2,217978,卖盘
13:29:02,1089.01,-0.87,4,435778,卖盘
13:29:12,1089.01,0.0,2,177508,卖盘
13:29:20,1089.88,0.87,2,217976,买盘
13:29:32,1089.88,0.0,1,108988,买盘
13:29:41,1089.87,-0.01,1,108987,买盘
13:29:42,1089.88,0.01,1,108988,买盘
13:29:50,1089.88,0.0,1,108988,买盘
13:29:59,1089.88,0.0,1,108988,买盘
13:30:05,1089.02,-0.86,5,544702,卖盘
13:30:11,1089.01,-0.01,2,217802,卖盘
13:30:14,1089.02,0.01,2,229784,买盘
13:30:17,1089.02,0.0,1,108902,买盘
13:30:20,1089.0,-0.02,1,168796,卖盘
13:30:23,1089.02,0.02,4,435608,买盘
13:30:29,1089.01,-0.01,1,108901,卖盘
13:30:32,1089.01,0.0,2,217801,中性盘
13:30:38,1088.28,-0.73,25,2721887,卖盘
13:30:41,1089.0,0.72,2,217800,买盘
13:30:53,1088.3,-0.7,3,326556,卖盘
13:30:56,1088.96,0.66,3,326556,中性盘
13:31:02,1088.96,0.0,3,326695,卖盘
13:31:03,1088.96,0.0,1,108896,卖盘
13:31:08,1088.96,0.0,6,653396,卖盘
13:31:11,1088.96,0.0,5,544486,卖盘
13:31:14,1088.96,0.0,3,326690,卖盘
13:31:16,1089.0,0.04,7,762292,买盘
13:31:23,1089.01,0.01,3,326701,买盘
13:31:26,1089.88,0.87,5,544899,买盘
13:31:32,1089.01,-0.87,2,217889,卖盘
13:31:38,1089.01,0.0,5,544434,买盘
13:31:40,1089.88,0.87,10,1089789,买盘
13:31:44,1089.87,-0.01,3,326961,卖盘
13:31:46,1089.87,0.0,1,108987,卖盘
13:31:50,1089.87,0.0,1,108987,卖盘
13:31:52,1089.88,0.01,2,217976,买盘
13:31:56,1089.88,0.0,1,108988,买盘
13:31:57,1089.81,-0.07,1,108981,买盘
13:32:04,1089.81,0.0,1,108981,买盘
13:32:08,1089.76,-0.05,2,217952,买盘
13:32:11,1088.3,-1.46,51,5549742,卖盘
13:32:14,1088.3,0.0,3,326490,买盘
13:32:16,1088.3,0.0,6,652979,买盘
13:32:20,1088.3,0.0,5,544150,买盘
13:32:23,1088.3,0.0,3,326490,买盘
13:32:26,1088.3,0.0,3,326490,买盘
13:32:32,1088.32,0.02,1,108832,卖盘
13:32:35,1088.32,0.0,1,108832,卖盘
13:32:38,1088.34,0.02,1,108834,中性盘
13:32:41,1088.34,0.0,2,217733,卖盘
13:32:44,1088.99,0.65,4,435466,买盘
13:32:50,1088.43,-0.56,1,46802,卖盘
13:32:59,1088.0,-0.43,53,5767059,买盘
13:33:08,1088.0,0.0,4,435300,卖盘
13:33:11,1088.78,0.78,2,217744,买盘
13:33:14,1088.0,-0.78,2,217600,卖盘
13:33:18,1088.34,0.34,4,435268,买盘
13:33:22,1088.05,-0.29,9,979385,卖盘
13:33:43,1088.34,0.29,5,544050,中性盘
13:33:46,1088.44,0.1,1,108844,买盘
13:33:50,1088.44,0.0,1,108844,买盘
13:34:02,1088.42,-0.02,1,108842,买盘
13:34:05,1088.2,-0.22,3,326460,卖盘
13:34:11,1088.2,0.0,7,761740,买盘
13:34:14,1088.2,0.0,2,217640,卖盘
13:34:17,1088.43,0.23,1,108843,买盘
13:34:23,1088.44,0.01,5,544124,买盘
13:34:32,1088.39,-0.05,1,108839,中性盘
13:34:46,1088.2,-0.19,4,435320,卖盘
13:34:53,1088.2,0.0,3,326479,卖盘
13:35:02,1088.38,0.18,1,108838,买盘
13:35:05,1088.2,-0.18,8,923938,卖盘
13:35:07,1088.2,0.0,2,217642,中性盘
13:35:11,1088.13,-0.07,4,435273,卖盘
13:35:14,1088.2,0.07,5,544066,买盘
13:35:17,1088.2,0.0,13,1414645,买盘
13:35:20,1088.2,0.0,13,1414660,买盘
13:35:23,1088.0,-0.2,16,1740969,卖盘
13:35:26,1088.2,0.2,2,217640,买盘
13:35:32,1088.2,0.0,13,1414590,买盘
13:35:35,1088.19,-0.01,2,217619,中性盘
13:35:38,1088.2,0.01,6,652920,买盘
13:35:44,1088.0,-0.2,38,4064848,卖盘
13:35:50,1088.78,0.78,10,1088568,买盘
13:35:56,1088.2,-0.58,1,108820,卖盘
13:35:59,1088.2,0.0,1,108820,卖盘
13:36:08,1088.2,0.0,2,217640,卖盘
13:36:11,1088.0,-0.2,4,435260,卖盘
13:36:20,1088.69,0.69,1,108869,买盘
13:36:23,1088.78,0.09,3,326623,买盘
13:36:35,1088.2,-0.58,2,217640,卖盘
13:36:41,1088.2,0.0,1,108820,卖盘
13:36:47,1088.78,0.58,1,108878,买盘
13:36:53,1088.54,-0.24,2,217708,买盘
13:36:55,1088.54,0.0,1,108854,买盘
13:37:02,1088.78,0.24,1,108878,买盘
13:37:11,1088.22,-0.56,2,217644,卖盘
13:37:14,1088.22,0.0,1,108822,卖盘
13:37:16,1088.2,-0.02,6,653032,卖盘
13:37:20,1088.48,0.28,3,326544,买盘
13:37:23,1088.2,-0.28,5,544156,卖盘
13:37:26,1088.12,-0.08,2,270958,卖盘
13:37:29,1088.26,0.14,1,108826,买盘
13:37:32,1088.26,0.0,1,108826,卖盘
13:37:35,1088.2,-0.06,1,108820,买盘
13:37:41,1088.2,0.0,5,544099,买盘
13:37:44,1088.2,0.0,11,1197020,买盘
13:37:46,1088.19,-0.01,4,435277,卖盘
13:37:48,1088.19,0.0,15,1632298,中性盘
13:37:53,1088.2,0.01,9,979374,买盘
13:37:57,1088.2,0.0,2,217634,买盘
13:38:01,1088.19,-0.01,10,1088175,买盘
13:38:05,1088.19,0.0,9,979378,卖盘
13:38:08,1088.2,0.01,3,326460,买盘
13:38:11,1088.19,-0.01,4,435276,卖盘
13:38:14,1088.2,0.01,1,108820,买盘
13:38:17,1088.2,0.0,29,3155779,买盘
13:38:20,1088.2,0.0,3,326460,买盘
13:38:23,1088.2,0.0,5,544100,买盘
13:38:27,1088.2,0.0,3,326460,买盘
13:38:31,1088.19,-0.01,7,761735,卖盘
13:38:35,1088.2,0.01,22,2394032,买盘
13:38:38,1088.2,0.0,18,1958756,买盘
13:38:44,1088.26,0.06,5,544118,买盘
13:38:47,1088.48,0.22,14,1523550,买盘
13:38:50,1088.48,0.0,1,108848,买盘
13:39:02,1088.26,-0.22,5,544196,卖盘
13:39:05,1088.74,0.48,4,435396,买盘
13:39:08,1088.26,-0.48,3,326478,卖盘
13:39:14,1088.47,0.21,5,544274,卖盘
13:39:17,1088.37,-0.1,3,326568,卖盘
13:39:23,1088.99,0.62,1,108899,买盘
13:39:27,1088.99,0.0,5,544349,买盘
13:39:31,1088.99,0.0,2,217798,买盘
13:39:38,1088.26,-0.73,1,108826,卖盘
13:39:41,1088.26,0.0,1,108826,卖盘
13:39:47,1088.27,0.01,1,53325,卖盘
13:39:56,1088.27,0.0,1,108827,卖盘
13:39:59,1089.0,0.73,1,108900,买盘
13:40:02,1088.29,-0.71,1,108829,中性盘
13:40:03,1088.29,0.0,1,108829,卖盘
13:40:08,1088.99,0.7,1,108899,买盘
13:40:11,1088.29,-0.7,2,217729,中性盘
13:40:17,1088.99,0.7,21,2286897,买盘
13:40:20,1089.0,0.01,3,326696,买盘
13:40:29,1089.5,0.5,5,544750,买盘
13:40:32,1089.55,0.05,7,762685,买盘
13:40:35,1089.98,0.43,3,326987,买盘
13:40:38,1089.98,0.0,6,653974,买盘
13:40:41,1089.99,0.01,3,326995,买盘
13:40:44,1089.99,0.0,5,544995,买盘
13:40:47,1090.0,0.01,4,501397,买盘
13:40:50,1090.0,0.0,1,109000,买盘
13:40:53,1090.0,0.0,1,109000,买盘
13:40:55,1090.0,0.0,2,218000,买盘
13:40:59,1090.0,0.0,4,436000,买盘
13:41:02,1089.98,-0.02,8,871986,卖盘
13:41:08,1090.0,0.02,2,218000,买盘
13:41:11,1090.0,0.0,2,218000,买盘
13:41:17,1090.02,0.02,5,545002,买盘
13:41:20,1090.48,0.46,17,1853103,买盘
13:41:23,1090.49,0.01,1,109049,买盘
13:41:25,1090.5,0.01,2,218099,买盘
13:41:29,1090.5,0.0,1,109050,买盘
13:41:35,1090.5,0.0,3,327148,买盘
13:41:38,1090.5,0.0,7,763350,买盘
13:41:42,1090.79,0.29,3,327208,买盘
13:41:46,1090.8,0.01,13,1417971,买盘
13:41:50,1090.5,-0.3,6,654403,卖盘
13:41:53,1090.89,0.39,3,271618,买盘
13:41:59,1090.89,0.0,6,654532,买盘
13:42:02,1090.9,0.01,1,109090,买盘
13:42:05,1090.9,0.0,5,545440,买盘
13:42:08,1090.9,0.0,1,109090,买盘
13:42:11,1090.8,-0.1,3,327260,卖盘
13:42:14,1090.8,0.0,2,218160,卖盘
13:42:17,1090.9,0.1,3,327258,买盘
13:42:18,1090.8,-0.1,5,545410,卖盘
13:42:23,1090.9,0.1,1,109090,买盘
13:42:26,1090.9,0.0,2,218180,买盘
13:42:32,1090.9,0.0,2,218179,买盘
13:42:44,1090.9,0.0,4,436349,买盘
13:42:53,1090.8,-0.1,3,327250,卖盘
13:42:56,1090.8,0.0,5,545410,卖盘
13:42:59,1090.8,0.0,3,327243,卖盘
13:43:04,1090.8,0.0,3,327240,卖盘
13:43:07,1090.89,0.09,3,327264,买盘
13:43:14,1090.49,-0.4,4,436258,卖盘
13:43:20,1090.8,0.31,3,327240,买盘
13:43:22,1090.49,-0.31,3,327147,卖盘
13:43:26,1090.79,0.3,1,109079,中性盘
13:43:31,1090.78,-0.01,2,218127,买盘
13:43:35,1090.03,-0.75,2,218052,卖盘
13:43:37,1090.8,0.77,57,6217063,买盘
13:43:41,1090.49,-0.31,1,109049,买盘
13:43:44,1090.79,0.3,2,218128,买盘
13:43:48,1090.8,0.01,16,1745165,买盘
13:43:53,1090.8,0.0,10,1090800,卖盘
13:43:59,1090.8,0.0,1,109080,卖盘
13:44:02,1090.8,0.0,1,109080,卖盘
13:44:05,1090.82,0.02,8,872642,买盘
13:44:08,1090.8,-0.02,2,218160,卖盘
13:44:10,1090.8,0.0,32,3490560,卖盘
13:44:14,1090.8,0.0,4,436320,卖盘
13:44:17,1090.8,0.0,8,872640,卖盘
13:44:20,1090.8,0.0,7,763560,卖盘
13:44:23,1090.49,-0.31,3,327172,卖盘
13:44:26,1090.8,0.31,6,707821,买盘
13:44:31,1090.8,0.0,15,1636201,卖盘
13:44:35,1090.82,0.02,7,763539,买盘
13:44:38,1090.81,-0.01,2,218163,卖盘
13:44:41,1090.9,0.09,1,109090,买盘
13:44:44,1090.03,-0.87,5,545319,卖盘
13:44:56,1089.61,-0.42,2,217961,卖盘
13:44:59,1090.9,1.29,17,1854441,买盘
13:45:05,1090.8,-0.1,8,872650,卖盘
13:45:08,1090.89,0.09,6,654524,买盘
13:45:11,1090.89,0.0,1,109089,买盘
13:45:14,1090.8,-0.09,12,1309064,卖盘
13:45:17,1090.9,0.1,3,327286,中性盘
13:45:20,1090.8,-0.1,11,1199898,卖盘
13:45:23,1090.8,0.0,1,109080,买盘
13:45:26,1089.61,-1.19,5,544807,卖盘
13:45:27,1090.8,1.19,64,6981929,买盘
13:45:31,1090.8,0.0,4,436203,卖盘
13:45:35,1090.9,0.1,10,1090245,买盘
13:45:41,1090.99,0.09,1,109099,买盘
13:45:44,1089.61,-1.38,4,435847,卖盘
13:45:56,1089.99,0.38,2,217998,买盘
13:45:59,1090.0,0.01,3,326999,买盘
13:46:02,1090.0,0.0,8,871889,买盘
13:46:16,1089.68,-0.32,1,108968,卖盘
13:46:23,1090.02,0.34,1,53411,卖盘
13:46:26,1090.2,0.18,3,327062,买盘
13:46:35,1090.89,0.69,8,872712,买盘
13:46:38,1090.89,0.0,20,2181897,卖盘
13:46:40,1090.21,-0.68,9,981598,卖盘
13:46:47,1091.0,0.79,7,763691,买盘
13:46:53,1091.0,0.0,4,436389,买盘
13:46:55,1091.02,0.02,1,109102,买盘
13:46:59,1091.04,0.02,9,981934,买盘
13:47:01,1091.04,0.0,7,763714,买盘
13:47:03,1091.03,-0.01,1,109103,中性盘
13:47:08,1091.33,0.3,17,1854847,买盘
13:47:11,1091.36,0.03,2,218240,买盘
13:47:14,1091.38,0.02,1,109138,买盘
13:47:18,1091.38,0.0,2,218274,买盘
13:47:26,1091.41,0.03,3,327421,买盘
13:47:29,1091.4,-0.01,2,218281,卖盘
13:47:35,1091.41,0.01,2,218283,卖盘
13:47:38,1091.45,0.04,95,10370265,买盘
13:47:44,1091.48,0.03,1,109148,中性盘
13:47:47,1092.0,0.52,102,11138140,买盘
13:47:53,1091.88,-0.12,1,109188,买盘
13:47:56,1091.88,0.0,2,218376,买盘
13:47:59,1092.0,0.12,1,109200,买盘
13:48:02,1092.0,0.0,82,8954406,买盘
13:48:03,1092.05,0.05,1,109205,买盘
13:48:08,1092.01,-0.04,14,1528873,卖盘
13:48:11,1092.1,0.09,1,109210,买盘
13:48:16,1092.09,-0.01,6,655254,买盘
13:48:20,1092.09,0.0,2,218414,买盘
13:48:22,1092.15,0.06,8,873683,买盘
13:48:29,1092.18,0.03,6,655289,买盘
13:48:32,1092.15,-0.03,1,109215,中性盘
13:48:35,1092.18,0.03,16,1747687,买盘
13:48:46,1092.5,0.33,2,218500,买盘
13:48:50,1092.17,-0.33,2,218434,卖盘
13:48:53,1092.5,0.33,5,546250,卖盘
13:48:56,1092.5,0.0,5,546250,买盘
13:48:59,1092.5,0.0,4,437000,买盘
13:49:02,1092.5,0.0,5,546247,买盘
13:49:05,1092.49,-0.01,2,218499,中性盘
13:49:08,1092.6,0.11,15,1638773,买盘
13:49:11,1092.6,0.0,4,437040,卖盘
13:49:14,1092.85,0.25,12,1311377,买盘
13:49:16,1092.9,0.05,16,1748551,买盘
13:49:20,1092.94,0.04,5,546471,买盘
13:49:23,1092.99,0.05,8,874379,买盘
13:49:25,1093.0,0.01,32,3497586,买盘
13:49:29,1093.0,0.0,32,3497599,买盘
13:49:32,1093.02,0.02,5,546502,买盘
13:49:35,1093.0,-0.02,1,109300,卖盘
13:49:38,1093.18,0.18,2,218629,买盘
13:49:40,1093.18,0.0,3,327953,中性盘
13:49:44,1093.24,0.06,2,218648,买盘
13:49:47,1093.3,0.06,4,437319,买盘
13:49:50,1093.3,0.0,4,437308,买盘
13:49:53,1093.3,0.0,1,109330,卖盘
13:49:56,1093.41,0.11,7,765363,买盘
13:49:59,1093.43,0.02,3,328027,买盘
13:50:02,1093.5,0.07,6,656091,买盘
13:50:04,1093.5,0.0,4,437405,卖盘
13:50:08,1093.54,0.04,5,546770,中性盘
13:50:11,1093.5,-0.04,21,2296373,卖盘
13:50:14,1093.6,0.1,17,1859081,买盘
13:50:17,1093.55,-0.05,1,109355,中性盘
13:50:20,1093.56,0.01,3,328067,买盘
13:50:23,1093.56,0.0,1,109356,中性盘
13:50:26,1093.56,0.0,5,546793,中性盘
13:50:28,1093.55,-0.01,3,328077,卖盘
13:50:32,1093.66,0.11,4,437457,买盘
13:50:34,1093.78,0.12,8,874933,买盘
13:50:38,1093.83,0.05,6,656249,买盘
13:50:41,1093.7,-0.13,3,328110,卖盘
13:50:47,1093.93,0.23,5,546938,买盘
13:50:50,1093.93,0.0,1,109393,买盘
13:50:56,1093.9,-0.03,5,546958,卖盘
13:50:59,1093.94,0.04,11,1203286,买盘
13:51:01,1093.83,-0.11,7,709933,卖盘
13:51:05,1093.8,-0.03,3,328140,买盘
13:51:07,1093.83,0.03,2,218763,买盘
13:51:11,1093.8,-0.03,3,328140,中性盘
13:51:13,1093.8,0.0,3,328142,卖盘
13:51:17,1093.8,0.0,3,328142,卖盘
13:51:20,1093.8,0.0,5,546906,卖盘
13:51:23,1093.82,0.02,5,546902,买盘
13:51:26,1093.83,0.01,27,2953328,买盘
13:51:29,1093.83,0.0,7,765674,买盘
13:51:32,1093.83,0.0,5,546908,买盘
13:51:35,1093.83,0.0,6,656286,买盘
13:51:38,1093.79,-0.04,15,1640699,卖盘
13:51:41,1093.7,-0.09,3,328128,卖盘
13:51:47,1093.8,0.1,1,109380,买盘
13:51:50,1093.82,0.02,3,328140,买盘
13:51:53,1093.67,-0.15,4,437471,卖盘
13:51:56,1093.55,-0.12,5,546816,卖盘
13:51:59,1093.78,0.23,3,328134,买盘
13:52:02,1093.78,0.0,12,1362668,买盘
13:52:04,1093.78,0.0,6,656273,卖盘
13:52:08,1093.18,-0.6,29,3121387,卖盘
13:52:14,1093.55,0.37,2,218710,买盘
13:52:16,1093.55,0.0,1,109355,买盘
13:52:23,1093.0,-0.55,1,109300,卖盘
13:52:26,1093.55,0.55,7,765420,买盘
13:52:32,1093.55,0.0,7,765416,买盘
13:52:35,1093.5,-0.05,10,1093477,卖盘
13:52:38,1093.55,0.05,5,546719,买盘
13:52:41,1093.55,0.0,3,328064,买盘
13:52:43,1093.55,0.0,17,1859033,买盘
13:52:47,1093.55,0.0,2,218710,买盘
13:52:50,1093.54,-0.01,2,218708,卖盘
13:52:53,1093.55,0.01,14,1530967,买盘
13:52:59,1093.54,-0.01,6,655874,买盘
13:53:02,1093.54,0.0,1,109354,买盘
13:53:05,1093.54,0.0,11,1202750,买盘
13:53:08,1093.54,0.0,1,142161,卖盘
13:53:11,1093.55,0.01,6,656128,买盘
13:53:13,1093.55,0.0,3,328064,买盘
13:53:23,1093.55,0.0,1,109355,卖盘
13:53:26,1093.54,-0.01,24,2624613,卖盘
13:53:29,1093.76,0.22,3,328128,卖盘
13:53:32,1093.76,0.0,4,437508,卖盘
13:53:34,1093.76,0.0,2,218751,卖盘
13:53:38,1093.78,0.02,3,328129,卖盘
13:53:41,1093.76,-0.02,2,218754,中性盘
13:53:47,1093.54,-0.22,6,656148,卖盘
13:53:50,1093.76,0.22,2,218752,中性盘
13:53:56,1093.54,-0.22,8,874868,卖盘
13:53:59,1093.55,0.01,1,109355,卖盘
13:54:02,1093.55,0.0,3,328079,卖盘
13:54:05,1093.54,-0.01,14,1559390,卖盘
13:54:08,1093.54,0.0,1,109354,卖盘
13:54:17,1093.55,0.01,11,1202895,买盘
13:54:20,1093.55,0.0,4,437419,买盘
13:54:22,1093.55,0.0,4,437420,买盘
13:54:26,1093.55,0.0,2,218710,卖盘
13:54:29,1093.65,0.1,1,109365,买盘
13:54:31,1093.56,-0.09,1,109356,卖盘
13:54:38,1093.56,0.0,5,546780,卖盘
13:54:40,1093.56,0.0,1,109356,买盘
13:54:43,1093.56,0.0,4,437421,中性盘
13:54:47,1093.54,-0.02,4,376180,卖盘
13:54:53,1093.5,-0.04,1,109350,买盘
13:54:59,1093.5,0.0,6,656100,买盘
13:55:02,1093.06,-0.44,6,656012,卖盘
13:55:20,1093.06,0.0,3,327918,买盘
13:55:26,1093.07,0.01,9,983993,卖盘
13:55:29,1093.0,-0.07,12,1311678,卖盘
13:55:35,1093.0,0.0,1,109300,卖盘
13:55:40,1093.0,0.0,1,109300,卖盘
13:55:44,1093.06,0.06,6,655806,买盘
13:55:50,1093.06,0.0,2,218606,买盘
13:55:53,1093.0,-0.06,3,327912,卖盘
13:55:55,1093.06,0.06,6,655830,买盘
13:55:59,1093.06,0.0,1,109306,买盘
13:56:02,1093.38,0.32,6,655902,买盘
13:56:05,1093.08,-0.3,6,655878,中性盘
13:56:08,1093.43,0.35,1,109343,买盘
13:56:11,1093.43,0.0,6,655953,买盘
13:56:14,1093.1,-0.33,4,437230,中性盘
13:56:17,1093.43,0.33,2,218686,买盘
13:56:20,1093.44,0.01,3,328030,买盘
13:56:23,1093.43,-0.01,4,437375,卖盘
13:56:25,1093.5,0.07,5,546736,买盘
13:56:29,1093.54,0.04,1,109354,买盘
13:56:35,1093.56,0.02,3,328066,买盘
13:56:38,1093.56,0.0,1,109356,买盘
13:56:43,1093.5,-0.06,6,656100,卖盘
13:56:47,1093.5,0.0,3,328050,买盘
13:56:50,1093.5,0.0,1,109350,买盘
13:56:53,1093.5,0.0,3,328050,买盘
13:56:56,1093.5,0.0,3,328050,买盘
13:56:59,1093.5,0.0,1,109350,卖盘
13:57:02,1093.51,0.01,5,546755,中性盘
13:57:05,1093.5,-0.01,7,765447,卖盘
13:57:08,1093.5,0.0,1,109350,买盘
13:57:11,1093.5,0.0,7,765453,买盘
13:57:14,1093.5,0.0,2,218705,中性盘
13:57:17,1093.5,0.0,4,437400,买盘
13:57:26,1093.5,0.0,4,437400,买盘
13:57:28,1093.55,0.05,2,218710,买盘
13:57:31,1093.5,-0.05,2,218700,卖盘
13:57:35,1093.5,0.0,1,109350,中性盘
13:57:38,1093.5,0.0,10,1093500,中性盘
13:57:41,1093.5,0.0,5,546750,买盘
13:57:44,1093.5,0.0,7,734832,买盘
13:57:47,1093.5,0.0,3,328057,卖盘
13:57:50,1093.55,0.05,7,765487,买盘
13:57:53,1093.55,0.0,11,1202898,卖盘
13:57:56,1093.58,0.03,6,656141,买盘
13:57:59,1093.55,-0.03,10,1093560,卖盘
13:58:02,1093.55,0.0,6,656128,买盘
13:58:08,1093.54,-0.01,1,109354,中性盘
13:58:11,1093.55,0.01,12,1312258,买盘
13:58:17,1093.58,0.03,2,269016,卖盘
13:58:20,1093.59,0.01,9,984222,买盘
13:58:23,1093.6,0.01,8,874880,买盘
13:58:26,1093.65,0.05,1,109365,买盘
13:58:28,1093.7,0.05,4,491085,买盘
13:58:31,1093.79,0.09,1,109379,中性盘
13:58:35,1093.8,0.01,4,437519,买盘
13:58:38,1093.8,0.0,8,777693,买盘
13:58:41,1093.88,0.08,18,1968895,买盘
13:58:43,1093.94,0.06,12,1312666,买盘
13:58:47,1094.0,0.06,39,4266573,买盘
13:58:49,1094.1,0.1,19,2078648,买盘
13:58:53,1094.58,0.48,7,766099,买盘
13:58:56,1094.76,0.18,2,218934,买盘
13:58:59,1095.0,0.24,125,13687415,买盘
13:59:02,1095.0,0.0,5,547447,买盘
13:59:05,1095.0,0.0,4,438000,买盘
13:59:08,1095.2,0.2,21,2299593,买盘
13:59:11,1095.11,-0.09,37,4051907,卖盘
13:59:14,1095.3,0.19,6,657199,买盘
13:59:17,1095.46,0.16,4,438111,买盘
13:59:20,1095.5,0.04,2,228940,买盘
13:59:23,1095.6,0.1,5,547784,买盘
13:59:26,1095.64,0.04,3,328690,买盘
13:59:29,1095.55,-0.09,11,1205161,卖盘
13:59:32,1095.76,0.21,5,547842,买盘
13:59:35,1095.81,0.05,5,547904,买盘
13:59:38,1095.95,0.14,7,767125,买盘
13:59:41,1095.76,-0.19,11,1205432,卖盘
13:59:43,1096.0,0.24,68,7502827,买盘
13:59:47,1096.0,0.0,1,109600,卖盘
13:59:50,1096.06,0.06,3,328811,买盘
13:59:53,1095.8,-0.26,18,1922346,卖盘
13:59:56,1095.81,0.01,6,707893,买盘
13:59:59,1095.81,0.0,3,328743,卖盘
14:00:02,1095.85,0.04,13,1374429,卖盘
14:00:04,1096.04,0.19,6,657584,买盘
14:00:07,1095.76,-0.28,2,219152,卖盘
14:00:11,1095.46,-0.3,7,757056,卖盘
14:00:14,1095.11,-0.35,15,1643559,卖盘
14:00:16,1094.95,-0.16,3,328655,卖盘
14:00:20,1094.76,-0.19,1,109476,卖盘
14:00:25,1095.46,0.7,3,328603,买盘
14:00:29,1094.76,-0.7,5,547338,买盘
14:00:32,1095.63,0.87,5,547477,买盘
14:00:35,1094.81,-0.82,1,109481,卖盘
14:00:38,1094.67,-0.14,2,218875,买盘
14:00:41,1095.46,0.79,1,109546,中性盘
14:00:44,1095.67,0.21,4,438268,卖盘
14:00:47,1094.67,-1.0,2,220028,中性盘
14:00:55,1092.0,-2.67,101,11035036,卖盘
14:00:59,1094.08,2.08,3,328419,中性盘
14:01:02,1095.35,1.27,5,547489,买盘
14:01:05,1094.13,-1.22,7,766618,中性盘
14:01:14,1094.08,-0.05,5,547353,卖盘
14:01:17,1094.99,0.91,2,218909,中性盘
14:01:20,1094.08,-0.91,2,218908,卖盘
14:01:23,1094.07,-0.01,2,218814,卖盘
14:01:26,1095.0,0.93,3,328498,买盘
14:01:35,1094.08,-0.92,5,547255,卖盘
14:01:38,1094.85,0.77,3,328415,买盘
14:01:40,1094.08,-0.77,4,437873,卖盘
14:01:45,1094.85,0.77,1,109485,卖盘
14:01:53,1094.0,-0.85,10,1094047,卖盘
14:02:02,1093.99,-0.01,1,109399,中性盘
14:02:11,1093.99,0.0,2,218798,买盘
14:02:14,1093.0,-0.99,6,708860,卖盘
14:02:16,1094.0,1.0,5,546900,买盘
14:02:19,1093.0,-1.0,3,328108,买盘
14:02:31,1093.0,0.0,9,983700,卖盘
14:02:38,1093.0,0.0,1,109300,卖盘
14:02:43,1093.0,0.0,1,109300,卖盘
14:02:47,1093.57,0.57,4,437427,买盘
14:02:53,1094.0,0.43,3,328199,买盘
14:02:56,1094.0,0.0,3,328124,买盘
14:02:58,1094.0,0.0,1,109400,买盘
14:03:01,1094.0,0.0,1,109400,买盘
14:03:08,1093.62,-0.38,2,218724,卖盘
14:03:17,1093.62,0.0,3,328162,卖盘
14:03:19,1094.0,0.38,1,109400,买盘
14:03:26,1094.05,0.05,1,109405,卖盘
14:03:28,1094.08,0.03,4,437632,买盘
14:03:32,1094.0,-0.08,3,328210,卖盘
14:03:35,1094.05,0.05,2,218809,买盘
14:03:41,1094.0,-0.05,3,328200,买盘
14:03:43,1094.5,0.5,2,218847,买盘
14:03:47,1094.79,0.29,1,109479,买盘
14:03:56,1094.78,-0.01,1,109478,买盘
14:03:58,1094.51,-0.27,1,109451,中性盘
14:04:02,1094.78,0.27,7,766351,买盘
14:04:05,1094.5,-0.28,1,109450,卖盘
14:04:08,1094.5,0.0,2,218900,卖盘
14:04:11,1094.77,0.27,1,109477,买盘
14:04:14,1094.0,-0.77,6,656532,卖盘
14:04:17,1094.0,0.0,4,437600,买盘
14:04:20,1094.0,0.0,3,328199,买盘
14:04:26,1093.63,-0.37,31,3390474,卖盘
14:04:29,1094.7,1.07,18,1969790,买盘
14:04:32,1093.01,-1.69,3,271264,卖盘
14:04:38,1094.05,1.04,1,109405,卖盘
14:04:41,1093.01,-1.04,6,674877,卖盘
14:04:44,1093.99,0.98,1,109399,买盘
14:04:50,1093.99,0.98,1,109335,卖盘
14:04:53,1093.88,-0.11,7,765540,买盘
14:05:02,1093.0,-0.88,2,218600,卖盘
14:05:08,1093.05,0.05,5,546503,买盘
14:05:11,1093.11,0.06,1,109311,卖盘
14:05:17,1093.07,-0.04,1,109307,中性盘
14:05:20,1093.16,0.09,3,327937,中性盘
14:05:26,1093.16,0.0,1,109316,买盘
14:05:29,1093.05,-0.11,7,765158,卖盘
