time,price,change,volume,amount,type
09:25:05,1090.01,-3.81,207,22577377,卖盘
09:30:03,1090.39,0.38,78,8506254,买盘
09:30:05,1090.39,0.0,185,20168905,卖盘
09:30:09,1090.39,0.0,53,5780255,买盘
09:30:12,1091.39,1.0,23,2509361,买盘
09:30:15,1091.4,0.01,24,2618672,买盘
09:30:18,1091.4,0.0,2,218270,买盘
09:30:20,1091.8,0.4,25,2729253,买盘
09:30:24,1091.4,-0.4,23,2511120,卖盘
09:30:27,1092.0,0.6,37,4040400,买盘
09:30:29,1093.01,1.01,47,5133161,买盘
09:30:33,1093.0,-0.01,4,437200,卖盘
09:30:36,1093.0,0.0,29,3169735,卖盘
09:30:39,1093.01,0.01,5,546614,中性盘
09:30:42,1093.58,0.57,5,546717,中性盘
09:30:45,1093.69,0.11,22,2405103,买盘
09:30:48,1093.58,-0.11,18,1967543,中性盘
09:30:51,1093.58,0.0,8,874924,卖盘
09:30:54,1093.7,0.12,292,31936015,买盘
09:30:57,1093.7,0.0,97,10608890,买盘
09:31:00,1093.7,0.0,127,13982768,买盘
09:31:03,1093.69,-0.01,29,3078910,卖盘
09:31:06,1093.01,-0.68,11,1202473,卖盘
09:31:09,1093.0,-0.01,38,4154761,卖盘
09:31:12,1093.0,0.0,17,1858200,卖盘
09:31:15,1093.69,0.69,221,24173224,中性盘
09:31:18,1093.82,0.13,23,2515655,买盘
09:31:19,1093.82,0.0,69,7546955,买盘
09:31:24,1094.0,0.18,7,779928,买盘
09:31:27,1093.83,-0.17,21,2297041,卖盘
09:31:30,1093.69,-0.14,10,1093737,卖盘
09:31:33,1094.8,1.11,5,547250,买盘
09:31:36,1095.0,0.2,14,1531787,买盘
09:31:39,1095.0,0.0,5,547460,买盘
09:31:42,1095.0,0.0,1,109500,卖盘
09:31:44,1095.0,0.0,5,547500,中性盘
09:31:49,1095.98,0.98,4,438083,买盘
09:31:51,1095.0,-0.98,5,547535,卖盘
09:31:54,1095.9,0.9,9,985438,买盘
09:31:57,1095.9,0.0,2,219140,买盘
09:32:00,1095.93,0.03,1,109593,中性盘
09:32:03,1095.5,-0.43,17,1861900,中性盘
09:32:06,1096.88,1.38,27,2959274,买盘
09:32:08,1095.01,-1.87,6,657395,卖盘
09:32:12,1095.0,-0.01,2,219188,卖盘
09:32:15,1095.98,0.98,2,219098,中性盘
09:32:18,1096.0,0.02,3,328701,买盘
09:32:20,1095.01,-0.99,1,109501,卖盘
09:32:24,1095.98,0.97,1,109598,中性盘
09:32:27,1095.0,-0.98,6,657003,卖盘
09:32:30,1095.0,0.0,2,219099,卖盘
09:32:33,1095.99,0.99,3,328605,买盘
09:32:36,1095.0,-0.99,6,657055,卖盘
09:32:39,1095.88,0.88,9,985678,买盘
09:32:42,1095.88,0.0,40,4450081,买盘
09:32:45,1095.87,-0.01,6,657448,卖盘
09:32:48,1095.05,-0.82,2,219006,中性盘
09:32:51,1095.6,0.55,4,438181,买盘
09:32:54,1095.03,-0.57,1,109503,中性盘
09:32:56,1095.0,-0.03,5,547622,卖盘
09:33:00,1095.6,0.6,7,766852,买盘
09:33:03,1095.03,-0.57,4,438012,中性盘
09:33:06,1095.0,-0.03,7,766509,卖盘
09:33:09,1094.0,-1.0,18,1969488,卖盘
09:33:12,1095.0,1.0,5,547200,买盘
09:33:15,1095.0,0.0,8,875896,买盘
09:33:18,1095.0,0.0,9,911835,买盘
09:33:21,1093.82,-1.18,3,328263,卖盘
09:33:24,1093.82,0.0,7,765809,卖盘
09:33:27,1093.82,0.0,2,218764,卖盘
09:33:30,1094.99,1.17,2,218899,买盘
09:33:33,1094.0,-0.99,2,218782,中性盘
09:33:36,1094.98,0.98,3,328280,中性盘
09:33:39,1094.0,-0.98,8,875200,卖盘
09:33:41,1094.0,0.0,2,218800,卖盘
09:33:44,1094.97,0.97,12,1312720,买盘
09:33:48,1094.0,-0.97,12,1313700,卖盘
09:33:51,1094.9,0.9,2,218890,买盘
09:33:54,1093.8,-1.1,3,328163,卖盘
09:33:57,1094.0,0.2,9,984460,买盘
09:34:03,1094.0,0.0,5,547000,买盘
09:34:06,1094.0,0.0,1,109400,买盘
09:34:09,1094.9,0.9,19,2132700,买盘
09:34:12,1094.0,-0.9,2,166335,买盘
09:34:14,1094.0,0.0,1,109400,卖盘
09:34:18,1094.0,0.0,4,437685,卖盘
09:34:21,1093.83,-0.17,5,546966,卖盘
09:34:24,1094.0,0.17,15,1640858,买盘
09:34:27,1093.81,-0.19,1,109381,中性盘
09:34:30,1093.8,-0.01,1,109380,卖盘
09:34:34,1093.81,0.01,5,546903,买盘
09:34:35,1093.81,0.0,4,437562,买盘
09:34:39,1093.81,0.0,14,1531242,买盘
09:34:42,1093.58,-0.23,13,1407704,卖盘
09:34:45,1093.0,-0.58,18,1981651,卖盘
09:34:46,1093.35,0.35,11,1202534,中性盘
09:34:51,1092.81,-0.54,5,532342,卖盘
09:34:57,1092.81,0.0,5,546172,卖盘
09:35:00,1090.01,-2.8,33,3599531,卖盘
09:35:02,1092.81,2.8,3,327762,买盘
09:35:06,1093.0,0.19,10,1092424,买盘
09:35:09,1092.81,-0.19,1,109281,中性盘
09:35:12,1092.76,-0.05,2,218552,中性盘
09:35:15,1090.02,-2.74,1,109002,卖盘
09:35:19,1092.71,2.69,3,327828,中性盘
09:35:20,1092.0,-0.71,4,436414,中性盘
09:35:24,1090.81,-1.19,2,218281,中性盘
09:35:27,1090.01,-0.8,26,2834433,卖盘
09:35:30,1090.11,0.1,1,109011,中性盘
09:35:33,1090.81,0.7,4,436253,买盘
09:35:36,1091.0,0.19,1,109100,卖盘
09:35:39,1091.0,0.0,17,1854969,卖盘
09:35:42,1092.7,1.7,1,109270,买盘
09:35:44,1091.0,-1.7,4,436569,卖盘
09:35:46,1091.0,0.0,8,873139,卖盘
09:35:50,1091.0,0.0,2,218200,买盘
09:35:57,1091.01,0.01,3,327303,卖盘
09:36:00,1091.0,-0.01,5,545669,卖盘
09:36:04,1091.01,0.01,5,545652,中性盘
09:36:06,1091.7,0.69,3,327372,中性盘
09:36:11,1091.01,-0.69,1,109101,卖盘
09:36:18,1091.7,0.69,4,436560,买盘
09:36:21,1091.7,0.0,1,109170,买盘
09:36:27,1091.1,-0.6,8,872973,卖盘
09:36:30,1091.03,-0.07,7,763761,中性盘
09:36:33,1091.02,-0.01,5,545512,卖盘
09:36:36,1091.01,-0.01,33,3600321,卖盘
09:36:39,1091.09,0.08,17,1854728,买盘
09:36:42,1091.02,-0.07,4,436408,卖盘
09:36:45,1091.1,0.08,10,1091028,买盘
09:36:48,1091.1,0.0,3,381925,中性盘
09:36:51,1091.01,-0.09,9,927380,买盘
09:36:53,1091.0,-0.01,11,1200106,卖盘
09:36:57,1090.31,-0.69,4,436244,卖盘
09:37:00,1090.81,0.5,2,218143,买盘
09:37:03,1091.0,0.19,7,763308,买盘
09:37:06,1090.62,-0.38,8,872713,中性盘
09:37:09,1090.81,0.19,1,109081,买盘
09:37:12,1090.81,0.0,7,763453,买盘
09:37:15,1090.3,-0.51,11,1199532,卖盘
09:37:19,1090.81,0.51,5,545405,买盘
09:37:24,1090.4,-0.41,2,218083,中性盘
09:37:30,1090.4,0.0,4,436173,中性盘
09:37:34,1090.62,0.22,7,763293,买盘
09:37:36,1090.3,-0.32,46,5014493,卖盘
09:37:39,1090.01,-0.29,13,1417248,卖盘
09:37:42,1090.9,0.89,16,1745185,买盘
09:37:45,1090.76,-0.14,1,109076,中性盘
09:37:48,1090.76,0.0,11,1199812,中性盘
09:37:51,1091.0,0.24,11,1199771,买盘
09:37:54,1091.0,0.0,10,1090686,买盘
09:37:57,1090.62,-0.38,1,109062,卖盘
09:38:00,1091.1,0.48,3,327286,买盘
09:38:02,1090.56,-0.54,13,1418120,卖盘
09:38:06,1090.76,0.2,2,218152,卖盘
09:38:09,1091.7,0.94,8,872922,买盘
09:38:12,1090.76,-0.94,1,109076,买盘
09:38:15,1090.76,0.0,6,654442,买盘
09:38:18,1091.8,1.04,2,218256,中性盘
09:38:22,1091.51,-0.29,2,218331,卖盘
09:38:24,1091.0,-0.51,3,327410,卖盘
09:38:30,1091.0,0.0,3,327300,卖盘
09:38:33,1091.0,0.0,3,327295,买盘
09:38:37,1092.1,1.1,9,982410,买盘
09:38:39,1092.1,0.0,3,327630,卖盘
09:38:42,1092.7,0.6,3,327690,买盘
09:38:45,1092.1,-0.6,10,1092100,卖盘
09:38:48,1090.81,-1.29,42,4586081,卖盘
09:38:52,1092.7,1.89,15,1639182,中性盘
09:38:57,1092.7,0.0,14,1528941,买盘
09:38:59,1092.81,0.11,4,437102,买盘
09:39:03,1092.7,-0.11,9,983518,卖盘
09:39:06,1092.66,-0.04,29,3168826,卖盘
09:39:09,1092.66,0.0,12,1310078,中性盘
09:39:12,1092.82,0.16,12,1311001,买盘
09:39:15,1092.82,0.0,13,1420101,买盘
09:39:18,1092.21,-0.61,3,327752,中性盘
09:39:21,1092.66,0.45,13,1420229,买盘
09:39:24,1092.0,-0.66,2,218466,中性盘
09:39:27,1092.0,0.0,8,873603,卖盘
09:39:30,1091.1,-0.9,9,982575,卖盘
09:39:33,1091.0,-0.1,6,654676,卖盘
09:39:35,1090.99,-0.01,7,763663,卖盘
09:39:39,1090.82,-0.17,20,2182970,卖盘
09:39:43,1090.81,-0.01,8,872803,卖盘
09:39:45,1092.18,1.37,16,1746107,买盘
09:39:48,1092.18,0.0,3,327654,卖盘
09:39:51,1092.18,0.0,4,436872,卖盘
09:39:54,1092.0,-0.18,4,436856,卖盘
09:39:57,1092.0,0.0,1,109200,买盘
09:40:00,1092.66,0.66,14,1528316,买盘
09:40:03,1092.0,-0.66,1,109200,中性盘
09:40:04,1092.21,0.21,7,764414,卖盘
09:40:07,1092.66,0.45,21,2294205,买盘
09:40:12,1092.11,-0.55,10,1091876,中性盘
09:40:15,1092.0,-0.11,8,873600,卖盘
09:40:18,1092.21,0.21,2,218442,中性盘
09:40:21,1091.84,-0.37,21,2293357,卖盘
09:40:24,1091.84,0.0,3,327548,买盘
09:40:27,1091.84,0.0,4,436652,买盘
09:40:30,1091.01,-0.83,4,436486,中性盘
09:40:33,1091.01,0.0,3,327302,买盘
09:40:37,1091.0,-0.01,40,4364001,卖盘
09:40:39,1090.8,-0.2,13,1418193,卖盘
09:40:41,1090.76,-0.04,20,2181566,卖盘
09:40:44,1090.6,-0.16,11,1199809,卖盘
09:40:46,1090.56,-0.04,15,1635876,卖盘
09:40:51,1090.4,-0.16,7,763310,卖盘
09:40:54,1090.18,-0.22,6,654198,卖盘
09:40:57,1090.3,0.12,15,1635484,买盘
09:41:01,1090.3,0.0,1,109030,买盘
09:41:03,1090.3,0.0,6,654100,买盘
09:41:06,1090.1,-0.2,5,545130,卖盘
09:41:09,1090.3,0.2,12,1308280,买盘
09:41:12,1090.4,0.1,9,981250,买盘
09:41:15,1090.3,-0.1,3,327110,卖盘
09:41:18,1090.4,0.1,7,764354,买盘
09:41:22,1090.4,0.0,7,762159,卖盘
09:41:24,1090.3,-0.1,8,872260,卖盘
09:41:27,1090.3,0.0,30,3270920,卖盘
09:41:31,1090.4,0.1,6,655333,买盘
09:41:33,1090.4,0.0,3,327132,买盘
09:41:37,1090.56,0.16,4,436220,买盘
09:41:39,1090.1,-0.46,12,1308390,卖盘
09:41:40,1090.4,0.3,2,218080,卖盘
09:41:45,1090.1,-0.3,4,436116,卖盘
09:41:48,1090.4,0.3,4,436133,买盘
09:41:55,1090.12,-0.28,1,109012,卖盘
09:41:55,1090.31,0.19,9,981199,买盘
09:42:01,1090.12,-0.19,2,218024,中性盘
09:42:03,1090.1,-0.02,6,654066,卖盘
09:42:06,1090.12,0.02,2,218024,买盘
09:42:09,1090.12,0.0,2,218024,卖盘
09:42:12,1090.12,0.0,21,2289484,卖盘
09:42:15,1090.12,0.0,7,763122,卖盘
09:42:19,1090.4,0.28,40,4361109,买盘
09:42:21,1090.4,0.0,13,1417520,卖盘
09:42:24,1090.1,-0.3,24,2616296,卖盘
09:42:27,1090.3,0.2,2,218043,中性盘
09:42:30,1090.1,-0.2,4,436040,卖盘
09:42:33,1090.09,-0.01,8,872076,卖盘
09:42:37,1090.03,-0.06,11,1199065,卖盘
09:42:39,1090.02,-0.01,24,2616094,卖盘
09:42:42,1090.01,-0.01,18,1962029,卖盘
09:42:45,1090.01,0.0,40,4360463,卖盘
09:42:46,1090.01,0.0,5,545008,卖盘
09:42:51,1090.02,0.01,8,872010,买盘
09:42:54,1090.05,0.03,31,3379579,买盘
09:43:00,1090.02,-0.03,25,2725031,卖盘
09:43:03,1090.05,0.03,6,654009,买盘
09:43:06,1090.03,-0.02,14,1526012,中性盘
09:43:07,1090.05,0.02,2,218010,买盘
09:43:12,1090.01,-0.04,4,436007,卖盘
09:43:15,1090.01,0.0,11,1199044,中性盘
09:43:18,1090.01,0.0,5,545009,卖盘
09:43:21,1090.09,0.08,7,763033,买盘
09:43:24,1090.01,-0.08,7,763020,卖盘
09:43:27,1090.05,0.04,1,109005,买盘
09:43:31,1090.06,0.01,2,218011,买盘
09:43:33,1090.1,0.04,1,109010,买盘
09:43:36,1090.1,0.0,2,218020,买盘
09:43:37,1090.09,-0.01,11,1199102,卖盘
09:43:40,1090.09,0.0,9,981057,中性盘
09:43:45,1090.1,0.01,14,1526129,买盘
09:43:48,1090.1,0.0,4,436040,买盘
09:43:51,1090.09,-0.01,6,654059,卖盘
09:43:54,1090.1,0.01,25,2725189,买盘
09:43:57,1090.1,0.0,8,872080,买盘
09:44:00,1090.1,0.0,3,327029,买盘
09:44:03,1090.02,-0.08,4,436020,卖盘
09:44:06,1090.02,0.0,25,2725027,买盘
09:44:09,1089.66,-0.36,260,28339444,卖盘
09:44:12,1090.02,0.36,91,9918256,买盘
09:44:15,1090.02,0.0,1,109002,卖盘
09:44:18,1090.03,0.01,303,33027608,买盘
09:44:21,1090.1,0.07,96,10464202,买盘
09:44:24,1090.02,-0.08,52,5668105,卖盘
09:44:25,1090.03,0.01,3,327009,卖盘
09:44:30,1089.5,-0.53,8,871652,卖盘
09:44:31,1089.31,-0.19,7,762605,卖盘
09:44:35,1089.51,0.2,5,544958,中性盘
09:44:39,1089.5,-0.01,2,217901,卖盘
09:44:42,1089.48,-0.02,1,108948,卖盘
09:44:45,1089.51,0.03,2,217899,买盘
09:44:48,1089.31,-0.2,4,435760,卖盘
09:44:51,1089.51,0.2,15,1634096,买盘
09:44:54,1089.3,-0.21,22,2396250,中性盘
09:44:57,1089.0,-0.3,40,4356060,卖盘
09:45:00,1088.69,-0.31,6,653333,卖盘
09:45:03,1088.68,-0.01,5,544360,卖盘
09:45:06,1088.5,-0.18,9,979677,卖盘
09:45:10,1088.35,-0.15,5,544229,卖盘
09:45:10,1088.11,-0.24,17,1850035,卖盘
09:45:16,1088.1,-0.01,16,1740961,卖盘
09:45:18,1088.1,0.0,38,4135048,买盘
09:45:21,1088.01,-0.09,5,544011,卖盘
09:45:24,1088.01,0.0,10,1088011,卖盘
09:45:25,1088.0,-0.01,130,14144017,卖盘
09:45:31,1087.82,-0.18,11,1196782,卖盘
09:45:33,1087.6,-0.22,18,1957851,卖盘
09:45:36,1087.51,-0.09,5,543782,卖盘
09:45:39,1087.0,-0.51,73,7935909,卖盘
09:45:42,1087.0,0.0,9,978048,买盘
09:45:45,1086.56,-0.44,9,978212,卖盘
09:45:48,1086.55,-0.01,5,543417,卖盘
09:45:51,1086.5,-0.05,7,760555,卖盘
09:45:54,1086.38,-0.12,10,1086752,卖盘
09:45:57,1086.25,-0.13,9,977767,卖盘
09:46:00,1087.3,1.05,8,869234,买盘
09:46:03,1086.5,-0.8,8,869325,卖盘
09:46:06,1087.51,1.01,9,978073,买盘
09:46:09,1086.53,-0.98,6,652015,卖盘
09:46:10,1087.0,0.47,10,1086646,买盘
09:46:16,1087.0,0.0,4,434800,买盘
09:46:18,1086.55,-0.45,14,1521077,中性盘
09:46:21,1087.3,0.75,13,1412876,买盘
09:46:24,1087.0,-0.3,4,434800,卖盘
09:46:27,1087.0,0.0,15,1630330,买盘
09:46:30,1087.0,0.0,10,1086736,买盘
09:46:33,1087.0,0.0,13,1413130,买盘
09:46:36,1087.0,0.0,6,652200,卖盘
09:46:39,1087.3,0.3,15,1630530,买盘
09:46:42,1087.0,-0.3,19,2065330,卖盘
09:46:45,1087.3,0.3,2,217479,中性盘
09:46:48,1087.0,-0.3,6,652308,卖盘
09:46:51,1087.49,0.49,9,978351,买盘
09:46:52,1087.28,-0.21,8,869971,中性盘
09:46:57,1087.28,0.0,4,434915,中性盘
09:47:00,1087.28,0.0,2,217477,中性盘
09:47:03,1087.49,0.21,9,978720,买盘
09:47:06,1087.28,-0.21,3,326226,中性盘
09:47:09,1087.08,-0.2,9,978375,卖盘
09:47:12,1087.49,0.41,11,1196029,买盘
09:47:15,1087.04,-0.45,4,434865,中性盘
09:47:18,1087.49,0.45,4,434951,买盘
09:47:21,1087.49,0.0,5,543703,买盘
09:47:24,1087.49,0.0,6,652494,买盘
09:47:27,1087.49,0.0,5,543746,卖盘
09:47:29,1087.47,-0.02,10,1087481,卖盘
09:47:31,1087.0,-0.47,35,3805032,卖盘
09:47:35,1087.49,0.49,5,543699,买盘
09:47:37,1087.09,-0.4,28,3043861,中性盘
09:47:42,1087.49,0.4,4,434994,买盘
09:47:45,1087.16,-0.33,3,334857,卖盘
09:47:47,1087.06,-0.1,2,217490,买盘
09:47:51,1087.49,0.43,3,326245,买盘
09:47:54,1087.05,-0.44,13,1404837,卖盘
09:47:57,1087.04,-0.01,2,217408,买盘
09:47:59,1087.47,0.43,4,434943,卖盘
09:48:01,1087.05,-0.42,4,434862,中性盘
09:48:09,1087.04,-0.01,4,434816,卖盘
09:48:10,1087.04,0.0,5,543614,卖盘
09:48:15,1087.02,-0.02,17,1848004,卖盘
09:48:18,1087.0,-0.02,25,2717516,卖盘
09:48:21,1087.03,0.03,28,3043614,中性盘
09:48:22,1087.0,-0.03,7,760900,卖盘
09:48:27,1087.0,0.0,15,1630503,卖盘
09:48:30,1087.02,0.02,3,326103,中性盘
09:48:33,1087.03,0.01,3,326108,买盘
09:48:36,1087.03,0.0,2,217406,中性盘
09:48:39,1087.03,0.0,2,217407,卖盘
09:48:42,1087.0,-0.03,37,4021941,卖盘
09:48:45,1086.88,-0.12,19,2065273,卖盘
09:48:48,1087.04,0.16,13,1413139,买盘
09:48:50,1087.0,-0.04,23,2500108,卖盘
09:48:54,1087.04,0.04,53,5760368,中性盘
09:49:00,1087.04,0.0,2,217408,卖盘
09:49:01,1087.0,-0.04,2,217404,卖盘
09:49:06,1087.04,0.04,6,652207,买盘
09:49:09,1087.0,-0.04,11,1195809,卖盘
09:49:12,1086.98,-0.02,6,652196,卖盘
09:49:15,1086.36,-0.62,26,2825095,卖盘
09:49:18,1087.0,0.64,5,543336,买盘
09:49:21,1086.99,-0.01,2,217399,中性盘
09:49:24,1086.26,-0.73,25,2715912,卖盘
09:49:27,1087.0,0.74,6,652084,买盘
09:49:29,1087.0,0.0,1,108700,买盘
09:49:33,1086.99,-0.01,3,326099,中性盘
09:49:36,1087.0,0.01,14,1521079,买盘
09:49:39,1087.0,0.0,1,108700,买盘
09:49:42,1086.98,-0.02,11,1195682,卖盘
09:49:45,1087.0,0.02,6,652196,买盘
09:49:48,1087.0,0.0,18,1956594,买盘
09:49:51,1086.98,-0.02,6,652192,卖盘
09:49:52,1086.99,0.01,11,1195665,中性盘
09:49:55,1086.99,0.0,2,217398,买盘
09:50:00,1086.98,-0.01,4,434795,卖盘
09:50:03,1086.69,-0.29,16,1738815,卖盘
09:50:06,1086.58,-0.11,6,651981,卖盘
09:50:09,1086.41,-0.17,2,217297,卖盘
09:50:12,1086.4,-0.01,7,760486,卖盘
09:50:15,1086.4,0.0,6,651824,买盘
09:50:18,1086.56,0.16,13,1412410,买盘
09:50:20,1086.58,0.02,14,1521277,买盘
09:50:24,1086.56,-0.02,4,434589,卖盘
09:50:27,1086.58,0.02,4,434648,中性盘
09:50:30,1086.98,0.4,1,108698,中性盘
09:50:31,1086.99,0.01,4,434722,买盘
09:50:36,1086.5,-0.49,93,10108481,卖盘
09:50:37,1086.41,-0.09,7,760532,卖盘
09:50:42,1086.58,0.17,8,869273,中性盘
09:50:45,1086.59,0.01,4,434633,中性盘
09:50:48,1086.51,-0.08,5,543286,卖盘
09:50:51,1086.5,-0.01,6,651980,卖盘
09:50:54,1086.59,0.09,9,978127,买盘
09:51:00,1086.59,0.0,1,108659,卖盘
09:51:03,1087.0,0.41,4,434718,买盘
09:51:06,1086.6,-0.4,3,325980,卖盘
09:51:09,1086.98,0.38,2,217357,买盘
09:51:12,1086.6,-0.38,8,869501,卖盘
09:51:18,1086.98,0.38,7,760891,中性盘
09:51:21,1086.61,-0.37,1,108661,卖盘
09:51:27,1087.0,0.39,13,1413100,买盘
09:51:30,1087.0,0.0,3,326098,买盘
09:51:33,1087.0,0.0,32,3478400,买盘
09:51:35,1087.0,0.0,4,434800,买盘
09:51:39,1087.0,0.0,2,217400,卖盘
09:51:42,1087.2,0.2,8,869652,买盘
09:51:45,1088.0,0.8,1,108800,买盘
09:51:48,1088.0,0.0,3,326220,买盘
09:51:51,1088.0,0.0,1,108800,买盘
09:51:52,1088.0,0.0,8,870400,买盘
09:51:55,1088.0,0.0,5,543912,买盘
09:52:00,1088.0,0.0,9,979200,买盘
09:52:01,1087.14,-0.86,6,652714,卖盘
09:52:06,1088.0,0.86,4,435200,买盘
09:52:09,1088.0,0.0,8,870400,买盘
09:52:10,1088.0,0.0,11,1196800,买盘
09:52:18,1088.0,0.0,4,435200,买盘
09:52:21,1088.0,0.0,2,217600,买盘
09:52:27,1088.0,0.0,1,108800,买盘
09:52:30,1088.0,0.0,1,108800,买盘
09:52:32,1087.22,-0.78,3,326322,卖盘
09:52:36,1087.22,0.0,13,1414018,卖盘
09:52:39,1087.22,0.0,3,326170,卖盘
09:52:42,1087.99,0.77,5,543919,买盘
09:52:45,1087.23,-0.76,3,326322,卖盘
09:52:48,1088.0,0.77,2,217599,买盘
09:52:51,1087.99,-0.01,5,543786,中性盘
09:52:52,1088.0,0.01,12,1305598,买盘
09:52:55,1087.99,-0.01,1,108799,卖盘
09:53:00,1088.0,0.01,1,108800,买盘
09:53:01,1087.23,-0.77,12,1305067,卖盘
09:53:05,1088.0,0.77,4,435121,买盘
09:53:09,1087.99,-0.01,1,108799,卖盘
09:53:12,1087.99,0.0,3,326399,卖盘
09:53:15,1087.99,0.0,5,543997,卖盘
09:53:18,1088.0,0.01,5,544000,买盘
09:53:21,1087.99,-0.01,11,1196794,卖盘
09:53:24,1086.97,-1.02,81,8806965,卖盘
09:53:27,1086.88,-0.09,6,652173,卖盘
09:53:29,1086.88,0.0,3,326082,中性盘
09:53:33,1086.97,0.09,88,9565498,买盘
09:53:36,1086.97,0.0,5,543485,中性盘
09:53:39,1086.88,-0.09,2,217385,中性盘
09:53:42,1086.88,0.0,4,434752,买盘
09:53:45,1086.78,-0.1,15,1630351,卖盘
09:53:46,1086.88,0.1,5,543430,买盘
09:53:51,1086.78,-0.1,8,869443,卖盘
09:53:54,1086.74,-0.04,10,1086906,卖盘
09:53:57,1086.74,0.0,1,108674,买盘
09:54:03,1087.0,0.26,2,217400,买盘
09:54:06,1086.88,-0.12,1,108688,卖盘
09:54:09,1086.88,0.0,4,434752,卖盘
09:54:10,1086.78,-0.1,7,760820,卖盘
09:54:14,1086.78,0.0,2,217356,卖盘
09:54:18,1086.79,0.01,3,326046,中性盘
09:54:21,1086.78,-0.01,4,434732,卖盘
09:54:24,1086.77,-0.01,4,434711,卖盘
09:54:27,1086.77,0.0,5,543397,卖盘
09:54:30,1086.78,0.01,3,326031,买盘
09:54:33,1086.78,0.0,3,326033,买盘
09:54:36,1086.77,-0.01,5,543386,卖盘
09:54:39,1086.77,0.0,10,1086775,卖盘
09:54:40,1086.78,0.01,16,1738826,买盘
09:54:45,1086.78,0.0,21,2282173,买盘
09:54:48,1086.78,0.0,3,326034,买盘
09:54:51,1086.78,0.0,1,108678,卖盘
09:54:54,1086.78,0.0,2,217377,卖盘
09:54:57,1086.99,0.21,3,326055,买盘
09:55:00,1086.78,-0.21,10,1086782,卖盘
09:55:03,1086.99,0.21,4,434796,买盘
09:55:06,1086.88,-0.11,7,760860,卖盘
09:55:07,1086.78,-0.1,14,1521579,卖盘
09:55:12,1086.77,-0.01,17,1847531,卖盘
09:55:15,1086.8,0.03,6,652055,买盘
09:55:16,1086.76,-0.04,3,326033,中性盘
09:55:21,1086.76,0.0,9,978086,卖盘
09:55:24,1086.76,0.0,5,543383,中性盘
09:55:27,1086.77,0.01,1,108677,中性盘
09:55:30,1086.77,0.0,2,217354,中性盘
09:55:33,1086.88,0.11,13,1412944,买盘
09:55:36,1086.88,0.0,3,326064,卖盘
09:55:39,1086.88,0.0,2,217375,中性盘
09:55:48,1086.94,0.06,1,108694,买盘
09:55:50,1086.94,0.0,31,3369659,中性盘
09:55:54,1087.0,0.06,2,217400,买盘
09:55:57,1086.7,-0.3,61,6706712,卖盘
09:56:00,1087.0,0.3,1,108700,买盘
09:56:03,1087.0,0.0,3,326100,买盘
09:56:09,1087.55,0.55,1,108755,买盘
09:56:12,1087.02,-0.53,4,434967,卖盘
09:56:14,1087.29,0.27,1,108729,中性盘
09:56:18,1087.29,0.0,2,217484,卖盘
09:56:21,1087.55,0.26,5,543643,买盘
09:56:24,1087.29,-0.26,1,108729,中性盘
09:56:25,1087.29,0.0,1,108729,买盘
09:56:33,1087.77,0.48,1,108777,中性盘
09:56:36,1087.55,-0.22,1,108755,卖盘
09:56:39,1087.99,0.44,3,326331,买盘
09:56:45,1087.99,0.0,12,1305284,买盘
09:56:46,1087.77,-0.22,1,108777,中性盘
09:56:49,1087.8,0.03,1,108780,买盘
09:56:54,1087.6,-0.2,9,978915,卖盘
09:56:57,1087.6,0.0,4,435055,卖盘
09:56:59,1087.61,0.01,11,1196498,卖盘
09:57:03,1087.75,0.14,4,435088,买盘
09:57:09,1087.96,0.21,6,652695,买盘
09:57:12,1087.99,0.03,2,217584,买盘
09:57:15,1087.99,0.0,2,217590,买盘
09:57:16,1087.99,0.0,5,543995,买盘
09:57:21,1087.99,0.0,1,108799,卖盘
09:57:24,1088.0,0.01,2,217600,买盘
09:57:27,1088.0,0.0,3,326398,买盘
09:57:30,1087.83,-0.17,11,1196762,卖盘
09:57:33,1088.0,0.17,1,108800,买盘
09:57:36,1088.0,0.0,7,761595,买盘
09:57:39,1088.0,0.0,1,108800,买盘
09:57:42,1088.0,0.0,5,543965,买盘
09:57:45,1087.99,-0.01,6,652798,卖盘
09:57:48,1088.0,0.01,7,761580,买盘
09:57:51,1087.97,-0.03,8,870391,卖盘
09:57:52,1087.97,0.0,16,1740796,卖盘
09:57:57,1088.0,0.03,1,108800,买盘
09:58:00,1088.0,0.0,3,326383,买盘
09:58:01,1088.0,0.0,22,2393454,买盘
09:58:05,1088.0,0.0,2,217600,买盘
09:58:08,1088.0,0.0,1,108800,买盘
09:58:12,1088.0,0.0,3,326384,买盘
09:58:15,1087.97,-0.03,2,217581,中性盘
09:58:18,1087.97,0.0,1,108797,买盘
09:58:21,1087.84,-0.13,5,543959,卖盘
09:58:24,1087.84,0.0,5,543920,卖盘
09:58:27,1087.97,0.13,3,326391,买盘
09:58:30,1087.86,-0.11,6,652771,中性盘
09:58:33,1087.97,0.11,2,217594,买盘
09:58:36,1087.84,-0.13,10,1087935,卖盘
09:58:39,1087.97,0.13,4,435175,买盘
09:58:41,1087.84,-0.13,1,108784,卖盘
09:58:48,1087.97,0.13,1,108797,买盘
09:58:54,1087.97,0.0,3,326391,买盘
09:58:57,1087.97,0.0,11,1196766,买盘
09:59:03,1088.0,0.03,9,979151,买盘
09:59:06,1087.96,-0.04,13,1414393,卖盘
09:59:12,1087.86,-0.1,5,543933,卖盘
09:59:14,1087.86,0.0,4,435142,买盘
09:59:18,1087.86,0.0,1,108786,买盘
09:59:21,1087.86,0.0,2,217571,买盘
09:59:24,1087.86,0.0,5,543930,买盘
09:59:25,1087.86,0.0,3,326358,卖盘
09:59:30,1087.86,0.0,1,108786,卖盘
09:59:31,1088.0,0.14,1,108800,买盘
09:59:36,1088.0,0.0,1,108800,买盘
09:59:39,1088.0,0.0,3,326388,买盘
09:59:42,1088.0,0.0,1,108800,买盘
09:59:48,1088.0,0.0,12,1307761,买盘
09:59:49,1088.0,0.0,11,1194540,买盘
09:59:52,1088.0,0.0,1,108800,买盘
09:59:57,1088.0,0.0,5,544000,买盘
10:00:00,1087.99,-0.01,9,979199,卖盘
10:00:03,1088.0,0.01,4,435204,买盘
10:00:06,1088.0,0.0,2,217600,卖盘
10:00:08,1088.0,0.0,2,217600,买盘
10:00:12,1087.99,-0.01,4,435197,卖盘
10:00:15,1088.1,0.11,7,718086,买盘
10:00:18,1088.1,0.0,1,108810,买盘
10:00:20,1088.11,0.01,2,217621,买盘
10:00:23,1088.11,0.0,1,108811,买盘
10:00:27,1088.11,0.0,4,435241,买盘
10:00:30,1088.11,0.0,3,326433,买盘
10:00:33,1088.11,0.0,4,435244,买盘
10:00:36,1088.11,0.0,5,544055,卖盘
10:00:39,1088.1,-0.01,4,478766,卖盘
10:00:42,1088.1,0.0,4,435236,买盘
10:00:45,1088.01,-0.09,3,326421,卖盘
10:00:48,1088.11,0.1,10,1088041,买盘
10:00:51,1088.1,-0.01,3,326430,中性盘
10:00:52,1088.1,0.0,1,108810,中性盘
10:00:57,1088.1,0.0,3,326431,卖盘
10:01:00,1088.11,0.01,3,326422,买盘
10:01:03,1088.11,0.0,7,761611,买盘
10:01:06,1088.06,-0.05,1,108806,买盘
10:01:09,1088.11,0.05,2,217622,卖盘
10:01:15,1088.31,0.2,1,108831,买盘
10:01:18,1088.11,-0.2,4,435264,卖盘
10:01:21,1088.31,0.2,6,652906,买盘
10:01:24,1088.49,0.18,7,761755,买盘
10:01:27,1088.55,0.06,11,1197366,买盘
10:01:35,1088.55,0.0,3,326565,买盘
10:01:39,1088.55,0.0,5,544279,卖盘
10:01:45,1088.99,0.44,5,544398,买盘
10:01:48,1088.6,-0.39,3,326575,卖盘
10:01:54,1088.88,0.28,1,108888,中性盘
10:01:57,1088.88,0.0,12,1306645,买盘
10:01:59,1090.0,1.12,43,4683714,买盘
10:02:12,1090.05,0.05,8,872011,买盘
10:02:15,1090.0,-0.05,1,109000,卖盘
10:02:18,1090.03,0.03,4,436016,卖盘
10:02:21,1090.03,0.0,6,654018,卖盘
10:02:24,1089.04,-0.99,5,544912,卖盘
10:02:27,1090.03,0.99,4,435960,买盘
10:02:30,1090.03,0.0,3,327009,买盘
10:02:33,1090.05,0.02,2,218009,买盘
10:02:36,1090.04,-0.01,3,327010,中性盘
10:02:39,1090.05,0.01,1,109005,买盘
10:02:42,1090.03,-0.02,9,981027,卖盘
10:02:45,1090.03,0.0,2,218005,买盘
10:02:48,1090.02,-0.01,6,654005,中性盘
10:02:51,1090.02,0.0,7,763006,买盘
10:02:54,1090.03,0.01,3,327009,买盘
10:02:57,1090.0,-0.03,4,436000,买盘
10:03:00,1090.03,0.03,5,545009,买盘
10:03:03,1090.0,-0.03,1,109000,卖盘
10:03:06,1090.03,0.03,2,218006,买盘
10:03:09,1090.0,-0.03,5,545006,卖盘
10:03:12,1090.0,0.0,9,981020,卖盘
10:03:15,1090.03,0.03,4,436010,买盘
10:03:18,1090.03,0.0,6,654015,买盘
10:03:27,1090.03,0.0,9,981021,买盘
10:03:30,1090.03,0.0,1,109003,买盘
10:03:33,1089.99,-0.04,4,436002,卖盘
10:03:35,1090.01,0.02,2,218002,买盘
10:03:39,1089.22,-0.79,2,217844,卖盘
10:03:45,1089.2,-0.02,7,762457,卖盘
10:03:48,1089.0,-0.2,6,653484,卖盘
10:03:51,1089.0,0.0,10,1089022,卖盘
10:03:57,1089.2,0.2,1,108920,买盘
10:04:03,1089.0,-0.2,1,108900,卖盘
10:04:09,1089.0,0.0,5,544500,卖盘
10:04:12,1089.22,0.22,7,762342,买盘
10:04:14,1089.2,-0.02,10,1089218,卖盘
10:04:18,1089.22,0.02,8,871442,买盘
10:04:21,1089.0,-0.22,6,653466,卖盘
10:04:24,1089.0,0.0,1,108900,卖盘
10:04:27,1089.0,0.0,1,108900,卖盘
10:04:30,1089.22,0.22,4,435688,卖盘
10:04:35,1089.88,0.66,3,326833,买盘
10:04:38,1089.88,0.0,5,544742,买盘
10:04:42,1089.23,-0.65,3,326769,卖盘
10:04:45,1089.23,0.0,3,326769,卖盘
10:04:51,1089.2,-0.03,6,653531,卖盘
10:04:54,1089.22,0.02,3,326766,买盘
10:04:57,1089.22,0.0,4,435754,买盘
10:05:00,1089.22,0.0,3,326764,中性盘
10:05:03,1089.23,0.01,1,108923,卖盘
10:05:08,1089.22,-0.01,3,326765,卖盘
10:05:12,1089.23,0.01,1,108923,中性盘
10:05:15,1089.22,-0.01,1,108922,卖盘
10:05:17,1089.85,0.63,1,108985,买盘
10:05:21,1089.21,-0.64,5,544798,卖盘
10:05:30,1089.23,0.02,13,1416371,买盘
10:05:33,1089.21,-0.02,2,217842,卖盘
10:05:36,1089.8,0.59,1,108980,买盘
10:05:38,1089.21,-0.59,7,762615,卖盘
10:05:45,1089.21,0.0,5,544605,买盘
10:05:48,1089.21,0.0,3,326761,中性盘
10:05:51,1089.21,0.0,2,217842,买盘
10:05:54,1089.21,0.0,6,653827,中性盘
10:05:57,1089.21,0.0,3,326877,中性盘
10:06:00,1089.0,-0.21,5,544522,卖盘
10:06:03,1089.11,0.11,2,217822,买盘
10:06:06,1089.0,-0.11,6,653455,卖盘
10:06:09,1089.2,0.2,2,217840,买盘
10:06:15,1089.11,-0.09,4,435662,卖盘
10:06:18,1089.19,0.08,1,108919,买盘
10:06:21,1089.11,-0.08,1,108911,卖盘
10:06:24,1089.11,0.0,3,326741,卖盘
10:06:27,1089.01,-0.1,1,108901,卖盘
10:06:30,1089.1,0.09,1,108910,买盘
10:06:32,1089.01,-0.09,2,217802,卖盘
10:06:35,1089.2,0.19,1,108920,买盘
10:06:39,1089.11,-0.09,1,108911,卖盘
10:06:42,1089.11,0.0,2,217831,卖盘
10:06:45,1089.2,0.09,1,108920,买盘
10:06:48,1089.11,-0.09,3,326751,卖盘
10:06:51,1089.2,0.09,7,762395,买盘
10:06:54,1089.2,0.0,6,653520,买盘
10:06:57,1089.2,0.0,3,326760,买盘
10:07:00,1089.2,0.0,7,762440,买盘
10:07:03,1089.2,0.0,5,544573,买盘
10:07:05,1089.11,-0.09,6,653466,卖盘
10:07:09,1089.11,0.0,1,108911,买盘
10:07:12,1089.1,-0.01,3,326730,卖盘
10:07:14,1089.11,0.01,1,108911,买盘
10:07:18,1089.1,-0.01,1,108910,中性盘
10:07:21,1089.1,0.0,5,544518,买盘
10:07:30,1089.02,-0.08,6,653419,卖盘
10:07:33,1089.02,0.0,3,326713,卖盘
10:07:36,1089.03,0.01,2,217812,卖盘
10:07:39,1089.1,0.07,105,11435650,买盘
10:07:42,1089.09,-0.01,2,217820,卖盘
10:07:44,1089.11,0.02,3,326730,买盘
10:07:48,1089.09,-0.02,2,217818,卖盘
10:07:51,1089.11,0.02,4,435642,买盘
10:07:54,1089.02,-0.09,7,762363,中性盘
10:07:57,1089.08,0.06,4,435632,买盘
10:08:00,1089.02,-0.06,4,435620,卖盘
10:08:02,1089.0,-0.02,5,544508,卖盘
10:08:09,1089.0,0.0,1,108900,卖盘
10:08:12,1089.02,0.02,2,217804,买盘
10:08:15,1089.02,0.0,4,435602,买盘
10:08:18,1089.0,-0.02,13,1415702,卖盘
10:08:21,1089.02,0.02,7,762308,买盘
10:08:24,1089.0,-0.02,1,108900,卖盘
10:08:27,1089.0,0.0,2,217800,中性盘
10:08:33,1089.0,0.0,1,108900,买盘
10:08:36,1089.0,0.0,1,108900,买盘
10:08:38,1089.02,0.02,7,762254,买盘
10:08:42,1089.0,-0.02,7,762246,中性盘
10:08:45,1088.9,-0.1,8,871152,卖盘
10:08:48,1089.0,0.1,2,217790,买盘
10:08:51,1088.98,-0.02,6,653380,卖盘
10:08:53,1089.89,0.91,115,12524976,买盘
10:08:57,1089.88,-0.01,111,12097668,卖盘
10:08:59,1090.0,0.12,13,1417000,买盘
10:09:03,1090.0,0.0,24,2615970,买盘
10:09:05,1090.01,0.01,7,763003,买盘
10:09:09,1089.94,-0.07,7,762988,卖盘
10:09:12,1090.03,0.09,3,327007,买盘
10:09:15,1090.0,-0.03,4,436013,中性盘
10:09:18,1090.0,0.0,4,436000,买盘
10:09:21,1090.0,0.0,15,1634911,买盘
10:09:30,1090.1,0.1,2,218020,买盘
10:09:33,1090.1,0.0,1,109010,买盘
10:09:36,1090.1,0.0,2,218017,买盘
10:09:38,1090.1,0.0,1,109010,买盘
10:09:45,1090.1,0.0,3,327027,买盘
10:09:47,1090.1,0.0,9,981090,买盘
10:09:51,1090.1,0.0,1,109010,卖盘
10:09:54,1090.1,0.0,9,981410,卖盘
10:09:57,1090.5,0.4,7,763307,买盘
10:10:00,1090.5,0.0,2,218060,买盘
10:10:03,1090.5,0.0,1,109050,买盘
10:10:06,1090.11,-0.39,4,436161,卖盘
10:10:09,1090.5,0.39,4,436200,买盘
10:10:15,1090.11,-0.39,4,436081,卖盘
10:10:18,1090.11,0.0,3,327052,卖盘
10:10:20,1090.3,0.19,3,327071,买盘
10:10:24,1090.12,-0.18,5,545060,卖盘
10:10:30,1090.13,0.01,8,872153,中性盘
10:10:33,1090.1,-0.03,37,4033487,卖盘
10:10:36,1090.3,0.2,2,218060,买盘
10:10:39,1090.5,0.2,8,872323,买盘
10:10:45,1090.5,0.0,4,436160,买盘
10:10:48,1090.0,-0.5,29,3161352,卖盘
10:10:51,1089.86,-0.14,8,871986,卖盘
10:10:53,1090.0,0.14,7,763000,买盘
10:10:57,1090.0,0.0,1,109000,买盘
10:11:00,1090.5,0.5,8,872063,买盘
10:11:03,1090.0,-0.5,1,109000,卖盘
10:11:09,1090.07,0.07,6,654007,买盘
10:11:18,1089.3,-0.77,3,326928,卖盘
10:11:21,1089.99,0.69,3,326998,买盘
10:11:23,1089.99,0.0,4,435996,中性盘
10:11:27,1090.0,0.01,3,326999,买盘
10:11:30,1090.0,0.0,1,109000,买盘
10:11:33,1090.0,0.0,7,762999,买盘
10:11:36,1090.0,0.0,2,217999,买盘
10:11:39,1089.99,-0.01,4,435998,卖盘
10:11:45,1089.21,-0.78,9,980913,卖盘
10:11:48,1089.21,0.0,1,108921,买盘
10:11:51,1089.21,0.0,51,5558208,买盘
10:11:54,1089.18,-0.03,14,1524882,卖盘
10:11:57,1089.21,0.03,2,217842,买盘
10:12:00,1089.18,-0.03,3,326756,卖盘
10:12:03,1089.18,0.0,1,108918,卖盘
10:12:09,1089.21,0.03,2,217840,买盘
10:12:15,1089.19,-0.02,9,980264,买盘
10:12:18,1089.19,0.0,1,108919,买盘
10:12:21,1089.09,-0.1,15,1633761,卖盘
10:12:26,1089.18,0.09,1,108918,买盘
10:12:29,1089.17,-0.01,1,108917,买盘
10:12:33,1089.17,0.0,4,435651,中性盘
10:12:36,1089.17,0.0,4,435668,买盘
10:12:41,1089.01,-0.16,11,1197982,卖盘
10:12:45,1089.1,0.09,3,326730,买盘
10:12:48,1089.0,-0.1,8,871201,卖盘
10:12:50,1089.01,0.01,1,108901,卖盘
10:12:54,1089.08,0.07,11,1197939,买盘
10:12:57,1089.08,0.0,12,1306896,买盘
10:13:00,1089.08,0.0,19,2069117,买盘
10:13:03,1089.08,0.0,8,871240,买盘
10:13:05,1089.08,0.0,1,108908,卖盘
10:13:09,1089.08,0.0,4,435626,卖盘
10:13:12,1089.0,-0.08,9,980108,卖盘
10:13:15,1089.0,0.0,30,3267000,卖盘
10:13:18,1089.0,0.0,22,2395801,卖盘
10:13:21,1089.0,0.0,2,217800,卖盘
10:13:27,1089.0,0.0,14,1524600,卖盘
10:13:29,1089.0,0.0,10,1089000,卖盘
10:13:33,1089.0,0.0,18,1960201,卖盘
10:13:36,1089.0,0.0,4,435600,卖盘
10:13:38,1089.0,0.0,43,4682879,卖盘
10:13:45,1089.0,0.0,2,217785,买盘
10:13:51,1089.0,0.0,2,217800,买盘
10:13:53,1089.0,0.0,8,871200,买盘
10:13:57,1089.0,0.0,1,108900,买盘
10:14:00,1088.85,-0.15,15,1633290,卖盘
10:14:03,1089.0,0.15,3,326670,买盘
10:14:06,1088.85,-0.15,6,653325,卖盘
10:14:12,1088.85,0.0,14,1524390,卖盘
10:14:15,1088.85,0.0,2,217770,买盘
10:14:18,1088.83,-0.02,4,435534,卖盘
10:14:26,1088.83,0.0,1,108883,卖盘
10:14:30,1088.85,0.02,5,544418,买盘
10:14:33,1088.83,-0.02,3,326651,卖盘
10:14:36,1088.83,0.0,15,1633249,卖盘
10:14:45,1088.83,0.0,4,435523,买盘
10:14:47,1088.83,0.0,1,108883,买盘
10:14:51,1088.83,0.0,1,108883,买盘
10:14:54,1088.8,-0.03,16,1742104,卖盘
10:14:57,1088.83,0.03,1,108883,中性盘
10:14:59,1088.83,0.0,1,108883,卖盘
10:15:03,1088.83,0.0,4,435532,卖盘
10:15:09,1088.83,0.0,2,217766,卖盘
10:15:12,1088.83,0.0,15,1633247,卖盘
10:15:15,1088.83,0.0,1,108883,卖盘
10:15:21,1088.84,0.01,15,1633241,买盘
10:15:24,1088.83,-0.01,13,1415481,中性盘
10:15:27,1088.83,0.0,4,435534,中性盘
10:15:30,1088.83,0.0,2,217766,买盘
10:15:32,1088.76,-0.07,10,1088777,卖盘
10:15:36,1088.76,0.0,1,108876,买盘
10:15:39,1088.76,0.0,1,108876,买盘
10:15:42,1088.76,0.0,1,108876,买盘
10:15:45,1088.69,-0.07,2,217738,卖盘
10:15:51,1088.82,0.13,1,108882,买盘
10:15:54,1088.82,0.0,9,979913,买盘
10:15:57,1088.68,-0.14,4,435478,卖盘
10:16:00,1088.8,0.12,3,326628,买盘
10:16:03,1088.79,-0.01,1,108879,中性盘
10:16:05,1088.76,-0.03,8,871008,中性盘
10:16:09,1088.79,0.03,5,544395,买盘
10:16:15,1088.79,0.0,4,435513,买盘
10:16:18,1088.76,-0.03,6,653259,卖盘
10:16:21,1088.78,0.02,21,2286375,买盘
10:16:27,1088.76,-0.02,1,108876,卖盘
10:16:30,1088.76,0.0,5,544380,卖盘
10:16:33,1088.76,0.0,2,217752,卖盘
10:16:36,1088.76,0.0,6,653256,卖盘
10:16:39,1088.76,0.0,2,217752,卖盘
10:16:42,1088.76,0.0,3,326632,卖盘
10:16:47,1088.66,-0.1,22,2395106,卖盘
10:16:59,1088.66,0.0,1,108866,买盘
10:17:03,1088.49,-0.17,21,2285892,卖盘
10:17:06,1088.49,0.0,18,1959282,买盘
10:17:15,1088.49,0.0,1,108849,买盘
10:17:18,1088.38,-0.11,2,217676,卖盘
10:17:21,1088.38,0.0,1,72921,卖盘
10:17:23,1088.01,-0.37,17,1849882,卖盘
10:17:33,1088.01,0.0,1,144705,买盘
10:17:36,1088.01,0.0,4,399300,买盘
10:17:42,1088.28,0.27,1,108828,买盘
10:17:50,1087.94,-0.34,51,5584684,卖盘
10:18:00,1087.94,0.0,7,761516,买盘
10:18:03,1087.94,0.0,2,217588,买盘
10:18:06,1087.9,-0.04,7,761518,买盘
10:18:09,1087.87,-0.03,2,217574,卖盘
10:18:12,1087.87,0.0,3,326364,卖盘
10:18:15,1087.68,-0.19,24,2610482,卖盘
10:18:24,1087.55,-0.13,13,1413893,卖盘
10:18:27,1087.55,0.0,7,761278,买盘
10:18:30,1087.55,0.0,3,326265,买盘
10:18:33,1087.55,0.0,5,543773,买盘
10:18:36,1087.54,-0.01,2,217509,卖盘
10:18:39,1087.53,-0.01,2,217506,买盘
10:18:45,1087.53,0.0,2,217483,买盘
10:18:48,1087.53,0.0,2,217486,买盘
10:18:51,1087.33,-0.2,2,217466,卖盘
10:18:54,1087.53,0.2,3,326216,中性盘
10:18:57,1087.11,-0.42,6,652319,卖盘
10:19:00,1087.3,0.19,4,434943,卖盘
10:19:03,1087.25,-0.05,28,3043681,中性盘
10:19:09,1087.11,-0.14,3,326148,卖盘
10:19:15,1087.08,-0.03,2,217416,买盘
10:19:17,1087.08,0.0,6,652248,买盘
10:19:21,1087.07,-0.01,1,108707,中性盘
10:19:24,1087.0,-0.07,41,4456716,卖盘
10:19:27,1087.01,0.01,1,108701,中性盘
10:19:30,1087.07,0.06,5,543511,买盘
10:19:33,1087.0,-0.07,83,9022122,卖盘
10:19:39,1087.07,0.07,39,4239370,买盘
10:19:42,1087.07,0.0,1,108707,卖盘
10:19:44,1087.08,0.01,1,108708,卖盘
10:19:47,1087.11,0.03,2,217422,买盘
10:19:54,1087.11,0.0,8,869668,中性盘
10:19:57,1087.11,0.0,2,217420,买盘
10:20:00,1087.08,-0.03,11,1195792,卖盘
10:20:03,1087.08,0.0,4,434832,买盘
10:20:06,1087.09,0.01,3,326127,买盘
10:20:09,1087.5,0.41,3,326250,买盘
10:20:15,1087.5,0.0,7,761250,买盘
10:20:18,1087.55,0.05,2,217510,买盘
10:20:21,1087.5,-0.05,3,326255,卖盘
10:20:27,1087.66,0.16,3,326287,买盘
10:20:30,1087.55,-0.11,2,131593,买盘
10:20:32,1087.66,0.11,2,217521,买盘
10:20:39,1087.66,0.0,3,326286,买盘
10:20:42,1087.54,-0.12,4,520953,卖盘
10:20:45,1087.94,0.4,2,131633,卖盘
10:20:48,1087.66,-0.28,1,108766,卖盘
10:20:54,1087.66,0.0,1,108766,卖盘
10:21:00,1087.66,0.0,1,108766,卖盘
10:21:05,1087.94,0.28,8,870376,买盘
10:21:12,1087.94,0.0,1,108794,中性盘
10:21:18,1088.0,0.06,1,108800,买盘
10:21:20,1088.0,0.0,3,326390,买盘
10:21:24,1088.0,0.0,2,217600,买盘
10:21:27,1088.0,0.0,3,326400,买盘
10:21:30,1088.0,0.0,8,870400,卖盘
10:21:32,1088.0,0.0,4,435200,买盘
10:21:36,1088.0,0.0,2,217601,中性盘
10:21:39,1088.0,0.0,1,108800,买盘
10:21:41,1088.0,0.0,1,108800,中性盘
10:21:51,1087.72,-0.28,8,870361,卖盘
10:21:54,1088.59,0.87,7,761859,买盘
10:21:57,1088.0,-0.59,7,761840,卖盘
10:22:00,1087.8,-0.2,3,326368,卖盘
10:22:02,1087.94,0.14,7,761494,买盘
10:22:06,1087.66,-0.28,8,870169,卖盘
10:22:09,1087.72,0.06,1,108772,买盘
10:22:11,1087.71,-0.01,4,435085,卖盘
10:22:15,1087.4,-0.31,3,412186,买盘
10:22:21,1087.11,-0.29,4,434852,卖盘
10:22:24,1087.07,-0.04,24,2609029,卖盘
10:22:27,1087.11,0.04,10,1087074,中性盘
10:22:30,1087.07,-0.04,6,652224,中性盘
10:22:33,1087.04,-0.03,31,3369738,中性盘
10:22:36,1087.0,-0.04,13,1413135,卖盘
10:22:39,1087.11,0.11,8,869629,买盘
10:22:42,1087.0,-0.11,4,434800,卖盘
10:22:45,1087.07,0.07,5,543521,卖盘
10:22:47,1087.2,0.13,10,1087119,买盘
10:22:51,1087.2,0.0,1,108720,卖盘
10:22:54,1087.72,0.52,21,2283172,买盘
10:23:09,1087.2,-0.52,29,3152886,卖盘
10:23:12,1087.2,0.0,2,217440,买盘
10:23:15,1087.2,0.0,1,108720,买盘
10:23:18,1087.2,0.0,3,326147,买盘
10:23:21,1087.72,0.52,14,1522289,买盘
10:23:27,1087.07,-0.65,44,4785189,卖盘
10:23:30,1087.07,0.0,3,326115,买盘
10:23:33,1087.07,0.0,8,869650,买盘
10:23:36,1087.01,-0.06,1,108701,卖盘
10:23:39,1087.07,0.06,7,760943,买盘
10:23:42,1087.0,-0.07,18,1956673,卖盘
10:23:45,1087.07,0.07,4,434821,买盘
10:23:48,1087.0,-0.07,1,108700,卖盘
10:23:51,1087.0,0.0,27,2934909,卖盘
10:23:54,1087.07,0.07,9,978363,买盘
10:23:57,1087.01,-0.06,5,543502,中性盘
10:24:00,1087.01,0.0,3,326103,买盘
10:24:03,1087.01,0.0,5,543502,买盘
10:24:06,1087.01,0.0,1,108701,卖盘
10:24:09,1087.01,0.0,3,326103,卖盘
10:24:15,1086.99,-0.02,27,2934909,卖盘
10:24:18,1087.05,0.06,1,108705,买盘
10:24:21,1087.1,0.05,27,2935088,买盘
10:24:27,1087.11,0.01,3,326131,买盘
10:24:30,1087.11,0.0,1,108711,买盘
10:24:32,1087.1,-0.01,27,2935171,卖盘
10:24:36,1087.05,-0.05,2,217412,卖盘
10:24:42,1087.05,0.0,4,434820,卖盘
10:24:45,1087.0,-0.05,6,652210,卖盘
10:24:48,1087.0,0.0,5,543500,买盘
10:24:51,1087.0,0.0,8,869600,买盘
10:24:54,1087.1,0.1,1,108710,买盘
10:24:57,1087.0,-0.1,3,326115,卖盘
10:25:11,1087.01,0.01,2,217402,卖盘
10:25:15,1087.0,-0.01,16,1750072,卖盘
10:25:18,1087.0,0.0,44,4782810,卖盘
10:25:21,1087.0,0.0,19,2054450,卖盘
10:25:23,1087.05,0.05,10,1087018,买盘
10:25:27,1087.0,-0.05,7,760894,买盘
10:25:30,1087.0,0.0,13,1413094,买盘
10:25:33,1086.99,-0.01,13,1413088,卖盘
10:25:36,1087.0,0.01,2,217400,买盘
10:25:38,1086.99,-0.01,17,1847883,卖盘
10:25:41,1086.99,0.0,7,760890,买盘
10:25:45,1086.99,0.0,8,869590,卖盘
10:25:49,1086.99,0.0,4,434793,买盘
10:25:51,1086.95,-0.04,7,760885,卖盘
10:25:54,1086.94,-0.01,4,434784,卖盘
10:25:57,1086.94,0.0,3,326082,卖盘
10:26:00,1086.97,0.03,3,326088,买盘
10:26:02,1086.97,0.0,1,108697,买盘
10:26:09,1086.94,-0.03,1,108694,买盘
10:26:12,1086.9,-0.04,6,652147,卖盘
10:26:15,1086.9,0.0,56,6086640,中性盘
10:26:18,1086.9,0.0,1,108690,买盘
10:26:24,1086.8,-0.1,21,2282374,卖盘
10:26:27,1086.7,-0.1,7,760692,卖盘
10:26:30,1086.71,0.01,8,869361,买盘
10:26:32,1086.71,0.0,13,1335557,买盘
10:26:36,1086.71,0.0,1,108671,卖盘
10:26:39,1086.99,0.28,66,7250664,买盘
10:26:42,1086.99,0.0,9,978291,卖盘
10:26:45,1087.0,0.01,1,108700,买盘
10:26:49,1087.0,0.0,1,108700,买盘
10:26:51,1087.0,0.0,2,217400,买盘
10:26:53,1086.99,-0.01,7,717419,卖盘
10:26:56,1087.01,0.02,3,326104,中性盘
10:26:59,1086.71,-0.3,124,13444955,卖盘
10:27:03,1086.9,0.19,11,1195590,买盘
10:27:09,1086.9,0.0,1,108690,买盘
10:27:12,1086.71,-0.19,4,434711,卖盘
10:27:15,1086.71,0.0,1,108671,卖盘
10:27:20,1086.9,0.19,20,2173800,买盘
10:27:27,1086.9,0.0,3,326070,买盘
10:27:30,1086.9,0.0,1,108690,买盘
10:27:34,1086.89,-0.01,3,326061,中性盘
10:27:36,1086.9,0.01,7,760829,买盘
10:27:39,1086.9,0.0,3,326055,买盘
10:27:41,1086.72,-0.18,7,760757,卖盘
10:27:45,1086.82,0.1,4,434728,买盘
10:27:47,1086.82,0.0,1,108682,买盘
10:27:51,1086.71,-0.11,1,108671,卖盘
10:27:54,1086.82,0.11,1,108682,买盘
10:27:56,1086.81,-0.01,3,326023,中性盘
10:28:00,1086.81,0.0,2,217361,买盘
10:28:03,1086.81,0.0,10,1086810,买盘
10:28:06,1086.8,-0.01,14,1521540,卖盘
10:28:15,1086.81,0.01,11,1195455,卖盘
10:28:19,1086.8,-0.01,7,760760,卖盘
10:28:21,1086.8,0.0,10,1086752,卖盘
10:28:24,1086.71,-0.09,4,434687,卖盘
10:28:30,1086.72,0.01,1,108672,中性盘
10:28:34,1086.81,0.09,4,434704,买盘
10:28:36,1086.8,-0.01,2,217352,中性盘
10:28:42,1086.71,-0.09,8,869383,卖盘
10:28:45,1086.8,0.09,6,652044,中性盘
10:28:48,1086.8,0.0,2,217360,买盘
10:28:51,1086.8,0.0,3,326040,买盘
10:28:54,1086.71,-0.09,12,1304045,卖盘
10:28:57,1086.71,0.0,2,217342,买盘
10:29:03,1086.71,0.0,5,543354,买盘
10:29:06,1086.7,-0.01,3,326011,卖盘
10:29:08,1086.68,-0.02,9,978019,卖盘
10:29:12,1086.7,0.02,6,652018,买盘
10:29:15,1086.68,-0.02,3,326008,卖盘
10:29:19,1086.68,0.0,12,1304020,卖盘
10:29:21,1086.68,0.0,4,434669,中性盘
10:29:27,1086.68,0.0,4,434670,买盘
10:29:30,1086.69,0.01,3,326009,卖盘
10:29:33,1086.69,0.0,3,326006,卖盘
10:29:36,1086.69,0.0,1,108669,买盘
10:29:42,1086.68,-0.01,2,217337,卖盘
10:29:49,1086.69,0.01,5,543342,买盘
10:29:50,1086.68,-0.01,9,978013,卖盘
10:29:57,1086.61,-0.07,10,1086640,卖盘
10:30:03,1086.68,0.07,2,217328,买盘
10:30:06,1086.68,0.0,5,543332,买盘
10:30:09,1086.6,-0.08,2,217320,卖盘
10:30:12,1086.59,-0.01,13,1412619,卖盘
10:30:15,1086.6,0.01,1,108660,中性盘
10:30:21,1086.59,-0.01,12,1303908,卖盘
10:30:24,1086.58,-0.01,3,325974,卖盘
10:30:27,1086.59,0.01,4,434633,买盘
10:30:30,1086.56,-0.03,2,217312,卖盘
10:30:34,1086.58,0.02,2,217313,买盘
10:30:36,1086.58,0.0,6,651933,买盘
10:30:39,1086.55,-0.03,4,434621,卖盘
10:30:42,1086.5,-0.05,41,4472037,卖盘
10:30:45,1086.48,-0.02,2,199914,买盘
10:30:49,1086.41,-0.07,2,217289,卖盘
10:30:54,1086.4,-0.01,6,651842,卖盘
10:30:57,1086.41,0.01,1,108641,买盘
10:31:00,1086.4,-0.01,5,543200,卖盘
10:31:03,1086.4,0.0,3,325919,买盘
10:31:06,1086.4,0.0,1,108640,买盘
10:31:09,1086.4,0.0,6,651829,买盘
10:31:11,1086.38,-0.02,2,217276,中性盘
10:31:15,1086.4,0.02,4,434552,买盘
10:31:19,1086.4,0.0,1,108640,买盘
10:31:21,1086.4,0.0,2,217276,买盘
10:31:23,1086.36,-0.04,2,217274,卖盘
10:31:27,1086.4,0.04,12,1303658,中性盘
10:31:30,1086.4,0.0,2,217280,中性盘
10:31:36,1086.32,-0.08,11,1194981,卖盘
10:31:45,1086.4,0.08,1,108640,买盘
10:31:48,1086.4,0.0,4,434560,买盘
10:31:51,1086.4,0.0,2,217280,卖盘
10:31:54,1086.38,-0.02,15,1629532,卖盘
10:31:57,1086.3,-0.08,1,108630,卖盘
10:32:00,1086.38,0.08,1,108638,买盘
10:32:09,1086.38,0.0,5,543183,买盘
10:32:12,1086.38,0.0,5,543176,中性盘
10:32:15,1086.31,-0.07,4,434538,卖盘
10:32:19,1086.38,0.07,1,108638,卖盘
10:32:20,1086.3,-0.08,4,434537,卖盘
10:32:26,1086.38,0.08,10,1086324,买盘
10:32:30,1086.38,0.0,3,325914,中性盘
10:32:34,1086.58,0.2,4,434606,买盘
10:32:36,1086.38,-0.2,2,217293,卖盘
10:32:42,1086.32,-0.06,1,108632,卖盘
10:32:45,1086.38,0.06,2,217276,买盘
10:32:49,1086.3,-0.08,6,651788,卖盘
10:32:51,1086.38,0.08,4,434544,买盘
10:32:57,1086.3,-0.08,2,217260,卖盘
10:32:59,1086.3,0.0,5,543176,卖盘
10:33:03,1086.38,0.08,3,325902,买盘
10:33:06,1086.38,0.0,11,1194939,买盘
10:33:09,1086.38,0.0,2,217276,买盘
10:33:12,1086.4,0.02,3,325916,买盘
10:33:19,1086.38,-0.02,2,217275,买盘
10:33:21,1086.58,0.2,1,108658,买盘
10:33:24,1086.3,-0.28,14,1520871,卖盘
10:33:27,1086.33,0.03,1,108633,中性盘
10:33:30,1086.3,-0.03,3,325918,卖盘
10:33:33,1086.3,0.0,39,4236566,卖盘
10:33:39,1086.28,-0.02,1,108628,卖盘
10:33:42,1086.25,-0.03,11,1194897,卖盘
10:33:45,1086.28,0.03,1,108628,买盘
10:33:49,1086.28,0.0,3,325886,中性盘
10:33:51,1086.28,0.0,1,108628,买盘
10:33:54,1086.3,0.02,1,108630,买盘
10:33:57,1086.28,-0.02,2,217253,中性盘
10:34:00,1086.28,0.0,3,325888,中性盘
10:34:04,1086.28,0.0,9,977645,卖盘
10:34:06,1086.27,-0.01,1,108627,中性盘
10:34:09,1086.26,-0.01,2,217252,卖盘
10:34:12,1086.27,0.01,2,217253,买盘
10:34:18,1086.27,0.0,7,760385,买盘
10:34:24,1086.26,-0.01,1,108626,卖盘
10:34:26,1086.27,0.01,1,108627,买盘
10:34:30,1086.28,0.01,9,977645,买盘
10:34:39,1086.27,-0.01,4,434509,卖盘
10:34:42,1086.28,0.01,1,108628,买盘
10:34:51,1086.28,0.0,3,325885,卖盘
10:34:54,1086.28,0.0,2,217256,卖盘
10:35:00,1086.29,0.01,1,108629,卖盘
10:35:06,1086.29,0.0,3,325889,卖盘
10:35:09,1086.3,0.01,6,651775,买盘
10:35:12,1086.28,-0.02,3,325885,卖盘
10:35:15,1086.68,0.4,12,1304016,买盘
10:35:19,1086.3,-0.38,2,217260,卖盘
10:35:24,1086.71,0.41,2,217341,买盘
10:35:30,1086.7,-0.01,1,108670,卖盘
10:35:33,1086.7,0.0,2,217340,卖盘
10:35:39,1086.8,0.1,2,217360,买盘
10:35:41,1086.71,-0.09,3,326022,卖盘
10:35:45,1086.8,0.09,3,326030,买盘
10:35:51,1086.81,0.01,2,217361,买盘
10:35:54,1086.81,0.0,2,217361,买盘
10:35:57,1086.81,0.0,1,108681,买盘
10:36:06,1086.83,0.02,1,108683,买盘
10:36:12,1086.83,0.0,8,861856,买盘
10:36:21,1086.83,0.0,4,434732,卖盘
10:36:24,1086.88,0.05,1,108688,买盘
10:36:27,1086.88,0.0,2,217376,买盘
10:36:30,1086.83,-0.05,9,979264,卖盘
10:36:34,1086.98,0.15,2,217396,中性盘
10:36:39,1086.99,0.01,11,1195673,买盘
10:36:45,1086.9,-0.09,2,217384,卖盘
10:36:52,1087.01,0.11,13,1413098,买盘
10:36:54,1086.88,-0.13,3,326088,卖盘
10:36:57,1086.88,0.0,3,326082,卖盘
10:37:00,1086.91,0.03,11,1195600,买盘
10:37:03,1086.9,-0.01,1,108690,买盘
10:37:06,1086.93,0.03,2,217390,中性盘
10:37:11,1086.92,-0.01,6,652154,中性盘
10:37:15,1086.98,0.06,3,326078,中性盘
10:37:19,1087.0,0.02,11,1195700,卖盘
10:37:24,1087.05,0.05,2,217408,买盘
10:37:27,1087.02,-0.03,1,108702,买盘
10:37:30,1087.01,-0.01,2,217402,买盘
10:37:34,1087.01,0.0,1,108701,买盘
10:37:35,1087.01,0.0,4,489151,中性盘
10:37:39,1087.03,0.02,2,159793,卖盘
10:37:45,1087.01,-0.02,3,356546,卖盘
10:37:49,1087.03,0.02,2,217406,买盘
10:37:51,1087.03,0.0,2,217406,买盘
10:37:54,1087.03,0.0,2,217406,买盘
10:37:57,1087.01,-0.02,6,679386,卖盘
10:38:00,1087.03,0.02,4,434808,买盘
10:38:04,1086.98,-0.05,3,283706,卖盘
10:38:06,1086.98,0.0,1,108698,卖盘
10:38:15,1086.98,0.0,1,108698,卖盘
10:38:21,1086.98,0.0,1,108698,卖盘
10:38:24,1086.99,0.01,6,676123,中性盘
10:38:27,1086.98,-0.01,2,217396,卖盘
10:38:36,1087.03,0.05,2,217401,买盘
10:38:39,1087.03,0.0,8,827222,买盘
10:38:42,1087.03,0.0,1,108703,买盘
10:38:49,1086.98,-0.05,2,217396,卖盘
10:38:54,1087.03,0.05,2,217406,买盘
10:38:57,1086.98,-0.05,2,217396,卖盘
10:39:04,1087.03,0.05,9,978327,买盘
10:39:06,1087.03,0.0,3,326109,卖盘
10:39:15,1087.02,-0.01,2,202184,买盘
10:39:18,1087.02,0.0,2,217402,中性盘
10:39:21,1087.11,0.09,1,108711,买盘
10:39:24,1087.1,-0.01,3,326134,中性盘
10:39:27,1087.09,-0.01,3,326122,中性盘
10:39:33,1087.05,-0.04,2,196756,卖盘
10:39:36,1087.09,0.04,2,217418,买盘
10:39:45,1087.53,0.44,1,108753,中性盘
10:39:49,1087.89,0.36,1,108789,中性盘
10:39:50,1087.57,-0.32,1,196883,卖盘
10:39:54,1087.9,0.33,4,346960,买盘
10:40:04,1087.09,0.0,2,196764,卖盘
10:40:12,1087.11,0.02,2,217468,卖盘
10:40:15,1087.9,0.79,3,352299,买盘
10:40:21,1087.9,0.0,1,108790,买盘
10:40:33,1087.09,-0.81,3,263203,卖盘
10:40:35,1087.88,0.79,1,108788,买盘
10:40:39,1087.86,-0.02,2,217543,中性盘
10:40:41,1087.1,-0.76,3,308888,卖盘
10:40:45,1087.57,0.47,3,326271,买盘
10:40:51,1087.57,0.0,1,108757,卖盘
10:40:55,1087.75,0.18,2,217550,中性盘
10:40:56,1087.57,-0.18,2,217514,卖盘
10:41:00,1087.75,0.18,4,435100,买盘
10:41:04,1087.57,-0.18,8,870123,卖盘
10:41:06,1087.75,0.18,6,652593,买盘
10:41:09,1087.1,-0.65,8,887239,卖盘
10:41:12,1087.09,-0.01,5,606599,卖盘
10:41:21,1087.1,0.01,10,1087094,买盘
10:41:30,1087.1,0.0,3,285903,买盘
10:41:34,1087.05,-0.05,1,132620,卖盘
10:41:45,1087.05,0.0,1,67397,卖盘
10:41:49,1087.05,0.0,1,166319,卖盘
10:41:50,1087.05,0.0,3,289155,买盘
10:41:54,1087.05,0.0,3,326113,买盘
10:41:58,1087.07,0.02,1,108706,卖盘
10:42:09,1087.04,-0.03,1,108704,买盘
10:42:15,1087.03,-0.01,2,169577,卖盘
10:42:20,1087.0,-0.03,47,5100222,卖盘
10:42:24,1087.0,0.0,1,108700,买盘
10:42:27,1086.99,-0.01,3,326099,卖盘
10:42:34,1087.0,0.01,4,507627,买盘
10:42:35,1087.0,0.0,2,217399,买盘
10:42:39,1086.99,-0.01,2,217398,卖盘
10:42:42,1086.99,0.0,8,869590,买盘
10:42:45,1086.98,-0.01,8,869585,卖盘
10:42:57,1086.98,0.0,3,342398,卖盘
10:43:00,1086.99,0.01,2,218484,买盘
10:43:04,1086.98,-0.01,14,1521708,买盘
10:43:06,1086.96,-0.02,1,108696,中性盘
10:43:11,1086.97,0.01,1,108697,中性盘
10:43:19,1086.96,-0.01,1,108696,中性盘
10:43:21,1086.97,0.01,6,652181,卖盘
10:43:25,1086.94,-0.03,1,108694,买盘
10:43:27,1086.94,0.0,1,108694,买盘
10:43:34,1086.93,-0.01,2,217381,买盘
10:43:36,1086.93,0.0,2,217386,买盘
10:43:45,1086.92,-0.01,2,201079,买盘
10:43:47,1086.92,0.0,5,543454,中性盘
10:43:51,1086.92,0.0,1,108692,买盘
10:43:54,1086.92,0.0,3,326076,买盘
10:43:57,1086.9,-0.02,2,217380,卖盘
10:44:01,1086.89,-0.01,1,48910,买盘
10:44:13,1086.88,-0.01,1,132600,买盘
10:44:19,1086.88,0.0,3,326065,卖盘
10:44:25,1086.9,0.02,2,217379,买盘
10:44:27,1086.9,0.0,1,108690,买盘
10:44:36,1086.88,-0.02,2,229333,卖盘
10:44:40,1086.88,0.0,2,217378,卖盘
10:44:43,1086.81,-0.07,6,652114,卖盘
10:44:51,1086.92,0.11,1,108692,买盘
10:44:55,1086.81,-0.11,2,217362,卖盘
10:44:58,1086.81,0.0,2,217362,卖盘
10:45:00,1086.81,0.0,2,171716,卖盘
10:45:04,1086.92,0.11,3,326065,买盘
10:45:06,1086.91,-0.01,7,806417,中性盘
10:45:09,1086.91,0.0,1,108691,买盘
10:45:16,1086.8,-0.11,4,434722,卖盘
10:45:19,1086.81,0.01,1,108681,买盘
10:45:21,1086.81,0.0,3,326043,买盘
10:45:25,1086.81,0.0,1,108681,买盘
10:45:30,1086.92,0.11,7,760800,买盘
10:45:34,1086.8,-0.12,9,882543,卖盘
10:45:36,1086.81,0.01,1,108681,卖盘
10:45:40,1086.98,0.17,1,108698,买盘
10:45:43,1086.81,-0.17,4,434760,买盘
10:45:48,1086.81,0.0,3,326043,卖盘
10:45:51,1086.81,0.0,1,108681,买盘
10:45:54,1086.81,0.0,1,108681,中性盘
10:45:57,1087.0,0.19,1,108700,买盘
10:46:04,1087.0,0.0,3,326081,买盘
10:46:06,1087.0,0.0,11,1195662,买盘
10:46:15,1086.81,-0.19,1,121722,卖盘
10:46:20,1086.81,0.0,5,530364,卖盘
10:46:24,1086.8,-0.01,1,108680,卖盘
10:46:30,1086.81,0.01,4,434724,买盘
10:46:36,1086.8,-0.01,1,144544,卖盘
10:46:39,1086.68,-0.12,33,3642697,卖盘
10:46:42,1086.81,0.13,1,108681,买盘
10:46:45,1086.8,-0.01,3,326042,卖盘
10:46:48,1086.8,0.0,2,217358,买盘
10:46:51,1086.81,0.01,1,108681,买盘
10:46:54,1086.69,-0.12,1,95629,卖盘
10:46:56,1086.68,-0.01,4,365139,卖盘
10:47:00,1086.8,0.12,1,108680,买盘
10:47:04,1086.8,0.0,15,1630044,买盘
10:47:06,1086.68,-0.12,6,678102,卖盘
10:47:09,1086.8,0.12,2,217351,卖盘
10:47:15,1086.28,-0.38,50,5431731,卖盘
10:47:21,1086.28,0.0,1,108628,卖盘
10:47:24,1086.28,0.0,2,217256,卖盘
10:47:30,1086.28,0.0,4,432377,卖盘
10:47:34,1086.28,0.0,2,217256,卖盘
10:47:35,1086.65,0.37,4,434549,中性盘
10:47:43,1086.46,-0.19,1,108646,中性盘
10:47:45,1086.46,0.0,3,278106,买盘
10:47:48,1086.28,-0.18,9,966789,卖盘
10:47:51,1086.28,0.0,1,108628,买盘
10:47:54,1086.28,0.0,10,1086271,买盘
10:48:00,1086.27,-0.01,1,170544,卖盘
10:48:03,1086.27,0.0,4,434509,卖盘
10:48:06,1086.26,-0.01,5,466012,买盘
10:48:12,1086.27,0.01,5,543132,买盘
10:48:16,1086.27,0.0,3,325880,买盘
10:48:21,1086.26,-0.01,1,108626,卖盘
10:48:24,1086.27,0.01,3,325880,买盘
10:48:27,1086.27,0.0,8,855981,买盘
10:48:30,1086.26,-0.01,7,760386,卖盘
10:48:33,1086.26,0.0,2,245495,买盘
10:48:35,1086.26,0.0,10,1058017,买盘
10:48:39,1086.26,0.0,1,157509,卖盘
10:48:45,1086.26,0.0,3,325878,卖盘
10:48:48,1086.25,-0.01,5,505114,卖盘
10:48:54,1086.25,0.0,16,1755381,卖盘
10:48:57,1086.25,0.0,1,108625,买盘
10:49:03,1086.23,-0.02,5,543121,卖盘
10:49:06,1086.22,-0.01,6,651737,卖盘
10:49:09,1086.23,0.01,2,257436,买盘
10:49:12,1086.2,-0.03,2,191172,买盘
10:49:15,1086.23,0.03,3,325868,买盘
10:49:21,1086.23,0.0,2,217246,买盘
10:49:24,1086.21,-0.02,8,868971,卖盘
10:49:31,1086.2,-0.01,16,1737924,卖盘
10:49:32,1086.21,0.01,8,916757,买盘
10:49:35,1086.2,-0.01,5,543100,中性盘
10:49:40,1086.18,-0.02,3,325858,卖盘
10:49:43,1086.18,0.0,3,278065,卖盘
10:49:45,1086.21,0.03,10,1140469,卖盘
10:49:48,1086.14,-0.07,2,217222,中性盘
10:49:54,1086.14,0.0,1,108614,买盘
10:49:57,1086.13,-0.01,3,325845,卖盘
10:50:00,1086.1,-0.03,2,217223,卖盘
10:50:02,1086.13,0.03,6,651678,买盘
10:50:06,1086.08,-0.05,1,68423,卖盘
10:50:09,1086.0,-0.08,53,5755876,买盘
10:50:12,1086.0,0.0,16,1737640,卖盘
10:50:15,1086.01,0.01,4,407282,中性盘
10:50:18,1086.13,0.12,1,108613,买盘
10:50:21,1086.12,-0.01,1,108612,中性盘
10:50:25,1086.21,0.09,12,1303395,买盘
10:50:27,1086.21,0.0,2,217236,买盘
10:50:30,1086.25,0.04,5,543121,买盘
10:50:33,1086.26,0.01,2,217250,买盘
10:50:36,1086.26,0.0,2,217251,买盘
10:50:38,1086.22,-0.04,2,191179,卖盘
10:50:44,1086.26,0.04,1,108626,卖盘
10:50:48,1086.26,0.0,5,543134,卖盘
10:50:51,1086.26,0.0,1,108626,卖盘
10:50:54,1086.26,0.0,7,760381,买盘
10:50:57,1086.26,0.0,1,108626,买盘
10:51:00,1086.25,-0.01,8,869001,卖盘
10:51:02,1086.26,0.01,3,392138,买盘
10:51:06,1086.26,0.0,4,434503,买盘
10:51:09,1086.26,0.0,2,217252,买盘
10:51:14,1086.25,-0.01,3,325875,卖盘
10:51:18,1086.28,0.03,2,217256,买盘
10:51:21,1086.28,0.0,8,869024,买盘
10:51:24,1086.28,0.0,9,977648,买盘
10:51:28,1086.28,0.0,1,102111,卖盘
10:51:33,1086.29,0.01,1,108629,中性盘
10:51:36,1086.29,0.0,2,223775,卖盘
10:51:39,1086.26,-0.03,15,1629454,买盘
10:51:42,1086.75,0.49,2,217344,买盘
10:51:51,1086.3,-0.45,1,56488,卖盘
10:51:53,1086.3,0.0,1,108630,卖盘
10:51:56,1086.3,0.0,1,108630,买盘
10:52:00,1086.27,-0.03,2,200964,卖盘
10:52:03,1086.25,-0.02,1,121662,买盘
10:52:09,1086.3,0.05,1,108630,中性盘
10:52:13,1086.69,0.39,2,217338,买盘
10:52:15,1086.3,-0.39,1,108630,卖盘
10:52:18,1086.69,0.39,1,108669,买盘
10:52:21,1086.3,-0.39,2,217260,买盘
10:52:25,1086.28,-0.02,3,325927,卖盘
10:52:27,1086.3,0.02,1,108630,买盘
10:52:30,1086.28,-0.02,2,217258,卖盘
10:52:34,1086.3,0.02,7,760410,买盘
10:52:35,1086.3,0.0,3,325890,卖盘
10:52:39,1086.3,0.0,3,325910,卖盘
10:52:45,1086.75,0.45,1,108675,买盘
10:52:48,1086.38,-0.37,1,160821,中性盘
10:52:52,1086.75,0.37,1,108675,买盘
10:52:53,1086.3,-0.45,3,325902,卖盘
10:53:00,1086.38,0.08,1,41282,卖盘
10:53:06,1086.75,0.37,1,181463,买盘
10:53:11,1086.38,-0.37,5,537832,卖盘
10:53:18,1086.31,-0.07,5,520347,卖盘
10:53:21,1086.31,0.0,5,565967,卖盘
10:53:24,1086.3,-0.01,20,2120460,卖盘
10:53:27,1086.29,-0.01,7,760408,卖盘
10:53:30,1086.3,0.01,2,217259,买盘
10:53:32,1086.25,-0.05,3,325877,卖盘
10:53:35,1086.29,0.04,2,217256,买盘
10:53:39,1086.25,-0.04,7,760379,卖盘
10:53:42,1086.22,-0.03,3,351935,卖盘
10:53:44,1086.14,-0.08,7,760344,卖盘
10:53:47,1086.13,-0.01,2,217227,卖盘
10:53:54,1086.08,-0.02,2,160741,买盘
10:54:00,1086.02,-0.06,3,301914,卖盘
10:54:03,1086.07,0.05,5,543015,买盘
10:54:05,1086.01,-0.06,2,217203,买盘
10:54:09,1086.02,0.01,7,760210,买盘
10:54:12,1086.01,-0.01,4,434405,卖盘
10:54:14,1086.01,0.0,4,434406,卖盘
10:54:18,1086.01,0.0,4,488706,卖盘
10:54:21,1086.01,0.0,1,108601,卖盘
10:54:24,1086.01,0.0,13,1411813,卖盘
10:54:27,1086.02,0.01,1,108602,买盘
10:54:30,1086.0,-0.02,3,342094,卖盘
10:54:33,1086.01,0.01,1,108601,中性盘
10:54:36,1086.0,-0.01,2,217201,卖盘
10:54:39,1086.01,0.01,11,1194604,买盘
10:54:42,1086.0,-0.01,5,543001,卖盘
10:54:45,1086.01,0.01,3,242179,买盘
10:54:48,1086.0,-0.01,3,325800,卖盘
10:54:51,1086.01,0.01,3,325802,买盘
10:54:54,1086.01,0.0,4,434401,买盘
10:54:57,1086.0,-0.01,25,2715002,卖盘
10:55:00,1086.0,0.0,8,903553,卖盘
10:55:03,1086.01,0.01,12,1303202,买盘
10:55:06,1086.0,-0.01,24,2606401,卖盘
10:55:12,1086.0,0.0,36,3909600,卖盘
10:55:15,1085.78,-0.22,142,15412300,卖盘
10:55:18,1085.77,-0.01,2,217154,卖盘
10:55:21,1085.77,0.0,1,108577,卖盘
10:55:24,1085.66,-0.11,3,325718,卖盘
10:55:29,1085.66,0.0,1,108566,卖盘
10:55:33,1085.66,0.0,3,310499,卖盘
10:55:35,1085.6,-0.06,2,217138,买盘
10:55:39,1085.6,0.0,8,883732,卖盘
10:55:41,1085.55,-0.05,3,325683,卖盘
10:55:44,1085.77,0.22,1,93377,卖盘
10:55:48,1085.76,-0.01,4,449446,买盘
10:55:54,1085.6,-0.16,1,108560,买盘
10:55:57,1085.6,0.0,2,217118,买盘
10:55:59,1085.6,0.0,6,651346,买盘
10:56:03,1085.55,-0.05,2,217110,卖盘
10:56:06,1085.5,-0.05,2,217101,卖盘
10:56:09,1085.5,0.0,2,217103,卖盘
10:56:12,1085.5,0.0,1,108550,卖盘
10:56:14,1085.39,-0.11,6,651267,卖盘
10:56:21,1085.5,0.11,4,434193,买盘
10:56:24,1085.3,-0.2,4,434152,卖盘
10:56:27,1085.3,0.0,7,798822,卖盘
10:56:30,1085.2,-0.1,9,976775,卖盘
10:56:33,1085.29,0.09,4,395033,中性盘
10:56:36,1085.19,-0.1,4,434085,卖盘
10:56:42,1085.16,-0.03,6,651103,卖盘
10:56:45,1085.17,0.01,2,217033,买盘
10:56:48,1085.12,-0.05,3,325544,卖盘
10:56:54,1085.08,-0.04,7,759571,卖盘
10:56:57,1085.01,-0.07,9,946144,卖盘
10:56:59,1085.0,-0.01,57,6184525,卖盘
10:57:03,1085.0,0.0,55,5967500,卖盘
10:57:06,1085.0,0.0,38,4123000,卖盘
10:57:09,1085.0,0.0,8,868002,卖盘
10:57:12,1085.0,0.0,3,325501,卖盘
10:57:15,1085.0,0.0,13,1410502,卖盘
10:57:17,1085.0,0.0,20,2170004,卖盘
10:57:21,1085.01,0.01,2,224596,中性盘
10:57:23,1085.02,0.01,8,868005,买盘
10:57:27,1085.0,-0.02,3,364563,卖盘
10:57:30,1085.01,0.01,3,325502,买盘
10:57:33,1085.0,-0.01,14,1519015,卖盘
10:57:36,1085.01,0.01,4,434005,中性盘
10:57:39,1085.01,0.0,3,325511,卖盘
10:57:42,1085.01,0.0,4,434012,中性盘
10:57:45,1085.0,-0.01,8,868008,卖盘
10:57:47,1085.0,0.0,41,4448500,卖盘
10:57:51,1085.0,0.0,51,5533501,卖盘
10:57:54,1085.01,0.01,3,325502,买盘
10:57:57,1084.89,-0.12,7,743182,买盘
10:58:00,1084.88,-0.01,2,216976,卖盘
10:58:02,1084.88,0.0,4,433948,中性盘
10:58:06,1084.88,0.0,10,1084876,买盘
10:58:09,1084.8,-0.08,5,542424,卖盘
10:58:12,1084.8,0.0,2,216955,买盘
10:58:15,1084.7,-0.1,2,216940,中性盘
10:58:17,1084.75,0.05,2,216950,买盘
10:58:21,1084.75,0.0,7,759235,中性盘
10:58:24,1084.5,-0.25,4,476115,卖盘
10:58:27,1084.5,0.0,1,108450,卖盘
10:58:30,1084.74,0.24,5,542278,买盘
10:58:32,1084.7,-0.04,3,295006,买盘
10:58:36,1084.51,-0.19,3,325352,买盘
10:58:42,1084.5,-0.01,2,216900,卖盘
10:58:45,1084.51,0.01,1,108451,买盘
10:58:47,1084.5,-0.01,7,759154,卖盘
10:58:51,1084.51,0.01,6,650705,买盘
10:58:54,1084.45,-0.06,5,542253,卖盘
10:58:57,1084.5,0.05,2,204970,买盘
10:59:00,1084.4,-0.1,22,2385880,卖盘
10:59:03,1084.02,-0.38,7,759062,卖盘
10:59:12,1084.01,-0.01,7,758847,卖盘
10:59:15,1084.4,0.39,3,325243,买盘
10:59:18,1084.4,0.0,5,542083,买盘
10:59:20,1084.01,-0.39,3,325203,卖盘
10:59:23,1084.02,0.01,1,108402,中性盘
10:59:27,1084.29,0.27,4,418459,买盘
10:59:30,1084.28,-0.01,3,325232,中性盘
10:59:33,1084.02,-0.26,4,490030,卖盘
10:59:36,1084.03,0.01,1,108403,中性盘
10:59:38,1084.03,0.0,2,216830,卖盘
10:59:42,1084.03,0.0,5,542051,卖盘
10:59:45,1084.27,0.24,5,542129,买盘
10:59:47,1084.27,0.0,5,542135,卖盘
10:59:51,1084.05,-0.22,2,216832,卖盘
10:59:54,1084.2,0.15,1,108420,买盘
10:59:57,1084.03,-0.17,7,761115,卖盘
11:00:03,1084.27,0.24,2,216853,买盘
11:00:05,1084.26,-0.01,5,487908,卖盘
11:00:09,1084.04,-0.22,4,487825,买盘
11:00:12,1084.0,-0.04,45,4828206,卖盘
11:00:14,1083.98,-0.02,75,8136520,卖盘
11:00:18,1083.98,0.0,10,1048233,卖盘
11:00:21,1083.98,0.0,2,252571,买盘
11:00:24,1083.89,-0.09,3,325176,卖盘
11:00:27,1083.88,-0.01,6,650330,卖盘
11:00:29,1083.79,-0.09,8,867071,卖盘
11:00:33,1083.7,-0.09,1,108370,卖盘
11:00:36,1083.7,0.0,3,325106,买盘
11:00:39,1083.62,-0.08,2,216727,卖盘
11:00:41,1083.51,-0.11,5,541793,卖盘
11:00:44,1083.5,-0.01,2,216700,卖盘
11:00:48,1083.36,-0.14,4,433349,卖盘
11:00:51,1083.36,0.0,4,433338,买盘
11:00:54,1083.24,-0.12,13,1408291,卖盘
11:00:56,1083.3,0.06,6,649992,中性盘
11:01:00,1083.15,-0.15,5,541603,卖盘
11:01:02,1083.13,-0.02,4,433263,卖盘
11:01:06,1083.1,-0.03,3,324932,卖盘
11:01:09,1083.06,-0.04,8,866471,卖盘
11:01:12,1083.01,-0.05,22,2382633,卖盘
11:01:15,1083.01,0.0,15,1647246,买盘
11:01:18,1083.01,0.0,2,216602,买盘
11:01:21,1083.0,-0.01,18,1949408,卖盘
11:01:24,1083.01,0.01,45,4813956,中性盘
11:01:27,1083.0,-0.01,10,1137154,卖盘
11:01:30,1083.0,0.0,22,2382661,卖盘
11:01:33,1083.09,0.09,8,866463,买盘
11:01:36,1083.09,0.0,4,433238,卖盘
11:01:39,1083.09,0.0,2,216618,卖盘
11:01:42,1083.09,0.0,6,649864,卖盘
11:01:44,1083.13,0.04,6,649864,买盘
11:01:47,1083.13,0.0,1,108313,买盘
11:01:51,1083.15,0.02,1,108315,中性盘
11:01:54,1083.13,-0.02,2,216633,卖盘
11:01:57,1083.13,0.0,2,216626,卖盘
11:02:00,1083.1,-0.03,12,1299757,卖盘
11:02:03,1083.13,0.03,8,866542,中性盘
11:02:06,1083.2,0.07,5,541585,中性盘
11:02:09,1083.26,0.06,4,433266,买盘
11:02:15,1083.22,-0.04,2,215559,买盘
11:02:18,1083.22,0.0,3,324966,买盘
11:02:21,1083.21,-0.01,6,649914,中性盘
11:02:24,1083.2,-0.01,3,315215,卖盘
11:02:27,1083.2,0.0,3,334715,买盘
11:02:30,1083.2,0.0,6,649930,卖盘
11:02:32,1083.21,0.01,1,108321,中性盘
11:02:36,1083.26,0.05,8,866608,买盘
11:02:42,1083.22,-0.04,5,541615,卖盘
11:02:45,1083.22,0.0,2,216648,卖盘
11:02:47,1083.22,0.0,3,324979,卖盘
11:02:51,1083.26,0.04,2,216652,卖盘
11:02:54,1083.31,0.05,15,1627071,买盘
11:02:57,1083.23,-0.08,4,431149,买盘
11:03:00,1083.26,0.03,7,758274,买盘
11:03:03,1083.26,0.0,3,327144,买盘
11:03:05,1083.3,0.04,1,108331,买盘
11:03:09,1083.32,0.02,4,480979,买盘
11:03:12,1083.33,0.01,5,541661,买盘
11:03:14,1083.33,0.0,6,649997,买盘
11:03:21,1083.61,0.28,1,108361,买盘
11:03:27,1083.33,-0.28,4,433388,卖盘
11:03:30,1083.61,0.28,1,108361,买盘
11:03:33,1083.61,0.0,6,650169,卖盘
11:03:35,1083.34,-0.27,3,325063,卖盘
11:03:39,1083.34,0.0,3,325032,中性盘
11:03:42,1083.65,0.31,7,758399,买盘
11:03:45,1083.65,0.0,3,325095,买盘
11:03:48,1083.7,0.05,1,108370,买盘
11:03:51,1083.65,-0.05,3,325094,买盘
11:03:54,1083.7,0.05,9,975296,中性盘
11:03:57,1083.65,-0.05,1,108365,卖盘
11:04:00,1083.88,0.23,4,433514,买盘
11:04:03,1083.69,-0.19,4,433476,中性盘
11:04:06,1083.69,0.0,3,325104,买盘
11:04:09,1083.66,-0.03,13,1408794,卖盘
11:04:12,1083.88,0.22,5,541866,买盘
11:04:15,1083.88,0.0,1,108388,买盘
11:04:18,1083.88,0.0,11,1192052,买盘
11:04:20,1083.88,0.0,1,108388,买盘
11:04:24,1083.88,0.0,2,216776,买盘
11:04:26,1083.67,-0.21,1,108367,卖盘
11:04:33,1083.88,0.21,8,867107,卖盘
11:04:35,1083.92,0.04,3,325173,买盘
11:04:39,1084.0,0.08,8,780449,买盘
11:04:42,1084.0,0.0,2,216800,卖盘
11:04:45,1084.05,0.05,2,216805,买盘
11:04:48,1083.88,-0.17,13,1409136,卖盘
11:04:51,1084.05,0.17,2,216810,买盘
11:04:54,1084.05,0.0,11,1192455,买盘
11:04:57,1084.05,0.0,2,216810,买盘
11:05:00,1084.05,0.0,3,325210,买盘
11:05:03,1084.0,-0.05,3,325200,卖盘
11:05:06,1084.05,0.05,2,216810,买盘
11:05:12,1084.0,0.0,4,433615,卖盘
11:05:15,1084.05,0.05,2,146347,卖盘
11:05:18,1084.27,0.22,3,325281,买盘
11:05:21,1084.0,-0.27,2,216804,买盘
11:05:23,1084.05,0.05,2,216829,中性盘
11:05:30,1084.05,0.0,2,262362,卖盘
11:05:33,1084.0,-0.05,3,325232,卖盘
11:05:36,1084.27,0.27,1,108427,买盘
11:05:39,1084.4,0.13,3,325294,买盘
11:05:50,1084.4,0.0,7,759079,买盘
11:05:54,1084.45,0.05,5,542206,中性盘
11:05:57,1084.5,0.05,1,108450,中性盘
11:06:03,1084.69,0.19,3,325388,买盘
11:06:06,1084.45,-0.24,3,325346,中性盘
11:06:09,1084.7,0.25,3,325408,买盘
11:06:12,1084.61,-0.09,11,1192898,中性盘
11:06:18,1084.68,0.07,6,650762,买盘
11:06:21,1085.0,0.32,45,4910526,买盘
11:06:24,1085.0,0.0,5,542515,卖盘
11:06:27,1084.7,-0.3,4,434020,卖盘
11:06:33,1084.72,0.02,3,325502,卖盘
11:06:39,1084.74,0.02,2,216990,卖盘
11:06:42,1084.73,-0.01,3,263591,卖盘
11:06:45,1084.7,-0.03,2,278770,买盘
11:06:48,1084.73,0.03,1,108472,卖盘
11:06:51,1084.74,0.01,3,263590,买盘
11:06:53,1084.69,-0.05,4,433940,买盘
11:06:56,1084.8,0.11,1,170348,买盘
11:07:00,1084.69,-0.11,1,46641,卖盘
11:07:06,1085.4,0.71,10,1085400,买盘
11:07:11,1085.4,0.0,1,108540,卖盘
11:07:15,1085.48,0.08,1,108548,买盘
11:07:18,1085.48,0.0,2,217088,买盘
11:07:24,1085.47,-0.01,2,217093,买盘
11:07:26,1085.49,0.02,1,108549,买盘
11:07:30,1085.51,0.02,27,2930880,买盘
11:07:32,1085.48,-0.03,7,759843,卖盘
11:07:39,1085.49,0.01,1,87925,卖盘
11:07:41,1085.55,0.06,2,217110,买盘
11:07:44,1085.4,-0.15,2,217082,买盘
11:07:48,1085.49,0.09,1,108549,卖盘
11:07:51,1085.11,-0.38,2,237646,买盘
11:07:54,1085.49,0.38,1,108549,买盘
11:07:57,1085.55,0.06,2,262676,买盘
11:08:00,1084.9,-0.65,4,388589,买盘
11:08:03,1084.9,0.0,5,542450,买盘
11:08:06,1085.52,0.62,4,479567,买盘
11:08:09,1085.55,0.03,1,108555,卖盘
11:08:15,1085.55,0.0,1,108555,卖盘
11:08:18,1085.55,0.0,1,108555,卖盘
11:08:21,1085.55,0.0,1,34738,买盘
11:08:24,1085.6,0.05,4,434233,买盘
11:08:27,1085.6,0.0,9,977250,卖盘
11:08:30,1085.95,0.35,1,108595,买盘
11:08:33,1085.55,-0.4,4,434226,卖盘
11:08:38,1085.9,0.35,1,152012,买盘
11:08:42,1085.5,-0.4,2,210598,卖盘
11:08:44,1085.55,0.05,1,108555,中性盘
11:08:48,1085.55,0.0,1,108555,卖盘
11:08:50,1085.98,0.43,1,108573,卖盘
11:08:54,1085.9,-0.08,1,108590,卖盘
11:08:56,1085.9,0.0,1,108590,卖盘
11:09:06,1085.9,0.35,1,108590,买盘
11:09:09,1085.98,0.08,4,348564,买盘
11:09:12,1085.98,0.0,1,108598,买盘
11:09:15,1086.0,0.02,1,108600,买盘
11:09:18,1085.98,-0.02,1,108598,卖盘
11:09:21,1086.0,0.02,2,225888,买盘
11:09:24,1086.06,0.06,2,217212,买盘
11:09:27,1086.0,-0.06,6,651614,卖盘
11:09:30,1086.3,0.3,1,108630,买盘
11:09:33,1086.3,0.0,1,108630,买盘
11:09:36,1086.06,-0.24,6,651661,卖盘
11:09:39,1086.31,0.25,10,1086310,买盘
11:09:45,1086.0,-0.31,4,434402,卖盘
11:09:48,1086.3,0.3,2,217260,买盘
11:10:02,1086.0,-0.3,2,217200,卖盘
11:10:05,1085.98,-0.02,22,2428035,买盘
11:10:09,1085.98,0.0,1,108598,买盘
11:10:12,1085.55,-0.43,2,217110,卖盘
11:10:15,1086.0,0.45,1,108599,买盘
11:10:18,1086.88,0.88,9,939823,买盘
11:10:21,1086.88,0.0,1,146729,卖盘
11:10:24,1086.88,0.0,11,1195341,买盘
11:10:26,1087.09,0.21,4,447831,买盘
11:10:30,1087.09,0.0,12,1290126,买盘
11:10:33,1086.8,-0.29,3,326040,中性盘
11:10:39,1086.8,0.0,2,217360,买盘
11:10:42,1086.8,0.0,3,325861,买盘
11:10:45,1085.0,-1.8,1,161845,买盘
11:10:48,1086.8,1.8,3,272515,买盘
11:10:51,1086.0,-0.8,4,487163,买盘
11:10:53,1084.42,-1.58,5,542210,卖盘
11:11:00,1085.0,0.58,3,325500,中性盘
11:11:03,1084.42,-0.58,2,216884,卖盘
11:11:06,1084.42,0.0,7,748249,卖盘
11:11:09,1084.4,-0.02,6,650700,卖盘
11:11:15,1085.42,1.02,2,217084,卖盘
11:11:18,1085.96,0.54,1,108596,买盘
11:11:20,1084.45,-1.51,2,166056,卖盘
11:11:27,1084.41,-0.04,5,542222,卖盘
11:11:30,1084.4,-0.01,3,325330,买盘
11:11:33,1084.4,0.0,4,417494,卖盘
11:11:42,1085.9,0.9,1,108590,买盘
11:11:45,1085.9,0.0,1,108590,买盘
11:11:47,1085.92,0.02,3,325662,中性盘
11:11:51,1085.0,-0.92,4,434030,卖盘
11:11:54,1085.93,0.93,1,108593,买盘
11:11:57,1085.01,-0.92,2,156334,中性盘
11:12:00,1085.0,-0.01,2,277760,买盘
11:12:03,1084.55,-0.45,2,216955,卖盘
11:12:06,1084.42,-0.13,3,286301,卖盘
11:12:09,1084.4,-0.02,9,933675,买盘
11:12:12,1084.37,-0.03,2,274351,卖盘
11:12:14,1084.37,0.0,4,376278,卖盘
11:12:18,1084.3,-0.07,7,825176,卖盘
11:12:21,1084.19,-0.11,4,367562,卖盘
11:12:24,1084.06,-0.13,2,216825,卖盘
11:12:27,1084.02,-0.04,3,325212,卖盘
11:12:30,1084.02,0.0,1,108402,卖盘
11:12:33,1083.92,-0.1,17,1929509,卖盘
11:12:35,1083.91,-0.01,6,588605,买盘
11:12:39,1083.88,-0.03,10,1083885,卖盘
11:12:42,1083.88,0.0,2,216776,卖盘
11:12:45,1083.8,-0.08,3,325148,卖盘
11:12:48,1083.65,-0.15,5,541830,卖盘
11:12:51,1083.64,-0.01,10,1083644,卖盘
11:12:53,1083.34,-0.3,15,1625200,卖盘
11:12:57,1083.33,-0.01,5,541699,卖盘
11:13:00,1083.64,0.31,2,216725,中性盘
11:13:03,1083.61,-0.03,1,67184,中性盘
11:13:06,1083.65,0.04,3,325093,买盘
11:13:09,1083.34,-0.31,2,257874,买盘
11:13:12,1083.33,-0.01,4,433333,卖盘
11:13:14,1083.4,0.07,3,362951,卖盘
11:13:18,1083.34,-0.06,2,216668,卖盘
11:13:24,1083.4,0.06,2,216680,中性盘
11:13:27,1083.6,0.2,3,325038,买盘
11:13:30,1083.61,0.01,9,975225,买盘
11:13:35,1083.6,-0.01,7,758440,买盘
11:13:39,1083.6,0.0,6,650120,买盘
11:13:41,1083.4,-0.2,19,2058470,卖盘
11:13:44,1083.35,-0.05,12,1258916,卖盘
11:13:48,1083.6,0.25,2,216720,买盘
11:13:51,1083.61,0.01,8,866844,买盘
11:13:54,1083.61,0.0,6,650132,买盘
11:13:57,1084.02,0.41,2,216763,买盘
11:14:00,1084.3,0.28,1,108430,买盘
11:14:03,1084.3,0.0,1,108430,买盘
11:14:09,1084.1,-0.2,2,216840,卖盘
11:14:12,1084.4,0.3,2,216870,买盘
11:14:15,1084.3,-0.1,4,433720,卖盘
11:14:18,1084.5,0.2,2,216890,买盘
11:14:21,1084.5,0.0,2,216900,卖盘
11:14:27,1084.3,-0.2,2,216870,卖盘
11:14:30,1084.3,0.0,1,108430,卖盘
11:14:33,1084.35,0.05,3,325305,卖盘
11:14:36,1084.41,0.06,1,83500,中性盘
11:14:39,1084.41,0.0,3,350281,买盘
11:14:42,1084.41,0.0,1,162659,买盘
11:14:45,1084.5,0.09,4,433784,中性盘
11:14:48,1084.41,-0.09,1,108441,买盘
11:14:51,1084.41,0.0,4,433764,卖盘
11:14:54,1084.41,0.0,5,465207,卖盘
11:14:57,1084.41,0.0,1,185472,买盘
11:15:00,1084.35,-0.06,2,166996,卖盘
11:15:03,1084.3,-0.05,5,542171,买盘
11:15:09,1084.4,0.0,3,264595,买盘
11:15:12,1084.41,0.01,1,108439,卖盘
11:15:15,1084.3,-0.11,8,867483,卖盘
11:15:18,1084.3,0.0,6,650580,卖盘
11:15:21,1084.3,0.0,7,759010,卖盘
11:15:24,1084.3,0.0,6,650580,买盘
11:15:27,1084.32,0.02,4,433722,买盘
11:15:30,1084.3,-0.02,3,324206,卖盘
11:15:34,1084.3,0.0,1,109514,卖盘
11:15:36,1084.1,-0.2,5,542073,卖盘
11:15:39,1084.1,0.0,5,512866,中性盘
11:15:42,1084.12,0.02,1,108412,中性盘
11:15:48,1084.1,-0.02,5,542156,卖盘
11:15:54,1084.32,0.22,4,433728,卖盘
11:15:57,1084.1,-0.22,1,108410,卖盘
11:16:00,1084.1,0.0,2,249343,卖盘
11:16:09,1084.15,-0.05,2,216847,中性盘
11:16:12,1084.14,-0.01,2,216829,中性盘
11:16:14,1084.12,-0.02,1,108412,卖盘
11:16:19,1084.02,-0.1,8,867241,卖盘
11:16:21,1084.01,-0.01,1,108401,卖盘
11:16:24,1084.01,0.0,14,1517616,卖盘
11:16:27,1084.01,0.0,11,1163146,卖盘
11:16:30,1084.02,0.01,4,433609,买盘
11:16:33,1084.0,-0.02,14,1517608,卖盘
11:16:36,1084.01,0.01,1,108401,卖盘
11:16:39,1084.01,0.0,7,758843,卖盘
11:16:42,1084.01,0.0,3,325203,中性盘
11:16:45,1084.1,0.09,1,40111,中性盘
11:16:49,1084.0,-0.1,6,650437,卖盘
11:16:51,1084.0,0.0,7,758800,卖盘
11:16:54,1084.0,0.0,8,867197,买盘
11:16:57,1084.0,0.0,1,108400,买盘
11:17:00,1084.0,0.0,7,758800,买盘
11:17:03,1084.0,0.0,2,298074,卖盘
11:17:06,1084.14,0.14,5,460743,买盘
11:17:09,1083.88,-0.26,1,108388,卖盘
11:17:12,1084.0,0.12,10,1084000,卖盘
11:17:18,1084.0,0.0,4,433611,卖盘
11:17:21,1084.1,0.1,2,216821,卖盘
11:17:24,1084.11,0.01,1,108411,买盘
11:17:27,1084.01,-0.1,2,216801,中性盘
11:17:29,1084.0,-0.01,4,433600,卖盘
11:17:33,1084.11,0.11,2,278610,买盘
11:17:36,1084.0,-0.11,6,650411,卖盘
11:17:39,1084.11,0.11,2,216811,买盘
11:17:42,1084.11,0.0,1,108411,买盘
11:17:46,1084.01,-0.1,8,867227,卖盘
11:17:48,1084.01,0.0,5,542015,卖盘
11:17:51,1084.12,0.11,7,758817,买盘
11:17:54,1084.0,-0.12,11,1192403,卖盘
11:17:57,1084.0,0.0,4,416256,中性盘
11:18:03,1084.0,0.0,3,325224,卖盘
11:18:06,1083.99,-0.01,13,1409169,卖盘
11:18:09,1084.0,0.01,7,758757,买盘
11:18:12,1083.8,-0.2,8,867085,卖盘
11:18:15,1083.7,-0.1,3,288264,卖盘
11:18:18,1083.66,-0.04,4,433474,卖盘
11:18:21,1083.7,0.04,6,650194,买盘
11:18:24,1083.7,0.0,5,614428,卖盘
11:18:30,1083.7,0.0,3,325110,卖盘
11:18:33,1083.7,0.0,1,108370,卖盘
11:18:36,1083.74,0.04,1,108374,中性盘
11:18:39,1083.8,0.06,3,325128,买盘
11:18:42,1083.71,-0.09,4,411797,卖盘
11:18:45,1083.8,0.09,1,108380,买盘
11:18:51,1083.8,0.0,5,541873,中性盘
11:18:54,1083.6,-0.2,16,1733943,卖盘
11:18:57,1083.58,-0.02,4,433432,卖盘
11:19:00,1083.6,0.02,4,433427,买盘
11:19:04,1083.58,-0.02,8,866921,中性盘
11:19:09,1083.59,0.01,12,1300339,卖盘
11:19:12,1083.6,0.01,3,270900,中性盘
11:19:15,1083.8,0.2,1,108380,买盘
11:19:18,1083.59,-0.21,9,976324,卖盘
11:19:21,1083.6,0.01,1,108360,买盘
11:19:24,1083.5,-0.1,11,1191912,卖盘
11:19:27,1083.6,0.1,8,921050,买盘
11:19:30,1083.5,-0.1,10,1083584,卖盘
11:19:33,1083.78,0.28,15,1625375,买盘
11:19:36,1083.6,-0.18,3,325082,卖盘
11:19:39,1083.78,0.18,2,216756,买盘
11:19:42,1083.61,-0.17,1,92107,卖盘
11:19:48,1083.78,0.17,2,216739,买盘
11:19:51,1083.61,-0.17,3,293676,卖盘
11:19:54,1083.78,0.17,3,325118,买盘
11:19:57,1083.78,0.0,4,433495,买盘
11:19:59,1083.62,-0.16,1,108362,卖盘
11:20:02,1083.78,0.16,5,541890,买盘
11:20:06,1083.78,0.0,1,108378,卖盘
11:20:08,1083.77,-0.01,5,541888,卖盘
11:20:12,1083.76,-0.01,2,216753,中性盘
11:20:15,1083.63,-0.13,2,216729,卖盘
11:20:19,1083.63,0.0,12,1300294,中性盘
11:20:21,1083.5,-0.13,11,1191894,卖盘
11:20:24,1083.62,0.12,7,758473,买盘
11:20:27,1083.63,0.01,1,108363,中性盘
11:20:30,1083.63,0.0,8,866812,买盘
11:20:33,1083.4,-0.23,5,541734,卖盘
11:20:36,1083.5,0.1,1,108350,买盘
11:20:39,1083.39,-0.11,4,414962,卖盘
11:20:42,1083.66,0.27,3,325094,买盘
11:20:45,1083.77,0.11,2,270926,卖盘
11:20:49,1083.66,-0.11,3,325098,卖盘
11:20:51,1083.65,-0.01,2,216731,买盘
11:20:54,1083.66,0.01,2,250336,卖盘
11:20:57,1083.65,-0.01,1,108365,卖盘
11:20:59,1083.64,-0.01,1,108364,买盘
11:21:03,1083.64,0.0,2,216728,卖盘
11:21:06,1083.55,-0.09,3,325100,卖盘
11:21:09,1083.77,0.22,5,541885,买盘
11:21:12,1083.77,0.0,4,433508,卖盘
11:21:15,1083.77,0.0,7,758599,卖盘
11:21:18,1083.77,0.0,3,325115,买盘
11:21:21,1083.42,-0.35,2,216719,卖盘
11:21:24,1083.42,0.0,1,108342,买盘
11:21:30,1083.75,0.33,1,108375,中性盘
11:21:34,1083.43,-0.32,1,108343,卖盘
11:21:36,1083.42,-0.01,3,325028,卖盘
11:21:39,1083.76,0.34,1,108359,卖盘
11:21:42,1083.4,-0.36,4,387868,卖盘
11:21:49,1083.51,0.11,1,108351,卖盘
11:21:54,1083.4,-0.11,2,172262,卖盘
11:21:57,1083.51,0.11,3,325031,买盘
11:22:04,1083.39,-0.12,5,541719,卖盘
11:22:06,1083.39,0.0,5,541704,买盘
11:22:09,1083.39,0.0,1,108339,中性盘
11:22:12,1083.35,-0.04,9,1019459,卖盘
11:22:15,1083.35,0.0,2,262179,买盘
11:22:18,1083.35,0.0,2,171168,卖盘
11:22:21,1083.33,-0.02,5,541672,买盘
11:22:24,1083.39,0.06,6,657577,买盘
11:22:27,1083.25,-0.14,15,1624948,卖盘
11:22:31,1083.23,-0.02,3,324971,卖盘
11:22:33,1083.21,-0.02,10,1083208,卖盘
11:22:35,1083.1,-0.11,3,324944,卖盘
11:22:38,1083.06,-0.04,1,73648,卖盘
11:22:42,1083.06,0.0,9,974771,卖盘
11:22:45,1083.31,0.25,30,3251688,买盘
11:22:49,1083.03,-0.28,6,649975,卖盘
11:22:51,1083.03,0.0,2,216609,卖盘
11:22:55,1083.4,0.37,1,108340,买盘
11:22:57,1083.06,-0.34,7,758167,卖盘
11:23:00,1083.03,-0.03,3,324909,买盘
11:23:04,1083.02,-0.01,3,324914,买盘
11:23:06,1083.02,0.0,4,433208,卖盘
11:23:09,1083.39,0.37,2,216678,买盘
11:23:12,1083.01,-0.38,16,1732822,卖盘
11:23:15,1083.06,0.05,5,541521,买盘
11:23:19,1083.3,0.24,2,216660,买盘
11:23:24,1083.4,0.1,1,108340,买盘
11:23:27,1083.4,0.0,1,108340,买盘
11:23:30,1083.3,-0.1,3,325010,卖盘
11:23:33,1083.4,0.1,3,325020,买盘
11:23:36,1083.51,0.11,3,325029,买盘
11:23:39,1083.51,0.0,4,433404,卖盘
11:23:42,1083.51,0.0,17,1842424,中性盘
11:23:45,1084.14,0.63,1,189662,卖盘
11:23:51,1084.14,0.0,2,216828,卖盘
11:23:54,1084.16,0.02,2,216857,中性盘
11:23:57,1084.41,0.25,1,108441,买盘
11:24:00,1084.14,-0.27,8,786031,卖盘
11:24:06,1084.14,0.0,2,203822,卖盘
11:24:08,1084.41,0.27,2,216882,买盘
11:24:12,1084.41,0.0,3,325323,买盘
11:24:15,1084.42,0.01,1,108442,买盘
11:24:19,1084.47,0.05,2,216894,买盘
11:24:25,1084.47,0.0,2,216894,卖盘
11:24:27,1084.98,0.51,1,108498,买盘
11:24:30,1084.47,-0.51,1,108447,卖盘
11:24:34,1084.98,0.51,1,108498,买盘
11:24:36,1084.47,-0.51,1,108447,卖盘
11:24:39,1084.98,0.51,2,216996,买盘
11:24:42,1084.98,0.0,2,216998,卖盘
11:24:46,1085.0,0.02,1,108500,中性盘
11:24:49,1084.99,-0.01,1,108499,卖盘
11:24:54,1085.24,0.25,1,108524,买盘
11:24:57,1083.42,-1.82,16,1734525,卖盘
11:25:00,1085.0,1.58,1,108500,卖盘
11:25:06,1085.24,0.24,2,186644,买盘
11:25:12,1085.0,-0.24,10,1085001,买盘
11:25:16,1083.4,-1.6,18,1982743,卖盘
11:25:19,1083.4,0.0,4,433378,买盘
11:25:21,1085.0,1.6,2,217000,买盘
11:25:24,1083.4,-1.6,4,412172,卖盘
11:25:27,1083.4,0.0,5,563689,卖盘
11:25:30,1083.31,-0.09,5,516768,卖盘
11:25:34,1083.4,0.09,8,867045,卖盘
11:25:36,1084.99,1.59,6,650319,买盘
11:25:39,1084.99,0.0,4,433996,买盘
11:25:42,1084.99,0.0,2,216998,买盘
11:25:45,1084.98,-0.01,1,108498,中性盘
11:25:49,1084.0,-0.98,1,108400,卖盘
11:25:51,1084.98,0.98,2,216898,买盘
11:25:54,1084.99,0.01,9,976024,买盘
11:25:57,1085.0,0.01,4,433999,买盘
11:26:06,1085.0,0.0,1,108500,卖盘
11:26:12,1085.0,0.0,7,759500,卖盘
11:26:16,1085.24,0.24,1,108524,买盘
11:26:21,1086.0,0.76,49,5321166,买盘
11:26:30,1086.99,0.99,6,652161,买盘
11:26:33,1086.0,-0.99,15,1629001,卖盘
11:26:39,1086.99,0.99,6,651700,买盘
11:26:42,1086.99,0.0,1,108699,买盘
11:26:54,1086.98,-0.01,2,217396,买盘
11:26:57,1086.98,0.0,2,217396,卖盘
11:27:00,1086.98,0.0,2,217397,卖盘
11:27:04,1086.99,0.01,4,434684,买盘
11:27:09,1086.97,-0.02,1,108697,买盘
11:27:15,1086.99,0.91,10,1055401,买盘
11:27:24,1086.99,0.0,21,2282679,买盘
11:27:27,1086.99,0.0,12,1303701,买盘
11:27:30,1086.99,0.0,2,217397,买盘
11:27:32,1086.99,0.0,4,434796,买盘
11:27:36,1086.99,0.0,1,108699,买盘
11:27:39,1086.0,-0.99,1,108600,卖盘
11:27:48,1086.98,0.98,2,217394,中性盘
11:27:51,1086.0,-0.98,1,108600,卖盘
11:28:03,1086.9,0.9,1,108690,买盘
11:28:06,1086.0,-0.9,18,1996089,卖盘
11:28:09,1086.1,0.1,2,217300,中性盘
11:28:12,1086.0,-0.1,1,108600,卖盘
11:28:15,1086.0,0.0,2,217290,卖盘
11:28:19,1086.0,0.0,3,325890,卖盘
11:28:30,1086.8,0.8,2,217360,买盘
11:28:34,1086.89,0.09,1,108689,买盘
11:28:36,1086.0,-0.89,3,325800,卖盘
11:28:39,1086.89,0.89,9,919201,买盘
11:28:42,1086.89,0.0,1,108689,中性盘
11:28:45,1086.0,-0.89,3,325972,卖盘
11:28:48,1086.9,0.9,4,434770,买盘
11:28:51,1086.99,0.09,1,108699,买盘
11:28:54,1086.99,0.0,1,108699,买盘
11:29:00,1086.0,-0.99,10,1086100,卖盘
11:29:06,1086.83,0.83,2,217366,买盘
11:29:09,1087.0,0.17,10,1086942,买盘
11:29:12,1086.83,-0.17,1,108683,卖盘
11:29:19,1086.89,0.06,1,108689,中性盘
11:29:21,1087.31,0.42,1,108731,买盘
11:29:27,1086.83,-0.48,2,217366,卖盘
11:29:31,1086.83,0.0,1,108683,买盘
11:29:34,1086.83,0.0,2,217366,买盘
11:29:36,1086.83,0.0,1,125987,买盘
11:29:39,1086.83,0.0,1,108683,买盘
11:29:42,1086.83,0.0,1,108683,买盘
11:29:51,1086.83,0.0,1,108683,卖盘
11:29:54,1086.83,0.0,2,199977,卖盘
13:00:01,1087.33,0.5,12,1304736,买盘
13:00:03,1086.98,-0.35,57,6213173,卖盘
13:00:07,1087.33,0.35,14,1504537,买盘
13:00:10,1086.0,-1.33,4,456342,卖盘
13:00:16,1086.8,0.8,2,217280,买盘
13:00:17,1086.8,0.0,8,869280,买盘
13:00:20,1086.8,0.0,14,1521520,买盘
13:00:25,1086.83,0.03,9,916910,买盘
13:00:28,1086.83,0.0,5,634544,买盘
13:00:29,1087.8,0.97,8,869793,买盘
13:00:33,1086.83,-0.97,2,217366,卖盘
13:00:37,1086.09,-0.74,4,380345,卖盘
13:00:40,1086.09,0.0,2,271664,买盘
13:00:41,1086.07,-0.02,3,325820,买盘
13:00:46,1086.07,0.0,10,1086045,买盘
13:00:47,1086.0,-0.07,6,651607,卖盘
13:00:52,1085.66,-0.34,2,127040,买盘
13:00:56,1085.97,0.31,1,108597,买盘
13:01:01,1085.66,-0.31,2,255130,卖盘
13:01:04,1085.24,-0.42,2,245264,卖盘
13:01:06,1085.24,0.0,1,60774,卖盘
13:01:10,1085.73,0.49,2,217134,买盘
13:01:13,1085.33,-0.4,1,108533,卖盘
13:01:16,1085.24,-0.09,3,325583,卖盘
13:01:18,1085.06,-0.18,3,345187,买盘
13:01:25,1085.66,0.45,1,108566,卖盘
13:01:28,1085.0,-0.66,8,868090,卖盘
13:01:31,1085.71,0.71,5,469996,买盘
13:01:32,1085.0,-0.71,3,398312,买盘
13:01:37,1085.0,0.0,2,217070,卖盘
13:01:40,1085.0,0.0,1,108500,卖盘
13:01:44,1085.7,0.7,1,108570,买盘
13:01:52,1085.0,-0.7,1,108500,卖盘
13:01:55,1085.0,0.0,2,176855,卖盘
13:01:59,1085.73,0.73,2,240943,买盘
13:02:04,1085.73,0.0,2,217146,买盘
13:02:10,1085.74,0.01,1,108574,买盘
13:02:16,1085.74,0.0,5,542870,买盘
13:02:19,1086.79,1.05,2,217255,中性盘
13:02:22,1085.74,-1.05,1,108574,卖盘
13:02:28,1086.79,1.05,4,434506,买盘
13:02:31,1085.74,-1.05,1,108574,卖盘
13:02:34,1086.79,1.05,6,562624,买盘
13:02:46,1085.01,0.0,5,461203,卖盘
13:02:52,1085.01,0.01,3,325502,买盘
13:02:55,1085.0,-0.01,14,1519002,卖盘
13:03:01,1085.01,0.01,1,108501,买盘
13:03:04,1085.0,-0.01,1,108500,卖盘
13:03:13,1085.01,0.01,4,434003,买盘
13:03:16,1085.01,0.0,3,369986,买盘
13:03:19,1085.0,-0.01,10,1085000,卖盘
13:03:22,1085.0,0.0,1,108500,卖盘
13:03:25,1085.0,0.0,3,325500,卖盘
13:03:31,1085.0,0.0,2,143220,卖盘
13:03:37,1085.01,0.01,4,434002,买盘
13:03:40,1085.01,0.0,3,325503,买盘
13:03:43,1085.0,-0.01,1,108500,卖盘
13:03:49,1085.0,0.0,1,108500,卖盘
13:03:58,1085.01,0.01,2,260401,买盘
13:04:07,1085.0,-0.01,1,108500,卖盘
13:04:13,1085.01,0.01,2,217002,买盘
13:04:14,1085.01,0.0,3,325503,买盘
13:04:19,1085.0,-0.01,5,542503,卖盘
13:04:28,1085.01,0.01,1,108501,买盘
13:04:31,1085.0,-0.01,4,451360,卖盘
13:04:34,1085.0,0.0,1,108500,卖盘
13:04:37,1085.0,0.0,3,325501,卖盘
13:04:40,1085.0,0.0,3,325500,卖盘
13:04:41,1085.0,0.0,3,338521,卖盘
13:04:46,1085.0,0.0,4,434000,卖盘
13:04:49,1085.0,0.0,5,542500,卖盘
13:04:52,1085.01,0.01,4,434002,买盘
13:04:54,1085.0,-0.01,6,651000,卖盘
13:04:58,1084.97,-0.03,3,307053,卖盘
13:04:59,1085.0,0.03,2,175770,卖盘
13:05:02,1085.0,0.0,2,202895,卖盘
13:05:07,1085.0,0.0,8,867921,卖盘
13:05:10,1085.0,0.0,1,108500,买盘
13:05:13,1085.0,0.0,3,325500,卖盘
13:05:16,1085.0,0.0,1,108500,买盘
13:05:19,1085.0,0.0,3,325500,买盘
13:05:22,1085.0,0.0,1,108500,买盘
13:05:24,1084.6,-0.4,3,325451,卖盘
13:05:31,1085.0,0.4,1,108500,卖盘
13:05:37,1085.0,0.0,2,217000,卖盘
13:05:46,1085.0,0.0,1,108500,卖盘
13:05:49,1085.0,0.0,3,332011,卖盘
13:05:52,1085.01,0.01,2,217001,买盘
13:05:58,1085.01,0.0,5,542503,买盘
13:05:59,1085.01,0.0,1,108501,买盘
13:06:04,1085.0,-0.01,1,108500,卖盘
13:06:07,1085.01,0.01,1,108501,买盘
13:06:10,1084.18,-0.83,16,1735464,卖盘
13:06:13,1085.0,0.82,2,217001,买盘
13:06:16,1085.0,0.0,2,217000,卖盘
13:06:19,1085.0,0.0,3,325500,卖盘
13:06:22,1085.0,0.0,1,108500,买盘
13:06:25,1085.0,0.0,1,108500,买盘
13:06:31,1084.17,-0.83,1,108417,卖盘
13:06:33,1084.17,0.0,3,290722,卖盘
13:06:37,1084.16,-0.01,3,383962,卖盘
13:06:40,1085.0,0.84,1,108500,买盘
13:06:49,1084.18,-0.82,2,216917,卖盘
13:06:52,1084.18,0.0,2,176802,卖盘
13:06:55,1085.0,0.82,17,1844500,买盘
13:06:58,1085.0,0.0,5,542495,买盘
13:07:01,1084.22,-0.78,3,325344,卖盘
13:07:04,1085.0,0.78,2,217000,买盘
13:07:07,1085.0,0.0,1,108500,卖盘
13:07:10,1084.22,-0.78,3,325422,卖盘
13:07:11,1086.0,1.78,2,217101,买盘
13:07:22,1085.0,0.0,2,217000,卖盘
13:07:25,1085.0,0.0,1,80290,买盘
13:07:36,1085.79,0.79,1,108579,中性盘
13:07:40,1085.0,-0.79,1,123691,卖盘
13:07:46,1085.8,0.8,1,108580,买盘
13:07:49,1085.8,0.0,1,108580,买盘
13:07:51,1085.8,0.0,2,217160,买盘
13:07:55,1085.77,-0.03,1,108577,中性盘
13:07:58,1085.8,0.03,2,217080,买盘
13:08:01,1085.8,0.0,1,108580,买盘
13:08:10,1085.0,-0.8,1,115011,卖盘
13:08:13,1084.99,-0.01,5,542499,卖盘
13:08:16,1084.5,-0.49,21,2242659,卖盘
13:08:19,1085.0,0.5,6,651000,买盘
13:08:22,1084.26,-0.74,2,272193,卖盘
13:08:28,1084.48,0.22,1,108448,买盘
13:08:31,1084.26,-0.22,1,80235,卖盘
13:08:37,1084.2,-0.06,7,712330,卖盘
13:08:43,1084.26,0.06,1,108426,卖盘
13:08:49,1084.2,-0.06,2,238527,卖盘
13:08:52,1084.23,0.03,3,325266,买盘
13:09:01,1084.2,-0.03,1,139861,卖盘
13:09:04,1084.26,0.06,3,325272,买盘
13:09:06,1084.21,-0.05,1,108421,卖盘
13:09:09,1084.21,0.0,2,216844,卖盘
13:09:13,1084.26,0.05,11,1192634,买盘
13:09:16,1084.26,0.0,1,108426,买盘
13:09:22,1085.0,0.74,6,650639,买盘
13:09:31,1084.23,-0.77,2,158333,卖盘
13:09:40,1084.23,0.0,2,216846,中性盘
13:09:42,1084.23,0.0,1,108423,买盘
13:09:46,1084.23,0.0,7,758961,买盘
13:09:49,1084.21,-0.02,4,433686,卖盘
13:09:52,1084.21,0.0,1,117095,卖盘
13:09:55,1084.23,0.02,4,433688,买盘
13:10:01,1084.21,-0.02,1,108421,卖盘
13:10:04,1084.21,0.0,1,108421,卖盘
13:10:07,1084.22,0.01,1,89990,中性盘
13:10:10,1084.21,-0.01,2,163717,买盘
13:10:16,1084.23,0.02,7,758960,买盘
13:10:19,1084.22,-0.01,1,138780,卖盘
13:10:22,1084.23,0.01,1,108423,买盘
13:10:28,1084.23,0.0,1,108423,买盘
13:10:31,1084.22,-0.01,11,1192643,卖盘
13:10:34,1084.23,0.01,18,1951614,买盘
13:10:45,1084.55,0.32,1,108455,买盘
13:10:48,1084.3,-0.25,1,108430,卖盘
13:10:55,1084.55,0.25,2,216910,买盘
13:11:07,1084.31,-0.24,1,108431,卖盘
13:11:10,1084.55,0.24,3,325365,买盘
13:11:13,1084.89,0.34,5,542383,买盘
13:11:16,1084.55,-0.34,6,650775,卖盘
13:11:22,1084.89,0.34,1,108489,买盘
13:11:24,1084.89,0.0,1,108489,卖盘
13:11:28,1085.0,0.11,3,325489,买盘
13:11:31,1085.0,0.0,3,325489,买盘
13:11:37,1084.56,-0.44,7,820160,卖盘
13:11:40,1084.55,-0.01,4,373085,买盘
13:11:43,1084.55,0.0,7,759165,卖盘
13:11:46,1084.3,-0.25,3,396858,卖盘
13:11:49,1084.3,0.0,3,325291,卖盘
13:11:52,1084.3,0.0,2,216860,卖盘
13:11:55,1084.3,0.0,5,542150,卖盘
13:11:58,1084.32,0.02,1,108432,买盘
13:12:04,1084.3,-0.02,2,216860,卖盘
13:12:07,1084.31,0.01,2,132286,卖盘
13:12:13,1084.32,0.01,1,108432,买盘
13:12:16,1084.32,0.0,3,325296,买盘
13:12:18,1084.32,0.0,1,108432,买盘
13:12:21,1084.32,0.0,4,433727,买盘
13:12:24,1084.31,-0.01,3,325294,卖盘
13:12:31,1084.52,0.21,1,108452,买盘
13:12:34,1084.52,0.0,1,108452,买盘
13:12:37,1084.32,-0.2,1,108432,卖盘
13:12:40,1084.32,0.0,1,108432,卖盘
13:12:49,1084.9,0.58,1,169212,买盘
13:12:52,1084.42,-0.48,6,664798,卖盘
13:12:55,1084.9,0.48,1,108490,买盘
13:12:58,1084.9,0.0,1,108490,买盘
13:13:03,1084.9,0.0,1,108490,买盘
13:13:06,1084.9,0.0,5,542450,买盘
13:13:10,1084.9,0.0,2,216980,卖盘
13:13:16,1084.9,0.0,1,108490,卖盘
13:13:19,1084.9,0.0,3,325470,卖盘
13:13:22,1084.98,0.08,2,216988,买盘
13:13:28,1084.98,0.0,9,976482,买盘
13:13:31,1084.97,-0.01,1,108497,中性盘
13:13:37,1084.97,0.0,2,216992,买盘
13:13:40,1084.95,-0.02,4,345009,中性盘
13:13:43,1084.9,-0.05,2,216986,买盘
13:13:46,1084.95,0.05,4,433980,买盘
13:13:49,1084.97,0.02,1,108497,买盘
13:13:55,1084.9,-0.07,4,433975,卖盘
13:13:58,1084.97,0.07,3,325491,买盘
13:14:00,1084.97,0.0,1,108497,买盘
13:14:03,1084.97,0.0,1,108497,买盘
13:14:06,1084.9,-0.07,3,325471,卖盘
13:14:10,1084.9,0.0,2,261466,卖盘
13:14:13,1084.95,0.05,1,108495,买盘
13:14:16,1084.95,0.0,1,108495,买盘
13:14:19,1084.95,0.0,1,108495,买盘
13:14:22,1084.95,0.0,1,108495,买盘
13:14:25,1084.9,-0.05,1,108490,卖盘
13:14:28,1084.97,0.07,1,108497,买盘
13:14:31,1084.97,0.0,2,216993,买盘
13:14:34,1084.9,-0.07,8,867940,卖盘
13:14:37,1084.95,0.05,2,216988,买盘
13:14:40,1084.95,0.0,5,542475,卖盘
13:14:42,1084.97,0.02,5,542485,买盘
13:14:46,1084.99,0.02,7,759483,买盘
13:14:48,1084.99,0.0,3,326582,买盘
13:14:52,1085.0,0.01,13,1410495,买盘
13:14:55,1085.0,0.0,11,1193499,买盘
13:14:58,1085.0,0.0,2,217000,买盘
13:15:00,1085.88,0.88,1,108588,买盘
13:15:04,1085.01,-0.87,2,217089,卖盘
13:15:07,1085.86,0.85,2,217172,中性盘
13:15:10,1085.87,0.01,2,217173,买盘
13:15:13,1085.89,0.02,14,1519093,买盘
13:15:16,1085.88,-0.01,5,542944,中性盘
13:15:18,1085.01,-0.87,4,434263,卖盘
13:15:22,1086.0,0.99,3,325778,买盘
13:15:25,1086.0,0.0,4,434400,买盘
13:15:28,1086.0,0.0,5,542999,买盘
13:15:31,1085.01,-0.99,9,977232,卖盘
13:15:34,1086.0,0.99,4,434303,买盘
13:15:37,1086.65,0.65,1,108665,中性盘
13:15:40,1086.0,-0.65,2,217264,卖盘
13:15:43,1086.65,0.65,1,108665,买盘
13:15:46,1086.65,0.0,2,217325,买盘
13:15:51,1086.65,0.0,1,108665,卖盘
13:15:55,1086.65,0.0,3,325997,卖盘
13:15:58,1086.65,0.0,1,108665,卖盘
13:16:01,1086.78,0.13,3,326008,买盘
13:16:03,1086.78,0.0,1,108678,买盘
13:16:07,1086.65,-0.13,1,108665,中性盘
13:16:10,1086.65,0.0,2,217330,买盘
13:16:13,1086.77,0.12,1,108677,买盘
13:16:28,1086.77,0.0,3,310806,买盘
13:16:31,1086.65,-0.12,3,326008,卖盘
13:16:33,1086.77,0.12,3,326020,中性盘
13:16:37,1086.78,0.01,2,217356,买盘
13:16:42,1086.77,-0.01,1,108677,买盘
13:16:46,1086.65,-0.12,2,285802,卖盘
13:16:49,1086.78,0.13,2,217356,买盘
13:16:55,1086.78,0.0,1,108678,卖盘
13:17:00,1086.78,0.0,8,869428,卖盘
13:17:04,1086.78,0.0,5,543394,卖盘
13:17:07,1086.79,0.01,20,2173566,买盘
13:17:10,1086.8,0.01,2,217360,买盘
13:17:13,1087.0,0.2,1,108700,买盘
13:17:16,1087.05,0.05,8,869585,买盘
13:17:19,1087.02,-0.03,14,1521996,卖盘
13:17:21,1087.0,-0.02,21,2282280,买盘
13:17:24,1087.45,0.45,6,652467,买盘
13:17:28,1087.12,-0.33,11,1195712,中性盘
13:17:31,1086.78,-0.34,15,1630178,卖盘
13:17:35,1086.78,0.0,4,434712,买盘
13:17:37,1087.11,0.33,1,108711,中性盘
13:17:40,1087.1,-0.01,1,108710,中性盘
13:17:42,1086.78,-0.32,3,303275,卖盘
13:17:46,1087.1,0.32,1,108710,买盘
13:17:48,1087.1,0.0,1,108710,买盘
13:17:52,1086.78,-0.32,3,348857,卖盘
13:17:55,1086.78,0.0,1,108678,买盘
13:17:58,1086.78,0.0,1,108678,买盘
13:18:01,1086.78,0.0,1,108678,买盘
13:18:03,1086.78,0.0,4,367150,买盘
13:18:07,1086.01,-0.77,4,434635,卖盘
13:18:10,1086.78,0.77,2,217279,买盘
13:18:13,1086.78,0.0,2,217279,买盘
13:18:16,1086.02,-0.76,2,217204,卖盘
13:18:19,1086.78,0.76,1,108678,买盘
13:18:28,1086.78,0.0,3,325882,买盘
13:18:31,1086.02,-0.76,2,217280,卖盘
13:18:34,1086.78,0.76,1,108678,买盘
13:18:40,1086.78,0.0,2,217281,买盘
13:18:43,1086.75,-0.03,3,325953,买盘
13:18:46,1086.02,-0.73,2,183538,卖盘
13:18:49,1086.75,0.73,2,217350,买盘
13:18:52,1086.75,0.0,1,108675,买盘
13:18:58,1086.02,-0.73,1,108602,卖盘
13:19:03,1086.02,0.0,2,217204,卖盘
13:19:07,1086.74,0.72,1,108674,买盘
13:19:10,1086.0,-0.74,4,434406,买盘
13:19:13,1086.7,0.7,19,2064657,买盘
13:19:16,1086.0,-0.7,7,760617,卖盘
13:19:19,1086.7,0.7,3,326010,买盘
13:19:21,1086.03,-0.67,2,217273,卖盘
13:19:25,1086.7,0.67,67,7280849,买盘
13:19:28,1086.78,0.08,12,1304106,买盘
13:19:31,1086.78,0.0,10,1086772,买盘
13:19:34,1086.78,0.0,5,543414,买盘
13:19:37,1086.78,0.0,3,326078,卖盘
13:19:40,1087.09,0.31,2,217411,买盘
13:19:43,1087.02,-0.07,3,326113,卖盘
13:19:46,1087.09,0.07,132,14447725,买盘
13:19:49,1089.99,2.9,8,871460,买盘
13:19:52,1089.99,0.0,1,108999,买盘
13:19:55,1087.09,-2.9,2,217418,卖盘
13:19:58,1087.09,0.0,2,217418,卖盘
13:20:03,1088.96,1.87,5,544293,买盘
13:20:07,1088.96,0.0,23,2504608,买盘
13:20:09,1088.96,0.0,19,2069024,卖盘
13:20:12,1088.96,0.0,22,2395718,卖盘
13:20:16,1088.96,0.0,2,217795,卖盘
13:20:19,1088.96,0.0,6,653382,卖盘
13:20:22,1088.99,0.03,13,1415687,买盘
13:20:25,1088.96,-0.03,14,1524559,卖盘
13:20:28,1088.96,0.0,4,435584,买盘
13:20:30,1087.11,-1.85,6,653191,卖盘
13:20:37,1088.93,1.82,2,217604,买盘
13:20:40,1087.11,-1.82,2,217422,买盘
13:20:43,1087.09,-0.02,3,332654,卖盘
13:20:45,1087.1,0.01,5,543553,中性盘
13:20:49,1087.1,0.0,1,108710,中性盘
13:20:52,1087.11,0.01,2,217459,中性盘
13:20:55,1087.48,0.37,1,108748,买盘
13:20:57,1087.48,0.0,4,434992,买盘
13:21:01,1087.48,0.0,12,1304976,买盘
13:21:04,1087.09,-0.39,6,652264,卖盘
13:21:07,1087.11,0.02,5,478312,中性盘
13:21:10,1086.7,-0.41,4,500006,买盘
13:21:13,1087.08,0.38,1,108693,卖盘
13:21:16,1086.5,-0.58,1,108650,卖盘
13:21:18,1087.11,0.61,1,108710,卖盘
13:21:22,1086.8,-0.31,1,108680,卖盘
13:21:25,1086.5,-0.3,2,185821,卖盘
13:21:34,1086.8,0.3,5,543390,买盘
13:21:40,1086.8,0.0,2,217360,买盘
13:21:43,1086.8,0.0,1,108680,买盘
13:21:46,1086.8,0.0,14,1521520,买盘
13:21:48,1086.7,-0.1,3,326010,卖盘
13:21:52,1086.8,0.1,1,108680,买盘
13:21:55,1086.7,-0.1,2,217340,卖盘
13:21:58,1086.03,-0.67,2,184690,卖盘
13:22:10,1086.78,0.11,1,108678,中性盘
13:22:13,1086.77,-0.01,1,108677,中性盘
13:22:16,1086.78,0.01,8,869423,买盘
13:22:28,1086.78,0.0,1,108678,卖盘
13:22:31,1086.79,0.01,2,217358,买盘
13:22:34,1086.78,-0.01,1,108678,卖盘
13:22:37,1086.78,0.0,8,869425,卖盘
13:22:40,1086.78,0.0,2,217356,买盘
13:22:43,1086.0,-0.78,1,162902,买盘
13:22:52,1086.01,0.01,25,2685684,买盘
13:22:55,1086.0,-0.01,1,108600,买盘
13:23:06,1085.99,-0.01,2,217189,买盘
13:23:09,1085.9,-0.09,2,217189,卖盘
13:23:16,1085.9,0.0,6,650499,卖盘
13:23:22,1085.9,0.0,1,109676,卖盘
13:23:25,1085.99,0.09,10,1085902,买盘
13:23:31,1085.8,-0.19,3,325740,卖盘
13:23:34,1085.7,-0.1,2,217150,中性盘
13:23:37,1085.64,-0.06,6,651524,卖盘
13:23:40,1085.56,-0.08,1,108556,卖盘
13:23:42,1085.01,-0.55,5,542565,卖盘
13:23:49,1085.35,0.34,3,314721,买盘
13:23:52,1085.35,0.0,2,217036,买盘
13:24:01,1085.35,0.0,3,325537,买盘
13:24:04,1085.0,-0.35,2,249586,卖盘
13:24:09,1085.01,0.01,4,434040,卖盘
13:24:13,1085.35,0.34,2,217070,买盘
13:24:18,1085.0,-0.35,3,325500,卖盘
13:24:21,1085.0,0.0,2,155155,卖盘
13:24:25,1085.35,0.35,1,108535,买盘
13:24:34,1085.0,-0.35,30,3255000,卖盘
13:24:46,1085.25,0.23,4,388450,中性盘
13:24:52,1085.3,0.05,1,163878,买盘
13:24:55,1085.3,0.0,1,108530,买盘
13:24:58,1085.1,-0.2,2,169284,买盘
13:25:01,1085.1,0.0,4,434068,卖盘
13:25:07,1085.07,-0.03,7,759531,买盘
13:25:10,1085.0,-0.07,4,434000,卖盘
13:25:12,1085.0,0.0,2,217000,卖盘
13:25:16,1085.0,0.0,4,431838,卖盘
13:25:19,1085.07,0.07,7,759543,买盘
13:25:25,1085.06,-0.01,6,651043,卖盘
13:25:30,1085.06,0.0,1,108506,买盘
13:25:34,1085.08,0.02,2,217016,买盘
13:25:37,1085.08,0.0,1,108508,买盘
13:25:43,1085.07,0.0,3,290801,买盘
13:25:51,1085.01,0.0,1,108501,卖盘
13:25:55,1085.01,0.0,1,62931,卖盘
13:25:58,1085.01,0.0,1,154071,买盘
13:26:01,1085.01,0.0,5,542505,买盘
13:26:04,1085.0,-0.01,1,108500,卖盘
13:26:07,1085.01,0.01,3,325501,买盘
13:26:10,1085.0,-0.01,7,693315,卖盘
13:26:13,1084.97,-0.03,4,433991,卖盘
13:26:19,1084.95,-0.02,1,108495,买盘
13:26:21,1084.88,-0.07,1,108488,卖盘
13:26:24,1084.8,-0.08,4,416579,卖盘
13:26:28,1084.95,0.15,1,108495,买盘
13:26:40,1084.8,-0.15,2,295081,卖盘
13:26:43,1084.95,0.15,3,303775,买盘
13:26:46,1084.95,0.0,3,325485,买盘
13:26:52,1084.95,0.0,2,216990,买盘
13:26:54,1084.81,-0.14,3,325458,卖盘
13:26:58,1084.8,-0.01,3,285305,卖盘
13:27:01,1084.81,0.01,2,216962,买盘
13:27:04,1084.81,0.0,6,629189,买盘
13:27:10,1084.81,0.0,2,216961,买盘
13:27:13,1084.7,-0.11,5,543475,卖盘
13:27:16,1084.66,-0.04,3,325406,卖盘
13:27:18,1084.66,0.0,1,108466,买盘
13:27:22,1084.61,-0.05,3,325388,卖盘
13:27:25,1084.59,-0.02,1,108459,卖盘
13:27:31,1084.6,0.02,3,325378,买盘
13:27:34,1084.6,0.0,1,108460,买盘
13:27:40,1084.58,-0.02,2,170280,卖盘
13:27:43,1084.6,0.02,2,216917,买盘
13:27:49,1084.6,0.0,8,867668,买盘
13:27:52,1084.59,-0.01,3,325377,卖盘
13:27:55,1084.6,0.01,1,108460,买盘
13:27:58,1084.6,0.0,1,108460,买盘
13:28:01,1084.5,-0.1,16,1735245,卖盘
13:28:04,1084.5,0.0,1,108450,买盘
13:28:07,1084.5,0.0,7,759150,买盘
13:28:13,1084.5,0.0,1,108450,买盘
13:28:19,1084.5,0.0,2,220149,买盘
13:28:22,1084.5,0.0,5,542235,买盘
13:28:25,1084.5,0.0,1,108450,买盘
13:28:28,1084.5,0.0,4,433790,买盘
13:28:31,1084.43,-0.07,12,1298083,卖盘
13:28:34,1084.42,-0.01,17,1843535,卖盘
13:28:37,1084.49,0.07,9,961902,买盘
13:28:43,1084.31,-0.18,7,789400,卖盘
13:28:46,1084.31,0.0,5,507469,买盘
13:28:48,1084.31,0.0,1,108431,卖盘
13:28:52,1084.3,-0.01,15,1626450,卖盘
13:28:55,1084.3,0.0,2,216861,卖盘
13:28:58,1084.31,0.01,62,6743263,买盘
13:29:01,1084.3,-0.01,4,433722,卖盘
13:29:04,1084.3,0.0,5,542152,卖盘
13:29:07,1084.31,0.01,2,216862,买盘
13:29:09,1084.2,-0.11,11,1224148,卖盘
13:29:13,1084.16,-0.04,12,1301036,卖盘
13:29:16,1084.2,0.04,11,1192616,买盘
13:29:19,1084.16,-0.04,2,227674,卖盘
13:29:22,1084.2,0.04,2,216840,买盘
13:29:28,1084.16,-0.04,8,832643,卖盘
13:29:30,1084.16,0.0,2,216829,买盘
13:29:37,1084.08,-0.08,4,433640,卖盘
13:29:39,1084.08,0.0,10,1084080,卖盘
13:29:46,1084.05,-0.03,2,216813,卖盘
13:29:49,1084.0,-0.05,11,1192404,卖盘
13:29:51,1084.02,0.02,7,758809,卖盘
13:29:54,1084.0,-0.02,19,2059600,卖盘
13:29:58,1084.02,0.02,1,108402,买盘
13:30:01,1084.0,-0.02,6,650404,卖盘
13:30:13,1084.0,0.08,3,325200,买盘
13:30:19,1083.92,-0.08,2,212450,卖盘
13:30:22,1084.0,0.08,5,499705,买盘
13:30:25,1083.94,-0.06,5,541982,卖盘
13:30:27,1084.0,0.06,3,325194,买盘
13:30:37,1083.95,-0.05,2,171268,中性盘
13:30:40,1084.08,0.13,51,5528523,买盘
13:30:45,1083.95,-0.13,1,108395,卖盘
13:30:49,1084.07,0.12,1,108407,买盘
13:30:52,1084.0,-0.07,5,542000,卖盘
13:30:55,1084.0,0.0,1,108400,卖盘
13:31:01,1084.0,0.0,1,108400,卖盘
13:31:03,1084.07,0.07,2,216815,中性盘
13:31:10,1084.0,-0.07,2,216800,卖盘
13:31:19,1084.07,0.07,3,325205,买盘
13:31:22,1084.0,-0.07,3,312206,卖盘
13:31:25,1084.07,0.07,3,325204,买盘
13:31:28,1084.07,0.0,2,216814,买盘
13:31:31,1084.0,-0.07,2,216800,中性盘
13:31:34,1084.0,0.0,6,650395,卖盘
13:31:37,1084.0,0.0,3,325197,买盘
13:31:40,1084.0,0.0,3,325196,买盘
13:31:43,1084.0,0.0,10,1084000,买盘
13:31:46,1084.0,0.0,7,758797,买盘
13:31:49,1084.0,0.0,10,1027622,买盘
13:31:52,1084.0,0.0,4,433597,买盘
13:31:55,1083.96,-0.04,2,276414,卖盘
13:31:57,1083.96,0.0,4,355545,卖盘
13:32:01,1084.0,0.04,5,541999,买盘
13:32:04,1084.0,0.0,1,108400,买盘
13:32:07,1083.96,-0.04,1,108396,卖盘
13:32:10,1084.0,0.04,2,216797,买盘
13:32:16,1083.95,-0.05,3,412991,卖盘
13:32:21,1083.99,0.04,5,541991,买盘
13:32:34,1084.0,0.01,1,108400,买盘
13:32:37,1084.0,0.0,2,192949,买盘
13:32:40,1084.0,0.0,1,108400,买盘
13:32:43,1083.96,-0.04,2,178857,买盘
13:32:46,1083.99,0.03,5,541995,买盘
13:32:49,1083.99,0.0,3,325197,买盘
13:32:52,1083.99,0.0,1,108399,买盘
13:32:55,1083.95,-0.04,10,1066616,卖盘
13:32:58,1083.95,0.0,1,108395,卖盘
13:33:01,1083.96,0.01,1,91053,中性盘
13:33:03,1083.99,0.03,1,108399,买盘
13:33:07,1083.99,0.0,3,325197,买盘
13:33:13,1083.95,-0.04,6,746845,卖盘
13:33:17,1083.95,0.0,1,108395,买盘
13:33:19,1083.95,0.0,5,541975,买盘
13:33:22,1083.95,0.0,2,216790,买盘
13:33:25,1083.95,0.0,2,216790,买盘
13:33:28,1083.99,0.04,11,1192350,买盘
13:33:31,1083.98,-0.01,1,108398,中性盘
13:33:34,1083.99,0.01,2,216798,买盘
13:33:36,1083.99,0.0,1,108399,买盘
13:33:40,1083.99,0.0,9,975587,卖盘
13:33:43,1083.99,0.0,1,108399,买盘
13:33:46,1084.04,0.05,9,975603,买盘
13:33:49,1083.95,-0.09,2,185359,卖盘
13:33:52,1084.04,0.09,4,433616,买盘
13:33:55,1083.99,-0.05,2,216798,卖盘
13:33:58,1083.99,0.0,1,108399,卖盘
13:34:01,1084.06,0.07,2,216809,买盘
13:34:04,1084.04,-0.02,12,1300866,中性盘
13:34:07,1083.99,-0.05,6,650411,卖盘
13:34:13,1084.08,0.09,18,1951313,买盘
13:34:19,1084.08,0.0,8,867263,买盘
13:34:22,1084.07,-0.01,5,542037,中性盘
13:34:24,1084.16,0.09,7,758861,买盘
13:34:28,1084.16,0.0,2,216832,买盘
13:34:31,1084.16,0.0,1,108416,买盘
13:34:34,1084.16,0.0,3,298144,卖盘
13:34:37,1084.3,0.14,8,867426,买盘
13:34:40,1084.33,0.03,17,1843337,买盘
13:34:43,1084.33,0.0,3,325285,买盘
13:34:46,1084.33,0.0,2,216866,中性盘
13:34:49,1084.49,0.16,4,433732,买盘
13:34:52,1084.49,0.0,2,216898,买盘
13:34:55,1084.49,0.0,16,1735184,买盘
13:34:58,1084.49,0.0,1,108449,中性盘
13:35:04,1084.49,0.0,1,135562,卖盘
13:35:07,1084.49,0.0,3,284152,卖盘
13:35:13,1084.54,0.05,8,867647,中性盘
13:35:15,1084.54,0.0,3,325357,买盘
13:35:18,1084.56,0.02,7,759191,中性盘
13:35:22,1084.9,0.34,10,1084654,买盘
13:35:28,1084.6,-0.3,6,650757,中性盘
13:35:31,1084.9,0.3,7,806051,买盘
13:35:36,1085.0,0.1,6,650999,买盘
13:35:43,1084.9,-0.1,18,1906253,卖盘
13:35:46,1084.72,-0.18,2,216944,买盘
13:35:49,1084.57,-0.15,8,874280,卖盘
13:35:52,1084.57,0.0,2,210406,买盘
13:35:55,1084.72,0.15,8,867775,卖盘
13:35:58,1084.56,-0.16,7,759221,卖盘
13:36:01,1084.72,0.16,1,108472,买盘
13:36:03,1084.72,0.0,18,1952452,买盘
13:36:07,1084.72,0.0,3,378553,买盘
13:36:09,1084.58,-0.14,3,325445,买盘
13:36:12,1084.9,0.32,1,108490,买盘
13:36:16,1084.72,-0.18,1,108472,卖盘
13:36:19,1084.9,0.18,2,216980,买盘
13:36:27,1085.0,0.1,7,759500,买盘
13:36:31,1085.0,0.0,2,216997,买盘
13:36:43,1084.78,-0.22,3,289680,中性盘
13:36:46,1085.01,0.23,9,976501,买盘
13:36:52,1085.01,0.0,1,108501,买盘
13:37:01,1085.01,0.0,1,108501,买盘
13:37:10,1084.78,-0.23,10,1104442,卖盘
13:37:12,1084.75,-0.03,6,673653,卖盘
13:37:16,1084.78,0.03,1,108478,中性盘
13:37:19,1084.79,0.01,2,216958,买盘
13:37:25,1084.79,0.0,1,108479,买盘
13:37:28,1084.79,0.0,6,650874,买盘
13:37:31,1084.79,0.0,2,216957,买盘
13:37:34,1084.79,0.0,4,433916,买盘
13:37:37,1084.79,0.0,10,1084790,买盘
13:37:40,1084.99,0.2,4,433984,买盘
13:37:45,1084.87,-0.12,2,216974,卖盘
13:37:49,1084.99,0.12,1,108499,买盘
13:38:04,1084.99,0.0,1,108499,买盘
13:38:07,1084.99,0.0,6,581538,买盘
13:38:10,1085.0,0.01,3,325498,买盘
13:38:13,1085.0,0.0,1,108500,买盘
13:38:16,1085.0,0.0,8,868000,买盘
13:38:19,1085.0,0.0,3,325500,买盘
13:38:22,1085.0,0.0,2,217000,买盘
13:38:25,1085.0,0.0,2,217000,买盘
13:38:27,1085.0,0.0,5,542499,买盘
13:38:31,1085.0,0.0,2,225679,买盘
13:38:34,1084.99,-0.01,17,1844483,卖盘
13:38:37,1085.0,0.01,1,108500,买盘
13:38:40,1084.99,-0.01,5,542499,卖盘
13:38:43,1084.99,0.0,7,759498,卖盘
13:38:49,1084.99,0.0,1,108499,卖盘
13:38:52,1085.0,0.01,1,108500,买盘
13:38:58,1084.99,-0.01,1,163833,卖盘
13:39:01,1085.01,0.02,4,434000,买盘
13:39:10,1085.08,0.07,51,5533727,买盘
13:39:13,1085.08,0.0,2,217009,买盘
13:39:15,1085.08,0.0,3,325524,买盘
13:39:24,1085.08,0.0,6,651046,买盘
13:39:28,1085.08,0.0,8,868064,买盘
13:39:30,1085.08,0.0,11,1193553,买盘
13:39:40,1085.08,0.0,1,108508,买盘
13:39:43,1085.08,0.0,2,217016,买盘
13:39:46,1085.08,0.0,2,217010,买盘
13:39:49,1085.08,0.0,1,108508,买盘
13:39:52,1085.08,0.0,1,108508,买盘
13:39:58,1085.08,0.0,10,1085080,买盘
13:40:01,1085.02,-0.06,1,108502,卖盘
13:40:04,1085.08,0.06,1,108508,买盘
13:40:07,1085.03,-0.05,2,217011,中性盘
13:40:15,1085.03,0.0,1,108503,中性盘
13:40:24,1085.08,0.05,7,759555,买盘
13:40:28,1085.1,0.02,6,651050,买盘
13:40:31,1085.1,0.0,9,976578,买盘
13:40:33,1085.1,0.0,3,325530,卖盘
13:40:36,1085.08,-0.02,1,130212,卖盘
13:40:43,1085.2,0.12,1,108520,买盘
13:40:46,1085.11,-0.09,1,72702,卖盘
13:40:48,1085.1,-0.01,3,325532,卖盘
13:40:55,1085.2,0.1,6,651116,买盘
13:41:01,1085.18,-0.02,6,651087,买盘
13:41:04,1085.11,-0.07,2,217029,卖盘
13:41:07,1085.18,0.07,2,217036,买盘
13:41:10,1085.2,0.02,2,217040,买盘
13:41:13,1085.25,0.05,23,2495983,买盘
13:41:16,1085.25,0.0,1,108525,买盘
13:41:19,1085.1,-0.15,9,999428,卖盘
13:41:25,1085.18,0.08,2,217036,买盘
13:41:34,1085.18,0.0,1,108518,买盘
13:41:37,1085.15,-0.03,1,58598,卖盘
13:41:39,1085.18,0.03,1,108518,买盘
13:41:42,1085.18,0.0,9,976656,买盘
13:41:46,1085.19,0.01,3,325552,中性盘
13:41:49,1085.12,-0.07,2,217028,卖盘
13:41:52,1085.15,0.03,2,217030,买盘
13:41:55,1085.11,-0.04,8,918024,卖盘
13:41:57,1085.11,0.0,1,108511,买盘
13:42:00,1085.11,0.0,2,217022,买盘
13:42:04,1085.11,0.0,1,108511,买盘
13:42:07,1085.11,0.0,1,108511,买盘
13:42:10,1085.1,-0.01,5,519764,卖盘
13:42:12,1085.08,-0.02,4,449229,卖盘
13:42:16,1085.08,0.0,1,108508,买盘
13:42:19,1085.08,0.0,1,93317,买盘
13:42:21,1085.07,-0.01,1,84635,卖盘
13:42:28,1085.0,-0.07,11,1193500,卖盘
13:42:31,1084.99,-0.01,6,586982,卖盘
13:42:37,1084.87,0.0,3,320049,卖盘
13:42:43,1084.85,-0.02,3,325459,卖盘
13:42:46,1084.85,0.0,12,1248563,中性盘
13:42:55,1084.85,0.29,1,108485,买盘
13:42:57,1084.84,-0.01,2,216969,卖盘
13:43:01,1084.84,0.0,1,145369,中性盘
13:43:03,1084.84,0.0,1,71599,买盘
13:43:07,1084.85,0.01,26,2820609,买盘
13:43:13,1084.84,-0.01,1,108484,买盘
13:43:15,1084.85,0.01,10,1066405,买盘
13:43:22,1084.85,0.0,2,216970,卖盘
13:43:24,1084.85,0.0,2,216970,卖盘
13:43:27,1084.85,0.0,4,433940,卖盘
13:43:31,1084.85,0.0,6,650912,卖盘
13:43:34,1084.87,0.02,2,216971,买盘
13:43:37,1084.87,0.0,14,1570828,买盘
13:43:43,1084.88,0.01,2,216976,卖盘
13:43:46,1084.88,0.0,4,433952,卖盘
13:43:52,1084.56,-0.32,50,5372275,卖盘
13:43:55,1084.84,0.28,5,540194,买盘
13:44:00,1084.5,-0.34,1,108450,卖盘
13:44:07,1084.51,0.01,14,1563125,中性盘
13:44:10,1084.51,0.0,4,433867,卖盘
13:44:13,1084.51,0.0,3,266789,买盘
13:44:15,1084.84,0.33,1,108484,买盘
13:44:21,1084.5,-0.34,5,542250,卖盘
13:44:24,1084.55,0.05,1,108455,买盘
13:44:27,1084.55,0.0,2,216910,买盘
13:44:31,1084.5,-0.05,2,231003,卖盘
13:44:37,1084.38,-0.12,2,216876,卖盘
13:44:40,1084.38,0.0,1,108438,卖盘
13:44:43,1084.55,0.17,9,976057,买盘
13:44:52,1084.5,-0.05,2,216900,买盘
13:44:55,1084.19,-0.31,4,433734,卖盘
13:44:57,1084.38,0.19,1,108438,买盘
13:45:01,1084.19,-0.19,2,216838,卖盘
13:45:04,1084.5,0.31,1,108450,买盘
13:45:07,1084.19,-0.31,7,758933,卖盘
13:45:18,1084.1,-0.09,2,271025,卖盘
13:45:22,1084.5,0.4,3,325350,买盘
13:45:28,1084.1,-0.4,2,117084,卖盘
13:45:31,1084.1,0.0,1,108410,卖盘
13:45:37,1084.13,0.03,2,216826,卖盘
13:45:39,1084.13,0.0,1,117086,卖盘
13:45:46,1084.13,0.0,13,1401045,卖盘
13:45:49,1084.47,0.34,2,225567,卖盘
13:45:52,1084.5,0.03,11,1192950,买盘
13:45:54,1084.47,-0.03,10,1084497,卖盘
13:46:04,1084.47,0.0,5,542235,卖盘
13:46:07,1084.5,0.03,2,216899,买盘
13:46:13,1084.5,0.0,1,108450,买盘
13:46:19,1084.48,-0.02,1,108448,中性盘
13:46:21,1084.47,-0.01,6,650645,卖盘
13:46:28,1084.47,0.0,3,325273,买盘
13:46:33,1084.47,0.34,1,108447,买盘
13:46:36,1084.47,0.0,1,108447,买盘
13:46:40,1084.12,-0.35,2,216824,卖盘
13:46:43,1084.13,0.01,2,145274,中性盘
13:46:46,1084.12,-0.01,2,216826,买盘
13:46:49,1084.12,0.0,1,108412,卖盘
13:46:55,1084.12,0.0,15,1697733,卖盘
13:46:58,1084.11,-0.01,1,83477,卖盘
13:47:00,1084.12,0.01,3,325235,买盘
13:47:04,1084.11,-0.01,2,169122,卖盘
13:47:07,1084.1,-0.01,3,325235,买盘
13:47:10,1084.1,0.0,15,1626448,卖盘
13:47:16,1084.11,0.01,4,433643,买盘
13:47:19,1084.11,0.0,13,1409349,买盘
13:47:22,1084.12,0.01,7,758874,买盘
13:47:25,1084.12,0.0,13,1409356,买盘
13:47:28,1084.12,0.0,5,542060,卖盘
13:47:31,1084.12,0.0,1,108412,卖盘
13:47:34,1084.0,-0.12,56,6072886,卖盘
13:47:37,1084.45,0.45,39,4227645,买盘
13:47:43,1084.13,-0.32,1,108413,卖盘
13:47:46,1084.13,0.0,2,198425,卖盘
13:47:49,1084.45,0.32,11,1192857,买盘
13:47:51,1084.13,-0.32,2,235256,卖盘
13:47:55,1084.13,0.0,4,415222,买盘
13:47:58,1084.45,0.32,2,216887,买盘
13:48:01,1084.45,0.0,2,216890,买盘
13:48:10,1084.45,0.0,3,325335,买盘
13:48:12,1084.42,-0.03,1,108442,卖盘
13:48:19,1084.42,0.0,1,124709,卖盘
13:48:22,1084.42,0.0,1,108442,卖盘
13:48:25,1084.45,0.03,1,108445,买盘
13:48:28,1084.45,0.0,2,303643,买盘
13:48:31,1084.42,-0.03,3,222306,卖盘
13:48:34,1084.08,-0.34,13,1503676,卖盘
13:48:37,1084.42,0.34,1,108442,买盘
13:48:40,1084.0,-0.42,19,2000074,卖盘
13:48:43,1084.15,0.15,1,108415,卖盘
13:48:46,1084.42,0.27,2,216884,买盘
13:48:52,1084.15,-0.27,16,1734655,卖盘
13:48:55,1084.42,0.27,8,867473,买盘
13:49:00,1084.4,-0.02,1,108440,中性盘
13:49:04,1084.15,-0.25,6,650460,卖盘
13:49:07,1084.0,-0.15,11,1174002,卖盘
13:49:10,1083.99,-0.01,2,216798,卖盘
13:49:13,1083.99,0.0,3,365306,卖盘
13:49:16,1083.99,0.0,2,216799,卖盘
13:49:18,1084.01,0.02,4,452031,买盘
13:49:22,1084.15,0.14,6,650416,买盘
13:49:28,1084.15,0.0,1,108415,买盘
13:49:30,1084.02,-0.13,1,108402,卖盘
13:49:34,1084.01,-0.01,3,325203,卖盘
13:49:37,1084.01,0.0,18,1951397,买盘
13:49:42,1084.0,-0.01,19,2041172,卖盘
13:49:46,1084.0,0.0,2,216800,买盘
13:49:49,1084.0,0.0,2,216800,买盘
13:49:57,1084.0,0.0,5,542000,买盘
13:50:00,1084.0,0.0,1,108400,买盘
13:50:04,1084.0,0.0,14,1517600,买盘
13:50:07,1084.0,0.0,5,542000,买盘
13:50:10,1084.0,0.0,1,108400,买盘
13:50:13,1084.0,0.0,9,994028,买盘
13:50:19,1084.01,0.01,3,325203,买盘
13:50:22,1084.15,0.14,7,758905,买盘
13:50:25,1084.4,0.25,3,325295,买盘
13:50:28,1084.04,-0.36,6,650493,卖盘
13:50:31,1084.4,0.36,5,542200,买盘
13:50:33,1084.4,0.0,1,108440,买盘
13:50:36,1084.4,0.0,3,325320,买盘
13:50:40,1084.4,0.0,1,108440,买盘
13:50:43,1084.42,0.02,2,216882,买盘
13:50:46,1084.4,-0.02,1,108440,卖盘
13:50:55,1084.4,0.0,16,1735040,卖盘
13:50:58,1084.4,0.0,2,216880,买盘
13:51:01,1084.4,0.0,1,108440,买盘
13:51:04,1084.4,0.0,13,1374994,买盘
13:51:07,1084.06,-0.34,8,867486,卖盘
13:51:12,1084.14,0.08,6,638543,买盘
13:51:19,1084.06,-0.08,8,879167,买盘
13:51:22,1084.0,-0.06,60,6538733,卖盘
13:51:24,1084.0,0.0,5,509481,卖盘
13:51:28,1084.01,0.01,3,356639,买盘
13:51:31,1083.99,-0.02,1,108399,买盘
13:51:34,1084.01,0.02,1,108401,买盘
13:51:37,1083.99,-0.02,5,541996,卖盘
13:51:43,1084.0,0.01,2,216801,中性盘
13:51:45,1083.9,-0.1,27,2919063,卖盘
13:51:49,1084.0,0.1,7,758737,中性盘
13:51:52,1083.84,-0.16,6,650332,卖盘
13:51:54,1083.76,-0.08,25,2709476,卖盘
13:51:57,1083.77,0.01,2,216750,买盘
13:52:01,1083.76,-0.01,1,108376,卖盘
13:52:04,1083.5,-0.26,19,2058874,卖盘
13:52:07,1083.7,0.2,8,866954,买盘
13:52:10,1083.7,0.0,5,541864,中性盘
13:52:13,1083.5,-0.2,4,420424,卖盘
13:52:16,1083.5,0.0,8,866810,卖盘
13:52:19,1083.5,0.0,15,1656702,卖盘
13:52:21,1083.52,0.02,6,650130,中性盘
13:52:25,1083.67,0.15,4,433425,买盘
13:52:27,1083.51,-0.16,2,216702,卖盘
13:52:30,1083.59,0.08,3,325085,卖盘
13:52:37,1083.51,-0.08,2,216703,卖盘
13:52:40,1083.66,0.15,1,108366,买盘
13:52:43,1083.66,0.0,4,437787,买盘
13:52:52,1083.66,0.0,3,325097,买盘
13:52:55,1083.66,0.0,6,650195,买盘
13:52:58,1083.59,-0.07,4,433450,卖盘
13:53:01,1083.59,0.0,1,108359,卖盘
13:53:04,1083.66,0.07,3,325090,买盘
13:53:07,1083.66,0.0,10,1083657,买盘
13:53:10,1083.6,-0.06,2,216720,中性盘
13:53:13,1083.5,-0.1,140,15146715,卖盘
13:53:16,1083.5,0.0,6,650087,买盘
13:53:19,1083.42,-0.08,4,444221,卖盘
13:53:21,1083.42,0.0,1,108342,卖盘
13:53:25,1083.47,0.05,13,1397700,买盘
13:53:28,1083.47,0.0,2,216689,买盘
13:53:31,1083.47,0.0,3,325036,买盘
13:53:37,1083.49,0.02,6,660922,买盘
13:53:40,1083.47,-0.02,4,433396,卖盘
13:53:42,1083.41,-0.06,8,855929,卖盘
13:53:46,1083.41,0.0,2,216682,卖盘
13:53:49,1083.47,0.06,1,108347,买盘
13:53:52,1083.5,0.03,46,4984092,卖盘
13:53:55,1083.5,0.0,3,325044,买盘
13:53:58,1083.43,-0.07,26,2816881,中性盘
13:54:01,1083.34,-0.09,36,3900261,卖盘
13:54:08,1083.41,0.07,1,108341,中性盘
13:54:13,1083.3,-0.11,16,1758200,卖盘
13:54:16,1083.3,0.0,2,216658,买盘
13:54:19,1083.3,0.0,1,108330,买盘
13:54:22,1083.3,0.0,3,324987,买盘
13:54:25,1083.3,0.0,1,108330,买盘
13:54:27,1083.27,-0.03,9,903468,卖盘
13:54:31,1083.3,0.03,13,1408281,买盘
13:54:34,1083.3,0.0,22,2452531,买盘
13:54:37,1083.27,-0.03,4,433315,买盘
13:54:46,1083.3,0.03,2,216660,买盘
13:54:49,1083.27,-0.03,2,216654,卖盘
13:54:52,1083.23,-0.04,10,1085433,卖盘
13:54:58,1083.27,0.04,1,108327,买盘
13:55:01,1083.22,-0.05,7,738766,卖盘
13:55:04,1083.27,0.05,2,214487,卖盘
13:55:07,1083.22,-0.05,10,1104911,卖盘
13:55:10,1083.22,0.0,5,519946,买盘
13:55:13,1083.3,0.08,12,1321626,卖盘
13:55:16,1083.31,0.01,1,108331,卖盘
13:55:19,1083.22,-0.09,1,72575,卖盘
13:55:22,1083.22,0.0,6,649946,卖盘
13:55:25,1083.31,0.09,2,171159,买盘
13:55:31,1083.22,-0.09,3,324967,买盘
13:55:34,1083.23,0.01,2,206904,买盘
13:55:37,1083.31,0.08,2,216661,买盘
13:55:40,1083.3,-0.01,3,324990,卖盘
13:55:43,1083.3,0.0,8,866640,买盘
13:55:46,1083.3,0.0,3,324983,买盘
13:55:49,1083.3,0.0,53,5741511,买盘
13:55:52,1083.3,0.0,2,216653,中性盘
13:55:55,1083.47,0.17,16,1733312,买盘
13:55:58,1083.31,-0.16,6,650020,卖盘
13:56:01,1083.47,0.16,1,108347,买盘
13:56:07,1083.63,0.16,1,108363,买盘
13:56:13,1083.4,-0.07,1,75838,卖盘
13:56:16,1083.63,0.23,10,1083446,买盘
13:56:22,1083.63,0.0,4,433452,买盘
13:56:28,1083.67,0.04,2,216730,买盘
13:56:34,1083.67,0.0,2,216734,买盘
13:56:37,1083.67,0.0,6,650211,卖盘
13:56:40,1083.7,0.03,2,275255,买盘
13:56:43,1083.7,0.0,1,108370,买盘
13:56:46,1083.7,0.0,2,216740,买盘
13:56:49,1083.85,0.15,3,325122,买盘
13:56:52,1083.7,-0.15,5,541850,卖盘
13:56:55,1083.85,0.15,3,325122,买盘
13:57:01,1083.85,0.0,2,216770,买盘
13:57:04,1083.85,0.0,2,216770,买盘
13:57:07,1083.85,0.0,1,108385,中性盘
13:57:13,1083.85,0.0,4,433540,买盘
13:57:16,1083.85,0.0,1,108385,买盘
13:57:19,1083.85,0.0,2,216755,买盘
13:57:22,1083.7,-0.15,3,325125,卖盘
13:57:25,1083.85,0.15,1,108385,买盘
13:57:31,1084.0,0.15,39,4227215,买盘
13:57:34,1083.9,-0.1,7,758703,买盘
13:57:37,1083.9,0.0,1,108390,买盘
13:57:40,1083.9,0.0,3,325172,卖盘
13:57:44,1083.9,0.0,3,325170,买盘
13:57:49,1083.85,-0.05,4,433550,卖盘
13:57:52,1083.99,0.14,11,1192371,买盘
13:57:58,1083.99,0.0,9,975591,买盘
13:58:01,1083.99,0.0,3,325197,卖盘
