time,price,change,volume,amount,type
09:25:05,1111.46,-6.54,342,38011932,卖盘
09:30:00,1111.0,-0.46,94,10447541,卖盘
09:30:03,1111.44,0.44,150,16664295,买盘
09:30:06,1111.46,0.02,138,15373124,卖盘
09:30:09,1112.73,1.27,39,4336873,中性盘
09:30:12,1114.0,1.27,7,779501,买盘
09:30:14,1114.0,0.0,44,4904012,买盘
09:30:18,1114.89,0.89,9,1003535,买盘
09:30:21,1115.33,0.44,3,334422,买盘
09:30:24,1112.0,-3.33,15,1671748,卖盘
09:30:27,1111.8,-0.2,12,1335160,卖盘
09:30:30,1115.33,3.53,8,891333,买盘
09:30:33,1115.0,-0.33,9,1003738,卖盘
09:30:36,1115.66,0.66,30,3346952,卖盘
09:30:39,1116.08,0.42,61,6806722,买盘
09:30:41,1116.0,-0.08,53,5915157,中性盘
09:30:44,1116.93,0.93,11,1227633,中性盘
09:30:48,1115.13,-1.8,39,4390849,卖盘
09:30:51,1117.99,2.86,74,8265938,买盘
09:30:52,1117.0,-0.99,17,1898833,卖盘
09:30:56,1117.0,0.0,8,894047,卖盘
09:31:00,1117.99,0.99,37,4137145,买盘
09:31:03,1117.99,0.0,21,2348351,中性盘
09:31:07,1117.98,-0.01,14,1565255,卖盘
09:31:09,1118.0,0.02,26,2906442,买盘
09:31:12,1118.0,0.0,28,3130378,卖盘
09:31:15,1118.63,0.63,50,5591489,买盘
09:31:18,1118.6,-0.03,12,1342553,卖盘
09:31:21,1119.0,0.4,17,1902288,买盘
09:31:24,1119.22,0.22,21,2349879,买盘
09:31:27,1118.87,-0.35,9,1007085,卖盘
09:31:30,1119.04,0.17,11,1230872,买盘
09:31:33,1118.83,-0.21,16,1790303,卖盘
09:31:36,1118.6,-0.23,44,4922640,卖盘
09:31:39,1118.6,0.0,4,447482,卖盘
09:31:42,1118.66,0.06,22,2461173,中性盘
09:31:45,1118.6,-0.06,35,3915124,卖盘
09:31:48,1118.87,0.27,87,9732021,买盘
09:31:51,1118.9,0.03,26,2909148,卖盘
09:31:54,1118.92,0.02,33,3692486,买盘
09:31:57,1118.92,0.0,12,1365064,买盘
09:32:00,1118.91,-0.01,25,2797252,买盘
09:32:02,1118.96,0.05,13,1454603,买盘
09:32:06,1118.94,-0.02,3,335680,中性盘
09:32:09,1118.9,-0.04,14,1566468,卖盘
09:32:12,1118.95,0.05,14,1566514,买盘
09:32:15,1118.9,-0.05,16,1790285,卖盘
09:32:18,1119.27,0.37,59,6602161,买盘
09:32:20,1119.0,-0.27,23,2573894,卖盘
09:32:24,1119.0,0.0,17,1902444,卖盘
09:32:26,1119.27,0.27,2,223863,中性盘
09:32:30,1119.0,-0.27,4,447663,卖盘
09:32:33,1119.27,0.27,9,1007238,买盘
09:32:36,1119.27,0.0,11,1231572,买盘
09:32:39,1119.5,0.23,27,3022834,买盘
09:32:41,1119.5,0.0,10,1119518,卖盘
09:32:44,1119.79,0.29,8,895811,买盘
09:32:47,1119.88,0.09,17,1903692,买盘
09:32:51,1119.68,-0.2,5,559920,中性盘
09:32:54,1119.6,-0.08,13,1455842,卖盘
09:32:57,1119.5,-0.1,10,1119571,卖盘
09:33:00,1119.5,0.0,15,1679401,卖盘
09:33:02,1120.0,0.5,7,783898,买盘
09:33:06,1119.68,-0.32,7,783845,卖盘
09:33:09,1119.99,0.31,9,1007863,买盘
09:33:12,1119.6,-0.39,19,2127450,卖盘
09:33:15,1119.6,0.0,36,4031593,买盘
09:33:18,1119.8,0.2,9,1007921,中性盘
09:33:21,1119.9,0.1,8,895816,买盘
09:33:24,1119.98,0.08,5,559978,买盘
09:33:27,1119.94,-0.04,4,447971,卖盘
09:33:30,1119.93,-0.01,10,1119904,中性盘
09:33:33,1119.99,0.06,10,1119964,买盘
09:33:36,1119.9,-0.09,15,1679922,卖盘
09:33:39,1119.93,0.03,9,1007922,卖盘
09:33:42,1120.02,0.09,19,2114528,买盘
09:33:44,1119.93,-0.09,8,895965,卖盘
09:33:48,1119.9,-0.03,13,1455921,卖盘
09:33:50,1119.99,0.09,7,783994,买盘
09:33:54,1119.94,-0.05,16,1792619,中性盘
09:33:57,1119.91,-0.03,1,111991,卖盘
09:34:00,1119.91,0.0,6,671948,卖盘
09:34:03,1119.99,0.08,8,895961,买盘
09:34:06,1119.94,-0.05,4,447976,卖盘
09:34:09,1120.0,0.06,36,4031775,买盘
09:34:12,1120.0,0.0,5,559979,买盘
09:34:15,1119.98,-0.02,7,783987,中性盘
09:34:18,1120.0,0.02,3,336000,买盘
09:34:21,1120.0,0.0,3,336000,卖盘
09:34:24,1120.0,0.0,2,246400,卖盘
09:34:27,1120.01,0.01,7,784004,买盘
09:34:30,1120.0,-0.01,8,896006,卖盘
09:34:33,1120.2,0.2,14,1568048,买盘
09:34:36,1120.0,-0.2,6,672003,卖盘
09:34:39,1120.01,0.01,2,224002,买盘
09:34:42,1121.7,1.69,38,4258592,买盘
09:34:45,1120.01,-1.69,10,1120600,卖盘
09:34:48,1121.66,1.65,18,2018948,中性盘
09:34:51,1120.2,-1.46,16,1792456,卖盘
09:34:54,1121.66,1.46,18,2018788,买盘
09:34:57,1121.66,0.0,5,560912,卖盘
09:35:00,1121.85,0.19,15,1682317,中性盘
09:35:03,1121.66,-0.19,18,2019156,卖盘
09:35:06,1121.66,0.0,31,3477575,中性盘
09:35:09,1120.3,-1.36,12,1344888,卖盘
09:35:12,1120.99,0.69,22,2467585,买盘
09:35:15,1120.98,-0.01,12,1345176,买盘
09:35:18,1121.03,0.05,3,336363,卖盘
09:35:21,1120.71,-0.32,7,784552,卖盘
09:35:24,1121.3,0.59,9,1008789,买盘
09:35:27,1121.57,0.27,22,2466001,买盘
09:35:29,1121.57,0.0,3,336288,买盘
09:35:33,1120.71,-0.86,3,336328,卖盘
09:35:36,1120.71,0.0,8,896883,卖盘
09:35:38,1120.98,0.27,18,2018027,中性盘
09:35:42,1121.7,0.72,53,5901316,买盘
09:35:45,1121.8,0.1,26,2916606,买盘
09:35:48,1121.76,-0.04,12,1346116,卖盘
09:35:51,1121.7,-0.06,15,1682731,卖盘
09:35:54,1121.8,0.1,17,1907102,买盘
09:35:57,1122.33,0.53,119,13385430,买盘
09:36:00,1122.66,0.33,6,673496,买盘
09:36:03,1122.66,0.0,19,2132923,卖盘
09:36:06,1122.75,0.09,19,2133024,买盘
09:36:09,1122.75,0.0,7,785925,卖盘
09:36:12,1123.04,0.29,45,5052877,买盘
09:36:15,1123.0,-0.04,60,6738112,卖盘
09:36:18,1123.41,0.41,18,2022146,中性盘
09:36:20,1123.0,-0.41,27,3033307,卖盘
09:36:24,1122.99,-0.01,36,4043268,卖盘
09:36:27,1123.49,0.5,18,2022298,中性盘
09:36:30,1123.04,-0.45,31,3482545,卖盘
09:36:33,1123.0,-0.04,10,1123033,卖盘
09:36:35,1123.36,0.36,13,1459951,买盘
09:36:39,1122.99,-0.37,60,6737941,卖盘
09:36:41,1122.68,-0.31,16,1796668,卖盘
09:36:45,1122.44,-0.24,9,1010361,卖盘
09:36:48,1122.79,0.35,33,3704132,买盘
09:36:51,1122.11,-0.68,13,1458897,卖盘
09:36:54,1122.0,-0.11,50,5610932,卖盘
09:36:56,1122.5,0.5,9,1010115,买盘
09:37:00,1122.5,0.0,10,1122500,卖盘
09:37:03,1122.5,0.0,21,2357299,卖盘
09:37:06,1122.5,0.0,9,976605,卖盘
09:37:09,1122.49,-0.01,9,1010170,中性盘
09:37:12,1122.5,0.01,40,4490391,买盘
09:37:15,1122.6,0.1,12,1347000,中性盘
09:37:18,1122.6,0.0,11,1234931,卖盘
09:37:22,1121.7,-0.9,78,8751143,卖盘
09:37:24,1122.49,0.79,4,448899,买盘
09:37:27,1121.7,-0.79,17,1949705,卖盘
09:37:30,1121.37,-0.33,2,224337,卖盘
09:37:33,1122.4,1.03,14,1570689,买盘
09:37:36,1121.93,-0.47,3,336533,中性盘
09:37:39,1121.91,-0.02,6,673091,中性盘
09:37:42,1121.8,-0.11,6,672920,买盘
09:37:45,1121.8,0.0,12,1345987,买盘
09:37:48,1121.0,-0.8,2,224272,卖盘
09:37:52,1121.0,0.0,4,448400,买盘
09:37:54,1122.22,1.22,19,2131078,买盘
09:37:57,1121.01,-1.21,13,1457567,中性盘
09:38:00,1121.1,0.09,6,672582,中性盘
09:38:03,1121.8,0.7,17,1907059,买盘
09:38:05,1121.32,-0.48,18,2017716,卖盘
09:38:09,1120.02,-1.3,3,336006,中性盘
09:38:12,1122.39,2.37,22,2468586,买盘
09:38:15,1122.2,-0.19,7,785540,卖盘
09:38:19,1122.2,0.0,14,1571337,卖盘
09:38:22,1122.2,0.0,11,1234439,卖盘
09:38:24,1122.39,0.19,4,448940,中性盘
09:38:27,1122.4,0.01,18,2020326,中性盘
09:38:30,1122.4,0.0,6,673380,买盘
09:38:33,1122.2,-0.2,3,336680,卖盘
09:38:36,1122.4,0.2,1,112240,卖盘
09:38:40,1122.5,0.1,5,561250,买盘
09:38:42,1122.5,0.0,4,449000,卖盘
09:38:46,1122.5,0.0,10,1122500,卖盘
09:38:48,1122.5,0.0,14,1571545,卖盘
09:38:52,1122.41,-0.09,4,448992,卖盘
09:38:54,1122.49,0.08,22,2469364,买盘
09:38:58,1122.5,0.01,18,2020456,买盘
09:39:00,1122.48,-0.02,1,112248,中性盘
09:39:03,1122.5,0.02,4,448999,买盘
09:39:05,1122.5,0.0,7,754298,买盘
09:39:10,1122.5,0.0,2,224500,卖盘
09:39:11,1122.72,0.22,6,673534,买盘
09:39:15,1122.55,-0.17,6,673530,卖盘
09:39:18,1122.72,0.17,2,224527,买盘
09:39:21,1122.55,-0.17,5,561292,卖盘
09:39:24,1122.55,0.0,15,1683862,卖盘
09:39:27,1122.55,0.0,2,224510,买盘
09:39:30,1122.49,-0.06,2,224498,买盘
09:39:33,1122.51,0.02,5,561251,买盘
09:39:37,1122.4,-0.11,5,592650,买盘
09:39:39,1122.25,-0.15,18,2020050,卖盘
09:39:43,1122.21,-0.04,4,448887,卖盘
09:39:45,1122.25,0.04,8,897776,买盘
09:39:48,1122.2,-0.05,13,1458862,卖盘
09:39:52,1122.0,-0.2,26,2916498,卖盘
09:39:54,1121.0,-1.0,4,448700,卖盘
09:39:57,1121.0,0.0,3,336399,中性盘
09:40:00,1120.52,-0.48,3,336156,卖盘
09:40:03,1120.52,0.0,1,112052,买盘
09:40:06,1120.13,-0.39,18,2017471,卖盘
09:40:09,1122.0,1.87,2,224399,买盘
09:40:12,1122.25,0.25,44,4936479,买盘
09:40:15,1121.0,-1.25,18,2017905,卖盘
09:40:19,1120.52,-0.48,2,224104,中性盘
09:40:22,1120.0,-0.52,2,224001,卖盘
09:40:24,1120.52,0.52,8,896062,买盘
09:40:27,1120.05,-0.47,7,784071,卖盘
09:40:30,1120.5,0.45,8,896167,买盘
09:40:33,1120.05,-0.45,22,2464331,卖盘
09:40:36,1120.52,0.47,3,336110,买盘
09:40:40,1120.06,-0.46,2,224052,卖盘
09:40:43,1120.06,0.0,9,1008095,卖盘
09:40:46,1120.07,0.01,3,336061,卖盘
09:40:48,1120.08,0.01,2,224015,中性盘
09:40:52,1121.87,1.79,16,1793597,买盘
09:40:54,1121.0,-0.87,15,1681500,卖盘
09:40:57,1121.0,0.0,9,1008900,卖盘
09:41:00,1121.0,0.0,10,1121087,卖盘
09:41:03,1121.01,0.01,8,897235,中性盘
09:41:07,1121.0,-0.01,14,1569574,卖盘
09:41:09,1121.0,0.0,5,560759,卖盘
09:41:12,1121.0,0.0,5,560587,卖盘
09:41:16,1120.9,-0.1,10,1121057,卖盘
09:41:18,1121.0,0.1,5,560490,买盘
09:41:22,1121.78,0.78,5,560890,中性盘
09:41:25,1121.8,0.02,5,560820,卖盘
09:41:27,1121.0,-0.8,1,112100,卖盘
09:41:34,1121.0,0.0,8,896881,卖盘
09:41:37,1121.0,0.0,11,1233041,买盘
09:41:39,1120.42,-0.58,4,448328,卖盘
09:41:42,1120.42,0.0,3,336170,中性盘
09:41:45,1121.0,0.58,6,672545,买盘
09:41:49,1120.43,-0.57,3,336172,卖盘
09:41:52,1120.42,-0.01,1,112042,卖盘
09:41:54,1120.37,-0.05,2,224074,买盘
09:41:58,1120.43,0.06,3,336096,买盘
09:42:00,1120.09,-0.34,1,112009,卖盘
09:42:06,1120.43,0.34,7,784235,买盘
09:42:09,1120.42,-0.01,8,896163,中性盘
09:42:13,1120.09,-0.33,3,336025,买盘
09:42:15,1120.06,-0.03,4,448027,卖盘
09:42:18,1120.01,-0.05,44,4928133,卖盘
09:42:21,1119.9,-0.11,80,8937566,卖盘
09:42:24,1119.36,-0.54,18,2015333,卖盘
09:42:27,1119.8,0.44,22,2462724,买盘
09:42:30,1119.28,-0.52,6,671473,中性盘
09:42:33,1119.01,-0.27,6,671403,卖盘
09:42:36,1119.0,-0.01,19,2126140,卖盘
09:42:39,1118.95,-0.05,24,2685532,卖盘
09:42:43,1119.01,0.06,13,1454569,买盘
09:42:45,1118.0,-1.01,18,2012400,卖盘
09:42:48,1117.98,-0.02,9,1006281,卖盘
09:42:52,1117.02,-0.96,8,894284,卖盘
09:42:54,1117.02,0.0,5,558892,卖盘
09:42:57,1117.0,-0.02,1,111700,卖盘
09:43:00,1116.12,-0.88,4,446678,卖盘
09:43:03,1116.03,-0.09,7,781334,卖盘
09:43:07,1116.05,0.02,5,558023,买盘
09:43:09,1117.0,0.95,15,1674369,买盘
09:43:13,1116.05,-0.95,29,3240983,卖盘
09:43:16,1116.99,0.94,6,670004,中性盘
09:43:18,1116.99,0.0,5,558407,买盘
09:43:21,1116.99,0.0,4,446797,卖盘
09:43:24,1116.05,-0.94,7,781581,卖盘
09:43:27,1117.0,0.95,6,670337,中性盘
09:43:31,1117.99,0.99,6,670717,中性盘
09:43:34,1117.0,-0.99,6,670223,卖盘
09:43:37,1117.0,0.0,26,2904717,卖盘
09:43:40,1116.95,-0.05,7,781940,卖盘
09:43:42,1116.4,-0.55,5,558435,卖盘
09:43:45,1116.99,0.59,8,893462,买盘
09:43:48,1116.4,-0.59,2,223335,中性盘
09:43:52,1116.4,0.0,6,669838,中性盘
09:43:54,1116.4,0.0,10,1116396,买盘
09:43:57,1116.38,-0.02,25,2791464,卖盘
09:44:01,1116.05,-0.33,21,2344362,卖盘
09:44:03,1116.11,0.06,5,558219,中性盘
09:44:07,1116.42,0.31,2,223247,中性盘
09:44:09,1116.9,0.48,6,669956,买盘
09:44:12,1116.05,-0.85,9,1004566,卖盘
09:44:15,1116.05,0.0,24,2678595,卖盘
09:44:18,1116.1,0.05,35,3907010,中性盘
09:44:22,1115.79,-0.31,3,334790,卖盘
09:44:25,1116.1,0.31,5,557908,中性盘
09:44:28,1115.01,-1.09,6,669516,卖盘
09:44:30,1115.01,0.0,7,780998,中性盘
09:44:34,1115.01,0.0,3,334557,卖盘
09:44:37,1115.01,0.0,5,557796,卖盘
09:44:39,1115.01,0.0,6,669240,卖盘
09:44:43,1115.92,0.91,15,1672936,买盘
09:44:46,1116.01,0.09,13,1450823,买盘
09:44:49,1116.01,0.0,1,111601,卖盘
09:44:52,1116.01,0.0,7,781210,卖盘
09:44:54,1116.06,0.05,6,669617,中性盘
09:44:57,1116.0,-0.06,21,2343521,卖盘
09:45:01,1115.82,-0.18,8,892729,卖盘
09:45:04,1115.92,0.1,11,1227678,卖盘
09:45:06,1116.0,0.08,4,446384,中性盘
09:45:10,1116.0,0.0,8,892792,买盘
09:45:12,1115.58,-0.42,5,557862,中性盘
09:45:16,1115.2,-0.38,11,1227129,卖盘
09:45:19,1115.04,-0.16,4,446155,卖盘
09:45:21,1115.2,0.16,3,334544,买盘
09:45:24,1115.04,-0.16,2,223009,卖盘
09:45:27,1115.91,0.87,12,1338265,买盘
09:45:33,1115.2,-0.71,2,223040,卖盘
09:45:37,1115.2,0.0,1,111520,中性盘
09:45:40,1115.1,-0.1,10,1115593,卖盘
09:45:43,1115.73,0.63,3,334605,买盘
09:45:45,1115.83,0.1,8,892584,买盘
09:45:48,1115.87,0.04,6,669284,买盘
09:45:52,1115.85,-0.02,8,892707,卖盘
09:45:55,1115.13,-0.72,9,1004033,卖盘
09:45:57,1115.13,0.0,6,669078,买盘
09:46:00,1115.2,0.07,8,892110,买盘
09:46:03,1115.13,-0.07,2,223026,卖盘
09:46:07,1115.13,0.0,2,223063,卖盘
09:46:10,1115.75,0.62,2,223093,买盘
09:46:13,1115.9,0.15,15,1673515,买盘
09:46:15,1115.9,0.0,8,892721,卖盘
09:46:18,1115.9,0.0,1,111590,卖盘
09:46:22,1115.92,0.02,6,669543,买盘
09:46:24,1115.92,0.0,7,781141,买盘
09:46:27,1115.91,-0.01,2,223183,卖盘
09:46:30,1115.96,0.05,1,111596,买盘
09:46:34,1115.91,-0.05,28,3124569,卖盘
09:46:37,1115.99,0.08,18,2008776,买盘
09:46:40,1115.96,-0.03,24,2678295,卖盘
09:46:43,1116.0,0.04,3,334798,买盘
09:46:46,1116.0,0.0,5,557999,买盘
09:46:49,1116.3,0.3,5,558028,买盘
09:46:52,1116.21,-0.09,3,334821,中性盘
09:46:55,1116.29,0.08,12,1339230,中性盘
09:46:57,1116.29,0.0,5,558120,买盘
09:47:00,1116.29,0.0,3,334879,买盘
09:47:02,1116.2,-0.09,5,558052,中性盘
09:47:06,1116.2,0.0,3,334860,买盘
09:47:10,1116.36,0.16,4,446525,买盘
09:47:13,1116.3,-0.06,2,223260,卖盘
09:47:15,1116.29,-0.01,2,223258,卖盘
09:47:19,1116.3,0.01,54,6026772,中性盘
09:47:22,1116.31,0.01,4,446521,中性盘
09:47:25,1117.0,0.69,6,670182,买盘
09:47:28,1116.91,-0.09,4,446705,买盘
09:47:30,1116.9,-0.01,6,669973,中性盘
09:47:33,1116.9,0.0,1,111690,买盘
09:47:39,1116.5,-0.4,5,558370,卖盘
09:47:43,1116.9,0.4,2,223380,中性盘
09:47:45,1116.9,0.0,3,335070,卖盘
09:47:49,1116.5,-0.4,2,223301,卖盘
09:47:52,1116.9,0.4,3,335072,中性盘
09:47:54,1116.91,0.01,9,1004893,买盘
09:47:57,1116.9,-0.01,3,335071,中性盘
09:48:00,1117.0,0.1,13,1451997,买盘
09:48:04,1117.0,0.0,6,670163,买盘
09:48:10,1116.91,-0.09,3,335033,买盘
09:48:13,1116.52,-0.39,8,893445,卖盘
09:48:16,1116.51,-0.01,6,669993,卖盘
09:48:19,1116.53,0.02,1,111653,中性盘
09:48:22,1116.91,0.38,7,781720,买盘
09:48:26,1116.86,-0.05,8,893485,卖盘
09:48:28,1116.53,-0.33,2,223311,卖盘
09:48:31,1116.9,0.37,13,1451852,买盘
09:48:33,1116.9,0.0,6,670141,卖盘
09:48:40,1116.96,0.06,10,1116936,买盘
09:48:43,1116.95,-0.01,4,446772,买盘
09:48:46,1116.91,-0.04,4,446768,卖盘
09:48:49,1116.91,0.0,6,670146,卖盘
09:48:52,1116.91,0.0,3,335073,卖盘
09:48:54,1117.0,0.09,5,558479,买盘
09:48:58,1116.9,-0.1,6,670163,卖盘
09:49:01,1116.9,0.0,20,2233810,卖盘
09:49:04,1116.9,0.0,16,1787044,卖盘
09:49:07,1116.91,0.01,12,1340290,买盘
09:49:11,1117.93,1.02,16,1787457,买盘
09:49:12,1117.99,0.06,4,446976,买盘
09:49:16,1116.9,-1.09,7,781833,卖盘
09:49:18,1116.91,0.01,4,446886,中性盘
09:49:22,1116.91,0.0,2,223382,卖盘
09:49:25,1116.91,0.0,4,446764,卖盘
09:49:28,1116.91,0.0,3,335177,卖盘
09:49:31,1117.95,1.04,2,223590,买盘
09:49:34,1117.99,0.04,5,558774,买盘
09:49:37,1117.96,-0.03,2,223595,中性盘
09:49:40,1116.91,-1.05,6,670355,卖盘
09:49:43,1117.94,1.03,1,111794,买盘
09:49:46,1117.94,0.0,6,670456,买盘
09:49:49,1117.47,-0.47,13,1453338,中性盘
09:49:52,1117.95,0.48,2,223496,中性盘
09:49:55,1117.94,-0.01,3,335384,中性盘
09:49:57,1117.0,-0.94,5,558690,卖盘
09:50:01,1117.95,0.95,5,558974,买盘
09:50:07,1117.49,-0.46,5,558837,卖盘
09:50:10,1117.95,0.46,13,1453151,买盘
09:50:13,1118.0,0.05,13,1453361,买盘
09:50:16,1117.95,-0.05,4,447181,卖盘
09:50:19,1118.0,0.05,1,111800,买盘
09:50:22,1118.0,0.0,3,335396,买盘
09:50:25,1118.0,0.0,2,223605,卖盘
09:50:30,1118.98,0.98,6,671090,买盘
09:50:34,1117.96,-1.02,5,558980,卖盘
09:50:37,1118.0,0.04,5,559088,卖盘
09:50:40,1118.88,0.88,2,223776,买盘
09:50:45,1118.88,0.0,4,447481,中性盘
09:50:48,1118.95,0.07,2,223790,买盘
09:50:52,1118.95,0.0,2,223789,买盘
09:50:55,1118.9,-0.05,1,111890,中性盘
09:50:57,1118.88,-0.02,5,559440,卖盘
09:51:01,1118.88,0.0,3,335677,卖盘
09:51:04,1118.95,0.07,5,559474,买盘
09:51:07,1118.93,-0.02,5,559445,中性盘
09:51:10,1118.92,-0.01,3,335690,中性盘
09:51:13,1118.9,-0.02,3,335688,卖盘
09:51:16,1118.89,-0.01,6,671339,卖盘
09:51:18,1118.9,0.01,1,111890,中性盘
09:51:22,1118.9,0.0,1,123079,卖盘
09:51:25,1118.9,0.0,2,212591,买盘
09:51:28,1118.99,0.09,8,906326,买盘
09:51:31,1118.99,0.0,6,671394,买盘
09:51:34,1119.0,0.01,7,783267,买盘
09:51:37,1118.92,-0.08,4,447592,卖盘
09:51:40,1118.92,0.0,16,1790299,卖盘
09:51:42,1118.0,-0.92,15,1666748,卖盘
09:51:46,1118.0,0.0,6,681977,买盘
09:51:49,1118.0,0.0,3,324220,卖盘
09:51:52,1117.96,-0.04,3,335392,卖盘
09:51:54,1117.99,0.03,3,335393,买盘
09:51:58,1118.92,0.93,23,2583552,买盘
09:52:01,1118.99,0.07,9,1007077,买盘
09:52:03,1118.92,-0.07,14,1566488,卖盘
09:52:07,1118.92,0.0,1,111892,卖盘
09:52:10,1118.92,0.0,16,1779095,卖盘
09:52:13,1117.99,-0.93,6,671182,卖盘
09:52:16,1117.99,0.0,54,6042215,卖盘
09:52:19,1117.99,0.0,1,111799,卖盘
09:52:25,1117.99,0.0,12,1341588,买盘
09:52:28,1118.0,0.01,3,335396,买盘
09:52:31,1117.97,-0.03,7,782572,买盘
09:52:34,1117.95,-0.02,8,894372,卖盘
09:52:37,1117.94,-0.01,5,558972,卖盘
09:52:40,1118.0,0.06,6,670769,买盘
09:52:43,1117.9,-0.1,3,335382,中性盘
09:52:49,1117.95,0.05,7,782572,卖盘
09:52:52,1117.92,-0.03,9,1006131,买盘
09:52:55,1117.92,0.0,3,335342,中性盘
09:52:58,1117.9,-0.02,2,223540,中性盘
09:53:04,1117.49,-0.41,2,223528,卖盘
09:53:07,1117.79,0.3,5,558895,买盘
09:53:10,1117.78,-0.01,4,446881,买盘
09:53:16,1117.5,-0.28,3,335201,买盘
09:53:19,1117.0,-0.5,17,1898907,卖盘
09:53:21,1116.92,-0.08,12,1340361,卖盘
09:53:24,1116.9,-0.02,12,1340307,卖盘
09:53:28,1116.9,0.0,4,446727,买盘
09:53:31,1116.5,-0.4,14,1563174,卖盘
09:53:33,1116.38,-0.12,7,781427,中性盘
09:53:36,1116.19,-0.19,10,1116252,卖盘
09:53:40,1116.0,-0.19,11,1227697,卖盘
09:53:43,1115.75,-0.25,8,892705,卖盘
09:53:46,1115.5,-0.25,9,1004045,卖盘
09:53:48,1115.2,-0.3,8,892237,卖盘
09:53:52,1115.13,-0.07,6,669103,卖盘
09:53:55,1115.32,0.19,1,111532,买盘
09:53:58,1115.13,-0.19,9,1003614,卖盘
09:54:01,1115.1,-0.03,11,1226610,卖盘
09:54:04,1115.09,-0.01,9,1003551,中性盘
09:54:07,1115.1,0.01,12,1338116,买盘
09:54:10,1115.08,-0.02,7,780569,中性盘
09:54:13,1115.32,0.24,36,4014424,买盘
09:54:16,1115.5,0.18,7,780777,买盘
09:54:19,1115.77,0.27,7,780985,中性盘
09:54:22,1115.42,-0.35,8,892387,卖盘
09:54:25,1115.44,0.02,3,334653,中性盘
09:54:28,1115.77,0.33,10,1115645,买盘
09:54:31,1115.77,0.0,1,111577,中性盘
09:54:34,1115.33,-0.44,13,1450005,卖盘
09:54:37,1115.78,0.45,1,111578,买盘
09:54:40,1115.78,0.0,2,223156,卖盘
09:54:43,1115.5,-0.28,8,892628,卖盘
09:54:45,1115.78,0.28,3,334743,中性盘
09:54:48,1115.78,0.0,4,446311,买盘
09:54:52,1115.78,0.0,8,892594,买盘
09:54:55,1115.77,-0.01,3,334713,卖盘
09:54:58,1115.77,0.0,4,446308,卖盘
09:55:01,1115.8,0.03,11,1227364,买盘
09:55:04,1115.99,0.19,2,223179,买盘
09:55:07,1115.8,-0.19,1,111580,卖盘
09:55:10,1115.8,0.0,2,223160,卖盘
09:55:13,1115.9,0.1,6,669507,中性盘
09:55:16,1115.99,0.09,2,234358,中性盘
09:55:19,1115.98,-0.01,4,435234,买盘
09:55:22,1115.9,-0.08,1,111590,买盘
09:55:25,1115.95,0.05,1,111595,卖盘
09:55:28,1115.85,-0.1,3,334750,买盘
09:55:31,1115.9,0.05,3,334776,卖盘
09:55:34,1115.9,0.0,3,334770,卖盘
09:55:37,1115.9,0.0,4,446379,卖盘
09:55:39,1115.9,0.0,2,223180,卖盘
09:55:43,1115.96,0.06,4,446383,买盘
09:55:46,1115.9,-0.06,2,223180,卖盘
09:55:49,1115.9,0.0,2,223183,卖盘
09:55:52,1115.96,0.06,10,1115936,买盘
09:55:55,1115.96,0.0,1,111596,中性盘
09:55:58,1115.9,-0.06,14,1562275,卖盘
09:56:01,1115.9,0.0,10,1115895,买盘
09:56:07,1115.9,0.0,4,446360,买盘
09:56:10,1115.9,0.0,1,111590,卖盘
09:56:13,1115.95,0.05,1,111595,买盘
09:56:16,1115.9,-0.05,24,2678225,卖盘
09:56:19,1115.85,-0.05,6,669533,卖盘
09:56:21,1115.85,0.0,1,111585,买盘
09:56:25,1115.85,0.0,1,111585,买盘
09:56:27,1115.81,-0.04,1,111581,卖盘
09:56:31,1115.8,-0.01,7,781060,卖盘
09:56:34,1115.81,0.01,1,111581,买盘
09:56:36,1115.81,0.0,3,334741,买盘
09:56:40,1115.8,-0.01,1,111580,卖盘
09:56:42,1115.81,0.01,10,1115812,买盘
09:56:46,1115.81,0.0,2,223162,卖盘
09:56:49,1115.84,0.03,4,446336,买盘
09:56:52,1115.81,-0.03,7,781081,卖盘
09:56:55,1115.84,0.03,2,223169,中性盘
09:56:58,1115.84,0.0,10,1115870,卖盘
09:57:01,1115.84,0.0,2,223168,卖盘
09:57:04,1115.9,0.06,2,223182,中性盘
09:57:07,1115.95,0.05,3,334777,买盘
09:57:13,1115.93,-0.02,1,111593,中性盘
09:57:17,1115.96,0.03,5,557945,买盘
09:57:18,1115.85,-0.11,4,446352,卖盘
09:57:22,1115.99,0.14,12,1339107,买盘
09:57:25,1115.92,-0.07,15,1673798,中性盘
09:57:28,1115.92,0.0,5,557954,中性盘
09:57:31,1115.98,0.06,3,334781,买盘
09:57:34,1115.85,-0.13,4,446340,卖盘
09:57:37,1115.89,0.04,2,223178,买盘
09:57:39,1115.93,0.04,9,1004275,买盘
09:57:49,1115.9,-0.03,4,446366,卖盘
09:57:54,1115.9,0.0,3,334780,卖盘
09:57:58,1115.9,0.0,1,111590,买盘
09:58:01,1115.89,-0.01,6,669538,卖盘
09:58:04,1115.9,0.01,2,223179,买盘
09:58:07,1115.9,0.0,1,111590,买盘
09:58:10,1115.9,0.0,21,2343390,买盘
09:58:13,1115.92,0.02,3,334772,中性盘
09:58:15,1115.9,-0.02,2,223180,卖盘
09:58:19,1115.98,0.08,10,1115978,买盘
09:58:21,1116.0,0.02,2,223199,买盘
09:58:25,1115.98,-0.02,5,557995,卖盘
09:58:28,1115.98,0.0,20,2231961,卖盘
09:58:31,1115.98,0.0,2,223196,卖盘
09:58:34,1115.98,0.0,3,334794,卖盘
09:58:37,1116.0,0.02,28,3124750,买盘
09:58:40,1115.99,-0.01,2,223199,卖盘
09:58:45,1115.99,0.0,5,557992,买盘
09:58:49,1115.99,0.0,2,223198,买盘
09:58:51,1116.0,0.01,8,892799,买盘
09:58:55,1116.02,0.02,3,334804,买盘
09:58:57,1116.07,0.05,2,223225,卖盘
09:59:01,1116.18,0.11,1,111618,买盘
09:59:03,1116.18,0.0,1,111618,买盘
09:59:06,1116.18,0.0,7,781319,买盘
09:59:10,1116.18,0.0,1,111618,买盘
09:59:13,1116.18,0.0,2,223236,卖盘
09:59:16,1116.18,0.0,2,223236,卖盘
09:59:18,1116.2,0.02,3,334858,买盘
09:59:22,1116.2,0.0,11,1227816,买盘
09:59:24,1116.2,0.0,10,1116184,买盘
09:59:28,1116.19,-0.01,5,558099,中性盘
09:59:31,1116.2,0.01,3,334859,买盘
09:59:34,1116.2,0.0,2,223240,买盘
09:59:36,1116.18,-0.02,9,1004572,卖盘
09:59:43,1116.08,-0.1,2,223227,卖盘
09:59:46,1116.08,0.0,2,223216,卖盘
09:59:49,1116.89,0.81,20,2232541,买盘
09:59:55,1116.07,-0.82,8,892935,卖盘
10:00:04,1116.32,0.25,2,223321,中性盘
10:00:10,1116.89,0.57,1,111689,买盘
10:00:13,1116.28,-0.61,3,357204,中性盘
10:00:19,1116.27,-0.01,1,111627,卖盘
10:00:25,1116.2,-0.07,6,669795,卖盘
10:00:28,1116.18,-0.02,15,1651967,卖盘
10:00:34,1116.18,0.0,4,446468,买盘
10:00:37,1116.07,-0.11,2,223224,卖盘
10:00:40,1116.07,0.0,3,334833,卖盘
10:00:43,1116.08,0.01,1,111608,中性盘
10:00:46,1116.0,-0.08,4,446421,卖盘
10:00:49,1116.0,0.0,25,2790000,卖盘
10:00:52,1116.0,0.0,2,223200,买盘
10:00:55,1115.99,-0.01,9,1004415,卖盘
10:00:58,1115.98,-0.01,1,111598,卖盘
10:01:01,1116.5,0.52,12,1339519,买盘
10:01:05,1116.5,0.0,7,781550,卖盘
10:01:07,1116.5,0.0,1,111650,卖盘
10:01:10,1116.5,0.0,2,223337,卖盘
10:01:13,1116.5,0.0,3,334950,卖盘
10:01:16,1116.5,0.0,5,558250,卖盘
10:01:19,1116.87,0.37,7,781809,买盘
10:01:24,1116.5,-0.37,2,223300,卖盘
10:01:27,1116.87,0.37,1,111687,买盘
10:01:31,1116.5,-0.37,13,1451487,卖盘
10:01:34,1116.5,0.0,1,111650,卖盘
10:01:36,1116.5,0.0,5,558362,卖盘
10:01:40,1117.05,0.55,57,6306375,买盘
10:01:43,1117.0,-0.05,1,111700,卖盘
10:01:49,1117.49,0.49,2,223449,买盘
10:01:52,1117.49,0.0,2,283732,买盘
10:01:55,1117.49,0.0,1,111749,买盘
10:01:58,1117.49,0.0,4,446996,买盘
10:02:01,1117.49,0.0,6,670396,买盘
10:02:10,1117.49,0.0,9,945337,买盘
10:02:13,1117.5,0.01,1,111750,买盘
10:02:16,1117.5,0.0,1,111750,买盘
10:02:19,1117.49,-0.01,12,1401333,卖盘
10:02:22,1117.48,-0.01,1,111748,卖盘
10:02:25,1117.48,0.0,1,111748,买盘
10:02:28,1117.02,-0.46,1,111702,卖盘
10:02:31,1117.02,0.0,1,111702,卖盘
10:02:37,1117.06,0.04,4,446866,卖盘
10:02:40,1117.0,-0.06,8,893606,卖盘
10:02:43,1117.0,0.0,2,223400,买盘
10:02:46,1117.02,0.02,2,223404,买盘
10:02:55,1117.0,-0.02,6,670152,买盘
10:02:58,1117.02,0.02,1,111702,买盘
10:03:01,1116.88,-0.14,6,670182,卖盘
10:03:04,1117.02,0.14,4,446766,买盘
10:03:06,1117.02,0.0,6,670100,买盘
10:03:10,1116.5,-0.52,5,558454,卖盘
10:03:12,1117.0,0.5,1,111700,中性盘
10:03:19,1116.2,-0.8,11,1227820,卖盘
10:03:22,1116.18,-0.02,7,781336,卖盘
10:03:25,1116.5,0.32,2,223300,买盘
10:03:31,1116.18,-0.32,2,223236,卖盘
10:03:33,1116.18,0.0,2,223229,买盘
10:03:40,1116.21,0.03,5,558096,买盘
10:03:43,1116.18,-0.03,4,446436,买盘
10:03:45,1116.23,0.05,6,669738,卖盘
10:03:49,1116.01,-0.22,1,111601,卖盘
10:03:55,1116.44,0.43,5,558044,买盘
10:04:04,1116.44,0.0,2,223245,买盘
10:04:07,1116.45,0.01,2,223290,买盘
10:04:10,1116.0,-0.45,1,111600,卖盘
10:04:13,1116.01,0.01,1,111601,买盘
10:04:16,1116.01,0.0,4,446403,买盘
10:04:22,1116.0,-0.01,3,334802,卖盘
10:04:25,1116.43,0.43,2,223243,买盘
10:04:28,1116.5,0.07,14,1562767,买盘
10:04:31,1116.49,-0.01,2,223298,买盘
10:04:37,1116.43,-0.06,1,111643,中性盘
10:04:40,1116.49,0.06,4,446578,买盘
10:04:45,1116.49,0.0,3,334947,买盘
10:04:49,1116.5,0.01,5,558199,买盘
10:04:52,1116.49,-0.01,8,893111,中性盘
10:04:55,1116.01,-0.48,1,111601,卖盘
10:04:58,1116.02,0.01,2,223254,卖盘
10:05:01,1116.95,0.93,6,670130,买盘
10:05:04,1116.01,-0.94,22,2457056,卖盘
10:05:07,1116.0,-0.01,5,558001,卖盘
10:05:09,1117.0,1.0,7,781700,买盘
10:05:13,1117.0,0.0,1,111700,中性盘
10:05:16,1117.0,0.0,2,223400,卖盘
10:05:19,1117.02,0.02,46,5138290,买盘
10:05:22,1116.87,-0.15,11,1228583,卖盘
10:05:31,1117.5,0.63,61,6814350,买盘
10:05:34,1117.5,0.0,4,447000,卖盘
10:05:40,1117.5,0.0,3,335310,卖盘
10:05:43,1117.8,0.3,2,223560,买盘
10:05:46,1117.5,-0.3,3,335250,卖盘
10:05:49,1117.5,0.0,2,223500,卖盘
10:05:52,1118.0,0.5,7,782548,买盘
10:05:55,1118.0,0.0,8,894400,买盘
10:06:04,1118.0,0.0,2,223600,买盘
10:06:07,1118.9,0.9,2,223770,买盘
10:06:10,1118.89,-0.01,6,671058,买盘
10:06:19,1118.89,0.0,1,111889,卖盘
10:06:22,1118.89,0.0,1,35804,卖盘
10:06:25,1118.9,0.01,2,223779,买盘
10:06:27,1118.9,0.0,3,335672,买盘
10:06:31,1118.92,0.02,1,111892,买盘
10:06:36,1118.98,0.06,2,223795,买盘
10:06:40,1119.0,0.02,1,111900,买盘
10:06:42,1119.0,0.0,2,223800,买盘
10:06:45,1119.0,0.0,4,447600,买盘
10:06:49,1119.0,0.0,3,335700,买盘
10:06:54,1118.99,-0.01,4,447601,卖盘
10:06:58,1118.98,-0.01,2,223796,卖盘
10:07:01,1119.01,0.03,4,447601,买盘
10:07:04,1119.0,-0.01,4,447602,卖盘
10:07:07,1119.18,0.18,1,111918,买盘
10:07:10,1119.18,0.0,1,111918,买盘
10:07:13,1119.0,-0.18,3,335719,卖盘
10:07:16,1119.0,0.0,3,335717,卖盘
10:07:19,1119.2,0.2,7,783411,买盘
10:07:22,1119.19,-0.01,6,671493,中性盘
10:07:25,1119.19,0.0,9,1007445,卖盘
10:07:28,1119.19,0.0,10,1119262,卖盘
10:07:31,1119.88,0.69,2,223915,买盘
10:07:34,1119.88,0.0,1,111988,中性盘
10:07:37,1119.5,-0.38,2,223869,中性盘
10:07:40,1119.97,0.47,6,671881,买盘
10:07:43,1119.98,0.01,1,111998,买盘
10:07:45,1119.97,-0.01,2,223995,卖盘
10:07:49,1119.97,0.0,6,671983,卖盘
10:07:52,1119.98,0.01,2,223997,中性盘
10:07:55,1119.97,-0.01,2,223994,卖盘
10:07:58,1120.0,0.03,78,8735993,买盘
10:08:00,1119.98,-0.02,6,671989,中性盘
10:08:04,1119.98,0.0,3,335995,卖盘
10:08:07,1119.99,0.01,3,335997,买盘
10:08:09,1119.99,0.0,2,223997,买盘
10:08:12,1119.99,0.0,2,223998,买盘
10:08:16,1119.99,0.0,33,3694722,买盘
10:08:18,1119.99,0.0,1,111999,买盘
10:08:22,1119.89,-0.1,2,223978,中性盘
10:08:25,1119.88,-0.01,152,17023911,中性盘
10:08:28,1119.97,0.09,1,111997,买盘
10:08:30,1119.89,-0.08,11,1231879,中性盘
10:08:40,1118.92,-0.97,8,895491,中性盘
10:08:43,1118.89,-0.03,2,223778,卖盘
10:08:49,1119.79,0.9,3,335847,买盘
10:08:52,1119.79,0.0,9,1007721,买盘
10:08:58,1118.89,-0.9,21,2351500,卖盘
10:09:01,1118.89,0.0,2,223778,卖盘
10:09:04,1118.89,0.0,6,671334,买盘
10:09:06,1118.94,0.05,2,223783,买盘
10:09:10,1119.5,0.56,3,335850,中性盘
10:09:13,1118.89,-0.61,5,559444,卖盘
10:09:16,1118.88,-0.01,1,111888,卖盘
10:09:22,1118.8,-0.08,3,335640,买盘
10:09:24,1118.89,0.09,3,335667,买盘
10:09:28,1118.89,0.0,2,223778,卖盘
10:09:31,1118.89,0.0,3,335667,卖盘
10:09:34,1118.89,0.0,1,111889,买盘
10:09:37,1118.89,0.0,6,671334,买盘
10:09:43,1118.85,-0.04,3,335655,卖盘
10:09:51,1118.71,-0.14,7,783115,卖盘
10:09:55,1118.71,0.0,2,223742,买盘
10:09:58,1118.4,-0.31,12,1342266,卖盘
10:10:01,1118.4,0.0,2,223711,中性盘
10:10:04,1118.71,0.31,6,671188,买盘
10:10:07,1118.71,0.0,1,111871,买盘
10:10:09,1118.8,0.09,5,559381,买盘
10:10:13,1118.85,0.05,3,335655,买盘
10:10:16,1118.88,0.03,8,895098,买盘
10:10:19,1118.89,0.01,6,671334,买盘
10:10:22,1119.5,0.61,4,447727,买盘
10:10:25,1119.55,0.05,1,111955,买盘
10:10:27,1119.58,0.03,1,111958,中性盘
10:10:31,1119.58,0.0,2,223916,买盘
10:10:34,1119.59,0.01,2,223917,买盘
10:10:37,1119.78,0.19,6,671832,买盘
10:10:40,1119.89,0.11,2,223977,买盘
10:10:43,1119.9,0.01,9,1007910,买盘
10:10:46,1119.9,0.0,11,1231960,卖盘
10:10:49,1119.9,0.0,5,559984,卖盘
10:10:52,1120.0,0.1,4,447998,买盘
10:10:55,1120.0,0.0,14,1568000,买盘
10:10:58,1119.85,-0.15,11,1231902,卖盘
10:11:01,1119.84,-0.01,2,223969,中性盘
10:11:03,1119.84,0.0,1,111984,买盘
10:11:07,1119.78,-0.06,3,335946,卖盘
10:11:10,1119.55,-0.23,2,223933,卖盘
10:11:13,1119.78,0.23,1,111978,买盘
10:11:16,1119.45,-0.33,3,335878,卖盘
10:11:19,1119.45,0.0,4,447856,卖盘
10:11:22,1119.5,0.05,1,111950,中性盘
10:11:28,1119.78,0.28,3,335934,买盘
10:11:34,1119.78,0.0,8,895689,买盘
10:11:37,1119.78,0.0,4,447912,卖盘
10:11:40,1119.78,0.0,3,335940,卖盘
10:11:43,1119.78,0.0,3,335940,卖盘
10:11:46,1119.78,0.0,5,559908,卖盘
10:11:49,1119.78,0.0,1,111978,中性盘
10:11:52,1119.95,0.17,9,1007810,买盘
10:11:54,1119.95,0.0,3,335994,卖盘
10:11:57,1119.95,0.0,4,447984,卖盘
10:12:01,1119.95,0.0,3,335985,卖盘
10:12:04,1120.0,0.05,6,671990,买盘
10:12:06,1120.0,0.0,1,112000,买盘
10:12:10,1119.99,-0.01,1,111999,卖盘
10:12:13,1119.99,0.0,6,671991,买盘
10:12:19,1119.99,0.0,3,335996,买盘
10:12:22,1119.99,0.0,28,3135872,买盘
10:12:28,1119.95,-0.04,2,223990,卖盘
10:12:31,1119.99,0.04,3,335992,买盘
10:12:34,1119.99,0.0,12,1343980,买盘
10:12:46,1119.99,0.0,10,1119989,买盘
10:12:49,1120.02,0.03,60,6742401,买盘
10:12:52,1120.03,0.01,12,1344024,买盘
10:12:58,1120.0,-0.03,3,336003,卖盘
10:13:00,1120.0,0.0,25,2800066,卖盘
10:13:04,1120.0,0.0,21,2352028,卖盘
10:13:07,1120.03,0.03,2,224006,卖盘
10:13:09,1120.0,-0.03,21,2352000,卖盘
10:13:13,1119.99,-0.01,20,2239996,卖盘
10:13:16,1120.09,0.1,11,1232090,买盘
10:13:19,1119.99,-0.1,3,313598,卖盘
10:13:22,1119.99,0.0,3,335993,买盘
10:13:25,1119.99,0.0,33,3695967,买盘
10:13:28,1120.1,0.11,52,5846426,买盘
10:13:31,1120.1,0.0,23,2576230,卖盘
10:13:34,1120.1,0.0,34,3808360,卖盘
10:13:37,1120.0,-0.1,19,2128173,卖盘
10:13:40,1120.15,0.15,1,112015,买盘
10:13:49,1120.1,-0.05,1,112010,买盘
10:13:52,1120.1,0.0,3,336018,买盘
10:13:55,1120.15,0.05,3,336045,买盘
10:13:58,1120.1,-0.05,3,336030,卖盘
10:14:01,1120.15,0.05,1,112015,买盘
10:14:04,1120.1,-0.05,1,112010,卖盘
10:14:07,1120.0,-0.1,1,112000,卖盘
10:14:09,1120.0,0.0,5,560008,卖盘
10:14:13,1120.0,0.0,1,112000,卖盘
10:14:16,1119.99,-0.01,5,537599,卖盘
10:14:19,1120.0,0.01,2,224000,买盘
10:14:22,1120.0,0.0,4,470400,买盘
10:14:25,1120.04,0.04,1,112004,卖盘
10:14:31,1120.0,-0.04,7,761600,卖盘
10:14:34,1119.95,-0.05,3,335985,卖盘
10:14:37,1119.9,-0.05,3,358398,卖盘
10:14:40,1119.99,0.09,9,985576,买盘
10:14:43,1119.85,-0.14,3,335984,卖盘
10:14:46,1119.9,0.05,1,111990,买盘
10:14:49,1119.83,-0.07,1,111983,卖盘
10:14:52,1119.5,-0.33,2,223900,卖盘
10:14:55,1119.49,-0.01,2,223899,中性盘
10:14:58,1119.5,0.01,5,559750,买盘
10:15:01,1119.5,0.0,8,895600,卖盘
10:15:04,1119.14,-0.36,2,223828,卖盘
10:15:10,1119.2,0.06,1,111920,中性盘
10:15:16,1119.5,0.3,4,447751,买盘
10:15:19,1119.85,0.35,11,1231235,买盘
10:15:22,1119.5,-0.35,33,3695620,中性盘
10:15:25,1119.0,-0.5,1,111900,卖盘
10:15:28,1119.0,0.0,3,335702,卖盘
10:15:31,1119.0,0.0,2,223800,卖盘
10:15:34,1119.0,0.0,10,1119002,卖盘
10:15:37,1119.0,0.0,1,111900,买盘
10:15:40,1119.0,0.0,3,335685,买盘
10:15:44,1119.0,0.0,1,111900,买盘
10:15:46,1119.0,0.0,2,223800,买盘
10:15:49,1118.85,-0.15,2,223756,中性盘
10:15:54,1118.7,-0.15,1,111870,卖盘
10:15:58,1118.6,-0.1,1,111860,中性盘
10:16:01,1118.5,-0.1,11,1230410,卖盘
10:16:04,1118.5,0.0,5,559250,卖盘
10:16:07,1118.0,-0.5,5,559114,卖盘
10:16:10,1118.0,0.0,31,3466430,卖盘
10:16:13,1118.0,0.0,8,894400,卖盘
10:16:16,1118.0,0.0,1,111800,卖盘
10:16:19,1117.5,-0.5,1,111750,卖盘
10:16:21,1117.5,0.0,2,223500,卖盘
10:16:25,1117.0,-0.5,1,111700,卖盘
10:16:28,1116.9,-0.1,20,2234043,卖盘
10:16:30,1117.0,0.1,4,446851,中性盘
10:16:33,1116.5,-0.5,2,223300,卖盘
10:16:37,1116.5,0.0,3,335001,卖盘
10:16:40,1116.5,0.0,2,223296,中性盘
10:16:43,1116.5,0.0,3,334929,买盘
10:16:46,1116.5,0.0,5,558143,中性盘
10:16:49,1116.5,0.0,2,223351,卖盘
10:16:52,1116.03,-0.47,8,892924,卖盘
10:16:55,1117.01,0.98,2,223304,买盘
10:17:01,1116.5,-0.51,1,111650,卖盘
10:17:03,1117.01,0.51,2,223321,买盘
10:17:07,1116.1,-0.91,4,446632,卖盘
10:17:10,1116.5,0.4,1,111650,卖盘
10:17:13,1117.01,0.51,4,446702,买盘
10:17:15,1116.5,-0.51,2,223300,卖盘
10:17:18,1116.5,0.0,1,111650,买盘
10:17:22,1116.21,-0.29,2,223242,卖盘
10:17:25,1116.21,0.0,3,334863,买盘
10:17:27,1116.21,0.0,2,223242,买盘
10:17:31,1116.15,-0.06,3,334857,卖盘
10:17:34,1116.5,0.35,7,781487,买盘
10:17:36,1116.1,-0.4,2,223231,卖盘
10:17:40,1116.1,0.0,6,669697,卖盘
10:17:42,1116.15,0.05,4,446460,买盘
10:17:46,1116.15,0.0,4,446460,买盘
10:17:49,1116.15,0.0,1,111615,中性盘
10:17:52,1117.0,0.85,1,111700,买盘
10:17:58,1116.5,-0.5,1,111650,买盘
10:18:01,1117.0,0.5,1,111700,卖盘
10:18:03,1116.22,-0.78,9,1004784,卖盘
10:18:12,1116.67,0.45,1,111667,中性盘
10:18:15,1117.01,0.34,22,2457368,买盘
10:18:19,1117.99,0.98,8,894196,买盘
10:18:22,1118.0,0.01,34,3801199,买盘
10:18:25,1118.1,0.1,4,447210,买盘
10:18:33,1117.0,-1.1,3,335100,卖盘
10:18:37,1117.99,0.99,1,111799,卖盘
10:18:42,1117.0,-0.99,3,335298,卖盘
10:18:45,1117.99,0.99,1,111799,买盘
10:18:49,1118.1,0.11,4,447234,买盘
10:18:52,1117.99,-0.11,1,111799,中性盘
10:18:58,1118.0,0.01,2,223609,中性盘
10:19:01,1118.1,0.1,4,447239,买盘
10:19:04,1117.01,-1.09,2,223500,卖盘
10:19:07,1118.0,0.99,1,111800,中性盘
10:19:18,1118.0,0.0,2,223600,买盘
10:19:25,1117.02,-0.98,3,335106,卖盘
10:19:28,1117.0,-0.02,7,781902,卖盘
10:19:31,1116.99,-0.01,6,670203,卖盘
10:19:34,1116.6,-0.39,3,334984,卖盘
10:19:36,1116.32,-0.28,5,558242,卖盘
10:19:40,1116.32,0.0,2,223282,卖盘
10:19:43,1116.6,0.28,4,446601,买盘
10:19:46,1116.4,-0.2,2,223271,中性盘
10:19:48,1116.31,-0.09,4,446525,卖盘
10:19:52,1116.31,0.0,4,446533,卖盘
10:19:58,1116.6,0.29,2,223319,买盘
10:20:01,1116.4,-0.2,3,334939,卖盘
10:20:04,1116.6,0.2,4,446620,买盘
10:20:09,1116.62,0.02,2,223322,买盘
10:20:13,1116.98,0.36,6,670156,买盘
10:20:16,1116.99,0.01,2,223398,买盘
10:20:19,1117.02,0.03,21,2345712,买盘
10:20:22,1117.02,0.0,4,446808,买盘
10:20:34,1117.8,0.78,19,2123820,买盘
10:20:40,1117.83,0.03,5,558831,买盘
10:20:43,1117.79,-0.04,3,335340,中性盘
10:20:46,1117.99,0.2,3,335381,买盘
10:20:48,1117.99,0.0,1,111799,中性盘
10:20:51,1117.99,0.0,7,782598,买盘
10:20:55,1117.79,-0.2,1,111779,中性盘
10:20:58,1117.98,0.19,5,558933,买盘
10:21:04,1117.83,-0.15,4,447009,买盘
10:21:10,1117.83,0.0,10,1117675,买盘
10:21:12,1117.88,0.05,1,111788,卖盘
10:21:15,1117.04,-0.84,5,558620,卖盘
10:21:19,1117.04,0.0,2,223408,卖盘
10:21:21,1117.02,-0.02,8,893595,卖盘
10:21:25,1116.99,-0.03,9,1005074,中性盘
10:21:28,1116.5,-0.49,6,669939,卖盘
10:21:31,1116.59,0.09,8,893254,买盘
10:21:34,1116.59,0.0,1,111659,买盘
10:21:37,1116.59,0.0,3,334977,买盘
10:21:40,1116.64,0.05,1,111664,卖盘
10:21:43,1116.99,0.35,1,111699,中性盘
10:21:46,1116.59,-0.4,1,111659,中性盘
10:21:49,1117.0,0.41,4,446798,买盘
10:21:51,1116.98,-0.02,1,111698,中性盘
10:21:54,1116.98,0.0,3,335092,买盘
10:21:58,1117.0,0.02,4,446710,买盘
10:22:04,1116.71,-0.29,1,111671,买盘
10:22:10,1116.41,-0.3,2,223291,卖盘
10:22:13,1116.41,0.0,3,334927,卖盘
10:22:16,1116.4,-0.01,4,446560,卖盘
10:22:19,1116.4,0.0,6,669828,中性盘
10:22:21,1116.22,-0.18,10,1116293,卖盘
10:22:25,1116.21,-0.01,3,334864,卖盘
10:22:31,1116.2,-0.01,1,111620,卖盘
10:22:33,1116.22,0.02,1,111622,买盘
10:22:37,1116.22,0.0,3,334866,买盘
10:22:40,1116.22,0.0,7,781354,买盘
10:22:43,1116.22,0.0,4,446488,买盘
10:22:46,1116.18,-0.04,5,558106,卖盘
10:22:49,1116.31,0.13,10,1116307,买盘
10:22:52,1116.31,0.0,1,111631,买盘
10:22:55,1116.4,0.09,2,223280,买盘
10:22:58,1116.2,-0.2,17,1897606,卖盘
10:23:01,1116.2,0.0,13,1451050,买盘
10:23:04,1116.18,-0.02,1,111618,中性盘
10:23:07,1116.2,0.02,3,334860,买盘
10:23:10,1116.3,0.1,5,558098,买盘
10:23:13,1116.3,0.0,4,446520,买盘
10:23:16,1116.3,0.0,3,334910,卖盘
10:23:22,1116.2,-0.1,9,1004659,卖盘
10:23:25,1116.3,0.1,2,223260,买盘
10:23:28,1116.2,-0.1,1,111620,中性盘
10:23:31,1116.3,0.1,2,223250,买盘
10:23:42,1116.29,-0.01,4,446498,买盘
10:23:45,1116.21,-0.08,1,111621,中性盘
10:23:49,1116.29,0.08,5,558106,买盘
10:23:55,1116.28,-0.01,1,111628,买盘
10:24:01,1116.29,0.01,1,111629,卖盘
10:24:04,1116.3,0.01,2,223259,买盘
10:24:07,1116.29,-0.01,3,334889,卖盘
10:24:10,1116.29,0.0,2,223249,买盘
10:24:16,1116.25,-0.04,2,223250,卖盘
10:24:22,1116.2,-0.05,4,446510,卖盘
10:24:25,1116.2,0.0,1,111620,卖盘
10:24:28,1116.24,0.04,16,1785895,买盘
10:24:30,1116.18,-0.06,1,111618,中性盘
10:24:34,1116.15,-0.03,23,2567160,卖盘
10:24:40,1116.24,0.09,1,111624,买盘
10:24:46,1116.17,-0.07,1,111617,买盘
10:24:49,1116.1,-0.07,4,446440,卖盘
10:24:52,1116.1,0.0,2,223216,中性盘
10:24:55,1116.02,-0.08,5,558012,卖盘
10:24:58,1116.1,0.08,1,111610,买盘
10:25:01,1116.0,-0.1,18,2008802,卖盘
10:25:04,1115.9,-0.1,41,4575534,卖盘
10:25:07,1115.77,-0.13,21,2343202,卖盘
10:25:10,1115.51,-0.26,19,2119677,卖盘
10:25:13,1115.13,-0.38,51,5688090,卖盘
10:25:16,1115.1,-0.03,5,557550,卖盘
10:25:18,1115.0,-0.1,66,7359050,卖盘
10:25:22,1114.4,-0.6,68,7581556,卖盘
10:25:25,1114.19,-0.21,10,1114190,卖盘
10:25:27,1114.0,-0.19,113,12588105,卖盘
10:25:31,1113.0,-1.0,25,2783812,卖盘
10:25:34,1112.21,-0.79,13,1446601,卖盘
10:25:37,1112.02,-0.19,3,333662,卖盘
10:25:43,1112.3,0.28,16,1779391,买盘
10:25:49,1112.3,0.0,19,2113440,卖盘
10:25:52,1112.02,-0.28,17,1890982,卖盘
10:25:55,1112.29,0.27,11,1223641,中性盘
10:25:58,1112.06,-0.23,7,778492,中性盘
10:26:01,1112.04,-0.02,4,444845,中性盘
10:26:04,1112.3,0.26,43,4782343,买盘
10:26:07,1113.0,0.7,26,2892959,买盘
10:26:10,1112.3,-0.7,11,1223583,中性盘
10:26:13,1113.0,0.7,12,1334840,买盘
10:26:15,1113.0,0.0,3,333900,买盘
10:26:19,1113.18,0.18,3,359517,买盘
10:26:22,1113.01,-0.17,1,111301,卖盘
10:26:25,1114.19,1.18,68,7575389,买盘
10:26:31,1114.19,0.0,4,445829,卖盘
10:26:34,1114.55,0.36,3,334410,卖盘
10:26:37,1115.0,0.45,2,223000,买盘
10:26:40,1115.02,0.02,5,557502,买盘
10:26:42,1115.0,-0.02,1,111500,中性盘
10:26:46,1114.95,-0.05,2,222990,中性盘
10:26:49,1115.0,0.05,4,445924,买盘
10:26:55,1114.55,-0.45,4,445907,卖盘
10:26:59,1113.27,-1.28,14,1559601,卖盘
10:27:01,1114.55,1.28,12,1336562,买盘
10:27:04,1113.2,-1.35,3,333967,卖盘
10:27:10,1113.27,0.07,6,667908,买盘
10:27:13,1113.27,0.0,2,222628,买盘
10:27:16,1113.27,0.0,2,222654,买盘
10:27:21,1113.2,-0.07,11,1224607,卖盘
10:27:25,1113.2,0.0,7,779650,中性盘
10:27:28,1113.19,-0.01,3,333940,中性盘
10:27:30,1113.0,-0.19,58,6455476,卖盘
10:27:34,1112.3,-0.7,28,3115044,卖盘
10:27:36,1113.0,0.7,15,1669454,买盘
10:27:40,1112.38,-0.62,1,111238,中性盘
10:27:43,1113.0,0.62,14,1557704,买盘
10:27:46,1112.38,-0.62,15,1668692,卖盘
10:27:49,1112.38,0.0,5,556206,卖盘
10:27:52,1112.37,-0.01,72,8008830,卖盘
10:27:55,1112.38,0.01,8,889761,买盘
10:27:57,1112.38,0.0,3,333730,卖盘
10:28:01,1112.38,0.0,1,111238,卖盘
10:28:03,1112.53,0.15,15,1669037,卖盘
10:28:10,1112.56,0.03,2,272574,买盘
10:28:13,1113.0,0.44,3,333900,买盘
10:28:16,1112.56,-0.44,6,611956,卖盘
10:28:18,1112.57,0.01,11,1223862,中性盘
10:28:24,1113.0,0.43,5,556368,买盘
10:28:28,1113.0,0.0,8,890100,卖盘
10:28:31,1113.0,0.0,6,691173,买盘
10:28:34,1113.0,0.0,6,667800,卖盘
10:28:37,1113.2,0.2,2,222620,买盘
10:28:40,1113.0,-0.2,2,222600,卖盘
10:28:43,1113.27,0.27,18,1980149,买盘
10:28:46,1113.0,-0.27,4,445221,卖盘
10:28:49,1113.26,0.26,5,556546,买盘
10:28:52,1113.26,0.0,10,1112943,买盘
10:28:55,1112.53,-0.73,12,1335134,卖盘
10:28:58,1112.88,0.35,3,333914,中性盘
10:29:01,1113.26,0.38,8,890456,买盘
10:29:06,1112.88,-0.38,1,111288,买盘
10:29:10,1113.26,0.38,3,333952,买盘
10:29:13,1113.26,0.0,3,333978,买盘
10:29:15,1113.27,0.01,1,111327,卖盘
10:29:22,1113.2,-0.07,5,556622,买盘
10:29:28,1113.0,-0.2,3,310575,卖盘
10:29:31,1113.0,0.0,2,222600,买盘
10:29:34,1113.0,0.0,1,111300,卖盘
10:29:37,1112.89,-0.11,4,445189,卖盘
10:29:39,1113.0,0.11,1,134673,买盘
10:29:46,1113.0,0.0,2,222600,卖盘
10:29:49,1113.27,0.27,4,445305,买盘
10:29:52,1113.27,0.0,1,111327,卖盘
10:29:55,1113.3,0.03,2,222662,卖盘
10:29:58,1113.27,-0.03,1,111327,卖盘
10:30:01,1113.32,0.05,1,111332,买盘
10:30:10,1114.54,1.22,1,111454,买盘
10:30:13,1114.49,-0.05,4,445806,卖盘
10:30:16,1114.49,0.0,2,222781,买盘
10:30:19,1113.33,-1.16,11,1224891,卖盘
10:30:21,1113.33,0.0,5,556667,卖盘
10:30:25,1113.33,0.0,1,111333,卖盘
10:30:28,1113.33,0.0,6,668094,卖盘
10:30:31,1113.33,0.0,1,111333,中性盘
10:30:34,1114.49,1.16,3,334308,买盘
10:30:37,1114.54,0.05,1,111454,卖盘
10:30:40,1114.19,-0.35,3,334303,卖盘
10:30:43,1114.55,0.36,1,111455,中性盘
10:30:49,1114.61,0.06,11,1225614,中性盘
10:30:52,1113.34,-1.27,4,445717,中性盘
10:30:54,1113.33,-0.01,1,111333,卖盘
10:31:00,1114.61,1.28,5,557305,买盘
10:31:07,1114.61,0.0,1,111461,买盘
10:31:10,1114.61,0.0,3,334384,买盘
10:31:13,1114.25,-0.36,1,111425,卖盘
10:31:16,1114.25,0.0,1,111425,卖盘
10:31:19,1114.7,0.45,7,780258,买盘
10:31:21,1115.0,0.3,4,445970,买盘
10:31:25,1115.09,0.09,1,111509,买盘
10:31:28,1115.33,0.24,5,557571,买盘
10:31:31,1114.7,-0.63,49,5447017,卖盘
10:31:34,1115.8,1.1,7,780888,买盘
10:31:37,1116.0,0.2,2,223200,买盘
10:31:40,1116.0,0.0,8,892919,卖盘
10:31:43,1116.17,0.17,4,446468,买盘
10:31:46,1116.3,0.13,3,334877,买盘
10:31:49,1116.17,-0.13,1,111617,中性盘
10:31:52,1116.5,0.33,20,2232868,买盘
10:31:54,1116.77,0.27,3,335004,买盘
10:31:58,1116.79,0.02,4,446714,买盘
10:32:00,1116.84,0.05,5,558415,买盘
10:32:04,1116.88,0.04,11,1228564,买盘
10:32:07,1116.89,0.01,5,558444,买盘
10:32:10,1117.0,0.11,2,223389,买盘
10:32:13,1117.02,0.02,3,335104,买盘
10:32:16,1117.0,-0.02,5,558678,卖盘
10:32:19,1117.88,0.88,4,447151,买盘
10:32:22,1117.8,-0.08,5,558758,卖盘
10:32:25,1117.88,0.08,6,670704,中性盘
10:32:28,1117.79,-0.09,13,1452121,买盘
10:32:31,1117.79,0.0,2,223558,买盘
10:32:34,1117.99,0.2,31,3465428,买盘
10:32:37,1117.79,-0.2,7,782491,卖盘
10:32:40,1117.98,0.19,2,223577,买盘
10:32:43,1117.96,-0.02,3,335388,中性盘
10:32:46,1117.79,-0.17,4,447127,卖盘
10:32:49,1117.79,0.0,30,3353937,卖盘
10:32:52,1117.98,0.19,2,223577,买盘
10:32:55,1117.97,-0.01,2,223597,卖盘
10:32:58,1118.0,0.03,7,782600,买盘
10:33:00,1115.99,-2.01,19,2121348,卖盘
10:33:13,1115.99,0.0,1,111599,买盘
10:33:15,1115.99,0.0,3,334797,买盘
10:33:18,1115.03,-0.96,3,334509,卖盘
10:33:21,1115.01,-0.02,7,780519,中性盘
10:33:28,1115.01,0.0,1,111501,买盘
10:33:31,1115.01,0.0,2,223002,买盘
10:33:34,1115.01,0.0,1,111501,买盘
10:33:40,1115.01,0.0,3,334503,卖盘
10:33:45,1115.03,0.02,15,1672542,买盘
10:33:49,1115.03,0.0,5,557513,买盘
10:33:52,1115.03,0.0,10,1115024,买盘
10:33:55,1115.03,0.0,1,111503,买盘
10:33:57,1115.03,0.0,2,223006,买盘
10:34:01,1115.0,-0.03,8,892021,卖盘
10:34:10,1116.0,1.0,2,223100,买盘
10:34:13,1116.0,0.0,1,111600,买盘
10:34:19,1115.99,-0.01,1,111599,买盘
10:34:22,1115.0,-0.99,1,111500,卖盘
10:34:25,1115.0,0.0,2,223000,卖盘
10:34:28,1115.0,0.0,5,557504,卖盘
10:34:31,1114.99,-0.01,1,111499,卖盘
10:34:34,1114.7,-0.29,2,222969,卖盘
10:34:37,1114.99,0.29,6,668635,买盘
10:34:40,1114.0,-0.99,3,334299,卖盘
10:34:43,1114.99,0.99,1,111499,买盘
10:34:46,1114.99,0.0,2,222998,买盘
10:34:52,1114.99,0.0,6,668994,买盘
10:34:55,1114.8,-0.19,4,445879,中性盘
10:34:58,1114.1,-0.7,1,111410,中性盘
10:35:01,1114.0,-0.1,17,1893882,卖盘
10:35:04,1114.8,0.8,3,334478,中性盘
10:35:07,1114.1,-0.7,1,111410,卖盘
10:35:10,1114.0,-0.1,1,111400,中性盘
10:35:13,1113.88,-0.12,1,111388,卖盘
10:35:16,1114.0,0.12,5,557000,买盘
10:35:19,1113.88,-0.12,5,556940,卖盘
10:35:22,1113.88,0.0,1,111388,中性盘
10:35:25,1114.0,0.12,1,111400,买盘
10:35:28,1114.0,0.0,1,111400,买盘
10:35:30,1114.0,0.0,3,334200,买盘
10:35:37,1113.88,-0.12,2,222738,中性盘
10:35:40,1114.0,0.12,3,334132,买盘
10:35:44,1114.0,0.0,1,111400,买盘
10:35:49,1113.33,-0.67,31,3451427,卖盘
10:35:52,1113.4,0.07,3,334020,中性盘
10:35:54,1113.4,0.0,2,222680,买盘
10:35:58,1113.39,-0.01,2,222678,买盘
10:36:04,1113.39,0.0,1,111339,中性盘
10:36:07,1113.39,0.0,9,1002061,买盘
10:36:09,1113.39,0.0,4,511168,卖盘
10:36:13,1113.39,0.0,1,111339,买盘
10:36:18,1113.4,0.01,2,222680,中性盘
10:36:22,1114.0,0.6,3,334200,买盘
10:36:24,1113.45,-0.55,1,111345,卖盘
10:36:30,1114.0,0.55,9,1002193,买盘
10:36:36,1113.45,-0.55,1,111345,买盘
10:36:43,1113.45,0.0,2,222744,卖盘
10:36:46,1113.39,-0.06,11,1224767,卖盘
10:36:49,1113.45,0.06,2,222744,中性盘
10:36:52,1113.4,-0.05,3,334020,买盘
10:36:54,1113.4,0.0,3,334020,买盘
10:36:58,1113.4,0.0,2,222680,买盘
10:37:01,1113.4,0.0,12,1336079,买盘
10:37:04,1113.4,0.0,1,111340,买盘
10:37:06,1113.4,0.0,7,779379,买盘
10:37:10,1113.4,0.0,6,668040,买盘
10:37:13,1113.46,0.06,2,222686,买盘
10:37:15,1113.4,-0.06,4,445362,卖盘
10:37:18,1113.4,0.0,3,334020,卖盘
10:37:22,1113.99,0.59,1,111399,买盘
10:37:31,1113.93,-0.06,1,111393,中性盘
10:37:33,1115.0,1.07,24,2675494,买盘
10:37:37,1115.0,0.0,1,111500,卖盘
10:37:40,1115.01,0.01,1,111501,买盘
10:37:42,1115.01,0.0,3,334503,买盘
10:37:46,1115.0,-0.01,8,892002,卖盘
10:37:48,1113.49,-1.51,8,891139,卖盘
10:38:01,1113.5,0.01,1,111350,卖盘
10:38:04,1113.5,0.0,1,111350,卖盘
10:38:07,1113.99,0.49,2,222798,买盘
10:38:10,1113.98,-0.01,1,111398,买盘
10:38:13,1113.98,0.0,2,222750,买盘
10:38:16,1113.98,0.0,1,111398,买盘
10:38:19,1113.98,0.0,1,111398,买盘
10:38:22,1113.98,0.0,18,2005164,买盘
10:38:25,1113.56,-0.42,3,334151,卖盘
10:38:28,1113.5,-0.06,17,1892986,卖盘
10:38:30,1113.96,0.46,3,334188,买盘
10:38:37,1113.97,0.01,3,334190,买盘
10:38:40,1113.97,0.0,1,111397,买盘
10:38:43,1113.59,-0.38,5,556909,卖盘
10:38:52,1113.97,0.38,20,2191385,卖盘
10:38:55,1114.99,1.02,1,111499,中性盘
10:39:01,1113.97,-1.02,1,111397,卖盘
10:39:07,1115.0,1.03,10,1114310,买盘
10:39:13,1113.97,-1.03,8,891176,卖盘
10:39:16,1113.97,0.0,4,445581,买盘
10:39:19,1113.96,-0.01,5,556983,中性盘
10:39:22,1115.0,1.04,14,1560586,买盘
10:39:25,1113.97,-1.03,1,111397,卖盘
10:39:30,1114.0,0.03,3,334400,中性盘
10:39:33,1115.0,1.0,1,111500,买盘
10:39:37,1115.0,0.0,1,111500,买盘
10:39:40,1113.97,-1.03,1,111397,卖盘
10:39:43,1115.0,1.03,1,111500,买盘
10:39:46,1115.0,0.0,2,223000,买盘
10:39:49,1115.0,0.0,2,223000,买盘
10:39:51,1115.0,0.0,1,111500,买盘
10:40:01,1115.0,0.0,5,557500,买盘
10:40:03,1115.01,0.01,25,2750708,买盘
10:40:07,1115.99,0.98,43,4794731,买盘
10:40:11,1116.0,0.01,18,2008780,买盘
10:40:13,1115.98,-0.02,10,1115998,卖盘
10:40:17,1116.05,0.07,4,446405,买盘
10:40:22,1116.99,0.94,1,111699,中性盘
10:40:28,1117.0,0.01,6,670197,买盘
10:40:31,1117.72,0.72,6,670560,买盘
10:40:34,1117.56,-0.16,5,558828,中性盘
10:40:37,1117.76,0.2,2,223532,买盘
10:40:40,1117.56,-0.2,5,558800,卖盘
10:40:43,1117.0,-0.56,2,223456,卖盘
10:40:44,1117.55,0.55,1,111755,买盘
10:40:49,1117.01,-0.54,1,111701,卖盘
10:40:55,1117.52,0.51,1,111752,买盘
10:40:58,1117.52,0.0,2,223504,买盘
10:41:01,1117.0,-0.52,2,223400,卖盘
10:41:04,1117.1,0.1,5,558550,中性盘
10:41:07,1117.51,0.41,9,1005718,买盘
10:41:10,1117.1,-0.41,3,335212,卖盘
10:41:16,1117.1,0.0,13,1452230,卖盘
10:41:19,1117.1,0.0,14,1563980,卖盘
10:41:22,1117.15,0.05,1,111715,买盘
10:41:25,1117.1,-0.05,1,111710,卖盘
10:41:29,1117.1,0.0,88,9830589,卖盘
10:41:31,1116.99,-0.11,13,1452119,卖盘
10:41:45,1115.01,-1.98,2,223002,卖盘
10:41:48,1116.99,1.98,1,111699,买盘
10:41:52,1116.98,-0.01,1,111698,买盘
10:42:06,1115.0,-1.98,3,334764,卖盘
10:42:10,1115.0,0.0,2,223000,买盘
10:42:14,1114.01,-0.99,6,668406,卖盘
10:42:15,1115.0,0.99,4,445802,买盘
10:42:19,1113.96,-1.04,11,1225381,卖盘
10:42:22,1113.56,-0.4,14,1559070,卖盘
10:42:25,1113.5,-0.06,7,779460,卖盘
10:42:28,1113.53,0.03,1,111353,买盘
10:42:31,1113.5,-0.03,10,1113504,卖盘
10:42:34,1113.38,-0.12,25,2829301,卖盘
10:42:37,1113.38,0.0,4,445352,买盘
10:42:40,1113.34,-0.04,2,222671,卖盘
10:42:43,1113.33,-0.01,3,334001,卖盘
10:42:46,1113.38,0.05,15,1670021,买盘
10:42:52,1113.39,0.01,3,334015,买盘
10:42:55,1113.34,-0.05,4,445348,卖盘
10:42:58,1113.37,0.03,3,334025,中性盘
10:43:01,1113.37,0.0,2,222672,中性盘
10:43:05,1113.5,0.13,1,111350,买盘
10:43:07,1113.53,0.03,5,556723,买盘
10:43:11,1113.39,-0.14,3,334028,卖盘
10:43:13,1113.53,0.14,1,111353,买盘
10:43:17,1113.53,0.0,16,1781648,买盘
10:43:19,1113.53,0.0,7,779471,买盘
10:43:31,1115.0,1.47,1,111500,买盘
10:43:43,1115.0,0.0,2,223000,卖盘
10:43:46,1113.63,-1.37,1,111363,中性盘
10:43:52,1115.33,1.7,1,111533,买盘
10:43:53,1113.6,-1.73,5,556942,卖盘
10:43:58,1115.0,1.4,1,111500,买盘
10:44:02,1113.63,-1.37,1,111363,中性盘
10:44:04,1115.0,1.37,2,223000,买盘
10:44:13,1115.04,0.04,2,223004,买盘
10:44:16,1115.0,-0.04,1,111500,卖盘
10:44:19,1114.0,-1.0,3,334304,卖盘
10:44:23,1114.0,0.0,2,222799,买盘
10:44:26,1114.04,0.04,6,669069,卖盘
10:44:27,1114.0,-0.04,5,556942,买盘
10:44:37,1113.7,-0.3,5,556885,卖盘
10:44:42,1113.7,0.0,4,445480,买盘
10:44:47,1114.0,0.3,1,111400,买盘
10:44:52,1114.03,0.03,1,111403,买盘
10:44:58,1114.0,-0.03,1,111400,买盘
10:45:02,1113.71,-0.29,2,222771,卖盘
10:45:05,1114.0,0.29,3,334200,买盘
10:45:08,1114.0,0.0,3,334171,买盘
10:45:09,1114.0,0.0,4,445573,买盘
10:45:13,1113.99,-0.01,1,111399,买盘
10:45:29,1113.8,-0.19,21,2339318,卖盘
10:45:30,1113.8,0.0,2,222760,买盘
10:45:33,1113.8,0.0,4,445520,买盘
10:45:37,1113.53,-0.27,17,1893176,卖盘
10:45:43,1113.68,0.15,2,222736,买盘
10:45:46,1113.53,-0.15,2,222721,卖盘
10:45:52,1113.68,0.15,2,222721,买盘
10:45:55,1113.8,0.12,9,1002376,买盘
10:46:01,1113.8,0.0,4,445519,买盘
10:46:04,1113.8,0.0,11,1225157,买盘
10:46:07,1113.8,0.0,10,1113800,卖盘
10:46:11,1113.79,-0.01,2,222758,买盘
10:46:13,1113.79,0.0,1,111379,买盘
10:46:16,1113.8,0.01,2,222759,买盘
10:46:22,1113.8,0.0,1,111380,买盘
10:46:25,1113.79,-0.01,3,334139,卖盘
10:46:29,1113.79,0.0,1,111379,买盘
10:46:31,1113.69,-0.1,4,445506,卖盘
10:46:35,1113.68,-0.01,1,111368,卖盘
10:46:38,1113.79,0.11,8,891032,买盘
10:46:40,1113.79,0.0,3,334137,卖盘
10:46:44,1113.79,0.0,4,445516,卖盘
10:46:46,1113.74,-0.05,2,222748,买盘
10:46:50,1113.6,-0.14,3,334094,卖盘
10:46:52,1113.74,0.14,9,1002282,买盘
10:46:55,1113.6,-0.14,3,334108,中性盘
10:46:58,1113.6,0.0,4,445434,买盘
10:47:05,1113.6,0.0,5,556800,买盘
10:47:08,1113.6,0.0,2,222720,买盘
10:47:10,1113.6,0.0,3,334080,卖盘
10:47:12,1113.74,0.14,2,222748,买盘
10:47:16,1113.74,0.0,16,1782110,买盘
10:47:20,1113.56,-0.18,9,1002252,卖盘
10:47:22,1113.56,0.0,1,111356,买盘
10:47:28,1113.61,0.05,2,222722,卖盘
10:47:30,1113.99,0.38,4,445558,买盘
10:47:43,1113.63,-0.36,3,334161,卖盘
10:47:54,1113.99,0.36,4,445546,买盘
10:48:03,1113.99,0.0,2,222798,买盘
10:48:07,1113.99,0.0,1,111399,买盘
10:48:10,1113.75,-0.24,4,445524,卖盘
10:48:13,1113.99,0.24,1,111399,买盘
10:48:16,1113.71,-0.28,2,222745,卖盘
10:48:19,1113.74,0.03,2,222748,买盘
10:48:22,1113.74,0.0,2,222748,中性盘
10:48:25,1113.99,0.25,11,1225338,买盘
10:48:31,1113.75,-0.24,1,111375,卖盘
10:48:40,1113.75,0.0,5,556875,买盘
10:48:44,1113.74,-0.01,3,334122,买盘
10:48:45,1113.74,0.0,2,222745,买盘
10:48:49,1113.74,0.0,2,222746,买盘
10:48:51,1113.74,0.0,1,111374,中性盘
10:48:59,1113.74,0.0,1,111374,买盘
10:49:08,1113.73,-0.01,1,111373,买盘
10:49:10,1113.73,0.0,4,445489,买盘
10:49:12,1113.73,0.0,2,222746,买盘
10:49:16,1113.73,0.0,1,111373,买盘
10:49:22,1113.73,0.0,5,556865,买盘
10:49:26,1113.71,-0.02,1,111371,卖盘
10:49:27,1113.71,0.0,4,445486,卖盘
10:49:31,1113.73,0.02,2,222746,买盘
10:49:34,1113.7,-0.03,3,334111,卖盘
10:49:37,1113.71,0.01,2,222741,买盘
10:49:41,1113.71,0.0,2,222742,买盘
10:49:43,1113.75,0.04,3,334123,买盘
10:49:48,1113.71,-0.04,1,111371,买盘
10:49:55,1113.75,0.04,22,2450250,买盘
10:50:01,1113.79,0.04,4,445516,买盘
10:50:05,1113.79,0.0,8,891028,买盘
10:50:07,1113.8,0.01,2,222760,买盘
10:50:10,1115.55,1.75,11,1225636,买盘
10:50:13,1115.55,0.0,2,223155,卖盘
10:50:16,1116.0,0.45,5,557955,买盘
10:50:19,1116.59,0.59,7,781613,买盘
10:50:22,1116.59,0.0,10,1116472,买盘
10:50:25,1116.59,0.0,5,558236,买盘
10:50:27,1116.59,0.0,3,334977,买盘
10:50:31,1116.6,0.01,5,558296,买盘
10:50:34,1116.45,-0.15,11,1228169,卖盘
10:50:38,1116.59,0.14,6,669955,中性盘
10:50:41,1116.6,0.01,6,669980,中性盘
10:50:42,1114.0,-2.6,13,1448400,卖盘
10:50:47,1116.7,2.7,3,334670,买盘
10:50:47,1115.99,-0.71,2,223199,卖盘
10:51:02,1115.99,0.0,6,669495,买盘
10:51:04,1115.99,0.0,14,1562386,买盘
10:51:07,1115.0,-0.99,3,334500,买盘
10:51:09,1115.98,0.98,3,334795,中性盘
10:51:15,1115.99,0.01,1,111599,买盘
10:51:20,1115.01,-0.98,2,223051,中性盘
10:51:23,1115.99,0.98,3,334625,买盘
10:51:37,1114.01,-1.98,1,111401,卖盘
10:51:40,1114.01,0.0,1,111401,中性盘
10:51:43,1114.01,0.0,41,4573074,中性盘
10:51:47,1114.0,-0.01,11,1225404,卖盘
10:51:49,1114.0,0.0,1,111400,买盘
10:51:51,1114.01,0.01,1,111401,买盘
10:51:55,1113.82,-0.19,4,445528,卖盘
10:51:58,1114.01,0.19,6,668345,买盘
10:52:05,1113.81,-0.2,3,334143,买盘
10:52:07,1115.02,1.21,2,222999,买盘
10:52:09,1113.81,-1.21,8,891107,卖盘
10:52:16,1113.8,-0.01,11,1225184,卖盘
10:52:19,1113.8,0.0,1,111380,中性盘
10:52:22,1113.81,0.01,13,1447972,买盘
10:52:24,1113.81,0.0,2,222762,卖盘
10:52:28,1113.81,0.0,13,1447953,卖盘
10:52:31,1114.97,1.16,8,891396,买盘
10:52:34,1113.81,-1.16,7,779676,卖盘
10:52:37,1113.79,-0.02,18,2004871,卖盘
10:52:41,1114.96,1.17,1,111496,买盘
10:52:45,1113.81,-1.15,13,1447930,卖盘
10:52:48,1113.76,-0.05,11,1225122,卖盘
10:52:53,1113.68,-0.08,5,556847,卖盘
10:52:55,1113.63,-0.05,4,445465,卖盘
10:52:59,1113.63,0.0,12,1336383,卖盘
10:53:01,1113.62,-0.01,9,1002246,买盘
10:53:04,1113.62,0.0,2,222717,买盘
10:53:07,1113.53,-0.09,5,556783,卖盘
10:53:10,1113.62,0.09,4,445421,买盘
10:53:14,1113.5,-0.12,11,1224954,卖盘
10:53:16,1113.55,0.05,1,111355,中性盘
10:53:20,1113.53,-0.02,13,1447553,买盘
10:53:22,1113.5,-0.03,1,111350,卖盘
10:53:26,1113.55,0.05,4,445408,买盘
10:53:29,1113.55,0.0,4,445415,买盘
10:53:34,1113.5,-0.05,8,890815,卖盘
10:53:39,1113.6,0.1,3,334048,买盘
10:53:43,1113.38,-0.22,1,111338,卖盘
10:53:46,1113.38,0.0,3,334058,中性盘
10:53:55,1113.5,0.12,2,222705,卖盘
10:53:59,1113.5,0.0,2,222710,卖盘
10:54:08,1113.55,0.05,3,334052,买盘
10:54:13,1113.51,-0.04,1,111351,卖盘
10:54:16,1113.47,-0.04,2,222694,卖盘
10:54:20,1113.47,0.0,12,1336172,买盘
10:54:26,1113.47,0.0,2,222694,买盘
10:54:28,1113.47,0.0,10,1113421,买盘
10:54:35,1113.47,0.0,1,111347,买盘
10:54:38,1113.47,0.0,5,556735,买盘
10:54:39,1113.47,0.0,3,334041,买盘
10:54:44,1113.36,-0.11,6,668044,卖盘
10:54:47,1113.38,0.02,2,222685,中性盘
10:54:50,1113.46,0.08,5,556695,买盘
10:54:53,1113.35,-0.11,5,556676,卖盘
10:54:55,1113.36,0.01,2,222672,卖盘
10:54:59,1113.37,0.01,2,222673,买盘
10:55:01,1113.36,-0.01,7,779352,卖盘
10:55:04,1113.33,-0.03,15,1670004,卖盘
10:55:08,1113.31,-0.02,7,682471,卖盘
10:55:11,1113.2,-0.11,16,1781266,卖盘
10:55:14,1113.06,-0.14,6,667918,卖盘
10:55:16,1113.01,-0.05,7,779112,卖盘
10:55:20,1113.01,0.0,2,222602,卖盘
10:55:23,1113.0,-0.01,34,3784201,卖盘
10:55:26,1113.01,0.01,7,779102,买盘
10:55:29,1113.0,-0.01,5,556500,卖盘
10:55:31,1113.0,0.0,3,333900,卖盘
10:55:38,1113.0,0.0,4,445202,卖盘
10:55:40,1113.0,0.0,2,222601,卖盘
10:55:44,1113.01,0.01,1,111301,买盘
10:55:47,1113.0,-0.01,1,111300,卖盘
10:55:50,1113.0,0.0,17,1892103,卖盘
10:55:53,1112.86,-0.14,9,1001639,卖盘
10:55:56,1112.99,0.13,1,111299,买盘
10:55:58,1112.99,0.0,11,1224137,买盘
10:56:02,1112.68,-0.31,1,111268,卖盘
10:56:03,1112.65,-0.03,2,222533,卖盘
10:56:07,1112.65,0.0,4,445060,买盘
10:56:10,1112.59,-0.06,4,445037,卖盘
10:56:14,1112.65,0.06,15,1668969,买盘
10:56:17,1112.56,-0.09,3,333789,卖盘
10:56:18,1112.56,0.0,1,111256,买盘
10:56:23,1112.56,0.0,1,111256,买盘
10:56:26,1112.56,0.0,4,445024,买盘
10:56:28,1112.55,-0.01,2,222511,卖盘
10:56:32,1112.55,0.0,3,333765,卖盘
10:56:35,1112.56,0.01,7,778791,买盘
10:56:38,1112.55,-0.01,2,222510,买盘
10:56:41,1112.5,-0.05,8,895576,买盘
10:56:42,1112.52,0.02,2,216942,买盘
10:56:47,1112.51,-0.01,3,333758,卖盘
10:56:50,1112.5,-0.01,11,1223785,买盘
10:56:53,1112.5,0.0,9,1006816,卖盘
10:56:56,1112.5,0.0,3,333750,买盘
10:56:58,1112.4,-0.1,9,1001140,卖盘
10:57:02,1112.38,-0.02,4,444954,卖盘
10:57:05,1112.4,0.02,12,1334860,买盘
10:57:08,1112.5,0.1,23,2558683,买盘
10:57:11,1112.3,-0.2,32,3559396,卖盘
10:57:14,1112.31,0.01,1,111231,中性盘
10:57:17,1112.31,0.0,4,444923,买盘
10:57:20,1112.38,0.07,5,556182,买盘
10:57:23,1112.31,-0.07,7,778651,卖盘
10:57:29,1112.38,0.07,1,111238,卖盘
10:57:32,1112.38,0.0,6,667458,卖盘
10:57:38,1112.34,-0.04,2,222468,买盘
10:57:39,1112.34,0.0,8,889872,买盘
10:57:44,1112.31,-0.03,10,1112313,卖盘
10:57:47,1112.31,0.0,2,222462,买盘
10:57:50,1112.31,0.0,2,222462,买盘
10:57:53,1112.3,-0.01,3,333692,卖盘
10:57:56,1112.3,0.0,3,333690,卖盘
10:57:59,1112.31,0.01,4,444923,买盘
10:58:02,1112.28,-0.03,17,1890903,卖盘
10:58:05,1112.31,0.03,10,1112289,买盘
10:58:07,1112.3,-0.01,2,222460,买盘
10:58:11,1112.3,0.0,1,111230,买盘
10:58:14,1112.3,0.0,63,7007480,买盘
10:58:17,1112.26,-0.04,7,778598,卖盘
10:58:23,1112.26,0.0,1,111226,买盘
10:58:26,1112.26,0.0,2,222452,买盘
10:58:29,1112.26,0.0,1,111226,卖盘
10:58:32,1112.26,0.0,4,444908,卖盘
10:58:35,1112.28,0.02,3,333682,买盘
10:58:38,1112.28,0.0,1,111228,买盘
10:58:41,1112.26,-0.02,7,778582,卖盘
10:58:44,1112.28,0.02,3,333684,买盘
10:58:47,1112.28,0.0,4,444912,买盘
10:58:48,1112.28,0.0,4,444912,买盘
10:59:00,1112.27,-0.01,7,778594,中性盘
10:59:04,1112.27,0.0,4,444908,买盘
10:59:08,1112.0,-0.27,179,19905162,卖盘
10:59:11,1111.99,-0.01,3,333597,卖盘
10:59:17,1111.9,-0.09,3,333579,卖盘
10:59:20,1111.88,-0.02,6,667136,卖盘
10:59:22,1111.99,0.11,1,111199,买盘
10:59:29,1111.88,-0.11,1,111188,卖盘
10:59:30,1111.88,0.0,3,333564,卖盘
10:59:37,1111.8,-0.08,4,444736,卖盘
10:59:41,1111.9,0.1,11,1223075,买盘
10:59:44,1111.88,-0.02,2,222378,中性盘
10:59:47,1111.88,0.0,2,222376,卖盘
10:59:50,1111.88,0.0,3,333564,卖盘
10:59:53,1111.89,0.01,5,555947,中性盘
10:59:56,1111.89,0.0,1,111189,买盘
10:59:59,1111.89,0.0,1,111189,买盘
11:00:02,1111.89,0.0,3,333567,买盘
11:00:05,1111.89,0.0,12,1334248,买盘
11:00:08,1111.89,0.0,7,778322,买盘
11:00:11,1111.9,0.01,8,889517,买盘
11:00:12,1111.92,0.02,23,2557552,中性盘
11:00:17,1112.0,0.08,37,4114376,买盘
11:00:19,1112.0,0.0,7,778392,买盘
11:00:23,1112.0,0.0,3,333600,买盘
11:00:24,1111.99,-0.01,2,222399,卖盘
11:00:27,1112.01,0.02,1,111201,卖盘
11:00:32,1112.0,-0.01,3,333646,卖盘
11:00:35,1112.05,0.05,2,222428,卖盘
11:00:38,1112.0,-0.05,6,667235,卖盘
11:00:41,1112.23,0.23,1,111223,卖盘
11:00:43,1112.35,0.12,5,556161,买盘
11:00:46,1112.3,-0.05,1,111230,卖盘
11:00:50,1112.5,0.2,2,222500,买盘
11:00:53,1112.3,-0.2,3,333730,卖盘
11:00:56,1112.5,0.2,3,333750,买盘
11:00:59,1112.35,-0.15,1,111235,卖盘
11:01:01,1112.1,-0.25,10,1112249,卖盘
11:01:05,1112.49,0.39,2,222499,中性盘
11:01:08,1112.49,0.0,4,444982,买盘
11:01:11,1112.49,0.0,2,222498,买盘
11:01:17,1112.49,0.0,3,333747,买盘
11:01:20,1112.5,0.01,7,778750,买盘
11:01:26,1112.5,0.0,6,667530,卖盘
11:01:29,1112.51,0.01,1,111251,中性盘
11:01:35,1112.5,-0.01,1,111250,卖盘
11:01:38,1112.8,0.3,5,556341,买盘
11:01:40,1112.8,0.0,6,667532,买盘
11:01:43,1112.8,0.0,2,222560,买盘
11:01:47,1112.52,-0.28,4,445092,卖盘
11:01:50,1112.8,0.28,9,1001520,买盘
11:01:52,1113.01,0.21,1,111301,买盘
11:02:02,1113.3,0.29,4,445192,买盘
11:02:05,1113.01,-0.29,1,111301,中性盘
11:02:11,1113.01,0.0,16,1780602,中性盘
11:02:14,1112.85,-0.16,3,333876,卖盘
11:02:16,1113.01,0.16,1,111301,中性盘
11:02:23,1112.85,-0.16,2,222570,卖盘
11:02:26,1112.85,0.0,6,667758,卖盘
11:02:29,1113.33,0.48,4,445284,买盘
11:02:32,1112.85,-0.48,2,222570,卖盘
11:02:34,1113.33,0.48,7,779188,买盘
11:02:37,1112.88,-0.45,6,667953,中性盘
11:02:39,1112.88,0.0,1,111288,卖盘
11:02:46,1113.33,0.45,1,111333,买盘
11:02:49,1112.88,-0.45,2,222621,卖盘
11:02:50,1112.88,0.0,2,222576,卖盘
11:02:59,1113.33,0.45,1,111333,买盘
11:03:02,1112.85,-0.48,14,1558005,卖盘
11:03:04,1112.85,0.0,2,222573,卖盘
11:03:07,1113.27,0.42,3,333981,买盘
11:03:13,1112.85,-0.42,5,556471,卖盘
11:03:16,1112.85,0.0,2,222570,卖盘
11:03:18,1113.28,0.43,2,222656,买盘
11:03:23,1112.88,-0.4,1,111288,卖盘
11:03:26,1112.88,0.0,2,222574,买盘
11:03:32,1113.28,0.4,17,1892056,买盘
11:03:35,1113.28,0.0,14,1558592,买盘
11:03:37,1113.33,0.05,42,4675968,买盘
11:03:41,1113.89,0.56,11,1247263,卖盘
11:03:43,1114.81,0.92,42,4677240,买盘
11:03:46,1114.81,0.0,6,668706,买盘
11:03:49,1114.77,-0.04,4,445908,中性盘
11:03:53,1114.77,0.0,2,222954,买盘
11:03:56,1114.77,0.0,3,312136,卖盘
11:04:02,1115.0,0.23,5,557500,买盘
11:04:04,1115.0,0.0,3,334500,买盘
11:04:08,1115.99,0.99,15,1673100,买盘
11:04:11,1115.0,-0.99,5,557473,卖盘
11:04:14,1114.99,-0.01,4,446297,中性盘
11:04:17,1114.77,-0.22,1,111477,买盘
11:04:19,1114.77,0.0,1,111477,买盘
11:04:22,1114.77,0.0,2,222954,买盘
11:04:29,1116.0,1.23,6,669599,买盘
11:04:31,1115.98,-0.02,8,892549,买盘
11:04:34,1115.98,0.0,3,334554,买盘
11:04:38,1115.97,-0.01,1,111597,中性盘
11:04:41,1115.98,0.01,1,111598,买盘
11:04:42,1115.97,-0.01,2,223194,中性盘
11:04:46,1115.96,-0.01,2,223181,中性盘
11:04:48,1115.78,-0.18,2,223057,中性盘
11:04:56,1114.77,-1.01,16,1783647,卖盘
11:04:57,1114.72,-0.05,1,111472,买盘
11:05:01,1113.1,-1.62,1,111310,卖盘
11:05:05,1113.2,0.1,2,222797,中性盘
11:05:11,1114.77,1.57,1,111477,买盘
11:05:14,1113.2,-1.57,2,222640,卖盘
11:05:20,1113.14,-0.06,2,222619,买盘
11:05:26,1113.14,0.0,1,111314,买盘
11:05:29,1113.0,-0.14,2,222601,卖盘
11:05:30,1113.14,0.14,2,222614,买盘
11:05:38,1113.0,-0.14,2,222600,卖盘
11:05:40,1113.0,0.0,25,2871589,卖盘
11:05:42,1113.0,0.0,3,333884,买盘
11:05:49,1112.89,-0.11,3,333887,卖盘
11:05:56,1112.88,-0.01,10,1112893,卖盘
11:05:59,1112.89,0.01,2,222577,买盘
11:06:04,1112.99,0.1,3,333887,买盘
11:06:10,1112.85,-0.14,11,1224166,卖盘
11:06:14,1112.83,-0.02,2,222537,买盘
11:06:16,1112.54,-0.29,2,222537,卖盘
11:06:22,1112.85,0.31,3,333854,买盘
11:06:26,1112.8,-0.05,1,111280,卖盘
11:06:27,1112.84,0.04,1,111284,买盘
11:06:30,1112.84,0.0,8,890272,买盘
11:06:33,1112.84,0.0,11,1224259,卖盘
11:06:38,1112.84,0.0,1,111284,中性盘
11:06:41,1112.83,-0.01,2,222566,卖盘
11:06:44,1112.83,0.0,5,556387,卖盘
11:06:47,1112.54,-0.29,1,111254,卖盘
11:06:49,1112.99,0.45,19,2114529,买盘
11:06:56,1113.0,0.01,1,111300,买盘
11:06:58,1112.99,-0.01,6,667797,卖盘
11:07:02,1113.0,0.01,2,222599,买盘
11:07:05,1112.99,-0.01,38,4229392,卖盘
11:07:08,1112.94,-0.05,2,222593,中性盘
11:07:17,1112.99,0.05,1,111299,买盘
11:07:19,1112.94,-0.05,2,222593,卖盘
11:07:23,1113.0,0.06,1,111300,买盘
11:07:28,1112.99,-0.01,2,222599,卖盘
11:07:41,1113.0,0.01,2,222600,买盘
11:07:44,1113.0,0.0,3,333900,买盘
11:07:47,1113.0,0.0,4,445200,买盘
11:07:48,1113.0,0.0,9,1001694,买盘
11:07:52,1112.99,-0.01,2,222599,卖盘
11:07:54,1113.15,0.16,9,912675,买盘
11:07:58,1113.0,-0.15,1,111300,卖盘
11:08:05,1113.34,0.34,1,111334,买盘
11:08:14,1113.34,0.0,1,111334,买盘
11:08:14,1113.05,-0.29,2,222639,卖盘
11:08:20,1113.34,0.29,2,222668,买盘
11:08:22,1113.07,-0.27,1,111307,卖盘
11:08:29,1113.34,0.27,1,111334,买盘
11:08:35,1113.05,-0.29,8,890643,卖盘
11:08:47,1113.99,0.94,3,334197,买盘
11:08:49,1113.99,0.0,1,111399,买盘
11:08:55,1113.34,-0.65,3,352993,卖盘
11:08:58,1113.34,0.0,1,111334,卖盘
11:09:01,1114.0,0.66,1,111400,买盘
11:09:05,1113.99,-0.01,2,222798,卖盘
11:09:08,1113.99,0.0,1,88006,卖盘
11:09:11,1114.0,0.01,1,111400,买盘
11:09:13,1114.0,0.0,1,111400,买盘
11:09:20,1113.99,-0.01,2,222798,卖盘
11:09:23,1114.0,0.01,16,1782398,买盘
11:09:26,1113.99,-0.01,3,334198,卖盘
11:09:28,1114.0,0.01,2,222800,买盘
11:09:30,1113.99,-0.01,2,222799,卖盘
11:09:34,1114.0,0.01,21,2339400,买盘
11:09:38,1114.0,0.0,3,334205,卖盘
11:09:43,1114.76,0.76,2,222876,买盘
11:09:46,1114.76,0.0,5,557380,买盘
11:09:52,1114.76,0.0,4,445907,卖盘
11:09:55,1114.77,0.01,3,334431,买盘
11:09:57,1114.77,0.0,2,222953,买盘
11:10:01,1114.77,0.0,3,334430,买盘
11:10:04,1114.77,0.0,21,2341011,买盘
11:10:07,1114.78,0.01,40,4459117,买盘
11:10:11,1114.78,0.0,11,1226261,卖盘
11:10:14,1115.0,0.22,3,334500,买盘
11:10:16,1115.0,0.0,8,892000,买盘
11:10:19,1115.34,0.34,3,334534,买盘
11:10:22,1115.78,0.44,2,223156,买盘
11:10:26,1115.2,-0.58,2,223054,卖盘
11:10:29,1115.5,0.3,7,780790,中性盘
11:10:31,1115.5,0.0,6,669520,卖盘
11:10:34,1115.94,0.44,8,892705,买盘
11:10:40,1115.93,-0.01,3,334779,买盘
11:10:42,1115.93,0.0,4,446373,中性盘
11:10:46,1115.8,-0.13,7,781122,卖盘
11:10:49,1115.8,0.0,3,334680,买盘
11:10:56,1115.2,-0.6,1,111520,买盘
11:11:02,1115.8,0.6,2,300106,买盘
11:11:05,1114.8,-1.0,3,334573,买盘
11:11:11,1114.8,0.0,4,446220,卖盘
11:11:13,1115.78,0.98,1,111578,买盘
11:11:23,1115.76,-0.02,2,223152,买盘
11:11:25,1115.79,0.03,1,111579,买盘
11:11:27,1115.8,0.01,7,781057,买盘
11:11:31,1115.8,0.0,3,334740,买盘
11:11:35,1114.8,-1.0,3,334536,卖盘
11:11:37,1115.8,1.0,1,111580,买盘
11:11:40,1115.76,-0.04,1,111576,买盘
11:11:43,1115.76,0.0,1,111576,中性盘
11:11:46,1115.76,0.0,1,111576,买盘
11:11:49,1115.76,0.0,1,111576,买盘
11:11:52,1114.8,-0.96,5,557784,卖盘
11:11:56,1114.8,0.0,1,110365,卖盘
11:12:01,1115.76,0.96,1,111576,买盘
11:12:04,1115.0,-0.76,2,222980,中性盘
11:12:07,1115.75,0.75,2,223065,买盘
11:12:11,1115.0,-0.75,1,54635,卖盘
11:12:12,1115.76,0.76,1,111576,买盘
11:12:17,1115.74,-0.02,1,111574,买盘
11:12:19,1115.76,0.02,2,223152,买盘
11:12:28,1115.93,0.17,6,669558,买盘
11:12:31,1115.93,0.0,1,111593,买盘
11:12:34,1115.93,0.0,9,1004312,买盘
11:12:38,1115.76,-0.17,2,223152,卖盘
11:12:41,1115.74,-0.02,3,314640,卖盘
11:12:44,1115.76,0.02,2,216456,买盘
11:12:46,1115.76,0.0,2,223152,买盘
11:12:49,1115.76,0.0,1,111576,买盘
11:12:52,1115.76,0.0,6,669456,买盘
11:12:58,1115.74,-0.02,1,111574,卖盘
11:13:01,1115.74,0.0,3,361500,卖盘
11:13:03,1115.74,0.0,1,111574,买盘
11:13:09,1115.74,0.0,1,111574,买盘
11:13:16,1115.75,0.01,2,223149,买盘
11:13:19,1115.75,0.0,3,334723,中性盘
11:13:25,1115.76,0.01,1,111576,买盘
11:13:28,1115.75,-0.01,10,1170430,卖盘
11:13:37,1115.74,-0.01,13,1450462,卖盘
11:13:46,1115.73,-0.01,1,111573,买盘
11:13:49,1115.75,0.02,20,2231479,买盘
11:13:52,1115.75,0.0,1,114923,卖盘
11:13:58,1115.76,0.01,6,669453,买盘
11:14:05,1115.75,-0.01,2,223151,卖盘
11:14:08,1115.76,0.01,2,223152,买盘
11:14:10,1115.76,0.0,2,223152,买盘
11:14:13,1115.74,-0.02,13,1447125,卖盘
11:14:17,1115.73,-0.01,1,111573,买盘
11:14:19,1115.03,-0.7,2,166210,卖盘
11:14:23,1115.03,0.0,1,111503,买盘
11:14:25,1115.74,0.71,8,892586,买盘
11:14:28,1115.03,-0.71,3,368173,卖盘
11:14:38,1115.0,-0.03,1,111502,买盘
11:14:44,1115.03,0.03,1,111503,买盘
11:14:46,1114.91,-0.12,3,334497,卖盘
11:14:49,1115.0,0.09,2,199578,买盘
11:14:52,1114.9,-0.1,1,111490,卖盘
11:14:55,1114.78,-0.12,3,334448,买盘
11:14:58,1114.89,0.11,1,111489,中性盘
11:14:59,1114.78,-0.11,2,222968,卖盘
11:15:02,1114.78,0.0,4,445923,卖盘
11:15:07,1114.0,-0.78,4,445790,买盘
11:15:19,1114.0,0.0,1,111400,卖盘
11:15:22,1114.0,0.0,1,101374,买盘
11:15:25,1114.78,0.78,2,222878,买盘
11:15:31,1113.8,-0.98,3,334156,卖盘
11:15:35,1113.5,-0.3,26,2940420,卖盘
11:15:37,1113.0,-0.5,8,890516,买盘
11:15:41,1113.79,0.79,1,111379,买盘
11:15:43,1113.79,0.0,3,333980,买盘
11:15:46,1113.79,0.0,1,111379,买盘
11:15:49,1113.02,-0.77,2,222681,中性盘
11:15:52,1113.02,0.0,2,222604,卖盘
11:15:58,1113.02,0.0,6,649045,卖盘
11:16:04,1113.79,0.77,6,668045,买盘
11:16:07,1113.79,0.0,3,333985,买盘
11:16:10,1113.02,-0.77,4,445209,卖盘
11:16:13,1113.33,0.31,8,890447,中性盘
11:16:16,1113.01,-0.32,7,779195,买盘
11:16:20,1113.77,0.76,1,111377,买盘
11:16:28,1113.77,0.0,1,111377,买盘
11:16:32,1113.77,0.0,5,509966,买盘
11:16:34,1113.3,-0.47,3,334037,卖盘
11:16:39,1113.3,0.0,3,333995,卖盘
11:16:43,1113.3,0.0,2,222660,买盘
11:16:44,1113.3,0.0,1,111330,买盘
11:16:49,1113.3,0.0,2,222660,买盘
11:16:52,1113.25,-0.05,1,111325,中性盘
11:16:55,1113.25,0.0,25,2782608,买盘
11:16:58,1113.29,0.04,3,333988,中性盘
11:17:05,1113.3,0.01,2,222659,买盘
11:17:07,1112.99,-0.31,25,2782558,卖盘
11:17:16,1112.5,-0.49,24,2670315,卖盘
11:17:20,1113.29,0.79,1,111329,卖盘
11:17:22,1113.76,0.47,2,222626,买盘
11:17:26,1113.76,0.0,1,111376,买盘
11:17:28,1113.0,-0.76,4,441987,卖盘
11:17:32,1112.0,-1.0,28,3114400,卖盘
11:17:35,1112.5,0.5,3,406440,卖盘
11:17:37,1113.76,1.26,3,333905,买盘
11:17:43,1112.0,-1.76,18,2002113,卖盘
11:17:46,1113.75,1.75,1,111375,买盘
11:17:52,1113.74,-0.01,4,445496,买盘
11:17:56,1113.74,0.0,19,2114544,买盘
11:17:58,1113.74,0.0,3,334122,买盘
11:18:02,1113.74,0.0,3,334122,买盘
11:18:08,1113.5,-0.24,3,333915,买盘
11:18:10,1112.79,-0.71,1,111279,中性盘
11:18:20,1112.8,0.01,1,111280,卖盘
11:18:22,1112.79,-0.01,2,159200,卖盘
11:18:31,1112.79,0.0,1,111279,买盘
11:18:34,1112.79,0.0,1,111279,买盘
11:18:35,1112.79,0.0,5,548598,买盘
11:18:40,1113.5,0.71,2,222629,买盘
11:18:43,1113.5,0.0,3,333902,买盘
11:18:52,1112.8,-0.7,4,445110,卖盘
11:18:55,1112.79,-0.01,2,222558,卖盘
11:19:01,1113.5,0.71,10,1113500,买盘
11:19:07,1113.49,-0.01,3,333949,买盘
11:19:11,1113.0,-0.49,8,890530,卖盘
11:19:12,1113.0,0.0,1,111300,买盘
11:19:16,1113.0,0.0,1,111300,买盘
11:19:20,1112.8,-0.2,2,222560,卖盘
11:19:20,1112.8,0.0,1,56753,卖盘
11:19:28,1112.69,-0.11,5,610905,卖盘
11:19:34,1112.64,0.0,1,111264,买盘
11:19:40,1112.53,-0.11,94,10399608,中性盘
11:19:43,1112.53,0.0,3,389405,买盘
11:19:52,1112.47,-0.06,2,222494,买盘
11:19:55,1112.47,0.0,1,55624,卖盘
11:20:01,1112.47,0.0,2,222494,买盘
11:20:04,1112.51,0.04,3,278126,卖盘
11:20:07,1112.47,-0.04,8,889729,卖盘
11:20:10,1112.0,-0.47,33,3669680,卖盘
11:20:13,1112.5,0.5,1,111250,买盘
11:20:14,1112.5,0.0,22,2503245,中性盘
11:20:19,1112.0,-0.5,12,1334425,买盘
11:20:22,1111.99,-0.01,10,1127560,卖盘
11:20:25,1112.0,0.01,16,1779192,买盘
11:20:29,1112.0,0.0,4,429231,买盘
11:20:31,1112.0,0.0,1,111200,卖盘
11:20:35,1112.16,0.16,8,889712,买盘
11:20:37,1112.0,-0.16,9,1000832,卖盘
11:20:40,1112.0,0.0,48,5272899,卖盘
11:20:43,1112.0,0.0,6,731696,卖盘
11:20:44,1112.0,0.0,5,555985,买盘
11:20:49,1111.85,-0.15,3,287999,卖盘
11:20:52,1112.0,0.15,1,111200,中性盘
11:20:55,1111.85,-0.15,2,222370,卖盘
11:20:58,1111.5,-0.35,41,4618521,卖盘
11:21:02,1111.49,-0.01,4,444596,卖盘
11:21:02,1111.49,0.0,4,444590,买盘
11:21:07,1111.49,0.0,5,555745,买盘
11:21:09,1111.46,-0.03,7,778026,卖盘
11:21:13,1111.49,0.03,5,555746,卖盘
11:21:16,1111.5,0.01,7,778049,买盘
11:21:19,1111.49,-0.01,7,730249,卖盘
11:21:22,1111.46,-0.03,3,333447,买盘
11:21:25,1111.5,0.04,2,222300,买盘
11:21:27,1111.5,0.0,4,444599,买盘
11:21:31,1111.49,-0.01,56,6224199,卖盘
11:21:34,1111.5,0.01,44,4861695,买盘
11:21:37,1111.5,0.0,6,666950,卖盘
11:21:39,1112.0,0.5,2,222400,买盘
11:21:43,1111.5,-0.5,1,111150,卖盘
11:21:46,1111.5,0.0,3,333450,卖盘
11:21:49,1111.5,0.0,1,111150,卖盘
11:21:52,1111.5,0.0,5,555849,卖盘
11:21:55,1111.99,0.49,5,555848,买盘
11:21:57,1111.52,-0.47,2,222312,卖盘
11:22:01,1111.99,0.47,2,222398,买盘
11:22:04,1111.11,-0.88,38,4223216,卖盘
11:22:07,1111.99,0.88,3,333597,买盘
11:22:10,1111.99,0.0,4,444796,买盘
11:22:13,1111.55,-0.44,1,111155,卖盘
11:22:16,1111.99,0.44,1,111199,卖盘
11:22:19,1112.0,0.01,1,111200,买盘
11:22:22,1112.0,0.0,1,111200,买盘
11:22:25,1111.55,-0.45,4,444753,卖盘
11:22:31,1111.1,-0.45,52,5779045,卖盘
11:22:40,1111.04,-0.56,20,2247966,买盘
11:22:43,1111.0,-0.04,45,4999529,卖盘
11:22:49,1111.55,0.55,90,9999607,买盘
11:22:52,1111.0,-0.55,1,111100,卖盘
11:22:55,1111.0,0.0,14,1555670,卖盘
11:22:58,1111.0,0.0,7,777700,卖盘
11:23:01,1111.0,0.0,57,6332702,卖盘
11:23:07,1111.54,0.54,4,444507,买盘
11:23:10,1110.91,-0.63,2,222182,卖盘
11:23:13,1111.0,0.09,1,103323,中性盘
11:23:16,1111.54,0.54,1,111154,买盘
11:23:19,1111.01,-0.53,2,222255,中性盘
11:23:22,1111.5,0.49,1,111150,买盘
11:23:25,1111.01,-0.49,4,363349,卖盘
11:23:28,1111.0,-0.01,21,2421981,买盘
11:23:29,1111.0,0.0,4,444400,买盘
11:23:34,1111.0,0.0,5,466620,买盘
11:23:37,1111.01,0.01,5,556614,买盘
11:23:40,1111.47,0.46,1,112258,中性盘
11:23:43,1111.5,0.03,2,222298,买盘
11:23:46,1111.5,0.0,20,2222998,买盘
11:23:49,1111.55,0.05,12,1419443,买盘
11:23:52,1112.0,0.45,15,1667955,买盘
11:23:55,1112.0,0.0,31,3366019,买盘
11:23:57,1112.3,0.3,1,111230,买盘
11:24:01,1112.38,0.08,3,350391,买盘
11:24:04,1112.38,0.0,7,778669,买盘
11:24:07,1112.1,-0.28,1,111210,卖盘
11:24:10,1112.0,-0.1,14,1590616,卖盘
11:24:13,1112.41,0.41,4,444927,买盘
11:24:16,1112.38,-0.03,1,111238,中性盘
11:24:19,1112.38,0.0,2,259178,中性盘
11:24:22,1112.38,0.0,3,333689,中性盘
11:24:25,1112.41,0.03,1,111241,买盘
11:24:28,1112.35,-0.06,3,293669,卖盘
11:24:31,1112.41,0.06,1,111241,买盘
11:24:34,1112.38,-0.03,1,129036,卖盘
11:24:35,1112.38,0.0,2,222479,卖盘
11:24:40,1112.41,0.03,1,111241,买盘
11:24:43,1112.38,-0.03,1,111238,卖盘
11:24:44,1112.4,0.02,2,179095,中性盘
11:24:49,1112.35,-0.05,4,441619,卖盘
11:24:55,1112.41,0.06,3,333719,买盘
11:24:58,1112.41,0.0,3,333720,买盘
11:24:59,1112.41,0.0,3,410465,买盘
11:25:04,1112.41,0.0,1,111241,买盘
11:25:07,1112.33,-0.08,4,369306,卖盘
11:25:12,1112.33,0.0,9,1072334,卖盘
11:25:19,1112.41,0.08,4,432721,买盘
11:25:25,1112.33,-0.08,2,236935,买盘
11:25:29,1112.34,0.01,1,98998,中性盘
11:25:34,1112.41,0.07,2,222482,买盘
11:25:37,1112.1,-0.31,7,724084,买盘
11:25:43,1112.41,0.31,1,111241,买盘
11:25:46,1112.33,-0.08,1,111233,卖盘
11:25:47,1112.41,0.08,17,1891097,买盘
11:25:50,1112.42,0.01,1,111242,买盘
11:25:55,1112.39,-0.03,4,444962,卖盘
11:25:58,1112.39,0.0,1,111239,卖盘
11:26:01,1112.42,0.03,15,1668605,买盘
11:26:02,1112.12,-0.3,2,265846,卖盘
11:26:10,1112.33,0.21,1,111233,卖盘
11:26:16,1112.13,-0.2,3,333678,卖盘
11:26:17,1112.33,0.2,1,111233,卖盘
11:26:22,1112.33,0.0,1,111233,卖盘
11:26:25,1112.33,0.0,2,222463,中性盘
11:26:28,1112.12,-0.21,4,408175,卖盘
11:26:31,1112.32,0.2,1,111232,买盘
11:26:34,1112.1,-0.22,26,2892804,卖盘
11:26:37,1112.32,0.22,8,889837,买盘
11:26:40,1112.33,0.01,1,111233,买盘
11:26:42,1112.13,-0.2,1,111213,卖盘
11:26:44,1112.13,0.0,1,96755,卖盘
11:26:49,1112.13,0.0,5,556071,卖盘
11:26:52,1112.15,0.02,2,255793,中性盘
11:26:55,1112.15,0.0,1,111215,卖盘
11:26:58,1112.39,0.24,1,111239,买盘
11:27:01,1112.15,-0.24,4,388164,卖盘
11:27:02,1112.39,0.24,1,111239,买盘
11:27:07,1112.39,0.0,6,667338,买盘
11:27:09,1112.15,-0.24,2,280262,卖盘
11:27:13,1112.15,0.0,2,222430,买盘
11:27:19,1112.16,0.01,1,106767,卖盘
11:27:22,1112.16,0.0,2,177968,买盘
11:27:28,1112.16,0.0,1,111216,卖盘
11:27:29,1112.15,-0.01,10,1112160,卖盘
11:27:33,1112.3,0.15,3,333672,中性盘
11:27:35,1112.38,0.08,6,740808,买盘
11:27:43,1112.38,0.0,28,3114664,买盘
11:27:46,1112.39,0.01,18,2002293,买盘
11:27:49,1112.41,0.02,40,4449588,买盘
11:27:50,1113.47,1.06,4,445092,买盘
11:27:53,1113.5,0.03,4,445393,买盘
11:27:58,1112.38,-1.12,18,2002425,卖盘
11:28:01,1113.5,1.12,52,5784396,买盘
11:28:05,1113.47,-0.03,3,333940,中性盘
11:28:12,1112.42,-1.05,2,229158,卖盘
11:28:17,1113.46,1.04,1,111346,买盘
11:28:19,1112.42,-1.04,4,444968,卖盘
11:28:20,1112.42,0.0,3,276993,卖盘
11:28:25,1113.4,0.98,3,334020,买盘
11:28:27,1112.42,-0.98,2,222582,卖盘
11:28:31,1112.5,0.08,3,302680,中性盘
11:28:34,1112.0,-0.5,71,7901943,买盘
11:28:37,1112.0,0.0,17,1959340,买盘
11:28:43,1112.42,0.42,8,889929,买盘
11:28:46,1113.4,0.98,5,522019,买盘
11:28:49,1113.4,0.0,1,111340,买盘
11:28:52,1113.4,0.0,10,1161559,买盘
11:28:55,1112.42,-0.98,13,1461719,卖盘
11:28:57,1113.51,1.09,15,1670118,买盘
11:29:01,1113.47,-0.04,5,556735,中性盘
11:29:04,1113.73,0.26,4,445468,买盘
11:29:13,1113.48,-0.25,1,111348,卖盘
11:29:19,1113.4,-0.08,28,3117565,卖盘
11:29:22,1113.47,0.07,8,890773,中性盘
11:29:25,1113.44,-0.03,1,54559,中性盘
11:29:31,1113.5,0.03,35,3897207,买盘
11:29:34,1113.47,-0.03,3,334044,卖盘
11:29:37,1113.4,-0.07,9,1002117,卖盘
11:29:40,1113.0,-0.4,47,5231100,卖盘
11:29:43,1113.4,0.4,1,111340,买盘
11:29:53,1113.73,0.33,27,3006279,买盘
11:29:58,1113.73,0.0,22,2450173,买盘
11:30:01,1113.73,0.0,1,111373,买盘
13:00:02,1113.4,-0.33,94,10464442,卖盘
13:00:05,1113.4,0.0,102,11355815,买盘
13:00:08,1113.4,0.0,29,3228320,买盘
13:00:11,1113.01,-0.39,48,5343241,卖盘
13:00:14,1113.43,0.42,19,2031221,买盘
13:00:17,1113.38,-0.05,29,3228926,卖盘
13:00:20,1113.38,0.0,9,1002027,卖盘
13:00:23,1113.4,0.02,36,4008358,买盘
13:00:26,1113.46,0.06,14,1558802,买盘
13:00:29,1113.38,-0.08,38,4230934,卖盘
13:00:32,1113.46,0.08,12,1336088,买盘
13:00:35,1113.38,-0.08,43,4788331,卖盘
13:00:37,1112.51,-0.87,16,1780881,卖盘
13:00:41,1113.09,0.58,25,2782551,买盘
13:00:44,1112.53,-0.56,4,445059,卖盘
13:00:47,1113.0,0.47,12,1309766,买盘
13:00:49,1113.7,0.7,43,4806441,买盘
13:00:53,1113.01,-0.69,8,897501,卖盘
13:00:54,1113.01,0.0,6,667855,卖盘
13:00:59,1113.46,0.45,8,890798,中性盘
13:01:00,1113.69,0.23,32,3562579,买盘
13:01:05,1113.73,0.04,31,3452514,买盘
13:01:08,1113.7,-0.03,82,9127094,中性盘
13:01:11,1113.5,-0.2,34,3786458,卖盘
13:01:14,1114.0,0.5,34,3826768,买盘
13:01:17,1114.07,0.07,48,5339368,买盘
13:01:20,1114.18,0.11,5,557100,买盘
13:01:23,1114.12,-0.06,19,2116822,卖盘
13:01:26,1114.99,0.87,15,1670662,买盘
13:01:29,1114.18,-0.81,56,6237604,中性盘
13:01:32,1115.0,0.82,14,1559779,买盘
13:01:35,1115.0,0.0,7,780500,卖盘
13:01:38,1115.0,0.0,23,2562849,买盘
13:01:41,1113.5,-1.5,12,1337850,卖盘
13:01:43,1115.2,1.7,13,1449946,买盘
13:01:45,1115.02,-0.18,3,334542,卖盘
13:01:50,1113.53,-1.49,6,668118,中性盘
13:01:53,1115.0,1.47,8,892208,卖盘
13:01:56,1115.52,0.52,8,892216,买盘
13:01:57,1115.52,0.0,2,223104,买盘
13:02:02,1115.51,-0.01,5,557482,中性盘
13:02:05,1115.52,0.01,3,334653,买盘
13:02:08,1113.73,-1.79,2,222873,卖盘
13:02:11,1115.52,1.79,9,1003968,买盘
13:02:12,1115.52,0.0,7,780864,买盘
13:02:16,1115.0,-0.52,4,446078,卖盘
13:02:20,1115.02,0.02,7,780617,中性盘
13:02:23,1115.0,-0.02,2,223050,卖盘
13:02:26,1113.8,-1.2,4,446030,卖盘
13:02:29,1113.8,0.0,3,290942,卖盘
13:02:32,1113.52,-0.28,4,445618,卖盘
13:02:35,1115.0,1.48,12,1337875,买盘
13:02:37,1113.52,-1.48,6,668558,卖盘
13:02:41,1115.0,1.48,9,1002760,买盘
13:02:44,1113.52,-1.48,7,779908,卖盘
13:02:47,1114.0,0.48,4,445553,买盘
13:02:50,1114.0,0.0,2,222800,卖盘
13:02:53,1114.98,0.98,5,557294,买盘
13:02:56,1115.0,0.02,2,223000,买盘
13:02:59,1115.0,0.0,6,668800,买盘
13:03:02,1115.0,0.0,10,1115000,买盘
13:03:04,1115.57,0.57,15,1672614,买盘
13:03:08,1115.68,0.11,6,669186,买盘
13:03:11,1114.5,-1.18,4,445770,卖盘
13:03:13,1114.5,0.0,9,1003159,卖盘
13:03:23,1115.0,0.5,6,668752,买盘
13:03:26,1114.51,-0.49,2,222902,中性盘
13:03:29,1115.0,0.49,7,780460,买盘
13:03:30,1115.0,0.0,6,669000,买盘
13:03:35,1115.0,0.0,5,557500,卖盘
13:03:38,1115.22,0.22,2,223044,中性盘
13:03:41,1115.22,0.0,3,334566,卖盘
13:03:44,1115.58,0.36,19,2119601,买盘
13:03:47,1115.57,-0.01,5,557785,买盘
13:03:50,1115.57,0.0,11,1227024,卖盘
13:03:53,1115.74,0.17,26,2900650,买盘
13:03:56,1115.74,0.0,8,892472,买盘
13:03:59,1115.58,-0.16,8,892464,卖盘
13:04:02,1115.75,0.17,9,1004169,买盘
13:04:05,1115.75,0.0,11,1227324,买盘
13:04:07,1115.74,-0.01,6,669447,卖盘
13:04:11,1115.75,0.01,10,1115750,买盘
13:04:14,1115.58,-0.17,5,557843,卖盘
13:04:17,1115.75,0.17,4,446300,买盘
13:04:20,1115.53,-0.22,6,669333,卖盘
13:04:23,1115.53,0.0,1,111553,卖盘
13:04:26,1115.51,-0.02,14,1561811,卖盘
13:04:29,1115.92,0.41,64,7144151,买盘
13:04:32,1115.96,0.04,6,669532,买盘
13:04:35,1115.92,-0.04,7,781084,中性盘
13:04:38,1115.8,-0.12,3,334764,卖盘
13:04:41,1115.92,0.12,5,557912,买盘
13:04:44,1115.96,0.04,1,111596,买盘
13:04:48,1115.53,-0.43,36,4013530,卖盘
13:04:53,1115.51,-0.02,13,1450184,卖盘
13:04:56,1115.53,0.02,1,111553,买盘
13:04:59,1115.51,-0.02,1,111551,中性盘
13:05:02,1115.5,-0.01,4,446172,买盘
13:05:05,1115.22,-0.28,73,8139960,卖盘
13:05:07,1115.0,-0.22,6,669021,卖盘
13:05:11,1115.0,0.0,3,334550,卖盘
13:05:13,1115.0,0.0,41,4571572,卖盘
13:05:17,1115.0,0.0,3,334598,卖盘
13:05:20,1115.49,0.49,11,1226549,买盘
13:05:22,1115.22,-0.27,3,383604,中性盘
13:05:26,1114.99,-0.23,10,1114999,卖盘
13:05:28,1114.99,0.0,3,334497,买盘
13:05:32,1114.99,0.0,1,111499,买盘
13:05:35,1114.8,-0.19,19,2118477,卖盘
13:05:38,1115.2,0.4,20,2230162,买盘
13:05:41,1114.99,-0.21,7,780495,卖盘
13:05:43,1115.2,0.21,2,223042,中性盘
13:05:47,1115.0,-0.2,2,223000,卖盘
13:05:50,1115.22,0.22,4,446084,买盘
13:05:56,1115.22,0.0,5,557635,卖盘
13:05:59,1115.0,-0.22,13,1449522,卖盘
13:06:02,1114.1,-0.9,10,1114181,卖盘
13:06:05,1115.0,0.9,1,111500,买盘
13:06:08,1114.99,-0.01,1,111499,买盘
13:06:11,1114.11,-0.88,23,2506492,卖盘
13:06:14,1114.1,-0.01,1,109182,买盘
13:06:17,1114.5,0.4,6,668621,买盘
13:06:20,1114.1,-0.4,2,222821,卖盘
13:06:23,1113.5,-0.6,20,2227423,卖盘
13:06:26,1114.1,0.6,14,1560260,卖盘
13:06:29,1114.1,0.0,7,779870,买盘
13:06:35,1114.1,0.0,1,111410,买盘
13:06:37,1114.09,-0.01,7,779678,中性盘
13:06:47,1113.5,-0.59,3,334109,卖盘
13:06:50,1113.0,-0.5,27,3064674,卖盘
13:06:52,1111.93,-1.07,26,2891790,卖盘
13:06:56,1112.95,1.02,2,222590,买盘
13:07:05,1113.0,0.05,15,1610358,买盘
13:07:14,1113.46,0.46,1,111346,买盘
13:07:17,1113.46,0.0,12,1336107,买盘
13:07:20,1113.46,0.0,2,222692,买盘
13:07:23,1113.46,0.0,2,222692,买盘
13:07:25,1114.09,0.63,3,334109,买盘
13:07:27,1113.02,-1.07,4,445252,卖盘
13:07:32,1113.02,0.0,1,111302,卖盘
13:07:35,1113.01,-0.01,2,222602,卖盘
13:07:38,1113.01,0.0,2,222602,卖盘
13:07:41,1113.43,0.42,5,556589,买盘
13:07:44,1113.01,-0.42,2,222701,卖盘
13:07:47,1114.08,1.07,3,399919,买盘
13:07:50,1113.02,-1.06,3,334009,卖盘
13:07:56,1113.46,0.44,1,111346,卖盘
13:07:59,1114.08,0.62,14,1559712,买盘
13:08:02,1112.0,-2.08,50,5565136,卖盘
13:08:05,1114.09,2.09,3,334101,买盘
13:08:14,1112.0,-2.09,11,1223740,卖盘
13:08:17,1113.46,1.46,5,556715,买盘
13:08:20,1113.46,0.0,3,334038,买盘
13:08:23,1112.0,-1.46,30,3337164,卖盘
13:08:26,1112.0,0.0,21,2335789,卖盘
13:08:32,1112.1,0.1,7,778562,卖盘
13:08:38,1112.1,0.0,15,1669736,卖盘
13:08:41,1113.4,1.3,1,111340,中性盘
13:08:44,1112.1,-1.3,5,556142,卖盘
13:08:50,1113.01,0.91,2,222602,买盘
13:08:53,1113.01,0.0,1,111301,买盘
13:08:56,1113.01,0.0,1,111301,买盘
13:08:59,1113.01,0.0,2,222602,买盘
13:09:02,1113.0,-0.01,2,222600,卖盘
13:09:05,1112.99,-0.01,4,445201,卖盘
13:09:11,1112.99,0.0,1,111299,买盘
13:09:17,1112.97,-0.02,2,222596,中性盘
13:09:19,1112.99,0.02,7,779012,买盘
13:09:26,1112.13,-0.86,18,2002780,卖盘
13:09:29,1113.0,0.87,2,222598,买盘
13:09:30,1112.99,-0.01,3,333898,卖盘
13:09:35,1112.06,-0.93,6,667338,卖盘
13:09:41,1112.99,0.93,1,111299,买盘
13:09:47,1112.99,0.0,1,111299,买盘
13:09:49,1112.14,-0.85,2,222513,卖盘
13:09:52,1112.02,-0.12,2,222404,卖盘
13:09:59,1112.03,0.01,3,333619,卖盘
13:10:02,1112.03,0.0,13,1445682,卖盘
13:10:05,1112.14,0.11,18,2001738,买盘
13:10:08,1112.1,-0.04,5,556061,卖盘
13:10:11,1112.05,-0.05,15,1668075,买盘
13:10:14,1112.03,-0.02,13,1445647,卖盘
13:10:17,1112.99,0.96,6,667402,买盘
13:10:19,1113.0,0.01,16,1718177,买盘
13:10:23,1114.0,1.0,2,222745,买盘
13:10:26,1114.09,0.09,11,1225445,买盘
13:10:29,1114.89,0.8,8,891438,买盘
13:10:32,1114.89,0.0,3,334388,买盘
13:10:35,1115.0,0.11,7,780483,买盘
13:10:37,1115.0,0.0,10,1115000,买盘
13:10:39,1115.49,0.49,5,557696,买盘
13:10:44,1115.5,0.01,15,1673250,买盘
13:10:47,1115.5,0.0,39,4350450,买盘
13:10:50,1115.5,0.0,22,2454147,卖盘
13:10:53,1115.53,0.03,34,3792778,买盘
13:10:56,1113.0,-2.53,30,3343843,卖盘
13:10:59,1115.4,2.4,1,111540,中性盘
13:11:02,1113.0,-2.4,3,334400,卖盘
13:11:05,1115.49,2.49,3,334649,中性盘
13:11:07,1113.01,-2.48,1,111301,中性盘
13:11:11,1115.0,1.99,2,222800,中性盘
13:11:17,1112.0,-3.0,72,8007330,卖盘
13:11:20,1112.0,0.0,7,778400,买盘
13:11:23,1112.0,0.0,5,555993,买盘
13:11:26,1112.0,0.0,6,667188,买盘
13:11:29,1113.02,1.02,44,4895206,买盘
13:11:32,1113.02,0.0,4,445208,买盘
13:11:35,1113.02,0.0,1,111302,卖盘
13:11:44,1114.9,1.88,3,334470,买盘
13:11:47,1114.97,0.07,2,222800,中性盘
13:11:48,1113.02,-1.95,2,222799,卖盘
13:11:56,1114.9,1.88,1,111490,买盘
13:11:58,1114.9,0.0,1,111490,买盘
13:12:02,1114.97,0.07,2,222987,中性盘
13:12:05,1114.98,0.01,7,780473,买盘
13:12:07,1114.97,-0.01,7,780458,中性盘
13:12:11,1114.9,-0.07,2,222975,中性盘
13:12:13,1114.9,0.0,13,1507286,卖盘
13:12:17,1114.98,0.08,4,445991,买盘
13:12:19,1115.0,0.02,5,557498,买盘
13:12:23,1115.4,0.4,14,1561095,买盘
13:12:26,1115.37,-0.03,2,223086,中性盘
13:12:29,1115.5,0.13,6,669299,买盘
13:12:32,1115.53,0.03,19,2119485,买盘
13:12:35,1115.6,0.07,4,449579,买盘
13:12:38,1115.8,0.2,2,223150,买盘
13:12:41,1115.8,0.0,3,334776,卖盘
13:12:43,1115.99,0.19,18,2008580,买盘
13:12:47,1116.0,0.01,8,892795,买盘
13:12:50,1116.0,0.0,21,2343557,买盘
13:12:52,1116.0,0.0,12,1339150,买盘
13:12:55,1116.0,0.0,10,1116000,买盘
13:12:59,1115.99,-0.01,8,892798,中性盘
13:13:02,1115.7,-0.29,11,1227330,卖盘
13:13:05,1116.0,0.3,3,334760,买盘
13:13:11,1115.5,-0.5,4,446240,卖盘
13:13:14,1116.0,0.5,4,446379,买盘
13:13:17,1116.0,0.0,1,111600,买盘
13:13:20,1115.61,-0.39,13,1449429,买盘
13:13:26,1113.5,-2.11,2,222700,卖盘
13:13:28,1113.03,-0.47,2,222887,买盘
13:13:35,1115.0,1.97,2,223000,买盘
13:13:38,1113.5,-1.5,3,335313,卖盘
13:13:41,1113.5,0.0,3,334199,卖盘
13:13:44,1113.5,0.0,9,1001634,卖盘
13:13:46,1113.5,0.0,10,1113649,买盘
13:13:49,1113.5,0.0,4,445400,买盘
13:13:53,1113.5,0.0,52,5798237,中性盘
13:13:56,1113.5,0.0,5,556750,卖盘
13:13:59,1115.61,2.11,7,779505,买盘
13:14:04,1113.12,-2.49,2,222662,卖盘
13:14:10,1115.61,2.49,29,3235168,买盘
13:14:14,1113.0,-2.61,23,2560373,卖盘
13:14:17,1113.12,0.12,11,1166545,卖盘
13:14:20,1113.08,-0.04,6,667848,中性盘
13:14:23,1113.08,0.0,19,2154991,中性盘
13:14:29,1113.5,0.42,1,111350,中性盘
13:14:32,1113.5,0.0,3,334012,卖盘
13:14:35,1113.08,-0.42,23,2560192,卖盘
13:14:38,1113.0,-0.08,28,3076517,卖盘
13:14:40,1112.4,-0.6,6,667580,卖盘
13:14:44,1112.3,-0.1,3,333740,卖盘
13:14:47,1112.3,0.0,13,1446089,中性盘
13:14:50,1112.2,-0.1,9,1000996,卖盘
13:14:52,1112.2,0.0,3,333656,买盘
13:15:02,1112.2,0.0,2,222430,买盘
13:15:04,1112.2,0.0,6,667320,买盘
13:15:07,1112.22,0.02,6,667322,买盘
13:15:11,1112.55,0.33,18,2002576,买盘
13:15:13,1112.25,-0.3,1,111225,卖盘
13:15:17,1113.03,0.78,101,11232107,中性盘
13:15:20,1113.04,0.01,4,445215,买盘
13:15:22,1113.03,-0.01,5,556296,买盘
13:15:25,1113.08,0.05,110,12233374,买盘
13:15:28,1113.03,-0.05,2,222606,中性盘
13:15:34,1112.0,-1.03,50,5562285,卖盘
13:15:38,1111.77,-0.23,19,2181439,卖盘
13:15:41,1111.72,-0.05,6,667057,卖盘
13:15:44,1111.8,0.08,1,111180,买盘
13:15:46,1111.66,-0.14,7,778223,卖盘
13:15:49,1111.72,0.06,1,111172,买盘
13:15:53,1111.72,0.0,5,555854,买盘
13:15:56,1111.77,0.05,1,111177,卖盘
13:15:58,1111.66,-0.11,6,667038,卖盘
13:16:02,1111.56,-0.1,19,2112060,卖盘
13:16:05,1111.8,0.24,1,111180,买盘
13:16:08,1111.8,0.0,1,111180,中性盘
13:16:10,1111.99,0.19,2,222398,中性盘
13:16:14,1111.8,-0.19,6,667099,卖盘
13:16:16,1111.99,0.19,4,444796,买盘
13:16:20,1111.99,0.0,3,333597,买盘
13:16:23,1112.0,0.01,30,3335999,买盘
13:16:25,1112.0,0.0,3,333598,买盘
13:16:29,1111.81,-0.19,9,1000708,卖盘
13:16:32,1112.0,0.19,5,556000,买盘
13:16:34,1112.0,0.0,14,1556800,买盘
13:16:38,1112.11,0.11,38,4225709,买盘
13:16:41,1112.41,0.3,2,222482,买盘
13:16:47,1113.12,0.71,5,556347,买盘
13:16:50,1113.12,0.0,1,111312,买盘
13:16:51,1111.8,-1.32,36,4002762,卖盘
13:16:56,1113.12,1.32,1,111312,卖盘
13:17:01,1112.01,-1.11,4,444918,卖盘
13:17:04,1112.0,-0.01,7,778400,卖盘
13:17:08,1112.01,0.01,10,1112478,买盘
13:17:11,1113.2,1.19,15,1668322,中性盘
13:17:13,1113.2,0.0,2,222640,卖盘
13:17:16,1113.2,0.0,9,1001880,卖盘
13:17:19,1113.2,0.0,5,556600,卖盘
13:17:22,1113.08,-0.12,1,111308,卖盘
13:17:25,1113.08,0.0,1,111308,买盘
13:17:31,1113.08,0.0,1,111308,买盘
13:17:35,1113.08,0.0,1,111308,卖盘
13:17:38,1112.02,-1.06,1,111202,卖盘
13:17:40,1113.2,1.18,4,445280,买盘
13:17:43,1113.2,0.0,3,333960,买盘
13:17:49,1112.02,-1.18,1,111202,卖盘
13:17:53,1113.08,1.06,2,222578,买盘
13:17:55,1112.5,-0.58,46,5070363,中性盘
13:17:58,1112.08,-0.42,6,667662,买盘
13:18:04,1113.06,0.98,1,111306,中性盘
13:18:07,1112.03,-1.03,1,155684,卖盘
13:18:10,1112.03,0.0,2,222406,买盘
13:18:14,1112.03,0.0,6,667211,买盘
13:18:16,1112.03,0.0,1,111203,买盘
13:18:20,1112.03,0.0,1,111203,买盘
13:18:22,1112.03,0.0,2,222406,买盘
13:18:26,1112.03,0.0,3,333609,买盘
13:18:29,1112.03,0.0,1,111203,买盘
13:18:32,1111.83,-0.2,7,778385,卖盘
13:18:35,1111.8,-0.03,3,333526,买盘
13:18:37,1111.8,0.0,3,333531,买盘
13:18:41,1111.58,-0.22,2,222316,卖盘
13:18:43,1111.8,0.22,47,5225453,买盘
13:18:47,1111.73,-0.07,5,555886,卖盘
13:18:52,1111.73,0.0,3,333519,买盘
13:18:55,1111.73,0.0,3,333518,买盘
13:18:58,1111.66,-0.07,2,222339,卖盘
13:19:00,1111.7,0.04,8,888220,买盘
13:19:05,1111.7,0.0,1,111170,买盘
13:19:11,1111.7,0.0,4,444665,买盘
13:19:14,1111.51,-0.19,7,778096,卖盘
13:19:17,1111.5,-0.01,27,3002162,卖盘
13:19:20,1111.43,-0.07,5,555713,卖盘
13:19:22,1111.35,-0.08,2,222276,卖盘
13:19:25,1111.3,-0.05,3,333388,买盘
13:19:28,1111.28,-0.02,2,222255,买盘
13:19:31,1111.28,0.0,3,333383,买盘
13:19:35,1111.27,-0.01,2,222255,卖盘
13:19:37,1111.5,0.23,4,444530,买盘
13:19:40,1111.3,-0.2,1,111130,卖盘
13:19:43,1111.5,0.2,6,666860,买盘
13:19:49,1111.5,0.0,3,333450,买盘
13:19:52,1111.3,-0.2,5,555690,卖盘
13:20:02,1111.5,0.2,16,1778388,买盘
13:20:04,1111.5,0.0,29,3223330,买盘
13:20:08,1111.5,0.0,2,222300,买盘
13:20:10,1111.3,-0.2,74,8248418,卖盘
13:20:13,1111.5,0.2,2,222280,买盘
13:20:16,1111.3,-0.2,1,111130,卖盘
13:20:19,1111.27,-0.03,13,1421325,卖盘
13:20:22,1111.16,-0.11,45,5000356,卖盘
13:20:25,1111.7,0.54,4,444636,买盘
13:20:28,1111.3,-0.4,2,222280,卖盘
13:20:32,1111.35,0.05,1,111135,中性盘
13:20:35,1111.5,0.15,2,222320,中性盘
13:20:36,1111.7,0.2,4,444640,买盘
13:20:41,1111.88,0.18,80,8916442,买盘
13:20:43,1113.0,1.12,17,1891278,买盘
13:20:46,1113.29,0.29,13,1447032,买盘
13:20:49,1113.5,0.21,12,1336095,买盘
13:20:52,1113.5,0.0,27,3006450,买盘
13:20:55,1114.0,0.5,4,445488,买盘
13:20:58,1114.95,0.95,2,222895,买盘
13:21:01,1113.0,-1.95,27,3005752,卖盘
13:21:08,1114.0,1.0,1,111400,买盘
13:21:10,1114.0,0.0,3,334200,卖盘
13:21:13,1114.0,0.0,4,445450,买盘
13:21:20,1113.0,-1.0,1,111300,卖盘
13:21:22,1113.0,0.0,2,222650,卖盘
13:21:28,1113.0,0.0,5,556500,卖盘
13:21:43,1112.99,-0.01,1,111299,买盘
13:21:52,1112.38,-0.61,1,111238,卖盘
13:21:59,1112.99,0.61,2,222598,买盘
13:22:01,1113.0,0.01,6,667734,买盘
13:22:04,1113.0,0.0,24,2671074,买盘
13:22:07,1113.0,0.0,1,111300,卖盘
13:22:13,1113.0,0.0,3,333999,卖盘
13:22:19,1113.01,0.01,2,165936,卖盘
13:22:21,1113.0,-0.01,14,1558498,买盘
13:22:26,1113.03,0.03,2,222702,卖盘
13:22:28,1113.99,0.96,1,111399,买盘
13:22:36,1113.97,-0.02,1,111397,买盘
13:22:39,1113.97,0.0,1,111397,买盘
13:22:46,1113.98,0.01,5,556991,买盘
13:22:49,1113.02,-0.96,5,556798,卖盘
13:22:52,1113.03,0.01,22,2448666,中性盘
13:22:55,1113.03,0.0,4,414047,卖盘
13:23:01,1113.96,0.93,1,111396,买盘
13:23:04,1113.03,-0.93,6,668191,卖盘
13:23:07,1113.03,0.0,7,810286,卖盘
13:23:10,1113.02,-0.01,2,222605,卖盘
13:23:13,1113.03,0.01,3,333908,买盘
13:23:16,1113.02,-0.01,1,111302,买盘
13:23:19,1113.0,-0.02,2,222602,卖盘
13:23:22,1113.02,0.02,3,333906,买盘
13:23:25,1113.02,0.0,4,445206,买盘
13:23:28,1113.0,-0.02,8,890410,卖盘
13:23:31,1113.0,0.0,1,111300,卖盘
13:23:40,1113.0,0.0,2,222601,卖盘
13:23:43,1113.0,0.0,22,2505370,卖盘
13:23:45,1112.38,-0.62,10,1112876,卖盘
13:23:48,1112.98,0.6,2,222598,中性盘
13:23:52,1113.0,0.02,1,111300,买盘
13:23:56,1113.0,0.0,2,222586,买盘
13:24:04,1112.38,-0.62,1,111238,卖盘
13:24:07,1112.97,0.59,4,445011,买盘
13:24:10,1112.38,-0.59,2,222535,卖盘
13:24:19,1112.18,-0.2,2,222436,卖盘
13:24:21,1112.18,0.0,9,1001122,卖盘
13:24:28,1112.38,0.2,1,111238,买盘
13:24:30,1112.18,-0.2,1,111218,卖盘
13:24:34,1112.38,0.2,37,4115723,买盘
13:24:40,1112.41,0.03,2,222482,买盘
13:24:50,1112.38,-0.03,10,1112380,卖盘
13:24:51,1112.1,-0.28,2,222506,卖盘
13:24:55,1112.96,0.86,2,222592,买盘
13:25:01,1112.38,-0.58,1,111238,中性盘
13:25:04,1112.38,0.0,1,111238,中性盘
13:25:07,1112.12,-0.26,2,222421,中性盘
13:25:10,1112.12,0.0,22,2447158,卖盘
13:25:13,1112.0,-0.12,38,4225839,卖盘
13:25:16,1112.0,0.0,4,444800,买盘
13:25:19,1111.88,-0.12,17,1890221,卖盘
13:25:22,1111.99,0.11,2,222399,中性盘
13:25:25,1111.88,-0.11,4,444774,卖盘
13:25:28,1112.0,0.12,30,3335999,买盘
13:25:37,1111.88,-0.12,5,555975,卖盘
13:25:40,1112.0,0.12,7,778397,买盘
13:25:43,1112.0,0.0,3,333600,买盘
13:25:46,1112.0,0.0,4,444800,买盘
13:25:49,1112.12,0.12,26,2891212,买盘
13:25:51,1112.12,0.0,2,222453,中性盘
13:25:55,1112.41,0.29,4,444964,买盘
13:25:58,1111.88,-0.53,3,333588,卖盘
13:26:01,1112.41,0.53,2,222441,买盘
13:26:04,1112.95,0.54,3,333831,买盘
13:26:07,1112.97,0.02,9,1001443,买盘
13:26:10,1113.0,0.03,5,556487,买盘
13:26:13,1113.0,0.0,5,556500,买盘
13:26:16,1113.0,0.0,4,445195,买盘
13:26:25,1112.0,-1.0,20,2224081,卖盘
13:26:28,1112.08,0.08,3,333657,中性盘
13:26:31,1113.0,0.92,3,333749,买盘
13:26:37,1113.0,0.0,1,111300,买盘
13:26:40,1113.0,0.0,4,445141,买盘
13:26:43,1112.41,-0.59,1,111241,卖盘
13:26:46,1112.41,0.0,11,1224182,卖盘
13:26:49,1112.41,0.0,6,667741,中性盘
13:26:52,1113.0,0.59,2,222599,买盘
13:26:58,1113.0,0.0,3,333898,买盘
13:27:01,1112.41,-0.59,2,170256,卖盘
13:27:04,1112.41,0.0,2,274766,卖盘
13:27:07,1112.41,0.0,2,222479,买盘
13:27:10,1112.41,0.0,1,111241,买盘
13:27:13,1112.1,-0.31,2,222420,卖盘
13:27:16,1112.41,0.31,1,111241,买盘
13:27:18,1112.4,-0.01,1,111240,中性盘
13:27:25,1112.4,0.0,1,111240,买盘
13:27:31,1112.08,-0.32,3,333690,卖盘
13:27:34,1112.41,0.33,4,444964,买盘
13:27:43,1112.15,-0.26,2,222456,中性盘
13:27:46,1112.41,0.26,3,333723,买盘
13:27:53,1112.4,-0.01,1,111240,买盘
13:28:01,1112.4,0.0,1,111240,买盘
13:28:07,1112.4,0.0,2,222480,买盘
13:28:09,1112.1,-0.3,2,222450,卖盘
13:28:13,1112.08,-0.02,2,222418,卖盘
13:28:19,1112.41,0.33,1,111241,买盘
13:28:25,1112.41,0.0,1,111241,买盘
13:28:31,1112.2,-0.21,1,111220,卖盘
13:28:42,1112.41,0.21,1,111241,买盘
13:28:46,1112.41,0.0,3,333723,买盘
13:28:49,1112.4,-0.01,1,111240,卖盘
13:28:52,1113.0,0.6,51,5676180,买盘
13:28:58,1112.36,-0.64,1,111236,中性盘
13:29:01,1112.1,-0.26,7,733992,卖盘
13:29:04,1112.46,0.36,2,222482,买盘
13:29:10,1112.45,-0.01,3,333735,买盘
13:29:13,1112.41,-0.04,2,222487,卖盘
13:29:16,1112.45,0.04,1,111245,买盘
13:29:19,1112.45,0.0,1,111245,买盘
13:29:22,1112.45,0.0,2,222490,买盘
13:29:25,1112.46,0.01,4,444884,买盘
13:29:28,1112.46,0.0,7,778612,买盘
13:29:37,1112.45,-0.01,2,222490,中性盘
13:29:40,1112.46,0.01,1,111246,买盘
13:29:43,1112.37,-0.09,11,1223713,卖盘
13:29:46,1112.1,-0.27,7,778659,卖盘
13:29:49,1112.0,-0.1,88,9780850,卖盘
13:29:52,1112.46,0.46,3,333738,卖盘
13:29:55,1112.46,0.0,2,222526,卖盘
13:30:01,1112.97,0.51,4,445124,买盘
13:30:04,1112.5,-0.47,1,111250,买盘
13:30:07,1112.5,0.0,3,320400,卖盘
13:30:13,1112.93,0.43,4,445172,买盘
13:30:17,1112.93,0.0,3,388351,买盘
13:30:19,1112.6,-0.33,2,222553,中性盘
13:30:22,1112.6,0.0,1,111260,卖盘
13:30:27,1112.93,0.33,1,111293,买盘
13:30:31,1112.93,0.0,2,222586,买盘
13:30:34,1112.93,0.0,1,111293,买盘
13:30:37,1112.93,0.0,4,445139,买盘
13:30:40,1112.93,0.0,1,111293,买盘
13:30:46,1112.65,-0.28,1,111265,卖盘
13:30:49,1112.65,0.0,2,220304,卖盘
13:30:52,1112.93,0.28,1,111293,买盘
13:30:55,1112.6,-0.33,5,556310,卖盘
13:30:58,1112.65,0.05,3,333807,卖盘
13:31:03,1112.71,0.06,5,556331,买盘
13:31:12,1112.72,0.01,3,333803,买盘
13:31:19,1112.72,0.0,2,222543,中性盘
13:31:28,1112.74,0.02,2,222547,中性盘
13:31:31,1112.74,0.0,1,111274,卖盘
13:31:39,1112.93,0.19,1,111293,买盘
13:31:47,1112.93,0.0,3,274892,买盘
13:31:52,1112.99,0.1,6,610992,买盘
13:31:55,1113.03,0.04,26,2914946,买盘
13:31:58,1113.02,-0.01,2,222600,买盘
13:32:01,1113.03,0.01,1,111303,买盘
13:32:04,1113.0,-0.03,3,333903,卖盘
13:32:07,1113.03,0.03,1,111303,买盘
13:32:10,1113.0,-0.03,1,111300,卖盘
13:32:13,1113.0,0.0,10,1113000,卖盘
13:32:19,1113.0,0.0,2,222688,卖盘
13:32:25,1113.0,0.0,22,2448507,卖盘
13:32:28,1113.03,0.03,5,556599,卖盘
13:32:31,1113.85,0.82,1,111385,买盘
13:32:34,1113.03,-0.82,1,111303,卖盘
13:32:43,1113.05,0.02,2,221577,中性盘
13:32:52,1113.87,0.84,8,891008,买盘
13:32:55,1113.0,-0.87,40,4452107,卖盘
13:33:10,1113.01,0.01,2,223714,买盘
13:33:13,1113.0,-0.01,2,222600,卖盘
13:33:19,1112.72,-0.28,33,3656131,卖盘
13:33:22,1113.0,0.28,4,445202,卖盘
13:33:28,1113.85,0.85,9,1001901,买盘
13:33:37,1113.87,0.02,4,445548,买盘
13:33:40,1113.0,-0.87,2,222624,卖盘
13:33:52,1113.0,0.0,4,445283,卖盘
13:33:55,1113.82,0.82,1,111382,中性盘
13:34:04,1113.0,-0.82,6,668044,卖盘
13:34:32,1113.8,0.79,1,111380,买盘
13:34:34,1113.8,0.0,2,222760,买盘
13:34:37,1113.02,-0.78,5,556510,卖盘
13:34:43,1113.02,0.0,1,111302,卖盘
13:34:47,1113.02,0.0,20,2226056,卖盘
13:34:52,1113.02,0.0,2,222604,卖盘
13:34:55,1113.02,0.0,14,1558252,卖盘
13:35:01,1113.79,0.77,3,276184,买盘
13:35:07,1113.0,-0.79,4,445205,买盘
13:35:10,1113.0,0.0,2,222600,卖盘
13:35:13,1113.0,0.0,1,111300,卖盘
13:35:16,1113.01,0.01,1,111301,买盘
13:35:19,1113.01,0.0,1,111301,买盘
13:35:22,1113.01,0.0,3,333902,买盘
13:35:25,1113.01,0.0,2,222601,买盘
13:35:28,1113.02,0.01,5,556508,卖盘
13:35:34,1112.9,-0.12,39,4340699,卖盘
13:35:43,1113.02,0.12,1,111302,买盘
13:35:47,1113.01,-0.01,4,445204,卖盘
13:35:49,1113.77,0.76,1,111377,中性盘
13:35:52,1113.01,-0.76,4,445204,卖盘
13:36:02,1113.01,0.0,3,333901,买盘
13:36:04,1113.01,0.0,1,111301,买盘
13:36:07,1113.0,-0.01,2,222600,卖盘
13:36:10,1113.0,0.0,2,222600,卖盘
13:36:17,1113.01,0.01,5,556505,买盘
13:36:22,1113.01,0.0,3,339466,买盘
13:36:25,1113.0,-0.01,1,111300,卖盘
13:36:28,1113.0,0.0,10,1113000,卖盘
13:36:31,1113.0,0.0,14,1552642,买盘
13:36:34,1113.0,0.0,5,556500,买盘
13:36:37,1113.0,0.0,2,222600,买盘
13:36:40,1113.0,0.0,1,111300,买盘
13:36:43,1113.0,0.0,4,445192,买盘
13:36:52,1113.0,0.0,7,779096,买盘
13:36:58,1112.94,-0.06,4,445186,卖盘
13:37:02,1113.0,0.06,1,111300,买盘
13:37:07,1113.0,0.0,1,111300,买盘
13:37:10,1113.0,0.0,2,228165,买盘
13:37:13,1113.0,0.0,1,111300,卖盘
13:37:17,1113.0,0.0,1,111300,卖盘
13:37:19,1113.02,0.02,12,1335556,买盘
13:37:22,1113.0,-0.02,9,1001700,卖盘
13:37:25,1112.91,-0.09,1,111291,中性盘
13:37:28,1112.92,0.01,2,222585,中性盘
13:37:31,1113.0,0.08,1,111300,买盘
13:37:47,1112.91,-0.09,1,111291,卖盘
13:37:49,1112.92,0.01,1,113518,卖盘
13:37:52,1113.0,0.08,1,111300,买盘
13:37:55,1112.92,-0.08,3,333876,卖盘
13:37:58,1113.0,0.08,3,333893,买盘
13:38:07,1112.94,-0.06,19,2114483,买盘
13:38:13,1112.92,-0.02,3,333880,卖盘
13:38:17,1112.94,0.02,3,333875,卖盘
13:38:22,1112.8,-0.14,12,1335364,卖盘
13:38:25,1112.8,0.0,2,222560,卖盘
13:38:28,1112.94,0.14,3,333854,买盘
13:38:32,1112.9,-0.04,1,111290,卖盘
13:38:34,1112.99,0.09,3,333897,买盘
13:38:37,1112.99,0.0,1,111299,买盘
13:38:40,1112.91,-0.08,1,111291,中性盘
13:38:43,1112.9,-0.01,1,111290,卖盘
13:38:47,1112.9,0.0,6,667740,卖盘
13:38:49,1112.99,0.09,1,111299,买盘
13:38:52,1112.91,-0.08,1,165823,中性盘
13:38:55,1112.9,-0.01,8,890320,买盘
13:38:58,1112.9,0.0,2,222580,卖盘
13:39:02,1112.9,0.0,4,388420,卖盘
13:39:07,1112.9,0.0,1,113516,卖盘
13:39:10,1112.8,-0.1,8,890256,卖盘
13:39:14,1112.8,0.0,7,776735,卖盘
13:39:16,1112.8,0.0,4,445103,买盘
13:39:19,1112.72,-0.08,1,124624,卖盘
13:39:23,1112.51,-0.21,1,54513,卖盘
13:39:25,1112.72,0.21,3,333794,买盘
13:39:28,1112.71,-0.01,1,111271,买盘
13:39:32,1112.2,-0.51,1,111220,卖盘
13:39:44,1112.2,0.0,2,222440,卖盘
13:39:47,1112.2,0.0,1,111220,卖盘
13:40:01,1112.25,0.05,4,444900,卖盘
13:40:05,1112.25,0.0,2,222476,卖盘
13:40:07,1112.25,0.0,5,556176,卖盘
13:40:10,1112.07,-0.18,20,2224446,卖盘
13:40:14,1112.0,-0.07,13,1445627,卖盘
13:40:17,1112.0,0.0,2,222400,卖盘
13:40:20,1111.88,-0.12,18,2001467,卖盘
13:40:22,1111.88,0.0,1,111188,卖盘
13:40:26,1111.88,0.0,2,222376,卖盘
13:40:28,1111.9,0.02,9,1000631,买盘
13:40:32,1111.8,-0.1,8,889390,中性盘
13:40:34,1111.7,-0.1,3,333528,卖盘
13:40:37,1111.66,-0.04,3,333506,卖盘
13:40:40,1111.5,-0.16,5,644694,买盘
13:40:44,1111.5,0.0,2,222303,卖盘
13:40:47,1111.49,-0.01,7,723589,卖盘
13:40:50,1111.3,-0.19,12,1388004,买盘
13:40:52,1111.2,-0.1,1,111120,卖盘
13:40:55,1111.2,0.0,1,111120,卖盘
13:40:59,1111.16,-0.04,4,444462,卖盘
13:41:02,1111.08,-0.08,17,1888875,卖盘
13:41:04,1111.11,0.03,2,222219,买盘
13:41:08,1111.05,-0.06,3,333317,卖盘
13:41:10,1111.04,-0.01,203,22553325,中性盘
13:41:14,1111.0,-0.04,6,666600,卖盘
13:41:17,1110.96,-0.04,6,666600,卖盘
13:41:19,1110.96,0.0,26,2888381,买盘
13:41:25,1110.8,-0.16,3,333240,买盘
13:41:29,1110.6,-0.2,2,222140,卖盘
13:41:32,1110.8,0.2,2,222160,卖盘
13:41:35,1110.8,0.0,3,333230,中性盘
13:41:38,1110.63,-0.17,1,111063,卖盘
13:41:40,1110.8,0.17,15,1665844,中性盘
13:41:43,1110.5,-0.3,58,6440168,卖盘
13:41:47,1110.47,-0.03,2,222096,中性盘
13:41:50,1110.47,0.0,8,888397,卖盘
13:41:52,1110.19,-0.28,1,111019,卖盘
13:41:55,1110.19,0.0,3,333079,卖盘
13:41:58,1110.19,0.0,8,888219,卖盘
13:42:02,1110.19,0.0,6,666113,买盘
13:42:04,1110.43,0.24,17,1887564,中性盘
13:42:08,1110.3,-0.13,2,222070,卖盘
13:42:10,1110.43,0.13,15,1665384,买盘
13:42:16,1110.43,0.0,2,222086,卖盘
13:42:23,1110.47,0.04,24,2665114,买盘
13:42:25,1110.47,0.0,2,222094,中性盘
13:42:34,1110.5,0.03,1,111050,卖盘
13:42:41,1110.5,0.0,13,1443650,卖盘
13:42:44,1110.5,0.0,2,222100,卖盘
13:42:49,1110.6,0.1,2,222152,卖盘
13:42:53,1110.92,0.32,4,444307,买盘
13:42:55,1110.6,-0.32,1,111060,买盘
13:43:02,1110.92,0.32,3,333244,卖盘
13:43:07,1110.55,-0.37,8,888525,卖盘
13:43:10,1110.95,0.4,11,1221980,买盘
13:43:13,1110.95,0.0,5,555475,买盘
13:43:17,1110.95,0.0,3,333287,卖盘
13:43:19,1110.96,0.01,5,555477,买盘
13:43:23,1110.95,-0.01,2,222195,卖盘
13:43:29,1110.97,0.02,2,222196,中性盘
13:43:32,1111.0,0.03,11,1222061,买盘
13:43:35,1111.0,0.0,1,111100,卖盘
13:43:38,1111.28,0.28,2,222226,买盘
13:43:41,1110.95,-0.33,3,333291,卖盘
13:43:44,1111.28,0.33,2,222256,买盘
13:43:50,1111.3,0.02,3,333388,买盘
13:43:59,1111.0,-0.3,1,111100,卖盘
13:44:04,1111.0,0.0,2,222230,卖盘
13:44:08,1111.0,0.0,5,555499,买盘
13:44:10,1110.98,-0.02,3,333296,卖盘
13:44:17,1111.0,0.02,1,111100,中性盘
13:44:20,1111.0,0.0,4,444400,买盘
13:44:23,1110.95,-0.05,1,111095,卖盘
13:44:32,1111.0,0.05,4,444400,买盘
13:44:35,1110.96,-0.04,2,222196,卖盘
13:44:38,1110.95,-0.01,3,333287,卖盘
13:44:41,1111.0,0.05,6,666546,买盘
13:44:47,1110.96,-0.04,1,111096,买盘
13:44:50,1110.96,0.0,5,555480,买盘
13:44:56,1110.6,-0.36,2,222160,卖盘
13:44:58,1110.9,0.3,1,111090,中性盘
13:45:02,1111.0,0.1,4,444350,买盘
13:45:08,1110.6,-0.4,16,1777179,卖盘
13:45:11,1110.89,0.29,13,1443768,卖盘
13:45:14,1110.39,-0.5,50,5552391,卖盘
13:45:17,1110.5,0.11,1,111050,中性盘
13:45:20,1110.89,0.39,17,1808084,买盘
13:45:23,1111.0,0.11,1,111100,卖盘
13:45:26,1111.0,0.0,1,111100,卖盘
13:45:29,1111.0,0.0,2,222230,卖盘
13:45:32,1111.0,0.0,23,2556231,卖盘
13:45:35,1111.3,0.3,1,111130,卖盘
13:45:37,1111.3,0.0,3,333430,卖盘
13:45:41,1111.3,0.0,10,1111120,卖盘
13:45:43,1111.3,0.0,2,222279,卖盘
13:45:49,1111.3,0.0,3,333390,卖盘
13:45:53,1111.3,0.0,12,1333579,卖盘
13:45:56,1111.49,0.19,1,111149,买盘
13:45:59,1111.5,0.01,53,5890921,买盘
13:46:02,1111.49,-0.01,2,222298,卖盘
13:46:05,1111.49,0.0,1,111149,买盘
13:46:08,1111.49,0.0,1,111149,买盘
13:46:10,1111.49,0.0,5,555549,买盘
13:46:17,1111.0,-0.49,4,444390,卖盘
13:46:23,1111.0,0.0,2,222230,卖盘
13:46:26,1111.45,0.45,4,444505,买盘
13:46:35,1111.4,-0.05,1,111140,买盘
13:46:38,1111.45,0.05,2,222290,买盘
13:46:41,1111.3,-0.15,3,364521,卖盘
13:46:47,1111.5,0.2,3,333450,买盘
13:46:53,1111.58,0.08,1,111158,卖盘
13:47:05,1111.5,-0.08,11,1222690,卖盘
13:47:08,1111.7,0.2,2,222340,买盘
13:47:10,1111.7,0.0,2,222340,卖盘
13:47:14,1112.0,0.3,1,111200,买盘
13:47:17,1111.6,-0.4,7,778170,卖盘
13:47:20,1111.3,-0.3,50,5556860,卖盘
13:47:26,1111.7,0.4,1,111170,买盘
13:47:29,1111.52,-0.18,2,222322,买盘
13:47:32,1111.6,0.08,1,111160,中性盘
13:47:34,1111.7,0.1,1,111170,买盘
13:47:38,1111.5,-0.2,20,2223000,中性盘
13:47:44,1111.6,0.1,1,111160,中性盘
13:47:47,1111.6,0.0,1,111160,买盘
13:47:49,1111.6,0.0,1,111160,买盘
13:47:53,1111.5,-0.1,1,111150,卖盘
13:47:59,1111.5,0.0,11,1222676,卖盘
13:48:02,1111.5,0.0,11,1222650,卖盘
13:48:05,1111.51,0.01,1,111151,中性盘
13:48:11,1111.51,0.0,2,222301,买盘
13:48:13,1111.51,0.0,3,333453,买盘
13:48:17,1111.5,-0.01,51,5668729,卖盘
13:48:20,1111.49,-0.01,2,222298,买盘
13:48:23,1111.48,-0.01,2,222288,买盘
13:48:26,1111.31,-0.17,2,222262,卖盘
13:48:28,1111.48,0.17,2,222296,买盘
13:48:32,1111.31,-0.17,2,222262,卖盘
13:48:35,1111.3,-0.01,6,666781,卖盘
13:48:38,1111.11,-0.19,1,111111,卖盘
13:48:41,1111.3,0.19,1,111130,买盘
13:48:44,1111.11,-0.19,3,333333,卖盘
13:48:47,1111.0,-0.11,18,1999805,卖盘
13:48:49,1110.99,-0.01,60,6666478,卖盘
13:48:52,1110.79,-0.2,1,111079,卖盘
13:49:02,1110.79,0.0,8,888496,买盘
13:49:05,1110.79,0.0,1,111079,买盘
13:49:08,1110.99,0.2,4,444339,买盘
13:49:11,1110.99,0.0,1,111099,买盘
13:49:17,1110.99,0.0,1,111099,中性盘
13:49:23,1110.89,-0.1,1,111089,卖盘
13:49:26,1110.88,-0.01,2,222168,买盘
13:49:32,1110.8,-0.08,2,222160,卖盘
13:49:35,1111.0,0.2,6,666548,买盘
13:49:37,1110.9,-0.1,1,111090,卖盘
13:49:40,1110.9,0.0,16,1777417,卖盘
13:49:50,1110.98,0.08,4,444392,买盘
13:49:53,1110.8,-0.18,3,332144,卖盘
13:49:59,1110.99,0.19,2,222198,买盘
13:50:05,1110.98,-0.01,1,111098,卖盘
13:50:08,1110.98,0.0,1,111098,卖盘
13:50:11,1110.8,-0.18,4,444360,卖盘
13:50:14,1110.9,0.1,2,222170,买盘
13:50:17,1110.9,0.0,2,222180,卖盘
13:50:25,1110.9,0.0,2,222180,买盘
13:50:29,1110.8,-0.1,6,666521,卖盘
13:50:32,1110.9,0.1,2,222169,中性盘
13:50:34,1110.77,-0.13,2,222154,卖盘
13:50:49,1110.75,-0.02,3,333225,卖盘
13:50:53,1110.69,-0.06,1,111069,中性盘
13:50:56,1110.75,0.06,2,222150,买盘
13:50:59,1110.6,-0.15,1,111060,卖盘
13:51:02,1110.75,0.15,1,111075,买盘
13:51:05,1110.51,-0.24,3,333178,卖盘
13:51:08,1110.51,0.0,6,666326,卖盘
13:51:11,1110.5,-0.01,9,999451,卖盘
13:51:14,1110.5,0.0,4,444199,中性盘
13:51:23,1110.19,-0.31,28,3109164,卖盘
13:51:26,1110.51,0.32,1,111051,买盘
13:51:29,1110.5,-0.01,2,222100,卖盘
13:51:32,1110.19,-0.31,12,1332228,卖盘
13:51:35,1110.19,0.0,1,111019,买盘
13:51:38,1110.16,-0.03,7,777128,卖盘
13:51:41,1110.19,0.03,4,444069,买盘
13:51:44,1110.16,-0.03,6,666102,卖盘
13:51:47,1110.16,0.0,3,333048,买盘
13:51:50,1110.15,-0.01,4,444062,卖盘
13:51:53,1110.16,0.01,4,444062,买盘
13:51:56,1110.16,0.0,2,222032,买盘
13:51:59,1110.14,-0.02,5,555075,卖盘
13:52:02,1110.16,0.02,4,444061,买盘
13:52:08,1110.17,0.01,2,222035,卖盘
13:52:14,1110.18,0.01,20,2220356,买盘
13:52:17,1110.44,0.26,6,666127,买盘
13:52:20,1110.46,0.02,10,1110320,中性盘
13:52:23,1110.46,0.0,11,1221506,卖盘
13:52:25,1110.46,0.0,3,333138,卖盘
13:52:29,1110.46,0.0,2,222093,卖盘
13:52:32,1110.46,0.0,2,222092,卖盘
13:52:38,1110.18,-0.28,16,1776386,卖盘
13:52:41,1110.16,-0.02,7,777123,卖盘
13:52:47,1110.17,0.01,4,444064,买盘
13:52:52,1110.15,-0.02,2,222030,买盘
13:52:56,1110.15,0.0,4,444051,买盘
13:52:59,1110.15,0.0,1,111015,买盘
13:53:02,1110.17,0.02,17,1887286,买盘
13:53:04,1110.17,0.0,1,111017,卖盘
13:53:10,1110.16,-0.01,11,1221184,卖盘
13:53:14,1110.16,0.0,4,444063,买盘
13:53:17,1110.16,0.0,3,333048,买盘
13:53:20,1110.18,0.02,5,555088,买盘
13:53:23,1110.16,-0.02,8,888142,卖盘
13:53:25,1110.17,0.01,5,555087,中性盘
13:53:29,1110.19,0.02,7,777125,买盘
13:53:32,1110.16,-0.03,7,777125,卖盘
13:53:35,1110.16,0.0,3,333050,卖盘
13:53:41,1110.46,0.3,3,333110,买盘
13:53:44,1110.46,0.0,1,111046,中性盘
13:53:46,1110.49,0.03,1,111049,买盘
13:53:50,1110.49,0.0,2,222099,中性盘
13:53:53,1110.5,0.01,6,666299,买盘
13:53:59,1110.5,0.0,3,333148,买盘
13:54:01,1110.5,0.0,10,1110491,买盘
13:54:05,1110.51,0.01,8,888402,买盘
13:54:11,1110.51,0.0,1,111051,卖盘
13:54:14,1110.74,0.23,1,111074,买盘
13:54:17,1110.74,0.0,6,666430,买盘
13:54:23,1110.74,0.0,2,222148,买盘
13:54:26,1110.51,-0.23,3,333201,卖盘
13:54:29,1110.75,0.24,4,444300,买盘
13:54:32,1110.73,-0.02,6,666350,中性盘
13:54:35,1110.73,0.0,1,111073,买盘
13:54:44,1110.6,-0.13,1,111060,中性盘
13:54:47,1110.73,0.13,1,111073,买盘
13:54:56,1110.6,-0.13,6,666373,卖盘
13:54:59,1110.6,0.0,3,333180,卖盘
13:55:02,1110.73,0.13,1,111073,买盘
13:55:04,1110.73,0.0,1,111073,买盘
13:55:10,1110.73,0.0,1,111073,买盘
13:55:14,1110.73,0.0,3,333219,买盘
13:55:17,1110.73,0.0,2,222143,买盘
13:55:23,1110.72,-0.01,2,222144,买盘
13:55:25,1110.6,-0.12,1,111060,卖盘
13:55:29,1110.6,0.0,1,111060,卖盘
13:55:32,1110.6,0.0,3,333180,卖盘
13:55:35,1110.6,0.0,1,111060,买盘
13:55:37,1110.6,0.0,2,222120,买盘
13:55:40,1110.6,0.0,4,444233,买盘
13:55:44,1110.59,-0.01,1,111059,中性盘
13:55:47,1110.59,0.0,1,111059,中性盘
13:55:50,1110.6,0.01,1,111060,买盘
13:55:52,1110.51,-0.09,14,1554714,卖盘
