time,price,change,volume,amount,type
09:25:04,15.0,-0.23,13752,20628000,卖盘
09:30:00,14.99,-0.01,819,1227579,卖盘
09:30:04,14.95,-0.04,4634,6938684,卖盘
09:30:07,14.95,0.0,3589,5370082,卖盘
09:30:10,14.96,0.01,1322,1979410,买盘
09:30:12,14.98,0.02,2270,3395489,买盘
09:30:15,14.99,0.01,2662,3988139,买盘
09:30:19,14.95,-0.04,5509,8219888,卖盘
09:30:21,14.98,0.03,335,501132,买盘
09:30:24,14.97,-0.01,713,1066684,卖盘
09:30:27,14.96,-0.01,1038,1552839,中性盘
09:30:31,14.98,0.02,550,823244,买盘
09:30:34,14.98,0.0,1727,2587746,买盘
09:30:36,14.97,-0.01,2140,3203595,卖盘
09:30:39,14.97,0.0,1072,1604591,买盘
09:30:43,14.99,0.02,1497,2242607,买盘
09:30:46,14.99,0.0,1058,1585433,买盘
09:30:49,14.96,-0.03,1220,1826029,卖盘
09:30:52,14.96,0.0,384,574764,买盘
09:30:54,14.96,0.0,428,640301,卖盘
09:30:57,14.97,0.01,312,467132,买盘
09:31:00,14.98,0.01,614,919413,买盘
09:31:05,14.98,0.0,968,1449391,买盘
09:31:07,14.98,0.0,902,1351004,卖盘
09:31:10,14.98,0.0,743,1113317,卖盘
09:31:13,14.99,0.01,2015,3019297,买盘
09:31:16,14.98,-0.01,545,815466,卖盘
09:31:18,14.99,0.01,1858,2784264,买盘
09:31:21,14.99,0.0,2335,3499720,买盘
09:31:24,14.99,0.0,3837,5752411,买盘
09:31:28,14.99,0.0,2717,4072270,买盘
09:31:30,14.99,0.0,592,887297,卖盘
09:31:34,14.99,0.0,900,1348706,卖盘
09:31:36,14.99,0.0,10279,15418810,卖盘
09:31:39,15.01,0.02,1003,1506210,中性盘
09:31:42,15.04,0.03,568,852652,买盘
09:31:45,15.05,0.01,150,225572,买盘
09:31:48,15.01,-0.04,1319,1986111,卖盘
09:31:51,15.05,0.04,72,108427,卖盘
09:31:54,15.05,0.0,225,338700,卖盘
09:31:57,15.05,0.0,204,307284,卖盘
09:32:01,15.05,0.0,563,847462,卖盘
09:32:04,15.04,-0.01,1193,1795052,卖盘
09:32:06,15.04,0.0,1458,2192827,买盘
09:32:10,15.07,0.03,529,795637,买盘
09:32:13,15.05,-0.02,258,388633,卖盘
09:32:15,15.03,-0.02,361,543236,卖盘
09:32:19,15.08,0.05,649,978191,买盘
09:32:21,15.06,-0.02,1395,2098483,买盘
09:32:24,15.05,-0.01,501,754364,卖盘
09:32:27,15.06,0.01,540,813684,中性盘
09:32:30,15.06,0.0,395,594962,卖盘
09:32:34,15.06,0.0,548,825438,卖盘
09:32:37,15.08,0.02,1060,1596937,买盘
09:32:39,15.09,0.01,794,1198097,买盘
09:32:43,15.09,0.0,902,1361517,卖盘
09:32:46,15.09,0.0,612,924077,中性盘
09:32:49,15.12,0.03,413,624060,买盘
09:32:51,15.11,-0.01,449,678407,卖盘
09:32:54,15.11,0.0,199,300767,买盘
09:32:57,15.1,-0.01,730,1103175,卖盘
09:33:01,15.1,0.0,597,901434,买盘
09:33:05,15.11,0.01,347,524101,买盘
09:33:07,15.08,-0.03,477,720218,卖盘
09:33:10,15.1,0.02,874,1319827,买盘
09:33:12,15.1,0.0,900,1359616,卖盘
09:33:15,15.09,-0.01,256,386485,卖盘
09:33:19,15.1,0.01,401,605015,买盘
09:33:21,15.1,0.0,158,238791,买盘
09:33:25,15.1,0.0,168,253657,买盘
09:33:27,15.1,0.0,189,285360,买盘
09:33:30,15.1,0.0,544,820975,买盘
09:33:34,15.1,0.0,987,1490267,卖盘
09:33:37,15.1,0.0,740,1117589,卖盘
09:33:40,15.09,-0.01,1038,1566482,卖盘
09:33:42,15.09,0.0,264,398287,买盘
09:33:46,15.09,0.0,188,283618,买盘
09:33:49,15.1,0.01,864,1303553,买盘
09:33:51,15.09,-0.01,162,244379,卖盘
09:33:55,15.08,-0.01,254,384355,卖盘
09:33:58,15.08,0.0,227,342196,买盘
09:34:00,15.08,0.0,304,458369,买盘
09:34:04,15.07,-0.01,103,155279,卖盘
09:34:07,15.07,0.0,335,505013,卖盘
09:34:10,15.06,-0.01,121,181287,卖盘
09:34:12,15.07,0.01,112,168777,买盘
09:34:16,15.08,0.01,600,904374,买盘
09:34:18,15.08,0.0,536,809646,卖盘
09:34:22,15.07,-0.01,167,251758,卖盘
09:34:24,15.08,0.01,216,325686,买盘
09:34:27,15.09,0.01,142,214277,买盘
09:34:31,15.08,-0.01,281,423671,卖盘
09:34:34,15.09,0.01,1129,1703557,买盘
09:34:36,15.08,-0.01,174,262414,卖盘
09:34:40,15.08,0.0,392,591062,买盘
09:34:42,15.08,0.0,966,1456678,买盘
09:34:45,15.07,-0.01,1332,2007954,卖盘
09:34:48,15.07,0.0,877,1321624,买盘
09:34:51,15.07,0.0,484,729356,买盘
09:34:54,15.07,0.0,520,783547,买盘
09:34:58,15.07,0.0,412,620671,买盘
09:35:01,15.07,0.0,901,1356601,买盘
09:35:04,15.07,0.0,238,359468,卖盘
09:35:06,15.07,0.0,273,410447,买盘
09:35:10,15.06,-0.01,126,189753,卖盘
09:35:13,15.07,0.01,590,888960,买盘
09:35:16,15.06,-0.01,117,176245,卖盘
09:35:19,15.06,0.0,87,131044,卖盘
09:35:21,15.06,0.0,1179,1774628,卖盘
09:35:24,15.06,0.0,34,51204,买盘
09:35:28,15.05,-0.01,670,1007851,卖盘
09:35:30,15.06,0.01,662,996497,买盘
09:35:33,15.06,0.0,247,371574,买盘
09:35:37,15.04,-0.02,579,870911,卖盘
09:35:40,15.05,0.01,312,469714,买盘
09:35:42,15.05,0.0,302,454441,买盘
09:35:46,15.03,-0.02,567,854292,卖盘
09:35:48,15.04,0.01,79,118816,买盘
09:35:51,15.03,-0.01,132,198426,卖盘
09:35:54,15.04,0.01,109,163837,买盘
09:35:58,15.03,-0.01,286,430232,卖盘
09:36:01,15.03,0.0,190,285648,卖盘
09:36:04,15.03,0.0,469,705091,卖盘
09:36:07,15.03,0.0,879,1319988,卖盘
09:36:10,15.04,0.01,120,180460,中性盘
09:36:12,15.03,-0.01,1434,2156717,卖盘
09:36:15,15.04,0.01,273,410611,中性盘
09:36:19,15.04,0.0,368,553714,买盘
09:36:22,15.04,0.0,926,1393824,卖盘
09:36:25,15.04,0.0,547,823073,卖盘
09:36:27,15.04,0.0,215,323408,卖盘
09:36:31,15.05,0.01,402,605453,中性盘
09:36:33,15.05,0.0,168,252881,卖盘
09:36:37,15.06,0.01,848,1276666,买盘
09:36:40,15.06,0.0,135,203345,买盘
09:36:42,15.06,0.0,833,1254325,卖盘
09:36:45,15.06,0.0,862,1298222,买盘
09:36:48,15.05,-0.01,670,1010348,卖盘
09:36:51,15.07,0.02,1084,1632608,买盘
09:36:54,15.06,-0.01,459,691422,卖盘
09:36:57,15.07,0.01,145,218373,买盘
09:37:01,15.07,0.0,95,143179,卖盘
09:37:04,15.07,0.0,302,454979,卖盘
09:37:06,15.06,-0.01,69,103925,卖盘
09:37:10,15.07,0.01,119,179451,买盘
09:37:13,15.07,0.0,155,233550,买盘
09:37:15,15.06,-0.01,152,228960,卖盘
09:37:19,15.06,0.0,253,380899,卖盘
09:37:21,15.06,0.0,347,522522,买盘
09:37:25,15.07,0.01,286,430716,买盘
09:37:27,15.06,-0.01,99,149069,卖盘
09:37:30,15.06,0.0,154,231917,买盘
09:37:34,15.06,0.0,152,228863,买盘
09:37:37,15.05,-0.01,397,597692,卖盘
09:37:39,15.06,0.01,146,219803,中性盘
09:37:42,15.06,0.0,711,1070171,买盘
09:37:46,15.06,0.0,632,952408,卖盘
09:37:49,15.06,0.0,1346,2026542,卖盘
09:37:51,15.06,0.0,207,311779,卖盘
09:37:54,15.07,0.01,111,167661,卖盘
09:37:58,15.06,-0.01,198,298345,卖盘
09:38:01,15.07,0.01,285,429279,买盘
09:38:04,15.07,0.0,27,40682,买盘
09:38:06,15.07,0.0,919,1384085,买盘
09:38:09,15.07,0.0,331,498521,买盘
09:38:12,15.06,-0.01,529,796944,卖盘
09:38:16,15.07,0.01,223,335891,买盘
09:38:19,15.07,0.0,261,393254,买盘
09:38:22,15.06,-0.01,193,290808,卖盘
09:38:25,15.06,0.0,123,185243,卖盘
09:38:28,15.07,0.01,1149,1732493,买盘
09:38:30,15.07,0.0,1503,2263617,买盘
09:38:33,15.07,0.0,101,152129,卖盘
09:38:36,15.07,0.0,66,99463,卖盘
09:38:40,15.07,0.0,238,358679,卖盘
09:38:43,15.07,0.0,217,327131,卖盘
09:38:46,15.07,0.0,356,536461,买盘
09:38:49,15.07,0.0,337,507599,买盘
09:38:52,15.07,0.0,1162,1753151,买盘
09:38:54,15.1,0.03,45,67853,买盘
09:38:57,15.08,-0.02,34,51273,卖盘
09:39:00,15.1,0.02,380,573252,买盘
09:39:05,15.1,0.0,290,436808,买盘
09:39:07,15.09,-0.01,122,184130,卖盘
09:39:09,15.08,-0.01,347,524458,卖盘
09:39:13,15.08,0.0,321,484083,卖盘
09:39:15,15.08,0.0,77,116113,买盘
09:39:19,15.08,0.0,1683,2536237,买盘
09:39:22,15.07,-0.01,1543,2326747,卖盘
09:39:24,15.07,0.0,81,122062,买盘
09:39:28,15.09,0.02,2293,3454487,买盘
09:39:30,15.07,-0.02,116,174834,卖盘
09:39:33,15.08,0.01,86,129694,买盘
09:39:36,15.06,-0.02,3255,4903044,卖盘
09:39:39,15.06,0.0,98,147588,买盘
09:39:42,15.05,-0.01,133,200226,卖盘
09:39:46,15.05,0.0,180,270982,卖盘
09:39:48,15.06,0.01,508,765144,买盘
09:39:51,15.05,-0.01,1204,1812249,卖盘
09:39:54,15.05,0.0,1041,1566069,买盘
09:39:57,15.04,-0.01,596,896084,卖盘
09:40:01,15.04,0.0,684,1029109,买盘
09:40:04,15.03,-0.01,936,1406983,卖盘
09:40:07,15.05,0.02,57,85717,买盘
09:40:09,15.04,-0.01,132,198538,卖盘
09:40:13,15.03,-0.01,197,295937,卖盘
09:40:15,15.04,0.01,79,118816,中性盘
09:40:19,15.04,0.0,113,169889,买盘
09:40:22,15.04,0.0,398,598532,买盘
09:40:25,15.04,0.0,390,586277,买盘
09:40:27,15.03,-0.01,252,378891,卖盘
09:40:31,15.03,0.0,204,306809,卖盘
09:40:33,15.03,0.0,105,157824,卖盘
09:40:36,15.05,0.02,116,174468,买盘
09:40:39,15.04,-0.01,302,454358,卖盘
09:40:43,15.05,0.01,555,835282,买盘
09:40:45,15.04,-0.01,527,792100,卖盘
09:40:49,15.04,0.0,618,929051,买盘
09:40:51,15.04,0.0,736,1107542,卖盘
09:40:55,15.05,0.01,220,330114,买盘
09:40:57,15.04,-0.01,349,525175,卖盘
09:41:00,15.05,0.01,16,24076,买盘
09:41:05,15.07,0.02,543,818638,买盘
09:41:07,15.05,-0.02,144,216874,卖盘
09:41:10,15.05,0.0,285,429029,卖盘
09:41:12,15.04,-0.01,410,617421,卖盘
09:41:15,15.06,0.02,225,338832,买盘
09:41:18,15.06,0.0,561,844672,买盘
09:41:21,15.07,0.01,219,330018,买盘
09:41:24,15.06,-0.01,54,81327,卖盘
09:41:27,15.07,0.01,217,326809,买盘
09:41:31,15.06,-0.01,60,90375,卖盘
09:41:33,15.07,0.01,444,668548,买盘
09:41:37,15.05,-0.02,159,239493,卖盘
09:41:39,15.06,0.01,189,284509,买盘
09:41:42,15.05,-0.01,50,75288,卖盘
09:41:45,15.06,0.01,23,34633,买盘
09:41:48,15.05,-0.01,213,320765,卖盘
09:41:51,15.06,0.01,103,154562,买盘
09:41:54,15.06,0.0,89,134651,买盘
09:41:57,15.06,0.0,356,535902,买盘
09:42:00,15.05,-0.01,49,73760,卖盘
09:42:04,15.06,0.01,63,94863,买盘
09:42:06,15.06,0.0,173,260470,买盘
09:42:09,15.06,0.0,100,150578,卖盘
09:42:12,15.05,-0.01,113,170076,卖盘
09:42:15,15.06,0.01,39,58734,买盘
09:42:18,15.05,-0.01,93,140041,卖盘
09:42:21,15.06,0.01,859,1293608,买盘
09:42:25,15.06,0.0,53,79818,卖盘
09:42:27,15.06,0.0,283,426268,卖盘
09:42:31,15.06,0.0,80,120481,买盘
09:42:34,15.06,0.0,171,257428,卖盘
09:42:36,15.06,0.0,149,224389,买盘
09:42:39,15.06,0.0,195,293670,卖盘
09:42:42,15.05,-0.01,546,821901,卖盘
09:42:46,15.06,0.01,76,114427,买盘
09:42:49,15.05,-0.01,1252,1884260,卖盘
09:42:52,15.05,0.0,135,203222,卖盘
09:42:55,15.06,0.01,142,213730,买盘
09:42:58,15.06,0.0,275,414149,买盘
09:43:00,15.05,-0.01,301,453029,卖盘
09:43:04,15.05,0.0,142,213756,卖盘
09:43:07,15.06,0.01,2119,3188439,买盘
09:43:10,15.05,-0.01,126,188998,卖盘
09:43:12,15.05,0.0,205,308525,买盘
09:43:16,15.05,0.0,192,288889,买盘
09:43:19,15.04,-0.01,110,165517,卖盘
09:43:22,15.05,0.01,293,440735,买盘
09:43:24,15.05,0.0,336,506084,买盘
09:43:27,15.05,0.0,25,37628,卖盘
09:43:30,15.05,0.0,290,435974,卖盘
09:43:33,15.05,0.0,308,463488,买盘
09:43:37,15.05,0.0,403,606464,买盘
09:43:39,15.05,0.0,355,534038,卖盘
09:43:43,15.06,0.01,268,403222,买盘
09:43:45,15.06,0.0,78,117435,买盘
09:43:49,15.05,-0.01,308,463540,卖盘
09:43:51,15.05,0.0,279,419895,买盘
09:43:54,15.05,0.0,215,323426,买盘
09:43:57,15.05,0.0,256,385092,买盘
09:44:00,15.05,0.0,178,267865,买盘
09:44:05,15.04,-0.01,203,305418,卖盘
09:44:07,15.06,0.02,1079,1624676,买盘
09:44:09,15.05,-0.01,219,329516,卖盘
09:44:13,15.04,-0.01,354,532440,卖盘
09:44:15,15.05,0.01,870,1308638,卖盘
09:44:19,15.04,-0.01,227,340546,买盘
09:44:22,15.04,0.0,151,227047,买盘
09:44:24,15.04,0.0,177,266204,买盘
09:44:27,15.03,-0.01,699,1051626,卖盘
09:44:31,15.05,0.02,272,409330,买盘
09:44:33,15.05,0.0,68,102282,买盘
09:44:37,15.05,0.0,449,675399,买盘
09:44:39,15.03,-0.02,111,166835,卖盘
09:44:42,15.05,0.02,160,240534,买盘
09:44:45,15.03,-0.02,26,39104,卖盘
09:44:48,15.05,0.02,169,254311,买盘
09:44:51,15.04,-0.01,426,640714,卖盘
09:44:54,15.03,-0.01,31,45781,卖盘
09:44:58,15.04,0.01,269,404382,买盘
09:45:01,15.04,0.0,356,535369,买盘
09:45:05,15.04,0.0,101,151869,买盘
09:45:07,15.04,0.0,265,398453,买盘
09:45:09,15.04,0.0,623,936427,卖盘
09:45:13,15.03,-0.01,74,111277,卖盘
09:45:16,15.05,0.02,1736,2611002,买盘
09:45:19,15.03,-0.02,944,1418418,卖盘
09:45:21,15.04,0.01,658,989601,买盘
09:45:25,15.04,0.0,790,1186686,买盘
09:45:27,15.03,-0.01,56,84219,卖盘
09:45:31,15.04,0.01,1259,1892251,中性盘
09:45:33,15.03,-0.01,132,198395,卖盘
09:45:37,15.04,0.01,54,81180,买盘
09:45:40,15.02,-0.02,555,834075,卖盘
09:45:42,15.03,0.01,41,61647,买盘
09:45:45,15.03,0.0,1664,2499613,卖盘
09:45:48,15.02,-0.01,1249,1874951,卖盘
09:45:52,15.01,-0.01,395,593118,卖盘
09:45:55,15.03,0.02,81,121609,中性盘
09:45:58,15.0,-0.03,2331,3499491,卖盘
09:46:00,15.01,0.01,526,789261,买盘
09:46:04,15.0,-0.01,276,414184,卖盘
09:46:07,15.01,0.01,1615,2422724,买盘
09:46:10,15.0,-0.01,543,814544,卖盘
09:46:13,15.0,0.0,736,1104216,卖盘
09:46:16,15.0,0.0,353,529515,卖盘
09:46:19,15.0,0.0,217,325534,卖盘
09:46:22,15.01,0.01,1714,2571060,买盘
09:46:24,15.01,0.0,397,595549,卖盘
09:46:27,15.0,-0.01,391,586584,卖盘
09:46:30,15.01,0.01,786,1179725,买盘
09:46:34,15.0,-0.01,617,925575,卖盘
09:46:36,15.0,0.0,1389,2083501,卖盘
09:46:39,14.99,-0.01,3734,5600037,卖盘
09:46:42,15.0,0.01,860,1289303,买盘
09:46:45,15.0,0.0,312,467749,买盘
09:46:48,14.98,-0.02,152,227849,卖盘
09:46:51,14.99,0.01,60,89923,买盘
09:46:54,14.98,-0.01,346,517504,卖盘
09:46:57,14.99,0.01,123,184289,买盘
09:47:00,14.98,-0.01,135,202292,卖盘
09:47:04,14.99,0.01,231,346118,买盘
09:47:06,14.98,-0.01,437,654963,卖盘
09:47:10,14.99,0.01,405,606913,买盘
09:47:13,14.98,-0.01,258,386211,卖盘
09:47:15,14.99,0.01,149,223236,卖盘
09:47:18,14.99,0.0,412,617284,卖盘
09:47:21,14.99,0.0,300,449480,买盘
09:47:24,14.98,-0.01,205,307086,卖盘
09:47:27,14.98,0.0,125,187221,买盘
09:47:31,14.98,0.0,168,251645,买盘
09:47:33,14.98,0.0,795,1191060,卖盘
09:47:37,15.0,0.02,302,452717,买盘
09:47:39,14.98,-0.02,589,882894,卖盘
09:47:42,14.99,0.01,103,154316,买盘
09:47:45,14.99,0.0,164,245733,买盘
09:47:48,14.99,0.0,170,254839,卖盘
09:47:51,14.99,0.0,90,134938,卖盘
09:47:54,14.99,0.0,552,827885,卖盘
09:47:57,14.99,0.0,336,504346,买盘
09:48:00,14.98,-0.01,512,767116,卖盘
09:48:05,14.99,0.01,981,1470188,买盘
09:48:07,14.99,0.0,2043,3060791,卖盘
09:48:10,14.99,0.0,79,118386,买盘
09:48:12,14.99,0.0,230,344714,买盘
09:48:15,15.0,0.01,203,304397,买盘
09:48:19,14.99,-0.01,762,1142200,卖盘
09:48:21,14.99,0.0,132,197860,卖盘
09:48:25,14.99,0.0,98,146897,买盘
09:48:27,14.99,0.0,401,601099,买盘
09:48:31,14.99,0.0,143,214357,卖盘
09:48:34,14.98,-0.01,1117,1673378,卖盘
09:48:36,14.99,0.01,232,347761,买盘
09:48:39,14.99,0.0,436,653561,买盘
09:48:42,14.99,0.0,178,266822,卖盘
09:48:45,14.99,0.0,159,238368,卖盘
09:48:48,14.99,0.0,118,176824,买盘
09:48:51,14.99,0.0,160,239775,买盘
09:48:54,14.99,0.0,174,260851,卖盘
09:48:58,14.99,0.0,99,148333,买盘
09:49:00,14.98,-0.01,1055,1581294,卖盘
09:49:04,14.99,0.01,400,599269,买盘
09:49:07,14.98,-0.01,585,876675,卖盘
09:49:09,14.98,0.0,196,293760,卖盘
09:49:12,14.98,0.0,205,307241,卖盘
09:49:15,14.99,0.01,144,215738,买盘
09:49:18,14.99,0.0,795,1191494,买盘
09:49:21,14.99,0.0,405,607097,卖盘
09:49:24,14.99,0.0,107,160393,卖盘
09:49:27,14.99,0.0,44,65956,卖盘
09:49:30,14.99,0.0,708,1061967,卖盘
09:49:33,15.0,0.01,487,730075,买盘
09:49:37,14.99,-0.01,930,1395332,卖盘
09:49:39,14.99,0.0,259,388295,卖盘
09:49:43,14.99,0.0,162,242838,买盘
09:49:46,14.99,0.0,84,125906,买盘
09:49:49,14.99,0.0,56,83932,买盘
09:49:52,14.98,-0.01,706,1057669,卖盘
09:49:54,14.99,0.01,45,67455,买盘
09:49:58,14.99,0.0,3153,4723296,买盘
09:50:00,14.98,-0.01,320,478648,卖盘
09:50:05,14.97,-0.01,2324,3478782,卖盘
09:50:07,14.97,0.0,2086,3120230,买盘
09:50:10,14.97,0.0,228,341299,买盘
09:50:13,14.95,-0.02,231,345507,卖盘
09:50:15,14.96,0.01,32,47859,买盘
09:50:19,14.95,-0.01,3718,5559085,卖盘
09:50:22,14.95,0.0,422,630900,卖盘
09:50:25,14.95,0.0,111,166320,卖盘
09:50:28,14.95,0.0,566,845793,买盘
09:50:30,14.95,0.0,450,672362,买盘
09:50:33,14.92,-0.03,1534,2290614,卖盘
09:50:37,14.93,0.01,89,132875,买盘
09:50:39,14.92,-0.01,524,781901,卖盘
09:50:42,14.93,0.01,222,331317,买盘
09:50:46,14.92,-0.01,468,698031,卖盘
09:50:48,14.92,0.0,189,282043,卖盘
09:50:52,14.92,0.0,486,725258,卖盘
09:50:55,14.92,0.0,1614,2410776,卖盘
09:50:57,14.92,0.0,694,1035521,卖盘
09:51:00,14.92,0.0,494,737216,卖盘
09:51:04,14.93,0.01,943,1406983,中性盘
09:51:07,14.93,0.0,382,570088,卖盘
09:51:10,14.93,0.0,2592,3866818,买盘
09:51:13,14.93,0.0,525,783735,卖盘
09:51:16,14.93,0.0,274,409271,卖盘
09:51:18,14.93,0.0,185,276276,卖盘
09:51:21,14.92,-0.01,1184,1766619,卖盘
09:51:25,14.93,0.01,2621,3910754,中性盘
09:51:27,14.93,0.0,245,365681,买盘
09:51:30,14.93,0.0,199,297085,卖盘
09:51:33,14.92,-0.01,270,403080,卖盘
09:51:37,14.93,0.01,1581,2359855,买盘
09:51:39,14.93,0.0,487,726866,卖盘
09:51:43,14.93,0.0,234,349418,卖盘
09:51:45,14.93,0.0,142,212026,卖盘
09:51:49,14.93,0.0,127,189643,卖盘
09:51:51,14.93,0.0,583,870421,卖盘
09:51:55,14.93,0.0,612,913175,买盘
09:51:57,14.93,0.0,236,352234,买盘
09:52:00,14.93,0.0,344,513387,买盘
09:52:05,14.92,-0.01,828,1235487,卖盘
09:52:07,14.93,0.01,643,959507,买盘
09:52:10,14.92,-0.01,5506,8212377,卖盘
09:52:13,14.92,0.0,153,228241,买盘
09:52:16,14.92,0.0,130,193949,买盘
09:52:18,14.92,0.0,351,523537,买盘
09:52:21,14.92,0.0,1180,1759662,买盘
09:52:25,14.91,-0.01,507,756457,卖盘
09:52:27,14.92,0.01,460,685583,买盘
09:52:30,14.93,0.01,88,131297,中性盘
09:52:33,14.92,-0.01,543,810588,卖盘
09:52:36,14.92,0.0,643,959240,买盘
09:52:39,14.92,0.0,539,804275,卖盘
09:52:43,14.93,0.01,1033,1541240,买盘
09:52:45,14.92,-0.01,22,32788,卖盘
09:52:49,14.93,0.01,689,1028089,买盘
09:52:51,14.93,0.0,1946,2903838,买盘
09:52:54,14.92,-0.01,103,153724,中性盘
09:52:57,14.93,0.01,127,189521,买盘
09:53:00,14.92,-0.01,343,511771,卖盘
09:53:05,14.93,0.01,115,171541,买盘
09:53:07,14.92,-0.01,1002,1494472,卖盘
09:53:09,14.92,0.0,303,452360,卖盘
09:53:12,14.93,0.01,102,152262,买盘
09:53:15,14.92,-0.01,171,255225,卖盘
09:53:18,14.93,0.01,136,202987,买盘
09:53:21,14.93,0.0,208,310474,买盘
09:53:25,14.93,0.0,272,406008,卖盘
09:53:28,14.93,0.0,116,173179,买盘
09:53:31,14.92,-0.01,129,192556,卖盘
09:53:34,14.94,0.02,66,98552,买盘
09:53:36,14.93,-0.01,234,349315,卖盘
09:53:39,14.92,-0.01,398,593863,卖盘
09:53:42,14.92,0.0,192,286609,卖盘
09:53:46,14.93,0.01,176,262759,买盘
09:53:48,14.93,0.0,154,229922,卖盘
09:53:52,14.93,0.0,157,234401,卖盘
09:53:54,14.94,0.01,221,329981,买盘
09:53:58,14.94,0.0,100,149317,买盘
09:54:01,14.94,0.0,372,555606,买盘
09:54:04,14.94,0.0,187,279378,卖盘
09:54:06,14.94,0.0,267,398794,卖盘
09:54:09,14.94,0.0,269,401751,买盘
09:54:13,14.94,0.0,97,144942,买盘
09:54:16,14.94,0.0,159,237573,卖盘
09:54:19,14.95,0.01,209,312354,买盘
09:54:21,14.95,0.0,73,109105,买盘
09:54:24,14.95,0.0,212,316809,买盘
09:54:27,14.94,-0.01,382,570685,卖盘
09:54:31,14.94,0.0,153,228717,卖盘
09:54:34,14.95,0.01,33,49315,买盘
09:54:37,14.95,0.0,251,375039,买盘
09:54:40,14.94,-0.01,844,1260653,卖盘
09:54:43,14.95,0.01,102,152405,买盘
09:54:46,14.93,-0.02,204,304730,卖盘
09:54:48,14.93,0.0,127,189663,卖盘
09:54:51,14.94,0.01,3083,4601127,买盘
09:54:55,14.93,-0.01,288,429972,卖盘
09:54:57,14.94,0.01,759,1132713,买盘
09:55:01,14.94,0.0,212,316673,买盘
09:55:04,14.94,0.0,140,209075,买盘
09:55:07,14.93,-0.01,166,247874,卖盘
09:55:09,14.94,0.01,955,1426556,买盘
09:55:12,14.94,0.0,43,64226,卖盘
09:55:15,14.94,0.0,744,1111533,买盘
09:55:18,14.95,0.01,1999,2986410,买盘
09:55:21,14.94,-0.01,40,59766,卖盘
09:55:24,14.94,0.0,266,397486,卖盘
09:55:27,14.94,0.0,92,137465,买盘
09:55:31,14.95,0.01,49,73229,买盘
09:55:33,14.94,-0.01,118,176327,卖盘
09:55:37,14.94,0.0,379,566376,卖盘
09:55:40,14.94,0.0,443,661891,买盘
09:55:43,14.95,0.01,281,419923,买盘
09:55:46,14.95,0.0,121,180794,买盘
09:55:48,14.95,0.0,165,246539,买盘
09:55:52,14.95,0.0,308,460460,买盘
09:55:54,14.95,0.0,163,243696,卖盘
09:55:57,14.95,0.0,10,14958,卖盘
09:56:00,14.94,-0.01,937,1400710,卖盘
09:56:05,14.96,0.02,226,338769,买盘
09:56:07,14.96,0.0,241,360132,买盘
09:56:09,14.95,-0.01,48,71760,卖盘
09:56:12,14.95,0.0,275,411102,买盘
09:56:15,14.95,0.0,163,243685,买盘
09:56:18,14.94,-0.01,377,563390,卖盘
09:56:22,14.95,0.01,336,502643,中性盘
09:56:24,14.94,-0.01,1242,1856021,卖盘
09:56:27,14.94,0.0,64,95702,卖盘
09:56:30,14.94,0.0,160,239045,卖盘
09:56:33,14.93,-0.01,1987,2968399,卖盘
09:56:37,14.93,0.0,591,882800,卖盘
09:56:39,14.93,0.0,136,203083,卖盘
09:56:42,14.93,0.0,110,164412,卖盘
09:56:45,14.93,0.0,73,109001,卖盘
09:56:48,14.93,0.0,435,649886,卖盘
09:56:51,14.94,0.01,725,1082511,买盘
09:56:54,14.93,-0.01,1581,2360432,卖盘
09:56:57,14.93,0.0,187,279091,买盘
09:57:00,14.92,-0.01,675,1007271,卖盘
09:57:05,14.92,0.0,252,376073,卖盘
09:57:07,14.93,0.01,763,1138455,买盘
09:57:10,14.93,0.0,427,637139,买盘
09:57:12,14.93,0.0,45,67164,买盘
09:57:16,14.92,-0.01,295,440199,卖盘
09:57:18,14.93,0.01,792,1181968,买盘
09:57:21,14.93,0.0,76,113434,买盘
09:57:24,14.92,-0.01,349,520654,卖盘
09:57:27,14.92,0.0,234,349122,买盘
09:57:30,14.92,0.0,146,216970,买盘
09:57:34,14.91,-0.01,631,941447,卖盘
09:57:37,14.91,0.0,508,757596,卖盘
09:57:40,14.92,0.01,61,91000,买盘
09:57:43,14.92,0.0,8403,12526307,买盘
09:57:46,14.91,-0.01,1838,2739959,卖盘
09:57:48,14.91,0.0,141,210140,买盘
09:57:51,14.91,0.0,2027,3020433,买盘
09:57:55,14.91,0.0,623,928655,买盘
09:57:57,14.91,0.0,2658,3960704,买盘
09:58:00,14.91,0.0,1442,2148762,买盘
09:58:04,14.9,-0.01,1313,1956524,卖盘
09:58:06,14.9,0.0,2108,3141118,卖盘
09:58:09,14.9,0.0,2742,4085372,卖盘
09:58:12,14.89,-0.01,2002,2981148,卖盘
09:58:15,14.88,-0.01,250,372046,卖盘
09:58:19,14.89,0.01,482,717266,买盘
09:58:22,14.88,-0.01,3169,4715475,卖盘
09:58:24,14.88,0.0,641,953235,买盘
09:58:28,14.87,-0.01,530,788289,卖盘
09:58:30,14.87,0.0,182,270550,买盘
09:58:34,14.86,-0.01,2311,3434264,卖盘
09:58:37,14.85,-0.01,2974,4416582,卖盘
09:58:40,14.85,0.0,201,298427,买盘
09:58:43,14.84,-0.01,539,799759,卖盘
09:58:45,14.84,0.0,1433,2126956,买盘
09:58:49,14.83,-0.01,203,301317,卖盘
09:58:52,14.84,0.01,5943,8821679,中性盘
09:58:55,14.84,0.0,1211,1797456,卖盘
09:58:57,14.84,0.0,3232,4799299,卖盘
09:59:00,14.85,0.01,1985,2947331,买盘
09:59:04,14.85,0.0,645,958154,卖盘
09:59:07,14.86,0.01,2363,3508270,买盘
09:59:10,14.85,-0.01,1849,2745369,卖盘
09:59:12,14.86,0.01,269,399526,买盘
09:59:16,14.86,0.0,490,727765,买盘
09:59:18,14.85,-0.01,1326,1967494,卖盘
09:59:22,14.85,0.0,544,807819,卖盘
09:59:24,14.84,-0.01,1322,1960314,卖盘
09:59:27,14.84,0.0,504,747776,买盘
09:59:31,14.83,-0.01,3866,5727646,卖盘
09:59:33,14.83,0.0,673,997227,买盘
09:59:37,14.83,0.0,2567,3801790,买盘
09:59:40,14.82,-0.01,450,667096,卖盘
09:59:42,14.8,-0.02,5000,7401853,卖盘
09:59:46,14.81,0.01,3473,5141511,中性盘
09:59:48,14.8,-0.01,2592,3836216,卖盘
09:59:52,14.8,0.0,832,1231085,买盘
09:59:54,14.8,0.0,717,1061088,买盘
09:59:58,14.79,-0.01,771,1140811,卖盘
10:00:00,14.79,0.0,729,1078553,卖盘
10:00:04,14.8,0.01,1419,2098006,买盘
10:00:06,14.79,-0.01,984,1455729,卖盘
10:00:09,14.81,0.02,4677,6921873,买盘
10:00:12,14.8,-0.01,1005,1487322,卖盘
10:00:16,14.82,0.02,4258,6306807,买盘
10:00:19,14.84,0.02,493,729949,买盘
10:00:22,14.82,-0.02,452,669898,卖盘
10:00:24,14.84,0.02,1766,2616951,买盘
10:00:28,14.83,-0.01,245,363228,中性盘
10:00:30,14.83,0.0,110,163127,买盘
10:00:34,14.84,0.01,127,188400,买盘
10:00:37,14.83,-0.01,1294,1919383,卖盘
10:00:40,14.84,0.01,1516,2250041,卖盘
10:00:43,14.84,0.0,467,693064,买盘
10:00:46,14.84,0.0,283,420043,买盘
10:00:48,14.82,-0.02,1293,1917605,卖盘
10:00:52,14.84,0.02,352,522808,中性盘
10:00:55,14.85,0.01,334,495688,买盘
10:00:58,14.84,-0.01,1707,2534001,卖盘
10:01:00,14.85,0.01,1287,1908895,买盘
10:01:04,14.84,-0.01,199,295497,卖盘
10:01:07,14.85,0.01,287,426051,买盘
10:01:10,14.85,0.0,541,803382,买盘
10:01:13,14.84,-0.01,612,908193,卖盘
10:01:16,14.85,0.01,428,635509,中性盘
10:01:18,14.85,0.0,443,657853,买盘
10:01:21,14.85,0.0,215,319239,买盘
10:01:24,14.85,0.0,146,216783,买盘
10:01:28,14.85,0.0,344,510658,买盘
10:01:30,14.84,-0.01,111,164784,卖盘
10:01:34,14.85,0.01,264,392014,买盘
10:01:36,14.85,0.0,92,136603,买盘
10:01:40,14.84,-0.01,342,507785,卖盘
10:01:42,14.85,0.01,684,1015189,买盘
10:01:45,14.84,-0.01,250,370640,卖盘
10:01:48,14.85,0.01,1533,2275261,买盘
10:01:51,14.84,-0.01,357,529908,卖盘
10:01:54,14.84,0.0,483,717579,卖盘
10:01:57,14.84,0.0,471,698866,买盘
10:02:00,14.84,0.0,396,587530,买盘
10:02:04,14.84,0.0,164,243364,买盘
10:02:07,14.84,0.0,913,1354022,买盘
10:02:10,14.85,0.01,2292,3399492,买盘
10:02:12,14.84,-0.01,180,267163,卖盘
10:02:16,14.84,0.0,107,158858,卖盘
10:02:19,14.85,0.01,513,761714,买盘
10:02:22,14.85,0.0,246,365212,买盘
10:02:25,14.85,0.0,624,926471,买盘
10:02:28,14.85,0.0,127,188591,买盘
10:02:30,14.84,-0.01,685,1017118,卖盘
10:02:34,14.85,0.01,724,1075006,买盘
10:02:36,14.85,0.0,389,577569,买盘
10:02:39,14.85,0.0,259,384664,卖盘
10:02:42,14.85,0.0,323,479768,卖盘
10:02:45,14.86,0.01,235,349210,买盘
10:02:48,14.86,0.0,591,877947,卖盘
10:02:52,14.87,0.01,215,319683,买盘
10:02:54,14.88,0.01,569,846002,买盘
10:02:58,14.87,-0.01,606,901623,卖盘
10:03:00,14.88,0.01,201,298987,买盘
10:03:04,14.87,-0.01,144,214223,卖盘
10:03:07,14.88,0.01,264,392739,买盘
10:03:10,14.89,0.01,2364,3517621,买盘
10:03:12,14.88,-0.01,171,254448,卖盘
10:03:15,14.89,0.01,81,120609,买盘
10:03:18,14.89,0.0,184,273820,买盘
10:03:21,14.9,0.01,97,144435,买盘
10:03:24,14.9,0.0,209,311228,买盘
10:03:28,14.9,0.0,545,811941,买盘
10:03:30,14.9,0.0,484,720832,买盘
10:03:34,14.9,0.0,111,165390,买盘
10:03:36,14.9,0.0,81,120690,卖盘
10:03:40,14.9,0.0,283,421670,卖盘
10:03:42,14.9,0.0,113,168321,买盘
10:03:46,14.9,0.0,258,384200,买盘
10:03:48,14.89,-0.01,332,494401,卖盘
10:03:52,14.9,0.01,887,1320098,买盘
10:03:55,14.88,-0.02,694,1032574,卖盘
10:03:58,14.88,0.0,63,93757,买盘
10:04:01,14.88,0.0,110,163672,买盘
10:04:04,14.88,0.0,1136,1689304,卖盘
10:04:06,14.88,0.0,179,266348,买盘
10:04:09,14.87,-0.01,179,266233,卖盘
10:04:13,14.87,0.0,200,297456,买盘
10:04:15,14.87,0.0,326,484612,买盘
10:04:18,14.86,-0.01,299,444585,卖盘
10:04:21,14.87,0.01,615,914017,买盘
10:04:24,14.85,-0.02,2248,3338636,卖盘
10:04:27,14.84,-0.01,562,834375,卖盘
10:04:30,14.86,0.02,47,69839,买盘
10:04:34,14.86,0.0,131,194667,卖盘
10:04:36,14.84,-0.02,220,326660,卖盘
10:04:40,14.85,0.01,543,806119,卖盘
10:04:42,14.85,0.0,155,230168,买盘
10:04:45,14.85,0.0,363,538843,买盘
10:04:49,14.85,0.0,249,369715,买盘
10:04:52,14.85,0.0,214,317807,卖盘
10:04:54,14.85,0.0,206,305936,卖盘
10:04:58,14.85,0.0,319,473807,卖盘
10:05:00,14.85,0.0,276,409889,卖盘
10:05:04,14.85,0.0,352,522530,买盘
10:05:06,14.85,0.0,150,222818,买盘
10:05:09,14.85,0.0,710,1054335,卖盘
10:05:12,14.85,0.0,464,689036,买盘
10:05:15,14.85,0.0,2142,3179202,买盘
10:05:19,14.85,0.0,483,716944,买盘
10:05:21,14.85,0.0,1637,2429645,买盘
10:05:25,14.85,0.0,1425,2115896,买盘
10:05:27,14.84,-0.01,49,72535,卖盘
10:05:31,14.84,0.0,310,460033,买盘
10:05:33,14.84,0.0,152,225522,买盘
10:05:36,14.85,0.01,816,1210947,买盘
10:05:39,14.84,-0.01,388,576099,卖盘
10:05:43,14.85,0.01,205,304239,买盘
10:05:45,14.86,0.01,679,1008466,买盘
10:05:48,14.85,-0.01,576,855069,卖盘
10:05:51,14.86,0.01,42,62362,买盘
10:05:54,14.85,-0.01,267,396495,卖盘
10:05:57,14.85,0.0,21,31185,卖盘
10:06:00,14.86,0.01,249,369771,买盘
10:06:04,14.86,0.0,15,22286,买盘
10:06:07,14.85,-0.01,1340,1989864,卖盘
10:06:10,14.86,0.01,686,1018730,买盘
10:06:13,14.86,0.0,475,705565,买盘
10:06:15,14.85,-0.01,778,1155974,卖盘
10:06:18,14.84,-0.01,409,607308,卖盘
10:06:21,14.85,0.01,452,671592,中性盘
10:06:24,14.86,0.01,1086,1612340,买盘
10:06:28,14.85,-0.01,655,972608,卖盘
10:06:30,14.85,0.0,182,270270,买盘
10:06:33,14.83,-0.02,1322,1961774,卖盘
10:06:36,14.85,0.02,293,434910,买盘
10:06:40,14.84,-0.01,100,148425,卖盘
10:06:42,14.84,0.0,376,558151,买盘
10:06:46,14.85,0.01,173,256737,买盘
10:06:49,14.84,-0.01,956,1419467,卖盘
10:06:52,14.84,0.0,1457,2161026,卖盘
10:06:54,14.84,0.0,331,491276,买盘
10:06:58,14.84,0.0,136,201860,卖盘
10:07:00,14.84,0.0,403,598140,卖盘
10:07:04,14.85,0.01,82,121759,买盘
10:07:07,14.84,-0.01,221,328017,卖盘
10:07:10,14.84,0.0,468,694654,卖盘
10:07:12,14.84,0.0,359,532856,卖盘
10:07:16,14.85,0.01,344,510766,买盘
10:07:18,14.85,0.0,1666,2473105,买盘
10:07:22,14.85,0.0,134,198944,买盘
10:07:24,14.85,0.0,333,494323,卖盘
10:07:28,14.84,-0.01,263,390397,卖盘
10:07:30,14.84,0.0,265,393535,卖盘
10:07:34,14.85,0.01,1331,1974815,中性盘
10:07:36,14.85,0.0,331,491373,买盘
10:07:39,14.84,-0.01,1283,1904157,卖盘
10:07:42,14.84,0.0,776,1151511,买盘
10:07:45,14.85,0.01,866,1285158,买盘
10:07:49,14.85,0.0,263,390346,买盘
10:07:52,14.84,-0.01,69,102432,卖盘
10:07:54,14.84,0.0,615,913121,卖盘
10:07:58,14.85,0.01,371,551137,买盘
10:08:01,14.86,0.01,268,397935,买盘
10:08:04,14.85,-0.01,186,276382,卖盘
10:08:07,14.85,0.0,247,366805,卖盘
10:08:10,14.85,0.0,95,141174,卖盘
10:08:12,14.86,0.01,220,326715,买盘
10:08:15,14.86,0.0,2622,3894201,买盘
10:08:18,14.86,0.0,247,366978,卖盘
10:08:21,14.87,0.01,99,147134,买盘
10:08:24,14.87,0.0,324,481615,买盘
10:08:27,14.87,0.0,76,113012,买盘
10:08:31,14.87,0.0,198,294321,卖盘
10:08:33,14.88,0.01,9,13392,买盘
10:08:37,14.88,0.0,271,402979,买盘
10:08:40,14.87,-0.01,172,256624,卖盘
10:08:43,14.88,0.01,342,508598,买盘
10:08:46,14.87,-0.01,177,263357,卖盘
10:08:48,14.86,-0.01,2051,3048861,卖盘
10:08:51,14.86,0.0,261,387793,买盘
10:08:55,14.85,-0.01,274,407008,卖盘
10:08:57,14.86,0.01,404,600235,买盘
10:09:01,14.86,0.0,316,469384,买盘
10:09:04,14.86,0.0,136,202071,买盘
10:09:07,14.86,0.0,456,677395,买盘
10:09:10,14.85,-0.01,229,340000,卖盘
10:09:13,14.86,0.01,251,372830,买盘
10:09:15,14.86,0.0,260,386204,买盘
10:09:18,14.86,0.0,361,536229,买盘
10:09:21,14.86,0.0,110,163450,买盘
10:09:24,14.85,-0.01,293,435930,卖盘
10:09:28,14.86,0.01,381,566025,买盘
10:09:30,14.86,0.0,309,459012,买盘
10:09:34,14.85,-0.01,547,812409,卖盘
10:09:36,14.85,0.0,407,604547,卖盘
10:09:40,14.85,0.0,785,1166967,卖盘
10:09:42,14.86,0.01,314,466379,买盘
10:09:46,14.86,0.0,1377,2046204,买盘
10:09:48,14.86,0.0,647,960589,买盘
10:09:51,14.85,-0.01,2134,3169173,卖盘
10:09:54,14.86,0.01,277,411529,中性盘
10:09:57,14.86,0.0,269,399841,卖盘
10:10:00,14.86,0.0,181,268926,买盘
10:10:04,14.86,0.0,289,429393,买盘
10:10:07,14.86,0.0,540,802312,买盘
10:10:09,14.85,-0.01,73,108468,卖盘
10:10:13,14.85,0.0,410,609220,卖盘
10:10:16,14.85,0.0,244,362466,卖盘
10:10:19,14.86,0.01,1672,2484550,买盘
10:10:22,14.87,0.01,340,505563,买盘
10:10:25,14.86,-0.01,76,112996,卖盘
10:10:27,14.86,0.0,19,28239,卖盘
10:10:30,14.87,0.01,1453,2158498,买盘
10:10:34,14.86,-0.01,140,208501,卖盘
10:10:37,14.87,0.01,52,77313,买盘
10:10:40,14.86,-0.01,31,46086,卖盘
10:10:42,14.87,0.01,130,193221,买盘
10:10:46,14.87,0.0,602,895115,买盘
10:10:49,14.86,-0.01,249,370214,卖盘
10:10:51,14.88,0.02,467,694894,买盘
10:10:54,14.88,0.0,49,72955,卖盘
10:10:58,14.88,0.0,5,7440,卖盘
10:11:01,14.89,0.01,80,119107,买盘
10:11:04,14.89,0.0,51,75922,买盘
10:11:06,14.88,-0.01,282,419858,卖盘
10:11:09,14.89,0.01,364,541941,买盘
10:11:12,14.89,0.0,153,227817,卖盘
10:11:15,14.89,0.0,193,287376,买盘
10:11:18,14.89,0.0,623,927632,买盘
10:11:21,14.9,0.01,1648,2451972,买盘
10:11:24,14.89,-0.01,245,364952,卖盘
10:11:27,14.89,0.0,424,631588,卖盘
10:11:31,14.9,0.01,89,132610,买盘
10:11:33,14.9,0.0,195,290252,买盘
10:11:37,14.9,0.0,528,787081,卖盘
10:11:40,14.9,0.0,171,254512,买盘
10:11:42,14.9,0.0,102,151990,卖盘
10:11:46,14.9,0.0,41,61098,卖盘
10:11:48,14.91,0.01,221,329420,买盘
10:11:51,14.91,0.0,181,269849,买盘
10:11:55,14.91,0.0,325,484860,卖盘
10:11:57,14.92,0.01,58,86536,买盘
10:12:00,14.92,0.0,50,74600,买盘
10:12:05,14.94,0.02,394,588315,买盘
10:12:06,14.93,-0.01,63,94060,买盘
10:12:10,14.92,-0.01,192,286641,卖盘
10:12:13,14.93,0.01,70,104500,买盘
10:12:16,14.93,0.0,239,356807,买盘
10:12:19,14.93,0.0,70,104530,卖盘
10:12:21,14.94,0.01,188,280847,买盘
10:12:25,14.94,0.0,83,124002,买盘
10:12:27,14.94,0.0,118,176259,买盘
10:12:30,14.94,0.0,355,530300,买盘
10:12:34,14.94,0.0,182,271908,买盘
10:12:36,14.95,0.01,61,91147,买盘
10:12:39,14.95,0.0,91,136004,买盘
10:12:43,14.94,-0.01,156,233081,卖盘
10:12:45,14.95,0.01,728,1087736,买盘
10:12:49,14.94,-0.01,43,64274,卖盘
10:12:51,14.94,0.0,149,222627,卖盘
10:12:55,14.95,0.01,118,176378,买盘
10:12:58,14.95,0.0,86,128506,买盘
10:13:01,14.94,-0.01,126,188298,卖盘
10:13:04,14.95,0.01,148,221245,买盘
10:13:07,14.95,0.0,183,274186,买盘
10:13:10,14.95,0.0,93,139012,买盘
10:13:13,14.95,0.0,254,379499,买盘
10:13:15,14.95,0.0,207,308651,买盘
10:13:18,14.94,-0.01,18,26892,中性盘
10:13:21,14.93,-0.01,23,34357,卖盘
10:13:25,14.94,0.01,60,89640,买盘
10:13:27,14.94,0.0,100,149398,买盘
10:13:30,14.94,0.0,59,88135,买盘
10:13:34,14.94,0.0,66,98567,买盘
10:13:36,14.94,0.0,164,244974,买盘
10:13:39,14.94,0.0,64,95599,买盘
10:13:42,14.94,0.0,607,906768,买盘
10:13:45,14.95,0.01,244,364708,买盘
10:13:49,14.94,-0.01,1061,1586119,卖盘
10:13:52,14.94,0.0,12,17935,卖盘
10:13:55,14.94,0.0,1254,1873482,卖盘
10:13:58,14.95,0.01,177,264544,买盘
10:14:00,14.94,-0.01,62,92688,卖盘
10:14:04,14.96,0.02,52,77771,买盘
10:14:07,14.95,-0.01,69,103158,卖盘
10:14:10,14.95,0.0,58,86739,卖盘
10:14:13,14.95,0.0,46,68795,卖盘
10:14:15,14.96,0.01,83,124101,买盘
10:14:18,14.95,-0.01,282,421800,卖盘
10:14:22,14.95,0.0,830,1240903,卖盘
10:14:25,14.95,0.0,256,382541,卖盘
10:14:27,14.95,0.0,19,28414,卖盘
10:14:31,14.95,0.0,55,82231,卖盘
10:14:33,14.96,0.01,1248,1867001,买盘
10:14:36,14.96,0.0,3,4488,卖盘
10:14:39,14.97,0.01,84,125701,买盘
10:14:43,14.96,-0.01,130,194494,卖盘
10:14:45,14.96,0.0,137,205081,卖盘
10:14:49,14.97,0.01,36,53865,买盘
10:14:52,14.97,0.0,55,82282,买盘
10:14:54,14.97,0.0,103,154167,买盘
10:14:58,14.96,-0.01,17,25568,卖盘
10:15:00,14.97,0.01,220,329328,买盘
10:15:04,14.97,0.0,70,104766,买盘
10:15:07,14.97,0.0,738,1104657,买盘
10:15:10,14.97,0.0,183,273950,买盘
10:15:12,14.97,0.0,282,421953,买盘
10:15:15,14.97,0.0,80,119760,卖盘
10:15:18,14.97,0.0,58,86829,买盘
10:15:22,14.97,0.0,291,435494,卖盘
10:15:24,14.98,0.01,128,191654,买盘
10:15:28,14.98,0.0,44,65899,买盘
10:15:30,14.98,0.0,8,11984,买盘
10:15:33,14.98,0.0,206,308580,买盘
10:15:36,14.98,0.0,171,256116,买盘
10:15:39,14.97,-0.01,31,46431,卖盘
10:15:43,14.98,0.01,141,211205,买盘
10:15:45,14.98,0.0,61,91352,买盘
10:15:48,14.98,0.0,470,704006,买盘
10:15:51,14.98,0.0,48,71870,买盘
10:15:55,14.98,0.0,308,461372,买盘
10:15:57,14.98,0.0,26,38934,买盘
10:16:00,14.97,-0.01,51,76470,卖盘
10:16:04,14.98,0.01,225,337050,买盘
10:16:06,14.98,0.0,201,301011,买盘
10:16:09,14.98,0.0,64,95872,买盘
10:16:12,14.97,-0.01,1,1497,卖盘
10:16:16,14.98,0.01,166,248666,买盘
10:16:19,14.98,0.0,60,89851,买盘
10:16:22,14.98,0.0,98,146787,买盘
10:16:24,14.98,0.0,1040,1557850,买盘
10:16:28,14.98,0.0,20,29960,卖盘
10:16:30,14.98,0.0,111,166278,卖盘
10:16:34,14.98,0.0,145,217249,卖盘
10:16:36,14.98,0.0,75,112350,卖盘
10:16:40,14.97,-0.01,1625,2435698,卖盘
10:16:43,14.98,0.01,68,101858,买盘
10:16:45,14.97,-0.01,73,109286,卖盘
10:16:48,14.97,0.0,58,86879,卖盘
10:16:52,14.98,0.01,241,361106,买盘
10:16:54,14.97,-0.01,23,34431,卖盘
10:16:58,14.97,0.0,218,326371,卖盘
10:17:00,14.98,0.01,187,280116,买盘
10:17:04,14.98,0.0,293,438825,买盘
10:17:06,14.98,0.0,60,89866,买盘
10:17:09,14.97,-0.01,142,212632,卖盘
10:17:12,14.98,0.01,41,61411,卖盘
10:17:16,14.98,0.0,16,23968,买盘
10:17:18,14.98,0.0,197,295000,买盘
10:17:21,14.98,0.0,43,64411,卖盘
10:17:25,14.98,0.0,267,399926,买盘
10:17:27,14.97,-0.01,785,1175209,卖盘
10:17:31,14.96,-0.01,361,540217,卖盘
10:17:33,14.97,0.01,40,59880,买盘
10:17:37,14.97,0.0,69,103285,买盘
10:17:40,14.96,-0.01,60,89767,卖盘
10:17:42,14.96,0.0,40,59871,卖盘
10:17:46,14.97,0.01,250,374211,买盘
10:17:48,14.97,0.0,1117,1670993,买盘
10:17:52,14.96,-0.01,146,218353,中性盘
10:17:54,14.97,0.01,1549,2318795,买盘
10:17:58,14.96,-0.01,73,109110,卖盘
10:18:01,14.95,-0.01,68,101704,卖盘
10:18:04,14.96,0.01,50,74778,买盘
10:18:07,14.96,0.0,374,559470,买盘
10:18:10,14.95,-0.01,52,77752,卖盘
10:18:13,14.96,0.01,5,7479,买盘
10:18:15,14.96,0.0,207,309667,买盘
10:18:18,14.96,0.0,81,121101,买盘
10:18:21,14.96,0.0,80,119655,买盘
10:18:24,14.96,0.0,101,151046,买盘
10:18:27,14.96,0.0,185,276746,买盘
10:18:30,14.96,0.0,81,121106,买盘
10:18:33,14.96,0.0,86,128585,买盘
10:18:36,14.94,-0.02,5084,7596704,卖盘
10:18:40,14.95,0.01,22,32843,中性盘
10:18:42,14.95,0.0,44,65768,买盘
10:18:45,14.95,0.0,83,124004,买盘
10:18:48,14.95,0.0,129,192713,买盘
10:18:51,14.94,-0.01,40,59775,卖盘
10:18:54,14.95,0.01,25,37363,买盘
10:18:57,14.94,-0.01,106,158368,卖盘
10:19:00,14.94,0.0,10,14943,卖盘
10:19:04,14.95,0.01,107,159869,买盘
10:19:06,14.94,-0.01,191,285362,卖盘
10:19:09,14.95,0.01,15,22420,买盘
10:19:13,14.95,0.0,170,253891,买盘
10:19:16,14.94,-0.01,89,132996,卖盘
10:19:18,14.95,0.01,5,7475,买盘
10:19:22,14.94,-0.01,2,2988,卖盘
10:19:24,14.95,0.01,22,32883,买盘
10:19:27,14.95,0.0,31,46333,买盘
10:19:30,14.95,0.0,78,116609,买盘
10:19:33,14.95,0.0,374,558919,买盘
10:19:36,14.95,0.0,1044,1561806,卖盘
10:19:40,14.95,0.0,57,85221,卖盘
10:19:42,14.95,0.0,193,288413,卖盘
10:19:46,14.94,-0.01,84,125577,卖盘
10:19:49,14.95,0.01,6,8970,买盘
10:19:51,14.95,0.0,38,56803,买盘
10:19:54,14.96,0.01,80,119763,买盘
10:19:58,14.95,-0.01,37,55191,卖盘
10:20:00,14.94,-0.01,12,18075,卖盘
10:20:04,14.96,0.02,333,498263,买盘
10:20:07,14.98,0.02,613,917915,买盘
10:20:09,14.98,0.0,200,299574,买盘
10:20:12,14.96,-0.02,175,262150,卖盘
10:20:15,14.98,0.02,3,4494,中性盘
10:20:18,14.98,0.0,25,37461,卖盘
10:20:21,14.97,-0.01,60,89864,卖盘
10:20:24,14.97,0.0,419,626975,买盘
10:20:27,14.96,-0.01,96,143740,卖盘
10:20:31,14.97,0.01,87,131017,买盘
10:20:34,14.97,0.0,217,324927,卖盘
10:20:37,14.97,0.0,6,8982,卖盘
10:20:40,14.98,0.01,71,106372,中性盘
10:20:42,14.98,0.0,29,43442,卖盘
10:20:45,14.99,0.01,50,74925,买盘
10:20:49,14.99,0.0,1214,1819776,买盘
10:20:52,14.99,0.0,3,4497,卖盘
10:20:55,15.0,0.01,267,400446,买盘
10:20:58,15.0,0.0,60,89990,买盘
10:21:01,15.0,0.0,26,38983,买盘
10:21:04,15.01,0.01,3848,5772615,买盘
10:21:06,15.0,-0.01,569,854484,卖盘
10:21:10,15.0,0.0,472,708690,卖盘
10:21:13,15.02,0.02,508,763012,买盘
10:21:15,15.02,0.0,128,192256,卖盘
10:21:19,15.03,0.01,94,141202,买盘
10:21:21,15.03,0.0,7,10517,买盘
10:21:25,15.03,0.0,83,124702,买盘
10:21:27,15.02,-0.01,834,1254059,卖盘
10:21:30,15.02,0.0,235,352985,卖盘
10:21:34,15.02,0.0,48,72127,卖盘
10:21:36,15.02,0.0,196,294458,卖盘
10:21:39,15.03,0.01,155,232950,买盘
10:21:42,15.02,-0.01,37,55584,卖盘
10:21:45,15.03,0.01,352,528746,买盘
10:21:48,15.02,-0.01,221,331942,卖盘
10:21:51,15.02,0.0,4,6008,买盘
10:21:54,15.02,0.0,46,69089,买盘
10:21:57,15.02,0.0,88,132128,买盘
10:22:00,15.01,-0.01,618,926337,卖盘
10:22:04,15.01,0.0,65,97609,买盘
10:22:07,15.0,-0.01,60,90026,卖盘
10:22:10,15.0,0.0,104,156077,卖盘
10:22:13,15.0,0.0,65,97560,卖盘
10:22:15,15.0,0.0,1,1500,卖盘
10:22:18,15.01,0.01,19,28512,买盘
10:22:21,15.0,-0.01,227,340592,卖盘
10:22:24,15.0,0.0,49,73525,卖盘
10:22:27,15.0,0.0,289,433669,卖盘
10:22:31,15.0,0.0,56,84024,卖盘
10:22:33,15.0,0.0,30,45000,卖盘
10:22:36,15.0,0.0,88,132004,卖盘
10:22:40,14.99,-0.01,570,855754,卖盘
10:22:43,14.99,0.0,24,35978,卖盘
10:22:45,15.0,0.01,63,94488,买盘
10:22:49,14.99,-0.01,286,428991,卖盘
10:22:51,15.0,0.01,101,151420,买盘
10:22:55,15.0,0.0,40,59995,买盘
10:22:58,14.99,-0.01,9,13491,卖盘
10:23:00,15.0,0.01,40,59974,买盘
10:23:04,14.99,-0.01,134,200883,卖盘
10:23:07,15.0,0.01,106,158946,买盘
10:23:09,14.99,-0.01,76,113981,卖盘
10:23:13,15.0,0.01,113,169399,买盘
10:23:15,15.0,0.0,231,346370,买盘
10:23:18,14.99,-0.01,1211,1816489,买盘
10:23:22,14.99,0.0,443,664057,买盘
10:23:25,15.0,0.01,338,506458,买盘
10:23:27,14.99,-0.01,9,13491,中性盘
10:23:30,14.99,0.0,66,98984,卖盘
10:23:34,15.0,0.01,34,50976,买盘
10:23:37,15.0,0.0,42,62972,买盘
10:23:39,14.99,-0.01,7,10493,卖盘
10:23:42,15.0,0.01,26,38988,买盘
10:23:45,14.99,-0.01,51,76449,卖盘
10:23:48,14.98,-0.01,173,259325,卖盘
10:23:51,14.99,0.01,80,119900,买盘
10:23:54,14.99,0.0,245,367428,买盘
10:23:57,15.0,0.01,82,122947,买盘
10:24:00,14.99,-0.01,17,25485,中性盘
10:24:05,15.0,0.01,622,932761,买盘
10:24:07,15.01,0.01,33,49505,买盘
10:24:10,15.0,-0.01,93,139500,卖盘
10:24:12,15.0,0.0,27,40508,卖盘
10:24:16,15.0,0.0,95,142512,卖盘
10:24:19,15.0,0.0,35,52510,卖盘
10:24:22,15.0,0.0,25,37503,卖盘
10:24:25,15.01,0.01,58,87010,买盘
10:24:27,15.0,-0.01,100,150078,卖盘
10:24:31,15.0,0.0,202,303100,卖盘
10:24:33,15.01,0.01,210,315189,买盘
10:24:36,15.0,-0.01,283,424114,卖盘
10:24:40,15.0,0.0,66,99036,卖盘
10:24:42,15.01,0.01,21,31510,买盘
10:24:45,15.0,-0.01,62,93000,卖盘
10:24:48,15.01,0.01,10,15010,买盘
10:24:51,15.01,0.0,136,204061,买盘
10:24:54,15.0,-0.01,326,488862,卖盘
10:24:57,15.0,0.0,7,10499,买盘
10:25:00,15.0,0.0,103,154499,买盘
10:25:04,15.0,0.0,682,1022368,买盘
10:25:06,15.0,0.0,238,357000,卖盘
10:25:09,15.01,0.01,15,22501,买盘
10:25:12,15.0,-0.01,69,103505,卖盘
10:25:15,15.0,0.0,15,22500,卖盘
10:25:18,15.0,0.0,27,40950,卖盘
10:25:21,15.0,0.0,128,192165,卖盘
10:25:24,15.0,0.0,16,24000,买盘
10:25:28,15.0,0.0,24,35996,买盘
10:25:31,15.0,0.0,12,17995,买盘
10:25:33,14.99,-0.01,102,152926,卖盘
10:25:36,14.99,0.0,2,2998,卖盘
10:25:40,14.99,0.0,8,11992,卖盘
10:25:42,15.0,0.01,39,58492,买盘
10:25:45,14.99,-0.01,65,97435,卖盘
10:25:48,14.99,0.0,30,44993,卖盘
10:25:52,14.99,0.0,15,22485,卖盘
10:25:55,14.99,0.0,99,148424,卖盘
10:25:58,14.99,0.0,21,31479,卖盘
10:26:04,14.99,0.0,41,61474,卖盘
10:26:07,14.99,0.0,89,132904,卖盘
10:26:09,14.99,0.0,47,70483,卖盘
10:26:12,14.99,0.0,27,40473,卖盘
10:26:15,15.0,0.01,183,274327,买盘
10:26:18,14.99,-0.01,52,77948,卖盘
10:26:22,14.99,0.0,99,148411,卖盘
10:26:24,14.99,0.0,27,41125,卖盘
10:26:28,14.99,0.0,108,161930,卖盘
10:26:31,14.99,0.0,46,68654,卖盘
10:26:33,14.96,-0.03,971,1453914,卖盘
10:26:36,14.96,0.0,2,2992,卖盘
10:26:39,14.99,0.03,3,4497,买盘
10:26:42,14.96,-0.03,41,61336,卖盘
10:26:45,14.95,-0.01,611,915003,卖盘
10:26:48,14.96,0.01,16,23922,买盘
10:26:51,14.96,0.0,7,10472,买盘
10:26:54,14.95,-0.01,235,350587,卖盘
10:26:57,14.96,0.01,34,50857,中性盘
10:27:01,14.96,0.0,50,74800,卖盘
10:27:04,14.96,0.0,29,43385,卖盘
10:27:07,14.97,0.01,173,258841,买盘
10:27:09,14.97,0.0,25,37425,卖盘
10:27:12,14.98,0.01,23,34435,买盘
10:27:15,14.97,-0.01,13,19461,卖盘
10:27:19,14.97,0.0,58,86827,卖盘
10:27:22,14.97,0.0,16,23957,卖盘
10:27:25,14.98,0.01,45,67388,买盘
10:27:28,14.98,0.0,173,259131,买盘
10:27:30,14.97,-0.01,517,773960,卖盘
10:27:33,14.97,0.0,2,2993,买盘
10:27:37,14.97,0.0,84,125715,买盘
10:27:40,14.97,0.0,11,16467,买盘
10:27:42,14.96,-0.01,74,110717,卖盘
10:27:46,14.97,0.01,61,91317,买盘
10:27:48,14.97,0.0,319,477537,买盘
10:27:52,14.97,0.0,11,16468,卖盘
10:27:54,14.97,0.0,2,2994,卖盘
10:27:57,14.97,0.0,1411,2112536,卖盘
10:28:00,14.97,0.0,58,86836,卖盘
10:28:04,14.97,0.0,73,109331,卖盘
10:28:07,14.97,0.0,112,167664,卖盘
10:28:09,14.98,0.01,15,22457,买盘
10:28:12,14.98,0.0,44,65878,买盘
10:28:16,14.98,0.0,74,110781,买盘
10:28:18,14.98,0.0,34,50907,买盘
10:28:22,14.98,0.0,20,29957,买盘
10:28:24,14.97,-0.01,56,83845,卖盘
10:28:27,14.97,0.0,12,17965,卖盘
10:28:31,14.97,0.0,1488,2227865,卖盘
10:28:33,14.98,0.01,17,25464,买盘
10:28:36,14.97,-0.01,56,83833,卖盘
10:28:39,14.97,0.0,52,77844,卖盘
10:28:42,14.98,0.01,54,80854,买盘
10:28:45,14.97,-0.01,52,77859,卖盘
10:28:49,14.98,0.01,77,115341,买盘
10:28:51,14.97,-0.01,108,161699,卖盘
10:28:55,14.97,0.0,38,56909,卖盘
10:28:57,14.97,0.0,109,162909,卖盘
10:29:00,14.97,0.0,107,160496,买盘
10:29:04,14.97,0.0,106,158682,卖盘
10:29:07,14.97,0.0,94,140404,卖盘
10:29:09,14.97,0.0,13,19462,买盘
10:29:12,14.96,-0.01,13,19454,卖盘
10:29:15,14.96,0.0,32,47872,卖盘
10:29:18,14.96,0.0,129,193004,卖盘
10:29:21,14.97,0.01,132,197538,买盘
10:29:24,14.96,-0.01,141,210941,卖盘
10:29:27,14.96,0.0,3,4488,买盘
10:29:30,14.95,-0.01,31,46370,卖盘
10:29:33,14.95,0.0,35,52325,卖盘
10:29:36,14.95,0.0,6,8970,卖盘
10:29:39,14.96,0.01,162,242229,买盘
10:29:42,14.95,-0.01,60,89708,卖盘
10:29:45,14.96,0.01,15,22428,买盘
10:29:48,14.95,-0.01,6,8970,卖盘
10:29:51,14.95,0.0,40,59808,卖盘
10:29:54,14.95,0.0,99,148055,卖盘
10:29:57,14.96,0.01,538,804313,买盘
10:30:01,14.96,0.0,58,86723,买盘
10:30:04,14.95,-0.01,47,70265,卖盘
10:30:07,14.95,0.0,44,65780,卖盘
10:30:09,14.95,0.0,33,49350,卖盘
10:30:13,14.95,0.0,113,168940,卖盘
10:30:15,14.95,0.0,23,34385,卖盘
10:30:19,14.95,0.0,13,19046,卖盘
10:30:22,14.95,0.0,83,124110,卖盘
10:30:24,14.95,0.0,23,34388,卖盘
10:30:28,14.95,0.0,394,589030,卖盘
10:30:30,14.95,0.0,11,16445,卖盘
10:30:33,14.95,0.0,152,227316,卖盘
10:30:36,14.95,0.0,61,92018,卖盘
10:30:40,14.96,0.01,11,16447,买盘
10:30:43,14.95,-0.01,45,67275,卖盘
10:30:45,14.95,0.0,113,169159,卖盘
10:30:49,14.94,-0.01,30,44839,卖盘
10:30:51,14.94,0.0,33,49303,卖盘
10:30:54,14.94,0.0,105,156141,卖盘
10:30:57,14.94,0.0,8,11952,卖盘
10:31:01,14.95,0.01,52,77692,买盘
10:31:04,14.94,-0.01,165,246547,卖盘
10:31:06,14.94,0.0,14,20918,卖盘
10:31:09,14.95,0.01,143,213752,买盘
10:31:12,14.94,-0.01,196,292972,卖盘
10:31:15,14.96,0.02,24,35899,买盘
10:31:18,14.95,-0.01,314,469780,卖盘
10:31:21,14.95,0.0,286,428066,卖盘
10:31:25,14.97,0.02,173,259295,买盘
10:31:27,14.97,0.0,148,221670,卖盘
10:31:30,14.97,0.0,315,471875,卖盘
10:31:34,14.97,0.0,117,175320,卖盘
10:31:36,14.98,0.01,6,8986,买盘
10:31:40,14.97,-0.01,286,428662,卖盘
10:31:43,14.97,0.0,152,227836,卖盘
10:31:46,14.98,0.01,5,7490,买盘
10:31:49,14.98,0.0,142,212795,卖盘
10:31:51,14.99,0.01,215,322321,买盘
10:31:55,14.99,0.0,6,8994,卖盘
10:31:57,14.99,0.0,1,1499,卖盘
10:32:01,14.99,0.0,18,26995,卖盘
10:32:04,14.99,0.0,38,56962,卖盘
10:32:07,14.99,0.0,112,167890,卖盘
10:32:09,14.99,0.0,62,92404,卖盘
10:32:13,14.99,0.0,100,149900,卖盘
10:32:15,14.99,0.0,28,42542,卖盘
10:32:18,14.98,-0.01,1,1498,卖盘
10:32:22,15.0,0.02,1092,1637721,买盘
10:32:25,14.99,-0.01,15,22485,卖盘
10:32:27,14.99,0.0,29,43471,卖盘
10:32:31,15.0,0.01,6,9000,买盘
10:32:34,14.99,-0.01,47,70458,卖盘
10:32:36,14.99,0.0,255,382177,卖盘
10:32:40,14.99,0.0,7,10493,中性盘
10:32:43,14.99,0.0,26,38990,卖盘
10:32:45,14.99,0.0,68,101937,卖盘
10:32:49,14.99,0.0,54,80930,买盘
10:32:51,14.98,-0.01,76,113848,卖盘
10:32:55,14.98,0.0,10,14987,卖盘
10:32:57,14.98,0.0,11,16478,卖盘
10:33:00,14.99,0.01,151,226343,买盘
10:33:04,14.99,0.0,100,149830,买盘
10:33:06,14.99,0.0,8,11985,买盘
10:33:09,14.99,0.0,253,379224,买盘
10:33:13,14.98,-0.01,55,82432,卖盘
10:33:16,14.99,0.01,349,523151,买盘
10:33:19,14.98,-0.01,1009,1511989,卖盘
10:33:21,14.99,0.01,15,22485,卖盘
10:33:24,14.99,0.0,52,77962,卖盘
10:33:27,15.0,0.01,2,3000,买盘
10:33:30,14.99,-0.01,37,55494,卖盘
10:33:33,14.99,0.0,333,499175,卖盘
10:33:36,14.99,0.0,119,178981,卖盘
10:33:39,15.0,0.01,134,201000,买盘
10:33:42,14.99,-0.01,620,928794,卖盘
10:33:45,14.99,0.0,169,253328,买盘
10:33:48,14.98,-0.01,14,20982,卖盘
10:33:51,14.98,0.0,28,41944,卖盘
10:33:54,14.98,0.0,12,18488,卖盘
10:33:57,14.99,0.01,12,17978,买盘
10:34:01,14.99,0.0,10,14990,买盘
10:34:04,14.98,-0.01,53,79394,卖盘
10:34:07,14.98,0.0,13,19478,卖盘
10:34:10,14.98,0.0,18,26964,卖盘
10:34:13,14.98,0.0,48,71909,卖盘
10:34:15,14.99,0.01,389,582866,买盘
10:34:19,14.99,0.0,154,230831,买盘
10:34:21,14.98,-0.01,59,88515,卖盘
10:34:24,14.98,0.0,803,1202348,卖盘
10:34:28,14.97,-0.01,78,116839,卖盘
10:34:31,14.97,0.0,35,52411,卖盘
10:34:34,14.97,0.0,9,13475,卖盘
10:34:36,14.98,0.01,43,64411,买盘
10:34:39,14.97,-0.01,121,181925,卖盘
10:34:42,14.98,0.01,8,11979,买盘
10:34:45,14.97,-0.01,11,16472,卖盘
10:34:48,14.97,0.0,14,20968,卖盘
10:34:52,14.97,0.0,5,7485,卖盘
10:34:55,14.97,0.0,434,649728,卖盘
10:34:57,14.98,0.01,20,29960,买盘
10:35:00,14.97,-0.01,88,130943,卖盘
10:35:04,14.97,0.0,28,41938,卖盘
10:35:06,14.97,0.0,146,218565,卖盘
10:35:09,14.97,0.0,31,46413,卖盘
10:35:12,14.98,0.01,52,77877,买盘
10:35:15,14.97,-0.01,56,83832,卖盘
10:35:18,14.97,0.0,23,34440,卖盘
10:35:22,14.97,0.0,51,77021,卖盘
10:35:24,14.97,0.0,335,500836,卖盘
10:35:27,14.97,0.0,15,22455,买盘
10:35:30,14.96,-0.01,27,40392,卖盘
10:35:34,14.96,0.0,13,19451,卖盘
10:35:37,14.96,0.0,314,469744,卖盘
10:35:39,14.95,-0.01,3,5159,卖盘
10:35:42,14.96,0.01,30,44874,买盘
10:35:46,14.96,0.0,44,65818,买盘
10:35:49,14.95,-0.01,5,7475,卖盘
10:35:52,14.96,0.01,393,587928,买盘
10:35:55,14.95,-0.01,182,271726,卖盘
10:35:57,14.96,0.01,112,167453,买盘
10:36:00,14.95,-0.01,1,1495,卖盘
10:36:05,14.95,0.0,31,46373,卖盘
10:36:06,14.95,0.0,11,16445,卖盘
10:36:09,14.96,0.01,70,104720,买盘
10:36:12,14.96,0.0,86,128626,卖盘
10:36:15,14.96,0.0,99,148028,卖盘
10:36:18,14.95,-0.01,22,33174,卖盘
10:36:21,14.96,0.01,19,28424,买盘
10:36:25,14.95,-0.01,17,25419,卖盘
10:36:27,14.95,0.0,112,167440,卖盘
10:36:30,14.95,0.0,31,46360,卖盘
10:36:33,14.95,0.0,65,97238,卖盘
10:36:37,14.95,0.0,17,25425,卖盘
10:36:40,14.95,0.0,34,50830,卖盘
10:36:43,14.95,0.0,7,10466,卖盘
10:36:45,14.97,0.02,916,1371002,买盘
10:36:48,14.97,0.0,13,19461,卖盘
10:36:51,14.96,-0.01,69,103287,卖盘
10:36:54,14.98,0.02,91,136085,买盘
10:36:57,14.97,-0.01,12,17950,中性盘
10:37:00,14.97,0.0,60,89820,卖盘
10:37:04,14.97,0.0,27,40419,卖盘
10:37:06,14.98,0.01,182,272634,买盘
10:37:09,14.98,0.0,12,17976,卖盘
10:37:12,14.98,0.0,140,209783,卖盘
10:37:15,14.99,0.01,576,863387,买盘
10:37:18,14.98,-0.01,176,263751,卖盘
10:37:21,14.98,0.0,26,38948,卖盘
10:37:24,14.99,0.01,91,136379,买盘
10:37:27,14.99,0.0,4,5994,买盘
10:37:30,14.98,-0.01,130,194740,卖盘
10:37:34,14.99,0.01,9,13489,买盘
10:37:36,14.98,-0.01,37,55433,卖盘
10:37:43,14.98,0.0,14,20974,卖盘
10:37:46,14.98,0.0,16,23974,卖盘
10:37:49,14.99,0.01,113,169326,买盘
10:37:51,14.98,-0.01,1,1498,卖盘
10:37:54,14.98,0.0,8,11986,卖盘
10:37:57,14.98,0.0,105,157290,卖盘
10:38:00,14.99,0.01,301,450921,买盘
10:38:04,14.98,-0.01,3,4495,卖盘
10:38:06,14.98,0.0,234,350578,卖盘
10:38:09,14.98,0.0,8,11984,卖盘
10:38:13,14.98,0.0,218,326564,卖盘
10:38:15,14.98,0.0,123,184254,卖盘
10:38:18,14.98,0.0,34,51366,卖盘
10:38:22,14.99,0.01,210,314062,买盘
10:38:25,14.98,-0.01,37,55426,中性盘
10:38:27,14.98,0.0,12,17965,买盘
10:38:30,14.97,-0.01,13,19466,卖盘
10:38:33,14.97,0.0,1032,1546789,卖盘
10:38:36,14.98,0.01,79,118340,中性盘
10:38:39,14.98,0.0,6,8989,卖盘
10:38:42,14.98,0.0,10,14980,卖盘
10:38:46,14.98,0.0,37,55428,卖盘
10:38:48,14.98,0.0,1,1498,卖盘
10:38:51,14.99,0.01,144,215714,买盘
10:38:54,14.99,0.0,6,8989,买盘
10:38:57,14.98,-0.01,2,2997,卖盘
10:39:00,14.98,0.0,123,184254,卖盘
10:39:05,14.98,0.0,159,238182,卖盘
10:39:07,14.98,0.0,150,224698,卖盘
10:39:10,14.97,-0.01,121,181140,卖盘
10:39:13,14.98,0.01,9,13477,买盘
10:39:15,14.97,-0.01,34,50898,卖盘
10:39:18,14.98,0.01,20,29942,买盘
10:39:22,14.97,-0.01,3,3683,卖盘
10:39:24,14.97,0.0,17,25453,卖盘
10:39:27,14.97,0.0,55,82340,卖盘
10:39:31,14.97,0.0,37,55868,卖盘
10:39:33,14.98,0.01,30,44917,买盘
10:39:37,14.97,-0.01,46,68862,卖盘
10:39:39,14.98,0.01,196,293608,买盘
10:39:43,14.97,-0.01,104,155688,卖盘
10:39:45,14.97,0.0,14,20958,卖盘
10:39:48,14.98,0.01,104,155693,买盘
10:39:52,14.97,-0.01,32,48248,卖盘
10:39:57,14.97,0.0,51,76343,买盘
10:40:01,14.97,0.0,62,92801,买盘
10:40:05,14.97,0.0,143,213070,买盘
10:40:07,14.98,0.01,92,137735,买盘
10:40:10,14.97,-0.01,7,10480,卖盘
10:40:12,14.98,0.01,84,125814,买盘
10:40:16,14.98,0.0,140,209645,买盘
10:40:18,14.97,-0.01,8,11976,卖盘
10:40:21,14.98,0.01,90,134740,买盘
10:40:24,14.97,-0.01,216,323355,卖盘
10:40:27,14.97,0.0,32,47904,卖盘
10:40:30,14.97,0.0,88,131748,卖盘
10:40:33,14.98,0.01,120,179641,买盘
10:40:36,14.97,-0.01,37,56840,卖盘
10:40:39,14.97,0.0,104,155688,卖盘
10:40:42,14.97,0.0,23,34431,卖盘
10:40:45,14.98,0.01,601,900298,买盘
10:40:48,14.98,0.0,259,387782,卖盘
10:40:55,14.97,-0.01,7,10479,卖盘
10:40:57,14.97,0.0,2,2995,卖盘
10:41:01,14.98,0.01,26,38927,买盘
10:41:04,14.97,-0.01,72,107834,卖盘
10:41:07,14.97,0.0,39,58383,卖盘
10:41:09,14.97,0.0,126,188622,卖盘
10:41:12,14.97,0.0,15,22455,卖盘
10:41:15,14.97,0.0,4,5988,卖盘
10:41:19,14.98,0.01,659,986274,买盘
10:41:21,14.97,-0.01,27,40419,卖盘
10:41:25,14.96,-0.01,13,19451,卖盘
10:41:27,14.97,0.01,16,23946,买盘
10:41:30,14.97,0.0,21,31417,买盘
10:41:34,14.96,-0.01,29,43386,卖盘
10:41:37,14.96,0.0,2,2992,卖盘
10:41:39,14.97,0.01,10,14965,买盘
10:41:42,14.96,-0.01,65,97240,卖盘
10:41:46,14.96,0.0,30,44880,卖盘
10:41:49,14.96,0.0,10,14960,卖盘
10:41:51,14.96,0.0,268,400930,卖盘
10:41:55,14.96,0.0,153,228921,卖盘
10:41:57,14.97,0.01,6,8979,买盘
10:42:01,14.96,-0.01,5,7480,卖盘
10:42:04,14.96,0.0,66,98013,卖盘
10:42:07,14.96,0.0,2,2992,卖盘
10:42:09,14.96,0.0,33,49388,卖盘
10:42:13,14.96,0.0,12,17952,卖盘
10:42:15,14.96,0.0,27,40841,卖盘
10:42:19,14.96,0.0,185,276760,卖盘
10:42:21,14.96,0.0,15,22440,卖盘
10:42:25,14.96,0.0,38,56851,卖盘
10:42:28,14.96,0.0,44,65835,卖盘
10:42:31,14.96,0.0,123,184008,卖盘
10:42:34,14.96,0.0,36,52981,卖盘
10:42:36,14.97,0.01,28,41910,买盘
10:42:40,14.97,0.0,75,112230,买盘
10:42:42,14.96,-0.01,45,67320,卖盘
10:42:45,14.96,0.0,33,49368,卖盘
10:42:48,14.96,0.0,248,371245,卖盘
10:42:51,14.96,0.0,35,52360,卖盘
10:42:54,14.97,0.01,8,11969,买盘
10:42:57,14.97,0.0,39,58373,买盘
10:43:01,14.96,-0.01,70,104720,卖盘
10:43:05,14.96,0.0,148,221410,卖盘
10:43:07,14.96,0.0,114,170544,卖盘
10:43:10,14.96,0.0,242,362795,卖盘
10:43:13,14.96,0.0,37,55347,买盘
10:43:15,14.96,0.0,3,4488,买盘
10:43:18,14.96,0.0,10,14953,买盘
10:43:21,14.96,0.0,28,41876,买盘
10:43:25,14.96,0.0,5,7480,买盘
10:43:27,14.95,-0.01,102,152564,卖盘
10:43:31,14.95,0.0,320,478410,卖盘
10:43:34,14.95,0.0,15,21423,卖盘
10:43:37,14.96,0.01,122,182490,买盘
10:43:40,14.95,-0.01,1410,2107950,卖盘
10:43:42,14.95,0.0,131,195846,卖盘
10:43:46,14.95,0.0,27,40366,卖盘
10:43:48,14.95,0.0,34,50830,卖盘
10:43:51,14.95,0.0,946,1414966,卖盘
10:43:54,14.95,0.0,41,61903,买盘
10:44:00,14.94,-0.01,163,243569,卖盘
10:44:04,14.94,0.0,44,65747,卖盘
10:44:07,14.95,0.01,10,14943,买盘
10:44:09,14.94,-0.01,1,1494,卖盘
10:44:12,14.94,0.0,25,36498,卖盘
10:44:16,14.95,0.01,271,404894,买盘
10:44:19,14.95,0.0,36,53792,买盘
10:44:21,14.94,-0.01,13,19422,卖盘
10:44:25,14.94,0.0,158,236055,卖盘
10:44:28,14.95,0.01,2,2990,买盘
10:44:30,14.94,-0.01,39,58271,卖盘
10:44:34,14.94,0.0,76,114191,卖盘
10:44:36,14.94,0.0,93,138960,卖盘
10:44:39,14.94,0.0,1031,1541325,卖盘
10:44:42,14.94,0.0,73,109062,卖盘
10:44:45,14.94,0.0,15,22420,卖盘
10:44:49,14.94,0.0,23,34362,卖盘
10:44:52,14.95,0.01,24,35859,买盘
10:44:55,14.94,-0.01,10,14940,卖盘
10:44:58,14.94,0.0,111,165836,卖盘
10:45:00,14.94,0.0,4,5976,卖盘
10:45:04,14.94,0.0,76,113565,卖盘
10:45:06,14.94,0.0,10,14940,卖盘
10:45:09,14.94,0.0,5,7470,卖盘
10:45:12,14.94,0.0,117,174898,卖盘
10:45:16,14.94,0.0,76,113544,卖盘
10:45:19,14.94,0.0,18,26892,卖盘
10:45:22,14.94,0.0,12,17928,卖盘
10:45:25,14.95,0.01,3,4485,买盘
10:45:27,14.95,0.0,3,4485,买盘
10:45:30,14.95,0.0,18,26904,买盘
10:45:34,14.94,-0.01,9,13447,卖盘
10:45:36,14.94,0.0,2,2988,卖盘
10:45:40,14.94,0.0,5,7470,卖盘
10:45:42,14.94,0.0,37,55278,卖盘
10:45:46,14.95,0.01,25,37355,买盘
10:45:49,14.94,-0.01,1,1494,卖盘
10:45:52,14.94,0.0,9,13446,卖盘
10:45:55,14.94,0.0,126,188102,卖盘
10:45:57,14.94,0.0,15,22410,卖盘
10:46:01,14.95,0.01,2,2990,买盘
10:46:04,14.94,-0.01,53,79190,卖盘
10:46:06,14.94,0.0,2,2988,卖盘
10:46:09,14.94,0.0,142,212176,卖盘
10:46:12,14.94,0.0,47,69456,卖盘
10:46:15,14.94,0.0,752,1124753,卖盘
10:46:18,14.94,0.0,78,115279,买盘
10:46:21,14.94,0.0,21,31394,卖盘
10:46:24,14.94,0.0,75,112104,卖盘
10:46:27,14.95,0.01,504,753779,买盘
10:46:30,14.95,0.0,231,345345,卖盘
10:46:34,14.95,0.0,61,91195,卖盘
10:46:37,14.95,0.0,57,85219,卖盘
10:46:40,14.95,0.0,11,16445,卖盘
10:46:42,14.95,0.0,45,67280,卖盘
10:46:46,14.95,0.0,15,22425,卖盘
10:46:49,14.95,0.0,2,2990,卖盘
10:46:51,14.95,0.0,353,527735,卖盘
10:46:54,14.96,0.01,409,611485,买盘
10:46:58,14.96,0.0,115,172628,买盘
10:47:01,14.95,-0.01,47,69368,卖盘
10:47:04,14.94,-0.01,1004,1499978,卖盘
10:47:07,14.94,0.0,3,4483,卖盘
10:47:09,14.94,0.0,5,7470,卖盘
10:47:12,14.94,0.0,1626,2429254,卖盘
10:47:15,14.94,0.0,7,10458,买盘
10:47:19,14.93,-0.01,25,37343,卖盘
10:47:22,14.93,0.0,26,38818,卖盘
10:47:25,14.94,0.01,38,56765,买盘
10:47:28,14.93,-0.01,20,29860,卖盘
10:47:31,14.94,0.01,51,76146,买盘
10:47:33,14.93,-0.01,348,519565,卖盘
10:47:36,14.93,0.0,65,97084,卖盘
10:47:39,14.93,0.0,57,85114,卖盘
10:47:42,14.93,0.0,329,491550,卖盘
10:47:45,14.93,0.0,64,95656,卖盘
10:47:48,14.93,0.0,20,29870,卖盘
10:47:51,14.93,0.0,158,235897,卖盘
10:47:54,14.93,0.0,54,80646,卖盘
10:47:58,14.93,0.0,425,634545,卖盘
10:48:00,14.93,0.0,263,392726,卖盘
10:48:04,14.92,-0.01,30,44782,卖盘
10:48:06,14.92,0.0,19,28348,卖盘
10:48:09,14.93,0.01,34,50762,买盘
10:48:12,14.92,-0.01,144,214987,卖盘
10:48:15,14.92,0.0,73,108933,卖盘
10:48:18,14.93,0.01,646,964454,买盘
10:48:22,14.93,0.0,260,388281,卖盘
10:48:24,14.93,0.0,58,86680,卖盘
10:48:28,14.93,0.0,298,444944,卖盘
10:48:31,14.95,0.02,29,43315,买盘
10:48:34,14.93,-0.02,547,817553,卖盘
10:48:36,14.94,0.01,140,209125,买盘
10:48:39,14.94,0.0,63,94106,买盘
10:48:43,14.93,-0.01,54,80644,卖盘
10:48:46,14.94,0.01,86,128424,买盘
10:48:48,14.93,-0.01,47,70207,卖盘
10:48:51,14.94,0.01,21,31382,买盘
10:48:54,14.93,-0.01,72,107505,卖盘
10:48:58,14.95,0.02,59,88154,买盘
10:49:00,14.93,-0.02,38,56739,卖盘
10:49:04,14.94,0.01,45,67198,买盘
10:49:06,14.93,-0.01,646,964534,卖盘
10:49:10,14.94,0.01,137,204678,买盘
10:49:12,14.95,0.01,141,210795,买盘
10:49:16,14.95,0.0,637,951687,买盘
10:49:19,14.95,0.0,125,186983,卖盘
10:49:21,14.95,0.0,72,107659,卖盘
10:49:25,14.95,0.0,282,421853,卖盘
10:49:27,14.97,0.02,2609,3903877,买盘
10:49:30,14.98,0.01,421,630654,买盘
10:49:34,14.97,-0.01,167,250108,中性盘
10:49:36,14.98,0.01,89,133311,买盘
10:49:40,14.98,0.0,303,453908,卖盘
10:49:42,14.98,0.0,23,34454,卖盘
10:49:45,14.98,0.0,82,122836,卖盘
10:49:48,14.98,0.0,24,35964,卖盘
10:49:52,14.98,0.0,26,38952,卖盘
10:49:55,14.98,0.0,66,99069,卖盘
10:49:57,14.99,0.01,4,5994,买盘
10:50:00,14.98,-0.01,83,124139,卖盘
10:50:04,14.97,-0.01,13,19471,卖盘
10:50:07,14.97,0.0,13,19464,卖盘
10:50:10,14.97,0.0,36,53907,卖盘
10:50:12,14.95,-0.02,404,604770,卖盘
10:50:16,14.97,0.02,86,128732,买盘
10:50:18,14.95,-0.02,2,2992,卖盘
10:50:22,14.95,0.0,27,40365,卖盘
10:50:24,14.97,0.02,9,13458,买盘
10:50:30,14.95,-0.02,24,36120,买盘
10:50:33,14.95,0.0,45,67286,卖盘
10:50:37,14.95,0.0,52,77769,卖盘
10:50:39,14.95,0.0,5,7475,卖盘
10:50:42,14.95,0.0,140,209300,卖盘
10:50:45,14.95,0.0,3,4485,买盘
10:50:48,14.95,0.0,9,13447,买盘
10:50:51,14.95,0.0,18,26910,买盘
10:50:54,14.94,-0.01,11,16434,卖盘
10:50:58,14.95,0.01,22,32888,买盘
10:51:00,14.94,-0.01,109,162847,卖盘
10:51:04,14.95,0.01,1156,1727564,买盘
10:51:06,14.94,-0.01,507,757586,卖盘
10:51:09,14.95,0.01,301,449714,买盘
10:51:12,14.94,-0.01,19,28386,卖盘
10:51:15,14.95,0.01,401,599485,买盘
10:51:19,14.95,0.0,40,59813,卖盘
10:51:21,14.95,0.0,58,86911,卖盘
10:51:25,14.95,0.0,22,32902,卖盘
10:51:28,14.94,-0.01,240,358607,卖盘
10:51:31,14.94,0.0,42,62748,卖盘
10:51:33,14.94,0.0,97,144918,卖盘
10:51:37,14.94,0.0,130,194220,卖盘
10:51:40,14.94,0.0,78,116543,卖盘
10:51:42,14.93,-0.01,84,125414,卖盘
10:51:46,14.93,0.0,105,156765,卖盘
10:51:48,14.94,0.01,1487,2220093,买盘
10:51:51,14.93,-0.01,227,338992,卖盘
10:51:55,14.93,0.0,43,64194,买盘
10:51:57,14.92,-0.01,19,28348,卖盘
10:52:01,14.93,0.01,82,122349,买盘
10:52:05,14.92,-0.01,22,32834,卖盘
10:52:07,14.92,0.0,938,1399497,卖盘
10:52:09,14.92,0.0,204,304452,卖盘
10:52:13,14.92,0.0,249,370916,卖盘
10:52:15,14.92,0.0,100,149241,卖盘
10:52:18,14.93,0.01,49,73157,买盘
10:52:22,14.92,-0.01,57,85052,卖盘
10:52:24,14.92,0.0,1099,1640779,卖盘
10:52:27,14.92,0.0,228,340258,卖盘
10:52:30,14.93,0.01,97,144777,买盘
10:52:33,14.93,0.0,322,480887,卖盘
10:52:37,14.93,0.0,386,576311,卖盘
10:52:40,14.93,0.0,138,206210,卖盘
10:52:42,14.93,0.0,43,64223,卖盘
10:52:46,14.92,-0.01,41,61210,卖盘
10:52:49,14.92,0.0,9,13431,卖盘
10:52:52,14.93,0.01,2,2986,买盘
10:52:55,14.93,0.0,390,582134,买盘
10:52:57,14.93,0.0,134,200132,卖盘
10:53:00,14.93,0.0,21,31368,卖盘
10:53:05,14.93,0.0,198,295625,卖盘
10:53:07,14.93,0.0,105,156798,卖盘
10:53:10,14.93,0.0,109,162755,卖盘
10:53:12,14.93,0.0,92,137383,卖盘
10:53:16,14.93,0.0,234,349395,卖盘
10:53:18,14.94,0.01,134,200184,买盘
10:53:21,14.94,0.0,138,206196,卖盘
10:53:24,14.94,0.0,172,257049,卖盘
10:53:27,14.95,0.01,118,176384,买盘
10:53:30,14.95,0.0,309,462111,卖盘
10:53:34,14.95,0.0,121,181016,卖盘
10:53:37,14.95,0.0,44,65829,卖盘
10:53:40,14.95,0.0,70,104692,卖盘
10:53:42,14.95,0.0,96,143559,卖盘
10:53:46,14.95,0.0,33,49387,卖盘
10:53:49,14.95,0.0,83,124090,卖盘
10:53:51,14.95,0.0,15,22425,卖盘
10:53:54,14.94,-0.01,67,100134,卖盘
10:54:00,14.94,0.0,30,44831,卖盘
10:54:05,14.94,0.0,104,155380,卖盘
10:54:07,14.94,0.0,58,86652,卖盘
10:54:09,14.93,-0.01,25,37347,卖盘
10:54:12,14.94,0.01,10,14940,买盘
10:54:16,14.93,-0.01,202,302205,卖盘
10:54:19,14.94,0.01,56,83662,买盘
10:54:21,14.94,0.0,281,419814,卖盘
10:54:24,14.94,0.0,214,319780,卖盘
10:54:27,14.94,0.0,157,234674,卖盘
10:54:30,14.96,0.02,617,922218,买盘
10:54:33,14.94,-0.02,44,65736,卖盘
10:54:36,14.95,0.01,118,176298,买盘
10:54:39,14.95,0.0,88,131477,买盘
10:54:42,14.94,-0.01,16,23904,卖盘
10:54:45,14.95,0.01,86,128524,买盘
10:54:48,14.94,-0.01,104,155395,卖盘
10:54:51,14.94,0.0,105,156921,卖盘
10:54:55,14.95,0.01,81,121095,买盘
10:54:57,14.94,-0.01,44,65765,卖盘
10:55:00,14.94,0.0,23,34362,卖盘
10:55:05,14.94,0.0,131,195714,卖盘
10:55:07,14.94,0.0,48,71713,卖盘
10:55:10,14.94,0.0,561,838134,卖盘
10:55:13,14.95,0.01,84,125509,买盘
10:55:16,14.94,-0.01,80,119520,卖盘
10:55:18,14.94,0.0,104,155423,卖盘
10:55:21,14.95,0.01,8,11957,买盘
10:55:25,14.95,0.0,70,104597,买盘
10:55:27,14.94,-0.01,69,103119,卖盘
10:55:30,14.94,0.0,129,192854,卖盘
10:55:33,14.95,0.01,4,5980,买盘
10:55:36,14.94,-0.01,13,19422,卖盘
10:55:39,14.94,0.0,116,173307,卖盘
10:55:42,14.94,0.0,101,150894,卖盘
10:55:46,14.94,0.0,877,1310248,卖盘
10:55:48,14.95,0.01,5,7994,买盘
10:55:52,14.94,-0.01,178,266040,卖盘
10:55:55,14.94,0.0,149,222617,卖盘
10:55:58,14.94,0.0,229,342295,卖盘
10:56:00,14.94,0.0,7,10458,买盘
10:56:04,14.94,0.0,3,4482,买盘
10:56:07,14.94,0.0,337,503476,买盘
10:56:10,14.93,-0.01,123,183754,卖盘
10:56:12,14.95,0.02,364,543954,买盘
10:56:16,14.94,-0.01,205,306128,买盘
10:56:18,14.94,0.0,36,53784,买盘
10:56:21,14.94,0.0,216,322704,卖盘
10:56:24,14.94,0.0,501,748836,卖盘
10:56:27,14.95,0.01,101,150955,买盘
10:56:30,14.95,0.0,15,22425,卖盘
10:56:33,14.94,-0.01,47,70222,卖盘
10:56:36,14.94,0.0,51,76237,卖盘
10:56:40,14.95,0.01,14,20925,中性盘
10:56:43,14.94,-0.01,222,331723,卖盘
10:56:45,14.96,0.02,146,218265,买盘
10:56:48,14.94,-0.02,102,152388,卖盘
10:56:52,14.94,0.0,40,59764,卖盘
10:56:55,14.94,0.0,75,112058,卖盘
10:56:57,14.95,0.01,55,82180,买盘
10:57:00,14.94,-0.01,78,116550,卖盘
10:57:04,14.94,0.0,112,167431,卖盘
10:57:06,14.94,0.0,47,70218,卖盘
10:57:09,14.95,0.01,46,68750,买盘
10:57:12,14.94,-0.01,186,277886,卖盘
10:57:16,14.93,-0.01,195,291325,卖盘
10:57:19,14.94,0.01,17,25398,买盘
10:57:21,14.94,0.0,39,58262,买盘
10:57:25,14.93,-0.01,36,53779,卖盘
10:57:27,14.95,0.02,79,118076,买盘
10:57:30,14.93,-0.02,149,222487,卖盘
10:57:34,14.94,0.01,3,4482,买盘
10:57:36,14.93,-0.01,20,29860,卖盘
10:57:40,14.93,0.0,104,155375,卖盘
10:57:42,14.93,0.0,6,8958,卖盘
10:57:46,14.93,0.0,98,146314,卖盘
10:57:48,14.94,0.01,387,578173,买盘
10:57:51,14.94,0.0,55,82170,卖盘
10:57:54,14.95,0.01,56,83669,买盘
10:57:57,14.94,-0.01,27,40338,卖盘
10:58:01,14.94,0.0,15,22410,卖盘
10:58:04,14.94,0.0,751,1121994,卖盘
10:58:07,14.94,0.0,37,55274,买盘
10:58:09,14.93,-0.01,15,22405,卖盘
10:58:13,14.93,0.0,63,94079,卖盘
10:58:16,14.93,0.0,15,22395,卖盘
10:58:18,14.93,0.0,541,807728,卖盘
10:58:22,14.93,0.0,23,34364,卖盘
10:58:24,14.94,0.01,91,135947,买盘
10:58:27,14.93,-0.01,71,106063,卖盘
10:58:31,14.93,0.0,35,52255,卖盘
10:58:34,14.93,0.0,19,28370,卖盘
10:58:36,14.93,0.0,154,229932,卖盘
10:58:43,14.93,0.0,11,16423,卖盘
10:58:45,14.93,0.0,203,303079,卖盘
10:58:48,14.93,0.0,195,291235,卖盘
10:58:52,14.94,0.01,34,50785,买盘
10:58:54,14.93,-0.01,165,246345,卖盘
10:58:57,14.94,0.01,45,67188,买盘
10:59:01,14.93,-0.01,3,4479,卖盘
10:59:04,14.94,0.01,40,59727,买盘
10:59:07,14.93,-0.01,15,22395,卖盘
10:59:09,14.94,0.01,24,35850,买盘
10:59:12,14.93,-0.01,386,576298,卖盘
10:59:16,14.93,0.0,70,104563,卖盘
10:59:18,14.93,0.0,58,86606,卖盘
10:59:21,14.93,0.0,43,64199,卖盘
10:59:25,14.93,0.0,126,188120,卖盘
10:59:27,14.93,0.0,49,72127,卖盘
10:59:31,14.94,0.01,320,477765,买盘
10:59:34,14.93,-0.01,137,204541,卖盘
10:59:37,14.94,0.01,853,1273569,买盘
10:59:40,14.93,-0.01,510,761387,卖盘
10:59:42,14.93,0.0,518,773369,买盘
10:59:48,14.92,-0.01,12,17904,卖盘
10:59:51,14.93,0.01,116,173731,买盘
10:59:54,14.92,-0.01,609,908657,卖盘
10:59:57,14.92,0.0,284,423728,卖盘
11:00:00,14.92,0.0,218,325290,卖盘
11:00:05,14.92,0.0,127,189377,买盘
11:00:07,14.91,-0.01,1420,2117194,卖盘
11:00:09,14.91,0.0,93,138625,买盘
11:00:12,14.91,0.0,22,31931,买盘
11:00:16,14.91,0.0,101,150495,买盘
11:00:19,14.9,-0.01,66,98391,卖盘
11:00:21,14.9,0.0,24,35774,卖盘
11:00:25,14.91,0.01,5,7453,买盘
11:00:27,14.91,0.0,49,73011,买盘
11:00:31,14.9,-0.01,106,158569,卖盘
11:00:34,14.91,0.01,527,785688,买盘
11:00:37,14.91,0.0,35,52185,卖盘
11:00:40,14.9,-0.01,219,326389,卖盘
11:00:42,14.91,0.01,213,317472,买盘
11:00:45,14.91,0.0,28,41727,买盘
11:00:48,14.9,-0.01,81,120734,卖盘
11:00:51,14.91,0.01,348,518571,买盘
11:00:54,14.91,0.0,368,549319,买盘
11:00:57,14.91,0.0,22,32802,卖盘
11:01:00,14.91,0.0,16,23856,卖盘
11:01:05,14.91,0.0,48,71568,卖盘
11:01:07,14.91,0.0,122,181908,卖盘
11:01:10,14.91,0.0,341,507791,卖盘
11:01:13,14.92,0.01,411,613447,买盘
11:01:16,14.91,-0.01,93,138693,卖盘
11:01:18,14.91,0.0,66,98406,卖盘
11:01:21,14.91,0.0,16,23215,卖盘
11:01:24,14.91,0.0,29,43239,买盘
11:01:27,14.9,-0.01,21,31301,卖盘
11:01:31,14.9,0.0,117,174332,卖盘
11:01:34,14.91,0.01,25,37273,买盘
11:01:36,14.9,-0.01,64,95368,卖盘
11:01:39,14.89,-0.01,2832,4220209,卖盘
11:01:43,14.9,0.01,495,737522,买盘
11:01:45,14.9,0.0,10,14900,中性盘
11:01:48,14.89,-0.01,147,218909,卖盘
11:01:52,14.89,0.0,950,1414553,卖盘
11:01:55,14.89,0.0,174,259086,买盘
11:01:57,14.89,0.0,68,101252,卖盘
11:02:00,14.89,0.0,96,142945,卖盘
11:02:04,14.89,0.0,14,20846,买盘
11:02:07,14.89,0.0,531,790364,买盘
11:02:10,14.89,0.0,158,235260,买盘
11:02:13,14.88,-0.01,52,76194,卖盘
11:02:15,14.88,0.0,849,1263834,卖盘
11:02:18,14.89,0.01,197,293223,买盘
11:02:21,14.89,0.0,608,905315,买盘
11:02:24,14.89,0.0,211,314352,卖盘
11:02:27,14.9,0.01,1331,1981582,买盘
11:02:30,14.9,0.0,98,145995,买盘
11:02:34,14.89,-0.01,1125,1676038,卖盘
11:02:37,14.9,0.01,170,253235,买盘
11:02:39,14.9,0.0,68,101322,卖盘
11:02:42,14.89,-0.01,140,208561,卖盘
11:02:46,14.9,0.01,17,25329,买盘
11:02:48,14.89,-0.01,62,92335,卖盘
11:02:52,14.89,0.0,645,960299,卖盘
11:02:54,14.88,-0.01,29,43175,卖盘
11:02:57,14.89,0.01,73,108697,买盘
11:03:01,14.89,0.0,59,87901,卖盘
11:03:04,14.9,0.01,388,578095,买盘
11:03:07,14.89,-0.01,288,428930,卖盘
11:03:09,14.9,0.01,103,153377,买盘
11:03:12,14.9,0.0,12,17880,买盘
11:03:16,14.9,0.0,85,126590,买盘
11:03:19,14.9,0.0,356,530116,买盘
11:03:21,14.89,-0.01,44,65516,卖盘
11:03:25,14.9,0.01,40,59588,买盘
11:03:27,14.89,-0.01,7,10423,卖盘
11:03:30,14.89,0.0,20,29780,卖盘
11:03:33,14.89,0.0,13,19357,卖盘
11:03:36,14.9,0.01,280,417135,买盘
11:03:39,14.89,-0.01,65,96796,卖盘
11:03:43,14.89,0.0,342,509072,卖盘
11:03:45,14.89,0.0,33,49137,卖盘
11:03:49,14.88,-0.01,118,175789,卖盘
11:03:51,14.89,0.01,81,120615,买盘
11:03:54,14.89,0.0,96,142948,卖盘
11:03:57,14.89,0.0,23,34246,买盘
11:04:01,14.88,-0.01,34,50607,卖盘
11:04:04,14.89,0.01,32,47648,买盘
11:04:06,14.88,-0.01,338,503003,卖盘
11:04:10,14.89,0.01,22,32758,买盘
11:04:12,14.89,0.0,69,102724,买盘
11:04:16,14.89,0.0,79,117607,买盘
11:04:19,14.89,0.0,109,162311,买盘
11:04:21,14.89,0.0,52,77454,卖盘
11:04:24,14.9,0.01,163,242817,买盘
11:04:27,14.9,0.0,255,380138,买盘
11:04:30,14.9,0.0,126,187845,卖盘
11:04:34,14.9,0.0,267,397960,卖盘
11:04:36,14.9,0.0,74,110270,卖盘
11:04:39,14.9,0.0,34,50660,卖盘
11:04:42,14.9,0.0,130,193700,卖盘
11:04:46,14.9,0.0,23,34280,卖盘
11:04:48,14.91,0.01,415,618132,买盘
11:04:51,14.9,-0.01,62,92320,中性盘
11:04:54,14.9,0.0,20,29800,买盘
11:04:57,14.89,-0.01,108,160907,卖盘
11:05:00,14.89,0.0,75,111714,卖盘
11:05:04,14.89,0.0,53,78937,卖盘
11:05:06,14.89,0.0,128,190700,卖盘
11:05:09,14.89,0.0,46,68494,卖盘
11:05:12,14.89,0.0,28,41701,卖盘
11:05:16,14.9,0.01,10,14900,买盘
11:05:19,14.89,-0.01,200,297800,卖盘
11:05:22,14.9,0.01,5,7450,买盘
11:05:24,14.89,-0.01,83,123593,卖盘
11:05:27,14.9,0.01,356,530440,买盘
11:05:30,14.9,0.0,10,14900,卖盘
11:05:34,14.9,0.0,91,135617,卖盘
11:05:36,14.9,0.0,41,61093,卖盘
11:05:39,14.9,0.0,13,19370,卖盘
11:05:43,14.9,0.0,119,177324,卖盘
11:05:45,14.9,0.0,61,90895,卖盘
11:05:49,14.91,0.01,143,213109,买盘
11:05:52,14.9,-0.01,205,305559,卖盘
11:05:55,14.9,0.0,1121,1670292,卖盘
11:05:57,14.9,0.0,504,750980,卖盘
11:06:01,14.91,0.01,9,13415,买盘
11:06:04,14.89,-0.02,72,107265,卖盘
11:06:07,14.9,0.01,175,260590,买盘
11:06:10,14.9,0.0,52,77439,买盘
11:06:13,14.89,-0.01,27,40206,卖盘
11:06:16,14.89,0.0,341,507886,卖盘
11:06:18,14.89,0.0,207,308225,卖盘
11:06:22,14.89,0.0,121,180169,卖盘
11:06:24,14.88,-0.01,418,622385,卖盘
11:06:28,14.89,0.01,161,239579,买盘
11:06:31,14.89,0.0,18,26802,买盘
11:06:33,14.89,0.0,47,69973,买盘
11:06:36,14.89,0.0,184,273815,买盘
11:06:39,14.88,-0.01,154,229183,卖盘
11:06:42,14.88,0.0,54,80412,卖盘
11:06:46,14.88,0.0,69,102694,卖盘
11:06:48,14.89,0.01,28,41692,买盘
11:06:52,14.88,-0.01,59,87794,卖盘
11:06:55,14.88,0.0,123,183034,卖盘
11:06:57,14.88,0.0,128,190483,卖盘
11:07:00,14.88,0.0,199,296115,卖盘
11:07:05,14.88,0.0,64,95241,卖盘
11:07:07,14.88,0.0,339,505290,卖盘
11:07:10,14.88,0.0,111,165168,卖盘
11:07:13,14.88,0.0,95,141391,卖盘
11:07:15,14.89,0.01,48,71459,买盘
11:07:18,14.88,-0.01,106,157729,卖盘
11:07:21,14.88,0.0,44,65472,卖盘
11:07:24,14.88,0.0,532,791833,卖盘
11:07:28,14.88,0.0,114,169635,卖盘
11:07:30,14.88,0.0,251,373488,卖盘
11:07:33,14.87,-0.01,683,1015944,卖盘
11:07:36,14.87,0.0,35,52051,卖盘
11:07:39,14.87,0.0,10,14870,卖盘
11:07:42,14.87,0.0,123,182901,卖盘
11:07:45,14.87,0.0,170,252790,卖盘
11:07:49,14.87,0.0,171,254280,卖盘
11:07:52,14.87,0.0,36,53543,卖盘
11:07:55,14.88,0.01,21,31232,买盘
11:07:57,14.88,0.0,306,455036,买盘
11:08:01,14.87,-0.01,497,739786,卖盘
11:08:04,14.88,0.01,164,243878,买盘
11:08:06,14.87,-0.01,575,854910,卖盘
11:08:10,14.87,0.0,97,144940,卖盘
11:08:13,14.87,0.0,26,38023,买盘
11:08:15,14.86,-0.01,61,90705,买盘
11:08:19,14.86,0.0,40,59453,卖盘
11:08:21,14.87,0.01,3,4459,买盘
11:08:25,14.87,0.0,21,31222,买盘
11:08:27,14.87,0.0,284,422053,买盘
11:08:30,14.87,0.0,73,108505,买盘
11:08:33,14.86,-0.01,99,147124,卖盘
11:08:37,14.87,0.01,263,390837,买盘
11:08:39,14.87,0.0,96,142672,买盘
11:08:43,14.86,-0.01,44,65391,卖盘
11:08:45,14.86,0.0,220,326934,卖盘
11:08:48,14.87,0.01,56,83265,买盘
11:08:51,14.86,-0.01,436,647897,卖盘
11:08:54,14.87,0.01,813,1208129,买盘
11:08:58,14.86,-0.01,51,75788,卖盘
11:09:01,14.86,0.0,180,267481,卖盘
11:09:04,14.86,0.0,165,245190,卖盘
11:09:06,14.85,-0.01,476,707545,卖盘
11:09:09,14.85,0.0,128,190100,卖盘
11:09:13,14.86,0.01,110,163365,买盘
11:09:15,14.85,-0.01,377,560066,卖盘
11:09:19,14.85,0.0,4113,6107880,卖盘
11:09:21,14.84,-0.01,289,429155,卖盘
11:09:24,14.85,0.01,42,62338,买盘
11:09:27,14.84,-0.01,670,994822,卖盘
11:09:31,14.84,0.0,226,335384,卖盘
11:09:34,14.84,0.0,331,491480,卖盘
11:09:36,14.84,0.0,296,439269,卖盘
11:09:39,14.84,0.0,306,454133,卖盘
11:09:43,14.84,0.0,521,773186,卖盘
11:09:46,14.84,0.0,442,655952,卖盘
11:09:48,14.84,0.0,37,55205,卖盘
11:09:51,14.84,0.0,138,204685,买盘
11:09:54,14.84,0.0,164,243283,买盘
11:09:58,14.84,0.0,649,962580,买盘
11:10:00,14.84,0.0,334,495546,买盘
11:10:04,14.83,-0.01,705,1046147,卖盘
11:10:07,14.83,0.0,225,333765,卖盘
11:10:10,14.84,0.01,564,836459,买盘
11:10:13,14.83,-0.01,333,493841,卖盘
11:10:15,14.83,0.0,363,538575,卖盘
11:10:19,14.82,-0.01,128,189798,卖盘
11:10:21,14.83,0.01,122,180916,买盘
11:10:25,14.82,-0.01,103,152652,卖盘
11:10:28,14.83,0.01,561,831907,买盘
11:10:30,14.83,0.0,561,831910,卖盘
11:10:34,14.83,0.0,202,299574,卖盘
11:10:37,14.84,0.01,223,330724,买盘
11:10:40,14.82,-0.02,267,396022,卖盘
11:10:43,14.83,0.01,53,78599,买盘
11:10:45,14.82,-0.01,146,216409,卖盘
11:10:49,14.82,0.0,2538,3761430,卖盘
11:10:52,14.83,0.01,308,456719,买盘
11:10:54,14.82,-0.01,626,928525,卖盘
11:10:58,14.82,0.0,205,303925,卖盘
11:11:00,14.82,0.0,215,318711,卖盘
11:11:04,14.82,0.0,166,246048,卖盘
11:11:07,14.82,0.0,353,523322,卖盘
11:11:09,14.82,0.0,994,1473237,卖盘
11:11:13,14.83,0.01,535,792929,买盘
11:11:15,14.82,-0.01,101,149685,卖盘
11:11:19,14.82,0.0,115,170440,卖盘
11:11:21,14.83,0.01,106,157156,买盘
11:11:24,14.82,-0.01,532,788569,卖盘
11:11:27,14.82,0.0,89,131958,卖盘
11:11:30,14.82,0.0,429,635780,卖盘
11:11:34,14.82,0.0,2060,3052888,卖盘
11:11:37,14.82,0.0,137,203015,买盘
11:11:40,14.82,0.0,240,355871,买盘
11:11:42,14.82,0.0,349,517225,卖盘
11:11:46,14.82,0.0,215,318546,卖盘
11:11:48,14.81,-0.01,80,118520,卖盘
11:11:52,14.82,0.01,212,314099,买盘
11:11:54,14.81,-0.01,133,197030,卖盘
11:11:57,14.81,0.0,69,102233,卖盘
11:12:00,14.81,0.0,67,99273,卖盘
11:12:05,14.82,0.01,1338,1981599,买盘
11:12:07,14.81,-0.01,487,721410,卖盘
11:12:10,14.81,0.0,98,145158,卖盘
11:12:12,14.81,0.0,674,998705,卖盘
11:12:16,14.81,0.0,216,319911,卖盘
11:12:18,14.81,0.0,1552,2298534,卖盘
11:12:22,14.81,0.0,579,857533,卖盘
11:12:24,14.81,0.0,354,524337,卖盘
11:12:28,14.81,0.0,342,506506,卖盘
11:12:30,14.81,0.0,184,272313,卖盘
11:12:34,14.81,0.0,371,549495,卖盘
11:12:36,14.82,0.01,170,251780,买盘
11:12:40,14.81,-0.01,197,291787,卖盘
11:12:42,14.82,0.01,190,281550,买盘
11:12:46,14.81,-0.01,291,431107,卖盘
11:12:48,14.81,0.0,100,148137,卖盘
11:12:51,14.81,0.0,110,162920,卖盘
11:12:54,14.81,0.0,247,365845,卖盘
11:12:57,14.82,0.01,66,97799,买盘
11:13:00,14.81,-0.01,577,854547,卖盘
11:13:04,14.82,0.01,162,239996,买盘
11:13:06,14.81,-0.01,438,648696,卖盘
11:13:09,14.82,0.01,195,288822,买盘
11:13:12,14.82,0.0,114,168256,买盘
11:13:15,14.81,-0.01,433,641359,卖盘
11:13:18,14.82,0.01,1862,2758226,买盘
11:13:21,14.82,0.0,990,1467028,买盘
11:13:24,14.82,0.0,414,613412,买盘
11:13:28,14.82,0.0,266,394138,买盘
11:13:30,14.82,0.0,910,1348444,买盘
11:13:33,14.83,0.01,268,397410,买盘
11:13:36,14.82,-0.01,343,508504,卖盘
11:13:40,14.83,0.01,136,201713,买盘
11:13:42,14.83,0.0,557,826261,卖盘
11:13:46,14.83,0.0,359,532520,卖盘
11:13:49,14.82,-0.01,2270,3364117,卖盘
11:13:51,14.83,0.01,189,280384,卖盘
11:13:55,14.84,0.01,382,567070,中性盘
11:13:58,14.85,0.01,118,175192,买盘
11:14:00,14.85,0.0,620,919000,买盘
11:14:04,14.85,0.0,78,115819,买盘
11:14:07,14.85,0.0,55,81666,买盘
11:14:10,14.83,-0.02,225,333992,卖盘
11:14:12,14.85,0.02,73,108347,买盘
11:14:16,14.84,-0.01,384,570017,卖盘
11:14:19,14.84,0.0,544,807164,买盘
11:14:21,14.84,0.0,716,1063087,买盘
11:14:24,14.85,0.01,360,534210,买盘
11:14:27,14.84,-0.01,157,233065,卖盘
11:14:31,14.84,0.0,190,282127,卖盘
11:14:34,14.86,0.02,172,255414,买盘
11:14:37,14.86,0.0,184,273323,买盘
11:14:40,14.85,-0.01,771,1145410,卖盘
11:14:42,14.87,0.02,45,66878,买盘
11:14:46,14.84,-0.03,476,707442,卖盘
11:14:48,14.87,0.03,432,641062,买盘
11:14:52,14.85,-0.02,54,80206,卖盘
11:14:54,14.86,0.01,35,51991,买盘
11:14:57,14.87,0.01,128,190209,买盘
11:15:01,14.86,-0.01,176,261666,卖盘
11:15:04,14.87,0.01,132,196132,买盘
11:15:07,14.86,-0.01,137,203646,中性盘
11:15:10,14.87,0.01,378,561538,买盘
11:15:13,14.87,0.0,48,71376,买盘
11:15:16,14.87,0.0,44,65428,卖盘
11:15:18,14.87,0.0,289,429406,卖盘
11:15:21,14.87,0.0,130,193311,买盘
11:15:24,14.87,0.0,115,171007,卖盘
11:15:27,14.87,0.0,183,272161,卖盘
11:15:30,14.84,-0.03,1071,1590145,卖盘
11:15:33,14.85,0.01,1228,1822405,买盘
11:15:36,14.85,0.0,100,148662,买盘
11:15:39,14.85,0.0,15,22275,卖盘
11:15:42,14.85,0.0,94,139600,卖盘
11:15:45,14.85,0.0,540,802077,卖盘
11:15:49,14.85,0.0,86,127796,卖盘
11:15:52,14.85,0.0,146,216857,卖盘
11:15:54,14.85,0.0,68,101034,卖盘
11:15:58,14.85,0.0,356,528660,买盘
11:16:00,14.85,0.0,322,478477,买盘
11:16:04,14.85,0.0,31,46035,卖盘
11:16:07,14.85,0.0,214,317790,卖盘
11:16:10,14.85,0.0,483,717259,买盘
11:16:12,14.86,0.01,9,13369,买盘
11:16:15,14.86,0.0,303,450327,买盘
11:16:18,14.86,0.0,134,199124,买盘
11:16:21,14.85,-0.01,55,81709,卖盘
11:16:24,14.85,0.0,459,681651,卖盘
11:16:28,14.86,0.01,2007,2980499,买盘
11:16:30,14.84,-0.02,1955,2910724,卖盘
11:16:33,14.86,0.02,23,34173,买盘
11:16:36,14.85,-0.01,24,35661,卖盘
11:16:39,14.85,0.0,21,31197,卖盘
11:16:43,14.85,0.0,92,136672,卖盘
11:16:45,14.86,0.01,54,80255,卖盘
11:16:49,14.86,0.0,225,334194,卖盘
11:16:52,14.86,0.0,42,62439,卖盘
11:16:55,14.86,0.0,93,138289,卖盘
11:16:58,14.86,0.0,226,335836,卖盘
11:17:00,14.89,0.03,168,249736,买盘
11:17:04,14.85,-0.04,125,185981,卖盘
11:17:06,14.89,0.04,168,249680,买盘
11:17:09,14.88,-0.01,169,251636,中性盘
11:17:12,14.89,0.01,2,2977,买盘
11:17:15,14.89,0.0,38,56574,买盘
11:17:21,14.89,0.0,66,98261,买盘
11:17:24,14.86,-0.03,47,69951,卖盘
11:17:27,14.86,0.0,299,444314,卖盘
11:17:30,14.86,0.0,856,1273679,买盘
11:17:34,14.86,0.0,70,103968,买盘
11:17:37,14.86,0.0,76,112914,买盘
11:17:40,14.87,0.01,171,254191,买盘
11:17:42,14.89,0.02,32,47618,买盘
11:17:46,14.87,-0.02,157,233465,卖盘
11:17:48,14.88,0.01,55,81813,买盘
11:17:51,14.88,0.0,40,59526,卖盘
11:17:55,14.88,0.0,33,49121,卖盘
11:17:57,14.88,0.0,68,101232,卖盘
11:18:01,14.89,0.01,51,75902,中性盘
11:18:04,14.89,0.0,22,32758,卖盘
11:18:06,14.88,-0.01,788,1173235,卖盘
11:18:09,14.9,0.02,98,146164,买盘
11:18:12,14.9,0.0,80,118898,卖盘
11:18:15,14.9,0.0,12,17878,买盘
11:18:18,14.88,-0.02,31,46140,卖盘
11:18:21,14.89,0.01,29,43181,卖盘
11:18:25,14.89,0.0,22,32758,买盘
11:18:28,14.88,-0.01,94,139873,卖盘
11:18:30,14.88,0.0,4,5952,买盘
11:18:34,14.88,0.0,553,822982,买盘
11:18:36,14.89,0.01,42,62526,买盘
11:18:40,14.88,-0.01,17,25296,卖盘
11:18:42,14.88,0.0,28,41664,卖盘
11:18:46,14.88,0.0,42,62504,卖盘
11:18:48,14.89,0.01,366,544988,买盘
11:18:51,14.89,0.0,25,37225,中性盘
11:18:54,14.89,0.0,16,23824,卖盘
11:18:57,14.91,0.02,656,977628,买盘
11:19:00,14.89,-0.02,298,444056,卖盘
11:19:04,14.89,0.0,97,144503,卖盘
11:19:07,14.9,0.01,102,151951,买盘
11:19:10,14.91,0.01,34,50661,买盘
11:19:12,14.9,-0.01,2,2980,卖盘
11:19:16,14.91,0.01,28,41728,买盘
11:19:19,14.9,-0.01,94,140062,卖盘
11:19:21,14.9,0.0,9,13411,卖盘
11:19:24,14.9,0.0,54,80462,卖盘
11:19:28,14.91,0.01,422,628667,买盘
11:19:30,14.9,-0.01,41,61507,卖盘
11:19:34,14.9,0.0,49,73014,买盘
11:19:37,14.9,0.0,6,8937,买盘
11:19:39,14.9,0.0,122,181772,买盘
11:19:43,14.9,0.0,84,125153,卖盘
11:19:45,14.89,-0.01,68,101320,卖盘
11:19:49,14.9,0.01,179,266710,买盘
11:19:52,14.91,0.01,36,53644,买盘
11:19:54,14.9,-0.01,264,393367,卖盘
11:19:57,14.91,0.01,50,74550,买盘
11:20:01,14.91,0.0,534,795989,买盘
11:20:04,14.9,-0.01,105,156464,卖盘
11:20:07,14.91,0.01,99,147597,买盘
11:20:09,14.91,0.0,53,79019,买盘
11:20:13,14.9,-0.01,26,38757,卖盘
11:20:16,14.92,0.02,836,1246494,买盘
11:20:18,14.9,-0.02,51,76032,卖盘
11:20:22,14.91,0.01,5,7455,中性盘
11:20:24,14.92,0.01,14,20883,买盘
11:20:28,14.91,-0.01,956,1426351,卖盘
11:20:30,14.91,0.0,173,257943,卖盘
11:20:34,14.91,0.0,132,196823,买盘
11:20:36,14.91,0.0,50,74577,卖盘
11:20:40,14.91,0.0,290,432570,卖盘
11:20:43,14.92,0.01,89,132768,买盘
11:20:45,14.92,0.0,42,62664,卖盘
11:20:49,14.92,0.0,56,83502,买盘
11:20:51,14.92,0.0,14,20887,买盘
11:20:54,14.92,0.0,53,79075,买盘
11:20:57,14.91,-0.01,6,8946,卖盘
11:21:01,14.91,0.0,43,64153,卖盘
11:21:04,14.92,0.01,54,80535,买盘
11:21:06,14.92,0.0,151,225196,买盘
11:21:09,14.91,-0.01,183,272853,卖盘
11:21:12,14.91,0.0,43,64113,买盘
11:21:15,14.91,0.0,12,17892,卖盘
11:21:18,14.91,0.0,30,44724,买盘
11:21:21,14.91,0.0,23,34293,买盘
11:21:24,14.91,0.0,117,174452,卖盘
11:21:27,14.92,0.01,57,84992,买盘
11:21:30,14.9,-0.02,318,473849,卖盘
11:21:33,14.9,0.0,674,1004288,卖盘
11:21:37,14.9,0.0,149,222011,卖盘
11:21:40,14.9,0.0,97,144540,卖盘
11:21:43,14.9,0.0,160,238401,卖盘
11:21:45,14.91,0.01,1553,2313921,买盘
11:21:48,14.9,-0.01,81,120656,买盘
11:21:52,14.89,-0.01,892,1328655,卖盘
11:21:54,14.89,0.0,448,667072,卖盘
11:21:58,14.88,-0.01,301,447901,卖盘
11:22:00,14.89,0.01,60,89286,买盘
11:22:04,14.89,0.0,1504,2238013,买盘
11:22:07,14.88,-0.01,1071,1593622,卖盘
11:22:10,14.88,0.0,173,257289,买盘
11:22:13,14.87,-0.01,314,467178,卖盘
11:22:16,14.88,0.01,53,78832,买盘
11:22:18,14.88,0.0,30,44614,买盘
11:22:22,14.87,-0.01,218,324199,卖盘
11:22:24,14.87,0.0,141,209729,卖盘
11:22:27,14.88,0.01,266,395568,买盘
11:22:30,14.87,-0.01,75,111496,卖盘
11:22:33,14.87,0.0,7,10409,买盘
11:22:36,14.87,0.0,45,66882,买盘
11:22:39,14.85,-0.02,683,1014619,卖盘
11:22:43,14.85,0.0,120,178367,卖盘
11:22:45,14.86,0.01,55,81731,买盘
11:22:49,14.86,0.0,26,38647,卖盘
11:22:51,14.87,0.01,68,101061,买盘
11:22:55,14.85,-0.02,421,625297,卖盘
11:22:58,14.86,0.01,32,47552,中性盘
11:23:01,14.87,0.01,19,28247,买盘
11:23:04,14.86,-0.01,112,166427,卖盘
11:23:07,14.85,-0.01,441,654898,卖盘
11:23:09,14.85,0.0,223,331364,卖盘
11:23:12,14.86,0.01,40,59412,买盘
11:23:15,14.85,-0.01,49,72766,卖盘
11:23:19,14.86,0.01,23,34178,买盘
11:23:21,14.86,0.0,483,717654,买盘
11:23:24,14.86,0.0,1683,2501220,买盘
11:23:27,14.86,0.0,310,460898,卖盘
11:23:30,14.86,0.0,37,54983,卖盘
11:23:34,14.87,0.01,6,8917,买盘
11:23:37,14.87,0.0,43,63941,买盘
11:23:40,14.88,0.01,76,113088,买盘
11:23:42,14.86,-0.02,686,1020160,卖盘
11:23:46,14.87,0.01,243,361341,买盘
11:23:48,14.87,0.0,161,239362,买盘
11:23:52,14.86,-0.01,72,107019,卖盘
11:23:55,14.87,0.01,166,246836,买盘
11:23:57,14.87,0.0,750,1115240,买盘
11:24:01,14.87,0.0,2,2974,卖盘
11:24:04,14.88,0.01,12,17846,买盘
11:24:07,14.87,-0.01,32,47584,卖盘
11:24:09,14.87,0.0,11,16357,卖盘
11:24:12,14.87,0.0,264,392578,卖盘
11:24:15,14.86,-0.01,62,92169,卖盘
11:24:19,14.87,0.01,19,28253,买盘
11:24:22,14.86,-0.01,120,178320,卖盘
11:24:25,14.87,0.01,13,19326,买盘
11:24:27,14.87,0.0,43,63909,买盘
11:24:30,14.87,0.0,196,291258,买盘
11:24:33,14.86,-0.01,238,353686,卖盘
11:24:36,14.87,0.01,172,255731,买盘
11:24:39,14.87,0.0,6,8917,买盘
11:24:43,14.86,-0.01,7,10404,卖盘
11:24:46,14.86,0.0,37,54997,卖盘
11:24:48,14.86,0.0,475,705889,卖盘
11:24:51,14.86,0.0,23,34198,卖盘
11:24:54,14.86,0.0,195,289770,卖盘
11:24:57,14.87,0.01,75,110858,买盘
11:25:01,14.87,0.0,100,148630,买盘
11:25:04,14.87,0.0,28,41610,买盘
11:25:06,14.86,-0.01,44,65423,卖盘
11:25:10,14.87,0.01,185,275042,买盘
11:25:12,14.87,0.0,541,803941,买盘
11:25:16,14.86,-0.01,30,44580,卖盘
11:25:18,14.86,0.0,124,184374,卖盘
11:25:22,14.86,0.0,6,8917,卖盘
11:25:25,14.87,0.01,32,47572,买盘
11:25:27,14.87,0.0,32,47584,买盘
11:25:31,14.86,-0.01,28,41620,卖盘
11:25:34,14.87,0.01,25,37158,买盘
11:25:37,14.87,0.0,70,104028,买盘
11:25:40,14.87,0.0,105,156065,买盘
11:25:42,14.87,0.0,138,205115,买盘
11:25:46,14.87,0.0,44,65405,买盘
11:25:48,14.87,0.0,68,101052,买盘
11:25:52,14.87,0.0,28,41948,买盘
11:25:55,14.87,0.0,196,291295,买盘
11:25:58,14.87,0.0,23,34201,买盘
11:26:00,14.87,0.0,133,197668,买盘
11:26:04,14.87,0.0,35,52040,买盘
11:26:06,14.86,-0.01,8,11889,卖盘
11:26:10,14.87,0.01,51,75836,买盘
11:26:12,14.87,0.0,6,8922,买盘
11:26:15,14.87,0.0,304,451758,买盘
11:26:18,14.86,-0.01,62,91566,卖盘
11:26:21,14.86,0.0,18,26748,买盘
11:26:25,14.86,0.0,177,263056,买盘
11:26:27,14.86,0.0,136,202208,卖盘
11:26:30,14.85,-0.01,32,47540,卖盘
11:26:33,14.86,0.01,252,374381,买盘
11:26:36,14.88,0.02,37,55048,买盘
11:26:39,14.86,-0.02,17,25262,卖盘
11:26:42,14.86,0.0,14,20805,卖盘
11:26:45,14.86,0.0,42,62412,卖盘
11:26:49,14.87,0.01,29,43071,买盘
11:26:51,14.86,-0.01,7,10397,中性盘
11:26:54,14.87,0.01,59,87694,买盘
11:26:58,14.87,0.0,76,112947,买盘
11:27:00,14.86,-0.01,436,648227,卖盘
11:27:04,14.86,0.0,9,13377,中性盘
11:27:07,14.86,0.0,120,178378,卖盘
11:27:09,14.86,0.0,119,176798,买盘
11:27:13,14.87,0.01,134,199177,中性盘
11:27:19,14.87,0.0,436,648756,卖盘
11:27:21,14.87,0.0,15,22305,卖盘
11:27:24,14.87,0.0,57,84762,卖盘
11:27:28,14.88,0.01,1,2678,卖盘
11:27:31,14.88,0.0,48,71454,卖盘
11:27:33,14.88,0.0,18,25594,卖盘
11:27:37,14.88,0.0,27,40180,买盘
11:27:40,14.88,0.0,16,23808,买盘
11:27:42,14.87,-0.01,62,92251,卖盘
11:27:46,14.88,0.01,18,26772,买盘
11:27:49,14.88,0.0,90,133920,买盘
11:27:52,14.88,0.0,27,40176,买盘
11:27:55,14.88,0.0,104,154752,买盘
11:27:58,14.88,0.0,56,84518,买盘
11:28:01,14.88,0.0,171,254382,卖盘
11:28:04,14.88,0.0,43,63984,卖盘
11:28:06,14.88,0.0,458,681938,卖盘
11:28:09,14.88,0.0,35,52080,卖盘
11:28:12,14.9,0.02,7,10428,买盘
11:28:16,14.9,0.0,86,128057,买盘
11:28:18,14.89,-0.01,18,26813,卖盘
11:28:21,14.9,0.01,240,357600,买盘
11:28:25,14.9,0.0,20,29792,买盘
11:28:28,14.9,0.0,381,567680,买盘
11:28:30,14.89,-0.01,26,38714,卖盘
11:28:33,14.89,0.0,6,8934,卖盘
11:28:36,14.9,0.01,26,38715,买盘
11:28:39,14.9,0.0,16,23835,买盘
11:28:43,14.89,-0.01,47,70011,卖盘
11:28:46,14.9,0.01,49,72998,买盘
11:28:48,14.89,-0.01,331,493127,卖盘
11:28:52,14.89,0.0,71,105734,卖盘
11:28:54,14.9,0.01,87,129607,买盘
11:28:57,14.9,0.0,4,5960,买盘
11:29:01,14.9,0.0,21,31285,买盘
11:29:04,14.9,0.0,10,14563,买盘
11:29:06,14.89,-0.01,105,156352,卖盘
11:29:10,14.9,0.01,27,40230,买盘
11:29:12,14.89,-0.01,12,17868,卖盘
11:29:15,14.87,-0.02,287,427212,卖盘
11:29:19,14.89,0.02,10,14890,买盘
11:29:22,14.89,0.0,31,46159,买盘
11:29:25,14.9,0.01,53,78886,买盘
11:29:30,14.89,-0.01,159,236751,买盘
11:29:33,14.89,0.0,19,28278,买盘
11:29:37,14.89,0.0,22,32746,买盘
11:29:40,14.9,0.01,127,188969,买盘
11:29:43,14.89,-0.01,6,8934,卖盘
11:29:45,14.89,0.0,51,75967,卖盘
11:29:48,14.9,0.01,30,44700,买盘
11:29:52,14.89,-0.01,3,4780,卖盘
11:29:54,14.9,0.01,39,58093,买盘
11:29:57,14.89,-0.01,1008,1501913,卖盘
11:30:00,14.9,0.01,7,10429,买盘
13:00:01,14.89,-0.01,419,624539,卖盘
13:00:04,14.88,-0.01,6238,9279192,卖盘
13:00:07,14.9,0.02,1156,1721844,买盘
13:00:10,14.9,0.0,608,905945,卖盘
13:00:12,14.88,-0.02,369,549389,卖盘
13:00:16,14.9,0.02,970,1444381,买盘
13:00:18,14.89,-0.01,666,992532,卖盘
13:00:22,14.9,0.01,359,535340,卖盘
13:00:24,14.87,-0.03,2224,3312884,卖盘
13:00:27,14.9,0.03,120,178806,卖盘
13:00:30,14.89,-0.01,148,220701,卖盘
13:00:34,14.9,0.01,253,377008,买盘
13:00:36,14.91,0.01,626,932782,买盘
13:00:39,14.85,-0.06,1107,1645869,卖盘
13:00:42,14.89,0.04,202,300778,中性盘
13:00:45,14.89,0.0,99,147508,买盘
13:00:48,14.9,0.01,42,62533,买盘
13:00:52,14.92,0.02,97,144698,买盘
13:00:54,14.9,-0.02,32,47680,卖盘
13:00:57,14.89,-0.01,1166,1738865,卖盘
13:01:00,14.9,0.01,244,363337,买盘
13:01:04,14.93,0.03,668,997282,买盘
13:01:07,14.9,-0.03,102,151979,卖盘
13:01:10,14.9,0.0,10,14900,中性盘
13:01:13,14.9,0.0,244,363586,买盘
13:01:16,14.89,-0.01,22,32806,卖盘
13:01:22,14.9,0.01,10,14900,卖盘
13:01:25,14.9,0.0,51,76006,卖盘
13:01:28,14.9,0.0,29,43220,买盘
13:01:30,14.9,0.0,258,384668,卖盘
13:01:33,14.91,0.01,22,32781,买盘
13:01:36,14.91,0.0,122,181828,买盘
13:01:39,14.89,-0.02,212,315839,卖盘
13:01:42,14.9,0.01,458,682420,买盘
13:01:45,14.9,0.0,371,553148,买盘
13:01:48,14.89,-0.01,167,248716,卖盘
13:01:51,14.92,0.03,45,67084,买盘
13:01:54,14.89,-0.03,22,32764,卖盘
13:01:57,14.9,0.01,8,11918,中性盘
13:02:00,14.9,0.0,5,7451,卖盘
13:02:04,14.89,-0.01,131,195306,卖盘
13:02:06,14.9,0.01,328,488740,买盘
13:02:10,14.9,0.0,313,466891,卖盘
13:02:13,14.9,0.0,10,14900,买盘
13:02:16,14.93,0.03,575,857250,买盘
13:02:18,14.89,-0.04,293,436599,卖盘
13:02:21,14.9,0.01,13,19374,中性盘
13:02:25,14.9,0.0,2,2980,卖盘
13:02:27,14.93,0.03,223,332775,买盘
13:02:31,14.92,-0.01,28,41768,买盘
13:02:34,14.92,0.0,8,11930,买盘
13:02:36,14.91,-0.01,24,35798,中性盘
13:02:39,14.9,-0.01,171,254894,卖盘
13:02:42,14.9,0.0,107,159432,卖盘
13:02:45,14.9,0.0,9,13712,卖盘
13:02:48,14.9,0.0,5,7450,卖盘
13:02:51,14.92,0.02,53,79030,买盘
13:02:54,14.9,-0.02,343,510830,卖盘
13:02:58,14.9,0.0,43,64075,卖盘
13:03:01,14.9,0.0,88,131115,买盘
13:03:05,14.89,-0.01,22,32761,卖盘
13:03:06,14.89,0.0,22,32768,卖盘
13:03:09,14.89,0.0,190,282616,卖盘
13:03:15,14.89,0.0,959,1428138,买盘
13:03:18,14.88,-0.01,909,1354225,卖盘
13:03:21,14.89,0.01,99,147410,买盘
13:03:24,14.89,0.0,128,190558,买盘
13:03:27,14.88,-0.01,313,466294,卖盘
13:03:30,14.89,0.01,14,20847,卖盘
13:03:34,14.89,0.0,96,143030,卖盘
13:03:36,14.89,0.0,275,409478,卖盘
13:03:39,14.9,0.01,29,43204,买盘
13:03:43,14.89,-0.01,154,229324,卖盘
13:03:45,14.89,0.0,28,41692,买盘
13:03:48,14.89,0.0,2,2978,买盘
13:03:52,14.88,-0.01,146,217279,卖盘
13:03:54,14.89,0.01,18,26802,买盘
13:03:57,14.88,-0.01,29,43176,卖盘
13:04:00,14.88,0.0,25,37200,卖盘
13:04:04,14.89,0.01,25,37224,买盘
13:04:07,14.89,0.0,12,17868,卖盘
13:04:10,14.89,0.0,156,232284,卖盘
13:04:13,14.89,0.0,207,308415,卖盘
13:04:15,14.89,0.0,10,14890,卖盘
13:04:18,14.9,0.01,38,56583,买盘
13:04:21,14.89,-0.01,27,40205,卖盘
13:04:24,14.89,0.0,8,11912,卖盘
13:04:27,14.89,0.0,5,7448,卖盘
13:04:30,14.9,0.01,215,320350,买盘
13:04:33,14.89,-0.01,9,13403,卖盘
13:04:37,14.89,0.0,21,31269,卖盘
13:04:40,14.89,0.0,37,55124,卖盘
13:04:42,14.91,0.02,5,7455,买盘
13:04:46,14.9,-0.01,72,107293,卖盘
13:04:48,14.9,0.0,23,34250,买盘
13:04:52,14.9,0.0,6,8940,买盘
13:04:55,14.9,0.0,28,41720,买盘
13:04:58,14.89,-0.01,439,653688,卖盘
13:05:00,14.91,0.02,506,754000,买盘
13:05:04,14.89,-0.02,15,22341,卖盘
13:05:07,14.91,0.02,97,144525,买盘
13:05:10,14.89,-0.02,91,135550,卖盘
13:05:12,14.91,0.02,10,14910,买盘
13:05:16,14.89,-0.02,11,16387,卖盘
13:05:18,14.89,0.0,47,69987,卖盘
13:05:21,14.9,0.01,31,46190,买盘
13:05:25,14.9,0.0,30,44710,卖盘
13:05:28,14.9,0.0,36,53642,卖盘
13:05:31,14.9,0.0,11,16390,卖盘
13:05:34,14.9,0.0,121,180290,卖盘
13:05:37,14.9,0.0,61,90890,卖盘
13:05:39,14.9,0.0,149,222130,卖盘
13:05:42,14.9,0.0,36,53660,卖盘
13:05:45,14.9,0.0,153,227988,卖盘
13:05:48,14.91,0.01,259,385919,买盘
13:05:51,14.91,0.0,121,180323,买盘
13:05:55,14.91,0.0,34,50693,买盘
13:05:57,14.9,-0.01,7,10430,卖盘
13:06:00,14.9,0.0,69,102826,卖盘
13:06:04,14.9,0.0,11,16400,卖盘
13:06:07,14.91,0.01,40,59638,买盘
13:06:10,14.91,0.0,128,190748,买盘
13:06:12,14.91,0.0,8,11922,买盘
13:06:16,14.9,-0.01,8,11920,卖盘
13:06:18,14.9,0.0,391,582594,卖盘
13:06:21,14.9,0.0,41,61090,买盘
13:06:24,14.9,0.0,47,70147,买盘
13:06:28,14.9,0.0,118,175820,买盘
13:06:30,14.9,0.0,23,34264,买盘
13:06:34,14.89,-0.01,327,486913,卖盘
13:06:37,14.9,0.01,26,38735,买盘
13:06:39,14.9,0.0,30,44683,买盘
13:06:42,14.9,0.0,207,308486,买盘
13:06:45,14.89,-0.01,11,16379,卖盘
13:06:49,14.89,0.0,149,221667,卖盘
13:06:51,14.88,-0.01,165,245703,卖盘
13:06:54,14.88,0.0,10,14880,卖盘
13:06:57,14.88,0.0,16,23810,卖盘
13:07:00,14.89,0.01,1,1489,买盘
13:07:04,14.89,0.0,6,8930,买盘
13:07:06,14.89,0.0,98,145827,买盘
13:07:09,14.89,0.0,20,29773,买盘
13:07:12,14.89,0.0,9,13401,买盘
13:07:15,14.89,0.0,52,77421,买盘
13:07:18,14.88,-0.01,29,43162,卖盘
13:07:21,14.89,0.01,7,10421,买盘
13:07:24,14.88,-0.01,51,75919,卖盘
13:07:28,14.88,0.0,323,480950,卖盘
13:07:31,14.9,0.02,42,62560,买盘
13:07:33,14.89,-0.01,64,95306,买盘
13:07:36,14.89,0.0,34,50626,卖盘
13:07:39,14.89,0.0,1048,1561388,卖盘
13:07:42,14.89,0.0,160,238235,卖盘
13:07:45,14.9,0.01,104,154860,买盘
13:07:48,14.9,0.0,51,75955,买盘
13:07:52,14.89,-0.01,6,8934,卖盘
13:07:55,14.9,0.01,350,521161,买盘
13:07:57,14.89,-0.01,13,19362,卖盘
13:08:00,14.9,0.01,12,17878,买盘
13:08:05,14.89,-0.01,51,75939,卖盘
13:08:07,14.9,0.01,223,332268,买盘
13:08:10,14.9,0.0,20,29800,卖盘
13:08:13,14.9,0.0,69,102811,卖盘
13:08:15,14.9,0.0,39,58110,卖盘
13:08:19,14.9,0.0,34,50660,卖盘
13:08:22,14.91,0.01,10,14910,买盘
13:08:25,14.9,-0.01,15,22350,卖盘
13:08:27,14.9,0.0,41,61093,卖盘
13:08:30,14.91,0.01,181,269703,买盘
13:08:33,14.91,0.0,518,772431,买盘
13:08:37,14.91,0.0,50,74550,卖盘
13:08:40,14.91,0.0,190,283277,卖盘
13:08:42,14.91,0.0,3,4473,卖盘
13:08:45,14.91,0.0,11,16401,卖盘
13:08:48,14.91,0.0,13,19383,卖盘
13:08:51,14.91,0.0,15,22365,买盘
13:08:55,14.91,0.0,63,93933,买盘
13:08:57,14.9,-0.01,27,40233,卖盘
13:09:00,14.91,0.01,25,37275,买盘
13:09:04,14.9,-0.01,473,704771,卖盘
13:09:07,14.91,0.01,170,253437,买盘
13:09:10,14.9,-0.01,35,52167,卖盘
13:09:13,14.91,0.01,79,117716,买盘
13:09:16,14.9,-0.01,344,512947,卖盘
13:09:19,14.91,0.01,32,47685,买盘
13:09:21,14.91,0.0,7,10431,买盘
13:09:25,14.91,0.0,7,10437,买盘
13:09:28,14.91,0.0,11,16401,买盘
13:09:31,14.9,-0.01,9,13410,卖盘
13:09:33,14.91,0.01,171,254960,买盘
13:09:36,14.9,-0.01,8,11922,卖盘
13:09:39,14.9,0.0,207,308459,卖盘
13:09:42,14.9,0.0,7,10432,卖盘
13:09:45,14.9,0.0,209,311410,卖盘
13:09:48,14.91,0.01,95,141629,买盘
13:09:51,14.9,-0.01,318,474158,卖盘
13:09:54,14.91,0.01,22,32802,买盘
13:09:57,14.91,0.0,431,642656,卖盘
13:10:00,14.91,0.0,54,80564,卖盘
13:10:04,14.91,0.0,54,80515,卖盘
13:10:06,14.91,0.0,83,123729,卖盘
13:10:09,14.92,0.01,988,1475300,中性盘
13:10:12,14.93,0.01,251,374936,卖盘
13:10:16,14.93,0.0,25,37325,买盘
13:10:18,14.93,0.0,37,55239,买盘
13:10:22,14.94,0.01,179,267392,买盘
13:10:24,14.94,0.0,44,65731,买盘
13:10:27,14.91,-0.03,109,162793,卖盘
13:10:30,14.93,0.02,67,99971,买盘
13:10:33,14.91,-0.02,100,149259,卖盘
13:10:36,14.93,0.02,135,201479,买盘
13:10:39,14.93,0.0,21,31350,买盘
13:10:42,14.93,0.0,7,10441,买盘
13:10:45,14.93,0.0,19,28351,买盘
13:10:48,14.92,-0.01,69,102927,中性盘
13:10:52,14.92,0.0,51,76114,买盘
13:10:55,14.91,-0.01,68,101450,卖盘
13:10:57,14.92,0.01,557,831577,卖盘
13:11:01,14.93,0.01,258,385188,买盘
13:11:05,14.92,-0.01,12,17911,卖盘
13:11:07,14.93,0.01,43,64171,买盘
13:11:10,14.92,-0.01,5,7460,卖盘
13:11:12,14.92,0.0,64,95550,卖盘
13:11:15,14.92,0.0,10,14926,卖盘
13:11:19,14.93,0.01,20,29860,卖盘
13:11:21,14.93,0.0,65,97002,买盘
13:11:24,14.93,0.0,80,119440,买盘
13:11:28,14.93,0.0,43,64210,买盘
13:11:31,14.93,0.0,11,16430,中性盘
13:11:33,14.92,-0.01,37,55228,卖盘
13:11:36,14.94,0.02,20,29876,买盘
13:11:39,14.93,-0.01,4,5972,买盘
13:11:42,14.92,-0.01,694,1036778,卖盘
13:11:45,14.93,0.01,13,19409,中性盘
13:11:48,14.93,0.0,267,398697,卖盘
13:11:51,14.94,0.01,204,304492,买盘
13:11:55,14.94,0.0,207,309217,卖盘
13:11:58,14.94,0.0,69,103147,买盘
13:12:01,14.93,-0.01,11,16424,卖盘
13:12:05,14.94,0.01,77,114987,买盘
13:12:07,14.93,-0.01,119,177674,卖盘
13:12:10,14.94,0.01,23,34362,买盘
13:12:15,14.93,-0.01,19,28377,卖盘
13:12:18,14.94,0.01,89,132893,买盘
13:12:22,14.94,0.0,13,19414,买盘
13:12:25,14.94,0.0,29,43298,买盘
13:12:27,14.93,-0.01,631,942098,卖盘
13:12:31,14.94,0.01,250,373626,买盘
13:12:34,14.94,0.0,18,26870,买盘
13:12:37,14.94,0.0,75,111980,买盘
13:12:39,14.94,0.0,62,92561,买盘
13:12:43,14.92,-0.02,60,89526,卖盘
13:12:45,14.94,0.02,58,86640,买盘
13:12:48,14.94,0.0,292,436080,买盘
13:12:51,14.94,0.0,572,854568,卖盘
13:12:54,14.94,0.0,276,412294,卖盘
13:12:57,14.94,0.0,120,179249,买盘
13:13:00,14.93,-0.01,75,111975,卖盘
13:13:04,14.95,0.02,873,1304658,买盘
13:13:06,14.92,-0.03,64,95493,卖盘
13:13:09,14.92,0.0,15,22392,卖盘
13:13:13,14.93,0.01,8,11939,买盘
13:13:15,14.93,0.0,125,186599,买盘
13:13:18,14.93,0.0,46,68649,买盘
13:13:21,14.93,0.0,49,73151,买盘
13:13:24,14.93,0.0,288,429939,买盘
13:13:28,14.92,-0.01,33,49239,卖盘
13:13:30,14.93,0.01,38,56734,买盘
13:13:33,14.92,-0.01,171,255282,卖盘
13:13:37,14.93,0.01,357,532999,买盘
13:13:39,14.93,0.0,261,389614,买盘
13:13:43,14.92,-0.01,10,14920,卖盘
13:13:45,14.92,0.0,12,17905,卖盘
13:13:48,14.92,0.0,108,161137,卖盘
13:13:52,14.93,0.01,63,94058,买盘
13:13:55,14.92,-0.01,27,40288,卖盘
13:13:57,14.93,0.01,26,38818,买盘
13:14:01,14.92,-0.01,39,58218,卖盘
13:14:04,14.92,0.0,11,16422,卖盘
13:14:06,14.92,0.0,21,31332,卖盘
13:14:09,14.94,0.02,224,334445,买盘
13:14:13,14.93,-0.01,12,17916,中性盘
13:14:16,14.93,0.0,6,8958,卖盘
13:14:18,14.93,0.0,76,113399,卖盘
13:14:21,14.93,0.0,6,8958,买盘
13:14:24,14.94,0.01,166,247843,买盘
13:14:27,14.93,-0.01,6,8959,卖盘
13:14:30,14.92,-0.01,22,32844,卖盘
13:14:33,14.92,0.0,6,8954,卖盘
13:14:36,14.93,0.01,104,155268,买盘
13:14:40,14.93,0.0,42,62669,买盘
13:14:42,14.92,-0.01,131,195607,卖盘
13:14:45,14.92,0.0,57,85051,卖盘
13:14:49,14.93,0.01,81,120933,买盘
13:14:52,14.93,0.0,5,7465,卖盘
13:14:54,14.93,0.0,27,40311,卖盘
13:14:58,14.94,0.01,40,59722,买盘
13:15:01,14.93,-0.01,40,59752,卖盘
13:15:04,14.93,0.0,70,104517,卖盘
13:15:07,14.93,0.0,13,19407,买盘
13:15:10,14.93,0.0,500,746787,买盘
13:15:12,14.93,0.0,11,16417,买盘
13:15:16,14.93,0.0,211,315013,买盘
13:15:18,14.93,0.0,10,14927,买盘
13:15:24,14.93,0.0,15,22389,买盘
13:15:27,14.93,0.0,15,22395,买盘
13:15:30,14.92,-0.01,25,37309,卖盘
13:15:33,14.92,0.0,826,1233212,卖盘
13:15:37,14.92,0.0,2,2984,卖盘
13:15:39,14.92,0.0,25,37320,卖盘
13:15:42,14.92,0.0,39,58188,卖盘
13:15:46,14.92,0.0,12,17904,卖盘
13:15:48,14.92,0.0,253,377700,卖盘
13:15:52,14.93,0.01,731,1091383,买盘
13:15:55,14.93,0.0,67,100031,卖盘
13:15:57,14.93,0.0,9,13437,卖盘
13:16:01,14.93,0.0,32,47803,卖盘
13:16:04,14.93,0.0,59,88087,卖盘
13:16:07,14.93,0.0,63,94099,卖盘
13:16:10,14.94,0.01,128,191107,买盘
13:16:12,14.94,0.0,5,7470,买盘
13:16:18,14.94,0.0,22,32860,买盘
13:16:22,14.94,0.0,284,424261,买盘
13:16:25,14.93,-0.01,45,67209,卖盘
13:16:27,14.93,0.0,13,18744,卖盘
13:16:30,14.94,0.01,13,19417,买盘
13:16:34,14.93,-0.01,14,20906,卖盘
13:16:37,14.94,0.01,4,5974,买盘
13:16:39,14.93,-0.01,102,152288,卖盘
13:16:43,14.93,0.0,29,43300,卖盘
13:16:45,14.94,0.01,162,241972,买盘
13:16:48,14.93,-0.01,67,100739,卖盘
13:16:52,14.93,0.0,117,174781,卖盘
13:16:54,14.94,0.01,158,236051,买盘
13:16:58,14.93,-0.01,4,5972,卖盘
13:17:01,14.93,0.0,9,13437,卖盘
13:17:04,14.94,0.01,13,19416,买盘
13:17:07,14.93,-0.01,13,19409,卖盘
13:17:09,14.94,0.01,5,7470,买盘
13:17:12,14.93,-0.01,34,49927,卖盘
13:17:15,14.93,0.0,3,4479,卖盘
13:17:18,14.93,0.0,2,2986,卖盘
13:17:21,14.94,0.01,19,28386,买盘
13:17:24,14.93,-0.01,5,7465,卖盘
13:17:27,14.94,0.01,288,430270,买盘
13:17:30,14.93,-0.01,75,111986,卖盘
13:17:33,14.93,0.0,11,16433,卖盘
13:17:36,14.93,0.0,27,40311,卖盘
13:17:40,14.93,0.0,57,85728,卖盘
13:17:42,14.93,0.0,10,14930,卖盘
13:17:46,14.93,0.0,10,14930,卖盘
13:17:49,14.93,0.0,42,62707,卖盘
13:17:51,14.93,0.0,10,14930,卖盘
13:17:54,14.94,0.01,9,13446,买盘
13:17:57,14.94,0.0,79,117976,买盘
13:18:01,14.94,0.0,159,236677,买盘
13:18:04,14.93,-0.01,252,377468,卖盘
13:18:07,14.94,0.01,13,19414,买盘
13:18:10,14.93,-0.01,158,235942,卖盘
13:18:12,14.92,-0.01,194,289473,卖盘
13:18:15,14.93,0.01,8,11944,卖盘
13:18:18,14.93,0.0,30,44815,卖盘
13:18:21,14.93,0.0,29,43301,卖盘
13:18:24,14.93,0.0,12,17922,买盘
13:18:27,14.92,-0.01,45,67156,卖盘
13:18:31,14.92,0.0,37,55211,卖盘
13:18:34,14.94,0.02,185,276274,买盘
13:18:36,14.93,-0.01,80,119438,买盘
13:18:42,14.93,0.0,47,70171,卖盘
13:18:45,14.93,0.0,112,167216,卖盘
13:18:48,14.93,0.0,128,191103,卖盘
13:18:51,14.92,-0.01,68,101505,卖盘
13:18:54,14.93,0.01,5,7465,买盘
13:18:57,14.92,-0.01,7,10445,卖盘
13:19:00,14.93,0.01,18,26874,买盘
13:19:04,14.92,-0.01,20,29853,卖盘
13:19:07,14.93,0.01,156,232896,买盘
13:19:10,14.92,-0.01,1093,1630805,卖盘
13:19:12,14.92,0.0,200,298399,买盘
13:19:16,14.92,0.0,8,11932,买盘
13:19:18,14.91,-0.01,4,5965,卖盘
13:19:21,14.91,0.0,40,59650,卖盘
13:19:24,14.92,0.01,620,925020,买盘
13:19:27,14.93,0.01,4,5969,买盘
13:19:30,14.92,-0.01,48,71616,卖盘
13:19:33,14.92,0.0,36,53730,卖盘
13:19:36,14.92,0.0,82,122344,卖盘
13:19:39,14.94,0.02,468,698870,买盘
13:19:42,14.92,-0.02,40,59680,卖盘
13:19:45,14.92,0.0,19,28348,卖盘
13:19:48,14.92,0.0,5,7460,卖盘
13:19:54,14.94,0.02,44,65735,买盘
13:19:57,14.93,-0.01,48,71684,卖盘
13:20:00,14.92,-0.01,344,513563,卖盘
13:20:04,14.93,0.01,18,26891,卖盘
13:20:06,14.93,0.0,67,100082,卖盘
13:20:10,14.94,0.01,676,1008868,买盘
13:20:12,14.95,0.01,443,662240,买盘
13:20:15,14.94,-0.01,1259,1883272,卖盘
13:20:19,14.95,0.01,74,109552,买盘
13:20:22,14.94,-0.01,42,62781,卖盘
13:20:24,14.95,0.01,3,4485,买盘
13:20:27,14.95,0.0,2,2990,买盘
13:20:30,14.94,-0.01,10,14940,卖盘
13:20:33,14.95,0.01,74,110617,买盘
13:20:36,14.94,-0.01,111,166912,卖盘
13:20:39,14.94,0.0,3,4482,买盘
13:20:42,14.94,0.0,66,98600,买盘
13:20:46,14.95,0.01,204,303806,买盘
13:20:49,14.94,-0.01,309,461932,卖盘
13:20:52,14.94,0.0,1,1494,卖盘
13:20:55,14.94,0.0,56,83714,卖盘
13:21:01,14.94,0.0,14,20929,卖盘
13:21:04,14.94,0.0,39,58299,卖盘
13:21:07,14.95,0.01,4,5978,买盘
13:21:10,14.94,-0.01,47,70230,卖盘
13:21:13,14.95,0.01,63,94136,买盘
13:21:15,14.94,-0.01,105,156970,卖盘
13:21:19,14.95,0.01,154,230214,买盘
13:21:21,14.95,0.0,12,17940,买盘
13:21:28,14.95,0.0,48,71755,买盘
13:21:31,14.94,-0.01,39,58279,卖盘
13:21:34,14.95,0.01,369,551623,买盘
13:21:37,14.95,0.0,14,20928,买盘
13:21:39,14.95,0.0,35,52320,买盘
13:21:42,14.95,0.0,29,43338,买盘
13:21:45,14.94,-0.01,212,316755,卖盘
13:21:48,14.94,0.0,6,8964,卖盘
13:21:51,14.95,0.01,214,319905,买盘
13:21:55,14.94,-0.01,168,250993,卖盘
13:21:58,14.95,0.01,11,16445,买盘
13:22:01,14.94,-0.01,47,70223,卖盘
13:22:05,14.95,0.01,66,98669,买盘
13:22:07,14.95,0.0,33,49333,买盘
13:22:10,14.94,-0.01,105,158017,卖盘
13:22:13,14.94,0.0,3,4482,买盘
13:22:16,14.93,-0.01,371,553910,卖盘
13:22:18,14.93,0.0,197,294101,买盘
13:22:22,14.92,-0.01,316,471790,卖盘
13:22:24,14.94,0.02,148,220011,买盘
13:22:27,14.94,0.0,23,34362,卖盘
13:22:31,14.94,0.0,6,8964,卖盘
13:22:33,14.95,0.01,158,236203,买盘
13:22:36,14.95,0.0,15,22422,卖盘
13:22:43,14.95,0.0,1,1495,卖盘
13:22:46,14.95,0.0,1013,1515435,卖盘
13:22:49,14.95,0.0,3,4484,买盘
13:22:51,14.95,0.0,30,44828,买盘
13:22:54,14.95,0.0,74,110630,买盘
13:22:58,14.97,0.02,251,375699,买盘
13:23:00,14.95,-0.02,2,2990,卖盘
13:23:05,14.96,0.01,1,1496,卖盘
13:23:07,14.96,0.0,19,28424,卖盘
13:23:10,14.96,0.0,23,34420,卖盘
13:23:12,14.96,0.0,20,29920,卖盘
13:23:18,14.96,0.0,58,86781,卖盘
13:23:21,14.96,0.0,28,41893,卖盘
13:23:24,14.96,0.0,48,71808,卖盘
13:23:27,14.96,0.0,201,300692,买盘
13:23:31,14.97,0.01,109,163164,买盘
13:23:33,14.96,-0.01,255,381666,卖盘
13:23:37,14.96,0.0,12,17962,卖盘
13:23:40,14.96,0.0,218,326132,卖盘
13:23:43,14.97,0.01,18,26946,买盘
13:23:46,14.96,-0.01,60,89760,卖盘
13:23:49,14.96,0.0,62,92782,卖盘
13:23:51,14.96,0.0,52,78166,卖盘
13:23:54,14.97,0.01,80,119690,买盘
13:23:57,14.97,0.0,34,50851,买盘
13:24:00,14.96,-0.01,2,2992,卖盘
13:24:05,14.95,-0.01,159,237731,卖盘
13:24:07,14.96,0.01,223,333664,买盘
13:24:10,14.97,0.01,81,121182,买盘
13:24:12,14.96,-0.01,24,35904,卖盘
13:24:16,14.96,0.0,6,8976,卖盘
13:24:18,14.95,-0.01,78,116693,卖盘
13:24:22,14.95,0.0,31,46345,卖盘
13:24:24,14.96,0.01,54,80775,买盘
13:24:28,14.96,0.0,37,55351,买盘
13:24:30,14.96,0.0,385,575610,买盘
13:24:34,14.96,0.0,18,26928,卖盘
13:24:37,14.96,0.0,136,203506,卖盘
13:24:39,14.96,0.0,212,317347,卖盘
13:24:43,14.96,0.0,31,46376,卖盘
13:24:46,14.96,0.0,156,233376,卖盘
13:24:48,14.97,0.01,123,184120,买盘
13:24:57,14.97,0.0,9,13468,买盘
13:25:00,14.97,0.0,42,62838,买盘
13:25:04,14.96,-0.01,118,176533,卖盘
13:25:07,14.97,0.01,13,19451,买盘
13:25:10,14.97,0.0,166,248488,买盘
13:25:12,14.96,-0.01,46,68842,卖盘
13:25:16,14.96,0.0,55,82330,卖盘
13:25:18,14.97,0.01,51,76322,买盘
13:25:21,14.96,-0.01,149,223039,卖盘
13:25:25,14.97,0.01,17,25437,买盘
13:25:28,14.97,0.0,2,2994,买盘
13:25:30,14.96,-0.01,21,31416,卖盘
13:25:33,14.96,0.0,243,363528,卖盘
13:25:36,14.97,0.01,26,38909,买盘
13:25:39,14.97,0.0,34,50671,买盘
13:25:42,14.96,-0.01,6,8976,卖盘
13:25:45,14.96,0.0,195,291894,卖盘
13:25:48,14.96,0.0,42,62862,卖盘
13:25:52,14.96,0.0,31,46401,卖盘
13:25:55,14.96,0.0,44,65825,卖盘
13:25:58,14.96,0.0,191,285926,卖盘
13:26:01,14.96,0.0,69,103224,卖盘
13:26:05,14.97,0.01,17,25442,买盘
13:26:07,14.96,-0.01,84,125664,卖盘
13:26:12,14.97,0.01,91,136221,买盘
13:26:16,14.97,0.0,203,303816,买盘
13:26:21,14.97,0.0,2,2994,买盘
13:26:24,14.96,-0.01,63,94278,卖盘
13:26:28,14.97,0.01,19,28432,买盘
13:26:30,14.96,-0.01,55,82334,卖盘
13:26:34,14.96,0.0,21,31415,买盘
13:26:36,14.95,-0.01,93,139083,卖盘
13:26:40,14.96,0.01,69,103224,买盘
13:26:42,14.96,0.0,7,10472,卖盘
13:26:46,14.96,0.0,18,26928,卖盘
13:26:49,14.97,0.01,337,504273,买盘
13:26:55,14.96,-0.01,11,16457,卖盘
13:26:58,14.96,0.0,25,37400,卖盘
13:27:00,14.97,0.01,44,65825,买盘
13:27:04,14.96,-0.01,1,1496,卖盘
13:27:06,14.96,0.0,44,65827,卖盘
13:27:09,14.97,0.01,30,44895,买盘
13:27:12,14.96,-0.01,493,737572,卖盘
13:27:15,14.96,0.0,15,22440,买盘
13:27:18,14.95,-0.01,33,49336,卖盘
13:27:21,14.96,0.01,201,300690,买盘
13:27:24,14.95,-0.01,70,104700,卖盘
13:27:27,14.96,0.01,32,47872,买盘
13:27:31,14.95,-0.01,290,433550,卖盘
13:27:33,14.96,0.01,7,10471,买盘
13:27:37,14.95,-0.01,54,80771,卖盘
13:27:40,14.94,-0.01,133,198581,卖盘
13:27:43,14.94,0.0,101,150938,卖盘
13:27:45,14.94,0.0,93,138945,卖盘
13:27:49,14.94,0.0,85,126990,卖盘
13:27:51,14.93,-0.01,66,99684,卖盘
13:27:55,14.95,0.02,195,291013,买盘
13:27:57,14.93,-0.02,37,55241,卖盘
13:28:01,14.93,0.0,106,158258,卖盘
13:28:04,14.94,0.01,78,116456,中性盘
13:28:07,14.93,-0.01,10,14938,卖盘
13:28:10,14.94,0.01,21,31363,买盘
13:28:12,14.93,-0.01,25,37327,卖盘
13:28:16,14.93,0.0,5,7465,卖盘
13:28:18,14.93,0.0,13,19409,卖盘
13:28:22,14.93,0.0,8,11944,卖盘
13:28:24,14.94,0.01,49,73203,买盘
13:28:27,14.94,0.0,511,763043,买盘
13:28:30,14.94,0.0,10,14936,买盘
13:28:33,14.93,-0.01,24,35855,卖盘
13:28:36,14.93,0.0,49,73158,卖盘
13:28:39,14.94,0.01,36,53784,买盘
13:28:43,14.94,0.0,1,1494,卖盘
13:28:46,14.94,0.0,129,192727,卖盘
13:28:48,14.93,-0.01,122,182242,卖盘
13:28:51,14.93,0.0,87,129907,卖盘
13:28:54,14.94,0.01,16,23900,买盘
13:28:57,14.93,-0.01,75,111975,卖盘
13:29:00,14.95,0.02,216,322866,买盘
13:29:06,14.93,-0.02,163,243360,卖盘
13:29:09,14.93,0.0,27,40332,卖盘
13:29:12,14.94,0.01,45,67197,买盘
13:29:15,14.94,0.0,25,37348,买盘
13:29:18,14.93,-0.01,423,631539,卖盘
13:29:21,14.94,0.01,90,134443,买盘
13:29:24,14.94,0.0,1,1494,卖盘
13:29:28,14.94,0.0,12,17930,卖盘
13:29:31,14.94,0.0,56,83664,卖盘
13:29:34,14.95,0.01,199,297496,买盘
13:29:37,14.94,-0.01,17,25428,卖盘
13:29:40,14.94,0.0,32,47748,买盘
13:29:43,14.94,0.0,38,56747,买盘
13:29:45,14.93,-0.01,65,97397,卖盘
13:29:48,14.93,0.0,102,152470,买盘
13:29:51,14.93,0.0,38,56768,卖盘
13:29:55,14.94,0.01,14,20916,中性盘
13:29:57,14.94,0.0,12,17923,卖盘
13:30:01,14.93,-0.01,1,1493,卖盘
13:30:05,14.93,0.0,17,25386,卖盘
13:30:07,14.95,0.02,135,201702,买盘
13:30:09,14.93,-0.02,12,17916,卖盘
13:30:12,14.94,0.01,7,10455,中性盘
13:30:15,14.94,0.0,7,10458,卖盘
13:30:19,14.94,0.0,85,126990,卖盘
13:30:21,14.94,0.0,3,4482,卖盘
13:30:25,14.94,0.0,13,19431,卖盘
13:30:27,14.94,0.0,33,49319,卖盘
13:30:30,14.94,0.0,12,18227,卖盘
13:30:34,14.95,0.01,49,73249,买盘
13:30:36,14.94,-0.01,27,40338,卖盘
13:30:39,14.95,0.01,134,200265,买盘
13:30:43,14.95,0.0,27,40363,买盘
13:30:45,14.94,-0.01,14,20916,卖盘
13:30:48,14.95,0.01,16,22506,买盘
13:30:54,14.95,0.0,62,92638,买盘
13:30:57,14.94,-0.01,4,5976,卖盘
13:31:01,14.94,0.0,5,7470,卖盘
13:31:04,14.94,0.0,14,20916,卖盘
13:31:07,14.94,0.0,118,176294,卖盘
13:31:09,14.94,0.0,34,51603,卖盘
13:31:12,14.94,0.0,478,714232,卖盘
13:31:15,14.94,0.0,169,252861,卖盘
13:31:22,14.93,-0.01,5,7465,卖盘
13:31:24,14.93,0.0,56,83628,卖盘
13:31:28,14.94,0.01,98,146316,买盘
13:31:33,14.93,-0.01,39,58263,卖盘
13:31:36,14.93,0.0,3,4479,卖盘
13:31:39,14.93,0.0,220,328470,卖盘
13:31:43,14.93,0.0,28,41792,卖盘
13:31:46,14.93,0.0,25,37332,买盘
13:31:49,14.93,0.0,202,301711,买盘
13:31:51,14.92,-0.01,11,16413,卖盘
13:31:54,14.92,0.0,21,31345,卖盘
13:31:57,14.92,0.0,7,10448,卖盘
13:32:00,14.92,0.0,6,8952,卖盘
13:32:04,14.92,0.0,6,8955,卖盘
13:32:07,14.92,0.0,25,37300,卖盘
13:32:10,14.92,0.0,24,35808,卖盘
13:32:13,14.93,0.01,119,177553,买盘
13:32:15,14.92,-0.01,23,34330,卖盘
13:32:18,14.92,0.0,38,56696,卖盘
13:32:22,14.93,0.01,73,108989,买盘
13:32:24,14.92,-0.01,152,226786,卖盘
13:32:28,14.92,0.0,87,129868,卖盘
13:32:30,14.92,0.0,93,138764,卖盘
13:32:33,14.92,0.0,133,198443,卖盘
13:32:36,14.93,0.01,54,80620,买盘
13:32:40,14.92,-0.01,8,11936,卖盘
13:32:43,14.93,0.01,83,123839,买盘
13:32:45,14.92,-0.01,789,1177203,卖盘
13:32:49,14.91,-0.01,209,311823,卖盘
13:32:52,14.92,0.01,8,11936,买盘
13:32:54,14.92,0.0,417,620993,买盘
13:32:57,14.92,0.0,84,125328,中性盘
13:33:00,14.91,-0.01,21,31323,卖盘
13:33:04,14.92,0.01,36,53708,买盘
13:33:06,14.93,0.01,219,326567,买盘
13:33:10,14.93,0.0,9,13430,买盘
13:33:12,14.92,-0.01,8,11936,卖盘
13:33:16,14.92,0.0,64,95488,卖盘
13:33:18,14.92,0.0,55,82060,卖盘
13:33:22,14.92,0.0,88,131296,卖盘
13:33:24,14.92,0.0,181,270199,买盘
13:33:28,14.93,0.01,157,234374,买盘
13:33:30,14.92,-0.01,17,25373,卖盘
13:33:34,14.92,0.0,92,137246,卖盘
13:33:36,14.93,0.01,321,478993,买盘
