time,price,change,volume,amount,type
09:25:00,15.27,0.03,3005,4588635,卖盘
09:30:00,15.28,0.01,279,426312,买盘
09:30:04,15.28,0.0,2778,4245879,卖盘
09:30:07,15.29,0.01,1460,2231384,买盘
09:30:10,15.29,0.0,1174,1794099,买盘
09:30:13,15.27,-0.02,806,1231797,卖盘
09:30:15,15.29,0.02,1268,1940450,买盘
09:30:18,15.27,-0.02,457,698845,卖盘
09:30:21,15.3,0.03,169,258693,卖盘
09:30:25,15.29,-0.01,230,351728,卖盘
09:30:27,15.29,0.0,100,152839,买盘
09:30:31,15.3,0.01,236,360865,买盘
09:30:33,15.3,0.0,439,671858,买盘
09:30:36,15.3,0.0,553,846133,卖盘
09:30:40,15.32,0.02,689,1054839,买盘
09:30:43,15.31,-0.01,76,116354,中性盘
09:30:46,15.33,0.02,749,1148419,买盘
09:30:48,15.33,0.0,292,447493,买盘
09:30:52,15.33,0.0,319,488832,买盘
09:30:54,15.33,0.0,574,879940,买盘
09:30:57,15.33,0.0,141,216151,买盘
09:31:01,15.33,0.0,382,585339,买盘
09:31:05,15.34,0.01,392,601047,买盘
09:31:07,15.33,-0.01,103,157976,买盘
09:31:10,15.33,0.0,529,810554,买盘
09:31:12,15.33,0.0,311,476662,买盘
09:31:15,15.31,-0.02,1125,1723914,卖盘
09:31:18,15.33,0.02,96,147156,买盘
09:31:21,15.32,-0.01,612,938121,卖盘
09:31:25,15.33,0.01,73,111889,买盘
09:31:27,15.31,-0.02,87,133280,卖盘
09:31:31,15.32,0.01,1194,1828131,买盘
09:31:33,15.32,0.0,1170,1789847,买盘
09:31:36,15.32,0.0,423,647254,买盘
09:31:40,15.31,-0.01,88,134659,买盘
09:31:43,15.31,0.0,203,310678,买盘
09:31:46,15.31,0.0,259,396431,买盘
09:31:48,15.29,-0.02,310,474422,卖盘
09:31:51,15.3,0.01,78,119301,中性盘
09:31:54,15.3,0.0,355,542617,买盘
09:31:57,15.29,-0.01,232,354889,中性盘
09:32:00,15.28,-0.01,137,209450,卖盘
09:32:04,15.28,0.0,624,953996,卖盘
09:32:06,15.3,0.02,636,971467,买盘
09:32:09,15.3,0.0,69,105512,买盘
09:32:12,15.31,0.01,101,154499,买盘
09:32:16,15.3,-0.01,131,200403,卖盘
09:32:18,15.29,-0.01,112,171238,买盘
09:32:22,15.29,0.0,488,745746,买盘
09:32:24,15.29,0.0,483,738388,中性盘
09:32:27,15.29,0.0,258,394275,买盘
09:32:30,15.29,0.0,306,467874,卖盘
09:32:33,15.29,0.0,50,76480,中性盘
09:32:36,15.3,0.01,268,409816,买盘
09:32:39,15.29,-0.01,335,512371,中性盘
09:32:42,15.28,-0.01,107,163567,卖盘
09:32:46,15.28,0.0,699,1068074,卖盘
09:32:49,15.28,0.0,175,267400,买盘
09:32:52,15.27,-0.01,48,73306,卖盘
09:32:55,15.28,0.01,192,293272,买盘
09:32:58,15.27,-0.01,411,627597,卖盘
09:33:00,15.27,0.0,96,146592,买盘
09:33:04,15.26,-0.01,95,145011,卖盘
09:33:07,15.26,0.0,106,161850,卖盘
09:33:10,15.26,0.0,868,1324697,卖盘
09:33:12,15.27,0.01,1437,2193507,买盘
09:33:15,15.27,0.0,362,552549,中性盘
09:33:18,15.25,-0.02,840,1282221,卖盘
09:33:21,15.27,0.02,79,120633,买盘
09:33:24,15.26,-0.01,115,175524,卖盘
09:33:28,15.26,0.0,152,231952,卖盘
09:33:30,15.25,-0.01,121,184549,卖盘
09:33:33,15.26,0.01,806,1230362,买盘
09:33:37,15.25,-0.01,163,248664,卖盘
09:33:39,15.25,0.0,182,277727,卖盘
09:33:43,15.25,0.0,701,1069102,卖盘
09:33:45,15.25,0.0,81,123505,买盘
09:33:48,15.24,-0.01,206,314103,卖盘
09:33:51,15.25,0.01,42,64050,买盘
09:33:54,15.25,0.0,98,149515,卖盘
09:33:58,15.25,0.0,46,70190,卖盘
09:34:00,15.25,0.0,365,556235,买盘
09:34:04,15.25,0.0,154,234758,买盘
09:34:07,15.23,-0.02,65,99347,卖盘
09:34:10,15.24,0.01,58,88392,买盘
09:34:12,15.23,-0.01,376,572656,卖盘
09:34:16,15.22,-0.01,174,264994,卖盘
09:34:19,15.23,0.01,147,223771,中性盘
09:34:22,15.22,-0.01,169,257144,卖盘
09:34:24,15.21,-0.01,106,161249,卖盘
09:34:28,15.21,0.0,1038,1578366,卖盘
09:34:30,15.2,-0.01,475,722061,卖盘
09:34:34,15.21,0.01,1235,1878231,买盘
09:34:36,15.2,-0.01,136,206637,买盘
09:34:39,15.2,0.0,177,268949,买盘
09:34:43,15.2,0.0,91,138249,买盘
09:34:45,15.2,0.0,248,376870,买盘
09:34:48,15.19,-0.01,105,159514,卖盘
09:34:51,15.19,0.0,187,284062,买盘
09:34:55,15.19,0.0,49,74431,买盘
09:34:58,15.19,0.0,103,156457,卖盘
09:35:00,15.2,0.01,56,85104,买盘
09:35:04,15.19,-0.01,120,182325,卖盘
09:35:06,15.19,0.0,88,133691,卖盘
09:35:09,15.19,0.0,237,360014,卖盘
09:35:12,15.2,0.01,192,291797,买盘
09:35:16,15.19,-0.01,54,82058,卖盘
09:35:18,15.2,0.01,75,113987,买盘
09:35:22,15.2,0.0,257,390600,买盘
09:35:24,15.2,0.0,92,139828,买盘
09:35:28,15.2,0.0,392,595653,买盘
09:35:30,15.2,0.0,161,244646,买盘
09:35:34,15.2,0.0,152,231039,买盘
09:35:36,15.19,-0.01,2946,4469645,卖盘
09:35:39,15.19,0.0,63,95708,买盘
09:35:43,15.19,0.0,552,838530,卖盘
09:35:45,15.19,0.0,131,199045,卖盘
09:35:48,15.19,0.0,1103,1676043,卖盘
09:35:51,15.2,0.01,154,233964,买盘
09:35:55,15.2,0.0,231,350951,买盘
09:35:58,15.19,-0.01,162,246153,卖盘
09:36:01,15.2,0.01,220,334380,买盘
09:36:04,15.19,-0.01,131,199024,卖盘
09:36:07,15.2,0.01,287,435994,买盘
09:36:09,15.18,-0.02,312,473767,卖盘
09:36:13,15.2,0.02,39,59276,买盘
09:36:16,15.19,-0.01,264,400883,卖盘
09:36:18,15.19,0.0,152,230837,卖盘
09:36:21,15.2,0.01,34,51673,买盘
09:36:25,15.17,-0.03,392,595398,卖盘
09:36:27,15.2,0.03,1145,1739886,买盘
09:36:31,15.19,-0.01,89,135189,买盘
09:36:34,15.19,0.0,30,45570,买盘
09:36:36,15.18,-0.01,88,133666,卖盘
09:36:39,15.19,0.01,75,113910,买盘
09:36:42,15.19,0.0,99,150381,卖盘
09:36:45,15.18,-0.01,127,192848,卖盘
09:36:49,15.18,0.0,355,539190,卖盘
09:36:52,15.19,0.01,102,154989,买盘
09:36:55,15.19,0.0,1335,2027811,中性盘
09:36:57,15.2,0.01,233,353971,买盘
09:37:00,15.2,0.0,227,344987,买盘
09:37:04,15.2,0.0,173,262942,买盘
09:37:07,15.2,0.0,80,121693,卖盘
09:37:09,15.2,0.0,33,50160,卖盘
09:37:12,15.2,0.0,198,301113,卖盘
09:37:16,15.21,0.01,208,316516,卖盘
09:37:18,15.22,0.01,24,36525,买盘
09:37:22,15.22,0.0,50,76071,买盘
09:37:24,15.21,-0.01,117,178076,卖盘
09:37:28,15.23,0.02,51,77652,买盘
09:37:30,15.23,0.0,51,77625,买盘
09:37:34,15.24,0.01,575,875766,买盘
09:37:36,15.23,-0.01,140,213279,卖盘
09:37:40,15.24,0.01,34,51792,买盘
09:37:43,15.24,0.0,34,51816,买盘
09:37:46,15.23,-0.01,218,332147,卖盘
09:37:49,15.23,0.0,112,170683,卖盘
09:37:51,15.24,0.01,44,67056,买盘
09:37:55,15.24,0.0,170,259062,买盘
09:37:57,15.24,0.0,279,425143,买盘
09:38:00,15.24,0.0,247,376328,买盘
09:38:04,15.24,0.0,577,879003,买盘
09:38:06,15.24,0.0,655,997836,买盘
09:38:09,15.23,-0.01,417,635129,卖盘
09:38:13,15.23,0.0,629,957967,卖盘
09:38:15,15.23,0.0,74,112704,买盘
09:38:19,15.23,0.0,87,132453,买盘
09:38:21,15.24,0.01,191,291057,买盘
09:38:24,15.23,-0.01,20,30460,卖盘
09:38:27,15.23,0.0,226,344270,卖盘
09:38:30,15.23,0.0,71,108175,卖盘
09:38:34,15.24,0.01,738,1125072,买盘
09:38:36,15.23,-0.01,191,290954,卖盘
09:38:40,15.24,0.01,245,373372,买盘
09:38:42,15.24,0.0,78,118872,买盘
09:38:45,15.23,-0.01,81,123440,卖盘
09:38:48,15.24,0.01,163,248777,买盘
09:38:52,15.25,0.01,62,94541,买盘
09:38:55,15.24,-0.01,132,201241,卖盘
09:38:57,15.25,0.01,20,30500,买盘
09:39:01,15.25,0.0,1701,2592409,买盘
09:39:04,15.26,0.01,115,175389,买盘
09:39:06,15.25,-0.01,26,39650,买盘
09:39:09,15.25,0.0,632,963810,卖盘
09:39:13,15.25,0.0,130,198299,卖盘
09:39:15,15.26,0.01,82,125060,买盘
09:39:19,15.25,-0.01,99,151295,卖盘
09:39:21,15.25,0.0,209,318476,卖盘
09:39:25,15.26,0.01,376,573327,买盘
09:39:28,15.25,-0.01,59,90004,中性盘
09:39:30,15.24,-0.01,163,248487,卖盘
09:39:33,15.25,0.01,500,762500,中性盘
09:39:36,15.26,0.01,85,129700,买盘
09:39:40,15.26,0.0,287,437743,买盘
09:39:42,15.25,-0.01,20,30500,卖盘
09:39:46,15.27,0.02,189,288453,买盘
09:39:48,15.26,-0.01,17,25942,卖盘
09:39:51,15.27,0.01,91,138928,买盘
09:39:55,15.26,-0.01,40,61040,卖盘
09:39:58,15.27,0.01,160,244304,买盘
09:40:00,15.27,0.0,53,80948,买盘
09:40:04,15.27,0.0,126,192352,买盘
09:40:07,15.28,0.01,275,419944,买盘
09:40:10,15.28,0.0,519,792906,买盘
09:40:13,15.27,-0.01,756,1155143,卖盘
09:40:16,15.28,0.01,77,117712,中性盘
09:40:18,15.29,0.01,467,714035,买盘
09:40:22,15.3,0.01,107,163638,买盘
09:40:24,15.28,-0.02,50,76400,卖盘
09:40:27,15.29,0.01,38,58070,买盘
09:40:30,15.28,-0.01,183,279623,买盘
09:40:33,15.28,0.0,33,50424,买盘
09:40:36,15.27,-0.01,250,381798,卖盘
09:40:39,15.27,0.0,195,297831,卖盘
09:40:43,15.27,0.0,165,251988,买盘
09:40:45,15.27,0.0,55,83982,买盘
09:40:48,15.28,0.01,205,313180,买盘
09:40:51,15.28,0.0,61,93200,买盘
09:40:55,15.27,-0.01,603,921285,卖盘
09:40:58,15.28,0.01,30,45821,买盘
09:41:01,15.28,0.0,70,106961,买盘
09:41:04,15.29,0.01,175,267458,买盘
09:41:06,15.28,-0.01,569,869432,卖盘
09:41:09,15.29,0.01,1054,1611638,买盘
09:41:12,15.28,-0.01,120,183386,卖盘
09:41:16,15.29,0.01,314,480197,买盘
09:41:19,15.29,0.0,196,299585,卖盘
09:41:21,15.29,0.0,105,160480,买盘
09:41:24,15.28,-0.01,247,377559,卖盘
09:41:28,15.29,0.01,218,333332,中性盘
09:41:30,15.29,0.0,877,1339946,卖盘
09:41:34,15.28,-0.01,41,62671,中性盘
09:41:37,15.29,0.01,1150,1758014,买盘
09:41:40,15.29,0.0,258,394039,买盘
09:41:42,15.29,0.0,139,212397,买盘
09:41:45,15.29,0.0,26,39738,买盘
09:41:48,15.29,0.0,1144,1749405,买盘
09:41:51,15.29,0.0,376,574916,卖盘
09:41:54,15.29,0.0,55,84114,卖盘
09:41:57,15.3,0.01,95,145321,买盘
09:42:00,15.28,-0.02,352,537969,卖盘
09:42:04,15.29,0.01,163,249227,买盘
09:42:06,15.29,0.0,120,183406,买盘
09:42:10,15.28,-0.01,956,1460830,卖盘
09:42:12,15.29,0.01,854,1305945,买盘
09:42:16,15.3,0.01,82,125396,买盘
09:42:18,15.28,-0.02,651,995343,卖盘
09:42:22,15.28,0.0,40,61182,卖盘
09:42:25,15.28,0.0,135,206407,卖盘
09:42:27,15.29,0.01,148,226383,买盘
09:42:31,15.29,0.0,274,418776,买盘
09:42:34,15.28,-0.01,39,59592,卖盘
09:42:37,15.28,0.0,61,93208,买盘
09:42:39,15.28,0.0,627,958056,买盘
09:42:42,15.28,0.0,118,180344,卖盘
09:42:45,15.27,-0.01,105,160430,卖盘
09:42:49,15.28,0.01,64,97775,买盘
09:42:51,15.28,0.0,10,15272,买盘
09:42:55,15.28,0.0,282,430751,买盘
09:42:58,15.3,0.02,1000,1528956,买盘
09:43:01,15.28,-0.02,729,1112773,卖盘
09:43:04,15.29,0.01,2053,3140520,买盘
09:43:06,15.29,0.0,28,42812,卖盘
09:43:10,15.29,0.0,54,82597,卖盘
09:43:13,15.29,0.0,31,47399,买盘
09:43:16,15.28,-0.01,110,168156,卖盘
09:43:19,15.28,0.0,182,278186,卖盘
09:43:21,15.28,0.0,167,255179,卖盘
09:43:25,15.29,0.01,9,13761,买盘
09:43:28,15.28,-0.01,137,209392,卖盘
09:43:30,15.28,0.0,33,50424,买盘
09:43:34,15.27,-0.01,19,29027,卖盘
09:43:36,15.27,0.0,40,61119,卖盘
09:43:40,15.27,0.0,296,452023,卖盘
09:43:43,15.27,0.0,79,120633,卖盘
09:43:45,15.27,0.0,8,12216,买盘
09:43:49,15.27,0.0,250,381750,买盘
09:43:51,15.27,0.0,282,430576,买盘
09:43:55,15.28,0.01,136,207671,买盘
09:43:57,15.27,-0.01,23,35121,卖盘
09:44:01,15.28,0.01,151,230702,买盘
09:44:05,15.27,-0.01,33,50391,卖盘
09:44:06,15.27,0.0,24,36635,买盘
09:44:09,15.27,0.0,83,126761,卖盘
09:44:13,15.27,0.0,148,226041,卖盘
09:44:15,15.27,0.0,141,215446,卖盘
09:44:19,15.27,0.0,691,1055250,卖盘
09:44:22,15.28,0.01,63,96244,买盘
09:44:25,15.27,-0.01,183,279507,卖盘
09:44:28,15.27,0.0,58,88550,买盘
09:44:30,15.27,0.0,624,952848,买盘
09:44:33,15.27,0.0,56,85512,买盘
09:44:37,15.26,-0.01,37,56462,卖盘
09:44:39,15.27,0.01,64,97728,买盘
09:44:42,15.28,0.01,1445,2206202,买盘
09:44:45,15.26,-0.02,147,224419,卖盘
09:44:49,15.28,0.02,264,403113,买盘
09:44:51,15.26,-0.02,61,93187,卖盘
09:44:55,15.28,0.02,73,111494,买盘
09:44:57,15.27,-0.01,30,45810,卖盘
09:45:01,15.26,-0.01,108,164921,卖盘
09:45:05,15.28,0.02,50,76349,买盘
09:45:06,15.26,-0.02,227,346561,卖盘
09:45:09,15.27,0.01,49,74812,买盘
09:45:13,15.27,0.0,537,819995,买盘
09:45:15,15.27,0.0,92,140419,买盘
09:45:19,15.27,0.0,177,270240,买盘
09:45:21,15.27,0.0,70,106860,买盘
09:45:25,15.26,-0.01,61,93121,卖盘
09:45:28,15.27,0.01,67,102309,买盘
09:45:30,15.27,0.0,235,358780,买盘
09:45:33,15.28,0.01,214,326728,买盘
09:45:36,15.27,-0.01,179,273311,买盘
09:45:39,15.27,0.0,120,183171,买盘
09:45:42,15.27,0.0,88,134376,买盘
09:45:46,15.26,-0.01,301,459500,卖盘
09:45:48,15.26,0.0,260,396861,卖盘
09:45:52,15.28,0.02,190,290192,买盘
09:45:54,15.28,0.0,31,47358,买盘
09:45:57,15.27,-0.01,114,174078,卖盘
09:46:00,15.27,0.0,89,135903,买盘
09:46:04,15.27,0.0,11,16797,买盘
09:46:07,15.27,0.0,45,68715,买盘
09:46:09,15.27,0.0,71,108415,买盘
09:46:12,15.27,0.0,110,167967,买盘
09:46:15,15.27,0.0,388,592450,买盘
09:46:18,15.27,0.0,137,209101,买盘
09:46:22,15.27,0.0,152,232160,买盘
09:46:24,15.26,-0.01,144,219853,卖盘
09:46:28,15.27,0.01,19,29013,买盘
09:46:30,15.27,0.0,24,36638,买盘
09:46:33,15.27,0.0,60,91620,买盘
09:46:36,15.27,0.0,119,181708,买盘
09:46:40,15.26,-0.01,61,93117,卖盘
09:46:43,15.27,0.01,20,30539,买盘
09:46:46,15.27,0.0,150,229010,买盘
09:46:49,15.26,-0.01,81,123676,卖盘
09:46:51,15.28,0.02,18,27498,买盘
09:46:54,15.27,-0.01,81,123708,卖盘
09:46:58,15.28,0.01,133,203155,买盘
09:47:01,15.27,-0.01,29,44300,卖盘
09:47:04,15.28,0.01,27,41235,买盘
09:47:07,15.27,-0.01,327,499329,卖盘
09:47:10,15.27,0.0,119,181713,买盘
09:47:13,15.27,0.0,13,19851,买盘
09:47:16,15.27,0.0,18,27486,买盘
09:47:18,15.26,-0.01,181,276287,卖盘
09:47:21,15.26,0.0,20,30521,卖盘
09:47:24,15.26,0.0,271,413549,卖盘
09:47:27,15.27,0.01,183,279291,买盘
09:47:30,15.26,-0.01,206,314520,卖盘
09:47:33,15.27,0.01,111,169388,买盘
09:47:36,15.27,0.0,215,328194,买盘
09:47:40,15.26,-0.01,745,1136993,卖盘
09:47:42,15.27,0.01,5,7635,买盘
09:47:45,15.26,-0.01,9,13734,卖盘
09:47:49,15.27,0.01,112,171005,买盘
09:47:51,15.26,-0.01,68,103806,卖盘
09:47:54,15.27,0.01,122,186229,买盘
09:47:57,15.26,-0.01,287,437988,卖盘
09:48:00,15.27,0.01,76,116052,买盘
09:48:04,15.27,0.0,191,291540,买盘
09:48:07,15.26,-0.01,13,19846,卖盘
09:48:09,15.26,0.0,65,99236,卖盘
09:48:13,15.27,0.01,55,83975,买盘
09:48:16,15.26,-0.01,231,352525,卖盘
09:48:18,15.26,0.0,36,54963,卖盘
09:48:21,15.27,0.01,122,186274,买盘
09:48:24,15.28,0.01,1537,2346920,买盘
09:48:27,15.27,-0.01,106,161927,卖盘
09:48:31,15.27,0.0,119,181796,卖盘
09:48:34,15.28,0.01,91,139048,买盘
09:48:36,15.27,-0.01,169,258137,卖盘
09:48:39,15.27,0.0,71,108483,卖盘
09:48:42,15.27,0.0,44,67190,卖盘
09:48:46,15.28,0.01,411,627984,买盘
09:48:48,15.28,0.0,143,218481,买盘
09:48:52,15.28,0.0,32,48891,买盘
09:48:58,15.28,0.0,98,149727,买盘
09:49:00,15.28,0.0,190,290261,买盘
09:49:04,15.28,0.0,68,103891,买盘
09:49:07,15.28,0.0,546,834278,买盘
09:49:09,15.28,0.0,576,880128,买盘
09:49:12,15.28,0.0,393,600495,卖盘
09:49:15,15.28,0.0,319,487434,买盘
09:49:18,15.28,0.0,1009,1541867,卖盘
09:49:22,15.29,0.01,155,236912,买盘
09:49:25,15.28,-0.01,105,160509,卖盘
09:49:28,15.28,0.0,1194,1824432,卖盘
09:49:31,15.28,0.0,220,336160,买盘
09:49:33,15.28,0.0,428,653984,买盘
09:49:36,15.28,0.0,652,996256,卖盘
09:49:40,15.29,0.01,266,406513,买盘
09:49:42,15.29,0.0,203,310247,买盘
09:49:45,15.29,0.0,133,203297,买盘
09:49:49,15.29,0.0,1044,1595414,买盘
09:49:52,15.29,0.0,84,128431,买盘
09:49:54,15.29,0.0,66,100870,买盘
09:49:57,15.29,0.0,976,1491493,买盘
09:50:01,15.29,0.0,1434,2192585,买盘
09:50:04,15.28,-0.01,260,397426,卖盘
09:50:07,15.29,0.01,139,212455,买盘
09:50:10,15.28,-0.01,329,502798,卖盘
09:50:12,15.28,0.0,262,400336,卖盘
09:50:15,15.28,0.0,136,207844,买盘
09:50:19,15.28,0.0,195,297905,买盘
09:50:22,15.28,0.0,142,217036,卖盘
09:50:25,15.28,0.0,215,328577,买盘
09:50:28,15.28,0.0,96,146672,买盘
09:50:30,15.28,0.0,39,59591,买盘
09:50:34,15.28,0.0,128,195557,买盘
09:50:37,15.28,0.0,1034,1580026,买盘
09:50:40,15.28,0.0,102,155828,买盘
09:50:43,15.28,0.0,82,125216,买盘
09:50:46,15.27,-0.01,102,155826,卖盘
09:50:48,15.28,0.01,197,300916,买盘
09:50:51,15.27,-0.01,60,91670,卖盘
09:50:54,15.28,0.01,40,61100,买盘
09:50:57,15.28,0.0,87,132936,买盘
09:51:00,15.27,-0.01,28,42757,卖盘
09:51:04,15.28,0.01,30,45840,买盘
09:51:07,15.27,-0.01,74,113042,卖盘
09:51:10,15.28,0.01,126,192526,买盘
09:51:12,15.28,0.0,46,70276,买盘
09:51:16,15.28,0.0,372,568291,买盘
09:51:18,15.27,-0.01,69,105373,卖盘
09:51:22,15.28,0.01,210,320739,买盘
09:51:24,15.27,-0.01,125,190932,卖盘
09:51:28,15.28,0.01,124,189453,买盘
09:51:30,15.27,-0.01,206,314727,卖盘
09:51:34,15.27,0.0,172,262745,卖盘
09:51:36,15.28,0.01,50,76389,买盘
09:51:39,15.28,0.0,195,297953,买盘
09:51:43,15.28,0.0,53,80974,买盘
09:51:46,15.28,0.0,188,287109,买盘
09:51:49,15.28,0.0,15,22915,买盘
09:51:52,15.28,0.0,164,250592,买盘
09:51:55,15.28,0.0,138,210837,买盘
09:51:57,15.27,-0.01,266,406258,卖盘
09:52:01,15.27,0.0,32,48864,卖盘
09:52:05,15.28,0.01,129,197073,买盘
09:52:07,15.27,-0.01,157,239760,卖盘
09:52:09,15.28,0.01,32,48896,买盘
09:52:13,15.27,-0.01,11,16807,卖盘
09:52:16,15.28,0.01,106,161967,买盘
09:52:21,15.28,0.0,124,189412,买盘
09:52:25,15.28,0.0,33,50424,买盘
09:52:27,15.28,0.0,170,259705,买盘
09:52:31,15.28,0.0,79,120712,买盘
09:52:33,15.28,0.0,61,93208,买盘
09:52:37,15.27,-0.01,200,305571,卖盘
09:52:39,15.28,0.01,73,111544,买盘
09:52:43,15.27,-0.01,518,791486,卖盘
09:52:46,15.27,0.0,82,125281,卖盘
09:52:49,15.28,0.01,69,105432,买盘
09:52:52,15.27,-0.01,54,82492,卖盘
09:52:55,15.28,0.01,76,116106,买盘
09:52:57,15.28,0.0,69,105428,买盘
09:53:01,15.28,0.0,94,143632,买盘
09:53:04,15.28,0.0,45,68750,买盘
09:53:07,15.28,0.0,70,106960,买盘
09:53:10,15.27,-0.01,189,288765,卖盘
09:53:13,15.27,0.0,159,242895,卖盘
09:53:16,15.28,0.01,96,146688,买盘
09:53:19,15.28,0.0,98,149694,买盘
09:53:22,15.28,0.0,81,123765,买盘
09:53:25,15.28,0.0,20,30560,买盘
09:53:28,15.28,0.0,30,45840,买盘
09:53:31,15.28,0.0,33,50424,买盘
09:53:33,15.28,0.0,592,904576,买盘
09:53:37,15.28,0.0,1638,2504353,卖盘
09:53:39,15.29,0.01,195,298127,买盘
09:53:43,15.29,0.0,131,200294,买盘
09:53:46,15.3,0.01,570,871544,买盘
09:53:51,15.3,0.0,43,65777,买盘
09:53:55,15.29,-0.01,73,111672,卖盘
09:53:57,15.29,0.0,55,84136,卖盘
09:54:01,15.29,0.0,77,117798,卖盘
09:54:04,15.29,0.0,196,299747,卖盘
09:54:06,15.3,0.01,121,185126,买盘
09:54:09,15.3,0.0,30,45900,买盘
09:54:12,15.3,0.0,161,246187,买盘
09:54:16,15.3,0.0,947,1448810,买盘
09:54:19,15.3,0.0,76,116270,买盘
09:54:22,15.29,-0.01,46,70367,卖盘
09:54:24,15.29,0.0,283,432726,卖盘
09:54:27,15.3,0.01,442,675945,买盘
09:54:30,15.29,-0.01,3827,5848535,卖盘
09:54:34,15.29,0.0,84,128422,买盘
09:54:37,15.29,0.0,10,15290,买盘
09:54:39,15.29,0.0,153,233969,买盘
09:54:42,15.29,0.0,30,45870,卖盘
09:54:46,15.29,0.0,188,287486,卖盘
09:54:48,15.3,0.01,144,220256,买盘
09:54:52,15.3,0.0,227,346992,买盘
09:54:54,15.29,-0.01,139,212535,买盘
09:54:58,15.29,0.0,173,264526,卖盘
09:55:00,15.29,0.0,177,270633,买盘
09:55:04,15.29,0.0,297,453915,买盘
09:55:07,15.29,0.0,20,30569,买盘
09:55:10,15.28,-0.01,4430,6769080,卖盘
09:55:12,15.27,-0.01,123,187931,卖盘
09:55:15,15.28,0.01,274,418453,买盘
09:55:18,15.28,0.0,59,90102,买盘
09:55:21,15.28,0.0,187,285749,买盘
09:55:25,15.27,-0.01,63,96228,卖盘
09:55:28,15.28,0.01,126,192462,买盘
09:55:30,15.27,-0.01,1493,2279814,卖盘
09:55:33,15.28,0.01,185,282561,买盘
09:55:36,15.27,-0.01,87,132854,卖盘
09:55:39,15.28,0.01,138,210778,买盘
09:55:42,15.27,-0.01,17,25973,卖盘
09:55:46,15.28,0.01,109,166542,买盘
09:55:48,15.27,-0.01,35,53455,卖盘
09:55:52,15.28,0.01,112,171136,买盘
09:55:54,15.27,-0.01,41,62644,卖盘
09:55:58,15.27,0.0,121,184802,卖盘
09:56:00,15.27,0.0,38,58037,卖盘
09:56:04,15.28,0.01,75,114573,买盘
09:56:07,15.28,0.0,247,377271,买盘
09:56:10,15.28,0.0,2398,3662626,买盘
09:56:13,15.28,0.0,29,44301,买盘
09:56:16,15.28,0.0,85,129827,买盘
09:56:19,15.27,-0.01,200,305555,卖盘
09:56:21,15.28,0.01,24,36669,买盘
09:56:25,15.28,0.0,22,33616,买盘
09:56:27,15.28,0.0,88,134437,买盘
09:56:30,15.28,0.0,795,1214736,买盘
09:56:33,15.28,0.0,75,114600,买盘
09:56:36,15.27,-0.01,32,48886,卖盘
09:56:39,15.27,0.0,63,96257,卖盘
09:56:42,15.27,0.0,109,166475,卖盘
09:56:46,15.27,0.0,55,84004,卖盘
09:56:49,15.27,0.0,35,53445,卖盘
09:56:51,15.28,0.01,90,137510,买盘
09:56:55,15.28,0.0,98,149744,买盘
09:56:58,15.27,-0.01,47,71769,卖盘
09:57:00,15.28,0.01,766,1170432,买盘
09:57:05,15.27,-0.01,811,1238438,卖盘
09:57:07,15.27,0.0,1806,2756930,卖盘
09:57:10,15.27,0.0,11,16796,买盘
09:57:12,15.25,-0.02,3922,5984218,卖盘
09:57:15,15.26,0.01,191,291295,买盘
09:57:19,15.25,-0.01,191,291292,卖盘
09:57:22,15.25,0.0,23,35076,卖盘
09:57:25,15.25,0.0,107,163267,卖盘
09:57:27,15.27,0.02,531,809945,买盘
09:57:31,15.27,0.0,15,22877,买盘
09:57:34,15.25,-0.02,20,30500,卖盘
09:57:37,15.25,0.0,117,178499,卖盘
09:57:39,15.26,0.01,132,201425,买盘
09:57:42,15.26,0.0,2,3052,卖盘
09:57:45,15.26,0.0,59,90075,卖盘
09:57:48,15.26,0.0,51,77826,卖盘
09:57:51,15.26,0.0,88,134291,卖盘
09:57:55,15.26,0.0,46,70213,卖盘
09:57:58,15.26,0.0,96,146532,卖盘
09:58:00,15.26,0.0,31,47306,卖盘
09:58:04,15.26,0.0,353,538817,卖盘
09:58:07,15.26,0.0,261,398286,卖盘
09:58:10,15.26,0.0,71,108388,卖盘
09:58:12,15.26,0.0,139,212114,卖盘
09:58:15,15.26,0.0,196,299177,卖盘
09:58:19,15.26,0.0,229,349505,卖盘
09:58:22,15.26,0.0,117,178544,卖盘
09:58:25,15.26,0.0,145,221370,卖盘
09:58:27,15.27,0.01,6,9161,买盘
09:58:30,15.26,-0.01,67,102299,卖盘
09:58:33,15.26,0.0,56,85456,卖盘
09:58:36,15.26,0.0,368,561924,卖盘
09:58:40,15.27,0.01,177,270083,买盘
09:58:42,15.26,-0.01,47,71759,中性盘
09:58:46,15.26,0.0,169,257894,买盘
09:58:48,15.25,-0.01,111,169376,卖盘
09:58:51,15.25,0.0,221,337143,卖盘
09:58:55,15.25,0.0,20,30500,卖盘
09:58:57,15.26,0.01,10,15260,买盘
09:59:01,15.25,-0.01,18,27458,卖盘
09:59:04,15.25,0.0,340,518690,卖盘
09:59:06,15.26,0.01,55,83897,买盘
09:59:09,15.27,0.01,698,1065150,买盘
09:59:12,15.26,-0.01,116,177016,卖盘
09:59:15,15.26,0.0,54,82404,买盘
09:59:21,15.26,0.0,40,61040,买盘
09:59:24,15.27,0.01,349,532582,买盘
09:59:27,15.26,-0.01,14,21364,卖盘
09:59:30,15.27,0.01,38,58019,买盘
09:59:33,15.26,-0.01,313,477363,卖盘
09:59:36,15.25,-0.01,114,173900,卖盘
09:59:39,15.25,0.0,200,305119,卖盘
09:59:42,15.26,0.01,55,83930,买盘
09:59:45,15.26,0.0,17,25942,买盘
09:59:49,15.26,0.0,37,56462,买盘
09:59:51,15.25,-0.01,99,151048,卖盘
09:59:58,15.26,0.01,125,190718,买盘
10:00:01,15.25,-0.01,30,45778,卖盘
10:00:04,15.26,0.01,83,126579,买盘
10:00:06,15.25,-0.01,91,138775,卖盘
10:00:09,15.26,0.01,112,170889,买盘
10:00:12,15.25,-0.01,1,1525,卖盘
10:00:16,15.26,0.01,782,1192551,买盘
10:00:19,15.26,0.0,42,64052,买盘
10:00:21,15.25,-0.01,67,102221,卖盘
10:00:24,15.25,0.0,111,169345,卖盘
10:00:27,15.26,0.01,26,39670,买盘
10:00:30,15.26,0.0,116,176977,买盘
10:00:33,15.26,0.0,18,27468,买盘
10:00:37,15.26,0.0,140,213522,买盘
10:00:39,15.26,0.0,184,280630,买盘
10:00:42,15.26,0.0,186,283836,买盘
10:00:46,15.25,-0.01,157,239480,卖盘
10:00:48,15.26,0.01,189,288236,买盘
10:00:52,15.26,0.0,114,173897,买盘
10:00:55,15.26,0.0,106,161745,买盘
10:00:58,15.26,0.0,12,18311,买盘
10:01:00,15.26,0.0,144,219682,买盘
10:01:04,15.26,0.0,395,602428,买盘
10:01:06,15.26,0.0,271,413543,买盘
10:01:09,15.26,0.0,143,218119,买盘
10:01:13,15.25,-0.01,37,56428,卖盘
10:01:15,15.25,0.0,78,118993,卖盘
10:01:19,15.25,0.0,439,669503,卖盘
10:01:22,15.24,-0.01,542,826506,卖盘
10:01:25,15.25,0.01,63,96075,买盘
10:01:28,15.25,0.0,50,76250,买盘
10:01:31,15.25,0.0,2,3050,买盘
10:01:34,15.24,-0.01,841,1281687,卖盘
10:01:36,15.25,0.01,128,195110,买盘
10:01:39,15.24,-0.01,2066,3149742,卖盘
10:01:42,15.24,0.0,1180,1797149,买盘
10:01:46,15.21,-0.03,1730,2634299,卖盘
10:01:49,15.23,0.02,258,392610,买盘
10:01:52,15.21,-0.02,45,68445,卖盘
10:01:54,15.21,0.0,191,290782,卖盘
10:01:58,15.22,0.01,159,241981,中性盘
10:02:01,15.21,-0.01,10,15210,卖盘
10:02:04,15.21,0.0,115,174930,卖盘
10:02:07,15.22,0.01,84,127790,买盘
10:02:10,15.21,-0.01,164,249588,卖盘
10:02:13,15.22,0.01,137,208514,买盘
10:02:15,15.22,0.0,205,311085,买盘
10:02:19,15.22,0.0,54,82188,卖盘
10:02:21,15.22,0.0,93,141584,卖盘
10:02:24,15.22,0.0,50,76113,卖盘
10:02:27,15.22,0.0,65,98981,卖盘
10:02:30,15.22,0.0,647,984851,卖盘
10:02:34,15.22,0.0,72,109617,卖盘
10:02:36,15.22,0.0,142,216124,卖盘
10:02:39,15.22,0.0,753,1146621,卖盘
10:02:43,15.23,0.01,72,109623,买盘
10:02:45,15.22,-0.01,159,242099,卖盘
10:02:49,15.23,0.01,2,3046,买盘
10:02:52,15.22,-0.01,66,100501,卖盘
10:02:55,15.23,0.01,201,305991,买盘
10:02:58,15.23,0.0,72,109629,买盘
10:03:00,15.24,0.01,87,132484,买盘
10:03:04,15.23,-0.01,78,118794,买盘
10:03:06,15.22,-0.01,113,172041,卖盘
10:03:09,15.23,0.01,119,181237,买盘
10:03:12,15.23,0.0,84,127949,卖盘
10:03:15,15.23,0.0,445,677335,买盘
10:03:19,15.24,0.01,139,211752,买盘
10:03:21,15.24,0.0,60,91440,买盘
10:03:25,15.24,0.0,13,19809,买盘
10:03:27,15.23,-0.01,53,80759,卖盘
10:03:31,15.24,0.01,19,28940,买盘
10:03:37,15.22,-0.02,546,831180,卖盘
10:03:40,15.23,0.01,184,280189,买盘
10:03:43,15.23,0.0,23,35029,买盘
10:03:46,15.22,-0.01,320,487188,卖盘
10:03:49,15.23,0.01,65,98995,买盘
10:03:52,15.23,0.0,163,248104,买盘
10:03:55,15.22,-0.01,137,208514,卖盘
10:03:57,15.23,0.01,51,77673,买盘
10:04:01,15.23,0.0,55,83753,买盘
10:04:04,15.23,0.0,159,242041,买盘
10:04:06,15.22,-0.01,444,676605,卖盘
10:04:10,15.21,-0.01,132,200900,卖盘
10:04:12,15.22,0.01,48,73056,买盘
10:04:16,15.21,-0.01,48,73014,卖盘
10:04:18,15.21,0.0,57,86697,卖盘
10:04:21,15.22,0.01,250,379644,买盘
10:04:24,15.22,0.0,40,60880,卖盘
10:04:28,15.22,0.0,41,63270,卖盘
10:04:31,15.23,0.01,378,574350,买盘
10:04:33,15.22,-0.01,106,161417,卖盘
10:04:45,15.22,0.0,66,100493,卖盘
10:04:49,15.23,0.01,83,126370,买盘
10:04:51,15.23,0.0,93,141628,买盘
10:04:55,15.23,0.0,109,165950,买盘
10:04:58,15.23,0.0,202,307636,买盘
10:05:00,15.24,0.01,88,134025,买盘
10:05:04,15.24,0.0,1,1524,买盘
10:05:06,15.24,0.0,248,377741,买盘
10:05:10,15.23,-0.01,27,41121,卖盘
10:05:13,15.23,0.0,5,7615,买盘
10:05:15,15.23,0.0,68,103564,买盘
10:05:18,15.23,0.0,55,83762,买盘
10:05:21,15.23,0.0,87,132501,卖盘
10:05:24,15.23,0.0,32,48736,卖盘
10:05:28,15.22,-0.01,167,254363,卖盘
10:05:31,15.23,0.01,65,98943,中性盘
10:05:34,15.23,0.0,14,21322,买盘
10:05:36,15.23,0.0,30,45690,卖盘
10:05:39,15.24,0.01,46,70104,买盘
10:05:43,15.23,-0.01,10,15230,卖盘
10:05:46,15.24,0.01,52,79246,买盘
10:05:49,15.24,0.0,126,191845,买盘
10:05:51,15.24,0.0,117,178244,买盘
10:05:54,15.24,0.0,11,16756,买盘
10:05:58,15.23,-0.01,28,42644,卖盘
10:06:00,15.24,0.01,143,217838,买盘
10:06:04,15.24,0.0,211,321328,买盘
10:06:07,15.23,-0.01,24,36557,卖盘
10:06:09,15.23,0.0,11,16753,卖盘
10:06:12,15.23,0.0,59,89873,买盘
10:06:15,15.23,0.0,16,24368,买盘
10:06:18,15.22,-0.01,10,15220,卖盘
10:06:22,15.22,0.0,157,239096,卖盘
10:06:25,15.23,0.01,129,196404,买盘
10:06:28,15.23,0.0,403,613749,买盘
10:06:30,15.23,0.0,12,18265,买盘
10:06:33,15.24,0.01,831,1266283,买盘
10:06:36,15.24,0.0,105,160021,卖盘
10:06:40,15.24,0.0,145,220993,卖盘
10:06:43,15.23,-0.01,58,88326,卖盘
10:06:46,15.24,0.01,48,73119,买盘
10:06:52,15.24,0.0,272,414473,买盘
10:06:54,15.24,0.0,57,86885,卖盘
10:06:57,15.25,0.01,41,62525,买盘
10:07:05,15.24,-0.01,11,16766,卖盘
10:07:06,15.25,0.01,556,847880,买盘
10:07:09,15.24,-0.01,298,454152,卖盘
10:07:12,15.24,0.0,30,45720,买盘
10:07:16,15.24,0.0,2,3048,买盘
10:07:19,15.24,0.0,126,192022,买盘
10:07:22,15.24,0.0,20,30463,买盘
10:07:24,15.24,0.0,25,38097,买盘
10:07:27,15.23,-0.01,219,333594,卖盘
10:07:30,15.23,0.0,45,68576,卖盘
10:07:34,15.24,0.01,6,9143,买盘
10:07:40,15.23,-0.01,83,126471,卖盘
10:07:43,15.24,0.01,48,73152,买盘
10:07:46,15.24,0.0,23,35042,买盘
10:07:51,15.24,0.0,50,76194,买盘
10:07:54,15.23,-0.01,83,126449,卖盘
10:07:57,15.24,0.01,5,7620,买盘
10:08:01,15.24,0.0,112,170676,买盘
10:08:04,15.23,-0.01,135,205692,卖盘
10:08:07,15.23,0.0,56,85308,卖盘
10:08:10,15.23,0.0,147,223971,卖盘
10:08:12,15.24,0.01,67,102103,买盘
10:08:16,15.23,-0.01,500,761576,卖盘
10:08:19,15.23,0.0,110,167530,卖盘
10:08:22,15.24,0.01,11,16764,买盘
10:08:24,15.24,0.0,63,96001,买盘
10:08:30,15.24,0.0,19,28956,买盘
10:08:36,15.23,-0.01,141,214784,卖盘
10:08:39,15.23,0.0,50,76150,卖盘
10:08:42,15.24,0.01,7,10668,买盘
10:08:45,15.23,-0.01,110,167576,卖盘
10:08:48,15.23,0.0,132,201036,卖盘
10:08:54,15.24,0.01,15,22860,买盘
10:08:57,15.23,-0.01,82,124929,卖盘
10:09:00,15.24,0.01,69,105156,买盘
10:09:05,15.23,-0.01,154,234542,卖盘
10:09:07,15.23,0.0,641,976787,卖盘
10:09:10,15.23,0.0,55,83804,卖盘
10:09:13,15.23,0.0,101,153833,卖盘
10:09:15,15.23,0.0,40,60920,卖盘
10:09:18,15.24,0.01,64,97536,买盘
10:09:21,15.23,-0.01,1,1523,卖盘
10:09:24,15.24,0.01,6,9140,买盘
10:09:27,15.23,-0.01,108,164506,卖盘
10:09:30,15.24,0.01,142,216340,买盘
10:09:34,15.24,0.0,16,24379,买盘
10:09:36,15.23,-0.01,163,248315,卖盘
10:09:40,15.23,0.0,183,278710,卖盘
10:09:43,15.24,0.01,42,64008,买盘
10:09:45,15.24,0.0,19,28948,买盘
10:09:49,15.23,-0.01,30,45692,卖盘
10:09:51,15.24,0.01,46,70088,买盘
10:09:55,15.23,-0.01,241,367094,卖盘
10:10:00,15.24,0.01,23,35037,买盘
10:10:04,15.23,-0.01,359,547077,卖盘
10:10:06,15.23,0.0,64,97524,卖盘
10:10:09,15.22,-0.01,384,584817,卖盘
10:10:15,15.23,0.01,42,63966,买盘
10:10:18,15.23,0.0,64,97446,买盘
10:10:21,15.23,0.0,18,27412,买盘
10:10:25,15.22,-0.01,10,15220,卖盘
10:10:28,15.22,0.0,110,167514,卖盘
10:10:31,15.22,0.0,3,4566,卖盘
10:10:33,15.22,0.0,148,225277,卖盘
10:10:37,15.23,0.01,146,222268,买盘
10:10:39,15.22,-0.01,7,10654,卖盘
10:10:42,15.23,0.01,100,152300,买盘
10:10:45,15.22,-0.01,35,53301,卖盘
10:10:49,15.23,0.01,66,100491,买盘
10:10:51,15.23,0.0,17,25891,买盘
10:10:55,15.23,0.0,43,65463,买盘
10:10:57,15.23,0.0,119,181164,买盘
10:11:00,15.22,-0.01,67,101995,卖盘
10:11:04,15.23,0.01,185,281592,买盘
10:11:06,15.23,0.0,19,28936,买盘
10:11:10,15.22,-0.01,49,74617,卖盘
10:11:13,15.22,0.0,117,178107,卖盘
10:11:16,15.22,0.0,43,65467,卖盘
10:11:18,15.22,0.0,236,359419,卖盘
10:11:22,15.22,0.0,106,161427,卖盘
10:11:24,15.23,0.01,265,403595,买盘
10:11:27,15.23,0.0,2,3046,卖盘
10:11:30,15.24,0.01,121,184327,买盘
10:11:33,15.23,-0.01,27,41143,卖盘
10:11:36,15.23,0.0,13,19811,卖盘
10:11:39,15.23,0.0,14,21322,卖盘
10:11:42,15.24,0.01,54,82296,买盘
10:11:45,15.23,-0.01,260,395981,卖盘
10:11:48,15.23,0.0,496,755410,卖盘
10:11:51,15.22,-0.01,26,39597,卖盘
10:11:55,15.23,0.01,39,59397,买盘
10:11:58,15.23,0.0,527,802577,买盘
10:12:00,15.23,0.0,6,9134,买盘
10:12:04,15.23,0.0,141,214647,买盘
10:12:07,15.22,-0.01,1778,2706970,卖盘
10:12:10,15.21,-0.01,85,128488,卖盘
10:12:15,15.21,0.0,115,174957,卖盘
10:12:19,15.22,0.01,70,106540,买盘
10:12:22,15.21,-0.01,16,24336,卖盘
10:12:25,15.22,0.01,67,101918,买盘
10:12:28,15.22,0.0,385,585905,买盘
10:12:30,15.23,0.01,351,534223,买盘
10:12:34,15.22,-0.01,17,25874,卖盘
10:12:37,15.23,0.01,293,446136,买盘
10:12:39,15.22,-0.01,6,9132,卖盘
10:12:42,15.23,0.01,103,156767,买盘
10:12:45,15.22,-0.01,57,86760,卖盘
10:12:49,15.23,0.01,115,175072,买盘
10:12:52,15.22,-0.01,65,98930,卖盘
10:12:54,15.21,-0.01,61,92790,卖盘
10:12:57,15.22,0.01,70,106540,买盘
10:13:01,15.22,0.0,104,158288,买盘
10:13:04,15.22,0.0,135,205336,买盘
10:13:06,15.22,0.0,23,34995,买盘
10:13:09,15.23,0.01,138,210094,买盘
10:13:12,15.22,-0.01,200,304390,卖盘
10:13:15,15.22,0.0,198,301334,买盘
10:13:18,15.21,-0.01,76,115612,卖盘
10:13:21,15.23,0.02,108,164347,买盘
10:13:24,15.21,-0.02,54,82174,卖盘
10:13:27,15.21,0.0,26,39546,卖盘
10:13:30,15.21,0.0,234,355977,卖盘
10:13:33,15.22,0.01,60,91310,买盘
10:13:36,15.22,0.0,75,114080,买盘
10:13:39,15.21,-0.01,40,60840,卖盘
10:13:43,15.21,0.0,196,298175,卖盘
10:13:46,15.21,0.0,55,83677,卖盘
10:13:48,15.21,0.0,65,98865,卖盘
10:13:52,15.21,0.0,223,339398,卖盘
10:13:54,15.22,0.01,125,190177,买盘
10:13:57,15.21,-0.01,55,83658,卖盘
10:14:00,15.21,0.0,154,234351,卖盘
10:14:04,15.21,0.0,407,619052,卖盘
10:14:06,15.22,0.01,84,127812,买盘
10:14:09,15.21,-0.01,10,15216,卖盘
10:14:12,15.22,0.01,97,148272,买盘
10:14:16,15.22,0.0,65,98915,买盘
10:14:18,15.22,0.0,33,50226,买盘
10:14:21,15.23,0.01,640,974683,买盘
10:14:24,15.21,-0.02,157,238989,卖盘
10:14:27,15.23,0.02,82,124860,买盘
10:14:30,15.22,-0.01,6,9132,卖盘
10:14:33,15.22,0.0,37,56314,卖盘
10:14:36,15.22,0.0,11,16742,买盘
10:14:39,15.21,-0.01,198,301366,卖盘
10:14:42,15.21,0.0,442,672282,卖盘
10:14:45,15.22,0.01,82,124762,中性盘
10:14:48,15.23,0.01,53,80689,买盘
10:14:52,15.21,-0.02,19,28901,卖盘
10:14:55,15.21,0.0,29,44112,卖盘
10:14:58,15.21,0.0,3,4563,卖盘
10:15:00,15.21,0.0,96,146058,卖盘
10:15:04,15.22,0.01,72,109517,买盘
10:15:07,15.21,-0.01,13,19784,卖盘
10:15:10,15.22,0.01,33,50221,买盘
10:15:12,15.21,-0.01,58,88256,卖盘
10:15:15,15.22,0.01,105,159805,买盘
10:15:18,15.21,-0.01,113,171981,卖盘
10:15:21,15.22,0.01,71,108052,买盘
10:15:24,15.21,-0.01,309,470194,卖盘
10:15:27,15.21,0.0,72,109554,卖盘
10:15:33,15.21,0.0,82,124759,卖盘
10:15:37,15.21,0.0,1580,2403291,卖盘
10:15:39,15.2,-0.01,53,80560,卖盘
10:15:43,15.2,0.0,122,185484,卖盘
10:15:45,15.2,0.0,118,179398,卖盘
10:15:49,15.21,0.01,136,206738,买盘
10:15:52,15.21,0.0,61,92723,买盘
10:15:55,15.21,0.0,84,127750,买盘
10:15:58,15.2,-0.01,109,165743,卖盘
10:16:00,15.21,0.01,24,36502,买盘
10:16:04,15.21,0.0,158,240195,买盘
10:16:07,15.2,-0.01,59,89756,卖盘
10:16:09,15.2,0.0,27,41040,卖盘
10:16:12,15.2,0.0,44,66892,卖盘
10:16:15,15.2,0.0,42,63844,卖盘
10:16:18,15.2,0.0,165,250843,卖盘
10:16:21,15.2,0.0,41,62337,卖盘
10:16:24,15.2,0.0,30,45600,卖盘
10:16:27,15.2,0.0,133,202160,卖盘
10:16:30,15.2,0.0,70,106449,卖盘
10:16:33,15.2,0.0,43,65361,卖盘
10:16:36,15.2,0.0,11,16720,卖盘
10:16:39,15.21,0.01,184,279722,买盘
10:16:42,15.2,-0.01,64,97297,卖盘
10:16:46,15.21,0.01,27,41043,买盘
10:16:49,15.2,-0.01,71,107938,卖盘
10:16:51,15.21,0.01,140,212939,买盘
10:16:54,15.2,-0.01,34,51680,卖盘
10:16:57,15.2,0.0,52,79082,卖盘
10:17:01,15.21,0.01,1,1521,买盘
10:17:04,15.2,-0.01,203,308602,卖盘
10:17:06,15.2,0.0,64,97290,卖盘
10:17:09,15.2,0.0,82,124640,卖盘
10:17:12,15.2,0.0,1439,2187333,卖盘
10:17:15,15.2,0.0,1022,1553442,卖盘
10:17:19,15.2,0.0,128,194560,买盘
10:17:21,15.2,0.0,28,42560,买盘
10:17:24,15.19,-0.01,69,104860,卖盘
10:17:28,15.2,0.01,71,107867,买盘
10:17:31,15.19,-0.01,51,77469,卖盘
10:17:33,15.19,0.0,306,464814,卖盘
10:17:36,15.2,0.01,102,155005,买盘
10:17:39,15.2,0.0,131,199015,买盘
10:17:42,15.2,0.0,306,464884,买盘
10:17:45,15.19,-0.01,211,320652,卖盘
10:17:49,15.19,0.0,398,604562,卖盘
10:17:51,15.19,0.0,443,672917,卖盘
10:17:55,15.19,0.0,780,1184835,卖盘
10:17:57,15.2,0.01,115,174730,买盘
10:18:00,15.19,-0.01,11,16699,买盘
10:18:04,15.19,0.0,245,371958,买盘
10:18:06,15.19,0.0,217,329623,买盘
10:18:09,15.19,0.0,67,101763,买盘
10:18:12,15.19,0.0,70,105722,买盘
10:18:16,15.19,0.0,17,25813,买盘
10:18:19,15.19,0.0,86,130625,买盘
10:18:21,15.19,0.0,111,168612,买盘
10:18:27,15.19,0.0,51,77469,卖盘
10:18:30,15.2,0.01,57,86623,买盘
10:18:33,15.2,0.0,29,44055,买盘
10:18:36,15.19,-0.01,130,197490,卖盘
10:18:39,15.19,0.0,116,176205,卖盘
10:18:42,15.2,0.01,71,107920,买盘
10:18:46,15.19,-0.01,5,7595,卖盘
10:18:51,15.2,0.01,231,350933,买盘
10:18:54,15.19,-0.01,1,1519,卖盘
10:18:58,15.2,0.01,42,63840,买盘
10:19:00,15.2,0.0,101,153420,买盘
10:19:05,15.2,0.0,82,124640,买盘
10:19:06,15.19,-0.01,84,127645,卖盘
10:19:09,15.2,0.01,100,152000,买盘
10:19:13,15.19,-0.01,5,7595,卖盘
10:19:16,15.19,0.0,122,185357,卖盘
10:19:18,15.2,0.01,15,22795,买盘
10:19:21,15.19,-0.01,167,253693,卖盘
10:19:24,15.19,0.0,89,135228,卖盘
10:19:27,15.19,0.0,604,917476,卖盘
10:19:31,15.19,0.0,165,250680,卖盘
10:19:33,15.2,0.01,1,1520,买盘
10:19:37,15.2,0.0,66,100296,买盘
10:19:40,15.19,-0.01,177,268883,卖盘
10:19:43,15.19,0.0,188,285573,卖盘
10:19:45,15.2,0.01,153,232452,买盘
10:19:48,15.19,-0.01,44,66873,卖盘
10:19:52,15.19,0.0,17,25826,卖盘
10:19:55,15.2,0.01,206,312919,买盘
10:19:57,15.2,0.0,42,63840,买盘
10:20:00,15.2,0.0,33,50160,买盘
10:20:04,15.2,0.0,197,299246,买盘
10:20:07,15.19,-0.01,13,19749,卖盘
10:20:09,15.19,0.0,83,126114,卖盘
10:20:13,15.2,0.01,23,34947,买盘
10:20:16,15.2,0.0,30,45595,买盘
10:20:19,15.19,-0.01,136,206591,卖盘
10:20:22,15.19,0.0,84,127638,中性盘
10:20:25,15.2,0.01,18,27350,买盘
10:20:27,15.19,-0.01,218,330941,卖盘
10:20:30,15.2,0.01,139,211280,买盘
10:20:33,15.19,-0.01,27,41030,卖盘
10:20:36,15.19,0.0,38,57740,卖盘
10:20:40,15.19,0.0,17,25823,卖盘
10:20:43,15.19,0.0,296,449664,卖盘
10:20:46,15.19,0.0,40,60760,卖盘
10:20:48,15.2,0.01,16,24307,买盘
10:20:51,15.19,-0.01,33,50137,卖盘
10:20:54,15.2,0.01,982,1491705,买盘
10:20:57,15.19,-0.01,21,31884,中性盘
10:21:04,15.19,0.0,237,359808,买盘
10:21:06,15.19,0.0,7,10633,买盘
10:21:10,15.18,-0.01,95,144262,卖盘
10:21:13,15.19,0.01,20,30380,买盘
10:21:15,15.18,-0.01,42,63797,卖盘
10:21:18,15.19,0.01,310,470890,买盘
10:21:21,15.19,0.0,1103,1674404,买盘
10:21:24,15.18,-0.01,34,51633,卖盘
10:21:27,15.18,0.0,1088,1651635,卖盘
10:21:31,15.19,0.01,126,191269,买盘
10:21:34,15.18,-0.01,248,376475,卖盘
10:21:36,15.18,0.0,243,368922,卖盘
10:21:39,15.18,0.0,146,221647,卖盘
10:21:42,15.17,-0.01,427,648368,买盘
10:21:45,15.17,0.0,28,42487,卖盘
10:21:48,15.17,0.0,66,100173,卖盘
10:21:52,15.17,0.0,724,1098308,卖盘
10:21:54,15.17,0.0,97,147150,卖盘
10:21:58,15.17,0.0,235,356495,卖盘
10:22:00,15.17,0.0,63,95625,卖盘
10:22:04,15.17,0.0,129,195693,卖盘
10:22:06,15.17,0.0,214,324709,卖盘
10:22:10,15.17,0.0,128,194224,卖盘
10:22:12,15.17,0.0,123,186591,卖盘
10:22:16,15.17,0.0,79,119857,卖盘
10:22:18,15.17,0.0,293,444498,卖盘
10:22:22,15.18,0.01,158,239766,买盘
10:22:24,15.17,-0.01,277,420212,卖盘
10:22:28,15.18,0.01,120,182041,买盘
10:22:31,15.17,-0.01,111,168387,卖盘
10:22:33,15.17,0.0,191,289821,卖盘
10:22:37,15.17,0.0,98,148729,卖盘
10:22:39,15.17,0.0,96,145633,卖盘
10:22:42,15.18,0.01,96,145670,买盘
10:22:45,15.18,0.0,121,183565,买盘
10:22:48,15.18,0.0,29,44004,买盘
10:22:51,15.17,-0.01,33,50086,卖盘
10:22:54,15.18,0.01,81,122954,买盘
10:22:57,15.18,0.0,20,30344,买盘
10:23:01,15.17,-0.01,43,65254,卖盘
10:23:04,15.17,0.0,121,183557,卖盘
10:23:06,15.17,0.0,87,132017,卖盘
10:23:09,15.17,0.0,22,33384,卖盘
10:23:12,15.17,0.0,91,138086,卖盘
10:23:16,15.17,0.0,543,823341,卖盘
10:23:19,15.17,0.0,2329,3534004,卖盘
10:23:22,15.18,0.01,302,458708,卖盘
10:23:25,15.19,0.01,76,115369,买盘
10:23:27,15.18,-0.01,94,142745,卖盘
10:23:31,15.19,0.01,31,47081,买盘
10:23:33,15.16,-0.03,4357,6607098,卖盘
10:23:36,15.17,0.01,5,7585,买盘
10:23:40,15.16,-0.01,46,69772,卖盘
10:23:42,15.17,0.01,44,66748,买盘
10:23:46,15.17,0.0,249,377485,买盘
10:23:48,15.17,0.0,152,230498,买盘
10:23:52,15.16,-0.01,399,605885,卖盘
10:23:54,15.16,0.0,317,480572,买盘
10:23:58,15.16,0.0,200,303095,买盘
10:24:00,15.16,0.0,104,157664,买盘
10:24:04,15.15,-0.01,63,94982,卖盘
10:24:06,15.15,0.0,274,415343,卖盘
10:24:09,15.17,0.02,198,300320,买盘
10:24:12,15.16,-0.01,285,431884,卖盘
10:24:15,15.16,0.0,172,260708,卖盘
10:24:22,15.16,0.0,613,928867,卖盘
10:24:24,15.17,0.01,90,136466,买盘
10:24:27,15.16,-0.01,155,234981,卖盘
10:24:30,15.17,0.01,1321,2001656,买盘
10:24:33,15.16,-0.01,153,231991,卖盘
10:24:36,15.15,-0.01,135,204623,卖盘
10:24:39,15.16,0.01,68,103047,买盘
10:24:42,15.16,0.0,89,134924,买盘
10:24:45,15.15,-0.01,96,145552,卖盘
10:24:48,15.15,0.0,81,122768,卖盘
10:24:52,15.15,0.0,763,1156151,卖盘
10:24:54,15.15,0.0,125,189370,买盘
10:24:58,15.14,-0.01,109,165102,卖盘
10:25:01,15.15,0.01,57,86300,买盘
10:25:04,15.14,-0.01,152,230128,卖盘
10:25:07,15.15,0.01,168,254401,买盘
10:25:10,15.15,0.0,156,236203,买盘
10:25:13,15.14,-0.01,100,151412,卖盘
10:25:15,15.15,0.01,17,25743,买盘
10:25:18,15.15,0.0,366,554278,买盘
10:25:21,15.14,-0.01,66,99974,卖盘
10:25:25,15.14,0.0,144,218048,卖盘
10:25:27,15.16,0.02,467,706725,买盘
10:25:30,15.15,-0.01,20,30300,卖盘
10:25:33,15.15,0.0,327,495605,卖盘
10:25:36,15.15,0.0,81,122729,卖盘
10:25:39,15.15,0.0,295,447062,卖盘
10:25:43,15.15,0.0,10,15151,卖盘
10:25:46,15.16,0.01,82,124262,买盘
10:25:49,15.15,-0.01,119,180401,卖盘
10:25:52,15.15,0.0,104,157654,卖盘
10:25:54,15.15,0.0,1095,1659815,卖盘
10:25:58,15.15,0.0,37,55237,卖盘
10:26:01,15.15,0.0,166,252308,卖盘
10:26:04,15.15,0.0,137,207459,买盘
10:26:07,15.15,0.0,70,105244,买盘
10:26:10,15.15,0.0,275,417443,卖盘
10:26:12,15.15,0.0,200,302047,买盘
10:26:15,15.15,0.0,28,42422,卖盘
10:26:18,15.16,0.01,128,193997,买盘
10:26:21,15.16,0.0,1133,1715640,卖盘
10:26:24,15.15,-0.01,173,262160,卖盘
10:26:27,15.15,0.0,19,28785,买盘
10:26:31,15.16,0.01,35,53048,买盘
10:26:33,15.16,0.0,1270,1923932,买盘
10:26:36,15.14,-0.02,81,122726,卖盘
10:26:39,15.16,0.02,55,83326,买盘
10:26:43,15.16,0.0,62,93938,买盘
10:26:46,15.15,-0.01,49,74267,中性盘
10:26:48,15.15,0.0,254,384719,卖盘
10:26:52,15.16,0.01,59,89386,买盘
10:26:55,15.15,-0.01,78,118158,中性盘
10:26:58,15.14,-0.01,312,472628,卖盘
10:27:00,15.15,0.01,105,159015,买盘
10:27:04,15.15,0.0,81,122650,买盘
10:27:06,15.15,0.0,209,316635,买盘
10:27:09,15.15,0.0,109,165156,卖盘
10:27:12,15.15,0.0,1,1515,卖盘
10:27:15,15.16,0.01,88,133358,买盘
10:27:18,15.16,0.0,98,148567,买盘
10:27:21,15.17,0.01,82,124331,买盘
10:27:25,15.16,-0.01,15,22742,卖盘
10:27:27,15.17,0.01,97,147149,买盘
10:27:30,15.17,0.0,92,139561,买盘
10:27:33,15.16,-0.01,120,182008,卖盘
10:27:36,15.16,0.0,1106,1675801,卖盘
10:27:40,15.17,0.01,115,174384,买盘
10:27:43,15.17,0.0,28,42476,买盘
10:27:46,15.16,-0.01,27,40946,卖盘
10:27:48,15.17,0.01,26,39432,买盘
10:27:51,15.16,-0.01,159,241123,卖盘
10:27:54,15.17,0.01,14,21237,买盘
10:27:57,15.17,0.0,578,877751,买盘
10:28:00,15.18,0.01,19,28842,买盘
10:28:05,15.17,-0.01,129,195747,卖盘
10:28:07,15.18,0.01,23,34911,买盘
10:28:12,15.18,0.0,42,63756,买盘
10:28:15,15.18,0.0,30,45540,买盘
10:28:18,15.18,0.0,422,640219,买盘
10:28:22,15.17,-0.01,6,9102,卖盘
10:28:25,15.17,0.0,133,200878,卖盘
10:28:27,15.17,0.0,40,60680,买盘
10:28:30,15.16,-0.01,8,12133,卖盘
10:28:33,15.17,0.01,350,530625,买盘
10:28:37,15.17,0.0,41,62197,买盘
10:28:39,15.16,-0.01,33,50044,卖盘
10:28:42,15.16,0.0,22,33372,卖盘
10:28:46,15.17,0.01,15,22755,买盘
10:28:48,15.17,0.0,72,109204,买盘
10:28:52,15.16,-0.01,163,247130,卖盘
10:28:54,15.17,0.01,36,54592,买盘
10:28:57,15.16,-0.01,122,185021,卖盘
10:29:00,15.16,0.0,46,69737,卖盘
10:29:04,15.17,0.01,101,153120,买盘
10:29:06,15.16,-0.01,706,1070306,卖盘
10:29:10,15.16,0.0,242,366831,买盘
10:29:13,15.16,0.0,29,43944,买盘
10:29:15,15.16,0.0,56,84891,买盘
10:29:18,15.15,-0.01,123,186463,卖盘
10:29:21,15.16,0.01,119,180392,买盘
10:29:24,15.16,0.0,26,39403,买盘
10:29:27,15.15,-0.01,277,419735,卖盘
10:29:30,15.16,0.01,124,187981,买盘
10:29:34,15.15,-0.01,85,128859,卖盘
10:29:37,15.16,0.01,20,30320,买盘
10:29:39,15.16,0.0,173,262268,买盘
10:29:43,15.16,0.0,503,762178,买盘
10:29:45,15.16,0.0,180,272880,买盘
10:29:49,15.16,0.0,462,700445,买盘
10:29:52,15.16,0.0,2,3032,卖盘
10:29:55,15.17,0.01,63,95552,买盘
10:29:57,15.16,-0.01,1,1516,卖盘
10:30:01,15.17,0.01,1,1517,买盘
10:30:04,15.17,0.0,152,230482,买盘
10:30:07,15.17,0.0,131,198717,买盘
10:30:10,15.17,0.0,151,229067,买盘
10:30:12,15.17,0.0,407,618344,买盘
10:30:15,15.18,0.01,59,89562,买盘
10:30:19,15.17,-0.01,70,106206,卖盘
10:30:22,15.17,0.0,104,157768,卖盘
10:30:25,15.18,0.01,75,113850,买盘
10:30:27,15.18,0.0,51,77418,买盘
10:30:31,15.17,-0.01,166,250897,卖盘
10:30:33,15.18,0.01,133,201847,买盘
10:30:36,15.18,0.0,127,192727,买盘
10:30:39,15.18,0.0,10,15180,买盘
10:30:42,15.18,0.0,155,234991,买盘
10:30:45,15.17,-0.01,76,115302,卖盘
10:30:48,15.17,0.0,54,81918,买盘
10:30:51,15.17,0.0,25,37925,买盘
10:30:54,15.15,-0.02,884,1340662,卖盘
10:31:00,15.17,0.02,251,380732,买盘
10:31:05,15.17,0.0,75,113775,卖盘
10:31:07,15.17,0.0,7,10619,买盘
10:31:10,15.16,-0.01,182,275951,卖盘
10:31:12,15.16,0.0,32,48531,卖盘
10:31:16,15.17,0.01,92,139564,买盘
10:31:18,15.16,-0.01,165,250263,卖盘
10:31:21,15.16,0.0,68,103146,卖盘
10:31:25,15.17,0.01,2,3034,买盘
10:31:27,15.16,-0.01,109,165250,卖盘
10:31:30,15.17,0.01,49,74312,买盘
10:31:33,15.16,-0.01,97,147143,卖盘
10:31:37,15.16,0.0,29,43975,卖盘
10:31:39,15.16,0.0,162,245618,卖盘
10:31:42,15.17,0.01,53,80401,买盘
10:31:45,15.16,-0.01,7,10614,卖盘
10:31:48,15.17,0.01,81,122814,买盘
10:31:51,15.16,-0.01,21,31836,卖盘
10:31:54,15.17,0.01,44,66748,买盘
10:31:57,15.16,-0.01,12,18202,卖盘
10:32:01,15.17,0.01,105,159285,买盘
10:32:05,15.16,-0.01,152,230487,卖盘
10:32:06,15.17,0.01,62,94049,买盘
10:32:09,15.17,0.0,12,18204,买盘
10:32:12,15.17,0.0,12,18204,买盘
10:32:16,15.17,0.0,410,621612,买盘
10:32:19,15.16,-0.01,162,245652,卖盘
10:32:22,15.17,0.01,3,4551,买盘
10:32:25,15.17,0.0,122,184974,买盘
10:32:28,15.16,-0.01,166,251785,卖盘
10:32:31,15.16,0.0,592,897472,卖盘
10:32:34,15.16,0.0,42,63710,卖盘
10:32:36,15.16,0.0,160,242563,卖盘
10:32:39,15.16,0.0,69,104604,买盘
10:32:42,15.16,0.0,10,15160,买盘
10:32:46,15.16,0.0,15,22740,买盘
10:32:48,15.16,0.0,186,281976,买盘
10:32:51,15.16,0.0,16,24250,买盘
10:32:54,15.16,0.0,44,66704,买盘
10:32:58,15.15,-0.01,114,172717,卖盘
10:33:01,15.16,0.01,56,84896,买盘
10:33:04,15.15,-0.01,304,460638,卖盘
10:33:06,15.16,0.01,978,1481873,买盘
10:33:10,15.15,-0.01,44,66660,卖盘
10:33:12,15.15,0.0,175,265175,卖盘
10:33:15,15.16,0.01,71,107586,买盘
10:33:18,15.16,0.0,42,63672,买盘
10:33:22,15.15,-0.01,134,203057,卖盘
10:33:25,15.15,0.0,8,12120,卖盘
10:33:27,15.16,0.01,67,101559,买盘
10:33:31,15.15,-0.01,66,99993,卖盘
10:33:33,15.15,0.0,147,222787,卖盘
10:33:36,15.15,0.0,255,386328,卖盘
10:33:40,15.16,0.01,1243,1883155,买盘
10:33:43,15.15,-0.01,1109,1679085,卖盘
10:33:46,15.15,0.0,94,142402,买盘
10:33:49,15.16,0.01,352,534304,买盘
10:33:52,15.15,-0.01,483,731758,卖盘
10:33:54,15.16,0.01,115,174269,买盘
10:33:57,15.14,-0.02,1210,1831219,卖盘
10:34:01,15.15,0.01,49,74234,中性盘
10:34:05,15.15,0.0,250,378576,买盘
10:34:07,15.15,0.0,211,319607,卖盘
10:34:10,15.15,0.0,62,93894,买盘
10:34:12,15.15,0.0,16,24240,买盘
10:34:15,15.15,0.0,88,133314,买盘
10:34:18,15.15,0.0,60,90939,卖盘
10:34:22,15.15,0.0,18,27276,卖盘
10:34:25,15.15,0.0,146,221190,卖盘
10:34:27,15.15,0.0,106,160631,卖盘
10:34:30,15.15,0.0,1,1819,卖盘
10:34:33,15.15,0.0,29,43940,卖盘
10:34:36,15.15,0.0,174,263610,卖盘
10:34:39,15.15,0.0,205,310643,卖盘
10:34:43,15.16,0.01,69,104539,买盘
10:34:46,15.15,-0.01,19,28789,卖盘
10:34:49,15.16,0.01,2,3031,买盘
10:34:51,15.15,-0.01,77,116697,卖盘
10:34:54,15.16,0.01,244,369665,买盘
10:34:57,15.15,-0.01,38,57574,卖盘
10:35:01,15.15,0.0,1131,1713333,卖盘
10:35:04,15.15,0.0,113,171195,买盘
10:35:07,15.15,0.0,16,24240,买盘
10:35:09,15.15,0.0,10,15150,买盘
10:35:12,15.15,0.0,86,130283,买盘
10:35:16,15.15,0.0,123,186342,买盘
10:35:18,15.15,0.0,190,287830,买盘
10:35:21,15.15,0.0,187,283109,买盘
10:35:25,15.15,0.0,95,143899,买盘
10:35:27,15.15,0.0,40,60600,买盘
10:35:30,15.15,0.0,86,130224,买盘
10:35:33,15.15,0.0,74,112080,买盘
10:35:37,15.15,0.0,34,51505,买盘
10:35:40,15.14,-0.01,30,45424,卖盘
10:35:42,15.15,0.01,47,71184,买盘
10:35:45,15.15,0.0,55,83325,买盘
10:35:48,15.15,0.0,7,10605,买盘
10:35:54,15.14,-0.01,154,233193,卖盘
10:35:57,15.15,0.01,75,113606,买盘
10:36:00,15.14,-0.01,1674,2535029,卖盘
10:36:04,15.14,0.0,13,19682,买盘
10:36:07,15.14,0.0,87,131708,买盘
10:36:10,15.14,0.0,11,16644,买盘
10:36:12,15.13,-0.01,10,15130,卖盘
10:36:15,15.14,0.01,50,75697,买盘
10:36:18,15.13,-0.01,77,116555,卖盘
10:36:21,15.13,0.0,186,281429,卖盘
10:36:24,15.13,0.0,161,243594,卖盘
10:36:27,15.13,0.0,161,243636,卖盘
10:36:30,15.13,0.0,505,764108,卖盘
10:36:34,15.13,0.0,76,115043,卖盘
10:36:36,15.13,0.0,82,124087,卖盘
10:36:40,15.14,0.01,47,71148,买盘
10:36:42,15.14,0.0,34,51445,买盘
10:36:46,15.14,0.0,268,404968,买盘
10:36:49,15.14,0.0,19,28757,买盘
10:36:51,15.13,-0.01,84,127141,卖盘
10:36:54,15.14,0.01,52,78679,买盘
10:36:57,15.13,-0.01,100,151300,卖盘
10:37:00,15.14,0.01,78,118019,买盘
10:37:04,15.14,0.0,115,174045,买盘
10:37:07,15.13,-0.01,12,18161,卖盘
10:37:09,15.14,0.01,865,1309269,买盘
10:37:12,15.14,0.0,52,78725,买盘
10:37:15,15.13,-0.01,252,381382,卖盘
10:37:19,15.13,0.0,34,51442,卖盘
10:37:22,15.14,0.01,194,293604,买盘
10:37:24,15.14,0.0,41,62074,买盘
10:37:27,15.13,-0.01,835,1263359,卖盘
10:37:31,15.13,0.0,156,236085,卖盘
10:37:33,15.13,0.0,133,201851,卖盘
10:37:36,15.13,0.0,70,105910,买盘
10:37:40,15.13,0.0,158,239052,买盘
10:37:43,15.13,0.0,76,114944,买盘
10:37:45,15.13,0.0,44,66572,买盘
10:37:48,15.12,-0.01,81,122510,卖盘
10:37:52,15.13,0.01,168,254104,买盘
10:37:55,15.13,0.0,11,16643,买盘
10:37:57,15.13,0.0,55,83214,买盘
10:38:00,15.12,-0.01,1383,2091116,卖盘
10:38:04,15.13,0.01,20,30252,买盘
10:38:07,15.12,-0.01,181,274275,卖盘
10:38:10,15.12,0.0,44,66570,卖盘
10:38:13,15.12,0.0,5,7560,卖盘
10:38:15,15.12,0.0,36,54446,卖盘
10:38:19,15.12,0.0,6512,9837830,卖盘
10:38:22,15.12,0.0,50,75549,买盘
10:38:24,15.1,-0.02,226,341260,卖盘
10:38:27,15.11,0.01,153,231062,买盘
10:38:31,15.11,0.0,129,194880,买盘
10:38:34,15.1,-0.01,146,220533,卖盘
10:38:36,15.11,0.01,68,102704,买盘
10:38:39,15.11,0.0,309,466957,买盘
10:38:42,15.1,-0.01,149,225053,卖盘
10:38:45,15.11,0.01,110,166133,买盘
10:38:48,15.11,0.0,264,399785,买盘
10:38:52,15.12,0.01,77,116389,买盘
10:38:55,15.11,-0.01,118,178298,卖盘
10:38:58,15.12,0.01,107,161718,买盘
10:39:00,15.12,0.0,29,43825,买盘
10:39:04,15.11,-0.01,187,282753,卖盘
10:39:07,15.11,0.0,67,101292,卖盘
10:39:10,15.13,0.02,208,314300,买盘
10:39:13,15.12,-0.01,7,10584,中性盘
10:39:16,15.11,-0.01,53,80126,卖盘
10:39:18,15.12,0.01,19,28728,买盘
10:39:22,15.11,-0.01,200,302298,卖盘
10:39:25,15.12,0.01,513,773974,卖盘
10:39:27,15.12,0.0,132,199580,买盘
10:39:31,15.13,0.01,95,143641,买盘
10:39:34,15.12,-0.01,51,77112,卖盘
10:39:36,15.13,0.01,78,117983,买盘
10:39:39,15.13,0.0,220,332858,买盘
10:39:43,15.13,0.0,68,102846,买盘
10:39:46,15.12,-0.01,14,21168,卖盘
10:39:48,15.12,0.0,225,340279,卖盘
10:39:52,15.12,0.0,71,107362,卖盘
10:39:54,15.12,0.0,129,195051,卖盘
10:39:57,15.13,0.01,173,261630,买盘
10:40:00,15.12,-0.01,36,54432,卖盘
10:40:04,15.13,0.01,158,238938,买盘
10:40:06,15.12,-0.01,97,146758,卖盘
10:40:10,15.13,0.01,220,332818,买盘
10:40:12,15.13,0.0,48,72624,卖盘
10:40:16,15.13,0.0,219,331467,卖盘
10:40:18,15.14,0.01,258,390612,买盘
10:40:22,15.13,-0.01,217,328415,卖盘
10:40:25,15.14,0.01,64,96883,卖盘
10:40:27,15.14,0.0,47,71158,卖盘
10:40:30,15.14,0.0,216,327059,买盘
10:40:33,15.14,0.0,47,71145,买盘
10:40:36,15.15,0.01,60,90842,买盘
10:40:40,15.14,-0.01,35,52991,卖盘
10:40:43,15.14,0.0,56,84821,卖盘
10:40:46,15.14,0.0,37,56018,卖盘
10:40:48,15.14,0.0,139,210446,卖盘
10:40:51,15.15,0.01,257,389111,买盘
10:40:54,15.14,-0.01,215,325552,卖盘
10:40:57,15.13,-0.01,34,51475,卖盘
10:41:00,15.15,0.02,84,127236,买盘
10:41:04,15.14,-0.01,54,81805,卖盘
10:41:07,15.14,0.0,54,81782,卖盘
10:41:10,15.14,0.0,30,45420,买盘
10:41:13,15.14,0.0,17,25738,卖盘
10:41:15,15.15,0.01,155,234825,买盘
10:41:18,15.15,0.0,85,128720,买盘
10:41:21,15.15,0.0,15,22723,买盘
10:41:25,15.14,-0.01,23,34822,卖盘
10:41:27,15.15,0.01,43,65145,买盘
10:41:30,15.15,0.0,6,9085,买盘
10:41:33,15.14,-0.01,15,22721,卖盘
10:41:37,15.15,0.01,99,149985,买盘
10:41:39,15.15,0.0,996,1508940,买盘
10:41:42,15.15,0.0,26,39390,买盘
10:41:46,15.14,-0.01,129,195418,卖盘
10:41:48,15.15,0.01,90,136350,买盘
10:41:51,15.15,0.0,38,57534,买盘
10:41:54,15.15,0.0,128,193795,买盘
10:41:57,15.15,0.0,8,12120,买盘
10:42:01,15.15,0.0,207,313461,买盘
10:42:04,15.14,-0.01,26,39364,卖盘
10:42:07,15.14,0.0,194,293816,卖盘
10:42:09,15.14,0.0,27,40884,卖盘
10:42:13,15.14,0.0,111,168097,卖盘
10:42:15,15.15,0.01,1,1515,买盘
10:42:19,15.15,0.0,1127,1707405,买盘
10:42:22,15.17,0.02,199,301532,买盘
10:42:25,15.15,-0.02,319,484416,卖盘
10:42:27,15.17,0.02,16,24242,买盘
10:42:30,15.15,-0.02,12,18188,卖盘
10:42:34,15.17,0.02,38,57645,买盘
10:42:36,15.17,0.0,67,101602,买盘
10:42:40,15.15,-0.02,15,22749,卖盘
10:42:42,15.17,0.02,36,54612,买盘
10:42:46,15.17,0.0,40,60680,买盘
10:42:49,15.17,0.0,22,33374,买盘
10:42:51,15.17,0.0,10,15170,买盘
10:42:54,15.17,0.0,64,97057,买盘
10:42:57,15.17,0.0,21,31855,买盘
10:43:00,15.17,0.0,8,12136,买盘
10:43:04,15.17,0.0,26,39442,买盘
10:43:07,15.16,-0.01,96,145517,卖盘
10:43:12,15.15,-0.01,7,10908,卖盘
10:43:16,15.16,0.01,3,4547,中性盘
10:43:19,15.15,-0.01,217,328960,卖盘
10:43:22,15.16,0.01,33,50028,买盘
10:43:24,15.16,0.0,104,157561,买盘
10:43:27,15.15,-0.01,54,81856,卖盘
10:43:30,15.16,0.01,77,116680,买盘
10:43:34,15.16,0.0,32,48486,买盘
10:43:36,15.15,-0.01,167,253017,卖盘
10:43:40,15.17,0.02,404,612759,买盘
10:43:43,15.17,0.0,1386,2102562,卖盘
10:43:45,15.15,-0.02,493,746547,卖盘
10:43:48,15.15,0.0,1130,1710624,卖盘
10:43:51,15.16,0.01,80,121270,买盘
10:43:54,15.15,-0.01,20,30306,卖盘
10:43:57,15.16,0.01,2,3032,买盘
10:44:00,15.15,-0.01,76,115180,卖盘
10:44:04,15.15,0.0,29,43936,卖盘
10:44:07,15.15,0.0,74,112123,卖盘
10:44:09,15.15,0.0,1,1515,买盘
10:44:13,15.15,0.0,134,202934,买盘
10:44:16,15.13,-0.02,296,447976,卖盘
10:44:18,15.15,0.02,19,28770,买盘
10:44:22,15.15,0.0,157,237855,买盘
10:44:24,15.15,0.0,1483,2246785,卖盘
10:44:28,15.14,-0.01,115,174224,卖盘
10:44:30,15.14,0.0,4,6056,卖盘
10:44:33,15.13,-0.01,56,84774,卖盘
10:44:36,15.15,0.02,206,312063,买盘
10:44:39,15.15,0.0,37,56055,买盘
10:44:42,15.13,-0.02,29,43879,卖盘
10:44:45,15.13,0.0,670,1014557,卖盘
10:44:48,15.13,0.0,30,45392,卖盘
10:44:52,15.15,0.02,117,177221,卖盘
10:44:55,15.15,0.0,1,1515,买盘
10:44:57,15.13,-0.02,385,582587,卖盘
10:45:00,15.13,0.0,27,40858,卖盘
10:45:04,15.13,0.0,31,46903,卖盘
10:45:07,15.15,0.02,129,195254,买盘
10:45:09,15.13,-0.02,10,15130,卖盘
10:45:12,15.13,0.0,285,431205,卖盘
10:45:15,15.13,0.0,37,55954,买盘
10:45:19,15.12,-0.01,53,80183,卖盘
10:45:22,15.13,0.01,43,65059,买盘
10:45:25,15.12,-0.01,40,60480,卖盘
10:45:27,15.12,0.0,282,426650,卖盘
10:45:30,15.12,0.0,161,243590,卖盘
10:45:33,15.13,0.01,32,48416,买盘
10:45:37,15.13,0.0,69,104397,买盘
10:45:40,15.13,0.0,106,160373,买盘
10:45:42,15.13,0.0,88,133144,买盘
10:45:45,15.13,0.0,3,4539,买盘
10:45:49,15.13,0.0,73,110446,买盘
10:45:52,15.13,0.0,67,101371,买盘
10:45:54,15.13,0.0,1128,1705621,买盘
10:45:57,15.12,-0.01,17,25706,卖盘
10:46:00,15.13,0.01,48,72621,买盘
10:46:04,15.13,0.0,251,379763,买盘
10:46:07,15.12,-0.01,38,57468,卖盘
10:46:10,15.13,0.01,557,842665,买盘
10:46:13,15.14,0.01,84,127128,买盘
10:46:16,15.14,0.0,9,13626,买盘
10:46:22,15.13,-0.01,42,63546,卖盘
10:46:25,15.14,0.01,55,83270,买盘
10:46:27,15.14,0.0,12,18168,买盘
10:46:30,15.14,0.0,21,31793,买盘
10:46:34,15.15,0.01,1622,2456184,买盘
10:46:37,15.15,0.0,9,13638,卖盘
10:46:40,15.15,0.0,11,16673,卖盘
10:46:42,15.15,0.0,39,59085,卖盘
10:46:46,15.16,0.01,50,75791,买盘
10:46:49,15.16,0.0,9,13644,买盘
10:46:52,15.16,0.0,3,4546,买盘
10:46:54,15.15,-0.01,50,75750,卖盘
10:46:57,15.15,0.0,48,72761,卖盘
10:47:00,15.16,0.01,10,15159,买盘
10:47:05,15.16,0.0,63,95448,买盘
10:47:07,15.16,0.0,44,66703,买盘
10:47:10,15.16,0.0,335,507860,买盘
10:47:13,15.16,0.0,14,21233,卖盘
10:47:16,15.16,0.0,32,48512,卖盘
10:47:18,15.17,0.01,46,69775,买盘
10:47:22,15.17,0.0,63,95561,买盘
10:47:25,15.17,0.0,88,133412,买盘
10:47:27,15.17,0.0,1830,2776110,买盘
10:47:31,15.17,0.0,342,519025,卖盘
10:47:34,15.17,0.0,721,1093768,卖盘
10:47:37,15.17,0.0,21,31858,卖盘
10:47:40,15.18,0.01,42,63756,买盘
10:47:43,15.18,0.0,5,7590,买盘
10:47:45,15.18,0.0,11,16698,买盘
10:47:48,15.17,-0.01,4,6068,卖盘
10:47:51,15.18,0.01,38,57683,买盘
10:47:54,15.18,0.0,327,496162,买盘
10:47:58,15.17,-0.01,28,42309,卖盘
10:48:00,15.17,0.0,14,21234,买盘
10:48:04,15.17,0.0,63,95571,买盘
10:48:06,15.17,0.0,27,40959,买盘
10:48:09,15.17,0.0,2,3033,买盘
10:48:12,15.16,-0.01,20,30320,卖盘
10:48:15,15.17,0.01,65,98812,买盘
10:48:18,15.15,-0.02,1018,1542959,卖盘
10:48:22,15.15,0.0,122,184960,卖盘
10:48:24,15.17,0.02,125,189544,买盘
10:48:28,15.15,-0.02,237,359384,卖盘
10:48:30,15.16,0.01,38,57616,卖盘
10:48:33,15.16,0.0,82,124268,卖盘
10:48:37,15.17,0.01,43,65231,买盘
10:48:39,15.16,-0.01,16,24250,中性盘
10:48:42,15.16,0.0,140,212115,买盘
10:48:45,15.15,-0.01,28,42420,卖盘
10:48:49,15.15,0.0,68,103057,卖盘
10:48:51,15.15,0.0,29,43945,卖盘
10:48:54,15.15,0.0,345,522892,卖盘
10:48:57,15.16,0.01,115,174340,买盘
10:49:01,15.15,-0.01,204,309064,卖盘
10:49:04,15.16,0.01,211,319676,买盘
10:49:07,15.16,0.0,15,22726,买盘
10:49:10,15.16,0.0,151,228906,买盘
10:49:12,15.16,0.0,10,15160,买盘
10:49:18,15.16,0.0,2,3032,买盘
10:49:21,15.16,0.0,139,210724,买盘
10:49:24,15.16,0.0,9,13644,买盘
10:49:27,15.16,0.0,7,10612,买盘
10:49:30,15.16,0.0,42,63671,买盘
10:49:34,15.15,-0.01,40,60600,卖盘
10:49:37,15.16,0.01,8,12128,买盘
10:49:39,15.16,0.0,71,107573,买盘
10:49:42,15.16,0.0,95,143918,买盘
10:49:46,15.15,-0.01,157,237869,卖盘
10:49:48,15.15,0.0,90,136032,卖盘
10:49:51,15.15,0.0,48,72720,买盘
10:49:54,15.15,0.0,42,63630,买盘
10:49:57,15.15,0.0,9,13635,买盘
10:50:00,15.16,0.01,102,154535,买盘
10:50:05,15.16,0.0,37,56092,买盘
10:50:07,15.16,0.0,7,10612,买盘
10:50:09,15.16,0.0,125,189385,买盘
10:50:13,15.16,0.0,82,124277,买盘
10:50:16,15.15,-0.01,51,77309,卖盘
10:50:19,15.16,0.01,20,30320,买盘
10:50:22,15.15,-0.01,214,324420,卖盘
10:50:25,15.16,0.01,1244,1885904,买盘
10:50:28,15.17,0.01,55,83418,买盘
10:50:30,15.17,0.0,69,104663,买盘
10:50:34,15.17,0.0,262,397389,买盘
10:50:36,15.18,0.01,56,84974,买盘
10:50:40,15.15,-0.03,64,96992,卖盘
10:50:43,15.18,0.03,123,186438,买盘
10:50:48,15.18,0.0,62,94116,买盘
10:50:51,15.16,-0.02,45,68247,卖盘
10:50:55,15.18,0.02,14,21252,买盘
10:50:58,15.18,0.0,50,75900,买盘
10:51:00,15.18,0.0,42,63756,买盘
10:51:04,15.18,0.0,32,48552,买盘
10:51:06,15.18,0.0,1,1518,买盘
10:51:09,15.18,0.0,49,74382,买盘
10:51:13,15.18,0.0,740,1124246,买盘
10:51:15,15.19,0.01,10,15190,买盘
10:51:21,15.19,0.0,58,88087,买盘
10:51:25,15.19,0.0,58,88052,买盘
10:51:28,15.19,0.0,75,113923,买盘
10:51:34,15.18,-0.01,62,94157,卖盘
10:51:36,15.18,0.0,20,30370,卖盘
10:51:39,15.18,0.0,112,170019,卖盘
10:51:43,15.19,0.01,39,59241,买盘
10:51:45,15.18,-0.01,46,69868,卖盘
10:51:48,15.18,0.0,152,229810,卖盘
10:51:52,15.18,0.0,16,24288,买盘
10:51:55,15.16,-0.02,316,479160,卖盘
10:51:58,15.18,0.02,1554,2352962,买盘
10:52:00,15.18,0.0,25,37920,买盘
10:52:07,15.18,0.0,281,425722,买盘
10:52:10,15.17,-0.01,21,31866,卖盘
10:52:13,15.14,-0.03,38,57542,卖盘
10:52:15,15.17,0.03,42,63708,买盘
10:52:19,15.16,-0.01,22,33352,中性盘
10:52:21,15.18,0.02,9,13662,买盘
10:52:24,15.18,0.0,2,3036,买盘
10:52:27,15.18,0.0,41,62205,买盘
10:52:30,15.16,-0.02,23,34888,卖盘
10:52:33,15.17,0.01,23,34872,买盘
10:52:36,15.15,-0.02,21,31846,卖盘
10:52:39,15.16,0.01,162,245648,买盘
10:52:42,15.15,-0.01,176,266778,卖盘
10:52:45,15.16,0.01,5,7580,买盘
10:52:48,15.16,0.0,66,100045,买盘
10:52:51,15.16,0.0,69,104604,买盘
10:52:54,15.17,0.01,1085,1645040,买盘
10:52:57,15.16,-0.01,1,1516,卖盘
10:53:00,15.18,0.02,145,219896,买盘
10:53:04,15.18,0.0,56,84948,买盘
10:53:07,15.16,-0.02,1,1516,卖盘
10:53:09,15.18,0.02,3,4554,买盘
10:53:12,15.18,0.0,50,75900,买盘
10:53:16,15.18,0.0,173,262614,买盘
10:53:21,15.18,0.0,849,1288639,买盘
10:53:24,15.16,-0.02,374,567001,卖盘
10:53:28,15.18,0.02,66,100188,买盘
10:53:30,15.19,0.01,39,59193,买盘
10:53:34,15.19,0.0,46,69869,买盘
10:53:37,15.19,0.0,10,15190,买盘
10:53:40,15.18,-0.01,12,18216,卖盘
10:53:43,15.19,0.01,8,12152,买盘
10:53:45,15.18,-0.01,63,95675,卖盘
10:53:49,15.18,0.0,63,95643,卖盘
10:53:52,15.19,0.01,1,1519,买盘
10:53:55,15.19,0.0,92,139693,买盘
10:53:58,15.19,0.0,50,75918,买盘
10:54:01,15.18,-0.01,100,151839,卖盘
10:54:05,15.18,0.0,83,126004,卖盘
10:54:07,15.19,0.01,47,71382,买盘
10:54:10,15.19,0.0,1,1519,买盘
10:54:13,15.19,0.0,56,85054,买盘
10:54:15,15.18,-0.01,11,16698,卖盘
10:54:19,15.19,0.01,104,157943,买盘
10:54:22,15.19,0.0,9,13670,买盘
10:54:24,15.19,0.0,4,6076,买盘
10:54:27,15.19,0.0,60,91130,买盘
10:54:31,15.19,0.0,38,57722,买盘
10:54:33,15.19,0.0,109,165571,买盘
10:54:37,15.19,0.0,10,15185,买盘
10:54:39,15.19,0.0,140,212562,买盘
10:54:42,15.18,-0.01,130,197350,卖盘
10:54:45,15.19,0.01,92,139748,买盘
10:54:48,15.19,0.0,22,33412,买盘
10:54:51,15.19,0.0,204,309875,买盘
10:54:54,15.19,0.0,82,124491,买盘
10:54:57,15.18,-0.01,2,3036,卖盘
10:55:01,15.19,0.01,51,77469,买盘
10:55:05,15.19,0.0,115,174631,买盘
10:55:07,15.19,0.0,16,24302,买盘
10:55:10,15.19,0.0,360,546490,买盘
10:55:12,15.19,0.0,108,163987,买盘
10:55:18,15.19,0.0,25,37975,买盘
10:55:22,15.19,0.0,71,107849,买盘
10:55:24,15.19,0.0,64,97200,买盘
10:55:28,15.19,0.0,37,56183,买盘
10:55:30,15.18,-0.01,10,15184,卖盘
10:55:34,15.19,0.01,51,77469,买盘
10:55:36,15.18,-0.01,252,382577,卖盘
10:55:40,15.18,0.0,21,31887,卖盘
10:55:42,15.19,0.01,65,98723,买盘
10:55:46,15.19,0.0,55,83534,买盘
10:55:49,15.19,0.0,47,71393,买盘
10:55:52,15.18,-0.01,354,537387,卖盘
10:55:54,15.19,0.01,60,91096,买盘
10:55:57,15.19,0.0,45,68355,买盘
10:56:00,15.18,-0.01,37,56176,卖盘
10:56:04,15.18,0.0,200,303600,卖盘
10:56:07,15.18,0.0,10,15180,卖盘
10:56:10,15.19,0.01,36,54684,买盘
10:56:13,15.18,-0.01,13,19743,卖盘
10:56:16,15.19,0.01,1191,1809129,买盘
10:56:18,15.19,0.0,61,92659,买盘
10:56:22,15.18,-0.01,26,39468,卖盘
10:56:25,15.18,0.0,97,147293,卖盘
10:56:28,15.19,0.01,12,18218,买盘
10:56:30,15.19,0.0,43,65317,买盘
10:56:33,15.19,0.0,45,68355,买盘
10:56:36,15.18,-0.01,3,4554,卖盘
10:56:40,15.18,0.0,77,116892,卖盘
10:56:42,15.19,0.01,106,160950,买盘
10:56:45,15.18,-0.01,26,39476,卖盘
10:56:49,15.19,0.01,1,1519,买盘
10:56:51,15.2,0.01,1778,2697742,买盘
10:56:55,15.19,-0.01,2,3038,中性盘
10:56:57,15.2,0.01,9,13680,买盘
10:57:00,15.19,-0.01,4,6076,卖盘
10:57:04,15.19,0.0,78,118525,卖盘
10:57:07,15.2,0.01,42,63838,买盘
10:57:10,15.19,-0.01,32,48608,卖盘
10:57:12,15.2,0.01,114,173179,买盘
10:57:15,15.19,-0.01,141,214220,卖盘
10:57:18,15.2,0.01,19,28860,买盘
10:57:22,15.19,-0.01,110,167198,中性盘
10:57:25,15.19,0.0,79,119964,买盘
10:57:28,15.16,-0.03,142,215534,卖盘
10:57:31,15.18,0.02,23,34929,卖盘
10:57:33,15.19,0.01,9,13663,买盘
10:57:37,15.19,0.0,153,232306,买盘
10:57:40,15.18,-0.01,147,223271,卖盘
10:57:43,15.19,0.01,18,27338,买盘
10:57:45,15.17,-0.02,10,15170,卖盘
10:57:48,15.16,-0.01,144,218460,卖盘
10:57:51,15.18,0.02,13,19734,买盘
10:57:54,15.18,0.0,1,1518,买盘
10:57:58,15.18,0.0,124,188124,买盘
10:58:00,15.18,0.0,81,122958,买盘
10:58:04,15.17,-0.01,33,50073,卖盘
10:58:07,15.17,0.0,1,1517,卖盘
10:58:09,15.18,0.01,105,159364,买盘
10:58:12,15.18,0.0,17,25799,买盘
10:58:16,15.18,0.0,117,177500,买盘
10:58:19,15.18,0.0,115,174430,买盘
10:58:22,15.16,-0.02,76,115296,卖盘
10:58:24,15.16,0.0,107,162262,卖盘
10:58:28,15.17,0.01,106,160748,买盘
10:58:31,15.16,-0.01,491,744464,卖盘
10:58:34,15.17,0.01,6,9102,买盘
10:58:36,15.16,-0.01,40,60652,卖盘
10:58:39,15.16,0.0,52,78832,卖盘
10:58:42,15.17,0.01,73,110714,买盘
10:58:45,15.17,0.0,9,13653,买盘
10:58:51,15.16,-0.01,11,16686,卖盘
10:58:54,15.18,0.02,307,465755,买盘
10:58:57,15.17,-0.01,44,66759,卖盘
10:59:05,15.18,0.01,139,210902,买盘
10:59:07,15.18,0.0,22,33396,买盘
10:59:12,15.17,-0.01,9,13654,卖盘
10:59:15,15.18,0.01,80,121404,买盘
10:59:19,15.17,-0.01,25,37940,卖盘
10:59:22,15.17,0.0,111,168387,卖盘
10:59:25,15.16,-0.01,67,101584,卖盘
10:59:28,15.17,0.01,70,106230,买盘
10:59:31,15.18,0.01,8,12144,买盘
10:59:37,15.17,-0.01,151,229137,卖盘
10:59:39,15.17,0.0,106,160802,买盘
10:59:42,15.17,0.0,95,144155,买盘
10:59:46,15.17,0.0,13,19714,买盘
10:59:48,15.17,0.0,53,80401,买盘
10:59:52,15.16,-0.01,58,87938,卖盘
10:59:55,15.17,0.01,1,1517,买盘
10:59:57,15.16,-0.01,511,775184,卖盘
11:00:01,15.17,0.01,132,200244,买盘
11:00:04,15.17,0.0,33,50071,卖盘
11:00:07,15.17,0.0,10,15170,卖盘
11:00:09,15.18,0.01,52,78931,买盘
11:00:12,15.17,-0.01,9,13653,卖盘
11:00:15,15.18,0.01,9,13662,买盘
11:00:21,15.18,0.0,45,68304,买盘
11:00:24,15.18,0.0,93,141154,买盘
11:00:27,15.18,0.0,42,63725,买盘
11:00:31,15.17,-0.01,691,1047664,卖盘
11:00:33,15.17,0.0,53,80424,买盘
11:00:36,15.16,-0.01,42,63687,卖盘
11:00:40,15.17,0.01,29,43993,买盘
11:00:42,15.17,0.0,85,128898,买盘
11:00:46,15.17,0.0,5,7585,买盘
11:00:49,15.17,0.0,20,30340,买盘
11:00:52,15.17,0.0,2,3033,买盘
11:00:54,15.17,0.0,44,66746,买盘
11:00:58,15.17,0.0,386,585562,买盘
11:01:00,15.17,0.0,82,124470,卖盘
11:01:04,15.18,0.01,6,9108,买盘
11:01:06,15.19,0.01,756,1146403,买盘
11:01:09,15.19,0.0,10,15190,买盘
11:01:15,15.19,0.0,77,116963,买盘
11:01:18,15.18,-0.01,5,7590,卖盘
11:01:22,15.19,0.01,10,15190,买盘
11:01:25,15.17,-0.02,196,297642,卖盘
11:01:27,15.19,0.02,91,138229,买盘
11:01:31,15.2,0.01,93,141275,买盘
11:01:34,15.18,-0.02,99,150322,卖盘
11:01:36,15.2,0.02,3,4134,买盘
11:01:39,15.16,-0.04,257,389909,卖盘
11:01:42,15.19,0.03,10,15199,中性盘
11:01:45,15.17,-0.02,35,53113,卖盘
11:01:48,15.2,0.03,40,60799,买盘
11:01:54,15.17,-0.03,10,15197,卖盘
11:01:57,15.2,0.03,4,6080,买盘
11:02:01,15.2,0.0,42,63840,买盘
11:02:05,15.2,0.0,46,69920,买盘
11:02:07,15.18,-0.02,1,1518,中性盘
11:02:09,15.16,-0.02,727,1102346,卖盘
11:02:13,15.19,0.03,58,88135,买盘
11:02:15,15.19,0.0,13,19747,买盘
11:02:18,15.19,0.0,48,72912,买盘
11:02:22,15.2,0.01,211,320679,买盘
11:02:28,15.2,0.0,11,16720,买盘
11:02:33,15.2,0.0,49,74474,买盘
11:02:36,15.2,0.0,8,12160,买盘
11:02:42,15.19,-0.01,75,113902,卖盘
11:02:45,15.19,0.0,271,411851,卖盘
11:02:49,15.2,0.01,10,15200,买盘
11:02:51,15.2,0.0,41,62320,买盘
11:02:55,15.2,0.0,121,183920,买盘
11:02:58,15.2,0.0,56,85120,买盘
11:03:00,15.19,-0.01,188,285738,卖盘
11:03:04,15.2,0.01,38,57744,买盘
11:03:07,15.2,0.0,41,62320,买盘
11:03:12,15.19,-0.01,159,241530,卖盘
11:03:15,15.19,0.0,23,34938,卖盘
11:03:18,15.2,0.01,51,77520,买盘
11:03:21,15.2,0.0,75,113934,买盘
11:03:24,15.2,0.0,1,1520,买盘
11:03:27,15.19,-0.01,52,78988,买盘
11:03:30,15.18,-0.01,70,106294,卖盘
11:03:33,15.19,0.01,28,42518,买盘
11:03:36,15.19,0.0,77,116922,买盘
11:03:39,15.2,0.01,44,66878,买盘
11:03:43,15.19,-0.01,34,51636,卖盘
11:03:45,15.19,0.0,65,98692,买盘
11:03:49,15.18,-0.01,83,125999,卖盘
11:03:51,15.18,0.0,67,101706,买盘
11:03:54,15.18,0.0,59,89523,买盘
11:03:58,15.18,0.0,53,80454,买盘
11:04:01,15.19,0.01,859,1303995,买盘
11:04:04,15.19,0.0,20,30380,卖盘
11:04:06,15.19,0.0,47,71401,中性盘
11:04:12,15.2,0.01,49,74480,买盘
11:04:15,15.2,0.0,9,13680,买盘
11:04:18,15.2,0.0,27,41018,买盘
11:04:22,15.19,-0.01,75,113925,卖盘
11:04:25,15.19,0.0,79,120079,卖盘
11:04:27,15.2,0.01,6,9120,买盘
11:04:30,15.19,-0.01,164,249116,卖盘
11:04:33,15.19,0.0,39,59241,买盘
11:04:36,15.19,0.0,10,15190,买盘
11:04:39,15.18,-0.01,67,101731,卖盘
11:04:45,15.19,0.01,41,62279,买盘
11:04:48,15.18,-0.01,1,1518,卖盘
11:04:51,15.18,0.0,66,100198,卖盘
11:04:54,15.18,0.0,1,1518,卖盘
11:04:57,15.18,0.0,109,165501,卖盘
11:05:01,15.19,0.01,29,44051,买盘
11:05:04,15.18,-0.01,82,124518,卖盘
11:05:07,15.19,0.01,129,195864,买盘
11:05:09,15.17,-0.02,507,769147,卖盘
11:05:13,15.19,0.02,9,13671,买盘
11:05:15,15.19,0.0,24,36456,买盘
11:05:18,15.19,0.0,38,57722,买盘
11:05:21,15.18,-0.01,11,16700,卖盘
11:05:24,15.19,0.01,17,25817,买盘
11:05:27,15.18,-0.01,130,197342,卖盘
11:05:30,15.18,0.0,141,214063,卖盘
11:05:33,15.19,0.01,47,71356,买盘
11:05:36,15.18,-0.01,78,118454,卖盘
11:05:40,15.18,0.0,177,268672,卖盘
11:05:43,15.18,0.0,23,34920,卖盘
11:05:45,15.19,0.01,96,145644,买盘
11:05:48,15.18,-0.01,27,40975,买盘
11:05:51,15.17,-0.01,111,168483,卖盘
11:05:54,15.18,0.01,11,16698,买盘
11:05:57,15.18,0.0,57,86486,买盘
11:06:00,15.16,-0.02,261,395761,卖盘
11:06:04,15.18,0.02,38,57684,买盘
11:06:06,15.18,0.0,42,63720,买盘
11:06:13,15.18,0.0,44,66792,买盘
11:06:16,15.17,-0.01,25,37925,卖盘
11:06:18,15.18,0.01,9,13662,买盘
11:06:24,15.18,0.0,50,75900,买盘
11:06:30,15.17,-0.01,56,84998,卖盘
11:06:34,15.18,0.01,21,31859,买盘
11:06:36,15.17,-0.01,55,83477,卖盘
11:06:39,15.18,0.01,44,66792,买盘
11:06:45,15.18,0.0,88,133534,买盘
11:06:48,15.18,0.0,2,3036,买盘
11:06:51,15.18,0.0,10,15180,买盘
11:06:54,15.18,0.0,14,21241,买盘
11:06:57,15.18,0.0,842,1276820,买盘
11:07:00,15.16,-0.02,72,109220,卖盘
11:07:04,15.17,0.01,9,13653,买盘
11:07:07,15.17,0.0,11,16687,买盘
11:07:10,15.17,0.0,48,72816,买盘
11:07:13,15.17,0.0,10,15170,买盘
11:07:18,15.16,-0.01,119,180513,卖盘
11:07:22,15.17,0.01,414,628025,买盘
11:07:25,15.17,0.0,15,22765,卖盘
11:07:28,15.17,0.0,35,53101,卖盘
11:07:30,15.18,0.01,43,65274,买盘
11:07:33,15.18,0.0,21,31858,买盘
11:07:36,15.17,-0.01,40,60701,卖盘
11:07:43,15.18,0.01,37,56166,买盘
11:07:45,15.17,-0.01,44,66748,卖盘
11:07:49,15.17,0.0,80,121413,卖盘
11:07:52,15.17,0.0,43,65231,卖盘
11:07:54,15.18,0.01,49,74382,买盘
11:07:57,15.18,0.0,61,92545,买盘
11:08:04,15.18,0.0,72,109271,买盘
11:08:07,15.17,-0.01,67,101652,卖盘
11:08:09,15.18,0.01,10,15180,买盘
11:08:12,15.18,0.0,24,36432,买盘
11:08:15,15.18,0.0,109,165432,买盘
11:08:21,15.18,0.0,11,16697,买盘
11:08:24,15.17,-0.01,114,172943,卖盘
11:08:27,15.17,0.0,76,115337,卖盘
11:08:30,15.18,0.01,10,15180,买盘
11:08:33,15.18,0.0,2,3035,买盘
11:08:36,15.18,0.0,41,62238,买盘
11:08:39,15.18,0.0,11,16698,买盘
11:08:42,15.17,-0.01,35,53104,卖盘
11:08:48,15.18,0.01,37,56166,买盘
11:08:55,15.18,0.0,11,16698,买盘
11:08:57,15.18,0.0,200,303600,买盘
11:09:00,15.18,0.0,42,63756,买盘
11:09:04,15.17,-0.01,184,279128,卖盘
11:09:07,15.18,0.01,13,19724,买盘
11:09:10,15.18,0.0,39,59201,买盘
11:09:12,15.18,0.0,10,15180,买盘
11:09:15,15.18,0.0,120,182050,买盘
11:09:18,15.18,0.0,1,1518,买盘
11:09:21,15.16,-0.02,145,219984,卖盘
11:09:24,15.18,0.02,9,13662,买盘
11:09:27,15.16,-0.02,100,151633,卖盘
11:09:30,15.16,0.0,100,151600,卖盘
11:09:33,15.18,0.02,38,57684,买盘
11:09:36,15.17,-0.01,114,172838,买盘
11:09:40,15.16,-0.01,105,159197,卖盘
11:09:42,15.17,0.01,86,130422,中性盘
11:09:46,15.17,0.0,115,174355,买盘
11:09:48,15.16,-0.01,110,166770,卖盘
11:09:52,15.17,0.01,105,159185,买盘
11:09:55,15.17,0.0,43,65231,买盘
11:09:58,15.17,0.0,156,236506,买盘
11:10:00,15.17,0.0,134,203168,买盘
11:10:04,15.17,0.0,1,1517,买盘
11:10:07,15.16,-0.01,204,309306,卖盘
11:10:09,15.17,0.01,49,74295,买盘
11:10:12,15.17,0.0,105,159185,买盘
11:10:15,15.15,-0.02,332,503305,卖盘
11:10:18,15.15,0.0,445,674247,卖盘
11:10:21,15.16,0.01,1106,1675592,买盘
11:10:24,15.14,-0.02,36,54504,卖盘
11:10:27,15.14,0.0,141,213556,卖盘
11:10:30,15.16,0.02,19,28804,买盘
11:10:33,15.14,-0.02,209,316815,卖盘
11:10:36,15.16,0.02,40,60629,买盘
11:10:39,15.16,0.0,704,1065435,买盘
11:10:43,15.16,0.0,10,15160,买盘
11:10:46,15.14,-0.02,20,30280,卖盘
11:10:49,15.14,0.0,82,124181,买盘
11:10:52,15.13,-0.01,70,105955,卖盘
11:10:54,15.14,0.01,77,116599,卖盘
11:11:00,15.13,-0.01,211,319498,卖盘
11:11:05,15.14,0.01,1331,2013245,卖盘
11:11:06,15.13,-0.01,120,181634,中性盘
11:11:09,15.14,0.01,291,440277,买盘
11:11:15,15.14,0.0,14,21196,买盘
11:11:18,15.14,0.0,27,40868,买盘
11:11:21,15.14,0.0,107,161998,买盘
11:11:24,15.13,-0.01,227,343451,卖盘
11:11:28,15.13,0.0,60,90803,买盘
11:11:30,15.14,0.01,10,15132,买盘
11:11:34,15.14,0.0,37,56018,买盘
11:11:37,15.14,0.0,156,236181,买盘
11:11:40,15.13,-0.01,42,63645,卖盘
11:11:42,15.16,0.03,40,60640,买盘
11:11:48,15.14,-0.02,25,37874,卖盘
11:11:51,15.14,0.0,53,80242,卖盘
11:11:54,15.14,0.0,209,316445,买盘
11:11:58,15.16,0.02,47,71166,买盘
11:12:00,15.16,0.0,10,15160,买盘
11:12:07,15.14,-0.02,64,96989,卖盘
11:12:09,15.15,0.01,190,287788,买盘
11:12:12,15.15,0.0,21,31805,买盘
11:12:16,15.15,0.0,61,92415,买盘
11:12:19,15.15,0.0,624,945289,买盘
11:12:21,15.16,0.01,271,410746,买盘
11:12:25,15.15,-0.01,21,31826,卖盘
11:12:27,15.17,0.02,92,139434,买盘
11:12:30,15.17,0.0,45,68241,买盘
11:12:33,15.17,0.0,9,13653,买盘
11:12:37,15.15,-0.02,73,110692,卖盘
11:12:39,15.17,0.02,97,147123,买盘
11:12:43,15.17,0.0,32,48530,买盘
11:12:46,15.15,-0.02,25,37913,卖盘
11:12:49,15.16,0.01,64,97031,中性盘
11:12:51,15.16,0.0,19,28804,买盘
11:12:54,15.17,0.01,13,19712,买盘
11:12:58,15.16,-0.01,2,3032,中性盘
11:13:01,15.16,0.0,48,72768,买盘
11:13:05,15.16,0.0,8,12128,买盘
11:13:07,15.16,0.0,20,30320,买盘
11:13:10,15.16,0.0,3,4548,买盘
11:13:13,15.16,0.0,40,60640,买盘
11:13:15,15.16,0.0,8,12128,买盘
11:13:18,15.16,0.0,2,3031,买盘
11:13:22,15.16,0.0,5,7580,买盘
11:13:25,15.15,-0.01,168,254679,卖盘
11:13:28,15.16,0.01,10,15160,买盘
11:13:31,15.14,-0.02,500,757499,卖盘
11:13:33,15.14,0.0,100,151448,卖盘
11:13:37,15.15,0.01,102,154478,买盘
11:13:39,15.14,-0.01,13,19693,卖盘
11:13:43,15.15,0.01,30,45424,买盘
11:13:45,15.15,0.0,49,74235,买盘
11:13:51,15.15,0.0,214,324060,买盘
11:13:58,15.14,-0.01,132,199914,卖盘
11:14:01,15.15,0.01,12,18180,买盘
11:14:04,15.14,-0.01,59,89327,卖盘
11:14:07,15.15,0.01,145,219582,买盘
11:14:09,15.14,-0.01,198,299772,卖盘
11:14:13,15.14,0.0,13,19682,买盘
11:14:16,15.14,0.0,150,227100,买盘
11:14:18,15.15,0.01,44,66659,买盘
11:14:21,15.14,-0.01,10,15141,卖盘
11:14:25,15.15,0.01,27,40905,买盘
11:14:28,15.14,-0.01,49,74187,卖盘
11:14:31,15.15,0.01,41,62115,买盘
11:14:33,15.14,-0.01,95,143872,卖盘
11:14:37,15.14,0.0,55,83270,卖盘
11:14:39,15.15,0.01,43,65145,买盘
11:14:42,15.14,-0.01,31,46962,卖盘
11:14:45,15.15,0.01,322,487402,买盘
11:14:48,15.14,-0.01,56,84751,卖盘
11:14:51,15.14,0.0,86,130234,卖盘
11:14:54,15.14,0.0,1,1514,买盘
11:14:58,15.13,-0.01,13,19679,卖盘
11:15:00,15.14,0.01,8,12112,买盘
11:15:04,15.14,0.0,73,110521,买盘
11:15:07,15.14,0.0,61,92354,买盘
11:15:10,15.14,0.0,104,157456,买盘
11:15:13,15.14,0.0,180,272500,买盘
11:15:15,15.14,0.0,559,845823,买盘
11:15:19,15.14,0.0,59,89326,买盘
11:15:21,15.14,0.0,31,46934,买盘
11:15:24,15.14,0.0,50,75700,买盘
11:15:28,15.14,0.0,27,40869,买盘
11:15:31,15.13,-0.01,527,797378,卖盘
11:15:33,15.14,0.01,47,71143,买盘
11:15:36,15.14,0.0,84,128361,买盘
11:15:39,15.14,0.0,15,22710,买盘
11:15:42,15.13,-0.01,280,423642,卖盘
11:15:45,15.14,0.01,176,266464,买盘
11:15:49,15.14,0.0,16,24224,买盘
11:15:51,15.14,0.0,112,169472,买盘
11:15:54,15.14,0.0,13,19682,买盘
11:15:57,15.14,0.0,173,261788,买盘
11:16:00,15.14,0.0,68,102916,买盘
11:16:05,15.13,-0.01,422,638495,卖盘
11:16:09,15.13,0.0,44,66615,卖盘
11:16:13,15.14,0.01,10,15140,买盘
11:16:16,15.14,0.0,41,62044,买盘
11:16:18,15.14,0.0,42,63588,买盘
11:16:21,15.13,-0.01,19,28747,卖盘
11:16:24,15.14,0.01,18,27252,买盘
11:16:27,15.14,0.0,107,161998,买盘
11:16:30,15.14,0.0,256,387584,买盘
11:16:33,15.14,0.0,56,84772,买盘
11:16:37,15.13,-0.01,122,184652,卖盘
11:16:40,15.14,0.01,1346,2037844,买盘
11:16:43,15.14,0.0,79,119640,卖盘
11:16:45,15.15,0.01,17,25753,买盘
11:16:48,15.15,0.0,66,99939,买盘
11:16:51,15.14,-0.01,70,105980,卖盘
11:16:54,15.14,0.0,57,86283,买盘
11:16:57,15.14,0.0,87,131680,买盘
11:17:00,15.14,0.0,122,184708,买盘
11:17:04,15.13,-0.01,132,199767,卖盘
11:17:06,15.14,0.01,52,78728,买盘
11:17:09,15.14,0.0,789,1194706,买盘
11:17:12,15.14,0.0,2,3029,卖盘
11:17:16,15.14,0.0,88,133311,卖盘
11:17:19,15.14,0.0,81,122654,买盘
11:17:21,15.13,-0.01,150,226995,卖盘
11:17:25,15.16,0.03,40,60635,买盘
11:17:27,15.14,-0.02,14,21196,卖盘
11:17:30,15.16,0.02,18,27288,买盘
11:17:34,15.16,0.0,3,4548,买盘
11:17:36,15.16,0.0,136,205992,买盘
11:17:39,15.16,0.0,4,6064,买盘
11:17:43,15.16,0.0,25,37900,买盘
11:17:46,15.14,-0.02,21,31813,卖盘
11:17:48,15.16,0.02,40,60640,买盘
11:17:51,15.15,-0.01,11,16665,买盘
11:17:54,15.15,0.0,6,9090,买盘
11:17:58,15.15,0.0,51,77265,买盘
11:18:01,15.14,-0.01,177,268001,卖盘
11:18:04,15.14,0.0,127,192404,卖盘
11:18:06,15.15,0.01,38,57556,买盘
11:18:09,15.15,0.0,41,62115,买盘
11:18:12,15.14,-0.01,3,4542,卖盘
11:18:16,15.15,0.01,10,15150,买盘
11:18:18,15.15,0.0,29,43915,买盘
11:18:21,15.15,0.0,51,77264,买盘
11:18:24,15.15,0.0,15,22725,买盘
11:18:27,15.15,0.0,504,763557,买盘
11:18:30,15.15,0.0,42,63630,买盘
11:18:33,15.14,-0.01,30,45423,卖盘
11:18:36,15.15,0.01,29,43929,买盘
11:18:39,15.15,0.0,86,130290,买盘
11:18:43,15.15,0.0,76,115123,买盘
11:18:45,15.15,0.0,1130,1710848,买盘
11:18:48,15.14,-0.01,591,895005,卖盘
11:18:52,15.14,0.0,383,579862,买盘
11:18:54,15.14,0.0,46,69644,买盘
11:18:57,15.14,0.0,93,140750,买盘
11:19:00,15.14,0.0,760,1150408,买盘
11:19:04,15.14,0.0,232,351248,买盘
11:19:06,15.14,0.0,59,89326,卖盘
11:19:09,15.15,0.01,8,12120,买盘
11:19:12,15.15,0.0,6,9087,买盘
11:19:15,15.16,0.01,43,65188,买盘
11:19:18,15.15,-0.01,48,72767,卖盘
11:19:21,15.15,0.0,11,16679,卖盘
11:19:24,15.16,0.01,10,15160,买盘
11:19:27,15.16,0.0,69,104634,买盘
11:19:31,15.16,0.0,25,37900,卖盘
11:19:33,15.18,0.02,10,15175,买盘
11:19:36,15.16,-0.02,105,159369,卖盘
11:19:40,15.18,0.02,39,59202,买盘
11:19:42,15.17,-0.01,8,12136,买盘
11:19:48,15.17,0.0,262,397399,买盘
11:19:52,15.17,0.0,77,116799,买盘
11:19:55,15.16,-0.01,270,409355,卖盘
11:19:58,15.16,0.0,49,74284,买盘
11:20:00,15.16,0.0,57,86440,买盘
11:20:04,15.15,-0.01,23,34852,卖盘
11:20:06,15.17,0.02,11,16687,买盘
11:20:10,15.15,-0.02,881,1335480,卖盘
11:20:12,15.16,0.01,78,118358,中性盘
11:20:16,15.16,0.0,35,53034,买盘
11:20:19,15.14,-0.02,383,580282,卖盘
11:20:22,15.14,0.0,132,199969,卖盘
11:20:24,15.16,0.02,11,16666,买盘
11:20:27,15.15,-0.01,239,362204,卖盘
11:20:30,15.15,0.0,40,60600,卖盘
11:20:34,15.15,0.0,93,140932,卖盘
11:20:36,15.16,0.01,357,541212,买盘
11:20:40,15.15,-0.01,131,198613,卖盘
11:20:42,15.18,0.03,102,154714,买盘
11:20:45,15.16,-0.02,3,4548,卖盘
11:20:48,15.18,0.02,232,351738,买盘
11:20:52,15.15,-0.03,115,174340,卖盘
11:20:54,15.17,0.02,38,57646,买盘
11:20:58,15.15,-0.02,47,71215,卖盘
11:21:00,15.16,0.01,23,34868,买盘
11:21:04,15.16,0.0,4,6064,买盘
11:21:07,15.16,0.0,55,83380,买盘
11:21:10,15.15,-0.01,505,765075,卖盘
11:21:13,15.16,0.01,21,31836,买盘
11:21:16,15.16,0.0,48,72768,买盘
11:21:18,15.17,0.01,150,227352,买盘
11:21:22,15.15,-0.02,162,245441,卖盘
11:21:25,15.16,0.01,455,689780,买盘
11:21:28,15.16,0.0,55,83380,买盘
11:21:31,15.15,-0.01,30,45456,卖盘
11:21:34,15.16,0.01,40,60617,买盘
11:21:36,15.16,0.0,60,90960,买盘
11:21:40,15.16,0.0,44,66703,买盘
11:21:43,15.18,0.02,60,90976,买盘
11:21:46,15.18,0.0,12,18194,买盘
11:21:49,15.18,0.0,43,65258,买盘
11:21:52,15.16,-0.02,14,21224,卖盘
11:21:54,15.18,0.02,14,21252,买盘
11:21:58,15.16,-0.02,341,516962,卖盘
11:22:00,15.18,0.02,40,60720,买盘
11:22:04,15.17,-0.01,11,16697,中性盘
11:22:07,15.17,0.0,51,77340,买盘
11:22:10,15.17,0.0,14,21238,买盘
11:22:12,15.17,0.0,46,69782,买盘
11:22:16,15.17,0.0,80,120374,买盘
11:22:18,15.16,-0.01,37,56114,卖盘
11:22:21,15.17,0.01,27,40934,卖盘
11:22:24,15.18,0.01,62,94084,买盘
11:22:27,15.17,-0.01,34,51587,卖盘
11:22:31,15.16,-0.01,207,314040,卖盘
11:22:33,15.17,0.01,48,72816,买盘
11:22:37,15.16,-0.01,101,153167,卖盘
11:22:39,15.17,0.01,10,15170,买盘
11:22:43,15.17,0.0,153,231950,买盘
11:22:46,15.17,0.0,68,103130,买盘
11:22:48,15.16,-0.01,122,184914,卖盘
11:22:51,15.16,0.0,56,84896,买盘
11:22:55,15.16,0.0,51,77316,买盘
11:22:57,15.15,-0.01,142,215144,卖盘
11:23:01,15.15,0.0,41,62130,卖盘
11:23:04,15.15,0.0,66,100002,卖盘
11:23:07,15.16,0.01,108,163728,买盘
11:23:09,15.16,0.0,67,101527,买盘
11:23:13,15.16,0.0,93,140977,买盘
11:23:15,15.16,0.0,46,69710,买盘
11:23:19,15.16,0.0,99,150029,买盘
11:23:21,15.16,0.0,98,148480,买盘
11:23:25,15.16,0.0,15,22740,买盘
11:23:27,15.15,-0.01,125,189418,卖盘
11:23:31,15.16,0.01,221,334888,买盘
11:23:33,15.16,0.0,87,131877,买盘
11:23:36,15.16,0.0,4,6064,买盘
11:23:40,15.16,0.0,233,353180,买盘
11:23:42,15.16,0.0,111,168172,买盘
11:23:45,15.16,0.0,73,110642,买盘
11:23:49,15.16,0.0,53,80348,买盘
11:23:52,15.16,0.0,105,159223,卖盘
11:23:54,15.16,0.0,14,21224,卖盘
11:24:01,15.17,0.01,43,65231,买盘
11:24:06,15.17,0.0,47,71298,买盘
11:24:09,15.17,0.0,12,18204,卖盘
11:24:12,15.18,0.01,53,80444,买盘
11:24:15,15.18,0.0,6,9108,买盘
11:24:19,15.18,0.0,1,1518,买盘
11:24:21,15.18,0.0,51,77418,买盘
11:24:24,15.18,0.0,69,104736,买盘
11:24:27,15.18,0.0,17,25806,买盘
11:24:31,15.17,-0.01,5,7585,卖盘
11:24:33,15.18,0.01,42,63756,买盘
11:24:36,15.18,0.0,207,314226,买盘
11:24:39,15.17,-0.01,7,10619,卖盘
11:24:45,15.18,0.01,53,80454,买盘
11:24:48,15.18,0.0,4,6072,买盘
11:24:51,15.18,0.0,30,45540,买盘
11:24:54,15.17,-0.01,262,397514,卖盘
11:24:57,15.18,0.01,172,261013,买盘
11:25:00,15.18,0.0,359,544300,买盘
11:25:05,15.17,-0.01,204,309269,中性盘
11:25:07,15.17,0.0,64,97093,卖盘
11:25:10,15.16,-0.01,13,19708,卖盘
11:25:12,15.17,0.01,22,33359,买盘
11:25:15,15.17,0.0,183,277611,买盘
11:25:18,15.16,-0.01,90,136478,卖盘
11:25:21,15.17,0.01,11,16687,买盘
11:25:24,15.16,-0.01,104,157664,卖盘
11:25:27,15.16,0.0,69,104604,卖盘
11:25:30,15.16,0.0,46,69780,卖盘
11:25:36,15.16,0.0,4,6064,卖盘
11:25:39,15.16,0.0,34,51544,卖盘
11:25:42,15.17,0.01,417,632218,买盘
11:25:46,15.16,-0.01,8,12128,卖盘
11:25:49,15.16,0.0,27,40956,卖盘
11:25:51,15.17,0.01,42,63712,买盘
11:25:54,15.17,0.0,39,59125,买盘
11:25:58,15.17,0.0,4,6068,买盘
11:26:01,15.17,0.0,313,474755,买盘
11:26:04,15.18,0.01,44,66792,买盘
11:26:07,15.17,-0.01,10,15170,卖盘
11:26:12,15.17,0.0,1,1517,卖盘
11:26:15,15.18,0.01,606,919908,买盘
11:26:18,15.17,-0.01,41,62197,卖盘
11:26:21,15.18,0.01,105,159316,买盘
11:26:24,15.18,0.0,37,56166,买盘
11:26:27,15.18,0.0,48,72889,买盘
11:26:30,15.18,0.0,30,45540,卖盘
11:26:34,15.19,0.01,9,13663,买盘
11:26:36,15.18,-0.01,63,95674,买盘
11:26:39,15.18,0.0,30,45540,买盘
11:26:42,15.18,0.0,23,34914,买盘
11:26:46,15.18,0.0,13,19734,买盘
11:26:48,15.18,0.0,61,92636,卖盘
11:26:52,15.18,0.0,53,80454,买盘
11:26:54,15.18,0.0,42,63756,买盘
11:26:57,15.18,0.0,48,72858,买盘
11:27:01,15.18,0.0,440,667880,买盘
11:27:04,15.18,0.0,77,116876,买盘
11:27:06,15.18,0.0,11,16698,买盘
11:27:10,15.17,-0.01,57,86506,卖盘
11:27:15,15.18,0.01,76,115301,买盘
11:27:19,15.17,-0.01,104,157768,卖盘
11:27:22,15.17,0.0,104,157810,中性盘
11:27:24,15.17,0.0,14,21238,买盘
11:27:27,15.17,0.0,64,97088,买盘
11:27:30,15.17,0.0,357,541252,买盘
11:27:33,15.16,-0.01,52,78832,卖盘
11:27:36,15.16,0.0,280,424454,卖盘
11:27:39,15.16,0.0,69,104554,买盘
11:27:42,15.15,-0.01,99,150039,卖盘
11:27:46,15.16,0.01,161,244024,买盘
11:27:49,15.15,-0.01,105,159092,卖盘
11:27:52,15.15,0.0,94,142426,卖盘
11:27:55,15.16,0.01,56,84918,买盘
11:27:57,15.15,-0.01,48,72747,卖盘
11:28:04,15.17,0.02,147,223702,买盘
11:28:07,15.15,-0.02,153,231944,卖盘
11:28:13,15.17,0.02,35,53095,买盘
11:28:15,15.17,0.0,38,57646,买盘
11:28:25,15.16,-0.01,127,192589,卖盘
11:28:28,15.15,-0.01,47,71256,卖盘
11:28:31,15.16,0.01,21,31836,买盘
11:28:33,15.16,0.0,4,6064,买盘
11:28:36,15.17,0.01,126,191113,买盘
11:28:39,15.17,0.0,3,4551,卖盘
11:28:42,15.17,0.0,971,1473008,卖盘
11:28:46,15.18,0.01,12,18214,买盘
11:28:49,15.18,0.0,54,81972,买盘
11:28:51,15.18,0.0,3,4554,买盘
11:28:55,15.18,0.0,25,37950,买盘
11:28:57,15.18,0.0,6,9106,买盘
11:29:01,15.18,0.0,127,192723,买盘
11:29:04,15.18,0.0,24,36422,买盘
11:29:07,15.18,0.0,108,163944,买盘
11:29:09,15.18,0.0,48,72864,买盘
11:29:13,15.18,0.0,174,264132,买盘
11:29:16,15.17,-0.01,65,98663,卖盘
11:29:21,15.18,0.01,257,389926,买盘
11:29:24,15.18,0.0,23,34909,买盘
11:29:28,15.18,0.0,117,177602,买盘
11:29:31,15.18,0.0,146,221628,买盘
11:29:33,15.18,0.0,52,78945,买盘
11:29:39,15.18,0.0,47,71346,卖盘
11:29:42,15.18,0.0,39,59238,卖盘
11:29:45,15.18,0.0,110,166980,卖盘
11:29:48,15.18,0.0,1,1518,买盘
11:29:54,15.18,0.0,52,78950,买盘
11:29:57,15.18,0.0,6,9108,中性盘
11:30:00,15.18,0.0,29,44023,卖盘
13:00:00,15.19,0.01,68,103292,买盘
13:00:04,15.21,0.02,6152,9352686,买盘
13:00:07,15.21,0.0,382,580719,卖盘
13:00:10,15.21,0.0,429,653153,卖盘
13:00:13,15.21,0.0,34,51742,卖盘
13:00:15,15.22,0.01,14,21308,买盘
13:00:18,15.22,0.0,163,248195,买盘
13:00:21,15.22,0.0,19,28918,买盘
13:00:25,15.22,0.0,17,25881,卖盘
13:00:27,15.22,0.0,570,868038,卖盘
13:00:30,15.22,0.0,69,105018,卖盘
13:00:33,15.22,0.0,216,328967,卖盘
13:00:36,15.23,0.01,101,153793,买盘
13:00:39,15.22,-0.01,589,897019,卖盘
13:00:42,15.24,0.02,73,111252,买盘
13:00:45,15.23,-0.01,38,57864,中性盘
13:00:48,15.23,0.0,1815,2765965,中性盘
13:00:52,15.24,0.01,5,7619,买盘
13:00:54,15.22,-0.02,22,33510,卖盘
13:00:58,15.24,0.02,1,1524,买盘
13:01:01,15.24,0.0,54,82287,买盘
13:01:04,15.22,-0.02,255,388258,卖盘
13:01:07,15.22,0.0,108,164435,买盘
13:01:09,15.21,-0.01,368,559910,卖盘
13:01:13,15.22,0.01,42,64000,中性盘
13:01:16,15.21,-0.01,1474,2243036,卖盘
13:01:19,15.21,0.0,41,62361,买盘
13:01:22,15.21,0.0,72,109499,买盘
13:01:25,15.2,-0.01,56,85150,卖盘
13:01:27,15.21,0.01,73,110980,买盘
13:01:30,15.21,0.0,58,88192,买盘
13:01:34,15.22,0.01,307,466122,买盘
13:01:36,15.22,0.0,23,34994,卖盘
13:01:39,15.21,-0.01,26,39546,卖盘
13:01:43,15.23,0.02,11,16751,买盘
13:01:45,15.24,0.01,71,108159,买盘
13:01:51,15.22,-0.02,42,63924,卖盘
13:01:55,15.24,0.02,101,153791,买盘
13:01:57,15.24,0.0,39,59436,买盘
13:02:01,15.23,-0.01,287,437359,卖盘
13:02:04,15.24,0.01,8,12191,买盘
13:02:06,15.23,-0.01,52,79196,卖盘
13:02:09,15.24,0.01,112,170663,买盘
13:02:12,15.24,0.0,132,201082,买盘
13:02:15,15.24,0.0,174,265176,买盘
13:02:18,15.24,0.0,371,565173,买盘
13:02:22,15.23,-0.01,6,9139,卖盘
13:02:25,15.23,0.0,411,625963,卖盘
13:02:28,15.22,-0.01,146,222254,卖盘
13:02:31,15.22,0.0,759,1155247,卖盘
13:02:33,15.23,0.01,394,599906,买盘
13:02:37,15.22,-0.01,189,287717,卖盘
13:02:39,15.22,0.0,2240,3409347,卖盘
13:02:43,15.23,0.01,94,143074,买盘
13:02:45,15.21,-0.02,62,94319,卖盘
13:02:49,15.21,0.0,79,120233,卖盘
13:02:51,15.21,0.0,168,255682,卖盘
13:02:55,15.22,0.01,2,3044,中性盘
13:02:58,15.22,0.0,32,48713,买盘
13:03:00,15.22,0.0,318,484311,卖盘
13:03:05,15.22,0.0,100,152200,买盘
13:03:07,15.21,-0.01,27,41082,卖盘
13:03:10,15.22,0.01,170,258635,买盘
13:03:13,15.23,0.01,386,587168,买盘
13:03:15,15.22,-0.01,14,21308,中性盘
13:03:18,15.22,0.0,8,12176,卖盘
13:03:21,15.22,0.0,25,38056,买盘
13:03:24,15.23,0.01,1090,1658074,买盘
13:03:27,15.22,-0.01,21,31962,卖盘
13:03:30,15.23,0.01,95,144629,买盘
13:03:33,15.23,0.0,237,360933,买盘
13:03:37,15.22,-0.01,100,152277,卖盘
13:03:39,15.22,0.0,96,146128,卖盘
13:03:43,15.23,0.01,32,48726,买盘
13:03:45,15.23,0.0,96,146180,买盘
13:03:49,15.22,-0.01,34,51758,卖盘
13:03:51,15.23,0.01,36,54817,买盘
13:03:55,15.22,-0.01,46,70030,卖盘
13:03:58,15.23,0.01,42,63966,买盘
13:04:01,15.23,0.0,55,83713,买盘
13:04:04,15.23,0.0,52,79179,买盘
13:04:07,15.23,0.0,4,6092,买盘
13:04:10,15.23,0.0,44,67012,买盘
13:04:12,15.23,0.0,18,27414,买盘
13:04:15,15.22,-0.01,68,103529,卖盘
13:04:18,15.23,0.01,54,82230,买盘
13:04:21,15.23,0.0,1481,2254089,买盘
13:04:24,15.23,0.0,59,89837,买盘
13:04:27,15.22,-0.01,217,330490,卖盘
13:04:30,15.23,0.01,36,54828,买盘
13:04:33,15.22,-0.01,316,481219,卖盘
13:04:36,15.23,0.01,29,44167,买盘
13:04:39,15.23,0.0,5,7615,买盘
13:04:42,15.22,-0.01,99,150768,卖盘
13:04:45,15.23,0.01,10,15230,买盘
13:04:48,15.23,0.0,51,77663,卖盘
13:04:52,15.24,0.01,261,397538,买盘
13:04:54,15.23,-0.01,21,31967,中性盘
13:04:57,15.23,0.0,44,66977,买盘
13:05:00,15.23,0.0,25,38071,买盘
13:05:04,15.23,0.0,411,625958,买盘
13:05:06,15.24,0.01,98,149166,买盘
13:05:10,15.24,0.0,60,91400,买盘
13:05:16,15.24,0.0,53,80772,买盘
13:05:18,15.23,-0.01,124,188869,卖盘
13:05:22,15.23,0.0,51,77698,卖盘
13:05:25,15.23,0.0,125,190494,卖盘
13:05:27,15.23,0.0,101,153872,卖盘
13:05:31,15.24,0.01,31,47223,买盘
13:05:33,15.24,0.0,309,470889,买盘
13:05:36,15.23,-0.01,102,155406,卖盘
13:05:39,15.23,0.0,652,993646,卖盘
13:05:42,15.25,0.02,29,44205,买盘
13:05:45,15.25,0.0,104,158542,买盘
13:05:49,15.24,-0.01,68,103674,卖盘
13:05:51,15.24,0.0,100,152400,卖盘
13:05:55,15.25,0.01,23,35071,买盘
13:05:57,15.24,-0.01,156,237827,卖盘
13:06:00,15.25,0.01,28,42682,买盘
13:06:05,15.25,0.0,81,123506,买盘
13:06:07,15.24,-0.01,22,33537,卖盘
13:06:10,15.24,0.0,92,140295,卖盘
13:06:12,15.24,0.0,40,60960,卖盘
13:06:16,15.25,0.01,213,324652,买盘
13:06:18,15.25,0.0,83,126570,买盘
13:06:21,15.24,-0.01,207,315605,卖盘
13:06:24,15.25,0.01,45,68605,买盘
13:06:27,15.24,-0.01,231,352086,卖盘
13:06:30,15.24,0.0,1251,1906439,卖盘
13:06:34,15.23,-0.01,738,1124287,卖盘
13:06:36,15.24,0.01,269,409852,买盘
13:06:40,15.24,0.0,100,152320,买盘
13:06:42,15.23,-0.01,612,932581,卖盘
13:06:46,15.24,0.01,285,434065,中性盘
13:06:48,15.23,-0.01,53,80737,卖盘
13:06:51,15.23,0.0,74,112710,买盘
13:06:54,15.23,0.0,235,358110,卖盘
13:06:57,15.23,0.0,26,39598,卖盘
13:07:00,15.24,0.01,23,35052,买盘
13:07:04,15.25,0.01,1267,1930922,买盘
13:07:06,15.25,0.0,117,178257,买盘
13:07:10,15.25,0.0,114,173652,买盘
13:07:12,15.24,-0.01,11,16774,中性盘
13:07:16,15.25,0.01,50,76250,买盘
13:07:18,15.24,-0.01,60,91453,卖盘
13:07:21,15.24,0.0,44,67090,卖盘
13:07:24,15.25,0.01,243,370542,买盘
13:07:28,15.25,0.0,83,126549,买盘
13:07:30,15.25,0.0,74,112850,买盘
13:07:33,15.24,-0.01,322,491002,卖盘
13:07:36,15.25,0.01,211,321603,买盘
13:07:39,15.24,-0.01,149,227202,卖盘
13:07:42,15.25,0.01,1079,1645475,买盘
13:07:45,15.24,-0.01,402,612735,卖盘
13:07:48,15.24,0.0,349,531919,卖盘
13:07:51,15.24,0.0,76,115823,买盘
13:07:55,15.24,0.0,85,129525,买盘
13:07:57,15.24,0.0,605,922020,买盘
13:08:00,15.24,0.0,86,131064,买盘
13:08:05,15.24,0.0,280,426509,买盘
13:08:07,15.25,0.01,591,900689,买盘
13:08:10,15.24,-0.01,1456,2220356,卖盘
13:08:12,15.25,0.01,56,85423,卖盘
13:08:15,15.26,0.01,1645,2510208,买盘
13:08:18,15.25,-0.01,519,791738,卖盘
13:08:21,15.27,0.02,68,104481,买盘
13:08:24,15.25,-0.02,340,517953,卖盘
13:08:27,15.27,0.02,447,682856,买盘
13:08:31,15.26,-0.01,79,120606,卖盘
13:08:34,15.27,0.01,1441,2200588,买盘
13:08:37,15.27,0.0,70,106923,中性盘
13:08:40,15.27,0.0,1353,2065175,买盘
13:08:43,15.27,0.0,235,358846,买盘
13:08:45,15.27,0.0,1096,1673592,买盘
13:08:49,15.27,0.0,73,111421,买盘
13:08:52,15.27,0.0,83,126741,买盘
13:08:55,15.26,-0.01,152,232063,卖盘
13:08:58,15.27,0.01,350,534442,买盘
13:09:00,15.27,0.0,191,291656,买盘
13:09:04,15.27,0.0,3034,4635363,买盘
13:09:06,15.27,0.0,600,916245,卖盘
13:09:09,15.27,0.0,46,70239,买盘
13:09:12,15.27,0.0,193,294701,买盘
13:09:16,15.27,0.0,226,345092,买盘
13:09:18,15.29,0.02,3101,4740371,买盘
13:09:22,15.27,-0.02,61,93149,中性盘
13:09:25,15.27,0.0,100,152744,卖盘
13:09:28,15.28,0.01,553,844616,买盘
13:09:31,15.27,-0.01,1508,2302822,卖盘
13:09:34,15.28,0.01,815,1244972,买盘
13:09:37,15.27,-0.01,139,212268,中性盘
13:09:39,15.26,-0.01,582,889116,卖盘
13:09:42,15.26,0.0,315,480882,卖盘
13:09:45,15.27,0.01,84,128307,买盘
13:09:48,15.27,0.0,207,316254,卖盘
13:09:51,15.27,0.0,219,334454,买盘
13:09:55,15.27,0.0,63,96201,卖盘
13:09:57,15.28,0.01,1278,1952532,买盘
13:10:01,15.26,-0.02,1186,1812090,卖盘
13:10:05,15.26,0.0,201,306852,卖盘
13:10:07,15.27,0.01,1422,2170872,买盘
13:10:10,15.26,-0.01,69,105359,卖盘
13:10:13,15.28,0.02,75,114575,买盘
13:10:16,15.27,-0.01,113,172597,卖盘
13:10:18,15.27,0.0,111,169522,卖盘
13:10:21,15.28,0.01,550,839959,买盘
13:10:24,15.27,-0.01,34,51937,卖盘
13:10:27,15.26,-0.01,57,87013,卖盘
13:10:30,15.28,0.02,84,128314,买盘
13:10:33,15.25,-0.03,1416,2161243,卖盘
13:10:36,15.27,0.02,121,184767,买盘
13:10:40,15.27,0.0,18,27478,买盘
13:10:43,15.25,-0.02,127,193688,卖盘
13:10:45,15.25,0.0,165,251795,卖盘
13:10:49,15.27,0.02,20,30512,买盘
13:10:51,15.27,0.0,76,115995,买盘
13:10:54,15.27,0.0,277,422637,买盘
13:10:57,15.26,-0.01,72,109880,卖盘
13:11:00,15.26,0.0,80,122036,买盘
13:11:05,15.26,0.0,133,202922,买盘
13:11:07,15.26,0.0,51,77826,买盘
13:11:09,15.25,-0.01,35,53407,卖盘
13:11:13,15.26,0.01,80,122020,买盘
13:11:16,15.26,0.0,1392,2123844,买盘
13:11:19,15.25,-0.01,126,192272,卖盘
13:11:22,15.25,0.0,8,12207,卖盘
13:11:24,15.27,0.02,508,775511,买盘
13:11:28,15.27,0.0,50,76342,买盘
13:11:33,15.27,0.0,173,264168,买盘
13:11:36,15.26,-0.01,151,230445,卖盘
13:11:40,15.27,0.01,162,247277,买盘
13:11:42,15.26,-0.01,51,77837,卖盘
13:11:46,15.26,0.0,184,280904,卖盘
13:11:49,15.27,0.01,37,56494,买盘
13:11:52,15.27,0.0,253,386085,买盘
13:11:54,15.26,-0.01,38,57988,中性盘
13:11:58,15.25,-0.01,2030,3096639,卖盘
13:12:00,15.26,0.01,421,642419,中性盘
13:12:04,15.26,0.0,91,138802,买盘
13:12:06,15.24,-0.02,1037,1581215,卖盘
13:12:09,15.24,0.0,410,624909,卖盘
13:12:12,15.26,0.02,140,213376,买盘
13:12:15,15.24,-0.02,31,47245,卖盘
13:12:19,15.24,0.0,49,74694,买盘
13:12:22,15.25,0.01,57,86849,买盘
13:12:24,15.24,-0.01,266,405253,卖盘
13:12:28,15.24,0.0,26,39624,卖盘
13:12:30,15.25,0.01,159,242334,买盘
13:12:34,15.25,0.0,276,420875,买盘
13:12:36,15.25,0.0,133,202713,买盘
13:12:39,15.25,0.0,70,106707,买盘
13:12:43,15.24,-0.01,165,251490,卖盘
13:12:46,15.25,0.01,151,230163,买盘
13:12:49,15.25,0.0,84,128073,买盘
13:12:51,15.25,0.0,18,27450,买盘
13:12:55,15.24,-0.01,2,3048,卖盘
13:12:58,15.25,0.01,88,134167,买盘
13:13:01,15.24,-0.01,39,59437,卖盘
13:13:05,15.25,0.01,96,146336,买盘
13:13:07,15.25,0.0,393,599195,买盘
13:13:10,15.24,-0.01,30,45720,卖盘
13:13:13,15.25,0.01,84,128050,买盘
13:13:16,15.24,-0.01,26,39645,卖盘
13:13:19,15.25,0.01,175,266874,买盘
13:13:21,15.25,0.0,11,16775,买盘
13:13:24,15.25,0.0,116,176890,买盘
13:13:27,15.25,0.0,229,349125,买盘
13:13:30,15.24,-0.01,47,71665,卖盘
13:13:33,15.25,0.01,298,454396,买盘
13:13:36,15.24,-0.01,113,172274,卖盘
13:13:39,15.25,0.01,723,1101899,买盘
13:13:43,15.24,-0.01,1074,1636327,卖盘
13:13:45,15.24,0.0,52,79222,买盘
13:13:49,15.23,-0.01,46,70078,卖盘
13:13:51,15.23,0.0,879,1338728,卖盘
13:13:54,15.24,0.01,171,260541,买盘
13:13:58,15.24,0.0,201,306324,卖盘
13:14:01,15.23,-0.01,26,39608,卖盘
13:14:05,15.23,0.0,80,121904,买盘
13:14:07,15.24,0.01,11,16764,买盘
13:14:10,15.24,0.0,91,138674,买盘
13:14:13,15.24,0.0,833,1268076,买盘
13:14:15,15.24,0.0,81,123484,卖盘
13:14:18,15.24,0.0,13,19813,卖盘
13:14:21,15.24,0.0,26,39643,卖盘
13:14:25,15.25,0.01,53,80820,买盘
13:14:30,15.25,0.0,618,942450,买盘
13:14:33,15.25,0.0,309,471181,买盘
13:14:36,15.25,0.0,84,128094,买盘
13:14:39,15.25,0.0,52,79270,买盘
13:14:42,15.25,0.0,107,163165,买盘
13:14:45,15.25,0.0,363,553575,买盘
13:14:48,15.25,0.0,358,545988,卖盘
13:14:51,15.24,-0.01,37,56420,卖盘
13:14:54,15.25,0.01,33,50344,中性盘
13:14:57,15.26,0.01,44,67142,买盘
13:15:00,15.25,-0.01,55,83872,卖盘
13:15:04,15.25,0.0,184,280650,卖盘
13:15:06,15.25,0.0,388,591700,买盘
13:15:10,15.26,0.01,49,74766,买盘
13:15:13,15.26,0.0,3,4576,买盘
13:15:15,15.25,-0.01,462,704986,卖盘
13:15:19,15.26,0.01,37,56434,买盘
13:15:21,15.26,0.0,72,109870,买盘
13:15:25,15.26,0.0,674,1028524,买盘
13:15:27,15.26,0.0,540,823743,卖盘
13:15:31,15.26,0.0,130,198380,卖盘
13:15:33,15.26,0.0,282,430438,买盘
13:15:37,15.26,0.0,108,164748,买盘
13:15:39,15.25,-0.01,99,150986,卖盘
13:15:43,15.26,0.01,381,581406,买盘
13:15:45,15.26,0.0,56,85456,卖盘
13:15:48,15.26,0.0,55,83946,卖盘
13:15:51,15.26,0.0,117,178567,卖盘
13:15:55,15.26,0.0,91,138905,卖盘
13:16:00,15.27,0.01,58,88534,买盘
13:16:05,15.26,-0.01,758,1156749,卖盘
13:16:06,15.26,0.0,676,1031578,卖盘
13:16:09,15.27,0.01,96,146505,买盘
13:16:12,15.26,-0.01,78,119038,卖盘
13:16:15,15.26,0.0,265,404591,卖盘
13:16:18,15.26,0.0,8,12207,买盘
13:16:21,15.26,0.0,41,62566,买盘
13:16:25,15.26,0.0,3,4578,买盘
13:16:28,15.26,0.0,75,114439,买盘
13:16:31,15.26,0.0,115,175390,买盘
13:16:33,15.26,0.0,290,442508,买盘
13:16:36,15.26,0.0,44,67140,买盘
13:16:39,15.26,0.0,128,195228,买盘
13:16:42,15.26,0.0,114,173864,买盘
13:16:45,15.25,-0.01,58,88490,卖盘
13:16:48,15.26,0.01,115,175477,买盘
13:16:51,15.26,0.0,107,163271,买盘
13:16:55,15.26,0.0,28,42728,买盘
13:16:57,15.25,-0.01,119,181590,卖盘
13:17:01,15.26,0.01,239,364514,买盘
13:17:04,15.26,0.0,92,140392,买盘
13:17:07,15.25,-0.01,19,28993,卖盘
13:17:10,15.26,0.01,606,924755,买盘
13:17:12,15.26,0.0,38,57988,卖盘
13:17:16,15.27,0.01,41,62585,买盘
13:17:18,15.27,0.0,338,516105,买盘
13:17:22,15.26,-0.01,67,102279,卖盘
13:17:25,15.26,0.0,159,242727,卖盘
13:17:28,15.27,0.01,234,357312,买盘
13:17:30,15.27,0.0,78,119078,买盘
13:17:33,15.27,0.0,294,448938,买盘
13:17:36,15.26,-0.01,34,51889,卖盘
13:17:39,15.27,0.01,859,1311678,买盘
13:17:42,15.27,0.0,81,123686,买盘
13:17:45,15.26,-0.01,1022,1559569,卖盘
13:17:48,15.26,0.0,183,279257,买盘
13:17:51,15.26,0.0,367,560026,买盘
13:17:54,15.27,0.01,55,83982,买盘
13:17:57,15.26,-0.01,32,48852,卖盘
13:18:00,15.27,0.01,224,342046,买盘
13:18:04,15.27,0.0,20,30540,买盘
13:18:06,15.27,0.0,713,1088662,买盘
13:18:10,15.27,0.0,1,1527,卖盘
13:18:12,15.27,0.0,163,248919,卖盘
13:18:16,15.29,0.02,6060,9263035,买盘
13:18:18,15.3,0.01,6097,9325670,买盘
13:18:22,15.3,0.0,2283,3493682,买盘
13:18:24,15.3,0.0,1601,2450946,卖盘
13:18:28,15.3,0.0,442,676675,卖盘
13:18:30,15.32,0.02,1170,1791029,买盘
13:18:34,15.32,0.0,226,346222,买盘
13:18:36,15.32,0.0,137,209820,买盘
13:18:40,15.33,0.01,7455,11424251,买盘
13:18:42,15.33,0.0,118,180929,卖盘
13:18:46,15.34,0.01,261,400264,买盘
13:18:48,15.34,0.0,5783,8867246,买盘
13:18:52,15.33,-0.01,355,544223,中性盘
13:18:54,15.34,0.01,1917,2941751,买盘
13:18:58,15.34,0.0,174,266945,卖盘
13:19:01,15.34,0.0,254,389694,卖盘
13:19:04,15.34,0.0,2135,3275037,卖盘
13:19:07,15.34,0.0,599,918267,买盘
13:19:10,15.34,0.0,219,335942,买盘
13:19:12,15.32,-0.02,605,927288,卖盘
13:19:16,15.33,0.01,53,81249,买盘
13:19:18,15.33,0.0,222,340282,买盘
13:19:21,15.33,0.0,458,702173,买盘
13:19:24,15.33,0.0,133,203894,卖盘
13:19:27,15.34,0.01,142,217698,买盘
13:19:30,15.33,-0.01,146,223818,卖盘
13:19:33,15.32,-0.01,265,406202,卖盘
13:19:37,15.33,0.01,85,130258,买盘
13:19:40,15.33,0.0,490,751160,买盘
13:19:43,15.32,-0.01,204,312684,卖盘
13:19:46,15.32,0.0,197,301878,卖盘
13:19:49,15.32,0.0,636,974334,买盘
13:19:51,15.32,0.0,409,626756,买盘
13:19:54,15.32,0.0,103,157752,买盘
13:19:57,15.32,0.0,138,211407,买盘
13:20:00,15.32,0.0,401,614053,买盘
13:20:04,15.32,0.0,84,128686,买盘
13:20:07,15.33,0.01,99,151697,买盘
13:20:09,15.32,-0.01,62,94998,中性盘
13:20:12,15.32,0.0,2007,3071640,卖盘
13:20:15,15.31,-0.01,115,176278,卖盘
13:20:18,15.32,0.01,52,79664,中性盘
13:20:21,15.32,0.0,96,147102,买盘
13:20:24,15.32,0.0,76,116459,卖盘
13:20:27,15.33,0.01,385,590084,买盘
13:20:31,15.32,-0.01,192,294274,卖盘
13:20:33,15.33,0.01,849,1300924,买盘
13:20:37,15.33,0.0,307,470631,卖盘
13:20:39,15.33,0.0,230,352642,卖盘
13:20:43,15.34,0.01,214,328094,买盘
13:20:45,15.33,-0.01,187,286711,卖盘
13:20:48,15.33,0.0,963,1477146,卖盘
13:20:51,15.33,0.0,129,197771,买盘
13:20:54,15.31,-0.02,371,568445,卖盘
13:20:57,15.33,0.02,216,331154,买盘
13:21:01,15.32,-0.01,351,537871,卖盘
13:21:05,15.32,0.0,170,260440,买盘
13:21:07,15.32,0.0,230,352418,买盘
13:21:09,15.32,0.0,608,930951,卖盘
13:21:12,15.32,0.0,672,1030255,买盘
13:21:15,15.32,0.0,63,96516,卖盘
13:21:19,15.31,-0.01,25,38295,卖盘
13:21:21,15.32,0.01,140,214480,买盘
13:21:24,15.32,0.0,60,91941,买盘
13:21:28,15.32,0.0,30,45960,卖盘
13:21:31,15.31,-0.01,84,128624,卖盘
13:21:34,15.31,0.0,404,619068,卖盘
13:21:36,15.32,0.01,108,165473,买盘
13:21:39,15.31,-0.01,52,79612,卖盘
13:21:43,15.32,0.01,60,91920,买盘
13:21:45,15.32,0.0,125,191424,买盘
13:21:48,15.32,0.0,14,21448,买盘
13:21:51,15.31,-0.01,188,287950,卖盘
13:21:54,15.31,0.0,1341,2053106,卖盘
13:21:57,15.31,0.0,70,107165,买盘
13:22:01,15.32,0.01,2090,3201195,买盘
13:22:04,15.32,0.0,71,108772,卖盘
13:22:07,15.32,0.0,288,441258,卖盘
13:22:09,15.32,0.0,274,419756,卖盘
13:22:13,15.33,0.01,1057,1620319,买盘
13:22:16,15.31,-0.02,148,226710,卖盘
13:22:19,15.31,0.0,113,173101,卖盘
13:22:22,15.32,0.01,178,272715,买盘
13:22:24,15.32,0.0,16,24505,中性盘
13:22:27,15.32,0.0,147,225104,买盘
13:22:31,15.32,0.0,62,94984,买盘
13:22:33,15.32,0.0,431,660485,买盘
13:22:36,15.32,0.0,353,540575,卖盘
13:22:39,15.33,0.01,60,91970,买盘
13:22:42,15.32,-0.01,21,32172,卖盘
13:22:45,15.33,0.01,601,921297,买盘
13:22:48,15.33,0.0,20,30660,买盘
13:22:51,15.33,0.0,56,85848,买盘
13:22:55,15.33,0.0,105,160952,买盘
13:22:57,15.33,0.0,322,493582,买盘
13:23:00,15.33,0.0,85,130305,买盘
13:23:04,15.32,-0.01,110,168583,卖盘
13:23:07,15.32,0.0,773,1184919,卖盘
13:23:10,15.32,0.0,690,1057210,卖盘
13:23:13,15.33,0.01,440,675007,买盘
13:23:16,15.33,0.0,68,104253,卖盘
13:23:19,15.33,0.0,193,295409,卖盘
13:23:21,15.32,-0.01,63,96557,卖盘
13:23:25,15.32,0.0,118,180881,卖盘
13:23:27,15.32,0.0,28,42922,卖盘
13:23:30,15.32,0.0,173,265037,卖盘
13:23:34,15.32,0.0,292,447539,卖盘
13:23:37,15.32,0.0,742,1136797,卖盘
13:23:40,15.31,-0.01,305,466973,卖盘
13:23:42,15.32,0.01,910,1393216,买盘
13:23:46,15.31,-0.01,124,189770,中性盘
13:23:48,15.31,0.0,111,169845,买盘
13:23:52,15.31,0.0,335,512860,买盘
13:23:54,15.3,-0.01,179,273880,卖盘
13:23:57,15.3,0.0,155,237312,卖盘
13:24:00,15.3,0.0,273,417919,卖盘
13:24:04,15.31,0.01,23,35191,买盘
13:24:06,15.3,-0.01,1347,2061522,卖盘
13:24:09,15.29,-0.01,227,347282,卖盘
13:24:13,15.3,0.01,63,96429,买盘
13:24:16,15.3,0.0,83,126990,买盘
13:24:18,15.3,0.0,179,273773,买盘
13:24:22,15.3,0.0,1205,1843649,买盘
13:24:25,15.3,0.0,96,146836,卖盘
13:24:28,15.31,0.01,91,139231,买盘
13:24:31,15.31,0.0,48,73488,买盘
13:24:34,15.3,-0.01,902,1380841,卖盘
13:24:36,15.31,0.01,45,68895,中性盘
13:24:39,15.31,0.0,38,58146,买盘
13:24:42,15.31,0.0,109,166849,买盘
13:24:46,15.31,0.0,120,183720,买盘
13:24:48,15.3,-0.01,1,1530,卖盘
13:24:52,15.31,0.01,101,154600,买盘
13:24:54,15.31,0.0,90,137720,买盘
13:24:57,15.3,-0.01,90,137706,卖盘
13:25:00,15.31,0.01,57,87217,买盘
13:25:04,15.31,0.0,87,133161,买盘
13:25:07,15.3,-0.01,33,50500,卖盘
13:25:09,15.3,0.0,75,114753,卖盘
13:25:13,15.3,0.0,54,82628,卖盘
13:25:15,15.31,0.01,65,99515,买盘
13:25:18,15.3,-0.01,14,21428,卖盘
13:25:21,15.3,0.0,1017,1556012,卖盘
13:25:25,15.3,0.0,315,482028,卖盘
13:25:27,15.3,0.0,20,30600,买盘
13:25:31,15.29,-0.01,26,39754,卖盘
13:25:33,15.3,0.01,236,361078,买盘
13:25:36,15.29,-0.01,398,608614,卖盘
13:25:39,15.29,0.0,168,256981,卖盘
13:25:43,15.29,0.0,351,537023,卖盘
13:25:45,15.3,0.01,636,972458,买盘
13:25:48,15.29,-0.01,197,301314,卖盘
13:25:52,15.29,0.0,660,1009172,卖盘
13:25:55,15.29,0.0,289,442025,卖盘
13:25:57,15.29,0.0,132,201894,卖盘
13:26:00,15.3,0.01,1790,2736920,买盘
13:26:04,15.29,-0.01,5915,9043730,卖盘
13:26:07,15.28,-0.01,484,739552,卖盘
13:26:10,15.29,0.01,72,110009,买盘
13:26:13,15.27,-0.02,40,61098,卖盘
13:26:16,15.27,0.0,38,58046,卖盘
13:26:18,15.28,0.01,6,9163,买盘
13:26:21,15.27,-0.01,54,82506,卖盘
13:26:24,15.28,0.01,192,293384,买盘
13:26:27,15.28,0.0,36,55008,卖盘
13:26:30,15.29,0.01,66,100904,买盘
13:26:33,15.29,0.0,331,506018,买盘
13:26:36,15.28,-0.01,60,91730,卖盘
13:26:39,15.29,0.01,25,38210,买盘
13:26:43,15.28,-0.01,176,269078,卖盘
13:26:46,15.29,0.01,670,1024378,买盘
13:26:48,15.28,-0.01,25,38312,卖盘
13:26:51,15.29,0.01,214,327073,买盘
13:26:55,15.28,-0.01,119,181900,卖盘
13:26:57,15.29,0.01,170,259910,买盘
13:27:00,15.29,0.0,87,133023,买盘
13:27:04,15.29,0.0,62,94795,买盘
13:27:07,15.29,0.0,43,65747,买盘
13:27:09,15.29,0.0,40,61160,买盘
13:27:12,15.28,-0.01,54,82512,卖盘
13:27:16,15.28,0.0,112,171182,卖盘
13:27:18,15.29,0.01,117,178793,买盘
13:27:21,15.29,0.0,82,125334,买盘
13:27:24,15.29,0.0,145,221686,买盘
13:27:28,15.29,0.0,82,125376,买盘
13:27:30,15.29,0.0,114,174202,买盘
13:27:34,15.3,0.01,249,380814,买盘
13:27:36,15.3,0.0,150,229471,买盘
13:27:40,15.29,-0.01,312,476881,卖盘
13:27:43,15.29,0.0,51,77979,买盘
13:27:49,15.3,0.01,52,79560,买盘
13:27:51,15.3,0.0,11,16827,买盘
13:27:55,15.29,-0.01,76,116254,卖盘
13:27:58,15.3,0.01,113,172887,买盘
13:28:01,15.3,0.0,71,108629,买盘
13:28:04,15.29,-0.01,616,942186,卖盘
13:28:06,15.3,0.01,299,457314,买盘
13:28:09,15.3,0.0,2376,3635216,买盘
13:28:13,15.3,0.0,62,94849,买盘
13:28:15,15.3,0.0,544,832294,买盘
13:28:18,15.3,0.0,294,449760,买盘
13:28:21,15.3,0.0,352,538409,买盘
13:28:25,15.28,-0.02,102,155957,卖盘
13:28:27,15.29,0.01,45,68829,中性盘
13:28:30,15.29,0.0,2,3058,买盘
13:28:33,15.29,0.0,309,472731,买盘
13:28:37,15.3,0.01,26,39763,买盘
13:28:39,15.29,-0.01,45,68820,卖盘
13:28:42,15.29,0.0,10,15290,买盘
13:28:46,15.29,0.0,123,188054,买盘
13:28:48,15.28,-0.01,75,114621,卖盘
13:28:51,15.28,0.0,12,18338,卖盘
13:28:54,15.29,0.01,66,100910,买盘
13:28:57,15.3,0.01,274,418791,买盘
13:29:00,15.29,-0.01,70,107030,卖盘
13:29:04,15.29,0.0,1,1529,卖盘
13:29:07,15.3,0.01,80,122397,买盘
13:29:09,15.3,0.0,75,115033,买盘
13:29:13,15.29,-0.01,12,18348,卖盘
13:29:16,15.3,0.01,481,735748,买盘
13:29:18,15.29,-0.01,46,70376,卖盘
13:29:21,15.29,0.0,29,44362,卖盘
13:29:24,15.3,0.01,7,10707,买盘
13:29:27,15.29,-0.01,105,160599,卖盘
13:29:31,15.29,0.0,29,44352,卖盘
13:29:34,15.29,0.0,289,441813,卖盘
13:29:36,15.29,0.0,18,27522,买盘
13:29:39,15.29,0.0,80,122294,买盘
13:29:42,15.29,0.0,26,39754,买盘
13:29:46,15.29,0.0,4,6116,买盘
13:29:49,15.29,0.0,75,114675,买盘
13:29:51,15.28,-0.01,217,331641,卖盘
13:29:55,15.28,0.0,40,61133,卖盘
13:29:57,15.28,0.0,88,134464,卖盘
13:30:01,15.29,0.01,148,226225,买盘
13:30:04,15.29,0.0,30,45870,买盘
13:30:07,15.28,-0.01,57,87133,卖盘
13:30:09,15.29,0.01,8,12226,买盘
13:30:13,15.29,0.0,241,368406,买盘
13:30:15,15.29,0.0,48,73353,买盘
13:30:19,15.29,0.0,467,714344,买盘
13:30:21,15.3,0.01,100,152908,买盘
13:30:25,15.29,-0.01,109,166697,卖盘
13:30:27,15.29,0.0,14,21415,卖盘
13:30:30,15.29,0.0,88,134552,卖盘
13:30:34,15.3,0.01,343,524720,买盘
13:30:36,15.3,0.0,27,41295,买盘
13:30:39,15.3,0.0,75,114742,买盘
13:30:42,15.3,0.0,77,117757,买盘
13:30:45,15.29,-0.01,58,88735,卖盘
13:30:48,15.29,0.0,107,163611,卖盘
13:30:51,15.3,0.01,62,94799,买盘
13:30:54,15.3,0.0,176,269146,买盘
13:30:57,15.29,-0.01,93,141941,卖盘
13:31:00,15.29,0.0,24,36696,买盘
13:31:04,15.3,0.01,225,344052,买盘
13:31:07,15.29,-0.01,112,171359,中性盘
13:31:10,15.3,0.01,46,70365,买盘
13:31:12,15.29,-0.01,31,47419,卖盘
13:31:15,15.29,0.0,72,110154,卖盘
13:31:18,15.3,0.01,52,79560,买盘
13:31:22,15.3,0.0,8,12240,买盘
13:31:27,15.3,0.0,112,171325,买盘
13:31:31,15.29,-0.01,38,58121,卖盘
13:31:34,15.3,0.01,339,518669,买盘
13:31:36,15.29,-0.01,403,616416,卖盘
13:31:39,15.29,0.0,131,200429,卖盘
13:31:42,15.29,0.0,74,113176,卖盘
13:31:46,15.3,0.01,25,38250,买盘
13:31:48,15.29,-0.01,189,288981,卖盘
13:31:51,15.3,0.01,97,148393,买盘
13:31:54,15.3,0.0,47,71910,买盘
13:31:57,15.29,-0.01,107,163646,卖盘
13:32:00,15.3,0.01,288,440419,买盘
13:32:04,15.3,0.0,142,217221,买盘
13:32:06,15.29,-0.01,15,22943,卖盘
13:32:09,15.3,0.01,130,198898,买盘
13:32:12,15.3,0.0,92,140748,买盘
13:32:15,15.3,0.0,303,463563,买盘
13:32:19,15.29,-0.01,61,93278,卖盘
13:32:22,15.29,0.0,140,214100,卖盘
13:32:24,15.3,0.01,105,160647,买盘
13:32:28,15.3,0.0,12,18360,买盘
13:32:30,15.3,0.0,585,895013,买盘
13:32:33,15.31,0.01,401,613696,买盘
13:32:36,15.3,-0.01,30,45900,中性盘
13:32:39,15.3,0.0,115,175958,卖盘
13:32:42,15.3,0.0,3,4592,卖盘
13:32:46,15.3,0.0,67,102561,卖盘
13:32:49,15.31,0.01,128,195949,买盘
13:32:52,15.31,0.0,1,1531,买盘
13:32:54,15.31,0.0,95,145382,买盘
13:32:57,15.3,-0.01,50,76546,卖盘
13:33:00,15.31,0.01,167,255677,买盘
13:33:05,15.31,0.0,110,168408,买盘
13:33:07,15.3,-0.01,653,999089,卖盘
13:33:09,15.3,0.0,6,9180,买盘
13:33:12,15.3,0.0,54,82620,买盘
13:33:16,15.3,0.0,73,111690,买盘
13:33:18,15.3,0.0,83,126990,买盘
13:33:21,15.31,0.01,554,847616,买盘
13:33:27,15.3,-0.01,194,296820,卖盘
13:33:30,15.29,-0.01,84,128510,卖盘
13:33:33,15.3,0.01,243,371771,中性盘
13:33:36,15.29,-0.01,16,24464,卖盘
13:33:39,15.29,0.0,273,417446,卖盘
13:33:42,15.3,0.01,221,338099,买盘
13:33:45,15.29,-0.01,48,73412,卖盘
13:33:48,15.3,0.01,1070,1637100,买盘
13:33:51,15.3,0.0,127,194302,买盘
13:33:54,15.3,0.0,96,146833,买盘
13:33:57,15.3,0.0,13,19888,买盘
13:34:00,15.3,0.0,4,6120,买盘
13:34:05,15.3,0.0,90,137700,买盘
13:34:07,15.3,0.0,65,99450,买盘
13:34:09,15.29,-0.01,1481,2264478,卖盘
13:34:12,15.29,0.0,25,38225,卖盘
13:34:16,15.3,0.01,355,543147,买盘
13:34:18,15.29,-0.01,134,204284,卖盘
13:34:21,15.3,0.01,14,21410,买盘
13:34:24,15.3,0.0,85,130018,买盘
13:34:27,15.3,0.0,50,76460,买盘
13:34:30,15.29,-0.01,6,9174,卖盘
13:34:34,15.29,0.0,285,435977,卖盘
13:34:36,15.29,0.0,90,137679,卖盘
13:34:40,15.29,0.0,72,110119,卖盘
13:34:42,15.3,0.01,288,440640,买盘
13:34:46,15.29,-0.01,51,77979,卖盘
13:34:49,15.3,0.01,329,503319,买盘
13:34:52,15.29,-0.01,70,107076,卖盘
13:34:54,15.29,0.0,62,94807,卖盘
13:34:58,15.3,0.01,185,283041,买盘
13:35:00,15.3,0.0,81,123870,买盘
13:35:04,15.29,-0.01,21,32109,卖盘
13:35:07,15.29,0.0,77,117746,卖盘
13:35:10,15.3,0.01,71,108609,买盘
13:35:13,15.3,0.0,11,16830,买盘
13:35:16,15.29,-0.01,48,73410,卖盘
13:35:18,15.3,0.01,57,87163,买盘
13:35:21,15.3,0.0,82,125434,买盘
13:35:24,15.29,-0.01,351,536953,卖盘
13:35:27,15.29,0.0,112,171248,卖盘
13:35:30,15.3,0.01,81,123904,买盘
13:35:33,15.3,0.0,282,431432,买盘
13:35:37,15.29,-0.01,56,85624,卖盘
13:35:43,15.3,0.01,201,307374,买盘
13:35:45,15.3,0.0,1097,1678303,买盘
13:35:49,15.29,-0.01,153,233937,卖盘
13:35:51,15.29,0.0,114,174319,买盘
13:35:55,15.29,0.0,76,116194,买盘
13:35:57,15.29,0.0,8,12232,买盘
13:36:00,15.29,0.0,63,96277,买盘
13:36:04,15.28,-0.01,125,191107,卖盘
13:36:06,15.29,0.01,254,388352,买盘
13:36:09,15.29,0.0,12,18358,卖盘
13:36:12,15.3,0.01,11,16820,买盘
13:36:16,15.3,0.0,154,235520,买盘
13:36:18,15.3,0.0,121,185128,买盘
13:36:21,15.29,-0.01,1,1529,卖盘
13:36:24,15.29,0.0,10,15294,卖盘
13:36:27,15.3,0.01,49,74970,买盘
13:36:30,15.29,-0.01,12,18357,卖盘
13:36:33,15.29,0.0,277,423774,卖盘
13:36:36,15.3,0.01,56,85680,买盘
13:36:39,15.3,0.0,52,79517,买盘
13:36:43,15.29,-0.01,23,35167,卖盘
13:36:46,15.29,0.0,26,39754,卖盘
13:36:48,15.29,0.0,86,131549,卖盘
13:36:51,15.3,0.01,274,419416,买盘
13:36:55,15.29,-0.01,74,113146,卖盘
13:36:57,15.29,0.0,644,984217,卖盘
13:37:00,15.29,0.0,138,210925,买盘
13:37:05,15.28,-0.01,32,48908,卖盘
