time,price,change,volume,amount,type
09:25:00,15.04,0.01,12484,18775936,卖盘
09:30:00,15.03,-0.01,1480,2224131,卖盘
09:30:04,15.03,0.0,6879,10329850,买盘
09:30:07,15.03,0.0,6163,9258084,买盘
09:30:10,15.02,-0.01,2795,4200087,卖盘
09:30:12,15.01,-0.01,1661,2496685,卖盘
09:30:16,15.02,0.01,596,895133,买盘
09:30:18,15.0,-0.02,748,1122467,卖盘
09:30:21,15.02,0.02,324,486409,买盘
09:30:25,15.0,-0.02,809,1213667,卖盘
09:30:28,15.0,0.0,366,549043,买盘
09:30:30,14.99,-0.01,346,518857,卖盘
09:30:33,14.99,0.0,266,398718,买盘
09:30:36,14.98,-0.01,570,853901,卖盘
09:30:39,14.99,0.01,444,665162,买盘
09:30:42,14.98,-0.01,371,555855,卖盘
09:30:46,14.97,-0.01,3123,4676787,卖盘
09:30:48,14.97,0.0,331,495083,买盘
09:30:51,14.97,0.0,253,378535,买盘
09:30:54,14.96,-0.01,1511,2261356,中性盘
09:30:58,14.94,-0.02,400,598577,卖盘
09:31:00,14.95,0.01,257,384180,买盘
09:31:04,14.95,0.0,565,844328,买盘
09:31:06,14.95,0.0,3203,4788732,卖盘
09:31:09,14.95,0.0,980,1466868,买盘
09:31:12,14.95,0.0,220,328938,买盘
09:31:15,14.96,0.01,521,779556,买盘
09:31:18,14.96,0.0,475,710654,卖盘
09:31:21,14.98,0.02,367,549372,买盘
09:31:25,14.96,-0.02,938,1403643,卖盘
09:31:27,14.98,0.02,2143,3213259,买盘
09:31:30,14.99,0.01,1193,1787688,中性盘
09:31:34,14.98,-0.01,931,1396446,卖盘
09:31:36,14.99,0.01,586,878832,买盘
09:31:39,15.0,0.01,848,1272309,买盘
09:31:42,14.99,-0.01,578,866615,卖盘
09:31:46,14.99,0.0,245,367255,卖盘
09:31:48,14.99,0.0,477,714892,买盘
09:31:51,14.99,0.0,1055,1581355,买盘
09:31:55,14.98,-0.01,957,1434590,卖盘
09:31:57,14.98,0.0,735,1100787,买盘
09:32:00,14.97,-0.01,641,959947,卖盘
09:32:04,14.98,0.01,806,1207437,买盘
09:32:07,14.97,-0.01,483,723393,卖盘
09:32:09,14.99,0.02,1323,1981312,买盘
09:32:12,14.99,0.0,621,931019,卖盘
09:32:16,15.0,0.01,198,296851,买盘
09:32:18,14.99,-0.01,1008,1511588,卖盘
09:32:22,14.99,0.0,309,463189,买盘
09:32:24,14.99,0.0,227,340227,买盘
09:32:27,14.98,-0.01,1227,1838714,卖盘
09:32:30,14.99,0.01,2541,3807337,买盘
09:32:34,14.99,0.0,706,1059081,卖盘
09:32:37,14.98,-0.01,1356,2033385,卖盘
09:32:40,15.03,0.05,749,1124447,买盘
09:32:43,14.97,-0.06,820,1228939,卖盘
09:32:46,15.0,0.03,212,317865,买盘
09:32:49,15.0,0.0,1022,1534161,买盘
09:32:51,15.0,0.0,1475,2214127,卖盘
09:32:54,15.01,0.01,360,540452,中性盘
09:32:58,14.98,-0.03,186,278990,卖盘
09:33:01,15.01,0.03,487,730467,买盘
09:33:04,15.0,-0.01,126,189034,卖盘
09:33:07,15.02,0.02,538,807541,买盘
09:33:10,15.01,-0.01,174,261142,卖盘
09:33:12,15.0,-0.01,238,357165,卖盘
09:33:16,15.02,0.02,550,826073,买盘
09:33:18,15.03,0.01,313,470251,买盘
09:33:22,15.02,-0.01,482,723979,卖盘
09:33:24,15.02,0.0,113,169755,卖盘
09:33:28,15.03,0.01,631,947869,买盘
09:33:30,15.02,-0.01,319,479321,卖盘
09:33:34,15.02,0.0,373,559648,买盘
09:33:36,15.03,0.01,512,769419,买盘
09:33:39,15.02,-0.01,1578,2371402,卖盘
09:33:42,15.03,0.01,305,458272,买盘
09:33:46,15.02,-0.01,2739,4115146,卖盘
09:33:49,15.03,0.01,107,160893,卖盘
09:33:52,15.03,0.0,38,57123,卖盘
09:33:54,15.04,0.01,319,479405,买盘
09:33:58,15.03,-0.01,235,353205,卖盘
09:34:00,15.04,0.01,277,416466,买盘
09:34:04,15.04,0.0,391,587948,买盘
09:34:07,15.03,-0.01,471,708093,卖盘
09:34:10,15.04,0.01,1765,2651525,买盘
09:34:13,15.04,0.0,90,135281,买盘
09:34:15,15.03,-0.01,1250,1879776,卖盘
09:34:19,15.03,0.0,572,860092,买盘
09:34:22,15.04,0.01,659,991497,买盘
09:34:25,15.04,0.0,89,133900,卖盘
09:34:27,15.04,0.0,214,321944,卖盘
09:34:31,15.04,0.0,291,437819,卖盘
09:34:33,15.05,0.01,243,365712,买盘
09:34:37,15.04,-0.01,1241,1866368,卖盘
09:34:40,15.05,0.01,469,705645,买盘
09:34:42,15.04,-0.01,537,807501,卖盘
09:34:46,15.04,0.0,384,577536,买盘
09:34:48,15.05,0.01,547,823334,买盘
09:34:51,15.05,0.0,1552,2335178,买盘
09:34:54,15.04,-0.01,654,984208,中性盘
09:34:58,15.05,0.01,77,115885,买盘
09:35:01,15.05,0.0,135,203175,卖盘
09:35:05,15.06,0.01,249,374829,买盘
09:35:07,15.05,-0.01,533,802623,卖盘
09:35:09,15.06,0.01,238,358342,买盘
09:35:12,15.06,0.0,180,271146,卖盘
09:35:15,15.06,0.0,1196,1800717,卖盘
09:35:18,15.07,0.01,796,1198811,买盘
09:35:21,15.07,0.0,1063,1601756,买盘
09:35:24,15.07,0.0,374,563624,卖盘
09:35:27,15.08,0.01,269,405600,买盘
09:35:31,15.08,0.0,354,533814,买盘
09:35:34,15.08,0.0,733,1105050,买盘
09:35:36,15.08,0.0,496,747958,卖盘
09:35:40,15.08,0.0,541,815823,买盘
09:35:43,15.09,0.01,167,251847,买盘
09:35:46,15.08,-0.01,358,540109,卖盘
09:35:48,15.09,0.01,618,932277,买盘
09:35:52,15.08,-0.01,316,476769,卖盘
09:35:55,15.08,0.0,551,831233,卖盘
09:35:57,15.09,0.01,270,407483,买盘
09:36:00,15.09,0.0,813,1226807,卖盘
09:36:05,15.09,0.0,1324,1998661,买盘
09:36:07,15.1,0.01,728,1099335,买盘
09:36:10,15.1,0.0,796,1201748,卖盘
09:36:12,15.11,0.01,267,403377,买盘
09:36:15,15.12,0.01,619,934949,买盘
09:36:19,15.1,-0.02,685,1035200,卖盘
09:36:22,15.1,0.0,356,537803,卖盘
09:36:24,15.11,0.01,422,637465,买盘
09:36:28,15.11,0.0,278,419931,买盘
09:36:31,15.11,0.0,308,465286,买盘
09:36:34,15.1,-0.01,868,1311131,卖盘
09:36:36,15.1,0.0,1144,1727912,卖盘
09:36:40,15.1,0.0,2490,3758129,买盘
09:36:43,15.09,-0.01,1814,2737841,卖盘
09:36:46,15.08,-0.01,1379,2079712,卖盘
09:36:49,15.08,0.0,2111,3182179,卖盘
09:36:51,15.07,-0.01,1036,1560584,中性盘
09:36:55,15.07,0.0,328,494097,买盘
09:36:58,15.06,-0.01,344,517848,中性盘
09:37:00,15.06,0.0,190,285900,买盘
09:37:04,15.06,0.0,202,304040,买盘
09:37:07,15.04,-0.02,53,79754,卖盘
09:37:10,15.06,0.02,789,1187662,买盘
09:37:12,15.06,0.0,170,255824,买盘
09:37:16,15.05,-0.01,1036,1558376,买盘
09:37:18,15.04,-0.01,507,762814,卖盘
09:37:22,15.05,0.01,147,221225,买盘
09:37:24,15.04,-0.01,239,359487,卖盘
09:37:27,15.04,0.0,909,1367161,买盘
09:37:30,15.05,0.01,1474,2217729,买盘
09:37:33,15.05,0.0,636,956583,买盘
09:37:36,15.05,0.0,690,1037541,买盘
09:37:39,15.04,-0.01,665,1000754,卖盘
09:37:42,15.03,-0.01,547,822652,卖盘
09:37:45,15.05,0.02,515,774723,买盘
09:37:49,15.03,-0.02,443,665903,卖盘
09:37:52,15.04,0.01,93,139817,买盘
09:37:55,15.04,0.0,424,637458,买盘
09:37:58,15.04,0.0,918,1379792,买盘
09:38:01,15.05,0.01,635,955095,买盘
09:38:04,15.04,-0.01,262,394131,卖盘
09:38:07,15.04,0.0,885,1331255,卖盘
09:38:10,15.04,0.0,295,443880,卖盘
09:38:12,15.05,0.01,123,185128,买盘
09:38:16,15.06,0.01,339,510408,买盘
09:38:18,15.07,0.01,230,346475,买盘
09:38:21,15.06,-0.01,253,380841,中性盘
09:38:24,15.06,0.0,771,1161126,买盘
09:38:28,15.06,0.0,589,886849,买盘
09:38:30,15.06,0.0,437,657902,买盘
09:38:33,15.07,0.01,190,286185,买盘
09:38:36,15.06,-0.01,152,228925,卖盘
09:38:39,15.05,-0.01,166,249924,卖盘
09:38:43,15.07,0.02,145,218391,买盘
09:38:46,15.07,0.0,361,543860,买盘
09:38:49,15.07,0.0,264,397763,买盘
09:38:52,15.07,0.0,400,603137,卖盘
09:38:55,15.07,0.0,375,564992,卖盘
09:38:58,15.08,0.01,452,682870,买盘
09:39:00,15.08,0.0,731,1103017,卖盘
09:39:05,15.09,0.01,1278,1928605,买盘
09:39:07,15.1,0.01,459,693028,买盘
09:39:10,15.11,0.01,327,493842,买盘
09:39:12,15.09,-0.02,435,656748,卖盘
09:39:15,15.11,0.02,233,351793,买盘
09:39:18,15.09,-0.02,451,680980,卖盘
09:39:21,15.09,0.0,436,658205,卖盘
09:39:24,15.09,0.0,216,326006,卖盘
09:39:28,15.1,0.01,194,292838,买盘
09:39:30,15.09,-0.01,380,573704,卖盘
09:39:34,15.12,0.03,664,1002858,买盘
09:39:36,15.1,-0.02,386,582881,卖盘
09:39:40,15.1,0.0,339,511944,卖盘
09:39:43,15.11,0.01,785,1185541,买盘
09:39:46,15.1,-0.01,680,1027711,卖盘
09:39:48,15.1,0.0,924,1396166,卖盘
09:39:52,15.11,0.01,939,1418599,买盘
09:39:54,15.11,0.0,664,1002916,买盘
09:39:58,15.11,0.0,880,1328387,买盘
09:40:00,15.1,-0.01,893,1349231,卖盘
09:40:04,15.1,0.0,455,686911,买盘
09:40:07,15.11,0.01,833,1257707,买盘
09:40:09,15.09,-0.02,146,220416,卖盘
09:40:13,15.08,-0.01,162,244515,卖盘
09:40:15,15.09,0.01,195,294100,买盘
09:40:18,15.07,-0.02,833,1255072,卖盘
09:40:21,15.08,0.01,541,815817,买盘
09:40:25,15.06,-0.02,1553,2339554,卖盘
09:40:28,15.06,0.0,293,441258,买盘
09:40:30,15.06,0.0,479,721383,买盘
09:40:33,15.06,0.0,875,1317399,买盘
09:40:36,15.06,0.0,633,953036,买盘
09:40:39,15.05,-0.01,210,316212,卖盘
09:40:43,15.07,0.02,239,359991,买盘
09:40:46,15.06,-0.01,729,1098407,卖盘
09:40:49,15.07,0.01,206,310396,买盘
09:40:52,15.06,-0.01,328,494184,卖盘
09:40:54,15.07,0.01,958,1444266,买盘
09:40:57,15.08,0.01,1952,2939593,买盘
09:41:00,15.06,-0.02,138,207873,卖盘
09:41:04,15.07,0.01,384,578637,买盘
09:41:06,15.07,0.0,440,663046,买盘
09:41:09,15.06,-0.01,561,845254,卖盘
09:41:12,15.07,0.01,116,174812,卖盘
09:41:15,15.07,0.0,180,271255,卖盘
09:41:18,15.07,0.0,28,42186,买盘
09:41:22,15.07,0.0,427,643487,买盘
09:41:24,15.06,-0.01,461,694555,卖盘
09:41:28,15.06,0.0,146,220021,卖盘
09:41:30,15.07,0.01,200,301360,买盘
09:41:33,15.07,0.0,258,388769,买盘
09:41:36,15.07,0.0,395,595314,买盘
09:41:39,15.07,0.0,118,177826,卖盘
09:41:42,15.07,0.0,103,155203,卖盘
09:41:45,15.07,0.0,508,765863,卖盘
09:41:49,15.07,0.0,184,277259,卖盘
09:41:51,15.07,0.0,139,209536,买盘
09:41:54,15.08,0.01,765,1152337,买盘
09:41:58,15.08,0.0,121,182300,买盘
09:42:01,15.08,0.0,170,256235,买盘
09:42:04,15.08,0.0,327,493072,买盘
09:42:07,15.07,-0.01,537,810791,卖盘
09:42:10,15.07,0.0,95,143193,卖盘
09:42:12,15.08,0.01,207,312022,买盘
09:42:16,15.08,0.0,93,140244,买盘
09:42:18,15.08,0.0,305,459940,买盘
09:42:22,15.09,0.01,227,342347,买盘
09:42:25,15.08,-0.01,103,155333,卖盘
09:42:28,15.09,0.01,69,104111,买盘
09:42:30,15.08,-0.01,98,147811,卖盘
09:42:33,15.08,0.0,150,226297,卖盘
09:42:36,15.09,0.01,279,420950,买盘
09:42:39,15.09,0.0,126,190109,买盘
09:42:43,15.08,-0.01,49,73906,卖盘
09:42:45,15.09,0.01,446,673012,买盘
09:42:49,15.09,0.0,176,265577,买盘
09:42:52,15.08,-0.01,257,387811,卖盘
09:42:54,15.08,0.0,278,419412,卖盘
09:42:57,15.09,0.01,205,309345,买盘
09:43:00,15.09,0.0,672,1013700,买盘
09:43:05,15.09,0.0,621,936703,买盘
09:43:07,15.08,-0.01,704,1061842,卖盘
09:43:09,15.08,0.0,1935,2917978,卖盘
09:43:13,15.06,-0.02,2548,3838675,卖盘
09:43:15,15.06,0.0,877,1320796,卖盘
09:43:19,15.07,0.01,1584,2384192,买盘
09:43:21,15.06,-0.01,335,504509,中性盘
09:43:24,15.06,0.0,222,334420,买盘
09:43:28,15.06,0.0,529,796748,卖盘
09:43:31,15.06,0.0,252,379354,买盘
09:43:34,15.06,0.0,516,777052,买盘
09:43:36,15.04,-0.02,540,813066,卖盘
09:43:40,15.05,0.01,440,662278,买盘
09:43:42,15.05,0.0,309,465160,买盘
09:43:46,15.05,0.0,244,367210,买盘
09:43:48,15.05,0.0,519,781092,买盘
09:43:51,15.06,0.01,2549,3839088,买盘
09:43:54,15.05,-0.01,2503,3765581,卖盘
09:43:58,15.05,0.0,285,428761,中性盘
09:44:01,15.05,0.0,423,636733,买盘
09:44:05,15.06,0.01,115,173171,中性盘
09:44:06,15.06,0.0,58,87348,卖盘
09:44:10,15.06,0.0,231,347965,卖盘
09:44:13,15.07,0.01,176,265151,买盘
09:44:15,15.06,-0.01,517,778649,卖盘
09:44:19,15.06,0.0,80,120476,买盘
09:44:22,15.06,0.0,320,481881,买盘
09:44:25,15.05,-0.01,39,58703,卖盘
09:44:27,15.05,0.0,951,1431504,卖盘
09:44:30,15.06,0.01,133,200284,买盘
09:44:33,15.06,0.0,235,353722,买盘
09:44:37,15.06,0.0,279,420066,买盘
09:44:39,15.06,0.0,435,655039,买盘
09:44:43,15.05,-0.01,392,590084,卖盘
09:44:45,15.05,0.0,187,281471,买盘
09:44:49,15.04,-0.01,445,669757,卖盘
09:44:51,15.05,0.01,278,418390,买盘
09:44:55,15.05,0.0,34,51170,卖盘
09:44:58,15.05,0.0,33,49668,卖盘
09:45:01,15.05,0.0,89,133961,卖盘
09:45:04,15.05,0.0,390,587307,卖盘
09:45:07,15.06,0.01,690,1039136,买盘
09:45:10,15.07,0.01,637,959770,买盘
09:45:13,15.06,-0.01,400,602481,卖盘
09:45:15,15.06,0.0,555,835896,卖盘
09:45:18,15.06,0.0,165,248460,买盘
09:45:22,15.05,-0.01,177,266505,卖盘
09:45:24,15.06,0.01,97,146044,买盘
09:45:27,15.05,-0.01,327,492171,卖盘
09:45:31,15.06,0.01,184,277075,买盘
09:45:33,15.05,-0.01,206,310112,卖盘
09:45:36,15.05,0.0,181,272522,卖盘
09:45:39,15.05,0.0,250,376338,卖盘
09:45:42,15.06,0.01,291,438081,买盘
09:45:45,15.06,0.0,618,930684,买盘
09:45:48,15.06,0.0,2810,4229394,买盘
09:45:51,15.05,-0.01,561,844293,卖盘
09:45:54,15.05,0.0,273,410859,买盘
09:45:57,15.05,0.0,215,323541,买盘
09:46:00,15.05,0.0,217,326536,买盘
09:46:04,15.05,0.0,475,714563,买盘
09:46:07,15.04,-0.01,165,248210,卖盘
09:46:09,15.05,0.01,334,502493,买盘
09:46:12,15.05,0.0,223,335506,买盘
09:46:15,15.05,0.0,163,245314,买盘
09:46:19,15.05,0.0,300,451255,买盘
09:46:21,15.04,-0.01,374,562572,卖盘
09:46:25,15.03,-0.01,1703,2561764,卖盘
09:46:28,15.04,0.01,390,586554,买盘
09:46:31,15.03,-0.01,302,453913,卖盘
09:46:33,15.04,0.01,152,228197,买盘
09:46:37,15.03,-0.01,431,647813,卖盘
09:46:39,15.03,0.0,274,411837,卖盘
09:46:42,15.03,0.0,270,405996,卖盘
09:46:45,15.04,0.01,1794,2696828,买盘
09:46:49,15.03,-0.01,309,464297,中性盘
09:46:52,15.03,0.0,306,459910,买盘
09:46:55,15.03,0.0,189,284001,买盘
09:46:57,15.03,0.0,151,226847,买盘
09:47:01,15.02,-0.01,1481,2224651,卖盘
09:47:04,15.03,0.01,556,835180,买盘
09:47:06,15.01,-0.02,139,208729,卖盘
09:47:10,15.01,0.0,385,578055,卖盘
09:47:12,15.01,0.0,71,106581,卖盘
09:47:15,15.02,0.01,995,1494249,买盘
09:47:18,15.02,0.0,772,1159840,卖盘
09:47:22,15.02,0.0,338,507729,卖盘
09:47:24,15.03,0.01,1042,1564910,买盘
09:47:28,15.03,0.0,361,542635,卖盘
09:47:31,15.03,0.0,134,201419,卖盘
09:47:33,15.04,0.01,2244,3372565,买盘
09:47:36,15.04,0.0,303,455712,卖盘
09:47:40,15.04,0.0,175,263252,卖盘
09:47:42,15.04,0.0,331,497919,卖盘
09:47:46,15.04,0.0,272,409109,卖盘
09:47:48,15.05,0.01,358,538745,买盘
09:47:51,15.05,0.0,475,714813,买盘
09:47:54,15.04,-0.01,157,236175,卖盘
09:47:57,15.04,0.0,603,907424,卖盘
09:48:01,15.05,0.01,1215,1828575,买盘
09:48:05,15.05,0.0,234,352058,卖盘
09:48:06,15.04,-0.01,912,1372281,卖盘
09:48:10,15.04,0.0,495,744480,买盘
09:48:13,15.03,-0.01,253,380463,卖盘
09:48:15,15.04,0.01,107,160931,买盘
09:48:19,15.03,-0.01,447,671949,卖盘
09:48:21,15.05,0.02,175,263190,买盘
09:48:25,15.05,0.0,334,502489,买盘
09:48:27,15.04,-0.01,249,374679,卖盘
09:48:30,15.04,0.0,482,724986,卖盘
09:48:34,15.03,-0.01,263,395441,卖盘
09:48:36,15.03,0.0,212,318720,卖盘
09:48:40,15.04,0.01,331,497822,买盘
09:48:42,15.03,-0.01,107,160828,卖盘
09:48:45,15.03,0.0,135,202910,卖盘
09:48:48,15.03,0.0,546,820934,卖盘
09:48:51,15.04,0.01,844,1269376,买盘
09:48:54,15.05,0.01,210,315879,买盘
09:48:57,15.04,-0.01,145,218093,卖盘
09:49:00,15.04,0.0,379,570137,买盘
09:49:04,15.04,0.0,277,416621,卖盘
09:49:07,15.04,0.0,217,326318,买盘
09:49:09,15.04,0.0,149,224047,买盘
09:49:13,15.04,0.0,191,287239,买盘
09:49:15,15.03,-0.01,158,237560,卖盘
09:49:19,15.04,0.01,250,375830,买盘
09:49:21,15.03,-0.01,210,315834,卖盘
09:49:24,15.04,0.01,626,941064,买盘
09:49:27,15.03,-0.01,219,329246,卖盘
09:49:30,15.01,-0.02,6484,9742486,卖盘
09:49:33,15.03,0.02,74,111238,卖盘
09:49:36,15.01,-0.02,468,702824,卖盘
09:49:40,15.03,0.02,150,225434,中性盘
09:49:42,15.04,0.01,627,942416,买盘
09:49:45,15.03,-0.01,148,222583,卖盘
09:49:49,15.04,0.01,57,85708,买盘
09:49:51,15.03,-0.01,1371,2060530,卖盘
09:49:54,15.02,-0.01,632,950471,卖盘
09:49:57,15.02,0.0,256,384568,卖盘
09:50:01,15.03,0.01,436,655293,买盘
09:50:04,15.02,-0.01,87,130704,卖盘
09:50:07,15.02,0.0,1270,1907649,卖盘
09:50:09,15.02,0.0,568,853128,买盘
09:50:12,15.02,0.0,498,747870,买盘
09:50:15,15.02,0.0,504,757590,买盘
09:50:19,15.02,0.0,68,102146,卖盘
09:50:22,15.03,0.01,235,353057,买盘
09:50:24,15.02,-0.01,367,551237,卖盘
09:50:27,15.02,0.0,147,220829,卖盘
09:50:30,15.03,0.01,253,380238,买盘
09:50:34,15.03,0.0,308,462917,买盘
09:50:36,15.03,0.0,399,599697,卖盘
09:50:40,15.04,0.01,139,208918,买盘
09:50:42,15.03,-0.01,185,278057,卖盘
09:50:46,15.03,0.0,176,264691,卖盘
09:50:49,15.03,0.0,331,497586,卖盘
09:50:51,15.04,0.01,93,139808,买盘
09:50:54,15.03,-0.01,466,700824,卖盘
09:50:57,15.04,0.01,435,654086,买盘
09:51:00,15.03,-0.01,673,1011519,卖盘
09:51:04,15.04,0.01,234,351762,买盘
09:51:06,15.04,0.0,311,467549,买盘
09:51:09,15.03,-0.01,1300,1954757,卖盘
09:51:12,15.03,0.0,133,199860,买盘
09:51:15,15.03,0.0,396,595348,买盘
09:51:19,15.03,0.0,200,300646,买盘
09:51:21,15.03,0.0,2102,3157745,卖盘
09:51:24,15.03,0.0,66,99193,买盘
09:51:28,15.02,-0.01,179,269059,卖盘
09:51:30,15.02,0.0,85,127692,卖盘
09:51:33,15.02,0.0,211,316956,卖盘
09:51:36,15.03,0.01,545,819199,买盘
09:51:39,15.03,0.0,78,117189,买盘
09:51:42,15.03,0.0,291,437250,买盘
09:51:45,15.03,0.0,103,154791,买盘
09:51:49,15.03,0.0,254,381625,买盘
09:51:52,15.03,0.0,1244,1868610,买盘
09:51:54,15.02,-0.01,456,685253,卖盘
09:51:57,15.03,0.01,145,217830,买盘
09:52:00,15.02,-0.01,74,111184,卖盘
09:52:05,15.03,0.01,1117,1677817,买盘
09:52:07,15.02,-0.01,318,477706,卖盘
09:52:10,15.02,0.0,148,222363,卖盘
09:52:12,15.02,0.0,142,213284,卖盘
09:52:15,15.02,0.0,336,504679,卖盘
09:52:19,15.02,0.0,238,357502,卖盘
09:52:22,15.03,0.01,488,732988,买盘
09:52:25,15.02,-0.01,384,576988,卖盘
09:52:27,15.02,0.0,665,998500,卖盘
09:52:31,15.02,0.0,300,451526,卖盘
09:52:34,15.02,0.0,186,279372,买盘
09:52:37,15.01,-0.01,1067,1602600,卖盘
09:52:39,15.02,0.01,309,464098,买盘
09:52:42,15.03,0.01,506,759902,买盘
09:52:46,15.03,0.0,49,73563,买盘
09:52:48,15.02,-0.01,85,127675,中性盘
09:52:52,15.02,0.0,1084,1628046,中性盘
09:52:55,15.01,-0.01,123,184707,卖盘
09:52:57,15.02,0.01,689,1035219,买盘
09:53:00,15.02,0.0,364,546714,卖盘
09:53:05,15.01,-0.01,486,729576,卖盘
09:53:07,15.01,0.0,171,256820,卖盘
09:53:10,15.01,0.0,217,325794,卖盘
09:53:12,15.01,0.0,369,553887,卖盘
09:53:15,15.01,0.0,380,570555,卖盘
09:53:18,15.01,0.0,288,432306,卖盘
09:53:22,15.02,0.01,125,187656,买盘
09:53:25,15.0,-0.02,2583,3877384,卖盘
09:53:27,15.01,0.01,330,495302,买盘
09:53:31,15.0,-0.01,89,133551,卖盘
09:53:33,15.0,0.0,335,502579,卖盘
09:53:36,15.01,0.01,1293,1939738,买盘
09:53:40,15.01,0.0,297,445767,买盘
09:53:43,15.01,0.0,194,291145,买盘
09:53:46,15.0,-0.01,251,376663,卖盘
09:53:49,15.01,0.01,189,283384,买盘
09:53:51,15.0,-0.01,145,217900,卖盘
09:53:54,15.0,0.0,239,358576,卖盘
09:53:58,15.01,0.01,441,661901,买盘
09:54:01,15.0,-0.01,122,183027,卖盘
09:54:04,15.0,0.0,108,162050,卖盘
09:54:07,15.01,0.01,779,1168716,买盘
09:54:09,15.0,-0.01,1674,2510943,卖盘
09:54:12,15.01,0.01,505,757898,买盘
09:54:16,15.01,0.0,419,628622,买盘
09:54:18,15.01,0.0,657,984674,买盘
09:54:21,15.01,0.0,224,336224,卖盘
09:54:24,15.01,0.0,197,295786,卖盘
09:54:28,15.01,0.0,803,1206145,卖盘
09:54:31,15.01,0.0,108,162108,买盘
09:54:34,15.02,0.01,805,1208498,买盘
09:54:36,15.0,-0.02,1018,1527900,卖盘
09:54:39,15.01,0.01,607,911182,买盘
09:54:43,15.02,0.01,316,474397,买盘
09:54:45,15.02,0.0,52,78104,买盘
09:54:49,15.01,-0.01,312,468376,卖盘
09:54:51,15.02,0.01,81,121584,买盘
09:54:54,15.02,0.0,280,420362,买盘
09:54:58,15.01,-0.01,518,777916,卖盘
09:55:00,15.02,0.01,1797,2698547,买盘
09:55:04,15.02,0.0,242,363553,卖盘
09:55:06,15.02,0.0,448,673377,卖盘
09:55:10,15.02,0.0,400,600794,买盘
09:55:13,15.01,-0.01,363,545172,卖盘
09:55:16,15.03,0.02,136,204369,买盘
09:55:19,15.03,0.0,304,456637,买盘
09:55:22,15.02,-0.01,59,88575,卖盘
09:55:25,15.02,0.0,113,169804,买盘
09:55:27,15.02,0.0,495,743699,卖盘
09:55:31,15.03,0.01,223,335030,买盘
09:55:33,15.02,-0.01,208,312473,卖盘
09:55:37,15.03,0.01,249,374080,买盘
09:55:40,15.02,-0.01,90,135222,卖盘
09:55:43,15.03,0.01,97,145759,买盘
09:55:45,15.03,0.0,112,168296,买盘
09:55:48,15.02,-0.01,298,447891,卖盘
09:55:51,15.02,0.0,78,117184,卖盘
09:55:54,15.02,0.0,90,135194,卖盘
09:55:57,15.03,0.01,3513,5280028,买盘
09:56:00,15.02,-0.01,608,913815,卖盘
09:56:04,15.02,0.0,366,549858,卖盘
09:56:06,15.02,0.0,75,112667,卖盘
09:56:10,15.03,0.01,79,118707,买盘
09:56:12,15.03,0.0,42,63124,买盘
09:56:16,15.03,0.0,140,210410,买盘
09:56:18,15.03,0.0,177,265964,买盘
09:56:21,15.02,-0.01,120,180310,卖盘
09:56:25,15.03,0.01,1795,2697864,买盘
09:56:28,15.03,0.0,276,414544,买盘
09:56:30,15.03,0.0,114,171342,卖盘
09:56:34,15.04,0.01,38,57115,买盘
09:56:36,15.03,-0.01,170,256349,卖盘
09:56:39,15.03,0.0,370,556419,卖盘
09:56:43,15.03,0.0,253,380504,卖盘
09:56:46,15.04,0.01,166,249645,买盘
09:56:49,15.04,0.0,189,284253,买盘
09:56:51,15.04,0.0,143,214983,买盘
09:56:54,15.03,-0.01,2257,3392329,卖盘
09:56:58,15.04,0.01,63,94746,买盘
09:57:00,15.03,-0.01,432,649686,卖盘
09:57:05,15.04,0.01,177,266198,买盘
09:57:07,15.03,-0.01,122,183373,卖盘
09:57:10,15.03,0.0,162,243571,卖盘
09:57:13,15.03,0.0,71,106739,卖盘
09:57:16,15.04,0.01,622,935023,买盘
09:57:18,15.03,-0.01,410,616310,卖盘
09:57:21,15.02,-0.01,1975,2968459,卖盘
09:57:24,15.02,0.0,1207,1812984,卖盘
09:57:27,15.02,0.0,747,1120533,买盘
09:57:30,15.0,-0.02,2018,3030365,卖盘
09:57:33,15.02,0.02,194,291243,买盘
09:57:36,15.0,-0.02,25,37524,卖盘
09:57:40,15.0,0.0,187,280612,卖盘
09:57:43,15.01,0.01,475,712686,买盘
09:57:46,15.01,0.0,175,262627,买盘
09:57:48,15.01,0.0,510,765328,买盘
09:57:52,15.01,0.0,207,310774,买盘
09:57:54,15.01,0.0,129,193616,买盘
09:57:58,15.01,0.0,119,178618,卖盘
09:58:00,15.01,0.0,101,151566,买盘
09:58:04,15.01,0.0,130,195103,买盘
09:58:07,15.01,0.0,138,207220,卖盘
09:58:09,15.01,0.0,274,411274,卖盘
09:58:12,15.01,0.0,32,48032,卖盘
09:58:15,15.02,0.01,46,69058,买盘
09:58:18,15.02,0.0,51,76569,买盘
09:58:21,15.02,0.0,56,84057,买盘
09:58:24,15.02,0.0,94,141180,买盘
09:58:27,15.01,-0.01,172,258309,卖盘
09:58:30,15.01,0.0,884,1326900,卖盘
09:58:33,15.02,0.01,54,81084,买盘
09:58:36,15.02,0.0,120,180133,买盘
09:58:39,15.01,-0.01,182,273182,卖盘
09:58:42,15.01,0.0,355,532821,买盘
09:58:45,15.01,0.0,130,195104,买盘
09:58:49,15.01,0.0,492,738534,买盘
09:58:52,15.01,0.0,104,156072,买盘
09:58:55,15.01,0.0,31,46516,买盘
09:58:57,15.01,0.0,450,675427,买盘
09:59:00,15.01,0.0,129,193577,买盘
09:59:04,15.01,0.0,137,205641,买盘
09:59:07,15.01,0.0,39,58539,卖盘
09:59:09,15.02,0.01,72,108090,买盘
09:59:12,15.01,-0.01,202,303369,卖盘
09:59:16,15.01,0.0,1419,2129582,卖盘
09:59:18,15.01,0.0,51,76576,卖盘
09:59:22,15.01,0.0,142,213142,卖盘
09:59:24,15.0,-0.01,291,436688,卖盘
09:59:28,15.01,0.01,77,115555,中性盘
09:59:30,15.01,0.0,252,378236,卖盘
09:59:33,15.01,0.0,144,216144,卖盘
09:59:37,15.01,0.0,262,393167,卖盘
09:59:39,15.01,0.0,374,561480,卖盘
09:59:42,15.01,0.0,59,88539,买盘
09:59:46,15.01,0.0,322,483255,卖盘
09:59:48,15.01,0.0,192,288186,卖盘
09:59:52,15.0,-0.01,781,1171830,卖盘
09:59:54,15.0,0.0,154,231147,卖盘
09:59:58,15.01,0.01,169,253633,买盘
10:00:01,15.01,0.0,101,150970,买盘
10:00:04,15.0,-0.01,564,846482,卖盘
10:00:07,15.01,0.01,101,151581,买盘
10:00:10,15.0,-0.01,253,379533,卖盘
10:00:12,15.0,0.0,180,270069,卖盘
10:00:15,15.01,0.01,2132,3198282,买盘
10:00:18,15.0,-0.01,531,796595,卖盘
10:00:21,15.0,0.0,116,174073,卖盘
10:00:24,15.01,0.01,30,45023,中性盘
10:00:27,15.0,-0.01,377,565920,卖盘
10:00:30,15.0,0.0,926,1389758,卖盘
10:00:33,15.01,0.01,275,412605,买盘
10:00:36,15.0,-0.01,483,725199,卖盘
10:00:40,15.0,0.0,249,373745,卖盘
10:00:42,15.0,0.0,179,268513,卖盘
10:00:45,15.01,0.01,43,64512,买盘
10:00:48,15.0,-0.01,2113,3169522,卖盘
10:00:51,15.0,0.0,2065,3096765,卖盘
10:00:54,14.99,-0.01,359,538234,卖盘
10:00:57,15.0,0.01,1505,2256594,买盘
10:01:00,14.98,-0.02,83,124420,卖盘
10:01:04,14.99,0.01,309,463152,买盘
10:01:06,14.99,0.0,218,326800,卖盘
10:01:09,15.0,0.01,165,247415,买盘
10:01:12,14.99,-0.01,113,169384,卖盘
10:01:15,14.99,0.0,73,109434,卖盘
10:01:19,14.99,0.0,116,173887,买盘
10:01:22,14.99,0.0,523,783977,卖盘
10:01:24,14.99,0.0,278,416163,买盘
10:01:27,14.99,0.0,80,119865,买盘
10:01:30,14.99,0.0,132,197843,买盘
10:01:33,14.99,0.0,125,187312,买盘
10:01:36,14.99,0.0,111,166314,买盘
10:01:40,14.99,0.0,550,824479,买盘
10:01:42,14.98,-0.01,167,250245,卖盘
10:01:46,14.99,0.01,70,104888,中性盘
10:01:48,14.98,-0.01,168,251868,卖盘
10:01:51,14.99,0.01,188,281665,买盘
10:01:54,14.98,-0.01,128,191808,卖盘
10:01:57,14.99,0.01,182,272654,买盘
10:02:01,14.98,-0.01,318,476607,卖盘
10:02:05,14.99,0.01,44,65943,买盘
10:02:07,14.98,-0.01,423,634051,卖盘
10:02:10,14.98,0.0,159,238195,卖盘
10:02:12,14.99,0.01,245,367229,买盘
10:02:16,14.98,-0.01,103,154311,卖盘
10:02:18,14.99,0.01,84,125875,买盘
10:02:21,14.99,0.0,281,421048,买盘
10:02:24,14.98,-0.01,274,410633,卖盘
10:02:27,14.98,0.0,739,1107653,卖盘
10:02:30,14.98,0.0,573,858884,卖盘
10:02:33,14.99,0.01,248,371731,买盘
10:02:36,14.99,0.0,52,77948,卖盘
10:02:39,15.0,0.01,1266,1897058,买盘
10:02:42,14.99,-0.01,64,95895,中性盘
10:02:46,14.99,0.0,96,143903,买盘
10:02:48,14.99,0.0,157,235339,买盘
10:02:52,14.99,0.0,74,110913,买盘
10:02:55,14.98,-0.01,206,308648,卖盘
10:02:57,14.98,0.0,167,250312,卖盘
10:03:01,14.98,0.0,302,452556,卖盘
10:03:05,14.98,0.0,1423,2132980,卖盘
10:03:07,14.99,0.01,152,227835,买盘
10:03:10,15.0,0.01,375,562332,买盘
10:03:13,15.0,0.0,5,7500,买盘
10:03:16,14.99,-0.01,130,194904,卖盘
10:03:18,15.0,0.01,19,28484,买盘
10:03:21,14.99,-0.01,14,20989,卖盘
10:03:24,15.0,0.01,202,302849,买盘
10:03:27,14.99,-0.01,229,343271,卖盘
10:03:31,15.0,0.01,786,1178945,买盘
10:03:33,14.99,-0.01,84,125986,卖盘
10:03:37,14.99,0.0,577,865429,卖盘
10:03:39,15.0,0.01,176,263986,买盘
10:03:42,15.0,0.0,273,409437,买盘
10:03:46,15.0,0.0,82,122948,买盘
10:03:48,15.0,0.0,220,329818,买盘
10:03:51,15.0,0.0,871,1305726,买盘
10:03:54,14.99,-0.01,128,191908,卖盘
10:03:57,14.99,0.0,256,383998,卖盘
10:04:01,15.0,0.01,199,298386,买盘
10:04:05,15.0,0.0,28,41973,买盘
10:04:06,15.0,0.0,110,165000,买盘
10:04:10,14.99,-0.01,362,542963,卖盘
10:04:13,15.0,0.01,983,1473697,买盘
10:04:15,15.0,0.0,206,308664,买盘
10:04:19,15.0,0.0,228,341948,买盘
10:04:21,15.0,0.0,274,410841,买盘
10:04:24,15.0,0.0,208,312000,买盘
10:04:28,15.0,0.0,277,415373,买盘
10:04:30,14.99,-0.01,1286,1927978,卖盘
10:04:34,14.99,0.0,348,521620,买盘
10:04:36,14.99,0.0,511,765989,买盘
10:04:40,14.99,0.0,395,591900,买盘
10:04:43,14.99,0.0,374,560945,卖盘
10:04:46,14.99,0.0,82,122959,卖盘
10:04:48,15.0,0.01,162,242946,买盘
10:04:51,14.99,-0.01,301,451328,卖盘
10:04:54,14.99,0.0,207,310422,卖盘
10:04:57,14.99,0.0,566,848734,卖盘
10:05:00,14.99,0.0,39,58496,卖盘
10:05:05,14.99,0.0,150,224990,卖盘
10:05:07,15.0,0.01,90,134951,买盘
10:05:10,15.0,0.0,299,449443,买盘
10:05:13,15.0,0.0,32,48000,卖盘
10:05:15,15.0,0.0,424,635105,卖盘
10:05:19,15.0,0.0,236,354928,买盘
10:05:21,15.0,0.0,193,289504,卖盘
10:05:24,15.0,0.0,129,192540,卖盘
10:05:27,15.0,0.0,107,161486,买盘
10:05:30,15.0,0.0,137,205554,卖盘
10:05:34,15.0,0.0,52,78027,卖盘
10:05:36,15.0,0.0,80,120006,卖盘
10:05:39,15.01,0.01,398,597316,买盘
10:05:42,15.0,-0.01,208,312069,卖盘
10:05:46,15.01,0.01,11,16510,买盘
10:05:49,15.01,0.0,6,9004,买盘
10:05:52,15.01,0.0,606,909469,买盘
10:05:54,15.01,0.0,32,48032,买盘
10:05:58,15.01,0.0,136,204106,买盘
10:06:01,15.0,-0.01,246,369210,卖盘
10:06:05,15.0,0.0,91,136557,卖盘
10:06:07,15.01,0.01,139,208598,买盘
10:06:09,15.0,-0.01,334,501296,卖盘
10:06:12,15.01,0.01,47,70511,买盘
10:06:15,15.01,0.0,163,244663,买盘
10:06:18,15.0,-0.01,49,73512,卖盘
10:06:21,15.0,0.0,400,600343,卖盘
10:06:24,15.01,0.01,57,85510,买盘
10:06:27,15.01,0.0,490,735490,买盘
10:06:30,15.01,0.0,56,84032,买盘
10:06:33,15.0,-0.01,81,121517,卖盘
10:06:37,15.01,0.01,12,18012,买盘
10:06:39,15.0,-0.01,72,108005,卖盘
10:06:43,15.01,0.01,98,147048,买盘
10:06:46,15.01,0.0,113,169527,买盘
10:06:49,15.0,-0.01,139,208508,卖盘
10:06:51,15.01,0.01,229,343536,买盘
10:06:54,15.01,0.0,697,1046189,买盘
10:06:57,15.01,0.0,664,996224,买盘
10:07:01,15.01,0.0,84,126078,买盘
10:07:05,15.01,0.0,294,441159,买盘
10:07:07,15.01,0.0,1221,1832627,买盘
10:07:10,15.02,0.01,336,504624,买盘
10:07:12,15.01,-0.01,101,151601,卖盘
10:07:15,15.01,0.0,235,352735,买盘
10:07:18,15.01,0.0,237,355582,买盘
10:07:21,15.01,0.0,42,63042,买盘
10:07:25,15.01,0.0,32,48025,买盘
10:07:27,15.0,-0.01,58,87027,卖盘
10:07:30,15.01,0.01,98,147065,买盘
10:07:34,15.01,0.0,393,589577,买盘
10:07:37,15.01,0.0,218,327212,买盘
10:07:40,15.01,0.0,344,516424,买盘
10:07:43,15.01,0.0,89,133589,买盘
10:07:46,15.01,0.0,114,171114,卖盘
10:07:49,15.02,0.01,138,207174,买盘
10:07:51,15.01,-0.01,100,150105,卖盘
10:07:54,15.01,0.0,722,1083596,卖盘
10:07:58,15.01,0.0,10,15011,卖盘
10:08:00,15.01,0.0,101,151626,卖盘
10:08:04,15.01,0.0,185,277812,卖盘
10:08:06,15.01,0.0,69,103579,卖盘
10:08:10,15.01,0.0,138,207146,卖盘
10:08:13,15.0,-0.01,391,586938,卖盘
10:08:16,15.02,0.02,77,115644,买盘
10:08:18,15.01,-0.01,47,70547,卖盘
10:08:21,15.01,0.0,1423,2134670,卖盘
10:08:25,15.01,0.0,221,331821,卖盘
10:08:27,15.01,0.0,33,49543,卖盘
10:08:31,15.02,0.01,31,46532,买盘
10:08:34,15.0,-0.02,446,669442,卖盘
10:08:37,15.01,0.01,307,460774,买盘
10:08:40,15.0,-0.01,184,276135,卖盘
10:08:42,15.0,0.0,100,150060,卖盘
10:08:46,15.01,0.01,265,397734,买盘
10:08:49,15.0,-0.01,66,99002,卖盘
10:08:52,15.01,0.01,163,244646,买盘
10:08:55,15.0,-0.01,48,72020,卖盘
10:08:57,15.01,0.01,84,126027,买盘
10:09:00,15.0,-0.01,2329,3493505,卖盘
10:09:04,15.01,0.01,813,1219545,买盘
10:09:07,15.0,-0.01,324,486054,卖盘
10:09:10,15.0,0.0,47,70506,卖盘
10:09:12,15.0,0.0,462,693351,卖盘
10:09:15,15.0,0.0,35,52500,卖盘
10:09:19,15.0,0.0,527,790500,卖盘
10:09:22,15.0,0.0,81,121522,卖盘
10:09:24,15.0,0.0,68,102004,卖盘
10:09:27,15.0,0.0,23,34503,卖盘
10:09:30,15.0,0.0,264,396021,卖盘
10:09:33,15.0,0.0,359,538772,卖盘
10:09:36,15.0,0.0,1155,1732554,卖盘
10:09:39,15.0,0.0,190,285000,买盘
10:09:42,15.0,0.0,106,158953,买盘
10:09:45,14.99,-0.01,68,101997,卖盘
10:09:49,15.0,0.01,31,46490,买盘
10:09:51,15.0,0.0,105,157441,买盘
10:09:54,14.99,-0.01,188,281894,卖盘
10:09:57,14.99,0.0,191,286310,卖盘
10:10:00,15.0,0.01,27,40494,买盘
10:10:04,15.0,0.0,70,104957,买盘
10:10:06,14.99,-0.01,2703,4051798,卖盘
10:10:09,14.99,0.0,49,73464,卖盘
10:10:13,14.99,0.0,571,856183,卖盘
10:10:15,14.99,0.0,551,826168,买盘
10:10:18,14.99,0.0,22,32978,买盘
10:10:22,14.98,-0.01,389,583105,卖盘
10:10:24,14.99,0.01,1446,2167494,买盘
10:10:28,14.99,0.0,79,118440,卖盘
10:10:30,15.0,0.01,17,25489,买盘
10:10:34,14.99,-0.01,561,840940,卖盘
10:10:36,14.99,0.0,2044,3063956,卖盘
10:10:39,14.99,0.0,1353,2029448,卖盘
10:10:43,15.0,0.01,241,361383,买盘
10:10:46,14.99,-0.01,982,1472030,卖盘
10:10:48,14.99,0.0,95,142428,卖盘
10:10:51,14.99,0.0,14,20991,卖盘
10:10:54,15.0,0.01,2432,3646201,买盘
10:10:57,14.99,-0.01,6,8994,中性盘
10:11:00,14.99,0.0,177,265443,卖盘
10:11:04,15.01,0.02,167,250487,买盘
10:11:06,15.0,-0.01,154,230864,卖盘
10:11:10,15.0,0.0,76,114002,卖盘
10:11:13,15.0,0.0,26,39019,卖盘
10:11:16,15.0,0.0,438,657432,卖盘
10:11:18,15.01,0.01,100,150048,买盘
10:11:21,15.01,0.0,367,550834,买盘
10:11:24,15.0,-0.01,103,154577,卖盘
10:11:28,15.01,0.01,277,415592,买盘
10:11:31,15.01,0.0,224,336014,买盘
10:11:33,15.01,0.0,124,186131,卖盘
10:11:37,15.02,0.01,88,132124,买盘
10:11:40,15.01,-0.01,11,16511,卖盘
10:11:42,15.01,0.0,43,64543,卖盘
10:11:46,15.0,-0.01,2057,3085858,卖盘
10:11:48,15.0,0.0,414,621210,卖盘
10:11:51,14.99,-0.01,595,892407,卖盘
10:11:54,15.0,0.01,98,146970,买盘
10:11:57,15.0,0.0,118,177000,买盘
10:12:01,15.0,0.0,77,115496,买盘
10:12:04,15.0,0.0,165,247486,买盘
10:12:07,15.0,0.0,66,98962,买盘
10:12:09,14.99,-0.01,162,242930,卖盘
10:12:12,14.99,0.0,120,179928,卖盘
10:12:15,15.0,0.01,101,151290,买盘
10:12:19,14.99,-0.01,508,762295,卖盘
10:12:24,15.0,0.01,566,848677,买盘
10:12:28,15.0,0.0,70,105000,卖盘
10:12:31,15.0,0.0,1963,2942704,买盘
10:12:33,15.0,0.0,31,46500,卖盘
10:12:37,15.0,0.0,14,21000,卖盘
10:12:40,15.0,0.0,130,195003,卖盘
10:12:42,15.0,0.0,13,19502,卖盘
10:12:46,15.01,0.01,114,171054,买盘
10:12:49,15.0,-0.01,223,334552,卖盘
10:12:51,15.01,0.01,19,28501,买盘
10:12:54,15.01,0.0,68,102041,买盘
10:12:57,15.0,-0.01,11,16500,卖盘
10:13:00,15.0,0.0,38,57002,卖盘
10:13:04,15.0,0.0,63,94501,卖盘
10:13:06,15.0,0.0,694,1041152,卖盘
10:13:10,15.0,0.0,443,664780,卖盘
10:13:12,15.0,0.0,289,433507,卖盘
10:13:15,15.0,0.0,61,91504,卖盘
10:13:18,15.0,0.0,544,816387,卖盘
10:13:22,15.0,0.0,193,289501,卖盘
10:13:25,15.01,0.01,416,623065,买盘
10:13:27,15.0,-0.01,102,153019,卖盘
10:13:31,15.0,0.0,44,66040,卖盘
10:13:33,15.0,0.0,198,297110,卖盘
10:13:36,15.0,0.0,114,171055,卖盘
10:13:40,15.0,0.0,32,48000,卖盘
10:13:42,15.0,0.0,2078,3119020,卖盘
10:13:46,15.0,0.0,69,103515,卖盘
10:13:48,15.0,0.0,138,207024,卖盘
10:13:51,15.0,0.0,51,76305,卖盘
10:13:54,15.0,0.0,437,656453,卖盘
10:13:58,15.0,0.0,342,513006,卖盘
10:14:00,15.0,0.0,107,160520,卖盘
10:14:04,15.01,0.01,222,333011,买盘
10:14:06,15.0,-0.01,694,1041662,卖盘
10:14:09,15.01,0.01,43,64515,买盘
10:14:12,15.0,-0.01,33,49527,卖盘
10:14:16,15.0,0.0,103,154551,卖盘
10:14:18,15.0,0.0,370,555349,卖盘
10:14:21,15.01,0.01,25,37525,买盘
10:14:24,15.01,0.0,132,198043,买盘
10:14:27,15.01,0.0,139,208574,买盘
10:14:30,15.0,-0.01,3,4500,卖盘
10:14:33,15.0,0.0,102,153056,卖盘
10:14:36,15.0,0.0,517,776000,卖盘
10:14:39,15.0,0.0,441,661500,卖盘
10:14:42,15.0,0.0,69,103537,卖盘
10:14:45,15.0,0.0,276,414000,卖盘
10:14:48,15.0,0.0,92,138009,卖盘
10:14:51,15.0,0.0,115,172519,卖盘
10:14:54,15.0,0.0,152,228040,卖盘
10:14:57,15.01,0.01,1324,1986013,买盘
10:15:00,15.01,0.0,180,270013,买盘
10:15:04,15.0,-0.01,135,202500,卖盘
10:15:07,15.01,0.01,32,48012,买盘
10:15:10,15.0,-0.01,204,306001,卖盘
10:15:12,15.0,0.0,146,219011,卖盘
10:15:15,15.0,0.0,186,279000,卖盘
10:15:18,15.0,0.0,1012,1518943,卖盘
10:15:22,14.99,-0.01,865,1297872,卖盘
10:15:25,14.99,0.0,111,166448,卖盘
10:15:27,15.01,0.02,106,158991,买盘
10:15:30,15.0,-0.01,40,60000,卖盘
10:15:33,15.0,0.0,53,79459,卖盘
10:15:36,15.0,0.0,299,448645,买盘
10:15:39,14.99,-0.01,218,326935,卖盘
10:15:42,14.99,0.0,24,35987,卖盘
10:15:46,14.99,0.0,156,233869,卖盘
10:15:48,14.99,0.0,112,167942,卖盘
10:15:52,15.0,0.01,91,136496,买盘
10:15:55,14.99,-0.01,178,266862,卖盘
10:15:57,15.0,0.01,167,250494,买盘
10:16:00,15.0,0.0,397,595125,买盘
10:16:04,15.0,0.0,186,278979,买盘
10:16:06,14.99,-0.01,45,67466,卖盘
10:16:09,15.0,0.01,1,1500,买盘
10:16:12,15.0,0.0,229,343448,买盘
10:16:16,14.99,-0.01,8,11998,卖盘
10:16:19,15.0,0.01,47,70461,买盘
10:16:21,15.0,0.0,385,577480,买盘
10:16:24,15.0,0.0,451,676380,买盘
10:16:27,14.99,-0.01,109,163468,卖盘
10:16:31,15.0,0.01,56,83987,买盘
10:16:33,14.99,-0.01,36,53966,卖盘
10:16:36,15.0,0.01,9,13493,买盘
10:16:40,14.99,-0.01,45,67455,卖盘
10:16:42,14.99,0.0,1583,2372926,卖盘
10:16:46,14.99,0.0,199,298301,卖盘
10:16:49,15.0,0.01,1195,1791462,买盘
10:16:51,14.99,-0.01,304,454824,卖盘
10:16:55,14.99,0.0,99,148451,卖盘
10:16:57,14.99,0.0,32,49002,卖盘
10:17:00,14.98,-0.01,7,10489,卖盘
10:17:05,14.99,0.01,72,107882,买盘
10:17:07,14.98,-0.01,10,14980,卖盘
10:17:10,14.98,0.0,360,539633,卖盘
10:17:12,14.98,0.0,113,169288,卖盘
10:17:16,14.99,0.01,1155,1729288,买盘
10:17:19,14.99,0.0,3,4497,卖盘
10:17:22,14.99,0.0,496,743837,卖盘
10:17:24,14.99,0.0,90,134948,卖盘
10:17:28,14.98,-0.01,35,52439,卖盘
10:17:31,14.98,0.0,90,134910,卖盘
10:17:33,14.98,0.0,109,163394,卖盘
10:17:36,14.98,0.0,157,235221,卖盘
10:17:39,14.99,0.01,99,148388,买盘
10:17:43,14.99,0.0,24,35976,买盘
10:17:45,14.98,-0.01,210,314600,卖盘
10:17:48,14.99,0.01,50,74948,买盘
10:17:51,14.98,-0.01,20,29971,卖盘
10:17:54,14.99,0.01,102,152863,买盘
10:17:57,14.99,0.0,78,116873,买盘
10:18:00,14.99,0.0,228,341772,买盘
10:18:05,14.99,0.0,35,52494,卖盘
10:18:07,14.99,0.0,66,98934,卖盘
10:18:10,14.99,0.0,422,632414,卖盘
10:18:13,14.99,0.0,158,236842,买盘
10:18:16,14.99,0.0,300,449700,买盘
10:18:18,14.98,-0.01,80,119855,卖盘
10:18:22,14.98,0.0,1351,2024143,卖盘
10:18:24,14.99,0.01,646,968102,买盘
10:18:27,14.98,-0.01,385,576733,卖盘
10:18:30,14.98,0.0,2501,3746498,卖盘
10:18:33,14.98,0.0,372,557556,卖盘
10:18:37,14.98,0.0,527,789446,卖盘
10:18:40,14.98,0.0,323,483905,卖盘
10:18:42,14.98,0.0,290,434420,卖盘
10:18:46,14.98,0.0,108,161819,卖盘
10:18:48,14.98,0.0,345,516870,卖盘
10:18:52,14.97,-0.01,3440,5153724,卖盘
10:18:55,14.98,0.01,75,112345,买盘
10:18:58,14.98,0.0,40,59919,买盘
10:19:00,14.97,-0.01,105,157242,卖盘
10:19:04,14.97,0.0,258,386307,卖盘
10:19:06,14.97,0.0,124,185679,卖盘
10:19:09,14.97,0.0,312,467104,卖盘
10:19:12,14.97,0.0,17,25459,卖盘
10:19:15,14.97,0.0,218,326650,卖盘
10:19:19,14.97,0.0,2162,3236776,卖盘
10:19:22,14.97,0.0,62,92539,卖盘
10:19:25,14.97,0.0,815,1220618,买盘
10:19:28,14.97,0.0,151,226022,卖盘
10:19:30,14.96,-0.01,50,74806,卖盘
10:19:33,14.97,0.01,172,257457,买盘
10:19:36,14.97,0.0,98,146671,买盘
10:19:40,14.97,0.0,41,61367,买盘
10:19:42,14.96,-0.01,44,65827,卖盘
10:19:46,14.97,0.01,627,938093,买盘
10:19:48,14.97,0.0,138,206470,买盘
10:19:51,14.97,0.0,144,215441,买盘
10:19:55,14.97,0.0,142,212499,买盘
10:19:57,14.97,0.0,76,113717,买盘
10:20:00,14.97,0.0,405,605760,买盘
10:20:04,14.97,0.0,207,309826,买盘
10:20:07,14.96,-0.01,124,185604,卖盘
10:20:10,14.97,0.01,150,224500,买盘
10:20:12,14.97,0.0,337,504396,买盘
10:20:16,14.97,0.0,208,311275,买盘
10:20:18,14.96,-0.01,331,495403,卖盘
10:20:21,14.97,0.01,68,101747,买盘
10:20:24,14.97,0.0,520,778250,买盘
10:20:27,14.97,0.0,166,248470,买盘
10:20:30,14.97,0.0,116,173589,买盘
10:20:33,14.96,-0.01,1454,2175187,卖盘
10:20:36,14.96,0.0,2868,4291280,卖盘
10:20:40,14.96,0.0,50,74800,买盘
10:20:42,14.96,0.0,287,429133,买盘
10:20:45,14.96,0.0,430,642930,买盘
10:20:48,14.96,0.0,302,451987,卖盘
10:20:52,14.96,0.0,31,46376,卖盘
10:20:54,14.96,0.0,448,670210,卖盘
10:20:58,14.96,0.0,207,309674,卖盘
10:21:01,14.96,0.0,151,225906,卖盘
10:21:04,14.96,0.0,103,154124,卖盘
10:21:07,14.96,0.0,122,182516,卖盘
10:21:10,14.96,0.0,294,439759,卖盘
10:21:12,14.96,0.0,62,92752,卖盘
10:21:15,14.95,-0.01,101,151022,卖盘
10:21:18,14.95,0.0,133,198898,卖盘
10:21:21,14.96,0.01,2117,3166967,买盘
10:21:24,14.96,0.0,587,878132,买盘
10:21:27,14.97,0.01,64,95717,买盘
10:21:30,14.96,-0.01,70,104720,卖盘
10:21:33,14.96,0.0,57,85279,卖盘
10:21:36,14.96,0.0,56,83779,卖盘
10:21:39,14.96,0.0,69,103253,卖盘
10:21:42,14.96,0.0,107,160076,卖盘
10:21:45,14.97,0.01,56,83819,买盘
10:21:49,14.96,-0.01,580,868172,卖盘
10:21:51,14.96,0.0,26,38909,卖盘
10:21:54,14.97,0.01,1113,1665551,买盘
10:21:58,14.97,0.0,85,127282,卖盘
10:22:00,14.98,0.01,213,318917,买盘
10:22:04,14.97,-0.01,74,110812,卖盘
10:22:06,14.97,0.0,115,172183,卖盘
10:22:10,14.97,0.0,176,263441,买盘
10:22:13,14.97,0.0,308,461100,买盘
10:22:15,14.97,0.0,303,453842,卖盘
10:22:19,14.97,0.0,112,167664,卖盘
10:22:21,14.97,0.0,65,97270,买盘
10:22:25,14.96,-0.01,172,257204,卖盘
10:22:27,14.96,0.0,350,523951,卖盘
10:22:30,14.97,0.01,171,256101,买盘
10:22:33,14.97,0.0,93,139223,卖盘
10:22:36,14.98,0.01,208,311439,买盘
10:22:39,14.97,-0.01,71,106287,中性盘
10:22:42,14.97,0.0,117,175124,买盘
10:22:45,14.97,0.0,114,170625,卖盘
10:22:49,14.98,0.01,17,25462,买盘
10:22:52,14.96,-0.02,220,329219,卖盘
10:22:54,14.97,0.01,91,136229,卖盘
10:22:58,14.97,0.0,21,31443,卖盘
10:23:00,14.98,0.01,96,143739,买盘
10:23:05,14.97,-0.01,177,264942,卖盘
10:23:07,14.97,0.0,129,193119,卖盘
10:23:10,14.97,0.0,220,329340,买盘
10:23:12,14.96,-0.01,322,482025,卖盘
10:23:16,14.97,0.01,278,416117,买盘
10:23:18,14.97,0.0,161,240975,买盘
10:23:21,14.96,-0.01,90,134698,卖盘
10:23:24,14.97,0.01,53,79301,中性盘
10:23:28,14.97,0.0,430,643905,买盘
10:23:31,14.97,0.0,562,841314,卖盘
10:23:33,14.97,0.0,66,98792,买盘
10:23:36,14.97,0.0,231,345807,买盘
10:23:40,14.97,0.0,856,1280592,买盘
10:23:43,14.97,0.0,189,282933,买盘
10:23:46,14.97,0.0,138,206586,买盘
10:23:48,14.97,0.0,627,938611,买盘
10:23:51,14.97,0.0,231,345980,卖盘
10:23:55,14.97,0.0,56,83832,卖盘
10:23:57,14.98,0.01,32,47936,买盘
10:24:01,14.97,-0.01,351,525796,卖盘
10:24:04,14.99,0.02,10,14976,买盘
10:24:07,14.98,-0.01,7,10486,卖盘
10:24:10,14.98,0.0,22,32956,卖盘
10:24:13,14.98,0.0,293,439096,买盘
10:24:16,14.97,-0.01,24,35949,卖盘
10:24:18,14.99,0.02,94,140846,买盘
10:24:21,14.98,-0.01,45,67410,中性盘
10:24:25,14.98,0.0,82,122804,买盘
10:24:28,14.98,0.0,470,704062,买盘
10:24:31,14.98,0.0,71,106352,买盘
10:24:34,14.97,-0.01,273,408742,卖盘
10:24:36,14.97,0.0,639,957211,卖盘
10:24:40,14.98,0.01,18,26960,买盘
10:24:42,14.98,0.0,218,326564,买盘
10:24:45,14.97,-0.01,129,193205,卖盘
10:24:49,14.97,0.0,91,136274,卖盘
10:24:51,14.98,0.01,18,26964,买盘
10:24:54,14.97,-0.01,176,263472,卖盘
10:24:57,14.97,0.0,36,53924,卖盘
10:25:00,14.97,0.0,36,53892,卖盘
10:25:04,14.97,0.0,694,1039362,卖盘
10:25:07,14.98,0.01,213,318891,买盘
10:25:09,14.97,-0.01,814,1219371,卖盘
10:25:13,14.98,0.01,14,20964,买盘
10:25:15,14.98,0.0,24,35950,买盘
10:25:18,14.97,-0.01,321,480816,卖盘
10:25:21,14.98,0.01,25,37446,买盘
10:25:24,14.97,-0.01,718,1074850,卖盘
10:25:27,14.97,0.0,319,477591,卖盘
10:25:30,14.97,0.0,620,928643,卖盘
10:25:34,14.98,0.01,326,488088,买盘
10:25:37,14.98,0.0,185,277001,买盘
10:25:39,14.98,0.0,45,67375,买盘
10:25:43,14.97,-0.01,197,294985,卖盘
10:25:45,14.97,0.0,390,584111,卖盘
10:25:48,14.97,0.0,20,29950,卖盘
10:25:52,14.97,0.0,50,74860,卖盘
10:25:55,14.97,0.0,538,805393,卖盘
10:25:57,14.97,0.0,106,158702,卖盘
10:26:01,14.97,0.0,128,191657,卖盘
10:26:04,14.98,0.01,32,47936,买盘
10:26:06,14.97,-0.01,985,1474401,卖盘
10:26:09,14.97,0.0,506,757195,买盘
10:26:12,14.97,0.0,82,122720,买盘
10:26:16,14.97,0.0,31,46397,买盘
10:26:18,14.97,0.0,159,237923,买盘
10:26:22,14.97,0.0,491,735184,买盘
10:26:25,14.97,0.0,60,89820,卖盘
10:26:27,14.97,0.0,13,19461,卖盘
10:26:30,14.97,0.0,313,468873,卖盘
10:26:33,14.97,0.0,234,350333,卖盘
10:26:36,14.98,0.01,64,95872,买盘
10:26:39,14.97,-0.01,38,57187,卖盘
10:26:42,14.97,0.0,27,40419,卖盘
10:26:46,14.98,0.01,37,55390,买盘
10:26:49,14.97,-0.01,90,134745,卖盘
10:26:51,14.98,0.01,156,233688,买盘
10:26:54,14.97,-0.01,56,83832,卖盘
10:26:57,14.97,0.0,542,811851,卖盘
10:27:00,14.98,0.01,24,35948,买盘
10:27:04,14.98,0.0,18,26955,买盘
10:27:07,14.98,0.0,14,20972,买盘
10:27:09,14.98,0.0,266,398212,买盘
10:27:12,14.97,-0.01,260,389243,卖盘
10:27:15,14.98,0.01,165,247170,买盘
10:27:19,14.98,0.0,280,419401,买盘
10:27:22,14.97,-0.01,9,13478,卖盘
10:27:24,14.97,0.0,11,16469,卖盘
10:27:27,14.97,0.0,941,1409424,卖盘
10:27:30,14.98,0.01,378,566212,买盘
10:27:33,14.98,0.0,142,212631,卖盘
10:27:37,14.97,-0.01,144,215653,卖盘
10:27:40,14.98,0.01,59,88381,买盘
10:27:42,14.99,0.01,166,248830,买盘
10:27:46,14.98,-0.01,5,7490,卖盘
10:27:48,14.99,0.01,23,35065,买盘
10:27:52,14.98,-0.01,48,71906,卖盘
10:27:55,14.99,0.01,100,149900,买盘
10:27:57,14.99,0.0,89,133375,买盘
10:28:00,14.99,0.0,128,191793,买盘
10:28:04,14.99,0.0,104,155860,买盘
10:28:06,14.99,0.0,225,337065,买盘
10:28:09,14.98,-0.01,486,728108,卖盘
10:28:12,14.98,0.0,44,65917,卖盘
10:28:15,14.98,0.0,34,50962,卖盘
10:28:19,14.99,0.01,32,47962,买盘
10:28:22,14.99,0.0,157,235198,买盘
10:28:25,14.99,0.0,101,151301,买盘
10:28:28,14.99,0.0,13,19484,买盘
10:28:30,14.98,-0.01,692,1036039,卖盘
10:28:33,14.98,0.0,554,829892,买盘
10:28:37,14.98,0.0,172,257622,买盘
10:28:40,14.97,-0.01,51,76369,卖盘
10:28:43,14.97,0.0,35,52420,卖盘
10:28:45,14.98,0.01,131,196218,买盘
10:28:48,14.99,0.01,27,40459,买盘
10:28:51,14.98,-0.01,6,8988,卖盘
10:28:54,14.98,0.0,1,1498,卖盘
10:28:57,14.98,0.0,61,91349,卖盘
10:29:00,14.98,0.0,215,322066,买盘
10:29:04,14.98,0.0,58,86887,卖盘
10:29:07,14.98,0.0,3,4494,卖盘
10:29:10,14.98,0.0,153,229194,卖盘
10:29:12,14.98,0.0,140,209720,卖盘
10:29:15,14.97,-0.01,11,16472,卖盘
10:29:18,14.98,0.01,96,143808,买盘
10:29:21,14.98,0.0,262,392476,卖盘
10:29:24,14.98,0.0,72,107856,卖盘
10:29:27,14.97,-0.01,377,564715,卖盘
10:29:30,14.98,0.01,274,410419,买盘
10:29:33,14.97,-0.01,351,525730,卖盘
10:29:36,14.97,0.0,5,7485,卖盘
10:29:39,14.97,0.0,313,469018,卖盘
10:29:43,14.97,0.0,54,80839,卖盘
10:29:45,14.98,0.01,143,214090,买盘
10:29:48,14.98,0.0,39,58422,买盘
10:29:52,14.98,0.0,5,7490,买盘
10:29:55,14.98,0.0,43,64384,买盘
10:29:58,14.97,-0.01,48,71877,卖盘
10:30:00,14.98,0.01,578,865309,买盘
10:30:04,14.97,-0.01,85,127254,卖盘
10:30:06,14.98,0.01,85,127253,买盘
10:30:09,14.97,-0.01,1,1497,卖盘
10:30:12,14.97,0.0,1067,1596265,卖盘
10:30:16,14.97,0.0,770,1152659,买盘
10:30:19,14.97,0.0,33,49401,买盘
10:30:22,14.97,0.0,60,89820,买盘
10:30:25,14.97,0.0,11,16467,买盘
10:30:27,14.97,0.0,63,94396,买盘
10:30:30,14.97,0.0,2050,3066825,买盘
10:30:34,14.97,0.0,678,1014964,买盘
10:30:37,14.97,0.0,298,445853,买盘
10:30:40,14.96,-0.01,105,157184,卖盘
10:30:43,14.96,0.0,206,308182,卖盘
10:30:46,14.97,0.01,17,25449,买盘
10:30:48,14.96,-0.01,3581,5363419,卖盘
10:30:52,14.96,0.0,416,622365,卖盘
10:30:55,14.97,0.01,248,371248,买盘
10:30:58,14.98,0.01,55,82370,买盘
10:31:01,14.96,-0.02,322,481713,卖盘
10:31:04,14.97,0.01,3128,4683658,买盘
10:31:07,14.96,-0.01,64,95799,卖盘
10:31:10,14.96,0.0,852,1274610,卖盘
10:31:13,14.96,0.0,55,82319,卖盘
10:31:15,14.98,0.02,329,492594,买盘
10:31:18,14.97,-0.01,6,8982,卖盘
10:31:21,14.96,-0.01,591,884690,卖盘
10:31:24,14.97,0.01,36,53883,买盘
10:31:27,14.96,-0.01,6,8976,卖盘
10:31:30,14.97,0.01,31,46397,买盘
10:31:34,14.96,-0.01,323,483219,卖盘
10:31:36,14.96,0.0,310,464065,卖盘
10:31:40,14.97,0.01,315,471527,买盘
10:31:43,14.96,-0.01,191,285757,卖盘
10:31:46,14.96,0.0,70,104722,卖盘
10:31:48,14.96,0.0,195,291757,卖盘
10:31:52,14.97,0.01,458,685542,买盘
10:31:54,14.96,-0.01,1057,1581272,卖盘
10:31:58,14.97,0.01,92,137687,买盘
10:32:00,14.97,0.0,212,317192,买盘
10:32:05,14.97,0.0,75,112243,买盘
10:32:07,14.97,0.0,49,73317,买盘
10:32:10,14.96,-0.01,164,245359,卖盘
10:32:12,14.96,0.0,58,86803,卖盘
10:32:16,14.96,0.0,59,88269,卖盘
10:32:18,14.96,0.0,211,315830,卖盘
10:32:21,14.96,0.0,93,139130,卖盘
10:32:24,14.97,0.01,76,113806,买盘
10:32:27,14.96,-0.01,187,279752,卖盘
10:32:31,14.96,0.0,37,55374,卖盘
10:32:33,14.97,0.01,22,32916,买盘
10:32:36,14.96,-0.01,457,684081,卖盘
10:32:40,14.96,0.0,153,228895,卖盘
10:32:42,14.97,0.01,175,261889,买盘
10:32:45,14.97,0.0,164,245485,买盘
10:32:49,14.97,0.0,117,175112,买盘
10:32:52,14.97,0.0,72,107723,买盘
10:32:55,14.97,0.0,56,83832,买盘
10:32:57,14.97,0.0,94,140684,买盘
10:33:01,14.96,-0.01,66,98766,卖盘
10:33:04,14.96,0.0,291,435532,卖盘
10:33:06,14.97,0.01,54,80796,买盘
10:33:10,14.96,-0.01,277,414454,卖盘
10:33:12,14.97,0.01,495,740874,买盘
10:33:16,14.96,-0.01,573,857234,卖盘
10:33:18,14.96,0.0,398,595796,卖盘
10:33:22,14.96,0.0,46,68825,卖盘
10:33:25,14.97,0.01,110,164670,买盘
10:33:27,14.97,0.0,241,360772,买盘
10:33:30,14.96,-0.01,83,124201,卖盘
10:33:33,14.97,0.01,362,541782,买盘
10:33:37,14.97,0.0,517,773931,买盘
10:33:40,14.97,0.0,9,13473,买盘
10:33:42,14.97,0.0,49,73353,买盘
10:33:45,14.97,0.0,187,279905,买盘
10:33:48,14.97,0.0,48,71851,买盘
10:33:51,14.97,0.0,17,25449,买盘
10:33:54,14.96,-0.01,444,664263,卖盘
10:33:57,14.96,0.0,105,157180,卖盘
10:34:00,14.97,0.01,36,53888,买盘
10:34:05,14.96,-0.01,77,115211,卖盘
10:34:07,14.97,0.01,153,229001,买盘
10:34:09,14.96,-0.01,141,210957,卖盘
10:34:13,14.96,0.0,122,182564,卖盘
10:34:15,14.97,0.01,42,62874,买盘
10:34:18,14.97,0.0,380,568822,买盘
10:34:21,14.97,0.0,195,291907,买盘
10:34:24,14.97,0.0,27,40405,买盘
10:34:28,14.97,0.0,221,330747,买盘
10:34:31,14.97,0.0,63,94311,买盘
10:34:33,14.97,0.0,229,343244,买盘
10:34:37,14.97,0.0,85,127284,卖盘
10:34:40,14.97,0.0,308,461341,卖盘
10:34:42,14.98,0.01,345,516709,买盘
10:34:45,14.98,0.0,91,136235,买盘
10:34:48,14.98,0.0,80,119827,买盘
10:34:52,14.98,0.0,137,205090,买盘
10:34:54,14.97,-0.01,49,73358,卖盘
10:34:58,14.98,0.01,20,29960,买盘
10:35:01,14.97,-0.01,44,65868,卖盘
10:35:04,14.98,0.01,4,5990,买盘
10:35:07,14.98,0.0,87,130283,买盘
10:35:10,14.98,0.0,10,14980,买盘
10:35:12,14.98,0.0,223,333924,买盘
10:35:16,14.97,-0.01,72,107834,卖盘
10:35:18,14.98,0.01,15,22461,买盘
10:35:22,14.98,0.0,23,34448,买盘
10:35:25,14.98,0.0,563,843340,买盘
10:35:27,14.97,-0.01,120,179673,卖盘
10:35:31,14.98,0.01,1550,2321900,买盘
10:35:34,14.98,0.0,145,217212,卖盘
10:35:37,14.98,0.0,16,23978,卖盘
10:35:39,14.99,0.01,360,539625,买盘
10:35:42,14.98,-0.01,781,1169938,卖盘
10:35:46,14.98,0.0,579,867305,买盘
10:35:48,14.98,0.0,66,98873,买盘
10:35:52,14.99,0.01,366,548028,买盘
10:35:54,14.99,0.0,20,29980,买盘
10:35:57,14.98,-0.01,149,223204,卖盘
10:36:00,14.98,0.0,173,259120,买盘
10:36:04,14.98,0.0,768,1150464,买盘
10:36:06,14.98,0.0,96,143739,买盘
10:36:09,14.98,0.0,104,155763,买盘
10:36:12,14.98,0.0,102,152746,买盘
10:36:16,14.97,-0.01,37,55403,卖盘
10:36:18,14.98,0.01,86,128789,买盘
10:36:22,14.98,0.0,84,125755,买盘
10:36:25,14.97,-0.01,12,17965,卖盘
10:36:27,14.97,0.0,109,163204,卖盘
10:36:30,14.97,0.0,112,167735,卖盘
10:36:34,14.98,0.01,27,40446,买盘
10:36:36,14.97,-0.01,14,20966,卖盘
10:36:39,14.97,0.0,960,1438082,卖盘
10:36:43,14.98,0.01,253,378933,买盘
10:36:46,14.98,0.0,29,43442,买盘
10:36:48,14.97,-0.01,102,152694,卖盘
10:36:52,14.97,0.0,44,65878,卖盘
10:36:54,14.97,0.0,26,38922,卖盘
10:36:57,14.98,0.01,7,10482,买盘
10:37:01,14.97,-0.01,45,67382,卖盘
10:37:04,14.98,0.01,83,124301,买盘
10:37:06,14.98,0.0,153,229182,买盘
10:37:09,14.98,0.0,263,393741,买盘
10:37:12,14.98,0.0,1359,2035776,买盘
10:37:15,14.97,-0.01,392,587227,卖盘
10:37:18,14.98,0.01,365,546770,买盘
10:37:21,14.98,0.0,192,287648,卖盘
10:37:25,14.97,-0.01,1041,1558685,卖盘
10:37:28,14.99,0.02,95,142403,买盘
10:37:30,14.99,0.0,316,473669,买盘
10:37:34,14.99,0.0,75,112395,买盘
10:37:36,14.99,0.0,169,253301,买盘
10:37:40,14.99,0.0,31,46446,买盘
10:37:43,14.99,0.0,432,647536,买盘
10:37:45,14.99,0.0,30,44970,买盘
10:37:49,14.99,0.0,112,167855,买盘
10:37:51,14.99,0.0,337,505009,买盘
10:37:55,14.99,0.0,175,262303,买盘
10:37:57,14.99,0.0,97,145373,买盘
10:38:00,14.98,-0.01,61,91399,卖盘
10:38:04,14.99,0.01,120,179880,买盘
10:38:06,14.99,0.0,96,143879,买盘
10:38:09,14.99,0.0,235,352216,买盘
10:38:12,14.99,0.0,116,173821,买盘
10:38:15,14.98,-0.01,36,53928,卖盘
10:38:19,14.98,0.0,64,95905,卖盘
10:38:22,14.98,0.0,121,181303,卖盘
10:38:24,14.99,0.01,266,398734,买盘
10:38:27,14.99,0.0,47,70447,买盘
10:38:31,14.99,0.0,56,83911,买盘
10:38:34,14.98,-0.01,81,121398,卖盘
10:38:36,14.99,0.01,34,50965,买盘
10:38:40,14.99,0.0,87,129424,买盘
10:38:42,14.99,0.0,37,55463,卖盘
10:38:45,14.99,0.0,40,59960,卖盘
10:38:48,14.99,0.0,11,16497,卖盘
10:38:52,14.99,0.0,42,62961,卖盘
10:38:54,14.99,0.0,50,74950,卖盘
10:38:57,15.0,0.01,157,235500,买盘
10:39:00,14.99,-0.01,34,50966,卖盘
10:39:04,14.99,0.0,262,392892,卖盘
10:39:06,15.0,0.01,521,780994,买盘
10:39:09,15.0,0.0,1,1500,买盘
10:39:12,14.98,-0.02,1152,1727643,卖盘
10:39:15,14.99,0.01,525,786878,买盘
10:39:18,14.99,0.0,261,391236,买盘
10:39:21,14.99,0.0,21,31479,买盘
10:39:24,14.98,-0.01,210,314614,卖盘
10:39:27,14.99,0.01,34,50966,买盘
10:39:31,14.99,0.0,140,209787,买盘
10:39:34,14.99,0.0,226,338750,买盘
10:39:36,14.99,0.0,109,163338,买盘
10:39:40,14.99,0.0,88,131911,买盘
10:39:42,14.98,-0.01,404,605588,卖盘
10:39:45,14.99,0.01,33,49462,买盘
10:39:48,14.98,-0.01,181,271278,卖盘
10:39:51,14.98,0.0,145,217287,卖盘
10:39:55,14.98,0.0,59,88413,卖盘
10:39:57,14.98,0.0,64,95902,卖盘
10:40:00,14.99,0.01,315,471940,买盘
10:40:04,14.98,-0.01,48,71937,卖盘
10:40:07,14.98,0.0,706,1057663,卖盘
10:40:10,14.98,0.0,751,1125009,卖盘
10:40:12,14.98,0.0,26,38948,买盘
10:40:15,14.98,0.0,518,775757,买盘
10:40:18,14.98,0.0,49,73402,买盘
10:40:21,14.98,0.0,131,196257,买盘
10:40:24,14.98,0.0,58,86884,卖盘
10:40:28,14.98,0.0,370,554551,卖盘
10:40:31,14.98,0.0,304,455328,卖盘
10:40:34,14.98,0.0,51,76398,买盘
10:40:36,14.98,0.0,23,34454,买盘
10:40:39,14.97,-0.01,14,20967,卖盘
10:40:43,14.97,0.0,86,128768,卖盘
10:40:46,14.98,0.01,283,423897,买盘
10:40:48,14.98,0.0,63,94399,卖盘
10:40:51,14.98,0.0,66,98893,卖盘
10:40:54,14.99,0.01,275,412047,买盘
10:40:57,14.98,-0.01,40,59927,卖盘
10:41:00,14.98,0.0,288,431473,卖盘
10:41:04,14.97,-0.01,67,100332,卖盘
10:41:06,14.98,0.01,15,22470,买盘
10:41:09,14.98,0.0,105,157270,买盘
10:41:12,14.97,-0.01,159,238150,卖盘
10:41:15,14.97,0.0,41,61387,卖盘
10:41:19,14.97,0.0,3007,4501479,卖盘
10:41:21,14.98,0.01,99,148217,买盘
10:41:25,14.98,0.0,408,611131,买盘
10:41:27,14.98,0.0,239,357860,买盘
10:41:30,14.98,0.0,62,91608,买盘
10:41:34,14.98,0.0,46,68865,买盘
10:41:37,14.97,-0.01,181,270967,卖盘
10:41:39,14.97,0.0,185,277128,卖盘
10:41:43,14.98,0.01,291,435680,买盘
10:41:45,14.98,0.0,414,620172,买盘
10:41:48,14.97,-0.01,48,71856,卖盘
10:41:51,14.97,0.0,126,188967,卖盘
10:41:54,14.98,0.01,51,76161,买盘
10:41:58,14.97,-0.01,50,74865,卖盘
10:42:01,14.97,0.0,198,296420,卖盘
10:42:04,14.97,0.0,38,56889,卖盘
10:42:07,14.97,0.0,98,146751,卖盘
10:42:10,14.98,0.01,87,130282,买盘
10:42:12,14.98,0.0,36,53928,买盘
10:42:15,14.97,-0.01,25,37448,卖盘
10:42:18,14.98,0.01,145,217110,买盘
10:42:22,14.98,0.0,125,187218,买盘
10:42:25,14.98,0.0,11,16478,买盘
10:42:27,14.98,0.0,50,74900,买盘
10:42:31,14.98,0.0,48,71894,买盘
10:42:33,14.98,0.0,72,107819,买盘
10:42:36,14.98,0.0,10,14980,买盘
10:42:39,14.98,0.0,455,681575,买盘
10:42:42,14.98,0.0,163,244142,买盘
10:42:45,14.98,0.0,1108,1659069,买盘
10:42:48,14.98,0.0,80,119820,买盘
10:42:51,14.99,0.01,914,1369197,买盘
10:42:54,14.99,0.0,140,209800,买盘
10:42:57,14.99,0.0,98,146890,买盘
10:43:00,14.99,0.0,102,152894,买盘
10:43:05,14.99,0.0,606,908374,买盘
10:43:07,14.98,-0.01,45,67414,卖盘
10:43:10,14.98,0.0,4,5992,卖盘
10:43:12,14.98,0.0,913,1367674,卖盘
10:43:15,14.98,0.0,139,208222,买盘
10:43:18,14.98,0.0,64,95839,买盘
10:43:22,14.98,0.0,43,64414,买盘
10:43:25,14.98,0.0,51,76395,买盘
10:43:27,14.97,-0.01,70,104820,卖盘
10:43:30,14.98,0.01,2,2996,买盘
10:43:33,14.98,0.0,32,47910,买盘
10:43:36,14.98,0.0,24,35951,买盘
10:43:40,14.98,0.0,610,913712,买盘
10:43:42,14.98,0.0,134,200627,买盘
10:43:45,14.98,0.0,2278,3412759,买盘
10:43:48,14.99,0.01,272,407727,买盘
10:43:52,14.98,-0.01,33,49434,卖盘
10:43:54,14.98,0.0,2,2996,卖盘
10:43:57,14.98,0.0,63,94427,卖盘
10:44:00,14.98,0.0,56,83909,卖盘
10:44:04,14.98,0.0,41,61428,卖盘
10:44:07,14.98,0.0,44,65919,卖盘
10:44:10,14.98,0.0,542,812414,卖盘
10:44:12,14.98,0.0,137,205307,卖盘
10:44:16,14.97,-0.01,1342,2010317,卖盘
10:44:19,14.98,0.01,228,341571,买盘
10:44:22,14.98,0.0,228,342204,卖盘
10:44:24,14.99,0.01,136,203833,买盘
10:44:27,14.99,0.0,159,237650,买盘
10:44:31,14.99,0.0,283,424625,买盘
10:44:34,14.99,0.0,206,308470,买盘
10:44:36,14.99,0.0,138,207174,买盘
10:44:39,14.99,0.0,49,73288,买盘
10:44:42,14.98,-0.01,43,64314,卖盘
10:44:45,14.98,0.0,58,86891,卖盘
10:44:48,14.99,0.01,382,572497,买盘
10:44:51,15.0,0.01,58,87000,买盘
10:44:54,14.99,-0.01,49,73462,卖盘
10:44:57,15.0,0.01,167,250465,买盘
10:45:00,14.99,-0.01,78,116947,卖盘
10:45:04,14.99,0.0,72,107996,卖盘
10:45:07,14.99,0.0,199,298311,卖盘
10:45:09,14.99,0.0,425,637074,买盘
10:45:12,15.0,0.01,50,74950,买盘
10:45:16,14.98,-0.02,20,29977,卖盘
10:45:19,14.99,0.01,59,88405,卖盘
10:45:22,14.99,0.0,42,62958,中性盘
10:45:24,14.99,0.0,16,23984,买盘
10:45:27,14.98,-0.01,25,37472,卖盘
10:45:30,15.0,0.02,239,358231,买盘
10:45:33,14.99,-0.01,59,88443,卖盘
10:45:36,15.0,0.01,10,15000,买盘
10:45:39,14.99,-0.01,39,58466,卖盘
10:45:42,15.0,0.01,61,91500,买盘
10:45:45,14.99,-0.01,125,187375,卖盘
10:45:48,15.0,0.01,648,971974,买盘
10:45:51,14.99,-0.01,240,359969,卖盘
10:45:54,15.0,0.01,4,6000,买盘
10:45:57,14.99,-0.01,30,44970,卖盘
10:46:01,15.0,0.01,65,97492,买盘
10:46:04,15.0,0.0,44,65966,买盘
10:46:07,15.0,0.0,72,107999,买盘
10:46:09,15.0,0.0,349,523469,买盘
10:46:13,14.99,-0.01,269,403466,卖盘
10:46:16,15.0,0.01,289,433500,买盘
10:46:18,15.0,0.0,109,163471,买盘
10:46:22,15.0,0.0,12,18000,买盘
10:46:25,15.0,0.0,50,74965,买盘
10:46:28,15.0,0.0,54,80962,买盘
10:46:31,15.0,0.0,149,223470,买盘
10:46:33,15.0,0.0,97,145497,买盘
10:46:36,15.0,0.0,103,154444,买盘
10:46:39,15.0,0.0,112,168000,买盘
10:46:43,14.99,-0.01,111,166493,卖盘
10:46:45,14.99,0.0,82,122928,卖盘
10:46:48,15.0,0.01,84,125942,买盘
10:46:52,15.0,0.0,454,680977,买盘
10:46:54,15.0,0.0,5,7514,买盘
10:46:58,15.0,0.0,86,128961,买盘
10:47:00,14.99,-0.01,186,278959,卖盘
10:47:05,15.0,0.01,95,142500,买盘
10:47:07,15.0,0.0,887,1330500,买盘
10:47:10,15.0,0.0,323,484358,买盘
10:47:12,14.99,-0.01,228,341982,卖盘
10:47:15,15.0,0.01,13,19500,买盘
10:47:18,14.99,-0.01,210,314968,卖盘
10:47:21,15.0,0.01,126,188883,买盘
10:47:24,15.0,0.0,33,49489,买盘
10:47:27,15.0,0.0,183,274499,买盘
10:47:30,15.0,0.0,70,104965,买盘
10:47:33,15.0,0.0,31,46477,买盘
10:47:36,15.0,0.0,3,4500,买盘
10:47:39,15.0,0.0,191,286409,买盘
10:47:42,14.99,-0.01,72,107939,卖盘
10:47:45,15.0,0.01,594,890548,买盘
10:47:48,15.0,0.0,217,325429,买盘
10:47:52,15.0,0.0,958,1437000,买盘
10:47:55,15.01,0.01,77,115577,买盘
10:47:58,15.0,-0.01,30,45000,卖盘
10:48:01,15.01,0.01,11,16506,买盘
10:48:04,15.01,0.0,127,190509,买盘
10:48:07,15.01,0.0,20,30020,买盘
10:48:09,15.01,0.0,114,171104,买盘
10:48:12,15.0,-0.01,126,189013,卖盘
10:48:15,15.01,0.01,54,81020,买盘
10:48:18,15.0,-0.01,83,124512,卖盘
10:48:21,15.0,0.0,79,118540,卖盘
10:48:24,15.0,0.0,47,70512,卖盘
10:48:27,15.0,0.0,5,7500,卖盘
10:48:31,15.0,0.0,14,21000,卖盘
10:48:34,15.0,0.0,1454,2181802,卖盘
10:48:37,15.0,0.0,547,820466,买盘
10:48:40,15.0,0.0,77,115500,买盘
10:48:42,15.01,0.01,204,306014,买盘
10:48:46,15.0,-0.01,3,4502,卖盘
10:48:48,15.0,0.0,110,165005,卖盘
10:48:52,15.0,0.0,557,835500,卖盘
10:48:55,15.0,0.0,181,271500,买盘
10:48:58,15.0,0.0,178,266971,买盘
10:49:01,15.0,0.0,166,248996,买盘
10:49:04,15.0,0.0,108,162000,买盘
10:49:07,15.0,0.0,128,191987,买盘
10:49:09,14.99,-0.01,494,740963,卖盘
10:49:12,15.0,0.01,975,1461671,买盘
10:49:15,15.0,0.0,1130,1695720,买盘
10:49:18,15.0,0.0,80,119963,买盘
10:49:22,15.0,0.0,136,203970,买盘
10:49:24,15.0,0.0,68,101995,买盘
10:49:27,15.01,0.01,7,10503,买盘
10:49:30,15.0,-0.01,3,4500,卖盘
10:49:33,15.0,0.0,515,772202,卖盘
10:49:36,15.0,0.0,12,18001,卖盘
10:49:39,15.01,0.01,31,46525,买盘
10:49:42,15.0,-0.01,541,811539,卖盘
10:49:45,15.01,0.01,107,160607,买盘
10:49:48,15.0,-0.01,35,52527,卖盘
10:49:51,15.01,0.01,355,532700,买盘
10:49:54,15.01,0.0,132,198092,买盘
10:49:57,15.01,0.0,3,4503,卖盘
10:50:00,15.01,0.0,4,6004,卖盘
10:50:04,15.01,0.0,17,25521,卖盘
10:50:06,15.01,0.0,49,73553,卖盘
10:50:10,15.02,0.01,34,51068,买盘
10:50:12,15.02,0.0,93,139626,买盘
10:50:15,15.01,-0.01,184,276256,卖盘
10:50:18,15.02,0.01,1370,2057727,买盘
10:50:21,15.01,-0.01,109,163704,卖盘
10:50:25,15.01,0.0,158,238074,卖盘
10:50:28,15.02,0.01,117,175703,买盘
10:50:31,15.02,0.0,19,28523,买盘
10:50:33,15.01,-0.01,137,205773,卖盘
10:50:36,15.0,-0.01,754,1131836,卖盘
10:50:39,15.01,0.01,41,61540,买盘
10:50:43,15.01,0.0,54,81044,买盘
10:50:46,15.01,0.0,152,228152,买盘
10:50:48,15.01,0.0,56,84056,买盘
10:50:52,15.01,0.0,32,48032,卖盘
10:50:54,15.02,0.01,301,452092,买盘
10:50:58,15.02,0.0,60,90120,买盘
10:51:01,15.01,-0.01,1155,1733617,卖盘
10:51:04,15.01,0.0,33,49533,买盘
10:51:07,15.01,0.0,529,794029,买盘
10:51:09,15.0,-0.01,308,462223,卖盘
10:51:12,15.01,0.01,6,9003,买盘
10:51:16,15.01,0.0,49,73523,买盘
10:51:19,15.01,0.0,58,87053,买盘
10:51:22,15.0,-0.01,944,1416695,卖盘
10:51:24,15.01,0.01,101,151571,买盘
10:51:27,15.01,0.0,61,91510,买盘
10:51:31,15.01,0.0,41,61541,买盘
10:51:34,15.01,0.0,165,247606,买盘
10:51:36,15.0,-0.01,41,61508,卖盘
10:51:39,15.0,0.0,343,514522,卖盘
10:51:42,15.0,0.0,1380,2071330,卖盘
10:51:45,15.0,0.0,6,9001,卖盘
10:51:48,15.01,0.01,56,84051,买盘
10:51:52,15.01,0.0,66,99066,买盘
10:51:55,15.01,0.0,313,469932,买盘
10:51:58,15.01,0.0,60,90060,买盘
10:52:01,15.0,-0.01,78,117070,卖盘
10:52:05,15.01,0.01,18,27010,买盘
10:52:07,15.01,0.0,51,76510,买盘
10:52:09,15.01,0.0,13,19513,买盘
10:52:15,15.0,-0.01,525,787601,卖盘
10:52:18,15.01,0.01,141,211641,买盘
10:52:21,15.01,0.0,844,1266844,买盘
10:52:24,15.02,0.01,1034,1553068,买盘
10:52:27,15.01,-0.01,112,167362,卖盘
10:52:30,15.0,-0.01,2000,3001196,卖盘
10:52:33,15.01,0.01,111,166674,卖盘
10:52:37,15.01,0.0,107,160684,卖盘
10:52:39,15.01,0.0,87,130587,卖盘
10:52:42,15.02,0.01,103,154706,买盘
10:52:45,15.02,0.0,29,43546,买盘
10:52:49,15.0,-0.02,1351,2026675,卖盘
10:52:52,15.01,0.01,26,39026,买盘
10:52:55,15.01,0.0,109,163567,买盘
10:52:57,15.01,0.0,313,469813,买盘
10:53:01,15.01,0.0,62,93025,卖盘
10:53:04,15.02,0.01,5,7510,买盘
10:53:06,15.01,-0.01,1460,2193986,卖盘
10:53:09,15.02,0.01,19,28538,中性盘
10:53:12,15.02,0.0,64,96094,买盘
10:53:15,15.01,-0.01,1,1501,卖盘
10:53:18,15.02,0.01,15,22530,买盘
10:53:21,15.01,-0.01,68,102073,卖盘
10:53:25,15.02,0.01,25,37550,买盘
10:53:28,15.02,0.0,156,234294,买盘
10:53:30,15.02,0.0,103,154606,买盘
10:53:33,15.01,-0.01,94,141124,卖盘
10:53:36,15.02,0.01,128,192256,买盘
10:53:39,15.02,0.0,76,114152,卖盘
10:53:42,15.03,0.01,1119,1681602,买盘
10:53:45,15.01,-0.02,38,57048,卖盘
10:53:48,15.02,0.01,1048,1575641,卖盘
10:53:51,15.04,0.02,4,6016,买盘
10:53:55,15.02,-0.02,39,58579,卖盘
10:53:58,15.03,0.01,223,335129,买盘
10:54:01,15.03,0.0,205,308134,卖盘
10:54:05,15.03,0.0,133,199399,买盘
10:54:07,15.02,-0.01,57,85652,卖盘
10:54:10,15.02,0.0,202,303404,卖盘
10:54:13,15.03,0.01,18,27054,买盘
10:54:15,15.03,0.0,1,1503,买盘
10:54:19,15.02,-0.01,517,776707,卖盘
10:54:22,15.03,0.01,76,114198,买盘
10:54:24,15.02,-0.01,3,4506,卖盘
10:54:27,15.02,0.0,61,91648,卖盘
10:54:30,15.03,0.01,1293,1943335,买盘
10:54:34,15.03,0.0,48,72157,卖盘
10:54:36,15.03,0.0,368,552891,卖盘
10:54:39,15.03,0.0,103,154779,卖盘
10:54:42,15.03,0.0,79,118737,买盘
10:54:45,15.03,0.0,381,572767,买盘
10:54:48,15.03,0.0,38,57114,买盘
10:54:51,15.03,0.0,108,162343,卖盘
10:54:54,15.03,0.0,20,30060,买盘
10:54:57,15.04,0.01,335,503822,买盘
10:55:00,15.03,-0.01,133,199993,卖盘
10:55:05,15.04,0.01,58,87177,买盘
10:55:07,15.04,0.0,13,19546,买盘
10:55:09,15.04,0.0,12,18048,买盘
10:55:13,15.04,0.0,660,992604,买盘
10:55:15,15.04,0.0,371,558390,买盘
10:55:18,15.05,0.01,1006,1512456,买盘
10:55:21,15.05,0.0,15,22562,买盘
10:55:24,15.04,-0.01,100,150417,卖盘
10:55:27,15.05,0.01,78,117364,买盘
10:55:30,15.04,-0.01,65,97760,卖盘
10:55:33,15.05,0.01,150,225630,买盘
10:55:36,15.05,0.0,156,234730,买盘
10:55:39,15.05,0.0,52,78210,买盘
10:55:42,15.05,0.0,56,84280,买盘
10:55:45,15.05,0.0,217,326542,买盘
10:55:48,15.05,0.0,46,69224,买盘
10:55:51,15.05,0.0,582,875888,买盘
10:55:54,15.05,0.0,29,43645,买盘
10:55:57,15.05,0.0,263,395756,买盘
10:56:01,15.05,0.0,710,1068546,买盘
10:56:04,15.06,0.01,100,150526,买盘
10:56:07,15.05,-0.01,123,185115,卖盘
10:56:09,15.06,0.01,255,383788,买盘
10:56:12,15.06,0.0,71,106923,买盘
10:56:15,15.06,0.0,365,549670,买盘
10:56:18,15.06,0.0,130,195751,买盘
10:56:21,15.06,0.0,423,636481,买盘
10:56:24,15.06,0.0,207,311804,卖盘
10:56:27,15.06,0.0,124,187344,卖盘
10:56:30,15.06,0.0,63,94847,卖盘
10:56:33,15.06,0.0,172,259032,买盘
10:56:36,15.06,0.0,24,36144,买盘
10:56:39,15.05,-0.01,63,94852,卖盘
10:56:42,15.06,0.01,160,240930,买盘
10:56:45,15.06,0.0,34,51194,买盘
10:56:48,15.05,-0.01,160,240909,卖盘
10:56:52,15.05,0.0,309,465319,卖盘
10:56:54,15.06,0.01,340,512040,买盘
10:56:58,15.05,-0.01,256,385287,卖盘
10:57:00,15.06,0.01,346,521066,买盘
10:57:04,15.06,0.0,146,219851,卖盘
10:57:07,15.06,0.0,145,218370,买盘
10:57:10,15.06,0.0,54,81324,买盘
10:57:12,15.06,0.0,80,120480,买盘
10:57:15,15.06,0.0,352,530056,买盘
10:57:18,15.06,0.0,99,149094,买盘
10:57:21,15.05,-0.01,7,10535,卖盘
10:57:24,15.05,0.0,103,155069,卖盘
10:57:27,15.06,0.01,241,362896,买盘
10:57:30,15.06,0.0,152,228885,买盘
10:57:33,15.05,-0.01,179,269510,卖盘
10:57:37,15.05,0.0,125,188187,卖盘
10:57:39,15.05,0.0,405,609696,卖盘
10:57:42,15.05,0.0,97,145997,卖盘
10:57:45,15.05,0.0,1,1505,买盘
10:57:49,15.05,0.0,47,70704,买盘
10:57:52,15.05,0.0,53,79765,买盘
10:57:55,15.05,0.0,149,224215,买盘
10:57:58,15.05,0.0,89,133892,买盘
10:58:00,15.05,0.0,354,532766,买盘
10:58:04,15.05,0.0,337,507192,卖盘
10:58:07,15.05,0.0,207,311535,卖盘
10:58:10,15.04,-0.01,31,46624,卖盘
10:58:13,15.05,0.01,135,203175,买盘
10:58:15,15.04,-0.01,134,201541,卖盘
10:58:18,15.04,0.0,168,252698,卖盘
10:58:21,15.04,0.0,74,111316,卖盘
10:58:24,15.05,0.01,79,118829,买盘
10:58:27,15.04,-0.01,35,52640,卖盘
10:58:30,15.04,0.0,42,63168,卖盘
10:58:33,15.05,0.01,360,541775,买盘
10:58:36,15.06,0.01,419,630357,买盘
10:58:40,15.03,-0.03,20,30094,卖盘
10:58:43,15.04,0.01,55,82720,中性盘
10:58:45,15.03,-0.01,80,120304,卖盘
10:58:49,15.04,0.01,69,103781,中性盘
10:58:52,15.04,0.0,74,111296,买盘
10:58:55,15.04,0.0,56,84171,买盘
10:58:57,15.04,0.0,180,270550,买盘
10:59:00,15.03,-0.01,55,82706,卖盘
10:59:04,15.04,0.01,203,305314,买盘
10:59:06,15.04,0.0,33,49632,卖盘
10:59:09,15.05,0.01,82,123334,买盘
10:59:12,15.04,-0.01,325,488767,卖盘
10:59:16,15.03,-0.01,33,49601,卖盘
10:59:19,15.04,0.01,120,180480,买盘
10:59:21,15.04,0.0,32,48134,卖盘
10:59:24,15.04,0.0,50,75200,卖盘
10:59:27,15.04,0.0,62,93248,卖盘
10:59:31,15.05,0.01,12,18057,买盘
10:59:33,15.04,-0.01,211,317344,卖盘
10:59:37,15.04,0.0,44,66141,买盘
10:59:40,15.04,0.0,166,249664,买盘
10:59:42,15.04,0.0,15,22560,买盘
10:59:46,15.04,0.0,208,312807,买盘
10:59:49,15.04,0.0,45,67680,卖盘
10:59:55,15.04,0.0,72,108293,卖盘
10:59:58,15.04,0.0,389,585415,卖盘
11:00:00,15.04,0.0,50,75200,卖盘
11:00:04,15.05,0.01,444,668138,买盘
11:00:07,15.05,0.0,128,192630,买盘
11:00:09,15.05,0.0,207,311329,买盘
11:00:12,15.04,-0.01,21,31594,卖盘
11:00:15,15.04,0.0,70,105295,卖盘
11:00:19,15.05,0.01,65,97767,买盘
11:00:21,15.05,0.0,70,105250,买盘
11:00:25,15.05,0.0,66,99255,买盘
11:00:27,15.04,-0.01,118,177577,中性盘
11:00:31,15.03,-0.01,37,55614,卖盘
11:00:33,15.03,0.0,48,72177,卖盘
11:00:37,15.04,0.01,10,15040,买盘
11:00:39,15.04,0.0,120,180480,买盘
11:00:43,15.04,0.0,56,84207,买盘
11:00:46,15.04,0.0,84,126277,卖盘
11:00:49,15.04,0.0,34,51125,买盘
11:00:52,15.03,-0.01,156,234505,卖盘
11:00:55,15.04,0.01,160,240584,买盘
11:01:01,15.04,0.0,108,162428,买盘
11:01:04,15.04,0.0,53,79714,卖盘
11:01:07,15.04,0.0,766,1152816,卖盘
11:01:09,15.05,0.01,91,136869,买盘
11:01:12,15.04,-0.01,24,36114,卖盘
11:01:15,15.04,0.0,33,49632,卖盘
11:01:18,15.03,-0.01,1506,2264482,卖盘
11:01:21,15.03,0.0,381,572622,买盘
11:01:24,15.03,0.0,100,150277,买盘
11:01:27,15.03,0.0,84,126217,买盘
11:01:31,15.04,0.01,2649,3981440,买盘
11:01:33,15.04,0.0,198,297632,买盘
11:01:36,15.03,-0.01,378,568470,卖盘
11:01:39,15.03,0.0,69,103714,卖盘
11:01:42,15.04,0.01,16,24064,买盘
11:01:46,15.03,-0.01,30,45106,卖盘
11:01:49,15.03,0.0,140,210431,卖盘
11:01:52,15.03,0.0,4,6012,卖盘
11:01:54,15.04,0.01,38,57129,买盘
11:01:58,15.03,-0.01,71,106715,卖盘
11:02:01,15.03,0.0,131,196934,卖盘
11:02:04,15.03,0.0,71,106725,卖盘
11:02:07,15.04,0.01,345,518865,买盘
11:02:09,15.04,0.0,36,54144,卖盘
11:02:12,15.04,0.0,180,270753,卖盘
11:02:15,15.04,0.0,11,16544,卖盘
11:02:18,15.05,0.01,66,99326,买盘
11:02:21,15.04,-0.01,232,349003,卖盘
11:02:25,15.04,0.0,255,383524,卖盘
11:02:27,15.05,0.01,45,67724,买盘
11:02:30,15.05,0.0,98,147489,买盘
11:02:33,15.05,0.0,116,174547,买盘
11:02:36,15.04,-0.01,44,66208,卖盘
11:02:39,15.05,0.01,84,126414,买盘
11:02:43,15.05,0.0,10,15043,买盘
11:02:45,15.04,-0.01,37,55653,卖盘
11:02:48,15.05,0.01,35,52675,买盘
11:02:51,15.04,-0.01,49,73713,卖盘
11:02:54,15.04,0.0,116,174475,卖盘
11:02:57,15.05,0.01,43,64715,买盘
11:03:00,15.05,0.0,109,163991,买盘
11:03:04,15.05,0.0,54,81267,买盘
11:03:06,15.04,-0.01,359,540258,卖盘
11:03:09,15.05,0.01,191,287425,买盘
11:03:13,15.05,0.0,179,269395,买盘
11:03:15,15.04,-0.01,47,70708,卖盘
11:03:18,15.05,0.01,39,58663,买盘
11:03:21,15.04,-0.01,26,39106,卖盘
11:03:24,15.05,0.01,111,167053,买盘
11:03:27,15.04,-0.01,80,120340,卖盘
11:03:30,15.04,0.0,47,70717,卖盘
11:03:33,15.05,0.01,37,55662,买盘
11:03:36,15.05,0.0,256,385255,买盘
11:03:39,15.05,0.0,66,99286,买盘
11:03:42,15.05,0.0,13,19565,买盘
11:03:45,15.05,0.0,1851,2786052,买盘
11:03:49,15.06,0.01,17,25587,买盘
11:03:51,15.05,-0.01,210,316129,卖盘
11:03:54,15.06,0.01,32,48190,买盘
11:03:57,15.06,0.0,1222,1840380,买盘
11:04:00,15.06,0.0,202,304374,卖盘
11:04:05,15.06,0.0,27,40653,卖盘
11:04:07,15.06,0.0,29,43672,买盘
11:04:10,15.06,0.0,173,260538,买盘
11:04:13,15.06,0.0,96,144581,卖盘
11:04:16,15.06,0.0,267,402088,卖盘
11:04:19,15.06,0.0,239,359934,买盘
11:04:22,15.06,0.0,74,111444,买盘
11:04:25,15.07,0.01,119,179266,买盘
11:04:27,15.06,-0.01,116,174696,卖盘
11:04:30,15.07,0.01,73,109972,买盘
11:04:33,15.06,-0.01,36,54222,卖盘
11:04:36,15.06,0.0,62,93412,卖盘
11:04:39,15.07,0.01,266,400634,买盘
11:04:43,15.06,-0.01,25,37652,卖盘
11:04:45,15.06,0.0,69,103948,卖盘
11:04:48,15.07,0.01,138,207861,买盘
11:04:51,15.07,0.0,77,115985,买盘
11:04:54,15.07,0.0,2265,3413160,买盘
11:04:58,15.06,-0.01,145,218397,卖盘
11:05:00,15.06,0.0,166,250157,卖盘
11:05:04,15.07,0.01,83,124523,买盘
11:05:06,15.06,-0.01,131,197899,卖盘
11:05:09,15.07,0.01,374,563864,买盘
11:05:13,15.08,0.01,10,15075,买盘
11:05:16,15.08,0.0,25,37683,买盘
11:05:19,15.07,-0.01,75,113032,卖盘
11:05:21,15.07,0.0,49,73890,卖盘
11:05:24,15.07,0.0,33,49752,卖盘
11:05:27,15.07,0.0,188,283370,卖盘
11:05:30,15.07,0.0,91,137144,卖盘
11:05:33,15.07,0.0,208,313463,卖盘
11:05:37,15.07,0.0,258,388911,卖盘
11:05:40,15.07,0.0,119,179343,卖盘
11:05:43,15.08,0.01,3083,4649112,买盘
11:05:45,15.08,0.0,235,354376,买盘
11:05:49,15.08,0.0,49,73863,买盘
11:05:51,15.08,0.0,292,440217,买盘
11:05:54,15.08,0.0,85,128178,买盘
11:05:58,15.09,0.01,156,235251,买盘
11:06:01,15.08,-0.01,18,27144,卖盘
11:06:04,15.09,0.01,115,173470,买盘
11:06:06,15.09,0.0,10,15085,买盘
11:06:09,15.09,0.0,352,531158,买盘
11:06:12,15.08,-0.01,435,656374,卖盘
11:06:15,15.09,0.01,179,270101,买盘
11:06:18,15.09,0.0,306,461668,买盘
11:06:21,15.09,0.0,53,79962,买盘
11:06:24,15.09,0.0,202,304703,买盘
11:06:28,15.09,0.0,430,648868,买盘
11:06:30,15.09,0.0,97,146353,买盘
11:06:33,15.08,-0.01,75,113138,卖盘
11:06:36,15.08,0.0,63,95035,卖盘
11:06:39,15.09,0.01,82,123680,买盘
11:06:43,15.09,0.0,503,758977,买盘
11:06:46,15.08,-0.01,233,351536,卖盘
11:06:49,15.09,0.01,170,256507,买盘
11:06:51,15.08,-0.01,53,79975,卖盘
11:06:54,15.09,0.01,400,603574,买盘
11:06:57,15.09,0.0,224,337985,买盘
11:07:01,15.08,-0.01,522,787693,卖盘
11:07:05,15.08,0.0,897,1353556,卖盘
11:07:07,15.08,0.0,1351,2039748,卖盘
11:07:09,15.09,0.01,131,197623,买盘
11:07:12,15.09,0.0,389,587003,买盘
11:07:16,15.08,-0.01,80,120731,卖盘
11:07:18,15.09,0.01,73,110117,中性盘
11:07:21,15.08,-0.01,158,238270,卖盘
11:07:24,15.09,0.01,16,24133,买盘
11:07:28,15.09,0.0,194,292746,买盘
11:07:31,15.09,0.0,193,291200,买盘
11:07:33,15.09,0.0,157,236915,卖盘
11:07:36,15.08,-0.01,353,532641,卖盘
11:07:39,15.08,0.0,62,93526,卖盘
11:07:43,15.08,0.0,112,168948,卖盘
11:07:45,15.09,0.01,168,253494,买盘
11:07:49,15.09,0.0,37,55828,买盘
11:07:51,15.08,-0.01,104,156835,卖盘
11:07:54,15.09,0.01,86,129763,买盘
11:07:57,15.09,0.0,100,150900,买盘
11:08:01,15.08,-0.01,169,255008,卖盘
11:08:04,15.09,0.01,91,137286,买盘
11:08:07,15.09,0.0,16,24134,买盘
11:08:09,15.08,-0.01,30,45264,卖盘
11:08:12,15.09,0.01,454,685045,买盘
11:08:16,15.08,-0.01,548,826884,卖盘
11:08:19,15.09,0.01,27,40741,买盘
11:08:22,15.08,-0.01,20,30160,卖盘
11:08:25,15.09,0.01,145,218670,买盘
11:08:27,15.08,-0.01,110,165915,卖盘
11:08:31,15.09,0.01,168,253453,买盘
11:08:34,15.09,0.0,14,21116,买盘
11:08:37,15.09,0.0,139,209718,买盘
11:08:40,15.09,0.0,39,58823,买盘
11:08:42,15.09,0.0,24,36211,买盘
11:08:46,15.09,0.0,10,15086,买盘
11:08:49,15.08,-0.01,362,545943,卖盘
11:08:51,15.08,0.0,978,1474921,卖盘
11:08:54,15.07,-0.01,398,600113,卖盘
11:08:57,15.08,0.01,51,76872,买盘
11:09:00,15.07,-0.01,246,370906,卖盘
11:09:04,15.07,0.0,106,159745,卖盘
11:09:07,15.07,0.0,204,307444,卖盘
11:09:10,15.07,0.0,154,232078,卖盘
11:09:12,15.07,0.0,976,1471234,卖盘
11:09:16,15.07,0.0,185,279205,卖盘
11:09:18,15.07,0.0,151,227597,卖盘
11:09:21,15.07,0.0,129,194436,卖盘
11:09:24,15.07,0.0,79,119054,卖盘
11:09:27,15.07,0.0,128,192973,卖盘
11:09:31,15.07,0.0,26,39182,卖盘
11:09:34,15.08,0.01,85,128097,买盘
11:09:36,15.08,0.0,167,251836,买盘
11:09:39,15.08,0.0,121,182448,买盘
11:09:42,15.07,-0.01,352,530621,卖盘
11:09:45,15.08,0.01,38,57291,买盘
11:09:51,15.07,-0.01,185,278852,卖盘
11:09:54,15.08,0.01,35,52746,买盘
11:09:57,15.08,0.0,108,162766,买盘
11:10:00,15.08,0.0,43,64802,买盘
11:10:05,15.08,0.0,68,102479,买盘
11:10:06,15.07,-0.01,1371,2066097,卖盘
11:10:09,15.07,0.0,516,777300,卖盘
11:10:12,15.07,0.0,220,331537,买盘
11:10:15,15.07,0.0,109,164263,买盘
11:10:19,15.06,-0.01,194,292323,卖盘
11:10:21,15.07,0.01,10,15070,买盘
11:10:24,15.07,0.0,36,54222,买盘
11:10:27,15.07,0.0,3762,5665575,买盘
11:10:30,15.06,-0.01,51,76815,买盘
11:10:33,15.06,0.0,319,480415,买盘
11:10:36,15.06,0.0,142,213946,买盘
11:10:39,15.06,0.0,296,445522,买盘
11:10:43,15.06,0.0,414,623083,买盘
11:10:45,15.06,0.0,150,225858,买盘
11:10:48,15.05,-0.01,127,191158,卖盘
11:10:51,15.05,0.0,2668,4015340,卖盘
11:10:54,15.05,0.0,512,770418,买盘
11:10:58,15.04,-0.01,20,30080,卖盘
11:11:01,15.04,0.0,69,103788,卖盘
11:11:04,15.04,0.0,828,1245312,卖盘
11:11:07,15.04,0.0,207,311508,买盘
11:11:09,15.04,0.0,198,297715,买盘
11:11:12,15.03,-0.01,51,76653,卖盘
11:11:16,15.03,0.0,340,511332,卖盘
11:11:21,15.04,0.01,38,57119,卖盘
11:11:25,15.04,0.0,17,25563,买盘
11:11:27,15.04,0.0,12,18048,买盘
11:11:31,15.03,-0.01,61,91723,卖盘
11:11:33,15.03,0.0,186,279680,卖盘
11:11:36,15.05,0.02,2578,3879307,买盘
11:11:39,15.05,0.0,211,317555,卖盘
11:11:42,15.05,0.0,55,82775,卖盘
11:11:45,15.06,0.01,999,1503648,买盘
11:11:51,15.06,0.0,122,183732,买盘
11:11:54,15.06,0.0,142,213719,买盘
11:11:57,15.05,-0.01,60,90307,卖盘
11:12:00,15.06,0.01,112,168591,买盘
11:12:04,15.06,0.0,45,67760,买盘
11:12:06,15.06,0.0,158,237903,买盘
11:12:09,15.06,0.0,512,770565,买盘
11:12:12,15.06,0.0,14,21084,买盘
11:12:15,15.05,-0.01,379,570742,卖盘
11:12:18,15.06,0.01,42,63252,买盘
11:12:21,15.06,0.0,1654,2493139,买盘
11:12:24,15.06,0.0,33,49698,中性盘
11:12:27,15.05,-0.01,50,75293,卖盘
11:12:30,15.06,0.01,8,12051,中性盘
11:12:34,15.05,-0.01,76,114412,卖盘
11:12:37,15.06,0.01,205,308530,买盘
11:12:40,15.08,0.02,1847,2784404,买盘
11:12:43,15.06,-0.02,3768,5680813,卖盘
11:12:46,15.06,0.0,20,30120,买盘
11:12:48,15.05,-0.01,57,85836,卖盘
11:12:52,15.06,0.01,31,46686,卖盘
11:12:55,15.06,0.0,60,90360,卖盘
11:12:57,15.06,0.0,13,19288,中性盘
11:13:01,15.06,0.0,49,73794,卖盘
11:13:04,15.06,0.0,1533,2313019,卖盘
11:13:07,15.06,0.0,179,269273,买盘
11:13:12,15.06,0.0,230,346479,卖盘
11:13:15,15.07,0.01,99,149183,中性盘
11:13:18,15.07,0.0,302,455389,买盘
11:13:21,15.06,-0.01,99,149129,卖盘
11:13:25,15.08,0.02,324,488525,买盘
11:13:27,15.06,-0.02,1199,1808083,卖盘
11:13:30,15.07,0.01,30,45210,买盘
11:13:33,15.07,0.0,88,132618,买盘
11:13:36,15.08,0.01,1468,2213672,买盘
11:13:39,15.06,-0.02,1210,1823511,卖盘
11:13:42,15.08,0.02,20,30148,买盘
11:13:45,15.06,-0.02,2576,3886484,卖盘
11:13:49,15.07,0.01,46,69322,卖盘
11:13:51,15.07,0.0,56,84392,卖盘
11:13:55,15.07,0.0,43,64811,卖盘
11:13:57,15.07,0.0,21,31657,卖盘
11:14:00,15.07,0.0,204,307628,卖盘
11:14:04,15.09,0.02,239,360414,买盘
11:14:06,15.08,-0.01,42,63336,卖盘
11:14:09,15.09,0.01,21,31669,买盘
11:14:12,15.08,-0.01,98,147852,卖盘
11:14:15,15.08,0.0,61,91988,卖盘
11:14:18,15.08,0.0,465,701595,卖盘
11:14:22,15.08,0.0,59,88976,卖盘
11:14:25,15.1,0.02,2913,4397887,买盘
11:14:27,15.1,0.0,112,169115,买盘
11:14:31,15.08,-0.02,60,90480,卖盘
11:14:34,15.09,0.01,7,10563,买盘
11:14:37,15.1,0.01,51,76990,买盘
11:14:39,15.09,-0.01,110,165990,卖盘
11:14:43,15.09,0.0,47,70950,卖盘
11:14:46,15.1,0.01,241,363905,买盘
11:14:48,15.1,0.0,77,116208,买盘
11:14:51,15.09,-0.01,89,134311,卖盘
11:14:54,15.1,0.01,145,218948,买盘
11:14:57,15.1,0.0,201,303470,买盘
11:15:00,15.09,-0.01,110,166088,卖盘
11:15:04,15.1,0.01,194,292909,买盘
11:15:06,15.1,0.0,1546,2334446,买盘
11:15:09,15.1,0.0,157,237070,买盘
11:15:12,15.09,-0.01,252,380386,卖盘
11:15:15,15.1,0.01,117,176659,买盘
11:15:19,15.09,-0.01,454,685512,卖盘
11:15:22,15.1,0.01,189,285360,买盘
11:15:24,15.1,0.0,668,1008639,买盘
11:15:27,15.1,0.0,155,233488,买盘
11:15:30,15.1,0.0,16,24160,卖盘
11:15:34,15.11,0.01,136,205425,买盘
11:15:37,15.1,-0.01,133,201356,卖盘
11:15:40,15.1,0.0,3191,4818368,买盘
11:15:43,15.1,0.0,164,247640,买盘
11:15:45,15.1,0.0,95,143415,买盘
11:15:48,15.1,0.0,23,34729,买盘
11:15:51,15.1,0.0,115,173642,买盘
11:15:54,15.09,-0.01,328,495274,卖盘
11:15:57,15.1,0.01,126,190206,买盘
11:16:01,15.1,0.0,211,318038,买盘
11:16:04,15.1,0.0,2925,4416274,卖盘
11:16:07,15.11,0.01,2645,3996043,买盘
11:16:10,15.12,0.01,1601,2419402,买盘
11:16:12,15.1,-0.02,60,90600,中性盘
11:16:15,15.1,0.0,3,4530,卖盘
11:16:19,15.1,0.0,45,67956,卖盘
11:16:21,15.1,0.0,2429,3670168,卖盘
11:16:24,15.11,0.01,1831,2764836,买盘
11:16:27,15.11,0.0,767,1158566,买盘
11:16:31,15.11,0.0,109,164657,买盘
11:16:33,15.1,-0.01,99,149558,卖盘
11:16:36,15.1,0.0,161,243274,卖盘
11:16:40,15.1,0.0,125,188792,卖盘
11:16:43,15.1,0.0,52,78520,卖盘
11:16:46,15.12,0.02,70,105800,买盘
11:16:48,15.11,-0.01,208,314209,卖盘
11:16:52,15.13,0.02,2831,4280733,买盘
11:16:55,15.11,-0.02,183,276589,中性盘
11:16:57,15.13,0.02,127,192031,买盘
11:17:01,15.11,-0.02,116,175313,卖盘
11:17:04,15.13,0.02,138,208680,买盘
11:17:06,15.11,-0.02,15,22685,卖盘
11:17:09,15.12,0.01,76,114912,买盘
11:17:12,15.13,0.01,115,173943,买盘
11:17:15,15.12,-0.01,307,464331,卖盘
11:17:19,15.12,0.0,46,69544,买盘
11:17:22,15.13,0.01,2703,4089703,买盘
11:17:24,15.13,0.0,207,313193,卖盘
11:17:27,15.13,0.0,47,71111,卖盘
11:17:30,15.13,0.0,55,83242,卖盘
11:17:33,15.14,0.01,2321,3513864,买盘
11:17:36,15.14,0.0,133,201298,买盘
11:17:39,15.14,0.0,349,528463,卖盘
11:17:42,15.14,0.0,394,596782,卖盘
11:17:45,15.14,0.0,217,328614,卖盘
11:17:49,15.15,0.01,374,566448,买盘
11:17:51,15.14,-0.01,411,622274,卖盘
11:17:54,15.15,0.01,78,118123,买盘
11:17:57,15.14,-0.01,148,224146,卖盘
11:18:01,15.14,0.0,129,195387,卖盘
11:18:04,15.15,0.01,74,112097,买盘
11:18:07,15.14,-0.01,152,230173,卖盘
11:18:09,15.15,0.01,415,628674,买盘
11:18:13,15.14,-0.01,736,1114310,卖盘
11:18:15,15.14,0.0,239,361945,买盘
11:18:18,15.15,0.01,373,564872,买盘
11:18:21,15.14,-0.01,596,902827,卖盘
11:18:24,15.15,0.01,110,166601,买盘
11:18:27,15.14,-0.01,106,160484,卖盘
11:18:30,15.13,-0.01,382,578360,卖盘
11:18:33,15.15,0.02,5002,7577504,买盘
11:18:36,15.15,0.0,334,505995,卖盘
11:18:40,15.15,0.0,597,903990,买盘
11:18:43,15.16,0.01,358,542429,买盘
11:18:45,15.14,-0.02,61,92374,卖盘
11:18:48,15.15,0.01,339,513565,买盘
11:18:52,15.15,0.0,269,407492,买盘
11:18:54,15.14,-0.01,137,207489,卖盘
11:19:00,15.16,0.02,367,556139,买盘
11:19:04,15.15,-0.01,129,195458,中性盘
11:19:06,15.15,0.0,134,203063,卖盘
11:19:09,15.15,0.0,159,240885,卖盘
11:19:12,15.15,0.0,75,113625,买盘
11:19:16,15.15,0.0,125,189431,卖盘
11:19:18,15.15,0.0,466,705892,卖盘
11:19:22,15.15,0.0,1608,2437287,买盘
11:19:24,15.15,0.0,66,100000,买盘
11:19:27,15.14,-0.01,1095,1658347,卖盘
11:19:30,15.15,0.01,75,113617,买盘
11:19:34,15.15,0.0,225,340852,买盘
11:19:37,15.15,0.0,715,1083289,卖盘
11:19:39,15.16,0.01,3544,5372704,买盘
11:19:43,15.16,0.0,103,156168,卖盘
11:19:45,15.17,0.01,296,448726,买盘
11:19:48,15.16,-0.01,152,230432,卖盘
11:19:52,15.16,0.0,295,447323,买盘
11:19:54,15.16,0.0,33,50029,卖盘
11:19:57,15.15,-0.01,413,626096,卖盘
11:20:00,15.15,0.0,341,516758,卖盘
11:20:04,15.16,0.01,356,539095,中性盘
11:20:07,15.16,0.0,204,309262,买盘
11:20:10,15.15,-0.01,546,827222,卖盘
11:20:12,15.15,0.0,977,1479259,买盘
11:20:16,15.15,0.0,125,189393,买盘
11:20:18,15.15,0.0,93,140885,买盘
11:20:21,15.15,0.0,232,351451,买盘
11:20:24,15.14,-0.01,1366,2068586,卖盘
11:20:27,15.15,0.01,429,649555,买盘
11:20:31,15.13,-0.02,54,81758,卖盘
11:20:33,15.15,0.02,500,757345,买盘
11:20:36,15.12,-0.03,2408,3647077,卖盘
11:20:39,15.13,0.01,44,66594,买盘
11:20:42,15.13,0.0,65,98309,买盘
11:20:45,15.15,0.02,450,681162,买盘
11:20:48,15.14,-0.01,87,131630,中性盘
11:20:51,15.14,0.0,97,146790,买盘
11:20:54,15.12,-0.02,277,419049,卖盘
11:20:57,15.15,0.03,232,351226,买盘
11:21:00,15.15,0.0,2129,3225125,买盘
11:21:04,15.13,-0.02,173,261747,卖盘
11:21:06,15.12,-0.01,32,48384,卖盘
11:21:10,15.12,0.0,69,104333,卖盘
11:21:12,15.12,0.0,184,278222,卖盘
11:21:15,15.12,0.0,30,45360,买盘
11:21:18,15.12,0.0,155,234330,买盘
11:21:21,15.12,0.0,245,370339,买盘
11:21:24,15.13,0.01,215,325239,买盘
11:21:27,15.12,-0.01,191,288936,卖盘
11:21:30,15.12,0.0,207,313000,卖盘
11:21:33,15.13,0.01,53,80162,买盘
11:21:36,15.12,-0.01,81,122474,卖盘
11:21:40,15.12,0.0,164,247988,卖盘
11:21:43,15.12,0.0,1490,2254510,卖盘
11:21:45,15.12,0.0,254,384048,买盘
11:21:48,15.11,-0.01,43,64986,卖盘
11:21:52,15.12,0.01,113,170765,买盘
11:21:54,15.12,0.0,24,36269,买盘
11:21:57,15.11,-0.01,11,16626,卖盘
11:22:00,15.12,0.01,160,241883,买盘
11:22:04,15.11,-0.01,34,51406,卖盘
11:22:06,15.12,0.01,110,166316,买盘
11:22:09,15.11,-0.01,92,139031,卖盘
11:22:12,15.12,0.01,84,126979,买盘
11:22:16,15.12,0.0,63,95226,买盘
11:22:18,15.12,0.0,98,148176,买盘
11:22:21,15.12,0.0,1748,2645364,买盘
11:22:25,15.14,0.02,507,767530,买盘
11:22:28,15.14,0.0,56,84813,卖盘
11:22:31,15.15,0.01,15,22724,买盘
11:22:34,15.15,0.0,58,87827,买盘
11:22:36,15.14,-0.01,7,10598,卖盘
11:22:40,15.14,0.0,720,1090580,卖盘
11:22:43,15.15,0.01,303,458834,买盘
11:22:45,15.14,-0.01,55,83270,卖盘
11:22:48,15.15,0.01,321,486214,买盘
11:22:51,15.14,-0.01,158,239238,卖盘
11:22:54,15.13,-0.01,141,213532,卖盘
11:22:57,15.14,0.01,20,30280,中性盘
11:23:00,15.15,0.01,1318,1996653,买盘
11:23:04,15.15,0.0,226,342348,卖盘
11:23:06,15.15,0.0,297,449955,卖盘
11:23:09,15.15,0.0,38,57576,卖盘
11:23:12,15.16,0.01,105,159112,买盘
11:23:16,15.15,-0.01,1306,1979748,卖盘
11:23:19,15.16,0.01,56,84853,买盘
11:23:21,15.16,0.0,780,1181632,买盘
11:23:24,15.16,0.0,276,418212,买盘
11:23:27,15.15,-0.01,1210,1835065,买盘
11:23:30,15.15,0.0,93,140980,卖盘
11:23:33,15.15,0.0,31,46968,卖盘
11:23:36,15.15,0.0,275,416625,卖盘
11:23:39,15.16,0.01,185,280282,买盘
11:23:42,15.15,-0.01,248,375464,中性盘
11:23:46,15.15,0.0,76,115140,卖盘
11:23:48,15.15,0.0,382,578730,卖盘
11:23:52,15.16,0.01,267,404513,买盘
11:23:54,15.15,-0.01,354,536631,卖盘
11:23:57,15.15,0.0,2,3030,买盘
11:24:00,15.14,-0.01,134,203022,卖盘
11:24:05,15.15,0.01,24,36362,中性盘
11:24:07,15.14,-0.01,9,13630,卖盘
11:24:09,15.15,0.01,949,1438612,买盘
11:24:12,15.15,0.0,57,86355,买盘
11:24:15,15.17,0.02,88,133395,买盘
11:24:18,15.15,-0.02,293,444257,卖盘
11:24:22,15.16,0.01,90,136505,中性盘
11:24:25,15.15,-0.01,49,74240,卖盘
11:24:27,15.16,0.01,128,194018,买盘
11:24:30,15.17,0.01,131,198682,买盘
11:24:33,15.16,-0.01,149,225919,卖盘
11:24:36,15.16,0.0,103,156201,卖盘
11:24:39,15.16,0.0,308,467182,卖盘
11:24:42,15.17,0.01,136,206247,买盘
11:24:45,15.16,-0.01,142,215239,买盘
11:24:49,15.16,0.0,165,250140,买盘
11:24:52,15.16,0.0,112,169871,卖盘
11:24:55,15.16,0.0,64,97029,卖盘
11:24:57,15.16,0.0,92,139451,卖盘
11:25:00,15.16,0.0,66,100052,卖盘
11:25:04,15.16,0.0,148,224463,买盘
11:25:06,15.16,0.0,382,579132,卖盘
11:25:10,15.17,0.01,241,365376,买盘
11:25:13,15.17,0.0,127,192597,买盘
11:25:15,15.16,-0.01,128,194086,卖盘
11:25:19,15.16,0.0,106,160704,卖盘
11:25:22,15.17,0.01,585,887392,买盘
11:25:24,15.17,0.0,72,109176,买盘
11:25:27,15.17,0.0,171,259350,买盘
11:25:30,15.16,-0.01,450,682503,卖盘
11:25:33,15.16,0.0,38,57608,买盘
11:25:36,15.16,0.0,128,194048,买盘
11:25:39,15.16,0.0,59,89470,买盘
11:25:42,15.16,0.0,573,868600,卖盘
11:25:46,15.15,-0.01,31,46995,卖盘
11:25:49,15.17,0.02,111,168384,买盘
11:25:52,15.15,-0.02,132,200080,卖盘
11:25:55,15.15,0.0,37,56085,卖盘
11:25:58,15.16,0.01,26,39416,买盘
11:26:00,15.15,-0.01,5,7575,卖盘
11:26:04,15.16,0.01,356,538612,买盘
11:26:06,15.15,-0.01,227,344114,卖盘
11:26:09,15.16,0.01,153,231810,买盘
11:26:12,15.15,-0.01,50,75752,卖盘
11:26:15,15.16,0.01,48,72732,买盘
11:26:18,15.15,-0.01,154,233310,卖盘
11:26:21,15.15,0.0,140,212190,卖盘
11:26:24,15.16,0.01,299,452990,买盘
11:26:28,15.15,-0.01,41,62116,卖盘
11:26:30,15.16,0.01,340,515364,买盘
11:26:33,15.16,0.0,320,484891,买盘
11:26:37,15.16,0.0,39,59095,买盘
11:26:40,15.15,-0.01,187,283332,卖盘
11:26:43,15.15,0.0,202,306190,卖盘
11:26:46,15.15,0.0,264,400016,卖盘
11:26:49,15.15,0.0,51,77277,卖盘
11:26:51,15.15,0.0,75,113625,卖盘
11:26:54,15.15,0.0,705,1068075,卖盘
11:26:57,15.15,0.0,257,389928,卖盘
11:27:01,15.15,0.0,309,468127,买盘
11:27:05,15.13,-0.02,22,33320,卖盘
11:27:07,15.15,0.02,350,530249,买盘
11:27:09,15.15,0.0,43,65069,买盘
11:27:12,15.15,0.0,313,473426,买盘
11:27:15,15.15,0.0,305,462834,卖盘
11:27:18,15.13,-0.02,33,49930,卖盘
11:27:21,15.15,0.02,34,51501,买盘
11:27:27,15.15,0.0,20,30280,买盘
11:27:31,15.15,0.0,571,864252,买盘
11:27:33,15.15,0.0,129,195438,卖盘
11:27:36,15.15,0.0,347,525705,卖盘
11:27:40,15.15,0.0,115,174225,卖盘
11:27:43,15.14,-0.01,173,262050,卖盘
11:27:46,15.15,0.01,269,407475,买盘
11:27:48,15.15,0.0,5,7575,买盘
11:27:52,15.14,-0.01,42,63588,卖盘
11:27:55,15.15,0.01,119,180229,买盘
11:27:58,15.14,-0.01,17,25738,卖盘
11:28:01,15.15,0.01,20,30284,买盘
11:28:04,15.14,-0.01,58,87829,卖盘
11:28:07,15.15,0.01,15,22725,买盘
11:28:09,15.15,0.0,63,95445,买盘
11:28:12,15.14,-0.01,28,42415,卖盘
11:28:16,15.14,0.0,47,71167,卖盘
11:28:18,15.14,0.0,104,157460,卖盘
11:28:22,15.15,0.01,56,84814,买盘
11:28:24,15.14,-0.01,1,1514,买盘
11:28:27,15.13,-0.01,57,86264,卖盘
11:28:31,15.14,0.01,14,21204,中性盘
11:28:34,15.15,0.01,380,575663,买盘
11:28:37,15.13,-0.02,42,63558,卖盘
11:28:39,15.13,0.0,30,45432,卖盘
11:28:42,15.14,0.01,1,1514,买盘
11:28:46,15.14,0.0,8,12112,买盘
11:28:49,15.13,-0.01,75,113520,卖盘
11:28:52,15.14,0.01,4,6056,买盘
11:28:55,15.14,0.0,81,122629,买盘
11:28:57,15.14,0.0,3,4542,买盘
11:29:01,15.13,-0.01,44,66577,卖盘
11:29:04,15.14,0.01,56,84730,买盘
11:29:07,15.14,0.0,114,172596,买盘
11:29:09,15.13,-0.01,41,62036,卖盘
11:29:12,15.14,0.01,22,33308,买盘
11:29:15,15.14,0.0,36,54504,买盘
11:29:18,15.14,0.0,104,157436,买盘
11:29:22,15.13,-0.01,47,71123,卖盘
11:29:24,15.14,0.01,203,307140,买盘
11:29:27,15.14,0.0,3,4542,买盘
11:29:30,15.13,-0.01,18,27234,卖盘
11:29:33,15.14,0.01,524,794028,买盘
11:29:36,15.14,0.0,21,31795,卖盘
11:29:39,15.14,0.0,30,45420,卖盘
11:29:43,15.14,0.0,93,140865,卖盘
11:29:46,15.14,0.0,8,12112,卖盘
11:29:49,15.14,0.0,42,63588,卖盘
11:29:52,15.14,0.0,13,19076,卖盘
11:29:54,15.13,-0.01,123,186190,卖盘
11:29:58,15.14,0.01,44,66616,买盘
11:30:01,15.15,0.01,1664,2521109,买盘
13:00:00,15.15,0.0,117,177273,卖盘
13:00:05,15.16,0.01,3909,5925045,买盘
13:00:07,15.16,0.0,969,1468898,卖盘
13:00:09,15.17,0.01,136,206248,买盘
13:00:13,15.16,-0.01,32,48514,卖盘
13:00:15,15.17,0.01,623,945091,买盘
13:00:18,15.16,-0.01,76,115256,卖盘
13:00:22,15.16,0.0,347,526367,卖盘
13:00:25,15.17,0.01,64,97088,买盘
13:00:28,15.17,0.0,131,198692,买盘
13:00:30,15.17,0.0,116,175883,买盘
13:00:33,15.17,0.0,139,210839,买盘
13:00:36,15.17,0.0,351,532467,卖盘
13:00:40,15.17,0.0,375,568875,卖盘
13:00:42,15.18,0.01,274,415663,买盘
13:00:46,15.17,-0.01,203,307951,卖盘
13:00:49,15.17,0.0,39,59150,中性盘
13:00:51,15.17,0.0,48,72777,买盘
13:00:54,15.16,-0.01,61,92476,卖盘
13:00:57,15.16,0.0,85,128865,卖盘
13:01:01,15.16,0.0,47,71257,卖盘
13:01:04,15.17,0.01,15,22750,买盘
13:01:07,15.17,0.0,21,31857,买盘
13:01:10,15.17,0.0,81,122847,买盘
13:01:13,15.16,-0.01,812,1230974,卖盘
13:01:15,15.16,0.0,567,859733,卖盘
13:01:18,15.16,0.0,68,103045,买盘
13:01:21,15.16,0.0,30,45480,买盘
13:01:25,15.16,0.0,508,769740,买盘
13:01:27,15.16,0.0,290,439356,买盘
13:01:30,15.14,-0.02,2968,4496851,卖盘
13:01:33,15.16,0.02,94,142421,买盘
13:01:36,15.16,0.0,373,565468,买盘
13:01:40,15.16,0.0,459,695007,买盘
13:01:42,15.15,-0.01,359,543678,买盘
13:01:46,15.14,-0.01,378,572312,卖盘
13:01:48,15.15,0.01,504,762855,买盘
13:01:51,15.13,-0.02,1,1513,卖盘
13:01:54,15.15,0.02,110,166634,买盘
13:01:58,15.14,-0.01,43,65071,中性盘
13:02:01,15.13,-0.01,3,4541,卖盘
13:02:05,15.14,0.01,59,89290,买盘
13:02:07,15.13,-0.01,164,248249,卖盘
13:02:10,15.14,0.01,42,63588,买盘
13:02:12,15.13,-0.01,907,1372364,卖盘
13:02:18,15.14,0.01,68,102912,买盘
13:02:21,15.14,0.0,37,56018,买盘
13:02:25,15.14,0.0,24,36316,买盘
13:02:28,15.14,0.0,1,1514,买盘
13:02:31,15.14,0.0,34,51446,买盘
13:02:34,15.13,-0.01,83,125608,卖盘
13:02:36,15.14,0.01,170,257380,买盘
13:02:39,15.14,0.0,42,63588,卖盘
13:02:42,15.15,0.01,935,1416412,买盘
13:02:45,15.15,0.0,30,45451,卖盘
13:02:48,15.16,0.01,125,189500,买盘
13:02:51,15.16,0.0,56,84855,买盘
13:02:55,15.15,-0.01,9,13635,卖盘
13:02:57,15.15,0.0,2241,3395115,卖盘
13:03:00,15.16,0.01,20,30315,买盘
13:03:04,15.15,-0.01,38,57541,中性盘
13:03:06,15.15,0.0,29,43954,卖盘
13:03:09,15.15,0.0,89,134827,买盘
13:03:12,15.14,-0.01,32,48448,卖盘
13:03:19,15.14,0.0,150,227100,卖盘
13:03:21,15.14,0.0,8,12112,卖盘
13:03:24,15.14,0.0,38,57540,卖盘
13:03:27,15.14,0.0,23,34822,卖盘
13:03:30,15.14,0.0,5,7570,卖盘
13:03:33,15.14,0.0,126,190781,卖盘
13:03:37,15.14,0.0,61,92354,卖盘
13:03:39,15.14,0.0,343,519612,卖盘
13:03:43,15.15,0.01,99,149918,买盘
13:03:45,15.14,-0.01,7,10599,卖盘
13:03:48,15.14,0.0,81,122655,卖盘
13:03:51,15.14,0.0,163,246782,卖盘
13:03:54,15.15,0.01,546,826653,买盘
13:03:57,15.14,-0.01,96,145309,中性盘
13:04:01,15.14,0.0,243,367902,买盘
13:04:04,15.15,0.01,530,802646,买盘
13:04:07,15.14,-0.01,35,52991,中性盘
13:04:10,15.13,-0.01,36,54484,卖盘
13:04:12,15.15,0.02,86,130232,买盘
13:04:15,15.13,-0.02,44,66617,卖盘
13:04:18,15.13,0.0,42,63569,卖盘
13:04:22,15.15,0.02,3,4545,买盘
13:04:24,15.15,0.0,23,34826,买盘
13:04:27,15.14,-0.01,20,30280,买盘
13:04:30,15.14,0.0,83,125630,买盘
13:04:33,15.13,-0.01,39,59023,卖盘
13:04:40,15.14,0.01,124,187731,买盘
13:04:42,15.14,0.0,38,57532,卖盘
13:04:46,15.14,0.0,120,181680,卖盘
13:04:49,15.14,0.0,124,187736,卖盘
13:04:51,15.13,-0.01,64,96864,卖盘
13:04:54,15.13,0.0,85,128677,卖盘
13:04:57,15.14,0.01,21,31794,买盘
13:05:01,15.15,0.01,912,1381879,买盘
13:05:05,15.15,0.0,1952,2957298,卖盘
13:05:07,15.15,0.0,195,295425,卖盘
13:05:09,15.14,-0.01,86,129455,卖盘
13:05:12,15.14,0.0,64,96896,卖盘
13:05:16,15.15,0.01,296,448345,买盘
13:05:19,15.15,0.0,4,6060,买盘
13:05:21,15.14,-0.01,153,231692,卖盘
13:05:24,15.16,0.02,196,297027,买盘
13:05:27,15.15,-0.01,16,24240,中性盘
13:05:31,15.16,0.01,48,72729,买盘
13:05:34,15.15,-0.01,133,201485,卖盘
13:05:36,15.14,-0.01,47,71172,卖盘
13:05:39,15.15,0.01,72,109080,买盘
13:05:43,15.15,0.0,155,234875,卖盘
13:05:45,15.15,0.0,20,30300,卖盘
13:05:49,15.15,0.0,68,103020,卖盘
13:05:51,15.17,0.02,682,1034012,买盘
13:05:54,15.16,-0.01,35,53060,卖盘
13:05:57,15.16,0.0,43,65188,卖盘
13:06:00,15.16,0.0,40,60642,卖盘
13:06:05,15.17,0.01,259,392897,买盘
13:06:07,15.17,0.0,154,233614,买盘
13:06:09,15.16,-0.01,3526,5345732,卖盘
13:06:13,15.17,0.01,24,36405,买盘
13:06:15,15.16,-0.01,30,45485,卖盘
13:06:18,15.17,0.01,303,459602,买盘
13:06:21,15.17,0.0,86,130431,买盘
13:06:24,15.17,0.0,4,6067,买盘
13:06:27,15.17,0.0,73,110726,买盘
13:06:31,15.17,0.0,448,679582,买盘
13:06:34,15.16,-0.01,40,60642,卖盘
13:06:36,15.17,0.01,119,180518,买盘
13:06:39,15.17,0.0,211,320083,买盘
13:06:43,15.17,0.0,81,123485,买盘
13:06:45,15.17,0.0,504,764568,卖盘
13:06:49,15.18,0.01,682,1035246,买盘
13:06:51,15.18,0.0,46,69792,买盘
13:06:54,15.17,-0.01,53,80401,卖盘
13:06:57,15.17,0.0,25,37925,卖盘
13:07:00,15.17,0.0,79,119879,卖盘
13:07:04,15.17,0.0,125,189690,卖盘
13:07:06,15.17,0.0,170,257943,卖盘
13:07:09,15.18,0.01,112,169999,买盘
13:07:13,15.18,0.0,18,27311,买盘
13:07:16,15.17,-0.01,70,106203,卖盘
13:07:18,15.17,0.0,36,54628,卖盘
13:07:21,15.18,0.01,16,24282,买盘
13:07:24,15.17,-0.01,101,153251,卖盘
13:07:27,15.17,0.0,79,119868,卖盘
13:07:30,15.18,0.01,657,997079,买盘
13:07:33,15.17,-0.01,21,31865,买盘
13:07:37,15.16,-0.01,95,144139,卖盘
13:07:39,15.18,0.02,128,194163,买盘
13:07:42,15.18,0.0,178,270193,买盘
13:07:46,15.18,0.0,11,16698,买盘
13:07:49,15.18,0.0,36,54613,买盘
13:07:51,15.18,0.0,523,793914,买盘
13:07:54,15.18,0.0,34,51612,买盘
13:07:58,15.18,0.0,17,25806,买盘
13:08:00,15.17,-0.01,85,128986,卖盘
13:08:04,15.17,0.0,38,57680,卖盘
13:08:07,15.17,0.0,407,617419,卖盘
13:08:10,15.16,-0.01,1056,1602924,卖盘
13:08:12,15.17,0.01,11,16697,中性盘
13:08:15,15.17,0.0,37,56129,买盘
13:08:19,15.17,0.0,131,198717,买盘
13:08:21,15.16,-0.01,53,80365,卖盘
13:08:24,15.18,0.02,319,483943,买盘
13:08:27,15.17,-0.01,88,133536,卖盘
13:08:30,15.17,0.0,29,43993,卖盘
13:08:33,15.16,-0.01,163,247191,卖盘
13:08:36,15.17,0.01,43,65231,买盘
13:08:39,15.17,0.0,37,56129,买盘
13:08:42,15.16,-0.01,479,726592,卖盘
13:08:48,15.16,0.0,185,280470,卖盘
13:08:51,15.17,0.01,36,54601,买盘
13:08:54,15.17,0.0,167,253302,买盘
13:08:57,15.16,-0.01,44,66723,卖盘
13:09:00,15.16,0.0,24,36406,卖盘
13:09:04,15.16,0.0,278,421499,卖盘
13:09:06,15.17,0.01,139,210831,买盘
13:09:09,15.16,-0.01,55,83380,卖盘
13:09:12,15.16,0.0,256,388316,卖盘
13:09:15,15.17,0.01,1,1517,买盘
13:09:18,15.17,0.0,149,226004,买盘
13:09:22,15.17,0.0,120,182040,卖盘
13:09:25,15.17,0.0,256,388352,卖盘
13:09:27,15.17,0.0,531,805529,卖盘
13:09:30,15.17,0.0,40,60685,卖盘
13:09:33,15.17,0.0,48,72835,卖盘
13:09:36,15.17,0.0,72,109224,卖盘
13:09:39,15.17,0.0,61,92537,卖盘
13:09:42,15.17,0.0,174,264122,卖盘
13:09:45,15.18,0.01,1043,1583274,买盘
13:09:48,15.18,0.0,39,59202,卖盘
13:09:51,15.18,0.0,218,330924,卖盘
13:09:54,15.18,0.0,26,39468,卖盘
13:09:58,15.18,0.0,20,30360,卖盘
13:10:00,15.18,0.0,475,721097,卖盘
13:10:04,15.18,0.0,27,41003,卖盘
13:10:07,15.18,0.0,97,147246,卖盘
13:10:10,15.18,0.0,80,121442,卖盘
13:10:12,15.18,0.0,246,373295,卖盘
13:10:15,15.18,0.0,65,98670,买盘
13:10:18,15.18,0.0,667,1012486,买盘
13:10:21,15.18,0.0,1027,1558290,买盘
13:10:25,15.18,0.0,41,62214,卖盘
13:10:28,15.18,0.0,102,154836,买盘
13:10:31,15.17,-0.01,42,63716,卖盘
13:10:33,15.18,0.01,157,238258,买盘
13:10:36,15.18,0.0,212,321605,买盘
13:10:39,15.18,0.0,12,18214,买盘
13:10:42,15.18,0.0,161,244330,买盘
13:10:46,15.18,0.0,277,420471,买盘
13:10:49,15.18,0.0,122,185196,卖盘
13:10:52,15.18,0.0,22,33396,买盘
13:10:54,15.18,0.0,67,101706,买盘
13:10:57,15.19,0.01,3444,5231407,买盘
13:11:00,15.19,0.0,753,1143993,卖盘
13:11:04,15.19,0.0,87,132172,卖盘
13:11:07,15.19,0.0,85,129115,卖盘
13:11:10,15.19,0.0,82,124583,卖盘
13:11:12,15.2,0.01,19,28868,买盘
13:11:15,15.2,0.0,41,62294,买盘
13:11:18,15.2,0.0,52,79004,买盘
13:11:21,15.2,0.0,67,101837,买盘
13:11:25,15.2,0.0,122,185368,买盘
13:11:27,15.2,0.0,538,817759,买盘
13:11:30,15.2,0.0,170,258361,买盘
13:11:33,15.19,-0.01,149,226470,卖盘
13:11:36,15.19,0.0,182,276460,卖盘
13:11:39,15.19,0.0,206,313027,卖盘
13:11:43,15.2,0.01,7379,11216070,买盘
13:11:46,15.2,0.0,767,1166581,卖盘
13:11:48,15.21,0.01,45,68428,买盘
13:11:52,15.2,-0.01,286,434798,卖盘
13:11:54,15.21,0.01,10,15208,买盘
13:11:57,15.22,0.01,234,355974,买盘
13:12:00,15.21,-0.01,373,567334,卖盘
13:12:04,15.22,0.01,210,319410,买盘
13:12:06,15.22,0.0,82,124787,买盘
13:12:09,15.21,-0.01,41,62384,卖盘
13:12:13,15.22,0.01,192,292152,买盘
13:12:15,15.22,0.0,175,266339,买盘
13:12:18,15.22,0.0,133,202409,买盘
13:12:21,15.22,0.0,63,95886,买盘
13:12:25,15.22,0.0,711,1082053,买盘
13:12:28,15.22,0.0,108,164417,买盘
13:12:31,15.22,0.0,95,144637,卖盘
13:12:33,15.22,0.0,63,95910,卖盘
13:12:37,15.22,0.0,158,240576,卖盘
13:12:39,15.23,0.01,425,647274,买盘
13:12:42,15.22,-0.01,1085,1652381,卖盘
13:12:45,15.23,0.01,150,228565,中性盘
13:12:49,15.23,0.0,377,574494,卖盘
13:12:52,15.24,0.01,72,109705,买盘
13:12:54,15.23,-0.01,60,91425,卖盘
13:12:57,15.23,0.0,2675,4078569,卖盘
13:13:00,15.24,0.01,190,289699,中性盘
13:13:04,15.23,-0.01,136,207268,卖盘
13:13:06,15.24,0.01,29,44196,买盘
13:13:09,15.24,0.0,1060,1614410,买盘
13:13:12,15.23,-0.01,122,185815,卖盘
13:13:16,15.24,0.01,219,333604,买盘
13:13:19,15.24,0.0,384,584802,买盘
13:13:21,15.23,-0.01,76,115756,卖盘
13:13:25,15.24,0.01,112,170678,买盘
13:13:27,15.24,0.0,367,559297,买盘
13:13:31,15.24,0.0,248,377748,买盘
13:13:34,15.24,0.0,43,65531,买盘
13:13:37,15.23,-0.01,209,318474,卖盘
13:13:39,15.23,0.0,187,284936,卖盘
13:13:42,15.23,0.0,64,97498,卖盘
13:13:46,15.24,0.01,102,155417,买盘
13:13:49,15.24,0.0,601,915708,买盘
13:13:52,15.24,0.0,52,79193,买盘
13:13:54,15.24,0.0,180,274144,买盘
13:13:57,15.24,0.0,779,1186582,买盘
13:14:00,15.24,0.0,234,356482,买盘
13:14:05,15.23,-0.01,127,193334,卖盘
13:14:07,15.24,0.01,69,105078,买盘
13:14:09,15.22,-0.02,15,22836,卖盘
13:14:13,15.24,0.02,123,187408,买盘
13:14:15,15.23,-0.01,97,147751,卖盘
13:14:18,15.23,0.0,79,120302,卖盘
13:14:21,15.23,0.0,16,24368,买盘
13:14:25,15.22,-0.01,379,577314,卖盘
13:14:27,15.23,0.01,90,137090,买盘
13:14:30,15.23,0.0,43,65501,卖盘
13:14:34,15.23,0.0,88,134024,卖盘
13:14:36,15.23,0.0,334,508889,卖盘
13:14:39,15.25,0.02,10946,16672119,买盘
13:14:42,15.23,-0.02,1979,3017929,卖盘
13:14:46,15.24,0.01,11,16754,买盘
13:14:49,15.23,-0.01,122,185772,买盘
13:14:51,15.23,0.0,2,3047,卖盘
13:14:54,15.24,0.01,248,377951,买盘
13:14:57,15.23,-0.01,142,216298,卖盘
13:15:00,15.23,0.0,566,862049,卖盘
13:15:05,15.23,0.0,445,678475,卖盘
13:15:07,15.24,0.01,343,522834,买盘
13:15:10,15.23,-0.01,152,231579,卖盘
13:15:12,15.24,0.01,329,501384,买盘
13:15:15,15.24,0.0,1029,1568208,卖盘
13:15:19,15.24,0.0,996,1517904,卖盘
13:15:21,15.24,0.0,204,310793,买盘
13:15:24,15.23,-0.01,30,45690,卖盘
13:15:27,15.23,0.0,523,796532,卖盘
13:15:30,15.23,0.0,193,293939,买盘
13:15:33,15.24,0.01,671,1021432,买盘
13:15:37,15.23,-0.01,10,15229,中性盘
13:15:39,15.23,0.0,286,435395,买盘
13:15:42,15.22,-0.01,105,159876,卖盘
13:15:45,15.23,0.01,48,73092,买盘
13:15:48,15.23,0.0,51,77670,买盘
13:15:51,15.24,0.01,304,463005,买盘
13:15:54,15.23,-0.01,93,141639,卖盘
13:15:57,15.24,0.01,67,102088,买盘
13:16:00,15.24,0.0,41,62457,买盘
13:16:04,15.23,-0.01,112,170612,卖盘
13:16:07,15.24,0.01,56,85292,买盘
13:16:10,15.24,0.0,65,99005,买盘
13:16:12,15.22,-0.02,526,800815,卖盘
13:16:15,15.23,0.01,156,237559,买盘
13:16:18,15.23,0.0,32,48736,买盘
13:16:21,15.22,-0.01,2,3045,卖盘
13:16:24,15.23,0.01,44,67010,买盘
13:16:28,15.22,-0.01,167,254180,卖盘
13:16:30,15.22,0.0,69,105025,卖盘
13:16:33,15.22,0.0,128,194830,卖盘
13:16:37,15.22,0.0,111,168942,卖盘
13:16:39,15.22,0.0,409,622498,卖盘
13:16:42,15.22,0.0,8,12173,买盘
13:16:45,15.22,0.0,266,404852,买盘
13:16:48,15.2,-0.02,3044,4627831,卖盘
13:16:51,15.22,0.02,24,36527,买盘
13:16:55,15.21,-0.01,18,27380,卖盘
13:16:57,15.21,0.0,21,31956,卖盘
13:17:00,15.21,0.0,97,147539,卖盘
13:17:04,15.2,-0.01,1026,1560405,卖盘
13:17:09,15.2,0.0,144,218882,卖盘
13:17:12,15.2,0.0,77,117089,卖盘
13:17:15,15.2,0.0,520,790400,卖盘
13:17:18,15.2,0.0,301,457520,卖盘
13:17:21,15.2,0.0,70,106368,买盘
13:17:24,15.2,0.0,88,133760,买盘
13:17:27,15.2,0.0,75,113953,买盘
13:17:30,15.2,0.0,308,468150,买盘
13:17:33,15.2,0.0,494,750841,买盘
13:17:36,15.2,0.0,98,149057,卖盘
13:17:39,15.2,0.0,328,498572,卖盘
13:17:42,15.2,0.0,30,45600,卖盘
13:17:46,15.2,0.0,159,241680,卖盘
13:17:48,15.2,0.0,259,393784,买盘
13:17:52,15.2,0.0,77,117040,买盘
13:17:54,15.2,0.0,104,158080,卖盘
13:17:58,15.2,0.0,37,56247,卖盘
13:18:00,15.2,0.0,97,147470,卖盘
13:18:04,15.21,0.01,162,246400,买盘
13:18:07,15.21,0.0,75,114075,卖盘
13:18:09,15.21,0.0,50,76050,卖盘
13:18:12,15.22,0.01,81,123277,买盘
13:18:15,15.21,-0.01,424,645067,卖盘
13:18:19,15.21,0.0,7,10647,卖盘
13:18:22,15.22,0.01,349,531178,买盘
13:18:24,15.22,0.0,123,187218,卖盘
13:18:27,15.22,0.0,58,88276,卖盘
13:18:30,15.23,0.01,186,283099,买盘
13:18:33,15.23,0.0,89,135460,买盘
13:18:37,15.22,-0.01,35,53292,卖盘
13:18:39,15.22,0.0,174,264800,卖盘
13:18:43,15.22,0.0,27,41106,卖盘
13:18:46,15.22,0.0,9,13704,卖盘
13:18:48,15.23,0.01,315,479710,买盘
13:18:51,15.22,-0.01,40,60890,卖盘
13:18:55,15.22,0.0,348,529978,卖盘
13:18:57,15.23,0.01,596,907662,买盘
13:19:00,15.23,0.0,60,91381,卖盘
13:19:04,15.24,0.01,67,102079,买盘
13:19:07,15.23,-0.01,332,505929,卖盘
13:19:09,15.23,0.0,776,1181858,卖盘
13:19:13,15.23,0.0,156,237557,买盘
13:19:16,15.23,0.0,91,138583,买盘
13:19:19,15.23,0.0,21,31982,买盘
13:19:22,15.23,0.0,200,304417,买盘
13:19:24,15.23,0.0,50,76140,买盘
13:19:28,15.22,-0.01,614,934508,卖盘
13:19:31,15.23,0.01,93,141639,买盘
13:19:33,15.21,-0.02,69,104977,卖盘
13:19:37,15.21,0.0,222,338038,卖盘
13:19:40,15.22,0.01,78,118694,买盘
13:19:43,15.22,0.0,88,133936,买盘
13:19:46,15.21,-0.01,44,66924,卖盘
13:19:49,15.22,0.01,15,22820,买盘
13:19:52,15.22,0.0,850,1292898,买盘
13:19:54,15.23,0.01,485,738607,买盘
13:19:57,15.23,0.0,733,1116859,卖盘
13:20:00,15.23,0.0,69,105099,卖盘
13:20:04,15.23,0.0,125,190395,卖盘
13:20:06,15.22,-0.01,124,188823,卖盘
13:20:09,15.22,0.0,364,554164,卖盘
13:20:12,15.22,0.0,113,171986,买盘
13:20:16,15.22,0.0,167,254059,买盘
13:20:19,15.23,0.01,491,747580,买盘
13:20:21,15.23,0.0,540,822291,买盘
13:20:24,15.21,-0.02,225,342669,卖盘
13:20:28,15.21,0.0,246,374571,卖盘
13:20:30,15.22,0.01,35,53270,卖盘
13:20:33,15.22,0.0,67,101949,卖盘
13:20:36,15.23,0.01,41,62422,买盘
13:20:40,15.23,0.0,171,260341,买盘
13:20:43,15.22,-0.01,166,252557,买盘
13:20:45,15.23,0.01,80,121795,买盘
13:20:49,15.23,0.0,31,47203,卖盘
13:20:51,15.22,-0.01,53,80614,中性盘
13:20:54,15.23,0.01,2709,4118732,买盘
13:20:57,15.23,0.0,248,377659,卖盘
13:21:01,15.23,0.0,265,403494,买盘
13:21:04,15.21,-0.02,406,617909,卖盘
13:21:07,15.22,0.01,180,273792,买盘
13:21:10,15.21,-0.01,97,147584,卖盘
13:21:12,15.21,0.0,194,294890,买盘
13:21:16,15.21,0.0,8,12168,买盘
13:21:18,15.21,0.0,4,6084,买盘
13:21:21,15.21,0.0,60,91250,买盘
13:21:24,15.21,0.0,39,59282,卖盘
13:21:27,15.21,0.0,34,51704,买盘
13:21:31,15.2,-0.01,149,226504,卖盘
13:21:34,15.21,0.01,143,217374,买盘
13:21:36,15.21,0.0,78,118575,买盘
13:21:39,15.2,-0.01,110,167251,卖盘
13:21:43,15.2,0.0,120,182410,卖盘
13:21:45,15.2,0.0,142,215941,卖盘
13:21:48,15.2,0.0,26,39520,卖盘
13:21:51,15.2,0.0,122,185448,卖盘
13:21:54,15.2,0.0,74,112500,卖盘
13:21:57,15.2,0.0,513,780052,卖盘
13:22:00,15.2,0.0,125,190000,买盘
13:22:04,15.2,0.0,131,199116,买盘
13:22:07,15.2,0.0,130,197601,买盘
13:22:10,15.21,0.01,170,258538,买盘
13:22:12,15.21,0.0,7,10647,卖盘
13:22:15,15.21,0.0,2,3042,卖盘
13:22:18,15.21,0.0,81,123220,卖盘
13:22:22,15.22,0.01,54,82148,买盘
13:22:25,15.21,-0.01,100,152100,卖盘
13:22:28,15.2,-0.01,901,1370080,卖盘
13:22:30,15.2,0.0,43,65374,卖盘
13:22:34,15.22,0.02,186,282926,买盘
13:22:36,15.21,-0.01,116,176536,卖盘
13:22:40,15.21,0.0,456,693576,卖盘
13:22:42,15.21,0.0,131,199280,买盘
13:22:45,15.21,0.0,3835,5843638,买盘
13:22:49,15.22,0.01,33,50198,中性盘
13:22:51,15.21,-0.01,75,114150,卖盘
13:22:55,15.22,0.01,152,231323,中性盘
13:22:58,15.24,0.02,153,233172,买盘
13:23:00,15.24,0.0,246,374888,卖盘
13:23:04,15.22,-0.02,49,74596,卖盘
13:23:07,15.24,0.02,16,24361,买盘
13:23:10,15.24,0.0,33,50249,买盘
13:23:13,15.23,-0.01,14,21322,卖盘
13:23:15,15.23,0.0,38,57874,卖盘
13:23:18,15.25,0.02,914,1393188,买盘
13:23:21,15.23,-0.02,12,18276,卖盘
13:23:24,15.22,-0.01,152,231547,卖盘
13:23:27,15.25,0.03,14,21324,买盘
13:23:30,15.24,-0.01,117,178194,中性盘
13:23:33,15.23,-0.01,95,144765,卖盘
13:23:36,15.23,0.0,42,63992,卖盘
13:23:39,15.24,0.01,30,45718,买盘
13:23:42,15.24,0.0,436,664508,卖盘
13:23:46,15.23,-0.01,500,761500,卖盘
13:23:48,15.24,0.01,215,327626,买盘
13:23:51,15.25,0.01,55,83845,买盘
13:23:54,15.23,-0.02,136,207260,卖盘
13:23:57,15.25,0.02,292,444990,买盘
13:24:00,15.25,0.0,78,118885,买盘
13:24:04,15.23,-0.02,60,91466,卖盘
13:24:07,15.24,0.01,1155,1760673,中性盘
13:24:10,15.23,-0.01,34,51784,卖盘
13:24:13,15.25,0.02,270,411698,买盘
13:24:15,15.24,-0.01,95,144780,卖盘
13:24:18,15.23,-0.01,979,1491751,卖盘
13:24:21,15.24,0.01,200,304862,买盘
13:24:24,15.25,0.01,2,3050,买盘
13:24:27,15.24,-0.01,23,35052,卖盘
13:24:30,15.24,0.0,2454,3743589,卖盘
13:24:34,15.24,0.0,79,120353,中性盘
13:24:36,15.25,0.01,74,112790,买盘
13:24:39,15.23,-0.02,543,827015,卖盘
13:24:42,15.24,0.01,130,198121,卖盘
13:24:45,15.26,0.02,400,610107,买盘
13:24:49,15.24,-0.02,22,33534,卖盘
13:24:52,15.25,0.01,42,64050,买盘
13:24:55,15.25,0.0,199,303518,卖盘
13:24:57,15.25,0.0,107,163276,卖盘
13:25:00,15.26,0.01,237,361825,买盘
13:25:04,15.26,0.0,915,1397082,卖盘
13:25:06,15.26,0.0,222,338775,卖盘
13:25:10,15.27,0.01,549,838247,买盘
13:25:13,15.26,-0.01,132,201357,中性盘
13:25:15,15.27,0.01,190,290092,买盘
13:25:18,15.26,-0.01,440,671583,卖盘
13:25:21,15.27,0.01,48,73296,买盘
13:25:24,15.27,0.0,627,957307,买盘
13:25:27,15.28,0.01,559,854099,买盘
13:25:31,15.28,0.0,723,1104173,买盘
13:25:33,15.27,-0.01,140,213902,卖盘
13:25:37,15.27,0.0,242,369697,卖盘
13:25:39,15.27,0.0,78,119115,卖盘
13:25:43,15.27,0.0,103,157281,卖盘
13:25:45,15.27,0.0,334,509996,买盘
13:25:48,15.27,0.0,70,106893,卖盘
13:25:51,15.27,0.0,1225,1871493,卖盘
13:25:54,15.28,0.01,100,152758,买盘
13:25:57,15.28,0.0,1287,1966719,买盘
13:26:00,15.28,0.0,128,195584,卖盘
13:26:04,15.29,0.01,807,1233751,买盘
13:26:07,15.29,0.0,754,1152176,买盘
13:26:10,15.28,-0.01,153,233679,卖盘
13:26:12,15.28,0.0,1083,1655918,卖盘
13:26:15,15.28,0.0,239,365173,买盘
13:26:18,15.28,0.0,163,249055,买盘
13:26:21,15.27,-0.01,628,959197,卖盘
13:26:24,15.28,0.01,91,138956,买盘
13:26:27,15.29,0.01,544,831735,买盘
13:26:30,15.28,-0.01,1173,1792365,卖盘
13:26:33,15.28,0.0,99,151302,卖盘
13:26:37,15.29,0.01,56,85589,买盘
13:26:39,15.28,-0.01,81,123796,卖盘
13:26:43,15.28,0.0,52,79466,卖盘
13:26:45,15.28,0.0,190,290367,卖盘
13:26:49,15.28,0.0,201,307111,买盘
13:26:52,15.28,0.0,80,122210,买盘
13:26:55,15.27,-0.01,529,807800,卖盘
13:26:58,15.27,0.0,1,1527,买盘
13:27:01,15.28,0.01,377,575911,买盘
13:27:04,15.27,-0.01,789,1203638,卖盘
13:27:07,15.27,0.0,157,239822,卖盘
13:27:09,15.28,0.01,327,499371,买盘
13:27:12,15.28,0.0,39,59592,卖盘
13:27:15,15.27,-0.01,576,880100,卖盘
13:27:18,15.28,0.01,58,88568,买盘
13:27:21,15.3,0.02,7850,12003564,买盘
13:27:25,15.28,-0.02,463,708205,中性盘
13:27:28,15.29,0.01,82,125245,买盘
13:27:30,15.29,0.0,268,409273,买盘
13:27:33,15.28,-0.01,11,16808,卖盘
13:27:37,15.28,0.0,307,469096,买盘
13:27:40,15.28,0.0,66,100808,买盘
13:27:42,15.27,-0.01,2179,3332484,中性盘
13:27:45,15.27,0.0,609,929829,买盘
13:27:48,15.29,0.02,208,317897,买盘
13:27:52,15.26,-0.03,483,737102,卖盘
13:27:55,15.27,0.01,296,451960,买盘
13:27:58,15.26,-0.01,82,125191,卖盘
13:28:01,15.26,0.0,714,1089664,卖盘
13:28:04,15.27,0.01,470,717599,买盘
13:28:07,15.25,-0.02,247,376786,卖盘
13:28:10,15.3,0.05,1825,2791194,买盘
13:28:12,15.25,-0.05,489,745997,卖盘
13:28:15,15.28,0.03,672,1025385,买盘
13:28:19,15.28,0.0,7,10696,买盘
13:28:22,15.28,0.0,7,10696,买盘
13:28:25,15.26,-0.02,852,1300970,卖盘
13:28:27,15.26,0.0,222,338773,卖盘
13:28:31,15.28,0.02,54,82490,买盘
13:28:33,15.28,0.0,71,108374,买盘
13:28:36,15.26,-0.02,270,412026,卖盘
13:28:39,15.27,0.01,375,572324,买盘
13:28:42,15.27,0.0,177,270275,买盘
13:28:45,15.26,-0.01,106,161781,卖盘
13:28:48,15.26,0.0,512,781107,卖盘
13:28:51,15.27,0.01,409,624255,买盘
13:28:54,15.25,-0.02,14,21362,卖盘
13:28:58,15.27,0.02,82,125153,买盘
13:29:01,15.25,-0.02,633,965651,卖盘
13:29:04,15.26,0.01,363,553934,中性盘
13:29:06,15.27,0.01,2122,3241805,买盘
13:29:09,15.25,-0.02,500,762882,卖盘
13:29:12,15.25,0.0,487,742515,卖盘
13:29:15,15.27,0.02,110,167960,买盘
13:29:18,15.26,-0.01,296,451696,卖盘
13:29:22,15.26,0.0,497,758143,买盘
13:29:24,15.26,0.0,224,341503,买盘
13:29:28,15.24,-0.02,115,175450,卖盘
13:29:34,15.26,0.02,499,760537,买盘
13:29:36,15.25,-0.01,86,131132,中性盘
13:29:39,15.25,0.0,225,343092,买盘
13:29:42,15.24,-0.01,278,423681,卖盘
13:29:46,15.24,0.0,322,490825,卖盘
13:29:49,15.24,0.0,52,79276,卖盘
13:29:52,15.25,0.01,63,96075,卖盘
13:29:54,15.24,-0.01,260,396358,卖盘
13:29:57,15.25,0.01,256,390090,买盘
13:30:01,15.25,0.0,71,108242,买盘
13:30:04,15.25,0.0,336,512325,买盘
13:30:07,15.23,-0.02,277,421909,卖盘
13:30:10,15.25,0.02,281,428095,买盘
13:30:12,15.25,0.0,143,217992,买盘
13:30:15,15.24,-0.01,220,335295,卖盘
13:30:19,15.27,0.03,2213,3377750,买盘
13:30:21,15.25,-0.02,1117,1705597,卖盘
13:30:24,15.26,0.01,224,341662,买盘
13:30:27,15.22,-0.04,527,803262,卖盘
13:30:30,15.25,0.03,303,460749,买盘
13:30:34,15.23,-0.02,63,96011,卖盘
13:30:36,15.25,0.02,42,64043,买盘
13:30:39,15.23,-0.02,323,492126,卖盘
13:30:42,15.22,-0.01,232,353137,卖盘
13:30:45,15.22,0.0,213,324292,卖盘
13:30:48,15.23,0.01,55,83785,买盘
13:30:51,15.25,0.02,368,560483,买盘
13:30:54,15.22,-0.03,372,566387,卖盘
13:30:57,15.23,0.01,85,129421,买盘
13:31:00,15.23,0.0,527,802206,买盘
13:31:04,15.23,0.0,683,1039524,买盘
13:31:06,15.23,0.0,187,284839,买盘
13:31:09,15.23,0.0,6,9138,卖盘
13:31:12,15.23,0.0,323,491929,卖盘
13:31:15,15.23,0.0,248,377730,卖盘
13:31:18,15.24,0.01,711,1083275,买盘
13:31:21,15.23,-0.01,93,141639,卖盘
13:31:24,15.24,0.01,543,826900,买盘
13:31:27,15.23,-0.01,227,345343,卖盘
13:31:30,15.23,0.0,79,120285,买盘
13:31:34,15.21,-0.02,351,534223,卖盘
