time,price,change,volume,amount,type
09:25:04,15.1,-0.1,6829,10312122,卖盘
09:30:00,15.11,0.01,415,626890,买盘
09:30:04,15.13,0.02,2038,3079748,买盘
09:30:07,15.13,0.0,1089,1647177,卖盘
09:30:09,15.13,0.0,571,864364,卖盘
09:30:13,15.13,0.0,209,316307,卖盘
09:30:16,15.12,-0.01,384,581282,卖盘
09:30:19,15.13,0.01,200,302445,买盘
09:30:21,15.13,0.0,346,524412,卖盘
09:30:24,15.18,0.05,459,696227,买盘
09:30:28,15.13,-0.05,1036,1571404,卖盘
09:30:31,15.18,0.05,221,335951,买盘
09:30:34,15.17,-0.01,402,609405,买盘
09:30:37,15.19,0.02,985,1497394,卖盘
09:30:39,15.19,0.0,240,364748,中性盘
09:30:43,15.2,0.01,255,387249,买盘
09:30:46,15.2,0.0,286,434936,卖盘
09:30:49,15.2,0.0,291,442184,卖盘
09:30:52,15.2,0.0,333,506555,卖盘
09:30:54,15.2,0.0,763,1160350,买盘
09:30:58,15.21,0.01,377,573722,买盘
09:31:01,15.13,-0.08,458,696113,卖盘
09:31:04,15.21,0.08,580,880625,买盘
09:31:07,15.21,0.0,128,194695,买盘
09:31:10,15.22,0.01,219,332874,买盘
09:31:12,15.2,-0.02,143,217278,买盘
09:31:16,15.2,0.0,588,891064,买盘
09:31:18,15.2,0.0,253,384566,买盘
09:31:22,15.16,-0.04,623,947816,卖盘
09:31:24,15.19,0.03,404,612348,中性盘
09:31:27,15.16,-0.03,550,835763,中性盘
09:31:30,15.2,0.04,324,492092,买盘
09:31:33,15.2,0.0,89,136168,买盘
09:31:36,15.19,-0.01,199,302323,中性盘
09:31:40,15.2,0.01,363,550621,买盘
09:31:42,15.19,-0.01,309,469611,卖盘
09:31:45,15.2,0.01,580,881245,买盘
09:31:49,15.19,-0.01,348,528958,中性盘
09:31:52,15.19,0.0,1708,2595841,卖盘
09:31:55,15.18,-0.01,411,624350,卖盘
09:31:58,15.18,0.0,163,247492,买盘
09:32:00,15.19,0.01,911,1383592,买盘
09:32:04,15.18,-0.01,580,880413,买盘
09:32:07,15.18,0.0,312,473962,卖盘
09:32:10,15.18,0.0,851,1293370,卖盘
09:32:13,15.23,0.05,5692,8657793,买盘
09:32:16,15.25,0.02,2358,3595574,买盘
09:32:19,15.24,-0.01,751,1145939,卖盘
09:32:21,15.28,0.04,893,1363616,买盘
09:32:24,15.28,0.0,2505,3828368,买盘
09:32:28,15.32,0.04,4683,7175084,买盘
09:32:30,15.36,0.04,1133,1738112,买盘
09:32:34,15.32,-0.04,454,697160,卖盘
09:32:37,15.32,0.0,309,474089,卖盘
09:32:40,15.34,0.02,1930,2959495,中性盘
09:32:42,15.32,-0.02,1193,1829220,卖盘
09:32:45,15.34,0.02,494,758033,买盘
09:32:49,15.33,-0.01,359,550123,中性盘
09:32:51,15.33,0.0,242,370893,买盘
09:32:55,15.3,-0.03,617,943401,卖盘
09:32:57,15.3,0.0,267,408498,买盘
09:33:01,15.32,0.02,514,785375,买盘
09:33:05,15.3,-0.02,457,699596,卖盘
09:33:06,15.3,0.0,484,740586,卖盘
09:33:09,15.32,0.02,915,1400572,买盘
09:33:12,15.29,-0.03,103,157580,卖盘
09:33:15,15.3,0.01,472,721406,买盘
09:33:18,15.3,0.0,2217,3391878,买盘
09:33:21,15.26,-0.04,358,547169,卖盘
09:33:24,15.3,0.04,77,117783,买盘
09:33:27,15.29,-0.01,776,1186312,卖盘
09:33:30,15.3,0.01,398,608267,买盘
09:33:34,15.27,-0.03,295,450961,卖盘
09:33:36,15.29,0.02,245,374563,买盘
09:33:39,15.29,0.0,254,388469,卖盘
09:33:43,15.29,0.0,739,1129927,卖盘
09:33:46,15.29,0.0,168,256785,买盘
09:33:48,15.28,-0.01,226,345498,卖盘
09:33:52,15.28,0.0,200,305727,卖盘
09:33:54,15.28,0.0,698,1065547,买盘
09:33:58,15.28,0.0,706,1077645,卖盘
09:34:00,15.28,0.0,431,658763,卖盘
09:34:04,15.28,0.0,519,792824,买盘
09:34:06,15.26,-0.02,68,103857,中性盘
09:34:10,15.26,0.0,17,25951,卖盘
09:34:12,15.26,0.0,133,202983,卖盘
09:34:16,15.25,-0.01,235,359858,卖盘
09:34:18,15.27,0.02,244,372373,买盘
09:34:22,15.26,-0.01,71,108352,中性盘
09:34:24,15.27,0.01,437,667255,买盘
09:34:28,15.27,0.0,474,723833,买盘
09:34:30,15.27,0.0,112,171095,卖盘
09:34:33,15.29,0.02,332,507190,买盘
09:34:36,15.29,0.0,394,602324,买盘
09:34:39,15.28,-0.01,118,180406,中性盘
09:34:43,15.29,0.01,139,212551,买盘
09:34:46,15.3,0.01,214,327265,买盘
09:34:49,15.3,0.0,124,189710,买盘
09:34:51,15.3,0.0,1423,2177130,买盘
09:34:55,15.3,0.0,405,619632,买盘
09:34:58,15.3,0.0,127,194240,卖盘
09:35:01,15.3,0.0,291,445449,卖盘
09:35:05,15.3,0.0,425,650456,卖盘
09:35:07,15.3,0.0,348,532666,卖盘
09:35:09,15.29,-0.01,563,861402,卖盘
09:35:12,15.3,0.01,213,325890,买盘
09:35:15,15.31,0.01,705,1078858,买盘
09:35:18,15.29,-0.02,562,859648,卖盘
09:35:21,15.29,0.0,310,473987,买盘
09:35:24,15.32,0.03,2921,4465770,买盘
09:35:27,15.29,-0.03,113,172753,中性盘
09:35:30,15.31,0.02,45,68872,买盘
09:35:33,15.3,-0.01,470,719214,中性盘
09:35:37,15.3,0.0,94,143790,买盘
09:35:39,15.3,0.0,188,287583,买盘
09:35:42,15.3,0.0,918,1404222,买盘
09:35:45,15.3,0.0,564,862730,买盘
09:35:48,15.29,-0.01,125,190052,卖盘
09:35:52,15.3,0.01,160,244681,买盘
09:35:55,15.29,-0.01,487,745809,卖盘
09:35:58,15.28,-0.01,139,211688,卖盘
09:36:01,15.28,0.0,58,88661,卖盘
09:36:04,15.29,0.01,300,458593,买盘
09:36:07,15.28,-0.01,380,580845,卖盘
09:36:10,15.28,0.0,295,450811,卖盘
09:36:12,15.29,0.01,241,368387,买盘
09:36:15,15.29,0.0,643,983156,买盘
09:36:19,15.29,0.0,423,646503,卖盘
09:36:22,15.29,0.0,623,952117,买盘
09:36:25,15.29,0.0,142,217100,买盘
09:36:27,15.29,0.0,1090,1663923,买盘
09:36:31,15.28,-0.01,314,479941,卖盘
09:36:34,15.29,0.01,561,857720,买盘
09:36:37,15.28,-0.01,1184,1805532,卖盘
09:36:39,15.29,0.01,166,253659,买盘
09:36:43,15.29,0.0,435,664820,买盘
09:36:45,15.28,-0.01,301,460006,卖盘
09:36:49,15.28,0.0,270,412726,买盘
09:36:51,15.28,0.0,110,168127,买盘
09:36:55,15.28,0.0,292,446181,买盘
09:36:57,15.28,0.0,139,212426,买盘
09:37:01,15.28,0.0,124,189377,买盘
09:37:04,15.27,-0.01,31,47366,中性盘
09:37:06,15.28,0.01,337,514433,买盘
09:37:10,15.27,-0.01,713,1087671,卖盘
09:37:13,15.25,-0.02,61,93133,卖盘
09:37:15,15.27,0.02,55,83924,买盘
09:37:18,15.27,0.0,95,144988,买盘
09:37:21,15.27,0.0,171,261023,买盘
09:37:25,15.28,0.01,170,259688,买盘
09:37:28,15.27,-0.01,269,410660,卖盘
09:37:31,15.27,0.0,109,166430,卖盘
09:37:34,15.27,0.0,72,109926,买盘
09:37:36,15.26,-0.01,27,41207,中性盘
09:37:39,15.27,0.01,526,803139,买盘
09:37:42,15.28,0.01,78,119129,买盘
09:37:46,15.27,-0.01,215,328489,卖盘
09:37:48,15.27,0.0,456,696708,卖盘
09:37:52,15.27,0.0,156,238295,卖盘
09:37:54,15.28,0.01,161,245950,买盘
09:37:58,15.28,0.0,1065,1626583,买盘
09:38:01,15.28,0.0,50,76371,买盘
09:38:05,15.28,0.0,93,142096,买盘
09:38:07,15.28,0.0,192,293265,买盘
09:38:09,15.27,-0.01,313,478245,卖盘
09:38:12,15.27,0.0,364,555969,卖盘
09:38:15,15.27,0.0,377,575739,卖盘
09:38:18,15.28,0.01,377,576003,买盘
09:38:22,15.27,-0.01,126,192338,卖盘
09:38:24,15.27,0.0,121,184861,中性盘
09:38:27,15.27,0.0,560,855578,买盘
09:38:30,15.28,0.01,347,530529,买盘
09:38:33,15.28,0.0,37,56950,卖盘
09:38:37,15.29,0.01,831,1270507,买盘
09:38:40,15.3,0.01,544,831770,买盘
09:38:43,15.29,-0.01,367,561343,卖盘
09:38:46,15.3,0.01,754,1153172,买盘
09:38:48,15.29,-0.01,2833,4332298,卖盘
09:38:52,15.3,0.01,340,520291,买盘
09:38:54,15.29,-0.01,131,200434,卖盘
09:38:57,15.31,0.02,768,1175773,买盘
09:39:00,15.29,-0.02,397,606623,卖盘
09:39:05,15.29,0.0,99,151371,买盘
09:39:07,15.3,0.01,563,861232,买盘
09:39:10,15.3,0.0,208,318141,买盘
09:39:12,15.3,0.0,201,307691,卖盘
09:39:16,15.3,0.0,117,179014,卖盘
09:39:19,15.31,0.01,247,378253,买盘
09:39:21,15.31,0.0,142,217303,买盘
09:39:24,15.3,-0.01,162,247904,卖盘
09:39:28,15.31,0.01,427,653472,买盘
09:39:30,15.31,0.0,302,462183,买盘
09:39:34,15.3,-0.01,72,109394,卖盘
09:39:36,15.31,0.01,252,385562,买盘
09:39:40,15.3,-0.01,161,246369,卖盘
09:39:42,15.3,0.0,170,260547,卖盘
09:39:45,15.31,0.01,178,272463,买盘
09:39:49,15.3,-0.01,40,61508,卖盘
09:39:51,15.3,0.0,224,342758,卖盘
09:39:55,15.31,0.01,361,552610,买盘
09:39:57,15.3,-0.01,589,900128,卖盘
09:40:01,15.3,0.0,80,122426,卖盘
09:40:04,15.3,0.0,609,931951,卖盘
09:40:06,15.3,0.0,673,1030255,卖盘
09:40:09,15.3,0.0,343,524589,买盘
09:40:13,15.3,0.0,438,669989,买盘
09:40:16,15.3,0.0,2718,4158470,买盘
09:40:18,15.29,-0.01,331,506564,卖盘
09:40:21,15.29,0.0,211,322713,买盘
09:40:24,15.29,0.0,195,298203,卖盘
09:40:28,15.29,0.0,361,552044,卖盘
09:40:31,15.3,0.01,199,304414,买盘
09:40:34,15.29,-0.01,487,744683,卖盘
09:40:37,15.3,0.01,271,413779,买盘
09:40:40,15.29,-0.01,513,785314,卖盘
09:40:43,15.3,0.01,245,374758,买盘
09:40:45,15.29,-0.01,128,195738,买盘
09:40:49,15.28,-0.01,46,70333,卖盘
09:40:51,15.28,0.0,597,912323,卖盘
09:40:55,15.29,0.01,416,635662,买盘
09:40:58,15.28,-0.01,477,728159,卖盘
09:41:01,15.28,0.0,5,7640,买盘
09:41:05,15.28,0.0,154,235308,买盘
09:41:07,15.28,0.0,830,1268488,买盘
09:41:10,15.26,-0.02,296,451625,卖盘
09:41:13,15.27,0.01,5,7635,买盘
09:41:16,15.27,0.0,63,96201,买盘
09:41:18,15.26,-0.01,435,663840,卖盘
09:41:21,15.26,0.0,8,12208,中性盘
09:41:25,15.27,0.01,247,377052,买盘
09:41:27,15.27,0.0,174,265554,买盘
09:41:30,15.26,-0.01,353,538856,卖盘
09:41:33,15.28,0.02,836,1277545,买盘
09:41:37,15.28,0.0,449,686188,买盘
09:41:39,15.28,0.0,362,553186,卖盘
09:41:42,15.29,0.01,174,265988,买盘
09:41:46,15.28,-0.01,460,703233,卖盘
09:41:48,15.29,0.01,410,626412,买盘
09:41:52,15.3,0.01,546,835135,买盘
09:41:54,15.3,0.0,551,842961,买盘
09:41:58,15.3,0.0,915,1399770,买盘
09:42:00,15.29,-0.01,468,715797,卖盘
09:42:05,15.3,0.01,269,410683,买盘
09:42:07,15.29,-0.01,85,129993,卖盘
09:42:09,15.3,0.01,97,148377,买盘
09:42:12,15.3,0.0,129,197317,买盘
09:42:15,15.29,-0.01,75,114714,卖盘
09:42:19,15.3,0.01,1590,2432560,买盘
09:42:21,15.29,-0.01,1124,1719661,卖盘
09:42:25,15.31,0.02,235,359569,买盘
09:42:27,15.31,0.0,64,97924,买盘
09:42:31,15.31,0.0,193,295481,买盘
09:42:34,15.31,0.0,244,373374,买盘
09:42:36,15.3,-0.01,156,238775,卖盘
09:42:39,15.3,0.0,213,325939,卖盘
09:42:43,15.3,0.0,193,295238,买盘
09:42:45,15.3,0.0,263,402389,买盘
09:42:49,15.3,0.0,92,140760,买盘
09:42:52,15.3,0.0,191,293372,买盘
09:42:55,15.29,-0.01,394,602807,卖盘
09:42:57,15.3,0.01,722,1104033,买盘
09:43:01,15.3,0.0,206,315173,买盘
09:43:04,15.3,0.0,459,701958,买盘
09:43:07,15.3,0.0,113,172874,买盘
09:43:10,15.29,-0.01,101,154459,卖盘
09:43:12,15.3,0.01,89,136093,买盘
09:43:16,15.3,0.0,329,503366,买盘
09:43:19,15.3,0.0,114,174369,买盘
09:43:21,15.3,0.0,352,538300,买盘
09:43:25,15.3,0.0,186,283399,买盘
09:43:27,15.29,-0.01,3837,5871258,卖盘
09:43:31,15.29,0.0,1136,1736115,买盘
09:43:33,15.3,0.01,182,278458,买盘
09:43:37,15.31,0.01,617,943866,买盘
09:43:39,15.3,-0.01,270,412974,中性盘
09:43:43,15.3,0.0,284,434601,买盘
09:43:45,15.3,0.0,127,194324,卖盘
09:43:49,15.31,0.01,739,1130734,买盘
09:43:51,15.31,0.0,240,367322,买盘
09:43:54,15.3,-0.01,73,111714,卖盘
09:43:58,15.31,0.01,212,324461,买盘
09:44:01,15.31,0.0,596,912024,买盘
09:44:05,15.31,0.0,164,251062,买盘
09:44:07,15.31,0.0,136,208119,买盘
09:44:10,15.31,0.0,60,91937,买盘
09:44:12,15.31,0.0,193,295408,买盘
09:44:15,15.31,0.0,134,205117,买盘
09:44:18,15.3,-0.01,407,622844,卖盘
09:44:21,15.3,0.0,751,1148924,卖盘
09:44:24,15.3,0.0,300,458971,买盘
09:44:27,15.3,0.0,145,221810,买盘
09:44:30,15.3,0.0,47,71910,买盘
09:44:33,15.3,0.0,428,654873,买盘
09:44:36,15.3,0.0,324,495747,卖盘
09:44:39,15.3,0.0,102,156060,卖盘
09:44:42,15.3,0.0,271,414630,卖盘
09:44:45,15.3,0.0,703,1075830,卖盘
09:44:48,15.3,0.0,183,279990,买盘
09:44:51,15.3,0.0,107,163703,买盘
09:44:54,15.3,0.0,272,415952,买盘
09:44:58,15.3,0.0,116,177414,买盘
09:45:00,15.29,-0.01,147,224816,卖盘
09:45:04,15.29,0.0,585,894796,卖盘
09:45:07,15.3,0.01,2299,3517841,买盘
09:45:10,15.3,0.0,553,846519,卖盘
09:45:13,15.31,0.01,1854,2838568,买盘
09:45:16,15.31,0.0,2476,3790935,卖盘
09:45:18,15.33,0.02,288,441484,买盘
09:45:21,15.32,-0.01,188,288018,卖盘
09:45:24,15.33,0.01,366,561059,买盘
09:45:28,15.32,-0.01,366,561066,卖盘
09:45:30,15.34,0.02,136,208754,买盘
09:45:33,15.34,0.0,231,354314,买盘
09:45:36,15.31,-0.03,1706,2615518,卖盘
09:45:40,15.34,0.03,269,412624,买盘
09:45:43,15.34,0.0,178,273006,买盘
09:45:45,15.34,0.0,356,546369,卖盘
09:45:49,15.34,0.0,119,182548,买盘
09:45:51,15.34,0.0,367,563034,卖盘
09:45:55,15.35,0.01,617,946983,买盘
09:45:58,15.34,-0.01,241,369773,买盘
09:46:00,15.34,0.0,173,265429,卖盘
09:46:05,15.34,0.0,260,398857,卖盘
09:46:07,15.35,0.01,159,243980,买盘
09:46:09,15.34,-0.01,687,1054013,中性盘
09:46:13,15.34,0.0,87,133458,买盘
09:46:15,15.34,0.0,464,711835,买盘
09:46:18,15.34,0.0,301,461904,卖盘
09:46:21,15.35,0.01,793,1216650,买盘
09:46:25,15.34,-0.01,603,925385,卖盘
09:46:27,15.35,0.01,140,214849,买盘
09:46:30,15.35,0.0,254,390709,买盘
09:46:34,15.35,0.0,449,689129,买盘
09:46:36,15.34,-0.01,71,108984,卖盘
09:46:39,15.35,0.01,436,669129,买盘
09:46:42,15.35,0.0,675,1035835,买盘
09:46:45,15.36,0.01,325,498874,买盘
09:46:48,15.36,0.0,78,119748,买盘
09:46:52,15.35,-0.01,559,858396,卖盘
09:46:54,15.35,0.0,430,659034,买盘
09:46:58,15.36,0.01,577,886897,买盘
09:47:00,15.36,0.0,146,224092,买盘
09:47:05,15.35,-0.01,150,230255,卖盘
09:47:07,15.35,0.0,250,383727,买盘
09:47:10,15.35,0.0,168,257857,买盘
09:47:12,15.35,0.0,210,322361,卖盘
09:47:15,15.35,0.0,1237,1897906,买盘
09:47:18,15.34,-0.01,198,303810,卖盘
09:47:21,15.34,0.0,257,394443,买盘
09:47:24,15.35,0.01,59,90483,买盘
09:47:27,15.34,-0.01,84,128856,中性盘
09:47:31,15.34,0.0,100,153405,买盘
09:47:34,15.34,0.0,120,184079,卖盘
09:47:37,15.33,-0.01,239,366071,卖盘
09:47:39,15.34,0.01,169,259227,买盘
09:47:42,15.34,0.0,172,263738,买盘
09:47:46,15.34,0.0,210,322074,买盘
09:47:48,15.34,0.0,38,58284,买盘
09:47:52,15.34,0.0,327,501363,买盘
09:47:54,15.34,0.0,167,256160,买盘
09:47:57,15.34,0.0,153,234576,买盘
09:48:00,15.34,0.0,257,394190,买盘
09:48:05,15.33,-0.01,337,516158,卖盘
09:48:07,15.34,0.01,162,248508,买盘
09:48:10,15.34,0.0,267,409523,买盘
09:48:12,15.33,-0.01,811,1243969,卖盘
09:48:15,15.34,0.01,10,15338,中性盘
09:48:19,15.33,-0.01,199,305113,卖盘
09:48:21,15.34,0.01,139,213129,买盘
09:48:24,15.34,0.0,225,345148,买盘
09:48:28,15.33,-0.01,265,406339,卖盘
09:48:30,15.32,-0.01,1906,2920546,卖盘
09:48:33,15.31,-0.01,63,96484,卖盘
09:48:36,15.32,0.01,218,333976,买盘
09:48:39,15.31,-0.01,254,389066,卖盘
09:48:42,15.32,0.01,383,586886,买盘
09:48:45,15.33,0.01,336,514644,买盘
09:48:48,15.32,-0.01,48,73530,中性盘
09:48:52,15.32,0.0,7,10726,卖盘
09:48:55,15.33,0.01,437,669602,买盘
09:48:57,15.33,0.0,94,144084,买盘
09:49:00,15.33,0.0,138,211550,买盘
09:49:04,15.32,-0.01,24,36791,卖盘
09:49:06,15.33,0.01,50,76650,买盘
09:49:10,15.32,-0.01,240,367815,卖盘
09:49:12,15.33,0.01,235,360087,买盘
09:49:16,15.33,0.0,136,208540,买盘
09:49:18,15.32,-0.01,256,392400,卖盘
09:49:21,15.33,0.01,15,22985,中性盘
09:49:24,15.34,0.01,47,72030,买盘
09:49:27,15.33,-0.01,134,205422,卖盘
09:49:30,15.33,0.0,332,508788,卖盘
09:49:33,15.33,0.0,195,298999,卖盘
09:49:37,15.33,0.0,24,36801,卖盘
09:49:39,15.34,0.01,20,31414,买盘
09:49:42,15.33,-0.01,71,108902,卖盘
09:49:45,15.33,0.0,89,136467,卖盘
09:49:49,15.34,0.01,348,533604,买盘
09:49:51,15.33,-0.01,9,13891,卖盘
09:49:55,15.34,0.01,235,360438,买盘
09:49:57,15.34,0.0,201,308145,买盘
09:50:00,15.34,0.0,603,924992,买盘
09:50:04,15.33,-0.01,571,874083,卖盘
09:50:07,15.34,0.01,131,200892,买盘
09:50:09,15.34,0.0,67,102756,买盘
09:50:12,15.34,0.0,20,30678,买盘
09:50:15,15.34,0.0,443,679559,买盘
09:50:18,15.34,0.0,484,742456,买盘
09:50:21,15.34,0.0,313,480113,买盘
09:50:24,15.35,0.01,107,164177,买盘
09:50:27,15.34,-0.01,61,93576,卖盘
09:50:31,15.35,0.01,45,70419,买盘
09:50:34,15.34,-0.01,681,1043283,卖盘
09:50:36,15.34,0.0,245,375830,买盘
09:50:40,15.33,-0.01,811,1243263,卖盘
09:50:42,15.34,0.01,79,121128,买盘
09:50:45,15.34,0.0,90,138043,买盘
09:50:49,15.33,-0.01,284,435474,卖盘
09:50:51,15.33,0.0,84,128772,卖盘
09:50:55,15.33,0.0,167,256117,卖盘
09:50:58,15.34,0.01,267,409556,买盘
09:51:01,15.33,-0.01,171,263433,卖盘
09:51:05,15.33,0.0,202,309828,卖盘
09:51:07,15.33,0.0,53,81269,卖盘
09:51:10,15.33,0.0,81,124214,卖盘
09:51:13,15.33,0.0,122,185839,卖盘
09:51:15,15.33,0.0,575,881603,卖盘
09:51:18,15.33,0.0,748,1147118,卖盘
09:51:21,15.33,0.0,768,1177490,卖盘
09:51:24,15.33,0.0,407,624225,卖盘
09:51:27,15.33,0.0,326,499758,卖盘
09:51:30,15.33,0.0,108,165273,卖盘
09:51:34,15.34,0.01,285,436880,买盘
09:51:36,15.33,-0.01,71,108853,中性盘
09:51:39,15.33,0.0,135,206928,买盘
09:51:42,15.33,0.0,184,282008,买盘
09:51:45,15.33,0.0,138,211529,买盘
09:51:49,15.33,0.0,40,61303,买盘
09:51:52,15.32,-0.01,89,136348,卖盘
09:51:54,15.32,0.0,254,389297,卖盘
09:51:58,15.33,0.01,395,605509,买盘
09:52:00,15.33,0.0,11,16858,买盘
09:52:04,15.33,0.0,48,73574,买盘
09:52:07,15.32,-0.01,116,177819,卖盘
09:52:10,15.33,0.01,54,82745,买盘
09:52:13,15.32,-0.01,378,579253,卖盘
09:52:15,15.32,0.0,295,452129,卖盘
09:52:19,15.32,0.0,202,309480,卖盘
09:52:22,15.32,0.0,319,489060,卖盘
09:52:24,15.32,0.0,175,268203,卖盘
09:52:28,15.32,0.0,60,91978,卖盘
09:52:31,15.32,0.0,124,189970,卖盘
09:52:33,15.33,0.01,1099,1683755,买盘
09:52:37,15.33,0.0,196,300381,买盘
09:52:39,15.32,-0.01,171,261983,卖盘
09:52:43,15.31,-0.01,1227,1878794,卖盘
09:52:46,15.32,0.01,225,344703,买盘
09:52:48,15.33,0.01,92,140959,买盘
09:52:52,15.31,-0.02,48,73524,卖盘
09:52:54,15.32,0.01,76,116455,买盘
09:52:57,15.33,0.01,289,442495,买盘
09:53:00,15.33,0.0,229,350746,买盘
09:53:04,15.31,-0.02,34,52896,卖盘
09:53:07,15.32,0.01,121,185366,买盘
09:53:10,15.32,0.0,78,119464,买盘
09:53:13,15.31,-0.01,24,36748,卖盘
09:53:15,15.31,0.0,253,387251,卖盘
09:53:18,15.31,0.0,38,58199,卖盘
09:53:22,15.33,0.02,376,576135,买盘
09:53:25,15.31,-0.02,695,1063295,卖盘
09:53:27,15.3,-0.01,9,13775,卖盘
09:53:30,15.31,0.01,702,1074618,买盘
09:53:33,15.31,0.0,235,359888,买盘
09:53:36,15.31,0.0,108,165419,卖盘
09:53:39,15.31,0.0,2,3062,卖盘
09:53:42,15.33,0.02,48,73576,买盘
09:53:46,15.31,-0.02,366,560764,卖盘
09:53:48,15.31,0.0,16,24496,买盘
09:53:52,15.3,-0.01,147,224958,卖盘
09:53:54,15.32,0.02,65,99567,买盘
09:53:58,15.32,0.0,9,13780,买盘
09:54:00,15.31,-0.01,18,27563,卖盘
09:54:04,15.32,0.01,83,127083,买盘
09:54:07,15.32,0.0,304,465491,买盘
09:54:10,15.32,0.0,160,244968,买盘
09:54:12,15.32,0.0,175,267956,买盘
09:54:16,15.32,0.0,188,287991,买盘
09:54:18,15.32,0.0,232,355401,买盘
09:54:22,15.32,0.0,348,533276,卖盘
09:54:25,15.33,0.01,1107,1694553,买盘
09:54:28,15.32,-0.01,1217,1862378,买盘
09:54:30,15.32,0.0,283,433056,买盘
09:54:34,15.3,-0.02,117,179200,卖盘
09:54:37,15.32,0.02,17,26044,买盘
09:54:39,15.32,0.0,62,94984,买盘
09:54:43,15.3,-0.02,212,324372,卖盘
09:54:46,15.29,-0.01,333,509369,卖盘
09:54:49,15.31,0.02,558,854773,买盘
09:54:51,15.31,0.0,82,125189,买盘
09:54:54,15.3,-0.01,43,65791,卖盘
09:54:57,15.31,0.01,3,4593,买盘
09:55:01,15.31,0.0,135,206619,买盘
09:55:04,15.3,-0.01,340,520571,卖盘
09:55:07,15.3,0.0,34,52036,卖盘
09:55:09,15.3,0.0,144,221046,卖盘
09:55:12,15.32,0.02,55,84261,买盘
09:55:16,15.3,-0.02,219,334817,卖盘
09:55:18,15.3,0.0,51,78084,买盘
09:55:22,15.31,0.01,133,203615,买盘
09:55:25,15.31,0.0,87,133237,卖盘
09:55:28,15.31,0.0,15,22965,卖盘
09:55:30,15.32,0.01,136,208306,买盘
09:55:33,15.32,0.0,683,1045025,买盘
09:55:36,15.32,0.0,92,140963,卖盘
09:55:40,15.32,0.0,28,42896,卖盘
09:55:43,15.32,0.0,25,39528,卖盘
09:55:46,15.32,0.0,68,104176,买盘
09:55:48,15.31,-0.01,70,107220,卖盘
09:55:51,15.31,0.0,13,19500,卖盘
09:55:54,15.32,0.01,1,1532,买盘
09:55:58,15.31,-0.01,240,367517,卖盘
09:56:01,15.31,0.0,98,149742,卖盘
09:56:04,15.31,0.0,17,26040,卖盘
09:56:07,15.31,0.0,77,117954,卖盘
09:56:09,15.31,0.0,81,124012,卖盘
09:56:12,15.32,0.01,66,101084,买盘
09:56:15,15.32,0.0,28,42886,买盘
09:56:18,15.31,-0.01,184,281879,卖盘
09:56:22,15.32,0.01,957,1466730,买盘
09:56:28,15.32,0.0,3,4596,卖盘
09:56:31,15.32,0.0,62,95036,卖盘
09:56:33,15.33,0.01,776,1189598,买盘
09:56:36,15.32,-0.01,654,1001950,卖盘
09:56:39,15.33,0.01,77,118038,买盘
09:56:42,15.33,0.0,78,119560,卖盘
09:56:45,15.33,0.0,79,121091,卖盘
09:56:48,15.31,-0.02,1037,1588190,卖盘
09:56:51,15.31,0.0,68,104243,卖盘
09:56:54,15.32,0.01,1232,1886414,买盘
09:56:58,15.32,0.0,33,50556,买盘
09:57:00,15.32,0.0,25,38300,买盘
09:57:04,15.32,0.0,227,347764,买盘
09:57:07,15.32,0.0,133,203741,买盘
09:57:09,15.32,0.0,288,441076,买盘
09:57:12,15.31,-0.01,90,137878,卖盘
09:57:15,15.31,0.0,299,456893,卖盘
09:57:18,15.31,0.0,112,171494,卖盘
09:57:21,15.31,0.0,490,750516,卖盘
09:57:24,15.32,0.01,230,352220,中性盘
09:57:27,15.32,0.0,73,111839,卖盘
09:57:30,15.32,0.0,83,127156,卖盘
09:57:33,15.33,0.01,97,148606,买盘
09:57:37,15.32,-0.01,87,133326,卖盘
09:57:39,15.33,0.01,30,45963,买盘
09:57:43,15.32,-0.01,16,25291,中性盘
09:57:45,15.33,0.01,49,75076,买盘
09:57:48,15.33,0.0,95,145628,买盘
09:57:51,15.32,-0.01,44,67438,卖盘
09:57:54,15.32,0.0,50,76601,卖盘
09:57:57,15.32,0.0,104,159705,卖盘
09:58:01,15.32,0.0,37,56686,卖盘
09:58:04,15.33,0.01,13,19922,买盘
09:58:07,15.32,-0.01,338,517836,卖盘
09:58:10,15.33,0.01,530,811881,买盘
09:58:13,15.32,-0.01,63,96521,卖盘
09:58:15,15.33,0.01,133,203907,买盘
09:58:18,15.32,-0.01,109,166731,卖盘
09:58:21,15.32,0.0,388,594416,买盘
09:58:24,15.32,0.0,85,130220,买盘
09:58:27,15.32,0.0,198,303349,买盘
09:58:30,15.32,0.0,166,254226,买盘
09:58:33,15.32,0.0,70,107240,卖盘
09:58:36,15.32,0.0,157,240526,卖盘
09:58:39,15.32,0.0,77,117965,卖盘
09:58:43,15.32,0.0,1107,1695964,卖盘
09:58:45,15.32,0.0,77,117984,卖盘
09:58:48,15.32,0.0,1153,1767449,卖盘
09:58:51,15.33,0.01,185,283458,买盘
09:58:54,15.32,-0.01,155,237504,卖盘
09:58:57,15.32,0.0,33,50556,卖盘
09:59:00,15.32,0.0,194,297209,卖盘
09:59:04,15.32,0.0,369,565036,买盘
09:59:07,15.32,0.0,41,62805,买盘
09:59:10,15.32,0.0,322,493054,买盘
09:59:12,15.31,-0.01,157,240460,卖盘
09:59:15,15.32,0.01,186,284188,买盘
09:59:18,15.31,-0.01,171,261812,卖盘
09:59:21,15.31,0.0,312,477972,卖盘
09:59:25,15.31,0.0,349,534590,卖盘
09:59:27,15.31,0.0,17,26471,卖盘
09:59:31,15.31,0.0,233,356935,卖盘
09:59:37,15.32,0.01,176,269494,买盘
09:59:39,15.31,-0.01,154,235777,卖盘
09:59:42,15.32,0.01,130,198787,买盘
09:59:45,15.3,-0.02,4866,7446543,卖盘
09:59:48,15.29,-0.01,316,483158,卖盘
09:59:51,15.3,0.01,20,30615,卖盘
09:59:54,15.3,0.0,72,109926,买盘
09:59:57,15.3,0.0,110,168294,买盘
10:00:00,15.3,0.0,202,309076,买盘
10:00:04,15.3,0.0,1167,1785510,卖盘
10:00:07,15.31,0.01,84,128521,买盘
10:00:09,15.3,-0.01,63,96438,卖盘
10:00:12,15.31,0.01,111,169832,买盘
10:00:15,15.31,0.0,15,22952,买盘
10:00:18,15.31,0.0,1194,1827992,买盘
10:00:21,15.31,0.0,117,179160,中性盘
10:00:24,15.31,0.0,2546,3900628,中性盘
10:00:27,15.31,0.0,299,457810,卖盘
10:00:30,15.33,0.02,59,90411,买盘
10:00:33,15.32,-0.01,148,226722,卖盘
10:00:36,15.32,0.0,261,399772,买盘
10:00:39,15.33,0.01,1334,2046095,买盘
10:00:42,15.34,0.01,85,130375,买盘
10:00:45,15.33,-0.01,96,147168,卖盘
10:00:49,15.34,0.01,107,164056,买盘
10:00:52,15.33,-0.01,305,467827,卖盘
10:00:54,15.33,0.0,213,326583,卖盘
10:00:57,15.33,0.0,332,509287,卖盘
10:01:01,15.34,0.01,190,291453,买盘
10:01:04,15.34,0.0,105,161056,买盘
10:01:07,15.34,0.0,119,182504,买盘
10:01:09,15.34,0.0,61,93239,买盘
10:01:12,15.35,0.01,2169,3326998,买盘
10:01:15,15.34,-0.01,88,135034,卖盘
10:01:19,15.35,0.01,1305,2003169,买盘
10:01:22,15.35,0.0,2385,3660940,买盘
10:01:24,15.36,0.01,916,1406917,买盘
10:01:27,15.35,-0.01,1877,2882824,卖盘
10:01:31,15.36,0.01,2280,3502108,买盘
10:01:33,15.36,0.0,152,233572,买盘
10:01:36,15.37,0.01,188,288792,买盘
10:01:40,15.35,-0.02,763,1171291,卖盘
10:01:42,15.36,0.01,456,700198,买盘
10:01:46,15.37,0.01,144,221192,买盘
10:01:48,15.37,0.0,203,311845,买盘
10:01:51,15.36,-0.01,157,241174,卖盘
10:01:54,15.37,0.01,447,686698,买盘
10:01:57,15.37,0.0,119,182852,买盘
10:02:00,15.36,-0.01,1640,2519420,卖盘
10:02:04,15.36,0.0,37,56832,买盘
10:02:06,15.36,0.0,974,1495218,买盘
10:02:09,15.36,0.0,199,305587,买盘
10:02:12,15.36,0.0,66,101327,买盘
10:02:15,15.35,-0.01,62,95207,卖盘
10:02:19,15.36,0.01,138,211176,买盘
10:02:22,15.35,-0.01,275,422334,卖盘
10:02:24,15.35,0.0,953,1463273,卖盘
10:02:27,15.36,0.01,67,102867,买盘
10:02:31,15.35,-0.01,122,187297,卖盘
10:02:34,15.36,0.01,174,268545,买盘
10:02:37,15.36,0.0,32,49130,买盘
10:02:39,15.36,0.0,298,457723,买盘
10:02:42,15.35,-0.01,227,348488,卖盘
10:02:45,15.35,0.0,996,1529808,卖盘
10:02:49,15.36,0.01,158,242670,买盘
10:02:51,15.36,0.0,105,161203,买盘
10:02:54,15.35,-0.01,423,649379,卖盘
10:02:58,15.36,0.01,22,33784,买盘
10:03:01,15.35,-0.01,223,342429,卖盘
10:03:05,15.36,0.01,53,81405,买盘
10:03:07,15.35,-0.01,87,133586,卖盘
10:03:10,15.36,0.01,148,227216,买盘
10:03:12,15.35,-0.01,263,403809,卖盘
10:03:15,15.36,0.01,524,804551,买盘
10:03:19,15.35,-0.01,307,471272,卖盘
10:03:22,15.35,0.0,167,256073,卖盘
10:03:24,15.35,0.0,383,587528,卖盘
10:03:28,15.35,0.0,140,214886,买盘
10:03:30,15.35,0.0,63,96673,买盘
10:03:33,15.34,-0.01,160,245570,卖盘
10:03:36,15.35,0.01,217,333045,买盘
10:03:39,15.35,0.0,127,194945,买盘
10:03:42,15.35,0.0,156,238757,买盘
10:03:45,15.34,-0.01,303,465595,卖盘
10:03:48,15.35,0.01,80,122800,买盘
10:03:52,15.35,0.0,21,32235,买盘
10:03:54,15.35,0.0,38,58328,买盘
10:03:58,15.35,0.0,39,59859,买盘
10:04:01,15.35,0.0,593,909804,买盘
10:04:04,15.35,0.0,18,27623,买盘
10:04:07,15.35,0.0,232,356090,买盘
10:04:09,15.34,-0.01,20,30687,卖盘
10:04:13,15.35,0.01,123,188737,买盘
10:04:15,15.35,0.0,179,274615,买盘
10:04:19,15.34,-0.01,37,56763,卖盘
10:04:22,15.34,0.0,377,578395,卖盘
10:04:24,15.34,0.0,321,493398,卖盘
10:04:28,15.35,0.01,283,434205,买盘
10:04:31,15.34,-0.01,92,141139,卖盘
10:04:34,15.34,0.0,195,299018,卖盘
10:04:36,15.34,0.0,379,581303,卖盘
10:04:39,15.33,-0.01,181,277668,卖盘
10:04:43,15.34,0.01,115,176410,买盘
10:04:45,15.33,-0.01,62,95097,卖盘
10:04:51,15.33,0.0,2,3066,卖盘
10:04:55,15.33,0.0,56,85887,卖盘
10:04:57,15.34,0.01,93,142602,买盘
10:05:01,15.34,0.0,85,130331,买盘
10:05:04,15.33,-0.01,1446,2217074,卖盘
10:05:06,15.33,0.0,304,466083,卖盘
10:05:09,15.32,-0.01,154,236075,卖盘
10:05:13,15.32,0.0,40,61292,卖盘
10:05:16,15.32,0.0,29,44452,卖盘
10:05:19,15.34,0.02,52,79743,买盘
10:05:21,15.32,-0.02,194,297314,卖盘
10:05:24,15.33,0.01,325,498438,买盘
10:05:28,15.33,0.0,50,76691,买盘
10:05:31,15.33,0.0,29,44457,卖盘
10:05:33,15.33,0.0,327,501404,卖盘
10:05:36,15.33,0.0,274,420042,卖盘
10:05:39,15.34,0.01,61,93559,买盘
10:05:43,15.33,-0.01,69,105777,卖盘
10:05:45,15.33,0.0,22,33731,卖盘
10:05:49,15.33,0.0,44,67452,卖盘
10:05:51,15.34,0.01,134,205511,买盘
10:05:55,15.32,-0.02,1928,2956262,卖盘
10:05:57,15.33,0.01,100,153300,买盘
10:06:00,15.32,-0.01,104,159371,卖盘
10:06:04,15.32,0.0,64,98048,卖盘
10:06:07,15.32,0.0,1023,1567239,卖盘
10:06:10,15.32,0.0,650,996005,卖盘
10:06:12,15.32,0.0,82,125688,卖盘
10:06:15,15.33,0.01,423,648082,买盘
10:06:19,15.32,-0.01,207,317124,卖盘
10:06:22,15.32,0.0,203,310614,卖盘
10:06:24,15.32,0.0,95,145246,买盘
10:06:28,15.32,0.0,430,658734,买盘
10:06:30,15.32,0.0,84,128632,买盘
10:06:33,15.31,-0.01,101,154922,卖盘
10:06:37,15.31,0.0,86,131382,买盘
10:06:39,15.31,0.0,33,50553,卖盘
10:06:43,15.32,0.01,435,666830,买盘
10:06:45,15.31,-0.01,377,577375,卖盘
10:06:49,15.31,0.0,5,7365,买盘
10:06:51,15.31,0.0,81,124011,卖盘
10:06:55,15.31,0.0,48,73488,卖盘
10:06:58,15.31,0.0,54,82969,卖盘
10:07:00,15.31,0.0,62,94892,买盘
10:07:04,15.31,0.0,84,128584,买盘
10:07:07,15.3,-0.01,53,81127,卖盘
10:07:09,15.31,0.01,502,768110,买盘
10:07:13,15.31,0.0,424,649120,买盘
10:07:16,15.3,-0.01,67,102510,卖盘
10:07:18,15.3,0.0,56,85726,卖盘
10:07:21,15.3,0.0,145,221914,卖盘
10:07:24,15.31,0.01,218,333483,买盘
10:07:28,15.31,0.0,324,496344,卖盘
10:07:31,15.31,0.0,204,312018,卖盘
10:07:34,15.31,0.0,65,99515,卖盘
10:07:36,15.31,0.0,257,393495,卖盘
10:07:39,15.32,0.01,33,50544,买盘
10:07:42,15.31,-0.01,314,481432,卖盘
10:07:45,15.31,0.0,66,101046,买盘
10:07:49,15.31,0.0,49,74412,买盘
10:07:52,15.31,0.0,164,251019,卖盘
10:07:54,15.32,0.01,61,93392,买盘
10:07:57,15.31,-0.01,23,35213,卖盘
10:08:01,15.31,0.0,89,136259,卖盘
10:08:05,15.32,0.01,58,89946,买盘
10:08:07,15.31,-0.01,4,6124,卖盘
10:08:10,15.31,0.0,27,41337,卖盘
10:08:13,15.31,0.0,296,452043,卖盘
10:08:15,15.31,0.0,214,327631,买盘
10:08:18,15.32,0.01,80,123591,买盘
10:08:22,15.31,-0.01,35,53599,卖盘
10:08:24,15.32,0.01,7,10724,买盘
10:08:27,15.32,0.0,302,462664,买盘
10:08:31,15.31,-0.01,81,124056,卖盘
10:08:33,15.32,0.01,58,88856,买盘
10:08:36,15.31,-0.01,56,85758,卖盘
10:08:39,15.32,0.01,229,350710,买盘
10:08:43,15.32,0.0,72,110289,买盘
10:08:45,15.31,-0.01,39,59745,卖盘
10:08:48,15.31,0.0,23,34499,卖盘
10:08:51,15.31,0.0,115,176069,卖盘
10:08:54,15.32,0.01,151,231213,买盘
10:08:57,15.31,-0.01,116,177673,卖盘
10:09:01,15.32,0.01,93,142440,买盘
10:09:05,15.31,-0.01,318,486474,卖盘
10:09:07,15.31,0.0,306,469782,买盘
10:09:10,15.31,0.0,80,122480,买盘
10:09:13,15.31,0.0,503,768960,买盘
10:09:16,15.31,0.0,278,425693,卖盘
10:09:19,15.31,0.0,95,145487,卖盘
10:09:22,15.31,0.0,139,212811,卖盘
10:09:24,15.31,0.0,64,98029,卖盘
10:09:28,15.31,0.0,421,644860,卖盘
10:09:31,15.31,0.0,14,21434,卖盘
10:09:33,15.31,0.0,375,574357,卖盘
10:09:37,15.32,0.01,238,364384,买盘
10:09:39,15.31,-0.01,27,41414,卖盘
10:09:42,15.31,0.0,8,12248,卖盘
10:09:46,15.32,0.01,25,38300,买盘
10:09:48,15.32,0.0,1,1532,买盘
10:09:52,15.31,-0.01,161,246491,卖盘
10:09:54,15.31,0.0,62,94735,卖盘
10:09:57,15.31,0.0,622,952282,卖盘
10:10:01,15.31,0.0,62,94947,卖盘
10:10:04,15.31,0.0,225,344587,卖盘
10:10:07,15.31,0.0,575,881599,卖盘
10:10:10,15.3,-0.01,40,60009,卖盘
10:10:12,15.31,0.01,35,53551,买盘
10:10:15,15.3,-0.01,52,79572,卖盘
10:10:18,15.31,0.01,28,42857,买盘
10:10:21,15.3,-0.01,5,7653,卖盘
10:10:24,15.31,0.01,507,776410,买盘
10:10:28,15.31,0.0,1260,1929657,买盘
10:10:30,15.31,0.0,321,491451,卖盘
10:10:33,15.32,0.01,92,141317,买盘
10:10:36,15.32,0.0,76,116427,买盘
10:10:39,15.31,-0.01,20,30620,卖盘
10:10:42,15.32,0.01,12,18384,买盘
10:10:45,15.32,0.0,19,29107,买盘
10:10:49,15.32,0.0,72,110299,买盘
10:10:52,15.31,-0.01,600,918600,卖盘
10:10:55,15.31,0.0,41,63172,卖盘
10:10:58,15.31,0.0,172,262965,卖盘
10:11:00,15.31,0.0,288,440838,买盘
10:11:04,15.31,0.0,184,281704,买盘
10:11:06,15.31,0.0,359,549629,买盘
10:11:09,15.31,0.0,40,61230,买盘
10:11:12,15.31,0.0,285,436702,买盘
10:11:15,15.3,-0.01,345,527609,卖盘
10:11:18,15.31,0.01,219,335656,买盘
10:11:22,15.31,0.0,110,168043,卖盘
10:11:24,15.31,0.0,247,378157,买盘
10:11:27,15.3,-0.01,368,563364,卖盘
10:11:30,15.31,0.01,497,761246,买盘
10:11:34,15.31,0.0,10,14943,卖盘
10:11:36,15.31,0.0,84,128971,买盘
10:11:40,15.31,0.0,9,13779,卖盘
10:11:43,15.31,0.0,285,435968,卖盘
10:11:46,15.31,0.0,35,53585,买盘
10:11:48,15.31,0.0,642,982904,买盘
10:11:51,15.31,0.0,35,53560,买盘
10:11:55,15.31,0.0,198,303492,买盘
10:11:57,15.31,0.0,52,79612,卖盘
10:12:01,15.31,0.0,185,282868,卖盘
10:12:05,15.31,0.0,342,523555,买盘
10:12:07,15.31,0.0,125,191742,买盘
10:12:10,15.31,0.0,116,177229,卖盘
10:12:12,15.31,0.0,47,71957,买盘
10:12:15,15.31,0.0,46,70422,买盘
10:12:18,15.3,-0.01,60,91800,卖盘
10:12:25,15.31,0.01,3108,4756702,买盘
10:12:28,15.31,0.0,449,687392,卖盘
10:12:31,15.31,0.0,311,475910,买盘
10:12:34,15.31,0.0,816,1248450,买盘
10:12:36,15.31,0.0,30,45930,买盘
10:12:39,15.3,-0.01,95,145398,卖盘
10:12:42,15.3,0.0,662,1012857,买盘
10:12:46,15.3,0.0,83,126985,买盘
10:12:49,15.3,0.0,1924,2943715,买盘
10:12:51,15.3,0.0,559,855219,买盘
10:12:55,15.3,0.0,18,27530,买盘
10:12:57,15.29,-0.01,202,309030,卖盘
10:13:00,15.29,0.0,46,70373,卖盘
10:13:05,15.3,0.01,616,942469,买盘
10:13:07,15.3,0.0,1548,2367955,买盘
10:13:09,15.29,-0.01,113,172878,卖盘
10:13:13,15.29,0.0,232,354904,卖盘
10:13:15,15.3,0.01,428,654836,买盘
10:13:19,15.3,0.0,25,38250,卖盘
10:13:21,15.31,0.01,403,616580,买盘
10:13:25,15.3,-0.01,8,12240,卖盘
10:13:27,15.31,0.01,491,751253,买盘
10:13:31,15.31,0.0,80,122470,买盘
10:13:33,15.31,0.0,95,145397,买盘
10:13:36,15.3,-0.01,104,159120,卖盘
10:13:40,15.3,0.0,26,39785,卖盘
10:13:42,15.3,0.0,348,532441,卖盘
10:13:46,15.3,0.0,51,78148,卖盘
10:13:49,15.31,0.01,3,4593,买盘
10:13:51,15.3,-0.01,71,108568,卖盘
10:13:54,15.3,0.0,526,804605,买盘
10:13:57,15.3,0.0,152,232659,卖盘
10:14:01,15.3,0.0,102,156060,卖盘
10:14:05,15.3,0.0,76,116341,卖盘
10:14:07,15.3,0.0,117,179097,卖盘
10:14:09,15.3,0.0,237,362716,卖盘
10:14:12,15.3,0.0,365,558450,卖盘
10:14:15,15.3,0.0,124,188343,卖盘
10:14:18,15.3,0.0,75,115117,卖盘
10:14:21,15.3,0.0,255,390150,卖盘
10:14:24,15.31,0.01,46,70309,买盘
10:14:27,15.31,0.0,375,575256,买盘
10:14:30,15.31,0.0,54,82673,买盘
10:14:33,15.3,-0.01,5,7650,买盘
10:14:36,15.3,0.0,27,41310,买盘
10:14:39,15.31,0.01,81,123964,买盘
10:14:42,15.3,-0.01,1,1530,卖盘
10:14:45,15.3,0.0,63,96390,卖盘
10:14:49,15.3,0.0,191,292211,卖盘
10:14:52,15.3,0.0,62,94897,卖盘
10:14:55,15.29,-0.01,832,1272327,卖盘
10:14:58,15.3,0.01,9,13770,买盘
10:15:00,15.3,0.0,36,55080,买盘
10:15:04,15.3,0.0,70,107100,买盘
10:15:07,15.3,0.0,114,174420,买盘
10:15:10,15.3,0.0,2,3060,买盘
10:15:12,15.3,0.0,42,64255,买盘
10:15:15,15.3,0.0,143,218662,买盘
10:15:18,15.3,0.0,16,24477,买盘
10:15:22,15.29,-0.01,31,47429,卖盘
10:15:24,15.3,0.01,44,67320,买盘
10:15:27,15.31,0.01,346,529545,买盘
10:15:30,15.29,-0.02,15,22938,卖盘
10:15:33,15.3,0.01,157,240150,卖盘
10:15:36,15.3,0.0,63,96390,买盘
10:15:39,15.29,-0.01,340,519874,卖盘
10:15:42,15.3,0.01,183,279859,买盘
10:15:45,15.3,0.0,113,172856,买盘
10:15:49,15.3,0.0,89,136170,买盘
10:15:52,15.29,-0.01,66,100928,卖盘
10:15:55,15.3,0.01,82,125460,买盘
10:15:57,15.29,-0.01,80,122383,卖盘
10:16:00,15.29,0.0,151,230993,卖盘
10:16:04,15.29,0.0,267,408243,卖盘
10:16:06,15.29,0.0,41,62689,卖盘
10:16:09,15.29,0.0,581,886901,卖盘
10:16:12,15.29,0.0,608,929632,买盘
10:16:15,15.29,0.0,610,932402,买盘
10:16:18,15.29,0.0,117,178951,卖盘
10:16:21,15.29,0.0,140,214151,卖盘
10:16:24,15.29,0.0,10,15290,卖盘
10:16:28,15.29,0.0,156,238665,卖盘
10:16:30,15.3,0.01,866,1324786,买盘
10:16:33,15.3,0.0,74,113220,卖盘
10:16:36,15.29,-0.01,918,1404177,卖盘
10:16:40,15.3,0.01,48,73441,中性盘
10:16:43,15.3,0.0,54,82620,买盘
10:16:46,15.29,-0.01,2,3058,卖盘
10:16:48,15.3,0.01,700,1071000,买盘
10:16:51,15.29,-0.01,42,64256,卖盘
10:16:55,15.29,0.0,283,432707,卖盘
10:16:57,15.29,0.0,28,42812,卖盘
10:17:00,15.29,0.0,33,50656,卖盘
10:17:05,15.3,0.01,54,82618,买盘
10:17:07,15.3,0.0,500,765000,买盘
10:17:10,15.29,-0.01,190,290692,卖盘
10:17:13,15.3,0.01,143,219096,买盘
10:17:15,15.3,0.0,80,122438,卖盘
10:17:18,15.3,0.0,61,93331,卖盘
10:17:21,15.3,0.0,77,117812,卖盘
10:17:24,15.3,0.0,120,183664,卖盘
10:17:27,15.3,0.0,86,131651,卖盘
10:17:30,15.3,0.0,343,525107,卖盘
10:17:33,15.3,0.0,31,47456,卖盘
10:17:37,15.31,0.01,241,368803,买盘
10:17:39,15.31,0.0,37,56620,买盘
10:17:43,15.31,0.0,9,13779,买盘
10:17:45,15.3,-0.01,1243,1901831,卖盘
10:17:48,15.3,0.0,54,82664,卖盘
10:17:52,15.3,0.0,1108,1695243,卖盘
10:17:55,15.31,0.01,92,140761,买盘
10:17:57,15.31,0.0,368,562995,买盘
10:18:01,15.31,0.0,23,35213,卖盘
10:18:04,15.31,0.0,23,35226,卖盘
10:18:07,15.31,0.0,41,62771,卖盘
10:18:09,15.31,0.0,365,559139,卖盘
10:18:12,15.32,0.01,83,127123,买盘
10:18:16,15.31,-0.01,10,15310,卖盘
10:18:19,15.31,0.0,55,84206,卖盘
10:18:21,15.31,0.0,336,514466,卖盘
10:18:25,15.32,0.01,172,263350,买盘
10:18:28,15.32,0.0,135,206940,买盘
10:18:30,15.32,0.0,453,693977,买盘
10:18:33,15.32,0.0,74,113368,买盘
10:18:36,15.32,0.0,504,772128,买盘
10:18:39,15.32,0.0,119,182783,买盘
10:18:42,15.33,0.01,51,78174,买盘
10:18:45,15.32,-0.01,104,159328,卖盘
10:18:48,15.33,0.01,99,151753,买盘
10:18:52,15.32,-0.01,22,33704,卖盘
10:18:55,15.33,0.01,265,406235,买盘
10:18:58,15.32,-0.01,33,50584,卖盘
10:19:01,15.33,0.01,27,41387,买盘
10:19:04,15.33,0.0,1007,1543431,买盘
10:19:06,15.33,0.0,135,206948,买盘
10:19:09,15.33,0.0,97,148697,卖盘
10:19:12,15.33,0.0,147,225351,买盘
10:19:15,15.33,0.0,131,200892,卖盘
10:19:18,15.33,0.0,115,176295,卖盘
10:19:21,15.33,0.0,174,266886,卖盘
10:19:25,15.33,0.0,29,44471,卖盘
10:19:27,15.34,0.01,138,211669,买盘
10:19:31,15.34,0.0,372,570623,买盘
10:19:33,15.34,0.0,522,800738,买盘
10:19:36,15.34,0.0,70,107380,买盘
10:19:40,15.33,-0.01,30,46017,卖盘
10:19:43,15.34,0.01,162,248490,买盘
10:19:45,15.33,-0.01,65,99705,卖盘
10:19:48,15.33,0.0,69,105855,卖盘
10:19:51,15.33,0.0,56,85914,卖盘
10:19:54,15.33,0.0,13,19929,卖盘
10:19:58,15.33,0.0,76,116508,卖盘
10:20:01,15.34,0.01,75,115021,买盘
10:20:04,15.33,-0.01,17,26066,卖盘
10:20:07,15.33,0.0,852,1306166,卖盘
10:20:09,15.33,0.0,131,200829,卖盘
10:20:12,15.33,0.0,114,174815,卖盘
10:20:16,15.33,0.0,1092,1673492,卖盘
10:20:18,15.33,0.0,45,68982,买盘
10:20:22,15.33,0.0,45,68985,买盘
10:20:24,15.32,-0.01,101,154733,卖盘
10:20:28,15.33,0.01,33,50557,买盘
10:20:31,15.32,-0.01,463,709621,卖盘
10:20:33,15.33,0.01,2064,3160714,买盘
10:20:36,15.31,-0.02,86,131488,卖盘
10:20:39,15.29,-0.02,62,94917,卖盘
10:20:43,15.32,0.03,20,30640,买盘
10:20:46,15.33,0.01,40,61301,买盘
10:20:49,15.32,-0.01,5,7660,买盘
10:20:54,15.31,-0.01,60,91913,卖盘
10:20:58,15.31,0.0,11,16841,买盘
10:21:01,15.29,-0.02,548,838207,卖盘
10:21:04,15.3,0.01,22,33679,中性盘
10:21:07,15.31,0.01,106,162229,买盘
10:21:09,15.31,0.0,56,85736,买盘
10:21:13,15.29,-0.02,248,379239,卖盘
10:21:15,15.31,0.02,92,140787,买盘
10:21:19,15.29,-0.02,530,810369,卖盘
10:21:21,15.3,0.01,46,70367,买盘
10:21:25,15.29,-0.01,159,243111,卖盘
10:21:28,15.3,0.01,741,1132746,买盘
10:21:30,15.31,0.01,204,312234,买盘
10:21:33,15.3,-0.01,106,162284,卖盘
10:21:37,15.3,0.0,184,281368,卖盘
10:21:39,15.3,0.0,65,99450,买盘
10:21:43,15.3,0.0,63,96376,买盘
10:21:45,15.3,0.0,16,24482,卖盘
10:21:48,15.3,0.0,1,1530,卖盘
10:21:51,15.3,0.0,436,667121,卖盘
10:21:54,15.3,0.0,131,200506,卖盘
10:21:58,15.31,0.01,24,36737,买盘
10:22:00,15.32,0.01,47,72001,买盘
10:22:04,15.31,-0.01,18,27558,卖盘
10:22:07,15.31,0.0,31,47461,卖盘
10:22:10,15.31,0.0,22,33692,卖盘
10:22:12,15.31,0.0,45,68935,卖盘
10:22:15,15.31,0.0,42,64302,卖盘
10:22:19,15.31,0.0,584,894104,卖盘
10:22:22,15.31,0.0,39,59706,买盘
10:22:24,15.3,-0.01,32,48991,卖盘
10:22:28,15.31,0.01,526,805291,买盘
10:22:30,15.32,0.01,366,560550,买盘
10:22:33,15.3,-0.02,55,84195,卖盘
10:22:37,15.31,0.01,21,32151,买盘
10:22:40,15.31,0.0,266,407346,卖盘
10:22:42,15.31,0.0,53,81143,卖盘
10:22:45,15.31,0.0,53,81181,卖盘
10:22:48,15.31,0.0,26,39807,卖盘
10:22:51,15.31,0.0,38,58178,卖盘
10:22:54,15.32,0.01,77,117878,买盘
10:22:57,15.32,0.0,16,24512,买盘
10:23:00,15.32,0.0,11,16850,买盘
10:23:04,15.31,-0.01,56,85787,卖盘
10:23:06,15.32,0.01,43,65876,买盘
10:23:10,15.31,-0.01,103,157791,卖盘
10:23:12,15.32,0.01,1,1532,买盘
10:23:16,15.32,0.0,84,128734,买盘
10:23:18,15.31,-0.01,476,729166,卖盘
10:23:21,15.32,0.01,64,97999,买盘
10:23:25,15.32,0.0,300,459393,买盘
10:23:27,15.32,0.0,93,142470,买盘
10:23:31,15.33,0.01,320,490353,买盘
10:23:33,15.32,-0.01,34,52088,中性盘
10:23:36,15.32,0.0,46,70472,买盘
10:23:39,15.32,0.0,68,104152,买盘
10:23:42,15.31,-0.01,134,205181,卖盘
10:23:45,15.31,0.0,28,42895,卖盘
10:23:49,15.31,0.0,9,13784,卖盘
10:23:51,15.31,0.0,44,67405,卖盘
10:23:54,15.32,0.01,11,16852,买盘
10:23:58,15.32,0.0,43,65876,买盘
10:24:01,15.32,0.0,151,231267,买盘
10:24:04,15.32,0.0,48,73510,买盘
10:24:07,15.31,-0.01,187,286364,卖盘
10:24:10,15.31,0.0,684,1047242,卖盘
10:24:12,15.33,0.02,707,1083217,买盘
10:24:16,15.32,-0.01,413,632716,卖盘
10:24:18,15.32,0.0,513,785916,卖盘
10:24:21,15.33,0.01,49,75069,买盘
10:24:25,15.31,-0.02,144,220624,卖盘
10:24:28,15.32,0.01,41,62812,买盘
10:24:30,15.32,0.0,12,18384,买盘
10:24:33,15.33,0.01,366,560933,买盘
10:24:36,15.31,-0.02,180,275590,卖盘
10:24:42,15.32,0.01,62,94984,买盘
10:24:45,15.33,0.01,73,111874,买盘
10:24:48,15.32,-0.01,32,49025,卖盘
10:24:51,15.32,0.0,1061,1625452,卖盘
10:24:55,15.32,0.0,101,154732,卖盘
10:24:57,15.32,0.0,96,147114,卖盘
10:25:01,15.32,0.0,164,251168,买盘
10:25:04,15.32,0.0,19,29108,买盘
10:25:07,15.33,0.01,65,99617,买盘
10:25:09,15.33,0.0,31,47493,买盘
10:25:13,15.32,-0.01,248,379936,卖盘
10:25:16,15.32,0.0,47,72002,买盘
10:25:18,15.32,0.0,152,232836,买盘
10:25:21,15.32,0.0,46,70468,买盘
10:25:24,15.31,-0.01,176,269516,卖盘
10:25:27,15.32,0.01,32,49024,买盘
10:25:30,15.32,0.0,241,369176,买盘
10:25:34,15.32,0.0,305,467260,买盘
10:25:37,15.31,-0.01,82,125547,卖盘
10:25:39,15.32,0.01,52,79663,买盘
10:25:43,15.31,-0.01,44,67384,卖盘
10:25:46,15.31,0.0,454,695229,卖盘
10:25:49,15.31,0.0,568,870108,卖盘
10:25:51,15.31,0.0,59,90369,卖盘
10:25:55,15.31,0.0,56,85770,卖盘
10:25:57,15.31,0.0,160,244960,卖盘
10:26:00,15.3,-0.01,640,979692,卖盘
10:26:04,15.3,0.0,143,218938,卖盘
10:26:07,15.31,0.01,124,189614,卖盘
10:26:10,15.31,0.0,45,69144,卖盘
10:26:13,15.31,0.0,40,61240,买盘
10:26:15,15.31,0.0,124,189614,买盘
10:26:19,15.31,0.0,78,119418,卖盘
10:26:21,15.31,0.0,100,153100,卖盘
10:26:24,15.31,0.0,145,222032,卖盘
10:26:28,15.31,0.0,126,192927,卖盘
10:26:30,15.31,0.0,255,390662,卖盘
10:26:33,15.31,0.0,1382,2115068,买盘
10:26:36,15.31,0.0,361,552941,卖盘
10:26:39,15.31,0.0,60,91870,卖盘
10:26:42,15.3,-0.01,145,221982,卖盘
10:26:46,15.31,0.01,68,104082,中性盘
10:26:48,15.3,-0.01,90,137760,卖盘
10:26:52,15.3,0.0,200,306170,卖盘
10:26:55,15.31,0.01,59,90273,买盘
10:26:58,15.31,0.0,53,81128,买盘
10:27:00,15.3,-0.01,188,287640,卖盘
10:27:04,15.3,0.0,9,13770,卖盘
10:27:06,15.3,0.0,75,114750,卖盘
10:27:09,15.3,0.0,104,159161,卖盘
10:27:12,15.3,0.0,115,175950,卖盘
10:27:16,15.3,0.0,71,108635,卖盘
10:27:18,15.3,0.0,92,140761,卖盘
10:27:21,15.31,0.01,83,127030,买盘
10:27:24,15.3,-0.01,61,93333,卖盘
10:27:27,15.3,0.0,94,143821,卖盘
10:27:30,15.31,0.01,75,114793,买盘
10:27:34,15.31,0.0,447,684222,买盘
10:27:36,15.31,0.0,435,665570,买盘
10:27:39,15.3,-0.01,1,1530,卖盘
10:27:42,15.3,0.0,81,123972,卖盘
10:27:46,15.3,0.0,92,140760,卖盘
10:27:49,15.31,0.01,64,97984,买盘
10:27:51,15.3,-0.01,25,38250,卖盘
10:27:55,15.3,0.0,91,139271,卖盘
10:27:57,15.3,0.0,6,9180,卖盘
10:28:00,15.31,0.01,90,137710,买盘
10:28:04,15.31,0.0,79,120936,买盘
10:28:07,15.31,0.0,3,4593,买盘
10:28:09,15.31,0.0,71,108643,买盘
10:28:13,15.3,-0.01,75,114763,卖盘
10:28:15,15.31,0.01,84,128322,买盘
10:28:22,15.3,-0.01,3,4590,卖盘
10:28:24,15.3,0.0,14,21423,卖盘
10:28:28,15.31,0.01,41,62771,买盘
10:28:31,15.31,0.0,20,30614,买盘
10:28:33,15.31,0.0,335,512872,买盘
10:28:36,15.3,-0.01,53,81212,卖盘
10:28:39,15.31,0.01,38,58168,买盘
10:28:43,15.3,-0.01,77,117810,卖盘
10:28:45,15.31,0.01,14,21434,买盘
10:28:49,15.31,0.0,78,119418,买盘
10:28:52,15.31,0.0,14,21204,买盘
10:28:54,15.31,0.0,107,163712,买盘
10:28:58,15.3,-0.01,6,9256,卖盘
10:29:00,15.31,0.01,42,64302,买盘
10:29:04,15.3,-0.01,49,74976,卖盘
10:29:06,15.3,0.0,25,38265,卖盘
10:29:10,15.31,0.01,157,240336,买盘
10:29:13,15.31,0.0,17,26027,买盘
10:29:16,15.3,-0.01,11,16713,卖盘
10:29:19,15.3,0.0,35,53579,卖盘
10:29:22,15.3,0.0,43,65830,卖盘
10:29:24,15.3,0.0,4,6120,卖盘
10:29:28,15.3,0.0,51,78078,卖盘
10:29:30,15.31,0.01,10,15310,买盘
10:29:33,15.31,0.0,357,546564,买盘
10:29:37,15.31,0.0,2,3062,买盘
10:29:40,15.31,0.0,55,84201,买盘
10:29:42,15.31,0.0,76,116351,买盘
10:29:46,15.3,-0.01,3,4590,卖盘
10:29:49,15.3,0.0,24,36731,卖盘
10:29:51,15.3,0.0,127,194396,卖盘
10:29:54,15.31,0.01,49,75019,买盘
10:29:57,15.3,-0.01,26,40953,卖盘
10:30:01,15.31,0.01,403,616591,买盘
10:30:05,15.3,-0.01,184,281520,卖盘
10:30:07,15.31,0.01,252,385611,买盘
10:30:09,15.31,0.0,11,16838,买盘
10:30:15,15.31,0.0,120,183503,买盘
10:30:19,15.31,0.0,31,47451,买盘
10:30:22,15.3,-0.01,6,9181,卖盘
10:30:25,15.31,0.01,23,35209,买盘
10:30:28,15.31,0.0,44,67364,买盘
10:30:33,15.31,0.0,324,496260,买盘
10:30:37,15.31,0.0,59,89173,买盘
10:30:39,15.3,-0.01,68,104087,卖盘
10:30:42,15.31,0.01,68,104060,买盘
10:30:46,15.31,0.0,16,24496,买盘
10:30:49,15.31,0.0,928,1420652,买盘
10:30:52,15.31,0.0,222,340050,买盘
10:30:54,15.31,0.0,26,39800,买盘
10:30:57,15.31,0.0,174,266238,买盘
10:31:01,15.31,0.0,200,306148,买盘
10:31:04,15.31,0.0,136,208106,买盘
10:31:06,15.31,0.0,66,101046,买盘
10:31:09,15.3,-0.01,52,79517,卖盘
10:31:12,15.3,0.0,130,198952,卖盘
10:31:19,15.31,0.01,31,47455,买盘
10:31:22,15.3,-0.01,147,224968,卖盘
10:31:24,15.3,0.0,29,44391,卖盘
10:31:28,15.3,0.0,28,42733,卖盘
10:31:30,15.3,0.0,45,68862,卖盘
10:31:34,15.3,0.0,106,162223,卖盘
10:31:36,15.3,0.0,305,466950,卖盘
10:31:40,15.3,0.0,148,226440,卖盘
10:31:42,15.3,0.0,38,58140,卖盘
10:31:46,15.3,0.0,60,91838,卖盘
10:31:48,15.31,0.01,63,96391,买盘
10:31:51,15.3,-0.01,12,18364,卖盘
10:31:55,15.3,0.0,147,224985,卖盘
10:31:57,15.31,0.01,413,631893,买盘
10:32:00,15.31,0.0,56,85708,买盘
10:32:05,15.31,0.0,663,1015052,买盘
10:32:07,15.3,-0.01,112,171458,卖盘
10:32:10,15.3,0.0,2,3060,卖盘
10:32:13,15.31,0.01,105,160750,买盘
10:32:16,15.3,-0.01,2398,3669215,卖盘
10:32:18,15.3,0.0,355,543150,买盘
10:32:22,15.3,0.0,172,262885,买盘
10:32:24,15.3,0.0,55,84150,卖盘
10:32:27,15.31,0.01,53,81136,买盘
10:32:30,15.3,-0.01,630,964175,卖盘
10:32:34,15.3,0.0,27,41310,买盘
10:32:36,15.3,0.0,387,592089,买盘
10:32:39,15.3,0.0,41,62730,买盘
10:32:43,15.29,-0.01,11,16827,卖盘
10:32:45,15.3,0.01,49,74956,买盘
10:32:49,15.3,0.0,103,157496,买盘
10:32:51,15.3,0.0,245,374850,买盘
10:32:55,15.3,0.0,34,52015,买盘
10:33:01,15.3,0.0,76,116264,买盘
10:33:04,15.3,0.0,30,45875,买盘
10:33:07,15.3,0.0,530,811607,买盘
10:33:10,15.29,-0.01,104,159094,卖盘
10:33:13,15.29,0.0,125,191164,卖盘
10:33:16,15.3,0.01,43,65756,买盘
10:33:18,15.3,0.0,500,765000,买盘
10:33:22,15.29,-0.01,6,9177,卖盘
10:33:24,15.29,0.0,114,174369,卖盘
10:33:28,15.3,0.01,29,44370,买盘
10:33:30,15.29,-0.01,231,352633,卖盘
10:33:33,15.3,0.01,55,84137,买盘
10:33:36,15.3,0.0,300,459000,买盘
10:33:39,15.29,-0.01,125,191140,卖盘
10:33:42,15.29,0.0,94,143734,卖盘
10:33:45,15.3,0.01,561,858305,买盘
10:33:48,15.29,-0.01,72,110089,卖盘
10:33:51,15.3,0.01,748,1143747,买盘
10:33:54,15.29,-0.01,3701,5658678,卖盘
10:33:57,15.28,-0.01,89,136051,卖盘
10:34:05,15.29,0.01,561,857284,买盘
10:34:06,15.3,0.01,216,330308,买盘
10:34:10,15.3,0.0,88,134562,买盘
10:34:12,15.29,-0.01,249,380776,卖盘
10:34:15,15.29,0.0,5,7645,卖盘
10:34:18,15.29,0.0,148,226333,卖盘
10:34:21,15.3,0.01,51,77993,买盘
10:34:24,15.29,-0.01,186,284394,卖盘
10:34:28,15.29,0.0,156,238525,卖盘
10:34:30,15.29,0.0,121,185000,卖盘
10:34:34,15.29,0.0,148,226411,卖盘
10:34:36,15.29,0.0,361,552282,卖盘
10:34:40,15.3,0.01,104,159056,买盘
10:34:42,15.29,-0.01,192,293614,卖盘
10:34:46,15.3,0.01,85,129928,买盘
10:34:49,15.29,-0.01,366,559660,卖盘
10:34:51,15.29,0.0,106,162049,买盘
10:34:54,15.3,0.01,1372,2098896,买盘
10:34:57,15.3,0.0,745,1139860,卖盘
10:35:00,15.3,0.0,196,299880,卖盘
10:35:04,15.31,0.01,53,81138,买盘
10:35:07,15.3,-0.01,47,71910,卖盘
10:35:10,15.3,0.0,36,55094,卖盘
10:35:12,15.31,0.01,227,347350,买盘
10:35:16,15.3,-0.01,66,101030,卖盘
10:35:19,15.3,0.0,101,154628,卖盘
10:35:21,15.3,0.0,456,697727,卖盘
10:35:25,15.29,-0.01,128,195808,卖盘
10:35:27,15.3,0.01,14,21420,买盘
10:35:30,15.3,0.0,10,15300,买盘
10:35:34,15.29,-0.01,54,82555,卖盘
10:35:36,15.31,0.02,927,1418605,买盘
10:35:40,15.3,-0.01,43,65810,卖盘
10:35:42,15.31,0.01,13,19900,买盘
10:35:46,15.3,-0.01,83,127064,卖盘
10:35:48,15.3,0.0,15,22950,卖盘
10:35:52,15.31,0.01,500,765500,买盘
10:35:55,15.3,-0.01,2,3060,卖盘
10:35:58,15.31,0.01,84,128591,买盘
10:36:01,15.31,0.0,405,619895,买盘
10:36:04,15.31,0.0,47,71952,买盘
10:36:07,15.31,0.0,65,99482,买盘
10:36:09,15.31,0.0,550,841950,买盘
10:36:13,15.31,0.0,42,64302,卖盘
10:36:16,15.31,0.0,17,26027,卖盘
10:36:19,15.32,0.01,109,166923,买盘
10:36:22,15.32,0.0,10,15320,买盘
10:36:25,15.31,-0.01,3,4593,卖盘
10:36:27,15.31,0.0,3,4593,卖盘
10:36:31,15.31,0.0,577,883913,卖盘
10:36:33,15.31,0.0,4,6124,卖盘
10:36:37,15.32,0.01,310,474910,买盘
10:36:39,15.31,-0.01,24,36755,卖盘
10:36:43,15.32,0.01,44,67408,买盘
10:36:45,15.31,-0.01,2,3062,卖盘
10:36:49,15.32,0.01,3,4596,买盘
10:36:51,15.32,0.0,94,143954,买盘
10:36:54,15.32,0.0,32,49961,买盘
10:36:58,15.32,0.0,65,99575,买盘
10:37:01,15.31,-0.01,13,19904,卖盘
10:37:04,15.32,0.01,45,68940,买盘
10:37:06,15.32,0.0,14,21448,买盘
10:37:09,15.31,-0.01,14,21444,卖盘
10:37:12,15.31,0.0,13,19903,卖盘
10:37:15,15.31,0.0,73,111815,卖盘
10:37:18,15.31,0.0,20,30620,卖盘
10:37:21,15.32,0.01,92,140170,买盘
10:37:25,15.31,-0.01,75,114867,卖盘
10:37:28,15.32,0.01,1,1532,买盘
10:37:31,15.31,-0.01,121,185252,卖盘
10:37:34,15.32,0.01,262,401124,买盘
10:37:36,15.32,0.0,412,630890,买盘
10:37:40,15.31,-0.01,18,27558,买盘
10:37:42,15.31,0.0,38,58178,买盘
10:37:45,15.31,0.0,10,15310,买盘
10:37:48,15.31,0.0,61,93390,买盘
10:37:52,15.3,-0.01,36,55115,卖盘
10:37:54,15.31,0.01,53,81143,买盘
10:37:58,15.31,0.0,85,130111,买盘
10:38:07,15.31,0.0,30,45930,买盘
10:38:10,15.31,0.0,101,154618,买盘
10:38:12,15.31,0.0,1,1531,买盘
10:38:16,15.3,-0.01,33,50490,卖盘
10:38:18,15.3,0.0,63,96398,卖盘
10:38:22,15.31,0.01,217,332107,买盘
10:38:25,15.3,-0.01,17,26020,卖盘
10:38:28,15.3,0.0,12,18371,卖盘
10:38:30,15.31,0.01,239,365709,买盘
10:38:34,15.3,-0.01,226,345781,卖盘
10:38:37,15.3,0.0,34,52050,卖盘
10:38:40,15.3,0.0,382,584762,卖盘
10:38:42,15.3,0.0,72,110220,卖盘
10:38:45,15.31,0.01,403,616989,买盘
10:38:49,15.31,0.0,11,16841,卖盘
10:38:51,15.32,0.01,865,1324319,买盘
10:38:55,15.31,-0.01,160,244999,卖盘
10:38:58,15.31,0.0,56,85736,卖盘
10:39:05,15.31,0.0,114,174605,卖盘
10:39:07,15.31,0.0,101,154693,卖盘
10:39:10,15.31,0.0,7,10717,卖盘
10:39:12,15.32,0.01,1,1532,买盘
10:39:15,15.31,-0.01,111,170017,卖盘
10:39:19,15.31,0.0,18,27568,卖盘
10:39:22,15.31,0.0,5,7655,卖盘
10:39:27,15.31,0.0,104,159969,卖盘
10:39:30,15.31,0.0,45,68925,卖盘
10:39:33,15.31,0.0,33,50523,卖盘
10:39:36,15.32,0.01,32,48993,买盘
10:39:39,15.32,0.0,357,546924,买盘
10:39:42,15.32,0.0,124,189944,买盘
10:39:48,15.31,-0.01,59,90332,卖盘
10:39:52,15.31,0.0,82,125552,卖盘
10:39:54,15.31,0.0,20,30630,卖盘
10:39:57,15.31,0.0,54,82674,卖盘
10:40:01,15.31,0.0,100,153148,卖盘
10:40:04,15.31,0.0,2,3062,卖盘
10:40:06,15.32,0.01,37,56674,买盘
10:40:10,15.31,-0.01,174,266241,卖盘
10:40:12,15.32,0.01,58,88846,买盘
10:40:16,15.31,-0.01,829,1269202,卖盘
10:40:18,15.32,0.01,11,16848,买盘
10:40:21,15.32,0.0,68,104151,买盘
10:40:27,15.32,0.0,5,7660,买盘
10:40:30,15.31,-0.01,248,379889,卖盘
10:40:33,15.32,0.01,52,79664,买盘
10:40:37,15.31,-0.01,35,53615,卖盘
10:40:39,15.32,0.01,300,459600,买盘
10:40:43,15.32,0.0,1,1532,买盘
10:40:46,15.32,0.0,805,1233704,买盘
10:40:48,15.32,0.0,164,251248,卖盘
10:40:51,15.32,0.0,33,50556,卖盘
10:40:54,15.32,0.0,65,99622,卖盘
10:40:57,15.33,0.01,7,10727,买盘
10:41:00,15.32,-0.01,8,12256,卖盘
10:41:05,15.33,0.01,16,24519,买盘
10:41:07,15.33,0.0,40,61320,买盘
10:41:10,15.32,-0.01,108,165556,卖盘
10:41:16,15.32,0.0,6,9192,卖盘
10:41:19,15.32,0.0,88,134880,卖盘
10:41:22,15.32,0.0,10,15320,卖盘
10:41:27,15.33,0.01,292,447402,买盘
10:41:30,15.32,-0.01,26,39876,卖盘
10:41:33,15.32,0.0,20,30640,卖盘
10:41:37,15.32,0.0,166,254459,卖盘
10:41:40,15.32,0.0,450,689758,卖盘
10:41:43,15.33,0.01,9,13793,买盘
10:41:46,15.33,0.0,26,39858,买盘
10:41:48,15.33,0.0,9,13797,买盘
10:41:51,15.32,-0.01,77,117959,卖盘
10:41:54,15.33,0.01,77,118022,买盘
10:41:58,15.32,-0.01,5,7660,卖盘
10:42:00,15.32,0.0,51,78180,卖盘
10:42:04,15.33,0.01,12,18394,买盘
10:42:07,15.32,-0.01,206,315593,卖盘
10:42:10,15.32,0.0,17,26059,卖盘
10:42:13,15.32,0.0,47,71876,卖盘
10:42:16,15.32,0.0,65,99580,卖盘
10:42:18,15.33,0.01,10,15326,买盘
10:42:21,15.32,-0.01,64,98106,卖盘
10:42:24,15.32,0.0,57,87362,卖盘
10:42:27,15.32,0.0,27,41365,卖盘
10:42:31,15.33,0.01,53,81215,买盘
10:42:33,15.32,-0.01,75,115065,卖盘
10:42:37,15.32,0.0,11,16854,卖盘
10:42:39,15.32,0.0,328,502796,卖盘
10:42:43,15.31,-0.01,580,888509,卖盘
10:42:45,15.33,0.02,37,56721,买盘
10:42:48,15.33,0.0,997,1528169,买盘
10:42:51,15.34,0.01,119,182441,买盘
10:42:55,15.33,-0.01,41,62854,卖盘
10:42:58,15.33,0.0,46,70560,卖盘
10:43:01,15.34,0.01,19,29132,买盘
10:43:04,15.31,-0.03,664,1017594,卖盘
10:43:07,15.34,0.03,109,167178,买盘
10:43:10,15.33,-0.01,120,183960,买盘
10:43:12,15.33,0.0,21,32193,买盘
10:43:16,15.33,0.0,10,15330,买盘
10:43:19,15.32,-0.01,69,105751,卖盘
10:43:21,15.32,0.0,11,16668,卖盘
10:43:25,15.32,0.0,20,30640,卖盘
10:43:28,15.33,0.01,12,18024,买盘
10:43:31,15.33,0.0,40,61320,买盘
10:43:33,15.32,-0.01,10,15321,卖盘
10:43:36,15.32,0.0,57,87326,卖盘
10:43:39,15.33,0.01,375,574875,买盘
10:43:43,15.32,-0.01,57,87340,卖盘
10:43:49,15.32,0.0,5,7660,卖盘
10:43:51,15.33,0.01,76,116508,买盘
10:43:54,15.32,-0.01,8,12259,卖盘
10:43:58,15.32,0.0,26,39832,卖盘
10:44:01,15.33,0.01,48,73584,买盘
10:44:04,15.32,-0.01,15,22980,卖盘
10:44:07,15.33,0.01,45,68975,买盘
10:44:10,15.32,-0.01,74,113368,卖盘
10:44:12,15.33,0.01,47,72051,买盘
10:44:16,15.33,0.0,117,179351,买盘
10:44:19,15.33,0.0,47,72047,买盘
10:44:21,15.33,0.0,5,7665,买盘
10:44:25,15.33,0.0,39,59787,买盘
10:44:27,15.33,0.0,20,30660,买盘
10:44:30,15.33,0.0,22,33705,买盘
10:44:34,15.33,0.0,95,145635,买盘
10:44:36,15.34,0.01,192,294357,买盘
10:44:39,15.33,-0.01,466,714678,卖盘
10:44:42,15.33,0.0,27,41391,卖盘
10:44:45,15.33,0.0,109,167135,卖盘
10:44:49,15.33,0.0,25,38327,卖盘
10:44:52,15.33,0.0,48,73584,卖盘
10:44:54,15.33,0.0,64,98112,买盘
10:44:58,15.33,0.0,87,133413,卖盘
10:45:00,15.33,0.0,30,45990,卖盘
10:45:04,15.34,0.01,2,3068,买盘
10:45:07,15.34,0.0,62,95086,买盘
10:45:10,15.33,-0.01,133,203899,卖盘
10:45:12,15.34,0.01,15,22997,买盘
10:45:16,15.34,0.0,107,164034,买盘
10:45:18,15.33,-0.01,55,84357,卖盘
10:45:21,15.33,0.0,57,87381,卖盘
10:45:24,15.34,0.01,1,1534,买盘
10:45:27,15.34,0.0,16,24544,买盘
10:45:30,15.34,0.0,44,67494,买盘
10:45:33,15.33,-0.01,66,101239,卖盘
10:45:36,15.34,0.01,21,32196,买盘
10:45:39,15.34,0.0,347,532294,买盘
10:45:42,15.33,-0.01,20,30670,卖盘
10:45:45,15.33,0.0,80,122650,卖盘
10:45:48,15.32,-0.01,742,1137682,卖盘
10:45:51,15.34,0.02,301,461459,买盘
10:45:55,15.33,-0.01,73,111857,中性盘
10:45:58,15.33,0.0,27,41365,买盘
10:46:01,15.33,0.0,104,159368,买盘
10:46:04,15.33,0.0,100,153300,买盘
10:46:06,15.32,-0.01,256,392397,卖盘
10:46:10,15.32,0.0,452,692832,卖盘
10:46:12,15.31,-0.01,77,117962,卖盘
10:46:16,15.31,0.0,54,82718,卖盘
10:46:18,15.31,0.0,19,29104,卖盘
10:46:21,15.31,0.0,4,6124,卖盘
10:46:25,15.32,0.01,222,340071,买盘
10:46:28,15.32,0.0,15,22980,买盘
10:46:31,15.32,0.0,302,462367,买盘
10:46:34,15.32,0.0,13,19910,买盘
10:46:37,15.32,0.0,44,67408,买盘
10:46:40,15.32,0.0,6,9188,买盘
10:46:42,15.32,0.0,369,565303,买盘
10:46:46,15.31,-0.01,37,56647,卖盘
10:46:48,15.31,0.0,98,150097,卖盘
10:46:51,15.31,0.0,39,59712,卖盘
10:46:55,15.31,0.0,4076,6251160,卖盘
10:46:57,15.32,0.01,58,88847,买盘
10:47:01,15.32,0.0,7,10719,买盘
10:47:04,15.31,-0.01,40,61240,卖盘
10:47:07,15.31,0.0,1,1531,卖盘
10:47:09,15.31,0.0,321,491705,卖盘
10:47:13,15.31,0.0,5,7657,卖盘
10:47:16,15.31,0.0,16,24496,卖盘
10:47:18,15.31,0.0,28,42869,卖盘
10:47:21,15.32,0.01,182,278795,买盘
10:47:24,15.32,0.0,43,65878,卖盘
10:47:27,15.33,0.01,6,9193,买盘
10:47:31,15.32,-0.01,106,162386,卖盘
10:47:33,15.32,0.0,98,150136,买盘
10:47:37,15.32,0.0,35,53620,买盘
10:47:39,15.32,0.0,74,113364,买盘
10:47:42,15.32,0.0,272,416794,买盘
10:47:45,15.32,0.0,222,340102,买盘
10:47:48,15.32,0.0,1997,3062794,卖盘
10:47:51,15.33,0.01,34,52110,买盘
10:47:54,15.32,-0.01,184,281958,卖盘
10:47:58,15.33,0.01,13,19929,买盘
10:48:00,15.32,-0.01,8,12256,卖盘
10:48:04,15.32,0.0,48,73576,卖盘
10:48:07,15.32,0.0,972,1488595,卖盘
10:48:10,15.32,0.0,38,58216,买盘
10:48:15,15.32,0.0,54,82728,买盘
10:48:18,15.31,-0.01,33,50525,卖盘
10:48:21,15.31,0.0,30,45930,卖盘
10:48:24,15.32,0.01,14,21436,买盘
10:48:27,15.31,-0.01,227,347589,卖盘
10:48:30,15.32,0.01,53,81167,买盘
10:48:33,15.31,-0.01,56,85756,卖盘
10:48:36,15.32,0.01,37,56684,买盘
10:48:39,15.32,0.0,25,38277,买盘
10:48:42,15.32,0.0,1,1532,买盘
10:48:46,15.31,-0.01,15,22965,卖盘
10:48:48,15.31,0.0,53,81185,卖盘
10:48:51,15.31,0.0,9,13781,卖盘
10:48:54,15.31,0.0,99,151569,卖盘
10:48:57,15.32,0.01,481,736365,买盘
10:49:01,15.32,0.0,47,72042,卖盘
10:49:05,15.32,0.0,261,399854,卖盘
10:49:07,15.32,0.0,34,52079,买盘
10:49:09,15.33,0.01,109,167011,买盘
10:49:13,15.32,-0.01,126,193029,买盘
10:49:15,15.32,0.0,10,15320,卖盘
10:49:18,15.33,0.01,47,72005,买盘
10:49:22,15.32,-0.01,115,176252,卖盘
10:49:25,15.32,0.0,12,18393,卖盘
10:49:28,15.32,0.0,96,147073,卖盘
10:49:31,15.32,0.0,5,7661,卖盘
10:49:34,15.32,0.0,89,136390,卖盘
10:49:37,15.33,0.01,52,79694,买盘
10:49:40,15.32,-0.01,116,177712,卖盘
10:49:43,15.32,0.0,71,108817,卖盘
10:49:45,15.33,0.01,4,6132,买盘
10:49:49,15.31,-0.02,1221,1869618,卖盘
10:49:51,15.32,0.01,19,29108,买盘
10:49:55,15.32,0.0,330,505570,卖盘
10:49:57,15.33,0.01,24,36769,买盘
10:50:01,15.31,-0.02,26,39746,卖盘
10:50:05,15.31,0.0,9,13780,卖盘
10:50:07,15.32,0.01,118,180700,买盘
10:50:10,15.32,0.0,10,15320,买盘
10:50:12,15.32,0.0,41,62772,买盘
10:50:15,15.32,0.0,56,85780,买盘
10:50:18,15.33,0.01,154,235930,买盘
10:50:22,15.32,-0.01,437,669484,卖盘
10:50:24,15.32,0.0,139,212968,卖盘
10:50:27,15.33,0.01,55,84303,买盘
10:50:30,15.32,-0.01,8,12258,卖盘
10:50:33,15.32,0.0,1,1532,卖盘
10:50:36,15.32,0.0,15,22981,卖盘
10:50:39,15.32,0.0,171,262015,卖盘
10:50:43,15.33,0.01,25,38307,买盘
10:50:45,15.33,0.0,82,125694,买盘
10:50:48,15.33,0.0,130,199200,买盘
10:50:52,15.33,0.0,2,3066,买盘
10:50:54,15.32,-0.01,5,7660,卖盘
10:50:57,15.33,0.01,1,1533,买盘
10:51:00,15.32,-0.01,52,79709,卖盘
10:51:04,15.32,0.0,12,18512,卖盘
10:51:06,15.33,0.01,51,78140,买盘
10:51:10,15.32,-0.01,203,310996,卖盘
10:51:12,15.32,0.0,69,105746,卖盘
10:51:16,15.32,0.0,46,70474,卖盘
10:51:18,15.32,0.0,81,124092,卖盘
10:51:22,15.32,0.0,187,286532,卖盘
10:51:24,15.33,0.01,69,105711,买盘
10:51:27,15.32,-0.01,250,382914,卖盘
10:51:31,15.32,0.0,70,107240,买盘
10:51:34,15.32,0.0,74,113368,买盘
10:51:36,15.32,0.0,2,3064,买盘
10:51:40,15.32,0.0,1,1532,买盘
10:51:42,15.31,-0.01,659,1008963,卖盘
10:51:46,15.32,0.01,48,73533,买盘
10:51:48,15.32,0.0,9,13780,买盘
10:51:51,15.31,-0.01,627,959937,卖盘
10:51:54,15.32,0.01,80,122520,买盘
10:51:57,15.31,-0.01,59,90331,卖盘
10:52:00,15.31,0.0,43,65833,卖盘
10:52:04,15.31,0.0,289,442459,卖盘
10:52:06,15.31,0.0,56,85780,卖盘
10:52:09,15.31,0.0,927,1420139,卖盘
10:52:13,15.31,0.0,26,39807,卖盘
10:52:15,15.31,0.0,44,67384,卖盘
10:52:19,15.31,0.0,195,298587,卖盘
10:52:22,15.31,0.0,89,136047,卖盘
10:52:25,15.31,0.0,46,70426,买盘
10:52:27,15.32,0.01,251,384362,买盘
10:52:31,15.31,-0.01,209,320006,买盘
10:52:33,15.31,0.0,73,111746,买盘
10:52:36,15.3,-0.01,42,64273,卖盘
10:52:39,15.31,0.01,49,75018,买盘
10:52:43,15.31,0.0,65,99463,买盘
10:52:46,15.3,-0.01,10,15300,卖盘
10:52:49,15.3,0.0,20,30600,卖盘
10:52:51,15.3,0.0,213,326091,卖盘
10:52:55,15.3,0.0,19,29072,卖盘
10:52:57,15.3,0.0,82,125460,卖盘
10:53:01,15.3,0.0,525,803764,卖盘
10:53:04,15.31,0.01,394,602886,买盘
10:53:07,15.3,-0.01,145,221872,卖盘
10:53:09,15.3,0.0,12,18360,卖盘
10:53:12,15.31,0.01,145,221890,买盘
10:53:15,15.3,-0.01,38,58142,卖盘
10:53:18,15.31,0.01,24,36734,买盘
10:53:22,15.31,0.0,46,70382,买盘
10:53:24,15.3,-0.01,65,99494,卖盘
10:53:28,15.31,0.01,3,4593,买盘
10:53:31,15.3,-0.01,146,223380,卖盘
10:53:34,15.3,0.0,25,38250,卖盘
10:53:37,15.31,0.01,341,521771,买盘
10:53:39,15.3,-0.01,218,333561,卖盘
10:53:43,15.3,0.0,95,145948,卖盘
10:53:45,15.3,0.0,427,653347,卖盘
10:53:48,15.3,0.0,142,217263,卖盘
10:53:52,15.31,0.01,278,425361,买盘
10:53:55,15.3,-0.01,392,599761,卖盘
10:53:58,15.3,0.0,101,154569,卖盘
10:54:00,15.3,0.0,122,186662,卖盘
10:54:05,15.3,0.0,83,127011,卖盘
10:54:07,15.3,0.0,75,114542,卖盘
10:54:10,15.31,0.01,144,220371,买盘
10:54:12,15.3,-0.01,40,61205,卖盘
10:54:16,15.3,0.0,142,217260,卖盘
10:54:19,15.3,0.0,292,446800,卖盘
10:54:22,15.3,0.0,130,198902,卖盘
10:54:25,15.3,0.0,161,246330,卖盘
10:54:27,15.3,0.0,1014,1551813,卖盘
10:54:30,15.3,0.0,178,271715,卖盘
10:54:34,15.3,0.0,179,273873,卖盘
10:54:37,15.3,0.0,1724,2637736,卖盘
10:54:40,15.3,0.0,60,91800,买盘
10:54:43,15.3,0.0,47,71905,买盘
10:54:45,15.29,-0.01,131,200299,卖盘
10:54:49,15.29,0.0,50,76483,卖盘
10:54:51,15.29,0.0,100,152943,卖盘
10:54:54,15.29,0.0,221,337958,卖盘
10:54:57,15.29,0.0,134,204936,卖盘
10:55:01,15.29,0.0,635,970916,卖盘
10:55:05,15.3,0.01,131,200343,买盘
10:55:07,15.29,-0.01,31,47401,卖盘
10:55:09,15.29,0.0,1301,1989229,卖盘
10:55:13,15.3,0.01,161,246266,买盘
10:55:15,15.29,-0.01,43,65520,卖盘
10:55:19,15.29,0.0,29,44349,卖盘
10:55:21,15.29,0.0,151,230879,卖盘
10:55:24,15.3,0.01,97,148365,买盘
10:55:28,15.29,-0.01,38,58104,卖盘
10:55:31,15.29,0.0,583,891407,卖盘
10:55:34,15.29,0.0,105,160545,卖盘
10:55:36,15.29,0.0,184,281389,卖盘
10:55:40,15.29,0.0,721,1102412,卖盘
10:55:42,15.29,0.0,474,724746,卖盘
10:55:46,15.29,0.0,221,338184,卖盘
10:55:48,15.29,0.0,251,383779,买盘
10:55:52,15.29,0.0,1378,2105588,买盘
10:55:55,15.28,-0.01,141,215482,卖盘
10:55:57,15.28,0.0,969,1480669,卖盘
10:56:01,15.28,0.0,130,198696,卖盘
10:56:05,15.28,0.0,209,319422,卖盘
10:56:07,15.28,0.0,159,243000,卖盘
10:56:09,15.28,0.0,385,588359,卖盘
10:56:12,15.28,0.0,2,3056,买盘
10:56:16,15.26,-0.02,760,1160525,卖盘
10:56:18,15.28,0.02,791,1207247,买盘
10:56:22,15.26,-0.02,186,284106,卖盘
10:56:24,15.27,0.01,106,161838,卖盘
10:56:28,15.26,-0.01,15,22895,卖盘
10:56:30,15.27,0.01,77,117573,买盘
10:56:33,15.27,0.0,89,135818,买盘
10:56:36,15.26,-0.01,71,108346,卖盘
10:56:39,15.26,0.0,161,245686,卖盘
10:56:43,15.26,0.0,128,195371,卖盘
10:56:45,15.26,0.0,164,250266,卖盘
10:56:48,15.26,0.0,100,152600,卖盘
10:56:52,15.26,0.0,268,408762,买盘
10:56:54,15.25,-0.01,9,13727,卖盘
10:56:57,15.25,0.0,29,44235,卖盘
10:57:01,15.25,0.0,21,32025,卖盘
10:57:04,15.25,0.0,86,131188,卖盘
10:57:07,15.26,0.01,679,1036127,买盘
10:57:09,15.26,0.0,117,178523,买盘
10:57:12,15.26,0.0,360,549352,买盘
10:57:15,15.26,0.0,535,816450,买盘
10:57:19,15.27,0.01,688,1049408,买盘
10:57:22,15.26,-0.01,79,120555,卖盘
10:57:24,15.27,0.01,75,114522,买盘
10:57:27,15.27,0.0,111,169435,买盘
10:57:31,15.26,-0.01,594,906399,卖盘
10:57:34,15.26,0.0,64,97687,买盘
10:57:36,15.26,0.0,112,171009,卖盘
10:57:40,15.26,0.0,50,76307,卖盘
10:57:43,15.26,0.0,19,28999,卖盘
10:57:45,15.27,0.01,43,65620,买盘
10:57:48,15.27,0.0,40,61079,买盘
10:57:51,15.26,-0.01,26,39679,卖盘
10:57:54,15.27,0.01,30,45810,买盘
10:57:58,15.27,0.0,232,354076,买盘
10:58:00,15.27,0.0,38,57990,买盘
10:58:05,15.28,0.01,1646,2514522,买盘
10:58:07,15.28,0.0,118,180338,卖盘
10:58:10,15.29,0.01,41,62689,买盘
10:58:12,15.29,0.0,40,61155,买盘
10:58:16,15.29,0.0,10,15290,买盘
10:58:18,15.29,0.0,44,67276,买盘
10:58:22,15.28,-0.01,50,76441,卖盘
10:58:24,15.28,0.0,89,136029,卖盘
10:58:28,15.29,0.01,170,259930,买盘
10:58:31,15.28,-0.01,124,189586,卖盘
10:58:33,15.28,0.0,57,87138,卖盘
10:58:37,15.28,0.0,315,481365,卖盘
10:58:39,15.28,0.0,28,42784,卖盘
10:58:43,15.29,0.01,83,126902,买盘
10:58:45,15.29,0.0,26,39736,买盘
10:58:49,15.28,-0.01,54,82545,卖盘
10:58:51,15.29,0.01,8,12232,买盘
10:58:54,15.29,0.0,587,897012,买盘
10:58:57,15.28,-0.01,84,128422,卖盘
10:59:00,15.29,0.01,63,96327,买盘
10:59:04,15.28,-0.01,21,32088,卖盘
10:59:06,15.28,0.0,335,511959,卖盘
10:59:09,15.28,0.0,203,310187,卖盘
10:59:13,15.27,-0.01,177,270480,卖盘
10:59:15,15.29,0.02,58,89252,买盘
10:59:19,15.28,-0.01,41,62076,卖盘
10:59:22,15.27,-0.01,9,13748,卖盘
10:59:25,15.27,0.0,78,119152,卖盘
10:59:27,15.28,0.01,40,61130,买盘
10:59:31,15.28,0.0,2,3056,买盘
10:59:34,15.27,-0.01,5,7635,卖盘
10:59:37,15.28,0.01,3,4584,买盘
10:59:39,15.28,0.0,46,70288,买盘
10:59:42,15.28,0.0,87,132856,买盘
10:59:48,15.28,0.0,38,58064,买盘
10:59:51,15.28,0.0,32,48871,买盘
10:59:54,15.27,-0.01,33,50408,卖盘
10:59:57,15.28,0.01,101,154328,买盘
11:00:01,15.27,-0.01,93,142102,卖盘
11:00:05,15.28,0.01,7,10691,买盘
11:00:07,15.27,-0.01,233,355791,卖盘
11:00:09,15.27,0.0,35,53445,卖盘
11:00:13,15.28,0.01,51,77923,买盘
11:00:15,15.27,-0.01,162,247418,卖盘
11:00:19,15.28,0.01,1,1528,买盘
11:00:21,15.27,-0.01,104,158849,卖盘
11:00:25,15.28,0.01,43,66492,买盘
11:00:27,15.28,0.0,9,13744,买盘
11:00:31,15.27,-0.01,27,41230,卖盘
11:00:33,15.28,0.01,306,467306,买盘
11:00:37,15.27,-0.01,608,927420,卖盘
11:00:39,15.27,0.0,72,109944,卖盘
11:00:43,15.27,0.0,53,81086,卖盘
11:00:45,15.27,0.0,85,129837,卖盘
11:00:49,15.27,0.0,65,99292,卖盘
11:00:52,15.27,0.0,13,19851,卖盘
11:00:55,15.28,0.01,93,142089,买盘
11:00:57,15.28,0.0,56,85518,买盘
11:01:00,15.27,-0.01,258,394002,卖盘
11:01:04,15.27,0.0,76,116144,卖盘
11:01:07,15.28,0.01,62,95334,买盘
11:01:10,15.28,0.0,36,54974,买盘
11:01:12,15.27,-0.01,33,50391,卖盘
11:01:15,15.28,0.01,4,6111,买盘
11:01:18,15.27,-0.01,48,73335,卖盘
11:01:21,15.27,0.0,245,373337,卖盘
11:01:24,15.27,0.0,59,90093,买盘
11:01:28,15.27,0.0,44,67188,买盘
11:01:30,15.26,-0.01,55,83976,卖盘
11:01:34,15.26,0.0,300,457800,卖盘
11:01:37,15.26,0.0,43,65621,卖盘
11:01:40,15.27,0.01,42,64131,买盘
11:01:43,15.26,-0.01,75,114453,卖盘
11:01:46,15.26,0.0,165,251845,卖盘
11:01:48,15.27,0.01,38,58026,买盘
11:01:52,15.27,0.0,155,236673,买盘
11:01:54,15.26,-0.01,138,210626,卖盘
11:01:57,15.26,0.0,9,13738,卖盘
11:02:00,15.27,0.01,106,161798,买盘
11:02:05,15.27,0.0,26,39698,买盘
11:02:06,15.27,0.0,3,4581,买盘
11:02:09,15.26,-0.01,1,1526,卖盘
11:02:12,15.27,0.01,110,167942,买盘
11:02:16,15.27,0.0,80,122120,买盘
11:02:19,15.26,-0.01,85,129720,卖盘
11:02:22,15.26,0.0,4,6104,卖盘
11:02:24,15.27,0.01,40,61080,买盘
11:02:28,15.26,-0.01,6,9156,卖盘
11:02:30,15.26,0.0,34,51671,卖盘
11:02:33,15.27,0.01,111,169440,买盘
11:02:37,15.27,0.0,22,33578,买盘
11:02:40,15.26,-0.01,37,56464,卖盘
11:02:42,15.26,0.0,30,45781,卖盘
11:02:46,15.26,0.0,44,67185,卖盘
11:02:48,15.26,0.0,98,149603,卖盘
11:02:52,15.26,0.0,18,27468,卖盘
11:02:54,15.27,0.01,38,58059,买盘
11:02:57,15.27,0.0,103,157227,买盘
11:03:00,15.26,-0.01,29,44254,卖盘
11:03:04,15.26,0.0,725,1106389,卖盘
11:03:06,15.27,0.01,98,149639,买盘
11:03:10,15.26,-0.01,65,99237,卖盘
11:03:15,15.27,0.01,40,61079,买盘
11:03:19,15.27,0.0,349,532720,买盘
11:03:22,15.26,-0.01,213,325101,卖盘
11:03:25,15.26,0.0,22,33572,买盘
11:03:27,15.25,-0.01,133,202925,卖盘
11:03:31,15.27,0.02,61,93125,买盘
11:03:34,15.26,-0.01,49,74815,卖盘
11:03:37,15.26,0.0,25,38152,卖盘
11:03:39,15.27,0.01,115,175534,买盘
11:03:42,15.26,-0.01,7,10684,卖盘
11:03:45,15.27,0.01,35,53412,买盘
11:03:48,15.27,0.0,2,3054,买盘
11:03:52,15.26,-0.01,127,193853,卖盘
11:03:55,15.26,0.0,32,49480,卖盘
11:03:57,15.26,0.0,29,44258,卖盘
11:04:00,15.27,0.01,156,238109,买盘
11:04:04,15.27,0.0,60,91616,买盘
11:04:07,15.27,0.0,12,18324,买盘
11:04:09,15.27,0.0,13,19851,买盘
11:04:12,15.27,0.0,40,61080,买盘
11:04:16,15.27,0.0,14,21369,买盘
11:04:18,15.26,-0.01,83,126659,卖盘
11:04:22,15.26,0.0,513,782838,卖盘
11:04:24,15.26,0.0,98,149628,卖盘
11:04:28,15.27,0.01,9,13737,买盘
11:04:30,15.27,0.0,51,76821,买盘
11:04:33,15.26,-0.01,21,32046,卖盘
11:04:37,15.27,0.01,49,74823,买盘
11:04:39,15.26,-0.01,32,48852,卖盘
11:04:42,15.26,0.0,15,22895,卖盘
11:04:46,15.26,0.0,8,12210,卖盘
11:04:48,15.27,0.01,460,702410,买盘
11:04:52,15.28,0.01,98,149643,买盘
11:04:55,15.28,0.0,73,111519,买盘
11:04:58,15.28,0.0,71,108473,买盘
11:05:00,15.28,0.0,32,48896,买盘
11:05:04,15.27,-0.01,132,201568,卖盘
11:05:06,15.27,0.0,188,286981,卖盘
11:05:09,15.27,0.0,77,117639,买盘
11:05:13,15.27,0.0,87,132881,卖盘
11:05:16,15.28,0.01,14,21392,买盘
11:05:18,15.28,0.0,7,10695,买盘
11:05:22,15.27,-0.01,68,103879,卖盘
11:05:24,15.28,0.01,12,18336,买盘
11:05:28,15.28,0.0,24,36672,买盘
11:05:30,15.28,0.0,53,80982,买盘
11:05:33,15.28,0.0,10,15280,买盘
11:05:37,15.27,-0.01,9,13747,卖盘
11:05:40,15.28,0.01,3,4584,买盘
11:05:43,15.27,-0.01,63,96244,卖盘
11:05:45,15.28,0.01,18,27504,买盘
11:05:48,15.28,0.0,3,4584,买盘
11:05:51,15.28,0.0,1,1528,买盘
11:05:55,15.28,0.0,57,87095,买盘
11:05:58,15.28,0.0,44,67210,买盘
11:06:01,15.28,0.0,42,64176,买盘
11:06:04,15.27,-0.01,58,88623,卖盘
11:06:07,15.28,0.01,422,644416,买盘
11:06:10,15.28,0.0,76,116333,买盘
11:06:12,15.28,0.0,12,18336,买盘
11:06:15,15.28,0.0,67,102376,买盘
11:06:18,15.28,0.0,20,30560,买盘
11:06:22,15.28,0.0,28,42784,买盘
11:06:25,15.28,0.0,79,120834,买盘
11:06:28,15.28,0.0,41,62624,买盘
11:06:30,15.28,0.0,37,56517,买盘
11:06:34,15.28,0.0,5,7640,买盘
11:06:36,15.28,0.0,75,114600,买盘
11:06:39,15.28,0.0,15,22920,买盘
11:06:42,15.28,0.0,284,433952,买盘
11:06:45,15.28,0.0,77,117732,卖盘
11:06:49,15.28,0.0,96,146769,卖盘
11:06:51,15.27,-0.01,111,169619,卖盘
11:06:55,15.28,0.01,73,111544,买盘
11:06:58,15.28,0.0,65,99320,买盘
11:07:00,15.28,0.0,36,55008,买盘
11:07:04,15.28,0.0,9,13752,买盘
11:07:07,15.28,0.0,47,71816,买盘
11:07:09,15.29,0.01,52,79499,买盘
11:07:12,15.29,0.0,11,16819,买盘
11:07:16,15.28,-0.01,42,64179,卖盘
11:07:19,15.28,0.0,39,59602,卖盘
11:07:21,15.29,0.01,46,70334,买盘
11:07:25,15.28,-0.01,49,74881,卖盘
11:07:27,15.29,0.01,22,33638,买盘
11:07:31,15.29,0.0,51,77979,买盘
11:07:34,15.29,0.0,10,15290,买盘
11:07:36,15.29,0.0,18,27522,买盘
11:07:39,15.29,0.0,35,53512,买盘
11:07:43,15.29,0.0,45,68805,买盘
11:07:45,15.28,-0.01,20,30576,卖盘
11:07:49,15.29,0.01,4,6116,买盘
11:07:51,15.28,-0.01,14,21405,卖盘
11:07:54,15.29,0.01,38,58102,买盘
11:07:58,15.29,0.0,47,71863,买盘
11:08:01,15.29,0.0,12,18834,买盘
11:08:04,15.29,0.0,95,145255,买盘
11:08:07,15.28,-0.01,26,39743,卖盘
11:08:10,15.29,0.01,13,19873,买盘
11:08:13,15.29,0.0,3,4587,买盘
11:08:15,15.29,0.0,44,67269,买盘
11:08:19,15.28,-0.01,38,58083,卖盘
11:08:21,15.29,0.01,41,62689,买盘
11:08:24,15.29,0.0,13,19877,买盘
11:08:27,15.29,0.0,46,70334,买盘
11:08:31,15.29,0.0,17,25788,买盘
11:08:33,15.28,-0.01,476,727046,卖盘
11:08:36,15.29,0.01,123,187989,买盘
11:08:40,15.29,0.0,57,87118,买盘
11:08:43,15.29,0.0,9,13761,买盘
11:08:46,15.28,-0.01,58,88626,卖盘
11:08:48,15.29,0.01,72,110088,买盘
11:08:51,15.29,0.0,19,29045,买盘
11:08:55,15.28,-0.01,23,35147,卖盘
11:08:57,15.29,0.01,6,9174,买盘
11:09:00,15.29,0.0,40,61160,买盘
11:09:04,15.29,0.0,66,100856,买盘
11:09:07,15.3,0.01,3161,4835271,买盘
11:09:10,15.3,0.0,587,898659,卖盘
11:09:12,15.31,0.01,88,134728,买盘
11:09:16,15.3,-0.01,61,93381,卖盘
11:09:18,15.31,0.01,14,21434,买盘
11:09:22,15.31,0.0,104,159198,买盘
11:09:24,15.3,-0.01,51,78047,卖盘
11:09:28,15.31,0.01,72,110232,买盘
11:09:30,15.31,0.0,13,19903,买盘
11:09:33,15.31,0.0,76,116356,买盘
11:09:36,15.31,0.0,16,24496,买盘
11:09:39,15.3,-0.01,52,79606,卖盘
11:09:42,15.31,0.01,143,218835,买盘
11:09:46,15.31,0.0,60,91860,买盘
11:09:48,15.31,0.0,9,13779,买盘
11:09:52,15.31,0.0,36,55116,买盘
11:09:54,15.3,-0.01,53,80649,卖盘
11:09:57,15.31,0.01,55,84205,买盘
11:10:00,15.3,-0.01,17,26020,卖盘
11:10:05,15.31,0.01,36,55116,买盘
11:10:06,15.3,-0.01,75,114795,卖盘
11:10:10,15.3,0.0,69,105619,卖盘
11:10:12,15.31,0.01,11,16841,买盘
11:10:16,15.31,0.0,346,529674,买盘
11:10:18,15.31,0.0,228,349019,买盘
11:10:22,15.31,0.0,93,142363,买盘
11:10:24,15.31,0.0,168,257055,买盘
11:10:28,15.31,0.0,622,951758,买盘
11:10:30,15.31,0.0,721,1103301,买盘
11:10:33,15.31,0.0,189,290323,买盘
11:10:36,15.3,-0.01,116,177511,卖盘
11:10:39,15.3,0.0,118,180638,卖盘
11:10:43,15.31,0.01,20,30620,买盘
11:10:45,15.3,-0.01,255,390188,卖盘
11:10:49,15.3,0.0,202,309175,卖盘
11:10:51,15.31,0.01,44,67354,买盘
11:10:54,15.3,-0.01,46,69595,卖盘
11:10:57,15.3,0.0,33,50490,买盘
11:11:00,15.3,0.0,176,269280,买盘
11:11:04,15.3,0.0,29,44370,买盘
11:11:06,15.3,0.0,29,44370,买盘
11:11:09,15.29,-0.01,17,26333,卖盘
11:11:12,15.29,0.0,190,290227,卖盘
11:11:15,15.28,-0.01,93,142135,卖盘
11:11:18,15.29,0.01,74,113101,买盘
11:11:22,15.29,0.0,175,267553,买盘
11:11:25,15.29,0.0,105,160545,买盘
11:11:28,15.28,-0.01,36,55025,卖盘
11:11:31,15.29,0.01,10,15290,买盘
11:11:33,15.28,-0.01,120,183400,卖盘
11:11:37,15.29,0.01,21,32109,买盘
11:11:40,15.28,-0.01,159,242958,卖盘
11:11:42,15.29,0.01,194,296205,买盘
11:11:45,15.28,-0.01,238,363881,卖盘
11:11:48,15.29,0.01,64,97830,买盘
11:11:51,15.29,0.0,10,15290,买盘
11:11:55,15.29,0.0,6,9174,买盘
11:11:57,15.29,0.0,43,65747,买盘
11:12:01,15.29,0.0,151,230839,买盘
11:12:04,15.29,0.0,52,79479,买盘
11:12:07,15.29,0.0,90,137571,买盘
11:12:09,15.29,0.0,58,88667,买盘
11:12:12,15.28,-0.01,36,55017,卖盘
11:12:16,15.29,0.01,97,148584,买盘
11:12:19,15.28,-0.01,69,105446,中性盘
11:12:21,15.29,0.01,512,782750,买盘
11:12:25,15.28,-0.01,111,169708,中性盘
11:12:28,15.29,0.01,146,223215,买盘
11:12:30,15.29,0.0,125,191104,买盘
11:12:33,15.27,-0.02,313,478243,卖盘
11:12:36,15.29,0.02,47,71863,买盘
11:12:40,15.29,0.0,55,84095,买盘
11:12:42,15.27,-0.02,57,87059,卖盘
11:12:46,15.29,0.02,8,12232,买盘
11:12:48,15.28,-0.01,35,53482,卖盘
11:12:51,15.28,0.0,104,158981,卖盘
11:12:55,15.28,0.0,114,174195,买盘
11:12:57,15.28,0.0,26,39728,买盘
11:13:00,15.28,0.0,9,13752,买盘
11:13:05,15.27,-0.01,54,82517,卖盘
11:13:06,15.29,0.02,11,16819,买盘
11:13:09,15.27,-0.02,51,77878,卖盘
11:13:12,15.28,0.01,59,90138,买盘
11:13:15,15.28,0.0,11,16808,买盘
11:13:18,15.28,0.0,6,9168,买盘
11:13:21,15.28,0.0,31,47366,买盘
11:13:25,15.27,-0.01,81,123732,卖盘
11:13:27,15.28,0.01,15,22920,买盘
11:13:30,15.28,0.0,15,22920,买盘
11:13:33,15.28,0.0,454,693613,买盘
11:13:37,15.28,0.0,149,227672,买盘
11:13:40,15.27,-0.01,39,59581,卖盘
11:13:42,15.28,0.01,60,91672,买盘
11:13:45,15.28,0.0,51,77928,买盘
11:13:48,15.28,0.0,68,103904,买盘
11:13:52,15.28,0.0,82,125265,买盘
11:13:55,15.28,0.0,354,540786,买盘
11:13:57,15.29,0.01,125,191028,买盘
11:14:01,15.29,0.0,55,84064,买盘
11:14:04,15.28,-0.01,191,291889,卖盘
11:14:07,15.29,0.01,29,44341,买盘
11:14:09,15.28,-0.01,175,267482,卖盘
11:14:13,15.29,0.01,31,47399,买盘
11:14:15,15.28,-0.01,98,149749,卖盘
11:14:18,15.29,0.01,56,85624,买盘
11:14:22,15.28,-0.01,107,163538,卖盘
11:14:25,15.28,0.0,81,123774,买盘
11:14:28,15.28,0.0,8,12224,买盘
11:14:30,15.27,-0.01,248,378802,卖盘
11:14:33,15.29,0.02,40,61160,买盘
11:14:36,15.28,-0.01,200,305547,卖盘
11:14:40,15.28,0.0,34,51952,买盘
11:14:42,15.28,0.0,44,67232,买盘
11:14:45,15.28,0.0,8,12224,买盘
11:14:49,15.27,-0.01,97,148122,卖盘
11:14:52,15.28,0.01,58,88624,买盘
11:14:54,15.28,0.0,17,25971,买盘
11:14:57,15.28,0.0,72,109948,买盘
11:15:00,15.28,0.0,50,76377,买盘
11:15:04,15.27,-0.01,171,261165,卖盘
11:15:06,15.28,0.01,217,331490,买盘
11:15:09,15.27,-0.01,72,109977,卖盘
11:15:12,15.27,0.0,2,3054,买盘
11:15:15,15.27,0.0,150,229196,卖盘
11:15:19,15.28,0.01,28,42784,买盘
11:15:21,15.28,0.0,55,83999,买盘
11:15:24,15.29,0.01,57,87117,买盘
11:15:28,15.28,-0.01,164,250314,中性盘
11:15:31,15.28,0.0,27,41256,买盘
11:15:33,15.28,0.0,15,22919,买盘
11:15:37,15.28,0.0,39,59592,买盘
11:15:39,15.28,0.0,12,18335,买盘
11:15:42,15.27,-0.01,13,19853,卖盘
11:15:46,15.28,0.01,56,85568,买盘
11:15:48,15.27,-0.01,140,213859,卖盘
11:15:52,15.27,0.0,103,157278,买盘
11:15:54,15.27,0.0,1,1527,买盘
11:15:57,15.27,0.0,58,88566,买盘
11:16:01,15.27,0.0,167,255009,买盘
11:16:05,15.27,0.0,70,106890,买盘
11:16:06,15.25,-0.02,5133,7830122,卖盘
11:16:09,15.26,0.01,580,884227,买盘
11:16:12,15.27,0.01,40,61082,中性盘
11:16:15,15.27,0.0,40,61116,卖盘
11:16:18,15.27,0.0,45,68750,卖盘
11:16:21,15.27,0.0,56,85552,卖盘
11:16:25,15.27,0.0,307,468551,卖盘
11:16:28,15.28,0.01,11,16798,买盘
11:16:31,15.28,0.0,72,110016,买盘
11:16:34,15.28,0.0,20,30542,买盘
11:16:36,15.27,-0.01,38,58062,卖盘
11:16:39,15.27,0.0,52,79404,卖盘
11:16:42,15.28,0.01,147,224599,买盘
11:16:45,15.27,-0.01,15,22908,卖盘
11:16:48,15.27,0.0,36,55005,卖盘
11:16:51,15.27,0.0,5,7635,卖盘
11:16:55,15.27,0.0,80,122232,卖盘
11:16:58,15.28,0.01,338,516129,买盘
11:17:00,15.28,0.0,80,122240,买盘
11:17:04,15.27,-0.01,46,70283,卖盘
11:17:06,15.27,0.0,52,79443,卖盘
11:17:09,15.27,0.0,35,53445,卖盘
11:17:13,15.27,0.0,49,74826,卖盘
11:17:15,15.27,0.0,138,210820,卖盘
11:17:19,15.25,-0.02,154,234778,卖盘
11:17:27,15.26,0.01,44,67184,买盘
11:17:30,15.25,-0.01,236,360059,卖盘
11:17:36,15.27,0.02,59,90075,买盘
11:17:39,15.26,-0.01,23,35099,卖盘
11:17:43,15.27,0.01,226,345069,买盘
11:17:46,15.26,-0.01,38,57988,买盘
11:17:49,15.27,0.01,48,73296,买盘
11:17:52,15.26,-0.01,5,7633,中性盘
11:17:55,15.27,0.01,11,16797,买盘
11:17:57,15.26,-0.01,8,12215,卖盘
11:18:00,15.27,0.01,46,70242,买盘
11:18:05,15.27,0.0,404,616908,买盘
11:18:07,15.27,0.0,35,53445,买盘
11:18:12,15.26,-0.01,87,132829,卖盘
11:18:15,15.27,0.01,2,3054,买盘
11:18:19,15.27,0.0,31,47337,买盘
11:18:22,15.27,0.0,48,73296,买盘
11:18:24,15.27,0.0,39,59552,买盘
11:18:28,15.27,0.0,45,68702,买盘
11:18:31,15.27,0.0,41,62568,买盘
11:18:33,15.26,-0.01,88,134357,卖盘
11:18:36,15.26,0.0,56,85491,卖盘
11:18:40,15.26,0.0,57,87002,卖盘
11:18:43,15.27,0.01,642,979745,买盘
11:18:45,15.27,0.0,84,128222,买盘
11:18:49,15.26,-0.01,1,1526,卖盘
11:18:51,15.26,0.0,61,93117,卖盘
11:18:55,15.26,0.0,114,174041,卖盘
11:18:58,15.27,0.01,303,462303,买盘
11:19:00,15.27,0.0,42,64114,买盘
11:19:04,15.26,-0.01,74,112962,卖盘
11:19:06,15.27,0.01,67,102309,买盘
11:19:10,15.27,0.0,2,3054,买盘
11:19:12,15.27,0.0,501,764527,买盘
11:19:15,15.27,0.0,84,129301,买盘
11:19:18,15.26,-0.01,7,10682,卖盘
11:19:22,15.26,0.0,51,77861,卖盘
11:19:25,15.26,0.0,59,90034,卖盘
11:19:28,15.26,0.0,155,235492,卖盘
11:19:30,15.26,0.0,48,73248,买盘
11:19:34,15.25,-0.01,120,183020,卖盘
11:19:36,15.26,0.01,33,50358,买盘
11:19:40,15.26,0.0,133,202876,买盘
11:19:43,15.26,0.0,29,44234,买盘
11:19:45,15.25,-0.01,5,7625,卖盘
11:19:49,15.26,0.01,39,59514,买盘
11:19:52,15.26,0.0,14,21355,买盘
11:19:55,15.26,0.0,31,47306,买盘
11:19:57,15.25,-0.01,8,12207,卖盘
11:20:00,15.26,0.01,51,77826,买盘
11:20:05,15.26,0.0,137,209030,买盘
11:20:07,15.26,0.0,37,56460,买盘
11:20:09,15.25,-0.01,82,125081,卖盘
11:20:12,15.25,0.0,48,74460,卖盘
11:20:15,15.26,0.01,2,3052,买盘
11:20:18,15.26,0.0,25,38136,买盘
11:20:21,15.25,-0.01,182,277626,卖盘
11:20:25,15.26,0.01,45,68658,买盘
11:20:27,15.26,0.0,7,10676,买盘
11:20:30,15.26,0.0,46,70182,买盘
11:20:33,15.26,0.0,97,148001,买盘
11:20:36,15.26,0.0,73,111368,买盘
11:20:40,15.26,0.0,203,309607,买盘
11:20:42,15.25,-0.01,39,59511,卖盘
11:20:45,15.26,0.01,44,67144,买盘
11:20:48,15.25,-0.01,185,282128,卖盘
11:20:51,15.25,0.0,15,22875,卖盘
11:20:54,15.26,0.01,65,99186,买盘
11:20:58,15.25,-0.01,45,68658,卖盘
11:21:00,15.26,0.01,119,181485,买盘
11:21:04,15.25,-0.01,17,25925,卖盘
11:21:07,15.25,0.0,38,57987,卖盘
11:21:10,15.26,0.01,37,56428,买盘
11:21:13,15.25,-0.01,41,62556,卖盘
11:21:15,15.26,0.01,434,662284,买盘
11:21:19,15.25,-0.01,79,120553,卖盘
11:21:21,15.26,0.01,83,126598,买盘
11:21:24,15.25,-0.01,40,61035,卖盘
11:21:27,15.25,0.0,125,190711,卖盘
11:21:30,15.26,0.01,39,59514,买盘
11:21:33,15.26,0.0,53,80328,买盘
11:21:39,15.26,0.0,41,62566,买盘
11:21:42,15.26,0.0,6,9156,买盘
11:21:45,15.25,-0.01,166,253182,卖盘
11:21:48,15.26,0.01,246,375210,买盘
11:21:52,15.26,0.0,44,67144,买盘
11:21:54,15.25,-0.01,18,27455,卖盘
11:21:58,15.25,0.0,1063,1622088,卖盘
11:22:00,15.26,0.01,151,230302,买盘
11:22:04,15.26,0.0,2,3052,买盘
11:22:07,15.25,-0.01,63,96128,卖盘
11:22:09,15.26,0.01,10,15260,买盘
11:22:12,15.26,0.0,174,265523,买盘
11:22:15,15.26,0.0,41,62566,买盘
11:22:18,15.26,0.0,84,128184,买盘
11:22:21,15.26,0.0,22,33572,买盘
11:22:25,15.26,0.0,155,236510,买盘
11:22:27,15.26,0.0,5,7630,买盘
11:22:30,15.26,0.0,77,117484,买盘
11:22:34,15.26,0.0,93,141918,买盘
11:22:36,15.26,0.0,2,3052,买盘
11:22:40,15.26,0.0,50,76300,买盘
11:22:42,15.26,0.0,32,48827,买盘
11:22:45,15.27,0.01,1209,1844964,买盘
11:22:48,15.27,0.0,63,96201,买盘
11:22:54,15.26,-0.01,111,169492,卖盘
11:22:58,15.26,0.0,90,137380,卖盘
11:23:00,15.27,0.01,39,59553,买盘
11:23:05,15.27,0.0,41,62607,买盘
11:23:07,15.27,0.0,89,135903,买盘
11:23:09,15.27,0.0,128,195411,买盘
11:23:13,15.26,-0.01,1040,1588076,卖盘
11:23:16,15.26,0.0,26,39676,卖盘
11:23:18,15.27,0.01,113,172546,买盘
11:23:21,15.27,0.0,44,67179,买盘
11:23:24,15.27,0.0,162,247274,买盘
11:23:28,15.26,-0.01,31,47307,卖盘
11:23:30,15.27,0.01,75,114525,买盘
11:23:33,15.26,-0.01,90,137374,卖盘
11:23:36,15.27,0.01,35,53445,买盘
11:23:39,15.26,-0.01,854,1303856,卖盘
11:23:42,15.26,0.0,148,225927,卖盘
11:23:45,15.26,0.0,736,1123041,卖盘
11:23:49,15.26,0.0,625,953276,买盘
11:23:51,15.27,0.01,150,228941,买盘
11:23:54,15.27,0.0,30,45810,买盘
11:23:58,15.26,-0.01,48,73282,卖盘
11:24:01,15.27,0.01,4,6106,买盘
11:24:04,15.27,0.0,994,1517828,买盘
11:24:06,15.26,-0.01,1496,2284346,卖盘
11:24:09,15.28,0.02,224,342060,买盘
11:24:12,15.28,0.0,397,605987,买盘
11:24:15,15.28,0.0,73,111544,买盘
11:24:19,15.28,0.0,65,99320,买盘
11:24:21,15.28,0.0,73,111539,买盘
11:24:24,15.28,0.0,83,126824,买盘
11:24:28,15.28,0.0,186,284208,买盘
11:24:31,15.29,0.01,2,3058,买盘
11:24:33,15.3,0.01,2005,3065722,买盘
11:24:37,15.29,-0.01,55,84135,中性盘
11:24:39,15.3,0.01,90,137700,买盘
11:24:43,15.3,0.0,32,48960,买盘
11:24:45,15.28,-0.02,178,272221,卖盘
11:24:49,15.29,0.01,166,253882,卖盘
11:24:51,15.29,0.0,138,211038,卖盘
11:24:55,15.3,0.01,72,110156,买盘
11:24:57,15.3,0.0,53,81090,买盘
11:25:01,15.3,0.0,58,88740,买盘
11:25:04,15.3,0.0,12,18360,买盘
11:25:07,15.3,0.0,55,84150,买盘
11:25:09,15.3,0.0,122,186656,买盘
11:25:12,15.3,0.0,68,104020,买盘
11:25:16,15.3,0.0,115,175950,买盘
11:25:19,15.3,0.0,60,91785,买盘
11:25:22,15.3,0.0,46,70380,买盘
11:25:24,15.3,0.0,80,122400,买盘
11:25:27,15.3,0.0,12,18359,买盘
11:25:31,15.29,-0.01,166,253945,卖盘
11:25:34,15.3,0.01,33,50488,买盘
11:25:36,15.29,-0.01,44,67312,卖盘
11:25:40,15.3,0.01,20,30600,买盘
11:25:42,15.29,-0.01,137,209578,卖盘
11:25:45,15.3,0.01,30,45872,买盘
11:25:49,15.3,0.0,55,84150,买盘
11:25:52,15.3,0.0,13,19890,买盘
11:25:55,15.3,0.0,81,123930,买盘
11:25:57,15.3,0.0,32,48960,买盘
11:26:01,15.3,0.0,36,55080,买盘
11:26:04,15.29,-0.01,80,122360,卖盘
11:26:07,15.29,0.0,52,79555,卖盘
11:26:09,15.3,0.01,12,18358,买盘
11:26:13,15.29,-0.01,123,188159,卖盘
11:26:15,15.29,0.0,154,235555,卖盘
11:26:19,15.29,0.0,39,60337,卖盘
11:26:21,15.29,0.0,140,214112,卖盘
11:26:24,15.29,0.0,66,100914,卖盘
11:26:27,15.29,0.0,235,358682,卖盘
11:26:30,15.29,0.0,110,168171,买盘
11:26:33,15.29,0.0,3,4587,买盘
11:26:36,15.29,0.0,57,87143,买盘
11:26:40,15.28,-0.01,119,181851,卖盘
11:26:42,15.29,0.01,30,45870,买盘
11:26:45,15.29,0.0,62,94798,买盘
11:26:48,15.29,0.0,49,74686,买盘
11:26:52,15.28,-0.01,4,6112,卖盘
11:26:54,15.28,0.0,91,139114,卖盘
11:26:58,15.29,0.01,378,577620,买盘
11:27:00,15.29,0.0,106,162245,买盘
11:27:04,15.28,-0.01,63,96298,卖盘
11:27:06,15.29,0.01,9,13761,买盘
11:27:09,15.25,-0.04,3125,4767850,卖盘
11:27:12,15.25,0.0,1882,2870172,买盘
11:27:16,15.28,0.03,87,132936,买盘
11:27:18,15.28,0.0,65,99320,买盘
11:27:21,15.28,0.0,234,357440,买盘
11:27:25,15.27,-0.01,49,74823,卖盘
11:27:27,15.28,0.01,10,15280,买盘
11:27:30,15.28,0.0,44,67232,买盘
11:27:34,15.28,0.0,120,183340,买盘
11:27:36,15.28,0.0,51,77928,买盘
11:27:42,15.28,0.0,93,142103,买盘
11:27:46,15.28,0.0,15,22920,买盘
11:27:48,15.27,-0.01,70,106955,卖盘
11:27:51,15.27,0.0,26,39702,卖盘
11:27:55,15.28,0.01,380,580640,买盘
11:27:57,15.28,0.0,8,12224,卖盘
11:28:01,15.29,0.01,38,58102,买盘
11:28:04,15.29,0.0,31,47399,买盘
11:28:07,15.29,0.0,83,126907,买盘
11:28:09,15.28,-0.01,195,297960,卖盘
11:28:13,15.29,0.01,35,53515,买盘
11:28:15,15.29,0.0,48,73392,买盘
11:28:19,15.29,0.0,77,117733,买盘
11:28:21,15.28,-0.01,4,6115,卖盘
11:28:25,15.28,0.0,85,129933,卖盘
11:28:28,15.29,0.01,63,96305,买盘
11:28:30,15.29,0.0,47,71853,买盘
11:28:34,15.29,0.0,153,233937,买盘
11:28:36,15.28,-0.01,310,473955,卖盘
11:28:39,15.28,0.0,102,156235,卖盘
11:28:45,15.29,0.01,55,84083,买盘
11:28:48,15.28,-0.01,85,129945,卖盘
11:28:52,15.28,0.0,427,652216,卖盘
11:28:54,15.27,-0.01,97,148215,卖盘
11:28:58,15.27,0.0,8,13102,卖盘
11:29:00,15.28,0.01,41,62648,买盘
11:29:04,15.27,-0.01,20,29823,卖盘
11:29:07,15.28,0.01,49,74872,买盘
11:29:09,15.28,0.0,88,134450,买盘
11:29:12,15.28,0.0,3,4584,买盘
11:29:16,15.28,0.0,1,1528,买盘
11:29:18,15.27,-0.01,28,42756,卖盘
11:29:21,15.28,0.01,82,125286,买盘
11:29:25,15.28,0.0,100,152800,买盘
11:29:27,15.27,-0.01,8,12216,卖盘
11:29:31,15.28,0.01,102,155856,买盘
11:29:33,15.28,0.0,120,183350,买盘
11:29:37,15.28,0.0,9,13752,买盘
11:29:39,15.27,-0.01,36,55646,卖盘
11:29:42,15.28,0.01,73,111514,买盘
11:29:45,15.27,-0.01,7,10692,卖盘
11:29:49,15.27,0.0,113,172564,卖盘
11:29:54,15.28,0.01,108,164991,买盘
11:29:58,15.27,-0.01,110,168007,卖盘
11:30:01,15.28,0.01,10,15274,买盘
13:00:00,15.28,0.0,164,250572,买盘
13:00:04,15.28,0.0,1401,2139680,买盘
13:00:06,15.28,0.0,396,605026,卖盘
13:00:09,15.27,-0.01,159,242943,中性盘
13:00:12,15.27,0.0,193,294584,买盘
13:00:15,15.26,-0.01,85,129745,卖盘
13:00:18,15.26,0.0,87,132839,卖盘
13:00:21,15.27,0.01,324,494759,买盘
13:00:24,15.27,0.0,92,140493,买盘
13:00:27,15.28,0.01,285,435049,买盘
13:00:30,15.27,-0.01,76,116153,中性盘
13:00:33,15.26,-0.01,80,122149,卖盘
13:00:37,15.28,0.02,16,24448,买盘
13:00:39,15.27,-0.01,1414,2157843,卖盘
13:00:43,15.26,-0.01,100,152005,卖盘
13:00:45,15.26,0.0,41,62582,买盘
13:00:49,15.29,0.03,31,47388,买盘
13:00:51,15.28,-0.01,43,65705,中性盘
13:00:55,15.28,0.0,7,10696,中性盘
13:00:57,15.27,-0.01,3,4581,中性盘
13:01:00,15.27,0.0,35,53432,买盘
13:01:04,15.27,0.0,195,297679,买盘
13:01:07,15.27,0.0,2207,3366058,买盘
13:01:10,15.28,0.01,58,88573,买盘
13:01:12,15.28,0.0,51,77908,买盘
13:01:15,15.27,-0.01,13,19851,中性盘
13:01:18,15.27,0.0,70,106890,卖盘
13:01:21,15.27,0.0,140,213820,卖盘
13:01:25,15.26,-0.01,143,218291,卖盘
13:01:28,15.26,0.0,28,42731,卖盘
13:01:31,15.25,-0.01,37,56459,卖盘
13:01:33,15.26,0.01,11,16786,卖盘
13:01:36,15.27,0.01,129,196884,买盘
13:01:40,15.26,-0.01,15,22880,中性盘
13:01:42,15.26,0.0,84,128158,买盘
13:01:45,15.25,-0.01,124,189185,卖盘
13:01:48,15.25,0.0,12,18303,卖盘
13:01:51,15.26,0.01,195,297509,买盘
13:01:54,15.25,-0.01,26,39661,卖盘
13:01:57,15.25,0.0,57,86966,卖盘
13:02:04,15.25,0.0,36,54900,卖盘
13:02:06,15.26,0.01,447,681737,买盘
13:02:10,15.26,0.0,62,94612,买盘
13:02:12,15.25,-0.01,47,71675,卖盘
13:02:15,15.25,0.0,39,59500,卖盘
13:02:18,15.26,0.01,115,175422,买盘
13:02:22,15.26,0.0,98,148969,买盘
13:02:25,15.25,-0.01,12,18301,卖盘
13:02:27,15.26,0.01,154,235004,买盘
13:02:30,15.25,-0.01,204,311684,卖盘
13:02:33,15.25,0.0,3,4575,买盘
13:02:36,15.26,0.01,64,97604,买盘
13:02:39,15.25,-0.01,46,70150,买盘
13:02:42,15.25,0.0,53,80840,买盘
13:02:45,15.25,0.0,32,48801,卖盘
13:02:48,15.24,-0.01,81,123459,卖盘
13:02:52,15.24,0.0,1101,1678773,卖盘
13:02:54,15.25,0.01,35,53408,中性盘
13:02:57,15.25,0.0,145,221173,买盘
13:03:00,15.25,0.0,11,16775,卖盘
13:03:05,15.25,0.0,53,80950,卖盘
13:03:07,15.28,0.03,12,18325,买盘
13:03:10,15.28,0.0,63,96188,买盘
13:03:15,15.28,0.0,41,62638,买盘
13:03:18,15.28,0.0,79,120608,买盘
13:03:22,15.27,-0.01,7,10684,中性盘
13:03:25,15.28,0.01,85,129815,买盘
13:03:27,15.28,0.0,12,18336,买盘
13:03:30,15.28,0.0,40,61048,买盘
13:03:33,15.27,-0.01,13,19851,中性盘
13:03:37,15.26,-0.01,87,132834,中性盘
13:03:39,15.27,0.01,82,125205,买盘
13:03:42,15.27,0.0,14,21378,买盘
13:03:45,15.26,-0.01,28,42745,卖盘
13:03:48,15.28,0.02,80,122204,买盘
13:03:51,15.26,-0.02,42,64092,卖盘
13:03:54,15.26,0.0,26,39691,卖盘
13:03:57,15.27,0.01,80,122095,买盘
13:04:00,15.27,0.0,21,32048,买盘
13:04:07,15.26,-0.01,25,38150,买盘
13:04:10,15.26,0.0,50,76345,卖盘
13:04:13,15.26,0.0,49,74776,买盘
13:04:15,15.25,-0.01,19,28983,卖盘
13:04:18,15.25,0.0,88,134245,卖盘
13:04:21,15.28,0.03,43,65704,买盘
13:04:24,15.28,0.0,215,327929,买盘
13:04:27,15.27,-0.01,23,35121,买盘
13:04:31,15.28,0.01,101,154173,买盘
13:04:33,15.28,0.0,259,395752,买盘
13:04:36,15.28,0.0,41,62646,买盘
13:04:39,15.28,0.0,3,4582,买盘
13:04:42,15.28,0.0,89,135979,买盘
13:04:45,15.26,-0.02,100,152724,卖盘
13:04:48,15.27,0.01,23,35107,买盘
13:04:51,15.26,-0.01,33,50333,买盘
13:04:54,15.26,0.0,63,96210,买盘
13:04:57,15.26,0.0,7,10682,卖盘
13:05:00,15.28,0.02,226,344731,买盘
13:05:04,15.26,-0.02,46,70200,中性盘
13:05:07,15.26,0.0,66,100769,买盘
13:05:10,15.27,0.01,10,15261,买盘
13:05:13,15.28,0.01,33,50353,买盘
13:05:15,15.26,-0.02,112,171101,中性盘
13:05:18,15.27,0.01,17,25959,买盘
13:05:21,15.26,-0.01,25,38157,卖盘
13:05:24,15.27,0.01,16,24432,买盘
13:05:27,15.27,0.0,165,251892,买盘
13:05:30,15.27,0.0,136,207752,卖盘
13:05:33,15.27,0.0,9,13743,卖盘
13:05:36,15.28,0.01,222,339049,买盘
13:05:39,15.28,0.0,23,35124,买盘
13:05:42,15.27,-0.01,81,123716,卖盘
13:05:45,15.27,0.0,89,135936,卖盘
13:05:48,15.28,0.01,74,113068,买盘
13:05:51,15.27,-0.01,24,36670,卖盘
13:05:54,15.27,0.0,21,32082,卖盘
13:05:57,15.28,0.01,33,50424,买盘
13:06:00,15.28,0.0,87,132844,买盘
13:06:04,15.27,-0.01,199,303972,卖盘
13:06:07,15.27,0.0,56,85511,买盘
13:06:09,15.26,-0.01,54,82406,卖盘
13:06:13,15.26,0.0,383,584358,卖盘
13:06:15,15.27,0.01,37,56499,买盘
13:06:18,15.27,0.0,42,64108,买盘
13:06:21,15.25,-0.02,62,94624,卖盘
13:06:24,15.26,0.01,2,3052,中性盘
13:06:27,15.25,-0.01,44,67123,卖盘
13:06:31,15.26,0.01,17,25958,中性盘
13:06:33,15.25,-0.01,104,158761,卖盘
13:06:36,15.26,0.01,325,495653,买盘
13:06:39,15.25,-0.01,77,117497,卖盘
13:06:42,15.26,0.01,145,221270,买盘
13:06:45,15.26,0.0,82,125178,卖盘
13:06:49,15.26,0.0,136,207593,卖盘
13:06:52,15.27,0.01,189,288547,买盘
13:06:54,15.27,0.0,41,62598,买盘
13:06:57,15.25,-0.02,7,10675,卖盘
13:07:01,15.27,0.02,19,29005,买盘
13:07:04,15.27,0.0,31,47337,买盘
13:07:07,15.27,0.0,70,106878,买盘
13:07:10,15.25,-0.02,1,1525,卖盘
13:07:12,15.27,0.02,17,25953,买盘
13:07:15,15.27,0.0,4,6108,买盘
13:07:18,15.27,0.0,118,180173,买盘
13:07:24,15.27,0.0,17,25957,买盘
13:07:27,15.26,-0.01,82,125209,卖盘
13:07:30,15.26,0.0,224,341993,卖盘
13:07:34,15.27,0.01,217,331158,买盘
13:07:36,15.26,-0.01,15,22904,中性盘
13:07:39,15.26,0.0,43,65659,卖盘
13:07:42,15.26,0.0,55,83945,卖盘
13:07:46,15.27,0.01,1,1527,买盘
13:07:48,15.27,0.0,73,111457,买盘
13:07:51,15.26,-0.01,160,244180,卖盘
13:07:54,15.25,-0.01,100,152650,卖盘
13:07:57,15.27,0.02,431,657321,买盘
13:08:00,15.27,0.0,105,160330,买盘
13:08:04,15.27,0.0,4,6108,买盘
13:08:07,15.26,-0.01,139,212247,卖盘
13:08:13,15.27,0.01,126,192344,买盘
13:08:16,15.27,0.0,154,235078,买盘
13:08:18,15.26,-0.01,49,74793,卖盘
13:08:21,15.27,0.01,151,230557,买盘
13:08:24,15.27,0.0,15,22905,买盘
13:08:27,15.27,0.0,140,213660,买盘
13:08:31,15.27,0.0,16,24432,买盘
13:08:33,15.26,-0.01,149,227522,卖盘
13:08:36,15.27,0.01,52,79378,买盘
13:08:39,15.26,-0.01,23,35118,卖盘
13:08:42,15.26,0.0,40,61068,卖盘
13:08:45,15.27,0.01,58,88566,买盘
13:08:48,15.27,0.0,52,79368,买盘
13:08:52,15.26,-0.01,95,144992,卖盘
13:08:54,15.27,0.01,85,129764,买盘
13:08:58,15.27,0.0,57,87039,买盘
13:09:00,15.26,-0.01,138,210745,卖盘
13:09:04,15.26,0.0,102,155654,卖盘
13:09:07,15.28,0.02,53,80962,买盘
13:09:10,15.26,-0.02,34,51884,卖盘
13:09:13,15.27,0.01,23,35133,卖盘
13:09:16,15.27,0.0,80,122161,卖盘
13:09:18,15.26,-0.01,75,114580,卖盘
13:09:22,15.27,0.01,7,10689,买盘
13:09:24,15.26,-0.01,33,50381,卖盘
13:09:27,15.26,0.0,97,148086,卖盘
13:09:30,15.27,0.01,984,1500973,中性盘
13:09:33,15.28,0.01,75,114588,买盘
13:09:36,15.27,-0.01,128,195456,买盘
13:09:39,15.27,0.0,43,65661,买盘
13:09:42,15.27,0.0,17,25959,买盘
13:09:46,15.26,-0.01,28,42728,卖盘
13:09:49,15.27,0.01,48,73265,买盘
13:09:52,15.26,-0.01,64,97709,卖盘
13:09:54,15.26,0.0,32,48860,卖盘
13:09:57,15.27,0.01,93,141739,买盘
13:10:00,15.27,0.0,21,32065,买盘
13:10:04,15.26,-0.01,149,227496,卖盘
13:10:07,15.26,0.0,153,233406,买盘
13:10:10,15.26,0.0,35,53408,买盘
13:10:12,15.26,0.0,100,152600,买盘
13:10:15,15.26,0.0,133,203007,买盘
13:10:19,15.26,0.0,15,22890,中性盘
13:10:21,15.26,0.0,21,32031,买盘
13:10:25,15.27,0.01,45,68690,买盘
13:10:27,15.27,0.0,83,126661,买盘
13:10:30,15.26,-0.01,35,53425,卖盘
13:10:33,15.27,0.01,43,65656,买盘
13:10:37,15.25,-0.02,628,957860,卖盘
13:10:40,15.27,0.02,36,54957,买盘
13:10:42,15.26,-0.01,34,51884,买盘
13:10:45,15.26,0.0,68,103822,卖盘
13:10:48,15.27,0.01,33,50359,买盘
13:10:51,15.27,0.0,32,48864,卖盘
13:10:55,15.27,0.0,26,39718,卖盘
13:10:58,15.28,0.01,140,213903,买盘
13:11:00,15.28,0.0,27,41244,买盘
13:11:04,15.27,-0.01,54,82458,卖盘
13:11:07,15.28,0.01,72,110011,买盘
13:11:12,15.28,0.0,80,122213,买盘
13:11:15,15.27,-0.01,1,1527,中性盘
13:11:18,15.28,0.01,40,61082,买盘
13:11:21,15.28,0.0,1,1528,买盘
13:11:25,15.28,0.0,103,157231,买盘
13:11:31,15.27,-0.01,86,131322,买盘
13:11:36,15.27,0.0,29,44283,买盘
13:11:39,15.27,0.0,41,62607,买盘
13:11:42,15.27,0.0,58,88556,买盘
13:11:45,15.26,-0.01,114,174065,卖盘
13:11:48,15.27,0.01,62,94674,买盘
13:11:52,15.25,-0.02,225,343384,卖盘
13:11:55,15.25,0.0,27,41209,卖盘
13:11:57,15.26,0.01,3,4579,买盘
13:12:01,15.27,0.01,73,111424,买盘
13:12:04,15.26,-0.01,45,68708,卖盘
13:12:07,15.27,0.01,43,65624,买盘
13:12:09,15.26,-0.01,28,42737,卖盘
13:12:12,15.28,0.02,15,22914,买盘
13:12:15,15.27,-0.01,74,113059,中性盘
13:12:18,15.27,0.0,18,27486,买盘
13:12:22,15.26,-0.01,100,152600,卖盘
13:12:25,15.27,0.01,56,85505,买盘
13:12:27,15.26,-0.01,56,85486,卖盘
13:12:30,15.28,0.02,60,91663,买盘
13:12:33,15.28,0.0,38,58047,买盘
13:12:36,15.28,0.0,98,149710,买盘
13:12:39,15.28,0.0,109,166354,买盘
13:12:42,15.28,0.0,66,100848,买盘
13:12:45,15.28,0.0,67,102363,买盘
13:12:48,15.28,0.0,189,288662,买盘
13:12:51,15.25,-0.03,337,514277,卖盘
13:12:54,15.26,0.01,772,1177339,买盘
13:12:57,15.26,0.0,148,225748,买盘
13:13:00,15.25,-0.01,417,636311,卖盘
13:13:04,15.25,0.0,54,82396,卖盘
13:13:07,15.26,0.01,32,48832,买盘
13:13:09,15.25,-0.01,69,105268,卖盘
13:13:12,15.26,0.01,25,38140,买盘
13:13:16,15.26,0.0,94,143384,买盘
13:13:19,15.25,-0.01,505,770147,卖盘
13:13:22,15.24,-0.01,106,161630,卖盘
13:13:24,15.25,0.01,114,174045,买盘
13:13:27,15.25,0.0,16,24400,买盘
13:13:30,15.25,0.0,117,178425,买盘
13:13:33,15.25,0.0,148,225693,买盘
13:13:36,15.25,0.0,30,45750,买盘
13:13:39,15.25,0.0,10,15250,买盘
13:13:42,15.25,0.0,1783,2716369,买盘
13:13:45,15.24,-0.01,79,120453,中性盘
13:13:48,15.25,0.01,17,25923,买盘
13:13:51,15.24,-0.01,15,22755,卖盘
13:13:55,15.25,0.01,88,134186,买盘
13:13:58,15.25,0.0,18,27446,买盘
13:14:00,15.25,0.0,71,108257,买盘
13:14:04,15.25,0.0,119,181465,买盘
13:14:06,15.25,0.0,41,62517,买盘
13:14:09,15.25,0.0,192,292777,买盘
13:14:13,15.25,0.0,49,74708,买盘
13:14:15,15.25,0.0,208,317185,买盘
13:14:19,15.25,0.0,288,439472,买盘
13:14:21,15.24,-0.01,143,218001,卖盘
13:14:25,15.25,0.01,21,32025,买盘
13:14:28,15.25,0.0,87,132660,买盘
13:14:30,15.25,0.0,53,80817,买盘
13:14:33,15.25,0.0,68,103667,买盘
13:14:37,15.26,0.01,74,112905,买盘
13:14:39,15.26,0.0,11,16778,买盘
13:14:46,15.25,-0.01,22,33550,卖盘
13:14:48,15.27,0.02,102,155651,买盘
13:14:51,15.26,-0.01,33,50332,买盘
13:14:54,15.26,0.0,6,9155,买盘
13:14:57,15.22,-0.04,4617,7031897,卖盘
13:15:00,15.22,0.0,262,398764,买盘
13:15:04,15.22,0.0,31,47182,买盘
13:15:06,15.22,0.0,147,223734,买盘
13:15:09,15.22,0.0,46,70012,买盘
13:15:12,15.21,-0.01,37,56295,卖盘
13:15:16,15.21,0.0,1465,2229651,卖盘
13:15:18,15.21,0.0,1842,2803129,卖盘
13:15:22,15.26,0.05,3102,4721944,买盘
13:15:24,15.22,-0.04,459,700102,卖盘
13:15:27,15.26,0.04,314,478237,买盘
13:15:30,15.28,0.02,299,456632,买盘
13:15:33,15.27,-0.01,78,119087,中性盘
13:15:37,15.26,-0.01,14,21370,中性盘
13:15:39,15.26,0.0,2,3052,买盘
13:15:43,15.27,0.01,95,145012,买盘
13:15:45,15.27,0.0,53,80731,买盘
13:15:48,15.26,-0.01,39,59514,买盘
13:15:51,15.26,0.0,44,67002,买盘
13:15:54,15.23,-0.03,85,129615,卖盘
13:15:57,15.25,0.02,7,10675,买盘
13:16:00,15.23,-0.02,16,24368,卖盘
13:16:04,15.23,0.0,47,71653,卖盘
13:16:07,15.25,0.02,116,176896,买盘
13:16:09,15.23,-0.02,45,68535,卖盘
13:16:12,15.23,0.0,5,7615,买盘
13:16:15,15.22,-0.01,52,79183,卖盘
13:16:19,15.23,0.01,280,426446,买盘
13:16:21,15.23,0.0,64,97580,卖盘
13:16:24,15.23,0.0,32,48736,卖盘
13:16:28,15.23,0.0,139,211763,卖盘
13:16:31,15.25,0.02,199,303263,买盘
13:16:33,15.23,-0.02,72,109706,卖盘
13:16:36,15.25,0.02,45,68625,买盘
13:16:39,15.23,-0.02,63,96035,卖盘
13:16:42,15.23,0.0,22,33508,卖盘
13:16:45,15.23,0.0,77,117369,卖盘
13:16:48,15.25,0.02,44,67087,买盘
13:16:52,15.24,-0.01,18,27443,卖盘
13:16:54,15.24,0.0,62,94563,卖盘
13:17:01,15.25,0.01,109,166224,买盘
13:17:05,15.25,0.0,57,86905,买盘
13:17:07,15.24,-0.01,24,36586,卖盘
13:17:10,15.24,0.0,92,140230,卖盘
13:17:12,15.25,0.01,55,83870,买盘
13:17:15,15.24,-0.01,16,24386,卖盘
13:17:21,15.25,0.01,171,260676,买盘
13:17:24,15.25,0.0,130,198219,买盘
13:17:27,15.25,0.0,2,3050,买盘
13:17:30,15.24,-0.01,5,7620,卖盘
13:17:34,15.24,0.0,134,204257,卖盘
13:17:37,15.25,0.01,44,67100,买盘
13:17:39,15.25,0.0,2,3049,买盘
13:17:42,15.24,-0.01,26,39624,卖盘
13:17:45,15.25,0.01,62,94537,买盘
13:17:48,15.24,-0.01,14,21349,卖盘
13:17:51,15.25,0.01,68,103676,买盘
13:17:54,15.24,-0.01,65,99100,卖盘
13:17:58,15.24,0.0,30,45727,卖盘
13:18:01,15.24,0.0,60,91440,卖盘
13:18:04,15.24,0.0,36,54864,卖盘
13:18:07,15.22,-0.02,3875,5896967,卖盘
13:18:09,15.22,0.0,89,135458,买盘
13:18:13,15.2,-0.02,48,73004,卖盘
13:18:16,15.2,0.0,13,19760,卖盘
13:18:18,15.21,0.01,109,165816,买盘
13:18:21,15.21,0.0,35,53235,买盘
13:18:24,15.21,0.0,69,104925,买盘
13:18:27,15.21,0.0,19,28885,买盘
13:18:30,15.21,0.0,43,65403,买盘
13:18:33,15.2,-0.01,171,260013,卖盘
13:18:36,15.21,0.01,117,177905,买盘
13:18:39,15.2,-0.01,122,186237,卖盘
13:18:42,15.21,0.01,45,68445,中性盘
13:18:45,15.21,0.0,21,31941,卖盘
13:18:49,15.22,0.01,77,117175,买盘
13:18:52,15.21,-0.01,77,117188,卖盘
13:18:55,15.22,0.01,9,13692,买盘
13:18:58,15.21,-0.01,140,212989,卖盘
13:19:01,15.21,0.0,178,270747,买盘
13:19:04,15.2,-0.01,117,177907,卖盘
13:19:07,15.21,0.01,171,260061,买盘
13:19:09,15.2,-0.01,90,136820,卖盘
13:19:12,15.2,0.0,68,103407,卖盘
13:19:15,15.2,0.0,526,799582,卖盘
13:19:18,15.21,0.01,104,158049,买盘
13:19:21,15.21,0.0,47,71519,卖盘
13:19:24,15.21,0.0,61,92832,卖盘
13:19:27,15.21,0.0,155,235824,卖盘
13:19:30,15.22,0.01,2,3043,中性盘
13:19:33,15.22,0.0,25,38029,买盘
13:19:37,15.21,-0.01,206,313488,卖盘
13:19:40,15.21,0.0,24,36504,卖盘
13:19:42,15.2,-0.01,5007,7610993,卖盘
13:19:45,15.22,0.02,54,82741,卖盘
13:19:48,15.23,0.01,31,47185,买盘
13:19:51,15.23,0.0,452,687975,买盘
13:19:54,15.22,-0.01,24,36528,卖盘
13:19:57,15.23,0.01,78,118715,买盘
13:20:01,15.22,-0.01,201,306094,买盘
13:20:05,15.22,0.0,2,3043,买盘
13:20:07,15.22,0.0,35,53270,买盘
13:20:09,15.23,0.01,56,85234,买盘
13:20:12,15.22,-0.01,72,109654,卖盘
13:20:15,15.22,0.0,36,54792,卖盘
13:20:18,15.22,0.0,75,114192,卖盘
13:20:21,15.22,0.0,31,47186,卖盘
13:20:25,15.22,0.0,36,54823,卖盘
13:20:28,15.22,0.0,89,135458,卖盘
13:20:30,15.23,0.01,39,59397,买盘
13:20:33,15.23,0.0,122,185754,买盘
13:20:37,15.22,-0.01,22,33503,卖盘
13:20:40,15.23,0.01,194,295423,买盘
13:20:42,15.23,0.0,52,79196,买盘
13:20:45,15.23,0.0,3,4569,买盘
13:20:49,15.23,0.0,16,24355,买盘
13:20:51,15.24,0.01,49,74632,买盘
13:20:54,15.23,-0.01,33,50290,中性盘
13:20:57,15.23,0.0,4,6092,买盘
13:21:00,15.23,0.0,209,318499,买盘
13:21:05,15.22,-0.01,101,153796,卖盘
13:21:07,15.23,0.01,18,27413,买盘
13:21:10,15.23,0.0,6,9138,买盘
13:21:12,15.24,0.01,51,77713,买盘
13:21:16,15.23,-0.01,152,231612,卖盘
13:21:19,15.23,0.0,9,13707,卖盘
13:21:22,15.23,0.0,82,124836,买盘
13:21:24,15.23,0.0,76,115817,卖盘
13:21:28,15.24,0.01,13,19811,买盘
13:21:31,15.23,-0.01,27,41121,卖盘
13:21:33,15.24,0.01,4,6096,买盘
13:21:36,15.24,0.0,61,92954,买盘
13:21:39,15.24,0.0,42,64005,买盘
13:21:42,15.23,-0.01,7,10661,中性盘
13:21:46,15.24,0.01,55,83810,买盘
13:21:48,15.23,-0.01,21,31972,卖盘
13:21:54,15.23,0.0,247,376146,卖盘
13:21:57,15.24,0.01,94,143251,买盘
13:22:01,15.23,-0.01,31,47213,卖盘
13:22:04,15.23,0.0,21,31983,买盘
13:22:06,15.23,0.0,109,166007,买盘
13:22:09,15.23,0.0,82,124900,买盘
13:22:12,15.22,-0.01,106,161343,卖盘
13:22:16,15.23,0.01,14,21323,卖盘
13:22:18,15.25,0.02,44,67067,买盘
13:22:21,15.23,-0.02,11,16756,卖盘
13:22:25,15.23,0.0,26,39598,买盘
13:22:31,15.25,0.02,158,240703,买盘
13:22:33,15.25,0.0,2,3049,买盘
13:22:36,15.24,-0.01,5,7620,买盘
13:22:39,15.22,-0.02,973,1481095,卖盘
13:22:42,15.22,0.0,74,112628,买盘
13:22:45,15.21,-0.01,72,109571,卖盘
13:22:49,15.22,0.01,9,13698,买盘
13:22:52,15.22,0.0,96,146092,买盘
13:22:54,15.22,0.0,48,73036,买盘
13:22:57,15.21,-0.01,154,234265,卖盘
13:23:00,15.22,0.01,95,144530,买盘
13:23:04,15.22,0.0,89,135406,买盘
13:23:06,15.21,-0.01,383,582560,卖盘
13:23:09,15.22,0.01,15,22307,买盘
13:23:12,15.22,0.0,31,47182,买盘
13:23:15,15.21,-0.01,56,85224,卖盘
13:23:19,15.22,0.01,33,50209,买盘
13:23:22,15.2,-0.02,201,305574,卖盘
13:23:25,15.21,0.01,65,98910,卖盘
13:23:27,15.21,0.0,49,74560,卖盘
13:23:30,15.21,0.0,12,18252,买盘
13:23:34,15.22,0.01,52,79110,买盘
13:23:36,15.22,0.0,61,92835,买盘
13:23:40,15.21,-0.01,18,27381,卖盘
13:23:42,15.21,0.0,276,419698,卖盘
13:23:45,15.2,-0.01,38,57785,卖盘
13:23:48,15.21,0.01,211,320850,买盘
13:23:52,15.21,0.0,105,159618,卖盘
13:23:54,15.2,-0.01,184,279720,卖盘
13:23:57,15.21,0.01,91,138399,买盘
13:24:00,15.2,-0.01,133,202181,卖盘
13:24:05,15.2,0.0,116,176325,卖盘
13:24:07,15.2,0.0,37,56264,卖盘
13:24:09,15.21,0.01,75,114068,买盘
13:24:12,15.2,-0.01,67,101874,卖盘
13:24:16,15.2,0.0,324,492480,卖盘
13:24:18,15.2,0.0,333,506170,卖盘
13:24:21,15.2,0.0,99,150532,卖盘
13:24:24,15.2,0.0,163,247769,卖盘
13:24:27,15.2,0.0,98,148997,卖盘
13:24:30,15.19,-0.01,3405,5174457,卖盘
13:24:33,15.19,0.0,644,978136,买盘
13:24:36,15.19,0.0,539,818322,买盘
13:24:40,15.19,0.0,56,85079,卖盘
13:24:42,15.2,0.01,135,205073,买盘
13:24:45,15.19,-0.01,128,194513,卖盘
13:24:48,15.19,0.0,50,75945,买盘
13:24:51,15.18,-0.01,85,129115,卖盘
13:24:54,15.19,0.01,70,106324,买盘
13:24:57,15.19,0.0,93,141265,买盘
13:25:00,15.19,0.0,169,256713,买盘
13:25:04,15.2,0.01,646,981320,买盘
13:25:06,15.2,0.0,46,69900,买盘
13:25:09,15.2,0.0,152,231012,买盘
13:25:12,15.2,0.0,316,480320,买盘
13:25:15,15.19,-0.01,70,106387,卖盘
13:25:18,15.19,0.0,530,805100,卖盘
13:25:21,15.19,0.0,1304,1981260,卖盘
13:25:24,15.19,0.0,82,124602,卖盘
13:25:27,15.2,0.01,176,267416,买盘
13:25:30,15.19,-0.01,34,51648,卖盘
13:25:33,15.19,0.0,289,439263,卖盘
13:25:37,15.2,0.01,223,338756,买盘
13:25:40,15.2,0.0,65,98776,买盘
13:25:42,15.2,0.0,8,12160,买盘
13:25:46,15.19,-0.01,297,451387,卖盘
13:25:49,15.2,0.01,146,221900,买盘
13:25:51,15.2,0.0,5,7600,买盘
13:25:54,15.19,-0.01,61,92664,卖盘
13:25:57,15.2,0.01,469,713321,买盘
13:26:00,15.2,0.0,52,79081,卖盘
13:26:05,15.21,0.01,3,4563,买盘
13:26:06,15.21,0.0,164,249291,买盘
13:26:10,15.2,-0.01,212,322252,卖盘
13:26:13,15.21,0.01,59,89739,买盘
13:26:15,15.2,-0.01,72,109492,卖盘
13:26:19,15.21,0.01,7,10647,买盘
13:26:22,15.2,-0.01,189,287316,卖盘
13:26:24,15.21,0.01,13,19773,买盘
13:26:28,15.21,0.0,9,13689,买盘
13:26:30,15.2,-0.01,65,98839,卖盘
13:26:34,15.21,0.01,59,89739,买盘
13:26:36,15.2,-0.01,62,94291,卖盘
13:26:39,15.2,0.0,39,59280,卖盘
13:26:43,15.2,0.0,164,249280,卖盘
13:26:46,15.2,0.0,294,446960,卖盘
13:26:48,15.2,0.0,49,74480,卖盘
13:26:51,15.2,0.0,60,91200,卖盘
13:26:54,15.21,0.01,62,94300,买盘
13:26:57,15.19,-0.02,2005,3045462,卖盘
13:27:00,15.19,0.0,184,279474,买盘
13:27:04,15.19,0.0,564,856716,买盘
13:27:06,15.19,0.0,87,132143,买盘
13:27:10,15.19,0.0,37,56197,买盘
13:27:12,15.19,0.0,29,43895,买盘
13:27:15,15.19,0.0,113,171627,买盘
13:27:19,15.19,0.0,1039,1578222,买盘
13:27:21,15.2,0.01,236,358974,买盘
13:27:25,15.19,-0.01,5,7595,卖盘
13:27:28,15.21,0.02,40,60815,买盘
13:27:31,15.2,-0.01,54,82107,卖盘
13:27:33,15.21,0.01,1,1521,买盘
13:27:36,15.21,0.0,14,21290,买盘
13:27:39,15.21,0.0,63,95812,买盘
13:27:42,15.2,-0.01,999,1518493,卖盘
13:27:46,15.19,-0.01,211,320707,卖盘
13:27:48,15.2,0.01,124,188480,买盘
13:27:51,15.2,0.0,77,117088,卖盘
13:27:55,15.19,-0.01,232,352636,卖盘
13:27:57,15.2,0.01,16,24320,买盘
13:28:00,15.2,0.0,109,165680,买盘
13:28:04,15.2,0.0,61,92720,买盘
13:28:07,15.21,0.01,47,71450,买盘
13:28:09,15.2,-0.01,1,1520,卖盘
13:28:13,15.2,0.0,54,82124,卖盘
13:28:16,15.2,0.0,142,215874,卖盘
13:28:18,15.2,0.0,59,89444,卖盘
13:28:24,15.21,0.01,88,133819,买盘
13:28:28,15.2,-0.01,95,144400,卖盘
13:28:31,15.21,0.01,45,68435,买盘
13:28:33,15.21,0.0,44,66924,买盘
13:28:37,15.2,-0.01,112,170265,卖盘
13:28:39,15.2,0.0,20,30400,卖盘
13:28:42,15.21,0.01,9,13689,买盘
13:28:45,15.2,-0.01,49,74516,卖盘
13:28:49,15.2,0.0,108,164203,卖盘
13:28:51,15.21,0.01,32,48649,买盘
13:28:54,15.2,-0.01,209,317689,卖盘
13:28:58,15.2,0.0,165,250906,卖盘
13:29:01,15.21,0.01,7,10647,买盘
13:29:04,15.21,0.0,58,87998,买盘
13:29:07,15.21,0.0,232,352728,买盘
13:29:10,15.2,-0.01,240,364802,卖盘
13:29:12,15.2,0.0,394,599422,卖盘
13:29:15,15.19,-0.01,74,112483,卖盘
13:29:18,15.21,0.02,360,546678,买盘
13:29:21,15.19,-0.02,68,103339,卖盘
13:29:25,15.21,0.02,10,15205,中性盘
13:29:28,15.21,0.0,2,3042,卖盘
13:29:30,15.21,0.0,49,74554,买盘
13:29:34,15.21,0.0,31,47151,买盘
13:29:37,15.21,0.0,15,22814,买盘
13:29:39,15.21,0.0,96,146010,买盘
13:29:42,15.21,0.0,3,4563,买盘
13:29:45,15.2,-0.01,32,48658,卖盘
13:29:49,15.21,0.01,60,91240,买盘
13:29:51,15.2,-0.01,270,410437,卖盘
13:29:54,15.19,-0.01,57,86635,卖盘
13:29:57,15.19,0.0,23,34937,卖盘
13:30:01,15.2,0.01,44,66880,买盘
13:30:04,15.2,0.0,116,176279,买盘
13:30:06,15.2,0.0,35,53178,买盘
13:30:09,15.2,0.0,7,10640,买盘
13:30:12,15.2,0.0,92,139840,买盘
13:30:15,15.2,0.0,1366,2076240,买盘
13:30:19,15.2,0.0,223,338960,买盘
13:30:22,15.2,0.0,31,47120,买盘
13:30:24,15.2,0.0,1020,1550468,买盘
13:30:27,15.2,0.0,12,18243,卖盘
13:30:33,15.21,0.01,399,606768,买盘
13:30:36,15.21,0.0,359,546037,买盘
13:30:40,15.2,-0.01,204,310151,卖盘
13:30:43,15.2,0.0,3,4560,卖盘
13:30:46,15.21,0.01,75,114116,中性盘
13:30:48,15.2,-0.01,82,124685,卖盘
13:30:51,15.21,0.01,85,129347,买盘
13:30:55,15.21,0.0,59,89683,买盘
13:30:57,15.2,-0.01,61,92774,卖盘
13:31:00,15.2,0.0,55,83624,卖盘
13:31:04,15.21,0.01,104,158112,买盘
13:31:07,15.21,0.0,31,47140,买盘
13:31:10,15.2,-0.01,150,228057,卖盘
13:31:12,15.21,0.01,25,38025,买盘
13:31:16,15.2,-0.01,17,25842,卖盘
13:31:19,15.22,0.02,138,209935,买盘
13:31:22,15.22,0.0,17,25860,买盘
13:31:24,15.2,-0.02,111,168822,卖盘
13:31:27,15.22,0.02,3,4566,买盘
13:31:30,15.22,0.0,46,70012,买盘
13:31:33,15.22,0.0,34,51748,买盘
13:31:36,15.21,-0.01,267,405957,卖盘
13:31:39,15.21,0.0,33,50189,买盘
13:31:43,15.21,0.0,124,188576,买盘
13:31:45,15.2,-0.01,39,59299,卖盘
13:31:49,15.2,0.0,125,190004,卖盘
13:31:51,15.22,0.02,280,425699,买盘
13:31:55,15.21,-0.01,88,133826,中性盘
13:31:57,15.21,0.0,66,100374,卖盘
13:32:00,15.21,0.0,78,118605,买盘
13:32:05,15.2,-0.01,206,313190,卖盘
13:32:07,15.21,0.01,159,241728,买盘
13:32:10,15.2,-0.01,126,191534,卖盘
13:32:13,15.2,0.0,151,229553,卖盘
13:32:16,15.2,0.0,331,503170,卖盘
13:32:19,15.2,0.0,690,1048808,卖盘
13:32:22,15.21,0.01,161,244760,买盘
13:32:24,15.21,0.0,116,176371,买盘
13:32:27,15.21,0.0,35,53219,买盘
13:32:30,15.2,-0.01,110,167200,卖盘
13:32:33,15.2,0.0,796,1209920,卖盘
13:32:37,15.19,-0.01,329,500065,卖盘
13:32:39,15.2,0.01,17,25840,买盘
13:32:43,15.2,0.0,6,9120,买盘
13:32:46,15.2,0.0,9,13676,买盘
13:32:49,15.19,-0.01,302,458780,卖盘
13:32:52,15.2,0.01,54,83049,买盘
13:32:54,15.19,-0.01,1815,2756985,卖盘
13:32:57,15.2,0.01,223,338860,买盘
13:33:01,15.2,0.0,42,63809,买盘
13:33:07,15.2,0.0,63,95738,买盘
13:33:10,15.2,0.0,62,94493,买盘
13:33:12,15.19,-0.01,30,45570,卖盘
13:33:16,15.19,0.0,206,312915,卖盘
13:33:18,15.19,0.0,280,425324,卖盘
13:33:22,15.19,0.0,77,116963,买盘
13:33:24,15.19,0.0,110,167061,买盘
13:33:27,15.18,-0.01,24,36438,卖盘
13:33:30,15.19,0.01,67,101763,买盘
13:33:33,15.18,-0.01,103,156389,卖盘
13:33:37,15.2,0.02,158,239908,买盘
13:33:40,15.19,-0.01,262,397787,卖盘
13:33:43,15.2,0.01,632,960466,买盘
13:33:45,15.2,0.0,21,31920,买盘
13:33:49,15.18,-0.02,50,75900,卖盘
13:33:52,15.18,0.0,1585,2404659,卖盘
13:33:55,15.18,0.0,978,1485361,买盘
13:33:57,15.19,0.01,39,59204,买盘
13:34:00,15.19,0.0,52,78937,买盘
13:34:04,15.19,0.0,262,397755,买盘
13:34:07,15.18,-0.01,102,154894,中性盘
13:34:10,15.18,0.0,27,40986,买盘
13:34:12,15.18,0.0,156,238330,卖盘
13:34:16,15.17,-0.01,128,194376,卖盘
13:34:18,15.18,0.01,2,3037,中性盘
13:34:21,15.18,0.0,56,85008,买盘
13:34:24,15.17,-0.01,40,60712,卖盘
13:34:27,15.17,0.0,137,207903,卖盘
13:34:30,15.17,0.0,62,94134,卖盘
13:34:33,15.17,0.0,150,227636,卖盘
13:34:36,15.19,0.02,480,728966,买盘
13:34:39,15.19,0.0,115,174685,卖盘
13:34:43,15.2,0.01,622,945100,买盘
13:34:45,15.18,-0.02,40,60744,卖盘
13:34:49,15.2,0.02,38,57744,买盘
13:34:52,15.18,-0.02,42,63756,卖盘
13:34:55,15.18,0.0,727,1102986,买盘
13:34:57,15.17,-0.01,200,303437,卖盘
13:35:00,15.18,0.01,297,450634,卖盘
13:35:05,15.19,0.01,22,33395,买盘
13:35:07,15.19,0.0,89,135191,买盘
13:35:10,15.19,0.0,161,244628,卖盘
13:35:12,15.19,0.0,44,66836,卖盘
13:35:16,15.19,0.0,78,118485,卖盘
13:35:18,15.19,0.0,175,265825,卖盘
13:35:21,15.2,0.01,97,147389,买盘
13:35:25,15.19,-0.01,66,100288,买盘
13:35:28,15.19,0.0,14,21266,卖盘
13:35:31,15.18,-0.01,32,48597,卖盘
13:35:34,15.18,0.0,558,847044,卖盘
13:35:36,15.18,0.0,417,633006,买盘
13:35:39,15.18,0.0,35,53130,买盘
13:35:43,15.19,0.01,60,91124,买盘
