time,price,change,volume,amount,type
09:25:05,15.49,-0.1,7685,11904452,卖盘
09:30:00,15.48,-0.01,184,284630,卖盘
09:30:04,15.47,-0.01,2918,4516427,卖盘
09:30:07,15.48,0.01,927,1433551,买盘
09:30:10,15.48,0.0,877,1357191,买盘
09:30:13,15.48,0.0,1631,2523316,买盘
09:30:16,15.46,-0.02,428,661869,中性盘
09:30:19,15.45,-0.01,322,497699,卖盘
09:30:22,15.46,0.01,144,222688,买盘
09:30:25,15.46,0.0,687,1062838,卖盘
09:30:27,15.47,0.01,461,712661,买盘
09:30:30,15.46,-0.01,363,561220,卖盘
09:30:33,15.47,0.01,331,512149,买盘
09:30:37,15.46,-0.01,718,1110754,卖盘
09:30:40,15.48,0.02,516,798121,买盘
09:30:42,15.47,-0.01,714,1104337,卖盘
09:30:46,15.47,0.0,88,136218,卖盘
09:30:48,15.47,0.0,618,956072,卖盘
09:30:51,15.47,0.0,297,459418,买盘
09:30:54,15.46,-0.01,255,394297,卖盘
09:30:58,15.45,-0.01,420,649372,卖盘
09:31:00,15.46,0.01,472,729718,中性盘
09:31:04,15.46,0.0,1012,1564051,买盘
09:31:07,15.45,-0.01,400,618245,卖盘
09:31:10,15.46,0.01,600,927203,买盘
09:31:12,15.46,0.0,654,1010722,买盘
09:31:15,15.46,0.0,1746,2699085,买盘
09:31:18,15.46,0.0,575,888973,卖盘
09:31:22,15.46,0.0,390,604135,卖盘
09:31:24,15.46,0.0,310,479291,卖盘
09:31:28,15.46,0.0,191,295369,卖盘
09:31:30,15.47,0.01,355,548947,买盘
09:31:33,15.46,-0.01,1035,1601303,卖盘
09:31:36,15.46,0.0,474,732887,卖盘
09:31:40,15.46,0.0,155,239673,卖盘
09:31:42,15.47,0.01,608,940156,买盘
09:31:46,15.46,-0.01,58,89688,卖盘
09:31:48,15.46,0.0,317,490302,卖盘
09:31:51,15.47,0.01,155,239710,买盘
09:31:54,15.47,0.0,195,301772,卖盘
09:31:57,15.47,0.0,62,95925,卖盘
09:32:00,15.47,0.0,108,167153,卖盘
09:32:04,15.48,0.01,1466,2267011,买盘
09:32:06,15.47,-0.01,359,555537,卖盘
09:32:09,15.49,0.02,3079,4768160,买盘
09:32:12,15.5,0.01,2110,3270618,买盘
09:32:15,15.51,0.01,324,502628,买盘
09:32:19,15.53,0.02,136,210935,买盘
09:32:21,15.51,-0.02,52,80654,卖盘
09:32:25,15.51,0.0,118,183166,买盘
09:32:27,15.53,0.02,144,223582,买盘
09:32:31,15.53,0.0,158,245382,卖盘
09:32:33,15.53,0.0,782,1214464,卖盘
09:32:36,15.54,0.01,719,1117118,买盘
09:32:39,15.53,-0.01,3131,4867220,卖盘
09:32:42,15.54,0.01,107,166314,卖盘
09:32:46,15.54,0.0,82,127382,卖盘
09:32:49,15.54,0.0,298,463092,买盘
09:32:51,15.55,0.01,197,306325,买盘
09:32:54,15.54,-0.01,298,463143,卖盘
09:32:57,15.54,0.0,358,556596,卖盘
09:33:01,15.55,0.01,682,1060426,买盘
09:33:05,15.54,-0.01,876,1362083,卖盘
09:33:07,15.55,0.01,185,287655,买盘
09:33:09,15.55,0.0,92,143042,卖盘
09:33:13,15.55,0.0,407,632684,买盘
09:33:15,15.55,0.0,655,1018034,买盘
09:33:19,15.55,0.0,1256,1951970,买盘
09:33:21,15.53,-0.02,1228,1908625,卖盘
09:33:24,15.54,0.01,424,658796,中性盘
09:33:27,15.56,0.02,3862,6007032,买盘
09:33:30,15.56,0.0,772,1201241,卖盘
09:33:34,15.56,0.0,950,1478296,卖盘
09:33:37,15.56,0.0,1239,1927337,卖盘
09:33:40,15.55,-0.01,613,953317,卖盘
09:33:42,15.57,0.02,1099,1710054,买盘
09:33:46,15.55,-0.02,131,203791,卖盘
09:33:49,15.56,0.01,228,354571,买盘
09:33:52,15.55,-0.01,100,155459,中性盘
09:33:54,15.55,0.0,202,314233,买盘
09:33:57,15.54,-0.01,144,223788,卖盘
09:34:01,15.55,0.01,106,164786,买盘
09:34:05,15.56,0.01,62,96405,买盘
09:34:07,15.55,-0.01,506,786966,卖盘
09:34:10,15.56,0.01,82,127555,买盘
09:34:12,15.56,0.0,182,283064,买盘
09:34:15,15.56,0.0,2213,3443965,买盘
09:34:18,15.56,0.0,239,371995,买盘
09:34:22,15.56,0.0,191,297115,卖盘
09:34:25,15.57,0.01,273,424623,买盘
09:34:28,15.56,-0.01,1162,1809599,卖盘
09:34:30,15.57,0.01,105,163493,中性盘
09:34:33,15.58,0.01,724,1127574,买盘
09:34:36,15.57,-0.01,86,133900,卖盘
09:34:39,15.58,0.01,204,317779,买盘
09:34:42,15.58,0.0,62,96578,卖盘
09:34:45,15.58,0.0,524,816338,买盘
09:34:48,15.58,0.0,349,543579,买盘
09:34:51,15.58,0.0,38,59201,买盘
09:34:54,15.57,-0.01,229,356752,卖盘
09:34:57,15.57,0.0,640,996604,卖盘
09:35:00,15.57,0.0,190,295830,买盘
09:35:04,15.58,0.01,167,260037,买盘
09:35:07,15.57,-0.01,26,40491,卖盘
09:35:10,15.58,0.01,113,176053,买盘
09:35:12,15.58,0.0,141,219666,买盘
09:35:15,15.58,0.0,166,258601,买盘
09:35:18,15.58,0.0,173,269429,买盘
09:35:22,15.58,0.0,418,650984,买盘
09:35:25,15.58,0.0,1402,2184317,买盘
09:35:28,15.58,0.0,1277,1990769,卖盘
09:35:31,15.58,0.0,1584,2469366,卖盘
09:35:33,15.59,0.01,434,676710,买盘
09:35:36,15.6,0.01,467,728058,买盘
09:35:40,15.59,-0.01,257,400795,卖盘
09:35:43,15.6,0.01,148,230827,买盘
09:35:45,15.6,0.0,413,644063,买盘
09:35:48,15.6,0.0,2622,4090306,买盘
09:35:51,15.6,0.0,125,195034,卖盘
09:35:54,15.61,0.01,377,588780,中性盘
09:35:57,15.61,0.0,366,571495,卖盘
09:36:00,15.62,0.01,135,210657,买盘
09:36:05,15.62,0.0,555,866830,买盘
09:36:07,15.62,0.0,314,490437,卖盘
09:36:10,15.62,0.0,294,459332,卖盘
09:36:12,15.63,0.01,370,578255,买盘
09:36:16,15.62,-0.01,619,966969,卖盘
09:36:19,15.61,-0.01,1414,2207804,卖盘
09:36:21,15.62,0.01,1143,1784766,买盘
09:36:25,15.62,0.0,627,978768,买盘
09:36:27,15.62,0.0,303,473195,买盘
09:36:31,15.62,0.0,444,693486,买盘
09:36:33,15.61,-0.01,768,1199451,卖盘
09:36:37,15.61,0.0,283,441964,卖盘
09:36:39,15.61,0.0,1180,1842103,卖盘
09:36:42,15.61,0.0,378,590044,买盘
09:36:45,15.61,0.0,450,702335,买盘
09:36:48,15.61,0.0,244,380914,买盘
09:36:51,15.61,0.0,676,1055340,卖盘
09:36:54,15.61,0.0,121,188888,卖盘
09:36:57,15.62,0.01,488,761816,买盘
09:37:00,15.62,0.0,412,643400,买盘
09:37:05,15.61,-0.01,505,788522,卖盘
09:37:06,15.61,0.0,558,870849,买盘
09:37:10,15.61,0.0,100,156130,买盘
09:37:13,15.6,-0.01,302,471402,卖盘
09:37:16,15.6,0.0,3739,5833180,卖盘
09:37:18,15.6,0.0,3259,5084661,卖盘
09:37:22,15.6,0.0,129,201209,买盘
09:37:24,15.6,0.0,320,499147,买盘
09:37:28,15.6,0.0,129,201184,买盘
09:37:30,15.6,0.0,496,773353,买盘
09:37:33,15.6,0.0,674,1050893,买盘
09:37:36,15.59,-0.01,131,204220,卖盘
09:37:39,15.59,0.0,583,909172,买盘
09:37:42,15.59,0.0,623,971794,买盘
09:37:46,15.58,-0.01,312,486524,卖盘
09:37:48,15.59,0.01,70,109125,买盘
09:37:52,15.6,0.01,1306,2034876,买盘
09:37:54,15.58,-0.02,112,174521,卖盘
09:37:58,15.59,0.01,254,396053,买盘
09:38:00,15.58,-0.01,514,801330,卖盘
09:38:04,15.59,0.01,25,38975,中性盘
09:38:07,15.59,0.0,160,249394,买盘
09:38:10,15.59,0.0,172,268098,买盘
09:38:13,15.58,-0.01,120,186975,卖盘
09:38:15,15.59,0.01,753,1174111,买盘
09:38:18,15.58,-0.01,985,1535434,卖盘
09:38:22,15.59,0.01,146,227623,中性盘
09:38:25,15.59,0.0,250,389735,买盘
09:38:28,15.59,0.0,875,1364100,卖盘
09:38:30,15.58,-0.01,199,310169,卖盘
09:38:34,15.59,0.01,75,116881,买盘
09:38:36,15.59,0.0,52,81031,买盘
09:38:39,15.59,0.0,275,428722,买盘
09:38:43,15.59,0.0,64,99753,买盘
09:38:45,15.59,0.0,614,957147,买盘
09:38:49,15.58,-0.01,491,765124,卖盘
09:38:51,15.58,0.0,280,436465,卖盘
09:38:54,15.59,0.01,259,403771,买盘
09:38:58,15.59,0.0,169,263471,卖盘
09:39:00,15.6,0.01,138,215156,买盘
09:39:04,15.59,-0.01,387,603364,卖盘
09:39:07,15.59,0.0,71,110689,卖盘
09:39:10,15.59,0.0,34,53004,买盘
09:39:12,15.59,0.0,512,798208,买盘
09:39:16,15.58,-0.01,756,1178013,卖盘
09:39:19,15.59,0.01,66,102860,买盘
09:39:21,15.58,-0.01,65,101299,卖盘
09:39:25,15.58,0.0,234,364662,卖盘
09:39:27,15.58,0.0,74,115315,卖盘
09:39:31,15.57,-0.01,1242,1935026,卖盘
09:39:33,15.58,0.01,17,26485,买盘
09:39:37,15.58,0.0,356,554584,买盘
09:39:39,15.57,-0.01,18,28029,卖盘
09:39:42,15.58,0.01,668,1040165,买盘
09:39:45,15.56,-0.02,286,445204,卖盘
09:39:49,15.55,-0.01,670,1042275,卖盘
09:39:51,15.56,0.01,49,76244,中性盘
09:39:55,15.56,0.0,54,83991,买盘
09:39:57,15.55,-0.01,107,166523,卖盘
09:40:00,15.55,0.0,347,539586,卖盘
09:40:04,15.56,0.01,1134,1763435,买盘
09:40:07,15.55,-0.01,23,35762,中性盘
09:40:10,15.55,0.0,167,259680,买盘
09:40:12,15.56,0.01,216,335910,买盘
09:40:15,15.55,-0.01,56,87072,中性盘
09:40:18,15.55,0.0,442,687271,买盘
09:40:22,15.55,0.0,746,1159669,买盘
09:40:24,15.55,0.0,209,324995,卖盘
09:40:27,15.55,0.0,488,758847,卖盘
09:40:30,15.55,0.0,273,424629,卖盘
09:40:34,15.55,0.0,337,523944,卖盘
09:40:37,15.55,0.0,179,278345,买盘
09:40:39,15.55,0.0,267,415159,买盘
09:40:43,15.55,0.0,283,440123,买盘
09:40:46,15.55,0.0,177,275251,卖盘
09:40:49,15.54,-0.01,376,584563,卖盘
09:40:51,15.56,0.02,528,820690,买盘
09:40:54,15.54,-0.02,287,445901,卖盘
09:40:57,15.55,0.01,123,191147,买盘
09:41:00,15.55,0.0,55,85525,买盘
09:41:04,15.54,-0.01,411,638694,卖盘
09:41:07,15.54,0.0,197,306072,买盘
09:41:10,15.54,0.0,141,219114,买盘
09:41:12,15.53,-0.01,717,1113540,卖盘
09:41:15,15.53,0.0,143,222207,卖盘
09:41:18,15.53,0.0,217,337018,卖盘
09:41:21,15.53,0.0,168,260915,卖盘
09:41:24,15.54,0.01,197,306035,买盘
09:41:28,15.53,-0.01,205,318365,卖盘
09:41:31,15.53,0.0,44,68332,买盘
09:41:33,15.53,0.0,193,299695,买盘
09:41:36,15.54,0.01,466,723647,买盘
09:41:40,15.52,-0.02,87,135075,卖盘
09:41:42,15.53,0.01,420,651899,买盘
09:41:46,15.52,-0.01,170,263882,卖盘
09:41:48,15.53,0.01,228,354051,买盘
09:41:51,15.53,0.0,78,121125,卖盘
09:41:54,15.53,0.0,151,234480,买盘
09:41:58,15.53,0.0,254,394560,买盘
09:42:01,15.53,0.0,222,344632,卖盘
09:42:04,15.52,-0.01,380,590297,卖盘
09:42:06,15.52,0.0,434,673581,卖盘
09:42:09,15.52,0.0,299,464331,卖盘
09:42:13,15.53,0.01,460,714421,买盘
09:42:15,15.53,0.0,89,138154,卖盘
09:42:18,15.53,0.0,403,625782,买盘
09:42:21,15.53,0.0,376,584054,卖盘
09:42:24,15.53,0.0,153,237502,买盘
09:42:28,15.53,0.0,52,80750,买盘
09:42:30,15.53,0.0,126,195678,买盘
09:42:33,15.53,0.0,146,226738,买盘
09:42:37,15.53,0.0,311,482744,买盘
09:42:40,15.53,0.0,280,434693,买盘
09:42:42,15.52,-0.01,210,326135,卖盘
09:42:45,15.53,0.01,19,29504,中性盘
09:42:49,15.53,0.0,80,124170,买盘
09:42:52,15.52,-0.01,898,1393750,卖盘
09:42:55,15.52,0.0,472,732238,买盘
09:42:57,15.51,-0.01,185,287173,卖盘
09:43:00,15.51,0.0,246,381754,卖盘
09:43:04,15.52,0.01,2197,3406762,买盘
09:43:07,15.52,0.0,198,307240,买盘
09:43:10,15.52,0.0,148,229675,买盘
09:43:13,15.52,0.0,131,203159,买盘
09:43:16,15.52,0.0,274,425012,买盘
09:43:19,15.51,-0.01,198,307021,中性盘
09:43:21,15.51,0.0,42,65142,买盘
09:43:25,15.5,-0.01,1465,2270818,卖盘
09:43:28,15.52,0.02,559,866738,买盘
09:43:31,15.5,-0.02,125,193815,卖盘
09:43:34,15.52,0.02,17,26362,买盘
09:43:37,15.5,-0.02,337,522388,卖盘
09:43:39,15.5,0.0,218,338094,卖盘
09:43:42,15.5,0.0,122,189088,买盘
09:43:46,15.49,-0.01,313,484934,卖盘
09:43:48,15.49,0.0,277,429311,卖盘
09:43:52,15.49,0.0,1454,2251510,卖盘
09:43:54,15.49,0.0,49,75913,卖盘
09:43:57,15.49,0.0,51,78999,买盘
09:44:00,15.48,-0.01,272,421216,卖盘
09:44:04,15.49,0.01,78,120797,买盘
09:44:07,15.49,0.0,106,164165,买盘
09:44:09,15.5,0.01,78,120842,买盘
09:44:13,15.49,-0.01,137,212385,卖盘
09:44:15,15.49,0.0,52,80587,卖盘
09:44:19,15.49,0.0,58,89872,卖盘
09:44:22,15.51,0.02,153,237108,买盘
09:44:25,15.5,-0.01,229,354793,买盘
09:44:28,15.49,-0.01,147,227723,卖盘
09:44:30,15.49,0.0,80,123931,卖盘
09:44:33,15.5,0.01,575,891139,买盘
09:44:36,15.5,0.0,276,427739,买盘
09:44:40,15.49,-0.01,147,227728,卖盘
09:44:43,15.5,0.01,155,240105,买盘
09:44:46,15.49,-0.01,402,622799,卖盘
09:44:49,15.49,0.0,111,171891,买盘
09:44:51,15.49,0.0,1097,1700229,买盘
09:44:55,15.5,0.01,151,233904,买盘
09:44:58,15.49,-0.01,27,41838,卖盘
09:45:01,15.49,0.0,158,244885,卖盘
09:45:04,15.49,0.0,36,55774,卖盘
09:45:07,15.5,0.01,154,238653,买盘
09:45:10,15.49,-0.01,139,215320,卖盘
09:45:13,15.49,0.0,456,706363,卖盘
09:45:16,15.5,0.01,494,765314,买盘
09:45:18,15.5,0.0,208,322322,买盘
09:45:22,15.49,-0.01,214,331567,卖盘
09:45:24,15.5,0.01,105,162680,买盘
09:45:27,15.5,0.0,310,480433,买盘
09:45:30,15.5,0.0,172,266467,买盘
09:45:34,15.5,0.0,45,69743,买盘
09:45:37,15.49,-0.01,165,255658,卖盘
09:45:40,15.5,0.01,150,232486,买盘
09:45:42,15.5,0.0,112,173600,买盘
09:45:45,15.5,0.0,116,179774,买盘
09:45:49,15.49,-0.01,199,308330,卖盘
09:45:52,15.5,0.01,426,660332,买盘
09:45:54,15.51,0.01,151,234065,买盘
09:45:58,15.5,-0.01,62,96104,卖盘
09:46:00,15.51,0.01,137,212463,买盘
09:46:04,15.5,-0.01,254,393831,卖盘
09:46:07,15.51,0.01,33,51161,买盘
09:46:10,15.5,-0.01,53,82196,卖盘
09:46:12,15.51,0.01,135,209431,买盘
09:46:15,15.51,0.0,45,69795,买盘
09:46:18,15.51,0.0,25,38780,卖盘
09:46:21,15.51,0.0,34,52734,卖盘
09:46:24,15.51,0.0,172,266896,卖盘
09:46:27,15.51,0.0,58,89996,卖盘
09:46:31,15.51,0.0,175,271510,卖盘
09:46:34,15.51,0.0,1044,1620638,卖盘
09:46:36,15.52,0.01,72,111724,卖盘
09:46:39,15.52,0.0,53,82256,卖盘
09:46:43,15.52,0.0,308,478064,卖盘
09:46:46,15.52,0.0,637,988822,卖盘
09:46:49,15.51,-0.01,436,676348,卖盘
09:46:52,15.52,0.01,624,968036,买盘
09:46:55,15.51,-0.01,285,442035,卖盘
09:46:57,15.51,0.0,739,1145632,买盘
09:47:00,15.51,0.0,460,713125,买盘
09:47:04,15.5,-0.01,619,959482,卖盘
09:47:06,15.5,0.0,668,1035696,买盘
09:47:09,15.5,0.0,20,31012,买盘
09:47:13,15.5,0.0,26,40311,卖盘
09:47:16,15.5,0.0,223,345573,卖盘
09:47:19,15.51,0.01,133,206372,买盘
09:47:21,15.51,0.0,57,88387,卖盘
09:47:24,15.51,0.0,44,68223,卖盘
09:47:27,15.5,-0.01,119,184548,卖盘
09:47:31,15.51,0.01,343,531869,买盘
09:47:34,15.5,-0.01,342,530134,卖盘
09:47:37,15.5,0.0,93,144124,卖盘
09:47:40,15.5,0.0,398,617048,买盘
09:47:42,15.5,0.0,54,83700,卖盘
09:47:45,15.5,0.0,142,220100,卖盘
09:47:48,15.5,0.0,156,241800,卖盘
09:47:51,15.5,0.0,253,392254,卖盘
09:47:55,15.5,0.0,171,265058,卖盘
09:47:57,15.49,-0.01,170,263370,卖盘
09:48:01,15.49,0.0,76,117799,卖盘
09:48:04,15.51,0.02,275,426257,买盘
09:48:07,15.5,-0.01,616,954670,卖盘
09:48:09,15.5,0.0,228,353306,卖盘
09:48:13,15.51,0.01,2113,3278663,买盘
09:48:15,15.51,0.0,73,113200,卖盘
09:48:18,15.5,-0.01,45,69786,卖盘
09:48:21,15.51,0.01,32,49606,买盘
09:48:25,15.51,0.0,443,688080,买盘
09:48:27,15.51,0.0,172,266686,卖盘
09:48:31,15.51,0.0,242,375257,买盘
09:48:33,15.5,-0.01,128,198411,卖盘
09:48:36,15.51,0.01,277,429501,买盘
09:48:39,15.51,0.0,45,69762,买盘
09:48:43,15.5,-0.01,72,111614,卖盘
09:48:45,15.5,0.0,156,241903,卖盘
09:48:49,15.51,0.01,83,128680,买盘
09:48:51,15.5,-0.01,163,252686,卖盘
09:48:55,15.5,0.0,259,400210,卖盘
09:48:57,15.49,-0.01,328,508399,卖盘
09:49:01,15.5,0.01,88,136368,卖盘
09:49:04,15.5,0.0,660,1022481,买盘
09:49:07,15.49,-0.01,1,1549,卖盘
09:49:09,15.5,0.01,473,732974,买盘
09:49:13,15.49,-0.01,35,54239,卖盘
09:49:15,15.5,0.01,220,340962,买盘
09:49:19,15.49,-0.01,171,264940,卖盘
09:49:22,15.49,0.0,180,278989,卖盘
09:49:24,15.49,0.0,31,48039,卖盘
09:49:28,15.5,0.01,542,840065,买盘
09:49:30,15.5,0.0,119,184450,买盘
09:49:34,15.5,0.0,229,354916,买盘
09:49:36,15.51,0.01,122,189145,买盘
09:49:40,15.5,-0.01,286,443300,卖盘
09:49:42,15.51,0.01,192,297698,买盘
09:49:45,15.5,-0.01,13,20150,卖盘
09:49:48,15.52,0.02,326,505817,买盘
09:49:51,15.53,0.01,412,639281,买盘
09:49:55,15.51,-0.02,26,40312,卖盘
09:49:57,15.5,-0.01,258,399937,卖盘
09:50:01,15.51,0.01,183,283663,买盘
09:50:04,15.51,0.0,213,330463,卖盘
09:50:06,15.52,0.01,68,105447,买盘
09:50:09,15.52,0.0,561,870359,买盘
09:50:13,15.52,0.0,527,817904,卖盘
09:50:16,15.51,-0.01,181,280872,卖盘
09:50:18,15.52,0.01,129,200204,中性盘
09:50:22,15.51,-0.01,385,597142,卖盘
09:50:24,15.53,0.02,567,879601,买盘
09:50:28,15.51,-0.02,57,88440,卖盘
09:50:30,15.51,0.0,32,49632,卖盘
09:50:33,15.51,0.0,77,119450,卖盘
09:50:36,15.5,-0.01,417,646918,卖盘
09:50:39,15.5,0.0,823,1275838,卖盘
09:50:42,15.51,0.01,243,376805,中性盘
09:50:45,15.5,-0.01,1447,2246490,卖盘
09:50:48,15.53,0.03,119,184715,买盘
09:50:52,15.5,-0.03,577,894608,卖盘
09:50:54,15.52,0.02,215,333269,中性盘
09:50:58,15.52,0.0,216,335111,买盘
09:51:00,15.51,-0.01,49,75999,卖盘
09:51:04,15.51,0.0,70,108570,卖盘
09:51:06,15.51,0.0,9,13959,卖盘
09:51:10,15.52,0.01,194,301087,买盘
09:51:12,15.5,-0.02,553,857700,卖盘
09:51:16,15.51,0.01,58,89955,买盘
09:51:18,15.51,0.0,41,63591,买盘
09:51:21,15.52,0.01,98,152041,买盘
09:51:25,15.51,-0.01,71,110186,卖盘
09:51:27,15.52,0.01,797,1235401,买盘
09:51:30,15.51,-0.01,107,166049,卖盘
09:51:34,15.51,0.0,17,26367,卖盘
09:51:36,15.51,0.0,150,232668,卖盘
09:51:40,15.51,0.0,88,136548,卖盘
09:51:42,15.52,0.01,272,422047,买盘
09:51:46,15.51,-0.01,21,32591,卖盘
09:51:48,15.51,0.0,62,96184,卖盘
09:51:52,15.52,0.01,107,165993,买盘
09:51:54,15.52,0.0,160,248260,买盘
09:51:58,15.52,0.0,321,497889,买盘
09:52:01,15.52,0.0,18,27934,买盘
09:52:04,15.53,0.01,186,288673,买盘
09:52:07,15.52,-0.01,115,178391,中性盘
09:52:09,15.52,0.0,70,108627,卖盘
09:52:12,15.51,-0.01,124,192355,卖盘
09:52:16,15.51,0.0,174,270012,卖盘
09:52:18,15.51,0.0,33,51183,买盘
09:52:22,15.51,0.0,109,169059,卖盘
09:52:25,15.51,0.0,130,201540,买盘
09:52:27,15.52,0.01,129,200103,买盘
09:52:31,15.52,0.0,24,37230,买盘
09:52:33,15.52,0.0,93,144260,买盘
09:52:37,15.52,0.0,285,442055,买盘
09:52:39,15.52,0.0,114,176928,买盘
09:52:42,15.52,0.0,107,165997,买盘
09:52:45,15.51,-0.01,305,473055,卖盘
09:52:48,15.52,0.01,228,354781,买盘
09:52:51,15.52,0.0,148,229696,卖盘
09:52:54,15.52,0.0,162,251424,卖盘
09:52:57,15.52,0.0,264,409769,卖盘
09:53:00,15.52,0.0,436,676833,卖盘
09:53:04,15.52,0.0,1523,2363823,买盘
09:53:07,15.51,-0.01,686,1063993,卖盘
09:53:10,15.51,0.0,451,698493,卖盘
09:53:12,15.5,-0.01,1649,2557527,卖盘
09:53:16,15.5,0.0,2333,3616866,卖盘
09:53:18,15.52,0.02,110,170719,买盘
09:53:22,15.53,0.01,213,330662,买盘
09:53:24,15.51,-0.02,132,204740,卖盘
09:53:27,15.51,0.0,238,369259,买盘
09:53:30,15.5,-0.01,97,150375,卖盘
09:53:33,15.49,-0.01,815,1263043,卖盘
09:53:36,15.51,0.02,756,1173995,卖盘
09:53:39,15.51,0.0,103,159725,买盘
09:53:42,15.52,0.01,266,412635,买盘
09:53:45,15.5,-0.02,358,555292,卖盘
09:53:48,15.5,0.0,237,367379,卖盘
09:53:51,15.51,0.01,130,201534,买盘
09:53:54,15.52,0.01,44,68273,买盘
09:53:57,15.51,-0.01,302,468710,卖盘
09:54:00,15.5,-0.01,54,83774,卖盘
09:54:04,15.51,0.01,82,127195,中性盘
09:54:07,15.5,-0.01,202,313400,卖盘
09:54:09,15.52,0.02,240,372358,买盘
09:54:12,15.5,-0.02,308,477530,卖盘
09:54:16,15.51,0.01,281,436086,卖盘
09:54:18,15.53,0.02,12,18624,买盘
09:54:22,15.51,-0.02,1080,1675177,卖盘
09:54:24,15.51,0.0,147,227936,卖盘
09:54:28,15.52,0.01,338,524485,买盘
09:54:31,15.51,-0.01,93,144305,中性盘
09:54:33,15.52,0.01,58,89967,买盘
09:54:36,15.51,-0.01,147,228114,卖盘
09:54:40,15.51,0.0,234,363042,买盘
09:54:42,15.51,0.0,387,600037,买盘
09:54:46,15.51,0.0,236,366024,买盘
09:54:49,15.51,0.0,298,462188,买盘
09:54:52,15.5,-0.01,223,345758,卖盘
09:54:55,15.51,0.01,238,369060,买盘
09:54:57,15.51,0.0,164,254425,卖盘
09:55:00,15.51,0.0,351,544959,卖盘
09:55:04,15.52,0.01,267,414446,中性盘
09:55:07,15.51,-0.01,48,74457,卖盘
09:55:10,15.51,0.0,55,85405,卖盘
09:55:13,15.52,0.01,166,257652,卖盘
09:55:15,15.52,0.0,147,228012,买盘
09:55:18,15.51,-0.01,209,324169,卖盘
09:55:22,15.52,0.01,621,963355,买盘
09:55:24,15.51,-0.01,167,259019,卖盘
09:55:27,15.51,0.0,110,170520,买盘
09:55:30,15.5,-0.01,133,206226,卖盘
09:55:33,15.5,0.0,158,245032,卖盘
09:55:36,15.5,0.0,170,263554,卖盘
09:55:39,15.5,0.0,202,313195,卖盘
09:55:43,15.51,0.01,44,68244,买盘
09:55:45,15.5,-0.01,358,555068,卖盘
09:55:49,15.5,0.0,1465,2270887,卖盘
09:55:51,15.5,0.0,461,714555,卖盘
09:55:54,15.5,0.0,128,198426,卖盘
09:55:57,15.5,0.0,35,54248,买盘
09:56:00,15.5,0.0,4,6200,买盘
09:56:04,15.5,0.0,25,38750,买盘
09:56:06,15.5,0.0,389,602768,买盘
09:56:10,15.5,0.0,160,247904,买盘
09:56:12,15.49,-0.01,1439,2228798,卖盘
09:56:16,15.49,0.0,647,1002759,卖盘
09:56:19,15.49,0.0,282,437023,卖盘
09:56:22,15.5,0.01,484,750200,买盘
09:56:24,15.49,-0.01,328,508227,卖盘
09:56:27,15.49,0.0,156,241672,卖盘
09:56:31,15.49,0.0,357,553261,卖盘
09:56:34,15.5,0.01,105,162692,买盘
09:56:37,15.5,0.0,58,89860,买盘
09:56:39,15.51,0.01,304,471194,买盘
09:56:42,15.49,-0.02,596,923673,卖盘
09:56:46,15.5,0.01,190,294666,卖盘
09:56:49,15.49,-0.01,24,37185,卖盘
09:56:52,15.49,0.0,182,282128,卖盘
09:56:54,15.49,0.0,332,514524,卖盘
09:56:58,15.51,0.02,72,111618,买盘
09:57:00,15.52,0.01,156,241878,买盘
09:57:04,15.5,-0.02,146,226515,卖盘
09:57:06,15.5,0.0,24,37210,卖盘
09:57:09,15.5,0.0,63,97651,卖盘
09:57:12,15.52,0.02,296,459097,买盘
09:57:15,15.5,-0.02,187,289977,卖盘
09:57:18,15.52,0.02,68,105492,买盘
09:57:22,15.51,-0.01,26,40334,卖盘
09:57:25,15.51,0.0,592,918478,卖盘
09:57:28,15.52,0.01,252,391237,中性盘
09:57:31,15.51,-0.01,10,15511,卖盘
09:57:34,15.51,0.0,41,63601,卖盘
09:57:36,15.51,0.0,132,204874,卖盘
09:57:39,15.51,0.0,147,227934,卖盘
09:57:42,15.51,0.0,58,89969,买盘
09:57:45,15.51,0.0,137,212722,卖盘
09:57:49,15.52,0.01,66,102478,中性盘
09:57:52,15.51,-0.01,41,63602,卖盘
09:57:55,15.52,0.01,16,24830,买盘
09:57:58,15.51,-0.01,225,349180,卖盘
09:58:00,15.5,-0.01,345,535133,卖盘
09:58:04,15.5,0.0,29,44994,卖盘
09:58:07,15.51,0.01,13,20163,买盘
09:58:09,15.51,0.0,89,138039,买盘
09:58:12,15.5,-0.01,274,424963,卖盘
09:58:15,15.5,0.0,220,341098,卖盘
09:58:18,15.51,0.01,173,268304,买盘
09:58:21,15.5,-0.01,105,162801,卖盘
09:58:24,15.5,0.0,195,302287,卖盘
09:58:28,15.51,0.01,598,927379,买盘
09:58:31,15.52,0.01,362,561459,买盘
09:58:34,15.52,0.0,174,270117,卖盘
09:58:36,15.51,-0.01,186,288717,卖盘
09:58:40,15.51,0.0,58,89958,买盘
09:58:43,15.51,0.0,132,204722,买盘
09:58:46,15.51,0.0,229,355097,买盘
09:58:48,15.5,-0.01,110,170591,卖盘
09:58:52,15.51,0.01,279,432588,买盘
09:58:54,15.5,-0.01,105,162810,卖盘
09:58:58,15.51,0.01,150,232769,卖盘
09:59:00,15.51,0.0,151,234161,卖盘
09:59:04,15.5,-0.01,229,355328,卖盘
09:59:07,15.5,0.0,202,313127,卖盘
09:59:09,15.52,0.02,48,74474,买盘
09:59:13,15.5,-0.02,380,589437,卖盘
09:59:15,15.5,0.0,128,198655,卖盘
09:59:19,15.53,0.03,93,144295,买盘
09:59:21,15.53,0.0,233,361220,买盘
09:59:24,15.5,-0.03,262,406434,卖盘
09:59:27,15.51,0.01,74,114792,卖盘
09:59:30,15.51,0.0,47,72911,卖盘
09:59:34,15.52,0.01,77,119504,买盘
09:59:37,15.5,-0.02,450,698617,卖盘
09:59:40,15.51,0.01,298,462112,卖盘
09:59:42,15.5,-0.01,153,237200,卖盘
09:59:46,15.5,0.0,125,193870,卖盘
09:59:48,15.52,0.02,114,176918,中性盘
09:59:51,15.51,-0.01,186,288643,卖盘
09:59:54,15.51,0.0,106,164392,买盘
09:59:58,15.51,0.0,163,252819,买盘
10:00:01,15.53,0.02,74,114817,买盘
10:00:04,15.51,-0.02,154,239146,卖盘
10:00:06,15.5,-0.01,232,359669,卖盘
10:00:10,15.5,0.0,153,237441,卖盘
10:00:12,15.53,0.03,141,218689,买盘
10:00:16,15.51,-0.02,19,29462,中性盘
10:00:18,15.51,0.0,120,185514,卖盘
10:00:22,15.51,0.0,125,194057,卖盘
10:00:24,15.5,-0.01,1597,2477629,卖盘
10:00:28,15.5,0.0,211,327071,卖盘
10:00:30,15.5,0.0,1501,2326851,卖盘
10:00:34,15.51,0.01,430,666531,中性盘
10:00:37,15.51,0.0,67,103927,卖盘
10:00:40,15.5,-0.01,264,409245,卖盘
10:00:42,15.5,0.0,624,967557,卖盘
10:00:45,15.5,0.0,200,310000,卖盘
10:00:49,15.5,0.0,260,403090,卖盘
10:00:51,15.51,0.01,168,260483,买盘
10:00:54,15.5,-0.01,227,352089,卖盘
10:00:58,15.5,0.0,78,120910,卖盘
10:01:00,15.5,0.0,308,477614,卖盘
10:01:05,15.52,0.02,657,1019270,买盘
10:01:07,15.5,-0.02,45,69796,中性盘
10:01:09,15.49,-0.01,428,664024,卖盘
10:01:12,15.5,0.01,254,393585,卖盘
10:01:16,15.5,0.0,495,768159,卖盘
10:01:19,15.5,0.0,82,127079,买盘
10:01:21,15.49,-0.01,125,193777,卖盘
10:01:24,15.5,0.01,241,373566,卖盘
10:01:28,15.5,0.0,154,238876,卖盘
10:01:31,15.5,0.0,149,230967,卖盘
10:01:33,15.5,0.0,163,252698,买盘
10:01:36,15.5,0.0,153,237169,卖盘
10:01:39,15.5,0.0,270,418637,买盘
10:01:43,15.5,0.0,67,103850,买盘
10:01:45,15.49,-0.01,173,268073,卖盘
10:01:48,15.5,0.01,190,294487,买盘
10:01:52,15.49,-0.01,458,709724,卖盘
10:01:55,15.49,0.0,163,252648,卖盘
10:01:57,15.5,0.01,4471,6925647,买盘
10:02:00,15.49,-0.01,527,816417,卖盘
10:02:04,15.48,-0.01,46,71244,卖盘
10:02:07,15.48,0.0,358,554227,卖盘
10:02:09,15.48,0.0,381,589949,卖盘
10:02:13,15.48,0.0,158,244719,卖盘
10:02:16,15.5,0.02,3573,5536130,买盘
10:02:18,15.5,0.0,981,1521394,卖盘
10:02:22,15.5,0.0,287,444797,买盘
10:02:25,15.49,-0.01,74,114719,卖盘
10:02:27,15.49,0.0,33,51143,卖盘
10:02:30,15.49,0.0,89,137880,卖盘
10:02:34,15.49,0.0,302,468224,买盘
10:02:36,15.49,0.0,266,412037,买盘
10:02:40,15.49,0.0,70,108488,卖盘
10:02:42,15.52,0.03,251,389168,买盘
10:02:45,15.49,-0.03,327,506523,卖盘
10:02:48,15.49,0.0,117,181241,卖盘
10:02:52,15.5,0.01,731,1134421,卖盘
10:02:54,15.53,0.03,132,204910,买盘
10:02:57,15.5,-0.03,36,55879,卖盘
10:03:00,15.5,0.0,9,13950,买盘
10:03:04,15.5,0.0,89,138092,卖盘
10:03:07,15.52,0.02,160,248264,买盘
10:03:10,15.5,-0.02,142,220521,卖盘
10:03:12,15.5,0.0,20,31028,卖盘
10:03:15,15.52,0.02,144,223375,买盘
10:03:18,15.5,-0.02,817,1267677,卖盘
10:03:21,15.5,0.0,491,761322,卖盘
10:03:25,15.5,0.0,265,410757,卖盘
10:03:28,15.5,0.0,1213,1879382,卖盘
10:03:30,15.51,0.01,6,9305,中性盘
10:03:34,15.5,-0.01,68,105443,卖盘
10:03:36,15.52,0.02,340,527272,买盘
10:03:39,15.5,-0.02,306,474778,卖盘
10:03:42,15.5,0.0,202,313290,卖盘
10:03:46,15.5,0.0,49,75960,卖盘
10:03:48,15.51,0.01,582,901934,买盘
10:03:51,15.5,-0.01,318,492956,中性盘
10:03:54,15.5,0.0,47,72854,买盘
10:03:57,15.5,0.0,189,293016,卖盘
10:04:01,15.51,0.01,197,305522,买盘
10:04:04,15.5,-0.01,86,133355,卖盘
10:04:07,15.5,0.0,26,40300,卖盘
10:04:10,15.5,0.0,205,317754,卖盘
10:04:12,15.5,0.0,149,230921,买盘
10:04:16,15.5,0.0,23,35650,买盘
10:04:19,15.5,0.0,8,12400,买盘
10:04:22,15.5,0.0,677,1049300,买盘
10:04:24,15.49,-0.01,437,677184,卖盘
10:04:27,15.49,0.0,140,216976,卖盘
10:04:30,15.49,0.0,1158,1793810,卖盘
10:04:34,15.49,0.0,1209,1873301,卖盘
10:04:37,15.49,0.0,604,935941,卖盘
10:04:40,15.49,0.0,188,291370,卖盘
10:04:43,15.49,0.0,112,173521,卖盘
10:04:46,15.49,0.0,178,275887,卖盘
10:04:49,15.5,0.01,332,514333,买盘
10:04:51,15.5,0.0,111,172050,买盘
10:04:55,15.5,0.0,245,379681,买盘
10:04:57,15.5,0.0,98,151897,买盘
10:05:00,15.49,-0.01,103,159607,卖盘
10:05:05,15.5,0.01,105,162715,买盘
10:05:07,15.49,-0.01,205,317674,卖盘
10:05:09,15.49,0.0,74,114697,卖盘
10:05:13,15.49,0.0,20,30988,卖盘
10:05:15,15.5,0.01,60,93000,买盘
10:05:19,15.49,-0.01,169,261906,卖盘
10:05:21,15.5,0.01,97,150345,买盘
10:05:24,15.5,0.0,587,909326,买盘
10:05:27,15.5,0.0,223,345535,买盘
10:05:31,15.49,-0.01,321,497237,卖盘
10:05:33,15.49,0.0,6,9294,卖盘
10:05:36,15.5,0.01,62,96100,买盘
10:05:39,15.5,0.0,133,206150,买盘
10:05:42,15.49,-0.01,106,164294,卖盘
10:05:45,15.49,0.0,312,483588,卖盘
10:05:48,15.49,0.0,636,985781,卖盘
10:05:51,15.49,0.0,422,653824,卖盘
10:05:55,15.49,0.0,161,249486,卖盘
10:05:58,15.5,0.01,92,142515,买盘
10:06:00,15.5,0.0,138,213890,买盘
10:06:04,15.49,-0.01,190,294478,卖盘
10:06:07,15.49,0.0,229,354950,卖盘
10:06:10,15.5,0.01,81,125613,中性盘
10:06:12,15.5,0.0,16,24795,买盘
10:06:15,15.5,0.0,225,348675,买盘
10:06:18,15.49,-0.01,305,472532,卖盘
10:06:22,15.49,0.0,7,10848,卖盘
10:06:25,15.5,0.01,393,609131,买盘
10:06:27,15.51,0.01,217,336538,买盘
10:06:31,15.5,-0.01,127,196918,卖盘
10:06:33,15.51,0.01,100,155030,买盘
10:06:37,15.5,-0.01,148,229429,卖盘
10:06:39,15.51,0.01,118,183018,买盘
10:06:42,15.51,0.0,182,282281,买盘
10:06:45,15.5,-0.01,96,148866,卖盘
10:06:48,15.5,0.0,184,285358,卖盘
10:06:51,15.5,0.0,197,305417,卖盘
10:06:54,15.5,0.0,73,113174,卖盘
10:06:57,15.51,0.01,326,505332,买盘
10:07:00,15.5,-0.01,374,579964,卖盘
10:07:05,15.51,0.01,125,193874,买盘
10:07:06,15.51,0.0,61,94594,买盘
10:07:09,15.51,0.0,25,38775,买盘
10:07:12,15.5,-0.01,167,259002,卖盘
10:07:16,15.5,0.0,521,808013,卖盘
10:07:19,15.51,0.01,395,612645,买盘
10:07:21,15.52,0.01,291,451354,买盘
10:07:24,15.5,-0.02,448,694766,卖盘
10:07:28,15.51,0.01,123,190890,卖盘
10:07:30,15.51,0.0,83,128747,卖盘
10:07:34,15.51,0.0,187,290201,卖盘
10:07:37,15.51,0.0,308,477608,卖盘
10:07:40,15.51,0.0,100,155095,买盘
10:07:42,15.51,0.0,99,153499,买盘
10:07:45,15.51,0.0,1516,2352591,买盘
10:07:49,15.51,0.0,146,226383,卖盘
10:07:52,15.51,0.0,144,223363,买盘
10:07:55,15.53,0.02,682,1058494,买盘
10:07:57,15.51,-0.02,215,333514,卖盘
10:08:00,15.51,0.0,94,145898,卖盘
10:08:04,15.51,0.0,28,43472,卖盘
10:08:06,15.52,0.01,153,237564,中性盘
10:08:10,15.53,0.01,110,170805,买盘
10:08:13,15.53,0.0,39,60567,买盘
10:08:15,15.52,-0.01,9,13975,中性盘
10:08:18,15.52,0.0,142,220521,买盘
10:08:21,15.51,-0.01,15,23276,卖盘
10:08:25,15.51,0.0,244,378808,卖盘
10:08:27,15.51,0.0,98,152149,卖盘
10:08:30,15.52,0.01,212,329024,买盘
10:08:33,15.51,-0.01,113,175333,卖盘
10:08:36,15.51,0.0,92,142739,卖盘
10:08:39,15.52,0.01,185,287324,卖盘
10:08:42,15.54,0.02,186,288634,买盘
10:08:46,15.51,-0.03,136,211149,卖盘
10:08:49,15.51,0.0,983,1524132,卖盘
10:08:52,15.54,0.03,207,321391,买盘
10:08:55,15.55,0.01,224,348172,买盘
10:08:58,15.51,-0.04,180,279387,卖盘
10:09:00,15.53,0.02,34,52802,买盘
10:09:04,15.52,-0.01,236,366533,卖盘
10:09:06,15.52,0.0,88,136575,买盘
10:09:09,15.54,0.02,39,60597,买盘
10:09:12,15.55,0.01,504,783698,买盘
10:09:15,15.54,-0.01,158,245632,卖盘
10:09:18,15.55,0.01,278,432270,买盘
10:09:21,15.55,0.0,252,391860,买盘
10:09:24,15.55,0.0,630,979826,买盘
10:09:27,15.55,0.0,41,63763,买盘
10:09:30,15.55,0.0,78,121290,买盘
10:09:33,15.55,0.0,319,496232,卖盘
10:09:36,15.55,0.0,270,420045,卖盘
10:09:39,15.55,0.0,84,130612,买盘
10:09:43,15.55,0.0,98,152390,买盘
10:09:45,15.55,0.0,186,289210,买盘
10:09:48,15.55,0.0,48,74640,买盘
10:09:52,15.55,0.0,195,303222,买盘
10:09:55,15.55,0.0,422,656064,买盘
10:09:57,15.55,0.0,306,475899,买盘
10:10:00,15.55,0.0,556,863752,买盘
10:10:05,15.54,-0.01,15,23323,卖盘
10:10:07,15.55,0.01,14,21767,买盘
10:10:10,15.54,-0.01,167,259704,卖盘
10:10:12,15.55,0.01,10,15550,买盘
10:10:16,15.54,-0.01,75,116595,卖盘
10:10:19,15.55,0.01,165,256861,买盘
10:10:21,15.54,-0.01,64,99460,卖盘
10:10:24,15.54,0.0,231,358979,买盘
10:10:27,15.55,0.01,464,721295,买盘
10:10:30,15.54,-0.01,285,443105,卖盘
10:10:34,15.55,0.01,49,76175,买盘
10:10:37,15.55,0.0,26,40420,买盘
10:10:39,15.55,0.0,31,48204,买盘
10:10:42,15.55,0.0,146,227137,买盘
10:10:46,15.56,0.01,72,111967,买盘
10:10:49,15.57,0.01,138,214704,买盘
10:10:52,15.57,0.0,194,301952,买盘
10:10:57,15.57,0.0,353,549562,买盘
10:11:00,15.57,0.0,49,76293,卖盘
10:11:05,15.58,0.01,279,434544,买盘
10:11:07,15.58,0.0,85,132407,买盘
10:11:09,15.57,-0.01,191,297417,卖盘
10:11:13,15.57,0.0,63,98091,卖盘
10:11:15,15.58,0.01,497,773939,买盘
10:11:18,15.55,-0.03,529,823615,卖盘
10:11:21,15.57,0.02,158,245782,买盘
10:11:24,15.56,-0.01,211,328432,中性盘
10:11:27,15.57,0.01,93,144689,买盘
10:11:30,15.57,0.0,626,974654,买盘
10:11:33,15.57,0.0,41,63775,买盘
10:11:36,15.57,0.0,124,193068,买盘
10:11:40,15.53,-0.04,1140,1772363,卖盘
10:11:42,15.54,0.01,143,222560,卖盘
10:11:46,15.55,0.01,15,23345,中性盘
10:11:49,15.55,0.0,211,328157,买盘
10:11:51,15.55,0.0,81,125904,买盘
10:11:55,15.55,0.0,104,161741,买盘
10:11:57,15.55,0.0,484,752882,卖盘
10:12:01,15.55,0.0,14,21770,卖盘
10:12:04,15.56,0.01,130,202152,买盘
10:12:07,15.55,-0.01,24,37339,卖盘
10:12:09,15.56,0.01,297,462084,买盘
10:12:12,15.56,0.0,714,1110937,买盘
10:12:16,15.56,0.0,28,43548,买盘
10:12:19,15.55,-0.01,50,77768,卖盘
10:12:22,15.56,0.01,162,252047,买盘
10:12:25,15.55,-0.01,58,90220,卖盘
10:12:27,15.56,0.01,219,340754,买盘
10:12:30,15.57,0.01,147,228800,买盘
10:12:33,15.56,-0.01,1356,2111290,中性盘
10:12:36,15.57,0.01,456,709992,买盘
10:12:40,15.56,-0.01,86,133834,卖盘
10:12:43,15.57,0.01,128,199296,买盘
10:12:46,15.57,0.0,90,140128,买盘
10:12:48,15.57,0.0,725,1129508,卖盘
10:12:52,15.57,0.0,41,63850,卖盘
10:12:55,15.57,0.0,184,286642,卖盘
10:12:57,15.58,0.01,112,174395,买盘
10:13:00,15.57,-0.01,120,186840,卖盘
10:13:05,15.57,0.0,258,401706,买盘
10:13:07,15.57,0.0,27,42036,买盘
10:13:10,15.57,0.0,215,334649,买盘
10:13:12,15.57,0.0,13,20236,买盘
10:13:15,15.56,-0.01,281,437494,卖盘
10:13:22,15.56,0.0,161,250396,卖盘
10:13:25,15.56,0.0,63,98028,买盘
10:13:27,15.56,0.0,289,449653,买盘
10:13:30,15.56,0.0,31,48236,买盘
10:13:33,15.55,-0.01,115,178911,卖盘
10:13:36,15.55,0.0,726,1129041,卖盘
10:13:39,15.55,0.0,98,152343,买盘
10:13:43,15.55,0.0,28,43540,买盘
10:13:46,15.54,-0.01,31,48201,卖盘
10:13:48,15.54,0.0,147,228575,卖盘
10:13:51,15.54,0.0,163,253433,卖盘
10:13:55,15.54,0.0,12,18648,卖盘
10:13:57,15.54,0.0,242,376138,卖盘
10:14:00,15.54,0.0,383,595307,卖盘
10:14:04,15.55,0.01,46,71530,买盘
10:14:07,15.55,0.0,48,74612,买盘
10:14:10,15.54,-0.01,302,469494,卖盘
10:14:12,15.54,0.0,52,80808,卖盘
10:14:15,15.54,0.0,144,223776,卖盘
10:14:19,15.54,0.0,144,223776,卖盘
10:14:22,15.55,0.01,177,275235,买盘
10:14:24,15.54,-0.01,4,6216,卖盘
10:14:27,15.55,0.01,17,26425,买盘
10:14:30,15.54,-0.01,152,236305,卖盘
10:14:34,15.54,0.0,191,296979,卖盘
10:14:36,15.54,0.0,96,149198,卖盘
10:14:39,15.55,0.01,292,453810,买盘
10:14:43,15.55,0.0,131,203705,买盘
10:14:46,15.54,-0.01,146,226982,卖盘
10:14:49,15.54,0.0,383,594818,买盘
10:14:52,15.54,0.0,62,96348,买盘
10:14:54,15.53,-0.01,227,352674,卖盘
10:14:57,15.53,0.0,12,18647,卖盘
10:15:00,15.54,0.01,58,90088,买盘
10:15:04,15.53,-0.01,264,409992,卖盘
10:15:06,15.54,0.01,163,253299,买盘
10:15:10,15.53,-0.01,128,198835,卖盘
10:15:13,15.53,0.0,946,1469193,卖盘
10:15:15,15.53,0.0,176,273328,买盘
10:15:19,15.53,0.0,367,569951,买盘
10:15:21,15.52,-0.01,15,23290,卖盘
10:15:25,15.52,0.0,5,7760,卖盘
10:15:27,15.53,0.01,280,434720,买盘
10:15:30,15.52,-0.01,30,46588,卖盘
10:15:33,15.53,0.01,137,212727,买盘
10:15:37,15.53,0.0,212,329305,买盘
10:15:39,15.54,0.01,115,178683,买盘
10:15:43,15.53,-0.01,52,80804,卖盘
10:15:46,15.54,0.01,30,46617,卖盘
10:15:49,15.55,0.01,144,223849,买盘
10:15:52,15.53,-0.02,5,7765,卖盘
10:15:55,15.54,0.01,238,370030,买盘
10:15:58,15.54,0.0,153,237827,卖盘
10:16:01,15.54,0.0,301,467948,卖盘
10:16:04,15.53,-0.01,154,239322,卖盘
10:16:06,15.53,0.0,614,953337,卖盘
10:16:09,15.54,0.01,872,1355010,买盘
10:16:12,15.53,-0.01,298,462687,中性盘
10:16:16,15.52,-0.01,195,302185,卖盘
10:16:18,15.53,0.01,98,152214,买盘
10:16:21,15.52,-0.01,2,3572,卖盘
10:16:25,15.53,0.01,188,291939,买盘
10:16:27,15.53,0.0,17,26401,卖盘
10:16:30,15.53,0.0,2,3106,卖盘
10:16:33,15.53,0.0,129,200463,卖盘
10:16:37,15.53,0.0,11,17083,卖盘
10:16:40,15.53,0.0,353,548216,卖盘
10:16:43,15.52,-0.01,57,88495,卖盘
10:16:46,15.52,0.0,238,369510,卖盘
10:16:49,15.52,0.0,223,346119,卖盘
10:16:52,15.54,0.02,489,759534,买盘
10:16:54,15.54,0.0,273,423939,买盘
10:16:58,15.52,-0.02,14,21728,卖盘
10:17:00,15.54,0.02,2,3108,买盘
10:17:04,15.52,-0.02,20,31050,卖盘
10:17:07,15.54,0.02,135,209744,买盘
10:17:09,15.52,-0.02,781,1212119,卖盘
10:17:12,15.52,0.0,62,96224,买盘
10:17:16,15.52,0.0,26,40351,买盘
10:17:18,15.52,0.0,150,232800,买盘
10:17:22,15.51,-0.01,76,117895,卖盘
10:17:24,15.52,0.01,67,103948,买盘
10:17:28,15.52,0.0,128,198656,买盘
10:17:30,15.52,0.0,364,564935,买盘
10:17:34,15.52,0.0,19,29488,买盘
10:17:36,15.52,0.0,117,181477,买盘
10:17:39,15.52,0.0,384,595735,买盘
10:17:42,15.51,-0.01,1427,2213331,卖盘
10:17:48,15.52,0.01,317,491669,买盘
10:17:51,15.51,-0.01,670,1039170,卖盘
10:17:54,15.51,0.0,74,114774,买盘
10:17:57,15.5,-0.01,157,243352,卖盘
10:18:00,15.51,0.01,156,241950,买盘
10:18:04,15.5,-0.01,194,300838,卖盘
10:18:07,15.5,0.0,4,6200,卖盘
10:18:09,15.51,0.01,47,72867,买盘
10:18:13,15.5,-0.01,300,465129,卖盘
10:18:15,15.5,0.0,216,334818,卖盘
10:18:18,15.5,0.0,22,34100,卖盘
10:18:22,15.5,0.0,294,455721,卖盘
10:18:25,15.51,0.01,148,229533,买盘
10:18:27,15.5,-0.01,138,213910,卖盘
10:18:30,15.51,0.01,250,387700,买盘
10:18:33,15.52,0.01,555,861287,买盘
10:18:37,15.52,0.0,1090,1691680,买盘
10:18:39,15.51,-0.01,65,100830,卖盘
10:18:42,15.51,0.0,6,9306,卖盘
10:18:45,15.51,0.0,136,211054,卖盘
10:18:49,15.52,0.01,43,66736,买盘
10:18:51,15.52,0.0,39,60521,买盘
10:18:55,15.51,-0.01,72,111685,卖盘
10:18:57,15.52,0.01,134,207966,买盘
10:19:01,15.52,0.0,33,51212,买盘
10:19:04,15.52,0.0,53,82230,买盘
10:19:07,15.53,0.01,338,524693,买盘
10:19:09,15.52,-0.01,77,119579,卖盘
10:19:12,15.53,0.01,246,382038,买盘
10:19:16,15.53,0.0,116,180098,买盘
10:19:18,15.52,-0.01,306,475066,卖盘
10:19:21,15.52,0.0,3,4656,卖盘
10:19:24,15.52,0.0,39,60528,卖盘
10:19:28,15.52,0.0,95,147440,卖盘
10:19:30,15.52,0.0,1018,1580135,卖盘
10:19:33,15.52,0.0,93,144341,卖盘
10:19:36,15.52,0.0,50,77586,买盘
10:19:39,15.52,0.0,136,211072,买盘
10:19:43,15.52,0.0,6,9312,买盘
10:19:46,15.52,0.0,45,69800,买盘
10:19:48,15.52,0.0,11,17072,买盘
10:19:51,15.52,0.0,137,212624,买盘
10:19:54,15.51,-0.01,49,76018,卖盘
10:19:57,15.52,0.01,103,159856,买盘
10:20:00,15.52,0.0,20,31035,买盘
10:20:05,15.51,-0.01,197,305681,卖盘
10:20:07,15.51,0.0,998,1548198,卖盘
10:20:10,15.51,0.0,53,82210,卖盘
10:20:13,15.52,0.01,197,305338,买盘
10:20:16,15.51,-0.01,1540,2387020,中性盘
10:20:18,15.5,-0.01,1175,1821257,卖盘
10:20:21,15.5,0.0,124,192220,卖盘
10:20:25,15.5,0.0,127,196967,卖盘
10:20:27,15.51,0.01,5,7755,买盘
10:20:30,15.51,0.0,66,102308,买盘
10:20:33,15.5,-0.01,54,83715,卖盘
10:20:36,15.5,0.0,785,1216879,卖盘
10:20:39,15.5,0.0,11,17050,买盘
10:20:42,15.49,-0.01,128,198272,卖盘
10:20:45,15.5,0.01,126,195295,买盘
10:20:48,15.49,-0.01,381,590499,卖盘
10:20:51,15.5,0.01,212,328600,买盘
10:20:55,15.5,0.0,100,154936,买盘
10:20:58,15.51,0.01,176,272866,买盘
10:21:00,15.5,-0.01,17,26350,卖盘
10:21:04,15.5,0.0,38,58900,买盘
10:21:07,15.49,-0.01,25,38738,卖盘
10:21:10,15.5,0.01,120,186000,买盘
10:21:12,15.49,-0.01,114,176591,卖盘
10:21:15,15.5,0.01,117,181317,买盘
10:21:19,15.5,0.0,195,302216,买盘
10:21:22,15.49,-0.01,257,398097,卖盘
10:21:24,15.49,0.0,156,241653,卖盘
10:21:27,15.5,0.01,41,63519,买盘
10:21:31,15.5,0.0,432,669289,买盘
10:21:34,15.49,-0.01,29,44921,卖盘
10:21:36,15.5,0.01,30,46500,买盘
10:21:40,15.5,0.0,28,43380,买盘
10:21:42,15.49,-0.01,181,280488,卖盘
10:21:46,15.49,0.0,121,187436,卖盘
10:21:48,15.49,0.0,1101,1705169,卖盘
10:21:51,15.49,0.0,32,49567,买盘
10:21:54,15.48,-0.01,333,515654,卖盘
10:21:57,15.48,0.0,29,44899,卖盘
10:22:00,15.49,0.01,54,83644,买盘
10:22:04,15.49,0.0,175,271020,买盘
10:22:07,15.48,-0.01,42,65044,卖盘
10:22:09,15.48,0.0,98,151718,卖盘
10:22:12,15.48,0.0,71,109908,卖盘
10:22:15,15.48,0.0,351,543479,卖盘
10:22:18,15.48,0.0,42,65019,卖盘
10:22:22,15.48,0.0,45,69675,卖盘
10:22:24,15.48,0.0,32,49536,卖盘
10:22:28,15.49,0.01,194,300446,买盘
10:22:30,15.49,0.0,40,61928,买盘
10:22:34,15.49,0.0,250,387218,买盘
10:22:37,15.49,0.0,137,212213,买盘
10:22:39,15.49,0.0,6,9291,买盘
10:22:43,15.48,-0.01,66,102172,卖盘
10:22:46,15.48,0.0,91,140873,卖盘
10:22:48,15.49,0.01,253,391809,买盘
10:22:52,15.49,0.0,65,100647,买盘
10:22:54,15.49,0.0,82,127001,买盘
10:22:57,15.49,0.0,438,678772,买盘
10:23:00,15.5,0.01,120,185995,买盘
10:23:04,15.49,-0.01,73,113139,卖盘
10:23:06,15.49,0.0,13,20137,卖盘
10:23:10,15.5,0.01,184,285144,买盘
10:23:12,15.5,0.0,114,176658,买盘
10:23:16,15.5,0.0,38,58894,买盘
10:23:19,15.5,0.0,7,10850,买盘
10:23:22,15.49,-0.01,206,319209,卖盘
10:23:25,15.5,0.01,108,167394,买盘
10:23:27,15.5,0.0,75,116250,卖盘
10:23:30,15.49,-0.01,3,4647,卖盘
10:23:33,15.5,0.01,193,299171,买盘
10:23:37,15.5,0.0,41,63512,买盘
10:23:39,15.49,-0.01,768,1189324,卖盘
10:23:42,15.49,0.0,212,328388,买盘
10:23:46,15.49,0.0,119,184329,买盘
10:23:49,15.49,0.0,64,99134,买盘
10:23:51,15.49,0.0,83,128547,买盘
10:23:54,15.48,-0.01,170,263323,卖盘
10:23:57,15.49,0.01,63,97587,买盘
10:24:00,15.49,0.0,111,171939,买盘
10:24:04,15.49,0.0,6,9294,卖盘
10:24:06,15.5,0.01,118,182900,买盘
10:24:10,15.5,0.0,38,58876,买盘
10:24:16,15.5,0.0,156,241782,买盘
10:24:18,15.49,-0.01,10,15490,卖盘
10:24:21,15.5,0.01,174,269643,买盘
10:24:24,15.49,-0.01,88,136312,卖盘
10:24:27,15.49,0.0,179,277390,卖盘
10:24:30,15.49,0.0,16,24784,卖盘
10:24:33,15.49,0.0,439,680011,卖盘
10:24:36,15.49,0.0,114,176606,买盘
10:24:39,15.49,0.0,269,416648,买盘
10:24:42,15.49,0.0,46,71254,买盘
10:24:46,15.49,0.0,76,117714,买盘
10:24:48,15.5,0.01,178,275839,买盘
10:24:51,15.49,-0.01,68,105332,卖盘
10:24:55,15.49,0.0,1,1549,卖盘
10:24:58,15.49,0.0,139,215411,卖盘
10:25:01,15.49,0.0,219,339385,卖盘
10:25:05,15.49,0.0,79,122371,卖盘
10:25:06,15.49,0.0,89,137798,买盘
10:25:09,15.49,0.0,15,23232,买盘
10:25:12,15.49,0.0,424,656894,买盘
10:25:15,15.49,0.0,16,24785,卖盘
10:25:18,15.49,0.0,60,92940,卖盘
10:25:21,15.5,0.01,278,430751,买盘
10:25:24,15.49,-0.01,142,220021,卖盘
10:25:28,15.5,0.01,11,17138,买盘
10:25:30,15.5,0.0,107,165850,买盘
10:25:33,15.5,0.0,287,444769,买盘
10:25:36,15.5,0.0,36,55780,买盘
10:25:39,15.5,0.0,1744,2701650,买盘
10:25:42,15.49,-0.01,263,407459,卖盘
10:25:45,15.5,0.01,226,350300,买盘
10:25:49,15.49,-0.01,13,20143,卖盘
10:25:52,15.49,0.0,4,6197,卖盘
10:25:54,15.5,0.01,152,235600,买盘
10:25:57,15.49,-0.01,51,79017,卖盘
10:26:00,15.5,0.01,30,46500,买盘
10:26:04,15.49,-0.01,92,142512,卖盘
10:26:07,15.5,0.01,166,257300,买盘
10:26:09,15.49,-0.01,23,35645,卖盘
10:26:13,15.5,0.01,10,15495,买盘
10:26:15,15.5,0.0,575,891034,买盘
10:26:18,15.49,-0.01,240,372082,卖盘
10:26:21,15.49,0.0,882,1367579,卖盘
10:26:24,15.5,0.01,7,10850,卖盘
10:26:28,15.49,-0.01,166,257402,卖盘
10:26:30,15.5,0.01,43,66650,中性盘
10:26:33,15.49,-0.01,12,18599,卖盘
10:26:36,15.5,0.01,45,69750,买盘
10:26:39,15.5,0.0,132,204600,买盘
10:26:43,15.49,-0.01,12,18595,卖盘
10:26:46,15.49,0.0,137,212226,卖盘
10:26:49,15.5,0.01,204,316050,买盘
10:26:51,15.49,-0.01,126,195296,卖盘
10:26:55,15.5,0.01,1,1550,买盘
10:26:57,15.49,-0.01,1,1549,卖盘
10:27:00,15.49,0.0,223,345565,卖盘
10:27:04,15.49,0.0,95,147155,卖盘
10:27:06,15.5,0.01,230,356353,买盘
10:27:09,15.5,0.0,17,26347,买盘
10:27:13,15.49,-0.01,190,294444,卖盘
10:27:15,15.49,0.0,23,35627,卖盘
10:27:19,15.5,0.01,61,94545,买盘
10:27:22,15.5,0.0,36,55794,买盘
10:27:25,15.49,-0.01,227,351740,卖盘
10:27:27,15.49,0.0,48,74352,卖盘
10:27:30,15.49,0.0,10,15490,卖盘
10:27:34,15.5,0.01,138,213893,买盘
10:27:36,15.5,0.0,72,111622,中性盘
10:27:39,15.5,0.0,372,576925,买盘
10:27:42,15.49,-0.01,197,305224,卖盘
10:27:46,15.51,0.02,146,226343,买盘
10:27:49,15.51,0.0,5,7751,买盘
10:27:51,15.51,0.0,39,60458,买盘
10:27:55,15.51,0.0,5,7755,买盘
10:27:57,15.5,-0.01,294,455840,卖盘
10:28:00,15.5,0.0,1252,1939375,卖盘
10:28:05,15.5,0.0,11,17054,卖盘
10:28:07,15.51,0.01,172,266736,买盘
10:28:09,15.51,0.0,27,41870,买盘
10:28:12,15.5,-0.01,30,46500,卖盘
10:28:15,15.5,0.0,6,9301,卖盘
10:28:18,15.51,0.01,187,289997,买盘
10:28:21,15.5,-0.01,79,122450,卖盘
10:28:25,15.51,0.01,169,261955,买盘
10:28:28,15.5,-0.01,112,173610,卖盘
10:28:31,15.5,0.0,168,260440,买盘
10:28:34,15.5,0.0,22,34100,买盘
10:28:37,15.5,0.0,46,71260,买盘
10:28:39,15.5,0.0,140,217000,买盘
10:28:43,15.49,-0.01,314,486556,卖盘
10:28:46,15.5,0.01,17,26350,买盘
10:28:49,15.49,-0.01,858,1329042,卖盘
10:28:51,15.49,0.0,344,532817,卖盘
10:28:54,15.49,0.0,136,210638,买盘
10:28:58,15.48,-0.01,92,142426,卖盘
10:29:01,15.49,0.01,81,125421,买盘
10:29:05,15.48,-0.01,167,258646,卖盘
10:29:07,15.49,0.01,825,1277115,买盘
10:29:10,15.49,0.0,1028,1591448,买盘
10:29:13,15.49,0.0,241,373202,买盘
10:29:15,15.49,0.0,22,34076,买盘
10:29:18,15.49,0.0,215,333035,买盘
10:29:22,15.49,0.0,5,7745,买盘
10:29:24,15.48,-0.01,675,1045028,卖盘
10:29:27,15.48,0.0,31,47998,卖盘
10:29:31,15.49,0.01,5,7745,买盘
10:29:33,15.48,-0.01,3,4644,卖盘
10:29:36,15.48,0.0,150,232336,卖盘
10:29:39,15.48,0.0,129,199762,卖盘
10:29:42,15.49,0.01,2,3098,买盘
10:29:45,15.48,-0.01,214,331463,卖盘
10:29:49,15.48,0.0,10,15488,卖盘
10:29:55,15.48,0.0,15,23220,卖盘
10:29:57,15.48,0.0,333,515789,卖盘
10:30:01,15.48,0.0,8,12389,卖盘
10:30:04,15.48,0.0,3,4645,卖盘
10:30:07,15.48,0.0,81,125423,卖盘
10:30:09,15.48,0.0,133,206014,卖盘
10:30:13,15.48,0.0,381,589968,卖盘
10:30:15,15.49,0.01,66,102181,买盘
10:30:19,15.48,-0.01,373,577529,卖盘
10:30:21,15.48,0.0,11,17028,卖盘
10:30:24,15.48,0.0,227,351410,卖盘
10:30:27,15.48,0.0,181,280188,卖盘
10:30:31,15.49,0.01,166,257126,买盘
10:30:34,15.48,-0.01,109,168732,卖盘
10:30:36,15.48,0.0,73,113008,卖盘
10:30:40,15.49,0.01,17,26319,买盘
10:30:42,15.49,0.0,163,252457,买盘
10:30:46,15.49,0.0,370,573173,买盘
10:30:48,15.49,0.0,185,286433,卖盘
10:30:51,15.49,0.0,242,374759,买盘
10:30:54,15.49,0.0,13,20136,买盘
10:30:57,15.48,-0.01,25,38701,卖盘
10:31:04,15.49,0.01,499,772632,买盘
10:31:07,15.48,-0.01,21,32509,卖盘
10:31:09,15.48,0.0,8,12384,卖盘
10:31:13,15.49,0.01,68,105265,买盘
10:31:15,15.49,0.0,146,226154,买盘
10:31:18,15.49,0.0,40,61938,买盘
10:31:21,15.48,-0.01,130,201240,卖盘
10:31:24,15.48,0.0,142,219942,卖盘
10:31:27,15.48,0.0,126,195052,卖盘
10:31:31,15.49,0.01,27,41803,买盘
10:31:34,15.49,0.0,7,10841,买盘
10:31:36,15.48,-0.01,134,207565,卖盘
10:31:40,15.49,0.01,6,9294,买盘
10:31:42,15.48,-0.01,5,7740,卖盘
10:31:46,15.48,0.0,13015,20121423,卖盘
10:31:49,15.48,0.0,283,438312,买盘
10:31:52,15.48,0.0,42,65016,买盘
10:31:54,15.47,-0.01,148,229025,卖盘
10:31:58,15.47,0.0,146,225992,卖盘
10:32:00,15.47,0.0,128,198069,卖盘
10:32:05,15.48,0.01,51,78919,买盘
10:32:06,15.47,-0.01,6,9282,买盘
10:32:09,15.46,-0.01,212,327891,卖盘
10:32:12,15.46,0.0,69,106735,卖盘
10:32:15,15.46,0.0,279,431512,卖盘
10:32:19,15.46,0.0,297,459162,卖盘
10:32:21,15.46,0.0,190,293858,卖盘
10:32:24,15.46,0.0,142,219532,卖盘
10:32:28,15.47,0.01,76,117507,买盘
10:32:31,15.47,0.0,161,249047,买盘
10:32:33,15.46,-0.01,25,38652,卖盘
10:32:36,15.47,0.01,221,341767,买盘
10:32:40,15.47,0.0,57,88153,买盘
10:32:43,15.46,-0.01,498,770028,卖盘
10:32:45,15.47,0.01,3,4641,买盘
10:32:48,15.47,0.0,62,95886,买盘
10:32:52,15.47,0.0,3073,4748315,买盘
10:32:55,15.47,0.0,137,211939,买盘
10:32:57,15.46,-0.01,22,34028,卖盘
10:33:00,15.47,0.01,96,148507,买盘
10:33:04,15.47,0.0,207,320158,买盘
10:33:06,15.47,0.0,4,6188,买盘
10:33:09,15.46,-0.01,34,52594,卖盘
10:33:12,15.47,0.01,12,18558,买盘
10:33:16,15.47,0.0,122,188729,买盘
10:33:18,15.46,-0.01,55,85033,卖盘
10:33:21,15.47,0.01,95,146915,买盘
10:33:24,15.47,0.0,61,94367,买盘
10:33:27,15.46,-0.01,278,429944,卖盘
10:33:30,15.47,0.01,130,201008,买盘
10:33:34,15.46,-0.01,288,445358,卖盘
10:33:37,15.47,0.01,405,626476,买盘
10:33:40,15.47,0.0,134,207283,买盘
10:33:42,15.47,0.0,22,34017,买盘
10:33:45,15.47,0.0,271,419144,买盘
10:33:48,15.46,-0.01,432,668385,卖盘
10:33:52,15.47,0.01,104,160799,中性盘
10:33:54,15.47,0.0,52,80444,卖盘
10:33:58,15.47,0.0,66,102112,卖盘
10:34:01,15.47,0.0,164,253836,卖盘
10:34:04,15.47,0.0,6,9282,买盘
10:34:07,15.47,0.0,103,159322,买盘
10:34:10,15.47,0.0,24,37128,卖盘
10:34:12,15.47,0.0,156,241448,卖盘
10:34:15,15.48,0.01,46,71184,买盘
10:34:19,15.47,-0.01,27,41770,卖盘
10:34:21,15.48,0.01,263,407062,买盘
10:34:24,15.48,0.0,52,80454,买盘
10:34:28,15.47,-0.01,307,474932,卖盘
10:34:30,15.47,0.0,138,213442,卖盘
10:34:33,15.47,0.0,183,283101,买盘
10:34:37,15.46,-0.01,110,170118,卖盘
10:34:39,15.47,0.01,69,106691,买盘
10:34:43,15.47,0.0,91,140721,买盘
10:34:46,15.47,0.0,203,314048,买盘
10:34:48,15.47,0.0,94,145418,买盘
10:34:51,15.46,-0.01,65,100513,卖盘
10:34:55,15.47,0.01,150,232179,卖盘
10:34:57,15.47,0.0,41,63427,卖盘
10:35:04,15.48,0.01,18,27858,买盘
10:35:07,15.47,-0.01,335,518381,卖盘
10:35:09,15.47,0.0,1069,1652815,买盘
10:35:13,15.46,-0.01,7,10824,卖盘
10:35:15,15.48,0.02,70,108311,买盘
10:35:19,15.46,-0.02,271,419423,卖盘
10:35:21,15.47,0.01,4104,6343102,买盘
10:35:24,15.46,-0.01,66,102038,卖盘
10:35:28,15.46,0.0,313,483892,买盘
10:35:30,15.46,0.0,1147,1772257,买盘
10:35:34,15.46,0.0,47,72662,买盘
10:35:36,15.45,-0.01,760,1174203,卖盘
10:35:40,15.46,0.01,276,426616,买盘
10:35:43,15.46,0.0,54,83478,买盘
10:35:45,15.46,0.0,118,182422,买盘
10:35:49,15.45,-0.01,1433,2214062,卖盘
10:35:52,15.46,0.01,1314,2030659,买盘
10:35:55,15.46,0.0,253,391128,卖盘
10:35:57,15.45,-0.01,64,98891,卖盘
10:36:00,15.47,0.02,158,244346,买盘
10:36:04,15.46,-0.01,6,9276,中性盘
10:36:07,15.46,0.0,14,21644,卖盘
10:36:10,15.46,0.0,112,173077,买盘
10:36:13,15.47,0.01,220,340116,买盘
10:36:15,15.45,-0.02,1856,2867534,卖盘
10:36:18,15.46,0.01,30,46378,买盘
10:36:22,15.46,0.0,186,287418,买盘
10:36:24,15.45,-0.01,162,250426,卖盘
10:36:28,15.45,0.0,42,64902,卖盘
10:36:30,15.46,0.01,21,32460,买盘
10:36:33,15.46,0.0,179,276697,买盘
10:36:37,15.46,0.0,37,57200,买盘
10:36:40,15.46,0.0,60,92750,买盘
10:36:43,15.46,0.0,126,194693,买盘
10:36:46,15.46,0.0,152,234987,买盘
10:36:48,15.46,0.0,20,30920,买盘
10:36:51,15.46,0.0,348,537984,买盘
10:36:55,15.46,0.0,22,34012,卖盘
10:36:57,15.46,0.0,132,204199,卖盘
10:37:01,15.46,0.0,62,95860,卖盘
10:37:04,15.46,0.0,3,4639,卖盘
10:37:07,15.47,0.01,139,215033,买盘
10:37:10,15.47,0.0,110,170122,买盘
10:37:12,15.46,-0.01,3,4638,卖盘
10:37:15,15.47,0.01,8,12370,买盘
10:37:18,15.46,-0.01,236,365041,卖盘
10:37:22,15.47,0.01,60,92815,买盘
10:37:25,15.46,-0.01,62,95239,卖盘
10:37:28,15.47,0.01,150,232050,买盘
10:37:31,15.47,0.0,144,222906,卖盘
10:37:34,15.48,0.01,1,1548,买盘
10:37:36,15.48,0.0,10,15480,买盘
10:37:39,15.48,0.0,130,201238,买盘
10:37:43,15.47,-0.01,29,44885,卖盘
10:37:45,15.48,0.01,2,3096,买盘
10:37:48,15.47,-0.01,191,295651,卖盘
10:37:52,15.48,0.01,164,253867,买盘
10:37:55,15.48,0.0,33,51064,买盘
10:37:58,15.48,0.0,92,142416,买盘
10:38:00,15.48,0.0,68,105258,买盘
10:38:04,15.48,0.0,152,235296,买盘
10:38:07,15.48,0.0,155,239834,买盘
10:38:09,15.47,-0.01,317,490409,卖盘
10:38:13,15.47,0.0,208,321761,买盘
10:38:15,15.48,0.01,63,97462,买盘
10:38:19,15.47,-0.01,12,18571,卖盘
10:38:25,15.47,0.0,155,239918,卖盘
10:38:27,15.47,0.0,9,13923,卖盘
10:38:30,15.47,0.0,39,60337,卖盘
10:38:34,15.47,0.0,319,494128,卖盘
10:38:37,15.48,0.01,273,422473,买盘
10:38:40,15.48,0.0,206,318705,买盘
10:38:42,15.48,0.0,32,49536,买盘
10:38:46,15.48,0.0,300,463535,买盘
10:38:48,15.47,-0.01,70,108302,中性盘
10:38:52,15.47,0.0,113,174811,买盘
10:38:54,15.47,0.0,34,52598,买盘
10:38:57,15.47,0.0,772,1193736,买盘
10:39:01,15.47,0.0,88,136087,买盘
10:39:04,15.47,0.0,102,157794,买盘
10:39:07,15.46,-0.01,1360,2102575,卖盘
10:39:10,15.46,0.0,359,555625,卖盘
10:39:12,15.47,0.01,18,27842,买盘
10:39:15,15.47,0.0,111,171710,买盘
10:39:18,15.48,0.01,542,838030,买盘
10:39:21,15.46,-0.02,23,35570,卖盘
10:39:24,15.45,-0.01,186,287445,卖盘
10:39:27,15.46,0.01,64,98992,卖盘
10:39:31,15.47,0.01,174,269300,买盘
10:39:33,15.45,-0.02,2470,3816714,卖盘
10:39:37,15.47,0.02,102,157794,买盘
10:39:39,15.47,0.0,21,32477,买盘
10:39:43,15.46,-0.01,142,219673,卖盘
10:39:45,15.46,0.0,7,10822,卖盘
10:39:48,15.46,0.0,4,6185,卖盘
10:39:52,15.46,0.0,147,227394,卖盘
10:39:55,15.46,0.0,94,145324,卖盘
10:39:58,15.46,0.0,62,95852,买盘
10:40:01,15.46,0.0,58,89719,卖盘
10:40:04,15.47,0.01,204,315588,买盘
10:40:07,15.47,0.0,145,224315,买盘
10:40:10,15.46,-0.01,386,596840,卖盘
10:40:12,15.47,0.01,192,297009,买盘
10:40:16,15.46,-0.01,27,41764,卖盘
10:40:19,15.47,0.01,15,23197,买盘
10:40:22,15.46,-0.01,121,187124,卖盘
10:40:24,15.47,0.01,495,765758,买盘
10:40:27,15.46,-0.01,60,92792,卖盘
10:40:31,15.47,0.01,17,26299,卖盘
10:40:34,15.46,-0.01,948,1465637,卖盘
10:40:37,15.47,0.01,147,227548,中性盘
10:40:39,15.47,0.0,11,17017,卖盘
10:40:42,15.47,0.0,38,58778,买盘
10:40:45,15.48,0.01,182,281554,买盘
10:40:49,15.47,-0.01,17,26298,中性盘
10:40:52,15.47,0.0,17,26299,卖盘
10:40:55,15.48,0.01,78,120739,买盘
10:40:58,15.48,0.0,1175,1817119,买盘
10:41:01,15.48,0.0,10,15480,买盘
10:41:04,15.47,-0.01,39,60353,卖盘
10:41:07,15.47,0.0,93,143928,卖盘
10:41:09,15.46,-0.01,207,320241,卖盘
10:41:13,15.47,0.01,223,344850,卖盘
10:41:16,15.47,0.0,40,61882,卖盘
10:41:18,15.47,0.0,69,106734,买盘
10:41:21,15.47,0.0,168,259878,卖盘
10:41:25,15.47,0.0,11,17017,买盘
10:41:28,15.47,0.0,18,27846,买盘
10:41:30,15.47,0.0,197,304693,买盘
10:41:34,15.46,-0.01,71,109790,卖盘
10:41:36,15.47,0.01,15,23205,买盘
10:41:39,15.46,-0.01,206,318541,卖盘
10:41:43,15.47,0.01,141,218127,买盘
10:41:46,15.46,-0.01,152,235126,卖盘
10:41:49,15.46,0.0,424,655881,卖盘
10:41:52,15.47,0.01,26,40222,买盘
10:41:55,15.46,-0.01,148,228953,卖盘
10:42:04,15.48,0.02,196,303354,买盘
10:42:06,15.47,-0.01,27,41772,卖盘
10:42:09,15.48,0.01,284,439376,买盘
10:42:12,15.47,-0.01,132,204217,卖盘
10:42:15,15.46,-0.01,434,671297,卖盘
10:42:19,15.46,0.0,370,572549,卖盘
10:42:21,15.47,0.01,364,562823,卖盘
10:42:25,15.48,0.01,189,292359,买盘
10:42:27,15.47,-0.01,461,713264,卖盘
10:42:31,15.47,0.0,124,191802,买盘
10:42:33,15.47,0.0,146,225732,买盘
10:42:37,15.47,0.0,160,247512,买盘
10:42:39,15.47,0.0,72,111384,买盘
10:42:43,15.47,0.0,46,71155,买盘
10:42:45,15.48,0.01,304,470133,买盘
10:42:49,15.48,0.0,238,368324,买盘
10:42:51,15.48,0.0,31,47964,买盘
10:42:54,15.48,0.0,28,43327,买盘
10:42:57,15.48,0.0,50,78095,买盘
10:43:01,15.49,0.01,131,202816,买盘
10:43:04,15.49,0.0,77,119204,买盘
10:43:09,15.48,-0.01,161,249382,卖盘
10:43:12,15.48,0.0,53,82044,卖盘
10:43:15,15.49,0.01,51,78999,买盘
10:43:18,15.48,-0.01,31,47989,卖盘
10:43:22,15.49,0.01,124,192076,买盘
10:43:24,15.49,0.0,5,7745,买盘
10:43:28,15.49,0.0,516,799315,买盘
10:43:30,15.49,0.0,9,13941,卖盘
10:43:34,15.5,0.01,156,241790,买盘
10:43:37,15.5,0.0,59,91441,买盘
10:43:40,15.5,0.0,10,15500,买盘
10:43:42,15.5,0.0,328,508028,买盘
10:43:45,15.5,0.0,131,203008,买盘
10:43:48,15.5,0.0,602,933094,买盘
10:43:51,15.5,0.0,23,35650,买盘
10:43:54,15.5,0.0,176,272788,买盘
10:43:57,15.5,0.0,116,179715,买盘
10:44:00,15.5,0.0,16,24800,买盘
10:44:04,15.49,-0.01,11,17039,卖盘
10:44:06,15.49,0.0,328,508213,卖盘
10:44:09,15.49,0.0,6,9294,买盘
10:44:13,15.49,0.0,73,113076,买盘
10:44:15,15.5,0.01,171,264988,买盘
10:44:18,15.49,-0.01,63,97563,卖盘
10:44:21,15.49,0.0,2,3098,买盘
10:44:24,15.48,-0.01,79,122292,卖盘
10:44:28,15.49,0.01,296,458387,买盘
10:44:31,15.49,0.0,5,7739,买盘
10:44:33,15.49,0.0,140,216860,买盘
10:44:37,15.49,0.0,21,32529,卖盘
10:44:39,15.5,0.01,141,218550,买盘
10:44:42,15.49,-0.01,5,7745,卖盘
10:44:46,15.49,0.0,41,63509,卖盘
10:44:48,15.5,0.01,217,336350,买盘
10:44:51,15.49,-0.01,64,99136,卖盘
10:44:55,15.5,0.01,28,43382,买盘
10:44:57,15.5,0.0,44,68166,买盘
10:45:00,15.5,0.0,180,278956,买盘
10:45:04,15.5,0.0,44,68160,买盘
10:45:06,15.5,0.0,5,7750,买盘
10:45:12,15.49,-0.01,171,265014,卖盘
10:45:15,15.49,0.0,56,86744,卖盘
10:45:21,15.49,0.0,120,185880,买盘
10:45:24,15.48,-0.01,7,10842,卖盘
10:45:27,15.48,0.0,201,311328,卖盘
10:45:30,15.48,0.0,17,26313,买盘
10:45:33,15.48,0.0,131,202788,买盘
10:45:36,15.48,0.0,10,15480,买盘
10:45:39,15.48,0.0,200,309600,买盘
10:45:43,15.48,0.0,30,46420,买盘
10:45:46,15.48,0.0,136,210522,买盘
10:45:49,15.48,0.0,132,204335,买盘
10:45:54,15.49,0.01,299,463029,买盘
10:45:58,15.49,0.0,16,24799,卖盘
10:46:01,15.5,0.01,9,13950,买盘
10:46:04,15.49,-0.01,18,27882,卖盘
10:46:07,15.49,0.0,168,260370,卖盘
10:46:10,15.49,0.0,31,48016,卖盘
10:46:12,15.5,0.01,468,725289,买盘
10:46:16,15.5,0.0,1,1550,买盘
10:46:18,15.49,-0.01,163,252614,卖盘
10:46:21,15.48,-0.01,8,12384,卖盘
10:46:24,15.49,0.01,509,788727,买盘
10:46:27,15.48,-0.01,227,351525,卖盘
10:46:30,15.48,0.0,68,105261,卖盘
10:46:34,15.49,0.01,20,30964,买盘
10:46:36,15.49,0.0,27,41823,买盘
10:46:40,15.49,0.0,135,209166,买盘
10:46:43,15.47,-0.02,86,133135,卖盘
10:46:45,15.49,0.02,37,57340,中性盘
10:46:48,15.49,0.0,26,40284,卖盘
10:46:51,15.49,0.0,119,184382,买盘
10:46:54,15.49,0.0,2,3098,卖盘
10:46:57,15.49,0.0,31,47993,买盘
10:47:04,15.49,0.0,139,215311,买盘
10:47:06,15.49,0.0,53,82095,买盘
10:47:09,15.49,0.0,15,23235,买盘
10:47:13,15.49,0.0,137,212336,卖盘
10:47:15,15.49,0.0,121,187429,卖盘
10:47:19,15.49,0.0,46,71254,买盘
10:47:22,15.48,-0.01,16,24774,卖盘
10:47:25,15.48,0.0,141,218406,卖盘
10:47:28,15.49,0.01,100,154900,买盘
10:47:30,15.48,-0.01,123,190434,卖盘
10:47:34,15.48,0.0,43,66567,卖盘
10:47:36,15.49,0.01,155,240095,买盘
10:47:40,15.48,-0.01,6,9288,卖盘
10:47:42,15.48,0.0,2,3096,卖盘
10:47:45,15.49,0.01,247,382598,买盘
10:47:48,15.48,-0.01,14,21673,卖盘
10:47:52,15.48,0.0,2,3097,卖盘
10:47:55,15.49,0.01,288,446112,买盘
10:47:58,15.48,-0.01,164,254001,卖盘
10:48:00,15.48,0.0,63,97526,卖盘
10:48:04,15.48,0.0,1,1548,卖盘
10:48:07,15.48,0.0,10,15480,卖盘
10:48:10,15.48,0.0,157,243174,卖盘
10:48:13,15.49,0.01,21,32516,买盘
10:48:15,15.49,0.0,61,94489,买盘
10:48:18,15.49,0.0,145,224605,买盘
10:48:22,15.49,0.0,303,469347,买盘
10:48:24,15.49,0.0,11,17040,卖盘
10:48:28,15.49,0.0,23,35630,买盘
10:48:31,15.48,-0.01,160,247834,卖盘
10:48:33,15.5,0.02,298,461668,买盘
10:48:36,15.49,-0.01,19,29428,买盘
10:48:42,15.5,0.01,1095,1697249,买盘
10:48:45,15.5,0.0,33,51091,卖盘
10:48:49,15.48,-0.02,187,289194,卖盘
10:48:52,15.5,0.02,168,260610,买盘
10:48:55,15.5,0.0,94,145390,买盘
10:48:57,15.5,0.0,16,24800,卖盘
10:49:00,15.5,0.0,3,4650,卖盘
10:49:04,15.51,0.01,157,243507,买盘
10:49:06,15.51,0.0,70,108570,买盘
10:49:09,15.51,0.0,36,55803,买盘
10:49:13,15.5,-0.01,57,88384,卖盘
10:49:15,15.5,0.0,136,210935,卖盘
10:49:18,15.5,0.0,60,93044,卖盘
10:49:24,15.51,0.01,126,195426,买盘
10:49:27,15.51,0.0,73,113166,买盘
10:49:31,15.5,-0.01,14,21703,卖盘
10:49:34,15.5,0.0,3,4652,卖盘
10:49:37,15.51,0.01,133,206265,买盘
10:49:42,15.51,0.0,78,120978,买盘
10:49:45,15.51,0.0,131,203061,买盘
10:49:48,15.51,0.0,163,252783,买盘
10:49:55,15.51,0.0,57,88407,买盘
10:49:58,15.51,0.0,671,1040520,买盘
10:50:00,15.51,0.0,152,235680,买盘
10:50:04,15.51,0.0,88,136486,买盘
10:50:07,15.51,0.0,170,263670,买盘
10:50:09,15.52,0.01,145,225002,买盘
10:50:15,15.51,-0.01,30,46551,卖盘
10:50:18,15.51,0.0,106,164406,卖盘
10:50:21,15.51,0.0,147,228018,买盘
10:50:25,15.51,0.0,7,10857,卖盘
10:50:27,15.51,0.0,137,212487,卖盘
10:50:30,15.51,0.0,163,252813,买盘
10:50:33,15.51,0.0,5,7755,买盘
10:50:40,15.51,0.0,6,9306,买盘
10:50:43,15.5,-0.01,231,358251,卖盘
10:50:46,15.51,0.01,136,210916,买盘
10:50:48,15.5,-0.01,23,35672,卖盘
10:50:51,15.51,0.01,163,252810,买盘
10:50:55,15.51,0.0,482,747307,买盘
10:50:57,15.51,0.0,85,131834,买盘
10:51:01,15.5,-0.01,13,20150,卖盘
10:51:04,15.51,0.01,492,763208,买盘
10:51:07,15.51,0.0,40,62040,卖盘
10:51:10,15.51,0.0,5,7758,卖盘
10:51:12,15.51,0.0,31,48081,卖盘
10:51:15,15.51,0.0,137,212614,卖盘
10:51:18,15.51,0.0,33,51183,卖盘
10:51:21,15.51,0.0,9,13959,卖盘
10:51:25,15.52,0.01,89,138128,买盘
10:51:27,15.51,-0.01,41,63619,卖盘
10:51:31,15.51,0.0,31,48081,卖盘
10:51:33,15.52,0.01,31,48092,买盘
10:51:36,15.51,-0.01,138,214167,卖盘
10:51:39,15.52,0.01,36,55837,买盘
10:51:46,15.51,-0.01,25,38794,卖盘
10:51:48,15.51,0.0,178,276196,卖盘
10:51:51,15.51,0.0,462,716644,卖盘
10:51:55,15.5,-0.01,83,128650,卖盘
10:51:58,15.5,0.0,112,173636,卖盘
10:52:01,15.52,0.02,691,1071864,买盘
10:52:05,15.5,-0.02,10,15500,卖盘
10:52:07,15.51,0.01,272,421646,卖盘
10:52:10,15.51,0.0,118,183018,买盘
10:52:13,15.5,-0.01,424,657521,卖盘
10:52:15,15.49,-0.01,129,199872,卖盘
10:52:19,15.49,0.0,96,148704,卖盘
10:52:22,15.49,0.0,134,207656,买盘
10:52:24,15.5,0.01,208,322282,买盘
10:52:27,15.5,0.0,233,360931,买盘
10:52:30,15.48,-0.02,223,345377,卖盘
10:52:33,15.48,0.0,521,807286,卖盘
10:52:36,15.49,0.01,7,10843,中性盘
10:52:40,15.48,-0.01,29,44907,卖盘
10:52:43,15.51,0.03,144,223192,买盘
10:52:45,15.48,-0.03,117,181116,卖盘
10:52:48,15.48,0.0,69,106823,卖盘
10:52:51,15.5,0.02,58,89832,买盘
10:52:54,15.48,-0.02,217,336156,卖盘
10:52:58,15.5,0.02,10,15500,买盘
10:53:01,15.48,-0.02,52,80514,卖盘
10:53:04,15.48,0.0,26,40248,卖盘
10:53:07,15.5,0.02,438,678857,买盘
10:53:10,15.49,-0.01,14,21686,中性盘
10:53:13,15.49,0.0,50,77413,卖盘
10:53:15,15.5,0.01,382,592149,买盘
10:53:18,15.49,-0.01,1107,1715792,卖盘
10:53:22,15.49,0.0,16,24790,卖盘
10:53:25,15.5,0.01,16,24789,买盘
10:53:27,15.5,0.0,132,204540,买盘
10:53:30,15.48,-0.02,12,18580,卖盘
10:53:34,15.49,0.01,2,3098,卖盘
10:53:37,15.49,0.0,8,12392,买盘
10:53:39,15.49,0.0,143,221582,买盘
10:53:43,15.49,0.0,6,9294,买盘
10:53:45,15.48,-0.01,10,15484,卖盘
10:53:49,15.5,0.02,142,220068,买盘
10:53:51,15.49,-0.01,3,4647,中性盘
10:53:54,15.5,0.01,9,13950,买盘
10:53:58,15.5,0.0,7,10846,买盘
10:54:00,15.5,0.0,171,265024,买盘
10:54:04,15.49,-0.01,101,156470,卖盘
10:54:06,15.5,0.01,86,133224,买盘
10:54:10,15.5,0.0,5,7750,买盘
10:54:13,15.5,0.0,138,213900,买盘
10:54:15,15.49,-0.01,21,32531,卖盘
10:54:19,15.5,0.01,2,3100,买盘
10:54:21,15.5,0.0,141,218540,买盘
10:54:24,15.49,-0.01,5,7746,卖盘
10:54:30,15.5,0.01,292,452593,买盘
10:54:33,15.51,0.01,180,279120,买盘
10:54:36,15.51,0.0,1,1551,买盘
10:54:39,15.5,-0.01,54,83701,卖盘
10:54:43,15.5,0.0,94,145720,卖盘
10:54:45,15.5,0.0,139,215584,卖盘
10:54:48,15.5,0.0,63,97650,卖盘
10:54:52,15.49,-0.01,106,164248,卖盘
10:54:55,15.5,0.01,170,263448,买盘
10:54:57,15.49,-0.01,254,393446,卖盘
10:55:00,15.5,0.01,11,17050,买盘
10:55:04,15.5,0.0,11,17050,买盘
10:55:07,15.5,0.0,776,1202154,买盘
10:55:09,15.5,0.0,117,181242,买盘
10:55:12,15.49,-0.01,1025,1587551,卖盘
10:55:16,15.49,0.0,43,66573,买盘
10:55:18,15.49,0.0,657,1017193,买盘
10:55:21,15.48,-0.01,236,365381,卖盘
10:55:24,15.49,0.01,4,6196,买盘
10:55:27,15.49,0.0,202,312834,买盘
10:55:31,15.48,-0.01,49,75854,卖盘
10:55:33,15.49,0.01,24,37156,买盘
10:55:37,15.48,-0.01,250,387030,卖盘
10:55:40,15.48,0.0,164,253996,卖盘
10:55:43,15.48,0.0,4,6192,卖盘
10:55:45,15.48,0.0,38,58824,卖盘
10:55:49,15.48,0.0,62,95976,卖盘
10:55:51,15.49,0.01,181,280355,买盘
10:55:54,15.48,-0.01,5,7740,卖盘
10:55:58,15.49,0.01,8,12389,买盘
10:56:00,15.49,0.0,155,240059,买盘
10:56:04,15.49,0.0,15,23235,买盘
10:56:07,15.49,0.0,10,15490,买盘
10:56:10,15.48,-0.01,170,263794,卖盘
10:56:12,15.49,0.01,204,315996,买盘
10:56:16,15.48,-0.01,57,88236,卖盘
10:56:18,15.49,0.01,20,30980,买盘
10:56:21,15.49,0.0,22,34076,买盘
10:56:24,15.48,-0.01,153,236972,卖盘
10:56:27,15.48,0.0,13,20124,卖盘
10:56:31,15.49,0.01,158,244595,买盘
10:56:34,15.49,0.0,257,398071,买盘
10:56:39,15.48,-0.01,499,771834,卖盘
10:56:42,15.48,0.0,30,46440,买盘
10:56:45,15.48,0.0,118,182664,买盘
10:56:49,15.48,0.0,74,114552,买盘
10:56:52,15.48,0.0,4,6190,买盘
10:56:57,15.47,-0.01,487,753521,卖盘
10:57:01,15.47,0.0,136,210402,卖盘
10:57:05,15.47,0.0,142,219684,卖盘
10:57:07,15.48,0.01,161,249210,买盘
10:57:10,15.47,-0.01,78,120666,卖盘
10:57:13,15.48,0.01,57,88194,买盘
10:57:15,15.48,0.0,1318,2038485,买盘
10:57:18,15.48,0.0,151,233746,买盘
10:57:21,15.47,-0.01,2,3094,卖盘
10:57:24,15.48,0.01,18,27854,买盘
10:57:28,15.48,0.0,10,15480,买盘
10:57:31,15.46,-0.02,681,1054088,卖盘
10:57:33,15.47,0.01,40,61880,买盘
10:57:39,15.47,0.0,143,221210,买盘
10:57:42,15.46,-0.01,26,40221,卖盘
10:57:46,15.46,0.0,1502,2322094,卖盘
10:57:49,15.46,0.0,29,44856,卖盘
10:57:52,15.47,0.01,175,270713,买盘
10:57:55,15.47,0.0,45,69615,买盘
10:57:58,15.47,0.0,165,255251,买盘
10:58:00,15.46,-0.01,41,63398,卖盘
10:58:05,15.47,0.01,174,269136,买盘
10:58:07,15.46,-0.01,20,30930,卖盘
10:58:09,15.47,0.01,1,1547,买盘
10:58:13,15.46,-0.01,350,541440,卖盘
10:58:16,15.46,0.0,1025,1584670,卖盘
10:58:19,15.47,0.01,20,30940,买盘
10:58:21,15.47,0.0,13,20105,买盘
10:58:25,15.46,-0.01,160,247497,卖盘
10:58:28,15.47,0.01,174,268791,买盘
10:58:30,15.47,0.0,208,321773,买盘
10:58:34,15.47,0.0,112,172786,买盘
10:58:36,15.47,0.0,141,218246,卖盘
10:58:39,15.48,0.01,85,131781,买盘
10:58:42,15.48,0.0,67,103499,卖盘
10:58:45,15.49,0.01,157,243133,买盘
10:58:52,15.48,-0.01,14,21672,卖盘
10:58:54,15.48,0.0,36,55728,买盘
10:58:58,15.49,0.01,135,209057,买盘
10:59:00,15.48,-0.01,31,47992,中性盘
10:59:04,15.48,0.0,33,51086,卖盘
10:59:07,15.49,0.01,21,32529,买盘
10:59:10,15.48,-0.01,146,226189,卖盘
10:59:12,15.49,0.01,19,29431,买盘
10:59:16,15.48,-0.01,23,35618,卖盘
10:59:18,15.49,0.01,334,517166,买盘
10:59:22,15.49,0.0,1,1549,买盘
10:59:24,15.49,0.0,11,17039,买盘
10:59:28,15.48,-0.01,8,12384,卖盘
10:59:30,15.49,0.01,170,263295,买盘
10:59:33,15.49,0.0,75,116175,买盘
10:59:36,15.49,0.0,7,10843,买盘
10:59:39,15.49,0.0,28,43350,买盘
10:59:42,15.48,-0.01,151,233784,卖盘
10:59:45,15.48,0.0,6,9288,买盘
10:59:49,15.48,0.0,83,128484,买盘
10:59:52,15.49,0.01,135,209114,买盘
10:59:54,15.48,-0.01,31,48004,卖盘
10:59:57,15.48,0.0,10,15480,卖盘
11:00:00,15.47,-0.01,84,129957,卖盘
11:00:05,15.49,0.02,98,151797,买盘
11:00:06,15.49,0.0,36,55764,卖盘
11:00:10,15.47,-0.02,32,49531,卖盘
11:00:12,15.48,0.01,5,7740,买盘
11:00:15,15.49,0.01,106,164133,买盘
11:00:19,15.49,0.0,78,120822,卖盘
11:00:21,15.47,-0.02,8,12376,卖盘
11:00:24,15.47,0.0,5,7735,卖盘
11:00:27,15.47,0.0,187,289577,卖盘
11:00:31,15.47,0.0,3,4641,卖盘
11:00:34,15.49,0.02,20,30980,买盘
11:00:36,15.47,-0.02,670,1036483,卖盘
11:00:39,15.46,-0.01,26,40203,卖盘
11:00:42,15.47,0.01,61,94317,买盘
11:00:45,15.46,-0.01,16,24751,卖盘
11:00:48,15.47,0.01,161,249129,买盘
11:00:51,15.47,0.0,65,100494,买盘
11:00:54,15.47,0.0,13,20111,买盘
11:00:58,15.46,-0.01,283,437518,卖盘
11:01:01,15.47,0.01,150,232122,买盘
11:01:04,15.47,0.0,24,37128,买盘
11:01:06,15.47,0.0,21,32487,买盘
11:01:10,15.49,0.02,143,221301,买盘
11:01:15,15.46,-0.03,22,34023,卖盘
11:01:19,15.47,0.01,17,26299,中性盘
11:01:21,15.47,0.0,157,242878,买盘
11:01:24,15.47,0.0,1,1547,买盘
11:01:28,15.47,0.0,57,88153,买盘
11:01:30,15.47,0.0,1,1547,买盘
11:01:33,15.46,-0.01,126,194919,卖盘
11:01:36,15.47,0.01,23,35568,买盘
11:01:40,15.47,0.0,37,57209,买盘
11:01:43,15.47,0.0,145,224296,买盘
11:01:46,15.47,0.0,54,83536,买盘
11:01:48,15.47,0.0,15,23205,买盘
11:01:51,15.47,0.0,215,332404,买盘
11:01:54,15.47,0.0,161,249053,买盘
11:01:58,15.47,0.0,8,12375,买盘
11:02:00,15.47,0.0,13,20111,买盘
11:02:05,15.47,0.0,1,1547,买盘
11:02:07,15.47,0.0,141,218141,买盘
11:02:10,15.47,0.0,4,6188,卖盘
11:02:12,15.47,0.0,162,250508,卖盘
11:02:16,15.49,0.02,134,207484,买盘
11:02:19,15.47,-0.02,33,51065,卖盘
11:02:21,15.47,0.0,19,29394,卖盘
11:02:24,15.47,0.0,5,7736,卖盘
11:02:28,15.49,0.02,118,182748,买盘
11:02:30,15.48,-0.01,4,6189,中性盘
11:02:33,15.47,-0.01,5,7736,卖盘
11:02:36,15.47,0.0,38,58787,卖盘
11:02:40,15.47,0.0,130,201259,卖盘
11:02:43,15.47,0.0,100,154700,卖盘
11:02:46,15.48,0.01,2,3096,买盘
11:02:48,15.49,0.01,158,244683,买盘
11:02:52,15.48,-0.01,1,1548,中性盘
11:02:55,15.47,-0.01,19,29393,卖盘
11:02:57,15.48,0.01,1,1548,买盘
11:03:00,15.48,0.0,134,207432,买盘
11:03:04,15.48,0.0,8,12384,买盘
11:03:06,15.47,-0.01,20,30950,卖盘
11:03:12,15.47,0.0,148,229084,卖盘
11:03:15,15.48,0.01,5,7740,买盘
11:03:18,15.47,-0.01,227,351183,卖盘
11:03:21,15.47,0.0,124,191828,买盘
11:03:24,15.47,0.0,9,13923,买盘
11:03:27,15.47,0.0,22,34034,买盘
11:03:30,15.47,0.0,22,34034,买盘
11:03:33,15.46,-0.01,1893,2926791,卖盘
11:03:36,15.46,0.0,74,114404,买盘
11:03:39,15.46,0.0,6,9276,买盘
11:03:42,15.46,0.0,82,126772,买盘
11:03:45,15.46,0.0,1419,2193816,买盘
11:03:48,15.46,0.0,39,60317,卖盘
11:03:51,15.46,0.0,14,21647,卖盘
11:03:55,15.46,0.0,433,669572,卖盘
11:03:57,15.46,0.0,29,44870,卖盘
11:04:01,15.46,0.0,22,34037,卖盘
11:04:04,15.47,0.01,3,4641,中性盘
11:04:07,15.47,0.0,126,195015,买盘
11:04:09,15.48,0.01,17,26305,买盘
11:04:12,15.47,-0.01,4,6188,卖盘
11:04:15,15.47,0.0,204,315395,卖盘
11:04:19,15.47,0.0,210,325007,卖盘
11:04:21,15.47,0.0,8,12376,买盘
11:04:25,15.46,-0.01,128,197905,卖盘
11:04:27,15.48,0.02,139,215165,买盘
11:04:31,15.47,-0.01,4,6188,中性盘
11:04:34,15.48,0.01,8,12380,买盘
11:04:36,15.46,-0.02,520,803947,卖盘
11:04:39,15.46,0.0,211,326511,卖盘
11:04:46,15.46,0.0,206,318492,卖盘
11:04:48,15.47,0.01,47,72729,买盘
11:04:51,15.46,-0.01,183,283052,卖盘
11:04:54,15.47,0.01,27,41769,买盘
11:04:58,15.46,-0.01,7,10822,卖盘
11:05:00,15.47,0.01,125,193375,买盘
11:05:05,15.46,-0.01,24,37107,卖盘
11:05:07,15.47,0.01,12,18564,买盘
11:05:10,15.47,0.0,4,6188,买盘
11:05:12,15.46,-0.01,519,802988,卖盘
11:05:16,15.47,0.01,33,51055,买盘
11:05:19,15.47,0.0,28,43335,卖盘
11:05:21,15.48,0.01,13,20115,买盘
11:05:25,15.47,-0.01,126,195162,卖盘
11:05:27,15.48,0.01,6,9288,买盘
11:05:33,15.49,0.01,88,136830,买盘
11:05:36,15.5,0.01,43,66611,买盘
11:05:39,15.5,0.0,12,18600,买盘
11:05:43,15.48,-0.02,20,30975,卖盘
11:05:45,15.5,0.02,124,192154,买盘
11:05:48,15.51,0.01,734,1137902,买盘
11:05:52,15.5,-0.01,30,46500,卖盘
11:05:54,15.51,0.01,6,9305,买盘
11:05:58,15.5,-0.01,138,214035,卖盘
11:06:00,15.51,0.01,5,7755,买盘
11:06:04,15.51,0.0,3,4653,买盘
11:06:06,15.51,0.0,148,229529,买盘
11:06:09,15.5,-0.01,1024,1588049,卖盘
11:06:12,15.51,0.01,235,364284,买盘
11:06:16,15.51,0.0,44,68204,买盘
11:06:19,15.51,0.0,172,266866,买盘
11:06:21,15.51,0.0,624,968424,卖盘
11:06:24,15.51,0.0,14,21721,卖盘
11:06:27,15.51,0.0,14,21714,卖盘
11:06:31,15.53,0.02,145,225149,买盘
11:06:34,15.53,0.0,18,27924,买盘
11:06:37,15.51,-0.02,15,23265,卖盘
11:06:39,15.53,0.02,20,31059,买盘
11:06:43,15.52,-0.01,127,197230,卖盘
11:06:46,15.53,0.01,6,9318,买盘
11:06:48,15.52,-0.01,22,34161,卖盘
11:06:51,15.53,0.01,145,225185,买盘
11:06:55,15.52,-0.01,10,15520,卖盘
11:06:58,15.52,0.0,44,68295,卖盘
11:07:00,15.53,0.01,302,468970,买盘
11:07:04,15.52,-0.01,310,481409,卖盘
11:07:07,15.53,0.01,6,9317,买盘
11:07:10,15.53,0.0,3,4659,买盘
11:07:12,15.52,-0.01,32,49691,卖盘
11:07:15,15.52,0.0,181,281036,卖盘
11:07:18,15.53,0.01,26,40378,买盘
11:07:22,15.53,0.0,12,18626,买盘
11:07:24,15.53,0.0,142,220526,买盘
11:07:27,15.53,0.0,359,557524,买盘
11:07:30,15.53,0.0,9,13977,买盘
11:07:33,15.52,-0.01,3,4656,卖盘
11:07:36,15.52,0.0,215,333805,卖盘
11:07:40,15.53,0.01,6,9317,买盘
11:07:42,15.52,-0.01,228,353860,卖盘
11:07:45,15.52,0.0,122,189344,买盘
11:07:49,15.51,-0.01,89,138088,卖盘
11:07:52,15.52,0.01,7,10862,买盘
11:07:55,15.52,0.0,15,23280,买盘
11:07:57,15.52,0.0,647,1004250,买盘
11:08:00,15.52,0.0,60,93120,卖盘
11:08:04,15.52,0.0,540,838086,卖盘
11:08:07,15.52,0.0,4,6208,买盘
11:08:10,15.52,0.0,148,229695,买盘
11:08:13,15.52,0.0,148,229589,买盘
11:08:16,15.52,0.0,7,10862,买盘
11:08:18,15.53,0.01,144,223522,买盘
11:08:24,15.51,-0.02,33,51223,卖盘
11:08:27,15.5,-0.01,287,445148,卖盘
11:08:31,15.52,0.02,129,200208,买盘
11:08:34,15.5,-0.02,46,71300,卖盘
11:08:37,15.5,0.0,640,991789,卖盘
11:08:39,15.5,0.0,32,49600,买盘
11:08:42,15.5,0.0,140,217000,买盘
11:08:45,15.5,0.0,120,185900,买盘
11:08:48,15.49,-0.01,2,3098,中性盘
11:08:52,15.5,0.01,200,309944,买盘
11:08:54,15.49,-0.01,9,13946,卖盘
11:08:58,15.49,0.0,531,823000,买盘
11:09:01,15.49,0.0,49,75901,卖盘
11:09:04,15.49,0.0,149,230801,买盘
11:09:06,15.49,0.0,166,257282,买盘
11:09:09,15.48,-0.01,111,171846,卖盘
11:09:12,15.5,0.02,32,49582,买盘
11:09:15,15.5,0.0,119,184450,买盘
11:09:18,15.49,-0.01,21,32530,中性盘
11:09:24,15.5,0.01,156,241705,买盘
11:09:31,15.5,0.0,7,10850,买盘
11:09:34,15.49,-0.01,8,12398,卖盘
11:09:36,15.49,0.0,234,362582,买盘
11:09:39,15.49,0.0,28,43372,买盘
11:09:42,15.49,0.0,61,94458,买盘
11:09:46,15.49,0.0,118,182782,买盘
11:09:49,15.48,-0.01,185,286675,卖盘
11:09:52,15.49,0.01,38,58838,卖盘
11:09:54,15.49,0.0,20,30980,买盘
11:09:57,15.5,0.01,156,241749,买盘
11:10:04,15.5,0.0,347,537850,买盘
11:10:06,15.48,-0.02,75,116135,卖盘
11:10:10,15.5,0.02,141,218549,买盘
11:10:12,15.5,0.0,17,26350,买盘
11:10:16,15.5,0.0,37,57348,买盘
11:10:19,15.5,0.0,133,206117,买盘
11:10:21,15.5,0.0,136,210800,买盘
11:10:24,15.49,-0.01,10,15496,卖盘
11:10:27,15.5,0.01,27,41835,买盘
11:10:31,15.5,0.0,160,247994,买盘
11:10:33,15.49,-0.01,26,40283,卖盘
11:10:36,15.5,0.01,11,17047,买盘
11:10:42,15.5,0.0,131,203050,买盘
11:10:45,15.49,-0.01,1,1549,卖盘
11:10:48,15.5,0.01,47,72823,买盘
11:10:51,15.49,-0.01,113,175037,卖盘
11:10:55,15.49,0.0,952,1473996,卖盘
11:10:57,15.51,0.02,553,856651,买盘
11:11:00,15.5,-0.01,5,7750,卖盘
11:11:04,15.52,0.02,137,212503,买盘
11:11:09,15.48,-0.04,505,782157,卖盘
11:11:13,15.5,0.02,14,21706,买盘
11:11:16,15.51,0.01,138,213979,买盘
11:11:19,15.5,-0.01,70,108464,卖盘
11:11:21,15.51,0.01,507,785315,买盘
11:11:24,15.49,-0.02,17,26333,中性盘
11:11:27,15.49,0.0,191,296127,买盘
11:11:30,15.51,0.02,827,1281245,买盘
11:11:33,15.5,-0.01,6,9300,卖盘
11:11:37,15.51,0.01,428,662705,买盘
11:11:42,15.47,-0.04,505,781257,卖盘
11:11:48,15.5,0.03,158,245014,买盘
11:11:51,15.51,0.01,1,1551,买盘
11:11:54,15.5,-0.01,85,131750,买盘
11:11:57,15.5,0.0,6,9300,买盘
11:12:01,15.48,-0.02,349,540419,卖盘
11:12:04,15.5,0.02,58,89788,买盘
11:12:07,15.48,-0.02,331,512108,中性盘
11:12:09,15.5,0.02,171,265022,买盘
11:12:13,15.5,0.0,51,79050,买盘
11:12:15,15.51,0.01,9,13951,卖盘
11:12:22,15.48,-0.03,174,269690,卖盘
11:12:24,15.49,0.01,5,7745,中性盘
11:12:27,15.49,0.0,22,34118,卖盘
11:12:30,15.51,0.02,202,312854,买盘
11:12:33,15.49,-0.02,173,268230,中性盘
11:12:36,15.49,0.0,16,24784,卖盘
11:12:39,15.51,0.02,5,7755,买盘
11:12:43,15.51,0.0,23,35670,买盘
11:12:45,15.5,-0.01,169,262165,卖盘
11:12:48,15.5,0.0,33,51150,买盘
11:12:52,15.5,0.0,28,43396,买盘
11:12:55,15.49,-0.01,199,308423,卖盘
11:12:57,15.49,0.0,23,35627,买盘
11:13:00,15.49,0.0,19,29441,卖盘
11:13:04,15.49,0.0,9,13941,卖盘
11:13:06,15.49,0.0,310,480482,卖盘
11:13:10,15.5,0.01,64,99137,买盘
11:13:12,15.5,0.0,5,7750,买盘
11:13:15,15.49,-0.01,30,46490,卖盘
11:13:18,15.49,0.0,175,271224,卖盘
11:13:21,15.5,0.01,70,108500,买盘
11:13:24,15.5,0.0,6,9300,买盘
11:13:27,15.5,0.0,172,266600,买盘
11:13:30,15.5,0.0,16,24800,买盘
11:13:33,15.5,0.0,186,288295,买盘
11:13:36,15.5,0.0,551,854050,买盘
11:13:39,15.5,0.0,143,221784,卖盘
11:13:42,15.51,0.01,117,181299,买盘
11:13:46,15.49,-0.02,20,30991,卖盘
11:13:51,15.51,0.02,122,189222,买盘
11:13:54,15.5,-0.01,521,807538,买盘
11:13:57,15.5,0.0,6,9300,买盘
11:14:01,15.5,0.0,192,297542,买盘
11:14:04,15.5,0.0,2,3100,买盘
11:14:06,15.49,-0.01,12,18593,卖盘
11:14:09,15.5,0.01,22,34088,买盘
11:14:12,15.5,0.0,250,387377,买盘
11:14:15,15.5,0.0,18,27391,买盘
11:14:19,15.49,-0.01,116,179693,卖盘
11:14:21,15.5,0.01,10,15499,买盘
11:14:25,15.49,-0.01,272,421276,卖盘
11:14:28,15.5,0.01,88,136266,买盘
11:14:31,15.48,-0.02,18,27865,卖盘
11:14:33,15.5,0.02,140,216977,买盘
11:14:36,15.49,-0.01,15,23237,卖盘
11:14:39,15.5,0.01,9,13950,买盘
11:14:43,15.5,0.0,57,88323,买盘
11:14:45,15.49,-0.01,141,218548,卖盘
11:14:48,15.5,0.01,87,134818,买盘
11:14:52,15.5,0.0,13,21386,买盘
11:14:54,15.5,0.0,58,89847,买盘
11:14:57,15.5,0.0,534,827607,买盘
11:15:00,15.5,0.0,19,29450,买盘
11:15:07,15.5,0.0,140,217000,买盘
11:15:10,15.5,0.0,14,21700,买盘
11:15:12,15.5,0.0,81,125496,买盘
11:15:15,15.49,-0.01,86,133239,卖盘
11:15:19,15.49,0.0,154,237653,买盘
11:15:22,15.49,0.0,5,7745,买盘
11:15:24,15.48,-0.01,43,66569,卖盘
11:15:28,15.49,0.01,4,6196,买盘
11:15:31,15.48,-0.01,167,258650,卖盘
11:15:33,15.49,0.01,65,100667,买盘
11:15:36,15.49,0.0,6,9289,买盘
11:15:39,15.49,0.0,154,238526,买盘
11:15:42,15.48,-0.01,65,100641,卖盘
11:15:46,15.48,0.0,10,15480,卖盘
11:15:48,15.49,0.01,5,7745,买盘
11:15:51,15.49,0.0,179,277309,买盘
11:15:54,15.49,0.0,43,66607,买盘
11:15:58,15.48,-0.01,56,86688,卖盘
11:16:04,15.49,0.01,228,353122,买盘
11:16:07,15.48,-0.01,57,88282,卖盘
11:16:12,15.49,0.01,138,214581,买盘
11:16:16,15.49,0.0,34,52666,买盘
11:16:18,15.49,0.0,33,51091,买盘
11:16:21,15.48,-0.01,32,49536,卖盘
11:16:24,15.49,0.01,156,241639,买盘
11:16:27,15.49,0.0,38,58849,买盘
11:16:34,15.49,0.0,180,278771,买盘
11:16:37,15.48,-0.01,89,137808,卖盘
11:16:39,15.49,0.01,29,44921,买盘
11:16:42,15.48,-0.01,55,85191,卖盘
11:16:46,15.49,0.01,599,927989,买盘
11:16:48,15.49,0.0,21,32534,卖盘
11:16:51,15.49,0.0,14,21697,卖盘
11:16:54,15.49,0.0,142,219958,卖盘
11:16:57,15.49,0.0,150,232340,买盘
11:17:01,15.49,0.0,216,334584,买盘
11:17:04,15.49,0.0,190,294130,买盘
11:17:07,15.49,0.0,20,30980,买盘
11:17:10,15.49,0.0,132,204488,买盘
11:17:12,15.49,0.0,15,23240,买盘
11:17:16,15.49,0.0,6,9294,卖盘
11:17:18,15.5,0.01,130,201500,买盘
11:17:21,15.5,0.0,6,9300,买盘
11:17:24,15.5,0.0,8,12400,买盘
11:17:30,15.5,0.0,122,189100,买盘
11:17:33,15.5,0.0,57,88350,买盘
11:17:36,15.49,-0.01,216,334634,卖盘
11:17:39,15.5,0.01,142,220100,买盘
11:17:42,15.49,-0.01,9,13942,卖盘
11:17:45,15.5,0.01,5,7750,买盘
11:17:49,15.5,0.0,10,15500,买盘
11:17:52,15.5,0.0,374,579450,买盘
11:17:55,15.5,0.0,3,4650,买盘
11:17:57,15.49,-0.01,15,22109,卖盘
11:18:04,15.5,0.01,142,220100,买盘
11:18:06,15.5,0.0,5,7750,买盘
11:18:13,15.5,0.0,19,29450,买盘
11:18:16,15.49,-0.01,264,409105,卖盘
11:18:19,15.5,0.01,23,35629,买盘
11:18:22,15.5,0.0,55,85200,买盘
11:18:25,15.5,0.0,162,251814,买盘
11:18:27,15.5,0.0,43,66649,买盘
11:18:30,15.5,0.0,8,12400,买盘
11:18:36,15.49,-0.01,170,263497,卖盘
11:18:39,15.49,0.0,251,388800,卖盘
11:18:42,15.49,0.0,60,92940,卖盘
11:18:45,15.49,0.0,1,1549,卖盘
11:18:48,15.5,0.01,131,203050,买盘
11:18:52,15.5,0.0,17,26348,买盘
11:18:54,15.5,0.0,10,15500,买盘
11:18:58,15.5,0.0,180,278940,买盘
11:19:00,15.49,-0.01,66,102265,卖盘
11:19:04,15.5,0.01,30,46500,买盘
11:19:09,15.5,0.0,136,210800,买盘
11:19:12,15.5,0.0,32,49597,买盘
11:19:15,15.5,0.0,28,43400,买盘
11:19:18,15.5,0.0,1,1550,买盘
11:19:21,15.5,0.0,196,303800,买盘
11:19:25,15.5,0.0,1,1550,买盘
11:19:27,15.49,-0.01,32,49588,卖盘
11:19:30,15.5,0.01,146,226300,买盘
11:19:33,15.51,0.01,323,500658,买盘
11:19:36,15.5,-0.01,14,21710,卖盘
11:19:39,15.5,0.0,79,122453,卖盘
11:19:42,15.51,0.01,157,243507,买盘
11:19:46,15.51,0.0,58,89957,买盘
11:19:52,15.51,0.0,12,18612,买盘
11:19:54,15.51,0.0,140,217140,买盘
11:19:57,15.51,0.0,20,31020,买盘
11:20:00,15.51,0.0,1,1551,买盘
11:20:05,15.51,0.0,249,386139,买盘
11:20:07,15.51,0.0,14,21714,买盘
11:20:10,15.51,0.0,1,1551,买盘
11:20:12,15.5,-0.01,50,77500,卖盘
11:20:16,15.51,0.01,163,252810,买盘
11:20:18,15.51,0.0,6,9306,买盘
11:20:22,15.51,0.0,21,32565,买盘
11:20:25,15.5,-0.01,4,6200,卖盘
11:20:27,15.51,0.01,188,291534,买盘
11:20:31,15.5,-0.01,62,96410,卖盘
11:20:33,15.51,0.01,19,29518,买盘
11:20:37,15.51,0.0,233,361346,买盘
11:20:39,15.51,0.0,24,37202,买盘
11:20:42,15.51,0.0,60,93006,买盘
11:20:46,15.51,0.0,64,99250,买盘
11:20:48,15.5,-0.01,304,471331,卖盘
11:20:52,15.51,0.01,1,1551,买盘
11:20:54,15.51,0.0,90,139560,买盘
11:20:57,15.51,0.0,180,278734,买盘
11:21:00,15.51,0.0,287,445002,买盘
11:21:05,15.51,0.0,50,77550,买盘
11:21:07,15.51,0.0,25,38775,买盘
11:21:09,15.51,0.0,137,212487,买盘
11:21:13,15.51,0.0,1436,2227252,买盘
11:21:15,15.52,0.01,104,161311,买盘
11:21:18,15.52,0.0,440,682451,买盘
11:21:21,15.51,-0.01,132,204862,卖盘
11:21:24,15.51,0.0,20,31036,卖盘
11:21:27,15.52,0.01,29,45008,买盘
11:21:30,15.52,0.0,6,9312,买盘
11:21:33,15.52,0.0,133,206416,买盘
11:21:37,15.51,-0.01,4,6205,卖盘
11:21:39,15.51,0.0,25,38780,卖盘
11:21:42,15.52,0.01,125,194000,买盘
11:21:45,15.51,-0.01,559,867542,卖盘
11:21:48,15.52,0.01,19,29488,买盘
11:21:51,15.52,0.0,7,10863,买盘
11:21:54,15.51,-0.01,158,245199,卖盘
11:21:57,15.52,0.01,8,12416,买盘
11:22:04,15.52,0.0,5,7760,买盘
11:22:07,15.51,-0.01,144,223481,卖盘
11:22:10,15.51,0.0,16,24827,卖盘
11:22:12,15.52,0.01,58,89964,买盘
11:22:16,15.52,0.0,145,225030,买盘
11:22:18,15.52,0.0,2,3104,买盘
11:22:21,15.51,-0.01,8,12411,卖盘
11:22:24,15.51,0.0,11,17066,卖盘
11:22:27,15.52,0.01,147,228139,买盘
11:22:30,15.51,-0.01,19,29480,卖盘
11:22:33,15.52,0.01,22,34142,买盘
11:22:37,15.52,0.0,5,7760,买盘
11:22:39,15.52,0.0,148,229335,买盘
11:22:43,15.52,0.0,2,3104,买盘
11:22:45,15.52,0.0,35,54290,买盘
11:22:48,15.52,0.0,137,212624,买盘
11:22:57,15.52,0.0,365,566148,买盘
11:23:00,15.51,-0.01,2661,4126333,卖盘
11:23:07,15.51,0.0,37,57387,卖盘
11:23:10,15.5,-0.01,1223,1895694,卖盘
11:23:12,15.5,0.0,436,676318,卖盘
11:23:15,15.5,0.0,331,512759,买盘
11:23:19,15.5,0.0,6,9300,买盘
11:23:21,15.5,0.0,131,203050,买盘
11:23:24,15.5,0.0,13,20150,买盘
11:23:30,15.5,0.0,38,58759,买盘
11:23:34,15.5,0.0,343,531539,买盘
11:23:37,15.49,-0.01,50,77450,卖盘
11:23:40,15.49,0.0,14,21469,卖盘
11:23:42,15.5,0.01,8,12400,买盘
11:23:45,15.5,0.0,170,263467,买盘
11:23:49,15.5,0.0,470,728498,买盘
11:23:52,15.5,0.0,1751,2713636,买盘
11:23:54,15.5,0.0,169,262169,卖盘
11:23:58,15.52,0.02,17,26352,买盘
11:24:04,15.52,0.0,9,13962,买盘
11:24:07,15.52,0.0,132,204864,买盘
11:24:10,15.52,0.0,2,3104,买盘
11:24:12,15.52,0.0,14,21728,买盘
11:24:15,15.5,-0.02,31,48066,卖盘
11:24:18,15.51,0.01,138,214171,中性盘
11:24:21,15.52,0.01,23,35665,买盘
11:24:24,15.51,-0.01,9,13964,卖盘
11:24:27,15.52,0.01,125,194000,买盘
11:24:30,15.52,0.0,4,6205,买盘
11:24:34,15.52,0.0,137,212624,买盘
11:24:37,15.52,0.0,6,9312,买盘
11:24:39,15.53,0.01,135,209560,买盘
11:24:42,15.53,0.0,13,20171,买盘
11:24:48,15.53,0.0,5,7765,买盘
11:24:51,15.53,0.0,142,220526,买盘
11:24:54,15.53,0.0,110,170830,买盘
11:24:58,15.53,0.0,9,13977,买盘
11:25:01,15.53,0.0,125,194125,买盘
11:25:06,15.53,0.0,10,15530,买盘
11:25:10,15.53,0.0,66,102438,买盘
11:25:12,15.53,0.0,217,336921,买盘
11:25:15,15.53,0.0,23,35699,买盘
11:25:19,15.53,0.0,5,7765,买盘
11:25:22,15.53,0.0,5,7765,买盘
11:25:24,15.53,0.0,130,201890,买盘
11:25:27,15.53,0.0,114,176984,买盘
11:25:30,15.53,0.0,17,26396,买盘
11:25:33,15.53,0.0,38,59014,买盘
11:25:36,15.52,-0.01,99,153742,卖盘
11:25:39,15.53,0.01,24,38664,买盘
11:25:42,15.53,0.0,9,13977,买盘
11:25:45,15.53,0.0,151,234483,买盘
11:25:52,15.53,0.0,5,7765,买盘
11:25:54,15.52,-0.01,80,124166,卖盘
11:25:57,15.53,0.01,323,501419,买盘
11:26:00,15.53,0.0,15,23284,买盘
11:26:05,15.52,-0.01,1,1552,卖盘
11:26:07,15.52,0.0,36,55040,卖盘
11:26:09,15.53,0.01,139,215864,买盘
11:26:13,15.52,-0.01,30,46573,卖盘
11:26:15,15.52,0.0,54,83829,卖盘
11:26:19,15.52,0.0,76,117954,卖盘
11:26:24,15.52,0.0,110,170725,卖盘
11:26:28,15.52,0.0,3,4656,卖盘
11:26:31,15.52,0.0,300,465858,卖盘
11:26:33,15.52,0.0,29,45008,卖盘
11:26:36,15.52,0.0,72,111757,卖盘
11:26:39,15.52,0.0,10,15520,买盘
11:26:42,15.53,0.01,136,211154,买盘
11:26:45,15.52,-0.01,1,1552,中性盘
11:26:48,15.52,0.0,1,1552,买盘
11:26:51,15.53,0.01,129,200336,买盘
11:26:54,15.53,0.0,6,9318,买盘
11:26:57,15.52,-0.01,3,4656,卖盘
11:27:01,15.53,0.01,1,1553,买盘
11:27:04,15.53,0.0,158,245353,买盘
11:27:07,15.52,-0.01,20,31040,卖盘
11:27:10,15.52,0.0,13,20176,卖盘
11:27:13,15.53,0.01,59,91627,买盘
11:27:16,15.53,0.0,145,225163,买盘
11:27:18,15.54,0.01,578,897635,买盘
11:27:21,15.53,-0.01,3,4659,卖盘
11:27:24,15.54,0.01,255,396096,买盘
11:27:27,15.53,-0.01,7,10877,中性盘
11:27:30,15.54,0.01,2,3108,买盘
11:27:36,15.54,0.0,147,228438,买盘
11:27:40,15.54,0.0,152,236102,买盘
11:27:42,15.52,-0.02,602,935422,卖盘
11:27:46,15.54,0.02,83,128972,买盘
11:27:48,15.55,0.01,214,332602,买盘
11:27:51,15.54,-0.01,14,21756,中性盘
11:27:55,15.53,-0.01,230,357193,卖盘
11:27:58,15.55,0.02,126,195927,买盘
11:28:01,15.53,-0.02,20,31080,卖盘
11:28:06,15.54,0.01,3,4662,买盘
11:28:09,15.55,0.01,166,258072,买盘
11:28:15,15.54,-0.01,47,73017,买盘
11:28:18,15.54,0.0,17,26418,买盘
11:28:21,15.53,-0.01,133,206776,卖盘
11:28:24,15.53,0.0,32,49738,卖盘
11:28:27,15.54,0.01,254,394716,买盘
11:28:30,15.55,0.01,152,236360,买盘
11:28:33,15.54,-0.01,642,998285,卖盘
11:28:36,15.55,0.01,182,283010,买盘
11:28:40,15.54,-0.01,470,730609,卖盘
11:28:42,15.56,0.02,182,283169,买盘
11:28:45,15.54,-0.02,101,157133,卖盘
11:28:49,15.56,0.02,100,155600,买盘
11:28:51,15.56,0.0,91,141558,买盘
11:28:54,15.55,-0.01,144,224061,中性盘
11:28:58,15.56,0.01,22,34229,买盘
11:29:00,15.55,-0.01,33,51340,卖盘
11:29:04,15.56,0.01,261,406651,买盘
11:29:07,15.55,-0.01,25,38896,卖盘
11:29:10,15.55,0.0,41,63755,卖盘
11:29:13,15.55,0.0,12,18660,卖盘
11:29:16,15.55,0.0,155,241171,卖盘
11:29:19,15.55,0.0,85,132225,卖盘
11:29:21,15.55,0.0,30,46650,卖盘
11:29:24,15.55,0.0,31,48205,卖盘
11:29:28,15.56,0.01,195,303420,买盘
11:29:31,15.55,-0.01,21,32656,卖盘
11:29:33,15.56,0.01,6,9335,买盘
11:29:36,15.56,0.0,150,233369,买盘
11:29:39,15.55,-0.01,213,331230,卖盘
11:29:43,15.55,0.0,16,24880,买盘
11:29:45,15.54,-0.01,404,628214,卖盘
11:29:48,15.56,0.02,136,211504,买盘
11:29:52,15.55,-0.01,26,40442,卖盘
11:29:54,15.56,0.01,186,289314,买盘
11:29:57,15.56,0.0,119,185156,买盘
11:30:00,15.56,0.0,20,31120,买盘
13:00:01,15.54,-0.02,269,417344,卖盘
13:00:04,15.54,0.0,6742,10484074,买盘
13:00:07,15.55,0.01,4801,7456204,买盘
13:00:10,15.54,-0.01,634,985527,卖盘
13:00:13,15.56,0.02,614,954300,买盘
13:00:15,15.54,-0.02,337,523722,卖盘
13:00:18,15.54,0.0,56,87029,卖盘
13:00:21,15.56,0.02,140,217815,买盘
13:00:24,15.54,-0.02,56,87076,卖盘
13:00:27,15.54,0.0,531,825665,卖盘
13:00:30,15.54,0.0,336,522189,买盘
13:00:33,15.57,0.03,140,217743,买盘
13:00:37,15.56,-0.01,71,110436,卖盘
13:00:40,15.56,0.0,16,24876,买盘
13:00:42,15.56,0.0,410,637954,买盘
13:00:45,15.55,-0.01,406,631610,卖盘
13:00:48,15.55,0.0,523,813721,卖盘
13:00:51,15.55,0.0,62,96459,卖盘
13:00:54,15.55,0.0,178,276780,买盘
13:00:57,15.55,0.0,49,76169,买盘
13:01:01,15.55,0.0,834,1296106,买盘
13:01:05,15.55,0.0,384,597388,买盘
13:01:07,15.57,0.02,201,312764,买盘
13:01:10,15.57,0.0,245,380636,买盘
13:01:12,15.57,0.0,46,71540,买盘
13:01:16,15.55,-0.02,11,17105,卖盘
13:01:18,15.57,0.02,191,297370,买盘
13:01:21,15.55,-0.02,34,52870,卖盘
13:01:24,15.55,0.0,39,60681,卖盘
13:01:27,15.57,0.02,172,267773,买盘
13:01:31,15.56,-0.01,34,52904,卖盘
13:01:34,15.56,0.0,67,104227,买盘
13:01:37,15.57,0.01,28,43569,买盘
13:01:39,15.57,0.0,157,244444,买盘
13:01:42,15.56,-0.01,56,87153,卖盘
13:01:45,15.57,0.01,5,7782,买盘
13:01:48,15.56,-0.01,54,84024,卖盘
13:01:52,15.57,0.01,602,937077,买盘
13:01:54,15.57,0.0,6,9342,卖盘
13:01:58,15.57,0.0,20,31140,卖盘
13:02:00,15.57,0.0,146,227451,卖盘
13:02:05,15.57,0.0,24,37388,卖盘
13:02:07,15.58,0.01,82,127706,买盘
13:02:10,15.57,-0.01,19,29592,卖盘
13:02:13,15.58,0.01,290,451702,买盘
13:02:15,15.57,-0.01,233,362902,卖盘
13:02:18,15.58,0.01,243,378594,买盘
13:02:21,15.58,0.0,712,1109190,买盘
13:02:25,15.59,0.01,426,663927,买盘
13:02:27,15.58,-0.01,4,6235,卖盘
13:02:31,15.59,0.01,42,65478,买盘
13:02:33,15.59,0.0,117,182391,买盘
13:02:37,15.58,-0.01,282,439538,卖盘
13:02:39,15.59,0.01,31,48329,买盘
13:02:42,15.59,0.0,2057,3206836,买盘
13:02:45,15.58,-0.01,307,478501,卖盘
13:02:49,15.6,0.02,44,68619,买盘
13:02:51,15.59,-0.01,677,1055495,卖盘
13:02:55,15.59,0.0,89,138768,卖盘
13:02:57,15.6,0.01,279,434982,买盘
13:03:01,15.6,0.0,225,350964,买盘
13:03:04,15.59,-0.01,422,657966,卖盘
13:03:07,15.59,0.0,3265,5092749,买盘
13:03:10,15.6,0.01,98,152880,买盘
13:03:13,15.6,0.0,739,1152242,买盘
13:03:16,15.6,0.0,88,137265,买盘
13:03:18,15.6,0.0,143,223080,买盘
13:03:21,15.59,-0.01,112,174618,卖盘
13:03:24,15.6,0.01,459,715940,买盘
13:03:28,15.61,0.01,888,1386241,买盘
13:03:31,15.6,-0.01,36,56160,卖盘
13:03:33,15.61,0.01,9,14048,买盘
13:03:36,15.61,0.0,267,416735,买盘
13:03:39,15.61,0.0,155,241937,买盘
13:03:42,15.61,0.0,2,3122,买盘
13:03:46,15.61,0.0,1838,2868409,买盘
13:03:49,15.62,0.01,148,231166,买盘
13:03:52,15.61,-0.01,254,396648,卖盘
13:03:54,15.62,0.01,1141,1781597,买盘
13:03:58,15.62,0.0,757,1182213,买盘
13:04:00,15.63,0.01,976,1524896,买盘
13:04:04,15.62,-0.01,61,95284,卖盘
13:04:07,15.63,0.01,18,28122,买盘
13:04:09,15.63,0.0,241,376583,买盘
13:04:13,15.63,0.0,430,671846,买盘
13:04:15,15.63,0.0,105,164096,买盘
13:04:18,15.62,-0.01,157,245279,卖盘
13:04:21,15.63,0.01,80,125160,买盘
13:04:24,15.63,0.0,829,1295052,买盘
13:04:27,15.62,-0.01,37,57794,中性盘
13:04:30,15.62,0.0,159,248291,买盘
13:04:33,15.62,0.0,255,398246,买盘
13:04:36,15.62,0.0,143,223347,买盘
13:04:39,15.61,-0.01,1134,1771025,卖盘
13:04:42,15.61,0.0,50,78050,买盘
13:04:45,15.61,0.0,193,301356,买盘
13:04:48,15.61,0.0,186,290243,卖盘
13:04:51,15.6,-0.01,14,21851,卖盘
13:04:54,15.6,0.0,296,461817,卖盘
13:04:58,15.6,0.0,324,505568,卖盘
13:05:00,15.6,0.0,128,198910,卖盘
13:05:04,15.6,0.0,575,897469,买盘
13:05:07,15.61,0.01,296,462806,买盘
13:05:10,15.59,-0.02,164,255097,卖盘
13:05:12,15.6,0.01,27,42100,买盘
13:05:16,15.59,-0.01,179,279232,卖盘
13:05:18,15.58,-0.01,757,1181620,卖盘
13:05:21,15.58,0.0,374,582115,卖盘
13:05:24,15.6,0.02,73,113877,买盘
13:05:27,15.59,-0.01,228,355486,卖盘
13:05:30,15.59,0.0,292,455413,卖盘
13:05:33,15.59,0.0,68,106030,卖盘
13:05:37,15.59,0.0,265,413135,买盘
13:05:40,15.59,0.0,165,257235,买盘
13:05:42,15.59,0.0,69,107571,买盘
13:05:45,15.59,0.0,76,118458,买盘
13:05:48,15.6,0.01,554,864040,买盘
13:05:51,15.6,0.0,179,279208,买盘
13:05:55,15.6,0.0,96,149674,买盘
13:05:57,15.6,0.0,713,1112781,买盘
13:06:00,15.6,0.0,215,335424,卖盘
13:06:04,15.6,0.0,177,276244,卖盘
13:06:06,15.61,0.01,87,135723,买盘
13:06:10,15.61,0.0,61,95169,买盘
13:06:12,15.61,0.0,157,245037,买盘
13:06:15,15.6,-0.01,118,183588,卖盘
13:06:18,15.6,0.0,8,12480,买盘
13:06:21,15.59,-0.01,67,104498,卖盘
13:06:24,15.61,0.02,171,266817,买盘
13:06:28,15.61,0.0,433,675777,买盘
13:06:30,15.6,-0.01,59,92050,卖盘
13:06:33,15.61,0.01,150,234064,买盘
13:06:36,15.59,-0.02,190,296553,卖盘
13:06:39,15.61,0.02,67,104564,买盘
13:06:42,15.6,-0.01,48,74880,中性盘
13:06:45,15.61,0.01,167,260501,买盘
13:06:48,15.61,0.0,120,187199,买盘
13:06:51,15.61,0.0,28,43687,买盘
13:06:55,15.61,0.0,60,93660,买盘
13:06:57,15.6,-0.01,292,455686,卖盘
13:07:00,15.6,0.0,116,181070,卖盘
13:07:04,15.61,0.01,38,59313,买盘
13:07:06,15.61,0.0,142,221612,买盘
13:07:10,15.61,0.0,116,181076,买盘
13:07:12,15.61,0.0,23,35900,买盘
13:07:16,15.6,-0.01,82,127942,卖盘
13:07:19,15.6,0.0,105,163842,卖盘
13:07:21,15.6,0.0,194,302804,卖盘
13:07:25,15.61,0.01,60,93641,买盘
13:07:27,15.61,0.0,266,414463,买盘
13:07:30,15.61,0.0,250,390209,买盘
13:07:33,15.61,0.0,74,115514,买盘
13:07:36,15.61,0.0,1851,2890734,买盘
13:07:39,15.62,0.01,65,101468,买盘
13:07:43,15.61,-0.01,244,381042,卖盘
13:07:45,15.61,0.0,336,524216,卖盘
13:07:48,15.62,0.01,187,292053,买盘
13:07:51,15.62,0.0,17,26541,买盘
13:07:54,15.62,0.0,244,380906,买盘
13:07:57,15.62,0.0,162,253017,买盘
13:08:01,15.61,-0.01,64,99949,卖盘
13:08:04,15.61,0.0,178,278035,卖盘
13:08:06,15.63,0.02,1737,2712692,买盘
13:08:09,15.62,-0.01,50,78101,卖盘
13:08:12,15.62,0.0,75,117173,卖盘
13:08:15,15.63,0.01,285,445263,买盘
13:08:19,15.62,-0.01,76,118765,中性盘
13:08:21,15.61,-0.01,75,117098,卖盘
13:08:25,15.61,0.0,35,54635,买盘
13:08:27,15.62,0.01,198,309334,买盘
13:08:31,15.6,-0.02,122,190350,卖盘
13:08:33,15.61,0.01,13,20298,中性盘
13:08:36,15.61,0.0,1630,2547062,卖盘
13:08:39,15.62,0.01,4,6248,中性盘
13:08:42,15.62,0.0,5,7810,买盘
13:08:45,15.62,0.0,4,6247,买盘
13:08:49,15.63,0.01,209,326505,买盘
13:08:51,15.63,0.0,44,68746,买盘
13:08:54,15.62,-0.01,161,251617,卖盘
13:08:57,15.63,0.01,9,14067,买盘
13:09:01,15.62,-0.01,151,235988,卖盘
13:09:04,15.61,-0.01,25,39032,卖盘
13:09:07,15.62,0.01,112,174944,买盘
13:09:09,15.63,0.01,560,874858,买盘
13:09:13,15.62,-0.01,134,209308,卖盘
13:09:16,15.62,0.0,128,199860,卖盘
13:09:18,15.62,0.0,5,7810,买盘
13:09:21,15.62,0.0,360,562458,买盘
13:09:25,15.62,0.0,574,896588,卖盘
13:09:28,15.62,0.0,208,324901,卖盘
13:09:30,15.62,0.0,159,248412,卖盘
13:09:33,15.62,0.0,159,248446,买盘
13:09:36,15.62,0.0,122,190576,卖盘
13:09:39,15.63,0.01,10,15629,买盘
13:09:42,15.62,-0.01,405,632811,卖盘
13:09:46,15.62,0.0,48,74976,买盘
13:09:49,15.62,0.0,30,46860,买盘
13:09:51,15.62,0.0,129,201498,买盘
13:09:54,15.61,-0.01,166,259282,卖盘
13:09:57,15.61,0.0,19,29675,卖盘
13:10:01,15.62,0.01,91,142080,买盘
13:10:04,15.61,-0.01,24,37467,卖盘
13:10:07,15.62,0.01,604,942970,买盘
13:10:10,15.61,-0.01,181,282592,卖盘
13:10:12,15.61,0.0,23,35906,卖盘
13:10:15,15.62,0.01,881,1375702,买盘
13:10:19,15.61,-0.01,384,599395,卖盘
13:10:21,15.61,0.0,12,18732,买盘
13:10:24,15.61,0.0,135,210704,买盘
13:10:28,15.62,0.01,601,938282,买盘
13:10:30,15.61,-0.01,140,218622,卖盘
13:10:34,15.62,0.01,838,1308880,买盘
13:10:36,15.63,0.01,96,150033,买盘
13:10:39,15.62,-0.01,241,376662,卖盘
13:10:42,15.63,0.01,169,264143,买盘
13:10:46,15.62,-0.01,54,84387,卖盘
13:10:48,15.63,0.01,300,468610,买盘
13:10:51,15.62,-0.01,109,170247,卖盘
13:10:54,15.62,0.0,69,107834,卖盘
13:10:57,15.62,0.0,96,150025,卖盘
13:11:01,15.62,0.0,215,336023,卖盘
13:11:04,15.63,0.01,23,35943,买盘
13:11:07,15.61,-0.02,19,29681,卖盘
13:11:09,15.62,0.01,149,232661,买盘
13:11:12,15.63,0.01,166,259334,买盘
13:11:15,15.63,0.0,5,7815,买盘
13:11:18,15.63,0.0,5,7815,买盘
13:11:21,15.62,-0.01,324,506160,卖盘
13:11:24,15.62,0.0,130,203076,买盘
13:11:27,15.61,-0.01,41,64007,卖盘
13:11:30,15.61,0.0,57,89004,卖盘
13:11:33,15.62,0.01,172,268664,买盘
13:11:36,15.62,0.0,105,164010,买盘
13:11:39,15.62,0.0,43,67166,买盘
13:11:42,15.63,0.01,831,1298032,买盘
13:11:45,15.62,-0.01,207,323456,卖盘
13:11:48,15.63,0.01,82,128135,买盘
13:11:52,15.62,-0.01,123,192140,卖盘
13:11:54,15.63,0.01,1137,1776665,买盘
13:11:58,15.62,-0.01,22,34366,中性盘
13:12:01,15.63,0.01,15,23434,买盘
13:12:04,15.63,0.0,192,300074,买盘
13:12:06,15.63,0.0,452,706441,买盘
13:12:10,15.63,0.0,463,723703,买盘
13:12:13,15.64,0.01,118,184550,买盘
13:12:16,15.64,0.0,358,559854,买盘
13:12:19,15.64,0.0,304,475335,买盘
13:12:22,15.64,0.0,149,233031,买盘
13:12:25,15.64,0.0,201,314352,买盘
13:12:27,15.64,0.0,387,605268,买盘
13:12:31,15.64,0.0,588,919733,买盘
13:12:33,15.64,0.0,121,189352,卖盘
13:12:37,15.64,0.0,211,330106,卖盘
13:12:39,15.65,0.01,1736,2716839,买盘
13:12:42,15.65,0.0,1464,2290798,买盘
13:12:46,15.66,0.01,86,134674,买盘
13:12:49,15.65,-0.01,242,378969,卖盘
13:12:51,15.65,0.0,598,936397,卖盘
13:12:55,15.65,0.0,106,165976,卖盘
13:12:57,15.66,0.01,725,1135352,买盘
13:13:01,15.66,0.0,237,371269,卖盘
13:13:04,15.67,0.01,483,756849,买盘
13:13:06,15.67,0.0,607,951212,买盘
13:13:10,15.67,0.0,93,145801,卖盘
13:13:12,15.67,0.0,579,907820,卖盘
13:13:16,15.67,0.0,708,1109983,卖盘
13:13:18,15.68,0.01,136,213234,买盘
13:13:22,15.69,0.01,1693,2653600,买盘
13:13:24,15.69,0.0,3791,5941433,买盘
13:13:27,15.68,-0.01,191,299491,卖盘
13:13:30,15.69,0.01,391,613247,买盘
13:13:33,15.68,-0.01,1056,1656802,卖盘
13:13:37,15.69,0.01,82,128648,买盘
13:13:40,15.69,0.0,131,205519,买盘
13:13:43,15.69,0.0,669,1049642,买盘
13:13:46,15.69,0.0,2188,3433919,买盘
13:13:48,15.69,0.0,345,541081,卖盘
13:13:51,15.69,0.0,147,230632,卖盘
13:13:54,15.7,0.01,119,186705,买盘
13:13:57,15.69,-0.01,274,430008,中性盘
13:14:00,15.69,0.0,301,472313,买盘
13:14:05,15.69,0.0,224,351516,卖盘
13:14:07,15.7,0.01,2054,3224933,买盘
13:14:10,15.7,0.0,228,358084,卖盘
13:14:13,15.7,0.0,96,150799,卖盘
13:14:15,15.71,0.01,643,1010136,买盘
13:14:19,15.72,0.01,352,552936,买盘
13:14:21,15.72,0.0,50,78555,买盘
13:14:24,15.72,0.0,144,226276,买盘
13:14:27,15.71,-0.01,212,333131,卖盘
13:14:30,15.71,0.0,636,999611,卖盘
13:14:33,15.71,0.0,531,834117,卖盘
13:14:36,15.71,0.0,171,268640,买盘
13:14:40,15.71,0.0,369,579593,买盘
13:14:42,15.71,0.0,139,218353,买盘
13:14:45,15.7,-0.01,218,342314,卖盘
13:14:48,15.71,0.01,263,413092,买盘
13:14:52,15.71,0.0,288,452411,买盘
13:14:55,15.71,0.0,1538,2417439,买盘
13:14:57,15.71,0.0,90,141323,买盘
13:15:01,15.71,0.0,188,295347,买盘
13:15:04,15.71,0.0,339,532796,卖盘
13:15:07,15.71,0.0,161,253011,卖盘
13:15:10,15.71,0.0,306,480848,卖盘
13:15:12,15.71,0.0,418,656904,卖盘
13:15:15,15.71,0.0,153,240466,买盘
13:15:18,15.71,0.0,109,171200,买盘
13:15:21,15.71,0.0,387,607974,买盘
13:15:24,15.71,0.0,182,285892,买盘
13:15:27,15.71,0.0,945,1484497,买盘
13:15:30,15.71,0.0,787,1236377,卖盘
13:15:34,15.71,0.0,763,1198624,卖盘
13:15:37,15.7,-0.01,188,295307,卖盘
13:15:39,15.7,0.0,698,1096008,卖盘
13:15:42,15.7,0.0,2451,3847850,卖盘
13:15:45,15.71,0.01,283,444480,买盘
13:15:48,15.69,-0.02,137,214969,卖盘
13:15:52,15.7,0.01,2160,3392888,买盘
13:15:54,15.69,-0.01,281,441006,卖盘
13:15:57,15.7,0.01,218,342203,买盘
13:16:00,15.69,-0.01,11,17261,中性盘
13:16:05,15.69,0.0,51,80040,买盘
13:16:07,15.69,0.0,132,206989,买盘
13:16:09,15.69,0.0,154,241626,买盘
13:16:13,15.68,-0.01,138,216493,卖盘
13:16:15,15.68,0.0,126,197610,卖盘
13:16:18,15.69,0.01,212,332613,买盘
13:16:22,15.68,-0.01,82,128633,卖盘
13:16:24,15.68,0.0,569,893209,卖盘
13:16:28,15.69,0.01,128,200824,买盘
13:16:30,15.69,0.0,344,539875,卖盘
13:16:33,15.69,0.0,186,291970,卖盘
13:16:36,15.68,-0.01,468,734534,卖盘
13:16:39,15.68,0.0,14,21964,卖盘
13:16:43,15.69,0.01,198,310722,买盘
13:16:45,15.69,0.0,252,395376,买盘
13:16:49,15.7,0.01,726,1139687,买盘
13:16:52,15.7,0.0,313,491221,买盘
13:16:54,15.7,0.0,393,616782,买盘
13:16:58,15.69,-0.01,296,464294,卖盘
13:17:00,15.69,0.0,2,3138,买盘
13:17:05,15.69,0.0,175,274666,买盘
13:17:07,15.68,-0.01,19,29807,卖盘
13:17:10,15.69,0.01,1264,1983705,买盘
13:17:13,15.69,0.0,56,87880,买盘
13:17:16,15.69,0.0,848,1330517,卖盘
13:17:18,15.7,0.01,314,492726,买盘
13:17:22,15.69,-0.01,140,219660,卖盘
13:17:25,15.69,0.0,465,729910,卖盘
13:17:28,15.69,0.0,154,241631,卖盘
13:17:30,15.69,0.0,50,78445,买盘
13:17:33,15.68,-0.01,32,50207,卖盘
13:17:36,15.69,0.01,235,368708,买盘
13:17:39,15.69,0.0,123,193007,买盘
13:17:42,15.68,-0.01,54,84691,卖盘
13:17:46,15.68,0.0,31,48624,卖盘
13:17:49,15.68,0.0,166,260422,卖盘
13:17:52,15.68,0.0,65,101948,卖盘
13:17:54,15.69,0.01,28,43920,买盘
13:17:57,15.69,0.0,194,304336,买盘
13:18:00,15.69,0.0,114,178833,买盘
13:18:05,15.68,-0.01,205,321460,卖盘
13:18:07,15.69,0.01,210,329426,买盘
13:18:10,15.69,0.0,216,338821,买盘
13:18:13,15.68,-0.01,77,120736,卖盘
13:18:15,15.68,0.0,94,147417,卖盘
13:18:18,15.68,0.0,270,423565,卖盘
13:18:21,15.69,0.01,211,331045,买盘
13:18:24,15.68,-0.01,92,144277,卖盘
13:18:28,15.68,0.0,216,338688,卖盘
13:18:30,15.68,0.0,326,511332,卖盘
13:18:33,15.68,0.0,182,285380,卖盘
13:18:37,15.68,0.0,422,660748,卖盘
13:18:40,15.68,0.0,84,131731,卖盘
13:18:42,15.69,0.01,277,434495,买盘
13:18:45,15.68,-0.01,98,153664,卖盘
13:18:48,15.68,0.0,48,75264,卖盘
13:18:52,15.68,0.0,38,59587,卖盘
13:18:55,15.68,0.0,142,222790,卖盘
13:18:58,15.68,0.0,94,147402,卖盘
13:19:00,15.68,0.0,100,156379,卖盘
13:19:04,15.68,0.0,1537,2410533,卖盘
13:19:06,15.68,0.0,154,241471,买盘
13:19:09,15.67,-0.01,507,794956,卖盘
13:19:12,15.68,0.01,273,428064,买盘
13:19:16,15.68,0.0,331,518970,买盘
13:19:19,15.68,0.0,213,333974,买盘
13:19:22,15.68,0.0,33,51744,买盘
13:19:25,15.67,-0.01,19,29791,卖盘
13:19:27,15.68,0.01,179,280666,买盘
13:19:31,15.67,-0.01,41,64249,卖盘
13:19:33,15.67,0.0,108,169274,卖盘
13:19:37,15.68,0.01,1418,2222270,买盘
13:19:40,15.67,-0.01,89,139467,卖盘
13:19:42,15.67,0.0,142,222514,卖盘
13:19:45,15.67,0.0,33,51711,买盘
13:19:48,15.67,0.0,139,217813,买盘
13:19:51,15.66,-0.01,104,162868,卖盘
13:19:54,15.67,0.01,58,90830,买盘
13:19:57,15.66,-0.01,233,364958,卖盘
13:20:00,15.67,0.01,185,289875,买盘
13:20:04,15.66,-0.01,18,28188,卖盘
13:20:06,15.66,0.0,74,115884,卖盘
13:20:10,15.67,0.01,143,223939,买盘
13:20:13,15.66,-0.01,172,269487,卖盘
13:20:16,15.66,0.0,36,56376,卖盘
13:20:18,15.66,0.0,75,117484,卖盘
13:20:21,15.68,0.02,1170,1833479,买盘
13:20:25,15.67,-0.01,122,191178,卖盘
13:20:27,15.68,0.01,45,70519,买盘
13:20:30,15.67,-0.01,77,120659,卖盘
13:20:33,15.68,0.01,400,626894,买盘
13:20:36,15.67,-0.01,53,83033,中性盘
13:20:40,15.67,0.0,247,387014,买盘
13:20:42,15.66,-0.01,70,109681,卖盘
13:20:45,15.67,0.01,239,374549,买盘
13:20:48,15.67,0.0,49,76783,买盘
13:20:51,15.67,0.0,162,253733,买盘
13:20:54,15.67,0.0,245,383904,买盘
13:21:01,15.67,0.0,49,76783,买盘
13:21:05,15.67,0.0,72,112822,买盘
13:21:07,15.66,-0.01,210,329035,卖盘
13:21:10,15.67,0.01,38,59546,买盘
13:21:12,15.67,0.0,29,45436,买盘
13:21:16,15.66,-0.01,209,327330,卖盘
13:21:19,15.67,0.01,453,709650,买盘
13:21:21,15.66,-0.01,59,92420,卖盘
13:21:25,15.66,0.0,70,109620,卖盘
13:21:28,15.67,0.01,364,570188,买盘
13:21:30,15.65,-0.02,110,171856,卖盘
13:21:33,15.65,0.0,78,122141,卖盘
13:21:36,15.65,0.0,68,106420,卖盘
13:21:39,15.66,0.01,152,238008,买盘
13:21:42,15.66,0.0,218,341172,买盘
13:21:48,15.65,-0.01,175,273949,卖盘
13:21:51,15.67,0.02,548,858311,买盘
13:21:54,15.66,-0.01,119,186336,卖盘
13:21:57,15.65,-0.01,22,34430,卖盘
13:22:00,15.65,0.0,170,266206,卖盘
13:22:04,15.65,0.0,51,79884,卖盘
13:22:07,15.65,0.0,601,940566,卖盘
13:22:09,15.66,0.01,797,1247307,买盘
13:22:12,15.65,-0.01,165,258761,买盘
13:22:15,15.65,0.0,5,7825,买盘
13:22:18,15.65,0.0,2,3130,买盘
13:22:21,15.65,0.0,79,123583,买盘
13:22:24,15.65,0.0,233,364559,买盘
13:22:28,15.65,0.0,83,129824,买盘
13:22:31,15.64,-0.01,53,82892,卖盘
13:22:33,15.64,0.0,258,403697,卖盘
13:22:36,15.64,0.0,5,7824,卖盘
13:22:40,15.64,0.0,162,254202,卖盘
13:22:43,15.64,0.0,25,39100,卖盘
13:22:45,15.65,0.01,441,689856,买盘
13:22:48,15.63,-0.02,473,738599,卖盘
13:22:52,15.63,0.0,1,1563,买盘
13:22:54,15.63,0.0,30,46890,买盘
13:22:57,15.62,-0.01,618,965647,卖盘
13:23:00,15.62,0.0,95,149026,卖盘
13:23:05,15.62,0.0,998,1558879,卖盘
13:23:07,15.63,0.01,245,382873,买盘
13:23:10,15.62,-0.01,167,260326,卖盘
13:23:13,15.61,-0.01,9,14049,卖盘
13:23:15,15.62,0.01,1230,1921255,买盘
13:23:19,15.63,0.01,195,304501,买盘
13:23:21,15.63,0.0,38,59366,卖盘
13:23:24,15.61,-0.02,30,46848,卖盘
13:23:28,15.62,0.01,58,90596,买盘
13:23:30,15.62,0.0,127,198446,买盘
13:23:34,15.62,0.0,37,57804,卖盘
13:23:36,15.62,0.0,104,162448,卖盘
13:23:40,15.62,0.0,34,53108,买盘
13:23:42,15.62,0.0,166,259348,买盘
13:23:45,15.63,0.01,113,176412,买盘
13:23:48,15.62,-0.01,128,199885,卖盘
13:23:52,15.61,-0.01,298,465714,卖盘
13:23:54,15.62,0.01,4,6250,卖盘
13:23:58,15.62,0.0,5,7810,卖盘
13:24:01,15.63,0.01,179,279751,买盘
13:24:04,15.62,-0.01,46,71871,卖盘
13:24:06,15.63,0.01,7,10941,中性盘
13:24:09,15.64,0.01,134,209370,买盘
13:24:12,15.64,0.0,182,284536,买盘
13:24:15,15.62,-0.02,13,20306,中性盘
13:24:18,15.61,-0.01,80,125001,卖盘
13:24:21,15.62,0.01,198,309516,买盘
13:24:24,15.64,0.02,453,707740,买盘
13:24:27,15.65,0.01,24,37526,买盘
13:24:33,15.64,-0.01,108,168912,买盘
13:24:36,15.63,-0.01,118,184472,卖盘
13:24:39,15.65,0.02,47,73552,买盘
13:24:43,15.64,-0.01,127,198628,卖盘
13:24:45,15.63,-0.01,164,256549,卖盘
13:24:48,15.64,0.01,24,37526,中性盘
13:24:51,15.65,0.01,12,18767,买盘
13:24:54,15.65,0.0,96,150170,买盘
13:24:57,15.64,-0.01,184,287904,卖盘
13:25:01,15.64,0.0,168,262907,卖盘
13:25:07,15.65,0.01,188,294153,买盘
13:25:09,15.65,0.0,127,198665,买盘
13:25:12,15.65,0.0,86,134560,买盘
13:25:15,15.65,0.0,75,117352,买盘
13:25:19,15.64,-0.01,152,239017,卖盘
13:25:22,15.65,0.01,88,137658,买盘
13:25:25,15.64,-0.01,19,29591,卖盘
13:25:27,15.65,0.01,84,131453,买盘
13:25:31,15.65,0.0,121,189365,买盘
13:25:34,15.65,0.0,110,172098,买盘
13:25:37,15.65,0.0,66,103226,买盘
13:25:40,15.65,0.0,173,270735,买盘
13:25:43,15.64,-0.01,140,219045,卖盘
13:25:45,15.64,0.0,79,123633,卖盘
13:25:49,15.65,0.01,511,799514,买盘
13:25:52,15.64,-0.01,275,430300,卖盘
13:25:54,15.65,0.01,71,111090,买盘
13:25:57,15.65,0.0,105,164314,买盘
13:26:00,15.65,0.0,146,228485,买盘
13:26:05,15.65,0.0,243,380233,买盘
13:26:07,15.65,0.0,263,411486,买盘
13:26:10,15.66,0.01,156,244167,买盘
13:26:12,15.65,-0.01,86,134661,卖盘
13:26:15,15.66,0.01,196,306936,买盘
13:26:19,15.65,-0.01,156,244327,卖盘
13:26:22,15.66,0.01,33,51678,中性盘
13:26:25,15.66,0.0,154,241153,买盘
13:26:28,15.65,-0.01,142,222250,卖盘
13:26:30,15.64,-0.01,30,46947,卖盘
13:26:34,15.65,0.01,55,86062,买盘
13:26:36,15.65,0.0,182,284830,买盘
13:26:40,15.65,0.0,83,129854,买盘
13:26:42,15.65,0.0,94,147053,买盘
13:26:46,15.65,0.0,120,187800,买盘
13:26:48,15.66,0.01,276,431962,买盘
13:26:52,15.66,0.0,346,541621,买盘
13:26:54,15.65,-0.01,71,111174,卖盘
13:26:58,15.66,0.01,278,435232,买盘
13:27:01,15.66,0.0,60,93957,买盘
13:27:04,15.65,-0.01,68,106425,卖盘
13:27:07,15.66,0.01,62,97082,买盘
13:27:10,15.66,0.0,219,342905,买盘
13:27:12,15.66,0.0,750,1173791,买盘
13:27:15,15.65,-0.01,361,564965,卖盘
13:27:18,15.65,0.0,37,57905,买盘
13:27:21,15.64,-0.01,199,311391,卖盘
13:27:24,15.64,0.0,22,34360,卖盘
13:27:28,15.65,0.01,60,93875,买盘
13:27:31,15.64,-0.01,514,804029,卖盘
13:27:33,15.65,0.01,113,176765,买盘
13:27:36,15.64,-0.01,3,4692,卖盘
13:27:39,15.64,0.0,81,126760,卖盘
13:27:42,15.65,0.01,120,187800,买盘
13:27:45,15.64,-0.01,70,109516,卖盘
13:27:48,15.64,0.0,33,51612,卖盘
13:27:51,15.64,0.0,50,78200,卖盘
13:27:54,15.66,0.02,335,524327,买盘
13:27:58,15.65,-0.01,22,34421,中性盘
13:28:00,15.65,0.0,32,50057,买盘
13:28:04,15.65,0.0,160,250357,买盘
13:28:07,15.66,0.01,244,380362,买盘
13:28:10,15.64,-0.02,142,222106,卖盘
13:28:13,15.66,0.02,130,203478,买盘
13:28:15,15.65,-0.01,143,223795,卖盘
13:28:18,15.64,-0.01,23,35983,卖盘
13:28:22,15.65,0.01,37,57870,买盘
13:28:24,15.65,0.0,257,401966,买盘
13:28:27,15.64,-0.01,140,219113,卖盘
13:28:30,15.64,0.0,78,122068,卖盘
13:28:33,15.65,0.01,54,84469,买盘
13:28:36,15.65,0.0,135,211275,买盘
13:28:39,15.65,0.0,233,364428,买盘
13:28:42,15.64,-0.01,27,42230,卖盘
13:28:45,15.64,0.0,309,483393,卖盘
13:28:48,15.64,0.0,650,1017996,卖盘
13:28:51,15.64,0.0,12,18768,买盘
13:28:54,15.64,0.0,144,225159,买盘
13:28:58,15.64,0.0,2,3128,中性盘
13:29:01,15.63,-0.01,158,247250,卖盘
13:29:04,15.64,0.01,50,76915,买盘
13:29:06,15.64,0.0,20,31280,买盘
13:29:09,15.65,0.01,130,203440,买盘
13:29:12,15.65,0.0,60,93808,买盘
13:29:15,15.65,0.0,571,893427,买盘
13:29:18,15.65,0.0,1,1565,买盘
13:29:21,15.65,0.0,148,231582,买盘
13:29:24,15.63,-0.02,16,25016,卖盘
13:29:28,15.63,0.0,24,37512,卖盘
13:29:31,15.64,0.01,25,39080,中性盘
13:29:34,15.63,-0.01,165,258153,卖盘
13:29:37,15.63,0.0,7,10951,卖盘
13:29:39,15.63,0.0,22,34388,卖盘
13:29:42,15.65,0.02,188,294157,买盘
13:29:45,15.65,0.0,92,143814,买盘
13:29:48,15.63,-0.02,7,10941,卖盘
13:29:55,15.65,0.02,150,234710,买盘
13:29:58,15.63,-0.02,22,34420,卖盘
13:30:00,15.63,0.0,4,6252,卖盘
13:30:04,15.63,0.0,31,48485,卖盘
13:30:07,15.63,0.0,1027,1605454,卖盘
13:30:09,15.65,0.02,557,870659,买盘
13:30:12,15.63,-0.02,146,228198,卖盘
13:30:15,15.63,0.0,931,1455725,卖盘
13:30:18,15.65,0.02,115,179710,买盘
13:30:21,15.63,-0.02,48,74989,中性盘
13:30:24,15.63,0.0,1244,1943222,买盘
13:30:28,15.62,-0.01,197,308016,卖盘
13:30:31,15.62,0.0,1056,1649116,卖盘
13:30:33,15.62,0.0,435,680766,卖盘
13:30:37,15.62,0.0,7,10934,买盘
13:30:39,15.62,0.0,141,220242,买盘
13:30:42,15.61,-0.01,1085,1692417,卖盘
13:30:49,15.61,0.0,120,187320,买盘
13:30:51,15.61,0.0,252,393132,买盘
13:30:54,15.6,-0.01,107,166991,卖盘
13:30:57,15.6,0.0,71,110763,卖盘
13:31:01,15.61,0.01,262,408877,买盘
13:31:05,15.61,0.0,58,90488,买盘
13:31:07,15.61,0.0,216,337174,买盘
13:31:10,15.6,-0.01,14,21844,卖盘
13:31:12,15.6,0.0,224,349696,卖盘
13:31:16,15.6,0.0,91,141967,卖盘
13:31:19,15.62,0.02,39,60870,买盘
13:31:21,15.6,-0.02,133,207699,卖盘
13:31:24,15.61,0.01,29,45261,买盘
13:31:27,15.6,-0.01,145,226200,卖盘
13:31:30,15.6,0.0,25,39000,卖盘
13:31:33,15.61,0.01,142,221725,买盘
13:31:36,15.6,-0.01,135,210611,卖盘
13:31:39,15.6,0.0,150,234000,卖盘
13:31:43,15.61,0.01,77,120147,买盘
13:31:46,15.6,-0.01,116,181116,卖盘
13:31:48,15.61,0.01,60,93666,买盘
13:31:52,15.61,0.0,177,276336,卖盘
13:31:54,15.62,0.01,140,218670,买盘
13:31:57,15.62,0.0,112,174841,买盘
13:32:00,15.61,-0.01,39,61059,卖盘
13:32:04,15.61,0.0,241,376079,买盘
13:32:06,15.6,-0.01,2007,3130733,卖盘
13:32:10,15.59,-0.01,80,124771,卖盘
13:32:12,15.6,0.01,9,14040,买盘
13:32:16,15.59,-0.01,175,272946,卖盘
13:32:19,15.59,0.0,158,246467,卖盘
13:32:22,15.6,0.01,248,386715,买盘
13:32:24,15.6,0.0,10,15594,买盘
13:32:27,15.59,-0.01,270,421030,卖盘
13:32:30,15.6,0.01,88,137251,买盘
13:32:33,15.6,0.0,26,40551,买盘
13:32:37,15.59,-0.01,22,34298,卖盘
13:32:39,15.6,0.01,421,656460,买盘
13:32:42,15.6,0.0,352,548800,买盘
13:32:46,15.59,-0.01,21,32750,卖盘
13:32:48,15.59,0.0,120,187089,卖盘
13:32:51,15.6,0.01,136,212151,买盘
13:32:54,15.6,0.0,88,137258,买盘
13:32:57,15.59,-0.01,41,63924,卖盘
13:33:00,15.6,0.01,452,704950,买盘
13:33:05,15.59,-0.01,11,17152,卖盘
13:33:06,15.6,0.01,55,85792,买盘
13:33:09,15.59,-0.01,156,243214,卖盘
13:33:12,15.6,0.01,186,290101,买盘
13:33:16,15.59,-0.01,91,141924,卖盘
13:33:19,15.59,0.0,11,17149,卖盘
13:33:21,15.6,0.01,69,107604,买盘
13:33:25,15.59,-0.01,361,562924,卖盘
13:33:28,15.6,0.01,80,124725,买盘
13:33:30,15.59,-0.01,261,407083,卖盘
13:33:33,15.59,0.0,306,478488,卖盘
13:33:37,15.59,0.0,30,46770,卖盘
13:33:39,15.59,0.0,6,9359,卖盘
13:33:43,15.6,0.01,57,88870,买盘
13:33:45,15.59,-0.01,162,252678,卖盘
13:33:48,15.59,0.0,106,165260,卖盘
13:33:51,15.59,0.0,45,70155,卖盘
13:33:55,15.59,0.0,56,87319,卖盘
13:33:57,15.59,0.0,337,525517,卖盘
13:34:01,15.59,0.0,46,71719,卖盘
13:34:04,15.6,0.01,20,31186,买盘
13:34:07,15.61,0.01,280,436737,买盘
13:34:10,15.59,-0.02,62,96658,卖盘
13:34:12,15.6,0.01,6,9360,买盘
13:34:16,15.6,0.0,15,23400,买盘
13:34:19,15.59,-0.01,171,266732,卖盘
13:34:22,15.6,0.01,15,23396,买盘
13:34:25,15.6,0.0,29,45240,买盘
13:34:28,15.6,0.0,64,99840,买盘
13:34:31,15.59,-0.01,135,210593,卖盘
13:34:33,15.6,0.01,146,227783,买盘
13:34:37,15.61,0.01,27,42124,买盘
13:34:40,15.61,0.0,151,235675,买盘
13:34:43,15.6,-0.01,1,1560,中性盘
13:34:46,15.6,0.0,11,17166,卖盘
13:34:49,15.59,-0.01,90,140352,卖盘
13:34:52,15.61,0.02,117,182597,买盘
13:34:54,15.61,0.0,6,9366,买盘
13:34:58,15.6,-0.01,34,53025,卖盘
13:35:01,15.6,0.0,13,20291,卖盘
13:35:05,15.6,0.0,140,218528,卖盘
13:35:07,15.6,0.0,98,152880,卖盘
13:35:10,15.61,0.01,106,165398,买盘
13:35:13,15.61,0.0,152,237247,买盘
13:35:15,15.6,-0.01,39,60842,卖盘
13:35:19,15.59,-0.01,336,523997,卖盘
13:35:21,15.61,0.02,11,17166,买盘
13:35:25,15.61,0.0,173,270004,买盘
13:35:27,15.61,0.0,28,42509,买盘
13:35:30,15.6,-0.01,26,40874,卖盘
13:35:34,15.6,0.0,11,17165,卖盘
13:35:37,15.6,0.0,164,255970,卖盘
13:35:39,15.61,0.01,34,53067,买盘
13:35:42,15.61,0.0,92,143528,买盘
