time,price,change,volume,amount,type
09:25:04,15.46,-0.12,6038,9334748,卖盘
09:30:00,15.46,0.0,405,626027,买盘
09:30:04,15.43,-0.03,3364,5193218,卖盘
09:30:07,15.43,0.0,4208,6488335,买盘
09:30:09,15.41,-0.02,927,1429343,卖盘
09:30:12,15.43,0.02,1241,1912928,买盘
09:30:16,15.4,-0.03,1565,2410600,卖盘
09:30:18,15.43,0.03,776,1196055,买盘
09:30:22,15.43,0.0,422,650547,买盘
09:30:24,15.43,0.0,528,813975,买盘
09:30:27,15.42,-0.01,772,1190461,卖盘
09:30:31,15.42,0.0,222,342187,买盘
09:30:33,15.42,0.0,2110,3249473,买盘
09:30:36,15.4,-0.02,126,194144,卖盘
09:30:40,15.41,0.01,830,1278430,买盘
09:30:43,15.39,-0.02,443,682522,卖盘
09:30:45,15.4,0.01,148,227895,买盘
09:30:48,15.4,0.0,146,224780,买盘
09:30:51,15.39,-0.01,703,1082793,卖盘
09:30:54,15.38,-0.01,574,882883,卖盘
09:30:57,15.38,0.0,678,1043715,卖盘
09:31:00,15.38,0.0,256,394019,卖盘
09:31:04,15.37,-0.01,1447,2224348,卖盘
09:31:06,15.37,0.0,3891,5977186,买盘
09:31:09,15.36,-0.01,1364,2094180,买盘
09:31:12,15.36,0.0,505,774550,中性盘
09:31:15,15.34,-0.02,1043,1600442,中性盘
09:31:18,15.33,-0.01,492,754302,卖盘
09:31:22,15.33,0.0,1587,2435050,卖盘
09:31:25,15.33,0.0,1386,2125783,卖盘
09:31:27,15.35,0.02,614,942286,买盘
09:31:30,15.34,-0.01,507,777605,中性盘
09:31:33,15.33,-0.01,5696,8739154,卖盘
09:31:36,15.33,0.0,2078,3186079,买盘
09:31:39,15.34,0.01,878,1346886,中性盘
09:31:43,15.35,0.01,313,480065,中性盘
09:31:45,15.36,0.01,273,418741,买盘
09:31:49,15.36,0.0,1107,1700335,买盘
09:31:51,15.36,0.0,224,344026,买盘
09:31:54,15.36,0.0,577,886086,买盘
09:31:57,15.36,0.0,412,633061,卖盘
09:32:01,15.37,0.01,485,745419,买盘
09:32:04,15.35,-0.02,2958,4543460,卖盘
09:32:06,15.36,0.01,1546,2373758,买盘
09:32:09,15.36,0.0,595,913899,买盘
09:32:12,15.36,0.0,2430,3732438,买盘
09:32:16,15.36,0.0,650,998353,买盘
09:32:19,15.36,0.0,593,910846,买盘
09:32:22,15.36,0.0,1530,2349803,买盘
09:32:24,15.36,0.0,828,1271476,买盘
09:32:27,15.36,0.0,1241,1906176,买盘
09:32:30,15.36,0.0,132,202789,卖盘
09:32:33,15.36,0.0,592,909375,卖盘
09:32:36,15.37,0.01,981,1507310,买盘
09:32:39,15.38,0.01,619,951684,买盘
09:32:42,15.38,0.0,243,373604,买盘
09:32:45,15.38,0.0,187,287543,买盘
09:32:48,15.38,0.0,444,682570,买盘
09:32:52,15.38,0.0,933,1434659,买盘
09:32:54,15.38,0.0,798,1226975,买盘
09:32:57,15.39,0.01,421,647544,买盘
09:33:00,15.38,-0.01,356,547587,卖盘
09:33:04,15.39,0.01,1386,2132770,买盘
09:33:07,15.37,-0.02,1361,2092024,卖盘
09:33:10,15.37,0.0,767,1178216,买盘
09:33:12,15.38,0.01,800,1229273,买盘
09:33:16,15.38,0.0,1257,1932038,买盘
09:33:18,15.38,0.0,187,287535,买盘
09:33:22,15.38,0.0,765,1176215,买盘
09:33:24,15.38,0.0,942,1448660,买盘
09:33:28,15.39,0.01,2253,3463813,买盘
09:33:30,15.39,0.0,78,119984,买盘
09:33:34,15.38,-0.01,861,1324879,卖盘
09:33:37,15.38,0.0,272,418445,卖盘
09:33:40,15.4,0.02,851,1310280,买盘
09:33:42,15.4,0.0,242,372648,卖盘
09:33:46,15.39,-0.01,362,557485,卖盘
09:33:48,15.39,0.0,275,423276,买盘
09:33:51,15.41,0.02,408,628211,买盘
09:33:54,15.4,-0.01,579,891591,卖盘
09:33:57,15.4,0.0,365,562370,买盘
09:34:01,15.41,0.01,334,514592,买盘
09:34:04,15.4,-0.01,509,783951,卖盘
09:34:07,15.41,0.01,815,1255442,买盘
09:34:09,15.42,0.01,41,63186,买盘
09:34:13,15.41,-0.01,370,570198,卖盘
09:34:15,15.42,0.01,1615,2487346,买盘
09:34:18,15.41,-0.01,175,269738,卖盘
09:34:21,15.41,0.0,163,251183,买盘
09:34:25,15.41,0.0,453,697771,买盘
09:34:27,15.43,0.02,771,1188389,买盘
09:34:30,15.41,-0.02,532,820309,卖盘
09:34:34,15.41,0.0,386,594945,卖盘
09:34:37,15.43,0.02,13,20059,买盘
09:34:39,15.43,0.0,338,521069,买盘
09:34:43,15.42,-0.01,88,135661,中性盘
09:34:45,15.42,0.0,196,302143,买盘
09:34:49,15.42,0.0,82,126444,买盘
09:34:52,15.41,-0.01,36,55501,卖盘
09:34:54,15.41,0.0,340,524053,卖盘
09:34:58,15.42,0.01,405,624143,买盘
09:35:00,15.41,-0.01,1526,2352701,卖盘
09:35:04,15.39,-0.02,2793,4302766,卖盘
09:35:07,15.41,0.02,1169,1799691,买盘
09:35:09,15.39,-0.02,224,344836,中性盘
09:35:12,15.39,0.0,211,324677,买盘
09:35:15,15.39,0.0,902,1387383,买盘
09:35:19,15.39,0.0,492,756854,买盘
09:35:22,15.38,-0.01,288,443197,卖盘
09:35:25,15.38,0.0,635,977243,卖盘
09:35:28,15.39,0.01,740,1138468,买盘
09:35:31,15.38,-0.01,77,118486,中性盘
09:35:34,15.4,0.02,361,554920,买盘
09:35:37,15.38,-0.02,643,989747,中性盘
09:35:39,15.39,0.01,142,218836,买盘
09:35:43,15.38,-0.01,99,152275,买盘
09:35:45,15.37,-0.01,1060,1629172,卖盘
09:35:48,15.39,0.02,306,470589,买盘
09:35:52,15.38,-0.01,222,341273,中性盘
09:35:55,15.37,-0.01,2239,3439174,中性盘
09:35:58,15.36,-0.01,1368,2100877,卖盘
09:36:00,15.36,0.0,1325,2035909,买盘
09:36:04,15.36,0.0,1012,1553930,买盘
09:36:07,15.35,-0.01,1187,1822191,卖盘
09:36:10,15.35,0.0,343,526240,买盘
09:36:13,15.35,0.0,478,733742,买盘
09:36:16,15.35,0.0,996,1528681,卖盘
09:36:18,15.34,-0.01,112,171854,卖盘
09:36:21,15.35,0.01,1109,1701468,买盘
09:36:24,15.35,0.0,438,672038,买盘
09:36:28,15.36,0.01,939,1441535,买盘
09:36:30,15.34,-0.02,164,251601,卖盘
09:36:33,15.34,0.0,46,70582,买盘
09:36:37,15.35,0.01,811,1244363,买盘
09:36:40,15.35,0.0,215,329995,卖盘
09:36:43,15.35,0.0,926,1421018,买盘
09:36:46,15.35,0.0,226,346740,买盘
09:36:48,15.35,0.0,289,443626,卖盘
09:36:51,15.36,0.01,100,153502,买盘
09:36:55,15.37,0.01,1388,2131786,买盘
09:36:58,15.36,-0.01,867,1332437,卖盘
09:37:00,15.36,0.0,352,540365,买盘
09:37:04,15.36,0.0,320,491680,卖盘
09:37:07,15.37,0.01,46,70673,中性盘
09:37:10,15.37,0.0,63,96809,卖盘
09:37:12,15.37,0.0,169,259689,卖盘
09:37:15,15.37,0.0,334,513082,买盘
09:37:19,15.36,-0.01,1120,1719596,卖盘
09:37:22,15.36,0.0,242,371495,买盘
09:37:24,15.36,0.0,62,95223,买盘
09:37:28,15.37,0.01,627,963027,买盘
09:37:31,15.36,-0.01,209,320962,中性盘
09:37:34,15.35,-0.01,446,684988,卖盘
09:37:36,15.35,0.0,40,61419,卖盘
09:37:40,15.35,0.0,328,503528,卖盘
09:37:42,15.35,0.0,2317,3556648,卖盘
09:37:46,15.35,0.0,1741,2672546,买盘
09:37:48,15.33,-0.02,1726,2647340,卖盘
09:37:52,15.35,0.02,136,208761,买盘
09:37:54,15.35,0.0,109,167290,买盘
09:37:58,15.33,-0.02,672,1031030,卖盘
09:38:00,15.33,0.0,195,299087,卖盘
09:38:04,15.34,0.01,510,782100,买盘
09:38:07,15.33,-0.01,948,1453634,卖盘
09:38:10,15.33,0.0,116,177966,卖盘
09:38:13,15.34,0.01,24,36805,买盘
09:38:16,15.34,0.0,198,303690,买盘
09:38:18,15.34,0.0,1262,1936302,买盘
09:38:21,15.33,-0.01,158,242308,卖盘
09:38:24,15.33,0.0,5238,8027800,卖盘
09:38:27,15.35,0.02,356,545681,买盘
09:38:30,15.34,-0.01,250,383104,中性盘
09:38:33,15.33,-0.01,160,245387,卖盘
09:38:36,15.33,0.0,388,594794,卖盘
09:38:39,15.33,0.0,243,372471,买盘
09:38:43,15.33,0.0,298,456787,买盘
09:38:45,15.31,-0.02,217,332413,卖盘
09:38:49,15.31,0.0,3786,5796589,卖盘
09:38:52,15.34,0.03,704,1079168,买盘
09:38:55,15.32,-0.02,163,249737,卖盘
09:38:57,15.32,0.0,402,615728,卖盘
09:39:01,15.32,0.0,126,193032,买盘
09:39:04,15.33,0.01,179,274229,买盘
09:39:07,15.32,-0.01,554,848307,卖盘
09:39:09,15.32,0.0,155,237469,买盘
09:39:13,15.31,-0.01,1165,1784741,卖盘
09:39:16,15.31,0.0,817,1251600,卖盘
09:39:19,15.32,0.01,720,1103082,买盘
09:39:21,15.32,0.0,186,284872,买盘
09:39:25,15.32,0.0,212,324782,卖盘
09:39:28,15.32,0.0,1520,2329770,买盘
09:39:31,15.33,0.01,1099,1685492,买盘
09:39:33,15.33,0.0,503,770708,卖盘
09:39:36,15.33,0.0,436,667981,卖盘
09:39:39,15.33,0.0,600,919865,卖盘
09:39:42,15.33,0.0,130,199290,买盘
09:39:45,15.33,0.0,306,469094,买盘
09:39:49,15.33,0.0,770,1180055,买盘
09:39:51,15.33,0.0,88,134884,买盘
09:39:54,15.32,-0.01,355,543940,卖盘
09:39:57,15.33,0.01,227,347953,买盘
09:40:01,15.33,0.0,961,1473223,卖盘
09:40:04,15.33,0.0,1894,2903500,卖盘
09:40:07,15.33,0.0,321,491806,买盘
09:40:09,15.33,0.0,422,646750,买盘
09:40:13,15.33,0.0,577,884394,买盘
09:40:15,15.33,0.0,1047,1605051,买盘
09:40:18,15.33,0.0,2250,3446174,卖盘
09:40:21,15.32,-0.01,515,789213,卖盘
09:40:25,15.33,0.01,1056,1618777,买盘
09:40:27,15.33,0.0,457,700579,买盘
09:40:31,15.32,-0.01,58,88859,卖盘
09:40:33,15.32,0.0,154,236048,卖盘
09:40:37,15.33,0.01,168,257478,中性盘
09:40:41,15.34,0.01,173,265225,买盘
09:40:43,15.33,-0.01,112,171711,卖盘
09:40:45,15.33,0.0,270,413913,卖盘
09:40:49,15.34,0.01,632,969480,买盘
09:40:51,15.34,0.0,264,404746,买盘
09:40:55,15.33,-0.01,172,263771,卖盘
09:40:57,15.34,0.01,225,345066,买盘
09:41:00,15.33,-0.01,1046,1603514,卖盘
09:41:04,15.33,0.0,268,410876,买盘
09:41:07,15.33,0.0,109,167060,买盘
09:41:10,15.33,0.0,149,228378,买盘
09:41:12,15.33,0.0,109,167087,买盘
09:41:15,15.34,0.01,169,259017,买盘
09:41:19,15.33,-0.01,329,504357,卖盘
09:41:22,15.32,-0.01,305,467558,卖盘
09:41:25,15.34,0.02,111,170184,买盘
09:41:27,15.34,0.0,335,513783,买盘
09:41:30,15.33,-0.01,183,280694,卖盘
09:41:34,15.34,0.01,23,35282,买盘
09:41:37,15.34,0.0,377,578318,卖盘
09:41:39,15.35,0.01,68,104334,买盘
09:41:43,15.34,-0.01,154,236237,卖盘
09:41:46,15.35,0.01,69,105854,买盘
09:41:48,15.35,0.0,166,254710,买盘
09:41:51,15.35,0.0,1199,1838829,买盘
09:41:54,15.35,0.0,131,201053,买盘
09:41:57,15.35,0.0,235,360561,买盘
09:42:00,15.35,0.0,184,282355,买盘
09:42:04,15.34,-0.01,935,1434560,卖盘
09:42:07,15.34,0.0,128,196412,卖盘
09:42:10,15.36,0.02,223,343259,买盘
09:42:12,15.33,-0.03,182,279081,卖盘
09:42:16,15.34,0.01,145,222528,卖盘
09:42:18,15.34,0.0,342,524524,卖盘
09:42:22,15.34,0.0,167,256178,买盘
09:42:24,15.34,0.0,473,725377,买盘
09:42:28,15.37,0.03,530,813553,买盘
09:42:30,15.34,-0.03,87,133469,卖盘
09:42:34,15.34,0.0,276,423208,买盘
09:42:36,15.34,0.0,68,104312,买盘
09:42:40,15.34,0.0,270,413993,卖盘
09:42:42,15.34,0.0,173,265382,卖盘
09:42:45,15.35,0.01,705,1081541,买盘
09:42:48,15.34,-0.01,389,596743,卖盘
09:42:51,15.35,0.01,18,27622,买盘
09:42:54,15.35,0.0,370,567527,买盘
09:42:58,15.35,0.0,432,662856,买盘
09:43:00,15.34,-0.01,153,234726,卖盘
09:43:04,15.34,0.0,443,679548,卖盘
09:43:07,15.33,-0.01,1588,2434488,卖盘
09:43:09,15.35,0.02,222,340392,买盘
09:43:12,15.33,-0.02,469,719024,卖盘
09:43:15,15.33,0.0,2964,4541259,买盘
09:43:18,15.33,0.0,439,672653,买盘
09:43:21,15.33,0.0,562,861381,买盘
09:43:25,15.33,0.0,228,349205,买盘
09:43:27,15.33,0.0,514,787722,买盘
09:43:31,15.33,0.0,3,4599,买盘
09:43:33,15.32,-0.01,249,381552,卖盘
09:43:37,15.33,0.01,47,72022,买盘
09:43:39,15.33,0.0,445,682027,买盘
09:43:43,15.33,0.0,547,838863,卖盘
09:43:45,15.34,0.01,17,26071,买盘
09:43:49,15.35,0.01,547,838832,买盘
09:43:51,15.35,0.0,284,435473,买盘
09:43:55,15.37,0.02,323,495950,买盘
09:43:58,15.35,-0.02,183,280766,中性盘
09:44:01,15.35,0.0,34,52231,卖盘
09:44:04,15.35,0.0,585,898548,买盘
09:44:07,15.35,0.0,138,211695,卖盘
09:44:10,15.35,0.0,359,550983,卖盘
09:44:13,15.35,0.0,452,693528,买盘
09:44:16,15.35,0.0,41,62930,买盘
09:44:18,15.35,0.0,430,659080,买盘
09:44:21,15.35,0.0,80,122800,买盘
09:44:24,15.35,0.0,568,871754,买盘
09:44:27,15.35,0.0,381,584634,买盘
09:44:31,15.34,-0.01,42,64433,中性盘
09:44:33,15.35,0.01,193,296094,买盘
09:44:37,15.34,-0.01,29,44507,卖盘
09:44:39,15.35,0.01,858,1316816,买盘
09:44:42,15.35,0.0,90,138150,卖盘
09:44:45,15.35,0.0,271,415944,卖盘
09:44:49,15.35,0.0,225,345491,卖盘
09:44:52,15.35,0.0,46,70598,卖盘
09:44:54,15.35,0.0,215,329853,卖盘
09:44:57,15.33,-0.02,271,415757,卖盘
09:45:00,15.34,0.01,152,233279,中性盘
09:45:05,15.34,0.0,335,513594,买盘
09:45:07,15.35,0.01,354,543210,买盘
09:45:10,15.33,-0.02,375,574950,卖盘
09:45:13,15.34,0.01,501,768556,买盘
09:45:15,15.34,0.0,211,323514,买盘
09:45:19,15.34,0.0,416,637922,买盘
09:45:21,15.34,0.0,30,46023,卖盘
09:45:25,15.35,0.01,185,283758,买盘
09:45:27,15.34,-0.01,449,688799,卖盘
09:45:30,15.34,0.0,184,282138,买盘
09:45:33,15.34,0.0,214,328099,买盘
09:45:37,15.34,0.0,262,401945,买盘
09:45:40,15.35,0.01,230,352791,买盘
09:45:42,15.33,-0.02,781,1198259,卖盘
09:45:45,15.33,0.0,72,110446,卖盘
09:45:48,15.34,0.01,3679,5637857,卖盘
09:45:52,15.36,0.02,51,78289,买盘
09:45:55,15.35,-0.01,432,662853,卖盘
09:45:57,15.36,0.01,1414,2168742,买盘
09:46:01,15.35,-0.01,70,107471,卖盘
09:46:05,15.35,0.0,173,265466,卖盘
09:46:07,15.34,-0.01,52,79817,卖盘
09:46:10,15.34,0.0,734,1126608,卖盘
09:46:12,15.34,0.0,426,653171,卖盘
09:46:15,15.34,0.0,104,159536,买盘
09:46:19,15.34,0.0,245,375618,买盘
09:46:21,15.34,0.0,71,108890,买盘
09:46:25,15.33,-0.01,1018,1560428,卖盘
09:46:27,15.33,0.0,480,735659,买盘
09:46:30,15.32,-0.01,9,13794,卖盘
09:46:34,15.33,0.01,368,563883,买盘
09:46:37,15.33,0.0,125,191511,买盘
09:46:40,15.33,0.0,343,525494,买盘
09:46:42,15.33,0.0,730,1118407,买盘
09:46:45,15.32,-0.01,565,866142,卖盘
09:46:49,15.32,0.0,971,1487759,卖盘
09:46:52,15.33,0.01,193,295738,买盘
09:46:55,15.32,-0.01,679,1040623,卖盘
09:46:57,15.32,0.0,357,546861,卖盘
09:47:01,15.32,0.0,963,1476139,卖盘
09:47:05,15.33,0.01,251,384583,买盘
09:47:07,15.33,0.0,78,119550,买盘
09:47:09,15.33,0.0,415,635944,买盘
09:47:13,15.33,0.0,299,458124,买盘
09:47:16,15.32,-0.01,743,1138677,卖盘
09:47:19,15.32,0.0,229,350835,卖盘
09:47:22,15.33,0.01,115,176224,买盘
09:47:24,15.33,0.0,204,312419,买盘
09:47:28,15.32,-0.01,338,518198,卖盘
09:47:31,15.33,0.01,30,45968,买盘
09:47:33,15.34,0.01,152,233132,买盘
09:47:36,15.33,-0.01,320,490839,卖盘
09:47:40,15.34,0.01,218,334045,买盘
09:47:42,15.33,-0.01,3270,5007134,卖盘
09:47:46,15.33,0.0,54,82758,卖盘
09:47:48,15.33,0.0,48,73591,买盘
09:47:51,15.33,0.0,94,144087,买盘
09:47:55,15.34,0.01,4093,6281715,买盘
09:47:57,15.34,0.0,46,70526,买盘
09:48:01,15.32,-0.02,1136,1741106,卖盘
09:48:04,15.33,0.01,93,142572,中性盘
09:48:06,15.33,0.0,19,29134,卖盘
09:48:09,15.33,0.0,972,1489012,卖盘
09:48:13,15.32,-0.01,60,91985,卖盘
09:48:16,15.33,0.01,16,24528,买盘
09:48:18,15.34,0.01,214,328163,买盘
09:48:22,15.32,-0.02,1559,2388419,卖盘
09:48:24,15.33,0.01,107,164004,卖盘
09:48:27,15.35,0.02,237,363717,买盘
09:48:31,15.33,-0.02,138,211612,卖盘
09:48:33,15.35,0.02,509,781313,买盘
09:48:37,15.35,0.0,506,776710,卖盘
09:48:40,15.36,0.01,600,921123,买盘
09:48:43,15.36,0.0,636,976128,卖盘
09:48:45,15.36,0.0,40,61440,卖盘
09:48:48,15.36,0.0,217,333423,卖盘
09:48:52,15.36,0.0,179,274988,卖盘
09:48:55,15.36,0.0,811,1245383,卖盘
09:48:57,15.36,0.0,31,47616,买盘
09:49:00,15.37,0.01,237,364174,买盘
09:49:04,15.35,-0.02,279,428484,卖盘
09:49:07,15.35,0.0,31,47599,卖盘
09:49:09,15.36,0.01,158,242688,买盘
09:49:12,15.35,-0.01,77,118248,卖盘
09:49:15,15.35,0.0,115,176621,卖盘
09:49:19,15.35,0.0,32,49136,卖盘
09:49:21,15.36,0.01,60,92160,买盘
09:49:25,15.36,0.0,190,291840,买盘
09:49:28,15.36,0.0,276,424131,卖盘
09:49:30,15.36,0.0,313,480768,卖盘
09:49:33,15.36,0.0,138,212068,卖盘
09:49:36,15.37,0.01,122,187458,买盘
09:49:40,15.37,0.0,216,331931,买盘
09:49:42,15.37,0.0,406,624022,买盘
09:49:46,15.38,0.01,1,1538,买盘
09:49:48,15.38,0.0,47,72285,买盘
09:49:51,15.38,0.0,784,1205780,买盘
09:49:54,15.38,0.0,19,29222,卖盘
09:49:58,15.38,0.0,1270,1953285,卖盘
09:50:01,15.38,0.0,79,121525,卖盘
09:50:05,15.38,0.0,123,189234,卖盘
09:50:07,15.38,0.0,571,878313,卖盘
09:50:10,15.38,0.0,460,707470,卖盘
09:50:13,15.39,0.01,279,429034,买盘
09:50:16,15.39,0.0,162,249194,买盘
09:50:18,15.39,0.0,236,363097,买盘
09:50:21,15.38,-0.01,255,392270,卖盘
09:50:24,15.36,-0.02,303,465686,卖盘
09:50:28,15.38,0.02,284,436782,买盘
09:50:30,15.37,-0.01,66,101453,卖盘
09:50:34,15.37,0.0,62,95349,卖盘
09:50:36,15.37,0.0,75,115285,卖盘
09:50:40,15.37,0.0,118,181404,卖盘
09:50:42,15.37,0.0,111,170617,卖盘
09:50:45,15.37,0.0,89,136818,卖盘
09:50:49,15.37,0.0,1074,1649747,买盘
09:50:52,15.35,-0.02,276,423820,卖盘
09:50:55,15.37,0.02,44,67570,买盘
09:50:57,15.35,-0.02,17,26099,卖盘
09:51:00,15.37,0.02,201,308937,买盘
09:51:04,15.37,0.0,1,1537,卖盘
09:51:07,15.37,0.0,460,707021,卖盘
09:51:10,15.38,0.01,89,136844,买盘
09:51:12,15.37,-0.01,17,26129,卖盘
09:51:15,15.37,0.0,60,92220,卖盘
09:51:18,15.37,0.0,63,96832,卖盘
09:51:21,15.38,0.01,245,376539,买盘
09:51:24,15.36,-0.02,207,318012,卖盘
09:51:27,15.37,0.01,332,510471,买盘
09:51:30,15.36,-0.01,74,113731,卖盘
09:51:33,15.36,0.0,56,86021,卖盘
09:51:37,15.36,0.0,25,38400,卖盘
09:51:40,15.37,0.01,8,12296,买盘
09:51:42,15.37,0.0,36,55306,买盘
09:51:46,15.37,0.0,90,138280,买盘
09:51:48,15.37,0.0,53,81461,买盘
09:51:52,15.37,0.0,235,361165,买盘
09:51:55,15.37,0.0,1071,1646127,卖盘
09:51:57,15.38,0.01,81,124498,买盘
09:52:01,15.37,-0.01,354,544136,卖盘
09:52:05,15.38,0.01,132,202918,买盘
09:52:07,15.37,-0.01,33,50741,卖盘
09:52:10,15.38,0.01,34,52270,买盘
09:52:12,15.38,0.0,152,233741,买盘
09:52:15,15.37,-0.01,307,471870,卖盘
09:52:18,15.38,0.01,771,1185254,买盘
09:52:21,15.38,0.0,1862,2862968,买盘
09:52:24,15.37,-0.01,299,459567,卖盘
09:52:28,15.37,0.0,427,656281,买盘
09:52:31,15.37,0.0,110,169070,买盘
09:52:33,15.37,0.0,11,16904,买盘
09:52:36,15.36,-0.01,50,76826,卖盘
09:52:40,15.36,0.0,157,241253,卖盘
09:52:43,15.36,0.0,949,1458317,卖盘
09:52:45,15.37,0.01,34,52268,中性盘
09:52:49,15.36,-0.01,388,596272,卖盘
09:52:52,15.37,0.01,74,113698,中性盘
09:52:54,15.37,0.0,194,298178,卖盘
09:52:58,15.38,0.01,101,155242,买盘
09:53:00,15.37,-0.01,337,518246,卖盘
09:53:05,15.37,0.0,216,331992,卖盘
09:53:07,15.36,-0.01,13,19978,卖盘
09:53:10,15.38,0.02,211,324476,买盘
09:53:13,15.36,-0.02,260,399377,卖盘
09:53:15,15.37,0.01,267,410380,买盘
09:53:18,15.37,0.0,544,836129,卖盘
09:53:21,15.37,0.0,161,247456,卖盘
09:53:24,15.38,0.01,575,883810,买盘
09:53:27,15.38,0.0,436,670089,买盘
09:53:31,15.37,-0.01,30,46110,买盘
09:53:33,15.36,-0.01,37,56836,卖盘
09:53:37,15.37,0.01,3049,4687961,买盘
09:53:40,15.36,-0.01,24,36878,卖盘
09:53:43,15.37,0.01,2157,3320720,卖盘
09:53:46,15.37,0.0,27,41490,卖盘
09:53:49,15.37,0.0,13,19982,卖盘
09:53:51,15.37,0.0,75,115275,卖盘
09:53:54,15.37,0.0,176,270534,卖盘
09:53:57,15.37,0.0,54,82998,卖盘
09:54:00,15.37,0.0,20,30757,卖盘
09:54:04,15.37,0.0,96,147557,卖盘
09:54:06,15.38,0.01,953,1465525,买盘
09:54:12,15.38,0.0,75,115373,卖盘
09:54:15,15.38,0.0,141,216858,卖盘
09:54:18,15.38,0.0,33,50756,卖盘
09:54:21,15.4,0.02,12,18480,买盘
09:54:25,15.38,-0.02,414,636732,卖盘
09:54:28,15.38,0.0,248,381414,买盘
09:54:30,15.37,-0.01,755,1160690,卖盘
09:54:34,15.38,0.01,258,396797,买盘
09:54:36,15.38,0.0,15,23070,卖盘
09:54:40,15.4,0.02,541,832710,买盘
09:54:43,15.39,-0.01,1,1539,中性盘
09:54:49,15.4,0.01,492,757682,买盘
09:54:52,15.39,-0.01,1361,2095934,卖盘
09:54:55,15.39,0.0,32,49276,卖盘
09:54:58,15.38,-0.01,683,1051087,卖盘
09:55:01,15.39,0.01,150,230845,买盘
09:55:04,15.39,0.0,52,80028,买盘
09:55:07,15.39,0.0,80,123113,买盘
09:55:09,15.39,0.0,540,830559,买盘
09:55:12,15.38,-0.01,56,86171,卖盘
09:55:15,15.39,0.01,478,735221,买盘
09:55:18,15.37,-0.02,855,1314496,卖盘
09:55:22,15.38,0.01,11,16918,中性盘
09:55:24,15.39,0.01,96,147665,买盘
09:55:28,15.39,0.0,291,447769,买盘
09:55:31,15.39,0.0,331,509219,买盘
09:55:34,15.39,0.0,148,227772,卖盘
09:55:36,15.39,0.0,103,158543,卖盘
09:55:40,15.39,0.0,130,200070,卖盘
09:55:42,15.39,0.0,83,127736,买盘
09:55:45,15.39,0.0,35,53849,买盘
09:55:48,15.38,-0.01,109,167712,卖盘
09:55:51,15.39,0.01,93,143081,买盘
09:55:54,15.39,0.0,104,160036,买盘
09:55:57,15.39,0.0,248,381667,买盘
09:56:01,15.39,0.0,90,138510,卖盘
09:56:05,15.39,0.0,25,38485,卖盘
09:56:07,15.39,0.0,61,93881,卖盘
09:56:09,15.4,0.01,358,550992,买盘
09:56:13,15.39,-0.01,52,80036,卖盘
09:56:15,15.39,0.0,65,100049,卖盘
09:56:18,15.39,0.0,1144,1761635,卖盘
09:56:22,15.4,0.01,406,624858,买盘
09:56:24,15.39,-0.01,98,150837,卖盘
09:56:28,15.4,0.01,257,395576,买盘
09:56:30,15.39,-0.01,33,50787,中性盘
09:56:34,15.39,0.0,15,23085,买盘
09:56:37,15.38,-0.01,347,533810,卖盘
09:56:40,15.39,0.01,129,198557,卖盘
09:56:42,15.39,0.0,99,152361,买盘
09:56:45,15.38,-0.01,170,261486,卖盘
09:56:48,15.38,0.0,1068,1643743,卖盘
09:56:51,15.39,0.01,146,224703,中性盘
09:56:55,15.39,0.0,65,100015,买盘
09:56:57,15.39,0.0,319,490983,卖盘
09:57:01,15.39,0.0,11,16929,卖盘
09:57:04,15.39,0.0,52,80038,卖盘
09:57:06,15.39,0.0,626,963918,卖盘
09:57:09,15.39,0.0,375,577105,卖盘
09:57:12,15.38,-0.01,156,240007,卖盘
09:57:15,15.39,0.01,537,826429,买盘
09:57:19,15.38,-0.01,5,7691,卖盘
09:57:25,15.39,0.01,177,272363,买盘
09:57:27,15.39,0.0,504,775380,买盘
09:57:30,15.38,-0.01,98,150749,卖盘
09:57:33,15.38,0.0,70,107660,卖盘
09:57:36,15.38,0.0,160,246099,卖盘
09:57:39,15.38,0.0,7,10766,卖盘
09:57:43,15.38,0.0,552,849046,卖盘
09:57:45,15.38,0.0,119,183107,卖盘
09:57:49,15.38,0.0,31,47682,卖盘
09:57:51,15.39,0.01,113,173814,买盘
09:57:55,15.38,-0.01,112,172254,卖盘
09:57:58,15.38,0.0,173,266048,买盘
09:58:00,15.39,0.01,96,147610,买盘
09:58:04,15.37,-0.02,103,158366,卖盘
09:58:07,15.37,0.0,32,49198,卖盘
09:58:09,15.38,0.01,8,12299,买盘
09:58:12,15.37,-0.01,87,133729,卖盘
09:58:16,15.37,0.0,63,96831,卖盘
09:58:19,15.38,0.01,22,33819,买盘
09:58:22,15.37,-0.01,1084,1666208,卖盘
09:58:25,15.37,0.0,68,104485,中性盘
09:58:27,15.38,0.01,314,482839,买盘
09:58:30,15.37,-0.01,22,33814,中性盘
09:58:33,15.37,0.0,149,228926,卖盘
09:58:36,15.36,-0.01,174,267429,卖盘
09:58:40,15.36,0.0,78,119868,卖盘
09:58:43,15.36,0.0,61,93702,卖盘
09:58:46,15.37,0.01,11,16907,中性盘
09:58:48,15.36,-0.01,13,19974,卖盘
09:58:52,15.36,0.0,67,102935,卖盘
09:58:54,15.37,0.01,36,55330,买盘
09:58:57,15.36,-0.01,138,212055,卖盘
09:59:01,15.36,0.0,59,90624,卖盘
09:59:04,15.37,0.01,80,122945,买盘
09:59:07,15.37,0.0,74,113697,买盘
09:59:09,15.36,-0.01,36,55299,卖盘
09:59:12,15.36,0.0,36,55301,卖盘
09:59:15,15.37,0.01,370,568659,买盘
09:59:19,15.37,0.0,94,144479,卖盘
09:59:22,15.37,0.0,205,315085,卖盘
09:59:24,15.37,0.0,717,1102711,卖盘
09:59:28,15.38,0.01,243,373714,买盘
09:59:30,15.38,0.0,130,199852,买盘
09:59:34,15.37,-0.01,130,199914,卖盘
09:59:36,15.37,0.0,1078,1657951,卖盘
09:59:39,15.38,0.01,105,161484,买盘
09:59:43,15.38,0.0,112,172177,卖盘
09:59:45,15.38,0.0,37,56870,中性盘
09:59:49,15.37,-0.01,169,259786,卖盘
09:59:52,15.37,0.0,60,92220,卖盘
09:59:54,15.38,0.01,87,133805,买盘
09:59:58,15.38,0.0,31,47698,卖盘
10:00:00,15.38,0.0,17,26147,卖盘
10:00:05,15.39,0.01,70,107661,买盘
10:00:07,15.38,-0.01,158,243016,卖盘
10:00:10,15.39,0.01,42,64608,买盘
10:00:12,15.39,0.0,43,66159,买盘
10:00:16,15.39,0.0,5,7695,买盘
10:00:18,15.39,0.0,87,133823,买盘
10:00:22,15.38,-0.01,424,652312,卖盘
10:00:24,15.39,0.01,66,101549,买盘
10:00:27,15.39,0.0,400,615432,买盘
10:00:30,15.38,-0.01,227,349141,卖盘
10:00:34,15.39,0.01,17,26160,买盘
10:00:36,15.37,-0.02,161,247675,卖盘
10:00:40,15.38,0.01,242,372233,买盘
10:00:42,15.38,0.0,20,30760,卖盘
10:00:46,15.37,-0.01,1962,3016316,卖盘
10:00:48,15.36,-0.01,181,278193,卖盘
10:00:52,15.37,0.01,27,41497,买盘
10:00:54,15.36,-0.01,2606,4003236,卖盘
10:00:57,15.36,0.0,200,307199,买盘
10:01:00,15.36,0.0,21,32253,买盘
10:01:04,15.35,-0.01,74,113618,卖盘
10:01:07,15.35,0.0,42,64503,卖盘
10:01:09,15.36,0.01,771,1183716,买盘
10:01:12,15.35,-0.01,73,112075,卖盘
10:01:15,15.36,0.01,258,396059,买盘
10:01:19,15.36,0.0,52,79872,买盘
10:01:21,15.35,-0.01,212,325430,卖盘
10:01:24,15.35,0.0,82,125922,卖盘
10:01:28,15.36,0.01,282,433135,买盘
10:01:30,15.36,0.0,1024,1572883,买盘
10:01:33,15.35,-0.01,209,320885,卖盘
10:01:36,15.36,0.01,40,61440,中性盘
10:01:40,15.36,0.0,135,207360,卖盘
10:01:42,15.36,0.0,165,253445,卖盘
10:01:45,15.36,0.0,49,75265,卖盘
10:01:48,15.36,0.0,63,96769,卖盘
10:01:51,15.36,0.0,134,205824,卖盘
10:01:54,15.36,0.0,86,132096,卖盘
10:01:57,15.36,0.0,105,161292,卖盘
10:02:00,15.37,0.01,97,148994,买盘
10:02:04,15.37,0.0,302,463814,买盘
10:02:06,15.37,0.0,212,325839,买盘
10:02:09,15.36,-0.01,31,47631,卖盘
10:02:12,15.37,0.01,444,682933,买盘
10:02:15,15.37,0.0,83,127571,卖盘
10:02:18,15.37,0.0,380,583411,卖盘
10:02:22,15.35,-0.02,3395,5211753,卖盘
10:02:24,15.35,0.0,80,122800,买盘
10:02:27,15.35,0.0,488,749080,买盘
10:02:30,15.35,0.0,41,62935,买盘
10:02:33,15.34,-0.01,437,670487,卖盘
10:02:36,15.34,0.0,27,41438,卖盘
10:02:39,15.35,0.01,41,62914,买盘
10:02:42,15.34,-0.01,107,164148,卖盘
10:02:45,15.35,0.01,54,82844,买盘
10:02:48,15.34,-0.01,301,462549,卖盘
10:02:52,15.34,0.0,7,10738,卖盘
10:02:55,15.34,0.0,914,1401263,卖盘
10:02:57,15.34,0.0,48,74459,买盘
10:03:00,15.34,0.0,52,78965,卖盘
10:03:04,15.34,0.0,119,182523,买盘
10:03:07,15.33,-0.01,223,341977,卖盘
10:03:10,15.34,0.01,48,73594,买盘
10:03:13,15.33,-0.01,210,321943,卖盘
10:03:15,15.33,0.0,167,256035,卖盘
10:03:18,15.32,-0.01,3810,5838710,卖盘
10:03:22,15.32,0.0,450,689400,买盘
10:03:24,15.32,0.0,10,15314,买盘
10:03:28,15.31,-0.01,438,670895,卖盘
10:03:31,15.32,0.01,42,64342,买盘
10:03:34,15.32,0.0,102,156486,买盘
10:03:37,15.31,-0.01,537,822657,卖盘
10:03:39,15.31,0.0,2411,3691370,卖盘
10:03:42,15.31,0.0,178,272579,卖盘
10:03:45,15.32,0.01,40,61280,中性盘
10:03:48,15.32,0.0,102,156274,卖盘
10:03:51,15.32,0.0,268,410704,卖盘
10:03:55,15.33,0.01,55,84280,买盘
10:03:58,15.32,-0.01,81,124096,卖盘
10:04:00,15.32,0.0,2399,3674586,卖盘
10:04:04,15.33,0.01,14,21462,买盘
10:04:07,15.32,-0.01,36,55160,卖盘
10:04:10,15.32,0.0,620,949840,卖盘
10:04:12,15.33,0.01,187,286541,买盘
10:04:16,15.33,0.0,167,255995,买盘
10:04:19,15.33,0.0,19,29128,卖盘
10:04:21,15.33,0.0,232,355213,卖盘
10:04:24,15.33,0.0,292,448081,卖盘
10:04:27,15.33,0.0,1147,1757598,买盘
10:04:31,15.33,0.0,115,176185,买盘
10:04:34,15.33,0.0,321,491563,买盘
10:04:36,15.33,0.0,638,977446,卖盘
10:04:39,15.34,0.01,234,358609,买盘
10:04:42,15.34,0.0,28,42948,买盘
10:04:46,15.33,-0.01,88,134904,卖盘
10:04:48,15.34,0.01,8,12271,买盘
10:04:51,15.33,-0.01,119,182505,卖盘
10:04:54,15.33,0.0,9,13799,卖盘
10:04:58,15.33,0.0,20,30660,卖盘
10:05:00,15.34,0.01,188,288316,买盘
10:05:04,15.33,-0.01,133,203889,卖盘
10:05:06,15.33,0.0,38,58254,卖盘
10:05:10,15.34,0.01,727,1114120,买盘
10:05:12,15.33,-0.01,41,62887,卖盘
10:05:15,15.33,0.0,62,95056,卖盘
10:05:19,15.33,0.0,29,44462,卖盘
10:05:21,15.33,0.0,117,179361,卖盘
10:05:24,15.33,0.0,80,122696,卖盘
10:05:27,15.34,0.01,366,561367,买盘
10:05:30,15.34,0.0,63,96591,买盘
10:05:34,15.34,0.0,6,9204,买盘
10:05:36,15.33,-0.01,645,988820,卖盘
10:05:40,15.33,0.0,42,64390,卖盘
10:05:42,15.33,0.0,170,260630,卖盘
10:05:45,15.33,0.0,41,62859,卖盘
10:05:48,15.33,0.0,169,259108,卖盘
10:05:51,15.34,0.01,1172,1797786,买盘
10:05:55,15.34,0.0,362,555211,买盘
10:05:57,15.33,-0.01,149,228466,卖盘
10:06:00,15.34,0.01,202,309790,买盘
10:06:05,15.34,0.0,42,64421,买盘
10:06:06,15.32,-0.02,1821,2791127,卖盘
10:06:09,15.33,0.01,61,93513,中性盘
10:06:12,15.34,0.01,120,183991,买盘
10:06:15,15.33,-0.01,12,18396,中性盘
10:06:18,15.32,-0.01,259,396851,卖盘
10:06:21,15.33,0.01,125,191609,买盘
10:06:24,15.33,0.0,21,32186,买盘
10:06:27,15.34,0.01,248,380408,买盘
10:06:30,15.33,-0.01,635,972851,卖盘
10:06:33,15.33,0.0,81,124171,卖盘
10:06:37,15.33,0.0,135,206889,卖盘
10:06:40,15.31,-0.02,671,1027878,卖盘
10:06:42,15.33,0.02,44,67455,卖盘
10:06:46,15.32,-0.01,6,9192,卖盘
10:06:49,15.33,0.01,22,33726,买盘
10:06:52,15.32,-0.01,136,208353,卖盘
10:06:54,15.32,0.0,37,57337,卖盘
10:06:57,15.32,0.0,75,114900,卖盘
10:07:00,15.32,0.0,72,109666,卖盘
10:07:04,15.32,0.0,58,88809,买盘
10:07:06,15.32,0.0,339,519346,买盘
10:07:09,15.32,0.0,81,124068,买盘
10:07:12,15.31,-0.01,110,168488,卖盘
10:07:15,15.31,0.0,62,94969,卖盘
10:07:18,15.31,0.0,153,234302,卖盘
10:07:21,15.32,0.01,950,1454493,买盘
10:07:25,15.32,0.0,20,30624,买盘
10:07:28,15.32,0.0,374,572841,买盘
10:07:31,15.31,-0.01,418,639968,卖盘
10:07:34,15.32,0.01,156,238972,买盘
10:07:36,15.32,0.0,46,70467,买盘
10:07:39,15.31,-0.01,25,38292,卖盘
10:07:42,15.31,0.0,233,356748,卖盘
10:07:46,15.32,0.01,3,4596,买盘
10:07:48,15.32,0.0,769,1177403,买盘
10:07:52,15.32,0.0,848,1298322,买盘
10:07:55,15.31,-0.01,87,133253,卖盘
10:07:58,15.32,0.01,256,392498,买盘
10:08:00,15.32,0.0,120,183840,卖盘
10:08:05,15.32,0.0,428,655390,卖盘
10:08:07,15.32,0.0,309,473649,买盘
10:08:10,15.33,0.01,96,147082,买盘
10:08:12,15.32,-0.01,44,67410,卖盘
10:08:15,15.32,0.0,87,133288,卖盘
10:08:18,15.31,-0.01,764,1170235,卖盘
10:08:21,15.32,0.01,5837,8937422,买盘
10:08:25,15.31,-0.01,2938,4495369,卖盘
10:08:28,15.31,0.0,373,571071,卖盘
10:08:30,15.31,0.0,602,921662,买盘
10:08:33,15.31,0.0,40,61240,买盘
10:08:37,15.31,0.0,70,107134,买盘
10:08:40,15.31,0.0,90,137762,买盘
10:08:42,15.3,-0.01,68,104056,卖盘
10:08:46,15.31,0.01,151,231174,买盘
10:08:48,15.31,0.0,700,1071070,买盘
10:08:51,15.31,0.0,161,246440,买盘
10:08:54,15.31,0.0,130,198972,买盘
10:08:58,15.31,0.0,118,180658,卖盘
10:09:00,15.32,0.01,34,52058,买盘
10:09:05,15.31,-0.01,34,52054,卖盘
10:09:07,15.31,0.0,144,220466,卖盘
10:09:09,15.32,0.01,467,715106,买盘
10:09:13,15.31,-0.01,11,16841,卖盘
10:09:15,15.31,0.0,149,228119,卖盘
10:09:19,15.32,0.01,158,241973,买盘
10:09:21,15.31,-0.01,792,1212287,卖盘
10:09:25,15.31,0.0,12,18377,卖盘
10:09:27,15.31,0.0,96,146976,卖盘
10:09:31,15.32,0.01,237,362942,买盘
10:09:33,15.31,-0.01,123,188415,卖盘
10:09:36,15.31,0.0,70,107170,卖盘
10:09:39,15.32,0.01,55,84207,买盘
10:09:42,15.32,0.0,16,24502,买盘
10:09:45,15.31,-0.01,225,344575,卖盘
10:09:48,15.31,0.0,63,96454,卖盘
10:09:51,15.31,0.0,553,846643,卖盘
10:09:55,15.31,0.0,194,297034,买盘
10:09:57,15.32,0.01,290,443635,买盘
10:10:01,15.31,-0.01,585,895809,卖盘
10:10:04,15.32,0.01,61,93402,中性盘
10:10:07,15.31,-0.01,13,19910,卖盘
10:10:10,15.31,0.0,21,32151,卖盘
10:10:12,15.31,0.0,20,30620,卖盘
10:10:15,15.31,0.0,135,206685,卖盘
10:10:18,15.31,0.0,503,770094,卖盘
10:10:22,15.31,0.0,22,33682,卖盘
10:10:25,15.31,0.0,151,231183,卖盘
10:10:28,15.32,0.01,20,30630,买盘
10:10:30,15.31,-0.01,122,186822,卖盘
10:10:33,15.31,0.0,46,70426,卖盘
10:10:37,15.32,0.01,54,82695,买盘
10:10:40,15.32,0.0,2192,3357240,买盘
10:10:42,15.32,0.0,148,226704,买盘
10:10:46,15.32,0.0,111,170052,卖盘
10:10:49,15.32,0.0,20,30641,卖盘
10:10:52,15.32,0.0,68,104143,卖盘
10:10:54,15.32,0.0,20,30640,卖盘
10:10:57,15.32,0.0,15,22980,卖盘
10:11:00,15.32,0.0,42,64376,卖盘
10:11:04,15.32,0.0,53,81196,卖盘
10:11:06,15.32,0.0,18,27589,卖盘
10:11:10,15.33,0.01,156,239125,买盘
10:11:13,15.33,0.0,53,81247,买盘
10:11:16,15.33,0.0,75,114941,买盘
10:11:19,15.33,0.0,323,494850,卖盘
10:11:21,15.32,-0.01,28,42916,卖盘
10:11:24,15.33,0.01,137,209977,买盘
10:11:27,15.33,0.0,29,44456,买盘
10:11:30,15.33,0.0,4,6132,买盘
10:11:34,15.33,0.0,294,450695,买盘
10:11:36,15.32,-0.01,422,646520,卖盘
10:11:39,15.32,0.0,106,162497,卖盘
10:11:42,15.32,0.0,35,53649,卖盘
10:11:45,15.33,0.01,134,205421,买盘
10:11:48,15.32,-0.01,135,206944,卖盘
10:11:51,15.33,0.01,108,165471,买盘
10:11:54,15.32,-0.01,8238,12644338,卖盘
10:11:57,15.34,0.02,101,154995,中性盘
10:12:05,15.32,-0.02,562,861461,卖盘
10:12:06,15.33,0.01,1236,1892990,中性盘
10:12:10,15.33,0.0,37,56726,卖盘
10:12:13,15.33,0.0,60,91980,卖盘
10:12:16,15.33,0.0,342,524272,卖盘
10:12:19,15.33,0.0,50,76650,买盘
10:12:21,15.32,-0.01,22,33709,卖盘
10:12:24,15.32,0.0,31,47512,卖盘
10:12:27,15.33,0.01,170,260605,买盘
10:12:30,15.33,0.0,66,101130,买盘
10:12:33,15.34,0.01,710,1088148,买盘
10:12:36,15.32,-0.02,2563,3931092,卖盘
10:12:40,15.32,0.0,86,131764,卖盘
10:12:42,15.34,0.02,75,115027,买盘
10:12:45,15.34,0.0,171,261982,买盘
10:12:49,15.33,-0.01,315,483185,卖盘
10:12:51,15.33,0.0,83,127239,卖盘
10:12:55,15.33,0.0,143,219219,卖盘
10:12:57,15.33,0.0,49,75117,买盘
10:13:00,15.33,0.0,61,93507,买盘
10:13:04,15.33,0.0,43,65901,买盘
10:13:06,15.32,-0.01,227,347986,卖盘
10:13:09,15.33,0.01,8,12263,买盘
10:13:12,15.33,0.0,188,288086,买盘
10:13:15,15.32,-0.01,22,33704,卖盘
10:13:18,15.32,0.0,1026,1571887,卖盘
10:13:22,15.33,0.01,513,786407,买盘
10:13:24,15.33,0.0,60,91980,卖盘
10:13:28,15.33,0.0,39,59787,卖盘
10:13:30,15.33,0.0,516,791036,卖盘
10:13:33,15.33,0.0,106,162498,卖盘
10:13:36,15.32,-0.01,539,826070,卖盘
10:13:39,15.32,0.0,170,260606,卖盘
10:13:42,15.33,0.01,17,26061,买盘
10:13:45,15.33,0.0,71,108832,买盘
10:13:48,15.33,0.0,62,95040,买盘
10:13:51,15.32,-0.01,217,332522,卖盘
10:13:55,15.32,0.0,175,268168,卖盘
10:13:57,15.33,0.01,82,125634,买盘
10:14:01,15.33,0.0,205,314263,买盘
10:14:04,15.33,0.0,380,582315,买盘
10:14:07,15.33,0.0,342,524218,买盘
10:14:09,15.32,-0.01,1044,1599415,卖盘
10:14:12,15.33,0.01,338,517938,买盘
10:14:16,15.32,-0.01,99,151717,卖盘
10:14:19,15.33,0.01,63,96572,买盘
10:14:21,15.32,-0.01,75,114925,卖盘
10:14:24,15.33,0.01,99,151758,买盘
10:14:27,15.32,-0.01,1610,2466621,卖盘
10:14:31,15.32,0.0,47,72006,卖盘
10:14:33,15.32,0.0,96,147096,卖盘
10:14:37,15.32,0.0,244,373805,卖盘
10:14:39,15.32,0.0,163,249711,买盘
10:14:43,15.32,0.0,87,133283,买盘
10:14:46,15.31,-0.01,141,216002,卖盘
10:14:48,15.31,0.0,36,55125,卖盘
10:14:52,15.31,0.0,114,174550,卖盘
10:14:55,15.31,0.0,161,246546,卖盘
10:14:58,15.31,0.0,58,88799,卖盘
10:15:01,15.31,0.0,97,148567,卖盘
10:15:04,15.31,0.0,600,918646,卖盘
10:15:06,15.31,0.0,556,851257,卖盘
10:15:09,15.31,0.0,4290,6566890,卖盘
10:15:13,15.31,0.0,498,762169,买盘
10:15:16,15.31,0.0,63,96445,买盘
10:15:19,15.31,0.0,78,119404,买盘
10:15:21,15.31,0.0,305,466843,买盘
10:15:24,15.31,0.0,61,93351,买盘
10:15:28,15.3,-0.01,91,139289,卖盘
10:15:30,15.31,0.01,392,600963,买盘
10:15:33,15.31,0.0,97,148507,卖盘
10:15:37,15.31,0.0,32,48994,卖盘
10:15:39,15.31,0.0,413,632009,卖盘
10:15:42,15.31,0.0,17,26027,买盘
10:15:45,15.3,-0.01,112,171461,卖盘
10:15:48,15.3,0.0,478,731589,卖盘
10:15:51,15.32,0.02,877,1343297,买盘
10:15:54,15.32,0.0,132,202224,卖盘
10:15:57,15.32,0.0,6,9192,卖盘
10:16:00,15.33,0.01,361,552460,买盘
10:16:04,15.32,-0.01,34,52099,卖盘
10:16:06,15.32,0.0,27,41366,卖盘
10:16:09,15.31,-0.01,372,569639,卖盘
10:16:12,15.33,0.02,206,315521,买盘
10:16:15,15.31,-0.02,208,318642,卖盘
10:16:19,15.32,0.01,2311,3537950,买盘
10:16:21,15.32,0.0,231,353816,买盘
10:16:24,15.32,0.0,215,329382,卖盘
10:16:28,15.31,-0.01,20,30620,卖盘
10:16:31,15.32,0.01,48,73530,买盘
10:16:33,15.31,-0.01,79,120959,卖盘
10:16:37,15.32,0.01,25,38295,买盘
10:16:39,15.31,-0.01,362,554243,卖盘
10:16:42,15.32,0.01,61,93402,买盘
10:16:46,15.32,0.0,22,33697,买盘
10:16:49,15.32,0.0,68,104169,买盘
10:16:52,15.31,-0.01,62,94932,卖盘
10:16:54,15.32,0.01,25,38280,买盘
10:16:57,15.31,-0.01,102,156192,卖盘
10:17:00,15.32,0.01,39,59723,买盘
10:17:04,15.33,0.01,1405,2153395,买盘
10:17:07,15.33,0.0,109,167097,卖盘
10:17:10,15.33,0.0,333,510489,卖盘
10:17:12,15.33,0.0,43,65934,卖盘
10:17:16,15.33,0.0,50,76671,卖盘
10:17:19,15.33,0.0,110,168632,卖盘
10:17:22,15.34,0.01,12,18398,买盘
10:17:24,15.33,-0.01,6,9198,卖盘
10:17:27,15.34,0.01,3,4601,买盘
10:17:31,15.34,0.0,622,954191,买盘
10:17:33,15.33,-0.01,217,332797,卖盘
10:17:37,15.33,0.0,149,228430,卖盘
10:17:39,15.33,0.0,598,916855,卖盘
10:17:42,15.34,0.01,293,449243,买盘
10:17:46,15.34,0.0,820,1257781,买盘
10:17:49,15.34,0.0,76,116516,买盘
10:17:52,15.33,-0.01,133,203969,卖盘
10:17:55,15.33,0.0,15,22995,卖盘
10:17:58,15.34,0.01,30,46012,买盘
10:18:00,15.33,-0.01,113,173306,卖盘
10:18:04,15.34,0.01,16,24534,买盘
10:18:06,15.33,-0.01,30,46005,卖盘
10:18:09,15.34,0.01,730,1119092,买盘
10:18:12,15.33,-0.01,52,79716,买盘
10:18:16,15.33,0.0,76,116508,买盘
10:18:19,15.33,0.0,13,19917,买盘
10:18:21,15.32,-0.01,130,200022,卖盘
10:18:24,15.33,0.01,130,199285,买盘
10:18:27,15.34,0.01,708,1085773,买盘
10:18:30,15.33,-0.01,177,271948,卖盘
10:18:33,15.33,0.0,303,464039,卖盘
10:18:36,15.32,-0.01,26,39853,卖盘
10:18:39,15.32,0.0,14,21455,卖盘
10:18:42,15.32,0.0,462,706967,卖盘
10:18:46,15.32,0.0,614,940648,买盘
10:18:49,15.32,0.0,58,88840,买盘
10:18:51,15.31,-0.01,761,1165108,卖盘
10:18:55,15.31,0.0,682,1044691,卖盘
10:18:57,15.32,0.01,296,453471,买盘
10:19:01,15.33,0.01,324,496281,买盘
10:19:05,15.31,-0.02,297,455144,卖盘
10:19:06,15.32,0.01,123,188325,买盘
10:19:10,15.32,0.0,12,18384,买盘
10:19:12,15.32,0.0,110,168520,买盘
10:19:15,15.31,-0.01,63,96456,卖盘
10:19:19,15.32,0.01,34,52078,买盘
10:19:21,15.31,-0.01,16,24496,卖盘
10:19:24,15.32,0.01,64,97986,买盘
10:19:27,15.31,-0.01,14,21435,卖盘
10:19:30,15.31,0.0,312,477740,卖盘
10:19:33,15.31,0.0,76,116356,卖盘
10:19:36,15.31,0.0,4302,6590590,卖盘
10:19:40,15.31,0.0,622,952302,卖盘
10:19:42,15.32,0.01,400,612402,买盘
10:19:45,15.32,0.0,16,24506,买盘
10:19:49,15.32,0.0,8,12251,买盘
10:19:51,15.32,0.0,299,458036,买盘
10:19:55,15.32,0.0,17,26029,买盘
10:19:57,15.31,-0.01,1034,1583054,卖盘
10:20:01,15.31,0.0,693,1060470,买盘
10:20:04,15.3,-0.01,221,338201,卖盘
10:20:07,15.32,0.02,1168,1789054,买盘
10:20:09,15.32,0.0,486,744552,卖盘
10:20:12,15.33,0.01,194,297209,买盘
10:20:16,15.32,-0.01,143,219076,卖盘
10:20:19,15.32,0.0,184,281941,卖盘
10:20:21,15.32,0.0,142,217549,卖盘
10:20:24,15.33,0.01,203,311008,买盘
10:20:27,15.32,-0.01,12,18385,卖盘
10:20:30,15.32,0.0,1634,2502643,卖盘
10:20:33,15.32,0.0,39,59722,买盘
10:20:36,15.32,0.0,36,55142,买盘
10:20:40,15.31,-0.01,311,476141,卖盘
10:20:43,15.31,0.0,23,35211,买盘
10:20:45,15.31,0.0,313,479196,买盘
10:20:49,15.3,-0.01,119,182071,卖盘
10:20:51,15.31,0.01,207,316777,买盘
10:20:54,15.3,-0.01,171,261780,卖盘
10:20:58,15.31,0.01,29,44393,买盘
10:21:01,15.3,-0.01,71,108666,卖盘
10:21:04,15.3,0.0,339,518700,卖盘
10:21:07,15.3,0.0,348,532448,卖盘
10:21:09,15.3,0.0,196,299904,卖盘
10:21:12,15.31,0.01,221,338145,买盘
10:21:15,15.3,-0.01,999,1528570,卖盘
10:21:18,15.31,0.01,301,460546,买盘
10:21:22,15.31,0.0,315,482026,买盘
10:21:25,15.3,-0.01,1009,1543783,卖盘
10:21:28,15.31,0.01,13,19898,买盘
10:21:31,15.31,0.0,78,119346,买盘
10:21:34,15.3,-0.01,57,87211,卖盘
10:21:37,15.31,0.01,726,1110864,买盘
10:21:39,15.31,0.0,724,1107829,买盘
10:21:42,15.3,-0.01,10838,16582254,卖盘
10:21:46,15.29,-0.01,1169,1787538,卖盘
10:21:49,15.3,0.01,525,802893,买盘
10:21:51,15.29,-0.01,1985,3034475,卖盘
10:21:55,15.27,-0.02,4275,6532211,卖盘
10:21:58,15.28,0.01,138,210779,买盘
10:22:01,15.27,-0.01,1850,2824953,卖盘
10:22:04,15.27,0.0,1728,2636950,中性盘
10:22:07,15.26,-0.01,598,912002,中性盘
10:22:09,15.25,-0.01,219,333996,卖盘
10:22:12,15.26,0.01,307,468237,买盘
10:22:15,15.26,0.0,172,262321,中性盘
10:22:18,15.25,-0.01,1221,1864025,卖盘
10:22:21,15.25,0.0,494,753647,卖盘
10:22:25,15.25,0.0,122,186071,卖盘
10:22:27,15.25,0.0,3227,4921318,卖盘
10:22:30,15.25,0.0,107,163175,买盘
10:22:34,15.24,-0.01,186,283600,卖盘
10:22:36,15.24,0.0,378,576088,卖盘
10:22:39,15.24,0.0,5340,8125874,卖盘
10:22:43,15.22,-0.02,133,202679,中性盘
10:22:45,15.24,0.02,403,613400,买盘
10:22:49,15.22,-0.02,440,669641,中性盘
10:22:51,15.23,0.01,131,199478,买盘
10:22:55,15.21,-0.02,356,541593,卖盘
10:22:57,15.22,0.01,1240,1886478,卖盘
10:23:00,15.22,0.0,580,882689,买盘
10:23:04,15.21,-0.01,2281,3472385,卖盘
10:23:07,15.21,0.0,140,213136,卖盘
10:23:10,15.21,0.0,7580,11513966,卖盘
10:23:12,15.22,0.01,456,693527,买盘
10:23:15,15.21,-0.01,169,256981,中性盘
10:23:18,15.21,0.0,590,897896,卖盘
10:23:21,15.22,0.01,445,677259,买盘
10:23:25,15.22,0.0,122,185640,卖盘
10:23:28,15.21,-0.01,654,994807,卖盘
10:23:30,15.22,0.01,518,788301,买盘
10:23:34,15.22,0.0,166,252596,卖盘
10:23:36,15.23,0.01,226,343992,买盘
10:23:39,15.23,0.0,48,73104,卖盘
10:23:43,15.23,0.0,48,73104,卖盘
10:23:45,15.23,0.0,214,326030,卖盘
10:23:48,15.23,0.0,578,880809,卖盘
10:23:52,15.23,0.0,66,100549,卖盘
10:23:55,15.25,0.02,168,256099,买盘
10:23:58,15.23,-0.02,280,426517,卖盘
10:24:00,15.23,0.0,435,662327,卖盘
10:24:04,15.22,-0.01,622,947116,卖盘
10:24:07,15.22,0.0,291,443110,卖盘
10:24:10,15.22,0.0,86,130906,卖盘
10:24:12,15.23,0.01,316,481055,买盘
10:24:15,15.21,-0.02,420,639163,卖盘
10:24:18,15.22,0.01,509,774234,中性盘
10:24:22,15.22,0.0,89,135433,买盘
10:24:24,15.21,-0.01,265,403128,卖盘
10:24:28,15.21,0.0,246,374246,买盘
10:24:30,15.22,0.01,530,806111,买盘
10:24:33,15.21,-0.01,134,203817,卖盘
10:24:36,15.21,0.0,67,101918,卖盘
10:24:40,15.21,0.0,190,289000,卖盘
10:24:42,15.21,0.0,52,79092,卖盘
10:24:45,15.21,0.0,766,1165388,卖盘
10:24:49,15.22,0.01,817,1242537,买盘
10:24:52,15.21,-0.01,478,727038,卖盘
10:24:55,15.21,0.0,91,138415,卖盘
10:24:57,15.22,0.01,598,909132,买盘
10:25:00,15.21,-0.01,269,409149,卖盘
10:25:04,15.21,0.0,431,655235,买盘
10:25:06,15.21,0.0,332,505111,买盘
10:25:09,15.21,0.0,370,562921,卖盘
10:25:12,15.21,0.0,857,1303882,买盘
10:25:15,15.21,0.0,333,506572,卖盘
10:25:18,15.22,0.01,397,603908,买盘
10:25:21,15.21,-0.01,316,480926,卖盘
10:25:24,15.22,0.01,866,1318256,买盘
10:25:27,15.22,0.0,661,1005593,卖盘
10:25:30,15.22,0.0,30,45660,卖盘
10:25:34,15.24,0.02,214,325723,买盘
10:25:36,15.22,-0.02,59,89806,卖盘
10:25:39,15.22,0.0,493,750128,卖盘
10:25:42,15.22,0.0,210,319593,买盘
10:25:45,15.22,0.0,579,881324,买盘
10:25:49,15.23,0.01,433,659058,买盘
10:25:51,15.23,0.0,254,386770,买盘
10:25:54,15.22,-0.01,859,1307486,卖盘
10:25:57,15.22,0.0,561,854045,卖盘
10:26:01,15.22,0.0,86,130963,卖盘
10:26:05,15.22,0.0,55,83710,卖盘
10:26:06,15.23,0.01,7,10662,卖盘
10:26:09,15.23,0.0,128,194964,卖盘
10:26:12,15.23,0.0,104,158433,卖盘
10:26:16,15.23,0.0,335,510313,卖盘
10:26:18,15.23,0.0,261,397437,卖盘
10:26:21,15.22,-0.01,164,249738,卖盘
10:26:24,15.23,0.01,990,1506970,买盘
10:26:27,15.21,-0.02,622,946558,卖盘
10:26:30,15.22,0.01,79,120238,卖盘
10:26:33,15.22,0.0,43,65446,买盘
10:26:37,15.21,-0.01,909,1382780,卖盘
10:26:40,15.21,0.0,1070,1627608,卖盘
10:26:43,15.21,0.0,307,466995,卖盘
10:26:45,15.21,0.0,92,139953,卖盘
10:26:49,15.22,0.01,229,348503,买盘
10:26:51,15.21,-0.01,271,412401,卖盘
10:26:54,15.21,0.0,130,197769,卖盘
10:26:57,15.22,0.01,221,336325,买盘
10:27:01,15.23,0.01,19,28919,买盘
10:27:04,15.22,-0.01,432,657538,卖盘
10:27:07,15.22,0.0,291,443042,卖盘
10:27:10,15.23,0.01,105,159821,买盘
10:27:13,15.23,0.0,123,187329,买盘
10:27:15,15.23,0.0,219,333418,买盘
10:27:19,15.23,0.0,90,136992,买盘
10:27:22,15.22,-0.01,167,254321,卖盘
10:27:24,15.22,0.0,250,380551,卖盘
10:27:27,15.23,0.01,38,57873,买盘
10:27:31,15.23,0.0,1184,1801843,买盘
10:27:33,15.23,0.0,517,787319,买盘
10:27:37,15.22,-0.01,20,30453,卖盘
10:27:39,15.23,0.01,67,102032,买盘
10:27:43,15.23,0.0,342,520675,买盘
10:27:45,15.23,0.0,170,258810,买盘
10:27:49,15.23,0.0,310,472106,买盘
10:27:52,15.22,-0.01,1300,1978658,卖盘
10:27:55,15.23,0.01,358,544903,买盘
10:27:57,15.23,0.0,436,663407,买盘
10:28:00,15.23,0.0,548,834123,买盘
10:28:04,15.23,0.0,70,106571,买盘
10:28:07,15.22,-0.01,137,208643,卖盘
10:28:09,15.23,0.01,416,633178,买盘
10:28:13,15.22,-0.01,173,263322,卖盘
10:28:15,15.22,0.0,287,436919,买盘
10:28:18,15.22,0.0,266,404880,买盘
10:28:21,15.23,0.01,274,417055,买盘
10:28:25,15.22,-0.01,379,576895,卖盘
10:28:27,15.22,0.0,222,337906,卖盘
10:28:31,15.22,0.0,1130,1720043,卖盘
10:28:34,15.22,0.0,993,1510999,买盘
10:28:37,15.22,0.0,172,261673,买盘
10:28:39,15.22,0.0,446,678457,买盘
10:28:42,15.22,0.0,300,456443,买盘
10:28:45,15.21,-0.01,1060,1612078,卖盘
10:28:49,15.21,0.0,490,745007,买盘
10:28:51,15.21,0.0,353,535910,买盘
10:28:54,15.21,0.0,272,413685,买盘
10:28:57,15.2,-0.01,148,225121,卖盘
10:29:00,15.21,0.01,41,62383,买盘
10:29:04,15.21,0.0,649,986803,卖盘
10:29:07,15.2,-0.01,108,164267,卖盘
10:29:10,15.2,0.0,367,557939,卖盘
10:29:13,15.2,0.0,216,328376,卖盘
10:29:16,15.2,0.0,136,206756,卖盘
10:29:18,15.2,0.0,532,808668,卖盘
10:29:22,15.2,0.0,1057,1606678,卖盘
10:29:24,15.21,0.01,1341,2038419,买盘
10:29:28,15.2,-0.01,861,1308763,卖盘
10:29:30,15.2,0.0,146,222984,买盘
10:29:33,15.2,0.0,799,1213746,买盘
10:29:37,15.2,0.0,448,680733,买盘
10:29:39,15.19,-0.01,681,1034444,卖盘
10:29:42,15.19,0.0,340,516278,买盘
10:29:45,15.19,0.0,96,145824,买盘
10:29:48,15.19,0.0,302,458545,买盘
10:29:52,15.19,0.0,279,423735,买盘
10:29:55,15.18,-0.01,385,584643,卖盘
10:29:57,15.19,0.01,149,226347,卖盘
10:30:00,15.19,0.0,236,358479,卖盘
10:30:04,15.18,-0.01,662,1005143,卖盘
10:30:07,15.18,0.0,270,409966,卖盘
10:30:10,15.2,0.02,139,211149,买盘
10:30:12,15.18,-0.02,362,549994,卖盘
10:30:15,15.19,0.01,568,862465,买盘
10:30:18,15.18,-0.01,438,665080,卖盘
10:30:21,15.18,0.0,811,1231278,卖盘
10:30:24,15.18,0.0,1371,2081446,卖盘
10:30:28,15.18,0.0,551,836105,买盘
10:30:30,15.19,0.01,31,47078,买盘
10:30:33,15.18,-0.01,672,1020030,卖盘
10:30:36,15.18,0.0,602,913523,买盘
10:30:39,15.19,0.01,103,156406,买盘
10:30:42,15.19,0.0,255,387248,买盘
10:30:46,15.19,0.0,690,1047480,买盘
10:30:49,15.19,0.0,49,74418,买盘
10:30:51,15.18,-0.01,244,370427,卖盘
10:30:54,15.18,0.0,436,662167,卖盘
10:30:58,15.2,0.02,1142,1735690,买盘
10:31:00,15.2,0.0,171,259759,买盘
10:31:04,15.19,-0.01,867,1317450,卖盘
10:31:07,15.2,0.01,453,688125,买盘
10:31:10,15.2,0.0,200,304003,买盘
10:31:13,15.2,0.0,511,776533,卖盘
10:31:15,15.21,0.01,1130,1718150,买盘
10:31:18,15.2,-0.01,297,451352,卖盘
10:31:22,15.19,-0.01,314,477140,卖盘
10:31:24,15.21,0.02,283,429851,买盘
10:31:28,15.19,-0.02,56,85096,中性盘
10:31:30,15.18,-0.01,524,795554,卖盘
10:31:33,15.2,0.02,23,34955,买盘
10:31:37,15.2,0.0,56,85118,买盘
10:31:39,15.2,0.0,242,367724,卖盘
10:31:42,15.2,0.0,43,65360,买盘
10:31:46,15.2,0.0,55,83584,买盘
10:31:49,15.19,-0.01,58,88133,卖盘
10:31:51,15.19,0.0,213,323605,卖盘
10:31:54,15.2,0.01,19,28869,买盘
10:31:57,15.19,-0.01,116,176286,卖盘
10:32:01,15.19,0.0,702,1066350,卖盘
10:32:04,15.19,0.0,215,326606,买盘
10:32:06,15.2,0.01,218,330999,买盘
10:32:09,15.19,-0.01,382,580432,卖盘
10:32:12,15.19,0.0,222,337070,买盘
10:32:15,15.18,-0.01,72,109351,卖盘
10:32:19,15.19,0.01,216,328043,买盘
10:32:21,15.19,0.0,353,535920,买盘
10:32:25,15.19,0.0,189,286996,买盘
10:32:28,15.19,0.0,115,174674,买盘
10:32:30,15.18,-0.01,766,1162912,卖盘
10:32:34,15.19,0.01,286,434230,买盘
10:32:37,15.19,0.0,52,78983,买盘
10:32:40,15.18,-0.01,41,62256,卖盘
10:32:42,15.19,0.01,184,279406,买盘
10:32:45,15.18,-0.01,1638,2486553,卖盘
10:32:48,15.18,0.0,859,1303764,卖盘
10:32:52,15.18,0.0,443,672474,卖盘
10:32:55,15.18,0.0,743,1127601,买盘
10:32:57,15.18,0.0,350,531049,买盘
10:33:00,15.18,0.0,63,95628,买盘
10:33:04,15.18,0.0,878,1332026,买盘
10:33:07,15.18,0.0,681,1033343,买盘
10:33:09,15.18,0.0,181,274638,买盘
10:33:13,15.18,0.0,367,557015,买盘
10:33:15,15.18,0.0,661,1003154,买盘
10:33:18,15.18,0.0,449,681229,买盘
10:33:21,15.18,0.0,611,927423,买盘
10:33:24,15.18,0.0,129,195810,卖盘
10:33:27,15.18,0.0,381,578358,买盘
10:33:30,15.18,0.0,958,1454200,买盘
10:33:33,15.19,0.01,461,699702,买盘
10:33:36,15.19,0.0,106,161009,买盘
10:33:40,15.19,0.0,6,9112,买盘
10:33:42,15.18,-0.01,87,132103,卖盘
10:33:45,15.19,0.01,233,353878,买盘
10:33:49,15.19,0.0,21,31898,买盘
10:33:51,15.19,0.0,60,91112,买盘
10:33:55,15.19,0.0,94,142710,买盘
10:33:57,15.19,0.0,146,221774,买盘
10:34:01,15.19,0.0,1068,1621822,买盘
10:34:05,15.18,-0.01,648,983989,卖盘
10:34:07,15.19,0.01,270,410108,买盘
10:34:10,15.19,0.0,19,28861,买盘
10:34:12,15.19,0.0,171,259679,买盘
10:34:16,15.19,0.0,186,282494,买盘
10:34:18,15.19,0.0,431,654583,买盘
10:34:21,15.19,0.0,58,88102,卖盘
10:34:24,15.2,0.01,119,180768,买盘
10:34:27,15.2,0.0,270,410251,买盘
10:34:30,15.19,-0.01,550,835485,卖盘
10:34:33,15.2,0.01,236,358537,买盘
10:34:36,15.19,-0.01,354,537778,卖盘
10:34:39,15.2,0.01,718,1090718,买盘
10:34:43,15.2,0.0,689,1047120,买盘
10:34:45,15.2,0.0,97,146351,买盘
10:34:48,15.19,-0.01,241,366196,卖盘
10:34:51,15.19,0.0,319,484606,卖盘
10:34:54,15.2,0.01,279,424080,买盘
10:34:58,15.19,-0.01,845,1283708,卖盘
10:35:01,15.2,0.01,272,413216,买盘
10:35:04,15.2,0.0,53,80549,买盘
10:35:07,15.2,0.0,3567,5415272,买盘
10:35:09,15.2,0.0,333,506160,买盘
10:35:12,15.2,0.0,22,33434,买盘
10:35:16,15.2,0.0,140,212800,买盘
10:35:18,15.19,-0.01,149,226445,卖盘
10:35:22,15.19,0.0,89,135272,卖盘
10:35:24,15.19,0.0,230,349582,卖盘
10:35:27,15.19,0.0,432,656435,卖盘
10:35:30,15.2,0.01,694,1054091,买盘
10:35:34,15.2,0.0,580,881129,买盘
10:35:37,15.2,0.0,69,104848,买盘
10:35:39,15.2,0.0,55,83591,买盘
10:35:42,15.2,0.0,42,63832,买盘
10:35:45,15.19,-0.01,487,739808,卖盘
10:35:49,15.19,0.0,944,1434273,卖盘
10:35:52,15.2,0.01,109,165678,买盘
10:35:55,15.2,0.0,295,448126,买盘
10:35:57,15.19,-0.01,528,802014,卖盘
10:36:01,15.2,0.01,1258,1911998,买盘
10:36:04,15.2,0.0,406,616859,买盘
10:36:07,15.2,0.0,115,174790,买盘
10:36:09,15.19,-0.01,434,659292,卖盘
10:36:12,15.2,0.01,167,253707,买盘
10:36:15,15.2,0.0,205,311597,买盘
10:36:18,15.2,0.0,205,311595,买盘
10:36:22,15.2,0.0,302,459038,买盘
10:36:24,15.2,0.0,341,518280,卖盘
10:36:27,15.2,0.0,101,153593,卖盘
10:36:30,15.2,0.0,377,573045,卖盘
10:36:34,15.2,0.0,254,385992,买盘
10:36:37,15.2,0.0,413,627613,卖盘
10:36:40,15.19,-0.01,276,419461,卖盘
10:36:43,15.21,0.02,321,487871,买盘
10:36:45,15.2,-0.01,46,69920,卖盘
10:36:48,15.21,0.01,42,63857,买盘
10:36:51,15.2,-0.01,155,235682,卖盘
10:36:55,15.21,0.01,365,555111,买盘
10:36:58,15.2,-0.01,291,442497,卖盘
10:37:00,15.2,0.0,204,310118,卖盘
10:37:04,15.2,0.0,552,839050,卖盘
10:37:06,15.2,0.0,432,656569,买盘
10:37:10,15.2,0.0,855,1300340,卖盘
10:37:12,15.2,0.0,90,136848,卖盘
10:37:15,15.21,0.01,104,158092,买盘
10:37:18,15.2,-0.01,57,86642,卖盘
10:37:21,15.21,0.01,328,498640,买盘
10:37:25,15.21,0.0,81,123167,买盘
10:37:27,15.21,0.0,80,121632,买盘
10:37:30,15.2,-0.01,517,786024,卖盘
10:37:33,15.2,0.0,306,465036,买盘
10:37:36,15.2,0.0,396,601866,买盘
10:37:39,15.2,0.0,153,232503,买盘
10:37:43,15.2,0.0,68,103322,买盘
10:37:45,15.21,0.01,205,311619,买盘
10:37:48,15.2,-0.01,285,433116,卖盘
10:37:51,15.2,0.0,126,191524,买盘
10:37:54,15.19,-0.01,601,913313,卖盘
10:37:57,15.2,0.01,78,118560,卖盘
10:38:01,15.21,0.01,232,352679,买盘
10:38:04,15.2,-0.01,78,118602,卖盘
10:38:06,15.21,0.01,49,74524,买盘
10:38:09,15.2,-0.01,294,446889,卖盘
10:38:13,15.2,0.0,154,234083,卖盘
10:38:15,15.2,0.0,162,246244,卖盘
10:38:18,15.2,0.0,24,36482,卖盘
10:38:22,15.2,0.0,27,41040,卖盘
10:38:24,15.21,0.01,144,218944,买盘
10:38:28,15.2,-0.01,79,120096,卖盘
10:38:30,15.21,0.01,630,957624,买盘
10:38:33,15.21,0.0,135,205255,买盘
10:38:37,15.2,-0.01,86,130753,卖盘
10:38:39,15.2,0.0,227,345082,卖盘
10:38:42,15.2,0.0,246,373978,卖盘
10:38:45,15.2,0.0,53,80583,卖盘
10:38:49,15.2,0.0,122,185501,卖盘
10:38:52,15.21,0.01,811,1233224,买盘
10:38:54,15.21,0.0,240,364835,买盘
10:38:57,15.21,0.0,201,305563,买盘
10:39:00,15.2,-0.01,164,249320,卖盘
10:39:04,15.2,0.0,145,220452,卖盘
10:39:06,15.2,0.0,118,179399,卖盘
10:39:09,15.21,0.01,319,484967,买盘
10:39:12,15.2,-0.01,14,21292,卖盘
10:39:15,15.21,0.01,137,208250,买盘
10:39:18,15.2,-0.01,201,305527,卖盘
10:39:21,15.2,0.0,158,240176,卖盘
10:39:25,15.2,0.0,102,155116,卖盘
10:39:28,15.21,0.01,340,516854,买盘
10:39:30,15.2,-0.01,526,799605,卖盘
10:39:34,15.2,0.0,241,366322,卖盘
10:39:37,15.2,0.0,121,183930,卖盘
10:39:40,15.2,0.0,117,177843,卖盘
10:39:43,15.2,0.0,1441,2190293,卖盘
10:39:45,15.2,0.0,136,206720,买盘
10:39:49,15.2,0.0,710,1079128,买盘
10:39:51,15.2,0.0,460,699215,卖盘
10:39:55,15.2,0.0,79,120080,卖盘
10:39:58,15.2,0.0,1181,1795128,卖盘
10:40:00,15.2,0.0,235,357200,买盘
10:40:05,15.2,0.0,22,33440,买盘
10:40:07,15.19,-0.01,110,167138,卖盘
10:40:10,15.19,0.0,107,162551,卖盘
10:40:12,15.19,0.0,195,296248,卖盘
10:40:16,15.2,0.01,1039,1578371,买盘
10:40:18,15.2,0.0,21,31920,买盘
10:40:21,15.2,0.0,174,264316,买盘
10:40:25,15.19,-0.01,184,279571,卖盘
10:40:27,15.2,0.01,625,949399,买盘
10:40:31,15.2,0.0,398,604929,买盘
10:40:33,15.2,0.0,179,271974,买盘
10:40:36,15.19,-0.01,921,1399849,卖盘
10:40:39,15.2,0.01,700,1063414,买盘
10:40:42,15.2,0.0,2208,3356041,买盘
10:40:46,15.19,-0.01,83,126100,卖盘
10:40:48,15.19,0.0,16,24305,卖盘
10:40:51,15.19,0.0,64,97227,卖盘
10:40:54,15.19,0.0,114,173223,卖盘
10:40:58,15.21,0.02,1285,1953121,买盘
10:41:00,15.19,-0.02,1725,2621149,卖盘
10:41:04,15.21,0.02,2,3042,买盘
10:41:07,15.2,-0.01,20,30398,卖盘
10:41:10,15.2,0.0,85,129196,买盘
10:41:13,15.2,0.0,59,89680,买盘
10:41:15,15.19,-0.01,41,62297,卖盘
10:41:18,15.2,0.01,227,344890,买盘
10:41:22,15.2,0.0,236,358696,买盘
10:41:24,15.2,0.0,408,620160,买盘
10:41:28,15.19,-0.01,1728,2625508,卖盘
10:41:31,15.19,0.0,297,451226,卖盘
10:41:34,15.19,0.0,112,170170,卖盘
10:41:36,15.19,0.0,137,208117,卖盘
10:41:39,15.19,0.0,45,68357,卖盘
10:41:42,15.2,0.01,355,539328,买盘
10:41:45,15.19,-0.01,121,183904,卖盘
10:41:48,15.19,0.0,58,88119,卖盘
10:41:52,15.19,0.0,116,176218,卖盘
10:41:55,15.2,0.01,59,89658,买盘
10:41:57,15.19,-0.01,331,502789,卖盘
10:42:01,15.19,0.0,66,100300,卖盘
10:42:04,15.2,0.01,32,48625,买盘
10:42:07,15.2,0.0,194,294799,买盘
10:42:10,15.2,0.0,55,83581,买盘
10:42:12,15.19,-0.01,136,206671,卖盘
10:42:15,15.19,0.0,253,384323,卖盘
10:42:18,15.2,0.01,181,275041,买盘
10:42:21,15.2,0.0,195,296238,买盘
10:42:25,15.2,0.0,327,496857,买盘
10:42:27,15.19,-0.01,1136,1725650,卖盘
10:42:31,15.19,0.0,1329,2018785,卖盘
10:42:33,15.2,0.01,574,871931,买盘
10:42:36,15.19,-0.01,230,349425,卖盘
10:42:39,15.2,0.01,110,167096,买盘
10:42:43,15.19,-0.01,80,121521,卖盘
10:42:46,15.19,0.0,192,291669,卖盘
10:42:49,15.2,0.01,164,250303,买盘
10:42:52,15.19,-0.01,570,866333,卖盘
10:42:55,15.19,0.0,392,595467,卖盘
10:42:57,15.2,0.01,187,284138,买盘
10:43:01,15.2,0.0,263,399699,买盘
10:43:04,15.2,0.0,252,382991,买盘
10:43:07,15.19,-0.01,323,490844,卖盘
10:43:10,15.19,0.0,241,366121,卖盘
10:43:12,15.19,0.0,498,756474,卖盘
10:43:15,15.2,0.01,107,162536,买盘
10:43:19,15.2,0.0,564,856730,买盘
10:43:22,15.19,-0.01,67,101838,卖盘
10:43:24,15.2,0.01,540,820269,买盘
10:43:28,15.2,0.0,48,72943,买盘
10:43:31,15.2,0.0,344,522648,买盘
10:43:34,15.2,0.0,126,191520,买盘
10:43:37,15.2,0.0,55,83600,卖盘
10:43:40,15.2,0.0,70,106400,卖盘
10:43:42,15.2,0.0,482,732531,卖盘
10:43:45,15.2,0.0,3,4560,卖盘
10:43:48,15.19,-0.01,1103,1676013,卖盘
10:43:51,15.2,0.01,83,126153,买盘
10:43:54,15.2,0.0,161,244572,买盘
10:43:58,15.2,0.0,12,18240,买盘
10:44:01,15.19,-0.01,64,97274,卖盘
10:44:05,15.21,0.02,477,725070,买盘
10:44:07,15.19,-0.02,882,1340072,卖盘
10:44:09,15.2,0.01,843,1281073,买盘
10:44:12,15.19,-0.01,142,215834,卖盘
10:44:15,15.2,0.01,69,104833,买盘
10:44:18,15.19,-0.01,46,69886,卖盘
10:44:21,15.19,0.0,3,4558,卖盘
10:44:24,15.19,0.0,882,1340260,卖盘
10:44:28,15.19,0.0,302,458847,卖盘
10:44:31,15.2,0.01,65,98765,买盘
10:44:33,15.2,0.0,55,83621,买盘
10:44:36,15.2,0.0,51,77505,买盘
10:44:40,15.2,0.0,32,48626,买盘
10:44:42,15.2,0.0,24,36465,买盘
10:44:46,15.2,0.0,19,28871,买盘
10:44:48,15.2,0.0,25,37981,买盘
10:44:52,15.19,-0.01,666,1011831,卖盘
10:44:55,15.19,0.0,102,155000,卖盘
10:44:57,15.19,0.0,5,7595,卖盘
10:45:00,15.19,0.0,21,31900,卖盘
10:45:05,15.2,0.01,15,22800,买盘
10:45:07,15.2,0.0,71,107872,买盘
10:45:10,15.19,-0.01,184,279553,卖盘
10:45:12,15.2,0.01,107,162640,买盘
10:45:16,15.19,-0.01,63,95708,卖盘
10:45:18,15.19,0.0,17,25826,卖盘
10:45:22,15.19,0.0,47,71396,卖盘
10:45:24,15.2,0.01,210,319001,买盘
10:45:27,15.2,0.0,89,135270,买盘
10:45:31,15.19,-0.01,50,75955,卖盘
10:45:33,15.2,0.01,44,66840,买盘
10:45:36,15.19,-0.01,411,624319,卖盘
10:45:39,15.19,0.0,44,66836,卖盘
10:45:42,15.19,0.0,20,30380,卖盘
10:45:46,15.2,0.01,137,208220,买盘
10:45:48,15.19,-0.01,273,414716,卖盘
10:45:51,15.2,0.01,66,100274,买盘
10:45:54,15.2,0.0,332,504309,买盘
10:45:57,15.19,-0.01,94,142788,卖盘
10:46:05,15.19,0.0,155,235461,卖盘
10:46:07,15.19,0.0,51,77470,卖盘
10:46:10,15.19,0.0,80,121509,卖盘
10:46:12,15.19,0.0,94,142875,卖盘
10:46:15,15.2,0.01,2264,3437470,买盘
10:46:18,15.19,-0.01,45,68356,卖盘
10:46:21,15.18,-0.01,296,449474,卖盘
10:46:24,15.19,0.01,35,53154,买盘
10:46:27,15.18,-0.01,88,133658,卖盘
10:46:30,15.19,0.01,82,124549,买盘
10:46:33,15.19,0.0,160,243040,买盘
10:46:37,15.19,0.0,31,47090,卖盘
10:46:39,15.19,0.0,280,425320,卖盘
10:46:42,15.2,0.01,288,437578,买盘
10:46:46,15.2,0.0,184,279502,买盘
10:46:48,15.2,0.0,55,83547,买盘
10:46:51,15.19,-0.01,119,180763,卖盘
10:46:55,15.19,0.0,57,86580,买盘
10:46:57,15.19,0.0,221,335690,买盘
10:47:00,15.19,0.0,177,268965,卖盘
10:47:04,15.2,0.01,101,153414,买盘
10:47:07,15.18,-0.02,67,101756,卖盘
10:47:10,15.18,0.0,21,31886,卖盘
10:47:12,15.19,0.01,47,71393,买盘
10:47:16,15.18,-0.01,35,53135,卖盘
10:47:18,15.18,0.0,264,400786,卖盘
10:47:21,15.18,0.0,418,634573,卖盘
10:47:25,15.19,0.01,294,446346,买盘
10:47:27,15.18,-0.01,36,54668,卖盘
10:47:30,15.19,0.01,29,44046,买盘
10:47:34,15.18,-0.01,166,252124,卖盘
10:47:36,15.18,0.0,76,115439,卖盘
10:47:39,15.18,0.0,219,332615,卖盘
10:47:42,15.19,0.01,727,1103996,买盘
10:47:45,15.19,0.0,10,15190,买盘
10:47:48,15.19,0.0,49,74431,买盘
10:47:51,15.19,0.0,356,540432,买盘
10:47:54,15.19,0.0,641,973676,买盘
10:47:57,15.19,0.0,627,952391,买盘
10:48:00,15.19,0.0,355,539214,买盘
10:48:04,15.19,0.0,28,42533,卖盘
10:48:06,15.19,0.0,53,80507,卖盘
10:48:10,15.19,0.0,91,138229,卖盘
10:48:12,15.19,0.0,4,6077,卖盘
10:48:15,15.19,0.0,118,179265,卖盘
10:48:18,15.19,0.0,410,622828,卖盘
10:48:21,15.18,-0.01,133,202006,卖盘
10:48:24,15.18,0.0,15,22779,卖盘
10:48:27,15.18,0.0,211,320501,卖盘
10:48:30,15.18,0.0,352,534458,卖盘
10:48:34,15.19,0.01,141,214238,买盘
10:48:37,15.19,0.0,26,39494,卖盘
10:48:39,15.18,-0.01,332,504223,卖盘
10:48:42,15.19,0.01,6,9114,卖盘
10:48:45,15.2,0.01,121,183802,买盘
10:48:48,15.19,-0.01,265,402638,中性盘
10:48:52,15.18,-0.01,129,195982,卖盘
10:48:55,15.18,0.0,16,24297,卖盘
10:48:58,15.18,0.0,38,57698,卖盘
10:49:00,15.19,0.01,234,355446,买盘
10:49:04,15.19,0.0,98,148864,卖盘
10:49:07,15.19,0.0,511,776509,买盘
10:49:09,15.19,0.0,574,872031,卖盘
10:49:12,15.2,0.01,568,863174,买盘
10:49:15,15.19,-0.01,236,358582,卖盘
10:49:19,15.2,0.01,253,384335,买盘
10:49:22,15.2,0.0,78,118507,买盘
10:49:24,15.19,-0.01,290,440588,卖盘
10:49:27,15.21,0.02,628,953963,买盘
10:49:31,15.19,-0.02,332,504432,卖盘
10:49:34,15.2,0.01,335,509518,中性盘
10:49:37,15.21,0.01,232,352602,买盘
10:49:39,15.2,-0.01,232,352481,卖盘
10:49:42,15.2,0.0,226,343460,卖盘
10:49:46,15.2,0.0,239,363132,卖盘
10:49:49,15.22,0.02,1615,2455615,买盘
10:49:51,15.2,-0.02,48,72973,卖盘
10:49:54,15.2,0.0,57,86633,卖盘
10:49:57,15.19,-0.01,698,1060793,卖盘
10:50:01,15.2,0.01,275,417837,卖盘
10:50:04,15.19,-0.01,281,427063,卖盘
10:50:07,15.2,0.01,81,123118,中性盘
10:50:09,15.2,0.0,34,51678,买盘
10:50:13,15.2,0.0,118,179360,买盘
10:50:15,15.19,-0.01,282,428469,卖盘
10:50:19,15.2,0.01,181,275120,买盘
10:50:21,15.19,-0.01,466,708319,卖盘
10:50:24,15.22,0.03,153,232832,买盘
10:50:27,15.19,-0.03,453,688278,卖盘
10:50:31,15.21,0.02,193,293399,买盘
10:50:33,15.2,-0.01,31,47131,卖盘
10:50:36,15.2,0.0,656,996848,卖盘
10:50:40,15.2,0.0,247,375261,卖盘
10:50:43,15.22,0.02,312,474151,买盘
10:50:45,15.2,-0.02,363,551585,卖盘
10:50:48,15.21,0.01,291,442633,买盘
10:50:51,15.22,0.01,1026,1561173,买盘
10:50:55,15.22,0.0,2,3044,卖盘
10:50:57,15.23,0.01,76,115674,买盘
10:51:00,15.23,0.0,58,88325,买盘
10:51:04,15.23,0.0,279,424914,买盘
10:51:06,15.23,0.0,117,178188,买盘
10:51:10,15.23,0.0,50,76129,买盘
10:51:12,15.24,0.01,41,62476,买盘
10:51:15,15.24,0.0,418,636530,买盘
10:51:18,15.23,-0.01,94,143149,卖盘
10:51:21,15.23,0.0,252,383832,买盘
10:51:24,15.24,0.01,123,187328,买盘
10:51:27,15.23,-0.01,40,60930,卖盘
10:51:31,15.24,0.01,45,68580,买盘
10:51:33,15.23,-0.01,197,300209,卖盘
10:51:37,15.24,0.01,123,187878,买盘
10:51:39,15.24,0.0,36,54864,卖盘
10:51:42,15.25,0.01,526,801201,买盘
10:51:46,15.25,0.0,450,685265,买盘
10:51:48,15.23,-0.02,89,135573,卖盘
10:51:52,15.23,0.0,193,294111,卖盘
10:51:55,15.24,0.01,129,196713,中性盘
10:51:57,15.24,0.0,174,265228,卖盘
10:52:00,15.25,0.01,57,86890,买盘
10:52:04,15.25,0.0,171,260736,买盘
10:52:07,15.25,0.0,154,234686,买盘
10:52:10,15.25,0.0,19,28963,买盘
10:52:13,15.25,0.0,133,202812,买盘
10:52:15,15.25,0.0,581,885516,买盘
10:52:18,15.25,0.0,567,864670,买盘
10:52:22,15.25,0.0,9,13725,卖盘
10:52:25,15.25,0.0,287,437682,卖盘
10:52:27,15.24,-0.01,374,569987,卖盘
10:52:31,15.24,0.0,282,429760,买盘
10:52:34,15.24,0.0,182,277368,买盘
10:52:36,15.24,0.0,293,446430,买盘
10:52:39,15.24,0.0,240,365699,买盘
10:52:42,15.24,0.0,138,210312,卖盘
10:52:45,15.24,0.0,240,365688,卖盘
10:52:48,15.25,0.01,131,199730,买盘
10:52:51,15.24,-0.01,100,152400,卖盘
10:52:55,15.25,0.01,95,144722,买盘
10:52:57,15.24,-0.01,17,25908,中性盘
10:53:01,15.25,0.01,18,27434,买盘
10:53:05,15.24,-0.01,11,16772,卖盘
10:53:07,15.25,0.01,616,939400,买盘
10:53:09,15.25,0.0,62,94550,卖盘
10:53:12,15.24,-0.01,940,1433121,卖盘
10:53:15,15.25,0.01,75,114421,中性盘
10:53:18,15.25,0.0,269,410025,卖盘
10:53:22,15.25,0.0,56,85364,买盘
10:53:24,15.24,-0.01,38,57942,卖盘
10:53:28,15.25,0.01,84,128100,买盘
10:53:30,15.25,0.0,56,85400,买盘
10:53:33,15.26,0.01,186,283645,买盘
10:53:36,15.25,-0.01,5,7627,卖盘
10:53:40,15.25,0.0,155,236375,卖盘
10:53:42,15.26,0.01,45,68667,买盘
10:53:46,15.26,0.0,16,24410,买盘
10:53:49,15.26,0.0,7,10677,买盘
10:53:52,15.26,0.0,33,50345,买盘
10:53:54,15.26,0.0,108,164766,买盘
10:53:57,15.26,0.0,462,705007,买盘
10:54:00,15.25,-0.01,68,103747,卖盘
10:54:05,15.26,0.01,165,251790,买盘
10:54:07,15.26,0.0,14,21364,卖盘
10:54:10,15.26,0.0,173,263998,卖盘
10:54:12,15.26,0.0,222,338772,卖盘
10:54:16,15.26,0.0,203,309831,买盘
10:54:18,15.26,0.0,121,184647,卖盘
10:54:22,15.26,0.0,177,269323,卖盘
10:54:25,15.26,0.0,28,42748,卖盘
10:54:28,15.26,0.0,104,158787,卖盘
10:54:30,15.26,0.0,28,42736,卖盘
10:54:33,15.27,0.01,11,16797,买盘
10:54:36,15.26,-0.01,608,928713,卖盘
10:54:40,15.25,-0.01,114,173850,卖盘
10:54:42,15.25,0.0,371,565793,卖盘
10:54:46,15.25,0.0,48,73200,买盘
10:54:48,15.26,0.01,351,535422,买盘
10:54:51,15.26,0.0,86,131093,买盘
10:54:55,15.25,-0.01,296,451147,卖盘
10:54:58,15.24,-0.01,71,108204,卖盘
10:55:01,15.24,0.0,161,245468,卖盘
10:55:04,15.24,0.0,294,448176,卖盘
10:55:07,15.24,0.0,59,89916,卖盘
10:55:09,15.24,0.0,125,190506,卖盘
10:55:13,15.24,0.0,117,178256,买盘
10:55:15,15.23,-0.01,76,115814,卖盘
10:55:18,15.24,0.01,84,128008,买盘
10:55:22,15.24,0.0,22,33528,买盘
10:55:25,15.25,0.01,65,99061,买盘
10:55:27,15.24,-0.01,246,374904,卖盘
10:55:31,15.24,0.0,275,418950,卖盘
10:55:33,15.23,-0.01,310,472112,卖盘
10:55:36,15.22,-0.01,154,234539,卖盘
10:55:39,15.23,0.01,37,56349,买盘
10:55:42,15.23,0.0,202,307455,买盘
10:55:46,15.22,-0.01,25,38067,卖盘
10:55:48,15.22,0.0,311,473406,卖盘
10:55:51,15.22,0.0,204,310524,卖盘
10:55:55,15.22,0.0,58,88280,卖盘
10:55:57,15.23,0.01,1148,1748061,买盘
10:56:01,15.22,-0.01,397,604072,卖盘
10:56:04,15.22,0.0,133,202426,买盘
10:56:07,15.22,0.0,26,39572,买盘
10:56:09,15.22,0.0,14,21308,卖盘
10:56:13,15.23,0.01,1,1523,买盘
10:56:15,15.22,-0.01,170,258740,卖盘
10:56:19,15.23,0.01,13,19793,买盘
10:56:21,15.22,-0.01,12,18264,卖盘
10:56:25,15.22,0.0,168,255696,卖盘
10:56:28,15.22,0.0,23,35006,卖盘
10:56:31,15.22,0.0,258,392704,卖盘
10:56:34,15.22,0.0,13,19786,卖盘
10:56:36,15.23,0.01,79,120260,买盘
10:56:39,15.22,-0.01,2002,3045240,卖盘
10:56:42,15.22,0.0,115,175030,卖盘
10:56:46,15.2,-0.02,242,368201,卖盘
10:56:48,15.22,0.02,16,24352,买盘
10:56:52,15.2,-0.02,301,457524,卖盘
10:56:54,15.2,0.0,41,62342,卖盘
10:56:58,15.2,0.0,148,224960,卖盘
10:57:00,15.2,0.0,19,28882,卖盘
10:57:05,15.2,0.0,6,9121,卖盘
10:57:07,15.2,0.0,15,22824,卖盘
10:57:09,15.19,-0.01,2140,3253643,卖盘
10:57:12,15.22,0.03,572,870703,买盘
10:57:15,15.22,0.0,328,499216,卖盘
10:57:18,15.2,-0.02,427,649736,卖盘
10:57:21,15.2,0.0,36,54735,卖盘
10:57:24,15.2,0.0,148,225080,卖盘
10:57:31,15.21,0.01,29,44112,卖盘
10:57:34,15.22,0.01,35,53260,买盘
10:57:37,15.21,-0.01,65,98871,卖盘
10:57:39,15.22,0.01,12,18257,买盘
10:57:43,15.22,0.0,307,466958,买盘
10:57:45,15.22,0.0,98,149080,买盘
10:57:49,15.22,0.0,166,252540,买盘
10:57:51,15.22,0.0,121,184128,买盘
10:57:54,15.22,0.0,27,41074,买盘
10:57:57,15.21,-0.01,58,88269,卖盘
10:58:00,15.21,0.0,22,33478,卖盘
10:58:05,15.22,0.01,10,15220,买盘
10:58:06,15.22,0.0,174,264825,买盘
10:58:10,15.21,-0.01,427,649471,卖盘
10:58:13,15.21,0.0,49,74537,卖盘
10:58:16,15.22,0.01,18,27392,买盘
10:58:18,15.22,0.0,10,15220,买盘
10:58:22,15.22,0.0,150,228245,买盘
10:58:24,15.22,0.0,167,254172,买盘
10:58:27,15.21,-0.01,97,147548,卖盘
10:58:31,15.21,0.0,127,193178,卖盘
10:58:33,15.21,0.0,229,348356,卖盘
10:58:37,15.22,0.01,181,275390,买盘
10:58:40,15.21,-0.01,3,4564,卖盘
10:58:42,15.22,0.01,202,307428,买盘
10:58:45,15.22,0.0,306,465612,买盘
10:58:48,15.22,0.0,41,62403,卖盘
10:58:52,15.22,0.0,148,225256,卖盘
10:58:54,15.22,0.0,9,13698,卖盘
10:58:57,15.23,0.01,11,16753,买盘
10:59:00,15.22,-0.01,97,147635,卖盘
10:59:04,15.22,0.0,106,161343,卖盘
10:59:06,15.21,-0.01,647,984684,卖盘
10:59:10,15.21,0.0,65,98890,卖盘
10:59:12,15.23,0.02,203,308968,买盘
10:59:16,15.23,0.0,50,76132,买盘
10:59:18,15.23,0.0,2,3046,买盘
10:59:21,15.23,0.0,10,15229,买盘
10:59:24,15.23,0.0,10,15228,买盘
10:59:27,15.22,-0.01,27,41095,卖盘
10:59:31,15.22,0.0,70,106559,卖盘
10:59:34,15.23,0.01,34,51754,买盘
10:59:36,15.23,0.0,61,92900,买盘
10:59:39,15.23,0.0,54,82204,买盘
10:59:42,15.23,0.0,1,1523,买盘
10:59:45,15.22,-0.01,95,144613,卖盘
10:59:49,15.23,0.01,105,159906,买盘
10:59:51,15.23,0.0,42,63966,买盘
10:59:55,15.23,0.0,15,22842,买盘
10:59:58,15.23,0.0,110,167530,买盘
11:00:00,15.23,0.0,66,100512,买盘
11:00:04,15.23,0.0,29,44167,买盘
11:00:07,15.22,-0.01,59,89853,卖盘
11:00:09,15.23,0.01,80,121818,买盘
11:00:12,15.23,0.0,85,129427,买盘
11:00:15,15.23,0.0,120,182655,卖盘
11:00:18,15.24,0.01,36,54828,买盘
11:00:21,15.23,-0.01,32,48711,中性盘
11:00:24,15.23,0.0,73,111177,买盘
11:00:27,15.22,-0.01,67,101976,卖盘
11:00:31,15.22,0.0,174,264878,卖盘
11:00:34,15.23,0.01,99,150710,买盘
11:00:37,15.22,-0.01,124,188849,卖盘
11:00:40,15.22,0.0,66,100452,卖盘
11:00:43,15.22,0.0,666,1013594,卖盘
11:00:46,15.22,0.0,261,397136,买盘
11:00:48,15.22,0.0,161,244993,买盘
11:00:51,15.21,-0.01,35,53235,卖盘
11:00:54,15.22,0.01,185,281563,买盘
11:00:57,15.21,-0.01,98,149089,卖盘
11:01:01,15.22,0.01,208,316374,买盘
11:01:04,15.22,0.0,154,234235,买盘
11:01:07,15.22,0.0,203,308767,买盘
11:01:10,15.22,0.0,183,278354,买盘
11:01:12,15.21,-0.01,5,7194,卖盘
11:01:15,15.21,0.0,66,100386,卖盘
11:01:19,15.21,0.0,253,384869,卖盘
11:01:22,15.21,0.0,77,117141,卖盘
11:01:25,15.21,0.0,118,179508,卖盘
11:01:27,15.21,0.0,112,170352,卖盘
11:01:31,15.2,-0.01,174,264992,卖盘
11:01:33,15.21,0.01,277,421151,买盘
11:01:36,15.2,-0.01,118,179364,卖盘
11:01:39,15.2,0.0,93,141372,卖盘
11:01:43,15.21,0.01,50,76050,买盘
11:01:45,15.19,-0.02,3926,5965384,卖盘
11:01:48,15.18,-0.01,828,1257114,卖盘
11:01:52,15.19,0.01,1360,2064598,买盘
11:01:54,15.18,-0.01,216,327891,卖盘
11:01:57,15.19,0.01,388,588994,买盘
11:02:00,15.19,0.0,92,139717,买盘
11:02:04,15.19,0.0,259,393272,买盘
11:02:07,15.19,0.0,145,220252,买盘
11:02:10,15.19,0.0,1087,1650645,买盘
11:02:13,15.18,-0.01,5226,7933287,卖盘
11:02:15,15.18,0.0,1370,2078526,卖盘
11:02:18,15.18,0.0,197,298880,买盘
11:02:21,15.18,0.0,433,656992,买盘
11:02:24,15.16,-0.02,9067,13748148,卖盘
11:02:27,15.16,0.0,2071,3139804,卖盘
11:02:30,15.18,0.02,283,429176,买盘
11:02:33,15.16,-0.02,396,600296,卖盘
11:02:36,15.16,0.0,66,100063,卖盘
11:02:39,15.16,0.0,416,630812,卖盘
11:02:42,15.17,0.01,20,30339,卖盘
11:02:46,15.17,0.0,45,68231,卖盘
11:02:48,15.18,0.01,6,9108,买盘
11:02:52,15.17,-0.01,12,18204,卖盘
11:02:54,15.18,0.01,26,39466,买盘
11:02:58,15.17,-0.01,15,22755,卖盘
11:03:00,15.18,0.01,26,39468,买盘
11:03:04,15.17,-0.01,30,45525,卖盘
11:03:06,15.19,0.02,766,1163289,买盘
11:03:10,15.19,0.0,132,200508,卖盘
11:03:13,15.19,0.0,7,10633,卖盘
11:03:15,15.19,0.0,21,31900,卖盘
11:03:18,15.2,0.01,16,24315,买盘
11:03:22,15.19,-0.01,272,413247,卖盘
11:03:24,15.2,0.01,29,44074,买盘
11:03:28,15.2,0.0,153,232509,买盘
11:03:30,15.2,0.0,224,340413,买盘
11:03:34,15.2,0.0,2,3040,卖盘
11:03:37,15.2,0.0,9,13681,卖盘
11:03:39,15.2,0.0,55,83610,卖盘
11:03:42,15.21,0.01,21,31922,买盘
11:03:45,15.21,0.0,15,22815,买盘
11:03:49,15.2,-0.01,40,60805,卖盘
11:03:52,15.2,0.0,6,9120,卖盘
11:03:55,15.2,0.0,66,100355,卖盘
11:03:57,15.21,0.01,325,493904,买盘
11:04:00,15.21,0.0,9,13689,卖盘
11:04:04,15.21,0.0,6,9126,卖盘
11:04:07,15.21,0.0,23,34983,卖盘
11:04:09,15.21,0.0,16,24336,卖盘
11:04:12,15.21,0.0,10,15213,卖盘
11:04:15,15.21,0.0,59,89740,卖盘
11:04:19,15.22,0.01,2,3166,买盘
11:04:21,15.22,0.0,32,48678,买盘
11:04:25,15.22,0.0,233,354614,买盘
11:04:27,15.21,-0.01,152,231202,卖盘
11:04:31,15.21,0.0,23,34986,卖盘
11:04:33,15.21,0.0,28,42591,卖盘
11:04:37,15.21,0.0,14,21297,卖盘
11:04:39,15.22,0.01,234,356148,买盘
11:04:42,15.22,0.0,73,111106,卖盘
11:04:46,15.22,0.0,16,24362,卖盘
11:04:49,15.23,0.01,1,1523,买盘
11:04:51,15.22,-0.01,53,80690,卖盘
11:04:54,15.22,0.0,19,28931,卖盘
11:04:58,15.22,0.0,5,7610,卖盘
11:05:00,15.22,0.0,22,33486,卖盘
11:05:04,15.23,0.01,20,30460,买盘
11:05:06,15.22,-0.01,18,27396,卖盘
11:05:09,15.21,-0.01,712,1083432,卖盘
11:05:12,15.23,0.02,103,156869,买盘
11:05:15,15.22,-0.01,302,459347,卖盘
11:05:18,15.21,-0.01,194,295257,中性盘
11:05:21,15.2,-0.01,50,76006,卖盘
11:05:24,15.2,0.0,9,13680,卖盘
11:05:27,15.21,0.01,19,28899,买盘
11:05:30,15.2,-0.01,21,31924,卖盘
11:05:34,15.21,0.01,31,47151,买盘
11:05:36,15.21,0.0,135,205320,买盘
11:05:39,15.2,-0.01,238,361769,卖盘
11:05:42,15.2,0.0,31,47130,卖盘
11:05:45,15.21,0.01,70,106436,买盘
11:05:48,15.21,0.0,41,62322,买盘
11:05:51,15.21,0.0,21,31928,买盘
11:05:54,15.21,0.0,24,36502,买盘
11:05:57,15.21,0.0,43,65375,买盘
11:06:00,15.21,0.0,2,3042,买盘
11:06:04,15.21,0.0,11,16725,买盘
11:06:07,15.21,0.0,58,88214,买盘
11:06:10,15.2,-0.01,222,337440,卖盘
11:06:12,15.21,0.01,72,109452,买盘
11:06:16,15.21,0.0,9,13683,买盘
11:06:18,15.21,0.0,18,27363,买盘
11:06:21,15.21,0.0,5,7605,买盘
11:06:25,15.21,0.0,177,269210,买盘
11:06:27,15.21,0.0,106,161126,买盘
11:06:30,15.21,0.0,5,7605,买盘
11:06:34,15.21,0.0,179,272104,买盘
11:06:36,15.21,0.0,26,39538,买盘
11:06:39,15.2,-0.01,7,10640,卖盘
11:06:45,15.2,0.0,20,30405,卖盘
11:06:48,15.21,0.01,20,30415,买盘
11:06:52,15.2,-0.01,141,214321,卖盘
11:06:55,15.2,0.0,228,346699,卖盘
11:06:57,15.2,0.0,12,18241,卖盘
11:07:00,15.21,0.01,350,532350,买盘
11:07:04,15.21,0.0,250,380151,买盘
11:07:07,15.2,-0.01,12,18241,卖盘
11:07:09,15.21,0.01,49,74496,买盘
11:07:12,15.21,0.0,120,182510,买盘
11:07:15,15.22,0.01,792,1204019,买盘
11:07:18,15.22,0.0,12,18266,卖盘
11:07:21,15.23,0.01,202,307440,买盘
11:07:24,15.2,-0.03,73,110983,卖盘
11:07:27,15.21,0.01,661,1005362,中性盘
11:07:31,15.21,0.0,24,36523,卖盘
11:07:34,15.22,0.01,29,44138,买盘
11:07:36,15.21,-0.01,78,118662,卖盘
11:07:39,15.21,0.0,6,9126,卖盘
11:07:43,15.21,0.0,425,646435,卖盘
11:07:46,15.22,0.01,154,234385,买盘
11:07:49,15.21,-0.01,46,69988,卖盘
11:07:51,15.21,0.0,80,122349,卖盘
11:07:55,15.22,0.01,33,50224,买盘
11:07:57,15.22,0.0,73,111056,买盘
11:08:00,15.22,0.0,29,44129,买盘
11:08:05,15.21,-0.01,14,21294,卖盘
11:08:07,15.21,0.0,93,141523,卖盘
11:08:10,15.21,0.0,54,82179,卖盘
11:08:12,15.22,0.01,53,80665,买盘
11:08:15,15.22,0.0,187,284614,买盘
11:08:19,15.23,0.01,1,1523,买盘
11:08:24,15.22,-0.01,2,3044,卖盘
11:08:27,15.22,0.0,144,219218,卖盘
11:08:30,15.22,0.0,12,18266,卖盘
11:08:36,15.22,0.0,58,88290,卖盘
11:08:40,15.22,0.0,2,3044,卖盘
11:08:43,15.23,0.01,197,299851,买盘
11:08:45,15.22,-0.01,153,232890,卖盘
11:08:48,15.22,0.0,17,25875,卖盘
11:08:55,15.22,0.0,9,13698,卖盘
11:08:57,15.23,0.01,41,62443,买盘
11:09:01,15.22,-0.01,89,135463,卖盘
11:09:04,15.23,0.01,34,51767,买盘
11:09:07,15.22,-0.01,33,50226,卖盘
11:09:10,15.22,0.0,17,25874,卖盘
11:09:15,15.23,0.01,2,3046,买盘
11:09:18,15.23,0.0,105,159915,买盘
11:09:21,15.23,0.0,37,56345,买盘
11:09:24,15.22,-0.01,21,31981,卖盘
11:09:27,15.23,0.01,30,45690,买盘
11:09:31,15.22,-0.01,15,22830,卖盘
11:09:34,15.22,0.0,102,155278,卖盘
11:09:36,15.22,0.0,113,171997,卖盘
11:09:39,15.22,0.0,37,56349,卖盘
11:09:42,15.22,0.0,27,41094,卖盘
11:09:45,15.23,0.01,14,21322,买盘
11:09:49,15.23,0.0,7,10661,买盘
11:09:51,15.22,-0.01,26,39594,卖盘
11:09:54,15.23,0.01,88,133946,买盘
11:09:57,15.23,0.0,13,19798,买盘
11:10:00,15.22,-0.01,7,10654,卖盘
11:10:04,15.23,0.01,31,47213,买盘
11:10:06,15.23,0.0,209,318195,买盘
11:10:09,15.22,-0.01,75,114223,卖盘
11:10:13,15.23,0.01,89,135465,买盘
11:10:15,15.22,-0.01,35,53275,卖盘
11:10:19,15.23,0.01,12,18276,买盘
11:10:21,15.23,0.0,9,13707,买盘
11:10:24,15.22,-0.01,2,3044,卖盘
11:10:27,15.23,0.01,69,105061,买盘
11:10:30,15.22,-0.01,38,57837,卖盘
11:10:36,15.22,0.0,17,25888,卖盘
11:10:39,15.22,0.0,127,193415,卖盘
11:10:45,15.22,0.0,10,15225,卖盘
11:10:48,15.22,0.0,132,200906,卖盘
11:10:52,15.22,0.0,7,10657,卖盘
11:10:54,15.22,0.0,36,54800,卖盘
11:10:58,15.22,0.0,45,68510,卖盘
11:11:00,15.22,0.0,5,7610,卖盘
11:11:04,15.23,0.01,42,63966,买盘
11:11:06,15.22,-0.01,11,16744,卖盘
11:11:09,15.23,0.01,26,39596,买盘
11:11:13,15.22,-0.01,18,27408,卖盘
11:11:15,15.22,0.0,530,806660,卖盘
11:11:18,15.23,0.01,15,22836,买盘
11:11:21,15.22,-0.01,323,491308,卖盘
11:11:24,15.22,0.0,63,95886,买盘
11:11:28,15.22,0.0,38,57833,买盘
11:11:31,15.21,-0.01,16,24344,卖盘
11:11:33,15.22,0.01,739,1125362,买盘
11:11:37,15.22,0.0,65,98991,卖盘
11:11:39,15.22,0.0,2,3044,卖盘
11:11:42,15.23,0.01,23,35007,买盘
11:11:45,15.22,-0.01,127,193359,卖盘
11:11:48,15.23,0.01,11,16748,买盘
11:11:51,15.22,-0.01,37,56321,卖盘
11:11:54,15.22,0.0,60,91330,卖盘
11:11:57,15.22,0.0,39,59358,卖盘
11:12:01,15.22,0.0,89,135510,卖盘
11:12:04,15.22,0.0,33,50236,卖盘
11:12:06,15.22,0.0,24,36541,卖盘
11:12:09,15.22,0.0,3,4567,卖盘
11:12:13,15.23,0.01,51,77673,买盘
11:12:15,15.22,-0.01,26,39579,卖盘
11:12:19,15.23,0.01,103,156822,买盘
11:12:21,15.22,-0.01,90,137025,卖盘
11:12:24,15.23,0.01,73,111192,买盘
11:12:27,15.22,-0.01,196,298422,卖盘
11:12:33,15.22,0.0,2,3044,卖盘
11:12:36,15.22,0.0,19,28919,卖盘
11:12:39,15.22,0.0,11,16742,卖盘
11:12:43,15.22,0.0,41,62440,卖盘
11:12:45,15.23,0.01,13,19799,买盘
11:12:49,15.23,0.0,223,339457,买盘
11:12:51,15.22,-0.01,133,202441,卖盘
11:12:54,15.23,0.01,407,619863,买盘
11:12:58,15.23,0.0,38,57874,卖盘
11:13:01,15.23,0.0,19,28951,卖盘
11:13:05,15.24,0.01,13,19812,买盘
11:13:07,15.23,-0.01,15,22849,卖盘
11:13:09,15.23,0.0,66,100538,卖盘
11:13:12,15.23,0.0,5,7615,卖盘
11:13:16,15.24,0.01,29,44190,买盘
11:13:18,15.24,0.0,4,6095,买盘
11:13:22,15.24,0.0,4,6096,买盘
11:13:24,15.24,0.0,43,65525,买盘
11:13:27,15.23,-0.01,71,108197,卖盘
11:13:30,15.24,0.01,171,260443,买盘
11:13:34,15.23,-0.01,36,54858,卖盘
11:13:36,15.23,0.0,49,74636,卖盘
11:13:40,15.23,0.0,32,48737,卖盘
11:13:42,15.24,0.01,1,1524,买盘
11:13:45,15.23,-0.01,7,10663,卖盘
11:13:49,15.24,0.01,16,24384,买盘
11:13:52,15.23,-0.01,17,25905,卖盘
11:13:55,15.23,0.0,2,3046,卖盘
11:13:57,15.23,0.0,29,44187,卖盘
11:14:01,15.23,0.0,181,275814,卖盘
11:14:05,15.24,0.01,88,134045,买盘
11:14:07,15.23,-0.01,19,28947,卖盘
11:14:09,15.23,0.0,73,111208,卖盘
11:14:12,15.24,0.01,41,62484,买盘
11:14:16,15.23,-0.01,45,68560,卖盘
11:14:19,15.23,0.0,13,19800,卖盘
11:14:21,15.23,0.0,191,291008,卖盘
11:14:28,15.24,0.01,120,182878,买盘
11:14:30,15.24,0.0,74,112735,买盘
11:14:34,15.24,0.0,17,25908,买盘
11:14:37,15.23,-0.01,32,48765,卖盘
11:14:39,15.23,0.0,20,30479,卖盘
11:14:42,15.23,0.0,40,60923,卖盘
11:14:46,15.23,0.0,89,135565,卖盘
11:14:48,15.24,0.01,51,77724,买盘
11:14:51,15.24,0.0,30,45715,买盘
11:14:54,15.24,0.0,60,91440,买盘
11:14:57,15.24,0.0,147,224026,买盘
11:15:01,15.24,0.0,15,22860,卖盘
11:15:05,15.24,0.0,7,10668,卖盘
11:15:07,15.24,0.0,10,15244,卖盘
11:15:09,15.24,0.0,93,140676,卖盘
11:15:13,15.24,0.0,32,48770,卖盘
11:15:16,15.24,0.0,11,16767,卖盘
11:15:18,15.24,0.0,88,134113,卖盘
11:15:24,15.24,0.0,91,138755,卖盘
11:15:28,15.24,0.0,6,9146,卖盘
11:15:31,15.25,0.01,11,16775,买盘
11:15:34,15.25,0.0,214,326232,买盘
11:15:37,15.25,0.0,294,448341,买盘
11:15:40,15.24,-0.01,42,64028,卖盘
11:15:46,15.24,0.0,250,381240,卖盘
11:15:49,15.25,0.01,16,24395,买盘
11:15:51,15.25,0.0,25,38125,买盘
11:15:55,15.25,0.0,90,137216,买盘
11:15:58,15.24,-0.01,8,12192,卖盘
11:16:01,15.25,0.01,25,38125,买盘
11:16:04,15.24,-0.01,26,39648,卖盘
11:16:06,15.25,0.01,44,67096,买盘
11:16:09,15.24,-0.01,29,44215,卖盘
11:16:12,15.25,0.01,2,3050,买盘
11:16:15,15.24,-0.01,81,123502,卖盘
11:16:18,15.25,0.01,23,35073,买盘
11:16:22,15.25,0.0,69,105170,买盘
11:16:24,15.24,-0.01,265,404119,卖盘
11:16:28,15.25,0.01,106,161647,买盘
11:16:31,15.26,0.01,244,372177,买盘
11:16:33,15.25,-0.01,11,16775,卖盘
11:16:37,15.25,0.0,7,10680,卖盘
11:16:40,15.25,0.0,22,33550,卖盘
11:16:42,15.25,0.0,32,48805,卖盘
11:16:45,15.26,0.01,26,39676,买盘
11:16:48,15.26,0.0,276,420911,买盘
11:16:52,15.25,-0.01,17,25937,卖盘
11:16:55,15.25,0.0,36,54915,卖盘
11:16:57,15.26,0.01,131,199801,买盘
11:17:00,15.26,0.0,18,27458,买盘
11:17:04,15.25,-0.01,167,254686,卖盘
11:17:07,15.25,0.0,311,474283,卖盘
11:17:09,15.25,0.0,13,19832,卖盘
11:17:12,15.25,0.0,2,3050,卖盘
11:17:16,15.25,0.0,110,167855,卖盘
11:17:18,15.26,0.01,16,24412,买盘
11:17:21,15.25,-0.01,25,38132,卖盘
11:17:24,15.25,0.0,116,177000,卖盘
11:17:27,15.26,0.01,109,166291,买盘
11:17:30,15.26,0.0,10,15260,买盘
11:17:33,15.26,0.0,9,13734,买盘
11:17:37,15.25,-0.01,34,51875,卖盘
11:17:39,15.25,0.0,295,449885,卖盘
11:17:46,15.26,0.01,8,12202,买盘
11:17:49,15.25,-0.01,91,138807,卖盘
11:17:51,15.26,0.01,28,42728,买盘
11:17:54,15.25,-0.01,57,86975,卖盘
11:17:57,15.25,0.0,37,56457,卖盘
11:18:00,15.27,0.02,711,1085012,买盘
11:18:05,15.26,-0.01,24,36624,卖盘
11:18:07,15.26,0.0,4,6409,卖盘
11:18:09,15.26,0.0,5,7630,卖盘
11:18:13,15.26,0.0,1,1526,卖盘
11:18:15,15.26,0.0,10,15260,卖盘
11:18:18,15.26,0.0,14,21369,卖盘
11:18:21,15.27,0.01,48,73279,买盘
11:18:25,15.26,-0.01,18,27482,卖盘
11:18:27,15.26,0.0,4,6104,卖盘
11:18:31,15.26,0.0,15,22898,卖盘
11:18:33,15.27,0.01,36,54970,买盘
11:18:36,15.26,-0.01,26,39677,卖盘
11:18:40,15.27,0.01,39,59539,买盘
11:18:43,15.26,-0.01,57,87019,卖盘
11:18:45,15.27,0.01,18,27486,买盘
11:18:48,15.27,0.0,55,83985,买盘
11:18:52,15.27,0.0,128,195456,买盘
11:18:55,15.26,-0.01,32,48858,卖盘
11:18:58,15.27,0.01,65,99255,买盘
11:19:00,15.27,0.0,79,120593,买盘
11:19:04,15.26,-0.01,78,119056,卖盘
11:19:06,15.27,0.01,107,163386,买盘
11:19:09,15.26,-0.01,41,62586,卖盘
11:19:12,15.27,0.01,8,12216,买盘
11:19:15,15.26,-0.01,70,106821,卖盘
11:19:18,15.27,0.01,61,93147,买盘
11:19:25,15.27,0.0,187,285542,买盘
11:19:28,15.27,0.0,67,102280,买盘
11:19:30,15.27,0.0,232,354264,买盘
11:19:36,15.27,0.0,16,24432,卖盘
11:19:39,15.27,0.0,112,171080,卖盘
11:19:43,15.28,0.01,48,73336,买盘
11:19:45,15.28,0.0,270,412560,买盘
11:19:48,15.27,-0.01,143,218372,卖盘
11:19:52,15.27,0.0,433,661198,卖盘
11:19:55,15.27,0.0,3,4581,卖盘
11:19:57,15.28,0.01,56,85542,买盘
11:20:00,15.27,-0.01,54,82502,卖盘
11:20:04,15.28,0.01,14,21391,买盘
11:20:07,15.27,-0.01,352,537823,卖盘
11:20:10,15.27,0.0,27,41238,卖盘
11:20:13,15.28,0.01,66,100828,买盘
11:20:16,15.28,0.0,505,771640,买盘
11:20:19,15.28,0.0,65,99320,买盘
11:20:22,15.28,0.0,84,128354,卖盘
11:20:25,15.28,0.0,4,6112,卖盘
11:20:28,15.28,0.0,2,3056,卖盘
11:20:31,15.28,0.0,12,18336,卖盘
11:20:33,15.29,0.01,40,61141,买盘
11:20:36,15.28,-0.01,97,148285,卖盘
11:20:40,15.29,0.01,8,12232,买盘
11:20:43,15.28,-0.01,17,25981,卖盘
11:20:46,15.29,0.01,55,84095,买盘
11:20:48,15.28,-0.01,63,96290,卖盘
11:20:51,15.29,0.01,66,100881,买盘
11:20:54,15.28,-0.01,26,39729,卖盘
11:20:57,15.29,0.01,1174,1793886,买盘
11:21:00,15.28,-0.01,15,23023,卖盘
11:21:04,15.28,0.0,266,406512,卖盘
11:21:07,15.28,0.0,63,96278,卖盘
11:21:09,15.28,0.0,97,148261,卖盘
11:21:13,15.28,0.0,703,1073624,卖盘
11:21:16,15.28,0.0,19,29032,卖盘
11:21:18,15.28,0.0,202,308670,卖盘
11:21:22,15.28,0.0,77,117696,卖盘
11:21:25,15.28,0.0,91,139106,卖盘
11:21:28,15.28,0.0,16,24448,卖盘
11:21:31,15.28,0.0,284,434013,卖盘
11:21:33,15.29,0.01,10,15290,买盘
11:21:37,15.28,-0.01,30,45840,卖盘
11:21:40,15.29,0.01,64,97840,买盘
11:21:42,15.28,-0.01,39,59592,卖盘
11:21:45,15.29,0.01,68,103962,买盘
11:21:48,15.28,-0.01,50,76414,卖盘
11:21:51,15.28,0.0,257,392837,卖盘
11:21:54,15.28,0.0,109,166552,卖盘
11:21:57,15.28,0.0,27,41260,卖盘
11:22:00,15.28,0.0,181,276568,卖盘
11:22:04,15.28,0.0,88,134464,买盘
11:22:07,15.27,-0.01,14,21388,卖盘
11:22:10,15.28,0.01,12,18336,买盘
11:22:12,15.27,-0.01,76,116113,卖盘
11:22:16,15.27,0.0,50,76380,卖盘
11:22:18,15.27,0.0,222,339091,卖盘
11:22:22,15.28,0.01,56,85536,买盘
11:22:24,15.28,0.0,320,488861,买盘
11:22:27,15.27,-0.01,96,146618,卖盘
11:22:30,15.28,0.01,21,32068,买盘
11:22:33,15.28,0.0,332,507069,买盘
11:22:37,15.27,-0.01,145,221421,卖盘
11:22:39,15.27,0.0,84,128296,卖盘
11:22:42,15.28,0.01,59,90094,买盘
11:22:45,15.27,-0.01,144,219893,卖盘
11:22:48,15.27,0.0,899,1372055,卖盘
11:22:51,15.27,0.0,108,164940,买盘
11:22:54,15.26,-0.01,281,428935,卖盘
11:22:57,15.28,0.02,152,232110,买盘
11:23:00,15.28,0.0,54,82511,买盘
11:23:07,15.27,-0.01,18,27496,卖盘
11:23:09,15.27,0.0,12,18331,卖盘
11:23:12,15.27,0.0,26,39715,卖盘
11:23:15,15.27,0.0,8,12216,卖盘
11:23:18,15.27,0.0,37,56503,卖盘
11:23:22,15.27,0.0,47,71775,卖盘
11:23:24,15.28,0.01,1,1528,买盘
11:23:27,15.27,-0.01,11,16797,卖盘
11:23:30,15.28,0.01,40,61096,买盘
11:23:33,15.28,0.0,103,157384,买盘
11:23:36,15.27,-0.01,37,56509,卖盘
11:23:39,15.27,0.0,42,64166,卖盘
11:23:42,15.28,0.01,36,54974,买盘
11:23:45,15.28,0.0,58,88691,买盘
11:23:48,15.27,-0.01,284,433669,卖盘
11:23:51,15.27,0.0,73,111522,卖盘
11:23:54,15.27,0.0,21,32072,卖盘
11:23:57,15.27,0.0,151,230577,卖盘
11:24:00,15.27,0.0,7,10689,卖盘
11:24:04,15.27,0.0,59,90103,卖盘
11:24:06,15.27,0.0,12,18334,卖盘
11:24:09,15.28,0.01,15,22920,买盘
11:24:13,15.27,-0.01,2017,3077428,卖盘
11:24:15,15.25,-0.02,325,495741,卖盘
11:24:19,15.27,0.02,12,18325,卖盘
11:24:21,15.28,0.01,10,15280,买盘
11:24:24,15.28,0.0,34,51926,买盘
11:24:28,15.28,0.0,81,123732,买盘
11:24:31,15.26,-0.02,33,50363,卖盘
11:24:33,15.27,0.01,150,229050,买盘
11:24:36,15.26,-0.01,9,13734,卖盘
11:24:40,15.26,0.0,225,343350,卖盘
11:24:43,15.26,0.0,104,158704,买盘
11:24:46,15.25,-0.01,25,38145,卖盘
11:24:48,15.26,0.01,16,24415,买盘
11:24:51,15.26,0.0,14,21364,买盘
11:24:55,15.26,0.0,160,244082,买盘
11:24:58,15.26,0.0,10,15253,买盘
11:25:01,15.26,0.0,136,207433,买盘
11:25:04,15.25,-0.01,11,16782,卖盘
11:25:07,15.26,0.01,427,651633,买盘
11:25:09,15.26,0.0,75,114514,卖盘
11:25:12,15.27,0.01,87,132779,买盘
11:25:15,15.26,-0.01,143,218215,卖盘
11:25:19,15.26,0.0,6,9157,卖盘
11:25:24,15.26,0.0,35,53410,卖盘
11:25:28,15.27,0.01,12,18315,买盘
11:25:30,15.26,-0.01,125,190668,卖盘
11:25:33,15.26,0.0,22,33572,卖盘
11:25:37,15.25,-0.01,239,364739,卖盘
11:25:40,15.26,0.01,1,1526,买盘
11:25:43,15.26,0.0,13,19830,买盘
11:25:48,15.26,0.0,318,485268,买盘
11:25:51,15.25,-0.01,14,21358,卖盘
11:25:54,15.26,0.01,12,18312,买盘
11:25:58,15.26,0.0,63,96137,买盘
11:26:00,15.26,0.0,74,112900,买盘
11:26:04,15.26,0.0,221,337126,买盘
11:26:07,15.25,-0.01,35,53399,卖盘
11:26:10,15.25,0.0,31,47302,卖盘
11:26:12,15.25,0.0,9,13725,卖盘
11:26:16,15.25,0.0,71,108320,卖盘
11:26:19,15.25,0.0,328,500201,卖盘
11:26:21,15.26,0.01,95,144877,买盘
11:26:24,15.25,-0.01,8,12200,卖盘
11:26:27,15.25,0.0,8,12200,卖盘
11:26:30,15.26,0.01,32,48808,买盘
11:26:33,15.25,-0.01,9,13726,卖盘
11:26:37,15.25,0.0,84,128146,卖盘
11:26:39,15.26,0.01,114,173897,买盘
11:26:42,15.25,-0.01,51,77775,卖盘
11:26:46,15.26,0.01,56,85449,买盘
11:26:49,15.26,0.0,34,51862,买盘
11:26:51,15.25,-0.01,21,32031,卖盘
11:26:54,15.25,0.0,4,6100,卖盘
11:26:57,15.25,0.0,41,62525,卖盘
11:27:00,15.26,0.01,15,22880,买盘
11:27:04,15.26,0.0,48,73206,买盘
11:27:07,15.26,0.0,41,62551,买盘
11:27:09,15.25,-0.01,14,21350,卖盘
11:27:12,15.25,0.0,26,39670,卖盘
11:27:16,15.25,0.0,25,38128,卖盘
11:27:18,15.25,0.0,100,152501,卖盘
11:27:22,15.25,0.0,77,117455,卖盘
11:27:24,15.26,0.01,17,25929,买盘
11:27:28,15.26,0.0,21,32043,买盘
11:27:30,15.26,0.0,26,39665,买盘
11:27:34,15.25,-0.01,5,7625,卖盘
11:27:37,15.25,0.0,109,166301,卖盘
11:27:39,15.26,0.01,30,45753,买盘
11:27:42,15.25,-0.01,55,83875,卖盘
11:27:46,15.26,0.01,74,112877,买盘
11:27:48,15.26,0.0,456,696145,买盘
11:27:51,15.26,0.0,112,170913,卖盘
11:27:55,15.26,0.0,50,76300,卖盘
11:27:57,15.26,0.0,65,99190,卖盘
11:28:01,15.26,0.0,24,36634,卖盘
11:28:04,15.26,0.0,3,4579,卖盘
11:28:07,15.26,0.0,97,148034,卖盘
11:28:09,15.27,0.01,82,125190,买盘
11:28:12,15.27,0.0,21,32050,买盘
11:28:15,15.26,-0.01,7,10682,卖盘
11:28:19,15.26,0.0,93,142084,卖盘
11:28:21,15.26,0.0,47,71732,卖盘
11:28:24,15.26,0.0,6,9156,卖盘
11:28:27,15.27,0.01,9,13736,买盘
11:28:31,15.26,-0.01,9,13738,卖盘
11:28:34,15.26,0.0,17,25942,卖盘
11:28:37,15.26,0.0,12,18312,卖盘
11:28:39,15.26,0.0,123,187708,卖盘
11:28:42,15.26,0.0,146,221943,卖盘
11:28:45,15.27,0.01,56,85482,买盘
11:28:49,15.27,0.0,95,145036,买盘
11:28:51,15.26,-0.01,46,70201,卖盘
11:28:54,15.26,0.0,28,42750,卖盘
11:28:57,15.27,0.01,93,142003,买盘
11:29:00,15.27,0.0,86,131278,买盘
11:29:04,15.26,-0.01,122,186281,卖盘
11:29:07,15.26,0.0,30,45780,卖盘
11:29:10,15.26,0.0,230,350990,卖盘
11:29:12,15.27,0.01,156,238081,买盘
11:29:15,15.26,-0.01,33,50361,卖盘
11:29:19,15.26,0.0,73,111459,卖盘
11:29:21,15.26,0.0,27,41294,卖盘
11:29:25,15.26,0.0,3,4578,卖盘
11:29:27,15.26,0.0,79,120630,卖盘
11:29:30,15.26,0.0,53,80900,卖盘
11:29:33,15.27,0.01,20,30525,买盘
11:29:37,15.26,-0.01,43,65631,卖盘
11:29:39,15.27,0.01,15,22895,买盘
11:29:42,15.26,-0.01,60,91612,卖盘
11:29:45,15.26,0.0,112,170961,卖盘
11:29:48,15.26,0.0,28,42730,卖盘
11:29:51,15.27,0.01,27,41228,买盘
11:29:55,15.26,-0.01,319,486860,卖盘
11:29:57,15.26,0.0,286,436639,卖盘
11:30:01,15.27,0.01,68,103783,买盘
13:00:00,15.27,0.0,2060,3148285,买盘
13:00:04,15.27,0.0,6114,9332371,买盘
13:00:07,15.25,-0.02,3732,5691654,卖盘
13:00:10,15.26,0.01,1285,1957677,买盘
13:00:13,15.26,0.0,592,902922,买盘
13:00:16,15.25,-0.01,110,167747,卖盘
13:00:19,15.25,0.0,75,114291,买盘
13:00:21,15.23,-0.02,750,1141740,卖盘
13:00:24,15.24,0.01,471,717222,买盘
13:00:27,15.21,-0.03,752,1144376,卖盘
13:00:31,15.2,-0.01,2735,4158987,卖盘
13:00:33,15.22,0.02,1140,1732983,买盘
13:00:36,15.2,-0.02,155,235600,卖盘
13:00:39,15.21,0.01,2007,3052559,买盘
13:00:42,15.21,0.0,564,857887,卖盘
13:00:46,15.21,0.0,176,267796,卖盘
13:00:48,15.21,0.0,430,654173,卖盘
13:00:52,15.22,0.01,285,433537,买盘
13:00:54,15.21,-0.01,74,112565,卖盘
13:00:57,15.21,0.0,109,165813,卖盘
13:01:00,15.21,0.0,385,585597,卖盘
13:01:05,15.21,0.0,670,1018670,卖盘
13:01:07,15.21,0.0,201,305738,卖盘
13:01:10,15.22,0.01,924,1406328,买盘
13:01:13,15.22,0.0,229,348498,卖盘
13:01:15,15.21,-0.01,607,923283,卖盘
13:01:19,15.21,0.0,227,345300,卖盘
13:01:21,15.2,-0.01,211,321381,卖盘
13:01:25,15.21,0.01,1129,1716339,买盘
13:01:27,15.21,0.0,399,606533,买盘
13:01:31,15.2,-0.01,266,404507,卖盘
13:01:34,15.21,0.01,1068,1623746,买盘
13:01:36,15.19,-0.02,2615,3974964,卖盘
13:01:39,15.2,0.01,962,1461370,买盘
13:01:43,15.2,0.0,620,942297,买盘
13:01:45,15.19,-0.01,236,358500,卖盘
13:01:48,15.19,0.0,163,247726,卖盘
13:01:51,15.2,0.01,207,314514,买盘
13:01:54,15.19,-0.01,394,598517,卖盘
13:01:57,15.19,0.0,259,393489,卖盘
13:02:00,15.2,0.01,68,103307,买盘
13:02:04,15.2,0.0,1449,2201951,买盘
13:02:06,15.19,-0.01,932,1416285,卖盘
13:02:10,15.19,0.0,553,840382,卖盘
13:02:13,15.2,0.01,717,1089619,买盘
13:02:15,15.2,0.0,249,378503,卖盘
13:02:19,15.21,0.01,33,49798,买盘
13:02:21,15.21,0.0,87,132275,买盘
13:02:24,15.21,0.0,39,59298,买盘
13:02:28,15.21,0.0,225,342171,买盘
13:02:31,15.21,0.0,413,627910,买盘
13:02:33,15.21,0.0,629,955959,买盘
13:02:36,15.2,-0.01,241,366411,卖盘
13:02:40,15.21,0.01,54,82101,买盘
13:02:42,15.21,0.0,57,86688,买盘
13:02:46,15.21,0.0,32,48656,买盘
13:02:48,15.21,0.0,55,83651,买盘
13:02:51,15.21,0.0,135,205217,买盘
13:02:54,15.2,-0.01,829,1260647,卖盘
13:02:58,15.2,0.0,576,875263,买盘
13:03:00,15.2,0.0,211,320584,买盘
13:03:04,15.19,-0.01,592,899302,卖盘
13:03:06,15.19,0.0,176,267383,卖盘
13:03:10,15.2,0.01,181,275110,买盘
13:03:12,15.19,-0.01,154,233927,卖盘
13:03:16,15.19,0.0,55,83557,卖盘
13:03:19,15.19,0.0,85,129174,卖盘
13:03:21,15.2,0.01,126,191502,买盘
13:03:25,15.19,-0.01,153,232453,卖盘
13:03:27,15.2,0.01,162,246210,买盘
13:03:30,15.2,0.0,370,562394,买盘
13:03:34,15.19,-0.01,793,1204764,卖盘
13:03:37,15.2,0.01,267,405909,卖盘
13:03:39,15.22,0.02,46,69937,买盘
13:03:43,15.2,-0.02,11,16720,卖盘
13:03:46,15.2,0.0,31,47142,卖盘
13:03:49,15.22,0.02,17,25862,买盘
13:03:52,15.22,0.0,50,76052,买盘
13:03:54,15.2,-0.02,31,47158,卖盘
13:03:57,15.2,0.0,331,503346,卖盘
13:04:00,15.22,0.02,107,162758,买盘
13:04:04,15.22,0.0,377,573073,买盘
13:04:07,15.2,-0.02,251,381919,卖盘
13:04:09,15.21,0.01,77,117078,买盘
13:04:13,15.2,-0.01,36,54729,卖盘
13:04:16,15.21,0.01,28,42579,买盘
13:04:19,15.21,0.0,67,101895,买盘
13:04:21,15.21,0.0,522,793957,买盘
13:04:24,15.21,0.0,238,361988,卖盘
13:04:27,15.21,0.0,76,115616,卖盘
13:04:31,15.21,0.0,24,36504,卖盘
13:04:34,15.21,0.0,10,15216,卖盘
13:04:36,15.21,0.0,201,305931,卖盘
13:04:39,15.22,0.01,49,74578,中性盘
13:04:43,15.22,0.0,15,22830,卖盘
13:04:46,15.23,0.01,63,95905,买盘
13:04:48,15.22,-0.01,159,242003,卖盘
13:04:51,15.22,0.0,82,124769,买盘
13:04:54,15.23,0.01,298,453693,买盘
13:04:58,15.22,-0.01,14,21309,卖盘
13:05:00,15.22,0.0,108,164306,买盘
13:05:04,15.21,-0.01,67,102000,卖盘
13:05:06,15.22,0.01,7,10651,中性盘
13:05:09,15.23,0.01,13,19799,买盘
13:05:12,15.22,-0.01,49,74578,卖盘
13:05:16,15.22,0.0,126,191822,卖盘
13:05:19,15.23,0.01,2489,3785981,买盘
13:05:22,15.22,-0.01,670,1018704,卖盘
13:05:24,15.22,0.0,50,76069,买盘
13:05:27,15.21,-0.01,75,114219,卖盘
13:05:31,15.22,0.01,67,101957,买盘
13:05:33,15.23,0.01,240,365428,买盘
13:05:37,15.21,-0.02,136,206873,卖盘
13:05:39,15.22,0.01,32,48704,买盘
13:05:43,15.22,0.0,120,182640,卖盘
13:05:45,15.22,0.0,55,83675,买盘
13:05:49,15.22,0.0,70,106490,买盘
13:05:51,15.21,-0.01,102,155151,卖盘
13:05:55,15.22,0.01,29,44117,买盘
13:05:58,15.22,0.0,14,21308,买盘
13:06:01,15.22,0.0,70,106512,买盘
13:06:04,15.22,0.0,147,223842,卖盘
13:06:07,15.22,0.0,40,60880,卖盘
13:06:10,15.22,0.0,47,71544,卖盘
13:06:13,15.22,0.0,13,19786,卖盘
13:06:16,15.23,0.01,77,117270,买盘
13:06:19,15.23,0.0,40,60881,买盘
13:06:21,15.23,0.0,96,146130,买盘
13:06:25,15.22,-0.01,78,118718,卖盘
13:06:28,15.22,0.0,75,114161,卖盘
13:06:30,15.22,0.0,32,48822,卖盘
13:06:34,15.23,0.01,50,76128,买盘
13:06:37,15.21,-0.02,363,552376,卖盘
13:06:39,15.22,0.01,135,205370,买盘
13:06:43,15.21,-0.01,52,79129,卖盘
13:06:46,15.22,0.01,14,21295,买盘
13:06:49,15.21,-0.01,22,33471,卖盘
13:06:51,15.22,0.01,67,101948,买盘
13:06:54,15.22,0.0,133,202403,买盘
13:06:58,15.21,-0.01,77,117298,卖盘
13:07:01,15.21,0.0,41,62371,卖盘
13:07:04,15.21,0.0,38,57829,卖盘
13:07:07,15.22,0.01,54,82158,买盘
13:07:10,15.21,-0.01,24,36514,卖盘
13:07:12,15.21,0.0,168,255546,卖盘
13:07:16,15.22,0.01,204,310439,买盘
13:07:19,15.22,0.0,156,237292,买盘
13:07:22,15.21,-0.01,161,244909,卖盘
13:07:24,15.22,0.01,65,98895,买盘
13:07:27,15.22,0.0,65,98915,买盘
13:07:30,15.22,0.0,33,50208,买盘
13:07:33,15.22,0.0,217,330369,买盘
13:07:36,15.21,-0.01,88,133880,卖盘
13:07:39,15.22,0.01,26,39556,买盘
13:07:42,15.22,0.0,90,136973,买盘
13:07:45,15.22,0.0,171,260192,买盘
13:07:49,15.22,0.0,255,388065,买盘
13:07:52,15.22,0.0,234,356238,买盘
13:07:54,15.22,0.0,101,153673,买盘
13:07:58,15.21,-0.01,57,86738,卖盘
13:08:00,15.22,0.01,88,133890,买盘
13:08:05,15.22,0.0,171,260142,买盘
13:08:07,15.21,-0.01,125,190206,卖盘
13:08:10,15.22,0.01,77,117163,买盘
13:08:13,15.22,0.0,52,79123,买盘
13:08:16,15.21,-0.01,385,586014,卖盘
13:08:19,15.21,0.0,314,477788,卖盘
13:08:21,15.22,0.01,102,155154,买盘
13:08:25,15.21,-0.01,164,249499,卖盘
13:08:27,15.21,0.0,41,62364,卖盘
13:08:31,15.21,0.0,14,21295,卖盘
13:08:33,15.21,0.0,186,283010,卖盘
13:08:36,15.21,0.0,130,197736,卖盘
13:08:39,15.21,0.0,40,60840,卖盘
13:08:42,15.22,0.01,167,254147,买盘
13:08:45,15.21,-0.01,313,476083,卖盘
13:08:49,15.22,0.01,323,491312,买盘
13:08:51,15.21,-0.01,86,130810,卖盘
13:08:55,15.22,0.01,136,206857,买盘
13:08:57,15.21,-0.01,135,205336,卖盘
13:09:00,15.21,0.0,375,570445,卖盘
13:09:04,15.22,0.01,155,235761,买盘
13:09:07,15.21,-0.01,116,176437,卖盘
13:09:10,15.21,0.0,292,444292,卖盘
13:09:13,15.21,0.0,100,152110,卖盘
13:09:15,15.21,0.0,61,92791,卖盘
13:09:18,15.22,0.01,96,146050,买盘
13:09:22,15.22,0.0,102,155182,买盘
13:09:24,15.21,-0.01,149,226756,卖盘
13:09:28,15.21,0.0,58,88228,卖盘
13:09:30,15.21,0.0,183,277375,卖盘
13:09:33,15.21,0.0,113,171882,卖盘
13:09:36,15.21,0.0,270,410845,卖盘
13:09:39,15.22,0.01,373,567339,买盘
13:09:42,15.22,0.0,85,129294,买盘
13:09:45,15.22,0.0,26,39566,买盘
13:09:49,15.21,-0.01,628,956187,卖盘
13:09:51,15.21,0.0,484,736004,买盘
13:09:55,15.21,0.0,454,690457,买盘
13:09:57,15.2,-0.01,261,396861,卖盘
13:10:01,15.21,0.01,277,420301,买盘
13:10:05,15.21,0.0,75,115089,卖盘
13:10:07,15.21,0.0,279,423163,买盘
13:10:10,15.21,0.0,119,181035,卖盘
13:10:12,15.21,0.0,113,171905,卖盘
13:10:15,15.21,0.0,432,658055,卖盘
13:10:19,15.21,0.0,133,202192,买盘
13:10:21,15.21,0.0,222,337654,买盘
13:10:24,15.22,0.01,536,815252,买盘
13:10:27,15.22,0.0,1201,1827923,卖盘
13:10:30,15.21,-0.01,1904,2898362,卖盘
13:10:33,15.21,0.0,574,872156,卖盘
13:10:37,15.21,0.0,50,76050,卖盘
13:10:40,15.21,0.0,70,106535,卖盘
13:10:43,15.21,0.0,23,34983,卖盘
13:10:45,15.21,0.0,34,51714,卖盘
13:10:48,15.22,0.01,102,155222,买盘
13:10:51,15.22,0.0,242,368296,买盘
13:10:54,15.22,0.0,116,176498,买盘
13:10:57,15.21,-0.01,73,111084,卖盘
13:11:00,15.21,0.0,16,24336,卖盘
13:11:04,15.22,0.01,19,28918,买盘
13:11:07,15.21,-0.01,35,53249,卖盘
13:11:10,15.21,0.0,8,12168,卖盘
13:11:13,15.21,0.0,33,50196,卖盘
13:11:15,15.22,0.01,66,100439,买盘
13:11:18,15.22,0.0,43,65404,买盘
13:11:21,15.21,-0.01,44,66960,卖盘
13:11:24,15.22,0.01,45,68478,买盘
13:11:27,15.22,0.0,144,219152,买盘
13:11:31,15.21,-0.01,1135,1727385,卖盘
13:11:33,15.22,0.01,477,725574,买盘
13:11:37,15.22,0.0,460,699755,买盘
13:11:39,15.22,0.0,88,134301,卖盘
13:11:43,15.22,0.0,93,141546,买盘
13:11:45,15.21,-0.01,35,53346,卖盘
13:11:48,15.23,0.02,6,9133,买盘
13:11:51,15.22,-0.01,236,359379,卖盘
13:11:54,15.22,0.0,507,771877,卖盘
13:11:57,15.22,0.0,356,541721,买盘
13:12:00,15.22,0.0,246,374411,买盘
13:12:04,15.23,0.01,55,83713,买盘
13:12:07,15.22,-0.01,240,365500,卖盘
13:12:09,15.22,0.0,110,167420,卖盘
13:12:13,15.22,0.0,49,74578,卖盘
13:12:15,15.23,0.01,27,41107,买盘
13:12:19,15.23,0.0,18,27409,买盘
13:12:22,15.23,0.0,194,295398,买盘
13:12:24,15.22,-0.01,55,83710,卖盘
13:12:27,15.23,0.01,94,143130,买盘
13:12:30,15.23,0.0,60,91355,买盘
13:12:33,15.23,0.0,59,89828,买盘
13:12:36,15.22,-0.01,67,102020,卖盘
13:12:39,15.23,0.01,23,35016,买盘
13:12:43,15.23,0.0,26,39595,买盘
13:12:45,15.23,0.0,31,47197,买盘
13:12:48,15.23,0.0,68,103558,买盘
13:12:52,15.23,0.0,68,103548,买盘
13:12:54,15.23,0.0,48,73098,买盘
13:12:57,15.23,0.0,241,367050,卖盘
13:13:01,15.23,0.0,70,106610,卖盘
13:13:04,15.23,0.0,24,36553,卖盘
13:13:07,15.23,0.0,110,167536,卖盘
13:13:10,15.23,0.0,32,48736,卖盘
13:13:13,15.23,0.0,13,19809,卖盘
13:13:15,15.23,0.0,6,9139,卖盘
13:13:18,15.23,0.0,7,10662,卖盘
13:13:22,15.23,0.0,47,71581,卖盘
13:13:24,15.23,0.0,41,62457,卖盘
13:13:27,15.23,0.0,7,10661,卖盘
13:13:30,15.23,0.0,38,57874,卖盘
13:13:33,15.24,0.01,553,842242,买盘
13:13:36,15.23,-0.01,137,208651,卖盘
13:13:39,15.23,0.0,235,357937,卖盘
13:13:43,15.23,0.0,110,167471,买盘
13:13:45,15.23,0.0,41,62428,买盘
13:13:48,15.23,0.0,120,182753,买盘
13:13:52,15.22,-0.01,118,179680,卖盘
13:13:54,15.23,0.01,55,83743,买盘
13:13:58,15.23,0.0,19,28919,买盘
13:14:01,15.23,0.0,11,16748,买盘
13:14:04,15.22,-0.01,44,67000,卖盘
13:14:06,15.22,0.0,71,108072,卖盘
13:14:09,15.23,0.01,32,48719,买盘
13:14:12,15.22,-0.01,15,22840,卖盘
13:14:15,15.22,0.0,10,15220,卖盘
13:14:19,15.23,0.01,42,64072,买盘
13:14:22,15.23,0.0,17,25880,买盘
13:14:24,15.22,-0.01,109,165995,卖盘
13:14:28,15.23,0.01,38,57847,买盘
13:14:30,15.22,-0.01,102,155244,卖盘
13:14:33,15.23,0.01,51,77634,买盘
13:14:37,15.22,-0.01,41,62428,卖盘
13:14:40,15.22,0.0,172,261835,卖盘
13:14:43,15.23,0.01,333,506930,买盘
13:14:46,15.23,0.0,91,138506,买盘
13:14:49,15.23,0.0,68,103534,买盘
13:14:51,15.23,0.0,71,108102,买盘
13:14:54,15.23,0.0,48,73090,买盘
13:14:57,15.23,0.0,61,92889,买盘
13:15:01,15.22,-0.01,22,33484,卖盘
13:15:05,15.23,0.01,220,334879,买盘
13:15:07,15.22,-0.01,114,173553,卖盘
13:15:10,15.23,0.01,80,121803,买盘
13:15:13,15.23,0.0,19,28921,买盘
13:15:15,15.23,0.0,6,9135,买盘
13:15:19,15.23,0.0,236,359237,买盘
13:15:22,15.23,0.0,177,269478,买盘
13:15:24,15.23,0.0,70,106547,买盘
13:15:27,15.22,-0.01,70,106347,卖盘
13:15:31,15.22,0.0,45,68501,卖盘
13:15:33,15.23,0.01,253,385311,买盘
13:15:37,15.22,-0.01,76,115684,卖盘
13:15:40,15.23,0.01,300,456848,买盘
13:15:42,15.22,-0.01,288,438336,卖盘
13:15:45,15.22,0.0,56,85232,卖盘
13:15:48,15.23,0.01,83,126355,买盘
13:15:51,15.22,-0.01,142,216134,卖盘
13:15:54,15.22,0.0,37,56314,卖盘
13:15:58,15.22,0.0,41,62432,卖盘
13:16:00,15.22,0.0,19,28918,卖盘
13:16:04,15.23,0.01,38,57851,买盘
13:16:06,15.22,-0.01,76,115728,卖盘
13:16:09,15.23,0.01,120,182648,买盘
13:16:12,15.22,-0.01,214,325865,卖盘
13:16:15,15.22,0.0,125,190250,卖盘
13:16:19,15.23,0.01,340,517745,买盘
13:16:22,15.22,-0.01,79,120238,卖盘
13:16:25,15.22,0.0,272,414252,卖盘
13:16:27,15.22,0.0,90,136990,卖盘
13:16:31,15.23,0.01,65,98937,买盘
13:16:33,15.23,0.0,109,165991,买盘
13:16:37,15.22,-0.01,27,41094,卖盘
13:16:39,15.22,0.0,422,642294,卖盘
13:16:43,15.23,0.01,317,482683,买盘
13:16:45,15.23,0.0,71,108064,买盘
13:16:48,15.23,0.0,270,410943,买盘
13:16:51,15.22,-0.01,599,911711,卖盘
13:16:54,15.22,0.0,46,70093,卖盘
13:16:57,15.22,0.0,395,601132,买盘
13:17:00,15.23,0.01,406,617862,买盘
13:17:05,15.22,-0.01,207,315147,卖盘
13:17:07,15.22,0.0,76,115675,卖盘
13:17:09,15.23,0.01,2482,3775728,买盘
13:17:13,15.22,-0.01,218,331799,卖盘
13:17:15,15.22,0.0,486,739252,买盘
13:17:18,15.22,0.0,51,77622,买盘
13:17:21,15.22,0.0,137,208492,买盘
13:17:24,15.21,-0.01,86,130865,卖盘
13:17:28,15.22,0.01,534,812248,买盘
13:17:31,15.22,0.0,240,365250,买盘
13:17:33,15.22,0.0,29,44162,买盘
13:17:36,15.22,0.0,64,97380,买盘
13:17:40,15.22,0.0,51,77622,买盘
13:17:42,15.21,-0.01,240,365117,卖盘
13:17:45,15.22,0.01,61,92801,买盘
13:17:49,15.22,0.0,70,106511,买盘
13:17:51,15.22,0.0,223,339366,买盘
13:17:55,15.21,-0.01,70,106496,卖盘
13:17:57,15.21,0.0,1053,1602335,卖盘
13:18:00,15.22,0.01,412,626819,买盘
13:18:04,15.22,0.0,138,209992,买盘
13:18:07,15.21,-0.01,53,80631,卖盘
13:18:09,15.22,0.01,148,225249,买盘
13:18:13,15.22,0.0,80,121718,买盘
13:18:15,15.22,0.0,71,108049,买盘
13:18:19,15.22,0.0,112,170435,买盘
13:18:21,15.22,0.0,84,127823,买盘
13:18:25,15.22,0.0,76,115656,买盘
13:18:27,15.21,-0.01,243,369742,卖盘
13:18:30,15.21,0.0,137,208430,卖盘
13:18:33,15.22,0.01,876,1332435,买盘
13:18:36,15.21,-0.01,489,743918,卖盘
13:18:39,15.21,0.0,139,211435,卖盘
13:18:42,15.22,0.01,954,1451359,买盘
13:18:45,15.21,-0.01,245,372648,卖盘
13:18:48,15.22,0.01,88,133854,买盘
13:18:52,15.22,0.0,176,267845,买盘
13:18:55,15.22,0.0,104,158234,买盘
13:18:58,15.21,-0.01,16,24336,卖盘
13:19:01,15.22,0.01,1102,1676737,买盘
13:19:05,15.21,-0.01,276,419799,卖盘
13:19:06,15.21,0.0,102,155761,卖盘
13:19:09,15.22,0.01,53,80641,买盘
13:19:12,15.21,-0.01,314,477780,卖盘
13:19:15,15.22,0.01,129,196261,买盘
13:19:18,15.22,0.0,480,730099,买盘
13:19:22,15.22,0.0,133,202311,买盘
13:19:24,15.21,-0.01,24,36515,卖盘
13:19:28,15.22,0.01,81,123277,买盘
13:19:31,15.22,0.0,50,76075,买盘
13:19:33,15.21,-0.01,316,480939,卖盘
13:19:36,15.21,0.0,124,188607,卖盘
13:19:40,15.22,0.01,151,229793,买盘
13:19:42,15.22,0.0,47,71495,买盘
13:19:45,15.21,-0.01,236,359076,卖盘
13:19:48,15.22,0.01,195,296638,买盘
13:19:51,15.22,0.0,215,327195,买盘
13:19:55,15.22,0.0,134,203904,买盘
13:19:58,15.22,0.0,149,226725,买盘
13:20:00,15.22,0.0,86,130859,买盘
13:20:04,15.22,0.0,93,141502,买盘
13:20:07,15.21,-0.01,30,45630,卖盘
13:20:10,15.22,0.01,14,21304,买盘
13:20:13,15.22,0.0,40,60867,买盘
13:20:15,15.22,0.0,2644,4022793,买盘
13:20:19,15.22,0.0,676,1028872,卖盘
13:20:21,15.22,0.0,16,24352,卖盘
13:20:25,15.22,0.0,22,33484,卖盘
13:20:28,15.22,0.0,48,73057,卖盘
13:20:30,15.22,0.0,109,165903,卖盘
13:20:34,15.22,0.0,48,73058,卖盘
13:20:37,15.23,0.01,976,1485538,买盘
13:20:39,15.24,0.01,1631,2484080,买盘
13:20:43,15.25,0.01,54,82311,买盘
13:20:45,15.23,-0.02,336,512348,卖盘
13:20:48,15.24,0.01,4,6096,买盘
13:20:51,15.23,-0.01,7,10662,卖盘
13:20:55,15.24,0.01,356,542196,买盘
13:20:58,15.23,-0.01,663,1009633,卖盘
13:21:00,15.23,0.0,355,540667,买盘
13:21:04,15.23,0.0,13,19794,买盘
13:21:07,15.22,-0.01,99,150762,卖盘
13:21:10,15.23,0.01,5,7615,买盘
13:21:12,15.23,0.0,33,50247,买盘
13:21:15,15.22,-0.01,390,593956,卖盘
13:21:19,15.22,0.0,79,120261,卖盘
13:21:21,15.23,0.01,7,10661,买盘
13:21:24,15.23,0.0,69,105048,买盘
13:21:28,15.23,0.0,303,461469,买盘
13:21:31,15.23,0.0,15,22844,买盘
13:21:33,15.23,0.0,115,175110,买盘
13:21:37,15.23,0.0,337,513246,买盘
13:21:39,15.23,0.0,2,3047,卖盘
13:21:43,15.24,0.01,12,18284,买盘
13:21:45,15.23,-0.01,16,24368,卖盘
13:21:48,15.24,0.01,47,71628,买盘
13:21:51,15.24,0.0,31,47222,买盘
13:21:55,15.23,-0.01,179,272627,卖盘
13:21:57,15.24,0.01,16,24379,买盘
13:22:01,15.24,0.0,17,25906,买盘
13:22:05,15.24,0.0,45,68579,买盘
13:22:07,15.23,-0.01,109,166110,卖盘
13:22:10,15.24,0.01,161,245316,买盘
13:22:13,15.24,0.0,51,77724,买盘
13:22:15,15.24,0.0,100,152398,买盘
13:22:18,15.23,-0.01,12,18281,卖盘
13:22:21,15.23,0.0,835,1271786,卖盘
13:22:24,15.22,-0.01,187,284799,卖盘
13:22:27,15.23,0.01,132,201036,买盘
13:22:30,15.22,-0.01,81,123356,卖盘
13:22:34,15.23,0.01,243,369888,买盘
13:22:36,15.23,0.0,809,1231329,买盘
13:22:39,15.22,-0.01,137,208534,卖盘
13:22:43,15.22,0.0,173,263414,卖盘
13:22:45,15.22,0.0,103,156803,卖盘
13:22:48,15.23,0.01,79,120283,买盘
13:22:51,15.22,-0.01,1828,2782377,卖盘
13:22:55,15.22,0.0,128,194794,买盘
13:22:58,15.22,0.0,303,461159,买盘
13:23:01,15.22,0.0,203,308955,买盘
13:23:04,15.22,0.0,190,289045,买盘
13:23:07,15.21,-0.01,64,97381,卖盘
13:23:10,15.21,0.0,104,158218,卖盘
13:23:13,15.21,0.0,703,1069933,卖盘
13:23:16,15.22,0.01,72,109575,买盘
13:23:19,15.21,-0.01,2009,3055692,卖盘
13:23:21,15.22,0.01,297,452018,买盘
13:23:25,15.22,0.0,88,133878,买盘
13:23:27,15.22,0.0,144,219166,买盘
13:23:30,15.21,-0.01,7,10652,卖盘
13:23:34,15.22,0.01,34,51735,买盘
13:23:36,15.21,-0.01,58,88228,卖盘
13:23:39,15.22,0.01,6,9132,买盘
13:23:42,15.22,0.0,194,295259,买盘
13:23:46,15.21,-0.01,13,19775,卖盘
13:23:49,15.22,0.01,28,42604,买盘
13:23:51,15.22,0.0,410,623668,买盘
13:23:54,15.22,0.0,815,1239637,买盘
13:23:57,15.21,-0.01,45,68452,卖盘
13:24:00,15.21,0.0,866,1317176,卖盘
13:24:04,15.21,0.0,255,387834,买盘
13:24:07,15.2,-0.01,91,138406,卖盘
13:24:10,15.21,0.01,59,89734,买盘
13:24:13,15.21,0.0,280,425863,买盘
13:24:15,15.21,0.0,201,305690,买盘
13:24:19,15.21,0.0,58,88208,买盘
13:24:21,15.21,0.0,1241,1887349,买盘
13:24:24,15.21,0.0,88,133914,卖盘
13:24:28,15.21,0.0,65,98885,卖盘
13:24:30,15.21,0.0,183,278519,卖盘
13:24:33,15.22,0.01,4,6088,买盘
13:24:36,15.21,-0.01,26,39559,卖盘
13:24:40,15.22,0.01,19,28918,买盘
13:24:42,15.21,-0.01,212,322453,卖盘
13:24:45,15.22,0.01,72,109580,买盘
13:24:49,15.22,0.0,17,25874,买盘
13:24:52,15.21,-0.01,87,132391,卖盘
13:24:54,15.22,0.01,255,388104,买盘
13:24:57,15.22,0.0,28,42616,买盘
13:25:01,15.21,-0.01,207,315156,卖盘
13:25:05,15.21,0.0,143,217541,卖盘
13:25:07,15.21,0.0,51,77617,卖盘
13:25:09,15.22,0.01,77,117194,买盘
13:25:12,15.22,0.0,52,79134,买盘
13:25:16,15.22,0.0,397,603592,买盘
13:25:18,15.23,0.01,13,21005,买盘
13:25:21,15.22,-0.01,17,25874,卖盘
13:25:24,15.22,0.0,6,9132,卖盘
13:25:27,15.23,0.01,49,74621,买盘
13:25:31,15.22,-0.01,5,7610,卖盘
13:25:34,15.23,0.01,10,15227,买盘
13:25:36,15.21,-0.02,2120,3224994,卖盘
13:25:39,15.23,0.02,19,28937,买盘
13:25:43,15.23,0.0,94,143149,买盘
13:25:45,15.22,-0.01,5,7611,卖盘
13:25:49,15.23,0.01,22,33500,买盘
13:25:51,15.23,0.0,42,63966,买盘
13:26:01,15.22,-0.01,35,53289,卖盘
13:26:04,15.22,0.0,1013,1541818,卖盘
13:26:06,15.22,0.0,128,194395,卖盘
13:26:09,15.22,0.0,22,33491,卖盘
13:26:13,15.22,0.0,18,27397,卖盘
13:26:16,15.23,0.01,316,481241,买盘
13:26:18,15.23,0.0,2,3046,买盘
13:26:21,15.22,-0.01,32,48719,卖盘
13:26:24,15.22,0.0,49,74623,卖盘
13:26:27,15.22,0.0,3,4567,卖盘
13:26:31,15.22,0.0,28,42642,卖盘
13:26:33,15.23,0.01,85,129430,买盘
13:26:37,15.22,-0.01,28,42616,卖盘
13:26:39,15.22,0.0,8,12181,卖盘
13:26:43,15.22,0.0,192,292256,卖盘
13:26:45,15.22,0.0,24,36549,卖盘
13:26:49,15.23,0.01,523,796015,买盘
13:26:51,15.23,0.0,268,407901,买盘
13:26:55,15.23,0.0,47,71576,买盘
13:26:57,15.22,-0.01,1,1522,卖盘
13:27:01,15.23,0.01,36,54826,买盘
13:27:04,15.23,0.0,178,271028,买盘
13:27:07,15.22,-0.01,264,402040,卖盘
13:27:09,15.23,0.01,411,625953,买盘
13:27:12,15.23,0.0,21,31965,买盘
13:27:15,15.22,-0.01,34,51775,卖盘
13:27:18,15.23,0.01,9,13707,买盘
13:27:22,15.22,-0.01,113,172086,卖盘
13:27:25,15.22,0.0,52,79145,卖盘
13:27:28,15.23,0.01,14,21316,买盘
13:27:31,15.23,0.0,9,13705,买盘
13:27:34,15.23,0.0,1,1523,买盘
13:27:36,15.23,0.0,19,28922,买盘
13:27:39,15.23,0.0,81,123358,买盘
13:27:42,15.22,-0.01,67,102001,卖盘
13:27:45,15.23,0.01,15,22842,买盘
13:27:49,15.23,0.0,30,45684,买盘
13:27:52,15.23,0.0,418,636614,买盘
13:27:55,15.23,0.0,13,19799,买盘
13:27:58,15.23,0.0,270,411127,买盘
13:28:00,15.23,0.0,62,94419,买盘
13:28:04,15.23,0.0,37,56325,买盘
13:28:07,15.22,-0.01,49,74605,卖盘
13:28:09,15.22,0.0,46,70048,卖盘
13:28:12,15.23,0.01,353,537754,买盘
13:28:16,15.23,0.0,4,6090,买盘
13:28:19,15.23,0.0,381,580243,买盘
13:28:21,15.23,0.0,392,597034,买盘
13:28:25,15.23,0.0,75,114219,买盘
13:28:27,15.23,0.0,53,80755,卖盘
13:28:30,15.23,0.0,58,88334,卖盘
13:28:33,15.23,0.0,14,21324,卖盘
13:28:37,15.23,0.0,49,74627,卖盘
13:28:39,15.23,0.0,13,19799,卖盘
13:28:42,15.23,0.0,738,1123974,卖盘
13:28:45,15.23,0.0,193,294014,卖盘
13:28:49,15.23,0.0,307,467562,卖盘
13:28:52,15.23,0.0,223,339640,卖盘
13:28:55,15.24,0.01,5,7620,买盘
13:28:57,15.23,-0.01,380,578937,卖盘
13:29:00,15.23,0.0,65,99058,卖盘
13:29:04,15.23,0.0,89,135599,卖盘
13:29:06,15.23,0.0,189,287851,卖盘
13:29:09,15.24,0.01,142,215215,买盘
13:29:13,15.23,-0.01,152,231643,卖盘
13:29:16,15.23,0.0,25,38076,卖盘
13:29:18,15.24,0.01,34,51810,买盘
13:29:21,15.24,0.0,27,41148,买盘
13:29:25,15.24,0.0,8,12190,买盘
13:29:27,15.24,0.0,112,170583,买盘
13:29:31,15.23,-0.01,11,16758,卖盘
13:29:33,15.24,0.01,237,360998,买盘
13:29:37,15.23,-0.01,25,38088,卖盘
13:29:39,15.23,0.0,533,811765,卖盘
13:29:42,15.24,0.01,99,150876,买盘
13:29:46,15.24,0.0,60,91420,卖盘
13:29:48,15.24,0.0,12,18288,买盘
13:29:51,15.24,0.0,166,253098,买盘
13:29:54,15.23,-0.01,45,69169,卖盘
13:29:58,15.25,0.02,41,62485,买盘
13:30:01,15.24,-0.01,170,259247,卖盘
13:30:05,15.26,0.02,851,1298038,买盘
13:30:07,15.25,-0.01,187,285351,卖盘
13:30:09,15.26,0.01,334,509684,买盘
13:30:12,15.25,-0.01,212,323571,卖盘
13:30:16,15.26,0.01,124,189243,买盘
13:30:19,15.26,0.0,7,10678,买盘
13:30:21,15.26,0.0,142,216673,买盘
13:30:24,15.26,0.0,170,259412,买盘
13:30:27,15.26,0.0,322,491372,买盘
13:30:31,15.26,0.0,261,398284,买盘
13:30:33,15.25,-0.01,97,148094,卖盘
13:30:37,15.26,0.01,42,64082,中性盘
13:30:39,15.26,0.0,150,228910,买盘
13:30:42,15.26,0.0,139,212166,中性盘
13:30:46,15.25,-0.01,152,231968,卖盘
13:30:48,15.26,0.01,872,1329900,买盘
13:30:52,15.24,-0.02,458,698630,卖盘
13:30:54,15.25,0.01,99,150949,买盘
13:30:57,15.25,0.0,176,268393,买盘
13:31:01,15.25,0.0,51,77773,买盘
13:31:05,15.25,0.0,73,111308,买盘
13:31:06,15.24,-0.01,41,62512,卖盘
13:31:09,15.25,0.01,28,42695,买盘
13:31:12,15.25,0.0,23,35075,卖盘
13:31:15,15.25,0.0,46,70151,卖盘
13:31:19,15.26,0.01,114,173851,买盘
13:31:21,15.26,0.0,23,35078,买盘
13:31:25,15.25,-0.01,2,3050,卖盘
13:31:27,15.26,0.01,649,990372,买盘
13:31:30,15.26,0.0,290,442540,卖盘
13:31:33,15.27,0.01,73,111400,买盘
13:31:36,15.26,-0.01,110,167926,卖盘
13:31:40,15.26,0.0,13,19838,卖盘
13:31:43,15.26,0.0,297,453222,卖盘
13:31:45,15.25,-0.01,9,13731,卖盘
13:31:49,15.26,0.01,147,224270,买盘
13:31:51,15.27,0.01,13,19841,买盘
13:31:54,15.26,-0.01,66,100676,中性盘
13:31:58,15.26,0.0,15,22890,卖盘
13:32:00,15.26,0.0,31,47310,卖盘
13:32:04,15.26,0.0,481,733992,卖盘
13:32:07,15.25,-0.01,1366,2086286,卖盘
13:32:10,15.27,0.02,6,9162,买盘
13:32:13,15.27,0.0,37,56498,买盘
13:32:15,15.25,-0.02,1061,1620004,卖盘
13:32:19,15.26,0.01,58,88508,买盘
13:32:22,15.26,0.0,63,96165,买盘
13:32:25,15.25,-0.01,29,44241,卖盘
13:32:27,15.26,0.01,22,33572,买盘
13:32:31,15.25,-0.01,120,183030,卖盘
13:32:33,15.26,0.01,16,24416,买盘
13:32:37,15.25,-0.01,24,36607,卖盘
13:32:39,15.25,0.0,110,167750,卖盘
13:32:43,15.25,0.0,36,54912,卖盘
13:32:45,15.26,0.01,65,99126,买盘
13:32:49,15.26,0.0,171,260886,买盘
