time,price,change,volume,amount,type
09:25:00,15.33,-0.04,8804,13496532,卖盘
09:30:00,15.32,-0.01,314,480898,卖盘
09:30:04,15.3,-0.02,1640,2509072,卖盘
09:30:07,15.28,-0.02,1063,1625341,卖盘
09:30:10,15.28,0.0,844,1289751,买盘
09:30:13,15.27,-0.01,1590,2430336,卖盘
09:30:15,15.3,0.03,1380,2105918,买盘
09:30:18,15.25,-0.05,392,597816,卖盘
09:30:22,15.26,0.01,228,347789,买盘
09:30:25,15.27,0.01,183,279285,买盘
09:30:28,15.25,-0.02,88,134254,卖盘
09:30:31,15.25,0.0,339,517358,卖盘
09:30:33,15.28,0.03,1060,1618923,买盘
09:30:37,15.25,-0.03,245,374332,卖盘
09:30:39,15.27,0.02,84,128283,中性盘
09:30:43,15.25,-0.02,734,1121002,卖盘
09:30:45,15.27,0.02,304,463911,买盘
09:30:49,15.26,-0.01,861,1313367,卖盘
09:30:51,15.27,0.01,355,541986,买盘
09:30:55,15.26,-0.01,469,715926,卖盘
09:30:57,15.26,0.0,194,296066,买盘
09:31:00,15.26,0.0,379,578374,卖盘
09:31:04,15.26,0.0,1448,2210063,卖盘
09:31:06,15.26,0.0,229,349432,卖盘
09:31:09,15.26,0.0,1798,2743780,买盘
09:31:12,15.26,0.0,222,338807,卖盘
09:31:16,15.27,0.01,240,367233,买盘
09:31:19,15.26,-0.01,791,1207482,卖盘
09:31:21,15.27,0.01,399,608930,卖盘
09:31:25,15.27,0.0,577,881142,卖盘
09:31:27,15.27,0.0,1359,2077240,卖盘
09:31:31,15.29,0.02,257,392993,中性盘
09:31:33,15.29,0.0,225,344074,卖盘
09:31:37,15.29,0.0,949,1451742,卖盘
09:31:40,15.29,0.0,53,81082,卖盘
09:31:42,15.29,0.0,344,526150,卖盘
09:31:46,15.29,0.0,757,1157947,买盘
09:31:48,15.28,-0.01,455,695561,卖盘
09:31:51,15.28,0.0,242,369815,卖盘
09:31:55,15.28,0.0,190,290420,卖盘
09:31:57,15.29,0.01,714,1091356,买盘
09:32:01,15.29,0.0,177,270651,卖盘
09:32:05,15.28,-0.01,715,1092895,卖盘
09:32:07,15.28,0.0,432,660116,买盘
09:32:10,15.28,0.0,299,456889,卖盘
09:32:13,15.28,0.0,115,175752,卖盘
09:32:15,15.28,0.0,1544,2357952,卖盘
09:32:19,15.28,0.0,375,573064,买盘
09:32:22,15.27,-0.01,109,166496,卖盘
09:32:25,15.27,0.0,1150,1756214,卖盘
09:32:27,15.27,0.0,967,1476609,卖盘
09:32:30,15.27,0.0,169,258061,买盘
09:32:33,15.27,0.0,1134,1730678,买盘
09:32:36,15.26,-0.01,423,645327,卖盘
09:32:39,15.26,0.0,119,181593,买盘
09:32:43,15.25,-0.01,697,1063057,卖盘
09:32:45,15.25,0.0,1803,2748599,卖盘
09:32:49,15.25,0.0,362,551726,买盘
09:32:51,15.23,-0.02,600,914218,卖盘
09:32:55,15.24,0.01,355,541061,买盘
09:32:57,15.23,-0.01,302,459973,卖盘
09:33:00,15.25,0.02,494,752920,买盘
09:33:04,15.22,-0.03,1336,2034542,卖盘
09:33:07,15.24,0.02,463,705478,买盘
09:33:10,15.22,-0.02,888,1351625,卖盘
09:33:13,15.23,0.01,342,520641,买盘
09:33:16,15.23,0.0,332,505713,卖盘
09:33:19,15.22,-0.01,1102,1677923,卖盘
09:33:22,15.22,0.0,423,644121,卖盘
09:33:24,15.22,0.0,855,1301354,卖盘
09:33:28,15.23,0.01,459,698967,买盘
09:33:30,15.23,0.0,342,520542,买盘
09:33:33,15.22,-0.01,1861,2833381,卖盘
09:33:36,15.23,0.01,228,347135,买盘
09:33:39,15.22,-0.01,875,1331969,卖盘
09:33:43,15.22,0.0,943,1435481,卖盘
09:33:45,15.23,0.01,569,866049,买盘
09:33:48,15.22,-0.01,827,1259274,卖盘
09:33:51,15.23,0.01,416,633353,中性盘
09:33:54,15.23,0.0,1454,2213380,卖盘
09:33:58,15.23,0.0,742,1129914,买盘
09:34:01,15.22,-0.01,1167,1776054,卖盘
09:34:04,15.23,0.01,364,554293,买盘
09:34:07,15.23,0.0,740,1127012,买盘
09:34:10,15.22,-0.01,1674,2547253,卖盘
09:34:12,15.23,0.01,341,519162,买盘
09:34:15,15.23,0.0,300,456818,买盘
09:34:18,15.23,0.0,642,977503,买盘
09:34:22,15.23,0.0,306,466003,卖盘
09:34:25,15.23,0.0,370,563737,买盘
09:34:28,15.23,0.0,283,431020,卖盘
09:34:31,15.23,0.0,324,493593,卖盘
09:34:33,15.22,-0.01,836,1272553,卖盘
09:34:37,15.24,0.02,334,508778,买盘
09:34:39,15.23,-0.01,1795,2735471,卖盘
09:34:42,15.23,0.0,1215,1850594,卖盘
09:34:45,15.23,0.0,359,546887,卖盘
09:34:48,15.25,0.02,144,219506,买盘
09:34:52,15.24,-0.01,1260,1921401,卖盘
09:34:55,15.24,0.0,274,417621,卖盘
09:34:58,15.24,0.0,1988,3028259,卖盘
09:35:01,15.25,0.01,87,132607,买盘
09:35:04,15.24,-0.01,151,230210,卖盘
09:35:06,15.24,0.0,315,480070,卖盘
09:35:09,15.24,0.0,186,283346,买盘
09:35:12,15.23,-0.01,483,736104,卖盘
09:35:15,15.24,0.01,1367,2083375,卖盘
09:35:18,15.25,0.01,333,507541,买盘
09:35:21,15.25,0.0,1046,1593175,买盘
09:35:25,15.25,0.0,909,1385937,买盘
09:35:27,15.24,-0.01,316,481634,卖盘
09:35:30,15.24,0.0,645,983042,卖盘
09:35:33,15.25,0.01,1533,2337707,买盘
09:35:36,15.24,-0.01,1340,2042316,卖盘
09:35:40,15.24,0.0,2294,3498220,卖盘
09:35:43,15.24,0.0,519,791155,卖盘
09:35:46,15.24,0.0,264,402336,买盘
09:35:48,15.24,0.0,139,211834,买盘
09:35:52,15.24,0.0,520,792464,买盘
09:35:54,15.24,0.0,220,335240,买盘
09:35:57,15.24,0.0,265,403791,买盘
09:36:00,15.24,0.0,82,124968,卖盘
09:36:04,15.23,-0.01,276,420624,卖盘
09:36:06,15.23,0.0,97,147805,卖盘
09:36:09,15.24,0.01,175,266675,买盘
09:36:12,15.24,0.0,2064,3144448,买盘
09:36:15,15.23,-0.01,274,417421,卖盘
09:36:18,15.23,0.0,713,1086542,卖盘
09:36:21,15.24,0.01,737,1122471,买盘
09:36:25,15.24,0.0,3405,5184043,买盘
09:36:27,15.23,-0.01,47,71583,卖盘
09:36:30,15.24,0.01,153,233088,买盘
09:36:33,15.23,-0.01,441,671731,卖盘
09:36:37,15.23,0.0,175,266614,卖盘
09:36:39,15.24,0.01,199,303192,买盘
09:36:43,15.24,0.0,161,245321,买盘
09:36:45,15.24,0.0,267,406682,买盘
09:36:48,15.23,-0.01,149,227014,卖盘
09:36:52,15.23,0.0,151,229973,买盘
09:36:55,15.23,0.0,350,533107,买盘
09:36:58,15.22,-0.01,359,546907,卖盘
09:37:00,15.22,0.0,356,541890,卖盘
09:37:04,15.23,0.01,390,593970,买盘
09:37:07,15.23,0.0,192,292415,卖盘
09:37:10,15.23,0.0,678,1032096,卖盘
09:37:12,15.23,0.0,326,496268,买盘
09:37:16,15.22,-0.01,175,266521,卖盘
09:37:18,15.22,0.0,225,342481,卖盘
09:37:22,15.23,0.01,240,365475,买盘
09:37:25,15.22,-0.01,663,1009731,卖盘
09:37:27,15.23,0.01,236,359428,买盘
09:37:31,15.23,0.0,97,147740,卖盘
09:37:34,15.23,0.0,281,427963,卖盘
09:37:37,15.23,0.0,98,149240,卖盘
09:37:40,15.23,0.0,100,152295,买盘
09:37:43,15.23,0.0,361,549755,买盘
09:37:45,15.23,0.0,468,712543,买盘
09:37:48,15.23,0.0,708,1078259,买盘
09:37:51,15.23,0.0,214,326069,卖盘
09:37:54,15.23,0.0,354,539147,卖盘
09:37:57,15.23,0.0,297,452418,卖盘
09:38:01,15.24,0.01,97,147776,买盘
09:38:05,15.24,0.0,354,539147,买盘
09:38:07,15.23,-0.01,699,1064694,卖盘
09:38:10,15.23,0.0,214,325822,买盘
09:38:13,15.23,0.0,513,781347,买盘
09:38:15,15.23,0.0,119,181323,卖盘
09:38:19,15.23,0.0,392,596947,卖盘
09:38:21,15.23,0.0,213,324472,卖盘
09:38:24,15.24,0.01,101,153909,买盘
09:38:27,15.23,-0.01,84,127949,卖盘
09:38:31,15.23,0.0,151,229982,卖盘
09:38:34,15.23,0.0,1071,1632247,卖盘
09:38:37,15.23,0.0,50,76179,卖盘
09:38:39,15.23,0.0,130,198000,卖盘
09:38:42,15.24,0.01,668,1017634,买盘
09:38:45,15.24,0.0,388,591002,买盘
09:38:48,15.24,0.0,189,287849,买盘
09:38:52,15.23,-0.01,345,525685,卖盘
09:38:55,15.23,0.0,142,216299,卖盘
09:38:58,15.24,0.01,62,94476,买盘
09:39:00,15.25,0.01,43,65562,买盘
09:39:05,15.24,-0.01,117,178309,卖盘
09:39:07,15.24,0.0,416,634161,卖盘
09:39:10,15.25,0.01,107,163236,买盘
09:39:12,15.25,0.0,47,71675,卖盘
09:39:16,15.26,0.01,3,4578,买盘
09:39:18,15.26,0.0,116,176958,买盘
09:39:21,15.26,0.0,309,471534,买盘
09:39:25,15.26,0.0,584,890900,卖盘
09:39:28,15.26,0.0,254,387598,卖盘
09:39:31,15.26,0.0,59,90033,买盘
09:39:33,15.26,0.0,258,393783,卖盘
09:39:37,15.25,-0.01,47,71712,卖盘
09:39:40,15.25,0.0,315,480536,卖盘
09:39:43,15.26,0.01,191,291446,买盘
09:39:46,15.26,0.0,213,325033,买盘
09:39:48,15.25,-0.01,872,1329843,卖盘
09:39:52,15.25,0.0,162,247014,买盘
09:39:54,15.26,0.01,327,498719,买盘
09:39:58,15.25,-0.01,438,667742,卖盘
09:40:00,15.25,0.0,454,692265,买盘
09:40:04,15.26,0.01,142,216593,买盘
09:40:06,15.25,-0.01,324,494266,卖盘
09:40:10,15.25,0.0,119,181475,买盘
09:40:12,15.24,-0.01,762,1161560,卖盘
09:40:16,15.25,0.01,93,141818,买盘
09:40:18,15.24,-0.01,303,462048,卖盘
09:40:22,15.25,0.01,345,526052,买盘
09:40:25,15.26,0.01,190,289770,买盘
09:40:27,15.26,0.0,3571,5448327,买盘
09:40:30,15.26,0.0,1141,1741166,卖盘
09:40:33,15.26,0.0,190,290049,卖盘
09:40:37,15.27,0.01,66,100744,买盘
09:40:39,15.27,0.0,296,451982,买盘
09:40:43,15.26,-0.01,305,465713,卖盘
09:40:45,15.27,0.01,371,566268,买盘
09:40:49,15.26,-0.01,65,99244,卖盘
09:40:51,15.28,0.02,241,368004,买盘
09:40:54,15.27,-0.01,57,87034,卖盘
09:40:57,15.27,0.0,42,64141,买盘
09:41:00,15.27,0.0,651,994060,卖盘
09:41:04,15.27,0.0,295,450440,买盘
09:41:07,15.27,0.0,64,97727,买盘
09:41:10,15.27,0.0,90,137427,买盘
09:41:13,15.27,0.0,108,164908,买盘
09:41:16,15.27,0.0,76,116044,买盘
09:41:18,15.27,0.0,142,217445,买盘
09:41:21,15.28,0.01,28,42770,买盘
09:41:24,15.28,0.0,98,149648,买盘
09:41:27,15.27,-0.01,45,68750,卖盘
09:41:31,15.28,0.01,201,307080,买盘
09:41:34,15.28,0.0,164,250542,买盘
09:41:36,15.28,0.0,488,745305,买盘
09:41:40,15.27,-0.01,284,433832,卖盘
09:41:42,15.28,0.01,303,462983,买盘
09:41:45,15.29,0.01,162,247541,买盘
09:41:49,15.29,0.0,17,25985,买盘
09:41:51,15.29,0.0,307,469334,买盘
09:41:54,15.29,0.0,289,441669,买盘
09:41:58,15.28,-0.01,64,97855,卖盘
09:42:00,15.28,0.0,217,331629,卖盘
09:42:04,15.29,0.01,258,394475,买盘
09:42:06,15.29,0.0,275,420475,卖盘
09:42:10,15.3,0.01,238,363905,买盘
09:42:13,15.29,-0.01,764,1168401,卖盘
09:42:15,15.28,-0.01,678,1036630,卖盘
09:42:19,15.28,0.0,917,1400939,卖盘
09:42:21,15.28,0.0,278,424783,买盘
09:42:24,15.28,0.0,181,276568,买盘
09:42:27,15.27,-0.01,166,253558,卖盘
09:42:30,15.27,0.0,1057,1614882,卖盘
09:42:33,15.27,0.0,485,740744,卖盘
09:42:37,15.27,0.0,182,278087,卖盘
09:42:39,15.27,0.0,382,583433,卖盘
09:42:42,15.27,0.0,149,227636,卖盘
09:42:46,15.28,0.01,40,61090,买盘
09:42:49,15.27,-0.01,183,279493,卖盘
09:42:51,15.27,0.0,223,340666,卖盘
09:42:55,15.27,0.0,554,845996,卖盘
09:42:57,15.27,0.0,415,633705,买盘
09:43:00,15.26,-0.01,89,135861,卖盘
09:43:04,15.27,0.01,50,76332,买盘
09:43:06,15.27,0.0,103,157231,买盘
09:43:09,15.27,0.0,48,73296,买盘
09:43:12,15.27,0.0,155,236545,买盘
09:43:15,15.26,-0.01,91,138906,卖盘
09:43:18,15.26,0.0,263,401382,卖盘
09:43:21,15.26,0.0,783,1194894,卖盘
09:43:24,15.27,0.01,382,582942,买盘
09:43:27,15.26,-0.01,354,540239,卖盘
09:43:30,15.26,0.0,816,1244643,卖盘
09:43:33,15.26,0.0,186,283853,卖盘
09:43:36,15.26,0.0,1402,2139462,卖盘
09:43:39,15.26,0.0,351,535885,卖盘
09:43:42,15.27,0.01,120,183172,买盘
09:43:45,15.26,-0.01,209,318972,卖盘
09:43:48,15.26,0.0,464,708064,卖盘
09:43:51,15.27,0.01,449,685342,买盘
09:43:54,15.26,-0.01,1753,2675085,卖盘
09:43:57,15.26,0.0,151,230525,卖盘
09:44:00,15.26,0.0,475,724966,卖盘
09:44:04,15.26,0.0,72,109883,卖盘
09:44:07,15.26,0.0,56,86090,卖盘
09:44:09,15.26,0.0,192,292992,买盘
09:44:13,15.26,0.0,73,111391,买盘
09:44:15,15.26,0.0,290,441883,买盘
09:44:18,15.25,-0.01,909,1387688,卖盘
09:44:21,15.26,0.01,106,161129,买盘
09:44:25,15.26,0.0,150,228900,卖盘
09:44:28,15.27,0.01,154,235014,买盘
09:44:31,15.26,-0.01,443,675700,卖盘
09:44:33,15.26,0.0,135,206010,卖盘
09:44:37,15.26,0.0,113,172462,卖盘
09:44:40,15.26,0.0,74,112934,卖盘
09:44:43,15.26,0.0,59,90034,卖盘
09:44:45,15.27,0.01,46,70206,买盘
09:44:49,15.26,-0.01,250,381500,卖盘
09:44:51,15.26,0.0,2320,3540480,卖盘
09:44:54,15.26,0.0,266,405919,卖盘
09:44:58,15.26,0.0,1033,1576685,卖盘
09:45:00,15.27,0.01,439,669965,买盘
09:45:04,15.27,0.0,229,349603,买盘
09:45:06,15.27,0.0,487,743649,卖盘
09:45:09,15.27,0.0,173,264033,买盘
09:45:12,15.26,-0.01,6678,10190752,卖盘
09:45:15,15.26,0.0,483,737064,卖盘
09:45:18,15.26,0.0,1777,2710274,买盘
09:45:22,15.27,0.01,15,22890,买盘
09:45:24,15.26,-0.01,1061,1620116,买盘
09:45:28,15.26,0.0,40,61040,卖盘
09:45:30,15.26,0.0,1375,2097176,卖盘
09:45:33,15.26,0.0,655,999530,买盘
09:45:37,15.26,0.0,64,97644,买盘
09:45:40,15.25,-0.01,117,178452,卖盘
09:45:42,15.25,0.0,47,71701,卖盘
09:45:45,15.25,0.0,180,274507,卖盘
09:45:48,15.25,0.0,183,279139,卖盘
09:45:52,15.25,0.0,1770,2700624,卖盘
09:45:55,15.25,0.0,216,329422,卖盘
09:45:58,15.25,0.0,205,312650,卖盘
09:46:01,15.25,0.0,68,103717,卖盘
09:46:04,15.25,0.0,303,462761,卖盘
09:46:07,15.24,-0.01,535,815860,卖盘
09:46:10,15.25,0.01,827,1261168,买盘
09:46:13,15.25,0.0,370,564198,买盘
09:46:15,15.24,-0.01,434,661748,卖盘
09:46:18,15.24,0.0,182,277505,卖盘
09:46:21,15.24,0.0,214,326238,卖盘
09:46:24,15.24,0.0,147,224031,卖盘
09:46:27,15.25,0.01,175,266804,买盘
09:46:31,15.24,-0.01,57,86880,卖盘
09:46:33,15.24,0.0,149,227137,卖盘
09:46:37,15.26,0.02,2906,4433421,买盘
09:46:40,15.25,-0.01,610,930678,卖盘
09:46:42,15.25,0.0,61,93025,卖盘
09:46:45,15.25,0.0,36,54748,卖盘
09:46:48,15.25,0.0,6,9150,卖盘
09:46:51,15.26,0.01,177,270102,买盘
09:46:54,15.26,0.0,741,1131182,买盘
09:46:57,15.25,-0.01,602,918053,卖盘
09:47:01,15.26,0.01,53,80858,买盘
09:47:05,15.25,-0.01,429,654975,卖盘
09:47:07,15.25,0.0,46,70143,买盘
09:47:09,15.25,0.0,364,554750,买盘
09:47:12,15.24,-0.01,71,108257,卖盘
09:47:16,15.24,0.0,430,654653,卖盘
09:47:18,15.26,0.02,552,842294,买盘
09:47:22,15.25,-0.01,238,363143,卖盘
09:47:25,15.24,-0.01,276,420712,卖盘
09:47:28,15.26,0.02,12,18302,买盘
09:47:31,15.25,-0.01,54,82350,卖盘
09:47:34,15.25,0.0,232,353982,卖盘
09:47:37,15.25,0.0,202,308050,买盘
09:47:39,15.25,0.0,64,97597,买盘
09:47:43,15.25,0.0,6,9149,买盘
09:47:46,15.24,-0.01,174,265329,卖盘
09:47:48,15.25,0.01,800,1219952,买盘
09:47:52,15.25,0.0,271,413239,买盘
09:47:55,15.24,-0.01,130,198155,卖盘
09:47:58,15.25,0.01,88,134141,买盘
09:48:01,15.25,0.0,349,531879,买盘
09:48:04,15.25,0.0,110,167741,买盘
09:48:07,15.24,-0.01,683,1041467,卖盘
09:48:10,15.24,0.0,582,887140,卖盘
09:48:13,15.24,0.0,176,268254,卖盘
09:48:15,15.24,0.0,139,211856,卖盘
09:48:18,15.24,0.0,1180,1799197,卖盘
09:48:21,15.25,0.01,77,117369,买盘
09:48:25,15.24,-0.01,15,22861,卖盘
09:48:27,15.24,0.0,289,440436,卖盘
09:48:30,15.24,0.0,525,800161,卖盘
09:48:34,15.24,0.0,95,144785,卖盘
09:48:36,15.24,0.0,138,210318,卖盘
09:48:40,15.25,0.01,107,163076,买盘
09:48:42,15.24,-0.01,823,1255052,卖盘
09:48:46,15.24,0.0,63,96020,卖盘
09:48:48,15.25,0.01,153,233195,买盘
09:48:51,15.25,0.0,529,806591,买盘
09:48:54,15.25,0.0,62,94528,买盘
09:48:57,15.24,-0.01,78,118924,卖盘
09:49:00,15.24,0.0,59,89920,卖盘
09:49:05,15.25,0.01,34,51833,买盘
09:49:07,15.25,0.0,69,105217,买盘
09:49:10,15.25,0.0,781,1190995,买盘
09:49:12,15.26,0.01,520,792680,买盘
09:49:15,15.24,-0.02,114,173739,卖盘
09:49:18,15.25,0.01,62,94532,买盘
09:49:21,15.24,-0.01,69,105215,卖盘
09:49:24,15.25,0.01,207,315592,买盘
09:49:27,15.25,0.0,318,484657,买盘
09:49:30,15.25,0.0,274,417814,买盘
09:49:33,15.25,0.0,252,384254,买盘
09:49:36,15.25,0.0,1063,1621581,买盘
09:49:40,15.25,0.0,65,99121,卖盘
09:49:43,15.25,0.0,264,402572,卖盘
09:49:45,15.25,0.0,207,315606,买盘
09:49:49,15.25,0.0,119,181475,买盘
09:49:51,15.25,0.0,232,353738,买盘
09:49:54,15.25,0.0,626,954649,买盘
09:49:57,15.25,0.0,652,994322,卖盘
09:50:00,15.26,0.01,622,948696,买盘
09:50:05,15.25,-0.01,103,157078,中性盘
09:50:07,15.25,0.0,315,480375,买盘
09:50:10,15.25,0.0,1385,2110884,买盘
09:50:13,15.24,-0.01,226,344477,卖盘
09:50:15,15.25,0.01,170,259108,买盘
09:50:18,15.24,-0.01,254,387251,卖盘
09:50:21,15.24,0.0,28,42682,卖盘
09:50:25,15.24,0.0,29,44199,卖盘
09:50:28,15.24,0.0,930,1418153,卖盘
09:50:30,15.24,0.0,165,251466,卖盘
09:50:33,15.24,0.0,121,184452,卖盘
09:50:37,15.25,0.01,514,783339,买盘
09:50:39,15.24,-0.01,127,193548,卖盘
09:50:43,15.24,0.0,228,347479,卖盘
09:50:45,15.25,0.01,217,331628,买盘
09:50:49,15.24,-0.01,24,36576,中性盘
09:50:51,15.24,0.0,535,815773,买盘
09:50:54,15.24,0.0,224,340795,卖盘
09:50:57,15.24,0.0,162,246770,卖盘
09:51:00,15.25,0.01,72,109789,买盘
09:51:04,15.25,0.0,121,184517,卖盘
09:51:07,15.24,-0.01,388,591285,卖盘
09:51:10,15.24,0.0,392,597060,买盘
09:51:13,15.23,-0.01,66,100583,卖盘
09:51:16,15.24,0.01,153,233051,买盘
09:51:19,15.24,0.0,135,205627,买盘
09:51:21,15.23,-0.01,51,77723,卖盘
09:51:24,15.24,0.01,261,397708,买盘
09:51:27,15.23,-0.01,44,67020,卖盘
09:51:30,15.24,0.01,307,467617,买盘
09:51:33,15.24,0.0,470,715922,买盘
09:51:36,15.24,0.0,70,106617,买盘
09:51:39,15.23,-0.01,169,257428,卖盘
09:51:43,15.23,0.0,1349,2054594,卖盘
09:51:45,15.24,0.01,133,202613,买盘
09:51:49,15.23,-0.01,613,933887,卖盘
09:51:51,15.23,0.0,226,344202,卖盘
09:51:54,15.23,0.0,275,419060,卖盘
09:51:57,15.24,0.01,780,1188151,买盘
09:52:00,15.23,-0.01,269,410021,卖盘
09:52:05,15.23,0.0,833,1269202,卖盘
09:52:07,15.23,0.0,51,77673,买盘
09:52:09,15.23,0.0,142,216187,买盘
09:52:12,15.23,0.0,175,266524,买盘
09:52:15,15.22,-0.01,180,274043,卖盘
09:52:18,15.22,0.0,2522,3838510,卖盘
09:52:22,15.22,0.0,429,653022,卖盘
09:52:24,15.23,0.01,242,368178,买盘
09:52:28,15.21,-0.02,250,380481,卖盘
09:52:31,15.22,0.01,95,144654,中性盘
09:52:33,15.21,-0.01,135,205425,卖盘
09:52:36,15.21,0.0,245,372776,卖盘
09:52:39,15.21,0.0,43,65411,卖盘
09:52:43,15.21,0.0,256,389551,卖盘
09:52:45,15.21,0.0,156,237288,卖盘
09:52:49,15.21,0.0,331,503646,卖盘
09:52:51,15.21,0.0,166,252523,卖盘
09:52:54,15.21,0.0,1510,2296926,卖盘
09:52:58,15.21,0.0,401,609939,卖盘
09:53:00,15.21,0.0,224,340781,卖盘
09:53:04,15.21,0.0,231,351372,卖盘
09:53:06,15.21,0.0,153,232755,卖盘
09:53:09,15.21,0.0,339,515651,卖盘
09:53:12,15.21,0.0,229,348410,卖盘
09:53:15,15.22,0.01,249,378764,买盘
09:53:18,15.21,-0.01,82,124745,卖盘
09:53:21,15.22,0.01,445,677160,买盘
09:53:25,15.22,0.0,673,1023670,买盘
09:53:27,15.21,-0.01,204,310307,卖盘
09:53:31,15.21,0.0,260,395632,卖盘
09:53:34,15.22,0.01,1735,2638945,买盘
09:53:36,15.21,-0.01,321,488340,卖盘
09:53:40,15.22,0.01,260,395531,买盘
09:53:42,15.21,-0.01,175,266206,卖盘
09:53:45,15.21,0.0,812,1235237,卖盘
09:53:49,15.21,0.0,145,220549,买盘
09:53:52,15.22,0.01,173,263153,买盘
09:53:54,15.21,-0.01,667,1014667,卖盘
09:53:58,15.21,0.0,173,263199,买盘
09:54:00,15.21,0.0,303,461032,卖盘
09:54:04,15.21,0.0,333,506542,卖盘
09:54:07,15.21,0.0,185,281408,卖盘
09:54:09,15.21,0.0,388,590189,卖盘
09:54:13,15.21,0.0,159,241871,卖盘
09:54:15,15.21,0.0,431,655562,卖盘
09:54:19,15.21,0.0,206,313341,卖盘
09:54:21,15.21,0.0,234,355886,卖盘
09:54:25,15.21,0.0,212,322374,买盘
09:54:27,15.21,0.0,40,60840,买盘
09:54:31,15.21,0.0,177,269145,买盘
09:54:33,15.2,-0.01,227,345155,卖盘
09:54:36,15.21,0.01,143,217407,买盘
09:54:40,15.2,-0.01,2550,3878802,卖盘
09:54:43,15.21,0.01,269,409007,卖盘
09:54:45,15.22,0.01,1033,1572005,买盘
09:54:49,15.21,-0.01,92,139933,卖盘
09:54:51,15.21,0.0,1102,1676772,卖盘
09:54:54,15.23,0.02,305,464369,买盘
09:54:58,15.22,-0.01,146,222227,卖盘
09:55:00,15.22,0.0,138,210036,卖盘
09:55:04,15.23,0.01,84,127893,买盘
09:55:07,15.22,-0.01,222,337963,卖盘
09:55:09,15.23,0.01,40,60890,买盘
09:55:13,15.23,0.0,65,98952,买盘
09:55:15,15.22,-0.01,38,57853,卖盘
09:55:18,15.23,0.01,133,202559,买盘
09:55:21,15.23,0.0,189,287390,买盘
09:55:25,15.23,0.0,77,117286,卖盘
09:55:27,15.24,0.01,79,120377,买盘
09:55:31,15.23,-0.01,82,124888,卖盘
09:55:33,15.24,0.01,34,51791,买盘
09:55:36,15.23,-0.01,257,391353,卖盘
09:55:39,15.23,0.0,201,306263,卖盘
09:55:42,15.24,0.01,85,129488,买盘
09:55:45,15.22,-0.02,97,147736,卖盘
09:55:48,15.23,0.01,78,118739,买盘
09:55:52,15.23,0.0,169,257386,买盘
09:55:55,15.24,0.01,182,277221,买盘
09:55:57,15.24,0.0,90,137160,卖盘
09:56:00,15.25,0.01,27,41155,买盘
09:56:04,15.25,0.0,44,67092,买盘
09:56:06,15.24,-0.01,8,12194,卖盘
09:56:09,15.23,-0.01,155,236069,卖盘
09:56:13,15.24,0.01,20,30480,买盘
09:56:15,15.24,0.0,374,569974,买盘
09:56:19,15.24,0.0,305,464820,买盘
09:56:21,15.24,0.0,28,42662,买盘
09:56:24,15.24,0.0,1063,1619751,买盘
09:56:28,15.24,0.0,11,16764,卖盘
09:56:30,15.24,0.0,442,673667,卖盘
09:56:34,15.24,0.0,204,310978,卖盘
09:56:36,15.25,0.01,90,137197,买盘
09:56:39,15.25,0.0,185,282090,买盘
09:56:42,15.24,-0.01,35,53365,卖盘
09:56:45,15.25,0.01,142,216534,买盘
09:56:48,15.25,0.0,76,115877,买盘
09:56:51,15.25,0.0,67,102126,买盘
09:56:54,15.26,0.01,563,858708,买盘
09:56:57,15.24,-0.02,158,240838,卖盘
09:57:04,15.25,0.01,74,112850,卖盘
09:57:06,15.26,0.01,120,182972,买盘
09:57:09,15.26,0.0,72,109826,买盘
09:57:13,15.25,-0.01,64,97609,卖盘
09:57:16,15.25,0.0,41,62540,卖盘
09:57:18,15.25,0.0,72,109800,买盘
09:57:21,15.25,0.0,99,150939,买盘
09:57:25,15.25,0.0,70,106750,买盘
09:57:28,15.25,0.0,97,147910,买盘
09:57:31,15.25,0.0,66,100640,买盘
09:57:34,15.25,0.0,86,131145,买盘
09:57:36,15.25,0.0,901,1373285,卖盘
09:57:39,15.25,0.0,214,326358,卖盘
09:57:43,15.26,0.01,38,57964,买盘
09:57:46,15.25,-0.01,175,266880,卖盘
09:57:48,15.25,0.0,22,33550,卖盘
09:57:52,15.25,0.0,97,147940,卖盘
09:57:54,15.25,0.0,309,471381,卖盘
09:57:57,15.25,0.0,136,207400,卖盘
09:58:00,15.25,0.0,115,175420,卖盘
09:58:04,15.25,0.0,72,109808,卖盘
09:58:07,15.26,0.01,191,291385,买盘
09:58:10,15.25,-0.01,259,395030,卖盘
09:58:13,15.26,0.01,317,483375,买盘
09:58:15,15.25,-0.01,73,111353,卖盘
09:58:18,15.26,0.01,116,176933,买盘
09:58:22,15.26,0.0,61,93056,买盘
09:58:24,15.26,0.0,720,1098347,买盘
09:58:28,15.25,-0.01,105,160125,卖盘
09:58:30,15.25,0.0,179,273037,卖盘
09:58:34,15.25,0.0,38,57987,卖盘
09:58:36,15.25,0.0,656,1000423,卖盘
09:58:39,15.25,0.0,107,163175,买盘
09:58:42,15.25,0.0,43,65565,买盘
09:58:46,15.25,0.0,103,157055,买盘
09:58:48,15.25,0.0,2,3050,买盘
09:58:51,15.25,0.0,62,94540,买盘
09:58:55,15.26,0.01,304,463714,买盘
09:58:58,15.25,-0.01,119,181399,卖盘
09:59:01,15.26,0.01,23,35098,买盘
09:59:04,15.25,-0.01,174,265381,卖盘
09:59:06,15.25,0.0,75,114386,卖盘
09:59:09,15.25,0.0,178,271406,买盘
09:59:13,15.25,0.0,147,224175,买盘
09:59:15,15.25,0.0,27,41175,买盘
09:59:19,15.25,0.0,39,59443,买盘
09:59:21,15.25,0.0,177,269917,买盘
09:59:25,15.25,0.0,100,152458,买盘
09:59:27,15.24,-0.01,45,68586,卖盘
09:59:31,15.24,0.0,187,285167,卖盘
09:59:33,15.25,0.01,88,134188,卖盘
09:59:37,15.24,-0.01,359,547207,卖盘
09:59:40,15.24,0.0,48,73180,卖盘
09:59:42,15.24,0.0,19,28973,卖盘
09:59:45,15.24,0.0,2394,3648488,卖盘
09:59:49,15.24,0.0,229,349000,卖盘
09:59:51,15.25,0.01,131,199761,买盘
09:59:55,15.25,0.0,457,696620,买盘
09:59:58,15.25,0.0,89,135653,买盘
10:00:01,15.24,-0.01,335,510669,卖盘
10:00:04,15.25,0.01,168,256198,买盘
10:00:07,15.26,0.01,467,711784,买盘
10:00:10,15.25,-0.01,45,68623,卖盘
10:00:13,15.25,0.0,207,315678,卖盘
10:00:16,15.26,0.01,95,144967,买盘
10:00:19,15.25,-0.01,43,65609,卖盘
10:00:21,15.25,0.0,1698,2588382,卖盘
10:00:24,15.25,0.0,32,48800,买盘
10:00:27,15.25,0.0,62,94550,买盘
10:00:30,15.24,-0.01,269,410136,卖盘
10:00:34,15.25,0.01,91,138775,买盘
10:00:36,15.24,-0.01,135,205843,卖盘
10:00:39,15.25,0.01,121,184504,买盘
10:00:42,15.25,0.0,132,201300,买盘
10:00:45,15.25,0.0,143,217964,买盘
10:00:52,15.25,0.0,46,70150,卖盘
10:00:55,15.25,0.0,120,183011,卖盘
10:00:57,15.26,0.01,257,392105,买盘
10:01:00,15.26,0.0,156,238053,买盘
10:01:04,15.26,0.0,23,35098,卖盘
10:01:06,15.27,0.01,120,183124,买盘
10:01:10,15.26,-0.01,17,25958,卖盘
10:01:12,15.26,0.0,79,120604,卖盘
10:01:15,15.27,0.01,47,71755,买盘
10:01:18,15.27,0.0,230,351028,买盘
10:01:21,15.27,0.0,94,143499,买盘
10:01:25,15.27,0.0,56,85486,买盘
10:01:28,15.26,-0.01,184,280965,卖盘
10:01:30,15.27,0.01,556,849012,买盘
10:01:34,15.27,0.0,157,239739,买盘
10:01:37,15.27,0.0,773,1181484,买盘
10:01:39,15.27,0.0,144,219888,卖盘
10:01:42,15.27,0.0,119,181716,卖盘
10:01:45,15.27,0.0,31,47358,卖盘
10:01:49,15.27,0.0,30,45810,卖盘
10:01:51,15.27,0.0,29,44302,卖盘
10:01:55,15.28,0.01,68,103903,买盘
10:01:57,15.28,0.0,231,352965,买盘
10:02:01,15.27,-0.01,29,44309,卖盘
10:02:04,15.28,0.01,152,232249,买盘
10:02:07,15.27,-0.01,351,536002,卖盘
10:02:09,15.28,0.01,1,1528,买盘
10:02:12,15.27,-0.01,50,76350,卖盘
10:02:16,15.28,0.01,228,348240,买盘
10:02:19,15.27,-0.01,86,131384,卖盘
10:02:21,15.27,0.0,173,264201,卖盘
10:02:25,15.28,0.01,128,195458,买盘
10:02:27,15.28,0.0,28,42771,买盘
10:02:31,15.28,0.0,119,181803,买盘
10:02:33,15.28,0.0,2162,3303481,买盘
10:02:37,15.29,0.01,292,446144,买盘
10:02:39,15.27,-0.02,347,530000,卖盘
10:02:42,15.28,0.01,46,70288,卖盘
10:02:45,15.28,0.0,51,77929,卖盘
10:02:48,15.28,0.0,49,74900,卖盘
10:02:51,15.29,0.01,125,191012,买盘
10:02:55,15.29,0.0,197,301096,买盘
10:02:57,15.29,0.0,169,258401,买盘
10:03:00,15.28,-0.01,292,446267,卖盘
10:03:04,15.28,0.0,292,446176,买盘
10:03:07,15.28,0.0,1601,2446412,买盘
10:03:09,15.29,0.01,110,168104,买盘
10:03:12,15.29,0.0,2,3058,买盘
10:03:15,15.29,0.0,130,198748,买盘
10:03:18,15.29,0.0,10,15290,买盘
10:03:21,15.29,0.0,6,9171,买盘
10:03:25,15.29,0.0,34,51973,买盘
10:03:28,15.29,0.0,296,452567,买盘
10:03:30,15.28,-0.01,773,1181192,卖盘
10:03:33,15.28,0.0,308,470624,买盘
10:03:36,15.28,0.0,5,7640,买盘
10:03:39,15.28,0.0,81,123728,买盘
10:03:42,15.28,0.0,124,189480,买盘
10:03:46,15.28,0.0,25,38220,卖盘
10:03:48,15.28,0.0,47,71816,卖盘
10:03:51,15.28,0.0,42,64178,卖盘
10:03:54,15.29,0.01,123,188063,买盘
10:03:57,15.28,-0.01,189,288965,卖盘
10:04:01,15.28,0.0,57,87098,卖盘
10:04:05,15.28,0.0,376,574538,卖盘
10:04:07,15.29,0.01,87,132967,买盘
10:04:09,15.28,-0.01,194,296434,卖盘
10:04:13,15.28,0.0,147,224632,卖盘
10:04:15,15.29,0.01,355,542752,买盘
10:04:19,15.28,-0.01,51,77928,卖盘
10:04:22,15.29,0.01,29,44313,买盘
10:04:25,15.29,0.0,335,512019,买盘
10:04:27,15.28,-0.01,97,148249,卖盘
10:04:30,15.28,0.0,306,467497,卖盘
10:04:33,15.28,0.0,368,562291,买盘
10:04:36,15.28,0.0,30,45838,买盘
10:04:39,15.28,0.0,79,120712,买盘
10:04:42,15.28,0.0,95,145132,买盘
10:04:45,15.28,0.0,239,365066,买盘
10:04:49,15.27,-0.01,98,149648,卖盘
10:04:51,15.28,0.01,216,330006,买盘
10:04:54,15.27,-0.01,110,167985,卖盘
10:04:57,15.27,0.0,241,368288,卖盘
10:05:00,15.27,0.0,29,44293,卖盘
10:05:05,15.28,0.01,44,67200,买盘
10:05:07,15.27,-0.01,130,198539,卖盘
10:05:09,15.28,0.01,235,358894,买盘
10:05:12,15.28,0.0,73,111533,买盘
10:05:16,15.28,0.0,44,67227,买盘
10:05:18,15.28,0.0,114,174205,买盘
10:05:21,15.27,-0.01,255,389560,卖盘
10:05:25,15.27,0.0,5,7636,卖盘
10:05:27,15.28,0.01,59,90112,买盘
10:05:31,15.28,0.0,222,339375,买盘
10:05:34,15.28,0.0,46,70289,买盘
10:05:37,15.28,0.0,7,10696,卖盘
10:05:40,15.28,0.0,51,77918,卖盘
10:05:43,15.28,0.0,63,96250,买盘
10:05:46,15.28,0.0,317,484285,卖盘
10:05:49,15.27,-0.01,34,51949,卖盘
10:05:51,15.28,0.01,235,359080,买盘
10:05:54,15.28,0.0,34,51956,卖盘
10:05:57,15.28,0.0,224,342433,卖盘
10:06:01,15.28,0.0,49,74890,卖盘
10:06:04,15.29,0.01,19,29037,买盘
10:06:06,15.29,0.0,123,188059,买盘
10:06:10,15.29,0.0,1,1529,买盘
10:06:12,15.28,-0.01,84,128417,卖盘
10:06:15,15.26,-0.02,5091,7770969,卖盘
10:06:18,15.28,0.02,15,22925,中性盘
10:06:22,15.28,0.0,16,24448,买盘
10:06:25,15.28,0.0,88,134474,买盘
10:06:28,15.27,-0.01,121,184859,卖盘
10:06:30,15.27,0.0,20,30540,买盘
10:06:34,15.28,0.01,26,39728,买盘
10:06:36,15.28,0.0,103,157201,买盘
10:06:39,15.28,0.0,191,291838,买盘
10:06:42,15.27,-0.01,61,93167,卖盘
10:06:45,15.28,0.01,27,41255,买盘
10:06:49,15.27,-0.01,26,39702,卖盘
10:06:52,15.27,0.0,28,42779,卖盘
10:06:54,15.28,0.01,14,21382,买盘
10:06:58,15.27,-0.01,216,329998,卖盘
10:07:00,15.28,0.01,15,22919,买盘
10:07:04,15.28,0.0,41,62648,买盘
10:07:07,15.28,0.0,29,44287,买盘
10:07:09,15.27,-0.01,38,58051,卖盘
10:07:12,15.28,0.01,792,1210176,买盘
10:07:15,15.28,0.0,6,9168,卖盘
10:07:18,15.28,0.0,45,68760,卖盘
10:07:22,15.28,0.0,12,18342,卖盘
10:07:24,15.28,0.0,26,39728,卖盘
10:07:28,15.28,0.0,224,342272,卖盘
10:07:30,15.28,0.0,157,239898,卖盘
10:07:33,15.27,-0.01,171,261286,卖盘
10:07:36,15.27,0.0,10,15274,卖盘
10:07:39,15.28,0.01,96,146638,买盘
10:07:43,15.27,-0.01,7,10695,卖盘
10:07:45,15.28,0.01,30,45840,买盘
10:07:48,15.27,-0.01,68,103837,卖盘
10:07:51,15.28,0.01,41,62632,买盘
10:07:55,15.27,-0.01,175,267238,卖盘
10:07:57,15.28,0.01,182,278095,买盘
10:08:01,15.27,-0.01,1,1527,卖盘
10:08:05,15.28,0.01,27,41246,买盘
10:08:07,15.27,-0.01,204,311528,卖盘
10:08:10,15.27,0.0,28,42781,卖盘
10:08:13,15.28,0.01,22,33602,买盘
10:08:15,15.27,-0.01,249,380223,卖盘
10:08:18,15.27,0.0,227,346629,买盘
10:08:21,15.27,0.0,57,87039,买盘
10:08:24,15.26,-0.01,30,45796,卖盘
10:08:28,15.26,0.0,70,106837,卖盘
10:08:30,15.26,0.0,1498,2285967,卖盘
10:08:34,15.27,0.01,634,967582,买盘
10:08:36,15.26,-0.01,231,352305,卖盘
10:08:39,15.27,0.01,98,149520,买盘
10:08:43,15.27,0.0,32,48849,买盘
10:08:45,15.26,-0.01,186,283852,卖盘
10:08:48,15.27,0.01,185,282367,买盘
10:08:52,15.27,0.0,36,54952,买盘
10:08:55,15.26,-0.01,182,277747,卖盘
10:08:57,15.28,0.02,277,423133,买盘
10:09:04,15.28,0.0,39,59568,买盘
10:09:07,15.27,-0.01,5,7635,卖盘
10:09:10,15.28,0.01,86,131358,买盘
10:09:13,15.27,-0.01,46,70248,卖盘
10:09:15,15.28,0.01,25,38191,买盘
10:09:19,15.27,-0.01,57,87039,卖盘
10:09:21,15.28,0.01,25,38190,买盘
10:09:25,15.28,0.0,609,929947,买盘
10:09:27,15.28,0.0,19,29032,买盘
10:09:30,15.28,0.0,92,140565,买盘
10:09:33,15.27,-0.01,263,401622,卖盘
10:09:37,15.27,0.0,65,99296,卖盘
10:09:39,15.27,0.0,56,85512,卖盘
10:09:42,15.28,0.01,92,140576,买盘
10:09:45,15.28,0.0,68,103852,买盘
10:09:48,15.28,0.0,39,59569,买盘
10:09:51,15.27,-0.01,133,203202,卖盘
10:09:54,15.28,0.01,12,18335,买盘
10:09:57,15.28,0.0,218,333088,买盘
10:10:00,15.28,0.0,91,139046,买盘
10:10:04,15.28,0.0,153,233685,买盘
10:10:07,15.28,0.0,40,61093,买盘
10:10:09,15.28,0.0,40,61116,买盘
10:10:12,15.28,0.0,13,19853,买盘
10:10:15,15.28,0.0,59,90142,买盘
10:10:18,15.27,-0.01,36,54979,卖盘
10:10:21,15.27,0.0,31,47365,卖盘
10:10:24,15.28,0.01,167,255032,买盘
10:10:27,15.27,-0.01,329,502357,卖盘
10:10:30,15.27,0.0,5,7635,买盘
10:10:33,15.27,0.0,163,248901,买盘
10:10:36,15.26,-0.01,20,30529,卖盘
10:10:40,15.27,0.01,118,180089,买盘
10:10:43,15.26,-0.01,40,61070,卖盘
10:10:46,15.26,0.0,63,96149,卖盘
10:10:48,15.26,0.0,72,109911,卖盘
10:10:52,15.26,0.0,46,70217,卖盘
10:10:54,15.27,0.01,53,80902,买盘
10:10:58,15.27,0.0,215,328276,买盘
10:11:01,15.26,-0.01,174,265524,卖盘
10:11:04,15.27,0.01,208,317423,买盘
10:11:07,15.27,0.0,9,13736,买盘
10:11:09,15.26,-0.01,48,73266,卖盘
10:11:13,15.26,0.0,25,38156,卖盘
10:11:15,15.27,0.01,114,174042,买盘
10:11:18,15.26,-0.01,124,189318,卖盘
10:11:21,15.27,0.01,118,180089,买盘
10:11:24,15.26,-0.01,218,332669,卖盘
10:11:27,15.26,0.0,656,1001176,卖盘
10:11:30,15.26,0.0,182,277732,买盘
10:11:33,15.26,0.0,3,4578,买盘
10:11:36,15.26,0.0,23,35098,买盘
10:11:39,15.25,-0.01,53,80851,卖盘
10:11:42,15.26,0.01,130,197334,买盘
10:11:46,15.25,-0.01,33,50325,卖盘
10:11:48,15.25,0.0,395,602375,卖盘
10:11:51,15.25,0.0,55,83925,卖盘
10:11:54,15.25,0.0,27,41179,卖盘
10:11:57,15.26,0.01,188,286860,买盘
10:12:01,15.25,-0.01,319,486495,卖盘
10:12:04,15.26,0.01,1316,2006919,买盘
10:12:07,15.26,0.0,258,393639,买盘
10:12:10,15.25,-0.01,378,576451,卖盘
10:12:12,15.25,0.0,101,154037,卖盘
10:12:16,15.25,0.0,68,103700,卖盘
10:12:18,15.25,0.0,111,169379,卖盘
10:12:22,15.25,0.0,1211,1846781,卖盘
10:12:25,15.25,0.0,104,158632,卖盘
10:12:28,15.26,0.01,1144,1744699,买盘
10:12:30,15.26,0.0,117,178442,买盘
10:12:34,15.25,-0.01,10,15250,卖盘
10:12:37,15.26,0.01,378,576447,买盘
10:12:40,15.25,-0.01,244,372278,卖盘
10:12:43,15.25,0.0,35,53381,卖盘
10:12:46,15.26,0.01,335,510905,买盘
10:12:48,15.25,-0.01,26,39660,中性盘
10:12:52,15.25,0.0,47,71656,买盘
10:12:54,15.25,0.0,50,76231,买盘
10:12:57,15.24,-0.01,259,394974,卖盘
10:13:00,15.25,0.01,206,314172,买盘
10:13:04,15.25,0.0,6,9150,卖盘
10:13:06,15.25,0.0,31,47293,卖盘
10:13:09,15.26,0.01,3,4578,买盘
10:13:12,15.26,0.0,97,147968,买盘
10:13:15,15.25,-0.01,168,256268,卖盘
10:13:18,15.25,0.0,203,309600,卖盘
10:13:22,15.25,0.0,30,45750,卖盘
10:13:25,15.25,0.0,26,39666,卖盘
10:13:28,15.25,0.0,181,276030,卖盘
10:13:30,15.25,0.0,85,129665,卖盘
10:13:33,15.25,0.0,43,65613,卖盘
10:13:36,15.26,0.01,57,86981,买盘
10:13:39,15.25,-0.01,48,73203,卖盘
10:13:42,15.26,0.01,35,53390,买盘
10:13:45,15.25,-0.01,67,102205,卖盘
10:13:49,15.25,0.0,43,65592,卖盘
10:13:51,15.26,0.01,6,9156,买盘
10:13:55,15.26,0.0,27,41202,买盘
10:13:57,15.26,0.0,8,12208,买盘
10:14:01,15.26,0.0,296,451654,买盘
10:14:04,15.25,-0.01,84,128124,卖盘
10:14:07,15.26,0.01,4,6103,买盘
10:14:09,15.25,-0.01,7,10676,卖盘
10:14:13,15.26,0.01,1149,1752361,买盘
10:14:16,15.26,0.0,23,35081,买盘
10:14:18,15.25,-0.01,43,65602,卖盘
10:14:21,15.26,0.01,11,16786,买盘
10:14:25,15.26,0.0,39,59491,买盘
10:14:28,15.26,0.0,469,715558,买盘
10:14:31,15.26,0.0,263,401298,买盘
10:14:34,15.25,-0.01,1,1525,卖盘
10:14:36,15.25,0.0,100,152533,卖盘
10:14:39,15.25,0.0,6,9459,卖盘
10:14:43,15.25,0.0,70,106766,卖盘
10:14:45,15.25,0.0,9,13725,卖盘
10:14:48,15.25,0.0,245,373640,卖盘
10:14:51,15.25,0.0,59,89982,卖盘
10:14:54,15.25,0.0,109,166241,卖盘
10:14:58,15.26,0.01,35,53384,买盘
10:15:00,15.25,-0.01,231,352442,卖盘
10:15:04,15.25,0.0,82,125050,卖盘
10:15:07,15.26,0.01,144,219636,买盘
10:15:10,15.25,-0.01,96,146402,卖盘
10:15:12,15.25,0.0,44,67126,卖盘
10:15:15,15.25,0.0,2,3050,卖盘
10:15:18,15.26,0.01,16,24416,买盘
10:15:21,15.24,-0.02,972,1481981,卖盘
10:15:25,15.24,0.0,777,1185617,卖盘
10:15:27,15.24,0.0,60,91474,卖盘
10:15:31,15.26,0.02,21,32032,买盘
10:15:33,15.25,-0.01,45,68620,卖盘
10:15:37,15.25,0.0,81,123473,买盘
10:15:39,15.25,0.0,215,327715,买盘
10:15:43,15.26,0.01,34,51853,买盘
10:15:45,15.25,-0.01,87,132728,卖盘
10:15:48,15.25,0.0,173,263841,卖盘
10:15:51,15.26,0.01,12,18302,买盘
10:15:54,15.24,-0.02,245,373651,卖盘
10:15:57,15.25,0.01,2,3050,中性盘
10:16:00,15.25,0.0,210,320306,买盘
10:16:04,15.25,0.0,57,86897,买盘
10:16:09,15.26,0.01,67,102177,买盘
10:16:12,15.25,-0.01,277,422662,卖盘
10:16:15,15.25,0.0,807,1230100,卖盘
10:16:19,15.24,-0.01,25,38124,卖盘
10:16:21,15.24,0.0,76,115898,卖盘
10:16:24,15.25,0.01,631,961676,卖盘
10:16:28,15.25,0.0,78,118944,卖盘
10:16:31,15.25,0.0,41,62541,卖盘
10:16:33,15.25,0.0,14,21350,卖盘
10:16:36,15.24,-0.01,133,202840,卖盘
10:16:40,15.25,0.01,8,12200,买盘
10:16:42,15.25,0.0,22,33550,买盘
10:16:46,15.25,0.0,62,94548,买盘
10:16:48,15.25,0.0,47,71662,买盘
10:16:51,15.25,0.0,22,33540,买盘
10:16:54,15.24,-0.01,57,86904,卖盘
10:16:57,15.25,0.01,13,19825,买盘
10:17:00,15.26,0.01,184,280616,买盘
10:17:07,15.25,-0.01,955,1455462,买盘
10:17:09,15.25,0.0,11,16775,卖盘
10:17:13,15.25,0.0,185,282296,卖盘
10:17:15,15.25,0.0,222,338550,卖盘
10:17:19,15.24,-0.01,32,48788,卖盘
10:17:21,15.25,0.01,14,21347,买盘
10:17:25,15.25,0.0,18,27450,买盘
10:17:27,15.25,0.0,152,231700,买盘
10:17:30,15.24,-0.01,61,92981,卖盘
10:17:33,15.25,0.01,6,9150,买盘
10:17:36,15.25,0.0,19,28975,买盘
10:17:40,15.24,-0.01,17,25908,卖盘
10:17:42,15.25,0.01,177,269854,买盘
10:17:46,15.25,0.0,24,36600,卖盘
10:17:48,15.25,0.0,81,123540,卖盘
10:17:52,15.26,0.01,13,19834,买盘
10:17:55,15.25,-0.01,22,33566,卖盘
10:17:57,15.26,0.01,2,3052,买盘
10:18:01,15.26,0.0,168,256368,买盘
10:18:04,15.25,-0.01,172,262305,卖盘
10:18:06,15.26,0.01,29,44244,买盘
10:18:09,15.25,-0.01,29,44225,卖盘
10:18:12,15.25,0.0,31,47297,卖盘
10:18:15,15.26,0.01,32,48822,买盘
10:18:18,15.25,-0.01,21,32041,卖盘
10:18:21,15.26,0.01,59,90023,买盘
10:18:25,15.25,-0.01,134,204366,卖盘
10:18:28,15.26,0.01,38,57952,买盘
10:18:31,15.25,-0.01,129,196725,卖盘
10:18:33,15.25,0.0,50,76259,卖盘
10:18:37,15.25,0.0,60,91516,卖盘
10:18:39,15.25,0.0,575,876875,卖盘
10:18:42,15.25,0.0,119,181591,卖盘
10:18:45,15.26,0.01,10,15252,买盘
10:18:48,15.26,0.0,44,67142,买盘
10:18:51,15.26,0.0,13,19827,买盘
10:18:55,15.26,0.0,9,13733,买盘
10:18:57,15.26,0.0,262,399579,买盘
10:19:01,15.25,-0.01,188,286876,卖盘
10:19:06,15.25,0.0,83,126578,卖盘
10:19:09,15.25,0.0,10,15250,卖盘
10:19:12,15.25,0.0,20,30502,卖盘
10:19:16,15.26,0.01,46,70151,买盘
10:19:19,15.25,-0.01,147,224222,卖盘
10:19:22,15.25,0.0,18,27452,卖盘
10:19:24,15.25,0.0,37,56458,卖盘
10:19:27,15.25,0.0,83,126615,卖盘
10:19:31,15.25,0.0,147,224177,卖盘
10:19:34,15.25,0.0,8,12200,卖盘
10:19:36,15.25,0.0,11,16785,卖盘
10:19:40,15.26,0.01,581,886587,买盘
10:19:43,15.25,-0.01,390,594804,卖盘
10:19:45,15.24,-0.01,26,39633,卖盘
10:19:48,15.25,0.01,90,137250,买盘
10:19:51,15.25,0.0,78,118950,买盘
10:19:54,15.25,0.0,80,121998,买盘
10:19:57,15.25,0.0,31,47275,卖盘
10:20:01,15.25,0.0,234,356850,卖盘
10:20:04,15.25,0.0,47,71675,买盘
10:20:07,15.25,0.0,73,111325,买盘
10:20:09,15.24,-0.01,163,248464,卖盘
10:20:12,15.25,0.01,226,344493,买盘
10:20:15,15.25,0.0,78,118950,买盘
10:20:18,15.24,-0.01,17,25908,卖盘
10:20:21,15.25,0.01,585,891550,买盘
10:20:25,15.25,0.0,192,292683,买盘
10:20:28,15.24,-0.01,37,56388,卖盘
10:20:30,15.24,0.0,23,35062,卖盘
10:20:34,15.24,0.0,47,71665,卖盘
10:20:36,15.24,0.0,20,30480,卖盘
10:20:39,15.24,0.0,377,574923,卖盘
10:20:43,15.25,0.01,72,109799,买盘
10:20:45,15.25,0.0,21,32019,买盘
10:20:49,15.24,-0.01,140,213430,卖盘
10:20:51,15.25,0.01,655,998787,买盘
10:20:54,15.25,0.0,115,175375,卖盘
10:20:57,15.25,0.0,34,51850,卖盘
10:21:00,15.25,0.0,31,47275,卖盘
10:21:04,15.25,0.0,171,261728,卖盘
10:21:06,15.25,0.0,191,291276,卖盘
10:21:09,15.25,0.0,45,68625,卖盘
10:21:13,15.24,-0.01,337,513145,卖盘
10:21:15,15.24,0.0,35,53373,卖盘
10:21:19,15.25,0.01,48,73200,买盘
10:21:21,15.25,0.0,162,247050,买盘
10:21:24,15.25,0.0,54,82350,卖盘
10:21:28,15.25,0.0,30,45765,卖盘
10:21:31,15.25,0.0,470,716750,卖盘
10:21:34,15.25,0.0,20,30500,买盘
10:21:36,15.25,0.0,10,15250,买盘
10:21:40,15.25,0.0,39,59475,买盘
10:21:42,15.24,-0.01,71,108258,卖盘
10:21:46,15.25,0.01,29,44216,买盘
10:21:48,15.25,0.0,74,112850,买盘
10:21:52,15.25,0.0,28,42702,卖盘
10:21:54,15.25,0.0,15,22875,卖盘
10:21:57,15.26,0.01,16,24401,买盘
10:22:00,15.25,-0.01,527,803675,卖盘
10:22:05,15.25,0.0,156,237900,买盘
10:22:07,15.25,0.0,84,128100,买盘
10:22:10,15.25,0.0,13,19821,买盘
10:22:12,15.25,0.0,747,1138489,买盘
10:22:16,15.25,0.0,62,94550,卖盘
10:22:18,15.25,0.0,25,38122,买盘
10:22:21,15.25,0.0,171,260775,买盘
10:22:24,15.24,-0.01,316,481643,卖盘
10:22:28,15.24,0.0,37,56441,卖盘
10:22:31,15.25,0.01,10,15250,买盘
10:22:34,15.25,0.0,49,74709,买盘
10:22:37,15.24,-0.01,2,3048,卖盘
10:22:39,15.24,0.0,206,314007,卖盘
10:22:42,15.25,0.01,15,22875,买盘
10:22:46,15.24,-0.01,151,230154,卖盘
10:22:48,15.24,0.0,90,137162,卖盘
10:22:52,15.25,0.01,75,114352,买盘
10:22:54,15.25,0.0,64,97596,买盘
10:22:58,15.24,-0.01,15,22871,卖盘
10:23:01,15.24,0.0,72,109755,卖盘
10:23:04,15.24,0.0,161,245530,卖盘
10:23:07,15.24,0.0,14,21344,卖盘
10:23:09,15.24,0.0,523,797052,卖盘
10:23:12,15.24,0.0,146,222609,卖盘
10:23:15,15.25,0.01,6,9150,买盘
10:23:18,15.25,0.0,29,44213,中性盘
10:23:21,15.25,0.0,25,38124,卖盘
10:23:25,15.25,0.0,44,67100,买盘
10:23:27,15.24,-0.01,45,68580,卖盘
10:23:31,15.25,0.01,20,30500,买盘
10:23:33,15.24,-0.01,525,800110,卖盘
10:23:36,15.24,0.0,129,196670,卖盘
10:23:40,15.24,0.0,43,65532,卖盘
10:23:43,15.25,0.01,422,643507,买盘
10:23:46,15.25,0.0,689,1050725,卖盘
10:23:49,15.25,0.0,86,131219,卖盘
10:23:51,15.25,0.0,43,65574,卖盘
10:23:54,15.25,0.0,7,10675,买盘
10:23:58,15.24,-0.01,258,393355,卖盘
10:24:01,15.25,0.01,41,62525,买盘
10:24:04,15.25,0.0,301,459005,买盘
10:24:07,15.25,0.0,9,13723,卖盘
10:24:09,15.25,0.0,1,1525,买盘
10:24:13,15.24,-0.01,25,38123,卖盘
10:24:15,15.25,0.01,129,196725,买盘
10:24:18,15.25,0.0,64,97581,卖盘
10:24:21,15.25,0.0,27,41174,卖盘
10:24:24,15.24,-0.01,49,74726,卖盘
10:24:27,15.24,0.0,331,505411,卖盘
10:24:30,15.25,0.01,172,261217,买盘
10:24:33,15.24,-0.01,57,86911,卖盘
10:24:36,15.24,0.0,28,42459,卖盘
10:24:39,15.24,0.0,5,7620,卖盘
10:24:43,15.24,0.0,439,670164,卖盘
10:24:46,15.24,0.0,98,149352,买盘
10:24:48,15.24,0.0,48,73114,买盘
10:24:52,15.24,0.0,319,485394,买盘
10:24:54,15.24,0.0,4,6096,卖盘
10:24:57,15.24,0.0,3,4572,买盘
10:25:00,15.24,0.0,231,352099,卖盘
10:25:05,15.24,0.0,219,333524,卖盘
10:25:07,15.24,0.0,18,27429,买盘
10:25:10,15.24,0.0,128,195072,买盘
10:25:13,15.23,-0.01,6,9141,卖盘
10:25:16,15.23,0.0,25,38078,卖盘
10:25:18,15.24,0.01,63,96007,买盘
10:25:21,15.23,-0.01,322,490406,卖盘
10:25:25,15.23,0.0,78,118794,卖盘
10:25:27,15.23,0.0,30,45690,卖盘
10:25:30,15.23,0.0,9,13707,卖盘
10:25:33,15.23,0.0,2198,3347619,卖盘
10:25:37,15.23,0.0,192,292480,卖盘
10:25:40,15.24,0.01,79,120396,买盘
10:25:43,15.23,-0.01,5,7615,卖盘
10:25:45,15.24,0.01,339,516391,买盘
10:25:48,15.23,-0.01,41,62443,卖盘
10:25:52,15.23,0.0,279,425538,卖盘
10:25:55,15.24,0.01,134,204097,卖盘
10:25:58,15.23,-0.01,25,38082,卖盘
10:26:01,15.24,0.01,36,54838,买盘
10:26:04,15.24,0.0,189,288003,买盘
10:26:07,15.23,-0.01,15,22850,卖盘
10:26:09,15.23,0.0,177,269571,卖盘
10:26:13,15.23,0.0,61,92953,卖盘
10:26:15,15.24,0.01,34,51814,买盘
10:26:19,15.23,-0.01,65,99000,卖盘
10:26:21,15.24,0.01,110,167574,买盘
10:26:25,15.23,-0.01,209,318415,卖盘
10:26:27,15.24,0.01,19,28963,买盘
10:26:30,15.23,-0.01,3,4569,卖盘
10:26:34,15.23,0.0,39,59407,卖盘
10:26:36,15.23,0.0,10,15230,卖盘
10:26:39,15.23,0.0,83,126409,卖盘
10:26:43,15.24,0.01,59,89906,买盘
10:26:45,15.23,-0.01,164,249873,卖盘
10:26:48,15.23,0.0,3,4569,卖盘
10:26:51,15.24,0.01,107,162965,买盘
10:26:54,15.23,-0.01,19,28942,卖盘
10:26:57,15.23,0.0,12,18276,卖盘
10:27:00,15.24,0.01,1133,1726691,买盘
10:27:05,15.24,0.0,230,350675,卖盘
10:27:07,15.24,0.0,9,13716,卖盘
10:27:10,15.24,0.0,3,4572,卖盘
10:27:13,15.24,0.0,70,106696,卖盘
10:27:15,15.24,0.0,13,19812,卖盘
10:27:19,15.24,0.0,49,74679,卖盘
10:27:22,15.25,0.01,425,647701,买盘
10:27:25,15.25,0.0,98,149422,买盘
10:27:27,15.25,0.0,536,817400,买盘
10:27:30,15.25,0.0,3,4575,买盘
10:27:34,15.25,0.0,10,15242,买盘
10:27:37,15.24,-0.01,61,92996,卖盘
10:27:39,15.24,0.0,52,79248,卖盘
10:27:42,15.24,0.0,52,79248,卖盘
10:27:45,15.25,0.01,84,128034,买盘
10:27:49,15.24,-0.01,9,13716,卖盘
10:27:52,15.24,0.0,271,413067,卖盘
10:27:55,15.23,-0.01,219,333740,卖盘
10:27:57,15.24,0.01,83,126492,买盘
10:28:01,15.23,-0.01,22,33508,卖盘
10:28:04,15.24,0.01,201,306299,买盘
10:28:07,15.24,0.0,7,10668,卖盘
10:28:10,15.24,0.0,90,137165,卖盘
10:28:13,15.24,0.0,39,59426,买盘
10:28:16,15.23,-0.01,161,245342,卖盘
10:28:19,15.24,0.01,27,41147,买盘
10:28:21,15.23,-0.01,32,48742,卖盘
10:28:24,15.23,0.0,55,83765,卖盘
10:28:27,15.23,0.0,75,114225,卖盘
10:28:30,15.24,0.01,43,65490,买盘
10:28:33,15.24,0.0,88,134089,买盘
10:28:36,15.24,0.0,1004,1530096,买盘
10:28:39,15.24,0.0,86,131010,买盘
10:28:43,15.23,-0.01,82,124887,卖盘
10:28:45,15.23,0.0,60,91380,卖盘
10:28:48,15.24,0.01,80,121873,买盘
10:28:51,15.24,0.0,75,114235,买盘
10:28:54,15.24,0.0,70,106612,买盘
10:28:57,15.23,-0.01,26,39598,卖盘
10:29:01,15.23,0.0,31,47239,卖盘
10:29:05,15.24,0.01,300,457070,买盘
10:29:07,15.23,-0.01,33,50262,卖盘
10:29:10,15.24,0.01,45,68548,买盘
10:29:12,15.23,-0.01,93,141639,卖盘
10:29:16,15.23,0.0,238,362477,卖盘
10:29:19,15.24,0.01,353,537664,买盘
10:29:22,15.24,0.0,44,67013,买盘
10:29:25,15.24,0.0,10,15235,买盘
10:29:28,15.24,0.0,158,240786,买盘
10:29:31,15.23,-0.01,39,59414,卖盘
10:29:33,15.23,0.0,251,382343,卖盘
10:29:37,15.24,0.01,34,51792,买盘
10:29:39,15.23,-0.01,2,3046,卖盘
10:29:42,15.23,0.0,94,143166,卖盘
10:29:45,15.23,0.0,12,18276,卖盘
10:29:48,15.23,0.0,170,258912,卖盘
10:29:51,15.24,0.01,278,423607,买盘
10:29:54,15.23,-0.01,282,429486,卖盘
10:29:58,15.23,0.0,82,124886,卖盘
10:30:01,15.24,0.01,43,65491,买盘
10:30:04,15.24,0.0,157,239264,买盘
10:30:07,15.23,-0.01,36,54829,卖盘
10:30:10,15.23,0.0,498,758459,卖盘
10:30:12,15.23,0.0,149,226873,买盘
10:30:15,15.22,-0.01,10,15220,卖盘
10:30:19,15.22,0.0,106,161394,卖盘
10:30:21,15.23,0.01,68,103564,买盘
10:30:25,15.22,-0.01,118,179596,卖盘
10:30:27,15.23,0.01,401,610332,买盘
10:30:31,15.22,-0.01,152,231344,卖盘
10:30:33,15.23,0.01,189,287705,买盘
10:30:37,15.22,-0.01,39,59373,卖盘
10:30:40,15.22,0.0,29,44138,卖盘
10:30:42,15.22,0.0,185,281590,卖盘
10:30:45,15.22,0.0,144,219168,卖盘
10:30:48,15.22,0.0,625,951320,卖盘
10:30:51,15.23,0.01,62,94399,买盘
10:30:55,15.22,-0.01,199,302892,卖盘
10:30:57,15.23,0.01,62,94384,买盘
10:31:00,15.22,-0.01,7,10654,卖盘
10:31:04,15.22,0.0,295,449175,卖盘
10:31:06,15.23,0.01,146,222226,买盘
10:31:09,15.22,-0.01,4,6088,卖盘
10:31:12,15.23,0.01,27,41107,买盘
10:31:15,15.22,-0.01,84,127862,卖盘
10:31:18,15.22,0.0,1656,2520432,卖盘
10:31:21,15.22,0.0,384,584550,卖盘
10:31:25,15.22,0.0,277,421594,卖盘
10:31:27,15.22,0.0,611,930042,卖盘
10:31:31,15.22,0.0,707,1076054,卖盘
10:31:34,15.22,0.0,68,103496,卖盘
10:31:36,15.22,0.0,233,354626,卖盘
10:31:39,15.22,0.0,265,403335,卖盘
10:31:43,15.23,0.01,222,338348,买盘
10:31:46,15.22,-0.01,42,63924,买盘
10:31:48,15.22,0.0,204,310437,买盘
10:31:52,15.22,0.0,79,120174,买盘
10:31:54,15.22,0.0,47,71502,买盘
10:31:57,15.22,0.0,189,287488,买盘
10:32:00,15.22,0.0,311,473037,买盘
10:32:04,15.22,0.0,120,182599,买盘
10:32:06,15.21,-0.01,243,369761,卖盘
10:32:09,15.22,0.01,119,181011,买盘
10:32:12,15.21,-0.01,78,118638,卖盘
10:32:16,15.21,0.0,62,94313,卖盘
10:32:18,15.22,0.01,29,44129,买盘
10:32:22,15.21,-0.01,65,98868,卖盘
10:32:24,15.21,0.0,128,194711,卖盘
10:32:27,15.21,0.0,264,401663,卖盘
10:32:31,15.21,0.0,192,292042,卖盘
10:32:33,15.21,0.0,154,234256,卖盘
10:32:37,15.21,0.0,322,489762,卖盘
10:32:39,15.22,0.01,78,118652,买盘
10:32:42,15.21,-0.01,33,50198,卖盘
10:32:45,15.21,0.0,31,47152,卖盘
10:32:48,15.22,0.01,198,301334,买盘
10:32:52,15.21,-0.01,32,48673,卖盘
10:32:55,15.21,0.0,129,196215,卖盘
10:32:57,15.21,0.0,150,228151,卖盘
10:33:01,15.21,0.0,735,1117935,卖盘
10:33:04,15.21,0.0,136,206866,卖盘
10:33:07,15.21,0.0,167,254158,卖盘
10:33:09,15.21,0.0,281,427401,卖盘
10:33:12,15.21,0.0,281,427403,卖盘
10:33:16,15.22,0.01,202,307311,买盘
10:33:18,15.21,-0.01,243,369603,卖盘
10:33:22,15.22,0.01,62,94305,买盘
10:33:24,15.21,-0.01,85,129295,卖盘
10:33:27,15.21,0.0,83,126244,卖盘
10:33:31,15.21,0.0,68,103428,卖盘
10:33:34,15.21,0.0,49,74550,卖盘
10:33:37,15.22,0.01,286,435012,买盘
10:33:40,15.21,-0.01,37,56278,卖盘
10:33:42,15.22,0.01,43,65407,买盘
10:33:45,15.21,-0.01,75,114138,卖盘
10:33:49,15.21,0.0,421,640393,卖盘
10:33:51,15.21,0.0,425,646426,卖盘
10:33:54,15.21,0.0,256,389376,卖盘
10:33:58,15.21,0.0,375,570405,卖盘
10:34:01,15.21,0.0,238,361998,卖盘
10:34:05,15.21,0.0,367,558230,卖盘
10:34:07,15.21,0.0,1522,2315120,卖盘
10:34:10,15.21,0.0,289,439340,买盘
10:34:12,15.2,-0.01,152,231162,卖盘
10:34:15,15.21,0.01,99,150523,买盘
10:34:19,15.2,-0.01,179,272133,卖盘
10:34:21,15.21,0.01,150,228100,买盘
10:34:24,15.2,-0.01,73,110967,卖盘
10:34:27,15.2,0.0,171,259927,卖盘
10:34:31,15.2,0.0,202,307090,卖盘
10:34:34,15.2,0.0,258,392320,卖盘
10:34:36,15.2,0.0,60,91217,卖盘
10:34:39,15.21,0.01,113,171812,买盘
10:34:42,15.2,-0.01,153,232679,卖盘
10:34:46,15.2,0.0,133,202240,卖盘
10:34:49,15.2,0.0,148,224972,卖盘
10:34:51,15.21,0.01,366,556638,买盘
10:34:55,15.2,-0.01,85,129230,卖盘
10:34:57,15.2,0.0,429,652095,卖盘
10:35:01,15.21,0.01,224,340505,买盘
10:35:04,15.21,0.0,181,275260,买盘
10:35:07,15.21,0.0,311,472893,买盘
10:35:10,15.2,-0.01,262,398377,卖盘
10:35:12,15.21,0.01,111,168786,买盘
10:35:16,15.2,-0.01,167,253927,卖盘
10:35:19,15.21,0.01,92,139891,买盘
10:35:22,15.21,0.0,77,117074,买盘
10:35:25,15.2,-0.01,89,135329,卖盘
10:35:27,15.21,0.01,55,83638,买盘
10:35:31,15.21,0.0,175,266134,买盘
10:35:33,15.21,0.0,61,92757,买盘
10:35:36,15.21,0.0,55,83652,买盘
10:35:40,15.21,0.0,155,235702,买盘
10:35:42,15.21,0.0,119,180989,买盘
10:35:45,15.21,0.0,30,45630,买盘
10:35:48,15.21,0.0,139,210393,买盘
10:35:51,15.21,0.0,88,133797,买盘
10:35:54,15.21,0.0,76,115596,买盘
10:35:57,15.21,0.0,271,412273,买盘
10:36:00,15.21,0.0,145,220489,买盘
10:36:04,15.21,0.0,42,63875,买盘
10:36:07,15.2,-0.01,263,399960,卖盘
10:36:09,15.21,0.01,54,82133,买盘
10:36:12,15.2,-0.01,76,115568,卖盘
10:36:15,15.2,0.0,71,107967,卖盘
10:36:18,15.2,0.0,76,115542,卖盘
10:36:21,15.21,0.01,100,152017,买盘
10:36:25,15.21,0.0,2452,3730769,买盘
10:36:27,15.21,0.0,111,168809,买盘
10:36:30,15.21,0.0,315,479104,买盘
10:36:33,15.21,0.0,136,206846,买盘
10:36:36,15.21,0.0,179,272258,买盘
10:36:39,15.21,0.0,63,95856,卖盘
10:36:42,15.21,0.0,19,28899,卖盘
10:36:45,15.21,0.0,1044,1589478,卖盘
10:36:49,15.21,0.0,77,117131,卖盘
10:36:51,15.22,0.01,412,626657,买盘
10:36:55,15.21,-0.01,1,1521,卖盘
10:36:58,15.22,0.01,124,188609,买盘
10:37:00,15.21,-0.01,176,267708,卖盘
10:37:04,15.22,0.01,21,31956,买盘
10:37:06,15.22,0.0,325,494624,买盘
10:37:09,15.21,-0.01,23,34983,卖盘
10:37:13,15.21,0.0,134,203820,卖盘
10:37:15,15.22,0.01,266,404600,买盘
10:37:19,15.22,0.0,37,56314,买盘
10:37:21,15.22,0.0,48,73019,买盘
10:37:24,15.21,-0.01,25,38025,卖盘
10:37:27,15.21,0.0,38,57816,卖盘
10:37:30,15.22,0.01,97,149037,买盘
10:37:34,15.22,0.0,285,433582,买盘
10:37:37,15.21,-0.01,61,92789,卖盘
10:37:39,15.22,0.01,25,38049,买盘
10:37:42,15.22,0.0,52,79122,买盘
10:37:46,15.21,-0.01,40,60850,卖盘
10:37:48,15.22,0.01,86,129405,买盘
10:37:52,15.21,-0.01,31,47151,卖盘
10:37:54,15.22,0.01,121,184062,买盘
10:37:57,15.22,0.0,103,156911,买盘
10:38:00,15.21,-0.01,40,60840,卖盘
10:38:04,15.22,0.01,77,118275,买盘
10:38:07,15.21,-0.01,448,681555,卖盘
10:38:09,15.22,0.01,17,25864,买盘
10:38:12,15.21,-0.01,73,111083,卖盘
10:38:16,15.21,0.0,36,54761,卖盘
10:38:19,15.21,0.0,1238,1882687,卖盘
10:38:21,15.21,0.0,246,374194,卖盘
10:38:24,15.21,0.0,134,204057,卖盘
10:38:27,15.21,0.0,224,340704,卖盘
10:38:31,15.21,0.0,356,540883,卖盘
10:38:34,15.21,0.0,119,180999,卖盘
10:38:36,15.21,0.0,405,615381,卖盘
10:38:39,15.2,-0.01,158,241323,卖盘
10:38:43,15.21,0.01,36,54756,买盘
10:38:46,15.2,-0.01,121,183954,卖盘
10:38:48,15.2,0.0,100,151017,卖盘
10:38:51,15.21,0.01,100,152011,买盘
10:38:54,15.2,-0.01,353,536600,卖盘
10:38:58,15.2,0.0,2642,4015917,卖盘
10:39:00,15.2,0.0,189,287315,卖盘
10:39:05,15.2,0.0,135,205267,卖盘
10:39:07,15.21,0.01,478,726737,买盘
10:39:10,15.2,-0.01,343,521377,卖盘
10:39:12,15.2,0.0,202,307346,卖盘
10:39:15,15.2,0.0,1041,1583320,卖盘
10:39:19,15.21,0.01,420,638769,买盘
10:39:22,15.21,0.0,52,79045,买盘
10:39:24,15.21,0.0,44,66924,买盘
10:39:27,15.2,-0.01,75,114009,卖盘
10:39:30,15.21,0.01,614,933306,买盘
10:39:33,15.21,0.0,41,62357,买盘
10:39:36,15.21,0.0,85,129226,买盘
10:39:40,15.21,0.0,40,60840,买盘
10:39:42,15.21,0.0,84,127714,买盘
10:39:46,15.21,0.0,138,209802,买盘
10:39:48,15.21,0.0,85,129260,买盘
10:39:52,15.2,-0.01,51,77540,卖盘
10:39:54,15.2,0.0,19,28890,卖盘
10:39:58,15.2,0.0,334,508474,卖盘
10:40:00,15.2,0.0,117,177842,卖盘
10:40:04,15.2,0.0,3141,4773477,卖盘
10:40:07,15.21,0.01,239,363456,买盘
10:40:10,15.2,-0.01,599,910512,卖盘
10:40:12,15.2,0.0,119,180882,卖盘
10:40:15,15.2,0.0,122,185475,卖盘
10:40:19,15.2,0.0,88,133901,卖盘
10:40:21,15.21,0.01,868,1319393,买盘
10:40:24,15.2,-0.01,66,100330,卖盘
10:40:28,15.21,0.01,147,224511,买盘
10:40:30,15.2,-0.01,59,89731,卖盘
10:40:34,15.2,0.0,765,1163137,卖盘
10:40:37,15.21,0.01,119,179606,买盘
10:40:40,15.21,0.0,69,104945,买盘
10:40:43,15.21,0.0,193,293645,买盘
10:40:45,15.21,0.0,115,174808,买盘
10:40:48,15.2,-0.01,84,127721,卖盘
10:40:51,15.21,0.01,96,146713,买盘
10:40:54,15.2,-0.01,154,234083,卖盘
10:40:57,15.2,0.0,6,9120,卖盘
10:41:01,15.2,0.0,144,219178,卖盘
10:41:04,15.21,0.01,184,279734,买盘
10:41:06,15.21,0.0,331,502402,买盘
10:41:09,15.2,-0.01,308,468238,卖盘
10:41:13,15.2,0.0,220,334418,卖盘
10:41:15,15.21,0.01,115,174730,买盘
10:41:19,15.2,-0.01,66,100324,卖盘
10:41:22,15.2,0.0,127,193228,卖盘
10:41:24,15.2,0.0,71,107923,卖盘
10:41:28,15.21,0.01,192,291851,买盘
10:41:30,15.21,0.0,154,233692,买盘
10:41:33,15.21,0.0,1075,1634101,买盘
10:41:37,15.21,0.0,106,161126,买盘
10:41:39,15.2,-0.01,110,167204,卖盘
10:41:43,15.2,0.0,361,548781,卖盘
10:41:46,15.21,0.01,128,194571,买盘
10:41:49,15.21,0.0,104,158464,买盘
10:41:51,15.2,-0.01,1478,2246565,卖盘
10:41:54,15.2,0.0,243,369380,卖盘
10:41:57,15.2,0.0,552,839827,卖盘
10:42:01,15.21,0.01,131,199167,买盘
10:42:04,15.2,-0.01,119,180880,卖盘
10:42:06,15.21,0.01,644,977881,买盘
10:42:10,15.2,-0.01,84,127680,卖盘
10:42:12,15.21,0.01,462,702128,买盘
10:42:15,15.21,0.0,164,249297,买盘
10:42:18,15.2,-0.01,126,191540,卖盘
10:42:22,15.2,0.0,1788,2718681,卖盘
10:42:24,15.2,0.0,216,328320,卖盘
10:42:28,15.2,0.0,462,702240,卖盘
10:42:30,15.2,0.0,199,302512,卖盘
10:42:33,15.2,0.0,684,1039589,卖盘
10:42:37,15.2,0.0,222,337440,卖盘
10:42:40,15.2,0.0,295,448523,卖盘
10:42:43,15.2,0.0,117,177872,卖盘
10:42:45,15.2,0.0,578,878685,卖盘
10:42:49,15.21,0.01,177,268374,买盘
10:42:51,15.2,-0.01,189,287280,卖盘
10:42:55,15.2,0.0,406,617172,卖盘
10:42:58,15.2,0.0,351,533398,卖盘
10:43:01,15.2,0.0,275,418170,卖盘
10:43:04,15.19,-0.01,1,1519,卖盘
10:43:07,15.2,0.01,281,427016,买盘
10:43:09,15.2,0.0,20,30391,买盘
10:43:12,15.2,0.0,180,273478,买盘
10:43:16,15.2,0.0,133,202160,买盘
10:43:18,15.2,0.0,107,162534,买盘
10:43:21,15.2,0.0,702,1067040,买盘
10:43:24,15.19,-0.01,80,121520,卖盘
10:43:27,15.18,-0.01,4965,7540280,卖盘
10:43:30,15.18,0.0,638,968725,卖盘
10:43:33,15.19,0.01,83,126009,中性盘
10:43:36,15.19,0.0,31,47079,买盘
10:43:39,15.19,0.0,226,342468,买盘
10:43:42,15.19,0.0,355,538992,买盘
10:43:45,15.19,0.0,76,115393,买盘
10:43:49,15.18,-0.01,24,36436,卖盘
10:43:52,15.19,0.01,141,214072,买盘
10:43:54,15.18,-0.01,201,305296,卖盘
10:43:57,15.17,-0.01,3357,5095247,卖盘
10:44:01,15.18,0.01,273,414215,中性盘
10:44:04,15.18,0.0,133,201778,买盘
10:44:07,15.17,-0.01,209,317173,卖盘
10:44:10,15.17,0.0,283,429512,卖盘
10:44:12,15.17,0.0,307,465719,卖盘
10:44:16,15.17,0.0,69,104690,卖盘
10:44:18,15.18,0.01,78,118386,买盘
10:44:22,15.17,-0.01,183,278814,卖盘
10:44:24,15.17,0.0,299,453583,卖盘
10:44:28,15.17,0.0,55,83447,卖盘
10:44:30,15.19,0.02,1329,2018015,买盘
10:44:33,15.19,0.0,211,320509,卖盘
10:44:36,15.19,0.0,221,335699,卖盘
10:44:40,15.18,-0.01,463,703328,卖盘
10:44:42,15.19,0.01,36,54684,买盘
10:44:45,15.2,0.01,1619,2459339,买盘
10:44:52,15.18,-0.02,19,28842,卖盘
10:44:55,15.19,0.01,74,112405,买盘
10:44:57,15.18,-0.01,95,144210,卖盘
10:45:01,15.18,0.0,59,89562,买盘
10:45:04,15.18,0.0,78,118359,买盘
10:45:07,15.17,-0.01,162,245896,卖盘
10:45:09,15.18,0.01,406,616250,买盘
10:45:12,15.18,0.0,325,493366,卖盘
10:45:16,15.18,0.0,132,200376,卖盘
10:45:18,15.18,0.0,27,40986,卖盘
10:45:21,15.18,0.0,46,69853,卖盘
10:45:24,15.19,0.01,74,112342,买盘
10:45:28,15.19,0.0,128,194331,买盘
10:45:31,15.19,0.0,22,33415,买盘
10:45:33,15.18,-0.01,16,24288,卖盘
10:45:36,15.18,0.0,47,70025,卖盘
10:45:39,15.19,0.01,64,97196,买盘
10:45:42,15.19,0.0,66,100221,买盘
10:45:46,15.18,-0.01,120,183317,卖盘
10:45:49,15.18,0.0,90,136690,卖盘
10:45:51,15.18,0.0,153,232276,卖盘
10:45:55,15.18,0.0,132,199687,卖盘
10:45:57,15.19,0.01,95,144215,买盘
10:46:00,15.18,-0.01,72,109317,卖盘
10:46:04,15.18,0.0,114,173233,卖盘
10:46:07,15.18,0.0,57,86528,卖盘
10:46:10,15.18,0.0,339,514878,卖盘
10:46:13,15.18,0.0,48,72865,卖盘
10:46:15,15.19,0.01,94,142695,买盘
10:46:18,15.18,-0.01,94,142571,卖盘
10:46:22,15.18,0.0,171,259579,卖盘
10:46:24,15.18,0.0,270,409860,卖盘
10:46:27,15.18,0.0,132,200665,卖盘
10:46:31,15.18,0.0,165,250489,卖盘
10:46:33,15.18,0.0,147,222413,卖盘
10:46:37,15.19,0.01,55,83500,买盘
10:46:39,15.18,-0.01,305,463036,卖盘
10:46:43,15.18,0.0,403,612317,卖盘
10:46:45,15.18,0.0,122,185196,卖盘
10:46:48,15.18,0.0,330,500940,卖盘
10:46:51,15.18,0.0,468,710394,卖盘
10:46:54,15.18,0.0,181,274786,卖盘
10:46:57,15.18,0.0,845,1282813,卖盘
10:47:00,15.18,0.0,224,340857,卖盘
10:47:04,15.18,0.0,613,930819,买盘
10:47:07,15.18,0.0,208,315544,卖盘
10:47:09,15.18,0.0,219,332392,买盘
10:47:13,15.18,0.0,179,271670,买盘
10:47:16,15.18,0.0,32,48552,买盘
10:47:18,15.17,-0.01,111,168391,卖盘
10:47:22,15.18,0.01,139,210993,买盘
10:47:24,15.17,-0.01,822,1247302,卖盘
10:47:27,15.17,0.0,165,250305,卖盘
10:47:31,15.17,0.0,471,714523,卖盘
10:47:34,15.17,0.0,590,895030,卖盘
10:47:37,15.17,0.0,232,351959,卖盘
10:47:40,15.16,-0.01,321,486408,卖盘
10:47:42,15.16,0.0,156,236551,卖盘
10:47:45,15.17,0.01,167,253250,买盘
10:47:48,15.17,0.0,92,139508,买盘
10:47:51,15.16,-0.01,626,949026,卖盘
10:47:54,15.16,0.0,207,313813,卖盘
10:47:57,15.16,0.0,56,84912,卖盘
10:48:00,15.17,0.01,176,266119,买盘
10:48:04,15.16,-0.01,1131,1714603,卖盘
10:48:07,15.16,0.0,187,284145,卖盘
10:48:10,15.16,0.0,474,718820,卖盘
10:48:13,15.16,0.0,255,386647,卖盘
10:48:15,15.16,0.0,177,268263,买盘
10:48:18,15.16,0.0,8,12128,买盘
10:48:22,15.15,-0.01,621,940852,卖盘
10:48:24,15.16,0.01,1392,2109009,买盘
10:48:27,15.15,-0.01,94,142410,卖盘
10:48:31,15.15,0.0,195,295443,卖盘
10:48:33,15.16,0.01,435,659041,买盘
10:48:36,15.15,-0.01,289,437657,卖盘
10:48:39,15.16,0.01,186,281793,买盘
10:48:42,15.16,0.0,260,393934,买盘
10:48:45,15.15,-0.01,1103,1671079,卖盘
10:48:49,15.15,0.0,168,254094,卖盘
10:48:51,15.15,0.0,608,921133,卖盘
10:48:55,15.16,0.01,207,313664,买盘
10:48:58,15.15,-0.01,276,418779,卖盘
10:49:00,15.16,0.01,56,84850,买盘
10:49:04,15.15,-0.01,383,580262,卖盘
10:49:07,15.15,0.0,513,777517,卖盘
10:49:10,15.15,0.0,589,891464,卖盘
10:49:12,15.15,0.0,332,503697,卖盘
10:49:16,15.15,0.0,126,190963,买盘
10:49:18,15.15,0.0,127,192395,买盘
10:49:22,15.15,0.0,921,1394468,买盘
10:49:24,15.14,-0.01,38,57552,卖盘
10:49:28,15.14,0.0,993,1503912,卖盘
10:49:30,15.14,0.0,127,192354,卖盘
10:49:33,15.14,0.0,2041,3093169,卖盘
10:49:36,15.15,0.01,461,698183,中性盘
10:49:39,15.15,0.0,117,177255,卖盘
10:49:43,15.15,0.0,70,106076,卖盘
10:49:46,15.15,0.0,279,422710,卖盘
10:49:49,15.15,0.0,51,77268,卖盘
10:49:51,15.15,0.0,252,381702,卖盘
10:49:54,15.15,0.0,107,162105,买盘
10:49:57,15.14,-0.01,97,146911,卖盘
10:50:00,15.15,0.01,366,554422,买盘
10:50:05,15.14,-0.01,126,190767,卖盘
10:50:07,15.15,0.01,169,255910,买盘
10:50:10,15.15,0.0,235,356006,买盘
10:50:13,15.15,0.0,206,311969,买盘
10:50:16,15.15,0.0,128,193814,买盘
10:50:19,15.15,0.0,658,996347,买盘
10:50:21,15.14,-0.01,200,302852,卖盘
10:50:25,15.14,0.0,304,460297,卖盘
10:50:27,15.14,0.0,158,239347,卖盘
10:50:30,15.15,0.01,94,142364,买盘
10:50:34,15.15,0.0,159,239763,买盘
10:50:37,15.15,0.0,281,425505,买盘
10:50:39,15.14,-0.01,289,437656,卖盘
10:50:42,15.15,0.01,184,279899,买盘
10:50:45,15.14,-0.01,174,263484,卖盘
10:50:48,15.15,0.01,129,195060,买盘
10:50:51,15.15,0.0,125,189330,买盘
10:50:54,15.15,0.0,11,16665,买盘
10:50:57,15.15,0.0,212,321025,买盘
10:51:00,15.14,-0.01,124,187929,卖盘
10:51:04,15.15,0.01,116,175656,买盘
10:51:06,15.14,-0.01,306,463480,卖盘
10:51:09,15.14,0.0,226,342187,卖盘
10:51:12,15.15,0.01,102,154452,买盘
10:51:15,15.15,0.0,128,193849,买盘
10:51:18,15.14,-0.01,162,244885,卖盘
10:51:21,15.15,0.01,118,178751,买盘
10:51:25,15.15,0.0,210,318263,买盘
10:51:27,15.14,-0.01,593,897832,卖盘
10:51:31,15.14,0.0,119,180530,卖盘
10:51:34,15.14,0.0,799,1209860,卖盘
10:51:37,15.15,0.01,251,380135,买盘
10:51:40,15.14,-0.01,212,321061,卖盘
10:51:42,15.15,0.01,112,169481,买盘
10:51:46,15.15,0.0,46,69690,买盘
10:51:48,15.14,-0.01,53,80281,卖盘
10:51:52,15.14,0.0,135,204457,卖盘
10:51:54,15.15,0.01,130,196928,买盘
10:51:58,15.15,0.0,101,152918,买盘
10:52:01,15.15,0.0,265,400338,买盘
10:52:04,15.15,0.0,383,579897,买盘
10:52:07,15.15,0.0,142,215030,买盘
10:52:10,15.15,0.0,201,304360,买盘
10:52:13,15.14,-0.01,102,154510,卖盘
10:52:15,15.15,0.01,182,276198,买盘
10:52:18,15.15,0.0,74,112100,买盘
10:52:22,15.15,0.0,114,172661,买盘
10:52:24,15.14,-0.01,143,216194,卖盘
10:52:27,15.14,0.0,268,405994,卖盘
10:52:30,15.15,0.01,62,93902,买盘
10:52:33,15.15,0.0,202,306512,买盘
10:52:36,15.15,0.0,74,112095,买盘
10:52:39,15.14,-0.01,413,625282,卖盘
10:52:42,15.15,0.01,136,205346,买盘
10:52:46,15.15,0.0,25,37870,买盘
10:52:49,15.14,-0.01,1957,2962950,卖盘
10:52:51,15.14,0.0,128,193791,买盘
10:52:54,15.15,0.01,200,303812,买盘
10:52:57,15.15,0.0,210,318034,买盘
10:53:00,15.14,-0.01,237,358818,卖盘
10:53:04,15.14,0.0,149,225601,卖盘
10:53:06,15.14,0.0,5711,8640654,卖盘
10:53:09,15.14,0.0,150,227101,卖盘
10:53:12,15.14,0.0,45,68130,买盘
10:53:16,15.13,-0.01,169,255704,卖盘
10:53:19,15.13,0.0,92,139196,买盘
10:53:21,15.13,0.0,158,239054,买盘
10:53:25,15.13,0.0,238,360079,买盘
10:53:28,15.13,0.0,375,567004,买盘
10:53:30,15.13,0.0,105,158849,买盘
10:53:33,15.12,-0.01,5468,8265415,卖盘
10:53:37,15.11,-0.01,692,1046627,卖盘
10:53:39,15.12,0.01,173,261045,买盘
10:53:42,15.11,-0.01,167,252368,卖盘
10:53:45,15.11,0.0,305,461001,卖盘
10:53:48,15.11,0.0,346,522836,卖盘
10:53:52,15.12,0.01,322,486676,买盘
10:53:54,15.13,0.01,402,607703,买盘
10:53:57,15.12,-0.01,73,110376,卖盘
10:54:00,15.12,0.0,400,604795,卖盘
10:54:05,15.12,0.0,3038,4590461,买盘
10:54:07,15.11,-0.01,88,133012,卖盘
10:54:09,15.12,0.01,190,287197,买盘
10:54:13,15.12,0.0,55,82572,买盘
10:54:16,15.11,-0.01,190,287136,卖盘
10:54:19,15.11,0.0,2768,4181103,卖盘
10:54:22,15.11,0.0,40,60468,卖盘
10:54:24,15.11,0.0,438,661837,卖盘
10:54:27,15.12,0.01,84,126904,买盘
10:54:30,15.11,-0.01,252,380895,卖盘
10:54:34,15.11,0.0,229,346099,卖盘
10:54:36,15.12,0.01,180,272093,买盘
10:54:39,15.12,0.0,101,152662,买盘
10:54:43,15.11,-0.01,121,182831,卖盘
10:54:45,15.1,-0.01,4454,6726566,卖盘
10:54:49,15.1,0.0,50,75537,卖盘
10:54:51,15.1,0.0,1414,2135170,卖盘
10:54:54,15.11,0.01,381,575632,买盘
10:54:57,15.1,-0.01,168,254327,卖盘
10:55:01,15.1,0.0,107,161575,卖盘
10:55:04,15.11,0.01,119,179801,买盘
10:55:07,15.1,-0.01,230,347024,卖盘
10:55:09,15.11,0.01,1188,1793923,买盘
10:55:12,15.09,-0.02,3147,4750977,卖盘
10:55:15,15.1,0.01,153,229937,买盘
10:55:18,15.1,0.0,1258,1897146,买盘
10:55:21,15.09,-0.01,442,666726,卖盘
10:55:24,15.1,0.01,2036,3070708,买盘
10:55:27,15.09,-0.01,160,241549,卖盘
10:55:31,15.09,0.0,82,123753,卖盘
10:55:33,15.1,0.01,136,205280,买盘
10:55:37,15.1,0.0,1296,1953705,买盘
10:55:39,15.09,-0.01,144,217396,中性盘
10:55:42,15.08,-0.01,1991,2999260,卖盘
10:55:45,15.09,0.01,334,503867,买盘
10:55:48,15.08,-0.01,64,96543,卖盘
10:55:51,15.08,0.0,176,265428,卖盘
10:55:54,15.08,0.0,184,277574,卖盘
10:55:57,15.09,0.01,142,214305,买盘
10:56:00,15.1,0.01,179,269984,买盘
10:56:04,15.09,-0.01,4404,6634779,卖盘
10:56:07,15.09,0.0,26,39234,买盘
10:56:09,15.07,-0.02,704,1060753,卖盘
10:56:13,15.09,0.02,184,277489,买盘
10:56:15,15.09,0.0,50,75378,买盘
10:56:18,15.08,-0.01,52,78414,卖盘
10:56:22,15.08,0.0,24,36192,买盘
10:56:24,15.08,0.0,286,431433,买盘
10:56:27,15.07,-0.01,220,331567,卖盘
10:56:30,15.08,0.01,50,75389,买盘
10:56:33,15.07,-0.01,382,575825,卖盘
10:56:36,15.07,0.0,118,177853,卖盘
10:56:39,15.07,0.0,427,643596,卖盘
10:56:43,15.08,0.01,255,384322,买盘
10:56:45,15.07,-0.01,405,610644,卖盘
10:56:48,15.08,0.01,17,25636,买盘
10:56:51,15.07,-0.01,255,384500,卖盘
10:56:54,15.08,0.01,102,153762,买盘
10:56:58,15.08,0.0,142,214046,卖盘
10:57:01,15.05,-0.03,3722,5605575,卖盘
10:57:04,15.08,0.03,81,122130,卖盘
10:57:07,15.08,0.0,191,288022,买盘
10:57:10,15.07,-0.01,52,78406,卖盘
10:57:12,15.08,0.01,418,630158,买盘
10:57:16,15.06,-0.02,737,1110256,卖盘
10:57:19,15.06,0.0,448,674688,买盘
10:57:21,15.06,0.0,270,406620,买盘
10:57:24,15.06,0.0,299,450205,买盘
10:57:28,15.06,0.0,452,680712,买盘
10:57:30,15.06,0.0,611,920079,买盘
10:57:34,15.07,0.01,118,177723,买盘
10:57:37,15.07,0.0,519,781668,买盘
10:57:40,15.06,-0.01,3579,5386723,卖盘
10:57:42,15.06,0.0,56,84337,卖盘
10:57:45,15.07,0.01,230,346437,买盘
10:57:48,15.06,-0.01,3875,5828910,卖盘
10:57:51,15.06,0.0,39,58734,买盘
10:57:55,15.06,0.0,3168,4760869,买盘
10:57:58,15.05,-0.01,155,233240,中性盘
10:58:00,15.05,0.0,501,753027,买盘
10:58:04,15.05,0.0,194,291970,买盘
10:58:06,15.05,0.0,234,352019,买盘
10:58:10,15.05,0.0,982,1477836,买盘
10:58:12,15.05,0.0,257,386795,卖盘
10:58:16,15.06,0.01,394,593301,买盘
10:58:19,15.06,0.0,304,457615,买盘
10:58:25,15.01,-0.05,3791,5697824,卖盘
10:58:27,15.06,0.05,105,158193,卖盘
10:58:30,15.06,0.0,113,170216,卖盘
10:58:33,15.06,0.0,78,117489,中性盘
10:58:36,15.06,0.0,73,109885,买盘
10:58:39,15.05,-0.01,207,311547,卖盘
10:58:43,15.06,0.01,401,603804,买盘
10:58:46,15.06,0.0,86,129449,买盘
10:58:48,15.05,-0.01,97,146001,卖盘
10:58:51,15.06,0.01,251,377884,买盘
10:58:55,15.05,-0.01,225,338719,卖盘
10:58:57,15.06,0.01,295,444270,买盘
10:59:00,15.05,-0.01,73,109933,卖盘
10:59:04,15.06,0.01,102,153570,中性盘
10:59:07,15.06,0.0,422,635382,买盘
10:59:10,15.06,0.0,181,272559,买盘
10:59:13,15.05,-0.01,256,385341,卖盘
10:59:16,15.06,0.01,172,259011,买盘
10:59:19,15.06,0.0,149,224380,买盘
10:59:21,15.06,0.0,218,328276,卖盘
10:59:25,15.06,0.0,50,75330,卖盘
10:59:27,15.07,0.01,2,3014,买盘
10:59:31,15.07,0.0,196,295208,买盘
10:59:34,15.07,0.0,32,48211,买盘
10:59:37,15.07,0.0,103,155175,买盘
10:59:39,15.07,0.0,210,316347,买盘
10:59:42,15.07,0.0,87,131093,买盘
10:59:46,15.07,0.0,191,287780,买盘
10:59:49,15.07,0.0,327,492789,买盘
10:59:51,15.07,0.0,154,232054,买盘
10:59:55,15.08,0.01,220,332349,买盘
10:59:57,15.07,-0.01,111,167298,卖盘
11:00:00,15.07,0.0,56,83608,卖盘
11:00:04,15.07,0.0,268,404660,买盘
11:00:07,15.07,0.0,217,327115,卖盘
11:00:10,15.07,0.0,91,137140,卖盘
11:00:12,15.07,0.0,45,67835,卖盘
11:00:16,15.07,0.0,35,52765,卖盘
11:00:18,15.08,0.01,156,235132,买盘
11:00:22,15.08,0.0,107,161064,买盘
11:00:24,15.08,0.0,22,33168,买盘
11:00:27,15.08,0.0,106,159802,买盘
11:00:30,15.08,0.0,147,221567,买盘
11:00:34,15.08,0.0,48,72363,买盘
11:00:36,15.08,0.0,162,244909,买盘
11:00:39,15.08,0.0,159,239719,买盘
11:00:42,15.08,0.0,159,239308,买盘
11:00:46,15.08,0.0,455,686137,买盘
11:00:49,15.08,0.0,1452,2188610,买盘
11:00:51,15.08,0.0,73,110066,买盘
11:00:55,15.08,0.0,242,365057,买盘
11:00:58,15.08,0.0,1225,1846119,买盘
11:01:01,15.08,0.0,593,894027,买盘
11:01:04,15.07,-0.01,500,753778,卖盘
11:01:07,15.08,0.01,68,102335,买盘
11:01:09,15.08,0.0,166,250316,买盘
11:01:12,15.08,0.0,203,306037,买盘
11:01:15,15.07,-0.01,249,374248,卖盘
11:01:18,15.07,0.0,82,123574,买盘
11:01:21,15.07,0.0,310,468229,买盘
11:01:24,15.07,0.0,31,46725,卖盘
11:01:27,15.07,0.0,32,48230,卖盘
11:01:30,15.07,0.0,248,373752,卖盘
11:01:33,15.08,0.01,47,70848,买盘
11:01:37,15.08,0.0,55,82907,买盘
11:01:40,15.07,-0.01,556,837904,卖盘
11:01:43,15.07,0.0,1,1507,买盘
11:01:45,15.07,0.0,52,78364,买盘
11:01:49,15.06,-0.01,239,360167,卖盘
11:01:52,15.07,0.01,82,123569,买盘
11:01:54,15.07,0.0,74,111479,买盘
11:01:58,15.07,0.0,238,358661,买盘
11:02:00,15.07,0.0,326,491072,买盘
11:02:04,15.06,-0.01,118,177733,卖盘
11:02:06,15.07,0.01,109,164249,买盘
11:02:09,15.07,0.0,129,194326,买盘
11:02:12,15.07,0.0,65,97939,买盘
11:02:15,15.07,0.0,56,84379,买盘
11:02:18,15.07,0.0,73,110014,买盘
11:02:21,15.06,-0.01,80,120534,卖盘
11:02:24,15.07,0.01,169,254673,买盘
11:02:28,15.07,0.0,94,141657,买盘
11:02:30,15.08,0.01,44,66321,买盘
11:02:33,15.07,-0.01,202,304752,卖盘
11:02:36,15.09,0.02,125,188528,买盘
11:02:40,15.09,0.0,55,82973,买盘
11:02:42,15.09,0.0,2,3018,买盘
11:02:46,15.09,0.0,33,49791,买盘
11:02:48,15.08,-0.01,339,511494,卖盘
11:02:51,15.09,0.01,59,89071,买盘
11:02:55,15.09,0.0,22,33201,卖盘
11:02:57,15.08,-0.01,597,900625,卖盘
11:03:00,15.1,0.02,112,167775,买盘
11:03:04,15.09,-0.01,24,36217,卖盘
11:03:07,15.1,0.01,28,42280,买盘
11:03:09,15.1,0.0,132,199285,买盘
11:03:13,15.1,0.0,33,49830,买盘
11:03:16,15.1,0.0,400,603768,买盘
11:03:18,15.1,0.0,300,452861,买盘
11:03:22,15.09,-0.01,69,104166,卖盘
11:03:24,15.1,0.01,96,145093,买盘
11:03:27,15.1,0.0,67,101133,买盘
11:03:31,15.1,0.0,299,451290,买盘
11:03:33,15.1,0.0,222,335201,买盘
11:03:37,15.1,0.0,125,188749,买盘
11:03:39,15.1,0.0,140,211363,买盘
11:03:42,15.1,0.0,85,128326,买盘
11:03:46,15.11,0.01,55,83056,买盘
11:03:48,15.11,0.0,395,596845,买盘
11:03:52,15.1,-0.01,666,1006103,卖盘
11:03:54,15.11,0.01,36,54396,买盘
11:03:57,15.11,0.0,115,173670,买盘
11:04:01,15.11,0.0,45,67976,买盘
11:04:04,15.1,-0.01,42,63450,卖盘
11:04:07,15.1,0.0,120,181281,卖盘
11:04:10,15.11,0.01,88,132948,买盘
11:04:13,15.11,0.0,11,16621,买盘
11:04:15,15.1,-0.01,91,137446,卖盘
11:04:19,15.11,0.01,82,123883,买盘
11:04:22,15.1,-0.01,345,521192,卖盘
11:04:24,15.1,0.0,199,300688,卖盘
11:04:27,15.1,0.0,140,211506,卖盘
11:04:30,15.11,0.01,90,135979,卖盘
11:04:33,15.12,0.01,165,249321,买盘
11:04:37,15.11,-0.01,24,36264,中性盘
11:04:40,15.12,0.01,178,268994,买盘
11:04:43,15.12,0.0,22,33249,买盘
11:04:45,15.12,0.0,117,176899,买盘
11:04:48,15.11,-0.01,60,90689,卖盘
11:04:52,15.11,0.0,76,114898,卖盘
11:04:54,15.12,0.01,36,54432,买盘
11:04:58,15.12,0.0,4,6048,买盘
11:05:00,15.12,0.0,55,83160,买盘
11:05:04,15.11,-0.01,166,250830,卖盘
11:05:07,15.11,0.0,238,359618,买盘
11:05:10,15.11,0.0,73,110303,买盘
11:05:12,15.11,0.0,14,21154,买盘
11:05:15,15.1,-0.01,352,531810,卖盘
11:05:18,15.11,0.01,127,191868,买盘
11:05:22,15.1,-0.01,57,86098,卖盘
11:05:24,15.1,0.0,669,1010804,卖盘
11:05:28,15.12,0.02,17,25687,买盘
11:05:30,15.12,0.0,302,456210,买盘
11:05:33,15.11,-0.01,164,247804,卖盘
11:05:36,15.11,0.0,62,93671,买盘
11:05:40,15.11,0.0,3,4533,买盘
11:05:42,15.11,0.0,97,146506,买盘
11:05:46,15.11,0.0,265,400355,买盘
11:05:49,15.11,0.0,213,321836,买盘
11:05:51,15.1,-0.01,35,52875,卖盘
11:05:55,15.1,0.0,48,72510,卖盘
11:05:57,15.1,0.0,54,81590,卖盘
11:06:01,15.1,0.0,96,144982,卖盘
11:06:04,15.11,0.01,51,77051,买盘
11:06:07,15.11,0.0,205,309573,买盘
11:06:09,15.11,0.0,23,34743,买盘
11:06:13,15.11,0.0,316,477466,买盘
11:06:15,15.11,0.0,102,154089,买盘
11:06:19,15.11,0.0,36,54396,买盘
11:06:21,15.11,0.0,10,15110,卖盘
11:06:24,15.11,0.0,24,36265,卖盘
11:06:27,15.12,0.01,4,6048,买盘
11:06:30,15.12,0.0,112,169339,买盘
11:06:34,15.11,-0.01,257,388339,卖盘
11:06:36,15.11,0.0,167,252339,卖盘
11:06:40,15.11,0.0,97,146534,卖盘
11:06:42,15.11,0.0,148,223628,买盘
11:06:46,15.11,0.0,38,57418,买盘
11:06:49,15.11,0.0,54,81594,买盘
11:06:52,15.11,0.0,86,129946,卖盘
11:06:57,15.11,0.0,21,31724,卖盘
11:07:01,15.12,0.01,30,45350,买盘
11:07:05,15.11,-0.01,28,42308,卖盘
11:07:07,15.12,0.01,3,4536,买盘
11:07:10,15.11,-0.01,155,234205,卖盘
11:07:13,15.11,0.0,187,282509,卖盘
11:07:15,15.11,0.0,66,99726,买盘
11:07:18,15.1,-0.01,474,716000,卖盘
11:07:21,15.1,0.0,162,244861,卖盘
11:07:25,15.11,0.01,60,90656,买盘
11:07:27,15.1,-0.01,526,794266,卖盘
11:07:30,15.1,0.0,777,1173357,卖盘
11:07:33,15.11,0.01,256,386629,买盘
11:07:37,15.1,-0.01,75,113260,中性盘
11:07:40,15.11,0.01,316,477460,买盘
11:07:42,15.1,-0.01,17,25672,卖盘
11:07:46,15.11,0.01,23,34743,买盘
11:07:48,15.1,-0.01,21,31729,卖盘
11:07:51,15.11,0.01,506,764562,买盘
11:07:54,15.11,0.0,72,108792,卖盘
11:07:57,15.11,0.0,56,84629,卖盘
11:08:00,15.11,0.0,328,495623,卖盘
11:08:04,15.11,0.0,15,22675,卖盘
11:08:07,15.12,0.01,79,119421,买盘
11:08:10,15.12,0.0,53,80102,买盘
11:08:13,15.11,-0.01,102,154124,卖盘
11:08:15,15.11,0.0,150,226650,卖盘
11:08:19,15.11,0.0,109,164600,买盘
11:08:21,15.11,0.0,80,120880,买盘
11:08:25,15.11,0.0,105,158655,买盘
11:08:27,15.11,0.0,119,179809,买盘
11:08:31,15.11,0.0,235,354956,卖盘
11:08:33,15.11,0.0,73,110251,中性盘
11:08:36,15.11,0.0,95,143483,卖盘
11:08:39,15.11,0.0,66,99722,买盘
11:08:42,15.11,0.0,144,217554,买盘
11:08:45,15.11,0.0,98,148063,买盘
11:08:48,15.11,0.0,97,146565,买盘
11:08:52,15.11,0.0,27,40786,卖盘
11:08:54,15.11,0.0,49,74044,卖盘
11:08:58,15.11,0.0,10,15109,买盘
11:09:00,15.11,0.0,2,3022,买盘
11:09:04,15.11,0.0,69,104259,买盘
11:09:06,15.11,0.0,17,25677,买盘
11:09:09,15.11,0.0,74,111749,买盘
11:09:12,15.1,-0.01,38,57380,卖盘
11:09:15,15.1,0.0,29,43794,卖盘
11:09:19,15.1,0.0,69,104198,卖盘
11:09:22,15.11,0.01,158,238581,买盘
11:09:25,15.1,-0.01,29,43792,卖盘
11:09:28,15.11,0.01,20,30220,买盘
11:09:30,15.1,-0.01,94,142192,卖盘
11:09:34,15.11,0.01,12,18122,买盘
11:09:37,15.1,-0.01,20,30209,卖盘
11:09:39,15.1,0.0,10,15100,卖盘
11:09:42,15.11,0.01,108,162586,买盘
11:09:48,15.11,0.0,47,71017,买盘
11:09:51,15.11,0.0,61,92119,买盘
11:09:54,15.11,0.0,39,58906,买盘
11:09:57,15.1,-0.01,89,134390,卖盘
11:10:01,15.11,0.01,506,764526,买盘
11:10:04,15.11,0.0,1,1511,买盘
11:10:07,15.11,0.0,13,19643,买盘
11:10:09,15.11,0.0,37,55893,买盘
11:10:13,15.11,0.0,108,163188,买盘
11:10:16,15.1,-0.01,757,1143403,卖盘
11:10:19,15.1,0.0,57,86070,买盘
11:10:21,15.09,-0.01,31,46802,卖盘
11:10:25,15.09,0.0,213,321620,卖盘
11:10:27,15.1,0.01,95,143440,买盘
11:10:30,15.1,0.0,45,67944,买盘
11:10:33,15.1,0.0,30,45290,买盘
11:10:36,15.1,0.0,43,64599,买盘
11:10:40,15.1,0.0,46,69460,买盘
11:10:42,15.1,0.0,77,116270,卖盘
11:10:46,15.1,0.0,48,72482,卖盘
11:10:48,15.1,0.0,117,176693,卖盘
11:10:51,15.1,0.0,54,81540,买盘
11:10:55,15.1,0.0,240,362375,买盘
11:10:57,15.1,0.0,33,49830,卖盘
11:11:01,15.09,-0.01,58,87546,卖盘
11:11:04,15.1,0.01,30,45300,买盘
11:11:07,15.1,0.0,40,60390,买盘
11:11:09,15.1,0.0,170,256674,买盘
11:11:13,15.1,0.0,28,42289,卖盘
11:11:16,15.09,-0.01,310,467910,卖盘
11:11:18,15.1,0.01,46,69469,买盘
11:11:22,15.1,0.0,69,104220,卖盘
11:11:24,15.1,0.0,190,286910,卖盘
11:11:27,15.1,0.0,38,57380,买盘
11:11:31,15.1,0.0,60,90590,买盘
11:11:33,15.1,0.0,12,18120,买盘
11:11:37,15.1,0.0,66,99660,买盘
11:11:39,15.1,0.0,38,57365,买盘
11:11:43,15.09,-0.01,228,344065,卖盘
11:11:45,15.1,0.01,94,141930,买盘
11:11:49,15.09,-0.01,162,245517,卖盘
11:11:52,15.09,0.0,79,119222,卖盘
11:11:54,15.09,0.0,216,326000,卖盘
11:11:58,15.09,0.0,685,1034207,卖盘
11:12:01,15.09,0.0,65,98087,卖盘
11:12:04,15.09,0.0,232,350102,卖盘
11:12:07,15.09,0.0,228,344107,卖盘
11:12:10,15.09,0.0,96,144822,卖盘
11:12:13,15.09,0.0,71,107113,卖盘
11:12:15,15.08,-0.01,159,239921,卖盘
11:12:19,15.09,0.01,21,31683,买盘
11:12:22,15.08,-0.01,43,64886,卖盘
11:12:25,15.11,0.03,1529,2309461,买盘
11:12:27,15.11,0.0,26,39286,卖盘
11:12:31,15.11,0.0,35,52885,卖盘
11:12:34,15.12,0.01,11,16622,买盘
11:12:36,15.11,-0.01,201,303999,卖盘
11:12:40,15.12,0.01,33,49882,买盘
11:12:43,15.11,-0.01,22,33242,卖盘
11:12:45,15.12,0.01,20,30240,买盘
11:12:48,15.12,0.0,52,78613,买盘
11:12:51,15.11,-0.01,14,21163,卖盘
11:12:55,15.12,0.01,14,21168,买盘
11:12:58,15.11,-0.01,69,104259,卖盘
11:13:01,15.12,0.01,62,93437,买盘
11:13:04,15.11,-0.01,61,92201,卖盘
11:13:07,15.12,0.01,1,1512,买盘
11:13:10,15.12,0.0,4,6048,买盘
11:13:12,15.12,0.0,16,24192,买盘
11:13:15,15.12,0.0,14,21168,买盘
11:13:18,15.12,0.0,52,78604,买盘
11:13:22,15.11,-0.01,47,71017,卖盘
11:13:24,15.12,0.01,14,21159,买盘
11:13:28,15.11,-0.01,146,220616,卖盘
11:13:30,15.12,0.01,130,196556,买盘
11:13:33,15.12,0.0,56,84672,买盘
11:13:36,15.11,-0.01,19,28717,卖盘
11:13:39,15.11,0.0,8,12088,卖盘
11:13:43,15.12,0.01,22,33264,买盘
11:13:45,15.11,-0.01,150,226650,卖盘
11:13:49,15.12,0.01,44,66528,买盘
11:13:51,15.11,-0.01,116,174793,卖盘
11:13:55,15.11,0.0,14,21158,卖盘
11:13:58,15.11,0.0,76,114881,卖盘
11:14:01,15.11,0.0,2,3022,卖盘
11:14:04,15.11,0.0,66,99265,卖盘
11:14:07,15.12,0.01,1139,1722160,买盘
11:14:10,15.12,0.0,19,28715,买盘
11:14:13,15.12,0.0,316,477732,买盘
11:14:15,15.12,0.0,161,243432,买盘
11:14:19,15.11,-0.01,383,578851,卖盘
11:14:21,15.11,0.0,11,16622,卖盘
11:14:25,15.11,0.0,76,114850,卖盘
11:14:30,15.12,0.01,41,61955,买盘
11:14:34,15.12,0.0,8,12096,买盘
11:14:37,15.12,0.0,468,707616,买盘
11:14:40,15.12,0.0,102,154224,买盘
11:14:43,15.12,0.0,272,411100,卖盘
11:14:48,15.12,0.0,62,93761,卖盘
11:14:52,15.13,0.01,5,7564,买盘
11:14:55,15.12,-0.01,2,3024,卖盘
11:14:58,15.13,0.01,265,400691,买盘
11:15:00,15.13,0.0,43,65059,买盘
11:15:04,15.12,-0.01,27,40847,卖盘
11:15:06,15.13,0.01,18,27234,买盘
11:15:09,15.13,0.0,49,74137,买盘
11:15:12,15.12,-0.01,113,170880,卖盘
11:15:15,15.13,0.01,174,263093,买盘
11:15:19,15.12,-0.01,18,27221,卖盘
11:15:21,15.12,0.0,31,46895,卖盘
11:15:24,15.12,0.0,227,343434,卖盘
11:15:27,15.13,0.01,13,19666,买盘
11:15:31,15.12,-0.01,63,95305,卖盘
11:15:33,15.13,0.01,12,18156,买盘
11:15:37,15.12,-0.01,57,86194,卖盘
11:15:39,15.13,0.01,27,40847,买盘
11:15:42,15.13,0.0,51,77163,买盘
11:15:45,15.13,0.0,262,396396,买盘
11:15:49,15.13,0.0,141,213299,买盘
11:15:51,15.14,0.01,2,3028,买盘
11:15:57,15.13,-0.01,200,302600,卖盘
11:16:01,15.13,0.0,45,68086,卖盘
11:16:04,15.13,0.0,20,30267,卖盘
11:16:07,15.14,0.01,76,115063,买盘
11:16:10,15.13,-0.01,174,263312,卖盘
11:16:13,15.13,0.0,45,68085,卖盘
11:16:16,15.13,0.0,9,13620,卖盘
11:16:18,15.14,0.01,20,30262,买盘
11:16:21,15.13,-0.01,141,213333,卖盘
11:16:24,15.12,-0.01,1628,2461763,卖盘
11:16:27,15.12,0.0,54,81614,买盘
11:16:30,15.12,0.0,25,37794,买盘
11:16:33,15.12,0.0,250,378823,买盘
11:16:36,15.12,0.0,38,57456,买盘
11:16:39,15.12,0.0,110,166235,买盘
11:16:45,15.12,0.0,101,152678,买盘
11:16:48,15.1,-0.02,3042,4593723,卖盘
11:16:51,15.1,0.0,2,3020,卖盘
11:16:54,15.1,0.0,115,173590,买盘
11:16:57,15.1,0.0,59,89088,买盘
11:17:00,15.1,0.0,303,457496,买盘
11:17:04,15.07,-0.03,3937,5935864,卖盘
11:17:07,15.09,0.02,123,185681,卖盘
11:17:10,15.09,0.0,124,187216,卖盘
11:17:13,15.08,-0.01,40,60320,中性盘
11:17:15,15.08,0.0,70,105497,买盘
11:17:18,15.12,0.04,671,1013524,买盘
11:17:21,15.12,0.0,321,485352,卖盘
11:17:24,15.12,0.0,361,545832,卖盘
11:17:27,15.12,0.0,171,258552,卖盘
11:17:31,15.08,-0.04,204,307678,卖盘
11:17:33,15.1,0.02,40,60329,中性盘
11:17:37,15.09,-0.01,41,61876,卖盘
11:17:40,15.12,0.03,147,222182,买盘
11:17:45,15.09,-0.03,12,18130,卖盘
11:17:48,15.1,0.01,198,298942,买盘
11:17:51,15.09,-0.01,28,42259,卖盘
11:17:55,15.1,0.01,74,111674,买盘
11:17:57,15.09,-0.01,578,872202,卖盘
11:18:01,15.09,0.0,21,31689,买盘
11:18:04,15.09,0.0,75,113175,买盘
11:18:07,15.09,0.0,34,51280,买盘
11:18:09,15.09,0.0,150,226205,买盘
11:18:12,15.09,0.0,112,168929,买盘
11:18:15,15.09,0.0,114,171924,买盘
11:18:18,15.08,-0.01,449,677161,卖盘
11:18:22,15.09,0.01,163,245298,买盘
11:18:24,15.08,-0.01,171,258058,卖盘
11:18:27,15.08,0.0,24,36215,卖盘
11:18:30,15.08,0.0,21,31668,卖盘
11:18:33,15.09,0.01,16,24144,买盘
11:18:36,15.09,0.0,55,82957,买盘
11:18:39,15.08,-0.01,96,144849,卖盘
11:18:42,15.09,0.01,567,854392,买盘
11:18:45,15.08,-0.01,174,262450,卖盘
11:18:48,15.09,0.01,72,108589,买盘
11:18:51,15.09,0.0,100,151099,买盘
11:18:54,15.09,0.0,4,6034,买盘
11:18:57,15.09,0.0,20,30169,买盘
11:19:00,15.09,0.0,31,46752,买盘
11:19:04,15.08,-0.01,264,398585,卖盘
11:19:06,15.08,0.0,43,64845,卖盘
11:19:10,15.08,0.0,110,165963,卖盘
11:19:12,15.08,0.0,171,257120,卖盘
11:19:15,15.08,0.0,17,25641,卖盘
11:19:19,15.08,0.0,80,120641,卖盘
11:19:21,15.08,0.0,159,240694,卖盘
11:19:24,15.08,0.0,36,54288,卖盘
11:19:30,15.08,0.0,25,37700,卖盘
11:19:33,15.09,0.01,71,106328,买盘
11:19:36,15.08,-0.01,9,13986,卖盘
11:19:39,15.09,0.01,121,182482,买盘
11:19:42,15.08,-0.01,207,311598,卖盘
11:19:45,15.07,-0.01,18,27134,卖盘
11:19:49,15.08,0.01,13,19604,中性盘
11:19:51,15.09,0.01,110,165965,买盘
11:19:54,15.08,-0.01,125,188388,卖盘
11:19:58,15.08,0.0,40,60282,买盘
11:20:00,15.08,0.0,40,60320,买盘
11:20:04,15.07,-0.01,472,711473,卖盘
11:20:07,15.08,0.01,16,24128,买盘
11:20:10,15.08,0.0,201,302979,买盘
11:20:12,15.08,0.0,1,1508,买盘
11:20:16,15.08,0.0,181,272777,买盘
11:20:18,15.08,0.0,71,107008,买盘
11:20:21,15.07,-0.01,239,360386,卖盘
11:20:24,15.08,0.01,83,125139,买盘
11:20:27,15.08,0.0,123,185396,买盘
11:20:31,15.08,0.0,23,34682,买盘
11:20:33,15.07,-0.01,23,34667,卖盘
11:20:37,15.08,0.01,13,19604,买盘
11:20:39,15.08,0.0,21,31658,买盘
11:20:42,15.08,0.0,26,39208,买盘
11:20:45,15.08,0.0,70,105555,买盘
11:20:48,15.07,-0.01,29,43728,卖盘
11:20:51,15.08,0.01,58,87453,买盘
11:20:54,15.08,0.0,32,48256,买盘
11:20:58,15.07,-0.01,419,631466,卖盘
11:21:00,15.08,0.01,86,129608,买盘
11:21:05,15.08,0.0,70,105560,买盘
11:21:07,15.08,0.0,828,1247797,买盘
11:21:10,15.07,-0.01,38,57287,卖盘
11:21:13,15.07,0.0,80,120561,卖盘
11:21:16,15.08,0.01,104,157635,买盘
11:21:19,15.08,0.0,4,6031,买盘
11:21:21,15.07,-0.01,77,116105,卖盘
11:21:24,15.08,0.01,26,39208,买盘
11:21:27,15.07,-0.01,173,260711,卖盘
11:21:30,15.07,0.0,38,57266,买盘
11:21:33,15.07,0.0,199,299893,买盘
11:21:36,15.07,0.0,10,15070,买盘
11:21:39,15.06,-0.01,24,36154,卖盘
11:21:42,15.07,0.01,66,99460,买盘
11:21:45,15.06,-0.01,149,224531,卖盘
11:21:48,15.07,0.01,183,275765,买盘
11:21:51,15.08,0.01,30,45240,买盘
11:21:54,15.08,0.0,13,19594,买盘
11:21:57,15.07,-0.01,292,440306,卖盘
11:22:00,15.08,0.01,49,73032,买盘
11:22:04,15.07,-0.01,101,152231,卖盘
11:22:06,15.09,0.02,14,21115,买盘
11:22:09,15.08,-0.01,1,1508,卖盘
11:22:12,15.08,0.0,67,101024,买盘
11:22:16,15.08,0.0,42,63335,买盘
11:22:19,15.07,-0.01,65,97971,卖盘
11:22:21,15.09,0.02,162,244298,买盘
11:22:25,15.08,-0.01,85,128180,卖盘
11:22:27,15.08,0.0,163,245804,卖盘
11:22:30,15.08,0.0,486,733597,卖盘
11:22:33,15.09,0.01,106,159859,买盘
11:22:37,15.09,0.0,95,143281,买盘
11:22:39,15.09,0.0,234,352979,买盘
11:22:43,15.09,0.0,108,162869,买盘
11:22:45,15.08,-0.01,222,334083,卖盘
11:22:49,15.08,0.0,116,174928,买盘
11:22:51,15.08,0.0,78,117598,买盘
11:22:54,15.08,0.0,12,18094,买盘
11:22:57,15.07,-0.01,47,70866,卖盘
11:23:04,15.07,0.0,112,168791,卖盘
11:23:06,15.08,0.01,31,46723,买盘
11:23:09,15.07,-0.01,51,76868,卖盘
11:23:12,15.07,0.0,18,27136,卖盘
11:23:15,15.07,0.0,180,271315,卖盘
11:23:18,15.08,0.01,11,16588,买盘
11:23:21,15.08,0.0,39,58778,买盘
11:23:24,15.08,0.0,31,46746,买盘
11:23:27,15.08,0.0,13,19604,买盘
11:23:31,15.07,-0.01,35,52754,卖盘
11:23:33,15.08,0.01,20,30160,买盘
11:23:37,15.08,0.0,102,153816,买盘
11:23:39,15.08,0.0,313,472004,买盘
11:23:43,15.08,0.0,555,837649,买盘
11:23:45,15.08,0.0,29,43732,卖盘
11:23:49,15.07,-0.01,120,180950,卖盘
11:23:52,15.09,0.02,48,72432,买盘
11:23:55,15.09,0.0,21,31681,买盘
11:23:57,15.09,0.0,288,434590,买盘
11:24:01,15.09,0.0,134,202206,买盘
11:24:05,15.08,-0.01,304,458618,卖盘
11:24:07,15.09,0.01,16,24144,买盘
11:24:09,15.08,-0.01,371,559470,卖盘
11:24:13,15.08,0.0,43,64896,买盘
11:24:15,15.1,0.02,20,30162,买盘
11:24:18,15.09,-0.01,28,42241,买盘
11:24:25,15.09,0.0,2,3018,卖盘
11:24:27,15.1,0.01,38,57380,买盘
11:24:31,15.09,-0.01,100,150923,卖盘
11:24:33,15.09,0.0,15,22625,买盘
11:24:36,15.09,0.0,102,153299,买盘
11:24:39,15.09,0.0,31,46779,买盘
11:24:42,15.1,0.01,853,1287830,买盘
11:24:46,15.1,0.0,85,129165,卖盘
11:24:49,15.1,0.0,50,75500,卖盘
11:24:52,15.11,0.01,56,84616,买盘
11:24:55,15.11,0.0,3,4533,买盘
11:24:57,15.11,0.0,12,18132,卖盘
11:25:00,15.11,0.0,4,6046,卖盘
11:25:04,15.11,0.0,5,7555,卖盘
11:25:07,15.11,0.0,57,86127,卖盘
11:25:12,15.11,0.0,27,40797,买盘
11:25:15,15.1,-0.01,37,55887,卖盘
11:25:22,15.1,0.0,13,19632,卖盘
11:25:24,15.11,0.01,67,101237,买盘
11:25:28,15.1,-0.01,24,36244,卖盘
11:25:30,15.1,0.0,37,55877,卖盘
11:25:34,15.1,0.0,79,119344,卖盘
11:25:36,15.1,0.0,434,655706,卖盘
11:25:39,15.11,0.01,16,24176,买盘
11:25:42,15.11,0.0,61,92137,卖盘
11:25:48,15.11,0.0,38,57419,卖盘
11:25:51,15.1,-0.01,44,66480,卖盘
11:25:54,15.11,0.01,64,96694,买盘
11:25:58,15.11,0.0,53,80083,买盘
11:26:01,15.1,-0.01,174,262899,卖盘
11:26:04,15.11,0.01,84,126924,买盘
11:26:06,15.11,0.0,44,66484,买盘
11:26:09,15.11,0.0,57,86114,买盘
11:26:12,15.1,-0.01,41,61946,卖盘
11:26:15,15.11,0.01,166,250816,买盘
11:26:18,15.11,0.0,125,188875,买盘
11:26:21,15.1,-0.01,37,55895,卖盘
11:26:25,15.11,0.01,2,3022,买盘
11:26:28,15.1,-0.01,34,51353,卖盘
11:26:30,15.1,0.0,2,3021,卖盘
11:26:33,15.11,0.01,2,3022,买盘
11:26:36,15.11,0.0,4,6047,卖盘
11:26:40,15.12,0.01,10,15120,买盘
11:26:43,15.11,-0.01,141,213051,卖盘
11:26:45,15.11,0.0,7,10577,买盘
11:26:49,15.11,0.0,5,7555,买盘
11:26:52,15.11,0.0,51,77061,买盘
11:26:54,15.11,0.0,48,72483,买盘
11:26:57,15.1,-0.01,253,382231,卖盘
11:27:00,15.1,0.0,142,214552,卖盘
11:27:04,15.11,0.01,136,205481,买盘
11:27:07,15.11,0.0,111,167721,买盘
11:27:10,15.11,0.0,15,22665,买盘
11:27:12,15.11,0.0,17,25687,买盘
11:27:15,15.11,0.0,52,78562,买盘
11:27:18,15.1,-0.01,26,39273,卖盘
11:27:22,15.11,0.01,40,60422,买盘
11:27:25,15.11,0.0,41,61919,卖盘
11:27:28,15.11,0.0,27,40797,买盘
11:27:30,15.1,-0.01,13,19633,卖盘
11:27:33,15.11,0.01,38,57418,买盘
11:27:36,15.11,0.0,14,21150,买盘
11:27:40,15.11,0.0,16,24162,买盘
11:27:42,15.11,0.0,169,255359,买盘
11:27:45,15.1,-0.01,112,169187,卖盘
11:27:52,15.11,0.01,40,60440,买盘
11:27:54,15.11,0.0,63,95190,买盘
11:27:58,15.1,-0.01,10,15101,卖盘
11:28:00,15.11,0.01,18,27198,买盘
11:28:04,15.11,0.0,85,128424,买盘
11:28:07,15.11,0.0,40,60440,买盘
11:28:09,15.1,-0.01,49,74019,卖盘
11:28:12,15.11,0.01,36,54396,买盘
11:28:15,15.12,0.01,59,89177,买盘
11:28:18,15.11,-0.01,5,7555,卖盘
11:28:22,15.11,0.0,75,113325,买盘
11:28:25,15.11,0.0,88,132968,买盘
11:28:27,15.11,0.0,8,12088,买盘
11:28:30,15.11,0.0,33,49863,买盘
11:28:34,15.1,-0.01,30,45304,卖盘
11:28:37,15.11,0.01,18,27198,买盘
11:28:39,15.11,0.0,35,52885,买盘
11:28:42,15.1,-0.01,110,166200,卖盘
11:28:45,15.11,0.01,8,12088,买盘
11:28:48,15.11,0.0,25,37775,买盘
11:28:51,15.12,0.01,38,57456,买盘
11:28:58,15.11,-0.01,14,21157,卖盘
11:29:00,15.12,0.01,5,7560,买盘
11:29:06,15.12,0.0,12,18143,买盘
11:29:09,15.11,-0.01,207,312778,卖盘
11:29:12,15.12,0.01,14,21168,买盘
11:29:16,15.12,0.0,57,86142,买盘
11:29:19,15.11,-0.01,20,30225,卖盘
11:29:21,15.11,0.0,50,75550,卖盘
11:29:24,15.11,0.0,49,73284,卖盘
11:29:27,15.12,0.01,43,64983,买盘
11:29:31,15.1,-0.02,331,500186,卖盘
11:29:33,15.11,0.01,69,104042,中性盘
11:29:37,15.11,0.0,57,86125,买盘
11:29:39,15.11,0.0,26,39286,买盘
11:29:42,15.1,-0.01,66,99655,卖盘
11:29:46,15.11,0.01,48,72517,买盘
11:29:48,15.11,0.0,3,4533,买盘
11:29:52,15.11,0.0,194,293134,买盘
11:29:54,15.11,0.0,52,78568,买盘
11:29:58,15.1,-0.01,102,154022,卖盘
11:30:00,15.11,0.01,6,9066,买盘
13:00:00,15.11,0.0,775,1170388,买盘
13:00:04,15.12,0.01,1980,2993238,买盘
13:00:06,15.11,-0.01,627,947665,卖盘
13:00:10,15.11,0.0,214,323224,卖盘
13:00:12,15.11,0.0,37,55926,卖盘
13:00:15,15.12,0.01,150,226887,卖盘
13:00:18,15.11,-0.01,23,34773,卖盘
13:00:21,15.11,0.0,384,581015,卖盘
13:00:24,15.11,0.0,536,809433,卖盘
13:00:27,15.12,0.01,58,87648,中性盘
13:00:30,15.14,0.02,27,40828,买盘
13:00:34,15.14,0.0,56,84658,买盘
13:00:36,15.12,-0.02,1,1512,中性盘
13:00:39,15.11,-0.01,255,385568,卖盘
13:00:42,15.12,0.01,37,55962,中性盘
13:00:46,15.11,-0.01,195,294275,卖盘
13:00:48,15.12,0.01,60,90720,买盘
13:00:51,15.12,0.0,113,170811,买盘
13:00:54,15.12,0.0,105,159093,买盘
13:00:57,15.11,-0.01,304,459010,卖盘
13:01:00,15.11,0.0,144,217599,卖盘
13:01:04,15.12,0.01,205,309954,买盘
13:01:07,15.11,-0.01,134,203066,卖盘
13:01:10,15.12,0.01,8,12096,买盘
13:01:12,15.11,-0.01,86,130012,卖盘
13:01:15,15.11,0.0,16,24176,卖盘
13:01:21,15.11,0.0,8,12089,卖盘
13:01:24,15.12,0.01,217,327910,买盘
13:01:27,15.12,0.0,195,294769,买盘
13:01:31,15.11,-0.01,452,682972,卖盘
13:01:33,15.11,0.0,146,220666,卖盘
13:01:36,15.12,0.01,103,155656,买盘
13:01:39,15.11,-0.01,195,294778,卖盘
13:01:42,15.12,0.01,516,780174,买盘
13:01:45,15.12,0.0,93,140617,卖盘
13:01:48,15.12,0.0,82,123984,卖盘
13:01:52,15.13,0.01,21,31773,买盘
13:01:54,15.13,0.0,175,264601,买盘
13:01:58,15.13,0.0,34,51442,买盘
13:02:00,15.12,-0.01,371,560953,卖盘
13:02:04,15.12,0.0,43,65026,卖盘
13:02:07,15.13,0.01,355,536767,买盘
13:02:10,15.12,-0.01,7,10584,中性盘
13:02:13,15.12,0.0,70,105828,买盘
13:02:16,15.12,0.0,206,311472,买盘
13:02:18,15.12,0.0,65,98250,买盘
13:02:21,15.12,0.0,2,3023,买盘
13:02:24,15.12,0.0,93,139935,买盘
13:02:28,15.12,0.0,164,247963,买盘
13:02:34,15.12,0.0,61,93236,买盘
13:02:37,15.12,0.0,113,170844,买盘
13:02:39,15.11,-0.01,144,217605,卖盘
13:02:43,15.12,0.01,51,77098,买盘
13:02:45,15.11,-0.01,2631,3975550,卖盘
13:02:48,15.11,0.0,45,67970,买盘
13:02:51,15.11,0.0,80,120841,买盘
13:02:57,15.11,0.0,278,419905,买盘
13:03:00,15.11,0.0,371,560233,买盘
13:03:04,15.12,0.01,562,849167,买盘
13:03:07,15.11,-0.01,175,264426,卖盘
13:03:09,15.11,0.0,15,22665,卖盘
13:03:12,15.12,0.01,24,36282,买盘
13:03:15,15.12,0.0,3,4536,买盘
13:03:18,15.12,0.0,21,31742,买盘
13:03:21,15.12,0.0,2,3023,买盘
13:03:25,15.11,-0.01,71,107300,卖盘
13:03:27,15.11,0.0,27,40798,卖盘
13:03:30,15.11,0.0,10,15110,卖盘
13:03:33,15.12,0.01,12,18143,买盘
13:03:37,15.11,-0.01,2,3023,卖盘
13:03:39,15.12,0.01,2,3024,买盘
13:03:42,15.12,0.0,115,172957,买盘
13:03:45,15.12,0.0,4168,6292326,买盘
13:03:48,15.11,-0.01,2,3022,中性盘
13:03:51,15.11,0.0,69,104158,买盘
13:03:54,15.11,0.0,24,36259,买盘
13:03:57,15.11,0.0,28,42308,买盘
13:04:00,15.11,0.0,19,28768,买盘
13:04:04,15.11,0.0,13,19636,买盘
13:04:07,15.11,0.0,155,234169,买盘
13:04:13,15.1,-0.01,34,51342,卖盘
13:04:16,15.09,-0.01,98,147362,卖盘
13:04:18,15.1,0.01,20,30200,买盘
13:04:21,15.1,0.0,414,625140,买盘
13:04:24,15.11,0.01,19,28709,买盘
13:04:27,15.1,-0.01,200,302000,卖盘
13:04:30,15.11,0.01,14,21154,买盘
13:04:33,15.1,-0.01,9,13591,卖盘
13:04:36,15.1,0.0,11,16610,卖盘
13:04:39,15.11,0.01,4360,6575822,买盘
13:04:42,15.11,0.0,3,4533,买盘
13:04:49,15.09,-0.02,19,28674,卖盘
13:04:52,15.09,0.0,35,52841,卖盘
13:04:54,15.09,0.0,62,93590,卖盘
13:04:57,15.1,0.01,146,220456,买盘
13:05:01,15.1,0.0,6,9060,卖盘
13:05:04,15.11,0.01,818,1235996,买盘
13:05:07,15.11,0.0,145,219095,卖盘
13:05:10,15.11,0.0,2,3022,卖盘
13:05:13,15.12,0.01,14,21155,买盘
13:05:18,15.12,0.0,37,55944,买盘
13:05:24,15.12,0.0,15,22680,买盘
13:05:27,15.12,0.0,1018,1539202,买盘
13:05:30,15.12,0.0,21,31752,买盘
13:05:36,15.12,0.0,15,22681,卖盘
13:05:40,15.12,0.0,13,19656,卖盘
13:05:42,15.13,0.01,13,19669,买盘
13:05:45,15.13,0.0,53,80167,买盘
13:05:51,15.13,0.0,15,22690,买盘
13:05:55,15.13,0.0,40,60516,买盘
13:05:57,15.13,0.0,11,16643,买盘
13:06:00,15.12,-0.01,339,512593,卖盘
13:06:04,15.13,0.01,118,178538,买盘
13:06:06,15.13,0.0,19,28746,买盘
13:06:09,15.13,0.0,1,1513,买盘
13:06:12,15.11,-0.02,1237,1869091,卖盘
13:06:18,15.11,0.0,22,33231,买盘
13:06:22,15.11,0.0,113,170743,买盘
13:06:24,15.11,0.0,80,120870,买盘
13:06:27,15.11,0.0,41,61951,买盘
13:06:30,15.11,0.0,7,10577,买盘
13:06:33,15.11,0.0,801,1210462,买盘
13:06:36,15.11,0.0,35,52915,卖盘
13:06:42,15.11,0.0,19,28710,卖盘
13:06:45,15.12,0.01,44,66521,买盘
13:06:48,15.11,-0.01,160,241816,卖盘
13:06:52,15.12,0.01,127,191964,买盘
13:06:54,15.12,0.0,61,92232,买盘
13:06:58,15.12,0.0,3,4536,买盘
13:07:00,15.12,0.0,210,317520,买盘
13:07:04,15.12,0.0,21,31752,买盘
13:07:06,15.12,0.0,147,222264,买盘
13:07:09,15.12,0.0,101,152712,买盘
13:07:12,15.11,-0.01,260,392860,卖盘
13:07:15,15.12,0.01,1,1512,买盘
13:07:18,15.11,-0.01,33,49863,卖盘
13:07:22,15.12,0.01,5,7560,买盘
13:07:24,15.12,0.0,65,98245,买盘
13:07:27,15.11,-0.01,66,99741,卖盘
13:07:34,15.12,0.01,104,157854,买盘
13:07:36,15.12,0.0,19,28723,买盘
13:07:42,15.11,-0.01,76,114171,卖盘
13:07:45,15.12,0.01,78,117909,买盘
13:07:48,15.11,-0.01,11,16622,卖盘
13:07:51,15.11,0.0,59,90252,卖盘
13:07:55,15.12,0.01,26,39312,买盘
13:07:57,15.12,0.0,8,12096,买盘
13:08:00,15.12,0.0,87,130731,买盘
13:08:04,15.11,-0.01,213,321881,卖盘
13:08:07,15.12,0.01,79,119448,买盘
13:08:09,15.11,-0.01,5,7556,卖盘
13:08:12,15.12,0.01,132,199564,买盘
13:08:16,15.11,-0.01,31,46841,卖盘
13:08:18,15.11,0.0,20,30220,卖盘
13:08:22,15.12,0.01,18,27216,买盘
13:08:24,15.12,0.0,12,18144,买盘
13:08:27,15.12,0.0,62,93744,买盘
13:08:30,15.11,-0.01,7,10580,卖盘
13:08:33,15.12,0.01,62,93720,买盘
13:08:36,15.12,0.0,24,36266,买盘
13:08:39,15.11,-0.01,92,139375,卖盘
13:08:42,15.11,0.0,42,63499,卖盘
13:08:46,15.12,0.01,111,167732,买盘
13:08:48,15.11,-0.01,71,106918,卖盘
13:08:51,15.11,0.0,524,791885,卖盘
13:08:54,15.12,0.01,51,77112,买盘
13:08:58,15.11,-0.01,301,454811,卖盘
13:09:00,15.12,0.01,3,4536,买盘
13:09:04,15.11,-0.01,369,557060,卖盘
13:09:07,15.11,0.0,98,148640,买盘
13:09:10,15.11,0.0,1015,1534164,买盘
13:09:12,15.11,0.0,123,185853,卖盘
13:09:16,15.12,0.01,1,1512,买盘
13:09:18,15.11,-0.01,13,19643,卖盘
13:09:22,15.11,0.0,58,87638,卖盘
13:09:24,15.11,0.0,42,63492,卖盘
13:09:28,15.12,0.01,16,24192,买盘
13:09:30,15.12,0.0,132,199584,买盘
13:09:33,15.11,-0.01,134,202596,卖盘
13:09:36,15.12,0.01,163,246295,买盘
13:09:39,15.12,0.0,10,15120,买盘
13:09:43,15.12,0.0,737,1114344,买盘
13:09:46,15.12,0.0,108,163296,卖盘
13:09:48,15.13,0.01,1,1513,买盘
13:09:51,15.12,-0.01,20,30240,卖盘
13:09:55,15.13,0.01,42,63523,买盘
13:10:00,15.13,0.0,5,7561,买盘
13:10:04,15.13,0.0,48,72586,买盘
13:10:07,15.13,0.0,17,25721,买盘
13:10:10,15.13,0.0,6,9074,买盘
13:10:12,15.12,-0.01,313,473259,卖盘
13:10:18,15.11,-0.01,374,564431,卖盘
13:10:22,15.12,0.01,62,93694,买盘
13:10:25,15.11,-0.01,11,16631,卖盘
13:10:27,15.11,0.0,235,355310,卖盘
13:10:30,15.12,0.01,11,16632,买盘
13:10:34,15.12,0.0,21,31752,买盘
13:10:36,15.12,0.0,11,16632,买盘
13:10:39,15.12,0.0,121,182832,买盘
13:10:42,15.12,0.0,113,170856,买盘
13:10:46,15.11,-0.01,98,148960,卖盘
13:10:48,15.11,0.0,32,48352,卖盘
13:10:51,15.12,0.01,1,1512,买盘
13:10:55,15.12,0.0,90,135095,买盘
13:10:57,15.12,0.0,12,18142,买盘
13:11:00,15.11,-0.01,596,901336,卖盘
13:11:04,15.12,0.01,33,49868,买盘
13:11:06,15.11,-0.01,39,58950,卖盘
13:11:09,15.12,0.01,321,485352,买盘
13:11:12,15.11,-0.01,6,9066,卖盘
13:11:16,15.11,0.0,12,18132,卖盘
13:11:19,15.11,0.0,2,3023,卖盘
13:11:21,15.11,0.0,12,18134,卖盘
13:11:25,15.12,0.01,42,63478,买盘
13:11:27,15.12,0.0,76,114855,买盘
13:11:36,15.11,-0.01,390,589523,卖盘
13:11:39,15.11,0.0,147,222118,卖盘
13:11:43,15.11,0.0,298,450282,卖盘
13:11:45,15.12,0.01,77,116367,买盘
13:11:48,15.1,-0.02,154,231893,卖盘
13:11:51,15.11,0.01,37,55880,卖盘
13:11:54,15.12,0.01,219,331821,买盘
13:11:57,15.12,0.0,106,160201,买盘
13:12:00,15.12,0.0,1,1512,买盘
13:12:07,15.11,-0.01,251,379295,卖盘
13:12:09,15.11,0.0,7,10579,卖盘
13:12:12,15.11,0.0,58,87746,卖盘
13:12:16,15.11,0.0,287,433657,卖盘
13:12:18,15.11,0.0,12,18132,卖盘
13:12:21,15.11,0.0,259,390353,卖盘
13:12:24,15.1,-0.01,6,9064,卖盘
13:12:27,15.11,0.01,15,22665,买盘
13:12:31,15.11,0.0,235,355688,买盘
13:12:33,15.1,-0.01,28,42298,卖盘
13:12:36,15.1,0.0,9,13594,卖盘
13:12:39,15.11,0.01,103,154731,买盘
13:12:42,15.1,-0.01,22,33226,卖盘
13:12:45,15.1,0.0,9,13592,卖盘
13:12:49,15.1,0.0,95,143963,卖盘
13:12:52,15.11,0.01,7,10575,买盘
13:12:55,15.11,0.0,1,1511,买盘
13:12:57,15.1,-0.01,48,72509,卖盘
13:13:01,15.11,0.01,160,241093,买盘
13:13:04,15.1,-0.01,33,49831,卖盘
13:13:06,15.11,0.01,13,19639,买盘
13:13:09,15.11,0.0,112,168774,买盘
13:13:13,15.1,-0.01,5,7550,卖盘
13:13:16,15.11,0.01,11,16621,买盘
13:13:18,15.11,0.0,40,60435,买盘
13:13:21,15.1,-0.01,2,3020,卖盘
13:13:24,15.1,0.0,13,19630,卖盘
13:13:28,15.11,0.01,37,55877,买盘
13:13:31,15.11,0.0,5,7555,买盘
13:13:33,15.1,-0.01,20,30211,卖盘
13:13:37,15.11,0.01,71,107701,买盘
13:13:39,15.11,0.0,17,25671,买盘
13:13:43,15.11,0.0,25,37771,买盘
13:13:45,15.1,-0.01,8,12081,卖盘
13:13:48,15.1,0.0,13,19633,卖盘
13:13:51,15.1,0.0,40,60407,卖盘
13:13:54,15.11,0.01,92,138529,买盘
13:13:58,15.11,0.0,137,207007,买盘
13:14:00,15.11,0.0,4,6044,买盘
13:14:04,15.11,0.0,42,63432,买盘
13:14:06,15.11,0.0,275,415963,买盘
13:14:09,15.11,0.0,26,39286,买盘
13:14:12,15.11,0.0,53,80063,买盘
13:14:16,15.11,0.0,27,40797,买盘
13:14:19,15.1,-0.01,8,12080,卖盘
13:14:22,15.11,0.01,32,48338,买盘
13:14:24,15.11,0.0,6,9066,买盘
13:14:27,15.11,0.0,42,63429,买盘
13:14:30,15.11,0.0,64,96704,买盘
13:14:33,15.1,-0.01,294,444232,卖盘
13:14:36,15.11,0.01,347,524499,买盘
13:14:42,15.12,0.01,37,55914,买盘
13:14:46,15.12,0.0,11,16622,买盘
13:14:48,15.12,0.0,25,37800,买盘
13:14:52,15.12,0.0,277,418606,买盘
13:14:55,15.12,0.0,29,43848,买盘
13:14:57,15.12,0.0,43,65710,买盘
13:15:00,15.12,0.0,35,52916,买盘
13:15:05,15.12,0.0,215,324880,买盘
13:15:07,15.12,0.0,51,77112,买盘
13:15:10,15.12,0.0,106,160272,买盘
13:15:13,15.12,0.0,22,33247,买盘
13:15:15,15.12,0.0,21,31752,买盘
13:15:19,15.12,0.0,1,1512,买盘
13:15:21,15.11,-0.01,31,46843,卖盘
13:15:25,15.11,0.0,131,196640,卖盘
13:15:27,15.11,0.0,14,21154,卖盘
13:15:31,15.11,0.0,73,110370,卖盘
13:15:33,15.11,0.0,185,279943,卖盘
13:15:37,15.11,0.0,26,39286,卖盘
13:15:40,15.12,0.01,65,98226,买盘
13:15:43,15.11,-0.01,101,152614,卖盘
13:15:46,15.11,0.0,110,166815,卖盘
13:15:49,15.11,0.0,292,441212,卖盘
13:15:51,15.12,0.01,26,39312,买盘
13:15:55,15.11,-0.01,132,198434,卖盘
13:15:57,15.12,0.01,28,42336,买盘
13:16:01,15.11,-0.01,50,75585,卖盘
13:16:05,15.11,0.0,97,147722,卖盘
13:16:07,15.12,0.01,32,48384,买盘
13:16:12,15.12,0.0,123,185893,买盘
13:16:16,15.12,0.0,122,184146,买盘
13:16:18,15.12,0.0,2,3024,买盘
13:16:21,15.12,0.0,24,36286,买盘
13:16:24,15.12,0.0,75,113092,买盘
13:16:33,15.12,0.0,59,88761,买盘
13:16:37,15.12,0.0,11,16632,买盘
13:16:40,15.11,-0.01,45,68028,卖盘
13:16:43,15.12,0.01,12,18144,买盘
13:16:45,15.12,0.0,25,37796,买盘
13:16:48,15.12,0.0,45,68034,买盘
13:16:51,15.12,0.0,124,188393,买盘
13:16:55,15.12,0.0,38,57456,买盘
13:16:57,15.12,0.0,82,123984,买盘
13:17:00,15.12,0.0,57,85736,买盘
13:17:04,15.12,0.0,44,66528,买盘
13:17:07,15.12,0.0,8,12096,买盘
13:17:10,15.12,0.0,347,523781,买盘
13:17:13,15.11,-0.01,95,143620,卖盘
13:17:15,15.11,0.0,44,66521,卖盘
13:17:18,15.12,0.01,10,15120,买盘
13:17:21,15.12,0.0,100,151194,买盘
13:17:25,15.12,0.0,385,582025,买盘
13:17:31,15.12,0.0,85,128518,买盘
13:17:33,15.12,0.0,53,80127,买盘
13:17:37,15.12,0.0,112,169962,买盘
13:17:39,15.12,0.0,28,42336,买盘
13:17:43,15.12,0.0,36,54411,买盘
13:17:46,15.12,0.0,172,259359,买盘
13:17:48,15.11,-0.01,32,48381,卖盘
13:17:52,15.12,0.01,62,93727,买盘
13:17:54,15.12,0.0,33,49896,买盘
13:17:58,15.12,0.0,130,196517,买盘
13:18:00,15.12,0.0,453,684702,买盘
13:18:04,15.12,0.0,25,37796,买盘
13:18:07,15.11,-0.01,28,42335,卖盘
13:18:10,15.12,0.01,10,15120,买盘
13:18:12,15.11,-0.01,129,195028,卖盘
13:18:16,15.12,0.01,117,176904,买盘
13:18:18,15.11,-0.01,62,93684,卖盘
13:18:22,15.11,0.0,26,39286,卖盘
13:18:24,15.12,0.01,129,195048,买盘
13:18:27,15.12,0.0,60,90670,买盘
13:18:30,15.12,0.0,50,75600,买盘
13:18:33,15.12,0.0,46,69546,买盘
13:18:36,15.12,0.0,2,3024,买盘
13:18:42,15.12,0.0,1,1512,买盘
13:18:45,15.12,0.0,96,145152,买盘
13:18:49,15.12,0.0,42,63483,买盘
13:18:51,15.12,0.0,46,69552,买盘
13:18:55,15.12,0.0,41,61990,买盘
13:18:57,15.12,0.0,27,40824,买盘
13:19:00,15.12,0.0,52,78624,买盘
13:19:04,15.11,-0.01,16,24182,卖盘
13:19:06,15.11,0.0,41,61990,卖盘
13:19:09,15.12,0.01,24,36278,买盘
13:19:13,15.11,-0.01,90,136025,卖盘
13:19:15,15.12,0.01,243,367187,买盘
13:19:19,15.12,0.0,41,61954,买盘
13:19:21,15.12,0.0,72,108824,买盘
13:19:24,15.12,0.0,55,83134,买盘
13:19:27,15.11,-0.01,146,220615,卖盘
13:19:31,15.11,0.0,123,185924,卖盘
13:19:33,15.11,0.0,1307,1975028,卖盘
13:19:36,15.1,-0.01,70,105681,卖盘
13:19:40,15.11,0.01,50,75543,买盘
13:19:42,15.11,0.0,26,39286,买盘
13:19:45,15.11,0.0,78,118103,买盘
13:19:48,15.11,0.0,45,67958,买盘
13:19:52,15.11,0.0,47,71012,买盘
13:19:54,15.1,-0.01,6,9062,卖盘
13:19:57,15.11,0.01,163,246591,买盘
13:20:00,15.11,0.0,16,24176,买盘
13:20:05,15.11,0.0,5,7552,买盘
13:20:07,15.1,-0.01,70,105300,卖盘
13:20:10,15.11,0.01,47,70989,买盘
13:20:13,15.11,0.0,1036,1565245,买盘
13:20:15,15.11,0.0,8,12088,卖盘
13:20:18,15.11,0.0,56,84617,卖盘
13:20:21,15.11,0.0,65,98219,卖盘
13:20:25,15.11,0.0,43,64983,卖盘
13:20:28,15.12,0.01,18,27216,买盘
13:20:30,15.12,0.0,3,4536,买盘
13:20:33,15.12,0.0,10,15120,买盘
13:20:37,15.11,-0.01,75,113325,卖盘
13:20:43,15.11,0.0,2,3022,卖盘
13:20:45,15.12,0.01,100,151200,买盘
13:20:48,15.12,0.0,2,3024,买盘
13:20:52,15.12,0.0,9,13608,买盘
13:20:55,15.12,0.0,45,68040,买盘
13:20:57,15.12,0.0,123,186414,买盘
13:21:01,15.11,-0.01,154,232773,卖盘
13:21:04,15.12,0.01,1,1512,买盘
13:21:06,15.11,-0.01,89,133816,卖盘
13:21:09,15.12,0.01,36,54429,买盘
13:21:12,15.12,0.0,48,72543,买盘
13:21:16,15.11,-0.01,68,103368,卖盘
13:21:19,15.11,0.0,101,152709,卖盘
13:21:21,15.11,0.0,26,39291,卖盘
13:21:24,15.12,0.01,46,69516,买盘
13:21:27,15.12,0.0,23,34771,买盘
13:21:30,15.11,-0.01,14,21164,卖盘
13:21:33,15.12,0.01,71,107342,买盘
13:21:36,15.12,0.0,50,75562,买盘
13:21:40,15.11,-0.01,26,39286,卖盘
13:21:42,15.12,0.01,75,113734,买盘
13:21:46,15.12,0.0,22,33264,买盘
13:21:48,15.11,-0.01,26,39286,卖盘
13:21:51,15.11,0.0,130,195901,卖盘
13:21:54,15.12,0.01,134,202592,买盘
13:21:57,15.12,0.0,16,24192,买盘
13:22:01,15.12,0.0,63,95256,买盘
13:22:05,15.12,0.0,60,90710,买盘
13:22:07,15.12,0.0,19,28727,买盘
13:22:10,15.12,0.0,50,75586,买盘
13:22:12,15.11,-0.01,118,178397,卖盘
13:22:16,15.12,0.01,128,193536,买盘
13:22:18,15.12,0.0,87,131911,买盘
13:22:21,15.12,0.0,5,7560,买盘
13:22:24,15.11,-0.01,410,619510,卖盘
13:22:27,15.11,0.0,36,54415,卖盘
13:22:30,15.12,0.01,14,21168,买盘
13:22:33,15.12,0.0,46,69552,买盘
13:22:36,15.11,-0.01,69,103201,卖盘
13:22:39,15.12,0.01,103,155669,买盘
13:22:42,15.12,0.0,114,172266,买盘
13:22:46,15.12,0.0,61,92226,买盘
13:22:49,15.11,-0.01,4,6044,卖盘
13:22:51,15.12,0.01,45,68028,买盘
13:22:55,15.12,0.0,16,24179,买盘
13:22:57,15.12,0.0,36,54432,买盘
13:23:00,15.12,0.0,159,240396,买盘
13:23:04,15.11,-0.01,93,140525,卖盘
13:23:07,15.12,0.01,11,16632,买盘
13:23:10,15.12,0.0,20,30230,买盘
13:23:12,15.12,0.0,105,158760,买盘
13:23:15,15.12,0.0,49,74088,买盘
13:23:18,15.12,0.0,56,84672,买盘
13:23:21,15.11,-0.01,15,22670,卖盘
13:23:25,15.12,0.01,81,122466,买盘
13:23:27,15.12,0.0,43,65013,买盘
13:23:30,15.12,0.0,22,33264,买盘
13:23:34,15.11,-0.01,78,117858,卖盘
13:23:37,15.11,0.0,113,170748,卖盘
13:23:39,15.11,0.0,37,55907,卖盘
13:23:42,15.12,0.01,127,192024,买盘
13:23:46,15.12,0.0,47,71019,买盘
13:23:49,15.11,-0.01,127,191920,卖盘
13:23:51,15.12,0.01,54,81643,买盘
13:23:54,15.11,-0.01,26,39286,卖盘
13:23:58,15.11,0.0,117,176790,卖盘
13:24:01,15.11,0.0,105,159818,卖盘
13:24:04,15.11,0.0,2,3022,卖盘
13:24:07,15.12,0.01,52,78623,买盘
13:24:09,15.11,-0.01,62,92746,卖盘
13:24:12,15.11,0.0,223,337298,卖盘
13:24:15,15.12,0.01,35,52918,买盘
13:24:19,15.12,0.0,62,93350,买盘
13:24:22,15.11,-0.01,153,231183,卖盘
13:24:25,15.12,0.01,2104,3178318,买盘
13:24:27,15.11,-0.01,71,106998,卖盘
13:24:31,15.11,0.0,1026,1549395,卖盘
13:24:34,15.11,0.0,5,7554,买盘
13:24:37,15.1,-0.01,57,87114,卖盘
13:24:39,15.11,0.01,16,24176,买盘
13:24:43,15.11,0.0,1007,1520577,买盘
13:24:45,15.1,-0.01,297,448582,卖盘
13:24:48,15.1,0.0,109,164695,卖盘
13:24:51,15.1,0.0,29,43790,卖盘
13:24:54,15.1,0.0,2,3021,卖盘
13:24:57,15.11,0.01,12,18127,买盘
13:25:00,15.11,0.0,82,123900,买盘
13:25:04,15.11,0.0,54,81594,买盘
13:25:07,15.1,-0.01,52,78566,卖盘
13:25:09,15.11,0.01,14,21149,买盘
13:25:12,15.1,-0.01,136,204319,卖盘
13:25:15,15.11,0.01,11,16621,买盘
13:25:18,15.11,0.0,8,12085,买盘
13:25:22,15.11,0.0,31,46841,买盘
13:25:25,15.11,0.0,84,126909,买盘
13:25:28,15.11,0.0,43,64973,买盘
13:25:30,15.1,-0.01,27,40770,卖盘
13:25:33,15.11,0.01,118,178095,买盘
13:25:36,15.11,0.0,325,491071,买盘
13:25:39,15.1,-0.01,121,182741,卖盘
13:25:42,15.11,0.01,25,37775,买盘
13:25:46,15.11,0.0,2,3022,买盘
13:25:49,15.11,0.0,7,10577,买盘
13:25:51,15.11,0.0,6,9066,买盘
13:25:57,15.1,-0.01,184,278023,卖盘
13:26:00,15.1,0.0,39,58905,卖盘
13:26:05,15.11,0.01,75,113753,买盘
13:26:07,15.11,0.0,19,28709,买盘
13:26:10,15.11,0.0,14,21154,买盘
13:26:18,15.11,0.0,2,3022,买盘
13:26:22,15.1,-0.01,119,179428,卖盘
13:26:24,15.11,0.01,17,25679,买盘
13:26:28,15.11,0.0,60,90660,买盘
13:26:30,15.11,0.0,20,30210,买盘
13:26:33,15.1,-0.01,142,214482,卖盘
13:26:36,15.1,0.0,20,30200,卖盘
13:26:40,15.1,0.0,9,13591,卖盘
13:26:42,15.1,0.0,125,188850,卖盘
13:26:45,15.11,0.01,39,58929,买盘
13:26:48,15.11,0.0,105,158655,买盘
13:26:51,15.11,0.0,162,245062,买盘
13:26:54,15.11,0.0,51,77017,买盘
13:26:57,15.11,0.0,4,6044,买盘
13:27:00,15.1,-0.01,28,42293,卖盘
13:27:04,15.11,0.01,81,122499,买盘
13:27:06,15.11,0.0,2,3022,买盘
13:27:09,15.1,-0.01,3,4530,卖盘
13:27:13,15.11,0.01,1305,1969981,买盘
13:27:16,15.1,-0.01,181,274087,卖盘
13:27:18,15.1,0.0,15,22650,买盘
13:27:21,15.1,0.0,8,12080,买盘
13:27:24,15.1,0.0,66,99645,买盘
13:27:28,15.1,0.0,101,152419,买盘
13:27:31,15.1,0.0,16,24146,买盘
13:27:33,15.1,0.0,541,816406,买盘
13:27:37,15.1,0.0,24,36238,买盘
13:27:42,15.1,0.0,93,139647,买盘
13:27:45,15.1,0.0,119,179677,买盘
13:27:48,15.1,0.0,14,21140,买盘
13:27:51,15.09,-0.01,563,849889,卖盘
13:27:54,15.1,0.01,12,18120,买盘
13:27:58,15.1,0.0,13,19630,买盘
13:28:00,15.09,-0.01,34,51329,卖盘
13:28:04,15.09,0.0,85,128431,卖盘
13:28:07,15.1,0.01,74,111674,买盘
13:28:10,15.1,0.0,22,33209,买盘
13:28:13,15.09,-0.01,73,110261,卖盘
13:28:15,15.09,0.0,19,28673,卖盘
13:28:19,15.1,0.01,3,4530,买盘
13:28:21,15.09,-0.01,174,262626,卖盘
13:28:25,15.1,0.01,41,61898,买盘
13:28:28,15.09,-0.01,70,105630,卖盘
13:28:30,15.1,0.01,11,16603,买盘
13:28:33,15.09,-0.01,219,330667,卖盘
13:28:37,15.09,0.0,30,45271,卖盘
13:28:40,15.09,0.0,64,96578,卖盘
13:28:43,15.09,0.0,164,247436,卖盘
13:28:45,15.09,0.0,389,587006,卖盘
13:28:49,15.1,0.01,59,89032,买盘
13:28:52,15.09,-0.01,162,244563,卖盘
13:28:54,15.1,0.01,102,153927,买盘
13:28:58,15.09,-0.01,59,89085,卖盘
13:29:00,15.09,0.0,188,283716,卖盘
13:29:04,15.1,0.01,107,161547,买盘
13:29:06,15.09,-0.01,18,27168,卖盘
13:29:09,15.09,0.0,13,19624,卖盘
13:29:12,15.1,0.01,275,414452,买盘
13:29:16,15.1,0.0,40,60371,买盘
13:29:19,15.09,-0.01,30,45274,卖盘
13:29:22,15.1,0.01,98,147710,买盘
13:29:25,15.1,0.0,16,24146,买盘
13:29:27,15.1,0.0,10,15100,买盘
13:29:30,15.09,-0.01,61,93017,卖盘
13:29:33,15.1,0.01,14,21140,买盘
13:29:36,15.09,-0.01,76,114740,卖盘
13:29:39,15.1,0.01,86,129784,买盘
13:29:43,15.09,-0.01,105,158038,卖盘
13:29:45,15.1,0.01,18,27164,买盘
13:29:49,15.09,-0.01,11,16599,卖盘
13:29:52,15.09,0.0,63,94267,卖盘
13:29:54,15.1,0.01,30,45280,买盘
13:29:57,15.09,-0.01,61,92108,卖盘
13:30:01,15.1,0.01,82,125165,买盘
13:30:05,15.09,-0.01,123,185676,卖盘
13:30:07,15.1,0.01,38,57360,买盘
13:30:10,15.08,-0.02,311,467955,卖盘
13:30:12,15.09,0.01,11,16598,买盘
13:30:15,15.09,0.0,149,225629,买盘
13:30:18,15.09,0.0,74,111673,买盘
13:30:21,15.08,-0.01,112,168906,卖盘
13:30:24,15.08,0.0,6,9048,卖盘
13:30:28,15.1,0.02,362,545653,买盘
13:30:30,15.09,-0.01,2,3018,卖盘
13:30:37,15.09,0.0,36,54329,卖盘
13:30:39,15.09,0.0,27,40748,卖盘
13:30:42,15.09,0.0,162,244460,卖盘
13:30:46,15.09,0.0,89,134275,卖盘
13:30:49,15.1,0.01,72,108720,买盘
13:30:51,15.09,-0.01,79,119201,卖盘
13:30:55,15.09,0.0,66,99592,买盘
13:30:58,15.08,-0.01,36,54288,卖盘
13:31:00,15.09,0.01,99,149358,买盘
13:31:04,15.09,0.0,147,221813,买盘
13:31:10,15.09,0.0,81,122868,买盘
13:31:12,15.09,0.0,63,95067,买盘
13:31:16,15.09,0.0,273,411686,买盘
13:31:19,15.09,0.0,233,351523,买盘
13:31:21,15.09,0.0,154,232386,买盘
13:31:24,15.09,0.0,134,202206,买盘
13:31:27,15.09,0.0,41,61869,卖盘
13:31:30,15.08,-0.01,21,31669,卖盘
13:31:33,15.09,0.01,89,134301,买盘
13:31:36,15.08,-0.01,112,168956,卖盘
13:31:40,15.09,0.01,20,30180,买盘
13:31:43,15.09,0.0,116,175044,买盘
13:31:45,15.08,-0.01,52,78446,卖盘
13:31:51,15.1,0.02,73,110106,买盘
13:31:54,15.09,-0.01,22,33198,卖盘
13:31:57,15.1,0.01,110,166095,买盘
13:32:00,15.1,0.0,562,848528,买盘
13:32:05,15.09,-0.01,103,155427,卖盘
13:32:07,15.09,0.0,87,131284,卖盘
13:32:10,15.09,0.0,48,72462,卖盘
13:32:12,15.09,0.0,46,69414,卖盘
13:32:15,15.09,0.0,15,22635,卖盘
13:32:19,15.08,-0.01,665,1003010,卖盘
13:32:22,15.1,0.02,20,30190,买盘
13:32:28,15.09,-0.01,64,96035,卖盘
13:32:34,15.09,0.0,34,51306,卖盘
13:32:39,15.1,0.01,86,130177,买盘
13:32:42,15.09,-0.01,81,122230,卖盘
13:32:45,15.1,0.01,301,454453,买盘
13:32:49,15.09,-0.01,845,1274650,卖盘
13:32:51,15.1,0.01,51,76988,买盘
13:32:55,15.1,0.0,9,13590,买盘
13:32:57,15.09,-0.01,59,89967,卖盘
13:33:00,15.09,0.0,3,4527,卖盘
13:33:04,15.09,0.0,32,48315,卖盘
13:33:07,15.09,0.0,72,108994,卖盘
13:33:10,15.1,0.01,26,39260,买盘
13:33:12,15.1,0.0,169,255052,买盘
13:33:15,15.09,-0.01,101,151915,卖盘
13:33:18,15.1,0.01,18,27167,买盘
13:33:22,15.09,-0.01,30,45270,卖盘
13:33:25,15.09,0.0,57,86496,卖盘
13:33:28,15.1,0.01,136,205360,买盘
13:33:33,15.09,-0.01,91,136160,卖盘
13:33:39,15.1,0.01,32,48320,买盘
13:33:42,15.09,-0.01,57,86481,卖盘
13:33:46,15.1,0.01,11,16610,买盘
13:33:49,15.09,-0.01,69,104121,卖盘
13:33:51,15.1,0.01,62,93880,买盘
13:34:00,15.1,0.0,119,180086,买盘
13:34:05,15.1,0.0,63,95124,买盘
13:34:07,15.1,0.0,15,22650,买盘
13:34:10,15.1,0.0,69,103025,买盘
13:34:13,15.1,0.0,33,49830,买盘
13:34:15,15.1,0.0,54,81540,买盘
13:34:18,15.1,0.0,107,161666,买盘
13:34:21,15.09,-0.01,48,72442,卖盘
13:34:24,15.1,0.01,385,581008,买盘
13:34:27,15.1,0.0,66,100372,买盘
13:34:30,15.1,0.0,29,43782,买盘
13:34:33,15.1,0.0,31,46810,买盘
13:34:36,15.09,-0.01,64,95977,卖盘
13:34:40,15.1,0.01,46,69450,买盘
13:34:42,15.1,0.0,46,69460,买盘
13:34:46,15.09,-0.01,137,206745,卖盘
13:34:48,15.1,0.01,22,33206,买盘
13:34:51,15.1,0.0,6,9060,买盘
13:34:54,15.09,-0.01,129,194770,卖盘
13:34:57,15.1,0.01,10,15100,买盘
13:35:01,15.09,-0.01,95,143394,卖盘
13:35:04,15.09,0.0,29,43789,卖盘
13:35:07,15.1,0.01,33,49830,买盘
13:35:10,15.09,-0.01,46,69446,卖盘
13:35:12,15.09,0.0,75,113339,卖盘
13:35:15,15.1,0.01,32,48310,买盘
13:35:18,15.1,0.0,30,45300,买盘
13:35:21,15.1,0.0,152,229372,买盘
13:35:24,15.1,0.0,3,4530,买盘
13:35:27,15.09,-0.01,208,313878,卖盘
13:35:30,15.09,0.0,136,205004,卖盘
13:35:33,15.09,0.0,13,19634,卖盘
13:35:37,15.09,0.0,49,73943,卖盘
13:35:40,15.09,0.0,84,126665,卖盘
13:35:42,15.1,0.01,164,247562,买盘
13:35:45,15.1,0.0,117,176670,买盘
13:35:48,15.1,0.0,31,46810,买盘
