time,price,change,volume,amount,type
09:25:00,79.8,-0.92,14378,114736440,卖盘
09:30:01,79.8,0.0,5618,44809360,买盘
09:30:04,79.7,-0.1,4552,36261741,中性盘
09:30:07,79.78,0.08,3581,28548816,买盘
09:30:10,79.76,-0.02,3702,29519108,中性盘
09:30:13,79.78,0.02,3635,28981205,买盘
09:30:16,79.6,-0.18,1248,9948735,卖盘
09:30:19,79.69,0.09,1037,8264537,买盘
09:30:22,79.7,0.01,840,6687446,买盘
09:30:25,79.72,0.02,1620,12908326,买盘
09:30:28,79.76,0.04,579,4616043,买盘
09:30:30,79.7,-0.06,1002,7995080,卖盘
09:30:34,79.7,0.0,1659,13209967,卖盘
09:30:37,79.72,0.02,1962,15637150,中性盘
09:30:40,79.77,0.05,1181,9415758,买盘
09:30:40,79.76,-0.01,1228,9788288,中性盘
09:30:46,79.7,-0.06,1925,15355641,卖盘
09:30:49,79.7,0.0,735,5857708,买盘
09:30:49,79.68,-0.02,737,5873186,卖盘
09:30:55,79.7,0.02,542,4319905,买盘
09:30:58,79.74,0.04,1257,10020550,买盘
09:31:01,79.68,-0.06,772,6154511,卖盘
09:31:04,79.69,0.01,1155,9203069,买盘
09:31:07,79.7,0.01,417,3322828,买盘
09:31:10,79.7,0.0,562,4478784,买盘
09:31:13,79.68,-0.02,998,7952068,卖盘
09:31:14,79.66,-0.02,759,6047723,中性盘
09:31:19,79.7,0.04,1465,11675061,买盘
09:31:22,79.63,-0.07,1209,9630170,卖盘
09:31:25,79.68,0.05,1420,11312012,买盘
09:31:28,79.74,0.06,623,4964679,买盘
09:31:30,79.68,-0.06,569,4535135,卖盘
09:31:34,79.7,0.02,525,4183232,买盘
09:31:36,79.69,-0.01,1774,14130572,卖盘
09:31:40,79.73,0.04,462,3683014,买盘
09:31:43,79.72,-0.01,459,3659100,卖盘
09:31:46,79.73,0.01,589,4695844,中性盘
09:31:49,79.74,0.01,644,5135181,买盘
09:31:52,79.73,-0.01,436,3477280,买盘
09:31:55,79.71,-0.02,1525,12157195,卖盘
09:31:58,79.78,0.07,527,4202394,买盘
09:32:01,79.74,-0.04,187,1491022,卖盘
09:32:04,79.73,-0.01,356,2839375,卖盘
09:32:06,79.74,0.01,328,2615402,买盘
09:32:10,79.74,0.0,416,3318146,卖盘
09:32:13,79.78,0.04,548,4370871,买盘
09:32:16,79.69,-0.09,3847,30662423,卖盘
09:32:16,79.69,0.0,622,4956636,买盘
09:32:22,79.69,0.0,1136,9052703,买盘
09:32:25,79.7,0.01,628,5004572,买盘
09:32:28,79.7,0.0,1406,11208344,买盘
09:32:31,79.78,0.08,647,5158245,买盘
09:32:31,79.73,-0.05,368,2936126,卖盘
09:32:37,79.77,0.04,238,1897923,买盘
09:32:40,79.77,0.0,821,6546991,买盘
09:32:40,79.78,0.01,429,3422047,买盘
09:32:46,79.76,-0.02,430,3429874,卖盘
09:32:49,79.76,0.0,363,2895442,买盘
09:32:52,79.78,0.02,301,2401116,买盘
09:32:55,79.79,0.01,262,2090144,买盘
09:32:58,79.78,-0.01,319,2544905,卖盘
09:32:59,79.78,0.0,627,5001909,买盘
09:33:01,79.78,0.0,603,4810074,买盘
09:33:07,79.76,-0.02,566,4514896,卖盘
09:33:10,79.77,0.01,482,3844814,买盘
09:33:13,79.78,0.01,600,4786386,买盘
09:33:14,79.78,0.0,361,2880017,卖盘
09:33:19,79.79,0.01,584,4659201,买盘
09:33:22,79.78,-0.01,379,3023710,卖盘
09:33:25,79.77,-0.01,460,3669812,卖盘
09:33:28,79.79,0.02,500,3988972,买盘
09:33:31,79.78,-0.01,382,3047700,卖盘
09:33:31,79.78,0.0,620,4946301,卖盘
09:33:37,79.79,0.01,500,3989212,买盘
09:33:40,79.79,0.0,343,2736672,买盘
09:33:43,79.78,-0.01,473,3773754,卖盘
09:33:46,79.78,0.0,1895,15119760,卖盘
09:33:49,79.8,0.02,1825,14562353,买盘
09:33:52,79.8,0.0,733,5849058,买盘
09:33:55,79.8,0.0,331,2641235,买盘
09:33:58,79.8,0.0,340,2708112,买盘
09:34:00,79.81,0.01,749,5983995,买盘
09:34:04,79.81,0.0,466,3718840,买盘
09:34:07,79.82,0.01,159,1269004,买盘
09:34:10,79.83,0.01,168,1340897,买盘
09:34:13,79.87,0.04,122,974230,买盘
09:34:16,79.88,0.01,190,1517656,买盘
09:34:19,79.85,-0.03,218,1741464,卖盘
09:34:20,79.88,0.03,220,1757608,卖盘
09:34:24,79.89,0.01,305,2436524,买盘
09:34:28,79.91,0.02,118,942846,买盘
09:34:31,79.9,-0.01,107,855032,卖盘
09:34:34,79.94,0.04,307,2453628,买盘
09:34:37,79.95,0.01,195,1558978,买盘
09:34:40,79.97,0.02,169,1351233,买盘
09:34:40,79.96,-0.01,249,1990936,中性盘
09:34:46,79.98,0.02,874,6990004,买盘
09:34:49,79.97,-0.01,335,2679288,卖盘
09:34:52,79.98,0.01,315,2519304,买盘
09:34:55,79.98,0.0,595,4759484,买盘
09:34:58,79.99,0.01,326,2607429,买盘
09:35:00,79.98,-0.01,302,2415548,卖盘
09:35:04,80.0,0.02,1006,8047920,买盘
09:35:07,80.0,0.0,745,5959783,买盘
09:35:10,79.99,-0.01,949,7591251,卖盘
09:35:13,80.0,0.01,915,7311847,买盘
09:35:16,80.01,0.01,150,1200101,买盘
09:35:19,80.04,0.03,123,984291,买盘
09:35:20,80.01,-0.03,461,3688595,卖盘
09:35:25,80.05,0.04,134,1072582,买盘
09:35:26,80.05,0.0,66,528468,卖盘
09:35:31,80.05,0.0,190,1521124,卖盘
09:35:34,80.09,0.04,111,889229,买盘
09:35:37,80.04,-0.05,431,3450899,卖盘
09:35:40,80.09,0.05,384,3074335,买盘
09:35:43,80.09,0.0,252,2018221,买盘
09:35:46,80.09,0.0,182,1457611,买盘
09:35:47,80.09,0.0,247,1978119,买盘
09:35:50,80.1,0.01,248,1986265,买盘
09:35:54,80.11,0.01,477,3820034,买盘
09:35:56,80.13,0.02,261,2093390,买盘
09:36:00,80.1,-0.03,237,1898581,卖盘
09:36:02,80.12,0.02,216,1730737,中性盘
09:36:07,80.13,0.01,173,1386305,卖盘
09:36:10,80.14,0.01,592,4743247,买盘
09:36:13,80.15,0.01,223,1787116,买盘
09:36:16,80.15,0.0,167,1338355,买盘
09:36:19,80.13,-0.02,248,1987586,卖盘
09:36:22,80.12,-0.01,678,5432645,卖盘
09:36:25,80.16,0.04,379,3037509,买盘
09:36:28,80.14,-0.02,406,3253780,卖盘
09:36:29,80.16,0.02,101,809551,买盘
09:36:34,80.16,0.0,275,2204249,买盘
09:36:37,80.15,-0.01,867,6947940,卖盘
09:36:39,80.14,-0.01,263,2107839,卖盘
09:36:41,80.15,0.01,194,1554908,买盘
09:36:46,80.15,0.0,377,3021318,卖盘
09:36:49,80.16,0.01,368,2949424,买盘
09:36:50,80.16,0.0,350,2805418,买盘
09:36:55,80.17,0.01,455,3647036,买盘
09:36:58,80.16,-0.01,359,2877627,卖盘
09:37:01,80.17,0.01,58,464952,买盘
09:37:04,80.16,-0.01,357,2862015,卖盘
09:37:05,80.17,0.01,136,1090356,卖盘
09:37:09,80.17,0.0,399,3198571,买盘
09:37:13,80.18,0.01,227,1819876,买盘
09:37:16,80.17,-0.01,329,2637433,卖盘
09:37:19,80.17,0.0,254,2036345,卖盘
09:37:22,80.17,0.0,306,2453196,卖盘
09:37:25,80.16,-0.01,281,2252599,卖盘
09:37:28,80.15,-0.01,591,4736622,卖盘
09:37:31,80.11,-0.04,515,4126369,卖盘
09:37:34,80.11,0.0,489,3917207,买盘
09:37:37,80.11,0.0,190,1522043,买盘
09:37:40,80.15,0.04,203,1626470,买盘
09:37:43,80.11,-0.04,444,3556729,卖盘
09:37:45,80.11,0.0,303,2427716,卖盘
09:37:49,80.11,0.0,195,1562507,卖盘
09:37:50,80.14,0.03,254,2033325,买盘
09:37:55,80.13,-0.01,356,2853479,卖盘
09:37:58,80.11,-0.02,178,1425901,买盘
09:38:01,80.11,0.0,135,1078672,买盘
09:38:04,80.1,-0.01,337,2699436,卖盘
09:38:07,80.13,0.03,222,1778420,买盘
09:38:10,80.11,-0.02,383,3067375,中性盘
09:38:13,80.1,-0.01,213,1706133,卖盘
09:38:16,80.08,-0.02,197,1577898,卖盘
09:38:19,80.07,-0.01,419,3355536,卖盘
09:38:22,80.1,0.03,720,5766045,买盘
09:38:25,80.08,-0.02,328,2625944,中性盘
09:38:26,80.07,-0.01,284,2274105,买盘
09:38:31,80.09,0.02,189,1513348,买盘
09:38:32,80.05,-0.04,389,3116365,卖盘
09:38:35,80.07,0.02,70,558836,中性盘
09:38:40,80.04,-0.03,108,864600,卖盘
09:38:41,80.05,0.01,79,632417,卖盘
09:38:46,80.04,-0.01,171,1368497,卖盘
09:38:49,80.03,-0.01,114,912426,卖盘
09:38:50,80.01,-0.02,878,7025484,卖盘
09:38:55,80.03,0.02,211,1688612,买盘
09:38:56,80.03,0.0,433,3464324,买盘
09:39:01,80.01,-0.02,89,712091,中性盘
09:39:04,80.01,0.0,104,832084,买盘
09:39:07,80.03,0.02,594,4752563,买盘
09:39:10,80.0,-0.03,190,1520189,卖盘
09:39:13,80.01,0.01,320,2560172,买盘
09:39:16,80.01,0.0,393,3144070,买盘
09:39:19,80.03,0.02,185,1480313,买盘
09:39:22,80.03,0.0,1115,8928195,买盘
09:39:25,80.01,-0.02,232,1856066,中性盘
09:39:28,80.01,0.0,438,3504171,买盘
09:39:30,80.01,0.0,756,6048960,买盘
09:39:34,80.0,-0.01,186,1488257,卖盘
09:39:37,80.01,0.01,243,1944203,买盘
09:39:40,80.0,-0.01,388,3104086,卖盘
09:39:43,80.01,0.01,282,2256507,买盘
09:39:44,80.01,0.0,212,1696074,卖盘
09:39:47,80.03,0.02,222,1776152,买盘
09:39:52,80.0,-0.03,199,1592194,卖盘
09:39:55,80.0,0.0,297,2376148,卖盘
09:39:56,80.03,0.03,523,4185001,买盘
09:40:01,80.01,-0.02,259,2072167,卖盘
09:40:04,80.03,0.02,286,2288058,买盘
09:40:07,80.01,-0.02,344,2752441,卖盘
09:40:10,80.01,0.0,86,688153,买盘
09:40:13,80.01,0.0,120,960125,卖盘
09:40:14,80.01,0.0,167,1336132,卖盘
09:40:19,80.01,0.0,338,2704142,买盘
09:40:22,80.01,0.0,531,4248369,买盘
09:40:25,80.02,0.01,238,1899380,买盘
09:40:28,80.01,-0.01,248,1984495,卖盘
09:40:31,80.01,0.0,255,2040160,卖盘
09:40:32,80.02,0.01,1539,12312803,买盘
09:40:35,80.0,-0.02,638,5108974,卖盘
09:40:40,80.0,0.0,164,1311979,买盘
09:40:43,80.0,0.0,300,2399984,买盘
09:40:46,79.99,-0.01,284,2268735,卖盘
09:40:49,80.01,0.02,377,3015063,买盘
09:40:50,80.02,0.01,125,1000071,买盘
09:40:55,80.01,-0.01,315,2520205,卖盘
09:40:56,80.0,-0.01,481,3848437,卖盘
09:41:01,80.01,0.01,156,1248100,买盘
09:41:04,80.01,0.0,307,2459500,买盘
09:41:07,80.0,-0.01,336,2688197,卖盘
09:41:10,80.02,0.02,157,1252743,买盘
09:41:13,80.01,-0.01,71,568066,中性盘
09:41:16,80.01,0.0,119,952068,卖盘
09:41:17,80.01,0.0,99,792082,买盘
09:41:20,80.0,-0.01,256,2048055,卖盘
09:41:25,80.01,0.01,568,4544906,买盘
09:41:28,80.01,0.0,158,1264174,卖盘
09:41:30,80.01,0.0,89,712103,中性盘
09:41:34,80.01,0.0,320,2560186,买盘
09:41:37,80.01,0.0,140,1117982,卖盘
09:41:40,80.01,0.0,125,1000173,卖盘
09:41:41,80.03,0.02,323,2583373,买盘
09:41:46,80.0,-0.03,608,4864289,卖盘
09:41:47,80.01,0.01,328,2624315,中性盘
09:41:52,80.01,0.0,320,2560264,卖盘
09:41:55,80.01,0.0,262,2096441,卖盘
09:41:58,80.01,0.0,152,1216082,卖盘
09:41:59,80.03,0.02,299,2396002,买盘
09:42:04,80.01,-0.02,451,3605470,买盘
09:42:07,80.0,-0.01,163,1307573,卖盘
09:42:09,80.01,0.01,183,1464126,买盘
09:42:13,80.01,0.0,183,1467575,买盘
09:42:16,80.01,0.0,133,1061107,卖盘
09:42:19,80.03,0.02,372,2976353,买盘
09:42:20,80.0,-0.03,121,968103,卖盘
09:42:25,80.0,0.0,368,2944343,卖盘
09:42:26,80.02,0.02,108,864109,买盘
09:42:30,80.01,-0.01,82,656117,卖盘
09:42:34,80.03,0.02,1450,11600726,买盘
09:42:37,80.02,-0.01,508,4066121,卖盘
09:42:40,80.02,0.0,49,392096,买盘
09:42:41,80.02,0.0,235,1880450,买盘
09:42:46,80.02,0.0,96,768217,买盘
09:42:49,80.03,0.01,180,1440346,买盘
09:42:52,80.02,-0.01,115,920279,卖盘
09:42:55,80.03,0.01,268,2144599,买盘
09:42:58,80.03,0.0,255,2040576,买盘
09:43:01,80.04,0.01,250,2000609,买盘
09:43:04,80.02,-0.02,363,2905134,卖盘
09:43:05,80.02,0.0,1708,13665262,卖盘
09:43:09,80.03,0.01,115,920285,买盘
09:43:13,80.05,0.02,295,2360994,买盘
09:43:16,80.02,-0.03,140,1120521,卖盘
09:43:19,80.03,0.01,202,1616464,买盘
09:43:22,80.02,-0.01,73,584201,卖盘
09:43:25,80.03,0.01,145,1160375,买盘
09:43:26,80.02,-0.01,331,2648667,卖盘
09:43:31,80.03,0.01,158,1264266,买盘
09:43:32,80.02,-0.01,378,3024574,卖盘
09:43:37,80.03,0.01,259,2072665,买盘
09:43:39,80.03,0.0,93,744205,买盘
09:43:43,80.03,0.0,161,1288484,卖盘
09:43:46,80.03,0.0,126,1008381,卖盘
09:43:49,80.03,0.0,126,1008312,买盘
09:43:52,80.02,-0.01,385,3080930,卖盘
09:43:55,80.03,0.01,269,2152641,买盘
09:43:58,80.03,0.0,302,2416695,买盘
09:44:01,80.03,0.0,244,1952687,买盘
09:44:04,80.02,-0.01,279,2232840,卖盘
09:44:07,80.05,0.03,402,3217599,买盘
09:44:10,80.05,0.0,184,1472922,卖盘
09:44:11,80.05,0.0,272,2177366,卖盘
09:44:14,80.04,-0.01,244,1952994,卖盘
09:44:18,80.04,0.0,414,3314027,中性盘
09:44:20,80.05,0.01,348,2785520,买盘
09:44:25,80.05,0.0,179,1432933,卖盘
09:44:28,80.06,0.01,72,576377,买盘
09:44:31,80.06,0.0,90,720517,买盘
09:44:34,80.06,0.0,88,704546,卖盘
09:44:35,80.08,0.02,298,2385661,买盘
09:44:39,80.07,-0.01,116,928814,卖盘
09:44:43,80.09,0.02,123,984882,买盘
09:44:47,80.08,-0.01,81,648648,卖盘
09:44:47,80.07,-0.01,173,1385182,卖盘
09:44:50,80.07,0.0,187,1497321,买盘
09:44:55,80.09,0.02,483,3868427,买盘
09:44:56,80.09,0.0,212,1697702,卖盘
09:45:01,80.08,-0.01,16,128140,中性盘
09:45:04,80.09,0.01,76,608629,买盘
09:45:05,80.09,0.0,218,1745837,买盘
09:45:10,80.09,0.0,238,1906098,买盘
09:45:11,80.09,0.0,134,1073148,买盘
09:45:16,80.08,-0.01,172,1377358,卖盘
09:45:19,80.08,0.0,284,2274120,买盘
09:45:22,80.08,0.0,752,6021053,买盘
09:45:24,80.08,0.0,171,1369210,买盘
09:45:26,80.08,0.0,217,1737590,买盘
09:45:31,80.08,0.0,198,1585429,买盘
09:45:33,80.08,0.0,397,3179179,买盘
09:45:37,80.08,0.0,290,2322420,卖盘
09:45:40,80.09,0.01,201,1609769,买盘
09:45:41,80.08,-0.01,198,1585608,卖盘
09:45:46,80.08,0.0,100,800780,买盘
09:45:49,80.08,0.0,103,824819,买盘
09:45:51,80.08,0.0,273,2185979,买盘
09:45:55,80.08,0.0,562,4500228,买盘
09:45:56,80.08,0.0,370,2964817,买盘
09:46:01,80.08,0.0,128,1022960,买盘
09:46:04,80.07,-0.01,346,2770335,中性盘
09:46:07,80.07,0.0,88,704634,买盘
09:46:10,80.07,0.0,211,1689312,买盘
09:46:13,80.06,-0.01,162,1297037,卖盘
09:46:16,80.06,0.0,268,2145402,买盘
09:46:19,80.06,0.0,165,1321093,买盘
09:46:22,80.06,0.0,164,1312988,卖盘
09:46:25,80.06,0.0,512,4098908,买盘
09:46:26,80.06,0.0,63,504392,卖盘
09:46:31,80.05,-0.01,157,1256857,卖盘
09:46:32,80.06,0.01,222,1777144,买盘
09:46:37,80.06,0.0,116,928633,买盘
09:46:40,80.06,0.0,291,2329505,买盘
09:46:41,80.06,0.0,132,1056733,买盘
09:46:44,80.05,-0.01,405,3241989,卖盘
09:46:47,80.05,0.0,159,1272784,买盘
09:46:51,80.05,0.0,142,1136700,买盘
09:46:54,80.05,0.0,374,2993706,买盘
09:46:57,80.05,0.0,312,2497485,卖盘
09:47:00,80.05,0.0,79,632393,买盘
09:47:02,80.05,0.0,180,1440887,买盘
09:47:06,80.05,0.0,133,1064529,买盘
09:47:10,80.03,-0.02,144,1152626,卖盘
09:47:13,80.04,0.01,454,3634093,买盘
09:47:16,80.05,0.01,338,2705556,买盘
09:47:19,80.05,0.0,191,1528663,买盘
09:47:22,80.04,-0.01,188,1504628,中性盘
09:47:25,80.03,-0.01,229,1832827,卖盘
09:47:28,80.03,0.0,129,1032409,卖盘
09:47:31,80.03,0.0,348,2785066,卖盘
09:47:34,80.04,0.01,274,2192985,买盘
09:47:37,80.03,-0.01,102,816297,卖盘
09:47:40,80.04,0.01,1049,8396385,买盘
09:47:42,80.02,-0.02,47,376123,卖盘
09:47:45,80.02,0.0,135,1080339,卖盘
09:47:48,80.02,0.0,61,488165,卖盘
09:47:52,80.04,0.02,141,1128514,买盘
09:47:55,80.03,-0.01,745,5961665,卖盘
09:47:57,80.03,0.0,70,560198,买盘
09:48:00,80.02,-0.01,126,1008293,卖盘
09:48:04,80.03,0.01,85,680206,买盘
09:48:06,80.03,0.0,28,224074,买盘
09:48:10,80.01,-0.02,273,2184535,卖盘
09:48:13,80.02,0.01,169,1352326,买盘
09:48:16,80.01,-0.01,251,2008453,卖盘
09:48:19,80.02,0.01,79,632105,买盘
09:48:21,80.02,0.0,147,1176258,买盘
09:48:24,80.02,0.0,243,1944381,买盘
09:48:28,80.02,0.0,446,3566891,买盘
09:48:31,80.02,0.0,110,880247,卖盘
09:48:34,80.02,0.0,142,1136301,卖盘
09:48:35,80.02,0.0,188,1506326,卖盘
09:48:40,80.02,0.0,841,6729603,买盘
09:48:43,80.02,0.0,90,722880,买盘
09:48:45,80.02,0.0,1083,8665130,买盘
09:48:49,80.02,0.0,114,912136,买盘
09:48:51,80.02,0.0,243,1944395,买盘
09:48:54,80.01,-0.01,286,2288435,卖盘
09:48:58,80.01,0.0,106,845397,卖盘
09:48:59,80.02,0.01,352,2819117,买盘
09:49:03,80.01,-0.01,152,1216203,卖盘
09:49:06,80.02,0.01,256,2042519,买盘
09:49:08,80.01,-0.01,144,1152155,卖盘
09:49:13,80.01,0.0,102,816092,卖盘
09:49:14,80.0,-0.01,84,672073,卖盘
09:49:18,80.01,0.01,1158,9265914,买盘
09:49:21,80.0,-0.01,228,1824146,卖盘
09:49:24,80.0,0.0,156,1248126,卖盘
09:49:26,80.02,0.02,93,744156,买盘
09:49:30,80.03,0.01,196,1568197,买盘
09:49:34,80.01,-0.02,192,1536158,卖盘
09:49:37,80.02,0.01,85,680103,买盘
09:49:40,80.0,-0.02,367,2936191,卖盘
09:49:42,80.02,0.02,140,1120253,买盘
09:49:46,80.01,-0.01,367,2936399,卖盘
09:49:49,80.02,0.01,291,2332395,买盘
09:49:51,80.02,0.0,374,2992442,买盘
09:49:55,80.0,-0.02,358,2860349,卖盘
09:49:58,80.01,0.01,217,1736179,买盘
09:50:01,80.01,0.0,235,1880060,买盘
09:50:02,80.0,-0.01,177,1416032,卖盘
09:50:07,80.01,0.01,384,3076183,买盘
09:50:09,80.01,0.0,104,832091,买盘
09:50:13,80.01,0.0,152,1216065,中性盘
09:50:16,80.01,0.0,63,504056,买盘
09:50:19,80.02,0.01,258,2064245,买盘
09:50:22,80.02,0.0,196,1568065,买盘
09:50:25,80.0,-0.02,246,1968033,卖盘
09:50:28,80.0,0.0,440,3520127,卖盘
09:50:31,80.01,0.01,510,4080125,买盘
09:50:33,80.0,-0.01,192,1536048,卖盘
09:50:36,80.0,0.0,174,1392200,卖盘
09:50:40,80.0,0.0,198,1584050,卖盘
09:50:43,80.01,0.01,144,1152040,买盘
09:50:46,80.0,-0.01,4214,33710031,卖盘
09:50:49,79.99,-0.01,863,6907293,卖盘
09:50:52,79.98,-0.01,288,2303459,卖盘
09:50:55,79.98,0.0,1040,8318830,卖盘
09:50:57,79.98,0.0,612,4895088,卖盘
09:51:00,79.98,0.0,191,1527677,卖盘
09:51:03,80.0,0.02,241,1927639,买盘
09:51:06,79.98,-0.02,843,6742458,卖盘
09:51:08,79.99,0.01,249,1991548,中性盘
09:51:13,79.99,0.0,196,1567666,买盘
09:51:16,79.97,-0.02,274,2191544,卖盘
09:51:19,79.98,0.01,41,327905,买盘
09:51:21,79.98,0.0,67,535841,买盘
09:51:25,79.96,-0.02,1165,9315830,卖盘
09:51:28,79.96,0.0,304,2430823,卖盘
09:51:30,79.95,-0.01,103,819976,卖盘
09:51:34,79.96,0.01,766,6124245,买盘
09:51:35,79.94,-0.02,361,2885983,卖盘
09:51:40,79.95,0.01,199,1590755,买盘
09:51:42,79.93,-0.02,205,1642478,卖盘
09:51:45,79.93,0.0,228,1822408,买盘
09:51:48,79.92,-0.01,280,2237868,卖盘
09:51:51,79.93,0.01,667,5330261,买盘
09:51:53,79.91,-0.02,316,2525363,卖盘
09:51:58,79.91,0.0,565,4514953,卖盘
09:52:00,79.91,0.0,185,1478209,买盘
09:52:04,79.91,0.0,937,7486661,买盘
09:52:06,79.91,0.0,392,3132124,买盘
09:52:09,79.9,-0.01,782,6248209,卖盘
09:52:13,79.9,0.0,283,2261158,买盘
09:52:15,79.89,-0.01,69,551291,卖盘
09:52:18,79.89,0.0,134,1070566,卖盘
09:52:21,79.89,0.0,188,1501963,卖盘
09:52:24,79.9,0.01,626,5001475,买盘
09:52:28,79.89,-0.01,333,2660296,卖盘
09:52:29,79.89,0.0,588,4697229,买盘
09:52:34,79.89,0.0,102,814850,买盘
09:52:37,79.88,-0.01,215,1717566,卖盘
09:52:38,79.89,0.01,1110,8866683,中性盘
09:52:43,79.89,0.0,561,4482008,买盘
09:52:45,79.89,0.0,402,3211716,卖盘
09:52:48,79.89,0.0,259,2069238,卖盘
09:52:51,79.88,-0.01,356,2843993,卖盘
09:52:55,79.88,0.0,209,1669656,卖盘
09:52:56,79.88,0.0,372,2971801,卖盘
09:53:00,79.88,0.0,128,1022515,卖盘
09:53:03,79.88,0.0,504,4026024,卖盘
09:53:06,79.88,0.0,89,710923,买盘
09:53:09,79.88,0.0,127,1014413,买盘
09:53:12,79.88,0.0,333,2659917,买盘
09:53:16,79.87,-0.01,228,1821161,卖盘
09:53:17,79.87,0.0,370,2955196,卖盘
09:53:21,79.87,0.0,111,886557,买盘
09:53:25,79.86,-0.01,294,2348115,卖盘
09:53:27,79.86,0.0,344,2747441,卖盘
09:53:31,79.87,0.01,211,1685188,买盘
09:53:33,79.86,-0.01,311,2483813,卖盘
09:53:36,79.85,-0.01,912,7283340,卖盘
09:53:39,79.86,0.01,254,2028797,卖盘
09:53:42,79.87,0.01,128,1022302,买盘
09:53:44,79.86,-0.01,130,1038231,卖盘
09:53:47,79.87,0.01,212,1693130,买盘
09:53:51,79.87,0.0,229,1828862,卖盘
09:53:54,79.86,-0.01,217,1732981,卖盘
09:53:56,79.86,0.0,864,6899322,买盘
09:54:00,79.86,0.0,502,4008950,买盘
09:54:03,79.85,-0.01,266,2124026,卖盘
09:54:06,79.85,0.0,423,3377638,卖盘
09:54:09,79.85,0.0,169,1349455,买盘
09:54:12,79.84,-0.01,428,3417091,卖盘
09:54:15,79.85,0.01,156,1245595,买盘
09:54:18,79.86,0.01,766,6111063,买盘
09:54:20,79.85,-0.01,639,5103627,卖盘
09:54:24,79.86,0.01,246,1964118,买盘
09:54:27,79.85,-0.01,121,966213,卖盘
09:54:30,79.85,0.0,247,1972322,卖盘
09:54:33,79.85,0.0,198,1580915,买盘
09:54:36,79.85,0.0,263,2100042,买盘
09:54:39,79.84,-0.01,275,2195809,卖盘
09:54:42,79.85,0.01,342,2730717,买盘
09:54:45,79.85,0.0,232,1852094,买盘
09:54:47,79.83,-0.02,1686,13465544,卖盘
09:54:51,79.84,0.01,381,3041566,买盘
09:54:54,79.84,0.0,84,670636,买盘
09:54:57,79.83,-0.01,35,279423,卖盘
09:55:00,79.84,0.01,181,1445075,买盘
09:55:02,79.84,0.0,246,1964008,买盘
09:55:06,79.83,-0.01,266,2123577,卖盘
09:55:08,79.84,0.01,223,1780346,买盘
09:55:12,79.84,0.0,970,7744352,买盘
09:55:15,79.84,0.0,376,3000227,买盘
09:55:17,79.84,0.0,300,2389932,卖盘
09:55:21,79.85,0.01,526,4199951,买盘
09:55:24,79.85,0.0,250,1996260,买盘
09:55:28,79.85,0.0,258,2060209,卖盘
09:55:30,79.85,0.0,52,415244,卖盘
09:55:33,79.87,0.02,38,303455,买盘
09:55:36,79.87,0.0,184,1469554,买盘
09:55:38,79.87,0.0,117,934388,买盘
09:55:42,79.87,0.0,218,1741046,买盘
09:55:45,79.87,0.0,280,2236274,卖盘
09:55:49,79.91,0.04,1178,9411817,买盘
09:55:50,79.92,0.01,217,1733337,买盘
09:55:53,79.92,0.0,459,3665802,买盘
09:55:57,79.89,-0.03,37,295576,中性盘
09:56:00,79.9,0.01,36,287654,买盘
09:56:03,79.91,0.01,20,159820,买盘
09:56:06,79.92,0.01,134,1070783,买盘
09:56:09,79.92,0.0,179,1430531,买盘
09:56:12,79.93,0.01,165,1318503,买盘
09:56:15,79.94,0.01,338,2700870,买盘
09:56:19,79.92,-0.02,156,1246618,卖盘
09:56:21,79.91,-0.01,205,1638150,卖盘
09:56:24,79.93,0.02,172,1378463,买盘
09:56:27,79.92,-0.01,233,1862134,卖盘
09:56:30,79.92,0.0,242,1933864,买盘
09:56:33,79.91,-0.01,346,2764827,中性盘
09:56:36,79.91,0.0,98,783070,买盘
09:56:39,79.91,0.0,98,783571,买盘
09:56:41,79.9,-0.01,190,1513667,卖盘
09:56:45,79.9,0.0,72,575316,卖盘
09:56:48,79.9,0.0,239,1909570,买盘
09:56:50,79.9,0.0,127,1014659,买盘
09:56:54,79.89,-0.01,56,447431,卖盘
09:56:57,79.9,0.01,453,3619331,买盘
09:57:00,79.91,0.01,266,2125349,买盘
09:57:03,79.9,-0.01,271,2165348,卖盘
09:57:06,79.89,-0.01,670,5353082,卖盘
09:57:09,79.9,0.01,91,727052,买盘
09:57:11,79.89,-0.01,145,1158475,卖盘
09:57:15,79.91,0.02,380,3035905,买盘
09:57:17,79.9,-0.01,230,1837788,卖盘
09:57:21,79.89,-0.01,208,1661952,卖盘
09:57:24,79.9,0.01,125,998733,买盘
09:57:27,79.89,-0.01,687,5488698,卖盘
09:57:29,79.89,0.0,56,447375,买盘
09:57:33,79.88,-0.01,65,519266,卖盘
09:57:36,79.89,0.01,387,3091723,买盘
09:57:39,79.89,0.0,207,1653630,买盘
09:57:42,79.89,0.0,41,327550,卖盘
09:57:44,79.89,0.0,138,1102490,卖盘
09:57:47,79.89,0.0,133,1062535,买盘
09:57:51,79.89,0.0,165,1318268,卖盘
09:57:54,79.88,-0.01,920,7349150,卖盘
09:57:57,79.89,0.01,398,3179371,买盘
09:58:00,79.88,-0.01,58,463322,中性盘
09:58:02,79.88,0.0,630,5032096,买盘
09:58:06,79.88,0.0,145,1158234,买盘
09:58:10,79.88,0.0,240,1916973,买盘
09:58:13,79.87,-0.01,187,1493684,卖盘
09:58:15,79.88,0.01,153,1222150,买盘
09:58:17,79.88,0.0,161,1286016,买盘
09:58:21,79.88,0.0,156,1246136,买盘
09:58:24,79.88,0.0,124,990516,卖盘
09:58:27,79.88,0.0,1643,13122989,卖盘
09:58:30,79.89,0.01,105,838754,买盘
09:58:33,79.88,-0.01,333,2660207,卖盘
09:58:36,79.89,0.01,196,1569626,买盘
09:58:39,79.89,0.0,186,1485893,买盘
09:58:41,79.88,-0.01,72,575141,卖盘
09:58:44,79.88,0.0,250,1997056,买盘
09:58:47,79.88,0.0,47,375449,买盘
09:58:51,79.89,0.01,1181,9437125,买盘
09:58:54,79.88,-0.01,296,2364481,卖盘
09:58:57,79.88,0.0,230,1837215,买盘
09:59:00,79.87,-0.01,445,3554638,卖盘
09:59:02,79.9,0.03,524,4182894,买盘
09:59:06,79.88,-0.02,399,3187825,卖盘
09:59:09,79.89,0.01,106,846768,买盘
09:59:11,79.9,0.01,136,1086431,买盘
09:59:15,79.88,-0.02,142,1134400,卖盘
09:59:18,79.9,0.02,137,1094463,买盘
09:59:21,79.9,0.0,90,719077,买盘
09:59:24,79.9,0.0,94,750942,买盘
09:59:26,79.9,0.0,131,1046598,买盘
09:59:30,79.9,0.0,305,2443494,买盘
09:59:32,79.9,0.0,259,2069211,买盘
09:59:36,79.9,0.0,125,998699,买盘
09:59:39,79.9,0.0,142,1134561,卖盘
09:59:42,79.91,0.01,50,399506,买盘
09:59:45,79.9,-0.01,73,583270,卖盘
09:59:48,79.91,0.01,349,2788431,买盘
09:59:51,79.89,-0.02,259,2069239,卖盘
09:59:54,79.91,0.02,282,2253142,买盘
09:59:57,79.91,0.0,218,1741839,买盘
10:00:01,79.9,-0.01,324,2588930,卖盘
10:00:04,79.91,0.01,28,223748,中性盘
10:00:07,79.91,0.0,227,1813858,卖盘
10:00:09,79.94,0.03,82,655431,买盘
10:00:12,79.9,-0.04,1636,13071858,卖盘
10:00:14,79.91,0.01,231,1845589,买盘
10:00:18,79.9,-0.01,249,1988675,卖盘
10:00:21,79.89,-0.01,267,2134294,卖盘
10:00:24,79.89,0.0,146,1166393,买盘
10:00:27,79.9,0.01,159,1269257,买盘
10:00:30,79.91,0.01,126,1006677,买盘
10:00:32,79.89,-0.02,105,838885,卖盘
10:00:36,79.9,0.01,77,615226,买盘
10:00:39,79.9,0.0,43,343589,卖盘
10:00:42,79.93,0.03,222,1773851,买盘
10:00:45,79.9,-0.03,127,1014965,卖盘
10:00:48,79.91,0.01,31,247713,中性盘
10:00:51,79.9,-0.01,267,2133369,卖盘
10:00:54,79.9,0.0,184,1470072,买盘
10:00:57,79.9,0.0,384,3067870,买盘
10:01:00,79.9,0.0,176,1406170,买盘
10:01:03,79.9,0.0,520,4154508,买盘
10:01:07,79.88,-0.02,265,2117183,卖盘
10:01:09,79.9,0.02,1119,8940760,买盘
10:01:12,79.89,-0.01,462,3691151,卖盘
10:01:15,79.89,0.0,231,1846190,买盘
10:01:18,79.9,0.01,43,343567,中性盘
10:01:21,79.9,0.0,39,311611,卖盘
10:01:23,79.9,0.0,165,1318447,卖盘
10:01:26,79.91,0.01,161,1286416,买盘
10:01:30,79.9,-0.01,660,5272648,卖盘
10:01:33,79.9,0.0,99,790994,买盘
10:01:36,79.91,0.01,227,1813693,买盘
10:01:39,79.9,-0.01,89,711142,卖盘
10:01:42,79.9,0.0,248,1981488,买盘
10:01:45,79.91,0.01,168,1342318,买盘
10:01:48,79.89,-0.02,573,4577635,卖盘
10:01:51,79.91,0.02,38,303626,买盘
10:01:54,79.9,-0.01,108,862975,卖盘
10:01:57,79.91,0.01,146,1166460,买盘
10:02:00,79.89,-0.02,83,663148,卖盘
10:02:03,79.9,0.01,62,495361,买盘
10:02:06,79.9,0.0,88,703056,买盘
10:02:08,79.9,0.0,150,1191296,买盘
10:02:11,79.9,0.0,66,527328,买盘
10:02:15,79.9,0.0,549,4386379,买盘
10:02:18,79.9,0.0,133,1062707,卖盘
10:02:21,79.9,0.0,122,974784,卖盘
10:02:23,79.91,0.01,99,794784,买盘
10:02:26,79.9,-0.01,38,303627,卖盘
10:02:29,79.9,0.0,369,2944361,卖盘
10:02:33,79.9,0.0,273,2181238,买盘
10:02:36,79.9,0.0,349,2788708,买盘
10:02:39,79.9,0.0,292,2333140,卖盘
10:02:42,79.9,0.0,124,990723,买盘
10:02:45,79.9,0.0,259,2069420,买盘
10:02:48,79.89,-0.01,282,2253251,卖盘
10:02:51,79.9,0.01,52,415485,中性盘
10:02:54,79.91,0.01,385,3077366,买盘
10:02:57,79.91,0.0,24,191786,卖盘
10:02:59,79.92,0.01,104,831154,买盘
10:03:02,79.92,0.0,98,783216,卖盘
10:03:06,79.91,-0.01,31,247730,卖盘
10:03:09,79.93,0.02,444,3548772,买盘
10:03:12,79.94,0.01,416,3325246,买盘
10:03:15,79.91,-0.03,508,4058641,卖盘
10:03:18,79.91,0.0,693,5537163,买盘
10:03:21,79.92,0.01,212,1695011,买盘
10:03:24,79.92,0.0,139,1110885,卖盘
10:03:27,79.91,-0.01,88,703330,卖盘
10:03:30,79.92,0.01,103,823247,中性盘
10:03:33,79.91,-0.01,142,1134745,卖盘
10:03:36,79.92,0.01,95,759196,买盘
10:03:39,79.92,0.0,120,958944,买盘
10:03:42,79.91,-0.01,42,335642,卖盘
10:03:45,79.92,0.01,19,151848,买盘
10:03:48,79.92,0.0,96,767167,买盘
10:03:51,79.92,0.0,31,247728,买盘
10:03:53,79.92,0.0,79,631318,买盘
10:03:57,79.92,0.0,96,767231,买盘
10:04:00,79.91,-0.01,489,3908024,卖盘
10:04:02,79.91,0.0,84,671288,卖盘
10:04:05,79.92,0.01,377,3012713,买盘
10:04:09,79.91,-0.01,126,1006954,卖盘
10:04:12,79.93,0.02,1527,12207919,买盘
10:04:14,79.93,0.0,753,6017525,卖盘
10:04:18,79.93,0.0,42,335694,卖盘
10:04:21,79.93,0.0,66,527502,买盘
10:04:24,79.92,-0.01,170,1358665,卖盘
10:04:27,79.91,-0.01,39,311709,卖盘
10:04:30,79.95,0.04,120,959153,买盘
10:04:33,79.92,-0.03,121,967002,卖盘
10:04:36,79.92,0.0,384,3070071,卖盘
10:04:39,79.93,0.01,96,767253,买盘
10:04:42,79.92,-0.01,60,479531,卖盘
10:04:45,79.91,-0.01,144,1150838,卖盘
10:04:48,79.92,0.01,147,1174824,买盘
10:04:50,79.93,0.01,41,327677,买盘
10:04:53,79.93,0.0,142,1134894,买盘
10:04:57,79.92,-0.01,256,2046050,卖盘
10:05:00,79.93,0.01,133,1063095,买盘
10:05:02,79.93,0.0,198,1582616,卖盘
10:05:06,79.93,0.0,113,903227,卖盘
10:05:08,79.94,0.01,28,223839,中性盘
10:05:12,79.96,0.02,28,223865,买盘
10:05:15,79.95,-0.01,418,3341929,中性盘
10:05:19,79.95,0.0,98,783561,卖盘
10:05:21,79.96,0.01,80,639661,买盘
10:05:23,79.96,0.0,253,2022877,买盘
10:05:27,79.95,-0.01,129,1031472,卖盘
10:05:31,79.97,0.02,45,359838,买盘
10:05:33,79.97,0.0,40,319862,买盘
10:05:36,79.97,0.0,185,1479422,买盘
10:05:39,79.97,0.0,69,551787,买盘
10:05:42,79.97,0.0,16,127952,卖盘
10:05:44,79.97,0.0,129,1031726,卖盘
10:05:48,79.98,0.01,10,79985,中性盘
10:05:51,79.98,0.0,37,295940,卖盘
10:05:54,79.98,0.0,106,847882,卖盘
10:05:57,79.99,0.01,103,823883,买盘
10:06:00,79.98,-0.01,356,2847566,卖盘
10:06:03,80.0,0.02,275,2199829,买盘
10:06:06,79.99,-0.01,107,855914,卖盘
10:06:09,80.0,0.01,55,439994,买盘
10:06:12,79.99,-0.01,320,2559932,卖盘
10:06:15,79.99,0.0,376,3007993,卖盘
10:06:17,80.0,0.01,357,2855985,买盘
10:06:21,80.01,0.01,369,2954994,买盘
10:06:23,80.01,0.0,149,1192098,买盘
10:06:27,80.0,-0.01,133,1064142,卖盘
10:06:29,80.02,0.02,52,416057,买盘
10:06:33,80.02,0.0,97,776047,买盘
10:06:35,80.02,0.0,338,2704155,买盘
10:06:40,80.01,-0.01,599,4792122,卖盘
10:06:41,80.02,0.01,97,776134,买盘
10:06:44,80.02,0.0,163,1304139,买盘
10:06:48,80.02,0.0,95,760097,买盘
10:06:51,80.02,0.0,178,1424289,买盘
10:06:54,80.02,0.0,156,1249501,买盘
10:06:57,80.01,-0.01,122,976115,卖盘
10:06:59,80.01,0.0,48,384072,卖盘
10:07:03,80.01,0.0,284,2272225,买盘
10:07:06,80.01,0.0,73,584063,买盘
10:07:09,80.01,0.0,179,1432822,买盘
10:07:12,80.01,0.0,74,592081,卖盘
10:07:15,80.01,0.0,68,544089,卖盘
10:07:18,80.01,0.0,309,2472392,卖盘
10:07:20,80.02,0.01,26,208038,买盘
10:07:23,80.01,-0.01,286,2288173,卖盘
10:07:26,80.01,0.0,43,344043,卖盘
10:07:30,80.02,0.01,108,864106,买盘
10:07:32,80.01,-0.01,337,2696268,卖盘
10:07:36,80.01,0.0,64,512098,买盘
10:07:38,80.02,0.01,132,1056042,买盘
10:07:42,80.01,-0.01,249,1992368,卖盘
10:07:45,80.01,0.0,33,264033,卖盘
10:07:48,80.01,0.0,104,832116,卖盘
10:07:52,80.02,0.01,71,568113,买盘
10:07:54,80.02,0.0,161,1288342,买盘
10:07:56,80.02,0.0,27,216050,买盘
10:08:00,80.02,0.0,190,1520229,买盘
10:08:04,80.01,-0.01,619,4952385,卖盘
10:08:05,80.02,0.01,54,432077,买盘
10:08:09,80.02,0.0,161,1288298,买盘
10:08:12,80.02,0.0,177,1416240,买盘
10:08:15,80.02,0.0,105,840139,买盘
10:08:19,80.01,-0.01,193,1544313,卖盘
10:08:21,80.02,0.01,64,512108,买盘
10:08:24,80.01,-0.01,252,2016444,卖盘
10:08:26,80.02,0.01,31,248059,买盘
10:08:30,80.02,0.0,47,376094,卖盘
10:08:33,80.03,0.01,18,144047,买盘
10:08:36,80.01,-0.02,60,480128,卖盘
10:08:39,80.01,0.0,125,1000172,卖盘
10:08:41,80.02,0.01,118,944185,买盘
10:08:46,80.02,0.0,31,248060,买盘
10:08:47,80.02,0.0,174,1392202,买盘
10:08:50,80.02,0.0,85,680096,买盘
10:08:54,80.02,0.0,131,1048182,买盘
10:08:57,80.01,-0.01,78,624090,卖盘
10:08:59,80.01,0.0,135,1080254,卖盘
10:09:04,80.01,0.0,203,1624237,卖盘
10:09:06,80.02,0.01,209,1672249,买盘
10:09:09,80.01,-0.01,280,2240281,卖盘
10:09:12,80.02,0.01,249,1992260,买盘
10:09:16,80.01,-0.01,488,3904757,卖盘
10:09:19,80.02,0.01,135,1080270,买盘
10:09:22,80.02,0.0,102,816204,卖盘
10:09:23,80.02,0.0,53,424108,卖盘
10:09:28,80.02,0.0,77,616196,卖盘
10:09:29,80.01,-0.01,355,2840720,卖盘
10:09:33,80.01,0.0,66,528128,卖盘
10:09:35,80.03,0.02,217,1736454,买盘
10:09:40,80.02,-0.01,115,920207,卖盘
10:09:42,80.03,0.01,43,339524,买盘
10:09:46,80.02,-0.01,63,508688,卖盘
10:09:49,80.01,-0.01,183,1464354,卖盘
10:09:53,80.02,0.01,121,968232,买盘
10:09:53,80.0,-0.02,570,4560663,卖盘
10:09:57,80.01,0.01,132,1056102,买盘
10:10:00,80.01,0.0,13,104009,买盘
10:10:03,80.01,0.0,50,400047,买盘
10:10:07,80.01,0.0,270,2160161,买盘
10:10:10,80.01,0.0,118,944082,买盘
10:10:12,80.01,0.0,374,2992248,买盘
10:10:15,80.0,-0.01,52,416027,卖盘
10:10:19,80.02,0.02,84,672098,买盘
10:10:20,80.01,-0.01,265,2120295,卖盘
10:10:24,80.01,0.0,91,728035,买盘
10:10:26,80.02,0.01,657,5255273,买盘
10:10:31,80.01,-0.01,292,2336029,卖盘
10:10:34,80.02,0.01,56,448077,买盘
10:10:35,80.0,-0.02,3715,29719629,卖盘
10:10:40,80.0,0.0,63,504013,卖盘
10:10:42,79.99,-0.01,68,543952,卖盘
10:10:45,80.0,0.01,217,1735687,买盘
10:10:49,80.01,0.01,303,2423943,买盘
10:10:50,79.99,-0.02,13,103986,中性盘
10:10:54,79.99,0.0,50,399974,中性盘
10:10:57,80.0,0.01,40,319990,买盘
10:11:01,79.98,-0.02,199,1587724,卖盘
10:11:04,79.99,0.01,36,287981,买盘
10:11:05,79.98,-0.01,46,367894,卖盘
10:11:10,79.98,0.0,60,479926,卖盘
10:11:13,79.98,0.0,36,287941,卖盘
10:11:14,79.97,-0.01,658,5262238,卖盘
10:11:19,79.99,0.02,467,3738902,买盘
10:11:22,79.99,0.0,36,287968,卖盘
10:11:24,80.0,0.01,57,455974,买盘
10:11:28,79.99,-0.01,101,807123,卖盘
10:11:29,79.99,0.0,33,263978,卖盘
10:11:34,80.0,0.01,62,495949,买盘
10:11:35,79.99,-0.01,531,4247989,卖盘
10:11:40,80.0,0.01,44,351985,买盘
10:11:42,80.0,0.0,255,2039800,买盘
10:11:46,80.0,0.0,53,423989,买盘
10:11:47,80.0,0.0,198,1583905,买盘
10:11:52,80.01,0.01,231,1847751,买盘
10:11:55,80.0,-0.01,119,952010,卖盘
10:11:56,80.0,0.0,94,752000,卖盘
10:12:01,80.01,0.01,91,728080,买盘
10:12:04,80.0,-0.01,116,928036,卖盘
10:12:06,80.0,0.0,81,648036,卖盘
10:12:10,80.0,0.0,118,944010,卖盘
10:12:11,80.01,0.01,94,752025,买盘
10:12:14,80.01,0.0,231,1848035,买盘
10:12:17,80.0,-0.01,41,328248,卖盘
10:12:21,80.01,0.01,518,4143488,买盘
10:12:25,80.0,-0.01,104,831990,卖盘
10:12:27,80.0,0.0,34,272000,买盘
10:12:31,80.0,0.0,219,1752000,买盘
10:12:34,80.0,0.0,31,248000,买盘
10:12:35,80.0,0.0,81,648000,买盘
10:12:39,80.0,0.0,79,631986,买盘
10:12:41,80.0,0.0,167,1335999,买盘
10:12:44,80.0,0.0,98,783999,买盘
10:12:49,79.99,-0.01,18,143996,卖盘
10:12:52,79.99,0.0,167,1335960,卖盘
10:12:54,80.0,0.01,410,3279652,买盘
10:12:58,80.0,0.0,81,647999,买盘
10:13:01,80.0,0.0,409,3271597,买盘
10:13:02,80.0,0.0,147,1175881,买盘
10:13:07,79.99,-0.01,483,3860663,卖盘
10:13:10,79.99,0.0,93,743944,买盘
10:13:13,80.0,0.01,1000,8002876,买盘
10:13:14,80.0,0.0,56,448000,卖盘
10:13:19,80.0,0.0,54,432000,卖盘
10:13:20,79.99,-0.01,225,1799902,卖盘
10:13:25,80.0,0.01,79,632015,中性盘
10:13:27,80.0,0.0,369,2951667,买盘
10:13:31,80.0,0.0,34,272004,卖盘
10:13:34,80.0,0.0,113,903945,卖盘
10:13:37,80.0,0.0,20,159998,买盘
10:13:40,79.99,-0.01,191,1527842,卖盘
10:13:43,79.99,0.0,43,343989,卖盘
10:13:44,80.0,0.01,633,5063993,买盘
10:13:49,80.0,0.0,122,975946,买盘
10:13:52,80.01,0.01,1066,8530889,买盘
10:13:55,80.0,-0.01,1277,10224160,卖盘
10:13:56,80.05,0.05,21,168127,买盘
10:13:59,80.0,-0.05,568,4543997,卖盘
10:14:02,80.1,0.1,56,448544,买盘
10:14:06,80.04,-0.06,3,24013,卖盘
10:14:09,80.04,0.0,107,856513,卖盘
10:14:12,80.04,0.0,89,712298,买盘
10:14:16,80.05,0.01,31,248250,买盘
10:14:17,80.05,0.0,13,104065,卖盘
10:14:22,80.04,-0.01,60,480311,卖盘
10:14:25,80.05,0.01,63,504365,中性盘
10:14:27,80.05,0.0,59,472269,买盘
10:14:31,80.05,0.0,75,600357,买盘
10:14:32,80.08,0.03,121,968671,买盘
10:14:37,80.03,-0.05,263,2105004,卖盘
10:14:39,80.05,0.02,583,4665826,买盘
10:14:41,80.08,0.03,353,2826228,买盘
10:14:44,80.05,-0.03,52,416371,卖盘
10:14:49,80.04,-0.01,74,592225,中性盘
10:14:51,80.05,0.01,82,656356,买盘
10:14:54,80.05,0.0,70,560256,买盘
10:14:56,80.05,0.0,25,200122,买盘
10:15:01,80.05,0.0,333,2665638,买盘
10:15:04,80.08,0.03,39,312223,买盘
10:15:07,80.04,-0.04,127,1016571,卖盘
10:15:10,80.08,0.04,331,2649097,买盘
10:15:12,80.07,-0.01,71,568560,卖盘
10:15:16,80.05,-0.02,44,352244,卖盘
10:15:19,80.07,0.02,40,320274,买盘
10:15:22,80.05,-0.02,45,360249,卖盘
10:15:24,80.06,0.01,61,488284,买盘
10:15:27,80.07,0.01,34,272230,买盘
10:15:31,80.04,-0.03,144,1152734,卖盘
10:15:33,80.05,0.01,39,312215,中性盘
10:15:37,80.05,0.0,50,400279,卖盘
10:15:40,80.05,0.0,62,496293,买盘
10:15:43,80.06,0.01,668,5346390,买盘
10:15:44,80.06,0.0,172,1377042,卖盘
10:15:49,80.06,0.0,16,128101,卖盘
10:15:52,80.07,0.01,30,240205,买盘
10:15:55,80.06,-0.01,18,144112,卖盘
10:15:58,80.06,0.0,61,488404,卖盘
10:16:01,80.06,0.0,41,328262,卖盘
10:16:02,80.07,0.01,117,936813,买盘
10:16:05,80.07,0.0,130,1040898,买盘
10:16:10,80.07,0.0,42,336284,买盘
10:16:13,80.07,0.0,38,306415,买盘
10:16:16,80.07,0.0,280,2241721,卖盘
10:16:19,80.06,-0.01,139,1110691,卖盘
10:16:20,80.06,0.0,30,240179,买盘
10:16:24,80.06,0.0,42,336252,买盘
10:16:28,80.06,0.0,20,160120,买盘
10:16:29,80.05,-0.01,91,728514,卖盘
10:16:34,80.06,0.01,96,768500,买盘
10:16:37,80.06,0.0,102,816531,买盘
10:16:40,80.06,0.0,149,1192784,买盘
10:16:43,80.05,-0.01,130,1040767,卖盘
10:16:46,80.04,-0.01,324,2593705,卖盘
10:16:49,80.06,0.02,206,1649076,中性盘
10:16:52,80.07,0.01,151,1208968,买盘
10:16:54,80.07,0.0,468,3749063,买盘
10:16:56,80.07,0.0,10,80070,卖盘
10:17:01,80.07,0.0,56,448394,卖盘
10:17:04,80.07,0.0,87,696640,卖盘
10:17:07,80.07,0.0,10,80074,卖盘
10:17:10,80.07,0.0,71,568508,卖盘
10:17:13,80.07,0.0,81,648559,卖盘
10:17:16,80.07,0.0,117,936788,买盘
10:17:19,80.08,0.01,120,960861,买盘
10:17:22,80.07,-0.01,96,768598,卖盘
10:17:24,80.06,-0.01,234,1873596,卖盘
10:17:28,80.06,0.0,119,952761,卖盘
10:17:31,80.05,-0.01,148,1184800,卖盘
10:17:34,80.06,0.01,63,504414,卖盘
10:17:37,80.06,0.0,56,448335,卖盘
10:17:40,80.05,-0.01,113,904614,卖盘
10:17:43,80.05,0.0,29,232166,卖盘
10:17:46,80.05,0.0,108,862401,卖盘
10:17:49,80.05,0.0,31,248155,买盘
10:17:52,80.04,-0.01,618,4949219,卖盘
10:17:55,80.05,0.01,237,1897084,中性盘
10:17:58,80.05,0.0,57,456287,卖盘
10:18:01,80.05,0.0,62,496331,卖盘
10:18:03,80.06,0.01,214,1713276,买盘
10:18:05,80.06,0.0,255,2041530,卖盘
10:18:10,80.05,-0.01,420,3362266,卖盘
10:18:11,80.04,-0.01,25,200124,卖盘
10:18:16,80.05,0.01,10,80049,买盘
10:18:17,80.05,0.0,169,1352847,买盘
10:18:22,80.05,0.0,26,208134,卖盘
10:18:24,80.04,-0.01,299,2393382,卖盘
10:18:26,80.05,0.01,60,480282,卖盘
10:18:31,80.04,-0.01,170,1360907,卖盘
10:18:34,80.05,0.01,61,488305,买盘
10:18:35,80.05,0.0,60,480266,卖盘
10:18:40,80.05,0.0,119,952578,买盘
10:18:43,80.05,0.0,86,688430,买盘
10:18:46,80.05,0.0,48,384239,卖盘
10:18:47,80.05,0.0,86,688378,买盘
10:18:52,80.04,-0.01,92,736381,卖盘
10:18:54,80.04,0.0,138,1104671,卖盘
10:18:56,80.04,0.0,26,208116,卖盘
10:18:59,80.05,0.01,18,144085,买盘
10:19:04,80.04,-0.01,55,440274,卖盘
10:19:05,80.04,0.0,119,952497,卖盘
10:19:10,80.04,0.0,149,1192752,卖盘
10:19:13,80.04,0.0,61,488268,卖盘
10:19:14,80.04,0.0,138,1104571,卖盘
10:19:19,80.04,0.0,45,360216,卖盘
10:19:22,80.05,0.01,93,744438,卖盘
10:19:24,80.05,0.0,59,472295,卖盘
10:19:26,80.05,0.0,12,96060,卖盘
10:19:31,80.04,-0.01,116,928572,卖盘
10:19:34,80.05,0.01,20,160088,买盘
10:19:37,80.03,-0.02,20,160088,卖盘
10:19:40,80.04,0.01,77,616308,买盘
10:19:41,80.04,0.0,231,1849138,卖盘
10:19:45,80.05,0.01,26,208128,买盘
10:19:47,80.05,0.0,70,560350,卖盘
10:19:52,80.05,0.0,84,672421,卖盘
10:19:55,80.06,0.01,260,2081533,买盘
10:19:58,80.05,-0.01,74,592390,卖盘
10:20:01,80.07,0.02,26,208175,买盘
10:20:04,80.05,-0.02,157,1256904,卖盘
10:20:05,80.05,0.0,85,680496,卖盘
10:20:09,80.05,0.0,92,736526,卖盘
10:20:13,80.06,0.01,24,192152,中性盘
10:20:16,80.06,0.0,58,464311,卖盘
10:20:19,80.05,-0.01,22,176112,卖盘
10:20:22,80.06,0.01,25,200144,买盘
10:20:25,80.06,0.0,27,216151,买盘
10:20:26,80.05,-0.01,105,840564,卖盘
10:20:31,80.05,0.0,73,584373,卖盘
10:20:34,80.06,0.01,20,160118,买盘
10:20:37,80.05,-0.01,95,760476,卖盘
10:20:40,80.05,0.0,104,832507,买盘
10:20:43,80.05,0.0,76,608332,买盘
10:20:44,80.04,-0.01,16,128072,卖盘
10:20:49,80.05,0.01,41,328177,买盘
10:20:51,80.05,0.0,28,224138,买盘
10:20:55,80.05,0.0,54,432250,买盘
10:20:58,80.05,0.0,250,2001195,买盘
10:21:00,80.04,-0.01,115,920497,卖盘
10:21:04,80.04,0.0,31,248124,买盘
10:21:05,80.06,0.02,85,680363,买盘
10:21:10,80.05,-0.01,174,1392761,卖盘
10:21:11,80.04,-0.01,152,1216770,卖盘
10:21:16,80.05,0.01,52,416251,买盘
10:21:19,80.05,0.0,52,416305,卖盘
10:21:22,80.05,0.0,44,352224,卖盘
10:21:25,80.06,0.01,26,208136,买盘
10:21:28,80.06,0.0,115,920604,买盘
10:21:31,80.06,0.0,187,1497877,买盘
10:21:34,80.05,-0.01,175,1401052,卖盘
10:21:36,80.06,0.01,89,712534,买盘
10:21:40,80.06,0.0,74,592452,卖盘
10:21:43,80.07,0.01,165,1321096,买盘
10:21:44,80.07,0.0,38,304279,卖盘
10:21:49,80.07,0.0,12,96087,卖盘
10:21:52,80.08,0.01,77,616546,买盘
10:21:54,80.07,-0.01,104,832741,卖盘
10:21:57,80.07,0.0,47,376344,卖盘
10:22:01,80.08,0.01,15,120108,买盘
10:22:02,80.07,-0.01,353,2826579,卖盘
10:22:07,80.06,-0.01,108,864748,卖盘
10:22:10,80.07,0.01,57,456398,买盘
10:22:13,80.06,-0.01,56,448375,卖盘
10:22:16,80.08,0.02,106,848710,买盘
10:22:19,80.07,-0.01,164,1313245,卖盘
10:22:22,80.07,0.0,59,472387,买盘
10:22:25,80.06,-0.01,130,1040870,卖盘
10:22:28,80.07,0.01,70,560464,买盘
10:22:30,80.06,-0.01,39,312260,卖盘
10:22:34,80.08,0.02,18,144127,买盘
10:22:36,80.07,-0.01,80,640562,卖盘
10:22:40,80.06,-0.01,108,864763,卖盘
10:22:42,80.06,0.0,123,984917,卖盘
10:22:46,80.08,0.02,27,216206,买盘
10:22:49,80.08,0.0,22,176167,买盘
10:22:50,80.08,0.0,127,1016975,买盘
10:22:55,80.07,-0.01,181,1449299,卖盘
10:22:57,80.07,0.0,145,1161082,卖盘
10:22:59,80.07,0.0,38,304247,买盘
10:23:04,80.07,0.0,69,552486,买盘
10:23:05,80.07,0.0,32,256238,卖盘
10:23:10,80.08,0.01,148,1185142,买盘
10:23:13,80.07,-0.01,49,392388,卖盘
10:23:16,80.07,0.0,24,192185,卖盘
10:23:19,80.09,0.02,10,80086,买盘
10:23:22,80.08,-0.01,41,328331,卖盘
10:23:24,80.09,0.01,322,2578765,买盘
10:23:26,80.09,0.0,77,616716,卖盘
10:23:31,80.09,0.0,313,2507028,卖盘
10:23:34,80.09,0.0,128,1025173,卖盘
10:23:37,80.09,0.0,561,4493048,卖盘
10:23:40,80.09,0.0,80,640720,买盘
10:23:43,80.08,-0.01,233,1866067,卖盘
10:23:46,80.09,0.01,83,664732,买盘
10:23:49,80.09,0.0,78,624663,买盘
10:23:52,80.08,-0.01,41,328343,卖盘
10:23:54,80.08,0.0,60,480497,卖盘
10:23:58,80.08,0.0,76,608626,卖盘
10:24:01,80.08,0.0,390,3123139,卖盘
10:24:04,80.08,0.0,68,544543,买盘
10:24:07,80.07,-0.01,554,4435923,卖盘
10:24:10,80.08,0.01,174,1393371,买盘
10:24:11,80.08,0.0,58,464457,买盘
10:24:14,80.08,0.0,56,448416,买盘
10:24:17,80.08,0.0,19,152147,买盘
10:24:22,80.08,0.0,98,784777,买盘
10:24:25,80.08,0.0,31,248236,买盘
10:24:27,80.07,-0.01,89,712700,卖盘
10:24:31,80.08,0.01,293,2346276,买盘
10:24:34,80.08,0.0,41,328327,买盘
10:24:37,80.08,0.0,349,2794514,买盘
10:24:40,80.07,-0.01,85,680630,卖盘
10:24:43,80.07,0.0,46,368347,卖盘
10:24:46,80.08,0.01,96,768736,买盘
10:24:49,80.07,-0.01,24,192183,卖盘
10:24:52,80.07,0.0,80,640609,卖盘
10:24:54,80.08,0.01,47,376342,买盘
10:24:56,80.07,-0.01,109,872823,卖盘
10:25:01,80.07,0.0,84,672666,卖盘
10:25:04,80.07,0.0,46,368360,卖盘
10:25:07,80.07,0.0,64,506975,卖盘
10:25:10,80.08,0.01,205,1641508,买盘
10:25:13,80.08,0.0,46,368357,买盘
10:25:14,80.08,0.0,66,528490,买盘
10:25:19,80.08,0.0,135,1080976,买盘
10:25:21,80.07,-0.01,44,352330,卖盘
10:25:25,80.08,0.01,211,1689552,买盘
10:25:28,80.08,0.0,171,1369269,买盘
10:25:31,80.08,0.0,151,1211899,买盘
10:25:34,80.08,0.0,83,664624,买盘
10:25:35,80.07,-0.01,86,688650,卖盘
10:25:39,80.08,0.01,74,592546,买盘
10:25:41,80.07,-0.01,44,352327,卖盘
10:25:46,80.08,0.01,162,1297244,买盘
10:25:47,80.08,0.0,151,1209088,买盘
10:25:52,80.08,0.0,79,632570,买盘
10:25:55,80.08,0.0,68,544512,买盘
10:25:58,80.08,0.0,816,6533599,买盘
10:26:00,80.07,-0.01,108,864751,中性盘
10:26:04,80.06,-0.01,195,1561360,卖盘
10:26:07,80.06,0.0,60,480401,卖盘
10:26:10,80.07,0.01,50,400341,买盘
10:26:13,80.07,0.0,31,248199,买盘
10:26:16,80.06,-0.01,159,1273074,卖盘
10:26:17,80.06,0.0,474,3790777,卖盘
10:26:22,80.06,0.0,86,688556,卖盘
10:26:25,80.07,0.01,132,1056829,买盘
10:26:29,80.07,0.0,170,1361150,买盘
10:26:30,80.06,-0.01,44,352276,卖盘
10:26:34,80.07,0.01,103,824704,买盘
10:26:37,80.07,0.0,36,288251,买盘
10:26:40,80.07,0.0,40,320261,买盘
10:26:41,80.07,0.0,37,296251,买盘
10:26:44,80.07,0.0,374,2994222,买盘
10:26:49,80.06,-0.01,88,704593,买盘
10:26:52,80.06,0.0,233,1865620,卖盘
10:26:55,80.05,-0.01,53,424360,卖盘
10:26:58,80.05,0.0,27,216161,卖盘
10:27:00,80.06,0.01,75,600427,买盘
10:27:04,80.05,-0.01,23,184132,卖盘
10:27:05,80.06,0.01,24,192137,买盘
10:27:10,80.06,0.0,675,5403390,买盘
10:27:13,80.06,0.0,145,1167573,买盘
10:27:16,80.05,-0.01,36,288180,买盘
10:27:17,80.05,0.0,23,184115,买盘
10:27:22,80.04,-0.01,29,232124,卖盘
10:27:25,80.05,0.01,44,352200,买盘
10:27:26,80.05,0.0,34,272166,买盘
10:27:31,80.04,-0.01,22,176098,卖盘
10:27:34,80.04,0.0,143,1144575,卖盘
10:27:35,80.05,0.01,119,952583,买盘
10:27:40,80.05,0.0,35,280153,买盘
10:27:41,80.04,-0.01,1066,8534077,卖盘
10:27:46,80.04,0.0,201,1608880,卖盘
10:27:49,80.05,0.01,65,520293,买盘
10:27:52,80.05,0.0,143,1144527,中性盘
10:27:55,80.05,0.0,19,152115,卖盘
10:27:56,80.06,0.01,568,4545886,中性盘
10:28:01,80.04,-0.02,91,728475,卖盘
10:28:02,80.04,0.0,14,108215,买盘
10:28:07,80.05,0.01,34,272144,买盘
10:28:10,80.04,-0.01,123,984409,卖盘
10:28:13,80.05,0.01,127,1016409,买盘
10:28:15,80.04,-0.01,101,808476,卖盘
10:28:17,80.03,-0.01,157,1256491,卖盘
10:28:22,80.04,0.01,69,552276,买盘
10:28:24,80.04,0.0,138,1104475,卖盘
10:28:28,80.05,0.01,114,912434,买盘
10:28:31,80.04,-0.01,65,520260,卖盘
10:28:32,80.04,0.0,125,1000492,买盘
10:28:37,80.04,0.0,42,336177,卖盘
10:28:40,80.04,0.0,79,632325,卖盘
10:28:41,80.04,0.0,277,2218065,卖盘
10:28:46,80.04,0.0,72,575319,卖盘
10:28:49,80.04,0.0,32,256126,买盘
10:28:52,80.04,0.0,51,408209,卖盘
10:28:55,80.04,0.0,51,408186,卖盘
10:28:58,80.03,-0.01,15,120050,卖盘
10:29:00,80.03,0.0,19,152061,卖盘
10:29:04,80.04,0.01,6,48022,买盘
10:29:07,80.04,0.0,116,928356,买盘
10:29:09,80.03,-0.01,139,1112459,卖盘
10:29:13,80.03,0.0,84,672275,卖盘
10:29:14,80.03,0.0,132,1060569,卖盘
10:29:17,80.03,0.0,288,2304976,卖盘
10:29:22,80.03,0.0,185,1480578,卖盘
10:29:25,80.03,0.0,210,1678207,卖盘
10:29:28,80.03,0.0,51,408148,买盘
10:29:31,80.02,-0.01,14,112036,卖盘
10:29:34,80.02,0.0,84,672239,卖盘
10:29:37,80.02,0.0,75,600221,卖盘
10:29:40,80.02,0.0,55,440126,卖盘
10:29:43,80.02,0.0,48,384100,卖盘
10:29:46,80.03,0.01,63,504131,买盘
10:29:49,80.03,0.0,39,312089,买盘
10:29:50,80.02,-0.01,392,3136821,卖盘
10:29:54,80.03,0.01,70,560179,买盘
10:29:58,80.02,-0.01,155,1240320,卖盘
10:30:01,80.02,0.0,132,1056291,卖盘
10:30:04,80.02,0.0,252,2016525,卖盘
10:30:05,80.02,0.0,48,384121,卖盘
10:30:10,80.03,0.01,41,328099,买盘
10:30:13,80.02,-0.01,190,1520448,卖盘
10:30:16,80.03,0.01,260,2080621,买盘
10:30:19,80.02,-0.01,194,1552416,卖盘
10:30:22,80.03,0.01,70,560174,买盘
10:30:24,80.02,-0.01,112,896233,卖盘
10:30:26,80.02,0.0,883,7064943,买盘
10:30:31,80.03,0.01,81,648188,买盘
10:30:35,80.02,-0.01,60,480131,卖盘
10:30:37,80.02,0.0,445,3560483,卖盘
10:30:40,80.02,0.0,201,1608283,买盘
10:30:41,80.02,0.0,67,536111,买盘
10:30:46,80.02,0.0,49,392068,买盘
10:30:49,80.02,0.0,139,1112266,买盘
10:30:50,80.01,-0.01,34,272056,卖盘
10:30:55,80.01,0.0,63,504124,卖盘
10:30:56,80.02,0.01,116,928153,买盘
10:31:01,80.02,0.0,69,552087,买盘
10:31:04,80.02,0.0,279,2232432,买盘
10:31:07,80.02,0.0,193,1544251,买盘
10:31:10,80.01,-0.01,186,1488313,卖盘
10:31:13,80.02,0.01,420,3360995,买盘
10:31:16,80.04,0.02,351,2811769,买盘
10:31:19,80.04,0.0,472,3778391,卖盘
10:31:20,80.04,0.0,235,1881514,卖盘
10:31:25,80.06,0.02,147,1176590,卖盘
10:31:28,80.07,0.01,33,264188,买盘
10:31:31,80.04,-0.03,203,1625380,卖盘
10:31:32,80.05,0.01,44,352260,卖盘
10:31:37,80.05,0.0,55,440251,买盘
10:31:40,80.04,-0.01,17,136069,中性盘
10:31:41,80.05,0.01,109,872493,买盘
10:31:46,80.05,0.0,35,280151,买盘
10:31:49,80.05,0.0,27,216115,买盘
10:31:50,80.04,-0.01,569,4553058,卖盘
10:31:55,80.03,-0.01,42,336167,中性盘
10:31:56,80.04,0.01,21,168060,买盘
10:32:01,80.04,0.0,92,736259,买盘
10:32:04,80.03,-0.01,29,232074,卖盘
10:32:07,80.03,0.0,125,1000183,中性盘
10:32:10,80.03,0.0,57,456207,买盘
10:32:11,80.03,0.0,24,192069,卖盘
10:32:14,80.02,-0.01,19,152064,卖盘
10:32:19,80.03,0.01,41,328126,买盘
10:32:22,80.02,-0.01,569,4552831,卖盘
10:32:24,80.03,0.01,100,800302,买盘
10:32:26,80.03,0.0,22,176064,买盘
10:32:31,80.03,0.0,130,1040370,买盘
10:32:34,80.03,0.0,34,272102,买盘
10:32:37,80.02,-0.01,53,424150,卖盘
10:32:40,80.03,0.01,76,608213,买盘
10:32:43,80.02,-0.01,118,944243,卖盘
10:32:46,80.01,-0.01,179,1432340,卖盘
10:32:47,80.02,0.01,111,888222,买盘
10:32:52,80.03,0.01,116,928268,买盘
10:32:55,80.02,-0.01,1445,11560908,卖盘
10:32:56,80.02,0.0,118,944214,买盘
10:33:00,80.01,-0.01,30,240053,卖盘
10:33:04,80.02,0.01,34,272051,买盘
10:33:07,80.03,0.01,127,1016329,买盘
10:33:10,80.05,0.02,588,4706738,买盘
10:33:11,80.06,0.01,238,1905304,买盘
10:33:14,80.06,0.0,47,376298,卖盘
10:33:19,80.06,0.0,14,112089,卖盘
10:33:22,80.07,0.01,53,424361,卖盘
10:33:25,80.05,-0.02,111,888664,卖盘
10:33:28,80.05,0.0,79,632579,卖盘
10:33:31,80.05,0.0,266,2129457,卖盘
10:33:34,80.04,-0.01,41,328183,卖盘
10:33:37,80.05,0.01,110,880678,买盘
10:33:40,80.05,0.0,55,440256,买盘
10:33:43,80.05,0.0,11,88051,买盘
10:33:46,80.05,0.0,42,336186,买盘
10:33:49,80.04,-0.01,42,336189,卖盘
10:33:50,80.05,0.01,13,104062,买盘
10:33:54,80.04,-0.01,158,1264775,卖盘
10:33:58,80.04,0.0,41,328189,卖盘
10:34:01,80.05,0.01,60,480300,买盘
10:34:02,80.04,-0.01,67,536305,卖盘
10:34:05,80.05,0.01,172,1376819,买盘
10:34:09,80.04,-0.01,16,128072,卖盘
10:34:13,80.04,0.0,47,376188,卖盘
10:34:16,80.04,0.0,31,248123,买盘
10:34:19,80.04,0.0,125,1000500,买盘
10:34:21,80.04,0.0,43,344170,买盘
10:34:25,80.04,0.0,22,176088,买盘
10:34:28,80.03,-0.01,45,360163,卖盘
10:34:31,80.03,0.0,367,2936902,卖盘
10:34:34,80.03,0.0,63,504192,卖盘
10:34:37,80.03,0.0,17,136057,卖盘
10:34:40,80.03,0.0,137,1096420,卖盘
10:34:43,80.04,0.01,105,840388,买盘
10:34:44,80.04,0.0,129,1032508,买盘
10:34:49,80.04,0.0,86,688344,卖盘
10:34:52,80.03,-0.01,63,504205,卖盘
10:34:55,80.04,0.01,201,1608610,中性盘
10:34:58,80.04,0.0,20,160067,买盘
10:35:00,80.04,0.0,7,56028,买盘
10:35:04,80.04,0.0,275,2200856,买盘
10:35:07,80.03,-0.01,289,2312894,卖盘
10:35:09,80.03,0.0,40,320120,买盘
10:35:11,80.02,-0.01,53,424157,卖盘
10:35:16,80.02,0.0,202,1616576,卖盘
10:35:19,80.03,0.01,128,1024365,买盘
10:35:22,80.03,0.0,361,2889082,买盘
10:35:25,80.03,0.0,158,1264480,卖盘
10:35:28,80.03,0.0,586,4689543,卖盘
10:35:31,80.04,0.01,95,760244,买盘
10:35:32,80.04,0.0,69,552222,买盘
10:35:37,80.03,-0.01,230,1840695,卖盘
10:35:40,80.04,0.01,285,2280907,买盘
10:35:43,80.03,-0.01,19,152059,卖盘
10:35:46,80.03,0.0,97,776301,卖盘
10:35:47,80.03,0.0,37,296114,卖盘
10:35:52,80.04,0.01,21,168079,买盘
10:35:55,80.04,0.0,17,136060,买盘
10:35:58,80.03,-0.01,110,878441,卖盘
10:36:01,80.03,0.0,69,554128,卖盘
10:36:04,80.03,0.0,74,590307,买盘
10:36:07,80.04,0.01,91,728275,买盘
10:36:10,80.04,0.0,27,216099,买盘
10:36:12,80.03,-0.01,198,1586527,卖盘
10:36:14,80.03,0.0,18,144053,买盘
10:36:19,80.03,0.0,90,720270,买盘
10:36:22,80.02,-0.01,121,968295,卖盘
10:36:25,80.03,0.01,205,1638593,买盘
10:36:28,80.03,0.0,632,5057351,卖盘
10:36:31,80.02,-0.01,194,1552591,卖盘
10:36:34,80.03,0.01,47,376107,买盘
10:36:37,80.03,0.0,186,1488495,买盘
10:36:40,80.03,0.0,37,296101,买盘
10:36:43,80.03,0.0,23,184069,卖盘
10:36:46,80.03,0.0,72,576222,卖盘
10:36:49,80.03,0.0,151,1208403,卖盘
10:36:50,80.03,0.0,61,488180,买盘
10:36:55,80.03,0.0,34,272087,买盘
10:36:58,80.02,-0.01,108,864299,卖盘
10:37:01,80.02,0.0,252,2016741,卖盘
10:37:04,80.03,0.01,41,328123,中性盘
10:37:07,80.03,0.0,30,240087,买盘
10:37:09,80.04,0.01,139,1112435,买盘
10:37:12,80.04,0.0,90,720352,买盘
10:37:16,80.03,-0.01,100,800333,卖盘
10:37:19,80.04,0.01,68,540568,买盘
10:37:22,80.03,-0.01,23,184080,卖盘
10:37:25,80.04,0.01,32,256102,买盘
10:37:26,80.03,-0.01,300,2399322,卖盘
10:37:31,80.03,0.0,53,424193,卖盘
10:37:34,80.04,0.01,132,1056407,卖盘
10:37:37,80.04,0.0,2,16008,卖盘
10:37:40,80.04,0.0,23,184091,中性盘
10:37:43,80.04,0.0,29,232120,卖盘
10:37:46,80.04,0.0,25,200180,卖盘
10:37:47,80.04,0.0,37,296146,买盘
10:37:52,80.04,0.0,79,632325,卖盘
10:37:55,80.04,0.0,25,200102,卖盘
10:37:58,80.04,0.0,125,1000466,卖盘
10:37:59,80.04,0.0,18,144063,买盘
10:38:04,80.03,-0.01,15,120053,卖盘
10:38:05,80.04,0.01,84,672334,买盘
10:38:10,80.03,-0.01,109,877380,卖盘
10:38:13,80.03,0.0,22,176067,卖盘
10:38:16,80.03,0.0,8,64028,卖盘
10:38:19,80.04,0.01,177,1416672,买盘
10:38:22,80.04,0.0,58,464178,买盘
10:38:25,80.04,0.0,53,424169,买盘
10:38:28,80.04,0.0,9,72036,买盘
10:38:31,80.04,0.0,59,472204,买盘
10:38:34,80.03,-0.01,43,344130,卖盘
10:38:37,80.03,0.0,51,408154,卖盘
10:38:40,80.03,0.0,26,204002,卖盘
10:38:43,80.03,0.0,55,440788,卖盘
10:38:46,80.03,0.0,62,496151,买盘
10:38:48,80.03,0.0,100,800231,买盘
10:38:52,80.02,-0.01,78,624226,卖盘
10:38:55,80.02,0.0,52,416108,卖盘
10:38:58,80.02,0.0,73,584162,卖盘
10:39:00,80.02,0.0,48,384121,卖盘
10:39:02,80.03,0.01,34,272091,买盘
10:39:07,80.03,0.0,199,1593264,买盘
10:39:10,80.03,0.0,74,592181,买盘
10:39:13,80.02,-0.01,12,96025,卖盘
10:39:16,80.03,0.01,27,216075,买盘
10:39:19,80.03,0.0,94,752202,买盘
10:39:22,80.02,-0.01,51,408109,卖盘
10:39:25,80.03,0.01,9,74823,买盘
10:39:28,80.03,0.0,12,96036,买盘
10:39:31,80.03,0.0,129,1028203,买盘
10:39:34,80.03,0.0,82,656179,买盘
10:39:37,80.02,-0.01,405,3242898,卖盘
10:39:40,80.03,0.01,153,1223441,买盘
10:39:42,80.02,-0.01,54,434613,卖盘
10:39:46,80.02,0.0,85,680173,卖盘
10:39:47,80.02,0.0,20,160047,卖盘
10:39:52,80.02,0.0,193,1544572,卖盘
10:39:55,80.02,0.0,354,2832710,卖盘
10:39:56,80.03,0.01,160,1276350,买盘
10:40:01,80.03,0.0,31,248066,买盘
10:40:04,80.02,-0.01,58,467193,卖盘
10:40:05,80.02,0.0,141,1128297,卖盘
10:40:10,80.01,-0.01,220,1763800,卖盘
10:40:13,80.02,0.01,105,840618,买盘
10:40:16,80.01,-0.01,30,239660,卖盘
10:40:19,80.02,0.01,270,2160540,买盘
10:40:20,80.02,0.0,65,520536,买盘
10:40:25,80.02,0.0,38,304076,卖盘
10:40:28,80.02,0.0,13,104026,卖盘
10:40:30,80.02,0.0,138,1097874,卖盘
10:40:34,80.02,0.0,90,720180,卖盘
10:40:37,80.02,0.0,49,392113,卖盘
10:40:39,80.02,0.0,82,656268,卖盘
10:40:43,80.03,0.01,100,800218,买盘
10:40:46,80.02,-0.01,23,190047,卖盘
10:40:47,80.02,0.0,50,400102,卖盘
10:40:52,80.02,0.0,131,1042826,卖盘
10:40:55,80.02,0.0,279,2232561,卖盘
10:40:58,80.02,0.0,85,680178,卖盘
10:41:00,80.02,0.0,337,2699136,卖盘
10:41:02,80.02,0.0,57,456120,卖盘
10:41:07,80.02,0.0,43,344092,卖盘
10:41:10,80.02,0.0,368,2940922,卖盘
10:41:13,80.02,0.0,432,3456723,买盘
10:41:16,80.02,0.0,42,336053,买盘
10:41:19,80.02,0.0,384,3077431,买盘
10:41:20,80.01,-0.01,605,4841120,卖盘
10:41:25,80.01,0.0,110,880156,卖盘
10:41:28,80.02,0.01,345,2760683,买盘
10:41:31,80.02,0.0,105,840210,卖盘
10:41:34,80.03,0.01,31,248072,买盘
10:41:35,80.02,-0.01,229,1832458,卖盘
10:41:40,80.02,0.0,140,1120281,卖盘
10:41:43,80.02,0.0,19,152040,卖盘
10:41:46,80.02,0.0,428,3425056,卖盘
10:41:49,80.02,0.0,223,1784462,卖盘
10:41:52,80.02,0.0,122,976341,卖盘
10:41:54,80.03,0.01,8,64019,买盘
10:41:58,80.03,0.0,70,560163,买盘
10:42:01,80.02,-0.01,37,296077,卖盘
10:42:04,80.02,0.0,58,464147,卖盘
10:42:07,80.03,0.01,46,368115,买盘
10:42:10,80.03,0.0,126,1008342,买盘
10:42:13,80.02,-0.01,7,56020,卖盘
10:42:14,80.02,0.0,37,296091,卖盘
10:42:19,80.03,0.01,46,368108,买盘
10:42:22,80.02,-0.01,28,224058,卖盘
10:42:25,80.02,0.0,28,224068,卖盘
10:42:27,80.02,0.0,123,978512,卖盘
10:42:31,80.02,0.0,282,2256571,卖盘
10:42:34,80.02,0.0,65,520161,卖盘
10:42:37,80.02,0.0,123,984282,卖盘
10:42:40,80.03,0.01,33,264091,买盘
10:42:43,80.02,-0.01,101,808258,卖盘
10:42:46,80.02,0.0,462,3698228,卖盘
10:42:47,80.02,0.0,121,968243,卖盘
10:42:52,80.03,0.01,31,248064,买盘
10:42:55,80.03,0.0,170,1360372,买盘
10:42:58,80.02,-0.01,54,432137,卖盘
10:43:00,80.02,0.0,142,1136286,卖盘
10:43:04,80.02,0.0,173,1390753,卖盘
10:43:07,80.02,0.0,127,1014654,卖盘
10:43:10,80.01,-0.01,76,608310,卖盘
10:43:13,80.01,0.0,3,24004,卖盘
10:43:16,80.01,0.0,1525,12195779,卖盘
10:43:19,80.01,0.0,35,280023,买盘
10:43:20,80.01,0.0,87,696087,卖盘
10:43:24,80.01,0.0,76,608076,卖盘
10:43:27,80.0,-0.01,333,2664115,卖盘
10:43:31,80.01,0.01,54,432024,买盘
10:43:32,80.01,0.0,73,584027,买盘
10:43:35,80.0,-0.01,41,328650,卖盘
10:43:39,80.0,0.0,95,760028,卖盘
10:43:42,80.0,0.0,30,240001,卖盘
10:43:46,80.0,0.0,52,416013,卖盘
10:43:47,80.0,0.0,25,200017,卖盘
10:43:50,80.0,0.0,271,2168008,卖盘
10:43:54,80.01,0.01,254,2034248,买盘
10:43:58,80.0,-0.01,236,1888015,卖盘
10:44:01,80.0,0.0,66,528000,卖盘
10:44:04,80.01,0.01,587,4700395,买盘
10:44:07,80.01,0.0,178,1424008,卖盘
10:44:09,80.01,0.0,74,592008,买盘
10:44:11,80.01,0.0,176,1408098,买盘
10:44:16,80.0,-0.01,295,2356513,卖盘
10:44:17,80.01,0.01,33,264017,买盘
10:44:20,80.01,0.0,18,144015,买盘
10:44:25,80.0,-0.01,24,189779,卖盘
10:44:26,80.01,0.01,62,496038,买盘
10:44:31,80.0,-0.01,277,2216211,卖盘
10:44:34,80.01,0.01,348,2784340,买盘
10:44:37,80.01,0.0,55,440055,卖盘
10:44:40,80.01,0.0,46,368042,卖盘
10:44:43,80.0,-0.01,29,232018,卖盘
10:44:46,80.0,0.0,39,312034,卖盘
10:44:49,80.01,0.01,77,616069,买盘
10:44:52,80.0,-0.01,85,680007,卖盘
10:44:54,80.01,0.01,27,216017,买盘
10:44:58,80.0,-0.01,50,400018,卖盘
10:45:01,80.0,0.0,149,1192573,卖盘
10:45:04,80.0,0.0,117,936021,卖盘
10:45:07,80.01,0.01,223,1788991,买盘
10:45:10,80.0,-0.01,95,760007,卖盘
10:45:13,80.0,0.0,16,128009,卖盘
10:45:16,80.0,0.0,60,480003,卖盘
10:45:19,80.0,0.0,182,1456060,卖盘
10:45:22,80.01,0.01,64,511400,买盘
10:45:24,80.01,0.0,261,2088003,买盘
10:45:28,80.01,0.0,51,408033,买盘
10:45:31,80.0,-0.01,26,204081,卖盘
10:45:32,80.0,0.0,121,968031,卖盘
10:45:37,80.0,0.0,14,116562,卖盘
10:45:40,80.0,0.0,63,504028,卖盘
10:45:43,80.0,0.0,35,279120,卖盘
10:45:46,80.01,0.01,174,1392006,买盘
10:45:49,80.01,0.0,61,488019,买盘
10:45:52,80.0,-0.01,516,4127203,卖盘
10:45:55,80.0,0.0,474,3792266,卖盘
10:45:56,80.01,0.01,65,520026,买盘
10:45:59,80.0,-0.01,56,448011,卖盘
10:46:04,80.0,0.0,3742,29932646,卖盘
10:46:07,80.0,0.0,359,2872001,卖盘
10:46:09,80.01,0.01,215,1718805,买盘
10:46:13,80.0,-0.01,105,840007,卖盘
10:46:16,80.0,0.0,35,284805,卖盘
10:46:19,80.0,0.0,99,792057,卖盘
10:46:20,80.0,0.0,204,1630764,卖盘
10:46:25,79.99,-0.01,519,4154869,卖盘
10:46:28,80.0,0.01,54,428799,买盘
10:46:30,79.99,-0.01,224,1791997,卖盘
10:46:34,80.0,0.01,337,2696002,买盘
10:46:37,80.0,0.0,46,368383,买盘
10:46:39,80.0,0.0,28,224002,卖盘
10:46:43,80.0,0.0,70,560001,卖盘
10:46:46,80.0,0.0,136,1087913,卖盘
10:46:47,80.0,0.0,181,1447991,买盘
10:46:50,80.0,0.0,54,431990,买盘
10:46:55,80.0,0.0,49,392622,买盘
10:46:58,80.0,0.0,70,559934,买盘
10:47:00,80.0,0.0,1784,14266472,买盘
10:47:02,79.99,-0.01,65,519950,卖盘
10:47:07,79.99,0.0,265,2119935,卖盘
10:47:10,79.99,0.0,182,1455831,卖盘
10:47:13,79.99,0.0,170,1359844,卖盘
10:47:16,79.99,0.0,39,312521,卖盘
10:47:17,79.98,-0.01,144,1151942,卖盘
10:47:22,79.99,0.01,24,191975,买盘
10:47:25,79.99,0.0,44,351929,买盘
10:47:28,79.98,-0.01,60,479883,卖盘
10:47:31,79.98,0.0,360,2879591,卖盘
10:47:34,79.99,0.01,58,463919,买盘
10:47:35,79.98,-0.01,55,439898,卖盘
10:47:39,79.98,0.0,128,1023864,卖盘
10:47:42,79.98,0.0,95,759839,卖盘
10:47:46,79.98,0.0,21,167961,卖盘
10:47:49,79.98,0.0,103,829714,卖盘
10:47:52,79.98,0.0,145,1159767,卖盘
10:47:54,79.99,0.01,3,23995,买盘
10:47:58,79.98,-0.01,63,503876,卖盘
10:48:00,79.98,0.0,43,343915,卖盘
10:48:04,79.98,0.0,32,253872,卖盘
10:48:07,79.98,0.0,72,575864,卖盘
10:48:10,79.98,0.0,137,1095800,卖盘
10:48:13,79.99,0.01,145,1159821,买盘
10:48:16,79.98,-0.01,90,719853,卖盘
10:48:19,79.99,0.01,79,631865,买盘
10:48:22,79.98,-0.01,117,935776,卖盘
10:48:25,79.98,0.0,17,135969,卖盘
10:48:26,79.98,0.0,79,626329,卖盘
10:48:31,79.98,0.0,187,1495626,卖盘
10:48:32,79.98,0.0,32,255955,卖盘
10:48:37,79.99,0.01,23,183958,买盘
10:48:39,79.98,-0.01,121,967798,卖盘
10:48:42,79.98,0.0,57,455910,卖盘
10:48:46,79.98,0.0,143,1143824,卖盘
10:48:49,79.98,0.0,128,1023753,卖盘
10:48:52,79.98,0.0,49,391917,卖盘
10:48:55,79.98,0.0,108,863885,卖盘
10:48:56,79.99,0.01,83,663841,买盘
10:49:01,79.98,-0.01,17,135970,卖盘
10:49:04,79.98,0.0,33,263939,卖盘
10:49:07,79.98,0.0,78,623881,卖盘
10:49:10,79.98,0.0,111,887837,卖盘
10:49:13,79.99,0.01,356,2847953,卖盘
10:49:16,80.0,0.01,693,5543965,买盘
10:49:19,79.99,-0.01,196,1567983,卖盘
10:49:22,80.01,0.02,42,335994,买盘
10:49:25,79.99,-0.02,109,871997,卖盘
10:49:28,80.0,0.01,31,247991,中性盘
10:49:31,80.0,0.0,572,4576428,买盘
10:49:34,79.99,-0.01,355,2839640,卖盘
10:49:37,79.99,0.0,257,2055958,买盘
10:49:40,79.99,0.0,77,615918,买盘
10:49:43,79.99,0.0,23,183976,买盘
10:49:46,79.99,0.0,275,2199709,买盘
10:49:49,79.98,-0.01,248,1983538,卖盘
10:49:50,79.99,0.01,555,4439015,买盘
10:49:55,79.99,0.0,52,415948,卖盘
10:49:58,79.99,0.0,78,623924,卖盘
10:50:01,79.99,0.0,268,2143732,卖盘
10:50:04,79.99,0.0,119,951884,卖盘
10:50:05,79.99,0.0,123,983879,卖盘
10:50:10,79.99,0.0,227,1819664,卖盘
10:50:13,79.99,0.0,22,175978,买盘
10:50:16,79.98,-0.01,64,511905,卖盘
10:50:17,79.98,0.0,295,2359371,卖盘
10:50:20,79.98,0.0,101,807850,卖盘
10:50:24,79.98,0.0,408,3267189,卖盘
10:50:28,79.99,0.01,125,992797,买盘
10:50:29,79.99,0.0,69,555492,买盘
10:50:34,79.98,-0.01,89,711806,卖盘
10:50:37,79.98,0.0,55,439875,买盘
10:50:40,79.98,0.0,97,775786,买盘
10:50:43,79.97,-0.01,208,1663576,卖盘
10:50:46,79.98,0.01,49,391870,买盘
10:50:49,79.98,0.0,22,175947,买盘
10:50:50,79.97,-0.01,36,287908,卖盘
10:50:55,79.98,0.01,30,239916,买盘
10:50:58,79.97,-0.01,15,119967,卖盘
10:51:01,79.98,0.01,57,455846,买盘
10:51:04,79.97,-0.01,843,6741646,卖盘
10:51:07,79.97,0.0,460,3680789,卖盘
10:51:10,79.97,0.0,230,1837190,卖盘
10:51:13,79.97,0.0,33,263901,买盘
10:51:14,79.96,-0.01,385,3078841,卖盘
10:51:17,79.96,0.0,17,135937,卖盘
10:51:22,79.97,0.01,182,1455395,买盘
10:51:25,79.97,0.0,372,2976974,买盘
10:51:28,79.97,0.0,62,495815,卖盘
10:51:31,79.97,0.0,28,223922,卖盘
10:51:34,79.97,0.0,357,2854927,卖盘
10:51:35,79.96,-0.01,110,879570,卖盘
10:51:40,79.96,0.0,200,1599317,卖盘
10:51:43,79.97,0.01,48,383841,中性盘
10:51:46,79.97,0.0,50,399836,卖盘
10:51:49,79.96,-0.01,161,1287565,卖盘
10:51:52,79.97,0.01,49,391834,买盘
10:51:54,79.96,-0.01,64,511795,卖盘
10:51:56,79.97,0.01,173,1383414,买盘
10:52:00,79.97,0.0,208,1663342,卖盘
10:52:04,79.96,-0.01,236,1887099,卖盘
10:52:07,79.96,0.0,196,1567219,卖盘
10:52:10,79.97,0.01,102,811758,买盘
10:52:12,79.96,-0.01,203,1623433,卖盘
10:52:16,79.96,0.0,74,591714,卖盘
10:52:19,79.96,0.0,56,447779,卖盘
10:52:22,79.96,0.0,239,1911047,卖盘
10:52:25,79.96,0.0,21,167918,卖盘
10:52:28,79.97,0.01,216,1727146,买盘
10:52:31,79.97,0.0,352,2814839,买盘
10:52:34,79.96,-0.01,151,1207424,卖盘
10:52:37,79.96,0.0,213,1703252,卖盘
10:52:39,79.96,0.0,56,447788,卖盘
10:52:43,79.97,0.01,193,1545015,买盘
10:52:46,79.96,-0.01,36,287856,买盘
10:52:49,79.96,0.0,88,703565,买盘
10:52:52,79.95,-0.01,35,279830,卖盘
10:52:54,79.95,0.0,48,383790,卖盘
10:52:56,79.95,0.0,19,151907,卖盘
10:53:01,79.95,0.0,212,1691368,卖盘
10:53:04,79.95,0.0,98,783517,卖盘
10:53:07,79.95,0.0,320,2558579,卖盘
10:53:10,79.95,0.0,272,2174776,卖盘
10:53:14,79.96,0.01,61,487714,买盘
10:53:14,79.95,-0.01,91,727554,卖盘
10:53:19,79.95,0.0,173,1383242,卖盘
10:53:22,79.95,0.0,56,447728,卖盘
10:53:24,79.95,0.0,244,1950879,卖盘
10:53:28,79.95,0.0,518,4141891,卖盘
10:53:30,79.95,0.0,463,3703477,卖盘
10:53:34,79.97,0.02,605,4837228,买盘
10:53:37,79.96,-0.01,83,663644,中性盘
10:53:40,79.95,-0.01,108,863494,卖盘
10:53:43,79.95,0.0,63,503702,卖盘
10:53:44,79.95,0.0,104,831480,买盘
10:53:49,79.95,0.0,127,1015375,买盘
10:53:52,79.94,-0.01,53,423718,卖盘
10:53:55,79.98,0.04,465,3718430,买盘
10:53:58,79.98,0.0,131,1047738,卖盘
10:54:00,79.98,0.0,32,255936,卖盘
10:54:04,79.98,0.0,371,2967258,卖盘
10:54:05,79.98,0.0,121,967761,卖盘
10:54:10,79.97,-0.01,40,319915,卖盘
10:54:13,79.97,0.0,9,76205,买盘
10:54:16,79.96,-0.01,33,259658,卖盘
10:54:19,79.96,0.0,37,295826,买盘
10:54:20,79.98,0.02,1070,8557334,买盘
10:54:24,79.98,0.0,199,1591503,买盘
10:54:28,79.96,-0.02,462,3694499,卖盘
10:54:31,79.95,-0.01,291,2326891,卖盘
10:54:34,79.96,0.01,93,743639,买盘
10:54:35,79.96,0.0,57,455816,卖盘
10:54:40,79.96,0.0,80,639707,卖盘
10:54:43,79.96,0.0,62,495752,卖盘
10:54:46,79.96,0.0,224,1791100,卖盘
10:54:49,79.95,-0.01,168,1347077,卖盘
10:54:50,79.95,0.0,133,1063388,卖盘
10:54:54,79.96,0.01,269,2151368,买盘
10:54:58,79.95,-0.01,125,998998,卖盘
10:55:01,79.96,0.01,49,392284,买盘
10:55:04,79.96,0.0,822,6572815,卖盘
10:55:07,79.96,0.0,44,351824,卖盘
10:55:09,79.96,0.0,81,647691,卖盘
10:55:13,79.97,0.01,55,439790,买盘
10:55:16,79.96,-0.01,117,935599,卖盘
10:55:19,79.97,0.01,154,1231493,买盘
10:55:20,79.97,0.0,336,2686735,买盘
10:55:25,79.98,0.01,362,2895260,买盘
10:55:26,79.96,-0.02,163,1302884,卖盘
10:55:31,79.97,0.01,111,887625,买盘
10:55:34,79.96,-0.01,58,463773,中性盘
10:55:37,79.95,-0.01,46,367811,卖盘
10:55:40,79.95,0.0,151,1207380,卖盘
10:55:43,79.95,0.0,80,639634,卖盘
10:55:44,79.96,0.01,175,1399281,买盘
10:55:49,79.96,0.0,153,1223244,买盘
10:55:50,79.96,0.0,137,1095444,买盘
10:55:55,79.95,-0.01,217,1735181,卖盘
10:55:58,79.97,0.02,200,1599260,买盘
10:56:01,79.96,-0.01,28,223902,卖盘
10:56:02,79.96,0.0,77,615649,卖盘
10:56:06,79.96,0.0,62,495744,买盘
10:56:09,79.96,0.0,43,343828,买盘
10:56:12,79.95,-0.01,175,1399277,卖盘
10:56:16,79.96,0.01,548,4382538,买盘
10:56:19,79.96,0.0,159,1271364,卖盘
10:56:22,79.95,-0.01,202,1615107,卖盘
10:56:25,79.96,0.01,154,1231434,卖盘
10:56:28,79.96,0.0,61,487742,买盘
10:56:31,79.96,0.0,52,415775,买盘
10:56:34,79.96,0.0,202,1615100,买盘
10:56:37,79.96,0.0,204,1631240,卖盘
10:56:40,79.96,0.0,91,727639,卖盘
10:56:42,79.97,0.01,622,4973953,买盘
10:56:44,79.98,0.01,433,3459190,买盘
10:56:49,79.97,-0.01,30,239899,中性盘
10:56:52,79.96,-0.01,38,303855,卖盘
10:56:54,79.96,0.0,250,1999161,卖盘
10:56:56,79.96,0.0,42,335837,卖盘
10:57:01,79.97,0.01,138,1103480,买盘
10:57:04,79.97,0.0,53,423797,买盘
10:57:07,79.96,-0.01,30,239891,卖盘
10:57:10,79.97,0.01,94,751669,买盘
10:57:13,79.96,-0.01,35,279870,卖盘
10:57:14,79.96,0.0,440,3518265,卖盘
10:57:17,79.96,0.0,14,111956,卖盘
10:57:20,79.97,0.01,78,623766,中性盘
10:57:25,79.97,0.0,99,791703,卖盘
10:57:28,79.96,-0.01,154,1231433,卖盘
10:57:31,79.96,0.0,101,807608,卖盘
10:57:32,79.97,0.01,230,1839325,买盘
10:57:36,79.97,0.0,93,743724,中性盘
10:57:40,79.97,0.0,45,359868,卖盘
10:57:43,79.98,0.01,528,4222922,买盘
10:57:46,79.98,0.0,121,970229,买盘
10:57:49,79.98,0.0,142,1133255,卖盘
10:57:51,79.98,0.0,85,679810,买盘
10:57:55,79.98,0.0,659,5270898,买盘
10:57:56,79.97,-0.01,88,703725,卖盘
10:58:01,79.97,0.0,11,87967,买盘
10:58:04,79.97,0.0,59,471809,买盘
10:58:07,79.96,-0.01,86,687706,卖盘
10:58:10,79.96,0.0,159,1271633,卖盘
10:58:13,79.96,0.0,28,223904,卖盘
10:58:15,79.98,0.02,37,295881,买盘
10:58:18,79.97,-0.01,30,239910,卖盘
10:58:22,79.97,0.0,58,463826,卖盘
10:58:25,79.98,0.01,45,359893,买盘
10:58:28,79.97,-0.01,61,484464,卖盘
10:58:31,79.97,0.0,23,183921,买盘
10:58:34,79.97,0.0,76,607767,买盘
10:58:35,79.97,0.0,38,303866,买盘
10:58:40,79.97,0.0,303,2425181,买盘
10:58:43,79.98,0.01,421,3367142,买盘
10:58:46,79.97,-0.01,59,471832,卖盘
10:58:49,79.97,0.0,59,471830,卖盘
10:58:52,79.97,0.0,135,1079638,卖盘
10:58:54,79.97,0.0,127,1015621,卖盘
10:58:57,79.97,0.0,57,455833,卖盘
10:59:01,79.96,-0.01,1260,10075642,卖盘
10:59:03,79.97,0.01,176,1412040,卖盘
10:59:07,79.97,0.0,71,567790,买盘
10:59:09,79.97,0.0,21,167937,买盘
10:59:13,79.96,-0.01,40,319866,卖盘
10:59:15,79.97,0.01,48,383826,买盘
10:59:19,79.97,0.0,110,879569,买盘
10:59:21,79.97,0.0,125,999611,买盘
10:59:24,79.96,-0.01,19,151939,卖盘
10:59:28,79.96,0.0,35,279878,卖盘
10:59:30,79.96,0.0,268,2142928,卖盘
10:59:34,79.96,0.0,79,631717,卖盘
10:59:37,79.96,0.0,372,2974730,卖盘
10:59:40,79.97,0.01,98,783692,买盘
10:59:43,79.97,0.0,90,719666,卖盘
10:59:46,79.95,-0.02,367,2934471,卖盘
10:59:48,79.97,0.02,50,399823,买盘
10:59:52,79.95,-0.02,101,807553,卖盘
10:59:53,79.95,0.0,169,1351216,卖盘
10:59:58,79.96,0.01,156,1247370,买盘
10:59:59,79.95,-0.01,79,631640,卖盘
11:00:04,79.95,0.0,286,2286573,卖盘
11:00:07,79.95,0.0,56,447733,卖盘
11:00:10,79.96,0.01,69,551676,买盘
11:00:12,79.96,0.0,214,1710997,买盘
11:00:16,79.95,-0.01,45,359777,卖盘
11:00:18,79.95,0.0,116,927464,卖盘
11:00:20,79.95,0.0,805,6435977,卖盘
11:00:25,79.95,0.0,442,3534176,卖盘
11:00:27,79.95,0.0,1618,12931488,卖盘
11:00:30,79.95,0.0,29,231855,买盘
11:00:33,79.94,-0.01,7,55959,卖盘
11:00:36,79.95,0.01,275,2198611,买盘
11:00:39,79.94,-0.01,103,823441,卖盘
11:00:43,79.94,0.0,46,367736,卖盘
11:00:46,79.95,0.01,48,383737,买盘
11:00:49,79.95,0.0,638,5100248,买盘
11:00:52,79.94,-0.01,672,5372003,卖盘
11:00:55,79.94,0.0,168,1345134,卖盘
11:00:58,79.95,0.01,72,575574,买盘
11:01:00,79.94,-0.01,429,3429781,卖盘
11:01:04,79.95,0.01,553,4417903,买盘
11:01:07,79.95,0.0,213,1702935,卖盘
11:01:10,79.95,0.0,141,1127350,卖盘
11:01:12,79.95,0.0,166,1330453,卖盘
11:01:15,79.95,0.0,53,423723,买盘
11:01:19,79.94,-0.01,368,2941798,卖盘
11:01:22,79.94,0.0,43,343746,卖盘
11:01:23,79.94,0.0,200,1598858,卖盘
11:01:28,79.94,0.0,216,1726727,卖盘
11:01:31,79.94,0.0,64,511616,卖盘
11:01:32,79.94,0.0,54,431636,买盘
11:01:36,79.93,-0.01,328,2621726,卖盘
11:01:39,79.93,0.0,745,5951509,卖盘
11:01:43,79.93,0.0,69,552708,卖盘
11:01:46,79.93,0.0,38,303734,买盘
11:01:49,79.92,-0.01,178,1422579,卖盘
11:01:52,79.92,0.0,227,1814351,卖盘
11:01:55,79.92,0.0,52,415589,卖盘
11:01:57,79.93,0.01,372,2973302,买盘
11:02:00,79.92,-0.01,95,759242,卖盘
11:02:04,79.92,0.0,154,1230773,卖盘
11:02:07,79.92,0.0,668,5337716,卖盘
11:02:10,79.92,0.0,463,3700487,卖盘
11:02:12,79.94,0.02,754,6027211,买盘
11:02:16,79.92,-0.02,240,1918217,卖盘
11:02:18,79.93,0.01,253,2022359,中性盘
11:02:22,79.92,-0.01,546,4364338,卖盘
11:02:25,79.94,0.02,249,1990180,买盘
11:02:27,79.92,-0.02,98,783331,卖盘
11:02:31,79.93,0.01,237,1894454,买盘
11:02:34,79.92,-0.01,81,647415,卖盘
11:02:37,79.92,0.0,291,2326106,卖盘
11:02:39,79.92,0.0,159,1270926,卖盘
11:02:42,79.93,0.01,227,1814771,中性盘
11:02:46,79.93,0.0,85,679405,卖盘
11:02:49,79.93,0.0,201,1606602,卖盘
11:02:52,79.93,0.0,412,3292715,买盘
11:02:55,79.93,0.0,42,335692,买盘
11:02:58,79.93,0.0,323,2581632,买盘
11:02:59,79.92,-0.01,225,1798368,卖盘
11:03:02,79.92,0.0,44,351662,卖盘
11:03:06,79.92,0.0,111,887135,买盘
11:03:08,79.93,0.01,63,503518,买盘
11:03:12,79.93,0.0,12,95908,买盘
11:03:16,79.92,-0.01,322,2573446,卖盘
11:03:18,79.92,0.0,161,1286714,卖盘
11:03:21,79.92,0.0,302,2413834,卖盘
11:03:24,79.92,0.0,198,1582417,卖盘
11:03:27,79.93,0.01,85,679307,买盘
11:03:30,79.92,-0.01,67,535472,卖盘
11:03:33,79.93,0.01,378,3021287,买盘
11:03:36,79.92,-0.01,284,2269967,卖盘
11:03:39,79.93,0.01,119,951050,买盘
11:03:42,79.93,0.0,224,1790391,买盘
11:03:45,79.93,0.0,647,5171666,买盘
11:03:48,79.93,0.0,415,3317248,卖盘
11:03:50,79.93,0.0,592,4731276,卖盘
11:03:54,79.92,-0.01,115,919080,卖盘
11:03:57,79.92,0.0,28,223774,买盘
11:04:00,79.92,0.0,15,119869,买盘
11:04:03,79.91,-0.01,322,2573413,卖盘
11:04:06,79.92,0.01,293,2341629,买盘
11:04:09,79.92,0.0,166,1326677,卖盘
11:04:12,79.92,0.0,207,1654433,卖盘
11:04:14,79.92,0.0,366,2926796,卖盘
11:04:18,79.93,0.01,126,1006867,中性盘
11:04:20,79.93,0.0,228,1822545,卖盘
11:04:23,79.94,0.01,309,2469871,买盘
11:04:26,79.94,0.0,355,2838020,卖盘
11:04:30,79.93,-0.01,229,1830890,卖盘
11:04:33,79.93,0.0,378,3021270,买盘
11:04:36,79.93,0.0,99,791378,卖盘
11:04:40,79.94,0.01,47,375692,中性盘
11:04:43,79.93,-0.01,59,471625,卖盘
11:04:46,79.94,0.01,73,583528,买盘
11:04:49,79.94,0.0,122,975173,买盘
11:04:52,79.93,-0.01,42,335720,卖盘
11:04:54,79.93,0.0,112,895252,卖盘
11:04:56,79.93,0.0,99,791314,卖盘
11:05:00,79.93,0.0,156,1246963,卖盘
11:05:04,79.94,0.01,42,335719,买盘
11:05:06,79.93,-0.01,153,1222945,卖盘
11:05:09,79.94,0.01,61,487616,买盘
11:05:12,79.94,0.0,82,655464,买盘
11:05:15,79.94,0.0,113,903269,买盘
11:05:18,79.94,0.0,207,1654836,买盘
11:05:20,79.93,-0.01,213,1702600,卖盘
11:05:24,79.93,0.0,18,143880,卖盘
11:05:27,79.94,0.01,334,2669700,买盘
11:05:30,79.93,-0.01,94,751342,卖盘
11:05:33,79.94,0.01,110,879282,买盘
11:05:35,79.94,0.0,78,623486,买盘
11:05:39,79.94,0.0,556,4441980,买盘
11:05:42,79.93,-0.01,52,417968,卖盘
11:05:45,79.93,0.0,34,271771,卖盘
11:05:47,79.93,0.0,122,975247,卖盘
11:05:51,79.93,0.0,221,1766454,卖盘
11:05:55,79.94,0.01,17,135885,买盘
11:05:58,79.93,-0.01,86,687399,卖盘
11:06:00,79.93,0.0,83,663422,卖盘
11:06:04,79.94,0.01,41,327732,买盘
11:06:06,79.93,-0.01,220,1758628,卖盘
11:06:10,79.93,0.0,235,1878369,卖盘
11:06:11,79.94,0.01,105,839320,买盘
11:06:15,79.93,-0.01,630,5035736,卖盘
11:06:19,79.93,0.0,40,319735,卖盘
11:06:21,79.94,0.01,17,135891,买盘
11:06:24,79.93,-0.01,168,1342927,卖盘
11:06:27,79.93,0.0,110,879240,卖盘
11:06:31,79.93,0.0,75,599478,卖盘
11:06:32,79.93,0.0,137,1095049,卖盘
11:06:35,79.93,0.0,876,7002091,卖盘
11:06:39,79.93,0.0,65,519545,买盘
11:06:42,79.92,-0.01,140,1118985,卖盘
11:06:44,79.92,0.0,32,255750,卖盘
11:06:49,79.93,0.01,108,863149,买盘
11:06:51,79.92,-0.01,132,1054974,卖盘
11:06:54,79.92,0.0,32,255752,卖盘
11:06:57,79.93,0.01,308,2461705,买盘
11:07:00,79.92,-0.01,91,727281,卖盘
11:07:03,79.92,0.0,195,1558505,卖盘
11:07:05,79.92,0.0,157,1254785,卖盘
11:07:09,79.93,0.01,89,711363,买盘
11:07:13,79.92,-0.01,257,2054002,卖盘
11:07:15,79.92,0.0,121,967138,卖盘
11:07:19,79.92,0.0,335,2677496,卖盘
11:07:21,79.93,0.01,316,2525761,买盘
11:07:25,79.93,0.0,161,1286873,买盘
11:07:27,79.93,0.0,335,2677834,卖盘
11:07:31,79.94,0.01,72,575513,买盘
11:07:34,79.93,-0.01,198,1582616,卖盘
11:07:36,79.93,0.0,200,1598648,买盘
11:07:40,79.94,0.01,175,1398750,买盘
11:07:43,79.92,-0.02,485,3876424,卖盘
11:07:44,79.92,0.0,72,575438,卖盘
11:07:49,79.92,0.0,104,831181,卖盘
11:07:51,79.92,0.0,311,2485604,卖盘
11:07:54,79.93,0.01,235,1878338,买盘
11:07:57,79.92,-0.01,59,471534,卖盘
11:08:00,79.92,0.0,362,2893184,卖盘
11:08:03,79.93,0.01,129,1031070,买盘
11:08:06,79.92,-0.01,525,4196145,卖盘
11:08:10,79.92,0.0,207,1654374,卖盘
11:08:12,79.92,0.0,128,1022986,卖盘
11:08:14,79.92,0.0,250,1996394,卖盘
11:08:18,79.91,-0.01,45,359600,卖盘
11:08:20,79.91,0.0,100,799108,卖盘
11:08:24,79.91,0.0,81,647329,卖盘
11:08:28,79.91,0.0,145,1158705,卖盘
11:08:29,79.91,0.0,1130,9029853,卖盘
11:08:32,79.91,0.0,562,4490956,卖盘
11:08:35,79.91,0.0,104,831067,卖盘
11:08:39,79.92,0.01,2245,17939818,买盘
11:08:43,79.91,-0.01,315,2517169,卖盘
11:08:44,79.91,0.0,172,1374454,卖盘
11:08:49,79.91,0.0,308,2462586,卖盘
11:08:51,79.91,0.0,119,950932,卖盘
11:08:54,79.9,-0.01,2386,19062921,卖盘
11:08:58,79.9,0.0,99,791013,卖盘
11:09:00,79.91,0.01,271,2165310,买盘
11:09:02,79.9,-0.01,1434,11457661,卖盘
11:09:06,79.89,-0.01,763,6095489,卖盘
11:09:09,79.9,0.01,540,4314219,买盘
11:09:13,79.89,-0.01,337,2692294,卖盘
11:09:15,79.9,0.01,667,5329010,买盘
11:09:19,79.87,-0.03,3590,28680167,卖盘
11:09:21,79.87,0.0,340,2715535,买盘
11:09:25,79.87,0.0,305,2432108,买盘
11:09:26,79.86,-0.01,90,718772,卖盘
11:09:30,79.86,0.0,861,6876117,卖盘
11:09:34,79.86,0.0,270,2156264,卖盘
11:09:36,79.86,0.0,162,1293760,卖盘
11:09:40,79.85,-0.01,422,3374131,卖盘
11:09:42,79.86,0.01,221,1764847,买盘
11:09:45,79.86,0.0,102,814516,买盘
11:09:49,79.86,0.0,456,3641527,买盘
11:09:51,79.85,-0.01,816,6516296,卖盘
11:09:55,79.85,0.0,1137,9078948,卖盘
11:09:56,79.84,-0.01,271,2163692,卖盘
11:10:00,79.84,0.0,501,4000015,卖盘
11:10:04,79.84,0.0,1038,8286862,卖盘
11:10:06,79.83,-0.01,760,6068025,卖盘
11:10:10,79.83,0.0,811,6474388,卖盘
11:10:13,79.83,0.0,397,3169452,卖盘
11:10:15,79.83,0.0,539,4302711,卖盘
11:10:19,79.83,0.0,408,3257030,买盘
11:10:21,79.83,0.0,365,2913629,买盘
11:10:23,79.82,-0.01,424,3384560,卖盘
11:10:28,79.82,0.0,283,2259015,卖盘
11:10:30,79.82,0.0,821,6553624,卖盘
11:10:34,79.83,0.01,207,1652420,买盘
11:10:36,79.83,0.0,358,2857581,卖盘
11:10:39,79.83,0.0,206,1644367,买盘
11:10:43,79.82,-0.01,1135,9059953,卖盘
11:10:45,79.81,-0.01,136,1085476,卖盘
11:10:49,79.81,0.0,125,997689,卖盘
11:10:51,79.81,0.0,445,3551792,卖盘
11:10:55,79.81,0.0,654,5219778,卖盘
11:10:57,79.81,0.0,531,4237933,卖盘
11:11:00,79.81,0.0,1028,8204551,卖盘
11:11:02,79.81,0.0,612,4881573,卖盘
11:11:06,79.81,0.0,246,1963334,卖盘
11:11:10,79.82,0.01,232,1851611,买盘
11:11:13,79.81,-0.01,674,5379253,卖盘
11:11:14,79.82,0.01,1061,8470457,买盘
11:11:17,79.81,-0.01,333,2657370,买盘
11:11:21,79.81,0.0,300,2394283,买盘
11:11:24,79.8,-0.01,248,1979129,卖盘
11:11:28,79.81,0.01,748,5969537,买盘
11:11:30,79.81,0.0,368,2936940,买盘
11:11:34,79.81,0.0,526,4197905,卖盘
11:11:36,79.8,-0.01,375,2992741,卖盘
11:11:40,79.81,0.01,362,2889033,买盘
11:11:41,79.8,-0.01,217,1731775,卖盘
11:11:45,79.81,0.01,284,2265870,买盘
11:11:49,79.8,-0.01,159,1268895,卖盘
11:11:50,79.8,0.0,129,1029442,卖盘
11:11:54,79.8,0.0,515,4109984,卖盘
11:11:58,79.8,0.0,338,2697273,卖盘
11:12:00,79.8,0.0,268,2138703,卖盘
11:12:04,79.8,0.0,176,1404494,卖盘
11:12:06,79.8,0.0,128,1021457,卖盘
11:12:10,79.8,0.0,774,6176540,卖盘
11:12:13,79.8,0.0,330,2633404,卖盘
11:12:15,79.8,0.0,608,4851841,卖盘
11:12:19,79.8,0.0,648,5171358,卖盘
11:12:21,79.8,0.0,713,5690218,卖盘
11:12:24,79.81,0.01,845,6742709,买盘
11:12:26,79.8,-0.01,874,6974532,卖盘
11:12:30,79.8,0.0,356,2841954,卖盘
11:12:32,79.8,0.0,345,2753100,买盘
11:12:36,79.79,-0.01,73,582499,卖盘
11:12:40,79.79,0.0,579,4619881,卖盘
11:12:43,79.79,0.0,969,7731656,卖盘
11:12:45,79.79,0.0,396,3159310,买盘
11:12:49,79.79,0.0,296,2361501,买盘
11:12:51,79.78,-0.01,1006,8026157,卖盘
11:12:55,79.78,0.0,902,7196545,卖盘
11:12:58,79.79,0.01,743,5928155,买盘
11:13:00,79.78,-0.01,60,478623,买盘
11:13:02,79.77,-0.01,706,5631984,卖盘
11:13:06,79.77,0.0,290,2313398,卖盘
11:13:09,79.78,0.01,674,5376566,买盘
11:13:13,79.78,0.0,914,7291497,买盘
11:13:15,79.78,0.0,500,3989074,卖盘
11:13:19,79.78,0.0,182,1452012,卖盘
11:13:21,79.78,0.0,3692,29448852,卖盘
11:13:24,79.79,0.01,267,2130148,买盘
11:13:28,79.79,0.0,214,1707197,卖盘
11:13:30,79.78,-0.01,188,1499904,中性盘
11:13:34,79.79,0.01,325,2592987,中性盘
11:13:36,79.8,0.01,457,3646560,买盘
11:13:39,79.76,-0.04,604,4819296,卖盘
11:13:43,79.75,-0.01,487,3884612,卖盘
11:13:45,79.75,0.0,1035,8254490,卖盘
11:13:49,79.77,0.02,408,3253850,买盘
11:13:51,79.74,-0.03,223,1778370,卖盘
11:13:55,79.76,0.02,445,3549029,买盘
11:13:58,79.76,0.0,167,1331982,卖盘
11:14:00,79.75,-0.01,453,3613169,卖盘
11:14:02,79.75,0.0,178,1419619,卖盘
11:14:06,79.76,0.01,156,1244221,买盘
11:14:09,79.77,0.01,544,4339083,买盘
11:14:12,79.76,-0.01,525,4187672,卖盘
11:14:15,79.78,0.02,894,7131524,买盘
11:14:17,79.78,0.0,669,5336545,卖盘
11:14:21,79.78,0.0,1631,13015176,卖盘
11:14:24,79.8,0.02,304,2426090,买盘
11:14:28,79.79,-0.01,375,2992218,卖盘
11:14:29,79.78,-0.01,262,2090718,卖盘
11:14:32,79.8,0.02,742,5926558,中性盘
11:14:36,79.8,0.0,82,654467,中性盘
11:14:40,79.8,0.0,162,1292879,卖盘
11:14:42,79.78,-0.02,423,3374431,卖盘
11:14:45,79.78,0.0,32,255296,买盘
11:14:49,79.77,-0.01,769,6136307,卖盘
11:14:51,79.8,0.03,79,630390,买盘
11:14:54,79.8,0.0,1204,9607775,买盘
11:14:58,79.82,0.02,187,1492391,买盘
11:14:59,79.8,-0.02,312,2490107,卖盘
11:15:02,79.8,0.0,247,1971157,卖盘
11:15:05,79.81,0.01,195,1556330,中性盘
11:15:10,79.82,0.01,136,1085700,买盘
11:15:11,79.82,0.0,364,2904929,买盘
11:15:15,79.8,-0.02,464,3703569,卖盘
11:15:18,79.83,0.03,294,2347026,买盘
11:15:21,79.82,-0.01,200,1596566,卖盘
11:15:24,79.81,-0.01,361,2881383,卖盘
11:15:26,79.81,0.0,109,870098,卖盘
11:15:29,79.82,0.01,209,1668218,中性盘
11:15:34,79.82,0.0,414,3304936,卖盘
11:15:36,79.82,0.0,234,1867805,卖盘
11:15:40,79.83,0.01,89,710438,买盘
11:15:43,79.84,0.01,258,2057204,买盘
11:15:45,79.82,-0.02,338,2698254,卖盘
11:15:47,79.84,0.02,118,941956,买盘
11:15:51,79.83,-0.01,52,415102,买盘
11:15:54,79.84,0.01,228,1820311,买盘
11:15:57,79.84,0.0,141,1125747,卖盘
11:16:00,79.84,0.0,308,2459121,卖盘
11:16:04,79.83,-0.01,64,510962,卖盘
11:16:06,79.84,0.01,434,3465060,买盘
11:16:10,79.84,0.0,152,1213653,中性盘
11:16:13,79.84,0.0,114,910122,买盘
11:16:15,79.84,0.0,341,2722605,买盘
11:16:19,79.84,0.0,111,888992,卖盘
11:16:21,79.84,0.0,172,1370614,卖盘
11:16:24,79.84,0.0,627,5005493,买盘
11:16:27,79.83,-0.01,57,455072,卖盘
11:16:30,79.84,0.01,254,2027880,买盘
11:16:34,79.84,0.0,134,1069867,卖盘
11:16:36,79.84,0.0,419,3344953,买盘
11:16:40,79.84,0.0,98,782396,买盘
11:16:43,79.84,0.0,121,966037,买盘
11:16:45,79.83,-0.01,237,1892202,卖盘
11:16:49,79.84,0.01,93,742470,买盘
11:16:51,79.84,0.0,185,1477045,买盘
11:16:54,79.84,0.0,135,1077842,卖盘
11:16:57,79.84,0.0,177,1413170,卖盘
11:16:59,79.84,0.0,94,750520,买盘
11:17:04,79.83,-0.01,103,822349,卖盘
11:17:06,79.84,0.01,1665,13290673,买盘
11:17:09,79.84,0.0,87,697258,卖盘
11:17:13,79.84,0.0,112,894214,卖盘
11:17:15,79.84,0.0,161,1285437,卖盘
11:17:19,79.85,0.01,421,3361991,买盘
11:17:21,79.85,0.0,93,742563,卖盘
11:17:24,79.84,-0.01,146,1165703,卖盘
11:17:28,79.85,0.01,88,702660,卖盘
11:17:29,79.85,0.0,132,1053922,买盘
11:17:32,79.85,0.0,147,1173735,买盘
11:17:36,79.86,0.01,126,1006052,买盘
11:17:40,79.85,-0.01,116,926177,卖盘
11:17:43,79.84,-0.01,122,974087,卖盘
11:17:45,79.86,0.02,84,670752,买盘
11:17:49,79.85,-0.01,38,303426,卖盘
11:17:50,79.86,0.01,76,606894,买盘
11:17:55,79.85,-0.01,140,1117909,卖盘
11:17:58,79.85,0.0,123,982050,买盘
11:18:00,79.85,0.0,58,463129,买盘
11:18:04,79.85,0.0,136,1085943,买盘
11:18:06,79.85,0.0,493,3936526,买盘
11:18:10,79.85,0.0,260,2076064,买盘
11:18:13,79.85,0.0,15,119775,卖盘
11:18:15,79.85,0.0,49,391295,卖盘
11:18:19,79.85,0.0,278,2220059,卖盘
11:18:20,79.85,0.0,60,479113,卖盘
11:18:25,79.86,0.01,34,271502,买盘
11:18:26,79.85,-0.01,75,598933,卖盘
11:18:30,79.86,0.01,232,1848496,买盘
11:18:34,79.88,0.02,278,2220335,买盘
11:18:36,79.87,-0.01,1039,8300833,卖盘
11:18:40,79.87,0.0,76,606948,卖盘
11:18:43,79.87,0.0,134,1070207,买盘
11:18:45,79.86,-0.01,176,1405561,卖盘
11:18:49,79.86,0.0,73,583026,卖盘
11:18:51,79.89,0.03,257,2052467,买盘
11:18:55,79.9,0.01,74,591234,买盘
11:18:58,79.89,-0.01,19,151793,卖盘
11:19:00,79.89,0.0,115,918851,卖盘
11:19:02,79.9,0.01,28,223702,买盘
11:19:06,79.9,0.0,82,655100,买盘
11:19:10,79.88,-0.02,103,822912,卖盘
11:19:11,79.89,0.01,23,183736,中性盘
11:19:15,79.89,0.0,61,487284,买盘
11:19:19,79.88,-0.01,113,902723,卖盘
11:19:21,79.88,0.0,188,1501816,卖盘
11:19:24,79.89,0.01,96,766883,买盘
11:19:28,79.88,-0.01,19,151778,卖盘
11:19:30,79.9,0.02,228,1821636,买盘
11:19:34,79.89,-0.01,90,719011,卖盘
11:19:36,79.89,0.0,720,5750395,买盘
11:19:39,79.89,0.0,53,423420,卖盘
11:19:43,79.89,0.0,186,1486088,卖盘
11:19:45,79.89,0.0,74,591204,卖盘
11:19:49,79.91,0.02,246,1965713,买盘
11:19:50,79.91,0.0,303,2421015,买盘
11:19:55,79.96,0.05,622,4977389,买盘
11:19:56,79.95,-0.01,3,23985,卖盘
11:20:00,79.95,0.0,234,1870987,卖盘
11:20:04,79.96,0.01,10,79954,中性盘
11:20:06,79.96,0.0,73,583686,卖盘
11:20:10,79.96,0.0,47,375844,卖盘
11:20:13,79.97,0.01,132,1055656,买盘
11:20:14,79.96,-0.01,80,639741,卖盘
11:20:19,79.96,0.0,54,431793,买盘
11:20:21,79.97,0.01,104,831576,买盘
11:20:25,79.95,-0.02,140,1119467,卖盘
11:20:28,79.96,0.01,136,1087385,中性盘
11:20:30,79.96,0.0,47,375818,卖盘
11:20:33,79.96,0.0,32,255874,卖盘
11:20:36,79.97,0.01,571,4566472,买盘
11:20:40,79.97,0.0,121,967570,买盘
11:20:41,79.96,-0.01,66,527761,卖盘
11:20:44,79.97,0.01,60,479772,买盘
11:20:47,79.96,-0.01,131,1047571,卖盘
11:20:51,79.96,0.0,23,183918,卖盘
11:20:54,79.97,0.01,215,1719341,买盘
11:20:56,79.96,-0.01,234,1871133,卖盘
11:21:00,79.96,0.0,131,1047487,卖盘
11:21:04,79.98,0.02,146,1167545,买盘
11:21:06,79.96,-0.02,34,271879,卖盘
11:21:10,79.96,0.0,44,351830,卖盘
11:21:13,79.96,0.0,47,375826,卖盘
11:21:15,79.96,0.0,26,207914,卖盘
11:21:19,79.96,0.0,508,4061561,卖盘
11:21:21,79.96,0.0,410,3277986,买盘
11:21:25,79.96,0.0,61,487744,买盘
11:21:26,79.95,-0.01,167,1335178,卖盘
11:21:30,79.96,0.01,243,1942810,买盘
11:21:32,79.95,-0.01,471,3765737,卖盘
11:21:36,79.94,-0.01,137,1089623,卖盘
11:21:40,79.94,0.0,126,1007128,买盘
11:21:43,79.93,-0.01,175,1398906,卖盘
11:21:45,79.93,0.0,58,463620,卖盘
11:21:49,79.93,0.0,69,551528,卖盘
11:21:51,79.93,0.0,17,135890,卖盘
11:21:55,79.93,0.0,125,999127,卖盘
11:21:57,79.93,0.0,64,511555,卖盘
11:22:00,79.93,0.0,101,813622,卖盘
11:22:03,79.94,0.01,502,4012864,买盘
11:22:06,79.93,-0.01,427,3406744,卖盘
11:22:09,79.92,-0.01,33,263760,卖盘
11:22:13,79.93,0.01,155,1238763,买盘
11:22:14,79.92,-0.01,187,1494544,卖盘
11:22:19,79.93,0.01,94,751255,买盘
11:22:21,79.93,0.0,657,5250409,买盘
11:22:24,79.9,-0.03,217,1733939,卖盘
11:22:28,79.91,0.01,33,263721,卖盘
11:22:29,79.91,0.0,49,391559,买盘
11:22:33,79.92,0.01,138,1102772,买盘
11:22:35,79.9,-0.02,34,271701,卖盘
11:22:40,79.91,0.01,28,223735,买盘
11:22:43,79.91,0.0,223,1782145,买盘
11:22:45,79.91,0.0,30,239732,卖盘
11:22:49,79.91,0.0,112,895000,卖盘
11:22:51,79.91,0.0,64,511426,卖盘
11:22:55,79.91,0.0,272,2173531,卖盘
11:22:58,79.91,0.0,91,727181,买盘
11:22:59,79.92,0.01,67,535410,买盘
11:23:02,79.9,-0.02,87,695229,卖盘
11:23:06,79.9,0.0,54,431460,卖盘
11:23:09,79.91,0.01,39,311621,买盘
11:23:13,79.9,-0.01,34,271669,卖盘
11:23:15,79.91,0.01,327,2613034,买盘
11:23:17,79.9,-0.01,136,1086716,卖盘
11:23:20,79.92,0.02,76,607317,买盘
11:23:24,79.91,-0.01,4,31965,卖盘
11:23:28,79.91,0.0,104,831063,卖盘
11:23:30,79.92,0.01,57,455532,买盘
11:23:34,79.93,0.01,282,2253740,买盘
11:23:35,79.91,-0.02,59,471502,卖盘
11:23:40,79.91,0.0,53,423563,卖盘
11:23:43,79.92,0.01,37,295688,买盘
11:23:45,79.92,0.0,19,151845,买盘
11:23:49,79.92,0.0,553,4419521,买盘
11:23:51,79.92,0.0,122,974993,卖盘
11:23:55,79.92,0.0,44,351631,买盘
11:23:58,79.91,-0.01,98,783191,卖盘
11:24:00,79.92,0.01,33,263722,买盘
11:24:02,79.92,0.0,44,351648,卖盘
11:24:06,79.92,0.0,64,511513,卖盘
11:24:10,79.94,0.02,19,151859,买盘
11:24:13,79.93,-0.01,66,527488,中性盘
11:24:15,79.93,0.0,69,553073,卖盘
11:24:19,79.93,0.0,56,446067,卖盘
11:24:21,79.96,0.03,179,1432627,买盘
11:24:25,79.93,-0.03,22,174329,卖盘
11:24:28,79.93,0.0,30,239788,买盘
11:24:30,79.93,0.0,86,687363,买盘
11:24:33,79.94,0.01,55,441115,买盘
11:24:37,79.93,-0.01,18,142358,卖盘
11:24:40,79.93,0.0,35,279751,买盘
11:24:43,79.93,0.0,16,127883,买盘
11:24:45,79.93,0.0,85,679407,买盘
11:24:49,79.93,0.0,39,311733,卖盘
11:24:50,79.93,0.0,264,2110224,卖盘
11:24:54,79.93,0.0,22,175859,卖盘
11:24:58,79.93,0.0,68,543525,卖盘
11:24:59,79.93,0.0,56,447573,卖盘
11:25:04,79.95,0.02,34,271795,买盘
11:25:06,79.93,-0.02,69,551503,卖盘
11:25:10,79.92,-0.01,27,215805,卖盘
11:25:13,79.93,0.01,114,911143,买盘
11:25:15,79.92,-0.01,25,199803,卖盘
11:25:19,79.93,0.01,229,1830227,买盘
11:25:21,79.92,-0.01,47,375630,卖盘
11:25:24,79.91,-0.01,222,1774220,卖盘
11:25:28,79.92,0.01,73,583411,中性盘
11:25:30,79.92,0.0,59,471482,买盘
11:25:34,79.91,-0.01,299,2389592,卖盘
11:25:36,79.91,0.0,40,319671,卖盘
11:25:40,79.91,0.0,15,119875,卖盘
11:25:43,79.91,0.0,286,2285666,卖盘
11:25:45,79.91,0.0,252,2013972,卖盘
11:25:49,79.91,0.0,16,127862,卖盘
11:25:51,79.92,0.01,343,2741118,买盘
11:25:54,79.91,-0.01,108,863048,卖盘
11:25:58,79.91,0.0,45,359642,卖盘
11:25:59,79.92,0.01,18,143856,中性盘
11:26:04,79.92,0.0,221,1766434,卖盘
11:26:06,79.92,0.0,110,879230,卖盘
11:26:09,79.95,0.03,15,119907,买盘
11:26:13,79.94,-0.01,33,263771,买盘
11:26:15,79.93,-0.01,80,639582,卖盘
11:26:17,79.92,-0.01,167,1335116,卖盘
11:26:22,79.92,0.0,60,479592,卖盘
11:26:25,79.93,0.01,34,271780,买盘
11:26:28,79.93,0.0,65,519545,买盘
11:26:30,79.94,0.01,27,215813,买盘
11:26:34,79.93,-0.01,113,903119,卖盘
11:26:35,79.92,-0.01,38,303719,卖盘
11:26:40,79.92,0.0,37,295726,卖盘
11:26:43,79.93,0.01,5,39963,买盘
11:26:45,79.93,0.0,108,863158,买盘
11:26:48,79.93,0.0,24,191837,买盘
11:26:50,79.93,0.0,37,295715,卖盘
11:26:54,79.92,-0.01,50,399646,卖盘
11:26:56,79.92,0.0,36,287751,卖盘
11:27:00,79.93,0.01,11,87923,卖盘
11:27:03,79.92,-0.01,87,695364,卖盘
11:27:07,79.92,0.0,41,327695,卖盘
11:27:09,79.93,0.01,50,399647,买盘
11:27:11,79.93,0.0,459,3668675,买盘
11:27:15,79.93,0.0,51,407594,买盘
11:27:18,79.93,0.0,13,103906,买盘
11:27:20,79.92,-0.01,315,2517768,卖盘
11:27:25,79.93,0.01,70,559456,买盘
11:27:28,79.92,-0.01,225,1798410,卖盘
11:27:30,79.92,0.0,325,2597654,卖盘
11:27:34,79.93,0.01,210,1678474,买盘
11:27:36,79.93,0.0,51,407643,卖盘
11:27:39,79.93,0.0,50,399650,卖盘
11:27:43,79.94,0.01,6,47961,买盘
11:27:45,79.93,-0.01,70,559447,卖盘
11:27:49,79.93,0.0,26,207825,卖盘
11:27:52,79.95,0.02,49,391708,买盘
11:27:55,79.93,-0.02,30,239802,卖盘
11:27:58,79.94,0.01,6,47961,中性盘
11:28:00,79.93,-0.01,21,167860,卖盘
11:28:02,79.95,0.02,27,215849,买盘
11:28:05,79.94,-0.01,22,175869,卖盘
11:28:10,79.94,0.0,124,991293,卖盘
11:28:13,79.95,0.01,87,695460,买盘
11:28:15,79.94,-0.01,20,159880,中性盘
11:28:19,79.94,0.0,10,79940,买盘
11:28:22,79.93,-0.01,192,1534720,卖盘
11:28:25,79.92,-0.01,80,639402,卖盘
11:28:28,79.93,0.01,182,1454647,买盘
11:28:29,79.92,-0.01,251,2006055,卖盘
11:28:34,79.92,0.0,130,1037955,卖盘
11:28:35,79.93,0.01,4,31973,中性盘
11:28:40,79.93,0.0,7,55953,卖盘
11:28:43,79.93,0.0,79,631427,卖盘
11:28:46,79.94,0.01,152,1215086,买盘
11:28:49,79.93,-0.01,39,311742,卖盘
11:28:52,79.93,0.0,117,935182,卖盘
11:28:55,79.93,0.0,18,143874,买盘
11:28:58,79.93,0.0,32,255776,买盘
11:29:00,79.92,-0.01,87,695352,卖盘
11:29:03,79.92,0.0,26,207799,卖盘
11:29:05,79.92,0.0,162,1294725,卖盘
11:29:10,79.93,0.01,92,735360,卖盘
11:29:13,79.94,0.01,167,1341124,买盘
11:29:15,79.94,0.0,22,175851,买盘
11:29:19,79.93,-0.01,52,415631,卖盘
11:29:21,79.92,-0.01,147,1175003,卖盘
11:29:24,79.93,0.01,44,351672,买盘
11:29:26,79.93,0.0,32,255777,卖盘
11:29:30,79.94,0.01,38,303743,买盘
11:29:34,79.93,-0.01,51,407647,卖盘
11:29:37,79.93,0.0,22,175856,卖盘
11:29:40,79.94,0.01,13,103916,买盘
11:29:43,79.93,-0.01,241,1926468,卖盘
11:29:46,79.93,0.0,30,239813,卖盘
11:29:49,79.94,0.01,155,1238882,买盘
11:29:52,79.94,0.0,60,479640,卖盘
11:29:55,79.95,0.01,49,391715,买盘
11:29:56,79.93,-0.02,7,55955,卖盘
11:30:00,79.94,0.01,11,87935,卖盘
13:00:01,79.94,0.0,1586,12676573,卖盘
13:00:03,79.95,0.01,3094,24729738,买盘
13:00:07,79.94,-0.01,1848,14775210,卖盘
13:00:10,79.94,0.0,125,995463,卖盘
13:00:13,79.94,0.0,866,6926870,卖盘
13:00:16,79.95,0.01,60,480956,买盘
13:00:19,79.96,0.01,563,4496270,买盘
13:00:22,79.95,-0.01,54,431766,卖盘
13:00:25,79.94,-0.01,262,2099915,卖盘
13:00:28,79.94,0.0,57,455658,买盘
13:00:31,79.94,0.0,80,639516,买盘
13:00:34,79.93,-0.01,379,3021012,卖盘
13:00:37,79.94,0.01,45,359701,买盘
13:00:40,79.93,-0.01,27,215802,中性盘
13:00:43,79.93,0.0,89,711359,买盘
13:00:46,79.92,-0.01,27,215788,卖盘
13:00:49,79.92,0.0,27,215784,买盘
13:00:52,79.92,0.0,118,943035,买盘
13:00:55,79.93,0.01,17,135874,买盘
13:00:58,79.91,-0.02,92,735267,卖盘
13:01:00,79.93,0.02,14,111891,买盘
13:01:03,79.93,0.0,62,495563,买盘
13:01:07,79.93,0.0,222,1774514,卖盘
13:01:10,79.92,-0.01,103,823270,卖盘
13:01:13,79.92,0.0,41,327639,买盘
13:01:15,79.92,0.0,48,383614,买盘
13:01:18,79.91,-0.01,389,3108796,卖盘
13:01:22,79.91,0.0,320,2557217,卖盘
13:01:24,79.92,0.01,155,1238748,买盘
13:01:28,79.91,-0.01,253,2021752,卖盘
13:01:30,79.92,0.01,60,479510,卖盘
13:01:34,79.92,0.0,112,895173,卖盘
13:01:37,79.92,0.0,54,435127,卖盘
13:01:40,79.92,0.0,26,207807,卖盘
13:01:43,79.92,0.0,27,215805,卖盘
13:01:45,79.92,0.0,42,335704,卖盘
13:01:49,79.92,0.0,25,199814,卖盘
13:01:52,79.93,0.01,83,663399,买盘
13:01:55,79.92,-0.01,73,583436,卖盘
13:01:57,79.92,0.0,139,1110919,卖盘
13:02:01,79.93,0.01,31,247785,中性盘
13:02:04,79.93,0.0,35,279762,卖盘
13:02:07,79.92,-0.01,43,343682,卖盘
13:02:10,79.93,0.01,164,1310723,买盘
13:02:13,79.92,-0.01,133,1063014,卖盘
13:02:16,79.93,0.01,60,479544,买盘
13:02:19,79.92,-0.01,36,287736,卖盘
13:02:22,79.93,0.01,56,447581,买盘
13:02:25,79.92,-0.01,135,1075426,卖盘
13:02:28,79.92,0.0,190,1518430,买盘
13:02:31,79.92,0.0,100,799195,买盘
13:02:34,79.92,0.0,29,231765,买盘
13:02:37,79.92,0.0,49,391604,买盘
13:02:40,79.91,-0.01,141,1126785,卖盘
13:02:43,79.92,0.01,64,511487,买盘
13:02:46,79.92,0.0,177,1414461,买盘
13:02:49,79.92,0.0,144,1150838,买盘
13:02:52,79.92,0.0,59,471513,买盘
13:02:55,79.92,0.0,93,743197,买盘
13:02:57,79.92,0.0,194,1550281,买盘
13:03:00,79.92,0.0,68,543425,买盘
13:03:04,79.92,0.0,113,906601,买盘
13:03:07,79.92,0.0,51,407592,卖盘
13:03:10,79.93,0.01,54,431572,买盘
13:03:12,79.92,-0.01,38,303697,卖盘
13:03:15,79.93,0.01,18,143864,买盘
13:03:19,79.92,-0.01,171,1366668,卖盘
13:03:22,79.92,0.0,285,2274203,卖盘
13:03:25,79.92,0.0,34,271712,买盘
13:03:28,79.92,0.0,39,311677,买盘
13:03:30,79.91,-0.01,113,903041,卖盘
13:03:33,79.92,0.01,37,295694,买盘
13:03:37,79.92,0.0,31,247746,买盘
13:03:40,79.92,0.0,138,1106387,买盘
13:03:43,79.92,0.0,130,1038961,卖盘
13:03:46,79.92,0.0,210,1678323,卖盘
13:03:49,79.92,0.0,155,1238893,卖盘
13:03:51,79.92,0.0,58,463556,卖盘
13:03:55,79.93,0.01,67,535517,买盘
13:03:57,79.92,-0.01,61,487523,卖盘
13:04:01,79.92,0.0,64,511503,卖盘
13:04:04,79.93,0.01,97,775237,买盘
13:04:07,79.92,-0.01,103,823180,卖盘
13:04:09,79.92,0.0,40,316159,卖盘
13:04:13,79.92,0.0,643,5141927,买盘
13:04:16,79.92,0.0,8,63936,卖盘
13:04:19,79.92,0.0,6,47952,卖盘
13:04:22,79.91,-0.01,367,2930524,卖盘
13:04:25,79.91,0.0,171,1366459,买盘
13:04:28,79.91,0.0,333,2661139,买盘
13:04:31,79.91,0.0,240,1917811,买盘
13:04:34,79.92,0.01,48,385899,买盘
13:04:37,79.91,-0.01,39,311649,卖盘
13:04:40,79.91,0.0,82,655345,卖盘
13:04:43,79.92,0.01,304,2429316,买盘
13:04:45,79.91,-0.01,42,335628,卖盘
13:04:49,79.91,0.0,109,871072,卖盘
13:04:52,79.92,0.01,97,775135,买盘
13:04:54,79.91,-0.01,190,1518291,卖盘
13:04:58,79.91,0.0,95,759146,卖盘
13:05:01,79.92,0.01,200,1598403,买盘
13:05:04,79.92,0.0,25,203860,卖盘
13:05:07,79.92,0.0,141,1126872,卖盘
13:05:09,79.93,0.01,27,215805,买盘
13:05:13,79.92,-0.01,3,23978,卖盘
13:05:15,79.92,0.0,10,79920,卖盘
13:05:19,79.92,0.0,30,239763,卖盘
13:05:21,79.92,0.0,62,495539,卖盘
13:05:25,79.93,0.01,87,695353,买盘
13:05:28,79.92,-0.01,24,191813,卖盘
13:05:31,79.93,0.01,34,271755,买盘
13:05:34,79.93,0.0,87,695342,买盘
13:05:37,79.93,0.0,22,175832,买盘
13:05:39,79.93,0.0,149,1190839,买盘
13:05:43,79.93,0.0,39,311701,买盘
13:05:46,79.93,0.0,61,487573,买盘
13:05:48,79.93,0.0,78,623405,买盘
13:05:52,79.92,-0.01,455,3631936,卖盘
13:05:55,79.92,0.0,32,255744,买盘
13:05:58,79.92,0.0,105,843243,买盘
13:06:00,79.93,0.01,60,479541,买盘
13:06:03,79.93,0.0,82,655401,买盘
13:06:07,79.93,0.0,51,407603,买盘
13:06:09,79.93,0.0,227,1814399,买盘
13:06:13,79.93,0.0,35,279754,买盘
13:06:16,79.94,0.01,11,87924,买盘
13:06:19,79.93,-0.01,58,463619,卖盘
13:06:21,79.94,0.01,8,63948,买盘
13:06:24,79.93,-0.01,352,2812076,卖盘
13:06:28,79.92,-0.01,36,287731,买盘
13:06:31,79.93,0.01,252,2011420,中性盘
13:06:34,79.92,-0.01,36,287714,买盘
13:06:37,79.92,0.0,32,255755,卖盘
13:06:39,79.93,0.01,118,943112,买盘
13:06:43,79.92,-0.01,24,191811,卖盘
13:06:46,79.93,0.01,22,175831,买盘
13:06:49,79.93,0.0,155,1238782,买盘
13:06:52,79.92,-0.01,53,423604,卖盘
13:06:55,79.93,0.01,60,479537,买盘
13:06:58,79.93,0.0,26,207816,买盘
13:07:00,79.93,0.0,153,1222923,买盘
13:07:03,79.93,0.0,32,255777,卖盘
13:07:07,79.93,0.0,38,303738,卖盘
13:07:09,79.93,0.0,54,431635,卖盘
13:07:13,79.92,-0.01,46,367673,卖盘
13:07:16,79.93,0.01,27,215809,买盘
13:07:18,79.93,0.0,33,263769,买盘
13:07:22,79.93,0.0,57,455558,买盘
13:07:25,79.93,0.0,76,607423,买盘
13:07:27,79.93,0.0,109,871378,买盘
13:07:31,79.93,0.0,93,743301,卖盘
13:07:33,79.92,-0.01,276,2205949,卖盘
13:07:37,79.94,0.02,33,263766,买盘
13:07:40,79.92,-0.02,256,2046437,卖盘
13:07:43,79.95,0.03,11,87920,买盘
13:07:45,79.96,0.01,143,1143265,买盘
13:07:48,79.93,-0.03,12,95927,卖盘
13:07:51,79.95,0.02,15,119925,卖盘
13:07:55,79.96,0.01,35,279839,买盘
13:07:58,79.94,-0.02,92,735410,卖盘
13:08:01,79.93,-0.01,97,775512,卖盘
13:08:04,79.94,0.01,8,63956,买盘
13:08:07,79.94,0.0,27,215829,买盘
13:08:10,79.95,0.01,19,151877,买盘
13:08:13,79.94,-0.01,27,215858,卖盘
13:08:16,79.93,-0.01,66,527568,卖盘
13:08:19,79.94,0.01,21,167881,卖盘
13:08:22,79.94,0.0,45,359753,卖盘
13:08:24,79.94,0.0,29,231822,卖盘
13:08:28,79.94,0.0,17,135898,买盘
13:08:31,79.94,0.0,53,423673,买盘
13:08:34,79.94,0.0,16,127899,买盘
13:08:37,79.93,-0.01,127,1015224,卖盘
13:08:40,79.94,0.01,150,1199089,买盘
13:08:42,79.94,0.0,90,719408,买盘
13:08:45,79.94,0.0,230,1838548,买盘
13:08:49,79.94,0.0,13,103930,卖盘
13:08:52,79.94,0.0,26,207844,卖盘
13:08:55,79.94,0.0,28,223837,卖盘
13:08:58,79.95,0.01,28,223852,买盘
13:09:01,79.94,-0.01,37,295787,卖盘
13:09:04,79.94,0.0,48,383712,卖盘
13:09:06,79.94,0.0,58,463627,买盘
13:09:10,79.95,0.01,123,983271,买盘
13:09:13,79.93,-0.02,91,727523,卖盘
13:09:16,79.95,0.02,16,127920,买盘
13:09:19,79.94,-0.01,55,439728,卖盘
13:09:22,79.94,0.0,35,279806,卖盘
13:09:24,79.95,0.01,70,559697,中性盘
13:09:28,79.95,0.0,31,247854,卖盘
13:09:31,79.95,0.0,7,55966,卖盘
13:09:34,79.96,0.01,66,527705,买盘
13:09:37,79.96,0.0,112,895082,买盘
13:09:40,79.95,-0.01,31,248256,卖盘
13:09:42,79.95,0.0,170,1361441,买盘
13:09:46,79.95,0.0,24,191875,买盘
13:09:49,79.95,0.0,60,479694,买盘
13:09:52,79.95,0.0,35,279822,买盘
13:09:55,79.94,-0.01,33,263817,卖盘
13:09:58,79.95,0.01,107,855418,买盘
13:10:01,79.95,0.0,274,2190668,买盘
13:10:04,79.96,0.01,44,351804,中性盘
13:10:06,79.96,0.0,41,327805,买盘
13:10:09,79.96,0.0,125,999371,买盘
13:10:12,79.96,0.0,26,207899,中性盘
13:10:16,79.95,-0.01,77,615666,卖盘
13:10:19,79.96,0.01,65,519726,中性盘
13:10:22,79.95,-0.01,209,1671253,卖盘
13:10:24,79.96,0.01,51,407824,买盘
13:10:28,79.96,0.0,60,479749,卖盘
13:10:31,79.97,0.01,53,423820,买盘
13:10:34,79.96,-0.01,199,1591213,卖盘
13:10:37,79.96,0.0,63,503782,买盘
13:10:39,79.96,0.0,36,287847,买盘
13:10:42,79.94,-0.02,406,3243452,卖盘
13:10:46,79.93,-0.01,65,519606,卖盘
13:10:49,79.94,0.01,23,183853,买盘
13:10:52,79.94,0.0,97,775355,买盘
13:10:54,79.94,0.0,236,1886571,买盘
13:10:58,79.93,-0.01,53,423659,卖盘
13:11:01,79.94,0.01,200,1598640,买盘
13:11:04,79.94,0.0,74,591599,卖盘
13:11:07,79.94,0.0,36,287806,卖盘
13:11:10,79.96,0.02,134,1071444,买盘
13:11:13,79.95,-0.01,44,351761,卖盘
13:11:16,79.95,0.0,124,991273,买盘
13:11:19,79.95,0.0,92,735514,买盘
13:11:22,79.97,0.02,494,3949509,买盘
13:11:25,79.96,-0.01,12,95952,卖盘
13:11:28,79.96,0.0,40,319808,卖盘
13:11:31,79.95,-0.01,21,167905,卖盘
13:11:34,79.95,0.0,19,151919,卖盘
13:11:36,79.95,0.0,122,975398,卖盘
13:11:39,79.95,0.0,18,143917,卖盘
13:11:43,79.96,0.01,28,223872,买盘
13:11:46,79.95,-0.01,12,95948,卖盘
13:11:49,79.96,0.01,16,127936,买盘
13:11:51,79.95,-0.01,55,439766,卖盘
13:11:55,79.96,0.01,63,503743,买盘
13:11:58,79.96,0.0,23,183898,买盘
13:12:01,79.96,0.0,37,295842,买盘
13:12:04,79.96,0.0,49,391784,买盘
13:12:07,79.95,-0.01,39,311813,卖盘
13:12:09,79.96,0.01,318,2542685,买盘
13:12:13,79.96,0.0,78,626832,买盘
13:12:16,79.96,0.0,62,495742,卖盘
13:12:19,79.96,0.0,33,263861,卖盘
13:12:22,79.95,-0.01,101,807509,卖盘
13:12:25,79.97,0.02,189,1511170,买盘
13:12:27,79.96,-0.01,46,367812,中性盘
13:12:31,79.96,0.0,59,471719,买盘
13:12:34,79.96,0.0,184,1467900,买盘
13:12:37,79.94,-0.02,525,4196890,卖盘
13:12:40,79.95,0.01,128,1023325,买盘
13:12:43,79.95,0.0,34,271831,卖盘
13:12:46,79.95,0.0,69,551624,买盘
13:12:49,79.95,0.0,25,199865,买盘
13:12:52,79.95,0.0,28,223856,买盘
13:12:55,79.95,0.0,241,1926572,买盘
13:12:58,79.95,0.0,52,415898,买盘
13:13:01,79.95,0.0,50,399744,买盘
13:13:04,79.94,-0.01,141,1127162,卖盘
13:13:07,79.94,0.0,56,447661,买盘
13:13:10,79.95,0.01,131,1047214,买盘
13:13:13,79.94,-0.01,56,447643,卖盘
13:13:16,79.95,0.01,40,319763,买盘
13:13:19,79.95,0.0,46,367756,买盘
13:13:22,79.94,-0.01,19,151894,卖盘
13:13:25,79.95,0.01,19,151890,买盘
13:13:28,79.95,0.0,27,215858,买盘
13:13:31,79.95,0.0,78,623538,买盘
13:13:34,79.95,0.0,26,207869,买盘
13:13:38,79.95,0.0,48,383724,买盘
13:13:40,79.94,-0.01,48,383733,卖盘
13:13:43,79.94,0.0,80,639542,卖盘
13:13:46,79.94,0.0,83,663511,卖盘
13:13:49,79.95,0.01,9,73874,卖盘
13:13:52,79.95,0.0,132,1055283,买盘
13:13:55,79.94,-0.01,11,87936,卖盘
13:13:58,79.95,0.01,31,247816,买盘
13:14:00,79.94,-0.01,90,719470,卖盘
13:14:03,79.94,0.0,46,367738,卖盘
13:14:06,79.95,0.01,22,175873,买盘
13:14:10,79.95,0.0,138,1103191,买盘
13:14:13,79.94,-0.01,185,1477192,卖盘
13:14:15,79.94,0.0,46,367744,卖盘
13:14:19,79.94,0.0,56,447694,卖盘
13:14:22,79.94,0.0,77,615546,卖盘
13:14:25,79.94,0.0,58,463675,卖盘
13:14:28,79.94,0.0,77,615581,卖盘
13:14:31,79.94,0.0,175,1398993,卖盘
13:14:34,79.95,0.01,517,4133401,买盘
13:14:37,79.95,0.0,5,39973,买盘
13:14:40,79.94,-0.01,71,567598,卖盘
13:14:42,79.95,0.01,36,287817,买盘
13:14:46,79.95,0.0,68,543605,买盘
13:14:49,79.95,0.0,53,423703,买盘
13:14:52,79.95,0.0,145,1159208,买盘
13:14:55,79.95,0.0,28,223851,买盘
13:14:58,79.95,0.0,51,407697,买盘
13:15:00,79.94,-0.01,39,311787,卖盘
13:15:04,79.96,0.02,64,511697,买盘
13:15:07,79.95,-0.01,22,175879,买盘
13:15:10,79.95,0.0,22,175890,卖盘
13:15:13,79.94,-0.01,563,4501719,卖盘
13:15:15,79.95,0.01,32,255832,中性盘
13:15:18,79.95,0.0,33,263804,买盘
13:15:22,79.95,0.0,31,247846,买盘
13:15:25,79.95,0.0,4,31980,卖盘
13:15:28,79.96,0.01,51,407776,买盘
13:15:31,79.96,0.0,3,23988,卖盘
13:15:33,79.96,0.0,33,263868,卖盘
13:15:37,79.96,0.0,9,71964,卖盘
13:15:40,79.96,0.0,24,191899,卖盘
13:15:42,79.96,0.0,21,167896,买盘
13:15:46,79.96,0.0,11,87950,买盘
13:15:49,79.96,0.0,27,215892,买盘
13:15:53,79.95,-0.01,83,663665,卖盘
13:15:55,79.95,0.0,28,223876,卖盘
13:15:58,79.96,0.01,93,743594,买盘
13:16:00,79.95,-0.01,91,727563,卖盘
13:16:04,79.96,0.01,34,271842,买盘
13:16:06,79.96,0.0,11,87949,买盘
13:16:10,79.95,-0.01,138,1103320,卖盘
13:16:12,79.95,0.0,28,223846,买盘
13:16:16,79.94,-0.01,65,519625,卖盘
13:16:19,79.95,0.01,8,63960,买盘
13:16:22,79.95,0.0,19,151902,买盘
13:16:25,79.95,0.0,9,71954,买盘
13:16:28,79.94,-0.01,26,207868,卖盘
13:16:30,79.95,0.01,61,487654,买盘
13:16:34,79.95,0.0,34,271824,买盘
13:16:37,79.95,0.0,20,159890,买盘
13:16:40,79.95,0.0,261,2086463,买盘
13:16:43,79.94,-0.01,170,1359089,卖盘
13:16:46,79.95,0.01,4,31980,买盘
13:16:49,79.95,0.0,67,535653,买盘
13:16:52,79.94,-0.01,51,407704,卖盘
13:16:55,79.94,0.0,39,311779,卖盘
13:16:57,79.95,0.01,85,679514,买盘
13:17:00,79.94,-0.01,142,1135152,卖盘
13:17:03,79.94,0.0,31,247795,买盘
13:17:06,79.94,0.0,23,183849,买盘
13:17:09,79.94,0.0,22,175867,买盘
13:17:13,79.93,-0.01,35,279774,卖盘
13:17:15,79.93,0.0,73,583554,卖盘
13:17:19,79.94,0.01,77,615508,买盘
13:17:22,79.94,0.0,14,111916,买盘
13:17:24,79.93,-0.01,45,359697,卖盘
13:17:28,79.93,0.0,391,3125391,卖盘
13:17:31,79.93,0.0,155,1239035,卖盘
13:17:34,79.94,0.01,59,471612,买盘
13:17:36,79.93,-0.01,49,391668,卖盘
13:17:39,79.94,0.01,38,303738,买盘
13:17:43,79.94,0.0,49,391672,买盘
13:17:46,79.95,0.01,49,391707,买盘
13:17:48,79.94,-0.01,40,319769,卖盘
13:17:51,79.94,0.0,10,79940,卖盘
13:17:54,79.94,0.0,10,79945,卖盘
13:17:59,79.94,0.0,14,111921,卖盘
13:18:01,79.94,0.0,32,255811,卖盘
13:18:04,79.95,0.01,251,2006735,买盘
13:18:07,79.94,-0.01,17,135901,卖盘
13:18:09,79.94,0.0,86,687484,买盘
13:18:13,79.93,-0.01,69,551555,卖盘
13:18:16,79.94,0.01,28,223827,买盘
13:18:19,79.94,0.0,19,151886,买盘
13:18:22,79.94,0.0,95,759432,买盘
13:18:25,79.94,0.0,15,119910,卖盘
13:18:28,79.95,0.01,45,359747,买盘
13:18:30,79.93,-0.02,31,247805,卖盘
13:18:34,79.94,0.01,24,191856,买盘
13:18:37,79.94,0.0,121,967270,买盘
13:18:40,79.94,0.0,95,759429,买盘
13:18:43,79.94,0.0,25,199850,卖盘
13:18:47,79.94,0.0,19,151886,卖盘
13:18:49,79.95,0.01,29,231831,买盘
13:18:52,79.94,-0.01,23,183872,卖盘
13:18:55,79.95,0.01,169,1351155,买盘
13:18:58,79.95,0.0,12,95940,卖盘
13:19:01,79.96,0.01,89,711557,买盘
13:19:04,79.95,-0.01,33,263847,卖盘
13:19:07,79.95,0.0,12,95945,卖盘
13:19:09,79.96,0.01,75,599641,买盘
13:19:13,79.95,-0.01,58,463746,卖盘
13:19:16,79.95,0.0,29,231868,卖盘
13:19:20,79.95,0.0,54,431734,卖盘
13:19:22,79.96,0.01,166,1327313,买盘
13:19:25,79.95,-0.01,99,791514,卖盘
13:19:28,79.96,0.01,115,917541,买盘
13:19:31,79.96,0.0,32,255873,卖盘
13:19:34,79.97,0.01,93,743648,买盘
13:19:37,79.96,-0.01,12,95954,卖盘
13:19:40,79.96,0.0,52,415817,卖盘
13:19:43,79.97,0.01,76,607660,买盘
13:19:46,79.95,-0.02,217,1735141,卖盘
13:19:49,79.97,0.02,89,711653,买盘
13:19:52,79.96,-0.01,54,431788,卖盘
13:19:54,79.96,0.0,67,535770,卖盘
13:19:59,79.97,0.01,48,383839,买盘
13:20:00,79.97,0.0,507,4054913,买盘
13:20:03,79.98,0.01,75,599383,买盘
13:20:07,79.98,0.0,36,287905,卖盘
13:20:10,79.96,-0.02,99,792007,卖盘
13:20:12,79.96,0.0,33,263866,买盘
13:20:16,79.95,-0.01,90,719639,卖盘
13:20:20,79.98,0.03,44,351479,买盘
13:20:21,79.94,-0.04,914,7309282,卖盘
13:20:26,79.94,0.0,51,407694,买盘
13:20:28,79.94,0.0,21,167873,买盘
13:20:30,79.94,0.0,1918,15330240,买盘
13:20:34,79.97,0.03,24,191872,中性盘
13:20:36,79.97,0.0,8,63961,买盘
13:20:40,79.97,0.0,25,199907,买盘
13:20:43,79.93,-0.04,1064,8504189,卖盘
13:20:46,79.96,0.03,61,487726,买盘
13:20:49,79.95,-0.01,42,335745,中性盘
13:20:51,79.94,-0.01,13,103926,卖盘
13:20:55,79.96,0.02,45,358174,买盘
13:20:58,79.95,-0.01,72,575645,卖盘
13:21:01,79.95,0.0,44,351782,卖盘
13:21:04,79.95,0.0,113,903415,卖盘
13:21:06,79.94,-0.01,14,111922,卖盘
13:21:09,79.95,0.01,21,167892,买盘
13:21:12,79.95,0.0,53,423700,买盘
13:21:16,79.95,0.0,106,847409,买盘
13:21:18,79.95,0.0,85,679512,买盘
13:21:22,79.95,0.0,104,831410,买盘
13:21:24,79.94,-0.01,325,2598294,卖盘
13:21:28,79.95,0.01,8,63960,卖盘
13:21:31,79.95,0.0,261,2086698,卖盘
13:21:34,79.95,0.0,15,119935,卖盘
13:21:38,79.95,0.0,15,119925,卖盘
13:21:40,79.95,0.0,82,655602,卖盘
13:21:43,79.95,0.0,30,239851,卖盘
13:21:46,79.96,0.01,274,2190883,买盘
13:21:49,79.95,-0.01,43,343788,卖盘
13:21:51,79.97,0.02,88,703628,买盘
13:21:55,79.95,-0.02,21,167903,卖盘
13:21:58,79.96,0.01,5,39980,中性盘
13:22:01,79.97,0.01,228,1823179,买盘
13:22:04,79.96,-0.01,123,983549,卖盘
13:22:06,79.96,0.0,17,135942,卖盘
13:22:10,79.97,0.01,37,295889,买盘
13:22:12,79.96,-0.01,69,551739,卖盘
13:22:15,79.97,0.01,83,663744,买盘
13:22:19,79.97,0.0,22,175934,卖盘
13:22:21,79.97,0.0,36,287892,卖盘
13:22:24,79.98,0.01,19,151951,买盘
13:22:28,79.97,-0.01,57,455836,卖盘
13:22:31,79.98,0.01,364,2911065,买盘
13:22:34,79.98,0.0,53,421858,买盘
13:22:37,79.98,0.0,89,713772,卖盘
13:22:39,79.98,0.0,195,1559467,卖盘
13:22:43,79.98,0.0,88,703834,卖盘
13:22:46,80.0,0.02,1132,9055048,买盘
13:22:49,79.99,-0.01,59,471921,中性盘
13:22:53,79.99,0.0,199,1591807,卖盘
13:22:55,80.0,0.01,13,103999,买盘
13:22:58,79.99,-0.01,224,1791787,卖盘
13:23:01,79.99,0.0,492,3935473,卖盘
13:23:04,79.99,0.0,23,183975,买盘
13:23:07,79.98,-0.01,139,1111832,卖盘
13:23:10,79.99,0.01,96,767853,买盘
13:23:13,79.99,0.0,47,375947,买盘
13:23:17,79.98,-0.01,26,207957,卖盘
13:23:19,79.99,0.01,23,183972,买盘
13:23:21,79.98,-0.01,125,999784,卖盘
13:23:26,79.99,0.01,279,2231690,买盘
13:23:28,79.98,-0.01,268,2143465,卖盘
13:23:30,79.98,0.0,334,2671572,买盘
13:23:34,79.99,0.01,13,102618,买盘
13:23:37,79.98,-0.01,375,3000303,卖盘
13:23:40,79.98,0.0,67,534510,买盘
13:23:43,79.99,0.01,96,767831,买盘
13:23:46,79.98,-0.01,149,1193087,卖盘
13:23:50,79.98,0.0,398,3182850,买盘
13:23:52,79.98,0.0,19,151960,买盘
13:23:56,79.98,0.0,159,1271563,买盘
13:23:58,79.97,-0.01,66,527836,卖盘
13:24:02,79.98,0.01,85,678443,买盘
13:24:04,79.97,-0.01,253,2024725,卖盘
13:24:08,79.98,0.01,362,2894756,买盘
13:24:11,79.98,0.0,409,3270490,买盘
13:24:12,79.98,0.0,276,2207431,买盘
13:24:16,79.98,0.0,34,271920,买盘
13:24:20,79.97,-0.01,37,295909,卖盘
13:24:21,79.97,0.0,56,447861,卖盘
13:24:25,79.98,0.01,43,343909,买盘
13:24:28,79.98,0.0,43,343899,买盘
13:24:31,79.98,0.0,113,903681,买盘
13:24:34,79.98,0.0,111,887729,买盘
13:24:37,79.98,0.0,156,1247582,买盘
13:24:40,79.98,0.0,36,287920,买盘
13:24:43,79.97,-0.01,58,463865,卖盘
13:24:46,79.97,0.0,258,2063224,卖盘
13:24:49,79.97,0.0,45,359865,买盘
13:24:53,79.97,0.0,37,295884,买盘
13:24:55,79.97,0.0,74,591736,买盘
13:24:57,79.97,0.0,20,159934,买盘
13:25:00,79.97,0.0,26,207918,买盘
13:25:04,79.97,0.0,135,1079601,买盘
13:25:06,79.94,-0.03,2590,20708945,卖盘
13:25:10,79.94,0.0,84,671496,买盘
13:25:14,79.94,0.0,113,903311,买盘
13:25:16,79.94,0.0,133,1063506,买盘
13:25:19,79.94,0.0,137,1095565,卖盘
13:25:21,79.97,0.03,17,135916,买盘
13:25:25,79.94,-0.03,26,207859,卖盘
13:25:28,79.95,0.01,32,255874,中性盘
13:25:31,79.94,-0.01,32,255864,卖盘
13:25:33,79.94,0.0,16,127915,卖盘
13:25:37,79.95,0.01,33,263861,中性盘
13:25:41,79.95,0.0,7,55967,卖盘
13:25:44,79.95,0.0,23,183895,卖盘
13:25:47,79.96,0.01,35,279860,买盘
13:25:49,79.95,-0.01,23,183893,卖盘
13:25:53,79.95,0.0,4,31981,卖盘
13:25:54,79.95,0.0,28,223865,卖盘
13:25:58,79.96,0.01,23,183891,买盘
13:26:01,79.96,0.0,57,455763,买盘
13:26:03,79.96,0.0,64,511709,买盘
13:26:07,79.96,0.0,90,719554,买盘
13:26:11,79.95,-0.01,88,703586,卖盘
13:26:14,79.96,0.01,13,103946,买盘
13:26:15,79.96,0.0,73,583667,买盘
13:26:20,79.95,-0.01,136,1087328,卖盘
13:26:23,79.96,0.01,59,471747,买盘
13:26:24,79.95,-0.01,149,1192630,卖盘
13:26:28,79.95,0.0,27,215857,买盘
13:26:31,79.95,0.0,135,1079343,买盘
13:26:34,79.95,0.0,63,503649,买盘
13:26:37,79.95,0.0,147,1175260,买盘
13:26:41,79.94,-0.01,107,855400,卖盘
13:26:44,79.95,0.01,16,127915,买盘
13:26:47,79.95,0.0,35,279825,卖盘
13:26:50,79.95,0.0,5,39977,卖盘
13:26:53,79.96,0.01,31,247846,买盘
13:26:55,79.95,-0.01,269,2150655,卖盘
13:26:59,79.95,0.0,26,207879,卖盘
13:27:02,79.96,0.01,37,295828,买盘
13:27:03,79.95,-0.01,12,95942,中性盘
13:27:08,79.96,0.01,39,311822,买盘
13:27:10,79.95,-0.01,121,967406,卖盘
13:27:14,79.95,0.0,34,271830,买盘
13:27:17,79.95,0.0,51,407750,卖盘
13:27:20,79.95,0.0,15,119929,卖盘
13:27:22,79.96,0.01,30,239851,买盘
13:27:24,79.96,0.0,19,151915,买盘
13:27:29,79.95,-0.01,5,39978,卖盘
13:27:31,79.95,0.0,38,303829,卖盘
13:27:34,79.95,0.0,83,663620,卖盘
13:27:37,79.96,0.01,107,855489,买盘
13:27:41,79.95,-0.01,67,535700,卖盘
13:27:42,79.95,0.0,31,249604,卖盘
13:27:45,79.95,0.0,87,695571,卖盘
13:27:50,79.96,0.01,22,175896,买盘
13:27:53,79.96,0.0,58,463714,买盘
13:27:56,79.95,-0.01,213,1702982,卖盘
13:27:59,79.95,0.0,400,3198282,卖盘
13:28:00,79.95,0.0,100,799562,卖盘
