time,price,change,volume,amount,type
09:25:05,81.0,0.0,10570,85617729,卖盘
09:30:00,81.11,0.11,209,1697955,买盘
09:30:03,81.02,-0.09,2666,21598624,卖盘
09:30:06,81.06,0.04,1285,10416879,买盘
09:30:09,81.11,0.05,1179,9556069,买盘
09:30:12,81.11,0.0,186,1507660,卖盘
09:30:15,81.18,0.07,299,2426210,买盘
09:30:18,81.17,-0.01,127,1030907,卖盘
09:30:21,81.16,-0.01,305,2475694,卖盘
09:30:24,81.17,0.01,284,2305115,买盘
09:30:27,81.18,0.01,177,1436641,买盘
09:30:29,81.17,-0.01,343,2783577,卖盘
09:30:33,81.16,-0.01,311,2524110,卖盘
09:30:36,81.16,0.0,292,2371539,卖盘
09:30:39,81.17,0.01,451,3660721,买盘
09:30:41,81.15,-0.02,251,2037081,卖盘
09:30:45,81.1,-0.05,164,1330852,中性盘
09:30:48,81.15,0.05,187,1517327,买盘
09:30:51,81.1,-0.05,99,803100,卖盘
09:30:54,81.1,0.0,92,745978,买盘
09:30:57,81.13,0.03,116,940721,买盘
09:31:00,81.11,-0.02,289,2344662,中性盘
09:31:03,81.05,-0.06,228,1848828,卖盘
09:31:06,81.08,0.03,128,1037744,买盘
09:31:09,81.08,0.0,869,7041494,买盘
09:31:11,81.02,-0.06,106,858525,卖盘
09:31:15,81.02,0.0,71,575390,买盘
09:31:17,81.05,0.03,326,2642461,买盘
09:31:20,81.04,-0.01,207,1678029,卖盘
09:31:24,81.03,-0.01,129,1045273,卖盘
09:31:27,81.01,-0.02,552,4470822,卖盘
09:31:30,81.0,-0.01,1317,10666016,卖盘
09:31:32,80.98,-0.02,401,3245208,卖盘
09:31:36,80.98,0.0,53,429147,买盘
09:31:39,80.98,0.0,47,380626,买盘
09:31:41,80.98,0.0,46,372529,卖盘
09:31:45,80.98,0.0,51,413001,买盘
09:31:48,80.95,-0.03,135,1093019,卖盘
09:31:51,80.87,-0.08,179,1448030,卖盘
09:31:54,80.87,0.0,31,250856,卖盘
09:31:57,80.87,0.0,86,696206,卖盘
09:32:00,80.87,0.0,189,1528843,卖盘
09:32:03,80.86,-0.01,358,2893657,卖盘
09:32:06,80.87,0.01,343,2772374,买盘
09:32:09,80.8,-0.07,129,1043143,卖盘
09:32:11,80.79,-0.01,596,4815727,卖盘
09:32:15,80.75,-0.04,194,1567184,卖盘
09:32:18,80.78,0.03,61,492696,中性盘
09:32:20,80.72,-0.06,64,516884,卖盘
09:32:24,80.78,0.06,601,4857267,买盘
09:32:26,80.78,0.0,84,678716,卖盘
09:32:30,80.78,0.0,204,1649060,卖盘
09:32:33,80.73,-0.05,723,5838294,卖盘
09:32:35,80.87,0.14,101,815835,买盘
09:32:39,80.7,-0.17,534,4310348,卖盘
09:32:42,80.73,0.03,252,2034556,买盘
09:32:45,80.75,0.02,39,314896,中性盘
09:32:48,80.75,0.0,134,1081680,买盘
09:32:50,80.73,-0.02,81,653916,卖盘
09:32:54,80.8,0.07,150,1211371,买盘
09:32:56,80.8,0.0,80,646577,卖盘
09:33:00,80.86,0.06,42,339498,中性盘
09:33:02,80.85,-0.01,320,2588001,中性盘
09:33:06,80.91,0.06,43,347774,中性盘
09:33:09,80.98,0.07,97,789394,买盘
09:33:11,80.92,-0.06,60,485585,卖盘
09:33:15,80.98,0.06,90,728673,买盘
09:33:17,80.96,-0.02,53,429216,卖盘
09:33:21,80.98,0.02,201,1627789,卖盘
09:33:24,80.99,0.01,93,753266,中性盘
09:33:27,80.99,0.0,237,1919597,卖盘
09:33:30,81.0,0.01,206,1668563,买盘
09:33:33,81.01,0.01,442,3580599,买盘
09:33:36,81.03,0.02,308,2495272,买盘
09:33:38,81.06,0.03,235,1904210,买盘
09:33:42,81.1,0.04,98,794554,买盘
09:33:45,81.1,0.0,68,551439,买盘
09:33:48,81.11,0.01,210,1703135,买盘
09:33:51,81.12,0.01,133,1078797,买盘
09:33:54,81.16,0.04,266,2158706,买盘
09:33:56,81.19,0.03,244,1980745,买盘
09:34:00,81.2,0.01,391,3174658,买盘
09:34:03,81.2,0.0,757,6147150,卖盘
09:34:06,81.21,0.01,366,2971864,买盘
09:34:09,81.21,0.0,565,4592335,卖盘
09:34:12,81.3,0.09,71,576876,买盘
09:34:15,81.34,0.04,311,2529657,买盘
09:34:18,81.3,-0.04,267,2171852,卖盘
09:34:21,81.3,0.0,191,1553406,买盘
09:34:24,81.35,0.05,200,1627305,买盘
09:34:27,81.39,0.04,149,1212171,买盘
09:34:30,81.34,-0.05,106,862318,卖盘
09:34:33,81.39,0.05,108,878739,买盘
09:34:37,81.39,0.0,277,2255381,买盘
09:34:39,81.41,0.02,216,1754209,买盘
09:34:42,81.35,-0.06,365,2974333,卖盘
09:34:44,81.37,0.02,251,2042200,买盘
09:34:48,81.35,-0.02,102,830109,卖盘
09:34:51,81.35,0.0,597,4856368,卖盘
09:34:54,81.34,-0.01,195,1585133,卖盘
09:34:57,81.3,-0.04,477,3879106,卖盘
09:35:00,81.26,-0.04,82,666568,卖盘
09:35:03,81.3,0.04,112,905320,买盘
09:35:05,81.27,-0.03,188,1528338,中性盘
09:35:08,81.24,-0.03,93,761121,卖盘
09:35:12,81.25,0.01,65,528156,买盘
09:35:15,81.3,0.05,763,6201465,买盘
09:35:17,81.24,-0.06,144,1170029,卖盘
09:35:20,81.25,0.01,89,723095,买盘
09:35:24,81.24,-0.01,167,1356578,中性盘
09:35:27,81.25,0.01,112,910035,卖盘
09:35:29,81.25,0.0,298,2421444,卖盘
09:35:34,81.25,0.0,49,398070,买盘
09:35:36,81.24,-0.01,117,950578,卖盘
09:35:39,81.25,0.01,109,885664,买盘
09:35:42,81.25,0.0,228,1852581,卖盘
09:35:45,81.27,0.02,70,568770,中性盘
09:35:47,81.28,0.01,224,1820341,买盘
09:35:50,81.28,0.0,169,1373635,卖盘
09:35:54,81.28,0.0,172,1398175,卖盘
09:35:57,81.28,0.0,423,3438834,卖盘
09:36:00,81.26,-0.02,102,829096,卖盘
09:36:03,81.29,0.03,220,1788192,买盘
09:36:06,81.28,-0.01,144,1170488,卖盘
09:36:09,81.27,-0.01,118,959068,中性盘
09:36:12,81.26,-0.01,260,2112660,卖盘
09:36:15,81.27,0.01,124,1008152,买盘
09:36:19,81.27,0.0,155,1259620,卖盘
09:36:21,81.25,-0.02,152,1235074,卖盘
09:36:24,81.24,-0.01,114,925787,卖盘
09:36:27,81.24,0.0,259,2104334,买盘
09:36:29,81.2,-0.04,292,2371579,卖盘
09:36:33,81.19,-0.01,130,1055776,卖盘
09:36:36,81.19,0.0,208,1688976,卖盘
09:36:39,81.18,-0.01,76,617134,卖盘
09:36:42,81.17,-0.01,76,616740,卖盘
09:36:44,81.18,0.01,53,430254,中性盘
09:36:48,81.14,-0.04,175,1420130,卖盘
09:36:51,81.15,0.01,27,219149,买盘
09:36:54,81.15,0.0,19,154177,买盘
09:36:57,81.13,-0.02,430,3485968,卖盘
09:37:00,81.14,0.01,96,778961,买盘
09:37:02,81.14,0.0,288,2336605,买盘
09:37:06,81.13,-0.01,192,1557729,卖盘
09:37:09,81.13,0.0,108,876241,卖盘
09:37:12,81.14,0.01,165,1340750,买盘
09:37:15,81.14,0.0,292,2368952,买盘
09:37:18,81.13,-0.01,146,1184602,卖盘
09:37:21,81.12,-0.01,86,697704,卖盘
09:37:24,81.12,0.0,69,559732,卖盘
09:37:27,81.13,0.01,91,738225,买盘
09:37:30,81.11,-0.02,42,340646,中性盘
09:37:33,81.1,-0.01,159,1284752,卖盘
09:37:37,81.11,0.01,49,397403,买盘
09:37:39,81.11,0.0,90,729914,买盘
09:37:42,81.1,-0.01,81,662756,卖盘
09:37:45,81.1,0.0,18,145978,买盘
09:37:48,81.1,0.0,95,764601,买盘
09:37:51,81.08,-0.02,166,1346271,卖盘
09:37:54,81.1,0.02,138,1119136,中性盘
09:37:57,81.1,0.0,208,1686926,卖盘
09:38:00,81.12,0.02,97,786780,买盘
09:38:03,81.12,0.0,150,1216673,买盘
09:38:05,81.12,0.0,359,2911729,买盘
09:38:09,81.12,0.0,253,2052562,卖盘
09:38:12,81.13,0.01,348,2823545,买盘
09:38:14,81.14,0.01,247,2004077,买盘
09:38:17,81.16,0.02,192,1558139,买盘
09:38:21,81.15,-0.01,277,2248460,卖盘
09:38:23,81.2,0.05,196,1591157,买盘
09:38:27,81.17,-0.03,72,584480,卖盘
09:38:30,81.23,0.06,24,194935,买盘
09:38:33,81.23,0.0,94,763500,买盘
09:38:36,81.22,-0.01,39,316748,卖盘
09:38:38,81.22,0.0,126,1023265,买盘
09:38:42,81.22,0.0,192,1559611,买盘
09:38:45,81.22,0.0,118,958417,卖盘
09:38:48,81.24,0.02,53,430592,买盘
09:38:51,81.25,0.01,121,983063,买盘
09:38:54,81.26,0.01,303,2461833,买盘
09:38:56,81.26,0.0,80,650510,买盘
09:39:00,81.27,0.01,74,601367,买盘
09:39:03,81.28,0.01,69,560818,买盘
09:39:06,81.27,-0.01,110,894017,卖盘
09:39:08,81.28,0.01,101,820851,买盘
09:39:11,81.26,-0.02,89,723357,卖盘
09:39:15,81.27,0.01,115,934577,买盘
09:39:17,81.26,-0.01,124,1007646,卖盘
09:39:21,81.27,0.01,157,1275790,买盘
09:39:24,81.25,-0.02,90,731359,卖盘
09:39:27,81.27,0.02,398,3234284,买盘
09:39:30,81.28,0.01,312,2535845,买盘
09:39:33,81.27,-0.01,174,1414283,卖盘
09:39:36,81.28,0.01,12,97536,中性盘
09:39:40,81.29,0.01,234,1902172,买盘
09:39:41,81.29,0.0,341,2771905,卖盘
09:39:45,81.29,0.0,223,1812783,卖盘
09:39:48,81.29,0.0,91,739817,卖盘
09:39:51,81.3,0.01,386,3138114,买盘
09:39:53,81.3,0.0,388,3159136,买盘
09:39:56,81.29,-0.01,515,4180988,卖盘
09:39:59,81.29,0.0,299,2430705,卖盘
09:40:02,81.29,0.0,187,1520257,买盘
09:40:06,81.29,0.0,84,682808,买盘
09:40:08,81.29,0.0,372,3023689,买盘
09:40:12,81.28,-0.01,84,683461,卖盘
09:40:15,81.29,0.01,113,917869,买盘
09:40:18,81.28,-0.01,139,1130608,卖盘
09:40:21,81.28,0.0,170,1381713,买盘
09:40:24,81.27,-0.01,124,1007877,卖盘
09:40:26,81.28,0.01,103,837194,买盘
09:40:29,81.27,-0.01,174,1414223,卖盘
09:40:33,81.29,0.02,207,1681994,买盘
09:40:37,81.28,-0.01,174,1414346,卖盘
09:40:40,81.3,0.02,366,2980627,买盘
09:40:42,81.29,-0.01,197,1599937,卖盘
09:40:44,81.3,0.01,165,1341419,中性盘
09:40:47,81.3,0.0,49,398419,卖盘
09:40:51,81.3,0.0,57,463414,卖盘
09:40:54,81.32,0.02,604,4910677,买盘
09:40:56,81.3,-0.02,731,5942486,卖盘
09:41:00,81.33,0.03,244,1984211,买盘
09:41:03,81.34,0.01,828,6733317,买盘
09:41:06,81.33,-0.01,232,1887271,卖盘
09:41:09,81.34,0.01,47,382293,买盘
09:41:12,81.3,-0.04,269,2187352,卖盘
09:41:14,81.32,0.02,153,1244084,买盘
09:41:18,81.33,0.01,65,528554,买盘
09:41:21,81.33,0.0,210,1707630,买盘
09:41:24,81.31,-0.02,93,756300,中性盘
09:41:27,81.31,0.0,137,1114022,买盘
09:41:30,81.31,0.0,222,1805124,买盘
09:41:33,81.3,-0.01,219,1780611,卖盘
09:41:36,81.3,0.0,180,1463473,卖盘
09:41:39,81.29,-0.01,149,1211273,卖盘
09:41:42,81.3,0.01,110,894202,买盘
09:41:45,81.3,0.0,59,479606,买盘
09:41:48,81.3,0.0,52,422739,买盘
09:41:51,81.3,0.0,151,1227647,买盘
09:41:54,81.32,0.02,232,1886362,买盘
09:41:56,81.33,0.01,161,1309007,买盘
09:41:59,81.3,-0.03,240,1951168,卖盘
09:42:03,81.3,0.0,87,707338,买盘
09:42:06,81.32,0.02,272,2212087,买盘
09:42:09,81.34,0.02,386,3137850,买盘
09:42:11,81.33,-0.01,150,1220107,卖盘
09:42:15,81.37,0.04,369,3001855,买盘
09:42:19,81.37,0.0,173,1407527,买盘
09:42:21,81.35,-0.02,218,1773506,卖盘
09:42:23,81.36,0.01,125,1017066,买盘
09:42:27,81.37,0.01,140,1139093,买盘
09:42:30,81.36,-0.01,159,1291428,中性盘
09:42:33,81.37,0.01,236,1920301,买盘
09:42:36,81.38,0.01,304,2476315,买盘
09:42:38,81.38,0.0,206,1676523,卖盘
09:42:42,81.39,0.01,47,382507,买盘
09:42:46,81.39,0.0,464,3776418,买盘
09:42:48,81.4,0.01,404,3288393,买盘
09:42:51,81.4,0.0,186,1513790,买盘
09:42:55,81.39,-0.01,65,529049,卖盘
09:42:56,81.39,0.0,355,2889550,卖盘
09:43:01,81.4,0.01,56,455832,买盘
09:43:02,81.4,0.0,299,2433886,买盘
09:43:07,81.4,0.0,486,3955762,卖盘
09:43:08,81.41,0.01,246,2002451,买盘
09:43:12,81.42,0.01,70,569878,卖盘
09:43:15,81.43,0.01,80,651359,买盘
09:43:18,81.43,0.0,288,2344996,买盘
09:43:21,81.4,-0.03,368,2995668,卖盘
09:43:23,81.43,0.03,309,2519527,买盘
09:43:26,81.43,0.0,229,1864868,卖盘
09:43:30,81.43,0.0,90,732912,卖盘
09:43:33,81.44,0.01,296,2410754,买盘
09:43:36,81.44,0.0,212,1726657,卖盘
09:43:39,81.45,0.01,796,6482497,买盘
09:43:42,81.44,-0.01,269,2190639,中性盘
09:43:45,81.44,0.0,285,2318906,卖盘
09:43:49,81.43,-0.01,569,4633503,卖盘
09:43:51,81.45,0.02,375,3054066,买盘
09:43:53,81.45,0.0,553,4503970,买盘
09:43:57,81.45,0.0,152,1237969,买盘
09:44:01,81.43,-0.02,388,3159858,卖盘
09:44:02,81.45,0.02,249,2027856,买盘
09:44:06,81.45,0.0,88,716808,买盘
09:44:09,81.44,-0.01,164,1335527,买盘
09:44:13,81.44,0.0,181,1474093,卖盘
09:44:15,81.45,0.01,456,3713705,买盘
09:44:19,81.45,0.0,144,1172812,买盘
09:44:21,81.44,-0.01,182,1482252,卖盘
09:44:24,81.44,0.0,177,1441549,买盘
09:44:28,81.44,0.0,301,2451480,买盘
09:44:30,81.4,-0.04,539,4388607,卖盘
09:44:33,81.42,0.02,120,977144,中性盘
09:44:37,81.4,-0.02,215,1750754,卖盘
09:44:39,81.4,0.0,118,960923,卖盘
09:44:43,81.43,0.03,299,2434834,买盘
09:44:45,81.4,-0.03,118,960633,卖盘
09:44:48,81.4,0.0,155,1261856,卖盘
09:44:51,81.42,0.02,85,691845,买盘
09:44:54,81.41,-0.01,256,2083963,中性盘
09:44:56,81.4,-0.01,259,2108003,中性盘
09:45:00,81.4,0.0,84,683739,买盘
09:45:03,81.4,0.0,346,2816721,卖盘
09:45:05,81.42,0.02,244,1986271,买盘
09:45:09,81.4,-0.02,87,708287,卖盘
09:45:12,81.42,0.02,196,1595906,买盘
09:45:15,81.41,-0.01,240,1953988,卖盘
09:45:19,81.4,-0.01,298,2425933,卖盘
09:45:21,81.42,0.02,162,1318894,买盘
09:45:25,81.41,-0.01,677,5511435,买盘
09:45:27,81.41,0.0,242,1970063,买盘
09:45:31,81.39,-0.02,154,1253548,卖盘
09:45:32,81.4,0.01,59,480228,买盘
09:45:36,81.39,-0.01,88,716291,卖盘
09:45:38,81.38,-0.01,90,728268,卖盘
09:45:42,81.39,0.01,139,1131351,中性盘
09:45:46,81.39,0.0,164,1334653,买盘
09:45:49,81.37,-0.02,214,1745672,卖盘
09:45:52,81.38,0.01,194,1578670,买盘
09:45:54,81.37,-0.01,36,292924,中性盘
09:45:58,81.36,-0.01,135,1098410,卖盘
09:46:00,81.36,0.0,119,968227,卖盘
09:46:03,81.34,-0.02,112,911187,卖盘
09:46:05,81.34,0.0,23,187100,卖盘
09:46:08,81.34,0.0,32,260300,卖盘
09:46:12,81.34,0.0,324,2635392,卖盘
09:46:16,81.33,-0.01,62,504258,卖盘
09:46:18,81.33,0.0,99,805223,卖盘
09:46:21,81.33,0.0,109,886587,卖盘
09:46:24,81.33,0.0,196,1594169,卖盘
09:46:27,81.34,0.01,361,2936081,买盘
09:46:31,81.32,-0.02,91,740065,卖盘
09:46:32,81.33,0.01,192,1561441,买盘
09:46:35,81.32,-0.01,103,837644,卖盘
09:46:40,81.32,0.0,217,1764783,卖盘
09:46:43,81.31,-0.01,116,945008,卖盘
09:46:45,81.32,0.01,16,130099,买盘
09:46:48,81.32,0.0,22,178890,买盘
09:46:51,81.32,0.0,148,1203344,买盘
09:46:54,81.31,-0.01,50,406575,卖盘
09:46:57,81.31,0.0,40,325221,买盘
09:47:01,81.31,0.0,120,971493,买盘
09:47:03,81.3,-0.01,173,1410732,卖盘
09:47:06,81.29,-0.01,58,471533,卖盘
09:47:08,81.29,0.0,305,2479374,卖盘
09:47:11,81.27,-0.02,98,796668,卖盘
09:47:14,81.29,0.02,106,861692,买盘
09:47:17,81.31,0.02,1095,8897863,买盘
09:47:21,81.33,0.02,744,6047803,买盘
09:47:24,81.33,0.0,106,866076,卖盘
09:47:27,81.3,-0.03,562,4569399,卖盘
09:47:30,81.31,0.01,48,390262,买盘
09:47:32,81.3,-0.01,521,4235804,卖盘
09:47:35,81.3,0.0,158,1284688,买盘
09:47:38,81.3,0.0,255,2073152,中性盘
09:47:42,81.33,0.03,814,6619457,买盘
09:47:45,81.3,-0.03,1104,8976415,卖盘
09:47:48,81.35,0.05,238,1935431,买盘
09:47:50,81.35,0.0,39,317279,卖盘
09:47:55,81.36,0.01,84,683373,买盘
09:47:57,81.37,0.01,450,3661381,买盘
09:48:00,81.35,-0.02,604,4915358,卖盘
09:48:03,81.41,0.06,841,6845633,买盘
09:48:06,81.42,0.01,86,700176,买盘
09:48:09,81.41,-0.01,120,977008,买盘
09:48:12,81.42,0.01,76,618863,买盘
09:48:15,81.43,0.01,240,1954315,买盘
09:48:19,81.43,0.0,351,2858178,买盘
09:48:21,81.42,-0.01,466,3794186,卖盘
09:48:24,81.42,0.0,150,1221295,买盘
09:48:26,81.42,0.0,285,2320591,买盘
09:48:30,81.43,0.01,399,3248815,买盘
09:48:32,81.43,0.0,127,1030930,卖盘
09:48:36,81.4,-0.03,1113,9064391,卖盘
09:48:38,81.43,0.03,1140,9284598,买盘
09:48:42,81.43,0.0,385,3135217,买盘
09:48:45,81.46,0.03,22,179191,买盘
09:48:49,81.43,-0.03,164,1335666,卖盘
09:48:52,81.4,-0.03,267,2173542,卖盘
09:48:54,81.42,0.02,313,2547912,买盘
09:48:57,81.42,0.0,4,32566,买盘
09:49:00,81.42,0.0,38,309384,买盘
09:49:04,81.44,0.02,403,3282246,买盘
09:49:06,81.46,0.02,276,2247988,买盘
09:49:10,81.45,-0.01,43,350235,卖盘
09:49:13,81.45,0.0,247,2011808,卖盘
09:49:15,81.45,0.0,171,1392770,买盘
09:49:19,81.45,0.0,81,659717,买盘
09:49:21,81.45,0.0,287,2337593,买盘
09:49:24,81.44,-0.01,171,1393856,卖盘
09:49:27,81.45,0.01,162,1318274,买盘
09:49:30,81.43,-0.02,148,1205371,卖盘
09:49:32,81.43,0.0,135,1099491,卖盘
09:49:36,81.44,0.01,117,952921,买盘
09:49:38,81.44,0.0,213,1737666,卖盘
09:49:42,81.44,0.0,33,268751,买盘
09:49:45,81.43,-0.01,74,602664,卖盘
09:49:48,81.44,0.01,62,504944,中性盘
09:49:51,81.44,0.0,223,1816192,卖盘
09:49:55,81.45,0.01,1038,8447563,买盘
09:49:57,81.45,0.0,319,2598487,卖盘
09:50:01,81.45,0.0,158,1291269,卖盘
09:50:03,81.47,0.02,262,2134446,买盘
09:50:07,81.47,0.0,340,2769607,买盘
09:50:08,81.47,0.0,356,2900657,卖盘
09:50:13,81.49,0.02,548,4465226,买盘
09:50:15,81.47,-0.02,129,1051180,卖盘
09:50:18,81.49,0.02,218,1776432,买盘
09:50:22,81.48,-0.01,331,2697284,卖盘
09:50:24,81.5,0.02,1265,10309133,买盘
09:50:27,81.5,0.0,1167,9510981,买盘
09:50:30,81.5,0.0,1191,9706628,买盘
09:50:33,81.51,0.01,278,2262434,买盘
09:50:36,81.51,0.0,88,717263,买盘
09:50:40,81.53,0.02,130,1059763,买盘
09:50:41,81.52,-0.01,140,1141351,卖盘
09:50:45,81.54,0.02,522,4256815,买盘
09:50:48,81.55,0.01,95,774718,买盘
09:50:50,81.55,0.0,76,619819,卖盘
09:50:54,81.57,0.02,307,2504168,买盘
09:50:58,81.58,0.01,157,1280712,买盘
09:51:00,81.59,0.01,245,1998768,买盘
09:51:04,81.59,0.0,303,2472064,买盘
09:51:05,81.58,-0.01,312,2545502,卖盘
09:51:08,81.58,0.0,200,1631740,卖盘
09:51:11,81.58,0.0,136,1109557,卖盘
09:51:14,81.59,0.01,118,962741,买盘
09:51:18,81.58,-0.01,211,1721483,卖盘
09:51:22,81.59,0.01,199,1623551,买盘
09:51:25,81.59,0.0,49,399781,买盘
09:51:27,81.6,0.01,103,840392,买盘
09:51:30,81.6,0.0,218,1778689,买盘
09:51:32,81.6,0.0,108,881212,买盘
09:51:37,81.6,0.0,438,3574046,买盘
09:51:40,81.6,0.0,198,1615637,买盘
09:51:42,81.62,0.02,350,2856121,买盘
09:51:45,81.62,0.0,15,122402,买盘
09:51:48,81.6,-0.02,181,1477177,卖盘
09:51:51,81.62,0.02,144,1175313,中性盘
09:51:53,81.62,0.0,82,669337,卖盘
09:51:57,81.63,0.01,128,1044937,买盘
09:52:01,81.63,0.0,185,1510267,卖盘
09:52:03,81.65,0.02,284,2323697,买盘
09:52:06,81.64,-0.01,144,1173795,卖盘
09:52:09,81.65,0.01,175,1428839,中性盘
09:52:12,81.64,-0.01,164,1339145,卖盘
09:52:14,81.64,0.0,204,1665751,买盘
09:52:18,81.64,0.0,59,481702,卖盘
09:52:21,81.64,0.0,270,2204518,卖盘
09:52:25,81.64,0.0,166,1355281,卖盘
09:52:27,81.64,0.0,144,1175707,卖盘
09:52:31,81.65,0.01,146,1192002,买盘
09:52:33,81.65,0.0,278,2269873,卖盘
09:52:36,81.64,-0.01,298,2432909,卖盘
09:52:38,81.64,0.0,108,881645,买盘
09:52:42,81.61,-0.03,911,7432443,卖盘
09:52:45,81.61,0.0,460,3753771,买盘
09:52:48,81.59,-0.02,371,3027187,卖盘
09:52:51,81.59,0.0,159,1297305,卖盘
09:52:54,81.57,-0.02,189,1541901,卖盘
09:52:57,81.56,-0.01,90,734157,卖盘
09:53:01,81.58,0.02,155,1270215,买盘
09:53:03,81.54,-0.04,77,621892,卖盘
09:53:07,81.53,-0.01,41,334304,卖盘
09:53:09,81.54,0.01,71,578717,买盘
09:53:12,81.53,-0.01,9,73378,卖盘
09:53:16,81.53,0.0,58,472787,买盘
09:53:19,81.53,0.0,60,489150,买盘
09:53:22,81.52,-0.01,198,1618777,卖盘
09:53:24,81.51,-0.01,145,1181970,卖盘
09:53:27,81.51,0.0,741,6039508,卖盘
09:53:31,81.5,-0.01,115,937429,卖盘
09:53:32,81.5,0.0,125,1018777,卖盘
09:53:37,81.49,-0.01,1205,9819204,卖盘
09:53:40,81.5,0.01,314,2558996,买盘
09:53:42,81.5,0.0,177,1442258,买盘
09:53:45,81.47,-0.03,109,888033,卖盘
09:53:49,81.48,0.01,171,1393250,买盘
09:53:51,81.47,-0.01,36,293300,卖盘
09:53:54,81.47,0.0,242,1969415,卖盘
09:53:57,81.47,0.0,441,3592955,卖盘
09:54:00,81.46,-0.01,191,1558413,卖盘
09:54:03,81.47,0.01,474,3860837,买盘
09:54:07,81.44,-0.03,76,619034,卖盘
09:54:10,81.45,0.01,47,382785,买盘
09:54:13,81.47,0.02,68,553895,买盘
09:54:16,81.47,0.0,64,521307,买盘
09:54:19,81.47,0.0,627,5107632,买盘
09:54:21,81.47,0.0,174,1417659,买盘
09:54:24,81.45,-0.02,611,4978069,卖盘
09:54:27,81.48,0.03,129,1050986,买盘
09:54:30,81.48,0.0,364,2961655,买盘
09:54:32,81.47,-0.01,135,1100083,买盘
09:54:35,81.49,0.02,231,1882563,中性盘
09:54:40,81.51,0.02,261,2127134,买盘
09:54:43,81.52,0.01,274,2233561,买盘
09:54:46,81.52,0.0,74,603252,买盘
09:54:49,81.53,0.01,313,2551851,买盘
09:54:51,81.51,-0.02,725,5909635,卖盘
09:54:53,81.5,-0.01,701,5713537,卖盘
09:54:57,81.49,-0.01,514,4189180,卖盘
09:54:59,81.51,0.02,55,448258,买盘
09:55:03,81.51,0.0,582,4743459,卖盘
09:55:06,81.54,0.03,353,2878068,买盘
09:55:08,81.57,0.03,234,1908490,买盘
09:55:13,81.58,0.01,132,1076557,买盘
09:55:15,81.57,-0.01,168,1370594,中性盘
09:55:19,81.55,-0.02,167,1362067,卖盘
09:55:21,81.59,0.04,164,1338028,买盘
09:55:24,81.58,-0.01,270,2202720,中性盘
09:55:28,81.58,0.0,435,3549465,买盘
09:55:29,81.58,0.0,193,1574457,买盘
09:55:33,81.57,-0.01,218,1778515,卖盘
09:55:37,81.6,0.03,215,1754348,买盘
09:55:39,81.59,-0.01,28,228448,卖盘
09:55:43,81.58,-0.01,111,905614,卖盘
09:55:45,81.59,0.01,85,693485,买盘
09:55:49,81.58,-0.01,89,726120,卖盘
09:55:52,81.59,0.01,52,424252,买盘
09:55:55,81.59,0.0,82,669053,买盘
09:55:56,81.59,0.0,161,1313697,卖盘
09:56:00,81.6,0.01,175,1427914,买盘
09:56:03,81.59,-0.01,159,1297355,卖盘
09:56:05,81.6,0.01,235,1917687,买盘
09:56:08,81.6,0.0,107,873134,卖盘
09:56:13,81.6,0.0,221,1803413,卖盘
09:56:16,81.61,0.01,100,816064,买盘
09:56:19,81.61,0.0,114,930267,买盘
09:56:21,81.6,-0.01,163,1330129,卖盘
09:56:24,81.61,0.01,104,848650,买盘
09:56:27,81.6,-0.01,54,440640,卖盘
09:56:30,81.59,-0.01,63,514046,卖盘
09:56:32,81.6,0.01,50,407995,买盘
09:56:37,81.6,0.0,180,1468698,买盘
09:56:40,81.57,-0.03,387,3157315,卖盘
09:56:43,81.57,0.0,58,473086,买盘
09:56:46,81.57,0.0,101,823784,买盘
09:56:49,81.57,0.0,81,660596,买盘
09:56:51,81.55,-0.02,20,163119,卖盘
09:56:54,81.56,0.01,80,651902,买盘
09:56:58,81.54,-0.02,644,5251624,卖盘
09:57:00,81.55,0.01,133,1084573,买盘
09:57:04,81.55,0.0,38,313953,买盘
09:57:06,81.54,-0.01,144,1174125,卖盘
09:57:10,81.55,0.01,223,1818163,买盘
09:57:11,81.53,-0.02,120,974098,买盘
09:57:16,81.52,-0.01,262,2136046,卖盘
09:57:17,81.53,0.01,76,619585,买盘
09:57:21,81.51,-0.02,285,2323478,卖盘
09:57:25,81.5,-0.01,430,3504682,卖盘
09:57:27,81.49,-0.01,430,3504605,卖盘
09:57:30,81.5,0.01,201,1638138,买盘
09:57:34,81.49,-0.01,186,1515884,卖盘
09:57:35,81.49,0.0,243,1980280,卖盘
09:57:38,81.5,0.01,282,2298321,买盘
09:57:42,81.49,-0.01,248,2021723,卖盘
09:57:45,81.5,0.01,172,1401800,卖盘
09:57:49,81.5,0.0,600,4890094,卖盘
09:57:51,81.5,0.0,82,668319,卖盘
09:57:55,81.51,0.01,196,1597535,买盘
09:57:58,81.5,-0.01,563,4588553,卖盘
09:58:01,81.49,-0.01,293,2387691,卖盘
09:58:04,81.49,0.0,57,464543,卖盘
09:58:07,81.48,-0.01,296,2411662,卖盘
09:58:08,81.49,0.01,213,1735736,买盘
09:58:13,81.45,-0.04,1352,11012789,卖盘
09:58:16,81.44,-0.01,111,904075,卖盘
09:58:19,81.45,0.01,255,2076937,买盘
09:58:20,81.43,-0.02,219,1783445,卖盘
09:58:25,81.42,-0.01,256,2089872,卖盘
09:58:27,81.45,0.03,268,2177544,买盘
09:58:31,81.42,-0.03,132,1075103,卖盘
09:58:33,81.44,0.02,44,358358,中性盘
09:58:36,81.44,0.0,78,636329,卖盘
09:58:40,81.45,0.01,226,1840744,买盘
09:58:42,81.44,-0.01,29,236158,买盘
09:58:45,81.42,-0.02,573,4670570,卖盘
09:58:49,81.43,0.01,112,911875,买盘
09:58:51,81.42,-0.01,245,1990965,卖盘
09:58:53,81.45,0.03,71,577124,中性盘
09:58:58,81.45,0.0,137,1117043,卖盘
09:59:01,81.45,0.0,51,415397,卖盘
09:59:02,81.45,0.0,57,463144,卖盘
09:59:07,81.45,0.0,39,317653,买盘
09:59:10,81.43,-0.02,87,708564,卖盘
09:59:11,81.45,0.02,58,472378,买盘
09:59:16,81.45,0.0,140,1141476,买盘
09:59:17,81.45,0.0,58,472465,卖盘
09:59:21,81.45,0.0,288,2346340,卖盘
09:59:24,81.45,0.0,234,1905968,卖盘
09:59:27,81.46,0.01,332,2705305,中性盘
09:59:31,81.47,0.01,21,171076,卖盘
09:59:33,81.45,-0.02,505,4113123,卖盘
09:59:37,81.45,0.0,244,1987366,买盘
09:59:40,81.44,-0.01,93,757436,卖盘
09:59:43,81.45,0.01,233,1903908,买盘
09:59:46,81.47,0.02,2,16294,中性盘
09:59:49,81.48,0.01,228,1858125,买盘
09:59:52,81.47,-0.01,88,716939,卖盘
09:59:55,81.47,0.0,54,439936,卖盘
09:59:57,81.46,-0.01,109,888175,卖盘
09:59:59,81.49,0.03,38,309623,买盘
10:00:04,81.5,0.01,232,1886087,买盘
10:00:07,81.5,0.0,95,774268,卖盘
10:00:10,81.51,0.01,23,187455,买盘
10:00:13,81.51,0.0,83,676519,买盘
10:00:16,81.51,0.0,31,252676,卖盘
10:00:17,81.51,0.0,8,65213,卖盘
10:00:21,81.51,0.0,56,456483,卖盘
10:00:23,81.51,0.0,12,97812,卖盘
10:00:28,81.51,0.0,96,782648,卖盘
10:00:30,81.52,0.01,110,896751,买盘
10:00:34,81.5,-0.02,943,7690838,卖盘
10:00:37,81.5,0.0,32,260797,买盘
10:00:40,81.49,-0.01,13,105949,卖盘
10:00:43,81.5,0.01,160,1301238,买盘
10:00:46,81.49,-0.01,89,725307,中性盘
10:00:47,81.49,0.0,18,146675,买盘
10:00:51,81.47,-0.02,154,1257278,卖盘
10:00:53,81.46,-0.01,63,513210,卖盘
10:00:56,81.46,0.0,581,4732434,卖盘
10:01:01,81.45,-0.01,23,187346,中性盘
10:01:04,81.45,0.0,125,1018064,买盘
10:01:07,81.43,-0.02,120,977217,卖盘
10:01:10,81.43,0.0,79,643319,买盘
10:01:13,81.42,-0.01,393,3199959,卖盘
10:01:16,81.41,-0.01,31,252389,卖盘
10:01:19,81.4,-0.01,390,3171709,卖盘
10:01:22,81.39,-0.01,287,2336161,卖盘
10:01:25,81.39,0.0,25,203498,卖盘
10:01:28,81.38,-0.01,231,1880279,卖盘
10:01:30,81.39,0.01,66,537127,买盘
10:01:34,81.37,-0.02,138,1123218,卖盘
10:01:36,81.37,0.0,57,463830,卖盘
10:01:38,81.37,0.0,25,203446,卖盘
10:01:42,81.37,0.0,74,602164,卖盘
10:01:45,81.37,0.0,45,366164,买盘
10:01:47,81.36,-0.01,65,529579,卖盘
10:01:52,81.35,-0.01,44,357247,卖盘
10:01:55,81.36,0.01,35,284760,买盘
10:01:58,81.35,-0.01,195,1586323,卖盘
10:02:01,81.33,-0.02,51,414835,卖盘
10:02:04,81.35,0.02,61,496212,买盘
10:02:07,81.32,-0.03,256,2081808,卖盘
10:02:10,81.32,0.0,89,723747,买盘
10:02:13,81.32,0.0,220,1788948,买盘
10:02:16,81.3,-0.02,96,780501,卖盘
10:02:19,81.31,0.01,15,121972,买盘
10:02:22,81.3,-0.01,276,2247003,卖盘
10:02:25,81.31,0.01,102,829293,买盘
10:02:28,81.31,0.0,644,5235787,卖盘
10:02:31,81.31,0.0,84,683028,卖盘
10:02:34,81.31,0.0,207,1683180,卖盘
10:02:36,81.31,0.0,406,3301261,卖盘
10:02:40,81.3,-0.01,44,357746,卖盘
10:02:43,81.32,0.02,92,748103,买盘
10:02:46,81.33,0.01,169,1374441,买盘
10:02:48,81.33,0.0,56,455369,卖盘
10:02:51,81.32,-0.01,207,1683579,中性盘
10:02:55,81.33,0.01,1039,8448097,买盘
10:02:58,81.32,-0.01,85,691364,中性盘
10:03:01,81.32,0.0,31,252065,买盘
10:03:04,81.33,0.01,237,1927427,买盘
10:03:06,81.33,0.0,32,260271,卖盘
10:03:10,81.35,0.02,298,2423987,买盘
10:03:11,81.31,-0.04,382,3107251,卖盘
10:03:15,81.35,0.04,10,81350,买盘
10:03:19,81.35,0.0,85,691479,卖盘
10:03:22,81.37,0.02,360,2929208,买盘
10:03:25,81.35,-0.02,41,333571,卖盘
10:03:27,81.36,0.01,80,650815,买盘
10:03:31,81.36,0.0,235,1912024,卖盘
10:03:34,81.36,0.0,58,471927,卖盘
10:03:37,81.37,0.01,86,699730,买盘
10:03:40,81.37,0.0,7,56964,卖盘
10:03:43,81.38,0.01,19,154622,买盘
10:03:45,81.38,0.0,95,773198,卖盘
10:03:49,81.42,0.04,11,89543,买盘
10:03:52,81.4,-0.02,62,504623,卖盘
10:03:53,81.42,0.02,23,187257,买盘
10:03:58,81.4,-0.02,207,1685236,卖盘
10:04:00,81.42,0.02,107,871142,买盘
10:04:04,81.4,-0.02,71,572838,卖盘
10:04:07,81.43,0.03,122,993445,买盘
10:04:10,81.44,0.01,25,203576,买盘
10:04:13,81.43,-0.01,49,399041,卖盘
10:04:16,81.43,0.0,263,2141651,卖盘
10:04:19,81.42,-0.01,333,2711276,卖盘
10:04:22,81.4,-0.02,288,2346016,卖盘
10:04:25,81.38,-0.02,210,1713262,卖盘
10:04:28,81.38,0.0,81,659185,卖盘
10:04:31,81.38,0.0,123,1000946,买盘
10:04:32,81.38,0.0,204,1660000,买盘
10:04:36,81.38,0.0,92,748686,卖盘
10:04:40,81.37,-0.01,32,260384,卖盘
10:04:43,81.38,0.01,78,634668,买盘
10:04:46,81.36,-0.02,73,593968,卖盘
10:04:49,81.37,0.01,49,398711,买盘
10:04:52,81.38,0.01,149,1212547,买盘
10:04:53,81.37,-0.01,149,1212409,卖盘
10:04:58,81.38,0.01,160,1302018,买盘
10:05:00,81.38,0.0,238,1936757,买盘
10:05:04,81.38,0.0,150,1220640,买盘
10:05:07,81.36,-0.02,61,496360,卖盘
10:05:10,81.36,0.0,192,1562201,卖盘
10:05:13,81.38,0.02,96,781191,买盘
10:05:16,81.36,-0.02,740,6020839,卖盘
10:05:19,81.38,0.02,281,2286971,中性盘
10:05:22,81.39,0.01,163,1326465,中性盘
10:05:25,81.36,-0.03,69,561532,中性盘
10:05:28,81.38,0.02,82,667253,买盘
10:05:31,81.39,0.01,55,447586,买盘
10:05:34,81.4,0.01,29,236037,买盘
10:05:37,81.4,0.0,62,504649,买盘
10:05:40,81.4,0.0,881,7166533,买盘
10:05:42,81.43,0.03,147,1196679,买盘
10:05:45,81.43,0.0,108,879314,买盘
10:05:47,81.43,0.0,169,1375941,买盘
10:05:52,81.44,0.01,533,4340520,买盘
10:05:55,81.45,0.01,122,993609,买盘
10:05:58,81.45,0.0,144,1172730,买盘
10:06:01,81.47,0.02,461,3754883,买盘
10:06:03,81.47,0.0,76,619098,买盘
10:06:06,81.45,-0.02,213,1735320,卖盘
10:06:10,81.48,0.03,70,570173,买盘
10:06:13,81.45,-0.03,192,1563903,卖盘
10:06:15,81.5,0.05,127,1034754,买盘
10:06:17,81.47,-0.03,119,969708,卖盘
10:06:21,81.47,0.0,71,578546,卖盘
10:06:25,81.45,-0.02,61,496909,卖盘
10:06:27,81.45,0.0,21,171084,卖盘
10:06:31,81.49,0.04,56,456272,买盘
10:06:34,81.48,-0.01,26,211855,卖盘
10:06:37,81.48,0.0,14,114072,卖盘
10:06:38,81.49,0.01,119,973560,买盘
10:06:43,81.48,-0.01,37,301494,卖盘
10:06:46,81.48,0.0,146,1189695,卖盘
10:06:47,81.5,0.02,47,383010,买盘
10:06:52,81.49,-0.01,34,277089,卖盘
10:06:55,81.5,0.01,162,1320226,买盘
10:06:58,81.5,0.0,163,1328427,买盘
10:07:01,81.5,0.0,137,1111930,买盘
10:07:05,81.49,-0.01,248,2021163,卖盘
10:07:07,81.5,0.01,728,5932697,买盘
10:07:10,81.5,0.0,68,554200,卖盘
10:07:13,81.5,0.0,507,4131451,卖盘
10:07:16,81.5,0.0,32,260785,买盘
10:07:19,81.5,0.0,47,383035,买盘
10:07:22,81.47,-0.03,158,1287493,卖盘
10:07:25,81.49,0.02,104,847302,买盘
10:07:27,81.46,-0.03,179,1458406,卖盘
10:07:31,81.47,0.01,583,4748845,买盘
10:07:34,81.46,-0.01,46,374772,中性盘
10:07:36,81.47,0.01,56,456280,买盘
10:07:40,81.49,0.02,163,1327687,买盘
10:07:43,81.47,-0.02,21,171087,卖盘
10:07:46,81.45,-0.02,85,693632,卖盘
10:07:49,81.45,0.0,8,65160,买盘
10:07:52,81.45,0.0,12,97740,买盘
10:07:53,81.44,-0.01,46,375772,卖盘
10:07:58,81.44,0.0,141,1147239,卖盘
10:08:02,81.44,0.0,66,538673,买盘
10:08:02,81.44,0.0,165,1343828,卖盘
10:08:07,81.44,0.0,79,643383,卖盘
10:08:10,81.44,0.0,61,496801,卖盘
10:08:13,81.45,0.01,278,2264147,买盘
10:08:16,81.45,0.0,229,1865177,买盘
10:08:19,81.44,-0.01,53,431586,中性盘
10:08:21,81.43,-0.01,45,366482,卖盘
10:08:23,81.45,0.02,45,366496,买盘
10:08:27,81.46,0.01,550,4479760,买盘
10:08:31,81.45,-0.01,30,244353,中性盘
10:08:33,81.45,0.0,111,903982,卖盘
10:08:37,81.45,0.0,59,480559,卖盘
10:08:40,81.46,0.01,83,676071,买盘
10:08:43,81.45,-0.01,171,1392862,卖盘
10:08:46,81.45,0.0,124,1009931,买盘
10:08:49,81.44,-0.01,42,342088,中性盘
10:08:52,81.43,-0.01,63,513017,卖盘
10:08:53,81.43,0.0,134,1092917,卖盘
10:08:58,81.45,0.02,131,1065122,买盘
10:09:01,81.45,0.0,120,977370,买盘
10:09:03,81.45,0.0,97,789974,买盘
10:09:07,81.45,0.0,105,855127,买盘
10:09:10,81.45,0.0,299,2437056,买盘
10:09:11,81.46,0.01,129,1050720,买盘
10:09:15,81.45,-0.01,97,790086,卖盘
10:09:18,81.45,0.0,104,847129,卖盘
10:09:21,81.46,0.01,349,2842868,中性盘
10:09:25,81.48,0.02,26,211819,买盘
10:09:27,81.48,0.0,92,749427,买盘
10:09:31,81.45,-0.03,99,806537,卖盘
10:09:33,81.45,0.0,45,366565,卖盘
10:09:37,81.49,0.04,588,4789444,买盘
10:09:40,81.49,0.0,276,2248145,买盘
10:09:42,81.48,-0.01,266,2167366,买盘
10:09:46,81.49,0.01,174,1417899,买盘
10:09:47,81.48,-0.01,108,879906,买盘
10:09:52,81.5,0.02,210,1711282,买盘
10:09:55,81.5,0.0,498,4059679,买盘
10:09:57,81.5,0.0,108,880218,卖盘
10:09:59,81.5,0.0,150,1222569,卖盘
10:10:02,81.5,0.0,143,1165478,卖盘
10:10:06,81.51,0.01,51,415675,中性盘
10:10:10,81.5,-0.01,64,521614,卖盘
10:10:11,81.5,0.0,653,5320950,卖盘
10:10:16,81.5,0.0,63,513447,买盘
10:10:18,81.49,-0.01,29,236326,卖盘
10:10:21,81.49,0.0,183,1487054,卖盘
10:10:23,81.49,0.0,49,399295,买盘
10:10:28,81.49,0.0,221,1800959,买盘
10:10:30,81.48,-0.01,543,4425403,卖盘
10:10:34,81.48,0.0,139,1135687,买盘
10:10:36,81.47,-0.01,95,770951,卖盘
10:10:40,81.47,0.0,14,114075,卖盘
10:10:42,81.48,0.01,40,325901,买盘
10:10:45,81.48,0.0,92,749533,买盘
10:10:49,81.48,0.0,123,1002189,买盘
10:10:51,81.5,0.02,103,842389,买盘
10:10:54,81.5,0.0,25,203750,卖盘
10:10:57,81.5,0.0,749,6101334,卖盘
10:11:01,81.48,-0.02,109,888107,卖盘
10:11:02,81.5,0.02,93,757840,买盘
10:11:07,81.46,-0.04,161,1311753,卖盘
10:11:09,81.49,0.03,6,48892,买盘
10:11:11,81.49,0.0,33,268909,买盘
10:11:15,81.48,-0.01,2721,22168464,卖盘
10:11:19,81.49,0.01,151,1230456,买盘
10:11:22,81.5,0.01,108,880073,买盘
10:11:25,81.49,-0.01,63,513390,卖盘
10:11:28,81.48,-0.01,453,3690619,卖盘
10:11:31,81.49,0.01,117,953427,买盘
10:11:32,81.48,-0.01,127,1034914,卖盘
10:11:37,81.49,0.01,445,3625218,买盘
10:11:40,81.49,0.0,76,619379,卖盘
10:11:42,81.5,0.01,112,912754,买盘
10:11:46,81.49,-0.01,134,1092003,卖盘
10:11:48,81.49,0.0,216,1760269,卖盘
10:11:51,81.5,0.01,173,1413009,买盘
10:11:54,81.5,0.0,85,692786,卖盘
10:11:57,81.5,0.0,79,643880,卖盘
10:12:00,81.5,0.0,144,1173686,卖盘
10:12:04,81.5,0.0,99,806858,卖盘
10:12:07,81.5,0.0,169,1374325,卖盘
10:12:10,81.5,0.0,42,342300,买盘
10:12:12,81.5,0.0,54,440066,买盘
10:12:15,81.5,0.0,130,1059397,买盘
10:12:18,81.5,0.0,92,749750,买盘
10:12:22,81.49,-0.01,75,611177,卖盘
10:12:24,81.49,0.0,51,415614,买盘
10:12:28,81.5,0.01,52,423713,买盘
10:12:31,81.5,0.0,20,162982,买盘
10:12:34,81.47,-0.03,2230,18165005,卖盘
10:12:37,81.48,0.01,113,920935,中性盘
10:12:39,81.5,0.02,120,980961,买盘
10:12:43,81.5,0.0,284,2313735,卖盘
10:12:45,81.5,0.0,70,570516,买盘
10:12:48,81.47,-0.03,43,350428,卖盘
10:12:51,81.47,0.0,35,285152,卖盘
10:12:55,81.5,0.03,120,977782,买盘
10:12:56,81.47,-0.03,47,382975,卖盘
10:13:00,81.49,0.02,77,621246,买盘
10:13:04,81.49,0.0,64,521566,卖盘
10:13:06,81.49,0.0,142,1157157,卖盘
10:13:10,81.5,0.01,151,1230596,买盘
10:13:13,81.5,0.0,55,448245,卖盘
10:13:15,81.5,0.0,54,440091,买盘
10:13:18,81.5,0.0,59,480828,卖盘
10:13:21,81.48,-0.02,32,260798,卖盘
10:13:23,81.5,0.02,79,643749,买盘
10:13:27,81.5,0.0,10,81497,买盘
10:13:31,81.49,-0.01,532,4334277,卖盘
10:13:34,81.5,0.01,113,920826,买盘
10:13:37,81.49,-0.01,131,1067386,卖盘
10:13:39,81.49,0.0,82,672755,买盘
10:13:42,81.5,0.01,98,798587,买盘
10:13:46,81.49,-0.01,29,236323,中性盘
10:13:49,81.48,-0.01,19,154823,卖盘
10:13:51,81.48,0.0,154,1254819,卖盘
10:13:55,81.48,0.0,46,374840,买盘
10:13:56,81.5,0.02,40,325925,买盘
10:13:59,81.48,-0.02,85,688305,卖盘
10:14:04,81.5,0.02,153,1246814,买盘
10:14:07,81.5,0.0,22,179277,买盘
10:14:09,81.48,-0.02,23,187399,卖盘
10:14:13,81.46,-0.02,266,2169363,卖盘
10:14:15,81.46,0.0,119,969374,买盘
10:14:18,81.45,-0.01,27,219928,卖盘
10:14:21,81.46,0.01,187,1523211,买盘
10:14:23,81.46,0.0,132,1072844,买盘
10:14:28,81.48,0.02,178,1449994,买盘
10:14:31,81.46,-0.02,27,219968,卖盘
10:14:32,81.46,0.0,111,904239,卖盘
10:14:36,81.46,0.0,70,570220,买盘
10:14:38,81.47,0.01,80,651693,买盘
10:14:43,81.46,-0.01,42,342168,卖盘
10:14:44,81.48,0.02,68,553975,买盘
10:14:48,81.48,0.0,43,350303,买盘
10:14:51,81.48,0.0,52,423636,买盘
10:14:54,81.48,0.0,192,1564332,买盘
10:14:57,81.46,-0.02,34,276990,卖盘
10:15:00,81.46,0.0,80,651808,卖盘
10:15:02,81.48,0.02,91,741313,买盘
10:15:07,81.46,-0.02,28,228118,卖盘
10:15:09,81.46,0.0,100,814709,卖盘
10:15:13,81.48,0.02,64,521461,买盘
10:15:16,81.48,0.0,31,252568,买盘
10:15:19,81.47,-0.01,71,578452,卖盘
10:15:21,81.48,0.01,187,1523578,买盘
10:15:25,81.47,-0.01,43,350343,卖盘
10:15:28,81.49,0.02,48,391080,买盘
10:15:30,81.48,-0.01,92,749588,卖盘
10:15:33,81.49,0.01,10,81484,买盘
10:15:37,81.47,-0.02,86,700760,卖盘
10:15:40,81.47,0.0,73,594748,卖盘
10:15:42,81.48,0.01,20,162942,买盘
10:15:46,81.47,-0.01,69,562216,卖盘
10:15:47,81.47,0.0,63,513275,卖盘
10:15:52,81.47,0.0,188,1531669,卖盘
10:15:53,81.48,0.01,3,24442,买盘
10:15:57,81.48,0.0,74,602911,买盘
10:16:01,81.47,-0.01,130,1059267,卖盘
10:16:04,81.48,0.01,40,325927,买盘
10:16:05,81.47,-0.01,74,602926,卖盘
10:16:09,81.49,0.02,63,513378,买盘
10:16:12,81.48,-0.01,235,1915153,卖盘
10:16:15,81.49,0.01,410,3341410,买盘
10:16:18,81.5,0.01,124,1010598,买盘
10:16:21,81.5,0.0,146,1189885,卖盘
10:16:25,81.5,0.0,26,211900,卖盘
10:16:28,81.5,0.0,59,480844,中性盘
10:16:31,81.5,0.0,11,89650,卖盘
10:16:32,81.5,0.0,38,315897,卖盘
10:16:36,81.5,0.0,37,301572,卖盘
10:16:39,81.49,-0.01,119,969850,卖盘
10:16:43,81.5,0.01,12,91599,买盘
10:16:46,81.48,-0.02,21,171110,卖盘
10:16:49,81.48,0.0,81,660070,卖盘
10:16:52,81.49,0.01,82,668142,中性盘
10:16:55,81.55,0.06,2550,20797557,买盘
10:16:57,81.55,0.0,57,464835,卖盘
10:17:01,81.55,0.0,17,138641,卖盘
10:17:03,81.56,0.01,649,5292922,买盘
10:17:07,81.58,0.02,279,2275797,买盘
10:17:10,81.56,-0.02,339,2765157,中性盘
10:17:12,81.55,-0.01,100,815531,卖盘
10:17:15,81.57,0.02,94,766627,买盘
10:17:19,81.58,0.01,72,587248,买盘
10:17:22,81.56,-0.02,37,301788,卖盘
10:17:25,81.56,0.0,21,171286,卖盘
10:17:27,81.57,0.01,38,309957,买盘
10:17:30,81.57,0.0,106,864634,买盘
10:17:33,81.57,0.0,20,163145,卖盘
10:17:36,81.57,0.0,159,1297093,卖盘
10:17:40,81.57,0.0,130,1060512,卖盘
10:17:41,81.59,0.02,136,1109440,买盘
10:17:45,81.56,-0.03,249,2031017,卖盘
10:17:47,81.58,0.02,62,505719,买盘
10:17:52,81.58,0.0,185,1509347,卖盘
10:17:55,81.56,-0.02,63,513902,卖盘
10:17:58,81.58,0.02,68,554736,买盘
10:18:01,81.57,-0.01,161,1313548,卖盘
10:18:03,81.58,0.01,22,179466,买盘
10:18:07,81.57,-0.01,54,440512,卖盘
10:18:10,81.58,0.01,160,1305310,中性盘
10:18:12,81.58,0.0,97,791333,卖盘
10:18:15,81.59,0.01,109,883731,买盘
10:18:19,81.57,-0.02,72,592935,卖盘
10:18:21,81.58,0.01,58,473105,买盘
10:18:25,81.57,-0.01,136,1109459,卖盘
10:18:27,81.57,0.0,94,766800,买盘
10:18:31,81.56,-0.01,90,734162,卖盘
10:18:33,81.57,0.01,87,709642,买盘
10:18:36,81.58,0.01,91,736861,买盘
10:18:38,81.59,0.01,189,1541866,买盘
10:18:42,81.58,-0.01,33,269209,卖盘
10:18:46,81.58,0.0,145,1182914,买盘
10:18:47,81.58,0.0,251,2047607,买盘
10:18:52,81.58,0.0,80,652604,卖盘
10:18:55,81.57,-0.01,44,358933,卖盘
10:18:58,81.58,0.01,176,1435817,买盘
10:19:00,81.57,-0.01,57,465018,卖盘
10:19:04,81.59,0.02,293,2390627,买盘
10:19:06,81.58,-0.01,23,187640,卖盘
10:19:08,81.59,0.01,41,334479,买盘
10:19:13,81.57,-0.02,328,2675917,卖盘
10:19:16,81.58,0.01,14,114208,买盘
10:19:18,81.57,-0.01,86,701503,卖盘
10:19:21,81.59,0.02,128,1044307,买盘
10:19:25,81.57,-0.02,574,4683423,卖盘
10:19:28,81.59,0.02,380,3100441,买盘
10:19:30,81.59,0.0,140,1142351,卖盘
10:19:34,81.58,-0.01,118,962581,卖盘
10:19:36,81.59,0.01,99,807719,买盘
10:19:40,81.58,-0.01,102,832030,卖盘
10:19:42,81.58,0.0,65,530261,买盘
10:19:45,81.58,0.0,148,1207507,买盘
10:19:49,81.58,0.0,91,742351,卖盘
10:19:51,81.57,-0.01,88,717849,卖盘
10:19:55,81.57,0.0,20,163137,买盘
10:19:58,81.57,0.0,24,195768,买盘
10:20:01,81.56,-0.01,127,1035880,卖盘
10:20:02,81.57,0.01,31,252869,买盘
10:20:06,81.56,-0.01,217,1770326,卖盘
10:20:10,81.56,0.0,54,440475,卖盘
10:20:12,81.57,0.01,42,342577,买盘
10:20:15,81.56,-0.01,45,367043,卖盘
10:20:17,81.57,0.01,160,1305002,买盘
10:20:21,81.57,0.0,24,195759,买盘
10:20:25,81.57,0.0,14,114189,买盘
10:20:28,81.56,-0.01,110,897160,卖盘
10:20:30,81.55,-0.01,633,5162129,卖盘
10:20:34,81.55,0.0,240,1957319,卖盘
10:20:37,81.57,0.02,316,2577397,买盘
10:20:38,81.56,-0.01,30,244675,中性盘
10:20:42,81.57,0.01,618,5039932,买盘
10:20:44,81.56,-0.01,42,342556,卖盘
10:20:48,81.55,-0.01,41,334382,卖盘
10:20:50,81.55,0.0,207,1688090,卖盘
10:20:54,81.55,0.0,68,554551,卖盘
10:20:58,81.55,0.0,257,2096019,卖盘
10:21:00,81.54,-0.01,152,1241519,卖盘
10:21:04,81.55,0.01,19,154936,买盘
10:21:06,81.5,-0.05,74,600034,卖盘
10:21:10,81.54,0.04,11,89676,买盘
10:21:13,81.52,-0.02,8,65204,中性盘
10:21:15,81.5,-0.02,14,114102,卖盘
10:21:18,81.5,0.0,169,1377362,卖盘
10:21:21,81.5,0.0,142,1160521,卖盘
10:21:25,81.49,-0.01,39,317819,卖盘
10:21:28,81.49,0.0,38,309682,卖盘
10:21:30,81.48,-0.01,112,912648,卖盘
10:21:34,81.48,0.0,51,415571,卖盘
10:21:37,81.48,0.0,63,513334,卖盘
10:21:39,81.49,0.01,41,334077,买盘
10:21:43,81.47,-0.02,66,537717,卖盘
10:21:45,81.46,-0.01,34,277018,卖盘
10:21:49,81.48,0.02,736,5994965,买盘
10:21:51,81.48,0.0,1483,12079639,买盘
10:21:55,81.47,-0.01,310,2525502,中性盘
10:21:58,81.45,-0.02,219,1783989,卖盘
10:22:01,81.46,0.01,174,1417052,中性盘
10:22:02,81.45,-0.01,97,790211,中性盘
10:22:07,81.48,0.03,131,1067017,买盘
10:22:10,81.46,-0.02,117,952976,卖盘
10:22:13,81.46,0.0,122,993807,买盘
10:22:15,81.48,0.02,469,3820985,买盘
10:22:18,81.47,-0.01,75,611014,中性盘
10:22:21,81.48,0.01,481,3918975,中性盘
10:22:25,81.48,0.0,52,423617,买盘
10:22:28,81.49,0.01,82,667994,买盘
10:22:30,81.46,-0.03,139,1132290,卖盘
10:22:33,81.48,0.02,167,1360819,买盘
10:22:36,81.49,0.01,70,570391,买盘
10:22:39,81.5,0.01,43,350404,买盘
10:22:42,81.5,0.0,97,790485,买盘
10:22:45,81.5,0.0,136,1105516,买盘
10:22:48,81.5,0.0,21,171144,买盘
10:22:52,81.51,0.01,40,325975,买盘
10:22:55,81.52,0.01,22,179332,买盘
10:22:58,81.52,0.0,27,220061,中性盘
10:23:00,81.52,0.0,42,342360,买盘
10:23:04,81.52,0.0,60,489138,卖盘
10:23:06,81.51,-0.01,24,195628,卖盘
10:23:09,81.53,0.02,46,375002,买盘
10:23:13,81.52,-0.01,22,179347,卖盘
10:23:15,81.51,-0.01,117,953787,卖盘
10:23:18,81.52,0.01,8,65211,卖盘
10:23:21,81.52,0.0,44,364675,买盘
10:23:23,81.51,-0.01,26,205912,卖盘
10:23:26,81.51,0.0,25,203769,买盘
10:23:30,81.52,0.01,52,423897,买盘
10:23:34,81.52,0.0,44,358643,买盘
10:23:37,81.52,0.0,14,114116,买盘
10:23:39,81.51,-0.01,5,40755,卖盘
10:23:42,81.51,0.0,48,391262,卖盘
10:23:46,81.51,0.0,68,554314,卖盘
10:23:49,81.5,-0.01,151,1230798,卖盘
10:23:51,81.5,0.0,32,260800,卖盘
10:23:55,81.51,0.01,170,1385667,买盘
10:23:58,81.5,-0.01,351,2861001,卖盘
10:24:01,81.5,0.0,80,652075,买盘
10:24:03,81.5,0.0,29,236347,买盘
10:24:06,81.5,0.0,17,138550,买盘
10:24:09,81.5,0.0,113,920849,买盘
10:24:12,81.5,0.0,11,89650,买盘
10:24:15,81.5,0.0,81,660140,买盘
10:24:18,81.5,0.0,89,731364,买盘
10:24:20,81.5,0.0,73,594952,卖盘
10:24:24,81.5,0.0,24,195600,卖盘
10:24:26,81.5,0.0,115,937280,卖盘
10:24:30,81.51,0.01,54,440153,买盘
10:24:32,81.51,0.0,53,431998,卖盘
10:24:36,81.5,-0.01,25,203773,卖盘
10:24:40,81.5,0.0,29,236370,卖盘
10:24:43,81.52,0.02,103,839644,买盘
10:24:46,81.5,-0.02,41,334183,卖盘
10:24:48,81.53,0.03,83,676515,买盘
10:24:51,81.53,0.0,13,105989,买盘
10:24:54,81.51,-0.02,18,146733,卖盘
10:24:57,81.51,0.0,129,1051658,卖盘
10:25:01,81.52,0.01,57,464651,中性盘
10:25:04,81.53,0.01,30,244540,买盘
10:25:06,81.53,0.0,85,692951,买盘
10:25:09,81.53,0.0,1,8153,买盘
10:25:13,81.5,-0.03,51,415702,卖盘
10:25:15,81.51,0.01,78,635714,买盘
10:25:19,81.51,0.0,58,472732,买盘
10:25:22,81.51,0.0,67,546094,买盘
10:25:25,81.52,0.01,66,537963,买盘
10:25:26,81.52,0.0,191,1557018,买盘
10:25:31,81.5,-0.02,360,2934071,卖盘
10:25:32,81.51,0.01,102,831163,买盘
10:25:36,81.49,-0.02,70,570412,卖盘
10:25:40,81.48,-0.01,100,814955,卖盘
10:25:42,81.48,0.0,53,431959,卖盘
10:25:45,81.5,0.02,55,448233,买盘
10:25:48,81.48,-0.02,27,218563,卖盘
10:25:51,81.48,0.0,36,293372,卖盘
10:25:54,81.5,0.02,51,415574,买盘
10:25:57,81.51,0.01,74,603174,买盘
10:25:59,81.51,0.0,68,554308,卖盘
10:26:03,81.52,0.01,13,105965,买盘
10:26:07,81.51,-0.01,56,456456,卖盘
10:26:09,81.51,0.0,25,203752,买盘
10:26:13,81.5,-0.01,42,342304,卖盘
10:26:15,81.49,-0.01,384,3128861,卖盘
10:26:18,81.5,0.01,97,790560,卖盘
10:26:21,81.5,0.0,56,456390,买盘
10:26:25,81.48,-0.02,77,627543,卖盘
10:26:27,81.49,0.01,99,806793,买盘
10:26:30,81.5,0.01,66,537900,买盘
10:26:33,81.48,-0.02,43,350365,卖盘
10:26:36,81.48,0.0,40,325932,卖盘
10:26:38,81.48,0.0,5,40740,卖盘
10:26:42,81.47,-0.01,36,295624,卖盘
10:26:46,81.48,0.01,16,130368,中性盘
10:26:49,81.48,0.0,46,372503,买盘
10:26:52,81.48,0.0,68,554084,买盘
10:26:53,81.48,0.0,41,334068,卖盘
10:26:58,81.48,0.0,48,391105,卖盘
10:26:59,81.48,0.0,65,529700,卖盘
10:27:03,81.48,0.0,81,659959,卖盘
10:27:07,81.47,-0.01,37,301465,卖盘
10:27:09,81.47,0.0,27,219970,卖盘
10:27:12,81.47,0.0,36,293292,卖盘
10:27:14,81.47,0.0,13,105911,买盘
10:27:19,81.47,0.0,19,154784,买盘
10:27:21,81.47,0.0,23,187377,买盘
10:27:24,81.47,0.0,51,415473,买盘
10:27:27,81.47,0.0,54,439923,卖盘
10:27:30,81.47,0.0,20,162940,卖盘
10:27:34,81.47,0.0,92,749553,卖盘
10:27:36,81.47,0.0,72,583981,卖盘
10:27:39,81.47,0.0,136,1110616,卖盘
10:27:42,81.47,0.0,65,529545,买盘
10:27:45,81.47,0.0,9,73321,买盘
10:27:47,81.47,0.0,68,553946,买盘
10:27:50,81.46,-0.01,47,382862,卖盘
10:27:55,81.47,0.01,43,350319,买盘
10:27:57,81.46,-0.01,73,594663,卖盘
10:28:00,81.47,0.01,82,667969,买盘
10:28:03,81.45,-0.02,40,325827,卖盘
10:28:06,81.45,0.0,15,122189,卖盘
10:28:10,81.45,0.0,67,545730,卖盘
10:28:12,81.45,0.0,2,16290,卖盘
10:28:15,81.47,0.02,43,350260,买盘
10:28:18,81.45,-0.02,34,276938,卖盘
10:28:21,81.45,0.0,26,211770,卖盘
10:28:25,81.46,0.01,11,89606,买盘
10:28:27,81.46,0.0,65,529432,买盘
10:28:30,81.45,-0.01,27,219938,卖盘
10:28:34,81.44,-0.01,54,439843,卖盘
10:28:36,81.44,0.0,32,260622,卖盘
10:28:39,81.45,0.01,43,350233,买盘
10:28:42,81.45,0.0,74,597814,买盘
10:28:45,81.46,0.01,53,431717,买盘
10:28:48,81.45,-0.01,20,162909,卖盘
10:28:51,81.45,0.0,9,73308,卖盘
10:28:53,81.46,0.01,86,700535,买盘
10:28:58,81.45,-0.01,71,578315,卖盘
10:29:00,81.46,0.01,53,431739,买盘
10:29:03,81.47,0.01,54,439914,买盘
10:29:05,81.46,-0.01,34,276966,卖盘
10:29:09,81.46,0.0,35,285128,卖盘
10:29:12,81.46,0.0,39,317709,卖盘
10:29:16,81.47,0.01,55,448080,买盘
10:29:18,81.47,0.0,55,448044,买盘
10:29:22,81.46,-0.01,36,293264,卖盘
10:29:25,81.47,0.01,25,203669,买盘
10:29:26,81.48,0.01,166,1352408,买盘
10:29:30,81.46,-0.02,44,358442,卖盘
10:29:34,81.47,0.01,72,586552,买盘
10:29:36,81.48,0.01,58,472528,买盘
10:29:39,81.48,0.0,197,1604830,买盘
10:29:42,81.45,-0.03,65,529541,卖盘
10:29:46,81.47,0.02,17,138494,中性盘
10:29:47,81.47,0.0,46,374701,买盘
10:29:51,81.47,0.0,184,1499031,买盘
10:29:54,81.47,0.0,41,334012,买盘
10:29:57,81.47,0.0,31,252546,中性盘
10:30:00,81.48,0.01,108,879894,买盘
10:30:04,81.48,0.0,43,350323,买盘
10:30:06,81.48,0.0,21,171092,买盘
10:30:09,81.46,-0.02,29,236251,卖盘
10:30:13,81.45,-0.01,32,260689,卖盘
10:30:15,81.45,0.0,60,488750,卖盘
10:30:18,81.46,0.01,188,1531130,买盘
10:30:21,81.46,0.0,59,480573,卖盘
10:30:24,81.46,0.0,82,667988,卖盘
10:30:27,81.46,0.0,77,627198,卖盘
10:30:31,81.45,-0.01,28,228073,中性盘
10:30:33,81.43,-0.02,183,1490254,卖盘
10:30:36,81.47,0.04,420,3421658,买盘
10:30:39,81.48,0.01,228,1862601,买盘
10:30:41,81.48,0.0,43,350253,买盘
10:30:45,81.48,0.0,59,480521,买盘
10:30:47,81.43,-0.05,173,1408707,卖盘
10:30:51,81.42,-0.01,189,1538808,中性盘
10:30:53,81.4,-0.02,385,3128366,卖盘
10:30:57,81.4,0.0,1014,8253985,卖盘
10:31:01,81.41,0.01,265,2163065,买盘
10:31:04,81.4,-0.01,317,2580458,卖盘
10:31:06,81.4,0.0,858,6984145,卖盘
10:31:10,81.45,0.05,1379,11225474,买盘
10:31:12,81.45,0.0,240,1954630,买盘
10:31:15,81.45,0.0,26,211768,中性盘
10:31:17,81.44,-0.01,64,521277,卖盘
10:31:21,81.44,0.0,11,89588,卖盘
10:31:24,81.45,0.01,1,8145,买盘
10:31:28,81.44,-0.01,123,1002692,卖盘
10:31:30,81.45,0.01,12,97738,买盘
10:31:33,81.44,-0.01,59,480501,卖盘
10:31:36,81.45,0.01,63,513135,买盘
10:31:39,81.44,-0.01,46,374667,卖盘
10:31:42,81.44,0.0,46,374632,卖盘
10:31:45,81.45,0.01,28,228044,买盘
10:31:48,81.44,-0.01,122,993653,卖盘
10:31:51,81.44,0.0,14,114017,卖盘
10:31:55,81.46,0.02,17,138481,买盘
10:31:58,81.46,0.0,2,16292,卖盘
10:32:00,81.46,0.0,37,301402,卖盘
10:32:03,81.47,0.01,112,912407,买盘
10:32:06,81.45,-0.02,18,146619,卖盘
10:32:09,81.46,0.01,131,1066935,中性盘
10:32:12,81.48,0.02,107,867620,买盘
10:32:15,81.48,0.0,1,8148,卖盘
10:32:18,81.48,0.0,36,293328,卖盘
10:32:21,81.48,0.0,23,187404,卖盘
10:32:24,81.48,0.0,49,403413,卖盘
10:32:28,81.48,0.0,13,105923,买盘
10:32:30,81.48,0.0,8,65184,买盘
10:32:33,81.47,-0.01,36,293302,卖盘
10:32:35,81.47,0.0,37,301446,卖盘
10:32:39,81.48,0.01,68,554059,买盘
10:32:42,81.48,0.0,106,860803,买盘
10:32:46,81.48,0.0,45,362514,卖盘
10:32:48,81.48,0.0,320,2607375,卖盘
10:32:52,81.47,-0.01,89,725170,卖盘
10:32:54,81.49,0.02,39,317786,买盘
10:32:57,81.48,-0.01,13,105930,卖盘
10:33:00,81.48,0.0,32,260736,卖盘
10:33:03,81.49,0.01,105,859753,买盘
10:33:07,81.49,0.0,16,130384,卖盘
10:33:10,81.49,0.0,116,941142,卖盘
10:33:12,81.49,0.0,321,2616007,买盘
10:33:16,81.48,-0.01,14,114085,卖盘
10:33:19,81.49,0.01,105,855542,买盘
10:33:22,81.49,0.0,14,114075,买盘
10:33:25,81.48,-0.01,129,1051114,卖盘
10:33:26,81.48,0.0,14,114072,买盘
10:33:30,81.48,0.0,12,97774,买盘
10:33:32,81.48,0.0,6,48886,买盘
10:33:35,81.49,0.01,63,513326,买盘
10:33:38,81.49,0.0,32,260742,买盘
10:33:42,81.47,-0.02,87,708870,卖盘
10:33:45,81.48,0.01,1,8148,买盘
10:33:48,81.47,-0.01,218,1776806,卖盘
10:33:51,81.48,0.01,18,146657,买盘
10:33:53,81.49,0.01,172,1401509,买盘
10:33:58,81.48,-0.01,219,1784379,卖盘
10:34:00,81.48,0.0,9,73332,卖盘
10:34:03,81.48,0.0,63,513406,卖盘
10:34:06,81.48,0.0,59,480784,卖盘
10:34:10,81.49,0.01,16,130382,买盘
10:34:12,81.48,-0.01,35,285187,卖盘
10:34:15,81.48,0.0,302,2460964,卖盘
10:34:18,81.48,0.0,119,969714,卖盘
10:34:20,81.48,0.0,60,488883,卖盘
10:34:24,81.49,0.01,3,24446,买盘
10:34:27,81.48,-0.01,80,651877,卖盘
10:34:30,81.48,0.0,17,138518,卖盘
10:34:33,81.48,0.0,11,89631,卖盘
10:34:35,81.48,0.0,22,179257,卖盘
10:34:40,81.49,0.01,1,8149,买盘
10:34:42,81.48,-0.01,127,1034818,卖盘
10:34:45,81.49,0.01,35,285201,买盘
10:34:48,81.49,0.0,62,505211,买盘
10:34:51,81.48,-0.01,2,16296,卖盘
10:34:53,81.48,0.0,105,855635,卖盘
10:34:56,81.48,0.0,179,1462989,卖盘
10:35:00,81.48,0.0,262,2134925,卖盘
10:35:02,81.5,0.02,254,2069653,买盘
10:35:05,81.49,-0.01,7,57043,卖盘
10:35:08,81.49,0.0,82,668216,卖盘
10:35:12,81.49,0.0,27,220021,买盘
10:35:15,81.48,-0.01,79,643765,卖盘
10:35:19,81.49,0.01,44,358544,买盘
10:35:20,81.48,-0.01,42,342243,卖盘
10:35:24,81.49,0.01,472,3841585,买盘
10:35:27,81.49,0.0,35,285211,买盘
10:35:30,81.48,-0.01,211,1719224,中性盘
10:35:34,81.49,0.01,39,317796,买盘
10:35:37,81.47,-0.02,34,277187,卖盘
10:35:40,81.47,0.0,14,114069,卖盘
10:35:42,81.47,0.0,37,301448,卖盘
10:35:45,81.47,0.0,137,1116144,卖盘
10:35:47,81.48,0.01,90,733232,买盘
10:35:51,81.47,-0.01,115,936758,卖盘
10:35:55,81.47,0.0,19,154780,买盘
10:35:57,81.46,-0.01,27,219957,卖盘
10:36:01,81.46,0.0,37,301405,卖盘
10:36:02,81.47,0.01,101,822837,买盘
10:36:06,81.45,-0.02,191,1555859,卖盘
10:36:09,81.45,0.0,5,40730,卖盘
10:36:12,81.45,0.0,139,1132203,卖盘
10:36:15,81.45,0.0,138,1124073,卖盘
10:36:19,81.46,0.01,52,423570,买盘
10:36:21,81.46,0.0,108,879755,买盘
10:36:24,81.47,0.01,303,2468012,买盘
10:36:27,81.45,-0.02,18,146631,卖盘
10:36:30,81.46,0.01,38,309546,买盘
10:36:33,81.46,0.0,33,268817,买盘
10:36:36,81.46,0.0,102,830885,买盘
10:36:39,81.46,0.0,10,81458,买盘
10:36:42,81.46,0.0,9,73309,买盘
10:36:44,81.46,0.0,53,431723,买盘
10:36:48,81.45,-0.01,137,1115894,卖盘
10:36:52,81.45,0.0,70,570178,卖盘
10:36:55,81.46,0.01,19,154773,卖盘
10:36:56,81.45,-0.01,102,830814,卖盘
10:37:00,81.45,0.0,225,1832825,卖盘
10:37:04,81.45,0.0,181,1474322,卖盘
10:37:05,81.45,0.0,50,407286,卖盘
10:37:09,81.45,0.0,39,317653,卖盘
10:37:13,81.44,-0.01,45,366505,卖盘
10:37:15,81.47,0.03,112,912278,买盘
10:37:18,81.47,0.0,10,81470,卖盘
10:37:22,81.46,-0.01,19,154789,卖盘
10:37:24,81.45,-0.01,24,195499,卖盘
10:37:27,81.49,0.04,228,1857683,买盘
10:37:30,81.47,-0.02,15,122196,买盘
10:37:33,81.46,-0.01,19,154795,卖盘
10:37:35,81.49,0.03,1,8149,买盘
10:37:39,81.49,0.0,14,114072,买盘
10:37:43,81.46,-0.03,9,73322,卖盘
10:37:45,81.48,0.02,62,505077,中性盘
10:37:48,81.48,0.0,10,81480,买盘
10:37:51,81.48,0.0,24,195529,买盘
10:37:53,81.49,0.01,39,317794,买盘
10:37:58,81.48,-0.01,34,277050,中性盘
10:38:00,81.48,0.0,26,211851,卖盘
10:38:03,81.48,0.0,85,692576,卖盘
10:38:05,81.48,0.0,3,24444,买盘
10:38:09,81.48,0.0,73,594811,买盘
10:38:12,81.47,-0.01,41,334051,卖盘
10:38:15,81.47,0.0,57,464410,卖盘
10:38:18,81.48,0.01,26,211842,买盘
10:38:21,81.48,0.0,15,122218,卖盘
10:38:24,81.48,0.0,36,293330,买盘
10:38:26,81.48,0.0,15,122220,卖盘
10:38:30,81.48,0.0,226,1841450,卖盘
10:38:33,81.49,0.01,26,211862,买盘
10:38:36,81.48,-0.01,2,16297,卖盘
10:38:39,81.48,0.0,11,89634,卖盘
10:38:41,81.49,0.01,6,48894,买盘
10:38:45,81.48,-0.01,215,1752031,卖盘
10:38:48,81.49,0.01,37,301491,买盘
10:38:51,81.48,-0.01,40,325932,卖盘
10:38:54,81.49,0.01,49,399278,买盘
10:38:58,81.49,0.0,125,1018564,买盘
10:39:00,81.48,-0.01,19,154816,卖盘
10:39:03,81.48,0.0,67,545972,卖盘
10:39:06,81.48,0.0,316,2574793,卖盘
10:39:10,81.48,0.0,83,676281,买盘
10:39:11,81.47,-0.01,118,961373,卖盘
10:39:15,81.47,0.0,26,211841,卖盘
10:39:17,81.49,0.02,371,3023414,买盘
10:39:21,81.47,-0.02,97,790284,卖盘
10:39:23,81.46,-0.01,384,3128121,卖盘
10:39:27,81.47,0.01,53,431708,买盘
10:39:30,81.47,0.0,321,2615662,买盘
10:39:33,81.46,-0.01,33,268821,卖盘
10:39:36,81.47,0.01,379,3087160,买盘
10:39:39,81.47,0.0,19,154793,卖盘
10:39:42,81.47,0.0,319,2599422,卖盘
10:39:45,81.48,0.01,46,374774,买盘
10:39:49,81.46,-0.02,36,293294,卖盘
10:39:50,81.45,-0.01,89,725061,卖盘
10:39:54,81.47,0.02,62,505047,买盘
10:39:57,81.47,0.0,31,252557,买盘
10:40:00,81.45,-0.02,24,195517,卖盘
10:40:03,81.44,-0.01,116,945085,卖盘
10:40:06,81.45,0.01,26,211768,买盘
10:40:09,81.44,-0.01,60,488670,卖盘
10:40:12,81.47,0.03,306,2492959,买盘
10:40:15,81.46,-0.01,55,447981,中性盘
10:40:18,81.46,0.0,13,105889,卖盘
10:40:20,81.45,-0.01,96,781944,卖盘
10:40:24,81.42,-0.03,280,2280288,卖盘
10:40:27,81.44,0.02,166,1351715,买盘
10:40:30,81.42,-0.02,27,219856,卖盘
10:40:33,81.44,0.02,24,195435,买盘
10:40:35,81.44,0.0,35,284946,买盘
10:40:39,81.44,0.0,6,48859,买盘
10:40:42,81.44,0.0,152,1237758,买盘
10:40:45,81.44,0.0,87,711793,买盘
10:40:47,81.43,-0.01,80,651452,卖盘
10:40:50,81.43,0.0,131,1066744,卖盘
10:40:54,81.44,0.01,133,1083022,买盘
10:40:56,81.43,-0.01,89,721390,卖盘
10:41:00,81.42,-0.01,35,284984,卖盘
10:41:03,81.42,0.0,152,1237720,卖盘
10:41:06,81.42,0.0,21,170987,卖盘
10:41:09,81.42,0.0,53,431531,卖盘
10:41:12,81.42,0.0,67,545573,卖盘
10:41:15,81.42,0.0,9,73278,买盘
10:41:18,81.42,0.0,14,113983,买盘
10:41:21,81.44,0.02,272,2218340,买盘
10:41:24,81.44,0.0,6,48865,卖盘
10:41:27,81.44,0.0,8,65152,卖盘
10:41:29,81.45,0.01,21,171031,买盘
10:41:33,81.44,-0.01,19,154739,卖盘
10:41:35,81.44,0.0,40,322421,卖盘
10:41:38,81.43,-0.01,137,1115618,卖盘
10:41:41,81.43,0.0,5,40715,买盘
10:41:45,81.42,-0.01,25,203554,卖盘
10:41:47,81.43,0.01,26,211714,买盘
10:41:50,81.43,0.0,69,561865,买盘
10:41:53,81.41,-0.02,312,2540128,卖盘
10:41:57,81.42,0.01,77,626934,中性盘
10:42:00,81.43,0.01,68,553691,买盘
10:42:03,81.43,0.0,863,7029776,卖盘
10:42:06,81.41,-0.02,10,81425,卖盘
10:42:09,81.41,0.0,10,81422,卖盘
10:42:11,81.44,0.03,351,2857338,买盘
10:42:15,81.43,-0.01,15,122147,卖盘
10:42:18,81.43,0.0,4,32572,卖盘
10:42:20,81.44,0.01,202,1645085,买盘
10:42:24,81.44,0.0,22,179171,卖盘
10:42:27,81.44,0.0,16,130314,卖盘
10:42:29,81.44,0.0,19,154743,卖盘
10:42:33,81.44,0.0,190,1547370,卖盘
10:42:35,81.44,0.0,14,114019,买盘
10:42:39,81.45,0.01,57,464253,买盘
10:42:42,81.43,-0.02,256,2084566,卖盘
10:42:45,81.43,0.0,59,480432,买盘
10:42:48,81.43,0.0,1,8143,买盘
10:42:50,81.43,0.0,311,2531653,买盘
10:42:53,81.41,-0.02,87,708330,卖盘
10:42:57,81.43,0.02,3,24429,买盘
10:43:00,81.45,0.02,257,2093131,买盘
10:43:02,81.46,0.01,64,521337,买盘
10:43:06,81.46,0.0,26,211796,卖盘
10:43:09,81.46,0.0,49,399182,卖盘
10:43:12,81.47,0.01,31,252541,买盘
10:43:15,81.47,0.0,145,1181171,买盘
10:43:18,81.47,0.0,58,472518,买盘
10:43:21,81.46,-0.01,83,676187,卖盘
10:43:24,81.47,0.01,12,97759,卖盘
10:43:27,81.49,0.02,17,138511,买盘
10:43:30,81.47,-0.02,15,122214,卖盘
10:43:32,81.48,0.01,12,97775,买盘
10:43:36,81.48,0.0,111,904376,买盘
10:43:39,81.48,0.0,450,3666129,买盘
10:43:42,81.48,0.0,20,162945,买盘
10:43:45,81.48,0.0,44,358471,买盘
10:43:48,81.48,0.0,38,309619,买盘
10:43:51,81.47,-0.01,35,285148,卖盘
10:43:54,81.48,0.01,70,570352,买盘
10:43:57,81.48,0.0,209,1702930,买盘
10:44:00,81.49,0.01,51,415591,买盘
10:44:03,81.49,0.0,129,1051142,买盘
10:44:06,81.49,0.0,15,122233,买盘
10:44:09,81.49,0.0,272,2216794,卖盘
10:44:11,81.48,-0.01,260,2118879,卖盘
10:44:15,81.49,0.01,37,301518,买盘
10:44:18,81.49,0.0,23,187438,卖盘
10:44:21,81.49,0.0,22,179286,卖盘
10:44:24,81.5,0.01,12,97800,买盘
10:44:27,81.49,-0.01,25,203748,卖盘
10:44:30,81.5,0.01,134,1092093,买盘
10:44:33,81.5,0.0,12,100154,卖盘
10:44:36,81.5,0.0,19,154852,卖盘
10:44:39,81.51,0.01,3,24453,买盘
10:44:42,81.51,0.0,33,268979,买盘
10:44:45,81.51,0.0,12,97810,买盘
10:44:47,81.51,0.0,5,40753,买盘
10:44:51,81.5,-0.01,34,277113,卖盘
10:44:54,81.5,0.0,19,154868,卖盘
10:44:57,81.5,0.0,132,1075836,卖盘
10:44:59,81.5,0.0,54,440129,卖盘
10:45:03,81.51,0.01,70,570531,买盘
10:45:05,81.51,0.0,14,114104,买盘
10:45:09,81.51,0.0,37,301589,中性盘
10:45:12,81.51,0.0,20,163025,卖盘
10:45:15,81.51,0.0,26,211930,卖盘
10:45:18,81.52,0.01,9,73364,买盘
10:45:21,81.52,0.0,31,252699,买盘
10:45:24,81.51,-0.01,107,872156,卖盘
10:45:27,81.51,0.0,159,1296009,买盘
10:45:30,81.51,0.0,60,489056,买盘
10:45:33,81.51,0.0,29,236379,买盘
10:45:36,81.5,-0.01,27,220080,卖盘
10:45:39,81.51,0.01,47,383106,买盘
10:45:42,81.51,0.0,27,220084,卖盘
10:45:45,81.51,0.0,63,513517,卖盘
10:45:48,81.51,0.0,26,211935,卖盘
10:45:50,81.51,0.0,60,489082,卖盘
10:45:54,81.52,0.01,24,195637,买盘
10:45:57,81.51,-0.01,12,97817,卖盘
10:46:00,81.51,0.0,124,1010760,卖盘
10:46:03,81.53,0.02,84,684740,买盘
10:46:06,81.51,-0.02,25,203777,中性盘
10:46:09,81.51,0.0,72,586877,买盘
10:46:12,81.52,0.01,38,309760,买盘
10:46:15,81.51,-0.01,62,505373,卖盘
10:46:17,81.51,0.0,41,334219,卖盘
10:46:21,81.51,0.0,9,73364,卖盘
10:46:24,81.53,0.02,39,317924,买盘
10:46:27,81.53,0.0,125,1018979,买盘
10:46:30,81.53,0.0,137,1116715,买盘
10:46:33,81.51,-0.02,130,1059644,卖盘
10:46:35,81.52,0.01,164,1337071,中性盘
10:46:39,81.52,0.0,28,228275,卖盘
10:46:42,81.52,0.0,63,513616,卖盘
10:46:45,81.52,0.0,33,269038,卖盘
10:46:48,81.53,0.01,181,1475641,买盘
10:46:51,81.52,-0.01,27,220126,卖盘
10:46:54,81.53,0.01,37,296524,买盘
10:46:57,81.54,0.01,17,138614,买盘
10:46:59,81.54,0.0,322,2625527,买盘
10:47:03,81.55,0.01,56,456664,买盘
10:47:06,81.54,-0.01,28,228302,中性盘
10:47:09,81.54,0.0,12,97838,买盘
10:47:11,81.53,-0.01,33,269061,卖盘
10:47:15,81.54,0.01,17,138617,买盘
10:47:17,81.54,0.0,25,203848,买盘
10:47:21,81.54,0.0,17,138612,买盘
10:47:24,81.54,0.0,116,945790,买盘
10:47:27,81.51,-0.03,134,1092434,卖盘
10:47:30,81.54,0.03,80,652189,买盘
10:47:33,81.52,-0.02,85,693045,卖盘
10:47:36,81.51,-0.01,29,236394,卖盘
10:47:39,81.55,0.04,360,2934933,买盘
10:47:42,81.52,-0.03,92,750070,买盘
10:47:45,81.51,-0.01,64,521711,卖盘
10:47:47,81.51,0.0,152,1243793,卖盘
10:47:52,81.51,0.0,89,725360,买盘
10:47:53,81.49,-0.02,96,782400,卖盘
10:47:57,81.49,0.0,145,1176780,卖盘
10:48:00,81.49,0.0,13,105942,卖盘
10:48:03,81.5,0.01,57,464546,买盘
10:48:06,81.49,-0.01,62,505246,卖盘
10:48:09,81.48,-0.01,149,1214137,卖盘
10:48:12,81.48,0.0,36,293331,卖盘
10:48:15,81.48,0.0,58,472598,卖盘
10:48:18,81.49,0.01,58,472607,买盘
10:48:20,81.48,-0.01,115,937032,卖盘
10:48:24,81.47,-0.01,17,138515,卖盘
10:48:26,81.48,0.01,20,162958,买盘
10:48:30,81.47,-0.01,38,309588,卖盘
10:48:33,81.47,0.0,410,3340162,卖盘
10:48:36,81.47,0.0,5,40735,买盘
10:48:38,81.47,0.0,28,228115,买盘
10:48:42,81.46,-0.01,5,40732,卖盘
10:48:45,81.47,0.01,16,130342,买盘
10:48:48,81.46,-0.01,17,138492,卖盘
10:48:50,81.47,0.01,45,366580,买盘
10:48:53,81.47,0.0,47,382888,买盘
10:48:57,81.46,-0.01,652,5315667,卖盘
10:49:00,81.46,0.0,10,81460,买盘
10:49:03,81.48,0.02,29,236263,买盘
10:49:05,81.47,-0.01,18,146663,卖盘
10:49:08,81.48,0.01,6,48889,卖盘
10:49:11,81.46,-0.02,32,260739,卖盘
10:49:15,81.45,-0.01,383,3120841,卖盘
10:49:18,81.45,0.0,67,545695,买盘
10:49:20,81.44,-0.01,91,741161,卖盘
10:49:23,81.44,0.0,52,423505,卖盘
10:49:27,81.44,0.0,9,73300,卖盘
10:49:29,81.44,0.0,37,301344,卖盘
10:49:33,81.44,0.0,47,382772,卖盘
10:49:36,81.45,0.01,114,928436,买盘
10:49:38,81.43,-0.02,132,1075017,卖盘
10:49:41,81.44,0.01,22,179179,买盘
10:49:45,81.45,0.01,20,162892,买盘
10:49:49,81.44,-0.01,24,195468,卖盘
10:49:51,81.44,0.0,24,195466,卖盘
10:49:54,81.44,0.0,69,561918,买盘
10:49:57,81.43,-0.01,22,179169,卖盘
10:49:59,81.44,0.01,52,423460,买盘
10:50:03,81.44,0.0,48,390911,买盘
10:50:06,81.44,0.0,129,1050617,卖盘
10:50:09,81.44,0.0,18,146603,卖盘
10:50:12,81.45,0.01,28,228034,买盘
10:50:14,81.45,0.0,44,358331,买盘
10:50:18,81.45,0.0,57,464240,买盘
10:50:20,81.45,0.0,31,252481,买盘
10:50:24,81.45,0.0,70,570113,买盘
10:50:27,81.44,-0.01,40,325782,卖盘
10:50:30,81.45,0.01,14,114026,买盘
10:50:33,81.45,0.0,13,105882,买盘
10:50:35,81.45,0.0,12,97734,买盘
10:50:39,81.45,0.0,46,374653,买盘
10:50:42,81.45,0.0,65,529410,买盘
10:50:45,81.44,-0.01,274,2230517,卖盘
10:50:49,81.45,0.01,51,415395,中性盘
10:50:50,81.45,0.0,28,228069,卖盘
10:50:54,81.46,0.01,3,24437,买盘
10:50:56,81.45,-0.01,45,366525,卖盘
10:51:00,81.44,-0.01,49,399099,卖盘
10:51:02,81.45,0.01,37,301380,买盘
10:51:06,81.45,0.0,62,505030,卖盘
10:51:09,81.45,0.0,50,407236,卖盘
10:51:12,81.45,0.0,46,374697,卖盘
10:51:15,81.45,0.0,19,154771,卖盘
10:51:18,81.46,0.01,51,414115,买盘
10:51:20,81.47,0.01,27,219969,买盘
10:51:23,81.47,0.0,142,1156875,卖盘
10:51:27,81.47,0.0,4,32589,卖盘
10:51:30,81.48,0.01,140,1140636,买盘
10:51:33,81.48,0.0,16,130355,买盘
10:51:36,81.48,0.0,46,374773,买盘
10:51:38,81.48,0.0,4,32593,中性盘
10:51:42,81.48,0.0,20,162960,卖盘
10:51:45,81.48,0.0,11,89624,买盘
10:51:48,81.48,0.0,33,268911,卖盘
10:51:50,81.48,0.0,78,635557,买盘
10:51:53,81.47,-0.01,25,203702,卖盘
10:51:57,81.49,0.02,205,1670709,买盘
10:52:00,81.47,-0.02,111,904412,卖盘
10:52:02,81.5,0.03,197,1605426,买盘
10:52:07,81.49,-0.01,59,480825,买盘
10:52:09,81.48,-0.01,123,1002275,卖盘
10:52:12,81.47,-0.01,88,716948,卖盘
10:52:14,81.48,0.01,67,545882,买盘
10:52:18,81.48,0.0,28,228129,买盘
10:52:21,81.47,-0.01,146,1189331,卖盘
10:52:24,81.47,0.0,49,399194,卖盘
10:52:27,81.46,-0.01,248,2020665,卖盘
10:52:30,81.46,0.0,9,73315,卖盘
10:52:33,81.45,-0.01,74,602775,卖盘
10:52:36,81.45,0.0,92,749357,卖盘
10:52:38,81.46,0.01,125,1018143,买盘
10:52:42,81.45,-0.01,233,1897585,卖盘
10:52:44,81.46,0.01,49,399105,买盘
10:52:47,81.45,-0.01,46,374653,卖盘
10:52:51,81.44,-0.01,38,311933,卖盘
10:52:54,81.44,0.0,106,863180,买盘
10:52:57,81.44,0.0,62,504913,买盘
10:53:00,81.43,-0.01,128,1042319,卖盘
10:53:03,81.44,0.01,143,1164434,买盘
10:53:06,81.44,0.0,112,912124,买盘
10:53:09,81.42,-0.02,47,382709,卖盘
10:53:12,81.43,0.01,10,81430,买盘
10:53:15,81.43,0.0,76,618867,买盘
10:53:18,81.43,0.0,758,6170622,买盘
10:53:21,81.42,-0.01,69,561813,卖盘
10:53:24,81.42,0.0,37,301215,买盘
10:53:26,81.4,-0.02,9,73272,卖盘
10:53:30,81.41,0.01,28,227953,卖盘
10:53:33,81.41,0.0,22,179112,买盘
10:53:36,81.41,0.0,19,154688,卖盘
10:53:39,81.42,0.01,98,797838,买盘
10:53:42,81.42,0.0,19,154690,买盘
10:53:45,81.41,-0.01,76,618747,卖盘
10:53:48,81.4,-0.01,33,268641,卖盘
10:53:51,81.41,0.01,62,504742,买盘
10:53:54,81.41,0.0,23,187239,买盘
10:53:57,81.4,-0.01,45,366311,卖盘
10:54:00,81.41,0.01,44,358200,买盘
10:54:02,81.4,-0.01,324,2637379,卖盘
10:54:06,81.4,0.0,56,455885,卖盘
10:54:09,81.4,0.0,41,333761,卖盘
10:54:12,81.4,0.0,299,2428484,卖盘
10:54:15,81.4,0.0,192,1562704,买盘
10:54:18,81.4,0.0,103,838360,买盘
10:54:21,81.4,0.0,263,2140548,买盘
10:54:24,81.39,-0.01,40,325562,卖盘
10:54:27,81.38,-0.01,177,1440500,卖盘
10:54:30,81.38,0.0,20,162772,卖盘
10:54:33,81.38,0.0,115,935880,卖盘
10:54:36,81.37,-0.01,470,3824636,卖盘
10:54:39,81.37,0.0,38,309197,买盘
10:54:43,81.37,0.0,56,455626,买盘
10:54:45,81.37,0.0,57,463774,买盘
10:54:49,81.37,0.0,40,325452,买盘
10:54:51,81.35,-0.02,56,455604,卖盘
10:54:54,81.36,0.01,44,357981,买盘
10:54:56,81.36,0.0,31,252205,买盘
10:55:00,81.35,-0.01,111,902986,卖盘
10:55:03,81.36,0.01,96,781011,买盘
10:55:05,81.35,-0.01,130,1057569,卖盘
10:55:08,81.36,0.01,88,715831,买盘
10:55:12,81.35,-0.01,36,292846,卖盘
10:55:15,81.34,-0.01,234,1903488,卖盘
10:55:19,81.35,0.01,50,406773,买盘
10:55:22,81.35,0.0,31,252200,卖盘
10:55:23,81.35,0.0,7,56945,卖盘
10:55:27,81.35,0.0,101,821686,卖盘
10:55:30,81.35,0.0,85,691482,卖盘
10:55:33,81.36,0.01,59,480000,买盘
10:55:35,81.36,0.0,68,553213,卖盘
10:55:40,81.37,0.01,40,325437,买盘
10:55:41,81.37,0.0,35,284761,买盘
10:55:45,81.37,0.0,17,138321,买盘
10:55:47,81.37,0.0,32,260390,买盘
10:55:52,81.38,0.01,90,732336,买盘
10:55:53,81.38,0.0,47,382470,买盘
10:55:57,81.37,-0.01,49,398742,卖盘
10:56:00,81.37,0.0,41,333636,卖盘
10:56:02,81.38,0.01,48,390604,买盘
10:56:07,81.39,0.01,42,341830,买盘
10:56:09,81.39,0.0,23,187183,卖盘
10:56:13,81.39,0.0,36,292989,卖盘
10:56:15,81.4,0.01,60,488342,买盘
10:56:17,81.4,0.0,66,537225,买盘
10:56:20,81.39,-0.01,69,561606,卖盘
10:56:23,81.4,0.01,68,553501,买盘
10:56:26,81.4,0.0,23,187212,买盘
10:56:30,81.4,0.0,52,426210,买盘
10:56:34,81.39,-0.01,189,1535530,卖盘
10:56:36,81.4,0.01,33,268617,买盘
10:56:38,81.4,0.0,17,138376,买盘
10:56:43,81.4,0.0,168,1374190,买盘
10:56:46,81.4,0.0,165,1343067,买盘
10:56:48,81.4,0.0,101,816930,买盘
10:56:52,81.41,0.01,73,594253,买盘
10:56:53,81.41,0.0,128,1042016,买盘
10:56:57,81.41,0.0,17,138394,买盘
10:57:00,81.41,0.0,36,293070,买盘
10:57:04,81.41,0.0,95,773469,卖盘
10:57:05,81.41,0.0,79,643216,卖盘
10:57:09,81.42,0.01,44,358245,买盘
10:57:13,81.41,-0.01,227,1848303,卖盘
10:57:15,81.42,0.01,12,97704,卖盘
10:57:17,81.43,0.01,18,146560,买盘
10:57:21,81.42,-0.01,79,643276,卖盘
10:57:24,81.42,0.0,29,236132,卖盘
10:57:26,81.42,0.0,7,56995,卖盘
10:57:30,81.42,0.0,41,333826,卖盘
10:57:32,81.4,-0.02,837,6813501,卖盘
10:57:37,81.42,0.02,52,423377,中性盘
10:57:40,81.43,0.01,209,1701844,买盘
10:57:43,81.43,0.0,263,2141614,卖盘
10:57:45,81.43,0.0,19,154723,卖盘
10:57:49,81.44,0.01,20,162870,买盘
10:57:50,81.44,0.0,259,2108717,买盘
10:57:53,81.45,0.01,39,317631,买盘
10:57:56,81.45,0.0,31,252482,买盘
10:58:01,81.45,0.0,35,285064,买盘
10:58:02,81.46,0.01,96,781914,买盘
10:58:05,81.45,-0.01,49,399145,卖盘
10:58:09,81.46,0.01,1,8146,买盘
10:58:12,81.46,0.0,27,219926,买盘
10:58:14,81.45,-0.01,19,154760,卖盘
10:58:19,81.45,0.0,35,285095,卖盘
10:58:22,81.46,0.01,27,219937,买盘
10:58:23,81.46,0.0,15,122186,买盘
10:58:28,81.46,0.0,19,154771,买盘
10:58:31,81.45,-0.01,71,578323,卖盘
10:58:33,81.46,0.01,61,496921,中性盘
10:58:37,81.46,0.0,12,97757,卖盘
10:58:40,81.47,0.01,108,879869,买盘
10:58:43,81.47,0.0,12,97764,卖盘
10:58:46,81.47,0.0,5,40738,卖盘
10:58:49,81.47,0.0,54,439947,卖盘
10:58:51,81.47,0.0,96,782178,卖盘
10:58:53,81.47,0.0,5,40735,卖盘
10:58:58,81.48,0.01,21,171096,买盘
10:59:00,81.47,-0.01,29,236264,卖盘
10:59:04,81.47,0.0,58,472530,卖盘
10:59:07,81.47,0.0,150,1222160,卖盘
10:59:10,81.47,0.0,11,89625,卖盘
10:59:12,81.47,0.0,57,464407,卖盘
10:59:16,81.47,0.0,27,219975,买盘
10:59:19,81.47,0.0,13,105907,中性盘
10:59:22,81.46,-0.01,48,391013,卖盘
10:59:23,81.46,0.0,12,97753,卖盘
10:59:26,81.47,0.01,19,154784,买盘
10:59:31,81.46,-0.01,49,399174,卖盘
10:59:33,81.46,0.0,65,529502,卖盘
10:59:37,81.46,0.0,100,814616,卖盘
10:59:38,81.47,0.01,12,97755,买盘
10:59:43,81.46,-0.01,99,806543,卖盘
10:59:46,81.47,0.01,300,2444061,买盘
10:59:49,81.46,-0.01,29,236242,卖盘
10:59:52,81.46,0.0,56,456182,卖盘
10:59:55,81.46,0.0,53,431769,卖盘
10:59:56,81.46,0.0,33,268818,卖盘
11:00:01,81.46,0.0,53,431769,卖盘
11:00:02,81.47,0.01,16,130350,买盘
11:00:07,81.47,0.0,355,2891877,买盘
11:00:10,81.46,-0.01,37,301405,卖盘
11:00:13,81.45,-0.01,98,798249,卖盘
11:00:16,81.44,-0.01,82,667877,卖盘
11:00:19,81.43,-0.01,15,122150,卖盘
11:00:22,81.45,0.02,83,676041,买盘
11:00:25,81.44,-0.01,30,244357,卖盘
11:00:28,81.43,-0.01,17,138435,卖盘
11:00:30,81.43,0.0,7,56998,卖盘
11:00:34,81.42,-0.01,9,73288,卖盘
11:00:37,81.44,0.02,34,276842,买盘
11:00:40,81.41,-0.03,69,561732,卖盘
11:00:43,81.41,0.0,74,602437,卖盘
11:00:45,81.41,0.0,79,643109,中性盘
11:00:49,81.4,-0.01,63,512827,卖盘
11:00:51,81.41,0.01,53,431451,买盘
11:00:55,81.41,0.0,31,252350,买盘
11:00:57,81.41,0.0,39,317497,买盘
11:01:00,81.41,0.0,84,683849,卖盘
11:01:04,81.41,0.0,19,154688,卖盘
11:01:07,81.41,0.0,70,569943,卖盘
11:01:10,81.42,0.01,37,301223,买盘
11:01:11,81.41,-0.01,66,537324,卖盘
11:01:16,81.4,-0.01,82,667556,卖盘
11:01:17,81.43,0.03,116,944436,买盘
11:01:21,81.43,0.0,5,40712,买盘
11:01:24,81.42,-0.01,5,40708,买盘
11:01:28,81.43,0.01,12,97706,买盘
11:01:31,81.42,-0.01,30,244281,卖盘
11:01:32,81.42,0.0,11,89570,卖盘
11:01:37,81.42,0.0,3,24426,卖盘
11:01:40,81.42,0.0,11,89562,卖盘
11:01:43,81.43,0.01,35,284972,买盘
11:01:45,81.42,-0.01,28,227981,卖盘
11:01:47,81.42,0.0,11,89563,卖盘
11:01:52,81.42,0.0,4,32571,卖盘
11:01:55,81.42,0.0,70,569940,卖盘
11:01:57,81.41,-0.01,47,382666,卖盘
11:02:01,81.43,0.02,381,3102278,买盘
11:02:04,81.43,0.0,4,32572,卖盘
11:02:06,81.43,0.0,42,342015,卖盘
11:02:10,81.43,0.0,1,8143,卖盘
11:02:13,81.43,0.0,69,561917,卖盘
11:02:16,81.43,0.0,45,366460,卖盘
11:02:19,81.44,0.01,168,1368099,买盘
11:02:22,81.45,0.01,81,659741,买盘
11:02:23,81.44,-0.01,2,16289,卖盘
11:02:28,81.45,0.01,37,301350,买盘
11:02:31,81.45,0.0,411,3347098,买盘
11:02:34,81.44,-0.01,185,1506781,卖盘
11:02:37,81.45,0.01,160,1303076,买盘
11:02:40,81.45,0.0,42,342124,卖盘
11:02:41,81.46,0.01,85,692409,买盘
11:02:46,81.45,-0.01,50,407271,卖盘
11:02:49,81.46,0.01,28,228086,买盘
11:02:52,81.46,0.0,86,700545,买盘
11:02:55,81.46,0.0,50,407294,买盘
11:02:58,81.46,0.0,28,228089,买盘
11:03:01,81.46,0.0,27,219948,卖盘
11:03:04,81.46,0.0,41,334003,卖盘
11:03:07,81.47,0.01,99,806541,买盘
11:03:10,81.47,0.0,7,57026,买盘
11:03:13,81.46,-0.01,102,830905,卖盘
11:03:16,81.47,0.01,70,570253,买盘
11:03:17,81.47,0.0,27,219943,买盘
11:03:22,81.47,0.0,27,219966,买盘
11:03:25,81.47,0.0,97,790290,买盘
11:03:26,81.47,0.0,39,317704,买盘
11:03:31,81.46,-0.01,35,285125,卖盘
11:03:32,81.47,0.01,41,333997,买盘
11:03:36,81.48,0.01,115,936911,买盘
11:03:40,81.48,0.0,6,48883,买盘
11:03:43,81.48,0.0,96,782193,买盘
11:03:46,81.49,0.01,28,228157,买盘
11:03:49,81.49,0.0,30,244469,买盘
11:03:52,81.49,0.0,27,220016,买盘
11:03:55,81.49,0.0,17,138533,买盘
11:03:58,81.49,0.0,189,1540155,买盘
11:04:01,81.49,0.0,56,456329,买盘
11:04:04,81.48,-0.01,20,162975,卖盘
11:04:07,81.48,0.0,168,1369031,卖盘
11:04:10,81.5,0.02,154,1255077,买盘
11:04:13,81.48,-0.02,125,1018530,卖盘
11:04:15,81.49,0.01,51,415587,中性盘
11:04:19,81.49,0.0,86,700819,买盘
11:04:22,81.49,0.0,61,497130,卖盘
11:04:25,81.49,0.0,80,651936,卖盘
11:04:27,81.49,0.0,119,969646,买盘
11:04:31,81.48,-0.01,157,1279377,卖盘
11:04:34,81.48,0.0,75,611107,卖盘
11:04:37,81.47,-0.01,11,89626,卖盘
11:04:38,81.48,0.01,137,1116338,买盘
11:04:43,81.49,0.01,104,847437,买盘
11:04:46,81.48,-0.01,2,16296,卖盘
11:04:47,81.48,0.0,18,146666,卖盘
11:04:52,81.48,0.0,66,537794,卖盘
11:04:55,81.48,0.0,25,203696,买盘
11:04:58,81.48,0.0,48,391104,买盘
11:05:01,81.47,-0.01,14,114065,卖盘
11:05:02,81.48,0.01,283,2305519,买盘
11:05:06,81.48,0.0,82,668075,买盘
11:05:10,81.47,-0.01,23,187385,买盘
11:05:11,81.47,0.0,108,879793,买盘
11:05:16,81.47,0.0,30,244393,买盘
11:05:19,81.48,0.01,79,643686,买盘
11:05:22,81.48,0.0,85,692563,买盘
11:05:23,81.48,0.0,40,325918,买盘
11:05:28,81.48,0.0,107,871835,买盘
11:05:31,81.48,0.0,15,122222,卖盘
11:05:34,81.48,0.0,298,2428314,卖盘
11:05:37,81.48,0.0,40,325927,卖盘
11:05:40,81.48,0.0,117,953396,卖盘
11:05:43,81.49,0.01,21,171128,买盘
11:05:46,81.49,0.0,29,236310,买盘
11:05:47,81.49,0.0,35,285182,买盘
11:05:51,81.49,0.0,45,366669,买盘
11:05:53,81.49,0.0,230,1874060,买盘
11:05:58,81.49,0.0,76,619265,买盘
11:06:01,81.48,-0.01,34,277037,卖盘
11:06:04,81.49,0.01,26,211872,买盘
11:06:06,81.49,0.0,130,1059365,买盘
11:06:10,81.49,0.0,350,2852150,买盘
11:06:11,81.5,0.01,2,16299,买盘
11:06:16,81.5,0.0,28,228176,买盘
11:06:19,81.49,-0.01,72,586791,卖盘
11:06:22,81.49,0.0,8,65192,卖盘
11:06:25,81.5,0.01,66,537843,买盘
11:06:27,81.5,0.0,28,228199,买盘
11:06:31,81.49,-0.01,50,407470,卖盘
11:06:34,81.5,0.01,44,358597,买盘
11:06:37,81.5,0.0,50,407485,买盘
11:06:38,81.5,0.0,71,578648,买盘
11:06:43,81.5,0.0,28,228198,买盘
11:06:46,81.49,-0.01,16,130399,卖盘
11:06:49,81.5,0.01,9,73347,买盘
11:06:51,81.5,0.0,38,309700,买盘
11:06:53,81.5,0.0,39,317834,买盘
11:06:58,81.49,-0.01,77,627538,卖盘
11:07:01,81.49,0.0,120,977993,卖盘
11:07:04,81.49,0.0,70,570469,卖盘
11:07:07,81.5,0.01,79,643774,买盘
11:07:08,81.5,0.0,1356,11051396,买盘
11:07:13,81.51,0.01,263,2143666,买盘
11:07:16,81.51,0.0,343,2795678,买盘
11:07:17,81.51,0.0,30,244503,买盘
11:07:22,81.5,-0.01,119,969865,卖盘
11:07:25,81.5,0.0,55,448285,卖盘
11:07:27,81.51,0.01,27,220070,买盘
11:07:30,81.5,-0.01,487,3969052,卖盘
11:07:34,81.51,0.01,26,211911,买盘
11:07:37,81.51,0.0,18,146708,买盘
11:07:40,81.51,0.0,67,546091,买盘
11:07:43,81.51,0.0,43,350493,买盘
11:07:45,81.5,-0.01,49,399356,卖盘
11:07:49,81.51,0.01,511,4165159,买盘
11:07:51,81.51,0.0,35,285285,买盘
11:07:55,81.51,0.0,181,1475296,买盘
11:07:57,81.51,0.0,1840,14999309,买盘
11:08:01,81.51,0.0,134,1092245,卖盘
11:08:04,81.52,0.01,658,5364009,买盘
11:08:07,81.53,0.01,216,1760945,买盘
11:08:10,81.54,0.01,24,195689,买盘
11:08:13,81.54,0.0,33,269082,买盘
11:08:16,81.54,0.0,102,831655,卖盘
11:08:17,81.55,0.01,27,220178,买盘
11:08:21,81.54,-0.01,211,1720692,卖盘
11:08:23,81.54,0.0,153,1247705,卖盘
11:08:28,81.55,0.01,31,252793,买盘
11:08:31,81.55,0.0,10,81548,买盘
11:08:34,81.54,-0.01,157,1280317,卖盘
11:08:36,81.55,0.01,90,733951,买盘
11:08:40,81.55,0.0,138,1125503,卖盘
11:08:43,81.55,0.0,16,130486,卖盘
11:08:46,81.55,0.0,55,448528,卖盘
11:08:49,81.56,0.01,197,1606736,买盘
11:08:51,81.57,0.01,47,383335,买盘
11:08:53,81.56,-0.01,36,293621,卖盘
11:08:58,81.57,0.01,178,1451913,买盘
11:09:01,81.57,0.0,345,2814469,卖盘
11:09:02,81.57,0.0,74,603641,卖盘
11:09:07,81.57,0.0,262,2137230,中性盘
11:09:09,81.56,-0.01,162,1321423,卖盘
11:09:13,81.57,0.01,105,856484,买盘
11:09:15,81.57,0.0,102,832004,买盘
11:09:17,81.57,0.0,89,725906,买盘
11:09:21,81.58,0.01,69,562831,买盘
11:09:25,81.58,0.0,73,595520,买盘
11:09:28,81.58,0.0,30,244735,卖盘
11:09:31,81.59,0.01,111,905539,买盘
11:09:32,81.58,-0.01,68,554790,卖盘
11:09:37,81.57,-0.01,106,864701,卖盘
11:09:40,81.59,0.02,74,603737,买盘
11:09:43,81.59,0.0,23,187637,买盘
11:09:46,81.59,0.0,11,89738,买盘
11:09:49,81.59,0.0,25,203975,买盘
11:09:52,81.59,0.0,3,24476,买盘
11:09:55,81.57,-0.02,55,448695,卖盘
11:09:56,81.58,0.01,44,358928,买盘
11:10:00,81.58,0.0,66,538416,买盘
11:10:02,81.59,0.01,118,962667,买盘
11:10:06,81.58,-0.01,129,1052483,卖盘
11:10:10,81.59,0.01,168,1370591,买盘
11:10:13,81.59,0.0,111,905580,买盘
11:10:16,81.59,0.0,157,1280958,买盘
11:10:18,81.59,0.0,232,1892672,买盘
11:10:22,81.58,-0.01,63,513999,卖盘
11:10:23,81.58,0.0,82,668980,卖盘
11:10:28,81.59,0.01,85,693413,买盘
11:10:30,81.57,-0.02,173,1411284,卖盘
11:10:34,81.58,0.01,362,2953034,买盘
11:10:36,81.58,0.0,77,628171,卖盘
11:10:40,81.57,-0.01,51,416033,卖盘
11:10:41,81.58,0.01,36,293682,买盘
11:10:45,81.56,-0.02,183,1492607,卖盘
11:10:49,81.57,0.01,256,2088369,买盘
11:10:52,81.55,-0.02,284,2316554,卖盘
11:10:55,81.55,0.0,14,114196,卖盘
11:10:57,81.55,0.0,50,407794,卖盘
11:11:01,81.56,0.01,51,415952,买盘
11:11:04,81.57,0.01,55,448587,买盘
11:11:07,81.55,-0.02,336,2740877,卖盘
11:11:10,81.57,0.02,165,1345719,买盘
11:11:12,81.56,-0.01,118,962408,卖盘
11:11:15,81.54,-0.02,14,114178,卖盘
11:11:19,81.56,0.02,1642,13382760,买盘
11:11:22,81.56,0.0,32,260992,买盘
11:11:23,81.56,0.0,51,415965,卖盘
11:11:28,81.51,-0.05,46,375156,卖盘
11:11:30,81.51,0.0,23,187501,卖盘
11:11:34,81.53,0.02,8,65217,买盘
11:11:37,81.51,-0.02,14,114120,卖盘
11:11:39,81.52,0.01,9,73366,中性盘
11:11:41,81.54,0.02,10,81533,买盘
11:11:45,81.53,-0.01,23,187502,买盘
11:11:49,81.52,-0.01,28,228295,卖盘
11:11:52,81.54,0.02,24,195668,买盘
11:11:53,81.52,-0.02,41,334242,卖盘
11:11:56,81.53,0.01,16,130438,中性盘
11:12:01,81.54,0.01,24,195670,买盘
11:12:04,81.54,0.0,39,317970,买盘
11:12:06,81.53,-0.01,74,603326,卖盘
11:12:10,81.54,0.01,48,391388,买盘
11:12:13,81.54,0.0,9,73379,买盘
11:12:16,81.53,-0.01,49,399499,卖盘
11:12:19,81.53,0.0,126,1027297,卖盘
11:12:22,81.53,0.0,218,1777341,卖盘
11:12:25,81.52,-0.01,77,627764,卖盘
11:12:28,81.53,0.01,18,146739,中性盘
11:12:31,81.51,-0.02,1,8151,卖盘
11:12:34,81.52,0.01,25,203795,买盘
11:12:37,81.54,0.02,80,652196,买盘
11:12:40,81.53,-0.01,39,317966,中性盘
11:12:43,81.54,0.01,116,945828,买盘
11:12:46,81.53,-0.01,239,1948420,卖盘
11:12:49,81.53,0.0,15,122301,买盘
11:12:52,81.53,0.0,6,48918,卖盘
11:12:55,81.53,0.0,27,220130,买盘
11:12:58,81.53,0.0,11,89681,买盘
11:13:01,81.52,-0.01,11,89677,卖盘
11:13:04,81.52,0.0,74,603250,卖盘
11:13:07,81.52,0.0,14,114129,卖盘
11:13:09,81.52,0.0,51,415792,卖盘
11:13:13,81.52,0.0,122,994644,卖盘
11:13:16,81.53,0.01,44,358697,买盘
11:13:17,81.53,0.0,36,293504,买盘
11:13:22,81.52,-0.01,12,97828,卖盘
11:13:25,81.52,0.0,71,578795,卖盘
11:13:26,81.52,0.0,127,1035337,卖盘
11:13:30,81.52,0.0,338,2755392,卖盘
11:13:34,81.52,0.0,202,1646627,买盘
11:13:35,81.51,-0.01,43,350545,卖盘
11:13:39,81.51,0.0,17,138597,卖盘
11:13:43,81.5,-0.01,153,1247102,卖盘
11:13:46,81.5,0.0,10,81502,卖盘
11:13:49,81.51,0.01,49,399351,买盘
11:13:50,81.51,0.0,7,57057,买盘
11:13:53,81.5,-0.01,32,260820,卖盘
11:13:56,81.5,0.0,16,130413,卖盘
11:14:00,81.5,0.0,38,309705,卖盘
11:14:02,81.5,0.0,31,252672,卖盘
11:14:07,81.5,0.0,7,57050,卖盘
11:14:10,81.5,0.0,374,3048567,卖盘
11:14:13,81.5,0.0,41,334158,卖盘
11:14:16,81.51,0.01,145,1181804,买盘
11:14:19,81.51,0.0,40,326032,买盘
11:14:22,81.5,-0.01,73,594954,卖盘
11:14:25,81.51,0.01,144,1173610,买盘
11:14:26,81.51,0.0,62,505357,买盘
11:14:31,81.5,-0.01,46,374929,卖盘
11:14:34,81.5,0.0,102,831361,卖盘
11:14:36,81.5,0.0,23,187490,卖盘
11:14:40,81.51,0.01,6,48905,买盘
11:14:43,81.5,-0.01,41,334170,卖盘
11:14:46,81.5,0.0,23,187465,卖盘
11:14:49,81.5,0.0,10,81500,卖盘
11:14:52,81.5,0.0,7,57050,卖盘
11:14:53,81.5,0.0,214,1744120,卖盘
11:14:58,81.5,0.0,29,236351,卖盘
11:15:01,81.5,0.0,177,1442635,卖盘
11:15:04,81.5,0.0,44,358620,卖盘
11:15:05,81.5,0.0,60,489003,卖盘
11:15:10,81.5,0.0,79,643958,卖盘
11:15:13,81.51,0.01,12,97805,买盘
11:15:16,81.5,-0.01,118,961796,卖盘
11:15:17,81.5,0.0,54,440102,卖盘
11:15:22,81.5,0.0,24,195620,卖盘
11:15:25,81.52,0.02,103,839520,买盘
11:15:28,81.52,0.0,46,374993,卖盘
11:15:30,81.52,0.0,1,8152,卖盘
11:15:34,81.52,0.0,30,244563,卖盘
11:15:37,81.51,-0.01,16,130425,卖盘
11:15:40,81.51,0.0,38,309684,卖盘
11:15:43,81.5,-0.01,15,122250,卖盘
11:15:46,81.51,0.01,13,105961,买盘
11:15:49,81.51,0.0,33,268967,买盘
11:15:52,81.5,-0.01,24,195591,买盘
11:15:53,81.51,0.01,38,309709,买盘
11:15:58,81.5,-0.01,13,105953,卖盘
11:16:01,81.49,-0.01,162,1320143,卖盘
11:16:04,81.5,0.01,58,472670,买盘
11:16:07,81.5,0.0,47,383075,卖盘
11:16:10,81.5,0.0,73,594990,卖盘
11:16:13,81.5,0.0,23,187453,卖盘
11:16:16,81.5,0.0,107,872070,卖盘
11:16:19,81.51,0.01,37,301571,买盘
11:16:22,81.5,-0.01,23,187466,卖盘
11:16:23,81.5,0.0,4,32600,卖盘
11:16:28,81.5,0.0,106,863912,卖盘
11:16:31,81.5,0.0,10,81502,卖盘
11:16:32,81.51,0.01,52,423805,买盘
11:16:37,81.5,-0.01,14,114101,卖盘
11:16:40,81.5,0.0,74,603111,卖盘
11:16:43,81.49,-0.01,586,4775378,卖盘
11:16:45,81.5,0.01,36,293392,买盘
11:16:47,81.49,-0.01,19,154425,卖盘
11:16:52,81.5,0.01,47,383011,买盘
11:16:55,81.48,-0.02,61,497078,卖盘
11:16:58,81.48,0.0,4,32592,卖盘
11:17:01,81.48,0.0,8,65184,卖盘
11:17:04,81.48,0.0,43,350371,卖盘
11:17:07,81.48,0.0,78,635605,卖盘
11:17:10,81.5,0.02,66,537878,买盘
11:17:13,81.5,0.0,408,3325192,买盘
11:17:16,81.49,-0.01,39,317811,卖盘
11:17:17,81.49,0.0,61,497095,卖盘
11:17:22,81.5,0.01,42,342262,买盘
11:17:25,81.49,-0.01,111,904539,卖盘
11:17:28,81.49,0.0,31,252621,卖盘
11:17:31,81.5,0.01,38,309693,买盘
11:17:34,81.49,-0.01,23,187426,卖盘
11:17:37,81.49,0.0,15,122235,买盘
11:17:40,81.48,-0.01,51,415586,卖盘
11:17:43,81.49,0.01,318,2589941,买盘
11:17:45,81.5,0.01,115,937638,买盘
11:17:49,81.5,0.0,32,260800,卖盘
11:17:52,81.5,0.0,28,228200,卖盘
11:17:55,81.5,0.0,58,472700,卖盘
11:17:58,81.5,0.0,40,326015,卖盘
11:18:01,81.51,0.01,31,252661,买盘
11:18:04,81.51,0.0,8,65203,买盘
11:18:07,81.5,-0.01,43,350472,卖盘
11:18:10,81.51,0.01,197,1605660,买盘
11:18:11,81.5,-0.01,38,309711,卖盘
11:18:16,81.5,0.0,91,741704,卖盘
11:18:19,81.51,0.01,130,1059620,买盘
11:18:22,81.51,0.0,22,179322,卖盘
11:18:24,81.51,0.0,27,220084,卖盘
11:18:28,81.51,0.0,1,8151,卖盘
11:18:31,81.51,0.0,5,40755,卖盘
11:18:34,81.49,-0.02,379,3088622,卖盘
11:18:37,81.5,0.01,93,757950,买盘
11:18:40,81.52,0.02,252,2053934,买盘
11:18:42,81.5,-0.02,21,171171,卖盘
11:18:45,81.5,0.0,85,692755,卖盘
11:18:49,81.5,0.0,209,1703362,卖盘
11:18:52,81.51,0.01,13,105954,中性盘
11:18:55,81.52,0.01,24,195626,买盘
11:18:56,81.5,-0.02,15,122253,卖盘
11:19:01,81.5,0.0,26,211913,卖盘
11:19:04,81.52,0.02,43,350511,买盘
11:19:06,81.51,-0.01,38,309748,卖盘
11:19:10,81.52,0.01,64,521709,买盘
11:19:11,81.51,-0.01,2,16303,卖盘
11:19:16,81.51,0.0,18,147140,卖盘
11:19:19,81.52,0.01,29,236422,中性盘
11:19:22,81.51,-0.01,90,733602,卖盘
11:19:25,81.52,0.01,46,374989,买盘
11:19:28,81.52,0.0,7,57058,买盘
11:19:30,81.51,-0.01,26,211936,卖盘
11:19:32,81.51,0.0,62,505414,卖盘
11:19:36,81.51,0.0,107,872241,卖盘
11:19:40,81.51,0.0,101,823323,卖盘
11:19:42,81.52,0.01,54,440244,卖盘
11:19:46,81.52,0.0,21,171207,中性盘
11:19:49,81.53,0.01,46,375001,买盘
11:19:52,81.53,0.0,571,4654141,买盘
11:19:55,81.51,-0.02,5,40762,中性盘
11:19:58,81.5,-0.01,2,16300,卖盘
11:20:01,81.5,0.0,28,228204,卖盘
11:20:04,81.5,0.0,43,350427,买盘
11:20:07,81.49,-0.01,7,57049,卖盘
11:20:10,81.5,0.01,110,896476,买盘
11:20:13,81.49,-0.01,24,195588,卖盘
11:20:16,81.5,0.01,25,203750,买盘
11:20:17,81.49,-0.01,6,48899,卖盘
11:20:22,81.5,0.01,5,40749,买盘
11:20:23,81.49,-0.01,62,505286,卖盘
11:20:28,81.49,0.0,14,114086,卖盘
11:20:31,81.49,0.0,22,179297,卖盘
11:20:34,81.49,0.0,75,611238,卖盘
11:20:37,81.49,0.0,57,464531,卖盘
11:20:40,81.5,0.01,21,171132,买盘
11:20:41,81.49,-0.01,15,122236,卖盘
11:20:45,81.49,0.0,15,122242,卖盘
11:20:47,81.49,0.0,42,342258,卖盘
11:20:52,81.49,0.0,46,374855,卖盘
11:20:53,81.49,0.0,18,146682,卖盘
11:20:58,81.49,0.0,18,146683,卖盘
11:21:01,81.49,0.0,20,162990,卖盘
11:21:04,81.5,0.01,14,114088,买盘
11:21:07,81.49,-0.01,22,179285,卖盘
11:21:10,81.49,0.0,72,586768,卖盘
11:21:13,81.49,0.0,21,171136,卖盘
11:21:16,81.5,0.01,41,334146,买盘
11:21:19,81.48,-0.02,291,2370788,卖盘
11:21:22,81.49,0.01,32,260756,买盘
11:21:25,81.48,-0.01,6,48893,卖盘
11:21:28,81.49,0.01,1,8149,买盘
11:21:31,81.48,-0.01,45,366686,卖盘
11:21:34,81.49,0.01,52,423741,买盘
11:21:36,81.49,0.0,14,114075,买盘
11:21:40,81.49,0.0,2,16298,买盘
11:21:43,81.49,0.0,27,220012,买盘
11:21:45,81.48,-0.01,25,203710,卖盘
11:21:49,81.49,0.01,48,391129,买盘
11:21:50,81.48,-0.01,218,1776474,卖盘
11:21:55,81.48,0.0,162,1320052,卖盘
11:21:58,81.48,0.0,7,57036,卖盘
11:22:01,81.48,0.0,71,578559,卖盘
11:22:02,81.49,0.01,171,1393350,买盘
11:22:06,81.48,-0.01,58,472629,卖盘
11:22:09,81.49,0.01,80,651907,买盘
11:22:11,81.49,0.0,128,1043066,买盘
11:22:15,81.48,-0.01,220,1792763,卖盘
11:22:19,81.49,0.01,99,806750,买盘
11:22:22,81.49,0.0,174,1417925,买盘
11:22:25,81.48,-0.01,1416,11538724,卖盘
11:22:28,81.48,0.0,14,114061,买盘
11:22:31,81.48,0.0,10,81479,买盘
11:22:34,81.48,0.0,31,252577,买盘
11:22:37,81.48,0.0,51,415532,买盘
11:22:40,81.48,0.0,67,545881,买盘
11:22:41,81.47,-0.01,22,179246,卖盘
11:22:46,81.48,0.01,77,627343,买盘
11:22:49,81.49,0.01,87,708883,买盘
11:22:52,81.48,-0.01,9,73332,卖盘
11:22:55,81.49,0.01,5,40745,买盘
11:22:58,81.48,-0.01,44,358517,卖盘
11:23:01,81.48,0.0,120,977861,卖盘
11:23:04,81.48,0.0,39,317772,卖盘
11:23:07,81.48,0.0,25,203718,卖盘
11:23:10,81.49,0.01,111,904520,买盘
11:23:13,81.48,-0.01,45,366660,卖盘
11:23:16,81.49,0.01,11,89633,买盘
11:23:19,81.49,0.0,7,57039,买盘
11:23:22,81.48,-0.01,26,211848,卖盘
11:23:23,81.49,0.01,48,391151,买盘
11:23:28,81.49,0.0,29,236317,买盘
11:23:31,81.48,-0.01,15,122226,卖盘
11:23:34,81.48,0.0,21,171110,卖盘
11:23:37,81.48,0.0,22,179257,卖盘
11:23:40,81.48,0.0,182,1482948,卖盘
11:23:43,81.47,-0.01,21,171100,卖盘
11:23:46,81.48,0.01,29,236267,买盘
11:23:49,81.47,-0.01,39,317771,卖盘
11:23:52,81.47,0.0,13,105911,卖盘
11:23:55,81.47,0.0,21,171098,卖盘
11:23:58,81.47,0.0,32,260713,卖盘
11:24:01,81.48,0.01,45,366650,买盘
11:24:04,81.48,0.0,49,399251,卖盘
11:24:05,81.48,0.0,33,268889,卖盘
11:24:10,81.49,0.01,59,480777,买盘
11:24:13,81.49,0.0,46,374853,买盘
11:24:16,81.49,0.0,56,456344,卖盘
11:24:19,81.49,0.0,15,122235,卖盘
11:24:22,81.48,-0.01,41,334099,卖盘
11:24:25,81.49,0.01,26,211874,买盘
11:24:27,81.49,0.0,194,1580783,卖盘
11:24:31,81.49,0.0,10,81490,卖盘
11:24:32,81.5,0.01,60,488989,买盘
11:24:37,81.49,-0.01,33,268933,卖盘
11:24:39,81.48,-0.01,115,937123,卖盘
11:24:43,81.5,0.02,61,497143,买盘
11:24:46,81.48,-0.02,5,40743,中性盘
11:24:49,81.49,0.01,96,782295,买盘
11:24:52,81.49,0.0,253,2061946,卖盘
11:24:55,81.5,0.01,113,920943,买盘
11:24:58,81.5,0.0,60,488963,买盘
11:25:01,81.49,-0.01,36,293376,卖盘
11:25:04,81.5,0.01,755,6153223,买盘
11:25:07,81.49,-0.01,170,1385353,卖盘
11:25:10,81.5,0.01,75,611227,买盘
11:25:11,81.5,0.0,81,660122,买盘
11:25:16,81.5,0.0,81,660147,买盘
11:25:19,81.48,-0.02,124,1010401,卖盘
11:25:21,81.5,0.02,284,2314632,买盘
11:25:25,81.51,0.01,28,228204,卖盘
11:25:28,81.51,0.0,40,326069,卖盘
11:25:31,81.5,-0.01,31,252671,卖盘
11:25:34,81.5,0.0,10,81501,卖盘
11:25:37,81.51,0.01,25,203793,买盘
11:25:40,81.51,0.0,21,171163,买盘
11:25:43,81.51,0.0,20,163018,买盘
11:25:46,81.51,0.0,21,171159,买盘
11:25:49,81.51,0.0,50,407550,卖盘
11:25:52,81.51,0.0,61,497201,买盘
11:25:55,81.51,0.0,39,317905,卖盘
11:25:56,81.51,0.0,115,934985,卖盘
11:26:00,81.52,0.01,16,130440,中性盘
11:26:04,81.52,0.0,3,24457,卖盘
11:26:07,81.52,0.0,45,366841,卖盘
11:26:10,81.53,0.01,62,505480,买盘
11:26:13,81.53,0.0,11,89680,买盘
11:26:16,81.52,-0.01,36,293500,卖盘
11:26:19,81.53,0.01,53,432068,中性盘
11:26:22,81.53,0.0,12,97836,买盘
11:26:25,81.52,-0.01,17,138584,中性盘
11:26:26,81.51,-0.01,28,228243,卖盘
11:26:31,81.52,0.01,119,969984,买盘
11:26:34,81.52,0.0,20,163039,买盘
11:26:37,81.53,0.01,98,798874,买盘
11:26:40,81.51,-0.02,71,578826,卖盘
11:26:43,81.52,0.01,28,228245,买盘
11:26:46,81.51,-0.01,4,32607,卖盘
11:26:49,81.52,0.01,41,334221,买盘
11:26:52,81.51,-0.01,48,391264,卖盘
11:26:55,81.52,0.01,90,733639,买盘
11:26:58,81.53,0.01,28,228270,买盘
11:27:01,81.51,-0.02,16,130430,卖盘
11:27:04,81.52,0.01,48,391268,卖盘
11:27:07,81.52,0.0,19,154888,买盘
11:27:10,81.53,0.01,53,432094,买盘
11:27:13,81.52,-0.01,43,350536,中性盘
11:27:16,81.52,0.0,18,146737,卖盘
11:27:19,81.52,0.0,51,415752,卖盘
11:27:20,81.51,-0.01,146,1190122,卖盘
11:27:25,81.53,0.02,131,1067981,买盘
11:27:26,81.53,0.0,26,211964,买盘
11:27:31,81.53,0.0,44,358663,买盘
11:27:34,81.53,0.0,113,921871,买盘
11:27:37,81.53,0.0,50,407670,卖盘
11:27:39,81.53,0.0,5,40765,卖盘
11:27:43,81.54,0.01,8,65224,买盘
11:27:46,81.51,-0.03,13,105977,卖盘
11:27:49,81.52,0.01,14,114141,中性盘
11:27:52,81.53,0.01,57,464720,买盘
11:27:55,81.53,0.0,36,293496,买盘
11:27:58,81.51,-0.02,37,301643,卖盘
11:28:00,81.52,0.01,122,994633,买盘
11:28:04,81.52,0.0,20,163033,买盘
11:28:07,81.52,0.0,16,130432,买盘
11:28:10,81.52,0.0,40,326059,买盘
11:28:13,81.52,0.0,89,725515,买盘
11:28:16,81.5,-0.02,523,4264468,卖盘
11:28:17,81.49,-0.01,40,325963,卖盘
11:28:22,81.49,0.0,50,407479,卖盘
11:28:23,81.5,0.01,18,146699,买盘
11:28:27,81.5,0.0,82,668238,买盘
11:28:31,81.5,0.0,76,619348,买盘
11:28:34,81.5,0.0,199,1621661,买盘
11:28:37,81.5,0.0,33,268940,买盘
11:28:40,81.49,-0.01,20,162986,卖盘
11:28:43,81.5,0.01,15,122249,买盘
11:28:46,81.49,-0.01,16,130390,卖盘
11:28:49,81.5,0.01,13,105946,买盘
11:28:51,81.49,-0.01,40,325979,卖盘
11:28:55,81.49,0.0,40,325969,卖盘
11:28:58,81.49,0.0,226,1841695,卖盘
11:29:01,81.49,0.0,13,105938,卖盘
11:29:04,81.5,0.01,60,488970,买盘
11:29:05,81.5,0.0,27,220031,买盘
11:29:10,81.49,-0.01,48,391159,卖盘
11:29:13,81.49,0.0,191,1556638,卖盘
11:29:16,81.49,0.0,71,577440,卖盘
11:29:19,81.5,0.01,12,97795,买盘
11:29:21,81.49,-0.01,12,97790,卖盘
11:29:23,81.5,0.01,22,179288,买盘
11:29:28,81.49,-0.01,48,391173,卖盘
11:29:31,81.49,0.0,33,268932,卖盘
11:29:34,81.49,0.0,20,162985,卖盘
11:29:37,81.49,0.0,49,399336,卖盘
11:29:39,81.49,0.0,10,81491,卖盘
11:29:42,81.5,0.01,12,97796,买盘
11:29:45,81.5,0.0,25,203738,买盘
11:29:49,81.49,-0.01,26,211887,卖盘
11:29:52,81.49,0.0,77,627477,卖盘
11:29:53,81.49,0.0,91,741634,卖盘
11:29:57,81.5,0.01,183,1491437,买盘
11:30:01,81.49,-0.01,11,89647,卖盘
13:00:01,81.5,0.01,1397,11383797,买盘
13:00:04,81.5,0.0,928,7563452,卖盘
13:00:07,81.5,0.0,369,3007389,卖盘
13:00:09,81.54,0.04,53,432069,买盘
13:00:13,81.54,0.0,16,130462,买盘
13:00:16,81.53,-0.01,20,163077,卖盘
13:00:19,81.54,0.01,30,244615,买盘
13:00:22,81.53,-0.01,85,693024,卖盘
13:00:24,81.54,0.01,31,252771,中性盘
13:00:28,81.54,0.0,361,2943800,买盘
13:00:31,81.53,-0.01,109,888866,卖盘
13:00:34,81.56,0.03,376,3066313,买盘
13:00:37,81.55,-0.01,48,391474,卖盘
13:00:40,81.55,0.0,57,464811,卖盘
13:00:43,81.57,0.02,222,1810700,买盘
13:00:45,81.58,0.01,19,154992,买盘
13:00:49,81.58,0.0,57,465000,买盘
13:00:52,81.57,-0.01,94,766750,卖盘
13:00:54,81.56,-0.01,76,619875,卖盘
13:00:58,81.57,0.01,15,122341,买盘
13:01:01,81.56,-0.01,3,24469,卖盘
13:01:03,81.57,0.01,18,146811,买盘
13:01:07,81.57,0.0,214,1745503,买盘
13:01:09,81.57,0.0,11,89722,买盘
13:01:13,81.56,-0.01,148,1207231,卖盘
13:01:16,81.55,-0.01,70,570888,卖盘
13:01:19,81.53,-0.02,198,1614482,卖盘
13:01:22,81.56,0.03,73,595337,买盘
13:01:25,81.54,-0.02,11,89702,卖盘
13:01:28,81.52,-0.02,171,1394133,卖盘
13:01:31,81.54,0.02,57,464672,买盘
13:01:33,81.52,-0.02,168,1369703,中性盘
13:01:36,81.52,0.0,214,1744422,买盘
13:01:40,81.52,0.0,79,643991,买盘
13:01:43,81.52,0.0,14,114130,买盘
13:01:46,81.52,0.0,23,187496,买盘
13:01:49,81.52,0.0,143,1165595,买盘
13:01:51,81.52,0.0,458,3733082,买盘
13:01:55,81.52,0.0,21,171188,买盘
13:01:58,81.51,-0.01,33,269011,卖盘
13:02:00,81.51,0.0,18,146721,卖盘
13:02:04,81.5,-0.01,84,684703,卖盘
13:02:06,81.51,0.01,31,252697,中性盘
13:02:10,81.5,-0.01,9,73356,卖盘
13:02:13,81.51,0.01,97,790624,买盘
13:02:16,81.51,0.0,106,863954,买盘
13:02:19,81.5,-0.01,382,3113724,卖盘
13:02:22,81.51,0.01,166,1353067,买盘
13:02:25,81.51,0.0,29,236379,卖盘
13:02:28,81.52,0.01,75,611400,买盘
13:02:31,81.51,-0.01,57,464607,卖盘
13:02:34,81.51,0.0,46,374979,卖盘
13:02:36,81.51,0.0,79,643935,卖盘
13:02:40,81.51,0.0,35,285292,卖盘
13:02:43,81.51,0.0,69,562447,卖盘
13:02:46,81.52,0.01,72,593111,买盘
13:02:49,81.53,0.01,787,6414263,买盘
13:02:52,81.52,-0.01,29,236410,卖盘
13:02:54,81.53,0.01,47,383140,买盘
13:02:58,81.52,-0.01,11,89672,中性盘
13:03:01,81.53,0.01,127,1035312,买盘
13:03:04,81.52,-0.01,101,823450,中性盘
13:03:07,81.52,0.0,26,211963,卖盘
13:03:10,81.51,-0.01,107,872190,卖盘
13:03:13,81.53,0.02,96,782552,买盘
13:03:16,81.52,-0.01,5,40760,中性盘
13:03:19,81.52,0.0,19,154900,卖盘
13:03:22,81.53,0.01,23,187509,买盘
13:03:25,81.52,-0.01,28,228256,卖盘
13:03:28,81.52,0.0,55,448410,卖盘
13:03:31,81.52,0.0,61,497272,卖盘
13:03:34,81.52,0.0,6,48911,买盘
13:03:37,81.52,0.0,37,301624,买盘
13:03:40,81.52,0.0,78,635784,买盘
13:03:42,81.52,0.0,12,97824,买盘
13:03:45,81.52,0.0,30,244558,买盘
13:03:49,81.52,0.0,230,1874897,买盘
13:03:51,81.52,0.0,3,24456,卖盘
13:03:55,81.52,0.0,49,399480,卖盘
13:03:58,81.53,0.01,49,399493,买盘
13:04:01,81.53,0.0,538,4385790,买盘
13:04:03,81.53,0.0,116,945732,买盘
13:04:06,81.52,-0.01,36,293483,卖盘
13:04:10,81.53,0.01,134,1092433,买盘
13:04:13,81.53,0.0,60,489169,买盘
13:04:16,81.54,0.01,19,154902,买盘
13:04:18,81.53,-0.01,24,195663,卖盘
13:04:21,81.53,0.0,70,570714,卖盘
13:04:24,81.53,0.0,50,407669,卖盘
13:04:28,81.54,0.01,47,383227,买盘
13:04:31,81.53,-0.01,44,358773,卖盘
13:04:33,81.53,0.0,6,48920,卖盘
13:04:37,81.53,0.0,34,277206,卖盘
13:04:40,81.53,0.0,58,472868,卖盘
13:04:42,81.53,0.0,46,375042,买盘
13:04:45,81.54,0.01,18,146771,买盘
13:04:49,81.54,0.0,13,105997,买盘
13:04:52,81.54,0.0,31,252744,买盘
13:04:54,81.53,-0.01,3,24459,卖盘
13:04:58,81.53,0.0,9,73377,买盘
13:05:01,81.54,0.01,171,1394143,买盘
13:05:04,81.53,-0.01,110,896894,中性盘
13:05:07,81.54,0.01,14,114156,买盘
13:05:10,81.54,0.0,108,880482,买盘
13:05:12,81.55,0.01,49,399594,买盘
13:05:15,81.54,-0.01,24,195701,卖盘
13:05:19,81.55,0.01,92,750257,买盘
13:05:22,81.55,0.0,11,89710,卖盘
13:05:25,81.56,0.01,3,24467,买盘
13:05:28,81.55,-0.01,129,1052017,卖盘
13:05:31,81.55,0.0,147,1198795,卖盘
13:05:34,81.55,0.0,182,1484308,卖盘
13:05:37,81.56,0.01,156,1272297,买盘
13:05:40,81.56,0.0,86,701342,买盘
13:05:43,81.57,0.01,34,277306,买盘
13:05:46,81.56,-0.01,143,1166340,卖盘
13:05:49,81.56,0.0,28,228368,卖盘
13:05:51,81.56,0.0,54,440400,买盘
13:05:54,81.57,0.01,44,358896,买盘
13:05:58,81.56,-0.01,78,636203,卖盘
13:06:00,81.56,0.0,86,701415,卖盘
13:06:04,81.56,0.0,125,1019371,买盘
13:06:07,81.56,0.0,5,40780,卖盘
13:06:10,81.56,0.0,40,326244,卖盘
13:06:12,81.57,0.01,81,660686,买盘
13:06:16,81.56,-0.01,47,383333,卖盘
13:06:19,81.56,0.0,29,236525,买盘
13:06:22,81.56,0.0,37,301788,卖盘
13:06:24,81.56,0.0,106,864552,卖盘
13:06:28,81.56,0.0,77,628068,卖盘
13:06:31,81.55,-0.01,59,481191,卖盘
13:06:34,81.57,0.02,112,913517,买盘
13:06:37,81.57,0.0,47,383360,买盘
13:06:39,81.56,-0.01,47,383337,卖盘
13:06:43,81.56,0.0,118,962440,买盘
13:06:46,81.55,-0.01,26,212057,卖盘
13:06:49,81.56,0.01,9,73397,买盘
13:06:51,81.55,-0.01,40,326200,卖盘
13:06:55,81.56,0.01,13,106025,买盘
13:06:58,81.55,-0.01,35,285446,卖盘
13:07:01,81.55,0.0,35,285453,卖盘
13:07:04,81.56,0.01,125,1019403,买盘
13:07:06,81.55,-0.01,167,1361964,卖盘
13:07:09,81.56,0.01,153,1247861,买盘
13:07:13,81.55,-0.01,20,163125,卖盘
13:07:16,81.56,0.01,56,456750,卖盘
13:07:19,81.56,0.0,38,309941,卖盘
13:07:22,81.56,0.0,72,587232,卖盘
13:07:25,81.56,0.0,7,57092,卖盘
13:07:28,81.56,0.0,34,277325,买盘
13:07:31,81.56,0.0,63,513879,卖盘
13:07:33,81.56,0.0,21,171281,卖盘
13:07:37,81.57,0.01,103,840155,买盘
13:07:40,81.56,-0.01,101,823802,卖盘
13:07:43,81.57,0.01,104,848301,买盘
13:07:46,81.56,-0.01,66,538334,卖盘
13:07:48,81.57,0.01,36,293637,买盘
13:07:52,81.56,-0.01,10,81569,卖盘
13:07:55,81.57,0.01,76,619925,买盘
13:07:58,81.57,0.0,44,358908,买盘
13:08:01,81.56,-0.01,20,163129,卖盘
13:08:04,81.56,0.0,64,521987,卖盘
13:08:07,81.57,0.01,49,399674,买盘
13:08:09,81.57,0.0,93,758513,买盘
13:08:13,81.57,0.0,69,562825,买盘
13:08:16,81.57,0.0,419,3418157,买盘
13:08:19,81.57,0.0,33,269194,卖盘
13:08:22,81.57,0.0,39,318151,卖盘
13:08:25,81.59,0.02,328,2675816,买盘
13:08:27,81.57,-0.02,41,334457,卖盘
13:08:31,81.58,0.01,36,293673,买盘
13:08:34,81.6,0.02,2708,22096544,买盘
13:08:37,81.58,-0.02,137,1117852,卖盘
13:08:40,81.59,0.01,26,212112,中性盘
13:08:43,81.58,-0.01,14,114219,卖盘
13:08:46,81.58,0.0,410,3344844,卖盘
13:08:48,81.6,0.02,90,734260,中性盘
13:08:52,81.61,0.01,30,244805,买盘
13:08:55,81.6,-0.01,98,799691,卖盘
13:08:58,81.61,0.01,183,1493463,买盘
13:09:01,81.61,0.0,25,204021,买盘
13:09:03,81.61,0.0,44,359087,卖盘
13:09:07,81.61,0.0,39,318311,卖盘
13:09:09,81.61,0.0,37,301960,卖盘
13:09:12,81.61,0.0,15,122420,卖盘
13:09:16,81.62,0.01,298,2432368,买盘
13:09:19,81.62,0.0,5,40810,卖盘
13:09:21,81.63,0.01,9,73461,买盘
13:09:25,81.63,0.0,40,326524,买盘
13:09:28,81.63,0.0,43,351010,卖盘
13:09:31,81.63,0.0,30,244892,卖盘
13:09:34,81.64,0.01,29,236745,买盘
13:09:37,81.63,-0.01,20,163268,卖盘
13:09:40,81.63,0.0,159,1297964,卖盘
13:09:43,81.64,0.01,288,2351221,买盘
13:09:45,81.63,-0.01,119,971477,卖盘
13:09:49,81.65,0.02,17,138786,买盘
13:09:52,81.64,-0.01,44,359217,卖盘
13:09:55,81.64,0.0,29,236770,卖盘
13:09:58,81.65,0.01,201,1641111,买盘
13:10:01,81.65,0.0,1136,9275389,买盘
13:10:04,81.65,0.0,440,3592600,买盘
13:10:06,81.65,0.0,239,1951609,买盘
13:10:09,81.66,0.01,1073,8757601,买盘
13:10:13,81.65,-0.01,40,326609,卖盘
13:10:16,81.65,0.0,58,473645,卖盘
13:10:19,81.67,0.02,110,899652,买盘
13:10:22,81.67,0.0,28,228665,买盘
13:10:25,81.67,0.0,40,326657,买盘
13:10:27,81.67,0.0,61,498183,买盘
13:10:30,81.66,-0.01,635,5186022,卖盘
13:10:34,81.66,0.0,112,914701,卖盘
13:10:37,81.67,0.01,16,130669,中性盘
13:10:39,81.67,0.0,41,334878,买盘
13:10:42,81.68,0.01,148,1208833,买盘
13:10:46,81.68,0.0,143,1168007,买盘
13:10:49,81.68,0.0,262,2140000,买盘
13:10:52,81.68,0.0,326,2662729,买盘
13:10:55,81.68,0.0,10,81680,卖盘
13:10:58,81.68,0.0,131,1070068,卖盘
13:11:01,81.69,0.01,760,6208439,买盘
13:11:04,81.7,0.01,1291,10547589,买盘
13:11:07,81.7,0.0,50,408514,卖盘
13:11:10,81.73,0.03,249,2034878,买盘
13:11:13,81.73,0.0,30,245205,卖盘
13:11:16,81.73,0.0,95,776507,卖盘
13:11:18,81.74,0.01,44,359649,买盘
13:11:22,81.75,0.01,61,498638,买盘
13:11:25,81.74,-0.01,141,1152666,卖盘
13:11:27,81.75,0.01,199,1626815,买盘
13:11:31,81.76,0.01,141,1152696,买盘
13:11:34,81.77,0.01,183,1496281,买盘
13:11:37,81.77,0.0,86,703150,买盘
13:11:40,81.77,0.0,122,997496,买盘
13:11:43,81.76,-0.01,84,686806,卖盘
13:11:46,81.77,0.01,306,2502334,买盘
13:11:49,81.76,-0.01,138,1128399,卖盘
13:11:51,81.77,0.01,69,564229,买盘
13:11:55,81.76,-0.01,318,2599972,卖盘
13:11:58,81.77,0.01,266,2175266,买盘
13:12:00,81.77,0.0,130,1063021,卖盘
13:12:04,81.77,0.0,31,253476,买盘
13:12:07,81.77,0.0,110,899476,买盘
13:12:10,81.76,-0.01,193,1578076,卖盘
13:12:13,81.77,0.01,117,956745,中性盘
13:12:16,81.77,0.0,2375,19426450,买盘
13:12:18,81.79,0.02,38,310772,买盘
13:12:21,81.78,-0.01,55,449764,买盘
13:12:24,81.79,0.01,71,580649,买盘
13:12:28,81.78,-0.01,107,875049,卖盘
13:12:31,81.78,0.0,203,1660117,卖盘
13:12:34,81.78,0.0,59,482500,买盘
13:12:37,81.77,-0.01,131,1071563,卖盘
13:12:40,81.78,0.01,73,596989,买盘
13:12:43,81.79,0.01,79,646113,买盘
13:12:45,81.78,-0.01,101,825984,卖盘
13:12:49,81.78,0.0,182,1488447,卖盘
13:12:52,81.78,0.0,158,1292165,卖盘
13:12:55,81.78,0.0,40,327120,买盘
13:12:58,81.78,0.0,83,678773,买盘
13:13:00,81.78,0.0,306,2502636,买盘
13:13:04,81.79,0.01,75,613351,买盘
13:13:07,81.79,0.0,116,948749,买盘
13:13:09,81.78,-0.01,141,1153204,卖盘
13:13:13,81.78,0.0,82,670613,卖盘
13:13:15,81.79,0.01,292,2388253,买盘
13:13:19,81.78,-0.01,2126,17389940,卖盘
13:13:22,81.78,0.0,99,809628,买盘
13:13:25,81.8,0.02,1187,9709799,买盘
13:13:28,81.8,0.0,97,793465,卖盘
13:13:31,81.8,0.0,187,1529699,卖盘
13:13:34,81.8,0.0,81,662637,卖盘
13:13:37,81.8,0.0,90,736219,卖盘
13:13:39,81.83,0.03,484,3959266,买盘
13:13:43,81.83,0.0,27,220941,卖盘
13:13:46,81.83,0.0,26,212773,卖盘
13:13:49,81.83,0.0,34,278246,卖盘
13:13:52,81.84,0.01,401,3281745,买盘
13:13:55,81.83,-0.01,90,736551,卖盘
13:13:57,81.85,0.02,152,1244008,买盘
13:14:01,81.85,0.0,93,761150,买盘
13:14:04,81.85,0.0,301,2463563,买盘
13:14:08,81.84,-0.01,96,785745,卖盘
13:14:10,81.85,0.01,96,785757,买盘
13:14:12,81.85,0.0,307,2512997,买盘
13:14:16,81.86,0.01,168,1375121,买盘
13:14:19,81.85,-0.01,97,794028,卖盘
13:14:22,81.85,0.0,73,597556,卖盘
13:14:25,81.86,0.01,71,581160,买盘
13:14:27,81.85,-0.01,181,1481583,卖盘
13:14:30,81.85,0.0,57,466583,卖盘
13:14:34,81.86,0.01,129,1053906,买盘
13:14:37,81.86,0.0,79,646716,卖盘
13:14:40,81.87,0.01,493,4036105,买盘
13:14:43,81.86,-0.01,46,376545,卖盘
13:14:45,81.87,0.01,76,622143,买盘
13:14:49,81.86,-0.01,36,294715,卖盘
13:14:52,81.87,0.01,25,204671,买盘
13:14:55,81.87,0.0,63,515768,买盘
13:14:58,81.87,0.0,97,794131,买盘
13:15:01,81.87,0.0,451,3692338,买盘
13:15:04,81.87,0.0,52,425710,买盘
13:15:07,81.87,0.0,142,1162461,买盘
13:15:10,81.87,0.0,187,1530918,买盘
13:15:12,81.87,0.0,168,1375416,买盘
13:15:15,81.87,0.0,122,998865,卖盘
13:15:19,81.87,0.0,277,2268021,卖盘
13:15:21,81.87,0.0,120,982440,卖盘
13:15:25,81.87,0.0,89,728647,卖盘
13:15:28,81.87,0.0,81,663176,买盘
13:15:31,81.88,0.01,404,3307611,买盘
13:15:33,81.87,-0.01,92,753195,中性盘
13:15:37,81.87,0.0,60,491198,买盘
13:15:40,81.87,0.0,126,1031563,买盘
13:15:43,81.86,-0.01,135,1105322,卖盘
13:15:45,81.87,0.01,107,875961,买盘
13:15:49,81.87,0.0,353,2889675,买盘
13:15:52,81.87,0.0,124,1015218,买盘
13:15:55,81.86,-0.01,103,843239,卖盘
13:15:58,81.86,0.0,31,253765,买盘
13:16:01,81.86,0.0,46,376543,买盘
13:16:04,81.85,-0.01,226,1849894,卖盘
13:16:07,81.86,0.01,146,1195026,买盘
13:16:10,81.83,-0.03,49,401012,卖盘
13:16:13,81.85,0.02,29,237352,买盘
13:16:16,81.84,-0.01,99,810285,卖盘
13:16:19,81.84,0.0,80,654723,卖盘
13:16:22,81.84,0.0,18,147312,买盘
13:16:24,81.84,0.0,31,253697,买盘
13:16:28,81.84,0.0,24,196398,买盘
13:16:30,81.83,-0.01,99,816586,卖盘
13:16:34,81.83,0.0,149,1219388,卖盘
13:16:36,81.82,-0.01,317,2590336,卖盘
13:16:39,81.82,0.0,10,81811,买盘
13:16:43,81.82,0.0,65,531849,买盘
13:16:46,81.82,0.0,82,670902,买盘
13:16:49,81.81,-0.01,163,1333583,卖盘
13:16:52,81.82,0.01,130,1063602,买盘
13:16:55,81.81,-0.01,108,883642,卖盘
13:16:57,81.81,0.0,93,760896,卖盘
13:17:01,81.81,0.0,102,834526,卖盘
13:17:04,81.81,0.0,233,1906204,卖盘
13:17:06,81.81,0.0,151,1235337,卖盘
13:17:10,81.81,0.0,74,605405,卖盘
13:17:13,81.81,0.0,602,4925516,卖盘
13:17:16,81.81,0.0,66,539979,卖盘
13:17:19,81.81,0.0,30,245428,买盘
13:17:22,81.81,0.0,19,155427,买盘
13:17:24,81.8,-0.01,49,400845,卖盘
13:17:28,81.81,0.01,314,2568760,买盘
13:17:30,81.81,0.0,168,1374490,买盘
13:17:34,81.81,0.0,72,589048,卖盘
13:17:37,81.81,0.0,38,310885,卖盘
13:17:40,81.81,0.0,194,1587253,卖盘
13:17:43,81.81,0.0,95,777248,卖盘
13:17:46,81.81,0.0,328,2683635,卖盘
13:17:48,81.82,0.01,151,1235503,买盘
13:17:52,81.84,0.02,289,2364589,买盘
13:17:55,81.86,0.02,1016,8316252,买盘
13:17:58,81.83,-0.03,18,147281,中性盘
13:18:01,81.84,0.01,66,540039,买盘
13:18:04,81.84,0.0,54,441954,买盘
13:18:07,81.88,0.04,626,5124921,买盘
13:18:09,81.85,-0.03,8,65477,买盘
13:18:13,81.84,-0.01,74,605677,卖盘
13:18:16,81.88,0.04,256,2095797,买盘
13:18:19,81.86,-0.02,144,1178887,中性盘
13:18:21,81.87,0.01,456,3733556,买盘
13:18:24,81.86,-0.01,39,319286,中性盘
13:18:27,81.87,0.01,105,859719,中性盘
13:18:31,81.88,0.01,190,1555690,买盘
13:18:33,81.87,-0.01,44,360251,卖盘
13:18:37,81.89,0.02,597,4888535,买盘
13:18:40,81.88,-0.01,85,696037,中性盘
13:18:43,81.89,0.01,42,343912,买盘
13:18:45,81.88,-0.01,48,393043,卖盘
13:18:49,81.89,0.01,238,1949134,买盘
13:18:52,81.89,0.0,36,294815,卖盘
13:18:54,81.89,0.0,62,507763,卖盘
13:18:58,81.9,0.01,53,434031,买盘
13:19:01,81.9,0.0,487,3988518,买盘
13:19:03,81.9,0.0,242,1981969,买盘
13:19:07,81.9,0.0,417,3415222,买盘
13:19:10,81.9,0.0,172,1408715,买盘
13:19:13,81.9,0.0,57,466867,卖盘
13:19:16,81.9,0.0,59,483258,卖盘
13:19:19,81.91,0.01,136,1114006,买盘
13:19:22,81.91,0.0,60,491507,卖盘
13:19:25,81.91,0.0,36,294903,卖盘
13:19:28,81.92,0.01,227,1859781,买盘
13:19:31,81.91,-0.01,157,1286187,卖盘
13:19:34,81.94,0.03,44,360475,买盘
13:19:37,81.93,-0.01,85,696433,卖盘
13:19:40,81.93,0.0,127,1040614,卖盘
13:19:42,81.94,0.01,160,1310978,买盘
13:19:46,81.94,0.0,126,1032414,买盘
13:19:49,81.94,0.0,20,163865,买盘
13:19:52,81.94,0.0,290,2376242,买盘
13:19:55,81.95,0.01,262,2147007,买盘
13:19:58,81.95,0.0,87,712901,买盘
13:20:01,81.95,0.0,24,196660,买盘
13:20:04,81.94,-0.01,143,1171805,卖盘
13:20:07,81.92,-0.02,537,4399589,卖盘
13:20:11,81.95,0.03,101,827487,买盘
13:20:12,81.95,0.0,105,860401,买盘
13:20:16,81.94,-0.01,214,1753541,卖盘
13:20:19,81.95,0.01,96,786683,买盘
13:20:21,81.94,-0.01,135,1104150,卖盘
13:20:24,81.95,0.01,193,1581579,买盘
13:20:27,81.94,-0.01,516,4228604,卖盘
13:20:31,81.95,0.01,99,811248,买盘
13:20:35,81.95,0.0,224,1835610,买盘
13:20:37,81.95,0.0,78,639210,卖盘
13:20:39,81.95,0.0,91,745750,卖盘
13:20:42,81.95,0.0,188,1540694,卖盘
13:20:46,81.95,0.0,38,311415,卖盘
13:20:50,81.96,0.01,129,1057164,买盘
13:20:53,81.95,-0.01,201,1647164,卖盘
13:20:55,81.96,0.01,73,598269,买盘
13:20:58,81.96,0.0,208,1704613,买盘
13:21:01,81.94,-0.02,67,549080,卖盘
13:21:04,81.95,0.01,138,1131012,买盘
13:21:07,81.95,0.0,147,1204637,卖盘
13:21:10,81.95,0.0,254,2081488,买盘
13:21:14,81.94,-0.01,19,157822,卖盘
13:21:16,81.95,0.01,42,342029,买盘
13:21:19,81.95,0.0,96,786701,买盘
13:21:23,81.95,0.0,44,360575,买盘
13:21:25,81.95,0.0,67,549013,买盘
13:21:28,81.95,0.0,219,1794600,买盘
13:21:30,81.95,0.0,120,985483,买盘
13:21:34,81.94,-0.01,135,1106285,买盘
13:21:36,81.94,0.0,24,196656,买盘
13:21:41,81.94,0.0,81,663681,买盘
13:21:42,81.94,0.0,167,1368453,买盘
13:21:47,81.95,0.01,115,942293,买盘
13:21:50,81.94,-0.01,73,598125,卖盘
13:21:51,81.94,0.0,29,237623,卖盘
13:21:55,81.93,-0.01,14,114708,卖盘
13:21:57,81.93,0.0,92,753758,卖盘
13:22:01,81.92,-0.01,197,1613832,卖盘
13:22:03,81.93,0.01,107,876640,买盘
13:22:07,81.92,-0.01,41,335897,卖盘
13:22:10,81.91,-0.01,9,73722,卖盘
13:22:14,81.91,0.0,184,1507165,卖盘
13:22:15,81.93,0.02,84,688154,买盘
13:22:20,81.92,-0.01,107,876613,卖盘
13:22:22,81.93,0.01,172,1409049,买盘
13:22:25,81.91,-0.02,27,221185,卖盘
13:22:29,81.92,0.01,19,155648,买盘
13:22:32,81.91,-0.01,299,2448853,卖盘
13:22:34,81.91,0.0,145,1187567,卖盘
13:22:38,81.9,-0.01,18,147437,卖盘
13:22:40,81.89,-0.01,140,1146700,卖盘
13:22:42,81.9,0.01,26,212934,中性盘
13:22:46,81.89,-0.01,62,507739,卖盘
13:22:50,81.89,0.0,22,180489,卖盘
13:22:53,81.89,0.0,83,679689,买盘
13:22:56,81.88,-0.01,249,2038494,卖盘
13:22:57,81.88,0.0,43,352081,买盘
13:23:02,81.87,-0.01,19,155560,卖盘
13:23:03,81.88,0.01,70,573065,买盘
13:23:08,81.87,-0.01,55,450235,买盘
13:23:10,81.86,-0.01,99,810447,卖盘
13:23:14,81.87,0.01,77,630409,买盘
13:23:16,81.85,-0.02,67,548507,卖盘
13:23:19,81.87,0.02,91,745028,买盘
13:23:21,81.87,0.0,250,2046931,买盘
13:23:26,81.86,-0.01,20,163711,中性盘
13:23:28,81.86,0.0,37,302870,买盘
13:23:32,81.85,-0.01,112,916723,卖盘
13:23:35,81.85,0.0,46,376509,买盘
13:23:38,81.84,-0.01,199,1628750,卖盘
13:23:39,81.84,0.0,47,384659,卖盘
13:23:42,81.84,0.0,27,220948,买盘
13:23:47,81.84,0.0,135,1104845,买盘
13:23:49,81.84,0.0,49,400992,卖盘
13:23:53,81.83,-0.01,15,122745,卖盘
13:23:55,81.83,0.0,42,343686,卖盘
13:23:57,81.85,0.02,180,1473137,买盘
13:24:00,81.83,-0.02,73,597396,卖盘
13:24:05,81.81,-0.02,98,801831,卖盘
13:24:08,81.83,0.02,387,3166808,买盘
13:24:11,81.83,0.0,69,564529,卖盘
13:24:12,81.83,0.0,26,212768,卖盘
13:24:17,81.83,0.0,30,245497,卖盘
13:24:19,81.86,0.03,207,1694343,买盘
13:24:23,81.85,-0.01,54,444169,卖盘
13:24:26,81.87,0.02,67,548513,买盘
13:24:28,81.87,0.0,28,229201,买盘
13:24:30,81.86,-0.01,9,73666,中性盘
13:24:33,81.85,-0.01,26,207008,卖盘
13:24:38,81.86,0.01,117,957654,买盘
13:24:41,81.86,0.0,24,196461,买盘
13:24:44,81.86,0.0,70,573022,卖盘
13:24:47,81.86,0.0,15,122802,卖盘
13:24:50,81.86,0.0,71,581233,卖盘
13:24:53,81.86,0.0,162,1326258,卖盘
13:24:55,81.87,0.01,73,597636,买盘
13:24:59,81.87,0.0,203,1661959,卖盘
13:25:02,81.87,0.0,48,393007,卖盘
13:25:05,81.86,-0.01,89,728630,卖盘
13:25:07,81.88,0.02,51,417565,买盘
13:25:11,81.87,-0.01,117,958292,买盘
13:25:14,81.87,0.0,26,212888,卖盘
13:25:17,81.87,0.0,27,220742,卖盘
13:25:20,81.87,0.0,42,343925,卖盘
13:25:23,81.89,0.02,22,180137,买盘
13:25:26,81.87,-0.02,31,255320,卖盘
13:25:27,81.88,0.01,39,319349,中性盘
13:25:32,81.88,0.0,46,377015,卖盘
13:25:35,81.9,0.02,204,1670338,买盘
13:25:36,81.88,-0.02,19,155587,卖盘
13:25:41,81.88,0.0,114,933492,卖盘
13:25:44,81.9,0.02,15,122837,买盘
13:25:47,81.89,-0.01,19,155604,中性盘
13:25:50,81.88,-0.01,33,270232,卖盘
13:25:51,81.89,0.01,45,368521,卖盘
13:25:56,81.89,0.0,49,401277,卖盘
13:25:58,81.9,0.01,189,1547861,买盘
13:26:00,81.9,0.0,127,1040124,买盘
13:26:05,81.89,-0.01,16,131029,卖盘
13:26:08,81.89,0.0,21,171956,买盘
13:26:11,81.88,-0.01,38,311180,卖盘
13:26:14,81.89,0.01,133,1089204,买盘
13:26:17,81.9,0.01,207,1695330,买盘
13:26:20,81.9,0.0,157,1285821,卖盘
13:26:23,81.9,0.0,45,368552,卖盘
13:26:25,81.9,0.0,44,360375,卖盘
13:26:29,81.9,0.0,38,311237,卖盘
13:26:32,81.9,0.0,50,409517,卖盘
13:26:33,81.9,0.0,35,286664,卖盘
13:26:38,81.91,0.01,151,1236826,买盘
13:26:41,81.91,0.0,44,360372,卖盘
13:26:44,81.9,-0.01,62,507838,卖盘
13:26:47,81.91,0.01,40,327637,买盘
13:26:50,81.91,0.0,34,278490,卖盘
13:26:53,81.91,0.0,171,1400536,买盘
13:26:56,81.9,-0.01,13,106476,卖盘
13:26:58,81.91,0.01,92,753569,买盘
13:27:02,81.91,0.0,228,1867544,买盘
13:27:03,81.91,0.0,29,237540,卖盘
13:27:08,81.9,-0.01,96,786328,卖盘
13:27:11,81.9,0.0,55,450487,卖盘
13:27:14,81.91,0.01,18,147434,卖盘
13:27:17,81.9,-0.01,34,278479,卖盘
13:27:20,81.91,0.01,80,655301,买盘
13:27:22,81.91,0.0,15,122868,卖盘
13:27:25,81.91,0.0,33,270311,卖盘
13:27:27,81.91,0.0,282,2309866,卖盘
13:27:32,81.92,0.01,96,786408,买盘
13:27:35,81.91,-0.01,118,966538,卖盘
13:27:38,81.92,0.01,87,712681,买盘
13:27:41,81.91,-0.01,66,540621,卖盘
13:27:42,81.91,0.0,192,1572845,卖盘
13:27:47,81.91,0.0,40,327657,卖盘
13:27:50,81.92,0.01,407,3333925,买盘
13:27:53,81.91,-0.01,92,753654,中性盘
13:27:55,81.92,0.01,31,253940,买盘
13:27:57,81.9,-0.02,35,286683,卖盘
13:28:02,81.91,0.01,59,483253,买盘
13:28:04,81.91,0.0,244,1998397,买盘
13:28:08,81.91,0.0,43,352206,买盘
13:28:11,81.91,0.0,36,294892,卖盘
13:28:14,81.91,0.0,86,704425,卖盘
13:28:16,81.91,0.0,21,172006,买盘
13:28:20,81.91,0.0,49,401357,买盘
13:28:23,81.91,0.0,50,409549,买盘
13:28:26,81.91,0.0,16,131051,买盘
13:28:29,81.9,-0.01,219,1793615,卖盘
13:28:32,81.91,0.01,38,311252,买盘
13:28:35,81.9,-0.01,50,409531,卖盘
13:28:36,81.91,0.01,100,819148,买盘
13:28:41,81.91,0.0,22,180203,买盘
13:28:42,81.91,0.0,54,442297,买盘
13:28:47,81.9,-0.01,7,57331,卖盘
13:28:50,81.91,0.01,32,262101,买盘
13:28:53,81.9,-0.01,80,655203,卖盘
13:28:56,81.91,0.01,22,180187,买盘
13:28:59,81.91,0.0,56,458692,买盘
13:29:02,81.9,-0.01,27,221140,卖盘
13:29:04,81.9,0.0,104,851779,卖盘
13:29:08,81.9,0.0,14,114659,买盘
13:29:10,81.9,0.0,77,630628,买盘
13:29:12,81.9,0.0,64,524179,卖盘
13:29:17,81.9,0.0,89,728921,卖盘
13:29:20,81.9,0.0,36,294829,买盘
13:29:23,81.9,0.0,81,663390,买盘
13:29:26,81.9,0.0,194,1589008,卖盘
13:29:27,81.9,0.0,53,434085,卖盘
13:29:32,81.9,0.0,67,548730,卖盘
13:29:34,81.9,0.0,17,139230,卖盘
13:29:38,81.88,-0.02,259,2120832,卖盘
13:29:41,81.9,0.02,18,147420,买盘
13:29:42,81.9,0.0,23,188370,买盘
