time,price,change,volume,amount,type
09:25:04,81.81,-0.58,5388,44083237,卖盘
09:30:00,81.7,-0.11,941,7689929,卖盘
09:30:03,81.87,0.17,913,7471037,买盘
09:30:05,81.82,-0.05,1892,15481883,卖盘
09:30:09,81.87,0.05,712,5828203,中性盘
09:30:12,81.82,-0.05,562,4600621,卖盘
09:30:15,81.92,0.1,164,1342564,买盘
09:30:18,81.92,0.0,147,1204224,卖盘
09:30:20,81.97,0.05,545,4468091,买盘
09:30:24,81.92,-0.05,265,2171270,中性盘
09:30:27,81.9,-0.02,275,2251810,中性盘
09:30:29,81.87,-0.03,318,2603677,卖盘
09:30:33,81.87,0.0,90,736827,买盘
09:30:36,81.83,-0.04,236,1931985,卖盘
09:30:39,81.98,0.15,319,2614300,买盘
09:30:42,81.94,-0.04,699,5721810,卖盘
09:30:44,81.98,0.04,102,835382,买盘
09:30:48,81.94,-0.04,79,647295,中性盘
09:30:51,81.98,0.04,189,1548323,买盘
09:30:54,82.0,0.02,158,1294759,买盘
09:30:57,81.98,-0.02,360,2951152,卖盘
09:31:00,81.94,-0.04,57,467031,卖盘
09:31:03,82.0,0.06,153,1254692,买盘
09:31:06,82.0,0.0,304,2492824,卖盘
09:31:09,81.98,-0.02,98,803446,卖盘
09:31:12,81.95,-0.03,340,2787067,卖盘
09:31:15,82.0,0.05,395,3237436,买盘
09:31:18,82.0,0.0,296,2425853,买盘
09:31:21,81.99,-0.01,271,2221298,卖盘
09:31:24,82.02,0.03,298,2443503,买盘
09:31:27,81.99,-0.03,253,2073767,卖盘
09:31:30,82.02,0.03,43,352685,买盘
09:31:33,82.0,-0.02,191,1566499,卖盘
09:31:36,82.02,0.02,129,1057920,买盘
09:31:39,82.05,0.03,49,401891,中性盘
09:31:42,82.05,0.0,28,229688,卖盘
09:31:44,82.02,-0.03,76,623545,卖盘
09:31:49,82.05,0.03,99,812039,买盘
09:31:51,82.0,-0.05,223,1829075,卖盘
09:31:54,82.06,0.06,201,1648570,买盘
09:31:57,82.03,-0.03,192,1574965,中性盘
09:32:00,82.02,-0.01,81,664405,卖盘
09:32:03,82.03,0.01,457,3748140,买盘
09:32:06,82.02,-0.01,161,1320657,卖盘
09:32:08,82.03,0.01,130,1066312,买盘
09:32:12,82.03,0.0,86,705458,卖盘
09:32:15,82.05,0.02,81,664549,买盘
09:32:18,82.03,-0.02,328,2690939,卖盘
09:32:20,82.0,-0.03,321,2633109,卖盘
09:32:24,82.03,0.03,87,713599,买盘
09:32:27,82.01,-0.02,278,2279714,中性盘
09:32:29,82.02,0.01,223,1828874,买盘
09:32:33,82.0,-0.02,335,2747494,卖盘
09:32:36,82.01,0.01,52,426452,卖盘
09:32:39,82.0,-0.01,729,5977949,卖盘
09:32:42,82.01,0.01,212,1738627,中性盘
09:32:45,82.0,-0.01,253,2074884,卖盘
09:32:48,82.0,0.0,1089,8929824,卖盘
09:32:51,82.0,0.0,710,5823111,卖盘
09:32:54,81.98,-0.02,173,1418417,卖盘
09:32:56,81.99,0.01,136,1114987,买盘
09:32:59,81.97,-0.02,242,1984130,中性盘
09:33:03,81.98,0.01,146,1197187,中性盘
09:33:06,81.99,0.01,110,901726,买盘
09:33:08,81.98,-0.01,108,885307,卖盘
09:33:12,81.98,0.0,147,1205077,卖盘
09:33:15,81.97,-0.01,195,1598561,卖盘
09:33:18,81.97,0.0,147,1205089,卖盘
09:33:21,81.97,0.0,242,1983646,卖盘
09:33:24,81.97,0.0,173,1418004,买盘
09:33:27,81.94,-0.03,296,2425817,卖盘
09:33:30,81.92,-0.02,601,4922598,卖盘
09:33:33,81.93,0.01,172,1408922,买盘
09:33:36,81.88,-0.05,173,1416639,卖盘
09:33:39,81.87,-0.01,357,2923557,卖盘
09:33:41,81.87,0.0,16,130996,买盘
09:33:44,81.85,-0.02,554,4535415,卖盘
09:33:48,81.85,0.0,226,1850296,买盘
09:33:51,81.85,0.0,209,1710384,买盘
09:33:54,81.85,0.0,125,1022961,买盘
09:33:56,81.85,0.0,102,834877,卖盘
09:33:59,81.85,0.0,248,2029727,卖盘
09:34:03,81.86,0.01,118,966225,卖盘
09:34:06,81.87,0.01,185,1514505,卖盘
09:34:09,81.88,0.01,234,1915455,中性盘
09:34:12,81.88,0.0,100,818737,买盘
09:34:14,81.88,0.0,131,1072805,卖盘
09:34:18,81.91,0.03,243,1989876,买盘
09:34:21,81.91,0.0,725,5936743,卖盘
09:34:24,81.91,0.0,47,384840,买盘
09:34:26,81.9,-0.01,84,687891,卖盘
09:34:29,81.9,0.0,71,581492,中性盘
09:34:34,81.9,0.0,71,581478,买盘
09:34:35,81.9,0.0,168,1375944,卖盘
09:34:39,81.9,0.0,325,2661811,卖盘
09:34:42,81.88,-0.02,430,3521186,卖盘
09:34:44,81.88,0.0,428,3504374,买盘
09:34:48,81.89,0.01,146,1195439,买盘
09:34:51,81.9,0.01,152,1244667,买盘
09:34:54,81.88,-0.02,263,2153319,卖盘
09:34:57,81.88,0.0,258,2112535,买盘
09:35:00,81.89,0.01,156,1277410,买盘
09:35:02,81.88,-0.01,662,5420683,卖盘
09:35:05,81.89,0.01,78,636578,买盘
09:35:09,81.89,0.0,80,655120,卖盘
09:35:12,81.88,-0.01,149,1220091,卖盘
09:35:15,81.89,0.01,135,1105476,买盘
09:35:19,81.89,0.0,402,3291744,买盘
09:35:20,81.89,0.0,77,630544,买盘
09:35:24,81.87,-0.02,355,2908987,卖盘
09:35:27,81.89,0.02,228,1864853,买盘
09:35:30,81.89,0.0,368,3013283,买盘
09:35:33,81.89,0.0,300,2456477,买盘
09:35:36,81.89,0.0,311,2546467,买盘
09:35:39,81.88,-0.01,121,990744,卖盘
09:35:42,81.86,-0.02,212,1735761,卖盘
09:35:44,81.87,0.01,54,442134,中性盘
09:35:48,81.86,-0.01,555,4545414,卖盘
09:35:50,81.85,-0.01,1223,10010431,卖盘
09:35:54,81.85,0.0,200,1637113,卖盘
09:35:57,81.85,0.0,115,941217,买盘
09:36:00,81.85,0.0,121,990298,买盘
09:36:04,81.84,-0.01,782,6400002,卖盘
09:36:06,81.83,-0.01,58,474492,卖盘
09:36:09,81.82,-0.01,393,3215864,卖盘
09:36:11,81.84,0.02,333,2725230,买盘
09:36:15,81.83,-0.01,545,4459337,卖盘
09:36:19,81.84,0.01,121,990191,买盘
09:36:21,81.83,-0.01,110,900126,卖盘
09:36:24,81.83,0.0,140,1145585,买盘
09:36:27,81.83,0.0,437,3571948,卖盘
09:36:30,81.84,0.01,460,3764086,买盘
09:36:33,81.84,0.0,81,662922,卖盘
09:36:36,81.83,-0.01,92,752924,卖盘
09:36:39,81.83,0.0,169,1383054,卖盘
09:36:42,81.84,0.01,399,3264755,买盘
09:36:45,81.84,0.0,143,1170264,买盘
09:36:48,81.82,-0.02,402,3289445,卖盘
09:36:51,81.83,0.01,27,220942,中性盘
09:36:53,81.85,0.02,530,4337218,买盘
09:36:57,81.85,0.0,268,2193580,卖盘
09:37:00,81.85,0.0,224,1833444,卖盘
09:37:04,81.85,0.0,300,2455754,卖盘
09:37:06,81.87,0.02,71,581237,买盘
09:37:10,81.86,-0.01,196,1604429,卖盘
09:37:12,81.87,0.01,50,409319,中性盘
09:37:15,81.87,0.0,208,1702689,买盘
09:37:19,81.86,-0.01,44,360184,中性盘
09:37:21,81.87,0.01,84,687588,买盘
09:37:24,81.87,0.0,84,687632,买盘
09:37:27,81.86,-0.01,751,6149501,卖盘
09:37:29,81.87,0.01,253,2071665,买盘
09:37:34,81.9,0.03,293,2399315,买盘
09:37:36,81.91,0.01,106,868047,买盘
09:37:39,81.89,-0.02,152,1244598,卖盘
09:37:42,81.9,0.01,51,417680,卖盘
09:37:45,81.91,0.01,42,344005,中性盘
09:37:49,81.9,-0.01,110,900981,卖盘
09:37:51,81.91,0.01,58,475146,中性盘
09:37:54,81.92,0.01,42,344081,卖盘
09:37:58,81.91,-0.01,85,696212,卖盘
09:38:00,81.95,0.04,37,308107,买盘
09:38:02,81.92,-0.03,22,180249,买盘
09:38:06,81.97,0.05,699,5729444,买盘
09:38:09,81.97,0.0,166,1360712,卖盘
09:38:12,81.97,0.0,95,778741,卖盘
09:38:15,82.0,0.03,58,475523,买盘
09:38:19,82.0,0.0,85,696987,买盘
09:38:22,82.0,0.0,25,204980,买盘
09:38:24,81.99,-0.01,179,1467730,卖盘
09:38:27,82.01,0.02,413,3386541,买盘
09:38:30,82.0,-0.01,15,123004,卖盘
09:38:34,82.0,0.0,216,1771232,卖盘
09:38:36,82.0,0.0,335,2747112,卖盘
09:38:39,82.01,0.01,164,1344905,中性盘
09:38:42,82.01,0.0,95,779153,买盘
09:38:45,82.0,-0.01,374,3066922,卖盘
09:38:49,81.99,-0.01,81,664243,卖盘
09:38:52,81.98,-0.01,718,5886694,卖盘
09:38:54,82.05,0.07,702,5758047,买盘
09:38:58,82.05,0.0,350,2871751,卖盘
09:38:59,82.03,-0.02,160,1312738,卖盘
09:39:03,82.04,0.01,134,1099430,中性盘
09:39:06,82.05,0.01,196,1607930,买盘
09:39:09,82.08,0.03,794,6516466,买盘
09:39:12,82.08,0.0,275,2257200,卖盘
09:39:15,82.05,-0.03,34,278981,卖盘
09:39:19,82.09,0.04,156,1280484,买盘
09:39:21,82.1,0.01,191,1567922,买盘
09:39:24,82.08,-0.02,168,1379074,卖盘
09:39:27,82.04,-0.04,315,2584689,卖盘
09:39:30,82.06,0.02,42,344587,买盘
09:39:34,82.05,-0.01,49,402161,中性盘
09:39:35,82.08,0.03,86,705799,买盘
09:39:39,82.05,-0.03,51,418572,卖盘
09:39:43,82.05,0.0,56,459533,卖盘
09:39:46,82.06,0.01,60,492302,买盘
09:39:48,82.05,-0.01,642,5267314,中性盘
09:39:51,82.06,0.01,186,1526308,买盘
09:39:54,82.06,0.0,7,57443,卖盘
09:39:58,82.06,0.0,46,377502,卖盘
09:40:00,82.05,-0.01,303,2486138,卖盘
09:40:03,82.03,-0.02,136,1115790,卖盘
09:40:06,82.02,-0.01,89,730083,卖盘
09:40:09,82.03,0.01,77,631616,买盘
09:40:12,82.03,0.0,268,2198427,卖盘
09:40:16,82.01,-0.02,250,2050434,卖盘
09:40:19,82.02,0.01,44,360888,买盘
09:40:21,82.02,0.0,239,1960159,买盘
09:40:24,82.03,0.01,80,656204,中性盘
09:40:27,82.0,-0.03,97,795498,卖盘
09:40:30,82.0,0.0,165,1353053,卖盘
09:40:34,81.99,-0.01,285,2337002,卖盘
09:40:37,81.99,0.0,64,524797,卖盘
09:40:39,81.99,0.0,167,1369131,买盘
09:40:41,81.96,-0.03,123,1008267,卖盘
09:40:45,81.95,-0.01,129,1057178,卖盘
09:40:49,81.91,-0.04,96,786519,卖盘
09:40:51,81.91,0.0,69,565191,卖盘
09:40:54,81.9,-0.01,280,2293218,卖盘
09:40:57,81.9,0.0,215,1760644,买盘
09:41:01,81.9,0.0,169,1383968,买盘
09:41:03,81.89,-0.01,179,1465746,卖盘
09:41:07,81.88,-0.01,70,573151,买盘
09:41:10,81.87,-0.01,232,1899524,卖盘
09:41:12,81.88,0.01,159,1301721,买盘
09:41:16,81.88,0.0,143,1170876,卖盘
09:41:19,81.89,0.01,153,1252674,买盘
09:41:22,81.88,-0.01,129,1056144,卖盘
09:41:24,81.86,-0.02,164,1342652,卖盘
09:41:27,81.86,0.0,261,2136696,卖盘
09:41:31,81.86,0.0,72,589449,买盘
09:41:34,81.87,0.01,94,769557,买盘
09:41:37,81.86,-0.01,106,867753,卖盘
09:41:39,81.85,-0.01,951,7784658,卖盘
09:41:43,81.85,0.0,501,4101289,买盘
09:41:45,81.86,0.01,111,908627,买盘
09:41:49,81.86,0.0,50,409282,买盘
09:41:52,81.86,0.0,118,965919,买盘
09:41:54,81.86,0.0,120,982295,买盘
09:41:57,81.88,0.02,315,2578787,买盘
09:42:01,81.85,-0.03,387,3167971,卖盘
09:42:04,81.9,0.05,152,1244363,买盘
09:42:07,81.87,-0.03,112,917055,中性盘
09:42:09,81.9,0.03,154,1260870,买盘
09:42:12,81.89,-0.01,140,1146578,中性盘
09:42:15,81.87,-0.02,234,1916088,卖盘
09:42:19,81.9,0.03,172,1408569,中性盘
09:42:22,81.89,-0.01,170,1392053,中性盘
09:42:24,81.87,-0.02,401,3284011,卖盘
09:42:27,81.91,0.04,130,1064596,买盘
09:42:30,81.88,-0.03,208,1703139,卖盘
09:42:34,81.88,0.0,246,2014463,买盘
09:42:37,81.88,0.0,247,2022640,买盘
09:42:39,81.88,0.0,158,1293796,卖盘
09:42:43,81.89,0.01,678,5551190,中性盘
09:42:45,81.9,0.01,249,2039176,买盘
09:42:49,82.0,0.1,394,3229860,买盘
09:42:52,81.9,-0.1,104,852060,卖盘
09:42:55,81.89,-0.01,161,1318535,卖盘
09:42:57,81.94,0.05,370,3029796,买盘
09:43:01,81.9,-0.04,79,647035,卖盘
09:43:03,81.89,-0.01,138,1130002,卖盘
09:43:06,81.9,0.01,58,474991,买盘
09:43:09,81.9,0.0,113,925420,买盘
09:43:13,81.89,-0.01,182,1490574,卖盘
09:43:15,81.92,0.03,175,1433215,买盘
09:43:19,81.91,-0.01,29,237556,中性盘
09:43:22,81.93,0.02,39,319471,买盘
09:43:24,81.91,-0.02,54,442332,卖盘
09:43:28,81.92,0.01,32,262154,中性盘
09:43:31,81.9,-0.02,112,917449,卖盘
09:43:33,81.93,0.03,62,508064,买盘
09:43:36,81.93,0.0,34,278548,卖盘
09:43:39,81.95,0.02,34,278543,买盘
09:43:43,81.96,0.01,148,1212488,买盘
09:43:46,81.94,-0.02,130,1065236,卖盘
09:43:49,81.95,0.01,77,630995,卖盘
09:43:52,81.94,-0.01,39,319574,买盘
09:43:54,81.94,0.0,40,327748,买盘
09:43:58,81.93,-0.01,106,868503,卖盘
09:44:00,81.95,0.02,108,884920,买盘
09:44:04,81.95,0.0,65,532594,中性盘
09:44:07,81.93,-0.02,104,852207,卖盘
09:44:10,81.94,0.01,85,696490,买盘
09:44:13,81.96,0.02,176,1442363,买盘
09:44:15,81.95,-0.01,70,573667,卖盘
09:44:18,81.96,0.01,93,762250,中性盘
09:44:21,81.95,-0.01,48,393389,卖盘
09:44:25,81.98,0.03,50,409852,买盘
09:44:28,81.96,-0.02,39,319703,卖盘
09:44:31,82.0,0.04,245,2008286,买盘
09:44:34,81.95,-0.05,80,655670,卖盘
09:44:37,81.96,0.01,67,549128,买盘
09:44:40,81.96,0.0,73,598317,买盘
09:44:43,81.96,0.0,102,836045,买盘
09:44:46,81.95,-0.01,436,3573889,卖盘
09:44:48,81.99,0.04,193,1581797,买盘
09:44:52,81.96,-0.03,135,1106536,卖盘
09:44:54,81.95,-0.01,259,2122767,卖盘
09:44:58,81.94,-0.01,174,1425826,卖盘
09:45:01,81.93,-0.01,327,2679390,卖盘
09:45:04,81.93,0.0,208,1704227,买盘
09:45:07,81.9,-0.03,800,6552684,卖盘
09:45:10,81.91,0.01,309,2530648,买盘
09:45:13,81.88,-0.03,418,3423059,卖盘
09:45:15,81.88,0.0,345,2825105,卖盘
09:45:18,81.91,0.03,344,2817712,中性盘
09:45:21,81.91,0.0,59,483088,卖盘
09:45:24,81.92,0.01,206,1687120,买盘
09:45:28,81.9,-0.02,45,368543,中性盘
09:45:31,81.9,0.0,99,810848,卖盘
09:45:33,81.9,0.0,121,990924,卖盘
09:45:37,81.9,0.0,131,1072661,买盘
09:45:39,81.9,0.0,178,1457704,买盘
09:45:43,81.89,-0.01,65,532228,卖盘
09:45:46,81.88,-0.01,48,393027,卖盘
09:45:48,81.89,0.01,208,1703102,买盘
09:45:52,81.88,-0.01,78,638620,买盘
09:45:54,81.88,0.0,230,1882968,买盘
09:45:58,81.87,-0.01,796,6515971,卖盘
09:46:01,81.86,-0.01,1016,8317458,中性盘
09:46:04,81.85,-0.01,179,1465228,中性盘
09:46:06,81.84,-0.01,115,941228,卖盘
09:46:10,81.84,0.0,218,1784209,卖盘
09:46:13,81.83,-0.01,126,1031126,卖盘
09:46:16,81.83,0.0,380,3109532,卖盘
09:46:19,81.84,0.01,278,2274934,买盘
09:46:22,81.85,0.01,196,1603833,买盘
09:46:25,81.84,-0.01,60,491023,卖盘
09:46:28,81.83,-0.01,28,229145,卖盘
09:46:31,81.83,0.0,63,515560,卖盘
09:46:34,81.85,0.02,173,1415711,买盘
09:46:37,81.83,-0.02,227,1857534,买盘
09:46:40,81.85,0.02,638,5220317,买盘
09:46:42,81.83,-0.02,95,777343,卖盘
09:46:46,81.83,0.0,81,662753,买盘
09:46:48,81.82,-0.01,201,1644594,卖盘
09:46:52,81.83,0.01,652,5337624,卖盘
09:46:55,81.83,0.0,188,1538310,卖盘
09:46:57,81.83,0.0,54,441888,卖盘
09:47:01,81.83,0.0,97,793692,买盘
09:47:04,81.82,-0.01,124,1014694,卖盘
09:47:06,81.85,0.03,636,5203927,买盘
09:47:10,81.83,-0.02,75,613702,中性盘
09:47:13,81.82,-0.01,53,433658,卖盘
09:47:16,81.82,0.0,596,4876903,买盘
09:47:19,81.82,0.0,1431,11706539,卖盘
09:47:22,81.82,0.0,354,2895839,买盘
09:47:25,81.84,0.02,129,1055547,买盘
09:47:27,81.82,-0.02,35,286354,中性盘
09:47:31,81.85,0.03,904,7396290,买盘
09:47:33,81.87,0.02,258,2111995,买盘
09:47:37,81.81,-0.06,623,5098393,卖盘
09:47:39,81.83,0.02,135,1104477,中性盘
09:47:43,81.82,-0.01,32,261828,卖盘
09:47:46,81.82,0.0,360,2946478,卖盘
09:47:49,81.81,-0.01,645,5276287,卖盘
09:47:52,81.8,-0.01,859,7021762,卖盘
09:47:55,81.79,-0.01,193,1578567,中性盘
09:47:57,81.8,0.01,62,507110,买盘
09:48:01,81.78,-0.02,350,2862358,卖盘
09:48:03,81.77,-0.01,225,1839738,卖盘
09:48:07,81.75,-0.02,105,858376,卖盘
09:48:10,81.74,-0.01,330,2698525,卖盘
09:48:13,81.73,-0.01,31,253391,卖盘
09:48:16,81.74,0.01,524,4282050,买盘
09:48:19,81.73,-0.01,73,596668,卖盘
09:48:22,81.72,-0.01,146,1193319,卖盘
09:48:24,81.71,-0.01,226,1846718,卖盘
09:48:28,81.7,-0.01,35,285999,卖盘
09:48:31,81.71,0.01,154,1258237,买盘
09:48:34,81.71,0.0,198,1617711,买盘
09:48:37,81.69,-0.02,246,2009826,卖盘
09:48:40,81.7,0.01,136,1111030,买盘
09:48:43,81.7,0.0,207,1690969,买盘
09:48:45,81.69,-0.01,463,3782643,中性盘
09:48:49,81.68,-0.01,85,694314,卖盘
09:48:52,81.69,0.01,72,588125,买盘
09:48:54,81.67,-0.02,1593,13009714,卖盘
09:48:58,81.66,-0.01,18,147005,中性盘
09:49:00,81.67,0.01,419,3422135,买盘
09:49:03,81.66,-0.01,70,571594,中性盘
09:49:07,81.67,0.01,80,653332,买盘
09:49:10,81.65,-0.02,200,1632999,卖盘
09:49:12,81.65,0.0,98,800165,买盘
09:49:16,81.67,0.02,476,3886654,买盘
09:49:19,81.7,0.03,535,4370358,买盘
09:49:21,81.67,-0.03,155,1265984,卖盘
09:49:25,81.65,-0.02,146,1192326,卖盘
09:49:28,81.68,0.03,64,522828,买盘
09:49:31,81.68,0.0,211,1723622,卖盘
09:49:34,81.69,0.01,61,498417,卖盘
09:49:36,81.69,0.0,85,694402,卖盘
09:49:39,81.7,0.01,457,3732473,买盘
09:49:43,81.68,-0.02,110,898661,卖盘
09:49:46,81.7,0.02,69,563646,中性盘
09:49:49,81.7,0.0,58,473842,买盘
09:49:52,81.68,-0.02,280,2287104,卖盘
09:49:55,81.68,0.0,240,1960277,买盘
09:49:57,81.69,0.01,98,800522,买盘
09:50:01,81.68,-0.01,24,196041,卖盘
09:50:04,81.69,0.01,2155,17594100,买盘
09:50:07,81.68,-0.01,257,2099115,卖盘
09:50:10,81.68,0.0,147,1200724,买盘
09:50:13,81.68,0.0,107,873963,买盘
09:50:16,81.68,0.0,114,931121,买盘
09:50:18,81.69,0.01,87,710614,买盘
09:50:22,81.69,0.0,564,4605657,买盘
09:50:25,81.68,-0.01,44,359412,卖盘
09:50:27,81.67,-0.01,284,2319725,卖盘
09:50:31,81.67,0.0,52,424660,买盘
09:50:34,81.68,0.01,112,914769,买盘
09:50:37,81.68,0.0,105,857609,买盘
09:50:40,81.68,0.0,46,375671,买盘
09:50:43,81.68,0.0,158,1290518,买盘
09:50:45,81.68,0.0,70,571715,卖盘
09:50:49,81.68,0.0,120,980038,卖盘
09:50:52,81.67,-0.01,78,637071,中性盘
09:50:55,81.67,0.0,117,955590,卖盘
09:50:58,81.67,0.0,257,2098804,买盘
09:51:01,81.67,0.0,64,522688,买盘
09:51:04,81.66,-0.01,207,1690616,卖盘
09:51:06,81.68,0.02,45,367538,中性盘
09:51:09,81.67,-0.01,234,1911042,卖盘
09:51:13,81.66,-0.01,158,1290403,卖盘
09:51:16,81.7,0.04,727,5939081,买盘
09:51:19,81.68,-0.02,25,204201,卖盘
09:51:21,81.69,0.01,172,1405206,中性盘
09:51:25,81.72,0.03,10,81700,买盘
09:51:28,81.7,-0.02,124,1013018,卖盘
09:51:30,81.71,0.01,61,498410,中性盘
09:51:34,81.72,0.01,70,571981,卖盘
09:51:37,81.73,0.01,127,1037591,买盘
09:51:39,81.7,-0.03,110,898789,卖盘
09:51:43,81.72,0.02,86,702801,买盘
09:51:46,81.73,0.01,127,1037857,买盘
09:51:49,81.73,0.0,42,343272,买盘
09:51:52,81.74,0.01,76,621210,买盘
09:51:55,81.73,-0.01,35,286075,卖盘
09:51:58,81.75,0.02,15,127756,买盘
09:52:01,81.75,0.0,210,1716423,买盘
09:52:04,81.74,-0.01,83,678505,卖盘
09:52:07,81.74,0.0,91,743855,卖盘
09:52:10,81.76,0.02,24,196217,买盘
09:52:13,81.76,0.0,153,1250790,买盘
09:52:16,81.75,-0.01,11,89930,卖盘
09:52:19,81.76,0.01,105,858447,买盘
09:52:21,81.76,0.0,137,1120001,买盘
09:52:25,81.73,-0.03,173,1414116,卖盘
09:52:28,81.73,0.0,148,1204437,卖盘
09:52:31,81.75,0.02,134,1095183,买盘
09:52:34,81.73,-0.02,558,4559239,卖盘
09:52:37,81.72,-0.01,305,2491799,卖盘
09:52:40,81.72,0.0,315,2573822,中性盘
09:52:43,81.7,-0.02,230,1878761,中性盘
09:52:46,81.7,0.0,67,547489,卖盘
09:52:49,81.7,0.0,37,302281,买盘
09:52:52,81.68,-0.02,445,3634784,卖盘
09:52:54,81.68,0.0,151,1233368,买盘
09:52:57,81.67,-0.01,367,2997398,卖盘
09:53:00,81.66,-0.01,87,710568,卖盘
09:53:04,81.67,0.01,298,2433480,买盘
09:53:07,81.66,-0.01,723,5903529,中性盘
09:53:10,81.64,-0.02,414,3379816,卖盘
09:53:12,81.64,0.0,357,2914262,买盘
09:53:16,81.64,0.0,723,5901527,买盘
09:53:19,81.62,-0.02,973,7941329,卖盘
09:53:22,81.61,-0.01,289,2358696,卖盘
09:53:25,81.61,0.0,127,1036498,卖盘
09:53:28,81.58,-0.03,3987,32533277,卖盘
09:53:31,81.6,0.02,202,1648204,买盘
09:53:34,81.56,-0.04,263,2145328,卖盘
09:53:36,81.59,0.03,184,1500954,买盘
09:53:40,81.59,0.0,95,775005,买盘
09:53:42,81.59,0.0,86,701505,买盘
09:53:46,81.58,-0.01,77,628193,中性盘
09:53:48,81.6,0.02,107,872933,买盘
09:53:52,81.58,-0.02,72,587449,卖盘
09:53:54,81.59,0.01,85,693518,中性盘
09:53:58,81.57,-0.02,239,1949632,卖盘
09:54:01,81.58,0.01,399,3254318,买盘
09:54:04,81.57,-0.01,153,1248026,卖盘
09:54:06,81.57,0.0,565,4609974,卖盘
09:54:09,81.58,0.01,203,1655917,中性盘
09:54:13,81.58,0.0,59,481344,买盘
09:54:16,81.58,0.0,59,481370,卖盘
09:54:18,81.59,0.01,150,1223718,中性盘
09:54:22,81.58,-0.01,160,1305427,卖盘
09:54:24,81.59,0.01,74,603766,中性盘
09:54:28,81.6,0.01,97,791442,买盘
09:54:31,81.59,-0.01,145,1183121,卖盘
09:54:33,81.61,0.02,124,1014809,买盘
09:54:37,81.61,0.0,5,40802,买盘
09:54:40,81.61,0.0,37,301930,买盘
09:54:43,81.61,0.0,85,693675,买盘
09:54:46,81.62,0.01,284,2317177,买盘
09:54:49,81.62,0.0,94,767246,卖盘
09:54:52,81.63,0.01,42,342805,买盘
09:54:55,81.63,0.0,168,1371159,买盘
09:54:57,81.62,-0.01,186,1518020,中性盘
09:55:01,81.63,0.01,67,546894,买盘
09:55:04,81.62,-0.01,56,457100,卖盘
09:55:07,81.62,0.0,96,783570,卖盘
09:55:07,81.63,0.01,238,1942563,买盘
09:55:13,81.62,-0.01,42,342817,卖盘
09:55:15,81.63,0.01,95,775449,买盘
09:55:19,81.62,-0.01,80,653027,卖盘
09:55:22,81.62,0.0,278,2269146,卖盘
09:55:25,81.63,0.01,27,218768,买盘
09:55:28,81.64,0.01,15,128985,买盘
09:55:30,81.64,0.0,34,277551,买盘
09:55:34,81.63,-0.01,50,408190,卖盘
09:55:37,81.64,0.01,40,326530,买盘
09:55:40,81.64,0.0,48,391866,买盘
09:55:43,81.64,0.0,43,351052,卖盘
09:55:44,81.65,0.01,25,204117,买盘
09:55:49,81.65,0.0,209,1706307,买盘
09:55:50,81.65,0.0,90,734818,买盘
09:55:55,81.64,-0.01,281,2293403,卖盘
09:55:58,81.67,0.03,113,922783,买盘
09:56:01,81.68,0.01,61,498194,买盘
09:56:03,81.67,-0.01,302,2467075,卖盘
09:56:07,81.67,0.0,61,498227,卖盘
09:56:09,81.68,0.01,76,620717,卖盘
09:56:12,81.68,0.0,28,228711,中性盘
09:56:14,81.69,0.01,46,375718,买盘
09:56:18,81.71,0.02,271,2213375,买盘
09:56:21,81.72,0.01,338,2761002,买盘
09:56:24,81.71,-0.01,59,482036,中性盘
09:56:28,81.71,0.0,73,596353,买盘
09:56:31,81.69,-0.02,68,555550,卖盘
09:56:33,81.71,0.02,137,1119344,卖盘
09:56:37,81.7,-0.01,55,449408,卖盘
09:56:39,81.71,0.01,31,253327,买盘
09:56:41,81.7,-0.01,70,571912,卖盘
09:56:45,81.69,-0.01,173,1413234,卖盘
09:56:46,81.69,0.0,55,449295,买盘
09:56:49,81.7,0.01,61,498340,买盘
09:56:55,81.69,-0.01,55,449344,卖盘
09:56:58,81.69,0.0,32,261423,卖盘
09:57:01,81.69,0.0,284,2320312,卖盘
09:57:04,81.7,0.01,119,972132,买盘
09:57:06,81.7,0.0,93,759743,买盘
09:57:09,81.69,-0.01,86,702563,卖盘
09:57:10,81.69,0.0,52,424811,卖盘
09:57:14,81.71,0.02,69,563760,买盘
09:57:16,81.7,-0.01,54,441188,卖盘
09:57:20,81.71,0.01,67,547413,买盘
09:57:24,81.71,0.0,48,392196,卖盘
09:57:27,81.7,-0.01,33,269619,卖盘
09:57:31,81.7,0.0,60,487309,卖盘
09:57:33,81.7,0.0,126,1029577,卖盘
09:57:36,81.7,0.0,61,498394,卖盘
09:57:39,81.72,0.02,252,2059227,买盘
09:57:42,81.72,0.0,171,1397348,卖盘
09:57:45,81.73,0.01,17,138906,买盘
09:57:48,81.72,-0.01,35,286027,卖盘
09:57:51,81.72,0.0,89,727408,卖盘
09:57:55,81.73,0.01,91,743725,买盘
09:57:57,81.72,-0.01,94,768216,卖盘
09:58:01,81.73,0.01,98,800862,买盘
09:58:01,81.74,0.01,133,1086822,买盘
09:58:05,81.74,0.0,113,923537,买盘
09:58:08,81.73,-0.01,46,375963,中性盘
09:58:11,81.72,-0.01,566,4624810,卖盘
09:58:15,81.73,0.01,112,915355,买盘
09:58:18,81.73,0.0,171,1397302,买盘
09:58:21,81.73,0.0,91,743702,买盘
09:58:24,81.74,0.01,64,523031,买盘
09:58:27,81.74,0.0,54,441395,卖盘
09:58:30,81.73,-0.01,37,302421,卖盘
09:58:33,81.74,0.01,72,588523,买盘
09:58:36,81.74,0.0,30,245225,卖盘
09:58:40,81.75,0.01,88,719329,买盘
09:58:41,81.74,-0.01,239,1953724,卖盘
09:58:44,81.75,0.01,64,523171,买盘
09:58:48,81.75,0.0,38,310645,买盘
09:58:50,81.76,0.01,296,2417232,买盘
09:58:55,81.75,-0.01,40,330029,卖盘
09:58:57,81.75,0.0,57,465975,买盘
09:58:59,81.76,0.01,166,1356963,买盘
09:59:03,81.75,-0.01,175,1430767,卖盘
09:59:05,81.75,0.0,117,956436,买盘
09:59:09,81.74,-0.01,65,531365,卖盘
09:59:12,81.74,0.0,190,1553074,卖盘
09:59:14,81.75,0.01,155,1267008,买盘
09:59:18,81.76,0.01,187,1528676,买盘
09:59:21,81.76,0.0,71,580461,买盘
09:59:24,81.76,0.0,43,351560,买盘
09:59:25,81.75,-0.01,82,670383,卖盘
09:59:29,81.76,0.01,179,1463542,买盘
09:59:31,81.75,-0.01,87,711236,卖盘
09:59:36,81.76,0.01,86,703097,买盘
09:59:39,81.76,0.0,43,351578,卖盘
09:59:42,81.77,0.01,193,1578035,买盘
09:59:45,81.76,-0.01,151,1234556,买盘
09:59:48,81.77,0.01,36,294347,买盘
09:59:49,81.76,-0.01,160,1308183,卖盘
09:59:52,81.76,0.0,96,784844,买盘
09:59:57,81.77,0.01,177,1447164,买盘
10:00:00,81.77,0.0,92,753541,买盘
10:00:03,81.77,0.0,56,457918,卖盘
10:00:06,81.78,0.01,77,629644,买盘
10:00:08,81.77,-0.01,52,425244,卖盘
10:00:12,81.78,0.01,74,605145,买盘
10:00:15,81.78,0.0,167,1365798,买盘
10:00:18,81.8,0.02,242,1979509,买盘
10:00:20,81.78,-0.02,48,392547,卖盘
10:00:23,81.79,0.01,81,662474,买盘
10:00:26,81.79,0.0,55,449812,买盘
10:00:30,81.79,0.0,62,507144,买盘
10:00:33,81.82,0.03,107,871924,买盘
10:00:35,81.8,-0.02,37,302697,卖盘
10:00:39,81.82,0.02,9,73634,买盘
10:00:42,81.82,0.0,119,973557,买盘
10:00:45,81.82,0.0,60,490920,买盘
10:00:48,81.82,0.0,133,1087998,中性盘
10:00:51,81.82,0.0,86,703675,卖盘
10:00:52,81.83,0.01,24,196382,买盘
10:00:57,81.83,0.0,77,630099,卖盘
10:00:59,81.84,0.01,67,548280,买盘
10:01:03,81.84,0.0,68,559030,买盘
10:01:06,81.84,0.0,80,654673,卖盘
10:01:09,81.84,0.0,44,360106,卖盘
10:01:12,81.86,0.02,129,1055831,买盘
10:01:15,81.85,-0.01,126,1031488,卖盘
10:01:18,81.88,0.03,90,736671,买盘
10:01:21,81.88,0.0,14,114612,买盘
10:01:24,81.86,-0.02,59,483070,卖盘
10:01:27,81.88,0.02,46,376647,买盘
10:01:30,81.88,0.0,12,98256,卖盘
10:01:31,81.9,0.02,275,2251877,买盘
10:01:35,81.89,-0.01,127,1040175,卖盘
10:01:39,81.9,0.01,7,57330,中性盘
10:01:42,81.91,0.01,60,491422,买盘
10:01:45,81.92,0.01,90,737218,买盘
10:01:48,81.92,0.0,105,860033,买盘
10:01:51,81.92,0.0,28,229376,卖盘
10:01:54,81.94,0.02,117,958489,买盘
10:01:57,81.92,-0.02,169,1384675,卖盘
10:01:59,81.94,0.02,23,188474,卖盘
10:02:03,81.92,-0.02,118,966819,卖盘
10:02:06,81.94,0.02,59,483409,中性盘
10:02:09,81.94,0.0,29,237640,卖盘
10:02:12,81.95,0.01,25,204846,买盘
10:02:15,81.94,-0.01,101,827675,卖盘
10:02:18,81.96,0.02,142,1163652,买盘
10:02:21,81.93,-0.03,209,1712611,卖盘
10:02:24,81.94,0.01,98,803040,中性盘
10:02:27,81.93,-0.01,88,721069,卖盘
10:02:29,81.93,0.0,54,442459,买盘
10:02:33,81.93,0.0,150,1229078,买盘
10:02:36,81.93,0.0,54,442393,买盘
10:02:39,81.92,-0.01,99,811042,卖盘
10:02:42,81.94,0.02,133,1089622,买盘
10:02:45,81.93,-0.01,59,483383,卖盘
10:02:48,81.92,-0.01,96,786507,卖盘
10:02:50,81.94,0.02,29,237604,买盘
10:02:54,81.94,0.0,110,901337,买盘
10:02:57,81.93,-0.01,82,671867,卖盘
10:03:00,81.93,0.0,94,770271,卖盘
10:03:03,81.94,0.01,124,1015944,买盘
10:03:06,81.94,0.0,18,147492,卖盘
10:03:09,81.95,0.01,7,57364,买盘
10:03:11,81.94,-0.01,112,917744,卖盘
10:03:15,81.95,0.01,84,688373,买盘
10:03:18,81.95,0.0,184,1507799,买盘
10:03:21,81.95,0.0,88,721154,卖盘
10:03:24,81.96,0.01,54,442574,买盘
10:03:27,81.96,0.0,130,1065401,买盘
10:03:30,81.96,0.0,100,819529,买盘
10:03:33,81.95,-0.01,21,172095,中性盘
10:03:35,81.94,-0.01,71,581835,卖盘
10:03:39,81.95,0.01,33,270431,买盘
10:03:42,81.95,0.0,155,1270224,买盘
10:03:45,81.95,0.0,45,368733,买盘
10:03:47,81.95,0.0,92,753891,买盘
10:03:51,81.94,-0.01,173,1417585,卖盘
10:03:54,81.93,-0.01,48,393293,卖盘
10:03:57,81.94,0.01,130,1065301,买盘
10:04:00,81.94,0.0,63,516231,卖盘
10:04:03,81.94,0.0,41,335949,卖盘
10:04:06,81.94,0.0,18,147487,买盘
10:04:09,81.91,-0.03,393,3219569,卖盘
10:04:12,81.93,0.02,345,2825752,买盘
10:04:14,81.91,-0.02,167,1367739,中性盘
10:04:18,81.89,-0.02,313,2563894,卖盘
10:04:21,81.93,0.04,231,1891944,买盘
10:04:24,81.9,-0.03,203,1662765,中性盘
10:04:27,81.88,-0.02,108,884383,卖盘
10:04:30,81.86,-0.02,170,1391943,卖盘
10:04:33,81.88,0.02,34,278404,中性盘
10:04:35,81.87,-0.01,95,777879,中性盘
10:04:38,81.86,-0.01,289,2366727,卖盘
10:04:42,81.85,-0.01,85,695784,卖盘
10:04:45,81.85,0.0,65,532053,卖盘
10:04:47,81.85,0.0,34,278294,卖盘
10:04:51,81.85,0.0,61,499299,卖盘
10:04:54,81.85,0.0,90,736589,买盘
10:04:57,81.84,-0.01,217,1776074,卖盘
10:05:00,81.84,0.0,107,875673,卖盘
10:05:03,81.84,0.0,59,482825,买盘
10:05:06,81.83,-0.01,90,733886,卖盘
10:05:08,81.83,0.0,105,859147,买盘
10:05:12,81.83,0.0,137,1121074,买盘
10:05:15,81.83,0.0,71,581004,中性盘
10:05:17,81.82,-0.01,60,490964,卖盘
10:05:21,81.81,-0.01,31,253631,卖盘
10:05:24,81.82,0.01,40,327259,买盘
10:05:27,81.82,0.0,41,335462,买盘
10:05:30,81.82,0.0,95,777432,卖盘
10:05:33,81.82,0.0,59,482757,卖盘
10:05:36,81.82,0.0,28,229109,卖盘
10:05:38,81.83,0.01,38,310962,买盘
10:05:42,81.85,0.02,34,278253,买盘
10:05:44,81.83,-0.02,23,188216,卖盘
10:05:48,81.84,0.01,54,441897,中性盘
10:05:51,81.84,0.0,78,638388,卖盘
10:05:54,81.84,0.0,67,548378,卖盘
10:05:57,81.83,-0.01,162,1325839,卖盘
10:05:59,81.84,0.01,62,507355,卖盘
10:06:03,81.83,-0.01,6,49098,卖盘
10:06:06,81.84,0.01,48,392831,买盘
10:06:09,81.83,-0.01,62,507395,卖盘
10:06:12,81.84,0.01,20,163666,买盘
10:06:15,81.83,-0.01,63,515532,卖盘
10:06:18,81.83,0.0,116,949242,卖盘
10:06:21,81.85,0.02,341,2790761,买盘
10:06:23,81.8,-0.05,848,6938030,卖盘
10:06:27,81.8,0.0,19,155466,卖盘
10:06:30,81.82,0.02,24,196391,中性盘
10:06:32,81.83,0.01,61,499139,买盘
10:06:35,81.82,-0.01,116,949121,卖盘
10:06:39,81.83,0.01,105,859201,买盘
10:06:42,81.83,0.0,22,180029,买盘
10:06:44,81.84,0.01,48,392802,买盘
10:06:48,81.83,-0.01,8,65467,卖盘
10:06:50,81.83,0.0,30,245525,卖盘
10:06:53,81.84,0.01,28,229146,买盘
10:06:57,81.84,0.0,637,5212735,买盘
10:07:00,81.84,0.0,83,679285,买盘
10:07:03,81.84,0.0,131,1072065,卖盘
10:07:05,81.85,0.01,31,253722,买盘
10:07:09,81.85,0.0,20,163692,买盘
10:07:12,81.85,0.0,36,294644,买盘
10:07:14,81.84,-0.01,227,1857763,卖盘
10:07:18,81.84,0.0,133,1089288,买盘
10:07:21,81.8,-0.04,1179,9647855,卖盘
10:07:23,81.9,0.1,30,245622,买盘
10:07:27,81.9,0.0,22,180102,买盘
10:07:30,81.9,0.0,134,1096593,买盘
10:07:33,81.84,-0.06,83,679450,中性盘
10:07:36,81.84,0.0,18,147311,买盘
10:07:39,81.84,0.0,56,458171,买盘
10:07:42,81.84,0.0,83,679271,买盘
10:07:44,81.84,0.0,96,785664,买盘
10:07:48,81.83,-0.01,183,1497631,卖盘
10:07:51,81.83,0.0,24,196407,买盘
10:07:54,81.81,-0.02,67,548216,卖盘
10:07:57,81.81,0.0,36,294575,卖盘
10:08:00,81.81,0.0,85,695377,卖盘
10:08:02,81.83,0.02,9,73644,买盘
10:08:05,81.81,-0.02,90,736327,卖盘
10:08:09,81.81,0.0,26,212705,买盘
10:08:12,81.8,-0.01,69,564454,卖盘
10:08:15,81.8,0.0,102,834407,卖盘
10:08:18,81.81,0.01,42,343595,买盘
10:08:21,81.81,0.0,67,548111,买盘
10:08:24,81.82,0.01,74,605398,买盘
10:08:27,81.83,0.01,23,188198,买盘
10:08:30,81.82,-0.01,100,818131,卖盘
10:08:33,81.84,0.02,208,1702131,买盘
10:08:36,81.81,-0.03,354,2896363,卖盘
10:08:38,81.81,0.0,72,589027,买盘
10:08:42,81.81,0.0,101,826281,买盘
10:08:45,81.81,0.0,47,384493,买盘
10:08:48,81.82,0.01,389,3182470,买盘
10:08:51,81.82,0.0,99,809947,买盘
10:08:53,81.82,0.0,52,425428,卖盘
10:08:57,81.82,0.0,63,515453,买盘
10:08:59,81.84,0.02,428,3501501,买盘
10:09:03,81.81,-0.03,105,859182,卖盘
10:09:05,81.82,0.01,74,605447,买盘
10:09:09,81.85,0.03,88,720047,买盘
10:09:12,81.83,-0.02,27,220938,中性盘
10:09:15,81.82,-0.01,25,204564,卖盘
10:09:18,81.83,0.01,8,65464,买盘
10:09:20,81.84,0.01,15,122754,买盘
10:09:24,81.84,0.0,93,761055,买盘
10:09:27,81.84,0.0,39,319177,卖盘
10:09:30,81.85,0.01,52,425609,买盘
10:09:33,81.88,0.03,22,180104,买盘
10:09:36,81.89,0.01,30,245601,买盘
10:09:38,81.89,0.0,22,180100,买盘
10:09:42,81.88,-0.01,65,532198,中性盘
10:09:45,81.88,0.0,63,515844,买盘
10:09:47,81.89,0.01,74,605916,买盘
10:09:51,81.89,0.0,10,81882,买盘
10:09:54,81.89,0.0,240,1965508,买盘
10:09:57,81.89,0.0,47,384881,卖盘
10:10:00,81.89,0.0,106,868002,买盘
10:10:03,81.89,0.0,89,728815,卖盘
10:10:06,81.9,0.01,218,1785279,买盘
10:10:09,81.89,-0.01,150,1228331,中性盘
10:10:12,81.89,0.0,110,900711,买盘
10:10:15,81.89,0.0,109,892529,买盘
10:10:18,81.85,-0.04,302,2472222,卖盘
10:10:20,81.83,-0.02,91,744807,卖盘
10:10:24,81.85,0.02,183,1497753,买盘
10:10:27,81.83,-0.02,20,163684,中性盘
10:10:30,81.83,0.0,43,351854,买盘
10:10:33,81.83,0.0,187,1530106,买盘
10:10:36,81.82,-0.01,92,752820,卖盘
10:10:39,81.84,0.02,57,466433,买盘
10:10:42,81.85,0.01,111,908484,买盘
10:10:45,81.83,-0.02,171,1399299,卖盘
10:10:48,81.85,0.02,108,883876,买盘
10:10:51,81.83,-0.02,94,769279,卖盘
10:10:53,81.83,0.0,62,507365,卖盘
10:10:57,81.84,0.01,78,638287,买盘
10:11:00,81.84,0.0,88,720122,买盘
10:11:03,81.83,-0.01,28,229132,卖盘
10:11:06,81.84,0.01,42,343757,中性盘
10:11:09,81.87,0.03,107,875897,买盘
10:11:11,81.89,0.02,175,1432879,买盘
10:11:15,81.84,-0.05,78,638546,卖盘
10:11:18,81.87,0.03,16,130984,买盘
10:11:21,81.87,0.0,52,425724,买盘
10:11:23,81.85,-0.02,111,908707,卖盘
10:11:27,81.85,0.0,135,1105212,卖盘
10:11:30,81.84,-0.01,328,2684570,卖盘
10:11:33,81.83,-0.01,124,1014799,卖盘
10:11:36,81.83,0.0,36,294616,卖盘
10:11:39,81.83,0.0,62,507373,卖盘
10:11:42,81.83,0.0,77,630111,卖盘
10:11:45,81.83,0.0,76,621968,卖盘
10:11:48,81.83,0.0,66,540077,买盘
10:11:51,81.83,0.0,18,147293,卖盘
10:11:54,81.84,0.01,42,343693,买盘
10:11:57,81.83,-0.01,40,327320,中性盘
10:12:00,81.83,0.0,139,1137322,买盘
10:12:02,81.82,-0.01,101,826419,卖盘
10:12:05,81.81,-0.01,7,57273,卖盘
10:12:09,81.82,0.01,34,278182,买盘
10:12:12,81.83,0.01,69,564574,买盘
10:12:15,81.81,-0.02,160,1308981,卖盘
10:12:18,81.82,0.01,204,1668996,买盘
10:12:21,81.81,-0.01,566,4630094,卖盘
10:12:23,81.82,0.01,188,1538197,买盘
10:12:26,81.82,0.0,197,1611693,卖盘
10:12:29,81.83,0.01,36,294556,买盘
10:12:33,81.82,-0.01,23,188186,卖盘
10:12:36,81.82,0.0,37,302734,买盘
10:12:39,81.81,-0.01,64,523588,卖盘
10:12:41,81.81,0.0,36,294543,卖盘
10:12:45,81.8,-0.01,1965,16072996,卖盘
10:12:47,81.8,0.0,62,507130,买盘
10:12:50,81.8,0.0,38,310830,买盘
10:12:54,81.78,-0.02,579,4735695,卖盘
10:12:57,81.79,0.01,234,1914410,买盘
10:13:00,81.79,0.0,16,130863,卖盘
10:13:03,81.78,-0.01,39,318914,卖盘
10:13:05,81.78,0.0,15,122670,买盘
10:13:09,81.77,-0.01,147,1202160,卖盘
10:13:12,81.75,-0.02,234,1912465,卖盘
10:13:14,81.77,0.02,167,1366256,买盘
10:13:18,81.77,0.0,95,776716,买盘
10:13:21,81.75,-0.02,55,449673,卖盘
10:13:23,81.76,0.01,33,269807,买盘
10:13:27,81.76,0.0,250,2043897,买盘
10:13:29,81.76,0.0,64,523233,卖盘
10:13:33,81.77,0.01,75,613163,买盘
10:13:36,81.77,0.0,229,1872151,买盘
10:13:38,81.75,-0.02,44,359694,卖盘
10:13:42,81.74,-0.01,159,1299988,卖盘
10:13:45,81.77,0.03,137,1120230,买盘
10:13:48,81.78,0.01,42,344040,买盘
10:13:50,81.77,-0.01,16,130855,卖盘
10:13:53,81.78,0.01,65,531518,中性盘
10:13:57,81.77,-0.01,27,220822,卖盘
10:14:00,81.77,0.0,147,1201756,卖盘
10:14:03,81.78,0.01,48,397171,买盘
10:14:06,81.81,0.03,54,441700,买盘
10:14:09,81.77,-0.04,85,695063,卖盘
10:14:12,81.8,0.03,56,458091,买盘
10:14:15,81.8,0.0,19,155422,卖盘
10:14:18,81.81,0.01,89,728054,买盘
10:14:21,81.81,0.0,102,834378,买盘
10:14:23,81.81,0.0,36,294531,卖盘
10:14:26,81.82,0.01,223,1824442,买盘
10:14:30,81.81,-0.01,23,188167,卖盘
10:14:33,81.81,0.0,29,237248,卖盘
10:14:36,81.81,0.0,45,368145,买盘
10:14:38,81.81,0.0,76,621716,买盘
10:14:41,81.8,-0.01,31,253599,中性盘
10:14:45,81.8,0.0,184,1505224,买盘
10:14:47,81.8,0.0,29,237219,卖盘
10:14:51,81.82,0.02,70,572593,买盘
10:14:54,81.81,-0.01,23,188128,中性盘
10:14:57,81.81,0.0,34,278168,卖盘
10:14:59,81.82,0.01,18,147265,买盘
10:15:03,81.81,-0.01,70,572683,卖盘
10:15:06,81.81,0.0,52,425429,卖盘
10:15:09,81.8,-0.01,55,449920,卖盘
10:15:12,81.81,0.01,29,237238,买盘
10:15:15,81.8,-0.01,51,417198,卖盘
10:15:18,81.8,0.0,96,785281,卖盘
10:15:21,81.79,-0.01,141,1153278,卖盘
10:15:24,81.77,-0.02,113,924067,卖盘
10:15:27,81.77,0.0,87,711458,卖盘
10:15:30,81.77,0.0,92,752239,买盘
10:15:32,81.77,0.0,252,2060577,买盘
10:15:36,81.76,-0.01,189,1545413,卖盘
10:15:39,81.76,0.0,24,196224,买盘
10:15:42,81.76,0.0,73,596816,买盘
10:15:45,81.75,-0.01,54,441478,卖盘
10:15:48,81.75,0.0,266,2174501,卖盘
10:15:51,81.75,0.0,42,343349,买盘
10:15:54,81.76,0.01,206,1684231,买盘
10:15:57,81.78,0.02,68,556019,买盘
10:16:00,81.78,0.0,37,302524,买盘
10:16:03,81.75,-0.03,115,940149,卖盘
10:16:05,81.77,0.02,6,49052,买盘
10:16:09,81.76,-0.01,56,457886,买盘
10:16:12,81.74,-0.02,131,1070943,卖盘
10:16:15,81.78,0.04,227,1855872,买盘
10:16:18,81.75,-0.03,114,932056,卖盘
10:16:21,81.74,-0.01,45,367829,买盘
10:16:24,81.74,0.0,62,506788,买盘
10:16:27,81.76,0.02,35,286113,买盘
10:16:30,81.77,0.01,15,122638,买盘
10:16:33,81.77,0.0,169,1381488,买盘
10:16:36,81.75,-0.02,13,105699,卖盘
10:16:39,81.75,0.0,255,2085264,买盘
10:16:42,81.75,0.0,20,163499,买盘
10:16:45,81.75,0.0,19,155324,买盘
10:16:47,81.75,0.0,77,629374,买盘
10:16:51,81.75,0.0,66,539686,买盘
10:16:54,81.75,0.0,43,351571,卖盘
10:16:57,81.78,0.03,32,261621,买盘
10:16:59,81.75,-0.03,5,40881,卖盘
10:17:03,81.79,0.04,44,359768,买盘
10:17:06,81.79,0.0,19,155404,卖盘
10:17:09,81.81,0.02,71,580705,买盘
10:17:12,81.8,-0.01,22,179960,卖盘
10:17:15,81.79,-0.01,6,49077,卖盘
10:17:17,81.8,0.01,22,179962,买盘
10:17:21,81.81,0.01,7,57263,买盘
10:17:23,81.81,0.0,28,229045,买盘
10:17:27,81.79,-0.02,105,858897,卖盘
10:17:30,81.78,-0.01,52,425263,卖盘
10:17:33,81.78,0.0,22,179936,卖盘
10:17:36,81.8,0.02,29,237188,买盘
10:17:39,81.8,0.0,69,564470,买盘
10:17:41,81.79,-0.01,56,458081,卖盘
10:17:45,81.81,0.02,86,703385,买盘
10:17:48,81.8,-0.01,18,147247,卖盘
10:17:50,81.8,0.0,18,147250,卖盘
10:17:53,81.81,0.01,33,269971,买盘
10:17:57,81.84,0.03,99,810019,买盘
10:18:00,81.81,-0.03,18,147263,中性盘
10:18:03,81.81,0.0,18,147282,买盘
10:18:06,81.83,0.02,600,4910390,中性盘
10:18:09,81.81,-0.02,48,392675,卖盘
10:18:12,81.83,0.02,90,736367,买盘
10:18:15,81.84,0.01,24,196416,买盘
10:18:17,81.81,-0.03,79,646371,卖盘
10:18:21,81.81,0.0,57,466272,买盘
10:18:24,81.85,0.04,84,687225,买盘
10:18:27,81.84,-0.01,71,581086,中性盘
10:18:30,81.85,0.01,63,515565,买盘
10:18:33,81.82,-0.03,53,433737,卖盘
10:18:36,81.82,0.0,47,384579,卖盘
10:18:39,81.87,0.05,74,605762,买盘
10:18:42,81.86,-0.01,207,1694145,中性盘
10:18:45,81.87,0.01,20,163723,中性盘
10:18:48,81.88,0.01,26,212906,中性盘
10:18:51,81.89,0.01,13,106458,买盘
10:18:54,81.9,0.01,10,81900,买盘
10:18:57,81.88,-0.02,49,401279,卖盘
10:19:00,81.88,0.0,8,65520,买盘
10:19:03,81.89,0.01,12,98275,中性盘
10:19:05,81.9,0.01,18,147406,买盘
10:19:09,81.91,0.01,50,409524,买盘
10:19:12,81.91,0.0,49,401372,卖盘
10:19:15,81.93,0.02,22,180225,买盘
10:19:17,81.92,-0.01,44,360466,卖盘
10:19:21,81.94,0.02,14,114706,买盘
10:19:24,81.94,0.0,6,49162,买盘
10:19:27,81.95,0.01,275,2249612,买盘
10:19:30,81.92,-0.03,56,458849,卖盘
10:19:33,81.92,0.0,31,257548,卖盘
10:19:36,81.96,0.04,83,676560,买盘
10:19:39,81.93,-0.03,12,98328,卖盘
10:19:42,81.95,0.02,11,90144,买盘
10:19:44,81.94,-0.01,24,196660,卖盘
10:19:47,81.97,0.03,98,803148,买盘
10:19:51,81.97,0.0,17,139344,买盘
10:19:54,81.97,0.0,13,106560,买盘
10:19:57,81.96,-0.01,103,844191,卖盘
10:20:00,81.97,0.01,63,515415,买盘
10:20:03,81.96,-0.01,45,368843,卖盘
10:20:06,81.96,0.0,196,1606261,买盘
10:20:09,81.95,-0.01,77,631982,卖盘
10:20:12,81.95,0.0,63,516284,买盘
10:20:15,81.95,0.0,17,139313,买盘
10:20:18,81.95,0.0,151,1237775,买盘
10:20:21,81.95,0.0,71,581844,卖盘
10:20:23,81.96,0.01,8,65561,买盘
10:20:27,81.95,-0.01,88,721227,卖盘
10:20:30,81.96,0.01,40,327810,买盘
10:20:32,81.96,0.0,38,311422,买盘
10:20:36,81.97,0.01,59,483565,买盘
10:20:39,81.96,-0.01,4,32784,卖盘
10:20:41,81.97,0.01,22,180321,买盘
10:20:45,81.97,0.0,110,901671,买盘
10:20:48,81.98,0.01,81,664021,买盘
10:20:51,81.97,-0.01,50,409869,卖盘
10:20:54,81.97,0.0,18,147558,卖盘
10:20:57,81.97,0.0,15,122968,卖盘
10:21:00,81.97,0.0,31,254127,卖盘
10:21:03,81.97,0.0,15,122967,卖盘
10:21:05,81.97,0.0,35,286906,卖盘
10:21:09,81.97,0.0,22,180347,卖盘
10:21:12,81.97,0.0,54,442680,卖盘
10:21:15,81.98,0.01,166,1360775,买盘
10:21:18,81.98,0.0,194,1590330,买盘
10:21:20,81.98,0.0,4,32792,卖盘
10:21:24,81.99,0.01,9,73789,买盘
10:21:27,81.99,0.0,367,3008922,买盘
10:21:30,81.99,0.0,189,1549582,买盘
10:21:32,81.99,0.0,61,500196,卖盘
10:21:36,81.99,0.0,20,163983,卖盘
10:21:39,81.99,0.0,45,368969,卖盘
10:21:41,81.99,0.0,19,155786,卖盘
10:21:45,82.0,0.01,146,1197188,买盘
10:21:48,82.0,0.0,56,459197,买盘
10:21:51,82.0,0.0,222,1820398,买盘
10:21:54,82.0,0.0,188,1541534,买盘
10:21:57,82.01,0.01,29,237802,买盘
10:22:00,82.0,-0.01,12,98401,卖盘
10:22:02,82.01,0.01,19,155806,买盘
10:22:06,82.0,-0.01,12,98410,卖盘
10:22:09,82.0,0.0,33,270624,卖盘
10:22:11,82.0,0.0,38,311610,卖盘
10:22:15,82.02,0.02,261,2140510,买盘
10:22:18,82.02,0.0,120,984240,买盘
10:22:21,82.02,0.0,63,516717,卖盘
10:22:24,82.04,0.02,105,861408,买盘
10:22:27,82.05,0.01,116,951719,买盘
10:22:30,82.04,-0.01,40,328174,卖盘
10:22:33,82.04,0.0,77,631698,买盘
10:22:36,82.04,0.0,136,1115648,买盘
10:22:39,82.04,0.0,80,656280,买盘
10:22:42,82.03,-0.01,282,2313388,卖盘
10:22:45,82.03,0.0,82,672694,卖盘
10:22:47,82.03,0.0,139,1140230,卖盘
10:22:51,82.01,-0.02,187,1533814,卖盘
10:22:54,82.0,-0.01,495,4059344,卖盘
10:22:57,82.0,0.0,18,147600,买盘
10:22:59,81.99,-0.01,292,2394250,卖盘
10:23:03,81.99,0.0,82,672315,买盘
10:23:06,81.98,-0.01,64,524693,卖盘
10:23:09,81.98,0.0,52,426328,卖盘
10:23:12,81.96,-0.02,113,927123,卖盘
10:23:15,81.95,-0.01,178,1458820,卖盘
10:23:18,81.94,-0.01,174,1424703,卖盘
10:23:21,81.95,0.01,44,360561,买盘
10:23:24,81.93,-0.02,44,360512,卖盘
10:23:27,81.91,-0.02,270,2215558,卖盘
10:23:30,81.91,0.0,116,950382,卖盘
10:23:33,81.92,0.01,190,1556114,买盘
10:23:36,81.89,-0.03,16,131051,卖盘
10:23:39,81.89,0.0,25,204745,卖盘
10:23:42,81.88,-0.01,70,573206,卖盘
10:23:45,81.9,0.02,120,982696,买盘
10:23:48,81.88,-0.02,173,1416635,卖盘
10:23:51,81.89,0.01,22,180164,中性盘
10:23:54,81.88,-0.01,81,663348,卖盘
10:23:57,81.89,0.01,83,679719,卖盘
10:24:00,81.91,0.02,50,409470,买盘
10:24:03,81.9,-0.01,33,270270,卖盘
10:24:06,81.92,0.02,93,760915,买盘
10:24:09,81.93,0.01,79,647182,买盘
10:24:12,81.91,-0.02,83,679914,卖盘
10:24:15,81.91,0.0,18,147462,卖盘
10:24:17,81.93,0.02,30,245801,中性盘
10:24:21,81.92,-0.01,29,237576,卖盘
10:24:24,81.94,0.02,20,163862,买盘
10:24:27,81.92,-0.02,62,508012,卖盘
10:24:30,81.93,0.01,28,229401,买盘
10:24:32,81.92,-0.01,21,172047,卖盘
10:24:35,81.93,0.01,41,335887,买盘
10:24:39,81.93,0.0,134,1097846,买盘
10:24:42,81.93,0.0,3,24579,卖盘
10:24:45,81.93,0.0,27,221216,卖盘
10:24:48,81.95,0.02,110,901292,买盘
10:24:51,81.94,-0.01,104,852104,卖盘
10:24:53,81.93,-0.01,66,540749,卖盘
10:24:56,81.92,-0.01,244,1999031,卖盘
10:25:00,81.93,0.01,24,196616,买盘
10:25:03,81.94,0.01,44,360508,买盘
10:25:06,81.93,-0.01,56,458800,买盘
10:25:09,81.93,0.0,10,81932,卖盘
10:25:11,81.94,0.01,212,1736925,买盘
10:25:15,81.93,-0.01,77,630863,卖盘
10:25:18,81.96,0.03,283,2318260,买盘
10:25:21,81.94,-0.02,340,2785700,卖盘
10:25:23,81.94,0.0,35,286790,卖盘
10:25:27,81.97,0.03,38,311463,买盘
10:25:29,81.94,-0.03,121,991514,卖盘
10:25:33,81.94,0.0,20,163881,卖盘
10:25:36,81.93,-0.01,98,803867,卖盘
10:25:38,81.94,0.01,115,941722,买盘
10:25:41,81.95,0.01,132,1081740,卖盘
10:25:45,81.95,0.0,145,1188294,卖盘
10:25:49,81.95,0.0,54,442534,卖盘
10:25:51,81.95,0.0,234,1918494,卖盘
10:25:54,81.98,0.03,252,2065472,买盘
10:25:57,81.94,-0.04,1,8194,中性盘
10:26:00,81.94,0.0,104,852168,卖盘
10:26:02,81.93,-0.01,158,1294527,卖盘
10:26:06,81.93,0.0,596,4883884,买盘
10:26:09,81.94,0.01,12,98323,买盘
10:26:12,81.94,0.0,17,139298,卖盘
10:26:15,81.94,0.0,63,516065,卖盘
10:26:18,81.93,-0.01,58,475420,卖盘
10:26:20,81.9,-0.03,208,1703839,卖盘
10:26:24,81.92,0.02,59,483369,买盘
10:26:27,81.91,-0.01,70,573433,中性盘
10:26:30,81.94,0.03,256,2096903,买盘
10:26:32,81.94,0.0,37,303198,卖盘
10:26:36,81.94,0.0,22,180269,卖盘
10:26:39,81.95,0.01,32,262228,买盘
10:26:42,81.94,-0.01,11,90137,卖盘
10:26:45,81.94,0.0,9,73752,卖盘
10:26:49,81.94,0.0,46,376968,卖盘
10:26:51,81.94,0.0,81,663736,卖盘
10:26:53,81.94,0.0,7,57361,卖盘
10:26:56,81.94,0.0,37,303187,卖盘
10:26:59,81.95,0.01,208,1704366,买盘
10:27:03,81.94,-0.01,93,762199,卖盘
10:27:06,81.94,0.0,59,483441,买盘
10:27:09,81.93,-0.01,25,204840,卖盘
10:27:12,81.93,0.0,67,548903,卖盘
10:27:15,81.94,0.01,1217,9971868,买盘
10:27:18,81.94,0.0,49,401506,卖盘
10:27:20,81.95,0.01,24,196668,买盘
10:27:24,81.95,0.0,45,368770,买盘
10:27:27,81.94,-0.01,226,1851922,卖盘
10:27:30,81.94,0.0,135,1106272,卖盘
10:27:34,81.96,0.02,26,213086,买盘
10:27:36,81.94,-0.02,81,663770,卖盘
10:27:39,81.96,0.02,14,114726,买盘
10:27:41,81.95,-0.01,225,1843884,卖盘
10:27:45,81.95,0.0,43,352408,中性盘
10:27:47,81.94,-0.01,70,573637,卖盘
10:27:51,81.96,0.02,71,581860,买盘
10:27:54,81.96,0.0,377,3089579,买盘
10:27:56,81.95,-0.01,2853,23378256,卖盘
10:27:59,81.95,0.0,225,1843695,买盘
10:28:03,81.92,-0.03,299,2449775,卖盘
10:28:06,81.92,0.0,24,196604,买盘
10:28:09,81.92,0.0,37,303156,买盘
10:28:12,81.92,0.0,230,1884580,卖盘
10:28:15,81.92,0.0,164,1343414,卖盘
10:28:19,81.88,-0.04,436,3570841,卖盘
10:28:21,81.89,0.01,13,106457,买盘
10:28:24,81.89,0.0,59,483149,买盘
10:28:26,81.89,0.0,101,827030,买盘
10:28:30,81.88,-0.01,139,1138133,卖盘
10:28:32,81.87,-0.01,93,761392,卖盘
10:28:36,81.87,0.0,7,57308,买盘
10:28:39,81.87,0.0,105,859631,买盘
10:28:42,81.87,0.0,25,204669,买盘
10:28:45,81.85,-0.02,85,695809,卖盘
10:28:48,81.86,0.01,37,302880,买盘
10:28:51,81.86,0.0,228,1866453,买盘
10:28:54,81.84,-0.02,133,1088613,卖盘
10:28:57,81.85,0.01,37,302842,中性盘
10:29:00,81.84,-0.01,161,1317647,卖盘
10:29:02,81.87,0.03,603,4936202,买盘
10:29:06,81.81,-0.06,137,1120856,卖盘
10:29:08,81.85,0.04,52,425591,买盘
10:29:12,81.82,-0.03,45,368269,卖盘
10:29:15,81.84,0.02,56,458158,中性盘
10:29:19,81.82,-0.02,95,777457,卖盘
10:29:21,81.83,0.01,33,270083,卖盘
10:29:24,81.84,0.01,40,327350,中性盘
10:29:27,81.82,-0.02,95,777414,卖盘
10:29:30,81.83,0.01,126,1030976,卖盘
10:29:32,81.83,0.0,165,1350224,买盘
10:29:35,81.83,0.0,16,130921,买盘
10:29:39,81.83,0.0,46,376398,买盘
10:29:42,81.82,-0.01,71,580922,卖盘
10:29:45,81.82,0.0,32,261843,卖盘
10:29:49,81.84,0.02,117,957399,买盘
10:29:50,81.82,-0.02,111,908237,卖盘
10:29:54,81.82,0.0,33,269202,卖盘
10:29:57,81.83,0.01,82,671000,中性盘
10:30:00,81.83,0.0,8,65464,卖盘
10:30:03,81.83,0.0,248,2029388,卖盘
10:30:06,81.83,0.0,81,662901,卖盘
10:30:09,81.84,0.01,82,671022,中性盘
10:30:12,81.84,0.0,20,163680,卖盘
10:30:15,81.84,0.0,15,122760,卖盘
10:30:18,81.85,0.01,153,1252156,买盘
10:30:21,81.83,-0.02,111,908314,卖盘
10:30:24,81.83,0.0,68,556473,卖盘
10:30:27,81.85,0.02,81,662952,买盘
10:30:30,81.81,-0.04,158,1293608,卖盘
10:30:34,81.81,0.0,56,458145,卖盘
10:30:36,81.82,0.01,87,711785,买盘
10:30:39,81.81,-0.01,36,294521,卖盘
10:30:42,81.85,0.04,402,3290123,买盘
10:30:45,81.85,0.0,36,294670,卖盘
10:30:49,81.86,0.01,52,425633,买盘
10:30:51,81.85,-0.01,42,343771,卖盘
10:30:54,81.85,0.0,20,163703,卖盘
10:30:57,81.85,0.0,39,319222,买盘
10:31:00,81.85,0.0,69,564712,买盘
10:31:03,81.83,-0.02,12,98214,卖盘
10:31:06,81.82,-0.01,49,400944,卖盘
10:31:09,81.83,0.01,136,1112802,买盘
10:31:11,81.83,0.0,34,278241,中性盘
10:31:15,81.82,-0.01,88,720125,卖盘
10:31:19,81.81,-0.01,137,1121000,卖盘
10:31:21,81.82,0.01,42,343634,买盘
10:31:23,81.82,0.0,64,523648,买盘
10:31:27,81.82,0.0,101,826349,买盘
10:31:30,81.82,0.0,70,572789,卖盘
10:31:33,81.82,0.0,8,65457,卖盘
10:31:39,81.84,0.02,14,114563,买盘
10:31:42,81.85,0.01,294,2405967,买盘
10:31:44,81.82,-0.03,1,8182,卖盘
10:31:48,81.82,0.0,47,384601,卖盘
10:31:51,81.82,0.0,36,294552,卖盘
10:31:54,81.82,0.0,32,261887,卖盘
10:31:57,81.82,0.0,3,24546,卖盘
10:32:00,81.82,0.0,27,220914,卖盘
10:32:02,81.84,0.02,66,540071,买盘
10:32:05,81.83,-0.01,16,130933,卖盘
10:32:09,81.84,0.01,13,106377,中性盘
10:32:12,81.84,0.0,21,171850,买盘
10:32:15,81.83,-0.01,46,376428,卖盘
10:32:19,81.81,-0.02,116,949050,卖盘
10:32:20,81.8,-0.01,32,261782,卖盘
10:32:24,81.84,0.04,112,916418,买盘
10:32:26,81.83,-0.01,59,482671,卖盘
10:32:30,81.82,-0.01,15,122730,卖盘
10:32:34,81.85,0.03,367,3003631,买盘
10:32:36,81.8,-0.05,516,4222405,卖盘
10:32:39,81.81,0.01,153,1251603,中性盘
10:32:42,81.83,0.02,3,24548,买盘
10:32:45,81.82,-0.01,6,49092,卖盘
10:32:49,81.85,0.03,76,621887,买盘
10:32:51,81.8,-0.05,43,351766,卖盘
10:32:54,81.81,0.01,34,278169,中性盘
10:32:57,81.8,-0.01,121,989806,卖盘
10:32:59,81.82,0.02,186,1521540,买盘
10:33:03,81.81,-0.01,21,171818,卖盘
10:33:06,81.82,0.01,7,57271,中性盘
10:33:09,81.81,-0.01,28,229103,卖盘
10:33:12,81.81,0.0,76,621692,卖盘
10:33:15,81.81,0.0,34,278139,卖盘
10:33:19,81.83,0.02,85,695503,买盘
10:33:21,81.83,0.0,10,81830,卖盘
10:33:24,81.84,0.01,58,474671,买盘
10:33:27,81.83,-0.01,115,941121,卖盘
10:33:30,81.85,0.02,131,1072159,买盘
10:33:33,81.83,-0.02,89,728314,卖盘
10:33:36,81.83,0.0,28,229126,卖盘
10:33:39,81.82,-0.01,31,253680,卖盘
10:33:42,81.82,0.0,8,65460,卖盘
10:33:45,81.82,0.0,25,204565,卖盘
10:33:49,81.83,0.01,282,2307909,买盘
10:33:51,81.82,-0.01,35,286393,卖盘
10:33:54,81.84,0.02,28,229125,买盘
10:33:57,81.85,0.01,202,1653294,买盘
10:34:00,81.85,0.0,121,990452,卖盘
10:34:04,81.85,0.0,130,1064050,卖盘
10:34:06,81.85,0.0,33,270122,卖盘
10:34:09,81.85,0.0,19,155519,卖盘
10:34:12,81.85,0.0,117,957654,卖盘
10:34:15,81.85,0.0,35,286485,卖盘
10:34:18,81.86,0.01,76,622135,买盘
10:34:21,81.85,-0.01,42,343811,卖盘
10:34:24,81.86,0.01,26,212855,卖盘
10:34:26,81.86,0.0,77,630328,卖盘
10:34:29,81.85,-0.01,81,663087,卖盘
10:34:34,81.86,0.01,20,163710,中性盘
10:34:35,81.86,0.0,41,335632,买盘
10:34:39,81.85,-0.01,28,229197,卖盘
10:34:42,81.84,-0.01,83,679471,卖盘
10:34:45,81.85,0.01,83,679463,卖盘
10:34:49,81.86,0.01,17,139161,买盘
10:34:51,81.87,0.01,19,155546,买盘
10:34:54,81.85,-0.02,19,155544,卖盘
10:34:57,81.86,0.01,13,106425,中性盘
10:35:00,81.86,0.0,126,1031268,卖盘
10:35:04,81.87,0.01,24,196452,买盘
10:35:06,81.86,-0.01,5,40932,卖盘
10:35:09,81.86,0.0,5,40930,卖盘
10:35:12,81.87,0.01,14,114603,买盘
10:35:15,81.86,-0.01,1,8186,中性盘
10:35:19,81.85,-0.01,72,589386,卖盘
10:35:21,81.85,0.0,38,311069,买盘
10:35:24,81.86,0.01,67,548440,买盘
10:35:27,81.86,0.0,113,925006,卖盘
10:35:29,81.87,0.01,202,1653768,买盘
10:35:33,81.88,0.01,235,1924030,买盘
10:35:36,81.88,0.0,515,4216101,卖盘
10:35:39,81.88,0.0,22,180136,卖盘
10:35:41,81.89,0.01,12,98268,买盘
10:35:45,81.89,0.0,21,167784,买盘
10:35:49,81.89,0.0,60,491328,买盘
10:35:51,81.89,0.0,76,622384,卖盘
10:35:54,81.9,0.01,16,131033,买盘
10:35:57,81.9,0.0,16,131036,买盘
10:36:00,81.9,0.0,47,384932,买盘
10:36:04,81.9,0.0,18,147420,卖盘
10:36:06,81.9,0.0,13,106477,卖盘
10:36:09,81.88,-0.02,193,1580468,卖盘
10:36:12,81.9,0.02,37,307769,卖盘
10:36:15,81.9,0.0,11,90090,买盘
10:36:19,81.9,0.0,20,163801,买盘
10:36:22,81.9,0.0,14,114670,卖盘
10:36:24,81.9,0.0,41,335816,卖盘
10:36:27,81.9,0.0,4,32760,卖盘
10:36:30,81.89,-0.01,147,1204011,卖盘
10:36:34,81.89,0.0,24,191228,卖盘
10:36:36,81.9,0.01,69,565110,买盘
10:36:39,81.89,-0.01,8,65518,卖盘
10:36:42,81.9,0.01,26,212932,买盘
10:36:44,81.9,0.0,69,565111,买盘
10:36:49,81.9,0.0,219,1793608,卖盘
10:36:50,81.89,-0.01,29,237486,卖盘
10:36:54,81.9,0.01,17,139239,中性盘
10:36:57,81.9,0.0,58,478624,卖盘
10:37:00,81.89,-0.01,48,393103,卖盘
10:37:03,81.89,0.0,28,229301,卖盘
10:37:05,81.89,0.0,25,204745,卖盘
10:37:09,81.89,0.0,8,65514,卖盘
10:37:11,81.89,0.0,32,263204,卖盘
10:37:15,81.89,0.0,112,917268,卖盘
10:37:19,81.9,0.01,30,243553,买盘
10:37:21,81.89,-0.01,32,262061,卖盘
10:37:24,81.89,0.0,41,338459,卖盘
10:37:27,81.89,0.0,52,423120,卖盘
10:37:30,81.89,0.0,78,639776,卖盘
10:37:34,81.9,0.01,36,294816,买盘
10:37:35,81.9,0.0,37,303005,买盘
10:37:39,81.9,0.0,62,507773,买盘
10:37:42,81.9,0.0,17,139223,买盘
10:37:45,81.89,-0.01,41,335776,卖盘
10:37:49,81.9,0.01,67,548709,买盘
10:37:51,81.89,-0.01,42,343938,卖盘
10:37:54,81.89,0.0,22,181485,卖盘
10:37:57,81.9,0.01,7,57324,买盘
10:38:00,81.9,0.0,25,204735,买盘
10:38:04,81.89,-0.01,40,325520,卖盘
10:38:06,81.9,0.01,188,1539364,买盘
10:38:09,81.9,0.0,190,1555912,买盘
10:38:12,81.9,0.0,44,362302,买盘
10:38:15,81.89,-0.01,34,273983,卖盘
10:38:19,81.89,0.0,56,458584,买盘
10:38:21,81.88,-0.01,10,81880,卖盘
10:38:24,81.89,0.01,11,90077,买盘
10:38:26,81.88,-0.01,12,96867,卖盘
10:38:30,81.86,-0.02,136,1114993,卖盘
10:38:34,81.85,-0.01,8,69492,卖盘
10:38:36,81.85,0.0,29,237373,卖盘
10:38:39,81.86,0.01,19,157073,买盘
10:38:42,81.86,0.0,18,147342,买盘
10:38:45,81.85,-0.01,7,57297,卖盘
10:38:49,81.85,0.0,160,1304028,卖盘
10:38:50,81.85,0.0,21,171862,买盘
10:38:54,81.84,-0.01,17,139128,买盘
10:38:57,81.84,0.0,6,49104,买盘
10:39:00,81.84,0.0,39,320226,买盘
10:39:04,81.84,0.0,41,335514,买盘
10:39:05,81.84,0.0,16,130942,买盘
10:39:09,81.83,-0.01,67,550307,卖盘
10:39:12,81.83,0.0,61,496055,卖盘
10:39:15,81.84,0.01,64,522495,买盘
10:39:18,81.84,0.0,21,171843,买盘
10:39:21,81.82,-0.02,127,1040367,卖盘
10:39:24,81.84,0.02,428,3508287,买盘
10:39:27,81.82,-0.02,42,338329,卖盘
10:39:30,81.85,0.03,1056,8651723,买盘
10:39:33,81.8,-0.05,759,6209037,卖盘
10:39:36,81.84,0.04,41,335454,买盘
10:39:39,81.82,-0.02,24,196381,卖盘
10:39:42,81.84,0.02,13,106373,买盘
10:39:45,81.82,-0.02,88,719945,买盘
10:39:49,81.81,-0.01,46,373390,中性盘
10:39:50,81.82,0.01,46,376367,买盘
10:39:54,81.83,0.01,11,90004,买盘
10:39:57,81.84,0.01,21,171840,买盘
10:39:59,81.84,0.0,59,482860,卖盘
10:40:04,81.84,0.0,50,409239,卖盘
10:40:07,81.85,0.01,49,401048,中性盘
10:40:09,81.84,-0.01,518,4241705,卖盘
10:40:12,81.89,0.05,55,453063,买盘
10:40:15,81.9,0.01,89,729007,买盘
10:40:19,81.89,-0.01,78,638787,卖盘
10:40:21,81.9,0.01,5,40947,买盘
10:40:24,81.9,0.0,88,720646,买盘
10:40:27,81.9,0.0,47,384910,买盘
10:40:30,81.89,-0.01,1094,8964455,卖盘
10:40:33,81.95,0.06,47,385058,买盘
10:40:35,81.89,-0.06,42,343998,卖盘
10:40:39,81.9,0.01,50,409499,买盘
10:40:41,81.89,-0.01,52,422962,卖盘
10:40:45,81.89,0.0,83,679172,买盘
10:40:49,81.9,0.01,32,262064,买盘
10:40:51,81.9,0.0,63,515960,买盘
10:40:55,81.89,-0.01,1034,8472849,卖盘
10:40:56,81.91,0.02,23,187298,中性盘
10:41:00,81.89,-0.02,22,180202,卖盘
10:41:04,81.94,0.05,36,295004,中性盘
10:41:06,81.9,-0.04,19,155683,卖盘
10:41:09,81.95,0.05,10,81945,买盘
10:41:12,81.94,-0.01,22,180272,卖盘
10:41:15,81.94,0.0,12,98329,卖盘
10:41:19,81.94,0.0,29,237650,卖盘
10:41:21,81.94,0.0,30,245838,卖盘
10:41:24,81.94,0.0,18,147492,卖盘
10:41:27,81.94,0.0,8,65536,买盘
10:41:30,81.91,-0.03,43,352341,卖盘
10:41:34,81.93,0.02,124,1018605,中性盘
10:41:36,81.9,-0.03,95,778290,卖盘
10:41:39,81.91,0.01,23,188387,买盘
10:41:42,81.91,0.0,13,106483,买盘
10:41:45,81.91,0.0,29,237518,买盘
10:41:49,81.91,0.0,34,278492,买盘
10:41:50,81.91,0.0,23,188393,卖盘
10:41:54,81.91,0.0,38,311279,卖盘
10:41:56,81.92,0.01,22,180214,买盘
10:42:00,81.91,-0.01,42,344060,卖盘
10:42:04,81.92,0.01,39,319478,买盘
10:42:05,81.91,-0.01,20,163835,卖盘
10:42:09,81.91,0.0,128,1048474,卖盘
10:42:13,81.91,0.0,54,442322,卖盘
10:42:15,81.91,0.0,474,3878323,卖盘
10:42:19,81.92,0.01,38,311296,买盘
10:42:20,81.93,0.01,29,237572,买盘
10:42:24,81.92,-0.01,14,114695,卖盘
10:42:27,81.94,0.02,9,73742,买盘
10:42:30,81.95,0.01,32,262236,买盘
10:42:34,81.94,-0.01,28,229455,卖盘
10:42:35,81.94,0.0,7,57358,卖盘
10:42:39,81.95,0.01,28,232074,买盘
10:42:41,81.97,0.02,423,3466994,买盘
10:42:45,81.95,-0.02,15,122924,中性盘
10:42:48,81.95,0.0,7,57365,卖盘
10:42:50,81.95,0.0,25,204901,卖盘
10:42:54,81.97,0.02,52,426242,买盘
10:42:57,81.98,0.01,73,598382,买盘
10:43:00,81.97,-0.01,24,199924,卖盘
10:43:04,81.97,0.0,102,836166,卖盘
10:43:06,81.98,0.01,35,287225,买盘
10:43:09,81.98,0.0,8,65584,买盘
10:43:11,81.95,-0.03,124,1009978,卖盘
10:43:15,81.95,0.0,67,553386,买盘
10:43:19,81.95,0.0,13,106535,买盘
10:43:21,81.93,-0.02,21,172075,卖盘
10:43:25,81.93,0.0,140,1145464,卖盘
10:43:27,81.93,0.0,29,234884,买盘
10:43:30,81.93,0.0,153,1253502,买盘
10:43:34,81.93,0.0,34,278552,买盘
10:43:36,81.92,-0.01,176,1444501,卖盘
10:43:39,81.92,0.0,626,5128477,买盘
10:43:43,81.91,-0.01,3,24574,卖盘
10:43:45,81.91,0.0,54,441274,卖盘
10:43:47,81.91,0.0,162,1326978,卖盘
10:43:51,81.91,0.0,324,2653884,卖盘
10:43:54,81.91,0.0,39,320539,卖盘
10:43:57,81.9,-0.01,30,245710,卖盘
10:44:01,81.9,0.0,194,1589027,卖盘
10:44:04,81.9,0.0,781,6393299,卖盘
10:44:06,81.88,-0.02,39,319375,卖盘
10:44:10,81.92,0.04,503,4120032,买盘
10:44:13,81.89,-0.03,18,147390,买盘
10:44:16,81.89,0.0,8,65512,买盘
10:44:19,81.89,0.0,73,597761,买盘
10:44:21,81.86,-0.03,569,4660320,卖盘
10:44:25,81.86,0.0,18,147347,买盘
10:44:27,81.86,0.0,17,139162,买盘
10:44:30,81.9,0.04,481,3936590,买盘
10:44:34,81.89,-0.01,43,353766,卖盘
10:44:36,81.87,-0.02,26,212866,卖盘
10:44:40,81.86,-0.01,34,278352,卖盘
10:44:43,81.86,0.0,114,933238,卖盘
10:44:45,81.87,0.01,13,106256,买盘
10:44:49,81.87,0.0,168,1375225,买盘
10:44:51,81.85,-0.02,288,2357482,卖盘
10:44:55,81.85,0.0,35,286475,买盘
10:44:58,81.83,-0.02,479,3923002,卖盘
10:45:00,81.83,0.0,17,139124,卖盘
10:45:02,81.84,0.01,43,351906,买盘
10:45:06,81.83,-0.01,246,2011281,卖盘
10:45:11,81.83,0.0,17,139111,卖盘
10:45:13,81.84,0.01,115,941153,买盘
10:45:16,81.84,0.0,8,65477,卖盘
10:45:19,81.84,0.0,29,237348,卖盘
10:45:21,81.85,0.01,96,790678,买盘
10:45:25,81.87,0.02,113,919627,买盘
10:45:28,81.85,-0.02,192,1571552,卖盘
10:45:30,81.85,0.0,57,466570,卖盘
10:45:34,81.87,0.02,9,73675,中性盘
10:45:36,81.86,-0.01,28,229222,卖盘
10:45:40,81.86,0.0,13,106420,卖盘
10:45:43,81.85,-0.01,158,1293394,卖盘
10:45:45,81.85,0.0,9,72194,卖盘
10:45:49,81.86,0.01,33,270128,买盘
10:45:51,81.86,0.0,28,229201,买盘
10:45:54,81.85,-0.01,141,1157653,卖盘
10:45:57,81.86,0.01,1,8186,中性盘
10:45:59,81.85,-0.01,28,228873,卖盘
10:46:04,81.85,0.0,16,130962,卖盘
10:46:05,81.86,0.01,58,474782,买盘
10:46:09,81.87,0.01,44,360194,买盘
10:46:13,81.88,0.01,54,442059,买盘
10:46:15,81.9,0.02,173,1416583,买盘
10:46:18,81.88,-0.02,11,90060,中性盘
10:46:20,81.87,-0.01,20,163750,卖盘
10:46:24,81.87,0.0,5,40938,卖盘
10:46:27,81.88,0.01,54,445584,买盘
10:46:30,81.9,0.02,65,532278,买盘
10:46:34,81.88,-0.02,66,540080,卖盘
10:46:36,81.88,0.0,27,221081,卖盘
10:46:40,81.88,0.0,15,123162,买盘
10:46:43,81.88,0.0,411,3366302,买盘
10:46:45,81.88,0.0,27,221075,卖盘
10:46:49,81.87,-0.01,46,376602,卖盘
10:46:51,81.88,0.01,40,327501,买盘
10:46:54,81.88,0.0,17,136560,买盘
10:46:56,81.9,0.02,254,2080047,买盘
10:47:00,81.9,0.0,52,425880,卖盘
10:47:03,81.9,0.0,18,147420,卖盘
10:47:06,81.9,0.0,67,548731,卖盘
10:47:09,81.89,-0.01,166,1359413,卖盘
10:47:13,81.9,0.01,7,57325,买盘
10:47:15,81.9,0.0,1,8190,买盘
10:47:19,81.86,-0.04,7,55184,卖盘
10:47:20,81.88,0.02,22,180136,买盘
10:47:24,81.87,-0.01,15,122791,买盘
10:47:26,81.87,0.0,40,327457,买盘
10:47:30,81.87,0.0,164,1340705,中性盘
10:47:34,81.88,0.01,43,352084,卖盘
10:47:35,81.88,0.0,49,401209,买盘
10:47:39,81.88,0.0,50,409384,卖盘
10:47:43,81.88,0.0,370,3029979,卖盘
10:47:45,81.88,0.0,20,163760,卖盘
10:47:48,81.86,-0.02,55,450279,卖盘
10:47:51,81.88,0.02,25,204680,买盘
10:47:54,81.86,-0.02,24,196464,卖盘
10:47:57,81.86,0.0,118,968386,卖盘
10:48:00,81.86,0.0,44,360209,卖盘
10:48:03,81.86,0.0,48,392953,卖盘
10:48:06,81.85,-0.01,15,124507,卖盘
10:48:09,81.86,0.01,15,122790,买盘
10:48:13,81.87,0.01,234,1913806,买盘
10:48:16,81.85,-0.02,371,3036934,卖盘
10:48:19,81.86,0.01,204,1669761,买盘
10:48:21,81.86,0.0,162,1326024,卖盘
10:48:24,81.84,-0.02,48,392962,卖盘
10:48:27,81.85,0.01,42,343770,买盘
10:48:30,81.84,-0.01,40,327405,卖盘
10:48:34,81.84,0.0,130,1064007,卖盘
10:48:35,81.84,0.0,127,1039695,卖盘
10:48:39,81.83,-0.01,227,1857567,卖盘
10:48:43,81.82,-0.01,94,768456,卖盘
10:48:46,81.83,0.01,13,106379,买盘
10:48:49,81.83,0.0,44,358467,买盘
10:48:51,81.82,-0.01,536,4387124,卖盘
10:48:54,81.81,-0.01,225,1842585,卖盘
10:48:57,81.81,0.0,74,605404,卖盘
10:49:01,81.81,0.0,177,1444525,卖盘
10:49:04,81.81,0.0,48,394488,卖盘
10:49:06,81.81,0.0,20,163613,买盘
10:49:10,81.81,0.0,67,548811,买盘
10:49:13,81.8,-0.01,15,122703,卖盘
10:49:15,81.8,0.0,397,3249668,卖盘
10:49:19,81.8,0.0,53,433539,买盘
10:49:21,81.8,0.0,119,973420,买盘
10:49:24,81.79,-0.01,142,1161423,卖盘
10:49:27,81.79,0.0,94,771271,卖盘
10:49:31,81.79,0.0,335,2740087,卖盘
10:49:34,81.79,0.0,210,1716690,买盘
10:49:35,81.78,-0.01,102,834205,卖盘
10:49:40,81.78,0.0,46,373416,卖盘
10:49:43,81.78,0.0,192,1570323,卖盘
10:49:45,81.79,0.01,224,1831893,买盘
10:49:48,81.78,-0.01,946,7740756,卖盘
10:49:51,81.78,0.0,15,122658,买盘
10:49:54,81.8,0.02,544,4448999,买盘
10:49:57,81.79,-0.01,21,166746,中性盘
10:50:00,81.77,-0.02,27,220783,卖盘
10:50:04,81.78,0.01,28,228970,中性盘
10:50:06,81.78,0.0,56,462901,买盘
10:50:10,81.79,0.01,326,2666059,买盘
10:50:12,81.76,-0.03,47,384305,卖盘
10:50:15,81.76,0.0,32,261659,卖盘
10:50:19,81.77,0.01,130,1062988,买盘
10:50:21,81.79,0.02,316,2583995,买盘
10:50:25,81.77,-0.02,35,286247,卖盘
10:50:27,81.78,0.01,231,1889096,卖盘
10:50:30,81.79,0.01,251,2052717,买盘
10:50:34,81.77,-0.02,203,1660165,卖盘
10:50:36,81.8,0.03,36,294471,买盘
10:50:40,81.78,-0.02,64,523505,卖盘
10:50:43,81.78,0.0,34,278031,卖盘
10:50:46,81.79,0.01,122,997719,买盘
10:50:49,81.78,-0.01,84,686952,买盘
10:50:52,81.8,0.02,425,3476383,买盘
10:50:55,81.78,-0.02,123,1006091,卖盘
10:50:57,81.79,0.01,27,220840,中性盘
10:51:00,81.81,0.02,746,6102729,买盘
10:51:04,81.78,-0.03,32,261745,卖盘
10:51:06,81.8,0.02,19,155408,买盘
10:51:10,81.75,-0.05,1006,8225195,卖盘
10:51:12,81.8,0.05,56,458051,买盘
10:51:15,81.77,-0.03,42,343482,卖盘
10:51:19,81.78,0.01,57,466169,买盘
10:51:22,81.78,0.0,240,1956609,买盘
10:51:24,81.78,0.0,116,948643,买盘
10:51:28,81.78,0.0,64,523387,买盘
10:51:31,81.78,0.0,51,417071,买盘
10:51:33,81.79,0.01,35,286238,买盘
10:51:36,81.77,-0.02,230,1880949,卖盘
10:51:39,81.77,0.0,97,793359,卖盘
10:51:43,81.78,0.01,1135,9284220,卖盘
10:51:46,81.78,0.0,23,188113,买盘
10:51:48,81.77,-0.01,161,1316707,卖盘
10:51:51,81.78,0.01,19,155392,中性盘
10:51:54,81.79,0.01,22,179923,买盘
10:51:58,81.78,-0.01,75,613390,卖盘
10:52:00,81.78,0.0,75,613352,卖盘
10:52:03,81.75,-0.03,797,6524391,卖盘
10:52:06,81.75,0.0,56,457798,买盘
10:52:10,81.74,-0.01,63,509208,卖盘
10:52:13,81.75,0.01,329,2689571,买盘
10:52:15,81.75,0.0,93,761582,买盘
10:52:18,81.75,0.0,14,114474,卖盘
10:52:22,81.75,0.0,20,163522,卖盘
10:52:25,81.77,0.02,81,662227,买盘
10:52:27,81.76,-0.01,25,204379,中性盘
10:52:31,81.76,0.0,22,179855,买盘
10:52:34,81.75,-0.01,106,866642,卖盘
10:52:36,81.76,0.01,8,65408,买盘
10:52:39,81.75,-0.01,45,372379,卖盘
10:52:42,81.75,0.0,8,65401,卖盘
10:52:45,81.76,0.01,59,481779,买盘
10:52:48,81.75,-0.01,140,1139192,卖盘
10:52:52,81.75,0.0,3,24525,买盘
10:52:54,81.75,0.0,63,515024,买盘
10:52:58,81.75,0.0,30,249988,买盘
10:53:01,81.74,-0.01,252,2060922,卖盘
10:53:04,81.74,0.0,15,117124,买盘
10:53:07,81.74,0.0,7,57216,买盘
10:53:10,81.73,-0.01,40,327830,卖盘
10:53:13,81.73,0.0,291,2378187,卖盘
10:53:16,81.72,-0.01,138,1130278,卖盘
10:53:19,81.73,0.01,30,245193,买盘
10:53:22,81.72,-0.01,56,457650,卖盘
10:53:25,81.72,0.0,12,98064,卖盘
10:53:28,81.73,0.01,33,266664,买盘
10:53:31,81.71,-0.02,171,1397275,卖盘
10:53:34,81.72,0.01,63,514855,买盘
10:53:36,81.71,-0.01,23,187941,卖盘
10:53:39,81.72,0.01,181,1479345,买盘
10:53:43,81.72,0.0,184,1503476,买盘
10:53:46,81.71,-0.01,171,1397283,卖盘
10:53:49,81.72,0.01,108,882489,买盘
10:53:51,81.71,-0.01,39,318689,卖盘
10:53:55,81.72,0.01,122,999584,买盘
10:53:57,81.71,-0.01,39,318672,卖盘
10:54:01,81.72,0.01,79,645005,买盘
10:54:03,81.71,-0.01,16,130736,买盘
10:54:06,81.7,-0.01,85,694522,卖盘
10:54:09,81.7,0.0,22,176394,卖盘
10:54:12,81.7,0.0,1032,8431443,卖盘
10:54:15,81.7,0.0,54,447173,卖盘
10:54:19,81.7,0.0,29,236941,卖盘
10:54:22,81.7,0.0,66,539263,卖盘
10:54:24,81.7,0.0,38,302781,卖盘
10:54:28,81.7,0.0,23,187915,卖盘
10:54:31,81.7,0.0,47,384018,卖盘
10:54:34,81.7,0.0,63,520962,卖盘
10:54:37,81.7,0.0,824,6730756,卖盘
10:54:39,81.7,0.0,13,104952,买盘
10:54:43,81.7,0.0,14,114377,买盘
10:54:45,81.7,0.0,22,179691,买盘
10:54:49,81.67,-0.03,26,213197,卖盘
10:54:52,81.67,0.0,64,522755,卖盘
10:54:54,81.67,0.0,666,5433600,卖盘
10:54:58,81.67,0.0,44,365149,买盘
10:55:01,81.64,-0.03,277,2255272,卖盘
10:55:04,81.64,0.0,90,734760,买盘
10:55:07,81.63,-0.01,80,653116,卖盘
10:55:09,81.64,0.01,226,1845393,买盘
10:55:13,81.63,-0.01,57,465333,卖盘
10:55:16,81.67,0.04,60,489967,买盘
10:55:18,81.66,-0.01,73,596118,卖盘
10:55:22,81.66,0.0,15,122496,卖盘
10:55:25,81.66,0.0,76,620634,卖盘
10:55:27,81.66,0.0,14,116938,卖盘
10:55:31,81.66,0.0,11,89827,卖盘
10:55:34,81.66,0.0,174,1422263,卖盘
10:55:36,81.65,-0.01,20,163319,卖盘
10:55:39,81.66,0.01,80,653225,买盘
10:55:43,81.65,-0.01,138,1126905,卖盘
10:55:46,81.65,0.0,87,710359,卖盘
10:55:49,81.65,0.0,98,800172,卖盘
10:55:52,81.65,0.0,73,596071,卖盘
10:55:55,81.65,0.0,93,758803,卖盘
10:55:58,81.65,0.0,175,1429009,卖盘
10:56:01,81.65,0.0,81,657946,卖盘
10:56:04,81.65,0.0,23,187795,买盘
10:56:07,81.64,-0.01,40,326596,卖盘
10:56:10,81.65,0.01,80,653198,买盘
10:56:13,81.65,0.0,115,938877,买盘
10:56:16,81.64,-0.01,101,824572,卖盘
10:56:19,81.64,0.0,109,889807,买盘
10:56:21,81.63,-0.01,40,329807,卖盘
10:56:25,81.64,0.01,18,143602,买盘
10:56:28,81.63,-0.01,223,1820331,卖盘
10:56:31,81.63,0.0,464,3787284,买盘
10:56:34,81.63,0.0,106,865241,买盘
10:56:36,81.62,-0.01,321,2619976,卖盘
10:56:40,81.62,0.0,93,759066,买盘
10:56:43,81.62,0.0,126,1028332,买盘
10:56:46,81.6,-0.02,1132,9244996,卖盘
10:56:48,81.61,0.01,109,889489,买盘
10:56:51,81.6,-0.01,197,1607535,卖盘
10:56:55,81.6,0.0,529,4316647,卖盘
10:56:58,81.57,-0.03,2243,18293544,卖盘
10:57:01,81.55,-0.02,610,4975065,卖盘
10:57:04,81.53,-0.02,1468,11971451,卖盘
10:57:07,81.52,-0.01,19,154894,卖盘
10:57:10,81.53,0.01,221,1800762,买盘
10:57:13,81.52,-0.01,198,1614123,卖盘
10:57:16,81.55,0.03,66,538091,买盘
10:57:18,81.5,-0.05,6277,51160103,卖盘
10:57:22,81.49,-0.01,223,1817375,卖盘
10:57:25,81.5,0.01,78,635654,买盘
10:57:28,81.5,0.0,226,1841694,买盘
10:57:30,81.5,0.0,59,480814,买盘
10:57:34,81.51,0.01,124,1014523,中性盘
10:57:37,81.5,-0.01,52,423785,买盘
10:57:40,81.5,0.0,56,456400,买盘
10:57:43,81.5,0.0,165,1347206,卖盘
10:57:45,81.5,0.0,142,1157339,卖盘
10:57:49,81.5,0.0,156,1268467,卖盘
10:57:51,81.51,0.01,192,1564784,买盘
10:57:55,81.51,0.0,213,1735928,买盘
10:57:58,81.5,-0.01,193,1572960,卖盘
10:58:00,81.5,0.0,159,1295881,卖盘
10:58:03,81.49,-0.01,473,3851282,卖盘
10:58:07,81.49,0.0,70,570423,买盘
10:58:09,81.49,0.0,119,973153,买盘
10:58:12,81.48,-0.01,76,619329,卖盘
10:58:16,81.49,0.01,102,831177,买盘
10:58:19,81.49,0.0,263,2143051,买盘
10:58:21,81.48,-0.01,602,4901771,卖盘
10:58:25,81.49,0.01,166,1352697,买盘
10:58:28,81.49,0.0,86,704253,买盘
10:58:31,81.49,0.0,15,122238,卖盘
10:58:34,81.5,0.01,170,1385411,买盘
10:58:37,81.5,0.0,90,733467,卖盘
10:58:40,81.5,0.0,66,537849,买盘
10:58:43,81.5,0.0,83,676456,卖盘
10:58:46,81.5,0.0,235,1915262,卖盘
10:58:48,81.5,0.0,161,1308105,卖盘
10:58:52,81.51,0.01,27,220077,卖盘
10:58:55,81.52,0.01,25,203784,买盘
10:58:57,81.53,0.01,44,358662,买盘
10:59:01,81.52,-0.01,83,676559,卖盘
10:59:04,81.51,-0.01,41,334231,卖盘
10:59:07,81.52,0.01,368,3006854,卖盘
10:59:10,81.53,0.01,65,529878,买盘
10:59:13,81.52,-0.01,96,782601,中性盘
10:59:16,81.53,0.01,47,383156,买盘
10:59:19,81.52,-0.01,37,301633,卖盘
10:59:22,81.52,0.0,65,529894,买盘
10:59:25,81.55,0.03,46,375040,买盘
10:59:27,81.55,0.0,26,212007,买盘
10:59:30,81.55,0.0,1,8155,买盘
10:59:34,81.56,0.01,105,855963,买盘
10:59:37,81.57,0.01,47,383287,买盘
10:59:39,81.54,-0.03,30,244639,卖盘
10:59:43,81.53,-0.01,52,423967,卖盘
10:59:46,81.55,0.02,53,432177,买盘
10:59:49,81.55,0.0,25,203869,买盘
10:59:52,81.56,0.01,72,587207,买盘
10:59:55,81.56,0.0,50,407764,买盘
10:59:58,81.54,-0.02,46,375115,卖盘
11:00:01,81.55,0.01,85,688868,买盘
11:00:03,81.54,-0.01,30,244661,卖盘
11:00:07,81.54,0.0,171,1398702,卖盘
11:00:10,81.54,0.0,74,598337,买盘
11:00:12,81.54,0.0,91,742004,买盘
11:00:15,81.54,0.0,200,1630665,买盘
11:00:18,81.53,-0.01,144,1179386,卖盘
11:00:22,81.53,0.0,278,2266468,买盘
11:00:25,81.52,-0.01,121,986423,卖盘
11:00:28,81.53,0.01,106,864056,买盘
11:00:31,81.54,0.01,366,2983475,买盘
11:00:33,81.53,-0.01,106,864245,买盘
11:00:37,81.53,0.0,49,399505,卖盘
11:00:40,81.52,-0.01,52,423928,卖盘
11:00:43,81.53,0.01,89,725581,买盘
11:00:46,81.53,0.0,69,561705,买盘
11:00:49,81.52,-0.01,12,97828,卖盘
11:00:52,81.52,0.0,254,2070735,卖盘
11:00:55,81.54,0.02,90,733788,买盘
11:00:58,81.53,-0.01,49,399496,中性盘
11:01:01,81.53,0.0,436,3554355,卖盘
11:01:04,81.52,-0.01,129,1051761,卖盘
11:01:07,81.53,0.01,57,464668,买盘
11:01:10,81.53,0.0,151,1225298,买盘
11:01:13,81.53,0.0,137,1117021,买盘
11:01:16,81.51,-0.02,377,3072972,卖盘
11:01:19,81.54,0.03,71,578891,买盘
11:01:22,81.53,-0.01,135,1100785,中性盘
11:01:25,81.54,0.01,76,619610,买盘
11:01:28,81.52,-0.02,1821,14843182,卖盘
11:01:31,81.54,0.02,64,521804,买盘
11:01:33,81.55,0.01,53,432134,买盘
11:01:36,81.52,-0.03,78,635981,卖盘
11:01:39,81.53,0.01,81,660386,买盘
11:01:42,81.53,0.0,107,874971,买盘
11:01:46,81.53,0.0,17,138609,卖盘
11:01:48,81.5,-0.03,473,3852305,卖盘
11:01:52,81.52,0.02,82,671492,买盘
11:01:55,81.52,0.0,23,187484,买盘
11:01:57,81.5,-0.02,48,391233,卖盘
11:02:01,81.52,0.02,25,203778,买盘
11:02:04,81.5,-0.02,281,2287109,卖盘
11:02:06,81.5,0.0,167,1360968,买盘
11:02:10,81.49,-0.01,670,5464838,卖盘
11:02:13,81.49,0.0,80,647461,买盘
11:02:15,81.49,0.0,205,1670434,买盘
11:02:19,81.5,0.01,258,2102667,买盘
11:02:22,81.45,-0.05,2214,18041259,卖盘
11:02:25,81.48,0.03,475,3869344,买盘
11:02:27,81.48,0.0,72,586629,买盘
11:02:31,81.49,0.01,129,1051191,买盘
11:02:33,81.51,0.02,245,1996423,买盘
11:02:37,81.5,-0.01,50,407532,卖盘
11:02:40,81.52,0.02,147,1197600,买盘
11:02:43,81.49,-0.03,86,700969,卖盘
11:02:46,81.5,0.01,90,733407,买盘
11:02:49,81.51,0.01,69,562418,买盘
11:02:52,81.52,0.01,99,806926,买盘
11:02:55,81.5,-0.02,68,554262,卖盘
11:02:57,81.52,0.02,93,758043,买盘
11:03:00,81.52,0.0,36,293465,卖盘
11:03:03,81.5,-0.02,119,970013,卖盘
11:03:07,81.5,0.0,142,1157338,卖盘
11:03:10,81.51,0.01,31,252698,卖盘
11:03:13,81.52,0.01,116,945702,买盘
11:03:15,81.52,0.0,37,301610,买盘
11:03:19,81.52,0.0,54,439797,买盘
11:03:22,81.56,0.04,104,847941,买盘
11:03:25,81.53,-0.03,64,521753,卖盘
11:03:28,81.52,-0.01,17,138587,卖盘
11:03:30,81.53,0.01,329,2681486,中性盘
11:03:33,81.56,0.03,51,415932,买盘
11:03:37,81.55,-0.01,64,521947,卖盘
11:03:40,81.55,0.0,2,16312,卖盘
11:03:43,81.56,0.01,119,970648,买盘
11:03:46,81.58,0.02,49,399722,买盘
11:03:49,81.58,0.0,132,1076735,买盘
11:03:50,81.57,-0.01,519,4234849,卖盘
11:03:55,81.59,0.02,217,1770700,中性盘
11:03:58,81.59,0.0,420,3427190,中性盘
11:04:00,81.6,0.01,153,1248466,买盘
11:04:04,81.6,0.0,154,1256624,买盘
11:04:07,81.6,0.0,135,1101507,卖盘
11:04:09,81.6,0.0,70,571181,中性盘
11:04:12,81.61,0.01,77,628340,买盘
11:04:15,81.61,0.0,11,89777,卖盘
11:04:19,81.61,0.0,90,734546,卖盘
11:04:22,81.64,0.03,58,473414,买盘
11:04:25,81.65,0.01,26,213950,买盘
11:04:28,81.65,0.0,40,326577,买盘
11:04:30,81.65,0.0,36,293913,买盘
11:04:34,81.67,0.02,555,4532375,买盘
11:04:37,81.69,0.02,133,1085382,买盘
11:04:40,81.7,0.01,84,686241,买盘
11:04:42,81.71,0.01,31,253290,买盘
11:04:45,81.72,0.01,64,522973,买盘
11:04:49,81.73,0.01,25,204310,买盘
11:04:52,81.7,-0.03,167,1364587,卖盘
11:04:55,81.7,0.0,118,964060,买盘
11:04:58,81.69,-0.01,232,1895380,卖盘
11:05:01,81.7,0.01,254,2072737,买盘
11:05:03,81.69,-0.01,25,204225,买盘
11:05:07,81.67,-0.02,32,261354,卖盘
11:05:10,81.69,0.02,10,81690,买盘
11:05:13,81.68,-0.01,16,130690,中性盘
11:05:16,81.69,0.01,56,457398,买盘
11:05:19,81.68,-0.01,19,155191,中性盘
11:05:21,81.6,-0.08,584,4764904,卖盘
11:05:25,81.67,0.07,54,442493,买盘
11:05:27,81.68,0.01,31,253174,买盘
11:05:31,81.68,0.0,10,84784,卖盘
11:05:34,81.67,-0.01,36,290949,卖盘
11:05:36,81.63,-0.04,65,530866,中性盘
11:05:39,81.66,0.03,26,212323,中性盘
11:05:42,81.66,0.0,7,56830,中性盘
11:05:45,81.66,0.0,102,833087,买盘
11:05:49,81.68,0.02,169,1380211,买盘
11:05:51,81.67,-0.01,35,289833,中性盘
11:05:54,81.69,0.02,118,963794,买盘
11:05:58,81.66,-0.03,4,32667,卖盘
11:06:00,81.66,0.0,46,371646,卖盘
11:06:04,81.66,0.0,2,16332,买盘
11:06:06,81.66,0.0,106,865592,买盘
11:06:10,81.66,0.0,85,694082,买盘
11:06:13,81.67,0.01,206,1685485,买盘
11:06:16,81.67,0.0,232,1891127,买盘
11:06:18,81.66,-0.01,48,391981,中性盘
11:06:21,81.68,0.02,14,114337,买盘
11:06:25,81.66,-0.02,29,236833,卖盘
11:06:28,81.66,0.0,29,236828,卖盘
11:06:31,81.68,0.02,23,187846,买盘
11:06:34,81.67,-0.01,98,800274,中性盘
11:06:37,81.68,0.01,80,653436,买盘
11:06:40,81.66,-0.02,74,604338,卖盘
11:06:42,81.65,-0.01,89,726665,卖盘
11:06:46,81.65,0.0,7,57155,买盘
11:06:48,81.64,-0.01,40,324929,卖盘
11:06:51,81.63,-0.01,31,253076,卖盘
11:06:55,81.65,0.02,196,1601765,买盘
11:06:58,81.66,0.01,56,457273,买盘
11:07:01,81.66,0.0,20,163313,买盘
11:07:04,81.66,0.0,22,179634,买盘
11:07:07,81.66,0.0,150,1226512,买盘
11:07:10,81.66,0.0,53,432847,卖盘
11:07:11,81.69,0.03,88,718712,买盘
11:07:15,81.66,-0.03,15,122498,卖盘
11:07:18,81.68,0.02,15,122515,买盘
11:07:21,81.67,-0.01,26,212362,中性盘
11:07:25,81.67,0.0,11,89842,卖盘
11:07:28,81.67,0.0,41,334865,卖盘
11:07:31,81.67,0.0,16,130675,卖盘
11:07:34,81.67,0.0,54,441063,卖盘
11:07:36,81.67,0.0,70,571745,卖盘
11:07:39,81.69,0.02,16,130689,买盘
11:07:43,81.67,-0.02,6,49002,中性盘
11:07:45,81.69,0.02,16,130676,买盘
11:07:48,81.67,-0.02,12,93014,中性盘
11:07:51,81.66,-0.01,29,236844,卖盘
11:07:54,81.69,0.03,64,522811,买盘
11:07:58,81.67,-0.02,47,383874,卖盘
11:08:00,81.69,0.02,52,424710,买盘
11:08:03,81.7,0.01,33,269585,买盘
11:08:06,81.71,0.01,387,3161827,买盘
11:08:09,81.72,0.01,107,874336,买盘
11:08:12,81.7,-0.02,22,179741,卖盘
11:08:14,81.71,0.01,3,24512,买盘
11:08:18,81.7,-0.01,27,220604,卖盘
11:08:20,81.7,0.0,30,245116,卖盘
11:08:25,81.7,0.0,19,155252,卖盘
11:08:27,81.72,0.02,23,187949,买盘
11:08:31,81.7,-0.02,3,24510,卖盘
11:08:33,81.71,0.01,62,506566,中性盘
11:08:36,81.73,0.02,407,3328555,买盘
11:08:38,81.74,0.01,145,1185141,买盘
11:08:42,81.73,-0.01,1,8173,中性盘
11:08:46,81.73,0.0,85,694711,买盘
11:08:48,81.75,0.02,159,1299658,买盘
11:08:50,81.74,-0.01,34,277909,中性盘
11:08:54,81.72,-0.02,34,277872,卖盘
11:08:58,81.73,0.01,13,106249,买盘
11:09:00,81.73,0.0,12,98072,买盘
11:09:03,81.73,0.0,25,204316,买盘
11:09:06,81.74,0.01,90,735563,买盘
11:09:09,81.74,0.0,6,49044,买盘
11:09:11,81.72,-0.02,38,310575,卖盘
11:09:15,81.74,0.02,19,155291,买盘
11:09:18,81.71,-0.03,192,1569453,卖盘
11:09:21,81.74,0.03,19,155294,买盘
11:09:25,81.74,0.0,197,1610266,买盘
11:09:28,81.75,0.01,86,703095,卖盘
11:09:30,81.76,0.01,46,376119,买盘
11:09:33,81.75,-0.01,30,245265,卖盘
11:09:36,81.74,-0.01,44,359701,卖盘
11:09:38,81.75,0.01,25,204358,买盘
11:09:42,81.71,-0.04,32,265566,卖盘
11:09:45,81.73,0.02,3,24523,卖盘
11:09:48,81.73,0.0,19,155281,买盘
11:09:51,81.73,0.0,17,138939,买盘
11:09:54,81.73,0.0,14,114412,买盘
11:09:57,81.73,0.0,75,613027,买盘
11:09:59,81.7,-0.03,201,1642356,卖盘
11:10:02,81.7,0.0,248,2019117,卖盘
11:10:07,81.7,0.0,6,49018,买盘
11:10:09,81.69,-0.01,127,1044678,卖盘
11:10:12,81.71,0.02,226,1846612,买盘
11:10:15,81.71,0.0,48,392205,买盘
11:10:18,81.71,0.0,123,1004836,买盘
11:10:21,81.71,0.0,102,833211,买盘
11:10:25,81.69,-0.02,8,65356,中性盘
11:10:27,81.69,0.0,31,253241,买盘
11:10:30,81.69,0.0,76,620801,买盘
11:10:33,81.7,0.01,45,367644,买盘
11:10:36,81.71,0.01,21,171585,买盘
11:10:38,81.71,0.0,74,604569,买盘
11:10:41,81.69,-0.02,67,547357,卖盘
11:10:45,81.69,0.0,24,196056,买盘
11:10:48,81.69,0.0,45,367572,买盘
11:10:51,81.68,-0.01,55,449227,中性盘
11:10:55,81.68,0.0,64,522750,买盘
11:10:57,81.67,-0.01,81,661125,卖盘
11:11:00,81.65,-0.02,201,1638067,卖盘
11:11:03,81.65,0.0,50,408297,卖盘
11:11:06,81.65,0.0,121,986642,卖盘
11:11:08,81.65,0.0,439,3583383,买盘
11:11:12,81.65,0.0,33,269456,买盘
11:11:15,81.61,-0.04,50,408051,卖盘
11:11:18,81.58,-0.03,110,896760,卖盘
11:11:20,81.6,0.02,40,326393,买盘
11:11:25,81.57,-0.03,24,200446,卖盘
11:11:27,81.58,0.01,56,452482,买盘
11:11:30,81.58,0.0,96,786193,买盘
11:11:33,81.58,0.0,36,293668,卖盘
11:11:36,81.6,0.02,45,367176,买盘
11:11:38,81.6,0.0,19,155024,买盘
11:11:42,81.6,0.0,24,195833,买盘
11:11:45,81.6,0.0,33,269259,买盘
11:11:47,81.6,0.0,128,1044427,买盘
11:11:51,81.6,0.0,21,171356,买盘
11:11:55,81.6,0.0,136,1109749,买盘
11:11:57,81.6,0.0,17,138720,买盘
11:12:00,81.6,0.0,193,1574706,买盘
11:12:03,81.6,0.0,42,342697,买盘
11:12:06,81.59,-0.01,46,371900,卖盘
11:12:10,81.6,0.01,146,1191132,买盘
11:12:12,81.59,-0.01,41,334504,中性盘
11:12:14,81.59,0.0,16,130544,买盘
11:12:18,81.59,0.0,18,146861,买盘
11:12:21,81.59,0.0,112,913823,买盘
11:12:24,81.59,0.0,17,138700,买盘
11:12:27,81.59,0.0,29,236601,买盘
11:12:30,81.6,0.01,109,889332,买盘
11:12:33,81.58,-0.02,41,334521,卖盘
11:12:35,81.61,0.03,58,473274,买盘
11:12:39,81.58,-0.03,55,448772,卖盘
11:12:41,81.6,0.02,55,448717,买盘
11:12:45,81.6,0.0,36,293759,买盘
11:12:48,81.6,0.0,36,293743,买盘
11:12:51,81.6,0.0,59,481411,买盘
11:12:53,81.6,0.0,42,347127,买盘
11:12:57,81.62,0.02,16,130574,买盘
11:13:00,81.6,-0.02,25,204020,卖盘
11:13:02,81.6,0.0,133,1085224,卖盘
11:13:06,81.6,0.0,30,244796,买盘
11:13:09,81.59,-0.01,28,228455,中性盘
11:13:12,81.59,0.0,30,239544,买盘
11:13:14,81.59,0.0,66,538478,买盘
11:13:18,81.59,0.0,32,262560,卖盘
11:13:21,81.58,-0.01,11,89744,卖盘
11:13:25,81.59,0.01,31,252929,买盘
11:13:28,81.59,0.0,69,562930,买盘
11:13:30,81.59,0.0,151,1231989,买盘
11:13:32,81.58,-0.01,39,318169,卖盘
11:13:35,81.58,0.0,59,481377,卖盘
11:13:38,81.59,0.01,63,513985,中性盘
11:13:41,81.59,0.0,587,4787463,买盘
11:13:44,81.55,-0.04,488,3979649,卖盘
11:13:47,81.6,0.05,60,489446,买盘
11:13:51,81.59,-0.01,12,97908,中性盘
11:13:54,81.55,-0.04,88,717727,卖盘
11:13:57,81.55,0.0,27,220236,卖盘
11:14:00,81.55,0.0,28,233992,卖盘
11:14:03,81.56,0.01,18,146807,中性盘
11:14:05,81.58,0.02,64,522003,买盘
11:14:09,81.58,0.0,16,130507,买盘
11:14:12,81.58,0.0,16,130494,买盘
11:14:15,81.58,0.0,103,836797,买盘
11:14:18,81.58,0.0,23,187621,买盘
11:14:21,81.58,0.0,123,1003218,买盘
11:14:24,81.58,0.0,200,1631064,买盘
11:14:27,81.56,-0.02,69,562848,中性盘
11:14:30,81.57,0.01,11,89723,买盘
11:14:33,81.58,0.01,18,146825,买盘
11:14:36,81.57,-0.01,18,146819,买盘
11:14:39,81.57,0.0,14,114202,卖盘
11:14:42,81.58,0.01,275,2243406,买盘
11:14:45,81.57,-0.01,59,481309,中性盘
11:14:48,81.56,-0.01,32,261009,卖盘
11:14:51,81.58,0.02,50,407886,买盘
11:14:53,81.59,0.01,46,375303,买盘
11:14:57,81.58,-0.01,143,1166702,卖盘
11:15:00,81.59,0.01,60,489384,买盘
11:15:03,81.6,0.01,24,195810,买盘
11:15:06,81.6,0.0,108,881185,买盘
11:15:08,81.58,-0.02,140,1142133,卖盘
11:15:12,81.58,0.0,48,391568,买盘
11:15:15,81.58,0.0,20,163160,买盘
11:15:18,81.58,0.0,13,106054,买盘
11:15:21,81.58,0.0,47,384553,买盘
11:15:24,81.58,0.0,157,1280812,买盘
11:15:27,81.58,0.0,80,652612,买盘
11:15:30,81.6,0.02,61,497660,买盘
11:15:34,81.6,0.0,27,220294,买盘
11:15:36,81.58,-0.02,100,815929,卖盘
11:15:39,81.6,0.02,23,187657,买盘
11:15:42,81.61,0.01,215,1754294,买盘
11:15:45,81.59,-0.02,121,987371,卖盘
11:15:48,81.59,0.0,36,293724,卖盘
11:15:51,81.61,0.02,33,269267,买盘
11:15:54,81.61,0.0,46,375326,中性盘
11:15:57,81.59,-0.02,111,905747,卖盘
11:16:00,81.6,0.01,7,57118,买盘
11:16:03,81.6,0.0,53,432473,买盘
11:16:06,81.6,0.0,119,971038,买盘
11:16:09,81.59,-0.01,57,465100,卖盘
11:16:12,81.6,0.01,100,815968,买盘
11:16:14,81.6,0.0,89,726353,卖盘
11:16:19,81.63,0.03,21,171378,买盘
11:16:24,81.61,-0.02,29,236666,卖盘
11:16:27,81.62,0.01,25,204036,中性盘
11:16:30,81.61,-0.01,385,3140353,买盘
11:16:33,81.6,-0.01,109,889581,卖盘
11:16:36,81.6,0.0,218,1778853,卖盘
11:16:39,81.6,0.0,59,478078,买盘
11:16:42,81.6,0.0,42,342704,买盘
11:16:45,81.6,0.0,92,750710,买盘
11:16:49,81.6,0.0,43,350876,买盘
11:16:51,81.6,0.0,345,2815164,买盘
11:16:54,81.6,0.0,51,416162,买盘
11:16:57,81.6,0.0,89,726218,卖盘
11:17:00,81.6,0.0,18,146880,买盘
11:17:03,81.59,-0.01,19,155029,卖盘
11:17:05,81.6,0.01,11,89755,买盘
11:17:09,81.61,0.01,85,701373,买盘
11:17:11,81.6,-0.01,79,644672,卖盘
11:17:15,81.58,-0.02,198,1615431,卖盘
11:17:18,81.58,0.0,283,2301089,卖盘
11:17:21,81.59,0.01,97,791488,买盘
11:17:24,81.59,0.0,100,815863,买盘
11:17:27,81.59,0.0,17,138694,买盘
11:17:29,81.59,0.0,4,32636,买盘
11:17:33,81.59,0.0,50,407919,买盘
11:17:36,81.59,0.0,92,750555,买盘
11:17:38,81.59,0.0,45,367126,买盘
11:17:42,81.57,-0.02,38,310003,卖盘
11:17:46,81.59,0.02,179,1460208,买盘
11:17:48,81.57,-0.02,311,2536537,卖盘
11:17:51,81.57,0.0,91,742447,卖盘
11:17:54,81.57,0.0,60,489444,卖盘
11:17:57,81.59,0.02,144,1174593,买盘
11:17:59,81.56,-0.03,22,179453,卖盘
11:18:03,81.56,0.0,80,653086,买盘
11:18:06,81.54,-0.02,353,2880546,卖盘
11:18:09,81.53,-0.01,212,1728499,卖盘
11:18:12,81.52,-0.01,419,3415714,卖盘
11:18:15,81.52,0.0,293,2388403,买盘
11:18:18,81.52,0.0,172,1402040,买盘
11:18:21,81.51,-0.01,110,896657,卖盘
11:18:24,81.51,0.0,159,1296115,卖盘
11:18:26,81.53,0.02,141,1149436,买盘
11:18:30,81.51,-0.02,349,2845053,卖盘
11:18:33,81.51,0.0,71,578689,买盘
11:18:36,81.51,0.0,305,2491116,买盘
11:18:39,81.52,0.01,198,1614000,买盘
11:18:42,81.52,0.0,38,309746,中性盘
11:18:45,81.52,0.0,266,2168204,买盘
11:18:49,81.52,0.0,97,790721,买盘
11:18:51,81.53,0.01,1380,11247903,买盘
11:18:54,81.52,-0.01,323,2632894,卖盘
11:18:56,81.51,-0.01,9,73359,买盘
11:19:00,81.5,-0.01,80,652053,卖盘
11:19:04,81.52,0.02,264,2151662,买盘
11:19:05,81.52,0.0,175,1426240,买盘
11:19:09,81.5,-0.02,37,296906,卖盘
11:19:12,81.5,0.0,73,594950,买盘
11:19:15,81.49,-0.01,42,342291,卖盘
11:19:18,81.49,0.0,28,228176,卖盘
11:19:21,81.49,0.0,60,488936,买盘
11:19:24,81.49,0.0,261,2128755,买盘
11:19:27,81.48,-0.01,109,888165,卖盘
11:19:30,81.49,0.01,26,211862,买盘
11:19:33,81.57,0.08,700,5703383,买盘
11:19:36,81.49,-0.08,30,244471,中性盘
11:19:39,81.57,0.08,95,774762,买盘
11:19:42,81.57,0.0,8,65256,卖盘
11:19:45,81.57,0.0,12,97884,买盘
11:19:48,81.58,0.01,27,220254,买盘
11:19:51,81.55,-0.03,106,864447,卖盘
11:19:54,81.57,0.02,1,8157,买盘
11:19:57,81.57,0.0,9,73401,买盘
11:19:59,81.51,-0.06,13,105970,卖盘
11:20:02,81.55,0.04,79,644259,买盘
11:20:06,81.57,0.02,87,709292,买盘
11:20:08,81.52,-0.05,23,186947,卖盘
11:20:12,81.54,0.02,11,89689,中性盘
11:20:15,81.53,-0.01,16,130463,卖盘
11:20:18,81.52,-0.01,19,152613,卖盘
11:20:21,81.52,0.0,67,546237,买盘
11:20:24,81.5,-0.02,487,3972063,卖盘
11:20:27,81.51,0.01,199,1618932,买盘
11:20:30,81.54,0.03,99,807103,买盘
11:20:33,81.5,-0.04,287,2339131,卖盘
11:20:36,81.5,0.0,152,1238800,买盘
11:20:39,81.52,0.02,196,1597475,买盘
11:20:42,81.5,-0.02,282,2298324,卖盘
11:20:45,81.54,0.04,65,529759,买盘
11:20:49,81.52,-0.02,8,65206,中性盘
11:20:51,81.55,0.03,135,1100646,买盘
11:20:54,81.48,-0.07,357,2909343,卖盘
11:20:57,81.52,0.04,17,138594,中性盘
11:20:59,81.52,0.0,56,456566,卖盘
11:21:03,81.5,-0.02,520,4238315,卖盘
11:21:06,81.5,0.0,10,81499,买盘
11:21:09,81.5,0.0,37,301542,买盘
11:21:12,81.5,0.0,77,627517,买盘
11:21:15,81.5,0.0,36,293390,买盘
11:21:18,81.5,0.0,116,945385,买盘
11:21:21,81.5,0.0,200,1629865,买盘
11:21:24,81.5,0.0,88,717173,买盘
11:21:27,81.5,0.0,41,334131,买盘
11:21:30,81.51,0.01,607,4946785,买盘
11:21:34,81.49,-0.02,64,521565,卖盘
11:21:36,81.5,0.01,119,969755,买盘
11:21:39,81.52,0.02,500,4074280,买盘
11:21:42,81.52,0.0,43,350502,买盘
11:21:46,81.52,0.0,98,798955,卖盘
11:21:49,81.52,0.0,5,40760,卖盘
11:21:51,81.53,0.01,42,342401,买盘
11:21:54,81.52,-0.01,19,154888,卖盘
11:21:57,81.53,0.01,51,415747,买盘
11:22:00,81.51,-0.02,24,195636,卖盘
11:22:03,81.51,0.0,119,971816,卖盘
11:22:06,81.5,-0.01,46,374905,卖盘
11:22:09,81.51,0.01,76,617993,买盘
11:22:12,81.5,-0.01,115,937286,卖盘
11:22:15,81.51,0.01,62,505313,买盘
11:22:18,81.51,0.0,32,260839,卖盘
11:22:21,81.51,0.0,1462,11914651,卖盘
11:22:24,81.51,0.0,94,765970,买盘
11:22:27,81.47,-0.04,99,806609,卖盘
11:22:31,81.47,0.0,115,936918,卖盘
11:22:33,81.46,-0.01,154,1261724,卖盘
11:22:35,81.47,0.01,120,977548,中性盘
11:22:38,81.48,0.01,118,961299,买盘
11:22:42,81.47,-0.01,50,407321,买盘
11:22:45,81.46,-0.01,36,293260,卖盘
11:22:49,81.47,0.01,153,1242998,买盘
11:22:51,81.48,0.01,51,415512,买盘
11:22:55,81.47,-0.01,55,448088,卖盘
11:22:57,81.47,0.0,102,831736,卖盘
11:23:00,81.48,0.01,44,358479,买盘
11:23:04,81.47,-0.01,74,602869,买盘
11:23:06,81.47,0.0,45,366631,卖盘
11:23:09,81.47,0.0,41,336047,买盘
11:23:12,81.47,0.0,84,684348,买盘
11:23:15,81.47,0.0,82,668025,买盘
11:23:19,81.47,0.0,47,382907,买盘
11:23:21,81.47,0.0,66,537659,买盘
11:23:24,81.47,0.0,387,3152557,买盘
11:23:27,81.48,0.01,61,496982,买盘
11:23:30,81.48,0.0,69,562161,买盘
11:23:33,81.47,-0.01,7,57031,卖盘
11:23:36,81.48,0.01,135,1094085,买盘
11:23:39,81.47,-0.01,194,1580536,卖盘
11:23:42,81.48,0.01,126,1026574,买盘
11:23:45,81.48,0.0,143,1165378,中性盘
11:23:49,81.48,0.0,67,545878,卖盘
11:23:51,81.5,0.02,27,220048,中性盘
11:23:54,81.48,-0.02,94,765952,卖盘
11:23:57,81.48,0.0,32,260733,买盘
11:24:00,81.48,0.0,129,1051372,买盘
11:24:03,81.49,0.01,18,146703,卖盘
11:24:06,81.51,0.02,26,211926,中性盘
11:24:08,81.5,-0.01,243,1980561,卖盘
11:24:12,81.5,0.0,9,73350,买盘
11:24:15,81.5,0.0,36,293395,买盘
11:24:19,81.5,0.0,58,472692,买盘
11:24:21,81.5,0.0,10,81500,卖盘
11:24:25,81.5,0.0,16,130406,卖盘
11:24:27,81.5,0.0,44,358638,卖盘
11:24:30,81.51,0.01,16,130413,买盘
11:24:34,81.5,-0.01,29,236354,卖盘
11:24:36,81.51,0.01,30,244530,买盘
11:24:39,81.52,0.01,64,521700,买盘
11:24:42,81.51,-0.01,147,1198235,卖盘
11:24:46,81.51,0.0,24,195642,卖盘
11:24:49,81.51,0.0,15,122265,卖盘
11:24:51,81.52,0.01,31,252699,买盘
11:24:54,81.53,0.01,63,519418,买盘
11:24:57,81.53,0.0,13,105989,中性盘
11:25:00,81.52,-0.01,11,89673,卖盘
11:25:03,81.53,0.01,33,269035,买盘
11:25:06,81.53,0.0,23,187518,买盘
11:25:09,81.52,-0.01,27,220130,卖盘
11:25:12,81.54,0.02,74,603386,买盘
11:25:16,81.53,-0.01,3,24459,卖盘
11:25:19,81.54,0.01,20,163075,买盘
11:25:21,81.54,0.0,46,375096,买盘
11:25:24,81.57,0.03,8,65241,买盘
11:25:27,81.55,-0.02,14,114178,卖盘
11:25:30,81.57,0.02,17,138661,买盘
11:25:34,81.56,-0.01,21,171256,中性盘
11:25:36,81.56,0.0,22,179414,买盘
11:25:39,81.56,0.0,76,619883,买盘
11:25:42,81.58,0.02,186,1517329,买盘
11:25:45,81.57,-0.01,19,155016,卖盘
11:25:49,81.62,0.05,17,138687,买盘
11:25:51,81.6,-0.02,30,244888,中性盘
11:25:54,81.62,0.02,16,130592,买盘
11:25:57,81.62,0.0,18,143376,买盘
11:26:00,81.62,0.0,24,195886,买盘
11:26:03,81.61,-0.01,168,1370427,中性盘
11:26:06,81.62,0.01,87,709957,买盘
11:26:09,81.6,-0.02,50,408093,卖盘
11:26:12,81.6,0.0,22,179535,卖盘
11:26:16,81.6,0.0,6,48960,买盘
11:26:18,81.58,-0.02,13,106056,卖盘
11:26:21,81.6,0.02,192,1570454,买盘
11:26:24,81.58,-0.02,82,669118,中性盘
11:26:27,81.57,-0.01,20,159310,卖盘
11:26:30,81.55,-0.02,28,225212,卖盘
11:26:33,81.57,0.02,8,65251,买盘
11:26:36,81.56,-0.01,92,750552,中性盘
11:26:38,81.55,-0.01,117,954315,卖盘
11:26:42,81.57,0.02,12,97883,卖盘
11:26:45,81.56,-0.01,72,587196,买盘
11:26:48,81.56,0.0,15,124541,买盘
11:26:51,81.56,0.0,41,336669,买盘
11:26:54,81.56,0.0,74,603517,买盘
11:26:57,81.55,-0.01,26,207545,卖盘
11:27:00,81.56,0.01,210,1712716,买盘
11:27:04,81.54,-0.02,74,603469,卖盘
11:27:06,81.53,-0.01,237,1939026,卖盘
11:27:09,81.53,0.0,2,16306,买盘
11:27:12,81.53,0.0,72,587016,买盘
11:27:15,81.53,0.0,17,138601,买盘
11:27:18,81.53,0.0,31,246055,买盘
11:27:21,81.54,0.01,36,293522,买盘
11:27:24,81.54,0.0,9,73386,买盘
11:27:27,81.53,-0.01,80,652240,卖盘
11:27:32,81.54,0.01,297,2421369,买盘
11:27:36,81.54,0.0,87,709456,卖盘
11:27:39,81.5,-0.04,593,4834488,卖盘
11:27:42,81.5,0.0,166,1352900,买盘
11:27:46,81.5,0.0,151,1230650,买盘
11:27:48,81.5,0.0,42,342284,买盘
11:27:51,81.5,0.0,43,356718,买盘
11:27:54,81.5,0.0,113,920914,买盘
11:27:57,81.5,0.0,91,741630,买盘
11:28:00,81.5,0.0,79,642952,买盘
11:28:03,81.5,0.0,38,309700,卖盘
11:28:06,81.5,0.0,23,187450,卖盘
11:28:09,81.5,0.0,5,40750,卖盘
11:28:12,81.51,0.01,39,317895,中性盘
11:28:15,81.52,0.01,634,5166052,买盘
11:28:19,81.52,0.0,73,594968,买盘
11:28:21,81.52,0.0,310,2526517,买盘
11:28:25,81.52,0.0,73,595109,买盘
11:28:27,81.5,-0.02,157,1279557,卖盘
11:28:30,81.5,0.0,74,603100,买盘
11:28:34,81.48,-0.02,44,357984,卖盘
11:28:36,81.49,0.01,145,1181693,买盘
11:28:39,81.49,0.0,59,480832,买盘
11:28:42,81.49,0.0,42,342258,买盘
11:28:45,81.49,0.0,74,603077,买盘
11:28:48,81.5,0.01,115,937250,买盘
11:28:51,81.5,0.0,100,815000,卖盘
11:28:54,81.5,0.0,217,1768571,卖盘
11:28:57,81.51,0.01,63,513470,中性盘
11:29:00,81.5,-0.01,227,1850046,卖盘
11:29:03,81.49,-0.01,126,1021354,卖盘
11:29:06,81.5,0.01,86,700865,买盘
11:29:09,81.5,0.0,14,114100,买盘
11:29:12,81.5,0.0,64,521600,买盘
11:29:16,81.51,0.01,42,342301,买盘
11:29:21,81.52,0.01,67,546164,买盘
11:29:24,81.55,0.03,17,138590,买盘
11:29:27,81.55,0.0,4,32620,卖盘
11:29:31,81.52,-0.03,28,228330,卖盘
11:29:34,81.56,0.04,12,101520,卖盘
11:29:39,81.56,0.0,36,292929,买盘
11:29:42,81.56,0.0,2,16312,卖盘
11:29:46,81.57,0.01,31,252864,买盘
11:29:49,81.56,-0.01,3,24469,卖盘
11:29:51,81.56,0.0,29,236551,卖盘
11:29:54,81.57,0.01,60,489457,中性盘
11:29:57,81.6,0.03,55,448789,买盘
11:30:00,81.59,-0.01,13,106067,卖盘
13:00:01,81.6,0.01,967,7891497,买盘
13:00:05,81.59,-0.01,1114,9093898,卖盘
13:00:07,81.59,0.0,183,1493719,卖盘
13:00:09,81.59,0.0,8,65276,卖盘
13:00:13,81.6,0.01,23,185717,卖盘
13:00:16,81.59,-0.01,24,195819,卖盘
13:00:20,81.6,0.01,153,1247013,中性盘
13:00:20,81.6,0.0,707,5769114,买盘
13:00:25,81.6,0.0,50,408002,卖盘
13:00:28,81.59,-0.01,408,3330294,卖盘
13:00:29,81.61,0.02,23,187687,买盘
13:00:34,81.6,-0.01,27,220302,卖盘
13:00:37,81.59,-0.01,41,336571,卖盘
13:00:40,81.58,-0.01,288,2349650,卖盘
13:00:44,81.58,0.0,74,603839,卖盘
13:00:47,81.59,0.01,47,383611,卖盘
13:00:47,81.59,0.0,29,230302,中性盘
13:00:52,81.59,0.0,70,577525,买盘
13:00:55,81.59,0.0,17,138704,卖盘
13:00:58,81.58,-0.01,21,166934,卖盘
13:01:01,81.59,0.01,12,97912,卖盘
13:01:04,81.59,0.0,38,310059,卖盘
13:01:06,81.58,-0.01,49,402048,卖盘
13:01:10,81.59,0.01,20,163177,买盘
13:01:13,81.59,0.0,65,530499,卖盘
13:01:16,81.58,-0.01,19,154845,卖盘
13:01:20,81.59,0.01,54,434819,买盘
13:01:20,81.57,-0.02,226,1847079,卖盘
13:01:25,81.56,-0.01,25,203902,卖盘
13:01:29,81.57,0.01,302,2462027,买盘
13:01:31,81.54,-0.03,18,146801,卖盘
13:01:35,81.53,-0.01,55,448454,卖盘
13:01:37,81.52,-0.01,99,805045,卖盘
13:01:40,81.51,-0.01,83,676562,卖盘
13:01:43,81.52,0.01,33,271109,买盘
13:01:46,81.51,-0.01,150,1222655,卖盘
13:01:49,81.52,0.01,20,163025,买盘
13:01:52,81.51,-0.01,270,2198719,卖盘
13:01:55,81.51,0.0,10,81508,买盘
13:01:56,81.5,-0.01,32,261461,卖盘
13:02:02,81.52,0.02,235,1919832,买盘
13:02:04,81.52,0.0,29,236408,卖盘
13:02:07,81.53,0.01,19,154905,买盘
13:02:10,81.53,0.0,6,48918,卖盘
13:02:14,81.54,0.01,9,73384,买盘
13:02:16,81.52,-0.02,55,448412,卖盘
13:02:19,81.53,0.01,19,154906,买盘
13:02:22,81.54,0.01,16,130455,买盘
13:02:25,81.53,-0.01,44,358732,卖盘
13:02:29,81.52,-0.01,40,326139,卖盘
13:02:31,81.52,0.0,23,184972,卖盘
13:02:34,81.54,0.02,31,252769,买盘
13:02:37,81.54,0.0,51,415846,卖盘
13:02:40,81.55,0.01,85,693335,买盘
13:02:41,81.54,-0.01,29,236315,卖盘
13:02:46,81.54,0.0,53,432137,买盘
13:02:49,81.54,0.0,28,229039,买盘
13:02:52,81.54,0.0,3,24462,买盘
13:02:55,81.53,-0.01,38,309080,卖盘
13:02:59,81.53,0.0,17,140387,买盘
13:03:01,81.53,0.0,17,138587,买盘
13:03:04,81.52,-0.01,31,250600,卖盘
13:03:07,81.53,0.01,71,578808,买盘
13:03:10,81.53,0.0,46,375000,买盘
13:03:13,81.53,0.0,245,2002261,买盘
13:03:16,81.53,0.0,54,440216,卖盘
13:03:19,81.53,0.0,147,1198361,中性盘
13:03:22,81.54,0.01,26,211984,买盘
13:03:25,81.53,-0.01,55,448381,卖盘
13:03:28,81.52,-0.01,29,236426,卖盘
13:03:31,81.53,0.01,70,567878,买盘
13:03:34,81.53,0.0,40,326103,买盘
13:03:38,81.52,-0.01,131,1067955,卖盘
13:03:40,81.53,0.01,9,73372,买盘
13:03:43,81.52,-0.01,317,2584209,卖盘
13:03:46,81.53,0.01,28,228284,买盘
13:03:49,81.52,-0.01,155,1263432,卖盘
13:03:52,81.53,0.01,16,130440,买盘
13:03:55,81.51,-0.02,35,285301,卖盘
13:03:58,81.5,-0.01,59,476912,卖盘
13:04:01,81.53,0.03,19,154903,买盘
13:04:04,81.5,-0.03,34,278652,卖盘
13:04:07,81.51,0.01,31,252700,买盘
13:04:10,81.51,0.0,18,146702,买盘
13:04:13,81.53,0.02,213,1736439,买盘
13:04:14,81.5,-0.03,19,154864,卖盘
13:04:19,81.51,0.01,30,244532,买盘
13:04:22,81.5,-0.01,112,912885,卖盘
13:04:25,81.53,0.03,14,115102,买盘
13:04:28,81.51,-0.02,38,310571,卖盘
13:04:31,81.51,0.0,44,358702,卖盘
13:04:34,81.51,0.0,27,220080,卖盘
13:04:37,81.51,0.0,20,163008,卖盘
13:04:40,81.51,0.0,49,401163,卖盘
13:04:41,81.51,0.0,98,798720,买盘
13:04:46,81.51,0.0,47,383067,买盘
13:04:49,81.5,-0.01,91,741687,卖盘
13:04:52,81.51,0.01,13,105960,买盘
13:04:54,81.51,0.0,106,862162,买盘
13:04:58,81.5,-0.01,73,594969,卖盘
13:04:59,81.51,0.01,44,358633,买盘
13:05:04,81.5,-0.01,79,643866,卖盘
13:05:07,81.51,0.01,37,301590,卖盘
13:05:09,81.51,0.0,25,199699,卖盘
13:05:11,81.52,0.01,52,423862,买盘
13:05:16,81.51,-0.01,15,122267,卖盘
13:05:19,81.52,0.01,118,966959,买盘
13:05:22,81.51,-0.01,46,374948,卖盘
13:05:24,81.5,-0.01,64,522884,卖盘
13:05:26,81.52,0.02,46,374992,买盘
13:05:31,81.52,0.0,124,1010844,买盘
13:05:34,81.53,0.01,22,179345,买盘
13:05:37,81.52,-0.01,18,146732,卖盘
13:05:40,81.51,-0.01,67,543104,卖盘
13:05:43,81.51,0.0,14,114116,卖盘
13:05:46,81.51,0.0,78,635823,卖盘
13:05:49,81.51,0.0,34,277135,卖盘
13:05:55,81.52,0.01,13,105969,中性盘
13:05:58,81.52,0.0,29,237295,买盘
13:06:01,81.52,0.0,15,122273,买盘
13:06:02,81.51,-0.01,38,309762,卖盘
13:06:08,81.52,0.01,46,374969,买盘
13:06:10,81.51,-0.01,17,138579,卖盘
13:06:13,81.52,0.01,43,350504,买盘
13:06:16,81.52,0.0,42,343008,买盘
13:06:19,81.52,0.0,25,203787,买盘
13:06:22,81.51,-0.01,113,922531,卖盘
13:06:25,81.51,0.0,48,391233,买盘
13:06:28,81.51,0.0,185,1504756,买盘
13:06:31,81.5,-0.01,76,619412,卖盘
13:06:35,81.51,0.01,141,1149169,买盘
13:06:37,81.51,0.0,68,553367,买盘
13:06:40,81.51,0.0,102,831337,买盘
13:06:43,81.51,0.0,139,1133044,买盘
13:06:46,81.51,0.0,62,503845,卖盘
13:06:49,81.51,0.0,85,692780,卖盘
13:06:52,81.51,0.0,10,81501,中性盘
13:06:55,81.51,0.0,34,277463,卖盘
13:06:59,81.52,0.01,80,652035,买盘
13:06:59,81.52,0.0,2,16304,买盘
13:07:04,81.51,-0.01,247,2019349,卖盘
13:07:07,81.51,0.0,6,47603,卖盘
13:07:10,81.52,0.01,120,978054,买盘
13:07:11,81.52,0.0,16,130417,买盘
13:07:16,81.52,0.0,36,294743,买盘
13:07:19,81.51,-0.01,6,48911,卖盘
13:07:22,81.52,0.01,95,774423,买盘
13:07:25,81.53,0.01,2,16306,买盘
13:07:28,81.53,0.0,51,415759,买盘
13:07:31,81.52,-0.01,28,228256,卖盘
13:07:34,81.53,0.01,29,230063,买盘
13:07:36,81.52,-0.01,22,179353,卖盘
13:07:40,81.53,0.01,13,105978,买盘
13:07:43,81.53,0.0,65,530791,买盘
13:07:46,81.53,0.0,5,40764,买盘
13:07:49,81.52,-0.01,40,326090,卖盘
13:07:53,81.52,0.0,25,203724,卖盘
13:07:55,81.53,0.01,5,40765,买盘
13:07:58,81.52,-0.01,42,342401,卖盘
13:08:01,81.52,0.0,42,348510,卖盘
13:08:03,81.53,0.01,39,317949,买盘
13:08:07,81.52,-0.01,108,880467,卖盘
13:08:10,81.53,0.01,129,1046114,买盘
13:08:13,81.53,0.0,7,57069,买盘
13:08:16,81.53,0.0,118,962828,买盘
13:08:19,81.53,0.0,108,880468,买盘
13:08:22,81.54,0.01,2,16307,买盘
13:08:24,81.54,0.0,129,1051746,买盘
13:08:29,81.55,0.01,119,970186,买盘
13:08:31,81.52,-0.03,81,664498,卖盘
13:08:34,81.53,0.01,30,244584,买盘
13:08:37,81.51,-0.02,64,521685,卖盘
13:08:39,81.53,0.02,1,8153,买盘
13:08:43,81.51,-0.02,60,487295,卖盘
13:08:46,81.51,0.0,18,146722,卖盘
13:08:48,81.52,0.01,5,40759,买盘
13:08:52,81.51,-0.01,47,383114,卖盘
13:08:55,81.53,0.02,59,480999,买盘
13:08:57,81.53,0.0,14,114142,卖盘
13:09:01,81.54,0.01,51,415804,买盘
13:09:04,81.54,0.0,16,130449,买盘
13:09:06,81.54,0.0,35,285365,买盘
13:09:09,81.53,-0.01,33,269054,卖盘
13:09:13,81.53,0.0,59,481195,卖盘
13:09:16,81.53,0.0,41,334294,卖盘
13:09:18,81.54,0.01,174,1418579,买盘
13:09:22,81.54,0.0,28,228279,卖盘
13:09:24,81.55,0.01,32,260922,买盘
13:09:28,81.53,-0.02,17,138614,卖盘
13:09:31,81.55,0.02,18,146785,买盘
13:09:34,81.53,-0.02,14,114156,卖盘
13:09:37,81.54,0.01,56,458481,买盘
13:09:40,81.55,0.01,48,391410,买盘
13:09:42,81.56,0.01,36,289153,买盘
13:09:46,81.56,0.0,2,16312,买盘
13:09:49,81.54,-0.02,218,1781904,卖盘
13:09:52,81.54,0.0,7,57077,买盘
13:09:54,81.53,-0.01,38,308789,卖盘
13:09:57,81.54,0.01,53,432159,买盘
13:10:01,81.54,0.0,35,280985,买盘
13:10:04,81.54,0.0,41,338717,卖盘
13:10:07,81.54,0.0,23,187543,买盘
13:10:10,81.54,0.0,29,236452,买盘
13:10:12,81.53,-0.01,61,497345,卖盘
13:10:16,81.52,-0.01,126,1027284,卖盘
13:10:19,81.52,0.0,10,81530,卖盘
13:10:22,81.53,0.01,163,1325686,买盘
13:10:25,81.53,0.0,57,464727,卖盘
13:10:28,81.52,-0.01,26,211966,卖盘
13:10:31,81.53,0.01,77,631290,买盘
13:10:34,81.53,0.0,26,211961,买盘
13:10:37,81.52,-0.01,160,1304365,卖盘
13:10:40,81.53,0.01,117,953824,买盘
13:10:43,81.53,0.0,46,374994,买盘
13:10:45,81.52,-0.01,117,952399,卖盘
13:10:48,81.51,-0.01,36,293448,卖盘
13:10:51,81.51,0.0,400,3260157,卖盘
13:10:55,81.51,0.0,17,135541,买盘
13:10:59,81.51,0.0,22,179326,买盘
13:11:01,81.51,0.0,24,195636,买盘
13:11:04,81.51,0.0,40,326035,买盘
13:11:07,81.51,0.0,6,48907,卖盘
13:11:10,81.53,0.02,474,3865228,买盘
13:11:13,81.53,0.0,12,97836,卖盘
13:11:16,81.51,-0.02,49,398127,卖盘
13:11:19,81.51,0.0,27,221372,买盘
13:11:22,81.52,0.01,16,130432,卖盘
13:11:24,81.52,0.0,37,300320,卖盘
13:11:27,81.51,-0.01,13,105963,卖盘
13:11:31,81.52,0.01,50,407578,买盘
13:11:34,81.51,-0.01,20,163022,卖盘
13:11:37,81.52,0.01,223,1817527,买盘
13:11:40,81.5,-0.02,311,2534682,卖盘
13:11:43,81.5,0.0,270,2198210,卖盘
13:11:46,81.48,-0.02,387,3154204,卖盘
13:11:49,81.5,0.02,37,301544,买盘
13:11:52,81.5,0.0,88,717852,买盘
13:11:55,81.49,-0.01,185,1507569,卖盘
13:11:58,81.49,0.0,47,383038,卖盘
13:12:01,81.49,0.0,29,236337,卖盘
13:12:04,81.49,0.0,83,676338,买盘
13:12:07,81.49,0.0,57,464488,买盘
13:12:10,81.49,0.0,62,511162,买盘
13:12:13,81.49,0.0,29,236331,卖盘
13:12:16,81.49,0.0,35,285219,买盘
13:12:18,81.49,0.0,15,122227,买盘
13:12:21,81.49,0.0,40,325960,买盘
13:12:24,81.48,-0.01,76,619294,卖盘
13:12:28,81.5,0.02,28,228183,买盘
13:12:31,81.5,0.0,193,1572610,买盘
13:12:34,81.5,0.0,49,391830,买盘
13:12:37,81.49,-0.01,1,8149,卖盘
13:12:40,81.49,0.0,32,260783,卖盘
13:12:43,81.49,0.0,179,1463422,卖盘
13:12:46,81.49,0.0,34,277075,卖盘
13:12:49,81.5,0.01,30,244494,买盘
13:12:52,81.49,-0.01,69,562322,卖盘
13:12:55,81.51,0.02,11,89648,买盘
13:12:58,81.49,-0.02,46,374895,卖盘
13:13:01,81.51,0.02,173,1409717,买盘
13:13:03,81.5,-0.01,30,244474,卖盘
13:13:06,81.5,0.0,27,220053,中性盘
13:13:09,81.5,0.0,26,211899,买盘
13:13:13,81.5,0.0,5,40750,卖盘
13:13:16,81.5,0.0,37,301545,卖盘
13:13:19,81.5,0.0,35,285251,卖盘
13:13:22,81.49,-0.01,63,513389,卖盘
13:13:25,81.49,0.0,20,162993,买盘
13:13:28,81.49,0.0,18,146682,买盘
13:13:31,81.49,0.0,75,611199,卖盘
13:13:34,81.49,0.0,72,586720,买盘
13:13:37,81.48,-0.01,84,684493,卖盘
13:13:40,81.5,0.02,17,138549,买盘
13:13:43,81.5,0.0,17,138544,买盘
13:13:46,81.49,-0.01,27,220035,卖盘
13:13:49,81.5,0.01,20,163000,买盘
13:13:51,81.5,0.0,24,195591,卖盘
13:13:55,81.51,0.01,39,317877,买盘
13:13:58,81.51,0.0,21,171171,卖盘
13:14:00,81.52,0.01,47,383099,买盘
13:14:03,81.52,0.0,8,65208,买盘
13:14:06,81.51,-0.01,125,1018756,卖盘
13:14:10,81.5,-0.01,62,503270,卖盘
13:14:13,81.52,0.02,20,163036,买盘
13:14:16,81.52,0.0,143,1165675,买盘
13:14:19,81.52,0.0,33,269010,买盘
13:14:22,81.52,0.0,7,57063,买盘
13:14:25,81.52,0.0,24,195616,中性盘
13:14:31,81.52,0.0,10,81520,买盘
13:14:34,81.53,0.01,21,171205,买盘
13:14:36,81.51,-0.02,18,146717,卖盘
13:14:40,81.52,0.01,12,97814,买盘
13:14:42,81.51,-0.01,25,203789,卖盘
13:14:46,81.52,0.01,18,146736,买盘
13:14:48,81.52,0.0,32,260864,买盘
13:14:52,81.53,0.01,18,146754,买盘
13:14:55,81.53,0.0,32,260865,买盘
13:14:58,81.53,0.0,28,228272,买盘
13:15:00,81.53,0.0,27,220133,买盘
13:15:04,81.53,0.0,10,81531,卖盘
13:15:07,81.55,0.02,98,799145,买盘
13:15:10,81.53,-0.02,47,383222,卖盘
13:15:13,81.55,0.02,5,40771,中性盘
13:15:16,81.54,-0.01,68,554519,卖盘
13:15:18,81.56,0.02,40,326175,买盘
13:15:22,81.56,0.0,45,371840,买盘
13:15:25,81.54,-0.02,8,60346,卖盘
13:15:28,81.55,0.01,30,244626,买盘
13:15:31,81.54,-0.01,116,948929,卖盘
13:15:34,81.54,0.0,39,318006,买盘
13:15:37,81.52,-0.02,164,1333850,卖盘
13:15:40,81.52,0.0,34,277163,买盘
13:15:43,81.52,0.0,63,513576,买盘
13:15:46,81.52,0.0,28,228254,买盘
13:15:48,81.52,0.0,169,1377627,买盘
13:15:51,81.52,0.0,91,741886,买盘
13:15:55,81.51,-0.01,207,1687398,卖盘
13:15:58,81.54,0.03,43,350583,买盘
13:16:01,81.54,0.0,23,187528,买盘
13:16:03,81.53,-0.01,10,81530,卖盘
13:16:07,81.53,0.0,24,195669,买盘
13:16:10,81.53,0.0,55,448395,买盘
13:16:13,81.53,0.0,38,309832,卖盘
13:16:15,81.53,0.0,31,252738,买盘
13:16:19,81.52,-0.01,36,293503,卖盘
13:16:22,81.52,0.0,41,334259,卖盘
13:16:25,81.53,0.01,67,546246,买盘
13:16:28,81.53,0.0,99,807146,买盘
13:16:31,81.54,0.01,38,309823,买盘
13:16:33,81.53,-0.01,96,782699,卖盘
13:16:37,81.53,0.0,7,57077,卖盘
13:16:40,81.54,0.01,99,807217,买盘
13:16:42,81.53,-0.01,24,195682,卖盘
13:16:46,81.54,0.01,29,236457,买盘
13:16:49,81.54,0.0,33,269081,买盘
13:16:52,81.54,0.0,2,16308,卖盘
13:16:54,81.54,0.0,10,81541,卖盘
13:16:58,81.55,0.01,85,696908,买盘
13:17:00,81.53,-0.02,247,2010055,卖盘
13:17:04,81.53,0.0,25,203825,买盘
13:17:07,81.53,0.0,19,154905,买盘
13:17:10,81.53,0.0,59,480992,买盘
13:17:13,81.53,0.0,133,1083123,买盘
13:17:16,81.53,0.0,35,285380,卖盘
13:17:19,81.56,0.03,27,220183,买盘
13:17:21,81.56,0.0,2,16312,买盘
13:17:24,81.54,-0.02,38,309891,卖盘
13:17:28,81.56,0.02,16,130494,买盘
13:17:31,81.56,0.0,17,138648,买盘
13:17:35,81.55,-0.01,11,89705,卖盘
13:17:37,81.56,0.01,25,203898,买盘
13:17:40,81.56,0.0,19,160418,买盘
13:17:42,81.55,-0.01,73,589884,卖盘
13:17:48,81.57,0.01,9,73406,买盘
13:17:52,81.58,0.01,54,440529,买盘
13:17:55,81.58,0.0,12,97902,卖盘
13:17:58,81.6,0.02,9,73436,买盘
13:18:01,81.58,-0.02,154,1256145,卖盘
13:18:03,81.58,0.0,11,89738,买盘
13:18:07,81.58,0.0,23,187632,买盘
13:18:10,81.58,0.0,37,301846,买盘
13:18:13,81.57,-0.01,39,319096,卖盘
13:18:16,81.57,0.0,29,236548,买盘
13:18:18,81.57,0.0,26,212100,买盘
13:18:22,81.58,0.01,77,628030,买盘
13:18:25,81.57,-0.01,20,163138,卖盘
13:18:28,81.57,0.0,91,742239,买盘
13:18:31,81.58,0.01,9,73415,买盘
13:18:33,81.57,-0.01,21,171311,卖盘
13:18:37,81.57,0.0,26,212082,卖盘
13:18:40,81.55,-0.02,41,334380,卖盘
13:18:42,81.56,0.01,17,138656,卖盘
13:18:46,81.57,0.01,32,261021,买盘
13:18:49,81.56,-0.01,20,163134,卖盘
13:18:52,81.58,0.02,140,1141989,买盘
13:18:55,81.57,-0.01,21,171306,卖盘
13:18:58,81.57,0.0,46,375266,卖盘
13:19:01,81.57,0.0,66,538364,卖盘
13:19:03,81.57,0.0,46,375226,卖盘
13:19:07,81.57,0.0,9,73414,卖盘
13:19:10,81.57,0.0,119,970650,卖盘
13:19:12,81.57,0.0,55,445339,买盘
13:19:16,81.57,0.0,66,538331,买盘
13:19:19,81.56,-0.01,45,362702,卖盘
13:19:21,81.57,0.01,50,407808,买盘
13:19:25,81.56,-0.01,156,1273927,中性盘
13:19:28,81.56,0.0,96,782927,买盘
13:19:31,81.57,0.01,162,1321427,买盘
13:19:34,81.57,0.0,54,440491,卖盘
13:19:37,81.57,0.0,48,391536,卖盘
13:19:43,81.57,0.0,110,897287,卖盘
13:19:46,81.56,-0.01,88,717811,卖盘
13:19:49,81.54,-0.02,141,1149102,卖盘
13:19:51,81.56,0.02,82,669373,买盘
13:19:55,81.56,0.0,7,57093,卖盘
13:19:58,81.57,0.01,25,203512,买盘
13:20:01,81.57,0.0,5,40785,买盘
13:20:03,81.56,-0.01,32,260993,卖盘
13:20:07,81.56,0.0,18,146809,卖盘
13:20:09,81.56,0.0,88,721040,卖盘
13:20:12,81.56,0.0,141,1150129,卖盘
13:20:16,81.57,0.01,13,104562,买盘
13:20:19,81.56,-0.01,36,293640,卖盘
13:20:22,81.57,0.01,23,187609,买盘
13:20:25,81.58,0.01,61,496241,买盘
13:20:28,81.58,0.0,27,220239,买盘
13:20:30,81.57,-0.01,5,40787,卖盘
13:20:33,81.57,0.0,22,179462,卖盘
13:20:37,81.57,0.0,15,122356,卖盘
13:20:39,81.57,0.0,27,220396,买盘
13:20:43,81.57,0.0,21,171296,买盘
13:20:45,81.57,0.0,9,73412,买盘
13:20:49,81.56,-0.01,22,183438,卖盘
13:20:51,81.56,0.0,58,473075,卖盘
13:20:55,81.57,0.01,24,195766,买盘
13:20:57,81.57,0.0,34,277334,买盘
13:21:01,81.58,0.01,44,358927,买盘
13:21:04,81.57,-0.01,61,497545,卖盘
13:21:07,81.56,-0.01,11,89723,卖盘
13:21:10,81.58,0.02,66,538378,买盘
13:21:13,81.58,0.0,16,130528,卖盘
13:21:16,81.58,0.0,34,277372,卖盘
13:21:18,81.58,0.0,10,81580,买盘
13:21:22,81.58,0.0,8,65264,买盘
13:21:25,81.58,0.0,56,457661,买盘
13:21:27,81.58,0.0,52,424216,买盘
13:21:31,81.58,0.0,11,89729,买盘
13:21:33,81.58,0.0,50,407884,买盘
13:21:37,81.58,0.0,16,130527,买盘
13:21:40,81.57,-0.01,129,1052340,卖盘
13:21:43,81.57,0.0,60,489474,卖盘
13:21:46,81.57,0.0,16,130514,卖盘
13:21:48,81.57,0.0,74,601907,卖盘
13:21:51,81.59,0.02,200,1631711,买盘
13:21:55,81.57,-0.02,35,285502,卖盘
13:21:58,81.57,0.0,25,203943,卖盘
13:22:01,81.58,0.01,12,97902,买盘
13:22:04,81.58,0.0,4,32632,买盘
13:22:07,81.59,0.01,59,481336,买盘
13:22:10,81.58,-0.01,12,97896,卖盘
13:22:13,81.6,0.02,20,163195,买盘
13:22:15,81.6,0.0,44,359019,买盘
13:22:19,81.6,0.0,10,81600,买盘
13:22:21,81.6,0.0,12,97920,买盘
13:22:24,81.6,0.0,115,938394,买盘
13:22:27,81.6,0.0,94,766884,买盘
13:22:30,81.59,-0.01,49,398603,卖盘
13:22:33,81.59,0.0,22,179512,卖盘
13:22:37,81.6,0.01,63,512522,买盘
13:22:40,81.59,-0.01,24,197378,卖盘
13:22:43,81.59,0.0,11,89746,买盘
13:22:45,81.59,0.0,16,130544,买盘
13:22:48,81.59,0.0,14,114224,买盘
13:22:52,81.59,0.0,99,807741,买盘
13:22:55,81.59,0.0,23,191727,买盘
13:22:58,81.59,0.0,61,497689,买盘
13:23:01,81.59,0.0,103,838824,买盘
13:23:04,81.59,0.0,40,326360,卖盘
13:23:06,81.59,0.0,3,24477,买盘
13:23:09,81.6,0.01,3,24480,买盘
13:23:12,81.59,-0.01,2,16318,卖盘
13:23:16,81.6,0.01,3,24480,买盘
13:23:19,81.59,-0.01,82,670597,卖盘
13:23:22,81.59,0.0,23,187657,买盘
13:23:25,81.59,0.0,12,91211,买盘
13:23:28,81.59,0.0,22,179497,买盘
13:23:31,81.6,0.01,236,1932307,买盘
13:23:34,81.61,0.01,12,97927,买盘
13:23:37,81.6,-0.01,117,954722,卖盘
13:23:40,81.6,0.0,81,660968,卖盘
13:23:42,81.59,-0.01,151,1232156,卖盘
13:23:46,81.6,0.01,5,40797,中性盘
13:23:49,81.6,0.0,43,350840,买盘
13:23:52,81.6,0.0,120,972430,买盘
13:23:55,81.59,-0.01,10,81588,中性盘
13:23:58,81.6,0.01,438,3573311,买盘
13:24:00,81.59,-0.01,12,101746,卖盘
13:24:04,81.6,0.01,163,1329784,买盘
13:24:06,81.58,-0.02,16,130549,中性盘
13:24:09,81.58,0.0,52,427108,卖盘
13:24:13,81.59,0.01,36,293307,买盘
13:24:16,81.58,-0.01,99,805379,中性盘
13:24:18,81.58,0.0,14,114215,卖盘
13:24:21,81.57,-0.01,151,1229916,卖盘
13:24:25,81.57,0.0,7,57104,卖盘
13:24:27,81.58,0.01,55,448643,买盘
13:24:31,81.58,0.0,37,303459,买盘
13:24:34,81.58,0.0,48,391013,卖盘
13:24:37,81.58,0.0,37,301868,卖盘
13:24:40,81.58,0.0,12,97896,卖盘
13:24:43,81.59,0.01,7,57110,买盘
13:24:46,81.59,0.0,23,187645,买盘
13:24:49,81.56,-0.03,215,1753829,卖盘
13:24:52,81.58,0.02,8,65264,卖盘
13:24:55,81.57,-0.01,15,122368,中性盘
13:24:58,81.57,0.0,37,301787,买盘
13:25:00,81.57,0.0,45,367065,中性盘
13:25:04,81.57,0.0,11,87597,买盘
13:25:07,81.57,0.0,29,236537,买盘
13:25:10,81.57,0.0,16,131647,买盘
13:25:12,81.57,0.0,32,261021,买盘
13:25:16,81.56,-0.01,23,188248,卖盘
13:25:19,81.56,0.0,98,799340,卖盘
13:25:22,81.57,0.01,4,32628,中性盘
13:25:25,81.57,0.0,32,261024,买盘
13:25:28,81.56,-0.01,75,611402,卖盘
13:25:30,81.56,0.0,5,40780,买盘
13:25:34,81.56,0.0,51,415987,买盘
13:25:37,81.57,0.01,42,342619,买盘
13:25:40,81.56,-0.01,17,138653,卖盘
13:25:43,81.56,0.0,3,24468,卖盘
13:25:46,81.57,0.01,15,122356,买盘
13:25:49,81.57,0.0,27,220244,卖盘
13:25:51,81.57,0.0,29,233763,卖盘
13:25:55,81.58,0.01,33,269198,买盘
13:25:58,81.57,-0.01,50,407849,买盘
13:26:01,81.57,0.0,41,334437,买盘
13:26:04,81.58,0.01,81,660721,买盘
13:26:07,81.57,-0.01,71,579121,卖盘
13:26:10,81.57,0.0,16,130519,买盘
13:26:13,81.57,0.0,16,130503,买盘
13:26:16,81.57,0.0,49,403112,买盘
13:26:19,81.56,-0.01,81,660641,卖盘
13:26:21,81.57,0.01,5,40785,买盘
13:26:24,81.57,0.0,21,171298,卖盘
13:26:27,81.57,0.0,3,24472,卖盘
13:26:31,81.58,0.01,9,73417,买盘
13:26:34,81.57,-0.01,18,146828,卖盘
13:26:36,81.58,0.01,41,334780,买盘
13:26:40,81.57,-0.01,64,522079,卖盘
13:26:43,81.58,0.01,29,236582,买盘
13:26:46,81.57,-0.01,77,628135,卖盘
13:26:49,81.57,0.0,7,57102,卖盘
13:26:52,81.57,0.0,21,171297,卖盘
13:26:54,81.57,0.0,77,627762,卖盘
13:26:58,81.57,0.0,54,440537,买盘
13:27:01,81.57,0.0,15,122355,卖盘
13:27:04,81.57,0.0,33,269181,卖盘
13:27:07,81.57,0.0,29,236553,卖盘
13:27:10,81.57,0.0,29,236558,卖盘
13:27:13,81.57,0.0,23,187611,卖盘
13:27:16,81.57,0.0,34,273431,卖盘
13:27:18,81.58,0.01,3,24472,买盘
13:27:21,81.57,-0.01,46,381117,卖盘
13:27:25,81.58,0.01,12,97896,买盘
13:27:28,81.57,-0.01,37,301845,卖盘
13:27:31,81.57,0.0,5,40789,卖盘
13:27:33,81.58,0.01,7,57101,买盘
13:27:36,81.58,0.0,57,464962,买盘
13:27:40,81.57,-0.01,31,250909,卖盘
13:27:43,81.57,0.0,15,124715,买盘
13:27:45,81.57,0.0,35,285495,买盘
13:27:48,81.57,0.0,66,532163,买盘
13:27:52,81.56,-0.01,68,554621,卖盘
13:27:55,81.57,0.01,14,114193,买盘
13:27:58,81.57,0.0,49,399702,卖盘
13:28:01,81.57,0.0,4,32628,卖盘
13:28:04,81.57,0.0,17,142340,卖盘
13:28:07,81.57,0.0,14,114199,卖盘
13:28:09,81.57,0.0,9,73414,卖盘
13:28:13,81.58,0.01,8,65261,买盘
13:28:16,81.57,-0.01,21,167627,卖盘
13:28:19,81.57,0.0,28,228396,买盘
13:28:22,81.57,0.0,17,144045,买盘
13:28:25,81.56,-0.01,20,163131,卖盘
13:28:28,81.57,0.01,147,1196511,买盘
13:28:31,81.57,0.0,15,123077,买盘
13:28:34,81.57,0.0,11,89719,买盘
13:28:37,81.55,-0.02,148,1206995,卖盘
13:28:40,81.56,0.01,211,1720717,卖盘
13:28:43,81.54,-0.02,214,1745118,卖盘
13:28:46,81.56,0.02,85,690655,买盘
13:28:48,81.56,0.0,4,32624,卖盘
13:28:52,81.57,0.01,45,366396,买盘
13:28:55,81.53,-0.04,31,252751,卖盘
13:28:58,81.57,0.04,20,163117,买盘
13:29:01,81.53,-0.04,195,1595484,卖盘
13:29:04,81.54,0.01,18,141132,买盘
13:29:06,81.55,0.01,65,529937,买盘
13:29:09,81.53,-0.02,51,415826,卖盘
13:29:13,81.53,0.0,2,16306,卖盘
13:29:16,81.53,0.0,49,399513,卖盘
13:29:19,81.52,-0.01,35,285329,卖盘
13:29:22,81.53,0.01,10,81541,卖盘
13:29:25,81.53,0.0,47,383201,卖盘
13:29:28,81.53,0.0,26,215001,卖盘
13:29:30,81.53,0.0,15,119280,卖盘
13:29:34,81.53,0.0,193,1573343,买盘
13:29:37,81.53,0.0,80,653281,买盘
13:29:39,81.53,0.0,30,244590,买盘
13:29:42,81.53,0.0,93,763766,买盘
13:29:46,81.52,-0.01,7,57068,卖盘
13:29:49,81.53,0.01,88,717435,买盘
13:29:51,81.53,0.0,42,342408,买盘
13:29:54,81.53,0.0,47,383181,买盘
13:29:58,81.53,0.0,48,391372,卖盘
13:30:01,81.53,0.0,27,220131,卖盘
13:30:04,81.53,0.0,5,40765,买盘
13:30:06,81.53,0.0,18,146752,买盘
13:30:10,81.53,0.0,27,220113,买盘
13:30:13,81.52,-0.01,19,154906,卖盘
13:30:16,81.52,0.0,11,89676,卖盘
13:30:19,81.52,0.0,4,32608,卖盘
13:30:22,81.52,0.0,32,260137,卖盘
