time,price,change,volume,amount,type
09:25:03,81.03,-0.52,4991,40449366,卖盘
09:30:01,81.05,0.02,2011,16297748,买盘
09:30:04,81.05,0.0,2144,17380085,卖盘
09:30:07,81.05,0.0,1317,10682432,卖盘
09:30:10,81.05,0.0,1213,9833905,卖盘
09:30:13,81.1,0.05,913,7409492,买盘
09:30:16,81.08,-0.02,770,6245195,卖盘
09:30:19,81.08,0.0,822,6663575,卖盘
09:30:22,81.27,0.19,258,2093834,中性盘
09:30:25,81.14,-0.13,437,3546721,卖盘
09:30:28,81.27,0.13,339,2753655,中性盘
09:30:31,81.38,0.11,172,1398835,中性盘
09:30:33,81.15,-0.23,333,2703122,卖盘
09:30:38,81.14,-0.01,251,2036614,买盘
09:30:40,81.08,-0.06,518,4203929,卖盘
09:30:42,81.08,0.0,341,2765658,买盘
09:30:46,81.07,-0.01,218,1768277,卖盘
09:30:49,81.23,0.16,314,2551339,买盘
09:30:52,81.31,0.08,149,1208952,买盘
09:30:55,81.23,-0.08,83,674166,卖盘
09:30:59,81.1,-0.13,60,486994,卖盘
09:31:00,81.3,0.2,130,1055229,买盘
09:31:04,81.23,-0.07,69,560456,中性盘
09:31:06,81.1,-0.13,372,3020453,卖盘
09:31:10,81.22,0.12,100,812518,中性盘
09:31:12,81.14,-0.08,156,1265970,中性盘
09:31:15,81.22,0.08,140,1136823,买盘
09:31:19,81.17,-0.05,50,405847,卖盘
09:31:22,81.13,-0.04,224,1817361,卖盘
09:31:26,81.15,0.02,186,1509411,买盘
09:31:28,81.14,-0.01,192,1558066,卖盘
09:31:31,81.14,0.0,136,1103461,卖盘
09:31:33,81.17,0.03,155,1257760,买盘
09:31:37,81.14,-0.03,324,2629042,卖盘
09:31:40,81.2,0.06,186,1510032,买盘
09:31:42,81.12,-0.08,437,3545937,卖盘
09:31:46,81.11,-0.01,97,786971,卖盘
09:31:49,81.15,0.04,140,1135862,买盘
09:31:52,81.12,-0.03,314,2547800,卖盘
09:31:55,81.14,0.02,203,1647181,中性盘
09:31:57,81.14,0.0,181,1468596,买盘
09:32:00,81.16,0.02,99,803366,中性盘
09:32:04,81.17,0.01,112,909048,买盘
09:32:07,81.16,-0.01,648,5258135,卖盘
09:32:10,81.17,0.01,121,981879,买盘
09:32:14,81.17,0.0,186,1509255,卖盘
09:32:16,81.13,-0.04,348,2823364,卖盘
09:32:18,81.16,0.03,137,1111641,买盘
09:32:22,81.12,-0.04,388,3148299,卖盘
09:32:25,81.16,0.04,226,1834131,买盘
09:32:28,81.16,0.0,242,1964066,买盘
09:32:31,81.16,0.0,114,925315,卖盘
09:32:33,81.22,0.06,84,681936,买盘
09:32:37,81.17,-0.05,129,1047051,中性盘
09:32:39,81.17,0.0,116,941684,买盘
09:32:43,81.18,0.01,194,1575152,买盘
09:32:46,81.18,0.0,210,1704896,卖盘
09:32:50,81.2,0.02,389,3157656,买盘
09:32:52,81.18,-0.02,297,2411142,卖盘
09:32:54,81.2,0.02,350,2841569,买盘
09:32:58,81.17,-0.03,164,1331390,卖盘
09:33:01,81.18,0.01,133,1079657,买盘
09:33:04,81.19,0.01,140,1136466,买盘
09:33:08,81.19,0.0,301,2444005,卖盘
09:33:10,81.25,0.06,100,812106,买盘
09:33:14,81.25,0.0,129,1047697,买盘
09:33:17,81.24,-0.01,175,1421667,卖盘
09:33:20,81.29,0.05,202,1641742,买盘
09:33:22,81.27,-0.02,496,4029837,卖盘
09:33:25,81.27,0.0,152,1235409,卖盘
09:33:28,81.26,-0.01,180,1462650,卖盘
09:33:31,81.3,0.04,154,1251832,买盘
09:33:34,81.31,0.01,129,1048825,买盘
09:33:37,81.3,-0.01,132,1073249,卖盘
09:33:41,81.3,0.0,363,2951376,卖盘
09:33:44,81.31,0.01,78,634305,卖盘
09:33:47,81.31,0.0,74,601812,卖盘
09:33:48,81.36,0.05,200,1626807,买盘
09:33:51,81.31,-0.05,155,1260628,卖盘
09:33:54,81.35,0.04,404,3285095,买盘
09:33:57,81.32,-0.03,79,642483,卖盘
09:34:02,81.35,0.03,393,3197743,买盘
09:34:04,81.32,-0.03,100,813387,卖盘
09:34:06,81.33,0.01,151,1228190,中性盘
09:34:10,81.31,-0.02,414,3366808,卖盘
09:34:12,81.32,0.01,268,2172215,买盘
09:34:17,81.34,0.02,93,756258,中性盘
09:34:20,81.34,0.0,125,1016670,卖盘
09:34:23,81.38,0.04,104,846119,买盘
09:34:26,81.39,0.01,62,504497,卖盘
09:34:28,81.38,-0.01,418,3400433,中性盘
09:34:31,81.38,0.0,86,699958,卖盘
09:34:35,81.39,0.01,90,732416,买盘
09:34:36,81.37,-0.02,317,2580085,买盘
09:34:41,81.4,0.03,115,935830,买盘
09:34:44,81.38,-0.02,101,821831,中性盘
09:34:47,81.38,0.0,66,537200,卖盘
09:34:50,81.39,0.01,151,1228902,买盘
09:34:51,81.38,-0.01,82,667417,卖盘
09:34:56,81.4,0.02,181,1473020,中性盘
09:34:58,81.4,0.0,139,1131459,买盘
09:35:01,81.37,-0.03,345,2807568,卖盘
09:35:05,81.35,-0.02,315,2567317,卖盘
09:35:06,81.35,0.0,106,857870,买盘
09:35:11,81.36,0.01,151,1228522,买盘
09:35:14,81.33,-0.03,132,1073749,卖盘
09:35:15,81.35,0.02,207,1683850,买盘
09:35:18,81.35,0.0,146,1187539,买盘
09:35:21,81.31,-0.04,245,1992953,卖盘
09:35:24,81.33,0.02,133,1081507,买盘
09:35:28,81.31,-0.02,137,1114060,卖盘
09:35:30,81.31,0.0,402,3271561,买盘
09:35:35,81.3,-0.01,323,2623264,卖盘
09:35:38,81.3,0.0,429,3487989,买盘
09:35:41,81.3,0.0,53,430888,买盘
09:35:44,81.27,-0.03,141,1146004,卖盘
09:35:45,81.28,0.01,186,1511570,买盘
09:35:50,81.27,-0.01,113,918446,卖盘
09:35:51,81.26,-0.01,112,910224,卖盘
09:35:56,81.26,0.0,164,1332765,卖盘
09:35:57,81.28,0.02,142,1153936,买盘
09:36:00,81.28,0.0,110,893996,买盘
09:36:05,81.24,-0.04,109,885593,卖盘
09:36:07,81.25,0.01,617,5016291,买盘
09:36:10,81.26,0.01,132,1072504,卖盘
09:36:14,81.24,-0.02,87,703281,卖盘
09:36:15,81.25,0.01,154,1251249,买盘
09:36:20,81.27,0.02,86,702457,买盘
09:36:21,81.25,-0.02,274,2226685,卖盘
09:36:26,81.24,-0.01,125,1015670,卖盘
09:36:29,81.25,0.01,88,714989,买盘
09:36:30,81.25,0.0,217,1763167,买盘
09:36:33,81.25,0.0,191,1551897,卖盘
09:36:36,81.25,0.0,187,1519416,卖盘
09:36:41,81.27,0.02,286,2324563,买盘
09:36:44,81.27,0.0,290,2356495,买盘
09:36:47,81.27,0.0,263,2138645,卖盘
09:36:48,81.36,0.09,204,1658931,买盘
09:36:53,81.27,-0.09,148,1203291,卖盘
09:36:56,81.3,0.03,49,398303,中性盘
09:36:57,81.33,0.03,129,1048992,买盘
09:37:02,81.34,0.01,221,1797493,买盘
09:37:05,81.33,-0.01,226,1838641,中性盘
09:37:08,81.35,0.02,121,984220,买盘
09:37:09,81.35,0.0,77,629209,卖盘
09:37:14,81.3,-0.05,492,4000567,买盘
09:37:17,81.34,0.04,184,1495972,买盘
09:37:20,81.35,0.01,171,1390537,买盘
09:37:23,81.34,-0.01,51,414841,中性盘
09:37:25,81.35,0.01,169,1374980,买盘
09:37:29,81.35,0.0,230,1871080,卖盘
09:37:31,81.35,0.0,94,764767,卖盘
09:37:33,81.35,0.0,41,333533,买盘
09:37:37,81.35,0.0,84,683251,买盘
09:37:40,81.33,-0.02,106,861949,卖盘
09:37:44,81.33,0.0,65,528635,买盘
09:37:47,81.31,-0.02,128,1040886,卖盘
09:37:50,81.28,-0.03,214,1739686,卖盘
09:37:53,81.26,-0.02,209,1698578,卖盘
09:37:56,81.28,0.02,196,1593335,买盘
09:37:59,81.26,-0.02,145,1178259,卖盘
09:38:02,81.26,0.0,54,438803,买盘
09:38:05,81.25,-0.01,113,918180,卖盘
09:38:08,81.29,0.04,193,1568384,买盘
09:38:11,81.28,-0.01,48,390218,卖盘
09:38:12,81.27,-0.01,169,1373675,卖盘
09:38:15,81.26,-0.01,183,1487480,卖盘
09:38:18,81.25,-0.01,174,1414156,卖盘
09:38:23,81.27,0.02,39,316951,买盘
09:38:26,81.27,0.0,378,3071359,买盘
09:38:28,81.27,0.0,274,2221182,买盘
09:38:32,81.25,-0.02,263,2137299,卖盘
09:38:35,81.25,0.0,232,1890587,卖盘
09:38:36,81.26,0.01,130,1056716,买盘
09:38:41,81.25,-0.01,87,706889,卖盘
09:38:44,81.32,0.07,287,2332203,买盘
09:38:47,81.25,-0.07,91,739460,卖盘
09:38:50,81.26,0.01,83,674422,买盘
09:38:53,81.27,0.01,459,3729538,买盘
09:38:54,81.25,-0.02,136,1105077,卖盘
09:38:59,81.27,0.02,140,1137889,中性盘
09:39:02,81.26,-0.01,87,707111,卖盘
09:39:05,81.32,0.06,71,577164,买盘
09:39:08,81.27,-0.05,134,1089046,卖盘
09:39:09,81.27,0.0,158,1283966,买盘
09:39:14,81.27,0.0,227,1844747,买盘
09:39:15,81.27,0.0,372,3023358,买盘
09:39:20,81.27,0.0,129,1048541,卖盘
09:39:21,81.3,0.03,52,422676,买盘
09:39:26,81.3,0.0,461,3746359,买盘
09:39:29,81.26,-0.04,64,520212,卖盘
09:39:32,81.26,0.0,112,910184,买盘
09:39:34,81.27,0.01,112,910066,买盘
09:39:38,81.27,0.0,88,715172,买盘
09:39:39,81.27,0.0,131,1064604,买盘
09:39:44,81.26,-0.01,76,617638,卖盘
09:39:47,81.26,0.0,263,2137320,卖盘
09:39:50,81.27,0.01,76,615732,买盘
09:39:52,81.27,0.0,160,1300290,买盘
09:39:56,81.26,-0.01,142,1153908,卖盘
09:39:58,81.28,0.02,230,1869281,买盘
09:40:02,81.27,-0.01,68,552639,卖盘
09:40:05,81.28,0.01,352,2860822,买盘
09:40:08,81.28,0.0,92,747822,卖盘
09:40:11,81.29,0.01,18,146313,中性盘
09:40:14,81.28,-0.01,91,739666,卖盘
09:40:15,81.29,0.01,273,2219347,买盘
09:40:18,81.3,0.01,73,593521,买盘
09:40:21,81.3,0.0,211,1715704,卖盘
09:40:26,81.32,0.02,51,414640,买盘
09:40:29,81.33,0.01,344,2797405,买盘
09:40:32,81.32,-0.01,67,544896,中性盘
09:40:35,81.33,0.01,390,3172026,买盘
09:40:38,81.34,0.01,104,845870,中性盘
09:40:41,81.35,0.01,94,764632,买盘
09:40:43,81.36,0.01,122,992383,买盘
09:40:47,81.35,-0.01,118,959977,卖盘
09:40:50,81.38,0.03,48,390538,买盘
09:40:53,81.4,0.02,159,1293781,买盘
09:40:54,81.37,-0.03,35,284861,卖盘
09:40:59,81.4,0.03,120,976649,买盘
09:41:02,81.36,-0.04,117,951987,卖盘
09:41:05,81.4,0.04,79,642823,买盘
09:41:08,81.38,-0.02,125,1017151,买盘
09:41:11,81.38,0.0,39,317375,买盘
09:41:14,81.37,-0.01,55,447554,卖盘
09:41:17,81.37,0.0,145,1179991,卖盘
09:41:18,81.38,0.01,107,870664,买盘
09:41:23,81.37,-0.01,308,2507387,卖盘
09:41:26,81.41,0.04,123,1001146,买盘
09:41:29,81.4,-0.01,129,1049907,中性盘
09:41:32,81.4,0.0,215,1749960,买盘
09:41:35,81.42,0.02,59,479570,买盘
09:41:38,81.4,-0.02,65,529166,卖盘
09:41:39,81.42,0.02,57,461880,卖盘
09:41:44,81.44,0.02,107,871536,买盘
09:41:45,81.44,0.0,30,244323,卖盘
09:41:50,81.41,-0.03,74,604851,卖盘
09:41:51,81.44,0.03,94,765523,买盘
09:41:56,81.42,-0.02,98,797961,中性盘
09:41:59,81.4,-0.02,78,635027,卖盘
09:42:02,81.41,0.01,59,480342,买盘
09:42:05,81.4,-0.01,128,1042092,卖盘
09:42:08,81.4,0.0,172,1400189,卖盘
09:42:09,81.41,0.01,50,407025,买盘
09:42:14,81.4,-0.01,142,1156786,卖盘
09:42:17,81.4,0.0,196,1595531,买盘
09:42:18,81.41,0.01,44,358163,买盘
09:42:23,81.39,-0.02,219,1777249,卖盘
09:42:24,81.39,0.0,566,4607073,买盘
09:42:28,81.4,0.01,306,2490669,买盘
09:42:32,81.4,0.0,154,1253588,卖盘
09:42:35,81.41,0.01,117,959751,买盘
09:42:38,81.4,-0.01,110,895494,卖盘
09:42:39,81.42,0.02,47,382656,买盘
09:42:43,81.43,0.01,47,382699,买盘
09:42:47,81.42,-0.01,54,439738,卖盘
09:42:48,81.43,0.01,73,594577,买盘
09:42:52,81.42,-0.01,253,2059982,卖盘
09:42:54,81.4,-0.02,93,757125,卖盘
09:42:58,81.41,0.01,49,398904,中性盘
09:43:02,81.41,0.0,55,447769,买盘
09:43:03,81.43,0.02,155,1262109,买盘
09:43:08,81.45,0.02,48,390899,买盘
09:43:11,81.43,-0.02,115,936472,卖盘
09:43:14,81.44,0.01,102,830621,中性盘
09:43:17,81.43,-0.01,113,920249,卖盘
09:43:20,81.45,0.02,75,610819,买盘
09:43:23,81.43,-0.02,66,537581,卖盘
09:43:26,81.45,0.02,83,676102,买盘
09:43:29,81.48,0.03,125,1018341,买盘
09:43:30,81.49,0.01,136,1108216,买盘
09:43:35,81.5,0.01,218,1776666,买盘
09:43:36,81.5,0.0,69,562378,卖盘
09:43:41,81.53,0.03,13,105967,买盘
09:43:44,81.52,-0.01,256,2087317,卖盘
09:43:47,81.55,0.03,127,1035604,买盘
09:43:48,81.55,0.0,136,1106136,买盘
09:43:53,81.61,0.06,342,2791564,买盘
09:43:56,81.61,0.0,17,138745,买盘
09:43:59,81.61,0.0,141,1150930,卖盘
09:44:02,81.65,0.04,63,514306,买盘
09:44:05,81.65,0.0,100,816564,卖盘
09:44:08,81.65,0.0,265,2159535,买盘
09:44:11,81.69,0.04,56,457488,中性盘
09:44:14,81.7,0.01,162,1323516,买盘
09:44:15,81.73,0.03,38,310486,买盘
09:44:20,81.72,-0.01,92,751769,买盘
09:44:21,81.72,0.0,272,2223045,卖盘
09:44:26,81.75,0.03,129,1058358,买盘
09:44:29,81.76,0.01,222,1814914,中性盘
09:44:32,81.75,-0.01,223,1822425,卖盘
09:44:35,81.76,0.01,127,1038455,中性盘
09:44:36,81.76,0.0,180,1471817,卖盘
09:44:41,81.78,0.02,98,801308,买盘
09:44:43,81.78,0.0,355,2903400,买盘
09:44:47,81.76,-0.02,218,1782885,卖盘
09:44:50,81.81,0.05,335,2735827,买盘
09:44:53,81.82,0.01,218,1783580,买盘
09:44:56,81.81,-0.01,107,875460,卖盘
09:44:59,81.81,0.0,104,850890,卖盘
09:45:02,81.82,0.01,48,392746,买盘
09:45:05,81.85,0.03,234,1916238,买盘
09:45:08,81.82,-0.03,675,5523946,卖盘
09:45:11,81.85,0.03,175,1438908,买盘
09:45:14,81.85,0.0,599,4898188,卖盘
09:45:15,81.87,0.02,182,1492233,买盘
09:45:18,81.85,-0.02,191,1567640,卖盘
09:45:23,81.87,0.02,329,2689421,买盘
09:45:26,81.86,-0.01,132,1079844,卖盘
09:45:29,81.86,0.0,208,1706072,卖盘
09:45:32,81.86,0.0,52,419483,卖盘
09:45:33,81.86,0.0,187,1535517,卖盘
09:45:38,81.86,0.0,275,2252817,买盘
09:45:41,81.88,0.02,95,777356,买盘
09:45:44,81.88,0.0,147,1197133,买盘
09:45:45,81.89,0.01,103,844965,买盘
09:45:50,81.89,0.0,290,2376855,买盘
09:45:53,81.9,0.01,167,1369035,买盘
09:45:54,81.89,-0.01,79,645423,卖盘
09:45:58,81.92,0.03,173,1413668,买盘
09:46:02,81.9,-0.02,188,1545081,卖盘
09:46:03,81.92,0.02,294,2410075,买盘
09:46:06,81.9,-0.02,262,2142826,中性盘
09:46:11,81.9,0.0,178,1455879,卖盘
09:46:14,81.9,0.0,217,1777105,卖盘
09:46:17,81.89,-0.01,173,1419353,中性盘
09:46:18,81.88,-0.01,310,2541602,卖盘
09:46:23,81.87,-0.01,99,807261,卖盘
09:46:26,81.85,-0.02,216,1765497,卖盘
09:46:29,81.85,0.0,69,564605,卖盘
09:46:32,81.85,0.0,78,638894,买盘
09:46:35,81.83,-0.02,74,605188,卖盘
09:46:38,81.82,-0.01,213,1741859,卖盘
09:46:39,81.8,-0.02,281,2303702,卖盘
09:46:44,81.8,0.0,764,6248639,卖盘
09:46:45,81.79,-0.01,119,979752,卖盘
09:46:50,81.77,-0.02,166,1357548,卖盘
09:46:53,81.74,-0.03,133,1087315,卖盘
09:46:54,81.69,-0.05,197,1609720,卖盘
09:46:58,81.73,0.04,98,801100,买盘
09:47:02,81.69,-0.04,391,3194461,买盘
09:47:05,81.63,-0.06,61,494430,卖盘
09:47:08,81.66,0.03,52,424570,买盘
09:47:11,81.67,0.01,102,832608,买盘
09:47:14,81.59,-0.08,337,2750923,卖盘
09:47:17,81.68,0.09,212,1730357,买盘
09:47:20,81.61,-0.07,140,1143124,卖盘
09:47:23,81.67,0.06,65,530681,买盘
09:47:26,81.67,0.0,30,244978,买盘
09:47:29,81.68,0.01,94,770672,买盘
09:47:32,81.7,0.02,72,588521,买盘
09:47:35,81.72,0.02,103,836053,买盘
09:47:36,81.72,0.0,129,1056975,卖盘
09:47:41,81.73,0.01,31,253356,买盘
09:47:44,81.7,-0.03,111,906901,卖盘
09:47:47,81.75,0.05,250,2040762,买盘
09:47:50,81.72,-0.03,183,1495569,卖盘
09:47:53,81.73,0.01,55,449581,中性盘
09:47:56,81.74,0.01,175,1430375,中性盘
09:48:00,81.75,0.01,163,1332486,买盘
09:48:02,81.78,0.03,124,1013596,买盘
09:48:05,81.72,-0.06,250,2045873,卖盘
09:48:08,81.74,0.02,225,1839576,买盘
09:48:11,81.74,0.0,48,392359,买盘
09:48:13,81.72,-0.02,1143,9340835,卖盘
09:48:17,81.81,0.09,323,2639143,买盘
09:48:20,81.84,0.03,49,400886,中性盘
09:48:23,81.82,-0.02,87,711750,中性盘
09:48:24,81.8,-0.02,41,337922,卖盘
09:48:28,81.81,0.01,139,1137076,买盘
09:48:32,81.8,-0.01,86,703536,中性盘
09:48:35,81.83,0.03,273,2233090,买盘
09:48:38,81.83,0.0,53,433707,卖盘
09:48:39,81.84,0.01,41,335511,买盘
09:48:44,81.81,-0.03,91,744625,卖盘
09:48:47,81.84,0.03,111,908321,买盘
09:48:50,81.85,0.01,291,2381766,买盘
09:48:53,81.83,-0.02,80,654677,卖盘
09:48:56,81.84,0.01,112,916535,买盘
09:48:59,81.88,0.04,377,3086318,买盘
09:49:00,81.81,-0.07,288,2356681,卖盘
09:49:05,81.82,0.01,94,769018,买盘
09:49:08,81.81,-0.01,26,212711,中性盘
09:49:11,81.84,0.03,273,2233556,买盘
09:49:14,81.82,-0.02,112,916514,卖盘
09:49:17,81.83,0.01,43,351882,中性盘
09:49:20,81.85,0.02,185,1513784,买盘
09:49:23,81.84,-0.01,34,278249,买盘
09:49:26,81.8,-0.04,230,1881788,卖盘
09:49:28,81.8,0.0,96,785377,卖盘
09:49:30,81.8,0.0,86,705522,买盘
09:49:35,81.8,0.0,86,703325,买盘
09:49:38,81.78,-0.02,80,654391,中性盘
09:49:39,81.77,-0.01,153,1249035,卖盘
09:49:43,81.77,0.0,44,359783,买盘
09:49:47,81.77,0.0,231,1888885,买盘
09:49:48,81.77,0.0,152,1242969,买盘
09:49:53,81.75,-0.02,108,883040,卖盘
09:49:56,81.76,0.01,46,376096,买盘
09:49:59,81.76,0.0,37,302489,买盘
09:50:00,81.76,0.0,129,1054651,买盘
09:50:04,81.76,0.0,223,1823225,买盘
09:50:08,81.77,0.01,140,1144644,买盘
09:50:09,81.77,0.0,38,310711,买盘
09:50:14,81.77,0.0,74,605049,买盘
09:50:17,81.76,-0.01,166,1357336,卖盘
09:50:20,81.77,0.01,30,245297,买盘
09:50:22,81.75,-0.02,158,1292011,卖盘
09:50:26,81.77,0.02,146,1194043,买盘
09:50:29,81.77,0.0,92,752286,卖盘
09:50:32,81.77,0.0,70,572366,卖盘
09:50:35,81.78,0.01,87,711481,买盘
09:50:38,81.77,-0.01,81,662309,卖盘
09:50:41,81.78,0.01,115,940373,买盘
09:50:44,81.78,0.0,93,760444,买盘
09:50:47,81.77,-0.01,55,449751,卖盘
09:50:48,81.78,0.01,51,417062,买盘
09:50:53,81.77,-0.01,267,2182997,卖盘
09:50:56,81.76,-0.01,80,654166,中性盘
09:50:59,81.78,0.02,116,948326,买盘
09:51:01,81.76,-0.02,101,825806,卖盘
09:51:05,81.77,0.01,16,130803,买盘
09:51:08,81.78,0.01,147,1201868,买盘
09:51:11,81.76,-0.02,20,163529,卖盘
09:51:14,81.74,-0.02,64,523157,卖盘
09:51:16,81.77,0.03,55,449710,买盘
09:51:20,81.77,0.0,69,564147,买盘
09:51:22,81.76,-0.01,167,1365303,卖盘
09:51:26,81.77,0.01,55,449668,买盘
09:51:28,81.74,-0.03,43,351501,卖盘
09:51:32,81.73,-0.01,154,1258880,卖盘
09:51:35,81.7,-0.03,1343,10974355,卖盘
09:51:38,81.7,0.0,52,424826,买盘
09:51:41,81.7,0.0,73,596382,买盘
09:51:44,81.7,0.0,293,2395641,买盘
09:51:47,81.7,0.0,1227,10023975,买盘
09:51:50,81.68,-0.02,536,4376280,卖盘
09:51:53,81.67,-0.01,126,1030734,卖盘
09:51:56,81.67,0.0,104,849368,买盘
09:51:59,81.66,-0.01,184,1502465,卖盘
09:52:02,81.66,0.0,87,710446,买盘
09:52:05,81.69,0.03,105,857630,买盘
09:52:08,81.73,0.04,363,2966264,买盘
09:52:11,81.66,-0.07,560,4572931,卖盘
09:52:14,81.67,0.01,57,465541,卖盘
09:52:17,81.68,0.01,77,628916,买盘
09:52:18,81.67,-0.01,87,710600,卖盘
09:52:22,81.71,0.04,207,1691092,买盘
09:52:26,81.7,-0.01,199,1626001,卖盘
09:52:29,81.71,0.01,195,1593567,中性盘
09:52:30,81.72,0.01,103,841515,中性盘
09:52:35,81.7,-0.02,166,1356281,买盘
09:52:38,81.73,0.03,94,768058,买盘
09:52:39,81.73,0.0,53,433085,买盘
09:52:44,81.73,0.0,62,506614,买盘
09:52:46,81.69,-0.04,277,2263564,卖盘
09:52:48,81.72,0.03,152,1241951,买盘
09:52:52,81.71,-0.01,66,539274,卖盘
09:52:56,81.71,0.0,45,367600,买盘
09:52:59,81.71,0.0,111,906934,买盘
09:53:00,81.73,0.02,137,1119702,买盘
09:53:05,81.71,-0.02,264,2157166,卖盘
09:53:08,81.71,0.0,13,106234,卖盘
09:53:11,81.73,0.02,19,155276,买盘
09:53:13,81.73,0.0,124,1013243,买盘
09:53:17,81.71,-0.02,349,2851862,卖盘
09:53:18,81.73,0.02,70,572151,中性盘
09:53:21,81.72,-0.01,129,1054413,卖盘
09:53:24,81.71,-0.01,81,661894,卖盘
09:53:29,81.71,0.0,164,1340043,买盘
09:53:32,81.7,-0.01,61,498429,卖盘
09:53:33,81.71,0.01,130,1062227,买盘
09:53:36,81.71,0.0,153,1250476,买盘
09:53:39,81.7,-0.01,390,3186355,卖盘
09:53:44,81.71,0.01,53,433063,中性盘
09:53:46,81.71,0.0,23,187940,卖盘
09:53:48,81.73,0.02,148,1209451,买盘
09:53:51,81.72,-0.01,206,1683247,中性盘
09:53:54,81.73,0.01,106,866231,买盘
09:53:59,81.72,-0.01,138,1127714,卖盘
09:54:00,81.73,0.01,41,335102,中性盘
09:54:05,81.73,0.0,22,179806,卖盘
09:54:08,81.73,0.0,67,547602,卖盘
09:54:11,81.74,0.01,91,743763,买盘
09:54:13,81.75,0.01,344,2811830,买盘
09:54:17,81.75,0.0,53,433239,买盘
09:54:20,81.75,0.0,128,1046336,买盘
09:54:23,81.74,-0.01,92,752111,卖盘
09:54:26,81.74,0.0,58,474159,卖盘
09:54:28,81.77,0.03,73,596794,买盘
09:54:30,81.77,0.0,35,286146,买盘
09:54:33,81.76,-0.01,27,220755,卖盘
09:54:37,81.78,0.02,155,1262612,买盘
09:54:41,81.78,0.0,49,400722,卖盘
09:54:44,81.79,0.01,263,2155922,买盘
09:54:46,81.78,-0.01,53,433446,买盘
09:54:50,81.78,0.0,49,400712,卖盘
09:54:52,81.77,-0.01,54,441584,卖盘
09:54:54,81.8,0.03,545,4453059,买盘
09:54:59,81.78,-0.02,115,943682,卖盘
09:55:00,81.77,-0.01,356,2912654,卖盘
09:55:05,81.8,0.03,143,1167683,买盘
09:55:08,81.8,0.0,9,73620,买盘
09:55:11,81.79,-0.01,19,155411,卖盘
09:55:14,81.79,0.0,43,351731,卖盘
09:55:17,81.8,0.01,36,294475,买盘
09:55:20,81.79,-0.01,25,204480,卖盘
09:55:23,81.81,0.02,132,1079793,买盘
09:55:24,81.82,0.01,60,490900,买盘
09:55:29,81.82,0.0,93,760804,买盘
09:55:32,81.81,-0.01,47,384491,中性盘
09:55:35,81.8,-0.01,45,368135,卖盘
09:55:36,81.8,0.0,472,3861210,卖盘
09:55:41,81.82,0.02,34,278150,买盘
09:55:44,81.81,-0.01,110,899921,卖盘
09:55:47,81.81,0.0,27,220901,卖盘
09:55:50,81.82,0.01,75,613671,买盘
09:55:51,81.82,0.0,162,1325649,买盘
09:55:56,81.85,0.03,107,875558,买盘
09:55:59,81.84,-0.01,20,163658,中性盘
09:56:02,81.82,-0.02,345,2822587,卖盘
09:56:05,81.85,0.03,55,450059,买盘
09:56:07,81.84,-0.01,23,188220,中性盘
09:56:11,81.85,0.01,75,613846,买盘
09:56:14,81.83,-0.02,77,630201,卖盘
09:56:17,81.89,0.06,453,3707826,买盘
09:56:20,81.89,0.0,249,2039283,卖盘
09:56:23,81.9,0.01,315,2579649,买盘
09:56:26,81.9,0.0,531,4348133,卖盘
09:56:29,81.91,0.01,98,802692,买盘
09:56:32,81.91,0.0,65,532415,卖盘
09:56:35,81.92,0.01,48,393194,买盘
09:56:38,81.91,-0.01,160,1313489,卖盘
09:56:41,81.92,0.01,186,1523727,卖盘
09:56:43,81.91,-0.01,131,1073139,卖盘
09:56:46,81.93,0.02,357,2925202,买盘
09:56:50,81.92,-0.01,152,1245382,卖盘
09:56:53,81.93,0.01,74,606237,卖盘
09:56:54,81.9,-0.03,404,3309267,卖盘
09:56:59,81.9,0.0,119,974608,买盘
09:57:02,81.93,0.03,264,2162214,买盘
09:57:05,81.9,-0.03,40,327627,中性盘
09:57:08,81.92,0.02,38,311250,买盘
09:57:11,81.91,-0.01,172,1408729,中性盘
09:57:14,81.9,-0.01,140,1146799,卖盘
09:57:17,81.91,0.01,236,1933122,卖盘
09:57:20,81.92,0.01,430,3522940,买盘
09:57:23,81.92,0.0,36,294893,卖盘
09:57:26,81.91,-0.01,108,884703,卖盘
09:57:28,81.91,0.0,210,1720178,中性盘
09:57:32,81.91,0.0,45,368588,买盘
09:57:34,81.9,-0.01,47,384982,卖盘
09:57:38,81.9,0.0,440,3604796,卖盘
09:57:41,81.9,0.0,31,253888,买盘
09:57:44,81.9,0.0,53,434149,买盘
09:57:47,81.9,0.0,57,466812,卖盘
09:57:50,81.89,-0.01,110,900894,卖盘
09:57:51,81.89,0.0,35,286605,买盘
09:57:56,81.9,0.01,72,589621,买盘
09:57:59,81.89,-0.01,194,1588534,卖盘
09:58:02,81.88,-0.01,23,188341,中性盘
09:58:05,81.88,0.0,94,769734,买盘
09:58:08,81.87,-0.01,124,1015194,卖盘
09:58:11,81.86,-0.01,42,343820,卖盘
09:58:14,81.86,0.0,21,171896,买盘
09:58:17,81.84,-0.02,61,499295,卖盘
09:58:20,81.85,0.01,17,139139,买盘
09:58:23,81.83,-0.02,15,122758,卖盘
09:58:26,81.85,0.02,111,908488,买盘
09:58:29,81.8,-0.05,721,5898884,卖盘
09:58:32,81.8,0.0,265,2167694,买盘
09:58:35,81.8,0.0,21,171780,买盘
09:58:38,81.8,0.0,95,776990,买盘
09:58:41,81.8,0.0,83,678845,买盘
09:58:44,81.8,0.0,74,605248,买盘
09:58:46,81.77,-0.03,22,179929,卖盘
09:58:50,81.77,0.0,84,686927,卖盘
09:58:53,81.76,-0.01,78,631254,卖盘
09:58:56,81.77,0.01,37,302567,买盘
09:58:58,81.76,-0.01,29,237140,卖盘
09:59:01,81.78,0.02,32,261663,买盘
09:59:05,81.77,-0.01,189,1545560,卖盘
09:59:08,81.77,0.0,40,327091,卖盘
09:59:11,81.77,0.0,27,220786,卖盘
09:59:14,81.77,0.0,39,318889,买盘
09:59:17,81.78,0.01,30,245349,买盘
09:59:20,81.78,0.0,15,122676,卖盘
09:59:22,81.76,-0.02,105,858604,卖盘
09:59:26,81.8,0.04,81,662506,买盘
09:59:28,81.78,-0.02,53,433455,卖盘
09:59:32,81.79,0.01,31,253512,买盘
09:59:35,81.79,0.0,186,1521327,买盘
09:59:38,81.77,-0.02,26,212628,卖盘
09:59:41,81.78,0.01,157,1284072,买盘
09:59:44,81.77,-0.01,128,1046759,卖盘
09:59:47,81.79,0.02,46,376187,买盘
09:59:50,81.79,0.0,116,948778,卖盘
09:59:53,81.8,0.01,31,253546,买盘
09:59:54,81.79,-0.01,47,384358,买盘
09:59:58,81.79,0.0,44,359889,卖盘
10:00:02,81.81,0.02,243,1987718,买盘
10:00:05,81.81,0.0,29,237238,中性盘
10:00:08,81.82,0.01,11,89997,买盘
10:00:11,81.81,-0.01,53,433631,卖盘
10:00:13,81.82,0.01,37,302722,买盘
10:00:17,81.83,0.01,202,1652769,买盘
10:00:20,81.86,0.03,124,1014922,买盘
10:00:23,81.86,0.0,65,532088,买盘
10:00:24,81.87,0.01,122,998802,买盘
10:00:29,81.88,0.01,247,2022357,买盘
10:00:32,81.88,0.0,220,1801766,卖盘
10:00:35,81.89,0.01,10,81892,中性盘
10:00:37,81.9,0.01,42,343951,买盘
10:00:41,81.88,-0.02,144,1179298,卖盘
10:00:43,81.89,0.01,168,1375738,卖盘
10:00:46,81.89,0.0,22,180155,买盘
10:00:50,81.9,0.01,307,2514141,买盘
10:00:53,81.9,0.0,134,1097498,买盘
10:00:54,81.9,0.0,76,622452,卖盘
10:00:59,81.92,0.02,43,352205,买盘
10:01:00,81.91,-0.01,163,1335275,卖盘
10:01:05,81.91,0.0,102,835483,卖盘
10:01:08,81.92,0.01,28,229358,买盘
10:01:11,81.92,0.0,149,1220493,卖盘
10:01:14,81.92,0.0,49,401419,买盘
10:01:17,81.92,0.0,27,221171,买盘
10:01:20,81.91,-0.01,160,1310797,卖盘
10:01:22,81.92,0.01,67,548897,买盘
10:01:24,81.93,0.01,57,469368,买盘
10:01:29,81.93,0.0,111,909480,卖盘
10:01:32,81.92,-0.01,658,5387977,卖盘
10:01:35,81.9,-0.02,643,5267501,卖盘
10:01:38,81.92,0.02,135,1105824,中性盘
10:01:41,81.91,-0.01,78,639068,中性盘
10:01:43,81.9,-0.01,10,81911,卖盘
10:01:47,81.92,0.02,38,311312,买盘
10:01:50,81.9,-0.02,173,1417091,卖盘
10:01:52,81.9,0.0,41,335803,卖盘
10:01:56,81.91,0.01,164,1343138,买盘
10:01:58,81.92,0.01,66,540582,买盘
10:02:02,81.88,-0.04,19,155574,卖盘
10:02:05,81.88,0.0,4,32752,买盘
10:02:08,81.88,0.0,21,171944,买盘
10:02:10,81.88,0.0,31,253825,买盘
10:02:14,81.88,0.0,87,712353,买盘
10:02:17,81.9,0.02,56,458534,买盘
10:02:19,81.87,-0.03,86,704167,卖盘
10:02:23,81.88,0.01,33,270187,买盘
10:02:26,81.88,0.0,67,548556,买盘
10:02:29,81.85,-0.03,30,245636,卖盘
10:02:32,81.86,0.01,38,311134,中性盘
10:02:35,81.88,0.02,21,171949,中性盘
10:02:38,81.89,0.01,23,188309,买盘
10:02:41,81.87,-0.02,13,106428,中性盘
10:02:44,81.88,0.01,71,581335,买盘
10:02:47,81.86,-0.02,55,450234,卖盘
10:02:49,81.86,0.0,56,458415,买盘
10:02:53,81.86,0.0,63,515731,卖盘
10:02:54,81.87,0.01,14,114612,买盘
10:02:59,81.86,-0.01,45,368365,卖盘
10:03:02,81.86,0.0,84,687573,买盘
10:03:04,81.86,0.0,30,245580,买盘
10:03:06,81.87,0.01,82,671255,买盘
10:03:11,81.86,-0.01,3,24559,卖盘
10:03:14,81.86,0.0,22,180100,卖盘
10:03:17,81.86,0.0,34,278325,卖盘
10:03:20,81.86,0.0,53,433850,买盘
10:03:23,81.86,0.0,21,171905,买盘
10:03:24,81.87,0.01,121,990538,买盘
10:03:29,81.86,-0.01,45,368376,卖盘
10:03:32,81.88,0.02,243,1989569,买盘
10:03:35,81.89,0.01,174,1424504,买盘
10:03:38,81.87,-0.02,13,111194,中性盘
10:03:41,81.86,-0.01,12,98240,卖盘
10:03:44,81.88,0.02,13,106440,买盘
10:03:46,81.86,-0.02,232,1899183,卖盘
10:03:49,81.86,0.0,235,1919353,卖盘
10:03:53,81.86,0.0,30,245580,买盘
10:03:56,81.86,0.0,101,826783,买盘
10:03:58,81.85,-0.01,17,139150,卖盘
10:04:02,81.86,0.01,35,286480,买盘
10:04:05,81.84,-0.02,73,597439,卖盘
10:04:08,81.83,-0.01,62,507351,卖盘
10:04:11,81.83,0.0,3,24549,买盘
10:04:14,81.82,-0.01,74,605540,卖盘
10:04:17,81.83,0.01,41,335465,买盘
10:04:19,81.83,0.0,79,646406,买盘
10:04:22,81.83,0.0,58,474577,买盘
10:04:26,81.83,0.0,150,1232822,买盘
10:04:28,81.85,0.02,31,253714,买盘
10:04:32,81.83,-0.02,122,998438,卖盘
10:04:35,81.83,0.0,22,180026,卖盘
10:04:38,81.84,0.01,228,1865758,买盘
10:04:41,81.83,-0.01,63,515578,卖盘
10:04:44,81.83,0.0,37,302786,卖盘
10:04:47,81.83,0.0,21,171859,卖盘
10:04:49,81.83,0.0,60,485669,卖盘
10:04:53,81.82,-0.01,58,474612,卖盘
10:04:56,81.82,0.0,36,294585,卖盘
10:04:59,81.82,0.0,79,646436,卖盘
10:05:00,81.82,0.0,51,417304,卖盘
10:05:05,81.8,-0.02,403,3296766,卖盘
10:05:08,81.82,0.02,61,499073,买盘
10:05:09,81.8,-0.02,25,204501,中性盘
10:05:13,81.8,0.0,51,422427,卖盘
10:05:16,81.79,-0.01,134,1096110,卖盘
10:05:19,81.79,0.0,37,302650,卖盘
10:05:22,81.79,0.0,14,114511,卖盘
10:05:26,81.79,0.0,131,1071563,卖盘
10:05:28,81.79,0.0,190,1554155,卖盘
10:05:32,81.78,-0.01,159,1295230,卖盘
10:05:35,81.76,-0.02,125,1022158,卖盘
10:05:38,81.77,0.01,15,122655,买盘
10:05:39,81.76,-0.01,33,275129,卖盘
10:05:43,81.77,0.01,167,1365516,买盘
10:05:46,81.76,-0.01,96,779602,卖盘
10:05:49,81.76,0.0,44,359741,买盘
10:05:52,81.75,-0.01,46,376070,卖盘
10:05:56,81.75,0.0,110,899349,卖盘
10:05:58,81.75,0.0,65,531409,卖盘
10:06:01,81.75,0.0,68,555936,卖盘
10:06:05,81.75,0.0,118,964665,卖盘
10:06:07,81.75,0.0,115,940138,卖盘
10:06:09,81.75,0.0,33,269775,买盘
10:06:13,81.75,0.0,22,179843,买盘
10:06:16,81.75,0.0,21,171663,买盘
10:06:18,81.74,-0.01,92,752035,卖盘
10:06:22,81.74,0.0,15,122610,买盘
10:06:26,81.74,0.0,280,2288735,买盘
10:06:28,81.73,-0.01,146,1193298,卖盘
10:06:32,81.75,0.02,46,375990,买盘
10:06:33,81.74,-0.01,70,572123,中性盘
10:06:37,81.73,-0.01,96,784646,卖盘
10:06:41,81.73,0.0,141,1152432,卖盘
10:06:43,81.73,0.0,65,531245,买盘
10:06:46,81.73,0.0,10,81730,买盘
10:06:49,81.72,-0.01,31,253356,卖盘
10:06:52,81.72,0.0,153,1250330,卖盘
10:06:56,81.73,0.01,95,776314,买盘
10:06:58,81.72,-0.01,49,400416,中性盘
10:07:02,81.7,-0.02,639,5221086,卖盘
10:07:04,81.71,0.01,19,155239,中性盘
10:07:08,81.7,-0.01,148,1209171,卖盘
10:07:11,81.7,0.0,56,457277,买盘
10:07:13,81.7,0.0,65,531051,卖盘
10:07:17,81.7,0.0,24,196078,买盘
10:07:19,81.69,-0.01,30,245092,卖盘
10:07:23,81.7,0.01,196,1601397,买盘
10:07:26,81.69,-0.01,353,2883968,买盘
10:07:29,81.7,0.01,182,1486905,买盘
10:07:31,81.68,-0.02,660,5392561,卖盘
10:07:34,81.69,0.01,99,808649,买盘
10:07:37,81.7,0.01,46,375805,买盘
10:07:41,81.7,0.0,174,1421534,卖盘
10:07:42,81.7,0.0,84,686275,卖盘
10:07:46,81.68,-0.02,181,1478585,卖盘
10:07:49,81.71,0.03,132,1078305,买盘
10:07:53,81.7,-0.01,226,1846611,卖盘
10:07:56,81.7,0.0,92,751956,买盘
10:07:59,81.7,0.0,45,367661,卖盘
10:08:02,81.73,0.03,131,1070531,买盘
10:08:04,81.73,0.0,73,596633,卖盘
10:08:07,81.74,0.01,46,376017,卖盘
10:08:11,81.74,0.0,57,465953,卖盘
10:08:13,81.75,0.01,131,1070918,买盘
10:08:16,81.75,0.0,211,1724959,卖盘
10:08:19,81.76,0.01,255,2084828,买盘
10:08:23,81.76,0.0,371,3033476,买盘
10:08:25,81.75,-0.01,381,3115727,卖盘
10:08:29,81.78,0.03,1,8178,卖盘
10:08:31,81.83,0.05,107,878742,买盘
10:08:33,81.83,0.0,94,772495,买盘
10:08:36,81.84,0.01,102,834705,中性盘
10:08:41,81.84,0.0,55,450072,买盘
10:08:43,81.86,0.02,136,1113261,买盘
10:08:46,81.85,-0.01,88,716897,卖盘
10:08:50,81.86,0.01,22,180126,中性盘
10:08:52,81.85,-0.01,71,581163,卖盘
10:08:55,81.87,0.02,59,482956,买盘
10:08:58,81.85,-0.02,68,556603,卖盘
10:09:01,81.86,0.01,37,302857,买盘
10:09:04,81.87,0.01,100,818617,买盘
10:09:07,81.87,0.0,175,1432727,卖盘
10:09:10,81.87,0.0,46,376634,卖盘
10:09:13,81.87,0.0,45,368427,卖盘
10:09:15,81.87,0.0,54,442098,买盘
10:09:19,81.86,-0.01,40,327442,卖盘
10:09:22,81.87,0.01,156,1276960,买盘
10:09:25,81.86,-0.01,54,442079,中性盘
10:09:27,81.86,0.0,28,229185,买盘
10:09:30,81.86,0.0,49,401114,卖盘
10:09:35,81.86,0.0,138,1129730,卖盘
10:09:38,81.85,-0.01,77,630276,卖盘
10:09:40,81.86,0.01,43,355079,买盘
10:09:42,81.84,-0.02,11,90024,卖盘
10:09:46,81.84,0.0,13,103286,卖盘
10:09:49,81.84,0.0,53,433773,买盘
10:09:52,81.84,0.0,79,646446,买盘
10:09:55,81.83,-0.01,99,810070,中性盘
10:09:57,81.8,-0.03,44,360015,卖盘
10:10:02,81.82,0.02,55,450026,买盘
10:10:04,81.8,-0.02,44,359958,卖盘
10:10:07,81.8,0.0,57,466260,卖盘
10:10:11,81.82,0.02,48,392648,买盘
10:10:13,81.81,-0.01,33,269983,卖盘
10:10:16,81.8,-0.01,117,957182,卖盘
10:10:19,81.8,0.0,28,229044,买盘
10:10:21,81.81,0.01,117,957286,买盘
10:10:24,81.81,0.0,248,2028715,卖盘
10:10:29,81.82,0.01,138,1129090,买盘
10:10:31,81.81,-0.01,206,1685437,卖盘
10:10:34,81.81,0.0,18,147241,买盘
10:10:36,81.82,0.01,112,916283,买盘
10:10:40,81.81,-0.01,34,278111,中性盘
10:10:43,81.82,0.01,124,1014449,买盘
10:10:47,81.82,0.0,70,572764,卖盘
10:10:49,81.82,0.0,50,409102,卖盘
10:10:52,81.83,0.01,19,155461,买盘
10:10:55,81.82,-0.01,75,613612,卖盘
10:10:58,81.82,0.0,12,98179,买盘
10:11:01,81.81,-0.01,73,597231,卖盘
10:11:05,81.82,0.01,148,1210938,买盘
10:11:07,81.82,0.0,41,335454,卖盘
10:11:09,81.82,0.0,37,302724,买盘
10:11:12,81.81,-0.01,33,270005,卖盘
10:11:16,81.82,0.01,58,474532,买盘
10:11:19,81.82,0.0,43,351803,买盘
10:11:22,81.82,0.0,60,490882,买盘
10:11:26,81.82,0.0,68,556363,买盘
10:11:28,81.8,-0.02,96,785315,卖盘
10:11:31,81.79,-0.01,15,122697,卖盘
10:11:34,81.8,0.01,11,89980,买盘
10:11:37,81.79,-0.01,67,548003,卖盘
10:11:41,81.79,0.0,21,171754,买盘
10:11:43,81.78,-0.01,15,122675,卖盘
10:11:46,81.78,0.0,92,752400,卖盘
10:11:49,81.79,0.01,179,1464022,买盘
10:11:52,81.79,0.0,26,212650,买盘
10:11:55,81.78,-0.01,212,1733931,卖盘
10:11:58,81.8,0.02,19,155391,买盘
10:12:01,81.79,-0.01,11,89969,卖盘
10:12:04,81.79,0.0,31,253561,卖盘
10:12:07,81.79,0.0,81,662540,卖盘
10:12:10,81.79,0.0,214,1750271,卖盘
10:12:13,81.79,0.0,24,196287,买盘
10:12:16,81.79,0.0,37,302603,买盘
10:12:19,81.79,0.0,79,643283,买盘
10:12:21,81.79,0.0,61,501771,卖盘
10:12:26,81.8,0.01,69,561626,买盘
10:12:28,81.78,-0.02,61,501619,买盘
10:12:31,81.78,0.0,46,376228,卖盘
10:12:34,81.78,0.0,29,237165,卖盘
10:12:37,81.78,0.0,17,139023,买盘
10:12:39,81.81,0.03,642,5247721,买盘
10:12:43,81.8,-0.01,46,376271,卖盘
10:12:46,81.8,0.0,17,139060,卖盘
10:12:49,81.81,0.01,107,875339,买盘
10:12:51,81.81,0.0,73,597206,买盘
10:12:55,81.81,0.0,51,417224,买盘
10:12:58,81.8,-0.01,194,1587062,卖盘
10:13:01,81.8,0.0,50,409033,卖盘
10:13:04,81.8,0.0,121,989938,卖盘
10:13:07,81.82,0.02,44,359992,买盘
10:13:10,81.82,0.0,57,466302,买盘
10:13:13,81.82,0.0,227,1856870,买盘
10:13:16,81.81,-0.01,261,2135496,卖盘
10:13:19,81.82,0.01,90,736362,卖盘
10:13:22,81.82,0.0,23,188181,买盘
10:13:25,81.83,0.01,77,630080,买盘
10:13:28,81.83,0.0,41,335515,卖盘
10:13:31,81.84,0.01,518,4239598,买盘
10:13:34,81.83,-0.01,113,924669,卖盘
10:13:37,81.83,0.0,75,613770,买盘
10:13:40,81.83,0.0,120,981984,买盘
10:13:42,81.84,0.01,5,40920,卖盘
10:13:46,81.84,0.0,21,171865,卖盘
10:13:49,81.85,0.01,4,32740,买盘
10:13:52,81.85,0.0,6,49108,买盘
10:13:55,81.85,0.0,21,171879,买盘
10:13:58,81.85,0.0,13,106401,卖盘
10:14:01,81.86,0.01,180,1473112,买盘
10:14:03,81.87,0.01,229,1873909,买盘
10:14:07,81.88,0.01,260,2128854,买盘
10:14:10,81.89,0.01,77,630503,买盘
10:14:12,81.88,-0.01,358,2931614,卖盘
10:14:16,81.88,0.0,512,4192886,卖盘
10:14:19,81.9,0.02,29,237487,买盘
10:14:21,81.9,0.0,78,638817,买盘
10:14:25,81.91,0.01,552,4527231,买盘
10:14:27,81.91,0.0,197,1613647,卖盘
10:14:31,81.93,0.02,255,2088936,买盘
10:14:34,81.92,-0.01,81,663549,中性盘
10:14:37,81.93,0.01,54,442406,买盘
10:14:39,81.92,-0.01,101,827439,卖盘
10:14:43,81.94,0.02,701,5743656,买盘
10:14:46,81.94,0.0,22,180268,卖盘
10:14:49,81.93,-0.01,13,106523,卖盘
10:14:51,81.94,0.01,38,311373,中性盘
10:14:55,81.94,0.0,319,2614223,买盘
10:14:58,81.95,0.01,99,811243,买盘
10:15:01,81.95,0.0,40,327804,卖盘
10:15:04,81.95,0.0,62,508131,卖盘
10:15:07,81.94,-0.01,71,581828,卖盘
10:15:10,81.95,0.01,238,1950571,买盘
10:15:13,81.95,0.0,64,524490,卖盘
10:15:15,81.95,0.0,232,1901544,买盘
10:15:19,81.94,-0.01,191,1565145,卖盘
10:15:22,81.94,0.0,109,893146,买盘
10:15:25,81.93,-0.01,85,696406,卖盘
10:15:28,81.93,0.0,39,319538,买盘
10:15:31,81.93,0.0,33,270387,卖盘
10:15:33,81.92,-0.01,14,114697,卖盘
10:15:37,81.93,0.01,138,1130627,买盘
10:15:40,81.92,-0.01,63,516110,卖盘
10:15:43,81.93,0.01,108,884754,买盘
10:15:46,81.92,-0.01,133,1089578,卖盘
10:15:49,81.94,0.02,243,1991036,买盘
10:15:52,81.94,0.0,133,1089802,卖盘
10:15:55,81.94,0.0,1,8194,卖盘
10:15:58,81.95,0.01,22,180283,买盘
10:16:01,81.93,-0.02,126,1032390,卖盘
10:16:03,81.93,0.0,84,688254,卖盘
10:16:07,81.94,0.01,16,131102,买盘
10:16:10,81.94,0.0,36,294979,买盘
10:16:13,81.93,-0.01,98,802914,卖盘
10:16:15,81.93,0.0,41,335888,买盘
10:16:18,81.92,-0.01,205,1679422,卖盘
10:16:22,81.93,0.01,101,827340,买盘
10:16:25,81.92,-0.01,28,229356,买盘
10:16:28,81.91,-0.01,106,868320,中性盘
10:16:31,81.91,0.0,76,622472,买盘
10:16:34,81.9,-0.01,311,2547393,卖盘
10:16:36,81.9,0.0,108,884512,卖盘
10:16:39,81.89,-0.01,22,180161,卖盘
10:16:42,81.9,0.01,338,2768270,买盘
10:16:46,81.9,0.0,8,65519,中性盘
10:16:49,81.91,0.01,39,319420,买盘
10:16:52,81.9,-0.01,14,114667,卖盘
10:16:55,81.91,0.01,50,409526,买盘
10:16:57,81.9,-0.01,65,532324,卖盘
10:17:01,81.9,0.0,85,696207,买盘
10:17:03,81.9,0.0,96,786240,卖盘
10:17:06,81.89,-0.01,40,327578,卖盘
10:17:10,81.9,0.01,42,343937,买盘
10:17:13,81.9,0.0,264,2161827,买盘
10:17:16,81.89,-0.01,24,196528,中性盘
10:17:18,81.9,0.01,145,1187306,买盘
10:17:21,81.89,-0.01,56,458575,卖盘
10:17:25,81.88,-0.01,30,245668,卖盘
10:17:28,81.88,0.0,52,425825,卖盘
10:17:31,81.89,0.01,54,442169,买盘
10:17:34,81.88,-0.01,41,335730,卖盘
10:17:37,81.88,0.0,132,1080814,卖盘
10:17:40,81.88,0.0,28,229246,买盘
10:17:43,81.9,0.02,607,4970734,买盘
10:17:46,81.9,0.0,18,147389,买盘
10:17:49,81.88,-0.02,15,122824,卖盘
10:17:51,81.88,0.0,124,1015312,卖盘
10:17:55,81.9,0.02,209,1710987,买盘
10:17:57,81.86,-0.04,17,139165,卖盘
10:18:01,81.88,0.02,45,368379,买盘
10:18:04,81.88,0.0,14,114632,买盘
10:18:07,81.86,-0.02,13,106418,卖盘
10:18:10,81.86,0.0,88,720452,卖盘
10:18:13,81.88,0.02,95,777830,买盘
10:18:15,81.86,-0.02,75,614079,卖盘
10:18:19,81.88,0.02,55,450298,买盘
10:18:22,81.88,0.0,34,278392,买盘
10:18:25,81.87,-0.01,60,491269,卖盘
10:18:28,81.88,0.01,62,507649,买盘
10:18:31,81.88,0.0,36,294744,买盘
10:18:34,81.88,0.0,59,483059,买盘
10:18:36,81.88,0.0,162,1326451,买盘
10:18:40,81.89,0.01,21,171955,买盘
10:18:43,81.89,0.0,62,507698,买盘
10:18:45,81.9,0.01,622,5093963,买盘
10:18:49,81.91,0.01,377,3087991,买盘
10:18:51,81.92,0.01,242,1982476,买盘
10:18:54,81.93,0.01,402,3293569,买盘
10:18:58,81.93,0.0,53,434278,卖盘
10:19:00,81.95,0.02,91,745740,买盘
10:19:04,81.95,0.0,289,2368353,买盘
10:19:07,81.94,-0.01,119,975182,卖盘
10:19:10,81.95,0.01,248,2032413,买盘
10:19:12,81.95,0.0,158,1294812,卖盘
10:19:16,81.95,0.0,92,754023,卖盘
10:19:19,81.96,0.01,180,1475066,买盘
10:19:22,81.96,0.0,174,1426052,买盘
10:19:25,81.95,-0.01,172,1409459,中性盘
10:19:28,81.97,0.02,200,1639317,买盘
10:19:31,81.97,0.0,204,1671972,买盘
10:19:34,81.97,0.0,1385,11353881,买盘
10:19:37,81.99,0.02,50,409877,买盘
10:19:40,81.99,0.0,257,2107050,买盘
10:19:43,81.99,0.0,151,1237826,买盘
10:19:45,81.99,0.0,160,1311772,买盘
10:19:49,81.99,0.0,270,2213728,买盘
10:19:52,81.97,-0.02,139,1139483,卖盘
10:19:54,81.99,0.02,130,1064054,买盘
10:19:58,82.0,0.01,310,2541949,买盘
10:20:01,82.0,0.0,356,2919181,买盘
10:20:04,81.99,-0.01,484,3968789,卖盘
10:20:07,81.99,0.0,342,2804282,卖盘
10:20:10,82.0,0.01,318,2607570,买盘
10:20:13,82.0,0.0,292,2394389,买盘
10:20:15,81.99,-0.01,134,1098775,卖盘
10:20:19,82.0,0.01,54,442782,买盘
10:20:22,82.0,0.0,23,188604,卖盘
10:20:25,82.02,0.02,153,1254684,买盘
10:20:28,82.0,-0.02,448,3673784,卖盘
10:20:31,82.01,0.01,38,311623,买盘
10:20:34,82.01,0.0,169,1385996,买盘
10:20:37,82.02,0.01,69,565927,买盘
10:20:40,82.02,0.0,35,287073,买盘
10:20:43,82.03,0.01,50,410099,买盘
10:20:46,82.02,-0.01,96,787479,卖盘
10:20:48,82.01,-0.01,248,2034064,卖盘
10:20:52,82.01,0.0,176,1443416,卖盘
10:20:55,82.0,-0.01,274,2247527,卖盘
10:20:58,82.07,0.07,243,1993736,买盘
10:21:01,82.04,-0.03,59,484040,中性盘
10:21:04,82.05,0.01,8,65634,买盘
10:21:07,82.03,-0.02,409,3355572,卖盘
10:21:09,82.04,0.01,66,540133,中性盘
10:21:12,82.05,0.01,68,557931,买盘
10:21:16,82.05,0.0,92,754800,卖盘
10:21:19,82.05,0.0,38,311792,卖盘
10:21:22,82.05,0.0,510,4185260,卖盘
10:21:25,82.05,0.0,191,1567426,买盘
10:21:28,82.04,-0.01,143,1173413,卖盘
10:21:31,82.05,0.01,57,467684,买盘
10:21:33,82.04,-0.01,123,1009214,卖盘
10:21:36,82.04,0.0,426,3494031,卖盘
10:21:40,82.04,0.0,127,1041906,买盘
10:21:43,82.04,0.0,14,114856,买盘
10:21:46,82.04,0.0,156,1279824,买盘
10:21:49,82.03,-0.01,60,492183,买盘
10:21:52,82.03,0.0,89,730040,买盘
10:21:55,82.03,0.0,132,1082698,买盘
10:21:58,82.03,0.0,32,262488,买盘
10:22:01,82.02,-0.01,130,1066300,中性盘
10:22:04,82.04,0.02,118,968020,买盘
10:22:07,82.01,-0.03,92,754724,卖盘
10:22:10,82.01,0.0,13,106629,卖盘
10:22:13,82.04,0.03,61,500435,买盘
10:22:16,82.02,-0.02,69,566030,中性盘
10:22:19,82.01,-0.01,56,459270,卖盘
10:22:21,82.02,0.01,77,631669,卖盘
10:22:25,82.04,0.02,75,615307,买盘
10:22:27,82.04,0.0,38,311777,卖盘
10:22:31,82.04,0.0,26,213311,卖盘
10:22:33,82.04,0.0,89,730171,卖盘
10:22:36,82.04,0.0,131,1074770,卖盘
10:22:40,82.04,0.0,50,410206,卖盘
10:22:42,82.04,0.0,124,1017334,买盘
10:22:46,82.04,0.0,36,295343,买盘
10:22:49,82.04,0.0,111,910651,卖盘
10:22:52,82.04,0.0,237,1944459,买盘
10:22:55,82.04,0.0,58,475830,买盘
10:22:58,82.03,-0.01,68,557867,卖盘
10:23:01,82.04,0.01,55,451264,买盘
10:23:04,82.04,0.0,76,623547,卖盘
10:23:07,82.03,-0.01,130,1066507,卖盘
10:23:09,82.04,0.01,17,139471,中性盘
10:23:13,82.06,0.02,94,771322,买盘
10:23:16,82.04,-0.02,135,1107581,买盘
10:23:19,82.04,0.0,52,426603,卖盘
10:23:21,82.05,0.01,132,1083012,买盘
10:23:24,82.05,0.0,94,771193,卖盘
10:23:28,82.06,0.01,75,615393,买盘
10:23:31,82.05,-0.01,30,246150,卖盘
10:23:34,82.03,-0.02,241,1977317,卖盘
10:23:37,82.04,0.01,66,541567,卖盘
10:23:40,82.05,0.01,103,845136,买盘
10:23:43,82.05,0.0,133,1091268,卖盘
10:23:46,82.05,0.0,54,443043,买盘
10:23:49,82.04,-0.01,163,1337400,卖盘
10:23:52,82.05,0.01,46,377415,买盘
10:23:54,82.05,0.0,4,32820,买盘
10:23:58,82.05,0.0,12,98456,买盘
10:24:00,82.05,0.0,159,1304595,买盘
10:24:04,82.05,0.0,70,574323,买盘
10:24:07,82.05,0.0,29,237945,卖盘
10:24:10,82.05,0.0,103,845116,卖盘
10:24:13,82.05,0.0,90,738478,卖盘
10:24:16,82.06,0.01,173,1419585,买盘
10:24:18,82.05,-0.01,43,352797,中性盘
10:24:22,82.04,-0.01,155,1271763,卖盘
10:24:25,82.04,0.0,125,1025613,卖盘
10:24:28,82.05,0.01,97,795930,买盘
10:24:31,82.06,0.01,34,278972,买盘
10:24:33,82.06,0.0,67,549756,买盘
10:24:37,82.07,0.01,389,3193801,买盘
10:24:40,82.07,0.0,37,303680,卖盘
10:24:43,82.07,0.0,47,385753,卖盘
10:24:46,82.08,0.01,93,763327,买盘
10:24:48,82.08,0.0,131,1075235,买盘
10:24:53,82.09,0.01,65,533534,买盘
10:24:55,82.09,0.0,26,213425,买盘
10:24:58,82.11,0.02,582,4777949,买盘
10:25:01,82.07,-0.04,1169,9592464,卖盘
10:25:04,82.1,0.03,11,90312,卖盘
10:25:07,82.13,0.03,129,1059313,买盘
10:25:10,82.09,-0.04,222,1822887,卖盘
10:25:14,82.11,0.02,145,1190908,中性盘
10:25:16,82.14,0.03,89,730985,买盘
10:25:19,82.11,-0.03,39,320342,卖盘
10:25:21,82.15,0.04,46,377759,买盘
10:25:25,82.12,-0.03,51,418884,卖盘
10:25:27,82.12,0.0,97,796748,卖盘
10:25:30,82.14,0.02,597,4904881,买盘
10:25:34,82.14,0.0,44,361396,买盘
10:25:37,82.17,0.03,546,4487120,买盘
10:25:40,82.19,0.02,83,682122,买盘
10:25:43,82.17,-0.02,46,377992,卖盘
10:25:46,82.18,0.01,114,936802,买盘
10:25:48,82.18,0.0,58,476660,买盘
10:25:52,82.19,0.01,185,1520519,买盘
10:25:54,82.19,0.0,237,1947800,卖盘
10:25:58,82.2,0.01,394,3243913,买盘
10:26:01,82.2,0.0,59,484981,卖盘
10:26:03,82.21,0.01,162,1331750,买盘
10:26:07,82.22,0.01,88,723459,买盘
10:26:10,82.22,0.0,40,328847,买盘
10:26:13,82.22,0.0,27,221984,卖盘
10:26:16,82.22,0.0,133,1093576,卖盘
10:26:18,82.22,0.0,145,1192227,卖盘
10:26:23,82.23,0.01,117,961995,买盘
10:26:25,82.22,-0.01,206,1693771,卖盘
10:26:28,82.22,0.0,158,1299155,买盘
10:26:31,82.22,0.0,120,986626,买盘
10:26:34,82.21,-0.01,116,953720,卖盘
10:26:37,82.22,0.01,217,1784268,买盘
10:26:40,82.21,-0.01,84,690604,卖盘
10:26:43,82.24,0.03,606,4982081,买盘
10:26:46,82.21,-0.03,41,337076,卖盘
10:26:49,82.2,-0.01,157,1285198,卖盘
10:26:51,82.19,-0.01,205,1684870,卖盘
10:26:56,82.17,-0.02,173,1421421,卖盘
10:26:58,82.19,0.02,175,1438191,买盘
10:27:01,82.16,-0.03,15,123266,卖盘
10:27:04,82.14,-0.02,192,1577305,卖盘
10:27:08,82.12,-0.02,66,542005,卖盘
10:27:10,82.12,0.0,78,640477,买盘
10:27:13,82.11,-0.01,108,886700,中性盘
10:27:15,82.11,0.0,82,673190,买盘
10:27:19,82.1,-0.01,117,960492,买盘
10:27:22,82.13,0.03,185,1519178,买盘
10:27:24,82.13,0.0,39,320307,卖盘
10:27:28,82.14,0.01,53,435297,买盘
10:27:31,82.14,0.0,147,1207320,买盘
10:27:33,82.14,0.0,99,813162,买盘
10:27:37,82.12,-0.02,42,344976,卖盘
10:27:39,82.12,0.0,50,410652,卖盘
10:27:43,82.12,0.0,58,476308,卖盘
10:27:46,82.13,0.01,143,1174383,买盘
10:27:49,82.13,0.0,97,796592,买盘
10:27:52,82.12,-0.01,53,435255,卖盘
10:27:55,82.13,0.01,53,435251,买盘
10:27:58,82.12,-0.01,16,131388,中性盘
10:28:00,82.12,0.0,24,197084,买盘
10:28:04,82.13,0.01,39,320256,买盘
10:28:08,82.11,-0.02,170,1395821,卖盘
10:28:10,82.12,0.01,172,1412309,卖盘
10:28:13,82.12,0.0,61,500933,买盘
10:28:16,82.12,0.0,63,517408,买盘
10:28:19,82.1,-0.02,159,1305487,卖盘
10:28:23,82.11,0.01,37,303814,买盘
10:28:25,82.12,0.01,52,427001,买盘
10:28:27,82.11,-0.01,76,624047,卖盘
10:28:30,82.11,0.0,27,221704,卖盘
10:28:33,82.12,0.01,171,1404124,买盘
10:28:37,82.1,-0.02,19,156001,卖盘
10:28:39,82.11,0.01,23,188849,买盘
10:28:43,82.11,0.0,11,90317,买盘
10:28:46,82.1,-0.01,81,665010,卖盘
10:28:49,82.09,-0.01,136,1116332,卖盘
10:28:52,82.1,0.01,164,1346331,买盘
10:28:54,82.1,0.0,354,2906734,买盘
10:28:58,82.1,0.0,26,213460,买盘
10:29:01,82.12,0.02,19,156000,买盘
10:29:04,82.12,0.0,33,270992,买盘
10:29:06,82.12,0.0,68,558400,卖盘
10:29:10,82.11,-0.01,47,385895,卖盘
10:29:13,82.12,0.01,15,123165,买盘
10:29:16,82.1,-0.02,12,98532,卖盘
10:29:19,82.12,0.02,89,730806,买盘
10:29:22,82.11,-0.01,25,205272,中性盘
10:29:25,82.11,0.0,88,722589,买盘
10:29:28,82.12,0.01,18,147809,买盘
10:29:31,82.12,0.0,72,592560,买盘
10:29:33,82.11,-0.01,34,279207,卖盘
10:29:36,82.12,0.01,34,279188,买盘
10:29:40,82.11,-0.01,32,262761,卖盘
10:29:42,82.12,0.01,138,1133136,买盘
10:29:46,82.12,0.0,39,320267,买盘
10:29:49,82.12,0.0,28,229928,买盘
10:29:53,82.12,0.0,79,648696,买盘
10:29:54,82.12,0.0,24,197088,卖盘
10:29:58,82.12,0.0,233,1913071,卖盘
10:30:01,82.12,0.0,24,197088,卖盘
10:30:04,82.13,0.01,21,172456,买盘
10:30:07,82.12,-0.01,131,1075878,卖盘
10:30:10,82.12,0.0,27,221728,买盘
10:30:13,82.12,0.0,71,583075,买盘
10:30:16,82.12,0.0,78,640471,买盘
10:30:18,82.11,-0.01,60,495982,卖盘
10:30:23,82.11,0.0,123,1010035,卖盘
10:30:25,82.11,0.0,111,908257,卖盘
10:30:28,82.1,-0.01,31,254527,卖盘
10:30:30,82.11,0.01,87,714356,买盘
10:30:33,82.11,0.0,288,2363073,买盘
10:30:38,82.1,-0.01,8,65674,中性盘
10:30:40,82.1,0.0,5,41050,买盘
10:30:43,82.08,-0.02,14,114924,卖盘
10:30:46,82.08,0.0,101,828969,卖盘
10:30:49,82.08,0.0,64,525195,买盘
10:30:53,82.06,-0.02,40,328250,卖盘
10:30:54,82.03,-0.03,134,1099458,卖盘
10:30:57,82.06,0.03,56,459468,买盘
10:31:00,82.03,-0.03,36,295330,卖盘
10:31:04,82.02,-0.01,7,57414,卖盘
10:31:06,82.02,0.0,60,492124,卖盘
10:31:09,82.0,-0.02,164,1344083,卖盘
10:31:13,82.01,0.01,14,114820,中性盘
10:31:15,82.02,0.01,50,410083,买盘
10:31:18,82.01,-0.01,91,746235,卖盘
10:31:23,82.0,-0.01,69,565824,卖盘
10:31:24,82.01,0.01,41,336237,买盘
10:31:27,82.01,0.0,62,508408,买盘
10:31:31,82.01,0.0,69,565849,买盘
10:31:34,82.0,-0.01,140,1148001,卖盘
10:31:38,82.0,0.0,119,975810,卖盘
10:31:40,82.01,0.01,112,918405,买盘
10:31:43,82.01,0.0,66,541208,买盘
10:31:45,82.0,-0.01,87,713405,卖盘
10:31:49,82.01,0.01,23,188603,买盘
10:31:53,82.0,-0.01,53,434611,卖盘
10:31:54,82.0,0.0,40,335386,卖盘
10:31:58,82.0,0.0,118,967602,卖盘
10:32:01,82.0,0.0,215,1763004,卖盘
10:32:05,82.0,0.0,75,615000,卖盘
10:32:06,82.0,0.0,28,229602,卖盘
10:32:10,82.0,0.0,61,493761,卖盘
10:32:13,82.0,0.0,17,139399,买盘
10:32:16,81.99,-0.01,45,368997,卖盘
10:32:19,82.0,0.01,73,598577,买盘
10:32:22,81.99,-0.01,37,303363,卖盘
10:32:24,81.99,0.0,35,286965,买盘
10:32:28,81.99,0.0,75,614893,买盘
10:32:30,82.0,0.01,55,450975,买盘
10:32:33,81.98,-0.02,51,418135,卖盘
10:32:38,81.98,0.0,35,286970,卖盘
10:32:39,81.98,0.0,43,352516,卖盘
10:32:43,81.99,0.01,28,229563,买盘
10:32:45,81.97,-0.02,17,139353,卖盘
10:32:49,81.97,0.0,36,295118,卖盘
10:32:53,81.96,-0.01,234,1917889,卖盘
10:32:55,81.95,-0.01,191,1565637,卖盘
10:32:58,81.95,0.0,215,1762586,卖盘
10:33:01,81.96,0.01,329,2697522,中性盘
10:33:03,81.97,0.01,114,934365,中性盘
10:33:08,81.97,0.0,68,557367,买盘
10:33:10,81.95,-0.02,227,1860446,卖盘
10:33:13,81.95,0.0,42,344190,买盘
10:33:16,81.95,0.0,41,335994,买盘
10:33:18,82.0,0.05,274,2246123,买盘
10:33:22,81.95,-0.05,138,1131358,卖盘
10:33:25,81.95,0.0,45,368755,买盘
10:33:28,81.94,-0.01,210,1720827,卖盘
10:33:31,81.94,0.0,66,540822,买盘
10:33:33,81.93,-0.01,77,630867,卖盘
10:33:38,81.93,0.0,59,483384,买盘
10:33:40,81.93,0.0,121,991291,买盘
10:33:43,81.93,0.0,59,483383,买盘
10:33:46,81.91,-0.02,129,1056737,卖盘
10:33:49,81.92,0.01,457,3743459,买盘
10:33:53,81.92,0.0,67,548803,买盘
10:33:55,81.93,0.01,29,237584,买盘
10:33:58,81.92,-0.01,6,49151,中性盘
10:34:01,81.91,-0.01,23,188402,卖盘
10:34:05,81.91,0.0,56,458706,卖盘
10:34:07,81.92,0.01,36,294896,买盘
10:34:09,81.92,0.0,40,327660,买盘
10:34:13,81.9,-0.02,258,2113326,卖盘
10:34:16,81.92,0.02,56,458767,卖盘
10:34:19,81.92,0.0,32,262144,卖盘
10:34:21,81.92,0.0,129,1056795,卖盘
10:34:25,81.92,0.0,9,73733,卖盘
10:34:28,81.92,0.0,432,3539347,卖盘
10:34:31,81.92,0.0,87,719497,卖盘
10:34:35,81.93,0.01,332,2720146,中性盘
10:34:38,81.92,-0.01,549,4490650,卖盘
10:34:40,81.96,0.04,56,458916,买盘
10:34:43,81.95,-0.01,407,3334913,卖盘
10:34:46,81.96,0.01,166,1360449,买盘
10:34:48,81.97,0.01,115,942577,买盘
10:34:51,81.97,0.0,7,56723,卖盘
10:34:54,81.99,0.02,187,1532853,买盘
10:34:58,81.99,0.0,217,1785648,买盘
10:35:01,82.0,0.01,23,188597,买盘
10:35:05,82.0,0.0,111,910223,买盘
10:35:08,81.99,-0.01,77,631333,卖盘
10:35:09,81.97,-0.02,30,245927,卖盘
10:35:13,81.97,0.0,4,32788,买盘
10:35:16,81.97,0.0,16,131152,买盘
10:35:19,81.97,0.0,33,270487,买盘
10:35:23,81.98,0.01,284,2327936,买盘
10:35:25,81.99,0.01,64,524721,买盘
10:35:28,81.99,0.0,45,368939,买盘
10:35:31,81.99,0.0,52,426341,买盘
10:35:35,81.99,0.0,242,1984214,买盘
10:35:37,81.97,-0.02,190,1557488,卖盘
10:35:39,81.97,0.0,49,401653,买盘
10:35:43,81.96,-0.01,75,614764,卖盘
10:35:46,81.97,0.01,67,549179,买盘
10:35:49,81.96,-0.01,35,286893,卖盘
10:35:51,82.0,0.04,392,3213567,买盘
10:35:54,81.98,-0.02,4,32793,中性盘
10:35:59,82.0,0.02,350,2870067,买盘
10:36:01,81.99,-0.01,2,16398,卖盘
10:36:05,82.0,0.01,13,106597,买盘
10:36:08,81.99,-0.01,12,98389,卖盘
10:36:09,81.99,0.0,27,221377,卖盘
10:36:13,81.97,-0.02,92,754279,卖盘
10:36:16,81.99,0.02,21,172188,中性盘
10:36:18,81.99,0.0,18,147574,买盘
10:36:21,81.98,-0.01,5,40988,中性盘
10:36:25,81.97,-0.01,40,327926,卖盘
10:36:28,81.99,0.02,15,122973,买盘
10:36:30,81.99,0.0,77,631295,买盘
10:36:33,81.99,0.0,70,573915,买盘
10:36:38,81.97,-0.02,227,1860741,卖盘
10:36:41,81.98,0.01,244,2000278,买盘
10:36:43,81.99,0.01,56,459124,买盘
10:36:46,82.0,0.01,43,352563,买盘
10:36:49,82.0,0.0,308,2525606,买盘
10:36:53,81.99,-0.01,35,286972,卖盘
10:36:54,82.0,0.01,26,213192,买盘
10:36:58,81.99,-0.01,174,1426626,卖盘
10:37:01,81.99,0.0,44,360746,买盘
10:37:05,81.99,0.0,2,16398,买盘
10:37:08,81.98,-0.01,19,155768,卖盘
10:37:10,81.99,0.01,116,951072,买盘
10:37:13,81.98,-0.01,220,1803560,卖盘
10:37:16,82.0,0.02,322,2640073,买盘
10:37:20,81.98,-0.02,35,286906,买盘
10:37:23,81.97,-0.01,15,122959,卖盘
10:37:24,81.98,0.01,23,188533,买盘
10:37:28,81.95,-0.03,238,1950499,卖盘
10:37:32,81.96,0.01,77,631053,买盘
10:37:35,81.98,0.02,15,122958,买盘
10:37:38,81.97,-0.01,356,2918695,卖盘
10:37:40,81.97,0.0,77,631136,买盘
10:37:43,81.97,0.0,24,196728,买盘
10:37:47,81.97,0.0,45,368883,卖盘
10:37:48,81.98,0.01,37,303412,中性盘
10:37:53,81.98,0.0,14,114777,卖盘
10:37:55,81.99,0.01,25,204969,卖盘
10:37:58,81.99,0.0,11,90192,卖盘
10:38:02,81.99,0.0,15,122987,卖盘
10:38:05,81.99,0.0,137,1123375,卖盘
10:38:08,81.99,0.0,7,57391,买盘
10:38:10,81.99,0.0,21,172179,买盘
10:38:14,81.98,-0.01,273,2238062,卖盘
10:38:17,81.98,0.0,62,508292,卖盘
10:38:19,81.99,0.01,40,327924,买盘
10:38:23,81.97,-0.02,13,106572,卖盘
10:38:25,81.98,0.01,20,163953,买盘
10:38:29,81.97,-0.01,112,918064,卖盘
10:38:32,81.96,-0.01,49,401652,卖盘
10:38:35,81.98,0.02,286,2344414,买盘
10:38:38,81.98,0.0,44,360693,买盘
10:38:41,81.97,-0.01,53,434416,买盘
10:38:44,81.96,-0.01,51,418036,卖盘
10:38:47,81.95,-0.01,26,213097,卖盘
10:38:50,81.96,0.01,51,417962,卖盘
10:38:53,81.97,0.01,13,106555,买盘
10:38:56,81.97,0.0,42,344241,买盘
10:38:59,81.96,-0.01,34,278684,卖盘
10:39:02,81.96,0.0,316,2590065,卖盘
10:39:03,81.97,0.01,49,401630,买盘
10:39:08,81.96,-0.01,18,147531,中性盘
10:39:11,81.96,0.0,65,532777,买盘
10:39:14,81.96,0.0,31,254091,卖盘
10:39:17,81.97,0.01,70,573736,买盘
10:39:20,81.97,0.0,42,344263,买盘
10:39:23,81.96,-0.01,35,286882,卖盘
10:39:25,81.97,0.01,13,106551,买盘
10:39:28,81.97,0.0,16,131142,买盘
10:39:32,81.96,-0.01,85,696717,卖盘
10:39:35,81.96,0.0,9,73764,买盘
10:39:38,81.97,0.01,55,450830,买盘
10:39:39,81.98,0.01,64,524620,买盘
10:39:43,81.97,-0.01,26,213099,中性盘
10:39:47,81.98,0.01,6,49188,买盘
10:39:48,81.97,-0.01,36,295092,卖盘
10:39:53,81.98,0.01,86,705025,买盘
10:39:56,81.97,-0.01,16,131164,卖盘
10:39:58,81.96,-0.01,121,991821,卖盘
10:40:02,81.97,0.01,8,65580,中性盘
10:40:05,82.0,0.03,508,4165490,买盘
10:40:08,81.97,-0.03,37,303347,卖盘
10:40:11,81.97,0.0,8,65578,卖盘
10:40:14,81.98,0.01,3,24592,买盘
10:40:17,81.97,-0.01,4,32790,卖盘
10:40:18,81.98,0.01,41,336101,买盘
10:40:23,81.99,0.01,214,1754544,买盘
10:40:24,81.98,-0.01,32,262319,中性盘
10:40:28,81.98,0.0,112,918155,买盘
10:40:32,81.98,0.0,246,2017021,卖盘
10:40:33,81.99,0.01,15,122981,中性盘
10:40:36,81.99,0.0,14,114785,卖盘
10:40:41,81.99,0.0,5,40994,买盘
10:40:44,82.0,0.01,96,787066,买盘
10:40:47,81.98,-0.02,20,163970,卖盘
10:40:50,81.98,0.0,32,262377,卖盘
10:40:53,82.0,0.02,47,385355,买盘
10:40:54,82.0,0.0,23,188593,买盘
10:41:00,81.99,-0.01,5,40995,卖盘
10:41:02,82.0,0.01,22,180386,买盘
10:41:05,82.0,0.0,6,49199,买盘
10:41:06,82.0,0.0,5,40997,买盘
10:41:10,81.99,-0.01,80,655936,卖盘
10:41:14,81.99,0.0,322,2640315,买盘
10:41:15,82.0,0.01,8,66256,卖盘
10:41:20,81.99,-0.01,49,401777,卖盘
10:41:23,82.0,0.01,9,73802,卖盘
10:41:24,82.0,0.0,7,57394,买盘
10:41:29,82.0,0.0,11,90191,买盘
10:41:30,82.0,0.0,55,450324,买盘
10:41:33,81.95,-0.05,201,1647455,卖盘
10:41:38,81.98,0.03,18,147513,买盘
10:41:41,81.98,0.0,42,344335,买盘
10:41:43,81.98,0.0,37,303329,卖盘
10:41:47,81.97,-0.01,9,73773,卖盘
10:41:48,81.98,0.01,13,106570,买盘
10:41:51,81.98,0.0,317,2594908,买盘
10:41:55,81.98,0.0,23,188529,买盘
10:41:59,81.96,-0.02,37,303239,卖盘
10:42:02,81.95,-0.01,22,182832,卖盘
10:42:03,81.95,0.0,14,114730,买盘
10:42:08,81.95,0.0,18,147496,买盘
10:42:11,81.94,-0.01,19,155704,卖盘
10:42:14,81.95,0.01,26,210521,买盘
10:42:17,81.96,0.01,76,622896,买盘
10:42:20,81.96,0.0,176,1442496,卖盘
10:42:23,81.97,0.01,32,262274,买盘
10:42:24,81.95,-0.02,17,139318,卖盘
10:42:29,81.96,0.01,13,106542,买盘
10:42:32,81.96,0.0,74,606502,买盘
10:42:35,81.96,0.0,16,131132,买盘
10:42:38,81.95,-0.01,21,172098,卖盘
10:42:39,81.94,-0.01,83,680184,卖盘
10:42:44,81.93,-0.01,213,1745341,卖盘
10:42:47,81.94,0.01,15,122905,中性盘
10:42:48,81.95,0.01,429,3514480,买盘
10:42:53,81.93,-0.02,4,32771,中性盘
10:42:54,81.95,0.02,286,2343787,买盘
10:42:58,81.96,0.01,135,1106446,买盘
10:43:02,81.96,0.0,15,122927,买盘
10:43:05,81.96,0.0,82,672072,买盘
10:43:06,81.97,0.01,17,139334,买盘
10:43:11,81.96,-0.01,127,1040893,卖盘
10:43:14,81.96,0.0,23,188509,卖盘
10:43:17,81.97,0.01,57,467225,买盘
10:43:20,81.96,-0.01,33,270488,卖盘
10:43:21,81.97,0.01,22,180323,买盘
10:43:26,81.97,0.0,77,631107,买盘
10:43:29,81.96,-0.01,38,311482,卖盘
10:43:32,81.97,0.01,70,573789,买盘
10:43:33,81.96,-0.01,78,639301,卖盘
10:43:38,81.96,0.0,35,286887,卖盘
10:43:41,81.97,0.01,61,500026,卖盘
10:43:44,81.97,0.0,21,172137,卖盘
10:43:47,81.97,0.0,12,98364,卖盘
10:43:50,81.98,0.01,8,65579,买盘
10:43:53,81.98,0.0,11,90172,买盘
10:43:56,81.97,-0.01,75,614842,卖盘
10:43:58,81.97,0.0,75,614831,卖盘
10:44:02,81.97,0.0,13,106566,卖盘
10:44:03,81.97,0.0,244,2000148,卖盘
10:44:08,82.0,0.03,396,3247055,买盘
10:44:11,82.0,0.0,140,1148002,卖盘
10:44:14,82.0,0.0,2,16400,卖盘
10:44:17,82.02,0.02,208,1705917,买盘
10:44:20,82.01,-0.01,26,213211,中性盘
10:44:21,82.02,0.01,37,303443,买盘
10:44:26,82.04,0.02,79,648018,买盘
10:44:28,82.02,-0.02,58,475748,卖盘
10:44:32,82.03,0.01,47,385515,卖盘
10:44:35,82.05,0.02,114,935334,买盘
10:44:38,82.06,0.01,142,1165045,买盘
10:44:41,82.03,-0.03,514,4218838,中性盘
10:44:44,82.06,0.03,17,139524,中性盘
10:44:46,82.05,-0.01,12,98466,卖盘
10:44:50,82.05,0.0,51,418527,卖盘
10:44:53,82.06,0.01,303,2487472,卖盘
10:44:56,82.11,0.05,143,1173866,买盘
10:44:58,82.07,-0.04,14,114937,中性盘
10:45:02,82.08,0.01,3,24624,中性盘
10:45:05,82.1,0.02,21,172386,买盘
10:45:08,82.08,-0.02,24,196998,卖盘
10:45:11,82.08,0.0,47,385780,卖盘
10:45:13,82.08,0.0,91,746928,买盘
10:45:17,82.07,-0.01,42,344709,卖盘
10:45:20,82.07,0.0,11,85519,卖盘
10:45:23,82.09,0.02,327,2688866,买盘
10:45:26,82.07,-0.02,109,894563,买盘
10:45:29,82.07,0.0,34,279035,买盘
10:45:32,82.06,-0.01,90,738579,卖盘
10:45:35,82.07,0.01,114,935588,买盘
10:45:36,82.06,-0.01,5,41028,中性盘
10:45:39,82.05,-0.01,6,49231,卖盘
10:45:44,82.05,0.0,46,377455,卖盘
10:45:47,82.05,0.0,381,3124372,买盘
10:45:50,82.04,-0.01,23,188662,中性盘
10:45:53,82.01,-0.03,158,1296006,卖盘
10:45:56,82.02,0.01,62,508474,中性盘
10:45:59,82.01,-0.01,376,3086044,卖盘
10:46:02,82.01,0.0,46,377215,买盘
10:46:05,82.02,0.01,77,631488,买盘
10:46:08,82.0,-0.02,32,262402,卖盘
10:46:11,82.0,0.0,11,90200,买盘
10:46:14,82.0,0.0,18,147590,买盘
10:46:17,82.0,0.0,145,1189008,买盘
10:46:20,81.99,-0.01,9,73794,卖盘
10:46:23,81.99,0.0,10,81997,卖盘
10:46:24,81.99,0.0,156,1279036,卖盘
10:46:29,81.98,-0.01,58,475530,卖盘
10:46:31,81.98,0.0,42,344291,买盘
10:46:35,81.97,-0.01,100,819745,卖盘
10:46:36,81.97,0.0,66,541006,卖盘
10:46:41,81.96,-0.01,28,229511,卖盘
10:46:44,81.95,-0.01,36,295025,卖盘
10:46:47,81.95,0.0,37,303273,卖盘
10:46:50,81.95,0.0,49,401559,卖盘
10:46:53,81.95,0.0,57,467116,买盘
10:46:56,81.95,0.0,35,286805,中性盘
10:46:58,81.96,0.01,63,516307,买盘
10:47:00,81.95,-0.01,96,786831,卖盘
10:47:06,81.96,0.01,84,688452,中性盘
10:47:08,81.95,-0.01,10,81952,卖盘
10:47:11,81.96,0.01,33,270468,买盘
10:47:14,81.95,-0.01,23,188483,卖盘
10:47:17,81.96,0.01,229,1876612,买盘
10:47:18,81.96,0.0,132,1081845,卖盘
10:47:21,81.95,-0.01,73,598188,卖盘
10:47:26,81.95,0.0,9,73750,买盘
10:47:28,81.93,-0.02,14,114709,卖盘
10:47:32,81.92,-0.01,78,638979,卖盘
10:47:33,81.92,0.0,53,434176,买盘
10:47:38,81.91,-0.01,10,81917,卖盘
10:47:41,81.92,0.01,28,229356,买盘
10:47:43,81.91,-0.01,330,2702820,卖盘
10:47:47,81.92,0.01,125,1023902,买盘
10:47:50,81.91,-0.01,72,589689,买盘
10:47:53,81.9,-0.01,68,556859,卖盘
10:47:56,81.9,0.0,23,188370,买盘
10:47:59,81.9,0.0,88,720722,卖盘
10:48:02,81.9,0.0,321,2628997,卖盘
10:48:03,81.89,-0.01,226,1848893,卖盘
10:48:08,81.9,0.01,69,565004,买盘
10:48:09,81.9,0.0,10,81899,买盘
10:48:13,81.86,-0.04,256,2100627,卖盘
10:48:17,81.87,0.01,2,16374,买盘
10:48:20,81.86,-0.01,40,327443,卖盘
10:48:23,81.85,-0.01,74,605758,卖盘
10:48:26,81.85,0.0,3,24557,卖盘
10:48:29,81.86,0.01,6,49115,买盘
10:48:32,81.86,0.0,23,188263,买盘
10:48:35,81.86,0.0,44,360183,买盘
10:48:38,81.86,0.0,1053,8616832,买盘
10:48:39,81.85,-0.01,33,270118,卖盘
10:48:44,81.85,0.0,53,433807,卖盘
10:48:47,81.8,-0.05,159,1300722,卖盘
10:48:50,81.8,0.0,68,556239,买盘
10:48:53,81.84,0.04,876,7165693,买盘
10:48:56,81.8,-0.04,212,1734160,卖盘
10:48:58,81.84,0.04,31,253608,买盘
10:49:00,81.84,0.0,5,40920,买盘
10:49:03,81.81,-0.03,84,687291,卖盘
10:49:08,81.81,0.0,67,548163,买盘
10:49:11,81.83,0.02,50,409035,买盘
10:49:14,81.81,-0.02,15,122713,卖盘
10:49:17,81.81,0.0,24,196344,买盘
10:49:20,81.83,0.02,178,1456258,买盘
10:49:21,81.81,-0.02,59,482688,卖盘
10:49:26,81.8,-0.01,60,490854,卖盘
10:49:29,81.81,0.01,43,351765,买盘
10:49:32,81.8,-0.01,200,1636195,卖盘
10:49:35,81.82,0.02,7,57275,卖盘
10:49:38,81.82,0.0,179,1464395,卖盘
10:49:39,81.81,-0.01,30,245439,卖盘
10:49:44,81.81,0.0,30,245430,卖盘
10:49:47,81.81,0.0,13,106356,卖盘
10:49:48,81.81,0.0,38,310865,买盘
10:49:53,81.81,0.0,21,171792,买盘
10:49:55,81.8,-0.01,64,523561,卖盘
10:49:58,81.81,0.01,20,163613,买盘
10:50:02,81.81,0.0,60,490859,买盘
10:50:05,81.8,-0.01,170,1390635,卖盘
10:50:08,81.79,-0.01,67,548049,卖盘
10:50:10,81.8,0.01,26,212680,买盘
10:50:14,81.79,-0.01,40,327161,卖盘
10:50:17,81.8,0.01,47,384424,买盘
10:50:20,81.8,0.0,58,474429,买盘
10:50:21,81.78,-0.02,501,4097341,卖盘
10:50:26,81.77,-0.01,32,261701,卖盘
10:50:29,81.79,0.02,28,229012,买盘
10:50:30,81.78,-0.01,17,139032,卖盘
10:50:33,81.78,0.0,233,1905205,卖盘
10:50:38,81.78,0.0,31,253515,买盘
10:50:41,81.78,0.0,2,16354,买盘
10:50:44,81.78,0.0,11,89958,买盘
10:50:47,81.78,0.0,82,670413,买盘
10:50:50,81.78,0.0,20,163556,买盘
10:50:53,81.75,-0.03,32,261636,卖盘
10:50:56,81.76,0.01,30,245265,买盘
10:50:59,81.76,0.0,7,57231,买盘
10:51:00,81.75,-0.01,4,32703,卖盘
10:51:03,81.75,0.0,48,392429,卖盘
10:51:08,81.75,0.0,27,220731,卖盘
10:51:11,81.75,0.0,47,384228,卖盘
10:51:13,81.75,0.0,37,302461,卖盘
10:51:17,81.75,0.0,75,613114,买盘
10:51:20,81.74,-0.01,17,138968,卖盘
10:51:23,81.75,0.01,72,588520,买盘
10:51:26,81.74,-0.01,12,98090,中性盘
10:51:29,81.73,-0.01,28,228858,卖盘
10:51:32,81.74,0.01,62,506841,卖盘
10:51:35,81.75,0.01,112,915595,买盘
10:51:38,81.74,-0.01,115,940103,卖盘
10:51:40,81.74,0.0,32,261567,买盘
10:51:44,81.75,0.01,34,277960,买盘
10:51:47,81.76,0.01,99,807053,买盘
10:51:50,81.74,-0.02,138,1130295,卖盘
10:51:53,81.74,0.0,36,294283,卖盘
10:51:56,81.74,0.0,121,989090,卖盘
10:51:59,81.74,0.0,67,547633,买盘
10:52:02,81.74,0.0,30,245219,买盘
10:52:05,81.73,-0.01,77,629321,卖盘
10:52:08,81.73,0.0,114,931768,买盘
10:52:10,81.76,0.03,125,1021668,买盘
10:52:13,81.73,-0.03,60,490385,中性盘
10:52:17,81.73,0.0,54,441321,买盘
10:52:20,81.74,0.01,68,555776,买盘
10:52:21,81.73,-0.01,480,3917784,卖盘
10:52:24,81.73,0.0,49,400487,买盘
10:52:29,81.73,0.0,57,465912,卖盘
10:52:32,81.74,0.01,132,1079046,买盘
10:52:33,81.75,0.01,42,343349,买盘
10:52:36,81.74,-0.01,335,2738444,卖盘
10:52:41,81.74,0.0,20,163478,买盘
10:52:44,81.75,0.01,50,408706,买盘
10:52:47,81.75,0.0,58,474155,卖盘
10:52:50,81.75,0.0,23,188027,卖盘
10:52:51,81.77,0.02,171,1397908,买盘
10:52:54,81.75,-0.02,38,310647,卖盘
10:52:58,81.75,0.0,13,106276,卖盘
10:53:01,81.75,0.0,22,179842,买盘
10:53:05,81.77,0.02,15,122638,买盘
10:53:08,81.74,-0.03,58,474152,卖盘
10:53:11,81.75,0.01,41,335161,买盘
10:53:14,81.76,0.01,60,490543,买盘
10:53:17,81.73,-0.03,143,1168862,卖盘
10:53:20,81.73,0.0,17,138941,买盘
10:53:23,81.72,-0.01,81,662162,卖盘
10:53:26,81.74,0.02,31,253382,买盘
10:53:29,81.75,0.01,14,114437,买盘
10:53:32,81.73,-0.02,66,539421,卖盘
10:53:35,81.74,0.01,42,343307,买盘
10:53:38,81.73,-0.01,28,228852,卖盘
10:53:41,81.74,0.01,17,138957,买盘
10:53:44,81.73,-0.01,86,702892,卖盘
10:53:46,81.73,0.0,58,474044,卖盘
10:53:48,81.73,0.0,155,1266757,买盘
10:53:53,81.72,-0.01,9,73555,卖盘
10:53:55,81.73,0.01,52,424994,买盘
10:53:59,81.72,-0.01,245,2002162,卖盘
10:54:02,81.71,-0.01,89,727250,卖盘
10:54:05,81.72,0.01,84,686384,买盘
10:54:08,81.71,-0.01,87,710938,卖盘
10:54:11,81.72,0.01,100,817114,中性盘
10:54:13,81.72,0.0,60,490325,卖盘
10:54:17,81.7,-0.02,498,4068806,卖盘
10:54:18,81.71,0.01,60,490241,中性盘
10:54:23,81.7,-0.01,125,1021453,卖盘
10:54:26,81.68,-0.02,149,1217127,卖盘
10:54:29,81.67,-0.01,194,1584553,卖盘
10:54:32,81.69,0.02,112,914908,买盘
10:54:35,81.69,0.0,127,1037452,买盘
10:54:38,81.69,0.0,53,432984,卖盘
10:54:41,81.67,-0.02,57,465570,卖盘
10:54:44,81.68,0.01,12,98026,中性盘
10:54:47,81.69,0.01,31,253204,买盘
10:54:50,81.69,0.0,46,375711,买盘
10:54:53,81.68,-0.01,5,40840,卖盘
10:54:56,81.65,-0.03,627,5120041,卖盘
10:54:58,81.66,0.01,17,138834,中性盘
10:55:02,81.66,0.0,12,97999,中性盘
10:55:05,81.65,-0.01,37,302130,卖盘
10:55:08,81.66,0.01,149,1216782,买盘
10:55:11,81.64,-0.02,49,400095,卖盘
10:55:14,81.65,0.01,10,81650,买盘
10:55:16,81.65,0.0,44,359253,买盘
10:55:20,81.64,-0.01,25,204109,卖盘
10:55:23,81.65,0.01,91,742972,买盘
10:55:26,81.64,-0.01,61,498030,卖盘
10:55:29,81.67,0.03,173,1412458,买盘
10:55:32,81.65,-0.02,153,1249347,卖盘
10:55:35,81.67,0.02,67,547105,买盘
10:55:36,81.67,0.0,65,530830,买盘
10:55:41,81.67,0.0,41,334847,买盘
10:55:44,81.66,-0.01,320,2612652,卖盘
10:55:46,81.68,0.02,36,294015,买盘
10:55:48,81.68,0.0,107,873866,买盘
10:55:51,81.69,0.01,75,612670,买盘
10:55:56,81.71,0.02,227,1854593,买盘
10:55:59,81.7,-0.01,108,882475,卖盘
10:56:02,81.71,0.01,95,776253,卖盘
10:56:05,81.68,-0.03,28,228763,卖盘
10:56:08,81.71,0.03,62,506639,买盘
10:56:09,81.71,0.0,66,539175,卖盘
10:56:14,81.72,0.01,20,163434,买盘
10:56:17,81.72,0.0,7,57198,买盘
10:56:20,81.7,-0.02,42,343206,卖盘
10:56:21,81.72,0.02,179,1462692,买盘
10:56:24,81.72,0.0,18,147096,卖盘
10:56:29,81.7,-0.02,16,130740,卖盘
10:56:32,81.71,0.01,10,81710,买盘
10:56:35,81.72,0.01,95,776306,买盘
10:56:38,81.71,-0.01,16,130732,买盘
10:56:39,81.71,0.0,14,114395,卖盘
10:56:44,81.72,0.01,20,163430,买盘
10:56:47,81.73,0.01,115,939788,买盘
10:56:48,81.71,-0.02,32,262878,卖盘
10:56:51,81.72,0.01,12,98066,卖盘
10:56:56,81.72,0.0,46,375953,卖盘
10:56:59,81.71,-0.01,112,915292,卖盘
10:57:00,81.73,0.02,37,302398,买盘
10:57:05,81.73,0.0,10,81725,买盘
10:57:06,81.73,0.0,100,820542,买盘
10:57:11,81.71,-0.02,45,367712,卖盘
10:57:14,81.73,0.02,83,678357,买盘
10:57:17,81.73,0.0,73,596648,卖盘
10:57:20,81.73,0.0,42,343253,卖盘
10:57:23,81.74,0.01,61,498559,买盘
10:57:26,81.73,-0.01,77,629347,卖盘
10:57:29,81.73,0.0,25,204330,卖盘
10:57:32,81.73,0.0,20,163461,卖盘
10:57:35,81.73,0.0,354,2893798,卖盘
10:57:38,81.74,0.01,34,277914,卖盘
10:57:41,81.75,0.01,23,188019,买盘
10:57:44,81.73,-0.02,57,465928,卖盘
10:57:46,81.74,0.01,20,163480,买盘
10:57:50,81.75,0.01,103,841987,买盘
10:57:53,81.76,0.01,5,40879,买盘
10:57:56,81.75,-0.01,2,16351,卖盘
10:57:59,81.76,0.01,52,425102,买盘
10:58:02,81.76,0.0,59,482341,买盘
10:58:05,81.75,-0.01,57,465998,卖盘
10:58:08,81.75,0.0,28,228888,买盘
10:58:11,81.75,0.0,26,212550,买盘
10:58:17,81.75,0.0,26,212549,买盘
10:58:18,81.74,-0.01,11,89923,卖盘
10:58:23,81.75,0.01,35,286110,卖盘
10:58:26,81.75,0.0,45,367891,卖盘
10:58:28,81.75,0.0,7,57227,卖盘
10:58:30,81.75,0.0,9,73582,卖盘
10:58:35,81.76,0.01,82,670407,买盘
10:58:38,81.75,-0.01,10,81754,卖盘
10:58:41,81.76,0.01,13,106288,买盘
10:58:44,81.75,-0.01,82,670381,卖盘
10:58:47,81.76,0.01,66,539564,买盘
10:58:50,81.75,-0.01,64,523192,卖盘
10:58:51,81.74,-0.01,31,253424,卖盘
10:58:55,81.75,0.01,21,171675,买盘
10:58:58,81.74,-0.01,60,490477,卖盘
10:59:00,81.74,0.0,31,253398,卖盘
10:59:05,81.75,0.01,169,1381492,买盘
10:59:08,81.75,0.0,52,425097,买盘
10:59:11,81.74,-0.01,27,220714,卖盘
10:59:14,81.74,0.0,114,931949,卖盘
10:59:17,81.75,0.01,51,416884,买盘
10:59:20,81.74,-0.01,40,326960,卖盘
10:59:23,81.74,0.0,360,2942243,卖盘
10:59:26,81.72,-0.02,31,253384,卖盘
10:59:29,81.72,0.0,2,16344,买盘
10:59:32,81.72,0.0,13,106234,买盘
10:59:35,81.73,0.01,57,465814,买盘
10:59:38,81.73,0.0,12,98063,买盘
10:59:40,81.7,-0.03,96,784369,卖盘
10:59:43,81.72,0.02,19,155270,中性盘
10:59:47,81.72,0.0,7,57202,买盘
10:59:48,81.7,-0.02,318,2599216,卖盘
10:59:53,81.74,0.04,42,343261,买盘
10:59:56,81.73,-0.01,319,2606059,卖盘
10:59:59,81.73,0.0,29,237022,卖盘
11:00:02,81.73,0.0,2,15365,中性盘
11:00:05,81.73,0.0,17,139920,卖盘
11:00:08,81.71,-0.02,11,89891,卖盘
11:00:10,81.73,0.02,11,89903,买盘
11:00:14,81.73,0.0,6,49037,买盘
11:00:17,81.73,0.0,92,750927,买盘
11:00:18,81.73,0.0,30,245191,卖盘
11:00:23,81.74,0.01,62,506732,买盘
11:00:26,81.73,-0.01,21,171653,卖盘
11:00:29,81.73,0.0,13,106260,卖盘
11:00:32,81.74,0.01,8,65389,买盘
11:00:35,81.75,0.01,45,367844,买盘
11:00:38,81.73,-0.02,17,138950,卖盘
11:00:41,81.74,0.01,53,433167,卖盘
11:00:44,81.73,-0.01,11,89911,卖盘
11:00:47,81.73,0.0,4,32692,买盘
11:00:48,81.74,0.01,43,351446,买盘
11:00:51,81.72,-0.02,5,40863,卖盘
11:00:56,81.73,0.01,9,73553,买盘
11:00:59,81.73,0.0,2,16345,买盘
11:01:02,81.73,0.0,69,563915,买盘
11:01:05,81.73,0.0,76,622155,卖盘
11:01:08,81.73,0.0,22,179803,买盘
11:01:11,81.74,0.01,82,669003,买盘
11:01:14,81.73,-0.01,16,130776,卖盘
11:01:17,81.73,0.0,10,81732,卖盘
11:01:18,81.75,0.02,67,547717,买盘
11:01:23,81.72,-0.03,98,802098,卖盘
11:01:24,81.73,0.01,4,32692,买盘
11:01:28,81.73,0.0,34,277882,买盘
11:01:30,81.72,-0.01,55,449506,卖盘
11:01:35,81.74,0.02,284,2319754,买盘
11:01:36,81.73,-0.01,7,57213,买盘
11:01:41,81.71,-0.02,102,834674,卖盘
11:01:44,81.73,0.02,1,8173,中性盘
11:01:47,81.73,0.0,20,163447,买盘
11:01:48,81.72,-0.01,34,277856,买盘
11:01:51,81.73,0.01,34,277854,买盘
11:01:54,81.72,-0.01,13,106242,卖盘
11:01:59,81.74,0.02,192,1569096,买盘
11:02:01,81.74,0.0,16,130772,买盘
11:02:05,81.74,0.0,4,32694,买盘
11:02:08,81.74,0.0,40,326955,买盘
11:02:11,81.73,-0.01,14,114431,卖盘
11:02:14,81.74,0.01,20,163469,买盘
11:02:17,81.74,0.0,17,138958,买盘
11:02:18,81.74,0.0,43,351470,买盘
11:02:23,81.74,0.0,2,16348,买盘
11:02:24,81.74,0.0,13,106259,买盘
11:02:28,81.74,0.0,19,147945,买盘
11:02:32,81.74,0.0,11,89910,买盘
11:02:35,81.74,0.0,88,719279,买盘
11:02:38,81.73,-0.01,19,155299,卖盘
11:02:41,81.75,0.02,104,850196,买盘
11:02:44,81.76,0.01,38,315020,卖盘
11:02:47,81.77,0.01,67,547796,买盘
11:02:50,81.77,0.0,36,294308,买盘
11:02:53,81.79,0.02,45,368013,买盘
11:02:54,81.8,0.01,46,376261,买盘
11:02:59,81.81,0.01,34,278118,买盘
11:03:02,81.8,-0.01,6,49085,中性盘
11:03:05,81.83,0.03,41,335466,买盘
11:03:08,81.83,0.0,13,106376,买盘
11:03:11,81.82,-0.01,85,695510,卖盘
11:03:13,81.83,0.01,31,253672,买盘
11:03:17,81.84,0.01,15,122754,买盘
11:03:20,81.83,-0.01,74,605562,卖盘
11:03:23,81.83,0.0,44,360084,买盘
11:03:26,81.83,0.0,39,319155,买盘
11:03:29,81.84,0.01,81,662806,买盘
11:03:32,81.84,0.0,14,114576,买盘
11:03:33,81.85,0.01,62,507446,买盘
11:03:38,81.85,0.0,36,295311,买盘
11:03:41,81.86,0.01,9,73669,买盘
11:03:44,81.86,0.0,11,90044,买盘
11:03:47,81.85,-0.01,65,532086,卖盘
11:03:50,81.86,0.01,22,180087,买盘
11:03:51,81.87,0.01,12,98242,中性盘
11:03:56,81.88,0.01,11,90068,买盘
11:03:59,81.87,-0.01,22,180124,卖盘
11:04:02,81.88,0.01,29,235234,买盘
11:04:05,81.89,0.01,71,583558,买盘
11:04:08,81.89,0.0,74,605918,买盘
11:04:10,81.88,-0.01,4,32753,卖盘
11:04:14,81.85,-0.03,249,2038588,卖盘
11:04:17,81.89,0.04,141,1152437,买盘
11:04:19,81.89,0.0,100,818908,卖盘
11:04:23,81.89,0.0,25,204728,卖盘
11:04:26,81.89,0.0,1,8189,卖盘
11:04:29,81.89,0.0,174,1426677,卖盘
11:04:32,81.89,0.0,2,16378,买盘
11:04:35,81.89,0.0,54,442205,买盘
11:04:38,81.89,0.0,40,327547,买盘
11:04:41,81.88,-0.01,25,204709,卖盘
11:04:44,81.88,0.0,9,73691,买盘
11:04:47,81.88,0.0,16,130989,买盘
11:04:49,81.88,0.0,14,114628,买盘
11:04:53,81.88,0.0,10,81880,买盘
11:04:54,81.87,-0.01,86,704084,卖盘
11:04:59,81.86,-0.01,18,147364,卖盘
11:05:02,81.88,0.02,164,1342825,买盘
11:05:05,81.87,-0.01,36,294758,卖盘
11:05:06,81.87,0.0,50,409307,买盘
11:05:11,81.87,0.0,15,122802,买盘
11:05:14,81.87,0.0,28,229236,买盘
11:05:16,81.85,-0.02,228,1865559,卖盘
11:05:20,81.85,0.0,20,163694,买盘
11:05:23,81.85,0.0,34,278276,买盘
11:05:26,81.84,-0.01,18,147326,卖盘
11:05:29,81.84,0.0,15,122758,买盘
11:05:32,81.84,0.0,25,204593,买盘
11:05:35,81.84,0.0,48,392818,买盘
11:05:38,81.83,-0.01,12,98196,买盘
11:05:40,81.83,0.0,11,90011,买盘
11:05:44,81.81,-0.02,51,417265,卖盘
11:05:47,81.82,0.01,50,409139,中性盘
11:05:50,81.8,-0.02,75,613565,卖盘
11:05:53,81.8,0.0,16,130384,买盘
11:05:54,81.8,0.0,16,130878,买盘
11:05:58,81.79,-0.01,5,40899,中性盘
11:06:02,81.8,0.01,18,147214,买盘
11:06:05,81.79,-0.01,16,130864,买盘
11:06:08,81.73,-0.06,191,1565256,卖盘
11:06:11,81.79,0.06,56,453918,买盘
11:06:14,81.79,0.0,11,89965,买盘
11:06:17,81.77,-0.02,30,245295,卖盘
11:06:18,81.77,0.0,32,261631,买盘
11:06:23,81.77,0.0,13,106301,买盘
11:06:26,81.76,-0.01,20,163530,卖盘
11:06:29,81.77,0.01,33,271617,买盘
11:06:32,81.77,0.0,14,114476,买盘
11:06:35,81.77,0.0,69,564206,买盘
11:06:38,81.77,0.0,51,416991,买盘
11:06:41,81.77,0.0,41,335254,买盘
11:06:43,81.77,0.0,12,98121,买盘
11:06:47,81.77,0.0,54,439351,买盘
11:06:50,81.77,0.0,37,302542,买盘
11:06:53,81.78,0.01,78,637811,买盘
11:06:56,81.76,-0.02,422,3449348,卖盘
11:06:59,81.78,0.02,23,185065,买盘
11:07:02,81.76,-0.02,40,330128,卖盘
11:07:05,81.76,0.0,5,40880,买盘
11:07:08,81.76,0.0,13,106285,买盘
11:07:11,81.77,0.01,27,220763,买盘
11:07:13,81.77,0.0,11,87570,买盘
11:07:17,81.76,-0.01,81,662274,卖盘
11:07:18,81.76,0.0,21,171710,卖盘
11:07:23,81.76,0.0,17,139002,卖盘
11:07:26,81.76,0.0,28,228990,卖盘
11:07:29,81.79,0.03,19,155391,买盘
11:07:31,81.79,0.0,70,572546,买盘
11:07:35,81.78,-0.01,8,65426,卖盘
11:07:38,81.8,0.02,4,32720,卖盘
11:07:41,81.8,0.0,24,196331,卖盘
11:07:44,81.79,-0.01,37,302663,卖盘
11:07:47,81.79,0.0,213,1741490,卖盘
11:07:50,81.78,-0.01,3,24536,中性盘
11:07:53,81.79,0.01,4,32715,买盘
11:07:56,81.79,0.0,9,73610,买盘
11:07:59,81.79,0.0,17,139036,买盘
11:08:02,81.78,-0.01,25,204459,卖盘
11:08:05,81.78,0.0,22,185225,买盘
11:08:08,81.78,0.0,48,392534,买盘
11:08:11,81.78,0.0,4,32712,买盘
11:08:14,81.78,0.0,24,196271,买盘
11:08:17,81.76,-0.02,23,188048,卖盘
11:08:20,81.76,0.0,13,106283,买盘
11:08:23,81.76,0.0,2,16352,买盘
11:08:26,81.76,0.0,8,65408,买盘
11:08:29,81.75,-0.01,12,98100,卖盘
11:08:30,81.75,0.0,9,73575,买盘
11:08:33,81.74,-0.01,15,122613,卖盘
11:08:38,81.75,0.01,88,719458,买盘
11:08:41,81.78,0.03,225,1839496,买盘
11:08:43,81.77,-0.01,28,228960,卖盘
11:08:47,81.78,0.01,9,73602,买盘
11:08:50,81.78,0.0,29,237160,买盘
11:08:53,81.77,-0.01,49,400679,卖盘
11:08:56,81.78,0.01,9,73600,买盘
11:08:58,81.78,0.0,53,433426,买盘
11:09:02,81.78,0.0,95,776852,买盘
11:09:05,81.78,0.0,19,155382,买盘
11:09:08,81.79,0.01,89,727908,买盘
11:09:11,81.78,-0.01,20,163572,卖盘
11:09:14,81.78,0.0,82,670559,卖盘
11:09:17,81.79,0.01,11,89969,买盘
11:09:20,81.77,-0.02,27,220792,卖盘
11:09:22,81.78,0.01,33,269894,买盘
11:09:26,81.79,0.01,11,89968,买盘
11:09:29,81.78,-0.01,21,171739,卖盘
11:09:32,81.78,0.0,9,73610,卖盘
11:09:35,81.78,0.0,9,73602,卖盘
11:09:38,81.79,0.01,88,719734,买盘
11:09:41,81.8,0.01,151,1235160,买盘
11:09:44,81.8,0.0,14,114517,买盘
11:09:50,81.8,0.0,47,384502,卖盘
11:09:53,81.81,0.01,31,253611,买盘
11:09:56,81.82,0.01,45,368187,买盘
11:09:59,81.83,0.01,78,638210,买盘
11:10:02,81.84,0.01,49,401010,买盘
11:10:05,81.84,0.0,32,261860,买盘
11:10:08,81.84,0.0,22,180031,买盘
11:10:11,81.84,0.0,41,335521,买盘
11:10:14,81.84,0.0,281,2299981,买盘
11:10:17,81.84,0.0,285,2332629,卖盘
11:10:20,81.86,0.02,75,614536,买盘
11:10:23,81.87,0.01,28,229229,买盘
11:10:26,81.87,0.0,12,98244,买盘
11:10:29,81.88,0.01,56,458559,买盘
11:10:32,81.87,-0.01,11,90060,中性盘
11:10:35,81.86,-0.01,103,843160,卖盘
11:10:38,81.86,0.0,53,433855,买盘
11:10:41,81.86,0.0,45,368447,买盘
11:10:44,81.86,0.0,19,155534,卖盘
11:10:46,81.88,0.02,10,81878,买盘
11:10:50,81.88,0.0,44,360268,买盘
11:10:51,81.88,0.0,136,1113449,买盘
11:10:56,81.89,0.01,17,139212,买盘
11:10:59,81.89,0.0,42,343901,买盘
11:11:02,81.88,-0.01,72,589538,卖盘
11:11:05,81.88,0.0,16,131022,卖盘
11:11:08,81.89,0.01,11,90076,买盘
11:11:11,81.89,0.0,30,245670,买盘
11:11:14,81.89,0.0,15,122835,买盘
11:11:16,81.88,-0.01,149,1220022,卖盘
11:11:20,81.89,0.01,58,474913,买盘
11:11:23,81.88,-0.01,51,417627,卖盘
11:11:26,81.89,0.01,21,171959,买盘
11:11:29,81.89,0.0,111,908908,买盘
11:11:30,81.88,-0.01,137,1121767,卖盘
11:11:35,81.88,0.0,38,311144,买盘
11:11:38,81.86,-0.02,98,802312,卖盘
11:11:41,81.86,0.0,10,81860,买盘
11:11:44,81.85,-0.01,14,114599,卖盘
11:11:45,81.86,0.01,29,237393,买盘
11:11:50,81.86,0.0,38,311031,买盘
11:11:53,81.85,-0.01,34,278322,卖盘
11:11:56,81.86,0.01,45,368360,买盘
11:11:59,81.87,0.01,13,106419,买盘
11:12:00,81.86,-0.01,24,196476,卖盘
11:12:03,81.86,0.0,28,229208,卖盘
11:12:06,81.87,0.01,70,573025,买盘
11:12:10,81.86,-0.01,17,139169,卖盘
11:12:14,81.86,0.0,34,278335,卖盘
11:12:17,81.86,0.0,103,843150,买盘
11:12:20,81.86,0.0,24,196458,卖盘
11:12:23,81.85,-0.01,12,98220,卖盘
11:12:26,81.85,0.0,27,221003,卖盘
11:12:28,81.85,0.0,16,130960,买盘
11:12:32,81.85,0.0,6,49110,买盘
11:12:35,81.85,0.0,16,130945,买盘
11:12:38,81.85,0.0,70,572942,买盘
11:12:41,81.84,-0.01,11,90028,卖盘
11:12:44,81.85,0.01,52,425579,买盘
11:12:47,81.84,-0.01,7,57287,中性盘
11:12:50,81.83,-0.01,85,695567,卖盘
11:12:53,81.82,-0.01,67,548196,卖盘
11:12:56,81.82,0.0,14,114557,卖盘
11:12:59,81.82,0.0,12,98195,卖盘
11:13:00,81.82,0.0,19,155467,卖盘
11:13:05,81.82,0.0,26,212730,卖盘
11:13:08,81.82,0.0,9,73636,买盘
11:13:11,81.83,0.01,15,122739,买盘
11:13:14,81.81,-0.02,64,523594,卖盘
11:13:15,81.83,0.02,8,65462,买盘
11:13:20,81.81,-0.02,24,196355,卖盘
11:13:23,81.82,0.01,4,32728,买盘
11:13:25,81.82,0.0,22,179986,买盘
11:13:29,81.82,0.0,104,850846,买盘
11:13:32,81.8,-0.02,257,2102474,卖盘
11:13:35,81.8,0.0,38,310840,买盘
11:13:38,81.78,-0.02,71,580751,卖盘
11:13:41,81.81,0.03,24,189613,买盘
11:13:44,81.8,-0.01,8,65439,卖盘
11:13:47,81.8,0.0,32,261760,卖盘
11:13:48,81.8,0.0,55,449900,买盘
11:13:53,81.8,0.0,8,65440,买盘
11:13:55,81.79,-0.01,104,857404,卖盘
11:13:59,81.8,0.01,14,114509,买盘
11:14:00,81.79,-0.01,24,196299,中性盘
11:14:05,81.8,0.01,3,24538,买盘
11:14:06,81.79,-0.01,88,719767,卖盘
11:14:11,81.79,0.0,9,73613,卖盘
11:14:14,81.79,0.0,24,196303,卖盘
11:14:17,81.79,0.0,16,130869,卖盘
11:14:18,81.79,0.0,41,335356,卖盘
11:14:21,81.79,0.0,13,106336,卖盘
11:14:26,81.79,0.0,15,122687,卖盘
11:14:29,81.79,0.0,2,16358,买盘
11:14:32,81.79,0.0,18,147217,买盘
11:14:33,81.79,0.0,7,57253,买盘
11:14:38,81.78,-0.01,62,507076,卖盘
11:14:40,81.79,0.01,11,89968,买盘
11:14:44,81.79,0.0,63,515276,买盘
11:14:47,81.78,-0.01,41,335307,卖盘
11:14:49,81.79,0.01,10,81790,买盘
11:14:51,81.79,0.0,34,278078,买盘
11:14:54,81.78,-0.01,12,98145,卖盘
11:14:59,81.78,0.0,31,253535,卖盘
11:15:02,81.78,0.0,37,302613,卖盘
11:15:05,81.78,0.0,111,907762,卖盘
11:15:08,81.79,0.01,14,114503,买盘
11:15:10,81.78,-0.01,64,523445,卖盘
11:15:13,81.79,0.01,10,81782,买盘
11:15:17,81.8,0.01,53,426832,买盘
11:15:20,81.81,0.01,14,114525,买盘
11:15:23,81.81,0.0,5,40905,卖盘
11:15:26,81.79,-0.02,90,736207,卖盘
11:15:29,81.81,0.02,8,65448,中性盘
11:15:32,81.8,-0.01,8,65440,卖盘
11:15:33,81.79,-0.01,8,65435,卖盘
11:15:36,81.8,0.01,77,629889,中性盘
11:15:41,81.8,0.0,11,89986,卖盘
11:15:44,81.79,-0.01,39,319023,卖盘
11:15:47,81.8,0.01,14,114520,卖盘
11:15:50,81.8,0.0,9,73620,买盘
11:15:53,81.8,0.0,76,621680,买盘
11:15:54,81.81,0.01,16,130886,买盘
11:15:59,81.8,-0.01,146,1194400,卖盘
11:16:02,81.79,-0.01,101,826183,卖盘
11:16:05,81.8,0.01,39,319016,买盘
11:16:08,81.8,0.0,21,171792,买盘
11:16:11,81.8,0.0,22,179965,卖盘
11:16:14,81.8,0.0,2,16360,卖盘
11:16:17,81.81,0.01,28,229047,买盘
11:16:20,81.8,-0.01,21,171788,卖盘
11:16:23,81.8,0.0,73,597136,卖盘
11:16:26,81.8,0.0,40,327200,买盘
11:16:29,81.8,0.0,15,122692,买盘
11:16:32,81.8,0.0,102,834316,买盘
11:16:35,81.8,0.0,4,32720,卖盘
11:16:38,81.8,0.0,55,449897,买盘
11:16:41,81.79,-0.01,20,163598,卖盘
11:16:44,81.79,0.0,20,163589,卖盘
11:16:47,81.8,0.01,63,515339,买盘
11:16:50,81.8,0.0,52,425360,买盘
11:16:53,81.79,-0.01,84,693760,卖盘
11:16:54,81.8,0.01,65,531657,买盘
11:16:59,81.79,-0.01,3,24536,买盘
11:17:02,81.79,0.0,2,16358,买盘
11:17:04,81.79,0.0,70,572530,买盘
11:17:08,81.79,0.0,42,343516,买盘
11:17:11,81.78,-0.01,88,719665,卖盘
11:17:14,81.79,0.01,105,858828,买盘
11:17:17,81.78,-0.01,34,278055,卖盘
11:17:20,81.79,0.01,28,228990,买盘
11:17:23,81.79,0.0,7,57258,卖盘
11:17:26,81.79,0.0,24,196294,卖盘
11:17:29,81.79,0.0,10,81784,买盘
11:17:30,81.79,0.0,17,139043,买盘
11:17:33,81.79,0.0,1,8179,买盘
11:17:38,81.78,-0.01,74,605213,卖盘
11:17:41,81.79,0.01,3,24537,买盘
11:17:44,81.79,0.0,20,163572,买盘
11:17:47,81.78,-0.01,13,106316,卖盘
11:17:50,81.79,0.01,11,89963,买盘
11:17:53,81.78,-0.01,204,1668312,卖盘
11:17:56,81.78,0.0,12,98135,买盘
11:17:59,81.77,-0.01,14,114497,卖盘
11:18:02,81.77,0.0,14,114478,卖盘
11:18:05,81.77,0.0,4,32711,卖盘
11:18:08,81.78,0.01,31,253513,买盘
11:18:10,81.78,0.0,13,106314,买盘
11:18:14,81.77,-0.01,105,858586,卖盘
11:18:16,81.77,0.0,138,1128532,卖盘
11:18:20,81.75,-0.02,369,3016865,卖盘
11:18:22,81.75,0.0,35,286125,买盘
11:18:25,81.76,0.01,118,964656,买盘
11:18:29,81.74,-0.02,48,392416,卖盘
11:18:32,81.75,0.01,57,465933,卖盘
11:18:35,81.75,0.0,15,122639,中性盘
11:18:37,81.73,-0.02,82,670342,卖盘
11:18:40,81.74,0.01,40,326980,中性盘
11:18:43,81.74,0.0,39,318823,卖盘
11:18:47,81.75,0.01,9,73575,买盘
11:18:48,81.74,-0.01,16,130784,卖盘
11:18:52,81.73,-0.01,38,310574,卖盘
11:18:54,81.74,0.01,51,416874,买盘
11:18:59,81.73,-0.01,12,98082,卖盘
11:19:02,81.74,0.01,66,539432,买盘
11:19:04,81.74,0.0,3,24521,买盘
11:19:06,81.73,-0.01,54,441366,卖盘
11:19:10,81.73,0.0,16,130781,卖盘
11:19:13,81.73,0.0,25,204335,卖盘
11:19:17,81.7,-0.03,2664,21763045,卖盘
11:19:18,81.7,0.0,48,392153,买盘
11:19:22,81.7,0.0,3,24510,买盘
11:19:26,81.7,0.0,40,326780,买盘
11:19:29,81.7,0.0,16,130715,买盘
11:19:32,81.69,-0.01,33,269601,卖盘
11:19:35,81.7,0.01,16,130720,买盘
11:19:36,81.7,0.0,73,596387,买盘
11:19:40,81.69,-0.01,115,939479,卖盘
11:19:44,81.69,0.0,436,3564838,卖盘
11:19:46,81.69,0.0,75,609254,买盘
11:19:48,81.69,0.0,14,117801,卖盘
11:19:52,81.68,-0.01,19,155193,卖盘
11:19:55,81.69,0.01,15,122526,买盘
11:19:59,81.69,0.0,32,261382,买盘
11:20:01,81.69,0.0,6,49014,卖盘
11:20:05,81.68,-0.01,33,269576,卖盘
11:20:06,81.7,0.02,704,5751597,买盘
11:20:11,81.67,-0.03,160,1306916,卖盘
11:20:12,81.69,0.02,55,449246,卖盘
11:20:17,81.66,-0.03,108,882088,卖盘
11:20:19,81.69,0.03,55,449261,买盘
11:20:22,81.69,0.0,24,196056,买盘
11:20:26,81.68,-0.01,95,775966,卖盘
11:20:29,81.69,0.01,36,294066,买盘
11:20:31,81.69,0.0,58,473810,卖盘
11:20:33,81.69,0.0,17,138873,卖盘
11:20:38,81.7,0.01,34,277747,买盘
11:20:40,81.7,0.0,64,522879,买盘
11:20:44,81.7,0.0,19,155228,买盘
11:20:46,81.71,0.01,616,5028439,买盘
11:20:50,81.7,-0.01,8,65360,卖盘
11:20:52,81.71,0.01,10,81712,卖盘
11:20:54,81.74,0.03,12,98080,买盘
11:20:59,81.72,-0.02,40,326883,卖盘
11:21:01,81.74,0.02,24,196180,买盘
11:21:05,81.73,-0.01,41,335128,卖盘
11:21:08,81.75,0.02,36,294224,买盘
11:21:11,81.74,-0.01,7,57218,买盘
11:21:13,81.73,-0.01,27,220707,卖盘
11:21:17,81.75,0.02,25,204365,买盘
11:21:19,81.76,0.01,46,376044,买盘
11:21:22,81.76,0.0,26,212575,买盘
11:21:26,81.75,-0.01,91,743964,卖盘
11:21:28,81.74,-0.01,31,253439,卖盘
11:21:31,81.76,0.02,51,416914,买盘
11:21:35,81.77,0.01,51,417050,买盘
11:21:38,81.76,-0.01,21,171708,卖盘
11:21:41,81.77,0.01,47,384311,买盘
11:21:43,81.76,-0.01,123,1005718,中性盘
11:21:47,81.76,0.0,10,81758,买盘
11:21:49,81.76,0.0,98,801227,买盘
11:21:51,81.75,-0.01,39,318830,卖盘
11:21:54,81.75,0.0,222,1814883,卖盘
11:21:59,81.76,0.01,1901,15542518,买盘
11:22:02,81.77,0.01,20,163540,买盘
11:22:04,81.78,0.01,123,1005627,买盘
11:22:08,81.77,-0.01,29,237149,卖盘
11:22:09,81.78,0.01,42,343473,买盘
11:22:13,81.77,-0.01,74,605170,卖盘
11:22:16,81.77,0.0,8,65422,卖盘
11:22:19,81.78,0.01,45,368006,买盘
11:22:22,81.78,0.0,10,81780,买盘
11:22:26,81.78,0.0,42,343462,买盘
11:22:28,81.78,0.0,20,163554,买盘
11:22:32,81.77,-0.01,7,57244,卖盘
11:22:34,81.78,0.01,188,1537341,买盘
11:22:38,81.76,-0.02,28,228967,卖盘
11:22:40,81.79,0.03,47,384375,买盘
11:22:44,81.77,-0.02,84,686954,卖盘
11:22:47,81.76,-0.01,43,351578,卖盘
11:22:49,81.78,0.02,32,261691,买盘
11:22:52,81.79,0.01,69,564349,买盘
11:22:56,81.79,0.0,11,89963,买盘
11:22:59,81.77,-0.02,131,1071307,卖盘
11:23:01,81.79,0.02,9,73611,买盘
11:23:05,81.79,0.0,222,1815176,买盘
11:23:08,81.81,0.02,135,1104255,买盘
11:23:10,81.81,0.0,15,122709,买盘
11:23:13,81.81,0.0,59,482732,中性盘
11:23:16,81.82,0.01,13,106365,买盘
11:23:19,81.82,0.0,28,229072,卖盘
11:23:22,81.81,-0.01,30,245487,卖盘
11:23:25,81.82,0.01,20,163677,卖盘
11:23:28,81.81,-0.01,45,368269,卖盘
11:23:31,81.84,0.03,145,1186670,买盘
11:23:34,81.84,0.0,7,57286,买盘
11:23:37,81.85,0.01,26,212787,买盘
11:23:40,81.84,-0.01,138,1129204,买盘
11:23:43,81.82,-0.02,21,171865,卖盘
11:23:46,81.82,0.0,18,147288,卖盘
11:23:49,81.84,0.02,8,65467,买盘
11:23:52,81.84,0.0,2,16368,买盘
11:23:55,81.84,0.0,3,24552,买盘
11:23:58,81.84,0.0,9,73654,买盘
11:24:01,81.83,-0.01,85,695653,卖盘
11:24:04,81.83,0.0,42,343678,买盘
11:24:08,81.85,0.02,5,40917,买盘
11:24:10,81.85,0.0,12,98219,买盘
11:24:13,81.83,-0.02,23,188218,卖盘
11:24:16,81.84,0.01,3,24552,卖盘
11:24:19,81.85,0.01,61,499248,买盘
11:24:22,81.85,0.0,78,638414,买盘
11:24:25,81.86,0.01,14,114603,买盘
11:24:28,81.86,0.0,11,90043,买盘
11:24:31,81.86,0.0,36,294696,买盘
11:24:34,81.85,-0.01,73,597569,卖盘
11:24:37,81.87,0.02,30,245586,买盘
11:24:40,81.87,0.0,4,32751,中性盘
11:24:44,81.87,0.0,12,98246,卖盘
11:24:45,81.88,0.01,9,73691,买盘
11:24:49,81.87,-0.01,16,130994,卖盘
11:24:52,81.88,0.01,27,221066,买盘
11:24:55,81.93,0.05,383,3136881,买盘
11:24:58,81.94,0.01,9,74317,买盘
11:25:01,81.95,0.01,22,180269,买盘
11:25:05,81.95,0.0,60,491700,买盘
11:25:07,81.96,0.01,70,573645,买盘
11:25:11,81.97,0.01,10,81970,买盘
11:25:13,81.94,-0.03,86,704788,卖盘
11:25:18,81.93,-0.01,7,57351,卖盘
11:25:19,81.93,0.0,19,155682,卖盘
11:25:23,81.93,0.0,10,81930,卖盘
11:25:25,81.94,0.01,67,549002,买盘
11:25:28,81.96,0.02,58,475272,买盘
11:25:31,81.97,0.01,233,1910025,买盘
11:25:34,81.98,0.01,30,245916,买盘
11:25:36,81.98,0.0,34,278703,买盘
11:25:41,81.98,0.0,171,1401830,买盘
11:25:44,81.97,-0.01,69,565644,卖盘
11:25:45,81.97,0.0,26,213122,卖盘
11:25:49,81.98,0.01,106,868950,买盘
11:25:52,81.97,-0.01,9,73781,中性盘
11:25:55,81.98,0.01,9,73779,买盘
11:25:58,81.98,0.0,26,213147,买盘
11:26:00,81.97,-0.01,31,254114,卖盘
11:26:04,81.98,0.01,329,2697385,买盘
11:26:07,81.97,-0.01,16,131162,卖盘
11:26:11,81.98,0.01,82,672189,买盘
11:26:13,81.97,-0.01,54,442680,卖盘
11:26:16,81.97,0.0,46,377075,卖盘
11:26:19,81.97,0.0,9,73773,卖盘
11:26:22,81.97,0.0,12,98364,买盘
11:26:25,81.96,-0.01,37,303278,卖盘
11:26:28,81.96,0.0,29,237684,卖盘
11:26:31,81.95,-0.01,29,237669,卖盘
11:26:35,81.95,0.0,23,188487,卖盘
11:26:37,81.94,-0.01,13,106523,卖盘
11:26:40,81.94,0.0,93,764237,买盘
11:26:43,81.95,0.01,46,376970,买盘
11:26:45,81.96,0.01,5,40977,买盘
11:26:49,81.95,-0.01,7,57368,中性盘
11:26:51,81.94,-0.01,156,1278283,卖盘
11:26:54,81.95,0.01,55,450729,卖盘
11:26:58,81.96,0.01,20,163897,买盘
11:27:00,81.95,-0.01,13,106541,卖盘
11:27:04,81.95,0.0,7,57367,卖盘
11:27:07,81.94,-0.01,42,344169,卖盘
11:27:09,81.95,0.01,1,8195,买盘
11:27:13,81.94,-0.01,10,81940,卖盘
11:27:16,81.94,0.0,35,286790,卖盘
11:27:19,81.93,-0.01,4,32772,卖盘
11:27:22,81.93,0.0,6,49159,卖盘
11:27:26,81.93,0.0,14,112662,卖盘
11:27:32,81.93,0.0,2,16386,买盘
11:27:34,81.91,-0.02,40,327650,卖盘
11:27:37,81.93,0.02,6,49151,买盘
11:27:40,81.92,-0.01,74,606219,中性盘
11:27:43,81.93,0.01,43,352253,买盘
11:27:46,81.91,-0.02,55,450547,卖盘
11:27:49,81.91,0.0,1,8191,买盘
11:27:51,81.9,-0.01,34,278491,卖盘
11:27:54,81.91,0.01,56,458645,买盘
11:27:58,81.93,0.02,50,409544,买盘
11:28:01,81.9,-0.03,7,57332,中性盘
11:28:04,81.9,0.0,18,147420,买盘
11:28:06,81.89,-0.01,43,352164,卖盘
11:28:11,81.89,0.0,31,253860,卖盘
11:28:13,81.89,0.0,16,131024,买盘
11:28:15,81.89,0.0,3,24567,买盘
11:28:19,81.89,0.0,62,507669,买盘
11:28:22,81.89,0.0,17,139203,买盘
11:28:25,81.88,-0.01,24,196514,卖盘
11:28:28,81.88,0.0,17,139196,卖盘
11:28:32,81.88,0.0,12,98260,卖盘
11:28:35,81.86,-0.02,7,59515,卖盘
11:28:38,81.88,0.02,63,515838,买盘
11:28:39,81.89,0.01,47,384883,买盘
11:28:43,81.88,-0.01,3,24564,卖盘
11:28:46,81.88,0.0,23,188328,卖盘
11:28:48,81.87,-0.01,5,40937,卖盘
11:28:52,81.88,0.01,4,32752,买盘
11:28:56,81.88,0.0,9,73690,买盘
11:28:58,81.86,-0.02,51,417509,卖盘
11:29:01,81.88,0.02,14,114614,买盘
11:29:04,81.86,-0.02,21,173398,卖盘
11:29:07,81.87,0.01,48,392947,买盘
11:29:10,81.87,0.0,2,16374,买盘
11:29:12,81.87,0.0,2,16373,买盘
11:29:16,81.87,0.0,9,73677,买盘
11:29:19,81.87,0.0,23,188287,买盘
11:29:22,81.87,0.0,50,409348,买盘
11:29:25,81.86,-0.01,20,163732,卖盘
11:29:28,81.86,0.0,21,171926,卖盘
11:29:31,81.87,0.01,24,196478,买盘
11:29:35,81.86,-0.01,22,180092,卖盘
11:29:38,81.86,0.0,13,106411,买盘
11:29:39,81.86,0.0,41,335626,买盘
11:29:43,81.84,-0.02,81,662980,卖盘
11:29:45,81.85,0.01,2,16370,买盘
11:29:49,81.85,0.0,7,57297,买盘
11:29:52,81.84,-0.01,2,16368,卖盘
11:29:55,81.85,0.01,14,114580,买盘
11:29:58,81.85,0.0,1,8185,买盘
11:30:01,81.85,0.0,1,8185,买盘
13:00:02,81.8,-0.05,1183,9676188,卖盘
13:00:05,81.84,0.04,334,2732607,买盘
13:00:08,81.84,0.0,225,1841136,买盘
13:00:10,81.84,0.0,513,4198038,买盘
13:00:14,81.81,-0.03,67,548157,卖盘
13:00:17,81.81,0.0,16,130896,买盘
13:00:20,81.81,0.0,120,981689,买盘
13:00:23,81.82,0.01,65,531719,买盘
13:00:26,81.8,-0.02,53,433572,卖盘
13:00:29,81.8,0.0,30,245427,卖盘
13:00:31,81.82,0.02,17,139097,买盘
13:00:34,81.81,-0.01,38,310906,卖盘
13:00:38,81.81,0.0,176,1440342,卖盘
13:00:40,81.84,0.03,159,1301154,买盘
13:00:44,81.82,-0.02,33,270021,卖盘
13:00:47,81.83,0.01,29,237294,中性盘
13:00:50,81.83,0.0,14,114556,买盘
13:00:53,81.83,0.0,34,278166,买盘
13:00:56,81.82,-0.01,9,73632,买盘
13:00:59,81.8,-0.02,110,899893,卖盘
13:01:01,81.83,0.03,35,286356,买盘
13:01:04,81.82,-0.01,47,384502,中性盘
13:01:08,81.81,-0.01,55,450000,卖盘
13:01:11,81.81,0.0,19,155447,卖盘
13:01:14,81.83,0.02,671,5489117,买盘
13:01:17,81.81,-0.02,131,1071618,卖盘
13:01:20,81.81,0.0,108,883502,买盘
13:01:23,81.8,-0.01,43,351760,卖盘
13:01:26,81.8,0.0,9,73620,卖盘
13:01:29,81.8,0.0,209,1709620,卖盘
13:01:32,81.79,-0.01,26,212667,卖盘
13:01:35,81.79,0.0,37,302623,买盘
13:01:37,81.79,0.0,53,433472,买盘
13:01:41,81.8,0.01,69,564324,买盘
13:01:43,81.79,-0.01,9,73611,买盘
13:01:47,81.77,-0.02,35,286176,卖盘
13:01:53,81.78,0.01,87,711474,买盘
13:01:56,81.79,0.01,17,139043,卖盘
13:01:59,81.8,0.01,4,32720,买盘
13:02:02,81.79,-0.01,48,392576,卖盘
13:02:05,81.78,-0.01,19,155382,卖盘
13:02:08,81.79,0.01,25,204443,买盘
13:02:11,81.77,-0.02,13,106301,卖盘
13:02:13,81.77,0.0,60,490740,卖盘
13:02:17,81.77,0.0,53,433390,卖盘
13:02:20,81.78,0.01,69,564191,买盘
13:02:23,81.77,-0.01,16,130839,中性盘
13:02:25,81.76,-0.01,2,16352,卖盘
13:02:29,81.76,0.0,31,253461,卖盘
13:02:32,81.77,0.01,67,547847,买盘
13:02:35,81.77,0.0,31,249386,买盘
13:02:37,81.77,0.0,4,32705,买盘
13:02:41,81.78,0.01,59,482471,买盘
13:02:44,81.78,0.0,6,49063,买盘
13:02:47,81.76,-0.02,5,40880,卖盘
13:02:50,81.78,0.02,28,228956,买盘
13:02:53,81.77,-0.01,64,523308,卖盘
13:02:56,81.78,0.01,17,139023,买盘
13:02:59,81.77,-0.01,35,286192,卖盘
13:03:02,81.77,0.0,10,81770,买盘
13:03:05,81.77,0.0,12,98128,买盘
13:03:08,81.77,0.0,23,188075,卖盘
13:03:14,81.77,0.0,18,147186,买盘
13:03:17,81.77,0.0,31,253491,买盘
13:03:20,81.77,0.0,38,310726,卖盘
13:03:23,81.78,0.01,259,2117764,买盘
13:03:26,81.78,0.0,8,65416,买盘
13:03:29,81.77,-0.01,3,24532,卖盘
13:03:32,81.78,0.01,11,89957,买盘
13:03:34,81.77,-0.01,28,228959,卖盘
13:03:38,81.77,0.0,2,16354,卖盘
13:03:40,81.78,0.01,62,507021,买盘
13:03:44,81.77,-0.01,11,89954,卖盘
13:03:46,81.78,0.01,67,547904,买盘
13:03:49,81.78,0.0,65,531535,买盘
13:03:53,81.78,0.0,13,106312,买盘
13:03:56,81.77,-0.01,16,130843,卖盘
13:03:58,81.78,0.01,115,940489,买盘
13:04:02,81.78,0.0,132,1079472,卖盘
13:04:04,81.8,0.02,13,110425,买盘
13:04:08,81.78,-0.02,18,147207,卖盘
13:04:11,81.78,0.0,24,196272,卖盘
13:04:13,81.78,0.0,30,245344,卖盘
13:04:17,81.78,0.0,21,167650,卖盘
13:04:20,81.78,0.0,24,196272,买盘
13:04:23,81.78,0.0,65,531537,买盘
13:04:26,81.78,0.0,37,302565,买盘
13:04:29,81.77,-0.01,73,596961,卖盘
13:04:32,81.78,0.01,99,813707,买盘
13:04:35,81.78,0.0,20,163573,卖盘
13:04:38,81.78,0.0,24,196277,卖盘
13:04:41,81.79,0.01,82,670670,买盘
13:04:44,81.79,0.0,77,629783,买盘
13:04:46,81.79,0.0,289,2361857,卖盘
13:04:50,81.79,0.0,50,408993,卖盘
13:04:52,81.8,0.01,14,114519,买盘
13:04:56,81.8,0.0,59,482563,买盘
13:04:59,81.8,0.0,105,858897,买盘
13:05:02,81.8,0.0,37,302661,买盘
13:05:05,81.81,0.01,62,507194,买盘
13:05:08,81.81,0.0,85,695304,买盘
13:05:10,81.81,0.0,97,793466,买盘
13:05:14,81.82,0.01,17,139073,买盘
13:05:17,81.82,0.0,32,261811,买盘
13:05:20,81.81,-0.01,34,278186,卖盘
13:05:23,81.82,0.01,38,310909,买盘
13:05:26,81.82,0.0,18,147265,买盘
13:05:29,81.82,0.0,19,155439,买盘
13:05:32,81.81,-0.01,11,89988,中性盘
13:05:35,81.82,0.01,85,695466,买盘
13:05:37,81.83,0.01,39,319101,买盘
13:05:41,81.82,-0.01,14,114555,卖盘
13:05:44,81.83,0.01,67,548258,买盘
13:05:47,81.83,0.0,234,1914659,买盘
13:05:50,81.83,0.0,57,466431,卖盘
13:05:53,81.83,0.0,14,114559,买盘
13:05:56,81.83,0.0,41,335501,买盘
13:05:59,81.82,-0.01,19,155461,卖盘
13:06:02,81.82,0.0,6,49097,卖盘
13:06:05,81.83,0.01,26,212781,卖盘
13:06:07,81.84,0.01,112,916549,买盘
13:06:10,81.82,-0.02,20,163640,卖盘
13:06:14,81.84,0.02,26,212778,买盘
13:06:17,81.83,-0.01,31,253687,卖盘
13:06:20,81.83,0.0,54,441894,卖盘
13:06:23,81.84,0.01,97,793762,买盘
13:06:26,81.84,0.0,76,621918,买盘
13:06:29,81.84,0.0,160,1309345,买盘
13:06:32,81.82,-0.02,53,433691,卖盘
13:06:35,81.83,0.01,12,98201,卖盘
13:06:38,81.83,0.0,39,319164,卖盘
13:06:41,81.84,0.01,27,220962,买盘
13:06:43,81.83,-0.01,57,466480,卖盘
13:06:47,81.85,0.02,38,310938,买盘
13:06:50,81.82,-0.03,6,49092,卖盘
13:06:52,81.84,0.02,354,2896393,买盘
13:06:56,81.84,0.0,83,679168,买盘
13:06:59,81.84,0.0,17,139117,买盘
13:07:02,81.83,-0.01,12,98198,卖盘
13:07:04,81.84,0.01,42,343719,买盘
13:07:08,81.84,0.0,11,90024,卖盘
13:07:11,81.84,0.0,31,253705,卖盘
13:07:13,81.84,0.0,94,769314,买盘
13:07:17,81.83,-0.01,29,237320,卖盘
13:07:20,81.83,0.0,166,1358500,卖盘
13:07:23,81.83,0.0,43,351847,卖盘
13:07:26,81.83,0.0,5,40913,买盘
13:07:28,81.83,0.0,9,73646,买盘
13:07:32,81.83,0.0,5,40917,中性盘
13:07:35,81.83,0.0,72,589212,卖盘
13:07:38,81.83,0.0,18,147295,卖盘
13:07:41,81.84,0.01,69,564690,买盘
13:07:44,81.84,0.0,111,908410,买盘
13:07:46,81.84,0.0,110,900211,买盘
13:07:50,81.84,0.0,77,630172,卖盘
13:07:52,81.85,0.01,49,401042,买盘
13:07:55,81.84,-0.01,23,188244,卖盘
13:07:58,81.85,0.01,42,343758,买盘
13:08:01,81.84,-0.01,35,286446,卖盘
13:08:05,81.86,0.02,133,1088613,买盘
13:08:08,81.85,-0.01,37,302850,卖盘
13:08:11,81.85,0.0,3,24555,卖盘
13:08:14,81.85,0.0,37,302845,卖盘
13:08:17,81.84,-0.01,331,2708882,卖盘
13:08:20,81.82,-0.02,77,630079,卖盘
13:08:23,81.85,0.03,102,834668,买盘
13:08:26,81.85,0.0,41,335600,中性盘
13:08:29,81.85,0.0,13,106406,卖盘
13:08:32,81.85,0.0,24,196452,卖盘
13:08:35,81.86,0.01,42,343808,买盘
13:08:38,81.86,0.0,46,376527,卖盘
13:08:41,81.86,0.0,17,139167,卖盘
13:08:43,81.86,0.0,7,57306,卖盘
13:08:47,81.86,0.0,13,106418,卖盘
13:08:50,81.86,0.0,41,335638,卖盘
13:08:53,81.85,-0.01,31,253757,卖盘
13:08:56,81.85,0.0,44,360175,卖盘
13:08:59,81.85,0.0,14,114587,中性盘
13:09:02,81.86,0.01,29,237387,买盘
13:09:04,81.83,-0.03,60,491105,卖盘
13:09:08,81.82,-0.01,41,335552,卖盘
13:09:11,81.81,-0.01,132,1080154,卖盘
13:09:14,81.82,0.01,12,98184,买盘
13:09:16,81.81,-0.01,12,98179,卖盘
13:09:20,81.82,0.01,38,310884,买盘
13:09:23,81.82,0.0,20,163633,买盘
13:09:26,81.8,-0.02,547,4474545,卖盘
13:09:28,81.8,0.0,50,409011,卖盘
13:09:32,81.8,0.0,4,32720,买盘
13:09:35,81.81,0.01,56,458078,买盘
13:09:38,81.79,-0.02,8,65436,卖盘
13:09:41,81.79,0.0,11,89977,买盘
13:09:43,81.81,0.02,24,196326,买盘
13:09:47,81.79,-0.02,33,269923,卖盘
13:09:50,81.8,0.01,42,343560,买盘
13:09:53,81.79,-0.01,69,564373,卖盘
13:09:56,81.8,0.01,6,49080,买盘
13:10:00,81.79,-0.01,36,294457,卖盘
13:10:02,81.78,-0.01,79,646114,卖盘
13:10:05,81.78,0.0,6,49073,卖盘
13:10:08,81.79,0.01,60,490737,买盘
13:10:11,81.78,-0.01,36,294431,卖盘
13:10:13,81.78,0.0,21,171760,卖盘
13:10:17,81.78,0.0,41,335333,卖盘
13:10:19,81.8,0.02,208,1701585,买盘
13:10:23,81.79,-0.01,63,515258,卖盘
13:10:26,81.79,0.0,25,204485,卖盘
13:10:29,81.8,0.01,59,482513,买盘
13:10:32,81.81,0.01,8,65437,买盘
13:10:34,81.79,-0.02,490,4006321,卖盘
13:10:38,81.8,0.01,62,507145,买盘
13:10:41,81.8,0.0,25,204420,买盘
13:10:44,81.8,0.0,5,40898,买盘
13:10:47,81.8,0.0,39,319017,买盘
13:10:50,81.8,0.0,13,106338,买盘
13:10:52,81.8,0.0,25,204488,买盘
13:10:56,81.79,-0.01,7,57251,中性盘
13:10:59,81.78,-0.01,21,171760,卖盘
13:11:02,81.78,0.0,53,433471,卖盘
13:11:05,81.78,0.0,36,294412,卖盘
13:11:08,81.78,0.0,70,572310,买盘
13:11:11,81.78,0.0,20,163560,买盘
13:11:14,81.78,0.0,16,130848,买盘
13:11:17,81.78,0.0,12,98136,买盘
13:11:20,81.75,-0.03,200,1634749,卖盘
13:11:22,81.77,0.02,18,147153,买盘
13:11:26,81.72,-0.05,33,269698,卖盘
13:11:29,81.75,0.03,4,32700,买盘
13:11:32,81.74,-0.01,14,114444,中性盘
13:11:34,81.75,0.01,24,196200,买盘
13:11:38,81.75,0.0,31,253420,买盘
13:11:40,81.75,0.0,45,367875,买盘
13:11:44,81.75,0.0,32,261605,买盘
13:11:50,81.76,0.01,35,286145,中性盘
13:11:52,81.77,0.01,105,858514,买盘
13:11:55,81.77,0.0,30,245315,卖盘
13:11:59,81.77,0.0,17,139020,卖盘
13:12:01,81.77,0.0,4,32711,卖盘
13:12:05,81.78,0.01,37,302559,买盘
13:12:08,81.77,-0.01,30,245323,中性盘
13:12:11,81.76,-0.01,21,171697,卖盘
13:12:14,81.76,0.0,12,98125,卖盘
13:12:17,81.73,-0.03,371,3032994,卖盘
13:12:20,81.78,0.05,15,122680,卖盘
13:12:23,81.71,-0.07,511,4176468,卖盘
13:12:26,81.76,0.05,40,327087,中性盘
13:12:29,81.73,-0.03,59,482105,卖盘
13:12:32,81.73,0.0,39,318732,买盘
13:12:35,81.72,-0.01,49,400439,卖盘
13:12:37,81.73,0.01,134,1095007,买盘
13:12:41,81.72,-0.01,101,825398,卖盘
13:12:44,81.71,-0.01,342,2794524,卖盘
13:12:47,81.73,0.02,89,727352,买盘
13:12:50,81.72,-0.01,158,1291189,卖盘
13:12:53,81.72,0.0,24,196128,买盘
13:12:56,81.71,-0.01,4,32687,卖盘
13:12:59,81.72,0.01,13,106236,买盘
13:13:02,81.71,-0.01,162,1323728,卖盘
13:13:04,81.71,0.0,3,24515,卖盘
13:13:08,81.72,0.01,31,253312,买盘
13:13:11,81.71,-0.01,216,1764975,卖盘
13:13:14,81.73,0.02,40,326869,买盘
13:13:17,81.72,-0.01,16,130754,买盘
13:13:20,81.7,-0.02,141,1152192,卖盘
13:13:22,81.71,0.01,101,825181,买盘
13:13:26,81.75,0.04,85,694627,买盘
13:13:29,81.7,-0.05,614,5016580,卖盘
13:13:32,81.7,0.0,67,547390,买盘
13:13:34,81.69,-0.01,90,735244,卖盘
13:13:38,81.7,0.01,46,375791,买盘
13:13:41,81.68,-0.02,83,678014,卖盘
13:13:43,81.69,0.01,16,130703,买盘
13:13:47,81.68,-0.01,20,163362,卖盘
13:13:50,81.68,0.0,87,710633,卖盘
13:13:52,81.69,0.01,24,196034,买盘
13:13:56,81.68,-0.01,24,196043,卖盘
13:13:59,81.69,0.01,108,882152,买盘
13:14:02,81.68,-0.01,37,302224,卖盘
13:14:05,81.69,0.01,10,81682,买盘
13:14:08,81.68,-0.01,98,800530,卖盘
13:14:11,81.69,0.01,67,547262,买盘
13:14:14,81.69,0.0,42,343058,买盘
13:14:16,81.68,-0.01,101,825023,卖盘
13:14:20,81.7,0.02,293,2394980,买盘
13:14:23,81.7,0.0,585,4776141,买盘
13:14:26,81.7,0.0,78,637257,买盘
13:14:29,81.68,-0.02,60,490111,卖盘
13:14:32,81.68,0.0,68,555392,买盘
13:14:34,81.68,0.0,50,408399,买盘
13:14:37,81.7,0.02,133,1086342,买盘
13:14:41,81.66,-0.04,209,1708354,卖盘
13:14:44,81.65,-0.01,370,3020030,卖盘
13:14:47,81.65,0.0,60,489900,买盘
13:14:50,81.65,0.0,72,587831,买盘
13:14:53,81.64,-0.01,135,1102291,卖盘
13:14:56,81.7,0.06,163,1335297,买盘
13:14:59,81.7,0.0,56,457520,卖盘
13:15:02,81.7,0.0,9,73535,卖盘
13:15:05,81.72,0.02,13,106229,买盘
13:15:08,81.73,0.01,136,1111310,买盘
13:15:10,81.7,-0.03,379,3092508,卖盘
13:15:14,81.7,0.0,24,196070,买盘
13:15:17,81.7,0.0,7,57190,买盘
13:15:20,81.69,-0.01,5,40845,卖盘
13:15:22,81.7,0.01,87,710751,买盘
13:15:26,81.69,-0.01,83,678097,买盘
13:15:29,81.7,0.01,29,236922,买盘
13:15:31,81.71,0.01,30,245110,买盘
13:15:35,81.7,-0.01,9,73523,中性盘
13:15:38,81.69,-0.01,9,73524,卖盘
13:15:41,81.71,0.02,62,506539,买盘
13:15:43,81.7,-0.01,25,204248,中性盘
13:15:46,81.71,0.01,28,228771,买盘
13:15:49,81.71,0.0,61,498385,买盘
13:15:54,81.7,-0.01,17,138899,卖盘
13:15:56,81.7,0.0,20,163403,卖盘
13:15:58,81.7,0.0,19,155235,卖盘
13:16:01,81.7,0.0,41,334974,卖盘
13:16:05,81.7,0.0,10,81701,买盘
13:16:08,81.7,0.0,29,236944,卖盘
13:16:11,81.7,0.0,66,539218,卖盘
13:16:14,81.7,0.0,4,32680,买盘
13:16:17,81.7,0.0,9,73530,买盘
13:16:20,81.69,-0.01,44,359441,卖盘
13:16:23,81.69,0.0,46,375779,卖盘
13:16:26,81.7,0.01,47,383974,买盘
13:16:28,81.69,-0.01,13,106198,卖盘
13:16:32,81.7,0.01,55,448980,买盘
13:16:35,81.69,-0.01,8,65679,卖盘
13:16:38,81.69,0.0,5,40842,买盘
13:16:41,81.69,0.0,7,57183,买盘
13:16:44,81.68,-0.01,5,40843,卖盘
13:16:46,81.69,0.01,45,367585,买盘
13:16:49,81.68,-0.01,162,1323325,卖盘
13:16:53,81.68,0.0,34,277712,买盘
13:16:56,81.68,0.0,35,285850,买盘
13:16:59,81.63,-0.05,407,3323289,卖盘
13:17:02,81.67,0.04,27,220510,卖盘
13:17:08,81.68,0.01,189,1543696,买盘
13:17:11,81.68,0.0,58,473744,卖盘
13:17:14,81.68,0.0,27,220537,卖盘
13:17:17,81.68,0.0,19,155203,卖盘
13:17:20,81.69,0.01,130,1061642,买盘
13:17:23,81.69,0.0,9,73521,卖盘
13:17:26,81.69,0.0,80,653520,卖盘
13:17:28,81.7,0.01,20,163391,买盘
13:17:31,81.7,0.0,252,2058799,买盘
13:17:35,81.7,0.0,51,416614,买盘
13:17:38,81.7,0.0,25,204230,买盘
13:17:41,81.7,0.0,20,163400,买盘
13:17:44,81.7,0.0,29,236930,卖盘
13:17:47,81.71,0.01,1,8171,买盘
13:17:49,81.71,0.0,44,359486,买盘
13:17:53,81.7,-0.01,34,277780,卖盘
13:17:56,81.7,0.0,379,3095980,卖盘
13:17:59,81.71,0.01,19,159168,买盘
13:18:02,81.71,0.0,4,32685,卖盘
13:18:05,81.71,0.0,26,208524,卖盘
13:18:07,81.63,-0.08,183,1494674,卖盘
13:18:11,81.68,0.05,10,81699,中性盘
13:18:14,81.7,0.02,8,65360,中性盘
13:18:17,81.63,-0.07,53,432725,卖盘
13:18:20,81.63,0.0,88,718745,卖盘
13:18:23,81.63,0.0,3,24489,买盘
13:18:25,81.63,0.0,528,4309043,买盘
13:18:29,81.63,0.0,43,350673,买盘
13:18:32,81.61,-0.02,61,498249,卖盘
13:18:34,81.61,0.0,72,587532,买盘
13:18:38,81.61,0.0,16,130574,买盘
13:18:41,81.6,-0.01,228,1860498,卖盘
13:18:44,81.6,0.0,330,2692806,卖盘
13:18:47,81.6,0.0,30,244800,买盘
13:18:50,81.59,-0.01,30,244787,卖盘
13:18:53,81.6,0.01,75,611953,买盘
13:18:56,81.59,-0.01,38,310051,卖盘
13:18:59,81.59,0.0,17,138703,卖盘
13:19:02,81.59,0.0,58,473201,卖盘
13:19:05,81.59,0.0,45,367140,买盘
13:19:08,81.6,0.01,77,628257,买盘
13:19:11,81.59,-0.01,79,644515,卖盘
13:19:14,81.6,0.01,40,326362,买盘
13:19:16,81.6,0.0,44,359003,买盘
13:19:20,81.6,0.0,64,522189,买盘
13:19:22,81.59,-0.01,127,1036189,卖盘
13:19:26,81.59,0.0,67,546591,买盘
13:19:28,81.59,0.0,76,620045,买盘
13:19:31,81.59,0.0,31,252918,买盘
13:19:34,81.58,-0.01,92,750549,卖盘
13:19:37,81.58,0.0,115,938207,卖盘
13:19:41,81.59,0.01,50,407955,买盘
13:19:44,81.59,0.0,15,122385,卖盘
13:19:46,81.6,0.01,16,130542,买盘
13:19:50,81.59,-0.01,5,40795,卖盘
13:19:53,81.59,0.0,46,375323,卖盘
13:19:56,81.59,0.0,12,97908,买盘
13:19:59,81.59,0.0,56,456923,买盘
13:20:01,81.6,0.01,261,2129723,买盘
13:20:05,81.59,-0.01,116,946479,卖盘
13:20:07,81.59,0.0,19,155022,卖盘
13:20:11,81.59,0.0,27,220313,卖盘
13:20:14,81.59,0.0,15,122389,卖盘
13:20:17,81.58,-0.01,71,579256,卖盘
13:20:20,81.6,0.02,90,734343,买盘
13:20:22,81.59,-0.01,35,285566,卖盘
13:20:25,81.59,0.0,37,301894,买盘
13:20:29,81.6,0.01,9,73432,买盘
13:20:31,81.6,0.0,78,636432,买盘
13:20:34,81.6,0.0,148,1207675,买盘
13:20:38,81.6,0.0,126,1028144,买盘
13:20:41,81.6,0.0,77,628304,买盘
13:20:44,81.6,0.0,133,1085158,买盘
13:20:47,81.6,0.0,541,4413557,买盘
13:20:49,81.6,0.0,22,179512,买盘
13:20:53,81.61,0.01,82,666570,买盘
13:20:56,81.59,-0.02,42,342689,卖盘
13:20:59,81.6,0.01,15,122397,卖盘
13:21:02,81.6,0.0,5,40800,买盘
13:21:05,81.6,0.0,16,130559,买盘
13:21:07,81.59,-0.01,74,603771,卖盘
13:21:10,81.6,0.01,18,146870,买盘
13:21:13,81.6,0.0,19,155033,买盘
13:21:17,81.59,-0.01,29,236611,卖盘
13:21:20,81.6,0.01,51,416160,买盘
13:21:23,81.57,-0.03,385,3140818,卖盘
13:21:25,81.59,0.02,50,407950,中性盘
13:21:28,81.6,0.01,18,146866,买盘
13:21:32,81.59,-0.01,19,155030,卖盘
13:21:35,81.59,0.0,22,179483,买盘
13:21:38,81.59,0.0,23,187658,买盘
13:21:41,81.59,0.0,12,97909,卖盘
13:21:43,81.6,0.01,237,1933905,买盘
13:21:47,81.6,0.0,18,146872,卖盘
13:21:49,81.58,-0.02,323,2635507,卖盘
13:21:52,81.58,0.0,45,367075,买盘
13:21:56,81.58,0.0,25,203950,买盘
13:21:59,81.58,0.0,55,448690,买盘
13:22:01,81.57,-0.01,32,261066,卖盘
13:22:04,81.58,0.01,2,16317,卖盘
13:22:08,81.58,0.0,17,138686,卖盘
13:22:11,81.59,0.01,28,228429,买盘
13:22:13,81.58,-0.01,23,187640,卖盘
13:22:17,81.58,0.0,27,220277,卖盘
13:22:20,81.59,0.01,58,473172,买盘
13:22:23,81.58,-0.01,77,628209,卖盘
13:22:26,81.58,0.0,37,301847,卖盘
13:22:28,81.58,0.0,52,424216,买盘
13:22:32,81.58,0.0,5,40791,卖盘
13:22:34,81.59,0.01,15,122374,买盘
13:22:38,81.58,-0.01,35,285534,卖盘
13:22:40,81.59,0.01,31,252924,买盘
13:22:44,81.59,0.0,56,456901,买盘
13:22:47,81.58,-0.01,153,1248212,卖盘
13:22:49,81.59,0.01,123,1003506,买盘
13:22:52,81.58,-0.01,19,155012,卖盘
13:22:56,81.58,0.0,3,24474,卖盘
13:22:59,81.59,0.01,74,603674,买盘
13:23:01,81.58,-0.01,16,130529,卖盘
13:23:05,81.59,0.01,35,285545,买盘
13:23:08,81.58,-0.01,75,611852,卖盘
13:23:11,81.58,0.0,68,554744,买盘
13:23:13,81.59,0.01,54,440541,买盘
13:23:17,81.58,-0.01,25,203949,卖盘
13:23:20,81.58,0.0,36,293721,卖盘
13:23:22,81.58,0.0,31,252899,卖盘
13:23:26,81.59,0.01,12,97908,买盘
13:23:29,81.58,-0.01,64,522123,卖盘
13:23:31,81.58,0.0,21,171329,卖盘
13:23:36,81.59,0.01,49,399782,买盘
13:23:38,81.59,0.0,86,701616,买盘
13:23:40,81.59,0.0,8,65272,卖盘
13:23:44,81.6,0.01,6,48959,买盘
13:23:47,81.59,-0.01,77,628257,卖盘
13:23:49,81.6,0.01,377,3075977,买盘
13:23:53,81.6,0.0,62,505915,买盘
13:23:55,81.59,-0.01,59,481362,卖盘
13:23:59,81.58,-0.01,290,2365870,卖盘
13:24:02,81.58,0.0,98,799428,买盘
13:24:05,81.58,0.0,22,179474,买盘
13:24:08,81.58,0.0,48,391567,买盘
13:24:10,81.58,0.0,16,130525,买盘
13:24:14,81.57,-0.01,76,619939,卖盘
13:24:16,81.58,0.01,15,122370,买盘
13:24:20,81.58,0.0,6,48948,买盘
13:24:23,81.59,0.01,358,2920368,买盘
13:24:26,81.59,0.0,49,399791,卖盘
13:24:29,81.59,0.0,69,562976,卖盘
13:24:32,81.58,-0.01,392,3198281,卖盘
13:24:35,81.58,0.0,28,228423,买盘
13:24:38,81.58,0.0,19,154999,买盘
13:24:41,81.57,-0.01,34,277366,卖盘
13:24:44,81.58,0.01,525,4282990,买盘
13:24:47,81.59,0.01,4,32633,中性盘
13:24:49,81.57,-0.02,236,1925354,卖盘
13:24:52,81.6,0.03,10,81579,买盘
13:24:56,81.59,-0.01,23,187657,卖盘
13:24:59,81.56,-0.03,44,358891,卖盘
13:25:02,81.58,0.02,30,244759,中性盘
13:25:05,81.58,0.0,10,81587,卖盘
13:25:08,81.58,0.0,34,277388,卖盘
13:25:11,81.59,0.01,12,97901,买盘
13:25:13,81.59,0.0,41,334516,买盘
13:25:16,81.59,0.0,14,114237,卖盘
13:25:19,81.6,0.01,43,350870,买盘
13:25:23,81.6,0.0,37,301900,买盘
13:25:26,81.6,0.0,34,277440,买盘
13:25:29,81.59,-0.01,49,399838,卖盘
13:25:31,81.6,0.01,80,656717,买盘
13:25:34,81.6,0.0,55,448851,卖盘
13:25:38,81.61,0.01,5,40801,买盘
13:25:41,81.61,0.0,33,269313,买盘
13:25:44,81.61,0.0,5,40805,买盘
13:25:47,81.61,0.0,37,301957,买盘
13:25:49,81.6,-0.01,26,211854,卖盘
13:25:52,81.6,0.0,47,383579,卖盘
13:25:56,81.6,0.0,82,669259,卖盘
13:25:59,81.61,0.01,17,138747,买盘
13:26:02,81.61,0.0,26,212206,卖盘
13:26:05,81.62,0.01,8,65297,卖盘
13:26:08,81.62,0.0,4,32648,卖盘
13:26:11,81.63,0.01,29,236719,买盘
13:26:14,81.64,0.01,50,408152,买盘
13:26:17,81.63,-0.01,3,24491,卖盘
13:26:20,81.63,0.0,9,73467,卖盘
13:26:23,81.63,0.0,20,163275,卖盘
13:26:26,81.64,0.01,14,114291,买盘
13:26:29,81.65,0.01,54,440901,买盘
13:26:32,81.65,0.0,8,65324,卖盘
13:26:35,81.66,0.01,12,97983,买盘
13:26:38,81.64,-0.02,2,16329,卖盘
13:26:41,81.65,0.01,13,106156,买盘
13:26:43,81.65,0.0,14,114319,卖盘
13:26:47,81.65,0.0,24,195964,卖盘
13:26:50,81.65,0.0,34,277610,买盘
13:26:52,81.65,0.0,10,81650,买盘
13:26:55,81.63,-0.02,111,906225,卖盘
13:26:59,81.64,0.01,20,163280,买盘
13:27:02,81.63,-0.01,75,612264,卖盘
13:27:08,81.64,0.01,3,24492,卖盘
13:27:11,81.64,0.0,20,163287,卖盘
13:27:14,81.66,0.02,15,122490,买盘
13:27:17,81.66,0.0,42,342974,卖盘
13:27:19,81.67,0.01,34,277667,买盘
13:27:23,81.67,0.0,26,212322,买盘
13:27:26,81.66,-0.01,16,130666,卖盘
13:27:29,81.66,0.0,109,890127,卖盘
13:27:32,81.66,0.0,25,204150,买盘
13:27:35,81.67,0.01,28,228659,买盘
13:27:38,81.66,-0.01,40,326657,卖盘
13:27:40,81.67,0.01,4,32668,买盘
13:27:44,81.68,0.01,15,122515,买盘
13:27:46,81.68,0.0,6,49008,买盘
13:27:50,81.67,-0.01,29,236865,卖盘
13:27:53,81.68,0.01,139,1135202,买盘
13:27:56,81.67,-0.01,11,89847,卖盘
13:27:59,81.68,0.01,72,587992,买盘
13:28:02,81.68,0.0,22,179699,买盘
13:28:04,81.68,0.0,41,334880,买盘
13:28:07,81.68,0.0,16,130678,买盘
13:28:10,81.68,0.0,2,16336,买盘
13:28:13,81.68,0.0,12,98013,买盘
13:28:16,81.68,0.0,54,441065,买盘
13:28:20,81.68,0.0,10,81680,买盘
13:28:23,81.68,0.0,18,147016,买盘
13:28:26,81.68,0.0,4,32669,买盘
13:28:28,81.68,0.0,15,122520,买盘
13:28:31,81.67,-0.01,7,57174,卖盘
13:28:35,81.67,0.0,45,367515,卖盘
13:28:37,81.67,0.0,17,138839,卖盘
13:28:41,81.67,0.0,17,138839,买盘
13:28:44,81.67,0.0,13,106163,买盘
13:28:47,81.67,0.0,10,81668,买盘
13:28:50,81.68,0.01,24,196009,买盘
13:28:53,81.66,-0.02,110,898270,卖盘
13:28:55,81.67,0.01,13,106166,买盘
13:28:58,81.67,0.0,9,73509,卖盘
13:29:01,81.67,0.0,49,400174,卖盘
13:29:04,81.66,-0.01,3,24500,卖盘
13:29:07,81.68,0.02,339,2768853,买盘
13:29:11,81.69,0.01,5,40845,买盘
13:29:13,81.68,-0.01,23,187865,卖盘
13:29:16,81.68,0.0,55,449255,卖盘
13:29:20,81.68,0.0,28,228704,卖盘
13:29:23,81.68,0.0,183,1494818,卖盘
13:29:26,81.68,0.0,56,457408,买盘
13:29:29,81.68,0.0,8,65344,买盘
13:29:32,81.68,0.0,27,220515,买盘
13:29:35,81.67,-0.01,20,163355,卖盘
13:29:37,81.68,0.01,46,375694,买盘
13:29:40,81.66,-0.02,15,122502,卖盘
13:29:43,81.67,0.01,12,98006,买盘
13:29:47,81.66,-0.01,1,8166,卖盘
13:29:50,81.67,0.01,58,473679,买盘
13:29:53,81.66,-0.01,35,285814,卖盘
13:29:55,81.66,0.0,17,138822,买盘
13:29:59,81.66,0.0,39,318474,买盘
13:30:02,81.66,0.0,70,571563,买盘
13:30:05,81.64,-0.02,54,440909,卖盘
13:30:08,81.65,0.01,7,57152,买盘
13:30:10,81.65,0.0,24,195952,买盘
13:30:14,81.65,0.0,23,187779,买盘
13:30:17,81.65,0.0,14,114308,买盘
13:30:19,81.65,0.0,32,261235,买盘
13:30:23,81.64,-0.01,12,97959,买盘
13:30:26,81.62,-0.02,110,897876,卖盘
13:30:28,81.62,0.0,22,179558,买盘
13:30:32,81.62,0.0,94,767197,买盘
13:30:35,81.61,-0.01,31,253009,卖盘
13:30:38,81.61,0.0,25,204036,卖盘
13:30:41,81.62,0.01,57,465189,买盘
13:30:44,81.61,-0.01,157,1281158,卖盘
13:30:47,81.61,0.0,5,40805,买盘
13:30:50,81.61,0.0,45,367214,买盘
13:30:53,81.59,-0.02,594,4847618,卖盘
13:30:56,81.6,0.01,26,212174,卖盘
