time,price,change,volume,amount,type
09:25:05,82.5,-0.78,20035,165291638,卖盘
09:30:03,82.5,0.0,9680,79803518,卖盘
09:30:06,82.51,0.01,6953,57346062,买盘
09:30:09,82.51,0.0,4836,39900678,卖盘
09:30:12,82.56,0.05,1397,11527859,中性盘
09:30:14,82.59,0.03,518,4272977,卖盘
09:30:17,82.6,0.01,655,5407749,买盘
09:30:21,82.6,0.0,312,2576779,买盘
09:30:24,82.51,-0.09,1668,13770647,卖盘
09:30:27,82.6,0.09,704,5812576,买盘
09:30:30,82.6,0.0,330,2725899,卖盘
09:30:33,82.62,0.02,1673,13819336,买盘
09:30:35,82.62,0.0,722,5965219,卖盘
09:30:38,82.6,-0.02,711,5873814,卖盘
09:30:41,82.6,0.0,548,4526505,买盘
09:30:44,82.6,0.0,1172,9686520,买盘
09:30:48,82.71,0.11,362,2991361,买盘
09:30:51,82.75,0.04,859,7104417,买盘
09:30:52,82.75,0.0,580,4793896,买盘
09:30:56,82.62,-0.13,297,2454297,卖盘
09:31:00,82.75,0.13,585,4839686,买盘
09:31:03,82.69,-0.06,606,5012281,卖盘
09:31:06,82.67,-0.02,881,7281408,买盘
09:31:09,82.65,-0.02,2324,19201813,卖盘
09:31:12,82.67,0.02,380,3141967,买盘
09:31:15,82.75,0.08,333,2754379,买盘
09:31:18,82.67,-0.08,790,6533252,卖盘
09:31:21,82.77,0.1,425,3516718,买盘
09:31:24,82.75,-0.02,222,1837003,卖盘
09:31:27,82.74,-0.01,521,4311255,卖盘
09:31:30,82.75,0.01,344,2846086,买盘
09:31:33,82.75,0.0,1065,8811528,买盘
09:31:36,82.78,0.03,620,5130600,买盘
09:31:38,82.79,0.01,425,3517469,买盘
09:31:42,82.79,0.0,350,2896712,买盘
09:31:45,82.8,0.01,549,4541701,买盘
09:31:48,82.83,0.03,627,5191377,买盘
09:31:50,82.84,0.01,282,2335943,买盘
09:31:54,82.87,0.03,185,1532736,买盘
09:31:57,82.84,-0.03,359,2975060,卖盘
09:32:00,82.89,0.05,268,2220651,买盘
09:32:02,82.86,-0.03,946,7840427,中性盘
09:32:06,82.88,0.02,713,5908449,买盘
09:32:09,82.89,0.01,431,3572365,买盘
09:32:12,82.9,0.01,972,8056946,买盘
09:32:15,82.9,0.0,1244,10308085,买盘
09:32:18,82.9,0.0,573,4752738,买盘
09:32:20,82.9,0.0,471,3904902,卖盘
09:32:24,82.92,0.02,1454,12050625,中性盘
09:32:26,82.93,0.01,711,5896641,买盘
09:32:30,82.93,0.0,414,3432769,卖盘
09:32:33,82.91,-0.02,1595,13225498,卖盘
09:32:36,82.94,0.03,808,6700579,买盘
09:32:39,82.91,-0.03,855,7091315,卖盘
09:32:41,82.9,-0.01,1039,8613618,卖盘
09:32:44,82.86,-0.04,1123,9308700,卖盘
09:32:47,82.92,0.06,1172,9714122,买盘
09:32:51,82.86,-0.06,1450,12010221,卖盘
09:32:54,82.86,0.0,335,2776479,买盘
09:32:57,82.9,0.04,919,7612763,买盘
09:33:00,82.86,-0.04,798,6613731,卖盘
09:33:02,82.91,0.05,2527,20947533,买盘
09:33:06,82.88,-0.03,500,4144624,卖盘
09:33:09,82.86,-0.02,461,3820519,卖盘
09:33:11,82.91,0.05,1123,9315647,买盘
09:33:15,82.89,-0.02,1404,11639728,卖盘
09:33:18,82.86,-0.03,678,5614768,卖盘
09:33:21,82.86,0.0,361,2991204,买盘
09:33:24,82.9,0.04,504,4180188,买盘
09:33:27,82.86,-0.04,341,2825573,卖盘
09:33:30,82.85,-0.01,247,2042727,中性盘
09:33:33,82.89,0.04,887,7352086,买盘
09:33:36,82.85,-0.04,1139,9431724,卖盘
09:33:39,82.86,0.01,167,1383852,卖盘
09:33:42,82.88,0.02,381,3157000,买盘
09:33:44,82.86,-0.02,774,6413347,卖盘
09:33:48,82.85,-0.01,450,3728120,卖盘
09:33:50,82.81,-0.04,1189,9845167,卖盘
09:33:54,82.81,0.0,217,1797027,卖盘
09:33:57,82.8,-0.01,1038,8595006,卖盘
09:34:00,82.79,-0.01,306,2533576,卖盘
09:34:03,82.8,0.01,1322,10948400,买盘
09:34:06,82.82,0.02,183,1515352,买盘
09:34:09,82.85,0.03,663,5492595,买盘
09:34:12,82.86,0.01,407,3371793,买盘
09:34:15,82.85,-0.01,531,4399167,中性盘
09:34:18,82.87,0.02,836,6926820,买盘
09:34:21,82.88,0.01,1202,9961842,买盘
09:34:24,82.92,0.04,1707,14156905,买盘
09:34:27,82.95,0.03,410,3399380,买盘
09:34:30,82.92,-0.03,297,2462658,卖盘
09:34:33,82.95,0.03,179,1484245,中性盘
09:34:36,82.94,-0.01,383,3177042,中性盘
09:34:39,82.94,0.0,504,4179193,买盘
09:34:42,82.94,0.0,314,2604227,买盘
09:34:45,82.99,0.05,1014,8404193,买盘
09:34:48,82.94,-0.05,672,5580249,卖盘
09:34:51,82.99,0.05,309,2564003,买盘
09:34:54,82.98,-0.01,129,1070287,中性盘
09:34:57,82.99,0.01,95,788318,买盘
09:35:00,82.99,0.0,292,2423233,买盘
09:35:03,82.99,0.0,413,3427296,买盘
09:35:06,82.95,-0.04,1730,14356098,卖盘
09:35:09,82.98,0.03,975,8087103,买盘
09:35:12,83.04,0.06,3117,25863948,买盘
09:35:15,83.07,0.03,326,2706942,买盘
09:35:18,83.05,-0.02,143,1186543,卖盘
09:35:21,83.07,0.02,213,1768852,买盘
09:35:24,83.08,0.01,107,889017,买盘
09:35:27,83.07,-0.01,470,3904923,卖盘
09:35:29,83.13,0.06,242,2010572,买盘
09:35:33,83.13,0.0,182,1512615,买盘
09:35:36,83.1,-0.03,1099,9129946,卖盘
09:35:38,83.13,0.03,528,4387649,买盘
09:35:41,83.1,-0.03,517,4297711,中性盘
09:35:45,83.12,0.02,459,3815842,卖盘
09:35:48,83.15,0.03,1221,10152189,买盘
09:35:51,83.17,0.02,220,1829442,买盘
09:35:54,83.17,0.0,131,1089461,卖盘
09:35:57,83.18,0.01,1287,10704424,买盘
09:36:00,83.18,0.0,177,1472271,卖盘
09:36:03,83.2,0.02,285,2370794,买盘
09:36:06,83.2,0.0,863,7178376,买盘
09:36:09,83.18,-0.02,316,2628866,卖盘
09:36:12,83.2,0.02,423,3519170,买盘
09:36:15,83.21,0.01,556,4626202,买盘
09:36:18,83.21,0.0,467,3885420,买盘
09:36:20,83.18,-0.03,1120,9317437,卖盘
09:36:24,83.23,0.05,1018,8469049,买盘
09:36:27,83.15,-0.08,637,5298459,卖盘
09:36:30,83.17,0.02,279,2320424,中性盘
09:36:33,83.19,0.02,263,2187640,买盘
09:36:35,83.2,0.01,755,6280489,买盘
09:36:39,83.18,-0.02,430,3576790,卖盘
09:36:41,83.18,0.0,536,4457647,卖盘
09:36:45,83.19,0.01,306,2545386,卖盘
09:36:48,83.19,0.0,397,3302193,买盘
09:36:51,83.2,0.01,737,6131213,买盘
09:36:54,83.2,0.0,580,4825187,卖盘
09:36:56,83.2,0.0,768,6389118,买盘
09:37:00,83.2,0.0,487,4051177,买盘
09:37:03,83.2,0.0,597,4966367,买盘
09:37:06,83.17,-0.03,648,5390078,卖盘
09:37:09,83.16,-0.01,568,4722971,卖盘
09:37:12,83.13,-0.03,348,2893011,卖盘
09:37:15,83.12,-0.01,534,4440090,卖盘
09:37:18,83.16,0.04,825,6861220,买盘
09:37:21,83.09,-0.07,454,3773263,卖盘
09:37:24,83.09,0.0,295,2450992,买盘
09:37:27,83.11,0.02,325,2700365,买盘
09:37:30,83.1,-0.01,341,2833986,卖盘
09:37:33,83.07,-0.03,473,3929732,卖盘
09:37:36,83.05,-0.02,274,2275842,卖盘
09:37:39,83.04,-0.01,270,2242697,卖盘
09:37:42,83.07,0.03,673,5589341,买盘
09:37:45,83.01,-0.06,615,5105009,卖盘
09:37:48,83.02,0.01,511,4241490,买盘
09:37:52,83.01,-0.01,160,1328248,卖盘
09:37:54,83.02,0.01,1136,9431319,买盘
09:37:57,83.04,0.02,166,1378298,买盘
09:38:00,83.05,0.01,177,1469607,买盘
09:38:03,83.02,-0.03,307,2548923,卖盘
09:38:05,83.03,0.01,556,4616181,中性盘
09:38:09,83.02,-0.01,915,7598198,卖盘
09:38:12,83.02,0.0,293,2432780,买盘
09:38:15,83.02,0.0,754,6259282,买盘
09:38:19,83.0,-0.02,547,4540796,卖盘
09:38:21,83.0,0.0,594,4930155,卖盘
09:38:24,82.98,-0.02,743,6166793,卖盘
09:38:27,82.99,0.01,605,5020427,买盘
09:38:30,82.99,0.0,753,6247772,买盘
09:38:33,83.0,0.01,582,4832266,买盘
09:38:36,83.0,0.0,466,3868039,卖盘
09:38:37,82.99,-0.01,572,4747482,卖盘
09:38:42,82.98,-0.01,355,2944165,卖盘
09:38:45,82.98,0.0,342,2837891,买盘
09:38:48,82.97,-0.01,237,1966534,买盘
09:38:52,82.98,0.01,274,2273262,买盘
09:38:52,82.98,0.0,219,1816836,买盘
09:38:58,82.97,-0.01,910,7551171,卖盘
09:39:00,82.97,0.0,679,5633070,卖盘
09:39:03,82.97,0.0,259,2148910,卖盘
09:39:05,82.98,0.01,531,4405719,买盘
09:39:10,82.98,0.0,103,854633,买盘
09:39:11,82.97,-0.01,180,1493353,卖盘
09:39:15,82.95,-0.02,855,7094332,卖盘
09:39:18,82.96,0.01,374,3102126,买盘
09:39:21,83.0,0.04,450,3733879,买盘
09:39:24,83.0,0.0,284,2357083,卖盘
09:39:27,82.95,-0.05,270,2239866,卖盘
09:39:29,82.93,-0.02,199,1650536,卖盘
09:39:33,82.93,0.0,188,1559378,买盘
09:39:37,82.94,0.01,247,2048360,买盘
09:39:37,82.94,0.0,241,1998625,买盘
09:39:43,82.94,0.0,129,1069853,买盘
09:39:45,82.91,-0.03,405,3358133,卖盘
09:39:48,82.92,0.01,238,1973381,买盘
09:39:52,82.93,0.01,231,1915253,买盘
09:39:54,82.93,0.0,342,2835582,买盘
09:39:57,82.91,-0.02,323,2677945,卖盘
09:40:00,82.91,0.0,206,1707844,买盘
09:40:03,82.91,0.0,369,3059179,买盘
09:40:06,82.9,-0.01,177,1467324,卖盘
09:40:07,82.9,0.0,92,762676,买盘
09:40:10,82.89,-0.01,819,6789846,卖盘
09:40:15,82.89,0.0,668,5536696,买盘
09:40:19,82.9,0.01,571,4733929,买盘
09:40:21,82.93,0.03,475,3937852,买盘
09:40:24,82.88,-0.05,268,2221456,卖盘
09:40:27,82.91,0.03,178,1475720,买盘
09:40:30,82.9,-0.01,54,447621,卖盘
09:40:31,82.9,0.0,322,2669111,卖盘
09:40:36,82.9,0.0,365,3025965,卖盘
09:40:39,82.9,0.0,495,4103727,卖盘
09:40:42,82.9,0.0,230,1906757,买盘
09:40:45,82.9,0.0,416,3448328,买盘
09:40:48,82.88,-0.02,1044,8653539,卖盘
09:40:52,82.88,0.0,221,1831826,买盘
09:40:54,82.89,0.01,360,2984198,买盘
09:40:57,82.89,0.0,263,2179596,买盘
09:41:00,82.88,-0.01,86,712741,卖盘
09:41:03,82.87,-0.01,252,2088442,卖盘
09:41:06,82.87,0.0,66,546967,中性盘
09:41:09,82.85,-0.02,273,2261905,卖盘
09:41:12,82.84,-0.01,360,2983056,卖盘
09:41:16,82.84,0.0,1379,11421735,卖盘
09:41:18,82.81,-0.03,539,4464202,卖盘
09:41:19,82.81,0.0,483,3999722,买盘
09:41:25,82.8,-0.01,493,4082282,卖盘
09:41:27,82.8,0.0,672,5564250,卖盘
09:41:30,82.8,0.0,445,3684617,买盘
09:41:34,82.8,0.0,307,2541871,买盘
09:41:36,82.79,-0.01,521,4313744,卖盘
09:41:39,82.79,0.0,483,3998854,卖盘
09:41:42,82.75,-0.04,529,4378048,卖盘
09:41:44,82.74,-0.01,555,4593676,卖盘
09:41:48,82.74,0.0,116,962890,卖盘
09:41:52,82.72,-0.02,194,1605132,卖盘
09:41:54,82.71,-0.01,324,2680570,卖盘
09:41:55,82.71,0.0,25,206781,卖盘
09:42:00,82.72,0.01,429,3550179,卖盘
09:42:03,82.71,-0.01,534,4414474,卖盘
09:42:05,82.7,-0.01,74,612026,中性盘
09:42:09,82.69,-0.01,285,2358747,卖盘
09:42:13,82.68,-0.01,442,3655007,卖盘
09:42:15,82.66,-0.02,738,6099630,卖盘
09:42:18,82.68,0.02,747,6173676,买盘
09:42:21,82.67,-0.01,707,5840398,中性盘
09:42:24,82.67,0.0,362,2992753,卖盘
09:42:26,82.67,0.0,237,1959158,买盘
09:42:30,82.67,0.0,234,1937099,买盘
09:42:33,82.65,-0.02,360,2972885,卖盘
09:42:36,82.64,-0.01,127,1049636,卖盘
09:42:39,82.62,-0.02,571,4719118,卖盘
09:42:43,82.62,0.0,494,4082458,卖盘
09:42:45,82.65,0.03,201,1661527,买盘
09:42:48,82.62,-0.03,442,3653887,卖盘
09:42:51,82.63,0.01,393,3247256,卖盘
09:42:54,82.61,-0.02,197,1625775,卖盘
09:42:57,82.63,0.02,373,3081865,买盘
09:43:00,82.62,-0.01,703,5807713,卖盘
09:43:02,82.62,0.0,1373,11345417,买盘
09:43:06,82.62,0.0,705,5825100,卖盘
09:43:07,82.62,0.0,406,3354095,买盘
09:43:13,82.62,0.0,306,2528004,买盘
09:43:16,82.6,-0.02,311,2568764,卖盘
09:43:18,82.62,0.02,320,2643211,买盘
09:43:21,82.61,-0.01,369,3048023,中性盘
09:43:24,82.6,-0.01,571,4716536,卖盘
09:43:26,82.61,0.01,493,4074429,买盘
09:43:29,82.61,0.0,402,3320766,买盘
09:43:33,82.61,0.0,791,6534508,卖盘
09:43:36,82.61,0.0,1267,10465910,卖盘
09:43:39,82.59,-0.02,477,3938348,卖盘
09:43:42,82.6,0.01,741,6120283,买盘
09:43:45,82.59,-0.01,371,3064219,买盘
09:43:48,82.58,-0.01,434,3578467,卖盘
09:43:51,82.58,0.0,526,4342937,买盘
09:43:54,82.56,-0.02,492,4065398,卖盘
09:43:57,82.52,-0.04,316,2610649,卖盘
09:44:00,82.55,0.03,143,1183344,中性盘
09:44:03,82.51,-0.04,94,775848,卖盘
09:44:06,82.55,0.04,334,2750584,买盘
09:44:09,82.55,0.0,100,827733,买盘
09:44:12,82.52,-0.03,454,3746576,卖盘
09:44:15,82.51,-0.01,851,7022135,卖盘
09:44:18,82.53,0.02,155,1281014,买盘
09:44:21,82.51,-0.02,423,3491126,卖盘
09:44:24,82.55,0.04,594,4902444,买盘
09:44:28,82.52,-0.03,164,1353324,中性盘
09:44:29,82.51,-0.01,251,2066331,卖盘
09:44:33,82.53,0.02,823,6791678,买盘
09:44:37,82.5,-0.03,829,6844879,卖盘
09:44:39,82.52,0.02,300,2475670,中性盘
09:44:43,82.55,0.03,120,992556,买盘
09:44:45,82.53,-0.02,676,5578968,卖盘
09:44:48,82.53,0.0,283,2335291,卖盘
09:44:51,82.55,0.02,241,1981984,买盘
09:44:54,82.55,0.0,181,1494076,卖盘
09:44:57,82.53,-0.02,410,3390082,卖盘
09:45:01,82.55,0.02,436,3599185,买盘
09:45:04,82.54,-0.01,141,1162011,卖盘
09:45:06,82.54,0.0,330,2723792,买盘
09:45:09,82.54,0.0,247,2038745,买盘
09:45:11,82.54,0.0,220,1816100,买盘
09:45:15,82.54,0.0,422,3483298,卖盘
09:45:18,82.54,0.0,756,6240017,卖盘
09:45:19,82.56,0.02,119,982303,买盘
09:45:24,82.55,-0.01,165,1362088,卖盘
09:45:27,82.55,0.0,225,1853842,卖盘
09:45:30,82.55,0.0,160,1323819,卖盘
09:45:32,82.56,0.01,225,1857450,买盘
09:45:36,82.55,-0.01,520,4291405,卖盘
09:45:37,82.56,0.01,113,937661,卖盘
09:45:42,82.57,0.01,139,1147709,买盘
09:45:45,82.57,0.0,602,4964579,买盘
09:45:48,82.57,0.0,153,1267179,买盘
09:45:49,82.59,0.02,349,2882062,买盘
09:45:54,82.58,-0.01,66,545033,卖盘
09:45:57,82.57,-0.01,415,3427012,卖盘
09:46:00,82.59,0.02,294,2428078,买盘
09:46:03,82.59,0.0,121,999359,买盘
09:46:07,82.59,0.0,258,2128592,卖盘
09:46:10,82.59,0.0,127,1049782,买盘
09:46:12,82.59,0.0,891,7359476,买盘
09:46:15,82.61,0.02,1264,10443357,买盘
09:46:18,82.61,0.0,176,1454047,卖盘
09:46:22,82.62,0.01,186,1530799,买盘
09:46:24,82.62,0.0,815,6732810,买盘
09:46:27,82.62,0.0,221,1825902,卖盘
09:46:30,82.63,0.01,128,1057597,买盘
09:46:33,82.63,0.0,833,6882418,卖盘
09:46:36,82.64,0.01,200,1652646,买盘
09:46:39,82.65,0.01,765,6322043,买盘
09:46:42,82.64,-0.01,81,669398,卖盘
09:46:46,82.63,-0.01,1070,8845243,卖盘
09:46:48,82.65,0.02,172,1422057,卖盘
09:46:51,82.66,0.01,690,5706735,买盘
09:46:52,82.66,0.0,127,1043532,卖盘
09:46:57,82.65,-0.01,564,4663431,卖盘
09:47:00,82.67,0.02,45,372015,中性盘
09:47:02,82.68,0.01,316,2614772,买盘
09:47:06,82.68,0.0,143,1184813,卖盘
09:47:10,82.68,0.0,152,1253278,卖盘
09:47:12,82.71,0.03,562,4647672,买盘
09:47:15,82.71,0.0,773,6392833,买盘
09:47:19,82.72,0.01,154,1273691,买盘
09:47:22,82.72,0.0,112,930530,买盘
09:47:25,82.72,0.0,29,235347,卖盘
09:47:28,82.73,0.01,249,2059657,中性盘
09:47:30,82.75,0.02,97,801125,买盘
09:47:33,82.73,-0.02,156,1290826,卖盘
09:47:36,82.75,0.02,270,2239110,买盘
09:47:39,82.75,0.0,339,2798842,买盘
09:47:42,82.76,0.01,317,2623225,买盘
09:47:45,82.74,-0.02,512,4236701,卖盘
09:47:48,82.76,0.02,440,3640781,买盘
09:47:51,82.76,0.0,122,1009615,买盘
09:47:54,82.76,0.0,319,2640057,卖盘
09:47:57,82.76,0.0,335,2778220,卖盘
09:48:00,82.77,0.01,452,3740875,买盘
09:48:03,82.77,0.0,118,976666,买盘
09:48:06,82.75,-0.02,215,1779389,卖盘
09:48:10,82.76,0.01,179,1475561,中性盘
09:48:11,82.74,-0.02,877,7262687,卖盘
09:48:15,82.73,-0.01,193,1596880,中性盘
09:48:17,82.7,-0.03,1042,8613672,卖盘
09:48:19,82.72,0.02,219,1811771,买盘
09:48:24,82.73,0.01,264,2183874,中性盘
09:48:28,82.7,-0.03,336,2784816,卖盘
09:48:30,82.7,0.0,227,1877434,卖盘
09:48:32,82.72,0.02,507,4191453,买盘
09:48:36,82.7,-0.02,532,4399624,卖盘
09:48:39,82.72,0.02,286,2365255,买盘
09:48:41,82.7,-0.02,354,2929194,中性盘
09:48:45,82.7,0.0,635,5251551,卖盘
09:48:47,82.7,0.0,235,1943493,卖盘
09:48:51,82.7,0.0,361,2985277,卖盘
09:48:54,82.68,-0.02,380,3144038,卖盘
09:48:58,82.7,0.02,253,2093256,买盘
09:49:00,82.7,0.0,349,2885979,买盘
09:49:03,82.7,0.0,308,2546957,买盘
09:49:06,82.69,-0.01,347,2867060,卖盘
09:49:11,82.69,0.0,387,3202436,卖盘
09:49:12,82.69,0.0,142,1169061,买盘
09:49:15,82.7,0.01,805,6656445,买盘
09:49:18,82.7,0.0,203,1678662,买盘
09:49:21,82.7,0.0,254,2104709,卖盘
09:49:24,82.7,0.0,132,1091509,买盘
09:49:27,82.69,-0.01,108,892996,中性盘
09:49:30,82.7,0.01,254,2100433,买盘
09:49:33,82.7,0.0,193,1595906,买盘
09:49:36,82.7,0.0,237,1959468,买盘
09:49:37,82.7,0.0,146,1207282,买盘
09:49:42,82.7,0.0,277,2290688,买盘
09:49:44,82.7,0.0,260,2150206,卖盘
09:49:48,82.7,0.0,236,1951472,卖盘
09:49:51,82.71,0.01,242,1996280,买盘
09:49:55,82.71,0.0,165,1364718,卖盘
09:49:57,82.72,0.01,735,6081418,买盘
09:50:00,82.71,-0.01,185,1530314,卖盘
09:50:03,82.7,-0.01,190,1571408,卖盘
09:50:06,82.7,0.0,183,1513430,买盘
09:50:09,82.7,0.0,70,578921,卖盘
09:50:12,82.68,-0.02,267,2204308,卖盘
09:50:15,82.7,0.02,300,2483989,买盘
09:50:18,82.68,-0.02,347,2868356,卖盘
09:50:21,82.67,-0.01,337,2786119,卖盘
09:50:24,82.68,0.01,91,752044,买盘
09:50:27,82.67,-0.01,370,3058268,卖盘
09:50:30,82.67,0.0,632,5223276,买盘
09:50:33,82.66,-0.01,383,3167345,卖盘
09:50:36,82.66,0.0,79,653028,买盘
09:50:39,82.66,0.0,1211,10009181,买盘
09:50:42,82.65,-0.01,173,1429883,卖盘
09:50:45,82.65,0.0,559,4621662,卖盘
09:50:48,82.65,0.0,414,3417851,买盘
09:50:51,82.65,0.0,875,7230710,买盘
09:50:52,82.65,0.0,119,991585,卖盘
09:50:57,82.64,-0.01,94,769253,卖盘
09:51:00,82.64,0.0,301,2488942,买盘
09:51:02,82.64,0.0,126,1041274,买盘
09:51:06,82.63,-0.01,145,1200561,卖盘
09:51:08,82.63,0.0,579,4782611,买盘
09:51:12,82.65,0.02,59,488244,买盘
09:51:15,82.63,-0.02,156,1289045,卖盘
09:51:18,82.62,-0.01,850,7024465,卖盘
09:51:21,82.62,0.0,427,3528219,买盘
09:51:22,82.63,0.01,201,1660881,买盘
09:51:26,82.64,0.01,383,3164247,买盘
09:51:30,82.63,-0.01,106,875863,卖盘
09:51:33,82.63,0.0,169,1398931,卖盘
09:51:36,82.63,0.0,260,2148593,卖盘
09:51:38,82.63,0.0,317,2619177,买盘
09:51:42,82.65,0.02,237,1958688,买盘
09:51:45,82.64,-0.01,117,966904,卖盘
09:51:48,82.63,-0.01,598,4938432,卖盘
09:51:50,82.65,0.02,104,859467,买盘
09:51:54,82.64,-0.01,205,1693961,卖盘
09:51:57,82.65,0.01,417,3446007,买盘
09:51:59,82.65,0.0,220,1819292,卖盘
09:52:03,82.66,0.01,59,487652,买盘
09:52:06,82.66,0.0,294,2429942,买盘
09:52:09,82.66,0.0,90,747315,买盘
09:52:12,82.66,0.0,116,958838,买盘
09:52:15,82.64,-0.02,439,3623964,卖盘
09:52:18,82.64,0.0,1228,10148821,卖盘
09:52:21,82.62,-0.02,430,3555257,买盘
09:52:24,82.62,0.0,302,2495436,买盘
09:52:27,82.65,0.03,183,1511836,买盘
09:52:30,82.66,0.01,440,3634577,买盘
09:52:32,82.65,-0.01,284,2347158,卖盘
09:52:35,82.64,-0.01,120,991620,卖盘
09:52:39,82.65,0.01,116,956128,买盘
09:52:42,82.62,-0.03,547,4519452,卖盘
09:52:44,82.63,0.01,167,1379763,中性盘
09:52:48,82.62,-0.01,440,3635507,卖盘
09:52:50,82.62,0.0,160,1321920,买盘
09:52:52,82.62,0.0,369,3048690,买盘
09:52:57,82.63,0.01,180,1490865,卖盘
09:53:00,82.63,0.0,259,2140230,卖盘
09:53:02,82.63,0.0,68,561655,卖盘
09:53:06,82.63,0.0,582,4805561,卖盘
09:53:08,82.63,0.0,573,4739850,买盘
09:53:12,82.62,-0.01,170,1401752,卖盘
09:53:15,82.62,0.0,283,2335000,买盘
09:53:17,82.61,-0.01,1029,8499086,卖盘
09:53:21,82.6,-0.01,334,2762307,卖盘
09:53:22,82.6,0.0,524,4327027,卖盘
09:53:27,82.59,-0.01,1574,13000727,卖盘
09:53:30,82.6,0.01,437,3615164,买盘
09:53:32,82.58,-0.02,201,1659903,卖盘
09:53:36,82.58,0.0,345,2841702,卖盘
09:53:39,82.6,0.02,750,6194478,买盘
09:53:41,82.58,-0.02,496,4096268,卖盘
09:53:45,82.57,-0.01,283,2336612,买盘
09:53:48,82.55,-0.02,432,3569737,卖盘
09:53:51,82.51,-0.04,1732,14295327,卖盘
09:53:52,82.55,0.04,131,1084024,买盘
09:53:56,82.52,-0.03,717,5916097,中性盘
09:53:59,82.51,-0.01,115,949321,卖盘
09:54:03,82.54,0.03,327,2699232,买盘
09:54:06,82.52,-0.02,395,3259798,卖盘
09:54:09,82.52,0.0,123,1015060,卖盘
09:54:11,82.52,0.0,1574,12983832,卖盘
09:54:15,82.5,-0.02,239,1967924,卖盘
09:54:18,82.5,0.0,505,4167090,卖盘
09:54:21,82.51,0.01,864,7133704,买盘
09:54:24,82.5,-0.01,713,5882412,卖盘
09:54:27,82.5,0.0,965,7961406,卖盘
09:54:30,82.51,0.01,569,4693855,买盘
09:54:32,82.5,-0.01,1337,11029177,卖盘
09:54:36,82.5,0.0,1265,10437459,卖盘
09:54:39,82.5,0.0,1913,15781240,卖盘
09:54:42,82.5,0.0,564,4653093,卖盘
09:54:45,82.5,0.0,314,2594491,卖盘
09:54:48,82.49,-0.01,592,4879462,卖盘
09:54:51,82.5,0.01,505,4166039,买盘
09:54:54,82.48,-0.02,449,3703769,卖盘
09:54:56,82.5,0.02,443,3655318,买盘
09:55:00,82.5,0.0,651,5369801,买盘
09:55:03,82.48,-0.02,431,3554901,卖盘
09:55:06,82.48,0.0,518,4275901,买盘
09:55:09,82.48,0.0,707,5831285,买盘
09:55:12,82.46,-0.02,510,4205384,卖盘
09:55:15,82.45,-0.01,232,1911859,卖盘
09:55:17,82.46,0.01,761,6274244,买盘
09:55:21,82.45,-0.01,159,1308741,中性盘
09:55:24,82.41,-0.04,485,3997457,卖盘
09:55:27,82.41,0.0,512,4219431,卖盘
09:55:30,82.41,0.0,365,3008025,卖盘
09:55:32,82.39,-0.02,524,4318232,卖盘
09:55:36,82.4,0.01,276,2274224,买盘
09:55:39,82.36,-0.04,1318,10861405,卖盘
09:55:42,82.36,0.0,355,2923740,买盘
09:55:45,82.37,0.01,447,3681093,买盘
09:55:48,82.35,-0.02,494,4063229,卖盘
09:55:51,82.35,0.0,292,2404220,买盘
09:55:54,82.32,-0.03,154,1267914,卖盘
09:55:56,82.32,0.0,407,3352318,卖盘
09:56:00,82.32,0.0,190,1562146,卖盘
09:56:03,82.31,-0.01,521,4288418,卖盘
09:56:06,82.31,0.0,426,3506142,买盘
09:56:09,82.3,-0.01,1242,10221409,卖盘
09:56:12,82.31,0.01,426,3506251,中性盘
09:56:15,82.3,-0.01,1208,9946467,卖盘
09:56:17,82.29,-0.01,706,5808200,卖盘
09:56:21,82.3,0.01,615,5061171,买盘
09:56:24,82.29,-0.01,309,2542962,中性盘
09:56:26,82.31,0.02,501,4124931,买盘
09:56:30,82.29,-0.02,761,6263394,卖盘
09:56:33,82.31,0.02,315,2592308,买盘
09:56:35,82.34,0.03,675,5555455,买盘
09:56:39,82.3,-0.04,347,2855958,卖盘
09:56:41,82.3,0.0,408,3357678,买盘
09:56:45,82.29,-0.01,299,2455604,卖盘
09:56:48,82.3,0.01,969,7978939,买盘
09:56:50,82.3,0.0,201,1654050,买盘
09:56:54,82.29,-0.01,388,3187216,卖盘
09:56:57,82.29,0.0,381,3135218,买盘
09:57:00,82.29,0.0,533,4386043,买盘
09:57:03,82.29,0.0,467,3842656,买盘
09:57:05,82.28,-0.01,600,4937177,卖盘
09:57:09,82.29,0.01,278,2288813,买盘
09:57:11,82.29,0.0,607,4995094,买盘
09:57:15,82.3,0.01,283,2328846,买盘
09:57:18,82.3,0.0,849,6986432,买盘
09:57:21,82.31,0.01,471,3876061,买盘
09:57:24,82.3,-0.01,109,897090,卖盘
09:57:27,82.31,0.01,243,2000030,卖盘
09:57:29,82.31,0.0,460,3786001,买盘
09:57:33,82.33,0.02,120,986784,买盘
09:57:35,82.32,-0.01,280,2304940,卖盘
09:57:38,82.32,0.0,271,2230842,卖盘
09:57:42,82.34,0.02,130,1070399,买盘
09:57:45,82.34,0.0,113,930463,卖盘
09:57:48,82.35,0.01,1059,8720432,买盘
09:57:50,82.36,0.01,158,1301258,买盘
09:57:52,82.37,0.01,52,428305,买盘
09:57:57,82.37,0.0,93,767033,买盘
09:58:00,82.37,0.0,239,1974017,卖盘
09:58:02,82.37,0.0,92,757186,卖盘
09:58:06,82.37,0.0,221,1821077,卖盘
09:58:09,82.38,0.01,271,2232304,买盘
09:58:11,82.37,-0.01,137,1128519,卖盘
09:58:15,82.38,0.01,92,757872,中性盘
09:58:18,82.39,0.01,810,6669517,买盘
09:58:20,82.4,0.01,237,1948197,买盘
09:58:22,82.4,0.0,123,1013438,买盘
09:58:27,82.4,0.0,307,2529643,买盘
09:58:30,82.41,0.01,59,486163,买盘
09:58:32,82.39,-0.02,526,4334182,卖盘
09:58:36,82.41,0.02,115,951849,买盘
09:58:39,82.41,0.0,237,1955014,卖盘
09:58:41,82.41,0.0,123,1008955,卖盘
09:58:44,82.41,0.0,400,3299255,卖盘
09:58:48,82.41,0.0,436,3595023,买盘
09:58:51,82.41,0.0,207,1701798,买盘
09:58:54,82.41,0.0,179,1480584,买盘
09:58:56,82.43,0.02,74,607692,买盘
09:58:59,82.44,0.01,171,1409368,买盘
09:59:02,82.42,-0.02,96,791299,卖盘
09:59:06,82.44,0.02,149,1226672,买盘
09:59:08,82.41,-0.03,155,1275763,卖盘
09:59:11,82.42,0.01,218,1800523,中性盘
09:59:15,82.42,0.0,126,1038481,买盘
09:59:17,82.42,0.0,225,1850746,卖盘
09:59:21,82.42,0.0,528,4351660,买盘
09:59:24,82.42,0.0,265,2183871,买盘
09:59:27,82.42,0.0,223,1837916,卖盘
09:59:30,82.42,0.0,141,1162135,卖盘
09:59:33,82.43,0.01,1063,8761429,买盘
09:59:36,82.43,0.0,149,1228107,卖盘
09:59:39,82.42,-0.01,357,2947606,卖盘
09:59:42,82.42,0.0,197,1623664,买盘
09:59:45,82.42,0.0,279,2298213,买盘
09:59:48,82.44,0.02,655,5398930,买盘
09:59:51,82.42,-0.02,328,2703041,卖盘
09:59:52,82.44,0.02,146,1203168,买盘
09:59:57,82.42,-0.02,379,3123683,卖盘
09:59:59,82.42,0.0,198,1631776,买盘
10:00:03,82.42,0.0,860,7082931,买盘
10:00:05,82.43,0.01,208,1714442,买盘
10:00:09,82.42,-0.01,489,4035020,卖盘
10:00:12,82.43,0.01,22,181335,中性盘
10:00:14,82.42,-0.01,40,327626,卖盘
10:00:17,82.44,0.02,309,2545149,买盘
10:00:21,82.43,-0.01,390,3212858,卖盘
10:00:24,82.43,0.0,137,1129865,买盘
10:00:26,82.42,-0.01,169,1392885,卖盘
10:00:30,82.43,0.01,624,5150797,买盘
10:00:32,82.43,0.0,201,1656779,卖盘
10:00:36,82.43,0.0,155,1277442,买盘
10:00:39,82.41,-0.02,147,1204089,卖盘
10:00:42,82.42,0.01,90,741823,买盘
10:00:45,82.42,0.0,59,486267,买盘
10:00:48,82.42,0.0,308,2543760,买盘
10:00:51,82.41,-0.01,304,2502237,买盘
10:00:54,82.4,-0.01,1081,8905720,卖盘
10:00:58,82.4,0.0,227,1874754,买盘
10:01:00,82.4,0.0,179,1472381,买盘
10:01:03,82.39,-0.01,865,7126633,卖盘
10:01:06,82.38,-0.01,192,1582807,卖盘
10:01:09,82.38,0.0,917,7556432,卖盘
10:01:12,82.37,-0.01,86,702024,中性盘
10:01:15,82.37,0.0,64,527107,买盘
10:01:18,82.34,-0.03,589,4856622,卖盘
10:01:21,82.34,0.0,98,806886,买盘
10:01:24,82.33,-0.01,242,1987897,卖盘
10:01:27,82.33,0.0,291,2400530,卖盘
10:01:29,82.33,0.0,478,3934862,买盘
10:01:32,82.33,0.0,238,1954339,买盘
10:01:35,82.32,-0.01,372,3065716,买盘
10:01:39,82.31,-0.01,68,559703,卖盘
10:01:42,82.31,0.0,118,972875,买盘
10:01:45,82.31,0.0,1193,9818374,买盘
10:01:48,82.3,-0.01,511,4205027,卖盘
10:01:51,82.29,-0.01,629,5174551,卖盘
10:01:54,82.28,-0.01,216,1777363,卖盘
10:01:56,82.29,0.01,587,4827491,买盘
10:02:00,82.28,-0.01,187,1543108,卖盘
10:02:03,82.28,0.0,83,682917,买盘
10:02:06,82.27,-0.01,416,3419947,卖盘
10:02:09,82.28,0.01,543,4467121,买盘
10:02:12,82.28,0.0,208,1711335,买盘
10:02:14,82.27,-0.01,461,3792888,卖盘
10:02:18,82.26,-0.01,295,2422386,卖盘
10:02:21,82.28,0.02,1086,8934745,买盘
10:02:24,82.28,0.0,463,3809697,卖盘
10:02:27,82.28,0.0,238,1963469,卖盘
10:02:29,82.28,0.0,221,1813009,买盘
10:02:32,82.27,-0.01,628,5167087,卖盘
10:02:36,82.28,0.01,108,888584,买盘
10:02:38,82.27,-0.01,314,2583263,卖盘
10:02:41,82.27,0.0,323,2657187,买盘
10:02:44,82.28,0.01,474,3899651,买盘
10:02:48,82.27,-0.01,263,2163639,中性盘
10:02:50,82.27,0.0,820,6745897,卖盘
10:02:52,82.28,0.01,121,995451,买盘
10:02:57,82.28,0.0,376,3093510,买盘
10:03:00,82.28,0.0,800,6581954,买盘
10:03:03,82.28,0.0,381,3140077,买盘
10:03:05,82.28,0.0,569,4681740,卖盘
10:03:09,82.28,0.0,277,2274057,卖盘
10:03:12,82.28,0.0,114,942565,买盘
10:03:14,82.28,0.0,772,6352438,买盘
10:03:18,82.29,0.01,150,1234157,买盘
10:03:20,82.29,0.0,582,4788262,卖盘
10:03:24,82.28,-0.01,156,1283607,卖盘
10:03:27,82.28,0.0,132,1086262,卖盘
10:03:30,82.28,0.0,389,3200811,卖盘
10:03:33,82.28,0.0,204,1678605,买盘
10:03:36,82.28,0.0,377,3101679,买盘
10:03:39,82.28,0.0,152,1250628,卖盘
10:03:41,82.28,0.0,207,1703287,卖盘
10:03:45,82.29,0.01,98,806364,中性盘
10:03:47,82.29,0.0,130,1070674,买盘
10:03:51,82.29,0.0,354,2912860,卖盘
10:03:54,82.3,0.01,65,534902,买盘
10:03:57,82.29,-0.01,229,1880859,卖盘
10:04:00,82.28,-0.01,249,2052430,卖盘
10:04:02,82.29,0.01,198,1629283,买盘
10:04:06,82.29,0.0,257,2111224,买盘
10:04:09,82.29,0.0,211,1740827,买盘
10:04:12,82.28,-0.01,329,2706050,卖盘
10:04:15,82.31,0.03,484,3978450,买盘
10:04:17,82.3,-0.01,380,3127278,卖盘
10:04:21,82.31,0.01,532,4377622,买盘
10:04:22,82.3,-0.01,53,436205,卖盘
10:04:27,82.3,0.0,241,1983742,卖盘
10:04:30,82.3,0.0,430,3539109,卖盘
10:04:33,82.31,0.01,66,543255,卖盘
10:04:35,82.32,0.01,434,3576371,买盘
10:04:38,82.31,-0.01,93,765522,中性盘
10:04:42,82.31,0.0,167,1375848,买盘
10:04:45,82.31,0.0,107,880736,买盘
10:04:48,82.31,0.0,119,979525,卖盘
10:04:50,82.29,-0.02,326,2683461,卖盘
10:04:52,82.3,0.01,115,944987,买盘
10:04:57,82.3,0.0,213,1747720,卖盘
10:05:00,82.3,0.0,247,2032884,卖盘
10:05:03,82.3,0.0,158,1300484,卖盘
10:05:06,82.31,0.01,147,1209858,卖盘
10:05:08,82.31,0.0,129,1068631,卖盘
10:05:12,82.3,-0.01,77,633773,卖盘
10:05:15,82.31,0.01,127,1037788,买盘
10:05:17,82.31,0.0,246,2024681,买盘
10:05:20,82.3,-0.01,471,3876222,卖盘
10:05:24,82.32,0.02,218,1797694,买盘
10:05:27,82.31,-0.01,96,790176,卖盘
10:05:30,82.32,0.01,320,2633967,买盘
10:05:33,82.32,0.0,59,485676,买盘
10:05:35,82.32,0.0,90,740268,买盘
10:05:39,82.31,-0.01,195,1602171,卖盘
10:05:42,82.3,-0.01,755,6213704,卖盘
10:05:45,82.3,0.0,432,3555207,买盘
10:05:48,82.29,-0.01,113,929959,买盘
10:05:51,82.28,-0.01,765,6301787,卖盘
10:05:52,82.27,-0.01,423,3476582,卖盘
10:05:57,82.28,0.01,122,1005374,买盘
10:05:59,82.27,-0.01,342,2813889,卖盘
10:06:03,82.29,0.02,121,995667,买盘
10:06:06,82.27,-0.02,1656,13624054,卖盘
10:06:09,82.27,0.0,350,2879577,卖盘
10:06:12,82.27,0.0,301,2476354,卖盘
10:06:15,82.29,0.02,281,2311906,买盘
10:06:18,82.27,-0.02,146,1201245,卖盘
10:06:21,82.27,0.0,752,6186657,卖盘
10:06:24,82.28,0.01,160,1317245,买盘
10:06:27,82.27,-0.01,150,1234134,卖盘
10:06:30,82.27,0.0,319,2624182,买盘
10:06:33,82.26,-0.01,2174,17876059,卖盘
10:06:35,82.25,-0.01,682,5616839,卖盘
10:06:39,82.25,0.0,249,2044151,买盘
10:06:41,82.25,0.0,193,1587324,买盘
10:06:44,82.25,0.0,328,2697655,买盘
10:06:48,82.25,0.0,752,6184436,买盘
10:06:51,82.26,0.01,335,2755159,买盘
10:06:54,82.25,-0.01,67,551090,卖盘
10:06:56,82.26,0.01,133,1093985,买盘
10:07:00,82.27,0.01,369,3035228,买盘
10:07:03,82.26,-0.01,104,855530,卖盘
10:07:06,82.27,0.01,134,1102248,买盘
10:07:09,82.25,-0.02,188,1546428,卖盘
10:07:12,82.26,0.01,181,1489028,买盘
10:07:14,82.27,0.01,202,1661683,买盘
10:07:18,82.26,-0.01,720,5922740,卖盘
10:07:20,82.27,0.01,764,6284214,买盘
10:07:24,82.27,0.0,168,1382746,买盘
10:07:25,82.27,0.0,205,1686382,买盘
10:07:29,82.26,-0.01,175,1439549,卖盘
10:07:32,82.26,0.0,970,7978482,买盘
10:07:36,82.28,0.02,458,3767859,买盘
10:07:39,82.28,0.0,855,7034941,卖盘
10:07:41,82.29,0.01,156,1284255,买盘
10:07:45,82.3,0.01,187,1540700,买盘
10:07:48,82.28,-0.02,39,320922,卖盘
10:07:50,82.28,0.0,283,2325944,卖盘
10:07:54,82.28,0.0,190,1563396,买盘
10:07:57,82.29,0.01,81,663876,买盘
10:08:00,82.29,0.0,485,3991109,卖盘
10:08:02,82.31,0.02,239,1967065,买盘
10:08:06,82.31,0.0,25,205753,买盘
10:08:09,82.3,-0.01,249,2049382,卖盘
10:08:12,82.31,0.01,475,3912042,买盘
10:08:14,82.31,0.0,80,658489,卖盘
10:08:17,82.31,0.0,73,600932,卖盘
10:08:20,82.33,0.02,279,2297850,买盘
10:08:22,82.32,-0.01,71,580549,卖盘
10:08:27,82.33,0.01,467,3845892,买盘
10:08:28,82.32,-0.01,333,2741426,卖盘
10:08:33,82.33,0.01,400,3292987,买盘
10:08:36,82.33,0.0,19,156432,卖盘
10:08:39,82.32,-0.01,712,5861485,卖盘
10:08:42,82.32,0.0,317,2610851,买盘
10:08:45,82.32,0.0,850,7000217,买盘
10:08:48,82.33,0.01,79,650421,中性盘
10:08:50,82.35,0.02,1040,8557297,买盘
10:08:54,82.34,-0.01,184,1514828,卖盘
10:08:57,82.36,0.02,76,625939,买盘
10:08:59,82.36,0.0,535,4406076,卖盘
10:09:03,82.35,-0.01,88,724747,卖盘
10:09:06,82.35,0.0,265,2182619,卖盘
10:09:09,82.35,0.0,234,1924672,卖盘
10:09:11,82.38,0.03,202,1663547,买盘
10:09:15,82.37,-0.01,14,115314,中性盘
10:09:18,82.35,-0.02,127,1046024,卖盘
10:09:20,82.36,0.01,142,1169495,买盘
10:09:24,82.37,0.01,164,1350480,买盘
10:09:27,82.36,-0.01,94,774205,卖盘
10:09:30,82.37,0.01,28,230631,买盘
10:09:33,82.36,-0.01,127,1046010,卖盘
10:09:36,82.38,0.02,159,1309694,买盘
10:09:39,82.38,0.0,20,164748,买盘
10:09:42,82.38,0.0,140,1156808,买盘
10:09:45,82.39,0.01,114,939172,买盘
10:09:48,82.38,-0.01,18,148284,中性盘
10:09:50,82.37,-0.01,336,2767925,卖盘
10:09:52,82.39,0.02,98,810063,买盘
10:09:56,82.38,-0.01,272,2240955,卖盘
10:10:00,82.4,0.02,172,1417018,买盘
10:10:03,82.39,-0.01,156,1285233,卖盘
10:10:06,82.4,0.01,63,519095,买盘
10:10:08,82.4,0.0,156,1285799,买盘
10:10:12,82.41,0.01,376,3090968,买盘
10:10:15,82.4,-0.01,94,782715,卖盘
10:10:18,82.41,0.01,54,444968,买盘
10:10:20,82.4,-0.01,270,2224846,卖盘
10:10:24,82.41,0.01,91,749912,买盘
10:10:27,82.42,0.01,201,1656357,买盘
10:10:30,82.42,0.0,156,1285581,买盘
10:10:32,82.42,0.0,181,1491557,买盘
10:10:35,82.42,0.0,62,505542,买盘
10:10:39,82.42,0.0,130,1071494,买盘
10:10:42,82.42,0.0,196,1615464,卖盘
10:10:45,82.44,0.02,81,669078,买盘
10:10:48,82.43,-0.01,41,337988,卖盘
10:10:51,82.43,0.0,115,947978,卖盘
10:10:52,82.44,0.01,260,2143701,买盘
10:10:56,82.44,0.0,184,1516783,买盘
10:11:00,82.44,0.0,131,1082685,卖盘
10:11:03,82.45,0.01,248,2039405,买盘
10:11:06,82.45,0.0,574,4732619,买盘
10:11:09,82.45,0.0,31,255586,卖盘
10:11:11,82.45,0.0,183,1508809,卖盘
10:11:15,82.45,0.0,244,2012484,买盘
10:11:18,82.45,0.0,384,3166147,买盘
10:11:21,82.45,0.0,666,5491082,卖盘
10:11:24,82.45,0.0,347,2860333,买盘
10:11:27,82.45,0.0,463,3817551,买盘
10:11:30,82.45,0.0,121,997708,卖盘
10:11:32,82.45,0.0,162,1335747,卖盘
10:11:36,82.45,0.0,92,756669,卖盘
10:11:39,82.45,0.0,294,2424259,卖盘
10:11:42,82.47,0.02,163,1344079,买盘
10:11:45,82.46,-0.01,102,844463,卖盘
10:11:48,82.46,0.0,99,813811,卖盘
10:11:51,82.47,0.01,200,1654272,买盘
10:11:52,82.47,0.0,321,2647151,买盘
10:11:57,82.47,0.0,109,898759,卖盘
10:12:00,82.47,0.0,239,1971151,卖盘
10:12:03,82.48,0.01,281,2317415,买盘
10:12:06,82.47,-0.01,508,4189186,卖盘
10:12:09,82.48,0.01,115,948430,买盘
10:12:11,82.47,-0.01,483,3982972,卖盘
10:12:15,82.47,0.0,181,1492694,买盘
10:12:18,82.48,0.01,175,1444184,买盘
10:12:21,82.48,0.0,315,2593015,买盘
10:12:24,82.48,0.0,143,1179344,中性盘
10:12:27,82.46,-0.02,441,3640635,卖盘
10:12:30,82.47,0.01,190,1566904,买盘
10:12:33,82.47,0.0,108,886441,买盘
10:12:36,82.46,-0.01,126,1040613,卖盘
10:12:39,82.46,0.0,393,3237785,卖盘
10:12:42,82.46,0.0,485,3998973,买盘
10:12:44,82.46,0.0,314,2589091,买盘
10:12:48,82.46,0.0,407,3357827,买盘
10:12:51,82.45,-0.01,656,5408818,中性盘
10:12:54,82.45,0.0,140,1158595,买盘
10:12:57,82.44,-0.01,95,783228,卖盘
10:13:00,82.45,0.01,145,1190291,买盘
10:13:03,82.45,0.0,329,2712120,买盘
10:13:06,82.43,-0.02,232,1912439,中性盘
10:13:08,82.43,0.0,225,1854759,卖盘
10:13:12,82.45,0.02,273,2251954,买盘
10:13:14,82.45,0.0,130,1071762,买盘
10:13:17,82.45,0.0,142,1170627,买盘
10:13:21,82.46,0.01,242,1995420,买盘
10:13:24,82.46,0.0,46,379336,买盘
10:13:27,82.46,0.0,55,453538,卖盘
10:13:30,82.46,0.0,283,2333625,卖盘
10:13:33,82.47,0.01,139,1146076,买盘
10:13:35,82.45,-0.02,119,981449,卖盘
10:13:39,82.45,0.0,78,643185,卖盘
10:13:42,82.46,0.01,79,651429,买盘
10:13:45,82.46,0.0,194,1599624,买盘
10:13:47,82.46,0.0,183,1509029,买盘
10:13:49,82.46,0.0,104,857589,卖盘
10:13:52,82.46,0.0,373,3075809,卖盘
10:13:56,82.47,0.01,215,1777191,买盘
10:14:00,82.47,0.0,50,412350,卖盘
10:14:03,82.47,0.0,306,2523717,卖盘
10:14:05,82.47,0.0,100,824689,卖盘
10:14:09,82.47,0.0,1204,9931752,卖盘
10:14:12,82.47,0.0,129,1063857,买盘
10:14:15,82.5,0.03,980,8084719,买盘
10:14:17,82.51,0.01,665,5486857,买盘
10:14:21,82.51,0.0,211,1740868,中性盘
10:14:24,82.52,0.01,393,3242956,买盘
10:14:25,82.52,0.0,152,1254243,买盘
10:14:30,82.52,0.0,250,2062902,买盘
10:14:33,82.53,0.01,275,2269197,买盘
10:14:35,82.53,0.0,47,387859,买盘
10:14:38,82.53,0.0,128,1056282,买盘
10:14:42,82.53,0.0,196,1614420,买盘
10:14:43,82.52,-0.01,156,1289711,卖盘
10:14:47,82.53,0.01,161,1327018,买盘
10:14:51,82.52,-0.01,256,2112648,中性盘
10:14:54,82.55,0.03,119,981992,买盘
10:14:57,82.53,-0.02,34,280609,卖盘
10:15:00,82.55,0.02,222,1832628,买盘
10:15:03,82.54,-0.01,203,1675290,中性盘
10:15:06,82.55,0.01,169,1394869,买盘
10:15:09,82.54,-0.01,71,580646,买盘
10:15:12,82.54,0.0,370,3059635,买盘
10:15:15,82.54,0.0,81,668632,卖盘
10:15:17,82.53,-0.01,141,1158124,卖盘
10:15:21,82.54,0.01,61,503489,买盘
10:15:24,82.54,0.0,273,2252962,买盘
10:15:27,82.53,-0.01,144,1188484,卖盘
10:15:29,82.53,0.0,385,3185066,卖盘
10:15:33,82.54,0.01,337,2781769,卖盘
10:15:36,82.54,0.0,77,635600,卖盘
10:15:39,82.56,0.02,57,464047,卖盘
10:15:42,82.56,0.0,224,1849554,中性盘
10:15:45,82.57,0.01,40,330285,卖盘
10:15:48,82.58,0.01,108,891812,买盘
10:15:51,82.57,-0.01,321,2650694,卖盘
10:15:52,82.58,0.01,142,1172587,买盘
10:15:57,82.58,0.0,142,1178600,买盘
10:16:00,82.59,0.01,174,1436892,买盘
10:16:03,82.58,-0.01,406,3352907,卖盘
10:16:06,82.57,-0.01,234,1929477,卖盘
10:16:08,82.56,-0.01,490,4042777,卖盘
10:16:11,82.56,0.0,650,5366263,卖盘
10:16:15,82.55,-0.01,235,1940136,卖盘
10:16:17,82.56,0.01,72,594378,买盘
10:16:20,82.55,-0.01,368,3038252,卖盘
10:16:24,82.54,-0.01,405,3344913,卖盘
10:16:27,82.55,0.01,293,2418753,买盘
10:16:30,82.56,0.01,232,1915332,买盘
10:16:33,82.56,0.0,301,2485056,卖盘
10:16:35,82.55,-0.01,302,2497562,卖盘
10:16:38,82.55,0.0,155,1279446,买盘
10:16:42,82.54,-0.01,126,1040116,卖盘
10:16:45,82.54,0.0,163,1343152,买盘
10:16:48,82.53,-0.01,89,734523,卖盘
10:16:51,82.54,0.01,129,1063331,买盘
10:16:54,82.52,-0.02,169,1396049,卖盘
10:16:57,82.51,-0.01,115,946457,卖盘
10:17:00,82.52,0.01,152,1254233,卖盘
10:17:02,82.51,-0.01,171,1411046,卖盘
10:17:05,82.52,0.01,96,792093,买盘
10:17:08,82.5,-0.02,59,486791,卖盘
10:17:12,82.51,0.01,402,3316555,买盘
10:17:15,82.48,-0.03,724,5977969,卖盘
10:17:18,82.49,0.01,235,1934166,买盘
10:17:19,82.49,0.0,307,2532294,买盘
10:17:24,82.48,-0.01,103,849505,卖盘
10:17:27,82.48,0.0,82,676326,买盘
10:17:30,82.46,-0.02,498,4106404,卖盘
10:17:32,82.46,0.0,73,602003,买盘
10:17:36,82.45,-0.01,259,2135498,卖盘
10:17:38,82.46,0.01,414,3413450,买盘
10:17:42,82.44,-0.02,76,626453,卖盘
10:17:45,82.45,0.01,365,3009131,买盘
10:17:48,82.45,0.0,105,865664,买盘
10:17:51,82.43,-0.02,261,2152261,卖盘
10:17:54,82.43,0.0,116,956228,卖盘
10:17:57,82.43,0.0,28,230790,买盘
10:18:00,82.41,-0.02,434,3577382,卖盘
10:18:02,82.42,0.01,98,806371,买盘
10:18:05,82.4,-0.02,418,3444401,卖盘
10:18:09,82.4,0.0,79,651022,卖盘
10:18:12,82.41,0.01,192,1579161,买盘
10:18:14,82.42,0.01,150,1236161,买盘
10:18:17,82.4,-0.02,326,2686568,卖盘
10:18:20,82.42,0.02,258,2126148,买盘
10:18:24,82.41,-0.01,156,1285472,买盘
10:18:27,82.42,0.01,77,637313,买盘
10:18:30,82.42,0.0,243,2002642,卖盘
10:18:33,82.42,0.0,103,848887,买盘
10:18:36,82.41,-0.01,61,500461,卖盘
10:18:39,82.41,0.0,83,683989,买盘
10:18:42,82.41,0.0,134,1104201,买盘
10:18:43,82.4,-0.01,64,527392,卖盘
10:18:48,82.41,0.01,84,692238,买盘
10:18:51,82.41,0.0,70,576822,买盘
10:18:54,82.41,0.0,194,1598634,买盘
10:18:57,82.4,-0.01,402,3311597,卖盘
10:19:00,82.41,0.01,59,486210,卖盘
10:19:03,82.4,-0.01,77,637731,卖盘
10:19:06,82.4,0.0,37,308070,买盘
10:19:08,82.4,0.0,38,313109,买盘
10:19:12,82.4,0.0,132,1082380,买盘
10:19:15,82.39,-0.01,192,1581286,卖盘
10:19:17,82.4,0.01,244,2010436,买盘
10:19:21,82.4,0.0,190,1568263,买盘
10:19:24,82.4,0.0,392,3234036,买盘
10:19:27,82.38,-0.02,501,4121806,卖盘
10:19:30,82.37,-0.01,275,2265212,卖盘
10:19:33,82.38,0.01,439,3614819,买盘
10:19:36,82.38,0.0,117,965072,买盘
10:19:39,82.38,0.0,55,453058,买盘
10:19:42,82.37,-0.01,399,3286288,卖盘
10:19:45,82.37,0.0,136,1120332,买盘
10:19:47,82.37,0.0,108,892516,买盘
10:19:51,82.35,-0.02,680,5599836,卖盘
10:19:54,82.35,0.0,39,321164,买盘
10:19:56,82.35,0.0,285,2346630,买盘
10:19:59,82.34,-0.01,37,304660,中性盘
10:20:03,82.33,-0.01,174,1435323,卖盘
10:20:06,82.33,0.0,94,770589,卖盘
10:20:09,82.35,0.02,326,2684313,买盘
10:20:12,82.33,-0.02,92,760555,卖盘
10:20:15,82.33,0.0,26,214058,买盘
10:20:18,82.32,-0.01,272,2235986,卖盘
10:20:21,82.32,0.0,569,4685153,买盘
10:20:24,82.31,-0.01,142,1168881,卖盘
10:20:27,82.31,0.0,210,1728280,买盘
10:20:29,82.32,0.01,433,3559809,买盘
10:20:33,82.31,-0.01,109,897938,卖盘
10:20:36,82.32,0.01,407,3349802,买盘
10:20:39,82.32,0.0,124,1020715,买盘
10:20:42,82.31,-0.01,679,5588842,卖盘
10:20:45,82.31,0.0,120,987715,买盘
10:20:48,82.31,0.0,242,1992111,卖盘
10:20:51,82.32,0.01,50,411573,买盘
10:20:54,82.32,0.0,167,1374598,买盘
10:20:57,82.32,0.0,206,1693795,买盘
10:21:00,82.32,0.0,152,1251210,买盘
10:21:03,82.32,0.0,567,4671556,买盘
10:21:06,82.32,0.0,110,902790,买盘
10:21:09,82.32,0.0,106,872480,买盘
10:21:11,82.32,0.0,174,1432224,买盘
10:21:15,82.32,0.0,224,1843759,买盘
10:21:17,82.31,-0.01,121,995896,卖盘
10:21:20,82.31,0.0,527,4337309,卖盘
10:21:24,82.3,-0.01,483,3975470,卖盘
10:21:26,82.31,0.01,98,806602,中性盘
10:21:29,82.32,0.01,393,3234516,买盘
10:21:33,82.3,-0.02,168,1382752,卖盘
10:21:36,82.32,0.02,184,1514413,买盘
10:21:39,82.32,0.0,54,450201,买盘
10:21:42,82.31,-0.01,98,801629,卖盘
10:21:45,82.31,0.0,81,666755,卖盘
10:21:48,82.31,0.0,162,1338487,卖盘
10:21:51,82.33,0.02,80,658522,买盘
10:21:54,82.32,-0.01,111,913647,买盘
10:21:56,82.32,0.0,50,411593,买盘
10:21:59,82.32,0.0,46,378662,买盘
10:22:03,82.32,0.0,235,1934329,买盘
10:22:06,82.31,-0.01,170,1393020,卖盘
10:22:08,82.35,0.04,815,6716286,买盘
10:22:12,82.32,-0.03,272,2239838,卖盘
10:22:15,82.35,0.03,190,1563952,买盘
10:22:18,82.32,-0.03,68,559805,中性盘
10:22:21,82.32,0.0,42,345780,卖盘
10:22:24,82.32,0.0,118,971448,卖盘
10:22:27,82.32,0.0,228,1876910,卖盘
10:22:29,82.35,0.03,185,1523433,买盘
10:22:33,82.35,0.0,183,1507023,卖盘
10:22:36,82.35,0.0,349,2874025,卖盘
10:22:39,82.35,0.0,59,485867,卖盘
10:22:42,82.35,0.0,131,1077317,卖盘
10:22:45,82.35,0.0,88,726163,卖盘
10:22:48,82.37,0.02,93,764445,买盘
10:22:51,82.37,0.0,164,1350491,卖盘
10:22:54,82.38,0.01,298,2454011,买盘
10:22:57,82.37,-0.01,40,328660,卖盘
10:23:00,82.38,0.01,63,518994,买盘
10:23:03,82.37,-0.01,543,4474880,卖盘
10:23:06,82.38,0.01,51,420121,买盘
10:23:09,82.38,0.0,93,766130,买盘
10:23:12,82.38,0.0,30,247135,买盘
10:23:15,82.38,0.0,237,1952304,买盘
10:23:17,82.38,0.0,74,609632,买盘
10:23:19,82.38,0.0,128,1054488,买盘
10:23:24,82.38,0.0,145,1191204,买盘
10:23:27,82.37,-0.01,249,2051064,卖盘
10:23:30,82.37,0.0,173,1425052,卖盘
10:23:33,82.38,0.01,84,692025,卖盘
10:23:36,82.38,0.0,189,1556850,买盘
10:23:39,82.39,0.01,165,1362469,买盘
10:23:42,82.38,-0.01,65,535436,卖盘
10:23:43,82.38,0.0,88,724938,卖盘
10:23:47,82.38,0.0,78,642538,买盘
10:23:51,82.38,0.0,5,41192,卖盘
10:23:52,82.38,0.0,140,1153320,卖盘
10:23:57,82.38,0.0,90,741476,买盘
10:24:00,82.38,0.0,35,288344,卖盘
10:24:03,82.38,0.0,324,2669128,卖盘
10:24:05,82.38,0.0,113,930871,卖盘
10:24:09,82.38,0.0,15,118788,买盘
10:24:12,82.38,0.0,144,1186185,买盘
10:24:15,82.37,-0.01,122,1005508,卖盘
10:24:18,82.37,0.0,247,2038951,卖盘
10:24:21,82.37,0.0,144,1186139,买盘
10:24:24,82.34,-0.03,140,1145032,卖盘
10:24:27,82.35,0.01,27,222359,中性盘
10:24:30,82.35,0.0,42,345869,买盘
10:24:33,82.34,-0.01,136,1127852,卖盘
10:24:36,82.35,0.01,107,873612,买盘
10:24:39,82.35,0.0,30,247052,卖盘
10:24:42,82.35,0.0,42,345886,卖盘
10:24:45,82.35,0.0,48,395278,卖盘
10:24:47,82.35,0.0,123,1020351,买盘
10:24:51,82.33,-0.02,95,781412,卖盘
10:24:52,82.33,0.0,104,857304,卖盘
10:24:56,82.33,0.0,248,2041638,买盘
10:24:59,82.33,0.0,306,2518822,买盘
10:25:02,82.31,-0.02,1303,10725145,卖盘
10:25:05,82.31,0.0,399,3278224,卖盘
10:25:08,82.31,0.0,75,617289,买盘
10:25:12,82.3,-0.01,212,1744843,卖盘
10:25:15,82.3,0.0,731,6016164,卖盘
10:25:17,82.31,0.01,713,5868547,买盘
10:25:21,82.31,0.0,347,2861980,买盘
10:25:24,82.31,0.0,122,1004090,卖盘
10:25:27,82.31,0.0,178,1465067,买盘
10:25:30,82.32,0.01,98,806636,买盘
10:25:33,82.3,-0.02,387,3185093,卖盘
10:25:36,82.32,0.02,55,452738,买盘
10:25:39,82.31,-0.01,41,337483,卖盘
10:25:42,82.31,0.0,104,854547,卖盘
10:25:45,82.3,-0.01,596,4905844,卖盘
10:25:48,82.32,0.02,831,6837872,买盘
10:25:51,82.31,-0.01,79,650195,卖盘
10:25:54,82.31,0.0,94,773729,买盘
10:25:55,82.31,0.0,79,650249,买盘
10:26:00,82.29,-0.02,1737,14294739,卖盘
10:26:03,82.3,0.01,97,798264,买盘
10:26:04,82.29,-0.01,233,1917289,中性盘
10:26:09,82.28,-0.01,449,3693375,卖盘
10:26:12,82.28,0.0,134,1102481,买盘
10:26:15,82.28,0.0,133,1094237,买盘
10:26:18,82.28,0.0,302,2484692,买盘
10:26:21,82.29,0.01,245,2016773,买盘
10:26:24,82.28,-0.01,173,1423395,中性盘
10:26:27,82.27,-0.01,458,3767845,卖盘
10:26:30,82.28,0.01,109,896875,卖盘
10:26:33,82.28,0.0,667,5488868,买盘
10:26:36,82.28,0.0,271,2229520,卖盘
10:26:39,82.28,0.0,40,329118,买盘
10:26:42,82.26,-0.02,144,1181223,卖盘
10:26:45,82.28,0.02,375,3085337,买盘
10:26:48,82.29,0.01,95,781695,买盘
10:26:51,82.29,0.0,123,1012045,买盘
10:26:54,82.29,0.0,120,987377,买盘
10:26:57,82.27,-0.02,1689,13895957,卖盘
10:27:00,82.28,0.01,198,1629052,买盘
10:27:02,82.26,-0.02,177,1458318,卖盘
10:27:06,82.28,0.02,114,937901,买盘
10:27:09,82.27,-0.01,148,1219993,卖盘
10:27:12,82.28,0.01,234,1925311,买盘
10:27:15,82.29,0.01,121,995590,买盘
10:27:18,82.28,-0.01,186,1530421,卖盘
10:27:21,82.28,0.0,142,1168391,卖盘
10:27:22,82.27,-0.01,37,304421,卖盘
10:27:26,82.28,0.01,74,602600,买盘
10:27:30,82.28,0.0,241,1982738,买盘
10:27:33,82.28,0.0,320,2632685,买盘
10:27:35,82.28,0.0,422,3479416,买盘
10:27:39,82.28,0.0,376,3089839,买盘
10:27:42,82.29,0.01,80,658250,买盘
10:27:45,82.28,-0.01,153,1258884,卖盘
10:27:48,82.28,0.0,247,2030752,卖盘
10:27:51,82.28,0.0,130,1069597,买盘
10:27:54,82.28,0.0,178,1464508,卖盘
10:27:56,82.28,0.0,49,402688,卖盘
10:28:00,82.28,0.0,712,5857399,卖盘
10:28:03,82.29,0.01,58,477636,买盘
10:28:06,82.29,0.0,539,4437225,买盘
10:28:08,82.28,-0.01,309,2542522,卖盘
10:28:11,82.27,-0.01,73,600636,卖盘
10:28:14,82.28,0.01,67,551276,买盘
10:28:17,82.28,0.0,791,6508074,买盘
10:28:21,82.28,0.0,166,1364486,买盘
10:28:24,82.27,-0.01,177,1455121,卖盘
10:28:27,82.27,0.0,197,1620632,买盘
10:28:30,82.27,0.0,351,2887377,买盘
10:28:33,82.27,0.0,264,2177666,买盘
10:28:35,82.27,0.0,609,5010321,买盘
10:28:39,82.27,0.0,164,1349113,卖盘
10:28:42,82.26,-0.01,400,3283798,卖盘
10:28:45,82.27,0.01,485,3990120,卖盘
10:28:48,82.26,-0.01,633,5211387,卖盘
10:28:51,82.26,0.0,336,2763815,买盘
10:28:54,82.25,-0.01,274,2252601,卖盘
10:28:57,82.26,0.01,117,962793,买盘
10:29:00,82.26,0.0,705,5798881,买盘
10:29:03,82.25,-0.01,4369,35932334,卖盘
10:29:06,82.24,-0.01,378,3108316,卖盘
10:29:09,82.24,0.0,145,1192398,买盘
10:29:12,82.24,0.0,977,8033893,买盘
10:29:15,82.23,-0.01,257,2113327,卖盘
10:29:18,82.23,0.0,148,1216930,卖盘
10:29:20,82.24,0.01,377,3100324,买盘
10:29:22,82.23,-0.01,96,789760,卖盘
10:29:27,82.22,-0.01,448,3683574,卖盘
10:29:30,82.23,0.01,1671,13738664,卖盘
10:29:33,82.23,0.0,178,1463791,买盘
10:29:36,82.22,-0.01,133,1093531,卖盘
10:29:39,82.23,0.01,353,2902128,买盘
10:29:42,82.23,0.0,159,1307407,买盘
10:29:45,82.22,-0.01,242,1989733,卖盘
10:29:48,82.22,0.0,299,2458379,卖盘
10:29:49,82.22,0.0,93,772535,买盘
10:29:54,82.22,0.0,810,6659030,买盘
10:29:56,82.22,0.0,62,509835,买盘
10:30:00,82.21,-0.01,1231,10119672,卖盘
10:30:03,82.21,0.0,713,5861594,买盘
10:30:06,82.21,0.0,186,1528985,买盘
10:30:08,82.21,0.0,258,2120943,买盘
10:30:11,82.2,-0.01,742,6099340,卖盘
10:30:14,82.2,0.0,747,6134953,卖盘
10:30:18,82.2,0.0,576,4734825,卖盘
10:30:20,82.19,-0.01,2088,17161369,卖盘
10:30:24,82.18,-0.01,721,5931710,卖盘
10:30:27,82.2,0.02,414,3402341,买盘
10:30:30,82.2,0.0,618,5079023,买盘
10:30:33,82.18,-0.02,160,1314934,卖盘
10:30:36,82.19,0.01,365,2999399,中性盘
10:30:38,82.18,-0.01,111,912184,中性盘
10:30:42,82.17,-0.01,118,969666,卖盘
10:30:45,82.16,-0.01,637,5233796,卖盘
10:30:48,82.17,0.01,88,721923,买盘
10:30:51,82.14,-0.03,476,3910343,卖盘
10:30:54,82.14,0.0,94,772111,买盘
10:30:57,82.14,0.0,77,634816,买盘
10:30:59,82.14,0.0,1188,9755509,买盘
10:31:03,82.13,-0.01,80,657035,中性盘
10:31:06,82.11,-0.02,390,3202599,卖盘
10:31:09,82.1,-0.01,920,7546254,卖盘
10:31:12,82.09,-0.01,71,582891,卖盘
10:31:14,82.1,0.01,715,5869987,买盘
10:31:17,82.1,0.0,311,2553181,买盘
10:31:20,82.09,-0.01,121,993920,卖盘
10:31:24,82.09,0.0,659,5410140,买盘
10:31:27,82.08,-0.01,407,3340580,卖盘
10:31:30,82.08,0.0,2698,22132592,买盘
10:31:33,82.04,-0.04,156,1280254,中性盘
10:31:36,82.01,-0.03,1122,9201932,卖盘
10:31:39,82.04,0.03,1345,11030896,买盘
10:31:42,82.0,-0.04,854,7003669,卖盘
10:31:45,82.01,0.01,636,5215375,买盘
10:31:48,82.01,0.0,510,4190357,买盘
10:31:50,82.01,0.0,718,5888081,买盘
10:31:54,82.0,-0.01,1055,8647198,卖盘
10:31:57,82.01,0.01,356,2920233,买盘
10:32:00,82.02,0.01,336,2755873,买盘
10:32:03,82.03,0.01,305,2501836,中性盘
10:32:06,82.02,-0.01,316,2591680,卖盘
10:32:09,82.04,0.02,305,2502023,买盘
10:32:12,82.04,0.0,184,1509544,卖盘
10:32:15,82.04,0.0,503,4126173,卖盘
10:32:18,82.03,-0.01,283,2319143,中性盘
10:32:19,82.04,0.01,112,918863,买盘
10:32:24,82.04,0.0,85,697345,卖盘
10:32:25,82.06,0.02,160,1312667,买盘
10:32:30,82.07,0.01,166,1361994,买盘
10:32:32,82.06,-0.01,624,5119262,卖盘
10:32:36,82.07,0.01,277,2274445,买盘
10:32:38,82.07,0.0,313,2568423,买盘
10:32:42,82.08,0.01,44,361119,买盘
10:32:45,82.08,0.0,161,1321341,买盘
10:32:48,82.09,0.01,306,2511869,买盘
10:32:51,82.09,0.0,208,1707451,买盘
10:32:52,82.09,0.0,255,2093469,卖盘
10:32:57,82.11,0.02,13,106742,中性盘
10:33:00,82.12,0.01,23,188872,买盘
10:33:03,82.12,0.0,45,369510,买盘
10:33:06,82.12,0.0,190,1560173,买盘
10:33:09,82.13,0.01,196,1609567,买盘
10:33:11,82.14,0.01,46,377803,买盘
10:33:14,82.13,-0.01,140,1149855,卖盘
10:33:18,82.15,0.02,63,517506,买盘
10:33:20,82.14,-0.01,712,5847613,卖盘
10:33:22,82.16,0.02,1298,10658490,买盘
10:33:27,82.12,-0.04,284,2332947,卖盘
10:33:30,82.14,0.02,149,1223883,买盘
10:33:32,82.14,0.0,2027,16637263,买盘
10:33:36,82.13,-0.01,187,1535867,卖盘
10:33:39,82.14,0.01,188,1544003,买盘
10:33:41,82.14,0.0,89,731016,买盘
10:33:45,82.16,0.02,371,3047542,买盘
10:33:48,82.14,-0.02,35,287516,卖盘
10:33:51,82.14,0.0,61,501156,卖盘
10:33:54,82.14,0.0,279,2291919,卖盘
10:33:57,82.16,0.02,11,90368,买盘
10:34:00,82.15,-0.01,720,5913740,卖盘
10:34:03,82.14,-0.01,122,1002138,卖盘
10:34:06,82.14,0.0,152,1248591,买盘
10:34:09,82.14,0.0,147,1207442,买盘
10:34:12,82.13,-0.01,76,624253,卖盘
10:34:15,82.13,0.0,280,2299743,卖盘
10:34:17,82.13,0.0,189,1552402,买盘
10:34:20,82.12,-0.01,590,4845251,卖盘
10:34:24,82.11,-0.01,120,985386,卖盘
10:34:26,82.11,0.0,189,1551922,卖盘
10:34:30,82.11,0.0,291,2389498,卖盘
10:34:33,82.11,0.0,360,2955630,买盘
10:34:36,82.09,-0.02,265,2175494,卖盘
10:34:39,82.1,0.01,231,1896410,买盘
10:34:42,82.08,-0.02,109,894888,卖盘
10:34:45,82.1,0.02,146,1199271,买盘
10:34:48,82.08,-0.02,92,755204,卖盘
10:34:51,82.08,0.0,303,2486294,卖盘
10:34:54,82.06,-0.02,140,1153432,卖盘
10:34:57,82.08,0.02,91,746908,买盘
10:35:00,82.08,0.0,94,771520,买盘
10:35:03,82.08,0.0,603,4947684,买盘
10:35:06,82.05,-0.03,143,1173170,卖盘
10:35:09,82.08,0.03,177,1445738,买盘
10:35:12,82.08,0.0,147,1206552,买盘
10:35:15,82.08,0.0,69,573842,买盘
10:35:18,82.06,-0.02,245,2010505,卖盘
10:35:21,82.05,-0.01,161,1313262,卖盘
10:35:24,82.03,-0.02,576,4725239,卖盘
10:35:27,82.05,0.02,135,1107673,中性盘
10:35:30,82.05,0.0,182,1493296,买盘
10:35:33,82.06,0.01,148,1214313,买盘
10:35:36,82.04,-0.02,163,1337330,卖盘
10:35:39,82.04,0.0,143,1173172,买盘
10:35:42,82.03,-0.01,137,1123932,卖盘
10:35:44,82.04,0.01,138,1132087,买盘
10:35:47,82.04,0.0,408,3346855,买盘
10:35:51,82.04,0.0,1424,11683694,买盘
10:35:54,82.03,-0.01,234,1919401,卖盘
10:35:57,82.03,0.0,288,2362404,买盘
10:35:59,82.03,0.0,517,4241000,买盘
10:36:02,82.03,0.0,250,2050567,买盘
10:36:06,82.05,0.02,267,2190126,买盘
10:36:09,82.05,0.0,178,1460106,卖盘
10:36:12,82.04,-0.01,24,196895,卖盘
10:36:15,82.05,0.01,359,2945175,买盘
10:36:18,82.05,0.0,252,2067475,买盘
10:36:20,82.05,0.0,440,3611587,卖盘
10:36:24,82.05,0.0,142,1165204,卖盘
10:36:26,82.05,0.0,174,1427639,卖盘
10:36:30,82.05,0.0,159,1304571,买盘
10:36:33,82.04,-0.01,440,3610426,卖盘
10:36:35,82.05,0.01,152,1247198,卖盘
10:36:39,82.05,0.0,114,935566,卖盘
10:36:42,82.06,0.01,94,771456,中性盘
10:36:45,82.05,-0.01,117,960039,卖盘
10:36:48,82.1,0.05,153,1255735,买盘
10:36:50,82.09,-0.01,60,492533,卖盘
10:36:54,82.09,0.0,19,155971,卖盘
10:36:56,82.1,0.01,362,2971759,买盘
10:37:00,82.1,0.0,158,1298553,买盘
10:37:03,82.09,-0.01,174,1428491,卖盘
10:37:05,82.12,0.03,576,4735687,买盘
10:37:09,82.13,0.01,81,664247,买盘
10:37:11,82.12,-0.01,5,41059,买盘
10:37:14,82.12,0.0,14,114954,买盘
10:37:18,82.12,0.0,130,1067469,买盘
10:37:21,82.12,0.0,44,361330,卖盘
10:37:24,82.12,0.0,148,1215400,卖盘
10:37:27,82.1,-0.02,535,4385968,卖盘
10:37:30,82.1,0.0,115,944149,买盘
10:37:32,82.1,0.0,141,1157526,买盘
10:37:35,82.09,-0.01,253,2077759,卖盘
10:37:39,82.1,0.01,162,1329949,买盘
10:37:41,82.09,-0.01,79,654467,中性盘
10:37:45,82.09,0.0,158,1297022,买盘
10:37:48,82.1,0.01,258,2113973,买盘
10:37:52,82.12,0.02,162,1329932,买盘
10:37:54,82.1,-0.02,68,558295,卖盘
10:37:57,82.1,0.0,158,1294553,卖盘
10:38:00,82.1,0.0,114,935917,买盘
10:38:02,82.12,0.02,31,254516,买盘
10:38:06,82.12,0.0,180,1477870,买盘
10:38:08,82.1,-0.02,52,426941,卖盘
10:38:12,82.12,0.02,53,435187,买盘
10:38:15,82.11,-0.01,180,1478074,卖盘
10:38:18,82.11,0.0,71,582970,买盘
10:38:21,82.11,0.0,497,4086131,买盘
10:38:24,82.11,0.0,97,796460,买盘
10:38:27,82.11,0.0,531,4353956,买盘
10:38:29,82.11,0.0,165,1354882,卖盘
10:38:33,82.12,0.01,54,443431,中性盘
10:38:36,82.12,0.0,12,98546,卖盘
10:38:38,82.12,0.0,167,1371430,卖盘
10:38:43,82.14,0.02,101,829468,买盘
10:38:45,82.13,-0.01,11,90344,卖盘
10:38:48,82.13,0.0,161,1322301,卖盘
10:38:51,82.13,0.0,93,763853,卖盘
10:38:54,82.14,0.01,114,936351,买盘
10:38:56,82.14,0.0,138,1133438,买盘
10:39:00,82.14,0.0,264,2168325,买盘
10:39:03,82.14,0.0,108,887102,买盘
10:39:06,82.14,0.0,122,1002109,卖盘
10:39:09,82.15,0.01,22,180715,买盘
10:39:12,82.14,-0.01,235,1930312,卖盘
10:39:15,82.15,0.01,91,747543,买盘
10:39:17,82.15,0.0,171,1404787,买盘
10:39:20,82.14,-0.01,192,1577078,卖盘
10:39:24,82.15,0.01,119,977548,买盘
10:39:27,82.15,0.0,170,1396444,买盘
10:39:29,82.15,0.0,60,492871,买盘
10:39:32,82.15,0.0,246,2020888,买盘
10:39:36,82.15,0.0,114,936511,卖盘
10:39:39,82.15,0.0,132,1084381,卖盘
10:39:42,82.16,0.01,23,188962,买盘
10:39:45,82.16,0.0,67,557514,买盘
10:39:48,82.15,-0.01,195,1602001,卖盘
10:39:50,82.16,0.01,24,197195,中性盘
10:39:54,82.16,0.0,44,361508,卖盘
10:39:57,82.18,0.02,129,1059848,买盘
10:39:59,82.18,0.0,56,460119,买盘
10:40:03,82.16,-0.02,269,2210113,卖盘
10:40:06,82.17,0.01,280,2300764,买盘
10:40:09,82.17,0.0,24,197215,买盘
10:40:12,82.16,-0.01,258,2119985,卖盘
10:40:15,82.17,0.01,74,608058,买盘
10:40:18,82.18,0.01,417,3424252,买盘
10:40:21,82.19,0.01,62,509553,买盘
10:40:24,82.19,0.0,135,1109540,买盘
10:40:27,82.17,-0.02,130,1064228,卖盘
10:40:30,82.18,0.01,54,443783,买盘
10:40:33,82.18,0.0,109,895761,买盘
10:40:35,82.17,-0.01,368,3024204,卖盘
10:40:39,82.19,0.02,31,254782,买盘
10:40:42,82.19,0.0,145,1194425,买盘
10:40:44,82.19,0.0,226,1857333,买盘
10:40:47,82.18,-0.01,152,1249155,卖盘
10:40:52,82.18,0.0,132,1086276,买盘
10:40:53,82.19,0.01,74,608163,买盘
10:40:57,82.19,0.0,249,2041118,买盘
10:41:00,82.2,0.01,145,1191714,买盘
10:41:03,82.2,0.0,32,263019,买盘
10:41:06,82.2,0.0,74,608207,买盘
10:41:09,82.2,0.0,371,3049497,买盘
10:41:12,82.19,-0.01,71,583590,卖盘
10:41:15,82.19,0.0,74,608274,卖盘
10:41:19,82.2,0.01,128,1052052,买盘
10:41:21,82.19,-0.01,162,1335067,卖盘
10:41:24,82.19,0.0,137,1122546,卖盘
10:41:27,82.19,0.0,193,1586417,卖盘
10:41:30,82.21,0.02,53,437353,买盘
10:41:33,82.2,-0.01,47,386351,卖盘
10:41:36,82.21,0.01,6,54912,买盘
10:41:39,82.2,-0.01,112,915027,卖盘
10:41:42,82.2,0.0,90,739790,买盘
10:41:45,82.21,0.01,220,1808412,买盘
10:41:48,82.2,-0.01,168,1382753,卖盘
10:41:51,82.2,0.0,168,1381070,卖盘
10:41:54,82.21,0.01,110,904301,买盘
10:41:57,82.21,0.0,216,1775553,买盘
10:42:00,82.21,0.0,118,970030,买盘
10:42:03,82.21,0.0,151,1241398,卖盘
10:42:06,82.21,0.0,25,205542,卖盘
10:42:09,82.21,0.0,140,1150976,卖盘
10:42:11,82.21,0.0,241,1981290,卖盘
10:42:15,82.22,0.01,183,1504371,买盘
10:42:18,82.21,-0.01,330,2712603,买盘
10:42:21,82.2,-0.01,239,1961739,中性盘
10:42:24,82.2,0.0,720,5917638,买盘
10:42:27,82.19,-0.01,250,2054769,中性盘
10:42:30,82.19,0.0,1023,8409181,买盘
10:42:33,82.18,-0.01,355,2916517,买盘
10:42:36,82.18,0.0,92,759808,买盘
10:42:38,82.19,0.01,188,1544904,买盘
10:42:42,82.18,-0.01,219,1799573,买盘
10:42:45,82.17,-0.01,209,1709560,中性盘
10:42:48,82.16,-0.01,71,583292,买盘
10:42:51,82.14,-0.02,110,907014,卖盘
10:42:54,82.16,0.02,40,328640,买盘
10:42:57,82.14,-0.02,139,1146379,卖盘
10:43:00,82.16,0.02,103,846171,买盘
10:43:03,82.24,0.08,947,7779296,买盘
10:43:06,82.25,0.01,136,1118494,买盘
10:43:09,82.24,-0.01,154,1266498,卖盘
10:43:12,82.24,0.0,226,1858626,卖盘
10:43:15,82.25,0.01,95,781770,买盘
10:43:18,82.24,-0.01,308,2533520,卖盘
10:43:20,82.25,0.01,366,3009999,买盘
10:43:23,82.25,0.0,22,180970,卖盘
10:43:27,82.25,0.0,142,1167895,卖盘
10:43:31,82.25,0.0,130,1069323,买盘
10:43:33,82.26,0.01,83,682675,买盘
10:43:36,82.26,0.0,55,452437,买盘
10:43:39,82.24,-0.02,239,1965662,卖盘
10:43:42,82.19,-0.05,104,857427,买盘
10:43:45,82.24,0.05,146,1200269,买盘
10:43:47,82.2,-0.04,142,1167526,卖盘
10:43:52,82.25,0.05,16,131577,买盘
10:43:53,82.2,-0.05,55,452213,卖盘
10:43:57,82.24,0.04,16,131581,买盘
10:44:00,82.24,0.0,43,353564,买盘
10:44:03,82.24,0.0,60,493430,买盘
10:44:06,82.22,-0.02,30,246708,卖盘
10:44:08,82.22,0.0,45,370005,卖盘
10:44:12,82.22,0.0,46,378207,买盘
10:44:14,82.21,-0.01,125,1021460,卖盘
10:44:17,82.21,0.0,185,1525568,买盘
10:44:22,82.21,0.0,37,301050,买盘
10:44:24,82.2,-0.01,298,2454113,卖盘
10:44:27,82.19,-0.01,195,1603655,卖盘
10:44:29,82.2,0.01,88,717309,买盘
10:44:33,82.19,-0.01,71,583559,卖盘
10:44:36,82.18,-0.01,152,1254992,卖盘
10:44:39,82.18,0.0,131,1076494,买盘
10:44:42,82.17,-0.01,115,944976,中性盘
10:44:45,82.16,-0.01,115,944875,卖盘
10:44:47,82.15,-0.01,228,1873206,卖盘
10:44:51,82.15,0.0,60,492900,买盘
10:44:54,82.15,0.0,39,320362,买盘
10:44:57,82.15,0.0,157,1289646,买盘
10:45:00,82.14,-0.01,294,2414630,卖盘
10:45:03,82.14,0.0,180,1475492,买盘
10:45:05,82.14,0.0,97,796727,买盘
10:45:09,82.13,-0.01,127,1045754,卖盘
10:45:12,82.13,0.0,31,254603,买盘
10:45:14,82.13,0.0,2020,16600024,买盘
10:45:17,82.14,0.01,170,1396139,买盘
10:45:21,82.14,0.0,325,2669286,卖盘
10:45:23,82.18,0.04,48,394257,买盘
10:45:26,82.13,-0.05,113,928098,卖盘
10:45:30,82.14,0.01,181,1487100,买盘
10:45:33,82.14,0.0,55,451768,买盘
10:45:35,82.13,-0.01,352,2890529,卖盘
10:45:39,82.13,0.0,73,594125,买盘
10:45:42,82.12,-0.01,435,3577702,卖盘
10:45:46,82.12,0.0,739,6068164,买盘
10:45:47,82.12,0.0,142,1159762,买盘
10:45:52,82.13,0.01,1236,10155611,买盘
10:45:54,82.11,-0.02,250,2052916,卖盘
10:45:57,82.13,0.02,53,436773,中性盘
10:46:00,82.13,0.0,95,780171,买盘
10:46:03,82.13,0.0,40,328492,买盘
10:46:06,82.11,-0.02,93,763141,卖盘
10:46:09,82.12,0.01,172,1412460,买盘
10:46:11,82.11,-0.01,157,1289203,卖盘
10:46:14,82.12,0.01,65,533759,中性盘
10:46:18,82.11,-0.01,357,2931547,卖盘
10:46:20,82.12,0.01,73,594842,买盘
10:46:23,82.12,0.0,2118,17409789,卖盘
10:46:27,82.13,0.01,158,1297856,中性盘
10:46:30,82.18,0.05,67,550314,卖盘
10:46:33,82.13,-0.05,10,82130,卖盘
10:46:35,82.14,0.01,32,262826,买盘
10:46:38,82.14,0.0,222,1823719,买盘
10:46:42,82.12,-0.02,294,2414550,卖盘
10:46:45,82.14,0.02,39,319251,卖盘
10:46:48,82.13,-0.01,77,633519,卖盘
10:46:50,82.13,0.0,95,785946,买盘
10:46:53,82.12,-0.01,162,1324645,卖盘
10:46:57,82.12,0.0,273,2241761,买盘
10:47:00,82.12,0.0,44,360415,买盘
10:47:03,82.12,0.0,984,8083563,买盘
10:47:05,82.12,0.0,143,1171854,买盘
10:47:09,82.12,0.0,140,1149670,卖盘
10:47:12,82.12,0.0,85,697986,买盘
10:47:14,82.13,0.01,68,558432,买盘
10:47:18,82.12,-0.01,462,3793935,卖盘
10:47:21,82.24,0.12,978,8043099,买盘
10:47:23,82.24,0.0,189,1554336,卖盘
10:47:27,82.24,0.0,506,4161344,卖盘
10:47:30,82.24,0.0,14,115139,卖盘
10:47:33,82.24,0.0,20,164486,卖盘
10:47:35,82.25,0.01,47,388027,买盘
10:47:39,82.25,0.0,260,2138352,买盘
10:47:42,82.24,-0.01,270,2220831,卖盘
10:47:45,82.21,-0.03,311,2554840,买盘
10:47:47,82.2,-0.01,83,682267,中性盘
10:47:52,82.18,-0.02,11,90166,中性盘
10:47:54,82.2,0.02,563,4628383,买盘
10:47:56,82.2,0.0,36,295920,买盘
10:48:00,82.18,-0.02,49,402683,卖盘
10:48:03,82.18,0.0,15,123270,买盘
10:48:07,82.18,0.0,59,484847,买盘
10:48:09,82.18,0.0,606,4981157,买盘
10:48:11,82.24,0.06,42,345266,买盘
10:48:15,82.18,-0.06,55,451972,卖盘
10:48:18,82.2,0.02,112,920459,买盘
10:48:20,82.2,0.0,101,829851,买盘
10:48:24,82.19,-0.01,146,1199886,卖盘
10:48:26,82.19,0.0,68,558854,买盘
10:48:29,82.16,-0.03,72,591979,卖盘
10:48:33,82.18,0.02,101,829780,买盘
10:48:35,82.16,-0.02,67,550596,中性盘
10:48:38,82.18,0.02,120,984112,买盘
10:48:41,82.18,0.0,74,608092,买盘
10:48:44,82.18,0.0,40,328675,买盘
10:48:48,82.16,-0.02,220,1805813,卖盘
10:48:51,82.16,0.0,84,690144,买盘
10:48:54,82.16,0.0,71,583335,买盘
10:48:57,82.16,0.0,269,2212583,买盘
10:49:00,82.16,0.0,217,1782760,买盘
10:49:03,82.16,0.0,80,653549,买盘
10:49:06,82.17,0.01,20,164340,买盘
10:49:10,82.16,-0.01,105,863787,卖盘
10:49:12,82.18,0.02,7,57519,买盘
10:49:14,82.18,0.0,84,690291,买盘
10:49:18,82.17,-0.01,74,608081,卖盘
10:49:21,82.19,0.02,321,2637534,买盘
10:49:24,82.18,-0.01,23,189014,卖盘
10:49:27,82.17,-0.01,201,1651673,卖盘
10:49:30,82.18,0.01,117,961381,买盘
10:49:33,82.18,0.0,61,501259,买盘
10:49:36,82.18,0.0,322,2649916,买盘
10:49:39,82.17,-0.01,102,838081,卖盘
10:49:42,82.18,0.01,31,255572,买盘
10:49:44,82.16,-0.02,210,1725577,卖盘
10:49:48,82.17,0.01,191,1569525,中性盘
10:49:50,82.16,-0.01,150,1232520,卖盘
10:49:54,82.16,0.0,59,484800,卖盘
10:49:57,82.17,0.01,196,1610400,买盘
10:50:00,82.17,0.0,195,1602218,买盘
10:50:03,82.17,0.0,82,673787,买盘
10:50:06,82.16,-0.01,128,1051666,卖盘
10:50:09,82.16,0.0,175,1437849,卖盘
10:50:12,82.17,0.01,54,443717,买盘
10:50:15,82.16,-0.01,281,2301569,卖盘
10:50:17,82.17,0.01,383,3146783,中性盘
10:50:20,82.17,0.0,46,377996,卖盘
10:50:24,82.17,0.0,17,139693,卖盘
10:50:26,82.16,-0.01,268,2207390,卖盘
10:50:30,82.18,0.02,413,3396548,买盘
10:50:33,82.17,-0.01,255,2095443,卖盘
10:50:36,82.17,0.0,43,345652,买盘
10:50:39,82.17,0.0,172,1417511,买盘
10:50:42,82.17,0.0,28,230072,买盘
10:50:45,82.16,-0.01,160,1314653,卖盘
10:50:47,82.15,-0.01,171,1404983,卖盘
10:50:51,82.16,0.01,70,575110,买盘
10:50:54,82.17,0.01,39,316190,买盘
10:50:57,82.17,0.0,86,706645,卖盘
10:51:00,82.17,0.0,58,476576,卖盘
10:51:02,82.17,0.0,47,386198,买盘
10:51:07,82.16,-0.01,36,295805,卖盘
10:51:09,82.17,0.01,172,1413228,买盘
10:51:12,82.17,0.0,196,1610379,买盘
10:51:15,82.16,-0.01,172,1416988,卖盘
10:51:18,82.16,0.0,381,3129952,买盘
10:51:21,82.16,0.0,97,796952,买盘
10:51:24,82.16,0.0,40,328636,买盘
10:51:27,82.15,-0.01,543,4460880,卖盘
10:51:29,82.16,0.01,424,3482876,买盘
10:51:32,82.16,0.0,35,287558,买盘
10:51:36,82.14,-0.02,220,1808409,卖盘
10:51:39,82.14,0.0,316,2595409,买盘
10:51:42,82.14,0.0,122,1002050,买盘
10:51:45,82.12,-0.02,251,2061384,卖盘
10:51:47,82.13,0.01,317,2603373,卖盘
10:51:50,82.13,0.0,677,5560413,买盘
10:51:53,82.14,0.01,280,2299268,买盘
10:51:57,82.12,-0.02,219,1798325,卖盘
10:52:00,82.12,0.0,80,656935,买盘
10:52:02,82.13,0.01,31,254581,买盘
10:52:07,82.12,-0.01,264,2167841,卖盘
10:52:09,82.12,0.0,223,1828298,买盘
10:52:12,82.13,0.01,160,1316734,买盘
10:52:16,82.12,-0.01,134,1097530,卖盘
10:52:18,82.11,-0.01,165,1354867,卖盘
10:52:20,82.1,-0.01,148,1215242,卖盘
10:52:24,82.1,0.0,244,2002903,卖盘
10:52:26,82.11,0.01,226,1855637,买盘
10:52:30,82.11,0.0,464,3809601,卖盘
10:52:33,82.11,0.0,361,2969240,买盘
10:52:37,82.1,-0.01,598,4909658,卖盘
10:52:39,82.11,0.01,247,2027921,买盘
10:52:42,82.11,0.0,383,3144512,买盘
10:52:44,82.1,-0.01,102,837503,卖盘
10:52:48,82.1,0.0,630,5167542,卖盘
10:52:51,82.1,0.0,415,3406744,买盘
10:52:54,82.1,0.0,108,886588,买盘
10:52:57,82.09,-0.01,451,3702368,中性盘
10:53:01,82.09,0.0,731,6000340,买盘
10:53:03,82.07,-0.02,233,1912135,卖盘
10:53:06,82.08,0.01,29,238032,买盘
10:53:09,82.08,0.0,314,2575531,买盘
10:53:12,82.07,-0.01,91,748329,卖盘
10:53:15,82.07,0.0,80,656524,买盘
10:53:18,82.07,0.0,132,1084132,买盘
10:53:22,82.06,-0.01,301,2470083,卖盘
10:53:24,82.07,0.01,106,874647,买盘
10:53:27,82.06,-0.01,94,768621,卖盘
10:53:30,82.06,0.0,109,891582,卖盘
10:53:33,82.07,0.01,74,607250,买盘
10:53:35,82.06,-0.01,69,566206,卖盘
10:53:39,82.06,0.0,44,361064,买盘
10:53:42,82.06,0.0,212,1739639,买盘
10:53:45,82.07,0.01,155,1271907,买盘
10:53:47,82.06,-0.01,157,1288377,卖盘
10:53:52,82.07,0.01,31,254408,买盘
10:53:54,82.06,-0.01,22,180537,卖盘
10:53:57,82.07,0.01,125,1025764,买盘
10:53:59,82.06,-0.01,419,3438316,卖盘
10:54:02,82.06,0.0,146,1200489,买盘
10:54:06,82.06,0.0,129,1058627,卖盘
10:54:10,82.06,0.0,150,1230898,卖盘
10:54:12,82.07,0.01,73,601265,买盘
10:54:15,82.06,-0.01,208,1704714,卖盘
10:54:17,82.06,0.0,91,748961,买盘
10:54:21,82.07,0.01,118,968340,卖盘
10:54:24,82.06,-0.01,441,3619812,卖盘
10:54:27,82.07,0.01,45,369311,中性盘
10:54:30,82.07,0.0,219,1794758,卖盘
10:54:33,82.07,0.0,66,541634,买盘
10:54:36,82.07,0.0,276,2264969,买盘
10:54:39,82.07,0.0,244,2002456,买盘
10:54:42,82.08,0.01,91,746846,买盘
10:54:44,82.08,0.0,98,804348,买盘
10:54:48,82.08,0.0,159,1304982,买盘
10:54:52,82.06,-0.02,699,5736812,卖盘
10:54:54,82.07,0.01,102,837107,卖盘
10:54:57,82.07,0.0,289,2371572,买盘
10:55:00,82.08,0.01,367,3011758,买盘
10:55:03,82.07,-0.01,92,755006,卖盘
10:55:07,82.06,-0.01,266,2182407,卖盘
10:55:09,82.05,-0.01,1648,13519343,卖盘
10:55:12,82.05,0.0,308,2526336,买盘
10:55:15,82.04,-0.01,375,3076934,卖盘
10:55:18,82.03,-0.01,215,1763741,卖盘
10:55:21,82.03,0.0,296,2428128,卖盘
10:55:24,82.03,0.0,233,1911423,卖盘
10:55:27,82.04,0.01,305,2501946,买盘
10:55:31,82.02,-0.02,1219,10001443,卖盘
10:55:33,82.04,0.02,2268,18597383,买盘
10:55:36,82.04,0.0,229,1878515,买盘
10:55:39,82.03,-0.01,352,2891084,卖盘
10:55:41,82.03,0.0,37,303508,买盘
10:55:45,82.02,-0.01,189,1550264,卖盘
10:55:48,82.03,0.01,140,1148378,买盘
10:55:51,82.03,0.0,281,2304829,买盘
10:55:53,82.03,0.0,507,4158443,买盘
10:55:57,82.03,0.0,363,2973378,买盘
10:56:00,82.02,-0.01,193,1582968,卖盘
10:56:03,82.02,0.0,132,1082633,买盘
10:56:05,82.03,0.01,200,1640454,买盘
10:56:10,82.02,-0.01,446,3658227,卖盘
10:56:12,82.02,0.0,510,4188686,卖盘
10:56:14,82.03,0.01,34,278902,卖盘
10:56:18,82.03,0.0,58,475766,卖盘
10:56:20,82.03,0.0,108,885924,卖盘
10:56:24,82.03,0.0,69,565998,卖盘
10:56:27,82.03,0.0,157,1287881,卖盘
10:56:30,82.03,0.0,334,2739541,卖盘
10:56:32,82.03,0.0,134,1099201,买盘
10:56:35,82.04,0.01,107,877728,买盘
10:56:39,82.03,-0.01,431,3535209,卖盘
10:56:42,82.03,0.0,63,516786,卖盘
10:56:45,82.03,0.0,92,754683,买盘
10:56:47,82.03,0.0,267,2190012,买盘
10:56:51,82.03,0.0,200,1640507,卖盘
10:56:53,82.03,0.0,565,4634214,买盘
10:56:58,82.03,0.0,473,3879672,买盘
10:57:00,82.03,0.0,291,2386864,买盘
10:57:03,82.02,-0.01,305,2501513,卖盘
10:57:07,82.03,0.01,153,1254953,买盘
10:57:09,82.02,-0.01,186,1525571,卖盘
10:57:12,82.02,0.0,157,1287678,中性盘
10:57:15,82.03,0.01,159,1304274,买盘
10:57:18,82.02,-0.01,49,401910,卖盘
10:57:22,82.02,0.0,149,1222148,卖盘
10:57:24,82.02,0.0,310,2542812,卖盘
10:57:27,82.02,0.0,42,344498,卖盘
10:57:29,82.03,0.01,329,2698614,买盘
10:57:32,82.03,0.0,361,2961076,买盘
10:57:37,82.03,0.0,324,2657791,卖盘
10:57:39,82.02,-0.01,582,4768525,卖盘
10:57:42,82.03,0.01,59,481779,卖盘
10:57:44,82.03,0.0,76,625651,卖盘
10:57:48,82.02,-0.01,136,1115615,卖盘
10:57:52,82.03,0.01,191,1569910,买盘
10:57:54,82.03,0.0,116,951491,买盘
10:57:57,82.03,0.0,161,1320609,买盘
10:58:00,82.03,0.0,186,1525612,买盘
10:58:03,82.03,0.0,111,910509,买盘
10:58:05,82.03,0.0,194,1591369,买盘
10:58:09,82.03,0.0,517,4238463,买盘
10:58:12,82.03,0.0,22,180470,买盘
10:58:14,82.03,0.0,28,229685,卖盘
10:58:18,82.03,0.0,141,1156623,卖盘
10:58:22,82.02,-0.01,224,1839599,卖盘
10:58:24,82.03,0.01,44,360938,中性盘
10:58:27,82.03,0.0,363,2977684,卖盘
10:58:30,82.05,0.02,202,1657097,买盘
10:58:33,82.05,0.0,84,689170,买盘
10:58:35,82.04,-0.01,36,295344,卖盘
10:58:38,82.04,0.0,98,803994,卖盘
10:58:42,82.04,0.0,118,969213,卖盘
10:58:44,82.05,0.01,288,2362630,买盘
10:58:47,82.04,-0.01,127,1042014,中性盘
10:58:52,82.04,0.0,145,1189580,买盘
10:58:54,82.04,0.0,42,344567,买盘
10:58:57,82.05,0.01,197,1616140,买盘
10:59:00,82.05,0.0,135,1107569,买盘
10:59:02,82.04,-0.01,215,1763769,卖盘
10:59:07,82.04,0.0,84,689164,卖盘
10:59:10,82.05,0.01,127,1041926,买盘
10:59:12,82.05,0.0,8,65640,买盘
10:59:15,82.05,0.0,44,360522,买盘
10:59:18,82.05,0.0,112,918938,买盘
10:59:22,82.05,0.0,586,4807541,买盘
10:59:24,82.04,-0.01,67,549668,中性盘
10:59:27,82.04,0.0,80,656308,买盘
10:59:29,82.04,0.0,1733,14214964,买盘
10:59:33,82.05,0.01,162,1329082,买盘
10:59:36,82.04,-0.01,19,155876,卖盘
10:59:40,82.05,0.01,64,525101,买盘
10:59:42,82.05,0.0,139,1140400,买盘
10:59:45,82.04,-0.01,65,533294,卖盘
10:59:48,82.05,0.01,183,1501420,买盘
10:59:50,82.05,0.0,205,1682006,买盘
10:59:54,82.06,0.01,38,311792,买盘
10:59:57,82.05,-0.01,13,106665,卖盘
11:00:00,82.06,0.01,78,640059,买盘
11:00:03,82.06,0.0,544,4460953,买盘
11:00:07,82.06,0.0,85,697505,买盘
11:00:09,82.06,0.0,53,437445,买盘
11:00:12,82.06,0.0,93,763102,买盘
11:00:14,82.06,0.0,120,984700,买盘
11:00:18,82.06,0.0,94,771341,卖盘
11:00:22,82.06,0.0,45,369282,卖盘
11:00:24,82.05,-0.01,262,2150958,卖盘
11:00:27,82.05,0.0,54,443109,卖盘
11:00:30,82.06,0.01,42,344629,买盘
11:00:33,82.06,0.0,210,1723260,买盘
11:00:37,82.03,-0.03,606,4971928,卖盘
11:00:38,82.06,0.03,202,1657607,中性盘
11:00:42,82.05,-0.01,78,640058,卖盘
11:00:45,82.06,0.01,117,960032,买盘
11:00:47,82.05,-0.01,75,608452,卖盘
11:00:52,82.05,0.0,40,328214,卖盘
11:00:54,82.06,0.01,27,221552,买盘
11:00:57,82.06,0.0,76,630490,买盘
11:01:00,82.07,0.01,124,1017542,买盘
11:01:03,82.05,-0.02,66,541583,卖盘
11:01:07,82.04,-0.01,581,4767013,卖盘
11:01:09,82.06,0.02,44,361064,买盘
11:01:13,82.06,0.0,17,139493,买盘
11:01:14,82.05,-0.01,90,733849,卖盘
11:01:18,82.05,0.0,58,480576,卖盘
11:01:20,82.05,0.0,123,1009206,买盘
11:01:23,82.05,0.0,27,216854,买盘
11:01:27,82.05,0.0,62,508728,卖盘
11:01:30,82.05,0.0,88,726718,卖盘
11:01:33,82.04,-0.01,78,637677,卖盘
11:01:37,82.05,0.01,217,1775772,买盘
11:01:39,82.04,-0.01,58,475884,卖盘
11:01:43,82.06,0.02,373,3060401,买盘
11:01:45,82.05,-0.01,121,992806,卖盘
11:01:48,82.05,0.0,77,631824,卖盘
11:01:52,82.05,0.0,33,270773,卖盘
11:01:54,82.05,0.0,111,918146,卖盘
11:01:57,82.05,0.0,63,516937,卖盘
11:01:59,82.06,0.01,26,213350,买盘
11:02:03,82.05,-0.01,36,295384,卖盘
11:02:06,82.05,0.0,217,1773103,卖盘
11:02:09,82.05,0.0,16,131272,买盘
11:02:12,82.04,-0.01,56,459454,卖盘
11:02:15,82.05,0.01,40,328021,买盘
11:02:18,82.04,-0.01,140,1156127,卖盘
11:02:22,82.04,0.0,341,2790838,卖盘
11:02:24,82.04,0.0,122,1000863,买盘
11:02:27,82.03,-0.01,45,373839,卖盘
11:02:29,82.05,0.02,257,2108763,买盘
11:02:32,82.04,-0.01,358,2936771,卖盘
11:02:37,82.03,-0.01,65,533259,卖盘
11:02:39,82.04,0.01,113,926754,买盘
11:02:43,82.04,0.0,31,254321,买盘
11:02:46,82.03,-0.01,42,344563,卖盘
11:02:48,82.04,0.01,168,1379228,买盘
11:02:50,82.03,-0.01,395,3240197,卖盘
11:02:53,82.03,0.0,86,701273,卖盘
11:02:57,82.03,0.0,41,336323,买盘
11:03:00,82.04,0.01,184,1509407,买盘
11:03:04,82.03,-0.01,63,516838,卖盘
11:03:07,82.03,0.0,181,1484816,卖盘
11:03:10,82.03,0.0,54,442978,卖盘
11:03:12,82.03,0.0,1459,11970634,卖盘
11:03:14,82.04,0.01,45,369152,中性盘
11:03:17,82.04,0.0,58,475814,卖盘
11:03:22,82.04,0.0,21,172284,卖盘
11:03:24,82.04,0.0,25,205115,卖盘
11:03:27,82.04,0.0,56,459447,卖盘
11:03:30,82.05,0.01,120,984488,买盘
11:03:33,82.04,-0.01,129,1058317,卖盘
11:03:35,82.05,0.01,757,6210278,买盘
11:03:39,82.08,0.03,141,1158691,买盘
11:03:43,82.08,0.0,79,648356,卖盘
11:03:45,82.07,-0.01,19,155938,买盘
11:03:49,82.09,0.02,54,443259,买盘
11:03:52,82.08,-0.01,45,369399,中性盘
11:03:54,82.09,0.01,14,114917,中性盘
11:03:57,82.1,0.01,111,911166,买盘
11:03:59,82.1,0.0,27,221636,买盘
11:04:04,82.1,0.0,124,1017803,买盘
11:04:07,82.1,0.0,39,318617,买盘
11:04:09,82.09,-0.01,111,912754,卖盘
11:04:12,82.1,0.01,124,1017984,买盘
11:04:14,82.08,-0.02,106,870573,卖盘
11:04:19,82.09,0.01,64,525422,中性盘
11:04:22,82.09,0.0,34,279101,买盘
11:04:24,82.08,-0.01,128,1050770,卖盘
11:04:27,82.09,0.01,147,1206791,买盘
11:04:30,82.1,0.01,110,903097,买盘
11:04:33,82.09,-0.01,158,1297093,卖盘
11:04:37,82.09,0.0,94,771623,卖盘
11:04:40,82.1,0.01,123,1009645,买盘
11:04:42,82.09,-0.01,99,812748,中性盘
11:04:45,82.1,0.01,179,1467107,买盘
11:04:48,82.09,-0.01,189,1551701,卖盘
11:04:52,82.11,0.02,15,123158,买盘
11:04:54,82.11,0.0,83,681451,买盘
11:04:57,82.11,0.0,49,402338,买盘
11:05:00,82.11,0.0,33,270969,中性盘
11:05:03,82.11,0.0,1,8211,卖盘
11:05:07,82.12,0.01,22,180653,买盘
11:05:09,82.11,-0.01,16,131386,卖盘
11:05:12,82.12,0.01,155,1272838,买盘
11:05:16,82.12,0.0,111,911532,买盘
11:05:18,82.12,0.0,140,1149589,买盘
11:05:22,82.11,-0.01,188,1543703,卖盘
11:05:23,82.12,0.01,150,1231646,卖盘
11:05:27,82.11,-0.01,70,574819,卖盘
11:05:30,82.12,0.01,60,492707,中性盘
11:05:34,82.11,-0.01,44,361332,卖盘
11:05:36,82.11,0.0,41,336666,卖盘
11:05:38,82.12,0.01,127,1042914,买盘
11:05:42,82.12,0.0,36,295627,买盘
11:05:46,82.12,0.0,33,270993,买盘
11:05:47,82.12,0.0,239,1962515,买盘
11:05:50,82.11,-0.01,165,1354869,卖盘
11:05:54,82.11,0.0,63,517293,买盘
11:05:57,82.11,0.0,28,229898,买盘
11:06:01,82.12,0.01,43,353096,买盘
11:06:03,82.11,-0.01,93,763617,卖盘
11:06:06,82.12,0.01,93,763638,买盘
11:06:10,82.12,0.0,50,410605,卖盘
11:06:12,82.12,0.0,72,591315,卖盘
11:06:15,82.12,0.0,62,509124,买盘
11:06:18,82.11,-0.01,210,1724378,卖盘
11:06:22,82.12,0.01,107,878627,买盘
11:06:23,82.12,0.0,289,2373232,买盘
11:06:27,82.12,0.0,183,1502796,卖盘
11:06:30,82.13,0.01,7,57490,买盘
11:06:33,82.12,-0.01,25,205306,卖盘
11:06:37,82.13,0.01,26,213521,买盘
11:06:40,82.13,0.0,32,262808,买盘
11:06:42,82.13,0.0,58,476356,买盘
11:06:44,82.13,0.0,55,451715,卖盘
11:06:48,82.14,0.01,83,681727,买盘
11:06:50,82.13,-0.01,91,747380,买盘
11:06:54,82.13,0.0,37,303873,买盘
11:06:58,82.13,0.0,101,829513,买盘
11:07:00,82.13,0.0,37,303881,买盘
11:07:03,82.13,0.0,31,254602,买盘
11:07:07,82.14,0.01,196,1609782,买盘
11:07:10,82.15,0.01,556,4567326,买盘
11:07:13,82.15,0.0,50,410762,卖盘
11:07:14,82.15,0.0,51,418977,卖盘
11:07:17,82.16,0.01,20,164318,买盘
11:07:22,82.16,0.0,53,435433,买盘
11:07:25,82.16,0.0,169,1388445,买盘
11:07:27,82.16,0.0,52,427216,买盘
11:07:29,82.17,0.01,233,1914288,买盘
11:07:33,82.16,-0.01,21,172538,中性盘
11:07:37,82.17,0.01,14,115023,买盘
11:07:40,82.17,0.0,61,502371,买盘
11:07:42,82.17,0.0,195,1602174,买盘
11:07:45,82.17,0.0,119,977822,买盘
11:07:47,82.18,0.01,43,353336,买盘
11:07:50,82.18,0.0,26,213662,买盘
11:07:54,82.18,0.0,71,583422,买盘
11:07:57,82.17,-0.01,39,320475,卖盘
11:08:01,82.17,0.0,33,271192,卖盘
11:08:02,82.18,0.01,72,591676,买盘
11:08:07,82.18,0.0,51,419118,买盘
11:08:10,82.18,0.0,50,410883,买盘
11:08:12,82.17,-0.01,216,1772724,卖盘
11:08:14,82.18,0.01,35,294933,买盘
11:08:17,82.18,0.0,58,476633,买盘
11:08:22,82.18,0.0,77,632735,买盘
11:08:23,82.17,-0.01,91,741407,卖盘
11:08:27,82.17,0.0,131,1076478,卖盘
11:08:29,82.18,0.01,96,795057,买盘
11:08:33,82.18,0.0,47,386246,买盘
11:08:35,82.18,0.0,227,1865342,买盘
11:08:39,82.18,0.0,210,1722241,买盘
11:08:42,82.17,-0.01,184,1512068,卖盘
11:08:45,82.18,0.01,58,476622,买盘
11:08:48,82.18,0.0,138,1134076,买盘
11:08:52,82.18,0.0,47,386246,买盘
11:08:55,82.18,0.0,27,221886,卖盘
11:08:57,82.18,0.0,27,221898,卖盘
11:09:01,82.19,0.01,99,813681,买盘
11:09:03,82.18,-0.01,119,979201,卖盘
11:09:05,82.19,0.01,42,339912,买盘
11:09:09,82.19,0.0,55,452042,买盘
11:09:13,82.18,-0.01,226,1857413,卖盘
11:09:14,82.19,0.01,23,189028,买盘
11:09:18,82.19,0.0,152,1249267,买盘
11:09:20,82.19,0.0,25,205475,卖盘
11:09:23,82.19,0.0,14,115069,卖盘
11:09:28,82.19,0.0,38,312338,卖盘
11:09:30,82.2,0.01,124,1019233,买盘
11:09:33,82.19,-0.01,40,328785,卖盘
11:09:35,82.19,0.0,130,1068580,卖盘
11:09:40,82.2,0.01,81,665819,买盘
11:09:43,82.2,0.0,306,2519092,买盘
11:09:46,82.2,0.0,111,912422,买盘
11:09:48,82.21,0.01,48,394572,买盘
11:09:52,82.2,-0.01,69,567222,卖盘
11:09:54,82.21,0.01,43,353490,买盘
11:09:57,82.21,0.0,67,550802,买盘
11:10:01,82.2,-0.01,487,4003029,卖盘
11:10:03,82.2,0.0,42,345237,买盘
11:10:07,82.2,0.0,113,928860,买盘
11:10:09,82.2,0.0,72,591840,买盘
11:10:12,82.2,0.0,139,1139303,买盘
11:10:16,82.2,0.0,74,608281,卖盘
11:10:19,82.21,0.01,35,287735,买盘
11:10:22,82.21,0.0,42,345278,买盘
11:10:24,82.21,0.0,65,534362,买盘
11:10:27,82.21,0.0,46,378152,买盘
11:10:30,82.21,0.0,99,813858,买盘
11:10:34,82.2,-0.01,60,493232,卖盘
11:10:37,82.22,0.02,131,1076952,买盘
11:10:39,82.22,0.0,17,139758,买盘
11:10:42,82.22,0.0,29,238418,买盘
11:10:46,82.22,0.0,19,156214,买盘
11:10:49,82.22,0.0,88,723470,买盘
11:10:50,82.22,0.0,66,542662,买盘
11:10:54,82.23,0.01,39,320663,买盘
11:10:57,82.22,-0.01,318,2614253,卖盘
11:11:01,82.22,0.0,70,575540,卖盘
11:11:03,82.21,-0.01,46,378191,卖盘
11:11:07,82.22,0.01,58,476875,买盘
11:11:09,82.22,0.0,59,485060,买盘
11:11:13,82.22,0.0,28,230210,买盘
11:11:15,82.22,0.0,106,871515,买盘
11:11:17,82.22,0.0,193,1591330,买盘
11:11:22,82.21,-0.01,122,998439,卖盘
11:11:23,82.22,0.01,36,295967,买盘
11:11:27,82.2,-0.02,62,509687,卖盘
11:11:31,82.21,0.01,13,106868,买盘
11:11:32,82.2,-0.01,25,205523,卖盘
11:11:35,82.21,0.01,77,632986,买盘
11:11:40,82.2,-0.01,162,1331679,卖盘
11:11:43,82.21,0.01,83,682291,买盘
11:11:46,82.21,0.0,162,1331765,买盘
11:11:49,82.21,0.0,30,246613,中性盘
11:11:52,82.21,0.0,226,1857939,卖盘
11:11:54,82.21,0.0,44,361748,卖盘
11:11:57,82.2,-0.01,27,226742,卖盘
11:12:00,82.22,0.02,17,139767,买盘
11:12:03,82.21,-0.01,45,369962,卖盘
11:12:07,82.22,0.01,58,476868,买盘
11:12:11,82.22,0.0,22,180866,买盘
11:12:12,82.22,0.0,6,49328,买盘
11:12:15,82.22,0.0,44,363321,买盘
11:12:19,82.22,0.0,67,550825,买盘
11:12:22,82.22,0.0,12,98664,买盘
11:12:24,82.22,0.0,16,131549,买盘
11:12:27,82.22,0.0,449,3691714,买盘
11:12:31,82.22,0.0,70,575539,买盘
11:12:33,82.22,0.0,97,795479,买盘
11:12:37,82.23,0.01,307,2524379,买盘
11:12:40,82.22,-0.01,30,246679,卖盘
11:12:43,82.21,-0.01,164,1348442,卖盘
11:12:46,82.21,0.0,219,1800399,买盘
11:12:48,82.21,0.0,761,6259737,买盘
11:12:52,82.21,0.0,128,1052288,买盘
11:12:53,82.21,0.0,52,427484,买盘
11:12:58,82.21,0.0,50,411022,买盘
11:13:01,82.22,0.01,13,106883,买盘
11:13:02,82.2,-0.02,166,1364687,卖盘
11:13:07,82.22,0.02,30,246641,买盘
11:13:09,82.22,0.0,32,263104,买盘
11:13:12,82.24,0.02,48,394641,买盘
11:13:16,82.24,0.0,25,205612,卖盘
11:13:19,82.24,0.0,4,32896,卖盘
11:13:20,82.25,0.01,26,213847,中性盘
11:13:25,82.25,0.0,153,1258788,卖盘
11:13:28,82.27,0.02,38,312635,中性盘
11:13:29,82.28,0.01,38,312660,买盘
11:13:34,82.26,-0.02,46,378464,卖盘
11:13:37,82.28,0.02,165,1357606,买盘
11:13:40,82.29,0.01,23,189245,买盘
11:13:43,82.27,-0.02,35,287970,卖盘
11:13:46,82.29,0.02,94,773364,买盘
11:13:49,82.29,0.0,207,1703400,买盘
11:13:52,82.29,0.0,104,855773,买盘
11:13:53,82.3,0.01,81,666517,买盘
11:13:58,82.29,-0.01,306,2518298,卖盘
11:14:01,82.3,0.01,55,452632,买盘
11:14:04,82.3,0.0,119,979367,买盘
11:14:07,82.3,0.0,49,403268,买盘
11:14:10,82.29,-0.01,89,732458,卖盘
11:14:13,82.3,0.01,115,947340,买盘
11:14:14,82.29,-0.01,38,312738,卖盘
11:14:19,82.29,0.0,127,1045138,卖盘
11:14:20,82.3,0.01,22,181065,卖盘
11:14:25,82.3,0.0,41,337435,卖盘
11:14:27,82.3,0.0,51,419746,卖盘
11:14:29,82.31,0.01,89,732556,买盘
11:14:32,82.31,0.0,9,74079,卖盘
11:14:35,82.32,0.01,44,362170,买盘
11:14:40,82.31,-0.01,178,1465193,卖盘
11:14:42,82.32,0.01,126,1037162,买盘
11:14:44,82.31,-0.01,452,3720319,卖盘
11:14:49,82.32,0.01,31,255162,买盘
11:14:52,82.31,-0.01,78,642048,卖盘
11:14:55,82.31,0.0,269,2214122,买盘
11:14:58,82.31,0.0,207,1703740,买盘
11:14:59,82.3,-0.01,79,650213,卖盘
11:15:02,82.3,0.0,72,592651,卖盘
11:15:05,82.32,0.02,107,880692,买盘
11:15:10,82.31,-0.01,38,312777,卖盘
11:15:13,82.32,0.01,35,288114,买盘
11:15:16,82.31,-0.01,56,460970,卖盘
11:15:19,82.31,0.0,214,1761476,卖盘
11:15:22,82.31,0.0,144,1185256,买盘
11:15:25,82.31,0.0,60,493817,买盘
11:15:28,82.3,-0.01,131,1078137,卖盘
11:15:29,82.3,0.0,222,1822258,卖盘
11:15:34,82.3,0.0,211,1736667,买盘
11:15:35,82.3,0.0,98,806572,卖盘
11:15:40,82.3,0.0,67,551396,卖盘
11:15:43,82.29,-0.01,275,2263000,中性盘
11:15:46,82.28,-0.01,27,221537,卖盘
11:15:47,82.28,0.0,4,32914,卖盘
11:15:52,82.28,0.0,112,921549,卖盘
11:15:55,82.28,0.0,227,1867831,卖盘
11:15:58,82.29,0.01,68,559514,买盘
11:15:59,82.29,0.0,21,172802,买盘
11:16:04,82.28,-0.01,46,382936,卖盘
11:16:05,82.28,0.0,63,518403,卖盘
11:16:10,82.27,-0.01,84,691087,卖盘
11:16:13,82.28,0.01,28,226169,买盘
11:16:16,82.27,-0.01,134,1102506,买盘
11:16:19,82.27,0.0,9,74043,买盘
11:16:20,82.26,-0.01,99,814494,卖盘
11:16:26,82.26,0.0,281,2311936,卖盘
11:16:28,82.26,0.0,55,452471,卖盘
11:16:29,82.27,0.01,85,699220,买盘
11:16:34,82.26,-0.01,4,32904,卖盘
11:16:37,82.27,0.01,51,419529,买盘
11:16:39,82.27,0.0,68,559423,买盘
11:16:43,82.27,0.0,210,1727595,买盘
11:16:44,82.27,0.0,15,123735,卖盘
11:16:49,82.28,0.01,41,337308,买盘
11:16:52,82.26,-0.02,76,623624,卖盘
11:16:55,82.27,0.01,60,493647,买盘
11:16:58,82.28,0.01,75,617076,买盘
11:17:01,82.27,-0.01,278,2287077,卖盘
11:17:04,82.26,-0.01,122,1003593,卖盘
11:17:07,82.27,0.01,188,1550783,买盘
11:17:10,82.26,-0.01,113,930977,卖盘
11:17:13,82.27,0.01,22,180977,买盘
11:17:16,82.26,-0.01,25,205664,卖盘
11:17:19,82.27,0.01,32,263243,买盘
11:17:20,82.26,-0.01,162,1332621,卖盘
11:17:23,82.26,0.0,48,396244,买盘
11:17:28,82.25,-0.01,35,287888,卖盘
11:17:31,82.25,0.0,90,740279,卖盘
11:17:34,82.25,0.0,44,362250,卖盘
11:17:35,82.25,0.0,190,1562754,卖盘
11:17:40,82.25,0.0,203,1667965,卖盘
11:17:43,82.25,0.0,38,314184,买盘
11:17:44,82.25,0.0,48,394789,买盘
11:17:49,82.24,-0.01,147,1209036,卖盘
11:17:52,82.25,0.01,78,641543,买盘
11:17:55,82.24,-0.01,162,1330606,卖盘
11:17:58,82.24,0.0,377,3100433,买盘
11:18:01,82.25,0.01,123,1013239,买盘
11:18:04,82.24,-0.01,16,131593,卖盘
11:18:07,82.24,0.0,102,837157,卖盘
11:18:09,82.24,0.0,16,131573,买盘
11:18:12,82.25,0.01,38,314166,买盘
11:18:16,82.24,-0.01,13,106914,卖盘
11:18:19,82.24,0.0,91,746741,卖盘
11:18:22,82.24,0.0,74,608576,买盘
11:18:25,82.24,0.0,21,172693,买盘
11:18:28,82.23,-0.01,53,435841,卖盘
11:18:31,82.23,0.0,257,2113350,卖盘
11:18:34,82.24,0.01,49,397594,买盘
11:18:35,82.24,0.0,52,432977,买盘
11:18:40,82.23,-0.01,33,271359,买盘
11:18:43,82.23,0.0,109,896275,买盘
11:18:44,82.23,0.0,89,731877,卖盘
11:18:47,82.23,0.0,22,180906,买盘
11:18:52,82.23,0.0,136,1118318,卖盘
11:18:55,82.23,0.0,66,542707,买盘
11:18:57,82.23,0.0,193,1587216,买盘
11:19:01,82.23,0.0,29,238467,买盘
11:19:04,82.23,0.0,71,583764,买盘
11:19:07,82.23,0.0,89,728136,买盘
11:19:09,82.25,0.02,159,1307468,买盘
11:19:12,82.23,-0.02,29,238470,卖盘
11:19:16,82.23,0.0,19,156235,买盘
11:19:17,82.24,0.01,33,271375,买盘
11:19:20,82.23,-0.01,63,518088,卖盘
11:19:25,82.24,0.01,20,164481,卖盘
11:19:28,82.23,-0.01,45,370062,卖盘
11:19:31,82.25,0.02,90,740188,买盘
11:19:34,82.25,0.0,21,172713,买盘
11:19:37,82.24,-0.01,49,402946,买盘
11:19:40,82.24,0.0,23,189152,买盘
11:19:43,82.24,0.0,53,435868,买盘
11:19:46,82.24,0.0,213,1751665,买盘
11:19:49,82.23,-0.01,327,2690831,卖盘
11:19:50,82.24,0.01,20,164482,中性盘
11:19:53,82.24,0.0,18,148032,卖盘
11:19:57,82.25,0.01,46,376263,买盘
11:20:01,82.25,0.0,16,131592,买盘
11:20:02,82.25,0.0,38,312550,买盘
11:20:07,82.25,0.0,48,394351,买盘
11:20:10,82.25,0.0,58,477042,买盘
11:20:13,82.25,0.0,52,427672,买盘
11:20:14,82.24,-0.01,42,345758,卖盘
11:20:19,82.24,0.0,67,551056,卖盘
11:20:22,82.25,0.01,79,649766,买盘
11:20:25,82.25,0.0,101,830660,买盘
11:20:27,82.24,-0.01,61,501685,卖盘
11:20:31,82.26,0.02,135,1110328,买盘
11:20:33,82.25,-0.01,16,131593,卖盘
11:20:37,82.26,0.01,13,106936,买盘
11:20:40,82.23,-0.03,413,3396527,卖盘
11:20:42,82.22,-0.01,440,3617911,卖盘
11:20:44,82.23,0.01,70,575604,中性盘
11:20:47,82.24,0.01,42,345397,买盘
11:20:52,82.23,-0.01,209,1718908,卖盘
11:20:55,82.23,0.0,49,402977,卖盘
11:20:57,82.23,0.0,66,542793,卖盘
11:21:01,82.25,0.02,28,230278,买盘
11:21:02,82.24,-0.01,17,139792,中性盘
11:21:07,82.24,0.0,220,1810883,买盘
11:21:09,82.24,0.0,49,402943,买盘
11:21:13,82.23,-0.01,33,271381,卖盘
11:21:16,82.23,0.0,43,353589,买盘
11:21:19,82.23,0.0,110,904501,买盘
11:21:22,82.22,-0.01,9,74005,卖盘
11:21:25,82.22,0.0,78,641376,卖盘
11:21:27,82.23,0.01,144,1184111,买盘
11:21:31,82.22,-0.01,185,1525113,卖盘
11:21:34,82.23,0.01,76,620887,买盘
11:21:37,82.24,0.01,28,230268,买盘
11:21:39,82.23,-0.01,347,2852991,卖盘
11:21:42,82.22,-0.01,14,115117,卖盘
11:21:46,82.24,0.02,89,731843,买盘
11:21:49,82.23,-0.01,42,345365,中性盘
11:21:52,82.23,0.0,87,715423,卖盘
11:21:55,82.24,0.01,9,74014,买盘
11:21:57,82.24,0.0,38,312512,卖盘
11:22:01,82.25,0.01,25,205618,买盘
11:22:04,82.25,0.0,15,123375,买盘
11:22:07,82.24,-0.01,71,585887,卖盘
11:22:10,82.25,0.01,99,814180,买盘
11:22:13,82.25,0.0,60,493496,买盘
11:22:16,82.25,0.0,50,410088,买盘
11:22:19,82.25,0.0,71,583673,买盘
11:22:22,82.25,0.0,47,386556,买盘
11:22:23,82.24,-0.01,266,2187826,卖盘
11:22:27,82.25,0.01,29,238525,卖盘
11:22:31,82.26,0.01,32,263210,买盘
11:22:34,82.25,-0.01,85,699144,卖盘
11:22:37,82.25,0.0,26,213858,卖盘
11:22:39,82.25,0.0,53,435962,卖盘
11:22:43,82.25,0.0,72,592222,卖盘
11:22:46,82.26,0.01,6,49356,买盘
11:22:49,82.26,0.0,5,41130,卖盘
11:22:52,82.26,0.0,9,74040,卖盘
11:22:55,82.27,0.01,53,437586,买盘
11:22:58,82.26,-0.01,73,600519,卖盘
11:23:01,82.27,0.01,27,220539,中性盘
11:23:04,82.27,0.0,16,133195,买盘
11:23:07,82.27,0.0,25,205662,卖盘
11:23:10,82.27,0.0,8,65811,买盘
11:23:13,82.28,0.01,52,427809,买盘
11:23:16,82.27,-0.01,133,1094311,卖盘
11:23:19,82.27,0.0,82,674653,卖盘
11:23:22,82.27,0.0,18,148088,卖盘
11:23:25,82.28,0.01,144,1184651,买盘
11:23:27,82.28,0.0,2,16456,卖盘
11:23:29,82.29,0.01,40,329142,买盘
11:23:34,82.29,0.0,44,362073,买盘
11:23:37,82.29,0.0,98,806442,买盘
11:23:40,82.3,0.01,18,145894,买盘
11:23:43,82.3,0.0,136,1119268,买盘
11:23:46,82.3,0.0,217,1785986,买盘
11:23:49,82.32,0.02,460,3786243,买盘
11:23:52,82.34,0.02,140,1152631,买盘
11:23:55,82.35,0.01,92,757590,买盘
11:23:57,82.36,0.01,123,1013654,买盘
11:24:01,82.37,0.01,47,387066,买盘
11:24:04,82.36,-0.01,11,90601,中性盘
11:24:05,82.37,0.01,31,255330,买盘
11:24:10,82.35,-0.02,49,402659,卖盘
11:24:13,82.36,0.01,15,123544,中性盘
11:24:16,82.35,-0.01,682,5616907,卖盘
11:24:19,82.35,0.0,55,452915,买盘
11:24:22,82.35,0.0,133,1093597,买盘
11:24:25,82.35,0.0,88,724662,买盘
11:24:28,82.35,0.0,29,238798,买盘
11:24:31,82.35,0.0,272,2239190,买盘
11:24:34,82.35,0.0,31,255284,买盘
11:24:35,82.31,-0.04,18,148223,卖盘
11:24:40,82.34,0.03,84,691656,中性盘
11:24:43,82.34,0.0,45,370530,买盘
11:24:44,82.35,0.01,31,255265,买盘
11:24:49,82.34,-0.01,64,526976,卖盘
11:24:52,82.34,0.0,39,321140,卖盘
11:24:55,82.35,0.01,100,822647,买盘
11:24:58,82.3,-0.05,162,1335731,卖盘
11:24:59,82.34,0.04,86,711531,买盘
11:25:03,82.3,-0.04,113,930287,卖盘
11:25:07,82.34,0.04,183,1506004,买盘
11:25:10,82.29,-0.05,29,239382,卖盘
11:25:12,82.3,0.01,58,477341,卖盘
11:25:16,82.3,0.0,32,263362,卖盘
11:25:17,82.31,0.01,49,403332,买盘
11:25:20,82.31,0.0,2,16464,卖盘
11:25:25,82.31,0.0,29,238699,卖盘
11:25:28,82.31,0.0,23,189313,卖盘
11:25:29,82.33,0.02,29,238741,买盘
11:25:34,82.31,-0.02,26,207267,卖盘
11:25:37,82.31,0.0,23,189339,卖盘
11:25:39,82.32,0.01,190,1570657,买盘
11:25:43,82.31,-0.01,29,238699,中性盘
11:25:46,82.31,0.0,53,429234,买盘
11:25:47,82.32,0.01,68,559743,买盘
11:25:50,82.32,0.0,262,2156337,买盘
11:25:55,82.33,0.01,81,666713,买盘
11:25:58,82.31,-0.02,68,559829,卖盘
11:26:01,82.33,0.02,14,115259,买盘
11:26:02,82.32,-0.01,6,49395,卖盘
11:26:07,82.31,-0.01,71,584431,卖盘
11:26:10,82.32,0.01,22,181098,买盘
11:26:13,82.33,0.01,124,1020784,买盘
11:26:14,82.32,-0.01,96,790315,卖盘
11:26:17,82.32,0.0,24,197557,卖盘
11:26:22,82.32,0.0,22,181097,买盘
11:26:23,82.31,-0.01,106,872545,卖盘
11:26:28,82.31,0.0,88,724416,卖盘
11:26:31,82.33,0.02,55,452734,买盘
11:26:34,82.32,-0.01,50,411605,中性盘
11:26:37,82.33,0.01,122,1004240,买盘
11:26:40,82.33,0.0,39,321051,买盘
11:26:42,82.33,0.0,45,370460,买盘
11:26:44,82.31,-0.02,35,288112,卖盘
11:26:49,82.32,0.01,49,403360,买盘
11:26:52,82.31,-0.01,50,411577,卖盘
11:26:55,82.32,0.01,147,1210095,买盘
11:26:58,82.31,-0.01,60,493906,卖盘
11:27:01,82.32,0.01,183,1506286,买盘
11:27:02,82.31,-0.01,55,452735,卖盘
11:27:07,82.31,0.0,30,246940,卖盘
11:27:09,82.31,0.0,53,436267,卖盘
11:27:13,82.3,-0.01,68,559726,卖盘
11:27:16,82.31,0.01,33,277298,买盘
11:27:19,82.31,0.0,35,288057,买盘
11:27:22,82.31,0.0,30,245851,买盘
11:27:25,82.31,0.0,41,337467,买盘
11:27:28,82.3,-0.01,97,798336,卖盘
11:27:29,82.31,0.01,76,625509,买盘
11:27:33,82.31,0.0,44,362133,买盘
11:27:35,82.31,0.0,68,559682,买盘
11:27:40,82.32,0.01,101,831378,买盘
11:27:42,82.32,0.0,96,790369,卖盘
11:27:46,82.34,0.02,47,386987,买盘
11:27:49,82.34,0.0,55,452840,买盘
11:27:50,82.35,0.01,68,559977,买盘
11:27:53,82.32,-0.03,119,979876,卖盘
11:27:58,82.35,0.03,142,1169369,买盘
11:28:01,82.36,0.01,94,774147,买盘
11:28:04,82.37,0.01,74,609510,买盘
11:28:05,82.35,-0.02,126,1037812,卖盘
11:28:10,82.38,0.03,229,1886590,买盘
11:28:12,82.38,0.0,36,296572,卖盘
11:28:15,82.37,-0.01,28,230654,卖盘
11:28:19,82.38,0.01,96,790860,买盘
11:28:20,82.38,0.0,242,1993993,卖盘
11:28:25,82.39,0.01,165,1359426,中性盘
11:28:27,82.39,0.0,87,716814,卖盘
11:28:31,82.4,0.01,31,255454,中性盘
11:28:34,82.41,0.01,53,436719,买盘
11:28:37,82.38,-0.03,330,2718857,卖盘
11:28:40,82.41,0.03,65,535679,买盘
11:28:43,82.41,0.0,84,692305,中性盘
11:28:44,82.41,0.0,122,1005498,卖盘
11:28:48,82.42,0.01,109,897345,买盘
11:28:52,82.42,0.0,40,330574,卖盘
11:28:55,82.43,0.01,86,708840,买盘
11:28:57,82.43,0.0,68,560491,买盘
11:28:59,82.43,0.0,65,535816,卖盘
11:29:03,82.44,0.01,11,90677,买盘
11:29:07,82.45,0.01,87,717237,买盘
11:29:10,82.44,-0.01,32,263820,中性盘
11:29:13,82.45,0.01,235,1937547,买盘
11:29:14,82.45,0.0,126,1038836,买盘
11:29:19,82.45,0.0,33,272073,卖盘
11:29:22,82.44,-0.01,64,527666,卖盘
11:29:25,82.45,0.01,18,148408,买盘
11:29:27,82.45,0.0,225,1855214,卖盘
11:29:31,82.45,0.0,76,626607,买盘
11:29:34,82.47,0.02,82,676214,买盘
11:29:35,82.48,0.01,140,1154384,买盘
11:29:39,82.49,0.01,79,651581,卖盘
11:29:42,82.49,0.0,61,503033,买盘
11:29:45,82.47,-0.02,7,57725,中性盘
11:29:48,82.49,0.02,187,1542133,买盘
11:29:50,82.49,0.0,23,189699,买盘
11:29:53,82.5,0.01,98,808347,买盘
11:29:58,82.49,-0.01,26,214474,中性盘
11:30:01,82.5,0.01,363,2993843,买盘
13:00:01,82.55,0.05,1226,10118603,买盘
13:00:03,82.6,0.05,4332,35769754,买盘
13:00:07,82.64,0.04,1633,13497390,买盘
13:00:10,82.65,0.01,666,5501659,买盘
13:00:13,82.64,-0.01,1796,14828387,卖盘
13:00:15,82.64,0.0,443,3661437,卖盘
13:00:19,82.61,-0.03,1150,9509196,中性盘
13:00:22,82.59,-0.02,377,3116143,卖盘
13:00:24,82.59,0.0,331,2734065,买盘
13:00:27,82.61,0.02,900,7430726,买盘
13:00:30,82.6,-0.01,222,1837188,中性盘
13:00:34,82.6,0.0,524,4327851,卖盘
13:00:37,82.63,0.03,147,1214482,中性盘
13:00:39,82.61,-0.02,212,1751488,卖盘
13:00:43,82.64,0.03,263,2173039,中性盘
13:00:45,82.67,0.03,42,342135,买盘
13:00:49,82.68,0.01,75,620034,买盘
13:00:50,82.67,-0.01,167,1379906,卖盘
13:00:54,82.68,0.01,156,1296748,买盘
13:00:57,82.68,0.0,187,1546121,买盘
13:01:00,82.7,0.02,490,4052110,买盘
13:01:03,82.7,0.0,194,1601811,买盘
13:01:07,82.74,0.04,269,2225439,买盘
13:01:09,82.71,-0.03,74,612078,中性盘
13:01:13,82.73,0.02,37,306056,买盘
13:01:15,82.76,0.03,53,438490,买盘
13:01:19,82.72,-0.04,444,3673627,卖盘
13:01:22,82.77,0.05,140,1158576,买盘
13:01:24,82.76,-0.01,217,1796001,中性盘
13:01:27,82.75,-0.01,242,2003076,中性盘
13:01:30,82.78,0.03,225,1862239,买盘
13:01:33,82.77,-0.01,114,943527,中性盘
13:01:37,82.78,0.01,224,1854038,中性盘
13:01:39,82.78,0.0,74,612573,卖盘
13:01:42,82.78,0.0,313,2591193,卖盘
13:01:45,82.79,0.01,717,5935039,买盘
13:01:49,82.79,0.0,397,3287000,卖盘
13:01:52,82.79,0.0,338,2798584,卖盘
13:01:54,82.8,0.01,126,1043276,买盘
13:01:57,82.79,-0.01,557,4611769,卖盘
13:02:00,82.79,0.0,387,3204039,卖盘
13:02:03,82.79,0.0,487,4032034,买盘
13:02:07,82.79,0.0,259,2142487,卖盘
13:02:09,82.78,-0.01,239,1978710,卖盘
13:02:12,82.78,0.0,220,1821350,卖盘
13:02:16,82.79,0.01,351,2905876,买盘
13:02:19,82.78,-0.01,68,566131,卖盘
13:02:22,82.78,0.0,781,6466116,买盘
13:02:24,82.78,0.0,987,8170207,买盘
13:02:28,82.78,0.0,56,462792,买盘
13:02:30,82.78,0.0,225,1862541,买盘
13:02:34,82.78,0.0,343,2839784,卖盘
13:02:37,82.78,0.0,812,6722543,卖盘
13:02:39,82.77,-0.01,86,711851,中性盘
13:02:43,82.7,-0.07,507,4195202,卖盘
13:02:45,82.78,0.08,251,2077664,买盘
13:02:49,82.78,0.0,90,744989,卖盘
13:02:52,82.79,0.01,296,2449472,买盘
13:02:54,82.79,0.0,201,1664012,买盘
13:02:57,82.79,0.0,244,2015562,卖盘
13:03:00,82.8,0.01,572,4742652,买盘
13:03:02,82.85,0.05,1044,8647896,买盘
13:03:07,82.85,0.0,602,4987998,买盘
13:03:09,82.86,0.01,66,546820,中性盘
13:03:12,82.88,0.02,59,488856,买盘
13:03:15,82.88,0.0,491,4064395,买盘
13:03:19,82.88,0.0,1567,12989184,卖盘
13:03:22,82.89,0.01,965,7999187,中性盘
13:03:24,82.89,0.0,842,6980099,卖盘
13:03:27,82.89,0.0,387,3208203,卖盘
13:03:30,82.92,0.03,166,1374685,买盘
13:03:34,82.93,0.01,24,199020,买盘
13:03:37,82.92,-0.01,149,1235584,卖盘
13:03:39,82.93,0.01,614,5092330,买盘
13:03:42,82.94,0.01,231,1915735,买盘
13:03:45,82.95,0.01,167,1385185,买盘
13:03:49,82.93,-0.02,288,2388834,卖盘
13:03:52,82.96,0.03,314,2604735,买盘
13:03:54,82.96,0.0,481,3991128,卖盘
13:03:57,82.98,0.02,81,672040,买盘
13:04:00,82.97,-0.01,160,1327657,卖盘
13:04:04,82.99,0.02,991,8224497,买盘
13:04:07,82.98,-0.01,231,1916887,卖盘
13:04:09,82.98,0.0,1790,14856229,卖盘
13:04:12,82.99,0.01,358,2971254,买盘
13:04:15,83.0,0.01,601,4988035,买盘
13:04:18,83.0,0.0,722,5992317,买盘
13:04:22,83.0,0.0,1054,8747683,买盘
13:04:24,83.0,0.0,98,813455,卖盘
13:04:27,83.02,0.02,348,2888439,买盘
13:04:30,83.01,-0.01,425,3527810,中性盘
13:04:34,83.0,-0.01,552,4581658,卖盘
13:04:37,83.0,0.0,736,6109153,买盘
13:04:39,82.98,-0.02,276,2290107,中性盘
13:04:43,83.0,0.02,347,2879762,买盘
13:04:45,82.95,-0.05,500,4149504,卖盘
13:04:48,82.96,0.01,162,1342918,中性盘
13:04:52,82.95,-0.01,224,1858594,中性盘
13:04:54,82.94,-0.01,482,4000017,卖盘
13:04:57,82.95,0.01,618,5125319,中性盘
13:05:00,82.93,-0.02,165,1368657,卖盘
13:05:04,82.9,-0.03,214,1774182,卖盘
13:05:07,82.93,0.03,1845,15311267,买盘
13:05:09,82.9,-0.03,126,1044584,卖盘
13:05:13,82.9,0.0,671,5557799,买盘
13:05:16,82.87,-0.03,63,522080,卖盘
13:05:18,82.87,0.0,51,422660,买盘
13:05:22,82.8,-0.07,91,755015,卖盘
13:05:24,82.8,0.0,45,372713,卖盘
13:05:28,82.8,0.0,245,2028837,卖盘
13:05:30,82.79,-0.01,138,1142750,卖盘
13:05:34,82.8,0.01,204,1687420,买盘
13:05:37,82.79,-0.01,144,1191367,中性盘
13:05:39,82.8,0.01,95,790088,买盘
13:05:43,82.8,0.0,62,513262,买盘
13:05:45,82.8,0.0,73,604344,买盘
13:05:49,82.78,-0.02,114,943652,卖盘
13:05:52,82.77,-0.01,90,744536,买盘
13:05:54,82.74,-0.03,236,1952880,卖盘
13:05:57,82.75,0.01,25,206893,中性盘
13:06:01,82.76,0.01,100,827639,买盘
13:06:03,82.75,-0.01,80,661932,卖盘
13:06:07,82.73,-0.02,45,372316,卖盘
13:06:09,82.74,0.01,308,2547696,买盘
13:06:13,82.75,0.01,179,1481104,买盘
13:06:15,82.74,-0.01,178,1472895,中性盘
13:06:19,82.74,0.0,94,777812,卖盘
13:06:20,82.75,0.01,74,616367,买盘
13:06:24,82.71,-0.04,705,5833450,卖盘
13:06:27,82.74,0.03,205,1696051,买盘
13:06:30,82.72,-0.02,214,1770661,中性盘
13:06:33,82.74,0.02,329,2722267,中性盘
13:06:37,82.72,-0.02,62,512921,卖盘
13:06:39,82.72,0.0,75,620407,买盘
13:06:42,82.71,-0.01,52,430117,卖盘
13:06:46,82.72,0.01,144,1191115,买盘
13:06:49,82.71,-0.01,352,2911726,卖盘
13:06:52,82.71,0.0,329,2721186,卖盘
13:06:54,82.72,0.01,328,2712672,买盘
13:06:58,82.69,-0.03,148,1219772,卖盘
13:07:01,82.68,-0.01,180,1488476,卖盘
13:07:04,82.69,0.01,85,702875,买盘
13:07:05,82.69,0.0,494,4084561,买盘
13:07:10,82.72,0.03,226,1873207,买盘
13:07:12,82.72,0.0,196,1621369,卖盘
13:07:16,82.7,-0.02,1716,14190868,卖盘
13:07:18,82.7,0.0,83,686418,买盘
13:07:20,82.7,0.0,49,405239,买盘
13:07:24,82.69,-0.01,41,339067,卖盘
13:07:27,82.7,0.01,79,653384,买盘
13:07:30,82.72,0.02,44,363927,买盘
13:07:34,82.7,-0.02,67,554140,卖盘
13:07:37,82.72,0.02,92,760957,买盘
13:07:39,82.73,0.01,144,1191158,买盘
13:07:43,82.72,-0.01,94,777520,买盘
13:07:45,82.72,0.0,154,1273931,卖盘
13:07:48,82.73,0.01,108,893382,买盘
13:07:50,82.74,0.01,110,910013,买盘
13:07:55,82.74,0.0,52,430251,卖盘
13:07:58,82.75,0.01,366,3028271,买盘
13:08:00,82.74,-0.01,357,2953732,卖盘
13:08:03,82.75,0.01,79,653658,买盘
13:08:07,82.79,0.04,129,1067646,买盘
13:08:09,82.76,-0.03,59,488284,卖盘
13:08:12,82.75,-0.01,114,943471,卖盘
13:08:15,82.79,0.04,159,1310563,买盘
13:08:18,82.8,0.01,85,703775,买盘
13:08:20,82.8,0.0,86,712045,买盘
13:08:25,82.8,0.0,129,1071923,买盘
13:08:27,82.8,0.0,663,5488937,买盘
13:08:31,82.8,0.0,51,422282,卖盘
13:08:34,82.82,0.02,123,1018642,买盘
13:08:37,82.8,-0.02,59,488533,卖盘
13:08:39,82.82,0.02,138,1142951,买盘
13:08:43,82.85,0.03,228,1888473,买盘
13:08:45,82.85,0.0,161,1333889,卖盘
13:08:48,82.86,0.01,173,1433394,买盘
13:08:50,82.86,0.0,175,1450069,买盘
13:08:54,82.85,-0.01,70,579985,卖盘
13:08:58,82.86,0.01,193,1599388,买盘
13:09:00,82.86,0.0,102,845301,卖盘
13:09:03,82.86,0.0,75,621459,卖盘
13:09:05,82.88,0.02,249,2063362,买盘
13:09:09,82.88,0.0,116,961398,卖盘
13:09:12,82.88,0.0,208,1723652,卖盘
13:09:15,82.89,0.01,332,2752087,买盘
13:09:19,82.9,0.01,147,1218494,买盘
13:09:22,82.9,0.0,44,367313,买盘
13:09:24,82.91,0.01,95,787561,买盘
13:09:27,82.9,-0.01,112,928443,卖盘
13:09:30,82.89,-0.01,192,1591666,卖盘
13:09:33,82.9,0.01,91,754375,买盘
13:09:37,82.91,0.01,131,1086088,买盘
13:09:39,82.91,0.0,88,729505,买盘
13:09:43,82.9,-0.01,265,2194147,卖盘
13:09:45,82.9,0.0,119,986527,买盘
13:09:49,82.88,-0.02,119,986536,卖盘
13:09:52,82.9,0.02,81,669621,买盘
13:09:55,82.9,0.0,53,441967,卖盘
13:09:57,82.89,-0.01,139,1149809,卖盘
13:10:00,82.89,0.0,137,1135613,买盘
13:10:04,82.9,0.01,126,1044520,买盘
13:10:05,82.9,0.0,287,2378792,买盘
13:10:09,82.9,0.0,335,2776916,卖盘
13:10:12,82.9,0.0,268,2221722,卖盘
13:10:15,82.88,-0.02,514,4262025,卖盘
13:10:19,82.9,0.02,253,2097256,买盘
13:10:20,82.88,-0.02,84,696292,卖盘
13:10:24,82.9,0.02,141,1168752,买盘
13:10:27,82.89,-0.01,461,3821049,买盘
13:10:30,82.89,0.0,221,1831981,买盘
13:10:33,82.9,0.01,562,4658359,买盘
13:10:37,82.89,-0.01,237,1964603,中性盘
13:10:39,82.89,0.0,329,2727538,卖盘
13:10:43,82.89,0.0,276,2287565,买盘
13:10:46,82.9,0.01,120,994762,买盘
13:10:48,82.89,-0.01,123,1019658,卖盘
13:10:50,82.9,0.01,613,5083403,买盘
13:10:55,82.9,0.0,40,331588,买盘
13:10:58,82.89,-0.01,193,1599807,卖盘
13:11:01,82.89,0.0,229,1898223,买盘
13:11:04,82.89,0.0,52,431031,卖盘
13:11:05,82.9,0.01,302,2503187,买盘
13:11:09,82.9,0.0,141,1168807,买盘
13:11:13,82.88,-0.02,241,1997555,卖盘
13:11:16,82.88,0.0,67,555367,卖盘
13:11:19,82.86,-0.02,234,1939205,卖盘
13:11:22,82.9,0.04,472,3911965,买盘
13:11:24,82.84,-0.06,86,712664,卖盘
13:11:28,82.85,0.01,31,256873,卖盘
13:11:31,82.85,0.0,34,281723,卖盘
13:11:34,82.86,0.01,58,480540,中性盘
13:11:37,82.88,0.02,260,2154515,买盘
13:11:40,82.88,0.0,33,273504,卖盘
13:11:42,82.86,-0.02,111,919785,卖盘
13:11:46,82.86,0.0,129,1069068,中性盘
13:11:48,82.85,-0.01,50,414356,卖盘
13:11:52,82.83,-0.02,100,831057,卖盘
13:11:55,82.84,0.01,35,289957,中性盘
13:11:57,82.83,-0.01,100,828414,卖盘
13:12:01,82.84,0.01,75,621340,买盘
13:12:04,82.85,0.01,101,836781,买盘
13:12:07,82.8,-0.05,630,5218332,卖盘
13:12:10,82.83,0.03,133,1101723,卖盘
13:12:13,82.83,0.0,325,2691929,卖盘
13:12:15,82.89,0.06,343,2842558,买盘
13:12:19,82.87,-0.02,207,1714944,卖盘
13:12:22,82.84,-0.03,280,2320829,卖盘
13:12:25,82.89,0.05,879,7285497,买盘
13:12:28,82.88,-0.01,482,3995257,卖盘
13:12:30,82.91,0.03,169,1401091,买盘
13:12:34,82.92,0.01,196,1625182,买盘
13:12:35,82.93,0.01,99,820952,买盘
13:12:39,82.96,0.03,306,2538144,买盘
13:12:43,82.98,0.02,92,763314,买盘
13:12:46,82.99,0.01,297,2464667,买盘
13:12:49,83.0,0.01,629,5220643,买盘
13:12:52,83.0,0.0,226,1875760,买盘
13:12:54,83.0,0.0,154,1278331,买盘
13:12:57,83.01,0.01,243,2017214,买盘
13:13:00,83.05,0.04,206,1710444,买盘
13:13:03,83.04,-0.01,729,6051556,卖盘
13:13:07,83.07,0.03,287,2383376,买盘
13:13:10,83.0,-0.07,515,4276605,卖盘
13:13:13,83.05,0.05,246,2043364,卖盘
13:13:16,83.07,0.02,105,872233,中性盘
13:13:19,83.08,0.01,183,1520241,中性盘
13:13:22,83.11,0.03,2063,17143515,买盘
13:13:25,83.09,-0.02,1413,11734971,卖盘
13:13:28,83.12,0.03,217,1808528,买盘
13:13:31,83.11,-0.01,148,1229973,卖盘
13:13:34,83.12,0.01,180,1496253,卖盘
13:13:35,83.12,0.0,167,1388303,卖盘
13:13:40,83.14,0.02,223,1854200,买盘
13:13:42,83.14,0.0,177,1471667,买盘
13:13:46,83.13,-0.01,851,7074582,卖盘
13:13:49,83.14,0.01,385,3200867,卖盘
13:13:52,83.15,0.01,435,3616344,买盘
13:13:55,83.14,-0.01,248,2061652,卖盘
13:13:58,83.14,0.0,242,2011951,买盘
13:14:01,83.1,-0.04,1481,12309663,卖盘
13:14:04,83.09,-0.01,338,2808615,中性盘
13:14:07,83.08,-0.01,120,997012,卖盘
13:14:10,83.07,-0.01,78,647999,卖盘
13:14:12,83.06,-0.01,124,1029994,卖盘
13:14:16,83.05,-0.01,340,2824291,卖盘
13:14:19,83.01,-0.04,508,4219343,卖盘
13:14:22,83.1,0.09,301,2500423,买盘
13:14:25,83.0,-0.1,369,3063425,卖盘
13:14:28,82.98,-0.02,78,647272,卖盘
13:14:31,82.96,-0.02,111,921215,卖盘
13:14:34,82.98,0.02,109,904514,中性盘
13:14:37,83.0,0.02,273,2265811,买盘
13:14:40,83.0,0.0,123,1016213,买盘
13:14:42,82.96,-0.04,81,674806,卖盘
13:14:46,82.98,0.02,84,697077,买盘
13:14:49,83.0,0.02,249,2066329,买盘
13:14:52,82.98,-0.02,178,1477135,卖盘
13:14:54,83.0,0.02,1165,9669918,买盘
13:14:58,82.96,-0.04,72,597317,卖盘
13:15:01,82.98,0.02,280,2323565,买盘
13:15:04,82.98,0.0,57,472983,卖盘
13:15:07,82.98,0.0,69,572533,买盘
13:15:10,82.98,0.0,117,970833,买盘
13:15:13,82.97,-0.01,204,1692460,中性盘
13:15:16,82.97,0.0,149,1236320,买盘
13:15:19,82.98,0.01,158,1304881,买盘
13:15:22,82.97,-0.01,98,813121,卖盘
13:15:25,82.98,0.01,138,1145066,买盘
13:15:28,82.97,-0.01,105,871248,卖盘
13:15:31,82.98,0.01,100,829800,卖盘
13:15:34,82.97,-0.01,419,3476371,卖盘
13:15:35,82.98,0.01,191,1584615,买盘
13:15:40,82.98,0.0,107,887864,买盘
13:15:43,82.98,0.0,148,1227963,买盘
13:15:46,82.97,-0.01,93,771578,中性盘
13:15:49,82.97,0.0,141,1169874,卖盘
13:15:50,82.97,0.0,129,1070216,买盘
13:15:54,82.95,-0.02,47,396952,卖盘
13:15:57,82.96,0.01,85,705049,买盘
13:16:01,82.96,0.0,206,1708590,买盘
13:16:04,82.94,-0.02,30,248855,卖盘
13:16:07,82.95,0.01,104,862614,买盘
13:16:10,82.95,0.0,86,713381,买盘
13:16:13,82.93,-0.02,230,1907729,卖盘
13:16:16,82.92,-0.01,40,327234,卖盘
13:16:19,82.9,-0.02,407,3378795,卖盘
13:16:20,82.92,0.02,59,489216,买盘
13:16:25,82.93,0.01,633,5251019,买盘
13:16:28,82.92,-0.01,65,538899,卖盘
13:16:31,82.9,-0.02,139,1152391,卖盘
13:16:34,82.91,0.01,22,182413,中性盘
13:16:35,82.89,-0.02,308,2553147,卖盘
13:16:39,82.89,0.0,23,190647,买盘
13:16:43,82.88,-0.01,164,1359373,卖盘
13:16:46,82.86,-0.02,165,1367450,卖盘
13:16:49,82.89,0.03,92,762506,买盘
13:16:51,82.88,-0.01,41,339787,买盘
13:16:54,82.85,-0.03,300,2485774,卖盘
13:16:58,82.85,0.0,154,1275872,买盘
13:17:01,82.85,0.0,59,488823,买盘
13:17:04,82.86,0.01,95,787220,买盘
13:17:05,82.85,-0.01,63,521982,卖盘
13:17:10,82.85,0.0,36,298293,卖盘
13:17:13,82.86,0.01,116,961094,买盘
13:17:16,82.85,-0.01,133,1102159,卖盘
13:17:18,82.86,0.01,73,604849,中性盘
13:17:22,82.85,-0.01,105,870015,卖盘
13:17:25,82.86,0.01,46,381161,买盘
13:17:27,82.88,0.02,78,646357,买盘
13:17:31,82.87,-0.01,128,1060753,中性盘
13:17:34,82.88,0.01,117,964183,买盘
13:17:37,82.88,0.0,58,480685,买盘
13:17:40,82.9,0.02,77,638177,买盘
13:17:43,82.9,0.0,143,1185471,买盘
13:17:46,82.9,0.0,24,198961,卖盘
13:17:49,82.9,0.0,23,190675,卖盘
13:17:50,82.9,0.0,113,936835,卖盘
13:17:55,82.9,0.0,48,397899,卖盘
13:17:58,82.9,0.0,75,621688,买盘
13:18:01,82.9,0.0,438,3631010,买盘
13:18:04,82.9,0.0,170,1409160,买盘
13:18:07,82.91,0.01,182,1508884,买盘
13:18:10,82.9,-0.01,606,5023754,卖盘
13:18:13,82.89,-0.01,130,1077703,卖盘
13:18:16,82.9,0.01,377,3125733,买盘
13:18:19,82.9,0.0,73,605180,卖盘
13:18:21,82.92,0.02,312,2585256,买盘
13:18:24,82.91,-0.01,77,638426,卖盘
13:18:28,82.91,0.0,75,625412,卖盘
13:18:30,82.92,0.01,96,796009,买盘
13:18:33,82.92,0.0,182,1509163,卖盘
13:18:37,82.92,0.0,182,1509107,买盘
13:18:40,82.92,0.0,72,596982,买盘
13:18:43,82.93,0.01,281,2329694,买盘
13:18:45,82.93,0.0,29,240496,卖盘
13:18:49,82.93,0.0,33,273654,卖盘
13:18:52,82.94,0.01,92,762964,买盘
13:18:55,82.94,0.0,242,2006670,买盘
13:18:58,82.9,-0.04,77,638475,卖盘
13:19:00,82.89,-0.01,92,760996,卖盘
13:19:04,82.89,0.0,48,397815,卖盘
13:19:07,82.9,0.01,82,679844,买盘
13:19:10,82.87,-0.03,282,2337276,卖盘
13:19:13,82.88,0.01,96,793918,中性盘
13:19:16,82.87,-0.01,204,1692554,卖盘
13:19:19,82.89,0.02,188,1556488,买盘
13:19:22,82.86,-0.03,135,1120573,卖盘
13:19:25,82.87,0.01,451,3737043,买盘
13:19:28,82.86,-0.01,411,3405606,卖盘
13:19:31,82.86,0.0,739,6123092,卖盘
13:19:33,82.85,-0.01,383,3174836,卖盘
13:19:37,82.84,-0.01,179,1483174,卖盘
13:19:40,82.83,-0.01,365,3022088,卖盘
13:19:43,82.83,0.0,53,439017,买盘
13:19:46,82.82,-0.01,58,480415,卖盘
13:19:49,82.81,-0.01,53,438953,卖盘
13:19:51,82.8,-0.01,154,1275259,卖盘
13:19:55,82.81,0.01,70,579663,买盘
13:19:58,82.81,0.0,57,471973,买盘
13:20:01,82.8,-0.01,167,1382783,卖盘
13:20:04,82.79,-0.01,438,3626644,卖盘
13:20:07,82.78,-0.01,35,289741,卖盘
13:20:10,82.76,-0.02,137,1133807,卖盘
13:20:12,82.71,-0.05,480,3972271,卖盘
13:20:16,82.76,0.05,464,3837267,买盘
13:20:19,82.75,-0.01,278,2300458,卖盘
13:20:22,82.71,-0.04,290,2402887,卖盘
13:20:25,82.7,-0.01,98,810490,卖盘
13:20:28,82.7,0.0,92,762627,卖盘
13:20:31,82.71,0.01,98,810463,买盘
13:20:34,82.71,0.0,361,2985811,买盘
13:20:36,82.73,0.02,184,1521957,买盘
13:20:40,82.75,0.02,454,3752215,买盘
13:20:42,82.75,0.0,84,695182,卖盘
13:20:46,82.77,0.02,73,604159,买盘
13:20:49,82.77,0.0,185,1531473,卖盘
13:20:52,82.77,0.0,16,132413,卖盘
13:20:55,82.75,-0.02,82,678689,卖盘
13:20:58,82.75,0.0,88,728200,买盘
13:21:01,82.73,-0.02,126,1042573,卖盘
13:21:04,82.75,0.02,94,777774,买盘
13:21:06,82.74,-0.01,19,157205,卖盘
13:21:10,82.75,0.01,66,546116,买盘
13:21:12,82.75,0.0,189,1563978,卖盘
13:21:16,82.75,0.0,92,761317,卖盘
13:21:19,82.74,-0.01,143,1183410,卖盘
13:21:22,82.75,0.01,37,306160,买盘
13:21:24,82.74,-0.01,264,2184407,卖盘
13:21:28,82.74,0.0,98,810852,买盘
13:21:31,82.73,-0.01,9,74462,卖盘
13:21:34,82.73,0.0,94,777670,卖盘
13:21:37,82.73,0.0,51,426120,买盘
13:21:39,82.73,0.0,114,943109,买盘
13:21:43,82.73,0.0,299,2473629,卖盘
13:21:46,82.73,0.0,633,5235675,买盘
13:21:49,82.73,0.0,55,454998,买盘
13:21:52,82.71,-0.02,92,761041,卖盘
13:21:55,82.75,0.04,646,5344745,买盘
13:21:58,82.75,0.0,40,331000,卖盘
13:22:01,82.75,0.0,30,248257,卖盘
13:22:03,82.75,0.0,308,2548727,卖盘
13:22:07,82.74,-0.01,85,703333,卖盘
13:22:10,82.74,0.0,50,413734,买盘
13:22:13,82.75,0.01,153,1266068,中性盘
13:22:16,82.75,0.0,79,653738,卖盘
13:22:19,82.75,0.0,157,1299214,卖盘
13:22:21,82.76,0.01,171,1414876,买盘
13:22:24,82.76,0.0,114,943088,买盘
13:22:28,82.76,0.0,63,521283,买盘
13:22:31,82.72,-0.04,43,355774,卖盘
13:22:34,82.73,0.01,45,372269,买盘
13:22:36,82.73,0.0,66,546039,买盘
13:22:39,82.73,0.0,15,124095,卖盘
13:22:43,82.73,0.0,34,281286,卖盘
13:22:46,82.73,0.0,147,1211698,卖盘
13:22:49,82.73,0.0,119,988965,卖盘
13:22:52,82.73,0.0,28,231626,买盘
13:22:55,82.72,-0.01,146,1207703,卖盘
13:22:58,82.72,0.0,56,463232,买盘
13:23:01,82.71,-0.01,58,474056,卖盘
13:23:03,82.72,0.01,133,1100167,买盘
13:23:06,82.72,0.0,278,2299510,卖盘
13:23:10,82.71,-0.01,135,1116722,卖盘
13:23:13,82.71,0.0,100,827167,卖盘
13:23:16,82.71,0.0,100,827156,卖盘
13:23:19,82.71,0.0,236,1952071,卖盘
13:23:22,82.72,0.01,66,545947,买盘
13:23:25,82.72,0.0,53,438410,卖盘
13:23:28,82.73,0.01,33,272993,买盘
13:23:31,82.72,-0.01,29,239895,卖盘
13:23:33,82.72,0.0,107,885042,卖盘
13:23:36,82.72,0.0,23,190248,买盘
13:23:39,82.71,-0.01,65,537646,卖盘
13:23:43,82.71,0.0,66,545897,卖盘
13:23:45,82.72,0.01,65,537656,买盘
13:23:48,82.71,-0.01,107,885020,卖盘
13:23:52,82.71,0.0,32,264677,卖盘
13:23:54,82.71,0.0,120,994866,卖盘
13:23:58,82.72,0.01,204,1684985,买盘
13:24:01,82.71,-0.01,69,570683,中性盘
13:24:03,82.71,0.0,53,445865,买盘
13:24:07,82.7,-0.01,158,1306711,卖盘
13:24:10,82.7,0.0,303,2505878,卖盘
13:24:12,82.71,0.01,2333,19292141,买盘
13:24:15,82.71,0.0,316,2613128,中性盘
13:24:19,82.7,-0.01,95,785681,卖盘
13:24:21,82.68,-0.02,102,843574,卖盘
13:24:25,82.7,0.02,84,694645,卖盘
13:24:28,82.7,0.0,48,396944,买盘
13:24:30,82.69,-0.01,40,330736,中性盘
13:24:34,82.7,0.01,37,305945,买盘
13:24:37,82.68,-0.02,150,1240202,卖盘
13:24:38,82.67,-0.01,59,482994,卖盘
13:24:43,82.68,0.01,112,925967,买盘
13:24:45,82.67,-0.01,1449,11979684,卖盘
13:24:49,82.66,-0.01,29,239742,卖盘
13:24:51,82.67,0.01,125,1035492,买盘
13:24:54,82.65,-0.02,181,1493831,卖盘
13:24:57,82.64,-0.01,105,867823,卖盘
13:25:01,82.64,0.0,35,289239,买盘
13:25:04,82.64,0.0,225,1859051,买盘
13:25:07,82.62,-0.02,29,239608,卖盘
13:25:10,82.62,0.0,137,1131922,卖盘
13:25:13,82.61,-0.01,127,1049266,卖盘
13:25:14,82.6,-0.01,124,1024396,卖盘
13:25:19,82.6,0.0,106,875691,卖盘
13:25:21,82.61,0.01,233,1924624,卖盘
13:25:25,82.61,0.0,112,925167,中性盘
13:25:28,82.6,-0.01,95,784791,卖盘
13:25:31,82.61,0.01,41,338690,买盘
13:25:33,82.61,0.0,92,760004,买盘
13:25:37,82.6,-0.01,135,1115244,卖盘
13:25:39,82.6,0.0,153,1263161,卖盘
13:25:42,82.61,0.01,75,619539,中性盘
13:25:45,82.61,0.0,313,2585685,卖盘
13:25:48,82.6,-0.01,184,1519973,卖盘
13:25:51,82.6,0.0,209,1726486,卖盘
13:25:55,82.6,0.0,143,1181311,卖盘
13:25:58,82.61,0.01,175,1445612,买盘
13:26:01,82.61,0.0,110,908789,卖盘
13:26:04,82.64,0.03,94,776672,买盘
13:26:07,82.63,-0.01,185,1528673,卖盘
13:26:09,82.64,0.01,133,1099150,买盘
13:26:13,82.65,0.01,172,1421440,中性盘
13:26:16,82.65,0.0,378,3124797,卖盘
13:26:19,82.63,-0.02,126,1041489,卖盘
