time,price,change,volume,amount,type
09:25:04,81.0,-1.38,18348,148618800,卖盘
09:30:02,80.99,-0.01,8093,65480068,卖盘
09:30:05,81.0,0.01,7099,57528386,买盘
09:30:08,80.99,-0.01,9103,73745532,卖盘
09:30:11,80.99,0.0,1409,11410507,买盘
09:30:13,81.0,0.01,1201,9727790,买盘
09:30:15,80.95,-0.05,1186,9601909,卖盘
09:30:20,80.98,0.03,1300,10524369,买盘
09:30:23,80.98,0.0,542,4389613,买盘
09:30:24,80.96,-0.02,666,5393335,卖盘
09:30:29,80.98,0.02,731,5920339,卖盘
09:30:31,80.98,0.0,734,5943643,卖盘
09:30:33,80.96,-0.02,1141,9237486,卖盘
09:30:38,80.98,0.02,2583,20908813,买盘
09:30:41,80.96,-0.02,575,4656350,卖盘
09:30:44,80.93,-0.03,533,4315163,卖盘
09:30:47,81.0,0.07,758,6137362,买盘
09:30:50,80.95,-0.05,631,5109563,卖盘
09:30:53,80.96,0.01,158,1281332,买盘
09:30:56,80.96,0.0,1388,11232137,买盘
09:30:59,80.95,-0.01,691,5588729,卖盘
09:31:01,80.97,0.02,592,4792304,买盘
09:31:05,80.96,-0.01,434,3513451,买盘
09:31:08,80.95,-0.01,789,6387881,卖盘
09:31:11,80.99,0.04,508,4113299,买盘
09:31:15,81.0,0.01,1615,13084682,买盘
09:31:17,81.12,0.12,482,3904543,买盘
09:31:20,81.12,0.0,430,3486300,买盘
09:31:23,81.19,0.07,711,5760241,买盘
09:31:24,81.19,0.0,273,2213594,买盘
09:31:29,81.2,0.01,243,1971729,买盘
09:31:32,81.25,0.05,301,2444154,买盘
09:31:35,81.25,0.0,162,1315658,买盘
09:31:38,81.19,-0.06,751,6098355,卖盘
09:31:39,81.25,0.06,354,2875605,卖盘
09:31:44,81.19,-0.06,627,5091846,卖盘
09:31:47,81.16,-0.03,346,2809039,卖盘
09:31:50,81.15,-0.01,374,3035811,卖盘
09:31:53,81.15,0.0,953,7728863,卖盘
09:31:54,81.15,0.0,336,2726504,买盘
09:31:58,81.09,-0.06,692,5614711,中性盘
09:32:01,81.15,0.06,499,4048092,买盘
09:32:05,81.17,0.02,413,3351164,买盘
09:32:08,81.15,-0.02,281,2280260,卖盘
09:32:12,81.08,-0.07,1119,9072867,卖盘
09:32:15,81.03,-0.05,673,5455410,中性盘
09:32:17,81.08,0.05,441,3574771,买盘
09:32:18,81.08,0.0,437,3544641,卖盘
09:32:23,81.11,0.03,1053,8532024,买盘
09:32:26,81.01,-0.1,1059,8579268,卖盘
09:32:28,81.08,0.07,833,6749540,买盘
09:32:32,81.01,-0.07,778,6304273,卖盘
09:32:35,81.08,0.07,338,2738704,买盘
09:32:38,81.03,-0.05,399,3234004,中性盘
09:32:41,81.05,0.02,711,5761267,中性盘
09:32:43,81.07,0.02,958,7764310,买盘
09:32:47,81.08,0.01,971,7870560,买盘
09:32:50,81.06,-0.02,535,4334747,买盘
09:32:53,81.03,-0.03,1000,8102535,卖盘
09:32:56,81.05,0.02,422,3420087,买盘
09:32:58,81.05,0.0,955,7738796,卖盘
09:33:02,81.03,-0.02,561,4545312,卖盘
09:33:05,81.01,-0.02,675,5470604,卖盘
09:33:08,81.03,0.02,339,2747064,卖盘
09:33:11,81.05,0.02,1603,12986793,买盘
09:33:13,81.07,0.02,1014,8221683,买盘
09:33:17,81.01,-0.06,2310,18709983,卖盘
09:33:20,81.03,0.02,298,2415086,中性盘
09:33:24,81.05,0.02,354,2868712,买盘
09:33:24,81.05,0.0,1536,12445291,买盘
09:33:28,81.07,0.02,459,3720327,中性盘
09:33:31,81.05,-0.02,463,3752393,卖盘
09:33:36,81.05,0.0,424,3436264,卖盘
09:33:38,81.04,-0.01,421,3411595,中性盘
09:33:42,81.05,0.01,403,3265748,买盘
09:33:44,81.03,-0.02,287,2325898,卖盘
09:33:47,81.03,0.0,357,2892645,买盘
09:33:51,81.01,-0.02,1475,11949438,卖盘
09:33:54,81.03,0.02,837,6780323,买盘
09:33:56,81.01,-0.02,1221,9890779,卖盘
09:33:59,81.0,-0.01,1792,14518653,卖盘
09:34:02,80.97,-0.03,1328,10755353,卖盘
09:34:05,80.99,0.02,748,6056455,中性盘
09:34:09,80.99,0.0,1266,10247698,买盘
09:34:11,80.97,-0.02,1100,8901894,中性盘
09:34:13,80.95,-0.02,790,6396751,中性盘
09:34:18,80.93,-0.02,264,2136397,卖盘
09:34:20,80.95,0.02,459,3713753,买盘
09:34:23,80.93,-0.02,457,3698708,中性盘
09:34:27,80.91,-0.02,1052,8512243,卖盘
09:34:30,80.94,0.03,404,3269158,买盘
09:34:32,80.96,0.02,778,6296934,买盘
09:34:33,80.92,-0.04,853,6901473,卖盘
09:34:39,80.92,0.0,365,2953457,买盘
09:34:41,80.91,-0.01,667,5394696,卖盘
09:34:44,80.89,-0.02,1174,9496860,卖盘
09:34:48,80.89,0.0,1319,10668849,买盘
09:34:48,80.88,-0.01,917,7417021,卖盘
09:34:53,80.87,-0.01,387,3130004,卖盘
09:34:54,80.83,-0.04,969,7835077,卖盘
09:34:59,80.85,0.02,491,3969741,中性盘
09:35:01,80.83,-0.02,303,2449204,卖盘
09:35:05,80.83,0.0,507,4097804,买盘
09:35:08,80.81,-0.02,616,4978383,卖盘
09:35:12,80.82,0.01,1957,15816063,买盘
09:35:14,80.82,0.0,966,7804833,卖盘
09:35:18,80.82,0.0,436,3523680,卖盘
09:35:18,80.82,0.0,503,4065058,买盘
09:35:23,80.81,-0.01,1153,9317004,卖盘
09:35:27,80.8,-0.01,3450,27877790,卖盘
09:35:28,80.77,-0.03,1466,11837314,中性盘
09:35:33,80.75,-0.02,295,2382031,中性盘
09:35:35,80.75,0.0,1178,9509922,买盘
09:35:39,80.7,-0.05,527,4253948,卖盘
09:35:39,80.68,-0.02,525,4236642,卖盘
09:35:45,80.7,0.02,589,4752454,买盘
09:35:48,80.67,-0.03,471,3800169,卖盘
09:35:51,80.66,-0.01,1140,9195705,卖盘
09:35:54,80.61,-0.05,1694,13659596,卖盘
09:35:56,80.6,-0.01,2026,16330094,卖盘
09:35:59,80.6,0.0,1226,9879655,卖盘
09:36:03,80.55,-0.05,365,2941522,卖盘
09:36:03,80.6,0.05,819,6600547,买盘
09:36:08,80.59,-0.01,727,5857669,中性盘
09:36:12,80.56,-0.03,910,7331492,卖盘
09:36:15,80.53,-0.03,1338,10777154,卖盘
09:36:18,80.55,0.02,737,5936241,买盘
09:36:18,80.55,0.0,1561,12573994,买盘
09:36:24,80.52,-0.03,789,6353283,卖盘
09:36:26,80.52,0.0,694,5588422,买盘
09:36:28,80.51,-0.01,781,6288951,卖盘
09:36:31,80.53,0.02,1285,10345960,买盘
09:36:36,80.51,-0.02,1171,9424449,卖盘
09:36:39,80.51,0.0,748,6022379,卖盘
09:36:39,80.51,0.0,444,3574843,买盘
09:36:45,80.51,0.0,1662,13380088,卖盘
09:36:48,80.51,0.0,2247,18089158,买盘
09:36:51,80.52,0.01,1685,13564997,买盘
09:36:54,80.51,-0.01,786,6327895,卖盘
09:36:54,80.51,0.0,419,3373520,卖盘
09:37:00,80.52,0.01,626,5040207,买盘
09:37:01,80.51,-0.01,1336,10756431,卖盘
09:37:06,80.51,0.0,896,7214631,卖盘
09:37:09,80.54,0.03,748,6023419,买盘
09:37:10,80.55,0.01,397,3196914,中性盘
09:37:13,80.56,0.01,517,4164576,买盘
09:37:18,80.55,-0.01,387,3117771,卖盘
09:37:18,80.56,0.01,464,3738240,中性盘
09:37:23,80.57,0.01,502,4043914,卖盘
09:37:24,80.59,0.02,289,2328778,买盘
09:37:30,80.6,0.01,469,3779471,买盘
09:37:33,80.6,0.0,490,3948783,买盘
09:37:36,80.6,0.0,528,4252791,买盘
09:37:38,80.6,0.0,804,6480082,买盘
09:37:40,80.59,-0.01,1240,9992546,卖盘
09:37:45,80.59,0.0,1081,8710875,买盘
09:37:48,80.57,-0.02,586,4724804,卖盘
09:37:51,80.59,0.02,793,6390584,买盘
09:37:53,80.57,-0.02,431,3472941,卖盘
09:37:56,80.59,0.02,417,3359952,买盘
09:38:00,80.58,-0.01,587,4729838,卖盘
09:38:03,80.59,0.01,273,2200175,买盘
09:38:05,80.6,0.01,341,2747983,买盘
09:38:10,80.6,0.0,666,5366852,买盘
09:38:12,80.6,0.0,915,7374739,卖盘
09:38:15,80.6,0.0,340,2740273,买盘
09:38:16,80.61,0.01,504,4062280,买盘
09:38:21,80.6,-0.01,494,3981840,卖盘
09:38:23,80.58,-0.02,1514,12201658,卖盘
09:38:27,80.6,0.02,513,4134335,买盘
09:38:30,80.59,-0.01,299,2409933,卖盘
09:38:33,80.6,0.01,479,3860469,买盘
09:38:36,80.59,-0.01,278,2240457,卖盘
09:38:39,80.59,0.0,328,2643447,买盘
09:38:41,80.6,0.01,552,4448819,买盘
09:38:45,80.59,-0.01,749,6036803,卖盘
09:38:48,80.6,0.01,531,4279183,买盘
09:38:51,80.59,-0.01,408,3288075,卖盘
09:38:54,80.6,0.01,331,2667726,买盘
09:38:57,80.59,-0.01,574,4625874,卖盘
09:39:00,80.59,0.0,884,7124346,买盘
09:39:03,80.58,-0.01,1106,8912336,卖盘
09:39:06,80.58,0.0,1212,9766032,买盘
09:39:08,80.58,0.0,1239,9983375,买盘
09:39:12,80.56,-0.02,1047,8435043,卖盘
09:39:15,80.56,0.0,527,4246457,买盘
09:39:18,80.57,0.01,358,2884033,买盘
09:39:21,80.57,0.0,750,6042917,买盘
09:39:24,80.59,0.02,400,3222636,买盘
09:39:27,80.59,0.0,175,1410117,买盘
09:39:30,80.59,0.0,617,4970970,买盘
09:39:33,80.6,0.01,786,6335128,买盘
09:39:33,80.6,0.0,745,6004407,买盘
09:39:39,80.6,0.0,495,3989551,买盘
09:39:40,80.59,-0.01,326,2631257,卖盘
09:39:45,80.6,0.01,432,3477052,买盘
09:39:48,80.6,0.0,678,5469654,卖盘
09:39:51,80.6,0.0,526,4234420,买盘
09:39:53,80.6,0.0,915,7374708,卖盘
09:39:57,80.61,0.01,314,2529939,中性盘
09:40:00,80.62,0.01,666,5368163,中性盘
09:40:01,80.64,0.02,282,2273625,买盘
09:40:06,80.63,-0.01,631,5087285,中性盘
09:40:09,80.61,-0.02,562,4531791,卖盘
09:40:12,80.6,-0.01,989,7971569,卖盘
09:40:15,80.6,0.0,622,5013124,买盘
09:40:15,80.59,-0.01,396,3191980,卖盘
09:40:21,80.6,0.01,1209,9745419,买盘
09:40:24,80.59,-0.01,2154,17358086,卖盘
09:40:27,80.59,0.0,467,3763654,买盘
09:40:30,80.6,0.01,532,4287670,买盘
09:40:33,80.6,0.0,619,4988874,买盘
09:40:36,80.6,0.0,367,2957889,卖盘
09:40:39,80.6,0.0,307,2474431,卖盘
09:40:42,80.59,-0.01,355,2861173,卖盘
09:40:45,80.61,0.02,548,4416861,买盘
09:40:48,80.61,0.0,285,2297116,买盘
09:40:51,80.61,0.0,783,6314968,买盘
09:40:53,80.59,-0.02,754,6077459,卖盘
09:40:55,80.61,0.02,289,2329477,卖盘
09:41:00,80.6,-0.01,541,4360738,卖盘
09:41:03,80.62,0.02,557,4490418,买盘
09:41:06,80.61,-0.01,597,4812144,卖盘
09:41:09,80.61,0.0,434,3498727,卖盘
09:41:12,80.6,-0.01,1013,8164101,卖盘
09:41:15,80.6,0.0,877,7069766,卖盘
09:41:18,80.61,0.01,1449,11678563,买盘
09:41:21,80.61,0.0,302,2434318,卖盘
09:41:23,80.6,-0.01,264,2128029,卖盘
09:41:27,80.62,0.02,170,1370378,中性盘
09:41:28,80.61,-0.01,273,2200547,卖盘
09:41:32,80.63,0.02,647,5216200,买盘
09:41:36,80.63,0.0,369,2974993,卖盘
09:41:39,80.63,0.0,177,1427089,卖盘
09:41:42,80.63,0.0,223,1797916,买盘
09:41:45,80.63,0.0,236,1902829,买盘
09:41:48,80.64,0.01,188,1515994,买盘
09:41:49,80.64,0.0,1606,12946218,卖盘
09:41:53,80.64,0.0,244,1967593,卖盘
09:41:55,80.64,0.0,266,2144942,卖盘
09:42:00,80.65,0.01,292,2354556,买盘
09:42:02,80.64,-0.01,204,1645131,买盘
09:42:06,80.66,0.02,335,2703029,买盘
09:42:09,80.65,-0.01,128,1032338,卖盘
09:42:12,80.66,0.01,571,4604892,买盘
09:42:15,80.62,-0.04,1142,9203866,卖盘
09:42:18,80.66,0.04,292,2354971,买盘
09:42:21,80.62,-0.04,399,3221279,卖盘
09:42:24,80.65,0.03,294,2367552,买盘
09:42:24,80.65,0.0,437,3523215,买盘
09:42:30,80.64,-0.01,197,1588639,卖盘
09:42:32,80.65,0.01,428,3451649,买盘
09:42:36,80.64,-0.01,199,1604791,卖盘
09:42:39,80.65,0.01,343,2766092,买盘
09:42:42,80.64,-0.01,274,2209795,卖盘
09:42:45,80.65,0.01,184,1483851,买盘
09:42:48,80.65,0.0,270,2177423,买盘
09:42:48,80.65,0.0,398,3209673,买盘
09:42:54,80.64,-0.01,336,2709618,卖盘
09:42:57,80.64,0.0,230,1854802,卖盘
09:42:58,80.65,0.01,2434,19624519,买盘
09:43:03,80.63,-0.02,241,1943334,卖盘
09:43:06,80.63,0.0,280,2257369,买盘
09:43:08,80.63,0.0,389,3136236,买盘
09:43:10,80.63,0.0,826,6658771,买盘
09:43:15,80.61,-0.02,223,1797828,卖盘
09:43:16,80.62,0.01,746,6014728,买盘
09:43:18,80.62,0.0,169,1362448,买盘
09:43:24,80.61,-0.01,250,2015336,卖盘
09:43:27,80.61,0.0,335,2700465,卖盘
09:43:28,80.61,0.0,272,2192661,中性盘
09:43:33,80.62,0.01,1178,9494978,买盘
09:43:36,80.61,-0.01,567,4570381,卖盘
09:43:38,80.62,0.01,719,5795513,买盘
09:43:40,80.61,-0.01,209,1684716,中性盘
09:43:43,80.6,-0.01,2882,23233782,卖盘
09:43:48,80.62,0.02,460,3708373,买盘
09:43:51,80.63,0.01,161,1298006,买盘
09:43:54,80.65,0.02,676,5453387,买盘
09:43:55,80.66,0.01,221,1782189,买盘
09:43:58,80.65,-0.01,156,1258266,卖盘
09:44:03,80.64,-0.01,115,927414,卖盘
09:44:06,80.68,0.04,96,774312,买盘
09:44:08,80.65,-0.03,209,1685626,卖盘
09:44:12,80.64,-0.01,685,5524150,卖盘
09:44:15,80.66,0.02,146,1177605,买盘
09:44:16,80.66,0.0,298,2403751,中性盘
09:44:19,80.67,0.01,189,1524623,卖盘
09:44:24,80.68,0.01,211,1702001,买盘
09:44:27,80.67,-0.01,293,2363786,卖盘
09:44:30,80.68,0.01,84,677715,中性盘
09:44:32,80.67,-0.01,236,1903736,卖盘
09:44:33,80.8,0.13,1503,12135324,买盘
09:44:39,80.81,0.01,602,4864161,买盘
09:44:42,80.72,-0.09,91,734380,卖盘
09:44:45,80.72,0.0,77,621751,中性盘
09:44:48,80.8,0.08,126,1017427,买盘
09:44:49,80.8,0.0,147,1187262,买盘
09:44:53,80.8,0.0,319,2576018,买盘
09:44:55,80.81,0.01,225,1817784,买盘
09:45:00,80.78,-0.03,530,4282380,卖盘
09:45:03,80.81,0.03,307,2479908,买盘
09:45:04,80.79,-0.02,239,1931126,卖盘
09:45:09,80.72,-0.07,287,2318233,卖盘
09:45:10,80.77,0.05,834,6733588,卖盘
09:45:15,80.8,0.03,202,1632014,买盘
09:45:18,80.8,0.0,149,1203567,买盘
09:45:21,80.8,0.0,219,1769362,买盘
09:45:24,80.8,0.0,215,1737178,买盘
09:45:27,80.8,0.0,539,4355170,卖盘
09:45:30,80.81,0.01,274,2213972,买盘
09:45:33,80.8,-0.01,189,1527204,卖盘
09:45:36,80.82,0.02,241,1947579,买盘
09:45:38,80.82,0.0,504,4072483,买盘
09:45:42,80.81,-0.01,277,2238290,买盘
09:45:45,80.82,0.01,329,2658513,买盘
09:45:48,80.82,0.0,251,2028474,买盘
09:45:49,80.83,0.01,57,460676,买盘
09:45:54,80.81,-0.02,375,3030574,卖盘
09:45:55,80.82,0.01,79,638533,中性盘
09:46:00,80.83,0.01,210,1697286,买盘
09:46:03,80.83,0.0,147,1188185,卖盘
09:46:03,80.83,0.0,139,1123549,卖盘
09:46:09,80.82,-0.01,593,4792949,卖盘
09:46:10,80.82,0.0,187,1511325,买盘
09:46:15,80.81,-0.01,606,4897367,卖盘
09:46:16,80.82,0.01,198,1599553,买盘
09:46:21,80.82,0.0,335,2707371,买盘
09:46:24,80.84,0.02,584,4719585,买盘
09:46:24,80.82,-0.02,65,525377,卖盘
09:46:30,80.82,0.0,139,1123427,卖盘
09:46:33,80.84,0.02,49,396044,买盘
09:46:36,80.83,-0.01,230,1858894,卖盘
09:46:39,80.83,0.0,95,767907,买盘
09:46:40,80.83,0.0,82,662836,卖盘
09:46:45,80.83,0.0,100,811242,卖盘
09:46:46,80.83,0.0,580,4687905,卖盘
09:46:49,80.84,0.01,131,1058868,买盘
09:46:54,80.83,-0.01,400,3228335,卖盘
09:46:54,80.84,0.01,225,1818843,买盘
09:47:00,80.84,0.0,48,388032,卖盘
09:47:03,80.84,0.0,60,485031,卖盘
09:47:06,80.84,0.0,266,2150226,买盘
09:47:09,80.83,-0.01,142,1147910,卖盘
09:47:10,80.83,0.0,85,687120,卖盘
09:47:13,80.84,0.01,355,2870000,卖盘
09:47:17,80.84,0.0,450,3637275,买盘
09:47:21,80.84,0.0,270,2182600,买盘
09:47:24,80.84,0.0,308,2489548,买盘
09:47:27,80.84,0.0,130,1050919,卖盘
09:47:30,80.85,0.01,294,2376641,买盘
09:47:33,80.83,-0.02,163,1317704,卖盘
09:47:36,80.83,0.0,70,565810,卖盘
09:47:38,80.84,0.01,429,3467686,买盘
09:47:42,80.83,-0.01,476,3847729,卖盘
09:47:45,80.84,0.01,1121,9066814,中性盘
09:47:48,80.86,0.02,104,840764,卖盘
09:47:51,80.86,0.0,62,501232,买盘
09:47:54,80.84,-0.02,172,1390547,卖盘
09:47:57,80.86,0.02,246,1989001,买盘
09:48:00,80.85,-0.01,127,1026823,中性盘
09:48:03,80.84,-0.01,215,1738138,卖盘
09:48:06,80.85,0.01,832,6725509,买盘
09:48:09,80.86,0.01,139,1123904,买盘
09:48:12,80.85,-0.01,76,614484,卖盘
09:48:15,80.85,0.0,192,1552521,卖盘
09:48:16,80.85,0.0,285,2304589,卖盘
09:48:21,80.86,0.01,93,751996,中性盘
09:48:24,80.85,-0.01,214,1730308,卖盘
09:48:25,80.9,0.05,83,675011,买盘
09:48:30,80.9,0.0,182,1472029,买盘
09:48:32,80.89,-0.01,68,550034,中性盘
09:48:36,80.89,0.0,63,509621,卖盘
09:48:39,80.88,-0.01,163,1318641,卖盘
09:48:42,80.88,0.0,349,2823110,卖盘
09:48:45,80.87,-0.01,134,1083745,卖盘
09:48:48,80.9,0.03,107,865525,买盘
09:48:51,80.91,0.01,171,1383391,买盘
09:48:54,80.91,0.0,121,978923,买盘
09:48:57,80.92,0.01,144,1165158,买盘
09:48:58,80.91,-0.01,144,1165149,卖盘
09:49:02,80.91,0.0,336,2718410,卖盘
09:49:06,80.92,0.01,116,933769,买盘
09:49:09,80.93,0.01,253,2047200,买盘
09:49:12,80.94,0.01,122,987518,中性盘
09:49:15,80.95,0.01,264,2136694,买盘
09:49:18,80.95,0.0,533,4313743,卖盘
09:49:21,80.98,0.03,1184,9588821,买盘
09:49:24,80.97,-0.01,34,275263,卖盘
09:49:27,80.98,0.01,405,3280463,中性盘
09:49:30,81.01,0.03,227,1838820,买盘
09:49:33,81.01,0.0,210,1701252,买盘
09:49:33,81.0,-0.01,336,2721881,卖盘
09:49:39,81.01,0.01,225,1822574,买盘
09:49:42,81.01,0.0,98,793831,买盘
09:49:45,81.01,0.0,168,1360832,买盘
09:49:48,81.01,0.0,66,534668,卖盘
09:49:51,81.0,-0.01,311,2519566,卖盘
09:49:54,81.02,0.02,208,1685127,买盘
09:49:57,81.03,0.01,262,2123313,买盘
09:50:00,81.01,-0.02,391,3167600,卖盘
09:50:03,81.04,0.03,354,2868198,买盘
09:50:06,81.02,-0.02,120,972317,中性盘
09:50:09,81.02,0.0,326,2641092,买盘
09:50:10,81.04,0.02,295,2390058,买盘
09:50:15,81.03,-0.01,264,2139358,卖盘
09:50:18,81.05,0.02,231,1872126,买盘
09:50:21,81.07,0.02,502,4068353,买盘
09:50:24,81.05,-0.02,172,1394338,中性盘
09:50:24,81.03,-0.02,214,1733702,卖盘
09:50:28,81.03,0.0,167,1353198,买盘
09:50:33,81.03,0.0,109,883296,买盘
09:50:36,81.03,0.0,214,1734123,卖盘
09:50:39,81.03,0.0,264,2139207,卖盘
09:50:42,81.02,-0.01,476,3856974,卖盘
09:50:45,81.03,0.01,115,931886,卖盘
09:50:48,81.04,0.01,106,858964,买盘
09:50:51,81.03,-0.01,110,891378,卖盘
09:50:54,81.04,0.01,303,2455665,买盘
09:50:57,81.04,0.0,411,3330798,卖盘
09:51:00,81.03,-0.01,104,842709,买盘
09:51:03,81.03,0.0,90,729284,买盘
09:51:06,81.04,0.01,201,1628725,买盘
09:51:09,81.04,0.0,115,931948,卖盘
09:51:12,81.04,0.0,161,1304532,卖盘
09:51:15,81.03,-0.01,79,640176,中性盘
09:51:17,81.03,0.0,606,4911005,卖盘
09:51:20,81.04,0.01,97,786075,中性盘
09:51:24,81.04,0.0,245,1985326,买盘
09:51:27,81.04,0.0,101,818367,买盘
09:51:30,81.03,-0.01,267,2163327,卖盘
09:51:33,81.03,0.0,179,1450312,买盘
09:51:36,81.01,-0.02,593,4803565,卖盘
09:51:39,81.01,0.0,354,2867518,买盘
09:51:40,81.0,-0.01,881,7136182,卖盘
09:51:45,81.01,0.01,157,1271727,买盘
09:51:45,81.01,0.0,391,3167145,买盘
09:51:51,80.98,-0.03,1167,9452447,卖盘
09:51:53,81.0,0.02,151,1223079,买盘
09:51:57,80.96,-0.04,883,7150981,卖盘
09:51:58,80.98,0.02,85,688363,买盘
09:52:03,80.98,0.0,131,1060685,买盘
09:52:03,80.95,-0.03,517,4184975,卖盘
09:52:08,80.94,-0.01,107,866086,卖盘
09:52:10,80.94,0.0,108,874032,买盘
09:52:15,80.93,-0.01,240,1942138,中性盘
09:52:18,80.89,-0.04,690,5582083,卖盘
09:52:21,80.89,0.0,272,2200315,买盘
09:52:24,80.88,-0.01,388,3138238,卖盘
09:52:27,80.87,-0.01,474,3832891,卖盘
09:52:28,80.86,-0.01,137,1107731,卖盘
09:52:33,80.86,0.0,335,2708684,买盘
09:52:36,80.84,-0.02,388,3137134,卖盘
09:52:38,80.85,0.01,386,3120564,买盘
09:52:42,80.85,0.0,82,662909,买盘
09:52:43,80.83,-0.02,333,2691735,卖盘
09:52:46,80.86,0.03,647,5230230,买盘
09:52:51,80.85,-0.01,826,6678059,卖盘
09:52:54,80.83,-0.02,190,1535712,中性盘
09:52:57,80.84,0.01,348,2812905,中性盘
09:53:00,80.81,-0.03,500,4040652,卖盘
09:53:03,80.82,0.01,232,1875058,买盘
09:53:03,80.83,0.01,487,3936375,中性盘
09:53:09,80.82,-0.01,493,3984081,卖盘
09:53:12,80.82,0.0,163,1317271,买盘
09:53:15,80.82,0.0,130,1050673,买盘
09:53:17,80.83,0.01,312,2521495,买盘
09:53:21,80.81,-0.02,257,2076425,卖盘
09:53:24,80.81,0.0,312,2521815,卖盘
09:53:27,80.82,0.01,328,2650607,买盘
09:53:30,80.8,-0.02,153,1237123,买盘
09:53:33,80.8,0.0,553,4468333,卖盘
09:53:36,80.81,0.01,246,1987770,买盘
09:53:39,80.8,-0.01,182,1470605,卖盘
09:53:41,80.81,0.01,2003,16184347,买盘
09:53:43,80.81,0.0,541,4371618,买盘
09:53:46,80.8,-0.01,1978,15982278,卖盘
09:53:51,80.81,0.01,259,2092767,买盘
09:53:54,80.8,-0.01,369,2981824,卖盘
09:53:57,80.8,0.0,154,1244230,买盘
09:54:00,80.8,0.0,131,1058477,买盘
09:54:03,80.81,0.01,272,2197778,买盘
09:54:06,80.8,-0.01,91,735286,卖盘
09:54:08,80.81,0.01,582,4702582,中性盘
09:54:11,80.81,0.0,398,3215562,买盘
09:54:15,80.81,0.0,393,3176033,买盘
09:54:18,80.81,0.0,165,1333256,卖盘
09:54:21,80.8,-0.01,606,4896543,卖盘
09:54:24,80.85,0.05,363,2934458,买盘
09:54:25,80.8,-0.05,71,573803,卖盘
09:54:30,80.8,0.0,439,3547315,卖盘
09:54:33,80.82,0.02,67,541416,买盘
09:54:36,80.81,-0.01,671,5422878,卖盘
09:54:38,80.81,0.0,1079,8721379,买盘
09:54:42,80.84,0.03,38,307136,买盘
09:54:45,80.84,0.0,431,3482573,卖盘
09:54:48,80.85,0.01,138,1115257,买盘
09:54:51,80.85,0.0,409,3307168,买盘
09:54:54,80.87,0.02,471,3808422,买盘
09:54:54,80.85,-0.02,121,978241,卖盘
09:55:00,80.85,0.0,132,1067161,买盘
09:55:03,80.84,-0.01,71,573922,中性盘
09:55:06,80.84,0.0,64,517338,买盘
09:55:08,80.84,0.0,359,2901262,买盘
09:55:12,80.84,0.0,606,4898288,买盘
09:55:13,80.82,-0.02,119,961888,卖盘
09:55:16,80.83,0.01,104,840618,买盘
09:55:18,80.83,0.0,49,396066,买盘
09:55:24,80.9,0.07,937,7579133,买盘
09:55:27,80.9,0.0,125,1007853,卖盘
09:55:28,80.86,-0.04,27,218344,卖盘
09:55:33,80.9,0.04,126,1018874,买盘
09:55:36,80.88,-0.02,146,1180833,中性盘
09:55:39,80.86,-0.02,53,428652,卖盘
09:55:42,80.88,0.02,57,461001,买盘
09:55:45,80.88,0.0,35,283064,买盘
09:55:46,80.84,-0.04,153,1237099,卖盘
09:55:51,80.85,0.01,79,638696,买盘
09:55:54,80.85,0.0,78,630628,买盘
09:55:57,80.84,-0.01,203,1641157,卖盘
09:56:00,80.84,0.0,107,865012,卖盘
09:56:03,80.84,0.0,116,937744,买盘
09:56:06,80.84,0.0,205,1657158,买盘
09:56:09,80.85,0.01,467,3775507,买盘
09:56:12,80.84,-0.01,209,1689399,卖盘
09:56:15,80.85,0.01,42,339539,买盘
09:56:18,80.84,-0.01,450,3637708,卖盘
09:56:18,80.85,0.01,366,2958651,买盘
09:56:23,80.86,0.01,455,3678509,买盘
09:56:27,80.84,-0.02,151,1220805,卖盘
09:56:30,80.85,0.01,215,1738167,中性盘
09:56:32,80.83,-0.02,213,1721674,卖盘
09:56:36,80.84,0.01,195,1576372,买盘
09:56:39,80.83,-0.01,50,404189,卖盘
09:56:41,80.83,0.0,214,1729796,卖盘
09:56:45,80.83,0.0,207,1673178,卖盘
09:56:48,80.83,0.0,174,1406431,买盘
09:56:51,80.82,-0.01,136,1099260,卖盘
09:56:54,80.84,0.02,484,3912112,买盘
09:56:57,80.83,-0.01,170,1373997,卖盘
09:57:00,80.84,0.01,593,4793352,买盘
09:57:02,80.82,-0.02,183,1479316,卖盘
09:57:06,80.83,0.01,44,355656,买盘
09:57:09,80.82,-0.01,127,1026515,卖盘
09:57:12,80.83,0.01,152,1228540,买盘
09:57:15,80.85,0.02,840,6795478,买盘
09:57:18,80.85,0.0,303,2449758,卖盘
09:57:21,80.85,0.0,67,541678,卖盘
09:57:24,80.86,0.01,133,1075203,买盘
09:57:27,80.82,-0.04,559,4517939,卖盘
09:57:28,80.82,0.0,146,1179872,买盘
09:57:33,80.82,0.0,105,848574,买盘
09:57:36,80.81,-0.01,61,492996,卖盘
09:57:39,80.83,0.02,101,816331,买盘
09:57:41,80.83,0.0,821,6634487,买盘
09:57:45,80.82,-0.01,722,5834847,卖盘
09:57:48,80.82,0.0,73,590076,卖盘
09:57:51,80.82,0.0,43,347524,卖盘
09:57:54,80.83,0.01,110,889052,买盘
09:57:57,80.83,0.0,71,573895,卖盘
09:57:58,80.83,0.0,182,1471110,卖盘
09:58:03,80.82,-0.01,185,1495242,卖盘
09:58:06,80.82,0.0,329,2658649,买盘
09:58:09,80.82,0.0,105,848556,买盘
09:58:12,80.82,0.0,1158,9356754,买盘
09:58:15,80.8,-0.02,202,1632267,卖盘
09:58:18,80.81,0.01,150,1212087,买盘
09:58:21,80.8,-0.01,147,1187905,卖盘
09:58:24,80.8,0.0,579,4678373,卖盘
09:58:27,80.79,-0.01,221,1781077,卖盘
09:58:31,80.79,0.0,147,1187747,卖盘
09:58:33,80.79,0.0,50,403982,卖盘
09:58:34,80.8,0.01,401,3240017,买盘
09:58:39,80.79,-0.01,134,1082660,卖盘
09:58:42,80.79,0.0,89,719044,卖盘
09:58:44,80.79,0.0,262,2116917,卖盘
09:58:47,80.79,0.0,64,517042,买盘
09:58:51,80.79,0.0,144,1163306,买盘
09:58:54,80.79,0.0,87,702842,买盘
09:58:57,80.79,0.0,56,452404,买盘
09:58:58,80.78,-0.01,112,904783,卖盘
09:59:03,80.78,0.0,609,4919580,卖盘
09:59:06,80.77,-0.01,392,3166294,卖盘
09:59:09,80.76,-0.01,171,1381070,卖盘
09:59:11,80.76,0.0,103,831862,卖盘
09:59:15,80.76,0.0,39,314964,买盘
09:59:18,80.75,-0.01,371,2995884,卖盘
09:59:20,80.76,0.01,126,1017475,买盘
09:59:24,80.73,-0.03,305,2462624,卖盘
09:59:27,80.74,0.01,75,605588,中性盘
09:59:30,80.74,0.0,101,815433,买盘
09:59:33,80.73,-0.01,134,1081708,卖盘
09:59:33,80.72,-0.01,174,1404691,卖盘
09:59:39,80.72,0.0,140,1130115,卖盘
09:59:40,80.73,0.01,213,1719490,买盘
09:59:45,80.71,-0.02,231,1864824,卖盘
09:59:46,80.72,0.01,464,3744995,买盘
09:59:51,80.7,-0.02,157,1267174,卖盘
09:59:54,80.71,0.01,157,1267091,买盘
09:59:56,80.7,-0.01,128,1033057,卖盘
10:00:00,80.71,0.01,281,2267833,买盘
10:00:03,80.71,0.0,262,2114459,买盘
10:00:06,80.71,0.0,185,1493044,买盘
10:00:09,80.71,0.0,151,1218750,买盘
10:00:12,80.71,0.0,703,5673322,卖盘
10:00:15,80.72,0.01,202,1630347,买盘
10:00:18,80.71,-0.01,219,1767598,买盘
10:00:20,80.71,0.0,120,968519,卖盘
10:00:24,80.71,0.0,46,371287,卖盘
10:00:27,80.72,0.01,139,1121885,买盘
10:00:30,80.71,-0.01,79,637646,卖盘
10:00:33,80.7,-0.01,369,2978170,卖盘
10:00:36,80.71,0.01,99,799038,中性盘
10:00:39,80.7,-0.01,209,1686800,卖盘
10:00:41,80.71,0.01,182,1468806,买盘
10:00:45,80.71,0.0,162,1307428,买盘
10:00:48,80.71,0.0,127,1024963,买盘
10:00:50,80.71,0.0,356,2873097,买盘
10:00:54,80.72,0.01,2177,17568527,买盘
10:00:54,80.69,-0.03,279,2251540,卖盘
10:01:00,80.72,0.03,279,2251691,买盘
10:01:02,80.69,-0.03,467,3769017,卖盘
10:01:06,80.7,0.01,214,1726977,买盘
10:01:09,80.69,-0.01,139,1121690,卖盘
10:01:12,80.7,0.01,171,1379922,买盘
10:01:14,80.69,-0.01,395,3187439,卖盘
10:01:17,80.69,0.0,181,1460560,卖盘
10:01:21,80.69,0.0,100,806890,卖盘
10:01:24,80.69,0.0,179,1444350,买盘
10:01:27,80.69,0.0,226,1823557,买盘
10:01:30,80.69,0.0,461,3719477,卖盘
10:01:32,80.69,0.0,152,1226432,买盘
10:01:36,80.68,-0.01,198,1597541,卖盘
10:01:39,80.68,0.0,216,1742803,卖盘
10:01:41,80.69,0.01,205,1654191,卖盘
10:01:45,80.69,0.0,150,1210336,卖盘
10:01:47,80.69,0.0,147,1186120,卖盘
10:01:51,80.68,-0.01,190,1532995,卖盘
10:01:53,80.68,0.0,71,572884,卖盘
10:01:57,80.69,0.01,152,1226381,买盘
10:02:00,80.67,-0.02,1055,8510593,卖盘
10:02:03,80.67,0.0,673,5429547,买盘
10:02:06,80.66,-0.01,102,822987,卖盘
10:02:09,80.67,0.01,463,3735534,卖盘
10:02:12,80.68,0.01,1028,8291583,买盘
10:02:14,80.69,0.01,279,2250958,买盘
10:02:17,80.67,-0.02,966,7793521,卖盘
10:02:21,80.68,0.01,333,2686420,买盘
10:02:24,80.68,0.0,629,5075212,中性盘
10:02:26,80.67,-0.01,240,1936456,卖盘
10:02:30,80.67,0.0,439,3542050,卖盘
10:02:32,80.67,0.0,3060,24679449,卖盘
10:02:33,80.68,0.01,88,709918,买盘
10:02:39,80.68,0.0,222,1791006,买盘
10:02:41,80.68,0.0,102,822883,买盘
10:02:44,80.68,0.0,273,2202618,卖盘
10:02:48,80.67,-0.01,764,6163318,卖盘
10:02:50,80.68,0.01,85,685891,卖盘
10:02:54,80.68,0.0,120,968297,卖盘
10:02:57,80.69,0.01,81,653606,买盘
10:03:00,80.69,0.0,161,1299229,卖盘
10:03:03,80.68,-0.01,223,1799254,卖盘
10:03:06,80.69,0.01,103,831064,买盘
10:03:09,80.68,-0.01,107,863369,卖盘
10:03:12,80.69,0.01,65,524522,中性盘
10:03:14,80.69,0.0,908,7325435,卖盘
10:03:18,80.69,0.0,308,2485418,卖盘
10:03:18,80.69,0.0,142,1152149,买盘
10:03:24,80.7,0.01,125,1008645,买盘
10:03:27,80.69,-0.01,214,1726740,卖盘
10:03:29,80.68,-0.01,739,5961939,卖盘
10:03:33,80.69,0.01,136,1097343,买盘
10:03:35,80.68,-0.01,214,1726749,卖盘
10:03:39,80.7,0.02,218,1759092,买盘
10:03:41,80.67,-0.03,176,1420023,卖盘
10:03:44,80.69,0.02,135,1089302,买盘
10:03:47,80.68,-0.01,74,597138,卖盘
10:03:50,80.69,0.01,267,2154452,中性盘
10:03:54,80.7,0.01,153,1234564,买盘
10:03:57,80.7,0.0,111,895724,买盘
10:04:00,80.69,-0.01,122,984430,卖盘
10:04:03,80.69,0.0,119,960232,买盘
10:04:06,80.7,0.01,120,968310,买盘
10:04:08,80.7,0.0,80,645548,买盘
10:04:13,80.7,0.0,82,661684,买盘
10:04:15,80.69,-0.01,104,839243,卖盘
10:04:17,80.7,0.01,135,1089411,买盘
10:04:20,80.7,0.0,150,1210425,卖盘
10:04:23,80.7,0.0,554,4470782,卖盘
10:04:27,80.7,0.0,47,379309,卖盘
10:04:29,80.7,0.0,160,1291206,卖盘
10:04:33,80.7,0.0,148,1194323,买盘
10:04:36,80.71,0.01,325,2622609,买盘
10:04:39,80.71,0.0,179,1444495,买盘
10:04:40,80.71,0.0,67,540729,买盘
10:04:43,80.71,0.0,27,217917,卖盘
10:04:47,80.7,-0.01,122,984705,卖盘
10:04:51,80.72,0.02,52,419698,买盘
10:04:54,80.71,-0.01,118,952333,卖盘
10:04:57,80.7,-0.01,146,1178397,卖盘
10:05:00,80.72,0.02,56,452015,买盘
10:05:03,80.71,-0.01,137,1105802,卖盘
10:05:05,80.71,0.0,85,686058,卖盘
10:05:06,80.71,0.0,217,1751407,买盘
10:05:12,80.71,0.0,126,1016858,买盘
10:05:15,80.71,0.0,129,1041179,买盘
10:05:16,80.71,0.0,266,2146730,卖盘
10:05:21,80.7,-0.01,73,589149,卖盘
10:05:24,80.71,0.01,72,573682,买盘
10:05:27,80.71,0.0,131,1057302,买盘
10:05:30,80.72,0.01,51,411635,买盘
10:05:33,80.71,-0.01,80,645693,卖盘
10:05:36,80.71,0.0,192,1549750,卖盘
10:05:39,80.72,0.01,84,678014,买盘
10:05:42,80.71,-0.01,660,5326487,卖盘
10:05:45,80.7,-0.01,81,653747,卖盘
10:05:48,80.72,0.02,95,766735,买盘
10:05:51,80.71,-0.01,205,1654733,卖盘
10:05:53,80.71,0.0,175,1412429,卖盘
10:05:56,80.72,0.01,120,968451,买盘
10:05:59,80.71,-0.01,169,1364033,卖盘
10:06:02,80.72,0.01,119,960560,买盘
10:06:05,80.71,-0.01,115,928206,卖盘
10:06:09,80.7,-0.01,163,1315552,卖盘
10:06:11,80.72,0.02,86,694120,买盘
10:06:14,80.72,0.0,122,984717,卖盘
10:06:17,80.72,0.0,70,565013,买盘
10:06:21,80.71,-0.01,73,589209,卖盘
10:06:24,80.72,0.01,231,1864407,买盘
10:06:27,80.72,0.0,51,411623,买盘
10:06:28,80.7,-0.02,93,750611,卖盘
10:06:33,80.71,0.01,110,887833,买盘
10:06:36,80.7,-0.01,163,1315501,卖盘
10:06:38,80.72,0.02,528,4261180,买盘
10:06:42,80.71,-0.01,118,952310,卖盘
10:06:44,80.71,0.0,177,1428469,买盘
10:06:47,80.71,0.0,80,645706,买盘
10:06:51,80.7,-0.01,216,1743205,卖盘
10:06:54,80.71,0.01,166,1339670,买盘
10:06:57,80.71,0.0,245,1977364,买盘
10:07:00,80.71,0.0,205,1654511,卖盘
10:07:02,80.71,0.0,266,2150428,买盘
10:07:06,80.71,0.0,149,1202589,买盘
10:07:09,80.71,0.0,28,225990,卖盘
10:07:12,80.71,0.0,296,2388843,卖盘
10:07:15,80.71,0.0,188,1517325,买盘
10:07:17,80.72,0.01,119,960482,买盘
10:07:20,80.7,-0.02,93,750599,卖盘
10:07:24,80.7,0.0,71,573003,卖盘
10:07:27,80.72,0.02,55,443920,买盘
10:07:29,80.71,-0.01,49,395484,卖盘
10:07:32,80.7,-0.01,567,4575740,卖盘
10:07:36,80.71,0.01,84,677953,买盘
10:07:39,80.71,0.0,99,798996,买盘
10:07:42,80.71,0.0,179,1444684,买盘
10:07:45,80.72,0.01,101,815196,买盘
10:07:48,80.71,-0.01,133,1073428,卖盘
10:07:51,80.71,0.0,176,1420419,买盘
10:07:54,80.7,-0.01,116,936225,卖盘
10:07:57,80.71,0.01,167,1347736,中性盘
10:08:00,80.71,0.0,57,460061,卖盘
10:08:03,80.7,-0.01,190,1533321,卖盘
10:08:06,80.7,0.0,869,7012845,卖盘
10:08:06,80.7,0.0,99,798921,买盘
10:08:11,80.7,0.0,167,1347677,买盘
10:08:14,80.7,0.0,136,1097562,卖盘
10:08:18,80.7,0.0,66,532624,卖盘
10:08:20,80.7,0.0,141,1137839,卖盘
10:08:23,80.7,0.0,115,928001,买盘
10:08:27,80.7,0.0,47,379275,买盘
10:08:30,80.69,-0.01,209,1686533,卖盘
10:08:33,80.7,0.01,100,806966,买盘
10:08:36,80.7,0.0,2011,16230714,买盘
10:08:39,80.69,-0.01,75,605194,卖盘
10:08:42,80.69,0.0,66,532547,买盘
10:08:45,80.69,0.0,419,3380780,买盘
10:08:47,80.69,0.0,69,556724,买盘
10:08:50,80.69,0.0,292,2356240,买盘
10:08:54,80.69,0.0,115,927963,卖盘
10:08:57,80.7,0.01,124,1000616,买盘
10:08:59,80.69,-0.01,76,613262,卖盘
10:09:03,80.69,0.0,46,371184,卖盘
10:09:06,80.7,0.01,245,1977062,买盘
10:09:09,80.7,0.0,70,561185,买盘
10:09:12,80.7,0.0,110,887707,买盘
10:09:15,80.7,0.0,64,516470,卖盘
10:09:17,80.7,0.0,177,1428439,卖盘
10:09:20,80.71,0.01,70,564941,买盘
10:09:23,80.7,-0.01,267,2154656,卖盘
10:09:26,80.69,-0.01,48,387338,卖盘
10:09:30,80.7,0.01,85,685909,买盘
10:09:30,80.7,0.0,309,2493408,买盘
10:09:34,80.7,0.0,117,944110,买盘
10:09:38,80.7,0.0,206,1664034,买盘
10:09:42,80.71,0.01,156,1258955,买盘
10:09:45,80.7,-0.01,91,734393,卖盘
10:09:47,80.71,0.01,305,2461518,买盘
10:09:50,80.71,0.0,82,661823,卖盘
10:09:54,80.72,0.01,330,2663687,买盘
10:09:57,80.72,0.0,186,1501208,买盘
10:09:59,80.71,-0.01,37,298631,卖盘
10:10:03,80.71,0.0,65,524636,买盘
10:10:05,80.71,0.0,133,1073396,买盘
10:10:09,80.71,0.0,246,1985314,买盘
10:10:12,80.69,-0.02,667,5382625,卖盘
10:10:13,80.7,0.01,190,1533289,买盘
10:10:17,80.69,-0.01,2094,16895728,卖盘
10:10:20,80.69,0.0,64,516426,买盘
10:10:24,80.68,-0.01,256,2065526,卖盘
10:10:27,80.69,0.01,106,852308,买盘
10:10:30,80.7,0.01,145,1169944,买盘
10:10:33,80.7,0.0,104,839217,买盘
10:10:35,80.7,0.0,69,556779,买盘
10:10:39,80.69,-0.01,204,1646111,卖盘
10:10:41,80.69,0.0,81,653602,卖盘
10:10:45,80.7,0.01,140,1129747,买盘
10:10:48,80.7,0.0,132,1065124,买盘
10:10:50,80.69,-0.01,111,895670,卖盘
10:10:54,80.69,0.0,354,2856432,买盘
10:10:57,80.7,0.01,58,468020,买盘
10:11:00,80.69,-0.01,84,677806,卖盘
10:11:02,80.69,0.0,244,1968799,买盘
10:11:06,80.69,0.0,380,3066067,买盘
10:11:09,80.69,0.0,3257,26276228,买盘
10:11:12,80.69,0.0,219,1767063,买盘
10:11:14,80.69,0.0,44,355048,卖盘
10:11:17,80.69,0.0,43,346983,卖盘
10:11:21,80.69,0.0,148,1194223,卖盘
10:11:24,80.69,0.0,99,798842,卖盘
10:11:26,80.69,0.0,252,2033413,卖盘
10:11:29,80.69,0.0,88,710091,卖盘
10:11:33,80.69,0.0,165,1331459,卖盘
10:11:36,80.7,0.01,353,2852953,买盘
10:11:38,80.7,0.0,90,726300,卖盘
10:11:42,80.7,0.0,601,4848799,卖盘
10:11:45,80.71,0.01,99,798930,买盘
10:11:48,80.71,0.0,177,1428391,买盘
10:11:50,80.73,0.02,355,2865463,买盘
10:11:53,80.71,-0.02,243,1961116,卖盘
10:11:56,80.7,-0.01,53,427745,卖盘
10:11:59,80.71,0.01,93,750544,中性盘
10:12:03,80.72,0.01,59,476215,买盘
10:12:06,80.71,-0.01,140,1129946,卖盘
10:12:09,80.72,0.01,111,895918,买盘
10:12:12,80.72,0.0,164,1323707,买盘
10:12:14,80.72,0.0,243,1961326,买盘
10:12:17,80.72,0.0,108,871702,买盘
10:12:20,80.71,-0.01,119,960515,卖盘
10:12:24,80.72,0.01,93,750639,买盘
10:12:25,80.72,0.0,93,750659,买盘
10:12:30,80.72,0.0,215,1735440,买盘
10:12:33,80.71,-0.01,154,1243019,卖盘
10:12:35,80.71,0.0,789,6368108,卖盘
10:12:38,80.71,0.0,368,2969999,买盘
10:12:41,80.71,0.0,119,960476,买盘
10:12:45,80.71,0.0,211,1703156,卖盘
10:12:47,80.72,0.01,113,912082,卖盘
10:12:50,80.72,0.0,107,863666,卖盘
10:12:53,80.72,0.0,46,371318,买盘
10:12:57,80.72,0.0,159,1283504,卖盘
10:13:00,80.73,0.01,308,2486221,买盘
10:13:03,80.72,-0.01,215,1736548,卖盘
10:13:05,80.72,0.0,347,2800068,卖盘
10:13:08,80.72,0.0,380,3067279,买盘
10:13:11,80.72,0.0,374,3018955,买盘
10:13:15,80.72,0.0,171,1380282,卖盘
10:13:17,80.72,0.0,102,823319,买盘
10:13:20,80.72,0.0,148,1194682,卖盘
10:13:23,80.73,0.01,133,1073612,买盘
10:13:27,80.73,0.0,160,1291544,买盘
10:13:29,80.73,0.0,160,1291606,买盘
10:13:32,80.72,-0.01,178,1436864,卖盘
10:13:34,80.73,0.01,164,1323839,买盘
10:13:39,80.74,0.01,202,1631648,买盘
10:13:41,80.73,-0.01,27,217976,卖盘
10:13:44,80.73,0.0,82,657142,卖盘
10:13:45,80.75,0.02,225,1816545,买盘
10:13:50,80.74,-0.01,19,153403,卖盘
10:13:54,80.75,0.01,97,783272,买盘
10:13:56,80.75,0.0,43,347225,卖盘
10:13:59,80.76,0.01,35,282643,买盘
10:14:00,80.75,-0.01,293,2366209,卖盘
10:14:05,80.75,0.0,91,734842,卖盘
10:14:09,80.76,0.01,146,1179308,卖盘
10:14:11,80.77,0.01,185,1494111,中性盘
10:14:14,80.76,-0.01,81,654126,卖盘
10:14:17,80.77,0.01,208,1679723,买盘
10:14:19,80.77,0.0,75,605783,卖盘
10:14:23,80.77,0.0,69,557307,卖盘
10:14:26,80.78,0.01,311,2512143,买盘
10:14:29,80.76,-0.02,393,3173987,卖盘
10:14:32,80.77,0.01,285,2301989,买盘
10:14:36,80.77,0.0,163,1316453,买盘
10:14:36,80.75,-0.02,455,3674446,卖盘
10:14:40,80.76,0.01,151,1219378,买盘
10:14:44,80.76,0.0,94,759187,买盘
10:14:47,80.75,-0.01,109,880280,卖盘
10:14:51,80.76,0.01,52,419948,买盘
10:14:54,80.76,0.0,278,2245102,买盘
10:14:57,80.76,0.0,146,1178982,卖盘
10:15:00,80.77,0.01,275,2220964,买盘
10:15:03,80.77,0.0,184,1485938,买盘
10:15:06,80.75,-0.02,322,2600449,卖盘
10:15:08,80.76,0.01,312,2519716,中性盘
10:15:11,80.75,-0.01,81,654170,卖盘
10:15:14,80.77,0.02,75,605710,买盘
10:15:18,80.76,-0.01,261,2107888,卖盘
10:15:20,80.77,0.01,128,1033743,买盘
10:15:23,80.76,-0.01,249,2010916,卖盘
10:15:27,80.75,-0.01,126,1017552,卖盘
10:15:29,80.76,0.01,310,2503544,买盘
10:15:32,80.75,-0.01,310,2501997,卖盘
10:15:35,80.76,0.01,587,4739938,中性盘
10:15:38,80.76,0.0,296,2390498,卖盘
10:15:41,80.77,0.01,112,908678,买盘
10:15:44,80.76,-0.01,52,419928,中性盘
10:15:45,80.75,-0.01,34,274582,卖盘
10:15:50,80.76,0.01,92,743003,中性盘
10:15:54,80.77,0.01,141,1138738,买盘
10:15:56,80.77,0.0,48,387642,买盘
10:15:59,80.77,0.0,135,1090306,买盘
10:16:02,80.76,-0.01,46,371514,卖盘
10:16:05,80.77,0.01,255,2059432,买盘
10:16:09,80.76,-0.01,72,581472,中性盘
10:16:11,80.76,0.0,373,3012396,买盘
10:16:15,80.75,-0.01,301,2430654,卖盘
10:16:18,80.76,0.01,292,2358136,买盘
10:16:20,80.75,-0.01,94,759061,卖盘
10:16:24,80.76,0.01,223,1800951,买盘
10:16:27,80.76,0.0,576,4651088,买盘
10:16:30,80.76,0.0,111,896449,卖盘
10:16:32,80.76,0.0,152,1227554,卖盘
10:16:35,80.76,0.0,121,977167,卖盘
10:16:38,80.76,0.0,289,2333927,买盘
10:16:41,80.75,-0.01,142,1146788,卖盘
10:16:44,80.75,0.0,245,1978600,卖盘
10:16:48,80.76,0.01,42,339190,买盘
10:16:50,80.76,0.0,223,1800892,卖盘
10:16:53,80.77,0.01,69,557259,买盘
10:16:57,80.76,-0.01,175,1413405,卖盘
10:16:59,80.77,0.01,241,1946334,买盘
10:17:02,80.75,-0.02,257,2075375,卖盘
10:17:05,80.75,0.0,320,2584325,卖盘
10:17:08,80.76,0.01,92,742969,中性盘
10:17:11,80.76,0.0,91,734925,买盘
10:17:14,80.75,-0.01,384,3101024,卖盘
10:17:18,80.76,0.01,44,355348,中性盘
10:17:21,80.77,0.01,96,775304,买盘
10:17:24,80.76,-0.01,84,678407,卖盘
10:17:27,80.77,0.01,67,541145,买盘
10:17:30,80.77,0.0,124,1001507,买盘
10:17:32,80.77,0.0,244,1970610,买盘
10:17:35,80.77,0.0,307,2479436,买盘
10:17:38,80.76,-0.01,179,1445618,卖盘
10:17:41,80.77,0.01,79,634026,买盘
10:17:44,80.77,0.0,259,2091706,卖盘
10:17:47,80.76,-0.01,211,1703891,买盘
10:17:50,80.76,0.0,156,1259793,买盘
10:17:53,80.76,0.0,110,888403,卖盘
10:17:55,80.76,0.0,34,274586,卖盘
10:17:59,80.77,0.01,164,1324484,买盘
10:18:00,80.76,-0.01,151,1219521,卖盘
10:18:05,80.76,0.0,177,1429510,卖盘
10:18:08,80.77,0.01,173,1397306,买盘
10:18:11,80.76,-0.01,141,1138761,卖盘
10:18:14,80.77,0.01,38,306926,中性盘
10:18:17,80.77,0.0,74,597700,卖盘
10:18:20,80.76,-0.01,263,2124038,卖盘
10:18:24,80.77,0.01,64,516927,买盘
10:18:26,80.77,0.0,37,298846,中性盘
10:18:29,80.78,0.01,230,1857693,买盘
10:18:32,80.78,0.0,43,347319,买盘
10:18:35,80.77,-0.01,27,218067,卖盘
10:18:38,80.77,0.0,87,702725,买盘
10:18:41,80.78,0.01,113,912654,买盘
10:18:44,80.78,0.0,24,193861,买盘
10:18:45,80.77,-0.01,42,339244,卖盘
10:18:50,80.77,0.0,330,2665420,卖盘
10:18:53,80.78,0.01,238,1922385,买盘
10:18:57,80.78,0.0,152,1227733,买盘
10:18:59,80.77,-0.01,112,904684,卖盘
10:19:02,80.76,-0.01,226,1825230,卖盘
10:19:05,80.77,0.01,243,1962710,卖盘
10:19:08,80.76,-0.01,53,428058,卖盘
10:19:11,80.76,0.0,200,1615123,买盘
10:19:15,80.76,0.0,191,1542462,卖盘
10:19:17,80.77,0.01,59,476467,买盘
10:19:21,80.76,-0.01,95,767227,卖盘
10:19:24,80.76,0.0,207,1671780,卖盘
10:19:25,80.77,0.01,42,339205,买盘
10:19:29,80.77,0.0,113,912590,买盘
10:19:32,80.76,-0.01,14,113069,卖盘
10:19:35,80.76,0.0,144,1163009,卖盘
10:19:38,80.76,0.0,304,2455326,卖盘
10:19:41,80.77,0.01,58,468412,买盘
10:19:44,80.76,-0.01,351,2834628,卖盘
10:19:45,80.76,0.0,87,702551,买盘
10:19:50,80.76,0.0,222,1792781,买盘
10:19:53,80.76,0.0,183,1477931,卖盘
10:19:55,80.76,0.0,302,2438979,卖盘
10:19:59,80.76,0.0,140,1130699,卖盘
10:20:02,80.76,0.0,13,104989,卖盘
10:20:05,80.76,0.0,233,1881716,卖盘
10:20:09,80.76,0.0,114,920666,卖盘
10:20:11,80.75,-0.01,275,2220864,卖盘
10:20:14,80.75,0.0,107,864050,卖盘
10:20:17,80.75,0.0,404,3262549,卖盘
10:20:20,80.76,0.01,202,1631170,中性盘
10:20:21,80.76,0.0,293,2366105,买盘
10:20:27,80.75,-0.01,290,2341705,卖盘
10:20:29,80.74,-0.01,552,4457070,卖盘
10:20:32,80.76,0.02,312,2519149,买盘
10:20:35,80.76,0.0,293,2366107,买盘
10:20:39,80.76,0.0,245,1978420,卖盘
10:20:41,80.75,-0.01,90,726764,买盘
10:20:44,80.75,0.0,41,331070,买盘
10:20:47,80.75,0.0,71,573333,卖盘
10:20:50,80.76,0.01,225,1817006,买盘
10:20:54,80.75,-0.01,327,2640549,卖盘
10:20:56,80.74,-0.01,125,1009368,卖盘
10:20:58,80.75,0.01,386,3116922,买盘
10:21:02,80.74,-0.01,147,1188027,卖盘
10:21:05,80.73,-0.01,494,3988126,卖盘
10:21:08,80.72,-0.01,737,5950111,卖盘
10:21:11,80.72,0.0,221,1783207,卖盘
10:21:14,80.72,0.0,120,968650,卖盘
10:21:17,80.74,0.02,183,1477620,买盘
10:21:20,80.73,-0.01,337,2720450,卖盘
10:21:24,80.73,0.0,93,750761,卖盘
10:21:26,80.73,0.0,183,1477308,卖盘
10:21:29,80.73,0.0,35,282576,卖盘
10:21:33,80.74,0.01,69,557054,买盘
10:21:36,80.73,-0.01,72,581265,卖盘
10:21:39,80.74,0.01,172,1388613,买盘
10:21:42,80.74,0.0,175,1412950,卖盘
10:21:44,80.75,0.01,58,468301,买盘
10:21:47,80.73,-0.02,261,2107287,卖盘
10:21:50,80.73,0.0,332,2680559,卖盘
10:21:53,80.72,-0.01,526,4245951,卖盘
10:21:56,80.72,0.0,584,4718733,卖盘
10:22:00,80.73,0.01,284,2292436,买盘
10:22:02,80.72,-0.01,62,500426,中性盘
10:22:05,80.71,-0.01,81,653792,卖盘
10:22:08,80.71,0.0,233,1880763,卖盘
10:22:11,80.71,0.0,320,2582794,卖盘
10:22:14,80.72,0.01,192,1549886,中性盘
10:22:17,80.72,0.0,197,1590207,卖盘
10:22:20,80.72,0.0,201,1622515,卖盘
10:22:23,80.73,0.01,180,1453091,买盘
10:22:26,80.73,0.0,415,3350053,买盘
10:22:29,80.73,0.0,219,1767895,卖盘
10:22:32,80.72,-0.01,194,1566136,卖盘
10:22:35,80.72,0.0,200,1614434,买盘
10:22:38,80.72,0.0,97,783101,卖盘
10:22:41,80.72,0.0,360,2905698,卖盘
10:22:44,80.72,0.0,376,3035044,买盘
10:22:47,80.71,-0.01,103,831549,卖盘
10:22:50,80.72,0.01,327,2639832,买盘
10:22:51,80.75,0.03,501,4043846,买盘
10:22:56,80.7,-0.05,260,2098653,卖盘
10:22:59,80.71,0.01,150,1210953,买盘
10:23:02,80.72,0.01,163,1315644,买盘
10:23:05,80.71,-0.01,166,1339888,卖盘
10:23:08,80.71,0.0,198,1598082,卖盘
10:23:10,80.71,0.0,189,1527873,卖盘
10:23:14,80.71,0.0,309,2493911,卖盘
10:23:15,80.75,0.04,482,3891129,买盘
10:23:20,80.71,-0.04,177,1428588,卖盘
10:23:23,80.71,0.0,259,2090610,卖盘
10:23:26,80.72,0.01,152,1226882,买盘
10:23:29,80.72,0.0,144,1162426,卖盘
10:23:32,80.72,0.0,82,661893,买盘
10:23:35,80.71,-0.01,86,694143,卖盘
10:23:38,80.72,0.01,132,1065419,买盘
10:23:41,80.72,0.0,146,1178500,买盘
10:23:44,80.73,0.01,242,1953488,买盘
10:23:47,80.72,-0.01,200,1613598,中性盘
10:23:49,80.72,0.0,225,1816424,卖盘
10:23:51,80.72,0.0,207,1670992,卖盘
10:23:55,80.72,0.0,71,573112,卖盘
10:23:59,80.72,0.0,130,1049459,卖盘
10:24:02,80.72,0.0,231,1864688,卖盘
10:24:05,80.72,0.0,193,1557883,卖盘
10:24:06,80.72,0.0,100,807196,买盘
10:24:10,80.73,0.01,268,2163278,买盘
10:24:13,80.71,-0.02,404,3260843,卖盘
10:24:17,80.72,0.01,608,4908373,买盘
10:24:20,80.71,-0.01,174,1404421,卖盘
10:24:21,80.72,0.01,173,1396318,买盘
10:24:25,80.71,-0.01,128,1033058,卖盘
10:24:29,80.71,0.0,324,2614901,买盘
10:24:32,80.71,0.0,138,1113820,卖盘
10:24:35,80.71,0.0,257,2074324,卖盘
10:24:38,80.71,0.0,234,1888653,卖盘
10:24:41,80.7,-0.01,349,2816767,卖盘
10:24:44,80.72,0.02,205,1654556,买盘
10:24:47,80.72,0.0,261,2098864,买盘
10:24:50,80.72,0.0,426,3438275,买盘
10:24:53,80.72,0.0,139,1121964,中性盘
10:24:56,80.72,0.0,570,4600063,买盘
10:24:59,80.72,0.0,41,330920,买盘
10:25:02,80.71,-0.01,154,1242986,卖盘
10:25:05,80.71,0.0,230,1856342,卖盘
10:25:08,80.71,0.0,98,790954,买盘
10:25:11,80.71,0.0,218,1759493,卖盘
10:25:13,80.7,-0.01,105,847462,卖盘
10:25:17,80.71,0.01,193,1557713,卖盘
10:25:18,80.71,0.0,137,1105730,卖盘
10:25:21,80.71,0.0,149,1202593,卖盘
10:25:26,80.71,0.0,230,1856344,买盘
10:25:29,80.71,0.0,111,895936,卖盘
10:25:32,80.71,0.0,94,758710,卖盘
10:25:35,80.71,0.0,91,734461,卖盘
10:25:38,80.72,0.01,205,1654566,买盘
10:25:40,80.71,-0.01,95,766745,卖盘
10:25:44,80.72,0.01,232,1877794,买盘
10:25:45,80.71,-0.01,241,1939668,卖盘
10:25:50,80.71,0.0,179,1449962,买盘
10:25:53,80.71,0.0,248,1996113,卖盘
10:25:56,80.71,0.0,305,2466913,买盘
10:25:59,80.71,0.0,260,2098533,卖盘
10:26:01,80.71,0.0,91,729128,卖盘
10:26:04,80.71,0.0,48,387412,卖盘
10:26:08,80.72,0.01,158,1275238,买盘
10:26:11,80.71,-0.01,382,3083158,卖盘
10:26:13,80.71,0.0,41,330912,卖盘
10:26:17,80.71,0.0,212,1711072,卖盘
10:26:20,80.72,0.01,259,2090412,买盘
10:26:23,80.7,-0.02,402,3244547,卖盘
10:26:26,80.71,0.01,71,573017,买盘
10:26:29,80.71,0.0,139,1121863,买盘
10:26:32,80.72,0.01,147,1188639,买盘
10:26:34,80.72,0.0,115,928186,卖盘
10:26:39,80.71,-0.01,470,3793386,卖盘
10:26:40,80.71,0.0,120,968547,卖盘
10:26:44,80.71,0.0,83,667796,卖盘
10:26:47,80.71,0.0,60,484235,买盘
10:26:50,80.71,0.0,430,3470260,买盘
10:26:53,80.71,0.0,207,1670673,买盘
10:26:56,80.71,0.0,188,1517356,卖盘
10:26:59,80.71,0.0,97,782896,卖盘
10:27:02,80.72,0.01,163,1315585,买盘
10:27:05,80.7,-0.02,281,2267925,卖盘
10:27:08,80.71,0.01,187,1509291,中性盘
10:27:10,80.7,-0.01,584,4713349,卖盘
10:27:14,80.71,0.01,260,2098211,买盘
10:27:17,80.71,0.0,369,2978170,买盘
10:27:19,80.7,-0.01,117,944293,卖盘
10:27:23,80.71,0.01,509,4112799,买盘
10:27:26,80.71,0.0,909,7338664,卖盘
10:27:28,80.71,0.0,112,903988,卖盘
10:27:31,80.71,0.0,40,322853,卖盘
10:27:35,80.72,0.01,129,1041184,买盘
10:27:37,80.72,0.0,118,951286,卖盘
10:27:41,80.71,-0.01,788,6358890,卖盘
10:27:43,80.71,0.0,122,984648,买盘
10:27:47,80.71,0.0,447,3607640,买盘
10:27:50,80.71,0.0,323,2606726,买盘
10:27:53,80.71,0.0,213,1719993,买盘
10:27:55,80.72,0.01,1339,10802136,买盘
10:27:59,80.7,-0.02,3500,28249049,卖盘
10:28:02,80.7,0.0,245,1976952,买盘
10:28:04,80.69,-0.01,1312,10587203,卖盘
10:28:08,80.69,0.0,1101,8884124,卖盘
10:28:10,80.69,0.0,717,5785124,买盘
10:28:13,80.68,-0.01,708,5712236,卖盘
10:28:17,80.68,0.0,483,3896908,卖盘
10:28:19,80.68,0.0,568,4579894,卖盘
10:28:22,80.68,0.0,173,1395656,买盘
10:28:26,80.67,-0.01,1183,9543249,卖盘
10:28:29,80.66,-0.01,596,4807560,卖盘
10:28:31,80.68,0.02,1518,12244907,买盘
10:28:35,80.66,-0.02,106,855057,卖盘
10:28:37,80.66,0.0,618,4983934,卖盘
10:28:41,80.68,0.02,285,2299175,买盘
10:28:44,80.68,0.0,36,290449,卖盘
10:28:47,80.68,0.0,43,346933,卖盘
10:28:50,80.69,0.01,154,1242474,买盘
10:28:53,80.68,-0.01,187,1508742,卖盘
10:28:55,80.68,0.0,137,1105288,卖盘
10:28:59,80.68,0.0,358,2888344,买盘
10:29:02,80.68,0.0,128,1032606,买盘
10:29:05,80.67,-0.01,196,1581169,卖盘
10:29:08,80.68,0.01,83,669600,买盘
10:29:10,80.67,-0.01,470,3791800,卖盘
10:29:14,80.66,-0.01,405,3267045,卖盘
10:29:17,80.66,0.0,182,1468056,卖盘
10:29:20,80.67,0.01,472,3807232,买盘
10:29:23,80.67,0.0,400,3226719,买盘
10:29:26,80.68,0.01,194,1565002,买盘
10:29:29,80.67,-0.01,133,1072921,卖盘
10:29:32,80.67,0.0,90,726042,卖盘
10:29:35,80.67,0.0,213,1718325,卖盘
10:29:38,80.68,0.01,138,1113253,买盘
10:29:41,80.68,0.0,951,7671824,买盘
10:29:44,80.67,-0.01,126,1016474,卖盘
10:29:46,80.67,0.0,183,1476301,卖盘
10:29:50,80.68,0.01,217,1750636,买盘
10:29:53,80.68,0.0,444,3581796,买盘
10:29:56,80.67,-0.01,466,3759270,卖盘
10:29:59,80.68,0.01,79,637335,买盘
10:30:01,80.69,0.01,1205,9722006,买盘
10:30:05,80.68,-0.01,181,1460189,卖盘
10:30:08,80.68,0.0,138,1113399,卖盘
10:30:11,80.68,0.0,1023,8254728,卖盘
10:30:14,80.69,0.01,299,2412426,买盘
10:30:16,80.65,-0.04,3502,28247008,卖盘
10:30:19,80.68,0.03,136,1096945,买盘
10:30:23,80.65,-0.03,429,3459720,卖盘
10:30:26,80.65,0.0,341,2752854,买盘
10:30:29,80.64,-0.01,48,387106,卖盘
10:30:32,80.68,0.04,259,2089109,买盘
10:30:35,80.68,0.0,80,645491,卖盘
10:30:38,80.67,-0.01,743,5996218,卖盘
10:30:40,80.68,0.01,73,588937,买盘
10:30:44,80.68,0.0,32,258149,买盘
10:30:46,80.65,-0.03,621,5009838,卖盘
10:30:50,80.66,0.01,43,346837,卖盘
10:30:53,80.66,0.0,44,354928,卖盘
10:30:56,80.67,0.01,215,1734313,中性盘
10:30:58,80.68,0.01,122,984191,买盘
10:31:02,80.66,-0.02,476,3840699,卖盘
10:31:05,80.66,0.0,166,1339057,卖盘
10:31:08,80.67,0.01,164,1322848,买盘
10:31:11,80.67,0.0,101,814835,卖盘
10:31:13,80.68,0.01,20,161355,中性盘
10:31:17,80.67,-0.01,881,7111751,卖盘
10:31:20,80.69,0.02,90,729859,中性盘
10:31:24,80.67,-0.02,138,1113308,卖盘
10:31:26,80.68,0.01,431,3479681,卖盘
10:31:29,80.68,0.0,53,423815,卖盘
10:31:31,80.68,0.0,176,1419852,买盘
10:31:34,80.68,0.0,714,5763875,买盘
10:31:37,80.68,0.0,61,492214,卖盘
10:31:41,80.68,0.0,117,943914,卖盘
10:31:43,80.68,0.0,72,580877,卖盘
10:31:47,80.65,-0.03,1014,8179918,卖盘
10:31:50,80.68,0.03,140,1129478,中性盘
10:31:53,80.68,0.0,46,371053,买盘
10:31:56,80.67,-0.01,414,3339234,中性盘
10:31:58,80.66,-0.01,53,427541,卖盘
10:32:02,80.68,0.02,185,1492270,买盘
10:32:05,80.66,-0.02,208,1677792,卖盘
10:32:07,80.66,0.0,687,5543362,卖盘
10:32:11,80.68,0.02,170,1371651,买盘
10:32:13,80.67,-0.01,360,2906037,卖盘
10:32:16,80.68,0.01,69,556616,买盘
10:32:20,80.68,0.0,102,822847,买盘
10:32:23,80.68,0.0,173,1395611,买盘
10:32:26,80.68,0.0,72,580843,买盘
10:32:29,80.67,-0.01,92,742210,卖盘
10:32:32,80.67,0.0,119,959983,卖盘
10:32:35,80.68,0.01,84,677631,买盘
10:32:37,80.68,0.0,74,597008,买盘
10:32:41,80.67,-0.01,352,2839897,卖盘
10:32:43,80.67,0.0,364,2936396,买盘
10:32:47,80.66,-0.01,204,1645569,卖盘
10:32:49,80.67,0.01,586,4727054,买盘
10:32:53,80.66,-0.01,747,6025251,卖盘
10:32:56,80.67,0.01,759,6123376,买盘
10:32:59,80.66,-0.01,75,605007,卖盘
10:33:01,80.66,0.0,47,379110,卖盘
10:33:05,80.65,-0.01,490,3952231,卖盘
10:33:07,80.66,0.01,83,669482,中性盘
10:33:12,80.66,0.0,58,467846,卖盘
10:33:14,80.67,0.01,445,3589754,买盘
10:33:17,80.64,-0.03,471,3794867,卖盘
10:33:20,80.65,0.01,75,604954,买盘
10:33:23,80.66,0.01,877,7072212,买盘
10:33:26,80.64,-0.02,343,2767412,卖盘
10:33:29,80.64,0.0,87,701568,买盘
10:33:32,80.64,0.0,416,3354551,买盘
10:33:35,80.64,0.0,561,4522525,买盘
10:33:37,80.64,0.0,139,1120896,卖盘
10:33:40,80.64,0.0,55,443528,卖盘
10:33:44,80.65,0.01,134,1080617,买盘
10:33:46,80.64,-0.01,280,2257988,卖盘
10:33:50,80.66,0.02,188,1516066,买盘
10:33:53,80.65,-0.01,59,475812,卖盘
10:33:56,80.65,0.0,91,733894,卖盘
10:33:59,80.66,0.01,382,3080868,买盘
10:34:02,80.65,-0.01,63,508075,卖盘
10:34:04,80.65,0.0,76,612919,买盘
10:34:08,80.65,0.0,74,596775,买盘
10:34:11,80.65,0.0,43,346777,买盘
10:34:14,80.65,0.0,109,879085,买盘
10:34:17,80.65,0.0,23,185497,卖盘
10:34:20,80.65,0.0,112,903280,卖盘
10:34:22,80.66,0.01,111,895251,买盘
10:34:26,80.64,-0.02,312,2516230,卖盘
10:34:29,80.64,0.0,120,967746,卖盘
10:34:31,80.66,0.02,285,2298667,买盘
10:34:35,80.65,-0.01,135,1088788,卖盘
10:34:38,80.65,0.0,161,1298436,卖盘
10:34:41,80.66,0.01,116,935497,买盘
10:34:43,80.66,0.0,66,532311,买盘
10:34:47,80.65,-0.01,232,1871081,卖盘
10:34:49,80.64,-0.01,212,1709769,卖盘
10:34:53,80.65,0.01,77,621004,买盘
10:34:55,80.65,0.0,296,2387245,买盘
10:34:58,80.65,0.0,195,1572640,卖盘
10:35:02,80.65,0.0,58,467767,卖盘
10:35:05,80.65,0.0,158,1274308,卖盘
10:35:08,80.65,0.0,123,992000,卖盘
10:35:11,80.65,0.0,92,742047,卖盘
10:35:14,80.66,0.01,95,766230,买盘
10:35:17,80.66,0.0,66,532302,买盘
10:35:19,80.65,-0.01,495,3992241,卖盘
10:35:23,80.65,0.0,95,766258,卖盘
10:35:26,80.66,0.01,202,1629242,买盘
10:35:29,80.66,0.0,106,854934,买盘
10:35:32,80.67,0.01,71,572695,买盘
10:35:35,80.67,0.0,7,56464,买盘
10:35:38,80.66,-0.01,97,782422,卖盘
10:35:41,80.66,0.0,111,895330,卖盘
10:35:43,80.66,0.0,146,1177685,卖盘
10:35:47,80.67,0.01,190,1532682,买盘
10:35:50,80.67,0.0,58,467886,卖盘
10:35:53,80.67,0.0,98,790572,卖盘
10:35:56,80.68,0.01,207,1670029,买盘
10:35:59,80.68,0.0,86,693861,买盘
10:36:02,80.68,0.0,129,1040684,卖盘
10:36:05,80.69,0.01,397,3202353,买盘
10:36:08,80.68,-0.01,45,363066,卖盘
10:36:11,80.68,0.0,148,1194193,卖盘
10:36:15,80.68,0.0,73,589052,卖盘
10:36:17,80.7,0.02,110,887604,买盘
10:36:20,80.68,-0.02,241,1945027,卖盘
10:36:22,80.68,0.0,151,1218322,卖盘
10:36:26,80.7,0.02,17,137185,卖盘
10:36:29,80.69,-0.01,40,322780,卖盘
10:36:32,80.69,0.0,188,1516972,卖盘
10:36:36,80.7,0.01,371,2993809,买盘
10:36:38,80.69,-0.01,109,879541,卖盘
10:36:42,80.68,-0.01,553,4461652,卖盘
10:36:44,80.67,-0.01,100,806849,卖盘
10:36:46,80.68,0.01,38,306573,买盘
10:36:50,80.69,0.01,186,1500648,买盘
10:36:53,80.68,-0.01,273,2202573,卖盘
10:36:56,80.68,0.0,143,1153695,买盘
10:36:59,80.68,0.0,181,1460369,卖盘
10:37:01,80.68,0.0,430,3469058,卖盘
10:37:05,80.68,0.0,115,927872,卖盘
10:37:08,80.69,0.01,75,605108,买盘
10:37:12,80.69,0.0,117,947210,买盘
10:37:13,80.69,0.0,69,556727,买盘
10:37:16,80.67,-0.02,142,1142384,卖盘
10:37:19,80.69,0.02,283,2286576,买盘
10:37:23,80.68,-0.01,190,1533011,卖盘
10:37:26,80.69,0.01,138,1113467,买盘
10:37:29,80.69,0.0,244,1968888,卖盘
10:37:32,80.69,0.0,155,1250673,买盘
10:37:34,80.69,0.0,205,1654139,卖盘
10:37:39,80.69,0.0,302,2436760,买盘
10:37:42,80.69,0.0,171,1379824,卖盘
10:37:44,80.7,0.01,99,798777,买盘
10:37:48,80.7,0.0,256,2065701,买盘
10:37:51,80.69,-0.01,29,234013,卖盘
10:37:54,80.69,0.0,254,2049548,卖盘
10:37:56,80.7,0.01,313,2525595,买盘
10:37:59,80.7,0.0,65,524540,买盘
10:38:02,80.7,0.0,63,508356,买盘
10:38:05,80.71,0.01,100,806953,买盘
10:38:09,80.7,-0.01,11,88770,卖盘
10:38:12,80.7,0.0,50,403502,卖盘
10:38:15,80.7,0.0,352,2840663,卖盘
10:38:17,80.71,0.01,303,2445278,买盘
10:38:21,80.7,-0.01,43,347015,卖盘
10:38:24,80.7,0.0,155,1250820,卖盘
10:38:26,80.69,-0.01,48,387335,卖盘
10:38:28,80.7,0.01,60,484200,买盘
10:38:32,80.7,0.0,291,2348368,卖盘
10:38:34,80.7,0.0,46,371199,买盘
10:38:39,80.7,0.0,244,1969093,买盘
10:38:42,80.71,0.01,57,460036,买盘
10:38:44,80.71,0.0,60,484223,卖盘
10:38:48,80.71,0.0,24,193683,买盘
10:38:49,80.7,-0.01,124,1000692,卖盘
10:38:54,80.71,0.01,37,298622,买盘
10:38:55,80.71,0.0,95,766697,卖盘
10:38:59,80.7,-0.01,30,242126,卖盘
10:39:01,80.71,0.01,65,524618,中性盘
10:39:06,80.7,-0.01,48,387365,卖盘
10:39:07,80.7,0.0,89,718307,卖盘
10:39:12,80.71,0.01,16,129130,买盘
10:39:15,80.7,-0.01,199,1605935,卖盘
10:39:18,80.69,-0.01,94,758495,卖盘
10:39:19,80.7,0.01,298,2404684,买盘
10:39:22,80.7,0.0,23,185609,买盘
10:39:27,80.69,-0.01,498,4018695,卖盘
10:39:29,80.69,0.0,519,4188167,卖盘
10:39:33,80.7,0.01,303,2445124,买盘
10:39:36,80.68,-0.02,99,798883,卖盘
10:39:39,80.7,0.02,63,508340,买盘
10:39:40,80.68,-0.02,118,952100,卖盘
10:39:45,80.69,0.01,17,137183,买盘
10:39:48,80.69,0.0,101,814952,卖盘
10:39:51,80.69,0.0,319,2574286,买盘
10:39:54,80.69,0.0,197,1589583,买盘
10:39:57,80.7,0.01,37,298576,买盘
10:40:00,80.7,0.0,126,1016820,买盘
10:40:02,80.7,0.0,56,451941,卖盘
10:40:06,80.71,0.01,108,871562,买盘
10:40:08,80.69,-0.02,287,2315937,卖盘
10:40:12,80.69,0.0,94,758540,卖盘
10:40:13,80.7,0.01,209,1686643,买盘
10:40:16,80.7,0.0,55,443864,卖盘
10:40:21,80.7,0.0,144,1162099,卖盘
10:40:22,80.7,0.0,99,798850,买盘
10:40:27,80.7,0.0,192,1549454,买盘
10:40:28,80.7,0.0,31,250172,卖盘
10:40:33,80.7,0.0,50,403510,卖盘
10:40:36,80.7,0.0,55,443850,卖盘
10:40:39,80.7,0.0,100,807002,卖盘
10:40:42,80.7,0.0,238,1920658,买盘
10:40:45,80.69,-0.01,200,1614072,卖盘
10:40:48,80.69,0.0,77,621327,卖盘
10:40:51,80.7,0.01,133,1073306,中性盘
10:40:54,80.7,0.0,263,2122376,卖盘
10:40:55,80.7,0.0,296,2388713,买盘
10:41:00,80.7,0.0,231,1864188,买盘
10:41:02,80.7,0.0,23,185615,卖盘
10:41:06,80.7,0.0,73,589141,卖盘
10:41:09,80.7,0.0,178,1436440,卖盘
10:41:12,80.69,-0.01,65,524527,卖盘
10:41:15,80.71,0.02,243,1961012,买盘
10:41:16,80.7,-0.01,189,1525230,卖盘
10:41:21,80.71,0.01,30,242077,买盘
10:41:24,80.71,0.0,144,1162095,买盘
10:41:27,80.7,-0.01,95,766650,卖盘
10:41:30,80.7,0.0,67,540690,卖盘
10:41:33,80.7,0.0,193,1557499,卖盘
10:41:35,80.7,0.0,210,1694628,买盘
10:41:39,80.7,0.0,155,1250862,卖盘
10:41:42,80.7,0.0,234,1888381,卖盘
10:41:43,80.7,0.0,274,2211109,买盘
10:41:47,80.71,0.01,68,548781,买盘
10:41:51,80.7,-0.01,103,831210,卖盘
10:41:54,80.7,0.0,135,1089467,卖盘
10:41:55,80.7,0.0,52,419640,买盘
10:42:00,80.7,0.0,123,992615,卖盘
10:42:02,80.7,0.0,16,129125,卖盘
10:42:04,80.71,0.01,152,1226741,买盘
10:42:09,80.71,0.0,77,621446,买盘
10:42:10,80.71,0.0,190,1533476,买盘
10:42:14,80.7,-0.01,118,952291,卖盘
10:42:18,80.7,0.0,115,928055,卖盘
10:42:21,80.71,0.01,296,2388678,买盘
10:42:24,80.7,-0.01,154,1242815,卖盘
10:42:25,80.69,-0.01,987,7964132,卖盘
10:42:30,80.68,-0.01,166,1339332,卖盘
10:42:31,80.68,0.0,573,4623388,卖盘
10:42:35,80.68,0.0,180,1452282,卖盘
10:42:39,80.7,0.02,96,774720,买盘
10:42:40,80.7,0.0,128,1032960,卖盘
10:42:44,80.7,0.0,11,88779,卖盘
10:42:47,80.7,0.0,63,508412,卖盘
10:42:50,80.7,0.0,48,387355,卖盘
10:42:54,80.7,0.0,188,1517151,买盘
10:42:57,80.71,0.01,127,1024935,买盘
10:43:00,80.7,-0.01,92,742444,卖盘
10:43:03,80.7,0.0,124,1000693,卖盘
10:43:05,80.7,0.0,102,823159,卖盘
10:43:09,80.7,0.0,408,3292550,卖盘
10:43:12,80.68,-0.02,162,1307174,卖盘
10:43:15,80.68,0.0,424,3421255,卖盘
10:43:16,80.7,0.02,146,1178055,买盘
10:43:21,80.7,0.0,120,968172,买盘
10:43:24,80.7,0.0,204,1646274,买盘
10:43:27,80.7,0.0,141,1138013,卖盘
10:43:30,80.69,-0.01,439,3542125,卖盘
10:43:33,80.7,0.01,85,685827,买盘
10:43:36,80.69,-0.01,48,387336,卖盘
10:43:38,80.7,0.01,194,1565581,买盘
10:43:42,80.7,0.0,78,629485,卖盘
10:43:45,80.7,0.0,151,1218517,卖盘
10:43:46,80.71,0.01,134,1081294,买盘
10:43:49,80.69,-0.02,500,4034475,卖盘
10:43:54,80.69,0.0,38,306610,买盘
10:43:57,80.7,0.01,408,3292194,买盘
10:44:00,80.71,0.01,32,258243,买盘
10:44:01,80.7,-0.01,160,1291156,卖盘
10:44:06,80.68,-0.02,81,653575,卖盘
10:44:07,80.69,0.01,386,3114728,买盘
10:44:12,80.68,-0.01,219,1766924,卖盘
10:44:15,80.69,0.01,167,1347384,中性盘
10:44:16,80.68,-0.01,113,911798,卖盘
10:44:21,80.69,0.01,24,193659,中性盘
10:44:22,80.7,0.01,154,1242711,买盘
10:44:27,80.7,0.0,324,2614184,买盘
10:44:30,80.71,0.01,152,1226760,买盘
10:44:33,80.7,-0.01,68,548760,卖盘
10:44:36,80.7,0.0,100,807009,卖盘
10:44:39,80.7,0.0,151,1218677,卖盘
10:44:42,80.71,0.01,58,468075,买盘
10:44:43,80.71,0.0,111,895791,买盘
10:44:48,80.7,-0.01,238,1920656,卖盘
10:44:51,80.71,0.01,63,508431,买盘
10:44:54,80.7,-0.01,116,936120,卖盘
10:44:57,80.7,0.0,165,1331553,买盘
10:45:00,80.71,0.01,101,815078,买盘
10:45:03,80.71,0.0,177,1428473,买盘
10:45:06,80.7,-0.01,100,807022,卖盘
10:45:09,80.69,-0.01,208,1678547,卖盘
10:45:12,80.71,0.02,60,484201,买盘
10:45:15,80.7,-0.01,170,1371900,卖盘
10:45:18,80.71,0.01,90,726314,买盘
10:45:21,80.7,-0.01,394,3179671,卖盘
10:45:22,80.7,0.0,47,379296,卖盘
10:45:27,80.7,0.0,88,710163,买盘
10:45:30,80.72,0.02,272,2195227,买盘
10:45:31,80.7,-0.02,216,1743163,卖盘
10:45:36,80.7,0.0,71,572936,买盘
10:45:39,80.69,-0.01,443,3574994,卖盘
10:45:40,80.7,0.01,270,2178913,买盘
10:45:45,80.7,0.0,237,1912499,卖盘
10:45:48,80.7,0.0,84,677839,卖盘
10:45:51,80.7,0.0,141,1137873,买盘
10:45:54,80.7,0.0,85,685968,卖盘
10:45:57,80.7,0.0,548,4422180,卖盘
10:46:00,80.7,0.0,40,322785,买盘
10:46:03,80.7,0.0,281,2267671,买盘
10:46:06,80.7,0.0,39,314740,卖盘
10:46:08,80.7,0.0,64,516501,卖盘
10:46:12,80.71,0.01,53,427721,买盘
10:46:15,80.71,0.0,138,1113678,买盘
10:46:18,80.71,0.0,209,1686657,买盘
10:46:21,80.7,-0.01,81,653670,卖盘
10:46:24,80.71,0.01,120,968365,买盘
10:46:27,80.7,-0.01,150,1210524,卖盘
10:46:30,80.7,0.0,33,266321,卖盘
10:46:33,80.7,0.0,25,201761,卖盘
10:46:36,80.7,0.0,99,799016,卖盘
10:46:39,80.7,0.0,239,1928747,卖盘
10:46:42,80.7,0.0,161,1299248,买盘
10:46:45,80.71,0.01,54,435797,买盘
10:46:48,80.71,0.0,64,516484,买盘
10:46:51,80.7,-0.01,156,1258925,卖盘
10:46:54,80.71,0.01,17,137207,买盘
10:46:57,80.71,0.0,64,516507,买盘
10:46:58,80.7,-0.01,36,290520,卖盘
10:47:03,80.71,0.01,45,363183,买盘
10:47:04,80.7,-0.01,50,403515,卖盘
10:47:09,80.71,0.01,84,677914,买盘
10:47:12,80.71,0.0,201,1622088,买盘
10:47:15,80.71,0.0,60,484236,买盘
10:47:18,80.71,0.0,294,2372604,买盘
10:47:21,80.7,-0.01,52,419660,卖盘
10:47:22,80.7,0.0,55,443868,卖盘
10:47:27,80.7,0.0,30,242105,卖盘
10:47:30,80.71,0.01,63,508423,买盘
10:47:33,80.71,0.0,156,1259076,买盘
10:47:36,80.7,-0.01,328,2647132,卖盘
10:47:39,80.7,0.0,33,266346,卖盘
10:47:42,80.72,0.02,208,1678633,买盘
10:47:45,80.71,-0.01,84,677993,中性盘
10:47:48,80.72,0.01,30,242139,买盘
10:47:49,80.72,0.0,39,314780,买盘
10:47:54,80.71,-0.01,79,637641,卖盘
10:47:57,80.71,0.0,56,451981,卖盘
10:48:00,80.72,0.01,244,1969368,买盘
10:48:03,80.72,0.0,258,2082509,买盘
10:48:06,80.71,-0.01,53,427814,卖盘
10:48:07,80.72,0.01,43,347072,卖盘
10:48:10,80.73,0.01,22,177597,买盘
10:48:13,80.72,-0.01,41,330962,卖盘
10:48:16,80.73,0.01,44,355203,买盘
10:48:21,80.72,-0.01,59,476255,卖盘
10:48:24,80.72,0.0,28,226010,买盘
10:48:25,80.71,-0.01,121,976603,卖盘
10:48:30,80.73,0.02,211,1703345,买盘
10:48:33,80.72,-0.01,236,1905029,卖盘
10:48:34,80.72,0.0,39,314821,卖盘
10:48:39,80.73,0.01,14,113029,卖盘
10:48:42,80.73,0.0,116,936376,卖盘
10:48:45,80.73,0.0,21,169534,买盘
10:48:48,80.74,0.01,288,2325160,买盘
10:48:49,80.73,-0.01,55,444016,卖盘
10:48:53,80.74,0.01,43,347168,买盘
10:48:57,80.74,0.0,24,193776,买盘
10:49:00,80.74,0.0,23,185692,买盘
10:49:01,80.74,0.0,109,880054,买盘
10:49:06,80.74,0.0,166,1340270,买盘
10:49:09,80.74,0.0,155,1251432,买盘
10:49:12,80.74,0.0,69,557106,买盘
10:49:15,80.74,0.0,119,960813,卖盘
10:49:18,80.74,0.0,7,56523,卖盘
10:49:21,80.75,0.01,83,670177,买盘
10:49:24,80.74,-0.01,395,3189526,卖盘
10:49:25,80.75,0.01,156,1258624,买盘
10:49:30,80.74,-0.01,70,565236,卖盘
10:49:33,80.76,0.02,49,395687,买盘
10:49:34,80.76,0.0,19,153431,买盘
10:49:39,80.76,0.0,97,783320,买盘
10:49:42,80.76,0.0,77,617491,买盘
10:49:45,80.76,0.0,32,258435,卖盘
10:49:46,80.77,0.01,22,177686,买盘
10:49:51,80.77,0.0,150,1211294,买盘
10:49:54,80.77,0.0,48,387676,买盘
10:49:57,80.77,0.0,52,419953,买盘
10:50:00,80.77,0.0,79,638039,卖盘
10:50:03,80.77,0.0,124,1001397,买盘
10:50:04,80.78,0.01,287,2318334,买盘
10:50:09,80.79,0.01,178,1437898,买盘
10:50:10,80.79,0.0,60,484718,买盘
10:50:15,80.79,0.0,53,428181,买盘
10:50:18,80.78,-0.01,152,1231320,卖盘
10:50:19,80.77,-0.01,320,2581706,卖盘
10:50:24,80.78,0.01,21,169645,买盘
10:50:27,80.78,0.0,72,581643,买盘
10:50:30,80.78,0.0,53,428134,买盘
10:50:33,80.78,0.0,89,718876,买盘
10:50:34,80.78,0.0,74,597762,买盘
10:50:39,80.78,0.0,79,638162,买盘
10:50:42,80.79,0.01,19,153490,买盘
10:50:45,80.78,-0.01,32,258496,卖盘
10:50:46,80.79,0.01,35,282754,买盘
10:50:51,80.79,0.0,43,350628,买盘
10:50:54,80.79,0.0,435,3514739,卖盘
10:50:57,80.8,0.01,395,3191586,买盘
10:51:00,80.8,0.0,132,1066237,卖盘
10:51:03,80.81,0.01,2,16162,买盘
10:51:04,80.8,-0.01,35,282830,卖盘
10:51:08,80.81,0.01,101,816177,买盘
10:51:12,80.82,0.01,16,129298,买盘
10:51:15,80.81,-0.01,23,185877,卖盘
10:51:18,80.82,0.01,59,476794,买盘
10:51:21,80.83,0.01,28,226289,买盘
10:51:24,80.82,-0.01,242,1956082,卖盘
10:51:27,80.83,0.01,44,355619,买盘
10:51:30,80.83,0.0,126,1018434,买盘
10:51:31,80.83,0.0,24,193992,买盘
10:51:36,80.85,0.02,291,2352133,买盘
10:51:39,80.82,-0.03,98,792109,卖盘
10:51:40,80.84,0.02,118,953817,买盘
10:51:45,80.84,0.0,642,5188137,卖盘
10:51:48,80.85,0.01,204,1648954,买盘
10:51:51,80.83,-0.02,52,420356,卖盘
10:51:54,80.85,0.02,28,226392,卖盘
10:51:57,80.85,0.0,59,477019,卖盘
10:52:00,80.87,0.02,63,509397,买盘
10:52:03,80.87,0.0,149,1204888,买盘
10:52:06,80.86,-0.01,65,525651,卖盘
10:52:08,80.88,0.02,779,6296874,买盘
10:52:12,80.88,0.0,153,1237431,买盘
10:52:15,80.93,0.05,179,1448206,买盘
10:52:18,80.89,-0.04,115,930131,中性盘
10:52:21,80.89,0.0,15,121327,买盘
10:52:24,80.89,0.0,130,1051460,买盘
10:52:27,80.89,0.0,20,161815,卖盘
10:52:30,80.93,0.04,51,412715,买盘
10:52:31,80.94,0.01,48,388391,买盘
10:52:34,80.87,-0.07,688,5563711,卖盘
10:52:39,80.87,0.0,156,1260931,买盘
10:52:42,80.87,0.0,212,1713699,买盘
10:52:45,80.87,0.0,178,1438575,买盘
10:52:48,80.87,0.0,147,1187694,买盘
10:52:51,80.83,-0.04,39,315350,卖盘
10:52:54,80.85,0.02,84,679193,买盘
10:52:55,80.86,0.01,61,493102,买盘
10:53:00,80.83,-0.03,28,226361,中性盘
10:53:03,80.84,0.01,152,1229021,中性盘
10:53:04,80.83,-0.01,71,573958,卖盘
10:53:09,80.85,0.02,18,145527,中性盘
10:53:12,80.84,-0.01,40,323357,买盘
10:53:15,80.86,0.02,41,331476,买盘
10:53:18,80.84,-0.02,100,808471,卖盘
10:53:21,80.85,0.01,137,1107544,买盘
10:53:24,80.86,0.01,64,517453,买盘
10:53:25,80.85,-0.01,7,56595,卖盘
10:53:30,80.86,0.01,24,194048,买盘
10:53:33,80.85,-0.01,103,832772,卖盘
10:53:36,80.85,0.0,71,574062,卖盘
10:53:39,80.86,0.01,102,824708,买盘
10:53:42,80.85,-0.01,42,339570,中性盘
10:53:45,80.86,0.01,334,2700865,买盘
10:53:48,80.86,0.0,13,105115,卖盘
10:53:51,80.86,0.0,38,307275,买盘
10:53:53,80.85,-0.01,264,2134457,卖盘
10:53:55,80.85,0.0,46,371935,卖盘
10:53:58,80.86,0.01,10,80859,中性盘
10:54:03,80.86,0.0,28,226388,买盘
10:54:06,80.85,-0.01,111,897498,卖盘
10:54:09,80.85,0.0,34,274903,卖盘
10:54:12,80.86,0.01,83,671119,买盘
10:54:15,80.86,0.0,26,210218,买盘
10:54:16,80.86,0.0,328,2652158,买盘
10:54:21,80.85,-0.01,64,517447,卖盘
10:54:24,80.86,0.01,143,1156222,买盘
10:54:25,80.85,-0.01,61,493241,卖盘
10:54:28,80.86,0.01,111,897483,中性盘
10:54:33,80.86,0.0,6,48511,买盘
10:54:36,80.85,-0.01,94,759984,卖盘
10:54:39,80.85,0.0,52,420420,买盘
10:54:42,80.85,0.0,145,1172238,买盘
10:54:45,80.85,0.0,198,1600773,买盘
10:54:46,80.84,-0.01,47,379949,卖盘
10:54:49,80.86,0.02,53,428489,买盘
10:54:54,80.81,-0.05,211,1705462,卖盘
10:54:57,80.83,0.02,88,711180,买盘
10:55:00,80.81,-0.02,100,808125,卖盘
10:55:03,80.81,0.0,20,161619,买盘
10:55:06,80.81,0.0,224,1810033,买盘
10:55:09,80.83,0.02,98,792062,买盘
10:55:10,80.81,-0.02,33,266662,卖盘
10:55:15,80.83,0.02,42,339398,买盘
10:55:18,80.81,-0.02,49,396037,卖盘
10:55:21,80.81,0.0,91,735478,卖盘
10:55:24,80.81,0.0,144,1163610,买盘
10:55:27,80.81,0.0,151,1220122,买盘
10:55:28,80.81,0.0,106,856507,买盘
10:55:33,80.81,0.0,279,2254434,买盘
10:55:36,80.81,0.0,27,218177,买盘
10:55:38,80.8,-0.01,151,1220189,卖盘
10:55:42,80.81,0.01,45,363601,买盘
10:55:45,80.8,-0.01,39,315127,卖盘
10:55:48,80.8,0.0,53,428242,卖盘
10:55:49,80.8,0.0,103,832247,买盘
10:55:53,80.8,0.0,28,226244,卖盘
10:55:55,80.8,0.0,22,177769,卖盘
10:56:00,80.8,0.0,24,193921,卖盘
10:56:01,80.8,0.0,50,404005,卖盘
10:56:06,80.8,0.0,129,1042301,卖盘
10:56:09,80.81,0.01,138,1115046,买盘
10:56:12,80.8,-0.01,10,80801,卖盘
10:56:15,80.8,0.0,61,492931,卖盘
10:56:18,80.81,0.01,78,630252,买盘
10:56:21,80.8,-0.01,29,234328,卖盘
10:56:24,80.8,0.0,14,113125,卖盘
10:56:27,80.81,0.01,134,1082838,买盘
10:56:30,80.81,0.0,210,1696823,卖盘
10:56:33,80.81,0.0,44,355564,卖盘
10:56:36,80.81,0.0,39,315160,卖盘
10:56:39,80.81,0.0,199,1608149,卖盘
10:56:42,80.82,0.01,91,735432,买盘
10:56:45,80.81,-0.01,31,250519,卖盘
10:56:48,80.81,0.0,48,387933,卖盘
10:56:51,80.82,0.01,39,315198,买盘
10:56:53,80.81,-0.01,202,1632400,卖盘
10:56:57,80.81,0.0,3,24243,买盘
10:57:00,80.83,0.02,58,468698,买盘
10:57:03,80.81,-0.02,162,1309122,卖盘
10:57:06,80.81,0.0,27,218183,买盘
10:57:08,80.81,0.0,16,129298,中性盘
10:57:10,80.82,0.01,32,258597,买盘
10:57:15,80.82,0.0,257,2076793,买盘
10:57:18,80.81,-0.01,16,129296,中性盘
10:57:21,80.81,0.0,28,226254,买盘
10:57:24,80.81,0.0,69,557598,买盘
10:57:25,80.81,0.0,438,3539189,卖盘
10:57:30,80.8,-0.01,33,266667,卖盘
10:57:32,80.8,0.0,107,864564,卖盘
10:57:36,80.81,0.01,137,1106942,买盘
10:57:39,80.8,-0.01,128,1034323,卖盘
10:57:42,80.81,0.01,234,1890856,买盘
10:57:45,80.8,-0.01,24,193929,卖盘
10:57:48,80.8,0.0,155,1252510,卖盘
10:57:51,80.8,0.0,147,1187860,卖盘
10:57:54,80.8,0.0,42,339333,买盘
10:57:57,80.8,0.0,159,1284711,买盘
10:58:00,80.81,0.01,111,896958,买盘
10:58:02,80.78,-0.03,191,1542992,卖盘
10:58:04,80.81,0.03,111,896983,买盘
10:58:09,80.8,-0.01,5,40401,卖盘
10:58:10,80.81,0.01,191,1543381,买盘
10:58:15,80.8,-0.01,25,202003,卖盘
10:58:18,80.8,0.0,38,307045,卖盘
10:58:21,80.8,0.0,131,1058574,卖盘
10:58:24,80.8,0.0,82,662553,卖盘
10:58:27,80.8,0.0,32,258549,买盘
10:58:30,80.79,-0.01,202,1632118,卖盘
10:58:33,80.78,-0.01,203,1639936,卖盘
10:58:36,80.81,0.03,79,638254,中性盘
10:58:39,80.8,-0.01,10,80800,卖盘
10:58:42,80.8,0.0,82,662583,卖盘
10:58:44,80.79,-0.01,70,565470,卖盘
10:58:48,80.8,0.01,128,1034212,买盘
10:58:51,80.75,-0.05,1405,11346984,卖盘
10:58:54,80.78,0.03,11,88862,买盘
10:58:57,80.75,-0.03,210,1696087,卖盘
10:59:00,80.75,0.0,26,210017,卖盘
10:59:01,80.74,-0.01,153,1235486,卖盘
10:59:06,80.78,0.04,111,896482,买盘
10:59:08,80.75,-0.03,118,952927,卖盘
10:59:10,80.76,0.01,133,1074290,中性盘
10:59:15,80.76,0.0,15,121180,卖盘
10:59:18,80.79,0.03,14,113069,买盘
10:59:21,80.76,-0.03,122,985550,卖盘
10:59:23,80.76,0.0,90,726891,卖盘
10:59:25,80.79,0.03,59,476558,买盘
10:59:30,80.79,0.0,26,210054,买盘
10:59:31,80.79,0.0,59,476525,买盘
10:59:36,80.78,-0.01,45,363514,卖盘
10:59:39,80.79,0.01,143,1152478,买盘
10:59:42,80.79,0.0,34,274702,卖盘
10:59:45,80.79,0.0,251,2027232,卖盘
10:59:48,80.79,0.0,36,290835,买盘
10:59:49,80.78,-0.01,6,48470,卖盘
10:59:53,80.78,0.0,31,250426,卖盘
10:59:57,80.78,0.0,30,242344,卖盘
10:59:58,80.78,0.0,52,420101,卖盘
11:00:03,80.78,0.0,50,403906,卖盘
11:00:06,80.78,0.0,40,323107,买盘
11:00:09,80.78,0.0,122,985520,买盘
11:00:12,80.77,-0.01,215,1736891,卖盘
11:00:14,80.78,0.01,57,460431,买盘
11:00:18,80.78,0.0,115,929070,卖盘
11:00:19,80.79,0.01,33,266581,买盘
11:00:23,80.79,0.0,20,161580,卖盘
11:00:25,80.79,0.0,39,315081,卖盘
11:00:28,80.8,0.01,3,24239,买盘
11:00:33,80.79,-0.01,46,371662,卖盘
11:00:34,80.79,0.0,146,1179648,卖盘
11:00:39,80.79,0.0,177,1430086,卖盘
11:00:40,80.79,0.0,237,1914851,卖盘
11:00:45,80.79,0.0,108,872625,卖盘
11:00:48,80.8,0.01,154,1244244,买盘
11:00:51,80.8,0.0,114,921066,买盘
11:00:54,80.79,-0.01,142,1147329,卖盘
11:00:57,80.8,0.01,103,832146,卖盘
11:01:00,80.79,-0.01,20,161599,卖盘
11:01:03,80.79,0.0,36,290867,卖盘
11:01:04,80.79,0.0,129,1042313,卖盘
11:01:09,80.79,0.0,253,2044196,卖盘
11:01:12,80.8,0.01,82,662490,买盘
11:01:15,80.8,0.0,352,2843970,买盘
11:01:18,80.8,0.0,88,711041,买盘
11:01:21,80.8,0.0,42,339373,卖盘
11:01:23,80.78,-0.02,83,670617,卖盘
11:01:27,80.8,0.02,47,379760,买盘
11:01:30,80.79,-0.01,5,40395,卖盘
11:01:33,80.8,0.01,125,1009982,买盘
11:01:36,80.79,-0.01,19,153501,卖盘
11:01:39,80.79,0.0,259,2092577,卖盘
11:01:42,80.8,0.01,95,767561,买盘
11:01:45,80.8,0.0,42,339360,卖盘
11:01:48,80.8,0.0,24,193929,卖盘
11:01:51,80.8,0.0,21,169680,卖盘
11:01:54,80.8,0.0,102,824164,卖盘
11:01:55,80.8,0.0,9,72722,卖盘
11:01:58,80.8,0.0,54,436333,卖盘
11:02:01,80.8,0.0,43,347441,卖盘
11:02:06,80.8,0.0,53,431310,卖盘
11:02:08,80.8,0.0,17,134289,卖盘
11:02:12,80.79,-0.01,141,1139271,卖盘
11:02:15,80.8,0.01,127,1026148,买盘
11:02:18,80.8,0.0,20,161587,买盘
11:02:19,80.8,0.0,90,727130,买盘
11:02:23,80.8,0.0,199,1607905,买盘
11:02:27,80.8,0.0,104,843370,买盘
11:02:30,80.8,0.0,89,719065,卖盘
11:02:33,80.8,0.0,32,258555,卖盘
11:02:36,80.8,0.0,117,945358,买盘
11:02:39,80.8,0.0,46,371685,卖盘
11:02:42,80.8,0.0,137,1110774,卖盘
11:02:45,80.8,0.0,82,658761,卖盘
11:02:48,80.8,0.0,72,585547,买盘
11:02:51,80.8,0.0,137,1103152,卖盘
11:02:54,80.8,0.0,123,993726,买盘
11:02:57,80.79,-0.01,255,2060372,卖盘
11:03:00,80.8,0.01,131,1062236,买盘
11:03:03,80.8,0.0,95,763773,卖盘
11:03:06,80.8,0.0,125,1009963,买盘
11:03:09,80.8,0.0,72,581724,买盘
11:03:12,80.79,-0.01,116,937268,卖盘
11:03:15,80.8,0.01,45,363589,买盘
11:03:18,80.8,0.0,105,852197,买盘
11:03:19,80.8,0.0,30,242400,卖盘
11:03:24,80.8,0.0,41,331280,卖盘
11:03:25,80.8,0.0,112,904944,卖盘
11:03:28,80.8,0.0,182,1470562,买盘
11:03:33,80.8,0.0,25,202010,卖盘
11:03:36,80.8,0.0,20,161604,卖盘
11:03:39,80.81,0.01,77,622184,买盘
11:03:40,80.81,0.0,76,614146,买盘
11:03:45,80.8,-0.01,41,331286,卖盘
11:03:48,80.8,0.0,212,1712959,卖盘
11:03:49,80.8,0.0,38,307033,买盘
11:03:54,80.8,0.0,122,985760,买盘
11:03:57,80.8,0.0,19,153506,买盘
11:04:00,80.8,0.0,138,1115022,买盘
11:04:03,80.8,0.0,39,315113,买盘
11:04:06,80.8,0.0,36,290852,买盘
11:04:08,80.8,0.0,75,606001,买盘
11:04:12,80.8,0.0,57,460560,卖盘
11:04:15,80.8,0.0,1,8080,卖盘
11:04:18,80.8,0.0,41,331309,卖盘
11:04:21,80.8,0.0,127,1026161,卖盘
11:04:24,80.8,0.0,30,242419,卖盘
11:04:27,80.81,0.01,109,880829,买盘
11:04:30,80.8,-0.01,39,315124,卖盘
11:04:33,80.81,0.01,382,3086932,买盘
11:04:36,80.82,0.01,126,1018330,买盘
11:04:39,80.81,-0.01,44,355613,卖盘
11:04:42,80.81,0.0,461,3725379,卖盘
11:04:45,80.81,0.0,34,274774,卖盘
11:04:48,80.82,0.01,169,1365795,中性盘
11:04:51,80.81,-0.01,376,3038474,卖盘
11:04:54,80.81,0.0,74,598012,卖盘
11:04:57,80.8,-0.01,102,824254,卖盘
11:05:00,80.8,0.0,313,2529058,卖盘
11:05:03,80.8,0.0,137,1106948,买盘
11:05:04,80.8,0.0,17,137358,买盘
11:05:09,80.79,-0.01,33,266634,卖盘
11:05:12,80.79,0.0,174,1405913,卖盘
11:05:15,80.79,0.0,152,1228121,卖盘
11:05:18,80.8,0.01,224,1809915,买盘
11:05:21,80.8,0.0,70,565550,买盘
11:05:24,80.8,0.0,785,6341563,卖盘
11:05:27,80.8,0.0,91,735283,买盘
11:05:30,80.8,0.0,49,395920,卖盘
11:05:33,80.78,-0.02,152,1228104,卖盘
11:05:36,80.8,0.02,79,638320,买盘
11:05:39,80.8,0.0,170,1373409,卖盘
11:05:41,80.8,0.0,206,1664139,买盘
11:05:44,80.79,-0.01,80,646355,卖盘
11:05:48,80.79,0.0,113,912965,卖盘
11:05:51,80.8,0.01,145,1171595,买盘
11:05:54,80.8,0.0,171,1381666,买盘
11:05:57,80.8,0.0,90,727125,买盘
11:06:00,80.8,0.0,5,40398,买盘
11:06:03,80.8,0.0,81,654439,买盘
11:06:06,80.8,0.0,47,379717,买盘
11:06:09,80.79,-0.01,151,1220035,卖盘
11:06:10,80.79,0.0,50,403970,卖盘
11:06:15,80.8,0.01,43,347420,买盘
11:06:17,80.8,0.0,26,210068,买盘
11:06:21,80.79,-0.01,30,242388,卖盘
11:06:24,80.79,0.0,137,1106826,卖盘
11:06:27,80.79,0.0,54,436287,买盘
11:06:28,80.8,0.01,32,258538,买盘
11:06:31,80.78,-0.02,288,2326622,卖盘
11:06:36,80.79,0.01,30,242373,买盘
11:06:38,80.79,0.0,60,484736,买盘
11:06:42,80.79,0.0,56,452446,卖盘
11:06:45,80.79,0.0,106,856412,卖盘
11:06:48,80.79,0.0,43,347406,卖盘
11:06:49,80.8,0.01,21,169680,买盘
11:06:54,80.79,-0.01,71,573609,卖盘
11:06:57,80.79,0.0,92,743321,卖盘
11:06:58,80.8,0.01,53,428197,买盘
11:07:03,80.79,-0.01,248,2003621,卖盘
11:07:06,80.78,-0.01,22,177746,卖盘
11:07:09,80.78,0.0,40,323146,卖盘
11:07:12,80.79,0.01,453,3659784,买盘
11:07:15,80.79,0.0,132,1066428,卖盘
11:07:18,80.8,0.01,103,832171,买盘
11:07:21,80.79,-0.01,120,969407,卖盘
11:07:24,80.78,-0.01,1482,11969876,卖盘
11:07:25,80.79,0.01,36,290842,卖盘
11:07:30,80.79,0.0,39,315099,卖盘
11:07:33,80.8,0.01,24,193897,买盘
11:07:36,80.79,-0.01,90,727118,卖盘
11:07:38,80.79,0.0,12,96947,买盘
11:07:42,80.79,0.0,41,331228,买盘
11:07:45,80.79,0.0,6,48473,买盘
11:07:48,80.78,-0.01,27,218111,卖盘
11:07:51,80.79,0.01,155,1252158,买盘
11:07:54,80.78,-0.01,33,266571,卖盘
11:07:55,80.78,0.0,24,193873,买盘
11:08:00,80.78,0.0,76,613925,买盘
11:08:02,80.78,0.0,79,638155,买盘
11:08:06,80.78,0.0,20,161560,卖盘
11:08:09,80.78,0.0,53,428138,卖盘
11:08:10,80.78,0.0,80,646245,买盘
11:08:15,80.78,0.0,2,16156,卖盘
11:08:18,80.78,0.0,35,282732,卖盘
11:08:21,80.79,0.01,64,517010,买盘
11:08:24,80.78,-0.01,20,161561,卖盘
11:08:25,80.79,0.01,22,177727,买盘
11:08:28,80.78,-0.01,85,686632,卖盘
11:08:33,80.78,0.0,29,234265,卖盘
11:08:36,80.79,0.01,36,290836,买盘
11:08:38,80.78,-0.01,124,1001774,卖盘
11:08:42,80.79,0.01,332,2682015,买盘
11:08:45,80.78,-0.01,37,298922,卖盘
11:08:48,80.78,0.0,17,137337,卖盘
11:08:51,80.78,0.0,126,1017844,卖盘
11:08:54,80.79,0.01,30,242352,买盘
11:08:57,80.79,0.0,22,177727,买盘
11:09:00,80.79,0.0,20,161571,买盘
11:09:03,80.79,0.0,96,775494,买盘
11:09:06,80.78,-0.01,101,815880,卖盘
11:09:08,80.78,0.0,111,896657,买盘
11:09:10,80.78,0.0,32,258508,卖盘
11:09:14,80.77,-0.01,612,4943651,卖盘
11:09:18,80.77,0.0,123,993592,卖盘
11:09:19,80.79,0.02,161,1300622,买盘
11:09:24,80.79,0.0,83,670610,卖盘
11:09:27,80.8,0.01,20,161582,买盘
11:09:28,80.79,-0.01,9,72711,卖盘
11:09:33,80.8,0.01,24,193905,买盘
11:09:34,80.78,-0.02,13,105027,卖盘
11:09:39,80.78,0.0,210,1696388,卖盘
11:09:42,80.79,0.01,44,355482,买盘
11:09:45,80.8,0.01,226,1825860,买盘
11:09:48,80.79,-0.01,87,702873,卖盘
11:09:49,80.79,0.0,101,816021,卖盘
11:09:54,80.79,0.0,22,177749,卖盘
11:09:57,80.79,0.0,11,88872,买盘
11:10:00,80.8,0.01,12,96951,买盘
11:10:03,80.8,0.0,47,379735,买盘
11:10:06,80.79,-0.01,55,444356,卖盘
11:10:09,80.79,0.0,46,371641,卖盘
11:10:10,80.8,0.01,24,193902,买盘
11:10:15,80.8,0.0,51,412075,买盘
11:10:18,80.8,0.0,43,347425,买盘
11:10:21,80.8,0.0,19,153516,买盘
11:10:23,80.8,0.0,255,2060366,买盘
11:10:25,80.8,0.0,5,40400,卖盘
11:10:28,80.81,0.01,221,1785695,买盘
11:10:32,80.8,-0.01,104,840407,卖盘
11:10:34,80.8,0.0,19,153511,买盘
11:10:39,80.8,0.0,5,40400,买盘
11:10:42,80.8,0.0,54,436337,卖盘
11:10:45,80.8,0.0,40,323226,卖盘
11:10:48,80.81,0.01,50,404012,买盘
11:10:49,80.8,-0.01,81,654543,卖盘
11:10:53,80.81,0.01,168,1357542,买盘
11:10:57,80.8,-0.01,216,1745282,卖盘
11:10:58,80.8,0.0,49,395958,卖盘
11:11:01,80.81,0.01,383,3095013,买盘
11:11:04,80.81,0.0,17,137379,卖盘
11:11:08,80.81,0.0,48,387888,卖盘
11:11:12,80.82,0.01,230,1858743,买盘
11:11:15,80.81,-0.01,34,274763,卖盘
11:11:18,80.82,0.01,271,2190000,买盘
11:11:19,80.81,-0.01,30,242448,卖盘
11:11:24,80.82,0.01,47,379826,买盘
11:11:25,80.82,0.0,82,662713,买盘
11:11:30,80.82,0.0,35,282880,卖盘
11:11:31,80.82,0.0,75,606160,卖盘
11:11:36,80.82,0.0,25,202050,卖盘
11:11:38,80.82,0.0,55,444515,卖盘
11:11:42,80.83,0.01,82,662799,买盘
11:11:45,80.82,-0.01,75,606200,卖盘
11:11:48,80.82,0.0,50,404127,卖盘
11:11:51,80.83,0.01,73,590037,买盘
11:11:54,80.83,0.0,92,743612,买盘
11:11:57,80.83,0.0,59,476897,卖盘
11:12:00,80.83,0.0,44,348674,买盘
11:12:02,80.82,-0.01,36,290982,卖盘
11:12:06,80.82,0.0,64,517268,卖盘
11:12:09,80.83,0.01,63,509211,买盘
11:12:12,80.83,0.0,266,2150076,买盘
11:12:15,80.82,-0.01,105,848713,卖盘
11:12:17,80.83,0.01,39,315223,买盘
11:12:21,80.83,0.0,89,719347,买盘
11:12:24,80.83,0.0,119,961833,买盘
11:12:27,80.82,-0.01,34,274814,卖盘
11:12:28,80.83,0.01,261,2109772,买盘
11:12:33,80.83,0.0,37,299039,买盘
11:12:36,80.82,-0.01,83,670828,卖盘
11:12:38,80.83,0.01,18,148729,中性盘
11:12:42,80.84,0.01,28,226344,买盘
11:12:45,80.84,0.0,4,32336,卖盘
11:12:47,80.84,0.0,5,40420,卖盘
11:12:51,80.84,0.0,59,476948,卖盘
11:12:54,80.84,0.0,180,1455172,买盘
11:12:55,80.83,-0.01,21,169753,卖盘
11:12:58,80.84,0.01,31,250601,买盘
11:13:03,80.83,-0.01,80,646718,卖盘
11:13:06,80.84,0.01,38,307183,买盘
11:13:09,80.83,-0.01,53,428427,卖盘
11:13:12,80.84,0.01,54,436505,买盘
11:13:15,80.83,-0.01,43,347596,卖盘
11:13:17,80.83,0.0,53,428418,卖盘
11:13:21,80.84,0.01,35,282927,买盘
11:13:24,80.83,-0.01,21,169762,卖盘
11:13:27,80.83,0.0,73,590092,卖盘
11:13:28,80.84,0.01,91,735642,买盘
11:13:33,80.84,0.0,163,1317658,买盘
11:13:36,80.84,0.0,128,1034717,买盘
11:13:39,80.83,-0.01,100,808322,卖盘
11:13:40,80.84,0.01,20,161673,中性盘
11:13:45,80.84,0.0,65,525485,卖盘
11:13:48,80.83,-0.01,108,873054,卖盘
11:13:49,80.85,0.02,45,363981,买盘
11:13:53,80.84,-0.01,92,743802,卖盘
11:13:57,80.85,0.01,1,8085,中性盘
11:14:00,80.85,0.0,20,161701,卖盘
11:14:03,80.86,0.01,137,1107643,买盘
11:14:06,80.86,0.0,22,177882,买盘
11:14:09,80.84,-0.02,86,695368,卖盘
11:14:10,80.85,0.01,57,460838,买盘
11:14:14,80.85,0.0,41,331506,卖盘
11:14:17,80.85,0.0,200,1616911,卖盘
11:14:20,80.85,0.0,9,72765,买盘
11:14:24,80.84,-0.01,69,557839,卖盘
11:14:27,80.85,0.01,39,315313,买盘
11:14:28,80.84,-0.01,142,1148049,卖盘
11:14:33,80.86,0.02,52,420421,买盘
11:14:36,80.85,-0.01,52,420387,卖盘
11:14:39,80.85,0.0,82,662909,买盘
11:14:42,80.86,0.01,51,412330,买盘
11:14:44,80.86,0.0,110,889400,买盘
11:14:48,80.83,-0.03,69,557868,卖盘
11:14:51,80.86,0.03,103,832745,买盘
11:14:54,80.86,0.0,46,371956,买盘
11:14:57,80.86,0.0,41,331514,买盘
11:15:00,80.86,0.0,17,137458,买盘
11:15:01,80.86,0.0,16,129374,买盘
11:15:06,80.85,-0.01,38,307248,卖盘
11:15:09,80.84,-0.01,104,840844,卖盘
11:15:12,80.85,0.01,27,218291,买盘
11:15:15,80.85,0.0,67,541688,买盘
11:15:18,80.85,0.0,42,339538,买盘
11:15:21,80.85,0.0,30,242548,买盘
11:15:23,80.84,-0.01,23,185939,卖盘
11:15:27,80.84,0.0,29,234439,卖盘
11:15:30,80.85,0.01,35,282955,买盘
11:15:33,80.85,0.0,117,945932,买盘
11:15:36,80.85,0.0,49,396152,买盘
11:15:38,80.84,-0.01,84,679057,卖盘
11:15:40,80.83,-0.01,47,379932,卖盘
11:15:45,80.85,0.02,97,784161,买盘
11:15:47,80.84,-0.01,43,347612,卖盘
11:15:51,80.84,0.0,68,549765,卖盘
11:15:54,80.84,0.0,105,848871,卖盘
11:15:56,80.84,0.0,138,1115703,卖盘
11:15:58,80.82,-0.02,681,5501273,卖盘
11:16:03,80.83,0.01,19,153576,买盘
11:16:06,80.83,0.0,20,161655,买盘
11:16:09,80.83,0.0,122,986125,买盘
11:16:12,80.82,-0.01,45,363706,卖盘
11:16:15,80.83,0.01,121,978036,买盘
11:16:17,80.83,0.0,73,590009,买盘
11:16:21,80.82,-0.01,151,1223800,卖盘
11:16:23,80.84,0.02,6,48499,买盘
11:16:25,80.83,-0.01,163,1317522,卖盘
11:16:29,80.83,0.0,2058,16628856,买盘
11:16:32,80.82,-0.01,106,856777,中性盘
11:16:36,80.82,0.0,36,290906,卖盘
11:16:38,80.82,0.0,33,266726,买盘
11:16:40,80.84,0.02,33,266739,买盘
11:16:43,80.8,-0.04,47,379861,卖盘
11:16:47,80.84,0.04,98,791838,买盘
11:16:51,80.8,-0.04,52,420159,买盘
11:16:54,80.8,0.0,140,1131104,买盘
11:16:57,80.8,0.0,29,234318,买盘
11:16:58,80.81,0.01,23,185830,买盘
11:17:03,80.8,-0.01,22,177760,卖盘
11:17:04,80.8,0.0,20,161601,卖盘
11:17:09,80.81,0.01,36,290893,买盘
11:17:12,80.81,0.0,13,105053,卖盘
11:17:15,80.81,0.0,98,792056,卖盘
11:17:18,80.81,0.0,56,452511,卖盘
11:17:21,80.81,0.0,24,193944,买盘
11:17:24,80.83,0.02,92,743471,买盘
11:17:25,80.82,-0.01,469,3791066,卖盘
11:17:29,80.81,-0.01,12,96976,卖盘
11:17:33,80.84,0.03,89,719447,买盘
11:17:36,80.83,-0.01,46,371809,卖盘
11:17:39,80.81,-0.02,172,1389926,卖盘
11:17:41,80.81,0.0,120,969714,买盘
11:17:44,80.81,0.0,40,323235,买盘
11:17:48,80.82,0.01,198,1600039,买盘
11:17:51,80.82,0.0,75,606044,买盘
11:17:53,80.82,0.0,98,791985,买盘
11:17:56,80.81,-0.01,37,299039,卖盘
11:18:00,80.82,0.01,16,129303,中性盘
11:18:02,80.83,0.01,34,274780,买盘
11:18:04,80.83,0.0,31,250571,买盘
11:18:09,80.84,0.01,118,953908,买盘
11:18:12,80.85,0.01,470,3799939,买盘
11:18:15,80.86,0.01,61,493223,买盘
11:18:17,80.83,-0.03,220,1778643,卖盘
11:18:21,80.85,0.02,132,1066868,买盘
11:18:24,80.82,-0.03,173,1398324,卖盘
11:18:27,80.87,0.05,29,234431,买盘
11:18:30,80.85,-0.02,7,56592,买盘
11:18:33,80.85,0.0,12,97021,卖盘
11:18:35,80.86,0.01,33,266817,买盘
11:18:39,80.86,0.0,47,380036,买盘
11:18:42,80.85,-0.01,118,954036,卖盘
11:18:44,80.85,0.0,44,355774,卖盘
11:18:47,80.86,0.01,255,2062144,买盘
11:18:51,80.85,-0.01,95,768142,卖盘
11:18:53,80.86,0.01,120,970250,买盘
11:18:57,80.86,0.0,10,80859,中性盘
11:19:00,80.86,0.0,141,1140272,卖盘
11:19:03,80.85,-0.01,26,210225,中性盘
11:19:06,80.86,0.01,96,776254,卖盘
11:19:09,80.87,0.01,34,274938,买盘
11:19:12,80.86,-0.01,51,412387,卖盘
11:19:14,80.86,0.0,24,191011,卖盘
11:19:18,80.87,0.01,46,371975,中性盘
11:19:21,80.86,-0.01,11,88949,卖盘
11:19:24,80.86,0.0,51,412436,卖盘
11:19:27,80.87,0.01,87,703567,买盘
11:19:30,80.87,0.0,78,630826,卖盘
11:19:32,80.88,0.01,55,444794,买盘
11:19:34,80.8,-0.08,1750,14146371,卖盘
11:19:39,80.86,0.06,41,331569,买盘
11:19:42,80.88,0.02,45,363936,买盘
11:19:44,80.87,-0.01,19,153649,中性盘
11:19:47,80.8,-0.07,292,2359561,卖盘
11:19:49,80.81,0.01,72,581762,买盘
11:19:54,80.8,-0.01,140,1131327,卖盘
11:19:57,80.8,0.0,224,1809895,买盘
11:20:00,80.8,0.0,39,315217,卖盘
11:20:02,80.81,0.01,42,339479,卖盘
11:20:06,80.81,0.0,17,137377,卖盘
11:20:08,80.86,0.05,277,2236522,买盘
11:20:10,80.86,0.0,65,526718,买盘
11:20:15,80.87,0.01,375,3032346,买盘
11:20:18,80.88,0.01,94,760196,买盘
11:20:20,80.87,-0.01,46,372028,中性盘
11:20:23,80.86,-0.01,60,485187,卖盘
11:20:25,80.88,0.02,213,1722731,买盘
11:20:30,80.88,0.0,5,40440,卖盘
11:20:33,80.87,-0.01,120,970590,卖盘
11:20:34,80.89,0.02,25,202212,买盘
11:20:38,80.88,-0.01,47,380137,卖盘
11:20:40,80.88,0.0,109,881592,卖盘
11:20:44,80.88,0.0,58,469107,买盘
11:20:47,80.88,0.0,137,1108181,卖盘
11:20:50,80.88,0.0,87,703691,卖盘
11:20:54,80.9,0.02,144,1164955,买盘
11:20:57,80.89,-0.01,57,461108,卖盘
11:21:00,80.88,-0.01,505,4083805,卖盘
11:21:03,80.87,-0.01,20,161755,中性盘
11:21:06,80.9,0.03,237,1916949,买盘
11:21:09,80.91,0.01,31,250794,买盘
11:21:10,80.9,-0.01,6,48540,中性盘
11:21:14,80.9,0.0,89,720010,卖盘
11:21:17,80.9,0.0,79,639099,买盘
11:21:21,80.91,0.01,129,1043684,买盘
11:21:24,80.9,-0.01,530,4284462,中性盘
11:21:27,80.91,0.01,51,412587,买盘
11:21:28,80.91,0.0,26,210676,买盘
11:21:31,80.9,-0.01,51,412569,卖盘
11:21:36,80.91,0.01,34,275076,买盘
11:21:39,80.9,-0.01,13,105180,卖盘
11:21:40,80.91,0.01,85,687682,买盘
11:21:45,80.9,-0.01,60,485434,卖盘
11:21:47,80.91,0.01,40,323628,买盘
11:21:50,80.91,0.0,85,687710,买盘
11:21:54,80.9,-0.01,19,153719,卖盘
11:21:57,80.91,0.01,26,210345,买盘
11:22:00,80.91,0.0,48,388368,买盘
11:22:03,80.91,0.0,101,817191,买盘
11:22:06,80.91,0.0,28,226540,卖盘
11:22:09,80.92,0.01,84,679647,买盘
11:22:12,80.91,-0.01,522,4225074,卖盘
11:22:14,80.92,0.01,18,145645,中性盘
11:22:17,80.91,-0.01,204,1650706,卖盘
11:22:20,80.97,0.06,5,40471,买盘
11:22:24,80.91,-0.06,94,760870,卖盘
11:22:27,80.96,0.05,26,210427,买盘
11:22:29,80.96,0.0,64,518335,买盘
11:22:32,80.96,0.0,28,226659,买盘
11:22:36,80.96,0.0,142,1149199,买盘
11:22:39,80.95,-0.01,26,210483,中性盘
11:22:41,80.96,0.01,53,429073,买盘
11:22:45,80.93,-0.03,67,542370,卖盘
11:22:48,80.93,0.0,4,32372,买盘
11:22:52,80.94,0.01,56,453202,买盘
11:22:54,80.94,0.0,20,161883,买盘
11:22:57,80.93,-0.01,55,445166,卖盘
11:23:00,80.94,0.01,63,509894,买盘
11:23:02,80.93,-0.01,53,428956,卖盘
11:23:06,80.93,0.0,76,615085,卖盘
11:23:08,80.94,0.01,122,987433,中性盘
11:23:11,80.94,0.0,83,671867,卖盘
11:23:14,80.94,0.0,38,307598,卖盘
11:23:18,80.94,0.0,66,534202,卖盘
11:23:21,80.94,0.0,41,331849,买盘
11:23:24,80.94,0.0,182,1473088,买盘
11:23:27,80.94,0.0,8,64752,买盘
11:23:30,80.94,0.0,69,558431,买盘
11:23:32,80.93,-0.01,222,1796803,卖盘
11:23:34,80.93,0.0,95,768871,卖盘
11:23:39,80.93,0.0,23,186143,买盘
11:23:42,80.93,0.0,74,598888,买盘
11:23:44,80.94,0.01,245,1983341,买盘
11:23:48,80.94,0.0,30,242820,卖盘
11:23:49,80.94,0.0,23,186181,卖盘
11:23:52,80.94,0.0,22,178068,卖盘
11:23:57,80.93,-0.01,117,947001,卖盘
11:24:00,80.95,0.02,4,34966,买盘
11:24:03,80.95,0.0,157,1268277,买盘
11:24:06,80.95,0.0,226,1829054,卖盘
11:24:09,80.95,0.0,22,178075,买盘
11:24:12,80.96,0.01,25,202380,买盘
11:24:15,80.96,0.0,64,518083,买盘
11:24:17,80.95,-0.01,8,64761,卖盘
11:24:20,80.94,-0.01,60,485652,卖盘
11:24:23,80.94,0.0,2317,18736736,买盘
11:24:27,80.93,-0.01,68,550349,买盘
11:24:30,80.93,0.0,22,178021,买盘
11:24:33,80.93,0.0,121,979402,买盘
11:24:35,80.93,0.0,61,493667,买盘
11:24:38,80.9,-0.03,19,153712,卖盘
11:24:42,80.93,0.03,83,671716,买盘
11:24:44,80.94,0.01,37,299462,买盘
11:24:47,80.92,-0.02,127,1027751,卖盘
11:24:51,80.92,0.0,26,210406,买盘
11:24:54,80.93,0.01,43,347994,买盘
11:24:57,80.91,-0.02,16,129474,卖盘
11:25:00,80.91,0.0,12,97104,卖盘
11:25:03,80.92,0.01,26,210379,买盘
11:25:04,80.9,-0.02,16,129451,卖盘
11:25:08,80.91,0.01,19,153731,买盘
11:25:12,80.91,0.0,42,339792,买盘
11:25:14,80.92,0.01,54,436930,买盘
11:25:18,80.92,0.0,59,477379,买盘
11:25:20,80.91,-0.01,35,283185,卖盘
11:25:24,80.91,0.0,97,784717,卖盘
11:25:25,80.89,-0.02,107,865526,卖盘
11:25:29,80.89,0.0,45,364005,买盘
11:25:32,80.91,0.02,191,1545258,买盘
11:25:35,80.9,-0.01,53,428770,卖盘
11:25:39,80.9,0.0,188,1520936,卖盘
11:25:40,80.9,0.0,33,266985,卖盘
11:25:45,80.91,0.01,153,1237907,买盘
11:25:47,80.91,0.0,108,873823,买盘
11:25:51,80.9,-0.01,165,1334871,卖盘
11:25:54,80.9,0.0,137,1108433,卖盘
11:25:57,80.9,0.0,29,234604,买盘
11:26:00,80.9,0.0,135,1092153,买盘
11:26:01,80.9,0.0,56,453040,卖盘
11:26:05,80.9,0.0,32,258880,中性盘
11:26:08,80.9,0.0,217,1755447,卖盘
11:26:11,80.91,0.01,36,291252,买盘
11:26:14,80.9,-0.01,129,1043576,买盘
11:26:17,80.9,0.0,55,444945,买盘
11:26:20,80.9,0.0,41,331683,买盘
11:26:24,80.9,0.0,55,444943,买盘
11:26:27,80.9,0.0,115,930340,买盘
11:26:30,80.89,-0.01,148,1197291,卖盘
11:26:32,80.9,0.01,100,808966,买盘
11:26:34,80.9,0.0,57,461132,卖盘
11:26:39,80.89,-0.01,20,161789,卖盘
11:26:42,80.89,0.0,8,64713,卖盘
11:26:44,80.9,0.01,58,469197,买盘
11:26:47,80.9,0.0,63,509670,买盘
11:26:49,80.9,0.0,50,404512,卖盘
11:26:54,80.9,0.0,612,4950521,卖盘
11:26:56,80.9,0.0,46,372149,卖盘
11:27:00,80.9,0.0,23,186070,买盘
11:27:02,80.88,-0.02,114,922246,卖盘
11:27:04,80.89,0.01,37,299292,中性盘
11:27:08,80.9,0.01,39,315514,买盘
11:27:12,80.9,0.0,5,40450,卖盘
11:27:14,80.91,0.01,24,194165,买盘
11:27:17,80.9,-0.01,46,372140,卖盘
11:27:20,80.9,0.0,18,145630,卖盘
11:27:24,80.9,0.0,217,1755530,卖盘
11:27:25,80.9,0.0,28,226520,买盘
11:27:29,80.9,0.0,62,501562,买盘
11:27:33,80.89,-0.01,41,331649,卖盘
11:27:36,80.9,0.01,119,962686,买盘
11:27:39,80.9,0.0,128,1035345,买盘
11:27:41,80.89,-0.01,34,275035,卖盘
11:27:45,80.9,0.01,78,630977,买盘
11:27:47,80.9,0.0,189,1529010,买盘
11:27:51,80.89,-0.01,336,2717965,卖盘
11:27:54,80.89,0.0,102,825028,买盘
11:27:56,80.89,0.0,127,1027303,买盘
11:27:59,80.9,0.01,113,914378,买盘
11:28:03,80.89,-0.01,14,113246,中性盘
11:28:06,80.9,0.01,30,242688,买盘
11:28:08,80.88,-0.02,345,2790274,卖盘
11:28:11,80.88,0.0,84,679334,买盘
11:28:15,80.9,0.02,100,808976,买盘
11:28:18,80.89,-0.01,11,88979,卖盘
11:28:19,80.88,-0.01,95,768782,卖盘
11:28:23,80.88,0.0,52,420574,买盘
11:28:27,80.88,0.0,60,485280,买盘
11:28:28,80.88,0.0,16,129411,卖盘
11:28:31,80.88,0.0,54,436770,卖盘
11:28:34,80.88,0.0,81,655127,卖盘
11:28:39,80.88,0.0,64,517582,买盘
11:28:41,80.88,0.0,110,889680,买盘
11:28:43,80.88,0.0,27,218376,卖盘
11:28:47,80.88,0.0,67,541861,卖盘
11:28:50,80.89,0.01,29,234563,买盘
11:28:53,80.88,-0.01,96,776468,卖盘
11:28:56,80.87,-0.01,40,323527,卖盘
11:29:00,80.88,0.01,137,1108056,中性盘
11:29:02,80.88,0.0,111,897718,买盘
11:29:07,80.87,-0.01,109,881573,中性盘
11:29:08,80.88,0.01,32,258830,中性盘
11:29:11,80.88,0.0,93,752201,卖盘
11:29:14,80.89,0.01,28,226481,买盘
11:29:18,80.88,-0.01,122,986745,卖盘
11:29:21,80.89,0.01,8,64708,买盘
11:29:24,80.89,0.0,76,615086,买盘
11:29:27,80.9,0.01,51,412540,买盘
11:29:29,80.89,-0.01,86,695651,卖盘
11:29:32,80.89,0.0,44,355902,中性盘
11:29:35,80.9,0.01,72,582418,买盘
11:29:37,80.9,0.0,138,1116387,买盘
11:29:41,80.9,0.0,78,631020,买盘
11:29:44,80.9,0.0,4,32360,卖盘
11:29:48,80.9,0.0,30,242718,卖盘
11:29:50,80.91,0.01,97,784772,买盘
11:29:52,80.9,-0.01,59,477331,卖盘
11:29:56,80.9,0.0,50,405437,卖盘
11:30:00,80.91,0.01,28,226530,买盘
13:00:00,80.9,-0.01,252,2037800,卖盘
13:00:03,80.92,0.02,3339,27017215,买盘
13:00:06,80.92,0.0,1481,11987538,卖盘
13:00:09,80.92,0.0,283,2289836,卖盘
13:00:12,80.91,-0.01,378,3058070,买盘
13:00:15,80.91,0.0,258,2087477,买盘
13:00:18,80.91,0.0,253,2047003,买盘
13:00:21,80.9,-0.01,87,703860,卖盘
13:00:23,80.89,-0.01,55,441391,卖盘
13:00:25,80.9,0.01,282,2281312,买盘
13:00:30,80.89,-0.01,36,291219,卖盘
13:00:33,80.89,0.0,38,307389,卖盘
13:00:36,80.9,0.01,46,372443,买盘
13:00:39,80.89,-0.01,298,2410742,卖盘
13:00:41,80.89,0.0,134,1085301,卖盘
13:00:45,80.88,-0.01,83,671354,卖盘
13:00:48,80.89,0.01,108,873582,买盘
13:00:51,80.89,0.0,253,2046335,买盘
13:00:54,80.89,0.0,41,331632,买盘
13:00:57,80.88,-0.01,177,1431580,卖盘
13:01:00,80.87,-0.01,107,865362,卖盘
13:01:02,80.87,0.0,1240,10030324,买盘
13:01:06,80.87,0.0,24,194070,买盘
13:01:09,80.84,-0.03,60,484828,卖盘
13:01:11,80.83,-0.01,39,315302,卖盘
13:01:15,80.85,0.02,989,7992010,买盘
13:01:17,80.8,-0.05,408,3296927,卖盘
13:01:21,80.81,0.01,189,1527289,买盘
13:01:24,80.8,-0.01,169,1365734,卖盘
13:01:27,80.8,0.0,107,864592,卖盘
13:01:30,80.81,0.01,152,1228171,中性盘
13:01:33,80.8,-0.01,192,1551392,卖盘
13:01:36,80.8,0.0,67,541376,卖盘
13:01:39,80.81,0.01,166,1340007,买盘
13:01:42,80.81,0.0,129,1042404,卖盘
13:01:45,80.81,0.0,54,436403,卖盘
13:01:48,80.82,0.01,95,767805,买盘
13:01:49,80.82,0.0,92,743544,卖盘
13:01:54,80.81,-0.01,189,1527388,卖盘
13:01:56,80.82,0.01,57,460689,买盘
13:02:00,80.82,0.0,149,1204275,卖盘
13:02:02,80.82,0.0,116,937412,买盘
13:02:04,80.81,-0.01,88,711166,卖盘
13:02:09,80.83,0.02,337,2720885,买盘
13:02:12,80.82,-0.01,48,387973,卖盘
13:02:15,80.82,0.0,88,711216,卖盘
13:02:18,80.82,0.0,45,363701,卖盘
13:02:21,80.82,0.0,34,274805,卖盘
13:02:24,80.82,0.0,49,396022,卖盘
13:02:25,80.82,0.0,771,6229880,买盘
13:02:28,80.81,-0.01,98,791923,买盘
13:02:32,80.82,0.01,35,282843,买盘
13:02:36,80.81,-0.01,49,395973,卖盘
13:02:39,80.81,0.0,58,468717,卖盘
13:02:42,80.82,0.01,55,444490,买盘
13:02:43,80.82,0.0,232,1874912,买盘
13:02:47,80.82,0.0,63,509136,买盘
13:02:51,80.81,-0.01,186,1503193,卖盘
13:02:54,80.82,0.01,82,662764,买盘
13:02:57,80.81,-0.01,599,4840538,卖盘
13:03:00,80.81,0.0,93,751531,买盘
13:03:03,80.81,0.0,402,3248271,买盘
13:03:06,80.8,-0.01,229,1851040,卖盘
13:03:09,80.81,0.01,550,4444337,买盘
13:03:12,80.8,-0.01,117,945394,中性盘
13:03:15,80.79,-0.01,84,678744,卖盘
13:03:18,80.8,0.01,67,541350,买盘
13:03:21,80.8,0.0,40,323205,卖盘
13:03:24,80.81,0.01,79,638330,买盘
13:03:26,80.8,-0.01,331,2674488,卖盘
13:03:28,80.81,0.01,120,968270,买盘
13:03:33,80.8,-0.01,42,340743,买盘
13:03:36,80.81,0.01,71,573752,买盘
13:03:38,80.8,-0.01,56,452492,卖盘
13:03:40,80.8,0.0,289,2335160,卖盘
13:03:45,80.81,0.01,276,2230323,买盘
13:03:48,80.81,0.0,74,598011,卖盘
13:03:51,80.82,0.01,179,1446503,买盘
13:03:54,80.82,0.0,147,1188024,买盘
13:03:57,80.82,0.0,113,911809,买盘
13:04:00,80.82,0.0,52,420262,买盘
13:04:02,80.82,0.0,64,517248,卖盘
13:04:06,80.81,-0.01,133,1076172,卖盘
13:04:09,80.82,0.01,133,1073434,买盘
13:04:12,80.8,-0.02,165,1334819,卖盘
13:04:15,80.81,0.01,49,396317,中性盘
13:04:17,80.81,0.0,51,412167,卖盘
13:04:20,80.8,-0.01,106,856257,卖盘
13:04:24,80.8,0.0,146,1179792,卖盘
13:04:27,80.81,0.01,33,266669,买盘
13:04:30,80.81,0.0,242,1955585,买盘
13:04:32,80.8,-0.01,335,2706803,卖盘
13:04:36,80.8,0.0,157,1268601,买盘
13:04:38,80.8,0.0,76,614094,买盘
13:04:41,80.81,0.01,39,315135,买盘
13:04:44,80.8,-0.01,159,1284736,卖盘
13:04:48,80.81,0.01,236,1906887,买盘
13:04:50,80.8,-0.01,158,1276664,中性盘
13:04:54,80.8,0.0,121,977672,中性盘
13:04:57,80.8,0.0,85,686818,中性盘
13:05:00,80.81,0.01,81,654491,买盘
13:05:03,80.81,0.0,343,2773789,买盘
13:05:05,80.81,0.0,45,359594,卖盘
13:05:08,80.81,0.0,112,905072,卖盘
13:05:12,80.8,-0.01,230,1858516,卖盘
13:05:15,80.8,0.0,132,1066587,卖盘
13:05:18,80.81,0.01,611,4937377,买盘
13:05:21,80.81,0.0,95,767641,卖盘
13:05:23,80.8,-0.01,50,404009,卖盘
13:05:27,80.81,0.01,144,1163546,买盘
13:05:29,80.81,0.0,29,234347,买盘
13:05:33,80.8,-0.01,28,226241,卖盘
13:05:36,80.8,0.0,290,2343235,卖盘
13:05:38,80.8,0.0,55,444414,买盘
13:05:42,80.8,0.0,96,776092,买盘
13:05:45,80.8,0.0,186,1503004,卖盘
13:05:48,80.81,0.01,78,630268,买盘
13:05:51,80.8,-0.01,153,1239989,卖盘
13:05:54,80.8,0.0,113,909019,卖盘
13:05:57,80.8,0.0,5,40404,卖盘
13:05:59,80.8,0.0,223,1801854,卖盘
13:06:02,80.81,0.01,98,791845,买盘
13:06:05,80.81,0.0,153,1236290,买盘
13:06:09,80.81,0.0,41,331322,卖盘
13:06:12,80.82,0.01,209,1688930,买盘
13:06:14,80.81,-0.01,48,387892,卖盘
13:06:17,80.81,0.0,156,1264874,卖盘
13:06:21,80.82,0.01,5,40733,中性盘
13:06:24,80.81,-0.01,191,1543545,卖盘
13:06:27,80.81,0.0,49,395990,卖盘
13:06:30,80.81,0.0,236,1906970,卖盘
13:06:33,80.81,0.0,50,404047,买盘
13:06:36,80.81,0.0,82,662641,买盘
13:06:39,80.82,0.01,90,727291,买盘
13:06:42,80.81,-0.01,29,234361,卖盘
13:06:44,80.81,0.0,67,541430,卖盘
13:06:48,80.82,0.01,56,452556,买盘
13:06:51,80.82,0.0,24,193985,卖盘
13:06:53,80.83,0.01,63,509195,买盘
13:06:57,80.82,-0.01,247,1996164,卖盘
13:06:59,80.82,0.0,120,969837,买盘
13:07:03,80.81,-0.01,180,1454743,卖盘
13:07:06,80.82,0.01,78,630339,买盘
13:07:09,80.81,-0.01,168,1357738,卖盘
13:07:12,80.82,0.01,165,1333386,买盘
13:07:15,80.82,0.0,100,808134,买盘
13:07:18,80.81,-0.01,223,1802240,卖盘
13:07:21,80.82,0.01,116,934853,买盘
13:07:24,80.82,0.0,111,897081,买盘
13:07:26,80.81,-0.01,536,4331730,卖盘
13:07:30,80.82,0.01,48,387915,中性盘
13:07:32,80.81,-0.01,123,994023,卖盘
13:07:36,80.82,0.01,47,379826,买盘
13:07:39,80.81,-0.01,130,1050656,卖盘
13:07:42,80.81,0.0,175,1416762,卖盘
13:07:45,80.81,0.0,500,4037915,买盘
13:07:47,80.81,0.0,202,1632382,卖盘
13:07:50,80.81,0.0,51,412150,卖盘
13:07:54,80.81,0.0,625,5050806,卖盘
13:07:57,80.81,0.0,13,105056,卖盘
13:08:00,80.81,0.0,76,614200,卖盘
13:08:02,80.82,0.01,107,864717,买盘
13:08:06,80.81,-0.01,62,501032,卖盘
13:08:09,80.82,0.01,42,339428,买盘
13:08:12,80.82,0.0,122,986004,买盘
13:08:14,80.82,0.0,22,177804,卖盘
13:08:18,80.82,0.0,71,573816,卖盘
13:08:21,80.82,0.0,109,880881,买盘
13:08:24,80.81,-0.01,25,202046,卖盘
13:08:27,80.82,0.01,63,509169,买盘
13:08:30,80.82,0.0,37,299046,卖盘
13:08:33,80.82,0.0,67,541515,卖盘
13:08:36,80.83,0.01,46,371794,买盘
13:08:38,80.83,0.0,165,1333646,买盘
13:08:41,80.84,0.01,75,606233,买盘
13:08:45,80.82,-0.02,146,1179995,卖盘
13:08:47,80.83,0.01,79,638507,买盘
13:08:51,80.82,-0.01,123,994079,卖盘
13:08:53,80.81,-0.01,333,2693557,卖盘
13:08:57,80.8,-0.01,176,1422122,卖盘
13:09:00,80.81,0.01,111,896906,买盘
13:09:03,80.81,0.0,150,1209539,买盘
13:09:06,80.81,0.0,70,565624,买盘
13:09:09,80.77,-0.04,3030,24482412,卖盘
13:09:12,80.78,0.01,52,420051,买盘
13:09:14,80.78,0.0,56,452362,买盘
13:09:18,80.78,0.0,119,961206,买盘
13:09:21,80.78,0.0,40,323086,买盘
13:09:24,80.78,0.0,306,2471777,买盘
13:09:27,80.78,0.0,243,1962949,买盘
13:09:30,80.78,0.0,130,1046699,买盘
13:09:32,80.78,0.0,57,460446,卖盘
13:09:36,80.78,0.0,291,2351143,卖盘
13:09:39,80.79,0.01,36,290817,中性盘
13:09:42,80.79,0.0,52,420066,买盘
13:09:45,80.78,-0.01,66,533577,卖盘
13:09:48,80.79,0.01,129,1042138,买盘
13:09:51,80.79,0.0,47,379729,卖盘
13:09:54,80.78,-0.01,568,4591615,卖盘
13:09:56,80.78,0.0,40,323109,买盘
13:10:00,80.79,0.01,149,1203619,买盘
13:10:03,80.78,-0.01,957,7729767,卖盘
13:10:06,80.78,0.0,457,3692254,买盘
13:10:09,80.78,0.0,210,1696380,卖盘
13:10:12,80.78,0.0,42,339302,卖盘
13:10:15,80.8,0.02,199,1607853,买盘
13:10:18,80.78,-0.02,334,2698056,卖盘
13:10:21,80.8,0.02,125,1003632,买盘
13:10:24,80.8,0.0,58,468640,卖盘
13:10:27,80.81,0.01,48,387850,买盘
13:10:29,80.8,-0.01,132,1066657,卖盘
13:10:33,80.8,0.0,142,1147378,卖盘
13:10:35,80.8,0.0,40,323202,卖盘
13:10:38,80.8,0.0,808,6529762,买盘
13:10:43,80.8,0.0,46,371683,卖盘
13:10:45,80.81,0.01,104,840416,中性盘
13:10:48,80.8,-0.01,215,1738580,卖盘
13:10:51,80.8,0.0,81,654511,卖盘
13:10:53,80.79,-0.01,382,3085390,卖盘
13:10:57,80.81,0.02,277,2239238,买盘
13:11:00,80.81,0.0,49,395969,卖盘
13:11:03,80.79,-0.02,154,1244250,卖盘
13:11:06,80.79,0.0,92,743304,卖盘
13:11:09,80.8,0.01,72,581706,买盘
13:11:12,80.81,0.01,103,832259,买盘
13:11:15,80.79,-0.02,73,589847,卖盘
13:11:18,80.8,0.01,31,250469,中性盘
13:11:21,80.79,-0.01,148,1195884,卖盘
13:11:24,80.8,0.01,79,638268,卖盘
13:11:26,80.8,0.0,40,323223,卖盘
13:11:30,80.79,-0.01,84,678662,卖盘
13:11:33,80.79,0.0,21,169658,买盘
13:11:36,80.78,-0.01,241,1947003,卖盘
13:11:39,80.78,0.0,181,1462147,卖盘
13:11:42,80.78,0.0,133,1074386,卖盘
13:11:44,80.79,0.01,1076,8690983,中性盘
13:11:48,80.79,0.0,61,492819,卖盘
13:11:51,80.77,-0.02,159,1284566,卖盘
13:11:54,80.78,0.01,184,1486188,买盘
13:11:57,80.77,-0.01,105,848078,卖盘
13:11:59,80.77,0.0,67,541148,买盘
13:12:02,80.77,0.0,103,831932,买盘
13:12:06,80.78,0.01,151,1219628,买盘
13:12:08,80.77,-0.01,49,395799,中性盘
13:12:12,80.77,0.0,48,387705,卖盘
13:12:15,80.77,0.0,259,2092021,卖盘
13:12:18,80.77,0.0,100,807700,卖盘
13:12:21,80.78,0.01,267,2156659,买盘
13:12:24,80.77,-0.01,67,541167,卖盘
13:12:27,80.78,0.01,91,735018,买盘
13:12:30,80.77,-0.01,21,169624,卖盘
13:12:32,80.77,0.0,81,654239,卖盘
13:12:36,80.77,0.0,409,3303590,卖盘
13:12:39,80.76,-0.01,75,605739,卖盘
13:12:41,80.77,0.01,760,6138488,买盘
13:12:44,80.76,-0.01,272,2196718,卖盘
13:12:48,80.77,0.01,356,2875214,买盘
13:12:51,80.77,0.0,74,597731,卖盘
13:12:53,80.77,0.0,608,4910308,卖盘
13:12:56,80.77,0.0,225,1817251,买盘
13:13:00,80.78,0.01,72,581539,买盘
13:13:03,80.77,-0.01,42,339235,卖盘
13:13:06,80.77,0.0,84,678486,卖盘
13:13:09,80.78,0.01,128,1033920,买盘
13:13:12,80.77,-0.01,90,726930,卖盘
13:13:15,80.78,0.01,91,734991,买盘
13:13:18,80.78,0.0,56,452323,买盘
13:13:21,80.77,-0.01,185,1494233,卖盘
13:13:24,80.77,0.0,246,1986983,买盘
13:13:27,80.77,0.0,227,1833485,卖盘
13:13:30,80.77,0.0,70,565412,卖盘
13:13:32,80.77,0.0,104,839974,卖盘
13:13:36,80.77,0.0,184,1486145,买盘
13:13:39,80.77,0.0,49,395777,卖盘
13:13:42,80.77,0.0,69,557328,卖盘
13:13:45,80.77,0.0,59,476544,卖盘
13:13:48,80.77,0.0,97,783509,卖盘
13:13:50,80.77,0.0,113,912761,卖盘
13:13:53,80.78,0.01,624,5039707,买盘
13:13:57,80.77,-0.01,329,2656984,中性盘
13:14:00,80.77,0.0,57,460413,卖盘
13:14:03,80.77,0.0,207,1671917,卖盘
13:14:06,80.78,0.01,24,193851,中性盘
13:14:09,80.77,-0.01,108,872979,卖盘
13:14:11,80.77,0.0,26,209988,买盘
13:14:15,80.76,-0.01,68,549223,卖盘
13:14:18,80.76,0.0,247,1994998,卖盘
13:14:21,80.77,0.01,42,339225,买盘
13:14:24,80.77,0.0,148,1194732,买盘
13:14:27,80.77,0.0,43,347311,卖盘
13:14:30,80.77,0.0,30,242310,卖盘
13:14:33,80.77,0.0,89,718860,卖盘
13:14:36,80.78,0.01,89,718884,买盘
13:14:39,80.76,-0.02,134,1082962,卖盘
13:14:41,80.78,0.02,166,1340139,买盘
13:14:45,80.75,-0.03,564,4555018,卖盘
13:14:47,80.76,0.01,70,565372,中性盘
13:14:51,80.75,-0.01,145,1171009,卖盘
13:14:54,80.76,0.01,453,3658004,中性盘
13:14:57,80.76,0.0,94,759175,卖盘
13:15:00,80.77,0.01,26,209980,买盘
13:15:03,80.77,0.0,136,1098398,买盘
13:15:06,80.75,-0.02,318,2568249,卖盘
13:15:08,80.76,0.01,50,403799,买盘
13:15:12,80.76,0.0,229,1849425,买盘
13:15:15,80.76,0.0,41,331116,卖盘
13:15:17,80.76,0.0,342,2761730,卖盘
13:15:21,80.76,0.0,96,775307,买盘
13:15:24,80.76,0.0,583,4707875,买盘
13:15:26,80.76,0.0,192,1550652,卖盘
13:15:30,80.76,0.0,231,1865591,卖盘
13:15:33,80.77,0.01,221,1785005,买盘
13:15:36,80.76,-0.01,110,888436,卖盘
13:15:38,80.78,0.02,221,1785205,买盘
13:15:41,80.76,-0.02,326,2632976,卖盘
13:15:45,80.76,0.0,171,1381017,卖盘
13:15:48,80.76,0.0,85,686459,买盘
13:15:50,80.77,0.01,124,1001431,买盘
13:15:54,80.77,0.0,848,6848164,买盘
13:15:57,80.76,-0.01,69,562898,卖盘
13:16:00,80.75,-0.01,181,1461759,卖盘
13:16:03,80.75,0.0,310,2499721,卖盘
13:16:06,80.74,-0.01,57,460247,卖盘
13:16:09,80.74,0.0,574,4635043,卖盘
13:16:12,80.74,0.0,330,2664660,卖盘
13:16:14,80.76,0.02,211,1707429,买盘
13:16:18,80.76,0.0,43,343634,卖盘
13:16:21,80.76,0.0,102,823757,卖盘
13:16:24,80.77,0.01,147,1187182,买盘
13:16:26,80.76,-0.01,97,783387,卖盘
13:16:30,80.76,0.0,75,605780,卖盘
13:16:33,80.76,0.0,42,339192,买盘
13:16:36,80.75,-0.01,62,500697,卖盘
13:16:38,80.76,0.01,322,2600368,买盘
13:16:42,80.76,0.0,83,670270,买盘
13:16:45,80.76,0.0,350,2826517,买盘
13:16:47,80.75,-0.01,284,2293474,卖盘
13:16:51,80.77,0.02,294,2374460,买盘
13:16:53,80.74,-0.03,516,4166582,卖盘
13:16:57,80.77,0.03,263,2123809,买盘
13:16:59,80.78,0.01,30,242314,买盘
13:17:03,80.77,-0.01,19,153470,卖盘
13:17:06,80.77,0.0,150,1211578,卖盘
13:17:08,80.75,-0.02,248,2002733,卖盘
13:17:11,80.77,0.02,91,734821,买盘
13:17:14,80.78,0.01,194,1566648,买盘
13:17:18,80.78,0.0,62,500802,卖盘
13:17:21,80.76,-0.02,49,395817,卖盘
13:17:24,80.75,-0.01,101,815736,卖盘
13:17:26,80.78,0.03,121,977434,买盘
13:17:30,80.76,-0.02,95,767254,卖盘
13:17:32,80.79,0.03,99,799639,买盘
13:17:36,80.76,-0.03,107,864086,中性盘
13:17:39,80.76,0.0,311,2512262,卖盘
13:17:42,80.77,0.01,69,557286,中性盘
13:17:45,80.77,0.0,137,1106465,卖盘
13:17:48,80.76,-0.01,553,4465769,卖盘
13:17:50,80.76,0.0,192,1550586,买盘
13:17:54,80.76,0.0,1022,8253138,买盘
13:17:57,80.76,0.0,91,734904,买盘
13:18:00,80.76,0.0,186,1502115,买盘
13:18:03,80.76,0.0,221,1784990,卖盘
13:18:06,80.77,0.01,52,420007,中性盘
13:18:09,80.77,0.0,10,80771,卖盘
13:18:11,80.77,0.0,167,1348866,卖盘
13:18:14,80.77,0.0,39,315022,卖盘
13:18:18,80.78,0.01,51,411959,买盘
13:18:21,80.77,-0.01,35,282716,卖盘
13:18:24,80.77,0.0,157,1268109,卖盘
13:18:26,80.78,0.01,79,638150,买盘
13:18:30,80.8,0.02,538,4346765,买盘
13:18:32,80.8,0.0,116,937280,卖盘
13:18:36,80.8,0.0,41,331280,卖盘
13:18:38,80.8,0.0,36,290901,卖盘
13:18:42,80.8,0.0,108,872660,卖盘
13:18:45,80.8,0.0,148,1195966,卖盘
13:18:48,80.81,0.01,83,670692,买盘
13:18:51,80.81,0.0,742,5993162,买盘
13:18:54,80.79,-0.02,97,783830,卖盘
13:18:57,80.78,-0.01,69,557437,卖盘
13:19:00,80.79,0.01,37,298913,买盘
13:19:02,80.77,-0.02,350,2827575,卖盘
13:19:06,80.78,0.01,474,3828111,卖盘
13:19:09,80.78,0.0,39,315032,买盘
13:19:12,80.8,0.02,73,589819,买盘
13:19:14,80.79,-0.01,6,48475,卖盘
13:19:18,80.79,0.0,59,476673,卖盘
13:19:20,80.79,0.0,91,735184,买盘
13:19:23,80.79,0.0,203,1639904,买盘
13:19:26,80.79,0.0,33,266585,买盘
13:19:29,80.78,-0.01,32,258492,中性盘
13:19:33,80.77,-0.01,76,613925,卖盘
13:19:35,80.77,0.0,28,226195,卖盘
13:19:39,80.78,0.01,24,193872,买盘
13:19:41,80.77,-0.01,28,226181,卖盘
13:19:45,80.77,0.0,225,1817599,卖盘
13:19:48,80.77,0.0,841,6791853,卖盘
13:19:51,80.8,0.03,75,605844,买盘
13:19:54,80.77,-0.03,404,3263550,卖盘
13:19:57,80.77,0.0,496,4005353,买盘
13:20:00,80.77,0.0,105,848060,买盘
13:20:03,80.77,0.0,389,3141914,买盘
13:20:06,80.76,-0.01,238,1925447,卖盘
13:20:09,80.77,0.01,70,565378,买盘
13:20:11,80.76,-0.01,101,815705,卖盘
13:20:15,80.77,0.01,116,936894,买盘
13:20:18,80.77,0.0,104,839958,买盘
13:20:21,80.76,-0.01,95,767282,卖盘
13:20:24,80.78,0.02,560,4522646,买盘
13:20:27,80.78,0.0,99,799691,买盘
13:20:30,80.78,0.0,60,484688,卖盘
13:20:33,80.77,-0.01,39,315036,卖盘
13:20:36,80.77,0.0,105,848283,卖盘
13:20:39,80.78,0.01,45,363507,买盘
13:20:43,80.76,-0.02,157,1268096,卖盘
13:20:45,80.77,0.01,102,823843,买盘
13:20:48,80.77,0.0,95,767309,买盘
13:20:51,80.77,0.0,135,1084586,买盘
13:20:54,80.77,0.0,86,694646,卖盘
13:20:57,80.77,0.0,65,525009,卖盘
13:21:00,80.78,0.01,32,258478,买盘
13:21:03,80.77,-0.01,124,1001564,卖盘
13:21:06,80.77,0.0,20,161543,卖盘
13:21:08,80.77,0.0,125,1009685,卖盘
13:21:12,80.77,0.0,157,1268126,卖盘
13:21:15,80.77,0.0,150,1211677,卖盘
13:21:18,80.78,0.01,59,476573,买盘
13:21:21,80.78,0.0,266,2148676,买盘
13:21:24,80.78,0.0,60,484663,买盘
13:21:27,80.78,0.0,66,533148,卖盘
13:21:30,80.78,0.0,26,210028,卖盘
13:21:32,80.78,0.0,116,937074,卖盘
13:21:36,80.78,0.0,33,266589,卖盘
13:21:38,80.79,0.01,48,387773,买盘
13:21:42,80.79,0.0,58,468561,买盘
13:21:45,80.79,0.0,91,735144,买盘
13:21:47,80.78,-0.01,151,1219832,卖盘
13:21:50,80.79,0.01,150,1211791,买盘
13:21:54,80.78,-0.01,89,718966,卖盘
13:21:56,80.79,0.01,136,1098667,买盘
13:22:00,80.79,0.0,108,872490,买盘
13:22:03,80.79,0.0,114,928112,买盘
13:22:05,80.77,-0.02,101,808683,卖盘
13:22:09,80.79,0.02,322,2608537,买盘
13:22:11,80.79,0.0,45,363555,卖盘
13:22:15,80.79,0.0,62,500898,卖盘
13:22:18,80.79,0.0,89,719057,卖盘
13:22:21,80.79,0.0,223,1801672,卖盘
13:22:24,80.8,0.01,93,751381,买盘
13:22:27,80.8,0.0,308,2488402,买盘
13:22:30,80.8,0.0,34,274720,卖盘
13:22:33,80.81,0.01,131,1058483,买盘
13:22:35,80.81,0.0,95,767645,买盘
13:22:39,80.81,0.0,207,1672745,买盘
13:22:42,80.8,-0.01,154,1244435,卖盘
13:22:44,80.81,0.01,104,840346,买盘
13:22:48,80.8,-0.01,175,1406857,卖盘
13:22:51,80.8,0.0,319,2584896,卖盘
13:22:54,80.8,0.0,66,533342,卖盘
13:22:57,80.8,0.0,446,3603883,卖盘
13:23:00,80.82,0.02,134,1082787,买盘
13:23:03,80.81,-0.01,102,824296,中性盘
13:23:06,80.81,0.0,45,363650,卖盘
13:23:09,80.81,0.0,56,452643,卖盘
13:23:11,80.81,0.0,151,1220268,卖盘
13:23:14,80.81,0.0,148,1195904,卖盘
13:23:17,80.81,0.0,35,282826,买盘
13:23:21,80.81,0.0,183,1478809,买盘
13:23:23,80.81,0.0,77,622196,买盘
13:23:27,80.81,0.0,401,3240150,买盘
13:23:29,80.81,0.0,87,703007,买盘
13:23:33,80.8,-0.01,81,654505,卖盘
13:23:36,80.81,0.01,45,363624,买盘
13:23:39,80.81,0.0,207,1672823,买盘
13:23:42,80.82,0.01,359,2900991,买盘
13:23:45,80.81,-0.01,70,565700,卖盘
13:23:47,80.81,0.0,273,2206572,卖盘
13:23:51,80.8,-0.01,119,961652,卖盘
13:23:53,80.82,0.02,71,573782,买盘
13:23:56,80.82,0.0,60,484892,买盘
13:23:59,80.82,0.0,46,371762,买盘
13:24:03,80.82,0.0,170,1373965,买盘
13:24:05,80.8,-0.02,262,2117093,卖盘
13:24:09,80.81,0.01,191,1543945,中性盘
13:24:12,80.81,0.0,118,953503,买盘
13:24:15,80.8,-0.01,115,929324,卖盘
13:24:18,80.8,0.0,261,2101597,卖盘
13:24:21,80.8,0.0,970,7836750,买盘
13:24:24,80.8,0.0,127,1026153,买盘
13:24:27,80.8,0.0,94,759481,买盘
13:24:30,80.81,0.01,89,726440,买盘
13:24:33,80.8,-0.01,125,1010070,卖盘
13:24:36,80.81,0.01,179,1446326,买盘
13:24:39,80.8,-0.01,78,630244,卖盘
13:24:42,80.81,0.01,70,565658,买盘
13:24:44,80.81,0.0,56,452528,买盘
13:24:47,80.81,0.0,92,743394,买盘
13:24:50,80.81,0.0,32,258593,卖盘
13:24:54,80.81,0.0,141,1139452,卖盘
13:24:56,80.82,0.01,38,307090,买盘
13:25:00,80.82,0.0,107,864773,买盘
13:25:02,80.82,0.0,57,460649,卖盘
13:25:06,80.82,0.0,23,185888,卖盘
13:25:09,80.82,0.0,27,218215,卖盘
13:25:11,80.82,0.0,22,177806,卖盘
13:25:15,80.82,0.0,411,3321350,卖盘
13:25:17,80.82,0.0,40,323285,买盘
13:25:21,80.81,-0.01,9,72737,中性盘
13:25:23,80.81,0.0,92,743439,卖盘
13:25:27,80.81,0.0,222,1793949,卖盘
13:25:30,80.81,0.0,125,1010146,买盘
13:25:33,80.81,0.0,69,557607,买盘
13:25:35,80.81,0.0,227,1833615,卖盘
13:25:38,80.81,0.0,106,856585,买盘
13:25:42,80.81,0.0,165,1333497,卖盘
13:25:45,80.81,0.0,45,363646,卖盘
13:25:48,80.81,0.0,107,864680,卖盘
13:25:50,80.82,0.01,44,355590,买盘
13:25:54,80.81,-0.01,108,872787,卖盘
13:25:58,80.83,0.02,44,349358,买盘
13:26:00,80.82,-0.01,56,452564,中性盘
13:26:03,80.82,0.0,44,355611,卖盘
13:26:06,80.82,0.0,85,686971,卖盘
13:26:09,80.83,0.01,49,396040,买盘
13:26:12,80.83,0.0,30,242470,买盘
13:26:14,80.83,0.0,46,371797,买盘
13:26:17,80.82,-0.01,38,307113,卖盘
13:26:21,80.82,0.0,30,242460,买盘
13:26:23,80.82,0.0,71,573776,买盘
13:26:27,80.82,0.0,59,476824,买盘
13:26:30,80.81,-0.01,210,1697096,卖盘
13:26:33,80.82,0.01,109,880930,买盘
13:26:35,80.81,-0.01,166,1341470,卖盘
13:26:39,80.82,0.01,66,533388,卖盘
13:26:42,80.83,0.01,155,1252714,买盘
13:26:45,80.81,-0.02,39,315214,卖盘
13:26:48,80.82,0.01,30,242445,买盘
13:26:51,80.82,0.0,99,800068,买盘
13:26:53,80.82,0.0,116,943638,买盘
13:26:57,80.82,0.0,94,753477,买盘
13:26:59,80.82,0.0,76,614293,卖盘
13:27:03,80.82,0.0,64,517251,卖盘
13:27:06,80.81,-0.01,229,1850867,卖盘
13:27:09,80.81,0.0,14,113145,卖盘
13:27:13,80.82,0.01,110,888953,买盘
13:27:15,80.82,0.0,180,1454777,买盘
13:27:18,80.83,0.01,109,880866,中性盘
13:27:22,80.82,-0.01,20,161639,卖盘
13:27:23,80.82,0.0,22,177798,买盘
13:27:28,80.82,0.0,112,905114,买盘
13:27:30,80.82,0.0,14,113146,买盘
13:27:33,80.81,-0.01,110,888941,卖盘
13:27:36,80.83,0.02,173,1398155,买盘
13:27:39,80.82,-0.01,18,145476,卖盘
13:27:43,80.82,0.0,83,670808,卖盘
13:27:44,80.82,0.0,151,1220470,卖盘
