time,price,change,volume,amount,type
09:25:02,82.0,0.3,4260,34932000,卖盘
09:30:01,81.99,-0.01,1155,9468751,卖盘
09:30:04,81.99,0.0,1864,15284892,中性盘
09:30:07,81.99,0.0,1413,11584246,买盘
09:30:08,82.05,0.06,450,3696473,买盘
09:30:12,82.0,-0.05,112,918832,卖盘
09:30:16,82.0,0.0,330,2704063,卖盘
09:30:17,82.0,0.0,84,688152,卖盘
09:30:22,82.05,0.05,290,2372768,买盘
09:30:23,82.03,-0.02,142,1164728,中性盘
09:30:28,82.05,0.02,300,2460885,买盘
09:30:31,82.05,0.0,175,1435875,卖盘
09:30:34,82.08,0.03,273,2240116,买盘
09:30:37,82.08,0.0,79,648435,卖盘
09:30:40,82.02,-0.06,236,1936474,卖盘
09:30:43,82.08,0.06,150,1230867,买盘
09:30:46,82.11,0.03,465,3817636,买盘
09:30:49,82.12,0.01,129,1059229,买盘
09:30:52,82.11,-0.01,134,1100287,卖盘
09:30:55,82.11,0.0,580,4762315,卖盘
09:30:58,82.13,0.02,219,1798234,买盘
09:31:01,82.12,-0.01,41,336659,中性盘
09:31:03,82.11,-0.01,85,697881,卖盘
09:31:07,82.09,-0.02,263,2159464,买盘
09:31:08,82.1,0.01,224,1839275,买盘
09:31:13,82.09,-0.01,118,968582,买盘
09:31:16,82.09,0.0,201,1649998,买盘
09:31:19,82.08,-0.01,156,1280510,卖盘
09:31:20,82.05,-0.03,196,1608516,卖盘
09:31:25,82.02,-0.03,303,2484892,卖盘
09:31:27,81.98,-0.04,471,3865636,卖盘
09:31:29,81.93,-0.05,126,1032804,卖盘
09:31:34,81.91,-0.02,58,475128,卖盘
09:31:37,81.88,-0.03,92,753407,卖盘
09:31:40,81.86,-0.02,101,827100,卖盘
09:31:43,81.82,-0.04,161,1317548,卖盘
09:31:46,81.9,0.08,194,1587832,买盘
09:31:47,81.86,-0.04,265,2167829,中性盘
09:31:50,81.78,-0.08,123,1006138,卖盘
09:31:55,81.81,0.03,200,1636178,买盘
09:31:58,81.85,0.04,257,2102639,买盘
09:32:01,81.82,-0.03,97,793858,卖盘
09:32:04,81.81,-0.01,283,2315187,卖盘
09:32:07,81.81,0.0,60,490869,卖盘
09:32:08,81.8,-0.01,326,2666733,卖盘
09:32:12,81.81,0.01,133,1088004,买盘
09:32:16,81.81,0.0,273,2233269,卖盘
09:32:19,81.84,0.03,165,1350094,买盘
09:32:22,81.81,-0.03,249,2037610,卖盘
09:32:25,81.85,0.04,59,482819,买盘
09:32:28,81.84,-0.01,113,924810,中性盘
09:32:31,81.82,-0.02,341,2790213,卖盘
09:32:34,81.84,0.02,100,818307,买盘
09:32:37,81.83,-0.01,171,1399355,卖盘
09:32:40,81.86,0.03,251,2054202,买盘
09:32:43,81.83,-0.03,129,1057202,卖盘
09:32:46,81.82,-0.01,399,3263601,卖盘
09:32:49,81.83,0.01,396,3240107,买盘
09:32:50,81.82,-0.01,131,1071834,中性盘
09:32:55,81.82,0.0,85,695597,卖盘
09:32:58,81.83,0.01,129,1055678,卖盘
09:33:01,81.84,0.01,39,319156,卖盘
09:33:04,81.82,-0.02,298,2438604,卖盘
09:33:07,81.85,0.03,71,581069,买盘
09:33:10,81.83,-0.02,89,728405,卖盘
09:33:13,81.85,0.02,168,1374968,买盘
09:33:16,81.84,-0.01,229,1874354,卖盘
09:33:19,81.84,0.0,311,2544781,卖盘
09:33:22,81.86,0.02,170,1391441,买盘
09:33:25,81.85,-0.01,216,1767698,卖盘
09:33:28,81.85,0.0,253,2071037,买盘
09:33:29,81.83,-0.02,179,1464891,卖盘
09:33:34,81.78,-0.05,1145,9366202,卖盘
09:33:37,81.74,-0.04,284,2322208,卖盘
09:33:40,81.71,-0.03,500,4082404,卖盘
09:33:43,81.7,-0.01,1190,9726457,卖盘
09:33:44,81.66,-0.04,149,1216976,卖盘
09:33:49,81.65,-0.01,117,955423,卖盘
09:33:52,81.65,0.0,157,1281466,买盘
09:33:55,81.61,-0.04,114,930473,卖盘
09:33:57,81.62,0.01,211,1721875,买盘
09:34:01,81.61,-0.01,170,1387360,卖盘
09:34:03,81.6,-0.01,211,1721788,卖盘
09:34:05,81.57,-0.03,59,481327,卖盘
09:34:10,81.6,0.03,274,2235312,买盘
09:34:13,81.57,-0.03,98,799487,卖盘
09:34:16,81.57,0.0,133,1084946,卖盘
09:34:19,81.6,0.03,177,1443917,买盘
09:34:20,81.61,0.01,159,1297527,买盘
09:34:25,81.6,-0.01,394,3215001,卖盘
09:34:28,81.58,-0.02,228,1860468,卖盘
09:34:31,81.62,0.04,137,1117932,买盘
09:34:34,81.61,-0.01,312,2545880,卖盘
09:34:37,81.6,-0.01,160,1305763,卖盘
09:34:40,81.62,0.02,870,7095554,买盘
09:34:43,81.62,0.0,241,1966342,中性盘
09:34:46,81.66,0.04,312,2546557,买盘
09:34:49,81.65,-0.01,228,1861778,卖盘
09:34:52,81.6,-0.05,333,2718705,卖盘
09:34:55,81.61,0.01,149,1216077,中性盘
09:34:58,81.6,-0.01,81,661023,卖盘
09:35:01,81.59,-0.01,339,2766340,卖盘
09:35:04,81.6,0.01,155,1264883,卖盘
09:35:07,81.6,0.0,450,3671483,买盘
09:35:10,81.59,-0.01,186,1517652,卖盘
09:35:13,81.6,0.01,194,1582780,买盘
09:35:16,81.6,0.0,74,603708,中性盘
09:35:18,81.61,0.01,98,799439,买盘
09:35:22,81.56,-0.05,175,1427931,卖盘
09:35:25,81.6,0.04,148,1207498,买盘
09:35:28,81.59,-0.01,101,824146,卖盘
09:35:31,81.61,0.02,88,718063,买盘
09:35:34,81.62,0.01,33,268661,买盘
09:35:37,81.63,0.01,123,1003839,买盘
09:35:38,81.63,0.0,22,179586,买盘
09:35:42,81.64,0.01,123,1003958,买盘
09:35:46,81.65,0.01,112,914298,买盘
09:35:49,81.67,0.02,87,710320,买盘
09:35:52,81.62,-0.05,152,1240760,卖盘
09:35:53,81.62,0.0,133,1086069,买盘
09:35:58,81.67,0.05,110,897461,买盘
09:36:01,81.63,-0.04,108,881760,卖盘
09:36:03,81.64,0.01,80,652992,买盘
09:36:07,81.63,-0.01,124,1012174,中性盘
09:36:09,81.62,-0.01,163,1330679,卖盘
09:36:13,81.62,0.0,209,1706558,卖盘
09:36:16,81.62,0.0,101,824370,买盘
09:36:19,81.64,0.02,252,2056970,中性盘
09:36:22,81.62,-0.02,81,661156,卖盘
09:36:25,81.62,0.0,195,1592000,卖盘
09:36:28,81.63,0.01,537,4382662,中性盘
09:36:29,81.62,-0.01,331,2701102,中性盘
09:36:34,81.58,-0.04,250,2039561,卖盘
09:36:36,81.57,-0.01,251,2047218,中性盘
09:36:39,81.58,0.01,131,1068399,买盘
09:36:42,81.53,-0.05,260,2120411,卖盘
09:36:46,81.56,0.03,53,432153,买盘
09:36:47,81.56,0.0,411,3350536,买盘
09:36:50,81.56,0.0,290,2363936,买盘
09:36:53,81.52,-0.04,259,2111456,卖盘
09:36:57,81.52,0.0,132,1076079,买盘
09:37:01,81.57,0.05,174,1418941,买盘
09:37:03,81.58,0.01,256,2088140,买盘
09:37:07,81.59,0.01,72,587394,买盘
09:37:10,81.6,0.01,69,562961,买盘
09:37:12,81.6,0.0,157,1280533,买盘
09:37:16,81.62,0.02,50,408080,买盘
09:37:19,81.59,-0.03,168,1371230,卖盘
09:37:20,81.61,0.02,114,930230,买盘
09:37:23,81.68,0.07,79,644949,买盘
09:37:28,81.63,-0.05,130,1061365,卖盘
09:37:31,81.63,0.0,155,1261894,卖盘
09:37:34,81.67,0.04,69,563232,买盘
09:37:35,81.68,0.01,115,939235,买盘
09:37:40,81.66,-0.02,93,759680,卖盘
09:37:43,81.7,0.04,39,318583,买盘
09:37:46,81.68,-0.02,192,1568515,卖盘
09:37:49,81.71,0.03,87,710697,买盘
09:37:52,81.72,0.01,313,2557281,买盘
09:37:53,81.71,-0.01,237,1936609,卖盘
09:37:58,81.76,0.05,55,449526,买盘
09:37:59,81.73,-0.03,73,596755,卖盘
09:38:03,81.73,0.0,183,1495919,卖盘
09:38:07,81.76,0.03,184,1504402,中性盘
09:38:10,81.72,-0.04,132,1079149,卖盘
09:38:13,81.73,0.01,81,662227,卖盘
09:38:16,81.79,0.06,79,645753,买盘
09:38:17,81.73,-0.06,65,531405,卖盘
09:38:22,81.8,0.07,154,1259415,买盘
09:38:23,81.77,-0.03,419,3425037,卖盘
09:38:28,81.76,-0.01,145,1185451,卖盘
09:38:31,81.76,0.0,74,605018,买盘
09:38:34,81.75,-0.01,134,1095414,卖盘
09:38:35,81.77,0.02,124,1013762,买盘
09:38:39,81.79,0.02,164,1341110,买盘
09:38:43,81.78,-0.01,116,948660,卖盘
09:38:46,81.8,0.02,172,1409858,买盘
09:38:49,81.79,-0.01,165,1349418,中性盘
09:38:52,81.8,0.01,133,1087544,买盘
09:38:55,81.81,0.01,88,719881,买盘
09:38:58,81.75,-0.06,249,2033137,卖盘
09:38:59,81.75,0.0,77,629409,买盘
09:39:03,81.78,0.03,200,1635069,买盘
09:39:05,81.75,-0.03,71,580470,卖盘
09:39:10,81.78,0.03,46,376112,买盘
09:39:12,81.76,-0.02,195,1594548,卖盘
09:39:16,81.77,0.01,109,891250,买盘
09:39:19,81.77,0.0,437,3573647,中性盘
09:39:22,81.77,0.0,129,1058030,买盘
09:39:25,81.77,0.0,130,1062959,卖盘
09:39:28,81.8,0.03,215,1758530,买盘
09:39:31,81.8,0.0,73,597038,卖盘
09:39:33,81.8,0.0,52,425298,买盘
09:39:37,81.77,-0.03,179,1464151,卖盘
09:39:40,81.77,0.0,69,564415,卖盘
09:39:42,81.8,0.03,312,2552633,中性盘
09:39:46,81.8,0.0,143,1169696,买盘
09:39:49,81.81,0.01,98,801583,买盘
09:39:50,81.83,0.02,113,924522,买盘
09:39:55,81.82,-0.01,81,662842,卖盘
09:39:58,81.85,0.03,191,1562782,买盘
09:40:01,81.82,-0.03,94,769346,卖盘
09:40:04,81.84,0.02,59,482738,买盘
09:40:07,81.85,0.01,166,1358406,买盘
09:40:10,81.85,0.0,219,1792221,买盘
09:40:13,81.87,0.02,75,613935,买盘
09:40:16,81.88,0.01,270,2210711,买盘
09:40:17,81.9,0.02,101,827139,买盘
09:40:22,81.92,0.02,113,925462,买盘
09:40:25,81.9,-0.02,212,1736575,卖盘
09:40:28,81.91,0.01,97,794422,买盘
09:40:31,81.95,0.04,164,1343558,买盘
09:40:33,81.96,0.01,92,753609,买盘
09:40:37,81.92,-0.04,43,352286,卖盘
09:40:39,81.92,0.0,135,1106049,买盘
09:40:43,81.95,0.03,30,245874,卖盘
09:40:46,81.96,0.01,276,2261405,买盘
09:40:49,81.95,-0.01,77,631069,买盘
09:40:50,81.95,0.0,171,1401419,买盘
09:40:53,81.97,0.02,172,1409680,买盘
09:40:57,81.93,-0.04,118,966940,卖盘
09:41:01,81.94,0.01,182,1491554,买盘
09:41:04,81.94,0.0,256,2097321,买盘
09:41:05,81.93,-0.01,211,1728748,中性盘
09:41:09,81.92,-0.01,214,1752840,卖盘
09:41:12,81.89,-0.03,299,2449139,卖盘
09:41:16,81.94,0.05,303,2481207,买盘
09:41:18,81.9,-0.04,179,1466019,中性盘
09:41:20,81.86,-0.04,356,2915157,卖盘
09:41:25,81.89,0.03,66,540494,中性盘
09:41:28,81.89,0.0,147,1203468,买盘
09:41:29,81.84,-0.05,218,1784676,卖盘
09:41:34,81.88,0.04,419,3429267,买盘
09:41:37,81.82,-0.06,133,1088398,卖盘
09:41:40,81.88,0.06,92,752753,买盘
09:41:43,81.84,-0.04,135,1104806,中性盘
09:41:46,81.84,0.0,45,368146,中性盘
09:41:49,81.82,-0.02,224,1832632,卖盘
09:41:50,81.8,-0.02,49,400794,中性盘
09:41:55,81.8,0.0,169,1382291,卖盘
09:41:58,81.83,0.03,51,417279,买盘
09:42:01,81.81,-0.02,315,2575999,卖盘
09:42:04,81.8,-0.01,182,1488906,卖盘
09:42:07,81.79,-0.01,81,662531,中性盘
09:42:10,81.79,0.0,39,318978,买盘
09:42:12,81.78,-0.01,31,253543,卖盘
09:42:14,81.78,0.0,179,1463467,卖盘
09:42:18,81.78,0.0,48,392530,买盘
09:42:22,81.77,-0.01,27,220774,中性盘
09:42:25,81.79,0.02,137,1114525,买盘
09:42:28,81.76,-0.03,362,2965739,卖盘
09:42:31,81.76,0.0,114,925925,卖盘
09:42:33,81.76,0.0,114,932035,卖盘
09:42:37,81.76,0.0,163,1332715,买盘
09:42:40,81.78,0.02,58,474126,买盘
09:42:43,81.76,-0.02,160,1308238,卖盘
09:42:46,81.77,0.01,121,989498,中性盘
09:42:49,81.78,0.01,193,1578133,买盘
09:42:52,81.76,-0.02,55,449613,中性盘
09:42:55,81.78,0.02,84,686796,买盘
09:42:58,81.78,0.0,294,2402710,买盘
09:43:01,81.77,-0.01,72,588756,卖盘
09:43:04,81.77,0.0,1762,14409539,卖盘
09:43:07,81.82,0.05,383,3137957,买盘
09:43:10,81.77,-0.05,519,4246150,卖盘
09:43:13,81.83,0.06,89,728224,买盘
09:43:14,81.76,-0.07,175,1431024,卖盘
09:43:19,81.83,0.07,43,351721,买盘
09:43:22,81.78,-0.05,118,965023,卖盘
09:43:23,81.83,0.05,160,1308487,中性盘
09:43:28,81.83,0.0,95,777428,卖盘
09:43:31,81.85,0.02,77,629978,买盘
09:43:34,81.85,0.0,138,1129215,买盘
09:43:37,81.84,-0.01,56,458288,中性盘
09:43:40,81.84,0.0,72,589325,卖盘
09:43:43,81.79,-0.05,97,793709,卖盘
09:43:46,81.84,0.05,36,294563,中性盘
09:43:49,81.86,0.02,44,360113,中性盘
09:43:52,81.85,-0.01,89,728508,中性盘
09:43:55,81.84,-0.01,39,319201,卖盘
09:43:58,81.89,0.05,57,466633,买盘
09:44:01,81.85,-0.04,78,638520,卖盘
09:44:04,81.84,-0.01,64,523899,卖盘
09:44:07,81.89,0.05,170,1391528,买盘
09:44:09,81.89,0.0,46,376630,买盘
09:44:13,81.89,0.0,273,2235484,买盘
09:44:16,81.89,0.0,192,1572345,中性盘
09:44:19,81.9,0.01,275,2251719,买盘
09:44:22,81.92,0.02,48,393134,买盘
09:44:25,81.88,-0.04,276,2260434,卖盘
09:44:28,81.89,0.01,29,237461,买盘
09:44:31,81.9,0.01,95,777688,买盘
09:44:34,81.89,-0.01,115,941806,卖盘
09:44:37,81.9,0.01,122,999179,中性盘
09:44:40,81.89,-0.01,70,573284,卖盘
09:44:43,81.91,0.02,87,712555,买盘
09:44:46,81.91,0.0,82,671600,买盘
09:44:49,81.91,0.0,85,696213,买盘
09:44:50,81.92,0.01,356,2915639,买盘
09:44:55,81.88,-0.04,291,2382682,卖盘
09:44:58,81.87,-0.01,100,818729,卖盘
09:45:00,81.88,0.01,226,1850742,买盘
09:45:04,81.87,-0.01,171,1400046,卖盘
09:45:07,81.88,0.01,139,1138050,买盘
09:45:09,81.86,-0.02,175,1432736,卖盘
09:45:13,81.87,0.01,133,1088570,买盘
09:45:14,81.82,-0.05,86,703904,卖盘
09:45:19,81.88,0.06,167,1367139,买盘
09:45:22,81.87,-0.01,120,982196,卖盘
09:45:25,81.87,0.0,52,425684,卖盘
09:45:28,81.86,-0.01,133,1088856,卖盘
09:45:30,81.83,-0.03,107,875803,卖盘
09:45:34,81.86,0.03,123,1006867,买盘
09:45:37,81.83,-0.03,150,1227941,卖盘
09:45:39,81.83,0.0,69,564575,买盘
09:45:43,81.81,-0.02,342,2797907,卖盘
09:45:46,81.82,0.01,119,973647,买盘
09:45:49,81.8,-0.02,344,2814551,卖盘
09:45:50,81.8,0.0,228,1865011,买盘
09:45:54,81.78,-0.02,156,1275881,卖盘
09:45:57,81.8,0.02,73,597132,买盘
09:46:00,81.8,0.0,273,2232847,买盘
09:46:03,81.82,0.02,152,1238226,买盘
09:46:07,81.82,0.0,218,1783706,卖盘
09:46:10,81.85,0.03,21,171834,买盘
09:46:13,81.82,-0.03,267,2184809,卖盘
09:46:15,81.82,0.0,189,1546657,卖盘
09:46:17,81.8,-0.02,246,2012655,卖盘
09:46:22,81.85,0.05,94,769159,买盘
09:46:25,81.83,-0.02,157,1285104,中性盘
09:46:28,81.85,0.02,86,703651,中性盘
09:46:30,81.83,-0.02,75,613881,卖盘
09:46:34,81.86,0.03,148,1211508,买盘
09:46:37,81.84,-0.02,50,409246,卖盘
09:46:40,81.87,0.03,88,720291,买盘
09:46:43,81.86,-0.01,64,523881,中性盘
09:46:46,81.85,-0.01,48,392896,卖盘
09:46:49,81.85,0.0,155,1268925,卖盘
09:46:51,81.86,0.01,104,851264,买盘
09:46:55,81.85,-0.01,125,1023163,卖盘
09:46:58,81.88,0.03,254,2078604,买盘
09:47:01,81.86,-0.02,52,425698,卖盘
09:47:04,81.89,0.03,167,1367339,买盘
09:47:07,81.9,0.01,316,2588181,买盘
09:47:09,81.9,0.0,251,2056164,卖盘
09:47:13,81.94,0.04,233,1909210,买盘
09:47:16,81.93,-0.01,144,1179910,卖盘
09:47:17,81.96,0.03,174,1425592,买盘
09:47:22,81.95,-0.01,90,737644,卖盘
09:47:25,81.97,0.02,97,794724,买盘
09:47:27,81.96,-0.01,244,1999991,中性盘
09:47:30,81.97,0.01,222,1819856,买盘
09:47:33,81.97,0.0,348,2852838,卖盘
09:47:37,81.97,0.0,131,1074021,卖盘
09:47:40,81.98,0.01,585,4796095,中性盘
09:47:43,81.97,-0.01,40,327866,卖盘
09:47:46,81.97,0.0,209,1713531,买盘
09:47:49,81.99,0.02,177,1451328,卖盘
09:47:52,82.0,0.01,283,2320388,买盘
09:47:54,82.0,0.0,237,1943284,买盘
09:47:58,82.0,0.0,522,4280006,买盘
09:48:01,81.99,-0.01,302,2476039,卖盘
09:48:03,82.0,0.01,566,4640289,买盘
09:48:07,82.0,0.0,200,1639975,买盘
09:48:10,82.0,0.0,406,3329313,买盘
09:48:13,82.02,0.02,42,344417,买盘
09:48:15,82.01,-0.01,431,3534403,中性盘
09:48:19,82.0,-0.01,105,861042,卖盘
09:48:22,82.01,0.01,113,926657,买盘
09:48:24,82.01,0.0,26,213234,中性盘
09:48:27,82.01,0.0,188,1542265,买盘
09:48:30,82.02,0.01,213,1746778,买盘
09:48:34,82.01,-0.01,56,459219,卖盘
09:48:36,82.02,0.01,87,713457,买盘
09:48:40,82.01,-0.01,72,590493,卖盘
09:48:43,82.01,0.0,170,1394197,卖盘
09:48:46,82.01,0.0,153,1254839,卖盘
09:48:49,82.01,0.0,316,2591424,买盘
09:48:51,82.01,0.0,280,2296262,买盘
09:48:55,82.0,-0.01,117,959452,卖盘
09:48:58,82.01,0.01,107,877504,买盘
09:49:01,82.0,-0.01,129,1057270,卖盘
09:49:04,82.01,0.01,176,1443073,买盘
09:49:07,82.0,-0.01,172,1410372,买盘
09:49:10,81.99,-0.01,61,500196,卖盘
09:49:13,81.98,-0.01,279,2287432,卖盘
09:49:16,82.0,0.02,381,3123955,买盘
09:49:19,81.99,-0.01,48,393593,卖盘
09:49:22,82.0,0.01,194,1590894,买盘
09:49:24,81.99,-0.01,69,565782,卖盘
09:49:28,81.99,0.0,134,1098737,买盘
09:49:30,82.0,0.01,338,2771338,买盘
09:49:34,81.99,-0.01,34,278765,中性盘
09:49:37,81.99,0.0,117,959188,卖盘
09:49:40,81.99,0.0,106,869164,买盘
09:49:43,81.99,0.0,17,139362,买盘
09:49:46,81.97,-0.02,209,1713363,卖盘
09:49:49,81.98,0.01,69,565653,买盘
09:49:51,81.97,-0.01,46,377043,中性盘
09:49:55,81.96,-0.01,131,1073892,卖盘
09:49:58,81.98,0.02,459,3762256,买盘
09:50:01,81.96,-0.02,26,213128,卖盘
09:50:04,81.95,-0.01,79,647424,卖盘
09:50:07,81.93,-0.02,134,1097990,卖盘
09:50:10,81.93,0.0,103,844054,卖盘
09:50:13,81.89,-0.04,99,810826,卖盘
09:50:15,81.87,-0.02,126,1031489,卖盘
09:50:19,81.86,-0.01,59,483003,卖盘
09:50:20,81.86,0.0,303,2480486,买盘
09:50:24,81.86,0.0,39,319281,卖盘
09:50:28,81.88,0.02,21,171927,中性盘
09:50:31,81.88,0.0,125,1023286,买盘
09:50:33,81.87,-0.01,127,1039751,中性盘
09:50:37,81.87,0.0,74,605877,卖盘
09:50:40,81.88,0.01,50,409412,中性盘
09:50:43,81.9,0.02,23,188345,买盘
09:50:46,81.87,-0.03,98,802427,卖盘
09:50:49,81.9,0.03,60,491273,买盘
09:50:51,81.88,-0.02,75,614100,卖盘
09:50:54,81.88,0.0,40,327516,卖盘
09:50:57,81.88,0.0,45,368479,买盘
09:51:01,81.87,-0.01,161,1318168,卖盘
09:51:03,81.9,0.03,196,1605157,买盘
09:51:07,81.88,-0.02,51,417683,卖盘
09:51:10,81.91,0.03,36,294838,买盘
09:51:13,81.88,-0.03,143,1171045,卖盘
09:51:16,81.87,-0.01,31,253841,卖盘
09:51:19,81.89,0.02,48,393042,买盘
09:51:22,81.87,-0.02,230,1883199,卖盘
09:51:25,81.91,0.04,44,360349,买盘
09:51:28,81.9,-0.01,69,564995,卖盘
09:51:30,81.9,0.0,130,1064668,买盘
09:51:34,81.9,0.0,37,303024,买盘
09:51:37,81.9,0.0,246,2014739,买盘
09:51:40,81.91,0.01,207,1695418,买盘
09:51:43,81.91,0.0,251,2056343,卖盘
09:51:45,81.93,0.02,22,180226,买盘
09:51:49,81.92,-0.01,63,516056,中性盘
09:51:50,81.92,0.0,55,450608,卖盘
09:51:55,81.93,0.01,66,540662,买盘
09:51:58,81.92,-0.01,93,761853,中性盘
09:52:00,81.93,0.01,133,1089670,买盘
09:52:04,81.94,0.01,96,786478,买盘
09:52:07,81.93,-0.01,70,573472,卖盘
09:52:09,81.94,0.01,19,155681,买盘
09:52:13,81.94,0.0,32,262208,卖盘
09:52:16,81.94,0.0,29,237650,卖盘
09:52:19,81.94,0.0,173,1417654,卖盘
09:52:21,81.94,0.0,151,1237350,卖盘
09:52:24,81.95,0.01,10,81950,卖盘
09:52:27,81.96,0.01,109,893342,买盘
09:52:30,81.96,0.0,42,344266,卖盘
09:52:34,81.97,0.01,165,1352388,买盘
09:52:37,81.97,0.0,104,852462,买盘
09:52:39,81.97,0.0,45,368865,买盘
09:52:43,81.97,0.0,595,4878165,卖盘
09:52:46,81.99,0.02,29,237722,买盘
09:52:49,81.98,-0.01,646,5297019,卖盘
09:52:52,81.99,0.01,26,213180,中性盘
09:52:54,82.0,0.01,52,426374,买盘
09:52:58,82.01,0.01,78,639633,买盘
09:53:01,82.0,-0.01,49,401812,中性盘
09:53:04,81.99,-0.01,29,237807,卖盘
09:53:07,82.0,0.01,59,483782,买盘
09:53:09,82.0,0.0,57,467340,买盘
09:53:13,81.99,-0.01,26,213186,卖盘
09:53:16,81.99,0.0,27,221371,买盘
09:53:19,81.99,0.0,35,286959,买盘
09:53:22,81.98,-0.01,74,606683,卖盘
09:53:24,81.98,0.0,30,245957,卖盘
09:53:27,81.99,0.01,401,3287956,买盘
09:53:31,82.0,0.01,457,3747466,买盘
09:53:34,81.99,-0.01,141,1156135,卖盘
09:53:37,82.01,0.02,41,336216,买盘
09:53:40,82.0,-0.01,38,311591,买盘
09:53:43,82.0,0.0,82,672351,买盘
09:53:46,82.0,0.0,143,1172570,卖盘
09:53:49,82.01,0.01,78,639604,买盘
09:53:52,82.0,-0.01,79,647824,卖盘
09:53:54,82.0,0.0,37,303417,卖盘
09:53:58,82.0,0.0,66,541210,卖盘
09:54:01,82.01,0.01,215,1763136,买盘
09:54:04,82.02,0.01,243,1996131,买盘
09:54:06,82.01,-0.01,219,1792837,卖盘
09:54:10,82.0,-0.01,384,3148282,卖盘
09:54:12,82.01,0.01,133,1090680,买盘
09:54:16,82.02,0.01,140,1151423,买盘
09:54:19,82.02,0.0,107,877614,卖盘
09:54:20,82.02,0.0,73,599334,卖盘
09:54:25,82.02,0.0,44,360899,卖盘
09:54:28,82.02,0.0,117,959724,卖盘
09:54:31,82.03,0.01,190,1558625,买盘
09:54:33,82.04,0.01,22,180468,买盘
09:54:37,82.03,-0.01,387,3174433,卖盘
09:54:40,82.05,0.02,390,3199625,买盘
09:54:43,82.02,-0.03,24,196854,中性盘
09:54:46,82.0,-0.02,325,2661402,卖盘
09:54:49,82.02,0.02,59,487621,买盘
09:54:50,82.03,0.01,228,1870224,买盘
09:54:55,82.03,0.0,154,1263146,卖盘
09:54:58,82.01,-0.02,168,1378120,卖盘
09:55:01,82.03,0.02,419,3437389,买盘
09:55:04,82.0,-0.03,34,278898,卖盘
09:55:07,82.0,0.0,335,2743246,卖盘
09:55:10,81.97,-0.03,352,2886114,卖盘
09:55:13,81.97,0.0,244,1999784,买盘
09:55:16,81.92,-0.05,322,2638467,卖盘
09:55:19,81.93,0.01,105,860100,买盘
09:55:22,81.97,0.04,330,2703098,买盘
09:55:25,81.99,0.02,123,1008277,买盘
09:55:28,81.91,-0.08,37,303076,卖盘
09:55:31,81.97,0.06,105,860514,买盘
09:55:34,81.9,-0.07,111,909143,卖盘
09:55:36,81.91,0.01,87,712610,买盘
09:55:39,81.92,0.01,29,237531,买盘
09:55:43,81.9,-0.02,32,262118,卖盘
09:55:46,81.91,0.01,54,442341,卖盘
09:55:49,81.91,0.0,45,368616,卖盘
09:55:52,81.91,0.0,130,1064752,卖盘
09:55:55,81.9,-0.01,197,1613602,卖盘
09:55:57,81.9,0.0,37,303046,卖盘
09:56:00,81.9,0.0,116,950044,卖盘
09:56:04,81.9,0.0,80,655114,买盘
09:56:07,81.89,-0.01,80,655071,中性盘
09:56:09,81.88,-0.01,74,606052,卖盘
09:56:13,81.89,0.01,61,499496,卖盘
09:56:16,81.89,0.0,109,892552,买盘
09:56:19,81.89,0.0,52,425816,买盘
09:56:22,81.88,-0.01,143,1170845,卖盘
09:56:24,81.88,0.0,67,548569,买盘
09:56:27,81.88,0.0,120,982487,买盘
09:56:31,81.87,-0.01,178,1457399,卖盘
09:56:33,81.89,0.02,173,1416653,买盘
09:56:37,81.89,0.0,139,1138271,卖盘
09:56:40,81.87,-0.02,578,4731341,卖盘
09:56:43,81.85,-0.02,48,392950,卖盘
09:56:46,81.87,0.02,11,90057,买盘
09:56:49,81.86,-0.01,82,671290,卖盘
09:56:52,81.87,0.01,11,90056,买盘
09:56:55,81.87,0.0,52,425686,买盘
09:56:58,81.87,0.0,82,671320,买盘
09:57:01,81.86,-0.01,366,2996118,卖盘
09:57:03,81.86,0.0,15,122790,买盘
09:57:06,81.85,-0.01,50,409291,卖盘
09:57:10,81.85,0.0,496,4060315,卖盘
09:57:12,81.81,-0.04,230,1881636,卖盘
09:57:16,81.81,0.0,505,4131285,买盘
09:57:19,81.78,-0.03,880,7201781,卖盘
09:57:22,81.76,-0.02,536,4383770,卖盘
09:57:24,81.77,0.01,26,212666,中性盘
09:57:28,81.79,0.02,164,1344112,买盘
09:57:30,81.79,0.0,77,629867,卖盘
09:57:33,81.8,0.01,86,703468,中性盘
09:57:37,81.8,0.0,179,1464414,卖盘
09:57:40,81.82,0.02,71,580824,买盘
09:57:43,81.79,-0.03,145,1186112,卖盘
09:57:46,81.8,0.01,86,703480,买盘
09:57:47,81.8,0.0,27,220854,买盘
09:57:52,81.8,0.0,602,4923782,买盘
09:57:54,81.8,0.0,82,670725,买盘
09:57:58,81.79,-0.01,200,1635898,卖盘
09:58:01,81.79,0.0,59,479634,卖盘
09:58:04,81.79,0.0,29,237174,买盘
09:58:07,81.79,0.0,405,3312603,买盘
09:58:10,81.77,-0.02,56,457955,卖盘
09:58:13,81.78,0.01,37,302585,中性盘
09:58:16,81.77,-0.01,222,1815292,卖盘
09:58:19,81.78,0.01,112,915828,买盘
09:58:22,81.76,-0.02,50,408824,卖盘
09:58:25,81.79,0.03,167,1365835,买盘
09:58:28,81.8,0.01,10,81796,买盘
09:58:30,81.76,-0.04,376,3074584,卖盘
09:58:34,81.79,0.03,38,310708,买盘
09:58:37,81.79,0.0,48,392515,买盘
09:58:40,81.76,-0.03,338,2763514,卖盘
09:58:43,81.79,0.03,37,302640,卖盘
09:58:46,81.8,0.01,329,2693429,买盘
09:58:49,81.8,0.0,135,1104306,卖盘
09:58:52,81.81,0.01,68,556251,买盘
09:58:55,81.8,-0.01,117,954682,卖盘
09:58:58,81.77,-0.03,93,760639,卖盘
09:59:01,81.78,0.01,326,2665503,中性盘
09:59:04,81.78,0.0,35,286211,买盘
09:59:07,81.77,-0.01,374,3059108,卖盘
09:59:10,81.77,0.0,40,327105,卖盘
09:59:13,81.78,0.01,363,2967522,卖盘
09:59:16,81.79,0.01,16,130861,中性盘
09:59:19,81.82,0.03,131,1073951,买盘
09:59:22,81.81,-0.01,15,122716,卖盘
09:59:25,81.81,0.0,24,196344,卖盘
09:59:28,81.82,0.01,95,777228,买盘
09:59:31,81.83,0.01,79,646398,买盘
09:59:34,81.82,-0.01,42,343650,卖盘
09:59:37,81.82,0.0,158,1292756,卖盘
09:59:40,81.84,0.02,47,384563,买盘
09:59:43,81.83,-0.01,45,368236,卖盘
09:59:45,81.83,0.0,10,81830,卖盘
09:59:49,81.83,0.0,28,229135,卖盘
09:59:52,81.84,0.01,81,662887,买盘
09:59:55,81.84,0.0,48,392832,买盘
09:59:58,81.85,0.01,55,450152,买盘
10:00:01,81.84,-0.01,110,900264,卖盘
10:00:04,81.84,0.0,14,114581,卖盘
10:00:07,81.85,0.01,51,417425,买盘
10:00:10,81.84,-0.01,27,220991,卖盘
10:00:13,81.84,0.0,38,311008,卖盘
10:00:16,81.84,0.0,139,1137582,卖盘
10:00:17,81.84,0.0,126,1031198,卖盘
10:00:22,81.83,-0.01,168,1374879,卖盘
10:00:25,81.84,0.01,62,507394,买盘
10:00:28,81.83,-0.01,52,425560,卖盘
10:00:31,81.84,0.01,114,932976,买盘
10:00:33,81.84,0.0,30,245529,卖盘
10:00:36,81.84,0.0,21,171864,卖盘
10:00:40,81.84,0.0,83,679299,卖盘
10:00:43,81.86,0.02,1724,14110791,买盘
10:00:46,81.83,-0.03,39,319233,卖盘
10:00:49,81.85,0.02,51,417394,买盘
10:00:52,81.85,0.0,6,49112,卖盘
10:00:54,81.87,0.02,36,294732,买盘
10:00:58,81.88,0.01,107,876099,买盘
10:01:01,81.89,0.01,31,253846,买盘
10:01:03,81.86,-0.03,113,925106,卖盘
10:01:06,81.86,0.0,34,278322,买盘
10:01:13,81.88,0.02,162,1326138,买盘
10:01:15,81.89,0.01,29,237455,买盘
10:01:19,81.86,-0.03,13,106420,卖盘
10:01:22,81.88,0.02,19,155570,买盘
10:01:25,81.89,0.01,16,131009,买盘
10:01:28,81.86,-0.03,559,4575081,卖盘
10:01:31,81.86,0.0,164,1342280,买盘
10:01:34,81.84,-0.02,76,622136,中性盘
10:01:37,81.87,0.03,35,286516,买盘
10:01:40,81.85,-0.02,86,703985,中性盘
10:01:43,81.83,-0.02,17,139133,中性盘
10:01:46,81.82,-0.01,233,1906244,卖盘
10:01:49,81.83,0.01,97,793490,买盘
10:01:50,81.83,0.0,28,229111,买盘
10:01:55,81.83,0.0,27,220101,买盘
10:01:58,81.79,-0.04,243,1988565,卖盘
10:02:01,81.8,0.01,87,711592,买盘
10:02:03,81.8,0.0,41,335378,买盘
10:02:06,81.8,0.0,26,212672,买盘
10:02:10,81.8,0.0,25,204497,买盘
10:02:13,81.8,0.0,44,359911,买盘
10:02:16,81.81,0.01,187,1532861,买盘
10:02:19,81.8,-0.01,89,728033,卖盘
10:02:22,81.8,0.0,27,220860,卖盘
10:02:25,81.81,0.01,71,580786,买盘
10:02:28,81.8,-0.01,12,98163,卖盘
10:02:31,81.8,0.0,30,245404,卖盘
10:02:34,81.81,0.01,64,523522,买盘
10:02:36,81.8,-0.01,50,409019,卖盘
10:02:40,81.8,0.0,119,973410,买盘
10:02:43,81.8,0.0,53,429532,买盘
10:02:46,81.8,0.0,83,678961,卖盘
10:02:49,81.8,0.0,44,359980,卖盘
10:02:52,81.82,0.02,40,327254,买盘
10:02:54,81.8,-0.02,26,212709,卖盘
10:02:58,81.82,0.02,20,163635,买盘
10:03:01,81.81,-0.01,59,482638,买盘
10:03:04,81.81,0.0,269,2200443,买盘
10:03:07,81.82,0.01,19,155445,买盘
10:03:10,81.81,-0.01,29,237249,卖盘
10:03:12,81.82,0.01,20,163635,买盘
10:03:16,81.82,0.0,13,106363,买盘
10:03:17,81.81,-0.01,104,850902,卖盘
10:03:20,81.81,0.0,11,89992,卖盘
10:03:25,81.82,0.01,124,1014470,买盘
10:03:27,81.81,-0.01,27,220891,卖盘
10:03:31,81.82,0.01,21,171821,买盘
10:03:34,81.81,-0.01,86,703651,卖盘
10:03:36,81.81,0.0,20,163623,卖盘
10:03:40,81.81,0.0,37,302708,卖盘
10:03:42,81.81,0.0,57,466366,卖盘
10:03:45,81.81,0.0,57,466349,卖盘
10:03:47,81.82,0.01,101,826380,买盘
10:03:50,81.8,-0.02,400,3276196,卖盘
10:03:55,81.81,0.01,7,57260,买盘
10:03:58,81.81,0.0,20,163617,买盘
10:04:01,81.8,-0.01,89,727977,卖盘
10:04:04,81.79,-0.01,79,646214,卖盘
10:04:07,81.8,0.01,13,106340,买盘
10:04:10,81.79,-0.01,52,425347,卖盘
10:04:13,81.8,0.01,4,32720,买盘
10:04:16,81.79,-0.01,56,454848,卖盘
10:04:19,81.79,0.0,31,253549,买盘
10:04:22,81.79,0.0,314,2568287,买盘
10:04:24,81.79,0.0,40,327143,买盘
10:04:28,81.79,0.0,106,866889,买盘
10:04:31,81.79,0.0,35,286249,买盘
10:04:33,81.79,0.0,59,482553,买盘
10:04:37,81.79,0.0,7,57253,中性盘
10:04:39,81.79,0.0,68,556192,卖盘
10:04:43,81.79,0.0,16,130869,卖盘
10:04:46,81.79,0.0,51,417108,卖盘
10:04:47,81.78,-0.01,129,1055081,卖盘
10:04:50,81.79,0.01,10,81784,买盘
10:04:55,81.79,0.0,11,89967,买盘
10:04:57,81.79,0.0,7,57252,买盘
10:05:01,81.79,0.0,51,417084,买盘
10:05:03,81.78,-0.01,35,286242,卖盘
10:05:07,81.78,0.0,42,343513,卖盘
10:05:10,81.78,0.0,129,1055004,卖盘
10:05:13,81.77,-0.01,10,81776,卖盘
10:05:16,81.78,0.01,36,294390,买盘
10:05:19,81.77,-0.01,144,1177624,卖盘
10:05:20,81.8,0.03,139,1139635,买盘
10:05:25,81.8,0.0,133,1087940,卖盘
10:05:28,81.81,0.01,31,253581,买盘
10:05:31,81.8,-0.01,27,220862,卖盘
10:05:34,81.81,0.01,100,814087,买盘
10:05:36,81.8,-0.01,57,466277,卖盘
10:05:39,81.8,0.0,249,2038050,卖盘
10:05:43,81.8,0.0,27,220860,买盘
10:05:45,81.79,-0.01,13,106336,卖盘
10:05:49,81.8,0.01,36,294477,买盘
10:05:52,81.8,0.0,63,515336,买盘
10:05:55,81.8,0.0,57,466231,买盘
10:05:58,81.79,-0.01,110,899732,卖盘
10:06:00,81.79,0.0,140,1145023,买盘
10:06:04,81.79,0.0,21,171768,卖盘
10:06:07,81.79,0.0,9,73616,卖盘
10:06:09,81.8,0.01,146,1193062,买盘
10:06:13,81.81,0.01,27,220861,买盘
10:06:15,81.81,0.0,1,8181,买盘
10:06:19,81.8,-0.01,45,368139,卖盘
10:06:22,81.82,0.02,105,859064,买盘
10:06:25,81.83,0.01,80,654564,买盘
10:06:28,81.8,-0.03,403,3296667,卖盘
10:06:30,81.83,0.03,47,384479,中性盘
10:06:34,81.8,-0.03,59,482767,卖盘
10:06:36,81.83,0.03,15,122739,买盘
10:06:40,81.82,-0.01,14,114552,买盘
10:06:43,81.82,0.0,106,867293,买盘
10:06:46,81.83,0.01,75,613678,买盘
10:06:47,81.83,0.0,26,212752,买盘
10:06:52,81.82,-0.01,75,613677,卖盘
10:06:55,81.85,0.03,41,335559,买盘
10:06:58,81.84,-0.01,76,621909,卖盘
10:07:01,81.83,-0.01,42,343726,卖盘
10:07:04,81.85,0.02,42,343770,买盘
10:07:07,81.85,0.0,38,311041,卖盘
10:07:09,81.85,0.0,44,360174,卖盘
10:07:13,81.86,0.01,24,196454,买盘
10:07:16,81.85,-0.01,9,73666,卖盘
10:07:19,81.84,-0.01,34,278286,卖盘
10:07:22,81.85,0.01,164,1342348,中性盘
10:07:25,81.85,0.0,35,286465,买盘
10:07:27,81.85,0.0,73,597428,买盘
10:07:31,81.85,0.0,43,351914,买盘
10:07:34,81.83,-0.02,118,965826,卖盘
10:07:37,81.85,0.02,14,114593,卖盘
10:07:40,81.83,-0.02,62,507408,卖盘
10:07:43,81.86,0.03,142,1162282,买盘
10:07:46,81.86,0.0,55,450215,买盘
10:07:49,81.86,0.0,243,1989590,卖盘
10:07:52,81.87,0.01,64,524012,中性盘
10:07:55,81.88,0.01,47,384765,买盘
10:07:58,81.88,0.0,146,1195126,买盘
10:08:01,81.86,-0.02,61,499441,卖盘
10:08:04,81.85,-0.01,284,2324540,卖盘
10:08:07,81.85,0.0,32,261920,买盘
10:08:10,81.87,0.02,244,1997187,买盘
10:08:13,81.87,0.0,13,106430,买盘
10:08:16,81.87,0.0,69,564855,买盘
10:08:19,81.87,0.0,36,294710,买盘
10:08:22,81.87,0.0,34,278355,买盘
10:08:24,81.86,-0.01,97,794133,卖盘
10:08:28,81.87,0.01,44,360228,买盘
10:08:31,81.86,-0.01,1312,10740031,卖盘
10:08:34,81.87,0.01,369,3020958,买盘
10:08:37,81.86,-0.01,33,270162,卖盘
10:08:40,81.86,0.0,13,106418,买盘
10:08:43,81.86,0.0,144,1178739,买盘
10:08:46,81.85,-0.01,121,990495,卖盘
10:08:49,81.86,0.01,51,417482,买盘
10:08:50,81.87,0.01,28,229200,买盘
10:08:55,81.87,0.0,13,106426,买盘
10:08:58,81.88,0.01,140,1145974,买盘
10:09:01,81.85,-0.03,66,540262,卖盘
10:09:04,81.86,0.01,40,327428,中性盘
10:09:07,81.86,0.0,59,482974,买盘
10:09:10,81.86,0.0,13,106418,买盘
10:09:13,81.86,0.0,82,671235,买盘
10:09:16,81.86,0.0,80,654877,卖盘
10:09:19,81.85,-0.01,107,875795,卖盘
10:09:22,81.85,0.0,57,466512,买盘
10:09:25,81.86,0.01,190,1555030,买盘
10:09:28,81.86,0.0,33,270117,买盘
10:09:31,81.84,-0.02,69,564731,卖盘
10:09:34,81.86,0.02,48,392865,买盘
10:09:37,81.85,-0.01,8,65480,卖盘
10:09:39,81.85,0.0,75,613763,卖盘
10:09:43,81.85,0.0,19,155515,买盘
10:09:46,81.85,0.0,75,613885,卖盘
10:09:49,81.85,0.0,69,564767,卖盘
10:09:52,81.85,0.0,8,65480,卖盘
10:09:55,81.86,0.01,108,884019,买盘
10:09:58,81.86,0.0,102,839049,买盘
10:10:01,81.85,-0.01,58,474790,卖盘
10:10:04,81.86,0.01,34,278334,中性盘
10:10:06,81.86,0.0,59,482975,卖盘
10:10:10,81.86,0.0,187,1530657,买盘
10:10:13,81.85,-0.01,53,433824,卖盘
10:10:16,81.85,0.0,227,1853946,卖盘
10:10:19,81.85,0.0,65,531988,买盘
10:10:22,81.82,-0.03,327,2676307,卖盘
10:10:25,81.82,0.0,48,392798,卖盘
10:10:28,81.83,0.01,100,818180,买盘
10:10:31,81.82,-0.01,33,270054,卖盘
10:10:34,81.84,0.02,127,1039406,买盘
10:10:37,81.82,-0.02,125,1022779,卖盘
10:10:40,81.82,0.0,45,368195,买盘
10:10:43,81.83,0.01,251,2053892,买盘
10:10:46,81.81,-0.02,390,3190720,卖盘
10:10:49,81.81,0.0,49,400883,买盘
10:10:52,81.82,0.01,22,179987,买盘
10:10:54,81.81,-0.01,329,2691358,买盘
10:10:59,81.82,0.01,25,204529,买盘
10:11:01,81.82,0.0,131,1071717,买盘
10:11:04,81.81,-0.01,151,1235287,卖盘
10:11:07,81.83,0.02,84,687299,买盘
10:11:10,81.83,0.0,86,703738,卖盘
10:11:13,81.83,0.0,10,81831,卖盘
10:11:16,81.83,0.0,139,1137436,卖盘
10:11:19,81.83,0.0,7,57281,买盘
10:11:22,81.83,0.0,32,261856,买盘
10:11:25,81.82,-0.01,35,286391,卖盘
10:11:28,81.83,0.01,299,2446693,买盘
10:11:30,81.84,0.01,38,310971,买盘
10:11:34,81.83,-0.01,2,16366,卖盘
10:11:37,81.83,0.0,6,49098,卖盘
10:11:40,81.84,0.01,74,609695,买盘
10:11:43,81.83,-0.01,58,474666,卖盘
10:11:44,81.83,0.0,187,1530228,卖盘
10:11:49,81.83,0.0,31,249590,卖盘
10:11:52,81.83,0.0,102,834666,买盘
10:11:55,81.83,0.0,30,245477,买盘
10:11:58,81.82,-0.01,398,3256778,卖盘
10:12:01,81.84,0.02,247,2023021,买盘
10:12:04,81.8,-0.04,265,2166328,卖盘
10:12:07,81.8,0.0,251,2053164,卖盘
10:12:10,81.79,-0.01,94,768861,卖盘
10:12:13,81.8,0.01,46,376267,买盘
10:12:16,81.79,-0.01,3,24536,中性盘
10:12:19,81.8,0.01,183,1496942,买盘
10:12:22,81.8,0.0,16,130884,卖盘
10:12:25,81.8,0.0,88,719860,卖盘
10:12:28,81.8,0.0,58,474451,卖盘
10:12:31,81.8,0.0,22,179959,卖盘
10:12:34,81.8,0.0,55,449900,买盘
10:12:37,81.8,0.0,321,2625761,买盘
10:12:40,81.8,0.0,14,114518,买盘
10:12:43,81.8,0.0,144,1177904,买盘
10:12:46,81.8,0.0,23,188130,买盘
10:12:49,81.8,0.0,426,3484670,买盘
10:12:52,81.8,0.0,4,32720,卖盘
10:12:55,81.81,0.01,28,229051,买盘
10:12:58,81.8,-0.01,21,171797,卖盘
10:13:00,81.8,0.0,52,425360,卖盘
10:13:03,81.81,0.01,17,139073,买盘
10:13:06,81.81,0.0,27,220884,买盘
10:13:10,81.81,0.0,123,1006264,买盘
10:13:13,81.81,0.0,56,458136,卖盘
10:13:16,81.81,0.0,72,589196,卖盘
10:13:17,81.82,0.01,33,269997,买盘
10:13:20,81.82,0.0,341,2790028,买盘
10:13:25,81.82,0.0,19,155450,买盘
10:13:28,81.82,0.0,125,1022678,买盘
10:13:31,81.82,0.0,18,147260,买盘
10:13:34,81.82,0.0,65,531826,买盘
10:13:37,81.82,0.0,43,351826,买盘
10:13:40,81.82,0.0,17,139094,卖盘
10:13:43,81.83,0.01,38,310921,买盘
10:13:46,81.83,0.0,289,2364870,买盘
10:13:49,81.83,0.0,9,73651,卖盘
10:13:51,81.82,-0.01,50,409148,卖盘
10:13:55,81.83,0.01,30,245481,买盘
10:13:57,81.83,0.0,26,212758,买盘
10:14:00,81.82,-0.01,200,1636445,卖盘
10:14:04,81.81,-0.01,54,441833,卖盘
10:14:07,81.82,0.01,201,1646546,买盘
10:14:10,81.83,0.01,52,425492,买盘
10:14:13,81.82,-0.01,83,675526,卖盘
10:14:15,81.83,0.01,53,433656,买盘
10:14:19,81.82,-0.01,125,1024419,卖盘
10:14:22,81.81,-0.01,57,466364,卖盘
10:14:25,81.81,0.0,124,1014561,卖盘
10:14:28,81.81,0.0,46,376347,卖盘
10:14:31,81.82,0.01,438,3583689,买盘
10:14:34,81.82,0.0,21,171818,买盘
10:14:37,81.81,-0.01,210,1717878,卖盘
10:14:40,81.82,0.01,214,1750898,买盘
10:14:43,81.8,-0.02,70,572603,卖盘
10:14:46,81.8,0.0,28,229068,卖盘
10:14:49,81.82,0.02,141,1153876,买盘
10:14:52,81.81,-0.01,244,1996394,卖盘
10:14:55,81.83,0.02,7,57275,买盘
10:14:58,81.81,-0.02,34,278157,卖盘
10:15:01,81.81,0.0,63,515430,卖盘
10:15:04,81.81,0.0,73,597231,卖盘
10:15:06,81.82,0.01,30,245447,买盘
10:15:10,81.82,0.0,21,171818,买盘
10:15:12,81.82,0.0,23,188181,买盘
10:15:16,81.82,0.0,209,1709996,买盘
10:15:17,81.82,0.0,15,122723,卖盘
10:15:21,81.82,0.0,146,1194592,买盘
10:15:24,81.81,-0.01,278,2274215,卖盘
10:15:28,81.8,-0.01,327,2674756,卖盘
10:15:31,81.79,-0.01,375,3067148,卖盘
10:15:34,81.78,-0.01,475,3884552,卖盘
10:15:36,81.76,-0.02,332,2714669,卖盘
10:15:39,81.74,-0.02,489,3997251,卖盘
10:15:43,81.72,-0.02,147,1201410,卖盘
10:15:46,81.71,-0.01,203,1658736,卖盘
10:15:47,81.7,-0.01,207,1691218,卖盘
10:15:52,81.69,-0.01,490,4003153,卖盘
10:15:55,81.69,0.0,115,939318,买盘
10:15:57,81.66,-0.03,223,1821501,卖盘
10:16:00,81.65,-0.01,82,669641,卖盘
10:16:04,81.66,0.01,18,146988,中性盘
10:16:07,81.65,-0.01,7,57160,卖盘
10:16:09,81.66,0.01,91,743050,买盘
10:16:12,81.65,-0.01,82,669527,卖盘
10:16:15,81.65,0.0,91,743073,买盘
10:16:19,81.65,0.0,45,367450,卖盘
10:16:21,81.66,0.01,29,236790,买盘
10:16:24,81.65,-0.01,51,416445,卖盘
10:16:28,81.67,0.02,82,669633,买盘
10:16:30,81.65,-0.02,227,1853829,卖盘
10:16:33,81.67,0.02,29,236822,买盘
10:16:37,81.68,0.01,80,653381,买盘
10:16:40,81.66,-0.02,64,522706,卖盘
10:16:43,81.68,0.02,47,383875,买盘
10:16:46,81.68,0.0,160,1305233,买盘
10:16:49,81.68,0.0,59,481928,买盘
10:16:52,81.68,0.0,37,302206,卖盘
10:16:55,81.68,0.0,13,106182,买盘
10:16:58,81.68,0.0,51,416578,卖盘
10:17:01,81.7,0.02,135,1102510,买盘
10:17:04,81.7,0.0,48,392140,买盘
10:17:07,81.7,0.0,187,1527789,买盘
10:17:10,81.7,0.0,48,392261,中性盘
10:17:13,81.7,0.0,132,1078160,卖盘
10:17:15,81.68,-0.02,44,359478,卖盘
10:17:19,81.64,-0.04,548,4475344,卖盘
10:17:22,81.71,0.07,38,310489,买盘
10:17:25,81.71,0.0,16,130733,买盘
10:17:28,81.7,-0.01,73,596443,卖盘
10:17:32,81.7,0.0,6,49011,买盘
10:17:34,81.71,0.01,104,849735,买盘
10:17:37,81.7,-0.01,49,400384,卖盘
10:17:40,81.7,0.0,59,482049,卖盘
10:17:43,81.71,0.01,19,155244,买盘
10:17:46,81.71,0.0,48,392205,买盘
10:17:47,81.71,0.0,5,40856,卖盘
10:17:52,81.71,0.0,333,2720723,卖盘
10:17:55,81.71,0.0,13,106235,卖盘
10:17:57,81.73,0.02,5,40860,买盘
10:18:01,81.71,-0.02,58,474005,卖盘
10:18:04,81.7,-0.01,460,3758404,卖盘
10:18:07,81.7,0.0,37,302290,买盘
10:18:10,81.71,0.01,102,833361,买盘
10:18:13,81.71,0.0,15,122565,买盘
10:18:16,81.7,-0.01,37,302294,卖盘
10:18:19,81.7,0.0,53,433017,卖盘
10:18:22,81.71,0.01,24,196084,买盘
10:18:25,81.7,-0.01,41,334971,卖盘
10:18:28,81.7,0.0,162,1323553,卖盘
10:18:31,81.7,0.0,143,1168220,买盘
10:18:33,81.7,0.0,65,531030,买盘
10:18:36,81.69,-0.01,24,196075,卖盘
10:18:40,81.7,0.01,32,261412,买盘
10:18:43,81.69,-0.01,43,351292,卖盘
10:18:45,81.69,0.0,61,498371,卖盘
10:18:49,81.69,0.0,51,416660,卖盘
10:18:52,81.69,0.0,32,261413,卖盘
10:18:55,81.7,0.01,12,98040,买盘
10:18:58,81.7,0.0,90,735300,卖盘
10:19:01,81.7,0.0,149,1217239,卖盘
10:19:04,81.7,0.0,110,898650,卖盘
10:19:07,81.7,0.0,73,596407,买盘
10:19:10,81.69,-0.01,27,220585,卖盘
10:19:12,81.7,0.01,124,1013091,卖盘
10:19:15,81.7,0.0,77,629037,卖盘
10:19:19,81.7,0.0,9,73530,卖盘
10:19:22,81.7,0.0,16,130720,买盘
10:19:25,81.7,0.0,71,580041,买盘
10:19:28,81.7,0.0,22,179722,买盘
10:19:31,81.7,0.0,31,253259,买盘
10:19:34,81.7,0.0,113,923072,买盘
10:19:37,81.68,-0.02,114,931160,卖盘
10:19:40,81.68,0.0,25,204200,买盘
10:19:42,81.69,0.01,51,416605,买盘
10:19:46,81.69,0.0,123,1004552,卖盘
10:19:49,81.7,0.01,49,400279,买盘
10:19:52,81.69,-0.01,16,130693,卖盘
10:19:54,81.69,0.0,31,253228,买盘
10:19:57,81.69,0.0,18,147029,买盘
10:20:00,81.68,-0.01,89,726913,卖盘
10:20:04,81.67,-0.01,26,212363,买盘
10:20:06,81.66,-0.01,128,1045377,卖盘
10:20:09,81.66,0.0,69,563476,卖盘
10:20:13,81.67,0.01,35,285814,买盘
10:20:15,81.67,0.0,68,555299,买盘
10:20:19,81.67,0.0,76,620607,买盘
10:20:22,81.67,0.0,16,130671,买盘
10:20:25,81.67,0.0,2,16334,卖盘
10:20:27,81.66,-0.01,165,1347478,卖盘
10:20:32,81.67,0.01,18,147006,买盘
10:20:34,81.65,-0.02,166,1355505,卖盘
10:20:37,81.66,0.01,64,522669,中性盘
10:20:40,81.66,0.0,35,285798,买盘
10:20:42,81.67,0.01,67,547076,买盘
10:20:45,81.65,-0.02,203,1657517,卖盘
10:20:49,81.66,0.01,100,816514,中性盘
10:20:52,81.66,0.0,22,179652,卖盘
10:20:55,81.65,-0.01,138,1126729,卖盘
10:20:58,81.65,0.0,39,318428,买盘
10:21:01,81.64,-0.01,88,718456,卖盘
10:21:05,81.64,0.0,71,581277,卖盘
10:21:07,81.63,-0.01,27,220410,卖盘
10:21:10,81.63,0.0,79,644897,卖盘
10:21:13,81.63,0.0,45,367338,卖盘
10:21:15,81.61,-0.02,233,1901753,卖盘
10:21:19,81.61,0.0,122,995652,卖盘
10:21:22,81.62,0.01,275,2244141,买盘
10:21:25,81.6,-0.02,65,530432,卖盘
10:21:28,81.61,0.01,59,481462,买盘
10:21:31,81.6,-0.01,1117,9114487,卖盘
10:21:35,81.58,-0.02,29,236629,卖盘
10:21:37,81.56,-0.02,126,1027934,卖盘
10:21:41,81.57,0.01,203,1655717,中性盘
10:21:43,81.57,0.0,67,546442,买盘
10:21:45,81.56,-0.01,72,587194,中性盘
10:21:49,81.56,0.0,154,1256119,买盘
10:21:52,81.57,0.01,160,1304888,买盘
10:21:55,81.56,-0.01,283,2307948,卖盘
10:21:58,81.56,0.0,72,587234,卖盘
10:22:01,81.55,-0.01,56,456691,卖盘
10:22:04,81.53,-0.02,366,2984350,卖盘
10:22:07,81.55,0.02,118,962110,中性盘
10:22:11,81.56,0.01,29,236464,买盘
10:22:13,81.55,-0.01,55,448533,卖盘
10:22:16,81.55,0.0,53,432193,卖盘
10:22:19,81.56,0.01,71,578955,买盘
10:22:22,81.54,-0.02,94,766497,卖盘
10:22:25,81.55,0.01,25,203873,买盘
10:22:28,81.55,0.0,132,1076496,买盘
10:22:31,81.53,-0.02,36,293543,卖盘
10:22:35,81.54,0.01,35,285396,买盘
10:22:37,81.54,0.0,115,937720,买盘
10:22:41,81.54,0.0,416,3391505,买盘
10:22:42,81.55,0.01,65,529990,买盘
10:22:47,81.53,-0.02,332,2706674,卖盘
10:22:49,81.54,0.01,20,163067,买盘
10:22:52,81.53,-0.01,79,644065,卖盘
10:22:55,81.53,0.0,21,171210,买盘
10:22:58,81.53,0.0,144,1173966,买盘
10:23:01,81.52,-0.01,183,1491805,卖盘
10:23:04,81.53,0.01,68,554365,买盘
10:23:07,81.52,-0.01,22,179363,卖盘
10:23:10,81.51,-0.01,169,1377744,卖盘
10:23:14,81.52,0.01,50,407608,买盘
10:23:16,81.52,0.0,69,562479,卖盘
10:23:19,81.52,0.0,161,1312357,买盘
10:23:22,81.52,0.0,546,4450517,买盘
10:23:24,81.52,0.0,699,5697274,买盘
10:23:28,81.52,0.0,30,244533,买盘
10:23:32,81.51,-0.01,78,635816,卖盘
10:23:34,81.5,-0.01,150,1222537,卖盘
10:23:37,81.51,0.01,87,709135,买盘
10:23:40,81.5,-0.01,124,1010716,卖盘
10:23:44,81.51,0.01,1892,15419830,中性盘
10:23:46,81.5,-0.01,316,2575529,卖盘
10:23:49,81.52,0.02,564,4596662,买盘
10:23:52,81.51,-0.01,30,244555,中性盘
10:23:55,81.5,-0.01,594,4841145,卖盘
10:23:59,81.5,0.0,50,407491,买盘
10:24:01,81.49,-0.01,291,2371882,卖盘
10:24:04,81.5,0.01,60,488984,买盘
10:24:07,81.5,0.0,51,415639,买盘
10:24:11,81.5,0.0,188,1532194,买盘
10:24:13,81.5,0.0,106,863890,卖盘
10:24:16,81.51,0.01,102,831272,买盘
10:24:19,81.5,-0.01,35,285254,卖盘
10:24:20,81.5,0.0,57,464565,卖盘
10:24:26,81.5,0.0,31,252661,卖盘
10:24:28,81.51,0.01,105,855808,买盘
10:24:31,81.51,0.0,184,1499718,买盘
10:24:33,81.52,0.01,12,97818,买盘
10:24:37,81.52,0.0,101,823266,买盘
10:24:40,81.52,0.0,15,122276,买盘
10:24:43,81.51,-0.01,42,342355,卖盘
10:24:46,81.52,0.01,98,802218,买盘
10:24:47,81.53,0.01,40,326090,买盘
10:24:52,81.53,0.0,2,16306,买盘
10:24:56,81.53,0.0,145,1182184,买盘
10:24:58,81.53,0.0,30,244590,卖盘
10:25:01,81.54,0.01,8,65230,买盘
10:25:04,81.54,0.0,23,187537,买盘
10:25:07,81.53,-0.01,33,269079,卖盘
10:25:10,81.55,0.02,742,6050943,买盘
10:25:13,81.55,0.0,62,505643,卖盘
10:25:16,81.57,0.02,20,163124,买盘
10:25:19,81.57,0.0,17,138654,卖盘
10:25:22,81.57,0.0,28,228405,买盘
10:25:25,81.58,0.01,26,212086,买盘
10:25:28,81.58,0.0,35,285511,买盘
10:25:31,81.59,0.01,67,546624,买盘
10:25:35,81.59,0.0,154,1256493,卖盘
10:25:37,81.6,0.01,55,448747,买盘
10:25:40,81.6,0.0,17,138718,买盘
10:25:44,81.6,0.0,19,155036,买盘
10:25:47,81.59,-0.01,51,416092,买盘
10:25:49,81.58,-0.01,129,1052424,卖盘
10:25:52,81.59,0.01,100,815880,卖盘
10:25:55,81.57,-0.02,54,440502,卖盘
10:25:57,81.58,0.01,40,326340,卖盘
10:26:01,81.58,0.0,24,195812,中性盘
10:26:04,81.57,-0.01,56,456816,卖盘
10:26:08,81.58,0.01,77,628127,买盘
10:26:11,81.57,-0.01,43,349613,中性盘
10:26:13,81.56,-0.01,388,3164647,卖盘
10:26:16,81.56,0.0,95,774169,卖盘
10:26:19,81.56,0.0,16,130506,卖盘
10:26:22,81.59,0.03,203,1655939,买盘
10:26:26,81.59,0.0,105,856667,买盘
10:26:28,81.59,0.0,37,301883,卖盘
10:26:31,81.59,0.0,28,228467,卖盘
10:26:35,81.6,0.01,247,2015209,买盘
10:26:37,81.57,-0.03,52,424309,卖盘
10:26:39,81.56,-0.01,51,415981,卖盘
10:26:43,81.59,0.03,418,3410723,买盘
10:26:46,81.57,-0.02,38,309945,中性盘
10:26:50,81.56,-0.01,23,187589,卖盘
10:26:52,81.56,0.0,37,301800,卖盘
10:26:55,81.59,0.03,4,32634,买盘
10:26:59,81.56,-0.03,43,350722,卖盘
10:27:00,81.56,0.0,17,138687,卖盘
10:27:04,81.58,0.02,9,73419,买盘
10:27:08,81.56,-0.02,156,1272708,卖盘
10:27:10,81.59,0.03,90,734194,买盘
10:27:13,81.6,0.01,75,611989,买盘
10:27:16,81.6,0.0,58,473222,买盘
10:27:19,81.61,0.01,268,2187138,买盘
10:27:22,81.62,0.01,34,277499,买盘
10:27:25,81.63,0.01,59,481609,买盘
10:27:27,81.62,-0.01,103,840691,卖盘
10:27:31,81.65,0.03,196,1599568,买盘
10:27:34,81.64,-0.01,198,1615794,中性盘
10:27:37,81.63,-0.01,23,187743,卖盘
10:27:40,81.64,0.01,28,228624,买盘
10:27:44,81.67,0.03,34,276035,买盘
10:27:46,81.68,0.01,23,187864,买盘
10:27:49,81.68,0.0,60,490033,买盘
10:27:51,81.67,-0.01,44,359375,卖盘
10:27:55,81.68,0.01,111,906543,中性盘
10:27:58,81.7,0.02,242,1976798,买盘
10:28:02,81.7,0.0,46,375846,卖盘
10:28:04,81.67,-0.03,197,1609242,卖盘
10:28:07,81.67,0.0,23,187922,卖盘
10:28:10,81.71,0.04,17,138906,买盘
10:28:13,81.67,-0.04,74,604576,卖盘
10:28:16,81.71,0.04,37,302255,买盘
10:28:19,81.68,-0.03,49,400282,卖盘
10:28:22,81.69,0.01,19,155207,买盘
10:28:25,81.68,-0.01,12,98018,卖盘
10:28:27,81.68,0.0,19,155192,买盘
10:28:29,81.71,0.03,211,1723921,买盘
10:28:34,81.7,-0.01,12,98041,卖盘
10:28:37,81.7,0.0,14,114392,卖盘
10:28:41,81.67,-0.03,241,1970126,卖盘
10:28:43,81.67,0.0,15,122505,买盘
10:28:44,81.67,0.0,250,2041750,买盘
10:28:50,81.67,0.0,57,465482,买盘
10:28:52,81.66,-0.01,31,253172,中性盘
10:28:55,81.67,0.01,73,596186,买盘
10:28:59,81.67,0.0,161,1318464,买盘
10:29:01,81.67,0.0,59,481853,卖盘
10:29:04,81.68,0.01,14,114342,买盘
10:29:07,81.68,0.0,12,98018,买盘
10:29:10,81.66,-0.02,104,845791,卖盘
10:29:14,81.66,0.0,17,138824,卖盘
10:29:16,81.65,-0.01,197,1608547,卖盘
10:29:19,81.63,-0.02,33,269401,卖盘
10:29:22,81.62,-0.01,73,595827,卖盘
10:29:25,81.62,0.0,10,81619,买盘
10:29:28,81.61,-0.01,46,375429,卖盘
10:29:30,81.62,0.01,306,2497572,买盘
10:29:32,81.62,0.0,55,448899,买盘
10:29:37,81.62,0.0,33,269334,卖盘
10:29:40,81.62,0.0,9,73464,卖盘
10:29:43,81.62,0.0,26,212215,卖盘
10:29:46,81.62,0.0,45,367286,卖盘
10:29:49,81.62,0.0,40,326488,买盘
10:29:52,81.63,0.01,25,204057,买盘
10:29:55,81.61,-0.02,82,669276,卖盘
10:29:58,81.61,0.0,17,138751,卖盘
10:30:01,81.62,0.01,42,342780,买盘
10:30:05,81.64,0.02,59,481558,买盘
10:30:07,81.62,-0.02,58,473339,中性盘
10:30:10,81.62,0.0,10,81620,买盘
10:30:14,81.64,0.02,133,1085766,买盘
10:30:16,81.64,0.0,39,318396,卖盘
10:30:19,81.65,0.01,6,48986,买盘
10:30:22,81.65,0.0,80,653139,买盘
10:30:25,81.65,0.0,9,73482,买盘
10:30:29,81.65,0.0,85,693981,买盘
10:30:31,81.64,-0.01,25,204123,卖盘
10:30:34,81.66,0.02,192,1567554,买盘
10:30:37,81.66,0.0,33,273081,卖盘
10:30:40,81.68,0.02,14,114342,买盘
10:30:44,81.66,-0.02,350,2858132,卖盘
10:30:46,81.66,0.0,462,3769098,卖盘
10:30:49,81.66,0.0,39,318474,买盘
10:30:53,81.66,0.0,170,1388220,买盘
10:30:55,81.65,-0.01,127,1037060,卖盘
10:30:58,81.65,0.0,58,473610,卖盘
10:31:00,81.66,0.01,72,591493,买盘
10:31:04,81.68,0.02,43,351148,买盘
10:31:07,81.63,-0.05,200,1632822,卖盘
10:31:10,81.67,0.04,61,498135,中性盘
10:31:12,81.68,0.01,45,367518,买盘
10:31:16,81.68,0.0,22,179692,买盘
10:31:20,81.68,0.0,51,416532,买盘
10:31:21,81.7,0.02,35,285883,买盘
10:31:25,81.7,0.0,25,204247,买盘
10:31:28,81.68,-0.02,49,400238,卖盘
10:31:30,81.68,0.0,34,277723,卖盘
10:31:34,81.68,0.0,16,130688,买盘
10:31:37,81.68,0.0,48,392033,买盘
10:31:39,81.68,0.0,30,245040,买盘
10:31:43,81.66,-0.02,80,653384,卖盘
10:31:46,81.68,0.02,117,955521,买盘
10:31:49,81.66,-0.02,3,24500,中性盘
10:31:52,81.68,0.02,17,138837,买盘
10:31:55,81.66,-0.02,19,155178,卖盘
10:31:58,81.65,-0.01,30,244995,卖盘
10:32:01,81.68,0.03,6,49008,买盘
10:32:04,81.66,-0.02,6,48998,卖盘
10:32:07,81.68,0.02,17,138854,买盘
10:32:10,81.68,0.0,29,236864,买盘
10:32:14,81.66,-0.02,21,171503,卖盘
10:32:16,81.68,0.02,7,57173,买盘
10:32:18,81.68,0.0,12,98014,买盘
10:32:22,81.68,0.0,137,1118806,买盘
10:32:25,81.67,-0.01,16,130673,中性盘
10:32:28,81.68,0.01,89,726827,买盘
10:32:31,81.68,0.0,18,147014,买盘
10:32:35,81.66,-0.02,76,620631,卖盘
10:32:37,81.68,0.02,57,465573,买盘
10:32:40,81.68,0.0,10,81680,卖盘
10:32:46,81.69,0.01,35,285895,买盘
10:32:49,81.69,0.0,21,171545,买盘
10:32:52,81.68,-0.01,7,57178,卖盘
10:32:55,81.68,0.0,106,865818,卖盘
10:32:58,81.68,0.0,40,326757,卖盘
10:33:00,81.69,0.01,105,857699,买盘
10:33:02,81.68,-0.01,21,171538,卖盘
10:33:07,81.7,0.02,24,196061,买盘
10:33:09,81.7,0.0,27,220566,买盘
10:33:13,81.69,-0.01,42,343098,卖盘
10:33:16,81.7,0.01,14,114370,买盘
10:33:19,81.69,-0.01,105,857765,卖盘
10:33:22,81.7,0.01,43,351281,买盘
10:33:25,81.7,0.0,100,816984,买盘
10:33:28,81.7,0.0,149,1217065,买盘
10:33:31,81.65,-0.05,234,1911116,卖盘
10:33:35,81.63,-0.02,236,1926921,卖盘
10:33:37,81.61,-0.02,190,1550834,卖盘
10:33:39,81.6,-0.01,608,4961543,卖盘
10:33:43,81.59,-0.01,17,138708,卖盘
10:33:45,81.59,0.0,166,1354384,中性盘
10:33:47,81.59,0.0,169,1378336,买盘
10:33:52,81.57,-0.02,21,171301,中性盘
10:33:55,81.58,0.01,226,1843414,买盘
10:33:58,81.57,-0.01,29,236564,卖盘
10:34:00,81.57,0.0,70,570960,卖盘
10:34:02,81.57,0.0,16,130504,卖盘
10:34:07,81.56,-0.01,135,1101216,卖盘
10:34:10,81.58,0.02,181,1476205,买盘
10:34:13,81.58,0.0,93,758694,卖盘
10:34:16,81.59,0.01,114,929950,买盘
10:34:19,81.58,-0.01,31,252897,买盘
10:34:25,81.6,0.02,2,16320,买盘
10:34:28,81.6,0.0,26,212160,买盘
10:34:30,81.59,-0.01,43,350870,卖盘
10:34:34,81.63,0.04,32,261136,买盘
10:34:37,81.61,-0.02,12,97923,中性盘
10:34:39,81.61,0.0,2,16321,买盘
10:34:43,81.62,0.01,95,775338,买盘
10:34:46,81.62,0.0,104,848872,卖盘
10:34:47,81.63,0.01,161,1314101,买盘
10:34:51,81.62,-0.01,85,693770,卖盘
10:34:55,81.63,0.01,117,954882,买盘
10:34:58,81.58,-0.05,239,1950083,卖盘
10:35:01,81.56,-0.02,170,1386681,卖盘
10:35:04,81.56,0.0,112,913392,买盘
10:35:07,81.54,-0.02,63,513715,卖盘
10:35:10,81.54,0.0,22,179388,买盘
10:35:13,81.54,0.0,12,97848,买盘
10:35:15,81.54,0.0,257,2095426,买盘
10:35:17,81.54,0.0,229,1866819,买盘
10:35:22,81.51,-0.03,269,2192640,卖盘
10:35:25,81.51,0.0,563,4588676,买盘
10:35:28,81.5,-0.01,93,758101,卖盘
10:35:30,81.5,0.0,184,1499641,卖盘
10:35:34,81.5,0.0,47,383061,卖盘
10:35:37,81.5,0.0,100,815092,卖盘
10:35:40,81.51,0.01,511,4164795,买盘
10:35:43,81.51,0.0,52,423854,买盘
10:35:46,81.5,-0.01,91,741711,卖盘
10:35:49,81.5,0.0,306,2493925,卖盘
10:35:52,81.51,0.01,42,342358,卖盘
10:35:55,81.51,0.0,307,2502117,卖盘
10:35:58,81.51,0.0,54,440152,买盘
10:36:01,81.51,0.0,196,1597428,买盘
10:36:04,81.51,0.0,41,334179,买盘
10:36:07,81.51,0.0,76,619467,买盘
10:36:09,81.51,0.0,59,480887,卖盘
10:36:13,81.5,-0.01,163,1328520,卖盘
10:36:15,81.54,0.04,38,309765,买盘
10:36:19,81.54,0.0,26,211950,买盘
10:36:22,81.51,-0.03,251,2045921,卖盘
10:36:25,81.51,0.0,150,1222600,买盘
10:36:28,81.51,0.0,31,252675,买盘
10:36:31,81.51,0.0,311,2534806,买盘
10:36:32,81.51,0.0,14,113625,买盘
10:36:36,81.52,0.01,309,2518304,买盘
10:36:39,81.53,0.01,5,40764,买盘
10:36:43,81.51,-0.02,11,89664,卖盘
10:36:46,81.54,0.03,28,228291,买盘
10:36:49,81.54,0.0,58,472906,买盘
10:36:52,81.52,-0.02,101,823365,卖盘
10:36:55,81.54,0.02,5,40765,中性盘
10:36:58,81.54,0.0,23,187537,买盘
10:37:01,81.54,0.0,22,179386,买盘
10:37:04,81.55,0.01,17,138619,买盘
10:37:07,81.53,-0.02,30,244597,卖盘
10:37:10,81.54,0.01,118,962042,买盘
10:37:13,81.52,-0.02,99,807091,卖盘
10:37:16,81.54,0.02,17,138616,买盘
10:37:17,81.54,0.0,166,1353264,买盘
10:37:21,81.54,0.0,13,106006,卖盘
10:37:24,81.54,0.0,49,399546,卖盘
10:37:27,81.54,0.0,96,782867,卖盘
10:37:31,81.53,-0.01,40,326153,卖盘
10:37:34,81.55,0.02,53,432160,买盘
10:37:37,81.55,0.0,14,114172,中性盘
10:37:39,81.56,0.01,49,399599,买盘
10:37:43,81.55,-0.01,27,220174,卖盘
10:37:46,81.54,-0.01,82,668623,卖盘
10:37:49,81.54,0.0,110,896859,买盘
10:37:52,81.55,0.01,11,89701,买盘
10:37:54,81.55,0.0,117,954003,买盘
10:37:58,81.55,0.0,10,81550,卖盘
10:38:01,81.55,0.0,6,48931,卖盘
10:38:02,81.55,0.0,69,562700,卖盘
10:38:07,81.55,0.0,13,106016,卖盘
10:38:10,81.56,0.01,274,2233930,买盘
10:38:13,81.55,-0.01,163,1328900,买盘
10:38:16,81.53,-0.02,87,709228,买盘
10:38:17,81.5,-0.03,209,1703496,卖盘
10:38:22,81.5,0.0,542,4417348,卖盘
10:38:25,81.49,-0.01,410,3341648,卖盘
10:38:28,81.48,-0.01,424,3454811,卖盘
10:38:31,81.48,0.0,420,3421892,卖盘
10:38:34,81.46,-0.02,83,676071,卖盘
10:38:37,81.46,0.0,46,374685,买盘
10:38:39,81.45,-0.01,372,3029976,卖盘
10:38:43,81.44,-0.01,89,724841,卖盘
10:38:46,81.45,0.01,282,2296455,买盘
10:38:49,81.42,-0.03,218,1774814,卖盘
10:38:52,81.42,0.0,108,879310,买盘
10:38:54,81.41,-0.01,168,1367713,卖盘
10:38:58,81.41,0.0,110,895472,卖盘
10:39:01,81.4,-0.01,62,504719,卖盘
10:39:02,81.4,0.0,341,2775781,卖盘
10:39:07,81.4,0.0,166,1351277,卖盘
10:39:09,81.4,0.0,220,1790802,卖盘
10:39:13,81.4,0.0,21,170940,买盘
10:39:16,81.4,0.0,25,203491,买盘
10:39:17,81.41,0.01,32,260498,买盘
10:39:22,81.41,0.0,318,2588491,买盘
10:39:25,81.41,0.0,65,529160,买盘
10:39:28,81.41,0.0,10,81410,卖盘
10:39:30,81.42,0.01,21,170973,买盘
10:39:34,81.42,0.0,32,260519,买盘
10:39:36,81.42,0.0,27,219817,卖盘
10:39:40,81.43,0.01,16,130290,中性盘
10:39:43,81.45,0.02,33,268726,买盘
10:39:45,81.45,0.0,63,513102,买盘
10:39:47,81.44,-0.01,74,602732,卖盘
10:39:50,81.45,0.01,51,415362,卖盘
10:39:55,81.45,0.0,30,244348,中性盘
10:39:58,81.44,-0.01,32,260620,中性盘
10:40:00,81.44,0.0,33,268761,卖盘
10:40:02,81.46,0.02,32,260645,买盘
10:40:07,81.46,0.0,18,146628,卖盘
10:40:10,81.44,-0.02,63,513121,卖盘
10:40:13,81.45,0.01,40,325823,买盘
10:40:16,81.46,0.01,6,48874,买盘
10:40:17,81.45,-0.01,94,765619,卖盘
10:40:22,81.45,0.0,33,268785,买盘
10:40:25,81.45,0.0,41,333945,买盘
10:40:28,81.45,0.0,97,790020,买盘
10:40:31,81.46,0.01,24,195471,买盘
10:40:34,81.46,0.0,13,105892,买盘
10:40:37,81.46,0.0,43,350261,买盘
10:40:40,81.47,0.01,7,57024,买盘
10:40:43,81.45,-0.02,79,643503,卖盘
10:40:46,81.47,0.02,28,228078,买盘
10:40:49,81.47,0.0,61,496877,卖盘
10:40:52,81.47,0.0,18,146621,买盘
10:40:55,81.47,0.0,22,179228,买盘
10:40:57,81.47,0.0,26,211831,买盘
10:41:00,81.48,0.01,127,1034617,买盘
10:41:04,81.48,0.0,14,114067,买盘
10:41:06,81.47,-0.01,10,81467,买盘
10:41:10,81.47,0.0,26,211822,买盘
10:41:13,81.47,0.0,6,48887,卖盘
10:41:16,81.48,0.01,15,122213,买盘
10:41:19,81.47,-0.01,20,162943,卖盘
10:41:22,81.48,0.01,96,782131,买盘
10:41:25,81.47,-0.01,34,276999,卖盘
10:41:28,81.48,0.01,33,268863,买盘
10:41:31,81.46,-0.02,53,431748,卖盘
10:41:34,81.46,0.0,40,325840,买盘
10:41:37,81.46,0.0,26,211796,买盘
10:41:40,81.45,-0.01,238,1938566,卖盘
10:41:43,81.45,0.0,78,635258,买盘
10:41:46,81.46,0.01,119,969165,买盘
10:41:49,81.45,-0.01,39,317675,卖盘
10:41:52,81.47,0.02,140,1140337,买盘
10:41:55,81.47,0.0,182,1482320,买盘
10:41:58,81.46,-0.01,83,676147,卖盘
10:42:00,81.45,-0.01,47,382832,卖盘
10:42:04,81.44,-0.01,330,2687335,卖盘
10:42:06,81.44,0.0,31,252464,买盘
10:42:09,81.42,-0.02,91,740944,卖盘
10:42:13,81.45,0.03,276,2247180,买盘
10:42:16,81.45,0.0,41,333943,买盘
10:42:17,81.44,-0.01,96,781825,卖盘
10:42:22,81.45,0.01,32,260619,买盘
10:42:25,81.44,-0.01,16,130293,卖盘
10:42:27,81.42,-0.02,20,162843,卖盘
10:42:31,81.43,0.01,7,57009,中性盘
10:42:32,81.45,0.02,78,635126,买盘
10:42:37,81.46,0.01,23,187343,买盘
10:42:40,81.45,-0.01,20,162868,买盘
10:42:43,81.45,0.0,31,252491,买盘
10:42:46,81.45,0.0,19,154742,买盘
10:42:49,81.45,0.0,52,423514,中性盘
10:42:52,81.45,0.0,15,122178,买盘
10:42:54,81.45,0.0,21,171054,卖盘
10:42:58,81.45,0.0,53,431639,买盘
10:43:00,81.44,-0.01,172,1400916,卖盘
10:43:04,81.44,0.0,101,822563,卖盘
10:43:07,81.42,-0.02,64,521154,卖盘
10:43:10,81.43,0.01,18,146574,买盘
10:43:12,81.41,-0.02,257,2092455,卖盘
10:43:15,81.41,0.0,207,1685249,卖盘
10:43:17,81.41,0.0,512,4167822,卖盘
10:43:21,81.4,-0.01,149,1212915,卖盘
10:43:25,81.39,-0.01,183,1489506,卖盘
10:43:27,81.39,0.0,227,1847629,卖盘
10:43:31,81.4,0.01,88,716252,买盘
10:43:32,81.4,0.0,92,748819,买盘
10:43:36,81.39,-0.01,209,1701102,卖盘
10:43:40,81.4,0.01,122,993030,买盘
10:43:43,81.4,0.0,129,1050011,卖盘
10:43:45,81.41,0.01,36,293038,买盘
10:43:49,81.4,-0.01,47,382577,买盘
10:43:52,81.39,-0.01,61,496503,卖盘
10:43:54,81.4,0.01,36,293042,中性盘
10:43:58,81.41,0.01,72,586086,买盘
10:44:00,81.4,-0.01,113,919871,卖盘
10:44:04,81.4,0.0,66,537178,卖盘
10:44:07,81.4,0.0,65,529063,买盘
10:44:10,81.4,0.0,49,398845,买盘
10:44:13,81.39,-0.01,97,789541,卖盘
10:44:16,81.4,0.01,56,455825,买盘
10:44:19,81.4,0.0,104,846499,买盘
10:44:21,81.4,0.0,400,3255620,买盘
10:44:25,81.39,-0.01,74,602262,中性盘
10:44:27,81.39,0.0,29,236022,买盘
10:44:31,81.38,-0.01,105,854603,卖盘
10:44:32,81.38,0.0,58,472059,卖盘
10:44:37,81.39,0.01,272,2213644,买盘
10:44:40,81.38,-0.01,354,2881189,卖盘
10:44:42,81.4,0.02,134,1090679,买盘
10:44:46,81.37,-0.03,632,5143206,卖盘
10:44:49,81.38,0.01,167,1359012,买盘
10:44:52,81.37,-0.01,236,1918737,卖盘
10:44:55,81.37,0.0,30,244115,卖盘
10:44:58,81.38,0.01,32,260401,买盘
10:45:01,81.37,-0.01,97,789235,卖盘
10:45:04,81.37,0.0,294,2392027,中性盘
10:45:07,81.37,0.0,665,5410260,买盘
10:45:09,81.36,-0.01,83,675357,卖盘
10:45:13,81.36,0.0,92,748511,卖盘
10:45:16,81.37,0.01,364,2961345,买盘
10:45:17,81.35,-0.02,92,748503,卖盘
10:45:21,81.36,0.01,32,260394,中性盘
10:45:25,81.37,0.01,25,203468,卖盘
10:45:28,81.37,0.0,95,773110,卖盘
10:45:31,81.39,0.02,3,24417,中性盘
10:45:34,81.37,-0.02,130,1057897,卖盘
10:45:37,81.38,0.01,42,341820,买盘
10:45:40,81.4,0.02,99,805955,买盘
10:45:43,81.42,0.02,24,195376,买盘
10:45:46,81.43,0.01,25,203516,买盘
10:45:49,81.42,-0.01,34,276775,卖盘
10:45:52,81.44,0.02,37,301277,买盘
10:45:54,81.46,0.02,81,659712,买盘
10:45:57,81.48,0.02,143,1164978,买盘
10:46:01,81.49,0.01,14,114081,买盘
10:46:04,81.46,-0.03,60,488838,卖盘
10:46:07,81.48,0.02,2,16296,中性盘
10:46:10,81.47,-0.01,36,293267,买盘
10:46:13,81.49,0.02,136,1108080,买盘
10:46:15,81.49,0.0,25,203701,买盘
10:46:19,81.49,0.0,58,472605,买盘
10:46:21,81.49,0.0,146,1189687,买盘
10:46:25,81.48,-0.01,14,114068,中性盘
10:46:28,81.48,0.0,15,122216,买盘
10:46:31,81.46,-0.02,128,1042903,卖盘
10:46:34,81.46,0.0,34,276964,买盘
10:46:37,81.46,0.0,32,260671,买盘
10:46:40,81.47,0.01,40,325842,买盘
10:46:42,81.48,0.01,57,464326,买盘
10:46:46,81.48,0.0,32,260722,买盘
10:46:49,81.46,-0.02,70,570253,卖盘
10:46:52,81.48,0.02,23,187402,买盘
10:46:55,81.49,0.01,8,65186,买盘
10:46:58,81.48,-0.01,81,660049,卖盘
10:47:01,81.48,0.0,29,236311,卖盘
10:47:04,81.49,0.01,162,1320092,买盘
10:47:07,81.49,0.0,70,570409,买盘
10:47:10,81.48,-0.01,123,1002245,卖盘
10:47:13,81.49,0.01,56,456339,中性盘
10:47:16,81.5,0.01,63,513419,买盘
10:47:19,81.49,-0.01,48,391150,中性盘
10:47:22,81.49,0.0,65,529679,卖盘
10:47:25,81.48,-0.01,31,252613,卖盘
10:47:27,81.48,0.0,389,3170134,卖盘
10:47:31,81.5,0.02,5,40750,买盘
10:47:34,81.49,-0.01,65,529683,卖盘
10:47:37,81.49,0.0,10,81490,中性盘
10:47:39,81.49,0.0,26,211873,买盘
10:47:43,81.49,0.0,61,497113,买盘
10:47:46,81.49,0.0,43,350376,买盘
10:47:49,81.48,-0.01,46,374827,卖盘
10:47:52,81.49,0.01,10,81490,卖盘
10:47:54,81.5,0.01,38,309668,买盘
10:47:58,81.5,0.0,8,65200,买盘
10:48:01,81.5,0.0,26,211881,买盘
10:48:04,81.5,0.0,52,423734,买盘
10:48:07,81.5,0.0,5,40750,买盘
10:48:09,81.5,0.0,32,260799,买盘
10:48:13,81.5,0.0,14,114097,买盘
10:48:16,81.49,-0.01,13,105941,卖盘
10:48:19,81.5,0.01,47,383013,买盘
10:48:21,81.5,0.0,140,1140934,买盘
10:48:25,81.5,0.0,8,65198,买盘
10:48:28,81.5,0.0,4,32111,卖盘
10:48:31,81.49,-0.01,79,644271,卖盘
10:48:34,81.48,-0.01,170,1384785,卖盘
10:48:37,81.48,0.0,39,317783,卖盘
10:48:40,81.5,0.02,2,16299,买盘
10:48:42,81.51,0.01,61,497162,买盘
10:48:45,81.5,-0.01,27,220054,卖盘
10:48:49,81.52,0.02,88,717171,买盘
10:48:52,81.51,-0.01,6,48906,卖盘
10:48:55,81.51,0.0,10,81510,买盘
10:48:58,81.51,0.0,16,130414,买盘
10:49:01,81.5,-0.01,59,480856,卖盘
10:49:04,81.5,0.0,41,334153,卖盘
10:49:07,81.5,0.0,29,236371,卖盘
10:49:10,81.49,-0.01,85,692859,卖盘
10:49:13,81.5,0.01,8,65201,中性盘
10:49:16,81.51,0.01,55,448212,买盘
10:49:19,81.51,0.0,47,383038,买盘
10:49:22,81.51,0.0,28,228238,卖盘
10:49:25,81.51,0.0,55,448261,买盘
10:49:28,81.51,0.0,6,48906,卖盘
10:49:31,81.51,0.0,11,89659,买盘
10:49:34,81.51,0.0,79,643855,买盘
10:49:37,81.51,0.0,69,562402,买盘
10:49:40,81.51,0.0,40,326045,卖盘
10:49:43,81.52,0.01,13,105976,买盘
10:49:46,81.53,0.01,36,293481,买盘
10:49:49,81.51,-0.02,74,603208,卖盘
10:49:52,81.52,0.01,16,130429,中性盘
10:49:55,81.52,0.0,41,334226,买盘
10:49:58,81.52,0.0,33,269015,买盘
10:50:01,81.51,-0.01,108,880304,卖盘
10:50:02,81.51,0.0,44,358602,买盘
10:50:07,81.52,0.01,34,277142,买盘
10:50:10,81.51,-0.01,63,513501,卖盘
10:50:13,81.52,0.01,63,513576,买盘
10:50:16,81.52,0.0,68,554311,买盘
10:50:19,81.52,0.0,28,228256,卖盘
10:50:22,81.52,0.0,56,456468,买盘
10:50:24,81.52,0.0,7,57061,买盘
10:50:28,81.53,0.01,62,505426,买盘
10:50:30,81.53,0.0,4,32610,买盘
10:50:32,81.52,-0.01,57,464613,卖盘
10:50:37,81.53,0.01,18,146754,买盘
10:50:39,81.52,-0.01,31,252712,卖盘
10:50:43,81.52,0.0,94,766247,买盘
10:50:46,81.52,0.0,124,1010746,买盘
10:50:47,81.52,0.0,60,489064,买盘
10:50:51,81.52,0.0,312,2543424,买盘
10:50:55,81.52,0.0,70,570697,卖盘
10:50:57,81.52,0.0,31,252712,卖盘
10:51:01,81.52,0.0,22,179357,卖盘
10:51:04,81.53,0.01,38,309780,买盘
10:51:06,81.52,-0.01,103,839803,卖盘
10:51:10,81.55,0.03,17,138604,买盘
10:51:13,81.53,-0.02,37,301725,卖盘
10:51:15,81.53,0.0,5,40765,卖盘
10:51:19,81.52,-0.01,83,676687,卖盘
10:51:22,81.53,0.01,21,171214,中性盘
10:51:25,81.54,0.01,116,945838,买盘
10:51:28,81.55,0.01,29,236475,买盘
10:51:31,81.55,0.0,2,16310,买盘
10:51:34,81.54,-0.01,118,962192,卖盘
10:51:37,81.54,0.0,134,1092759,卖盘
10:51:40,81.56,0.02,55,448526,买盘
10:51:43,81.54,-0.02,159,1296607,卖盘
10:51:46,81.52,-0.02,228,1858871,卖盘
10:51:47,81.54,0.02,17,138630,卖盘
10:51:52,81.54,0.0,41,334368,卖盘
10:51:55,81.54,0.0,77,627862,买盘
10:51:57,81.55,0.01,58,472921,买盘
10:52:00,81.55,0.0,2,16310,买盘
10:52:04,81.55,0.0,30,244636,买盘
10:52:07,81.56,0.01,60,489333,买盘
10:52:10,81.55,-0.01,39,318042,买盘
10:52:12,81.55,0.0,29,236519,卖盘
10:52:16,81.55,0.0,196,1598393,卖盘
10:52:19,81.55,0.0,32,260975,卖盘
10:52:22,81.55,0.0,12,97860,卖盘
10:52:25,81.56,0.01,14,114174,买盘
10:52:28,81.56,0.0,115,937867,买盘
10:52:31,81.56,0.0,5,40780,买盘
10:52:34,81.58,0.02,75,611770,买盘
10:52:37,81.58,0.0,62,505716,买盘
10:52:39,81.58,0.0,91,742362,买盘
10:52:43,81.58,0.0,93,758776,卖盘
10:52:46,81.6,0.02,3,24478,买盘
10:52:47,81.59,-0.01,47,383499,卖盘
10:52:52,81.6,0.01,37,301917,买盘
10:52:55,81.6,0.0,25,203977,买盘
10:52:57,81.6,0.0,140,1142418,买盘
10:53:00,81.64,0.04,46,375421,买盘
10:53:02,81.65,0.01,148,1208403,买盘
10:53:06,81.61,-0.04,6,48966,中性盘
10:53:12,81.67,0.06,21,171469,买盘
10:53:16,81.68,0.01,40,326685,买盘
10:53:19,81.68,0.0,24,196023,买盘
10:53:22,81.65,-0.03,97,792103,卖盘
10:53:24,81.67,0.02,46,375693,买盘
10:53:28,81.68,0.01,57,465583,买盘
10:53:31,81.7,0.02,27,220575,买盘
10:53:34,81.68,-0.02,61,498255,卖盘
10:53:36,81.68,0.0,110,898504,卖盘
10:53:40,81.69,0.01,70,571785,买盘
10:53:43,81.69,0.0,154,1257979,买盘
10:53:46,81.7,0.01,20,161325,买盘
10:53:49,81.69,-0.01,31,253239,中性盘
10:53:52,81.69,0.0,96,784303,卖盘
10:53:54,81.7,0.01,64,522859,买盘
10:53:57,81.7,0.0,89,727080,中性盘
10:54:01,81.71,0.01,36,294154,买盘
10:54:04,81.71,0.0,41,334989,买盘
10:54:07,81.7,-0.01,90,735367,卖盘
10:54:10,81.7,0.0,34,277789,卖盘
10:54:13,81.74,0.04,160,1307445,买盘
10:54:16,81.72,-0.02,56,457709,卖盘
10:54:19,81.72,0.0,320,2615054,卖盘
10:54:22,81.73,0.01,20,163475,中性盘
10:54:25,81.74,0.01,18,147130,买盘
10:54:28,81.74,0.0,31,253388,买盘
10:54:31,81.73,-0.01,38,310605,卖盘
10:54:34,81.77,0.04,351,2869367,买盘
10:54:37,81.8,0.03,98,801505,买盘
10:54:39,81.75,-0.05,6,46598,卖盘
10:54:43,81.77,0.02,370,3025072,卖盘
10:54:46,81.78,0.01,39,318946,中性盘
10:54:49,81.78,0.0,74,605232,买盘
10:54:52,81.79,0.01,244,1995847,买盘
10:54:55,81.79,0.0,51,417128,买盘
10:54:58,81.78,-0.01,178,1455885,卖盘
10:55:01,81.8,0.02,56,458041,买盘
10:55:02,81.8,0.0,33,269917,买盘
10:55:07,81.79,-0.01,29,237196,卖盘
10:55:10,81.79,0.0,52,425329,卖盘
10:55:13,81.8,0.01,216,1766703,买盘
10:55:16,81.79,-0.01,185,1513085,中性盘
10:55:19,81.78,-0.01,81,662484,卖盘
10:55:22,81.78,0.0,246,2011815,卖盘
10:55:24,81.76,-0.02,55,449720,卖盘
10:55:28,81.75,-0.01,250,2044079,卖盘
10:55:31,81.76,0.01,108,883008,中性盘
10:55:34,81.77,0.01,40,327066,买盘
10:55:37,81.76,-0.01,78,637786,卖盘
10:55:40,81.77,0.01,34,278002,买盘
10:55:43,81.77,0.0,100,817702,买盘
10:55:46,81.77,0.0,119,973032,卖盘
10:55:49,81.77,0.0,35,286200,卖盘
10:55:52,81.77,0.0,42,343448,卖盘
10:55:55,81.77,0.0,94,768674,卖盘
10:55:57,81.78,0.01,38,310745,买盘
10:56:00,81.78,0.0,100,817750,买盘
10:56:02,81.78,0.0,24,196273,卖盘
10:56:07,81.78,0.0,99,809626,卖盘
10:56:10,81.78,0.0,42,343459,买盘
10:56:13,81.79,0.01,59,482543,买盘
10:56:16,81.79,0.0,124,1014048,买盘
10:56:19,81.79,0.0,56,458017,买盘
10:56:22,81.78,-0.01,60,490608,卖盘
10:56:24,81.79,0.01,97,793379,买盘
10:56:28,81.72,-0.07,55,449553,卖盘
10:56:31,81.77,0.05,13,106301,买盘
10:56:32,81.77,0.0,86,703162,买盘
10:56:37,81.77,0.0,86,703178,买盘
10:56:40,81.77,0.0,56,457795,买盘
10:56:43,81.77,0.0,64,523249,买盘
10:56:46,81.78,0.01,9,73600,中性盘
10:56:47,81.79,0.01,153,1251370,买盘
10:56:51,81.79,0.0,50,408950,卖盘
10:56:55,81.8,0.01,97,793401,买盘
10:56:58,81.8,0.0,37,302636,买盘
10:57:01,81.79,-0.01,162,1325034,卖盘
10:57:04,81.8,0.01,131,1071443,买盘
10:57:07,81.78,-0.02,25,204491,中性盘
10:57:10,81.8,0.02,144,1177640,买盘
10:57:13,81.8,0.0,177,1447305,买盘
10:57:16,81.78,-0.02,83,678806,卖盘
10:57:19,81.78,0.0,72,588845,卖盘
10:57:22,81.78,0.0,141,1153163,卖盘
10:57:26,81.78,0.0,138,1128583,卖盘
10:57:28,81.78,0.0,23,188105,卖盘
10:57:31,81.79,0.01,150,1226750,买盘
10:57:35,81.8,0.01,87,711585,买盘
10:57:37,81.79,-0.01,76,621622,卖盘
10:57:40,81.79,0.0,64,523456,卖盘
10:57:43,81.77,-0.02,102,834179,卖盘
10:57:45,81.77,0.0,43,351669,买盘
10:57:52,81.76,-0.01,73,596854,卖盘
10:57:54,81.77,0.01,30,245309,买盘
10:57:57,81.76,-0.01,28,228952,卖盘
10:58:01,81.79,0.03,103,842179,买盘
10:58:04,81.76,-0.03,182,1488153,卖盘
10:58:06,81.76,0.0,6,49063,买盘
10:58:10,81.77,0.01,13,106300,买盘
10:58:13,81.77,0.0,36,294356,买盘
10:58:16,81.77,0.0,103,842149,买盘
10:58:19,81.77,0.0,121,989389,中性盘
10:58:22,81.77,0.0,101,825954,买盘
10:58:25,81.73,-0.04,646,5281651,卖盘
10:58:27,81.72,-0.01,157,1283075,卖盘
10:58:31,81.76,0.04,239,1952691,买盘
10:58:34,81.7,-0.06,62,506482,卖盘
10:58:36,81.64,-0.06,70,571553,卖盘
10:58:40,81.67,0.03,55,449095,买盘
10:58:42,81.64,-0.03,44,359282,卖盘
10:58:46,81.7,0.06,22,179685,买盘
10:58:49,81.7,0.0,6,49020,买盘
10:58:52,81.7,0.0,68,555392,买盘
10:58:55,81.7,0.0,85,694450,买盘
10:58:58,81.69,-0.01,5,40846,中性盘
10:59:01,81.66,-0.03,127,1037103,卖盘
10:59:04,81.69,0.03,84,685951,买盘
10:59:06,81.69,0.0,25,204242,卖盘
10:59:10,81.7,0.01,120,980360,买盘
10:59:13,81.7,0.0,4,32678,买盘
10:59:16,81.69,-0.01,31,253246,卖盘
10:59:19,81.7,0.01,36,294129,卖盘
10:59:23,81.7,0.0,50,408517,卖盘
10:59:25,81.75,0.05,107,874477,买盘
10:59:28,81.75,0.0,3,24525,卖盘
10:59:31,81.75,0.0,3,24526,卖盘
10:59:34,81.75,0.0,66,539585,卖盘
10:59:37,81.75,0.0,27,220727,卖盘
10:59:40,81.75,0.0,420,3435150,卖盘
10:59:42,81.76,0.01,15,122652,中性盘
10:59:46,81.8,0.04,69,564384,买盘
10:59:49,81.79,-0.01,12,98149,卖盘
10:59:52,81.78,-0.01,126,1030543,卖盘
10:59:54,81.78,0.0,31,253507,买盘
10:59:57,81.75,-0.03,105,858447,卖盘
11:00:01,81.78,0.03,8,65424,买盘
11:00:04,81.78,0.0,19,155347,买盘
11:00:09,81.78,0.0,122,997619,买盘
11:00:13,81.77,-0.01,12,98134,中性盘
11:00:16,81.78,0.01,44,359779,买盘
11:00:19,81.77,-0.01,31,253448,中性盘
11:00:22,81.78,0.01,36,294381,买盘
11:00:25,81.76,-0.02,23,188048,中性盘
11:00:28,81.76,0.0,7,57234,买盘
11:00:31,81.76,0.0,23,187943,买盘
11:00:34,81.75,-0.01,21,171694,中性盘
11:00:37,81.75,0.0,34,277844,买盘
11:00:40,81.72,-0.03,10,81744,中性盘
11:00:43,81.71,-0.01,87,711009,卖盘
11:00:46,81.7,-0.01,71,580112,卖盘
11:00:49,81.73,0.03,16,130754,买盘
11:00:52,81.73,0.0,2,16346,卖盘
11:00:54,81.73,0.0,12,98076,卖盘
11:00:58,81.73,0.0,21,171623,卖盘
11:01:01,81.75,0.02,12,98096,买盘
11:01:04,81.74,-0.01,44,359668,卖盘
11:01:07,81.75,0.01,12,98100,买盘
11:01:10,81.75,0.0,12,98100,买盘
11:01:13,81.74,-0.01,35,286092,卖盘
11:01:16,81.73,-0.01,7,57216,卖盘
11:01:19,81.75,0.02,428,3499213,买盘
11:01:22,81.77,0.02,146,1193363,买盘
11:01:25,81.78,0.01,58,474202,买盘
11:01:30,81.79,0.01,689,5639768,买盘
11:01:34,81.78,-0.01,130,1063421,卖盘
11:01:37,81.79,0.01,26,212652,中性盘
11:01:39,81.85,0.06,687,5621918,买盘
11:01:43,81.85,0.0,116,949460,卖盘
11:01:45,81.85,0.0,44,360148,卖盘
11:01:47,81.86,0.01,194,1584040,买盘
11:01:51,81.88,0.02,15,128866,买盘
11:01:55,81.9,0.02,1136,9297754,买盘
11:01:57,81.91,0.01,73,597919,买盘
11:02:01,81.91,0.0,15,122877,卖盘
11:02:04,81.92,0.01,72,589812,买盘
11:02:07,81.93,0.01,26,213000,买盘
11:02:10,81.91,-0.02,38,311297,卖盘
11:02:12,81.93,0.02,97,794664,买盘
11:02:16,81.91,-0.02,64,524335,中性盘
11:02:19,81.92,0.01,24,196576,买盘
11:02:22,81.91,-0.01,26,212989,中性盘
11:02:24,81.92,0.01,332,2720283,买盘
11:02:28,81.91,-0.01,149,1220611,卖盘
11:02:31,81.89,-0.02,28,229328,卖盘
11:02:34,81.89,0.0,82,671530,卖盘
11:02:37,81.88,-0.01,49,401282,卖盘
11:02:40,81.88,0.0,19,155572,买盘
11:02:43,81.89,0.01,10,81888,买盘
11:02:46,81.9,0.01,242,1981936,买盘
11:02:49,81.89,-0.01,34,278413,中性盘
11:02:51,81.88,-0.01,112,917080,卖盘
11:02:55,81.88,0.0,94,773625,买盘
11:02:58,81.84,-0.04,42,343788,卖盘
11:03:01,81.84,0.0,20,163687,买盘
11:03:04,81.85,0.01,13,106396,买盘
11:03:06,81.84,-0.01,12,98202,买盘
11:03:09,81.84,0.0,86,703714,卖盘
11:03:13,81.81,-0.03,235,1922836,卖盘
11:03:16,81.83,0.02,7,57275,买盘
11:03:19,81.82,-0.01,64,523601,买盘
11:03:22,81.83,0.01,67,548157,买盘
11:03:25,81.83,0.0,73,597348,买盘
11:03:28,81.82,-0.01,47,384510,中性盘
11:03:31,81.83,0.01,21,171836,买盘
11:03:32,81.83,0.0,97,793676,买盘
11:03:37,81.82,-0.01,29,237296,卖盘
11:03:39,81.82,0.0,112,916585,卖盘
11:03:43,81.82,0.0,43,351860,卖盘
11:03:46,81.83,0.01,40,327313,卖盘
11:03:47,81.85,0.02,15,122760,买盘
11:03:51,81.83,-0.02,42,343752,卖盘
11:03:55,81.83,0.0,130,1063768,卖盘
11:03:57,81.85,0.02,51,417376,买盘
11:04:01,81.85,0.0,13,106385,买盘
11:04:02,81.85,0.0,29,237348,买盘
11:04:06,81.84,-0.01,66,540209,中性盘
11:04:10,81.83,-0.01,50,409156,卖盘
11:04:13,81.85,0.02,27,220979,买盘
11:04:16,81.85,0.0,114,933085,买盘
11:04:19,81.82,-0.03,230,1881942,卖盘
11:04:22,81.83,0.01,203,1661116,买盘
11:04:25,81.83,0.0,14,114562,买盘
11:04:28,81.83,0.0,7,57281,买盘
11:04:31,81.83,0.0,8,61046,买盘
11:04:34,81.83,0.0,16,130928,卖盘
11:04:40,81.84,0.01,78,638344,买盘
11:04:42,81.84,0.0,3,24551,买盘
11:04:46,81.83,-0.01,158,1292980,卖盘
11:04:49,81.83,0.0,69,568985,卖盘
11:04:52,81.82,-0.01,43,351818,中性盘
11:04:54,81.83,0.01,18,147294,买盘
11:04:58,81.82,-0.01,9,73638,卖盘
11:05:00,81.82,0.0,1,8182,买盘
11:05:04,81.81,-0.01,31,253646,卖盘
11:05:07,81.82,0.01,10,81814,卖盘
11:05:10,81.83,0.01,6,49095,买盘
11:05:13,81.82,-0.01,143,1170158,卖盘
11:05:16,81.82,0.0,1,8182,卖盘
11:05:19,81.83,0.01,21,171824,买盘
11:05:22,81.82,-0.01,95,777359,卖盘
11:05:25,81.82,0.0,69,564573,卖盘
11:05:27,81.82,0.0,149,1218960,卖盘
11:05:31,81.82,0.0,174,1423460,买盘
11:05:32,81.8,-0.02,147,1202432,中性盘
11:05:36,81.78,-0.02,132,1079155,卖盘
11:05:40,81.78,0.0,139,1136206,买盘
11:05:43,81.74,-0.04,17,138956,卖盘
11:05:46,81.76,0.02,67,547641,买盘
11:05:49,81.73,-0.03,37,302383,卖盘
11:05:51,81.73,0.0,21,171633,买盘
11:05:55,81.72,-0.01,54,441292,卖盘
11:05:58,81.72,0.0,37,302371,卖盘
11:06:01,81.72,0.0,76,621152,卖盘
11:06:04,81.72,0.0,23,187974,卖盘
11:06:06,81.73,0.01,87,710978,买盘
11:06:09,81.72,-0.01,27,220660,卖盘
11:06:13,81.73,0.01,138,1127781,买盘
11:06:16,81.73,0.0,25,204325,卖盘
11:06:17,81.75,0.02,24,196177,买盘
11:06:22,81.75,0.0,16,130800,卖盘
11:06:25,81.75,0.0,19,155325,卖盘
11:06:28,81.75,0.0,25,204377,卖盘
11:06:31,81.75,0.0,58,474198,卖盘
11:06:34,81.75,0.0,36,294308,卖盘
11:06:37,81.76,0.01,27,220725,买盘
11:06:40,81.76,0.0,4,32704,买盘
11:06:42,81.76,0.0,32,261610,买盘
11:06:46,81.75,-0.01,53,433325,卖盘
11:06:49,81.76,0.01,48,392449,买盘
11:06:52,81.76,0.0,63,515088,卖盘
11:06:55,81.76,0.0,22,179872,卖盘
11:06:58,81.76,0.0,109,891187,卖盘
11:07:01,81.77,0.01,79,645983,买盘
11:07:04,81.77,0.0,17,139011,卖盘
11:07:06,81.78,0.01,36,294373,买盘
11:07:10,81.77,-0.01,31,253505,卖盘
11:07:16,81.77,0.0,24,196262,卖盘
11:07:17,81.79,0.02,51,417032,买盘
11:07:22,81.79,0.0,27,220817,买盘
11:07:24,81.79,0.0,47,384413,买盘
11:07:28,81.77,-0.02,118,964966,卖盘
11:07:30,81.77,0.0,41,335257,买盘
11:07:34,81.77,0.0,21,171717,买盘
11:07:37,81.77,0.0,13,106299,买盘
11:07:40,81.77,0.0,229,1872152,买盘
11:07:43,81.77,0.0,100,817564,买盘
11:07:46,81.77,0.0,46,376138,买盘
11:07:49,81.74,-0.03,10,81739,买盘
11:07:52,81.76,0.02,27,220706,买盘
11:07:55,81.73,-0.03,35,286096,卖盘
11:07:58,81.73,0.0,12,98076,卖盘
11:08:01,81.75,0.02,26,212584,卖盘
11:08:04,81.76,0.01,20,163509,中性盘
11:08:07,81.76,0.0,27,220708,卖盘
11:08:10,81.76,0.0,24,196203,买盘
11:08:13,81.74,-0.02,50,408710,卖盘
11:08:16,81.74,0.0,27,220698,买盘
11:08:19,81.74,0.0,10,81740,买盘
11:08:22,81.74,0.0,30,245208,买盘
11:08:25,81.73,-0.01,56,457697,卖盘
11:08:28,81.73,0.0,55,449535,卖盘
11:08:30,81.74,0.01,2,16348,买盘
11:08:34,81.74,0.0,87,711083,买盘
11:08:37,81.73,-0.01,25,204327,卖盘
11:08:40,81.73,0.0,176,1438457,卖盘
11:08:43,81.73,0.0,143,1168706,买盘
11:08:45,81.73,0.0,48,392299,买盘
11:08:49,81.71,-0.02,174,1421759,卖盘
11:08:52,81.71,0.0,19,155256,卖盘
11:08:55,81.71,0.0,4,32684,卖盘
11:08:57,81.7,-0.01,76,620982,卖盘
11:09:00,81.7,0.0,316,2581738,卖盘
11:09:02,81.7,0.0,29,236928,买盘
11:09:06,81.7,0.0,28,228741,买盘
11:09:10,81.7,0.0,4,32680,买盘
11:09:12,81.69,-0.01,29,236909,卖盘
11:09:16,81.69,0.0,14,114366,卖盘
11:09:19,81.69,0.0,59,481977,卖盘
11:09:21,81.69,0.0,55,449243,买盘
11:09:25,81.68,-0.01,54,441078,卖盘
11:09:28,81.69,0.01,81,661690,买盘
11:09:30,81.68,-0.01,15,122519,卖盘
11:09:34,81.68,0.0,139,1135297,买盘
11:09:37,81.68,0.0,2,16336,买盘
11:09:40,81.66,-0.02,30,245032,卖盘
11:09:43,81.68,0.02,18,146996,买盘
11:09:45,81.68,0.0,42,343058,买盘
11:09:49,81.6,-0.08,549,4480798,卖盘
11:09:52,81.6,0.0,17,138720,买盘
11:09:54,81.59,-0.01,33,269274,卖盘
11:09:57,81.59,0.0,59,481418,卖盘
11:10:01,81.58,-0.01,116,946442,卖盘
11:10:02,81.59,0.01,114,930190,买盘
11:10:07,81.6,0.01,49,399801,买盘
11:10:10,81.59,-0.01,31,252940,卖盘
11:10:13,81.6,0.01,179,1460578,买盘
11:10:15,81.6,0.0,36,293711,买盘
11:10:19,81.59,-0.01,33,269259,卖盘
11:10:21,81.61,0.02,124,1011690,买盘
11:10:25,81.6,-0.01,21,171379,卖盘
11:10:28,81.6,0.0,12,97930,卖盘
11:10:31,81.61,0.01,79,644699,卖盘
11:10:34,81.6,-0.01,22,179530,卖盘
11:10:36,81.61,0.01,148,1207742,买盘
11:10:40,81.6,-0.01,141,1150661,卖盘
11:10:43,81.6,0.0,111,905726,卖盘
11:10:45,81.6,0.0,79,644631,买盘
11:10:49,81.59,-0.01,1,8159,卖盘
11:10:52,81.6,0.01,106,864880,买盘
11:10:55,81.6,0.0,84,685344,买盘
11:10:58,81.59,-0.01,110,897526,卖盘
11:11:00,81.58,-0.01,10,81588,中性盘
11:11:04,81.57,-0.01,137,1117650,卖盘
11:11:06,81.57,0.0,36,293640,卖盘
11:11:09,81.57,0.0,28,228396,买盘
11:11:12,81.57,0.0,663,5408191,买盘
11:11:15,81.57,0.0,19,154984,卖盘
11:11:19,81.57,0.0,31,252877,卖盘
11:11:22,81.57,0.0,54,435844,卖盘
11:11:24,81.57,0.0,48,391565,卖盘
11:11:28,81.57,0.0,17,138678,卖盘
11:11:31,81.56,-0.01,60,489408,卖盘
11:11:34,81.57,0.01,184,1500781,买盘
11:11:37,81.57,0.0,22,179454,卖盘
11:11:40,81.57,0.0,13,106053,卖盘
11:11:43,81.59,0.02,36,293711,买盘
11:11:47,81.58,-0.01,36,293694,卖盘
11:11:49,81.6,0.02,150,1223899,买盘
11:11:52,81.61,0.01,80,652802,买盘
11:11:55,81.6,-0.01,10,81601,卖盘
11:11:58,81.61,0.01,784,6395196,买盘
11:12:01,81.55,-0.06,108,880776,卖盘
11:12:02,81.61,0.06,23,187655,买盘
11:12:07,81.6,-0.01,49,399856,卖盘
11:12:10,81.63,0.03,16,130579,买盘
11:12:13,81.61,-0.02,13,106093,卖盘
11:12:16,81.61,0.0,25,204030,卖盘
11:12:19,81.63,0.02,212,1730545,买盘
11:12:22,81.63,0.0,54,440802,卖盘
11:12:25,81.63,0.0,321,2619884,买盘
11:12:28,81.63,0.0,60,489705,买盘
11:12:31,81.63,0.0,7,57141,买盘
11:12:33,81.63,0.0,18,146931,买盘
11:12:37,81.63,0.0,57,465259,买盘
11:12:40,81.63,0.0,42,342821,买盘
11:12:42,81.63,0.0,38,310160,买盘
11:12:46,81.63,0.0,7,57139,卖盘
11:12:48,81.63,0.0,15,122448,卖盘
11:12:51,81.65,0.02,15,122452,买盘
11:12:54,81.62,-0.03,253,2065049,卖盘
11:12:57,81.62,0.0,66,538692,买盘
11:13:01,81.61,-0.01,24,195876,卖盘
11:13:03,81.61,0.0,73,595823,卖盘
11:13:07,81.62,0.01,27,220362,买盘
11:13:09,81.63,0.01,13,106111,买盘
11:13:13,81.63,0.0,23,187720,买盘
11:13:16,81.62,-0.01,26,212235,卖盘
11:13:19,81.62,0.0,38,310163,卖盘
11:13:22,81.63,0.01,44,359116,买盘
11:13:25,81.65,0.02,342,2791267,买盘
11:13:28,81.6,-0.05,63,514188,卖盘
11:13:31,81.59,-0.01,150,1223998,卖盘
11:13:34,81.62,0.03,86,701790,买盘
11:13:37,81.59,-0.03,51,416132,卖盘
11:13:40,81.6,0.01,23,187664,买盘
11:13:43,81.6,0.0,48,391679,卖盘
11:13:46,81.6,0.0,72,587518,中性盘
11:13:49,81.59,-0.01,76,620240,卖盘
11:13:52,81.6,0.01,34,277440,买盘
11:13:54,81.61,0.01,7,57129,卖盘
11:13:58,81.6,-0.01,14,114246,卖盘
11:14:01,81.6,0.0,39,318253,卖盘
11:14:04,81.6,0.0,3,24480,卖盘
11:14:07,81.63,0.03,78,636613,买盘
11:14:09,81.59,-0.04,104,848572,卖盘
11:14:13,81.59,0.0,7,57113,买盘
11:14:17,81.58,-0.01,33,269235,卖盘
11:14:19,81.6,0.02,109,889343,买盘
11:14:22,81.63,0.03,114,930483,买盘
11:14:25,81.6,-0.03,22,179509,买盘
11:14:28,81.6,0.0,65,530343,卖盘
11:14:31,81.6,0.0,10,81608,卖盘
11:14:34,81.6,0.0,19,155054,卖盘
11:14:37,81.59,-0.01,49,399845,卖盘
11:14:40,81.59,0.0,95,775162,卖盘
11:14:43,81.62,0.03,22,179519,买盘
11:14:46,81.62,0.0,18,146875,买盘
11:14:48,81.59,-0.03,46,375457,卖盘
11:14:52,81.62,0.03,25,204014,买盘
11:14:55,81.59,-0.03,12,97921,卖盘
11:14:58,81.62,0.03,14,114268,买盘
11:15:00,81.59,-0.03,25,204009,卖盘
11:15:03,81.6,0.01,116,946540,卖盘
11:15:06,81.6,0.0,13,106081,卖盘
11:15:10,81.61,0.01,1,8161,买盘
11:15:13,81.61,0.0,2,16322,中性盘
11:15:15,81.59,-0.02,127,1036331,卖盘
11:15:18,81.6,0.01,12,97920,中性盘
11:15:22,81.61,0.01,24,195835,买盘
11:15:24,81.59,-0.02,14,114232,卖盘
11:15:28,81.6,0.01,2,16321,卖盘
11:15:30,81.6,0.0,25,204000,卖盘
11:15:34,81.6,0.0,19,155043,卖盘
11:15:36,81.6,0.0,62,505930,卖盘
11:15:40,81.59,-0.01,55,448761,卖盘
11:15:42,81.59,0.0,38,310042,买盘
11:15:47,81.58,-0.01,77,628267,卖盘
11:15:49,81.6,0.02,16,130559,买盘
11:15:52,81.6,0.0,30,244800,买盘
11:15:55,81.59,-0.01,7,57115,卖盘
11:15:58,81.6,0.01,13,106068,买盘
11:16:01,81.61,0.01,72,587505,买盘
11:16:04,81.6,-0.01,33,269262,卖盘
11:16:07,81.6,0.0,96,783360,买盘
11:16:10,81.61,0.01,87,709853,买盘
11:16:13,81.6,-0.01,28,228468,中性盘
11:16:16,81.59,-0.01,45,367193,卖盘
11:16:19,81.59,0.0,10,81598,卖盘
11:16:22,81.6,0.01,47,383481,中性盘
11:16:24,81.62,0.02,22,179533,买盘
11:16:28,81.6,-0.02,13,106081,卖盘
11:16:31,81.61,0.01,3,24484,卖盘
11:16:34,81.62,0.01,27,220342,买盘
11:16:37,81.62,0.0,46,375410,买盘
11:16:40,81.6,-0.02,92,750808,卖盘
11:16:43,81.61,0.01,14,114242,买盘
11:16:45,81.6,-0.01,77,628405,卖盘
11:16:48,81.62,0.02,10,81611,买盘
11:16:52,81.61,-0.01,12,97932,卖盘
11:16:55,81.61,0.0,39,318294,卖盘
11:16:58,81.6,-0.01,148,1207708,卖盘
11:17:02,81.6,0.0,18,146880,买盘
11:17:04,81.6,0.0,17,138718,买盘
11:17:07,81.6,0.0,15,122388,买盘
11:17:10,81.59,-0.01,115,938312,卖盘
11:17:13,81.6,0.01,24,195840,买盘
11:17:16,81.59,-0.01,31,252948,卖盘
11:17:18,81.59,0.0,135,1101477,卖盘
11:17:22,81.59,0.0,74,603754,卖盘
11:17:25,81.59,0.0,169,1378871,买盘
11:17:27,81.59,0.0,29,236605,买盘
11:17:30,81.59,0.0,85,693488,买盘
11:17:34,81.59,0.0,17,138701,买盘
11:17:37,81.59,0.0,350,2855263,买盘
11:17:39,81.57,-0.02,1036,8450568,卖盘
11:17:43,81.58,0.01,113,921783,买盘
11:17:46,81.58,0.0,33,269215,卖盘
11:17:49,81.58,0.0,2,16316,卖盘
11:17:52,81.58,0.0,12,97907,卖盘
11:17:55,81.59,0.01,183,1492930,买盘
11:17:57,81.58,-0.01,73,595607,买盘
11:18:01,81.58,0.0,20,163160,卖盘
11:18:04,81.58,0.0,32,261054,卖盘
11:18:07,81.59,0.01,33,269224,买盘
11:18:09,81.59,0.0,28,228476,卖盘
11:18:13,81.59,0.0,12,97908,卖盘
11:18:16,81.59,0.0,31,252944,卖盘
11:18:19,81.6,0.01,37,301903,买盘
11:18:22,81.58,-0.02,155,1264572,卖盘
11:18:25,81.6,0.02,2,16321,卖盘
11:18:28,81.61,0.01,22,179530,买盘
11:18:31,81.61,0.0,229,1869290,买盘
11:18:34,81.63,0.02,15,122418,买盘
11:18:37,81.6,-0.03,60,489718,卖盘
11:18:40,81.62,0.02,25,204026,中性盘
11:18:42,81.62,0.0,16,130583,买盘
11:18:46,81.61,-0.01,72,587623,卖盘
11:18:49,81.62,0.01,60,489720,买盘
11:18:52,81.62,0.0,210,1714037,买盘
11:18:55,81.62,0.0,15,122430,买盘
11:18:58,81.61,-0.01,44,359106,卖盘
11:19:01,81.65,0.04,19,155129,买盘
11:19:04,81.64,-0.01,47,383634,买盘
11:19:07,81.62,-0.02,79,644887,卖盘
11:19:10,81.65,0.03,186,1518042,买盘
11:19:12,81.64,-0.01,1,8164,中性盘
11:19:17,81.6,-0.04,259,2113576,卖盘
11:19:19,81.6,0.0,8,65280,买盘
11:19:21,81.62,0.02,705,5752824,买盘
11:19:25,81.65,0.03,25,204115,买盘
11:19:30,81.65,0.0,87,710150,买盘
11:19:34,81.64,-0.01,14,114305,卖盘
11:19:37,81.65,0.01,42,342835,买盘
11:19:40,81.64,-0.01,6,48989,中性盘
11:19:43,81.63,-0.01,14,114282,买盘
11:19:47,81.62,-0.01,36,293840,卖盘
11:19:49,81.63,0.01,116,946834,买盘
11:19:52,81.63,0.0,30,244883,买盘
11:19:55,81.62,-0.01,122,995885,中性盘
11:19:58,81.63,0.01,89,726507,买盘
11:20:00,81.64,0.01,30,244922,买盘
11:20:04,81.65,0.01,42,342878,买盘
11:20:07,81.65,0.0,35,285751,买盘
11:20:09,81.66,0.01,90,734783,买盘
11:20:13,81.65,-0.01,27,220455,卖盘
11:20:16,81.65,0.0,71,579686,买盘
11:20:19,81.66,0.01,83,677738,买盘
11:20:22,81.65,-0.01,36,296789,卖盘
11:20:25,81.65,0.0,117,955243,卖盘
11:20:28,81.66,0.01,73,596058,买盘
11:20:31,81.64,-0.02,64,522523,卖盘
11:20:33,81.63,-0.01,171,1396043,卖盘
11:20:37,81.66,0.03,37,302112,买盘
11:20:39,81.64,-0.02,77,628690,卖盘
11:20:46,81.64,0.0,13,106132,买盘
11:20:49,81.64,0.0,112,914338,买盘
11:20:52,81.65,0.01,42,342880,买盘
11:20:55,81.66,0.01,86,702160,买盘
11:20:58,81.65,-0.01,22,179613,中性盘
11:21:02,81.64,-0.01,28,228610,卖盘
11:21:04,81.65,0.01,40,326564,买盘
11:21:07,81.65,0.0,37,302077,买盘
11:21:10,81.64,-0.01,28,228593,卖盘
11:21:13,81.65,0.01,34,277590,买盘
11:21:16,81.64,-0.01,17,138804,卖盘
11:21:18,81.65,0.01,61,498013,买盘
11:21:22,81.64,-0.01,8,65313,卖盘
11:21:24,81.64,0.0,46,375539,买盘
11:21:27,81.64,0.0,9,73476,买盘
11:21:34,81.64,0.0,51,416360,买盘
11:21:37,81.64,0.0,57,465348,买盘
11:21:40,81.63,-0.01,97,791826,卖盘
11:21:43,81.64,0.01,21,171441,买盘
11:21:46,81.64,0.0,69,563316,买盘
11:21:49,81.64,0.0,1,8164,卖盘
11:21:52,81.64,0.0,44,359240,卖盘
11:21:55,81.65,0.01,1,8165,买盘
11:21:58,81.65,0.0,18,146975,买盘
11:22:02,81.65,0.0,9,73485,中性盘
11:22:04,81.66,0.01,33,269416,买盘
11:22:07,81.65,-0.01,3,24497,中性盘
11:22:10,81.64,-0.01,103,840944,卖盘
11:22:12,81.68,0.04,101,824877,买盘
11:22:16,81.69,0.01,109,890397,买盘
11:22:19,81.66,-0.03,54,440992,卖盘
11:22:23,81.66,0.0,22,179658,卖盘
11:22:25,81.68,0.02,2,16336,中性盘
11:22:28,81.7,0.02,13,106202,买盘
11:22:31,81.68,-0.02,32,261343,买盘
11:22:34,81.66,-0.02,12,97993,卖盘
11:22:37,81.67,0.01,68,555371,中性盘
11:22:39,81.67,0.0,235,1919202,卖盘
11:22:43,81.67,0.0,38,310335,买盘
11:22:46,81.66,-0.01,78,636956,卖盘
11:22:49,81.67,0.01,50,408330,买盘
11:22:52,81.67,0.0,95,775763,卖盘
11:22:54,81.66,-0.01,67,547070,中性盘
11:22:58,81.69,0.03,78,636946,买盘
11:23:02,81.69,0.0,6,49005,买盘
11:23:04,81.66,-0.03,80,653451,卖盘
11:23:07,81.68,0.02,6,49003,中性盘
11:23:09,81.68,0.0,170,1388186,买盘
11:23:13,81.65,-0.03,32,261309,卖盘
11:23:16,81.68,0.03,90,735060,买盘
11:23:19,81.68,0.0,68,555340,中性盘
11:23:22,81.67,-0.01,67,547193,卖盘
11:23:24,81.68,0.01,32,261346,买盘
11:23:27,81.66,-0.02,65,530776,卖盘
11:23:32,81.66,0.0,14,114327,卖盘
11:23:34,81.66,0.0,180,1469691,卖盘
11:23:37,81.67,0.01,163,1330982,买盘
11:23:40,81.65,-0.02,97,791921,卖盘
11:23:42,81.65,0.0,55,449090,卖盘
11:23:46,81.65,0.0,36,293954,卖盘
11:23:49,81.67,0.02,49,400107,买盘
11:23:52,81.69,0.02,159,1298638,买盘
11:23:55,81.7,0.01,276,2254920,买盘
11:23:58,81.7,0.0,106,866022,卖盘
11:24:00,81.7,0.0,34,277781,卖盘
11:24:04,81.7,0.0,39,318643,卖盘
11:24:07,81.71,0.01,68,555630,买盘
11:24:10,81.72,0.01,121,988692,买盘
11:24:12,81.7,-0.02,125,1021254,卖盘
11:24:16,81.72,0.02,33,269620,买盘
11:24:19,81.71,-0.01,5,40856,中性盘
11:24:22,81.71,0.0,37,302316,卖盘
11:24:24,81.71,0.0,9,73534,买盘
11:24:28,81.7,-0.01,9,73533,卖盘
11:24:30,81.71,0.01,23,187931,买盘
11:24:34,81.7,-0.01,43,351312,卖盘
11:24:37,81.7,0.0,23,187897,买盘
11:24:39,81.69,-0.01,201,1641983,卖盘
11:24:43,81.69,0.0,26,212391,买盘
11:24:46,81.68,-0.01,37,302196,卖盘
11:24:49,81.69,0.01,40,326744,买盘
11:24:52,81.67,-0.02,67,547200,卖盘
11:24:55,81.69,0.02,63,514530,买盘
11:24:58,81.67,-0.02,5,40838,卖盘
11:25:00,81.66,-0.01,90,735090,卖盘
11:25:04,81.68,0.02,30,245031,买盘
11:25:07,81.68,0.0,17,138842,卖盘
11:25:10,81.67,-0.01,41,334848,卖盘
11:25:13,81.67,0.0,15,122504,买盘
11:25:15,81.67,0.0,81,661545,买盘
11:25:18,81.67,0.0,35,285823,卖盘
11:25:22,81.68,0.01,179,1461896,买盘
11:25:25,81.68,0.0,10,81675,买盘
11:25:27,81.67,-0.01,44,359349,卖盘
11:25:32,81.68,0.01,77,628934,买盘
11:25:33,81.67,-0.01,12,98008,卖盘
11:25:37,81.67,0.0,44,359394,卖盘
11:25:40,81.66,-0.01,193,1576398,卖盘
11:25:43,81.69,0.03,12,98029,卖盘
11:25:45,81.69,0.0,412,3365991,卖盘
11:25:49,81.71,0.02,13,106200,买盘
11:25:52,81.69,-0.02,54,441166,卖盘
11:25:54,81.72,0.03,14,114395,买盘
11:25:57,81.72,0.0,22,179754,买盘
11:26:02,81.71,-0.01,4,32681,中性盘
11:26:04,81.7,-0.01,16,130729,卖盘
11:26:07,81.72,0.02,26,212442,买盘
11:26:10,81.7,-0.02,175,1429947,卖盘
11:26:13,81.72,0.02,6,49032,买盘
11:26:15,81.72,0.0,52,424901,卖盘
11:26:19,81.71,-0.01,93,759941,卖盘
11:26:24,81.71,0.0,207,1691601,卖盘
11:26:26,81.72,0.01,137,1119530,买盘
11:26:27,81.72,0.0,352,2876508,买盘
11:26:33,81.72,0.0,44,359568,卖盘
11:26:34,81.73,0.01,39,318727,买盘
11:26:37,81.73,0.0,97,792690,买盘
11:26:39,81.73,0.0,66,539404,买盘
11:26:42,81.73,0.0,31,253362,买盘
11:26:47,81.73,0.0,23,187970,买盘
11:26:49,81.73,0.0,198,1618099,买盘
11:26:52,81.74,0.01,11,89910,买盘
11:26:54,81.74,0.0,3,24522,买盘
11:26:58,81.74,0.0,4,32695,买盘
11:27:02,81.73,-0.01,42,343277,卖盘
11:27:03,81.74,0.01,30,245211,买盘
11:27:07,81.73,-0.01,37,302413,卖盘
11:27:09,81.72,-0.01,203,1658965,卖盘
11:27:13,81.72,0.0,2,16344,买盘
11:27:17,81.72,0.0,56,457664,买盘
11:27:18,81.72,0.0,91,743671,卖盘
11:27:22,81.72,0.0,49,400436,卖盘
11:27:24,81.71,-0.01,371,3031532,卖盘
11:27:28,81.7,-0.01,277,2263255,卖盘
11:27:32,81.7,0.0,116,947659,卖盘
11:27:33,81.67,-0.03,202,1649933,卖盘
11:27:37,81.66,-0.01,87,710497,卖盘
11:27:40,81.66,0.0,71,579794,卖盘
11:27:43,81.66,0.0,227,1853696,卖盘
11:27:47,81.67,0.01,42,342981,买盘
11:27:49,81.67,0.0,170,1388254,买盘
11:27:52,81.67,0.0,37,302170,买盘
11:27:54,81.67,0.0,73,596131,买盘
11:27:58,81.67,0.0,44,359313,买盘
11:28:01,81.67,0.0,54,441016,卖盘
11:28:03,81.67,0.0,23,187841,中性盘
11:28:07,81.68,0.01,249,2033618,买盘
11:28:10,81.69,0.01,16,130698,买盘
11:28:13,81.68,-0.01,269,2197040,卖盘
11:28:17,81.68,0.0,72,588159,卖盘
11:28:19,81.67,-0.01,14,114342,卖盘
11:28:22,81.69,0.02,25,204219,买盘
11:28:25,81.68,-0.01,3,24504,买盘
11:28:28,81.67,-0.01,90,735035,卖盘
11:28:30,81.68,0.01,130,1061841,买盘
11:28:34,81.68,0.0,69,563593,卖盘
11:28:37,81.69,0.01,18,147041,买盘
11:28:39,81.67,-0.02,236,1927611,卖盘
11:28:42,81.7,0.03,9,73522,买盘
11:28:47,81.7,0.0,89,727077,买盘
11:28:49,81.7,0.0,48,392159,买盘
11:28:52,81.69,-0.01,92,751551,卖盘
11:28:54,81.7,0.01,26,212407,买盘
11:28:58,81.69,-0.01,143,1168305,卖盘
11:29:02,81.69,0.0,95,776055,卖盘
11:29:04,81.69,0.0,60,490133,买盘
11:29:07,81.68,-0.01,29,236898,卖盘
11:29:10,81.68,0.0,105,857679,卖盘
11:29:12,81.68,0.0,9,73512,买盘
11:29:16,81.68,0.0,86,702399,买盘
11:29:19,81.69,0.01,465,3797302,买盘
11:29:22,81.68,-0.01,35,285872,卖盘
11:29:24,81.69,0.01,107,873991,买盘
11:29:28,81.68,-0.01,57,465577,卖盘
11:29:32,81.68,0.0,25,204187,卖盘
11:29:34,81.68,0.0,12,98017,买盘
11:29:37,81.68,0.0,172,1404949,卖盘
11:29:40,81.66,-0.02,101,824860,卖盘
11:29:43,81.66,0.0,292,2384274,买盘
11:29:47,81.66,0.0,160,1306608,买盘
11:29:48,81.65,-0.01,189,1543232,卖盘
11:29:52,81.65,0.0,209,1706496,卖盘
11:29:55,81.66,0.01,13,106158,卖盘
11:29:57,81.66,0.0,57,465443,买盘
11:30:00,81.66,0.0,23,187818,买盘
13:00:01,81.68,0.02,1967,16065371,买盘
13:00:04,81.66,-0.02,1875,15313641,卖盘
13:00:07,81.68,0.02,272,2221353,买盘
13:00:10,81.7,0.02,102,833196,买盘
13:00:13,81.69,-0.01,269,2197273,卖盘
13:00:15,81.68,-0.01,23,187870,卖盘
13:00:20,81.69,0.01,141,1151506,买盘
13:00:22,81.69,0.0,67,547266,买盘
13:00:26,81.69,0.0,129,1053613,买盘
13:00:28,81.71,0.02,25,204233,中性盘
13:00:31,81.68,-0.03,152,1241625,卖盘
13:00:34,81.72,0.04,4,32683,买盘
13:00:37,81.72,0.0,107,874403,买盘
13:00:39,81.7,-0.02,72,588339,卖盘
13:00:42,81.75,0.05,273,2231306,买盘
13:00:46,81.76,0.01,123,1005903,买盘
13:00:49,81.76,0.0,18,147160,买盘
13:00:53,81.76,0.0,53,433323,买盘
13:00:55,81.76,0.0,10,81760,卖盘
13:00:58,81.78,0.02,36,294405,买盘
13:01:01,81.78,0.0,31,253515,买盘
13:01:04,81.77,-0.01,46,376168,卖盘
13:01:07,81.78,0.01,134,1095784,买盘
13:01:10,81.77,-0.01,128,1046775,中性盘
13:01:12,81.74,-0.03,312,2550824,卖盘
13:01:15,81.75,0.01,82,670333,买盘
13:01:20,81.74,-0.01,67,547714,卖盘
13:01:23,81.75,0.01,31,251376,买盘
13:01:25,81.74,-0.01,112,915535,卖盘
13:01:28,81.75,0.01,118,964566,买盘
13:01:32,81.72,-0.03,389,3180018,卖盘
13:01:35,81.75,0.03,30,245251,卖盘
13:01:37,81.75,0.0,90,735750,卖盘
13:01:39,81.74,-0.01,46,376010,卖盘
13:01:44,81.74,0.0,151,1234283,卖盘
13:01:46,81.73,-0.01,71,580333,卖盘
13:01:50,81.75,0.02,92,752086,买盘
13:01:53,81.75,0.0,59,482329,卖盘
13:01:54,81.77,0.02,22,179871,买盘
13:01:58,81.77,0.0,40,327022,买盘
13:02:02,81.75,-0.02,60,490564,卖盘
13:02:03,81.77,0.02,20,163535,买盘
13:02:07,81.77,0.0,11,89947,买盘
13:02:11,81.77,0.0,245,2003243,买盘
13:02:13,81.78,0.01,221,1807128,买盘
13:02:15,81.78,0.0,31,253517,买盘
13:02:20,81.8,0.02,27,220839,买盘
13:02:23,81.8,0.0,362,2960430,买盘
13:02:25,81.78,-0.02,58,474342,卖盘
13:02:28,81.78,0.0,174,1422883,买盘
13:02:32,81.78,0.0,201,1643571,买盘
13:02:34,81.73,-0.05,700,5723987,卖盘
13:02:37,81.75,0.02,137,1117772,买盘
13:02:39,81.78,0.03,314,2565860,买盘
13:02:42,81.7,-0.08,274,2239002,卖盘
13:02:47,81.7,0.0,176,1438310,卖盘
13:02:50,81.75,0.05,20,163416,买盘
13:02:53,81.77,0.02,82,670277,买盘
13:02:55,81.71,-0.06,42,343204,卖盘
13:02:57,81.77,0.06,12,98086,买盘
13:03:01,81.75,-0.02,29,237038,买盘
13:03:03,81.75,0.0,5,40877,卖盘
13:03:07,81.77,0.02,9,73583,买盘
13:03:09,81.75,-0.02,22,179852,卖盘
13:03:13,81.77,0.02,341,2787194,买盘
13:03:15,81.75,-0.02,39,318835,中性盘
13:03:18,81.75,0.0,11,89931,买盘
13:03:22,81.77,0.02,12,98112,买盘
13:03:26,81.77,0.0,18,147169,买盘
13:03:28,81.76,-0.01,21,171702,卖盘
13:03:31,81.77,0.01,134,1095615,买盘
13:03:35,81.77,0.0,108,883090,买盘
13:03:38,81.77,0.0,161,1316497,卖盘
13:03:41,81.77,0.0,540,4416795,卖盘
13:03:42,81.78,0.01,151,1234844,买盘
13:03:47,81.78,0.0,141,1153046,卖盘
13:03:49,81.78,0.0,49,400758,卖盘
13:03:53,81.8,0.02,158,1292617,买盘
13:03:55,81.8,0.0,38,310902,卖盘
13:03:59,81.8,0.0,45,368100,卖盘
13:04:00,81.81,0.01,41,335417,中性盘
13:04:03,81.82,0.01,44,359985,买盘
13:04:07,81.81,-0.01,30,245443,卖盘
13:04:10,81.81,0.0,58,474519,卖盘
13:04:13,81.82,0.01,202,1652592,买盘
13:04:17,81.82,0.0,55,450019,卖盘
13:04:18,81.83,0.01,46,371999,买盘
13:04:22,81.83,0.0,37,302771,卖盘
13:04:25,81.84,0.01,77,630098,买盘
13:04:28,81.84,0.0,101,826559,买盘
13:04:32,81.84,0.0,14,114576,买盘
13:04:33,81.84,0.0,38,310988,买盘
13:04:38,81.85,0.01,146,1194874,买盘
13:04:40,81.84,-0.01,54,441956,卖盘
13:04:43,81.85,0.01,115,941234,买盘
13:04:47,81.85,0.0,21,174423,卖盘
13:04:48,81.85,0.0,92,753028,卖盘
13:04:52,81.86,0.01,81,663053,买盘
13:04:55,81.86,0.0,205,1677986,买盘
13:04:58,81.85,-0.01,278,2279340,卖盘
13:05:02,81.85,0.0,41,335629,卖盘
13:05:05,81.87,0.02,45,368375,买盘
13:05:07,81.87,0.0,27,221026,买盘
13:05:10,81.87,0.0,134,1096947,买盘
13:05:13,81.86,-0.01,154,1260775,买盘
13:05:15,81.86,0.0,36,294721,卖盘
13:05:19,81.85,-0.01,105,859472,卖盘
13:05:22,81.86,0.01,281,2300212,买盘
13:05:25,81.85,-0.01,622,5091103,卖盘
13:05:28,81.85,0.0,135,1104923,买盘
13:05:32,81.84,-0.01,308,2514292,卖盘
13:05:35,81.84,0.0,146,1194802,买盘
13:05:37,81.84,0.0,22,180025,买盘
13:05:41,81.84,0.0,144,1178486,买盘
13:05:44,81.84,0.0,106,867373,买盘
13:05:47,81.84,0.0,117,963885,买盘
13:05:50,81.84,0.0,100,818458,卖盘
13:05:52,81.84,0.0,25,204605,卖盘
13:05:55,81.83,-0.01,247,2015001,卖盘
13:05:58,81.82,-0.01,161,1317399,卖盘
13:06:02,81.83,0.01,522,4271531,买盘
13:06:05,81.81,-0.02,89,728304,卖盘
13:06:07,81.82,0.01,39,319109,买盘
13:06:11,81.82,0.0,70,572803,卖盘
13:06:13,81.82,0.0,85,695484,卖盘
13:06:15,81.82,0.0,195,1595451,卖盘
13:06:19,81.82,0.0,98,801777,卖盘
13:06:23,81.84,0.02,587,4803335,买盘
13:06:24,81.82,-0.02,191,1562778,卖盘
13:06:27,81.81,-0.01,358,2928933,卖盘
13:06:32,81.8,-0.01,314,2568557,卖盘
13:06:33,81.76,-0.04,235,1921875,卖盘
13:06:37,81.76,0.0,247,2019395,卖盘
13:06:41,81.74,-0.02,176,1438730,卖盘
13:06:43,81.73,-0.01,158,1291375,卖盘
13:06:47,81.74,0.01,188,1536411,买盘
13:06:49,81.76,0.02,18,147161,买盘
13:06:52,81.75,-0.01,70,572316,中性盘
13:06:56,81.76,0.01,185,1512337,中性盘
13:06:59,81.76,0.0,138,1128240,卖盘
13:07:03,81.78,0.02,129,1054898,买盘
13:07:03,81.78,0.0,184,1505014,卖盘
13:07:07,81.78,0.0,119,973287,卖盘
13:07:09,81.78,0.0,35,286233,卖盘
13:07:13,81.82,0.04,37,302680,买盘
13:07:15,81.83,0.01,484,3960023,买盘
13:07:19,81.83,0.0,19,155463,买盘
13:07:22,81.84,0.01,49,400985,买盘
13:07:25,81.83,-0.01,37,302791,卖盘
13:07:28,81.84,0.01,188,1538780,买盘
13:07:30,81.85,0.01,59,482958,买盘
13:07:33,81.87,0.02,40,327436,买盘
13:07:37,81.86,-0.01,58,474839,中性盘
13:07:41,81.87,0.01,236,1932320,买盘
13:07:43,81.87,0.0,60,491239,卖盘
13:07:47,81.91,0.04,810,6633641,买盘
13:07:50,81.91,0.0,168,1376214,卖盘
13:07:52,81.93,0.02,47,385032,买盘
13:07:55,81.93,0.0,137,1122404,买盘
13:07:57,81.93,0.0,156,1278264,买盘
13:08:02,81.94,0.01,90,737506,中性盘
13:08:04,81.94,0.0,238,1950185,卖盘
13:08:07,81.95,0.01,240,1966575,买盘
13:08:10,81.97,0.02,502,4114261,买盘
13:08:13,81.98,0.01,422,3463134,买盘
13:08:15,81.99,0.01,209,1713580,买盘
13:08:19,81.99,0.0,745,6108693,买盘
13:08:22,81.99,0.0,99,811770,卖盘
13:08:26,82.0,0.01,340,2787982,买盘
13:08:28,82.0,0.0,213,1746561,买盘
13:08:32,82.0,0.0,440,3607993,买盘
13:08:34,82.0,0.0,147,1205358,买盘
13:08:37,82.0,0.0,549,4501648,买盘
13:08:39,82.0,0.0,120,983961,买盘
13:08:42,82.0,0.0,260,2131940,买盘
13:08:47,82.0,0.0,612,5018146,买盘
13:08:48,81.99,-0.01,194,1590769,卖盘
13:08:53,82.0,0.01,481,3942367,买盘
13:08:55,82.0,0.0,512,4198217,买盘
13:08:58,82.0,0.0,355,2910979,买盘
13:09:02,82.0,0.0,496,4067136,买盘
13:09:05,82.0,0.0,277,2271357,买盘
13:09:08,82.01,0.01,283,2320610,买盘
13:09:10,82.0,-0.01,302,2476542,卖盘
13:09:14,82.02,0.02,231,1894320,买盘
13:09:17,82.01,-0.01,116,951294,卖盘
13:09:19,82.02,0.01,131,1074416,买盘
13:09:23,82.03,0.01,292,2395052,买盘
13:09:25,82.03,0.0,555,4553278,卖盘
13:09:29,82.03,0.0,139,1140249,卖盘
13:09:32,82.03,0.0,157,1288014,卖盘
13:09:35,82.03,0.0,391,3207180,卖盘
13:09:38,82.03,0.0,271,2223254,买盘
13:09:41,82.03,0.0,43,352717,买盘
13:09:44,82.01,-0.02,462,3791445,卖盘
13:09:47,82.01,0.0,155,1271205,买盘
13:09:50,82.01,0.0,394,3231209,买盘
13:09:53,81.98,-0.03,576,4722375,卖盘
13:09:56,81.98,0.0,145,1188782,买盘
13:09:58,81.97,-0.01,306,2508305,卖盘
13:10:00,82.0,0.03,180,1475316,买盘
13:10:04,81.97,-0.03,219,1795214,买盘
13:10:07,81.97,0.0,113,926252,买盘
13:10:11,81.96,-0.01,72,590239,卖盘
13:10:13,81.97,0.01,136,1114827,卖盘
13:10:17,81.97,0.0,66,541022,卖盘
13:10:19,81.98,0.01,63,516430,买盘
13:10:22,81.97,-0.01,182,1491943,卖盘
13:10:25,81.97,0.0,704,5772222,卖盘
13:10:29,81.96,-0.01,171,1401757,卖盘
13:10:32,81.98,0.02,198,1622879,买盘
13:10:36,82.0,0.02,202,1655941,买盘
13:10:37,81.98,-0.02,173,1418014,中性盘
13:10:41,81.98,0.0,157,1286782,卖盘
13:10:44,81.97,-0.01,120,983614,买盘
13:10:47,81.98,0.01,241,1975728,买盘
13:10:50,81.98,0.0,50,409890,买盘
13:10:52,81.98,0.0,188,1541161,买盘
13:10:56,81.98,0.0,44,360707,买盘
13:10:58,81.98,0.0,148,1213218,买盘
13:11:02,81.99,0.01,260,2131583,买盘
13:11:05,81.98,-0.01,127,1041174,卖盘
13:11:07,81.98,0.0,81,664023,卖盘
13:11:11,81.99,0.01,136,1115024,买盘
13:11:12,81.99,0.0,272,2230139,卖盘
13:11:15,81.99,0.0,97,795343,卖盘
13:11:20,81.99,0.0,255,2090782,卖盘
13:11:22,81.99,0.0,396,3246924,卖盘
13:11:25,81.99,0.0,65,532948,买盘
13:11:28,81.99,0.0,101,828099,买盘
13:11:32,81.99,0.0,583,4780267,买盘
13:11:34,81.98,-0.01,131,1073962,卖盘
13:11:38,81.99,0.01,180,1475696,买盘
13:11:39,81.97,-0.02,109,893537,卖盘
13:11:44,81.98,0.01,322,2639793,买盘
13:11:47,81.99,0.01,359,2943136,买盘
13:11:50,81.96,-0.03,58,475456,卖盘
13:11:52,81.98,0.02,119,975555,买盘
13:11:56,81.98,0.0,265,2172333,买盘
13:11:57,81.96,-0.02,197,1614594,卖盘
13:12:02,81.96,0.0,85,696641,买盘
13:12:05,81.94,-0.02,241,1975164,卖盘
13:12:07,81.93,-0.01,179,1466898,卖盘
13:12:09,81.95,0.02,218,1786184,中性盘
13:12:13,81.93,-0.02,61,499904,卖盘
13:12:17,81.93,0.0,234,1917253,卖盘
13:12:20,81.93,0.0,107,876620,买盘
13:12:23,81.92,-0.01,15,122885,卖盘
13:12:25,81.92,0.0,70,573440,买盘
13:12:29,81.92,0.0,57,466905,买盘
13:12:30,81.92,0.0,93,761799,买盘
13:12:35,81.91,-0.01,65,532428,卖盘
13:12:37,81.9,-0.01,424,3472572,卖盘
13:12:40,81.89,-0.01,106,868043,卖盘
13:12:44,81.9,0.01,24,196547,买盘
13:12:47,81.89,-0.01,77,630529,买盘
13:12:50,81.91,0.02,195,1596999,买盘
13:12:52,81.9,-0.01,267,2186986,卖盘
13:12:54,81.9,0.0,66,540561,卖盘
13:12:58,81.92,0.02,35,286678,买盘
13:13:02,81.9,-0.02,108,884567,卖盘
13:13:05,81.91,0.01,80,655224,买盘
13:13:07,81.9,-0.01,232,1900158,卖盘
13:13:09,81.9,0.0,27,221134,卖盘
13:13:13,81.9,0.0,378,3095903,卖盘
13:13:17,81.9,0.0,190,1556007,买盘
13:13:19,81.91,0.01,586,4799375,买盘
13:13:23,81.9,-0.01,122,999080,卖盘
13:13:24,81.9,0.0,43,352153,买盘
13:13:29,81.87,-0.03,422,3455456,卖盘
13:13:32,81.86,-0.01,133,1088773,卖盘
13:13:33,81.85,-0.01,235,1923688,卖盘
13:13:37,81.83,-0.02,129,1055787,卖盘
13:13:40,81.84,0.01,497,4066517,中性盘
13:13:42,81.81,-0.03,394,3223748,卖盘
13:13:45,81.81,0.0,290,2372284,卖盘
13:13:50,81.83,0.02,289,2364487,买盘
13:13:53,81.82,-0.01,6,49097,卖盘
13:13:56,81.83,0.01,68,556386,买盘
13:13:58,81.83,0.0,25,204563,买盘
13:14:00,81.83,0.0,57,466413,卖盘
13:14:03,81.83,0.0,34,278223,卖盘
13:14:08,81.83,0.0,20,163676,卖盘
13:14:09,81.83,0.0,165,1350247,卖盘
13:14:14,81.84,0.01,51,417390,中性盘
13:14:17,81.85,0.01,23,188250,买盘
13:14:20,81.86,0.01,237,1939873,买盘
13:14:23,81.87,0.01,245,2005356,买盘
13:14:25,81.88,0.01,63,515791,买盘
13:14:29,81.87,-0.01,15,122815,中性盘
13:14:32,81.88,0.01,95,777776,买盘
13:14:35,81.88,0.0,525,4299045,买盘
13:14:38,81.88,0.0,100,818872,买盘
13:14:39,81.89,0.01,91,740692,买盘
13:14:44,81.9,0.01,169,1384185,买盘
13:14:47,81.92,0.02,623,5101868,买盘
13:14:48,81.9,-0.02,13,106489,中性盘
13:14:53,81.92,0.02,32,262125,买盘
13:14:56,81.91,-0.01,60,491481,中性盘
13:14:57,81.91,0.0,67,552530,中性盘
13:15:02,81.9,-0.01,32,262108,卖盘
13:15:04,81.91,0.01,100,819097,买盘
13:15:08,81.91,0.0,164,1343261,买盘
13:15:10,81.91,0.0,135,1105814,买盘
13:15:12,81.91,0.0,11,90104,卖盘
13:15:17,81.92,0.01,60,491486,买盘
13:15:20,81.91,-0.01,127,1040267,卖盘
13:15:23,81.91,0.0,97,794503,卖盘
13:15:24,81.91,0.0,147,1204009,买盘
13:15:27,81.91,0.0,70,573313,买盘
13:15:32,81.9,-0.01,243,1990098,中性盘
13:15:33,81.9,0.0,346,2833635,卖盘
13:15:37,81.89,-0.01,127,1039969,卖盘
13:15:39,81.9,0.01,119,974566,买盘
13:15:44,81.91,0.01,140,1146665,买盘
13:15:47,81.91,0.0,57,466903,卖盘
13:15:50,81.88,-0.03,686,5618117,卖盘
13:15:53,81.88,0.0,39,319330,买盘
13:15:55,81.88,0.0,71,581346,买盘
13:15:59,81.88,0.0,49,401207,买盘
13:16:00,81.88,0.0,146,1195331,买盘
13:16:04,81.87,-0.01,71,581305,卖盘
13:16:08,81.88,0.01,210,1719396,买盘
13:16:11,81.88,0.0,180,1473747,买盘
13:16:14,81.87,-0.01,123,1007101,卖盘
13:16:15,81.88,0.01,146,1195402,买盘
13:16:20,81.88,0.0,263,2155487,买盘
13:16:23,81.89,0.01,40,327529,中性盘
13:16:24,81.9,0.01,50,409494,买盘
13:16:29,81.89,-0.01,56,458576,买盘
13:16:32,81.89,0.0,327,2678065,卖盘
13:16:33,81.89,0.0,79,646921,买盘
13:16:37,81.89,0.0,56,458576,买盘
13:16:41,81.88,-0.01,33,270230,卖盘
13:16:44,81.89,0.01,127,1039961,买盘
13:16:45,81.89,0.0,194,1588552,买盘
13:16:50,81.89,0.0,55,450388,买盘
13:16:53,81.89,0.0,17,139213,买盘
13:16:56,81.89,0.0,118,966337,买盘
13:16:59,81.9,0.01,109,892697,买盘
13:17:02,81.9,0.0,187,1531551,卖盘
13:17:05,81.9,0.0,154,1261064,买盘
13:17:07,81.91,0.01,36,294891,买盘
13:17:11,81.93,0.02,154,1261623,买盘
13:17:12,81.93,0.0,76,622666,买盘
13:17:17,81.94,0.01,28,229411,买盘
13:17:18,81.95,0.01,104,852264,买盘
13:17:22,81.94,-0.01,92,753965,卖盘
13:17:25,81.97,0.03,30,245905,买盘
13:17:29,81.96,-0.01,42,344266,卖盘
13:17:32,81.97,0.01,37,303280,中性盘
13:17:33,81.98,0.01,43,352491,买盘
13:17:38,81.97,-0.01,75,614823,卖盘
13:17:41,81.97,0.0,130,1065610,卖盘
13:17:44,81.97,0.0,132,1082025,买盘
13:17:47,81.97,0.0,92,754153,买盘
13:17:50,81.98,0.01,60,491843,买盘
13:17:53,81.97,-0.01,99,811570,卖盘
13:17:54,81.98,0.01,89,729612,买盘
13:17:57,81.98,0.0,286,2344784,买盘
13:18:02,81.98,0.0,171,1401876,买盘
13:18:04,82.0,0.02,297,2435102,买盘
13:18:08,81.99,-0.01,287,2353288,卖盘
13:18:11,82.0,0.01,35,286984,买盘
13:18:14,82.0,0.0,66,541164,买盘
13:18:17,82.0,0.0,251,2058194,买盘
13:18:20,82.0,0.0,146,1197193,买盘
13:18:22,82.0,0.0,580,4752528,买盘
13:18:24,82.0,0.0,288,2361887,卖盘
13:18:29,82.0,0.0,639,5240908,卖盘
13:18:32,82.03,0.03,341,2797182,买盘
13:18:35,82.03,0.0,62,508587,卖盘
13:18:38,82.04,0.01,80,656283,买盘
13:18:41,82.03,-0.01,139,1140326,卖盘
13:18:42,82.05,0.02,170,1394694,买盘
13:18:47,82.05,0.0,413,3388602,买盘
13:18:50,82.05,0.0,78,639976,买盘
13:18:53,82.05,0.0,100,820460,买盘
13:18:56,82.06,0.01,309,2535369,买盘
13:18:59,82.06,0.0,405,3323404,买盘
13:19:02,82.06,0.0,1193,9791669,卖盘
13:19:04,82.08,0.02,84,689501,买盘
13:19:08,82.1,0.02,401,3295469,买盘
13:19:11,82.11,0.01,2165,17774813,买盘
13:19:14,82.12,0.01,506,4155180,买盘
13:19:17,82.13,0.01,192,1576836,买盘
13:19:20,82.14,0.01,347,2850100,买盘
13:19:23,82.14,0.0,328,2694168,买盘
13:19:26,82.15,0.01,726,5959488,买盘
13:19:29,82.15,0.0,152,1248749,卖盘
13:19:32,82.17,0.02,275,2259324,买盘
13:19:35,82.16,-0.01,529,4346427,中性盘
13:19:38,82.17,0.01,341,2806188,中性盘
13:19:41,82.17,0.0,480,3944265,卖盘
13:19:44,82.17,0.0,397,3257970,卖盘
13:19:47,82.18,0.01,336,2761500,买盘
13:19:50,82.18,0.0,467,3838089,卖盘
13:19:53,82.19,0.01,251,2063062,买盘
13:19:56,82.19,0.0,186,1528775,卖盘
13:19:57,82.2,0.01,431,3542686,买盘
13:20:00,82.19,-0.01,874,7184110,卖盘
13:20:05,82.19,0.0,698,5737472,卖盘
13:20:08,82.2,0.01,155,1274096,买盘
13:20:11,82.2,0.0,336,2761873,卖盘
13:20:14,82.2,0.0,111,912495,卖盘
13:20:15,82.21,0.01,150,1233145,买盘
13:20:20,82.2,-0.01,365,3000567,卖盘
13:20:22,82.21,0.01,261,2149403,中性盘
13:20:24,82.22,0.01,382,3140624,买盘
13:20:29,82.23,0.01,274,2252999,买盘
13:20:32,82.24,0.01,148,1217045,买盘
13:20:35,82.22,-0.02,213,1751289,卖盘
13:20:38,82.22,0.0,123,1011183,买盘
13:20:41,82.2,-0.02,521,4283879,卖盘
13:20:44,82.22,0.02,215,1767536,买盘
13:20:47,82.2,-0.02,239,1964656,卖盘
13:20:50,82.2,0.0,1299,10679136,卖盘
13:20:53,82.21,0.01,755,6207522,卖盘
13:20:54,82.21,0.0,579,4759797,卖盘
13:20:59,82.2,-0.01,236,1939824,买盘
13:21:00,82.18,-0.02,520,4274056,卖盘
13:21:05,82.19,0.01,581,4775701,中性盘
13:21:08,82.2,0.01,216,1775414,买盘
13:21:11,82.19,-0.01,154,1265804,中性盘
13:21:14,82.19,0.0,273,2243461,中性盘
13:21:17,82.17,-0.02,113,929368,卖盘
13:21:18,82.19,0.02,410,3369274,买盘
13:21:22,82.16,-0.03,255,2095480,卖盘
13:21:26,82.16,0.0,55,451896,买盘
13:21:29,82.17,0.01,152,1248810,买盘
13:21:32,82.16,-0.01,146,1199454,中性盘
13:21:35,82.16,0.0,142,1166569,买盘
13:21:38,82.16,0.0,239,1963488,买盘
13:21:40,82.15,-0.01,287,2357608,卖盘
13:21:44,82.15,0.0,359,2949176,买盘
13:21:47,82.14,-0.01,101,829723,卖盘
13:21:50,82.14,0.0,212,1741366,买盘
13:21:52,82.14,0.0,134,1100576,买盘
13:21:56,82.13,-0.01,131,1075989,卖盘
13:21:57,82.13,0.0,118,969166,卖盘
13:22:02,82.12,-0.01,891,7317718,卖盘
13:22:05,82.15,0.03,747,6135529,买盘
13:22:08,82.14,-0.01,47,386034,中性盘
13:22:10,82.14,0.0,145,1191074,卖盘
13:22:12,82.16,0.02,471,3868959,买盘
13:22:15,82.16,0.0,534,4386412,买盘
13:22:18,82.19,0.03,1206,9909845,买盘
13:22:23,82.19,0.0,370,3041077,卖盘
13:22:26,82.2,0.01,335,2753434,买盘
13:22:28,82.2,0.0,103,846626,买盘
13:22:32,82.2,0.0,229,1882325,买盘
13:22:35,82.2,0.0,722,5935857,买盘
13:22:38,82.21,0.01,234,1923496,买盘
13:22:40,82.21,0.0,279,2293542,买盘
13:22:44,82.22,0.01,459,3773733,买盘
13:22:47,82.22,0.0,109,896222,卖盘
13:22:50,82.22,0.0,255,2096576,卖盘
13:22:53,82.22,0.0,470,3864989,卖盘
13:22:56,82.23,0.01,133,1093703,卖盘
13:22:57,82.24,0.01,152,1249903,买盘
13:23:02,82.23,-0.01,107,879856,卖盘
13:23:05,82.23,0.0,346,2845505,买盘
13:23:08,82.21,-0.02,405,3330138,卖盘
13:23:10,82.22,0.01,159,1307286,买盘
13:23:14,82.23,0.01,294,2417544,买盘
13:23:17,82.21,-0.02,154,1266178,卖盘
13:23:20,82.22,0.01,179,1471659,买盘
13:23:23,82.21,-0.01,220,1808531,卖盘
13:23:26,82.2,-0.01,349,2868834,卖盘
13:23:29,82.16,-0.04,152,1249265,卖盘
13:23:32,82.15,-0.01,200,1643211,卖盘
13:23:35,82.13,-0.02,117,961029,卖盘
13:23:37,82.11,-0.02,400,3284461,卖盘
13:23:41,82.09,-0.02,375,3078609,卖盘
13:23:44,82.08,-0.01,270,2216333,卖盘
13:23:45,82.07,-0.01,586,4809805,卖盘
13:23:50,82.06,-0.01,170,1395076,卖盘
13:23:53,82.04,-0.02,176,1444100,卖盘
13:23:56,82.04,0.0,298,2444594,卖盘
13:23:59,82.05,0.01,185,1513046,买盘
13:24:02,82.01,-0.04,37,303549,卖盘
13:24:05,82.04,0.03,58,475783,买盘
13:24:08,82.05,0.01,104,853096,买盘
13:24:09,82.03,-0.02,108,885871,中性盘
13:24:14,82.03,0.0,44,360966,卖盘
13:24:17,82.04,0.01,117,959840,买盘
13:24:20,82.03,-0.01,137,1123881,卖盘
13:24:23,82.03,0.0,59,484003,卖盘
13:24:26,82.04,0.01,134,1099286,买盘
13:24:29,82.04,0.0,139,1140297,买盘
13:24:32,82.03,-0.01,191,1566830,卖盘
13:24:35,82.06,0.03,126,1033842,买盘
13:24:37,82.06,0.0,154,1263481,买盘
13:24:41,82.04,-0.02,34,278965,卖盘
13:24:44,82.05,0.01,119,976379,买盘
13:24:47,82.04,-0.01,35,287172,卖盘
13:24:50,82.05,0.01,60,492286,买盘
13:24:53,82.05,0.0,33,270760,买盘
13:24:54,82.05,0.0,184,1509582,买盘
13:24:59,82.04,-0.01,18,147677,买盘
13:25:02,82.05,0.01,102,836819,买盘
13:25:03,82.04,-0.01,46,377393,卖盘
13:25:07,82.04,0.0,33,270726,中性盘
13:25:11,82.04,0.0,54,443011,买盘
13:25:12,82.05,0.01,119,974188,买盘
13:25:15,82.05,0.0,87,713840,卖盘
13:25:20,82.05,0.0,92,754882,卖盘
13:25:23,82.06,0.01,144,1181609,买盘
13:25:26,82.06,0.0,128,1050280,买盘
13:25:29,82.06,0.0,190,1559123,买盘
13:25:30,82.06,0.0,254,2084363,买盘
13:25:35,82.05,-0.01,225,1846289,卖盘
13:25:38,82.05,0.0,353,2898743,卖盘
13:25:39,82.05,0.0,108,886082,买盘
13:25:44,82.04,-0.01,305,2502322,卖盘
13:25:47,82.05,0.01,400,3279816,买盘
13:25:50,82.05,0.0,498,4086137,卖盘
13:25:53,82.04,-0.01,265,2174065,卖盘
13:25:54,82.03,-0.01,364,2986141,卖盘
13:25:57,82.03,0.0,184,1509498,卖盘
13:26:02,82.04,0.01,182,1493021,买盘
13:26:05,82.04,0.0,211,1730897,买盘
13:26:08,82.03,-0.01,75,615277,卖盘
13:26:09,82.06,0.03,296,2428534,买盘
13:26:14,82.04,-0.02,151,1238890,卖盘
13:26:15,82.07,0.03,25,205137,买盘
13:26:20,82.03,-0.04,299,2453062,卖盘
13:26:23,82.05,0.02,347,2846495,中性盘
13:26:26,82.07,0.02,76,623638,买盘
13:26:29,82.05,-0.02,54,443077,卖盘
13:26:32,82.06,0.01,43,352854,中性盘
13:26:33,82.07,0.01,201,1649567,买盘
13:26:38,82.07,0.0,98,804260,卖盘
13:26:41,82.07,0.0,49,402144,买盘
13:26:42,82.07,0.0,132,1083306,卖盘
13:26:47,82.08,0.01,42,344700,买盘
13:26:50,82.06,-0.02,17,139513,卖盘
13:26:53,82.08,0.02,128,1050620,买盘
13:26:56,82.08,0.0,49,402186,卖盘
13:26:59,82.08,0.0,14,114912,卖盘
13:27:02,82.09,0.01,156,1280602,买盘
13:27:03,82.1,0.01,14,114936,买盘
13:27:07,82.1,0.0,223,1830818,买盘
13:27:11,82.1,0.0,537,4408762,买盘
13:27:14,82.1,0.0,108,886680,卖盘
13:27:17,82.1,0.0,18,147792,卖盘
13:27:20,82.11,0.01,45,369497,买盘
13:27:22,82.12,0.01,70,574779,买盘
13:27:26,82.11,-0.01,173,1420525,卖盘
13:27:29,82.12,0.01,63,517295,买盘
13:27:30,82.12,0.0,312,2562182,买盘
13:27:33,82.15,0.03,6,49281,买盘
13:27:38,82.15,0.0,69,566818,买盘
13:27:41,82.15,0.0,70,575012,买盘
13:27:42,82.15,0.0,34,279262,买盘
13:27:45,82.15,0.0,41,336784,买盘
13:27:48,82.15,0.0,171,1404744,买盘
13:27:53,82.14,-0.01,143,1181126,卖盘
13:27:55,82.15,0.01,26,213605,中性盘
13:27:59,82.15,0.0,24,197176,买盘
13:28:02,82.14,-0.01,306,2513823,卖盘
13:28:03,82.14,0.0,134,1100776,卖盘
13:28:08,82.15,0.01,103,841575,买盘
13:28:11,82.14,-0.01,193,1590074,卖盘
13:28:14,82.15,0.01,51,415306,买盘
13:28:17,82.13,-0.02,199,1634638,卖盘
13:28:20,82.14,0.01,40,328554,买盘
13:28:23,82.14,0.0,182,1494824,买盘
13:28:25,82.14,0.0,64,525659,买盘
13:28:29,82.13,-0.01,90,739234,卖盘
13:28:32,82.14,0.01,79,648870,买盘
13:28:35,82.13,-0.01,52,427066,买盘
13:28:38,82.12,-0.01,303,2485421,卖盘
13:28:41,82.12,0.0,63,517330,买盘
13:28:44,82.12,0.0,164,1346672,买盘
13:28:47,82.12,0.0,340,2792141,买盘
13:28:50,82.11,-0.01,283,2323729,卖盘
13:28:53,82.1,-0.01,187,1535381,卖盘
13:28:56,82.1,0.0,32,262726,卖盘
13:28:59,82.09,-0.01,186,1527097,卖盘
13:29:02,82.09,0.0,6,49255,卖盘
13:29:05,82.09,0.0,112,919422,卖盘
13:29:08,82.09,0.0,40,328344,买盘
13:29:09,82.09,0.0,18,147757,买盘
13:29:14,82.09,0.0,48,394027,买盘
13:29:17,82.09,0.0,144,1181966,买盘
13:29:18,82.08,-0.01,40,328328,卖盘
13:29:23,82.08,0.0,11,90285,买盘
13:29:26,82.08,0.0,49,402181,买盘
13:29:29,82.08,0.0,203,1666070,买盘
13:29:32,82.07,-0.01,96,787851,买盘
13:29:35,82.08,0.01,77,631948,买盘
13:29:38,82.07,-0.01,14,114894,中性盘
13:29:41,82.08,0.01,30,246218,买盘
13:29:44,82.06,-0.02,37,307688,卖盘
13:29:47,82.07,0.01,35,287244,卖盘
13:29:50,82.07,0.0,58,475978,中性盘
