time,price,change,volume,amount,type
09:25:02,35.6,-0.1,1492,5311520,卖盘
09:30:02,35.58,-0.02,416,1480335,卖盘
09:30:05,35.57,-0.01,455,1618801,卖盘
09:30:08,35.59,0.02,725,2581395,买盘
09:30:11,35.57,-0.02,289,1026041,卖盘
09:30:14,35.59,0.02,1037,3689297,买盘
09:30:17,35.57,-0.02,314,1116569,中性盘
09:30:21,35.53,-0.04,26,92374,中性盘
09:30:23,35.59,0.06,416,1478354,买盘
09:30:26,35.59,0.0,379,1348371,买盘
09:30:29,35.54,-0.05,282,1003137,卖盘
09:30:32,35.52,-0.02,175,621937,卖盘
09:30:36,35.54,0.02,292,1038597,卖盘
09:30:38,35.59,0.05,206,732766,买盘
09:30:42,35.59,0.0,94,335952,买盘
09:30:44,35.6,0.01,565,2012474,买盘
09:30:46,35.6,0.0,162,576725,卖盘
09:30:50,35.56,-0.04,150,531853,卖盘
09:30:53,35.62,0.06,168,597894,买盘
09:30:56,35.54,-0.08,148,526796,卖盘
09:30:59,35.56,0.02,32,113817,卖盘
09:31:02,35.56,0.0,76,270230,买盘
09:31:05,35.56,0.0,966,3431990,买盘
09:31:08,35.56,0.0,108,383011,买盘
09:31:11,35.55,-0.01,291,1033592,中性盘
09:31:15,35.56,0.01,313,1112621,买盘
09:31:17,35.55,-0.01,246,874094,卖盘
09:31:21,35.55,0.0,105,372978,买盘
09:31:23,35.51,-0.04,329,1169496,卖盘
09:31:26,35.55,0.04,17,60439,卖盘
09:31:29,35.52,-0.03,89,316302,卖盘
09:31:32,35.51,-0.01,128,454672,卖盘
09:31:35,35.52,0.01,142,504645,卖盘
09:31:38,35.51,-0.01,72,255824,卖盘
09:31:41,35.54,0.03,231,820433,买盘
09:31:44,35.56,0.02,144,511591,买盘
09:31:47,35.52,-0.04,125,444045,卖盘
09:31:51,35.54,0.02,15,53310,买盘
09:31:53,35.56,0.02,272,966789,买盘
09:31:56,35.55,-0.01,49,174296,卖盘
09:31:59,35.55,0.0,97,344861,卖盘
09:32:02,35.52,-0.03,231,821120,卖盘
09:32:05,35.55,0.03,183,650187,中性盘
09:32:08,35.55,0.0,78,277148,卖盘
09:32:12,35.56,0.01,183,650483,买盘
09:32:15,35.55,-0.01,212,753379,中性盘
09:32:17,35.55,0.0,178,632700,买盘
09:32:20,35.56,0.01,104,369745,中性盘
09:32:23,35.56,0.0,355,1262625,卖盘
09:32:26,35.57,0.01,182,649944,中性盘
09:32:30,35.57,0.0,157,558470,卖盘
09:32:32,35.56,-0.01,233,829227,卖盘
09:32:36,35.6,0.04,246,874935,中性盘
09:32:38,35.56,-0.04,116,412569,卖盘
09:32:41,35.58,0.02,152,540785,买盘
09:32:44,35.6,0.02,104,370287,卖盘
09:32:46,35.57,-0.03,309,1099558,卖盘
09:32:50,35.56,-0.01,58,206274,卖盘
09:32:53,35.57,0.01,192,683228,买盘
09:32:56,35.6,0.03,16,56920,买盘
09:32:59,35.6,0.0,97,345123,买盘
09:33:02,35.61,0.01,58,206401,买盘
09:33:05,35.6,-0.01,82,291870,卖盘
09:33:08,35.62,0.02,230,817137,买盘
09:33:11,35.62,0.0,123,438112,卖盘
09:33:14,35.62,0.0,240,854957,卖盘
09:33:17,35.65,0.03,42,149641,买盘
09:33:21,35.65,0.0,216,770284,卖盘
09:33:23,35.68,0.03,68,242551,买盘
09:33:26,35.67,-0.01,109,388807,卖盘
09:33:30,35.68,0.01,61,219459,买盘
09:33:33,35.69,0.01,209,745674,买盘
09:33:35,35.69,0.0,101,360558,卖盘
09:33:39,35.7,0.01,164,585294,买盘
09:33:41,35.72,0.02,102,364146,买盘
09:33:44,35.7,-0.02,127,453220,中性盘
09:33:47,35.72,0.02,93,331991,买盘
09:33:50,35.68,-0.04,307,1095665,卖盘
09:33:53,35.67,-0.01,229,816952,卖盘
09:33:57,35.62,-0.05,152,539723,卖盘
09:33:59,35.62,0.0,108,385210,卖盘
09:34:02,35.68,0.06,35,124011,买盘
09:34:05,35.67,-0.01,202,720537,卖盘
09:34:08,35.68,0.01,85,303205,买盘
09:34:11,35.65,-0.03,103,367195,买盘
09:34:14,35.62,-0.03,113,402582,卖盘
09:34:17,35.65,0.03,92,327927,买盘
09:34:20,35.65,0.0,60,213850,买盘
09:34:23,35.62,-0.03,128,456278,卖盘
09:34:26,35.64,0.02,86,306419,中性盘
09:34:30,35.63,-0.01,26,92627,卖盘
09:34:32,35.65,0.02,113,402591,买盘
09:34:35,35.66,0.01,25,89118,买盘
09:34:38,35.66,0.0,53,188914,买盘
09:34:41,35.63,-0.03,69,245943,卖盘
09:34:45,35.66,0.03,87,310312,买盘
09:34:47,35.66,0.0,45,160470,卖盘
09:34:50,35.66,0.0,43,153359,卖盘
09:34:53,35.66,0.0,145,517231,卖盘
09:34:57,35.67,0.01,36,128393,中性盘
09:34:59,35.66,-0.01,28,99838,卖盘
09:35:02,35.67,0.01,132,470628,买盘
09:35:06,35.63,-0.04,53,188940,卖盘
09:35:08,35.66,0.03,2,9058,买盘
09:35:11,35.63,-0.03,67,236924,卖盘
09:35:15,35.66,0.03,63,224649,买盘
09:35:17,35.66,0.0,106,377992,买盘
09:35:20,35.66,0.0,450,1603602,买盘
09:35:24,35.67,0.01,122,437023,买盘
09:35:27,35.66,-0.01,9,32103,卖盘
09:35:29,35.66,0.0,51,181866,卖盘
09:35:32,35.69,0.03,244,870458,买盘
09:35:36,35.67,-0.02,47,167666,卖盘
09:35:38,35.68,0.01,36,128436,买盘
09:35:41,35.66,-0.02,83,294325,卖盘
09:35:44,35.66,0.0,95,338857,卖盘
09:35:47,35.66,0.0,225,802546,卖盘
09:35:50,35.7,0.04,52,185541,买盘
09:35:54,35.66,-0.04,134,477909,卖盘
09:35:56,35.68,0.02,56,199942,买盘
09:36:00,35.69,0.01,12,42819,买盘
09:36:02,35.67,-0.02,22,78496,卖盘
09:36:06,35.67,0.0,84,299454,卖盘
09:36:08,35.68,0.01,176,627653,买盘
09:36:12,35.67,-0.01,7,24979,卖盘
09:36:14,35.66,-0.01,36,128401,卖盘
09:36:17,35.66,0.0,118,420990,卖盘
09:36:21,35.66,0.0,75,267457,买盘
09:36:23,35.66,0.0,50,178312,卖盘
09:36:26,35.66,0.0,121,431486,卖盘
09:36:29,35.65,-0.01,22,78434,卖盘
09:36:33,35.66,0.01,80,285286,买盘
09:36:36,35.67,0.01,47,167618,买盘
09:36:38,35.67,0.0,53,189068,卖盘
09:36:42,35.66,-0.01,176,627656,卖盘
09:36:44,35.66,0.0,73,260318,买盘
09:36:48,35.67,0.01,103,367301,买盘
09:36:50,35.67,0.0,66,235367,买盘
09:36:53,35.65,-0.02,285,1016184,卖盘
09:36:56,35.65,0.0,16,57040,买盘
09:37:00,35.65,0.0,10,35650,买盘
09:37:02,35.65,0.0,33,117622,买盘
09:37:05,35.64,-0.01,2,7128,中性盘
09:37:08,35.65,0.01,124,441900,买盘
09:37:11,35.63,-0.02,25,89084,卖盘
09:37:15,35.65,0.02,143,509744,买盘
09:37:17,35.64,-0.01,109,388557,卖盘
09:37:21,35.64,0.0,101,359963,买盘
09:37:23,35.63,-0.01,52,185292,卖盘
09:37:26,35.63,0.0,24,85533,卖盘
09:37:30,35.64,0.01,99,352825,买盘
09:37:32,35.64,0.0,31,110484,卖盘
09:37:36,35.64,0.0,40,142560,卖盘
09:37:39,35.64,0.0,71,253044,买盘
09:37:41,35.64,0.0,305,1086721,买盘
09:37:44,35.64,0.0,43,153215,买盘
09:37:47,35.64,0.0,98,349265,买盘
09:37:50,35.63,-0.01,56,199547,卖盘
09:37:53,35.64,0.01,26,92651,中性盘
09:37:56,35.63,-0.01,36,128280,卖盘
09:37:59,35.64,0.01,78,278019,买盘
09:38:02,35.63,-0.01,49,174603,卖盘
09:38:06,35.63,0.0,19,67715,卖盘
09:38:08,35.66,0.03,81,288752,买盘
09:38:11,35.63,-0.03,44,156824,卖盘
09:38:14,35.64,0.01,32,114017,买盘
09:38:17,35.64,0.0,111,395740,中性盘
09:38:20,35.66,0.02,25,89145,买盘
09:38:23,35.67,0.01,73,260374,买盘
09:38:26,35.66,-0.01,17,60622,卖盘
09:38:29,35.67,0.01,139,495780,买盘
09:38:34,35.67,0.0,119,424493,买盘
09:38:35,35.66,-0.01,13,46370,卖盘
09:38:39,35.68,0.02,59,210467,买盘
09:38:41,35.68,0.0,63,224709,买盘
09:38:44,35.69,0.01,29,103463,买盘
09:38:47,35.68,-0.01,43,153397,卖盘
09:38:50,35.68,0.0,44,157019,卖盘
09:38:53,35.68,0.0,165,588780,卖盘
09:38:57,35.68,0.0,54,192669,买盘
09:38:59,35.68,0.0,92,328256,买盘
09:39:02,35.68,0.0,50,178383,买盘
09:39:05,35.69,0.01,33,117737,买盘
09:39:08,35.69,0.0,53,189143,买盘
09:39:11,35.69,0.0,11,39249,买盘
09:39:14,35.69,0.0,32,114190,买盘
09:39:17,35.68,-0.01,171,610352,卖盘
09:39:20,35.68,0.0,44,157059,卖盘
09:39:23,35.69,0.01,200,713717,买盘
09:39:26,35.7,0.01,70,249805,买盘
09:39:29,35.68,-0.02,107,381901,卖盘
09:39:33,35.69,0.01,22,78507,买盘
09:39:35,35.69,0.0,120,428280,卖盘
09:39:39,35.7,0.01,275,981626,买盘
09:39:41,35.7,0.0,204,728388,卖盘
09:39:44,35.71,0.01,14,49993,买盘
09:39:47,35.72,0.01,306,1092647,买盘
09:39:50,35.72,0.0,6,21432,买盘
09:39:53,35.72,0.0,1,3572,买盘
09:39:57,35.72,0.0,159,568027,买盘
09:39:59,35.73,0.01,33,117909,中性盘
09:40:02,35.74,0.01,20,71463,买盘
09:40:06,35.74,0.0,85,303757,买盘
09:40:08,35.74,0.0,257,918562,买盘
09:40:11,35.74,0.0,370,1322641,卖盘
09:40:14,35.75,0.01,142,507578,买盘
09:40:18,35.76,0.01,130,464843,买盘
09:40:20,35.77,0.01,555,1984550,买盘
09:40:24,35.77,0.0,113,404965,买盘
09:40:26,35.76,-0.01,408,1459130,卖盘
09:40:29,35.75,-0.01,317,1133121,卖盘
09:40:32,35.76,0.01,175,626385,买盘
09:40:35,35.75,-0.01,27,96546,卖盘
09:40:38,35.77,0.02,190,679595,买盘
09:40:41,35.77,0.0,172,615083,卖盘
09:40:44,35.78,0.01,27,96572,买盘
09:40:48,35.77,-0.01,48,171662,中性盘
09:40:50,35.77,0.0,263,940869,买盘
09:40:53,35.78,0.01,152,543796,买盘
09:40:57,35.77,-0.01,144,515091,中性盘
09:40:59,35.76,-0.01,358,1280823,卖盘
09:41:02,35.77,0.01,151,540134,买盘
09:41:05,35.77,0.0,181,647510,卖盘
09:41:08,35.78,0.01,124,443704,中性盘
09:41:11,35.79,0.01,226,808701,买盘
09:41:14,35.78,-0.01,108,386406,卖盘
09:41:17,35.8,0.02,502,1796937,买盘
09:41:21,35.79,-0.01,162,579710,中性盘
09:41:23,35.8,0.01,296,1059548,买盘
09:41:27,35.8,0.0,43,153910,买盘
09:41:29,35.8,0.0,488,1746860,买盘
09:41:32,35.8,0.0,100,358006,买盘
09:41:35,35.8,0.0,230,823396,卖盘
09:41:38,35.83,0.03,171,612517,买盘
09:41:42,35.8,-0.03,48,171925,卖盘
09:41:44,35.82,0.02,301,1077882,买盘
09:41:48,35.8,-0.02,137,490508,卖盘
09:41:51,35.83,0.03,85,304462,买盘
09:41:53,35.83,0.0,313,1121345,买盘
09:41:56,35.81,-0.02,75,268592,卖盘
09:41:59,35.82,0.01,524,1876991,买盘
09:42:02,35.81,-0.01,53,189841,卖盘
09:42:06,35.81,0.0,90,322371,买盘
09:42:08,35.8,-0.01,292,1045866,卖盘
09:42:12,35.81,0.01,75,268542,卖盘
09:42:14,35.81,0.0,263,942047,卖盘
09:42:18,35.81,0.0,147,526489,卖盘
09:42:20,35.81,0.0,243,870276,卖盘
09:42:23,35.81,0.0,231,827161,买盘
09:42:26,35.81,0.0,137,490572,买盘
09:42:29,35.8,-0.01,172,615893,卖盘
09:42:32,35.8,0.0,89,318553,买盘
09:42:35,35.79,-0.01,171,612174,卖盘
09:42:38,35.77,-0.02,245,876662,卖盘
09:42:44,35.79,0.02,59,211116,买盘
09:42:47,35.79,0.0,128,457886,买盘
09:42:50,35.78,-0.01,99,354133,中性盘
09:42:53,35.77,-0.01,23,82271,卖盘
09:42:57,35.78,0.01,59,211052,买盘
09:43:00,35.76,-0.02,378,1351749,卖盘
09:43:03,35.76,0.0,31,110856,买盘
09:43:03,35.76,0.0,345,1233435,买盘
09:43:08,35.75,-0.01,67,239562,卖盘
09:43:11,35.75,0.0,362,1294173,卖盘
09:43:14,35.74,-0.01,551,1969830,卖盘
09:43:17,35.76,0.02,139,497014,买盘
09:43:20,35.75,-0.01,13,46475,卖盘
09:43:23,35.75,0.0,12,42889,买盘
09:43:26,35.75,0.0,232,829236,买盘
09:43:29,35.76,0.01,335,1197740,买盘
09:43:32,35.76,0.0,225,804493,买盘
09:43:35,35.76,0.0,170,607832,买盘
09:43:38,35.74,-0.02,119,424588,卖盘
09:43:41,35.74,0.0,37,132238,买盘
09:43:44,35.74,0.0,5,17870,买盘
09:43:47,35.74,0.0,62,221530,买盘
09:43:50,35.73,-0.01,88,314397,卖盘
09:43:53,35.71,-0.02,310,1107484,卖盘
09:43:56,35.73,0.02,45,160779,买盘
09:43:59,35.73,0.0,749,2674861,买盘
09:44:02,35.72,-0.01,113,403773,卖盘
09:44:05,35.7,-0.02,132,471333,卖盘
09:44:08,35.73,0.03,198,708801,买盘
09:44:11,35.7,-0.03,31,110719,卖盘
09:44:14,35.69,-0.01,207,737101,卖盘
09:44:17,35.7,0.01,128,458617,买盘
09:44:20,35.71,0.01,125,446521,买盘
09:44:23,35.68,-0.03,198,706718,卖盘
09:44:26,35.7,0.02,24,85693,卖盘
09:44:29,35.71,0.01,79,282823,买盘
09:44:32,35.7,-0.01,48,171380,卖盘
09:44:35,35.71,0.01,145,517697,买盘
09:44:38,35.71,0.0,40,142840,买盘
09:44:41,35.71,0.0,15,53565,卖盘
09:44:44,35.71,0.0,253,903283,卖盘
09:44:47,35.72,0.01,24,85707,买盘
09:44:50,35.72,0.0,170,607131,买盘
09:44:53,35.7,-0.02,310,1106993,卖盘
09:44:56,35.73,0.03,97,346477,买盘
09:45:02,35.72,-0.01,17,60724,卖盘
09:45:05,35.72,0.0,215,767738,卖盘
09:45:08,35.72,0.0,36,128591,买盘
09:45:11,35.72,0.0,32,114306,买盘
09:45:14,35.72,0.0,130,464272,卖盘
09:45:17,35.72,0.0,35,125006,买盘
09:45:20,35.71,-0.01,186,664367,卖盘
09:45:23,35.71,0.0,177,632193,卖盘
09:45:26,35.71,0.0,117,417814,卖盘
09:45:29,35.72,0.01,56,200006,买盘
09:45:32,35.72,0.0,109,389348,买盘
09:45:35,35.73,0.01,167,596445,买盘
09:45:38,35.72,-0.01,258,921576,卖盘
09:45:41,35.72,0.0,233,832501,卖盘
09:45:44,35.73,0.01,230,821792,中性盘
09:45:47,35.73,0.0,38,135761,卖盘
09:45:50,35.73,0.0,129,460836,买盘
09:45:53,35.74,0.01,280,1000391,买盘
09:45:56,35.73,-0.01,108,385968,卖盘
09:45:59,35.74,0.01,7,25018,买盘
09:46:02,35.74,0.0,339,1211524,买盘
09:46:05,35.74,0.0,350,1250519,买盘
09:46:08,35.74,0.0,74,264477,卖盘
09:46:11,35.75,0.01,110,393190,买盘
09:46:14,35.75,0.0,344,1229325,买盘
09:46:17,35.75,0.0,86,307443,买盘
09:46:20,35.75,0.0,116,414697,买盘
09:46:23,35.76,0.01,317,1132881,买盘
09:46:26,35.76,0.0,44,157325,买盘
09:46:29,35.75,-0.01,7,25025,卖盘
09:46:32,35.76,0.01,269,961936,买盘
09:46:35,35.75,-0.01,303,1083268,卖盘
09:46:38,35.75,0.0,55,196634,卖盘
09:46:42,35.77,0.02,426,1523586,买盘
09:46:44,35.76,-0.01,243,869212,卖盘
09:46:47,35.76,0.0,22,78708,卖盘
09:46:50,35.77,0.01,21,75117,买盘
09:46:53,35.76,-0.01,242,865400,卖盘
09:46:56,35.77,0.01,31,110871,买盘
09:46:59,35.77,0.0,81,289736,买盘
09:47:02,35.77,0.0,124,443526,买盘
09:47:05,35.78,0.01,119,425598,买盘
09:47:08,35.78,0.0,70,250420,买盘
09:47:11,35.78,0.0,72,257616,买盘
09:47:14,35.78,0.0,655,2344118,卖盘
09:47:17,35.78,0.0,151,540291,卖盘
09:47:20,35.77,-0.01,124,443380,卖盘
09:47:23,35.78,0.01,78,279084,买盘
09:47:26,35.78,0.0,424,1516667,买盘
09:47:29,35.79,0.01,86,307777,买盘
09:47:32,35.77,-0.02,234,837156,卖盘
09:47:35,35.77,0.0,208,743727,买盘
09:47:38,35.76,-0.01,24,85841,卖盘
09:47:41,35.75,-0.01,88,315032,卖盘
09:47:44,35.75,0.0,209,746897,买盘
09:47:47,35.77,0.02,113,403723,买盘
09:47:50,35.74,-0.03,49,175615,卖盘
09:47:53,35.75,0.01,5,17874,中性盘
09:47:56,35.76,0.01,214,764366,买盘
09:48:00,35.74,-0.02,21,75513,卖盘
09:48:02,35.77,0.03,117,418013,买盘
09:48:05,35.76,-0.01,277,989810,中性盘
09:48:08,35.75,-0.01,122,436050,买盘
09:48:11,35.76,0.01,48,171656,买盘
09:48:14,35.74,-0.02,251,897096,卖盘
09:48:17,35.76,0.02,33,117985,买盘
09:48:20,35.77,0.01,110,393496,买盘
09:48:23,35.77,0.0,118,422104,卖盘
09:48:26,35.77,0.0,47,168119,买盘
09:48:29,35.77,0.0,23,82267,买盘
09:48:32,35.77,0.0,115,411330,买盘
09:48:35,35.76,-0.01,83,296805,卖盘
09:48:38,35.77,0.01,25,89413,买盘
09:48:41,35.78,0.01,73,261184,买盘
09:48:44,35.77,-0.01,41,146659,卖盘
09:48:47,35.79,0.02,402,1438767,买盘
09:48:50,35.79,0.0,30,107370,卖盘
09:48:53,35.8,0.01,88,314953,买盘
09:48:56,35.79,-0.01,70,250559,卖盘
09:48:59,35.8,0.01,47,168260,买盘
09:49:02,35.8,0.0,42,150360,买盘
09:49:05,35.8,0.0,40,143170,买盘
09:49:08,35.8,0.0,28,100220,买盘
09:49:11,35.79,-0.01,35,125271,卖盘
09:49:14,35.8,0.01,52,186129,买盘
09:49:17,35.8,0.0,62,221955,买盘
09:49:20,35.8,0.0,124,443900,买盘
09:49:23,35.8,0.0,26,93067,买盘
09:49:26,35.79,-0.01,120,429546,卖盘
09:49:29,35.79,0.0,41,146761,卖盘
09:49:32,35.8,0.01,41,146762,买盘
09:49:35,35.79,-0.01,222,794623,卖盘
09:49:38,35.8,0.01,116,415234,买盘
09:49:41,35.78,-0.02,155,554710,卖盘
09:49:44,35.79,0.01,119,425974,中性盘
09:49:47,35.79,0.0,36,128865,卖盘
09:49:50,35.79,0.0,19,68010,卖盘
09:49:53,35.79,0.0,227,812447,卖盘
09:49:56,35.79,0.0,25,89904,卖盘
09:49:59,35.79,0.0,53,189279,卖盘
09:50:02,35.78,-0.01,52,186075,卖盘
09:50:05,35.79,0.01,204,730223,买盘
09:50:08,35.79,0.0,53,189684,卖盘
09:50:11,35.78,-0.01,158,565391,卖盘
09:50:14,35.78,0.0,122,436582,卖盘
09:50:17,35.79,0.01,78,279159,买盘
09:50:20,35.79,0.0,111,397291,买盘
09:50:23,35.79,0.0,200,715788,卖盘
09:50:26,35.79,0.0,10,35788,买盘
09:50:29,35.79,0.0,6,21473,买盘
09:50:32,35.79,0.0,204,730101,买盘
09:50:35,35.78,-0.01,124,443824,卖盘
09:50:38,35.79,0.01,26,93054,买盘
09:50:41,35.79,0.0,21,75144,买盘
09:50:44,35.79,0.0,127,454528,买盘
09:50:47,35.78,-0.01,67,239733,卖盘
09:50:50,35.78,0.0,12,42941,卖盘
09:50:53,35.79,0.01,52,186079,卖盘
09:50:56,35.78,-0.01,24,85886,卖盘
09:50:59,35.79,0.01,26,93053,买盘
09:51:02,35.78,-0.01,56,200394,卖盘
09:51:05,35.78,0.0,157,561747,卖盘
09:51:08,35.78,0.0,105,375690,买盘
09:51:11,35.78,0.0,18,64404,买盘
09:51:14,35.77,-0.01,78,279024,卖盘
09:51:17,35.78,0.01,204,729867,买盘
09:51:20,35.79,0.01,155,554580,买盘
09:51:23,35.78,-0.01,29,103769,卖盘
09:51:26,35.78,0.0,32,114498,卖盘
09:51:29,35.78,0.0,49,175327,卖盘
09:51:32,35.78,0.0,41,146699,卖盘
09:51:35,35.78,0.0,26,93021,卖盘
09:51:38,35.78,0.0,40,143092,买盘
09:51:41,35.77,-0.01,22,78698,卖盘
09:51:44,35.77,0.0,17,60814,卖盘
09:51:47,35.78,0.01,15,53668,买盘
09:51:50,35.79,0.01,222,794317,买盘
09:51:53,35.77,-0.02,93,332721,卖盘
09:51:56,35.78,0.01,124,443708,买盘
09:51:59,35.77,-0.01,10,35770,卖盘
09:52:02,35.77,0.0,13,46501,买盘
09:52:05,35.77,0.0,77,275406,买盘
09:52:08,35.77,0.0,6,21462,买盘
09:52:11,35.77,0.0,28,100176,卖盘
09:52:14,35.77,0.0,37,132351,卖盘
09:52:17,35.78,0.01,61,218255,买盘
09:52:20,35.78,0.0,133,475845,买盘
09:52:23,35.77,-0.01,163,583209,卖盘
09:52:26,35.78,0.01,65,232549,中性盘
09:52:29,35.79,0.01,68,243305,买盘
09:52:32,35.78,-0.01,128,457891,卖盘
09:52:35,35.78,0.0,46,164585,买盘
09:52:38,35.78,0.0,42,150259,买盘
09:52:41,35.78,0.0,78,279104,买盘
09:52:44,35.78,0.0,198,708637,卖盘
09:52:47,35.78,0.0,59,211104,卖盘
09:52:50,35.77,-0.01,659,2355246,卖盘
09:52:53,35.78,0.01,3,10734,中性盘
09:52:56,35.76,-0.02,13,46492,卖盘
09:52:59,35.77,0.01,69,246746,买盘
09:53:02,35.78,0.01,34,121615,买盘
09:53:05,35.76,-0.02,7,25032,卖盘
09:53:08,35.77,0.01,10,35775,卖盘
09:53:11,35.76,-0.01,169,606122,卖盘
09:53:14,35.76,0.0,48,171648,买盘
09:53:17,35.77,0.01,204,727785,买盘
09:53:20,35.77,0.0,60,214588,卖盘
09:53:23,35.77,0.0,9,32193,卖盘
09:53:26,35.77,0.0,84,300482,卖盘
09:53:29,35.78,0.01,325,1162164,买盘
09:53:32,35.77,-0.01,148,529416,卖盘
09:53:35,35.77,0.0,54,193190,卖盘
09:53:38,35.76,-0.01,9,32192,卖盘
09:53:41,35.77,0.01,91,325507,买盘
09:53:44,35.77,0.0,57,203872,买盘
09:53:47,35.76,-0.01,6,21457,卖盘
09:53:50,35.77,0.01,55,196735,买盘
09:53:53,35.77,0.0,123,439963,买盘
09:53:56,35.77,0.0,16,57233,卖盘
09:53:59,35.77,0.0,54,193158,卖盘
09:54:02,35.78,0.01,38,135954,买盘
09:54:05,35.77,-0.01,94,336289,卖盘
09:54:08,35.77,0.0,62,221774,买盘
09:54:11,35.76,-0.01,426,1523708,卖盘
09:54:14,35.76,0.0,1,3576,卖盘
09:54:17,35.77,0.01,94,336199,买盘
09:54:20,35.78,0.01,116,414998,买盘
09:54:23,35.78,0.0,2,7154,买盘
09:54:26,35.78,0.0,17,60826,买盘
09:54:29,35.78,0.0,122,436499,买盘
09:54:32,35.78,0.0,20,71541,买盘
09:54:35,35.8,0.02,958,3429549,买盘
09:54:38,35.8,0.0,78,279240,卖盘
09:54:41,35.8,0.0,55,196900,卖盘
09:54:44,35.81,0.01,30,107406,买盘
09:54:47,35.81,0.0,171,612192,买盘
09:54:50,35.81,0.0,76,272132,买盘
09:54:53,35.8,-0.01,65,232729,卖盘
09:54:56,35.81,0.01,155,554936,买盘
09:54:59,35.81,0.0,71,254245,买盘
09:55:02,35.8,-0.01,51,182597,卖盘
09:55:05,35.81,0.01,41,146803,买盘
09:55:08,35.8,-0.01,148,529857,卖盘
09:55:11,35.8,0.0,20,71601,卖盘
09:55:14,35.81,0.01,91,325792,买盘
09:55:17,35.81,0.0,90,322240,买盘
09:55:20,35.82,0.01,859,3076023,买盘
09:55:23,35.8,-0.02,41,146791,卖盘
09:55:26,35.81,0.01,45,161146,买盘
09:55:29,35.81,0.0,116,415427,卖盘
09:55:32,35.82,0.01,85,304387,买盘
09:55:35,35.81,-0.01,130,465507,卖盘
09:55:38,35.81,0.0,123,440453,买盘
09:55:41,35.81,0.0,145,519232,买盘
09:55:44,35.81,0.0,134,479755,买盘
09:55:47,35.81,0.0,78,279314,买盘
09:55:50,35.8,-0.01,85,304301,卖盘
09:55:53,35.8,0.0,159,569259,卖盘
09:55:56,35.8,0.0,85,304356,卖盘
09:55:59,35.8,0.0,36,128454,卖盘
09:56:02,35.81,0.01,331,1185226,买盘
09:56:05,35.81,0.0,314,1124727,买盘
09:56:08,35.81,0.0,76,271689,卖盘
09:56:11,35.8,-0.01,24,85922,中性盘
09:56:14,35.81,0.01,30,107424,买盘
09:56:17,35.8,-0.01,38,136054,卖盘
09:56:20,35.81,0.01,84,300804,买盘
09:56:23,35.8,-0.01,18,64441,卖盘
09:56:26,35.8,0.0,564,2018205,买盘
09:56:29,35.78,-0.02,45,161010,买盘
09:56:32,35.8,0.02,115,411507,买盘
09:56:35,35.8,0.0,38,136039,买盘
09:56:38,35.76,-0.04,330,1180479,卖盘
09:56:41,35.79,0.03,6,21476,买盘
09:56:44,35.79,0.0,3,10737,买盘
09:56:47,35.78,-0.01,50,178921,卖盘
09:56:50,35.78,0.0,47,168172,买盘
09:56:53,35.77,-0.01,24,85864,卖盘
09:56:56,35.77,0.0,2,7155,卖盘
09:56:59,35.78,0.01,5,17888,买盘
09:57:02,35.77,-0.01,23,82293,中性盘
09:57:05,35.77,0.0,66,236082,买盘
09:57:08,35.78,0.01,47,168122,买盘
09:57:11,35.77,-0.01,127,454204,卖盘
09:57:14,35.77,0.0,32,114455,卖盘
09:57:17,35.79,0.02,119,425896,买盘
09:57:20,35.77,-0.02,17,60828,卖盘
09:57:23,35.78,0.01,222,794302,买盘
09:57:26,35.79,0.01,10,35789,买盘
09:57:29,35.77,-0.02,7,25042,卖盘
09:57:32,35.79,0.02,1193,4267865,买盘
09:57:35,35.79,0.0,24,85876,买盘
09:57:38,35.79,0.0,9,32210,买盘
09:57:41,35.79,0.0,2,7158,买盘
09:57:44,35.77,-0.02,232,830247,卖盘
09:57:47,35.78,0.01,19,67982,中性盘
09:57:53,35.77,-0.01,7,25045,卖盘
09:57:56,35.78,0.01,178,636864,买盘
09:57:59,35.79,0.01,178,637061,买盘
09:58:02,35.78,-0.01,68,243243,中性盘
09:58:05,35.77,-0.01,42,150238,卖盘
09:58:08,35.78,0.01,95,339834,中性盘
09:58:11,35.78,0.0,5,17892,卖盘
09:58:14,35.78,0.0,1,3578,卖盘
09:58:17,35.78,0.0,99,354189,卖盘
09:58:20,35.78,0.0,36,128828,买盘
09:58:23,35.78,0.0,120,429413,买盘
09:58:26,35.77,-0.01,220,787168,卖盘
09:58:29,35.78,0.01,60,214665,中性盘
09:58:32,35.8,0.02,194,694416,买盘
09:58:35,35.77,-0.03,107,382768,卖盘
09:58:38,35.78,0.01,199,711952,买盘
09:58:41,35.78,0.0,56,200329,买盘
09:58:44,35.78,0.0,15,53670,买盘
09:58:47,35.78,0.0,31,110900,卖盘
09:58:50,35.78,0.0,145,518810,买盘
09:58:53,35.76,-0.02,622,2225707,卖盘
09:58:56,35.78,0.02,23,82273,买盘
09:58:59,35.78,0.0,10,35775,买盘
09:59:02,35.77,-0.01,36,128785,卖盘
09:59:05,35.77,0.0,63,225365,卖盘
09:59:08,35.78,0.01,70,250407,买盘
09:59:11,35.77,-0.01,5,19676,卖盘
09:59:14,35.77,0.0,152,541966,卖盘
09:59:17,35.76,-0.01,233,835174,卖盘
09:59:20,35.76,0.0,143,511484,卖盘
09:59:23,35.77,0.01,162,579565,中性盘
09:59:26,35.77,0.0,20,71542,卖盘
09:59:29,35.78,0.01,43,153819,卖盘
09:59:32,35.78,0.0,41,146700,卖盘
09:59:35,35.78,0.0,112,400741,卖盘
09:59:38,35.78,0.0,21,75138,卖盘
09:59:41,35.77,-0.01,146,522277,卖盘
09:59:44,35.77,0.0,84,300472,卖盘
09:59:47,35.77,0.0,8,28616,买盘
09:59:50,35.77,0.0,7,25039,买盘
09:59:53,35.77,0.0,69,246754,买盘
09:59:56,35.76,-0.01,61,218164,卖盘
09:59:59,35.76,0.0,81,289673,卖盘
10:00:02,35.76,0.0,47,168107,卖盘
10:00:05,35.77,0.01,16,57223,买盘
10:00:08,35.77,0.0,171,611730,买盘
10:00:11,35.78,0.01,469,1677994,买盘
10:00:14,35.76,-0.02,374,1337695,卖盘
10:00:17,35.76,0.0,116,414896,卖盘
10:00:20,35.76,0.0,153,547200,卖盘
10:00:23,35.77,0.01,189,676314,中性盘
10:00:26,35.77,0.0,275,983885,卖盘
10:00:29,35.79,0.02,282,1007673,买盘
10:00:32,35.79,0.0,202,723087,卖盘
10:00:35,35.8,0.01,678,2427228,买盘
10:00:38,35.81,0.01,254,910538,买盘
10:00:41,35.8,-0.01,73,261377,卖盘
10:00:44,35.81,0.01,179,641429,买盘
10:00:47,35.81,0.0,27,96697,卖盘
10:00:50,35.81,0.0,41,146822,卖盘
10:00:53,35.81,0.0,40,143232,买盘
10:00:56,35.81,0.0,140,501218,买盘
10:00:59,35.8,-0.01,174,622979,卖盘
10:01:02,35.81,0.01,617,2210072,中性盘
10:01:05,35.81,0.0,108,386896,卖盘
10:01:08,35.82,0.01,60,214918,买盘
10:01:11,35.81,-0.01,30,107442,卖盘
10:01:14,35.81,0.0,5,17907,卖盘
10:01:17,35.82,0.01,21,75222,买盘
10:01:20,35.82,0.0,278,996044,买盘
10:01:23,35.81,-0.01,217,777364,卖盘
10:01:26,35.83,0.02,225,806068,买盘
10:01:29,35.83,0.0,17,59181,买盘
10:01:32,35.82,-0.01,88,315223,卖盘
10:01:35,35.84,0.02,388,1390043,买盘
10:01:38,35.84,0.0,212,759554,买盘
10:01:41,35.84,0.0,112,401308,买盘
10:01:44,35.84,0.0,76,272384,买盘
10:01:47,35.83,-0.01,72,258019,卖盘
10:01:50,35.84,0.01,243,870988,买盘
10:01:53,35.83,-0.01,349,1251146,卖盘
10:01:56,35.84,0.01,38,136197,卖盘
10:01:59,35.85,0.01,494,1770970,买盘
10:02:02,35.84,-0.01,236,846007,卖盘
10:02:05,35.85,0.01,422,1512829,买盘
10:02:08,35.85,0.0,138,494737,卖盘
10:02:11,35.86,0.01,157,562957,买盘
10:02:14,35.86,0.0,247,885559,买盘
10:02:17,35.86,0.0,23,82478,买盘
10:02:20,35.86,0.0,85,304809,买盘
10:02:23,35.87,0.01,212,760432,买盘
10:02:26,35.86,-0.01,17,60967,卖盘
10:02:29,35.87,0.01,119,426790,买盘
10:02:32,35.86,-0.01,112,401709,卖盘
10:02:35,35.86,0.0,237,850154,买盘
10:02:38,35.86,0.0,49,175714,买盘
10:02:41,35.86,0.0,14,50204,买盘
10:02:44,35.86,0.0,98,351402,买盘
10:02:47,35.86,0.0,47,168527,买盘
10:02:50,35.86,0.0,165,591690,买盘
10:02:53,35.86,0.0,84,301220,买盘
10:02:56,35.87,0.01,79,283338,买盘
10:02:59,35.87,0.0,751,2694263,买盘
10:03:02,35.87,0.0,22,78908,买盘
10:03:05,35.87,0.0,63,225962,买盘
10:03:08,35.87,0.0,85,304860,买盘
10:03:11,35.87,0.0,124,444794,买盘
10:03:14,35.87,0.0,27,96857,卖盘
10:03:17,35.88,0.01,374,1341832,买盘
10:03:20,35.88,0.0,46,165048,卖盘
10:03:23,35.89,0.01,120,430664,买盘
10:03:26,35.88,-0.01,265,950837,卖盘
10:03:29,35.88,0.0,70,251195,买盘
10:03:32,35.89,0.01,144,516781,买盘
10:03:35,35.89,0.0,257,922124,买盘
10:03:38,35.88,-0.01,107,383916,卖盘
10:03:41,35.88,0.0,17,60996,买盘
10:03:44,35.88,0.0,189,678034,买盘
10:03:47,35.87,-0.01,44,157859,卖盘
10:03:50,35.88,0.01,332,1191491,买盘
10:03:53,35.87,-0.01,466,1671991,卖盘
10:03:56,35.87,0.0,132,473594,卖盘
10:03:59,35.88,0.01,67,240365,买盘
10:04:02,35.86,-0.02,23,82496,卖盘
10:04:05,35.86,0.0,81,290542,卖盘
10:04:08,35.86,0.0,76,272600,卖盘
10:04:11,35.86,0.0,133,476967,卖盘
10:04:14,35.86,0.0,257,921733,卖盘
10:04:17,35.87,0.01,343,1229793,买盘
10:04:20,35.85,-0.02,225,806884,卖盘
10:04:23,35.85,0.0,321,1150951,卖盘
10:04:26,35.86,0.01,50,179258,买盘
10:04:29,35.85,-0.01,28,100391,卖盘
10:04:32,35.85,0.0,45,161341,卖盘
10:04:35,35.85,0.0,308,1104181,卖盘
10:04:38,35.85,0.0,316,1132865,卖盘
10:04:41,35.85,0.0,113,405285,卖盘
10:04:47,35.85,0.0,2,7170,买盘
10:04:50,35.85,0.0,35,125470,买盘
10:04:53,35.84,-0.01,569,2040185,卖盘
10:04:56,35.85,0.01,250,895873,买盘
10:04:59,35.84,-0.01,29,103944,中性盘
10:05:02,35.84,0.0,24,86016,买盘
10:05:05,35.85,0.01,46,164867,买盘
10:05:08,35.83,-0.02,13,46595,卖盘
10:05:11,35.84,0.01,8,28673,卖盘
10:05:14,35.83,-0.01,56,200702,卖盘
10:05:17,35.84,0.01,34,121843,买盘
10:05:23,35.85,0.01,114,408602,买盘
10:05:26,35.84,-0.01,4,14334,买盘
10:05:29,35.83,-0.01,24,85994,卖盘
10:05:32,35.83,0.0,16,57336,卖盘
10:05:35,35.83,0.0,126,451314,卖盘
10:05:38,35.83,0.0,230,824249,买盘
10:05:41,35.83,0.0,14,50162,卖盘
10:05:44,35.83,0.0,537,1924603,卖盘
10:05:47,35.84,0.01,38,136165,中性盘
10:05:50,35.83,-0.01,73,261575,卖盘
10:05:53,35.83,0.0,35,125410,卖盘
10:05:56,35.83,0.0,184,659405,卖盘
10:05:59,35.84,0.01,23,82449,买盘
10:06:03,35.84,0.0,30,107524,卖盘
10:06:05,35.84,0.0,84,301110,卖盘
10:06:08,35.84,0.0,408,1462662,卖盘
10:06:11,35.84,0.0,160,573450,卖盘
10:06:14,35.84,0.0,322,1154234,卖盘
10:06:17,35.84,0.0,201,720396,卖盘
10:06:20,35.85,0.01,125,448080,买盘
10:06:23,35.84,-0.01,139,498259,卖盘
10:06:26,35.85,0.01,255,913942,买盘
10:06:29,35.85,0.0,127,455298,卖盘
10:06:32,35.85,0.0,91,326161,卖盘
10:06:35,35.85,0.0,33,118289,买盘
10:06:38,35.85,0.0,79,283164,买盘
10:06:41,35.85,0.0,76,272460,买盘
10:06:44,35.84,-0.01,46,164864,卖盘
10:06:47,35.84,0.0,91,326152,卖盘
10:06:50,35.85,0.01,78,279623,买盘
10:06:53,35.85,0.0,58,208304,买盘
10:06:56,35.84,-0.01,39,139382,卖盘
10:06:59,35.84,0.0,137,490953,买盘
10:07:02,35.84,0.0,26,93174,买盘
10:07:05,35.84,0.0,313,1121582,买盘
10:07:08,35.84,0.0,1232,4414276,买盘
10:07:11,35.84,0.0,237,849153,买盘
10:07:14,35.83,-0.01,132,472975,卖盘
10:07:17,35.83,0.0,20,71661,卖盘
10:07:21,35.84,0.01,44,157684,买盘
10:07:23,35.84,0.0,285,1021418,买盘
10:07:26,35.85,0.01,260,931867,买盘
10:07:29,35.83,-0.02,90,322627,卖盘
10:07:32,35.83,0.0,287,1028685,卖盘
10:07:35,35.84,0.01,41,146941,中性盘
10:07:38,35.84,0.0,84,301070,买盘
10:07:41,35.83,-0.01,69,247232,卖盘
10:07:44,35.84,0.01,109,390640,买盘
10:07:47,35.84,0.0,53,189962,卖盘
10:07:50,35.84,0.0,255,914058,卖盘
10:07:53,35.84,0.0,4,14336,卖盘
10:07:56,35.85,0.01,272,975075,买盘
10:07:59,35.84,-0.01,32,114688,卖盘
10:08:02,35.84,0.0,67,240127,卖盘
10:08:05,35.84,0.0,70,250876,买盘
10:08:08,35.84,0.0,20,71677,买盘
10:08:11,35.83,-0.01,20,71662,卖盘
10:08:14,35.84,0.01,283,1014254,买盘
10:08:17,35.84,0.0,77,278366,中性盘
10:08:20,35.84,0.0,46,164871,卖盘
10:08:23,35.83,-0.01,228,817225,卖盘
10:08:26,35.83,0.0,47,168424,卖盘
10:08:29,35.84,0.01,146,523233,买盘
10:08:32,35.84,0.0,144,516095,买盘
10:08:35,35.83,-0.01,77,275959,卖盘
10:08:38,35.84,0.01,71,254490,中性盘
10:08:41,35.85,0.01,80,286770,买盘
10:08:44,35.83,-0.02,767,2747164,卖盘
10:08:47,35.84,0.01,165,591348,中性盘
10:08:50,35.84,0.0,51,182783,买盘
10:08:53,35.83,-0.01,149,534091,卖盘
10:08:56,35.84,0.01,161,577054,买盘
10:08:59,35.84,0.0,121,433775,卖盘
10:09:02,35.85,0.01,298,1068792,买盘
10:09:05,35.85,0.0,50,178829,卖盘
10:09:08,35.85,0.0,7,25095,买盘
10:09:11,35.85,0.0,44,157715,买盘
10:09:15,35.85,0.0,438,1569904,买盘
10:09:17,35.85,0.0,32,115115,买盘
10:09:20,35.85,0.0,49,175667,卖盘
10:09:23,35.85,0.0,118,423110,卖盘
10:09:26,35.85,0.0,6,21510,卖盘
10:09:29,35.85,0.0,36,129070,卖盘
10:09:32,35.85,0.0,48,172062,卖盘
10:09:35,35.85,0.0,40,143405,卖盘
10:09:38,35.85,0.0,21,75285,买盘
10:09:41,35.84,-0.01,31,111132,卖盘
10:09:44,35.85,0.01,10,35850,中性盘
10:09:47,35.85,0.0,133,476913,卖盘
10:09:50,35.85,0.0,96,344163,卖盘
10:09:53,35.85,0.0,91,325160,卖盘
10:09:56,35.86,0.01,33,118336,买盘
10:09:59,35.85,-0.01,27,97883,卖盘
10:10:02,35.84,-0.01,92,329783,卖盘
10:10:05,35.84,0.0,25,89622,卖盘
10:10:08,35.84,0.0,62,222264,卖盘
10:10:11,35.86,0.02,164,587986,买盘
10:10:14,35.84,-0.02,34,121856,卖盘
10:10:17,35.84,0.0,27,96770,卖盘
10:10:20,35.85,0.01,57,204325,买盘
10:10:23,35.84,-0.01,62,222265,卖盘
10:10:26,35.85,0.01,243,871122,买盘
10:10:29,35.85,0.0,47,168495,卖盘
10:10:32,35.85,0.0,62,222266,卖盘
10:10:35,35.85,0.0,33,118305,买盘
10:10:38,35.86,0.01,81,290441,买盘
10:10:41,35.85,-0.01,31,111149,中性盘
10:10:44,35.85,0.0,158,566475,买盘
10:10:47,35.86,0.01,184,659751,买盘
10:10:50,35.85,-0.01,28,100400,卖盘
10:10:53,35.86,0.01,153,548506,买盘
10:10:56,35.85,-0.01,103,369341,卖盘
10:10:59,35.86,0.01,23,82459,买盘
10:11:02,35.85,-0.01,4,14343,卖盘
10:11:05,35.86,0.01,65,233081,买盘
10:11:08,35.85,-0.01,30,107558,卖盘
10:11:14,35.85,0.0,15,53775,卖盘
10:11:17,35.85,0.0,194,695588,卖盘
10:11:20,35.85,0.0,40,143400,买盘
10:11:23,35.86,0.01,95,340568,买盘
10:11:26,35.85,-0.01,5,17925,中性盘
10:11:29,35.85,0.0,2,7171,卖盘
10:11:32,35.86,0.01,21,75289,买盘
10:11:35,35.85,-0.01,56,200760,卖盘
10:11:38,35.85,0.0,3,10755,买盘
10:11:41,35.84,-0.01,27,96773,卖盘
10:11:44,35.84,0.0,20,71690,卖盘
10:11:47,35.84,0.0,237,849408,卖盘
10:11:50,35.85,0.01,209,749262,买盘
10:11:53,35.84,-0.01,166,594950,卖盘
10:11:56,35.85,0.01,35,125475,买盘
10:11:59,35.84,-0.01,97,347740,卖盘
10:12:02,35.85,0.01,23,82445,中性盘
10:12:05,35.85,0.0,90,322657,卖盘
10:12:08,35.85,0.0,36,129060,卖盘
10:12:11,35.84,-0.01,60,215070,卖盘
10:12:14,35.84,0.0,45,161307,卖盘
10:12:17,35.85,0.01,17,60945,买盘
10:12:20,35.84,-0.01,20,71695,卖盘
10:12:23,35.84,0.0,14,50177,卖盘
10:12:26,35.85,0.01,107,383578,买盘
10:12:29,35.84,-0.01,82,293960,卖盘
10:12:32,35.84,0.0,9,32257,卖盘
10:12:35,35.84,0.0,14,50183,卖盘
10:12:38,35.84,0.0,43,154112,卖盘
10:12:41,35.85,0.01,11,39434,买盘
10:12:44,35.84,-0.01,105,376323,卖盘
10:12:47,35.84,0.0,39,139792,卖盘
10:12:50,35.84,0.0,56,200704,卖盘
10:12:53,35.85,0.01,36,129059,买盘
10:12:59,35.85,0.0,32,114695,买盘
10:13:02,35.84,-0.01,505,1809921,卖盘
10:13:05,35.85,0.01,60,215093,买盘
10:13:08,35.84,-0.01,34,121876,卖盘
10:13:11,35.85,0.01,61,218636,买盘
10:13:14,35.85,0.0,9,32265,买盘
10:13:17,35.84,-0.01,13,46595,卖盘
10:13:20,35.84,0.0,17,60928,卖盘
10:13:23,35.84,0.0,120,430093,卖盘
10:13:26,35.84,0.0,143,512622,卖盘
10:13:29,35.85,0.01,1,3585,买盘
10:13:32,35.85,0.0,139,498298,买盘
10:13:35,35.84,-0.01,67,240173,卖盘
10:13:38,35.85,0.01,34,121877,买盘
10:13:41,35.85,0.0,9,32265,卖盘
10:13:44,35.84,-0.01,27,96790,卖盘
10:13:47,35.85,0.01,16,57357,买盘
10:13:50,35.84,-0.01,17,60939,卖盘
10:13:53,35.84,0.0,12,43008,卖盘
10:13:56,35.85,0.01,21,75267,买盘
10:13:59,35.85,0.0,76,272432,买盘
10:14:02,35.84,-0.01,3,10752,卖盘
10:14:05,35.85,0.01,1069,3832782,买盘
10:14:08,35.84,-0.01,9,32266,卖盘
10:14:11,35.84,0.0,20,71683,卖盘
10:14:17,35.85,0.01,46,164884,卖盘
10:14:20,35.84,-0.01,23,82439,卖盘
10:14:23,35.84,0.0,26,93184,买盘
10:14:26,35.84,0.0,102,365568,买盘
10:14:29,35.84,0.0,21,75246,买盘
10:14:32,35.83,-0.01,231,827673,卖盘
10:14:35,35.83,0.0,7,25079,买盘
10:14:38,35.82,-0.01,43,154037,卖盘
10:14:41,35.83,0.01,55,197040,买盘
10:14:44,35.83,0.0,47,168392,买盘
10:14:47,35.82,-0.01,184,659091,卖盘
10:14:50,35.82,0.0,7,25074,买盘
10:14:53,35.82,0.0,21,75212,买盘
10:14:56,35.81,-0.01,55,197021,卖盘
10:14:59,35.82,0.01,16,57302,买盘
10:15:02,35.82,0.0,20,71622,买盘
10:15:05,35.81,-0.01,13,46553,卖盘
10:15:08,35.82,0.01,109,390429,买盘
10:15:11,35.82,0.0,107,383274,买盘
10:15:14,35.83,0.01,11,39403,买盘
10:15:17,35.82,-0.01,3,10746,卖盘
10:15:20,35.82,0.0,3,10746,卖盘
10:15:23,35.83,0.01,77,275868,买盘
10:15:26,35.81,-0.02,222,795272,卖盘
10:15:29,35.83,0.02,13,46579,卖盘
10:15:32,35.83,0.0,101,361884,卖盘
10:15:35,35.83,0.0,5,17913,买盘
10:15:38,35.84,0.01,117,419248,买盘
10:15:41,35.82,-0.02,30,107460,卖盘
10:15:44,35.82,0.0,31,111014,买盘
10:15:47,35.82,0.0,7,25074,买盘
10:15:50,35.82,0.0,31,111042,买盘
10:15:53,35.81,-0.01,14,50144,卖盘
10:15:56,35.81,0.0,23,82363,卖盘
10:15:59,35.81,0.0,18,64458,卖盘
10:16:02,35.81,0.0,35,125336,卖盘
10:16:05,35.81,0.0,255,912951,卖盘
10:16:08,35.81,0.0,33,118171,卖盘
10:16:11,35.81,0.0,22,78782,买盘
10:16:14,35.81,0.0,402,1439562,买盘
10:16:17,35.82,0.01,266,952551,买盘
10:16:20,35.82,0.0,99,354618,买盘
10:16:23,35.81,-0.01,64,229233,卖盘
10:16:26,35.83,0.02,91,326024,买盘
10:16:29,35.83,0.0,77,275795,买盘
10:16:32,35.83,0.0,3,10747,买盘
10:16:35,35.82,-0.01,21,75225,卖盘
10:16:38,35.82,0.0,54,193431,卖盘
10:16:41,35.83,0.01,118,422554,买盘
10:16:44,35.82,-0.01,12,42980,中性盘
10:16:47,35.82,0.0,12,42983,买盘
10:16:50,35.81,-0.01,37,132516,卖盘
10:16:53,35.83,0.02,4,14329,买盘
10:16:56,35.82,-0.01,22,78798,买盘
10:16:59,35.82,0.0,30,107460,卖盘
10:17:02,35.83,0.01,20,71641,买盘
10:17:05,35.82,-0.01,30,107461,卖盘
10:17:08,35.82,0.0,57,204174,卖盘
10:17:11,35.83,0.01,60,214979,买盘
10:17:14,35.83,0.0,135,483670,买盘
10:17:17,35.82,-0.01,18,64476,卖盘
10:17:20,35.83,0.01,12,42993,买盘
10:17:23,35.83,0.0,108,386964,买盘
10:17:26,35.83,0.0,167,598441,卖盘
10:17:29,35.83,0.0,40,143323,卖盘
10:17:32,35.83,0.0,18,64494,卖盘
10:17:35,35.84,0.01,20,71661,买盘
10:17:38,35.83,-0.01,4,14332,卖盘
10:17:41,35.83,0.0,16,57322,卖盘
10:17:44,35.82,-0.01,42,150469,卖盘
10:17:47,35.82,0.0,4,14331,卖盘
10:17:50,35.82,0.0,4,14328,卖盘
10:17:56,35.82,0.0,68,243583,卖盘
10:17:59,35.82,0.0,13,46570,卖盘
10:18:02,35.83,0.01,44,157652,买盘
10:18:05,35.82,-0.01,42,150453,卖盘
10:18:08,35.82,0.0,62,222094,卖盘
10:18:11,35.82,0.0,60,214962,卖盘
10:18:14,35.83,0.01,88,315288,买盘
10:18:17,35.82,-0.01,113,404859,卖盘
10:18:20,35.82,0.0,128,458591,卖盘
10:18:23,35.84,0.02,534,1913334,买盘
10:18:26,35.84,0.0,274,981822,买盘
10:18:29,35.83,-0.01,37,132571,卖盘
10:18:32,35.84,0.01,45,161278,买盘
10:18:35,35.83,-0.01,21,76748,卖盘
10:18:38,35.84,0.01,12,43003,买盘
10:18:41,35.83,-0.01,41,146908,卖盘
10:18:44,35.83,0.0,69,247234,卖盘
10:18:47,35.83,0.0,128,458607,买盘
10:18:50,35.82,-0.01,33,118218,卖盘
10:18:53,35.83,0.01,1,3583,买盘
10:18:56,35.82,-0.01,82,293789,卖盘
10:18:59,35.83,0.01,15,53742,买盘
10:19:02,35.83,0.0,89,318870,买盘
10:19:05,35.82,-0.01,25,89561,卖盘
10:19:08,35.82,0.0,171,612664,卖盘
10:19:11,35.84,0.02,95,340424,买盘
10:19:14,35.82,-0.02,28,100306,卖盘
10:19:17,35.81,-0.01,58,207777,卖盘
10:19:20,35.82,0.01,131,469429,卖盘
10:19:23,35.83,0.01,12,42993,中性盘
10:19:26,35.85,0.02,111,397908,买盘
10:19:29,35.84,-0.01,327,1171070,中性盘
10:19:32,35.82,-0.02,100,358421,卖盘
10:19:35,35.83,0.01,143,512246,买盘
10:19:38,35.8,-0.03,1074,3844997,卖盘
10:19:41,35.84,0.04,28,100300,买盘
10:19:44,35.83,-0.01,6,21500,卖盘
10:19:47,35.83,0.0,1,3583,买盘
10:19:50,35.82,-0.01,11,39402,卖盘
10:19:53,35.83,0.01,33,118215,买盘
10:19:56,35.81,-0.02,27,96722,卖盘
10:19:59,35.82,0.01,65,232780,买盘
10:20:02,35.81,-0.01,15,53717,卖盘
10:20:05,35.81,0.0,36,128911,买盘
10:20:08,35.81,0.0,48,171890,买盘
10:20:11,35.81,0.0,41,146831,卖盘
10:20:14,35.81,0.0,2,7162,卖盘
10:20:17,35.81,0.0,6,21486,卖盘
10:20:20,35.82,0.01,39,139648,买盘
10:20:23,35.8,-0.02,75,268585,卖盘
10:20:26,35.82,0.02,102,365335,买盘
10:20:29,35.8,-0.02,37,132463,卖盘
10:20:32,35.81,0.01,104,372467,买盘
10:20:35,35.81,0.0,25,89522,卖盘
10:20:38,35.81,0.0,22,78782,卖盘
10:20:41,35.81,0.0,20,71612,卖盘
10:20:44,35.8,-0.01,62,221971,卖盘
10:20:47,35.82,0.02,61,218445,买盘
10:20:50,35.81,-0.01,87,311547,中性盘
10:20:53,35.81,0.0,22,78783,卖盘
10:20:56,35.81,0.0,23,82364,卖盘
10:20:59,35.81,0.0,41,146821,买盘
10:21:02,35.82,0.01,225,805861,买盘
10:21:05,35.83,0.01,45,161191,买盘
10:21:08,35.82,-0.01,11,39402,卖盘
10:21:11,35.83,0.01,52,186265,买盘
10:21:14,35.82,-0.01,26,93139,卖盘
10:21:17,35.82,0.0,16,57324,卖盘
10:21:20,35.82,0.0,21,75222,卖盘
10:21:23,35.83,0.01,94,336733,买盘
10:21:26,35.83,0.0,121,433502,买盘
10:21:29,35.82,-0.01,45,161220,卖盘
10:21:32,35.83,0.01,74,265132,买盘
10:21:35,35.83,0.0,5,17912,买盘
10:21:38,35.83,0.0,78,279450,买盘
10:21:41,35.82,-0.01,32,114633,卖盘
10:21:44,35.84,0.02,145,519600,买盘
10:21:47,35.83,-0.01,79,283057,卖盘
10:21:50,35.84,0.01,48,172030,买盘
10:21:53,35.84,0.0,135,483840,买盘
10:21:56,35.85,0.01,15,53770,买盘
10:21:59,35.85,0.0,72,258068,买盘
10:22:02,35.84,-0.01,99,354819,卖盘
10:22:05,35.85,0.01,103,369240,买盘
10:22:08,35.85,0.0,29,103960,买盘
10:22:11,35.84,-0.01,63,225830,卖盘
10:22:14,35.85,0.01,91,326127,买盘
10:22:17,35.85,0.0,57,204345,卖盘
10:22:20,35.85,0.0,56,200760,卖盘
10:22:23,35.85,0.0,30,107550,卖盘
10:22:26,35.85,0.0,92,329900,卖盘
10:22:29,35.85,0.0,37,132674,卖盘
10:22:32,35.86,0.01,189,677673,买盘
10:22:35,35.85,-0.01,11,39441,卖盘
10:22:38,35.86,0.01,8,28681,买盘
10:22:41,35.86,0.0,10,35860,买盘
10:22:43,35.86,0.0,135,484092,买盘
10:22:47,35.86,0.0,107,383802,卖盘
10:22:53,35.86,0.0,20,71720,卖盘
10:22:56,35.86,0.0,12,43032,卖盘
10:22:59,35.86,0.0,23,82488,卖盘
10:23:02,35.87,0.01,9,32277,买盘
10:23:05,35.87,0.0,204,731713,买盘
10:23:08,35.86,-0.01,35,125515,卖盘
10:23:11,35.87,0.01,11,39451,买盘
10:23:14,35.86,-0.01,89,319166,卖盘
10:23:17,35.86,0.0,54,193671,卖盘
10:23:20,35.87,0.01,43,154236,买盘
10:23:23,35.87,0.0,69,247478,买盘
10:23:26,35.87,0.0,29,104004,买盘
10:23:29,35.86,-0.01,105,376614,卖盘
10:23:32,35.87,0.01,68,243906,买盘
10:23:35,35.87,0.0,5,17935,买盘
10:23:38,35.85,-0.02,43,154191,卖盘
10:23:41,35.87,0.02,43,154219,买盘
10:23:44,35.87,0.0,71,254677,买盘
10:23:47,35.87,0.0,115,412505,买盘
10:23:50,35.86,-0.01,27,96824,卖盘
10:23:53,35.87,0.01,47,168567,买盘
10:23:56,35.87,0.0,22,78914,买盘
10:23:59,35.86,-0.01,26,93241,卖盘
10:24:02,35.87,0.01,23,82501,买盘
10:24:05,35.87,0.0,29,103997,买盘
10:24:08,35.86,-0.01,5,17930,卖盘
10:24:11,35.86,0.0,41,147047,卖盘
10:24:14,35.87,0.01,26,93262,买盘
10:24:17,35.86,-0.01,91,326416,卖盘
10:24:23,35.87,0.01,33,118353,买盘
10:24:26,35.86,-0.01,1,3586,卖盘
10:24:29,35.87,0.01,89,319236,买盘
10:24:32,35.86,-0.01,51,182899,卖盘
10:24:35,35.86,0.0,35,125516,卖盘
10:24:38,35.86,0.0,13,46620,卖盘
10:24:41,35.86,0.0,14,50207,卖盘
10:24:44,35.87,0.01,32,114766,买盘
10:24:47,35.86,-0.01,17,60966,卖盘
10:24:50,35.86,0.0,77,276195,卖盘
10:24:53,35.87,0.01,6,21521,买盘
10:24:56,35.87,0.0,84,301287,买盘
10:24:59,35.86,-0.01,43,154203,卖盘
10:25:02,35.87,0.01,11,39457,买盘
10:25:05,35.87,0.0,53,190079,买盘
10:25:08,35.86,-0.01,24,86081,卖盘
10:25:11,35.86,0.0,11,39453,卖盘
10:25:14,35.86,0.0,115,412454,卖盘
10:25:17,35.86,0.0,108,387298,卖盘
10:25:20,35.86,0.0,41,147028,卖盘
10:25:23,35.86,0.0,53,190091,卖盘
10:25:26,35.86,0.0,12,43032,卖盘
10:25:29,35.85,-0.01,85,304813,卖盘
10:25:32,35.86,0.01,35,125530,买盘
10:25:35,35.86,0.0,27,96801,买盘
10:25:38,35.86,0.0,58,207964,买盘
10:25:41,35.86,0.0,34,121917,买盘
10:25:44,35.85,-0.01,58,207930,卖盘
10:25:47,35.85,0.0,342,1226190,卖盘
10:25:50,35.85,0.0,41,146980,买盘
10:25:53,35.84,-0.01,66,236602,卖盘
10:25:56,35.84,0.0,90,322566,卖盘
10:25:59,35.84,0.0,63,225801,卖盘
10:26:02,35.85,0.01,61,218626,买盘
10:26:05,35.84,-0.01,256,917673,卖盘
10:26:08,35.85,0.01,14,50186,买盘
10:26:11,35.84,-0.01,57,204297,卖盘
10:26:14,35.84,0.0,119,426507,卖盘
10:26:18,35.85,0.01,24,86022,买盘
10:26:20,35.84,-0.01,25,89605,卖盘
10:26:23,35.85,0.01,95,340555,买盘
10:26:26,35.84,-0.01,58,207895,卖盘
10:26:29,35.84,0.0,110,394326,卖盘
10:26:32,35.84,0.0,17,60912,中性盘
10:26:35,35.84,0.0,134,480238,买盘
10:26:38,35.84,0.0,30,107520,卖盘
10:26:41,35.84,0.0,117,418930,卖盘
10:26:44,35.85,0.01,123,440888,买盘
10:26:47,35.84,-0.01,36,129024,卖盘
10:26:50,35.84,0.0,16,57743,卖盘
10:26:53,35.83,-0.01,26,93161,卖盘
10:26:56,35.84,0.01,87,311734,买盘
10:26:59,35.83,-0.01,15,53759,卖盘
10:27:03,35.83,0.0,183,655690,卖盘
10:27:05,35.84,0.01,24,86004,买盘
10:27:08,35.83,-0.01,31,111078,卖盘
10:27:11,35.83,0.0,7,25081,卖盘
10:27:14,35.84,0.01,11,39423,买盘
10:27:17,35.83,-0.01,70,250813,卖盘
10:27:20,35.83,0.0,28,100330,卖盘
10:27:23,35.83,0.0,11,39413,买盘
10:27:26,35.82,-0.01,30,107470,卖盘
10:27:29,35.82,0.0,309,1107128,卖盘
10:27:32,35.83,0.01,66,236469,买盘
10:27:35,35.82,-0.01,50,179103,卖盘
10:27:38,35.82,0.0,40,143286,卖盘
10:27:41,35.82,0.0,39,139714,卖盘
10:27:44,35.82,0.0,66,236413,卖盘
10:27:47,35.82,0.0,61,218502,卖盘
10:27:50,35.82,0.0,45,161199,卖盘
10:27:53,35.82,0.0,9,32239,卖盘
10:27:56,35.82,0.0,22,78804,卖盘
10:27:59,35.82,0.0,23,82392,卖盘
10:28:02,35.82,0.0,77,275818,卖盘
10:28:05,35.82,0.0,50,179116,卖盘
10:28:08,35.83,0.01,46,164809,买盘
10:28:11,35.82,-0.01,68,243622,卖盘
10:28:14,35.82,0.0,111,397673,卖盘
10:28:17,35.83,0.01,18,61683,买盘
10:28:20,35.82,-0.01,271,973706,卖盘
10:28:23,35.83,0.01,423,1513951,买盘
10:28:26,35.83,0.0,16,57328,卖盘
10:28:29,35.83,0.0,94,336882,卖盘
10:28:32,35.83,0.0,17,60914,卖盘
10:28:35,35.84,0.01,46,164846,买盘
10:28:38,35.84,0.0,20,71277,买盘
10:28:44,35.84,0.0,4,14336,卖盘
10:28:48,35.84,0.0,33,118272,卖盘
10:28:50,35.84,0.0,37,133002,卖盘
10:28:53,35.84,0.0,53,189952,买盘
10:28:56,35.83,-0.01,43,154077,卖盘
10:28:59,35.83,0.0,23,82424,卖盘
10:29:02,35.83,0.0,2,7167,卖盘
10:29:05,35.84,0.01,8,28666,买盘
10:29:08,35.83,-0.01,31,111083,卖盘
10:29:11,35.84,0.01,53,189938,买盘
10:29:14,35.83,-0.01,103,369149,卖盘
10:29:17,35.84,0.01,79,283136,买盘
10:29:20,35.84,0.0,42,150113,买盘
10:29:23,35.84,0.0,1,3584,卖盘
10:29:26,35.85,0.01,5,17922,买盘
10:29:29,35.84,-0.01,130,466000,卖盘
10:29:32,35.84,0.0,11,39424,卖盘
10:29:35,35.84,0.0,2,7169,卖盘
10:29:38,35.84,0.0,5,17920,卖盘
10:29:41,35.84,0.0,157,562716,卖盘
10:29:44,35.85,0.01,1,3585,买盘
10:29:48,35.84,-0.01,11,39427,卖盘
10:29:50,35.84,0.0,13,46597,卖盘
10:29:53,35.84,0.0,18,64512,卖盘
10:29:56,35.85,0.01,1,3585,买盘
10:29:59,35.83,-0.02,46,165251,卖盘
10:30:02,35.84,0.01,41,146924,买盘
10:30:05,35.84,0.0,14,50176,买盘
10:30:08,35.83,-0.01,10,35836,卖盘
10:30:11,35.84,0.01,34,121834,买盘
10:30:14,35.83,-0.01,40,143335,卖盘
10:30:18,35.84,0.01,68,243709,买盘
10:30:20,35.83,-0.01,32,114674,卖盘
10:30:23,35.84,0.01,14,50170,买盘
10:30:26,35.83,-0.01,47,168437,卖盘
10:30:29,35.83,0.0,83,297469,卖盘
10:30:32,35.84,0.01,35,125425,买盘
10:30:35,35.83,-0.01,84,300980,卖盘
10:30:38,35.83,0.0,16,57328,卖盘
10:30:41,35.83,0.0,2,7167,卖盘
10:30:44,35.83,0.0,121,433593,卖盘
10:30:48,35.83,0.0,131,469374,卖盘
10:30:50,35.83,0.0,33,118269,卖盘
10:30:53,35.83,0.0,2,7166,卖盘
10:30:56,35.84,0.01,164,587652,买盘
10:30:59,35.83,-0.01,42,150495,卖盘
10:31:03,35.84,0.01,21,75251,买盘
10:31:05,35.83,-0.01,10,35830,卖盘
10:31:08,35.84,0.01,108,386976,买盘
10:31:11,35.83,-0.01,121,434355,卖盘
10:31:14,35.83,0.0,19,68077,买盘
10:31:20,35.82,-0.01,96,343875,卖盘
10:31:24,35.83,0.01,20,71650,买盘
10:31:26,35.82,-0.01,62,222134,卖盘
10:31:29,35.83,0.01,133,476497,买盘
10:31:33,35.82,-0.01,31,111052,卖盘
10:31:35,35.83,0.01,5,17914,买盘
10:31:38,35.82,-0.01,68,243585,卖盘
10:31:41,35.82,0.0,25,89550,卖盘
10:31:44,35.83,0.01,26,93138,买盘
10:31:47,35.83,0.0,31,111054,买盘
10:31:50,35.82,-0.01,82,293788,卖盘
10:31:53,35.83,0.01,20,71642,买盘
10:31:56,35.83,0.0,2,7166,买盘
10:31:59,35.82,-0.01,19,68059,卖盘
10:32:02,35.83,0.01,60,214980,买盘
10:32:05,35.82,-0.01,70,250743,卖盘
10:32:08,35.82,0.0,24,85968,卖盘
10:32:11,35.82,0.0,23,82398,卖盘
10:32:14,35.83,0.01,56,200604,买盘
10:32:18,35.83,0.0,6,21498,买盘
10:32:20,35.82,-0.01,22,78804,卖盘
10:32:24,35.82,0.0,62,222121,卖盘
10:32:26,35.82,0.0,43,154029,卖盘
10:32:29,35.82,0.0,100,358280,卖盘
10:32:33,35.83,0.01,28,100298,买盘
10:32:35,35.82,-0.01,4,14329,卖盘
10:32:38,35.82,0.0,223,798812,卖盘
10:32:42,35.82,0.0,8,27729,卖盘
10:32:44,35.83,0.01,63,226895,买盘
10:32:48,35.81,-0.02,26,93127,卖盘
10:32:50,35.82,0.01,296,1059984,卖盘
10:32:53,35.82,0.0,6,21492,卖盘
10:32:57,35.83,0.01,22,78805,买盘
10:32:59,35.82,-0.01,22,78805,卖盘
10:33:02,35.82,0.0,10,35819,卖盘
10:33:06,35.81,-0.01,19,68056,卖盘
10:33:09,35.81,0.0,21,75201,卖盘
10:33:12,35.82,0.01,30,107440,买盘
10:33:14,35.82,0.0,25,89549,买盘
10:33:17,35.81,-0.01,17,60877,卖盘
10:33:20,35.82,0.01,43,153986,买盘
10:33:23,35.81,-0.01,214,765156,卖盘
10:33:26,35.8,-0.01,67,239873,卖盘
10:33:29,35.81,0.01,103,368820,买盘
10:33:33,35.81,0.0,70,250613,买盘
10:33:36,35.8,-0.01,39,139620,卖盘
10:33:39,35.8,0.0,116,415338,卖盘
10:33:41,35.8,0.0,49,175420,卖盘
10:33:44,35.81,0.01,84,300762,买盘
10:33:47,35.81,0.0,143,513213,买盘
10:33:50,35.81,0.0,83,297223,卖盘
10:33:53,35.81,0.0,96,343778,卖盘
10:33:56,35.81,0.0,44,157564,卖盘
10:33:59,35.81,0.0,24,85944,卖盘
10:34:02,35.81,0.0,131,469111,卖盘
10:34:06,35.81,0.0,70,250671,卖盘
10:34:08,35.81,0.0,8,28648,卖盘
10:34:12,35.81,0.0,54,193409,卖盘
10:34:14,35.81,0.0,23,82363,卖盘
10:34:17,35.82,0.01,124,444144,买盘
10:34:20,35.81,-0.01,49,175490,卖盘
10:34:23,35.81,0.0,83,294496,卖盘
10:34:27,35.81,0.0,10,35810,卖盘
10:34:29,35.83,0.02,104,374136,买盘
10:34:33,35.82,-0.01,26,93106,买盘
10:34:36,35.81,-0.01,1,3581,买盘
10:34:38,35.82,0.01,58,207690,买盘
10:34:42,35.8,-0.02,20,71616,卖盘
10:34:44,35.82,0.02,62,222864,买盘
10:34:48,35.82,0.0,51,182682,卖盘
10:34:50,35.82,0.0,17,60894,卖盘
10:34:53,35.81,-0.01,19,68056,卖盘
10:34:56,35.82,0.01,23,82380,买盘
10:34:59,35.82,0.0,157,562373,买盘
10:35:03,35.81,-0.01,19,68039,卖盘
10:35:06,35.81,0.0,30,107435,卖盘
10:35:09,35.81,0.0,14,50135,卖盘
10:35:12,35.82,0.01,82,293662,买盘
10:35:14,35.81,-0.01,295,1056395,卖盘
10:35:18,35.81,0.0,3,10743,买盘
10:35:21,35.81,0.0,13,46550,买盘
10:35:23,35.8,-0.01,31,110981,卖盘
10:35:27,35.8,0.0,6,21480,卖盘
10:35:29,35.81,0.01,81,290060,买盘
10:35:32,35.8,-0.01,32,114560,卖盘
10:35:36,35.81,0.01,27,96667,买盘
10:35:39,35.8,-0.01,37,132462,卖盘
10:35:42,35.8,0.0,617,2208873,卖盘
10:35:44,35.8,0.0,39,139642,卖盘
10:35:48,35.8,0.0,34,121720,卖盘
10:35:50,35.79,-0.01,146,521985,卖盘
10:35:54,35.8,0.01,11,39380,中性盘
10:35:57,35.79,-0.01,25,89477,卖盘
10:35:59,35.79,0.0,59,211161,卖盘
10:36:03,35.8,0.01,148,529840,买盘
10:36:06,35.8,0.0,61,218382,卖盘
10:36:09,35.81,0.01,33,119234,买盘
10:36:12,35.8,-0.01,6,21480,买盘
10:36:14,35.8,0.0,33,117066,卖盘
10:36:18,35.8,0.0,28,100240,买盘
10:36:21,35.79,-0.01,33,119191,卖盘
10:36:24,35.79,0.0,1,3579,卖盘
10:36:27,35.8,0.01,44,157486,买盘
10:36:29,35.8,0.0,56,200462,买盘
10:36:33,35.8,0.0,107,383140,卖盘
10:36:36,35.8,0.0,15,53700,卖盘
10:36:39,35.81,0.01,43,153941,买盘
10:36:42,35.81,0.0,38,136042,买盘
10:36:45,35.8,-0.01,108,386641,卖盘
10:36:48,35.8,0.0,21,75181,卖盘
10:36:51,35.8,0.0,72,257778,卖盘
10:36:53,35.81,0.01,2,7162,买盘
10:36:57,35.8,-0.01,100,358007,卖盘
10:36:59,35.8,0.0,10,35798,买盘
10:37:03,35.8,0.0,20,71584,买盘
10:37:06,35.79,-0.01,11,39369,卖盘
10:37:08,35.79,0.0,15,53685,卖盘
10:37:12,35.79,0.0,55,196858,卖盘
10:37:15,35.79,0.0,4,14316,卖盘
10:37:18,35.79,0.0,20,71580,卖盘
10:37:21,35.8,0.01,443,1586200,买盘
10:37:23,35.79,-0.01,31,110961,卖盘
10:37:26,35.8,0.01,6,21475,买盘
10:37:30,35.8,0.0,198,708815,买盘
10:37:33,35.8,0.0,85,304368,买盘
10:37:36,35.8,0.0,40,143174,买盘
10:37:38,35.79,-0.01,11,39373,卖盘
10:37:42,35.8,0.01,1,3580,买盘
10:37:45,35.79,-0.01,91,325743,卖盘
10:37:48,35.8,0.01,48,171835,买盘
10:37:51,35.8,0.0,130,465394,买盘
10:37:53,35.8,0.0,53,189739,买盘
10:37:57,35.8,0.0,42,150360,卖盘
10:37:59,35.8,0.0,72,257760,卖盘
10:38:03,35.8,0.0,25,89500,卖盘
10:38:06,35.8,0.0,11,39381,卖盘
10:38:09,35.8,0.0,21,75180,卖盘
10:38:12,35.8,0.0,103,368740,卖盘
10:38:15,35.8,0.0,2,7160,卖盘
10:38:17,35.8,0.0,76,272091,卖盘
10:38:21,35.8,0.0,34,121722,卖盘
10:38:23,35.8,0.0,13,46540,卖盘
10:38:27,35.8,0.0,25,89505,买盘
10:38:29,35.8,0.0,27,96661,卖盘
10:38:33,35.79,-0.01,101,361610,卖盘
10:38:36,35.8,0.01,12,42960,中性盘
10:38:39,35.8,0.0,18,64440,买盘
10:38:42,35.8,0.0,30,107400,卖盘
10:38:45,35.8,0.0,98,350900,卖盘
10:38:48,35.8,0.0,2,7160,卖盘
10:38:51,35.8,0.0,41,146782,卖盘
10:38:53,35.79,-0.01,4,14316,卖盘
10:38:57,35.8,0.01,5,17900,买盘
10:39:03,35.79,-0.01,30,107380,卖盘
10:39:06,35.79,0.0,16,57264,卖盘
10:39:09,35.8,0.01,22,78744,买盘
10:39:12,35.79,-0.01,3,10739,卖盘
10:39:15,35.8,0.01,22,78741,买盘
10:39:18,35.79,-0.01,9,32213,卖盘
10:39:21,35.79,0.0,21,75163,卖盘
10:39:27,35.79,0.0,18,64422,卖盘
10:39:29,35.8,0.01,91,325780,买盘
10:39:33,35.79,-0.01,99,354500,卖盘
10:39:36,35.79,0.0,40,143169,卖盘
10:39:39,35.8,0.01,28,100216,买盘
10:39:42,35.79,-0.01,239,855918,卖盘
10:39:45,35.79,0.0,13,46527,买盘
10:39:48,35.78,-0.01,21,75138,卖盘
10:39:51,35.79,0.01,4,14316,买盘
10:39:54,35.79,0.0,15,53678,买盘
10:39:57,35.79,0.0,107,382862,买盘
10:40:00,35.79,0.0,30,107343,买盘
10:40:03,35.78,-0.01,31,110926,卖盘
10:40:06,35.78,0.0,37,132410,卖盘
10:40:09,35.79,0.01,45,161020,买盘
10:40:12,35.79,0.0,10,35790,买盘
10:40:15,35.79,0.0,34,121684,买盘
10:40:18,35.79,0.0,5,17893,卖盘
10:40:21,35.79,0.0,56,200405,买盘
10:40:24,35.79,0.0,44,156943,买盘
10:40:27,35.8,0.01,86,307751,买盘
10:40:33,35.79,-0.01,97,347243,卖盘
10:40:36,35.8,0.01,2,7160,买盘
10:40:39,35.8,0.0,25,89476,买盘
10:40:42,35.79,-0.01,19,68002,卖盘
10:40:45,35.8,0.01,30,107400,买盘
10:40:48,35.79,-0.01,59,211212,卖盘
10:40:51,35.8,0.01,4,14318,买盘
10:40:53,35.8,0.0,63,225479,买盘
10:40:57,35.79,-0.01,24,85904,卖盘
10:41:00,35.8,0.01,7,25055,买盘
10:41:03,35.8,0.0,111,397273,买盘
10:41:06,35.8,0.0,87,311435,买盘
10:41:09,35.79,-0.01,18,64425,卖盘
10:41:12,35.79,0.0,216,773181,卖盘
10:41:15,35.79,0.0,18,64422,卖盘
10:41:21,35.8,0.01,12,42953,买盘
10:41:24,35.8,0.0,305,1091900,买盘
10:41:27,35.8,0.0,56,200442,买盘
10:41:30,35.8,0.0,198,708727,买盘
10:41:33,35.79,-0.01,94,336585,卖盘
10:41:36,35.8,0.01,3,10740,买盘
10:41:38,35.79,-0.01,28,100220,卖盘
10:41:42,35.79,0.0,104,372218,卖盘
10:41:48,35.79,0.0,63,225523,卖盘
10:41:51,35.8,0.01,5,17900,中性盘
10:41:54,35.79,-0.01,50,178973,卖盘
10:41:57,35.79,0.0,3,10737,卖盘
10:42:00,35.8,0.01,42,150355,中性盘
10:42:03,35.8,0.0,13,46543,卖盘
10:42:05,35.8,0.0,18,64450,卖盘
10:42:09,35.8,0.0,52,186210,卖盘
10:42:12,35.8,0.0,40,143200,买盘
10:42:14,35.8,0.0,23,82337,买盘
10:42:18,35.8,0.0,270,966336,买盘
10:42:21,35.8,0.0,38,136023,买盘
10:42:24,35.8,0.0,42,150330,买盘
10:42:27,35.79,-0.01,14,50113,卖盘
10:42:30,35.79,0.0,44,157476,买盘
10:42:33,35.8,0.01,181,647849,买盘
10:42:36,35.79,-0.01,51,182533,卖盘
10:42:39,35.79,0.0,29,103815,中性盘
10:42:42,35.78,-0.01,81,289830,卖盘
10:42:45,35.78,0.0,72,257617,卖盘
10:42:48,35.79,0.01,14,50106,买盘
10:42:51,35.78,-0.01,488,1746574,卖盘
10:42:54,35.77,-0.01,43,153836,卖盘
10:42:57,35.78,0.01,113,404202,买盘
10:43:00,35.78,0.0,233,833455,买盘
10:43:03,35.77,-0.01,9,32196,卖盘
10:43:06,35.77,0.0,29,103735,卖盘
10:43:09,35.77,0.0,42,150239,卖盘
10:43:12,35.77,0.0,27,96581,卖盘
10:43:14,35.77,0.0,84,300468,卖盘
10:43:18,35.78,0.01,149,532974,买盘
10:43:20,35.78,0.0,54,193204,买盘
10:43:24,35.77,-0.01,12,42924,卖盘
10:43:27,35.77,0.0,79,282583,卖盘
10:43:30,35.77,0.0,3,10731,卖盘
10:43:33,35.77,0.0,87,311279,卖盘
10:43:36,35.77,0.0,29,103738,卖盘
10:43:39,35.77,0.0,28,100156,卖盘
10:43:42,35.77,0.0,347,1238117,卖盘
10:43:45,35.77,0.0,56,200338,卖盘
10:43:48,35.77,0.0,7,25039,卖盘
10:43:51,35.78,0.01,40,143081,买盘
10:43:54,35.78,0.0,4,14309,买盘
10:43:57,35.77,-0.01,9,32193,卖盘
10:44:00,35.77,0.0,96,343398,卖盘
10:44:03,35.77,0.0,1,3577,卖盘
10:44:06,35.77,0.0,14,50079,卖盘
10:44:09,35.77,0.0,4,14308,卖盘
10:44:12,35.77,0.0,69,246813,卖盘
10:44:15,35.78,0.01,25,89449,买盘
10:44:18,35.77,-0.01,4,14308,卖盘
10:44:21,35.77,0.0,32,114464,卖盘
10:44:24,35.78,0.01,209,747536,买盘
10:44:27,35.77,-0.01,10,35770,中性盘
10:44:29,35.77,0.0,13,46503,卖盘
10:44:33,35.77,0.0,121,432897,卖盘
10:44:36,35.78,0.01,20,71548,买盘
10:44:39,35.77,-0.01,66,236082,卖盘
10:44:42,35.77,0.0,13,46501,卖盘
10:44:44,35.77,0.0,24,85828,买盘
10:44:48,35.76,-0.01,33,118039,卖盘
10:44:51,35.77,0.01,45,160965,买盘
10:44:54,35.77,0.0,11,39346,买盘
10:44:57,35.76,-0.01,30,107280,卖盘
10:45:00,35.77,0.01,85,304043,买盘
10:45:03,35.77,0.0,11,39347,卖盘
10:45:06,35.77,0.0,30,107310,卖盘
10:45:09,35.78,0.01,30,107331,买盘
10:45:12,35.77,-0.01,34,121620,卖盘
10:45:15,35.77,0.0,7,25039,卖盘
10:45:17,35.77,0.0,19,67963,卖盘
10:45:20,35.76,-0.01,623,2228497,卖盘
10:45:23,35.77,0.01,162,579401,买盘
10:45:27,35.77,0.0,10,35771,卖盘
10:45:29,35.77,0.0,10,35770,买盘
10:45:33,35.78,0.01,211,754728,买盘
10:45:36,35.77,-0.01,22,78703,中性盘
10:45:39,35.76,-0.01,633,2263632,卖盘
10:45:42,35.77,0.01,16,57232,中性盘
10:45:45,35.76,-0.01,82,293260,卖盘
10:45:48,35.74,-0.02,1887,6749032,卖盘
10:45:50,35.74,0.0,121,432534,卖盘
10:45:53,35.74,0.0,73,260909,卖盘
10:45:56,35.74,0.0,177,632526,卖盘
10:45:59,35.73,-0.01,68,243009,卖盘
10:46:03,35.74,0.01,220,785924,买盘
10:46:06,35.73,-0.01,23,82184,卖盘
10:46:08,35.72,-0.01,97,346515,卖盘
10:46:11,35.73,0.01,30,107167,买盘
10:46:15,35.72,-0.01,47,167891,卖盘
10:46:17,35.71,-0.01,18,64283,卖盘
10:46:20,35.72,0.01,71,253608,买盘
10:46:23,35.71,-0.01,1518,5419848,卖盘
10:46:27,35.72,0.01,200,714223,买盘
10:46:30,35.7,-0.02,10,35711,卖盘
10:46:33,35.71,0.01,114,407174,买盘
10:46:35,35.71,0.0,79,282090,卖盘
10:46:38,35.71,0.0,62,221376,卖盘
10:46:41,35.71,0.0,24,85704,卖盘
10:46:45,35.7,-0.01,154,549843,卖盘
10:46:47,35.71,0.01,65,232098,买盘
10:46:51,35.71,0.0,174,621319,卖盘
10:46:53,35.71,0.0,171,610630,买盘
10:46:57,35.71,0.0,76,271378,买盘
10:46:59,35.71,0.0,21,74992,卖盘
10:47:02,35.71,0.0,23,82136,卖盘
10:47:06,35.72,0.01,37,132151,买盘
10:47:08,35.71,-0.01,33,117846,卖盘
10:47:12,35.72,0.01,11,39282,买盘
10:47:14,35.72,0.0,132,471504,买盘
10:47:18,35.71,-0.01,51,182151,卖盘
10:47:20,35.72,0.01,91,325002,买盘
10:47:23,35.71,-0.01,37,132150,卖盘
10:47:26,35.72,0.01,215,767791,买盘
10:47:29,35.71,-0.01,317,1132028,卖盘
10:47:32,35.71,0.0,105,374955,买盘
10:47:35,35.71,0.0,68,242823,买盘
10:47:38,35.71,0.0,23,82127,买盘
10:47:41,35.71,0.0,42,149958,买盘
10:47:44,35.71,0.0,69,246359,买盘
10:47:47,35.7,-0.01,14,49990,卖盘
10:47:50,35.68,-0.02,2069,7381796,卖盘
10:47:53,35.68,0.0,242,863456,买盘
10:47:56,35.68,0.0,130,463834,买盘
10:47:59,35.68,0.0,100,356752,买盘
10:48:02,35.68,0.0,34,121288,买盘
10:48:05,35.67,-0.01,42,149820,卖盘
10:48:08,35.68,0.01,114,406732,买盘
10:48:11,35.67,-0.01,77,274663,卖盘
10:48:14,35.67,0.0,72,256830,卖盘
10:48:17,35.67,0.0,5,17835,卖盘
10:48:20,35.67,0.0,49,174794,卖盘
10:48:23,35.67,0.0,56,199780,卖盘
10:48:26,35.68,0.01,228,813295,买盘
10:48:29,35.68,0.0,16,57081,买盘
10:48:32,35.67,-0.01,209,745613,卖盘
10:48:35,35.67,0.0,46,164093,卖盘
10:48:38,35.67,0.0,49,174794,卖盘
10:48:41,35.68,0.01,183,652923,买盘
10:48:44,35.68,0.0,102,363923,买盘
10:48:47,35.68,0.0,54,192628,买盘
10:48:50,35.67,-0.01,10,35675,卖盘
10:48:53,35.67,0.0,232,827532,卖盘
10:48:56,35.67,0.0,145,517201,买盘
10:49:00,35.67,0.0,47,167660,卖盘
10:49:02,35.68,0.01,37,132007,买盘
10:49:05,35.67,-0.01,70,249690,卖盘
10:49:08,35.67,0.0,47,167649,卖盘
10:49:11,35.67,0.0,43,153412,卖盘
10:49:14,35.67,0.0,2,7135,卖盘
10:49:17,35.67,0.0,100,356736,卖盘
10:49:20,35.68,0.01,109,388894,买盘
10:49:23,35.68,0.0,23,82064,卖盘
10:49:26,35.68,0.0,93,331830,卖盘
10:49:29,35.68,0.0,118,420998,买盘
10:49:32,35.69,0.01,61,217672,买盘
10:49:35,35.68,-0.01,63,224845,卖盘
10:49:38,35.69,0.01,15,53533,卖盘
10:49:41,35.69,0.0,6,21415,卖盘
10:49:44,35.69,0.0,68,242702,买盘
10:49:47,35.69,0.0,49,174847,买盘
10:49:50,35.69,0.0,19,67799,买盘
10:49:53,35.69,0.0,29,103501,卖盘
10:49:56,35.69,0.0,1,3569,卖盘
10:49:59,35.7,0.01,29,103521,买盘
10:50:02,35.69,-0.01,26,92802,卖盘
10:50:05,35.7,0.01,144,514045,买盘
10:50:08,35.69,-0.01,260,927961,卖盘
10:50:11,35.69,0.0,2,7137,买盘
10:50:14,35.69,0.0,37,132034,买盘
10:50:17,35.69,0.0,26,92794,买盘
10:50:20,35.69,0.0,46,164174,买盘
10:50:23,35.69,0.0,63,224846,买盘
10:50:26,35.68,-0.01,151,538769,卖盘
10:50:29,35.68,0.0,11,39253,卖盘
10:50:33,35.69,0.01,89,317636,买盘
10:50:35,35.69,0.0,51,181990,买盘
10:50:38,35.69,0.0,8,28548,买盘
10:50:41,35.68,-0.01,117,417471,卖盘
10:50:44,35.69,0.01,1,3569,买盘
10:50:47,35.68,-0.01,32,114183,卖盘
10:50:50,35.69,0.01,78,278381,买盘
10:50:53,35.68,-0.01,16,57100,卖盘
10:50:56,35.69,0.01,14,49966,中性盘
10:50:59,35.68,-0.01,33,117744,卖盘
10:51:02,35.69,0.01,9,32119,买盘
10:51:05,35.69,0.0,22,78509,买盘
10:51:08,35.68,-0.01,150,535200,卖盘
10:51:11,35.69,0.01,47,167709,买盘
10:51:14,35.69,0.0,23,82066,买盘
10:51:17,35.68,-0.01,20,71365,卖盘
10:51:20,35.67,-0.01,25,89201,卖盘
10:51:23,35.69,0.02,13,46395,买盘
10:51:26,35.68,-0.01,3,10704,卖盘
10:51:29,35.68,0.0,74,264028,卖盘
10:51:32,35.68,0.0,85,303277,买盘
10:51:35,35.69,0.01,34,121327,买盘
10:51:38,35.68,-0.01,54,192661,买盘
10:51:40,35.68,0.0,24,85614,买盘
10:51:44,35.67,-0.01,13,46377,卖盘
10:51:47,35.67,0.0,39,139113,卖盘
10:51:50,35.67,0.0,20,71351,卖盘
10:51:53,35.67,0.0,21,74907,卖盘
10:51:56,35.67,0.0,30,107027,卖盘
10:51:59,35.67,0.0,120,428043,卖盘
10:52:02,35.67,0.0,117,417339,卖盘
10:52:05,35.66,-0.01,35,124834,卖盘
10:52:08,35.66,0.0,8,28531,卖盘
10:52:11,35.66,0.0,81,288914,卖盘
10:52:14,35.67,0.01,54,192610,买盘
10:52:17,35.66,-0.01,61,217526,卖盘
10:52:20,35.66,0.0,133,474283,卖盘
10:52:23,35.66,0.0,72,256778,卖盘
10:52:26,35.67,0.01,131,467162,买盘
10:52:29,35.66,-0.01,229,816614,卖盘
10:52:32,35.66,0.0,44,156906,卖盘
10:52:35,35.67,0.01,104,370968,买盘
10:52:38,35.66,-0.01,68,242496,卖盘
10:52:41,35.66,0.0,17,60622,卖盘
10:52:44,35.66,0.0,60,213960,卖盘
10:52:47,35.66,0.0,37,131944,卖盘
10:52:50,35.66,0.0,42,149773,卖盘
10:52:53,35.67,0.01,452,1611411,买盘
10:52:56,35.66,-0.01,25,89150,卖盘
10:52:59,35.66,0.0,55,196111,买盘
10:53:02,35.66,0.0,31,110546,买盘
10:53:05,35.66,0.0,167,595365,买盘
10:53:08,35.66,0.0,14,49914,买盘
10:53:11,35.66,0.0,101,360136,买盘
10:53:14,35.66,0.0,26,92716,卖盘
10:53:17,35.66,0.0,4,14264,卖盘
10:53:20,35.66,0.0,45,160473,卖盘
10:53:23,35.66,0.0,4,14264,买盘
10:53:26,35.66,0.0,1,3566,买盘
10:53:29,35.65,-0.01,142,506230,卖盘
10:53:32,35.64,-0.01,47,167525,卖盘
10:53:35,35.64,0.0,83,295892,卖盘
10:53:38,35.65,0.01,14,49905,买盘
10:53:41,35.64,-0.01,154,548893,卖盘
10:53:44,35.64,0.0,319,1136760,卖盘
10:53:47,35.64,0.0,152,541718,买盘
10:53:50,35.64,0.0,111,395547,中性盘
10:53:53,35.66,0.02,54,192529,买盘
10:53:56,35.64,-0.02,28,99792,卖盘
10:53:59,35.64,0.0,45,160380,卖盘
10:54:02,35.64,0.0,141,502524,卖盘
10:54:05,35.64,0.0,64,228106,卖盘
10:54:08,35.64,0.0,41,146128,卖盘
10:54:11,35.64,0.0,212,755549,卖盘
10:54:14,35.64,0.0,127,452933,卖盘
10:54:17,35.65,0.01,111,395612,买盘
10:54:20,35.65,0.0,116,413457,买盘
10:54:23,35.64,-0.01,33,117612,卖盘
10:54:26,35.65,0.01,63,224534,买盘
10:54:29,35.64,-0.01,329,1172558,卖盘
10:54:32,35.65,0.01,77,274454,买盘
10:54:35,35.66,0.01,73,260318,买盘
10:54:38,35.65,-0.01,28,99830,卖盘
10:54:41,35.64,-0.01,130,463329,卖盘
10:54:44,35.64,0.0,54,192456,买盘
10:54:47,35.64,0.0,27,96212,买盘
10:54:50,35.64,0.0,37,131847,买盘
10:54:53,35.63,-0.01,66,235174,卖盘
10:54:56,35.63,0.0,275,979829,卖盘
10:54:59,35.63,0.0,4,14252,买盘
10:55:02,35.63,0.0,20,71242,买盘
10:55:05,35.63,0.0,44,156765,买盘
10:55:08,35.62,-0.01,53,188827,卖盘
10:55:11,35.62,0.0,27,96174,卖盘
10:55:14,35.63,0.01,67,238671,买盘
10:55:17,35.63,0.0,125,445367,买盘
10:55:20,35.63,0.0,2520,8973486,卖盘
10:55:23,35.64,0.01,43,153229,买盘
10:55:26,35.63,-0.01,34,121147,卖盘
10:55:29,35.63,0.0,39,138957,卖盘
10:55:32,35.63,0.0,47,167428,买盘
10:55:35,35.63,0.0,103,366970,买盘
10:55:38,35.63,0.0,94,334834,买盘
10:55:41,35.63,0.0,45,160284,买盘
10:55:44,35.61,-0.02,38,135358,卖盘
10:55:47,35.62,0.01,19,67678,买盘
10:55:50,35.6,-0.02,1217,4333312,卖盘
10:55:53,35.63,0.03,19,67683,买盘
10:55:56,35.6,-0.03,120,427224,卖盘
10:55:59,35.61,0.01,118,420414,中性盘
10:56:02,35.62,0.01,46,163826,中性盘
10:56:05,35.62,0.0,27,96174,买盘
10:56:08,35.61,-0.01,47,167384,卖盘
10:56:11,35.62,0.01,10,35617,买盘
10:56:14,35.62,0.0,45,160298,卖盘
10:56:17,35.62,0.0,36,128215,卖盘
10:56:20,35.62,0.0,38,135346,买盘
10:56:23,35.62,0.0,94,334831,买盘
10:56:26,35.62,0.0,25,89065,卖盘
10:56:29,35.61,-0.01,164,584069,卖盘
10:56:32,35.62,0.01,44,156784,卖盘
10:56:35,35.65,0.03,100,356413,买盘
10:56:38,35.62,-0.03,66,235117,卖盘
10:56:44,35.64,0.02,3,10689,买盘
10:56:47,35.65,0.01,173,616672,买盘
10:56:50,35.64,-0.01,71,253110,卖盘
10:56:53,35.64,0.0,31,110458,买盘
10:56:56,35.64,0.0,19,67729,买盘
10:56:59,35.65,0.01,35,124727,中性盘
10:57:02,35.64,-0.01,45,160380,卖盘
10:57:05,35.63,-0.01,9,32072,中性盘
10:57:08,35.64,0.01,47,167525,买盘
10:57:11,35.65,0.01,96,342323,买盘
10:57:14,35.67,0.02,259,923635,买盘
10:57:17,35.67,0.0,20,71338,买盘
10:57:20,35.67,0.0,6,21402,买盘
10:57:23,35.66,-0.01,24,85592,卖盘
10:57:26,35.67,0.01,1,3567,买盘
10:57:29,35.66,-0.01,269,959596,卖盘
10:57:32,35.66,0.0,12,42792,买盘
10:57:35,35.66,0.0,150,534942,买盘
10:57:38,35.66,0.0,29,103410,买盘
10:57:41,35.67,0.01,13,46360,买盘
10:57:44,35.66,-0.01,14,49935,卖盘
10:57:47,35.7,0.04,329,1174378,买盘
10:57:50,35.67,-0.03,14,49944,中性盘
10:57:53,35.69,0.02,19,67807,买盘
10:57:56,35.68,-0.01,35,124862,买盘
10:57:59,35.68,0.0,2,7136,卖盘
10:58:02,35.68,0.0,50,178402,卖盘
10:58:05,35.68,0.0,8,28544,买盘
10:58:08,35.68,0.0,25,89201,卖盘
10:58:11,35.68,0.0,20,71354,买盘
10:58:14,35.68,0.0,8,28544,买盘
10:58:17,35.71,0.03,117,417647,买盘
10:58:20,35.69,-0.02,52,185547,卖盘
10:58:23,35.71,0.02,109,389201,买盘
10:58:26,35.69,-0.02,46,164145,中性盘
10:58:29,35.68,-0.01,103,367528,卖盘
10:58:32,35.68,0.0,81,288986,买盘
10:58:35,35.68,0.0,143,510414,买盘
10:58:38,35.68,0.0,121,431930,卖盘
10:58:41,35.68,0.0,31,110586,中性盘
10:58:44,35.68,0.0,43,153424,买盘
10:58:47,35.71,0.03,18,64248,买盘
10:58:50,35.68,-0.03,10,35692,卖盘
10:58:53,35.7,0.02,26,92820,中性盘
10:58:56,35.7,0.0,23,82110,卖盘
10:58:59,35.7,0.0,18,64261,卖盘
10:59:02,35.7,0.0,33,117822,卖盘
10:59:05,35.7,0.0,17,60690,卖盘
10:59:08,35.7,0.0,38,135660,卖盘
10:59:11,35.71,0.01,47,167802,买盘
10:59:14,35.7,-0.01,43,153517,卖盘
10:59:17,35.71,0.01,70,249956,买盘
10:59:20,35.7,-0.01,412,1470937,卖盘
10:59:23,35.69,-0.01,25,89239,卖盘
10:59:26,35.69,0.0,25,89241,卖盘
10:59:29,35.7,0.01,301,1074553,买盘
10:59:32,35.69,-0.01,23,82087,中性盘
10:59:35,35.68,-0.01,122,435394,卖盘
10:59:38,35.7,0.02,304,1085238,买盘
10:59:41,35.68,-0.02,75,267608,卖盘
10:59:44,35.69,0.01,15,53535,买盘
10:59:47,35.68,-0.01,62,221297,卖盘
10:59:50,35.68,0.0,3,10704,卖盘
10:59:53,35.69,0.01,15,53535,卖盘
10:59:56,35.68,-0.01,114,406752,卖盘
10:59:59,35.68,0.0,34,121312,卖盘
11:00:02,35.68,0.0,216,770896,卖盘
11:00:05,35.68,0.0,19,67792,卖盘
11:00:08,35.68,0.0,22,78496,卖盘
11:00:11,35.68,0.0,91,325402,卖盘
11:00:14,35.69,0.01,428,1527628,买盘
11:00:17,35.7,0.01,2,7140,买盘
11:00:20,35.68,-0.02,70,249779,卖盘
11:00:26,35.7,0.02,19,67816,买盘
11:00:29,35.7,0.0,5,17846,买盘
11:00:32,35.69,-0.01,24,85656,卖盘
11:00:35,35.68,-0.01,92,328336,卖盘
11:00:38,35.69,0.01,207,738591,买盘
11:00:41,35.68,-0.01,81,289008,卖盘
11:00:44,35.69,0.01,397,1417163,买盘
11:00:47,35.7,0.01,19,67803,买盘
11:00:50,35.69,-0.01,2,7139,中性盘
11:00:53,35.68,-0.01,18,64227,卖盘
11:00:56,35.7,0.02,20,71372,买盘
11:01:02,35.69,-0.01,2,7138,买盘
11:01:05,35.68,-0.01,25,89200,卖盘
11:01:08,35.69,0.01,24,85642,买盘
11:01:11,35.69,0.0,140,499560,买盘
11:01:14,35.68,-0.01,33,117755,卖盘
11:01:17,35.69,0.01,59,210571,买盘
11:01:18,35.69,0.0,61,217658,买盘
11:01:23,35.68,-0.01,105,374640,卖盘
11:01:26,35.68,0.0,13,46384,卖盘
11:01:29,35.68,0.0,41,146288,买盘
11:01:32,35.68,0.0,132,470978,卖盘
11:01:35,35.69,0.01,44,157028,买盘
11:01:38,35.7,0.01,144,513916,买盘
11:01:44,35.7,0.0,36,128527,卖盘
11:01:47,35.7,0.0,19,67830,卖盘
11:01:50,35.7,0.0,17,60690,卖盘
11:01:53,35.7,0.0,10,35701,卖盘
11:01:56,35.71,0.01,231,824900,买盘
11:01:59,35.72,0.01,66,235690,买盘
11:02:02,35.71,-0.01,80,285653,卖盘
11:02:05,35.7,-0.01,224,799823,卖盘
11:02:08,35.69,-0.01,9,32121,卖盘
11:02:11,35.7,0.01,20,71381,买盘
11:02:14,35.7,0.0,34,121380,买盘
11:02:20,35.69,-0.01,68,242696,卖盘
11:02:26,35.68,-0.01,3,10704,卖盘
11:02:29,35.69,0.01,12,42828,买盘
11:02:32,35.68,-0.01,65,231922,卖盘
11:02:35,35.68,0.0,81,289007,买盘
11:02:38,35.68,0.0,43,153415,买盘
11:02:41,35.68,0.0,4,14272,买盘
11:02:44,35.68,0.0,43,153406,买盘
11:02:47,35.69,0.01,30,107040,买盘
11:02:50,35.68,-0.01,49,174832,卖盘
11:02:53,35.68,0.0,16,57076,买盘
11:02:56,35.67,-0.01,115,410206,卖盘
11:02:59,35.69,0.02,62,221219,买盘
11:03:02,35.68,-0.01,122,435308,卖盘
11:03:05,35.68,0.0,26,92768,卖盘
11:03:08,35.68,0.0,9,32112,卖盘
11:03:11,35.69,0.01,3,10707,买盘
11:03:14,35.68,-0.01,12,42826,卖盘
11:03:17,35.69,0.01,216,770884,买盘
11:03:23,35.68,-0.01,27,96336,卖盘
11:03:26,35.68,0.0,46,164155,卖盘
11:03:29,35.71,0.03,484,1727675,买盘
11:03:32,35.71,0.0,141,503302,买盘
11:03:35,35.7,-0.01,1,3570,中性盘
11:03:38,35.7,0.0,23,82110,卖盘
11:03:41,35.71,0.01,11,39281,买盘
11:03:44,35.7,-0.01,17,60706,卖盘
11:03:47,35.71,0.01,56,199923,买盘
11:03:50,35.7,-0.01,27,96390,卖盘
11:03:53,35.71,0.01,4,14284,买盘
11:03:56,35.71,0.0,24,85684,买盘
11:03:59,35.7,-0.01,17,60690,卖盘
11:04:02,35.71,0.01,5,17855,买盘
11:04:05,35.71,0.0,61,217803,买盘
11:04:08,35.7,-0.01,6,21422,卖盘
11:04:11,35.72,0.02,303,1082053,买盘
11:04:14,35.71,-0.01,17,60706,卖盘
11:04:17,35.72,0.01,32,114277,买盘
11:04:20,35.72,0.0,23,82153,买盘
11:04:23,35.71,-0.01,17,60708,卖盘
11:04:26,35.72,0.01,16,57151,买盘
11:04:29,35.72,0.0,11,39286,买盘
11:04:32,35.71,-0.01,72,257135,卖盘
11:04:35,35.71,0.0,143,510609,买盘
11:04:38,35.73,0.02,19,67856,买盘
11:04:41,35.71,-0.02,15,53567,卖盘
11:04:44,35.71,0.0,19,67841,买盘
11:04:47,35.71,0.0,29,103552,买盘
11:04:50,35.71,0.0,39,139263,买盘
11:04:53,35.72,0.01,342,1221018,买盘
11:04:56,35.7,-0.02,31,110703,卖盘
11:04:59,35.71,0.01,3,10713,卖盘
11:05:02,35.71,0.0,8,28568,买盘
11:05:05,35.71,0.0,11,39272,买盘
11:05:08,35.7,-0.01,26,92820,卖盘
11:05:11,35.71,0.01,23,82134,买盘
11:05:14,35.7,-0.01,41,146380,卖盘
11:05:17,35.7,0.0,226,806825,卖盘
11:05:20,35.71,0.01,56,199976,买盘
11:05:23,35.7,-0.01,163,582051,卖盘
11:05:26,35.7,0.0,18,64259,买盘
11:05:29,35.7,0.0,30,107083,买盘
11:05:32,35.69,-0.01,134,478248,卖盘
11:05:35,35.71,0.02,195,696128,买盘
11:05:38,35.71,0.0,10,35710,卖盘
11:05:41,35.71,0.0,25,89275,卖盘
11:05:44,35.71,0.0,4,14284,卖盘
11:05:47,35.71,0.0,12,42852,卖盘
11:05:50,35.72,0.01,30,107160,买盘
11:05:53,35.71,-0.01,22,78564,卖盘
11:05:56,35.71,0.0,1,3571,卖盘
11:05:59,35.71,0.0,19,67851,买盘
11:06:02,35.7,-0.01,21,74970,卖盘
11:06:05,35.71,0.01,74,264256,买盘
11:06:08,35.7,-0.01,9,32133,卖盘
11:06:11,35.7,0.0,1,3570,卖盘
11:06:14,35.7,0.0,21,74973,卖盘
11:06:17,35.7,0.0,14,49981,卖盘
11:06:23,35.7,0.0,20,71400,卖盘
11:06:26,35.71,0.01,389,1388764,买盘
11:06:29,35.7,-0.01,60,214215,卖盘
11:06:32,35.7,0.0,302,1078692,卖盘
11:06:35,35.71,0.01,148,528361,买盘
11:06:38,35.7,-0.01,9,32130,卖盘
11:06:41,35.69,-0.01,45,160607,卖盘
11:06:44,35.69,0.0,20,71380,买盘
11:06:47,35.69,0.0,37,132036,买盘
11:06:50,35.69,0.0,13,46397,买盘
11:06:53,35.69,0.0,39,139191,买盘
11:06:56,35.68,-0.01,34,121323,卖盘
11:07:02,35.69,0.01,12,42828,买盘
11:07:05,35.68,-0.01,16,57094,卖盘
11:07:08,35.68,0.0,39,139155,卖盘
11:07:11,35.68,0.0,5,17843,卖盘
11:07:14,35.69,0.01,7,24983,买盘
11:07:17,35.69,0.0,28,99925,买盘
11:07:20,35.68,-0.01,28,99914,卖盘
11:07:26,35.69,0.01,5,17843,买盘
11:07:29,35.68,-0.01,19,67792,卖盘
11:07:32,35.69,0.01,4,14276,买盘
11:07:35,35.69,0.0,193,688687,买盘
11:07:38,35.68,-0.01,98,349802,卖盘
11:07:41,35.68,0.0,18,64224,卖盘
11:07:44,35.68,0.0,9,32112,卖盘
11:07:47,35.69,0.01,31,110639,买盘
11:07:50,35.68,-0.01,13,46394,卖盘
11:07:53,35.69,0.01,23,82068,买盘
11:07:56,35.69,0.0,15,53527,买盘
11:07:59,35.69,0.0,25,89225,买盘
11:08:02,35.68,-0.01,18,64224,卖盘
11:08:05,35.68,0.0,192,685058,卖盘
11:08:08,35.69,0.01,7,24979,买盘
11:08:11,35.69,0.0,1,3569,买盘
11:08:14,35.68,-0.01,63,224788,卖盘
11:08:20,35.68,0.0,151,538770,卖盘
11:08:23,35.68,0.0,96,342528,卖盘
11:08:26,35.68,0.0,14,49952,买盘
11:08:29,35.68,0.0,33,117744,买盘
11:08:32,35.7,0.02,620,2212538,买盘
11:08:35,35.7,0.0,170,606407,买盘
11:08:38,35.7,0.0,191,681832,买盘
11:08:41,35.69,-0.01,22,78518,卖盘
11:08:44,35.69,0.0,2,7138,卖盘
11:08:47,35.69,0.0,38,135640,卖盘
11:08:50,35.7,0.01,21,74959,买盘
11:08:53,35.69,-0.01,20,71380,卖盘
11:08:56,35.7,0.01,6,21420,买盘
11:08:59,35.7,0.0,25,89087,买盘
11:09:02,35.7,0.0,1,3570,买盘
11:09:05,35.69,-0.01,13,46539,卖盘
11:09:08,35.69,0.0,188,671123,买盘
11:09:11,35.69,0.0,31,110619,买盘
11:09:14,35.7,0.01,8,28415,卖盘
11:09:17,35.7,0.0,7,24981,买盘
11:09:20,35.68,-0.02,17,60656,卖盘
11:09:23,35.7,0.02,3,10710,买盘
11:09:26,35.69,-0.01,8,28546,卖盘
11:09:29,35.69,0.0,1,3569,卖盘
11:09:32,35.69,0.0,29,103508,卖盘
11:09:35,35.69,0.0,95,339055,买盘
11:09:38,35.68,-0.01,11,39255,卖盘
11:09:41,35.68,0.0,79,281872,卖盘
11:09:44,35.69,0.01,29,103501,买盘
11:09:47,35.69,0.0,184,656696,买盘
11:09:50,35.69,0.0,24,85656,买盘
11:09:53,35.68,-0.01,18,64224,卖盘
11:09:56,35.68,0.0,5,17842,卖盘
11:09:59,35.69,0.01,12,42828,买盘
11:10:02,35.69,0.0,75,267675,买盘
11:10:05,35.7,0.01,159,567585,买盘
11:10:08,35.7,0.0,101,360559,买盘
11:10:11,35.7,0.0,69,246317,买盘
11:10:14,35.71,0.01,33,117809,买盘
11:10:17,35.71,0.0,26,92843,买盘
11:10:20,35.69,-0.02,78,278385,卖盘
11:10:23,35.69,0.0,26,92794,买盘
11:10:26,35.69,0.0,60,214120,买盘
11:10:29,35.69,0.0,6,21414,买盘
11:10:32,35.7,0.01,92,328352,买盘
11:10:35,35.7,0.0,140,499597,买盘
11:10:38,35.7,0.0,44,157080,卖盘
11:10:41,35.71,0.01,58,207110,买盘
11:10:44,35.71,0.0,1,3571,买盘
11:10:47,35.71,0.0,17,60691,买盘
11:10:53,35.71,0.0,1,3571,买盘
11:10:59,35.7,-0.01,51,182072,卖盘
11:11:02,35.7,0.0,83,296388,卖盘
11:11:05,35.7,0.0,13,46413,卖盘
11:11:08,35.7,0.0,12,42844,卖盘
11:11:14,35.69,-0.01,45,160609,卖盘
11:11:17,35.69,0.0,108,385475,卖盘
11:11:20,35.69,0.0,18,64242,卖盘
11:11:23,35.7,0.01,4,14280,买盘
11:11:26,35.7,0.0,2,7139,买盘
11:11:29,35.69,-0.01,5,17846,卖盘
11:11:32,35.69,0.0,55,196297,卖盘
11:11:35,35.69,0.0,10,35690,买盘
11:11:38,35.69,0.0,102,364027,买盘
11:11:41,35.68,-0.01,2,7137,卖盘
11:11:44,35.68,0.0,26,92773,卖盘
11:11:47,35.69,0.01,16,57104,买盘
11:11:50,35.69,0.0,31,110619,买盘
11:11:53,35.68,-0.01,47,167724,卖盘
11:11:56,35.69,0.01,132,471048,买盘
11:11:59,35.68,-0.01,2,7136,卖盘
11:12:05,35.68,0.0,40,142732,卖盘
11:12:08,35.68,0.0,183,653133,卖盘
11:12:11,35.68,0.0,13,46384,买盘
11:12:14,35.67,-0.01,29,103443,卖盘
11:12:17,35.67,0.0,19,67773,卖盘
11:12:20,35.67,0.0,37,132007,卖盘
11:12:23,35.68,0.01,40,142720,买盘
11:12:26,35.67,-0.01,19,67773,卖盘
11:12:29,35.67,0.0,10,35670,卖盘
11:12:32,35.68,0.01,2,7136,买盘
11:12:35,35.68,0.0,15,53520,买盘
11:12:38,35.68,0.0,163,581539,买盘
11:12:41,35.68,0.0,3,10704,卖盘
11:12:44,35.68,0.0,25,89200,卖盘
11:12:47,35.68,0.0,8,28544,卖盘
11:12:50,35.68,0.0,73,260469,卖盘
11:12:53,35.68,0.0,69,246203,卖盘
11:12:56,35.68,0.0,2,7136,卖盘
11:12:59,35.68,0.0,21,74928,卖盘
11:13:02,35.68,0.0,18,64224,卖盘
11:13:05,35.68,0.0,25,89218,卖盘
11:13:08,35.68,0.0,16,57088,卖盘
11:13:11,35.69,0.01,24,85638,买盘
11:13:14,35.68,-0.01,35,124882,卖盘
11:13:17,35.69,0.01,101,360327,买盘
11:13:20,35.7,0.01,12,42835,买盘
11:13:23,35.69,-0.01,48,171424,卖盘
11:13:26,35.68,-0.01,10,35680,卖盘
11:13:29,35.68,0.0,9,32114,卖盘
11:13:32,35.69,0.01,43,153448,买盘
11:13:35,35.69,0.0,25,89083,买盘
11:13:38,35.69,0.0,148,528293,卖盘
11:13:41,35.69,0.0,209,745785,卖盘
11:13:44,35.69,0.0,10,35690,中性盘
11:13:47,35.69,0.0,35,124915,买盘
11:13:50,35.69,0.0,6,21414,卖盘
11:13:53,35.69,0.0,1,3569,买盘
11:13:56,35.69,0.0,37,132033,买盘
11:13:59,35.69,0.0,12,42824,买盘
11:14:02,35.69,0.0,20,71380,买盘
11:14:05,35.69,0.0,35,124915,卖盘
11:14:08,35.68,-0.01,24,85633,卖盘
11:14:11,35.69,0.01,4,14276,买盘
11:14:14,35.7,0.01,7,24988,买盘
11:14:17,35.68,-0.02,1,3568,卖盘
11:14:23,35.68,0.0,3,10706,卖盘
11:14:26,35.69,0.01,96,342529,买盘
11:14:29,35.69,0.0,19,67794,买盘
11:14:32,35.69,0.0,6,21412,买盘
11:14:35,35.68,-0.01,11,39249,卖盘
11:14:38,35.68,0.0,132,471072,卖盘
11:14:41,35.69,0.01,125,446125,卖盘
11:14:44,35.69,0.0,2,7138,卖盘
11:14:47,35.7,0.01,1,3570,买盘
11:14:50,35.69,-0.01,19,67811,卖盘
11:14:53,35.69,0.0,11,39260,卖盘
11:14:56,35.69,0.0,16,57104,卖盘
11:14:59,35.7,0.01,1,3570,买盘
11:15:02,35.69,-0.01,23,82092,卖盘
11:15:05,35.7,0.01,81,290148,买盘
11:15:08,35.7,0.0,37,132087,买盘
11:15:11,35.69,-0.01,17,59780,卖盘
11:15:14,35.69,0.0,21,74949,买盘
11:15:17,35.69,0.0,27,96374,买盘
11:15:20,35.7,0.01,7,24985,买盘
11:15:23,35.69,-0.01,27,96373,卖盘
11:15:26,35.68,-0.01,46,164173,卖盘
11:15:29,35.69,0.01,21,74942,买盘
11:15:32,35.69,0.0,4,14276,买盘
11:15:35,35.69,0.0,22,78499,买盘
11:15:38,35.7,0.01,123,439006,买盘
11:15:44,35.68,-0.02,18,64224,卖盘
11:15:47,35.7,0.02,11,39270,买盘
11:15:50,35.68,-0.02,5,17840,卖盘
11:15:53,35.69,0.01,23,82073,卖盘
11:15:56,35.69,0.0,19,67811,中性盘
11:15:59,35.7,0.01,18,64249,买盘
11:16:02,35.69,-0.01,18,64242,买盘
11:16:05,35.68,-0.01,13,46390,卖盘
11:16:08,35.68,0.0,26,92768,卖盘
11:16:17,35.68,0.0,27,96336,卖盘
11:16:23,35.69,0.01,9,32114,买盘
11:16:26,35.68,-0.01,250,892000,卖盘
11:16:29,35.68,0.0,64,228357,卖盘
11:16:32,35.69,0.01,15,53521,买盘
11:16:35,35.69,0.0,129,460395,买盘
11:16:38,35.69,0.0,315,1124221,买盘
11:16:41,35.7,0.01,390,1391919,买盘
11:16:44,35.69,-0.01,5,17845,卖盘
11:16:47,35.69,0.0,80,285520,卖盘
11:16:50,35.69,0.0,145,517505,卖盘
11:16:53,35.69,0.0,22,78518,卖盘
11:16:56,35.7,0.01,21,74953,买盘
11:16:59,35.69,-0.01,37,132076,卖盘
11:17:02,35.69,0.0,8,28552,卖盘
11:17:05,35.69,0.0,2,7138,买盘
11:17:08,35.69,0.0,9,32117,买盘
11:17:11,35.68,-0.01,16,57097,卖盘
11:17:14,35.69,0.01,102,364013,买盘
11:17:17,35.69,0.0,2,7138,卖盘
11:17:20,35.69,0.0,10,35690,卖盘
11:17:23,35.69,0.0,21,74949,卖盘
11:17:26,35.7,0.01,6,21419,买盘
11:17:29,35.69,-0.01,12,42828,卖盘
11:17:32,35.68,-0.01,3,10706,卖盘
11:17:35,35.69,0.01,26,92774,买盘
11:17:38,35.69,0.0,91,324775,买盘
11:17:44,35.69,0.0,22,78518,买盘
11:17:47,35.68,-0.01,20,71361,卖盘
11:17:50,35.69,0.01,40,142754,买盘
11:17:53,35.68,-0.01,1,3568,卖盘
11:17:56,35.69,0.01,3,10707,买盘
11:17:59,35.68,-0.01,98,349693,卖盘
11:18:02,35.69,0.01,7,24983,买盘
11:18:05,35.68,-0.01,27,96341,卖盘
11:18:08,35.68,0.0,34,121317,卖盘
11:18:11,35.68,0.0,12,42820,卖盘
11:18:14,35.68,0.0,70,249815,卖盘
11:18:17,35.68,0.0,21,74948,卖盘
11:18:20,35.69,0.01,122,435405,买盘
11:18:23,35.69,0.0,9,32127,卖盘
11:18:26,35.68,-0.01,9,32119,卖盘
11:18:29,35.68,0.0,6,21410,卖盘
11:18:32,35.69,0.01,33,117777,卖盘
11:18:35,35.69,0.0,12,42831,卖盘
11:18:38,35.7,0.01,299,1067365,买盘
11:18:41,35.7,0.0,37,132055,买盘
11:18:44,35.69,-0.01,19,67814,卖盘
11:18:47,35.69,0.0,4,14278,卖盘
11:18:50,35.7,0.01,84,299799,买盘
11:18:53,35.7,0.0,174,621015,买盘
11:18:54,35.69,-0.01,13,46253,卖盘
11:18:59,35.69,0.0,121,431867,卖盘
11:19:02,35.69,0.0,6,21419,卖盘
11:19:05,35.69,0.0,33,117920,卖盘
11:19:08,35.7,0.01,9,32129,卖盘
11:19:11,35.7,0.0,28,99948,买盘
11:19:14,35.68,-0.02,58,206981,卖盘
11:19:17,35.69,0.01,5,17845,买盘
11:19:20,35.69,0.0,30,107070,买盘
11:19:26,35.69,0.0,21,74949,卖盘
11:19:32,35.69,0.0,22,78518,卖盘
11:19:35,35.69,0.0,18,64242,卖盘
11:19:38,35.7,0.01,122,435518,买盘
11:19:44,35.7,0.0,146,521083,买盘
11:19:47,35.69,-0.01,20,71380,卖盘
11:19:50,35.7,0.01,10,35700,买盘
11:19:53,35.69,-0.01,4,14277,卖盘
11:19:56,35.69,0.0,7,24985,卖盘
11:19:59,35.69,0.0,45,160605,卖盘
11:20:02,35.69,0.0,77,274815,卖盘
11:20:05,35.69,0.0,4,14276,买盘
11:20:08,35.69,0.0,17,60667,买盘
11:20:11,35.68,-0.01,55,196269,卖盘
11:20:14,35.69,0.01,157,560179,买盘
11:20:17,35.69,0.0,10,35690,买盘
11:20:20,35.69,0.0,47,167716,买盘
11:20:23,35.69,0.0,5,17845,买盘
11:20:26,35.68,-0.01,11,39248,卖盘
11:20:29,35.69,0.01,32,114180,买盘
11:20:32,35.69,0.0,84,299776,买盘
11:20:35,35.68,-0.01,8,28544,卖盘
11:20:38,35.69,0.01,84,299792,买盘
11:20:41,35.69,0.0,63,224847,买盘
11:20:44,35.69,0.0,18,64242,卖盘
11:20:47,35.69,0.0,90,321210,卖盘
11:20:50,35.69,0.0,32,114208,买盘
11:20:53,35.68,-0.01,28,99911,卖盘
11:21:05,35.68,0.0,27,96336,卖盘
11:21:08,35.68,0.0,6,21408,卖盘
11:21:11,35.68,0.0,2,7136,卖盘
11:21:14,35.68,0.0,26,92769,卖盘
11:21:17,35.69,0.01,14,49955,买盘
11:21:20,35.69,0.0,1,3569,买盘
11:21:23,35.68,-0.01,84,299712,卖盘
11:21:26,35.68,0.0,536,1913065,卖盘
11:21:32,35.69,0.01,16,57102,卖盘
11:21:35,35.68,-0.01,8,28546,卖盘
11:21:38,35.7,0.02,98,349820,买盘
11:21:41,35.69,-0.01,13,46397,卖盘
11:21:44,35.7,0.01,100,357000,买盘
11:21:47,35.7,0.0,120,428380,买盘
11:21:50,35.69,-0.01,18,64242,卖盘
11:21:53,35.7,0.01,19,67827,买盘
11:21:56,35.7,0.0,55,196350,买盘
11:21:59,35.7,0.0,77,274712,买盘
11:22:02,35.7,0.0,15,53562,卖盘
11:22:05,35.71,0.01,25,89257,买盘
11:22:08,35.71,0.0,16,57123,买盘
11:22:11,35.7,-0.01,108,385646,卖盘
11:22:14,35.71,0.01,43,153552,买盘
11:22:17,35.71,0.0,29,103559,买盘
11:22:20,35.7,-0.01,121,431972,卖盘
11:22:23,35.7,0.0,52,185640,买盘
11:22:26,35.7,0.0,77,274890,买盘
11:22:29,35.7,0.0,39,138377,买盘
11:22:32,35.7,0.0,49,174939,卖盘
11:22:35,35.72,0.02,22,78578,买盘
11:22:38,35.72,0.0,94,335750,买盘
11:22:41,35.71,-0.01,10,35709,中性盘
11:22:44,35.72,0.01,34,121405,买盘
11:22:47,35.72,0.0,45,163156,买盘
11:22:50,35.71,-0.01,10,35710,卖盘
11:22:53,35.7,-0.01,31,110683,卖盘
11:22:56,35.72,0.02,2,7144,买盘
11:22:59,35.72,0.0,2,7143,买盘
11:23:02,35.71,-0.01,76,271444,卖盘
11:23:05,35.72,0.01,89,317858,买盘
11:23:08,35.74,0.02,387,1382651,买盘
11:23:11,35.74,0.0,25,89352,卖盘
11:23:17,35.74,0.0,31,110805,卖盘
11:23:26,35.73,-0.01,5,17865,卖盘
11:23:29,35.74,0.01,17,60747,买盘
11:23:32,35.73,-0.01,6,21438,中性盘
11:23:34,35.73,0.0,31,110764,卖盘
11:23:38,35.74,0.01,114,407402,买盘
11:23:41,35.73,-0.01,3,10721,卖盘
11:23:47,35.73,0.0,11,39304,卖盘
11:23:50,35.73,0.0,86,307278,卖盘
11:23:53,35.72,-0.01,12,42872,卖盘
11:24:02,35.73,0.01,30,107171,买盘
11:24:05,35.73,0.0,42,150040,买盘
11:24:08,35.72,-0.01,34,121454,卖盘
11:24:11,35.71,-0.01,21,74993,卖盘
11:24:14,35.72,0.01,4,14287,买盘
11:24:17,35.71,-0.01,4,14284,卖盘
11:24:20,35.71,0.0,36,128590,卖盘
11:24:22,35.72,0.01,36,128561,买盘
11:24:25,35.72,0.0,10,35720,买盘
11:24:29,35.72,0.0,23,82156,买盘
11:24:32,35.71,-0.01,38,135715,卖盘
11:24:38,35.73,0.02,150,535799,买盘
11:24:41,35.71,-0.02,28,99988,卖盘
11:24:44,35.7,-0.01,22,78541,卖盘
11:24:47,35.7,0.0,31,110692,卖盘
11:24:50,35.71,0.01,38,135698,买盘
11:24:53,35.71,0.0,2,7142,卖盘
11:24:55,35.71,0.0,26,92846,卖盘
11:25:02,35.71,0.0,6,21426,卖盘
11:25:05,35.71,0.0,11,39281,卖盘
11:25:08,35.71,0.0,29,103558,卖盘
11:25:11,35.71,0.0,33,117867,卖盘
11:25:14,35.71,0.0,13,46424,卖盘
11:25:18,35.71,0.0,26,92846,卖盘
11:25:20,35.71,0.0,27,96434,卖盘
11:25:23,35.71,0.0,12,42861,卖盘
11:25:26,35.72,0.01,12,42854,买盘
11:25:29,35.71,-0.01,43,153553,卖盘
11:25:32,35.71,0.0,50,178598,卖盘
11:25:35,35.72,0.01,30,107134,买盘
11:25:38,35.71,-0.01,3,10713,卖盘
11:25:41,35.72,0.01,245,875219,买盘
11:25:47,35.72,0.0,184,657393,卖盘
11:25:50,35.72,0.0,18,64296,买盘
11:25:53,35.72,0.0,88,314332,买盘
11:25:56,35.72,0.0,29,103590,卖盘
11:25:59,35.73,0.01,20,71460,买盘
11:26:02,35.72,-0.01,18,64298,卖盘
11:26:05,35.72,0.0,12,42867,卖盘
11:26:08,35.73,0.01,59,210771,买盘
11:26:11,35.72,-0.01,10,35720,卖盘
11:26:14,35.72,0.0,22,78584,卖盘
11:26:17,35.72,0.0,33,117844,买盘
11:26:20,35.72,0.0,16,57152,买盘
11:26:23,35.72,0.0,32,114304,卖盘
11:26:26,35.72,0.0,6,21429,买盘
11:26:29,35.71,-0.01,8,28568,卖盘
11:26:32,35.71,0.0,62,221402,卖盘
11:26:35,35.71,0.0,26,92846,卖盘
11:26:38,35.72,0.01,21,75008,买盘
11:26:41,35.72,0.0,97,346520,买盘
11:26:44,35.72,0.0,1,3572,买盘
11:26:47,35.72,0.0,20,71421,买盘
11:26:50,35.71,-0.01,12,42852,卖盘
11:26:53,35.71,0.0,1,3571,卖盘
11:26:56,35.71,0.0,28,99998,卖盘
11:26:59,35.72,0.01,2,7144,买盘
11:27:05,35.71,-0.01,13,46426,卖盘
11:27:08,35.71,0.0,29,103559,卖盘
11:27:11,35.71,0.0,2,7142,卖盘
11:27:14,35.72,0.01,16,57151,买盘
11:27:17,35.72,0.0,28,100016,买盘
11:27:20,35.71,-0.01,20,71420,卖盘
11:27:23,35.72,0.01,21,75012,买盘
11:27:26,35.71,-0.01,5,17855,卖盘
11:27:29,35.73,0.02,84,300046,买盘
11:27:32,35.71,-0.02,17,60722,卖盘
11:27:38,35.73,0.02,6,21433,买盘
11:27:41,35.72,-0.01,111,396572,卖盘
11:27:44,35.73,0.01,20,71451,买盘
11:27:47,35.72,-0.01,20,71440,卖盘
11:27:50,35.73,0.01,10,35730,买盘
11:27:53,35.72,-0.01,25,89300,卖盘
11:27:59,35.73,0.01,2,7146,买盘
11:28:02,35.72,-0.01,37,132164,卖盘
11:28:05,35.72,0.0,9,32148,卖盘
11:28:08,35.72,0.0,24,85731,卖盘
11:28:11,35.72,0.0,125,446590,卖盘
11:28:14,35.72,0.0,131,467832,买盘
11:28:20,35.72,0.0,2,7144,买盘
11:28:23,35.72,0.0,2,7144,买盘
11:28:26,35.72,0.0,26,92855,买盘
11:28:32,35.72,0.0,7,24999,买盘
11:28:35,35.71,-0.01,21,74992,卖盘
11:28:38,35.71,0.0,3,10713,卖盘
11:28:41,35.72,0.01,113,401409,买盘
11:28:44,35.72,0.0,19,67868,买盘
11:28:47,35.72,0.0,23,82136,买盘
11:28:50,35.71,-0.01,8,28572,卖盘
11:28:53,35.71,0.0,11,39291,卖盘
11:28:56,35.71,0.0,4,14284,卖盘
11:28:59,35.71,0.0,20,71420,卖盘
11:29:02,35.72,0.01,9,32141,买盘
11:29:05,35.71,-0.01,8,28569,卖盘
11:29:08,35.71,0.0,27,96421,卖盘
11:29:11,35.71,0.0,14,50004,卖盘
11:29:14,35.72,0.01,6,21430,买盘
11:29:17,35.72,0.0,37,132157,买盘
11:29:20,35.71,-0.01,32,114272,卖盘
11:29:23,35.72,0.01,3,10716,买盘
11:29:26,35.71,-0.01,281,1005665,卖盘
11:29:29,35.7,-0.01,42,149941,卖盘
11:29:32,35.7,0.0,28,99968,卖盘
11:29:35,35.71,0.01,1,3571,买盘
11:29:38,35.7,-0.01,16,57132,卖盘
11:29:41,35.7,0.0,180,642763,卖盘
11:29:47,35.7,0.0,29,103531,卖盘
11:29:50,35.7,0.0,14,49987,卖盘
11:29:53,35.71,0.01,23,82111,买盘
11:29:56,35.71,0.0,2,7142,买盘
11:29:59,35.7,-0.01,4,14282,卖盘
13:00:03,35.7,0.0,1876,6696459,卖盘
13:00:06,35.71,0.01,285,1018990,买盘
13:00:09,35.71,0.0,223,796351,卖盘
13:00:12,35.71,0.0,199,710710,卖盘
13:00:15,35.72,0.01,78,278542,买盘
13:00:18,35.71,-0.01,42,150004,卖盘
13:00:21,35.72,0.01,17,60722,买盘
13:00:24,35.71,-0.01,19,67864,卖盘
13:00:26,35.71,0.0,29,103559,卖盘
13:00:30,35.71,0.0,28,99988,卖盘
13:00:33,35.72,0.01,60,214312,买盘
13:00:36,35.72,0.0,80,285741,买盘
13:00:39,35.72,0.0,35,125018,卖盘
13:00:42,35.73,0.01,92,328704,买盘
13:00:45,35.73,0.0,16,57160,买盘
13:00:48,35.72,-0.01,7,25004,卖盘
13:00:51,35.73,0.01,22,78583,买盘
13:00:54,35.72,-0.01,22,78587,中性盘
13:00:57,35.73,0.01,61,217953,买盘
13:01:00,35.72,-0.01,19,67868,卖盘
13:01:03,35.72,0.0,13,46427,买盘
13:01:06,35.71,-0.01,18,64288,卖盘
13:01:09,35.73,0.02,311,1110893,买盘
13:01:12,35.72,-0.01,85,303626,卖盘
13:01:15,35.72,0.0,61,217943,卖盘
13:01:18,35.73,0.01,37,132168,买盘
13:01:21,35.72,-0.01,99,353647,卖盘
13:01:24,35.71,-0.01,7,24997,卖盘
13:01:27,35.68,-0.03,699,2495342,卖盘
13:01:30,35.7,0.02,61,217770,卖盘
13:01:33,35.68,-0.02,29,103476,卖盘
13:01:36,35.7,0.02,11,39268,买盘
13:01:39,35.68,-0.02,55,196262,卖盘
13:01:42,35.68,0.0,94,335510,卖盘
13:01:45,35.68,0.0,36,128453,卖盘
13:01:49,35.7,0.02,43,153469,买盘
13:01:51,35.68,-0.02,53,189208,卖盘
13:01:57,35.68,0.0,22,78496,卖盘
13:02:00,35.68,0.0,30,107040,卖盘
13:02:03,35.68,0.0,377,1345145,卖盘
13:02:06,35.68,0.0,28,99911,卖盘
13:02:09,35.7,0.02,43,153496,买盘
13:02:12,35.69,-0.01,18,64226,买盘
13:02:15,35.69,0.0,65,231941,买盘
13:02:18,35.7,0.01,37,132051,买盘
13:02:21,35.69,-0.01,86,306934,中性盘
13:02:24,35.7,0.01,55,196314,买盘
13:02:26,35.68,-0.02,23,82064,卖盘
13:02:30,35.68,0.0,19,67792,卖盘
13:02:33,35.68,0.0,19,67792,卖盘
13:02:36,35.7,0.02,44,157054,买盘
13:02:39,35.68,-0.02,82,292616,卖盘
13:02:42,35.68,0.0,88,314146,卖盘
13:02:51,35.68,0.0,14,49962,卖盘
13:02:54,35.69,0.01,17,60658,买盘
13:02:57,35.7,0.01,15,53541,买盘
13:03:00,35.68,-0.02,7,24976,卖盘
13:03:03,35.69,0.01,90,321125,买盘
13:03:06,35.69,0.0,9,32116,买盘
13:03:09,35.69,0.0,5,17844,买盘
13:03:11,35.68,-0.01,74,264065,卖盘
13:03:15,35.69,0.01,5,17841,买盘
13:03:18,35.68,-0.01,2,7136,卖盘
13:03:21,35.69,0.01,18,64238,买盘
13:03:24,35.68,-0.01,154,549468,卖盘
13:03:27,35.68,0.0,8,28544,买盘
13:03:30,35.68,0.0,102,363836,买盘
13:03:33,35.68,0.0,38,135575,买盘
13:03:36,35.68,0.0,34,121295,买盘
13:03:39,35.68,0.0,262,934799,买盘
13:03:42,35.69,0.01,111,396132,买盘
13:03:45,35.68,-0.01,31,110610,卖盘
13:03:48,35.68,0.0,51,181968,卖盘
13:03:51,35.69,0.01,6,21413,买盘
13:03:54,35.68,-0.01,9,32112,卖盘
13:03:57,35.68,0.0,26,92768,卖盘
13:04:00,35.68,0.0,40,142720,卖盘
13:04:03,35.68,0.0,118,421026,卖盘
13:04:06,35.68,0.0,116,413988,卖盘
13:04:09,35.69,0.01,76,271190,买盘
13:04:12,35.69,0.0,38,135585,买盘
13:04:15,35.69,0.0,27,96357,买盘
13:04:18,35.69,0.0,23,82070,买盘
13:04:21,35.69,0.0,7,24983,买盘
13:04:24,35.68,-0.01,29,103473,卖盘
13:04:30,35.7,0.02,19,67796,买盘
13:04:33,35.7,0.0,7,24984,买盘
13:04:39,35.69,-0.01,30,107070,卖盘
13:04:42,35.69,0.0,107,381963,卖盘
13:04:48,35.69,0.0,12,42828,卖盘
13:04:51,35.69,0.0,133,474617,卖盘
13:04:54,35.69,0.0,42,149860,买盘
13:04:57,35.68,-0.01,140,499539,卖盘
13:05:00,35.68,0.0,15,53520,买盘
13:05:03,35.68,0.0,88,313956,买盘
13:05:06,35.67,-0.01,31,110588,卖盘
13:05:09,35.68,0.01,91,324627,买盘
13:05:12,35.68,0.0,21,74928,买盘
13:05:15,35.68,0.0,90,321090,买盘
13:05:18,35.68,0.0,240,856161,买盘
13:05:21,35.68,0.0,2,7136,卖盘
13:05:24,35.68,0.0,18,64229,卖盘
13:05:27,35.68,0.0,20,71360,卖盘
13:05:30,35.68,0.0,58,206944,卖盘
13:05:33,35.68,0.0,5,17842,卖盘
13:05:36,35.68,0.0,55,196231,卖盘
13:05:39,35.68,0.0,18,64224,买盘
13:05:45,35.68,0.0,68,242625,买盘
13:05:48,35.68,0.0,24,85632,卖盘
13:05:51,35.69,0.01,10,35687,买盘
13:05:54,35.69,0.0,23,82087,买盘
13:05:57,35.69,0.0,35,124910,卖盘
13:06:00,35.7,0.01,2,7139,买盘
13:06:03,35.69,-0.01,68,242693,卖盘
13:06:06,35.69,0.0,2,7138,卖盘
13:06:09,35.69,0.0,53,189158,卖盘
13:06:12,35.69,0.0,28,99932,卖盘
13:06:15,35.69,0.0,15,53538,卖盘
13:06:18,35.69,0.0,5,17848,卖盘
13:06:21,35.69,0.0,35,124918,卖盘
13:06:30,35.69,0.0,4,14276,卖盘
13:06:33,35.69,0.0,154,546692,卖盘
13:06:36,35.69,0.0,4,14276,卖盘
13:06:39,35.69,0.0,3,10707,卖盘
13:06:42,35.69,0.0,21,74952,卖盘
13:06:46,35.7,0.01,21,74970,买盘
13:06:48,35.69,-0.01,140,499703,卖盘
13:06:51,35.7,0.01,3,10710,买盘
13:06:54,35.7,0.0,31,110653,买盘
13:06:57,35.69,-0.01,2,7138,卖盘
13:07:00,35.7,0.01,30,107100,买盘
13:07:03,35.7,0.0,72,256971,买盘
13:07:06,35.7,0.0,70,249878,买盘
13:07:09,35.7,0.0,49,174891,买盘
13:07:12,35.7,0.0,3,10710,买盘
13:07:15,35.69,-0.01,22,78518,卖盘
13:07:18,35.69,0.0,108,388495,卖盘
13:07:21,35.69,0.0,6,21414,买盘
13:07:24,35.69,0.0,21,74946,买盘
13:07:27,35.69,0.0,47,167723,买盘
13:07:30,35.69,0.0,25,86191,买盘
13:07:33,35.69,0.0,32,114208,卖盘
13:07:36,35.69,0.0,24,85656,卖盘
13:07:39,35.69,0.0,19,67808,卖盘
13:07:42,35.68,-0.01,53,192141,卖盘
13:07:45,35.69,0.01,76,271277,买盘
13:07:48,35.69,0.0,32,114190,买盘
13:07:51,35.69,0.0,6,21414,买盘
13:07:54,35.69,0.0,3,10707,买盘
13:07:57,35.7,0.01,4,14279,买盘
13:08:00,35.69,-0.01,26,92772,买盘
13:08:03,35.69,0.0,65,231975,卖盘
13:08:06,35.7,0.01,65,232035,买盘
13:08:09,35.71,0.01,206,732388,买盘
13:08:12,35.7,-0.01,55,196350,卖盘
13:08:15,35.7,0.0,66,235620,卖盘
13:08:18,35.71,0.01,3,10713,买盘
13:08:21,35.7,-0.01,18,64260,卖盘
13:08:24,35.7,0.0,16,57120,卖盘
13:08:27,35.71,0.01,69,246339,买盘
13:08:30,35.71,0.0,67,239257,买盘
13:08:33,35.7,-0.01,135,481955,卖盘
13:08:36,35.71,0.01,20,71410,买盘
13:08:39,35.71,0.0,29,103558,买盘
13:08:42,35.7,-0.01,3,10710,卖盘
13:08:45,35.71,0.01,22,78543,买盘
13:08:48,35.7,-0.01,17,60697,卖盘
13:08:51,35.7,0.0,19,67833,卖盘
13:08:54,35.71,0.01,33,117827,买盘
13:08:57,35.7,-0.01,47,167808,卖盘
13:09:03,35.69,-0.01,111,399277,卖盘
13:09:06,35.69,0.0,17,60686,卖盘
13:09:12,35.7,0.01,16,57120,买盘
13:09:15,35.69,-0.01,21,74949,卖盘
13:09:18,35.7,0.01,27,96370,买盘
13:09:21,35.69,-0.01,3,10708,卖盘
13:09:24,35.69,0.0,49,174881,卖盘
13:09:27,35.7,0.01,45,160621,买盘
13:09:30,35.7,0.0,3,10710,买盘
13:09:33,35.7,0.0,43,153472,买盘
13:09:36,35.7,0.0,2,7140,买盘
13:09:39,35.69,-0.01,18,64242,卖盘
13:09:42,35.69,0.0,71,253400,卖盘
13:09:45,35.7,0.01,182,649573,买盘
13:09:48,35.69,-0.01,19,67811,卖盘
13:09:51,35.7,0.01,88,314137,买盘
13:09:54,35.7,0.0,10,35700,买盘
13:09:57,35.7,0.0,34,121350,买盘
13:10:00,35.69,-0.01,20,71382,卖盘
13:10:03,35.69,0.0,48,171322,卖盘
13:10:06,35.69,0.0,36,128489,买盘
13:10:09,35.69,0.0,27,96367,卖盘
13:10:12,35.69,0.0,21,74949,卖盘
13:10:15,35.69,0.0,85,303437,卖盘
13:10:21,35.71,0.02,108,385668,买盘
13:10:24,35.72,0.01,74,264302,买盘
13:10:27,35.72,0.0,279,996296,买盘
13:10:30,35.71,-0.01,79,282135,卖盘
13:10:33,35.72,0.01,21,75003,中性盘
13:10:36,35.72,0.0,23,82156,买盘
13:10:39,35.72,0.0,33,117876,买盘
13:10:42,35.72,0.0,35,125011,买盘
13:10:45,35.72,0.0,31,110713,买盘
13:10:48,35.72,0.0,27,96444,买盘
13:10:51,35.71,-0.01,18,64293,卖盘
13:10:54,35.71,0.0,35,125001,卖盘
13:10:57,35.72,0.01,62,221464,买盘
13:11:00,35.72,0.0,7,25004,买盘
13:11:03,35.72,0.0,15,53576,买盘
13:11:06,35.72,0.0,25,89281,买盘
13:11:09,35.71,-0.01,22,78574,卖盘
13:11:12,35.71,0.0,80,285684,卖盘
13:11:15,35.71,0.0,77,274966,买盘
13:11:18,35.72,0.01,33,117843,买盘
13:11:21,35.72,0.0,34,121443,买盘
13:11:24,35.71,-0.01,154,549958,卖盘
13:11:27,35.71,0.0,79,282088,买盘
13:11:30,35.71,0.0,10,35710,买盘
13:11:33,35.71,0.0,19,67845,买盘
13:11:36,35.71,0.0,22,78562,买盘
13:11:39,35.7,-0.01,410,1462530,卖盘
13:11:42,35.71,0.01,33,117834,卖盘
13:11:45,35.71,0.0,1,3571,买盘
13:11:51,35.7,-0.01,63,224953,卖盘
13:11:54,35.7,0.0,117,417763,卖盘
13:11:57,35.72,0.02,4,14286,买盘
13:12:00,35.71,-0.01,27,96415,中性盘
13:12:03,35.71,0.0,62,221404,卖盘
13:12:06,35.71,0.0,5,17855,买盘
13:12:09,35.72,0.01,40,142880,买盘
13:12:12,35.71,-0.01,5,17856,卖盘
13:12:15,35.71,0.0,5,17855,卖盘
13:12:18,35.71,0.0,5,17856,卖盘
13:12:21,35.72,0.01,24,85712,买盘
13:12:24,35.72,0.0,40,142883,买盘
13:12:27,35.72,0.0,57,203604,卖盘
13:12:30,35.72,0.0,12,42855,买盘
13:12:33,35.71,-0.01,45,160725,卖盘
13:12:36,35.71,0.0,70,249942,卖盘
13:12:39,35.71,0.0,5,17855,买盘
13:12:42,35.7,-0.01,53,189231,卖盘
13:12:45,35.71,0.01,100,357099,买盘
13:12:48,35.71,0.0,57,203547,卖盘
13:12:51,35.72,0.01,225,803486,买盘
13:12:54,35.71,-0.01,536,1914596,卖盘
13:12:57,35.71,0.0,41,146418,卖盘
13:13:00,35.71,0.0,20,71420,卖盘
13:13:03,35.71,0.0,72,257118,卖盘
13:13:06,35.71,0.0,33,117845,卖盘
13:13:09,35.71,0.0,54,192834,卖盘
13:13:12,35.71,0.0,40,142854,卖盘
13:13:15,35.71,0.0,1,3571,卖盘
13:13:18,35.71,0.0,73,260693,卖盘
13:13:21,35.72,0.01,62,221421,买盘
13:13:24,35.71,-0.01,5,17856,卖盘
13:13:27,35.72,0.01,15,53579,买盘
13:13:30,35.72,0.0,23,82134,买盘
13:13:33,35.72,0.0,16,57140,买盘
13:13:36,35.72,0.0,5,17859,买盘
13:13:39,35.72,0.0,1,3572,买盘
13:13:42,35.72,0.0,51,182124,买盘
13:13:45,35.71,-0.01,2,7142,卖盘
13:13:48,35.71,0.0,37,132140,卖盘
13:13:51,35.71,0.0,25,89275,卖盘
13:13:54,35.71,0.0,7,24997,卖盘
13:13:57,35.71,0.0,81,289256,卖盘
13:14:00,35.71,0.0,65,231796,卖盘
13:14:03,35.71,0.0,272,971312,卖盘
13:14:06,35.71,0.0,18,64280,卖盘
13:14:09,35.71,0.0,115,410986,卖盘
13:14:12,35.71,0.0,55,196356,买盘
13:14:15,35.71,0.0,38,135688,买盘
13:14:18,35.71,0.0,22,78562,买盘
13:14:21,35.71,0.0,6,21426,买盘
13:14:24,35.7,-0.01,21,74970,卖盘
13:14:30,35.71,0.01,209,746336,买盘
13:14:33,35.71,0.0,28,99978,买盘
13:14:36,35.71,0.0,28,99667,买盘
13:14:39,35.72,0.01,6,21427,买盘
13:14:42,35.71,-0.01,2,7142,卖盘
13:14:45,35.71,0.0,10,35710,卖盘
13:14:48,35.71,0.0,27,96421,卖盘
13:14:51,35.71,0.0,53,189267,卖盘
13:14:57,35.71,0.0,34,121419,卖盘
13:15:00,35.71,0.0,32,114292,卖盘
13:15:03,35.71,0.0,73,261004,卖盘
13:15:06,35.71,0.0,18,64267,买盘
13:15:09,35.7,-0.01,41,146370,卖盘
13:15:12,35.71,0.01,4,14284,买盘
13:15:15,35.71,0.0,6,21423,买盘
13:15:18,35.7,-0.01,3,10710,卖盘
13:15:21,35.71,0.01,26,92823,买盘
13:15:24,35.7,-0.01,2,7140,卖盘
13:15:27,35.71,0.01,13,46412,买盘
13:15:30,35.7,-0.01,26,92823,卖盘
13:15:33,35.7,0.0,4,14280,卖盘
13:15:36,35.71,0.01,4,14284,买盘
13:15:39,35.7,-0.01,8,28565,卖盘
13:15:42,35.71,0.01,24,85687,买盘
13:15:45,35.71,0.0,2,7142,买盘
13:15:48,35.7,-0.01,47,167801,卖盘
13:15:51,35.7,0.0,4,14280,卖盘
13:15:54,35.7,0.0,28,99960,卖盘
13:15:57,35.7,0.0,37,132090,卖盘
13:16:00,35.7,0.0,5,17850,卖盘
13:16:03,35.7,0.0,103,367710,卖盘
13:16:06,35.7,0.0,39,139259,卖盘
13:16:09,35.7,0.0,2,7140,卖盘
13:16:12,35.7,0.0,7,24996,卖盘
13:16:15,35.7,0.0,113,403411,卖盘
13:16:18,35.7,0.0,89,317732,卖盘
13:16:21,35.7,0.0,28,99961,卖盘
13:16:24,35.7,0.0,35,124952,卖盘
13:16:27,35.71,0.01,377,1346269,买盘
13:16:30,35.71,0.0,8,28571,卖盘
13:16:33,35.71,0.0,14,49994,卖盘
13:16:36,35.71,0.0,37,132128,卖盘
13:16:39,35.71,0.0,34,121414,卖盘
13:16:42,35.72,0.01,6,21428,买盘
13:16:45,35.71,-0.01,8,28572,卖盘
13:16:48,35.71,0.0,24,85704,卖盘
13:16:51,35.71,0.0,547,1953844,卖盘
13:16:54,35.71,0.0,55,196405,买盘
13:16:57,35.71,0.0,36,128556,卖盘
13:17:00,35.71,0.0,31,110701,卖盘
13:17:03,35.71,0.0,93,332105,卖盘
13:17:06,35.71,0.0,36,128556,卖盘
13:17:09,35.71,0.0,69,246399,卖盘
13:17:12,35.72,0.01,2,7144,买盘
13:17:15,35.71,-0.01,10,35710,卖盘
13:17:18,35.71,0.0,4,14286,卖盘
13:17:21,35.71,0.0,92,328556,卖盘
13:17:24,35.71,0.0,67,239276,卖盘
13:17:27,35.71,0.0,15,53565,买盘
13:17:30,35.7,-0.01,20,71412,卖盘
13:17:33,35.7,0.0,31,110674,卖盘
13:17:36,35.7,0.0,9,32130,卖盘
13:17:39,35.7,0.0,9,32130,卖盘
13:17:42,35.71,0.01,22,78541,买盘
13:17:45,35.7,-0.01,15,53555,卖盘
13:17:48,35.7,0.0,9,32131,卖盘
13:17:51,35.71,0.01,4,14281,买盘
13:17:54,35.7,-0.01,32,114240,卖盘
13:17:57,35.7,0.0,7,24991,卖盘
13:18:00,35.7,0.0,129,460530,卖盘
13:18:03,35.7,0.0,115,410550,卖盘
13:18:06,35.7,0.0,74,264181,卖盘
13:18:09,35.7,0.0,76,271322,卖盘
13:18:12,35.7,0.0,637,2274625,卖盘
13:18:15,35.71,0.01,37,132105,买盘
13:18:18,35.7,-0.01,100,357000,卖盘
13:18:21,35.7,0.0,98,349866,卖盘
13:18:24,35.7,0.0,39,139230,卖盘
13:18:27,35.7,0.0,27,96395,卖盘
13:18:30,35.7,0.0,22,78546,卖盘
13:18:33,35.7,0.0,12,42843,卖盘
13:18:36,35.7,0.0,178,635504,卖盘
13:18:39,35.7,0.0,39,139231,卖盘
13:18:42,35.7,0.0,10,35700,卖盘
13:18:45,35.7,0.0,9,32131,卖盘
13:18:48,35.7,0.0,29,103531,卖盘
13:18:51,35.7,0.0,46,164221,卖盘
13:18:54,35.71,0.01,18,63907,买盘
13:18:57,35.71,0.0,3,10712,买盘
13:19:00,35.7,-0.01,24,85683,卖盘
13:19:03,35.7,0.0,122,435543,卖盘
13:19:09,35.7,0.0,16,57120,卖盘
13:19:12,35.7,0.0,86,307020,卖盘
13:19:15,35.7,0.0,4,14282,卖盘
13:19:18,35.71,0.01,20,71410,买盘
13:19:21,35.7,-0.01,23,82110,卖盘
13:19:24,35.7,0.0,8,28560,卖盘
13:19:27,35.7,0.0,10,35701,卖盘
13:19:30,35.7,0.0,13,46410,卖盘
13:19:33,35.7,0.0,38,135660,卖盘
13:19:36,35.71,0.01,29,103555,买盘
13:19:39,35.71,0.0,107,381996,买盘
13:19:42,35.7,-0.01,8,28563,卖盘
13:19:45,35.7,0.0,21,74970,卖盘
13:19:48,35.7,0.0,10,35700,卖盘
13:19:51,35.7,0.0,2,7140,卖盘
13:19:54,35.7,0.0,26,92822,卖盘
13:19:57,35.7,0.0,1,3570,卖盘
13:20:00,35.7,0.0,8,28561,卖盘
13:20:03,35.7,0.0,70,249900,卖盘
13:20:06,35.71,0.01,103,367711,买盘
13:20:09,35.7,-0.01,55,196352,卖盘
13:20:12,35.7,0.0,9,32130,卖盘
13:20:18,35.7,0.0,69,246330,卖盘
13:20:21,35.7,0.0,40,142800,卖盘
13:20:24,35.7,0.0,88,314162,卖盘
13:20:27,35.7,0.0,24,85680,卖盘
13:20:30,35.7,0.0,4,14280,卖盘
13:20:33,35.7,0.0,9,32130,卖盘
13:20:36,35.71,0.01,28,99963,买盘
13:20:39,35.7,-0.01,18,64260,卖盘
13:20:42,35.71,0.01,53,189213,买盘
13:20:45,35.7,-0.01,8,28560,卖盘
13:20:48,35.7,0.0,13,46410,卖盘
13:20:51,35.7,0.0,62,221340,卖盘
13:20:54,35.7,0.0,6,21420,卖盘
13:20:57,35.71,0.01,13,46417,买盘
13:21:00,35.7,-0.01,32,114240,卖盘
13:21:03,35.7,0.0,4,14280,卖盘
13:21:06,35.7,0.0,294,1049612,卖盘
13:21:09,35.7,0.0,133,474848,卖盘
13:21:12,35.7,0.0,27,96390,卖盘
13:21:15,35.71,0.01,18,64266,买盘
13:21:18,35.7,-0.01,80,287181,卖盘
13:21:21,35.7,0.0,36,128520,买盘
13:21:24,35.69,-0.01,60,214155,卖盘
13:21:27,35.69,0.0,1,3569,卖盘
13:21:30,35.71,0.02,108,383991,买盘
13:21:33,35.7,-0.01,60,214200,卖盘
13:21:42,35.7,0.0,125,446318,卖盘
13:21:45,35.7,0.0,40,142810,卖盘
13:21:48,35.7,0.0,9,32131,卖盘
13:21:51,35.71,0.01,47,167826,买盘
13:21:54,35.71,0.0,10,35710,买盘
13:21:57,35.71,0.0,43,153536,买盘
13:22:00,35.71,0.0,22,78562,买盘
13:22:03,35.71,0.0,5,17852,买盘
13:22:06,35.7,-0.01,28,99965,卖盘
13:22:09,35.7,0.0,97,346290,卖盘
13:22:12,35.71,0.01,1,3571,买盘
13:22:15,35.7,-0.01,23,82118,卖盘
13:22:18,35.7,0.0,40,142820,卖盘
13:22:21,35.7,0.0,7,24990,卖盘
13:22:27,35.7,0.0,107,381991,卖盘
13:22:30,35.7,0.0,8,28560,卖盘
13:22:33,35.71,0.01,229,817551,买盘
13:22:36,35.7,-0.01,17,60692,卖盘
13:22:39,35.7,0.0,2,7140,卖盘
13:22:42,35.71,0.01,8,28568,买盘
13:22:48,35.7,-0.01,51,182070,卖盘
13:22:51,35.7,0.0,3,10710,卖盘
13:22:54,35.7,0.0,13,46410,卖盘
13:22:57,35.7,0.0,1,3570,卖盘
13:23:00,35.71,0.01,28,99971,买盘
13:23:03,35.7,-0.01,66,235620,卖盘
13:23:06,35.71,0.01,5,17855,买盘
13:23:09,35.7,-0.01,43,153510,卖盘
13:23:12,35.7,0.0,16,57125,卖盘
13:23:15,35.7,0.0,9,32130,卖盘
13:23:18,35.7,0.0,7,24991,卖盘
13:23:21,35.7,0.0,26,92830,卖盘
13:23:24,35.7,0.0,1,3570,卖盘
13:23:27,35.7,0.0,25,89251,卖盘
13:23:30,35.7,0.0,100,357004,卖盘
13:23:33,35.7,0.0,33,117815,卖盘
13:23:36,35.7,0.0,94,335580,卖盘
13:23:39,35.7,0.0,23,82131,卖盘
13:23:42,35.7,0.0,18,64262,卖盘
13:23:45,35.7,0.0,135,481950,卖盘
13:23:48,35.7,0.0,75,267753,卖盘
13:23:51,35.71,0.01,110,392702,买盘
13:23:54,35.7,-0.01,70,249900,卖盘
13:23:57,35.7,0.0,19,67830,卖盘
13:24:00,35.7,0.0,67,240733,卖盘
13:24:03,35.69,-0.01,67,239133,卖盘
13:24:06,35.69,0.0,84,299801,卖盘
13:24:09,35.7,0.01,3,10710,买盘
13:24:12,35.69,-0.01,53,189160,卖盘
13:24:15,35.69,0.0,84,299806,卖盘
13:24:18,35.7,0.01,39,139230,买盘
13:24:21,35.69,-0.01,38,135632,卖盘
13:24:24,35.7,0.01,141,503263,买盘
13:24:27,35.69,-0.01,274,977906,卖盘
13:24:30,35.69,0.0,25,89225,卖盘
13:24:33,35.7,0.01,5,17846,买盘
13:24:36,35.69,-0.01,22,78518,卖盘
13:24:39,35.69,0.0,52,185591,卖盘
13:24:42,35.7,0.01,2,7140,买盘
13:24:45,35.69,-0.01,28,99932,卖盘
13:24:49,35.69,0.0,46,164202,卖盘
13:24:51,35.69,0.0,28,99932,卖盘
13:24:54,35.69,0.0,13,46399,卖盘
13:24:57,35.69,0.0,6,21415,卖盘
13:25:00,35.69,0.0,47,167763,卖盘
13:25:03,35.69,0.0,110,392590,卖盘
13:25:06,35.69,0.0,10,35690,卖盘
13:25:09,35.69,0.0,21,74949,卖盘
13:25:12,35.69,0.0,26,92794,卖盘
13:25:15,35.69,0.0,5,17845,卖盘
13:25:18,35.69,0.0,12,42828,卖盘
13:25:21,35.69,0.0,23,82087,卖盘
13:25:24,35.69,0.0,59,210571,卖盘
13:25:27,35.69,0.0,52,185638,卖盘
13:25:30,35.7,0.01,4,14277,买盘
13:25:33,35.69,-0.01,52,185588,卖盘
13:25:36,35.69,0.0,10,35691,卖盘
13:25:39,35.69,0.0,9,32121,卖盘
13:25:42,35.69,0.0,12,42830,卖盘
13:25:45,35.69,0.0,30,107070,卖盘
13:25:48,35.69,0.0,8,28552,卖盘
13:25:51,35.69,0.0,148,528212,卖盘
13:25:54,35.69,0.0,31,110639,卖盘
13:25:57,35.68,-0.01,125,446123,卖盘
13:26:00,35.68,0.0,2,7137,卖盘
13:26:03,35.68,0.0,72,256901,卖盘
13:26:06,35.68,0.0,18,64224,卖盘
13:26:09,35.68,0.0,828,2954304,卖盘
13:26:12,35.69,0.01,65,231936,买盘
13:26:15,35.69,0.0,57,203424,买盘
13:26:18,35.69,0.0,22,78499,买盘
13:26:21,35.68,-0.01,35,124880,卖盘
13:26:24,35.69,0.01,52,185538,买盘
13:26:27,35.68,-0.01,5,17840,卖盘
13:26:30,35.68,0.0,24,85632,卖盘
13:26:33,35.68,0.0,7,24976,卖盘
13:26:36,35.68,0.0,31,110609,卖盘
13:26:39,35.68,0.0,16,57089,卖盘
13:26:42,35.69,0.01,4,14276,买盘
13:26:45,35.68,-0.01,5,17840,卖盘
13:26:48,35.69,0.01,5,17845,买盘
13:26:51,35.68,-0.01,17,60656,卖盘
13:26:54,35.68,0.0,9,32114,卖盘
13:26:57,35.68,0.0,109,388912,卖盘
13:27:00,35.69,0.01,19,67797,买盘
13:27:03,35.68,-0.01,65,231920,卖盘
13:27:09,35.68,0.0,159,567312,买盘
13:27:12,35.67,-0.01,39,139136,卖盘
13:27:15,35.68,0.01,1,3568,买盘
13:27:18,35.67,-0.01,28,99878,卖盘
13:27:21,35.69,0.02,3,10705,买盘
13:27:24,35.68,-0.01,22,78496,卖盘
13:27:27,35.68,0.0,13,46384,卖盘
13:27:30,35.69,0.01,51,182019,买盘
13:27:33,35.69,0.0,35,124898,买盘
13:27:36,35.69,0.0,24,85639,买盘
13:27:39,35.68,-0.01,22,78496,卖盘
13:27:42,35.68,0.0,12,42817,卖盘
13:27:45,35.68,0.0,36,128448,卖盘
13:27:48,35.68,0.0,423,1509264,卖盘
13:27:51,35.68,0.0,4,14272,买盘
13:27:54,35.68,0.0,100,356800,买盘
13:27:57,35.67,-0.01,38,135546,卖盘
13:28:00,35.68,0.01,8,28544,买盘
13:28:03,35.68,0.0,67,238991,买盘
13:28:06,35.68,0.0,37,131986,买盘
13:28:09,35.67,-0.01,23,82044,卖盘
13:28:12,35.68,0.01,14,49948,买盘
13:28:15,35.67,-0.01,35,124845,卖盘
13:28:18,35.67,0.0,17,60639,卖盘
13:28:21,35.68,0.01,52,185519,买盘
13:28:24,35.68,0.0,179,638521,买盘
13:28:30,35.67,-0.01,144,513743,卖盘
13:28:33,35.67,0.0,28,99879,卖盘
13:28:36,35.68,0.01,5,17838,买盘
13:28:42,35.67,-0.01,25,89175,卖盘
13:28:45,35.68,0.01,4,14272,买盘
13:28:51,35.68,0.0,64,228297,买盘
13:28:54,35.67,-0.01,6,21407,卖盘
13:28:57,35.68,0.01,8,28538,买盘
13:29:00,35.67,-0.01,5,17835,卖盘
13:29:03,35.67,0.0,83,296061,卖盘
13:29:06,35.67,0.0,420,1498550,卖盘
13:29:09,35.68,0.01,29,103472,买盘
13:29:12,35.68,0.0,109,388912,买盘
13:29:15,35.68,0.0,17,60656,卖盘
13:29:18,35.68,0.0,28,99904,卖盘
13:29:21,35.68,0.0,48,171264,卖盘
13:29:24,35.68,0.0,62,221227,卖盘
13:29:27,35.69,0.01,36,128484,买盘
13:29:30,35.69,0.0,1,3569,买盘
13:29:33,35.68,-0.01,318,1134827,卖盘
13:29:36,35.68,0.0,40,142730,卖盘
13:29:39,35.68,0.0,6,21408,卖盘
13:29:42,35.69,0.01,8,28552,买盘
13:29:45,35.68,-0.01,176,627968,卖盘
13:29:48,35.69,0.01,23,82070,买盘
13:29:51,35.68,-0.01,54,192720,卖盘
13:29:54,35.69,0.01,54,192673,买盘
13:29:57,35.69,0.0,32,114184,买盘
13:30:00,35.68,-0.01,28,99917,卖盘
13:30:03,35.68,0.0,120,428162,卖盘
13:30:06,35.69,0.01,7,24983,买盘
13:30:09,35.69,0.0,24,85639,买盘
13:30:12,35.69,0.0,11,39252,买盘
13:30:15,35.68,-0.01,80,285440,卖盘
13:30:18,35.68,0.0,16,57088,卖盘
13:30:21,35.68,0.0,30,107040,卖盘
13:30:24,35.69,0.01,47,167703,买盘
13:30:27,35.68,-0.01,62,221217,卖盘
13:30:30,35.68,0.0,41,146291,卖盘
13:30:33,35.67,-0.01,118,421005,卖盘
13:30:36,35.68,0.01,2,7136,买盘
13:30:42,35.67,-0.01,36,128412,卖盘
13:30:45,35.67,0.0,143,510090,卖盘
13:30:48,35.68,0.01,198,704858,买盘
13:30:51,35.68,0.0,116,415494,卖盘
13:30:54,35.68,0.0,178,634952,买盘
13:30:57,35.68,0.0,99,353232,买盘
13:31:00,35.67,-0.01,31,110586,卖盘
13:31:03,35.67,0.0,196,699133,卖盘
13:31:06,35.68,0.01,8,28538,买盘
13:31:09,35.67,-0.01,38,135546,卖盘
13:31:12,35.68,0.01,75,267541,买盘
13:31:15,35.67,-0.01,160,570725,卖盘
13:31:18,35.68,0.01,96,342478,买盘
13:31:21,35.67,-0.01,8,28539,卖盘
13:31:24,35.67,0.0,18,64218,卖盘
13:31:27,35.67,0.0,59,210485,卖盘
13:31:30,35.68,0.01,26,92758,买盘
13:31:33,35.68,0.0,11,39244,买盘
13:31:36,35.67,-0.01,14,49938,卖盘
13:31:39,35.68,0.01,28,99902,买盘
13:31:42,35.68,0.0,402,1432698,买盘
13:31:45,35.69,0.01,137,488824,买盘
13:31:48,35.68,-0.01,43,155030,卖盘
13:31:51,35.67,-0.01,250,890157,卖盘
13:31:54,35.67,0.0,178,634959,卖盘
13:31:57,35.66,-0.01,170,606338,卖盘
13:32:00,35.66,0.0,83,295984,卖盘
13:32:03,35.67,0.01,79,281731,买盘
13:32:06,35.66,-0.01,701,2500554,卖盘
13:32:09,35.66,0.0,169,602657,卖盘
13:32:12,35.67,0.01,175,624069,买盘
13:32:15,35.67,0.0,61,217530,买盘
13:32:18,35.67,0.0,167,595525,买盘
13:32:21,35.66,-0.01,16,57056,卖盘
13:32:24,35.67,0.01,121,431572,买盘
13:32:27,35.67,0.0,17,60639,卖盘
13:32:30,35.68,0.01,1,3568,买盘
13:32:33,35.67,-0.01,20,71340,卖盘
13:32:36,35.67,0.0,3,10701,卖盘
13:32:39,35.67,0.0,2,7134,卖盘
13:32:42,35.68,0.01,120,428136,买盘
13:32:45,35.68,0.0,30,107040,卖盘
13:32:48,35.68,0.0,28,99904,卖盘
13:32:51,35.68,0.0,120,428160,卖盘
13:32:54,35.68,0.0,24,85632,卖盘
13:32:57,35.68,0.0,4,14273,卖盘
13:33:00,35.68,0.0,135,481688,卖盘
13:33:03,35.68,0.0,176,627968,卖盘
13:33:06,35.68,0.0,19,67792,卖盘
13:33:09,35.68,0.0,92,328166,买盘
13:33:12,35.67,-0.01,78,278289,卖盘
13:33:15,35.67,0.0,188,670596,卖盘
13:33:18,35.67,0.0,5,17835,卖盘
13:33:21,35.67,0.0,3,10701,卖盘
13:33:24,35.67,0.0,9,32103,卖盘
13:33:27,35.67,0.0,37,131979,卖盘
13:33:33,35.67,0.0,10,35670,卖盘
13:33:36,35.67,0.0,32,114144,卖盘
13:33:39,35.67,0.0,40,142680,卖盘
13:33:42,35.67,0.0,2,7134,卖盘
13:33:45,35.67,0.0,34,121284,卖盘
13:33:48,35.67,0.0,16,57072,卖盘
13:33:51,35.67,0.0,18,64206,卖盘
13:33:54,35.67,0.0,76,271092,卖盘
13:33:57,35.68,0.01,2,7135,买盘
13:34:00,35.67,-0.01,36,128412,卖盘
13:34:03,35.67,0.0,66,235422,卖盘
13:34:06,35.68,0.01,414,1476388,买盘
13:34:09,35.66,-0.02,51,181942,卖盘
13:34:12,35.66,0.0,15,53496,卖盘
13:34:15,35.67,0.01,2,7134,买盘
13:34:18,35.67,0.0,1,3567,买盘
13:34:21,35.66,-0.01,30,106990,卖盘
13:34:24,35.66,0.0,7,24962,卖盘
13:34:27,35.66,0.0,12,42797,卖盘
13:34:30,35.66,0.0,1,3566,卖盘
13:34:33,35.66,0.0,20,71320,卖盘
13:34:36,35.66,0.0,10,35660,卖盘
13:34:39,35.66,0.0,3,10699,卖盘
13:34:42,35.66,0.0,40,142640,卖盘
13:34:45,35.67,0.01,26,92717,买盘
13:34:51,35.66,-0.01,20,71320,卖盘
13:34:54,35.66,0.0,122,435053,卖盘
13:34:57,35.66,0.0,107,381562,卖盘
13:35:00,35.66,0.0,7,24962,卖盘
13:35:03,35.66,0.0,90,320947,卖盘
13:35:06,35.66,0.0,10,37265,卖盘
13:35:09,35.66,0.0,2,7132,买盘
13:35:12,35.66,0.0,6,21392,买盘
13:35:15,35.66,0.0,11,39222,买盘
13:35:18,35.66,0.0,75,267422,买盘
13:35:21,35.66,0.0,27,96266,买盘
13:35:24,35.65,-0.01,30,106950,卖盘
13:35:27,35.65,0.0,138,492031,卖盘
13:35:30,35.65,0.0,3,10695,卖盘
13:35:33,35.65,0.0,15,53476,卖盘
13:35:36,35.65,0.0,31,110545,卖盘
13:35:39,35.65,0.0,152,541890,卖盘
13:35:42,35.65,0.0,83,295910,卖盘
13:35:45,35.65,0.0,115,409975,卖盘
13:35:48,35.65,0.0,11,39215,卖盘
13:35:51,35.65,0.0,33,117649,卖盘
13:35:54,35.65,0.0,35,124775,卖盘
13:35:57,35.66,0.01,230,819961,买盘
13:36:00,35.65,-0.01,38,135470,卖盘
13:36:03,35.65,0.0,115,409975,卖盘
13:36:06,35.65,0.0,102,363631,卖盘
13:36:09,35.65,0.0,51,181816,卖盘
13:36:12,35.65,0.0,38,135470,买盘
13:36:15,35.65,0.0,4,14260,买盘
13:36:18,35.65,0.0,54,192459,买盘
13:36:21,35.65,0.0,146,520368,买盘
13:36:24,35.65,0.0,68,242404,买盘
13:36:27,35.64,-0.01,83,295820,卖盘
13:36:30,35.65,0.01,12,42770,买盘
13:36:33,35.64,-0.01,27,96232,卖盘
13:36:36,35.64,0.0,10,35640,卖盘
13:36:39,35.65,0.01,9,32083,买盘
13:36:42,35.64,-0.01,3,10692,卖盘
13:36:45,35.64,0.0,35,124758,卖盘
13:36:48,35.64,0.0,2,7128,卖盘
13:36:51,35.65,0.01,40,142562,买盘
13:36:54,35.65,0.0,52,185376,买盘
13:36:57,35.64,-0.01,26,92673,卖盘
13:37:00,35.64,0.0,15,53463,卖盘
13:37:03,35.64,0.0,77,274428,卖盘
13:37:06,35.66,0.02,491,1750414,买盘
13:37:09,35.65,-0.01,24,85560,卖盘
13:37:12,35.65,0.0,2,7130,卖盘
13:37:15,35.65,0.0,118,420784,卖盘
13:37:18,35.66,0.01,121,431467,买盘
13:37:21,35.65,-0.01,137,488424,卖盘
13:37:24,35.66,0.01,12,42785,买盘
13:37:27,35.65,-0.01,78,278124,卖盘
13:37:30,35.67,0.02,80,283622,买盘
13:37:33,35.65,-0.02,70,251154,卖盘
13:37:36,35.65,0.0,59,208731,买盘
13:37:39,35.66,0.01,3,10698,买盘
13:37:42,35.66,0.0,18,64171,买盘
13:37:45,35.66,0.0,29,103410,买盘
13:37:48,35.66,0.0,10,35660,卖盘
13:37:51,35.65,-0.01,154,549020,卖盘
13:37:54,35.66,0.01,2,7132,买盘
13:37:57,35.66,0.0,1,3566,买盘
13:38:00,35.66,0.0,177,631044,买盘
13:38:03,35.66,0.0,60,213940,买盘
13:38:09,35.66,0.0,32,114086,买盘
13:38:12,35.65,-0.01,9,32091,卖盘
13:38:15,35.65,0.0,177,631011,卖盘
13:38:18,35.66,0.01,30,106965,买盘
13:38:21,35.66,0.0,44,156861,买盘
13:38:24,35.65,-0.01,68,242420,卖盘
13:38:27,35.65,0.0,32,114087,卖盘
13:38:30,35.65,0.0,8,28525,卖盘
13:38:33,35.66,0.01,189,673976,买盘
13:38:36,35.66,0.0,158,563428,卖盘
13:38:39,35.65,-0.01,6,21394,卖盘
13:38:42,35.66,0.01,3,10696,买盘
13:38:45,35.65,-0.01,108,385020,卖盘
13:38:48,35.65,0.0,57,203225,买盘
13:38:51,35.65,0.0,10,35650,买盘
