time,price,change,volume,amount,type
09:25:05,35.63,-0.01,4758,16952754,卖盘
09:30:00,35.62,-0.01,308,1097044,卖盘
09:30:03,35.62,0.0,1483,5282789,买盘
09:30:06,35.62,0.0,2658,9464235,买盘
09:30:09,35.61,-0.01,1458,5192600,卖盘
09:30:12,35.62,0.01,571,2033665,买盘
09:30:15,35.62,0.0,69,245812,卖盘
09:30:18,35.63,0.01,137,488146,买盘
09:30:21,35.61,-0.02,548,1951905,卖盘
09:30:24,35.61,0.0,262,932930,买盘
09:30:27,35.61,0.0,58,206526,买盘
09:30:30,35.58,-0.03,51,181508,卖盘
09:30:33,35.57,-0.01,166,590608,卖盘
09:30:36,35.58,0.01,740,2631480,买盘
09:30:39,35.58,0.0,26,92525,卖盘
09:30:42,35.55,-0.03,341,1212108,卖盘
09:30:45,35.57,0.02,122,433964,买盘
09:30:48,35.53,-0.04,114,404928,卖盘
09:30:51,35.53,0.0,56,198956,买盘
09:30:54,35.53,0.0,180,639101,买盘
09:30:57,35.51,-0.02,111,394207,中性盘
09:31:00,35.53,0.02,103,365901,买盘
09:31:03,35.53,0.0,238,845441,买盘
09:31:06,35.54,0.01,116,412144,买盘
09:31:09,35.51,-0.03,548,1945728,卖盘
09:31:12,35.51,0.0,117,415467,买盘
09:31:15,35.51,0.0,481,1708037,买盘
09:31:18,35.52,0.01,416,1477187,中性盘
09:31:21,35.53,0.01,137,486671,买盘
09:31:24,35.52,-0.01,76,270004,卖盘
09:31:27,35.54,0.02,30,106614,买盘
09:31:30,35.52,-0.02,211,749639,卖盘
09:31:33,35.54,0.02,220,781492,中性盘
09:31:36,35.53,-0.01,183,650360,卖盘
09:31:39,35.52,-0.01,115,408580,卖盘
09:31:42,35.52,0.0,353,1253992,卖盘
09:31:45,35.55,0.03,210,746645,买盘
09:31:48,35.54,-0.01,19,67526,卖盘
09:31:51,35.55,0.01,81,287934,买盘
09:31:54,35.54,-0.01,105,372807,卖盘
09:31:57,35.52,-0.02,227,806514,卖盘
09:32:00,35.52,0.0,1377,4889717,卖盘
09:32:03,35.51,-0.01,471,1672998,卖盘
09:32:06,35.52,0.01,201,714107,中性盘
09:32:09,35.51,-0.01,290,1029836,卖盘
09:32:12,35.51,0.0,535,1897904,卖盘
09:32:15,35.5,-0.01,172,610575,中性盘
09:32:18,35.47,-0.03,302,1071261,卖盘
09:32:21,35.47,0.0,445,1577220,买盘
09:32:24,35.48,0.01,117,414973,买盘
09:32:26,35.41,-0.07,253,896381,卖盘
09:32:30,35.45,0.04,80,283643,卖盘
09:32:33,35.44,-0.01,31,109874,中性盘
09:32:36,35.43,-0.01,89,315448,卖盘
09:32:39,35.45,0.02,950,3362839,买盘
09:32:42,35.41,-0.04,84,297519,卖盘
09:32:45,35.43,0.02,382,1353653,买盘
09:32:48,35.39,-0.04,195,690250,卖盘
09:32:51,35.41,0.02,270,956580,买盘
09:32:54,35.43,0.02,198,701366,买盘
09:32:57,35.41,-0.02,166,587618,中性盘
09:33:00,35.43,0.02,95,336562,买盘
09:33:03,35.43,0.0,389,1377371,买盘
09:33:06,35.44,0.01,339,1201068,买盘
09:33:09,35.41,-0.03,552,1955343,卖盘
09:33:12,35.44,0.03,224,796366,买盘
09:33:15,35.45,0.01,308,1091796,买盘
09:33:18,35.43,-0.02,163,577661,卖盘
09:33:21,35.45,0.02,336,1190684,中性盘
09:33:24,35.46,0.01,31,109909,中性盘
09:33:27,35.47,0.01,165,584978,买盘
09:33:30,35.47,0.0,253,896992,卖盘
09:33:33,35.45,-0.02,583,2067086,卖盘
09:33:36,35.48,0.03,244,865100,买盘
09:33:39,35.44,-0.04,200,709086,卖盘
09:33:42,35.45,0.01,170,602657,买盘
09:33:45,35.64,0.19,1455,5168597,买盘
09:33:48,35.55,-0.09,46,163506,中性盘
09:33:51,35.54,-0.01,86,305733,中性盘
09:33:54,35.56,0.02,107,380007,中性盘
09:33:57,35.53,-0.03,9,31977,中性盘
09:34:00,35.55,0.02,46,163476,买盘
09:34:03,35.54,-0.01,303,1076863,中性盘
09:34:06,35.56,0.02,82,291442,买盘
09:34:09,35.56,0.0,22,78227,卖盘
09:34:12,35.57,0.01,36,128066,中性盘
09:34:15,35.57,0.0,30,106718,卖盘
09:34:18,35.58,0.01,393,1397660,买盘
09:34:21,35.58,0.0,302,1074653,买盘
09:34:24,35.58,0.0,180,640410,买盘
09:34:27,35.56,-0.02,170,604723,卖盘
09:34:30,35.58,0.02,362,1287516,买盘
09:34:33,35.57,-0.01,76,270311,卖盘
09:34:37,35.56,-0.01,64,227605,卖盘
09:34:39,35.58,0.02,369,1312668,买盘
09:34:42,35.58,0.0,83,295322,卖盘
09:34:45,35.57,-0.01,413,1469329,卖盘
09:34:48,35.56,-0.01,376,1337120,卖盘
09:34:51,35.55,-0.01,157,558085,卖盘
09:34:54,35.52,-0.03,652,2317936,卖盘
09:34:57,35.53,0.01,206,731982,卖盘
09:35:00,35.57,0.04,164,582899,买盘
09:35:03,35.55,-0.02,121,430016,中性盘
09:35:07,35.54,-0.01,90,319834,中性盘
09:35:09,35.53,-0.01,80,284265,卖盘
09:35:12,35.53,0.0,49,174094,买盘
09:35:15,35.52,-0.01,255,905974,卖盘
09:35:18,35.52,0.0,103,365931,买盘
09:35:21,35.55,0.03,173,614896,买盘
09:35:24,35.54,-0.01,127,451423,买盘
09:35:27,35.54,0.0,436,1548560,卖盘
09:35:30,35.51,-0.03,17,60376,卖盘
09:35:34,35.53,0.02,83,294979,卖盘
09:35:36,35.54,0.01,164,582859,买盘
09:35:39,35.55,0.01,300,1066358,买盘
09:35:42,35.54,-0.01,192,682549,卖盘
09:35:45,35.54,0.0,68,241682,卖盘
09:35:49,35.55,0.01,549,1951502,买盘
09:35:51,35.54,-0.01,473,1681115,卖盘
09:35:54,35.55,0.01,155,550974,卖盘
09:35:57,35.55,0.0,49,174196,卖盘
09:36:00,35.55,0.0,17,60436,卖盘
09:36:03,35.56,0.01,926,3292458,买盘
09:36:06,35.56,0.0,23,81788,卖盘
09:36:09,35.56,0.0,98,348493,卖盘
09:36:12,35.6,0.04,682,2425684,买盘
09:36:15,35.6,0.0,57,202920,卖盘
09:36:19,35.6,0.0,568,2021534,卖盘
09:36:21,35.6,0.0,3,10680,买盘
09:36:24,35.63,0.03,30,106854,买盘
09:36:27,35.62,-0.01,46,163852,卖盘
09:36:30,35.63,0.01,448,1595832,买盘
09:36:33,35.63,0.0,27,96212,卖盘
09:36:36,35.63,0.0,115,409745,卖盘
09:36:39,35.61,-0.02,165,587754,卖盘
09:36:42,35.61,0.0,418,1489141,卖盘
09:36:46,35.63,0.02,71,252989,卖盘
09:36:48,35.62,-0.01,82,292183,中性盘
09:36:51,35.61,-0.01,72,256394,卖盘
09:36:54,35.58,-0.03,267,950505,卖盘
09:36:57,35.6,0.02,335,1193243,买盘
09:37:00,35.58,-0.02,53,188693,卖盘
09:37:03,35.61,0.03,176,626915,中性盘
09:37:06,35.61,0.0,114,405889,买盘
09:37:09,35.6,-0.01,122,434323,中性盘
09:37:12,35.59,-0.01,51,181536,卖盘
09:37:15,35.61,0.02,51,181561,买盘
09:37:18,35.61,0.0,158,562547,买盘
09:37:21,35.61,0.0,52,185172,卖盘
09:37:24,35.61,0.0,32,113961,卖盘
09:37:27,35.61,0.0,636,2264332,卖盘
09:37:30,35.61,0.0,134,477276,卖盘
09:37:33,35.6,-0.01,119,423783,卖盘
09:37:37,35.65,0.05,1049,3738267,买盘
09:37:39,35.6,-0.05,113,402280,卖盘
09:37:42,35.63,0.03,55,195883,买盘
09:37:45,35.65,0.02,23,81991,买盘
09:37:48,35.62,-0.03,160,569830,卖盘
09:37:51,35.65,0.03,47,167506,买盘
09:37:54,35.65,0.0,7,24955,买盘
09:37:57,35.63,-0.02,322,1147458,卖盘
09:38:00,35.63,0.0,236,839241,卖盘
09:38:03,35.63,0.0,131,466753,卖盘
09:38:06,35.65,0.02,88,313641,买盘
09:38:09,35.65,0.0,149,531129,买盘
09:38:12,35.65,0.0,54,192445,买盘
09:38:15,35.67,0.02,519,1850782,买盘
09:38:18,35.68,0.01,51,181926,买盘
09:38:21,35.67,-0.01,103,367460,卖盘
09:38:24,35.68,0.01,310,1105315,买盘
09:38:27,35.68,0.0,1049,3742949,买盘
09:38:30,35.67,-0.01,47,167654,卖盘
09:38:33,35.67,0.0,224,799071,买盘
09:38:36,35.67,0.0,324,1155696,买盘
09:38:39,35.67,0.0,106,378097,买盘
09:38:42,35.67,0.0,46,164076,买盘
09:38:45,35.68,0.01,156,556559,买盘
09:38:48,35.68,0.0,30,107040,卖盘
09:38:51,35.67,-0.01,139,495934,卖盘
09:38:54,35.69,0.02,115,410423,买盘
09:38:57,35.69,0.0,73,260601,卖盘
09:39:00,35.7,0.01,761,2716660,买盘
09:39:03,35.7,0.0,336,1199349,买盘
09:39:06,35.71,0.01,101,360577,买盘
09:39:10,35.71,0.0,513,1831118,买盘
09:39:12,35.7,-0.01,60,214238,卖盘
09:39:15,35.72,0.02,185,660743,买盘
09:39:18,35.71,-0.01,97,346462,卖盘
09:39:21,35.71,0.0,191,682087,卖盘
09:39:24,35.71,0.0,59,210686,买盘
09:39:27,35.71,0.0,145,517846,买盘
09:39:30,35.71,0.0,98,350037,卖盘
09:39:33,35.72,0.01,196,700093,买盘
09:39:36,35.71,-0.01,80,285706,卖盘
09:39:40,35.71,0.0,102,364342,卖盘
09:39:42,35.71,0.0,196,700000,卖盘
09:39:45,35.73,0.02,290,1035906,买盘
09:39:48,35.73,0.0,243,867985,买盘
09:39:51,35.72,-0.01,33,117903,卖盘
09:39:54,35.72,0.0,70,250092,卖盘
09:39:57,35.72,0.0,161,575121,卖盘
09:40:00,35.71,-0.01,114,407110,卖盘
09:40:03,35.72,0.01,637,2274391,买盘
09:40:06,35.71,-0.01,337,1203445,买盘
09:40:10,35.7,-0.01,72,257083,卖盘
09:40:12,35.7,0.0,131,467655,卖盘
09:40:16,35.71,0.01,126,449911,买盘
09:40:18,35.7,-0.01,22,78547,中性盘
09:40:21,35.68,-0.02,510,1820186,卖盘
09:40:24,35.67,-0.01,53,189337,卖盘
09:40:28,35.69,0.02,49,174874,买盘
09:40:30,35.68,-0.01,66,235477,买盘
09:40:33,35.67,-0.01,33,117765,卖盘
09:40:37,35.67,0.0,58,206865,卖盘
09:40:40,35.67,0.0,18,64211,中性盘
09:40:42,35.68,0.01,57,203323,买盘
09:40:46,35.66,-0.02,105,374430,卖盘
09:40:48,35.66,0.0,20,71334,卖盘
09:40:51,35.67,0.01,290,1034164,买盘
09:40:54,35.67,0.0,119,424407,买盘
09:40:57,35.66,-0.01,103,367096,卖盘
09:41:00,35.65,-0.01,53,188976,卖盘
09:41:03,35.66,0.01,44,156878,买盘
09:41:06,35.66,0.0,21,74858,买盘
09:41:09,35.65,-0.01,125,445679,卖盘
09:41:12,35.65,0.0,474,1689445,买盘
09:41:15,35.63,-0.02,640,2281259,卖盘
09:41:18,35.63,0.0,231,823102,卖盘
09:41:21,35.64,0.01,237,844384,买盘
09:41:24,35.64,0.0,75,267214,买盘
09:41:27,35.63,-0.01,50,178118,买盘
09:41:30,35.61,-0.02,91,324186,卖盘
09:41:33,35.63,0.02,233,830102,买盘
09:41:36,35.62,-0.01,58,206614,卖盘
09:41:39,35.64,0.02,405,1443055,买盘
09:41:42,35.61,-0.03,153,544961,卖盘
09:41:45,35.61,0.0,94,334703,买盘
09:41:48,35.59,-0.02,425,1513001,卖盘
09:41:51,35.6,0.01,148,526713,买盘
09:41:54,35.62,0.02,207,737128,买盘
09:41:58,35.63,0.01,106,377502,买盘
09:42:00,35.61,-0.02,25,89028,卖盘
09:42:03,35.62,0.01,273,972191,买盘
09:42:06,35.62,0.0,47,167413,买盘
09:42:09,35.62,0.0,121,430992,买盘
09:42:11,35.64,0.02,203,723385,买盘
09:42:15,35.61,-0.03,376,1339301,卖盘
09:42:19,35.62,0.01,292,1040101,卖盘
09:42:21,35.6,-0.02,219,779640,买盘
09:42:24,35.6,0.0,131,466498,买盘
09:42:27,35.6,0.0,126,448729,买盘
09:42:30,35.6,0.0,134,477020,卖盘
09:42:33,35.64,0.04,661,2355293,买盘
09:42:36,35.64,0.0,229,815355,买盘
09:42:40,35.61,-0.03,121,430770,中性盘
09:42:42,35.63,0.02,53,188839,买盘
09:42:46,35.61,-0.02,20,71231,卖盘
09:42:48,35.61,0.0,11,39185,中性盘
09:42:51,35.6,-0.01,178,633829,卖盘
09:42:55,35.62,0.02,173,616165,买盘
09:42:58,35.62,0.0,103,366854,买盘
09:43:01,35.62,0.0,84,299205,买盘
09:43:03,35.62,0.0,12,42742,买盘
09:43:07,35.61,-0.01,32,113963,卖盘
09:43:10,35.62,0.01,32,113981,买盘
09:43:12,35.61,-0.01,127,452363,卖盘
09:43:15,35.62,0.01,333,1185963,买盘
09:43:18,35.61,-0.01,136,484400,卖盘
09:43:21,35.59,-0.02,853,3037274,卖盘
09:43:24,35.6,0.01,91,323960,买盘
09:43:27,35.62,0.02,243,866544,买盘
09:43:30,35.6,-0.02,13,46292,卖盘
09:43:33,35.6,0.0,51,181582,卖盘
09:43:36,35.6,0.0,21,74760,卖盘
09:43:39,35.6,0.0,341,1214278,卖盘
09:43:42,35.61,0.01,59,210099,中性盘
09:43:45,35.63,0.02,394,1402907,买盘
09:43:49,35.63,0.0,66,235146,买盘
09:43:51,35.62,-0.01,119,423868,卖盘
09:43:54,35.62,0.0,199,709019,卖盘
09:43:57,35.62,0.0,56,199464,卖盘
09:44:01,35.63,0.01,27,96178,买盘
09:44:03,35.63,0.0,45,160322,买盘
09:44:06,35.62,-0.01,88,313519,中性盘
09:44:09,35.63,0.01,44,156743,买盘
09:44:13,35.63,0.0,37,131857,卖盘
09:44:15,35.63,0.0,306,1090620,卖盘
09:44:19,35.63,0.0,12,42756,买盘
09:44:21,35.62,-0.01,75,267222,卖盘
09:44:24,35.63,0.01,143,509484,买盘
09:44:28,35.64,0.01,19,67716,买盘
09:44:30,35.66,0.02,28,99826,买盘
09:44:33,35.65,-0.01,97,345898,卖盘
09:44:37,35.66,0.01,58,206805,买盘
09:44:39,35.66,0.0,244,870091,买盘
09:44:43,35.68,0.02,267,952396,买盘
09:44:45,35.64,-0.04,439,1564894,卖盘
09:44:48,35.64,0.0,279,994552,卖盘
09:44:51,35.65,0.01,20,71296,买盘
09:44:54,35.7,0.05,1281,4568079,买盘
09:44:58,35.66,-0.04,37,131928,中性盘
09:45:00,35.7,0.04,32,114217,买盘
09:45:03,35.7,0.0,307,1096058,买盘
09:45:07,35.7,0.0,210,749879,卖盘
09:45:09,35.71,0.01,494,1764010,买盘
09:45:12,35.7,-0.01,524,1870200,卖盘
09:45:15,35.7,0.0,278,992603,买盘
09:45:19,35.7,0.0,20,71400,买盘
09:45:21,35.7,0.0,41,146370,买盘
09:45:25,35.7,0.0,20,71390,买盘
09:45:27,35.68,-0.02,80,285492,卖盘
09:45:31,35.68,0.0,348,1241925,卖盘
09:45:33,35.66,-0.02,92,328168,卖盘
09:45:36,35.68,0.02,86,306847,买盘
09:45:39,35.66,-0.02,9,32101,卖盘
09:45:42,35.66,0.0,130,463737,卖盘
09:45:46,35.67,0.01,288,1027117,买盘
09:45:49,35.66,-0.01,72,256779,中性盘
09:45:52,35.67,0.01,137,488636,买盘
09:45:54,35.66,-0.01,46,164026,中性盘
09:45:58,35.67,0.01,26,92729,买盘
09:46:00,35.66,-0.01,130,463583,卖盘
09:46:03,35.66,0.0,193,688105,买盘
09:46:05,35.66,0.0,28,99848,买盘
09:46:10,35.66,0.0,116,413651,买盘
09:46:12,35.66,0.0,82,292371,买盘
09:46:16,35.66,0.0,72,256757,买盘
09:46:18,35.66,0.0,46,164033,卖盘
09:46:21,35.66,0.0,29,103409,买盘
09:46:24,35.65,-0.01,6,21395,卖盘
09:46:27,35.65,0.0,142,506241,卖盘
09:46:31,35.65,0.0,100,356500,卖盘
09:46:33,35.65,0.0,67,238711,卖盘
09:46:36,35.64,-0.01,3,10693,卖盘
09:46:40,35.65,0.01,231,823457,买盘
09:46:43,35.64,-0.01,68,242382,卖盘
09:46:45,35.64,0.0,3,10692,买盘
09:46:48,35.64,0.0,6,21384,买盘
09:46:51,35.63,-0.01,191,680448,卖盘
09:46:54,35.63,0.0,56,199582,中性盘
09:46:57,35.64,0.01,19,67698,买盘
09:47:01,35.64,0.0,141,502524,买盘
09:47:03,35.63,-0.01,36,128279,卖盘
09:47:06,35.64,0.01,193,687580,买盘
09:47:10,35.63,-0.01,101,359930,中性盘
09:47:13,35.64,0.01,90,320760,买盘
09:47:15,35.65,0.01,154,548942,买盘
09:47:19,35.65,0.0,498,1775204,买盘
09:47:21,35.65,0.0,374,1333482,买盘
09:47:24,35.66,0.01,179,638309,买盘
09:47:27,35.67,0.01,79,281734,买盘
09:47:30,35.66,-0.01,732,2610569,卖盘
09:47:33,35.66,0.0,92,328072,买盘
09:47:36,35.66,0.0,250,891551,买盘
09:47:39,35.66,0.0,414,1476345,卖盘
09:47:42,35.68,0.02,116,412906,买盘
09:47:45,35.68,0.0,11,39247,买盘
09:47:48,35.67,-0.01,50,178360,中性盘
09:47:55,35.68,0.01,35,124844,买盘
09:47:57,35.69,0.01,9,32121,买盘
09:48:00,35.69,0.0,20,71381,卖盘
09:48:03,35.7,0.01,35,124931,买盘
09:48:06,35.7,0.0,158,564018,买盘
09:48:09,35.69,-0.01,61,217737,卖盘
09:48:12,35.7,0.01,69,246303,买盘
09:48:16,35.7,0.0,247,881863,买盘
09:48:19,35.7,0.0,10,35701,卖盘
09:48:21,35.71,0.01,114,407025,买盘
09:48:24,35.71,0.0,72,257083,买盘
09:48:27,35.7,-0.01,197,703351,卖盘
09:48:30,35.7,0.0,60,214220,卖盘
09:48:33,35.71,0.01,228,814141,买盘
09:48:36,35.7,-0.01,12,42845,卖盘
09:48:40,35.71,0.01,226,807049,买盘
09:48:42,35.7,-0.01,780,2784881,卖盘
09:48:45,35.71,0.01,153,546475,中性盘
09:48:49,35.71,0.0,46,164260,买盘
09:48:52,35.71,0.0,362,1292477,买盘
09:48:54,35.7,-0.01,108,385640,卖盘
09:48:57,35.72,0.02,76,271446,买盘
09:49:00,35.71,-0.01,175,624992,卖盘
09:49:04,35.73,0.02,107,382202,买盘
09:49:06,35.73,0.0,64,228659,买盘
09:49:10,35.73,0.0,48,171488,买盘
09:49:13,35.72,-0.01,232,828855,卖盘
09:49:15,35.74,0.02,17,60743,买盘
09:49:19,35.73,-0.01,24,85773,卖盘
09:49:21,35.74,0.01,139,496773,买盘
09:49:24,35.73,-0.01,339,1211575,卖盘
09:49:27,35.74,0.01,38,135805,买盘
09:49:30,35.74,0.0,97,346677,卖盘
09:49:34,35.74,0.0,442,1580036,卖盘
09:49:36,35.75,0.01,70,250230,买盘
09:49:39,35.75,0.0,260,929258,买盘
09:49:42,35.74,-0.01,27,96513,卖盘
09:49:45,35.74,0.0,152,543303,买盘
09:49:48,35.73,-0.01,42,150125,卖盘
09:49:51,35.74,0.01,209,747040,卖盘
09:49:55,35.75,0.01,191,682683,买盘
09:49:57,35.75,0.0,142,507561,买盘
09:50:01,35.75,0.0,53,189463,买盘
09:50:03,35.73,-0.02,168,600496,卖盘
09:50:07,35.73,0.0,32,114364,卖盘
09:50:09,35.73,0.0,20,71460,卖盘
09:50:13,35.73,0.0,78,278716,卖盘
09:50:15,35.73,0.0,253,904187,卖盘
09:50:18,35.72,-0.01,289,1032378,卖盘
09:50:22,35.72,0.0,358,1278573,买盘
09:50:24,35.72,0.0,174,621523,买盘
09:50:27,35.72,0.0,145,517881,买盘
09:50:30,35.71,-0.01,105,374987,卖盘
09:50:33,35.72,0.01,148,528524,中性盘
09:50:36,35.7,-0.02,181,646430,卖盘
09:50:40,35.72,0.02,230,821879,买盘
09:50:43,35.72,0.0,46,164306,卖盘
09:50:45,35.72,0.0,33,117874,卖盘
09:50:48,35.71,-0.01,13,46426,卖盘
09:50:51,35.72,0.01,32,114316,买盘
09:50:54,35.72,0.0,43,153583,买盘
09:50:58,35.72,0.0,69,246467,买盘
09:51:00,35.72,0.0,43,153612,买盘
09:51:04,35.72,0.0,98,350023,买盘
09:51:06,35.71,-0.01,2,7142,中性盘
09:51:10,35.7,-0.01,83,296359,卖盘
09:51:12,35.72,0.02,101,360680,买盘
09:51:16,35.72,0.0,639,2282003,买盘
09:51:18,35.69,-0.03,385,1374485,卖盘
09:51:22,35.7,0.01,253,903188,买盘
09:51:25,35.7,0.0,21,74970,买盘
09:51:27,35.7,0.0,22,78540,买盘
09:51:30,35.69,-0.01,24,85676,卖盘
09:51:33,35.7,0.01,202,721137,买盘
09:51:37,35.73,0.03,966,3450517,买盘
09:51:40,35.73,0.0,106,378711,买盘
09:51:42,35.74,0.01,118,421646,买盘
09:51:45,35.72,-0.02,42,150027,卖盘
09:51:48,35.73,0.01,34,121460,中性盘
09:51:51,35.73,0.0,228,814869,卖盘
09:51:54,35.74,0.01,147,525372,买盘
09:51:57,35.74,0.0,184,657572,买盘
09:52:01,35.74,0.0,41,146500,买盘
09:52:03,35.73,-0.01,97,346651,卖盘
09:52:06,35.74,0.01,224,800361,中性盘
09:52:09,35.74,0.0,19,67905,买盘
09:52:12,35.74,0.0,56,200168,买盘
09:52:15,35.74,0.0,147,525377,买盘
09:52:18,35.74,0.0,101,360946,买盘
09:52:21,35.74,0.0,96,343033,买盘
09:52:25,35.74,0.0,84,300168,买盘
09:52:27,35.73,-0.01,64,228750,卖盘
09:52:31,35.74,0.01,157,561005,买盘
09:52:33,35.74,0.0,55,196540,买盘
09:52:36,35.73,-0.01,69,246567,卖盘
09:52:40,35.74,0.01,115,410836,买盘
09:52:42,35.73,-0.01,46,164382,中性盘
09:52:45,35.72,-0.01,154,550178,卖盘
09:52:48,35.74,0.02,101,360912,买盘
09:52:51,35.72,-0.02,179,639429,卖盘
09:52:54,35.73,0.01,48,171503,买盘
09:52:57,35.72,-0.01,336,1200197,卖盘
09:53:01,35.74,0.02,212,757352,买盘
09:53:03,35.7,-0.04,186,664453,卖盘
09:53:07,35.73,0.03,6,21438,买盘
09:53:09,35.72,-0.01,22,78584,买盘
09:53:12,35.72,0.0,140,499885,买盘
09:53:16,35.7,-0.02,10,35700,卖盘
09:53:19,35.7,0.0,72,257062,卖盘
09:53:22,35.7,0.0,38,135727,卖盘
09:53:24,35.71,0.01,63,224925,中性盘
09:53:27,35.7,-0.01,94,335637,卖盘
09:53:31,35.68,-0.02,254,906507,卖盘
09:53:34,35.7,0.02,187,667265,买盘
09:53:37,35.68,-0.02,268,956078,卖盘
09:53:40,35.68,0.0,53,189107,卖盘
09:53:42,35.68,0.0,12,42816,买盘
09:53:46,35.69,0.01,142,506591,买盘
09:53:49,35.68,-0.01,43,153458,买盘
09:53:51,35.66,-0.02,62,221105,卖盘
09:53:54,35.67,0.01,48,171182,买盘
09:53:57,35.68,0.01,349,1244599,买盘
09:54:00,35.67,-0.01,262,934642,中性盘
09:54:03,35.67,0.0,885,3156776,卖盘
09:54:07,35.68,0.01,6,21408,买盘
09:54:10,35.66,-0.02,488,1740056,卖盘
09:54:13,35.65,-0.01,207,738015,卖盘
09:54:16,35.67,0.02,151,538442,买盘
09:54:19,35.68,0.01,179,638461,买盘
09:54:21,35.67,-0.01,93,331823,中性盘
09:54:24,35.68,0.01,222,791530,买盘
09:54:27,35.68,0.0,205,730802,买盘
09:54:30,35.69,0.01,92,328186,买盘
09:54:34,35.69,0.0,120,428148,买盘
09:54:37,35.7,0.01,143,510445,买盘
09:54:40,35.7,0.0,250,892270,买盘
09:54:43,35.68,-0.02,31,110666,卖盘
09:54:46,35.68,0.0,132,471022,卖盘
09:54:49,35.69,0.01,231,824377,中性盘
09:54:51,35.69,0.0,61,217709,卖盘
09:54:55,35.69,0.0,94,335407,买盘
09:54:57,35.68,-0.01,52,185580,卖盘
09:55:01,35.7,0.02,307,1095433,买盘
09:55:03,35.68,-0.02,252,898769,卖盘
09:55:06,35.7,0.02,76,271298,买盘
09:55:10,35.7,0.0,273,973865,买盘
09:55:13,35.7,0.0,203,724560,买盘
09:55:15,35.7,0.0,203,724594,买盘
09:55:19,35.69,-0.01,224,799379,中性盘
09:55:21,35.69,0.0,78,278378,买盘
09:55:24,35.7,0.01,283,1009889,买盘
09:55:28,35.69,-0.01,174,621140,中性盘
09:55:30,35.7,0.01,88,314150,买盘
09:55:33,35.69,-0.01,128,456892,卖盘
09:55:37,35.69,0.0,90,321207,买盘
09:55:39,35.67,-0.02,65,231892,卖盘
09:55:43,35.68,0.01,34,121320,买盘
09:55:46,35.69,0.01,77,274760,买盘
09:55:49,35.68,-0.01,63,224817,卖盘
09:55:52,35.69,0.01,16,57100,中性盘
09:55:55,35.7,0.01,107,381902,买盘
09:55:57,35.7,0.0,371,1326662,买盘
09:56:00,35.69,-0.01,31,110621,卖盘
09:56:03,35.68,-0.01,143,510562,卖盘
09:56:06,35.69,0.01,5,17845,买盘
09:56:10,35.68,-0.01,62,221333,卖盘
09:56:13,35.72,0.04,34,121432,买盘
09:56:16,35.7,-0.02,32,114239,卖盘
09:56:19,35.7,0.0,80,285604,买盘
09:56:21,35.72,0.02,1,3572,买盘
09:56:24,35.7,-0.02,124,442716,卖盘
09:56:27,35.7,0.0,8,28560,买盘
09:56:30,35.7,0.0,39,139196,买盘
09:56:34,35.7,0.0,329,1175207,卖盘
09:56:37,35.7,0.0,19,67832,卖盘
09:56:40,35.7,0.0,184,656904,卖盘
09:56:43,35.68,-0.02,400,1425144,卖盘
09:56:46,35.69,0.01,134,478355,买盘
09:56:49,35.7,0.01,16,57119,买盘
09:56:51,35.68,-0.02,245,874301,卖盘
09:56:54,35.7,0.02,13,46404,买盘
09:56:58,35.69,-0.01,22,78523,卖盘
09:57:00,35.7,0.01,95,339009,买盘
09:57:04,35.68,-0.02,35,124928,卖盘
09:57:06,35.69,0.01,154,549729,买盘
09:57:10,35.69,0.0,104,371116,卖盘
09:57:13,35.68,-0.01,65,231984,卖盘
09:57:16,35.68,0.0,208,742232,卖盘
09:57:19,35.68,0.0,190,677920,卖盘
09:57:21,35.68,0.0,194,692155,买盘
09:57:25,35.67,-0.01,291,1037763,卖盘
09:57:27,35.65,-0.02,429,1530126,卖盘
09:57:30,35.65,0.0,174,620349,卖盘
09:57:34,35.67,0.02,217,773665,买盘
09:57:36,35.64,-0.03,257,916045,卖盘
09:57:40,35.63,-0.01,199,709268,买盘
09:57:43,35.63,0.0,8,28507,卖盘
09:57:46,35.63,0.0,100,356315,卖盘
09:57:49,35.65,0.02,117,416872,买盘
09:57:51,35.64,-0.01,45,160345,买盘
09:57:55,35.6,-0.04,596,2122577,卖盘
09:57:58,35.62,0.02,367,1306655,卖盘
09:58:01,35.63,0.01,323,1150055,买盘
09:58:04,35.62,-0.01,113,402533,卖盘
09:58:07,35.62,0.0,85,302653,买盘
09:58:10,35.61,-0.01,121,430788,卖盘
09:58:13,35.61,0.0,152,541315,卖盘
09:58:16,35.61,0.0,47,167380,卖盘
09:58:19,35.62,0.01,120,427404,买盘
09:58:21,35.6,-0.02,127,452202,卖盘
09:58:25,35.62,0.02,40,142412,买盘
09:58:27,35.62,0.0,41,146011,买盘
09:58:31,35.6,-0.02,51,181552,卖盘
09:58:33,35.63,0.03,84,299059,买盘
09:58:36,35.62,-0.01,19,67678,卖盘
09:58:40,35.6,-0.02,232,826476,卖盘
09:58:42,35.62,0.02,54,192369,买盘
09:58:45,35.6,-0.02,75,267160,卖盘
09:58:49,35.61,0.01,226,804633,买盘
09:58:51,35.61,0.0,143,509247,买盘
09:58:55,35.61,0.0,123,438009,卖盘
09:58:58,35.61,0.0,14,49861,卖盘
09:59:01,35.61,0.0,50,178050,卖盘
09:59:04,35.61,0.0,85,302700,卖盘
09:59:07,35.61,0.0,8,28488,卖盘
09:59:10,35.61,0.0,95,338299,卖盘
09:59:13,35.63,0.02,189,673312,买盘
09:59:16,35.63,0.0,115,409745,卖盘
09:59:19,35.63,0.0,44,156772,卖盘
09:59:21,35.63,0.0,119,424056,卖盘
09:59:24,35.63,0.0,194,691056,买盘
09:59:27,35.62,-0.01,10,35620,中性盘
09:59:31,35.61,-0.01,173,616111,卖盘
09:59:33,35.63,0.02,73,260091,买盘
09:59:37,35.65,0.02,500,1782107,买盘
09:59:40,35.65,0.0,161,573750,买盘
09:59:43,35.64,-0.01,34,121203,卖盘
09:59:46,35.64,0.0,196,698198,卖盘
09:59:49,35.64,0.0,95,338483,买盘
09:59:52,35.66,0.02,71,253060,买盘
09:59:55,35.63,-0.03,44,156816,卖盘
09:59:57,35.65,0.02,17,60587,中性盘
10:00:01,35.63,-0.02,94,334911,中性盘
10:00:04,35.65,0.02,50,178158,买盘
10:00:07,35.64,-0.01,41,146102,中性盘
10:00:10,35.64,0.0,15,53461,卖盘
10:00:13,35.65,0.01,120,427779,买盘
10:00:16,35.64,-0.01,8,28511,卖盘
10:00:19,35.64,0.0,22,78405,买盘
10:00:21,35.62,-0.02,49,174584,卖盘
10:00:25,35.64,0.02,23,81960,买盘
10:00:28,35.64,0.0,41,146116,买盘
10:00:30,35.64,0.0,36,128304,中性盘
10:00:34,35.62,-0.02,135,480996,卖盘
10:00:37,35.62,0.0,89,317095,卖盘
10:00:40,35.63,0.01,107,381348,中性盘
10:00:43,35.62,-0.01,33,117546,卖盘
10:00:46,35.64,0.02,112,399081,买盘
10:00:49,35.63,-0.01,267,951066,中性盘
10:00:51,35.62,-0.01,150,534338,卖盘
10:00:55,35.62,0.0,69,245784,卖盘
10:00:57,35.62,0.0,102,363319,卖盘
10:01:01,35.63,0.01,280,997193,买盘
10:01:04,35.62,-0.01,50,178124,卖盘
10:01:07,35.62,0.0,115,409551,卖盘
10:01:10,35.62,0.0,16,56992,买盘
10:01:13,35.63,0.01,59,210189,买盘
10:01:16,35.61,-0.02,209,744532,卖盘
10:01:19,35.61,0.0,78,277804,卖盘
10:01:22,35.6,-0.01,201,715677,卖盘
10:01:25,35.63,0.03,213,758415,买盘
10:01:28,35.61,-0.02,29,103269,买盘
10:01:31,35.6,-0.01,188,669346,卖盘
10:01:34,35.63,0.03,58,206606,买盘
10:01:37,35.6,-0.03,216,768995,卖盘
10:01:40,35.61,0.01,71,252785,中性盘
10:01:43,35.6,-0.01,83,295487,卖盘
10:01:46,35.61,0.01,93,331082,买盘
10:01:49,35.61,0.0,86,306306,买盘
10:01:52,35.6,-0.01,110,391700,卖盘
10:01:55,35.61,0.01,12,42725,中性盘
10:01:58,35.6,-0.01,95,338170,卖盘
10:02:01,35.62,0.02,68,242154,买盘
10:02:04,35.6,-0.02,13,46280,卖盘
10:02:07,35.6,0.0,94,334640,卖盘
10:02:10,35.61,0.01,78,277714,买盘
10:02:13,35.61,0.0,143,509227,买盘
10:02:16,35.6,-0.01,356,1267372,卖盘
10:02:19,35.6,0.0,66,234954,买盘
10:02:22,35.59,-0.01,159,565965,卖盘
10:02:25,35.59,0.0,36,128151,卖盘
10:02:28,35.6,0.01,26,92548,中性盘
10:02:31,35.6,0.0,1043,3711133,买盘
10:02:34,35.6,0.0,184,654969,买盘
10:02:37,35.59,-0.01,338,1202440,卖盘
10:02:40,35.58,-0.01,11,39156,卖盘
10:02:43,35.57,-0.01,86,305984,卖盘
10:02:46,35.6,0.03,63,224352,买盘
10:02:49,35.58,-0.02,6,21349,卖盘
10:02:52,35.59,0.01,138,491206,卖盘
10:02:55,35.59,0.0,31,110312,买盘
10:02:58,35.59,0.0,81,288211,卖盘
10:03:01,35.58,-0.01,82,291779,卖盘
10:03:04,35.58,0.0,121,430517,买盘
10:03:07,35.57,-0.01,171,608340,卖盘
10:03:10,35.58,0.01,185,658107,买盘
10:03:13,35.59,0.01,169,601370,买盘
10:03:16,35.57,-0.02,170,604747,卖盘
10:03:19,35.58,0.01,68,241933,买盘
10:03:22,35.58,0.0,107,380553,买盘
10:03:25,35.58,0.0,25,88933,买盘
10:03:28,35.57,-0.01,55,195637,卖盘
10:03:31,35.58,0.01,20,71160,卖盘
10:03:34,35.58,0.0,34,120960,卖盘
10:03:37,35.58,0.0,24,85380,买盘
10:03:40,35.57,-0.01,23,81814,卖盘
10:03:43,35.58,0.01,154,547906,买盘
10:03:46,35.58,0.0,98,348638,买盘
10:03:49,35.57,-0.01,43,152962,卖盘
10:03:52,35.57,0.0,121,430407,卖盘
10:03:55,35.58,0.01,153,544286,买盘
10:03:58,35.57,-0.01,83,295262,卖盘
10:04:01,35.57,0.0,56,199192,卖盘
10:04:04,35.57,0.0,314,1116761,卖盘
10:04:07,35.57,0.0,126,448230,卖盘
10:04:10,35.58,0.01,146,519458,买盘
10:04:13,35.58,0.0,152,540727,卖盘
10:04:16,35.59,0.01,577,2053895,买盘
10:04:19,35.58,-0.01,55,195669,卖盘
10:04:22,35.57,-0.01,219,779115,卖盘
10:04:25,35.58,0.01,99,352213,买盘
10:04:28,35.58,0.0,17,60500,卖盘
10:04:31,35.58,0.0,121,430552,卖盘
10:04:34,35.59,0.01,57,202865,中性盘
10:04:37,35.6,0.01,82,291892,买盘
10:04:40,35.6,0.0,42,149473,买盘
10:04:43,35.59,-0.01,56,199307,卖盘
10:04:46,35.6,0.01,64,227783,买盘
10:04:49,35.59,-0.01,1022,3638126,中性盘
10:04:52,35.6,0.01,132,469773,买盘
10:04:55,35.6,0.0,46,163748,买盘
10:04:58,35.6,0.0,364,1295412,买盘
10:05:01,35.59,-0.01,460,1637298,卖盘
10:05:04,35.6,0.01,84,298970,中性盘
10:05:07,35.59,-0.01,215,765290,卖盘
10:05:10,35.6,0.01,102,363112,买盘
10:05:13,35.6,0.0,198,704821,买盘
10:05:16,35.61,0.01,51,181603,买盘
10:05:19,35.6,-0.01,47,167346,卖盘
10:05:22,35.6,0.0,113,402292,卖盘
10:05:25,35.59,-0.01,55,195788,卖盘
10:05:28,35.59,0.0,364,1295124,买盘
10:05:31,35.58,-0.01,130,462445,中性盘
10:05:34,35.6,0.02,68,242035,买盘
10:05:37,35.59,-0.01,177,629758,卖盘
10:05:40,35.57,-0.02,56,199303,卖盘
10:05:43,35.6,0.03,55,195762,买盘
10:05:46,35.59,-0.01,4,14236,卖盘
10:05:49,35.59,0.0,35,124540,买盘
10:05:52,35.58,-0.01,62,220620,卖盘
10:05:55,35.58,0.0,70,249123,买盘
10:05:58,35.58,0.0,90,320299,卖盘
10:06:01,35.6,0.02,95,338079,买盘
10:06:04,35.6,0.0,103,366622,买盘
10:06:07,35.59,-0.01,68,242066,卖盘
10:06:10,35.59,0.0,19,67634,卖盘
10:06:13,35.61,0.02,123,437849,买盘
10:06:16,35.6,-0.01,23,81880,买盘
10:06:19,35.6,0.0,34,121035,卖盘
10:06:22,35.61,0.01,24,85448,买盘
10:06:25,35.61,0.0,9,32049,买盘
10:06:28,35.6,-0.01,61,217160,卖盘
10:06:31,35.64,0.04,796,2835772,买盘
10:06:34,35.6,-0.04,137,487708,卖盘
10:06:37,35.63,0.03,264,940578,买盘
10:06:40,35.63,0.0,170,605710,卖盘
10:06:43,35.62,-0.01,40,142519,卖盘
10:06:46,35.63,0.01,15,53435,买盘
10:06:49,35.64,0.01,201,716168,买盘
10:06:52,35.64,0.0,30,106920,卖盘
10:06:55,35.62,-0.02,251,894304,卖盘
10:06:58,35.63,0.01,102,363527,中性盘
10:07:01,35.62,-0.01,27,96892,买盘
10:07:05,35.62,0.0,83,295646,卖盘
10:07:07,35.64,0.02,46,163931,买盘
10:07:10,35.64,0.0,91,324324,卖盘
10:07:13,35.64,0.0,105,374295,中性盘
10:07:16,35.62,-0.02,64,227971,卖盘
10:07:19,35.62,0.0,34,121097,买盘
10:07:22,35.6,-0.02,218,776281,卖盘
10:07:25,35.61,0.01,382,1360002,中性盘
10:07:28,35.6,-0.01,168,598040,卖盘
10:07:31,35.59,-0.01,159,566036,卖盘
10:07:34,35.6,0.01,186,662025,买盘
10:07:37,35.6,0.0,146,519801,买盘
10:07:43,35.61,0.01,292,1039717,买盘
10:07:46,35.61,0.0,3,10683,买盘
10:07:49,35.61,0.0,82,291942,买盘
10:07:52,35.6,-0.01,23,81880,卖盘
10:07:55,35.6,0.0,18,64080,买盘
10:07:58,35.59,-0.01,298,1060792,卖盘
10:08:02,35.6,0.01,2,7120,买盘
10:08:04,35.58,-0.02,172,612102,卖盘
10:08:07,35.59,0.01,38,135253,买盘
10:08:10,35.59,0.0,126,448535,卖盘
10:08:13,35.6,0.01,266,947034,买盘
10:08:16,35.61,0.01,55,195815,买盘
10:08:19,35.6,-0.01,86,306101,卖盘
10:08:22,35.6,0.0,278,989680,买盘
10:08:25,35.6,0.0,1,3560,卖盘
10:08:28,35.61,0.01,184,655041,买盘
10:08:31,35.6,-0.01,194,690641,卖盘
10:08:34,35.6,0.0,47,167320,卖盘
10:08:37,35.6,0.0,6,21360,卖盘
10:08:40,35.61,0.01,58,206494,买盘
10:08:43,35.61,0.0,1,3561,买盘
10:08:46,35.6,-0.01,117,416587,卖盘
10:08:49,35.6,0.0,574,2043448,卖盘
10:08:52,35.61,0.01,25,89003,买盘
10:08:55,35.61,0.0,143,509159,卖盘
10:08:58,35.6,-0.01,128,455707,卖盘
10:09:01,35.61,0.01,36,128192,买盘
10:09:04,35.6,-0.01,37,131720,卖盘
10:09:07,35.6,0.0,114,405849,卖盘
10:09:10,35.61,0.01,193,687280,买盘
10:09:13,35.61,0.0,39,138879,卖盘
10:09:16,35.61,0.0,150,534150,卖盘
10:09:19,35.6,-0.01,741,2638211,卖盘
10:09:22,35.6,0.0,23,81879,买盘
10:09:25,35.6,0.0,14,49840,买盘
10:09:28,35.6,0.0,46,163750,买盘
10:09:31,35.59,-0.01,282,1003673,卖盘
10:09:34,35.6,0.01,8,28478,买盘
10:09:37,35.59,-0.01,187,665617,卖盘
10:09:40,35.59,0.0,119,423540,卖盘
10:09:43,35.59,0.0,74,263337,买盘
10:09:46,35.6,0.01,544,1936410,买盘
10:09:49,35.58,-0.02,44,156575,卖盘
10:09:52,35.58,0.0,53,188652,卖盘
10:09:55,35.59,0.01,123,437670,卖盘
10:09:58,35.59,0.0,23,81854,买盘
10:10:01,35.58,-0.01,332,1181259,卖盘
10:10:04,35.6,0.02,167,594378,买盘
10:10:08,35.6,0.0,469,1669224,买盘
10:10:10,35.59,-0.01,3,10677,卖盘
10:10:13,35.59,0.0,4,14236,买盘
10:10:16,35.58,-0.01,110,391386,卖盘
10:10:19,35.6,0.02,145,516025,买盘
10:10:22,35.6,0.0,88,313245,买盘
10:10:25,35.59,-0.01,66,234894,卖盘
10:10:28,35.6,0.01,80,284749,买盘
10:10:31,35.59,-0.01,20,71191,卖盘
10:10:34,35.59,0.0,359,1277686,卖盘
10:10:37,35.59,0.0,164,583785,卖盘
10:10:40,35.59,0.0,36,128125,买盘
10:10:43,35.6,0.01,174,619179,买盘
10:10:49,35.6,0.0,30,106800,卖盘
10:10:52,35.6,0.0,4,14240,卖盘
10:10:55,35.6,0.0,68,242020,买盘
10:10:58,35.59,-0.01,46,163735,卖盘
10:11:01,35.61,0.02,741,2638556,买盘
10:11:04,35.61,0.0,100,356100,卖盘
10:11:07,35.6,-0.01,417,1484732,卖盘
10:11:10,35.61,0.01,6,21366,买盘
10:11:13,35.6,-0.01,40,142434,卖盘
10:11:16,35.61,0.01,73,259898,买盘
10:11:19,35.6,-0.01,76,270604,卖盘
10:11:22,35.61,0.01,217,772626,中性盘
10:11:25,35.62,0.01,11,39175,买盘
10:11:28,35.62,0.0,188,669645,买盘
10:11:31,35.62,0.0,186,662470,买盘
10:11:34,35.61,-0.01,77,274202,卖盘
10:11:37,35.62,0.01,262,933087,买盘
10:11:40,35.61,-0.01,373,1327981,卖盘
10:11:43,35.61,0.0,50,178070,买盘
10:11:46,35.6,-0.01,842,2999311,卖盘
10:11:49,35.62,0.02,15,53422,买盘
10:11:52,35.6,-0.02,151,537538,卖盘
10:11:55,35.6,0.0,64,227841,买盘
10:11:58,35.6,0.0,9,32046,卖盘
10:12:01,35.6,0.0,15,53407,卖盘
10:12:04,35.6,0.0,173,615924,卖盘
10:12:07,35.6,0.0,97,345337,卖盘
10:12:10,35.62,0.02,4,14242,买盘
10:12:13,35.61,-0.01,400,1424130,卖盘
10:12:16,35.6,-0.01,103,366715,卖盘
10:12:19,35.62,0.02,13,46296,买盘
10:12:22,35.62,0.0,3,10685,买盘
10:12:25,35.62,0.0,373,1328084,买盘
10:12:28,35.61,-0.01,6,21366,卖盘
10:12:31,35.61,0.0,1,3561,卖盘
10:12:34,35.61,0.0,68,242111,卖盘
10:12:37,35.61,0.0,28,99711,买盘
10:12:40,35.61,0.0,150,534384,卖盘
10:12:43,35.61,0.0,53,188750,卖盘
10:12:46,35.61,0.0,175,623095,卖盘
10:12:49,35.62,0.01,7,24932,中性盘
10:12:52,35.62,0.0,276,983344,买盘
10:12:55,35.61,-0.01,68,242264,卖盘
10:12:58,35.62,0.01,129,459425,中性盘
10:13:01,35.62,0.0,7,24934,卖盘
10:13:04,35.62,0.0,15,53430,卖盘
10:13:07,35.62,0.0,41,146041,卖盘
10:13:10,35.61,-0.01,91,324209,卖盘
10:13:13,35.61,0.0,153,544947,卖盘
10:13:16,35.62,0.01,86,306313,买盘
10:13:19,35.61,-0.01,48,170972,卖盘
10:13:22,35.61,0.0,153,544923,卖盘
10:13:25,35.62,0.01,248,883197,买盘
10:13:28,35.62,0.0,9,32058,卖盘
10:13:31,35.62,0.0,14,49868,卖盘
10:13:34,35.62,0.0,112,398944,卖盘
10:13:37,35.63,0.01,11,39188,买盘
10:13:40,35.62,-0.01,62,220864,卖盘
10:13:43,35.61,-0.01,272,968874,卖盘
10:13:46,35.62,0.01,26,92612,买盘
10:13:49,35.62,0.0,142,505715,买盘
10:13:52,35.61,-0.01,41,146018,卖盘
10:13:55,35.61,0.0,25,89042,卖盘
10:13:58,35.61,0.0,47,167370,卖盘
10:14:01,35.62,0.01,36,128224,买盘
10:14:04,35.61,-0.01,35,124645,卖盘
10:14:07,35.61,0.0,114,405964,卖盘
10:14:10,35.61,0.0,40,142454,卖盘
10:14:13,35.61,0.0,44,156677,买盘
10:14:16,35.61,0.0,28,99705,买盘
10:14:19,35.6,-0.01,10,35604,卖盘
10:14:22,35.61,0.01,121,430881,买盘
10:14:25,35.62,0.01,10,35620,买盘
10:14:28,35.61,-0.01,178,633883,卖盘
10:14:31,35.61,0.0,130,463030,卖盘
10:14:34,35.62,0.01,11,39182,买盘
10:14:37,35.61,-0.01,154,548461,卖盘
10:14:40,35.61,0.0,84,299162,买盘
10:14:43,35.6,-0.01,870,3097206,卖盘
10:14:46,35.6,0.0,136,484160,买盘
10:14:49,35.6,0.0,59,210056,买盘
10:14:52,35.6,0.0,326,1160646,买盘
10:14:55,35.61,0.01,9,32049,中性盘
10:14:58,35.6,-0.01,19,67656,卖盘
10:15:01,35.6,0.0,31,110360,卖盘
10:15:04,35.61,0.01,30,106805,买盘
10:15:07,35.61,0.0,129,459298,买盘
10:15:10,35.61,0.0,35,124626,买盘
10:15:13,35.61,0.0,194,690648,买盘
10:15:16,35.61,0.0,58,206495,买盘
10:15:19,35.6,-0.01,30,106802,买盘
10:15:22,35.6,0.0,153,544571,买盘
10:15:25,35.6,0.0,28,99682,卖盘
10:15:28,35.61,0.01,94,334680,买盘
10:15:31,35.6,-0.01,90,320400,卖盘
10:15:37,35.6,0.0,238,847280,卖盘
10:15:40,35.6,0.0,7,24920,买盘
10:15:43,35.59,-0.01,23,81876,卖盘
10:15:46,35.59,0.0,51,181521,卖盘
10:15:49,35.6,0.01,48,170879,买盘
10:15:52,35.6,0.0,89,316816,买盘
10:15:55,35.59,-0.01,59,210014,卖盘
10:15:58,35.59,0.0,113,402267,卖盘
10:16:01,35.6,0.01,44,156606,买盘
10:16:04,35.61,0.01,709,2523629,买盘
10:16:07,35.6,-0.01,339,1207268,卖盘
10:16:13,35.59,-0.01,202,719079,卖盘
10:16:16,35.6,0.01,20,71200,买盘
10:16:19,35.6,0.0,7,24919,买盘
10:16:22,35.6,0.0,104,370158,买盘
10:16:25,35.6,0.0,2,7119,买盘
10:16:28,35.6,0.0,9,32040,买盘
10:16:31,35.59,-0.01,26,92546,卖盘
10:16:34,35.59,0.0,5,17796,卖盘
10:16:37,35.6,0.01,48,170864,买盘
10:16:40,35.6,0.0,138,491278,买盘
10:16:43,35.6,0.0,197,701320,卖盘
10:16:46,35.6,0.0,94,334640,卖盘
10:16:49,35.6,0.0,27,96144,卖盘
10:16:52,35.6,0.0,73,259883,卖盘
10:16:55,35.6,0.0,22,78321,卖盘
10:16:58,35.6,0.0,48,170881,卖盘
10:17:01,35.6,0.0,4,14240,卖盘
10:17:04,35.6,0.0,35,124612,卖盘
10:17:07,35.6,0.0,76,270537,卖盘
10:17:10,35.6,0.0,19,67640,买盘
10:17:13,35.6,0.0,52,185113,买盘
10:17:16,35.59,-0.01,53,188643,卖盘
10:17:19,35.6,0.01,116,412855,买盘
10:17:22,35.59,-0.01,51,181516,卖盘
10:17:25,35.6,0.01,97,345242,买盘
10:17:28,35.6,0.0,281,1000320,买盘
10:17:31,35.6,0.0,19,67640,卖盘
10:17:34,35.61,0.01,60,213651,买盘
10:17:37,35.6,-0.01,204,726246,卖盘
10:17:40,35.61,0.01,67,238580,买盘
10:17:43,35.6,-0.01,67,238520,卖盘
10:17:46,35.6,0.0,44,156670,卖盘
10:17:49,35.6,0.0,51,181579,卖盘
10:17:52,35.6,0.0,94,334702,卖盘
10:17:55,35.6,0.0,106,377360,卖盘
10:17:58,35.61,0.01,134,477120,买盘
10:18:01,35.6,-0.01,187,665786,卖盘
10:18:04,35.6,0.0,60,213600,买盘
10:18:07,35.6,0.0,149,530355,买盘
10:18:10,35.59,-0.01,57,202915,卖盘
10:18:13,35.6,0.01,136,484083,买盘
10:18:16,35.6,0.0,41,145957,买盘
10:18:19,35.59,-0.01,27,96106,卖盘
10:18:22,35.59,0.0,141,501828,卖盘
10:18:25,35.6,0.01,100,355924,买盘
10:18:28,35.6,0.0,175,622831,买盘
10:18:31,35.59,-0.01,57,202863,卖盘
10:18:34,35.59,0.0,15,53385,卖盘
10:18:37,35.59,0.0,67,238470,卖盘
10:18:40,35.6,0.01,22,78316,买盘
10:18:43,35.59,-0.01,10,35591,卖盘
10:18:46,35.6,0.01,48,170867,买盘
10:18:49,35.59,-0.01,276,982495,卖盘
10:18:52,35.59,0.0,221,786540,卖盘
10:18:55,35.6,0.01,35,124585,买盘
10:18:58,35.61,0.01,152,540918,买盘
10:19:01,35.6,-0.01,3,10680,卖盘
10:19:04,35.59,-0.01,37,131719,卖盘
10:19:07,35.6,0.01,10,35600,买盘
10:19:10,35.6,0.0,33,117474,买盘
10:19:13,35.59,-0.01,76,270486,卖盘
10:19:16,35.59,0.0,13,46267,买盘
10:19:19,35.59,0.0,463,1647418,买盘
10:19:22,35.58,-0.01,73,259753,卖盘
10:19:25,35.59,0.01,20,71174,买盘
10:19:28,35.59,0.0,162,576417,买盘
10:19:31,35.58,-0.01,28,99641,卖盘
10:19:34,35.59,0.01,70,249115,买盘
10:19:37,35.59,0.0,84,298903,买盘
10:19:40,35.59,0.0,86,307711,买盘
10:19:43,35.59,0.0,70,249139,卖盘
10:19:46,35.59,0.0,82,291877,卖盘
10:19:49,35.6,0.01,853,3035563,买盘
10:19:52,35.59,-0.01,34,121016,卖盘
10:19:55,35.59,0.0,15,53385,卖盘
10:19:58,35.59,0.0,690,2455955,卖盘
10:20:01,35.61,0.02,12,42730,买盘
10:20:04,35.59,-0.02,32,113922,卖盘
10:20:07,35.58,-0.01,117,416351,卖盘
10:20:10,35.6,0.02,9,32040,买盘
10:20:13,35.55,-0.05,1922,6835612,卖盘
10:20:16,35.6,0.05,41,145961,买盘
10:20:19,35.61,0.01,101,359653,买盘
10:20:22,35.54,-0.07,373,1326383,卖盘
10:20:25,35.55,0.01,55,195493,买盘
10:20:28,35.55,0.0,168,597116,买盘
10:20:31,35.58,0.03,22,78237,买盘
10:20:34,35.58,0.0,117,415993,买盘
10:20:37,35.59,0.01,52,184970,买盘
10:20:40,35.58,-0.01,7,24904,买盘
10:20:43,35.58,0.0,79,280999,卖盘
10:20:46,35.61,0.03,128,455771,买盘
10:20:49,35.56,-0.05,105,373842,卖盘
10:20:52,35.6,0.04,64,227721,买盘
10:20:55,35.6,0.0,60,213584,卖盘
10:20:58,35.6,0.0,146,519711,买盘
10:21:01,35.6,0.0,169,601740,买盘
10:21:04,35.6,0.0,63,224259,卖盘
10:21:07,35.58,-0.02,77,274012,卖盘
10:21:10,35.6,0.02,219,779008,买盘
10:21:13,35.58,-0.02,16,56948,中性盘
10:21:16,35.6,0.02,133,473137,买盘
10:21:19,35.57,-0.03,243,864449,卖盘
10:21:22,35.57,0.0,96,341472,买盘
10:21:25,35.56,-0.01,65,231202,卖盘
10:21:28,35.56,0.0,149,529884,卖盘
10:21:31,35.57,0.01,81,288148,买盘
10:21:34,35.57,0.0,33,117378,买盘
10:21:37,35.56,-0.01,63,224038,卖盘
10:21:40,35.56,0.0,29,103145,卖盘
10:21:43,35.57,0.01,48,170714,买盘
10:21:46,35.56,-0.01,65,231140,卖盘
10:21:49,35.57,0.01,68,241823,买盘
10:21:52,35.57,0.0,85,302312,买盘
10:21:55,35.57,0.0,58,206265,买盘
10:21:58,35.57,0.0,59,209872,卖盘
10:22:01,35.57,0.0,79,281112,卖盘
10:22:04,35.58,0.01,59,209920,中性盘
10:22:07,35.59,0.01,32,113830,买盘
10:22:10,35.59,0.0,148,526647,买盘
10:22:13,35.57,-0.02,63,224175,卖盘
10:22:16,35.57,0.0,30,106758,卖盘
10:22:19,35.59,0.02,54,192123,买盘
10:22:22,35.59,0.0,30,106738,买盘
10:22:25,35.59,0.0,27,96085,买盘
10:22:28,35.59,0.0,28,99629,买盘
10:22:31,35.59,0.0,7,24913,买盘
10:22:34,35.59,0.0,11,39143,买盘
10:22:37,35.58,-0.01,21,74726,卖盘
10:22:40,35.59,0.01,93,330987,买盘
10:22:43,35.6,0.01,653,2324610,买盘
10:22:46,35.59,-0.01,87,309599,卖盘
10:22:49,35.59,0.0,36,128101,卖盘
10:22:52,35.59,0.0,186,661806,卖盘
10:22:55,35.59,0.0,80,284778,卖盘
10:22:58,35.6,0.01,64,227811,买盘
10:23:01,35.59,-0.01,115,409290,卖盘
10:23:04,35.57,-0.02,131,466154,卖盘
10:23:07,35.59,0.02,47,167291,卖盘
10:23:10,35.6,0.01,20,71200,买盘
10:23:13,35.59,-0.01,109,387833,卖盘
10:23:16,35.59,0.0,20,71178,买盘
10:23:19,35.59,0.0,103,366446,买盘
10:23:22,35.59,0.0,62,220599,买盘
10:23:25,35.59,0.0,14,49826,买盘
10:23:28,35.58,-0.01,153,544367,中性盘
10:23:31,35.58,0.0,36,128116,卖盘
10:23:34,35.59,0.01,79,281104,买盘
10:23:37,35.57,-0.02,56,199218,卖盘
10:23:40,35.59,0.02,13,46266,买盘
10:23:43,35.59,0.0,106,377128,买盘
10:23:46,35.58,-0.01,41,145878,卖盘
10:23:49,35.57,-0.01,16,56912,中性盘
10:23:52,35.57,0.0,127,451714,买盘
10:23:55,35.57,0.0,70,248990,买盘
10:23:58,35.57,0.0,102,362842,卖盘
10:24:01,35.58,0.01,49,174320,买盘
10:24:04,35.58,0.0,20,71149,买盘
10:24:07,35.57,-0.01,275,978196,卖盘
10:24:10,35.57,0.0,62,220598,卖盘
10:24:13,35.58,0.01,187,665180,中性盘
10:24:16,35.58,0.0,27,96081,买盘
10:24:19,35.59,0.01,96,341529,买盘
10:24:22,35.58,-0.01,83,295289,卖盘
10:24:25,35.58,0.0,226,804321,买盘
10:24:28,35.57,-0.01,158,562158,卖盘
10:24:31,35.58,0.01,46,163736,卖盘
10:24:34,35.6,0.02,213,758066,买盘
10:24:37,35.57,-0.03,106,377154,卖盘
10:24:40,35.6,0.03,24,85431,买盘
10:24:43,35.6,0.0,85,302492,买盘
10:24:46,35.59,-0.01,47,167305,卖盘
10:24:49,35.58,-0.01,50,177899,卖盘
10:24:52,35.59,0.01,54,192123,买盘
10:24:55,35.59,0.0,53,188582,买盘
10:24:58,35.58,-0.01,40,142333,卖盘
10:25:01,35.59,0.01,8,28472,买盘
10:25:04,35.58,-0.01,10,35580,卖盘
10:25:07,35.58,0.0,229,814835,卖盘
10:25:10,35.57,-0.01,63,224126,卖盘
10:25:13,35.59,0.02,129,458927,买盘
10:25:16,35.59,0.0,15,53378,买盘
10:25:19,35.59,0.0,36,128092,买盘
10:25:22,35.59,0.0,26,92516,买盘
10:25:25,35.59,0.0,76,270438,买盘
10:25:28,35.59,0.0,33,117415,买盘
10:25:31,35.59,0.0,40,142339,买盘
10:25:34,35.57,-0.02,194,690189,卖盘
10:25:37,35.59,0.02,68,241998,买盘
10:25:40,35.57,-0.02,62,220591,卖盘
10:25:43,35.58,0.01,125,444759,卖盘
10:25:46,35.59,0.01,43,153030,买盘
10:25:49,35.59,0.0,68,241959,买盘
10:25:52,35.58,-0.01,37,131653,卖盘
10:25:55,35.58,0.0,695,2472218,卖盘
10:25:58,35.58,0.0,9,32017,买盘
10:26:01,35.58,0.0,37,131624,买盘
10:26:04,35.59,0.01,362,1287437,买盘
10:26:07,35.58,-0.01,35,124539,卖盘
10:26:10,35.58,0.0,9,32022,卖盘
10:26:13,35.59,0.01,165,587005,买盘
10:26:16,35.59,0.0,9,32031,买盘
10:26:19,35.58,-0.01,97,345129,卖盘
10:26:22,35.57,-0.01,37,131634,卖盘
10:26:25,35.58,0.01,66,234804,买盘
10:26:28,35.59,0.01,91,323796,买盘
10:26:31,35.6,0.01,519,1847362,买盘
10:26:34,35.59,-0.01,134,476710,卖盘
10:26:37,35.57,-0.02,62,220669,卖盘
10:26:40,35.6,0.03,82,291804,买盘
10:26:43,35.6,0.0,267,949708,卖盘
10:26:46,35.6,0.0,15,53388,买盘
10:26:49,35.6,0.0,95,337985,买盘
10:26:52,35.6,0.0,52,185143,卖盘
10:26:55,35.58,-0.02,20,71181,中性盘
10:26:58,35.58,0.0,37,131617,买盘
10:27:01,35.58,0.0,35,124530,买盘
10:27:04,35.57,-0.01,66,234766,卖盘
10:27:07,35.58,0.01,66,234792,买盘
10:27:10,35.59,0.01,15,53364,买盘
10:27:13,35.57,-0.02,48,170748,卖盘
10:27:16,35.59,0.02,21,74703,买盘
10:27:19,35.58,-0.01,16,56920,卖盘
10:27:22,35.59,0.01,1,3559,买盘
10:27:25,35.59,0.0,52,185038,买盘
10:27:31,35.59,0.0,56,199357,卖盘
10:27:34,35.59,0.0,29,103211,卖盘
10:27:37,35.59,0.0,17,60503,卖盘
10:27:40,35.6,0.01,31,110354,买盘
10:27:43,35.6,0.0,136,484036,买盘
10:27:46,35.6,0.0,38,135260,买盘
10:27:49,35.59,-0.01,66,234914,卖盘
10:27:52,35.6,0.01,33,117459,买盘
10:27:55,35.6,0.0,78,277684,买盘
10:27:58,35.6,0.0,54,192249,卖盘
10:28:01,35.6,0.0,25,89004,卖盘
10:28:04,35.6,0.0,79,281249,卖盘
10:28:07,35.6,0.0,2,7120,卖盘
10:28:10,35.6,0.0,18,64080,卖盘
10:28:13,35.6,0.0,19,67640,卖盘
10:28:16,35.6,0.0,62,220741,卖盘
10:28:19,35.61,0.01,17,60528,买盘
10:28:22,35.6,-0.01,13,46280,卖盘
10:28:25,35.61,0.01,53,188695,买盘
10:28:28,35.62,0.01,369,1311347,买盘
10:28:31,35.61,-0.01,33,117513,卖盘
10:28:34,35.62,0.01,114,405962,买盘
10:28:37,35.62,0.0,3,10684,买盘
10:28:40,35.61,-0.01,417,1484952,卖盘
10:28:43,35.61,0.0,80,284940,卖盘
10:28:46,35.61,0.0,3,10685,卖盘
10:28:49,35.62,0.01,113,402404,买盘
10:28:52,35.61,-0.01,125,445126,卖盘
10:28:55,35.61,0.0,40,142449,卖盘
10:28:58,35.62,0.01,36,130868,买盘
10:29:01,35.61,-0.01,358,1275191,卖盘
10:29:04,35.61,0.0,93,331236,卖盘
10:29:07,35.62,0.01,21,74802,买盘
10:29:10,35.62,0.0,155,551973,买盘
10:29:13,35.61,-0.01,81,288506,卖盘
10:29:16,35.62,0.01,7,24929,中性盘
10:29:19,35.62,0.0,85,302731,卖盘
10:29:22,35.62,0.0,41,146049,卖盘
10:29:25,35.63,0.01,23,81935,买盘
10:29:28,35.62,-0.01,18,64116,卖盘
10:29:31,35.63,0.01,62,220856,买盘
10:29:34,35.62,-0.01,11,39182,卖盘
10:29:37,35.62,0.0,19,67686,卖盘
10:29:40,35.61,-0.01,144,512851,卖盘
10:29:43,35.61,0.0,16,56988,卖盘
10:29:46,35.62,0.01,1,3562,买盘
10:29:49,35.6,-0.02,582,2072207,卖盘
10:29:52,35.59,-0.01,22,78312,卖盘
10:29:55,35.6,0.01,7,24917,买盘
10:29:58,35.59,-0.01,49,174426,卖盘
10:30:01,35.59,0.0,331,1178146,卖盘
10:30:04,35.6,0.01,17,60514,买盘
10:30:07,35.6,0.0,91,323919,买盘
10:30:10,35.6,0.0,65,231355,买盘
10:30:13,35.6,0.0,67,238499,买盘
10:30:16,35.6,0.0,62,220697,买盘
10:30:19,35.59,-0.01,116,412953,卖盘
10:30:22,35.59,0.0,60,213566,卖盘
10:30:25,35.6,0.01,11,39157,买盘
10:30:28,35.59,-0.01,35,124569,卖盘
10:30:31,35.59,0.0,50,177988,卖盘
10:30:34,35.59,0.0,38,135253,卖盘
10:30:37,35.6,0.01,55,195791,买盘
10:30:40,35.6,0.0,52,185086,买盘
10:30:43,35.6,0.0,41,145953,买盘
10:30:46,35.6,0.0,148,526794,买盘
10:30:49,35.59,-0.01,207,736738,卖盘
10:30:52,35.59,0.0,39,138830,卖盘
10:30:55,35.59,0.0,130,462679,卖盘
10:30:58,35.6,0.01,113,402218,买盘
10:31:01,35.59,-0.01,105,373702,卖盘
10:31:04,35.59,0.0,108,384400,卖盘
10:31:07,35.6,0.01,81,288298,买盘
10:31:10,35.6,0.0,58,206461,买盘
10:31:13,35.6,0.0,45,160164,买盘
10:31:16,35.59,-0.01,77,274090,卖盘
10:31:19,35.59,0.0,16,56957,卖盘
10:31:22,35.59,0.0,94,334560,卖盘
10:31:25,35.59,0.0,95,338101,买盘
10:31:28,35.59,0.0,18,64060,买盘
10:31:31,35.59,0.0,85,302480,买盘
10:31:34,35.58,-0.01,149,530284,卖盘
10:31:37,35.59,0.01,32,113865,买盘
10:31:40,35.59,0.0,180,640620,买盘
10:31:43,35.59,0.0,44,156567,买盘
10:31:46,35.58,-0.01,66,234891,卖盘
10:31:49,35.6,0.02,42,149511,买盘
10:31:52,35.6,0.0,11,39158,买盘
10:31:55,35.6,0.0,18,64073,买盘
10:31:58,35.59,-0.01,38,135242,卖盘
10:32:01,35.6,0.01,9,32040,买盘
10:32:04,35.59,-0.01,8,28472,卖盘
10:32:07,35.6,0.01,57,202887,买盘
10:32:10,35.6,0.0,19,67639,买盘
10:32:13,35.6,0.0,74,263426,买盘
10:32:16,35.59,-0.01,36,128135,卖盘
10:32:18,35.6,0.01,11,39159,买盘
10:32:22,35.59,-0.01,75,266962,卖盘
10:32:25,35.6,0.01,33,117462,买盘
10:32:28,35.61,0.01,46,163761,买盘
10:32:31,35.6,-0.01,24,85441,卖盘
10:32:34,35.6,0.0,26,92570,卖盘
10:32:37,35.6,0.0,26,92574,卖盘
10:32:40,35.6,0.0,15,53411,卖盘
10:32:43,35.61,0.01,13,46281,买盘
10:32:46,35.61,0.0,128,455783,买盘
10:32:49,35.62,0.01,58,206551,买盘
10:32:52,35.61,-0.01,31,110391,卖盘
10:32:55,35.62,0.01,19,67675,买盘
10:32:58,35.61,-0.01,72,256422,卖盘
10:33:01,35.61,0.0,108,384682,卖盘
10:33:04,35.62,0.01,135,480853,买盘
10:33:07,35.62,0.0,139,495078,买盘
10:33:10,35.62,0.0,342,1218204,买盘
10:33:13,35.62,0.0,39,138893,买盘
10:33:16,35.62,0.0,157,559238,买盘
10:33:19,35.62,0.0,5,17810,卖盘
10:33:22,35.62,0.0,85,302829,卖盘
10:33:25,35.63,0.01,16,57003,买盘
10:33:28,35.63,0.0,119,423979,买盘
10:33:31,35.63,0.0,115,409745,买盘
10:33:34,35.63,0.0,39,138936,中性盘
10:33:37,35.64,0.01,20,71262,买盘
10:33:40,35.65,0.01,742,2644915,买盘
10:33:43,35.65,0.0,117,417203,卖盘
10:33:46,35.65,0.0,8,28520,卖盘
10:33:49,35.65,0.0,436,1554419,卖盘
10:33:52,35.64,-0.01,144,513329,卖盘
10:33:55,35.65,0.01,26,92686,买盘
10:33:58,35.65,0.0,229,816149,买盘
10:34:01,35.66,0.01,16,57048,买盘
10:34:04,35.64,-0.02,167,595352,卖盘
10:34:07,35.64,0.0,98,349282,卖盘
10:34:10,35.64,0.0,58,206712,买盘
10:34:13,35.64,0.0,104,370509,买盘
10:34:16,35.64,0.0,18,64145,买盘
10:34:19,35.64,0.0,6,21384,买盘
10:34:22,35.64,0.0,76,270837,买盘
10:34:25,35.65,0.01,103,367099,买盘
10:34:28,35.64,-0.01,23,81972,卖盘
10:34:31,35.64,0.0,138,488654,卖盘
10:34:34,35.64,0.0,33,117626,卖盘
10:34:37,35.64,0.0,73,260202,卖盘
10:34:40,35.64,0.0,15,53469,卖盘
10:34:43,35.64,0.0,51,181784,卖盘
10:34:46,35.64,0.0,5,17820,卖盘
10:34:49,35.65,0.01,36,128340,买盘
10:34:52,35.65,0.0,130,463441,买盘
10:34:55,35.64,-0.01,27,96228,卖盘
10:34:58,35.65,0.01,116,413496,买盘
10:35:01,35.64,-0.01,95,338655,卖盘
10:35:04,35.64,0.0,137,488368,卖盘
10:35:07,35.64,0.0,103,367168,卖盘
10:35:10,35.65,0.01,120,427800,买盘
10:35:13,35.65,0.0,97,345810,卖盘
10:35:16,35.65,0.0,11,39215,卖盘
10:35:19,35.66,0.01,60,213934,买盘
10:35:22,35.66,0.0,219,780758,买盘
10:35:25,35.66,0.0,110,392235,买盘
10:35:28,35.65,-0.01,101,360074,卖盘
10:35:31,35.66,0.01,15,53490,买盘
10:35:34,35.65,-0.01,34,121222,卖盘
10:35:37,35.65,0.0,76,270968,卖盘
10:35:40,35.65,0.0,740,2637578,卖盘
10:35:43,35.65,0.0,71,253143,买盘
10:35:46,35.66,0.01,79,281657,买盘
10:35:49,35.66,0.0,194,691329,买盘
10:35:52,35.64,-0.02,60,213874,卖盘
10:35:55,35.63,-0.01,207,737744,卖盘
10:35:58,35.64,0.01,113,402646,买盘
10:36:01,35.64,0.0,20,71280,买盘
10:36:04,35.64,0.0,49,174599,买盘
10:36:07,35.64,0.0,56,199600,卖盘
10:36:10,35.66,0.02,65,231750,买盘
10:36:13,35.64,-0.02,36,128304,卖盘
10:36:16,35.65,0.01,17,60601,买盘
10:36:19,35.65,0.0,24,85538,买盘
10:36:22,35.64,-0.01,10,35640,卖盘
10:36:25,35.64,0.0,3,10692,卖盘
10:36:28,35.65,0.01,36,128340,买盘
10:36:31,35.65,0.0,27,96255,卖盘
10:36:34,35.64,-0.01,202,719959,卖盘
10:36:37,35.66,0.02,122,435016,买盘
10:36:40,35.65,-0.01,38,135479,卖盘
10:36:43,35.65,0.0,75,267368,卖盘
10:36:46,35.66,0.01,24,85562,买盘
10:36:49,35.65,-0.01,59,210335,中性盘
10:36:52,35.64,-0.01,32,114069,卖盘
10:36:55,35.66,0.02,169,602492,买盘
10:36:58,35.65,-0.01,35,124775,卖盘
10:37:01,35.66,0.01,111,395820,买盘
10:37:04,35.66,0.0,71,253123,买盘
10:37:07,35.65,-0.01,48,171132,卖盘
10:37:10,35.66,0.01,144,513463,买盘
10:37:13,35.65,-0.01,38,135485,卖盘
10:37:16,35.66,0.01,60,213937,买盘
10:37:19,35.65,-0.01,76,270942,卖盘
10:37:22,35.65,0.0,60,213948,卖盘
10:37:25,35.65,0.0,5,17827,卖盘
10:37:28,35.66,0.01,167,595463,买盘
10:37:31,35.66,0.0,223,795198,买盘
10:37:34,35.66,0.0,31,110555,卖盘
10:37:37,35.66,0.0,99,353034,卖盘
10:37:40,35.66,0.0,19,67754,卖盘
10:37:43,35.67,0.01,16,57069,买盘
10:37:46,35.67,0.0,318,1134301,买盘
10:37:49,35.67,0.0,50,178331,买盘
10:37:52,35.66,-0.01,222,791665,卖盘
10:37:55,35.65,-0.01,26,92713,卖盘
10:37:58,35.66,0.01,142,506368,买盘
10:38:01,35.66,0.0,63,224658,买盘
10:38:04,35.66,0.0,203,723758,买盘
10:38:07,35.65,-0.01,90,320906,卖盘
10:38:10,35.66,0.01,21,74880,买盘
10:38:13,35.66,0.0,166,591813,买盘
10:38:16,35.66,0.0,65,231788,买盘
10:38:19,35.66,0.0,18,64172,买盘
10:38:22,35.64,-0.02,55,196048,卖盘
10:38:25,35.65,0.01,286,1019830,买盘
10:38:28,35.66,0.01,40,142658,中性盘
10:38:31,35.67,0.01,178,634920,买盘
10:38:34,35.67,0.0,103,367313,买盘
10:38:37,35.67,0.0,30,106982,买盘
10:38:40,35.65,-0.02,202,720130,卖盘
10:38:43,35.67,0.02,47,167597,买盘
10:38:46,35.67,0.0,22,78468,买盘
10:38:49,35.65,-0.02,65,231741,卖盘
10:38:52,35.67,0.02,11,39237,买盘
10:38:55,35.66,-0.01,14,49935,卖盘
10:38:58,35.66,0.0,33,117678,卖盘
10:39:01,35.66,0.0,22,78452,卖盘
10:39:04,35.66,0.0,37,131942,卖盘
10:39:07,35.66,0.0,28,99865,卖盘
10:39:10,35.66,0.0,19,67764,卖盘
10:39:13,35.67,0.01,57,203271,买盘
10:39:16,35.66,-0.01,30,106997,卖盘
10:39:19,35.66,0.0,16,57061,卖盘
10:39:22,35.67,0.01,118,421021,买盘
10:39:25,35.66,-0.01,189,674032,卖盘
10:39:28,35.66,0.0,65,231796,卖盘
10:39:31,35.67,0.01,24,85608,买盘
10:39:34,35.66,-0.01,96,342376,卖盘
10:39:37,35.67,0.01,58,206884,买盘
10:39:43,35.66,-0.01,87,310292,卖盘
10:39:46,35.67,0.01,33,117707,买盘
10:39:49,35.66,-0.01,101,360184,卖盘
10:39:52,35.66,0.0,810,2888179,卖盘
10:39:55,35.65,-0.01,62,221133,卖盘
10:39:58,35.64,-0.01,207,737924,卖盘
10:40:01,35.66,0.02,38,135477,买盘
10:40:04,35.64,-0.02,8,28520,卖盘
10:40:07,35.65,0.01,29,103374,中性盘
10:40:10,35.66,0.01,66,235295,买盘
10:40:13,35.66,0.0,82,292394,买盘
10:40:16,35.64,-0.02,231,823374,卖盘
10:40:19,35.64,0.0,5,17820,买盘
10:40:22,35.63,-0.01,85,302871,卖盘
10:40:25,35.63,0.0,98,349237,卖盘
10:40:28,35.63,0.0,30,106900,卖盘
10:40:31,35.63,0.0,32,114025,卖盘
10:40:34,35.63,0.0,101,359863,卖盘
10:40:37,35.63,0.0,27,96201,卖盘
10:40:40,35.64,0.01,26,92658,买盘
10:40:43,35.63,-0.01,37,131834,卖盘
10:40:46,35.63,0.0,83,295781,卖盘
10:40:49,35.63,0.0,42,149676,卖盘
10:40:52,35.63,0.0,37,131839,卖盘
10:40:55,35.63,0.0,28,99790,卖盘
10:40:58,35.63,0.0,29,103331,卖盘
10:41:01,35.63,0.0,10,35631,卖盘
10:41:04,35.63,0.0,18,64134,卖盘
10:41:07,35.63,0.0,38,135394,卖盘
10:41:10,35.63,0.0,29,103327,卖盘
10:41:13,35.63,0.0,63,224469,卖盘
10:41:16,35.64,0.01,127,452524,买盘
10:41:19,35.63,-0.01,30,106890,卖盘
10:41:22,35.63,0.0,226,805312,卖盘
10:41:25,35.63,0.0,64,228022,卖盘
10:41:28,35.63,0.0,202,719543,卖盘
10:41:31,35.64,0.01,45,160336,买盘
10:41:34,35.64,0.0,225,801624,买盘
10:41:37,35.62,-0.02,31,110439,卖盘
10:41:40,35.62,0.0,95,338389,卖盘
10:41:43,35.62,0.0,30,106845,买盘
10:41:46,35.62,0.0,110,391818,买盘
10:41:49,35.61,-0.01,128,455819,卖盘
10:41:52,35.61,0.0,40,142450,卖盘
10:41:55,35.61,0.0,4,14244,卖盘
10:41:58,35.62,0.01,161,573481,买盘
10:42:01,35.61,-0.01,45,160288,卖盘
10:42:04,35.62,0.01,66,235092,买盘
10:42:07,35.62,0.0,13,46303,买盘
10:42:10,35.63,0.01,39,138934,买盘
10:42:13,35.63,0.0,82,292104,中性盘
10:42:16,35.63,0.0,25,89063,中性盘
10:42:19,35.62,-0.01,87,309909,卖盘
10:42:22,35.62,0.0,20,71240,卖盘
10:42:25,35.62,0.0,88,313461,卖盘
10:42:28,35.63,0.01,18,64122,买盘
10:42:31,35.62,-0.01,46,163855,卖盘
10:42:34,35.62,0.0,26,92612,卖盘
10:42:37,35.62,0.0,635,2262490,卖盘
10:42:40,35.62,0.0,267,951055,卖盘
10:42:43,35.62,0.0,322,1146971,卖盘
10:42:46,35.61,-0.01,195,694622,卖盘
10:42:49,35.62,0.01,3,10686,买盘
10:42:52,35.62,0.0,9,32058,买盘
10:42:55,35.62,0.0,200,712215,买盘
10:42:58,35.62,0.0,21,74794,买盘
10:43:01,35.62,0.0,7,24934,买盘
10:43:04,35.62,0.0,203,723067,买盘
10:43:07,35.62,0.0,121,431005,卖盘
10:43:10,35.61,-0.01,45,160277,卖盘
10:43:13,35.62,0.01,83,295600,卖盘
10:43:16,35.61,-0.01,78,277831,卖盘
10:43:19,35.61,0.0,23,81905,卖盘
10:43:22,35.61,0.0,32,113965,卖盘
10:43:28,35.62,0.01,40,142455,买盘
10:43:31,35.62,0.0,63,224406,买盘
10:43:34,35.61,-0.01,47,167405,卖盘
10:43:37,35.63,0.02,33,117556,买盘
10:43:40,35.62,-0.01,15,53430,卖盘
10:43:43,35.62,0.0,57,203034,买盘
10:43:46,35.61,-0.01,38,135344,卖盘
10:43:49,35.61,0.0,43,153126,卖盘
10:43:52,35.62,0.01,7,24934,买盘
10:43:55,35.61,-0.01,45,160245,卖盘
10:43:58,35.61,0.0,32,113952,卖盘
10:44:01,35.61,0.0,1,3561,卖盘
10:44:04,35.61,0.0,19,67666,卖盘
10:44:07,35.61,0.0,19,67665,卖盘
10:44:10,35.62,0.01,175,623347,买盘
10:44:13,35.62,0.0,113,402506,卖盘
10:44:16,35.62,0.0,10,35620,卖盘
10:44:19,35.61,-0.01,41,146040,卖盘
10:44:22,35.63,0.02,74,263608,买盘
10:44:25,35.62,-0.01,57,203044,卖盘
10:44:28,35.61,-0.01,73,260023,卖盘
10:44:31,35.62,0.01,5,17810,中性盘
10:44:34,35.63,0.01,42,149615,买盘
10:44:37,35.62,-0.01,14,49867,中性盘
10:44:40,35.63,0.01,50,178144,买盘
10:44:43,35.62,-0.01,94,334862,卖盘
10:44:46,35.62,0.0,15,53432,卖盘
10:44:49,35.62,0.0,103,366911,卖盘
10:44:52,35.62,0.0,12,42744,买盘
10:44:55,35.62,0.0,36,128209,买盘
10:44:58,35.61,-0.01,20,71233,卖盘
10:45:01,35.62,0.01,5,17810,买盘
10:45:04,35.62,0.0,68,242209,买盘
10:45:07,35.61,-0.01,9,32054,卖盘
10:45:10,35.62,0.01,21,74802,买盘
10:45:13,35.61,-0.01,47,167397,卖盘
10:45:16,35.61,0.0,27,96147,卖盘
10:45:19,35.62,0.01,41,146031,买盘
10:45:22,35.62,0.0,60,213694,买盘
10:45:25,35.61,-0.01,10,35610,卖盘
10:45:28,35.61,0.0,32,113967,卖盘
10:45:31,35.62,0.01,84,299184,买盘
10:45:34,35.61,-0.01,171,608989,卖盘
10:45:37,35.61,0.0,62,220791,卖盘
10:45:40,35.61,0.0,44,156713,卖盘
10:45:43,35.61,0.0,131,466516,卖盘
10:45:46,35.61,0.0,183,651665,卖盘
10:45:49,35.62,0.01,45,160254,买盘
10:45:52,35.61,-0.01,200,712200,卖盘
10:45:55,35.61,0.0,74,263550,卖盘
10:45:58,35.61,0.0,61,217221,卖盘
10:46:01,35.61,0.0,8,28488,卖盘
10:46:04,35.61,0.0,53,188733,卖盘
10:46:07,35.61,0.0,34,121084,卖盘
10:46:10,35.62,0.01,313,1114893,买盘
10:46:13,35.62,0.0,18,67001,买盘
10:46:16,35.62,0.0,16,56999,卖盘
10:46:19,35.61,-0.01,76,270662,卖盘
10:46:22,35.62,0.01,11,39180,买盘
10:46:25,35.61,-0.01,254,901612,卖盘
10:46:28,35.61,0.0,217,772733,买盘
10:46:32,35.61,0.0,87,309807,买盘
10:46:34,35.61,0.0,703,2503250,买盘
10:46:37,35.6,-0.01,219,779793,卖盘
10:46:40,35.61,0.01,76,270627,买盘
10:46:44,35.62,0.01,1162,4137788,买盘
10:46:46,35.6,-0.02,37,131790,卖盘
10:46:49,35.62,0.02,39,138854,买盘
10:46:52,35.6,-0.02,17,60533,卖盘
10:46:55,35.6,0.0,269,957657,卖盘
10:46:58,35.61,0.01,55,195850,卖盘
10:47:01,35.61,0.0,56,199379,卖盘
10:47:04,35.62,0.01,133,476573,买盘
10:47:07,35.62,0.0,5,17810,卖盘
10:47:10,35.62,0.0,41,146042,卖盘
10:47:13,35.63,0.01,372,1325433,买盘
10:47:16,35.63,0.0,11,39193,卖盘
10:47:19,35.64,0.01,216,769707,买盘
10:47:23,35.63,-0.01,94,334962,卖盘
10:47:25,35.63,0.0,30,106914,卖盘
10:47:28,35.63,0.0,188,669928,卖盘
10:47:31,35.65,0.02,10,35648,买盘
10:47:34,35.64,-0.01,65,231617,卖盘
10:47:37,35.64,0.0,13,46330,买盘
10:47:40,35.63,-0.01,182,648492,卖盘
10:47:43,35.64,0.01,80,285100,买盘
10:47:46,35.63,-0.01,119,424033,卖盘
10:47:49,35.63,0.0,763,2717822,买盘
10:47:52,35.61,-0.02,387,1375550,卖盘
10:47:55,35.61,0.0,105,376852,卖盘
10:47:58,35.62,0.01,105,374006,买盘
10:48:01,35.61,-0.01,231,822591,卖盘
10:48:04,35.62,0.01,7,24928,买盘
10:48:07,35.62,0.0,80,284885,买盘
10:48:10,35.62,0.0,129,459389,买盘
10:48:13,35.61,-0.01,20,71226,卖盘
10:48:16,35.62,0.01,9,32058,买盘
10:48:19,35.62,0.0,42,149551,买盘
10:48:22,35.62,0.0,41,146013,买盘
10:48:25,35.62,0.0,52,185224,买盘
10:48:28,35.62,0.0,12,42744,卖盘
10:48:31,35.61,-0.01,50,178082,卖盘
10:48:34,35.62,0.01,25,89050,卖盘
10:48:37,35.62,0.0,39,138918,卖盘
10:48:40,35.62,0.0,10,35620,卖盘
10:48:43,35.62,0.0,14,49870,卖盘
10:48:46,35.62,0.0,3,10686,卖盘
10:48:49,35.62,0.0,24,85498,卖盘
10:48:52,35.62,0.0,22,78374,卖盘
10:48:58,35.63,0.01,7,24937,买盘
10:49:01,35.62,-0.01,19,67684,卖盘
10:49:04,35.63,0.01,1,3563,买盘
10:49:07,35.62,-0.01,22,78369,卖盘
10:49:10,35.63,0.01,29,103304,买盘
10:49:13,35.62,-0.01,34,121116,卖盘
10:49:16,35.62,0.0,9,32059,卖盘
10:49:19,35.62,0.0,21,74805,卖盘
10:49:22,35.62,0.0,783,2789556,卖盘
10:49:25,35.63,0.01,230,819487,买盘
10:49:28,35.63,0.0,48,171021,买盘
10:49:31,35.63,0.0,259,922621,买盘
10:49:34,35.63,0.0,71,252953,买盘
10:49:37,35.63,0.0,80,285027,买盘
10:49:40,35.62,-0.01,94,334847,卖盘
10:49:43,35.63,0.01,17,60571,中性盘
10:49:46,35.63,0.0,18,64122,买盘
10:49:49,35.62,-0.01,37,131798,卖盘
10:49:52,35.63,0.01,46,163890,买盘
10:49:55,35.63,0.0,11,39193,买盘
10:49:58,35.63,0.0,25,89075,买盘
10:50:01,35.63,0.0,26,92638,卖盘
10:50:07,35.64,0.01,32,114029,买盘
10:50:10,35.64,0.0,1124,4005936,买盘
10:50:13,35.64,0.0,83,295866,卖盘
10:50:16,35.65,0.01,291,1037129,买盘
10:50:19,35.65,0.0,58,206770,买盘
10:50:22,35.65,0.0,56,199598,买盘
10:50:25,35.65,0.0,154,549009,买盘
10:50:28,35.65,0.0,163,581087,买盘
10:50:31,35.65,0.0,27,96262,卖盘
10:50:34,35.66,0.01,114,406411,买盘
10:50:37,35.66,0.0,44,156873,买盘
10:50:40,35.66,0.0,13,46358,买盘
10:50:43,35.66,0.0,106,377966,买盘
10:50:46,35.67,0.01,12,42804,买盘
10:50:49,35.67,0.0,54,192595,买盘
10:50:52,35.67,0.0,1193,4252127,买盘
10:50:55,35.68,0.01,94,335268,买盘
10:50:58,35.67,-0.01,194,691994,卖盘
10:51:01,35.66,-0.01,329,1173225,卖盘
10:51:04,35.67,0.01,289,1030863,买盘
10:51:07,35.67,0.0,127,453009,卖盘
10:51:10,35.67,0.0,400,1426980,卖盘
10:51:13,35.68,0.01,281,1002544,买盘
10:51:16,35.68,0.0,124,442352,买盘
10:51:19,35.67,-0.01,137,488571,卖盘
10:51:22,35.69,0.02,357,1274080,买盘
10:51:25,35.69,0.0,30,107065,买盘
10:51:28,35.68,-0.01,103,367453,卖盘
10:51:31,35.68,0.0,152,542296,买盘
10:51:34,35.68,0.0,50,178370,买盘
10:51:37,35.68,0.0,56,199762,买盘
10:51:40,35.68,0.0,40,142720,买盘
10:51:43,35.69,0.01,75,267602,买盘
10:51:46,35.68,-0.01,72,256948,卖盘
10:51:49,35.69,0.01,61,217695,买盘
10:51:52,35.68,-0.01,66,235498,卖盘
10:51:55,35.69,0.01,8,28548,买盘
10:51:58,35.69,0.0,189,674641,买盘
10:52:01,35.69,0.0,47,167743,卖盘
10:52:04,35.7,0.01,248,885293,买盘
10:52:07,35.7,0.0,107,381917,买盘
10:52:10,35.69,-0.01,58,207026,卖盘
10:52:13,35.7,0.01,189,674659,买盘
10:52:16,35.69,-0.01,102,364097,卖盘
10:52:20,35.7,0.01,498,1777846,买盘
10:52:22,35.69,-0.01,82,292660,卖盘
10:52:25,35.69,0.0,9,32121,买盘
10:52:28,35.68,-0.01,93,331848,卖盘
10:52:31,35.69,0.01,127,453155,买盘
10:52:34,35.68,-0.01,301,1074127,卖盘
10:52:37,35.7,0.02,291,1038660,买盘
10:52:43,35.69,-0.01,75,267609,买盘
10:52:46,35.7,0.01,13,46406,买盘
10:52:49,35.68,-0.02,157,560229,卖盘
10:52:52,35.68,0.0,118,421093,卖盘
10:52:55,35.69,0.01,34,121374,中性盘
10:52:58,35.71,0.02,1356,4840931,买盘
10:53:01,35.7,-0.01,6,21421,卖盘
10:53:04,35.7,0.0,212,756840,卖盘
10:53:07,35.7,0.0,289,1031534,卖盘
10:53:10,35.7,0.0,15,53550,买盘
10:53:13,35.68,-0.02,145,517387,卖盘
10:53:16,35.71,0.03,866,3092222,买盘
10:53:19,35.72,0.01,53,189266,买盘
10:53:22,35.71,-0.01,329,1174729,卖盘
10:53:25,35.69,-0.02,110,392539,卖盘
10:53:28,35.7,0.01,171,610264,卖盘
10:53:31,35.71,0.01,36,128507,买盘
10:53:34,35.67,-0.04,112,399597,卖盘
10:53:37,35.67,0.0,255,909730,卖盘
10:53:40,35.67,0.0,36,128354,买盘
10:53:43,35.68,0.01,200,713486,买盘
10:53:46,35.68,0.0,82,292580,卖盘
10:53:52,35.65,-0.03,372,1327070,卖盘
10:53:55,35.65,0.0,128,456470,卖盘
10:53:58,35.68,0.03,160,570598,卖盘
10:54:01,35.66,-0.02,43,153407,中性盘
10:54:05,35.65,-0.01,63,224653,卖盘
10:54:07,35.68,0.03,7,24966,买盘
10:54:10,35.66,-0.02,63,224661,卖盘
10:54:13,35.66,0.0,53,189050,卖盘
10:54:16,35.68,0.02,432,1541188,买盘
10:54:19,35.68,0.0,153,545971,卖盘
10:54:22,35.69,0.01,366,1305897,买盘
10:54:25,35.68,-0.01,60,214085,卖盘
10:54:28,35.68,0.0,374,1334652,卖盘
10:54:31,35.68,0.0,14,49960,卖盘
10:54:35,35.69,0.01,210,749356,买盘
10:54:38,35.69,0.0,127,453140,买盘
10:54:40,35.68,-0.01,50,178453,卖盘
10:54:43,35.69,0.01,79,281944,买盘
10:54:46,35.69,0.0,27,96379,卖盘
10:54:49,35.69,0.0,164,585316,卖盘
10:54:52,35.69,0.0,148,528215,卖盘
10:54:55,35.7,0.01,187,667521,买盘
10:54:58,35.68,-0.02,167,595998,卖盘
10:55:01,35.69,0.01,56,199853,买盘
10:55:04,35.71,0.02,711,2538173,买盘
10:55:08,35.69,-0.02,75,267685,卖盘
10:55:10,35.7,0.01,219,781463,中性盘
10:55:13,35.7,0.0,224,799376,买盘
10:55:16,35.7,0.0,63,224859,买盘
10:55:19,35.68,-0.02,137,488977,卖盘
10:55:22,35.7,0.02,595,2124205,买盘
10:55:25,35.71,0.01,82,292748,买盘
10:55:28,35.7,-0.01,276,985404,卖盘
10:55:31,35.7,0.0,200,714006,卖盘
10:55:34,35.7,0.0,77,274891,卖盘
10:55:37,35.71,0.01,227,810407,买盘
10:55:40,35.7,-0.01,133,474871,卖盘
10:55:43,35.7,0.0,128,456879,中性盘
10:55:46,35.7,0.0,1182,4220797,买盘
10:55:49,35.7,0.0,92,328411,卖盘
10:55:52,35.69,-0.01,495,1766647,卖盘
10:55:55,35.69,0.0,84,299796,买盘
10:55:58,35.68,-0.01,374,1334441,卖盘
10:56:01,35.69,0.01,3,10707,买盘
10:56:04,35.69,0.0,170,606596,买盘
10:56:07,35.68,-0.01,173,617354,卖盘
10:56:10,35.69,0.01,1,3569,中性盘
10:56:13,35.69,0.0,153,546064,卖盘
10:56:16,35.69,0.0,22,78525,卖盘
10:56:19,35.69,0.0,54,192726,卖盘
10:56:22,35.69,0.0,179,639011,卖盘
10:56:25,35.69,0.0,45,160630,卖盘
10:56:28,35.7,0.01,210,749580,买盘
10:56:31,35.7,0.0,560,1999166,买盘
10:56:34,35.7,0.0,115,410629,卖盘
10:56:37,35.69,-0.01,374,1335078,卖盘
10:56:40,35.68,-0.01,94,335497,卖盘
10:56:43,35.69,0.01,130,463873,中性盘
10:56:46,35.71,0.02,28,99944,买盘
10:56:49,35.71,0.0,91,324889,买盘
10:56:52,35.69,-0.02,66,235590,卖盘
10:56:55,35.7,0.01,92,328363,中性盘
10:56:58,35.7,0.0,956,3411177,买盘
10:57:01,35.69,-0.01,36,128469,买盘
10:57:04,35.69,0.0,345,1230977,买盘
10:57:07,35.69,0.0,2,7138,买盘
10:57:10,35.68,-0.01,399,1423517,卖盘
10:57:13,35.68,0.0,100,356793,买盘
10:57:16,35.68,0.0,142,506565,买盘
10:57:19,35.68,0.0,87,310336,买盘
10:57:22,35.67,-0.01,66,235424,卖盘
10:57:25,35.67,0.0,20,71349,卖盘
10:57:28,35.69,0.02,195,695808,买盘
10:57:31,35.69,0.0,50,178455,卖盘
10:57:34,35.69,0.0,95,338983,卖盘
10:57:37,35.69,0.0,55,196276,卖盘
10:57:40,35.67,-0.02,901,3214586,卖盘
10:57:43,35.67,0.0,119,424448,买盘
10:57:46,35.67,0.0,416,1483541,买盘
10:57:49,35.66,-0.01,234,834457,卖盘
10:57:52,35.65,-0.01,159,566855,卖盘
10:57:55,35.66,0.01,42,149772,买盘
10:57:58,35.65,-0.01,205,730825,卖盘
10:58:01,35.66,0.01,97,345843,买盘
10:58:04,35.66,0.0,112,399334,买盘
10:58:07,35.65,-0.01,55,196095,卖盘
10:58:10,35.66,0.01,13,46358,买盘
10:58:13,35.67,0.01,106,378022,买盘
10:58:16,35.66,-0.01,460,1640000,卖盘
10:58:20,35.66,0.0,54,192582,买盘
10:58:22,35.65,-0.01,229,816437,卖盘
10:58:25,35.67,0.02,5,17835,买盘
10:58:28,35.67,0.0,252,898645,买盘
10:58:31,35.67,0.0,24,85608,卖盘
10:58:35,35.67,0.0,42,149737,中性盘
10:58:37,35.67,0.0,16,57088,卖盘
10:58:40,35.69,0.02,127,453021,买盘
10:58:43,35.69,0.0,11,39243,买盘
10:58:46,35.67,-0.02,49,174783,卖盘
10:58:49,35.67,0.0,29,103433,中性盘
10:58:52,35.67,0.0,84,299712,买盘
10:58:55,35.67,0.0,44,157018,卖盘
10:58:58,35.67,0.0,106,378105,卖盘
10:59:01,35.67,0.0,14,49938,卖盘
10:59:05,35.7,0.03,119,424695,买盘
10:59:07,35.67,-0.03,15,53518,中性盘
10:59:10,35.7,0.03,576,2056359,买盘
10:59:13,35.69,-0.01,309,1102877,卖盘
10:59:16,35.69,0.0,197,702889,买盘
10:59:19,35.68,-0.01,152,542216,卖盘
10:59:22,35.67,-0.01,83,296101,卖盘
10:59:25,35.68,0.01,160,570832,买盘
10:59:28,35.69,0.01,78,278335,买盘
10:59:31,35.69,0.0,72,256974,卖盘
10:59:34,35.7,0.01,74,264089,买盘
10:59:37,35.69,-0.01,27,96341,中性盘
10:59:40,35.69,0.0,40,142740,中性盘
10:59:43,35.68,-0.01,127,453255,卖盘
10:59:46,35.7,0.02,24,85680,买盘
10:59:49,35.7,0.0,102,364066,卖盘
10:59:52,35.69,-0.01,32,114208,卖盘
10:59:55,35.7,0.01,62,221305,买盘
10:59:58,35.69,-0.01,97,346249,卖盘
11:00:01,35.69,0.0,16,57104,卖盘
11:00:05,35.7,0.01,37,132069,买盘
11:00:07,35.7,0.0,97,346242,买盘
11:00:10,35.71,0.01,200,714200,买盘
11:00:13,35.7,-0.01,157,560590,卖盘
11:00:16,35.7,0.0,132,471215,卖盘
11:00:19,35.7,0.0,52,185591,买盘
11:00:22,35.69,-0.01,137,489011,卖盘
11:00:25,35.7,0.01,27,96390,买盘
11:00:28,35.71,0.01,121,432074,买盘
11:00:31,35.71,0.0,47,167796,买盘
11:00:34,35.7,-0.01,5,17850,卖盘
11:00:37,35.71,0.01,81,289209,买盘
11:00:40,35.7,-0.01,20,71415,卖盘
11:00:43,35.71,0.01,206,735427,买盘
11:00:46,35.7,-0.01,14,49980,中性盘
11:00:49,35.71,0.01,9,32139,买盘
11:00:52,35.7,-0.01,59,210631,卖盘
11:00:55,35.71,0.01,300,1071254,买盘
11:00:58,35.71,0.0,35,124956,买盘
11:01:01,35.71,0.0,148,528400,买盘
11:01:04,35.71,0.0,25,89269,买盘
11:01:07,35.7,-0.01,41,146381,卖盘
11:01:10,35.7,0.0,61,217815,卖盘
11:01:13,35.71,0.01,17,60702,买盘
11:01:16,35.71,0.0,100,357011,买盘
11:01:19,35.71,0.0,88,314239,买盘
11:01:22,35.7,-0.01,73,260675,卖盘
11:01:25,35.71,0.01,53,189229,买盘
11:01:28,35.71,0.0,140,499897,买盘
11:01:31,35.71,0.0,79,282087,买盘
11:01:34,35.71,0.0,181,646320,买盘
11:01:37,35.7,-0.01,56,201716,卖盘
11:01:40,35.7,0.0,5,17850,卖盘
11:01:43,35.7,0.0,121,431981,卖盘
11:01:46,35.71,0.01,92,328532,买盘
11:01:49,35.71,0.0,27,96417,卖盘
11:01:52,35.71,0.0,72,257114,卖盘
11:01:55,35.71,0.0,161,575017,卖盘
11:01:58,35.72,0.01,75,267890,买盘
11:02:01,35.71,-0.01,113,403542,卖盘
11:02:04,35.72,0.01,34,121427,买盘
11:02:07,35.72,0.0,12,42858,买盘
11:02:10,35.72,0.0,38,135736,买盘
11:02:13,35.72,0.0,209,746501,买盘
11:02:16,35.71,-0.01,60,214289,卖盘
11:02:19,35.71,0.0,107,382193,卖盘
11:02:22,35.72,0.01,202,721475,买盘
11:02:25,35.72,0.0,79,282165,买盘
11:02:28,35.72,0.0,79,282161,买盘
11:02:31,35.73,0.01,202,721657,买盘
11:02:34,35.73,0.0,103,368010,买盘
11:02:37,35.7,-0.03,1297,4629656,卖盘
11:02:40,35.7,0.0,545,1945650,买盘
11:02:43,35.71,0.01,83,296378,卖盘
11:02:46,35.71,0.0,6,21426,买盘
11:02:49,35.71,0.0,412,1470471,买盘
11:02:52,35.7,-0.01,254,907233,中性盘
11:02:55,35.7,0.0,27,96390,卖盘
11:02:58,35.71,0.01,97,346204,卖盘
11:03:01,35.71,0.0,42,150006,卖盘
11:03:04,35.72,0.01,65,232143,买盘
11:03:07,35.72,0.0,34,121444,买盘
11:03:10,35.71,-0.01,1,3571,中性盘
11:03:13,35.71,0.0,19,67861,卖盘
11:03:16,35.71,0.0,38,135732,卖盘
11:03:19,35.71,0.0,37,132139,卖盘
11:03:22,35.71,0.0,96,342852,卖盘
11:03:25,35.71,0.0,10,35704,买盘
11:03:28,35.69,-0.02,299,1066862,卖盘
11:03:31,35.71,0.02,86,307165,买盘
11:03:35,35.71,0.0,30,107136,买盘
11:03:37,35.71,0.0,23,82143,卖盘
11:03:40,35.71,0.0,6,21426,卖盘
11:03:43,35.72,0.01,79,282187,买盘
11:03:46,35.72,0.0,16,57158,卖盘
11:03:49,35.72,0.0,183,653626,卖盘
11:03:52,35.72,0.0,5,17860,买盘
11:03:55,35.72,0.0,7,24998,买盘
11:03:58,35.72,0.0,43,153596,买盘
11:04:01,35.72,0.0,17,60723,卖盘
11:04:04,35.72,0.0,18,64289,买盘
11:04:07,35.73,0.01,16,57163,买盘
11:04:10,35.72,-0.01,4,14288,卖盘
11:04:13,35.72,0.0,29,103588,卖盘
11:04:19,35.73,0.01,357,1275510,买盘
11:04:22,35.73,0.0,173,618023,买盘
11:04:25,35.73,0.0,119,425107,买盘
11:04:28,35.74,0.01,218,780788,买盘
11:04:31,35.73,-0.01,178,636078,卖盘
11:04:34,35.73,0.0,158,564544,卖盘
11:04:37,35.73,0.0,6,21443,卖盘
11:04:40,35.74,0.01,71,253694,买盘
11:04:43,35.73,-0.01,129,460968,卖盘
11:04:46,35.7,-0.03,107,380892,卖盘
11:04:49,35.71,0.01,77,275113,中性盘
11:04:52,35.74,0.03,25,89316,买盘
11:04:55,35.73,-0.01,42,149946,买盘
11:04:58,35.73,0.0,40,142912,买盘
11:05:01,35.73,0.0,97,346541,买盘
11:05:04,35.71,-0.02,35,125023,卖盘
11:05:07,35.73,0.02,5,17865,买盘
11:05:10,35.7,-0.03,547,1952554,卖盘
11:05:13,35.7,0.0,40,142800,买盘
11:05:16,35.69,-0.01,18,64252,卖盘
11:05:19,35.7,0.01,203,725103,买盘
11:05:22,35.7,0.0,11,39270,卖盘
11:05:25,35.7,0.0,35,124960,卖盘
11:05:28,35.7,0.0,38,135666,卖盘
11:05:31,35.71,0.01,88,314332,中性盘
11:05:34,35.71,0.0,79,282088,买盘
11:05:37,35.7,-0.01,6,21425,卖盘
11:05:40,35.7,0.0,141,503470,卖盘
11:05:43,35.71,0.01,12,42853,卖盘
11:05:46,35.71,0.0,56,199982,卖盘
11:05:49,35.71,0.0,56,199976,卖盘
11:05:52,35.71,0.0,33,117843,买盘
11:05:55,35.71,0.0,34,121409,买盘
11:05:58,35.7,-0.01,87,310665,卖盘
11:06:01,35.71,0.01,4,14284,中性盘
11:06:04,35.71,0.0,72,257075,买盘
11:06:07,35.71,0.0,29,103559,买盘
11:06:10,35.72,0.01,45,160731,买盘
11:06:13,35.71,-0.01,100,357100,卖盘
11:06:16,35.72,0.01,31,110710,买盘
11:06:19,35.71,-0.01,57,203572,卖盘
11:06:22,35.72,0.01,36,128592,买盘
11:06:25,35.71,-0.01,73,260750,卖盘
11:06:28,35.72,0.01,88,314336,买盘
11:06:31,35.72,0.0,126,450047,买盘
11:06:34,35.72,0.0,66,235752,买盘
11:06:40,35.72,0.0,58,207201,卖盘
11:06:43,35.73,0.01,13,46449,买盘
11:06:46,35.73,0.0,350,1250538,买盘
11:06:49,35.72,-0.01,67,239366,卖盘
11:06:52,35.73,0.01,19,67892,买盘
11:06:55,35.72,-0.01,124,442951,卖盘
11:06:58,35.73,0.01,30,107194,中性盘
11:07:01,35.73,0.0,23,82179,卖盘
11:07:04,35.74,0.01,3548,12682956,买盘
11:07:07,35.75,0.01,82,293082,买盘
11:07:10,35.76,0.01,81,289589,买盘
11:07:13,35.76,0.0,59,210984,买盘
11:07:16,35.74,-0.02,501,1790378,卖盘
11:07:19,35.73,-0.01,28,100091,卖盘
11:07:22,35.74,0.01,128,457360,买盘
11:07:25,35.75,0.01,305,1090016,买盘
11:07:28,35.75,0.0,70,250247,买盘
11:07:31,35.73,-0.02,424,1515012,卖盘
11:07:34,35.73,0.0,21,75032,买盘
11:07:37,35.73,0.0,125,446565,买盘
11:07:40,35.73,0.0,255,910969,买盘
11:07:43,35.73,0.0,318,1136197,买盘
11:07:46,35.73,0.0,149,532350,买盘
11:07:49,35.72,-0.01,391,1396819,卖盘
11:07:52,35.74,0.02,125,446513,买盘
11:07:55,35.73,-0.01,17,60751,卖盘
11:07:58,35.75,0.02,48,171566,买盘
11:08:01,35.74,-0.01,183,653965,中性盘
11:08:04,35.75,0.01,85,303878,买盘
11:08:07,35.75,0.0,27,96543,买盘
11:08:10,35.76,0.01,52,185850,买盘
11:08:13,35.73,-0.03,16,57198,卖盘
11:08:16,35.75,0.02,56,200200,买盘
11:08:19,35.75,0.0,47,168018,买盘
11:08:22,35.75,0.0,70,250218,买盘
11:08:25,35.74,-0.01,136,486078,卖盘
11:08:28,35.74,0.0,21,75053,买盘
11:08:31,35.75,0.01,340,1214909,买盘
11:08:34,35.74,-0.01,42,150134,卖盘
11:08:37,35.75,0.01,14,50024,买盘
11:08:40,35.75,0.0,93,332325,买盘
11:08:43,35.74,-0.01,23,82200,卖盘
11:08:46,35.74,0.0,63,225134,中性盘
11:08:49,35.73,-0.01,89,317998,卖盘
11:08:52,35.74,0.01,17,60757,买盘
11:08:55,35.74,0.0,39,139351,买盘
11:08:58,35.74,0.0,581,2077036,买盘
11:09:01,35.74,0.0,102,364550,卖盘
11:09:04,35.74,0.0,154,550398,卖盘
11:09:07,35.74,0.0,28,100096,卖盘
11:09:10,35.74,0.0,87,310998,卖盘
11:09:13,35.75,0.01,73,260935,买盘
11:09:16,35.74,-0.01,249,889932,卖盘
11:09:19,35.74,0.0,62,221610,卖盘
11:09:22,35.75,0.01,106,378940,买盘
11:09:25,35.73,-0.02,94,335921,卖盘
11:09:28,35.75,0.02,83,296710,买盘
11:09:31,35.75,0.0,224,800912,买盘
11:09:34,35.74,-0.01,78,278831,卖盘
11:09:37,35.75,0.01,14,50045,买盘
11:09:40,35.74,-0.01,57,203753,卖盘
11:09:46,35.76,0.02,79,282433,买盘
11:09:49,35.74,-0.02,116,414657,卖盘
11:09:52,35.74,0.0,125,446822,卖盘
11:09:55,35.74,0.0,163,582564,买盘
11:09:58,35.74,0.0,59,210906,买盘
11:10:01,35.75,0.01,74,264416,买盘
11:10:04,35.75,0.0,65,232369,买盘
11:10:07,35.75,0.0,49,175177,卖盘
11:10:10,35.75,0.0,14,50050,卖盘
11:10:13,35.75,0.0,41,146593,卖盘
11:10:16,35.75,0.0,23,82226,卖盘
11:10:19,35.76,0.01,58,207385,买盘
11:10:22,35.76,0.0,25,89388,买盘
11:10:25,35.76,0.0,259,926184,买盘
11:10:28,35.75,-0.01,101,361075,卖盘
11:10:31,35.76,0.01,156,557811,买盘
11:10:34,35.76,0.0,272,972672,卖盘
11:10:37,35.76,0.0,73,261049,卖盘
11:10:40,35.76,0.0,11,39338,卖盘
11:10:43,35.77,0.01,134,479190,买盘
11:10:46,35.77,0.0,22,78694,买盘
11:10:49,35.77,0.0,10,35761,买盘
11:10:52,35.75,-0.02,621,2220135,卖盘
11:10:55,35.75,0.0,274,979618,卖盘
11:10:58,35.75,0.0,20,71506,卖盘
11:11:01,35.75,0.0,87,311039,卖盘
11:11:04,35.75,0.0,583,2084158,卖盘
11:11:07,35.75,0.0,17,60775,买盘
11:11:10,35.75,0.0,3,10725,买盘
11:11:13,35.75,0.0,138,493172,买盘
11:11:16,35.74,-0.01,5,17869,中性盘
11:11:19,35.75,0.01,13,46475,买盘
11:11:22,35.75,0.0,20,71488,买盘
11:11:25,35.74,-0.01,34,121517,卖盘
11:11:28,35.74,0.0,66,235884,卖盘
11:11:31,35.74,0.0,91,325234,买盘
11:11:34,35.74,0.0,24,85776,买盘
11:11:37,35.73,-0.01,91,325155,卖盘
11:11:40,35.74,0.01,34,121485,买盘
11:11:43,35.73,-0.01,4,14292,卖盘
11:11:46,35.73,0.0,16,57168,卖盘
11:11:49,35.73,0.0,77,275121,卖盘
11:11:52,35.73,0.0,20,71470,卖盘
11:11:55,35.73,0.0,33,117899,买盘
11:11:58,35.73,0.0,40,142901,卖盘
11:12:01,35.74,0.01,25,89332,买盘
11:12:07,35.74,0.0,71,253686,买盘
11:12:10,35.74,0.0,48,171506,买盘
11:12:13,35.73,-0.01,167,596703,买盘
11:12:16,35.72,-0.01,36,128592,卖盘
11:12:19,35.73,0.01,67,239333,买盘
11:12:22,35.72,-0.01,17,60734,卖盘
11:12:25,35.72,0.0,19,67884,卖盘
11:12:28,35.73,0.01,105,375074,买盘
11:12:31,35.72,-0.01,135,482355,卖盘
11:12:34,35.73,0.01,26,92884,买盘
11:12:37,35.72,-0.01,111,396500,卖盘
11:12:40,35.73,0.01,42,150037,买盘
11:12:43,35.72,-0.01,27,96444,卖盘
11:12:46,35.72,0.0,94,335769,卖盘
11:12:49,35.72,0.0,40,142882,卖盘
11:12:52,35.73,0.01,33,117879,买盘
11:12:55,35.73,0.0,15,53593,买盘
11:12:58,35.73,0.0,8,28577,买盘
11:13:01,35.72,-0.01,54,192930,卖盘
11:13:04,35.73,0.01,74,264355,买盘
11:13:07,35.72,-0.01,34,121463,卖盘
11:13:10,35.72,0.0,214,764413,卖盘
11:13:13,35.72,0.0,35,125020,卖盘
11:13:16,35.72,0.0,79,282188,卖盘
11:13:19,35.73,0.01,175,625171,买盘
11:13:22,35.72,-0.01,27,96457,中性盘
11:13:25,35.72,0.0,110,392920,卖盘
11:13:28,35.73,0.01,145,517952,买盘
11:13:31,35.72,-0.01,92,328708,卖盘
11:13:34,35.72,0.0,86,307202,卖盘
11:13:37,35.72,0.0,91,325052,卖盘
11:13:40,35.73,0.01,3,10719,买盘
11:13:43,35.72,-0.01,155,553681,卖盘
11:13:46,35.72,0.0,12,42864,卖盘
11:13:49,35.73,0.01,281,1003737,买盘
11:13:52,35.73,0.0,43,153636,买盘
11:13:55,35.73,0.0,595,2125705,买盘
11:13:58,35.71,-0.02,121,432172,卖盘
11:14:01,35.72,0.01,14,50008,卖盘
11:14:04,35.72,0.0,207,739321,卖盘
11:14:07,35.73,0.01,15,53594,买盘
11:14:10,35.72,-0.01,17,60725,卖盘
11:14:13,35.73,0.01,60,214292,买盘
11:14:16,35.72,-0.01,5,17861,中性盘
11:14:19,35.7,-0.02,132,471455,卖盘
11:14:22,35.72,0.02,22,78591,中性盘
11:14:25,35.73,0.01,100,357082,买盘
11:14:28,35.71,-0.02,31,110705,卖盘
11:14:31,35.73,0.02,159,567891,买盘
11:14:34,35.7,-0.03,282,1006763,卖盘
11:14:37,35.7,0.0,122,435622,卖盘
11:14:40,35.7,0.0,5,17854,卖盘
11:14:43,35.7,0.0,123,439112,卖盘
11:14:46,35.7,0.0,1,3570,卖盘
11:14:52,35.72,0.02,15,53568,买盘
11:14:55,35.72,0.0,20,71433,买盘
11:14:58,35.71,-0.01,4,14284,卖盘
11:15:01,35.71,0.0,4,14285,卖盘
11:15:04,35.71,0.0,27,96417,卖盘
11:15:05,35.72,0.01,52,185694,买盘
11:15:10,35.71,-0.01,1,3571,卖盘
11:15:13,35.72,0.01,120,428614,买盘
11:15:16,35.71,-0.01,169,603516,卖盘
11:15:19,35.71,0.0,47,167837,卖盘
11:15:22,35.72,0.01,12,42864,买盘
11:15:25,35.71,-0.01,140,499966,卖盘
11:15:28,35.72,0.01,21,75002,买盘
11:15:31,35.72,0.0,8,28576,买盘
11:15:34,35.71,-0.01,122,435749,卖盘
11:15:37,35.71,0.0,55,196414,卖盘
11:15:40,35.71,0.0,15,53565,卖盘
11:15:43,35.71,0.0,43,153553,卖盘
11:15:46,35.71,0.0,38,135698,卖盘
11:15:49,35.72,0.01,14,50008,买盘
11:15:52,35.71,-0.01,647,2310060,卖盘
11:15:55,35.71,0.0,13,46424,买盘
11:15:58,35.7,-0.01,178,635363,卖盘
11:16:01,35.72,0.02,5,17859,买盘
11:16:04,35.71,-0.01,24,85704,卖盘
11:16:07,35.71,0.0,11,38888,卖盘
11:16:10,35.7,-0.01,22,78961,卖盘
11:16:13,35.7,0.0,18,64268,卖盘
11:16:16,35.7,0.0,8,28565,卖盘
11:16:19,35.71,0.01,1,3571,买盘
11:16:22,35.7,-0.01,602,2148411,卖盘
11:16:25,35.71,0.01,78,278495,买盘
11:16:28,35.71,0.0,174,621313,卖盘
11:16:31,35.71,0.0,65,232064,中性盘
11:16:34,35.72,0.01,63,225036,买盘
11:16:37,35.71,-0.01,39,139292,卖盘
11:16:40,35.72,0.01,5,17860,中性盘
11:16:43,35.72,0.0,102,364194,中性盘
11:16:46,35.72,0.0,49,175028,买盘
11:16:49,35.72,0.0,50,178502,买盘
11:16:52,35.73,0.01,51,182187,买盘
11:16:55,35.68,-0.05,587,2093913,卖盘
11:16:58,35.68,0.0,28,99904,卖盘
11:17:01,35.71,0.03,516,1843766,买盘
11:17:04,35.71,0.0,191,681702,买盘
11:17:07,35.68,-0.03,54,192840,卖盘
11:17:10,35.7,0.02,82,292658,买盘
11:17:13,35.7,0.0,40,142804,卖盘
11:17:16,35.74,0.04,13,46462,买盘
11:17:19,35.7,-0.04,7,24990,卖盘
11:17:22,35.7,0.0,58,207060,卖盘
11:17:25,35.67,-0.03,629,2244146,卖盘
11:17:28,35.73,0.06,42,150031,买盘
11:17:31,35.72,-0.01,22,78593,卖盘
11:17:34,35.72,0.0,171,610828,卖盘
11:17:37,35.73,0.01,14,50022,买盘
11:17:40,35.73,0.0,14,50009,买盘
11:17:43,35.73,0.0,13,46439,买盘
11:17:46,35.73,0.0,52,185782,买盘
11:17:49,35.73,0.0,33,117906,买盘
11:17:52,35.73,0.0,13,46439,买盘
11:17:55,35.72,-0.01,27,96451,卖盘
11:17:58,35.73,0.01,614,2191115,买盘
11:18:01,35.73,0.0,29,103616,买盘
11:18:04,35.73,0.0,94,335494,买盘
11:18:07,35.73,0.0,7,25007,买盘
11:18:10,35.73,0.0,116,414101,买盘
11:18:13,35.73,0.0,65,232287,买盘
11:18:16,35.73,0.0,14,50022,卖盘
11:18:19,35.72,-0.01,30,107044,中性盘
11:18:22,35.72,0.0,10,35720,买盘
11:18:25,35.72,0.0,10,35684,买盘
11:18:28,35.7,-0.02,602,2147477,中性盘
11:18:31,35.73,0.03,92,328642,买盘
11:18:34,35.73,0.0,27,96455,买盘
11:18:37,35.73,0.0,8,28584,买盘
11:18:40,35.72,-0.01,128,457230,卖盘
11:18:43,35.7,-0.02,109,389240,卖盘
11:18:46,35.72,0.02,6,21427,买盘
11:18:49,35.7,-0.02,69,246334,卖盘
11:18:52,35.7,0.0,157,560500,卖盘
11:18:55,35.71,0.01,1,3571,卖盘
11:18:58,35.67,-0.04,586,2090418,卖盘
11:19:01,35.68,0.01,46,164198,卖盘
11:19:04,35.72,0.04,34,121537,买盘
11:19:07,35.71,-0.01,61,217736,卖盘
11:19:10,35.72,0.01,44,157100,卖盘
11:19:13,35.7,-0.02,55,196345,卖盘
11:19:16,35.7,0.0,22,78540,买盘
11:19:19,35.69,-0.01,81,289121,卖盘
11:19:22,35.7,0.01,67,239190,买盘
11:19:25,35.69,-0.01,66,235565,卖盘
11:19:28,35.69,0.0,69,246261,卖盘
11:19:31,35.72,0.03,646,2304868,买盘
11:19:34,35.69,-0.03,110,392681,卖盘
11:19:37,35.69,0.0,59,210571,买盘
11:19:40,35.68,-0.01,177,631792,卖盘
11:19:43,35.69,0.01,7,24989,卖盘
11:19:46,35.69,0.0,14,49974,卖盘
11:19:49,35.7,0.01,49,174930,卖盘
11:19:52,35.7,0.0,23,82110,卖盘
11:19:55,35.7,0.0,59,210628,买盘
11:19:58,35.69,-0.01,17,60684,卖盘
11:20:01,35.67,-0.02,167,595803,卖盘
11:20:04,35.67,0.0,56,199752,买盘
11:20:07,35.67,0.0,110,392320,买盘
11:20:10,35.67,0.0,33,117711,买盘
11:20:13,35.67,0.0,481,1715580,买盘
11:20:16,35.69,0.02,103,367510,买盘
11:20:19,35.69,0.0,6,21511,买盘
11:20:22,35.67,-0.02,140,499397,买盘
11:20:25,35.7,0.03,84,299880,买盘
11:20:31,35.71,0.01,80,285659,买盘
11:20:34,35.71,0.0,750,2676015,卖盘
11:20:37,35.72,0.01,77,275017,买盘
11:20:40,35.72,0.0,2,7144,卖盘
11:20:43,35.73,0.01,187,667874,买盘
11:20:49,35.72,-0.01,2,7144,卖盘
11:20:52,35.72,0.0,27,96426,中性盘
11:20:55,35.72,0.0,13,48792,买盘
11:20:58,35.71,-0.01,33,117843,卖盘
11:21:01,35.72,0.01,8,28575,买盘
11:21:04,35.72,0.0,2,7144,买盘
11:21:07,35.71,-0.01,1,3571,卖盘
11:21:10,35.72,0.01,19,67852,买盘
11:21:13,35.71,-0.01,218,776324,卖盘
11:21:19,35.7,-0.01,4,14280,卖盘
11:21:22,35.71,0.01,72,257053,买盘
11:21:25,35.71,0.0,181,648687,买盘
11:21:28,35.71,0.0,14,49994,卖盘
11:21:31,35.71,0.0,65,232121,卖盘
11:21:34,35.71,0.0,178,633259,卖盘
11:21:37,35.71,0.0,46,164259,买盘
11:21:40,35.7,-0.01,7,24996,卖盘
11:21:43,35.71,0.01,68,242779,买盘
11:21:46,35.71,0.0,123,439132,买盘
11:21:49,35.7,-0.01,9,32137,卖盘
11:21:52,35.7,0.0,161,574770,卖盘
11:21:55,35.71,0.01,28,99979,买盘
11:21:58,35.71,0.0,38,135664,买盘
11:22:01,35.69,-0.02,44,157050,卖盘
11:22:04,35.71,0.02,29,103554,买盘
11:22:07,35.71,0.0,33,117826,买盘
11:22:10,35.7,-0.01,30,107119,卖盘
11:22:11,35.7,0.0,143,510549,中性盘
11:22:16,35.7,0.0,139,496174,买盘
11:22:19,35.68,-0.02,240,856661,卖盘
11:22:22,35.68,0.0,40,142720,买盘
11:22:25,35.68,0.0,100,356800,买盘
11:22:28,35.67,-0.01,1,5922,卖盘
11:22:31,35.67,0.0,171,609963,卖盘
11:22:34,35.66,-0.01,657,2343398,卖盘
11:22:37,35.71,0.05,6,21406,买盘
11:22:40,35.67,-0.04,45,160533,卖盘
11:22:43,35.67,0.0,153,545753,卖盘
11:22:46,35.68,0.01,1,3568,买盘
11:22:49,35.68,0.0,2,7136,买盘
11:22:52,35.67,-0.01,166,592141,卖盘
11:22:55,35.67,0.0,20,71340,买盘
11:22:58,35.67,0.0,2,7134,卖盘
11:23:01,35.67,0.0,124,442313,买盘
11:23:04,35.68,0.01,33,117714,买盘
11:23:07,35.68,0.0,24,85634,卖盘
11:23:10,35.68,0.0,4,14272,卖盘
11:23:13,35.7,0.02,205,731494,买盘
11:23:16,35.68,-0.02,56,199852,卖盘
11:23:19,35.68,0.0,11,39249,卖盘
11:23:22,35.68,0.0,26,91204,卖盘
11:23:25,35.7,0.02,7,24989,买盘
11:23:28,35.69,-0.01,6,21417,卖盘
11:23:31,35.68,-0.01,59,210570,卖盘
11:23:34,35.66,-0.02,1020,3638514,卖盘
11:23:37,35.69,0.03,5,17845,买盘
11:23:40,35.68,-0.01,20,71360,卖盘
11:23:43,35.7,0.02,94,335495,买盘
11:23:46,35.69,-0.01,1,3569,卖盘
11:23:49,35.69,0.0,5,17846,卖盘
11:23:52,35.69,0.0,158,563902,卖盘
11:23:55,35.7,0.01,60,214151,买盘
11:23:58,35.7,0.0,50,178440,买盘
11:24:01,35.69,-0.01,3,10707,卖盘
11:24:04,35.7,0.01,30,107088,买盘
11:24:07,35.69,-0.01,38,135657,卖盘
11:24:10,35.69,0.0,4,14277,卖盘
11:24:13,35.7,0.01,227,810224,买盘
11:24:16,35.69,-0.01,32,114235,卖盘
11:24:19,35.69,0.0,85,303410,卖盘
11:24:22,35.7,0.01,103,367651,买盘
11:24:25,35.7,0.0,151,539068,买盘
11:24:28,35.7,0.0,48,171350,买盘
11:24:31,35.7,0.0,17,60687,买盘
11:24:34,35.69,-0.01,251,895909,卖盘
11:24:37,35.7,0.01,6,21420,买盘
11:24:40,35.69,-0.01,59,210625,卖盘
11:24:43,35.7,0.01,178,635459,买盘
11:24:49,35.7,0.0,84,299952,卖盘
11:24:52,35.7,0.0,65,233007,卖盘
11:24:55,35.7,0.0,115,410566,卖盘
11:24:58,35.7,0.0,69,246326,买盘
11:25:01,35.71,0.01,33,117835,中性盘
11:25:04,35.72,0.01,46,164287,买盘
11:25:07,35.71,-0.01,17,60721,中性盘
11:25:10,35.71,0.0,12,42850,卖盘
11:25:13,35.71,0.0,13,46412,中性盘
11:25:16,35.71,0.0,48,171408,买盘
11:25:19,35.71,0.0,6,21426,买盘
11:25:22,35.71,0.0,88,314248,买盘
11:25:25,35.71,0.0,39,139269,买盘
11:25:28,35.71,0.0,41,146411,卖盘
11:25:31,35.72,0.01,12,42859,买盘
11:25:34,35.72,0.0,283,1010719,买盘
11:25:37,35.71,-0.01,18,64297,卖盘
11:25:46,35.73,0.02,6,21436,买盘
11:25:49,35.72,-0.01,22,78604,卖盘
11:25:52,35.72,0.0,759,2710660,卖盘
11:25:55,35.72,0.0,36,128592,卖盘
11:25:58,35.71,-0.01,38,135732,卖盘
11:26:01,35.72,0.01,7,25004,买盘
11:26:04,35.72,0.0,98,349956,买盘
11:26:07,35.7,-0.02,209,746140,卖盘
11:26:10,35.71,0.01,81,289288,卖盘
11:26:13,35.71,0.0,83,296396,卖盘
11:26:16,35.71,0.0,18,64278,买盘
11:26:19,35.7,-0.01,31,111170,卖盘
11:26:22,35.71,0.01,5,17855,买盘
11:26:25,35.7,-0.01,3,10712,卖盘
11:26:28,35.71,0.01,138,492785,买盘
11:26:31,35.7,-0.01,13,46418,卖盘
11:26:34,35.71,0.01,241,860454,买盘
11:26:37,35.71,0.0,6,21426,买盘
11:26:40,35.71,0.0,9,32139,买盘
11:26:46,35.71,0.0,141,503511,买盘
11:26:49,35.71,0.0,5,17855,买盘
11:26:52,35.71,0.0,90,321349,买盘
11:26:55,35.7,-0.01,171,610487,卖盘
11:26:58,35.71,0.01,6,21426,卖盘
11:27:01,35.72,0.01,83,296340,买盘
11:27:04,35.72,0.0,11,39291,买盘
11:27:07,35.72,0.0,12,42853,买盘
11:27:10,35.71,-0.01,23,82133,卖盘
11:27:13,35.71,0.0,19,67849,卖盘
11:27:16,35.71,0.0,15,53565,买盘
11:27:19,35.7,-0.01,322,1149050,卖盘
11:27:22,35.69,-0.01,12,42125,卖盘
11:27:25,35.7,0.01,12,42840,买盘
11:27:28,35.7,0.0,371,1324970,买盘
11:27:31,35.7,0.0,30,107100,卖盘
11:27:34,35.7,0.0,387,1381686,卖盘
11:27:37,35.71,0.01,22,78554,买盘
11:27:43,35.7,-0.01,44,157118,卖盘
11:27:46,35.7,0.0,120,428414,卖盘
11:27:49,35.7,0.0,5,17850,买盘
11:27:52,35.7,0.0,15,53550,买盘
11:27:55,35.7,0.0,184,656717,买盘
11:27:58,35.69,-0.01,22,78528,卖盘
11:28:01,35.7,0.01,9,32129,买盘
11:28:04,35.7,0.0,28,99960,买盘
11:28:07,35.7,0.0,4,14280,卖盘
11:28:10,35.7,0.0,37,132107,卖盘
11:28:13,35.7,0.0,94,335580,卖盘
11:28:16,35.7,0.0,130,464100,买盘
11:28:19,35.7,0.0,12,42840,买盘
11:28:22,35.71,0.01,45,160692,买盘
11:28:25,35.71,0.0,31,110701,卖盘
11:28:28,35.72,0.01,8,28575,买盘
11:28:31,35.72,0.0,14,49999,买盘
11:28:34,35.71,-0.01,119,424949,卖盘
11:28:37,35.71,0.0,3,10713,买盘
11:28:43,35.7,-0.01,65,232059,卖盘
11:28:46,35.7,0.0,19,67833,卖盘
11:28:49,35.7,0.0,48,171388,卖盘
11:28:52,35.71,0.01,5,17853,买盘
11:28:55,35.7,-0.01,160,571272,卖盘
11:28:58,35.71,0.01,4,14284,卖盘
11:29:01,35.7,-0.01,238,850101,卖盘
11:29:04,35.7,0.0,29,103548,卖盘
11:29:07,35.71,0.01,35,124985,买盘
11:29:10,35.71,0.0,12,42852,买盘
11:29:13,35.7,-0.01,157,560544,卖盘
11:29:16,35.71,0.01,36,128537,卖盘
11:29:19,35.71,0.0,61,217889,卖盘
11:29:22,35.72,0.01,14,50008,买盘
11:29:25,35.72,0.0,22,78571,买盘
11:29:31,35.72,0.0,5,17860,卖盘
11:29:34,35.72,0.0,168,600100,卖盘
11:29:37,35.72,0.0,17,60724,买盘
11:29:40,35.72,0.0,10,35720,买盘
11:29:43,35.71,-0.01,210,749910,卖盘
11:29:46,35.71,0.0,4,14284,卖盘
11:29:49,35.72,0.01,19,67868,买盘
11:29:52,35.71,-0.01,40,142870,卖盘
11:29:55,35.72,0.01,168,599939,买盘
11:29:58,35.72,0.0,9,32142,买盘
11:30:01,35.72,0.0,10,35720,买盘
13:00:02,35.74,0.02,870,3107990,买盘
13:00:05,35.72,-0.02,821,2933231,卖盘
13:00:08,35.73,0.01,358,1279290,买盘
13:00:11,35.74,0.01,91,325216,买盘
13:00:14,35.73,-0.01,201,718083,卖盘
13:00:17,35.73,0.0,77,275140,买盘
13:00:20,35.73,0.0,38,135774,买盘
13:00:23,35.73,0.0,39,139347,买盘
13:00:26,35.73,0.0,93,332257,买盘
13:00:29,35.73,0.0,10,35730,买盘
13:00:32,35.72,-0.01,11,39300,卖盘
13:00:35,35.73,0.01,281,1003842,买盘
13:00:38,35.73,0.0,39,139348,卖盘
13:00:41,35.73,0.0,7,25015,卖盘
13:00:44,35.73,0.0,5,17866,卖盘
13:00:47,35.74,0.01,25,89350,买盘
13:00:50,35.73,-0.01,1,3573,卖盘
13:00:53,35.74,0.01,90,321639,买盘
13:00:56,35.73,-0.01,113,403749,卖盘
13:00:59,35.72,-0.01,550,1964828,卖盘
13:01:02,35.73,0.01,128,457238,中性盘
13:01:05,35.72,-0.01,564,2014680,卖盘
13:01:08,35.73,0.01,142,507253,买盘
13:01:11,35.73,0.0,249,889449,买盘
13:01:14,35.73,0.0,62,221515,买盘
13:01:17,35.72,-0.01,160,571445,卖盘
13:01:20,35.72,0.0,91,324991,买盘
13:01:23,35.72,0.0,100,357190,买盘
13:01:26,35.72,0.0,82,292904,买盘
13:01:29,35.71,-0.01,369,1318089,卖盘
13:01:32,35.71,0.0,116,414289,卖盘
13:01:35,35.73,0.02,356,1269329,买盘
13:01:38,35.73,0.0,80,285691,买盘
13:01:41,35.73,0.0,116,414453,买盘
13:01:44,35.73,0.0,5,17865,买盘
13:01:47,35.73,0.0,28,100043,买盘
13:01:50,35.73,0.0,7,25011,买盘
13:01:53,35.72,-0.01,42,150062,卖盘
13:01:56,35.71,-0.01,81,289327,卖盘
13:01:59,35.71,0.0,4,14284,卖盘
13:02:02,35.72,0.01,15,53571,买盘
13:02:05,35.71,-0.01,99,353534,卖盘
13:02:08,35.71,0.0,104,371406,卖盘
13:02:11,35.71,0.0,146,521348,卖盘
13:02:14,35.71,0.0,15,53565,买盘
13:02:17,35.71,0.0,67,239197,买盘
13:02:20,35.7,-0.01,31,110699,卖盘
13:02:23,35.7,0.0,47,167790,卖盘
13:02:26,35.71,0.01,13,46421,买盘
13:02:29,35.7,-0.01,783,2795318,卖盘
13:02:32,35.71,0.01,327,1167707,买盘
13:02:35,35.72,0.01,274,978538,买盘
13:02:37,35.71,-0.01,117,417808,卖盘
13:02:41,35.71,0.0,969,3459705,卖盘
13:02:44,35.71,0.0,43,153553,卖盘
13:02:46,35.7,-0.01,65,232103,卖盘
13:02:50,35.71,0.01,7,24994,买盘
13:02:53,35.71,0.0,29,103542,买盘
13:02:56,35.7,-0.01,157,560490,卖盘
13:02:59,35.71,0.01,19,67840,买盘
13:03:02,35.7,-0.01,218,780337,卖盘
13:03:05,35.7,0.0,41,146370,买盘
13:03:08,35.7,0.0,556,1984405,买盘
13:03:10,35.7,0.0,43,153503,买盘
13:03:14,35.69,-0.01,5,17847,卖盘
13:03:17,35.7,0.01,172,613878,买盘
13:03:19,35.69,-0.01,5,17846,卖盘
13:03:22,35.69,0.0,18,64258,卖盘
13:03:29,35.7,0.01,20,71397,买盘
13:03:32,35.7,0.0,86,306982,买盘
13:03:35,35.69,-0.01,208,742361,卖盘
13:03:38,35.7,0.01,153,546116,买盘
13:03:44,35.7,0.0,11,39269,买盘
13:03:47,35.69,-0.01,20,71380,卖盘
13:03:50,35.7,0.01,50,178500,买盘
13:03:53,35.69,-0.01,111,396169,卖盘
13:03:56,35.69,0.0,111,396159,卖盘
13:03:59,35.69,0.0,43,153467,买盘
13:04:02,35.69,0.0,21,74950,买盘
13:04:05,35.69,0.0,68,242691,买盘
13:04:08,35.69,0.0,15,53543,卖盘
13:04:11,35.7,0.01,111,396270,买盘
13:04:14,35.7,0.0,81,289168,买盘
13:04:17,35.69,-0.01,111,396159,卖盘
13:04:20,35.69,0.0,43,153466,买盘
13:04:23,35.69,0.0,30,107068,买盘
13:04:29,35.7,0.01,17,60690,买盘
13:04:31,35.7,0.0,58,207125,买盘
13:04:35,35.69,-0.01,263,938716,卖盘
13:04:38,35.69,0.0,100,356988,卖盘
13:04:41,35.7,0.01,6,21420,买盘
13:04:44,35.7,0.0,10,35698,买盘
13:04:47,35.7,0.0,497,1773366,买盘
13:04:50,35.7,0.0,20,71390,买盘
13:04:53,35.7,0.0,288,1027650,买盘
13:04:56,35.69,-0.01,93,331988,卖盘
13:04:59,35.69,0.0,2,7138,买盘
13:05:02,35.68,-0.01,5,17840,卖盘
13:05:05,35.69,0.01,17,60673,买盘
13:05:09,35.68,-0.01,14,49952,卖盘
13:05:11,35.69,0.01,14,49966,买盘
13:05:14,35.69,0.0,7,24981,买盘
13:05:17,35.69,0.0,276,984887,买盘
13:05:21,35.68,-0.01,185,660080,卖盘
13:05:22,35.69,0.01,36,128474,买盘
13:05:27,35.68,-0.01,64,228400,卖盘
13:05:32,35.68,0.0,43,153455,卖盘
13:05:35,35.69,0.01,43,153451,中性盘
13:05:38,35.69,0.0,117,417565,买盘
13:05:41,35.68,-0.01,27,96350,卖盘
13:05:44,35.69,0.01,53,189117,买盘
13:05:47,35.69,0.0,24,85636,买盘
13:05:50,35.68,-0.01,126,449636,卖盘
13:05:53,35.69,0.01,3,10705,中性盘
13:05:55,35.68,-0.01,157,560176,卖盘
13:06:02,35.69,0.01,11,39253,买盘
13:06:05,35.68,-0.01,32,114176,卖盘
13:06:08,35.68,0.0,136,485248,卖盘
13:06:11,35.68,0.0,201,717176,卖盘
13:06:14,35.68,0.0,27,96361,卖盘
13:06:17,35.69,0.01,173,617278,买盘
13:06:20,35.69,0.0,13,46397,买盘
13:06:26,35.7,0.01,377,1345517,买盘
13:06:32,35.69,-0.01,5,17845,卖盘
13:06:35,35.69,0.0,93,331843,卖盘
13:06:38,35.69,0.0,132,471108,卖盘
13:06:44,35.69,0.0,4,14274,买盘
13:06:46,35.68,-0.01,22,78517,卖盘
13:06:49,35.69,0.01,25,89224,买盘
13:06:53,35.69,0.0,44,157036,卖盘
13:06:55,35.69,0.0,18,64242,卖盘
13:06:59,35.67,-0.02,366,1305932,卖盘
13:07:02,35.67,0.0,110,392476,卖盘
13:07:05,35.68,0.01,8,28544,买盘
13:07:08,35.68,0.0,135,481680,买盘
13:07:13,35.67,-0.01,5,17837,卖盘
13:07:17,35.68,0.01,241,859731,买盘
13:07:19,35.68,0.0,4,14272,买盘
13:07:23,35.68,0.0,232,827766,买盘
13:07:25,35.68,0.0,5,17840,卖盘
13:07:29,35.68,0.0,43,153424,卖盘
13:07:32,35.68,0.0,82,292577,卖盘
13:07:35,35.68,0.0,9,32116,卖盘
13:07:37,35.69,0.01,264,942059,买盘
13:07:41,35.69,0.0,125,446041,卖盘
13:07:44,35.69,0.0,49,174881,卖盘
13:07:52,35.69,0.0,17,60678,卖盘
13:07:55,35.69,0.0,212,756645,卖盘
13:07:58,35.7,0.01,33,117794,买盘
13:08:02,35.69,-0.01,11,39266,卖盘
13:08:05,35.7,0.01,81,289161,买盘
13:08:08,35.7,0.0,3,10710,买盘
13:08:10,35.7,0.0,7,24990,买盘
13:08:13,35.69,-0.01,36,128492,卖盘
13:08:17,35.69,0.0,115,410435,卖盘
13:08:19,35.7,0.01,129,460483,买盘
13:08:23,35.69,-0.01,23,82087,卖盘
13:08:25,35.69,0.0,73,260490,买盘
13:08:29,35.69,0.0,21,74949,买盘
13:08:32,35.69,0.0,64,228416,买盘
13:08:34,35.69,0.0,8,28552,买盘
13:08:38,35.7,0.01,241,859993,买盘
13:08:40,35.69,-0.01,5,17845,中性盘
13:08:44,35.69,0.0,3,10707,卖盘
13:08:46,35.68,-0.01,123,439021,卖盘
13:08:49,35.68,0.0,75,267605,卖盘
13:08:52,35.69,0.01,36,128484,卖盘
13:08:56,35.69,0.0,212,756634,卖盘
13:08:59,35.69,0.0,30,107070,买盘
13:09:01,35.68,-0.01,5,17841,卖盘
13:09:05,35.68,0.0,8,28549,卖盘
13:09:07,35.69,0.01,22,78518,买盘
13:09:11,35.69,0.0,140,499593,买盘
13:09:13,35.69,0.0,30,107083,买盘
13:09:17,35.69,0.0,175,624431,中性盘
13:09:19,35.68,-0.01,243,867108,卖盘
13:09:23,35.68,0.0,220,785004,卖盘
13:09:26,35.68,0.0,15,53520,买盘
13:09:28,35.68,0.0,7,24976,买盘
13:09:31,35.68,0.0,7,24976,买盘
13:09:34,35.68,0.0,29,103472,买盘
13:09:38,35.68,0.0,269,959610,买盘
13:09:40,35.67,-0.01,49,174824,卖盘
13:09:44,35.67,0.0,6,21402,卖盘
13:09:46,35.68,0.01,26,92768,买盘
13:09:49,35.68,0.0,28,99890,买盘
13:09:52,35.68,0.0,54,192659,买盘
13:09:55,35.68,0.0,210,749107,买盘
13:09:58,35.67,-0.01,22,78486,卖盘
13:10:01,35.68,0.01,126,449567,买盘
13:10:04,35.69,0.01,13,46387,买盘
13:10:08,35.69,0.0,18,64228,买盘
13:10:13,35.69,0.0,30,107070,买盘
13:10:16,35.68,-0.01,168,599435,卖盘
13:10:22,35.68,0.0,41,146318,卖盘
13:10:25,35.69,0.01,21,74947,买盘
13:10:29,35.69,0.0,57,203428,买盘
13:10:31,35.68,-0.01,461,1644862,卖盘
13:10:34,35.68,0.0,82,292582,卖盘
13:10:37,35.68,0.0,143,510224,卖盘
13:10:40,35.66,-0.02,650,2318672,卖盘
13:10:42,35.66,0.0,5,17833,卖盘
13:10:46,35.66,0.0,717,2556939,卖盘
13:10:53,35.67,0.01,48,171216,买盘
13:10:56,35.66,-0.01,208,739741,卖盘
13:10:58,35.66,0.0,28,99848,买盘
13:11:01,35.65,-0.01,4,14260,卖盘
13:11:04,35.66,0.01,16,57054,买盘
13:11:07,35.66,0.0,46,166033,买盘
13:11:10,35.65,-0.01,44,156903,卖盘
13:11:13,35.66,0.01,43,153335,买盘
13:11:16,35.66,0.0,259,923646,卖盘
13:11:19,35.65,-0.01,603,2150139,卖盘
13:11:22,35.66,0.01,44,156918,卖盘
13:11:25,35.66,0.0,2,7133,卖盘
13:11:28,35.66,0.0,126,449316,卖盘
13:11:31,35.67,0.01,129,460120,买盘
13:11:34,35.66,-0.01,182,649017,卖盘
13:11:37,35.66,0.0,249,887934,买盘
13:11:40,35.66,0.0,92,328066,买盘
13:11:43,35.65,-0.01,394,1405052,卖盘
13:11:46,35.66,0.01,588,2096274,中性盘
13:11:49,35.67,0.01,269,959158,买盘
13:11:52,35.67,0.0,27,96309,卖盘
13:11:55,35.67,0.0,257,916761,卖盘
13:11:58,35.67,0.0,156,556585,卖盘
13:12:01,35.68,0.01,77,274727,中性盘
13:12:04,35.68,0.0,17,60661,卖盘
13:12:07,35.67,-0.01,672,2397605,卖盘
13:12:10,35.68,0.01,586,2090844,卖盘
13:12:13,35.68,0.0,32,114176,买盘
13:12:16,35.68,0.0,219,781229,买盘
13:12:19,35.68,0.0,55,196240,买盘
13:12:23,35.68,0.0,87,310369,买盘
13:12:25,35.68,0.0,13,46396,卖盘
13:12:31,35.69,0.01,18,64231,买盘
13:12:34,35.69,0.0,331,1181339,买盘
13:12:37,35.69,0.0,247,881627,卖盘
13:12:40,35.7,0.01,926,3305820,买盘
13:12:43,35.71,0.01,154,549897,买盘
13:12:46,35.7,-0.01,113,403481,卖盘
13:12:49,35.72,0.02,447,1596686,买盘
13:12:52,35.73,0.01,26,92898,买盘
13:12:55,35.73,0.0,38,135752,买盘
13:12:59,35.73,0.0,328,1171787,买盘
13:13:02,35.73,0.0,267,954221,买盘
13:13:04,35.73,0.0,5,17865,卖盘
13:13:07,35.74,0.01,26,92916,买盘
13:13:10,35.74,0.0,13,46451,买盘
13:13:14,35.74,0.0,56,200144,买盘
13:13:16,35.73,-0.01,256,914743,卖盘
13:13:19,35.74,0.01,82,293015,买盘
13:13:22,35.74,0.0,165,589710,买盘
13:13:25,35.74,0.0,33,117928,卖盘
13:13:29,35.75,0.01,280,1000878,买盘
13:13:31,35.74,-0.01,25,89356,中性盘
13:13:34,35.74,0.0,169,604159,卖盘
13:13:37,35.74,0.0,324,1158014,卖盘
13:13:40,35.73,-0.01,156,557431,卖盘
13:13:43,35.73,0.0,206,736038,买盘
13:13:46,35.73,0.0,14,50022,买盘
13:13:49,35.73,0.0,227,811070,买盘
13:13:52,35.73,0.0,1062,3794495,买盘
13:13:55,35.72,-0.01,29,103594,卖盘
13:13:58,35.72,0.0,116,414352,卖盘
13:14:01,35.71,-0.01,55,196456,卖盘
13:14:08,35.73,0.02,67,239337,买盘
13:14:14,35.73,0.0,649,2318863,买盘
13:14:16,35.72,-0.01,137,489368,卖盘
13:14:19,35.73,0.01,177,632384,买盘
13:14:22,35.74,0.01,27,96498,买盘
13:14:25,35.73,-0.01,65,232355,卖盘
13:14:28,35.73,0.0,21,75053,卖盘
13:14:31,35.75,0.02,9,32175,买盘
13:14:34,35.74,-0.01,124,443288,卖盘
13:14:37,35.74,0.0,152,543249,卖盘
13:14:40,35.73,-0.01,271,968678,卖盘
13:14:43,35.73,0.0,24,85790,卖盘
13:14:46,35.75,0.02,269,961657,买盘
13:14:49,35.76,0.01,460,1643345,买盘
13:14:52,35.76,0.0,519,1855944,买盘
13:14:55,35.76,0.0,96,343262,买盘
13:14:58,35.77,0.01,164,586361,买盘
13:15:01,35.77,0.0,306,1094561,买盘
13:15:04,35.77,0.0,353,1264171,买盘
13:15:07,35.75,-0.02,1998,7142777,卖盘
13:15:10,35.76,0.01,494,1766074,买盘
13:15:12,35.77,0.01,492,1758395,买盘
13:15:17,35.74,-0.03,205,732944,卖盘
13:15:19,35.77,0.03,29,103724,买盘
13:15:22,35.77,0.0,4,14308,买盘
13:15:25,35.71,-0.06,952,3400992,卖盘
13:15:28,35.77,0.06,124,443934,买盘
13:15:31,35.77,0.0,15,53261,卖盘
13:15:34,35.77,0.0,24,85848,买盘
13:15:37,35.76,-0.01,115,411249,卖盘
13:15:40,35.77,0.01,105,375550,买盘
13:15:43,35.76,-0.01,17,60792,买盘
13:15:45,35.75,-0.01,15,53640,卖盘
13:15:49,35.75,0.0,3,10725,卖盘
13:15:52,35.75,0.0,52,185942,卖盘
13:15:55,35.76,0.01,7,25032,卖盘
13:15:58,35.76,0.0,135,482760,卖盘
13:16:01,35.75,-0.01,29,103699,卖盘
13:16:04,35.75,0.0,6,21455,卖盘
13:16:07,35.75,0.0,60,214513,卖盘
13:16:10,35.75,0.0,167,597188,卖盘
13:16:13,35.75,0.0,13,46475,买盘
13:16:16,35.74,-0.01,25,89350,卖盘
13:16:19,35.74,0.0,5,17870,买盘
13:16:22,35.74,0.0,35,125090,买盘
13:16:25,35.75,0.01,108,386003,买盘
13:16:28,35.75,0.0,11,39315,买盘
13:16:31,35.75,0.0,32,114398,买盘
13:16:34,35.74,-0.01,74,264545,卖盘
13:16:37,35.75,0.01,158,564693,买盘
13:16:40,35.74,-0.01,224,800664,卖盘
13:16:43,35.74,0.0,70,250180,买盘
13:16:46,35.74,0.0,157,561116,买盘
13:16:49,35.73,-0.01,168,600279,卖盘
13:16:52,35.74,0.01,153,546675,买盘
13:16:55,35.73,-0.01,1145,4092434,中性盘
13:16:58,35.73,0.0,168,600266,卖盘
13:17:01,35.74,0.01,4,14296,卖盘
13:17:04,35.76,0.02,242,864780,买盘
13:17:07,35.75,-0.01,277,990270,中性盘
13:17:10,35.76,0.01,6,21453,买盘
13:17:13,35.77,0.01,117,419275,买盘
13:17:16,35.77,0.0,224,797842,买盘
13:17:19,35.77,0.0,357,1276969,买盘
13:17:22,35.77,0.0,124,443541,买盘
13:17:25,35.76,-0.01,341,1221776,卖盘
13:17:28,35.76,0.0,85,303960,买盘
13:17:31,35.76,0.0,84,300383,买盘
13:17:34,35.75,-0.01,46,164493,卖盘
13:17:37,35.76,0.01,492,1759008,买盘
13:17:40,35.76,0.0,475,1696097,买盘
13:17:43,35.76,0.0,2,7152,卖盘
13:17:46,35.76,0.0,59,210992,卖盘
13:17:49,35.76,0.0,92,329082,卖盘
13:17:52,35.76,0.0,1216,4347480,卖盘
13:17:55,35.77,0.01,1109,3967736,买盘
13:17:58,35.75,-0.02,230,822476,卖盘
13:18:01,35.77,0.02,27,96579,中性盘
13:18:04,35.75,-0.02,587,2099107,卖盘
13:18:07,35.76,0.01,84,300311,买盘
13:18:10,35.76,0.0,12,42912,买盘
13:18:13,35.76,0.0,198,708005,买盘
13:18:16,35.75,-0.01,214,765106,卖盘
13:18:19,35.77,0.02,21,75103,买盘
13:18:22,35.76,-0.01,66,236002,卖盘
13:18:25,35.76,0.0,42,150224,卖盘
13:18:28,35.76,0.0,16,57219,卖盘
13:18:31,35.76,0.0,75,268238,卖盘
13:18:34,35.76,0.0,20,71527,卖盘
13:18:37,35.76,0.0,120,429120,卖盘
13:18:40,35.76,0.0,239,854666,买盘
13:18:43,35.77,0.01,45,160958,买盘
13:18:46,35.77,0.0,267,955012,买盘
13:18:49,35.77,0.0,175,625943,买盘
13:18:52,35.77,0.0,20,71540,买盘
13:18:55,35.77,0.0,102,364826,买盘
13:18:58,35.77,0.0,193,690204,买盘
13:19:01,35.76,-0.01,30,107303,卖盘
13:19:04,35.77,0.01,369,1319712,买盘
13:19:07,35.77,0.0,63,225350,买盘
13:19:10,35.77,0.0,69,246813,买盘
13:19:13,35.78,0.01,110,393426,买盘
13:19:16,35.77,-0.01,175,625995,卖盘
13:19:19,35.77,0.0,9,32193,买盘
13:19:22,35.77,0.0,88,314776,买盘
13:19:25,35.77,0.0,36,128744,买盘
13:19:28,35.77,0.0,208,744016,买盘
13:19:31,35.77,0.0,59,211063,卖盘
13:19:34,35.78,0.01,26,93028,买盘
13:19:37,35.77,-0.01,210,751200,卖盘
13:19:40,35.78,0.01,237,847946,买盘
13:19:43,35.78,0.0,92,329172,买盘
13:19:46,35.77,-0.01,57,203889,卖盘
13:19:49,35.77,0.0,390,1394760,卖盘
13:19:52,35.77,0.0,66,236082,买盘
13:19:55,35.78,0.01,164,586673,买盘
13:19:58,35.76,-0.02,487,1741549,卖盘
13:20:01,35.78,0.02,374,1337624,买盘
13:20:04,35.78,0.0,40,143119,买盘
13:20:07,35.78,0.0,40,143100,买盘
13:20:11,35.78,0.0,29,103740,买盘
13:20:12,35.78,0.0,25,89450,买盘
13:20:16,35.79,0.01,1269,4541564,买盘
13:20:19,35.79,0.0,160,572641,卖盘
13:20:22,35.8,0.01,261,934048,买盘
13:20:25,35.79,-0.01,31,110965,卖盘
13:20:28,35.79,0.0,96,343584,买盘
13:20:31,35.79,0.0,87,311373,买盘
13:20:35,35.78,-0.01,33,118084,卖盘
13:20:37,35.79,0.01,197,704906,买盘
13:20:40,35.78,-0.01,362,1295403,卖盘
13:20:43,35.77,-0.01,500,1789220,卖盘
13:20:46,35.79,0.02,59,211139,买盘
13:20:50,35.8,0.01,46,164635,买盘
13:20:53,35.79,-0.01,18,65495,卖盘
13:20:55,35.8,0.01,1100,3936391,买盘
13:20:58,35.8,0.0,759,2716627,买盘
13:21:01,35.77,-0.03,263,941199,卖盘
13:21:04,35.78,0.01,406,1452343,中性盘
13:21:07,35.78,0.0,92,329267,卖盘
13:21:10,35.79,0.01,51,182529,买盘
13:21:14,35.78,-0.01,71,254054,卖盘
13:21:16,35.78,0.0,560,2003926,卖盘
13:21:19,35.78,0.0,75,268350,买盘
13:21:23,35.78,0.0,114,407814,买盘
13:21:25,35.76,-0.02,682,2438920,卖盘
13:21:28,35.8,0.04,516,1846865,买盘
13:21:31,35.76,-0.04,53,189528,买盘
13:21:34,35.76,0.0,36,128736,买盘
13:21:37,35.76,0.0,193,690011,买盘
13:21:41,35.75,-0.01,397,1421683,卖盘
13:21:44,35.76,0.01,112,398225,买盘
13:21:47,35.76,0.0,3,10728,卖盘
13:21:50,35.76,0.0,47,168195,卖盘
13:21:55,35.77,0.01,5,17883,中性盘
13:21:57,35.76,-0.01,174,622269,卖盘
13:22:01,35.77,0.01,90,321864,卖盘
13:22:05,35.78,0.01,16,57245,买盘
13:22:07,35.78,0.0,22,78715,买盘
13:22:10,35.78,0.0,2,7156,买盘
13:22:14,35.77,-0.01,11,39353,卖盘
13:22:16,35.78,0.01,54,193137,买盘
13:22:20,35.77,-0.01,76,271852,卖盘
13:22:22,35.77,0.0,76,271852,买盘
13:22:25,35.77,0.0,61,218194,买盘
13:22:29,35.77,0.0,28,100156,买盘
13:22:32,35.77,0.0,116,414931,买盘
13:22:35,35.77,0.0,148,529330,买盘
13:22:38,35.77,0.0,198,708246,买盘
13:22:40,35.78,0.01,318,1137548,买盘
13:22:44,35.77,-0.01,30,107330,卖盘
13:22:46,35.79,0.02,88,314850,买盘
13:22:50,35.77,-0.02,14,50078,卖盘
13:22:53,35.78,0.01,286,1023038,中性盘
13:22:56,35.78,0.0,15,53670,买盘
13:22:59,35.77,-0.01,122,436404,卖盘
13:23:02,35.77,0.0,113,404197,买盘
13:23:05,35.77,0.0,11,39347,买盘
13:23:08,35.76,-0.01,755,2700191,卖盘
13:23:10,35.78,0.02,2,7156,买盘
13:23:14,35.78,0.0,61,218212,买盘
13:23:16,35.78,0.0,115,411470,买盘
13:23:19,35.75,-0.03,572,2045336,卖盘
13:23:22,35.76,0.01,60,214560,卖盘
13:23:26,35.76,0.0,8,28608,买盘
13:23:28,35.75,-0.01,330,1179844,卖盘
13:23:32,35.76,0.01,33,118039,卖盘
13:23:35,35.77,0.01,31,110882,买盘
13:23:38,35.76,-0.01,289,1033465,卖盘
13:23:41,35.77,0.01,126,450645,买盘
13:23:44,35.78,0.01,138,493629,买盘
13:23:47,35.77,-0.01,4,14309,卖盘
13:23:49,35.77,0.0,22,78694,卖盘
13:23:53,35.77,0.0,107,382739,卖盘
13:23:55,35.79,0.02,1227,4391073,买盘
13:23:59,35.77,-0.02,200,715578,卖盘
13:24:02,35.79,0.02,24,85901,中性盘
13:24:05,35.8,0.01,19,68006,买盘
13:24:08,35.8,0.0,7,25055,买盘
13:24:11,35.79,-0.01,8,28632,卖盘
13:24:14,35.78,-0.01,58,207546,卖盘
13:24:17,35.79,0.01,12,42948,买盘
13:24:19,35.78,-0.01,54,193218,卖盘
13:24:23,35.79,0.01,184,658427,买盘
13:24:26,35.79,0.0,27,96633,卖盘
13:24:28,35.81,0.02,5983,21420703,买盘
13:24:32,35.81,0.0,231,827382,卖盘
13:24:34,35.81,0.0,517,1850883,卖盘
13:24:38,35.81,0.0,1278,4579488,卖盘
13:24:41,35.82,0.01,173,619769,中性盘
13:24:44,35.84,0.02,196,702238,买盘
13:24:50,35.84,0.0,291,1042935,买盘
13:24:53,35.84,0.0,140,501760,买盘
13:24:56,35.84,0.0,173,617551,买盘
13:24:59,35.82,-0.02,861,3084639,卖盘
13:25:02,35.85,0.03,71,254500,买盘
13:25:05,35.84,-0.01,109,390720,卖盘
13:25:07,35.85,0.01,114,408666,买盘
13:25:11,35.85,0.0,39,139804,买盘
13:25:14,35.85,0.0,23,82451,买盘
13:25:17,35.85,0.0,297,1064715,买盘
13:25:20,35.84,-0.01,242,867403,卖盘
13:25:23,35.85,0.01,67,240189,买盘
13:25:26,35.85,0.0,226,810208,买盘
13:25:28,35.85,0.0,14,50186,买盘
13:25:32,35.85,0.0,178,638120,买盘
13:25:35,35.85,0.0,615,2204680,买盘
13:25:38,35.85,0.0,813,2914661,卖盘
13:25:41,35.87,0.02,827,2965505,买盘
13:25:44,35.84,-0.03,376,1348189,卖盘
13:25:47,35.87,0.03,35,125536,买盘
13:25:50,35.87,0.0,39,139850,买盘
13:25:53,35.87,0.0,26,93259,买盘
13:25:56,35.85,-0.02,385,1380346,卖盘
13:25:58,35.85,0.0,368,1319296,卖盘
13:26:02,35.85,0.0,58,207924,买盘
13:26:05,35.85,0.0,32,114718,买盘
13:26:08,35.85,0.0,94,336990,买盘
13:26:11,35.85,0.0,624,2237398,买盘
13:26:14,35.84,-0.01,202,724046,卖盘
13:26:17,35.84,0.0,254,910523,卖盘
13:26:20,35.84,0.0,334,1197455,卖盘
13:26:23,35.84,0.0,103,369227,卖盘
13:26:26,35.84,0.0,61,218653,卖盘
13:26:29,35.84,0.0,304,1089781,卖盘
13:26:32,35.84,0.0,80,286427,卖盘
13:26:35,35.85,0.01,32,114710,买盘
13:26:38,35.84,-0.01,88,315447,买盘
13:26:41,35.84,0.0,274,981932,卖盘
13:26:44,35.85,0.01,104,372840,买盘
13:26:47,35.85,0.0,10,35844,买盘
13:26:50,35.84,-0.01,169,605716,卖盘
13:26:53,35.83,-0.01,10,35838,卖盘
13:26:56,35.83,0.0,253,906726,卖盘
13:26:58,35.83,0.0,104,372667,卖盘
13:27:02,35.82,-0.01,92,329599,卖盘
13:27:05,35.82,0.0,31,111061,卖盘
13:27:08,35.82,0.0,11,39412,卖盘
13:27:11,35.82,0.0,43,154059,卖盘
13:27:14,35.82,0.0,58,207779,卖盘
13:27:17,35.82,0.0,25,89562,卖盘
13:27:20,35.82,0.0,24,85968,买盘
13:27:23,35.81,-0.01,68,243556,卖盘
13:27:26,35.81,0.0,42,150405,卖盘
13:27:29,35.81,0.0,4,14326,卖盘
13:27:32,35.81,0.0,41,146823,卖盘
13:27:35,35.82,0.01,26,93132,买盘
13:27:38,35.81,-0.01,43,153984,卖盘
13:27:41,35.81,0.0,244,873850,卖盘
13:27:44,35.81,0.0,16,57308,卖盘
13:27:47,35.82,0.01,14,50148,买盘
13:27:50,35.82,0.0,23,82377,买盘
13:27:53,35.82,0.0,99,354615,买盘
13:27:56,35.81,-0.01,55,196971,卖盘
13:27:59,35.81,0.0,140,501340,卖盘
13:28:02,35.82,0.01,40,143259,买盘
13:28:05,35.82,0.0,18,64474,买盘
13:28:11,35.83,0.01,13,46578,买盘
13:28:14,35.82,-0.01,17,60897,卖盘
13:28:17,35.83,0.01,156,558945,买盘
13:28:20,35.83,0.0,159,569697,卖盘
13:28:23,35.84,0.01,46,164822,买盘
13:28:26,35.83,-0.01,134,480214,卖盘
13:28:29,35.84,0.01,36,129024,买盘
13:28:32,35.84,0.0,179,641533,买盘
13:28:35,35.84,0.0,93,333296,卖盘
13:28:41,35.84,0.0,150,537596,卖盘
13:28:44,35.85,0.01,261,935656,买盘
13:28:47,35.84,-0.01,17,60928,卖盘
13:28:50,35.84,0.0,10,35840,卖盘
13:28:53,35.84,0.0,44,157711,卖盘
13:28:56,35.86,0.02,866,3105674,买盘
13:28:59,35.86,0.0,178,638308,卖盘
13:29:02,35.87,0.01,323,1157738,买盘
13:29:05,35.85,-0.02,905,3246117,卖盘
13:29:08,35.85,0.0,116,416049,卖盘
13:29:11,35.87,0.02,80,286943,买盘
13:29:14,35.87,0.0,1322,4742012,买盘
13:29:17,35.86,-0.01,53,190108,卖盘
13:29:20,35.86,0.0,460,1649563,卖盘
13:29:23,35.86,0.0,45,161411,卖盘
13:29:26,35.87,0.01,226,810637,买盘
13:29:29,35.86,-0.01,29,104006,卖盘
13:29:32,35.86,0.0,46,164997,卖盘
13:29:35,35.87,0.01,160,573903,买盘
13:29:38,35.87,0.0,66,236737,买盘
13:29:41,35.87,0.0,221,792528,买盘
13:29:44,35.87,0.0,119,426853,买盘
13:29:47,35.87,0.0,98,351481,买盘
13:29:50,35.86,-0.01,454,1628494,卖盘
13:29:53,35.87,0.01,56,200872,买盘
13:29:56,35.87,0.0,1250,4484919,买盘
13:29:59,35.87,0.0,193,692150,买盘
13:30:02,35.87,0.0,34,121961,卖盘
13:30:05,35.87,0.0,33,118371,卖盘
13:30:08,35.88,0.01,33,118384,买盘
13:30:11,35.87,-0.01,90,322873,卖盘
13:30:14,35.88,0.01,42,150686,买盘
13:30:17,35.88,0.0,183,656594,买盘
13:30:20,35.88,0.0,219,785609,买盘
13:30:23,35.88,0.0,855,3067738,买盘
13:30:25,35.89,0.01,450,1615045,买盘
13:30:29,35.89,0.0,84,301517,卖盘
13:30:32,35.9,0.01,102,366095,买盘
13:30:35,35.9,0.0,48,172313,买盘
13:30:38,35.89,-0.01,149,534859,卖盘
13:30:41,35.9,0.01,859,3083648,买盘
13:30:44,35.91,0.01,450,1615445,买盘
13:30:47,35.91,0.0,229,822115,买盘
13:30:50,35.91,0.0,49,175944,买盘
13:30:53,35.9,-0.01,62,222620,卖盘
13:30:56,35.91,0.01,212,761278,买盘
13:30:59,35.91,0.0,519,1863530,买盘
13:31:02,35.91,0.0,262,940630,买盘
13:31:05,35.9,-0.01,482,1730396,卖盘
13:31:08,35.9,0.0,160,574327,买盘
13:31:11,35.89,-0.01,61,218968,卖盘
13:31:14,35.9,0.01,50,179489,买盘
13:31:17,35.89,-0.01,726,2605402,中性盘
13:31:20,35.88,-0.01,171,613413,卖盘
13:31:23,35.86,-0.02,67,240328,卖盘
13:31:26,35.88,0.02,42,150662,买盘
13:31:29,35.87,-0.01,90,322755,卖盘
13:31:32,35.87,0.0,211,757004,卖盘
13:31:35,35.87,0.0,505,1812316,买盘
13:31:38,35.87,0.0,330,1183715,买盘
13:31:41,35.86,-0.01,268,961126,卖盘
13:31:44,35.88,0.02,36,129149,买盘
13:31:47,35.89,0.01,21,75360,买盘
13:31:50,35.88,-0.01,85,304980,卖盘
13:31:53,35.88,0.0,44,157883,买盘
13:31:56,35.89,0.01,59,211695,买盘
13:31:59,35.88,-0.01,56,200945,卖盘
13:32:02,35.88,0.0,267,957942,卖盘
13:32:05,35.88,0.0,27,96879,买盘
13:32:08,35.87,-0.01,28,100451,卖盘
13:32:11,35.88,0.01,54,193752,买盘
13:32:14,35.88,0.0,33,118384,买盘
13:32:17,35.88,0.0,26,93284,买盘
13:32:20,35.87,-0.01,269,964923,卖盘
13:32:23,35.87,0.0,103,369461,买盘
13:32:26,35.85,-0.02,223,799677,卖盘
13:32:29,35.86,0.01,46,164957,中性盘
13:32:32,35.89,0.03,206,738912,买盘
13:32:35,35.87,-0.02,7,25109,卖盘
13:32:38,35.86,-0.01,176,631124,卖盘
13:32:41,35.85,-0.01,7,25099,卖盘
13:32:44,35.85,0.0,319,1143715,卖盘
13:32:47,35.85,0.0,10,35850,卖盘
13:32:50,35.85,0.0,50,179258,卖盘
13:32:53,35.86,0.01,32,114737,买盘
13:32:56,35.85,-0.01,49,175668,卖盘
13:32:59,35.86,0.01,226,810476,买盘
13:33:02,35.86,0.0,298,1068361,买盘
13:33:05,35.86,0.0,331,1186789,卖盘
13:33:08,35.86,0.0,19,68134,卖盘
13:33:11,35.84,-0.02,337,1208146,卖盘
13:33:14,35.85,0.01,19,68115,买盘
13:33:17,35.85,0.0,90,322650,买盘
13:33:18,35.84,-0.01,242,867328,卖盘
13:33:23,35.84,0.0,140,501680,买盘
13:33:26,35.84,0.0,566,2027711,买盘
13:33:29,35.83,-0.01,314,1124458,买盘
13:33:32,35.8,-0.03,21,75210,卖盘
13:33:35,35.82,0.02,5,17911,中性盘
13:33:38,35.82,0.0,13,46566,买盘
13:33:41,35.81,-0.01,388,1389283,中性盘
13:33:44,35.8,-0.01,248,888204,卖盘
13:33:47,35.82,0.02,23,82383,买盘
13:33:50,35.82,0.0,61,218512,卖盘
13:33:53,35.82,0.0,12,42984,卖盘
13:33:56,35.82,0.0,42,150444,卖盘
13:33:59,35.83,0.01,12,42996,买盘
13:34:02,35.82,-0.01,96,343868,卖盘
13:34:05,35.82,0.0,64,229166,买盘
13:34:08,35.82,0.0,58,207756,买盘
