time,price,change,volume,amount,type
09:25:04,35.9,-0.08,8740,31376600,卖盘
09:30:00,35.88,-0.02,651,2336225,卖盘
09:30:03,35.86,-0.02,1054,3781912,卖盘
09:30:06,35.86,0.0,1209,4336127,卖盘
09:30:09,35.85,-0.01,821,2944724,中性盘
09:30:12,35.82,-0.03,515,1847065,卖盘
09:30:15,35.86,0.04,254,910105,买盘
09:30:18,35.8,-0.06,877,3139824,卖盘
09:30:21,35.85,0.05,460,1648569,买盘
09:30:24,35.77,-0.08,428,1531708,卖盘
09:30:27,35.75,-0.02,393,1409609,卖盘
09:30:30,35.77,0.02,411,1469506,中性盘
09:30:33,35.76,-0.01,239,854813,卖盘
09:30:36,35.76,0.0,166,593941,卖盘
09:30:39,35.77,0.01,356,1273162,买盘
09:30:42,35.77,0.0,275,983691,买盘
09:30:45,35.77,0.0,192,686668,卖盘
09:30:48,35.76,-0.01,480,1716783,卖盘
09:30:51,35.76,0.0,215,768778,买盘
09:30:54,35.75,-0.01,796,2847468,卖盘
09:30:57,35.75,0.0,137,489829,卖盘
09:31:00,35.73,-0.02,271,968584,卖盘
09:31:03,35.73,0.0,366,1307621,买盘
09:31:06,35.72,-0.01,355,1267852,卖盘
09:31:09,35.7,-0.02,1283,4580793,卖盘
09:31:12,35.68,-0.02,158,563908,卖盘
09:31:15,35.7,0.02,276,985214,买盘
09:31:18,35.69,-0.01,169,603301,中性盘
09:31:21,35.7,0.01,189,674586,买盘
09:31:24,35.71,0.01,621,2216253,买盘
09:31:27,35.7,-0.01,235,838797,中性盘
09:31:30,35.7,0.0,202,721076,买盘
09:31:33,35.7,0.0,684,2441381,买盘
09:31:36,35.67,-0.03,573,2044768,卖盘
09:31:39,35.7,0.03,198,706794,买盘
09:31:42,35.69,-0.01,94,335556,中性盘
09:31:45,35.7,0.01,440,1570133,买盘
09:31:48,35.7,0.0,226,806900,卖盘
09:31:51,35.7,0.0,147,524823,卖盘
09:31:54,35.71,0.01,355,1265397,买盘
09:31:57,35.71,0.0,130,464310,卖盘
09:32:00,35.71,0.0,342,1221286,卖盘
09:32:03,35.72,0.01,296,1057217,买盘
09:32:06,35.72,0.0,176,628593,买盘
09:32:09,35.73,0.01,255,910840,买盘
09:32:12,35.72,-0.01,72,257225,卖盘
09:32:15,35.75,0.03,115,410994,买盘
09:32:18,35.74,-0.01,171,611004,卖盘
09:32:21,35.74,0.0,72,257332,中性盘
09:32:24,35.74,0.0,82,293164,买盘
09:32:27,35.74,0.0,90,321711,卖盘
09:32:30,35.77,0.03,221,789580,买盘
09:32:33,35.77,0.0,77,275331,买盘
09:32:36,35.77,0.0,21,75104,买盘
09:32:39,35.77,0.0,182,651357,卖盘
09:32:42,35.77,0.0,74,264751,卖盘
09:32:45,35.77,0.0,512,1831497,卖盘
09:32:48,35.77,0.0,420,1502386,买盘
09:32:51,35.78,0.01,153,547378,买盘
09:32:54,35.77,-0.01,603,2156867,卖盘
09:32:57,35.79,0.02,250,894344,买盘
09:33:00,35.79,0.0,55,196845,买盘
09:33:03,35.78,-0.01,508,1817658,卖盘
09:33:06,35.8,0.02,175,626358,买盘
09:33:09,35.79,-0.01,331,1184548,卖盘
09:33:12,35.79,0.0,306,1095175,卖盘
09:33:15,35.8,0.01,185,662310,买盘
09:33:18,35.8,0.0,310,1109807,卖盘
09:33:21,35.8,0.0,793,2839102,卖盘
09:33:24,35.81,0.01,575,2061022,买盘
09:33:27,35.81,0.0,68,243513,卖盘
09:33:30,35.81,0.0,117,419206,中性盘
09:33:33,35.82,0.01,539,1929506,中性盘
09:33:36,35.81,-0.01,409,1465965,卖盘
09:33:39,35.82,0.01,88,315261,中性盘
09:33:42,35.85,0.03,28,100333,买盘
09:33:45,35.85,0.0,350,1254376,买盘
09:33:48,35.86,0.01,267,957142,买盘
09:33:51,35.83,-0.03,625,2241134,卖盘
09:33:54,35.83,0.0,236,848591,卖盘
09:33:57,35.84,0.01,79,283125,买盘
09:34:00,35.84,0.0,59,211406,卖盘
09:34:03,35.84,0.0,156,559294,卖盘
09:34:06,35.84,0.0,239,856532,卖盘
09:34:09,35.85,0.01,162,580657,买盘
09:34:12,35.86,0.01,1159,4156835,买盘
09:34:15,35.84,-0.02,425,1523398,卖盘
09:34:18,35.85,0.01,6,21512,中性盘
09:34:21,35.86,0.01,10,35860,买盘
09:34:24,35.85,-0.01,79,283259,卖盘
09:34:27,35.85,0.0,78,279665,卖盘
09:34:30,35.85,0.0,338,1211531,卖盘
09:34:33,35.84,-0.01,318,1139922,卖盘
09:34:36,35.83,-0.01,151,541248,卖盘
09:34:39,35.84,0.01,17,60922,买盘
09:34:42,35.85,0.01,350,1254197,买盘
09:34:45,35.83,-0.02,82,293911,卖盘
09:34:48,35.85,0.02,88,315348,买盘
09:34:51,35.84,-0.01,50,179161,中性盘
09:34:54,35.83,-0.01,56,200670,中性盘
09:34:57,35.84,0.01,139,497998,买盘
09:35:00,35.84,0.0,226,809816,买盘
09:35:03,35.84,0.0,281,1007056,买盘
09:35:06,35.83,-0.01,285,1021391,卖盘
09:35:09,35.83,0.0,437,1565854,卖盘
09:35:12,35.83,0.0,58,207799,买盘
09:35:15,35.83,0.0,90,322447,买盘
09:35:18,35.83,0.0,1118,4005611,买盘
09:35:21,35.83,0.0,118,422817,卖盘
09:35:24,35.83,0.0,547,1960862,卖盘
09:35:27,35.83,0.0,203,727315,卖盘
09:35:30,35.83,0.0,84,301134,卖盘
09:35:33,35.85,0.02,1197,4284469,中性盘
09:35:36,35.85,0.0,122,437179,买盘
09:35:39,35.85,0.0,272,974764,买盘
09:35:42,35.85,0.0,327,1172538,卖盘
09:35:45,35.85,0.0,136,487493,中性盘
09:35:48,35.85,0.0,78,279644,买盘
09:35:51,35.84,-0.01,107,383605,卖盘
09:35:54,35.86,0.02,34,121938,买盘
09:35:57,35.86,0.0,139,498434,卖盘
09:36:00,35.86,0.0,294,1054008,买盘
09:36:03,35.85,-0.01,55,197182,卖盘
09:36:06,35.85,0.0,172,616684,卖盘
09:36:09,35.85,0.0,281,1007396,买盘
09:36:12,35.84,-0.01,602,2158330,卖盘
09:36:15,35.84,0.0,304,1089691,卖盘
09:36:18,35.84,0.0,143,512578,卖盘
09:36:21,35.83,-0.01,688,2465508,卖盘
09:36:24,35.82,-0.01,88,315264,卖盘
09:36:27,35.83,0.01,139,498024,买盘
09:36:30,35.82,-0.01,323,1157045,卖盘
09:36:33,35.82,0.0,174,623392,卖盘
09:36:36,35.85,0.03,748,2680997,买盘
09:36:39,35.83,-0.02,242,867064,中性盘
09:36:42,35.83,0.0,51,182745,卖盘
09:36:45,35.84,0.01,181,648594,买盘
09:36:48,35.83,-0.01,611,2189277,卖盘
09:36:51,35.83,0.0,60,214980,买盘
09:36:54,35.83,0.0,96,346810,买盘
09:36:57,35.82,-0.01,176,630576,卖盘
09:37:00,35.83,0.01,112,401244,买盘
09:37:03,35.82,-0.01,277,992251,卖盘
09:37:06,35.83,0.01,189,677095,买盘
09:37:09,35.83,0.0,395,1412385,买盘
09:37:12,35.83,0.0,69,247230,卖盘
09:37:15,35.84,0.01,57,204239,买盘
09:37:18,35.83,-0.01,235,842058,卖盘
09:37:22,35.87,0.04,837,3001956,买盘
09:37:24,35.87,0.0,312,1118247,卖盘
09:37:27,35.84,-0.03,542,1942027,卖盘
09:37:30,35.87,0.03,16,57392,买盘
09:37:33,35.83,-0.04,553,1981939,卖盘
09:37:36,35.83,0.0,83,297389,买盘
09:37:39,35.83,0.0,141,505188,买盘
09:37:42,35.82,-0.01,102,365405,卖盘
09:37:45,35.83,0.01,152,544801,中性盘
09:37:48,35.82,-0.01,108,386932,卖盘
09:37:52,35.84,0.02,76,272365,买盘
09:37:54,35.83,-0.01,52,186316,卖盘
09:37:57,35.83,0.0,148,531065,买盘
09:38:00,35.83,0.0,93,333242,买盘
09:38:03,35.83,0.0,36,128989,卖盘
09:38:06,35.83,0.0,65,232912,卖盘
09:38:09,35.83,0.0,124,444355,卖盘
09:38:12,35.83,0.0,89,318946,卖盘
09:38:15,35.84,0.01,230,824106,中性盘
09:38:19,35.84,0.0,74,265214,买盘
09:38:22,35.83,-0.01,596,2136420,卖盘
09:38:24,35.84,0.01,310,1110747,中性盘
09:38:27,35.83,-0.01,230,824230,卖盘
09:38:30,35.84,0.01,231,827705,买盘
09:38:33,35.82,-0.02,114,408500,卖盘
09:38:37,35.83,0.01,48,171976,买盘
09:38:40,35.83,0.0,413,1479421,买盘
09:38:42,35.82,-0.01,316,1131977,卖盘
09:38:46,35.82,0.0,129,461216,卖盘
09:38:48,35.83,0.01,9,32246,买盘
09:38:52,35.82,-0.01,209,748682,买盘
09:38:54,35.82,0.0,45,161181,卖盘
09:38:58,35.81,-0.01,172,615986,卖盘
09:39:00,35.81,0.0,190,680569,卖盘
09:39:03,35.81,0.0,968,3469069,卖盘
09:39:06,35.81,0.0,158,565733,买盘
09:39:10,35.8,-0.01,234,837806,卖盘
09:39:13,35.8,0.0,180,644409,卖盘
09:39:15,35.8,0.0,553,1979853,卖盘
09:39:18,35.81,0.01,597,2137821,买盘
09:39:21,35.81,0.0,364,1303195,买盘
09:39:24,35.81,0.0,213,760035,买盘
09:39:27,35.81,0.0,207,743799,卖盘
09:39:30,35.81,0.0,300,1074037,买盘
09:39:33,35.81,0.0,352,1257811,买盘
09:39:37,35.8,-0.01,258,926333,卖盘
09:39:39,35.81,0.01,102,365258,买盘
09:39:43,35.8,-0.01,372,1331833,卖盘
09:39:45,35.81,0.01,134,479834,买盘
09:39:48,35.81,0.0,49,173213,买盘
09:39:52,35.81,0.0,113,404578,买盘
09:39:54,35.8,-0.01,569,2036876,卖盘
09:39:57,35.81,0.01,66,236301,买盘
09:40:00,35.8,-0.01,358,1283898,买盘
09:40:03,35.81,0.01,151,538370,买盘
09:40:07,35.81,0.0,390,1398862,卖盘
09:40:09,35.8,-0.01,166,594280,卖盘
09:40:12,35.8,0.0,42,150333,买盘
09:40:15,35.79,-0.01,282,1009076,卖盘
09:40:19,35.79,0.0,72,257741,卖盘
09:40:22,35.8,0.01,70,250585,买盘
09:40:24,35.78,-0.02,84,300670,卖盘
09:40:27,35.79,0.01,68,243323,买盘
09:40:30,35.79,0.0,502,1796898,买盘
09:40:33,35.78,-0.01,54,193231,卖盘
09:40:36,35.77,-0.01,961,3438577,卖盘
09:40:40,35.79,0.02,114,407884,买盘
09:40:43,35.78,-0.01,40,143128,卖盘
09:40:46,35.78,0.0,48,171738,卖盘
09:40:48,35.77,-0.01,272,973051,卖盘
09:40:52,35.76,-0.01,144,514976,卖盘
09:40:54,35.77,0.01,147,525735,买盘
09:40:57,35.77,0.0,147,525721,买盘
09:41:00,35.76,-0.01,42,150212,卖盘
09:41:03,35.76,0.0,179,640143,卖盘
09:41:07,35.77,0.01,467,1669996,买盘
09:41:09,35.76,-0.01,49,175194,中性盘
09:41:12,35.76,0.0,51,182383,买盘
09:41:16,35.75,-0.01,53,189498,卖盘
09:41:18,35.76,0.01,40,143041,卖盘
09:41:22,35.76,0.0,90,321844,卖盘
09:41:25,35.78,0.02,238,851301,买盘
09:41:27,35.77,-0.01,32,114464,卖盘
09:41:31,35.77,0.0,48,171696,卖盘
09:41:34,35.78,0.01,404,1444843,买盘
09:41:37,35.77,-0.01,25,89425,卖盘
09:41:39,35.78,0.01,143,511550,买盘
09:41:42,35.77,-0.01,58,207435,买盘
09:41:45,35.77,0.0,149,532972,买盘
09:41:49,35.76,-0.01,244,871280,卖盘
09:41:52,35.77,0.01,203,725992,买盘
09:41:54,35.77,0.0,342,1223055,买盘
09:41:58,35.76,-0.01,67,240907,卖盘
09:42:00,35.76,0.0,26,92976,买盘
09:42:04,35.76,0.0,69,246744,买盘
09:42:06,35.75,-0.01,57,203803,卖盘
09:42:09,35.75,0.0,655,2338824,卖盘
09:42:13,35.75,0.0,58,207350,买盘
09:42:15,35.76,0.01,366,1308711,买盘
09:42:18,35.75,-0.01,90,321761,买盘
09:42:22,35.75,0.0,12,42905,卖盘
09:42:24,35.76,0.01,139,496926,买盘
09:42:27,35.76,0.0,341,1221248,买盘
09:42:30,35.76,0.0,12,42912,卖盘
09:42:33,35.76,0.0,235,840176,卖盘
09:42:36,35.75,-0.01,39,139468,卖盘
09:42:39,35.76,0.01,15,53640,中性盘
09:42:43,35.75,-0.01,367,1310466,卖盘
09:42:45,35.74,-0.01,457,1633477,卖盘
09:42:48,35.74,0.0,249,890155,卖盘
09:42:52,35.74,0.0,750,2680067,买盘
09:42:55,35.74,0.0,87,310932,卖盘
09:42:58,35.73,-0.01,119,425303,中性盘
09:43:00,35.73,0.0,621,2218344,买盘
09:43:03,35.72,-0.01,426,1521651,卖盘
09:43:07,35.72,0.0,583,2082934,买盘
09:43:10,35.72,0.0,895,3195908,买盘
09:43:13,35.71,-0.01,394,1406948,买盘
09:43:16,35.71,0.0,109,389195,买盘
09:43:18,35.71,0.0,490,1749603,买盘
09:43:21,35.71,0.0,175,624946,卖盘
09:43:25,35.71,0.0,332,1185481,卖盘
09:43:27,35.71,0.0,446,1593029,卖盘
09:43:31,35.71,0.0,122,435662,买盘
09:43:34,35.7,-0.01,1657,5915583,卖盘
09:43:37,35.69,-0.01,666,2376842,卖盘
09:43:40,35.67,-0.02,1190,4245576,卖盘
09:43:42,35.67,0.0,207,738168,买盘
09:43:45,35.66,-0.01,473,1686718,卖盘
09:43:48,35.66,0.0,230,820042,买盘
09:43:52,35.66,0.0,28,99840,买盘
09:43:54,35.65,-0.01,1176,4192784,卖盘
09:43:57,35.64,-0.01,359,1279558,卖盘
09:44:01,35.64,0.0,84,299334,买盘
09:44:03,35.64,0.0,186,662895,买盘
09:44:07,35.64,0.0,325,1158130,买盘
09:44:09,35.63,-0.01,319,1136658,卖盘
09:44:12,35.62,-0.01,394,1403836,卖盘
09:44:15,35.62,0.0,159,566472,卖盘
09:44:18,35.63,0.01,120,427461,买盘
09:44:22,35.63,0.0,386,1375216,买盘
09:44:25,35.63,0.0,375,1336005,买盘
09:44:28,35.62,-0.01,159,566403,卖盘
09:44:30,35.62,0.0,788,2806941,卖盘
09:44:34,35.62,0.0,367,1307200,卖盘
09:44:37,35.63,0.01,180,641216,买盘
09:44:39,35.62,-0.01,342,1218240,卖盘
09:44:43,35.62,0.0,118,420405,卖盘
09:44:46,35.63,0.01,77,274378,中性盘
09:44:49,35.63,0.0,152,541457,卖盘
09:44:52,35.64,0.01,42,149636,买盘
09:44:54,35.64,0.0,93,331413,买盘
09:44:57,35.64,0.0,514,1831148,买盘
09:45:01,35.63,-0.01,216,769723,卖盘
09:45:04,35.64,0.01,249,887323,买盘
09:45:07,35.66,0.02,892,3180479,买盘
09:45:10,35.65,-0.01,35,124775,卖盘
09:45:12,35.64,-0.01,19,67734,卖盘
09:45:16,35.64,0.0,48,171090,卖盘
09:45:19,35.65,0.01,257,916021,买盘
09:45:22,35.66,0.01,442,1575577,买盘
09:45:24,35.66,0.0,224,798652,买盘
09:45:27,35.66,0.0,144,513504,卖盘
09:45:30,35.66,0.0,78,278202,卖盘
09:45:34,35.67,0.01,18,64199,买盘
09:45:37,35.67,0.0,25,89165,买盘
09:45:40,35.67,0.0,279,995079,买盘
09:45:43,35.66,-0.01,292,1041339,卖盘
09:45:46,35.66,0.0,164,585003,买盘
09:45:48,35.68,0.02,203,724222,中性盘
09:45:52,35.67,-0.01,53,189045,卖盘
09:45:55,35.67,0.0,82,292467,卖盘
09:45:57,35.67,0.0,56,199788,买盘
09:46:01,35.67,0.0,33,117711,卖盘
09:46:03,35.67,0.0,296,1055837,买盘
09:46:07,35.67,0.0,91,324616,买盘
09:46:10,35.67,0.0,97,346021,卖盘
09:46:13,35.67,0.0,43,153392,卖盘
09:46:15,35.66,-0.01,764,2724636,卖盘
09:46:18,35.66,0.0,137,488542,买盘
09:46:22,35.66,0.0,143,509896,买盘
09:46:24,35.66,0.0,505,1800700,买盘
09:46:27,35.65,-0.01,35,124792,卖盘
09:46:30,35.66,0.01,155,552650,买盘
09:46:34,35.66,0.0,25,89142,买盘
09:46:37,35.65,-0.01,587,2092721,卖盘
09:46:40,35.65,0.0,85,303038,买盘
09:46:43,35.65,0.0,28,99831,卖盘
09:46:46,35.65,0.0,133,474174,卖盘
09:46:49,35.65,0.0,70,249575,卖盘
09:46:52,35.65,0.0,79,281662,卖盘
09:46:55,35.65,0.0,41,146171,卖盘
09:46:57,35.65,0.0,125,445628,卖盘
09:47:00,35.65,0.0,857,3056641,卖盘
09:47:03,35.65,0.0,70,249550,买盘
09:47:06,35.65,0.0,39,139035,买盘
09:47:10,35.64,-0.01,77,274504,卖盘
09:47:13,35.65,0.01,32,114078,买盘
09:47:15,35.68,0.03,663,2364304,买盘
09:47:19,35.68,0.0,90,321120,卖盘
09:47:22,35.65,-0.03,507,1807972,卖盘
09:47:25,35.65,0.0,106,377984,卖盘
09:47:28,35.66,0.01,16,57084,卖盘
09:47:30,35.68,0.02,13,46374,买盘
09:47:33,35.66,-0.02,118,420816,卖盘
09:47:37,35.67,0.01,23,82058,中性盘
09:47:39,35.67,0.0,51,181903,买盘
09:47:43,35.68,0.01,317,1130674,买盘
09:47:45,35.67,-0.01,81,288936,中性盘
09:47:49,35.67,0.0,33,117730,卖盘
09:47:52,35.68,0.01,21,74926,买盘
09:47:54,35.69,0.01,672,2398057,买盘
09:47:57,35.69,0.0,69,246261,卖盘
09:48:00,35.7,0.01,829,2959488,买盘
09:48:04,35.7,0.0,401,1431536,买盘
09:48:07,35.69,-0.01,121,431957,卖盘
09:48:10,35.7,0.01,16,57120,买盘
09:48:13,35.7,0.0,350,1249504,买盘
09:48:16,35.7,0.0,76,270321,卖盘
09:48:19,35.72,0.02,739,2638635,买盘
09:48:22,35.71,-0.01,72,257114,卖盘
09:48:26,35.7,-0.01,423,1511251,卖盘
09:48:28,35.7,0.0,589,2102778,买盘
09:48:31,35.69,-0.01,242,863753,卖盘
09:48:33,35.7,0.01,104,371206,买盘
09:48:37,35.7,0.0,101,360560,买盘
09:48:40,35.69,-0.01,46,164215,卖盘
09:48:43,35.72,0.03,974,3477493,买盘
09:48:46,35.7,-0.02,169,603268,卖盘
09:48:49,35.7,0.0,69,246307,买盘
09:48:52,35.7,0.0,226,806801,买盘
09:48:54,35.69,-0.01,246,877869,卖盘
09:48:58,35.68,-0.01,85,303325,卖盘
09:49:01,35.69,0.01,28,99932,买盘
09:49:04,35.71,0.02,1530,5461754,买盘
09:49:07,35.71,0.0,33,117843,卖盘
09:49:11,35.71,0.0,138,492826,卖盘
09:49:12,35.68,-0.03,315,1124299,卖盘
09:49:16,35.7,0.02,204,728335,买盘
09:49:18,35.7,0.0,150,535501,卖盘
09:49:22,35.7,0.0,596,2127719,买盘
09:49:25,35.69,-0.01,582,2077622,卖盘
09:49:28,35.69,0.0,347,1238246,买盘
09:49:31,35.69,0.0,90,321139,买盘
09:49:34,35.68,-0.01,101,360385,卖盘
09:49:37,35.67,-0.01,189,674215,卖盘
09:49:40,35.67,0.0,303,1080868,卖盘
09:49:43,35.68,0.01,142,506656,买盘
09:49:46,35.66,-0.02,1421,5071029,卖盘
09:49:49,35.68,0.02,29,103447,买盘
09:49:52,35.68,0.0,37,132097,卖盘
09:49:55,35.68,0.0,20,71376,卖盘
09:49:57,35.69,0.01,113,403192,中性盘
09:50:01,35.68,-0.01,63,224789,卖盘
09:50:04,35.67,-0.01,117,417452,卖盘
09:50:07,35.68,0.01,412,1469996,买盘
09:50:10,35.68,0.0,50,178399,买盘
09:50:13,35.67,-0.01,104,371065,卖盘
09:50:16,35.68,0.01,37,132010,买盘
09:50:19,35.68,0.0,24,85617,买盘
09:50:22,35.68,0.0,220,784818,买盘
09:50:25,35.67,-0.01,624,2225505,卖盘
09:50:28,35.67,0.0,956,3410943,买盘
09:50:31,35.66,-0.01,461,1644018,卖盘
09:50:34,35.67,0.01,40,142646,买盘
09:50:37,35.67,0.0,70,249666,买盘
09:50:40,35.66,-0.01,187,666868,卖盘
09:50:43,35.66,0.0,65,231799,卖盘
09:50:46,35.66,0.0,68,242470,买盘
09:50:49,35.66,0.0,128,456439,买盘
09:50:52,35.65,-0.01,1259,4488612,卖盘
09:50:55,35.66,0.01,161,574123,买盘
09:50:58,35.66,0.0,82,292353,买盘
09:51:01,35.66,0.0,86,306669,买盘
09:51:04,35.66,0.0,488,1739773,买盘
09:51:07,35.66,0.0,42,149762,买盘
09:51:10,35.68,0.02,973,3470249,买盘
09:51:13,35.68,0.0,363,1295184,卖盘
09:51:16,35.64,-0.04,478,1704360,卖盘
09:51:19,35.67,0.03,49,174717,中性盘
09:51:22,35.67,0.0,81,289005,卖盘
09:51:25,35.69,0.02,88,313995,买盘
09:51:28,35.66,-0.03,32,114148,卖盘
09:51:31,35.7,0.04,74,264114,买盘
09:51:34,35.69,-0.01,31,110634,中性盘
09:51:37,35.67,-0.02,101,360465,卖盘
09:51:40,35.68,0.01,207,738636,中性盘
09:51:43,35.68,0.0,37,131986,买盘
09:51:46,35.68,0.0,128,456853,买盘
09:51:49,35.69,0.01,15,53544,中性盘
09:51:52,35.73,0.04,266,949501,买盘
09:51:55,35.72,-0.01,22,78584,卖盘
09:51:58,35.72,0.0,39,139308,卖盘
09:52:01,35.73,0.01,109,389427,买盘
09:52:04,35.73,0.0,104,371557,买盘
09:52:07,35.73,0.0,6,21438,买盘
09:52:10,35.74,0.01,58,207221,买盘
09:52:13,35.69,-0.05,269,960524,卖盘
09:52:16,35.72,0.03,66,235811,中性盘
09:52:19,35.7,-0.02,64,228585,卖盘
09:52:22,35.7,0.0,151,539069,买盘
09:52:25,35.72,0.02,641,2289252,买盘
09:52:28,35.7,-0.02,24,85670,买盘
09:52:31,35.7,0.0,52,185604,买盘
09:52:34,35.7,0.0,97,346240,买盘
09:52:37,35.7,0.0,116,414036,买盘
09:52:40,35.7,0.0,67,239153,买盘
09:52:43,35.69,-0.01,158,563974,卖盘
09:52:46,35.7,0.01,13,46409,买盘
09:52:49,35.69,-0.01,186,663823,买盘
09:52:52,35.69,0.0,132,471004,买盘
09:52:55,35.69,0.0,193,688694,买盘
09:52:58,35.68,-0.01,146,520952,卖盘
09:53:01,35.68,0.0,68,242656,卖盘
09:53:04,35.68,0.0,160,570896,卖盘
09:53:07,35.67,-0.01,196,699299,卖盘
09:53:10,35.68,0.01,625,2230232,买盘
09:53:13,35.67,-0.01,215,767156,卖盘
09:53:16,35.68,0.01,50,178390,中性盘
09:53:19,35.69,0.01,145,517398,买盘
09:53:22,35.68,-0.01,63,224837,卖盘
09:53:25,35.67,-0.01,507,1808695,卖盘
09:53:28,35.68,0.01,405,1444660,买盘
09:53:31,35.68,0.0,120,428077,卖盘
09:53:34,35.68,0.0,202,720528,买盘
09:53:37,35.67,-0.01,90,321062,卖盘
09:53:40,35.68,0.01,649,2314382,买盘
09:53:43,35.66,-0.02,160,570585,卖盘
09:53:46,35.66,0.0,10,35660,买盘
09:53:49,35.66,0.0,95,338769,买盘
09:53:52,35.69,0.03,584,2083342,买盘
09:53:55,35.68,-0.01,351,1251699,卖盘
09:53:58,35.68,0.0,133,474507,卖盘
09:54:01,35.68,0.0,16,57086,买盘
09:54:04,35.66,-0.02,236,841551,卖盘
09:54:07,35.66,0.0,22,78440,卖盘
09:54:10,35.66,0.0,44,156909,中性盘
09:54:13,35.66,0.0,41,146230,卖盘
09:54:16,35.66,0.0,1343,4788470,卖盘
09:54:19,35.66,0.0,116,413620,买盘
09:54:22,35.65,-0.01,532,1896604,卖盘
09:54:25,35.66,0.01,460,1639966,买盘
09:54:28,35.65,-0.01,27,96248,中性盘
09:54:31,35.64,-0.01,175,623838,卖盘
09:54:34,35.64,0.0,200,712884,卖盘
09:54:37,35.65,0.01,72,256657,买盘
09:54:40,35.65,0.0,247,880407,买盘
09:54:43,35.64,-0.01,148,527540,卖盘
09:54:46,35.64,0.0,38,135453,卖盘
09:54:49,35.65,0.01,321,1144306,买盘
09:54:52,35.64,-0.01,79,281590,卖盘
09:54:55,35.65,0.01,279,994635,买盘
09:54:58,35.65,0.0,74,263794,卖盘
09:55:01,35.65,0.0,301,1072816,买盘
09:55:04,35.65,0.0,478,1703770,买盘
09:55:07,35.65,0.0,5,17825,买盘
09:55:10,35.64,-0.01,1234,4397490,卖盘
09:55:13,35.64,0.0,195,694941,买盘
09:55:16,35.64,0.0,121,431170,买盘
09:55:19,35.64,0.0,104,370669,买盘
09:55:22,35.64,0.0,71,253033,买盘
09:55:25,35.63,-0.01,199,709102,卖盘
09:55:28,35.63,0.0,236,840987,卖盘
09:55:31,35.63,0.0,33,117609,卖盘
09:55:34,35.63,0.0,72,256548,卖盘
09:55:37,35.63,0.0,38,135395,卖盘
09:55:40,35.64,0.01,107,381288,买盘
09:55:43,35.63,-0.01,141,502384,卖盘
09:55:46,35.64,0.01,263,937092,买盘
09:55:49,35.63,-0.01,109,388385,卖盘
09:55:52,35.63,0.0,162,577211,卖盘
09:55:55,35.63,0.0,156,554330,卖盘
09:55:58,35.63,0.0,159,566492,买盘
09:56:01,35.63,0.0,108,384787,买盘
09:56:04,35.63,0.0,65,231556,买盘
09:56:07,35.62,-0.01,1803,6422324,卖盘
09:56:10,35.63,0.01,165,587745,买盘
09:56:13,35.62,-0.01,50,178131,卖盘
09:56:16,35.61,-0.01,89,317010,卖盘
09:56:19,35.61,0.0,877,3123032,卖盘
09:56:22,35.62,0.01,142,505782,买盘
09:56:25,35.62,0.0,186,662437,买盘
09:56:28,35.61,-0.01,795,2831003,卖盘
09:56:31,35.61,0.0,88,313403,卖盘
09:56:34,35.62,0.01,23,81915,买盘
09:56:37,35.62,0.0,98,349001,买盘
09:56:40,35.61,-0.01,56,199447,卖盘
09:56:43,35.62,0.01,60,213688,买盘
09:56:46,35.61,-0.01,102,363242,卖盘
09:56:49,35.62,0.01,165,587673,买盘
09:56:52,35.62,0.0,198,705101,买盘
09:56:55,35.61,-0.01,240,854658,卖盘
09:56:58,35.62,0.01,215,765624,买盘
09:57:01,35.61,-0.01,25,89030,卖盘
09:57:04,35.61,0.0,595,2120096,卖盘
09:57:07,35.62,0.01,55,195858,买盘
09:57:10,35.61,-0.01,189,673089,卖盘
09:57:13,35.62,0.01,234,833302,买盘
09:57:17,35.61,-0.01,143,509255,卖盘
09:57:19,35.63,0.02,112,398929,买盘
09:57:22,35.62,-0.01,7,24934,卖盘
09:57:25,35.63,0.01,4,14250,买盘
09:57:28,35.62,-0.01,81,288522,卖盘
09:57:31,35.63,0.01,36,128252,买盘
09:57:34,35.63,0.0,44,156759,买盘
09:57:37,35.63,0.0,26,92638,买盘
09:57:40,35.62,-0.01,236,840632,卖盘
09:57:43,35.62,0.0,127,452374,买盘
09:57:46,35.61,-0.01,192,683891,卖盘
09:57:49,35.62,0.01,120,427435,买盘
09:57:52,35.62,0.0,160,569918,买盘
09:57:55,35.62,0.0,127,452292,买盘
09:57:58,35.61,-0.01,67,238614,卖盘
09:58:01,35.61,0.0,40,142458,卖盘
09:58:04,35.62,0.01,172,612622,买盘
09:58:07,35.62,0.0,380,1353206,买盘
09:58:10,35.62,0.0,147,523600,买盘
09:58:13,35.62,0.0,46,163852,买盘
09:58:16,35.62,0.0,61,217264,买盘
09:58:19,35.62,0.0,231,822799,买盘
09:58:22,35.62,0.0,453,1613202,买盘
09:58:25,35.61,-0.01,190,676688,卖盘
09:58:28,35.61,0.0,41,146033,卖盘
09:58:31,35.62,0.01,67,238654,买盘
09:58:34,35.62,0.0,183,651764,买盘
09:58:37,35.62,0.0,72,256428,买盘
09:58:40,35.62,0.0,137,487984,买盘
09:58:43,35.62,0.0,152,541418,买盘
09:58:46,35.62,0.0,245,872684,买盘
09:58:49,35.62,0.0,27,96173,卖盘
09:58:52,35.62,0.0,26,92630,卖盘
09:58:55,35.61,-0.01,192,684836,卖盘
09:58:58,35.62,0.01,42,149624,卖盘
09:59:01,35.63,0.01,24,85496,买盘
09:59:04,35.62,-0.01,166,591250,卖盘
09:59:07,35.62,0.0,103,366889,买盘
09:59:10,35.63,0.01,70,249343,买盘
09:59:13,35.62,-0.01,55,195948,卖盘
09:59:16,35.61,-0.01,363,1292771,卖盘
09:59:19,35.62,0.01,833,2966365,卖盘
09:59:22,35.62,0.0,47,167409,买盘
09:59:25,35.62,0.0,294,1047075,买盘
09:59:28,35.61,-0.01,69,245767,卖盘
09:59:31,35.61,0.0,60,213716,卖盘
09:59:34,35.61,0.0,168,598283,卖盘
09:59:37,35.62,0.01,39,138903,买盘
09:59:40,35.62,0.0,281,1000795,买盘
09:59:43,35.62,0.0,143,509234,买盘
09:59:46,35.61,-0.01,89,316986,卖盘
09:59:49,35.62,0.01,101,359725,买盘
09:59:52,35.61,-0.01,8,28493,卖盘
09:59:55,35.61,0.0,25,89045,卖盘
09:59:58,35.61,0.0,54,192329,卖盘
10:00:01,35.62,0.01,78,277822,买盘
10:00:04,35.61,-0.01,36,128209,卖盘
10:00:07,35.62,0.01,134,477304,买盘
10:00:10,35.62,0.0,52,185214,买盘
10:00:13,35.62,0.0,102,363363,卖盘
10:00:16,35.61,-0.01,915,3258356,卖盘
10:00:19,35.61,0.0,324,1151556,卖盘
10:00:22,35.61,0.0,339,1206893,买盘
10:00:25,35.63,0.02,4789,17049802,买盘
10:00:28,35.61,-0.02,211,751422,卖盘
10:00:31,35.6,-0.01,180,640877,卖盘
10:00:34,35.6,0.0,488,1737232,卖盘
10:00:36,35.6,0.0,110,391568,买盘
10:00:40,35.6,0.0,263,936082,买盘
10:00:43,35.59,-0.01,113,402225,卖盘
10:00:46,35.59,0.0,20,71180,买盘
10:00:49,35.59,0.0,297,1056779,买盘
10:00:52,35.58,-0.01,37,131654,卖盘
10:00:55,35.58,0.0,734,2611607,卖盘
10:00:58,35.58,0.0,38,135204,卖盘
10:01:01,35.58,0.0,24,85392,买盘
10:01:05,35.58,0.0,146,519452,买盘
10:01:07,35.57,-0.01,107,380621,卖盘
10:01:10,35.57,0.0,108,384193,卖盘
10:01:13,35.58,0.01,87,309535,买盘
10:01:16,35.58,0.0,120,426903,买盘
10:01:19,35.58,0.0,44,156523,买盘
10:01:22,35.58,0.0,35,124514,买盘
10:01:25,35.58,0.0,159,565655,买盘
10:01:28,35.58,0.0,122,434044,买盘
10:01:31,35.58,0.0,434,1543766,买盘
10:01:34,35.57,-0.01,157,558558,卖盘
10:01:37,35.57,0.0,96,341503,卖盘
10:01:40,35.58,0.01,72,256164,买盘
10:01:43,35.58,0.0,46,163641,买盘
10:01:45,35.58,0.0,58,206364,卖盘
10:01:49,35.59,0.01,130,462564,买盘
10:01:52,35.58,-0.01,33,117426,卖盘
10:01:55,35.58,0.0,52,185021,卖盘
10:01:58,35.59,0.01,103,366595,买盘
10:02:01,35.59,0.0,71,252684,卖盘
10:02:04,35.59,0.0,154,548101,卖盘
10:02:07,35.59,0.0,95,338138,卖盘
10:02:10,35.59,0.0,85,302450,买盘
10:02:13,35.59,0.0,183,651175,买盘
10:02:16,35.59,0.0,52,185061,买盘
10:02:19,35.58,-0.01,52,185037,卖盘
10:02:22,35.59,0.01,43,153015,买盘
10:02:25,35.58,-0.01,206,733009,卖盘
10:02:28,35.59,0.01,61,217099,买盘
10:02:31,35.59,0.0,96,341646,买盘
10:02:34,35.59,0.0,24,85416,卖盘
10:02:37,35.6,0.01,40,142361,买盘
10:02:40,35.59,-0.01,47,167273,卖盘
10:02:43,35.6,0.01,24,85424,买盘
10:02:46,35.59,-0.01,167,594402,卖盘
10:02:50,35.6,0.01,102,363065,买盘
10:02:52,35.59,-0.01,68,242030,卖盘
10:02:55,35.6,0.01,228,811505,买盘
10:02:58,35.6,0.0,14,49835,买盘
10:03:01,35.6,0.0,45,160198,买盘
10:03:04,35.6,0.0,67,238465,买盘
10:03:07,35.6,0.0,28,99680,买盘
10:03:10,35.6,0.0,174,619370,买盘
10:03:13,35.59,-0.01,39,138822,卖盘
10:03:16,35.59,0.0,11,39151,卖盘
10:03:19,35.6,0.01,90,320350,买盘
10:03:22,35.6,0.0,50,177971,买盘
10:03:25,35.59,-0.01,138,491179,卖盘
10:03:28,35.58,-0.01,926,3295016,卖盘
10:03:31,35.58,0.0,134,476772,买盘
10:03:34,35.57,-0.01,40,142309,卖盘
10:03:37,35.58,0.01,37,131646,买盘
10:03:40,35.58,0.0,13,46256,卖盘
10:03:43,35.59,0.01,32,113869,买盘
10:03:46,35.59,0.0,19,67603,买盘
10:03:49,35.58,-0.01,35,124536,卖盘
10:03:52,35.59,0.01,36,128094,买盘
10:03:55,35.59,0.0,74,263293,买盘
10:03:58,35.58,-0.01,93,330897,卖盘
10:04:01,35.58,0.0,11,39140,卖盘
10:04:04,35.58,0.0,177,629886,卖盘
10:04:07,35.58,0.0,136,483891,卖盘
10:04:10,35.59,0.01,44,156590,买盘
10:04:12,35.59,0.0,18,64057,买盘
10:04:16,35.58,-0.01,258,918328,卖盘
10:04:19,35.58,0.0,11,39143,卖盘
10:04:22,35.6,0.02,14,49840,买盘
10:04:25,35.59,-0.01,18,64062,卖盘
10:04:28,35.6,0.01,141,501960,买盘
10:04:31,35.59,-0.01,108,384430,卖盘
10:04:37,35.59,0.0,538,1915256,卖盘
10:04:40,35.6,0.01,100,355964,买盘
10:04:43,35.61,0.01,68,245593,买盘
10:04:46,35.6,-0.01,21,74762,卖盘
10:04:49,35.6,0.0,46,163777,卖盘
10:04:51,35.6,0.0,91,323975,卖盘
10:04:55,35.6,0.0,83,295555,卖盘
10:04:58,35.61,0.01,121,430762,买盘
10:05:01,35.61,0.0,21,74778,买盘
10:05:04,35.6,-0.01,40,142408,卖盘
10:05:06,35.6,0.0,9,32045,卖盘
10:05:10,35.61,0.01,76,270631,买盘
10:05:13,35.61,0.0,11,39164,买盘
10:05:16,35.61,0.0,134,477108,买盘
10:05:19,35.61,0.0,15,53408,买盘
10:05:22,35.6,-0.01,846,3008253,卖盘
10:05:25,35.6,0.0,22,78313,买盘
10:05:28,35.59,-0.01,76,270559,卖盘
10:05:31,35.6,0.01,34,121039,买盘
10:05:34,35.6,0.0,105,373770,买盘
10:05:37,35.6,0.0,49,174438,买盘
10:05:40,35.59,-0.01,22,78318,卖盘
10:05:43,35.6,0.01,40,142385,买盘
10:05:46,35.59,-0.01,63,224252,卖盘
10:05:49,35.6,0.01,92,327502,买盘
10:05:52,35.59,-0.01,173,615792,卖盘
10:05:55,35.6,0.01,123,437824,买盘
10:05:58,35.6,0.0,29,103233,买盘
10:06:01,35.6,0.0,428,1523581,买盘
10:06:03,35.61,0.01,69,245642,买盘
10:06:07,35.6,-0.01,43,153078,卖盘
10:06:10,35.6,0.0,37,131708,买盘
10:06:13,35.6,0.0,70,249190,买盘
10:06:16,35.6,0.0,82,291914,买盘
10:06:19,35.6,0.0,61,217152,买盘
10:06:22,35.61,0.01,100,356021,买盘
10:06:25,35.6,-0.01,18,64080,卖盘
10:06:28,35.61,0.01,12,42732,买盘
10:06:31,35.6,-0.01,54,192268,卖盘
10:06:34,35.6,0.0,37,131745,卖盘
10:06:37,35.6,0.0,480,1708802,卖盘
10:06:40,35.61,0.01,31,110364,买盘
10:06:42,35.6,-0.01,29,103268,卖盘
10:06:46,35.6,0.0,45,160208,卖盘
10:06:49,35.6,0.0,63,224305,卖盘
10:06:51,35.61,0.01,166,591078,买盘
10:06:55,35.61,0.0,147,523467,买盘
10:06:58,35.6,-0.01,311,1107269,卖盘
10:07:01,35.6,0.0,214,761854,卖盘
10:07:03,35.61,0.01,97,345385,买盘
10:07:07,35.61,0.0,79,281311,买盘
10:07:10,35.6,-0.01,88,313280,卖盘
10:07:12,35.6,0.0,33,117496,卖盘
10:07:15,35.6,0.0,241,858080,卖盘
10:07:18,35.61,0.01,260,925612,买盘
10:07:20,35.61,0.0,123,438003,买盘
10:07:25,35.61,0.0,28,99693,买盘
10:07:28,35.6,-0.01,78,277743,卖盘
10:07:30,35.6,0.0,192,683681,卖盘
10:07:34,35.61,0.01,367,1306873,买盘
10:07:37,35.61,0.0,67,238585,买盘
10:07:39,35.61,0.0,57,202977,买盘
10:07:42,35.61,0.0,135,480725,买盘
10:07:45,35.61,0.0,66,235026,卖盘
10:07:48,35.61,0.0,5,17808,卖盘
10:07:51,35.62,0.01,57,202997,买盘
10:07:54,35.62,0.0,223,794258,买盘
10:07:58,35.61,-0.01,26,92611,卖盘
10:08:00,35.62,0.01,112,398944,买盘
10:08:04,35.62,0.0,96,341922,买盘
10:08:06,35.63,0.01,201,716943,买盘
10:08:09,35.62,-0.01,60,213721,卖盘
10:08:12,35.63,0.01,12,42754,买盘
10:08:16,35.63,0.0,19,67697,买盘
10:08:19,35.63,0.0,41,146066,买盘
10:08:22,35.63,0.0,6,21378,买盘
10:08:25,35.63,0.0,64,228005,买盘
10:08:28,35.63,0.0,172,612715,买盘
10:08:31,35.63,0.0,474,1688810,买盘
10:08:34,35.63,0.0,62,220886,买盘
10:08:36,35.62,-0.01,56,199515,卖盘
10:08:39,35.63,0.01,149,530884,买盘
10:08:42,35.63,0.0,164,584218,买盘
10:08:46,35.63,0.0,118,421075,买盘
10:08:48,35.63,0.0,17,60571,卖盘
10:08:52,35.64,0.01,14,49892,买盘
10:08:55,35.64,0.0,24,85515,买盘
10:08:58,35.63,-0.01,31,110460,卖盘
10:09:01,35.64,0.01,80,285069,买盘
10:09:03,35.64,0.0,123,438314,买盘
10:09:06,35.64,0.0,12,42768,买盘
10:09:09,35.64,0.0,177,630828,买盘
10:09:12,35.64,0.0,25,89093,买盘
10:09:15,35.64,0.0,14,49896,买盘
10:09:19,35.63,-0.01,1137,4051795,卖盘
10:09:21,35.64,0.01,73,260152,中性盘
10:09:24,35.63,-0.01,133,473247,卖盘
10:09:28,35.63,0.0,63,224456,买盘
10:09:30,35.65,0.02,136,484729,买盘
10:09:33,35.65,0.0,24,85559,买盘
10:09:36,35.64,-0.01,39,139001,卖盘
10:09:39,35.65,0.01,37,131887,买盘
10:09:42,35.65,0.0,17,60605,买盘
10:09:46,35.65,0.0,348,1240616,买盘
10:09:48,35.65,0.0,43,153275,买盘
10:09:51,35.65,0.0,28,99805,买盘
10:09:55,35.65,0.0,51,181784,买盘
10:09:58,35.65,0.0,18,64169,买盘
10:10:01,35.65,0.0,101,359997,买盘
10:10:03,35.65,0.0,120,427758,买盘
10:10:07,35.65,0.0,143,509795,买盘
10:10:09,35.64,-0.01,188,670120,卖盘
10:10:12,35.65,0.01,15,53472,买盘
10:10:15,35.65,0.0,62,221015,买盘
10:10:18,35.65,0.0,161,573965,卖盘
10:10:22,35.65,0.0,20,71300,卖盘
10:10:25,35.66,0.01,31,110524,买盘
10:10:27,35.65,-0.01,42,149736,卖盘
10:10:31,35.66,0.01,145,517010,买盘
10:10:33,35.65,-0.01,450,1604669,卖盘
10:10:36,35.66,0.01,171,609785,买盘
10:10:39,35.66,0.0,641,2286199,买盘
10:10:42,35.67,0.01,30,107010,中性盘
10:10:45,35.67,0.0,412,1469984,卖盘
10:10:48,35.68,0.01,7,24976,买盘
10:10:51,35.68,0.0,53,189070,买盘
10:10:55,35.69,0.01,447,1594979,买盘
10:10:58,35.69,0.0,61,217699,买盘
10:11:01,35.68,-0.01,28,99906,卖盘
10:11:04,35.69,0.01,84,299752,买盘
10:11:07,35.68,-0.01,5,17843,卖盘
10:11:09,35.68,0.0,129,460299,卖盘
10:11:13,35.69,0.01,262,934842,买盘
10:11:16,35.69,0.0,63,224846,买盘
10:11:19,35.69,0.0,185,660238,买盘
10:11:22,35.69,0.0,163,581743,买盘
10:11:25,35.69,0.0,270,963632,卖盘
10:11:28,35.69,0.0,56,199847,买盘
10:11:30,35.7,0.01,107,381904,买盘
10:11:33,35.69,-0.01,53,189189,卖盘
10:11:36,35.69,0.0,38,135622,卖盘
10:11:39,35.7,0.01,70,249848,买盘
10:11:42,35.7,0.0,24,85670,买盘
10:11:45,35.69,-0.01,294,1049312,卖盘
10:11:49,35.69,0.0,382,1363358,卖盘
10:11:52,35.69,0.0,267,952676,买盘
10:11:55,35.69,0.0,127,453226,买盘
10:11:57,35.68,-0.01,1,3568,中性盘
10:12:01,35.67,-0.01,21,74927,卖盘
10:12:03,35.67,0.0,351,1252533,卖盘
10:12:06,35.67,0.0,45,160521,卖盘
10:12:10,35.67,0.0,109,388932,卖盘
10:12:13,35.67,0.0,531,1894943,卖盘
10:12:15,35.68,0.01,42,149840,买盘
10:12:18,35.68,0.0,35,124880,卖盘
10:12:22,35.68,0.0,44,156992,卖盘
10:12:25,35.68,0.0,31,110621,卖盘
10:12:28,35.68,0.0,19,67792,卖盘
10:12:31,35.69,0.01,68,242692,买盘
10:12:33,35.68,-0.01,65,231951,卖盘
10:12:37,35.69,0.01,16,57095,买盘
10:12:40,35.69,0.0,24,85637,买盘
10:12:42,35.68,-0.01,19,67799,卖盘
10:12:46,35.69,0.01,38,135587,买盘
10:12:48,35.68,-0.01,61,217658,卖盘
10:12:51,35.68,0.0,62,221241,卖盘
10:12:54,35.67,-0.01,412,1469267,卖盘
10:12:58,35.67,0.0,65,231855,买盘
10:13:00,35.68,0.01,56,199764,买盘
10:13:03,35.67,-0.01,59,210399,买盘
10:13:06,35.68,0.01,67,239002,买盘
10:13:09,35.67,-0.01,19,67773,卖盘
10:13:12,35.65,-0.02,494,1761574,卖盘
10:13:15,35.67,0.02,108,385162,买盘
10:13:18,35.66,-0.01,23,82040,卖盘
10:13:22,35.65,-0.01,136,484877,卖盘
10:13:25,35.65,0.0,75,267375,买盘
10:13:27,35.65,0.0,10,35650,买盘
10:13:31,35.65,0.0,100,356468,买盘
10:13:33,35.65,0.0,52,185372,买盘
10:13:36,35.65,0.0,54,192490,买盘
10:13:40,35.65,0.0,108,384963,买盘
10:13:42,35.65,0.0,64,228141,买盘
10:13:46,35.63,-0.02,27,96237,卖盘
10:13:48,35.64,0.01,4,14256,买盘
10:13:51,35.63,-0.01,60,213789,卖盘
10:13:55,35.64,0.01,2206,7856434,中性盘
10:13:58,35.63,-0.01,47,167497,卖盘
10:14:01,35.63,0.0,39,138957,买盘
10:14:03,35.61,-0.02,18,64103,卖盘
10:14:06,35.63,0.02,92,327733,买盘
10:14:09,35.61,-0.02,82,292041,卖盘
10:14:12,35.62,0.01,37,131789,中性盘
10:14:15,35.62,0.0,70,249340,买盘
10:14:18,35.61,-0.01,57,203046,卖盘
10:14:22,35.61,0.0,256,911672,卖盘
10:14:25,35.62,0.01,93,331213,买盘
10:14:28,35.61,-0.01,46,163835,卖盘
10:14:31,35.62,0.01,263,936777,买盘
10:14:33,35.6,-0.02,1580,5624118,卖盘
10:14:36,35.6,0.0,466,1658991,买盘
10:14:39,35.6,0.0,236,840104,买盘
10:14:42,35.6,0.0,131,466387,买盘
10:14:46,35.6,0.0,318,1132122,卖盘
10:14:49,35.6,0.0,733,2610801,买盘
10:14:52,35.61,0.01,115,409450,买盘
10:14:55,35.61,0.0,74,263458,买盘
10:14:58,35.6,-0.01,115,409498,卖盘
10:15:01,35.61,0.01,27,96137,买盘
10:15:03,35.6,-0.01,210,747646,卖盘
10:15:06,35.61,0.01,221,786421,买盘
10:15:09,35.62,0.01,111,395370,买盘
10:15:12,35.63,0.01,55,195957,买盘
10:15:15,35.63,0.0,47,167447,买盘
10:15:18,35.63,0.0,20,71260,买盘
10:15:21,35.62,-0.01,141,502277,卖盘
10:15:25,35.62,0.0,120,427440,买盘
10:15:28,35.62,0.0,55,195910,买盘
10:15:31,35.62,0.0,330,1175554,买盘
10:15:33,35.65,0.03,1132,4032449,买盘
10:15:36,35.65,0.0,60,213900,卖盘
10:15:39,35.62,-0.03,27,98531,卖盘
10:15:42,35.66,0.04,30,106936,买盘
10:15:46,35.65,-0.01,83,295962,卖盘
10:15:48,35.66,0.01,25,89148,买盘
10:15:51,35.66,0.0,32,114091,买盘
10:15:55,35.66,0.0,97,345865,买盘
10:15:58,35.65,-0.01,127,452870,卖盘
10:16:01,35.65,0.0,1,3565,卖盘
10:16:03,35.66,0.01,261,930572,中性盘
10:16:06,35.63,-0.03,217,773395,卖盘
10:16:10,35.63,0.0,237,841498,卖盘
10:16:13,35.63,0.0,84,299296,卖盘
10:16:15,35.64,0.01,525,1871483,买盘
10:16:18,35.63,-0.01,63,224490,卖盘
10:16:21,35.63,0.0,66,235145,卖盘
10:16:25,35.64,0.01,126,448943,买盘
10:16:28,35.63,-0.01,245,872946,卖盘
10:16:31,35.64,0.01,262,933720,买盘
10:16:33,35.64,0.0,52,185314,买盘
10:16:36,35.63,-0.01,345,1229492,卖盘
10:16:39,35.63,0.0,321,1143725,卖盘
10:16:42,35.64,0.01,136,484631,买盘
10:16:46,35.63,-0.01,125,445409,卖盘
10:16:49,35.64,0.01,16,57028,卖盘
10:16:51,35.64,0.0,128,456132,卖盘
10:16:55,35.64,0.0,160,570098,卖盘
10:16:58,35.64,0.0,105,376468,买盘
10:17:01,35.63,-0.01,52,185326,买盘
10:17:03,35.65,0.02,134,477571,买盘
10:17:07,35.64,-0.01,121,428772,中性盘
10:17:09,35.64,0.0,23,84316,买盘
10:17:12,35.62,-0.02,118,420445,卖盘
10:17:15,35.64,0.02,45,160361,买盘
10:17:18,35.64,0.0,9,32078,卖盘
10:17:21,35.64,0.0,106,377712,卖盘
10:17:25,35.64,0.0,19,67714,买盘
10:17:28,35.63,-0.01,296,1054648,卖盘
10:17:31,35.62,-0.01,96,340782,卖盘
10:17:33,35.64,0.02,72,256529,买盘
10:17:38,35.63,-0.01,19,67697,中性盘
10:17:40,35.63,0.0,390,1389485,卖盘
10:17:43,35.63,0.0,33,117590,卖盘
10:17:46,35.63,0.0,155,553013,卖盘
10:17:49,35.63,0.0,47,166713,卖盘
10:17:52,35.63,0.0,260,926279,买盘
10:17:55,35.63,0.0,158,561491,买盘
10:17:58,35.63,0.0,23,81949,买盘
10:18:01,35.63,0.0,57,203071,买盘
10:18:03,35.62,-0.01,43,156411,卖盘
10:18:07,35.63,0.01,19,67697,买盘
10:18:10,35.62,-0.01,28,99746,卖盘
10:18:13,35.62,0.0,28,97466,卖盘
10:18:16,35.62,0.0,43,153199,卖盘
10:18:18,35.63,0.01,26,92625,买盘
10:18:21,35.62,-0.01,9,31062,卖盘
10:18:25,35.63,0.01,28,99757,买盘
10:18:28,35.62,-0.01,45,163635,卖盘
10:18:31,35.63,0.01,24,85512,买盘
10:18:34,35.63,0.0,100,356286,买盘
10:18:37,35.63,0.0,28,98111,买盘
10:18:39,35.62,-0.01,321,1143481,卖盘
10:18:42,35.63,0.01,35,124703,买盘
10:18:45,35.63,0.0,109,388275,买盘
10:18:48,35.62,-0.01,53,188802,卖盘
10:18:51,35.62,0.0,70,250966,卖盘
10:18:55,35.63,0.01,23,81935,买盘
10:18:58,35.63,0.0,563,2003154,买盘
10:19:01,35.64,0.01,85,302894,买盘
10:19:03,35.62,-0.02,42,149625,卖盘
10:19:06,35.62,0.0,15,53430,卖盘
10:19:09,35.62,0.0,22,78383,卖盘
10:19:12,35.64,0.02,192,683914,买盘
10:19:18,35.64,0.0,89,317109,买盘
10:19:21,35.63,-0.01,70,251122,卖盘
10:19:25,35.63,0.0,36,126558,卖盘
10:19:28,35.62,-0.01,343,1221785,卖盘
10:19:31,35.63,0.01,291,1038647,买盘
10:19:33,35.63,0.0,459,1635102,买盘
10:19:36,35.62,-0.01,69,245803,卖盘
10:19:39,35.62,0.0,167,594872,卖盘
10:19:43,35.62,0.0,216,767410,卖盘
10:19:45,35.61,-0.01,157,559186,卖盘
10:19:48,35.62,0.01,402,1431541,买盘
10:19:51,35.62,0.0,35,124670,买盘
10:19:55,35.61,-0.01,14,51136,卖盘
10:19:58,35.62,0.01,85,302743,买盘
10:20:01,35.61,-0.01,46,162113,卖盘
10:20:03,35.61,0.0,35,124646,卖盘
10:20:06,35.61,0.0,19,67671,卖盘
10:20:09,35.61,0.0,97,348913,卖盘
10:20:12,35.61,0.0,67,238592,卖盘
10:20:16,35.61,0.0,2,7122,卖盘
10:20:18,35.62,0.01,207,733790,买盘
10:20:21,35.62,0.0,54,192334,买盘
10:20:25,35.62,0.0,15,53430,买盘
10:20:28,35.61,-0.01,44,157899,卖盘
10:20:30,35.62,0.01,27,96168,买盘
10:20:33,35.62,0.0,205,730076,买盘
10:20:36,35.61,-0.01,191,682348,卖盘
10:20:40,35.61,0.0,74,263525,卖盘
10:20:43,35.61,0.0,134,476757,卖盘
10:20:45,35.62,0.01,42,149584,买盘
10:20:49,35.61,-0.01,57,202978,卖盘
10:20:52,35.61,0.0,270,960619,卖盘
10:20:55,35.6,-0.01,560,1994909,卖盘
10:20:58,35.6,0.0,363,1290669,卖盘
10:21:01,35.6,0.0,41,146000,卖盘
10:21:03,35.6,0.0,533,1897491,卖盘
10:21:07,35.61,0.01,1291,4596692,买盘
10:21:09,35.6,-0.01,568,2022112,卖盘
10:21:12,35.6,0.0,348,1237593,卖盘
10:21:15,35.6,0.0,295,1049927,买盘
10:21:18,35.6,0.0,261,929094,买盘
10:21:21,35.59,-0.01,163,580145,卖盘
10:21:25,35.59,0.0,210,747423,卖盘
10:21:28,35.59,0.0,97,345518,卖盘
10:21:31,35.59,0.0,408,1454182,卖盘
10:21:33,35.58,-0.01,89,316065,卖盘
10:21:36,35.6,0.02,154,545944,买盘
10:21:39,35.59,-0.01,33,117445,买盘
10:21:43,35.59,0.0,26,94873,买盘
10:21:45,35.59,0.0,223,793597,买盘
10:21:49,35.59,0.0,46,163705,买盘
10:21:51,35.59,0.0,81,288225,买盘
10:21:55,35.59,0.0,139,494179,买盘
10:21:58,35.59,0.0,31,110329,买盘
10:22:01,35.59,0.0,53,188615,买盘
10:22:03,35.59,0.0,462,1643820,买盘
10:22:06,35.58,-0.01,86,305990,卖盘
10:22:09,35.58,0.0,115,409176,卖盘
10:22:13,35.59,0.01,147,523329,买盘
10:22:15,35.59,0.0,266,946481,买盘
10:22:18,35.58,-0.01,489,1739980,卖盘
10:22:21,35.59,0.01,459,1633154,买盘
10:22:25,35.58,-0.01,41,145912,卖盘
10:22:28,35.58,0.0,80,283503,卖盘
10:22:31,35.59,0.01,100,355848,买盘
10:22:33,35.59,0.0,146,519578,买盘
10:22:36,35.59,0.0,110,391482,买盘
10:22:39,35.59,0.0,57,202840,卖盘
10:22:42,35.59,0.0,21,74739,买盘
10:22:46,35.6,0.01,559,1990041,买盘
10:22:48,35.61,0.01,94,334708,买盘
10:22:51,35.61,0.0,16,56967,买盘
10:22:55,35.58,-0.03,627,2231192,卖盘
10:22:57,35.59,0.01,13,47334,中性盘
10:23:01,35.59,0.0,75,265876,卖盘
10:23:03,35.58,-0.01,108,384341,卖盘
10:23:06,35.59,0.01,19,67619,买盘
10:23:09,35.59,0.0,176,627351,买盘
10:23:12,35.59,0.0,1783,6344136,卖盘
10:23:15,35.59,0.0,174,619260,卖盘
10:23:17,35.6,0.01,228,811465,买盘
10:23:21,35.59,-0.01,123,437757,卖盘
10:23:25,35.6,0.01,43,153066,买盘
10:23:27,35.6,0.0,132,469862,买盘
10:23:31,35.6,0.0,97,345366,买盘
10:23:34,35.6,0.0,366,1302651,卖盘
10:23:36,35.59,-0.01,102,363028,卖盘
10:23:39,35.6,0.01,372,1323957,买盘
10:23:43,35.6,0.0,4,14240,卖盘
10:23:45,35.61,0.01,95,338260,买盘
10:23:48,35.59,-0.02,13,45021,卖盘
10:23:51,35.61,0.02,62,220722,买盘
10:23:55,35.6,-0.01,22,78320,买盘
10:23:58,35.6,0.0,52,185071,卖盘
10:24:00,35.6,0.0,73,259875,卖盘
10:24:04,35.6,0.0,4,14240,买盘
10:24:06,35.6,0.0,56,199343,买盘
10:24:10,35.59,-0.01,322,1146157,卖盘
10:24:13,35.59,0.0,14,49832,卖盘
10:24:15,35.6,0.01,28,101547,买盘
10:24:18,35.59,-0.01,329,1170928,卖盘
10:24:21,35.59,0.0,490,1743115,卖盘
10:24:24,35.59,0.0,570,2028098,买盘
10:24:27,35.59,0.0,225,800660,买盘
10:24:30,35.59,0.0,8,28477,卖盘
10:24:33,35.6,0.01,17,60504,买盘
10:24:36,35.6,0.0,5,17799,买盘
10:24:40,35.59,-0.01,28,99658,卖盘
10:24:42,35.6,0.01,19,67628,买盘
10:24:45,35.61,0.01,15,53401,买盘
10:24:48,35.58,-0.03,309,1099758,卖盘
10:24:51,35.59,0.01,109,387828,买盘
10:24:55,35.6,0.01,31,110360,卖盘
10:24:58,35.59,-0.01,25,88996,中性盘
10:25:00,35.59,0.0,166,592211,买盘
10:25:04,35.58,-0.01,1006,3577367,卖盘
10:25:07,35.58,0.0,50,177900,买盘
10:25:09,35.58,0.0,47,167045,买盘
10:25:12,35.58,0.0,87,309546,买盘
10:25:15,35.58,0.0,295,1049422,买盘
10:25:18,35.58,0.0,535,1903059,买盘
10:25:21,35.58,0.0,296,1052920,买盘
10:25:25,35.58,0.0,64,227713,卖盘
10:25:28,35.58,0.0,95,338010,卖盘
10:25:30,35.58,0.0,7,25439,卖盘
10:25:33,35.58,0.0,100,355811,卖盘
10:25:37,35.59,0.01,39,138795,买盘
10:25:39,35.58,-0.01,7,24374,卖盘
10:25:42,35.58,0.0,200,711602,卖盘
10:25:45,35.59,0.01,36,128109,买盘
10:25:48,35.57,-0.02,761,2709791,卖盘
10:25:51,35.59,0.02,6,21354,买盘
10:25:55,35.58,-0.01,10,34548,卖盘
10:25:57,35.59,0.01,69,245517,买盘
10:26:00,35.59,0.0,28,97530,买盘
10:26:03,35.58,-0.01,73,259747,卖盘
10:26:06,35.58,0.0,64,227756,卖盘
10:26:09,35.57,-0.01,88,313952,卖盘
10:26:12,35.58,0.01,38,135196,买盘
10:26:15,35.58,0.0,77,273950,买盘
10:26:18,35.58,0.0,376,1336768,买盘
10:26:22,35.58,0.0,72,256173,买盘
10:26:24,35.58,0.0,85,302945,买盘
10:26:27,35.58,0.0,26,92504,买盘
10:26:30,35.57,-0.01,212,755171,卖盘
10:26:34,35.57,0.0,458,1629198,卖盘
10:26:36,35.57,0.0,1219,4336215,卖盘
10:26:40,35.58,0.01,409,1454849,买盘
10:26:42,35.58,0.0,37,130158,买盘
10:26:46,35.57,-0.01,863,3068931,卖盘
10:26:49,35.57,0.0,20,71126,买盘
10:26:51,35.56,-0.01,42,151505,卖盘
10:26:55,35.56,0.0,43,152945,卖盘
10:26:57,35.57,0.01,69,245418,买盘
10:27:00,35.57,0.0,126,448509,买盘
10:27:04,35.56,-0.01,163,579629,卖盘
10:27:06,35.56,0.0,152,540006,卖盘
10:27:09,35.57,0.01,64,227648,买盘
10:27:13,35.57,0.0,8,28456,买盘
10:27:15,35.57,0.0,86,305892,买盘
10:27:19,35.56,-0.01,15,53349,卖盘
10:27:21,35.56,0.0,146,519201,卖盘
10:27:25,35.56,0.0,440,1565341,卖盘
10:27:28,35.55,-0.01,388,1379414,卖盘
10:27:32,35.57,0.02,119,421774,买盘
10:27:33,35.56,-0.01,172,611513,卖盘
10:27:36,35.56,0.0,95,337823,卖盘
10:27:39,35.57,0.01,49,174249,买盘
10:27:42,35.56,-0.01,27,96012,卖盘
10:27:45,35.56,0.0,12,42672,卖盘
10:27:48,35.57,0.01,9,32013,买盘
10:27:51,35.56,-0.01,55,195223,卖盘
10:27:54,35.56,0.0,12,42674,卖盘
10:27:57,35.56,0.0,131,466349,卖盘
10:28:00,35.57,0.01,13,46241,买盘
10:28:03,35.56,-0.01,70,248940,卖盘
10:28:06,35.56,0.0,94,335355,卖盘
10:28:09,35.57,0.01,4,14226,买盘
10:28:12,35.56,-0.01,320,1136936,卖盘
10:28:15,35.56,0.0,64,227625,卖盘
10:28:18,35.57,0.01,99,352046,买盘
10:28:21,35.56,-0.01,231,822789,卖盘
10:28:24,35.57,0.01,57,202747,买盘
10:28:27,35.57,0.0,115,408954,买盘
10:28:31,35.56,-0.01,13,46265,卖盘
10:28:34,35.57,0.01,73,259603,买盘
10:28:36,35.56,-0.01,98,348082,卖盘
10:28:39,35.57,0.01,50,177846,买盘
10:28:42,35.56,-0.01,213,755472,卖盘
10:28:46,35.55,-0.01,511,1816547,卖盘
10:28:48,35.56,0.01,58,206248,买盘
10:28:51,35.56,0.0,21,74676,买盘
10:28:54,35.55,-0.01,267,949197,卖盘
10:28:58,35.56,0.01,114,405306,买盘
10:29:00,35.56,0.0,183,650730,买盘
10:29:03,35.56,0.0,148,526263,买盘
10:29:06,35.55,-0.01,570,2026361,卖盘
10:29:09,35.56,0.01,966,3434458,买盘
10:29:12,35.55,-0.01,110,391088,卖盘
10:29:15,35.56,0.01,28,99568,买盘
10:29:18,35.56,0.0,68,244338,买盘
10:29:21,35.56,0.0,4,14222,买盘
10:29:24,35.56,0.0,44,156453,买盘
10:29:27,35.55,-0.01,103,365180,卖盘
10:29:30,35.56,0.01,196,696806,买盘
10:29:33,35.56,0.0,124,440919,买盘
10:29:37,35.56,0.0,199,707532,买盘
10:29:39,35.56,0.0,117,416045,买盘
10:29:42,35.56,0.0,25,88913,卖盘
10:29:45,35.56,0.0,62,222250,卖盘
10:29:48,35.55,-0.01,1489,5293734,卖盘
10:29:51,35.55,0.0,79,279669,卖盘
10:29:54,35.56,0.01,81,288034,买盘
10:29:57,35.56,0.0,76,269661,买盘
10:30:00,35.55,-0.01,44,156460,中性盘
10:30:04,35.55,0.0,15,53325,卖盘
10:30:06,35.55,0.0,129,459030,买盘
10:30:10,35.54,-0.01,42,149294,卖盘
10:30:12,35.54,0.0,197,700149,卖盘
10:30:16,35.54,0.0,9,31987,卖盘
10:30:18,35.54,0.0,617,2191743,卖盘
10:30:21,35.53,-0.01,343,1218951,卖盘
10:30:25,35.53,0.0,454,1613072,卖盘
10:30:28,35.53,0.0,138,490322,卖盘
10:30:30,35.53,0.0,91,323983,卖盘
10:30:33,35.53,0.0,147,522316,卖盘
10:30:36,35.54,0.01,104,370560,买盘
10:30:39,35.54,0.0,32,113726,买盘
10:30:42,35.53,-0.01,70,248719,卖盘
10:30:45,35.53,0.0,43,151077,卖盘
10:30:48,35.53,0.0,51,181204,卖盘
10:30:51,35.53,0.0,5635,20010700,卖盘
10:30:54,35.5,-0.03,45,160006,卖盘
10:30:57,35.52,0.02,513,1821537,买盘
10:31:00,35.52,0.0,47,164922,买盘
10:31:03,35.5,-0.02,99,351583,卖盘
10:31:06,35.52,0.02,70,248589,买盘
10:31:09,35.52,0.0,40,142051,买盘
10:31:12,35.52,0.0,1697,6024452,买盘
10:31:15,35.51,-0.01,57,202410,中性盘
10:31:18,35.52,0.01,164,585055,买盘
10:31:21,35.51,-0.01,85,301821,卖盘
10:31:24,35.51,0.0,65,230813,买盘
10:31:27,35.51,0.0,67,237897,买盘
10:31:30,35.5,-0.01,51,181090,卖盘
10:31:33,35.5,0.0,62,220146,卖盘
10:31:37,35.5,0.0,179,635604,卖盘
10:31:39,35.52,0.02,19,67477,买盘
10:31:42,35.52,0.0,287,1019139,买盘
10:31:45,35.52,0.0,155,550461,买盘
10:31:49,35.52,0.0,82,291264,买盘
10:31:52,35.52,0.0,289,1026535,买盘
10:31:54,35.52,0.0,20,71041,卖盘
10:31:57,35.53,0.01,88,312578,买盘
10:32:00,35.53,0.0,211,748455,买盘
10:32:03,35.53,0.0,32,113682,买盘
10:32:06,35.52,-0.01,136,483123,卖盘
10:32:09,35.53,0.01,57,202479,中性盘
10:32:12,35.52,-0.01,440,1562936,卖盘
10:32:15,35.51,-0.01,39,136703,买盘
10:32:18,35.53,0.02,70,248704,买盘
10:32:21,35.52,-0.01,32,113664,卖盘
10:32:24,35.53,0.01,84,298391,买盘
10:32:27,35.53,0.0,169,600450,买盘
10:32:33,35.54,0.01,16,56849,买盘
10:32:36,35.53,-0.01,1247,4430228,卖盘
10:32:39,35.53,0.0,46,165026,卖盘
10:32:42,35.52,-0.01,1571,5577956,卖盘
10:32:45,35.52,0.0,148,525696,买盘
10:32:49,35.52,0.0,285,1012165,买盘
10:32:51,35.52,0.0,163,579035,买盘
10:32:54,35.53,0.01,52,184718,买盘
10:32:57,35.52,-0.01,161,571906,卖盘
10:33:00,35.52,0.0,170,604154,卖盘
10:33:03,35.52,0.0,15,54679,卖盘
10:33:06,35.52,0.0,4080,14487094,卖盘
10:33:09,35.52,0.0,68,241536,买盘
10:33:12,35.52,0.0,54,191808,买盘
10:33:15,35.52,0.0,43,152736,买盘
10:33:18,35.52,0.0,25,88806,买盘
10:33:21,35.53,0.01,234,831221,买盘
10:33:24,35.53,0.0,24,85272,卖盘
10:33:27,35.52,-0.01,23,81697,卖盘
10:33:30,35.53,0.01,31,110143,买盘
10:33:33,35.53,0.0,7,24868,买盘
10:33:36,35.53,0.0,36,127891,买盘
10:33:40,35.53,0.0,134,476091,买盘
10:33:42,35.52,-0.01,105,373011,卖盘
10:33:45,35.52,0.0,45,159875,卖盘
10:33:48,35.53,0.01,132,468987,买盘
10:33:51,35.53,0.0,67,238019,买盘
10:33:54,35.53,0.0,61,216716,买盘
10:33:57,35.53,0.0,262,930885,买盘
10:34:00,35.53,0.0,138,488946,卖盘
10:34:03,35.54,0.01,24,85274,买盘
10:34:06,35.53,-0.01,7,24873,卖盘
10:34:09,35.54,0.01,21,74630,买盘
10:34:12,35.53,-0.01,638,2268236,卖盘
10:34:15,35.55,0.02,173,613394,买盘
10:34:18,35.54,-0.01,9,33408,卖盘
10:34:21,35.54,0.0,12,41226,卖盘
10:34:24,35.53,-0.01,238,845724,卖盘
10:34:28,35.54,0.01,106,376625,中性盘
10:34:30,35.54,0.0,138,490353,买盘
10:34:33,35.53,-0.01,9,31979,卖盘
10:34:36,35.53,0.0,248,881324,卖盘
10:34:39,35.54,0.01,158,561480,中性盘
10:34:42,35.54,0.0,66,234535,买盘
10:34:45,35.54,0.0,11,39094,买盘
10:34:49,35.54,0.0,24,85286,买盘
10:34:51,35.54,0.0,34,120834,买盘
10:34:54,35.54,0.0,51,181249,买盘
10:34:57,35.54,0.0,113,402376,买盘
10:35:00,35.54,0.0,89,316294,买盘
10:35:03,35.54,0.0,39,138607,卖盘
10:35:06,35.54,0.0,11,39094,卖盘
10:35:09,35.55,0.01,31,110185,买盘
10:35:12,35.54,-0.01,12,42648,卖盘
10:35:15,35.55,0.01,6,21329,买盘
10:35:18,35.55,0.0,57,202585,买盘
10:35:21,35.55,0.0,12,42660,买盘
10:35:24,35.55,0.0,856,3041406,买盘
10:35:27,35.53,-0.02,26,93580,卖盘
10:35:30,35.55,0.02,44,156405,买盘
10:35:33,35.54,-0.01,126,447799,买盘
10:35:37,35.53,-0.01,15,53306,卖盘
10:35:39,35.54,0.01,119,422924,买盘
10:35:42,35.54,0.0,15,53306,买盘
10:35:45,35.55,0.01,322,1144369,买盘
10:35:48,35.54,-0.01,174,618396,卖盘
10:35:51,35.54,0.0,47,167011,买盘
10:35:54,35.55,0.01,200,710739,买盘
10:35:58,35.54,-0.01,101,359014,卖盘
10:36:00,35.55,0.01,47,167085,买盘
10:36:03,35.55,0.0,38,135065,买盘
10:36:06,35.55,0.0,53,188394,买盘
10:36:09,35.54,-0.01,15,52316,卖盘
10:36:12,35.55,0.01,179,636346,买盘
10:36:15,35.55,0.0,67,238230,卖盘
10:36:18,35.56,0.01,13,46228,买盘
10:36:21,35.55,-0.01,46,163285,卖盘
10:36:24,35.56,0.01,250,888949,买盘
10:36:27,35.56,0.0,57,202694,卖盘
10:36:30,35.56,0.0,46,165098,卖盘
10:36:33,35.57,0.01,216,768107,买盘
10:36:36,35.56,-0.01,80,284482,卖盘
10:36:39,35.55,-0.01,385,1370521,卖盘
10:36:42,35.57,0.02,103,366350,买盘
10:36:45,35.57,0.0,23,81811,买盘
10:36:48,35.57,0.0,18,60960,买盘
10:36:51,35.57,0.0,12,42684,买盘
10:36:55,35.56,-0.01,921,3274588,卖盘
10:36:57,35.58,0.02,70,248969,买盘
10:37:03,35.57,-0.01,37,131609,卖盘
10:37:06,35.57,0.0,89,316577,卖盘
10:37:09,35.57,0.0,11,39127,买盘
10:37:12,35.57,0.0,13,49294,买盘
10:37:15,35.57,0.0,14,49798,买盘
10:37:18,35.57,0.0,153,544083,买盘
10:37:21,35.56,-0.01,98,347761,卖盘
10:37:24,35.57,0.01,42,149373,买盘
10:37:28,35.57,0.0,83,294535,买盘
10:37:30,35.57,0.0,3,10669,买盘
10:37:33,35.56,-0.01,62,218486,卖盘
10:37:36,35.56,0.0,47,167525,卖盘
10:37:39,35.56,0.0,127,451354,买盘
10:37:42,35.56,0.0,23,81788,买盘
10:37:45,35.56,0.0,12,44977,买盘
10:37:48,35.55,-0.01,235,835434,卖盘
10:37:52,35.55,0.0,102,360853,卖盘
10:37:55,35.56,0.01,13,46228,买盘
10:37:57,35.56,0.0,40,142211,买盘
10:38:03,35.56,0.0,46,164354,买盘
10:38:06,35.56,0.0,112,398270,买盘
10:38:09,35.56,0.0,14,49784,买盘
10:38:12,35.56,0.0,96,341532,买盘
10:38:15,35.56,0.0,118,419530,买盘
10:38:18,35.56,0.0,19,67561,买盘
10:38:21,35.56,0.0,76,270236,买盘
10:38:25,35.55,-0.01,18,64007,卖盘
10:38:27,35.55,0.0,100,355567,卖盘
10:38:31,35.56,0.01,61,215661,买盘
10:38:33,35.56,0.0,47,167132,买盘
10:38:36,35.55,-0.01,40,143704,卖盘
10:38:39,35.55,0.0,458,1626822,卖盘
10:38:43,35.55,0.0,360,1279744,买盘
10:38:45,35.54,-0.01,3,10664,卖盘
10:38:48,35.54,0.0,34,121497,卖盘
10:38:51,35.55,0.01,80,284352,买盘
10:38:54,35.55,0.0,4,14220,买盘
10:38:57,35.55,0.0,81,287953,买盘
10:39:00,35.55,0.0,25,90332,买盘
10:39:03,35.55,0.0,47,165629,卖盘
10:39:06,35.55,0.0,43,152862,买盘
10:39:09,35.55,0.0,4,14220,买盘
10:39:12,35.55,0.0,66,234630,买盘
10:39:15,35.56,0.01,52,186318,买盘
10:39:18,35.55,-0.01,56,197624,卖盘
10:39:21,35.55,0.0,40,142177,买盘
10:39:24,35.55,0.0,155,551025,买盘
10:39:27,35.55,0.0,42,150764,买盘
10:39:30,35.55,0.0,45,158498,买盘
10:39:33,35.54,-0.01,270,959632,卖盘
10:39:36,35.54,0.0,24,85304,卖盘
10:39:39,35.55,0.01,90,321085,买盘
10:39:42,35.55,0.0,54,191969,买盘
10:39:45,35.56,0.01,68,239646,买盘
10:39:48,35.55,-0.01,329,1171504,卖盘
10:39:51,35.55,0.0,33,117315,买盘
10:39:54,35.55,0.0,163,580247,买盘
10:39:57,35.56,0.01,74,263139,买盘
10:40:01,35.55,-0.01,15,53338,卖盘
10:40:03,35.56,0.01,58,206216,买盘
10:40:06,35.56,0.0,36,128010,卖盘
10:40:09,35.57,0.01,13,46224,买盘
10:40:12,35.57,0.0,2,7114,买盘
10:40:15,35.57,0.0,23,81789,买盘
10:40:18,35.57,0.0,16,56901,买盘
10:40:21,35.56,-0.01,102,362785,卖盘
10:40:24,35.57,0.01,101,359248,买盘
10:40:27,35.56,-0.01,30,106703,卖盘
10:40:30,35.57,0.01,46,163723,买盘
10:40:33,35.56,-0.01,233,826065,卖盘
10:40:37,35.56,0.0,4,14226,卖盘
10:40:39,35.57,0.01,119,423283,买盘
10:40:42,35.57,0.0,99,352139,买盘
10:40:45,35.57,0.0,9,32013,买盘
10:40:48,35.57,0.0,69,245397,买盘
10:40:52,35.57,0.0,48,171773,买盘
10:40:54,35.57,0.0,42,149389,买盘
10:40:57,35.57,0.0,26,93965,买盘
10:41:00,35.57,0.0,190,675800,买盘
10:41:03,35.57,0.0,119,423200,买盘
10:41:06,35.57,0.0,221,786338,买盘
10:41:09,35.57,0.0,30,106710,买盘
10:41:12,35.56,-0.01,48,170724,卖盘
10:41:15,35.57,0.01,95,335095,买盘
10:41:19,35.57,0.0,16,56909,买盘
10:41:21,35.57,0.0,119,423283,买盘
10:41:24,35.57,0.0,42,151010,买盘
10:41:27,35.58,0.01,9,32014,买盘
10:41:30,35.57,-0.01,28,99596,卖盘
10:41:33,35.57,0.0,156,554894,卖盘
10:41:36,35.58,0.01,163,579916,买盘
10:41:39,35.58,0.0,142,505213,买盘
10:41:42,35.58,0.0,44,156550,买盘
10:41:45,35.59,0.01,54,192137,买盘
10:41:48,35.58,-0.01,86,305988,卖盘
10:41:51,35.58,0.0,111,394938,买盘
10:41:54,35.58,0.0,399,1419292,买盘
10:41:57,35.58,0.0,68,241929,买盘
10:42:00,35.59,0.01,6,21353,买盘
10:42:03,35.59,0.0,89,316666,买盘
10:42:09,35.58,-0.01,108,384284,卖盘
10:42:12,35.57,-0.01,5,17788,卖盘
10:42:15,35.57,0.0,148,526427,卖盘
10:42:18,35.56,-0.01,874,3107914,卖盘
10:42:21,35.56,0.0,371,1318431,买盘
10:42:24,35.56,0.0,186,661304,买盘
10:42:27,35.55,-0.01,101,360115,卖盘
10:42:30,35.56,0.01,123,437358,买盘
10:42:33,35.56,0.0,261,928118,卖盘
10:42:36,35.56,0.0,48,170701,卖盘
10:42:40,35.57,0.01,84,298778,买盘
10:42:42,35.56,-0.01,155,551234,卖盘
10:42:45,35.58,0.02,65,232073,买盘
10:42:48,35.58,0.0,4,14229,买盘
10:42:54,35.57,-0.01,143,508651,卖盘
10:42:57,35.57,0.0,29,103151,买盘
10:43:00,35.58,0.01,1621,5768501,买盘
10:43:03,35.58,0.0,27,96042,买盘
10:43:06,35.58,0.0,155,551490,买盘
10:43:09,35.59,0.01,15,53385,卖盘
10:43:12,35.59,0.0,6,21354,卖盘
10:43:15,35.6,0.01,4,14240,买盘
10:43:18,35.59,-0.01,28,99644,卖盘
10:43:21,35.59,0.0,10,35593,卖盘
10:43:24,35.59,0.0,126,448434,买盘
10:43:27,35.58,-0.01,29,99713,卖盘
10:43:31,35.58,0.0,648,2305092,卖盘
10:43:33,35.58,0.0,25,88950,买盘
10:43:36,35.57,-0.01,40,143172,卖盘
10:43:39,35.57,0.0,21,74697,买盘
10:43:42,35.57,0.0,125,444711,买盘
10:43:45,35.58,0.01,36,128083,买盘
10:43:48,35.58,0.0,32,113837,买盘
10:43:52,35.57,-0.01,38,135167,卖盘
10:43:54,35.57,0.0,9,32017,卖盘
10:43:57,35.57,0.0,116,412619,卖盘
10:44:00,35.56,-0.01,73,261037,卖盘
10:44:03,35.57,0.01,114,405459,买盘
10:44:06,35.58,0.01,272,967545,买盘
10:44:09,35.57,-0.01,10,35570,卖盘
10:44:12,35.58,0.01,76,270390,买盘
10:44:15,35.57,-0.01,147,522909,卖盘
10:44:18,35.57,0.0,191,679463,卖盘
10:44:22,35.58,0.01,130,462536,买盘
10:44:24,35.57,-0.01,279,992414,卖盘
10:44:27,35.57,0.0,221,786087,买盘
10:44:30,35.57,0.0,20,71135,买盘
10:44:33,35.57,0.0,33,118056,卖盘
10:44:36,35.57,0.0,19,67583,卖盘
10:44:39,35.57,0.0,29,103156,卖盘
10:44:42,35.57,0.0,151,536871,卖盘
10:44:45,35.56,-0.01,42,149390,卖盘
10:44:48,35.56,0.0,61,216972,卖盘
10:44:51,35.57,0.01,88,313012,买盘
10:44:54,35.56,-0.01,51,181398,卖盘
10:44:57,35.57,0.01,158,562133,买盘
10:45:00,35.57,0.0,571,2030496,买盘
10:45:03,35.57,0.0,74,263186,买盘
10:45:09,35.57,0.0,1,3557,卖盘
10:45:12,35.57,0.0,40,142282,卖盘
10:45:15,35.58,0.01,75,266827,买盘
10:45:18,35.57,-0.01,186,661607,卖盘
10:45:21,35.57,0.0,46,161300,买盘
10:45:24,35.57,0.0,122,433954,卖盘
10:45:27,35.57,0.0,204,725654,卖盘
10:45:30,35.57,0.0,24,84896,买盘
10:45:33,35.57,0.0,30,106710,买盘
10:45:37,35.57,0.0,26,92482,买盘
10:45:39,35.57,0.0,14,51636,买盘
10:45:42,35.56,-0.01,104,369919,卖盘
10:45:46,35.56,0.0,41,145802,卖盘
10:45:49,35.56,0.0,15,53486,卖盘
10:45:52,35.57,0.01,31,110240,买盘
10:45:54,35.57,0.0,13,46241,买盘
10:45:57,35.56,-0.01,556,1978624,卖盘
10:46:00,35.56,0.0,6,21336,买盘
10:46:03,35.56,0.0,22,78232,买盘
10:46:06,35.56,0.0,86,305816,买盘
10:46:09,35.56,0.0,25,88900,买盘
10:46:12,35.56,0.0,6,21336,买盘
10:46:15,35.56,0.0,28,99568,买盘
10:46:18,35.56,0.0,22,75526,买盘
10:46:21,35.56,0.0,59,209804,买盘
10:46:24,35.56,0.0,39,138664,买盘
10:46:27,35.55,-0.01,843,2998902,卖盘
10:46:30,35.56,0.01,81,288032,买盘
10:46:33,35.54,-0.02,1059,3761868,卖盘
10:46:39,35.53,-0.01,84,298452,卖盘
10:46:42,35.54,0.01,106,376963,买盘
10:46:45,35.54,0.0,27,95958,买盘
10:46:48,35.54,0.0,271,962888,买盘
10:46:51,35.54,0.0,86,307675,买盘
10:46:54,35.54,0.0,29,103063,买盘
10:46:57,35.54,0.0,112,397943,买盘
10:47:00,35.54,0.0,17,60618,买盘
10:47:03,35.53,-0.01,164,582767,卖盘
10:47:07,35.53,0.0,125,443872,卖盘
10:47:09,35.54,0.01,4,14214,买盘
10:47:12,35.54,0.0,51,179789,买盘
10:47:15,35.54,0.0,81,287872,买盘
10:47:18,35.54,0.0,318,1129860,买盘
10:47:21,35.54,0.0,6,21324,买盘
10:47:25,35.53,-0.01,84,298486,卖盘
10:47:27,35.53,0.0,23,81737,卖盘
10:47:30,35.53,0.0,23,81741,卖盘
10:47:33,35.53,0.0,414,1472582,卖盘
10:47:36,35.54,0.01,114,405156,卖盘
10:47:39,35.54,0.0,191,678814,卖盘
10:47:42,35.55,0.01,147,522474,买盘
10:47:45,35.54,-0.01,494,1756110,卖盘
10:47:48,35.53,-0.01,591,2098157,卖盘
10:47:52,35.53,0.0,65,230945,买盘
10:47:54,35.53,0.0,391,1389216,买盘
10:47:57,35.53,0.0,184,655472,买盘
10:48:00,35.52,-0.01,1418,5037307,卖盘
10:48:03,35.53,0.01,32,113712,卖盘
10:48:07,35.55,0.02,30,106595,买盘
10:48:09,35.54,-0.01,10,35544,中性盘
10:48:13,35.54,0.0,21,74621,买盘
10:48:18,35.54,0.0,40,142160,买盘
10:48:22,35.53,-0.01,18,63971,卖盘
10:48:24,35.54,0.01,75,266532,买盘
10:48:27,35.55,0.01,183,647939,买盘
10:48:30,35.54,-0.01,13,46209,卖盘
10:48:33,35.53,-0.01,35,125333,卖盘
10:48:36,35.54,0.01,4,14214,买盘
10:48:39,35.54,0.0,53,190097,买盘
10:48:42,35.54,0.0,38,135052,买盘
10:48:45,35.54,0.0,13,46202,卖盘
10:48:51,35.54,0.0,21,74645,卖盘
10:48:54,35.54,0.0,120,426499,卖盘
10:48:57,35.54,0.0,304,1080416,卖盘
10:49:00,35.55,0.01,64,226943,买盘
10:49:03,35.54,-0.01,39,138619,中性盘
10:49:06,35.53,-0.01,31,110158,卖盘
10:49:10,35.53,0.0,285,1012672,卖盘
10:49:12,35.54,0.01,47,167065,买盘
10:49:15,35.54,0.0,16,56876,卖盘
10:49:18,35.54,0.0,16,56877,卖盘
10:49:21,35.54,0.0,303,1076862,卖盘
10:49:24,35.55,0.01,34,120870,买盘
10:49:27,35.54,-0.01,29,103088,卖盘
10:49:30,35.54,0.0,53,188207,卖盘
10:49:33,35.55,0.01,265,941824,买盘
10:49:36,35.55,0.0,232,824548,买盘
10:49:39,35.55,0.0,52,182792,买盘
10:49:42,35.55,0.0,732,2603879,买盘
10:49:44,35.54,-0.01,101,356400,卖盘
10:49:48,35.54,0.0,75,266570,卖盘
10:49:51,35.54,0.0,172,611288,卖盘
10:49:54,35.54,0.0,58,206911,买盘
10:49:57,35.54,0.0,84,298529,买盘
10:50:00,35.54,0.0,153,543761,买盘
10:50:03,35.55,0.01,73,259481,买盘
10:50:06,35.54,-0.01,427,1517563,卖盘
10:50:09,35.54,0.0,26,92404,卖盘
10:50:12,35.54,0.0,19,67518,买盘
10:50:15,35.54,0.0,86,305644,买盘
10:50:18,35.53,-0.01,34,120819,卖盘
10:50:21,35.54,0.01,67,238110,买盘
10:50:24,35.53,-0.01,212,753447,卖盘
10:50:27,35.54,0.01,29,103066,买盘
10:50:30,35.54,0.0,175,621800,买盘
10:50:33,35.52,-0.02,1123,3989562,卖盘
10:50:36,35.54,0.02,10,35540,买盘
10:50:39,35.53,-0.01,103,366047,卖盘
10:50:42,35.54,0.01,66,234561,买盘
10:50:45,35.53,-0.01,290,1030399,卖盘
10:50:49,35.54,0.01,660,2345421,买盘
10:50:51,35.53,-0.01,58,206084,中性盘
10:50:54,35.54,0.01,15,53310,买盘
10:50:57,35.54,0.0,18,64502,买盘
10:51:00,35.54,0.0,95,337629,买盘
10:51:04,35.54,0.0,36,127944,卖盘
10:51:07,35.54,0.0,139,494006,卖盘
10:51:09,35.54,0.0,21,74639,卖盘
10:51:12,35.54,0.0,295,1048333,卖盘
10:51:15,35.54,0.0,43,152813,买盘
10:51:18,35.54,0.0,87,310385,买盘
10:51:21,35.54,0.0,60,213238,买盘
10:51:24,35.53,-0.01,268,952217,卖盘
10:51:27,35.54,0.01,41,145696,买盘
10:51:30,35.54,0.0,83,294977,买盘
10:51:33,35.54,0.0,15,53310,买盘
10:51:36,35.53,-0.01,43,152803,卖盘
10:51:39,35.54,0.01,17,60417,买盘
10:51:42,35.54,0.0,45,159908,买盘
10:51:45,35.53,-0.01,208,737251,卖盘
10:51:48,35.53,0.0,220,781801,卖盘
10:51:51,35.53,0.0,215,763719,买盘
10:51:54,35.53,0.0,261,926302,买盘
10:51:57,35.53,0.0,243,863276,买盘
10:52:00,35.53,0.0,115,408536,买盘
10:52:03,35.53,0.0,318,1129625,买盘
10:52:07,35.52,-0.01,63,223837,卖盘
10:52:09,35.53,0.01,85,302004,买盘
10:52:12,35.52,-0.01,47,166981,卖盘
10:52:16,35.54,0.02,278,987506,买盘
10:52:18,35.54,0.0,93,330445,买盘
10:52:22,35.53,-0.01,13,46188,卖盘
10:52:24,35.52,-0.01,606,2152562,卖盘
10:52:27,35.53,0.01,100,355271,中性盘
10:52:30,35.53,0.0,82,291342,买盘
10:52:33,35.52,-0.01,82,291265,卖盘
10:52:37,35.52,0.0,286,1016674,卖盘
10:52:39,35.52,0.0,87,309027,买盘
10:52:42,35.52,0.0,54,191052,买盘
10:52:45,35.53,0.01,153,543477,买盘
10:52:48,35.53,0.0,193,685547,买盘
10:52:51,35.52,-0.01,45,159840,卖盘
10:52:54,35.53,0.01,71,252196,买盘
10:52:57,35.52,-0.01,198,703403,卖盘
10:53:01,35.52,0.0,116,412140,卖盘
10:53:03,35.53,0.01,41,145646,买盘
10:53:06,35.53,0.0,5,17765,买盘
10:53:09,35.52,-0.01,49,174523,卖盘
10:53:12,35.53,0.01,41,145663,买盘
10:53:15,35.53,0.0,114,404940,买盘
10:53:18,35.52,-0.01,32,113665,卖盘
10:53:22,35.52,0.0,111,393327,卖盘
10:53:24,35.52,0.0,34,120799,卖盘
10:53:27,35.52,0.0,89,317443,卖盘
10:53:30,35.52,0.0,31,110110,买盘
10:53:33,35.52,0.0,124,440448,买盘
10:53:37,35.51,-0.01,41,147581,卖盘
10:53:39,35.52,0.01,58,205964,买盘
10:53:42,35.52,0.0,211,749322,买盘
10:53:45,35.52,0.0,114,401899,买盘
10:53:48,35.52,0.0,19,67488,买盘
10:53:52,35.52,0.0,45,159814,买盘
10:53:54,35.51,-0.01,170,604943,卖盘
10:53:57,35.52,0.01,40,142080,买盘
10:54:00,35.52,0.0,88,313869,买盘
10:54:03,35.52,0.0,48,170464,买盘
10:54:06,35.52,0.0,157,557544,买盘
10:54:10,35.52,0.0,571,2026954,买盘
10:54:12,35.52,0.0,23,81681,买盘
10:54:15,35.52,0.0,45,159829,买盘
10:54:18,35.52,0.0,54,191312,买盘
10:54:21,35.52,0.0,38,134976,买盘
10:54:24,35.52,0.0,240,852321,买盘
10:54:27,35.52,0.0,20,71037,买盘
10:54:30,35.52,0.0,98,348460,买盘
10:54:33,35.52,0.0,65,230867,买盘
10:54:36,35.52,0.0,16,56832,买盘
10:54:39,35.51,-0.01,204,722436,卖盘
10:54:42,35.52,0.01,58,205985,买盘
10:54:45,35.52,0.0,166,590894,买盘
10:54:48,35.51,-0.01,214,760005,卖盘
10:54:52,35.52,0.01,259,919734,买盘
10:54:54,35.51,-0.01,66,236109,卖盘
10:54:57,35.52,0.01,404,1435008,买盘
10:55:00,35.51,-0.01,187,664050,卖盘
10:55:03,35.52,0.01,98,348076,买盘
10:55:07,35.5,-0.02,775,2752037,卖盘
10:55:09,35.51,0.01,297,1054382,买盘
10:55:12,35.5,-0.01,948,3365496,卖盘
10:55:15,35.5,0.0,558,1980903,卖盘
10:55:18,35.51,0.01,3470,12318642,买盘
10:55:21,35.5,-0.01,1275,4523595,卖盘
10:55:24,35.49,-0.01,126,447232,卖盘
10:55:27,35.5,0.01,1012,3592281,买盘
10:55:31,35.5,0.0,131,464981,买盘
10:55:33,35.5,0.0,214,759502,买盘
10:55:36,35.49,-0.01,30,106470,卖盘
10:55:39,35.49,0.0,36,127762,买盘
10:55:42,35.48,-0.01,27,95816,卖盘
10:55:45,35.49,0.01,137,486208,买盘
10:55:48,35.49,0.0,184,652982,买盘
10:55:51,35.48,-0.01,282,1000684,卖盘
10:55:54,35.49,0.01,260,922497,买盘
10:55:57,35.49,0.0,276,979431,买盘
10:56:00,35.49,0.0,312,1107063,买盘
10:56:03,35.49,0.0,64,227111,买盘
10:56:07,35.48,-0.01,74,262554,卖盘
10:56:10,35.47,-0.01,670,2377173,卖盘
10:56:12,35.48,0.01,108,383186,买盘
10:56:15,35.49,0.01,25,88724,买盘
10:56:18,35.48,-0.01,21,74519,卖盘
10:56:22,35.47,-0.01,115,408045,卖盘
10:56:24,35.49,0.02,34,120646,买盘
10:56:27,35.49,0.0,49,173861,买盘
10:56:30,35.49,0.0,44,156115,买盘
10:56:33,35.49,0.0,5,17743,买盘
10:56:37,35.49,0.0,149,528690,买盘
10:56:39,35.49,0.0,59,209380,买盘
10:56:42,35.49,0.0,21,74518,买盘
10:56:45,35.48,-0.01,472,1674772,卖盘
10:56:48,35.49,0.01,69,244834,买盘
10:56:51,35.49,0.0,363,1287931,买盘
10:56:54,35.49,0.0,87,308711,买盘
10:56:58,35.49,0.0,68,241271,买盘
10:57:00,35.48,-0.01,232,823154,卖盘
10:57:03,35.48,0.0,37,131274,买盘
10:57:07,35.48,0.0,93,329964,买盘
10:57:09,35.48,0.0,95,337060,买盘
10:57:12,35.48,0.0,65,230633,卖盘
10:57:15,35.48,0.0,1,3548,卖盘
10:57:18,35.48,0.0,52,184506,卖盘
10:57:22,35.49,0.01,2,7098,买盘
10:57:24,35.49,0.0,158,560742,买盘
10:57:27,35.48,-0.01,259,918937,卖盘
10:57:30,35.49,0.01,20,70977,买盘
10:57:33,35.49,0.0,28,99358,买盘
10:57:37,35.49,0.0,17,60333,买盘
10:57:39,35.49,0.0,39,138411,买盘
10:57:42,35.48,-0.01,10,35480,卖盘
10:57:45,35.49,0.01,101,358448,买盘
10:57:48,35.49,0.0,164,582035,买盘
10:57:52,35.48,-0.01,58,205802,卖盘
10:57:54,35.5,0.02,426,1514425,买盘
10:57:57,35.49,-0.01,186,660217,卖盘
10:58:00,35.51,0.02,85,301753,买盘
10:58:03,35.5,-0.01,50,177513,卖盘
10:58:07,35.5,0.0,16,55134,买盘
10:58:09,35.5,0.0,62,220104,卖盘
10:58:12,35.5,0.0,19,67454,卖盘
10:58:15,35.5,0.0,5,17754,卖盘
10:58:18,35.51,0.01,1,3551,买盘
10:58:22,35.51,0.0,17,60367,买盘
10:58:24,35.51,0.0,6,21305,买盘
10:58:27,35.5,-0.01,46,163630,卖盘
10:58:30,35.51,0.01,40,142015,买盘
10:58:33,35.5,-0.01,48,171507,卖盘
10:58:37,35.51,0.01,7,24857,买盘
10:58:39,35.51,0.0,9,31959,买盘
10:58:42,35.51,0.0,37,130599,买盘
10:58:45,35.5,-0.01,65,230810,卖盘
10:58:48,35.51,0.01,53,188203,买盘
10:58:52,35.51,0.0,10,35510,卖盘
10:58:54,35.52,0.01,12,42619,买盘
10:58:57,35.51,-0.01,36,127836,卖盘
10:59:00,35.52,0.01,43,151272,买盘
10:59:03,35.52,0.0,35,124289,买盘
10:59:07,35.51,-0.01,6,23508,卖盘
10:59:10,35.52,0.01,6,21312,买盘
10:59:12,35.52,0.0,17,60384,买盘
10:59:15,35.51,-0.01,75,266395,卖盘
10:59:18,35.52,0.01,14,49722,买盘
10:59:22,35.51,-0.01,171,606774,卖盘
10:59:24,35.52,0.01,41,145624,买盘
10:59:27,35.52,0.0,11,37827,买盘
10:59:30,35.51,-0.01,43,152709,卖盘
10:59:33,35.51,0.0,18,66194,卖盘
10:59:36,35.51,0.0,71,252122,卖盘
10:59:40,35.52,0.01,28,99456,买盘
10:59:42,35.52,0.0,33,115997,买盘
10:59:45,35.51,-0.01,15,53266,卖盘
10:59:48,35.52,0.01,95,337437,买盘
10:59:52,35.51,-0.01,18,62786,卖盘
10:59:54,35.52,0.01,11,39072,买盘
10:59:57,35.52,0.0,14,49717,买盘
11:00:00,35.52,0.0,28,99303,买盘
11:00:03,35.52,0.0,203,720933,买盘
11:00:07,35.51,-0.01,114,406876,卖盘
11:00:09,35.5,-0.01,28,99030,卖盘
11:00:12,35.51,0.01,134,475723,买盘
11:00:15,35.51,0.0,22,78121,买盘
11:00:18,35.51,0.0,44,156958,买盘
11:00:22,35.51,0.0,244,865001,买盘
11:00:24,35.5,-0.01,86,306152,卖盘
11:00:27,35.51,0.01,218,774115,买盘
11:00:30,35.5,-0.01,13,46151,卖盘
11:00:33,35.5,0.0,121,429666,卖盘
11:00:37,35.5,0.0,56,198835,卖盘
11:00:39,35.5,0.0,63,223677,卖盘
11:00:42,35.49,-0.01,521,1847064,卖盘
11:00:45,35.5,0.01,111,393997,买盘
11:00:48,35.49,-0.01,110,390478,卖盘
11:00:52,35.5,0.01,27,95848,买盘
11:00:54,35.49,-0.01,18,63895,卖盘
11:00:57,35.5,0.01,98,347870,买盘
11:01:00,35.5,0.0,210,745490,买盘
11:01:03,35.49,-0.01,73,259099,卖盘
11:01:07,35.5,0.01,2179,7734005,买盘
11:01:09,35.5,0.0,67,238878,卖盘
11:01:13,35.49,-0.01,8,28397,卖盘
11:01:15,35.5,0.01,13,46150,买盘
11:01:18,35.5,0.0,297,1053259,买盘
11:01:22,35.5,0.0,636,2257800,卖盘
11:01:24,35.51,0.01,167,592991,买盘
11:01:27,35.49,-0.02,226,803366,卖盘
11:01:30,35.5,0.01,15,53244,买盘
11:01:33,35.49,-0.01,18,63889,卖盘
11:01:37,35.49,0.0,57,202320,卖盘
11:01:39,35.5,0.01,30,106486,买盘
11:01:43,35.5,0.0,19,67450,买盘
11:01:45,35.49,-0.01,97,344260,卖盘
11:01:48,35.5,0.01,288,1021325,买盘
11:01:52,35.5,0.0,15,52824,卖盘
11:01:54,35.5,0.0,101,360016,卖盘
11:01:57,35.5,0.0,31,110046,买盘
11:02:00,35.5,0.0,37,131350,买盘
11:02:03,35.49,-0.01,62,220046,卖盘
11:02:06,35.49,0.0,75,266180,卖盘
11:02:09,35.48,-0.01,333,1181704,卖盘
11:02:12,35.49,0.01,48,170347,中性盘
11:02:15,35.48,-0.01,8,28385,卖盘
11:02:18,35.48,0.0,113,400940,卖盘
11:02:22,35.48,0.0,44,156119,卖盘
11:02:24,35.48,0.0,117,415123,卖盘
11:02:27,35.48,0.0,146,518021,卖盘
11:02:30,35.49,0.01,89,315861,买盘
11:02:33,35.49,0.0,127,450723,卖盘
11:02:37,35.49,0.0,30,106475,卖盘
11:02:39,35.5,0.01,20,70988,买盘
11:02:43,35.5,0.0,14,49690,买盘
11:02:46,35.5,0.0,288,1022383,买盘
11:02:48,35.49,-0.01,113,401121,卖盘
11:02:52,35.49,0.0,34,120677,卖盘
11:02:55,35.5,0.01,1,3550,买盘
11:02:57,35.49,-0.01,28,99381,卖盘
11:03:00,35.49,0.0,278,986626,卖盘
11:03:04,35.49,0.0,45,159696,买盘
11:03:07,35.49,0.0,139,493242,买盘
11:03:10,35.49,0.0,53,188082,买盘
11:03:12,35.49,0.0,5,17745,买盘
11:03:16,35.49,0.0,12,42586,买盘
11:03:18,35.49,0.0,11,39039,买盘
11:03:22,35.48,-0.01,21,74524,卖盘
11:03:24,35.48,0.0,58,205812,卖盘
11:03:27,35.49,0.01,211,748639,买盘
11:03:30,35.49,0.0,113,400937,买盘
11:03:33,35.49,0.0,183,649290,买盘
11:03:37,35.49,0.0,89,315799,买盘
11:03:39,35.48,-0.01,75,266161,卖盘
11:03:43,35.49,0.01,217,769973,买盘
11:03:45,35.49,0.0,72,255527,买盘
11:03:49,35.49,0.0,550,1951911,买盘
11:03:52,35.49,0.0,18,63881,买盘
11:03:54,35.49,0.0,43,152607,买盘
11:03:57,35.49,0.0,232,823381,卖盘
11:04:00,35.5,0.01,4,14198,买盘
11:04:04,35.5,0.0,97,344311,买盘
11:04:07,35.49,-0.01,272,965525,卖盘
11:04:09,35.49,0.0,32,113570,卖盘
11:04:12,35.5,0.01,138,489893,买盘
11:04:15,35.51,0.01,78,275403,买盘
11:04:19,35.5,-0.01,9,31953,卖盘
11:04:24,35.51,0.01,32,113610,买盘
11:04:27,35.5,-0.01,7,24852,卖盘
11:04:30,35.51,0.01,174,617866,买盘
11:04:33,35.51,0.0,63,223691,买盘
11:04:37,35.51,0.0,34,120729,买盘
11:04:40,35.51,0.0,18,63907,买盘
11:04:42,35.5,-0.01,33,117175,卖盘
11:04:45,35.5,0.0,35,124044,卖盘
11:04:48,35.51,0.01,180,639133,买盘
11:04:52,35.51,0.0,11,39056,买盘
11:04:54,35.5,-0.01,33,117167,卖盘
11:04:57,35.51,0.01,504,1788745,买盘
11:05:00,35.51,0.0,17,60368,卖盘
11:05:03,35.51,0.0,74,264479,卖盘
11:05:07,35.52,0.01,73,259224,买盘
11:05:09,35.52,0.0,6,21312,买盘
11:05:12,35.52,0.0,17,60377,买盘
11:05:16,35.52,0.0,4,14208,买盘
11:05:18,35.52,0.0,64,227810,买盘
11:05:22,35.52,0.0,6,21312,买盘
11:05:24,35.52,0.0,56,196966,买盘
11:05:27,35.52,0.0,4,14208,买盘
11:05:30,35.52,0.0,22,78144,买盘
11:05:34,35.52,0.0,38,134973,买盘
11:05:36,35.52,0.0,51,182925,买盘
11:05:40,35.52,0.0,36,127862,买盘
11:05:42,35.51,-0.01,13,44500,卖盘
11:05:46,35.52,0.01,33,117200,买盘
11:05:48,35.52,0.0,92,326781,买盘
11:05:52,35.52,0.0,35,127035,买盘
11:05:54,35.52,0.0,7,24864,买盘
11:05:57,35.51,-0.01,7,22229,卖盘
11:06:01,35.51,0.0,21,74581,卖盘
11:06:03,35.52,0.01,74,262826,买盘
11:06:06,35.52,0.0,1081,3840724,买盘
11:06:10,35.52,0.0,438,1555975,卖盘
11:06:12,35.53,0.01,90,319734,买盘
11:06:15,35.53,0.0,1,3553,卖盘
11:06:18,35.53,0.0,17,60401,卖盘
11:06:22,35.54,0.01,13,46202,买盘
11:06:24,35.54,0.0,32,113728,买盘
11:06:27,35.54,0.0,70,248351,买盘
11:06:30,35.54,0.0,51,181254,买盘
11:06:33,35.54,0.0,97,345785,买盘
11:06:37,35.54,0.0,191,678812,买盘
11:06:40,35.54,0.0,66,234564,买盘
11:06:42,35.54,0.0,100,355371,买盘
11:06:45,35.54,0.0,10,35540,卖盘
11:06:48,35.55,0.01,47,167085,买盘
11:06:52,35.55,0.0,108,383940,买盘
11:06:54,35.55,0.0,34,120076,买盘
11:06:58,35.55,0.0,127,451485,买盘
11:07:00,35.55,0.0,494,1756170,买盘
11:07:03,35.55,0.0,205,730094,买盘
11:07:07,35.55,0.0,123,437315,卖盘
11:07:10,35.56,0.01,2,7112,买盘
11:07:13,35.56,0.0,40,142238,买盘
11:07:15,35.56,0.0,27,96014,卖盘
11:07:19,35.57,0.01,227,807254,买盘
11:07:22,35.56,-0.01,152,540406,卖盘
11:07:25,35.57,0.01,18,64026,买盘
11:07:27,35.58,0.01,27,96041,买盘
11:07:30,35.58,0.0,1,3558,买盘
11:07:33,35.58,0.0,20,71141,买盘
11:07:37,35.57,-0.01,34,120938,卖盘
11:07:40,35.57,0.0,42,149435,卖盘
11:07:42,35.58,0.01,18,64044,买盘
11:07:45,35.58,0.0,43,152994,买盘
11:07:48,35.58,0.0,45,160090,买盘
11:07:52,35.57,-0.01,134,476841,卖盘
11:07:54,35.58,0.01,45,160110,买盘
11:07:57,35.58,0.0,433,1540464,买盘
11:08:01,35.57,-0.01,41,145766,卖盘
11:08:03,35.57,0.0,51,181404,买盘
11:08:07,35.57,0.0,139,494494,买盘
11:08:10,35.57,0.0,15,53358,卖盘
11:08:12,35.57,0.0,93,330801,卖盘
11:08:16,35.57,0.0,18,61544,卖盘
11:08:17,35.58,0.01,1,3558,买盘
11:08:22,35.57,-0.01,106,377057,卖盘
11:08:24,35.57,0.0,4,14225,买盘
11:08:27,35.56,-0.01,6,21340,卖盘
11:08:31,35.56,0.0,5,17780,卖盘
11:08:33,35.57,0.01,19,69770,买盘
11:08:37,35.57,0.0,62,220528,买盘
11:08:39,35.57,0.0,217,771869,买盘
11:08:42,35.57,0.0,109,387708,买盘
11:08:45,35.56,-0.01,22,78242,卖盘
11:08:48,35.56,0.0,164,583196,卖盘
11:08:52,35.57,0.01,141,501476,买盘
11:08:55,35.57,0.0,184,654468,买盘
11:08:57,35.57,0.0,189,672273,卖盘
11:09:01,35.57,0.0,5,17785,卖盘
11:09:03,35.58,0.01,63,222249,买盘
11:09:07,35.57,-0.01,2,7114,卖盘
11:09:09,35.57,0.0,130,462423,卖盘
11:09:13,35.58,0.01,8,28464,买盘
11:09:15,35.57,-0.01,33,117409,卖盘
11:09:18,35.57,0.0,13,46241,卖盘
11:09:22,35.57,0.0,11,41544,买盘
11:09:24,35.57,0.0,14,49798,买盘
11:09:28,35.57,0.0,43,152951,买盘
11:09:30,35.56,-0.01,13,46233,卖盘
11:09:33,35.57,0.01,8,28455,买盘
11:09:37,35.57,0.0,54,192048,买盘
11:09:40,35.58,0.01,437,1552376,买盘
11:09:43,35.58,0.0,18,64044,卖盘
11:09:46,35.58,0.0,10,35581,卖盘
11:09:48,35.59,0.01,34,120991,买盘
11:09:52,35.59,0.0,92,327428,买盘
11:09:54,35.59,0.0,112,400684,买盘
11:09:57,35.59,0.0,67,238444,卖盘
11:10:01,35.59,0.0,10,35585,买盘
11:10:07,35.59,0.0,110,391413,买盘
11:10:09,35.59,0.0,104,370039,买盘
11:10:12,35.58,-0.01,25,88970,卖盘
11:10:16,35.59,0.01,515,1832374,买盘
11:10:19,35.59,0.0,11,39139,买盘
11:10:22,35.59,0.0,176,626213,买盘
11:10:24,35.58,-0.01,31,107964,卖盘
11:10:27,35.59,0.01,13,46267,买盘
11:10:30,35.59,0.0,29,103202,买盘
11:10:34,35.59,0.0,190,676148,买盘
11:10:37,35.58,-0.01,43,152997,卖盘
11:10:39,35.59,0.01,26,92525,买盘
11:10:42,35.58,-0.01,29,105745,卖盘
11:10:46,35.59,0.01,59,209981,买盘
11:10:49,35.58,-0.01,318,1131452,卖盘
11:10:52,35.58,0.0,107,377664,卖盘
11:10:54,35.58,0.0,44,156587,卖盘
11:10:58,35.59,0.01,432,1538753,买盘
11:11:01,35.58,-0.01,43,154379,卖盘
11:11:03,35.57,-0.01,57,202796,卖盘
11:11:07,35.54,-0.03,581,2065679,卖盘
11:11:09,35.54,0.0,206,729520,卖盘
11:11:13,35.53,-0.01,8,28424,卖盘
11:11:16,35.54,0.01,126,447794,买盘
11:11:19,35.53,-0.01,486,1726758,卖盘
11:11:22,35.52,-0.01,34,123281,卖盘
11:11:24,35.53,0.01,76,269978,买盘
11:11:27,35.53,0.0,21,74607,买盘
11:11:31,35.5,-0.03,433,1537474,卖盘
11:11:33,35.53,0.03,11,38226,买盘
11:11:37,35.52,-0.01,11,39078,卖盘
11:11:40,35.5,-0.02,423,1501126,卖盘
11:11:43,35.53,0.03,7,24866,买盘
11:11:46,35.52,-0.01,13,46177,中性盘
11:11:49,35.52,0.0,37,132981,买盘
11:11:52,35.52,0.0,93,330343,买盘
11:11:54,35.52,0.0,33,117216,买盘
11:11:57,35.52,0.0,110,390808,卖盘
11:12:00,35.52,0.0,83,294816,买盘
11:12:03,35.52,0.0,63,223763,买盘
11:12:07,35.52,0.0,100,355200,买盘
11:12:11,35.53,0.01,99,351737,买盘
11:12:13,35.51,-0.02,522,1853728,卖盘
11:12:15,35.51,0.0,86,305386,买盘
11:12:19,35.51,0.0,58,205955,买盘
11:12:22,35.51,0.0,33,117183,买盘
11:12:24,35.51,0.0,1303,4626953,买盘
11:12:28,35.51,0.0,248,880648,买盘
11:12:31,35.53,0.02,260,923582,买盘
11:12:33,35.53,0.0,310,1101120,买盘
11:12:37,35.54,0.01,67,238107,买盘
11:12:40,35.54,0.0,41,145766,卖盘
11:12:43,35.57,0.03,3,10671,买盘
11:12:48,35.56,-0.01,231,821519,中性盘
11:12:52,35.57,0.01,3,10672,中性盘
11:12:55,35.58,0.01,5,17789,买盘
11:12:58,35.58,0.0,22,78256,买盘
11:13:01,35.58,0.0,562,1999596,买盘
11:13:03,35.58,0.0,39,138762,卖盘
11:13:07,35.58,0.0,34,120972,卖盘
11:13:10,35.59,0.01,103,366568,买盘
11:13:12,35.58,-0.01,2,7116,卖盘
11:13:16,35.59,0.01,16,56930,买盘
11:13:19,35.59,0.0,94,334532,买盘
11:13:22,35.59,0.0,85,302520,卖盘
11:13:25,35.6,0.01,131,466257,买盘
11:13:28,35.59,-0.01,258,917845,卖盘
11:13:31,35.6,0.01,33,117480,买盘
11:13:37,35.59,-0.01,73,259811,卖盘
11:13:40,35.6,0.01,192,683511,买盘
11:13:43,35.6,0.0,123,436225,买盘
11:13:46,35.59,-0.01,188,671121,卖盘
11:13:49,35.59,0.0,133,470391,买盘
11:13:52,35.58,-0.01,41,145910,卖盘
11:13:55,35.58,0.0,133,474329,卖盘
11:13:58,35.59,0.01,64,229722,买盘
11:14:01,35.59,0.0,120,427068,买盘
11:14:04,35.58,-0.01,112,395637,卖盘
11:14:07,35.59,0.01,56,199295,买盘
11:14:10,35.58,-0.01,39,141914,卖盘
11:14:13,35.58,0.0,91,323802,卖盘
11:14:16,35.59,0.01,55,194052,买盘
11:14:19,35.58,-0.01,69,246855,卖盘
11:14:22,35.58,0.0,138,491439,卖盘
11:14:25,35.59,0.01,13,46267,买盘
11:14:28,35.59,0.0,43,152338,买盘
11:14:31,35.58,-0.01,26,90137,卖盘
11:14:34,35.58,0.0,16,56931,卖盘
11:14:37,35.58,0.0,804,2862379,卖盘
11:14:40,35.58,0.0,275,978712,卖盘
11:14:43,35.57,-0.01,20,69943,卖盘
11:14:46,35.58,0.01,249,886925,买盘
11:14:49,35.57,-0.01,1,3557,中性盘
11:14:52,35.57,0.0,47,167179,买盘
11:14:55,35.57,0.0,270,960245,买盘
11:14:58,35.57,0.0,12,42684,买盘
11:15:01,35.55,-0.02,84,297752,卖盘
11:15:04,35.55,0.0,184,655170,卖盘
11:15:07,35.54,-0.01,55,195484,卖盘
11:15:10,35.54,0.0,8,27787,中性盘
11:15:13,35.53,-0.01,26,92393,卖盘
11:15:16,35.55,0.02,133,472686,买盘
11:15:19,35.54,-0.01,72,255903,买盘
11:15:22,35.54,0.0,158,561529,卖盘
11:15:25,35.55,0.01,171,607711,买盘
11:15:28,35.54,-0.01,54,191916,中性盘
11:15:31,35.54,0.0,21,74620,买盘
11:15:34,35.55,0.01,61,216779,买盘
11:15:37,35.55,0.0,36,127967,买盘
11:15:40,35.54,-0.01,8,28432,卖盘
11:15:43,35.55,0.01,104,369619,买盘
11:15:46,35.55,0.0,325,1155188,买盘
11:15:49,35.55,0.0,22,78190,买盘
11:15:52,35.55,0.0,1545,5486995,买盘
11:15:55,35.55,0.0,117,415900,买盘
11:15:58,35.55,0.0,111,394605,买盘
11:16:01,35.55,0.0,41,145749,买盘
11:16:04,35.53,-0.02,48,170608,卖盘
11:16:07,35.55,0.02,170,603339,买盘
11:16:10,35.55,0.0,17,60438,卖盘
11:16:13,35.56,0.01,7,24888,买盘
11:16:16,35.55,-0.01,191,679081,卖盘
11:16:19,35.55,0.0,54,191970,卖盘
11:16:22,35.55,0.0,21,74671,卖盘
11:16:26,35.56,0.01,30,106680,买盘
11:16:28,35.56,0.0,63,224028,买盘
11:16:32,35.55,-0.01,105,373293,卖盘
11:16:34,35.55,0.0,19,67545,卖盘
11:16:37,35.56,0.01,105,373373,买盘
11:16:40,35.55,-0.01,54,191970,卖盘
11:16:43,35.56,0.01,72,256032,买盘
11:16:47,35.56,0.0,95,337820,买盘
11:16:49,35.56,0.0,20,71115,买盘
11:16:52,35.55,-0.01,79,280919,卖盘
11:16:55,35.56,0.01,163,579539,买盘
11:16:58,35.55,-0.01,156,554746,卖盘
11:17:01,35.56,0.01,68,241796,买盘
11:17:04,35.56,0.0,60,213360,买盘
11:17:07,35.57,0.01,57,202694,买盘
11:17:10,35.56,-0.01,12,42673,卖盘
11:17:13,35.56,0.0,52,184912,卖盘
11:17:16,35.56,0.0,30,106680,卖盘
11:17:19,35.57,0.01,20,71706,买盘
11:17:22,35.56,-0.01,44,156465,卖盘
11:17:25,35.56,0.0,240,854838,卖盘
11:17:28,35.57,0.01,9,32013,中性盘
11:17:31,35.57,0.0,162,576154,买盘
11:17:34,35.57,0.0,52,184960,买盘
11:17:37,35.57,0.0,56,199192,买盘
11:17:40,35.57,0.0,2,7114,卖盘
11:17:46,35.57,0.0,14,49798,卖盘
11:17:49,35.58,0.01,3,10674,买盘
11:17:52,35.58,0.0,126,447744,买盘
11:17:55,35.58,0.0,371,1319864,买盘
11:17:58,35.57,-0.01,24,86453,卖盘
11:18:01,35.57,0.0,10,32760,卖盘
11:18:04,35.58,0.01,88,313078,买盘
11:18:07,35.58,0.0,192,685151,买盘
11:18:10,35.58,0.0,19,67601,买盘
11:18:13,35.57,-0.01,167,594041,卖盘
11:18:16,35.58,0.01,107,380706,买盘
11:18:19,35.57,-0.01,26,93775,卖盘
11:18:22,35.58,0.01,9,32020,买盘
11:18:25,35.58,0.0,102,362909,买盘
11:18:28,35.57,-0.01,4,14231,卖盘
11:18:31,35.58,0.01,57,202796,买盘
11:18:34,35.57,-0.01,24,85378,卖盘
11:18:37,35.58,0.01,145,515890,买盘
11:18:40,35.58,0.0,46,160968,买盘
11:18:43,35.58,0.0,8,28459,买盘
11:18:46,35.57,-0.01,145,517002,卖盘
11:18:49,35.58,0.01,224,796992,买盘
11:18:52,35.58,0.0,104,369936,买盘
11:18:55,35.58,0.0,188,668904,买盘
11:18:58,35.58,0.0,68,241940,买盘
11:19:01,35.59,0.01,21,73671,买盘
11:19:04,35.59,0.0,8,28465,买盘
11:19:07,35.59,0.0,3,10677,买盘
11:19:10,35.59,0.0,35,124565,买盘
11:19:13,35.59,0.0,266,946529,买盘
11:19:16,35.59,0.0,62,220654,买盘
11:19:19,35.59,0.0,18,64062,买盘
11:19:22,35.58,-0.01,90,320489,卖盘
11:19:25,35.59,0.01,6,21354,买盘
11:19:28,35.59,0.0,2,7118,买盘
11:19:31,35.59,0.0,46,165237,买盘
11:19:34,35.58,-0.01,14,48534,卖盘
11:19:37,35.58,0.0,49,174375,卖盘
11:19:40,35.58,0.0,21,76289,卖盘
11:19:43,35.59,0.01,7,24912,买盘
11:19:46,35.58,-0.01,185,658232,卖盘
11:19:49,35.58,0.0,57,200853,卖盘
11:19:52,35.58,0.0,63,225596,卖盘
11:19:55,35.57,-0.01,160,568907,卖盘
11:19:58,35.58,0.01,353,1256106,买盘
11:20:01,35.58,0.0,16,56928,买盘
11:20:04,35.57,-0.01,31,109412,卖盘
11:20:07,35.57,0.0,30,106705,买盘
11:20:10,35.57,0.0,89,316574,买盘
11:20:13,35.57,0.0,14,49794,买盘
11:20:16,35.57,0.0,6,21341,买盘
11:20:19,35.57,0.0,13,46236,买盘
11:20:22,35.57,0.0,44,156473,买盘
11:20:25,35.56,-0.01,99,353526,卖盘
11:20:28,35.56,0.0,218,775215,卖盘
11:20:31,35.56,0.0,146,518194,卖盘
11:20:34,35.57,0.01,21,74694,买盘
11:20:37,35.56,-0.01,66,235099,卖盘
11:20:40,35.56,0.0,2,7112,买盘
11:20:43,35.56,0.0,68,241750,买盘
11:20:46,35.56,0.0,72,256005,买盘
11:20:49,35.55,-0.01,42,147960,卖盘
11:20:52,35.56,0.01,46,164391,买盘
11:20:55,35.57,0.01,204,725422,买盘
11:20:58,35.55,-0.02,13,46227,卖盘
11:21:01,35.56,0.01,85,302260,买盘
11:21:04,35.56,0.0,25,88880,买盘
11:21:07,35.56,0.0,3,10667,买盘
11:21:10,35.56,0.0,124,440944,买盘
11:21:13,35.56,0.0,73,259589,买盘
11:21:16,35.57,0.01,12,42674,买盘
11:21:19,35.56,-0.01,30,106680,卖盘
11:21:22,35.57,0.01,15,53355,买盘
11:21:25,35.57,0.0,59,209812,买盘
11:21:28,35.56,-0.01,202,718316,卖盘
11:21:31,35.56,0.0,38,135128,买盘
11:21:34,35.56,0.0,43,152878,买盘
11:21:37,35.56,0.0,22,78793,买盘
11:21:40,35.56,0.0,86,303861,买盘
11:21:43,35.55,-0.01,195,693271,卖盘
11:21:46,35.55,0.0,304,1080643,卖盘
11:21:49,35.54,-0.01,76,270247,卖盘
11:21:52,35.55,0.01,10,35550,中性盘
11:21:55,35.54,-0.01,155,550994,卖盘
11:21:58,35.54,0.0,14,49757,卖盘
11:22:01,35.54,0.0,121,429924,买盘
11:22:04,35.53,-0.01,19,67523,卖盘
11:22:07,35.54,0.01,36,127930,买盘
11:22:10,35.53,-0.01,147,522408,卖盘
11:22:13,35.53,0.0,68,241634,卖盘
11:22:16,35.53,0.0,13,46200,卖盘
11:22:19,35.54,0.01,74,262996,买盘
11:22:22,35.54,0.0,90,319860,买盘
11:22:25,35.54,0.0,286,1016606,卖盘
11:22:29,35.54,0.0,42,149257,买盘
11:22:31,35.55,0.01,56,199029,买盘
11:22:34,35.55,0.0,149,529561,买盘
11:22:37,35.54,-0.01,6,21327,卖盘
11:22:40,35.55,0.01,11,39103,买盘
11:22:43,35.55,0.0,75,266551,买盘
11:22:46,35.54,-0.01,13,46205,卖盘
11:22:49,35.55,0.01,7,24885,买盘
11:22:52,35.55,0.0,124,440820,买盘
11:22:55,35.55,0.0,119,423041,买盘
11:22:58,35.55,0.0,27,95985,卖盘
11:23:01,35.54,-0.01,242,860123,卖盘
11:23:04,35.55,0.01,204,725248,卖盘
11:23:07,35.55,0.0,1,3555,卖盘
11:23:10,35.56,0.01,56,199087,卖盘
11:23:13,35.54,-0.02,249,885063,卖盘
11:23:16,35.56,0.02,92,326968,买盘
11:23:19,35.56,0.0,40,142199,买盘
11:23:22,35.55,-0.01,5,20162,卖盘
11:23:25,35.53,-0.02,119,421229,卖盘
11:23:28,35.56,0.03,4,14224,买盘
11:23:31,35.54,-0.02,16,56869,卖盘
11:23:34,35.55,0.01,18,64512,买盘
11:23:37,35.54,-0.01,75,266622,卖盘
11:23:40,35.55,0.01,3,10665,买盘
11:23:43,35.55,0.0,35,124423,买盘
11:23:46,35.55,0.0,90,319940,卖盘
11:23:49,35.55,0.0,121,430155,卖盘
11:23:52,35.56,0.01,28,99568,买盘
11:23:55,35.56,0.0,125,444420,买盘
11:23:58,35.56,0.0,34,120904,卖盘
11:24:01,35.56,0.0,2,7112,卖盘
11:24:04,35.56,0.0,33,117349,卖盘
11:24:07,35.56,0.0,12,42673,卖盘
11:24:10,35.56,0.0,42,149390,卖盘
11:24:13,35.57,0.01,18,64025,买盘
11:24:16,35.57,0.0,100,355588,买盘
11:24:19,35.57,0.0,11,39127,买盘
11:24:22,35.55,-0.02,31,108768,卖盘
11:24:25,35.56,0.01,18,64008,买盘
11:24:28,35.55,-0.01,62,221878,卖盘
11:24:31,35.54,-0.01,58,206182,卖盘
11:24:34,35.55,0.01,155,550834,买盘
11:24:37,35.55,0.0,32,113123,买盘
11:24:40,35.54,-0.01,128,455030,卖盘
11:24:43,35.54,0.0,14,49759,卖盘
11:24:46,35.54,0.0,25,88871,卖盘
11:24:49,35.54,0.0,7,24883,卖盘
11:24:52,35.54,0.0,290,1032140,卖盘
11:24:55,35.55,0.01,66,234605,买盘
11:24:58,35.55,0.0,157,556670,买盘
11:25:01,35.55,0.0,293,1041615,卖盘
11:25:04,35.55,0.0,233,828324,卖盘
11:25:07,35.56,0.01,44,156446,买盘
11:25:10,35.55,-0.01,49,174209,卖盘
11:25:13,35.55,0.0,54,191996,卖盘
11:25:16,35.55,0.0,7,24889,卖盘
11:25:19,35.56,0.01,64,227569,买盘
11:25:22,35.56,0.0,37,131549,买盘
11:25:25,35.56,0.0,42,149318,买盘
11:25:28,35.55,-0.01,59,209797,卖盘
11:25:31,35.55,0.0,1,3555,卖盘
11:25:34,35.56,0.01,157,558264,买盘
11:25:37,35.56,0.0,69,245364,买盘
11:25:41,35.56,0.0,72,256032,卖盘
11:25:43,35.56,0.0,17,60453,卖盘
11:25:46,35.57,0.01,3,10671,买盘
11:25:49,35.56,-0.01,7,24892,卖盘
11:25:52,35.56,0.0,32,113797,卖盘
11:25:55,35.57,0.01,116,412561,买盘
11:25:58,35.56,-0.01,83,295219,卖盘
11:26:01,35.57,0.01,4,14228,买盘
11:26:04,35.56,-0.01,330,1173520,卖盘
11:26:07,35.56,0.0,23,81775,买盘
11:26:10,35.55,-0.01,87,310510,卖盘
11:26:13,35.55,0.0,105,371367,卖盘
11:26:16,35.55,0.0,55,195536,卖盘
11:26:19,35.55,0.0,36,130245,卖盘
11:26:22,35.56,0.01,30,107210,买盘
11:26:25,35.55,-0.01,38,132906,卖盘
11:26:28,35.56,0.01,376,1337268,买盘
11:26:31,35.56,0.0,36,128008,买盘
11:26:34,35.56,0.0,259,920302,买盘
11:26:37,35.56,0.0,41,148848,买盘
11:26:40,35.56,0.0,302,1073620,买盘
11:26:43,35.56,0.0,129,456823,买盘
11:26:46,35.56,0.0,83,295425,买盘
11:26:49,35.56,0.0,20,71116,买盘
11:26:52,35.56,0.0,306,1088136,买盘
11:26:55,35.56,0.0,134,475325,买盘
11:26:58,35.56,0.0,584,2076201,买盘
11:27:01,35.56,0.0,108,384048,买盘
11:27:04,35.56,0.0,57,202691,卖盘
11:27:07,35.56,0.0,17,60454,卖盘
11:27:13,35.56,0.0,69,245369,卖盘
11:27:16,35.56,0.0,91,323598,卖盘
11:27:19,35.57,0.01,170,604621,买盘
11:27:22,35.57,0.0,7,24899,买盘
11:27:25,35.56,-0.01,31,110251,卖盘
11:27:28,35.57,0.01,201,714957,买盘
11:27:31,35.57,0.0,20,71141,卖盘
11:27:34,35.57,0.0,7,24899,买盘
11:27:37,35.57,0.0,83,295208,买盘
11:27:40,35.57,0.0,32,113818,买盘
11:27:43,35.58,0.01,52,185016,买盘
11:27:46,35.58,0.0,357,1270206,买盘
11:27:49,35.59,0.01,347,1234627,买盘
11:27:52,35.6,0.01,137,487631,买盘
11:27:55,35.6,0.0,122,435562,买盘
11:27:58,35.6,0.0,37,131708,卖盘
11:28:01,35.61,0.01,10,35610,买盘
11:28:04,35.6,-0.01,47,167333,卖盘
11:28:07,35.6,0.0,13,46290,卖盘
11:28:10,35.61,0.01,154,548388,买盘
11:28:13,35.61,0.0,70,249263,买盘
11:28:17,35.61,0.0,100,356036,买盘
11:28:19,35.61,0.0,29,103254,买盘
11:28:22,35.59,-0.02,298,1060191,卖盘
11:28:25,35.61,0.02,118,420196,买盘
11:28:28,35.61,0.0,55,195842,买盘
11:28:31,35.6,-0.01,72,256342,卖盘
11:28:34,35.62,0.02,489,1741743,买盘
11:28:37,35.62,0.0,17,60567,卖盘
11:28:40,35.62,0.0,5,17812,卖盘
11:28:43,35.63,0.01,94,334913,买盘
11:28:46,35.64,0.01,117,416988,买盘
11:28:49,35.63,-0.01,2044,7288456,卖盘
11:28:52,35.66,0.03,37,131900,买盘
11:28:55,35.67,0.01,175,624040,买盘
11:28:58,35.67,0.0,44,156916,买盘
11:29:01,35.66,-0.01,64,228263,买盘
11:29:04,35.66,0.0,35,124812,买盘
11:29:07,35.67,0.01,98,351977,买盘
11:29:10,35.68,0.01,24,85618,买盘
11:29:13,35.68,0.0,16,57088,买盘
11:29:16,35.68,0.0,129,460195,买盘
11:29:19,35.68,0.0,42,149853,买盘
11:29:22,35.68,0.0,33,117744,买盘
11:29:25,35.68,0.0,98,349654,买盘
11:29:28,35.67,-0.01,498,1774109,卖盘
11:29:31,35.67,0.0,14,49938,买盘
11:29:34,35.67,0.0,54,192618,买盘
11:29:37,35.67,0.0,25,89171,买盘
11:29:40,35.66,-0.01,157,560015,卖盘
11:29:43,35.66,0.0,32,114138,卖盘
11:29:46,35.66,0.0,46,164071,卖盘
11:29:49,35.67,0.01,90,320953,买盘
11:29:52,35.66,-0.01,105,374430,卖盘
11:29:55,35.67,0.01,160,571445,买盘
11:29:58,35.67,0.0,265,945049,买盘
11:30:01,35.66,-0.01,41,144780,卖盘
13:00:02,35.68,0.02,1449,5169077,买盘
13:00:05,35.67,-0.01,5505,19633107,卖盘
13:00:08,35.67,0.0,826,2948142,卖盘
13:00:10,35.67,0.0,187,666898,买盘
13:00:13,35.67,0.0,331,1180494,买盘
13:00:17,35.67,0.0,326,1161121,买盘
13:00:20,35.67,0.0,123,439013,卖盘
13:00:22,35.67,0.0,140,499505,卖盘
13:00:26,35.67,0.0,328,1168837,卖盘
13:00:29,35.68,0.01,1507,5376166,买盘
13:00:32,35.68,0.0,67,239053,买盘
13:00:35,35.68,0.0,432,1543844,买盘
13:00:38,35.68,0.0,255,909837,买盘
13:00:41,35.68,0.0,88,311879,买盘
13:00:44,35.66,-0.02,394,1406312,卖盘
13:00:47,35.67,0.01,76,271927,买盘
13:00:50,35.67,0.0,18,64196,买盘
13:00:53,35.68,0.01,1304,4653019,买盘
13:00:56,35.7,0.02,104,371202,买盘
13:00:59,35.68,-0.02,34,118457,卖盘
13:01:02,35.7,0.02,398,1421961,买盘
13:01:05,35.71,0.01,1343,4792746,买盘
13:01:08,35.7,-0.01,98,349838,买盘
13:01:11,35.7,0.0,266,949639,卖盘
13:01:14,35.7,0.0,378,1349445,买盘
13:01:17,35.7,0.0,40,142800,买盘
13:01:20,35.69,-0.01,130,464090,卖盘
13:01:23,35.7,0.01,108,386005,买盘
13:01:26,35.7,0.0,446,1592209,买盘
13:01:29,35.7,0.0,93,332010,买盘
13:01:32,35.7,0.0,19,67832,卖盘
13:01:35,35.7,0.0,50,178535,卖盘
13:01:38,35.71,0.01,90,321325,买盘
13:01:41,35.7,-0.01,536,1913556,卖盘
13:01:44,35.71,0.01,28,99988,买盘
13:01:47,35.7,-0.01,177,631948,卖盘
13:01:49,35.7,0.0,409,1462710,卖盘
13:01:53,35.71,0.01,410,1464104,买盘
13:01:55,35.7,-0.01,82,292817,卖盘
13:01:57,35.71,0.01,135,482070,买盘
13:02:02,35.71,0.0,144,514217,买盘
13:02:05,35.71,0.0,237,846297,买盘
13:02:08,35.7,-0.01,615,2195718,卖盘
13:02:11,35.71,0.01,25,89274,中性盘
13:02:14,35.72,0.01,263,939180,买盘
13:02:17,35.72,0.0,167,596311,买盘
13:02:20,35.71,-0.01,8,28568,卖盘
13:02:23,35.72,0.01,75,267891,买盘
13:02:26,35.71,-0.01,247,882147,卖盘
13:02:29,35.7,-0.01,99,350847,卖盘
13:02:32,35.71,0.01,62,221397,买盘
13:02:35,35.72,0.01,229,817833,买盘
13:02:38,35.69,-0.03,314,1123108,卖盘
13:02:41,35.7,0.01,251,895848,买盘
13:02:44,35.71,0.01,163,581988,买盘
13:02:47,35.68,-0.03,25,89236,卖盘
13:02:50,35.69,0.01,106,378291,买盘
13:02:53,35.7,0.01,187,667276,买盘
13:02:55,35.7,0.0,163,581783,买盘
13:02:59,35.69,-0.01,103,367668,卖盘
13:03:02,35.71,0.02,637,2274156,买盘
13:03:05,35.71,0.0,1998,7133997,买盘
13:03:08,35.73,0.02,282,1007221,买盘
13:03:11,35.74,0.01,42,150024,买盘
13:03:14,35.68,-0.06,704,2512960,卖盘
13:03:17,35.74,0.06,854,3047370,买盘
13:03:20,35.74,0.0,40,142929,买盘
13:03:23,35.73,-0.01,12,42877,中性盘
13:03:26,35.68,-0.05,491,1752243,卖盘
13:03:29,35.7,0.02,367,1309876,买盘
13:03:32,35.7,0.0,300,1071391,卖盘
13:03:35,35.73,0.03,36,128549,买盘
13:03:38,35.7,-0.03,454,1620985,卖盘
13:03:41,35.73,0.03,37,132199,买盘
13:03:44,35.73,0.0,86,306562,卖盘
13:03:47,35.72,-0.01,192,686153,卖盘
13:03:50,35.72,0.0,135,482220,买盘
13:03:53,35.72,0.0,181,646587,买盘
13:03:56,35.71,-0.01,292,1043549,卖盘
13:03:59,35.73,0.02,239,852827,买盘
13:04:02,35.72,-0.01,447,1597671,卖盘
13:04:05,35.72,0.0,132,471504,买盘
13:04:08,35.73,0.01,85,302934,买盘
13:04:11,35.72,-0.01,74,264292,卖盘
13:04:14,35.7,-0.02,344,1229116,卖盘
13:04:17,35.72,0.02,181,645707,买盘
13:04:20,35.71,-0.01,148,528646,中性盘
13:04:23,35.7,-0.01,66,235681,卖盘
13:04:26,35.71,0.01,58,207115,买盘
13:04:29,35.71,0.0,14,49994,买盘
13:04:32,35.71,0.0,190,678468,买盘
13:04:35,35.71,0.0,111,396329,买盘
13:04:38,35.7,-0.01,33,117814,卖盘
13:04:41,35.71,0.01,288,1028357,买盘
13:04:44,35.71,0.0,103,367802,买盘
13:04:47,35.71,0.0,670,2393577,买盘
13:04:50,35.71,0.0,126,449982,卖盘
13:04:53,35.7,-0.01,103,366419,卖盘
13:04:56,35.71,0.01,46,164248,买盘
13:04:59,35.71,0.0,113,403511,买盘
13:05:02,35.71,0.0,210,751236,买盘
13:05:05,35.7,-0.01,574,2050178,卖盘
13:05:08,35.71,0.01,80,284239,买盘
13:05:11,35.71,0.0,75,267775,买盘
13:05:14,35.71,0.0,95,339235,买盘
13:05:17,35.71,0.0,45,160676,买盘
13:05:20,35.71,0.0,115,410645,买盘
13:05:23,35.7,-0.01,33,117838,卖盘
13:05:26,35.71,0.01,127,454573,买盘
13:05:29,35.7,-0.01,18,64276,卖盘
13:05:32,35.7,0.0,34,121409,卖盘
13:05:35,35.71,0.01,130,464104,买盘
13:05:38,35.7,-0.01,66,235657,卖盘
13:05:41,35.69,-0.01,56,199919,卖盘
13:05:44,35.71,0.02,118,420764,买盘
13:05:47,35.7,-0.01,21,74970,卖盘
13:05:49,35.7,0.0,65,232107,卖盘
13:05:53,35.7,0.0,37,132090,卖盘
13:05:56,35.7,0.0,66,236096,卖盘
13:05:59,35.7,0.0,117,417690,买盘
13:06:01,35.7,0.0,39,139230,买盘
13:06:05,35.7,0.0,492,1755971,买盘
13:06:08,35.7,0.0,64,228481,卖盘
13:06:11,35.7,0.0,306,1092434,卖盘
13:06:14,35.69,-0.01,86,307472,卖盘
13:06:17,35.69,0.0,142,506394,卖盘
13:06:20,35.71,0.02,699,2496078,买盘
13:06:23,35.7,-0.01,58,207092,卖盘
13:06:26,35.7,0.0,57,203537,卖盘
13:06:28,35.7,0.0,57,203522,卖盘
13:06:32,35.7,0.0,132,471251,卖盘
13:06:35,35.7,0.0,83,296310,买盘
13:06:38,35.7,0.0,69,246330,买盘
13:06:41,35.69,-0.01,44,155193,卖盘
13:06:43,35.69,0.0,78,278455,卖盘
13:06:47,35.7,0.01,61,217757,买盘
13:06:49,35.7,0.0,33,117797,买盘
13:06:53,35.7,0.0,109,389030,买盘
13:06:55,35.7,0.0,34,121379,买盘
13:06:59,35.7,0.0,128,457463,买盘
13:07:02,35.7,0.0,1016,3627184,买盘
13:07:05,35.7,0.0,224,799686,卖盘
13:07:08,35.7,0.0,59,210659,卖盘
13:07:11,35.7,0.0,97,346290,卖盘
13:07:14,35.7,0.0,61,217771,卖盘
13:07:16,35.7,0.0,188,671298,卖盘
13:07:20,35.7,0.0,75,268834,卖盘
13:07:23,35.71,0.01,169,603244,买盘
13:07:25,35.7,-0.01,53,189216,买盘
13:07:29,35.71,0.01,149,532050,买盘
13:07:32,35.7,-0.01,50,178500,卖盘
13:07:35,35.71,0.01,6,20031,买盘
13:07:38,35.7,-0.01,66,235656,卖盘
13:07:41,35.7,0.0,169,603448,卖盘
13:07:44,35.7,0.0,38,137219,卖盘
13:07:47,35.69,-0.01,26,92805,卖盘
13:07:50,35.7,0.01,42,149938,买盘
13:07:52,35.7,0.0,37,132090,买盘
13:07:55,35.7,0.0,17,60690,买盘
13:07:59,35.7,0.0,123,439106,买盘
13:08:02,35.7,0.0,177,631923,买盘
13:08:05,35.7,0.0,209,746054,买盘
13:08:08,35.69,-0.01,114,406871,卖盘
13:08:11,35.7,0.01,32,114228,买盘
13:08:14,35.7,0.0,521,1858582,买盘
13:08:17,35.69,-0.01,140,499743,卖盘
13:08:20,35.69,0.0,96,342650,卖盘
13:08:23,35.7,0.01,4,14280,买盘
13:08:25,35.7,0.0,184,656861,买盘
13:08:29,35.7,0.0,12,42840,买盘
13:08:32,35.7,0.0,224,799553,买盘
13:08:35,35.69,-0.01,59,210622,卖盘
13:08:37,35.7,0.01,234,835367,买盘
13:08:41,35.69,-0.01,41,146347,卖盘
13:08:44,35.7,0.01,302,1077843,买盘
13:08:47,35.69,-0.01,19,68569,卖盘
13:08:50,35.7,0.01,545,1945534,买盘
13:08:53,35.7,0.0,230,821100,卖盘
13:08:55,35.7,0.0,13,46411,卖盘
13:08:59,35.7,0.0,164,585598,卖盘
13:09:02,35.68,-0.02,934,3333814,卖盘
13:09:05,35.67,-0.01,616,2197511,卖盘
13:09:08,35.7,0.03,805,2875902,买盘
13:09:11,35.71,0.01,116,414170,买盘
13:09:14,35.68,-0.03,608,2169444,卖盘
13:09:17,35.7,0.02,38,135646,买盘
13:09:20,35.68,-0.02,268,956796,卖盘
13:09:22,35.7,0.02,101,360570,中性盘
13:09:25,35.69,-0.01,15,53536,卖盘
13:09:29,35.69,0.0,278,992409,卖盘
13:09:30,35.7,0.01,135,481905,买盘
13:09:34,35.69,-0.01,51,182043,买盘
13:09:38,35.7,0.01,96,342695,买盘
13:09:41,35.69,-0.01,123,438989,中性盘
13:09:43,35.7,0.01,206,735379,买盘
13:09:47,35.7,0.0,97,346293,买盘
13:09:49,35.71,0.01,30,107107,买盘
13:09:52,35.71,0.0,658,2349673,买盘
13:09:55,35.71,0.0,20,71408,买盘
13:09:59,35.71,0.0,60,214245,买盘
13:10:02,35.72,0.01,119,425032,买盘
13:10:05,35.72,0.0,140,500056,买盘
13:10:07,35.71,-0.01,314,1121338,卖盘
13:10:10,35.7,-0.01,589,2103850,卖盘
13:10:13,35.71,0.01,114,407173,中性盘
13:10:16,35.72,0.01,438,1564515,买盘
13:10:19,35.72,0.0,326,1164469,买盘
13:10:22,35.71,-0.01,285,1017999,卖盘
13:10:26,35.73,0.02,233,832381,买盘
13:10:29,35.74,0.01,193,689616,买盘
13:10:32,35.73,-0.01,328,1172109,卖盘
13:10:34,35.76,0.03,605,2162703,买盘
13:10:37,35.76,0.0,307,1097758,买盘
13:10:41,35.76,0.0,147,525786,中性盘
13:10:43,35.76,0.0,168,600768,买盘
13:10:46,35.77,0.01,19,67968,买盘
13:10:50,35.78,0.01,273,976830,买盘
13:10:52,35.78,0.0,83,296906,买盘
13:10:55,35.79,0.01,54,193265,买盘
13:10:58,35.78,-0.01,28,100198,卖盘
13:11:01,35.79,0.01,164,586950,买盘
13:11:04,35.79,0.0,178,637010,买盘
13:11:07,35.79,0.0,226,808847,买盘
13:11:11,35.79,0.0,206,737271,买盘
13:11:14,35.79,0.0,590,2111553,买盘
13:11:16,35.8,0.01,677,2423634,买盘
13:11:19,35.81,0.01,77,275710,买盘
13:11:22,35.81,0.0,220,787697,买盘
13:11:25,35.81,0.0,86,307951,卖盘
13:11:28,35.82,0.01,66,236402,买盘
13:11:31,35.82,0.0,36,128938,买盘
13:11:34,35.82,0.0,106,379687,买盘
13:11:38,35.81,-0.01,381,1364715,卖盘
13:11:40,35.83,0.02,315,1125801,买盘
13:11:44,35.82,-0.01,127,454975,卖盘
13:11:47,35.83,0.01,23,82389,买盘
13:11:50,35.83,0.0,146,522999,买盘
13:11:52,35.83,0.0,397,1422193,买盘
13:11:55,35.83,0.0,66,236455,买盘
13:11:58,35.84,0.01,59,211396,买盘
13:12:01,35.83,-0.01,351,1257667,卖盘
13:12:04,35.83,0.0,438,1569624,卖盘
13:12:07,35.86,0.03,1083,3882207,买盘
13:12:10,35.85,-0.01,161,577238,卖盘
13:12:13,35.86,0.01,375,1344228,买盘
13:12:16,35.86,0.0,336,1204971,卖盘
13:12:19,35.86,0.0,229,821237,卖盘
13:12:22,35.86,0.0,632,2266364,买盘
13:12:25,35.87,0.01,504,1807757,买盘
13:12:28,35.86,-0.01,197,706619,卖盘
13:12:31,35.87,0.01,473,1696598,买盘
13:12:34,35.87,0.0,124,444818,卖盘
13:12:37,35.9,0.03,2844,10207289,买盘
13:12:40,35.9,0.0,482,1729998,买盘
13:12:44,35.9,0.0,367,1317170,买盘
13:12:47,35.9,0.0,148,531440,卖盘
13:12:49,35.91,0.01,69,247807,中性盘
13:12:52,35.92,0.01,239,858415,买盘
13:12:55,35.92,0.0,194,696828,买盘
13:12:59,35.92,0.0,220,790315,卖盘
13:13:02,35.92,0.0,250,897998,买盘
13:13:04,35.92,0.0,202,725579,买盘
13:13:08,35.9,-0.02,654,2348488,卖盘
13:13:10,35.92,0.02,199,714764,买盘
13:13:13,35.9,-0.02,189,678874,卖盘
13:13:16,35.9,0.0,385,1382564,卖盘
13:13:19,35.89,-0.01,63,226130,卖盘
13:13:22,35.88,-0.01,554,1988810,卖盘
13:13:25,35.88,0.0,40,143540,卖盘
13:13:28,35.89,0.01,12,43066,中性盘
13:13:32,35.89,0.0,253,907962,买盘
13:13:34,35.89,0.0,60,215340,卖盘
13:13:37,35.88,-0.01,113,405482,中性盘
13:13:40,35.88,0.0,327,1173500,卖盘
13:13:43,35.9,0.02,379,1360197,买盘
13:13:46,35.88,-0.02,295,1058948,卖盘
13:13:49,35.88,0.0,137,491717,卖盘
13:13:52,35.89,0.01,240,861380,买盘
13:13:55,35.88,-0.01,98,351687,卖盘
13:13:58,35.9,0.02,135,484502,买盘
13:14:01,35.89,-0.01,186,667523,中性盘
13:14:04,35.89,0.0,171,613684,买盘
13:14:08,35.88,-0.01,76,272688,卖盘
13:14:10,35.88,0.0,266,954248,买盘
13:14:13,35.88,0.0,121,434138,买盘
13:14:16,35.86,-0.02,181,649270,卖盘
13:14:19,35.85,-0.01,188,674131,卖盘
13:14:22,35.88,0.03,704,2525603,买盘
13:14:25,35.86,-0.02,28,100432,卖盘
13:14:29,35.88,0.02,562,2016345,买盘
13:14:31,35.88,0.0,194,696034,买盘
13:14:34,35.87,-0.01,234,839558,卖盘
13:14:37,35.86,-0.01,334,1198527,卖盘
13:14:41,35.9,0.04,378,1356732,买盘
13:14:44,35.86,-0.04,115,412549,卖盘
13:14:46,35.87,0.01,54,193648,买盘
13:14:49,35.87,0.0,69,247454,买盘
13:14:52,35.87,0.0,173,620558,买盘
13:14:55,35.87,0.0,69,247445,买盘
13:14:58,35.87,0.0,514,1844444,买盘
13:15:01,35.87,0.0,243,871686,中性盘
13:15:04,35.88,0.01,108,387444,买盘
13:15:07,35.87,-0.01,24,86090,卖盘
13:15:10,35.89,0.02,53,190158,买盘
13:15:13,35.88,-0.01,40,143495,买盘
13:15:16,35.87,-0.01,607,2178485,卖盘
13:15:19,35.88,0.01,39,139932,卖盘
13:15:22,35.9,0.02,347,1245256,买盘
13:15:25,35.9,0.0,221,793275,买盘
13:15:28,35.9,0.0,524,1881150,买盘
13:15:31,35.9,0.0,113,405532,买盘
13:15:34,35.89,-0.01,60,215368,中性盘
13:15:37,35.9,0.01,349,1252834,买盘
13:15:40,35.89,-0.01,155,556399,卖盘
13:15:43,35.88,-0.01,227,814855,卖盘
13:15:46,35.89,0.01,152,545604,买盘
13:15:49,35.89,0.0,35,125615,卖盘
13:15:52,35.89,0.0,353,1266947,卖盘
13:15:55,35.9,0.01,790,2836173,买盘
13:15:58,35.9,0.0,380,1363719,卖盘
13:16:01,35.91,0.01,201,721743,买盘
13:16:04,35.9,-0.01,108,387758,卖盘
13:16:07,35.92,0.02,537,1928055,买盘
13:16:10,35.9,-0.02,76,272853,卖盘
13:16:13,35.91,0.01,280,1005458,买盘
13:16:16,35.92,0.01,291,1044898,买盘
13:16:19,35.9,-0.02,48,172366,卖盘
13:16:22,35.9,0.0,189,678522,卖盘
13:16:25,35.91,0.01,248,890628,买盘
13:16:28,35.9,-0.01,8,28720,中性盘
13:16:31,35.9,0.0,172,617594,中性盘
13:16:34,35.91,0.01,150,538650,买盘
13:16:37,35.9,-0.01,352,1263828,卖盘
13:16:40,35.9,0.0,538,1931371,卖盘
13:16:43,35.89,-0.01,571,2049586,卖盘
13:16:46,35.89,0.0,207,742923,买盘
13:16:49,35.9,0.01,232,832668,买盘
13:16:52,35.89,-0.01,80,287120,卖盘
13:16:55,35.88,-0.01,579,2077871,卖盘
13:16:58,35.88,0.0,87,312184,卖盘
13:17:01,35.88,0.0,168,602879,买盘
13:17:04,35.89,0.01,36,129162,买盘
13:17:07,35.87,-0.02,108,387473,卖盘
13:17:10,35.87,0.0,128,459067,买盘
13:17:13,35.87,0.0,52,186535,买盘
13:17:16,35.86,-0.01,34,121963,卖盘
13:17:19,35.87,0.01,110,394532,中性盘
13:17:22,35.87,0.0,19,68136,买盘
13:17:25,35.85,-0.02,71,254570,卖盘
13:17:29,35.85,0.0,168,602352,卖盘
13:17:31,35.86,0.01,41,147018,买盘
13:17:34,35.85,-0.01,105,376452,卖盘
13:17:37,35.85,0.0,50,179257,卖盘
13:17:40,35.86,0.01,527,1889852,买盘
13:17:43,35.86,0.0,241,864226,卖盘
13:17:46,35.85,-0.01,340,1219238,卖盘
13:17:49,35.86,0.01,17,60962,买盘
13:17:52,35.85,-0.01,18,64532,卖盘
13:17:55,35.85,0.0,164,587966,卖盘
13:17:58,35.86,0.01,245,880006,买盘
13:18:01,35.84,-0.02,76,272481,卖盘
13:18:04,35.85,0.01,41,147012,买盘
13:18:07,35.85,0.0,215,770775,买盘
13:18:10,35.85,0.0,3,10755,卖盘
13:18:13,35.85,0.0,191,684735,卖盘
13:18:16,35.85,0.0,126,451716,卖盘
13:18:19,35.85,0.0,47,168494,卖盘
13:18:22,35.85,0.0,28,100380,买盘
13:18:25,35.84,-0.01,29,103962,卖盘
13:18:28,35.85,0.01,32,114706,买盘
13:18:31,35.84,-0.01,64,229376,卖盘
13:18:34,35.85,0.01,70,250909,买盘
13:18:37,35.83,-0.02,233,835119,卖盘
13:18:40,35.83,0.0,34,120662,卖盘
13:18:43,35.83,0.0,65,232926,卖盘
13:18:46,35.83,0.0,56,200126,卖盘
13:18:49,35.83,0.0,74,265168,卖盘
13:18:52,35.84,0.01,9,32256,买盘
13:18:55,35.83,-0.01,157,562545,卖盘
13:18:58,35.83,0.0,127,456824,卖盘
13:19:00,35.83,0.0,14,50162,买盘
13:19:04,35.83,0.0,93,334268,买盘
13:19:07,35.82,-0.01,20,71569,卖盘
13:19:10,35.82,0.0,172,615389,卖盘
13:19:13,35.82,0.0,139,497742,买盘
13:19:16,35.82,0.0,1,3582,买盘
13:19:19,35.8,-0.02,1224,4382318,卖盘
13:19:22,35.82,0.02,152,544190,买盘
13:19:25,35.8,-0.02,128,458240,卖盘
13:19:28,35.82,0.02,338,1210496,买盘
13:19:31,35.82,0.0,74,265019,买盘
13:19:34,35.8,-0.02,48,171840,卖盘
13:19:37,35.81,0.01,253,905846,买盘
13:19:40,35.78,-0.03,475,1700214,卖盘
13:19:43,35.79,0.01,56,200478,中性盘
13:19:46,35.78,-0.01,113,404462,卖盘
13:19:49,35.78,0.0,126,451047,卖盘
13:19:52,35.79,0.01,169,604788,买盘
13:19:55,35.78,-0.01,158,565359,卖盘
13:19:58,35.78,0.0,209,748235,卖盘
13:20:01,35.78,0.0,38,135970,卖盘
13:20:04,35.78,0.0,82,293438,卖盘
13:20:07,35.78,0.0,220,787358,卖盘
13:20:10,35.79,0.01,8,28630,买盘
13:20:12,35.78,-0.01,71,254042,卖盘
13:20:16,35.79,0.01,170,609156,买盘
13:20:19,35.79,0.0,176,629902,买盘
13:20:22,35.78,-0.01,23,82447,卖盘
13:20:25,35.78,0.0,12,42947,卖盘
13:20:28,35.78,0.0,255,912602,卖盘
13:20:31,35.79,0.01,25,89457,买盘
13:20:34,35.79,0.0,115,411568,买盘
13:20:37,35.8,0.01,725,2593037,买盘
13:20:40,35.8,0.0,638,2284645,卖盘
13:20:43,35.82,0.02,115,411667,中性盘
13:20:46,35.83,0.01,118,424939,买盘
13:20:49,35.84,0.01,124,444284,买盘
13:20:52,35.84,0.0,70,250797,买盘
13:20:55,35.83,-0.01,61,218618,卖盘
13:20:58,35.84,0.01,68,243667,买盘
13:21:01,35.83,-0.01,46,164857,买盘
13:21:04,35.83,0.0,139,498065,卖盘
13:21:07,35.84,0.01,110,394240,买盘
13:21:10,35.84,0.0,81,290260,买盘
13:21:13,35.83,-0.01,86,308213,中性盘
13:21:16,35.83,0.0,80,286640,买盘
13:21:19,35.82,-0.01,94,336864,卖盘
13:21:22,35.83,0.01,19,68077,买盘
13:21:25,35.82,-0.01,86,308101,卖盘
13:21:28,35.83,0.01,91,326053,买盘
13:21:31,35.83,0.0,118,422793,卖盘
13:21:34,35.82,-0.01,12,42995,卖盘
13:21:37,35.83,0.01,80,286603,买盘
13:21:40,35.83,0.0,26,93152,买盘
13:21:43,35.83,0.0,27,96724,买盘
13:21:46,35.82,-0.01,124,444270,卖盘
13:21:49,35.82,0.0,206,735284,卖盘
13:21:52,35.82,0.0,120,432636,卖盘
13:21:55,35.8,-0.02,446,1596560,卖盘
13:21:58,35.82,0.02,112,401337,买盘
13:22:01,35.82,0.0,9,32238,买盘
13:22:04,35.8,-0.02,41,143962,卖盘
13:22:07,35.79,-0.01,208,747027,卖盘
13:22:10,35.8,0.01,66,236230,买盘
13:22:13,35.79,-0.01,60,214763,卖盘
13:22:16,35.8,0.01,24,85915,买盘
13:22:19,35.79,-0.01,34,121706,卖盘
13:22:21,35.79,0.0,23,82321,卖盘
13:22:25,35.8,0.01,136,486258,买盘
13:22:28,35.79,-0.01,70,250550,卖盘
13:22:31,35.8,0.01,76,272059,买盘
13:22:34,35.8,0.0,42,150358,买盘
13:22:37,35.8,0.0,39,139616,买盘
13:22:43,35.8,0.0,63,225534,买盘
13:22:46,35.79,-0.01,12,42958,卖盘
13:22:49,35.79,0.0,132,472441,卖盘
13:22:52,35.78,-0.01,299,1069702,卖盘
13:22:55,35.79,0.01,20,71580,中性盘
13:22:58,35.78,-0.01,21,75188,卖盘
13:23:01,35.78,0.0,365,1306077,卖盘
13:23:04,35.78,0.0,108,384814,卖盘
13:23:07,35.79,0.01,39,139560,买盘
13:23:10,35.78,-0.01,30,107365,卖盘
13:23:13,35.79,0.01,58,207527,买盘
13:23:16,35.78,-0.01,89,318446,卖盘
13:23:19,35.79,0.01,6,22615,买盘
13:23:22,35.78,-0.01,112,400786,卖盘
13:23:25,35.78,0.0,25,90631,卖盘
13:23:28,35.78,0.0,140,501037,卖盘
13:23:31,35.78,0.0,144,515232,卖盘
13:23:34,35.79,0.01,17,58537,买盘
13:23:37,35.79,0.0,36,128833,买盘
13:23:40,35.79,0.0,55,196812,买盘
13:23:43,35.78,-0.01,91,328353,卖盘
13:23:46,35.78,0.0,5,15027,买盘
13:23:49,35.78,0.0,12,45508,买盘
13:23:52,35.78,0.0,106,379180,买盘
13:23:56,35.78,0.0,204,728549,买盘
13:23:58,35.77,-0.01,551,1971295,卖盘
13:24:01,35.76,-0.01,434,1553856,卖盘
13:24:03,35.75,-0.01,59,210953,卖盘
13:24:07,35.76,0.01,98,350438,买盘
13:24:10,35.75,-0.01,81,289636,卖盘
13:24:13,35.75,0.0,35,125157,卖盘
13:24:16,35.75,0.0,430,1537295,卖盘
13:24:19,35.76,0.01,16,57205,买盘
13:24:22,35.75,-0.01,76,271706,卖盘
13:24:25,35.75,0.0,122,432810,卖盘
13:24:28,35.76,0.01,12,42906,买盘
13:24:31,35.75,-0.01,147,525776,卖盘
13:24:34,35.76,0.01,69,248539,买盘
13:24:37,35.75,-0.01,23,82228,卖盘
13:24:40,35.75,0.0,6,21450,卖盘
13:24:43,35.75,0.0,82,293163,卖盘
13:24:46,35.76,0.01,229,818904,买盘
13:24:49,35.75,-0.01,195,697318,卖盘
13:24:52,35.75,0.0,9,32175,卖盘
13:24:55,35.76,0.01,121,431468,买盘
13:24:58,35.76,0.0,29,103680,买盘
13:25:01,35.76,0.0,39,139458,买盘
13:25:04,35.76,0.0,140,500578,买盘
13:25:07,35.75,-0.01,28,100111,卖盘
13:25:10,35.75,0.0,73,260988,卖盘
13:25:13,35.76,0.01,58,207405,买盘
13:25:16,35.76,0.0,119,425426,买盘
13:25:19,35.75,-0.01,26,92951,卖盘
13:25:22,35.75,0.0,54,193870,卖盘
13:25:25,35.75,0.0,64,228113,卖盘
13:25:28,35.76,0.01,75,268136,买盘
13:25:31,35.75,-0.01,22,81200,卖盘
13:25:34,35.75,0.0,339,1212242,卖盘
13:25:37,35.76,0.01,12,41581,买盘
13:25:40,35.76,0.0,168,600765,买盘
13:25:43,35.76,0.0,475,1698600,买盘
13:25:46,35.78,0.02,135,482916,买盘
13:25:49,35.78,0.0,128,458083,买盘
13:25:52,35.76,-0.02,171,611816,卖盘
13:25:55,35.76,0.0,113,404342,卖盘
13:25:58,35.79,0.03,80,286320,买盘
13:26:01,35.79,0.0,190,680058,卖盘
13:26:04,35.8,0.01,172,615702,买盘
13:26:07,35.8,0.0,58,207713,卖盘
13:26:10,35.83,0.03,188,673467,买盘
13:26:13,35.82,-0.01,106,379772,中性盘
13:26:16,35.83,0.01,196,702396,中性盘
13:26:19,35.84,0.01,12,42997,买盘
13:26:22,35.82,-0.02,112,401274,卖盘
13:26:25,35.83,0.01,36,128986,买盘
13:26:28,35.82,-0.01,5,17910,卖盘
13:26:31,35.83,0.01,49,176595,买盘
13:26:34,35.83,0.0,196,702254,买盘
13:26:37,35.83,0.0,31,111073,买盘
13:26:40,35.82,-0.01,334,1196720,卖盘
13:26:43,35.83,0.01,32,114646,买盘
13:26:46,35.82,-0.01,81,290209,卖盘
13:26:49,35.83,0.01,190,680786,买盘
13:26:52,35.84,0.01,140,501701,买盘
13:26:55,35.83,-0.01,92,329636,卖盘
13:26:58,35.83,0.0,45,161263,卖盘
13:27:01,35.84,0.01,5,17920,买盘
13:27:04,35.84,0.0,173,619917,买盘
13:27:07,35.84,0.0,45,159574,买盘
13:27:10,35.84,0.0,68,243654,买盘
13:27:13,35.83,-0.01,180,646508,卖盘
13:27:16,35.82,-0.01,37,132552,卖盘
13:27:19,35.82,0.0,38,134397,买盘
13:27:22,35.81,-0.01,57,204188,卖盘
13:27:25,35.82,0.01,11,39395,买盘
13:27:28,35.82,0.0,29,103878,买盘
13:27:31,35.82,0.0,33,118201,买盘
13:27:34,35.82,0.0,11,39402,买盘
13:27:37,35.82,0.0,19,68049,买盘
13:27:40,35.81,-0.01,144,517381,卖盘
13:27:43,35.81,0.0,26,93106,买盘
13:27:46,35.8,-0.01,73,261340,卖盘
13:27:49,35.81,0.01,42,147749,买盘
13:27:53,35.81,0.0,40,143206,买盘
13:27:55,35.81,0.0,16,57294,买盘
13:27:58,35.79,-0.02,20,71614,卖盘
13:28:01,35.79,0.0,91,325719,卖盘
13:28:04,35.79,0.0,32,114527,卖盘
13:28:07,35.79,0.0,139,497481,买盘
13:28:10,35.78,-0.01,11,39359,卖盘
13:28:13,35.79,0.01,67,239751,买盘
13:28:19,35.77,-0.02,561,2009700,卖盘
13:28:22,35.76,-0.01,53,189829,卖盘
13:28:25,35.8,0.04,1025,3667676,买盘
13:28:28,35.8,0.0,4,14320,买盘
13:28:31,35.77,-0.03,13,46501,中性盘
13:28:34,35.76,-0.01,12,42923,卖盘
13:28:37,35.76,0.0,40,143056,卖盘
13:28:40,35.78,0.02,106,379155,买盘
13:28:43,35.76,-0.02,17,60794,卖盘
13:28:46,35.76,0.0,63,225341,卖盘
13:28:49,35.79,0.03,32,114471,买盘
13:28:52,35.77,-0.02,54,193150,买盘
13:28:55,35.78,0.01,5,17890,买盘
13:28:58,35.77,-0.01,12,42924,卖盘
13:29:01,35.77,0.0,77,275444,卖盘
13:29:04,35.78,0.01,81,289771,买盘
13:29:07,35.77,-0.01,43,153816,卖盘
13:29:10,35.77,0.0,3,10731,卖盘
13:29:13,35.78,0.01,39,139534,买盘
13:29:16,35.76,-0.02,175,625973,卖盘
13:29:19,35.76,0.0,24,85853,卖盘
13:29:22,35.78,0.02,8,28620,买盘
13:29:25,35.77,-0.01,29,103733,卖盘
13:29:28,35.77,0.0,10,35770,卖盘
13:29:31,35.77,0.0,148,529453,卖盘
13:29:34,35.77,0.0,10,35770,卖盘
13:29:37,35.77,0.0,66,235268,卖盘
13:29:40,35.77,0.0,31,110888,卖盘
13:29:43,35.77,0.0,124,444369,卖盘
13:29:46,35.75,-0.02,467,1669991,卖盘
13:29:49,35.76,0.01,3,10728,买盘
13:29:52,35.76,0.0,29,103701,买盘
13:29:55,35.76,0.0,7,22419,买盘
13:29:58,35.76,0.0,30,107280,买盘
13:30:01,35.75,-0.01,54,193099,卖盘
13:30:04,35.75,0.0,38,135170,卖盘
13:30:07,35.75,0.0,175,625653,卖盘
13:30:10,35.75,0.0,160,574280,卖盘
13:30:13,35.74,-0.01,127,454000,卖盘
13:30:17,35.74,0.0,3,10722,卖盘
13:30:19,35.74,0.0,380,1357229,卖盘
13:30:22,35.72,-0.02,486,1736255,卖盘
13:30:25,35.72,0.0,95,339335,买盘
13:30:28,35.72,0.0,13,46436,买盘
13:30:31,35.71,-0.01,17,60717,卖盘
13:30:34,35.72,0.01,22,78575,买盘
13:30:37,35.71,-0.01,362,1293346,卖盘
13:30:40,35.71,0.0,228,814945,中性盘
13:30:43,35.72,0.01,123,439305,买盘
13:30:46,35.7,-0.02,432,1542848,卖盘
13:30:49,35.71,0.01,12,41386,中性盘
13:30:52,35.71,0.0,60,214211,买盘
13:30:55,35.7,-0.01,88,314173,卖盘
13:30:58,35.7,0.0,56,199944,卖盘
13:31:01,35.7,0.0,62,221345,卖盘
13:31:04,35.71,0.01,79,282062,买盘
13:31:07,35.7,-0.01,129,460629,卖盘
13:31:10,35.71,0.01,89,317807,买盘
13:31:13,35.71,0.0,145,517675,卖盘
13:31:16,35.7,-0.01,89,317771,卖盘
13:31:19,35.7,0.0,134,478474,卖盘
13:31:22,35.7,0.0,543,1938521,卖盘
13:31:25,35.7,0.0,15,53550,买盘
13:31:28,35.7,0.0,5,17850,买盘
13:31:31,35.7,0.0,26,92818,买盘
13:31:34,35.69,-0.01,303,1081440,卖盘
13:31:37,35.7,0.01,17,60862,买盘
13:31:40,35.69,-0.01,126,449516,卖盘
13:31:43,35.68,-0.01,89,317563,卖盘
13:31:47,35.69,0.01,13,47250,买盘
13:31:49,35.68,-0.01,39,139238,卖盘
13:31:52,35.68,0.0,62,218650,卖盘
13:31:55,35.69,0.01,74,264237,买盘
13:31:58,35.68,-0.01,17,60654,买盘
13:32:01,35.68,0.0,2,7136,买盘
