time,price,change,volume,amount,type
09:25:01,35.66,0.13,2690,9592540,卖盘
09:30:01,35.66,0.0,1281,4572043,买盘
09:30:04,35.66,0.0,2157,7694608,卖盘
09:30:07,35.63,-0.03,1635,5829526,卖盘
09:30:10,35.64,0.01,479,1706971,卖盘
09:30:12,35.65,0.01,777,2772014,买盘
09:30:16,35.64,-0.01,190,677107,中性盘
09:30:19,35.64,0.0,21,74851,卖盘
09:30:22,35.65,0.01,24,85547,买盘
09:30:25,35.65,0.0,204,727685,买盘
09:30:28,35.65,0.0,18,64180,卖盘
09:30:31,35.66,0.01,118,420533,买盘
09:30:34,35.66,0.0,78,278040,买盘
09:30:37,35.65,-0.01,29,103264,买盘
09:30:40,35.62,-0.03,178,633933,中性盘
09:30:43,35.6,-0.02,140,498616,卖盘
09:30:46,35.57,-0.03,408,1451582,卖盘
09:30:49,35.57,0.0,144,512227,卖盘
09:30:52,35.57,0.0,148,526453,卖盘
09:30:55,35.58,0.01,309,1099338,买盘
09:30:58,35.57,-0.01,1258,4475823,卖盘
09:31:01,35.58,0.01,901,3205789,买盘
09:31:03,35.6,0.02,504,1793612,中性盘
09:31:07,35.61,0.01,268,954137,买盘
09:31:10,35.58,-0.03,182,647773,卖盘
09:31:13,35.57,-0.01,433,1541508,卖盘
09:31:16,35.58,0.01,184,655126,卖盘
09:31:19,35.59,0.01,179,636835,卖盘
09:31:22,35.58,-0.01,103,366361,中性盘
09:31:25,35.61,0.03,327,1164521,买盘
09:31:28,35.54,-0.07,1643,5840962,卖盘
09:31:31,35.54,0.0,172,611496,卖盘
09:31:34,35.59,0.05,123,437586,买盘
09:31:37,35.54,-0.05,400,1421995,卖盘
09:31:40,35.55,0.01,61,216865,卖盘
09:31:43,35.56,0.01,170,604397,买盘
09:31:46,35.55,-0.01,199,707622,卖盘
09:31:49,35.56,0.01,134,476604,中性盘
09:31:53,35.56,0.0,57,202694,卖盘
09:31:55,35.56,0.0,64,227584,卖盘
09:31:58,35.57,0.01,117,416113,买盘
09:32:01,35.56,-0.01,193,686450,卖盘
09:32:04,35.57,0.01,46,163579,买盘
09:32:07,35.56,-0.01,61,216931,卖盘
09:32:10,35.54,-0.02,1255,4462076,卖盘
09:32:13,35.53,-0.01,161,572120,卖盘
09:32:16,35.51,-0.02,777,2759714,卖盘
09:32:19,35.5,-0.01,431,1530072,卖盘
09:32:22,35.48,-0.02,131,464885,卖盘
09:32:25,35.46,-0.02,100,354648,卖盘
09:32:28,35.47,0.01,179,634733,买盘
09:32:31,35.51,0.04,452,1604056,买盘
09:32:34,35.52,0.01,92,326703,买盘
09:32:37,35.51,-0.01,171,607221,卖盘
09:32:40,35.48,-0.03,41,145546,卖盘
09:32:43,35.49,0.01,8,28392,买盘
09:32:46,35.48,-0.01,81,287445,卖盘
09:32:49,35.5,0.02,95,337081,买盘
09:32:52,35.49,-0.01,982,3484269,中性盘
09:32:55,35.51,0.02,354,1256727,买盘
09:32:58,35.51,0.0,106,376406,卖盘
09:33:01,35.51,0.0,24,85228,卖盘
09:33:04,35.52,0.01,249,884513,买盘
09:33:07,35.53,0.01,48,170523,买盘
09:33:10,35.52,-0.01,187,664332,卖盘
09:33:13,35.53,0.01,149,529387,买盘
09:33:16,35.52,-0.01,50,177633,卖盘
09:33:19,35.53,0.01,226,802819,卖盘
09:33:22,35.53,0.0,43,152756,买盘
09:33:25,35.51,-0.02,334,1186218,卖盘
09:33:28,35.51,0.0,259,919545,买盘
09:33:31,35.53,0.02,188,667633,买盘
09:33:34,35.51,-0.02,86,305351,卖盘
09:33:37,35.52,0.01,76,270015,中性盘
09:33:40,35.51,-0.01,60,213073,卖盘
09:33:43,35.52,0.01,165,585984,买盘
09:33:47,35.52,0.0,289,1026266,买盘
09:33:49,35.51,-0.01,34,120763,卖盘
09:33:52,35.54,0.03,159,565051,买盘
09:33:55,35.52,-0.02,58,206098,卖盘
09:33:58,35.52,0.0,170,603822,卖盘
09:34:01,35.51,-0.01,153,543344,卖盘
09:34:04,35.51,0.0,539,1914192,卖盘
09:34:07,35.51,0.0,69,245054,买盘
09:34:10,35.52,0.01,205,728019,买盘
09:34:13,35.53,0.01,194,689119,买盘
09:34:16,35.51,-0.02,35,124293,卖盘
09:34:19,35.52,0.01,121,429714,买盘
09:34:22,35.51,-0.01,22,78132,卖盘
09:34:25,35.5,-0.01,91,323093,卖盘
09:34:28,35.51,0.01,601,2133609,卖盘
09:34:31,35.51,0.0,49,173995,买盘
09:34:34,35.51,0.0,491,1743056,买盘
09:34:37,35.49,-0.02,228,809294,卖盘
09:34:40,35.48,-0.01,68,241309,卖盘
09:34:43,35.5,0.02,71,252011,买盘
09:34:46,35.49,-0.01,107,379735,中性盘
09:34:49,35.48,-0.01,69,244822,卖盘
09:34:52,35.49,0.01,240,851586,买盘
09:34:55,35.49,0.0,34,120646,买盘
09:34:58,35.48,-0.01,218,773499,卖盘
09:35:01,35.49,0.01,136,482545,买盘
09:35:04,35.48,-0.01,89,315787,卖盘
09:35:07,35.48,0.0,76,269710,卖盘
09:35:10,35.48,0.0,115,408020,卖盘
09:35:13,35.49,0.01,72,255469,买盘
09:35:16,35.48,-0.01,54,191595,卖盘
09:35:19,35.47,-0.01,426,1511094,卖盘
09:35:22,35.48,0.01,209,741226,买盘
09:35:25,35.47,-0.01,177,627826,中性盘
09:35:28,35.47,0.0,350,1241230,买盘
09:35:31,35.47,0.0,1072,3800547,买盘
09:35:34,35.46,-0.01,33,117005,买盘
09:35:37,35.45,-0.01,117,414784,卖盘
09:35:40,35.45,0.0,20,70902,中性盘
09:35:42,35.45,0.0,236,836410,买盘
09:35:46,35.44,-0.01,153,542237,卖盘
09:35:49,35.44,0.0,14,49613,买盘
09:35:52,35.44,0.0,623,2206833,买盘
09:35:55,35.43,-0.01,75,265757,卖盘
09:35:58,35.44,0.01,31,109842,买盘
09:36:01,35.42,-0.02,213,754446,卖盘
09:36:04,35.42,0.0,164,580881,买盘
09:36:07,35.42,0.0,254,899646,买盘
09:36:10,35.42,0.0,110,389612,买盘
09:36:13,35.42,0.0,146,517057,卖盘
09:36:16,35.42,0.0,120,425072,卖盘
09:36:19,35.42,0.0,277,981181,卖盘
09:36:22,35.42,0.0,43,152328,卖盘
09:36:25,35.45,0.03,239,846963,买盘
09:36:28,35.44,-0.01,44,155936,卖盘
09:36:31,35.44,0.0,66,233904,卖盘
09:36:34,35.44,0.0,115,407561,卖盘
09:36:37,35.42,-0.02,642,2274751,卖盘
09:36:40,35.45,0.03,120,425288,买盘
09:36:43,35.44,-0.01,47,166581,卖盘
09:36:46,35.45,0.01,228,808178,买盘
09:36:49,35.45,0.0,173,613277,买盘
09:36:52,35.45,0.0,236,836646,卖盘
09:36:55,35.47,0.02,26,92204,买盘
09:36:58,35.45,-0.02,120,425457,卖盘
09:37:01,35.46,0.01,52,184389,买盘
09:37:05,35.45,-0.01,191,677201,卖盘
09:37:07,35.47,0.02,242,858264,买盘
09:37:10,35.47,0.0,48,170222,卖盘
09:37:13,35.48,0.01,422,1497172,买盘
09:37:16,35.47,-0.01,23,81598,中性盘
09:37:19,35.49,0.02,414,1468883,买盘
09:37:22,35.49,0.0,461,1636148,买盘
09:37:25,35.5,0.01,48,170397,买盘
09:37:28,35.5,0.0,23,81643,中性盘
09:37:31,35.51,0.01,124,440286,买盘
09:37:34,35.5,-0.01,44,156205,卖盘
09:37:37,35.51,0.01,65,230771,中性盘
09:37:40,35.53,0.02,66,234411,买盘
09:37:43,35.52,-0.01,34,120763,中性盘
09:37:46,35.53,0.01,86,305567,买盘
09:37:49,35.53,0.0,31,110143,卖盘
09:37:52,35.54,0.01,70,248797,买盘
09:37:55,35.53,-0.01,98,348238,卖盘
09:37:58,35.53,0.0,48,170562,卖盘
09:38:01,35.55,0.02,130,462032,买盘
09:38:04,35.54,-0.01,53,188375,卖盘
09:38:07,35.56,0.02,248,881585,买盘
09:38:10,35.55,-0.01,450,1599750,卖盘
09:38:13,35.55,0.0,182,647013,卖盘
09:38:16,35.56,0.01,180,640012,买盘
09:38:19,35.55,-0.01,345,1226676,卖盘
09:38:22,35.56,0.01,98,348469,买盘
09:38:25,35.56,0.0,762,2709141,买盘
09:38:28,35.56,0.0,176,625703,买盘
09:38:31,35.56,0.0,448,1592675,买盘
09:38:34,35.57,0.01,180,640061,买盘
09:38:37,35.55,-0.02,104,369759,卖盘
09:38:40,35.55,0.0,70,248850,买盘
09:38:43,35.55,0.0,64,227527,卖盘
09:38:46,35.56,0.01,365,1297285,买盘
09:38:49,35.55,-0.01,59,209770,中性盘
09:38:52,35.55,0.0,14,49763,买盘
09:38:55,35.55,0.0,8,28440,买盘
09:38:58,35.53,-0.02,520,1848073,卖盘
09:39:01,35.54,0.01,698,2480358,买盘
09:39:04,35.52,-0.02,67,237894,买盘
09:39:07,35.48,-0.04,421,1494279,卖盘
09:39:10,35.49,0.01,35,124256,中性盘
09:39:13,35.5,0.01,59,209374,买盘
09:39:16,35.5,0.0,8,28400,买盘
09:39:19,35.5,0.0,4,14198,买盘
09:39:22,35.5,0.0,175,621317,买盘
09:39:25,35.5,0.0,55,195236,卖盘
09:39:28,35.5,0.0,110,390528,卖盘
09:39:31,35.53,0.03,225,799351,买盘
09:39:34,35.5,-0.03,224,795213,卖盘
09:39:37,35.5,0.0,112,397602,卖盘
09:39:40,35.49,-0.01,319,1132163,卖盘
09:39:43,35.49,0.0,85,301670,卖盘
09:39:46,35.49,0.0,52,184548,买盘
09:39:49,35.49,0.0,43,152606,买盘
09:39:53,35.5,0.01,642,2277656,买盘
09:39:55,35.47,-0.03,46,163198,卖盘
09:39:58,35.5,0.03,150,532260,买盘
09:40:01,35.49,-0.01,101,358477,卖盘
09:40:04,35.49,0.0,12,42585,买盘
09:40:07,35.49,0.0,387,1373463,买盘
09:40:10,35.49,0.0,214,759629,买盘
09:40:13,35.5,0.01,138,489816,买盘
09:40:16,35.5,0.0,39,138479,卖盘
09:40:19,35.51,0.01,98,348073,卖盘
09:40:22,35.52,0.01,42,149190,买盘
09:40:25,35.52,0.0,86,305426,中性盘
09:40:28,35.53,0.01,76,270017,买盘
09:40:31,35.54,0.01,141,500922,买盘
09:40:34,35.54,0.0,24,85274,买盘
09:40:37,35.54,0.0,199,706997,买盘
09:40:40,35.53,-0.01,83,294915,中性盘
09:40:43,35.55,0.02,353,1254532,买盘
09:40:46,35.54,-0.01,68,241672,卖盘
09:40:49,35.55,0.01,175,621739,买盘
09:40:52,35.52,-0.03,215,763774,卖盘
09:40:55,35.51,-0.01,36,127863,卖盘
09:40:58,35.52,0.01,165,586080,买盘
09:41:01,35.52,0.0,338,1200654,买盘
09:41:04,35.52,0.0,66,234492,卖盘
09:41:07,35.54,0.02,16,56841,买盘
09:41:10,35.53,-0.01,386,1371966,卖盘
09:41:13,35.55,0.02,18,63990,买盘
09:41:16,35.53,-0.02,63,223853,卖盘
09:41:19,35.55,0.02,13,46208,买盘
09:41:22,35.54,-0.01,263,934739,卖盘
09:41:25,35.55,0.01,267,949173,买盘
09:41:28,35.55,0.0,302,1073436,卖盘
09:41:31,35.55,0.0,66,234652,卖盘
09:41:34,35.53,-0.02,213,756987,卖盘
09:41:37,35.53,0.0,169,600447,买盘
09:41:40,35.52,-0.01,116,412088,卖盘
09:41:43,35.55,0.03,167,593370,买盘
09:41:46,35.52,-0.03,373,1325322,卖盘
09:41:49,35.55,0.03,12,42636,买盘
09:41:52,35.55,0.0,98,348316,买盘
09:41:55,35.54,-0.01,34,120865,卖盘
09:41:58,35.54,0.0,588,2090284,卖盘
09:42:01,35.56,0.02,82,291447,买盘
09:42:04,35.56,0.0,52,184890,买盘
09:42:07,35.56,0.0,73,259636,卖盘
09:42:10,35.56,0.0,26,92461,卖盘
09:42:13,35.55,-0.01,162,576049,卖盘
09:42:16,35.54,-0.01,140,497735,卖盘
09:42:19,35.54,0.0,59,209686,买盘
09:42:22,35.54,0.0,28,99512,买盘
09:42:25,35.54,0.0,568,2018099,买盘
09:42:28,35.54,0.0,88,312742,买盘
09:42:31,35.54,0.0,339,1204646,买盘
09:42:34,35.54,0.0,288,1023545,买盘
09:42:37,35.55,0.01,71,252327,买盘
09:42:40,35.55,0.0,66,234558,卖盘
09:42:43,35.56,0.01,143,508458,买盘
09:42:46,35.56,0.0,46,163576,卖盘
09:42:49,35.57,0.01,83,295222,买盘
09:42:52,35.57,0.0,60,213380,买盘
09:42:55,35.57,0.0,41,145805,买盘
09:42:58,35.56,-0.01,399,1419077,卖盘
09:43:01,35.57,0.01,21,72959,卖盘
09:43:04,35.58,0.01,555,1974368,买盘
09:43:07,35.58,0.0,14,49818,卖盘
09:43:10,35.59,0.01,71,252634,买盘
09:43:13,35.6,0.01,71,252702,买盘
09:43:16,35.6,0.0,470,1672926,买盘
09:43:19,35.59,-0.01,121,430680,卖盘
09:43:22,35.59,0.0,602,2142518,买盘
09:43:25,35.58,-0.01,35,124557,卖盘
09:43:28,35.58,0.0,183,651157,卖盘
09:43:31,35.58,0.0,208,740091,卖盘
09:43:34,35.58,0.0,24,85392,买盘
09:43:37,35.58,0.0,156,554973,买盘
09:43:40,35.58,0.0,90,320220,买盘
09:43:43,35.59,0.01,263,935590,买盘
09:43:46,35.57,-0.02,70,250785,卖盘
09:43:49,35.58,0.01,44,154801,买盘
09:43:52,35.57,-0.01,34,122687,卖盘
09:43:55,35.58,0.01,88,311328,买盘
09:43:58,35.57,-0.01,58,208083,卖盘
09:44:01,35.57,0.0,105,373413,买盘
09:44:04,35.57,0.0,43,152937,买盘
09:44:07,35.58,0.01,258,917440,买盘
09:44:10,35.57,-0.01,44,156509,卖盘
09:44:13,35.56,-0.01,134,476540,卖盘
09:44:16,35.57,0.01,15,53343,买盘
09:44:19,35.58,0.01,48,170773,买盘
09:44:22,35.57,-0.01,97,344985,买盘
09:44:25,35.58,0.01,65,231231,买盘
09:44:28,35.57,-0.01,317,1127326,卖盘
09:44:31,35.58,0.01,188,668634,买盘
09:44:34,35.57,-0.01,106,377120,中性盘
09:44:37,35.58,0.01,67,238375,买盘
09:44:40,35.57,-0.01,79,281077,卖盘
09:44:43,35.57,0.0,115,409113,卖盘
09:44:46,35.59,0.02,89,314893,买盘
09:44:49,35.57,-0.02,61,217027,卖盘
09:44:52,35.58,0.01,34,120964,买盘
09:44:55,35.58,0.0,626,2229096,卖盘
09:44:58,35.57,-0.01,230,818132,卖盘
09:45:01,35.58,0.01,161,572876,买盘
09:45:04,35.6,0.02,49,174385,买盘
09:45:07,35.59,-0.01,9,32031,卖盘
09:45:10,35.58,-0.01,24,85430,卖盘
09:45:13,35.58,0.0,6,21353,卖盘
09:45:16,35.58,0.0,49,174352,卖盘
09:45:19,35.58,0.0,28,99635,卖盘
09:45:22,35.59,0.01,17,60489,买盘
09:45:25,35.59,0.0,69,245559,买盘
09:45:28,35.58,-0.01,238,846806,卖盘
09:45:31,35.59,0.01,122,434246,买盘
09:45:34,35.58,-0.01,350,1245452,卖盘
09:45:37,35.58,0.0,1,3558,买盘
09:45:40,35.59,0.01,368,1308544,买盘
09:45:43,35.57,-0.02,127,451853,卖盘
09:45:46,35.58,0.01,6,21351,中性盘
09:45:49,35.57,-0.01,100,355734,卖盘
09:45:52,35.59,0.02,4,14236,买盘
09:45:55,35.58,-0.01,36,128105,卖盘
09:45:58,35.57,-0.01,214,761396,卖盘
09:46:01,35.58,0.01,80,284630,买盘
09:46:04,35.58,0.0,86,305944,买盘
09:46:07,35.57,-0.01,591,2102588,卖盘
09:46:10,35.58,0.01,25,88946,卖盘
09:46:13,35.58,0.0,52,185035,卖盘
09:46:16,35.59,0.01,117,416277,买盘
09:46:19,35.59,0.0,34,120992,买盘
09:46:22,35.58,-0.01,193,685138,卖盘
09:46:25,35.59,0.01,24,85402,中性盘
09:46:28,35.6,0.01,24,85437,买盘
09:46:31,35.59,-0.01,132,469911,卖盘
09:46:34,35.6,0.01,99,352386,买盘
09:46:37,35.6,0.0,9,33855,买盘
09:46:40,35.59,-0.01,30,106797,卖盘
09:46:43,35.6,0.01,43,153115,卖盘
09:46:46,35.6,0.0,56,199359,卖盘
09:46:49,35.6,0.0,66,234959,买盘
09:46:52,35.6,0.0,55,195831,买盘
09:46:55,35.6,0.0,32,113920,买盘
09:46:58,35.61,0.01,133,473429,买盘
09:47:01,35.6,-0.01,16,56955,卖盘
09:47:04,35.6,0.0,13,46276,买盘
09:47:07,35.6,0.0,40,142388,买盘
09:47:10,35.6,0.0,157,558918,买盘
09:47:13,35.6,0.0,205,729700,买盘
09:47:16,35.6,0.0,13,46280,卖盘
09:47:19,35.6,0.0,108,384537,卖盘
09:47:22,35.6,0.0,50,178004,卖盘
09:47:25,35.6,0.0,431,1534524,卖盘
09:47:27,35.61,0.01,83,292780,买盘
09:47:31,35.6,-0.01,41,145996,卖盘
09:47:34,35.61,0.01,20,71217,买盘
09:47:37,35.6,-0.01,48,170921,卖盘
09:47:40,35.6,0.0,43,153112,卖盘
09:47:43,35.6,0.0,102,363121,卖盘
09:47:46,35.61,0.01,65,231443,买盘
09:47:49,35.6,-0.01,163,580380,卖盘
09:47:52,35.61,0.01,124,441520,买盘
09:47:55,35.6,-0.01,126,448576,卖盘
09:47:58,35.61,0.01,371,1320784,买盘
09:48:01,35.61,0.0,56,199417,买盘
09:48:04,35.61,0.0,47,167388,卖盘
09:48:07,35.6,-0.01,387,1381120,卖盘
09:48:10,35.62,0.02,24,85488,买盘
09:48:13,35.6,-0.02,69,245653,卖盘
09:48:16,35.61,0.01,16,56976,买盘
09:48:19,35.61,0.0,31,110385,买盘
09:48:22,35.6,-0.01,12,42722,卖盘
09:48:25,35.59,-0.01,169,601495,卖盘
09:48:28,35.59,0.0,6,21356,卖盘
09:48:31,35.6,0.01,127,452120,买盘
09:48:34,35.6,0.0,128,455765,卖盘
09:48:37,35.6,0.0,9,32034,买盘
09:48:40,35.6,0.0,180,640801,买盘
09:48:43,35.59,-0.01,179,637230,卖盘
09:48:46,35.59,0.0,44,156597,卖盘
09:48:49,35.6,0.01,26,92538,买盘
09:48:52,35.59,-0.01,38,135246,中性盘
09:48:55,35.59,0.0,105,373681,买盘
09:48:58,35.6,0.01,194,690469,买盘
09:49:01,35.6,0.0,7,24920,买盘
09:49:04,35.58,-0.02,238,846339,卖盘
09:49:07,35.58,0.0,37,131665,买盘
09:49:10,35.59,0.01,29,103218,买盘
09:49:13,35.59,0.0,36,128148,卖盘
09:49:16,35.59,0.0,1,3559,卖盘
09:49:19,35.58,-0.01,44,156618,卖盘
09:49:22,35.6,0.02,110,391564,买盘
09:49:25,35.59,-0.01,87,309645,中性盘
09:49:28,35.58,-0.01,39,138762,卖盘
09:49:31,35.59,0.01,51,181502,买盘
09:49:34,35.59,0.0,30,106760,买盘
09:49:37,35.59,0.0,26,92530,买盘
09:49:40,35.59,0.0,34,120976,买盘
09:49:43,35.58,-0.01,146,519468,卖盘
09:49:46,35.59,0.01,196,697547,买盘
09:49:49,35.58,-0.01,67,238426,卖盘
09:49:52,35.57,-0.01,18,64043,卖盘
09:49:55,35.58,0.01,33,117413,买盘
09:49:58,35.59,0.01,25,88966,买盘
09:50:01,35.6,0.01,285,1015090,买盘
09:50:04,35.57,-0.03,150,533295,卖盘
09:50:07,35.57,0.0,112,398446,卖盘
09:50:10,35.58,0.01,46,164173,买盘
09:50:13,35.57,-0.01,75,266776,卖盘
09:50:16,35.56,-0.01,224,796620,卖盘
09:50:19,35.56,0.0,86,305899,卖盘
09:50:22,35.56,0.0,24,85365,卖盘
09:50:25,35.57,0.01,18,64011,买盘
09:50:28,35.56,-0.01,65,231140,卖盘
09:50:31,35.56,0.0,15,53350,卖盘
09:50:34,35.56,0.0,118,419657,卖盘
09:50:37,35.56,0.0,39,138684,卖盘
09:50:40,35.57,0.01,33,117353,买盘
09:50:43,35.55,-0.02,147,522264,卖盘
09:50:46,35.56,0.01,19,67558,买盘
09:50:49,35.55,-0.01,71,252460,卖盘
09:50:52,35.55,0.0,247,878315,卖盘
09:50:55,35.56,0.01,36,128005,中性盘
09:50:58,35.55,-0.01,205,728811,卖盘
09:51:01,35.55,0.0,6,21330,卖盘
09:51:04,35.55,0.0,8,28445,卖盘
09:51:07,35.55,0.0,73,259560,卖盘
09:51:10,35.55,0.0,131,465742,卖盘
09:51:13,35.56,0.01,78,277363,买盘
09:51:16,35.56,0.0,16,56904,卖盘
09:51:19,35.55,-0.01,31,110232,卖盘
09:51:22,35.57,0.02,40,142256,买盘
09:51:25,35.55,-0.02,9,31996,卖盘
09:51:28,35.57,0.02,85,302298,买盘
09:51:31,35.56,-0.01,36,127994,中性盘
09:51:34,35.57,0.01,39,138668,买盘
09:51:37,35.57,0.0,50,177836,买盘
09:51:40,35.57,0.0,33,117381,买盘
09:51:43,35.57,0.0,138,490881,卖盘
09:51:46,35.57,0.0,10,35570,卖盘
09:51:49,35.56,-0.01,61,216974,卖盘
09:51:52,35.56,0.0,33,117399,卖盘
09:51:55,35.57,0.01,17,60459,中性盘
09:51:58,35.57,0.0,22,78254,卖盘
09:52:01,35.57,0.0,69,245406,卖盘
09:52:04,35.57,0.0,26,92485,卖盘
09:52:07,35.57,0.0,25,88924,卖盘
09:52:10,35.56,-0.01,11,39126,卖盘
09:52:13,35.57,0.01,72,256040,买盘
09:52:16,35.57,0.0,30,106700,买盘
09:52:19,35.57,0.0,40,142315,卖盘
09:52:22,35.58,0.01,127,451803,买盘
09:52:25,35.56,-0.02,12,42674,卖盘
09:52:28,35.57,0.01,112,398323,买盘
09:52:31,35.56,-0.01,3,10669,卖盘
09:52:34,35.57,0.01,65,231205,买盘
09:52:37,35.58,0.01,145,516169,买盘
09:52:40,35.58,0.0,3,10674,卖盘
09:52:43,35.57,-0.01,115,408729,卖盘
09:52:46,35.56,-0.01,15,53345,卖盘
09:52:49,35.57,0.01,11,39119,买盘
09:52:52,35.57,0.0,62,220519,买盘
09:52:55,35.57,0.0,162,576204,买盘
09:52:58,35.56,-0.01,87,309372,卖盘
09:53:01,35.56,0.0,351,1247826,买盘
09:53:04,35.57,0.01,68,241830,买盘
09:53:07,35.57,0.0,33,117378,买盘
09:53:10,35.56,-0.01,17,60458,卖盘
09:53:13,35.56,0.0,410,1458663,卖盘
09:53:16,35.57,0.01,8,28456,买盘
09:53:19,35.57,0.0,15,53357,卖盘
09:53:22,35.57,0.0,130,462410,卖盘
09:53:25,35.57,0.0,70,249000,卖盘
09:53:28,35.58,0.01,97,345063,买盘
09:53:31,35.57,-0.01,39,138730,卖盘
09:53:34,35.58,0.01,139,494529,买盘
09:53:37,35.58,0.0,58,206362,买盘
09:53:40,35.58,0.0,12,42692,买盘
09:53:43,35.56,-0.02,600,2133760,卖盘
09:53:46,35.58,0.02,57,202791,买盘
09:53:49,35.56,-0.02,26,92460,卖盘
09:53:52,35.56,0.0,58,206248,买盘
09:53:55,35.56,0.0,37,131563,买盘
09:53:58,35.55,-0.01,73,259516,卖盘
09:54:01,35.55,0.0,11,39104,买盘
09:54:04,35.54,-0.01,55,195518,卖盘
09:54:07,35.55,0.01,16,56877,买盘
09:54:10,35.55,0.0,45,159963,买盘
09:54:13,35.55,0.0,152,540360,卖盘
09:54:16,35.56,0.01,25,88885,买盘
09:54:19,35.55,-0.01,46,163568,卖盘
09:54:20,35.55,0.0,20,71100,卖盘
09:54:25,35.56,0.01,6,21332,买盘
09:54:28,35.56,0.0,100,355505,买盘
09:54:31,35.55,-0.01,21,74666,卖盘
09:54:34,35.56,0.01,99,352027,买盘
09:54:37,35.55,-0.01,90,319991,卖盘
09:54:40,35.55,0.0,55,195525,卖盘
09:54:43,35.56,0.01,123,437269,买盘
09:54:46,35.54,-0.02,116,412365,卖盘
09:54:49,35.56,0.02,244,867525,买盘
09:54:52,35.56,0.0,2,7112,卖盘
09:54:55,35.55,-0.01,17,60441,卖盘
09:54:58,35.57,0.02,25,88904,买盘
09:55:01,35.54,-0.03,168,597331,卖盘
09:55:04,35.55,0.01,37,131587,中性盘
09:55:07,35.56,0.01,17,60447,买盘
09:55:10,35.56,0.0,90,319948,买盘
09:55:13,35.54,-0.02,61,216801,卖盘
09:55:16,35.55,0.01,59,209699,买盘
09:55:19,35.55,0.0,96,341280,买盘
09:55:22,35.56,0.01,38,135099,买盘
09:55:25,35.55,-0.01,214,760770,卖盘
09:55:28,35.55,0.0,375,1333125,卖盘
09:55:31,35.55,0.0,117,412489,买盘
09:55:34,35.54,-0.01,266,945564,卖盘
09:55:37,35.55,0.01,21,74655,买盘
09:55:40,35.54,-0.01,73,259429,卖盘
09:55:43,35.54,0.0,16,56864,卖盘
09:55:46,35.54,0.0,27,99299,卖盘
09:55:49,35.54,0.0,14,49756,买盘
09:55:52,35.53,-0.01,70,248728,卖盘
09:55:55,35.53,0.0,19,67515,卖盘
09:55:58,35.53,0.0,113,401499,卖盘
09:56:01,35.53,0.0,102,362406,卖盘
09:56:04,35.53,0.0,42,149226,买盘
09:56:07,35.53,0.0,224,795849,买盘
09:56:10,35.53,0.0,5,17764,买盘
09:56:13,35.53,0.0,95,337456,买盘
09:56:16,35.52,-0.01,23,81697,卖盘
09:56:19,35.52,0.0,158,561251,卖盘
09:56:22,35.51,-0.01,68,241521,卖盘
09:56:25,35.52,0.01,38,134963,买盘
09:56:28,35.51,-0.01,362,1285517,卖盘
09:56:31,35.51,0.0,49,174001,卖盘
09:56:34,35.51,0.0,206,731588,卖盘
09:56:37,35.52,0.01,76,269915,买盘
09:56:40,35.5,-0.02,689,2446201,卖盘
09:56:43,35.51,0.01,251,891078,买盘
09:56:46,35.5,-0.01,268,951536,卖盘
09:56:49,35.52,0.02,3,10654,买盘
09:56:52,35.51,-0.01,44,156230,中性盘
09:56:55,35.5,-0.01,40,142018,卖盘
09:56:58,35.5,0.0,8,28401,卖盘
09:57:01,35.5,0.0,53,188163,卖盘
09:57:04,35.51,0.01,65,230795,买盘
09:57:07,35.5,-0.01,472,1675616,卖盘
09:57:10,35.5,0.0,227,805850,卖盘
09:57:13,35.49,-0.01,1081,3836368,卖盘
09:57:16,35.49,0.0,388,1376688,买盘
09:57:19,35.49,0.0,6,21288,买盘
09:57:22,35.46,-0.03,9,31924,卖盘
09:57:25,35.47,0.01,54,191513,中性盘
09:57:28,35.46,-0.01,90,319143,卖盘
09:57:31,35.46,0.0,13,46098,买盘
09:57:34,35.46,0.0,96,340409,买盘
09:57:37,35.46,0.0,48,170192,买盘
09:57:40,35.45,-0.01,328,1162787,卖盘
09:57:43,35.46,0.01,21,74462,买盘
09:57:46,35.46,0.0,109,386438,买盘
09:57:49,35.46,0.0,567,2010019,买盘
09:57:52,35.45,-0.01,108,382864,卖盘
09:57:55,35.45,0.0,45,159533,卖盘
09:57:58,35.45,0.0,39,138251,卖盘
09:58:01,35.45,0.0,71,251636,买盘
09:58:04,35.45,0.0,28,99260,买盘
09:58:07,35.45,0.0,66,233928,买盘
09:58:10,35.45,0.0,83,294164,买盘
09:58:13,35.45,0.0,109,386402,买盘
09:58:16,35.45,0.0,12,42540,卖盘
09:58:19,35.45,0.0,104,368693,卖盘
09:58:22,35.46,0.01,20,70909,中性盘
09:58:25,35.46,0.0,42,148937,卖盘
09:58:28,35.46,0.0,20,70931,卖盘
09:58:31,35.46,0.0,93,329944,卖盘
09:58:34,35.47,0.01,236,837347,中性盘
09:58:37,35.49,0.02,98,347793,买盘
09:58:40,35.49,0.0,205,727515,买盘
09:58:43,35.49,0.0,310,1100187,买盘
09:58:46,35.49,0.0,91,322975,卖盘
09:58:49,35.5,0.01,49,173945,买盘
09:58:52,35.49,-0.01,22,78080,卖盘
09:58:55,35.49,0.0,191,678018,卖盘
09:58:58,35.49,0.0,528,1873573,卖盘
09:59:01,35.5,0.01,166,589263,买盘
09:59:04,35.47,-0.03,44,156120,卖盘
09:59:07,35.49,0.02,79,280441,买盘
09:59:10,35.49,0.0,33,117127,卖盘
09:59:13,35.49,0.0,61,216491,卖盘
09:59:16,35.49,0.0,39,138424,卖盘
09:59:19,35.5,0.01,35,124228,买盘
09:59:22,35.5,0.0,177,628297,买盘
09:59:25,35.5,0.0,27,95873,卖盘
09:59:28,35.49,-0.01,405,1437533,卖盘
09:59:31,35.49,0.0,23,81627,买盘
09:59:34,35.5,0.01,182,645923,买盘
09:59:37,35.49,-0.01,177,628246,中性盘
09:59:40,35.49,0.0,26,92297,卖盘
09:59:43,35.5,0.01,35,124239,买盘
09:59:46,35.49,-0.01,54,191658,卖盘
09:59:49,35.49,0.0,102,362070,卖盘
09:59:52,35.51,0.02,42,149103,买盘
09:59:55,35.5,-0.01,7,24850,卖盘
09:59:58,35.5,0.0,31,110050,卖盘
10:00:01,35.51,0.01,38,134935,买盘
10:00:04,35.5,-0.01,57,202361,卖盘
10:00:07,35.51,0.01,294,1043753,买盘
10:00:10,35.5,-0.01,106,376356,卖盘
10:00:13,35.49,-0.01,246,873302,卖盘
10:00:16,35.51,0.02,56,198804,买盘
10:00:19,35.5,-0.01,35,124259,卖盘
10:00:22,35.52,0.02,25,88779,买盘
10:00:25,35.51,-0.01,4,14205,中性盘
10:00:28,35.51,0.0,367,1303187,卖盘
10:00:31,35.52,0.01,67,237958,买盘
10:00:34,35.53,0.01,139,490328,买盘
10:00:37,35.53,0.0,16,56847,买盘
10:00:40,35.52,-0.01,137,489984,卖盘
10:00:43,35.52,0.0,90,316338,买盘
10:00:46,35.53,0.01,55,195380,买盘
10:00:49,35.53,0.0,3,10659,卖盘
10:00:52,35.55,0.02,432,1535518,买盘
10:00:55,35.52,-0.03,597,2121547,卖盘
10:00:58,35.54,0.02,39,138615,卖盘
10:01:01,35.54,0.0,40,142185,卖盘
10:01:04,35.55,0.01,61,216797,买盘
10:01:07,35.54,-0.01,51,181252,卖盘
10:01:10,35.54,0.0,58,206141,买盘
10:01:13,35.54,0.0,38,135025,买盘
10:01:16,35.54,0.0,202,717718,买盘
10:01:19,35.53,-0.01,35,124359,卖盘
10:01:22,35.52,-0.01,318,1132887,卖盘
10:01:25,35.52,0.0,65,227486,买盘
10:01:28,35.53,0.01,187,664372,买盘
10:01:31,35.52,-0.01,80,287504,卖盘
10:01:34,35.52,0.0,66,234400,买盘
10:01:37,35.51,-0.01,150,532767,卖盘
10:01:40,35.51,0.0,20,71038,中性盘
10:01:43,35.52,0.01,332,1178663,买盘
10:01:46,35.5,-0.02,117,415408,卖盘
10:01:49,35.52,0.02,63,223709,买盘
10:01:52,35.51,-0.01,86,305386,卖盘
10:01:55,35.51,0.0,22,78122,卖盘
10:01:58,35.52,0.01,148,525580,买盘
10:02:01,35.52,0.0,49,174039,买盘
10:02:04,35.51,-0.01,70,248570,卖盘
10:02:07,35.51,0.0,36,127836,买盘
10:02:10,35.51,0.0,19,67471,卖盘
10:02:13,35.52,0.01,96,340936,买盘
10:02:16,35.52,0.0,131,465287,买盘
10:02:19,35.52,0.0,25,85461,买盘
10:02:22,35.52,0.0,21,74592,卖盘
10:02:25,35.52,0.0,5,17760,卖盘
10:02:28,35.52,0.0,59,209568,卖盘
10:02:31,35.52,0.0,110,390761,卖盘
10:02:34,35.53,0.01,47,166977,买盘
10:02:37,35.53,0.0,85,301999,买盘
10:02:40,35.53,0.0,17,60417,卖盘
10:02:43,35.53,0.0,53,188316,卖盘
10:02:46,35.54,0.01,139,493850,买盘
10:02:49,35.53,-0.01,21,74613,买盘
10:02:52,35.52,-0.01,33,120586,卖盘
10:02:55,35.52,0.0,9,28629,卖盘
10:02:58,35.51,-0.01,166,589507,卖盘
10:03:01,35.51,0.0,67,237976,卖盘
10:03:04,35.52,0.01,39,138537,中性盘
10:03:07,35.52,0.0,21,74593,卖盘
10:03:10,35.5,-0.02,499,1771660,卖盘
10:03:13,35.5,0.0,13,46150,买盘
10:03:16,35.5,0.0,19,67442,买盘
10:03:19,35.5,0.0,53,188140,买盘
10:03:22,35.49,-0.01,46,163259,卖盘
10:03:25,35.5,0.01,33,117143,买盘
10:03:28,35.49,-0.01,17,60338,卖盘
10:03:31,35.5,0.01,59,209437,买盘
10:03:34,35.5,0.0,248,880392,买盘
10:03:37,35.5,0.0,117,415350,买盘
10:03:40,35.5,0.0,31,110078,卖盘
10:03:44,35.5,0.0,245,869766,卖盘
10:03:46,35.5,0.0,27,95852,卖盘
10:03:49,35.5,0.0,68,241443,卖盘
10:03:52,35.51,0.01,73,259153,买盘
10:03:58,35.5,-0.01,52,184600,卖盘
10:04:01,35.5,0.0,63,223698,卖盘
10:04:04,35.51,0.01,28,99423,买盘
10:04:07,35.51,0.0,45,159775,买盘
10:04:10,35.5,-0.01,74,266081,卖盘
10:04:13,35.5,0.0,82,287738,卖盘
10:04:16,35.49,-0.01,67,237846,卖盘
10:04:19,35.5,0.01,11,39050,买盘
10:04:22,35.5,0.0,51,181000,买盘
10:04:25,35.49,-0.01,12,42599,卖盘
10:04:28,35.49,0.0,70,248446,卖盘
10:04:31,35.49,0.0,87,308800,卖盘
10:04:34,35.5,0.01,81,287537,买盘
10:04:37,35.5,0.0,88,312400,买盘
10:04:40,35.5,0.0,57,202366,卖盘
10:04:43,35.5,0.0,71,252050,卖盘
10:04:46,35.51,0.01,34,120710,买盘
10:04:49,35.5,-0.01,11,41677,卖盘
10:04:52,35.5,0.0,45,159758,卖盘
10:04:55,35.51,0.01,167,592859,买盘
10:04:58,35.51,0.0,354,1256070,买盘
10:05:01,35.5,-0.01,69,244976,卖盘
10:05:04,35.51,0.01,5,17754,中性盘
10:05:07,35.51,0.0,35,124305,卖盘
10:05:10,35.51,0.0,13,45407,买盘
10:05:13,35.5,-0.01,12,42607,卖盘
10:05:16,35.5,0.0,17,62340,卖盘
10:05:19,35.5,0.0,13,46150,卖盘
10:05:22,35.5,0.0,107,379912,卖盘
10:05:25,35.51,0.01,14,49708,买盘
10:05:28,35.51,0.0,44,156233,买盘
10:05:31,35.51,0.0,14,49708,买盘
10:05:34,35.51,0.0,8,28408,卖盘
10:05:37,35.51,0.0,15,53265,卖盘
10:05:40,35.51,0.0,52,184668,卖盘
10:05:43,35.51,0.0,65,231074,卖盘
10:05:46,35.51,0.0,20,71029,卖盘
10:05:49,35.51,0.0,33,114252,卖盘
10:05:52,35.52,0.01,70,248607,买盘
10:05:55,35.51,-0.01,36,130073,卖盘
10:05:58,35.51,0.0,80,284103,卖盘
10:06:01,35.51,0.0,25,89251,卖盘
10:06:04,35.51,0.0,70,248126,买盘
10:06:07,35.52,0.01,11,39072,买盘
10:06:10,35.51,-0.01,23,81689,卖盘
10:06:13,35.52,0.01,24,85245,中性盘
10:06:16,35.53,0.01,13,46183,买盘
10:06:19,35.52,-0.01,7,24864,卖盘
10:06:22,35.52,0.0,59,209578,卖盘
10:06:25,35.52,0.0,16,57515,卖盘
10:06:28,35.52,0.0,76,269968,卖盘
10:06:31,35.53,0.01,91,323257,买盘
10:06:34,35.53,0.0,12,42628,买盘
10:06:37,35.53,0.0,53,185179,买盘
10:06:40,35.53,0.0,25,88847,卖盘
10:06:43,35.52,-0.01,57,202496,卖盘
10:06:46,35.53,0.01,4,14211,买盘
10:06:49,35.53,0.0,74,262913,买盘
10:06:52,35.53,0.0,51,181202,卖盘
10:06:55,35.52,-0.01,230,820216,卖盘
10:06:58,35.53,0.01,172,607879,买盘
10:07:01,35.53,0.0,8,28423,买盘
10:07:04,35.52,-0.01,29,103008,卖盘
10:07:07,35.52,0.0,68,243381,卖盘
10:07:10,35.52,0.0,24,85248,买盘
10:07:13,35.51,-0.01,174,617884,卖盘
10:07:16,35.51,0.0,5,17755,卖盘
10:07:19,35.52,0.01,142,504256,买盘
10:07:22,35.49,-0.03,376,1335852,卖盘
10:07:25,35.49,0.0,35,124240,卖盘
10:07:28,35.49,0.0,70,248491,卖盘
10:07:31,35.5,0.01,59,209403,买盘
10:07:34,35.5,0.0,68,241373,买盘
10:07:37,35.5,0.0,132,468584,买盘
10:07:40,35.49,-0.01,47,166831,卖盘
10:07:43,35.5,0.01,85,301677,买盘
10:07:46,35.5,0.0,13,46147,买盘
10:07:49,35.5,0.0,88,312357,买盘
10:07:52,35.49,-0.01,81,287503,卖盘
10:07:55,35.49,0.0,37,131313,卖盘
10:07:58,35.49,0.0,80,283973,卖盘
10:08:01,35.49,0.0,74,262659,卖盘
10:08:04,35.5,0.01,10,35500,中性盘
10:08:07,35.49,-0.01,6,21294,卖盘
10:08:10,35.5,0.01,225,798584,买盘
10:08:13,35.49,-0.01,40,141973,卖盘
10:08:16,35.49,0.0,89,315861,卖盘
10:08:19,35.5,0.01,15,53245,买盘
10:08:22,35.5,0.0,73,259084,买盘
10:08:25,35.5,0.0,279,990178,买盘
10:08:28,35.5,0.0,17,60346,买盘
10:08:31,35.49,-0.01,37,131314,卖盘
10:08:34,35.49,0.0,52,184563,卖盘
10:08:37,35.5,0.01,182,646008,买盘
10:08:40,35.49,-0.01,63,223637,卖盘
10:08:43,35.49,0.0,197,699188,卖盘
10:08:46,35.49,0.0,8,28392,卖盘
10:08:49,35.49,0.0,26,92275,卖盘
10:08:52,35.5,0.01,194,688517,买盘
10:08:55,35.5,0.0,63,223643,买盘
10:08:58,35.49,-0.01,11,39040,卖盘
10:09:01,35.5,0.01,52,184585,买盘
10:09:04,35.5,0.0,161,571516,买盘
10:09:07,35.49,-0.01,37,131322,卖盘
10:09:10,35.49,0.0,32,113599,卖盘
10:09:13,35.5,0.01,81,287490,买盘
10:09:16,35.48,-0.02,750,2661186,卖盘
10:09:19,35.48,0.0,32,113536,买盘
10:09:22,35.48,0.0,93,329922,买盘
10:09:25,35.48,0.0,15,53220,买盘
10:09:28,35.47,-0.01,37,131256,卖盘
10:09:31,35.47,0.0,40,141902,卖盘
10:09:34,35.48,0.01,75,266081,买盘
10:09:37,35.48,0.0,164,581802,买盘
10:09:40,35.47,-0.01,75,266041,卖盘
10:09:43,35.47,0.0,68,241208,卖盘
10:09:46,35.48,0.01,58,205746,买盘
10:09:49,35.47,-0.01,5,17738,卖盘
10:09:52,35.47,0.0,39,138334,卖盘
10:09:55,35.47,0.0,125,443318,买盘
10:09:58,35.47,0.0,28,99312,买盘
10:10:01,35.47,0.0,242,858244,买盘
10:10:04,35.46,-0.01,97,344039,卖盘
10:10:07,35.47,0.01,70,248273,买盘
10:10:10,35.47,0.0,96,340512,卖盘
10:10:13,35.47,0.0,32,113505,卖盘
10:10:16,35.47,0.0,7,24829,卖盘
10:10:19,35.48,0.01,31,109984,买盘
10:10:22,35.47,-0.01,60,212820,卖盘
10:10:25,35.48,0.01,55,195113,买盘
10:10:28,35.48,0.0,118,418641,买盘
10:10:31,35.47,-0.01,808,2866054,卖盘
10:10:34,35.47,0.0,15,53205,买盘
10:10:37,35.48,0.01,190,673934,买盘
10:10:40,35.48,0.0,89,315854,卖盘
10:10:43,35.45,-0.03,2372,8410062,卖盘
10:10:46,35.44,-0.01,166,588457,卖盘
10:10:49,35.45,0.01,14,49622,买盘
10:10:52,35.45,0.0,114,404094,买盘
10:10:55,35.45,0.0,116,411220,买盘
10:10:59,35.44,-0.01,158,560088,卖盘
10:11:01,35.45,0.01,86,304868,买盘
10:11:04,35.44,-0.01,53,187884,卖盘
10:11:07,35.45,0.01,63,223350,买盘
10:11:10,35.46,0.01,342,1212099,中性盘
10:11:13,35.45,-0.01,26,92197,卖盘
10:11:16,35.46,0.01,72,255312,买盘
10:11:19,35.45,-0.01,11,39004,卖盘
10:11:22,35.45,0.0,2021,7160559,卖盘
10:11:25,35.45,0.0,18,63810,买盘
10:11:28,35.45,0.0,98,347417,卖盘
10:11:31,35.45,0.0,215,762175,卖盘
10:11:34,35.46,0.01,4,14184,买盘
10:11:37,35.45,-0.01,36,127622,卖盘
10:11:40,35.46,0.01,91,322687,买盘
10:11:43,35.46,0.0,29,102866,卖盘
10:11:46,35.45,-0.01,35,124108,卖盘
10:11:49,35.46,0.01,2,7092,买盘
10:11:52,35.46,0.0,135,478590,买盘
10:11:55,35.46,0.0,25,88644,买盘
10:11:58,35.46,0.0,15,53190,买盘
10:12:01,35.45,-0.01,240,850841,卖盘
10:12:04,35.45,0.0,61,216259,卖盘
10:12:07,35.46,0.01,102,361612,买盘
10:12:10,35.46,0.0,13,46098,买盘
10:12:13,35.45,-0.01,53,187887,卖盘
10:12:16,35.45,0.0,164,581340,卖盘
10:12:19,35.46,0.01,329,1166071,买盘
10:12:22,35.43,-0.03,44,155948,卖盘
10:12:25,35.44,0.01,4,14176,买盘
10:12:28,35.43,-0.01,34,120498,卖盘
10:12:31,35.44,0.01,16,56705,卖盘
10:12:34,35.43,-0.01,10,35436,卖盘
10:12:37,35.44,0.01,25,88597,卖盘
10:12:40,35.44,0.0,123,435997,卖盘
10:12:43,35.45,0.01,29,102792,买盘
10:12:46,35.45,0.0,49,173675,买盘
10:12:49,35.45,0.0,10,35441,买盘
10:12:52,35.44,-0.01,82,290655,卖盘
10:12:55,35.45,0.01,83,294203,买盘
10:12:58,35.44,-0.01,17,60252,卖盘
10:13:01,35.44,0.0,212,751335,卖盘
10:13:04,35.44,0.0,16,56704,买盘
10:13:07,35.44,0.0,37,131124,买盘
10:13:10,35.44,0.0,28,99217,买盘
10:13:13,35.43,-0.01,8,28347,卖盘
10:13:16,35.44,0.01,139,492622,买盘
10:13:19,35.44,0.0,20,70880,买盘
10:13:22,35.43,-0.01,459,1626274,卖盘
10:13:25,35.43,0.0,806,2855677,卖盘
10:13:28,35.43,0.0,289,1023924,买盘
10:13:31,35.42,-0.01,32,113371,卖盘
10:13:34,35.43,0.01,59,209000,买盘
10:13:37,35.43,0.0,7,24799,买盘
10:13:40,35.43,0.0,393,1392140,买盘
10:13:43,35.43,0.0,598,2118167,买盘
10:13:46,35.43,0.0,5,17715,卖盘
10:13:49,35.43,0.0,273,967024,卖盘
10:13:52,35.43,0.0,107,379109,卖盘
10:13:55,35.43,0.0,109,386122,买盘
10:13:58,35.43,0.0,23,81476,买盘
10:14:01,35.42,-0.01,3,10627,卖盘
10:14:04,35.43,0.01,67,237366,买盘
10:14:07,35.43,0.0,90,318851,买盘
10:14:10,35.43,0.0,113,400257,买盘
10:14:13,35.43,0.0,50,177145,买盘
10:14:16,35.42,-0.01,143,506520,卖盘
10:14:19,35.43,0.01,176,623420,买盘
10:14:22,35.42,-0.01,51,180649,卖盘
10:14:25,35.42,0.0,185,655449,卖盘
10:14:28,35.42,0.0,144,510078,卖盘
10:14:31,35.42,0.0,224,793496,卖盘
10:14:34,35.43,0.01,28,99188,买盘
10:14:37,35.42,-0.01,466,1650572,卖盘
10:14:40,35.42,0.0,116,410869,买盘
10:14:43,35.41,-0.01,171,605587,卖盘
10:14:46,35.41,0.0,20,70837,卖盘
10:14:49,35.42,0.01,78,276235,买盘
10:14:52,35.41,-0.01,114,403687,卖盘
10:14:55,35.42,0.01,87,308139,买盘
10:14:58,35.41,-0.01,1196,4235050,卖盘
10:15:01,35.41,0.0,118,417917,卖盘
10:15:04,35.42,0.01,207,733026,买盘
10:15:07,35.41,-0.01,168,594893,卖盘
10:15:10,35.41,0.0,105,371821,卖盘
10:15:13,35.41,0.0,46,162893,卖盘
10:15:16,35.41,0.0,154,545339,卖盘
10:15:19,35.4,-0.01,156,552392,卖盘
10:15:22,35.4,0.0,212,750515,卖盘
10:15:25,35.41,0.01,263,931109,买盘
10:15:28,35.41,0.0,240,848213,买盘
10:15:31,35.4,-0.01,125,442555,卖盘
10:15:34,35.4,0.0,1280,4531211,卖盘
10:15:37,35.4,0.0,127,449593,卖盘
10:15:40,35.4,0.0,379,1341740,卖盘
10:15:43,35.4,0.0,105,371737,卖盘
10:15:46,35.4,0.0,165,584149,卖盘
10:15:49,35.4,0.0,83,293827,卖盘
10:15:52,35.41,0.01,203,718722,买盘
10:15:55,35.41,0.0,86,304509,卖盘
10:15:58,35.41,0.0,91,322161,买盘
10:16:01,35.41,0.0,115,407204,买盘
10:16:04,35.41,0.0,26,92067,买盘
10:16:07,35.41,0.0,18,63738,卖盘
10:16:10,35.41,0.0,68,240788,卖盘
10:16:13,35.41,0.0,67,237247,卖盘
10:16:16,35.42,0.01,75,265647,买盘
10:16:19,35.42,0.0,50,177066,卖盘
10:16:22,35.42,0.0,445,1575755,卖盘
10:16:25,35.42,0.0,57,201879,买盘
10:16:28,35.41,-0.01,303,1073052,卖盘
10:16:31,35.42,0.01,35,124003,中性盘
10:16:34,35.42,0.0,57,201894,卖盘
10:16:37,35.41,-0.01,62,219601,卖盘
10:16:40,35.41,0.0,219,775721,卖盘
10:16:43,35.42,0.01,6,21253,中性盘
10:16:46,35.42,0.0,29,102734,卖盘
10:16:49,35.42,0.0,19,67298,卖盘
10:16:52,35.43,0.01,49,173564,买盘
10:16:55,35.43,0.0,7,24801,买盘
10:16:58,35.42,-0.01,38,134628,卖盘
10:17:01,35.42,0.0,60,212536,卖盘
10:17:04,35.42,0.0,8,28342,卖盘
10:17:07,35.42,0.0,65,230241,卖盘
10:17:10,35.43,0.01,25,88573,买盘
10:17:13,35.42,-0.01,57,201906,卖盘
10:17:16,35.43,0.01,197,697966,买盘
10:17:19,35.42,-0.01,68,240891,卖盘
10:17:22,35.43,0.01,107,378999,买盘
10:17:25,35.43,0.0,33,116891,买盘
10:17:28,35.43,0.0,36,127548,买盘
10:17:32,35.43,0.0,33,116937,买盘
10:17:34,35.43,0.0,9,31887,卖盘
10:17:37,35.43,0.0,10,35430,卖盘
10:17:40,35.43,0.0,95,336669,卖盘
10:17:43,35.44,0.01,78,276376,买盘
10:17:46,35.44,0.0,29,102795,卖盘
10:17:49,35.44,0.0,14,49616,卖盘
10:17:52,35.45,0.01,76,269362,买盘
10:17:58,35.44,-0.01,19,67341,卖盘
10:18:01,35.44,0.0,5,17723,卖盘
10:18:04,35.44,0.0,203,719631,卖盘
10:18:07,35.44,0.0,18,63792,卖盘
10:18:10,35.45,0.01,39,138219,买盘
10:18:13,35.44,-0.01,5,17720,卖盘
10:18:16,35.45,0.01,67,237557,买盘
10:18:19,35.44,-0.01,53,187844,卖盘
10:18:22,35.45,0.01,43,152408,卖盘
10:18:25,35.43,-0.02,388,1374830,卖盘
10:18:28,35.43,0.0,129,457047,买盘
10:18:31,35.43,0.0,14,49594,买盘
10:18:34,35.42,-0.01,58,205462,卖盘
10:18:37,35.42,0.0,47,166500,卖盘
10:18:40,35.43,0.01,245,867837,中性盘
10:18:43,35.43,0.0,6,21258,卖盘
10:18:47,35.43,0.0,114,403952,卖盘
10:18:49,35.44,0.01,28,99223,买盘
10:18:52,35.43,-0.01,41,145333,卖盘
10:18:55,35.43,0.0,213,754659,卖盘
10:18:58,35.43,0.0,7,24801,卖盘
10:19:01,35.43,0.0,10,35432,卖盘
10:19:04,35.43,0.0,11,38974,卖盘
10:19:07,35.43,0.0,278,984804,卖盘
10:19:10,35.43,0.0,16,56707,卖盘
10:19:13,35.44,0.01,20,70865,买盘
10:19:17,35.44,0.0,44,155878,买盘
10:19:19,35.43,-0.01,161,570424,卖盘
10:19:22,35.42,-0.01,31,109802,卖盘
10:19:25,35.42,0.0,167,591527,卖盘
10:19:28,35.42,0.0,22,77933,卖盘
10:19:31,35.43,0.01,27,95661,买盘
10:19:34,35.43,0.0,33,116889,买盘
10:19:37,35.43,0.0,17,60224,买盘
10:19:40,35.43,0.0,93,329450,买盘
10:19:44,35.43,0.0,8,28347,卖盘
10:19:46,35.43,0.0,31,109849,卖盘
10:19:49,35.43,0.0,8,28344,卖盘
10:19:52,35.43,0.0,81,286983,卖盘
10:19:55,35.43,0.0,30,106290,卖盘
10:19:58,35.42,-0.01,14,49599,卖盘
10:20:01,35.41,-0.01,855,3027936,卖盘
10:20:04,35.41,0.0,452,1600563,卖盘
10:20:07,35.4,-0.01,1936,6855392,卖盘
10:20:10,35.4,0.0,4,14163,卖盘
10:20:13,35.43,0.03,656,2322309,买盘
10:20:17,35.4,-0.03,211,746956,卖盘
10:20:19,35.41,0.01,38,134558,卖盘
10:20:22,35.4,-0.01,422,1495457,卖盘
10:20:25,35.4,0.0,63,223018,买盘
10:20:27,35.4,0.0,37,130974,买盘
10:20:32,35.39,-0.01,33,116807,卖盘
10:20:34,35.39,0.0,62,219445,卖盘
10:20:37,35.4,0.01,32,113264,买盘
10:20:40,35.39,-0.01,512,1811980,卖盘
10:20:43,35.39,0.0,134,474300,买盘
10:20:46,35.39,0.0,126,445939,卖盘
10:20:49,35.39,0.0,704,2490781,卖盘
10:20:52,35.39,0.0,62,219379,买盘
10:20:55,35.39,0.0,11,38924,买盘
10:20:58,35.37,-0.02,588,2080153,卖盘
10:21:01,35.38,0.01,50,176896,买盘
10:21:05,35.38,0.0,37,130875,买盘
10:21:07,35.36,-0.02,56,198098,卖盘
10:21:10,35.39,0.03,124,438705,买盘
10:21:13,35.37,-0.02,18,63669,中性盘
10:21:17,35.39,0.02,217,766517,买盘
10:21:19,35.38,-0.01,66,233517,卖盘
10:21:22,35.37,-0.01,33,116746,卖盘
10:21:25,35.37,0.0,19,67203,卖盘
10:21:28,35.37,0.0,31,109647,卖盘
10:21:32,35.38,0.01,52,183971,买盘
10:21:35,35.38,0.0,48,169823,买盘
10:21:37,35.38,0.0,41,145058,卖盘
10:21:41,35.39,0.01,711,2515870,买盘
10:21:43,35.39,0.0,47,166333,卖盘
10:21:47,35.39,0.0,61,215895,卖盘
10:21:49,35.4,0.01,16,56626,买盘
10:21:52,35.37,-0.03,115,406929,卖盘
10:21:55,35.38,0.01,73,258274,买盘
10:21:58,35.37,-0.01,153,541183,卖盘
10:22:01,35.38,0.01,149,527162,买盘
10:22:04,35.38,0.0,37,130902,买盘
10:22:07,35.38,0.0,76,268861,买盘
10:22:11,35.38,0.0,26,91975,买盘
10:22:14,35.38,0.0,52,183976,买盘
10:22:17,35.39,0.01,13,46001,买盘
10:22:19,35.38,-0.01,70,247661,卖盘
10:22:22,35.37,-0.01,547,1934936,卖盘
10:22:25,35.39,0.02,5,17693,买盘
10:22:28,35.38,-0.01,37,130939,卖盘
10:22:31,35.38,0.0,67,237057,卖盘
10:22:35,35.38,0.0,33,116754,卖盘
10:22:37,35.37,-0.01,97,343209,卖盘
10:22:41,35.38,0.01,43,152131,买盘
10:22:43,35.37,-0.01,89,314908,卖盘
10:22:47,35.4,0.03,18,63685,买盘
10:22:49,35.38,-0.02,239,845431,卖盘
10:22:52,35.37,-0.01,42,148575,卖盘
10:22:56,35.37,0.0,13,45981,卖盘
10:22:58,35.37,0.0,31,109647,卖盘
10:23:02,35.37,0.0,29,102580,卖盘
10:23:04,35.38,0.01,29,102593,买盘
10:23:07,35.38,0.0,66,233508,卖盘
10:23:10,35.37,-0.01,41,145074,卖盘
10:23:14,35.39,0.02,37,130913,买盘
10:23:17,35.39,0.0,59,208755,卖盘
10:23:19,35.39,0.0,24,84927,卖盘
10:23:22,35.39,0.0,143,506016,买盘
10:23:25,35.39,0.0,355,1255902,买盘
10:23:28,35.38,-0.01,50,176912,卖盘
10:23:32,35.39,0.01,20,70768,买盘
10:23:34,35.39,0.0,9,31845,买盘
10:23:37,35.38,-0.01,72,254743,卖盘
10:23:40,35.38,0.0,35,123828,卖盘
10:23:44,35.38,0.0,106,375105,买盘
10:23:47,35.37,-0.01,366,1294645,卖盘
10:23:49,35.38,0.01,21,74298,买盘
10:23:52,35.38,0.0,65,230002,卖盘
10:23:55,35.38,0.0,96,339642,卖盘
10:23:59,35.38,0.0,20,70753,买盘
10:24:02,35.39,0.01,55,194578,买盘
10:24:04,35.38,-0.01,15,53070,卖盘
10:24:07,35.39,0.01,27,95541,买盘
10:24:11,35.38,-0.01,78,275976,卖盘
10:24:13,35.39,0.01,19,67241,卖盘
10:24:17,35.39,0.0,12,42468,卖盘
10:24:19,35.39,0.0,22,77865,卖盘
10:24:22,35.4,0.01,83,293742,买盘
10:24:26,35.4,0.0,16,56634,买盘
10:24:28,35.39,-0.01,85,300778,卖盘
10:24:32,35.39,0.0,85,300815,买盘
10:24:35,35.4,0.01,106,375133,买盘
10:24:38,35.39,-0.01,332,1174948,卖盘
10:24:40,35.39,0.0,12,42469,卖盘
10:24:44,35.39,0.0,20,70780,卖盘
10:24:47,35.39,0.0,81,286693,卖盘
10:24:50,35.39,0.0,289,1022781,卖盘
10:24:53,35.39,0.0,53,187536,卖盘
10:24:56,35.39,0.0,4,14156,买盘
10:24:59,35.38,-0.01,20,70767,卖盘
10:25:01,35.39,0.01,29,102627,买盘
10:25:05,35.38,-0.01,22,77846,卖盘
10:25:07,35.38,0.0,7,24766,卖盘
10:25:10,35.39,0.01,2,7077,买盘
10:25:13,35.39,0.0,144,509558,买盘
10:25:17,35.39,0.0,235,831849,买盘
10:25:19,35.39,0.0,17,60153,卖盘
10:25:22,35.39,0.0,66,233536,卖盘
10:25:25,35.4,0.01,101,357483,买盘
10:25:28,35.39,-0.01,13,45998,买盘
10:25:31,35.38,-0.01,377,1334039,卖盘
10:25:35,35.38,0.0,118,417567,卖盘
10:25:38,35.4,0.02,16,56620,买盘
10:25:41,35.38,-0.02,36,127415,卖盘
10:25:44,35.38,0.0,106,375199,卖盘
10:25:47,35.4,0.02,39,138038,买盘
10:25:50,35.39,-0.01,8,28312,中性盘
10:25:52,35.4,0.01,64,226522,买盘
10:25:56,35.39,-0.01,11,38934,卖盘
10:26:02,35.39,0.0,17,60163,卖盘
10:26:05,35.39,0.0,22,77868,卖盘
10:26:08,35.39,0.0,133,470691,卖盘
10:26:11,35.39,0.0,52,184028,卖盘
10:26:14,35.39,0.0,456,1613456,卖盘
10:26:17,35.39,0.0,20,70776,买盘
10:26:20,35.39,0.0,5,17694,买盘
10:26:22,35.39,0.0,75,265363,买盘
10:26:26,35.38,-0.01,119,421024,卖盘
10:26:29,35.38,0.0,142,502398,卖盘
10:26:32,35.39,0.01,28,99079,买盘
10:26:35,35.38,-0.01,84,297191,卖盘
10:26:37,35.38,0.0,13,45987,买盘
10:26:41,35.38,0.0,92,325453,买盘
10:26:44,35.38,0.0,75,265349,买盘
10:26:47,35.38,0.0,36,127357,卖盘
10:26:50,35.38,0.0,47,166260,买盘
10:26:52,35.38,0.0,221,781713,买盘
10:26:56,35.37,-0.01,347,1227400,卖盘
10:26:59,35.38,0.01,39,137953,买盘
10:27:02,35.38,0.0,47,166288,买盘
10:27:04,35.37,-0.01,17,60143,卖盘
10:27:08,35.37,0.0,61,215799,卖盘
10:27:11,35.39,0.02,67,237061,买盘
10:27:14,35.38,-0.01,95,336111,卖盘
10:27:17,35.38,0.0,20,70765,卖盘
10:27:20,35.39,0.01,465,1645624,买盘
10:27:23,35.39,0.0,140,495404,买盘
10:27:25,35.39,0.0,72,254776,买盘
10:27:29,35.39,0.0,59,208794,卖盘
10:27:32,35.4,0.01,99,350459,买盘
10:27:34,35.39,-0.01,66,233627,卖盘
10:27:38,35.38,-0.01,482,1705418,卖盘
10:27:40,35.4,0.02,46,162820,买盘
10:27:44,35.4,0.0,15,53100,卖盘
10:27:47,35.4,0.0,2,7080,卖盘
10:27:49,35.4,0.0,36,127488,卖盘
10:27:52,35.4,0.0,55,194814,卖盘
10:27:56,35.43,0.03,1,3543,卖盘
10:27:59,35.43,0.0,23,81508,卖盘
10:28:02,35.43,0.0,9,31887,卖盘
10:28:04,35.43,0.0,18,63787,买盘
10:28:07,35.41,-0.02,2,7084,卖盘
10:28:10,35.43,0.02,512,1814742,买盘
10:28:13,35.45,0.02,214,758356,买盘
10:28:17,35.42,-0.03,3,10626,卖盘
10:28:20,35.4,-0.02,216,764696,卖盘
10:28:23,35.4,0.0,3,10620,买盘
10:28:26,35.4,0.0,130,460192,买盘
10:28:29,35.39,-0.01,12,42468,卖盘
10:28:32,35.4,0.01,16,56637,买盘
10:28:35,35.4,0.0,38,134513,买盘
10:28:38,35.4,0.0,43,152197,买盘
10:28:41,35.39,-0.01,58,205318,卖盘
10:28:43,35.4,0.01,51,180540,买盘
10:28:47,35.4,0.0,48,169920,卖盘
10:28:49,35.41,0.01,54,191177,买盘
10:28:53,35.41,0.0,33,116798,买盘
10:28:59,35.4,-0.01,181,640716,卖盘
10:29:02,35.4,0.0,359,1270341,买盘
10:29:05,35.4,0.0,56,198184,买盘
10:29:08,35.39,-0.01,27,95563,中性盘
10:29:11,35.4,0.01,159,562669,买盘
10:29:14,35.39,-0.01,50,176997,卖盘
10:29:16,35.39,0.0,39,138024,卖盘
10:29:20,35.39,0.0,411,1454534,卖盘
10:29:22,35.39,0.0,25,88473,卖盘
10:29:25,35.38,-0.01,37,130937,卖盘
10:29:29,35.38,0.0,91,321997,卖盘
10:29:31,35.39,0.01,138,488370,买盘
10:29:35,35.39,0.0,1823,6448224,买盘
10:29:38,35.38,-0.01,68,240582,中性盘
10:29:40,35.38,0.0,30,106134,买盘
10:29:44,35.36,-0.02,417,1474854,卖盘
10:29:46,35.36,0.0,3,10608,卖盘
10:29:49,35.38,0.02,126,445946,卖盘
10:29:52,35.38,0.0,119,420904,卖盘
10:29:55,35.38,0.0,14,49532,买盘
10:29:59,35.39,0.01,14,49546,卖盘
10:30:02,35.39,0.0,20,70782,卖盘
10:30:04,35.39,0.0,17,60163,卖盘
10:30:08,35.41,0.02,104,368175,买盘
10:30:10,35.38,-0.03,105,371593,卖盘
10:30:14,35.39,0.01,9,31851,买盘
10:30:16,35.39,0.0,16,56613,买盘
10:30:19,35.39,0.0,123,435285,买盘
10:30:22,35.39,0.0,71,251228,买盘
10:30:26,35.36,-0.03,770,2723401,卖盘
10:30:29,35.39,0.03,62,219390,买盘
10:30:32,35.39,0.0,238,842278,买盘
10:30:35,35.39,0.0,31,109752,卖盘
10:30:37,35.39,0.0,15,53085,卖盘
10:30:40,35.39,0.0,8,28312,卖盘
10:30:43,35.39,0.0,132,467388,卖盘
10:30:46,35.4,0.01,5,17700,卖盘
10:30:49,35.4,0.0,53,187650,卖盘
10:30:53,35.39,-0.01,42,148661,卖盘
10:30:55,35.39,0.0,8,28314,卖盘
10:30:58,35.39,0.0,14,49547,卖盘
10:31:01,35.4,0.01,88,311476,买盘
10:31:04,35.4,0.0,4,14160,卖盘
10:31:07,35.39,-0.01,25,88478,卖盘
10:31:10,35.4,0.01,47,166354,中性盘
10:31:13,35.39,-0.01,34,120353,卖盘
10:31:16,35.39,0.0,85,300811,买盘
10:31:20,35.39,0.0,50,176918,买盘
10:31:22,35.38,-0.01,88,311377,卖盘
10:31:26,35.39,0.01,20,70769,买盘
10:31:29,35.38,-0.01,116,410457,卖盘
10:31:31,35.39,0.01,11,38926,中性盘
10:31:34,35.39,0.0,16,56624,卖盘
10:31:37,35.39,0.0,4,14159,卖盘
10:31:40,35.39,0.0,1,3539,卖盘
10:31:43,35.4,0.01,25,88492,买盘
10:31:46,35.4,0.0,10,35400,卖盘
10:31:49,35.4,0.0,34,120376,卖盘
10:31:52,35.41,0.01,44,156160,买盘
10:31:55,35.41,0.0,9,31861,买盘
10:31:58,35.41,0.0,37,131017,买盘
10:32:01,35.41,0.0,56,198299,卖盘
10:32:04,35.41,0.0,16,56656,卖盘
10:32:07,35.41,0.0,14,49574,卖盘
10:32:10,35.41,0.0,20,70329,卖盘
10:32:14,35.42,0.01,14,49588,买盘
10:32:16,35.42,0.0,11,38962,卖盘
10:32:19,35.42,0.0,14,49594,卖盘
10:32:22,35.43,0.01,72,255032,买盘
10:32:25,35.41,-0.02,48,168117,卖盘
10:32:28,35.41,0.0,9,31876,卖盘
10:32:31,35.43,0.02,17,60224,买盘
10:32:34,35.42,-0.01,22,77927,卖盘
10:32:37,35.41,-0.01,8,28328,卖盘
10:32:40,35.42,0.01,20,70830,买盘
10:32:43,35.41,-0.01,101,357775,卖盘
10:32:46,35.41,0.0,2,7082,卖盘
10:32:49,35.42,0.01,32,113337,买盘
10:32:52,35.43,0.01,233,825519,卖盘
10:32:55,35.41,-0.02,4,14239,卖盘
10:32:58,35.42,0.01,32,113400,卖盘
10:33:01,35.42,0.0,58,205481,卖盘
10:33:04,35.42,0.0,102,363520,买盘
10:33:07,35.41,-0.01,23,81451,中性盘
10:33:10,35.41,0.0,93,326837,买盘
10:33:13,35.41,0.0,36,127444,买盘
10:33:16,35.42,0.01,65,230164,买盘
10:33:19,35.42,0.0,78,276178,买盘
10:33:22,35.42,0.0,106,375307,买盘
10:33:25,35.41,-0.01,15,53115,卖盘
10:33:28,35.39,-0.02,45,159293,卖盘
10:33:31,35.4,0.01,101,357446,买盘
10:33:35,35.39,-0.01,196,695125,卖盘
10:33:37,35.39,0.0,50,177692,卖盘
10:33:40,35.39,0.0,46,162761,买盘
10:33:43,35.37,-0.02,284,1002444,卖盘
10:33:46,35.38,0.01,12,42456,中性盘
10:33:49,35.39,0.01,88,312863,买盘
10:33:52,35.38,-0.01,91,321982,中性盘
10:33:55,35.4,0.02,271,958903,买盘
10:33:58,35.37,-0.03,11,38915,卖盘
10:34:01,35.38,0.01,7,24765,买盘
10:34:04,35.38,0.0,11,38917,买盘
10:34:07,35.37,-0.01,150,530552,卖盘
10:34:10,35.37,0.0,64,227465,卖盘
10:34:13,35.37,0.0,28,99055,卖盘
10:34:16,35.4,0.03,109,383854,买盘
10:34:19,35.4,0.0,3,10620,卖盘
10:34:22,35.4,0.0,58,207232,卖盘
10:34:25,35.41,0.01,8,28326,买盘
10:34:28,35.38,-0.03,13,46011,卖盘
10:34:31,35.39,0.01,8,28306,买盘
10:34:34,35.39,0.0,31,109698,买盘
10:34:37,35.39,0.0,39,138021,买盘
10:34:40,35.39,0.0,25,88457,买盘
10:34:43,35.39,0.0,66,233574,买盘
10:34:46,35.39,0.0,56,198185,卖盘
10:34:49,35.4,0.01,24,84951,买盘
10:34:52,35.39,-0.01,24,84934,卖盘
10:34:55,35.4,0.01,52,184034,买盘
10:34:58,35.39,-0.01,64,226457,中性盘
10:35:01,35.39,0.0,21,74320,卖盘
10:35:04,35.38,-0.01,58,205215,卖盘
10:35:07,35.39,0.01,310,1096801,买盘
10:35:10,35.38,-0.01,87,307856,中性盘
10:35:13,35.38,0.0,61,215838,买盘
10:35:16,35.39,0.01,45,159237,买盘
10:35:22,35.37,-0.02,291,1029311,卖盘
10:35:25,35.37,0.0,182,643819,卖盘
10:35:28,35.37,0.0,54,191115,卖盘
10:35:31,35.37,0.0,56,197968,买盘
10:35:34,35.36,-0.01,25,88499,卖盘
10:35:37,35.37,0.01,12,42444,买盘
10:35:40,35.36,-0.01,63,222799,卖盘
10:35:43,35.37,0.01,161,569413,买盘
10:35:46,35.37,0.0,42,148557,卖盘
10:35:49,35.37,0.0,17,60118,买盘
10:35:52,35.37,0.0,68,240505,买盘
10:35:55,35.37,0.0,12,42444,买盘
10:35:58,35.37,0.0,62,219294,卖盘
10:36:01,35.37,0.0,135,477495,卖盘
10:36:04,35.37,0.0,20,70740,卖盘
10:36:07,35.37,0.0,20,69470,卖盘
10:36:10,35.38,0.01,15,53065,买盘
10:36:13,35.38,0.0,37,131072,买盘
10:36:16,35.37,-0.01,15,53055,卖盘
10:36:19,35.38,0.01,71,251152,买盘
10:36:22,35.38,0.0,98,345545,买盘
10:36:25,35.38,0.0,40,141506,买盘
10:36:28,35.37,-0.01,39,137225,卖盘
10:36:31,35.38,0.01,80,282968,买盘
10:36:34,35.38,0.0,42,148596,买盘
10:36:37,35.38,0.0,119,420974,买盘
10:36:40,35.37,-0.01,175,619121,卖盘
10:36:43,35.38,0.01,130,460020,卖盘
10:36:46,35.38,0.0,24,84912,买盘
10:36:49,35.38,0.0,10,35382,卖盘
10:36:52,35.4,0.02,56,198606,买盘
10:36:55,35.38,-0.02,21,74298,卖盘
10:36:58,35.39,0.01,73,258872,买盘
10:37:01,35.39,0.0,6,21234,卖盘
10:37:04,35.39,0.0,118,417551,卖盘
10:37:07,35.4,0.01,1,3540,买盘
10:37:10,35.39,-0.01,11,38929,卖盘
10:37:13,35.39,0.0,14,49549,卖盘
10:37:16,35.39,0.0,22,79111,卖盘
10:37:19,35.39,0.0,18,64660,卖盘
10:37:22,35.39,0.0,53,187567,卖盘
10:37:25,35.39,0.0,133,468501,卖盘
10:37:28,35.39,0.0,32,113098,买盘
10:37:31,35.38,-0.01,50,176905,卖盘
10:37:34,35.39,0.01,439,1554669,买盘
10:37:37,35.38,-0.01,462,1633941,卖盘
10:37:40,35.38,0.0,65,229939,买盘
10:37:43,35.38,0.0,1726,6105043,买盘
10:37:46,35.37,-0.01,49,173347,卖盘
10:37:49,35.37,0.0,37,130600,卖盘
10:37:52,35.37,0.0,620,2192979,卖盘
10:37:55,35.37,0.0,395,1398796,卖盘
10:37:58,35.37,0.0,377,1333472,卖盘
10:38:01,35.37,0.0,1690,5977577,卖盘
10:38:04,35.35,-0.02,3067,10841681,卖盘
10:38:07,35.35,0.0,1945,6877234,卖盘
10:38:10,35.33,-0.02,513,1812966,卖盘
10:38:13,35.33,0.0,634,2238798,卖盘
10:38:16,35.32,-0.01,498,1760325,卖盘
10:38:19,35.31,-0.01,1460,5152541,卖盘
10:38:22,35.31,0.0,146,518401,卖盘
10:38:25,35.3,-0.01,579,2043914,卖盘
10:38:28,35.31,0.01,407,1436850,买盘
10:38:31,35.3,-0.01,3008,10618242,卖盘
10:38:34,35.3,0.0,521,1836859,卖盘
10:38:37,35.3,0.0,101,358934,卖盘
10:38:40,35.29,-0.01,153,540081,卖盘
10:38:43,35.29,0.0,231,815288,卖盘
10:38:46,35.3,0.01,117,412879,买盘
10:38:49,35.29,-0.01,46,162351,中性盘
10:38:52,35.29,0.0,311,1097337,买盘
10:38:55,35.28,-0.01,82,289323,卖盘
10:38:58,35.29,0.01,426,1503119,买盘
10:39:01,35.28,-0.01,351,1238230,卖盘
10:39:04,35.28,0.0,99,349257,买盘
10:39:07,35.28,0.0,143,504483,买盘
10:39:10,35.28,0.0,281,991328,买盘
10:39:13,35.28,0.0,205,723069,买盘
10:39:16,35.28,0.0,353,1243279,买盘
10:39:19,35.28,0.0,218,769001,买盘
10:39:22,35.28,0.0,629,2218755,买盘
10:39:25,35.28,0.0,207,730298,买盘
10:39:28,35.28,0.0,281,991085,卖盘
10:39:31,35.28,0.0,42,148180,卖盘
10:39:34,35.28,0.0,146,516891,卖盘
10:39:37,35.29,0.01,64,225804,买盘
10:39:40,35.29,0.0,98,345802,买盘
10:39:43,35.29,0.0,27,95270,买盘
10:39:46,35.29,0.0,463,1633586,买盘
10:39:49,35.29,0.0,270,952629,买盘
10:39:52,35.3,0.01,217,765700,买盘
10:39:55,35.29,-0.01,39,137633,卖盘
10:39:58,35.3,0.01,48,169426,买盘
10:40:01,35.3,0.0,147,518748,买盘
10:40:04,35.3,0.0,122,430567,买盘
10:40:07,35.3,0.0,24,84720,买盘
10:40:10,35.29,-0.01,223,786995,卖盘
10:40:13,35.28,-0.01,21,72800,卖盘
10:40:16,35.29,0.01,39,137624,买盘
10:40:19,35.29,0.0,111,391712,买盘
10:40:22,35.28,-0.01,659,2326136,卖盘
10:40:25,35.3,0.02,18,63540,买盘
10:40:28,35.29,-0.01,6,21176,卖盘
10:40:31,35.3,0.01,40,141185,买盘
10:40:34,35.3,0.0,6,21180,买盘
10:40:37,35.3,0.0,65,229450,买盘
10:40:40,35.3,0.0,71,250615,买盘
10:40:43,35.3,0.0,85,299986,买盘
10:40:46,35.29,-0.01,230,811437,卖盘
10:40:49,35.3,0.01,14,49410,买盘
10:40:52,35.3,0.0,238,841071,买盘
10:40:55,35.3,0.0,44,155311,买盘
10:40:58,35.3,0.0,134,472898,买盘
10:41:01,35.29,-0.01,72,254681,卖盘
10:41:04,35.3,0.01,26,91758,买盘
10:41:07,35.29,-0.01,34,119987,中性盘
10:41:10,35.29,0.0,77,271733,买盘
10:41:13,35.29,0.0,349,1231309,买盘
10:41:16,35.29,0.0,43,151740,买盘
10:41:19,35.29,0.0,42,148223,卖盘
10:41:22,35.29,0.0,40,139469,卖盘
10:41:25,35.29,0.0,22,79335,卖盘
10:41:28,35.28,-0.01,147,517049,卖盘
10:41:31,35.29,0.01,37,130495,买盘
10:41:34,35.29,0.0,44,155247,买盘
10:41:37,35.29,0.0,42,148122,买盘
10:41:40,35.28,-0.01,73,257568,卖盘
10:41:43,35.27,-0.01,714,2518122,卖盘
10:41:46,35.28,0.01,154,544300,买盘
10:41:49,35.28,0.0,67,236376,卖盘
10:41:52,35.27,-0.01,1424,5023473,卖盘
10:41:55,35.27,0.0,129,454983,买盘
10:41:58,35.27,0.0,461,1624897,买盘
10:42:01,35.27,0.0,54,190146,卖盘
10:42:04,35.26,-0.01,483,1704136,卖盘
10:42:07,35.27,0.01,57,201050,买盘
10:42:10,35.26,-0.01,108,380955,卖盘
10:42:13,35.27,0.01,280,987310,中性盘
10:42:16,35.26,-0.01,174,613628,卖盘
10:42:19,35.26,0.0,80,282089,卖盘
10:42:22,35.27,0.01,56,197460,买盘
10:42:25,35.26,-0.01,519,1830000,卖盘
10:42:28,35.27,0.01,89,313659,买盘
10:42:31,35.27,0.0,30,105810,卖盘
10:42:34,35.27,0.0,34,119918,卖盘
10:42:37,35.28,0.01,31,109348,买盘
10:42:40,35.27,-0.01,140,493798,卖盘
10:42:43,35.27,0.0,367,1293519,卖盘
10:42:46,35.28,0.01,94,331632,买盘
10:42:49,35.27,-0.01,286,1008487,卖盘
10:42:52,35.27,0.0,121,427071,买盘
10:42:55,35.28,0.01,109,384500,买盘
10:42:58,35.27,-0.01,38,134060,卖盘
10:43:01,35.27,0.0,67,236314,卖盘
10:43:04,35.27,0.0,122,430305,卖盘
10:43:07,35.27,0.0,110,388874,买盘
10:43:10,35.28,0.01,32,112877,买盘
10:43:13,35.26,-0.02,416,1466979,卖盘
10:43:16,35.26,0.0,98,345769,卖盘
10:43:19,35.26,0.0,493,1736921,卖盘
10:43:22,35.26,0.0,145,511242,买盘
10:43:25,35.26,0.0,418,1473463,买盘
10:43:28,35.25,-0.01,827,2915295,卖盘
10:43:31,35.26,0.01,118,416206,买盘
10:43:34,35.25,-0.01,108,380721,卖盘
10:43:37,35.25,0.0,142,500558,卖盘
10:43:40,35.26,0.01,87,306294,买盘
10:43:43,35.25,-0.01,516,1818905,卖盘
10:43:46,35.25,0.0,217,765006,卖盘
10:43:49,35.25,0.0,276,973028,卖盘
10:43:52,35.25,0.0,62,218550,买盘
10:43:55,35.25,0.0,86,303129,买盘
10:43:58,35.24,-0.01,480,1691581,卖盘
10:44:01,35.24,0.0,79,278369,卖盘
10:44:04,35.25,0.01,79,278386,买盘
10:44:07,35.22,-0.03,623,2194792,卖盘
10:44:10,35.24,0.02,75,264278,买盘
10:44:13,35.23,-0.01,452,1592207,卖盘
10:44:16,35.24,0.01,26,91619,买盘
10:44:19,35.24,0.0,122,429837,买盘
10:44:22,35.24,0.0,128,450962,买盘
10:44:25,35.23,-0.01,76,267796,卖盘
10:44:28,35.23,0.0,156,549658,卖盘
10:44:31,35.23,0.0,34,119786,卖盘
10:44:34,35.23,0.0,44,154992,买盘
10:44:37,35.22,-0.01,103,362799,卖盘
10:44:40,35.23,0.01,1406,4951940,买盘
10:44:43,35.23,0.0,1317,4637511,买盘
10:44:46,35.24,0.01,246,866651,买盘
10:44:49,35.23,-0.01,260,916083,卖盘
10:44:52,35.24,0.01,587,2067143,买盘
10:44:55,35.23,-0.01,358,1260727,卖盘
10:44:58,35.23,0.0,19,66937,买盘
10:45:01,35.23,0.0,91,320521,买盘
10:45:04,35.22,-0.01,85,299391,卖盘
10:45:07,35.23,0.01,64,225458,买盘
10:45:10,35.23,0.0,27,95121,买盘
10:45:13,35.23,0.0,173,609323,买盘
10:45:16,35.23,0.0,1075,3785758,买盘
10:45:19,35.22,-0.01,425,1496712,卖盘
10:45:22,35.23,0.01,122,429744,买盘
10:45:25,35.23,0.0,154,542560,买盘
10:45:28,35.22,-0.01,315,1109139,卖盘
10:45:31,35.23,0.01,614,2161880,买盘
10:45:34,35.23,0.0,72,253600,买盘
10:45:37,35.23,0.0,11,38753,买盘
10:45:40,35.23,0.0,22,77497,买盘
10:45:43,35.22,-0.01,65,228963,卖盘
10:45:46,35.22,0.0,173,609399,卖盘
10:45:49,35.22,0.0,108,380302,买盘
10:45:52,35.22,0.0,53,186658,买盘
10:45:55,35.22,0.0,1206,4245690,卖盘
10:45:58,35.22,0.0,47,165544,卖盘
10:46:01,35.22,0.0,47,165560,卖盘
10:46:04,35.22,0.0,64,225431,买盘
10:46:07,35.22,0.0,18,63392,卖盘
10:46:10,35.22,0.0,179,630438,买盘
10:46:13,35.23,0.01,683,2404614,买盘
10:46:16,35.22,-0.01,28,98639,中性盘
10:46:19,35.22,0.0,915,3221849,卖盘
10:46:22,35.22,0.0,610,2150230,买盘
10:46:25,35.23,0.01,183,644681,买盘
10:46:28,35.22,-0.01,77,271239,卖盘
10:46:31,35.22,0.0,66,232474,卖盘
10:46:34,35.22,0.0,42,147938,卖盘
10:46:37,35.23,0.01,38,133844,买盘
10:46:40,35.23,0.0,197,693985,买盘
10:46:43,35.22,-0.01,446,1571175,卖盘
10:46:46,35.23,0.01,15,52845,卖盘
10:46:49,35.23,0.0,33,116259,卖盘
10:46:52,35.24,0.01,4,14096,买盘
10:46:55,35.25,0.01,149,525550,买盘
10:46:58,35.24,-0.01,101,355926,卖盘
10:47:01,35.25,0.01,19,66962,买盘
10:47:04,35.25,0.0,331,1166750,买盘
10:47:07,35.25,0.0,318,1120763,买盘
10:47:10,35.28,0.03,131,461910,买盘
10:47:13,35.26,-0.02,38,133988,卖盘
10:47:16,35.28,0.02,6,21162,买盘
10:47:19,35.24,-0.04,324,1142091,卖盘
10:47:22,35.26,0.02,41,144539,卖盘
10:47:25,35.26,0.0,31,109312,卖盘
10:47:28,35.26,0.0,27,95200,买盘
10:47:31,35.27,0.01,51,179896,中性盘
10:47:34,35.28,0.01,82,289252,买盘
10:47:37,35.27,-0.01,28,98755,买盘
10:47:40,35.27,0.0,30,105831,卖盘
10:47:43,35.28,0.01,13,45854,买盘
10:47:46,35.28,0.0,111,391601,买盘
10:47:49,35.27,-0.01,248,874661,卖盘
10:47:52,35.27,0.0,575,2028415,买盘
10:47:55,35.28,0.01,29,102309,买盘
10:47:58,35.27,-0.01,79,278633,卖盘
10:48:01,35.27,0.0,36,126431,买盘
10:48:04,35.27,0.0,66,232748,买盘
10:48:07,35.28,0.01,2,7056,买盘
10:48:10,35.27,-0.01,55,193990,卖盘
10:48:13,35.28,0.01,76,268062,买盘
10:48:16,35.26,-0.02,200,704202,卖盘
10:48:19,35.28,0.02,32,112889,买盘
10:48:22,35.27,-0.01,66,232747,卖盘
10:48:25,35.26,-0.01,33,116362,卖盘
10:48:28,35.28,0.02,8,28224,买盘
10:48:31,35.27,-0.01,62,218711,卖盘
10:48:34,35.27,0.0,45,158719,卖盘
10:48:37,35.28,0.01,18,63504,卖盘
10:48:43,35.28,0.0,114,405327,卖盘
10:48:46,35.29,0.01,233,822191,买盘
10:48:49,35.28,-0.01,33,116428,卖盘
10:48:52,35.28,0.0,233,821993,买盘
10:48:55,35.28,0.0,31,109367,买盘
10:48:58,35.28,0.0,200,705506,买盘
10:49:01,35.27,-0.01,42,148163,卖盘
10:49:04,35.25,-0.02,228,804041,卖盘
10:49:07,35.28,0.03,12,42331,买盘
10:49:10,35.26,-0.02,21,74053,卖盘
10:49:13,35.26,0.0,20,70521,买盘
10:49:16,35.27,0.01,9,31740,买盘
10:49:19,35.26,-0.01,35,123408,卖盘
10:49:22,35.26,0.0,62,218590,买盘
10:49:25,35.26,0.0,7,24682,买盘
10:49:28,35.26,0.0,207,727187,买盘
10:49:31,35.26,0.0,51,179813,买盘
10:49:34,35.26,0.0,33,116336,买盘
10:49:37,35.26,0.0,21,74043,买盘
10:49:40,35.26,0.0,23,81097,买盘
10:49:43,35.26,0.0,56,197437,买盘
10:49:46,35.26,0.0,513,1808484,买盘
10:49:49,35.26,0.0,50,176284,卖盘
10:49:52,35.24,-0.02,583,2055075,卖盘
10:49:55,35.27,0.03,226,797102,买盘
10:49:58,35.27,0.0,30,105808,买盘
10:50:01,35.27,0.0,40,141070,卖盘
10:50:04,35.27,0.0,104,366786,卖盘
10:50:07,35.28,0.01,27,95253,买盘
10:50:10,35.29,0.01,94,331612,买盘
10:50:13,35.28,-0.01,33,116438,卖盘
10:50:16,35.28,0.0,56,197580,卖盘
10:50:19,35.3,0.02,123,434185,买盘
10:50:22,35.29,-0.01,192,677823,卖盘
10:50:25,35.31,0.02,48,169444,买盘
10:50:28,35.27,-0.04,299,1054894,卖盘
10:50:31,35.31,0.04,415,1464351,买盘
10:50:34,35.3,-0.01,78,275374,卖盘
10:50:37,35.31,0.01,26,91798,买盘
10:50:40,35.31,0.0,46,162420,买盘
10:50:43,35.3,-0.01,34,120025,卖盘
10:50:46,35.31,0.01,143,505073,买盘
10:50:49,35.3,-0.01,43,151817,卖盘
10:50:52,35.32,0.02,104,367161,买盘
10:50:55,35.32,0.0,7,24724,买盘
10:50:58,35.32,0.0,55,194223,买盘
10:51:01,35.31,-0.01,31,111793,卖盘
10:51:04,35.32,0.01,35,123605,买盘
10:51:07,35.31,-0.01,9,30861,卖盘
10:51:10,35.29,-0.02,257,905658,卖盘
10:51:13,35.29,0.0,106,376911,买盘
10:51:16,35.29,0.0,21,74103,买盘
10:51:19,35.29,0.0,7,24702,买盘
10:51:22,35.28,-0.01,151,531135,卖盘
10:51:25,35.3,0.02,47,165892,买盘
10:51:28,35.31,0.01,7,24713,买盘
10:51:31,35.3,-0.01,13,45891,卖盘
10:51:34,35.31,0.01,4,14124,买盘
10:51:37,35.31,0.0,3,10593,买盘
10:51:40,35.3,-0.01,42,148264,卖盘
10:51:43,35.3,0.0,321,1133156,卖盘
10:51:46,35.31,0.01,335,1182679,买盘
10:51:49,35.3,-0.01,46,162386,卖盘
10:51:52,35.28,-0.02,333,1175391,卖盘
10:51:55,35.31,0.03,46,162405,买盘
10:51:58,35.3,-0.01,75,264750,买盘
10:52:01,35.3,0.0,255,900147,卖盘
10:52:04,35.3,0.0,62,218860,卖盘
10:52:07,35.3,0.0,124,437728,卖盘
10:52:10,35.3,0.0,44,155320,卖盘
10:52:13,35.3,0.0,10,35299,买盘
10:52:16,35.29,-0.01,41,144689,卖盘
10:52:19,35.3,0.01,29,102355,买盘
10:52:22,35.29,-0.01,64,225863,卖盘
10:52:25,35.29,0.0,8,28232,卖盘
10:52:28,35.3,0.01,52,183542,买盘
10:52:31,35.3,0.0,9,31767,买盘
10:52:34,35.3,0.0,522,1842017,买盘
10:52:37,35.29,-0.01,70,247092,卖盘
10:52:40,35.3,0.01,48,169436,买盘
10:52:43,35.27,-0.03,105,370569,卖盘
10:52:46,35.28,0.01,44,155238,中性盘
10:52:49,35.3,0.02,522,1841289,买盘
10:52:52,35.3,0.0,74,261156,买盘
10:52:55,35.28,-0.02,14,51227,卖盘
10:52:58,35.29,0.01,20,70579,买盘
10:53:01,35.29,0.0,12,42340,买盘
10:53:02,35.28,-0.01,34,119952,卖盘
10:53:07,35.28,0.0,29,101836,卖盘
10:53:10,35.29,0.01,124,438019,买盘
10:53:13,35.29,0.0,10,35290,卖盘
10:53:16,35.27,-0.02,289,1017783,卖盘
10:53:19,35.27,0.0,17,59958,买盘
10:53:22,35.27,0.0,81,285619,买盘
10:53:25,35.27,0.0,17,59959,买盘
10:53:28,35.27,0.0,57,200998,买盘
10:53:31,35.27,0.0,413,1457131,买盘
10:53:34,35.27,0.0,69,243366,卖盘
10:53:37,35.29,0.02,76,268056,中性盘
10:53:40,35.27,-0.02,9,31745,卖盘
10:53:43,35.27,0.0,41,144631,卖盘
10:53:46,35.27,0.0,7,24698,卖盘
10:53:49,35.3,0.03,22,77643,买盘
10:53:52,35.3,0.0,62,218924,买盘
10:53:55,35.3,0.0,128,451829,买盘
10:53:59,35.27,-0.03,971,3429167,卖盘
10:54:01,35.31,0.04,8,28245,买盘
10:54:04,35.31,0.0,11,38835,买盘
10:54:07,35.31,0.0,53,187103,买盘
10:54:10,35.3,-0.01,87,307116,卖盘
10:54:13,35.3,0.0,23,81190,买盘
10:54:16,35.3,0.0,66,232958,买盘
10:54:19,35.3,0.0,57,202189,买盘
10:54:22,35.3,0.0,54,190546,买盘
10:54:25,35.28,-0.02,54,188701,卖盘
10:54:28,35.28,0.0,73,257630,卖盘
10:54:31,35.28,0.0,29,103689,卖盘
10:54:34,35.29,0.01,27,95292,中性盘
10:54:37,35.3,0.01,3,10589,买盘
10:54:40,35.27,-0.03,441,1555689,卖盘
10:54:43,35.27,0.0,55,193365,卖盘
10:54:46,35.3,0.03,56,197670,买盘
10:54:49,35.3,0.0,173,610693,买盘
10:54:52,35.28,-0.02,39,137593,卖盘
10:54:55,35.28,0.0,39,137592,买盘
10:54:58,35.29,0.01,61,215239,买盘
10:55:01,35.28,-0.01,22,77638,卖盘
10:55:04,35.29,0.01,175,617629,中性盘
10:55:07,35.3,0.01,9,31764,买盘
10:55:10,35.3,0.0,7,24708,买盘
10:55:13,35.29,-0.01,83,291740,卖盘
10:55:16,35.29,0.0,18,63522,卖盘
10:55:19,35.3,0.01,59,209876,买盘
10:55:22,35.3,0.0,607,2142009,买盘
10:55:25,35.29,-0.01,22,75458,中性盘
10:55:28,35.3,0.01,39,137670,买盘
10:55:31,35.3,0.0,107,377707,买盘
10:55:34,35.3,0.0,98,345920,买盘
10:55:37,35.31,0.01,154,543639,买盘
10:55:40,35.3,-0.01,33,116490,买盘
10:55:43,35.31,0.01,40,141236,买盘
10:55:46,35.32,0.01,99,349584,买盘
10:55:49,35.31,-0.01,34,120042,卖盘
10:55:52,35.3,-0.01,49,172990,卖盘
10:55:55,35.32,0.02,12,42383,买盘
10:55:58,35.31,-0.01,38,134206,卖盘
10:56:01,35.31,0.0,125,443483,卖盘
10:56:04,35.3,-0.01,432,1525146,卖盘
10:56:07,35.31,0.01,109,384961,卖盘
10:56:10,35.32,0.01,158,556539,买盘
10:56:13,35.32,0.0,73,259224,卖盘
10:56:16,35.32,0.0,72,254233,买盘
10:56:19,35.32,0.0,46,162463,买盘
10:56:22,35.31,-0.01,133,468251,卖盘
10:56:25,35.32,0.01,39,137749,卖盘
10:56:28,35.32,0.0,40,141288,卖盘
10:56:31,35.33,0.01,18,63583,买盘
10:56:34,35.33,0.0,106,374436,买盘
10:56:37,35.32,-0.01,29,102441,卖盘
10:56:40,35.33,0.01,49,173965,买盘
10:56:43,35.33,0.0,111,392163,买盘
10:56:46,35.32,-0.01,409,1444620,卖盘
10:56:49,35.33,0.01,145,513457,买盘
10:56:52,35.33,0.0,60,211941,买盘
10:56:55,35.34,0.01,33,115460,买盘
10:56:58,35.34,0.0,59,208473,买盘
10:57:01,35.34,0.0,12,42405,买盘
10:57:04,35.33,-0.01,56,197865,卖盘
10:57:07,35.33,0.0,4,14132,卖盘
10:57:10,35.34,0.01,424,1498348,买盘
10:57:13,35.32,-0.02,206,727817,卖盘
10:57:16,35.35,0.03,15,53014,买盘
10:57:19,35.33,-0.02,18,63589,卖盘
10:57:22,35.32,-0.01,74,261416,卖盘
10:57:26,35.35,0.03,76,268507,买盘
10:57:28,35.35,0.0,11,38880,买盘
10:57:31,35.35,0.0,165,583110,买盘
10:57:35,35.34,-0.01,39,137797,中性盘
10:57:37,35.33,-0.01,29,102468,卖盘
10:57:40,35.34,0.01,26,91884,买盘
10:57:43,35.34,0.0,65,229710,卖盘
10:57:46,35.34,0.0,39,137826,卖盘
10:57:49,35.33,-0.01,359,1268747,卖盘
10:57:52,35.34,0.01,103,363369,中性盘
10:57:55,35.34,0.0,23,81881,卖盘
10:57:58,35.35,0.01,123,434705,买盘
10:58:01,35.35,0.0,325,1148755,买盘
10:58:04,35.34,-0.01,42,148469,中性盘
10:58:07,35.35,0.01,22,77769,买盘
10:58:10,35.34,-0.01,34,120163,卖盘
10:58:13,35.35,0.01,20,70700,买盘
10:58:16,35.34,-0.01,277,979111,卖盘
10:58:19,35.34,0.0,67,237947,买盘
10:58:22,35.34,0.0,106,374534,买盘
10:58:25,35.34,0.0,74,261488,买盘
10:58:28,35.33,-0.01,167,590073,卖盘
10:58:31,35.33,0.0,255,900964,卖盘
10:58:34,35.34,0.01,119,417696,中性盘
10:58:37,35.33,-0.01,143,505276,卖盘
10:58:40,35.33,0.0,118,419669,卖盘
10:58:43,35.32,-0.01,51,180216,卖盘
10:58:46,35.34,0.02,128,449597,买盘
10:58:49,35.34,0.0,1,3534,卖盘
10:58:52,35.34,0.0,111,392274,卖盘
10:58:55,35.35,0.01,22,77768,买盘
10:58:58,35.35,0.0,68,240349,买盘
10:59:01,35.34,-0.01,91,322569,卖盘
10:59:04,35.34,0.0,23,81281,买盘
10:59:10,35.34,0.0,62,218927,买盘
10:59:13,35.33,-0.01,47,166051,卖盘
10:59:16,35.34,0.01,21,76213,买盘
10:59:19,35.33,-0.01,7,24731,卖盘
10:59:23,35.33,0.0,44,155453,卖盘
10:59:25,35.33,0.0,46,161010,卖盘
10:59:28,35.33,0.0,5,17665,买盘
10:59:31,35.32,-0.01,12,40900,卖盘
10:59:34,35.32,0.0,62,219020,卖盘
10:59:37,35.32,0.0,85,300213,卖盘
10:59:40,35.32,0.0,3,10596,买盘
10:59:43,35.32,0.0,14,49446,买盘
10:59:46,35.31,-0.01,53,187249,卖盘
10:59:49,35.32,0.01,99,349659,买盘
10:59:52,35.31,-0.01,41,144782,卖盘
10:59:55,35.32,0.01,31,109494,卖盘
10:59:58,35.31,-0.01,61,215445,卖盘
11:00:01,35.34,0.03,54,190782,买盘
11:00:04,35.33,-0.01,42,148388,卖盘
11:00:07,35.34,0.01,4,14134,买盘
11:00:11,35.33,-0.01,9,31797,卖盘
11:00:13,35.33,0.0,95,335669,卖盘
11:00:16,35.3,-0.03,873,3082684,卖盘
11:00:19,35.3,0.0,48,168481,买盘
11:00:22,35.29,-0.01,103,365929,卖盘
11:00:25,35.3,0.01,12,42359,买盘
11:00:28,35.3,0.0,30,105900,买盘
11:00:31,35.29,-0.01,75,264706,卖盘
11:00:34,35.3,0.01,25,88734,买盘
11:00:37,35.3,0.0,66,232933,买盘
11:00:40,35.29,-0.01,347,1224906,卖盘
11:00:43,35.29,0.0,38,134129,卖盘
11:00:46,35.29,0.0,77,270595,卖盘
11:00:49,35.31,0.02,721,2544490,买盘
11:00:52,35.31,0.0,36,127084,买盘
11:00:55,35.31,0.0,74,261275,买盘
11:00:58,35.3,-0.01,64,225964,卖盘
11:01:01,35.31,0.01,44,155360,买盘
11:01:04,35.31,0.0,158,557912,卖盘
11:01:07,35.32,0.01,122,430769,买盘
11:01:10,35.32,0.0,47,166031,卖盘
11:01:13,35.34,0.02,179,632504,买盘
11:01:16,35.35,0.01,721,2548715,买盘
11:01:19,35.35,0.0,214,756490,买盘
11:01:22,35.37,0.02,162,572076,买盘
11:01:25,35.35,-0.02,90,318209,卖盘
11:01:28,35.36,0.01,4,14144,买盘
11:01:31,35.36,0.0,22,77779,买盘
11:01:34,35.36,0.0,28,98984,买盘
11:01:37,35.35,-0.01,49,173242,卖盘
11:01:40,35.36,0.01,6,21221,卖盘
11:01:43,35.35,-0.01,29,102519,卖盘
11:01:46,35.36,0.01,23,81324,买盘
11:01:47,35.35,-0.01,86,304126,卖盘
11:01:53,35.35,0.0,63,222725,卖盘
11:01:55,35.35,0.0,31,109594,卖盘
11:01:58,35.36,0.01,52,183872,买盘
11:02:01,35.36,0.0,69,244035,买盘
11:02:04,35.38,0.02,48,169824,买盘
11:02:07,35.38,0.0,26,91988,买盘
11:02:10,35.38,0.0,58,205204,卖盘
11:02:13,35.39,0.01,12,42462,买盘
11:02:16,35.4,0.01,197,697182,买盘
11:02:19,35.39,-0.01,1,3539,卖盘
11:02:22,35.39,0.0,55,194648,卖盘
11:02:25,35.39,0.0,4,14156,买盘
11:02:28,35.39,0.0,16,56624,买盘
11:02:31,35.39,0.0,5,17694,买盘
11:02:34,35.39,0.0,36,127392,买盘
11:02:37,35.39,0.0,20,70780,买盘
11:02:40,35.39,0.0,67,237081,买盘
11:02:43,35.38,-0.01,10,35382,卖盘
11:02:46,35.38,0.0,8,28309,卖盘
11:02:49,35.4,0.02,80,285040,买盘
11:02:52,35.39,-0.01,37,130943,卖盘
11:02:55,35.4,0.01,144,509751,买盘
11:03:01,35.39,-0.01,42,148663,卖盘
11:03:04,35.39,0.0,15,53098,卖盘
11:03:07,35.4,0.01,96,338769,买盘
11:03:10,35.4,0.0,15,53100,卖盘
11:03:13,35.4,0.0,16,56650,卖盘
11:03:16,35.4,0.0,32,113300,卖盘
11:03:19,35.4,0.0,63,223022,卖盘
11:03:22,35.4,0.0,85,300869,卖盘
11:03:25,35.39,-0.01,58,205288,卖盘
11:03:28,35.4,0.01,11,38933,买盘
11:03:31,35.41,0.01,286,1012674,买盘
11:03:34,35.41,0.0,79,279740,卖盘
11:03:37,35.41,0.0,93,329323,卖盘
11:03:40,35.41,0.0,11,38951,卖盘
11:03:43,35.41,0.0,39,138102,卖盘
11:03:46,35.4,-0.01,115,406753,卖盘
11:03:49,35.41,0.01,96,339999,中性盘
11:03:52,35.4,-0.01,63,223023,卖盘
11:03:55,35.42,0.02,56,198305,买盘
11:03:58,35.41,-0.01,2,7083,中性盘
11:04:01,35.42,0.01,52,184127,买盘
11:04:04,35.41,-0.01,12,42488,卖盘
11:04:07,35.4,-0.01,22,77892,卖盘
11:04:13,35.41,0.01,76,269055,买盘
11:04:16,35.41,0.0,7,24790,卖盘
11:04:19,35.41,0.0,52,184132,卖盘
11:04:22,35.41,0.0,81,286821,卖盘
11:04:25,35.4,-0.01,72,256783,卖盘
11:04:28,35.39,-0.01,49,173445,卖盘
11:04:31,35.4,0.01,725,2565966,买盘
11:04:34,35.4,0.0,71,251341,卖盘
11:04:37,35.4,0.0,5,17700,卖盘
11:04:40,35.4,0.0,146,516840,卖盘
11:04:43,35.4,0.0,7,24780,买盘
11:04:46,35.4,0.0,349,1232771,买盘
11:04:49,35.4,0.0,82,290268,买盘
11:04:52,35.39,-0.01,35,123834,买盘
11:04:55,35.38,-0.01,174,616037,卖盘
11:04:58,35.38,0.0,7,24766,买盘
11:05:01,35.39,0.01,132,466654,买盘
11:05:04,35.4,0.01,23,81410,买盘
11:05:07,35.39,-0.01,18,63702,卖盘
11:05:10,35.39,0.0,89,314971,卖盘
11:05:13,35.38,-0.01,17,60158,买盘
11:05:16,35.38,0.0,139,491782,买盘
11:05:19,35.37,-0.01,18,63676,卖盘
11:05:22,35.38,0.01,68,240543,买盘
11:05:25,35.37,-0.01,59,208683,卖盘
11:05:28,35.35,-0.02,153,540979,卖盘
11:05:31,35.36,0.01,47,166188,买盘
11:05:34,35.35,-0.01,108,381791,卖盘
11:05:37,35.35,0.0,136,480655,卖盘
11:05:40,35.35,0.0,128,452045,买盘
11:05:43,35.32,-0.03,21,74229,卖盘
11:05:46,35.32,0.0,64,226009,卖盘
11:05:49,35.35,0.03,92,325036,买盘
11:05:52,35.35,0.0,50,176632,卖盘
11:05:55,35.32,-0.03,25,88312,卖盘
11:05:58,35.34,0.02,5,17673,卖盘
11:06:01,35.35,0.01,33,116638,买盘
11:06:04,35.34,-0.01,40,141360,卖盘
11:06:07,35.34,0.0,9,31808,卖盘
11:06:10,35.34,0.0,10,35340,卖盘
11:06:13,35.34,0.0,12,42621,卖盘
11:06:16,35.34,0.0,82,289581,卖盘
11:06:19,35.34,0.0,3,10600,买盘
11:06:22,35.34,0.0,40,141572,买盘
11:06:25,35.33,-0.01,184,650237,中性盘
11:06:28,35.34,0.01,67,236778,买盘
11:06:31,35.33,-0.01,6,21201,卖盘
11:06:34,35.34,0.01,129,456098,买盘
11:06:37,35.34,0.0,5,17670,卖盘
11:06:40,35.35,0.01,39,137861,买盘
11:06:43,35.35,0.0,560,1979090,买盘
11:06:46,35.35,0.0,52,183798,买盘
11:06:49,35.35,0.0,74,261590,买盘
11:06:52,35.35,0.0,43,152014,卖盘
11:06:55,35.36,0.01,107,378260,买盘
11:06:58,35.36,0.0,37,130824,买盘
11:07:01,35.36,0.0,14,49500,买盘
11:07:04,35.36,0.0,61,215694,买盘
11:07:07,35.36,0.0,21,74264,卖盘
11:07:10,35.36,0.0,71,251065,卖盘
11:07:13,35.36,0.0,2,7072,卖盘
11:07:16,35.36,0.0,17,60121,卖盘
11:07:19,35.37,0.01,17,60121,买盘
11:07:23,35.36,-0.01,87,307682,卖盘
11:07:25,35.37,0.01,42,148554,买盘
11:07:28,35.38,0.01,11,38918,买盘
11:07:31,35.37,-0.01,28,99036,卖盘
11:07:34,35.38,0.01,17,60146,买盘
11:07:37,35.38,0.0,525,1856863,买盘
11:07:40,35.38,0.0,4,14152,买盘
11:07:43,35.38,0.0,89,314872,卖盘
11:07:46,35.38,0.0,29,102596,买盘
11:07:49,35.39,0.01,86,304283,买盘
11:07:52,35.38,-0.01,61,215787,中性盘
11:07:55,35.36,-0.02,39,137927,卖盘
11:07:58,35.38,0.02,1,3538,卖盘
11:08:01,35.39,0.01,33,116766,买盘
11:08:04,35.38,-0.01,59,208772,卖盘
11:08:07,35.39,0.01,63,224271,买盘
11:08:13,35.38,-0.01,16,57042,卖盘
11:08:16,35.38,0.0,137,482866,卖盘
11:08:19,35.38,0.0,7,24766,买盘
11:08:22,35.38,0.0,45,159148,买盘
11:08:25,35.38,0.0,52,185078,买盘
11:08:28,35.38,0.0,114,403274,买盘
11:08:31,35.38,0.0,58,203429,买盘
11:08:34,35.39,0.01,6,21233,买盘
11:08:37,35.39,0.0,25,88459,买盘
11:08:40,35.38,-0.01,68,242353,卖盘
11:08:46,35.38,0.0,26,91988,买盘
11:08:49,35.37,-0.01,110,389169,卖盘
11:08:52,35.36,-0.01,151,532359,卖盘
11:08:55,35.38,0.02,14,49541,中性盘
11:08:58,35.38,0.0,9,31842,卖盘
11:09:01,35.38,0.0,20,70760,卖盘
11:09:04,35.38,0.0,26,91966,买盘
11:09:07,35.37,-0.01,5,17685,中性盘
11:09:10,35.37,0.0,29,102561,买盘
11:09:13,35.36,-0.01,8,30096,卖盘
11:09:16,35.37,0.01,3,10611,中性盘
11:09:19,35.36,-0.01,12,42432,卖盘
11:09:22,35.36,0.0,51,180345,卖盘
11:09:25,35.37,0.01,1,3537,买盘
11:09:28,35.37,0.0,15,53055,买盘
11:09:31,35.37,0.0,85,300659,卖盘
11:09:34,35.36,-0.01,28,99017,卖盘
11:09:37,35.36,0.0,1,3536,卖盘
11:09:43,35.36,0.0,75,265731,卖盘
11:09:46,35.37,0.01,20,70734,买盘
11:09:49,35.36,-0.01,106,374896,卖盘
11:09:52,35.36,0.0,72,255109,卖盘
11:09:54,35.37,0.01,14,49516,买盘
11:09:58,35.37,0.0,10,35370,买盘
11:10:01,35.37,0.0,34,120258,买盘
11:10:04,35.36,-0.01,68,240474,卖盘
11:10:07,35.37,0.01,57,201561,买盘
11:10:10,35.36,-0.01,144,508128,卖盘
11:10:13,35.35,-0.01,15,52927,卖盘
11:10:16,35.36,0.01,267,944073,买盘
11:10:19,35.36,0.0,61,215688,买盘
11:10:22,35.35,-0.01,49,173221,卖盘
11:10:25,35.35,0.0,106,374784,卖盘
11:10:28,35.36,0.01,9,31824,买盘
11:10:31,35.36,0.0,39,137901,买盘
11:10:34,35.35,-0.01,37,130804,卖盘
11:10:37,35.35,0.0,350,1237269,卖盘
11:10:40,35.35,0.0,30,106070,卖盘
11:10:43,35.35,0.0,111,392400,卖盘
11:10:46,35.35,0.0,160,565610,卖盘
11:10:49,35.35,0.0,125,441964,卖盘
11:10:52,35.36,0.01,47,167462,买盘
11:10:55,35.36,0.0,139,491270,买盘
11:10:58,35.35,-0.01,45,159053,卖盘
11:11:01,35.35,0.0,30,106051,卖盘
11:11:04,35.35,0.0,19,67162,买盘
11:11:07,35.35,0.0,9,31815,买盘
11:11:10,35.34,-0.01,20,70675,中性盘
11:11:13,35.34,0.0,47,166098,买盘
11:11:16,35.34,0.0,9,31169,卖盘
11:11:19,35.34,0.0,26,91897,卖盘
11:11:22,35.34,0.0,47,166097,卖盘
11:11:25,35.33,-0.01,11,37452,卖盘
11:11:28,35.34,0.01,14,49475,买盘
11:11:31,35.34,0.0,32,113076,买盘
11:11:34,35.34,0.0,13,46179,买盘
11:11:37,35.33,-0.01,175,618998,卖盘
11:11:40,35.32,-0.01,2,7064,卖盘
11:11:43,35.32,0.0,9,31789,卖盘
11:11:47,35.32,0.0,53,187196,卖盘
11:11:49,35.33,0.01,80,282640,买盘
11:11:52,35.32,-0.01,67,235161,卖盘
11:11:55,35.32,0.0,136,480352,卖盘
11:11:58,35.33,0.01,8,28264,买盘
11:12:01,35.33,0.0,50,177877,买盘
11:12:04,35.32,-0.01,27,95383,卖盘
11:12:07,35.33,0.01,31,109495,买盘
11:12:10,35.33,0.0,300,1061800,买盘
11:12:13,35.34,0.01,110,388735,买盘
11:12:17,35.34,0.0,248,876337,买盘
11:12:19,35.34,0.0,25,87659,卖盘
11:12:22,35.34,0.0,47,166053,卖盘
11:12:25,35.34,0.0,31,109551,买盘
11:12:28,35.33,-0.01,114,402829,卖盘
11:12:31,35.33,0.0,71,250909,卖盘
11:12:34,35.34,0.01,38,134292,买盘
11:12:37,35.35,0.01,118,417057,买盘
11:12:40,35.35,0.0,47,166116,买盘
11:12:43,35.35,0.0,17,60095,买盘
11:12:46,35.35,0.0,40,141393,买盘
11:12:49,35.35,0.0,33,116627,买盘
11:12:52,35.35,0.0,101,357045,买盘
11:12:55,35.35,0.0,172,608019,买盘
11:12:58,35.35,0.0,166,586649,卖盘
11:13:01,35.35,0.0,7,24742,买盘
11:13:03,35.35,0.0,44,155539,买盘
11:13:10,35.34,-0.01,64,226177,卖盘
11:13:13,35.33,-0.01,6,21202,卖盘
11:13:16,35.33,0.0,29,102457,卖盘
11:13:19,35.34,0.01,21,74214,买盘
11:13:22,35.33,-0.01,63,221663,卖盘
11:13:25,35.34,0.01,12,42399,买盘
11:13:28,35.33,-0.01,34,120091,卖盘
11:13:31,35.32,-0.01,128,453178,卖盘
11:13:34,35.33,0.01,50,176622,买盘
11:13:37,35.32,-0.01,88,311312,卖盘
11:13:40,35.33,0.01,5,17663,买盘
11:13:43,35.33,0.0,24,82979,买盘
11:13:46,35.32,-0.01,11,38852,卖盘
11:13:49,35.32,0.0,2,7065,卖盘
11:13:52,35.33,0.01,122,430995,买盘
11:13:55,35.32,-0.01,11,38853,卖盘
11:13:58,35.33,0.01,5,17665,买盘
11:14:01,35.33,0.0,61,215476,买盘
11:14:04,35.33,0.0,18,63594,买盘
11:14:07,35.32,-0.01,11,39665,卖盘
11:14:10,35.32,0.0,8,28261,卖盘
11:14:17,35.32,0.0,10,36170,卖盘
11:14:19,35.32,0.0,32,113041,卖盘
11:14:22,35.32,0.0,109,384988,卖盘
11:14:25,35.34,0.02,431,1519516,买盘
11:14:28,35.32,-0.02,28,98899,卖盘
11:14:31,35.34,0.02,51,180165,买盘
11:14:34,35.32,-0.02,10,35330,卖盘
11:14:37,35.33,0.01,61,215481,买盘
11:14:40,35.32,-0.01,13,45917,卖盘
11:14:43,35.33,0.01,17,60055,买盘
11:14:46,35.33,0.0,103,363816,买盘
11:14:49,35.33,0.0,32,113046,买盘
11:14:52,35.32,-0.01,124,438054,卖盘
11:14:55,35.33,0.01,38,134254,买盘
11:14:58,35.33,0.0,2,7066,卖盘
11:15:01,35.33,0.0,50,176650,卖盘
11:15:04,35.33,0.0,106,374504,卖盘
11:15:07,35.34,0.01,16,56544,买盘
11:15:10,35.33,-0.01,4,14133,卖盘
11:15:13,35.33,0.0,10,38193,卖盘
11:15:16,35.33,0.0,6,21199,卖盘
11:15:19,35.34,0.01,1,3534,买盘
11:15:22,35.33,-0.01,260,918615,卖盘
11:15:25,35.33,0.0,8,28264,卖盘
11:15:28,35.34,0.01,15,53010,买盘
11:15:32,35.33,-0.01,16,56535,卖盘
11:15:34,35.33,0.0,87,307441,卖盘
11:15:37,35.34,0.01,32,113088,买盘
11:15:40,35.34,0.0,151,533489,买盘
11:15:43,35.33,-0.01,5,17669,卖盘
11:15:47,35.33,0.0,80,282705,卖盘
11:15:49,35.33,0.0,103,363899,卖盘
11:15:52,35.33,0.0,113,399310,卖盘
11:15:55,35.33,0.0,9,31804,卖盘
11:15:58,35.34,0.01,17,60070,买盘
11:16:01,35.34,0.0,38,134287,买盘
11:16:04,35.34,0.0,1,3534,卖盘
11:16:07,35.33,-0.01,88,310939,卖盘
11:16:13,35.33,0.0,1,3533,卖盘
11:16:16,35.33,0.0,3,10599,卖盘
11:16:19,35.34,0.01,11,38865,买盘
11:16:22,35.34,0.0,54,190784,买盘
11:16:25,35.33,-0.01,5,17665,卖盘
11:16:28,35.34,0.01,65,229670,买盘
11:16:31,35.33,-0.01,20,70665,卖盘
11:16:34,35.34,0.01,456,1609012,买盘
11:16:37,35.34,0.0,81,286226,买盘
11:16:40,35.34,0.0,43,151938,买盘
11:16:43,35.34,0.0,71,252716,买盘
11:16:47,35.32,-0.02,34,120115,卖盘
11:16:49,35.33,0.01,13,45929,中性盘
11:16:52,35.34,0.01,206,727306,买盘
11:16:55,35.34,0.0,5,17670,卖盘
11:16:58,35.34,0.0,25,88350,卖盘
11:17:02,35.34,0.0,51,180238,卖盘
11:17:04,35.34,0.0,8,28272,卖盘
11:17:07,35.35,0.01,46,162588,买盘
11:17:10,35.34,-0.01,20,70680,卖盘
11:17:13,35.34,0.0,5,17670,买盘
11:17:16,35.33,-0.01,13,45684,卖盘
11:17:19,35.33,0.0,163,575892,卖盘
11:17:22,35.34,0.01,80,282680,买盘
11:17:25,35.33,-0.01,24,85818,卖盘
11:17:28,35.34,0.01,6,21201,买盘
11:17:31,35.33,-0.01,69,244080,卖盘
11:17:34,35.35,0.02,153,540704,买盘
11:17:37,35.34,-0.01,12,42408,卖盘
11:17:43,35.35,0.01,3,10605,买盘
11:17:46,35.34,-0.01,37,130758,卖盘
11:17:49,35.34,0.0,132,466511,卖盘
11:17:52,35.34,0.0,161,569054,卖盘
11:17:55,35.35,0.01,126,444455,买盘
11:17:58,35.35,0.0,19,67625,卖盘
11:18:01,35.36,0.01,15,53037,买盘
11:18:04,35.36,0.0,2,7071,买盘
11:18:07,35.35,-0.01,121,427751,卖盘
11:18:10,35.36,0.01,11,38887,买盘
11:18:13,35.36,0.0,2,7071,买盘
11:18:16,35.36,0.0,4,14141,买盘
11:18:19,35.35,-0.01,49,173928,卖盘
11:18:22,35.35,0.0,39,137866,卖盘
11:18:25,35.35,0.0,210,739488,卖盘
11:18:28,35.35,0.0,4,14141,卖盘
11:18:31,35.35,0.0,53,187396,卖盘
11:18:34,35.35,0.0,224,792537,卖盘
11:18:37,35.35,0.0,5,17675,卖盘
11:18:40,35.36,0.01,5,17676,买盘
11:18:43,35.36,0.0,27,95460,买盘
11:18:46,35.37,0.01,118,417212,买盘
11:18:49,35.36,-0.01,72,254592,卖盘
11:18:52,35.36,0.0,39,137895,卖盘
11:18:55,35.37,0.01,220,778136,买盘
11:18:58,35.37,0.0,31,109647,卖盘
11:19:01,35.37,0.0,15,53055,卖盘
11:19:04,35.37,0.0,10,35370,卖盘
11:19:07,35.38,0.01,63,222866,买盘
11:19:10,35.37,-0.01,10,35370,卖盘
11:19:13,35.37,0.0,34,122568,卖盘
11:19:17,35.38,0.01,26,91967,买盘
11:19:19,35.38,0.0,3,10614,买盘
11:19:22,35.37,-0.01,79,279423,卖盘
11:19:25,35.37,0.0,13,45986,卖盘
11:19:28,35.37,0.0,7,21859,卖盘
11:19:32,35.37,0.0,3,10611,卖盘
11:19:34,35.38,0.01,4,14150,买盘
11:19:37,35.37,-0.01,14,51004,卖盘
11:19:40,35.38,0.01,23,81368,买盘
11:19:43,35.37,-0.01,66,233461,卖盘
11:19:47,35.4,0.03,406,1437022,买盘
11:19:49,35.39,-0.01,53,187567,卖盘
11:19:52,35.39,0.0,129,456531,卖盘
11:19:55,35.4,0.01,6,21240,买盘
11:19:58,35.39,-0.01,8,28312,卖盘
11:20:01,35.4,0.01,107,378674,买盘
11:20:04,35.4,0.0,11,38939,买盘
11:20:07,35.39,-0.01,680,2405370,卖盘
11:20:10,35.4,0.01,41,145140,卖盘
11:20:13,35.4,0.0,66,233640,卖盘
11:20:16,35.4,0.0,180,637197,卖盘
11:20:19,35.39,-0.01,106,375174,卖盘
11:20:22,35.39,0.0,137,484843,卖盘
11:20:25,35.38,-0.01,109,385642,卖盘
11:20:28,35.38,0.0,66,233559,卖盘
11:20:31,35.39,0.01,172,610672,买盘
11:20:34,35.36,-0.03,142,502115,卖盘
11:20:37,35.38,0.02,142,502527,买盘
11:20:40,35.36,-0.02,7,21963,卖盘
11:20:43,35.36,0.0,44,155656,卖盘
11:20:47,35.36,0.0,62,219263,卖盘
11:20:49,35.37,0.01,34,120258,买盘
11:20:52,35.37,0.0,263,930381,买盘
11:20:55,35.37,0.0,76,268812,卖盘
11:20:58,35.37,0.0,53,187421,买盘
11:21:02,35.37,0.0,42,148549,买盘
11:21:04,35.36,-0.01,13,48408,卖盘
11:21:07,35.37,0.01,37,130849,买盘
11:21:10,35.36,-0.01,139,491536,卖盘
11:21:13,35.36,0.0,24,84879,卖盘
11:21:16,35.37,0.01,119,420889,买盘
11:21:19,35.37,0.0,36,127316,买盘
11:21:22,35.37,0.0,58,205094,买盘
11:21:25,35.37,0.0,25,88425,卖盘
11:21:28,35.37,0.0,23,81350,中性盘
11:21:32,35.38,0.01,95,336089,买盘
11:21:34,35.38,0.0,88,311343,买盘
11:21:37,35.39,0.01,271,958914,买盘
11:21:40,35.39,0.0,50,176949,买盘
11:21:43,35.39,0.0,220,778380,买盘
11:21:46,35.39,0.0,84,297272,买盘
11:21:49,35.39,0.0,134,474134,买盘
11:21:52,35.39,0.0,138,488351,买盘
11:21:55,35.39,0.0,11,38929,买盘
11:22:02,35.38,-0.01,203,718340,卖盘
11:22:04,35.37,-0.01,78,275957,卖盘
11:22:07,35.4,0.03,46,162806,买盘
11:22:10,35.38,-0.02,6,21230,卖盘
11:22:13,35.37,-0.01,29,102573,卖盘
11:22:17,35.38,0.01,19,67218,买盘
11:22:19,35.38,0.0,41,145030,买盘
11:22:23,35.38,0.0,49,173314,买盘
11:22:25,35.38,0.0,18,63674,买盘
11:22:28,35.38,0.0,2,7076,买盘
11:22:31,35.37,-0.01,33,116723,卖盘
11:22:34,35.38,0.01,75,265276,买盘
11:22:37,35.38,0.0,375,1326376,买盘
11:22:40,35.36,-0.02,116,410184,卖盘
11:22:43,35.36,0.0,58,205094,卖盘
11:22:46,35.35,-0.01,12,40054,买盘
11:22:49,35.35,0.0,155,550648,卖盘
11:22:52,35.33,-0.02,237,837207,卖盘
11:22:55,35.33,0.0,22,76539,卖盘
11:22:58,35.33,0.0,89,314456,卖盘
11:23:02,35.34,0.01,71,250914,买盘
11:23:04,35.34,0.0,175,618514,卖盘
11:23:07,35.34,0.0,71,250930,卖盘
11:23:10,35.34,0.0,30,106022,卖盘
11:23:13,35.34,0.0,66,233269,卖盘
11:23:17,35.34,0.0,47,166132,卖盘
11:23:19,35.34,0.0,118,416944,卖盘
11:23:22,35.34,0.0,32,113057,买盘
11:23:25,35.32,-0.02,41,143685,卖盘
11:23:28,35.33,0.01,69,243732,中性盘
11:23:32,35.32,-0.01,12,42395,卖盘
11:23:34,35.33,0.01,205,724065,买盘
11:23:37,35.33,0.0,38,134223,买盘
11:23:40,35.33,0.0,116,411888,买盘
11:23:43,35.32,-0.01,29,102428,卖盘
11:23:47,35.32,0.0,25,85969,卖盘
11:23:49,35.32,0.0,110,388579,卖盘
11:23:52,35.32,0.0,237,837183,卖盘
11:23:55,35.33,0.01,50,176603,买盘
11:23:58,35.33,0.0,1,3533,中性盘
11:24:02,35.33,0.0,22,77720,买盘
11:24:04,35.32,-0.01,253,893548,卖盘
11:24:07,35.33,0.01,18,63592,买盘
11:24:10,35.33,0.0,2,7066,买盘
11:24:13,35.33,0.0,38,134246,买盘
11:24:16,35.33,0.0,92,325038,买盘
11:24:19,35.33,0.0,15,52995,买盘
11:24:22,35.32,-0.01,58,204881,卖盘
11:24:25,35.33,0.01,3,10599,卖盘
11:24:28,35.33,0.0,11,38863,卖盘
11:24:32,35.34,0.01,315,1113206,买盘
11:24:34,35.34,0.0,25,88336,买盘
11:24:37,35.35,0.01,28,98969,买盘
11:24:40,35.34,-0.01,107,378224,卖盘
11:24:43,35.36,0.02,4,14142,买盘
11:24:46,35.34,-0.02,14,49482,卖盘
11:24:49,35.35,0.01,13,45956,卖盘
11:24:52,35.36,0.01,122,431323,买盘
11:24:55,35.36,0.0,11,38887,买盘
11:24:58,35.35,-0.01,35,123757,卖盘
11:25:01,35.35,0.0,242,855695,买盘
11:25:04,35.34,-0.01,28,101380,卖盘
11:25:07,35.35,0.01,29,102516,卖盘
11:25:10,35.36,0.01,24,84853,买盘
11:25:13,35.35,-0.01,6,21210,卖盘
11:25:17,35.35,0.0,3,10605,卖盘
11:25:19,35.35,0.0,46,162579,卖盘
11:25:22,35.34,-0.01,41,144902,卖盘
11:25:25,35.35,0.01,2,7070,买盘
11:25:28,35.35,0.0,45,159035,买盘
11:25:32,35.35,0.0,22,77767,买盘
11:25:34,35.35,0.0,73,258046,买盘
11:25:37,35.35,0.0,108,381762,买盘
11:25:40,35.34,-0.01,38,134301,卖盘
11:25:43,35.35,0.01,34,120187,买盘
11:25:47,35.35,0.0,88,311068,买盘
11:25:49,35.35,0.0,15,53025,卖盘
11:25:52,35.36,0.01,147,519659,买盘
11:25:55,35.34,-0.02,10,35342,中性盘
11:25:58,35.34,0.0,49,173256,中性盘
11:26:02,35.35,0.01,17,60089,买盘
11:26:04,35.35,0.0,13,45945,买盘
11:26:07,35.34,-0.01,47,166133,卖盘
11:26:10,35.36,0.02,46,162635,买盘
11:26:13,35.35,-0.01,24,84832,卖盘
11:26:17,35.34,-0.01,52,183769,卖盘
11:26:19,35.34,0.0,54,190843,卖盘
11:26:24,35.35,0.01,95,335742,买盘
11:26:26,35.35,0.0,113,400292,买盘
11:26:28,35.34,-0.01,168,593742,卖盘
11:26:33,35.35,0.01,4,14140,卖盘
11:26:34,35.35,0.0,37,130795,卖盘
11:26:37,35.34,-0.01,59,208518,卖盘
11:26:40,35.35,0.01,13,45955,买盘
11:26:43,35.34,-0.01,8,28272,卖盘
11:26:47,35.35,0.01,40,141389,买盘
11:26:49,35.35,0.0,18,63629,买盘
11:26:52,35.34,-0.01,62,217731,卖盘
11:26:55,35.34,0.0,266,940619,卖盘
11:26:58,35.34,0.0,60,213064,买盘
11:27:02,35.34,0.0,31,109550,买盘
11:27:04,35.34,0.0,3,10602,买盘
11:27:07,35.33,-0.01,34,120138,卖盘
11:27:10,35.34,0.01,77,272081,买盘
11:27:13,35.34,0.0,1,3534,买盘
11:27:17,35.33,-0.01,61,215558,卖盘
11:27:19,35.33,0.0,235,830302,卖盘
11:27:22,35.33,0.0,212,747990,卖盘
11:27:25,35.32,-0.01,172,607535,卖盘
11:27:28,35.33,0.01,285,1006539,买盘
11:27:32,35.32,-0.01,33,116530,买盘
11:27:34,35.32,0.0,474,1673742,买盘
11:27:37,35.31,-0.01,276,974692,卖盘
11:27:40,35.3,-0.01,71,250681,卖盘
11:27:43,35.3,0.0,94,331872,卖盘
11:27:47,35.31,0.01,76,268325,买盘
11:27:49,35.31,0.0,97,342428,买盘
11:27:52,35.3,-0.01,186,656593,卖盘
11:27:55,35.3,0.0,142,501342,卖盘
11:27:58,35.3,0.0,48,169442,卖盘
11:28:02,35.31,0.01,255,900358,买盘
11:28:04,35.31,0.0,706,2492250,卖盘
11:28:07,35.31,0.0,9,31779,买盘
11:28:10,35.31,0.0,80,282510,卖盘
11:28:13,35.31,0.0,102,360162,卖盘
11:28:17,35.31,0.0,79,278945,买盘
11:28:19,35.3,-0.01,333,1175753,卖盘
11:28:22,35.31,0.01,37,130616,中性盘
11:28:25,35.31,0.0,132,466180,卖盘
11:28:28,35.32,0.01,49,173051,买盘
11:28:32,35.3,-0.02,67,236519,卖盘
11:28:37,35.32,0.02,31,109483,买盘
11:28:40,35.32,0.0,127,448529,买盘
11:28:43,35.32,0.0,5,17656,买盘
11:28:47,35.31,-0.01,37,130670,卖盘
11:28:49,35.32,0.01,5,17660,买盘
11:28:52,35.31,-0.01,31,109461,卖盘
11:28:55,35.32,0.01,61,215452,买盘
11:28:58,35.32,0.0,251,886767,卖盘
11:29:02,35.32,0.0,15,52980,卖盘
11:29:04,35.32,0.0,56,198406,卖盘
11:29:07,35.32,0.0,14,49448,卖盘
11:29:10,35.33,0.01,113,399209,买盘
11:29:12,35.32,-0.01,43,151927,卖盘
11:29:17,35.33,0.01,3,10599,中性盘
11:29:19,35.32,-0.01,8,28256,卖盘
11:29:22,35.32,0.0,50,176614,卖盘
11:29:25,35.33,0.01,1,3533,卖盘
11:29:28,35.33,0.0,61,215528,卖盘
11:29:32,35.32,-0.01,63,222586,卖盘
11:29:34,35.32,0.0,2,7064,卖盘
11:29:37,35.32,0.0,83,293192,卖盘
11:29:40,35.32,0.0,37,130684,卖盘
11:29:43,35.33,0.01,8,28267,卖盘
11:29:47,35.33,0.0,8,28265,卖盘
11:29:49,35.33,0.0,89,314395,卖盘
11:29:52,35.33,0.0,58,204871,买盘
11:29:55,35.32,-0.01,147,519487,卖盘
11:29:58,35.34,0.02,51,180144,中性盘
11:30:02,35.35,0.01,1,3535,买盘
13:00:01,35.37,0.02,1232,4357682,买盘
13:00:04,35.35,-0.02,2240,7921983,卖盘
13:00:07,35.35,0.0,73,256389,卖盘
13:00:10,35.37,0.02,127,448951,买盘
13:00:13,35.35,-0.02,433,1530743,卖盘
13:00:17,35.38,0.03,787,2782129,中性盘
13:00:20,35.4,0.02,440,1555709,买盘
13:00:22,35.37,-0.03,623,2201831,卖盘
13:00:26,35.35,-0.02,930,3288320,卖盘
13:00:28,35.37,0.02,472,1671353,卖盘
13:00:31,35.37,0.0,473,1673592,卖盘
13:00:34,35.39,0.02,33,118097,买盘
13:00:37,35.38,-0.01,55,194669,卖盘
13:00:40,35.39,0.01,681,2410726,中性盘
13:00:43,35.37,-0.02,357,1260068,卖盘
13:00:46,35.39,0.02,33,116815,中性盘
13:00:49,35.39,0.0,28,99081,买盘
13:00:53,35.39,0.0,568,2011957,买盘
13:00:55,35.4,0.01,392,1386643,买盘
13:00:58,35.38,-0.02,264,933782,卖盘
13:01:01,35.39,0.01,119,419447,中性盘
13:01:04,35.37,-0.02,448,1586761,卖盘
13:01:07,35.37,0.0,138,488050,买盘
13:01:10,35.37,0.0,111,392545,买盘
13:01:13,35.37,0.0,193,682631,买盘
13:01:17,35.35,-0.02,617,2180096,卖盘
13:01:20,35.37,0.02,63,222825,中性盘
13:01:23,35.37,0.0,98,346566,卖盘
13:01:25,35.36,-0.01,213,753289,卖盘
13:01:28,35.36,0.0,101,357158,卖盘
13:01:32,35.36,0.0,217,767428,卖盘
13:01:35,35.37,0.01,45,159170,中性盘
13:01:37,35.38,0.01,36,127315,买盘
13:01:40,35.37,-0.01,93,328947,卖盘
13:01:44,35.37,0.0,35,123816,卖盘
13:01:46,35.38,0.01,132,467133,买盘
13:01:50,35.39,0.01,11,38925,买盘
13:01:53,35.38,-0.01,42,148609,卖盘
13:01:55,35.4,0.02,154,545146,买盘
13:01:58,35.4,0.0,91,322168,卖盘
13:02:02,35.4,0.0,139,492099,卖盘
13:02:04,35.4,0.0,40,141617,卖盘
13:02:07,35.4,0.0,60,212440,卖盘
13:02:11,35.41,0.01,159,562986,买盘
13:02:13,35.41,0.0,33,116842,买盘
13:02:17,35.41,0.0,99,350559,买盘
13:02:20,35.41,0.0,153,541762,买盘
13:02:23,35.42,0.01,7,24794,买盘
13:02:25,35.4,-0.02,330,1168335,卖盘
13:02:28,35.41,0.01,112,396490,买盘
13:02:32,35.39,-0.02,169,598262,卖盘
13:02:34,35.39,0.0,222,785460,买盘
13:02:38,35.37,-0.02,239,845613,卖盘
13:02:41,35.38,0.01,154,544823,中性盘
13:02:43,35.38,0.0,104,368028,卖盘
13:02:47,35.38,0.0,106,375035,卖盘
13:02:50,35.39,0.01,19,67235,买盘
13:02:53,35.39,0.0,100,353821,买盘
13:02:55,35.4,0.01,59,208846,买盘
13:02:58,35.4,0.0,28,99124,卖盘
13:03:01,35.4,0.0,292,1033690,卖盘
13:03:04,35.41,0.01,6,21242,买盘
13:03:07,35.4,-0.01,9,31865,卖盘
13:03:11,35.4,0.0,6,21243,卖盘
13:03:13,35.41,0.01,45,159323,买盘
13:03:17,35.4,-0.01,124,439054,卖盘
13:03:19,35.41,0.01,758,2684072,买盘
13:03:22,35.41,0.0,801,2835463,买盘
13:03:26,35.41,0.0,88,311609,卖盘
13:03:28,35.41,0.0,226,800266,卖盘
13:03:31,35.41,0.0,93,330703,买盘
13:03:35,35.4,-0.01,25,88492,买盘
13:03:38,35.4,0.0,31,109740,买盘
13:03:41,35.37,-0.03,925,3272365,卖盘
13:03:43,35.4,0.03,92,325682,买盘
13:03:47,35.37,-0.03,73,258399,卖盘
13:03:49,35.4,0.03,20,70800,买盘
13:03:53,35.36,-0.04,257,909070,卖盘
13:03:55,35.4,0.04,105,371625,买盘
13:03:59,35.4,0.0,42,148596,卖盘
13:04:02,35.37,-0.03,54,191014,卖盘
13:04:04,35.39,0.02,9,31859,中性盘
13:04:07,35.4,0.01,12,42471,买盘
13:04:10,35.4,0.0,9,31852,买盘
13:04:13,35.4,0.0,61,215077,买盘
13:04:17,35.39,-0.01,9,31857,卖盘
13:04:20,35.4,0.01,104,368149,买盘
13:04:22,35.4,0.0,60,212364,买盘
13:04:25,35.39,-0.01,83,293743,卖盘
13:04:28,35.39,0.0,43,152198,卖盘
13:04:32,35.4,0.01,167,591062,买盘
13:04:34,35.4,0.0,97,343431,卖盘
13:04:38,35.4,0.0,52,184097,卖盘
13:04:40,35.4,0.0,13,46020,卖盘
13:04:43,35.4,0.0,948,3356707,卖盘
13:04:47,35.4,0.0,32,113940,卖盘
13:04:49,35.41,0.01,49,173473,买盘
13:04:52,35.4,-0.01,15,53105,卖盘
13:04:55,35.41,0.01,81,286821,买盘
13:04:58,35.41,0.0,8,28328,卖盘
13:05:02,35.4,-0.01,147,520461,卖盘
13:05:05,35.41,0.01,97,343469,买盘
13:05:07,35.41,0.0,140,495745,卖盘
13:05:10,35.41,0.0,2,7083,卖盘
13:05:13,35.41,0.0,11,38951,卖盘
13:05:17,35.41,0.0,901,3190062,卖盘
13:05:19,35.42,0.01,409,1448469,买盘
13:05:22,35.43,0.01,101,357783,买盘
13:05:25,35.42,-0.01,55,194836,卖盘
13:05:28,35.43,0.01,50,177108,买盘
13:05:32,35.42,-0.01,119,421586,卖盘
13:05:35,35.42,0.0,97,343572,卖盘
13:05:37,35.42,0.0,547,1936973,买盘
13:05:41,35.43,0.01,37,131077,买盘
13:05:44,35.45,0.02,369,1307927,买盘
13:05:47,35.45,0.0,72,255244,卖盘
13:05:50,35.46,0.01,66,234031,买盘
13:05:52,35.46,0.0,35,124109,买盘
13:05:55,35.46,0.0,84,297803,买盘
13:05:58,35.46,0.0,172,609901,买盘
13:06:02,35.46,0.0,103,365213,买盘
13:06:05,35.46,0.0,52,184393,卖盘
13:06:07,35.47,0.01,161,571011,买盘
13:06:11,35.47,0.0,33,117034,卖盘
13:06:13,35.47,0.0,187,663231,买盘
13:06:17,35.45,-0.02,290,1028668,卖盘
13:06:19,35.48,0.03,82,290863,买盘
13:06:23,35.45,-0.03,729,2585066,卖盘
13:06:26,35.47,0.02,214,758762,中性盘
13:06:29,35.48,0.01,698,2474535,买盘
13:06:32,35.42,-0.06,398,1409005,中性盘
13:06:34,35.37,-0.05,325,1149873,卖盘
13:06:38,35.4,0.03,154,545026,中性盘
13:06:41,35.4,0.0,278,983884,买盘
13:06:43,35.4,0.0,93,329170,买盘
13:06:47,35.4,0.0,249,881479,买盘
13:06:49,35.41,0.01,40,141654,中性盘
13:06:52,35.4,-0.01,49,173489,卖盘
13:06:56,35.4,0.0,367,1299217,卖盘
13:06:59,35.43,0.03,74,262005,买盘
13:07:03,35.4,-0.03,391,1384390,卖盘
13:07:05,35.41,0.01,1094,3875022,买盘
13:07:07,35.4,-0.01,82,289725,中性盘
13:07:11,35.41,0.01,9,31869,买盘
13:07:13,35.41,0.0,29,102698,卖盘
13:07:17,35.43,0.02,1,3543,买盘
13:07:19,35.43,0.0,27,95656,买盘
13:07:22,35.44,0.01,41,145271,买盘
13:07:25,35.43,-0.01,36,127525,中性盘
13:07:28,35.43,0.0,83,294169,卖盘
13:07:32,35.45,0.02,155,549434,买盘
13:07:34,35.45,0.0,16,56720,卖盘
13:07:37,35.45,0.0,45,159547,卖盘
13:07:41,35.45,0.0,42,148921,卖盘
13:07:43,35.46,0.01,72,255312,买盘
13:07:47,35.46,0.0,24,85104,卖盘
13:07:50,35.46,0.0,39,138328,卖盘
13:07:52,35.46,0.0,6,21276,卖盘
13:07:55,35.47,0.01,113,400809,买盘
13:07:59,35.47,0.0,124,439818,买盘
13:08:02,35.47,0.0,48,170210,买盘
13:08:04,35.46,-0.01,142,503539,卖盘
13:08:07,35.46,0.0,34,122014,买盘
13:08:10,35.46,0.0,291,1031871,买盘
13:08:13,35.46,0.0,81,287161,买盘
13:08:17,35.46,0.0,224,794668,买盘
13:08:19,35.46,0.0,30,106394,卖盘
13:08:22,35.47,0.01,30,106396,买盘
13:08:26,35.49,0.02,650,2306107,买盘
13:08:28,35.47,-0.02,13,46111,卖盘
13:08:32,35.47,0.0,1361,4830882,卖盘
13:08:34,35.5,0.03,25,88726,买盘
13:08:38,35.49,-0.01,19,67444,中性盘
13:08:40,35.49,0.0,7,24844,卖盘
13:08:44,35.49,0.0,369,1309890,中性盘
13:08:47,35.49,0.0,239,848279,买盘
13:08:50,35.51,0.02,22,78096,买盘
13:08:53,35.5,-0.01,69,244954,卖盘
13:08:55,35.51,0.01,119,422561,买盘
13:08:58,35.51,0.0,97,344447,买盘
13:09:02,35.5,-0.01,283,1004781,卖盘
13:09:05,35.49,-0.01,41,145545,卖盘
13:09:08,35.52,0.03,123,436798,买盘
13:09:10,35.5,-0.02,143,507727,中性盘
13:09:14,35.5,0.0,17,60350,买盘
13:09:17,35.5,0.0,169,599941,买盘
13:09:19,35.52,0.02,438,1555607,买盘
13:09:23,35.5,-0.02,33,117150,中性盘
13:09:25,35.51,0.01,22,78121,买盘
13:09:29,35.5,-0.01,42,149101,卖盘
13:09:32,35.51,0.01,347,1231855,买盘
13:09:35,35.5,-0.01,82,291112,卖盘
13:09:38,35.5,0.0,100,355027,卖盘
13:09:41,35.5,0.0,148,525439,卖盘
13:09:44,35.5,0.0,104,369247,卖盘
13:09:47,35.49,-0.01,448,1589097,卖盘
13:09:50,35.49,0.0,341,1211031,卖盘
13:09:53,35.47,-0.02,282,1000222,卖盘
13:09:56,35.48,0.01,79,280233,买盘
13:09:58,35.47,-0.01,227,805456,卖盘
13:10:02,35.45,-0.02,624,2212685,卖盘
13:10:04,35.48,0.03,296,1049553,买盘
13:10:07,35.48,0.0,33,117084,卖盘
13:10:11,35.48,0.0,12,42578,卖盘
13:10:13,35.48,0.0,7,24840,卖盘
13:10:17,35.48,0.0,216,766381,卖盘
13:10:19,35.49,0.01,124,439966,买盘
13:10:23,35.48,-0.01,110,390599,卖盘
13:10:25,35.48,0.0,113,400822,买盘
13:10:29,35.47,-0.01,95,337015,卖盘
13:10:32,35.48,0.01,267,947306,买盘
13:10:36,35.49,0.01,96,340616,买盘
13:10:38,35.46,-0.03,228,808666,卖盘
13:10:41,35.46,0.0,335,1188475,卖盘
13:10:44,35.48,0.02,41,145451,买盘
13:10:47,35.48,0.0,43,152500,买盘
13:10:50,35.46,-0.02,30,106430,卖盘
13:10:53,35.48,0.02,116,411550,买盘
13:10:56,35.47,-0.01,10,35470,卖盘
13:10:58,35.47,0.0,163,578161,卖盘
13:11:02,35.47,0.0,57,202148,买盘
13:11:05,35.47,0.0,93,329869,买盘
13:11:07,35.46,-0.01,500,1773135,卖盘
13:11:11,35.47,0.01,29,102880,买盘
13:11:14,35.47,0.0,61,216372,卖盘
13:11:17,35.47,0.0,283,1003512,卖盘
13:11:20,35.45,-0.02,90,319090,卖盘
13:11:22,35.47,0.02,148,524928,买盘
13:11:25,35.47,0.0,596,2114436,买盘
13:11:28,35.46,-0.01,41,145407,卖盘
13:11:32,35.45,-0.01,66,234005,卖盘
13:11:34,35.47,0.02,155,549703,买盘
13:11:38,35.48,0.01,193,684574,买盘
13:11:41,35.47,-0.01,107,379538,卖盘
13:11:44,35.45,-0.02,147,521319,卖盘
13:11:47,35.47,0.02,81,287190,买盘
13:11:50,35.48,0.01,153,542702,买盘
13:11:52,35.47,-0.01,205,727135,卖盘
13:11:56,35.47,0.0,201,712957,卖盘
13:11:58,35.47,0.0,116,411424,买盘
13:12:02,35.46,-0.01,244,865062,卖盘
13:12:05,35.46,0.0,401,1422091,卖盘
13:12:07,35.45,-0.01,31,109898,卖盘
13:12:11,35.45,0.0,383,1357794,卖盘
13:12:13,35.46,0.01,83,294289,买盘
13:12:17,35.46,0.0,156,550944,买盘
13:12:20,35.45,-0.01,61,216245,卖盘
13:12:23,35.46,0.01,32,113460,买盘
13:12:25,35.45,-0.01,30,107113,卖盘
13:12:29,35.45,0.0,106,375787,卖盘
13:12:32,35.46,0.01,147,521164,买盘
13:12:35,35.46,0.0,129,457421,买盘
13:12:38,35.45,-0.01,29,102892,卖盘
13:12:40,35.45,0.0,133,471600,卖盘
13:12:44,35.45,0.0,61,216249,卖盘
13:12:47,35.46,0.01,28,99288,买盘
13:12:50,35.45,-0.01,33,116986,卖盘
13:12:52,35.45,0.0,39,138279,卖盘
13:12:56,35.45,0.0,46,163075,卖盘
13:12:58,35.46,0.01,174,616942,买盘
13:13:02,35.45,-0.01,184,652290,卖盘
13:13:05,35.45,0.0,73,258782,买盘
13:13:07,35.45,0.0,89,315450,买盘
13:13:11,35.44,-0.01,28,100580,卖盘
13:13:13,35.45,0.01,277,981702,买盘
13:13:17,35.45,0.0,39,138252,买盘
13:13:19,35.44,-0.01,54,188147,卖盘
13:13:23,35.45,0.01,58,205554,买盘
13:13:25,35.44,-0.01,49,173657,卖盘
13:13:29,35.42,-0.02,188,666087,卖盘
13:13:32,35.43,0.01,51,180662,买盘
13:13:35,35.42,-0.01,143,508477,卖盘
13:13:37,35.41,-0.01,355,1256992,卖盘
13:13:40,35.41,0.0,652,2309639,买盘
13:13:44,35.41,0.0,169,598325,买盘
13:13:47,35.41,0.0,182,644330,买盘
13:13:50,35.4,-0.01,115,407174,卖盘
13:13:53,35.41,0.01,52,184085,买盘
13:13:56,35.42,0.01,92,325789,买盘
13:13:58,35.42,0.0,45,159358,买盘
13:14:02,35.42,0.0,185,655260,买盘
13:14:04,35.43,0.01,284,1005997,买盘
13:14:08,35.43,0.0,165,584323,买盘
13:14:11,35.44,0.01,62,219724,买盘
13:14:14,35.44,0.0,31,109864,买盘
13:14:17,35.44,0.0,118,418291,卖盘
13:14:20,35.45,0.01,151,535427,买盘
13:14:23,35.45,0.0,78,276535,卖盘
13:14:25,35.46,0.01,127,450335,买盘
13:14:29,35.46,0.0,35,124108,买盘
13:14:32,35.46,0.0,54,190952,卖盘
13:14:35,35.45,-0.01,82,290714,卖盘
13:14:38,35.46,0.01,7,24824,卖盘
13:14:41,35.47,0.01,40,141872,买盘
13:14:44,35.47,0.0,158,560501,买盘
13:14:47,35.47,0.0,21,74496,卖盘
13:14:50,35.48,0.01,25,88696,买盘
13:14:53,35.48,0.0,7,24837,卖盘
13:14:56,35.49,0.01,255,904759,买盘
13:14:59,35.49,0.0,229,812689,买盘
13:15:02,35.49,0.0,184,652974,买盘
13:15:04,35.48,-0.01,31,110007,卖盘
13:15:08,35.48,0.0,37,131302,卖盘
13:15:10,35.48,0.0,23,81626,卖盘
13:15:14,35.49,0.01,44,156155,买盘
13:15:17,35.49,0.0,28,99353,买盘
13:15:20,35.5,0.01,515,1828376,买盘
13:15:23,35.5,0.0,63,223283,卖盘
13:15:26,35.5,0.0,97,344550,买盘
13:15:29,35.49,-0.01,95,337191,卖盘
13:15:32,35.5,0.01,240,851717,买盘
13:15:35,35.48,-0.02,159,564210,卖盘
13:15:38,35.49,0.01,291,1032600,买盘
13:15:41,35.48,-0.01,30,106457,中性盘
13:15:44,35.48,0.0,86,305161,卖盘
13:15:47,35.49,0.01,11,39039,买盘
13:15:50,35.48,-0.01,37,131305,卖盘
13:15:53,35.48,0.0,51,180981,卖盘
13:15:55,35.48,0.0,49,173894,卖盘
13:15:59,35.49,0.01,98,347800,买盘
13:16:02,35.48,-0.01,78,276767,卖盘
13:16:04,35.48,0.0,55,195162,卖盘
13:16:08,35.5,0.02,466,1653939,买盘
13:16:11,35.48,-0.02,221,784194,卖盘
13:16:14,35.48,0.0,124,440045,买盘
13:16:17,35.48,0.0,44,156123,卖盘
13:16:20,35.48,0.0,109,386813,买盘
13:16:23,35.49,0.01,175,621073,买盘
13:16:25,35.49,0.0,115,408039,买盘
13:16:29,35.48,-0.01,9,31938,卖盘
13:16:32,35.48,0.0,54,191603,卖盘
13:16:35,35.48,0.0,26,90404,卖盘
13:16:38,35.48,0.0,34,120656,卖盘
13:16:41,35.48,0.0,531,1884819,卖盘
13:16:44,35.48,0.0,57,202262,卖盘
13:16:47,35.48,0.0,26,92259,卖盘
13:16:50,35.48,0.0,134,477274,卖盘
13:16:53,35.48,0.0,22,78064,买盘
13:16:56,35.48,0.0,10,35480,买盘
13:16:59,35.48,0.0,29,102883,买盘
13:17:02,35.48,0.0,281,995301,卖盘
13:17:05,35.49,0.01,81,287465,中性盘
13:17:07,35.48,-0.01,35,124209,卖盘
13:17:11,35.49,0.01,26,92267,买盘
13:17:14,35.48,-0.01,112,397388,卖盘
13:17:17,35.5,0.02,360,1277803,买盘
13:17:20,35.5,0.0,85,301750,卖盘
13:17:22,35.51,0.01,8,28401,买盘
13:17:25,35.51,0.0,177,628330,买盘
13:17:29,35.51,0.0,108,383506,买盘
13:17:32,35.51,0.0,114,404707,买盘
13:17:35,35.51,0.0,65,230811,买盘
13:17:38,35.51,0.0,36,131027,买盘
13:17:41,35.51,0.0,158,561058,买盘
13:17:44,35.51,0.0,81,287591,买盘
13:17:47,35.5,-0.01,199,705964,卖盘
13:17:50,35.51,0.01,255,905501,买盘
13:17:53,35.51,0.0,54,191754,卖盘
13:17:56,35.52,0.01,164,582414,买盘
13:17:59,35.52,0.0,285,1012320,买盘
13:18:02,35.52,0.0,61,216631,买盘
13:18:04,35.52,0.0,159,564517,买盘
13:18:08,35.53,0.01,60,213127,买盘
13:18:11,35.52,-0.01,30,106584,卖盘
13:18:14,35.53,0.01,11,39073,买盘
13:18:17,35.53,0.0,190,674998,买盘
13:18:20,35.53,0.0,329,1168931,买盘
13:18:23,35.54,0.01,59,209650,买盘
13:18:26,35.53,-0.01,130,461964,卖盘
13:18:29,35.54,0.01,62,220349,买盘
13:18:32,35.56,0.02,632,2246996,买盘
13:18:35,35.56,0.0,46,163577,卖盘
13:18:38,35.57,0.01,59,209855,买盘
13:18:41,35.57,0.0,83,295229,买盘
13:18:44,35.57,0.0,162,576204,买盘
13:18:47,35.57,0.0,231,821613,卖盘
13:18:50,35.58,0.01,129,458936,买盘
13:18:53,35.58,0.0,199,708036,买盘
13:18:56,35.58,0.0,127,451867,买盘
13:18:59,35.58,0.0,1078,3835259,卖盘
13:19:02,35.58,0.0,129,459109,卖盘
13:19:04,35.59,0.01,203,722401,卖盘
13:19:08,35.6,0.01,137,487719,买盘
13:19:11,35.6,0.0,125,444945,买盘
13:19:14,35.59,-0.01,97,345314,卖盘
13:19:17,35.6,0.01,161,574902,买盘
13:19:20,35.6,0.0,264,938240,买盘
13:19:23,35.6,0.0,532,1895490,卖盘
13:19:26,35.6,0.0,144,512629,买盘
13:19:29,35.6,0.0,91,323965,买盘
13:19:32,35.6,0.0,494,1758537,买盘
13:19:35,35.6,0.0,541,1925988,买盘
13:19:38,35.61,0.01,657,2339517,买盘
13:19:41,35.61,0.0,288,1025430,买盘
13:19:44,35.61,0.0,138,489788,买盘
13:19:47,35.6,-0.01,221,786923,卖盘
13:19:50,35.62,0.02,166,591125,买盘
13:19:53,35.61,-0.01,88,313371,卖盘
13:19:56,35.61,0.0,389,1385168,卖盘
13:19:59,35.61,0.0,199,708722,买盘
13:20:02,35.62,0.01,561,1998222,买盘
13:20:05,35.61,-0.01,184,655262,卖盘
13:20:08,35.61,0.0,190,676590,买盘
13:20:11,35.61,0.0,186,662338,买盘
13:20:14,35.61,0.0,51,181630,卖盘
13:20:17,35.62,0.01,37,131785,买盘
13:20:20,35.62,0.0,211,751498,买盘
13:20:23,35.61,-0.01,365,1300112,卖盘
13:20:26,35.62,0.01,74,262960,买盘
13:20:29,35.62,0.0,366,1303580,买盘
13:20:32,35.62,0.0,384,1371015,买盘
13:20:35,35.62,0.0,487,1734704,卖盘
13:20:38,35.62,0.0,18,64116,卖盘
13:20:41,35.63,0.01,199,708879,买盘
13:20:44,35.63,0.0,126,448844,买盘
13:20:47,35.63,0.0,23,80722,买盘
13:20:50,35.63,0.0,97,345537,买盘
13:20:53,35.63,0.0,164,584273,买盘
13:20:56,35.62,-0.01,60,214136,卖盘
13:20:59,35.61,-0.01,419,1492639,卖盘
13:21:02,35.62,0.01,159,566384,买盘
13:21:05,35.61,-0.01,96,340481,卖盘
13:21:08,35.63,0.02,107,381156,买盘
13:21:11,35.61,-0.02,399,1420863,卖盘
13:21:14,35.62,0.01,121,430919,买盘
13:21:17,35.6,-0.02,1519,5409762,卖盘
13:21:18,35.6,0.0,61,217160,买盘
13:21:23,35.6,0.0,322,1146935,买盘
13:21:26,35.6,0.0,28,99667,买盘
13:21:29,35.59,-0.01,157,558672,卖盘
13:21:32,35.6,0.01,199,708272,买盘
13:21:35,35.55,-0.05,493,1752347,卖盘
13:21:38,35.55,0.0,22,78210,买盘
13:21:41,35.55,0.0,35,124425,买盘
13:21:44,35.59,0.04,501,1783038,买盘
13:21:47,35.55,-0.04,101,359226,卖盘
13:21:50,35.6,0.05,24,85376,买盘
13:21:53,35.55,-0.05,29,103133,卖盘
13:21:56,35.59,0.04,114,405504,买盘
13:21:59,35.59,0.0,177,629786,买盘
13:22:02,35.58,-0.01,74,263153,买盘
13:22:05,35.56,-0.02,39,138704,卖盘
13:22:08,35.58,0.02,56,199228,买盘
13:22:11,35.58,0.0,21,74718,卖盘
13:22:14,35.57,-0.01,111,394893,卖盘
13:22:17,35.57,0.0,100,355784,卖盘
13:22:21,35.58,0.01,33,117382,买盘
13:22:23,35.58,0.0,14,49807,买盘
13:22:26,35.57,-0.01,62,220961,卖盘
13:22:29,35.58,0.01,99,352232,买盘
13:22:32,35.58,0.0,190,675951,买盘
13:22:35,35.58,0.0,230,818343,卖盘
13:22:38,35.57,-0.01,205,728951,卖盘
13:22:41,35.57,0.0,82,291674,买盘
13:22:44,35.57,0.0,735,2614898,买盘
13:22:47,35.58,0.01,23,81818,中性盘
13:22:50,35.58,0.0,17,60486,买盘
13:22:53,35.58,0.0,80,284642,卖盘
13:22:56,35.59,0.01,49,174344,买盘
13:22:59,35.59,0.0,162,576493,买盘
13:23:02,35.59,0.0,69,245513,买盘
13:23:05,35.58,-0.01,63,223676,卖盘
13:23:08,35.57,-0.01,628,2235432,卖盘
13:23:11,35.58,0.01,115,409168,买盘
13:23:14,35.57,-0.01,68,241890,卖盘
13:23:17,35.57,0.0,132,469627,卖盘
13:23:20,35.58,0.01,58,206339,买盘
13:23:23,35.58,0.0,200,711450,买盘
13:23:26,35.58,0.0,46,163623,买盘
13:23:29,35.57,-0.01,229,812671,卖盘
13:23:32,35.56,-0.01,206,732721,卖盘
13:23:35,35.56,0.0,891,3169836,卖盘
13:23:38,35.55,-0.01,298,1059484,卖盘
13:23:41,35.55,0.0,44,156427,卖盘
13:23:44,35.55,0.0,275,977663,卖盘
13:23:47,35.56,0.01,72,255974,买盘
13:23:50,35.56,0.0,246,874557,买盘
13:23:53,35.56,0.0,113,401785,买盘
13:23:56,35.55,-0.01,35,124425,卖盘
13:23:59,35.56,0.01,179,636490,买盘
13:24:02,35.55,-0.01,298,1059593,卖盘
13:24:05,35.55,0.0,298,1059170,买盘
13:24:08,35.55,0.0,102,362660,买盘
13:24:11,35.55,0.0,11,39111,中性盘
13:24:14,35.54,-0.01,70,248827,卖盘
13:24:17,35.55,0.01,13,46214,买盘
13:24:20,35.54,-0.01,65,231013,卖盘
13:24:23,35.55,0.01,97,344764,买盘
13:24:26,35.54,-0.01,47,168069,卖盘
13:24:29,35.55,0.01,58,206151,买盘
13:24:32,35.54,-0.01,110,390942,卖盘
13:24:35,35.55,0.01,37,131503,买盘
13:24:38,35.55,0.0,113,399988,买盘
13:24:41,35.54,-0.01,127,451416,卖盘
13:24:44,35.54,0.0,146,519565,卖盘
13:24:47,35.54,0.0,70,248779,买盘
13:24:50,35.53,-0.01,63,224424,卖盘
13:24:53,35.54,0.01,17,60410,买盘
13:24:56,35.53,-0.01,22,79668,卖盘
13:24:59,35.54,0.01,29,103066,买盘
13:25:02,35.54,0.0,169,600578,买盘
13:25:05,35.53,-0.01,43,150382,卖盘
13:25:08,35.54,0.01,125,444240,买盘
13:25:11,35.54,0.0,250,888494,买盘
13:25:14,35.53,-0.01,158,561432,卖盘
13:25:17,35.53,0.0,62,220292,卖盘
13:25:20,35.54,0.01,14,49753,买盘
13:25:23,35.53,-0.01,37,131491,卖盘
13:25:26,35.54,0.01,28,99486,买盘
13:25:29,35.54,0.0,137,486869,买盘
13:25:32,35.53,-0.01,81,287348,卖盘
13:25:35,35.54,0.01,81,287815,买盘
13:25:38,35.53,-0.01,403,1431859,卖盘
13:25:41,35.54,0.01,379,1346863,买盘
13:25:44,35.53,-0.01,405,1439111,卖盘
13:25:47,35.54,0.01,307,1090816,买盘
13:25:50,35.53,-0.01,205,728369,卖盘
13:25:53,35.54,0.01,445,1582283,买盘
13:25:56,35.53,-0.01,362,1286245,卖盘
13:25:59,35.53,0.0,179,636009,卖盘
13:26:02,35.53,0.0,179,635545,卖盘
13:26:05,35.54,0.01,18,63969,卖盘
13:26:08,35.54,0.0,13,46202,买盘
13:26:11,35.54,0.0,33,117282,买盘
13:26:14,35.54,0.0,70,248780,买盘
13:26:17,35.54,0.0,31,110171,买盘
13:26:20,35.53,-0.01,31,110146,卖盘
13:26:23,35.54,0.01,44,156365,买盘
13:26:26,35.53,-0.01,44,156346,卖盘
13:26:29,35.53,0.0,227,806741,卖盘
13:26:32,35.53,0.0,71,252294,卖盘
13:26:35,35.53,0.0,50,177682,卖盘
13:26:38,35.54,0.01,22,78188,买盘
13:26:41,35.53,-0.01,62,220308,卖盘
13:26:44,35.55,0.02,124,440701,买盘
13:26:47,35.54,-0.01,8,28432,卖盘
13:26:50,35.54,0.0,52,184808,卖盘
13:26:53,35.54,0.0,62,220400,卖盘
13:26:56,35.54,0.0,64,227511,卖盘
13:26:59,35.54,0.0,24,85315,卖盘
13:27:02,35.54,0.0,134,476322,卖盘
13:27:05,35.54,0.0,21,74639,卖盘
13:27:08,35.55,0.01,71,252402,买盘
13:27:11,35.54,-0.01,27,95972,卖盘
13:27:14,35.55,0.01,27,95984,买盘
13:27:17,35.55,0.0,328,1166065,买盘
13:27:20,35.55,0.0,33,117335,卖盘
13:27:23,35.56,0.01,37,131572,买盘
13:27:26,35.55,-0.01,44,156421,卖盘
13:27:29,35.56,0.01,42,149345,买盘
13:27:32,35.55,-0.01,41,145764,卖盘
13:27:35,35.56,0.01,73,261354,买盘
13:27:38,35.56,0.0,21,74657,买盘
13:27:41,35.56,0.0,13,46228,买盘
13:27:44,35.56,0.0,16,56896,买盘
13:27:47,35.56,0.0,39,138700,卖盘
13:27:50,35.56,0.0,28,99568,卖盘
13:27:53,35.56,0.0,25,88915,卖盘
13:27:56,35.56,0.0,186,661420,卖盘
13:27:59,35.56,0.0,73,259588,卖盘
13:28:02,35.57,0.01,449,1596566,买盘
13:28:05,35.56,-0.01,321,1141777,卖盘
13:28:08,35.57,0.01,4,14226,买盘
13:28:11,35.56,-0.01,29,103133,卖盘
13:28:14,35.57,0.01,33,115203,买盘
13:28:17,35.57,0.0,56,199161,买盘
13:28:20,35.56,-0.01,121,432465,卖盘
13:28:23,35.57,0.01,96,341413,买盘
13:28:26,35.57,0.0,169,601129,买盘
13:28:29,35.56,-0.01,53,186558,卖盘
13:28:32,35.56,0.0,44,156469,卖盘
13:28:35,35.57,0.01,12,44240,买盘
13:28:38,35.56,-0.01,15,53344,卖盘
13:28:41,35.57,0.01,21,75546,买盘
13:28:44,35.57,0.0,73,259598,买盘
13:28:47,35.57,0.0,23,81804,买盘
13:28:50,35.56,-0.01,14,49784,卖盘
13:28:53,35.56,0.0,77,273825,卖盘
13:28:56,35.57,0.01,13,46233,买盘
13:28:59,35.56,-0.01,190,674507,卖盘
13:29:02,35.57,0.01,204,725581,买盘
13:29:05,35.57,0.0,29,103129,买盘
13:29:08,35.57,0.0,6,21342,买盘
13:29:11,35.57,0.0,19,67580,买盘
13:29:14,35.57,0.0,42,149393,买盘
13:29:17,35.57,0.0,33,116367,买盘
13:29:20,35.57,0.0,110,391264,买盘
13:29:23,35.54,-0.03,2013,7158027,卖盘
13:29:26,35.56,0.02,7,24892,中性盘
13:29:29,35.56,0.0,22,78216,买盘
13:29:32,35.55,-0.01,54,189890,卖盘
13:29:35,35.56,0.01,8,28445,买盘
13:29:38,35.55,-0.01,40,142208,卖盘
13:29:41,35.56,0.01,50,177792,买盘
13:29:44,35.55,-0.01,2,7110,卖盘
13:29:47,35.55,0.0,52,184873,卖盘
13:29:50,35.55,0.0,40,141454,卖盘
13:29:53,35.55,0.0,10,35552,卖盘
13:29:56,35.56,0.01,82,291560,买盘
13:29:59,35.55,-0.01,44,158625,卖盘
13:30:02,35.55,0.0,124,440888,卖盘
13:30:05,35.55,0.0,95,337725,卖盘
13:30:08,35.54,-0.01,1324,4705665,卖盘
13:30:11,35.54,0.0,21,73515,卖盘
13:30:14,35.56,0.02,26,92456,买盘
13:30:17,35.53,-0.03,201,714286,卖盘
13:30:20,35.54,0.01,14,51665,卖盘
13:30:23,35.54,0.0,48,170595,买盘
13:30:26,35.54,0.0,3,10664,卖盘
13:30:29,35.55,0.01,50,175039,买盘
13:30:32,35.54,-0.01,37,131498,卖盘
13:30:35,35.55,0.01,223,794710,买盘
13:30:38,35.55,0.0,40,142193,买盘
13:30:41,35.55,0.0,20,71085,买盘
13:30:44,35.55,0.0,99,349883,买盘
13:30:47,35.55,0.0,13,46209,买盘
13:30:50,35.54,-0.01,166,589616,卖盘
13:30:53,35.55,0.01,14,49770,买盘
13:30:56,35.55,0.0,16,56865,买盘
13:30:59,35.55,0.0,72,255953,买盘
13:31:02,35.52,-0.03,1043,3705703,卖盘
13:31:05,35.55,0.03,21,75683,买盘
13:31:08,35.55,0.0,180,639864,买盘
13:31:11,35.54,-0.01,80,285653,中性盘
13:31:14,35.54,0.0,17,60418,卖盘
13:31:17,35.54,0.0,9,32407,买盘
13:31:20,35.53,-0.01,98,348254,卖盘
13:31:23,35.53,0.0,18,60841,卖盘
13:31:26,35.54,0.01,1,3554,买盘
13:31:29,35.54,0.0,102,362504,买盘
13:31:32,35.54,0.0,60,213209,卖盘
13:31:35,35.54,0.0,4,14217,中性盘
13:31:38,35.55,0.01,125,444315,买盘
13:31:41,35.54,-0.01,67,238118,卖盘
13:31:44,35.55,0.01,30,106621,买盘
13:31:47,35.54,-0.01,1044,3709863,卖盘
13:31:50,35.53,-0.01,65,230994,卖盘
13:31:53,35.53,0.0,16,56861,卖盘
13:31:56,35.54,0.01,11,39094,买盘
13:31:59,35.54,0.0,363,1289995,买盘
13:32:02,35.53,-0.01,65,230965,卖盘
13:32:05,35.53,0.0,28,99485,卖盘
13:32:08,35.54,0.01,85,302082,买盘
13:32:11,35.53,-0.01,51,181236,卖盘
13:32:14,35.53,0.0,11,39086,卖盘
13:32:17,35.53,0.0,4,14214,卖盘
13:32:20,35.53,0.0,64,230315,卖盘
13:32:23,35.53,0.0,18,63964,卖盘
13:32:26,35.53,0.0,37,131461,卖盘
13:32:29,35.54,0.01,44,156361,买盘
13:32:32,35.52,-0.02,1014,3599830,卖盘
13:32:35,35.52,0.0,11,39070,买盘
13:32:38,35.53,0.01,212,753155,买盘
13:32:41,35.53,0.0,32,113695,买盘
13:32:47,35.52,-0.01,27,95917,卖盘
13:32:50,35.53,0.01,277,984325,买盘
13:32:53,35.54,0.01,39,138589,买盘
13:32:56,35.52,-0.02,130,461670,卖盘
13:32:59,35.53,0.01,55,195379,买盘
13:33:02,35.53,0.0,47,166950,买盘
