time,price,change,volume,amount,type
09:25:01,34.81,-0.24,9853,34298293,卖盘
09:30:01,34.79,-0.02,4051,14100346,卖盘
09:30:04,34.78,-0.01,3240,11267677,卖盘
09:30:07,34.8,0.02,3167,11016732,买盘
09:30:10,34.79,-0.01,1559,5420497,买盘
09:30:13,34.72,-0.07,2795,9715118,卖盘
09:30:16,34.79,0.07,3553,12358728,买盘
09:30:19,34.79,0.0,657,2284986,卖盘
09:30:22,34.73,-0.06,752,2613498,卖盘
09:30:25,34.75,0.02,401,1394461,中性盘
09:30:28,34.8,0.05,1295,4505342,买盘
09:30:31,34.79,-0.01,652,2268485,中性盘
09:30:34,34.81,0.02,2421,8424221,买盘
09:30:37,34.8,-0.01,1444,5025146,卖盘
09:30:40,34.85,0.05,646,2250905,买盘
09:30:43,34.84,-0.01,1126,3922605,卖盘
09:30:46,34.86,0.02,341,1188220,买盘
09:30:49,34.86,0.0,274,955352,卖盘
09:30:52,34.86,0.0,675,2352305,卖盘
09:30:55,34.84,-0.02,344,1198735,中性盘
09:30:58,34.85,0.01,238,829259,中性盘
09:31:01,34.84,-0.01,577,2010830,卖盘
09:31:04,34.83,-0.01,335,1167294,卖盘
09:31:07,34.86,0.03,387,1348965,买盘
09:31:10,34.86,0.0,1127,3926395,卖盘
09:31:13,34.85,-0.01,486,1694112,卖盘
09:31:16,34.86,0.01,128,446328,买盘
09:31:19,34.9,0.04,312,1091156,买盘
09:31:22,34.85,-0.05,517,1800334,卖盘
09:31:25,34.9,0.05,745,2599173,买盘
09:31:28,34.88,-0.02,192,669926,卖盘
09:31:31,34.9,0.02,600,2097591,买盘
09:31:34,34.89,-0.01,146,509325,卖盘
09:31:37,34.88,-0.01,373,1298550,卖盘
09:31:40,34.88,0.0,263,917312,买盘
09:31:43,34.88,0.0,642,2239204,买盘
09:31:46,34.88,0.0,814,2839962,卖盘
09:31:49,34.9,0.02,169,589744,买盘
09:31:52,34.89,-0.01,67,234269,卖盘
09:31:55,34.94,0.05,374,1305871,买盘
09:31:58,34.93,-0.01,536,1871660,中性盘
09:32:01,34.93,0.0,239,835306,卖盘
09:32:04,34.96,0.03,324,1134861,买盘
09:32:07,34.97,0.01,1275,4458243,买盘
09:32:10,34.99,0.02,243,850047,买盘
09:32:13,34.97,-0.02,669,2340363,卖盘
09:32:16,34.98,0.01,221,773258,中性盘
09:32:19,34.97,-0.01,2011,7034587,卖盘
09:32:22,34.98,0.01,1465,5127391,卖盘
09:32:25,34.99,0.01,289,1010879,买盘
09:32:28,35.01,0.02,100,350122,中性盘
09:32:31,35.01,0.0,330,1155694,卖盘
09:32:34,35.03,0.02,356,1246558,买盘
09:32:37,35.03,0.0,110,385192,买盘
09:32:40,35.04,0.01,651,2281315,买盘
09:32:43,35.05,0.01,625,2190368,买盘
09:32:46,35.06,0.01,280,981324,买盘
09:32:49,35.06,0.0,988,3463013,买盘
09:32:52,35.06,0.0,95,333066,卖盘
09:32:55,35.06,0.0,147,515302,买盘
09:32:58,35.07,0.01,419,1469316,买盘
09:33:01,35.06,-0.01,179,627715,卖盘
09:33:04,35.07,0.01,732,2566240,买盘
09:33:07,35.05,-0.02,380,1332301,卖盘
09:33:10,35.05,0.0,421,1476116,买盘
09:33:13,35.03,-0.02,553,1937530,卖盘
09:33:16,35.01,-0.02,276,966671,卖盘
09:33:19,35.02,0.01,544,1904694,买盘
09:33:22,35.0,-0.02,328,1147970,卖盘
09:33:25,34.98,-0.02,364,1273795,卖盘
09:33:28,34.96,-0.02,156,545595,卖盘
09:33:31,34.97,0.01,236,825085,买盘
09:33:34,34.99,0.02,991,3465100,买盘
09:33:37,34.97,-0.02,603,2108141,中性盘
09:33:40,34.96,-0.01,587,2052756,卖盘
09:33:43,34.96,0.0,212,738621,卖盘
09:33:46,34.96,0.0,98,342608,买盘
09:33:49,34.95,-0.01,427,1492493,卖盘
09:33:52,34.95,0.0,578,2020513,买盘
09:33:55,34.94,-0.01,1201,4196881,卖盘
09:33:58,34.95,0.01,274,957721,买盘
09:34:01,34.95,0.0,429,1499221,买盘
09:34:04,34.94,-0.01,172,601038,卖盘
09:34:07,34.95,0.01,375,1310463,买盘
09:34:10,34.96,0.01,506,1768436,买盘
09:34:13,34.95,-0.01,270,943883,卖盘
09:34:16,34.96,0.01,111,387948,中性盘
09:34:19,34.95,-0.01,69,241193,卖盘
09:34:22,34.95,0.0,101,353030,卖盘
09:34:25,34.96,0.01,315,1101109,买盘
09:34:28,34.95,-0.01,1030,3597215,卖盘
09:34:31,34.95,0.0,67,234205,卖盘
09:34:34,34.95,0.0,244,852699,卖盘
09:34:37,34.95,0.0,171,597599,买盘
09:34:40,34.93,-0.02,206,720109,卖盘
09:34:43,34.92,-0.01,305,1065446,卖盘
09:34:46,34.93,0.01,339,1184395,买盘
09:34:49,34.92,-0.01,37,129249,中性盘
09:34:52,34.91,-0.01,154,537759,卖盘
09:34:55,34.94,0.03,243,848466,买盘
09:34:58,34.92,-0.02,89,310896,卖盘
09:35:01,34.93,0.01,49,171163,卖盘
09:35:04,34.93,0.0,142,495871,卖盘
09:35:07,34.91,-0.02,139,485329,卖盘
09:35:10,34.91,0.0,1199,4185658,卖盘
09:35:13,34.91,0.0,103,359568,买盘
09:35:16,34.91,0.0,138,481706,买盘
09:35:19,34.9,-0.01,153,534013,卖盘
09:35:22,34.9,0.0,423,1476453,卖盘
09:35:25,34.92,0.02,192,670177,买盘
09:35:28,34.9,-0.02,122,425822,卖盘
09:35:31,34.9,0.0,71,247807,卖盘
09:35:34,34.9,0.0,303,1057363,买盘
09:35:37,34.9,0.0,100,348968,买盘
09:35:40,34.89,-0.01,413,1441195,卖盘
09:35:43,34.88,-0.01,728,2540335,卖盘
09:35:46,34.89,0.01,205,715238,买盘
09:35:49,34.89,0.0,291,1015160,买盘
09:35:52,34.89,0.0,45,157004,买盘
09:35:55,34.9,0.01,263,917518,买盘
09:35:58,34.9,0.0,141,492002,买盘
09:36:01,34.89,-0.01,570,1988791,卖盘
09:36:04,34.88,-0.01,392,1367914,卖盘
09:36:07,34.9,0.02,40,139599,中性盘
09:36:10,34.89,-0.01,161,561948,卖盘
09:36:13,34.92,0.03,131,457148,买盘
09:36:16,34.91,-0.01,199,694518,中性盘
09:36:19,34.91,0.0,148,516635,买盘
09:36:22,34.9,-0.01,161,561917,卖盘
09:36:25,34.91,0.01,520,1815301,买盘
09:36:28,34.9,-0.01,56,195472,卖盘
09:36:32,34.9,0.0,63,219913,卖盘
09:36:34,34.9,0.0,733,2558232,卖盘
09:36:37,34.9,0.0,300,1047128,卖盘
09:36:40,34.9,0.0,245,855091,买盘
09:36:43,34.89,-0.01,1288,4494609,卖盘
09:36:46,34.89,0.0,430,1499902,买盘
09:36:49,34.89,0.0,118,411669,买盘
09:36:52,34.89,0.0,121,422132,买盘
09:36:55,34.9,0.01,1205,4206465,买盘
09:36:58,34.9,0.0,65,226795,卖盘
09:37:01,34.9,0.0,122,425663,买盘
09:37:04,34.9,0.0,323,1126993,买盘
09:37:07,34.89,-0.01,451,1573748,卖盘
09:37:10,34.89,0.0,218,760689,卖盘
09:37:13,34.89,0.0,148,516444,买盘
09:37:16,34.89,0.0,199,694332,卖盘
09:37:19,34.89,0.0,397,1384538,卖盘
09:37:22,34.92,0.03,135,471224,买盘
09:37:25,34.89,-0.03,200,697660,卖盘
09:37:28,34.89,0.0,187,652433,买盘
09:37:31,34.89,0.0,54,188560,卖盘
09:37:34,34.89,0.0,383,1336562,卖盘
09:37:37,34.9,0.01,201,701232,买盘
09:37:40,34.9,0.0,36,125617,买盘
09:37:43,34.9,0.0,164,572289,买盘
09:37:46,34.9,0.0,273,952572,买盘
09:37:49,34.9,0.0,87,303584,买盘
09:37:52,34.9,0.0,224,781728,买盘
09:37:55,34.9,0.0,203,708475,卖盘
09:37:58,34.9,0.0,142,495588,卖盘
09:38:01,34.92,0.02,295,1029671,买盘
09:38:04,34.91,-0.01,222,774860,中性盘
09:38:07,34.91,0.0,204,711845,买盘
09:38:10,34.9,-0.01,117,408414,卖盘
09:38:13,34.91,0.01,291,1015773,买盘
09:38:16,34.92,0.01,308,1075191,买盘
09:38:19,34.92,0.0,123,429395,买盘
09:38:22,34.91,-0.01,193,673792,卖盘
09:38:25,34.92,0.01,273,953316,买盘
09:38:28,34.93,0.01,374,1306010,买盘
09:38:31,34.91,-0.02,187,652941,卖盘
09:38:34,34.93,0.02,169,590152,买盘
09:38:37,34.93,0.0,213,743811,买盘
09:38:40,34.93,0.0,44,153672,买盘
09:38:43,34.93,0.0,205,715957,买盘
09:38:46,34.93,0.0,158,551812,卖盘
09:38:49,34.93,0.0,133,464551,卖盘
09:38:52,34.94,0.01,599,2092092,买盘
09:38:55,34.93,-0.01,216,754453,卖盘
09:38:58,34.93,0.0,87,303901,卖盘
09:39:01,34.93,0.0,95,331857,买盘
09:39:04,34.94,0.01,448,1565623,买盘
09:39:07,34.94,0.0,196,684828,卖盘
09:39:10,34.93,-0.01,23,80344,卖盘
09:39:13,34.93,0.0,19,66371,卖盘
09:39:16,34.93,0.0,320,1117892,卖盘
09:39:19,34.93,0.0,213,743999,卖盘
09:39:22,34.92,-0.01,317,1107026,卖盘
09:39:25,34.93,0.01,602,2102275,买盘
09:39:28,34.93,0.0,317,1108193,买盘
09:39:31,34.92,-0.01,67,233955,卖盘
09:39:34,34.92,0.0,83,289811,买盘
09:39:37,34.92,0.0,375,1309424,买盘
09:39:40,34.91,-0.01,183,638982,卖盘
09:39:43,34.92,0.01,90,314599,买盘
09:39:46,34.92,0.0,477,1665762,卖盘
09:39:49,34.93,0.01,212,740267,买盘
09:39:52,34.92,-0.01,92,321269,卖盘
09:39:55,34.91,-0.01,330,1152071,卖盘
09:39:58,34.9,-0.01,47,161238,卖盘
09:40:01,34.92,0.02,47,164122,买盘
09:40:04,34.92,0.0,224,782228,买盘
09:40:07,34.91,-0.01,355,1239346,卖盘
09:40:10,34.91,0.0,158,551558,买盘
09:40:13,34.9,-0.01,27,95988,卖盘
09:40:16,34.9,0.0,307,1071470,卖盘
09:40:19,34.9,0.0,82,284892,卖盘
09:40:22,34.91,0.01,116,404904,买盘
09:40:25,34.91,0.0,261,911015,买盘
09:40:28,34.9,-0.01,134,467721,卖盘
09:40:31,34.91,0.01,929,3242607,买盘
09:40:34,34.9,-0.01,444,1551670,卖盘
09:40:37,34.9,0.0,127,443137,买盘
09:40:40,34.9,0.0,43,150046,买盘
09:40:43,34.89,-0.01,663,2311862,卖盘
09:40:46,34.89,0.0,317,1106091,卖盘
09:40:49,34.89,0.0,161,561778,买盘
09:40:52,34.88,-0.01,308,1074734,卖盘
09:40:55,34.9,0.02,570,1990213,买盘
09:40:58,34.91,0.01,106,370001,买盘
09:41:01,34.86,-0.05,1793,6253752,卖盘
09:41:04,34.87,0.01,422,1471488,买盘
09:41:07,34.87,0.0,136,475488,买盘
09:41:10,34.87,0.0,93,324280,买盘
09:41:13,34.87,0.0,163,567664,买盘
09:41:16,34.86,-0.01,746,2601152,卖盘
09:41:19,34.87,0.01,135,470870,中性盘
09:41:22,34.9,0.03,92,320881,买盘
09:41:25,34.87,-0.03,228,795081,卖盘
09:41:28,34.87,0.0,76,265045,卖盘
09:41:31,34.88,0.01,70,243734,买盘
09:41:34,34.88,0.0,701,2446910,卖盘
09:41:37,34.9,0.02,112,390686,中性盘
09:41:40,34.9,0.0,144,502400,卖盘
09:41:43,34.88,-0.02,186,648273,卖盘
09:41:46,34.92,0.04,605,2112044,买盘
09:41:49,34.9,-0.02,195,680309,卖盘
09:41:52,34.9,0.0,83,289618,买盘
09:41:55,34.89,-0.01,339,1180486,卖盘
09:41:58,34.91,0.02,99,345518,买盘
09:42:01,34.91,0.0,78,272234,买盘
09:42:04,34.9,-0.01,73,257286,卖盘
09:42:07,34.9,0.0,277,966788,卖盘
09:42:10,34.91,0.01,150,522389,买盘
09:42:13,34.9,-0.01,122,424413,卖盘
09:42:16,34.9,0.0,229,800557,买盘
09:42:19,34.9,0.0,57,198930,买盘
09:42:22,34.89,-0.01,43,150067,卖盘
09:42:25,34.89,0.0,266,927953,卖盘
09:42:26,34.9,0.01,559,1950115,买盘
09:42:31,34.89,-0.01,33,115767,买盘
09:42:34,34.89,0.0,55,191891,卖盘
09:42:37,34.88,-0.01,128,446566,卖盘
09:42:40,34.89,0.01,269,938660,买盘
09:42:43,34.89,0.0,19,66296,中性盘
09:42:46,34.9,0.01,583,2034617,买盘
09:42:49,34.89,-0.01,95,331484,卖盘
09:42:52,34.88,-0.01,252,878678,卖盘
09:42:55,34.88,0.0,382,1332850,卖盘
09:42:58,34.89,0.01,86,300042,买盘
09:43:01,34.88,-0.01,281,980163,卖盘
09:43:04,34.89,0.01,145,505784,买盘
09:43:07,34.88,-0.01,337,1176254,卖盘
09:43:10,34.88,0.0,114,397632,买盘
09:43:13,34.87,-0.01,68,237154,卖盘
09:43:16,34.88,0.01,184,641647,买盘
09:43:19,34.88,0.0,73,254593,买盘
09:43:22,34.87,-0.01,464,1618084,卖盘
09:43:25,34.86,-0.01,1290,4495282,卖盘
09:43:28,34.86,0.0,137,477685,卖盘
09:43:31,34.86,0.0,143,498533,卖盘
09:43:34,34.87,0.01,267,933087,买盘
09:43:37,34.86,-0.01,411,1432823,卖盘
09:43:40,34.86,0.0,425,1481568,卖盘
09:43:43,34.86,0.0,85,296253,买盘
09:43:46,34.86,0.0,1127,3925879,买盘
09:43:49,34.85,-0.01,80,278866,卖盘
09:43:52,34.86,0.01,212,738883,买盘
09:43:55,34.85,-0.01,763,2659187,卖盘
09:43:58,34.86,0.01,507,1767125,买盘
09:44:01,34.85,-0.01,70,245382,卖盘
09:44:04,34.86,0.01,222,772316,买盘
09:44:07,34.86,0.0,402,1401282,买盘
09:44:10,34.86,0.0,247,860963,卖盘
09:44:11,34.85,-0.01,586,2044303,卖盘
09:44:16,34.85,0.0,411,1433031,买盘
09:44:19,34.85,0.0,204,710915,买盘
09:44:22,34.84,-0.01,432,1505271,卖盘
09:44:25,34.83,-0.01,261,907713,卖盘
09:44:28,34.84,0.01,94,327496,买盘
09:44:31,34.84,0.0,182,634081,买盘
09:44:34,34.85,0.01,728,2536310,买盘
09:44:37,34.83,-0.02,258,899277,卖盘
09:44:40,34.83,0.0,139,484133,买盘
09:44:43,34.84,0.01,376,1308837,买盘
09:44:47,34.83,-0.01,420,1462865,卖盘
09:44:49,34.83,0.0,43,149796,卖盘
09:44:52,34.83,0.0,60,209016,卖盘
09:44:55,34.83,0.0,455,1584729,卖盘
09:44:58,34.83,0.0,206,717444,买盘
09:45:01,34.83,0.0,48,168990,卖盘
09:45:04,34.82,-0.01,492,1713518,卖盘
09:45:07,34.83,0.01,277,964718,中性盘
09:45:10,34.83,0.0,168,585109,买盘
09:45:13,34.83,0.0,160,557302,买盘
09:45:16,34.82,-0.01,678,2361516,卖盘
09:45:19,34.84,0.02,285,992411,买盘
09:45:22,34.82,-0.02,269,936744,卖盘
09:45:25,34.82,0.0,751,2615047,卖盘
09:45:28,34.81,-0.01,1996,6947068,卖盘
09:45:31,34.81,0.0,109,379394,买盘
09:45:34,34.81,0.0,246,857504,买盘
09:45:37,34.8,-0.01,1332,4633913,卖盘
09:45:40,34.83,0.03,301,1048238,买盘
09:45:43,34.81,-0.02,170,591806,卖盘
09:45:46,34.81,0.0,4502,15667260,卖盘
09:45:49,34.81,0.0,278,967661,买盘
09:45:52,34.81,0.0,46,160138,卖盘
09:45:55,34.81,0.0,413,1437696,卖盘
09:45:58,34.81,0.0,278,967603,买盘
09:46:01,34.81,0.0,1173,4082164,买盘
09:46:04,34.77,-0.04,2244,7808216,卖盘
09:46:07,34.77,0.0,171,594529,买盘
09:46:10,34.77,0.0,188,653599,买盘
09:46:13,34.76,-0.01,265,920888,卖盘
09:46:16,34.76,0.0,1282,4455118,买盘
09:46:19,34.75,-0.01,418,1452846,卖盘
09:46:22,34.75,0.0,211,733273,买盘
09:46:25,34.75,0.0,90,312762,买盘
09:46:28,34.75,0.0,194,673961,卖盘
09:46:31,34.73,-0.02,285,990340,卖盘
09:46:34,34.74,0.01,155,538572,中性盘
09:46:37,34.75,0.01,217,753772,买盘
09:46:40,34.75,0.0,83,288395,买盘
09:46:43,34.75,0.0,276,958741,买盘
09:46:46,34.74,-0.01,215,747704,卖盘
09:46:49,34.74,0.0,147,510649,买盘
09:46:52,34.74,0.0,346,1201846,买盘
09:46:55,34.74,0.0,406,1409859,买盘
09:46:58,34.74,0.0,984,3416810,买盘
09:47:01,34.74,0.0,158,548893,卖盘
09:47:04,34.74,0.0,2065,7177125,卖盘
09:47:07,34.75,0.01,316,1098013,中性盘
09:47:10,34.76,0.01,51,177255,买盘
09:47:13,34.76,0.0,166,577009,买盘
09:47:16,34.75,-0.01,2027,7047075,卖盘
09:47:19,34.76,0.01,225,782114,卖盘
09:47:22,34.77,0.01,71,246807,买盘
09:47:25,34.77,0.0,217,754815,买盘
09:47:28,34.77,0.0,359,1247188,买盘
09:47:31,34.77,0.0,30,104312,卖盘
09:47:34,34.8,0.03,270,939567,买盘
09:47:37,34.79,-0.01,269,936122,卖盘
09:47:40,34.79,0.0,107,372272,买盘
09:47:43,34.78,-0.01,49,170505,卖盘
09:47:46,34.78,0.0,172,598296,卖盘
09:47:49,34.8,0.02,105,365281,买盘
09:47:52,34.8,0.0,259,901162,买盘
09:47:55,34.79,-0.01,453,1575643,卖盘
09:47:58,34.79,0.0,352,1224464,买盘
09:48:01,34.78,-0.01,159,553112,卖盘
09:48:04,34.78,0.0,444,1543854,买盘
09:48:07,34.77,-0.01,169,587544,卖盘
09:48:10,34.78,0.01,184,639786,买盘
09:48:13,34.77,-0.01,140,486745,卖盘
09:48:16,34.76,-0.01,219,761311,卖盘
09:48:19,34.76,0.0,58,201613,买盘
09:48:22,34.76,0.0,178,618641,买盘
09:48:25,34.77,0.01,302,1050743,买盘
09:48:28,34.76,-0.01,249,865383,卖盘
09:48:31,34.76,0.0,122,424078,卖盘
09:48:34,34.76,0.0,285,990654,卖盘
09:48:37,34.76,0.0,966,3355937,买盘
09:48:40,34.76,0.0,201,699625,买盘
09:48:43,34.77,0.01,145,503976,买盘
09:48:46,34.76,-0.01,157,545655,中性盘
09:48:49,34.76,0.0,221,768244,买盘
09:48:52,34.76,0.0,136,472787,买盘
09:48:55,34.77,0.01,385,1337935,买盘
09:48:58,34.76,-0.01,288,1001162,卖盘
09:49:01,34.76,0.0,87,302376,买盘
09:49:04,34.76,0.0,265,921134,买盘
09:49:07,34.76,0.0,324,1125985,买盘
09:49:10,34.75,-0.01,163,565920,卖盘
09:49:13,34.76,0.01,978,3396016,买盘
09:49:16,34.75,-0.01,146,507413,卖盘
09:49:19,34.76,0.01,129,448281,买盘
09:49:22,34.76,0.0,65,225914,买盘
09:49:25,34.75,-0.01,154,535251,卖盘
09:49:28,34.75,0.0,254,885681,卖盘
09:49:31,34.76,0.01,129,445936,买盘
09:49:34,34.77,0.01,323,1123037,买盘
09:49:37,34.76,-0.01,197,684792,卖盘
09:49:40,34.76,0.0,85,295461,卖盘
09:49:43,34.75,-0.01,661,2297217,卖盘
09:49:46,34.76,0.01,109,380784,买盘
09:49:49,34.76,0.0,126,437907,买盘
09:49:52,34.76,0.0,254,882899,买盘
09:49:55,34.76,0.0,350,1216523,买盘
09:49:58,34.76,0.0,285,990561,卖盘
09:50:01,34.76,0.0,15,52142,卖盘
09:50:02,34.76,0.0,338,1174879,卖盘
09:50:07,34.76,0.0,505,1753424,卖盘
09:50:10,34.76,0.0,125,437246,卖盘
09:50:13,34.76,0.0,548,1903315,买盘
09:50:16,34.76,0.0,311,1081097,卖盘
09:50:19,34.76,0.0,95,330247,卖盘
09:50:22,34.76,0.0,203,705650,卖盘
09:50:25,34.76,0.0,299,1039361,卖盘
09:50:28,34.76,0.0,237,823820,卖盘
09:50:31,34.75,-0.01,180,625717,卖盘
09:50:34,34.76,0.01,171,594503,买盘
09:50:37,34.77,0.01,285,990622,买盘
09:50:40,34.76,-0.01,184,639589,卖盘
09:50:43,34.76,0.0,52,180765,卖盘
09:50:46,34.76,0.0,346,1202728,卖盘
09:50:49,34.77,0.01,916,3183870,买盘
09:50:52,34.77,0.0,240,834582,卖盘
09:50:55,34.77,0.0,276,959652,卖盘
09:50:58,34.78,0.01,284,987564,买盘
09:51:01,34.78,0.0,144,500859,卖盘
09:51:04,34.78,0.0,90,313031,卖盘
09:51:07,34.78,0.0,203,706045,卖盘
09:51:10,34.79,0.01,616,2142964,买盘
09:51:13,34.79,0.0,69,240025,卖盘
09:51:16,34.78,-0.01,101,351299,卖盘
09:51:19,34.8,0.02,310,1080655,买盘
09:51:22,34.8,0.0,76,262125,卖盘
09:51:25,34.79,-0.01,14,48706,中性盘
09:51:28,34.8,0.01,192,667975,买盘
09:51:32,34.8,0.0,200,695893,买盘
09:51:34,34.79,-0.01,107,372265,卖盘
09:51:37,34.8,0.01,196,681866,买盘
09:51:40,34.78,-0.02,85,295630,卖盘
09:51:43,34.78,0.0,36,127440,买盘
09:51:46,34.78,0.0,139,483356,买盘
09:51:49,34.79,0.01,83,288664,买盘
09:51:52,34.79,0.0,43,149595,买盘
09:51:55,34.77,-0.02,269,935525,卖盘
09:51:58,34.77,0.0,348,1210153,卖盘
09:52:01,34.77,0.0,431,1498246,买盘
09:52:04,34.77,0.0,241,837800,买盘
09:52:07,34.77,0.0,294,1022022,买盘
09:52:10,34.77,0.0,252,874147,买盘
09:52:13,34.77,0.0,359,1248257,卖盘
09:52:16,34.76,-0.01,240,834606,卖盘
09:52:19,34.75,-0.01,199,691614,卖盘
09:52:22,34.77,0.02,48,166855,买盘
09:52:25,34.76,-0.01,133,461465,中性盘
09:52:28,34.75,-0.01,272,946346,卖盘
09:52:29,34.76,0.01,150,521363,买盘
09:52:34,34.76,0.0,84,291980,买盘
09:52:37,34.76,0.0,320,1112199,买盘
09:52:40,34.76,0.0,213,740368,买盘
09:52:43,34.76,0.0,50,173800,卖盘
09:52:46,34.76,0.0,66,229419,卖盘
09:52:49,34.76,0.0,157,547187,卖盘
09:52:52,34.76,0.0,66,229408,买盘
09:52:55,34.76,0.0,70,243302,买盘
09:52:58,34.75,-0.01,731,2540421,卖盘
09:53:01,34.76,0.01,48,166847,买盘
09:53:04,34.76,0.0,245,851456,买盘
09:53:07,34.76,0.0,256,888227,买盘
09:53:10,34.76,0.0,498,1730646,买盘
09:53:13,34.76,0.0,330,1147080,买盘
09:53:16,34.76,0.0,110,382370,卖盘
09:53:19,34.76,0.0,254,883362,卖盘
09:53:22,34.76,0.0,2045,7104402,卖盘
09:53:25,34.75,-0.01,49,170300,卖盘
09:53:28,34.73,-0.02,663,2302749,卖盘
09:53:31,34.73,0.0,75,260475,买盘
09:53:34,34.73,0.0,807,2802454,买盘
09:53:37,34.72,-0.01,497,1725876,卖盘
09:53:40,34.73,0.01,1089,3781328,买盘
09:53:43,34.73,0.0,45,156288,卖盘
09:53:46,34.75,0.02,12,41691,买盘
09:53:49,34.72,-0.03,1363,4731499,卖盘
09:53:52,34.7,-0.02,5729,19882179,卖盘
09:53:55,34.72,0.02,180,624867,买盘
09:53:58,34.71,-0.01,532,1846110,卖盘
09:54:01,34.72,0.01,87,300034,买盘
09:54:04,34.72,0.0,984,3414857,买盘
09:54:07,34.73,0.01,265,920055,买盘
09:54:10,34.72,-0.01,158,548563,卖盘
09:54:13,34.72,0.0,105,364534,卖盘
09:54:16,34.71,-0.01,322,1117795,卖盘
09:54:19,34.71,0.0,159,551933,卖盘
09:54:22,34.72,0.01,440,1527799,买盘
09:54:25,34.72,0.0,127,440922,卖盘
09:54:28,34.72,0.0,178,617886,卖盘
09:54:31,34.72,0.0,85,295088,买盘
09:54:34,34.72,0.0,99,345222,买盘
09:54:37,34.72,0.0,1701,5903007,买盘
09:54:40,34.7,-0.02,1172,4067937,卖盘
09:54:43,34.7,0.0,119,412930,买盘
09:54:46,34.69,-0.01,213,739093,卖盘
09:54:49,34.7,0.01,279,968464,中性盘
09:54:52,34.71,0.01,66,229029,买盘
09:54:55,34.7,-0.01,2928,10170770,卖盘
09:54:58,34.71,0.01,838,2908296,买盘
09:55:01,34.7,-0.01,46,159659,卖盘
09:55:04,34.72,0.02,119,413082,买盘
09:55:07,34.71,-0.01,256,888476,卖盘
09:55:10,34.74,0.03,159,551970,买盘
09:55:13,34.71,-0.03,187,649214,卖盘
09:55:16,34.71,0.0,97,336582,买盘
09:55:19,34.72,0.01,80,277665,买盘
09:55:22,34.7,-0.02,961,3334557,卖盘
09:55:25,34.71,0.01,119,413132,买盘
09:55:28,34.7,-0.01,89,308860,卖盘
09:55:31,34.7,0.0,57,197802,卖盘
09:55:34,34.7,0.0,145,503234,卖盘
09:55:37,34.7,0.0,946,3283214,卖盘
09:55:40,34.7,0.0,299,1037371,卖盘
09:55:43,34.7,0.0,271,940370,买盘
09:55:46,34.71,0.01,1634,5669788,买盘
09:55:49,34.71,0.0,159,551741,买盘
09:55:52,34.71,0.0,227,787826,买盘
09:55:55,34.71,0.0,51,176981,买盘
09:55:58,34.71,0.0,447,1551144,卖盘
09:56:01,34.71,0.0,72,249908,买盘
09:56:04,34.71,0.0,79,274205,买盘
09:56:07,34.71,0.0,289,1003241,卖盘
09:56:10,34.72,0.01,170,590157,买盘
09:56:13,34.73,0.01,77,267319,买盘
09:56:16,34.72,-0.01,535,1857011,卖盘
09:56:19,34.72,0.0,236,819202,买盘
09:56:22,34.73,0.01,154,534759,买盘
09:56:25,34.72,-0.01,156,541748,卖盘
09:56:28,34.72,0.0,878,3047142,买盘
09:56:31,34.72,0.0,173,600629,买盘
09:56:34,34.72,0.0,79,274269,买盘
09:56:37,34.72,0.0,568,1971988,买盘
09:56:40,34.72,0.0,211,732599,卖盘
09:56:43,34.72,0.0,79,274291,卖盘
09:56:46,34.72,0.0,643,2232461,卖盘
09:56:49,34.72,0.0,496,1722016,买盘
09:56:52,34.71,-0.01,53,184005,卖盘
09:56:55,34.72,0.01,76,263822,买盘
09:56:58,34.71,-0.01,459,1593025,卖盘
09:57:01,34.71,0.0,98,340213,买盘
09:57:04,34.7,-0.01,687,2384544,卖盘
09:57:07,34.7,0.0,218,756650,卖盘
09:57:10,34.71,0.01,198,687172,买盘
09:57:13,34.7,-0.01,374,1297032,卖盘
09:57:16,34.72,0.02,267,926682,买盘
09:57:19,34.7,-0.02,207,718315,卖盘
09:57:22,34.71,0.01,190,659575,中性盘
09:57:25,34.71,0.0,40,138832,买盘
09:57:28,34.7,-0.01,382,1325613,卖盘
09:57:31,34.71,0.01,98,340136,买盘
09:57:34,34.71,0.0,201,697615,买盘
09:57:37,34.71,0.0,707,2453853,卖盘
09:57:40,34.71,0.0,107,369042,卖盘
09:57:43,34.72,0.01,546,1895668,买盘
09:57:46,34.7,-0.02,298,1034226,卖盘
09:57:49,34.71,0.01,922,3199391,买盘
09:57:52,34.7,-0.01,200,694194,卖盘
09:57:55,34.7,0.0,290,1009182,卖盘
09:57:58,34.69,-0.01,1857,6442066,卖盘
09:58:01,34.69,0.0,290,1005808,买盘
09:58:04,34.68,-0.01,2178,7553396,卖盘
09:58:07,34.68,0.0,150,520194,买盘
09:58:10,34.68,0.0,199,690020,买盘
09:58:13,34.67,-0.01,93,321360,卖盘
09:58:16,34.67,0.0,127,441460,卖盘
09:58:19,34.68,0.01,245,849403,买盘
09:58:22,34.67,-0.01,141,488870,卖盘
09:58:25,34.67,0.0,111,384779,卖盘
09:58:28,34.67,0.0,193,668964,买盘
09:58:31,34.67,0.0,425,1473283,买盘
09:58:34,34.67,0.0,265,917099,买盘
09:58:37,34.67,0.0,167,579000,卖盘
09:58:40,34.67,0.0,2156,7471661,卖盘
09:58:43,34.67,0.0,72,249603,卖盘
09:58:46,34.67,0.0,245,849416,买盘
09:58:50,34.67,0.0,225,779970,卖盘
09:58:53,34.67,0.0,269,932548,卖盘
09:58:55,34.67,0.0,386,1337947,买盘
09:58:58,34.68,0.01,455,1577487,买盘
09:59:01,34.67,-0.01,146,506211,卖盘
09:59:04,34.67,0.0,69,239259,卖盘
09:59:07,34.68,0.01,147,509668,买盘
09:59:10,34.68,0.0,277,960469,买盘
09:59:14,34.68,0.0,253,877265,买盘
09:59:16,34.68,0.0,135,468180,卖盘
09:59:20,34.67,-0.01,1051,3645175,卖盘
09:59:23,34.68,0.01,80,277392,买盘
09:59:25,34.68,0.0,85,294763,买盘
09:59:28,34.68,0.0,227,787055,卖盘
09:59:31,34.68,0.0,65,225400,卖盘
09:59:34,34.68,0.0,261,905173,卖盘
09:59:37,34.68,0.0,114,396784,卖盘
09:59:41,34.68,0.0,218,756050,卖盘
09:59:43,34.69,0.01,81,280932,买盘
09:59:47,34.69,0.0,111,385862,买盘
09:59:50,34.69,0.0,680,2358280,买盘
09:59:53,34.69,0.0,113,391984,买盘
09:59:55,34.69,0.0,318,1102892,买盘
09:59:58,34.67,-0.02,452,1567255,卖盘
10:00:01,34.7,0.03,89,308693,买盘
10:00:04,34.69,-0.01,120,416281,卖盘
10:00:07,34.69,0.0,128,443991,买盘
10:00:11,34.69,0.0,144,499451,买盘
10:00:14,34.69,0.0,502,1741004,买盘
10:00:17,34.68,-0.01,329,1141033,卖盘
10:00:20,34.68,0.0,467,1617127,买盘
10:00:23,34.69,0.01,107,371095,买盘
10:00:25,34.69,0.0,162,561920,买盘
10:00:28,34.68,-0.01,240,832130,卖盘
10:00:31,34.7,0.02,106,367426,买盘
10:00:34,34.66,-0.04,982,3406153,卖盘
10:00:38,34.66,0.0,163,564957,买盘
10:00:41,34.67,0.01,275,951318,买盘
10:00:44,34.66,-0.01,81,280013,卖盘
10:00:47,34.67,0.01,27,93627,卖盘
10:00:50,34.66,-0.01,687,2382771,卖盘
10:00:53,34.69,0.03,413,1433098,中性盘
10:00:55,34.67,-0.02,57,197676,卖盘
10:00:58,34.68,0.01,423,1466334,中性盘
10:01:01,34.67,-0.01,567,1965297,中性盘
10:01:04,34.67,0.0,63,218436,卖盘
10:01:08,34.67,0.0,30,104027,卖盘
10:01:11,34.67,0.0,436,1511401,卖盘
10:01:14,34.67,0.0,79,275039,买盘
10:01:17,34.67,0.0,209,724643,买盘
10:01:20,34.67,0.0,189,655170,卖盘
10:01:23,34.67,0.0,181,627458,卖盘
10:01:26,34.67,0.0,66,228865,卖盘
10:01:28,34.67,0.0,258,894525,卖盘
10:01:32,34.68,0.01,62,214967,买盘
10:01:35,34.67,-0.01,102,353657,卖盘
10:01:38,34.66,-0.01,60,208017,卖盘
10:01:41,34.68,0.02,147,509659,买盘
10:01:44,34.67,-0.01,92,318995,卖盘
10:01:47,34.67,0.0,220,762763,卖盘
10:01:50,34.66,-0.01,128,443743,卖盘
10:01:53,34.66,0.0,8,27873,卖盘
10:01:56,34.66,0.0,272,943019,卖盘
10:01:58,34.66,0.0,790,2738632,卖盘
10:02:02,34.66,0.0,593,2054052,卖盘
10:02:05,34.66,0.0,76,263405,买盘
10:02:08,34.66,0.0,1386,4802568,买盘
10:02:11,34.65,-0.01,412,1429293,卖盘
10:02:14,34.65,0.0,842,2917434,买盘
10:02:17,34.66,0.01,207,717249,买盘
10:02:20,34.64,-0.02,259,898173,卖盘
10:02:22,34.66,0.02,134,464315,买盘
10:02:26,34.64,-0.02,35,121252,卖盘
10:02:29,34.63,-0.01,611,2116076,卖盘
10:02:32,34.63,0.0,762,2637950,买盘
10:02:35,34.63,0.0,426,1474735,买盘
10:02:38,34.62,-0.01,2712,9385173,卖盘
10:02:41,34.62,0.0,106,366978,买盘
10:02:44,34.61,-0.01,3337,11546684,卖盘
10:02:47,34.61,0.0,439,1519099,买盘
10:02:50,34.61,0.0,187,647091,卖盘
10:02:53,34.61,0.0,169,584933,卖盘
10:02:56,34.61,0.0,517,1789736,卖盘
10:02:59,34.62,0.01,355,1228804,中性盘
10:03:02,34.61,-0.01,279,965795,卖盘
10:03:05,34.62,0.01,274,948519,卖盘
10:03:08,34.61,-0.01,93,321974,卖盘
10:03:11,34.63,0.02,452,1565059,中性盘
10:03:14,34.61,-0.02,501,1735157,卖盘
10:03:17,34.63,0.02,99,342827,买盘
10:03:20,34.63,0.0,232,803386,卖盘
10:03:23,34.61,-0.02,182,630149,卖盘
10:03:26,34.63,0.02,347,1201739,买盘
10:03:28,34.62,-0.01,598,2070373,卖盘
10:03:32,34.62,0.0,211,730634,卖盘
10:03:35,34.62,0.0,484,1675316,买盘
10:03:38,34.62,0.0,162,560944,卖盘
10:03:41,34.62,0.0,251,869055,卖盘
10:03:44,34.64,0.02,152,526361,买盘
10:03:47,34.62,-0.02,29,100416,卖盘
10:03:50,34.63,0.01,97,335842,中性盘
10:03:53,34.64,0.01,169,585377,买盘
10:03:56,34.63,-0.01,266,921128,卖盘
10:03:59,34.64,0.01,246,851974,买盘
10:04:02,34.64,0.0,675,2336606,买盘
10:04:05,34.64,0.0,45,155897,卖盘
10:04:08,34.65,0.01,545,1888315,买盘
10:04:11,34.65,0.0,127,440032,卖盘
10:04:14,34.65,0.0,78,270286,卖盘
10:04:17,34.64,-0.01,791,2739665,卖盘
10:04:20,34.64,0.0,50,173210,买盘
10:04:23,34.64,0.0,58,200940,卖盘
10:04:26,34.65,0.01,162,561241,买盘
10:04:29,34.63,-0.02,120,415739,卖盘
10:04:32,34.66,0.03,36,124705,买盘
10:04:35,34.65,-0.01,96,332673,卖盘
10:04:38,34.65,0.0,22,75052,卖盘
10:04:41,34.66,0.01,100,346559,买盘
10:04:44,34.65,-0.01,601,2084141,卖盘
10:04:47,34.65,0.0,367,1271602,买盘
10:04:50,34.66,0.01,192,665465,买盘
10:04:53,34.66,0.0,11,38126,卖盘
10:04:56,34.66,0.0,36,124776,卖盘
10:04:59,34.66,0.0,45,155977,卖盘
10:05:02,34.67,0.01,442,1532602,买盘
10:05:05,34.67,0.0,188,651773,买盘
10:05:08,34.67,0.0,82,284276,买盘
10:05:11,34.67,0.0,288,998419,买盘
10:05:14,34.67,0.0,170,589316,买盘
10:05:17,34.67,0.0,129,447243,买盘
10:05:20,34.67,0.0,147,509654,卖盘
10:05:23,34.67,0.0,92,318986,卖盘
10:05:26,34.68,0.01,169,586027,买盘
10:05:29,34.68,0.0,61,211507,买盘
10:05:31,34.67,-0.01,130,450752,卖盘
10:05:35,34.68,0.01,167,576720,买盘
10:05:38,34.67,-0.01,167,579039,卖盘
10:05:41,34.68,0.01,207,717754,买盘
10:05:44,34.68,0.0,81,280907,买盘
10:05:47,34.68,0.0,90,312110,买盘
10:05:50,34.68,0.0,88,305180,买盘
10:05:53,34.68,0.0,94,325993,卖盘
10:05:56,34.68,0.0,22,76302,卖盘
10:05:58,34.69,0.01,58,201164,买盘
10:06:01,34.69,0.0,505,1751863,买盘
10:06:05,34.69,0.0,49,169975,买盘
10:06:07,34.68,-0.01,299,1036671,卖盘
10:06:11,34.68,0.0,35,121380,买盘
10:06:14,34.68,0.0,44,152592,买盘
10:06:17,34.68,0.0,73,253100,买盘
10:06:20,34.68,0.0,503,1744770,买盘
10:06:23,34.69,0.01,137,475132,买盘
10:06:26,34.69,0.0,58,201202,卖盘
10:06:29,34.69,0.0,279,968069,卖盘
10:06:32,34.69,0.0,226,784013,卖盘
10:06:35,34.69,0.0,48,166503,买盘
10:06:38,34.69,0.0,39,135275,买盘
10:06:41,34.68,-0.01,154,534157,卖盘
10:06:44,34.7,0.02,18,62443,买盘
10:06:47,34.7,0.0,43,149180,买盘
10:06:50,34.7,0.0,91,315716,买盘
10:06:53,34.7,0.0,89,308750,买盘
10:06:56,34.7,0.0,79,276761,买盘
10:06:59,34.69,-0.01,202,698101,卖盘
10:07:01,34.69,0.0,295,1023841,买盘
10:07:05,34.69,0.0,96,333015,买盘
10:07:08,34.68,-0.01,77,267107,卖盘
10:07:11,34.68,0.0,373,1293981,卖盘
10:07:14,34.7,0.02,68,235843,买盘
10:07:17,34.69,-0.01,46,159592,卖盘
10:07:20,34.69,0.0,48,166557,卖盘
10:07:23,34.7,0.01,555,1925611,买盘
10:07:26,34.7,0.0,71,246375,卖盘
10:07:28,34.7,0.0,58,201261,卖盘
10:07:32,34.7,0.0,90,312057,卖盘
10:07:35,34.7,0.0,106,367763,买盘
10:07:38,34.7,0.0,128,445221,买盘
10:07:41,34.7,0.0,223,773724,买盘
10:07:44,34.7,0.0,208,721725,买盘
10:07:47,34.7,0.0,73,253306,买盘
10:07:50,34.69,-0.01,98,340004,卖盘
10:07:52,34.7,0.01,355,1231774,买盘
10:07:56,34.69,-0.01,396,1374025,卖盘
10:07:59,34.7,0.01,30,104100,卖盘
10:08:02,34.69,-0.01,327,1134330,卖盘
10:08:05,34.69,0.0,57,197732,买盘
10:08:08,34.7,0.01,912,3165186,买盘
10:08:11,34.69,-0.01,135,468437,卖盘
10:08:13,34.7,0.01,23,79815,中性盘
10:08:17,34.72,0.02,78,270664,买盘
10:08:19,34.7,-0.02,10,32207,卖盘
10:08:23,34.7,0.0,148,513561,卖盘
10:08:26,34.72,0.02,147,510234,买盘
10:08:29,34.71,-0.01,537,1863632,卖盘
10:08:32,34.71,0.0,45,156195,卖盘
10:08:35,34.71,0.0,47,163139,买盘
10:08:38,34.71,0.0,63,218655,卖盘
10:08:39,34.71,0.0,98,340155,买盘
10:08:44,34.71,0.0,216,749734,买盘
10:08:47,34.72,0.01,61,211746,买盘
10:08:50,34.72,0.0,27,93742,买盘
10:08:52,34.72,0.0,157,544990,买盘
10:08:56,34.72,0.0,105,364531,买盘
10:08:59,34.71,-0.01,18,62495,卖盘
10:09:02,34.72,0.01,857,2974997,买盘
10:09:05,34.72,0.0,214,743008,卖盘
10:09:08,34.72,0.0,353,1225616,卖盘
10:09:11,34.72,0.0,133,461788,卖盘
10:09:14,34.73,0.01,213,739710,买盘
10:09:17,34.72,-0.01,84,291672,卖盘
10:09:20,34.72,0.0,226,784799,卖盘
10:09:22,34.72,0.0,87,302064,买盘
10:09:26,34.73,0.01,77,267354,买盘
10:09:29,34.72,-0.01,31,107642,卖盘
10:09:32,34.72,0.0,312,1083191,卖盘
10:09:35,34.72,0.0,558,1936946,买盘
10:09:37,34.72,0.0,156,543152,买盘
10:09:41,34.72,0.0,133,461664,买盘
10:09:44,34.72,0.0,99,343715,买盘
10:09:47,34.72,0.0,36,122998,买盘
10:09:49,34.71,-0.01,73,254680,卖盘
10:09:53,34.72,0.01,413,1434514,买盘
10:09:56,34.72,0.0,213,738738,买盘
10:09:59,34.72,0.0,56,194432,卖盘
10:10:02,34.72,0.0,325,1128400,卖盘
10:10:05,34.73,0.01,415,1441056,买盘
10:10:07,34.71,-0.02,514,1784779,卖盘
10:10:11,34.72,0.01,83,288238,卖盘
10:10:14,34.72,0.0,97,336813,卖盘
10:10:17,34.72,0.0,131,454832,买盘
10:10:20,34.75,0.03,1280,4446892,买盘
10:10:22,34.72,-0.03,85,295208,卖盘
10:10:26,34.75,0.03,23,79922,买盘
10:10:29,34.75,0.0,273,948694,买盘
10:10:32,34.75,0.0,246,854855,卖盘
10:10:35,34.75,0.0,43,149425,卖盘
10:10:38,34.75,0.0,52,180734,卖盘
10:10:41,34.76,0.01,727,2526646,买盘
10:10:44,34.75,-0.01,118,410109,卖盘
10:10:47,34.76,0.01,49,171422,买盘
10:10:49,34.76,0.0,175,608215,买盘
10:10:53,34.76,0.0,115,399654,卖盘
10:10:56,34.77,0.01,73,253815,买盘
10:10:59,34.77,0.0,39,135603,买盘
10:11:02,34.77,0.0,366,1272245,买盘
10:11:05,34.77,0.0,59,205103,买盘
10:11:07,34.77,0.0,95,330339,卖盘
10:11:10,34.77,0.0,669,2324926,买盘
10:11:13,34.74,-0.03,466,1618975,卖盘
10:11:16,34.76,0.02,100,347597,买盘
10:11:19,34.74,-0.02,13,45951,卖盘
10:11:22,34.76,0.02,93,323121,买盘
10:11:26,34.76,0.0,9,31284,买盘
10:11:29,34.76,0.0,20,69520,买盘
10:11:32,34.76,0.0,270,937144,买盘
10:11:35,34.74,-0.02,75,260598,卖盘
10:11:37,34.74,0.0,12,41698,卖盘
10:11:41,34.74,0.0,90,312671,卖盘
10:11:44,34.75,0.01,54,187627,买盘
10:11:46,34.75,0.0,54,187684,买盘
10:11:49,34.76,0.01,1,3476,买盘
10:11:52,34.76,0.0,243,844558,买盘
10:11:56,34.77,0.01,10,34770,买盘
10:11:59,34.77,0.0,27,93858,买盘
10:12:01,34.75,-0.02,239,830613,卖盘
10:12:05,34.75,0.0,51,177215,买盘
10:12:08,34.76,0.01,124,430954,买盘
10:12:11,34.76,0.0,35,121629,买盘
10:12:13,34.77,0.01,182,632603,买盘
10:12:16,34.76,-0.01,65,225937,中性盘
10:12:19,34.76,0.0,46,159902,卖盘
10:12:23,34.78,0.02,275,956060,买盘
10:12:25,34.76,-0.02,36,125163,卖盘
10:12:29,34.75,-0.01,168,583969,卖盘
10:12:31,34.77,0.02,6,20861,中性盘
10:12:35,34.76,-0.01,6,20853,买盘
10:12:38,34.76,0.0,52,180744,买盘
10:12:41,34.75,-0.01,35,121626,卖盘
10:12:44,34.76,0.01,125,434418,买盘
10:12:46,34.76,0.0,42,145996,卖盘
10:12:50,34.77,0.01,142,493713,买盘
10:12:52,34.77,0.0,130,452014,卖盘
10:12:55,34.79,0.02,190,660816,买盘
10:12:58,34.77,-0.02,36,125182,卖盘
10:13:01,34.76,-0.01,236,820524,卖盘
10:13:05,34.76,0.0,38,132088,买盘
10:13:07,34.76,0.0,74,257223,买盘
10:13:11,34.77,0.01,94,326799,买盘
10:13:14,34.77,0.0,116,403244,买盘
10:13:16,34.78,0.01,18,62589,买盘
10:13:20,34.76,-0.02,175,608543,卖盘
10:13:22,34.77,0.01,29,100833,卖盘
10:13:25,34.77,0.0,68,236440,买盘
10:13:29,34.77,0.0,61,212097,买盘
10:13:31,34.76,-0.01,99,344175,卖盘
10:13:35,34.77,0.01,112,389455,中性盘
10:13:38,34.78,0.01,58,201661,中性盘
10:13:41,34.78,0.0,109,379191,中性盘
10:13:43,34.76,-0.02,329,1143842,卖盘
10:13:46,34.77,0.01,84,292001,买盘
10:13:49,34.77,0.0,54,187758,买盘
10:13:52,34.78,0.01,111,385877,买盘
10:13:56,34.77,-0.01,6,20862,卖盘
10:13:59,34.78,0.01,154,535497,买盘
10:14:02,34.76,-0.02,143,497201,卖盘
10:14:04,34.76,0.0,30,104280,买盘
10:14:07,34.79,0.03,381,1324788,买盘
10:14:11,34.77,-0.02,84,292091,中性盘
10:14:13,34.78,0.01,107,371966,买盘
10:14:17,34.78,0.0,54,187804,卖盘
10:14:19,34.78,0.0,172,598201,买盘
10:14:22,34.77,-0.01,51,177323,卖盘
10:14:25,34.77,0.0,103,358161,买盘
10:14:29,34.77,0.0,33,114741,买盘
10:14:32,34.77,0.0,439,1526810,买盘
10:14:35,34.78,0.01,14,48682,中性盘
10:14:37,34.79,0.01,37,128723,买盘
10:14:40,34.79,0.0,405,1409391,卖盘
10:14:43,34.8,0.01,90,313122,买盘
10:14:47,34.81,0.01,144,501483,买盘
10:14:50,34.8,-0.01,64,222729,卖盘
10:14:53,34.82,0.02,109,379329,买盘
10:14:56,34.82,0.0,46,160145,买盘
10:14:58,34.81,-0.01,54,188006,卖盘
10:15:01,34.81,0.0,33,114892,卖盘
10:15:05,34.81,0.0,311,1082348,买盘
10:15:07,34.79,-0.02,512,1781517,卖盘
10:15:11,34.8,0.01,206,717016,买盘
10:15:14,34.79,-0.01,247,859348,卖盘
10:15:16,34.79,0.0,29,100891,买盘
10:15:20,34.79,0.0,308,1071532,买盘
10:15:22,34.8,0.01,99,344402,买盘
10:15:25,34.8,0.0,14,48711,买盘
10:15:29,34.8,0.0,66,229625,买盘
10:15:32,34.8,0.0,658,2289843,买盘
10:15:35,34.81,0.01,77,267951,买盘
10:15:38,34.81,0.0,31,107911,买盘
10:15:41,34.8,-0.01,39,135740,卖盘
10:15:43,34.81,0.01,148,515120,买盘
10:15:47,34.81,0.0,154,536070,卖盘
10:15:50,34.82,0.01,19,66142,买盘
10:15:52,34.81,-0.01,76,264556,卖盘
10:15:56,34.81,0.0,56,194950,卖盘
10:15:58,34.81,0.0,41,142665,卖盘
10:16:01,34.81,0.0,136,473468,卖盘
10:16:05,34.81,0.0,256,890900,卖盘
10:16:07,34.82,0.01,173,602381,买盘
10:16:11,34.82,0.0,119,414320,买盘
10:16:13,34.81,-0.01,51,177528,中性盘
10:16:17,34.82,0.01,357,1243022,买盘
10:16:20,34.82,0.0,5,17410,卖盘
10:16:22,34.82,0.0,90,313384,卖盘
10:16:26,34.82,0.0,40,139280,卖盘
10:16:28,34.83,0.01,241,839388,买盘
10:16:32,34.82,-0.01,666,2319308,卖盘
10:16:35,34.82,0.0,178,619791,买盘
10:16:37,34.84,0.02,127,442428,买盘
10:16:40,34.82,-0.02,21,73135,卖盘
10:16:44,34.82,0.0,70,243763,卖盘
10:16:46,34.82,0.0,54,188031,卖盘
10:16:50,34.82,0.0,62,215900,卖盘
10:16:52,34.82,0.0,23,80086,卖盘
10:16:56,34.82,0.0,16,55712,买盘
10:16:58,34.81,-0.01,60,208880,卖盘
10:17:01,34.81,0.0,125,436217,卖盘
10:17:04,34.8,-0.01,374,1301999,卖盘
10:17:07,34.82,0.02,17,59192,中性盘
10:17:11,34.82,0.0,31,107928,买盘
10:17:14,34.8,-0.02,102,355031,卖盘
10:17:16,34.81,0.01,54,187941,买盘
10:17:19,34.82,0.01,108,375987,买盘
10:17:22,34.8,-0.02,132,459421,卖盘
10:17:26,34.8,0.0,148,515288,卖盘
10:17:28,34.81,0.01,91,316859,卖盘
10:17:31,34.83,0.02,515,1793638,买盘
10:17:34,34.84,0.01,108,376174,买盘
10:17:37,34.84,0.0,405,1410728,买盘
10:17:40,34.83,-0.01,185,644031,买盘
10:17:43,34.83,0.0,89,309915,卖盘
10:17:46,34.83,0.0,186,647923,卖盘
10:17:49,34.84,0.01,112,390164,买盘
10:17:53,34.84,0.0,130,452921,卖盘
10:17:56,34.84,0.0,113,393704,卖盘
10:17:59,34.85,0.01,222,773630,买盘
10:18:01,34.85,0.0,20,69700,卖盘
10:18:05,34.82,-0.03,342,1191695,卖盘
10:18:07,34.84,0.02,8,27868,买盘
10:18:10,34.84,0.0,30,104526,买盘
10:18:14,34.85,0.01,190,662028,买盘
10:18:16,34.85,0.0,6,20906,买盘
10:18:19,34.84,-0.01,31,108031,卖盘
10:18:22,34.84,0.0,224,780539,卖盘
10:18:26,34.84,0.0,171,595775,卖盘
10:18:28,34.85,0.01,141,491258,买盘
10:18:31,34.85,0.0,114,397285,买盘
10:18:35,34.85,0.0,105,365843,卖盘
10:18:37,34.86,0.01,35,121980,买盘
10:18:41,34.85,-0.01,8,27880,卖盘
10:18:43,34.85,0.0,79,275315,卖盘
10:18:46,34.85,0.0,308,1073414,卖盘
10:18:49,34.86,0.01,304,1059500,买盘
10:18:52,34.87,0.01,122,425294,买盘
10:18:56,34.86,-0.01,20,69728,卖盘
10:18:58,34.88,0.02,212,739365,买盘
10:19:01,34.88,0.0,10,34880,卖盘
10:19:04,34.88,0.0,323,1126624,卖盘
10:19:07,34.89,0.01,136,474453,买盘
10:19:11,34.88,-0.01,58,202356,卖盘
10:19:13,34.89,0.01,137,477911,买盘
10:19:16,34.89,0.0,33,115137,买盘
10:19:20,34.89,0.0,100,348850,买盘
10:19:22,34.87,-0.02,201,703006,卖盘
10:19:26,34.88,0.01,29,101152,买盘
10:19:28,34.88,0.0,69,240621,买盘
10:19:32,34.88,0.0,126,439387,买盘
10:19:34,34.87,-0.01,56,193520,卖盘
10:19:37,34.87,0.0,31,108086,买盘
10:19:41,34.86,-0.01,109,379979,卖盘
10:19:43,34.86,0.0,161,561255,卖盘
10:19:46,34.85,-0.01,14,49497,卖盘
10:19:49,34.86,0.01,7,24402,买盘
10:19:52,34.85,-0.01,123,428662,卖盘
10:19:55,34.85,0.0,117,408516,卖盘
10:19:59,34.85,0.0,26,90612,卖盘
10:20:01,34.85,0.0,13,45305,卖盘
10:20:05,34.84,-0.01,294,1023784,卖盘
10:20:07,34.84,0.0,28,97549,买盘
10:20:09,34.84,0.0,27,94065,买盘
10:20:13,34.82,-0.02,66,229908,卖盘
10:20:16,34.83,0.01,15,52237,买盘
10:20:19,34.83,0.0,45,156732,买盘
10:20:22,34.82,-0.01,145,505647,卖盘
10:20:25,34.82,0.0,91,316905,卖盘
10:20:29,34.83,0.01,111,386503,买盘
10:20:31,34.83,0.0,34,118418,买盘
10:20:35,34.83,0.0,199,690348,买盘
10:20:37,34.83,0.0,107,372731,卖盘
10:20:41,34.83,0.0,46,160236,卖盘
10:20:43,34.83,0.0,238,828976,卖盘
10:20:46,34.84,0.01,53,184621,买盘
10:20:50,34.83,-0.01,10,34830,买盘
10:20:52,34.82,-0.01,118,410881,卖盘
10:20:55,34.82,0.0,115,400498,卖盘
10:20:58,34.83,0.01,3,10449,中性盘
10:21:02,34.83,0.0,5,17415,卖盘
10:21:05,34.83,0.0,445,1549589,卖盘
10:21:07,34.84,0.01,29,101019,买盘
10:21:10,34.83,-0.01,120,417978,卖盘
10:21:13,34.83,0.0,30,104490,卖盘
10:21:16,34.84,0.01,43,149796,买盘
10:21:19,34.84,0.0,2,6968,买盘
10:21:22,34.83,-0.01,243,846319,卖盘
10:21:26,34.83,0.0,25,87090,卖盘
10:21:28,34.84,0.01,60,209023,买盘
10:21:32,34.84,0.0,61,212523,买盘
10:21:34,34.82,-0.02,125,435654,卖盘
10:21:38,34.83,0.01,275,958076,买盘
10:21:41,34.83,0.0,16,55735,卖盘
10:21:44,34.82,-0.01,93,323859,卖盘
10:21:46,34.84,0.02,13,45292,中性盘
10:21:50,34.83,-0.01,47,163714,卖盘
10:21:52,34.83,0.0,99,344886,卖盘
10:21:56,34.83,0.0,50,174149,买盘
10:21:59,34.83,0.0,9,31347,买盘
10:22:02,34.83,0.0,105,365715,买盘
10:22:05,34.83,0.0,356,1239376,卖盘
10:22:07,34.84,0.01,42,146301,买盘
10:22:11,34.83,-0.01,7,24381,卖盘
10:22:13,34.83,0.0,118,411109,卖盘
10:22:16,34.84,0.01,394,1372593,买盘
10:22:19,34.84,0.0,115,400660,卖盘
10:22:23,34.85,0.01,87,303110,买盘
10:22:25,34.84,-0.01,143,498324,卖盘
10:22:28,34.84,0.0,45,156780,卖盘
10:22:32,34.84,0.0,155,540031,卖盘
10:22:35,34.85,0.01,147,512217,买盘
10:22:38,34.84,-0.01,13,45303,卖盘
10:22:41,34.84,0.0,32,111489,卖盘
10:22:43,34.83,-0.01,33,114969,卖盘
10:22:47,34.83,0.0,52,181136,卖盘
10:22:49,34.83,0.0,14,48765,卖盘
10:22:52,34.83,0.0,159,553837,卖盘
10:22:56,34.84,0.01,24,83607,买盘
10:22:59,34.84,0.0,78,271711,买盘
10:23:01,34.85,0.01,178,620734,买盘
10:23:04,34.82,-0.03,336,1170360,卖盘
10:23:08,34.84,0.02,5,17420,卖盘
10:23:10,34.84,0.0,30,104535,卖盘
10:23:13,34.85,0.01,16,55755,买盘
10:23:16,34.84,-0.01,45,156787,卖盘
10:23:20,34.85,0.01,38,132430,买盘
10:23:22,34.84,-0.01,14,50494,卖盘
10:23:26,34.85,0.01,22,76678,卖盘
10:23:29,34.85,0.0,57,198646,卖盘
10:23:31,34.84,-0.01,6,20908,卖盘
10:23:34,34.85,0.01,25,87121,买盘
10:23:37,34.84,-0.01,1181,4118796,卖盘
10:23:41,34.85,0.01,15,52271,买盘
10:23:43,34.85,0.0,92,320579,卖盘
10:23:47,34.85,0.0,44,153328,买盘
10:23:49,34.85,0.0,3,10455,买盘
10:23:52,34.85,0.0,5,17424,买盘
10:23:56,34.85,0.0,7,24395,卖盘
10:23:58,34.85,0.0,10,34855,卖盘
10:24:02,34.85,0.0,17,57154,卖盘
10:24:04,34.84,-0.01,246,857162,卖盘
10:24:07,34.85,0.01,64,223046,中性盘
10:24:10,34.86,0.01,32,111626,买盘
10:24:13,34.84,-0.02,29,100955,卖盘
10:24:17,34.85,0.01,151,526340,买盘
10:24:19,34.86,0.01,129,449686,买盘
10:24:22,34.86,0.0,91,317256,卖盘
10:24:26,34.86,0.0,153,533386,卖盘
10:24:29,34.86,0.0,52,181296,卖盘
10:24:32,34.86,0.0,239,833727,卖盘
10:24:35,34.87,0.01,4,13951,中性盘
10:24:37,34.87,0.0,51,177811,买盘
10:24:44,34.87,0.0,15,52305,卖盘
10:24:47,34.86,-0.01,31,108092,卖盘
10:24:50,34.86,0.0,33,115070,卖盘
10:24:52,34.86,0.0,8,27892,卖盘
10:24:55,34.86,0.0,247,861058,卖盘
10:24:59,34.85,-0.01,74,258024,卖盘
10:25:01,34.87,0.02,29,101074,买盘
10:25:05,34.86,-0.01,10,34857,买盘
10:25:07,34.85,-0.01,267,930582,卖盘
10:25:11,34.86,0.01,8,27888,卖盘
10:25:13,34.84,-0.02,83,289310,卖盘
10:25:17,34.86,0.02,15,52290,买盘
10:25:20,34.84,-0.02,8,27493,卖盘
10:25:23,34.85,0.01,5,17425,买盘
10:25:26,34.85,0.0,119,414730,买盘
10:25:28,34.84,-0.01,578,2014581,卖盘
10:25:31,34.84,0.0,75,261286,买盘
10:25:34,34.83,-0.01,71,247756,卖盘
10:25:37,34.83,0.0,26,90107,买盘
10:25:41,34.83,0.0,17,59207,买盘
10:25:44,34.82,-0.01,376,1308729,卖盘
10:25:46,34.83,0.01,49,171264,买盘
10:25:50,34.82,-0.01,135,470204,卖盘
10:25:52,34.83,0.01,1,3483,买盘
10:25:55,34.82,-0.01,205,714049,卖盘
10:25:58,34.83,0.01,68,236834,买盘
10:26:01,34.82,-0.01,19,66171,卖盘
10:26:05,34.83,0.01,158,550232,买盘
10:26:08,34.83,0.0,302,1051352,买盘
10:26:11,34.83,0.0,38,132354,卖盘
10:26:13,34.83,0.0,151,525909,卖盘
10:26:16,34.82,-0.01,8,27856,卖盘
10:26:19,34.83,0.01,119,414477,买盘
10:26:23,34.83,0.0,121,421426,买盘
10:26:26,34.82,-0.01,201,699892,买盘
10:26:29,34.82,0.0,46,160172,买盘
10:26:32,34.81,-0.01,107,372554,卖盘
10:26:35,34.83,0.02,182,633728,买盘
10:26:37,34.81,-0.02,218,759028,卖盘
10:26:41,34.82,0.01,3,10446,中性盘
10:26:43,34.81,-0.01,470,1636006,中性盘
10:26:47,34.8,-0.01,62,216470,卖盘
10:26:50,34.81,0.01,93,323680,买盘
10:26:52,34.8,-0.01,15,52203,卖盘
10:26:56,34.8,0.0,761,2648897,卖盘
10:26:59,34.8,0.0,63,220058,卖盘
10:27:01,34.8,0.0,13,45240,卖盘
10:27:05,34.8,0.0,95,330604,卖盘
10:27:07,34.81,0.01,826,2875371,买盘
10:27:11,34.8,-0.01,87,302782,卖盘
10:27:13,34.8,0.0,85,295804,卖盘
10:27:17,34.8,0.0,179,622941,卖盘
10:27:20,34.8,0.0,100,348001,卖盘
10:27:23,34.81,0.01,38,132267,买盘
10:27:25,34.8,-0.01,282,978295,卖盘
10:27:28,34.8,0.0,57,198360,买盘
10:27:31,34.79,-0.01,109,379292,卖盘
10:27:35,34.78,-0.01,701,2438587,卖盘
10:27:37,34.8,0.02,211,734087,买盘
10:27:40,34.8,0.0,31,107880,卖盘
10:27:43,34.8,0.0,8,27841,卖盘
10:27:46,34.8,0.0,238,828330,卖盘
10:27:49,34.8,0.0,197,685562,卖盘
10:27:52,34.78,-0.02,12,41750,卖盘
10:27:56,34.78,0.0,131,456474,卖盘
10:27:58,34.78,0.0,136,472390,卖盘
10:28:02,34.78,0.0,41,142595,买盘
10:28:05,34.77,-0.01,96,333807,卖盘
10:28:07,34.76,-0.01,794,2760931,卖盘
10:28:10,34.76,0.0,102,354574,卖盘
10:28:13,34.76,0.0,74,257224,卖盘
10:28:16,34.76,0.0,6,20856,卖盘
10:28:19,34.77,0.01,98,340730,买盘
10:28:22,34.77,0.0,15,52155,卖盘
10:28:25,34.78,0.01,298,1036352,买盘
10:28:29,34.74,-0.04,2126,7389526,卖盘
10:28:31,34.74,0.0,170,590055,买盘
10:28:34,34.76,0.02,486,1688525,买盘
10:28:37,34.76,0.0,41,142521,卖盘
10:28:40,34.76,0.0,18,62586,卖盘
10:28:43,34.77,0.01,114,396377,买盘
10:28:47,34.78,0.01,171,594600,买盘
10:28:50,34.78,0.0,149,518217,卖盘
10:28:52,34.77,-0.01,67,233005,卖盘
10:28:56,34.78,0.01,53,184321,买盘
10:28:58,34.78,0.0,18,62604,买盘
10:29:01,34.77,-0.01,41,142526,中性盘
10:29:04,34.76,-0.01,131,455377,买盘
10:29:07,34.75,-0.01,126,437881,卖盘
10:29:11,34.75,0.0,100,347470,买盘
10:29:13,34.75,0.0,600,2086054,买盘
10:29:17,34.75,0.0,512,1780249,卖盘
10:29:19,34.75,0.0,19,66037,卖盘
10:29:22,34.77,0.02,119,413541,买盘
10:29:26,34.75,-0.02,93,323187,卖盘
10:29:28,34.77,0.02,81,281557,买盘
10:29:31,34.75,-0.02,41,142477,卖盘
10:29:35,34.75,0.0,141,489972,买盘
10:29:37,34.75,0.0,92,319700,买盘
10:29:40,34.76,0.01,175,608036,买盘
10:29:43,34.75,-0.01,95,330131,卖盘
10:29:46,34.75,0.0,70,243231,买盘
10:29:49,34.75,0.0,55,191107,买盘
10:29:52,34.75,0.0,68,236270,买盘
10:29:55,34.75,0.0,94,326590,卖盘
10:29:58,34.76,0.01,34,118153,买盘
10:30:01,34.73,-0.03,530,1840980,卖盘
10:30:04,34.75,0.02,42,145943,买盘
10:30:07,34.74,-0.01,217,753950,卖盘
10:30:10,34.75,0.01,371,1288934,买盘
10:30:13,34.74,-0.01,224,778361,卖盘
10:30:16,34.74,0.0,38,132015,卖盘
10:30:19,34.76,0.02,247,858164,买盘
10:30:22,34.75,-0.01,538,1869085,卖盘
10:30:26,34.74,-0.01,30,104236,卖盘
10:30:28,34.73,-0.01,45,156329,卖盘
10:30:32,34.73,0.0,23,79889,卖盘
10:30:35,34.74,0.01,89,309107,中性盘
10:30:37,34.74,0.0,12,41688,卖盘
10:30:41,34.75,0.01,133,462166,买盘
10:30:43,34.73,-0.02,517,1795685,卖盘
10:30:46,34.73,0.0,290,1007170,买盘
10:30:49,34.73,0.0,5,17365,买盘
10:30:52,34.73,0.0,324,1125344,买盘
10:30:56,34.72,-0.01,808,2805479,卖盘
10:30:58,34.74,0.02,6,20841,中性盘
10:31:01,34.74,0.0,32,111154,中性盘
10:31:05,34.73,-0.01,178,618340,卖盘
10:31:07,34.74,0.01,284,986433,中性盘
10:31:10,34.75,0.01,92,319700,买盘
10:31:13,34.76,0.01,125,434555,买盘
10:31:16,34.76,0.0,148,514537,卖盘
10:31:19,34.77,0.01,121,420717,卖盘
10:31:22,34.78,0.01,185,643415,买盘
10:31:25,34.77,-0.01,394,1370341,卖盘
10:31:28,34.78,0.01,99,344229,买盘
10:31:31,34.78,0.0,240,835081,卖盘
10:31:34,34.8,0.02,72,250532,买盘
10:31:37,34.78,-0.02,74,257373,卖盘
10:31:40,34.78,0.0,49,170472,买盘
10:31:43,34.78,0.0,88,306128,卖盘
10:31:46,34.78,0.0,168,584170,卖盘
10:31:49,34.78,0.0,47,163486,卖盘
10:31:52,34.78,0.0,38,132171,卖盘
10:31:55,34.8,0.02,78,271286,买盘
10:31:58,34.8,0.0,4,13917,买盘
10:32:01,34.79,-0.01,32,111359,卖盘
10:32:05,34.79,0.0,267,928617,卖盘
10:32:07,34.79,0.0,17,59139,买盘
10:32:11,34.78,-0.01,33,114774,买盘
10:32:13,34.77,-0.01,81,281693,卖盘
10:32:14,34.77,0.0,98,340761,卖盘
10:32:19,34.78,0.01,52,180847,买盘
10:32:22,34.77,-0.01,54,187790,卖盘
10:32:26,34.77,0.0,92,319084,卖盘
10:32:28,34.8,0.03,616,2142798,买盘
10:32:31,34.8,0.0,39,135743,卖盘
10:32:34,34.8,0.0,25,87012,卖盘
10:32:37,34.8,0.0,74,257520,卖盘
10:32:40,34.8,0.0,53,184520,卖盘
10:32:43,34.8,0.0,4,13920,卖盘
10:32:46,34.8,0.0,186,647315,卖盘
10:32:50,34.8,0.0,20,69610,卖盘
10:32:52,34.81,0.01,18,62656,卖盘
10:32:56,34.82,0.01,35,121861,买盘
10:32:58,34.81,-0.01,21,73093,买盘
10:33:01,34.8,-0.01,12,41771,卖盘
10:33:04,34.8,0.0,84,292325,卖盘
10:33:07,34.82,0.02,377,1312158,买盘
10:33:10,34.82,0.0,64,222784,买盘
10:33:13,34.82,0.0,117,407336,买盘
10:33:16,34.81,-0.01,125,435126,卖盘
10:33:19,34.82,0.01,61,212389,买盘
10:33:22,34.81,-0.01,2,6963,卖盘
10:33:25,34.82,0.01,196,682120,买盘
10:33:28,34.82,0.0,8,27856,卖盘
10:33:31,34.82,0.0,14,48749,卖盘
10:33:34,34.82,0.0,150,522417,卖盘
10:33:37,34.82,0.0,16,55710,买盘
10:33:40,34.83,0.01,89,309903,买盘
10:33:43,34.82,-0.01,11,38296,买盘
10:33:46,34.8,-0.02,107,372458,卖盘
10:33:49,34.82,0.02,23,80065,买盘
10:33:52,34.83,0.01,29,101000,买盘
10:33:54,34.82,-0.01,71,247266,卖盘
10:33:58,34.82,0.0,10,34817,买盘
10:34:01,34.81,-0.01,39,135759,中性盘
10:34:04,34.82,0.01,18,62659,买盘
10:34:07,34.8,-0.02,246,856082,卖盘
10:34:10,34.81,0.01,98,341041,买盘
10:34:13,34.8,-0.01,156,542927,卖盘
10:34:16,34.81,0.01,81,281883,买盘
10:34:19,34.8,-0.01,31,107885,卖盘
10:34:22,34.8,0.0,2,6961,卖盘
10:34:25,34.8,0.0,162,563771,卖盘
10:34:28,34.8,0.0,30,104403,卖盘
10:34:31,34.81,0.01,52,181001,买盘
10:34:34,34.8,-0.01,27,93344,卖盘
10:34:37,34.81,0.01,234,814478,买盘
10:34:43,34.81,0.0,30,104431,买盘
10:34:46,34.8,-0.01,111,386360,卖盘
10:34:49,34.8,0.0,207,720378,卖盘
10:34:52,34.8,0.0,33,114870,卖盘
10:34:55,34.8,0.0,77,267962,卖盘
10:34:58,34.8,0.0,18,62644,卖盘
10:35:01,34.8,0.0,38,132240,卖盘
10:35:04,34.8,0.0,44,155317,卖盘
10:35:07,34.79,-0.01,2,6958,卖盘
10:35:10,34.78,-0.01,49,168860,卖盘
10:35:13,34.79,0.01,88,306152,买盘
10:35:16,34.78,-0.01,88,305556,卖盘
10:35:19,34.79,0.01,12,44971,买盘
10:35:22,34.78,-0.01,104,361716,卖盘
10:35:25,34.78,0.0,111,386061,卖盘
10:35:28,34.78,0.0,11,38263,卖盘
10:35:31,34.78,0.0,17,56414,卖盘
10:35:34,34.78,0.0,223,775655,卖盘
10:35:37,34.78,0.0,131,455271,卖盘
10:35:40,34.79,0.01,198,688816,买盘
10:35:43,34.79,0.0,104,363417,买盘
10:35:46,34.78,-0.01,469,1630288,卖盘
10:35:49,34.8,0.02,326,1133976,买盘
10:35:52,34.79,-0.01,5,17395,卖盘
10:35:55,34.79,0.0,546,1899190,卖盘
10:35:58,34.78,-0.01,216,751463,中性盘
10:36:01,34.79,0.01,25,86959,买盘
10:36:04,34.78,-0.01,35,121740,卖盘
10:36:07,34.78,0.0,18,62603,卖盘
10:36:10,34.78,0.0,304,1057061,买盘
10:36:13,34.77,-0.01,93,323297,中性盘
10:36:16,34.76,-0.01,33,114716,卖盘
10:36:19,34.76,0.0,88,305890,卖盘
10:36:22,34.76,0.0,195,677991,卖盘
10:36:25,34.77,0.01,121,420717,买盘
10:36:28,34.77,0.0,33,114741,卖盘
10:36:31,34.77,0.0,126,438102,卖盘
10:36:34,34.77,0.0,84,292136,卖盘
10:36:37,34.78,0.01,93,323362,买盘
10:36:40,34.78,0.0,68,236504,买盘
10:36:43,34.78,0.0,9,31302,卖盘
10:36:46,34.78,0.0,93,323454,卖盘
10:36:49,34.78,0.0,5,17390,卖盘
10:36:52,34.78,0.0,9,31302,卖盘
10:36:55,34.78,0.0,23,79994,卖盘
10:36:58,34.77,-0.01,8,27819,卖盘
10:37:01,34.78,0.01,10,34780,买盘
10:37:04,34.78,0.0,27,93888,买盘
10:37:07,34.78,0.0,88,305980,买盘
10:37:10,34.78,0.0,321,1116344,买盘
10:37:13,34.78,0.0,45,156511,买盘
10:37:16,34.79,0.01,149,518267,买盘
10:37:19,34.78,-0.01,69,239968,中性盘
10:37:22,34.77,-0.01,210,730582,卖盘
10:37:25,34.77,0.0,116,403481,卖盘
10:37:28,34.79,0.02,239,831677,中性盘
10:37:31,34.78,-0.01,13,45222,卖盘
10:37:34,34.79,0.01,62,215694,买盘
10:37:37,34.77,-0.02,39,135641,卖盘
10:37:43,34.78,0.01,2,6955,买盘
10:37:46,34.77,-0.01,84,292089,卖盘
10:37:49,34.77,0.0,15,52154,买盘
10:37:52,34.77,0.0,61,212686,买盘
10:37:55,34.79,0.02,111,386089,买盘
10:37:58,34.78,-0.01,114,396550,卖盘
10:38:01,34.78,0.0,124,430281,卖盘
10:38:04,34.78,0.0,33,114744,买盘
10:38:07,34.78,0.0,79,274685,买盘
10:38:10,34.77,-0.01,263,914255,卖盘
10:38:13,34.78,0.01,8,27819,买盘
10:38:16,34.77,-0.01,70,243393,卖盘
10:38:19,34.78,0.01,33,113675,买盘
10:38:22,34.77,-0.01,35,121685,卖盘
10:38:25,34.76,-0.01,12,41714,卖盘
10:38:28,34.77,0.01,175,608475,买盘
10:38:31,34.77,0.0,55,191235,卖盘
10:38:34,34.77,0.0,67,233018,卖盘
10:38:37,34.77,0.0,124,432198,卖盘
10:38:40,34.77,0.0,66,229518,卖盘
10:38:43,34.78,0.01,10,34780,卖盘
10:38:46,34.78,0.0,29,100862,卖盘
10:38:49,34.78,0.0,28,97384,买盘
10:38:52,34.77,-0.01,24,83454,卖盘
10:38:55,34.77,0.0,197,685002,卖盘
10:38:58,34.78,0.01,167,580947,买盘
10:39:01,34.78,0.0,23,79987,买盘
10:39:04,34.77,-0.01,14,48678,卖盘
10:39:07,34.77,0.0,14,48678,卖盘
10:39:10,34.75,-0.02,230,799622,卖盘
10:39:13,34.77,0.02,125,434575,买盘
10:39:16,34.75,-0.02,109,378852,卖盘
10:39:19,34.78,0.03,114,396455,买盘
10:39:22,34.77,-0.01,10,34763,中性盘
10:39:25,34.75,-0.02,28,97319,卖盘
10:39:28,34.75,0.0,77,267575,卖盘
10:39:31,34.75,0.0,76,264123,卖盘
10:39:34,34.78,0.03,79,274632,买盘
10:39:37,34.75,-0.03,97,337092,卖盘
10:39:40,34.79,0.04,495,1721217,买盘
10:39:43,34.76,-0.03,91,316315,买盘
10:39:46,34.76,0.0,82,285033,卖盘
10:39:49,34.77,0.01,5,17386,中性盘
10:39:52,34.76,-0.01,353,1228620,卖盘
10:39:55,34.78,0.02,153,531838,买盘
10:39:58,34.76,-0.02,586,2039452,卖盘
10:40:01,34.77,0.01,12,41725,卖盘
10:40:04,34.78,0.01,22,76504,买盘
10:40:07,34.76,-0.02,2,6952,卖盘
10:40:10,34.77,0.01,296,1028949,买盘
10:40:13,34.77,0.0,70,243377,买盘
10:40:16,34.77,0.0,241,837797,买盘
10:40:19,34.77,0.0,12,41724,买盘
10:40:20,34.77,0.0,97,337284,卖盘
10:40:25,34.76,-0.01,124,430552,卖盘
10:40:28,34.76,0.0,34,118184,买盘
10:40:31,34.76,0.0,68,236363,买盘
10:40:34,34.76,0.0,22,76462,买盘
10:40:37,34.75,-0.01,159,552602,卖盘
10:40:40,34.76,0.01,58,200196,买盘
10:40:43,34.76,0.0,255,886863,买盘
10:40:46,34.75,-0.01,84,291907,卖盘
10:40:49,34.75,0.0,580,2015500,卖盘
10:40:52,34.76,0.01,8,27813,卖盘
10:40:55,34.77,0.01,2,6954,买盘
10:40:58,34.75,-0.02,124,431041,卖盘
10:41:01,34.76,0.01,42,145987,买盘
10:41:04,34.76,0.0,8,27805,买盘
10:41:07,34.76,0.0,100,348832,买盘
10:41:10,34.76,0.0,261,906786,买盘
10:41:13,34.76,0.0,16,56713,买盘
10:41:16,34.75,-0.01,67,231713,卖盘
10:41:19,34.75,0.0,18,63313,买盘
10:41:22,34.76,0.01,60,206184,买盘
10:41:25,34.76,0.0,5,17379,买盘
10:41:28,34.74,-0.02,96,333516,卖盘
10:41:34,34.75,0.01,7,24326,卖盘
10:41:37,34.76,0.01,97,337048,买盘
10:41:40,34.76,0.0,15,52114,买盘
10:41:43,34.75,-0.01,8,27800,中性盘
10:41:46,34.74,-0.01,79,274478,卖盘
10:41:49,34.76,0.02,12,41871,买盘
10:41:52,34.74,-0.02,3,10422,卖盘
10:41:55,34.75,0.01,14,50075,买盘
10:41:58,34.76,0.01,82,284903,买盘
10:42:01,34.75,-0.01,280,973670,卖盘
10:42:04,34.75,0.0,327,1136639,卖盘
10:42:07,34.75,0.0,82,284955,卖盘
10:42:10,34.75,0.0,257,893076,卖盘
10:42:13,34.76,0.01,53,184210,买盘
10:42:16,34.75,-0.01,93,323177,卖盘
10:42:19,34.75,0.0,151,524838,卖盘
10:42:22,34.77,0.02,136,472757,买盘
10:42:25,34.76,-0.01,2,6952,中性盘
10:42:28,34.76,0.0,78,271059,卖盘
10:42:31,34.76,0.0,19,66038,买盘
10:42:34,34.76,0.0,554,1925179,买盘
10:42:37,34.75,-0.01,35,121617,中性盘
10:42:40,34.75,0.0,10,34750,买盘
10:42:43,34.75,0.0,4,13898,买盘
10:42:46,34.74,-0.01,105,364798,卖盘
10:42:49,34.75,0.01,70,243245,买盘
10:42:52,34.74,-0.01,13,45162,卖盘
10:42:55,34.74,0.0,15,49448,卖盘
10:42:58,34.74,0.0,70,243495,卖盘
10:43:01,34.74,0.0,9,33899,买盘
10:43:04,34.73,-0.01,83,288260,卖盘
10:43:07,34.73,0.0,133,459351,卖盘
10:43:10,34.73,0.0,307,1066041,卖盘
10:43:13,34.74,0.01,12,41684,中性盘
10:43:16,34.75,0.01,31,107719,买盘
10:43:19,34.73,-0.02,110,382365,卖盘
10:43:22,34.74,0.01,128,444289,买盘
10:43:25,34.73,-0.01,22,76411,卖盘
10:43:28,34.74,0.01,115,399446,中性盘
10:43:31,34.75,0.01,42,145963,买盘
10:43:34,34.75,0.0,39,135505,卖盘
10:43:37,34.75,0.0,72,250173,买盘
10:43:40,34.75,0.0,48,167869,买盘
10:43:43,34.75,0.0,74,257122,买盘
10:43:46,34.75,0.0,38,132030,卖盘
10:43:49,34.74,-0.01,67,232758,买盘
10:43:52,34.74,0.0,146,507204,买盘
10:43:55,34.77,0.03,83,288507,买盘
10:43:58,34.74,-0.03,76,264024,卖盘
10:44:01,34.74,0.0,6,20844,卖盘
10:44:04,34.74,0.0,27,93815,卖盘
10:44:07,34.75,0.01,200,694910,买盘
10:44:10,34.73,-0.02,524,1820308,卖盘
10:44:13,34.74,0.01,75,260495,买盘
10:44:16,34.74,0.0,9,31268,卖盘
10:44:19,34.74,0.0,82,284800,卖盘
10:44:22,34.74,0.0,6,20844,买盘
10:44:25,34.74,0.0,3,10423,卖盘
10:44:28,34.73,-0.01,399,1385537,卖盘
10:44:31,34.73,0.0,8,27781,买盘
10:44:34,34.72,-0.01,4,13889,卖盘
10:44:37,34.73,0.01,28,97226,中性盘
10:44:40,34.73,0.0,12,41669,买盘
10:44:43,34.73,0.0,160,555675,买盘
10:44:46,34.73,0.0,24,83352,卖盘
10:44:49,34.73,0.0,88,305627,卖盘
10:44:52,34.73,0.0,205,712266,卖盘
10:44:55,34.73,0.0,161,559148,卖盘
10:44:58,34.72,-0.01,154,534832,卖盘
10:45:01,34.72,0.0,8,27776,卖盘
10:45:04,34.72,0.0,70,243042,卖盘
10:45:07,34.73,0.01,101,350685,买盘
10:45:10,34.72,-0.01,261,906205,卖盘
10:45:13,34.72,0.0,20,69455,卖盘
10:45:16,34.72,0.0,26,90286,卖盘
10:45:19,34.73,0.01,222,770928,买盘
10:45:22,34.73,0.0,71,246583,买盘
10:45:28,34.73,0.0,116,402868,卖盘
10:45:31,34.72,-0.01,411,1427028,卖盘
10:45:34,34.72,0.0,13,45132,买盘
10:45:37,34.72,0.0,99,343652,买盘
10:45:40,34.71,-0.01,15,52075,卖盘
10:45:43,34.71,0.0,4,15897,卖盘
10:45:46,34.71,0.0,346,1198295,卖盘
10:45:49,34.71,0.0,415,1440764,卖盘
10:45:52,34.71,0.0,243,843460,卖盘
10:45:55,34.7,-0.01,4130,14331839,卖盘
10:45:58,34.71,0.01,31,107582,中性盘
10:46:01,34.7,-0.01,380,1319601,卖盘
10:46:04,34.7,0.0,28,97175,卖盘
10:46:07,34.7,0.0,343,1190197,卖盘
10:46:10,34.69,-0.01,421,1462099,卖盘
10:46:13,34.7,0.01,430,1491659,买盘
10:46:16,34.71,0.01,321,1113913,买盘
10:46:19,34.7,-0.01,80,277524,中性盘
10:46:22,34.69,-0.01,170,589886,卖盘
10:46:25,34.71,0.02,77,267257,买盘
10:46:28,34.7,-0.01,202,700948,卖盘
10:46:31,34.71,0.01,41,142271,买盘
10:46:34,34.69,-0.02,58,201261,卖盘
10:46:37,34.7,0.01,46,159620,买盘
10:46:40,34.7,0.0,110,381692,买盘
10:46:43,34.71,0.01,58,201298,买盘
10:46:46,34.69,-0.02,235,815333,卖盘
10:46:49,34.7,0.01,131,454566,中性盘
10:46:52,34.7,0.0,9,31232,卖盘
10:46:55,34.7,0.0,74,256781,卖盘
10:46:58,34.7,0.0,104,360890,卖盘
10:47:01,34.71,0.01,80,277672,买盘
10:47:04,34.7,-0.01,31,107570,卖盘
10:47:07,34.7,0.0,121,419871,卖盘
10:47:10,34.7,0.0,215,746050,卖盘
10:47:13,34.7,0.0,247,856864,卖盘
10:47:16,34.7,0.0,28,95668,卖盘
10:47:19,34.71,0.01,182,631532,买盘
10:47:22,34.7,-0.01,63,218614,卖盘
10:47:25,34.71,0.01,32,111052,买盘
10:47:28,34.71,0.0,102,353954,买盘
10:47:31,34.71,0.0,21,72891,买盘
10:47:34,34.7,-0.01,6,20821,卖盘
10:47:37,34.7,0.0,83,288015,卖盘
10:47:40,34.71,0.01,228,791163,买盘
10:47:43,34.7,-0.01,230,798018,卖盘
10:47:46,34.7,0.0,1145,3971197,买盘
10:47:49,34.71,0.01,238,825860,买盘
10:47:52,34.7,-0.01,18,62460,中性盘
10:47:55,34.7,0.0,6,20822,卖盘
10:47:58,34.7,0.0,78,270660,卖盘
10:48:01,34.7,0.0,122,423454,卖盘
10:48:04,34.7,0.0,316,1096520,卖盘
10:48:07,34.7,0.0,95,329655,卖盘
10:48:10,34.71,0.01,219,759938,买盘
10:48:13,34.72,0.01,709,2460828,买盘
10:48:16,34.72,0.0,43,149296,卖盘
10:48:19,34.72,0.0,235,815946,卖盘
10:48:22,34.72,0.0,101,350688,卖盘
10:48:25,34.73,0.01,23,79877,买盘
10:48:28,34.73,0.0,100,347224,买盘
10:48:31,34.73,0.0,30,104188,买盘
10:48:34,34.72,-0.01,486,1687409,卖盘
10:48:37,34.72,0.0,10,34720,买盘
10:48:40,34.71,-0.01,273,947464,卖盘
10:48:43,34.7,-0.01,356,1235326,卖盘
10:48:46,34.7,0.0,111,385166,买盘
10:48:49,34.7,0.0,12,41640,买盘
10:48:52,34.7,0.0,175,607250,买盘
10:48:55,34.7,0.0,39,135328,买盘
10:48:58,34.75,0.05,661,2295899,买盘
10:49:01,34.75,0.0,34,118150,卖盘
10:49:04,34.75,0.0,52,180700,卖盘
10:49:07,34.75,0.0,120,417029,卖盘
10:49:10,34.75,0.0,290,1007815,卖盘
10:49:13,34.76,0.01,537,1866295,买盘
10:49:16,34.77,0.01,66,229482,买盘
10:49:19,34.78,0.01,119,413763,买盘
10:49:22,34.77,-0.01,1,3477,卖盘
10:49:25,34.78,0.01,11,38258,买盘
10:49:28,34.77,-0.01,92,319882,卖盘
10:49:31,34.77,0.0,45,156443,买盘
10:49:34,34.77,0.0,55,191261,买盘
10:49:37,34.76,-0.01,258,897039,卖盘
10:49:40,34.77,0.01,208,723014,卖盘
10:49:43,34.77,0.0,53,184326,中性盘
10:49:46,34.72,-0.05,554,1925607,卖盘
10:49:49,34.71,-0.01,3,10413,卖盘
10:49:52,34.72,0.01,2,6944,买盘
10:49:55,34.72,0.0,9,31248,买盘
10:49:58,34.72,0.0,248,860962,买盘
10:50:01,34.72,0.0,125,434000,买盘
10:50:04,34.72,0.0,195,676933,卖盘
10:50:07,34.72,0.0,106,368048,卖盘
10:50:10,34.72,0.0,45,156240,卖盘
10:50:13,34.7,-0.02,47,163151,卖盘
10:50:16,34.72,0.02,314,1089901,买盘
10:50:19,34.71,-0.01,321,1114424,中性盘
10:50:22,34.72,0.01,27,93727,买盘
10:50:25,34.72,0.0,20,69435,买盘
10:50:28,34.71,-0.01,80,277681,卖盘
10:50:31,34.72,0.01,184,638328,买盘
10:50:34,34.72,0.0,37,128982,买盘
10:50:37,34.72,0.0,14,48608,卖盘
10:50:40,34.72,0.0,139,482597,卖盘
10:50:43,34.72,0.0,12,41661,买盘
10:50:46,34.72,0.0,98,340256,买盘
10:50:49,34.71,-0.01,211,732515,卖盘
10:50:52,34.71,0.0,198,687424,卖盘
10:50:55,34.72,0.01,50,173590,买盘
10:50:58,34.71,-0.01,75,260374,卖盘
10:51:01,34.71,0.0,57,197867,卖盘
10:51:04,34.72,0.01,66,229178,买盘
10:51:07,34.7,-0.02,507,1759419,卖盘
10:51:10,34.71,0.01,183,635193,中性盘
10:51:13,34.71,0.0,417,1447162,买盘
10:51:16,34.71,0.0,9,31239,卖盘
10:51:19,34.71,0.0,262,909279,卖盘
10:51:22,34.71,0.0,239,829544,买盘
10:51:25,34.7,-0.01,155,537996,卖盘
10:51:28,34.71,0.01,119,413048,买盘
10:51:31,34.71,0.0,39,135369,卖盘
10:51:34,34.71,0.0,180,624906,买盘
10:51:37,34.7,-0.01,281,975099,卖盘
10:51:40,34.7,0.0,238,825860,卖盘
10:51:43,34.7,0.0,257,891770,买盘
10:51:46,34.7,0.0,12,41643,卖盘
10:51:49,34.7,0.0,119,412952,卖盘
10:51:52,34.7,0.0,191,662771,卖盘
10:51:55,34.7,0.0,200,694097,买盘
10:51:58,34.7,0.0,183,635012,卖盘
10:52:01,34.7,0.0,330,1145707,卖盘
10:52:04,34.71,0.01,100,347088,买盘
10:52:07,34.72,0.01,80,277737,买盘
10:52:10,34.71,-0.01,147,510271,卖盘
10:52:14,34.7,-0.01,260,902247,卖盘
10:52:16,34.7,0.0,31,107599,买盘
10:52:19,34.7,0.0,23,79827,卖盘
10:52:22,34.71,0.01,58,201270,买盘
10:52:25,34.7,-0.01,185,642113,卖盘
10:52:28,34.7,0.0,149,517052,卖盘
10:52:31,34.7,0.0,18,62465,中性盘
10:52:34,34.7,0.0,40,138770,买盘
10:52:37,34.7,0.0,189,655673,买盘
10:52:40,34.7,0.0,269,934194,买盘
10:52:43,34.7,0.0,61,211729,卖盘
10:52:46,34.7,0.0,101,350472,卖盘
10:52:49,34.69,-0.01,352,1219900,卖盘
10:52:52,34.69,0.0,10,34690,买盘
10:52:55,34.71,0.02,164,568934,买盘
10:52:58,34.69,-0.02,150,520206,买盘
10:53:01,34.68,-0.01,31,107522,卖盘
10:53:04,34.68,0.0,97,336405,卖盘
10:53:07,34.68,0.0,23,79783,卖盘
10:53:10,34.69,0.01,516,1789534,买盘
10:53:14,34.7,0.01,254,880828,买盘
10:53:16,34.7,0.0,50,173487,买盘
10:53:19,34.7,0.0,52,180414,卖盘
10:53:22,34.7,0.0,23,79810,卖盘
10:53:25,34.72,0.02,94,326262,买盘
10:53:28,34.73,0.01,194,673471,买盘
10:53:31,34.73,0.0,23,79857,买盘
10:53:34,34.73,0.0,149,517387,卖盘
10:53:37,34.71,-0.02,105,364467,卖盘
10:53:40,34.71,0.0,206,715026,买盘
10:53:43,34.72,0.01,142,492965,买盘
10:53:46,34.71,-0.01,136,472057,卖盘
10:53:49,34.73,0.02,33,114587,买盘
10:53:52,34.73,0.0,60,208270,买盘
10:53:55,34.71,-0.02,7,24297,卖盘
10:53:58,34.72,0.01,6,20832,买盘
10:54:01,34.71,-0.01,23,79853,卖盘
10:54:04,34.72,0.01,203,704641,买盘
10:54:07,34.72,0.0,54,187483,买盘
10:54:10,34.72,0.0,15,52079,卖盘
10:54:13,34.71,-0.01,101,350588,卖盘
10:54:16,34.7,-0.01,28,97179,卖盘
10:54:19,34.7,0.0,114,395674,卖盘
10:54:22,34.72,0.02,169,586714,买盘
10:54:25,34.75,0.03,211,732840,买盘
10:54:28,34.76,0.01,304,1056110,买盘
10:54:31,34.72,-0.04,90,312618,卖盘
10:54:34,34.73,0.01,103,357599,买盘
10:54:38,34.73,0.0,51,177102,买盘
10:54:40,34.72,-0.01,40,138874,买盘
10:54:43,34.72,0.0,16,55546,中性盘
10:54:46,34.71,-0.01,112,388885,卖盘
10:54:49,34.71,0.0,45,156199,卖盘
10:54:52,34.72,0.01,551,1912131,买盘
10:54:55,34.71,-0.01,53,183956,中性盘
10:54:58,34.71,0.0,64,222175,卖盘
10:55:01,34.67,-0.04,1234,4279612,卖盘
10:55:04,34.68,0.01,45,156146,中性盘
10:55:07,34.68,0.0,74,256638,卖盘
10:55:10,34.68,0.0,40,138747,卖盘
10:55:13,34.67,-0.01,296,1026338,卖盘
10:55:16,34.68,0.01,99,343322,中性盘
10:55:19,34.69,0.01,38,131816,买盘
10:55:22,34.69,0.0,10,34696,卖盘
10:55:25,34.7,0.01,13,45110,买盘
10:55:28,34.7,0.0,122,423271,买盘
10:55:31,34.69,-0.01,280,971250,卖盘
10:55:34,34.7,0.01,219,759885,买盘
10:55:37,34.68,-0.02,57,197752,卖盘
10:55:40,34.68,0.0,225,780706,卖盘
10:55:43,34.7,0.02,121,419694,买盘
10:55:46,34.69,-0.01,22,76316,卖盘
10:55:49,34.69,0.0,261,905405,买盘
10:55:52,34.7,0.01,135,468531,买盘
10:55:55,34.69,-0.01,69,239381,卖盘
10:55:58,34.69,0.0,196,680085,卖盘
10:56:01,34.7,0.01,30,104102,中性盘
10:56:04,34.7,0.0,13,45110,卖盘
10:56:07,34.7,0.0,94,326179,卖盘
10:56:10,34.69,-0.01,30,104855,卖盘
10:56:13,34.7,0.01,500,1734239,买盘
10:56:16,34.69,-0.01,144,499658,中性盘
10:56:19,34.7,0.01,149,517030,买盘
10:56:22,34.7,0.0,3,10410,卖盘
10:56:25,34.7,0.0,82,284541,卖盘
10:56:28,34.7,0.0,31,107577,卖盘
10:56:31,34.7,0.0,81,281070,卖盘
10:56:34,34.7,0.0,45,155295,卖盘
10:56:37,34.7,0.0,70,242910,卖盘
10:56:40,34.7,0.0,32,111909,卖盘
10:56:43,34.67,-0.03,518,1796763,卖盘
10:56:46,34.7,0.03,111,385170,买盘
10:56:49,34.69,-0.01,101,350385,卖盘
10:56:52,34.7,0.01,180,624519,买盘
10:56:55,34.69,-0.01,135,468481,卖盘
10:56:58,34.69,0.0,112,388672,卖盘
10:57:01,34.7,0.01,97,336526,中性盘
10:57:04,34.69,-0.01,47,161235,卖盘
10:57:07,34.69,0.0,54,187324,买盘
10:57:10,34.69,0.0,89,308721,买盘
10:57:13,34.68,-0.01,449,1557392,卖盘
10:57:16,34.69,0.01,28,97145,中性盘
10:57:19,34.69,0.0,152,527301,卖盘
10:57:22,34.7,0.01,96,333111,买盘
10:57:25,34.7,0.0,55,190847,买盘
10:57:28,34.7,0.0,72,249840,卖盘
10:57:31,34.69,-0.01,118,412484,卖盘
10:57:34,34.7,0.01,25,86747,买盘
10:57:37,34.7,0.0,32,111033,买盘
10:57:40,34.7,0.0,184,638400,买盘
10:57:43,34.7,0.0,15,52037,买盘
10:57:46,34.7,0.0,29,100630,买盘
10:57:49,34.69,-0.01,94,326094,卖盘
10:57:52,34.69,0.0,63,218565,卖盘
10:57:55,34.7,0.01,220,763377,买盘
10:57:58,34.7,0.0,20,69400,买盘
10:58:01,34.7,0.0,372,1291089,卖盘
10:58:04,34.7,0.0,33,114510,卖盘
10:58:07,34.71,0.01,39,135350,买盘
10:58:10,34.7,-0.01,76,263720,卖盘
10:58:13,34.69,-0.01,199,687366,卖盘
10:58:16,34.69,0.0,19,65911,买盘
10:58:19,34.68,-0.01,77,267104,卖盘
10:58:22,34.7,0.02,155,540687,买盘
10:58:25,34.69,-0.01,122,423220,卖盘
10:58:28,34.69,0.0,3,10407,卖盘
10:58:31,34.7,0.01,107,371191,买盘
10:58:34,34.7,0.0,31,107562,中性盘
10:58:37,34.7,0.0,58,201290,卖盘
10:58:40,34.7,0.0,118,409382,卖盘
10:58:43,34.7,0.0,7,24289,买盘
10:58:46,34.71,0.01,137,475393,买盘
10:58:49,34.69,-0.02,118,409445,卖盘
10:58:52,34.7,0.01,40,138778,中性盘
10:58:55,34.7,0.0,25,86746,买盘
10:58:58,34.7,0.0,26,90209,买盘
10:59:01,34.68,-0.02,144,499319,卖盘
10:59:04,34.69,0.01,20,69387,买盘
10:59:07,34.69,0.0,61,211668,卖盘
10:59:10,34.69,0.0,925,3207587,卖盘
10:59:13,34.68,-0.01,115,398875,卖盘
10:59:16,34.68,0.0,78,270482,买盘
10:59:19,34.67,-0.01,305,1057718,卖盘
10:59:22,34.68,0.01,218,755950,买盘
10:59:25,34.67,-0.01,16,55485,卖盘
10:59:28,34.68,0.01,15,52015,买盘
10:59:31,34.67,-0.01,104,358583,卖盘
10:59:34,34.68,0.01,58,201094,买盘
10:59:37,34.67,-0.01,89,308533,卖盘
10:59:40,34.68,0.01,122,423003,买盘
10:59:43,34.67,-0.01,58,201137,卖盘
10:59:46,34.68,0.01,87,301706,买盘
10:59:49,34.68,0.0,93,322567,卖盘
10:59:52,34.68,0.0,207,717876,卖盘
10:59:55,34.68,0.0,147,509828,卖盘
10:59:58,34.68,0.0,13,45092,卖盘
11:00:01,34.68,0.0,219,759500,卖盘
11:00:04,34.68,0.0,88,305208,卖盘
11:00:07,34.69,0.01,29,100573,买盘
11:00:10,34.67,-0.02,126,436857,卖盘
11:00:13,34.68,0.01,8,27771,买盘
11:00:16,34.67,-0.01,257,891030,卖盘
11:00:19,34.67,0.0,15,52015,卖盘
11:00:22,34.67,0.0,99,343233,卖盘
11:00:25,34.67,0.0,39,135641,卖盘
11:00:28,34.67,0.0,301,1043832,卖盘
11:00:31,34.67,0.0,382,1324609,卖盘
11:00:34,34.67,0.0,85,294246,卖盘
11:00:37,34.67,0.0,20,69340,买盘
11:00:40,34.67,0.0,91,315496,买盘
11:00:43,34.66,-0.01,305,1057163,卖盘
11:00:46,34.67,0.01,147,509583,买盘
11:00:49,34.67,0.0,70,243101,买盘
11:00:52,34.67,0.0,110,381308,卖盘
11:00:55,34.68,0.01,179,620486,买盘
11:00:58,34.67,-0.01,105,364085,卖盘
11:01:01,34.67,0.0,64,221889,买盘
11:01:04,34.67,0.0,296,1026130,买盘
11:01:07,34.66,-0.01,264,915062,卖盘
11:01:10,34.67,0.01,430,1490575,买盘
11:01:13,34.67,0.0,84,291221,卖盘
11:01:16,34.67,0.0,246,852882,卖盘
11:01:19,34.67,0.0,125,433375,卖盘
11:01:22,34.67,0.0,168,582507,卖盘
11:01:25,34.68,0.01,64,221932,买盘
11:01:28,34.69,0.01,82,284392,买盘
11:01:31,34.67,-0.02,197,683076,卖盘
11:01:34,34.66,-0.01,207,717528,卖盘
11:01:37,34.69,0.03,192,665874,买盘
11:01:40,34.66,-0.03,94,325924,卖盘
11:01:43,34.69,0.03,41,142201,买盘
11:01:46,34.67,-0.02,58,201094,卖盘
11:01:49,34.66,-0.01,90,312010,卖盘
11:01:52,34.67,0.01,175,606674,买盘
11:01:55,34.66,-0.01,11,38126,卖盘
11:01:58,34.67,0.01,169,585920,买盘
11:02:01,34.66,-0.01,95,329271,卖盘
11:02:04,34.67,0.01,36,124786,买盘
11:02:07,34.66,-0.01,123,426340,卖盘
11:02:10,34.66,0.0,523,1813163,卖盘
11:02:13,34.68,0.02,20,69346,买盘
11:02:16,34.68,0.0,349,1209987,买盘
11:02:19,34.7,0.02,232,804623,买盘
11:02:22,34.68,-0.02,477,1654388,卖盘
11:02:25,34.67,-0.01,321,1112920,卖盘
11:02:28,34.68,0.01,346,1199585,买盘
11:02:31,34.67,-0.01,86,298180,卖盘
11:02:34,34.69,0.02,264,916148,买盘
11:02:37,34.69,0.0,83,287897,买盘
11:02:40,34.69,0.0,182,631360,卖盘
11:02:43,34.7,0.01,57,197962,中性盘
11:02:46,34.7,0.0,8,27760,卖盘
11:02:49,34.69,-0.01,28,97155,卖盘
11:02:52,34.69,0.0,24,84317,卖盘
11:02:55,34.69,0.0,20,69396,卖盘
11:02:58,34.69,0.0,87,301850,卖盘
11:03:01,34.68,-0.01,23,78808,卖盘
11:03:04,34.69,0.01,23,80755,买盘
11:03:07,34.68,-0.01,54,187313,买盘
11:03:10,34.67,-0.01,19,65885,卖盘
11:03:13,34.68,0.01,82,284302,买盘
11:03:16,34.67,-0.01,369,1279325,卖盘
11:03:19,34.68,0.01,62,215012,买盘
11:03:22,34.67,-0.01,22,76274,卖盘
11:03:25,34.67,0.0,8,27736,买盘
11:03:28,34.67,0.0,9,31201,买盘
11:03:31,34.66,-0.01,110,381260,卖盘
11:03:34,34.67,0.01,280,970746,买盘
11:03:37,34.67,0.0,83,287770,买盘
11:03:40,34.67,0.0,85,294749,卖盘
11:03:43,34.67,0.0,80,277363,卖盘
11:03:46,34.67,0.0,39,135213,卖盘
11:03:49,34.7,0.03,1435,4976571,买盘
11:03:52,34.7,0.0,123,426810,卖盘
11:03:55,34.73,0.03,20,69403,买盘
11:03:58,34.7,-0.03,3,10410,卖盘
11:04:01,34.7,0.0,282,979042,卖盘
11:04:04,34.69,-0.01,501,1739441,卖盘
11:04:07,34.68,-0.01,28,97125,卖盘
11:04:10,34.68,0.0,54,187303,卖盘
11:04:13,34.7,0.02,121,419679,买盘
11:04:16,34.68,-0.02,264,915732,卖盘
11:04:19,34.69,0.01,346,1200523,卖盘
11:04:22,34.69,0.0,121,419749,买盘
11:04:25,34.7,0.01,240,832668,买盘
11:04:28,34.69,-0.01,139,482518,卖盘
11:04:31,34.69,0.0,131,454630,卖盘
11:04:34,34.7,0.01,27,93682,卖盘
11:04:37,34.7,0.0,13,45110,卖盘
11:04:40,34.7,0.0,58,200358,卖盘
11:04:43,34.7,0.0,103,358314,卖盘
11:04:46,34.72,0.02,198,687089,买盘
11:04:49,34.7,-0.02,32,111020,买盘
11:04:52,34.69,-0.01,107,371192,卖盘
11:04:55,34.69,0.0,29,100623,卖盘
11:04:58,34.69,0.0,40,138762,卖盘
11:05:01,34.69,0.0,85,294866,卖盘
11:05:04,34.7,0.01,18,62454,买盘
11:05:07,34.69,-0.01,70,242838,卖盘
11:05:10,34.69,0.0,108,374682,卖盘
11:05:13,34.7,0.01,266,922946,买盘
11:05:16,34.69,-0.01,310,1075250,卖盘
11:05:19,34.69,0.0,64,222030,买盘
11:05:22,34.68,-0.01,94,326004,卖盘
11:05:25,34.69,0.01,14,48557,买盘
11:05:28,34.69,0.0,15,52035,买盘
11:05:31,34.68,-0.01,201,696977,中性盘
11:05:34,34.69,0.01,31,107517,买盘
11:05:37,34.69,0.0,43,149140,买盘
11:05:40,34.68,-0.01,179,620824,卖盘
11:05:43,34.68,0.0,125,433513,卖盘
11:05:46,34.68,0.0,66,228889,卖盘
11:05:49,34.68,0.0,19,65891,卖盘
11:05:52,34.67,-0.01,20,69340,卖盘
11:05:55,34.68,0.01,12,41611,买盘
11:05:58,34.68,0.0,8,25035,买盘
11:06:01,34.67,-0.01,282,977900,卖盘
11:06:04,34.67,0.0,41,142150,卖盘
11:06:07,34.67,0.0,72,249644,卖盘
11:06:10,34.67,0.0,38,134460,卖盘
11:06:13,34.66,-0.01,363,1258181,卖盘
11:06:16,34.67,0.01,11,38134,买盘
11:06:19,34.67,0.0,410,1421210,买盘
11:06:22,34.67,0.0,91,315415,买盘
11:06:25,34.67,0.0,109,377850,买盘
11:06:28,34.67,0.0,137,474968,买盘
11:06:31,34.66,-0.01,91,314956,卖盘
11:06:34,34.66,0.0,140,485327,买盘
11:06:37,34.67,0.01,80,277357,卖盘
11:06:40,34.66,-0.01,17,58936,卖盘
11:06:44,34.66,0.0,120,415930,卖盘
11:06:46,34.67,0.01,249,863260,买盘
11:06:49,34.67,0.0,29,100536,买盘
11:06:52,34.66,-0.01,314,1088324,卖盘
11:06:55,34.66,0.0,113,391650,买盘
11:06:58,34.66,0.0,19,65852,买盘
11:07:01,34.66,0.0,117,405427,买盘
11:07:04,34.66,0.0,58,201023,买盘
11:07:07,34.65,-0.01,144,499023,卖盘
11:07:10,34.65,0.0,264,913466,卖盘
11:07:13,34.65,0.0,248,859556,卖盘
11:07:16,34.66,0.01,494,1711843,买盘
11:07:19,34.66,0.0,502,1739649,卖盘
11:07:22,34.65,-0.01,265,918468,卖盘
11:07:25,34.67,0.02,244,847147,买盘
11:07:28,34.67,0.0,61,211527,中性盘
11:07:31,34.66,-0.01,100,345459,卖盘
11:07:34,34.67,0.01,72,249563,买盘
11:07:37,34.65,-0.02,40,138624,卖盘
11:07:40,34.66,0.01,34,117844,买盘
11:07:43,34.65,-0.01,41,142072,卖盘
11:07:46,34.65,0.0,152,526826,卖盘
11:07:49,34.65,0.0,30,103966,卖盘
11:07:52,34.66,0.01,148,512833,买盘
11:07:55,34.65,-0.01,109,377685,卖盘
11:07:58,34.66,0.01,126,436657,买盘
11:08:01,34.65,-0.01,221,765824,卖盘
11:08:04,34.65,0.0,137,474766,卖盘
11:08:07,34.66,0.01,133,461976,买盘
11:08:10,34.65,-0.01,41,142065,卖盘
11:08:13,34.65,0.0,745,2582825,卖盘
11:08:16,34.65,0.0,335,1160833,卖盘
11:08:19,34.64,-0.01,343,1187999,卖盘
11:08:22,34.65,0.01,99,343005,买盘
11:08:25,34.64,-0.01,83,287547,卖盘
11:08:29,34.65,0.01,221,765706,买盘
11:08:31,34.65,0.0,177,613169,买盘
11:08:34,34.66,0.01,107,370745,买盘
11:08:37,34.65,-0.01,75,259884,卖盘
11:08:40,34.65,0.0,84,291060,卖盘
11:08:44,34.65,0.0,145,502363,卖盘
11:08:46,34.65,0.0,455,1576175,买盘
11:08:49,34.65,0.0,42,145525,买盘
11:08:52,34.64,-0.01,377,1306421,卖盘
11:08:55,34.63,-0.01,187,646940,卖盘
11:08:59,34.64,0.01,90,311736,买盘
11:09:01,34.64,0.0,455,1576031,买盘
11:09:04,34.64,0.0,185,641578,买盘
11:09:07,34.64,0.0,81,280600,卖盘
11:09:10,34.64,0.0,597,2068539,卖盘
11:09:13,34.65,0.01,367,1271390,买盘
11:09:15,34.65,0.0,250,866204,买盘
11:09:19,34.64,-0.01,434,1503440,卖盘
11:09:22,34.64,0.0,182,630525,买盘
11:09:25,34.64,0.0,97,335998,买盘
11:09:28,34.64,0.0,395,1367952,买盘
11:09:31,34.63,-0.01,132,457156,卖盘
11:09:34,34.63,0.0,168,581827,卖盘
11:09:37,34.64,0.01,202,699705,买盘
11:09:40,34.64,0.0,72,249415,卖盘
11:09:44,34.64,0.0,209,723976,卖盘
11:09:46,34.65,0.01,363,1257659,买盘
11:09:49,34.64,-0.01,218,755122,卖盘
11:09:52,34.63,-0.01,130,450204,卖盘
11:09:55,34.64,0.01,25,86587,买盘
11:09:59,34.63,-0.01,155,536788,卖盘
11:10:01,34.63,0.0,1300,4502957,卖盘
11:10:04,34.62,-0.01,879,3043206,卖盘
11:10:07,34.61,-0.01,1336,4624428,卖盘
11:10:10,34.62,0.01,93,321913,买盘
11:10:14,34.62,0.0,97,335751,买盘
11:10:16,34.61,-0.01,636,2201278,卖盘
11:10:19,34.61,0.0,521,1803219,卖盘
11:10:22,34.61,0.0,762,2637392,卖盘
11:10:25,34.61,0.0,665,2301815,卖盘
11:10:28,34.61,0.0,1,3461,买盘
11:10:31,34.6,-0.01,24,83059,卖盘
11:10:35,34.61,0.01,109,377147,买盘
11:10:37,34.6,-0.01,470,1626483,卖盘
11:10:40,34.6,0.0,496,1716214,卖盘
11:10:43,34.6,0.0,297,1027691,卖盘
11:10:47,34.6,0.0,625,2162593,卖盘
11:10:49,34.6,0.0,737,2550055,卖盘
11:10:52,34.61,0.01,453,1565260,买盘
11:10:55,34.6,-0.01,514,1778561,卖盘
11:10:59,34.6,0.0,3959,13700124,卖盘
11:11:01,34.59,-0.01,370,1279846,卖盘
11:11:04,34.59,0.0,100,345847,买盘
11:11:07,34.59,0.0,56,194126,买盘
11:11:10,34.58,-0.01,227,785016,卖盘
11:11:14,34.58,0.0,1567,5418583,卖盘
11:11:16,34.57,-0.01,373,1290120,卖盘
11:11:19,34.57,0.0,288,995616,卖盘
11:11:22,34.57,0.0,46,159010,买盘
11:11:25,34.56,-0.01,94,324942,卖盘
11:11:29,34.58,0.02,1393,4815731,买盘
11:11:31,34.57,-0.01,121,418189,中性盘
11:11:34,34.58,0.01,307,1061399,买盘
11:11:37,34.56,-0.02,270,933648,卖盘
11:11:40,34.57,0.01,97,335300,中性盘
11:11:44,34.56,-0.01,158,546084,卖盘
11:11:46,34.57,0.01,243,839980,中性盘
11:11:49,34.56,-0.01,2365,8167771,卖盘
11:11:52,34.56,0.0,214,739711,卖盘
11:11:55,34.56,0.0,331,1144948,买盘
11:11:58,34.55,-0.01,464,1603923,卖盘
11:12:01,34.55,0.0,225,777370,买盘
11:12:04,34.55,0.0,88,304035,买盘
11:12:07,34.53,-0.02,90,310904,卖盘
11:12:10,34.55,0.02,122,421461,买盘
11:12:14,34.54,-0.01,42,145064,中性盘
11:12:16,34.53,-0.01,71,245183,卖盘
11:12:19,34.52,-0.01,685,2365986,卖盘
11:12:22,34.53,0.01,57,196805,买盘
11:12:25,34.53,0.0,184,635330,买盘
11:12:28,34.53,0.0,107,369413,买盘
11:12:31,34.53,0.0,104,359083,买盘
11:12:34,34.52,-0.01,2139,7382733,卖盘
11:12:37,34.52,0.0,71,245080,买盘
11:12:40,34.52,0.0,15,51779,买盘
11:12:44,34.52,0.0,121,417616,买盘
11:12:46,34.51,-0.01,41,141495,卖盘
11:12:49,34.51,0.0,341,1177064,卖盘
11:12:52,34.52,0.01,949,3275033,买盘
11:12:55,34.52,0.0,961,3316453,买盘
11:12:59,34.5,-0.02,240,828250,卖盘
11:13:01,34.51,0.01,226,779922,买盘
11:13:04,34.5,-0.01,194,669460,卖盘
11:13:07,34.51,0.01,87,300197,买盘
11:13:10,34.51,0.0,382,1317994,买盘
11:13:14,34.51,0.0,1183,4081432,买盘
11:13:17,34.52,0.01,1085,3745290,买盘
11:13:19,34.54,0.02,759,2622519,买盘
11:13:22,34.53,-0.01,1177,4063818,卖盘
11:13:25,34.55,0.02,139,480242,买盘
11:13:28,34.53,-0.02,196,677136,卖盘
11:13:31,34.55,0.02,628,2169837,买盘
11:13:34,34.55,0.0,529,1827394,买盘
11:13:37,34.57,0.02,635,2192175,买盘
11:13:40,34.58,0.01,141,487486,买盘
11:13:44,34.6,0.02,603,2085906,买盘
11:13:46,34.61,0.01,765,2646510,买盘
11:13:49,34.62,0.01,387,1339013,买盘
11:13:52,34.61,-0.01,115,397999,卖盘
11:13:55,34.61,0.0,400,1384774,卖盘
11:13:59,34.63,0.02,237,821050,中性盘
11:14:01,34.63,0.0,137,474788,卖盘
11:14:04,34.64,0.01,294,1018246,买盘
11:14:07,34.63,-0.01,343,1189205,卖盘
11:14:10,34.61,-0.02,831,2871415,卖盘
11:14:14,34.63,0.02,117,405080,买盘
11:14:17,34.63,0.0,173,601940,买盘
11:14:19,34.64,0.01,92,318661,买盘
11:14:22,34.61,-0.03,575,1991012,卖盘
11:14:25,34.61,0.0,231,800212,卖盘
11:14:29,34.62,0.01,92,318500,买盘
11:14:31,34.62,0.0,96,332411,买盘
11:14:34,34.64,0.02,165,571310,买盘
11:14:37,34.63,-0.01,58,200827,卖盘
11:14:40,34.61,-0.02,326,1128488,卖盘
11:14:44,34.61,0.0,103,356452,买盘
11:14:46,34.6,-0.01,229,791852,中性盘
11:14:50,34.56,-0.04,362,1251922,卖盘
11:14:52,34.56,0.0,136,470437,卖盘
11:14:55,34.6,0.04,173,598214,买盘
11:14:58,34.6,0.0,91,314878,买盘
11:15:01,34.61,0.01,100,346167,中性盘
11:15:04,34.61,0.0,182,629754,卖盘
11:15:07,34.6,-0.01,276,955196,中性盘
11:15:11,34.62,0.02,67,231875,买盘
11:15:14,34.59,-0.03,271,937746,卖盘
11:15:17,34.62,0.03,45,155771,买盘
11:15:20,34.62,0.0,210,726935,买盘
11:15:22,34.6,-0.02,324,1121024,卖盘
11:15:25,34.62,0.02,205,709421,买盘
11:15:29,34.57,-0.05,390,1348909,卖盘
11:15:31,34.59,0.02,433,1498091,买盘
11:15:34,34.59,0.0,87,300927,买盘
11:15:38,34.59,0.0,109,375708,买盘
11:15:40,34.58,-0.01,339,1172618,卖盘
11:15:44,34.59,0.01,422,1460024,买盘
11:15:46,34.6,0.01,432,1495066,卖盘
11:15:49,34.6,0.0,307,1061769,卖盘
11:15:52,34.61,0.01,1192,4126126,卖盘
11:15:55,34.62,0.01,111,384207,中性盘
11:15:59,34.63,0.01,72,249285,中性盘
11:16:01,34.62,-0.01,94,325455,卖盘
11:16:04,34.65,0.03,551,1908470,买盘
11:16:07,34.61,-0.04,427,1478793,卖盘
11:16:10,34.62,0.01,682,2363641,中性盘
11:16:14,34.58,-0.04,442,1528256,卖盘
11:16:17,34.61,0.03,184,636913,买盘
11:16:19,34.62,0.01,251,869039,买盘
11:16:22,34.62,0.0,414,1432388,卖盘
11:16:25,34.57,-0.05,165,570575,卖盘
11:16:29,34.58,0.01,266,918151,买盘
11:16:31,34.6,0.02,309,1068465,中性盘
11:16:34,34.63,0.03,268,926734,买盘
11:16:37,34.58,-0.05,599,2070884,卖盘
11:16:40,34.61,0.03,349,1208232,中性盘
11:16:44,34.58,-0.03,117,404913,卖盘
11:16:46,34.6,0.02,154,532593,买盘
11:16:50,34.6,0.0,83,287121,买盘
11:16:53,34.61,0.01,20,69201,买盘
11:16:55,34.61,0.0,99,342401,买盘
11:16:59,34.6,-0.01,356,1231579,卖盘
11:17:02,34.62,0.02,125,432621,买盘
11:17:04,34.63,0.01,144,498442,买盘
11:17:07,34.61,-0.02,173,598917,卖盘
11:17:10,34.62,0.01,284,984132,中性盘
11:17:14,34.7,0.08,159,550505,买盘
11:17:17,34.7,0.0,12,41640,买盘
11:17:19,34.63,-0.07,151,522729,卖盘
11:17:22,34.61,-0.02,207,716518,卖盘
11:17:25,34.61,0.0,121,418874,买盘
11:17:28,34.6,-0.01,53,183446,卖盘
11:17:31,34.61,0.01,59,204238,中性盘
11:17:35,34.62,0.01,307,1062813,买盘
11:17:37,34.61,-0.01,209,723697,卖盘
11:17:41,34.63,0.02,4,13853,卖盘
11:17:44,34.62,-0.01,270,934592,卖盘
11:17:47,34.62,0.0,90,311506,买盘
11:17:50,34.62,0.0,143,495053,买盘
11:17:52,34.62,0.0,143,495256,卖盘
11:17:55,34.62,0.0,847,2934292,卖盘
11:17:59,34.62,0.0,210,727020,买盘
11:18:02,34.62,0.0,10,34620,卖盘
11:18:04,34.63,0.01,109,377385,买盘
11:18:07,34.69,0.06,496,1719291,买盘
11:18:11,34.65,-0.04,301,1042367,中性盘
11:18:14,34.63,-0.02,517,1790955,卖盘
11:18:16,34.63,0.0,77,266651,买盘
11:18:20,34.65,0.02,9,31220,中性盘
11:18:22,34.62,-0.03,243,841363,卖盘
11:18:25,34.63,0.01,76,263188,卖盘
11:18:29,34.65,0.02,12,41577,买盘
11:18:32,34.7,0.05,101,350092,买盘
11:18:34,34.65,-0.05,86,297911,中性盘
11:18:38,34.64,-0.01,58,200960,卖盘
11:18:41,34.65,0.01,148,512863,买盘
11:18:44,34.64,-0.01,185,640838,卖盘
11:18:47,34.63,-0.01,381,1319779,卖盘
11:18:50,34.64,0.01,743,2576504,买盘
11:18:53,34.69,0.05,11,38159,卖盘
11:18:55,34.63,-0.06,107,370585,卖盘
11:18:59,34.69,0.06,5,17341,买盘
11:19:01,34.68,-0.01,53,183804,中性盘
11:19:05,34.68,0.0,199,689854,买盘
11:19:08,34.69,0.01,49,169961,买盘
11:19:11,34.71,0.02,317,1099953,买盘
11:19:14,34.7,-0.01,90,312216,中性盘
11:19:17,34.7,0.0,24,83282,卖盘
11:19:19,34.71,0.01,70,242962,买盘
11:19:23,34.71,0.0,292,1013291,买盘
11:19:26,34.7,-0.01,77,267190,卖盘
11:19:29,34.71,0.01,3,10413,买盘
11:19:32,34.71,0.0,617,2141607,买盘
11:19:35,34.71,0.0,162,562251,卖盘
11:19:38,34.71,0.0,123,427039,卖盘
11:19:41,34.71,0.0,50,173580,卖盘
11:19:44,34.73,0.02,372,1291744,买盘
11:19:47,34.72,-0.01,3,10416,中性盘
11:19:50,34.72,0.0,50,173605,卖盘
11:19:53,34.71,-0.01,145,503499,卖盘
11:19:55,34.72,0.01,102,354945,买盘
11:19:59,34.73,0.01,40,138906,买盘
11:20:01,34.72,-0.01,200,694407,卖盘
11:20:05,34.73,0.01,145,503458,买盘
11:20:08,34.72,-0.01,69,239576,卖盘
11:20:11,34.72,0.0,32,111113,卖盘
11:20:14,34.72,0.0,148,513894,卖盘
11:20:17,34.73,0.01,401,1392622,买盘
11:20:20,34.75,0.02,536,1861402,买盘
11:20:23,34.72,-0.03,350,1215841,卖盘
11:20:26,34.73,0.01,52,180580,买盘
11:20:29,34.73,0.0,14,48625,买盘
11:20:32,34.7,-0.03,268,930347,卖盘
11:20:35,34.72,0.02,6,20832,中性盘
11:20:38,34.72,0.0,37,128463,买盘
11:20:41,34.71,-0.01,19,66678,卖盘
11:20:44,34.72,0.01,89,308932,买盘
11:20:47,34.72,0.0,106,368107,买盘
11:20:50,34.72,0.0,51,177072,买盘
11:20:53,34.71,-0.01,134,465159,卖盘
11:20:56,34.71,0.0,25,86776,卖盘
11:20:59,34.71,0.0,60,208260,买盘
11:21:02,34.71,0.0,83,288087,买盘
11:21:05,34.71,0.0,106,367847,买盘
11:21:08,34.71,0.0,522,1811855,买盘
11:21:11,34.71,0.0,18,62478,卖盘
11:21:14,34.71,0.0,146,506742,卖盘
11:21:17,34.7,-0.01,69,239464,卖盘
11:21:20,34.7,0.0,10,34705,卖盘
11:21:23,34.7,0.0,243,843212,卖盘
11:21:26,34.71,0.01,562,1950755,买盘
11:21:29,34.69,-0.02,748,2595350,卖盘
11:21:32,34.68,-0.01,131,454346,卖盘
11:21:35,34.67,-0.01,170,589566,卖盘
11:21:37,34.66,-0.01,20,69334,卖盘
11:21:41,34.65,-0.01,40,138606,卖盘
11:21:44,34.65,0.0,188,651298,买盘
11:21:47,34.63,-0.02,98,339339,卖盘
11:21:50,34.61,-0.02,157,543470,卖盘
11:21:53,34.63,0.02,79,273461,买盘
11:21:56,34.6,-0.03,173,598765,卖盘
11:21:59,34.61,0.01,54,186857,中性盘
11:22:02,34.61,0.0,334,1155890,买盘
11:22:05,34.61,0.0,126,436093,卖盘
11:22:08,34.61,0.0,192,664538,卖盘
11:22:11,34.61,0.0,386,1336243,卖盘
11:22:14,34.62,0.01,95,328864,买盘
11:22:17,34.61,-0.01,77,266502,卖盘
11:22:20,34.62,0.01,111,384288,卖盘
11:22:23,34.62,0.0,377,1305037,卖盘
11:22:26,34.61,-0.01,116,401584,卖盘
11:22:29,34.62,0.01,31,107309,卖盘
11:22:32,34.65,0.03,36,124680,买盘
11:22:35,34.61,-0.04,387,1339964,卖盘
11:22:38,34.63,0.02,15,51943,买盘
11:22:41,34.63,0.0,5,17315,买盘
11:22:44,34.63,0.0,470,1626731,买盘
11:22:47,34.62,-0.01,523,1810158,中性盘
11:22:50,34.62,0.0,10,34620,买盘
11:22:53,34.62,0.0,570,1972791,买盘
11:22:56,34.62,0.0,456,1578564,买盘
11:22:59,34.61,-0.01,674,2332956,卖盘
11:23:02,34.61,0.0,86,295007,买盘
11:23:05,34.6,-0.01,195,674786,卖盘
11:23:08,34.61,0.01,449,1556001,买盘
11:23:11,34.6,-0.01,26,89980,卖盘
11:23:14,34.61,0.01,15,51908,买盘
11:23:17,34.61,0.0,350,1212190,买盘
11:23:20,34.61,0.0,51,176511,买盘
11:23:23,34.6,-0.01,344,1190314,卖盘
11:23:26,34.61,0.01,163,564009,买盘
11:23:29,34.61,0.0,12,41532,买盘
11:23:32,34.6,-0.01,47,162629,卖盘
11:23:35,34.61,0.01,112,387527,买盘
11:23:38,34.61,0.0,37,128056,买盘
11:23:41,34.6,-0.01,67,231874,卖盘
11:23:44,34.61,0.01,30,103825,买盘
11:23:47,34.61,0.0,103,356393,买盘
11:23:50,34.6,-0.01,26,89972,卖盘
11:23:53,34.6,0.0,183,633361,卖盘
11:23:56,34.61,0.01,175,605508,买盘
11:23:59,34.6,-0.01,12,41520,卖盘
11:24:02,34.6,0.0,88,304485,卖盘
11:24:05,34.59,-0.01,54,186831,卖盘
11:24:08,34.59,0.0,24,83035,卖盘
11:24:11,34.6,0.01,120,415192,买盘
11:24:14,34.61,0.01,534,1847444,买盘
11:24:17,34.61,0.0,72,249375,卖盘
11:24:20,34.6,-0.01,5,17301,卖盘
11:24:23,34.61,0.01,15,51912,买盘
11:24:25,34.59,-0.02,305,1055243,卖盘
11:24:29,34.59,0.0,158,546560,卖盘
11:24:32,34.6,0.01,37,128020,买盘
11:24:35,34.59,-0.01,93,321764,卖盘
11:24:38,34.6,0.01,101,349512,卖盘
11:24:41,34.61,0.01,25,86531,卖盘
11:24:45,34.62,0.01,12,41540,买盘
11:24:47,34.6,-0.02,4,13840,卖盘
11:24:50,34.61,0.01,21,72690,中性盘
11:24:53,34.61,0.0,20,69221,卖盘
11:24:56,34.61,0.0,67,231887,买盘
11:24:59,34.61,0.0,10,34610,卖盘
11:25:02,34.6,-0.01,241,833962,卖盘
11:25:05,34.61,0.01,13,44993,买盘
11:25:08,34.6,-0.01,40,138383,卖盘
11:25:11,34.6,0.0,382,1321761,买盘
11:25:14,34.6,0.0,303,1048439,卖盘
11:25:17,34.6,0.0,101,349469,卖盘
11:25:20,34.6,0.0,8,27680,卖盘
11:25:23,34.61,0.01,11,38077,卖盘
11:25:26,34.6,-0.01,310,1072646,卖盘
11:25:29,34.61,0.01,40,138401,买盘
11:25:32,34.6,-0.01,30,103821,卖盘
11:25:35,34.61,0.01,139,481075,买盘
11:25:38,34.62,0.01,15,51925,买盘
11:25:41,34.61,-0.01,40,138440,卖盘
11:25:44,34.61,0.0,39,134970,买盘
11:25:47,34.61,0.0,5,17304,中性盘
11:25:50,34.61,0.0,18,62300,买盘
11:25:53,34.61,0.0,147,508910,中性盘
11:25:56,34.6,-0.01,16,55378,卖盘
11:25:59,34.62,0.02,10,34615,买盘
11:26:02,34.61,-0.01,97,335764,卖盘
11:26:05,34.61,0.0,48,166115,买盘
11:26:08,34.6,-0.01,128,442943,卖盘
11:26:11,34.6,0.0,467,1616259,卖盘
11:26:14,34.63,0.03,97,335761,买盘
11:26:17,34.62,-0.01,12,41531,中性盘
11:26:20,34.62,0.0,66,228550,买盘
11:26:23,34.63,0.01,22,76166,中性盘
11:26:26,34.63,0.0,277,958802,卖盘
11:26:29,34.63,0.0,5,17315,卖盘
11:26:32,34.62,-0.01,21,72709,卖盘
11:26:35,34.64,0.02,18,62334,买盘
11:26:38,34.63,-0.01,29,100414,卖盘
11:26:41,34.63,0.0,55,190468,买盘
11:26:44,34.63,0.0,283,980042,卖盘
11:26:47,34.64,0.01,69,239027,买盘
11:26:50,34.64,0.0,27,93565,卖盘
11:26:53,34.64,0.0,19,65820,中性盘
11:26:56,34.66,0.02,9,31190,买盘
11:26:59,34.66,0.0,9,31192,买盘
11:27:02,34.64,-0.02,68,235598,卖盘
11:27:05,34.63,-0.01,17,58877,卖盘
11:27:08,34.63,0.0,63,218186,卖盘
11:27:11,34.64,0.01,103,356792,买盘
11:27:13,34.64,0.0,52,180123,买盘
11:27:17,34.65,0.01,66,228626,买盘
11:27:19,34.64,-0.01,1,3464,中性盘
11:27:23,34.64,0.0,50,173245,卖盘
11:27:26,34.64,0.0,360,1247147,卖盘
11:27:29,34.66,0.02,42,145500,买盘
11:27:32,34.65,-0.01,7,24255,中性盘
11:27:35,34.65,0.0,77,266820,买盘
11:27:38,34.65,0.0,76,263349,卖盘
11:27:40,34.65,0.0,38,131657,买盘
11:27:44,34.65,0.0,7,24255,买盘
11:27:47,34.65,0.0,123,424488,买盘
11:27:49,34.65,0.0,46,159428,卖盘
11:27:52,34.67,0.02,3,10401,买盘
11:27:56,34.65,-0.02,67,233858,卖盘
11:27:59,34.64,-0.01,44,152458,卖盘
11:28:02,34.64,0.0,204,706730,卖盘
11:28:05,34.66,0.02,41,142091,买盘
11:28:07,34.66,0.0,80,277283,卖盘
11:28:11,34.66,0.0,25,86657,卖盘
11:28:14,34.66,0.0,56,194143,卖盘
11:28:17,34.66,0.0,117,405542,卖盘
11:28:20,34.66,0.0,31,107454,卖盘
11:28:23,34.67,0.01,59,204530,买盘
11:28:26,34.65,-0.02,58,200979,卖盘
11:28:28,34.65,0.0,42,145530,买盘
11:28:32,34.64,-0.01,33,114334,卖盘
11:28:35,34.65,0.01,12,40362,买盘
11:28:38,34.64,-0.01,88,304832,卖盘
11:28:40,34.65,0.01,15,52866,买盘
11:28:43,34.65,0.0,59,203144,买盘
11:28:47,34.64,-0.01,39,135079,卖盘
11:28:50,34.64,0.0,90,311752,买盘
11:28:53,34.64,0.0,20,69280,买盘
11:28:56,34.63,-0.01,86,299108,卖盘
11:28:58,34.63,0.0,22,74224,卖盘
11:29:02,34.63,0.0,153,529098,买盘
11:29:05,34.63,0.0,93,322047,卖盘
11:29:08,34.63,0.0,353,1222131,买盘
11:29:11,34.64,0.01,64,221645,买盘
11:29:14,34.63,-0.01,15,51934,中性盘
11:29:17,34.63,0.0,83,287373,卖盘
11:29:20,34.65,0.02,69,239035,买盘
11:29:23,34.64,-0.01,26,90064,卖盘
11:29:26,34.64,0.0,440,1524767,卖盘
11:29:29,34.64,0.0,52,180128,买盘
11:29:31,34.64,0.0,31,107375,买盘
11:29:34,34.63,-0.01,86,297820,卖盘
11:29:37,34.64,0.01,112,387862,买盘
11:29:40,34.64,0.0,43,148946,买盘
11:29:43,34.63,-0.01,37,128109,中性盘
11:29:46,34.64,0.01,222,768844,买盘
11:29:50,34.66,0.02,101,349811,买盘
11:29:52,34.63,-0.03,19,65797,买盘
11:29:56,34.61,-0.02,75,259581,卖盘
11:29:58,34.66,0.05,94,325533,买盘
13:00:02,34.66,0.0,648,2244044,买盘
13:00:05,34.65,-0.01,2346,8130738,卖盘
13:00:08,34.65,0.0,834,2890619,卖盘
13:00:11,34.67,0.02,263,911449,买盘
13:00:14,34.64,-0.03,1026,3554485,卖盘
13:00:16,34.68,0.04,143,495821,买盘
13:00:20,34.66,-0.02,248,859358,卖盘
13:00:22,34.67,0.01,111,384660,买盘
13:00:26,34.66,-0.01,1463,5076573,卖盘
13:00:29,34.67,0.01,83,287709,中性盘
13:00:31,34.67,0.0,99,343229,卖盘
13:00:35,34.66,-0.01,460,1593631,卖盘
13:00:37,34.66,0.0,63,218408,卖盘
13:00:41,34.66,0.0,424,1470691,卖盘
13:00:44,34.67,0.01,36,124854,卖盘
13:00:46,34.67,0.0,263,911899,卖盘
13:00:50,34.68,0.01,14,48592,中性盘
13:00:52,34.72,0.04,224,777490,中性盘
13:00:56,34.7,-0.02,1,1319,卖盘
13:00:59,34.72,0.02,202,701104,买盘
13:01:01,34.74,0.02,65,225810,买盘
13:01:05,34.7,-0.04,65,225734,卖盘
13:01:07,34.7,0.0,58,202366,买盘
13:01:11,34.7,0.0,14,48580,买盘
13:01:14,34.7,0.0,30,104092,买盘
13:01:16,34.68,-0.02,314,1090590,卖盘
13:01:20,34.68,0.0,36,123808,买盘
13:01:22,34.7,0.02,21,72833,买盘
13:01:26,34.67,-0.03,248,860015,卖盘
13:01:29,34.7,0.03,95,329483,买盘
13:01:31,34.69,-0.01,1,3469,卖盘
13:01:35,34.69,0.0,26,90198,卖盘
13:01:37,34.69,0.0,57,197783,卖盘
13:01:41,34.69,0.0,153,530756,买盘
13:01:44,34.7,0.01,1,3470,买盘
13:01:46,34.69,-0.01,226,784144,卖盘
13:01:50,34.7,0.01,73,253267,买盘
13:01:52,34.7,0.0,122,423351,买盘
13:01:56,34.69,-0.01,19,65927,卖盘
13:01:59,34.7,0.01,84,291405,中性盘
13:02:01,34.7,0.0,49,170117,卖盘
13:02:05,34.7,0.0,214,742435,卖盘
13:02:07,34.71,0.01,170,589916,买盘
13:02:11,34.71,0.0,36,124934,买盘
13:02:14,34.7,-0.01,102,353992,卖盘
13:02:16,34.7,0.0,78,270661,卖盘
13:02:20,34.71,0.01,47,163131,买盘
13:02:22,34.7,-0.01,9,31230,卖盘
13:02:26,34.7,0.0,355,1231867,卖盘
13:02:29,34.7,0.0,195,676724,卖盘
13:02:31,34.7,0.0,58,201265,卖盘
13:02:35,34.69,-0.01,20,69393,卖盘
13:02:37,34.7,0.01,120,414240,买盘
13:02:41,34.69,-0.01,17,58973,卖盘
13:02:44,34.7,0.01,44,152672,买盘
13:02:46,34.69,-0.01,157,544359,卖盘
13:02:50,34.68,-0.01,33,114474,中性盘
13:02:52,34.69,0.01,74,256623,买盘
13:02:56,34.66,-0.03,103,357102,卖盘
13:02:59,34.69,0.03,45,156089,买盘
13:03:01,34.68,-0.01,1134,3929470,卖盘
13:03:05,34.69,0.01,186,645059,买盘
13:03:07,34.68,-0.01,98,339874,卖盘
13:03:11,34.69,0.01,39,135285,买盘
13:03:14,34.68,-0.01,50,173405,卖盘
13:03:16,34.68,0.0,114,395804,卖盘
13:03:20,34.69,0.01,47,163051,买盘
13:03:22,34.69,0.0,8,27748,买盘
13:03:26,34.68,-0.01,20,69375,卖盘
13:03:29,34.67,-0.01,104,362322,卖盘
13:03:31,34.66,-0.01,7,24266,卖盘
13:03:35,34.67,0.01,34,117874,买盘
13:03:37,34.66,-0.01,141,488754,卖盘
13:03:41,34.67,0.01,192,665646,买盘
13:03:44,34.66,-0.01,103,357005,卖盘
13:03:46,34.66,0.0,70,242562,买盘
13:03:50,34.65,-0.01,114,395011,卖盘
13:03:52,34.65,0.0,30,103310,买盘
13:03:56,34.65,0.0,56,194010,买盘
13:03:59,34.64,-0.01,20,69281,中性盘
13:04:01,34.63,-0.01,24,83123,卖盘
13:04:05,34.63,0.0,186,644128,卖盘
13:04:07,34.63,0.0,142,490759,卖盘
13:04:11,34.63,0.0,84,290892,卖盘
13:04:14,34.63,0.0,330,1142792,卖盘
13:04:16,34.62,-0.01,62,214647,卖盘
13:04:20,34.63,0.01,58,200815,买盘
13:04:23,34.63,0.0,3,10389,买盘
13:04:26,34.63,0.0,11,38093,买盘
13:04:29,34.62,-0.01,338,1170584,卖盘
13:04:31,34.62,0.0,69,240183,卖盘
13:04:35,34.63,0.01,55,190455,买盘
13:04:38,34.62,-0.01,722,2499537,卖盘
13:04:41,34.62,0.0,108,373903,买盘
13:04:44,34.62,0.0,409,1415709,买盘
13:04:46,34.62,0.0,17,58854,买盘
13:04:50,34.62,0.0,93,321880,买盘
13:04:52,34.62,0.0,12,41549,卖盘
13:04:56,34.63,0.01,25,86551,买盘
13:04:59,34.61,-0.02,29,100390,卖盘
13:05:01,34.62,0.01,142,491600,买盘
13:05:05,34.62,0.0,34,117692,买盘
13:05:07,34.62,0.0,138,477674,买盘
13:05:11,34.63,0.01,486,1682641,买盘
13:05:14,34.64,0.01,60,207835,买盘
13:05:17,34.63,-0.01,23,79666,卖盘
13:05:20,34.64,0.01,84,290899,买盘
13:05:23,34.64,0.0,8,27712,买盘
13:05:26,34.65,0.01,832,2882857,买盘
13:05:29,34.63,-0.02,447,1548220,卖盘
13:05:31,34.65,0.02,54,187104,买盘
13:05:35,34.66,0.01,77,266805,买盘
13:05:37,34.65,-0.01,415,1438562,卖盘
13:05:41,34.66,0.01,56,194093,买盘
13:05:44,34.66,0.0,6,20791,中性盘
13:05:47,34.66,0.0,13,45066,卖盘
13:05:50,34.68,0.02,167,578755,买盘
13:05:53,34.68,0.0,118,409154,买盘
13:05:56,34.68,0.0,15,52020,买盘
13:05:59,34.68,0.0,80,277364,卖盘
13:06:01,34.68,0.0,179,620761,卖盘
13:06:05,34.68,0.0,128,443914,卖盘
13:06:07,34.68,0.0,103,357200,卖盘
13:06:11,34.67,-0.01,71,246208,卖盘
13:06:14,34.68,0.01,31,107479,买盘
13:06:17,34.67,-0.01,27,93609,卖盘
13:06:20,34.66,-0.01,45,155975,卖盘
13:06:23,34.67,0.01,22,76253,买盘
13:06:26,34.67,0.0,29,100541,买盘
13:06:29,34.67,0.0,404,1399942,买盘
13:06:31,34.65,-0.02,204,706861,卖盘
13:06:35,34.66,0.01,77,266821,买盘
13:06:37,34.65,-0.01,92,316365,卖盘
13:06:41,34.66,0.01,266,921714,买盘
13:06:44,34.65,-0.01,142,492892,卖盘
13:06:47,34.64,-0.01,30,102835,卖盘
13:06:50,34.65,0.01,38,131659,买盘
13:06:53,34.65,0.0,17,58894,买盘
13:06:56,34.65,0.0,7,24254,买盘
13:06:59,34.64,-0.01,29,100456,卖盘
13:07:02,34.64,0.0,27,93524,买盘
13:07:05,34.64,0.0,45,155843,买盘
13:07:08,34.63,-0.01,60,209994,卖盘
13:07:11,34.62,-0.01,33,114269,卖盘
13:07:14,34.62,0.0,5,16100,卖盘
13:07:17,34.63,0.01,1,3463,买盘
13:07:20,34.62,-0.01,98,339281,卖盘
13:07:23,34.63,0.01,346,1199443,买盘
13:07:26,34.64,0.01,149,516032,买盘
13:07:29,34.65,0.01,724,2505973,买盘
13:07:32,34.65,0.0,13,45045,卖盘
13:07:35,34.65,0.0,81,280723,卖盘
13:07:37,34.65,0.0,135,467799,卖盘
13:07:41,34.65,0.0,2,6931,卖盘
13:07:44,34.66,0.01,217,752180,买盘
13:07:47,34.65,-0.01,143,495504,卖盘
13:07:50,34.67,0.02,351,1219154,买盘
13:07:53,34.67,0.0,82,284313,卖盘
13:07:56,34.67,0.0,48,166416,卖盘
13:07:59,34.66,-0.01,208,721105,卖盘
13:08:02,34.67,0.01,108,374457,买盘
13:08:05,34.68,0.01,271,939721,买盘
13:08:08,34.69,0.01,260,901596,买盘
13:08:11,34.69,0.0,7,24283,买盘
13:08:14,34.68,-0.01,81,280909,卖盘
13:08:17,34.68,0.0,416,1443025,卖盘
13:08:20,34.69,0.01,192,666032,买盘
13:08:23,34.69,0.0,16,55504,卖盘
13:08:27,34.69,0.0,18,62447,卖盘
13:08:29,34.69,0.0,331,1148239,卖盘
13:08:32,34.69,0.0,31,107536,卖盘
13:08:35,34.7,0.01,14,48567,买盘
13:08:38,34.69,-0.01,79,274051,卖盘
13:08:44,34.69,0.0,766,2657985,卖盘
13:08:47,34.7,0.01,108,372107,买盘
13:08:50,34.69,-0.01,65,228086,卖盘
13:08:54,34.69,0.0,11,38158,买盘
13:08:56,34.69,0.0,87,301455,买盘
13:08:59,34.68,-0.01,140,486033,卖盘
13:09:02,34.69,0.01,75,260108,买盘
13:09:05,34.68,-0.01,8,27742,卖盘
13:09:08,34.67,-0.01,144,499269,卖盘
13:09:11,34.67,0.0,15,52005,买盘
13:09:14,34.67,0.0,31,107478,买盘
13:09:17,34.68,0.01,75,260035,买盘
13:09:20,34.68,0.0,156,540946,买盘
13:09:23,34.68,0.0,103,357164,买盘
13:09:26,34.67,-0.01,18,62419,卖盘
13:09:29,34.66,-0.01,521,1806832,卖盘
13:09:32,34.7,0.04,48,166466,买盘
13:09:35,34.68,-0.02,23,79765,卖盘
13:09:38,34.68,0.0,100,346814,卖盘
13:09:41,34.69,0.01,337,1169049,买盘
13:09:44,34.69,0.0,534,1852446,买盘
13:09:47,34.69,0.0,205,711142,买盘
13:09:50,34.7,0.01,152,527290,买盘
13:09:53,34.7,0.0,69,239409,买盘
13:09:56,34.7,0.0,148,510958,买盘
13:09:59,34.7,0.0,88,305361,卖盘
13:10:02,34.71,0.01,66,229063,买盘
13:10:05,34.72,0.01,64,222200,买盘
13:10:08,34.7,-0.02,198,687102,卖盘
13:10:11,34.71,0.01,70,242968,买盘
13:10:14,34.71,0.0,16,55536,买盘
13:10:17,34.71,0.0,84,291743,卖盘
13:10:20,34.74,0.03,96,333255,买盘
13:10:23,34.72,-0.02,88,305503,卖盘
13:10:26,34.72,0.0,185,642502,买盘
13:10:29,34.71,-0.01,321,1114453,卖盘
13:10:32,34.74,0.03,23,79871,买盘
13:10:35,34.73,-0.01,52,180667,卖盘
13:10:38,34.72,-0.01,10,34729,卖盘
13:10:41,34.74,0.02,57,198006,中性盘
13:10:44,34.74,0.0,76,263994,买盘
13:10:47,34.74,0.0,67,232798,买盘
13:10:50,34.73,-0.01,141,489813,卖盘
13:10:53,34.73,0.0,48,166671,买盘
13:10:56,34.74,0.01,101,350783,买盘
13:10:59,34.73,-0.01,188,653021,卖盘
13:11:02,34.72,-0.01,104,361146,卖盘
13:11:05,34.73,0.01,116,402970,卖盘
13:11:08,34.72,-0.01,59,204851,卖盘
13:11:11,34.72,0.0,41,142352,买盘
13:11:14,34.73,0.01,89,309010,买盘
13:11:17,34.72,-0.01,77,267341,卖盘
13:11:20,34.72,0.0,168,583161,买盘
13:11:23,34.72,0.0,251,871470,买盘
13:11:26,34.72,0.0,91,315875,买盘
13:11:29,34.71,-0.01,407,1412716,卖盘
13:11:32,34.71,0.0,36,124990,卖盘
13:11:35,34.7,-0.01,421,1461369,卖盘
13:11:38,34.7,0.0,15,52050,买盘
13:11:41,34.69,-0.01,137,475389,卖盘
13:11:45,34.7,0.01,41,143276,买盘
13:11:47,34.7,0.0,76,263741,卖盘
13:11:50,34.7,0.0,90,312300,卖盘
13:11:53,34.71,0.01,68,236023,买盘
13:11:56,34.71,0.0,39,135353,买盘
13:11:59,34.7,-0.01,106,367830,卖盘
13:12:02,34.7,0.0,46,160892,卖盘
13:12:05,34.71,0.01,34,117987,买盘
13:12:08,34.7,-0.01,138,476612,卖盘
13:12:11,34.7,0.0,161,558610,买盘
13:12:14,34.7,0.0,7,24290,买盘
13:12:17,34.69,-0.01,21,72867,卖盘
13:12:20,34.69,0.0,261,905453,卖盘
13:12:23,34.69,0.0,80,277492,买盘
13:12:26,34.69,0.0,82,284443,买盘
13:12:29,34.68,-0.01,146,506360,卖盘
13:12:32,34.68,0.0,335,1161659,卖盘
13:12:35,34.66,-0.02,58,201032,卖盘
13:12:38,34.66,0.0,61,211432,卖盘
13:12:41,34.68,0.02,91,315418,买盘
13:12:44,34.67,-0.01,34,117880,卖盘
13:12:47,34.68,0.01,76,263485,买盘
13:12:50,34.67,-0.01,13,45071,中性盘
13:12:53,34.66,-0.01,29,100536,卖盘
13:12:56,34.67,0.01,80,277360,买盘
13:12:59,34.66,-0.01,175,606649,卖盘
13:13:02,34.67,0.01,82,284294,卖盘
13:13:05,34.66,-0.01,197,682827,卖盘
13:13:08,34.65,-0.01,70,242599,卖盘
13:13:11,34.66,0.01,541,1875045,买盘
13:13:14,34.67,0.01,125,433321,买盘
13:13:17,34.66,-0.01,57,197562,卖盘
13:13:20,34.67,0.01,193,669030,买盘
13:13:23,34.67,0.0,47,162945,买盘
13:13:26,34.66,-0.01,19,65863,卖盘
13:13:29,34.67,0.01,116,402097,买盘
13:13:32,34.67,0.0,820,2842172,买盘
13:13:35,34.67,0.0,113,391710,买盘
13:13:38,34.66,-0.01,11,38126,卖盘
13:13:41,34.66,0.0,99,343089,卖盘
13:13:44,34.67,0.01,17,58929,买盘
13:13:47,34.66,-0.01,66,228763,卖盘
13:13:50,34.66,0.0,94,326509,卖盘
13:13:53,34.67,0.01,182,630989,买盘
13:13:56,34.67,0.0,118,409030,买盘
13:13:59,34.67,0.0,76,263492,卖盘
13:14:02,34.67,0.0,167,578991,卖盘
13:14:05,34.68,0.01,100,346704,买盘
13:14:08,34.67,-0.01,99,343244,卖盘
13:14:11,34.65,-0.02,92,318851,卖盘
13:14:14,34.66,0.01,20,69332,卖盘
13:14:17,34.65,-0.01,21,72785,卖盘
13:14:20,34.65,0.0,57,197516,卖盘
13:14:23,34.65,0.0,284,984191,卖盘
13:14:26,34.65,0.0,40,138613,卖盘
13:14:29,34.65,0.0,20,68587,买盘
13:14:32,34.64,-0.01,223,772461,卖盘
13:14:35,34.64,0.0,64,221696,买盘
13:14:38,34.64,0.0,6,20784,买盘
13:14:41,34.63,-0.01,17,58871,卖盘
13:14:44,34.64,0.01,84,290899,买盘
13:14:47,34.64,0.0,55,190503,买盘
13:14:50,34.63,-0.01,22,76189,卖盘
13:14:53,34.63,0.0,252,872968,卖盘
13:14:56,34.63,0.0,14,48484,卖盘
13:14:59,34.63,0.0,34,117754,卖盘
13:15:02,34.64,0.01,14,48496,买盘
13:15:05,34.64,0.0,110,380936,买盘
13:15:08,34.63,-0.01,195,675388,卖盘
13:15:11,34.62,-0.01,49,169684,卖盘
13:15:14,34.64,0.02,204,706383,买盘
13:15:17,34.64,0.0,1014,3510487,买盘
13:15:23,34.63,-0.01,143,495259,卖盘
13:15:26,34.64,0.01,24,83138,中性盘
13:15:29,34.64,0.0,7,24248,买盘
13:15:32,34.63,-0.01,152,526377,卖盘
13:15:35,34.63,0.0,75,259722,买盘
13:15:38,34.63,0.0,179,619878,买盘
13:15:41,34.63,0.0,82,283967,卖盘
13:15:44,34.63,0.0,72,249338,卖盘
13:15:47,34.63,0.0,27,93490,买盘
13:15:50,34.64,0.01,6,20781,买盘
13:15:53,34.63,-0.01,321,1111865,卖盘
13:15:56,34.64,0.01,1,3464,买盘
13:15:59,34.63,-0.01,5,17318,卖盘
13:16:02,34.64,0.01,275,952813,买盘
13:16:05,34.64,0.0,101,349764,买盘
13:16:08,34.64,0.0,12,41566,买盘
13:16:11,34.62,-0.02,144,498668,卖盘
13:16:14,34.62,0.0,212,735160,卖盘
13:16:17,34.62,0.0,20,69240,买盘
13:16:20,34.62,0.0,300,1037373,买盘
13:16:23,34.62,0.0,14,48475,卖盘
13:16:26,34.63,0.01,102,353149,买盘
13:16:29,34.63,0.0,17,58860,买盘
13:16:31,34.62,-0.01,299,1035171,卖盘
13:16:35,34.63,0.01,272,941856,买盘
13:16:38,34.64,0.01,6,20784,买盘
13:16:41,34.63,-0.01,56,193955,卖盘
13:16:44,34.63,0.0,81,280505,卖盘
13:16:47,34.64,0.01,17,58888,买盘
13:16:50,34.64,0.0,17,58878,买盘
13:16:53,34.64,0.0,1,3464,买盘
13:16:56,34.64,0.0,87,301292,买盘
13:16:59,34.63,-0.01,29,100443,卖盘
13:17:02,34.64,0.01,15,51959,买盘
13:17:05,34.63,-0.01,184,637397,卖盘
13:17:08,34.64,0.01,117,405170,卖盘
13:17:11,34.63,-0.01,87,301286,卖盘
13:17:14,34.63,0.0,21,72723,买盘
13:17:17,34.63,0.0,101,349763,买盘
13:17:20,34.64,0.01,103,356698,买盘
13:17:23,34.64,0.0,71,245881,买盘
13:17:26,34.64,0.0,94,325537,买盘
13:17:29,34.64,0.0,25,86598,买盘
13:17:32,34.64,0.0,255,882915,买盘
13:17:35,34.63,-0.01,116,401711,卖盘
13:17:38,34.64,0.01,42,145449,买盘
13:17:41,34.65,0.01,104,360308,买盘
13:17:44,34.63,-0.02,92,318598,卖盘
13:17:50,34.64,0.01,11,38107,卖盘
13:17:53,34.63,-0.01,54,187004,卖盘
13:17:56,34.64,0.01,21,72754,中性盘
13:17:59,34.64,0.0,31,107384,买盘
13:18:02,34.63,-0.01,141,488350,卖盘
13:18:05,34.63,0.0,96,332435,卖盘
13:18:08,34.63,0.0,92,318576,买盘
13:18:11,34.63,0.0,4,13852,买盘
13:18:14,34.62,-0.01,108,373996,卖盘
13:18:17,34.63,0.01,98,339300,买盘
13:18:20,34.62,-0.01,13,45016,卖盘
13:18:23,34.63,0.01,76,263175,买盘
13:18:26,34.63,0.0,179,619796,买盘
13:18:29,34.63,0.0,35,121231,卖盘
13:18:32,34.63,0.0,51,176613,卖盘
13:18:35,34.65,0.02,122,422549,买盘
13:18:38,34.65,0.0,15,51975,卖盘
13:18:41,34.66,0.01,2,6932,买盘
13:18:44,34.65,-0.01,34,117807,卖盘
13:18:47,34.65,0.0,5,17325,买盘
13:18:50,34.65,0.0,22,76227,买盘
13:18:53,34.65,0.0,74,256410,买盘
13:18:56,34.64,-0.01,65,225160,卖盘
13:18:59,34.64,0.0,19,65816,买盘
13:19:02,34.63,-0.01,31,107356,卖盘
13:19:05,34.64,0.01,111,384411,买盘
13:19:08,34.64,0.0,47,162806,买盘
13:19:11,34.64,0.0,207,716888,买盘
13:19:14,34.63,-0.01,92,318603,卖盘
13:19:17,34.64,0.01,6,20784,买盘
13:19:20,34.68,0.04,1044,3621403,买盘
13:19:23,34.67,-0.01,4,13868,卖盘
13:19:26,34.68,0.01,83,287633,买盘
13:19:29,34.68,0.0,26,90126,买盘
13:19:32,34.67,-0.01,25,86696,卖盘
13:19:35,34.67,0.0,39,135224,买盘
13:19:38,34.66,-0.01,71,246095,中性盘
13:19:41,34.66,0.0,87,301354,买盘
13:19:44,34.65,-0.01,17,58906,卖盘
13:19:48,34.65,0.0,13,45045,买盘
13:19:50,34.65,0.0,53,183645,买盘
13:19:54,34.64,-0.01,178,616715,卖盘
13:19:57,34.64,0.0,43,148952,买盘
13:19:59,34.64,0.0,274,949135,买盘
13:20:02,34.65,0.01,18,62357,买盘
13:20:06,34.65,0.0,99,342941,卖盘
13:20:09,34.66,0.01,20,69309,买盘
13:20:11,34.65,-0.01,178,616829,卖盘
13:20:14,34.68,0.03,303,1050840,买盘
13:20:17,34.7,0.02,246,852408,买盘
13:20:20,34.71,0.01,43,149179,买盘
13:20:24,34.7,-0.01,3,10410,卖盘
13:20:26,34.7,0.0,30,104100,卖盘
13:20:29,34.7,0.0,17,58990,买盘
13:20:32,34.69,-0.01,1,3469,中性盘
13:20:36,34.67,-0.02,38,133106,卖盘
13:20:38,34.68,0.01,72,249696,买盘
13:20:41,34.67,-0.01,116,402232,卖盘
13:20:45,34.67,0.0,18,62401,买盘
13:20:47,34.67,0.0,28,97076,买盘
13:20:50,34.67,0.0,22,76274,买盘
13:20:53,34.67,0.0,5,17335,买盘
13:20:56,34.66,-0.01,144,499160,卖盘
13:20:59,34.67,0.01,24,83200,买盘
13:21:02,34.67,0.0,2,6934,买盘
13:21:04,34.65,-0.02,88,304948,卖盘
13:21:09,34.66,0.01,12,41596,中性盘
13:21:11,34.66,0.0,20,69315,买盘
13:21:14,34.66,0.0,103,356902,买盘
13:21:17,34.66,0.0,81,278619,买盘
13:21:20,34.65,-0.01,80,277209,卖盘
13:21:24,34.66,0.01,293,1015473,买盘
13:21:26,34.65,-0.01,73,255057,卖盘
13:21:29,34.65,0.0,2,6930,买盘
13:21:33,34.65,0.0,47,162854,买盘
13:21:36,34.64,-0.01,81,280584,卖盘
13:21:38,34.64,0.0,84,291059,卖盘
13:21:42,34.65,0.01,82,284054,买盘
13:21:44,34.64,-0.01,115,398420,卖盘
13:21:47,34.64,0.0,17,58888,买盘
13:21:50,34.63,-0.01,180,623521,卖盘
13:21:53,34.64,0.01,20,69279,买盘
13:21:56,34.65,0.01,191,661535,买盘
13:21:59,34.64,-0.01,10,34643,卖盘
13:22:02,34.64,0.0,106,367118,买盘
13:22:05,34.64,0.0,225,777240,买盘
13:22:08,34.65,0.01,14,48506,买盘
13:22:12,34.63,-0.02,208,720388,卖盘
13:22:14,34.64,0.01,80,277120,卖盘
13:22:17,34.65,0.01,26,90072,买盘
13:22:20,34.65,0.0,82,284108,买盘
13:22:23,34.64,-0.01,571,1977945,卖盘
13:22:26,34.64,0.0,31,107384,买盘
13:22:29,34.64,0.0,83,287512,买盘
13:22:32,34.64,0.0,28,96992,买盘
13:22:35,34.63,-0.01,164,568089,卖盘
13:22:39,34.64,0.01,79,273583,中性盘
13:22:42,34.65,0.01,42,145489,买盘
13:22:44,34.65,0.0,16,55434,买盘
13:22:47,34.64,-0.01,87,301371,卖盘
13:22:50,34.64,0.0,16,55430,卖盘
13:22:53,34.64,0.0,65,225145,卖盘
13:22:56,34.64,0.0,42,145488,买盘
13:22:59,34.64,0.0,153,529992,买盘
13:23:02,34.64,0.0,34,117776,买盘
13:23:06,34.63,-0.01,36,124697,卖盘
13:23:08,34.65,0.02,169,585343,买盘
13:23:11,34.64,-0.01,235,814049,卖盘
13:23:14,34.64,0.0,12,41570,卖盘
13:23:17,34.7,0.06,643,2231279,买盘
13:23:20,34.7,0.0,31,107571,卖盘
13:23:23,34.7,0.0,1,3470,卖盘
13:23:27,34.7,0.0,125,433796,卖盘
13:23:29,34.71,0.01,4,13884,买盘
13:23:32,34.7,-0.01,70,242916,卖盘
13:23:36,34.7,0.0,147,510144,卖盘
13:23:38,34.71,0.01,21,72887,买盘
13:23:41,34.71,0.0,101,350502,买盘
13:23:44,34.7,-0.01,131,454687,卖盘
13:23:48,34.7,0.0,96,333134,卖盘
13:23:50,34.71,0.01,40,138833,买盘
13:23:53,34.72,0.01,41,142312,买盘
13:23:56,34.7,-0.02,830,2878763,卖盘
13:23:59,34.72,0.02,277,961178,买盘
13:24:02,34.67,-0.05,46,159537,卖盘
13:24:05,34.68,0.01,10,34680,中性盘
13:24:09,34.67,-0.01,19,65888,卖盘
13:24:11,34.67,0.0,66,228824,卖盘
13:24:14,34.67,0.0,26,90136,买盘
13:24:17,34.67,0.0,231,800867,买盘
13:24:20,34.65,-0.02,73,253080,卖盘
13:24:24,34.67,0.02,3,10401,买盘
13:24:26,34.65,-0.02,79,273776,卖盘
13:24:30,34.67,0.02,28,97076,卖盘
13:24:33,34.67,0.0,44,152552,卖盘
13:24:35,34.68,0.01,317,1099210,买盘
13:24:39,34.67,-0.01,60,208010,买盘
13:24:42,34.65,-0.02,187,648404,卖盘
13:24:44,34.68,0.03,5,17342,卖盘
13:24:47,34.68,0.0,32,110970,卖盘
13:24:51,34.68,0.0,15,52019,买盘
13:24:53,34.7,0.02,204,707764,买盘
13:24:57,34.67,-0.03,90,312263,卖盘
13:24:59,34.71,0.04,7,24292,买盘
13:25:02,34.68,-0.03,269,933571,卖盘
13:25:06,34.7,0.02,16,55514,买盘
13:25:09,34.7,0.0,15,52038,买盘
13:25:15,34.68,-0.02,96,332936,卖盘
13:25:18,34.69,0.01,175,606896,买盘
13:25:20,34.69,0.0,10,34685,买盘
13:25:23,34.68,-0.01,35,121410,卖盘
13:25:26,34.68,0.0,97,336419,卖盘
13:25:30,34.69,0.01,89,308663,买盘
13:25:36,34.69,0.0,89,308573,买盘
13:25:39,34.69,0.0,86,298326,买盘
13:25:41,34.68,-0.01,66,228913,卖盘
13:25:44,34.68,0.0,27,93644,卖盘
13:25:47,34.69,0.01,82,284380,买盘
13:25:50,34.68,-0.01,53,183804,买盘
13:25:54,34.68,0.0,39,135251,买盘
13:25:56,34.67,-0.01,108,374485,卖盘
13:26:00,34.67,0.0,34,117903,卖盘
13:26:03,34.68,0.01,20,69363,卖盘
13:26:05,34.68,0.0,21,72828,卖盘
13:26:09,34.68,0.0,13,45083,买盘
13:26:11,34.68,0.0,82,284376,买盘
13:26:14,34.67,-0.01,190,658757,卖盘
13:26:17,34.67,0.0,43,149081,卖盘
13:26:23,34.67,0.0,17,58939,买盘
13:26:26,34.67,0.0,129,447165,买盘
13:26:30,34.67,0.0,28,97076,买盘
13:26:32,34.67,0.0,386,1337940,买盘
13:26:36,34.66,-0.01,52,180266,卖盘
13:26:38,34.66,0.0,51,176766,买盘
13:26:41,34.65,-0.01,43,148997,卖盘
13:26:44,34.65,0.0,9,31187,卖盘
13:26:47,34.66,0.01,143,495504,买盘
13:26:50,34.66,0.0,6,20796,买盘
13:26:53,34.66,0.0,21,72786,买盘
13:26:57,34.66,0.0,95,329192,买盘
13:26:59,34.66,0.0,162,561375,买盘
13:27:02,34.66,0.0,55,190600,买盘
13:27:05,34.65,-0.01,269,932283,卖盘
13:27:08,34.65,0.0,138,478226,卖盘
13:27:12,34.65,0.0,77,266806,卖盘
13:27:15,34.65,0.0,450,1559423,卖盘
13:27:17,34.65,0.0,234,810964,卖盘
13:27:20,34.66,0.01,2,6932,买盘
13:27:23,34.65,-0.01,14,48515,卖盘
13:27:27,34.66,0.01,138,478187,买盘
13:27:29,34.66,0.0,1,3466,买盘
13:27:33,34.66,0.0,35,121309,买盘
13:27:36,34.65,-0.01,89,308390,卖盘
13:27:39,34.66,0.01,18,62385,买盘
13:27:42,34.65,-0.01,97,336724,卖盘
13:27:44,34.65,0.0,154,533710,卖盘
13:27:47,34.65,0.0,474,1642535,卖盘
13:27:50,34.66,0.01,22,76243,买盘
13:27:53,34.66,0.0,14,48524,卖盘
13:27:57,34.66,0.0,72,249552,卖盘
13:28:00,34.67,0.01,100,346697,买盘
13:28:02,34.67,0.0,2,6935,卖盘
13:28:05,34.67,0.0,17,58947,卖盘
13:28:08,34.67,0.0,81,280828,卖盘
13:28:12,34.67,0.0,15,51992,买盘
13:28:14,34.67,0.0,114,395140,买盘
13:28:17,34.66,-0.01,39,135185,卖盘
13:28:20,34.66,0.0,11,38126,买盘
13:28:23,34.66,0.0,48,166365,买盘
13:28:26,34.66,0.0,304,1053557,买盘
13:28:29,34.66,0.0,22,76257,卖盘
13:28:33,34.66,0.0,5,17330,卖盘
13:28:35,34.66,0.0,75,259961,卖盘
13:28:39,34.67,0.01,93,322341,买盘
13:28:41,34.66,-0.01,128,443655,卖盘
13:28:44,34.67,0.01,18,62391,买盘
13:28:47,34.64,-0.03,407,1410331,卖盘
13:28:50,34.67,0.03,265,918381,买盘
13:28:53,34.64,-0.03,66,228690,卖盘
13:28:56,34.65,0.01,821,2843998,买盘
13:28:59,34.64,-0.01,29,100480,买盘
13:29:02,34.64,0.0,19,65819,卖盘
13:29:05,34.64,0.0,62,214809,买盘
13:29:08,34.65,0.01,90,311773,买盘
13:29:11,34.65,0.0,28,97015,买盘
13:29:14,34.64,-0.01,222,768920,卖盘
13:29:17,34.64,0.0,218,754966,买盘
13:29:20,34.64,0.0,155,537088,买盘
13:29:23,34.63,-0.01,385,1333517,卖盘
13:29:26,34.64,0.01,95,329077,中性盘
13:29:30,34.64,0.0,511,1769611,买盘
13:29:32,34.63,-0.01,12,40974,买盘
13:29:35,34.62,-0.01,14,48468,卖盘
13:29:39,34.62,0.0,166,574751,卖盘
13:29:41,34.62,0.0,368,1274332,卖盘
13:29:44,34.62,0.0,258,893408,卖盘
13:29:47,34.63,0.01,346,1198595,买盘
13:29:50,34.63,0.0,13,45019,卖盘
13:29:53,34.63,0.0,158,547157,卖盘
13:29:56,34.63,0.0,8,27705,卖盘
13:29:59,34.63,0.0,36,124669,卖盘
13:30:03,34.63,0.0,7,24239,买盘
13:30:05,34.63,0.0,89,308178,买盘
13:30:09,34.63,0.0,231,799876,买盘
13:30:11,34.63,0.0,13,45019,卖盘
13:30:14,34.63,0.0,162,561006,卖盘
13:30:17,34.63,0.0,33,114279,卖盘
13:30:20,34.64,0.01,188,651154,买盘
13:30:23,34.64,0.0,118,408750,买盘
13:30:26,34.63,-0.01,168,581840,卖盘
13:30:29,34.63,0.0,265,917703,卖盘
13:30:33,34.63,0.0,7,24244,卖盘
13:30:35,34.64,0.01,17,58885,买盘
13:30:38,34.63,-0.01,36,124670,卖盘
13:30:41,34.62,-0.01,61,211202,卖盘
13:30:45,34.63,0.01,120,415560,买盘
13:30:47,34.62,-0.01,285,986920,卖盘
13:30:50,34.63,0.01,15,51948,卖盘
