time,price,change,volume,amount,type
09:25:05,36.0,-0.17,11743,42274800,卖盘
09:30:00,35.99,-0.01,6,21595,卖盘
09:30:03,35.95,-0.04,1334,4798101,卖盘
09:30:06,35.96,0.01,1953,7019212,买盘
09:30:09,35.95,-0.01,557,2002739,卖盘
09:30:12,35.97,0.02,1569,5640587,买盘
09:30:15,35.95,-0.02,705,2535812,卖盘
09:30:18,35.91,-0.04,396,1423528,卖盘
09:30:22,35.98,0.07,291,1046422,买盘
09:30:24,35.97,-0.01,841,3025327,中性盘
09:30:27,35.96,-0.01,77,276974,卖盘
09:30:30,35.97,0.01,400,1438649,买盘
09:30:33,35.96,-0.01,310,1115235,中性盘
09:30:36,35.94,-0.02,250,898758,卖盘
09:30:39,35.94,0.0,57,204850,买盘
09:30:42,35.94,0.0,785,2819551,买盘
09:30:45,35.93,-0.01,51,183228,中性盘
09:30:48,35.91,-0.02,38,136503,卖盘
09:30:51,35.91,0.0,530,1902405,卖盘
09:30:54,35.88,-0.03,685,2460614,卖盘
09:30:57,35.91,0.03,77,276455,中性盘
09:31:00,35.9,-0.01,443,1590776,卖盘
09:31:03,35.88,-0.02,117,420285,卖盘
09:31:06,35.88,0.0,55,197354,买盘
09:31:09,35.9,0.02,200,717752,买盘
09:31:12,35.9,0.0,210,753699,买盘
09:31:15,35.88,-0.02,268,961891,卖盘
09:31:18,35.89,0.01,381,1366955,买盘
09:31:21,35.9,0.01,61,218936,买盘
09:31:24,35.88,-0.02,50,179407,卖盘
09:31:27,35.89,0.01,465,1669277,中性盘
09:31:30,35.9,0.01,125,448578,买盘
09:31:33,35.87,-0.03,514,1843977,卖盘
09:31:36,35.88,0.01,159,570365,买盘
09:31:39,35.86,-0.02,80,286993,卖盘
09:31:42,35.87,0.01,298,1069005,中性盘
09:31:45,35.87,0.0,84,301310,买盘
09:31:49,35.89,0.02,93,333667,买盘
09:31:52,35.89,0.0,127,455676,买盘
09:31:54,35.89,0.0,109,391100,买盘
09:31:57,35.89,0.0,193,692558,买盘
09:32:00,35.89,0.0,189,678294,买盘
09:32:03,35.88,-0.01,325,1165866,卖盘
09:32:06,35.87,-0.01,393,1409863,卖盘
09:32:09,35.88,0.01,308,1105596,卖盘
09:32:12,35.88,0.0,26,94204,卖盘
09:32:15,35.9,0.02,426,1529223,买盘
09:32:18,35.9,0.0,327,1173808,买盘
09:32:21,35.9,0.0,150,538492,买盘
09:32:24,35.9,0.0,365,1310268,买盘
09:32:27,35.9,0.0,57,204630,卖盘
09:32:30,35.91,0.01,107,384154,买盘
09:32:33,35.9,-0.01,450,1615481,卖盘
09:32:36,35.91,0.01,213,764907,卖盘
09:32:39,35.91,0.0,548,1967270,买盘
09:32:42,35.91,0.0,74,265731,买盘
09:32:45,35.91,0.0,148,531466,卖盘
09:32:48,35.9,-0.01,147,527813,卖盘
09:32:51,35.91,0.01,8,28728,买盘
09:32:54,35.93,0.02,10,35922,买盘
09:32:57,35.92,-0.01,170,610487,卖盘
09:33:00,35.91,-0.01,71,255000,卖盘
09:33:03,35.92,0.01,360,1292901,买盘
09:33:06,35.92,0.0,182,653716,卖盘
09:33:09,35.93,0.01,155,556856,买盘
09:33:12,35.95,0.02,95,341315,买盘
09:33:15,35.94,-0.01,135,485079,中性盘
09:33:18,35.94,0.0,31,111419,卖盘
09:33:21,35.95,0.01,136,488873,买盘
09:33:24,35.95,0.0,54,194089,买盘
09:33:27,35.95,0.0,158,567923,买盘
09:33:30,35.94,-0.01,131,470833,卖盘
09:33:33,35.94,0.0,113,406055,买盘
09:33:36,35.93,-0.01,89,319792,卖盘
09:33:39,35.93,0.0,191,686377,卖盘
09:33:42,35.95,0.02,98,352210,买盘
09:33:45,35.93,-0.02,168,603686,卖盘
09:33:48,35.94,0.01,79,283924,买盘
09:33:51,35.93,-0.01,112,402470,卖盘
09:33:54,35.93,0.0,395,1419567,卖盘
09:33:57,35.91,-0.02,726,2607681,卖盘
09:34:00,35.94,0.03,198,711423,买盘
09:34:03,35.92,-0.02,140,502825,卖盘
09:34:06,35.93,0.01,229,822643,买盘
09:34:09,35.92,-0.01,126,452597,卖盘
09:34:12,35.92,0.0,230,825961,买盘
09:34:15,35.92,0.0,218,783166,买盘
09:34:18,35.92,0.0,181,650233,卖盘
09:34:21,35.91,-0.01,107,384335,卖盘
09:34:24,35.92,0.01,199,714840,卖盘
09:34:27,35.91,-0.01,305,1095365,卖盘
09:34:30,35.92,0.01,227,816858,买盘
09:34:34,35.93,0.01,56,201174,买盘
09:34:36,35.94,0.01,36,129358,买盘
09:34:39,35.93,-0.01,92,330556,卖盘
09:34:42,35.93,0.0,36,129374,卖盘
09:34:45,35.94,0.01,294,1056364,买盘
09:34:48,35.94,0.0,229,822922,买盘
09:34:51,35.94,0.0,1336,4799381,买盘
09:34:54,35.92,-0.02,43,154487,卖盘
09:34:57,35.93,0.01,99,355660,买盘
09:35:00,35.93,0.0,315,1130062,买盘
09:35:04,35.92,-0.01,428,1537160,中性盘
09:35:06,35.93,0.01,167,599967,买盘
09:35:09,35.91,-0.02,139,499132,卖盘
09:35:12,35.9,-0.01,332,1191967,卖盘
09:35:15,35.91,0.01,255,916066,中性盘
09:35:19,35.93,0.02,258,926922,买盘
09:35:21,35.9,-0.03,437,1569590,卖盘
09:35:24,35.9,0.0,31,111329,卖盘
09:35:27,35.9,0.0,85,305217,卖盘
09:35:30,35.9,0.0,148,531370,卖盘
09:35:33,35.91,0.01,161,578152,卖盘
09:35:36,35.91,0.0,417,1497061,卖盘
09:35:39,35.91,0.0,86,308794,买盘
09:35:42,35.9,-0.01,292,1048351,卖盘
09:35:45,35.9,0.0,125,448812,卖盘
09:35:49,35.9,0.0,128,459562,买盘
09:35:51,35.89,-0.01,91,326682,卖盘
09:35:54,35.9,0.01,348,1249122,买盘
09:35:57,35.9,0.0,93,333897,买盘
09:36:00,35.88,-0.02,54,193786,卖盘
09:36:04,35.88,0.0,534,1916126,卖盘
09:36:06,35.88,0.0,217,778641,卖盘
09:36:09,35.88,0.0,351,1259400,卖盘
09:36:12,35.88,0.0,147,527386,买盘
09:36:15,35.88,0.0,590,2116967,买盘
09:36:19,35.87,-0.01,52,186524,卖盘
09:36:21,35.87,0.0,114,408918,卖盘
09:36:24,35.87,0.0,118,423274,卖盘
09:36:27,35.87,0.0,95,340681,买盘
09:36:30,35.86,-0.01,204,731696,卖盘
09:36:33,35.87,0.01,187,670850,买盘
09:36:36,35.87,0.0,151,541639,卖盘
09:36:39,35.87,0.0,34,121953,卖盘
09:36:42,35.87,0.0,147,527226,卖盘
09:36:45,35.87,0.0,126,451905,买盘
09:36:48,35.86,-0.01,100,358611,卖盘
09:36:51,35.87,0.01,178,638360,买盘
09:36:54,35.86,-0.01,240,860632,卖盘
09:36:57,35.86,0.0,148,530728,买盘
09:37:00,35.85,-0.01,30,107569,卖盘
09:37:04,35.85,0.0,289,1036252,卖盘
09:37:06,35.86,0.01,128,458953,买盘
09:37:10,35.86,0.0,58,207979,买盘
09:37:12,35.85,-0.01,116,415930,卖盘
09:37:15,35.86,0.01,322,1154840,买盘
09:37:19,35.86,0.0,511,1831967,中性盘
09:37:21,35.86,0.0,98,351428,卖盘
09:37:24,35.86,0.0,200,717200,卖盘
09:37:27,35.85,-0.01,678,2429740,卖盘
09:37:30,35.86,0.01,192,688504,买盘
09:37:34,35.85,-0.01,251,899840,卖盘
09:37:36,35.85,0.0,151,541335,买盘
09:37:39,35.85,0.0,115,412300,卖盘
09:37:42,35.85,0.0,25,89625,卖盘
09:37:45,35.86,0.01,612,2193182,买盘
09:37:49,35.85,-0.01,96,344197,卖盘
09:37:52,35.85,0.0,210,752960,卖盘
09:37:54,35.86,0.01,34,121901,买盘
09:37:58,35.84,-0.02,59,211484,卖盘
09:38:00,35.86,0.02,272,975251,买盘
09:38:04,35.86,0.0,18,64549,卖盘
09:38:06,35.86,0.0,43,154208,卖盘
09:38:09,35.87,0.01,24,86071,买盘
09:38:12,35.86,-0.01,43,154223,卖盘
09:38:15,35.87,0.01,224,804525,买盘
09:38:19,35.87,0.0,175,626631,卖盘
09:38:22,35.87,0.0,40,143461,买盘
09:38:24,35.87,0.0,39,139893,买盘
09:38:27,35.87,0.0,89,319210,买盘
09:38:30,35.87,0.0,156,560580,买盘
09:38:34,35.87,0.0,31,111224,卖盘
09:38:37,35.88,0.01,50,179400,买盘
09:38:39,35.87,-0.01,145,520212,卖盘
09:38:42,35.88,0.01,14,50228,中性盘
09:38:45,35.88,0.0,130,466340,买盘
09:38:49,35.88,0.0,66,236791,买盘
09:38:52,35.88,0.0,302,1083490,买盘
09:38:54,35.88,0.0,186,667268,买盘
09:38:58,35.89,0.01,188,674480,买盘
09:39:00,35.88,-0.01,116,416304,卖盘
09:39:03,35.88,0.0,264,947398,卖盘
09:39:06,35.88,0.0,67,240449,卖盘
09:39:09,35.88,0.0,59,211706,卖盘
09:39:12,35.89,0.01,138,495220,买盘
09:39:15,35.9,0.01,307,1101738,买盘
09:39:19,35.89,-0.01,226,810890,买盘
09:39:21,35.89,0.0,31,111236,买盘
09:39:24,35.88,-0.01,67,240418,卖盘
09:39:27,35.88,0.0,144,516690,中性盘
09:39:30,35.88,0.0,107,383889,买盘
09:39:34,35.88,0.0,209,749854,卖盘
09:39:37,35.89,0.01,132,473572,买盘
09:39:39,35.88,-0.01,31,111228,卖盘
09:39:43,35.88,0.0,136,487978,卖盘
09:39:46,35.88,0.0,304,1090858,卖盘
09:39:49,35.88,0.0,242,868221,买盘
09:39:51,35.88,0.0,30,107632,买盘
09:39:54,35.87,-0.01,222,796355,卖盘
09:39:58,35.86,-0.01,545,1953320,卖盘
09:40:00,35.87,0.01,42,150619,买盘
09:40:04,35.85,-0.02,936,3355602,卖盘
09:40:06,35.84,-0.01,551,1975135,卖盘
09:40:09,35.83,-0.01,170,609167,卖盘
09:40:12,35.85,0.02,1423,5100379,买盘
09:40:16,35.85,0.0,233,835180,买盘
09:40:19,35.82,-0.03,364,1304242,卖盘
09:40:22,35.83,0.01,54,193450,卖盘
09:40:24,35.83,0.0,561,2010964,买盘
09:40:27,35.84,0.01,29,103913,中性盘
09:40:30,35.84,0.0,33,118295,买盘
09:40:34,35.84,0.0,201,720329,买盘
09:40:37,35.83,-0.01,400,1433405,卖盘
09:40:40,35.83,0.0,94,336823,卖盘
09:40:42,35.82,-0.01,324,1160771,卖盘
09:40:45,35.83,0.01,350,1254085,买盘
09:40:49,35.83,0.0,98,351170,买盘
09:40:51,35.82,-0.01,370,1325595,卖盘
09:40:54,35.82,0.0,79,283054,卖盘
09:40:57,35.82,0.0,83,297340,卖盘
09:41:01,35.82,0.0,49,175557,卖盘
09:41:03,35.83,0.01,115,412037,买盘
09:41:07,35.82,-0.01,452,1619179,卖盘
09:41:10,35.83,0.01,245,877612,买盘
09:41:13,35.83,0.0,220,788197,买盘
09:41:16,35.84,0.01,299,1072436,买盘
09:41:19,35.83,-0.01,7,25081,卖盘
09:41:22,35.83,0.0,254,910159,卖盘
09:41:24,35.84,0.01,338,1211104,买盘
09:41:28,35.84,0.0,50,179166,买盘
09:41:31,35.84,0.0,34,121828,买盘
09:41:34,35.84,0.0,205,734639,买盘
09:41:37,35.84,0.0,601,2153141,买盘
09:41:40,35.83,-0.01,90,322525,卖盘
09:41:43,35.82,-0.01,123,440668,卖盘
09:41:45,35.83,0.01,164,587570,买盘
09:41:49,35.82,-0.01,119,426361,卖盘
09:41:52,35.82,0.0,94,336745,卖盘
09:41:55,35.83,0.01,204,730886,买盘
09:41:58,35.82,-0.01,208,745188,卖盘
09:42:01,35.83,0.01,820,2937255,中性盘
09:42:04,35.83,0.0,272,974361,卖盘
09:42:07,35.83,0.0,18,64502,卖盘
09:42:10,35.83,0.0,101,361900,卖盘
09:42:12,35.83,0.0,153,548200,卖盘
09:42:16,35.83,0.0,342,1225570,卖盘
09:42:19,35.83,0.0,383,1372426,卖盘
09:42:22,35.84,0.01,494,1770103,买盘
09:42:24,35.84,0.0,1,3584,卖盘
09:42:27,35.84,0.0,390,1397797,卖盘
09:42:30,35.83,-0.01,564,2021083,卖盘
09:42:34,35.85,0.02,162,580559,买盘
09:42:37,35.85,0.0,89,318984,买盘
09:42:39,35.84,-0.01,145,519845,卖盘
09:42:43,35.83,-0.01,111,397802,卖盘
09:42:46,35.85,0.02,118,422883,买盘
09:42:49,35.85,0.0,40,143382,买盘
09:42:52,35.84,-0.01,135,483870,卖盘
09:42:55,35.85,0.01,132,473220,买盘
09:42:58,35.85,0.0,52,186421,卖盘
09:43:01,35.86,0.01,8,28688,买盘
09:43:04,35.85,-0.01,170,609546,卖盘
09:43:07,35.85,0.0,48,172113,卖盘
09:43:10,35.86,0.01,36,129090,买盘
09:43:13,35.85,-0.01,80,286870,卖盘
09:43:16,35.87,0.02,235,842860,买盘
09:43:19,35.86,-0.01,256,917830,卖盘
09:43:22,35.86,0.0,47,168555,卖盘
09:43:24,35.87,0.01,144,516435,卖盘
09:43:28,35.88,0.01,88,315686,买盘
09:43:31,35.88,0.0,22,78922,买盘
09:43:34,35.87,-0.01,82,294165,卖盘
09:43:37,35.87,0.0,70,251110,卖盘
09:43:40,35.9,0.03,323,1159390,买盘
09:43:43,35.91,0.01,64,229770,买盘
09:43:46,35.9,-0.01,170,610344,卖盘
09:43:49,35.91,0.01,63,226219,买盘
09:43:52,35.91,0.0,13,46684,卖盘
09:43:55,35.9,-0.01,106,380657,卖盘
09:43:58,35.92,0.02,21,75422,买盘
09:44:01,35.91,-0.01,75,269368,卖盘
09:44:04,35.91,0.0,40,143654,卖盘
09:44:07,35.91,0.0,83,298091,卖盘
09:44:10,35.91,0.0,32,114943,卖盘
09:44:13,35.91,0.0,94,337602,卖盘
09:44:16,35.94,0.03,235,845743,买盘
09:44:19,35.92,-0.02,97,348499,卖盘
09:44:22,35.94,0.02,28,100592,卖盘
09:44:25,35.95,0.01,47,168887,买盘
09:44:28,35.92,-0.03,93,334211,卖盘
09:44:31,35.92,0.0,41,147276,卖盘
09:44:34,35.93,0.01,96,344909,买盘
09:44:37,35.91,-0.02,155,556696,卖盘
09:44:40,35.92,0.01,90,323299,卖盘
09:44:43,35.93,0.01,81,290955,买盘
09:44:46,35.92,-0.01,48,172436,中性盘
09:44:49,35.92,0.0,121,434654,买盘
09:44:52,35.92,0.0,867,3114310,卖盘
09:44:54,35.92,0.0,299,1073869,卖盘
09:44:58,35.9,-0.02,802,2879498,卖盘
09:45:01,35.9,0.0,138,495430,卖盘
09:45:04,35.9,0.0,436,1564948,买盘
09:45:07,35.86,-0.04,328,1176538,卖盘
09:45:10,35.86,0.0,1266,4544303,卖盘
09:45:13,35.85,-0.01,270,968338,卖盘
09:45:16,35.9,0.05,60,215374,卖盘
09:45:19,35.88,-0.02,190,681902,中性盘
09:45:22,35.89,0.01,87,312184,中性盘
09:45:24,35.87,-0.02,289,1036269,卖盘
09:45:28,35.87,0.0,42,150692,买盘
09:45:31,35.86,-0.01,5,17931,卖盘
09:45:34,35.88,0.02,152,545175,买盘
09:45:37,35.87,-0.01,72,258264,卖盘
09:45:40,35.87,0.0,13,46631,卖盘
09:45:43,35.86,-0.01,27,96846,卖盘
09:45:46,35.86,0.0,124,444774,卖盘
09:45:49,35.86,0.0,125,448253,卖盘
09:45:52,35.86,0.0,76,272583,卖盘
09:45:54,35.86,0.0,62,222344,卖盘
09:45:58,35.85,-0.01,583,2090032,卖盘
09:46:01,35.85,0.0,37,132632,买盘
09:46:04,35.85,0.0,178,637989,买盘
09:46:06,35.85,0.0,205,734823,买盘
09:46:10,35.84,-0.01,142,508994,卖盘
09:46:13,35.85,0.01,45,161324,中性盘
09:46:16,35.86,0.01,71,254544,买盘
09:46:19,35.85,-0.01,260,932264,卖盘
09:46:22,35.85,0.0,32,114741,卖盘
09:46:25,35.85,0.0,75,268834,买盘
09:46:28,35.85,0.0,41,146985,买盘
09:46:31,35.84,-0.01,117,419420,卖盘
09:46:34,35.85,0.01,99,354903,买盘
09:46:37,35.85,0.0,62,222280,卖盘
09:46:40,35.85,0.0,156,559161,买盘
09:46:43,35.84,-0.01,80,286730,卖盘
09:46:46,35.84,0.0,84,301129,卖盘
09:46:49,35.86,0.02,113,405060,买盘
09:46:52,35.84,-0.02,35,125465,卖盘
09:46:55,35.84,0.0,17,60933,卖盘
09:46:58,35.84,0.0,88,315393,卖盘
09:47:01,35.85,0.01,69,247324,买盘
09:47:04,35.84,-0.01,50,179209,卖盘
09:47:07,35.84,0.0,5,17920,卖盘
09:47:10,35.84,0.0,106,379904,卖盘
09:47:13,35.85,0.01,59,211472,买盘
09:47:16,35.84,-0.01,120,430087,卖盘
09:47:19,35.84,0.0,299,1071807,卖盘
09:47:22,35.84,0.0,111,397827,卖盘
09:47:25,35.84,0.0,38,136184,买盘
09:47:27,35.84,0.0,24,86016,买盘
09:47:31,35.84,0.0,113,404972,买盘
09:47:34,35.85,0.01,85,304624,买盘
09:47:37,35.83,-0.02,91,326066,卖盘
09:47:40,35.83,0.0,45,161255,卖盘
09:47:43,35.84,0.01,510,1827340,中性盘
09:47:46,35.83,-0.01,103,369078,卖盘
09:47:49,35.85,0.02,408,1462455,买盘
09:47:52,35.85,0.0,214,767190,卖盘
09:47:55,35.84,-0.01,238,853009,卖盘
09:47:57,35.85,0.01,52,186380,买盘
09:48:01,35.85,0.0,44,157697,买盘
09:48:04,35.84,-0.01,239,856682,卖盘
09:48:07,35.84,0.0,23,82432,卖盘
09:48:10,35.84,0.0,72,258052,卖盘
09:48:13,35.84,0.0,109,390666,买盘
09:48:16,35.83,-0.01,401,1436889,卖盘
09:48:19,35.85,0.02,284,1017925,买盘
09:48:22,35.84,-0.01,152,544768,卖盘
09:48:25,35.84,0.0,151,541184,卖盘
09:48:28,35.84,0.0,238,853143,卖盘
09:48:31,35.85,0.01,246,881694,买盘
09:48:34,35.86,0.01,285,1021823,买盘
09:48:36,35.86,0.0,168,602557,卖盘
09:48:39,35.87,0.01,22,78901,买盘
09:48:42,35.88,0.01,213,764144,买盘
09:48:45,35.86,-0.02,211,756500,卖盘
09:48:48,35.87,0.01,189,677774,买盘
09:48:50,35.87,0.0,171,613373,卖盘
09:48:54,35.87,0.0,83,297714,买盘
09:48:58,35.87,0.0,46,164976,买盘
09:49:01,35.88,0.01,169,606249,买盘
09:49:03,35.86,-0.02,220,789020,卖盘
09:49:07,35.89,0.03,95,340858,买盘
09:49:10,35.87,-0.02,23,82511,卖盘
09:49:12,35.87,0.0,7,25109,卖盘
09:49:16,35.89,0.02,227,814395,买盘
09:49:18,35.89,0.0,117,419843,买盘
09:49:22,35.89,0.0,65,233286,卖盘
09:49:25,35.89,0.0,166,595715,卖盘
09:49:27,35.87,-0.02,223,800476,卖盘
09:49:31,35.91,0.04,56,201057,买盘
09:49:34,35.9,-0.01,80,287185,卖盘
09:49:37,35.88,-0.02,20,71810,卖盘
09:49:40,35.92,0.04,166,595982,买盘
09:49:43,35.87,-0.05,176,631443,卖盘
09:49:45,35.87,0.0,5,17940,卖盘
09:49:48,35.87,0.0,385,1381176,卖盘
09:49:52,35.87,0.0,153,548811,买盘
09:49:55,35.86,-0.01,408,1463366,卖盘
09:49:57,35.87,0.01,59,211633,买盘
09:50:01,35.87,0.0,187,670527,买盘
09:50:04,35.85,-0.02,298,1068695,卖盘
09:50:07,35.85,0.0,297,1064831,卖盘
09:50:10,35.84,-0.01,208,745499,卖盘
09:50:13,35.83,-0.01,234,838673,卖盘
09:50:16,35.84,0.01,29,103927,中性盘
09:50:19,35.85,0.01,279,1000092,买盘
09:50:21,35.84,-0.01,167,598485,中性盘
09:50:24,35.84,0.0,335,1200317,卖盘
09:50:27,35.83,-0.01,262,939003,卖盘
09:50:30,35.86,0.03,108,387115,买盘
09:50:34,35.83,-0.03,983,3522147,卖盘
09:50:36,35.83,0.0,284,1017562,买盘
09:50:39,35.82,-0.01,468,1677359,卖盘
09:50:42,35.86,0.04,391,1401135,买盘
09:50:46,35.83,-0.03,210,753021,卖盘
09:50:48,35.86,0.03,13,46616,卖盘
09:50:51,35.89,0.03,207,742760,买盘
09:50:55,35.86,-0.03,149,534335,卖盘
09:50:58,35.86,0.0,75,268928,买盘
09:51:01,35.86,0.0,95,340868,买盘
09:51:03,35.85,-0.01,255,913966,卖盘
09:51:06,35.9,0.05,35,125584,买盘
09:51:09,35.85,-0.05,65,233288,卖盘
09:51:12,35.85,0.0,52,186420,卖盘
09:51:15,35.86,0.01,128,458952,买盘
09:51:18,35.87,0.01,192,688651,中性盘
09:51:22,35.86,-0.01,68,243868,卖盘
09:51:24,35.87,0.01,122,437608,中性盘
09:51:27,35.86,-0.01,95,340670,卖盘
09:51:30,35.88,0.02,77,276197,买盘
09:51:33,35.86,-0.02,253,906947,中性盘
09:51:36,35.88,0.02,99,355162,买盘
09:51:40,35.88,0.0,88,315725,买盘
09:51:42,35.88,0.0,331,1187628,买盘
09:51:45,35.88,0.0,104,373152,卖盘
09:51:48,35.88,0.0,186,667463,卖盘
09:51:51,35.88,0.0,481,1725490,卖盘
09:51:55,35.85,-0.03,651,2334688,卖盘
09:51:57,35.84,-0.01,127,455171,卖盘
09:52:00,35.83,-0.01,146,523278,卖盘
09:52:03,35.84,0.01,161,577164,卖盘
09:52:06,35.84,0.0,136,487417,买盘
09:52:10,35.84,0.0,12,43000,买盘
09:52:12,35.84,0.0,38,136192,买盘
09:52:15,35.85,0.01,120,429987,买盘
09:52:18,35.85,0.0,195,699043,买盘
09:52:22,35.84,-0.01,14,50185,卖盘
09:52:24,35.85,0.01,253,906780,买盘
09:52:27,35.84,-0.01,93,333314,卖盘
09:52:30,35.85,0.01,114,408638,买盘
09:52:33,35.84,-0.01,291,1042976,卖盘
09:52:36,35.84,0.0,22,78851,卖盘
09:52:39,35.85,0.01,163,584223,买盘
09:52:42,35.84,-0.01,249,892435,卖盘
09:52:45,35.85,0.01,151,541257,买盘
09:52:49,35.85,0.0,5,17925,卖盘
09:52:54,35.86,0.01,161,577197,买盘
09:52:57,35.86,0.0,26,93235,买盘
09:53:00,35.85,-0.01,110,394408,卖盘
09:53:03,35.85,0.0,331,1186565,卖盘
09:53:06,35.85,0.0,23,82478,卖盘
09:53:09,35.85,0.0,12,43013,买盘
09:53:14,35.86,0.01,48,172112,买盘
09:53:16,35.86,0.0,174,623728,卖盘
09:53:18,35.85,-0.01,198,709971,中性盘
09:53:21,35.85,0.0,33,118325,卖盘
09:53:24,35.86,0.01,251,899845,买盘
09:53:27,35.84,-0.02,168,602243,卖盘
09:53:30,35.84,0.0,14,50180,卖盘
09:53:33,35.84,0.0,152,544859,卖盘
09:53:36,35.85,0.01,81,290305,中性盘
09:53:39,35.86,0.01,75,268857,买盘
09:53:43,35.84,-0.02,297,1064488,卖盘
09:53:45,35.85,0.01,77,276084,中性盘
09:53:48,35.87,0.02,231,828495,买盘
09:53:51,35.86,-0.01,46,164964,卖盘
09:53:54,35.85,-0.01,91,326266,卖盘
09:53:57,35.86,0.01,49,175707,买盘
09:54:01,35.86,0.0,180,645351,买盘
09:54:03,35.85,-0.01,35,125490,卖盘
09:54:06,35.85,0.0,111,397935,卖盘
09:54:09,35.86,0.01,21,75294,买盘
09:54:12,35.85,-0.01,124,444552,卖盘
09:54:16,35.86,0.01,118,423039,买盘
09:54:18,35.85,-0.01,231,828339,卖盘
09:54:21,35.85,0.0,83,297563,卖盘
09:54:24,35.84,-0.01,163,584295,卖盘
09:54:28,35.85,0.01,53,189958,买盘
09:54:30,35.85,0.0,39,139803,买盘
09:54:34,35.84,-0.01,109,390715,卖盘
09:54:36,35.85,0.01,1158,4149545,买盘
09:54:39,35.83,-0.02,150,537459,卖盘
09:54:42,35.84,0.01,40,143346,买盘
09:54:45,35.83,-0.01,289,1035572,卖盘
09:54:48,35.84,0.01,212,759637,买盘
09:54:51,35.83,-0.01,67,240117,卖盘
09:54:54,35.85,0.02,119,426414,买盘
09:54:57,35.83,-0.02,33,118241,卖盘
09:55:00,35.83,0.0,13,46583,卖盘
09:55:03,35.83,0.0,271,970907,卖盘
09:55:07,35.84,0.01,200,716466,买盘
09:55:10,35.84,0.0,42,150511,买盘
09:55:12,35.83,-0.01,88,315306,卖盘
09:55:15,35.84,0.01,182,652108,买盘
09:55:18,35.85,0.01,463,1659397,买盘
09:55:21,35.85,0.0,36,129060,卖盘
09:55:25,35.85,0.0,28,100380,卖盘
09:55:27,35.84,-0.01,56,200712,卖盘
09:55:30,35.85,0.01,36,129049,买盘
09:55:33,35.85,0.0,43,154149,买盘
09:55:36,35.84,-0.01,114,408574,卖盘
09:55:39,35.85,0.01,125,448027,买盘
09:55:42,35.84,-0.01,142,508852,卖盘
09:55:45,35.84,0.0,62,222200,买盘
09:55:48,35.85,0.01,52,186362,买盘
09:55:51,35.84,-0.01,52,186376,卖盘
09:55:54,35.84,0.0,130,465886,卖盘
09:55:57,35.83,-0.01,140,501712,卖盘
09:56:00,35.85,0.02,83,297441,买盘
09:56:03,35.84,-0.01,87,311839,卖盘
09:56:06,35.84,0.0,59,211456,卖盘
09:56:09,35.84,0.0,40,143367,卖盘
09:56:12,35.84,0.0,37,132630,卖盘
09:56:15,35.84,0.0,41,146944,卖盘
09:56:18,35.86,0.02,134,480402,买盘
09:56:21,35.86,0.0,22,78892,卖盘
09:56:24,35.85,-0.01,63,225885,卖盘
09:56:27,35.85,0.0,62,222229,买盘
09:56:31,35.85,0.0,88,315453,买盘
09:56:33,35.84,-0.01,164,587825,卖盘
09:56:36,35.86,0.02,111,397925,买盘
09:56:39,35.85,-0.01,134,480289,卖盘
09:56:42,35.84,-0.01,56,200750,卖盘
09:56:45,35.84,0.0,19,68116,卖盘
09:56:46,35.85,0.01,95,340545,买盘
09:56:51,35.85,0.0,10,35850,卖盘
09:56:55,35.85,0.0,34,121883,买盘
09:56:57,35.84,-0.01,50,179235,卖盘
09:57:01,35.85,0.01,5,17925,买盘
09:57:03,35.85,0.0,264,946299,买盘
09:57:06,35.86,0.01,87,311912,买盘
09:57:10,35.85,-0.01,8,28680,卖盘
09:57:12,35.85,0.0,21,75285,卖盘
09:57:15,35.85,0.0,115,412299,卖盘
09:57:18,35.85,0.0,383,1373141,买盘
09:57:21,35.85,0.0,33,118303,卖盘
09:57:24,35.85,0.0,55,197160,买盘
09:57:27,35.87,0.02,153,548473,买盘
09:57:30,35.85,-0.02,20,71709,中性盘
09:57:33,35.85,0.0,54,193581,买盘
09:57:36,35.84,-0.01,143,512606,卖盘
09:57:39,35.85,0.01,56,200731,卖盘
09:57:42,35.84,-0.01,255,914029,卖盘
09:57:45,35.84,0.0,41,146948,卖盘
09:57:48,35.84,0.0,146,523332,卖盘
09:57:51,35.85,0.01,66,236554,中性盘
09:57:54,35.84,-0.01,98,351248,卖盘
09:57:57,35.83,-0.01,206,738160,卖盘
09:58:00,35.84,0.01,68,243703,中性盘
09:58:03,35.84,0.0,58,207881,卖盘
09:58:06,35.83,-0.01,187,670206,卖盘
09:58:09,35.85,0.02,42,150530,买盘
09:58:12,35.84,-0.01,28,100348,卖盘
09:58:15,35.84,0.0,58,207892,买盘
09:58:18,35.85,0.01,133,476711,买盘
09:58:21,35.84,-0.01,234,838809,卖盘
09:58:24,35.84,0.0,105,376336,卖盘
09:58:27,35.84,0.0,77,273459,卖盘
09:58:30,35.85,0.01,26,93208,买盘
09:58:33,35.84,-0.01,106,380038,卖盘
09:58:36,35.84,0.0,200,716811,卖盘
09:58:39,35.84,0.0,135,483845,卖盘
09:58:42,35.84,0.0,203,727618,卖盘
09:58:45,35.85,0.01,17,60946,中性盘
09:58:48,35.85,0.0,44,157734,买盘
09:58:51,35.86,0.01,10,35859,买盘
09:58:54,35.85,-0.01,66,236611,卖盘
09:58:57,35.86,0.01,1,3586,买盘
09:59:00,35.86,0.0,34,121924,买盘
09:59:03,35.86,0.0,54,193601,买盘
09:59:06,35.85,-0.01,77,276057,卖盘
09:59:09,35.86,0.01,319,1143664,买盘
09:59:12,35.86,0.0,83,297641,买盘
09:59:14,35.85,-0.01,87,311980,卖盘
09:59:18,35.87,0.02,351,1258804,买盘
09:59:21,35.86,-0.01,3,10758,卖盘
09:59:24,35.86,0.0,59,211587,卖盘
09:59:27,35.86,0.0,42,150612,买盘
09:59:30,35.86,0.0,39,139864,买盘
09:59:33,35.86,0.0,20,71720,卖盘
09:59:36,35.87,0.01,72,258195,买盘
09:59:39,35.87,0.0,68,243903,买盘
09:59:42,35.86,-0.01,30,107591,卖盘
09:59:45,35.87,0.01,21,75327,中性盘
09:59:48,35.86,-0.01,20,71720,卖盘
09:59:51,35.87,0.01,26,93253,买盘
09:59:55,35.86,-0.01,44,157831,卖盘
09:59:57,35.86,0.0,17,60962,卖盘
10:00:00,35.87,0.01,92,329953,买盘
10:00:03,35.86,-0.01,128,459131,卖盘
10:00:06,35.86,0.0,34,121928,卖盘
10:00:09,35.87,0.01,60,215202,买盘
10:00:12,35.87,0.0,3,10761,卖盘
10:00:15,35.87,0.0,19,68150,卖盘
10:00:18,35.87,0.0,37,132717,买盘
10:00:21,35.87,0.0,385,1380947,买盘
10:00:25,35.86,-0.01,53,190071,卖盘
10:00:27,35.87,0.01,148,530749,买盘
10:00:30,35.87,0.0,181,649256,买盘
10:00:33,35.86,-0.01,75,268953,卖盘
10:00:36,35.88,0.02,223,799933,买盘
10:00:39,35.88,0.0,72,258314,买盘
10:00:42,35.88,0.0,6,21531,卖盘
10:00:45,35.88,0.0,79,283458,卖盘
10:00:48,35.88,0.0,19,68172,卖盘
10:00:51,35.9,0.02,354,1270667,买盘
10:00:54,35.88,-0.02,107,383916,卖盘
10:00:57,35.88,0.0,63,226074,卖盘
10:01:00,35.89,0.01,59,211719,中性盘
10:01:03,35.89,0.0,64,229682,买盘
10:01:06,35.89,0.0,196,703451,卖盘
10:01:09,35.89,0.0,82,294229,中性盘
10:01:12,35.89,0.0,20,71781,卖盘
10:01:15,35.89,0.0,93,333800,卖盘
10:01:18,35.89,0.0,62,222541,卖盘
10:01:21,35.9,0.01,185,664149,买盘
10:01:24,35.9,0.0,218,782405,买盘
10:01:27,35.9,0.0,62,222553,买盘
10:01:30,35.89,-0.01,104,373263,卖盘
10:01:33,35.89,0.0,6,21538,卖盘
10:01:36,35.89,0.0,177,635341,卖盘
10:01:39,35.89,0.0,26,93332,卖盘
10:01:42,35.9,0.01,63,226170,买盘
10:01:45,35.89,-0.01,137,491771,卖盘
10:01:48,35.9,0.01,38,136407,买盘
10:01:51,35.89,-0.01,79,283554,卖盘
10:01:54,35.9,0.01,89,319496,买盘
10:01:57,35.9,0.0,63,226131,买盘
10:02:00,35.89,-0.01,208,746679,卖盘
10:02:03,35.9,0.01,448,1608320,买盘
10:02:06,35.9,0.0,37,132830,卖盘
10:02:09,35.9,0.0,189,678512,卖盘
10:02:12,35.9,0.0,19,68210,卖盘
10:02:15,35.9,0.0,185,664160,卖盘
10:02:18,35.92,0.02,222,797245,买盘
10:02:21,35.9,-0.02,45,161577,卖盘
10:02:24,35.91,0.01,209,750671,卖盘
10:02:27,35.91,0.0,99,355509,卖盘
10:02:30,35.92,0.01,27,96966,买盘
10:02:33,35.92,0.0,136,487763,买盘
10:02:36,35.91,-0.01,53,190359,卖盘
10:02:39,35.91,0.0,8,28729,卖盘
10:02:42,35.93,0.02,20,71860,买盘
10:02:45,35.93,0.0,68,244358,卖盘
10:02:48,35.94,0.01,67,240770,买盘
10:02:51,35.94,0.0,57,204858,卖盘
10:02:54,35.94,0.0,27,97038,卖盘
10:02:57,35.95,0.01,71,255177,买盘
10:03:00,35.94,-0.01,38,136584,卖盘
10:03:03,35.95,0.01,68,244453,买盘
10:03:06,35.94,-0.01,111,398945,卖盘
10:03:09,35.94,0.0,18,64703,卖盘
10:03:12,35.94,0.0,163,588200,卖盘
10:03:15,35.95,0.01,184,661459,买盘
10:03:18,35.95,0.0,97,348653,买盘
10:03:21,35.95,0.0,268,963585,卖盘
10:03:24,35.95,0.0,45,161753,买盘
10:03:27,35.93,-0.02,31,111441,卖盘
10:03:30,35.95,0.02,58,208510,买盘
10:03:33,35.95,0.0,128,460150,卖盘
10:03:36,35.95,0.0,80,287600,卖盘
10:03:39,35.95,0.0,27,97058,买盘
10:03:42,35.95,0.0,66,237230,买盘
10:03:45,35.95,0.0,42,150959,买盘
10:03:48,35.95,0.0,80,287592,买盘
10:03:51,35.95,0.0,26,93470,买盘
10:03:54,35.94,-0.01,283,1017341,卖盘
10:03:57,35.95,0.01,47,168927,中性盘
10:04:00,35.96,0.01,35,125809,买盘
10:04:03,35.94,-0.02,105,377464,卖盘
10:04:06,35.95,0.01,76,273231,买盘
10:04:09,35.94,-0.01,174,625371,卖盘
10:04:12,35.95,0.01,32,115022,买盘
10:04:15,35.94,-0.01,144,517591,卖盘
10:04:18,35.94,0.0,218,783555,卖盘
10:04:21,35.94,0.0,274,984934,卖盘
10:04:24,35.93,-0.01,177,636122,卖盘
10:04:27,35.94,0.01,1,3594,买盘
10:04:30,35.94,0.0,139,499455,买盘
10:04:33,35.95,0.01,304,1092485,买盘
10:04:37,35.94,-0.01,134,481467,中性盘
10:04:39,35.93,-0.01,34,122173,卖盘
10:04:42,35.93,0.0,126,452734,卖盘
10:04:45,35.92,-0.01,49,176058,卖盘
10:04:48,35.93,0.01,101,362897,中性盘
10:04:51,35.91,-0.02,340,1221761,卖盘
10:04:54,35.91,0.0,2,7182,买盘
10:04:57,35.91,0.0,32,114910,买盘
10:05:00,35.91,0.0,209,750414,买盘
10:05:03,35.91,0.0,319,1145637,买盘
10:05:06,35.91,0.0,92,329567,买盘
10:05:09,35.9,-0.01,289,1037515,买盘
10:05:12,35.9,0.0,12,43090,卖盘
10:05:15,35.91,0.01,56,201096,卖盘
10:05:18,35.91,0.0,29,104139,卖盘
10:05:21,35.91,0.0,188,675276,卖盘
10:05:24,35.91,0.0,51,183191,卖盘
10:05:27,35.91,0.0,106,380662,卖盘
10:05:30,35.92,0.01,52,186762,买盘
10:05:33,35.92,0.0,2,7184,中性盘
10:05:36,35.91,-0.01,89,319577,卖盘
10:05:39,35.92,0.01,10,35912,买盘
10:05:42,35.92,0.0,8,28735,卖盘
10:05:45,35.92,0.0,121,434752,卖盘
10:05:48,35.92,0.0,52,186738,买盘
10:05:51,35.91,-0.01,41,147266,卖盘
10:05:54,35.92,0.01,105,377150,买盘
10:06:00,35.92,0.0,101,362679,买盘
10:06:03,35.91,-0.01,41,147231,卖盘
10:06:06,35.91,0.0,13,46683,买盘
10:06:09,35.91,0.0,64,229824,买盘
10:06:12,35.91,0.0,20,71823,卖盘
10:06:15,35.91,0.0,46,165188,卖盘
10:06:18,35.92,0.01,98,351946,买盘
10:06:21,35.93,0.01,187,671864,买盘
10:06:24,35.92,-0.01,21,75433,卖盘
10:06:27,35.92,0.0,2,7184,卖盘
10:06:30,35.92,0.0,88,316126,卖盘
10:06:33,35.92,0.0,44,158075,卖盘
10:06:36,35.92,0.0,278,998652,卖盘
10:06:39,35.92,0.0,14,50295,卖盘
10:06:42,35.93,0.01,17,61079,买盘
10:06:45,35.93,0.0,56,201180,买盘
10:06:48,35.92,-0.01,107,384370,卖盘
10:06:51,35.92,0.0,9,32329,卖盘
10:06:54,35.92,0.0,15,53874,买盘
10:06:57,35.92,0.0,12,43104,买盘
10:07:00,35.92,0.0,43,154456,买盘
10:07:03,35.92,0.0,16,57485,卖盘
10:07:06,35.93,0.01,63,224955,买盘
10:07:09,35.94,0.01,15,53903,买盘
10:07:12,35.93,-0.01,75,269475,卖盘
10:07:15,35.93,0.0,110,395177,卖盘
10:07:18,35.93,0.0,30,107790,买盘
10:07:21,35.92,-0.01,31,111373,卖盘
10:07:24,35.92,0.0,20,71850,卖盘
10:07:27,35.92,0.0,375,1347395,卖盘
10:07:30,35.93,0.01,4,14375,中性盘
10:07:33,35.93,0.0,7,25151,卖盘
10:07:39,35.93,0.0,71,255103,卖盘
10:07:42,35.94,0.01,77,276717,买盘
10:07:45,35.94,0.0,110,395329,买盘
10:07:48,35.94,0.0,15,53910,卖盘
10:07:51,35.95,0.01,16,57519,买盘
10:07:54,35.94,-0.01,122,438516,卖盘
10:07:57,35.94,0.0,3,10782,卖盘
10:08:06,35.95,0.01,20,71895,买盘
10:08:09,35.94,-0.01,9,32347,卖盘
10:08:12,35.95,0.01,15,53923,买盘
10:08:15,35.94,-0.01,77,276753,卖盘
10:08:18,35.94,0.0,465,1671509,卖盘
10:08:21,35.95,0.01,170,611116,买盘
10:08:24,35.95,0.0,49,176153,买盘
10:08:27,35.95,0.0,14,50330,卖盘
10:08:30,35.95,0.0,50,179785,卖盘
10:08:33,35.96,0.01,1,3596,买盘
10:08:36,35.96,0.0,2,7191,买盘
10:08:39,35.96,0.0,34,122255,买盘
10:08:42,35.96,0.0,112,402742,买盘
10:08:45,35.96,0.0,59,212159,卖盘
10:08:48,35.97,0.01,8,28775,买盘
10:08:51,35.96,-0.01,112,402764,卖盘
10:08:54,35.97,0.01,29,104294,买盘
10:08:57,35.96,-0.01,90,323676,卖盘
10:09:00,35.97,0.01,2,7194,买盘
10:09:03,35.97,0.0,118,424446,买盘
10:09:06,35.97,0.0,51,183444,买盘
10:09:09,35.97,0.0,64,230217,卖盘
10:09:12,35.98,0.01,20,71960,买盘
10:09:15,35.98,0.0,62,223053,买盘
10:09:18,35.98,0.0,99,356202,买盘
10:09:21,35.98,0.0,181,651406,卖盘
10:09:24,35.98,0.0,12,43176,卖盘
10:09:27,35.99,0.01,793,2854504,买盘
10:09:30,35.99,0.0,16,57587,卖盘
10:09:33,36.0,0.01,13,46790,买盘
10:09:36,35.99,-0.01,40,143985,卖盘
10:09:39,35.99,0.0,46,165586,卖盘
10:09:42,36.0,0.01,39,140399,买盘
10:09:45,36.0,0.0,31,111600,买盘
10:09:48,35.99,-0.01,15,53985,卖盘
10:09:51,36.0,0.01,4,14399,买盘
10:09:54,35.99,-0.01,31,111571,卖盘
10:09:57,36.0,0.01,72,259195,买盘
10:10:00,36.0,0.0,12,43200,买盘
10:10:03,36.0,0.0,84,302369,买盘
10:10:06,36.0,0.0,255,917785,买盘
10:10:09,35.98,-0.02,664,2390286,卖盘
10:10:12,35.98,0.0,58,208708,卖盘
10:10:15,35.97,-0.01,182,654937,卖盘
10:10:18,35.97,0.0,94,338140,卖盘
10:10:21,35.98,0.01,241,867183,中性盘
10:10:24,35.97,-0.01,122,438920,卖盘
10:10:27,35.97,0.0,61,219475,卖盘
10:10:30,35.97,0.0,102,366926,卖盘
10:10:33,35.98,0.01,94,338152,买盘
10:10:36,35.97,-0.01,43,154677,卖盘
10:10:39,35.97,0.0,167,600657,卖盘
10:10:42,35.97,0.0,58,208579,买盘
10:10:45,35.96,-0.01,1218,4381601,卖盘
10:10:48,35.96,0.0,136,489039,买盘
10:10:51,35.95,-0.01,84,301991,卖盘
10:10:54,35.95,0.0,190,683114,卖盘
10:10:57,35.95,0.0,8,28762,卖盘
10:11:00,35.95,0.0,1763,6342905,卖盘
10:11:03,35.96,0.01,15,53943,中性盘
10:11:09,35.96,0.0,49,176216,卖盘
10:11:12,35.96,0.0,15,53956,卖盘
10:11:15,36.0,0.04,273,982598,买盘
10:11:18,35.98,-0.02,50,179900,卖盘
10:11:21,35.98,0.0,254,913703,买盘
10:11:24,35.98,0.0,60,215880,卖盘
10:11:27,35.98,0.0,10,35980,卖盘
10:11:30,35.98,0.0,5,17993,卖盘
10:11:33,35.99,0.01,124,446276,买盘
10:11:36,35.98,-0.01,52,187098,卖盘
10:11:39,35.98,0.0,135,485857,卖盘
10:11:42,35.99,0.01,34,122365,买盘
10:11:45,35.98,-0.01,7,25186,卖盘
10:11:48,36.0,0.02,141,507448,买盘
10:11:51,35.99,-0.01,52,187148,卖盘
10:11:54,35.98,-0.01,65,233928,卖盘
10:11:57,35.99,0.01,18,64777,买盘
10:12:00,35.99,0.0,31,111569,买盘
10:12:03,35.98,-0.01,48,172726,卖盘
10:12:06,35.98,0.0,668,2403463,卖盘
10:12:09,35.97,-0.01,42,151109,卖盘
10:12:12,35.97,0.0,14,50362,卖盘
10:12:15,35.97,0.0,75,269782,卖盘
10:12:18,35.97,0.0,61,219433,卖盘
10:12:21,35.97,0.0,182,654826,卖盘
10:12:24,35.97,0.0,105,377688,卖盘
10:12:27,35.97,0.0,16,57546,买盘
10:12:30,35.97,0.0,21,75537,买盘
10:12:33,35.97,0.0,64,230208,买盘
10:12:36,35.98,0.01,10,35977,买盘
10:12:39,35.97,-0.01,19,68343,卖盘
10:12:42,35.97,0.0,28,100724,卖盘
10:12:45,35.97,0.0,13,46767,卖盘
10:12:48,35.97,0.0,72,258987,卖盘
10:12:51,35.97,0.0,13,46761,卖盘
10:12:54,35.97,0.0,12,43164,卖盘
10:12:57,35.98,0.01,418,1503959,买盘
10:13:00,35.98,0.0,110,395777,卖盘
10:13:03,35.98,0.0,189,679871,买盘
10:13:06,35.97,-0.01,30,107910,卖盘
10:13:09,35.96,-0.01,88,316577,卖盘
10:13:12,35.97,0.01,35,125864,买盘
10:13:15,35.97,0.0,58,208570,买盘
10:13:18,35.97,0.0,61,219372,买盘
10:13:21,35.97,0.0,212,762137,买盘
10:13:24,35.97,0.0,63,226588,卖盘
10:13:27,35.96,-0.01,120,432140,卖盘
10:13:30,35.96,0.0,40,143812,买盘
10:13:33,35.96,0.0,5,17979,买盘
10:13:36,35.96,0.0,3,10788,买盘
10:13:39,35.96,0.0,204,732971,买盘
10:13:42,35.97,0.01,62,222983,买盘
10:13:45,35.96,-0.01,30,107880,卖盘
10:13:48,35.97,0.01,103,370447,买盘
10:13:51,35.96,-0.01,602,2164795,卖盘
10:13:54,35.96,0.0,9,32364,卖盘
10:13:57,35.96,0.0,51,183409,卖盘
10:14:00,35.96,0.0,116,417152,卖盘
10:14:03,35.96,0.0,41,147466,卖盘
10:14:06,35.96,0.0,18,64728,卖盘
10:14:09,35.96,0.0,24,86319,卖盘
10:14:12,35.96,0.0,16,57536,卖盘
10:14:15,35.96,0.0,1125,4046110,卖盘
10:14:18,35.96,0.0,17,61123,买盘
10:14:21,35.96,0.0,190,683219,买盘
10:14:24,35.95,-0.01,24,86283,卖盘
10:14:27,35.95,0.0,313,1125235,卖盘
10:14:30,35.95,0.0,205,736978,卖盘
10:14:33,35.96,0.01,82,294795,买盘
10:14:36,35.94,-0.02,81,291181,卖盘
10:14:39,35.94,0.0,14,50316,卖盘
10:14:42,35.94,0.0,70,251630,卖盘
10:14:45,35.94,0.0,31,111414,卖盘
10:14:48,35.94,0.0,314,1128251,卖盘
10:14:51,35.94,0.0,29,104235,卖盘
10:14:54,35.94,0.0,36,129357,买盘
10:14:57,35.92,-0.02,82,294563,卖盘
10:15:00,35.93,0.01,35,125733,买盘
10:15:03,35.92,-0.01,346,1242832,卖盘
10:15:06,35.92,0.0,2,7184,买盘
10:15:09,35.91,-0.01,26,93384,卖盘
10:15:12,35.92,0.01,16,57472,买盘
10:15:15,35.91,-0.01,91,326782,卖盘
10:15:18,35.89,-0.02,963,3457080,卖盘
10:15:21,35.9,0.01,257,922584,买盘
10:15:24,35.89,-0.01,300,1076708,卖盘
10:15:27,35.89,0.0,21,75358,买盘
10:15:30,35.88,-0.01,220,789365,卖盘
10:15:33,35.88,0.0,72,258343,卖盘
10:15:36,35.89,0.01,437,1568387,买盘
10:15:39,35.89,0.0,212,760870,卖盘
10:15:42,35.89,0.0,52,186628,卖盘
10:15:45,35.88,-0.01,87,312243,卖盘
10:15:48,35.89,0.01,125,448503,买盘
10:15:51,35.88,-0.01,32,114847,卖盘
10:15:54,35.89,0.01,106,380432,买盘
10:15:57,35.88,-0.01,353,1266648,卖盘
10:16:00,35.89,0.01,42,150700,买盘
10:16:03,35.88,-0.01,20,71760,卖盘
10:16:06,35.88,0.0,43,154291,卖盘
10:16:09,35.89,0.01,13,46646,买盘
10:16:12,35.88,-0.01,159,570495,卖盘
10:16:15,35.88,0.0,84,301392,卖盘
10:16:18,35.88,0.0,108,387504,买盘
10:16:21,35.88,0.0,177,635076,买盘
10:16:24,35.87,-0.01,33,118396,卖盘
10:16:27,35.87,0.0,49,175792,卖盘
10:16:30,35.87,0.0,366,1312849,卖盘
10:16:33,35.87,0.0,38,136314,卖盘
10:16:36,35.87,0.0,33,118378,卖盘
10:16:39,35.87,0.0,42,150654,卖盘
10:16:42,35.87,0.0,36,129132,卖盘
10:16:45,35.86,-0.01,52,186522,卖盘
10:16:51,35.86,0.0,32,114766,卖盘
10:16:54,35.87,0.01,15,53803,买盘
10:16:57,35.86,-0.01,126,451848,卖盘
10:17:00,35.86,0.0,25,89654,卖盘
10:17:03,35.87,0.01,22,78914,买盘
10:17:06,35.87,0.0,14,51935,买盘
10:17:09,35.87,0.0,74,265502,卖盘
10:17:12,35.87,0.0,75,267311,卖盘
10:17:15,35.86,-0.01,63,225975,卖盘
10:17:18,35.88,0.02,808,2898872,买盘
10:17:21,35.87,-0.01,186,667347,中性盘
10:17:24,35.87,0.0,4035,14462832,卖盘
10:17:27,35.87,0.0,16,57390,买盘
10:17:30,35.86,-0.01,35,125528,卖盘
10:17:33,35.87,0.01,5,17935,买盘
10:17:36,35.83,-0.04,514,1843059,卖盘
10:17:39,35.8,-0.03,4046,14489836,卖盘
10:17:42,35.88,0.08,81,290622,买盘
10:17:45,35.87,-0.01,85,304895,卖盘
10:17:48,35.87,0.0,13,46642,卖盘
10:17:51,35.87,0.0,312,1119151,卖盘
10:17:54,35.85,-0.02,90,322814,卖盘
10:17:57,35.8,-0.05,2057,7364752,卖盘
10:18:00,35.85,0.05,8,28680,中性盘
10:18:03,35.83,-0.02,8,28686,卖盘
10:18:06,35.83,0.0,11,39433,卖盘
10:18:09,35.83,0.0,28,100366,卖盘
10:18:12,35.83,0.0,4,14332,卖盘
10:18:15,35.85,0.02,54,193583,买盘
10:18:18,35.85,0.0,6,21500,买盘
10:18:21,35.86,0.01,85,304772,买盘
10:18:24,35.83,-0.03,146,523512,卖盘
10:18:27,35.83,0.0,23,82433,卖盘
10:18:33,35.86,0.03,43,154198,买盘
10:18:36,35.85,-0.01,12,43028,卖盘
10:18:39,35.85,0.0,44,157758,卖盘
10:18:42,35.85,0.0,5,17927,卖盘
10:18:45,35.85,0.0,22,78880,卖盘
10:18:48,35.86,0.01,24,86048,买盘
10:18:51,35.86,0.0,569,2040431,买盘
10:18:54,35.86,0.0,476,1706928,买盘
10:18:57,35.86,0.0,118,423069,买盘
10:19:00,35.86,0.0,937,3359217,买盘
10:19:03,35.87,0.01,11,39455,买盘
10:19:06,35.86,-0.01,130,466249,卖盘
10:19:09,35.86,0.0,23,82490,卖盘
10:19:12,35.87,0.01,1,3587,买盘
10:19:15,35.86,-0.01,37,132714,卖盘
10:19:18,35.86,0.0,188,674236,卖盘
10:19:21,35.88,0.02,90,322905,买盘
10:19:24,35.88,0.0,35,125580,卖盘
10:19:27,35.88,0.0,3,10764,卖盘
10:19:30,35.89,0.01,11,39472,买盘
10:19:33,35.88,-0.01,62,222469,卖盘
10:19:36,35.89,0.01,28,100495,卖盘
10:19:39,35.89,0.0,71,254819,卖盘
10:19:42,35.89,0.0,23,82552,卖盘
10:19:45,35.89,0.0,14,50246,买盘
10:19:48,35.89,0.0,52,186636,买盘
10:19:51,35.89,0.0,88,316354,卖盘
10:19:54,35.88,-0.01,8,28704,卖盘
10:19:57,35.89,0.01,20,71780,买盘
10:20:00,35.9,0.01,10,35900,买盘
10:20:03,35.9,0.0,14,50259,买盘
10:20:06,35.88,-0.02,194,695647,卖盘
10:20:09,35.9,0.02,214,768565,买盘
10:20:12,35.9,0.0,24,86168,卖盘
10:20:15,35.9,0.0,194,696059,卖盘
10:20:18,35.9,0.0,50,179500,卖盘
10:20:21,35.9,0.0,12,43078,买盘
10:20:24,35.88,-0.02,177,635414,卖盘
10:20:27,35.88,0.0,27,96888,卖盘
10:20:30,35.88,0.0,33,118433,卖盘
10:20:33,35.89,0.01,25,89725,买盘
10:20:36,35.89,0.0,15,53846,卖盘
10:20:39,35.88,-0.01,38,136355,卖盘
10:20:42,35.89,0.01,16,57420,中性盘
10:20:45,35.89,0.0,125,448625,买盘
10:20:48,35.89,0.0,54,193768,买盘
10:20:51,35.89,0.0,7,25125,卖盘
10:20:54,35.89,0.0,12,43068,卖盘
10:20:57,35.89,0.0,34,122026,卖盘
10:21:00,35.89,0.0,5,17945,卖盘
10:21:03,35.9,0.01,272,976236,买盘
10:21:06,35.88,-0.02,150,538305,卖盘
10:21:09,35.9,0.02,16,57426,买盘
10:21:12,35.89,-0.01,1,3589,中性盘
10:21:15,35.9,0.01,6,21540,买盘
10:21:18,35.9,0.0,18,64620,买盘
10:21:21,35.9,0.0,76,272840,买盘
10:21:24,35.91,0.01,101,362666,买盘
10:21:27,35.91,0.0,189,678613,卖盘
10:21:30,35.91,0.0,86,308826,卖盘
10:21:33,35.91,0.0,30,107730,买盘
10:21:36,35.91,0.0,46,165191,卖盘
10:21:39,35.91,0.0,34,122098,卖盘
10:21:42,35.91,0.0,25,89768,买盘
10:21:45,35.91,0.0,8,28728,买盘
10:21:48,35.91,0.0,27,96962,买盘
10:21:51,35.91,0.0,41,147221,卖盘
10:21:54,35.9,-0.01,10,35902,卖盘
10:21:57,35.92,0.02,13,46685,买盘
10:22:00,35.91,-0.01,150,538517,卖盘
10:22:03,35.91,0.0,8,28728,卖盘
10:22:06,35.91,0.0,15,53866,卖盘
10:22:09,35.91,0.0,9,32319,卖盘
10:22:12,35.91,0.0,21,75421,卖盘
10:22:15,35.91,0.0,117,420142,卖盘
10:22:18,35.91,0.0,129,463241,卖盘
10:22:21,35.91,0.0,8,28728,卖盘
10:22:24,35.91,0.0,220,790301,卖盘
10:22:27,35.91,0.0,86,308844,卖盘
10:22:30,35.92,0.01,7,25141,中性盘
10:22:33,35.92,0.0,166,596176,买盘
10:22:36,35.9,-0.02,171,614041,卖盘
10:22:39,35.9,0.0,30,107699,卖盘
10:22:42,35.89,-0.01,52,186647,卖盘
10:22:45,35.89,0.0,89,319423,卖盘
10:22:48,35.89,0.0,63,226120,卖盘
10:22:51,35.89,0.0,60,215382,卖盘
10:22:54,35.88,-0.01,123,441386,卖盘
10:22:57,35.89,0.01,40,143552,买盘
10:22:59,35.88,-0.01,342,1227031,卖盘
10:23:03,35.88,0.0,14,50232,卖盘
10:23:06,35.88,0.0,14,50232,买盘
10:23:09,35.87,-0.01,26,93263,卖盘
10:23:12,35.88,0.01,35,125551,买盘
10:23:15,35.88,0.0,32,114803,买盘
10:23:18,35.87,-0.01,91,326473,卖盘
10:23:21,35.87,0.0,263,942863,卖盘
10:23:24,35.89,0.02,168,602728,买盘
10:23:27,35.88,-0.01,10,35880,卖盘
10:23:30,35.88,0.0,9,32292,卖盘
10:23:33,35.89,0.01,3,10767,买盘
10:23:36,35.9,0.01,122,438364,买盘
10:23:39,35.89,-0.01,84,301476,卖盘
10:23:42,35.89,0.0,7,25123,卖盘
10:23:45,35.89,0.0,200,717923,卖盘
10:23:48,35.9,0.01,222,796978,买盘
10:23:51,35.9,0.0,67,240530,卖盘
10:23:54,35.9,0.0,310,1113184,卖盘
10:23:57,35.9,0.0,56,201040,卖盘
10:24:00,35.9,0.0,2,7180,卖盘
10:24:03,35.91,0.01,105,377049,买盘
10:24:06,35.9,-0.01,61,218990,卖盘
10:24:09,35.9,0.0,252,904680,卖盘
10:24:12,35.89,-0.01,56,201021,卖盘
10:24:15,35.89,0.0,49,175895,卖盘
10:24:18,35.89,0.0,45,161505,买盘
10:24:21,35.89,0.0,3,10767,卖盘
10:24:24,35.89,0.0,190,682093,卖盘
10:24:27,35.89,0.0,19,68192,卖盘
10:24:30,35.89,0.0,3,10767,卖盘
10:24:33,35.88,-0.01,88,315797,卖盘
10:24:36,35.89,0.01,7,25123,中性盘
10:24:39,35.88,-0.01,29,104074,卖盘
10:24:42,35.89,0.01,6,21534,买盘
10:24:45,35.89,0.0,18,64592,买盘
10:24:51,35.89,0.0,2,7178,卖盘
10:24:57,35.89,0.0,25,89725,卖盘
10:25:00,35.9,0.01,41,147151,买盘
10:25:06,35.89,-0.01,10,35890,卖盘
10:25:09,35.88,-0.01,116,416338,卖盘
10:25:12,35.89,0.01,4,14356,买盘
10:25:15,35.89,0.0,5,17945,买盘
10:25:18,35.88,-0.01,10,35880,卖盘
10:25:21,35.88,0.0,113,405444,卖盘
10:25:24,35.87,-0.01,221,792941,卖盘
10:25:27,35.87,0.0,5,17938,卖盘
10:25:30,35.87,0.0,19,68157,卖盘
10:25:33,35.87,0.0,21,75327,卖盘
10:25:36,35.87,0.0,124,444891,卖盘
10:25:39,35.87,0.0,71,254680,卖盘
10:25:42,35.88,0.01,62,222436,买盘
10:25:45,35.87,-0.01,179,642127,卖盘
10:25:51,35.86,-0.01,59,211597,卖盘
10:25:54,35.86,0.0,98,351510,卖盘
10:25:57,35.87,0.01,47,168543,买盘
10:26:00,35.87,0.0,184,659980,买盘
10:26:03,35.88,0.01,24,86098,买盘
10:26:06,35.88,0.0,1,3588,卖盘
10:26:09,35.88,0.0,56,200929,卖盘
10:26:12,35.88,0.0,8,28704,卖盘
10:26:15,35.89,0.01,66,236884,买盘
10:26:18,35.88,-0.01,35,125580,卖盘
10:26:21,35.88,0.0,4,14353,卖盘
10:26:24,35.9,0.02,117,420008,买盘
10:26:27,35.9,0.0,106,380540,卖盘
10:26:30,35.9,0.0,46,165101,卖盘
10:26:33,35.92,0.02,146,524342,买盘
10:26:39,35.89,-0.03,39,140007,卖盘
10:26:45,35.92,0.03,75,269366,买盘
10:26:49,35.9,-0.02,1,3590,中性盘
10:26:51,35.9,0.0,10,35900,买盘
10:26:54,35.89,-0.01,19,68198,卖盘
10:26:57,35.9,0.01,29,104129,买盘
10:27:03,35.93,0.03,30,107751,买盘
10:27:06,35.9,-0.03,6,21542,卖盘
10:27:09,35.9,0.0,7,25130,卖盘
10:27:12,35.94,0.04,100,359339,买盘
10:27:15,35.92,-0.02,31,111383,卖盘
10:27:18,35.91,-0.01,7,25137,卖盘
10:27:21,35.92,0.01,33,118554,买盘
10:27:24,35.9,-0.02,272,977141,卖盘
10:27:30,35.93,0.03,17,61078,买盘
10:27:34,35.93,0.0,72,258695,买盘
10:27:36,35.92,-0.01,10,35920,卖盘
10:27:39,35.91,-0.01,63,226283,卖盘
10:27:42,35.9,-0.01,66,236963,卖盘
10:27:45,35.9,0.0,6,21541,卖盘
10:27:49,35.89,-0.01,63,226107,卖盘
10:27:51,35.91,0.02,84,301497,买盘
10:27:54,35.9,-0.01,24,86175,卖盘
10:27:57,35.9,0.0,55,197456,卖盘
10:28:00,35.9,0.0,40,143600,卖盘
10:28:03,35.9,0.0,74,265660,买盘
10:28:06,35.9,0.0,1,3590,买盘
10:28:09,35.89,-0.01,15,53841,卖盘
10:28:12,35.89,0.0,25,89738,卖盘
10:28:15,35.89,0.0,136,488118,卖盘
10:28:19,35.9,0.01,24,86150,买盘
10:28:21,35.9,0.0,130,466567,买盘
10:28:24,35.9,0.0,234,839960,买盘
10:28:27,35.88,-0.02,38,136353,卖盘
10:28:30,35.88,0.0,8,28709,卖盘
10:28:34,35.88,0.0,13,46647,卖盘
10:28:36,35.89,0.01,13,46649,中性盘
10:28:39,35.89,0.0,191,685689,中性盘
10:28:42,35.89,0.0,7,25123,卖盘
10:28:45,35.9,0.01,5,17946,买盘
10:28:48,35.89,-0.01,197,707286,卖盘
10:28:51,35.89,0.0,67,240424,卖盘
10:28:54,35.89,0.0,2,7177,买盘
10:28:57,35.89,0.0,18,64595,买盘
10:29:00,35.89,0.0,1,3589,买盘
10:29:03,35.88,-0.01,9,32300,卖盘
10:29:06,35.88,0.0,46,165048,卖盘
10:29:09,35.89,0.01,14,50242,买盘
10:29:12,35.88,-0.01,94,337280,卖盘
10:29:15,35.88,0.0,114,409045,卖盘
10:29:19,35.88,0.0,56,200928,卖盘
10:29:21,35.88,0.0,1,3588,买盘
10:29:24,35.88,0.0,175,627898,买盘
10:29:27,35.87,-0.01,49,175785,卖盘
10:29:30,35.87,0.0,22,78914,卖盘
10:29:33,35.87,0.0,270,968490,卖盘
10:29:36,35.87,0.0,7,25109,买盘
10:29:39,35.86,-0.01,4,14346,卖盘
10:29:42,35.86,0.0,8,28688,卖盘
10:29:45,35.86,0.0,171,612023,卖盘
10:29:49,35.85,-0.01,534,1916106,卖盘
10:29:51,35.86,0.01,11,39444,买盘
10:29:54,35.86,0.0,12,43030,买盘
10:29:57,35.85,-0.01,54,193597,卖盘
10:30:00,35.85,0.0,10,35850,卖盘
10:30:03,35.85,0.0,62,222271,卖盘
10:30:06,35.85,0.0,120,430214,卖盘
10:30:09,35.85,0.0,44,157740,卖盘
10:30:12,35.85,0.0,79,283215,卖盘
10:30:15,35.85,0.0,14,50190,卖盘
10:30:18,35.84,-0.01,584,2093627,卖盘
10:30:21,35.86,0.02,15,53786,买盘
10:30:24,35.85,-0.01,197,706465,买盘
10:30:27,35.85,0.0,11,39435,卖盘
10:30:30,35.85,0.0,40,143400,卖盘
10:30:34,35.86,0.01,40,143396,买盘
10:30:36,35.86,0.0,24,86036,买盘
10:30:39,35.84,-0.02,179,641547,卖盘
10:30:42,35.85,0.01,13,46598,买盘
10:30:45,35.84,-0.01,61,218649,卖盘
10:30:49,35.83,-0.01,15,53768,卖盘
10:30:51,35.84,0.01,7,25088,买盘
10:30:54,35.84,0.0,42,150526,买盘
10:30:57,35.83,-0.01,17,60913,卖盘
10:31:00,35.85,0.02,3,10754,买盘
10:31:03,35.84,-0.01,13,46593,卖盘
10:31:06,35.84,0.0,289,1035493,买盘
10:31:09,35.83,-0.01,161,576874,卖盘
10:31:12,35.84,0.01,24,86003,买盘
10:31:15,35.83,-0.01,65,232900,卖盘
10:31:19,35.84,0.01,8,28667,买盘
10:31:21,35.84,0.0,57,204240,买盘
10:31:24,35.83,-0.01,261,935472,卖盘
10:31:27,35.83,0.0,7,25081,卖盘
10:31:30,35.83,0.0,7,25082,卖盘
10:31:33,35.84,0.01,1,3584,买盘
10:31:36,35.83,-0.01,18,64504,卖盘
10:31:39,35.84,0.01,25,89597,买盘
10:31:42,35.84,0.0,9,32249,买盘
10:31:45,35.84,0.0,31,111074,买盘
10:31:48,35.83,-0.01,49,175567,卖盘
10:31:51,35.83,0.0,7,25086,卖盘
10:31:54,35.83,0.0,25,89589,卖盘
10:31:57,35.83,0.0,12,42996,卖盘
10:32:00,35.83,0.0,92,329638,卖盘
10:32:04,35.83,0.0,71,254399,卖盘
10:32:06,35.83,0.0,119,426377,买盘
10:32:09,35.83,0.0,19,68081,卖盘
10:32:12,35.84,0.01,67,240096,买盘
10:32:15,35.84,0.0,19,68075,买盘
10:32:19,35.83,-0.01,12,42996,卖盘
10:32:21,35.83,0.0,5,17915,卖盘
10:32:24,35.83,0.0,204,731103,卖盘
10:32:27,35.84,0.01,17,60914,买盘
10:32:30,35.84,0.0,70,250818,买盘
10:32:34,35.84,0.0,6,21503,买盘
10:32:36,35.84,0.0,30,106337,买盘
10:32:39,35.83,-0.01,134,480170,卖盘
10:32:42,35.83,0.0,119,427726,卖盘
10:32:45,35.83,0.0,18,64494,中性盘
10:32:49,35.83,0.0,196,702266,买盘
10:32:51,35.83,0.0,13,46583,卖盘
10:32:54,35.83,0.0,5,17916,卖盘
10:32:57,35.83,0.0,28,100325,卖盘
10:33:00,35.84,0.01,84,301066,买盘
10:33:03,35.83,-0.01,24,85999,卖盘
10:33:06,35.84,0.01,10,35840,买盘
10:33:09,35.84,0.0,13,46592,卖盘
10:33:12,35.84,0.0,27,96760,买盘
10:33:15,35.84,0.0,149,533877,买盘
10:33:19,35.83,-0.01,13,46582,卖盘
10:33:21,35.84,0.01,54,193485,买盘
10:33:24,35.84,0.0,180,645119,买盘
10:33:27,35.85,0.01,85,304632,买盘
10:33:30,35.82,-0.03,57,204206,卖盘
10:33:34,35.82,0.0,68,243609,卖盘
10:33:36,35.83,0.01,25,89591,中性盘
10:33:39,35.85,0.02,11,39429,买盘
10:33:42,35.83,-0.02,48,171982,卖盘
10:33:45,35.82,-0.01,3,10747,卖盘
10:33:49,35.83,0.01,12,42996,买盘
10:33:51,35.83,0.0,101,361822,买盘
10:33:54,35.82,-0.01,39,139698,卖盘
10:33:57,35.83,0.01,29,103889,买盘
10:34:04,35.83,0.0,10,35830,买盘
10:34:06,35.82,-0.01,43,154029,卖盘
10:34:09,35.82,0.0,299,1071018,卖盘
10:34:12,35.82,0.0,201,719984,卖盘
10:34:15,35.83,0.01,62,222150,买盘
10:34:18,35.83,0.0,40,143320,卖盘
10:34:21,35.82,-0.01,517,1851138,卖盘
10:34:24,35.84,0.02,184,659456,买盘
10:34:27,35.83,-0.01,19,68074,卖盘
10:34:30,35.83,0.0,12,42996,卖盘
10:34:34,35.84,0.01,5,17919,买盘
10:34:36,35.84,0.0,29,103917,买盘
10:34:39,35.83,-0.01,76,273217,卖盘
10:34:42,35.83,0.0,14,50163,卖盘
10:34:45,35.84,0.01,13,46589,买盘
10:34:49,35.83,-0.01,19,68077,卖盘
10:34:51,35.83,0.0,38,136177,卖盘
10:34:54,35.84,0.01,62,221256,买盘
10:34:57,35.83,-0.01,12,42996,卖盘
10:35:00,35.83,0.0,267,956664,卖盘
10:35:04,35.83,0.0,45,161239,卖盘
10:35:06,35.84,0.01,26,93170,买盘
10:35:09,35.83,-0.01,18,64602,卖盘
10:35:12,35.83,0.0,29,103907,卖盘
10:35:15,35.83,0.0,132,476001,卖盘
10:35:19,35.84,0.01,7,25085,买盘
10:35:21,35.84,0.0,24,86006,买盘
10:35:24,35.83,-0.01,227,811830,卖盘
10:35:27,35.83,0.0,12,42996,卖盘
10:35:30,35.83,0.0,190,681630,卖盘
10:35:34,35.83,0.0,20,71663,卖盘
10:35:36,35.84,0.01,8,28668,买盘
10:35:39,35.83,-0.01,118,422835,卖盘
10:35:42,35.83,0.0,160,573300,卖盘
10:35:45,35.83,0.0,48,171092,卖盘
10:35:49,35.84,0.01,106,379902,买盘
10:35:51,35.84,0.0,29,103923,买盘
10:35:54,35.83,-0.01,68,243829,卖盘
10:35:57,35.84,0.01,400,1433306,买盘
10:36:00,35.84,0.0,37,133369,买盘
10:36:04,35.83,-0.01,15,53746,卖盘
10:36:09,35.84,0.01,65,233499,买盘
10:36:12,35.84,0.0,306,1096719,买盘
10:36:15,35.84,0.0,7,25088,卖盘
10:36:19,35.85,0.01,22,78861,买盘
10:36:24,35.84,-0.01,238,853161,卖盘
10:36:27,35.84,0.0,22,76344,卖盘
10:36:30,35.85,0.01,11,39433,买盘
10:36:34,35.84,-0.01,8,28672,卖盘
10:36:36,35.85,0.01,80,285900,买盘
10:36:39,35.85,0.0,80,286733,买盘
10:36:42,35.84,-0.01,53,191692,卖盘
10:36:45,35.84,0.0,25,89605,卖盘
10:36:52,35.84,0.0,534,1915774,卖盘
10:36:54,35.84,0.0,292,1044375,买盘
10:36:57,35.84,0.0,28,100345,买盘
10:37:00,35.83,-0.01,15,53745,卖盘
10:37:04,35.84,0.01,7,25086,买盘
10:37:06,35.82,-0.02,251,898715,卖盘
10:37:09,35.83,0.01,37,132571,买盘
10:37:12,35.84,0.01,212,759744,买盘
10:37:15,35.83,-0.01,23,82409,中性盘
10:37:19,35.83,0.0,69,247223,买盘
10:37:21,35.82,-0.01,210,751432,卖盘
10:37:24,35.84,0.02,183,655723,买盘
10:37:27,35.83,-0.01,208,745243,中性盘
10:37:30,35.83,0.0,2,7166,卖盘
10:37:36,35.83,0.0,51,182733,卖盘
10:37:39,35.84,0.01,25,89583,买盘
10:37:42,35.83,-0.01,119,426389,卖盘
10:37:45,35.84,0.01,20,74569,买盘
10:37:49,35.83,-0.01,159,569738,卖盘
10:37:51,35.83,0.0,30,107454,卖盘
10:37:54,35.84,0.01,1,3584,买盘
10:37:57,35.84,0.0,20,71671,买盘
10:38:00,35.84,0.0,37,129894,买盘
10:38:04,35.83,-0.01,80,286642,卖盘
10:38:06,35.83,0.0,8,28664,卖盘
10:38:09,35.83,0.0,413,1480623,卖盘
10:38:12,35.82,-0.01,32,114625,卖盘
10:38:15,35.83,0.01,46,165001,买盘
10:38:19,35.83,0.0,235,841785,卖盘
10:38:21,35.82,-0.01,104,372539,卖盘
10:38:24,35.81,-0.01,624,2236994,卖盘
10:38:27,35.81,0.0,23,82651,卖盘
10:38:30,35.82,0.01,1133,4055022,买盘
10:38:34,35.82,0.0,85,304916,买盘
10:38:36,35.81,-0.01,145,519283,卖盘
10:38:39,35.82,0.01,179,640956,买盘
10:38:42,35.82,0.0,78,278634,买盘
10:38:45,35.81,-0.01,333,1192173,卖盘
10:38:49,35.81,0.0,41,148263,买盘
10:38:51,35.81,0.0,41,146821,买盘
10:38:54,35.81,0.0,40,143239,卖盘
10:38:57,35.81,0.0,37,132479,买盘
10:39:00,35.81,0.0,43,153983,买盘
10:39:04,35.81,0.0,51,182630,卖盘
10:39:06,35.8,-0.01,84,300720,卖盘
10:39:09,35.81,0.01,78,279267,买盘
10:39:12,35.8,-0.01,27,96661,卖盘
10:39:15,35.81,0.01,221,791298,买盘
10:39:19,35.8,-0.01,160,572836,卖盘
10:39:21,35.81,0.01,110,393728,买盘
10:39:24,35.8,-0.01,52,186161,卖盘
10:39:27,35.8,0.0,422,1510989,卖盘
10:39:30,35.8,0.0,67,239936,卖盘
10:39:34,35.81,0.01,44,157563,买盘
10:39:36,35.8,-0.01,108,386706,卖盘
10:39:39,35.8,0.0,69,247091,卖盘
10:39:42,35.8,0.0,13,46542,卖盘
10:39:45,35.8,0.0,82,293608,卖盘
10:39:49,35.81,0.01,134,479757,中性盘
10:39:51,35.81,0.0,36,128896,卖盘
10:39:54,35.81,0.0,50,180162,卖盘
10:39:57,35.81,0.0,47,168286,买盘
10:40:00,35.81,0.0,234,837765,买盘
10:40:04,35.81,0.0,35,125322,买盘
10:40:07,35.8,-0.01,7,25062,卖盘
10:40:09,35.81,0.01,60,214837,买盘
10:40:12,35.8,-0.01,32,114563,卖盘
10:40:15,35.81,0.01,70,250508,买盘
10:40:19,35.81,0.0,74,264995,买盘
10:40:21,35.81,0.0,83,297222,卖盘
10:40:24,35.81,0.0,223,798563,买盘
10:40:27,35.81,0.0,202,723491,买盘
10:40:30,35.81,0.0,18,61343,买盘
10:40:34,35.82,0.01,58,207715,买盘
10:40:36,35.81,-0.01,6,21486,卖盘
10:40:39,35.82,0.01,6,21489,买盘
10:40:42,35.81,-0.01,18,66499,卖盘
10:40:45,35.82,0.01,26,93130,买盘
10:40:49,35.81,-0.01,24,85957,卖盘
10:40:51,35.82,0.01,81,291196,买盘
10:40:55,35.82,0.0,299,1070726,买盘
10:40:57,35.82,0.0,138,494268,买盘
10:41:00,35.81,-0.01,15,53726,卖盘
10:41:04,35.82,0.01,101,361682,买盘
10:41:06,35.82,0.0,57,204167,买盘
10:41:09,35.82,0.0,24,85968,买盘
10:41:12,35.82,0.0,14,50139,买盘
10:41:15,35.81,-0.01,100,358100,卖盘
10:41:19,35.81,0.0,71,254232,卖盘
10:41:21,35.81,0.0,24,85944,买盘
10:41:24,35.81,0.0,69,246031,买盘
10:41:27,35.83,0.02,202,723521,买盘
10:41:30,35.81,-0.02,55,197019,卖盘
10:41:34,35.81,0.0,68,243505,买盘
10:41:36,35.81,0.0,3,10743,中性盘
10:41:39,35.8,-0.01,91,325820,卖盘
10:41:42,35.81,0.01,8,28648,卖盘
10:41:45,35.81,0.0,2,7162,卖盘
10:41:49,35.81,0.0,27,94543,卖盘
10:41:51,35.83,0.02,212,759228,买盘
10:41:54,35.81,-0.02,2,7162,卖盘
10:41:58,35.81,0.0,46,167376,卖盘
10:42:00,35.82,0.01,15,53725,买盘
10:42:04,35.81,-0.01,277,991942,卖盘
10:42:05,35.82,0.01,133,474628,买盘
10:42:09,35.81,-0.01,4,14324,卖盘
10:42:13,35.81,0.0,116,415398,卖盘
10:42:15,35.81,0.0,72,258173,卖盘
10:42:19,35.82,0.01,153,547996,买盘
10:42:21,35.83,0.01,10,35815,买盘
10:42:24,35.81,-0.02,3,10745,卖盘
10:42:27,35.84,0.03,142,508772,买盘
10:42:30,35.84,0.0,28,100354,卖盘
10:42:34,35.82,-0.02,3,10746,卖盘
10:42:36,35.84,0.02,101,361798,买盘
10:42:42,35.84,0.0,13,46577,买盘
10:42:45,35.84,0.0,3,10752,买盘
10:42:49,35.82,-0.02,23,83926,卖盘
10:42:54,35.83,0.01,24,85992,卖盘
10:42:57,35.84,0.01,59,209361,买盘
10:43:00,35.83,-0.01,118,422812,卖盘
10:43:04,35.83,0.0,6,21498,卖盘
10:43:06,35.83,0.0,70,252845,卖盘
10:43:09,35.83,0.0,5,17915,买盘
10:43:13,35.82,-0.01,41,144142,卖盘
10:43:15,35.83,0.01,301,1078200,买盘
10:43:19,35.82,-0.01,21,77483,卖盘
10:43:21,35.82,0.0,58,207806,卖盘
10:43:25,35.82,0.0,25,90129,卖盘
10:43:27,35.82,0.0,185,662893,卖盘
10:43:30,35.83,0.01,10,35825,中性盘
10:43:34,35.83,0.0,9,32253,卖盘
10:43:36,35.82,-0.01,172,616140,卖盘
10:43:39,35.83,0.01,100,358300,中性盘
10:43:43,35.83,0.0,16,57320,买盘
10:43:45,35.83,0.0,25,89575,买盘
10:43:49,35.82,-0.01,8,28656,卖盘
10:43:51,35.82,0.0,44,157621,卖盘
10:43:54,35.82,0.0,7,25080,卖盘
10:43:58,35.82,0.0,34,121788,卖盘
10:44:01,35.83,0.01,52,186316,买盘
10:44:04,35.82,-0.01,71,254322,卖盘
10:44:06,35.82,0.0,35,125380,卖盘
10:44:10,35.82,0.0,45,160932,卖盘
10:44:13,35.82,0.0,1050,3760354,卖盘
10:44:16,35.81,-0.01,11,39394,卖盘
10:44:19,35.79,-0.02,3320,11884377,卖盘
10:44:21,35.79,0.0,259,926976,卖盘
10:44:25,35.79,0.0,101,361479,卖盘
10:44:27,35.79,0.0,244,873444,卖盘
10:44:30,35.79,0.0,46,164642,卖盘
10:44:34,35.78,-0.01,88,314195,卖盘
10:44:36,35.78,0.0,59,211111,卖盘
10:44:40,35.79,0.01,107,382881,买盘
10:44:43,35.78,-0.01,115,411481,卖盘
10:44:45,35.79,0.01,70,252900,买盘
10:44:49,35.78,-0.01,184,658367,卖盘
10:44:51,35.78,0.0,342,1224061,卖盘
10:44:55,35.78,0.0,106,379293,卖盘
10:44:58,35.78,0.0,48,171750,卖盘
10:45:00,35.78,0.0,428,1529344,卖盘
10:45:04,35.78,0.0,47,168140,买盘
10:45:06,35.78,0.0,23,82294,买盘
10:45:11,35.77,-0.01,58,208259,卖盘
10:45:13,35.77,0.0,70,250410,卖盘
10:45:16,35.78,0.01,36,128782,买盘
10:45:19,35.77,-0.01,90,321933,卖盘
10:45:21,35.77,0.0,119,425724,卖盘
10:45:25,35.77,0.0,47,168116,买盘
10:45:28,35.77,0.0,187,668992,买盘
10:45:30,35.78,0.01,72,256811,买盘
10:45:34,35.79,0.01,129,461465,买盘
10:45:36,35.78,-0.01,67,239762,中性盘
10:45:40,35.78,0.0,20,71557,卖盘
10:45:43,35.78,0.0,23,82286,买盘
10:45:45,35.78,0.0,30,107653,买盘
10:45:49,35.77,-0.01,61,218242,卖盘
10:45:51,35.77,0.0,43,153840,卖盘
10:45:54,35.77,0.0,28,100158,卖盘
10:45:57,35.77,0.0,244,873146,卖盘
10:46:01,35.77,0.0,84,300454,买盘
10:46:04,35.77,0.0,36,127311,买盘
10:46:06,35.77,0.0,7,25039,买盘
10:46:09,35.77,0.0,41,147240,买盘
10:46:13,35.77,0.0,10,35763,买盘
10:46:15,35.76,-0.01,89,318274,卖盘
10:46:19,35.76,0.0,107,382654,卖盘
10:46:21,35.76,0.0,12,42915,卖盘
10:46:24,35.76,0.0,51,182376,卖盘
10:46:27,35.76,0.0,210,752718,卖盘
10:46:30,35.76,0.0,49,175266,卖盘
10:46:34,35.76,0.0,2182,7800274,卖盘
10:46:36,35.75,-0.01,70,249662,卖盘
10:46:40,35.76,0.01,34,121598,中性盘
10:46:43,35.76,0.0,109,391137,买盘
10:46:45,35.76,0.0,341,1219076,买盘
10:46:49,35.76,0.0,67,239582,买盘
10:46:51,35.75,-0.01,207,740122,卖盘
10:46:54,35.75,0.0,6,21450,卖盘
10:46:57,35.75,0.0,21,75075,卖盘
10:47:00,35.74,-0.01,300,1072909,卖盘
10:47:04,35.75,0.01,21,75065,卖盘
10:47:06,35.75,0.0,22,78650,买盘
10:47:09,35.75,0.0,54,193040,买盘
10:47:13,35.75,0.0,52,185892,买盘
10:47:15,35.75,0.0,105,375332,买盘
10:47:19,35.74,-0.01,17,60758,卖盘
10:47:21,35.74,0.0,91,325318,卖盘
10:47:24,35.75,0.01,9,32175,买盘
10:47:26,35.74,-0.01,187,668506,卖盘
10:47:30,35.75,0.01,18,64346,买盘
10:47:34,35.74,-0.01,12,42888,卖盘
10:47:36,35.74,0.0,95,339538,卖盘
10:47:39,35.75,0.01,186,663306,买盘
10:47:43,35.74,-0.01,125,448175,卖盘
10:47:46,35.74,0.0,2,7148,买盘
10:47:49,35.74,0.0,36,128664,买盘
10:47:52,35.74,0.0,145,518098,买盘
10:47:54,35.74,0.0,26,92920,买盘
10:47:57,35.73,-0.01,148,528810,卖盘
10:48:00,35.73,0.0,94,335777,卖盘
10:48:04,35.73,0.0,199,711030,卖盘
10:48:06,35.73,0.0,70,250217,卖盘
10:48:09,35.73,0.0,187,669336,买盘
10:48:13,35.73,0.0,93,332281,买盘
10:48:16,35.73,0.0,106,378631,买盘
10:48:19,35.73,0.0,15,53600,卖盘
10:48:21,35.74,0.01,51,182237,买盘
10:48:24,35.74,0.0,168,600204,买盘
10:48:27,35.73,-0.01,180,643195,卖盘
10:48:30,35.73,0.0,36,128647,卖盘
10:48:34,35.73,0.0,99,352405,买盘
10:48:36,35.72,-0.01,58,207229,卖盘
10:48:39,35.72,0.0,13,44829,卖盘
10:48:43,35.72,0.0,199,710852,卖盘
10:48:46,35.72,0.0,78,278632,卖盘
10:48:49,35.72,0.0,107,385241,卖盘
10:48:51,35.72,0.0,69,246468,卖盘
10:48:54,35.72,0.0,48,168422,卖盘
10:48:57,35.72,0.0,442,1578825,卖盘
10:49:01,35.72,0.0,129,460801,卖盘
10:49:04,35.72,0.0,238,852001,卖盘
10:49:06,35.71,-0.01,6,21426,卖盘
10:49:10,35.72,0.01,57,201810,买盘
10:49:13,35.71,-0.01,140,499951,卖盘
10:49:15,35.72,0.01,93,334517,买盘
10:49:19,35.71,-0.01,270,964192,卖盘
10:49:21,35.72,0.01,87,310754,买盘
10:49:24,35.71,-0.01,152,542286,卖盘
10:49:27,35.71,0.0,473,1689262,卖盘
10:49:31,35.72,0.01,60,214311,买盘
10:49:34,35.72,0.0,242,864361,买盘
10:49:36,35.72,0.0,181,646509,买盘
10:49:40,35.72,0.0,117,417884,买盘
10:49:43,35.73,0.01,27,94625,买盘
10:49:45,35.72,-0.01,43,153600,卖盘
10:49:49,35.72,0.0,15,53580,卖盘
10:49:51,35.72,0.0,123,439358,卖盘
10:49:54,35.72,0.0,64,230432,卖盘
10:49:57,35.72,0.0,57,203604,买盘
10:50:00,35.72,0.0,32,114304,买盘
10:50:04,35.72,0.0,123,439356,卖盘
10:50:06,35.72,0.0,44,158409,卖盘
10:50:10,35.73,0.01,21,75032,买盘
10:50:13,35.73,0.0,66,235809,买盘
10:50:15,35.72,-0.01,83,293393,卖盘
10:50:19,35.72,0.0,25,89302,卖盘
10:50:22,35.72,0.0,37,132177,卖盘
10:50:25,35.72,0.0,56,200645,卖盘
10:50:27,35.73,0.01,208,743156,买盘
10:50:30,35.72,-0.01,1469,5248720,卖盘
10:50:34,35.73,0.01,1056,3774015,买盘
10:50:36,35.76,0.03,240,856474,买盘
10:50:40,35.76,0.0,69,246722,买盘
10:50:43,35.75,-0.01,53,190904,卖盘
10:50:46,35.75,0.0,32,114811,买盘
10:50:49,35.75,0.0,88,314600,买盘
10:50:52,35.76,0.01,58,205954,买盘
10:50:55,35.77,0.01,30,107291,买盘
10:50:57,35.76,-0.01,163,584394,卖盘
10:51:00,35.78,0.02,33,116598,买盘
10:51:04,35.76,-0.02,64,228876,卖盘
10:51:06,35.77,0.01,9,32193,卖盘
10:51:10,35.8,0.03,118,422309,买盘
10:51:13,35.78,-0.02,61,218349,卖盘
10:51:15,35.78,0.0,18,64344,卖盘
10:51:19,35.79,0.01,26,93054,买盘
10:51:22,35.79,0.0,5,17894,买盘
10:51:24,35.8,0.01,703,2516569,买盘
10:51:28,35.8,0.0,8,28640,卖盘
10:51:31,35.81,0.01,17,60877,买盘
10:51:34,35.8,-0.01,62,222017,卖盘
10:51:36,35.81,0.01,36,128916,买盘
10:51:39,35.8,-0.01,19,68028,卖盘
10:51:43,35.8,0.0,532,1904607,卖盘
10:51:46,35.8,0.0,12,42962,卖盘
10:51:49,35.8,0.0,42,150361,卖盘
10:51:51,35.8,0.0,40,143202,卖盘
10:51:54,35.81,0.01,46,164691,买盘
10:51:58,35.8,-0.01,34,121221,卖盘
10:52:00,35.79,-0.01,42,150353,卖盘
10:52:04,35.8,0.01,22,78760,买盘
10:52:06,35.81,0.01,34,121721,买盘
10:52:10,35.8,-0.01,11,39380,买盘
10:52:13,35.8,0.0,79,282762,买盘
10:52:16,35.8,0.0,5,17900,买盘
10:52:19,35.8,0.0,11,39377,买盘
10:52:22,35.79,-0.01,61,218347,卖盘
10:52:25,35.8,0.01,97,347219,买盘
10:52:27,35.8,0.0,39,139610,买盘
10:52:31,35.79,-0.01,189,676782,卖盘
10:52:34,35.8,0.01,36,128906,卖盘
10:52:39,35.81,0.01,55,197455,买盘
10:52:43,35.81,0.0,61,217939,卖盘
10:52:45,35.82,0.01,176,630357,买盘
10:52:48,35.8,-0.02,13,46549,卖盘
10:52:52,35.82,0.02,18,64476,买盘
10:52:54,35.8,-0.02,21,75190,卖盘
10:52:58,35.8,0.0,130,466237,卖盘
10:53:01,35.81,0.01,27,96687,买盘
10:53:04,35.81,0.0,15,53715,买盘
10:53:07,35.8,-0.01,191,683785,卖盘
10:53:10,35.81,0.01,55,196942,买盘
10:53:12,35.79,-0.02,26,93072,卖盘
10:53:15,35.8,0.01,75,268500,买盘
10:53:19,35.79,-0.01,45,161098,卖盘
10:53:21,35.79,0.0,50,178982,卖盘
10:53:25,35.79,0.0,32,114495,卖盘
10:53:28,35.78,-0.01,79,282764,卖盘
10:53:31,35.8,0.02,177,633523,买盘
10:53:34,35.76,-0.04,180,644073,卖盘
10:53:36,35.77,0.01,2,7154,买盘
10:53:39,35.77,0.0,136,486346,买盘
10:53:43,35.76,-0.01,99,354165,卖盘
10:53:45,35.77,0.01,94,336280,买盘
10:53:49,35.77,0.0,13,46478,买盘
10:53:51,35.77,0.0,25,89427,买盘
10:53:58,35.77,0.0,11,39351,卖盘
10:54:01,35.78,0.01,7,25043,买盘
10:54:04,35.76,-0.02,114,407789,卖盘
10:54:07,35.77,0.01,14,51753,中性盘
10:54:09,35.76,-0.01,52,186012,卖盘
10:54:12,35.76,0.0,18,64378,卖盘
10:54:16,35.76,0.0,33,118038,卖盘
10:54:19,35.75,-0.01,73,259577,卖盘
10:54:21,35.77,0.02,233,833425,买盘
10:54:24,35.75,-0.02,52,185992,卖盘
10:54:28,35.77,0.02,39,139500,买盘
10:54:31,35.78,0.01,97,347066,买盘
10:54:33,35.78,0.0,71,255326,卖盘
10:54:36,35.77,-0.01,46,164558,卖盘
10:54:39,35.79,0.02,41,146739,买盘
10:54:43,35.77,-0.02,49,175300,卖盘
10:54:45,35.77,0.0,62,221810,卖盘
10:54:49,35.76,-0.01,76,271915,卖盘
10:54:52,35.77,0.01,230,822554,买盘
10:54:54,35.76,-0.01,11,39337,卖盘
10:54:58,35.77,0.01,109,389972,买盘
10:55:00,35.77,0.0,7,25034,买盘
10:55:03,35.76,-0.01,98,350574,卖盘
10:55:06,35.76,0.0,5,17881,卖盘
10:55:09,35.77,0.01,36,128773,买盘
10:55:12,35.77,0.0,17,60809,卖盘
10:55:15,35.78,0.01,81,289763,买盘
10:55:19,35.77,-0.01,60,214630,卖盘
10:55:21,35.78,0.01,62,221826,买盘
10:55:24,35.78,0.0,15,53670,买盘
10:55:28,35.77,-0.01,129,461451,卖盘
10:55:30,35.77,0.0,242,865802,卖盘
10:55:33,35.76,-0.01,28,100153,卖盘
10:55:36,35.76,0.0,80,286105,卖盘
10:55:40,35.76,0.0,169,604239,卖盘
10:55:42,35.76,0.0,9,32185,卖盘
10:55:45,35.76,0.0,96,340597,卖盘
10:55:49,35.76,0.0,48,171653,卖盘
10:55:51,35.76,0.0,85,304013,卖盘
10:55:54,35.77,0.01,80,289068,买盘
10:55:57,35.76,-0.01,104,371927,中性盘
10:56:00,35.76,0.0,34,121584,卖盘
10:56:03,35.75,-0.01,552,1971468,卖盘
10:56:06,35.76,0.01,289,1033464,买盘
10:56:12,35.76,0.0,43,155270,卖盘
10:56:15,35.76,0.0,273,976508,卖盘
10:56:18,35.76,0.0,8,28608,卖盘
10:56:21,35.76,0.0,148,530457,卖盘
10:56:24,35.75,-0.01,111,394305,卖盘
10:56:27,35.76,0.01,66,236052,买盘
10:56:30,35.75,-0.01,258,922643,卖盘
10:56:33,35.75,0.0,109,389879,卖盘
10:56:36,35.76,0.01,30,107280,买盘
10:56:39,35.76,0.0,104,372933,买盘
10:56:42,35.76,0.0,16,57209,买盘
10:56:45,35.75,-0.01,13,46483,卖盘
10:56:48,35.75,0.0,241,861718,卖盘
10:56:51,35.74,-0.01,3,10723,卖盘
10:56:58,35.73,-0.01,471,1683324,卖盘
10:57:00,35.73,0.0,581,2074841,卖盘
10:57:04,35.73,0.0,238,850378,卖盘
10:57:06,35.74,0.01,327,1168998,买盘
10:57:10,35.73,-0.01,71,253634,买盘
10:57:12,35.73,0.0,76,271732,买盘
10:57:15,35.72,-0.01,560,2000352,卖盘
10:57:18,35.73,0.01,42,150340,买盘
10:57:22,35.72,-0.01,185,660824,卖盘
10:57:24,35.73,0.01,20,71455,买盘
10:57:27,35.72,-0.01,25,89305,卖盘
10:57:30,35.74,0.02,449,1604133,买盘
10:57:33,35.73,-0.01,14,50019,中性盘
10:57:36,35.72,-0.01,26,92872,卖盘
10:57:39,35.72,0.0,79,282877,卖盘
10:57:42,35.72,0.0,55,196420,买盘
10:57:45,35.72,0.0,74,264328,买盘
10:57:48,35.73,0.01,61,217934,买盘
10:57:52,35.72,-0.01,23,82156,买盘
10:57:55,35.72,0.0,49,175025,卖盘
10:57:57,35.72,0.0,62,221464,买盘
10:58:00,35.72,0.0,259,924955,卖盘
10:58:03,35.71,-0.01,142,507083,卖盘
10:58:07,35.71,0.0,32,114284,卖盘
10:58:09,35.71,0.0,71,253544,卖盘
10:58:12,35.71,0.0,124,442877,卖盘
10:58:16,35.71,0.0,33,117843,卖盘
10:58:18,35.71,0.0,43,151243,卖盘
10:58:22,35.71,0.0,16,57136,卖盘
10:58:25,35.71,0.0,68,245175,卖盘
10:58:27,35.71,0.0,43,153553,卖盘
10:58:30,35.72,0.01,189,675104,买盘
10:58:33,35.71,-0.01,64,229031,卖盘
10:58:36,35.71,0.0,14,49995,卖盘
10:58:39,35.71,0.0,95,339256,卖盘
10:58:42,35.72,0.01,8,28569,买盘
10:58:45,35.71,-0.01,1361,4859617,卖盘
10:58:48,35.7,-0.01,3,10712,卖盘
10:58:52,35.7,0.0,88,311761,卖盘
10:58:54,35.7,0.0,97,346314,卖盘
10:58:57,35.7,0.0,76,272179,卖盘
10:59:00,35.7,0.0,74,264190,卖盘
10:59:03,35.7,0.0,117,418843,卖盘
10:59:07,35.7,0.0,115,410589,卖盘
10:59:09,35.7,0.0,96,341997,卖盘
10:59:12,35.7,0.0,11,39272,卖盘
10:59:15,35.7,0.0,26,91356,卖盘
10:59:18,35.71,0.01,161,574781,买盘
10:59:21,35.71,0.0,93,332031,买盘
10:59:25,35.7,-0.01,50,181689,卖盘
10:59:27,35.71,0.01,40,142828,买盘
10:59:30,35.71,0.0,370,1321102,买盘
10:59:34,35.7,-0.01,68,242817,卖盘
10:59:37,35.71,0.01,192,683121,买盘
10:59:39,35.7,-0.01,119,424936,卖盘
10:59:43,35.7,0.0,57,203503,卖盘
10:59:45,35.7,0.0,555,1981382,卖盘
10:59:48,35.7,0.0,9,32132,卖盘
10:59:51,35.71,0.01,48,171376,买盘
10:59:54,35.7,-0.01,65,232214,卖盘
10:59:57,35.71,0.01,247,881799,买盘
11:00:00,35.7,-0.01,269,961081,卖盘
11:00:03,35.69,-0.01,592,2114322,卖盘
11:00:07,35.7,0.01,137,489014,买盘
11:00:09,35.69,-0.01,204,728091,卖盘
11:00:13,35.69,0.0,54,191587,卖盘
11:00:16,35.67,-0.02,1415,5049378,卖盘
11:00:18,35.67,0.0,83,296322,买盘
11:00:21,35.67,0.0,38,135546,买盘
11:00:24,35.67,0.0,86,305665,买盘
11:00:27,35.65,-0.02,919,3276788,卖盘
11:00:30,35.65,0.0,260,927089,卖盘
11:00:33,35.65,0.0,921,3282233,卖盘
11:00:36,35.65,0.0,192,684463,卖盘
11:00:40,35.65,0.0,55,198547,买盘
11:00:42,35.64,-0.01,184,655173,卖盘
11:00:45,35.64,0.0,45,160369,买盘
11:00:48,35.63,-0.01,63,223468,卖盘
11:00:51,35.63,0.0,270,962121,卖盘
11:00:54,35.64,0.01,38,135083,买盘
11:00:57,35.63,-0.01,139,495310,卖盘
11:01:00,35.63,0.0,218,776745,卖盘
11:01:03,35.62,-0.01,1043,3716947,卖盘
11:01:06,35.63,0.01,80,282689,买盘
11:01:09,35.63,0.0,73,262456,卖盘
11:01:12,35.62,-0.01,48,170996,卖盘
11:01:15,35.63,0.01,47,166312,买盘
11:01:19,35.63,0.0,243,865890,买盘
11:01:22,35.63,0.0,13,46319,卖盘
11:01:24,35.62,-0.01,110,391899,卖盘
11:01:28,35.62,0.0,189,673236,卖盘
11:01:30,35.63,0.01,178,633880,卖盘
11:01:33,35.63,0.0,38,135366,卖盘
11:01:36,35.62,-0.01,42,149798,卖盘
11:01:39,35.63,0.01,47,167439,买盘
11:01:43,35.63,0.0,366,1303832,买盘
11:01:45,35.62,-0.01,80,285004,卖盘
11:01:48,35.63,0.01,95,338480,买盘
11:01:52,35.63,0.0,49,174588,卖盘
11:01:54,35.63,0.0,77,274321,卖盘
11:01:58,35.64,0.01,112,399093,买盘
11:02:01,35.63,-0.01,12,42757,卖盘
11:02:03,35.63,0.0,18,64136,卖盘
11:02:06,35.63,0.0,164,583694,卖盘
11:02:09,35.63,0.0,376,1339380,卖盘
11:02:12,35.64,0.01,113,402732,买盘
11:02:15,35.64,0.0,5,17821,卖盘
11:02:18,35.63,-0.01,298,1062069,卖盘
11:02:21,35.64,0.01,20,71280,买盘
11:02:25,35.65,0.01,152,541744,买盘
11:02:27,35.64,-0.01,68,243611,中性盘
11:02:30,35.63,-0.01,210,748442,卖盘
11:02:33,35.62,-0.01,63,224556,卖盘
11:02:36,35.63,0.01,88,313610,买盘
11:02:42,35.63,0.0,137,488077,卖盘
11:02:45,35.64,0.01,13,46320,买盘
11:02:48,35.65,0.01,79,281533,买盘
11:02:52,35.64,-0.01,309,1101551,中性盘
11:02:54,35.63,-0.01,35,124718,卖盘
11:02:58,35.65,0.02,109,388422,买盘
11:03:00,35.64,-0.01,36,128291,卖盘
11:03:03,35.63,-0.01,7,24941,卖盘
11:03:06,35.64,0.01,87,310068,买盘
11:03:09,35.64,0.0,28,97741,买盘
11:03:13,35.63,-0.01,86,306423,卖盘
11:03:15,35.64,0.01,199,709217,买盘
11:03:19,35.63,-0.01,48,173522,卖盘
11:03:21,35.65,0.02,171,609414,买盘
11:03:24,35.63,-0.02,225,801767,卖盘
11:03:28,35.63,0.0,35,122516,卖盘
11:03:30,35.63,0.0,192,684464,卖盘
11:03:34,35.65,0.02,44,156819,买盘
11:03:36,35.65,0.0,6,21387,买盘
11:03:39,35.64,-0.01,46,163966,卖盘
11:03:42,35.65,0.01,34,121203,买盘
11:03:45,35.64,-0.01,30,107282,卖盘
11:03:48,35.65,0.01,545,1942293,买盘
11:03:52,35.65,0.0,53,189516,买盘
11:03:54,35.65,0.0,100,356500,买盘
11:03:57,35.64,-0.01,116,412819,卖盘
11:04:00,35.64,0.0,102,362825,买盘
11:04:04,35.64,0.0,45,160380,买盘
11:04:06,35.64,0.0,32,114041,买盘
11:04:09,35.63,-0.01,568,2025472,卖盘
11:04:12,35.64,0.01,110,392637,买盘
11:04:15,35.65,0.01,168,598917,买盘
11:04:18,35.64,-0.01,61,217447,卖盘
11:04:22,35.64,0.0,1,3564,卖盘
11:04:24,35.65,0.01,36,128340,中性盘
11:04:27,35.66,0.01,12,42784,买盘
11:04:30,35.66,0.0,229,815910,买盘
11:04:33,35.65,-0.01,71,254388,卖盘
11:04:36,35.66,0.01,30,106976,买盘
11:04:39,35.66,0.0,38,132639,买盘
11:04:42,35.66,0.0,130,463560,买盘
11:04:45,35.66,0.0,69,245996,买盘
11:04:49,35.66,0.0,85,304043,买盘
11:04:51,35.66,0.0,163,581246,买盘
11:04:54,35.65,-0.01,65,233826,卖盘
11:04:57,35.66,0.01,54,192564,买盘
11:05:01,35.66,0.0,4,14264,卖盘
11:05:03,35.66,0.0,11,39232,卖盘
11:05:06,35.67,0.01,294,1048686,买盘
11:05:09,35.67,0.0,228,813246,买盘
11:05:12,35.66,-0.01,14,49930,卖盘
11:05:15,35.67,0.01,106,376596,买盘
11:05:18,35.67,0.0,80,284219,买盘
11:05:21,35.68,0.01,18,64212,买盘
11:05:24,35.68,0.0,9,32110,买盘
11:05:28,35.68,0.0,66,235449,买盘
11:05:30,35.68,0.0,169,602992,买盘
11:05:33,35.68,0.0,211,752838,买盘
11:05:37,35.68,0.0,113,403168,买盘
11:05:39,35.67,-0.01,10,36818,卖盘
11:05:42,35.68,0.01,69,246175,买盘
11:05:45,35.68,0.0,51,181968,买盘
11:05:48,35.68,0.0,8,28544,卖盘
11:05:51,35.69,0.01,241,859903,买盘
11:05:54,35.67,-0.02,7,24974,卖盘
11:05:57,35.68,0.01,53,189136,中性盘
11:06:00,35.69,0.01,26,92784,买盘
11:06:03,35.69,0.0,20,71380,买盘
11:06:06,35.69,0.0,23,82080,买盘
11:06:09,35.68,-0.01,78,278379,卖盘
11:06:12,35.69,0.01,21,74938,买盘
11:06:15,35.69,0.0,120,428180,买盘
11:06:18,35.69,0.0,100,356900,买盘
11:06:21,35.69,0.0,1,3569,卖盘
11:06:24,35.69,0.0,2,7138,卖盘
11:06:27,35.69,0.0,12,42833,卖盘
11:06:31,35.7,0.01,168,599760,买盘
11:06:33,35.69,-0.01,330,1177768,卖盘
11:06:36,35.68,-0.01,246,877818,卖盘
11:06:40,35.67,-0.01,50,178383,卖盘
11:06:42,35.67,0.0,136,485088,卖盘
11:06:45,35.68,0.01,331,1180689,买盘
11:06:48,35.66,-0.02,45,160673,卖盘
11:06:51,35.67,0.01,20,71347,中性盘
11:06:54,35.67,0.0,17,60639,卖盘
11:06:57,35.67,0.0,10,35670,卖盘
11:07:00,35.68,0.01,47,169431,买盘
11:07:04,35.67,-0.01,26,92029,卖盘
11:07:06,35.67,0.0,20,71340,买盘
11:07:09,35.68,0.01,58,206910,买盘
11:07:12,35.66,-0.02,58,206879,卖盘
11:07:15,35.67,0.01,5,17838,中性盘
11:07:18,35.68,0.01,8,28540,买盘
11:07:21,35.68,0.0,64,228314,买盘
11:07:24,35.68,0.0,3,10703,买盘
11:07:27,35.67,-0.01,56,199744,卖盘
11:07:30,35.69,0.02,327,1163935,买盘
11:07:33,35.65,-0.04,451,1608189,卖盘
11:07:36,35.65,0.0,8,28532,卖盘
11:07:39,35.66,0.01,53,189050,卖盘
11:07:42,35.68,0.02,53,189018,买盘
11:07:45,35.67,-0.01,5,17834,中性盘
11:07:48,35.67,0.0,38,135546,卖盘
11:07:51,35.67,0.0,28,99871,买盘
11:07:54,35.68,0.01,23,82051,买盘
11:07:57,35.66,-0.02,18,64199,卖盘
11:08:00,35.68,0.02,171,609997,买盘
11:08:03,35.68,0.0,32,114176,中性盘
11:08:06,35.67,-0.01,16,57074,卖盘
11:08:09,35.68,0.01,6,21409,买盘
11:08:12,35.67,-0.01,35,124886,卖盘
11:08:15,35.67,0.0,15,53505,买盘
11:08:18,35.67,0.0,77,274639,买盘
11:08:21,35.69,0.02,61,220057,买盘
11:08:24,35.67,-0.02,98,349529,中性盘
11:08:27,35.67,0.0,9,32104,卖盘
11:08:30,35.7,0.03,178,635366,买盘
11:08:33,35.67,-0.03,1,3567,卖盘
11:08:36,35.68,0.01,3,10704,卖盘
11:08:42,35.67,-0.01,22,78496,卖盘
11:08:45,35.68,0.01,15,53536,卖盘
11:08:48,35.68,0.0,7,24977,卖盘
11:08:52,35.69,0.01,7,24620,买盘
11:08:57,35.68,-0.01,15,53521,卖盘
11:09:00,35.69,0.01,45,158773,买盘
11:09:03,35.68,-0.01,43,153464,卖盘
11:09:06,35.68,0.0,13,46388,卖盘
11:09:09,35.68,0.0,31,110612,卖盘
11:09:12,35.68,0.0,228,813179,买盘
11:09:15,35.69,0.01,33,117737,买盘
11:09:18,35.67,-0.02,83,296063,卖盘
11:09:21,35.66,-0.01,98,349504,卖盘
11:09:24,35.67,0.01,16,57067,买盘
11:09:27,35.66,-0.01,70,251707,卖盘
11:09:30,35.67,0.01,243,866777,买盘
11:09:33,35.66,-0.01,72,256593,卖盘
11:09:36,35.67,0.01,77,274639,买盘
11:09:39,35.67,0.0,111,395851,买盘
11:09:42,35.67,0.0,101,358678,买盘
11:09:45,35.67,0.0,13,46371,买盘
11:09:48,35.67,0.0,14,49938,买盘
11:09:51,35.67,0.0,15,53504,买盘
11:09:54,35.67,0.0,37,131979,买盘
11:09:57,35.66,-0.01,15,53495,卖盘
11:10:00,35.67,0.01,14,49938,中性盘
11:10:03,35.67,0.0,54,192618,卖盘
11:10:06,35.68,0.01,26,92768,买盘
11:10:09,35.68,0.0,54,192648,买盘
11:10:12,35.68,0.0,28,99883,买盘
11:10:15,35.68,0.0,64,228347,买盘
11:10:18,35.67,-0.01,9,32106,卖盘
11:10:21,35.68,0.01,25,89193,买盘
11:10:24,35.68,0.0,32,113810,买盘
11:10:27,35.68,0.0,58,206906,买盘
11:10:30,35.68,0.0,37,131677,买盘
11:10:33,35.68,0.0,183,652944,买盘
11:10:39,35.67,-0.01,21,74922,卖盘
11:10:42,35.68,0.01,42,149856,买盘
11:10:45,35.68,0.0,6,21408,卖盘
11:10:48,35.69,0.01,37,132017,买盘
11:10:51,35.68,-0.01,94,335476,卖盘
11:10:57,35.69,0.01,56,202228,买盘
11:11:00,35.68,-0.01,53,189109,卖盘
11:11:03,35.68,0.0,241,858454,卖盘
11:11:06,35.68,0.0,83,295288,卖盘
11:11:09,35.67,-0.01,61,220736,卖盘
11:11:12,35.68,0.01,18,64217,买盘
11:11:15,35.68,0.0,116,410764,买盘
11:11:18,35.68,0.0,212,756239,买盘
11:11:21,35.68,0.0,131,467308,买盘
11:11:24,35.68,0.0,75,267600,买盘
11:11:27,35.68,0.0,19,67783,买盘
11:11:30,35.68,0.0,13,46381,买盘
11:11:33,35.68,0.0,266,949024,买盘
11:11:36,35.68,0.0,5,17840,买盘
11:11:39,35.67,-0.01,16,57076,卖盘
11:11:42,35.68,0.01,36,128427,买盘
11:11:45,35.68,0.0,18,64229,买盘
11:11:48,35.67,-0.01,29,103443,卖盘
11:11:51,35.68,0.01,121,431706,买盘
11:11:54,35.68,0.0,22,78496,买盘
11:11:57,35.67,-0.01,21,74913,卖盘
11:12:00,35.68,0.01,92,328195,买盘
11:12:03,35.67,-0.01,51,181966,中性盘
11:12:06,35.66,-0.01,18,64197,卖盘
11:12:09,35.67,0.01,6,21402,中性盘
11:12:12,35.66,-0.01,36,128376,卖盘
11:12:15,35.68,0.02,6,21404,买盘
11:12:18,35.68,0.0,347,1239451,买盘
11:12:21,35.66,-0.02,27,96305,卖盘
11:12:24,35.67,0.01,19,67758,买盘
11:12:27,35.66,-0.01,38,135508,卖盘
11:12:30,35.66,0.0,28,99871,卖盘
11:12:33,35.68,0.02,49,174808,买盘
11:12:39,35.68,0.0,3,10704,卖盘
11:12:42,35.68,0.0,10,35680,卖盘
11:12:45,35.68,0.0,12,42816,卖盘
11:12:48,35.68,0.0,132,470985,卖盘
11:12:51,35.69,0.01,96,342614,买盘
11:12:54,35.69,0.0,8,28552,买盘
11:12:57,35.68,-0.01,27,97513,卖盘
11:13:00,35.69,0.01,2,7138,买盘
11:13:06,35.68,-0.01,42,147894,卖盘
11:13:09,35.69,0.01,5,17845,买盘
11:13:12,35.68,-0.01,17,60666,卖盘
11:13:15,35.67,-0.01,54,194417,卖盘
11:13:18,35.69,0.02,16,57103,买盘
11:13:21,35.68,-0.01,2,7136,卖盘
11:13:24,35.68,0.0,21,74928,卖盘
11:13:27,35.68,0.0,14,49944,买盘
11:13:30,35.67,-0.01,52,185484,卖盘
11:13:34,35.67,0.0,198,704342,卖盘
11:13:36,35.68,0.01,80,285436,买盘
11:13:39,35.68,0.0,10,35680,卖盘
11:13:42,35.68,0.0,24,85632,卖盘
11:13:48,35.69,0.01,43,152749,买盘
11:13:51,35.68,-0.01,136,485382,卖盘
11:13:54,35.69,0.01,40,143418,买盘
11:13:57,35.67,-0.02,107,381870,卖盘
11:14:00,35.69,0.02,86,306931,买盘
11:14:03,35.68,-0.01,10,38037,卖盘
11:14:06,35.67,-0.01,145,517359,卖盘
11:14:09,35.68,0.01,31,109913,买盘
11:14:12,35.68,0.0,65,231913,买盘
11:14:15,35.68,0.0,15,53517,买盘
11:14:18,35.68,0.0,22,79334,买盘
11:14:21,35.68,0.0,80,285366,买盘
11:14:24,35.68,0.0,35,124077,买盘
11:14:27,35.68,0.0,37,132006,买盘
11:14:33,35.69,0.01,169,603026,买盘
11:14:36,35.68,-0.01,2,7136,卖盘
11:14:39,35.67,-0.01,2,7134,卖盘
11:14:42,35.68,0.01,60,214072,买盘
11:14:45,35.67,-0.01,20,71351,卖盘
11:14:48,35.68,0.01,2,7136,买盘
11:14:51,35.68,0.0,112,399616,买盘
11:14:54,35.67,-0.01,17,60641,卖盘
11:14:57,35.68,0.01,8,28544,中性盘
11:15:00,35.68,0.0,16,57088,卖盘
11:15:03,35.68,0.0,8,28542,买盘
11:15:06,35.68,0.0,2,7136,买盘
11:15:09,35.68,0.0,20,71360,买盘
11:15:12,35.67,-0.01,8,28536,卖盘
11:15:15,35.68,0.01,12,42816,买盘
11:15:18,35.68,0.0,12,42814,买盘
11:15:21,35.68,0.0,51,181967,买盘
11:15:24,35.67,-0.01,14,49699,卖盘
11:15:27,35.67,0.0,42,149839,卖盘
11:15:30,35.68,0.01,34,121283,买盘
11:15:34,35.68,0.0,222,792082,买盘
11:15:36,35.69,0.01,19,67805,买盘
11:15:39,35.68,-0.01,2,7136,卖盘
11:15:42,35.68,0.0,157,560193,卖盘
11:15:48,35.69,0.01,26,92794,买盘
11:15:51,35.68,-0.01,279,995556,卖盘
11:15:54,35.69,0.01,36,128204,买盘
11:15:57,35.68,-0.01,13,46390,买盘
11:16:00,35.68,0.0,7,24978,卖盘
11:16:03,35.68,0.0,15,53994,卖盘
11:16:06,35.68,0.0,26,92773,卖盘
11:16:09,35.69,0.01,5,17845,买盘
11:16:12,35.68,-0.01,26,92269,卖盘
11:16:15,35.69,0.01,36,128484,买盘
11:16:19,35.69,0.0,98,349146,买盘
11:16:21,35.69,0.0,44,157033,买盘
11:16:24,35.68,-0.01,4,14273,卖盘
11:16:27,35.68,0.0,51,181778,卖盘
11:16:30,35.68,0.0,57,203376,卖盘
11:16:33,35.68,0.0,179,638840,卖盘
11:16:36,35.68,0.0,33,119032,卖盘
11:16:39,35.69,0.01,79,281920,买盘
11:16:42,35.68,-0.01,33,117744,卖盘
11:16:45,35.68,0.0,2,7136,卖盘
11:16:49,35.68,0.0,38,135619,卖盘
11:16:51,35.68,0.0,148,528164,卖盘
11:16:54,35.68,0.0,64,228372,卖盘
11:16:57,35.68,0.0,87,311025,卖盘
11:17:00,35.69,0.01,5,17845,买盘
11:17:03,35.69,0.0,174,621006,买盘
11:17:06,35.69,0.0,22,75465,买盘
11:17:09,35.69,0.0,25,89225,买盘
11:17:12,35.68,-0.01,48,173235,卖盘
11:17:15,35.68,0.0,130,463844,卖盘
11:17:18,35.69,0.01,313,1117274,买盘
11:17:21,35.69,0.0,3,10707,卖盘
11:17:24,35.69,0.0,36,127627,卖盘
11:17:27,35.7,0.01,158,564053,买盘
11:17:30,35.7,0.0,10,35692,买盘
11:17:33,35.7,0.0,191,681867,买盘
11:17:36,35.69,-0.01,32,115100,卖盘
11:17:39,35.69,0.0,38,134159,卖盘
11:17:42,35.69,0.0,9,32121,卖盘
11:17:46,35.69,0.0,6,21414,卖盘
11:17:48,35.7,0.01,10,35698,买盘
11:17:51,35.7,0.0,199,710301,买盘
11:17:54,35.68,-0.02,4,14274,卖盘
11:17:57,35.68,0.0,27,96348,卖盘
11:18:00,35.68,0.0,1,3568,卖盘
11:18:03,35.69,0.01,131,467538,买盘
11:18:06,35.67,-0.02,318,1136004,卖盘
11:18:09,35.66,-0.01,572,2040209,卖盘
11:18:12,35.66,0.0,148,527825,卖盘
11:18:15,35.66,0.0,358,1276667,卖盘
11:18:18,35.65,-0.01,756,2693535,卖盘
11:18:21,35.65,0.0,565,2014256,卖盘
11:18:24,35.65,0.0,96,344919,卖盘
11:18:27,35.64,-0.01,122,432063,卖盘
11:18:30,35.65,0.01,43,153295,买盘
11:18:33,35.66,0.01,237,845897,买盘
11:18:36,35.64,-0.02,79,281557,卖盘
11:18:39,35.65,0.01,8,28521,中性盘
11:18:42,35.65,0.0,43,153286,卖盘
11:18:45,35.64,-0.01,8,28513,卖盘
11:18:49,35.65,0.01,19,67732,买盘
11:18:51,35.64,-0.01,301,1074779,卖盘
11:18:54,35.64,0.0,23,81971,买盘
11:18:57,35.63,-0.01,27,96201,卖盘
11:19:00,35.64,0.01,4,14256,买盘
11:19:04,35.64,0.0,63,224531,买盘
11:19:06,35.63,-0.01,201,716363,卖盘
11:19:09,35.64,0.01,159,564380,买盘
11:19:12,35.63,-0.01,33,117582,卖盘
11:19:15,35.63,0.0,32,114028,卖盘
11:19:18,35.63,0.0,86,307346,卖盘
11:19:21,35.64,0.01,7,24948,买盘
11:19:24,35.64,0.0,101,357909,买盘
11:19:27,35.63,-0.01,7,24941,卖盘
11:19:30,35.63,0.0,7,24941,卖盘
11:19:33,35.64,0.01,228,812635,买盘
11:19:36,35.63,-0.01,60,213833,卖盘
11:19:39,35.63,0.0,30,108814,卖盘
11:19:42,35.63,0.0,224,798112,卖盘
11:19:45,35.63,0.0,25,87473,卖盘
11:19:48,35.64,0.01,56,199532,买盘
11:19:51,35.63,-0.01,120,427649,卖盘
11:19:54,35.64,0.01,22,78102,买盘
11:19:57,35.63,-0.01,20,71270,卖盘
11:20:00,35.63,0.0,36,130193,卖盘
11:20:03,35.63,0.0,19,67705,卖盘
11:20:06,35.63,0.0,51,181713,卖盘
11:20:09,35.63,0.0,51,182445,卖盘
11:20:12,35.63,0.0,19,67697,卖盘
11:20:15,35.63,0.0,219,778551,卖盘
11:20:19,35.64,0.01,17,60585,买盘
11:20:21,35.63,-0.01,54,192937,卖盘
11:20:24,35.63,0.0,32,113988,买盘
11:20:27,35.62,-0.01,52,186363,卖盘
11:20:30,35.63,0.01,43,153174,中性盘
11:20:33,35.64,0.01,174,620040,买盘
11:20:36,35.64,0.0,48,171794,买盘
11:20:39,35.64,0.0,6,21379,买盘
11:20:42,35.63,-0.01,34,121142,卖盘
11:20:45,35.64,0.01,44,156782,买盘
11:20:49,35.63,-0.01,22,78398,卖盘
11:20:51,35.64,0.01,122,434773,买盘
11:20:54,35.64,0.0,27,96223,买盘
11:20:57,35.63,-0.01,40,140746,卖盘
11:21:00,35.64,0.01,23,81972,买盘
11:21:03,35.63,-0.01,12,42757,卖盘
11:21:06,35.63,0.0,21,74965,卖盘
11:21:09,35.64,0.01,47,167497,买盘
11:21:12,35.63,-0.01,8,28504,卖盘
11:21:15,35.64,0.01,62,222565,买盘
11:21:19,35.63,-0.01,108,384886,卖盘
11:21:21,35.64,0.01,28,97494,买盘
11:21:24,35.63,-0.01,79,281523,卖盘
11:21:27,35.63,0.0,37,131831,卖盘
11:21:30,35.64,0.01,93,333289,买盘
11:21:34,35.64,0.0,169,602315,买盘
11:21:36,35.63,-0.01,18,64141,卖盘
11:21:42,35.64,0.01,12,42759,买盘
11:21:46,35.63,-0.01,165,587895,卖盘
11:21:49,35.64,0.01,35,124717,买盘
11:21:51,35.63,-0.01,22,77959,卖盘
11:21:54,35.64,0.01,90,320793,买盘
11:21:57,35.63,-0.01,20,71260,卖盘
11:22:00,35.63,0.0,11,39194,卖盘
11:22:04,35.63,0.0,122,434686,卖盘
11:22:06,35.64,0.01,72,255373,买盘
11:22:09,35.63,-0.01,20,71270,卖盘
11:22:12,35.64,0.01,50,177082,买盘
11:22:16,35.64,0.0,2,7128,买盘
11:22:18,35.64,0.0,33,117602,买盘
11:22:21,35.64,0.0,64,230106,买盘
11:22:24,35.63,-0.01,61,217346,卖盘
11:22:27,35.63,0.0,139,495296,卖盘
11:22:31,35.64,0.01,181,644912,买盘
11:22:33,35.65,0.01,300,1067077,买盘
11:22:36,35.63,-0.02,121,431181,卖盘
11:22:39,35.64,0.01,56,199532,买盘
11:22:42,35.63,-0.01,1375,4900341,卖盘
11:22:45,35.63,0.0,49,174567,买盘
11:22:49,35.63,0.0,208,739951,买盘
11:22:55,35.65,0.02,4,14260,买盘
11:22:57,35.63,-0.02,120,430162,卖盘
11:23:00,35.63,0.0,49,173268,卖盘
11:23:04,35.64,0.01,45,161693,买盘
11:23:06,35.62,-0.02,195,694985,卖盘
11:23:09,35.64,0.02,1,3564,中性盘
11:23:12,35.63,-0.01,27,96219,卖盘
11:23:15,35.64,0.01,3,10692,卖盘
11:23:19,35.64,0.0,7,24948,卖盘
11:23:21,35.65,0.01,112,396558,买盘
11:23:24,35.65,0.0,24,85560,卖盘
11:23:27,35.65,0.0,8,28520,卖盘
11:23:30,35.65,0.0,55,196075,卖盘
11:23:33,35.65,0.0,3,10695,卖盘
11:23:36,35.65,0.0,169,602485,买盘
11:23:42,35.65,0.0,26,92681,买盘
11:23:45,35.64,-0.01,23,81992,卖盘
11:23:49,35.64,0.0,247,880525,卖盘
11:23:51,35.64,0.0,52,185328,买盘
11:23:54,35.66,0.02,35,126832,买盘
11:23:57,35.66,0.0,9,32094,卖盘
11:24:00,35.67,0.01,1,3567,买盘
11:24:03,35.67,0.0,2,7134,买盘
11:24:06,35.66,-0.01,20,71320,卖盘
11:24:09,35.67,0.01,15,53505,买盘
11:24:12,35.67,0.0,23,81132,买盘
11:24:19,35.67,0.0,4,14267,买盘
11:24:21,35.66,-0.01,43,153338,卖盘
11:24:25,35.67,0.01,2,7134,买盘
11:24:27,35.67,0.0,4,14268,买盘
11:24:30,35.67,0.0,35,124065,买盘
11:24:34,35.66,-0.01,3,10698,买盘
11:24:36,35.67,0.01,197,703565,买盘
11:24:39,35.65,-0.02,40,142600,卖盘
11:24:42,35.66,0.01,13,46361,卖盘
11:24:46,35.66,0.0,8,28528,卖盘
11:24:49,35.66,0.0,1,3566,卖盘
11:24:51,35.66,0.0,2,7132,卖盘
11:24:54,35.68,0.02,88,313920,买盘
11:24:57,35.66,-0.02,89,317376,卖盘
11:25:03,35.67,0.01,1,3567,卖盘
11:25:06,35.68,0.01,7,24971,买盘
11:25:09,35.67,-0.01,28,98913,卖盘
11:25:12,35.67,0.0,4,14269,卖盘
11:25:16,35.67,0.0,1,3567,卖盘
11:25:19,35.67,0.0,2,7135,卖盘
11:25:21,35.68,0.01,5,17840,买盘
11:25:24,35.68,0.0,2,7135,买盘
11:25:27,35.67,-0.01,19,67780,卖盘
11:25:30,35.66,-0.01,2,7133,卖盘
11:25:34,35.66,0.0,78,280022,卖盘
11:25:36,35.67,0.01,169,602991,中性盘
11:25:39,35.67,0.0,52,185484,卖盘
11:25:42,35.67,0.0,26,90944,买盘
11:25:45,35.66,-0.01,3,10698,中性盘
11:25:49,35.65,-0.01,16,58894,卖盘
11:25:51,35.65,0.0,3,10697,卖盘
11:25:54,35.65,0.0,104,369182,卖盘
11:25:57,35.65,0.0,1,3565,卖盘
11:26:00,35.66,0.01,52,185398,买盘
11:26:03,35.67,0.01,21,74906,买盘
11:26:06,35.66,-0.01,147,524248,卖盘
11:26:09,35.66,0.0,1,3566,卖盘
11:26:12,35.67,0.01,2,7134,买盘
11:26:16,35.67,0.0,31,110577,买盘
11:26:18,35.67,0.0,16,57072,买盘
11:26:21,35.67,0.0,59,210445,买盘
11:26:24,35.67,0.0,117,417445,卖盘
11:26:27,35.68,0.01,66,235487,买盘
11:26:30,35.68,0.0,66,235435,买盘
11:26:33,35.68,0.0,10,35680,买盘
11:26:36,35.7,0.02,333,1190882,买盘
11:26:39,35.7,0.0,328,1170960,买盘
11:26:42,35.7,0.0,167,596188,买盘
11:26:45,35.7,0.0,157,560488,买盘
11:26:49,35.7,0.0,22,78538,买盘
11:26:51,35.7,0.0,26,91606,买盘
11:26:54,35.72,0.02,128,456930,买盘
11:26:57,35.71,-0.01,27,96417,卖盘
11:27:04,35.71,0.0,187,667780,卖盘
11:27:06,35.71,0.0,6,21426,买盘
11:27:09,35.69,-0.02,5,16277,卖盘
11:27:12,35.71,0.02,9,32139,买盘
11:27:15,35.69,-0.02,45,163186,卖盘
11:27:21,35.69,0.0,27,96889,卖盘
11:27:24,35.7,0.01,1,3570,卖盘
11:27:27,35.71,0.01,23,82120,买盘
11:27:30,35.69,-0.02,26,90092,卖盘
11:27:34,35.71,0.02,51,182021,买盘
11:27:36,35.72,0.01,175,625051,买盘
11:27:39,35.69,-0.03,11,39269,卖盘
11:27:42,35.68,-0.01,40,143971,卖盘
11:27:46,35.69,0.01,17,60673,买盘
11:27:48,35.68,-0.01,45,160561,卖盘
11:27:51,35.68,0.0,35,124885,卖盘
11:27:54,35.68,0.0,108,386923,卖盘
11:27:57,35.68,0.0,17,60665,卖盘
11:28:03,35.69,0.01,65,231984,买盘
11:28:06,35.68,-0.01,14,49962,卖盘
11:28:09,35.69,0.01,24,85656,买盘
11:28:16,35.68,-0.01,25,89208,卖盘
11:28:19,35.68,0.0,18,61834,卖盘
11:28:21,35.68,0.0,4,14272,买盘
11:28:25,35.67,-0.01,53,189764,卖盘
11:28:27,35.68,0.01,75,266851,买盘
11:28:30,35.68,0.0,5,17836,买盘
11:28:34,35.67,-0.01,18,64206,中性盘
11:28:36,35.68,0.01,183,653813,买盘
11:28:39,35.68,0.0,1,1570,卖盘
11:28:42,35.68,0.0,2,7136,卖盘
11:28:45,35.68,0.0,20,72435,卖盘
11:28:49,35.68,0.0,8,28544,买盘
11:28:51,35.67,-0.01,24,88090,卖盘
11:28:54,35.69,0.02,87,310431,买盘
11:29:00,35.68,-0.01,35,124877,买盘
11:29:03,35.68,0.0,29,103472,买盘
11:29:06,35.67,-0.01,2,7134,卖盘
11:29:09,35.68,0.01,12,42810,买盘
11:29:12,35.67,-0.01,7,24969,卖盘
11:29:16,35.68,0.01,10,35678,买盘
11:29:19,35.67,-0.01,2,7134,卖盘
11:29:21,35.68,0.01,14,49307,买盘
11:29:24,35.68,0.0,12,42816,卖盘
11:29:27,35.68,0.0,6,21408,买盘
11:29:31,35.68,0.0,28,99904,买盘
11:29:34,35.68,0.0,11,39248,买盘
11:29:36,35.68,0.0,11,39246,买盘
11:29:39,35.68,0.0,32,114174,买盘
11:29:42,35.67,-0.01,2,7135,卖盘
11:29:46,35.67,0.0,17,60647,卖盘
11:29:49,35.67,0.0,4,14268,卖盘
11:29:51,35.68,0.01,8,28544,买盘
11:29:57,35.68,0.0,86,306894,买盘
11:30:00,35.68,0.0,16,57083,买盘
13:00:02,35.68,0.0,361,1288085,买盘
13:00:05,35.68,0.0,769,2743996,卖盘
13:00:08,35.68,0.0,479,1709096,卖盘
13:00:11,35.68,0.0,109,388912,卖盘
13:00:14,35.69,0.01,120,428534,中性盘
13:00:17,35.67,-0.02,29,103455,卖盘
13:00:20,35.66,-0.01,137,486142,卖盘
13:00:23,35.66,0.0,8,28528,卖盘
13:00:26,35.67,0.01,50,178713,买盘
13:00:29,35.67,0.0,80,286788,买盘
13:00:32,35.66,-0.01,113,402961,卖盘
13:00:34,35.66,0.0,35,124812,卖盘
13:00:38,35.67,0.01,167,595252,买盘
13:00:41,35.66,-0.01,339,1206993,卖盘
13:00:44,35.65,-0.01,5,17825,卖盘
13:00:47,35.66,0.01,44,156899,买盘
13:00:50,35.65,-0.01,94,335003,卖盘
13:00:53,35.66,0.01,48,172878,买盘
13:00:56,35.65,-0.01,39,139035,卖盘
13:00:59,35.67,0.02,134,477471,买盘
13:01:02,35.66,-0.01,82,292413,卖盘
13:01:05,35.66,0.0,83,296703,买盘
13:01:08,35.66,0.0,253,901957,买盘
13:01:11,35.66,0.0,16,55270,买盘
13:01:14,35.64,-0.02,47,168586,卖盘
13:01:17,35.64,0.0,36,128926,卖盘
13:01:20,35.66,0.02,31,110490,买盘
13:01:23,35.64,-0.02,345,1227978,卖盘
13:01:26,35.64,0.0,394,1405683,买盘
13:01:29,35.63,-0.01,219,780297,卖盘
13:01:32,35.63,0.0,36,128273,卖盘
13:01:35,35.62,-0.01,191,678662,卖盘
13:01:38,35.64,0.02,44,156773,买盘
13:01:41,35.63,-0.01,103,367052,卖盘
13:01:44,35.64,0.01,31,111809,买盘
13:01:47,35.64,0.0,246,875272,买盘
13:01:50,35.64,0.0,554,1974456,卖盘
13:01:53,35.64,0.0,51,183873,卖盘
13:01:56,35.64,0.0,192,683683,卖盘
13:01:59,35.64,0.0,134,477750,卖盘
13:02:02,35.65,0.01,9,32085,中性盘
13:02:05,35.64,-0.01,108,384929,卖盘
13:02:09,35.65,0.01,56,199644,中性盘
13:02:11,35.66,0.01,130,463474,买盘
13:02:14,35.66,0.0,48,171130,买盘
13:02:17,35.66,0.0,9,32093,买盘
13:02:20,35.66,0.0,51,181846,买盘
13:02:23,35.66,0.0,72,256621,买盘
13:02:26,35.66,0.0,12,42792,卖盘
13:02:29,35.68,0.02,120,427986,买盘
13:02:32,35.65,-0.03,20,71318,卖盘
13:02:35,35.66,0.01,13,46368,卖盘
13:02:38,35.66,0.0,37,131915,买盘
13:02:41,35.66,0.0,129,459918,买盘
13:02:44,35.66,0.0,20,70260,卖盘
13:02:47,35.65,-0.01,190,678462,卖盘
13:02:50,35.65,0.0,3,10695,买盘
13:02:53,35.65,0.0,113,404119,买盘
13:02:56,35.65,0.0,21,74865,买盘
13:02:59,35.64,-0.01,124,442107,卖盘
13:03:02,35.65,0.01,34,121210,买盘
13:03:05,35.64,-0.01,66,235249,卖盘
13:03:08,35.65,0.01,603,2149093,买盘
13:03:11,35.66,0.01,42,149753,买盘
13:03:14,35.64,-0.02,129,459853,卖盘
13:03:17,35.65,0.01,40,142588,中性盘
13:03:20,35.65,0.0,37,131881,买盘
13:03:23,35.65,0.0,124,442042,买盘
13:03:26,35.65,0.0,43,153275,买盘
13:03:29,35.65,0.0,121,431248,买盘
13:03:32,35.64,-0.01,65,231705,卖盘
13:03:35,35.64,0.0,319,1136922,卖盘
13:03:38,35.64,0.0,138,491815,买盘
13:03:41,35.64,0.0,86,306442,买盘
13:03:44,35.64,0.0,54,192517,买盘
13:03:47,35.63,-0.01,161,573647,卖盘
13:03:50,35.63,0.0,188,669845,卖盘
13:03:53,35.64,0.01,65,231096,买盘
13:03:56,35.64,0.0,4,14253,买盘
13:03:59,35.65,0.01,86,306550,买盘
13:04:02,35.64,-0.01,3,10692,中性盘
13:04:05,35.63,-0.01,47,167507,卖盘
13:04:08,35.64,0.01,6,21383,中性盘
13:04:11,35.65,0.01,22,78429,买盘
13:04:14,35.65,0.0,55,195543,买盘
13:04:20,35.64,-0.01,16,57027,卖盘
13:04:23,35.65,0.01,126,449163,买盘
13:04:25,35.64,-0.01,12,42772,卖盘
13:04:29,35.64,0.0,51,181776,卖盘
13:04:32,35.64,0.0,49,174645,卖盘
13:04:35,35.65,0.01,36,128333,买盘
13:04:38,35.65,0.0,15,53475,卖盘
13:04:41,35.65,0.0,23,81985,卖盘
13:04:47,35.64,-0.01,96,342149,卖盘
13:04:49,35.63,-0.01,130,462345,卖盘
13:04:53,35.64,0.01,202,720119,买盘
13:04:59,35.65,0.01,39,139035,买盘
13:05:02,35.66,0.01,26,92692,买盘
13:05:05,35.65,-0.01,51,181815,卖盘
13:05:08,35.66,0.01,106,377996,买盘
13:05:11,35.66,0.0,10,35660,买盘
13:05:14,35.66,0.0,135,481409,买盘
13:05:17,35.65,-0.01,19,67744,卖盘
13:05:19,35.65,0.0,36,128341,卖盘
13:05:25,35.66,0.01,15,52412,买盘
13:05:29,35.66,0.0,29,103414,买盘
13:05:31,35.66,0.0,5,17830,买盘
13:05:35,35.65,-0.01,26,92702,卖盘
13:05:38,35.66,0.01,55,196130,买盘
13:05:41,35.65,-0.01,13,46345,卖盘
13:05:44,35.66,0.01,32,114112,买盘
13:05:46,35.66,0.0,13,46348,买盘
13:05:50,35.66,0.0,11,39226,买盘
13:05:53,35.65,-0.01,51,181850,卖盘
13:05:56,35.66,0.01,3,10698,买盘
13:05:59,35.66,0.0,91,326856,买盘
13:06:04,35.65,-0.01,28,97503,卖盘
13:06:08,35.66,0.01,278,991131,买盘
13:06:10,35.65,-0.01,18,65561,卖盘
13:06:14,35.66,0.01,8,28528,买盘
13:06:17,35.65,-0.01,23,81752,卖盘
13:06:19,35.66,0.01,28,99827,买盘
13:06:23,35.66,0.0,77,274279,买盘
13:06:25,35.66,0.0,1,3566,买盘
13:06:29,35.66,0.0,7,24962,买盘
13:06:32,35.66,0.0,16,57053,买盘
13:06:35,35.65,-0.01,7,26275,卖盘
13:06:38,35.65,0.0,65,231725,卖盘
13:06:41,35.66,0.01,68,241342,买盘
13:06:47,35.66,0.0,9,32094,买盘
13:06:49,35.65,-0.01,35,124776,卖盘
13:06:53,35.66,0.01,75,267376,买盘
13:06:56,35.65,-0.01,58,206737,卖盘
13:06:59,35.66,0.01,85,303064,买盘
13:07:02,35.64,-0.02,24,86250,卖盘
13:07:05,35.65,0.01,92,327894,买盘
13:07:08,35.64,-0.01,43,152294,卖盘
13:07:10,35.65,0.01,22,78430,买盘
13:07:14,35.64,-0.01,76,272621,卖盘
13:07:16,35.65,0.01,17,60605,买盘
13:07:20,35.65,0.0,12,42780,买盘
13:07:23,35.64,-0.01,69,243623,卖盘
13:07:26,35.65,0.01,5,17825,买盘
13:07:29,35.65,0.0,42,149695,买盘
13:07:32,35.65,0.0,44,159081,买盘
13:07:35,35.65,0.0,16,57035,买盘
13:07:38,35.65,0.0,104,370743,买盘
13:07:41,35.64,-0.01,10,35647,卖盘
13:07:44,35.64,0.0,141,502531,卖盘
13:07:47,35.64,0.0,23,81991,卖盘
13:07:50,35.64,0.0,88,313632,卖盘
13:07:53,35.63,-0.01,90,320767,卖盘
13:07:55,35.65,0.02,23,81503,买盘
13:07:59,35.66,0.01,131,467019,买盘
13:08:02,35.66,0.0,76,271016,卖盘
13:08:05,35.67,0.01,32,114054,买盘
13:08:08,35.63,-0.04,15,53446,卖盘
13:08:11,35.65,0.02,11,39205,买盘
13:08:14,35.64,-0.01,18,65079,卖盘
13:08:17,35.64,0.0,56,199600,卖盘
13:08:20,35.63,-0.01,20,71280,卖盘
13:08:23,35.63,0.0,35,124739,卖盘
13:08:26,35.65,0.02,144,513209,买盘
13:08:29,35.63,-0.02,14,49887,卖盘
13:08:32,35.63,0.0,88,313553,卖盘
13:08:34,35.64,0.01,22,78393,买盘
13:08:38,35.63,-0.01,57,202879,卖盘
13:08:41,35.64,0.01,8,28506,买盘
13:08:43,35.63,-0.01,60,213958,卖盘
13:08:46,35.64,0.01,22,78408,买盘
13:08:49,35.63,-0.01,26,89469,卖盘
13:08:53,35.64,0.01,42,149658,买盘
13:08:56,35.64,0.0,16,57015,买盘
13:08:59,35.63,-0.01,209,744959,卖盘
13:09:02,35.64,0.01,40,142559,卖盘
13:09:05,35.64,0.0,67,238734,买盘
13:09:08,35.64,0.0,23,81961,买盘
13:09:11,35.64,0.0,96,342130,买盘
13:09:14,35.64,0.0,46,163944,卖盘
13:09:17,35.64,0.0,159,566542,买盘
13:09:20,35.65,0.01,443,1579190,买盘
13:09:23,35.65,0.0,17,60605,卖盘
13:09:26,35.65,0.0,86,306590,卖盘
13:09:29,35.65,0.0,95,338676,卖盘
13:09:31,35.65,0.0,5,17826,卖盘
13:09:34,35.66,0.01,17,63030,买盘
13:09:38,35.66,0.0,2,7132,买盘
13:09:41,35.65,-0.01,37,130087,卖盘
13:09:44,35.66,0.01,45,160426,买盘
13:09:47,35.65,-0.01,258,922082,卖盘
13:09:50,35.66,0.01,86,306592,买盘
13:09:53,35.65,-0.01,319,1134347,卖盘
13:09:56,35.64,-0.01,291,1037162,卖盘
13:09:59,35.66,0.02,112,399287,买盘
13:10:02,35.65,-0.01,37,131876,中性盘
13:10:05,35.63,-0.02,77,274376,卖盘
13:10:08,35.64,0.01,51,181754,买盘
13:10:10,35.63,-0.01,203,723497,卖盘
13:10:14,35.65,0.02,58,206684,买盘
13:10:17,35.65,0.0,1,3565,买盘
13:10:20,35.65,0.0,27,96227,买盘
13:10:23,35.65,0.0,119,424016,买盘
13:10:25,35.63,-0.02,239,851558,卖盘
13:10:29,35.63,0.0,123,438275,卖盘
13:10:31,35.64,0.01,366,1303814,买盘
13:10:35,35.64,0.0,9,35065,买盘
13:10:38,35.64,0.0,44,156768,买盘
13:10:40,35.63,-0.01,1,3563,卖盘
13:10:44,35.64,0.01,24,85624,买盘
13:10:47,35.62,-0.02,28,99431,卖盘
13:10:50,35.63,0.01,98,349099,卖盘
13:10:53,35.64,0.01,3,10691,买盘
13:10:56,35.63,-0.01,11,39194,卖盘
13:10:59,35.62,-0.01,252,898042,卖盘
13:11:02,35.62,0.0,237,844395,卖盘
13:11:04,35.63,0.01,13,46319,买盘
13:11:08,35.62,-0.01,26,92628,卖盘
13:11:11,35.63,0.01,18,64134,买盘
13:11:14,35.63,0.0,162,577048,买盘
13:11:17,35.63,0.0,139,495222,买盘
13:11:20,35.63,0.0,54,192354,买盘
13:11:23,35.63,0.0,24,85512,卖盘
13:11:26,35.64,0.01,483,1720536,买盘
13:11:29,35.63,-0.01,13,46320,中性盘
13:11:32,35.62,-0.01,72,256464,卖盘
13:11:35,35.62,0.0,125,442944,卖盘
13:11:38,35.61,-0.01,530,1890217,卖盘
13:11:41,35.61,0.0,236,840416,卖盘
13:11:44,35.61,0.0,467,1660462,卖盘
13:11:46,35.61,0.0,142,505664,卖盘
13:11:49,35.61,0.0,1026,3653634,卖盘
13:11:53,35.61,0.0,187,665623,卖盘
13:11:56,35.61,0.0,1253,4461933,卖盘
13:11:59,35.6,-0.01,735,2616742,卖盘
13:12:02,35.61,0.01,2616,9313100,买盘
13:12:05,35.62,0.01,372,1325369,买盘
13:12:08,35.61,-0.01,574,2044014,卖盘
13:12:11,35.61,0.0,95,338269,卖盘
13:12:14,35.6,-0.01,178,633716,卖盘
13:12:17,35.6,0.0,12,42332,卖盘
13:12:20,35.6,0.0,58,206495,卖盘
13:12:23,35.61,0.01,163,579747,买盘
13:12:26,35.61,0.0,64,227857,买盘
13:12:29,35.61,0.0,106,378753,买盘
13:12:32,35.6,-0.01,10,35602,卖盘
13:12:35,35.6,0.0,584,2081400,卖盘
13:12:38,35.63,0.03,1,3563,买盘
13:12:41,35.61,-0.02,4,14250,卖盘
13:12:44,35.61,0.0,373,1328253,卖盘
13:12:47,35.61,0.0,75,267075,买盘
13:12:50,35.63,0.02,60,213741,买盘
13:12:52,35.62,-0.01,25,89074,卖盘
13:12:56,35.61,-0.01,408,1453512,卖盘
13:12:58,35.62,0.01,49,174528,买盘
13:13:02,35.62,0.0,107,381265,买盘
13:13:05,35.63,0.01,87,309861,买盘
13:13:08,35.62,-0.01,14,49869,卖盘
13:13:11,35.62,0.0,42,149588,买盘
13:13:14,35.61,-0.01,44,156698,卖盘
13:13:17,35.63,0.02,16,56991,买盘
13:13:19,35.62,-0.01,18,64116,卖盘
13:13:22,35.62,0.0,4,14245,买盘
13:13:25,35.62,0.0,129,459498,卖盘
13:13:29,35.63,0.01,179,637461,买盘
13:13:34,35.63,0.0,40,142500,买盘
13:13:41,35.62,-0.01,36,128563,卖盘
13:13:44,35.62,0.0,75,267152,卖盘
13:13:47,35.62,0.0,22,78377,卖盘
13:13:50,35.63,0.01,25,89377,买盘
13:13:52,35.62,-0.01,6,21377,卖盘
13:13:55,35.62,0.0,45,158911,卖盘
13:13:59,35.63,0.01,3,10689,买盘
13:14:02,35.63,0.0,86,306418,买盘
13:14:05,35.62,-0.01,23,83605,卖盘
13:14:08,35.62,0.0,51,181675,卖盘
13:14:11,35.63,0.01,82,292105,买盘
13:14:13,35.62,-0.01,4,14249,卖盘
13:14:17,35.63,0.01,43,153209,买盘
13:14:20,35.63,0.0,21,74805,买盘
13:14:26,35.63,0.0,61,217313,买盘
13:14:29,35.63,0.0,33,117579,买盘
13:14:32,35.63,0.0,84,299292,买盘
13:14:35,35.63,0.0,16,57010,卖盘
13:14:38,35.64,0.01,17,60588,中性盘
13:14:41,35.63,-0.01,17,60571,卖盘
13:14:43,35.64,0.01,14,49885,买盘
13:14:47,35.65,0.01,63,224580,买盘
13:14:50,35.64,-0.01,10,35649,卖盘
13:14:52,35.64,0.0,84,299367,卖盘
13:14:55,35.64,0.0,20,71283,买盘
13:14:59,35.65,0.01,71,253112,买盘
13:15:02,35.65,0.0,145,516920,买盘
13:15:04,35.64,-0.01,17,60604,卖盘
13:15:08,35.65,0.01,28,99820,买盘
13:15:11,35.64,-0.01,82,292317,卖盘
13:15:13,35.64,0.0,11,39213,卖盘
13:15:16,35.64,0.0,21,74847,卖盘
13:15:20,35.65,0.01,39,139000,买盘
13:15:23,35.65,0.0,52,185373,买盘
13:15:25,35.65,0.0,72,256617,买盘
13:15:28,35.63,-0.02,23,79032,卖盘
13:15:31,35.63,0.0,89,317149,卖盘
13:15:35,35.65,0.02,12,42772,买盘
13:15:38,35.64,-0.01,41,149049,卖盘
13:15:41,35.65,0.01,2,7129,买盘
13:15:43,35.64,-0.01,49,174153,卖盘
13:15:46,35.65,0.01,4,14260,买盘
13:15:50,35.65,0.0,51,181786,买盘
13:15:53,35.65,0.0,105,373309,买盘
13:15:55,35.65,0.0,63,224583,买盘
13:15:59,35.65,0.0,110,392058,买盘
13:16:01,35.66,0.01,117,416500,买盘
13:16:04,35.64,-0.02,159,566780,卖盘
13:16:08,35.67,0.03,4,14264,买盘
13:16:10,35.66,-0.01,53,188960,买盘
13:16:13,35.64,-0.02,156,555284,卖盘
13:16:17,35.64,0.0,88,314366,买盘
13:16:20,35.64,0.0,66,235285,卖盘
13:16:22,35.66,0.02,22,78416,买盘
13:16:25,35.65,-0.01,24,85561,卖盘
13:16:29,35.65,0.0,156,556061,卖盘
13:16:31,35.64,-0.01,14,49902,卖盘
13:16:34,35.64,0.0,46,163936,卖盘
13:16:38,35.65,0.01,70,249487,买盘
13:16:40,35.65,0.0,20,71271,买盘
13:16:43,35.65,0.0,114,406296,买盘
13:16:46,35.65,0.0,2,7129,买盘
13:16:49,35.64,-0.01,30,106916,卖盘
13:16:52,35.64,0.0,38,136926,买盘
13:16:55,35.64,0.0,29,103345,买盘
13:16:58,35.64,0.0,116,413329,买盘
13:17:02,35.64,0.0,112,399210,买盘
13:17:04,35.64,0.0,194,691436,买盘
13:17:07,35.64,0.0,29,103356,卖盘
13:17:10,35.65,0.01,62,220988,买盘
13:17:13,35.64,-0.01,80,285232,卖盘
13:17:16,35.64,0.0,245,873180,买盘
13:17:19,35.66,0.02,72,256620,买盘
13:17:23,35.64,-0.02,79,281602,卖盘
13:17:26,35.66,0.02,46,163996,买盘
13:17:29,35.64,-0.02,204,727085,卖盘
13:17:31,35.65,0.01,61,217423,中性盘
13:17:35,35.65,0.0,116,413460,卖盘
13:17:38,35.65,0.0,104,370669,买盘
13:17:40,35.65,0.0,85,303033,中性盘
13:17:44,35.65,0.0,72,256630,买盘
13:17:46,35.65,0.0,68,242424,买盘
13:17:50,35.64,-0.01,68,242399,卖盘
13:17:52,35.66,0.02,24,85561,买盘
13:17:55,35.65,-0.01,24,85560,卖盘
13:17:58,35.67,0.02,53,189016,买盘
13:18:01,35.67,0.0,69,244974,买盘
13:18:04,35.65,-0.02,1035,3689865,卖盘
13:18:07,35.67,0.02,74,263967,中性盘
13:18:10,35.65,-0.02,216,770412,卖盘
13:18:13,35.65,0.0,37,131911,卖盘
13:18:16,35.67,0.02,55,196083,买盘
13:18:19,35.67,0.0,112,399413,买盘
13:18:22,35.67,0.0,51,181860,买盘
13:18:25,35.65,-0.02,72,256714,卖盘
13:18:28,35.65,0.0,89,317317,卖盘
13:18:31,35.67,0.02,577,2058369,买盘
13:18:34,35.68,0.01,269,959773,买盘
13:18:37,35.68,0.0,151,538492,买盘
13:18:40,35.65,-0.03,120,427823,卖盘
13:18:44,35.68,0.03,33,117737,买盘
13:18:46,35.67,-0.01,52,185457,买盘
13:18:49,35.66,-0.01,37,131982,卖盘
13:18:52,35.66,0.0,16,57056,卖盘
13:18:55,35.68,0.02,9,32105,买盘
13:18:58,35.67,-0.01,37,131979,卖盘
13:19:01,35.66,-0.01,107,380557,卖盘
13:19:04,35.66,0.0,53,189023,卖盘
13:19:07,35.66,0.0,92,329223,卖盘
13:19:10,35.66,0.0,47,167561,买盘
13:19:13,35.66,0.0,69,246002,买盘
13:19:17,35.66,0.0,532,1897105,买盘
13:19:19,35.65,-0.01,54,192546,卖盘
13:19:22,35.65,0.0,207,736929,卖盘
13:19:25,35.65,0.0,228,812940,卖盘
13:19:28,35.65,0.0,58,206809,卖盘
13:19:31,35.65,0.0,76,270950,卖盘
13:19:34,35.66,0.01,1,3566,卖盘
13:19:37,35.66,0.0,26,92716,买盘
13:19:40,35.67,0.01,35,124795,买盘
13:19:43,35.66,-0.01,35,124346,卖盘
13:19:46,35.68,0.02,60,214019,买盘
13:19:49,35.66,-0.02,7,24962,卖盘
13:19:52,35.67,0.01,35,124831,买盘
13:19:55,35.66,-0.01,21,74887,卖盘
13:19:58,35.67,0.01,35,124838,买盘
13:20:01,35.68,0.01,117,417423,买盘
13:20:04,35.68,0.0,24,85609,买盘
13:20:07,35.68,0.0,31,110580,买盘
13:20:10,35.68,0.0,42,149856,买盘
13:20:13,35.68,0.0,105,374638,买盘
13:20:16,35.68,0.0,16,57074,买盘
13:20:19,35.68,0.0,49,174807,卖盘
13:20:22,35.68,0.0,13,46379,买盘
13:20:25,35.68,0.0,67,239038,买盘
13:20:28,35.67,-0.01,1,3567,中性盘
13:20:31,35.66,-0.01,22,78458,卖盘
13:20:34,35.67,0.01,50,178350,买盘
13:20:37,35.67,0.0,17,60634,买盘
13:20:40,35.67,0.0,34,121263,买盘
13:20:43,35.67,0.0,56,199705,买盘
13:20:46,35.67,0.0,18,64192,买盘
13:20:49,35.66,-0.01,37,131964,卖盘
13:20:52,35.67,0.01,289,1030863,买盘
13:20:55,35.68,0.01,72,256884,买盘
13:20:58,35.69,0.01,86,306792,买盘
13:21:01,35.69,0.0,84,299796,买盘
13:21:04,35.69,0.0,25,89182,买盘
13:21:08,35.69,0.0,60,214109,买盘
13:21:10,35.7,0.01,25,89231,买盘
13:21:13,35.69,-0.01,91,324779,卖盘
13:21:16,35.7,0.01,73,261957,买盘
13:21:19,35.69,-0.01,59,210586,卖盘
13:21:22,35.7,0.01,31,110654,买盘
13:21:25,35.7,0.0,57,203468,买盘
13:21:28,35.7,0.0,21,74965,买盘
13:21:31,35.7,0.0,36,128504,买盘
13:21:34,35.7,0.0,105,373432,买盘
13:21:37,35.7,0.0,37,132063,买盘
13:21:40,35.7,0.0,80,287518,买盘
13:21:43,35.7,0.0,64,228472,买盘
13:21:46,35.7,0.0,96,341818,买盘
13:21:49,35.7,0.0,83,296234,买盘
13:21:52,35.69,-0.01,29,103507,卖盘
13:21:55,35.69,0.0,150,534002,卖盘
13:21:58,35.7,0.01,70,249832,买盘
13:22:01,35.69,-0.01,126,449778,卖盘
13:22:04,35.7,0.01,86,307011,买盘
13:22:07,35.69,-0.01,82,292708,卖盘
13:22:10,35.69,0.0,61,219646,卖盘
13:22:13,35.7,0.01,574,2048648,买盘
13:22:16,35.7,0.0,12,42829,买盘
13:22:19,35.69,-0.01,279,994515,卖盘
13:22:22,35.7,0.01,6,21418,买盘
13:22:25,35.69,-0.01,99,353363,卖盘
13:22:28,35.69,0.0,85,303349,卖盘
13:22:31,35.69,0.0,180,642266,买盘
13:22:34,35.68,-0.01,229,816861,买盘
13:22:37,35.67,-0.01,44,156959,卖盘
13:22:40,35.67,0.0,49,174783,卖盘
13:22:43,35.68,0.01,6,21408,中性盘
13:22:46,35.69,0.01,44,157022,买盘
13:22:52,35.69,0.0,17,60663,买盘
13:22:55,35.69,0.0,3,10707,买盘
13:22:58,35.68,-0.01,43,155571,卖盘
13:23:01,35.68,0.0,92,326116,卖盘
13:23:04,35.67,-0.01,34,121298,卖盘
13:23:07,35.67,0.0,68,242595,卖盘
13:23:10,35.68,0.01,10,35680,买盘
13:23:13,35.68,0.0,84,300325,买盘
13:23:16,35.7,0.02,895,3194260,买盘
13:23:19,35.67,-0.03,149,532186,卖盘
13:23:22,35.67,0.0,239,852252,卖盘
13:23:25,35.67,0.0,44,156948,卖盘
13:23:28,35.67,0.0,105,374543,卖盘
13:23:31,35.68,0.01,105,374558,中性盘
13:23:34,35.67,-0.01,28,99878,卖盘
13:23:37,35.67,0.0,104,370975,卖盘
13:23:40,35.67,0.0,54,193296,卖盘
13:23:43,35.66,-0.01,289,1030610,卖盘
13:23:46,35.65,-0.01,6,21390,买盘
13:23:49,35.67,0.02,126,449295,买盘
13:23:52,35.65,-0.02,31,110526,卖盘
13:23:55,35.65,0.0,25,89134,卖盘
13:23:58,35.65,0.0,26,92690,卖盘
13:24:01,35.65,0.0,18,64661,卖盘
13:24:04,35.68,0.03,84,298974,买盘
13:24:07,35.67,-0.01,29,103489,卖盘
13:24:10,35.66,-0.01,27,96291,卖盘
13:24:13,35.68,0.02,3,10705,卖盘
13:24:16,35.68,0.0,16,57088,卖盘
13:24:19,35.67,-0.01,77,273811,卖盘
13:24:22,35.67,0.0,32,114151,卖盘
13:24:25,35.66,-0.01,23,82019,买盘
13:24:28,35.66,0.0,51,181867,卖盘
13:24:31,35.66,0.0,8,28528,卖盘
13:24:34,35.66,0.0,11,39226,卖盘
13:24:37,35.67,0.01,15,53505,买盘
13:24:40,35.65,-0.02,922,3288692,卖盘
13:24:43,35.67,0.02,13,46365,买盘
13:24:46,35.66,-0.01,212,755860,卖盘
13:24:49,35.66,0.0,7,24966,卖盘
13:24:52,35.65,-0.01,56,199670,卖盘
13:24:55,35.66,0.01,24,85989,买盘
13:24:59,35.66,0.0,5,17830,买盘
13:25:01,35.65,-0.01,9,32085,卖盘
13:25:04,35.66,0.01,90,320940,买盘
13:25:07,35.65,-0.01,159,566838,卖盘
13:25:10,35.66,0.01,78,278093,买盘
13:25:13,35.66,0.0,75,266802,买盘
13:25:16,35.65,-0.01,11,39215,卖盘
13:25:19,35.65,0.0,32,114089,卖盘
13:25:22,35.66,0.01,28,98716,买盘
13:25:25,35.66,0.0,15,53482,买盘
13:25:28,35.66,0.0,17,60606,买盘
13:25:31,35.66,0.0,60,214429,买盘
13:25:34,35.66,0.0,72,256745,买盘
13:25:37,35.65,-0.01,16,57040,卖盘
13:25:40,35.66,0.01,104,372849,买盘
13:25:43,35.66,0.0,1,3566,买盘
13:25:46,35.66,0.0,43,151194,买盘
13:25:49,35.65,-0.01,46,164011,卖盘
13:25:52,35.66,0.01,27,96047,买盘
13:25:55,35.65,-0.01,48,171124,卖盘
13:25:58,35.66,0.01,31,110545,买盘
13:26:01,35.65,-0.01,16,57040,卖盘
13:26:04,35.66,0.01,145,517023,买盘
13:26:07,35.66,0.0,12,42792,买盘
13:26:10,35.66,0.0,85,303110,卖盘
13:26:13,35.66,0.0,35,124810,卖盘
13:26:16,35.67,0.01,28,99844,买盘
13:26:22,35.66,-0.01,12,42792,卖盘
13:26:25,35.67,0.01,17,61479,买盘
13:26:28,35.67,0.0,210,748691,买盘
13:26:31,35.66,-0.01,9,32094,卖盘
13:26:34,35.66,0.0,77,275709,买盘
13:26:37,35.66,0.0,23,82018,买盘
13:26:40,35.66,0.0,39,138872,买盘
13:26:43,35.66,0.0,65,231790,买盘
13:26:46,35.66,0.0,36,128362,买盘
13:26:49,35.66,0.0,61,216566,买盘
13:26:52,35.66,0.0,13,46353,买盘
13:26:55,35.65,-0.01,41,147173,卖盘
13:26:58,35.66,0.01,23,82016,买盘
13:27:01,35.65,-0.01,55,196110,卖盘
13:27:04,35.66,0.01,100,356647,买盘
13:27:07,35.66,0.0,19,67736,买盘
13:27:10,35.65,-0.01,127,452785,卖盘
13:27:13,35.66,0.01,38,135503,买盘
13:27:16,35.66,0.0,58,206798,买盘
13:27:19,35.66,0.0,109,388693,买盘
13:27:22,35.65,-0.01,332,1183596,卖盘
13:27:25,35.66,0.01,56,199671,买盘
13:27:28,35.65,-0.01,85,303028,卖盘
13:27:31,35.65,0.0,51,181815,卖盘
13:27:34,35.66,0.01,79,281658,买盘
13:27:37,35.65,-0.01,17,60605,卖盘
13:27:40,35.66,0.01,51,180332,买盘
13:27:43,35.66,0.0,18,64188,买盘
13:27:47,35.66,0.0,138,492087,买盘
13:27:49,35.65,-0.01,34,121434,卖盘
13:27:52,35.66,0.01,34,121213,买盘
13:27:55,35.66,0.0,26,94124,买盘
13:27:58,35.65,-0.01,54,192522,卖盘
13:28:01,35.65,0.0,113,399901,卖盘
13:28:04,35.65,0.0,112,399374,卖盘
13:28:07,35.66,0.01,59,210349,买盘
13:28:11,35.66,0.0,39,139074,买盘
13:28:13,35.66,0.0,10,35660,卖盘
13:28:16,35.67,0.01,19,67763,买盘
13:28:19,35.65,-0.02,95,338757,卖盘
13:28:22,35.66,0.01,40,142640,中性盘
13:28:28,35.65,-0.01,78,278357,卖盘
13:28:31,35.66,0.01,73,260254,买盘
13:28:34,35.65,-0.01,100,356507,卖盘
13:28:37,35.66,0.01,124,442419,买盘
13:28:40,35.65,-0.01,9,32086,卖盘
13:28:43,35.64,-0.01,571,2037951,卖盘
13:28:46,35.64,0.0,72,256620,卖盘
13:28:49,35.65,0.01,590,2102802,买盘
13:28:52,35.64,-0.01,62,219658,卖盘
13:28:55,35.64,0.0,220,784086,卖盘
13:28:58,35.64,0.0,20,70356,卖盘
13:29:01,35.64,0.0,75,267345,卖盘
13:29:04,35.63,-0.01,263,936648,卖盘
13:29:07,35.62,-0.01,597,2130434,卖盘
13:29:10,35.63,0.01,14,49882,买盘
13:29:16,35.63,0.0,51,178602,买盘
13:29:19,35.62,-0.01,28,99736,卖盘
13:29:22,35.63,0.01,70,249410,买盘
13:29:25,35.63,0.0,222,791667,买盘
13:29:28,35.63,0.0,12,42755,买盘
13:29:31,35.63,0.0,34,123004,买盘
13:29:34,35.62,-0.01,221,787234,卖盘
13:29:37,35.62,0.0,145,513487,卖盘
13:29:40,35.63,0.01,115,409745,买盘
13:29:43,35.63,0.0,26,95524,买盘
13:29:46,35.63,0.0,188,669844,卖盘
13:29:49,35.63,0.0,28,99764,卖盘
13:29:52,35.63,0.0,26,92638,卖盘
13:29:55,35.63,0.0,20,71260,卖盘
13:29:58,35.63,0.0,182,645580,卖盘
13:30:01,35.62,-0.01,43,155683,卖盘
13:30:04,35.63,0.01,99,352742,买盘
13:30:07,35.62,-0.01,196,698164,卖盘
13:30:10,35.63,0.01,6,21378,买盘
13:30:13,35.63,0.0,11,39191,买盘
13:30:16,35.63,0.0,68,242284,买盘
13:30:19,35.62,-0.01,7,24939,卖盘
13:30:22,35.63,0.01,65,231595,买盘
13:30:25,35.63,0.0,50,178112,买盘
13:30:28,35.63,0.0,23,81949,买盘
13:30:31,35.63,0.0,30,105272,买盘
13:30:34,35.63,0.0,12,42755,买盘
13:30:37,35.63,0.0,38,135507,买盘
13:30:40,35.63,0.0,33,117573,买盘
13:30:43,35.62,-0.01,75,267224,卖盘
13:30:46,35.62,0.0,77,275129,卖盘
13:30:49,35.63,0.01,6,21378,买盘
13:30:52,35.62,-0.01,37,132659,卖盘
13:30:55,35.63,0.01,24,85510,买盘
13:30:58,35.63,0.0,62,220102,买盘
13:31:01,35.62,-0.01,78,277836,卖盘
13:31:04,35.63,0.01,91,324231,买盘
13:31:07,35.63,0.0,49,174581,买盘
13:31:10,35.63,0.0,25,89072,买盘
13:31:13,35.63,0.0,21,74823,买盘
13:31:16,35.62,-0.01,131,466183,卖盘
13:31:19,35.63,0.01,77,274351,买盘
13:31:22,35.64,0.01,60,213798,买盘
13:31:25,35.63,-0.01,71,252903,买盘
13:31:28,35.62,-0.01,18,64119,卖盘
13:31:31,35.63,0.01,135,480921,买盘
13:31:34,35.63,0.0,18,64134,卖盘
13:31:37,35.63,0.0,17,60571,卖盘
13:31:40,35.63,0.0,100,356344,卖盘
13:31:46,35.64,0.01,55,195992,买盘
13:31:49,35.63,-0.01,35,124705,卖盘
13:31:52,35.64,0.01,83,295742,买盘
13:31:55,35.64,0.0,105,375088,买盘
13:31:58,35.62,-0.02,31,110446,卖盘
13:32:01,35.63,0.01,31,110430,中性盘
13:32:04,35.62,-0.01,168,598678,卖盘
13:32:07,35.63,0.01,5,17815,买盘
13:32:10,35.63,0.0,95,337942,买盘
13:32:13,35.63,0.0,23,81947,买盘
13:32:16,35.62,-0.01,31,110425,卖盘
13:32:19,35.62,0.0,31,110451,卖盘
13:32:22,35.63,0.01,36,128240,买盘
13:32:25,35.62,-0.01,72,256464,卖盘
13:32:28,35.62,0.0,78,278883,卖盘
13:32:31,35.62,0.0,49,174581,卖盘
13:32:34,35.63,0.01,23,81948,买盘
13:32:37,35.63,0.0,313,1115253,买盘
13:32:40,35.63,0.0,20,71260,卖盘
13:32:43,35.63,0.0,96,342212,卖盘
13:32:49,35.63,0.0,3,10690,卖盘
13:32:52,35.64,0.01,25,89100,买盘
13:32:55,35.65,0.01,22,78422,买盘
13:32:58,35.65,0.0,11,39205,买盘
13:33:01,35.64,-0.01,1,3564,卖盘
13:33:04,35.65,0.01,85,303025,买盘
13:33:07,35.65,0.0,15,53475,买盘
13:33:10,35.64,-0.01,37,131050,卖盘
13:33:13,35.64,0.0,2,7128,卖盘
13:33:17,35.64,0.0,105,374258,卖盘
13:33:19,35.64,0.0,29,103820,卖盘
13:33:22,35.65,0.01,23,81995,买盘
13:33:25,35.65,0.0,17,60605,买盘
13:33:28,35.64,-0.01,4,14256,卖盘
13:33:31,35.64,0.0,99,351566,卖盘
13:33:34,35.65,0.01,2,7130,买盘
13:33:40,35.64,-0.01,49,174197,卖盘
13:33:43,35.65,0.01,165,588225,买盘
13:33:46,35.64,-0.01,61,219410,卖盘
13:33:49,35.65,0.01,60,213900,买盘
13:33:52,35.64,-0.01,120,426185,卖盘
13:33:55,35.65,0.01,62,221028,买盘
13:33:58,35.64,-0.01,38,136252,卖盘
13:34:01,35.64,0.0,13,46334,卖盘
13:34:04,35.64,0.0,154,548085,卖盘
13:34:07,35.64,0.0,23,81973,卖盘
13:34:10,35.65,0.01,35,124775,买盘
13:34:13,35.64,-0.01,16,55707,卖盘
13:34:16,35.64,0.0,24,85543,卖盘
13:34:19,35.65,0.01,35,124775,买盘
13:34:22,35.64,-0.01,16,58450,卖盘
13:34:25,35.64,0.0,38,135433,卖盘
13:34:28,35.64,0.0,65,231673,卖盘
13:34:31,35.64,0.0,30,106566,卖盘
13:34:34,35.64,0.0,2,7128,卖盘
13:34:37,35.64,0.0,36,130455,卖盘
13:34:40,35.65,0.01,4,14259,买盘
13:34:43,35.65,0.0,53,188945,买盘
13:34:46,35.64,-0.01,24,83901,卖盘
13:34:52,35.65,0.01,39,139018,买盘
13:34:55,35.65,0.0,143,510080,买盘
13:34:58,35.66,0.01,20,71308,买盘
13:35:01,35.66,0.0,41,146204,买盘
13:35:04,35.66,0.0,84,299544,买盘
13:35:07,35.66,0.0,68,242488,买盘
13:35:10,35.65,-0.01,27,96266,卖盘
13:35:13,35.66,0.01,5,17830,买盘
13:35:16,35.66,0.0,61,217526,买盘
13:35:19,35.65,-0.01,8,28523,卖盘
13:35:22,35.66,0.01,23,82018,买盘
13:35:25,35.66,0.0,94,336770,买盘
13:35:28,35.66,0.0,11,39226,买盘
13:35:31,35.66,0.0,86,306280,买盘
13:35:34,35.65,-0.01,11,39216,卖盘
13:35:37,35.65,0.0,50,178250,卖盘
13:35:40,35.66,0.01,39,137699,买盘
