time,price,change,volume,amount,type
09:25:03,35.49,-0.15,4951,17571099,卖盘
09:30:02,35.49,0.0,2644,9382398,买盘
09:30:05,35.54,0.05,3789,13458751,买盘
09:30:08,35.55,0.01,2237,7946392,中性盘
09:30:11,35.61,0.06,6312,22417827,买盘
09:30:14,35.61,0.0,1200,4273200,卖盘
09:30:17,35.67,0.06,2315,8247657,买盘
09:30:20,35.68,0.01,225,802664,买盘
09:30:23,35.69,0.01,604,2154807,买盘
09:30:26,35.67,-0.02,1526,5442966,中性盘
09:30:29,35.67,0.0,422,1505025,买盘
09:30:32,35.65,-0.02,448,1597213,中性盘
09:30:35,35.63,-0.02,835,2974935,卖盘
09:30:38,35.65,0.02,708,2523259,买盘
09:30:41,35.61,-0.04,475,1691987,卖盘
09:30:44,35.6,-0.01,824,2932457,卖盘
09:30:47,35.6,0.0,166,590998,买盘
09:30:50,35.6,0.0,266,946933,买盘
09:30:53,35.59,-0.01,455,1618360,卖盘
09:30:56,35.55,-0.04,440,1564123,卖盘
09:30:59,35.55,0.0,75,266506,买盘
09:31:02,35.59,0.04,376,1338384,买盘
09:31:05,35.55,-0.04,571,2030562,卖盘
09:31:08,35.55,0.0,100,355599,卖盘
09:31:11,35.55,0.0,407,1448460,卖盘
09:31:15,35.59,0.04,590,2099589,买盘
09:31:17,35.58,-0.01,323,1149526,卖盘
09:31:20,35.58,0.0,380,1351527,买盘
09:31:23,35.61,0.03,402,1431161,买盘
09:31:26,35.6,-0.01,226,804784,卖盘
09:31:29,35.62,0.02,1742,6193839,买盘
09:31:32,35.63,0.01,561,1999636,买盘
09:31:35,35.6,-0.03,596,2122078,卖盘
09:31:38,35.65,0.05,915,3261485,买盘
09:31:41,35.65,0.0,322,1148655,买盘
09:31:44,35.6,-0.05,589,2099603,卖盘
09:31:47,35.66,0.06,118,420539,买盘
09:31:50,35.65,-0.01,571,2036643,中性盘
09:31:53,35.62,-0.03,123,438228,卖盘
09:31:57,35.66,0.04,664,2366565,买盘
09:31:59,35.62,-0.04,216,769510,卖盘
09:32:02,35.65,0.03,233,830829,买盘
09:32:05,35.66,0.01,279,993518,买盘
09:32:08,35.65,-0.01,116,414342,卖盘
09:32:12,35.65,0.0,257,916159,买盘
09:32:15,35.65,0.0,373,1329506,买盘
09:32:17,35.65,0.0,460,1639334,买盘
09:32:21,35.63,-0.02,88,311484,中性盘
09:32:23,35.64,0.01,596,2124910,买盘
09:32:26,35.66,0.02,465,1656870,买盘
09:32:29,35.66,0.0,420,1497609,买盘
09:32:32,35.66,0.0,208,741617,买盘
09:32:35,35.66,0.0,333,1187468,买盘
09:32:38,35.67,0.01,407,1451228,买盘
09:32:41,35.67,0.0,374,1335695,买盘
09:32:44,35.69,0.02,836,2983196,买盘
09:32:47,35.69,0.0,203,724268,买盘
09:32:50,35.69,0.0,358,1275920,买盘
09:32:53,35.67,-0.02,652,2325543,卖盘
09:32:56,35.67,0.0,203,726476,买盘
09:32:59,35.64,-0.03,1151,4103642,卖盘
09:33:02,35.64,0.0,272,967206,卖盘
09:33:05,35.65,0.01,144,513541,买盘
09:33:08,35.63,-0.02,80,285140,卖盘
09:33:11,35.63,0.0,642,2288967,卖盘
09:33:14,35.63,0.0,480,1710932,卖盘
09:33:17,35.6,-0.03,174,622327,卖盘
09:33:20,35.6,0.0,641,2282437,卖盘
09:33:24,35.62,0.02,392,1396625,买盘
09:33:27,35.63,0.01,99,352555,中性盘
09:33:30,35.6,-0.03,354,1260848,卖盘
09:33:33,35.65,0.05,1390,4950012,买盘
09:33:36,35.64,-0.01,226,805393,中性盘
09:33:38,35.64,0.0,170,606774,卖盘
09:33:42,35.64,0.0,167,595247,卖盘
09:33:44,35.6,-0.04,1895,6757502,卖盘
09:33:47,35.65,0.05,111,395659,卖盘
09:33:51,35.65,0.0,181,646160,买盘
09:33:54,35.66,0.01,505,1800600,买盘
09:33:56,35.65,-0.01,820,2923713,卖盘
09:33:59,35.65,0.0,322,1148021,卖盘
09:34:02,35.65,0.0,367,1308283,买盘
09:34:05,35.63,-0.02,60,212975,买盘
09:34:09,35.64,0.01,126,446562,卖盘
09:34:11,35.63,-0.01,123,438386,卖盘
09:34:14,35.64,0.01,228,812802,买盘
09:34:18,35.63,-0.01,68,242370,卖盘
09:34:20,35.65,0.02,127,452599,买盘
09:34:23,35.64,-0.01,184,655332,买盘
09:34:27,35.65,0.01,580,2067653,买盘
09:34:30,35.62,-0.03,374,1332892,卖盘
09:34:32,35.64,0.02,372,1325724,买盘
09:34:36,35.61,-0.03,76,270694,卖盘
09:34:39,35.62,0.01,36,128192,卖盘
09:34:41,35.64,0.02,1845,6571434,买盘
09:34:44,35.62,-0.02,200,712784,卖盘
09:34:48,35.61,-0.01,586,2087295,卖盘
09:34:51,35.61,0.0,81,288030,买盘
09:34:53,35.61,0.0,364,1296333,买盘
09:34:57,35.61,0.0,214,761964,卖盘
09:34:59,35.61,0.0,100,356514,买盘
09:35:02,35.6,-0.01,886,3154238,卖盘
09:35:05,35.59,-0.01,578,2057483,卖盘
09:35:08,35.59,0.0,54,194761,卖盘
09:35:12,35.59,0.0,534,1898909,买盘
09:35:14,35.57,-0.02,214,762417,卖盘
09:35:18,35.57,0.0,87,309487,卖盘
09:35:21,35.55,-0.02,307,1091008,卖盘
09:35:23,35.56,0.01,12,42669,买盘
09:35:27,35.56,0.0,141,500849,买盘
09:35:28,35.55,-0.01,501,1781085,卖盘
09:35:33,35.55,0.0,227,805075,卖盘
09:35:35,35.54,-0.01,524,1865458,卖盘
09:35:39,35.53,-0.01,147,522826,卖盘
09:35:42,35.52,-0.01,1155,4104066,卖盘
09:35:45,35.53,0.01,529,1879125,卖盘
09:35:48,35.53,0.0,777,2758188,卖盘
09:35:51,35.53,0.0,293,1041000,卖盘
09:35:54,35.52,-0.01,620,2204570,卖盘
09:35:56,35.51,-0.01,851,3022635,卖盘
09:35:59,35.5,-0.01,68,241417,卖盘
09:36:03,35.5,0.0,974,3457744,卖盘
09:36:05,35.51,0.01,306,1086672,买盘
09:36:09,35.51,0.0,260,923330,卖盘
09:36:12,35.51,0.0,77,273396,卖盘
09:36:15,35.49,-0.02,3614,12829252,卖盘
09:36:18,35.5,0.01,1152,4088429,买盘
09:36:21,35.5,0.0,44,156195,买盘
09:36:24,35.5,0.0,78,276865,买盘
09:36:26,35.49,-0.01,306,1086281,卖盘
09:36:30,35.5,0.01,187,663832,买盘
09:36:32,35.5,0.0,212,752564,卖盘
09:36:36,35.5,0.0,334,1185512,卖盘
09:36:39,35.5,0.0,136,482545,买盘
09:36:43,35.5,0.0,484,1718174,买盘
09:36:45,35.49,-0.01,1027,3646172,卖盘
09:36:48,35.5,0.01,463,1643297,买盘
09:36:51,35.5,0.0,140,497004,卖盘
09:36:54,35.52,0.02,102,361606,买盘
09:36:58,35.51,-0.01,677,2404005,卖盘
09:37:00,35.5,-0.01,174,617665,卖盘
09:37:02,35.5,0.0,534,1894823,买盘
09:37:06,35.5,0.0,479,1700540,卖盘
09:37:09,35.5,0.0,236,840382,卖盘
09:37:12,35.5,0.0,295,1046631,卖盘
09:37:15,35.5,0.0,689,2445913,卖盘
09:37:18,35.5,0.0,549,1948625,买盘
09:37:21,35.5,0.0,184,653220,买盘
09:37:23,35.5,0.0,261,926427,卖盘
09:37:27,35.5,0.0,355,1260061,卖盘
09:37:30,35.5,0.0,118,418900,卖盘
09:37:33,35.52,0.02,441,1566771,买盘
09:37:36,35.5,-0.02,75,264155,卖盘
09:37:39,35.5,0.0,546,1939196,卖盘
09:37:42,35.51,0.01,162,575338,卖盘
09:37:45,35.51,0.0,161,571729,卖盘
09:37:48,35.51,0.0,367,1302758,卖盘
09:37:51,35.51,0.0,76,269936,卖盘
09:37:54,35.51,0.0,102,362282,卖盘
09:37:56,35.52,0.01,124,440427,买盘
09:38:00,35.51,-0.01,442,1570088,卖盘
09:38:03,35.52,0.01,257,912532,卖盘
09:38:05,35.52,0.0,231,820608,买盘
09:38:10,35.53,0.01,125,444025,买盘
09:38:12,35.53,0.0,529,1880652,买盘
09:38:15,35.53,0.0,139,493875,卖盘
09:38:18,35.54,0.01,198,703504,买盘
09:38:21,35.54,0.0,417,1479376,买盘
09:38:24,35.53,-0.01,177,628934,中性盘
09:38:27,35.52,-0.01,288,1025113,卖盘
09:38:30,35.52,0.0,54,191940,卖盘
09:38:33,35.5,-0.02,484,1716712,卖盘
09:38:36,35.5,0.0,604,2146833,卖盘
09:38:39,35.5,0.0,869,3085264,卖盘
09:38:42,35.51,0.01,639,2267676,买盘
09:38:45,35.49,-0.02,580,2059567,卖盘
09:38:48,35.5,0.01,795,2822619,买盘
09:38:51,35.49,-0.01,694,2461445,卖盘
09:38:54,35.47,-0.02,1057,3750070,卖盘
09:38:57,35.46,-0.01,396,1404643,卖盘
09:39:00,35.48,0.02,59,209287,买盘
09:39:03,35.48,0.0,107,379569,买盘
09:39:06,35.48,0.0,181,642022,买盘
09:39:09,35.48,0.0,185,656258,买盘
09:39:12,35.46,-0.02,222,787268,卖盘
09:39:15,35.48,0.02,205,727345,买盘
09:39:18,35.48,0.0,142,503822,卖盘
09:39:21,35.48,0.0,82,290936,卖盘
09:39:24,35.48,0.0,431,1529326,卖盘
09:39:27,35.48,0.0,296,1050260,卖盘
09:39:30,35.49,0.01,78,276784,买盘
09:39:33,35.48,-0.01,122,432885,卖盘
09:39:36,35.49,0.01,97,344180,买盘
09:39:39,35.48,-0.01,184,652865,卖盘
09:39:42,35.47,-0.01,158,560508,卖盘
09:39:45,35.48,0.01,46,163162,买盘
09:39:48,35.48,0.0,720,2554617,买盘
09:39:51,35.45,-0.03,502,1779977,卖盘
09:39:54,35.46,0.01,278,985608,买盘
09:39:57,35.46,0.0,396,1404713,买盘
09:40:00,35.46,0.0,105,372342,卖盘
09:40:04,35.45,-0.01,500,1772665,卖盘
09:40:06,35.45,0.0,208,737481,卖盘
09:40:09,35.46,0.01,311,1102915,买盘
09:40:12,35.46,0.0,102,361636,买盘
09:40:15,35.45,-0.01,803,2846677,卖盘
09:40:18,35.43,-0.02,839,2973393,卖盘
09:40:21,35.42,-0.01,1240,4391330,卖盘
09:40:24,35.42,0.0,149,527664,买盘
09:40:27,35.42,0.0,65,230230,买盘
09:40:30,35.41,-0.01,303,1072966,卖盘
09:40:33,35.42,0.01,206,729519,买盘
09:40:36,35.42,0.0,219,775496,买盘
09:40:39,35.41,-0.01,60,212483,卖盘
09:40:42,35.42,0.01,91,322241,买盘
09:40:45,35.41,-0.01,363,1285431,卖盘
09:40:48,35.42,0.01,1627,5759942,买盘
09:40:51,35.42,0.0,298,1055291,买盘
09:40:54,35.41,-0.01,97,343462,卖盘
09:40:57,35.4,-0.01,305,1079846,卖盘
09:41:00,35.4,0.0,84,297382,卖盘
09:41:03,35.41,0.01,296,1047957,买盘
09:41:06,35.4,-0.01,423,1497324,卖盘
09:41:09,35.4,0.0,309,1093874,卖盘
09:41:12,35.39,-0.01,124,438956,卖盘
09:41:15,35.4,0.01,107,378737,买盘
09:41:18,35.4,0.0,429,1518530,买盘
09:41:21,35.4,0.0,170,601857,买盘
09:41:24,35.4,0.0,263,934082,卖盘
09:41:27,35.4,0.0,384,1359111,卖盘
09:41:30,35.4,0.0,51,180551,卖盘
09:41:33,35.41,0.01,132,467292,买盘
09:41:36,35.4,-0.01,438,1550731,卖盘
09:41:39,35.41,0.01,153,541726,买盘
09:41:42,35.41,0.0,274,970165,买盘
09:41:45,35.41,0.0,386,1366642,卖盘
09:41:48,35.42,0.01,164,580775,买盘
09:41:51,35.42,0.0,33,116856,买盘
09:41:54,35.42,0.0,237,839450,买盘
09:41:57,35.42,0.0,107,378944,买盘
09:42:00,35.43,0.01,56,198375,买盘
09:42:03,35.41,-0.02,745,2638383,卖盘
09:42:06,35.43,0.02,382,1353113,买盘
09:42:09,35.44,0.01,230,814756,买盘
09:42:12,35.42,-0.02,97,343693,卖盘
09:42:15,35.42,0.0,476,1685245,卖盘
09:42:18,35.43,0.01,58,205476,中性盘
09:42:21,35.43,0.0,124,439349,卖盘
09:42:24,35.44,0.01,108,382613,买盘
09:42:27,35.42,-0.02,362,1282282,卖盘
09:42:30,35.44,0.02,61,216127,买盘
09:42:33,35.43,-0.01,333,1179860,卖盘
09:42:36,35.43,0.0,1062,3761276,卖盘
09:42:39,35.43,0.0,22,77951,卖盘
09:42:42,35.42,-0.01,81,286895,卖盘
09:42:45,35.41,-0.01,401,1420027,卖盘
09:42:48,35.42,0.01,81,286853,中性盘
09:42:51,35.43,0.01,1141,4044469,买盘
09:42:54,35.42,-0.01,93,329440,卖盘
09:42:57,35.43,0.01,137,485393,卖盘
09:43:00,35.41,-0.02,146,517203,卖盘
09:43:03,35.43,0.02,233,825812,中性盘
09:43:06,35.42,-0.01,161,570191,卖盘
09:43:09,35.41,-0.01,124,439166,卖盘
09:43:12,35.41,0.0,305,1080101,卖盘
09:43:15,35.42,0.01,1258,4458610,买盘
09:43:18,35.42,0.0,73,258580,卖盘
09:43:21,35.42,0.0,21,74382,卖盘
09:43:24,35.43,0.01,70,247996,中性盘
09:43:27,35.44,0.01,90,318944,买盘
09:43:30,35.44,0.0,38,134653,卖盘
09:43:33,35.44,0.0,134,474862,买盘
09:43:36,35.43,-0.01,252,893068,卖盘
09:43:39,35.44,0.01,30,106320,卖盘
09:43:42,35.44,0.0,71,251602,买盘
09:43:45,35.43,-0.01,543,1923310,卖盘
09:43:48,35.44,0.01,173,613185,买盘
09:43:51,35.44,0.0,2012,7128872,卖盘
09:43:54,35.45,0.01,26,92163,买盘
09:43:57,35.44,-0.01,40,141770,卖盘
09:44:00,35.45,0.01,132,467828,买盘
09:44:03,35.45,0.0,591,2095874,买盘
09:44:06,35.45,0.0,304,1076871,卖盘
09:44:08,35.44,-0.01,19,67061,卖盘
09:44:12,35.46,0.02,177,627513,买盘
09:44:15,35.45,-0.01,52,184310,中性盘
09:44:18,35.45,0.0,55,192739,中性盘
09:44:21,35.44,-0.01,71,253182,卖盘
09:44:24,35.44,0.0,207,733629,卖盘
09:44:27,35.44,0.0,62,219743,卖盘
09:44:30,35.44,0.0,49,173983,卖盘
09:44:33,35.45,0.01,87,308365,买盘
09:44:36,35.44,-0.01,109,386298,卖盘
09:44:39,35.44,0.0,159,563367,卖盘
09:44:42,35.44,0.0,36,127584,买盘
09:44:45,35.44,0.0,386,1367453,买盘
09:44:48,35.44,0.0,23,81510,买盘
09:44:51,35.43,-0.01,110,390098,卖盘
09:44:54,35.44,0.01,117,414606,买盘
09:44:57,35.43,-0.01,178,630811,卖盘
09:45:00,35.43,0.0,188,666582,卖盘
09:45:03,35.43,0.0,761,2696914,卖盘
09:45:06,35.41,-0.02,528,1869679,卖盘
09:45:09,35.4,-0.01,358,1267826,卖盘
09:45:12,35.39,-0.01,1756,6214582,卖盘
09:45:15,35.39,0.0,58,205289,卖盘
09:45:18,35.4,0.01,104,368081,买盘
09:45:21,35.39,-0.01,124,439751,卖盘
09:45:24,35.39,0.0,298,1054648,卖盘
09:45:27,35.39,0.0,362,1279675,卖盘
09:45:30,35.4,0.01,91,322098,买盘
09:45:33,35.39,-0.01,134,474240,卖盘
09:45:36,35.38,-0.01,239,845659,卖盘
09:45:39,35.39,0.01,438,1550682,买盘
09:45:42,35.38,-0.01,187,661661,卖盘
09:45:45,35.38,0.0,898,3178699,卖盘
09:45:48,35.38,0.0,119,421072,卖盘
09:45:51,35.37,-0.01,405,1429788,卖盘
09:45:54,35.39,0.02,158,561781,买盘
09:45:57,35.39,0.0,115,403912,卖盘
09:46:00,35.39,0.0,439,1554045,卖盘
09:46:03,35.39,0.0,345,1220832,卖盘
09:46:06,35.37,-0.02,147,520810,卖盘
09:46:09,35.39,0.02,274,969613,买盘
09:46:13,35.38,-0.01,10,35380,中性盘
09:46:15,35.38,0.0,126,445908,卖盘
09:46:18,35.38,0.0,85,300732,卖盘
09:46:21,35.38,0.0,66,235001,卖盘
09:46:24,35.38,0.0,307,1086156,卖盘
09:46:27,35.38,0.0,67,236050,卖盘
09:46:30,35.38,0.0,79,279497,买盘
09:46:33,35.39,0.01,676,2391791,买盘
09:46:36,35.37,-0.02,164,580288,卖盘
09:46:39,35.39,0.02,41,145083,买盘
09:46:43,35.38,-0.01,13,45994,卖盘
09:46:45,35.38,0.0,308,1089344,卖盘
09:46:48,35.39,0.01,79,279531,买盘
09:46:51,35.37,-0.02,137,484337,卖盘
09:46:54,35.38,0.01,101,357325,买盘
09:46:57,35.37,-0.01,52,183943,卖盘
09:47:00,35.37,0.0,53,187312,卖盘
09:47:03,35.37,0.0,149,527015,卖盘
09:47:06,35.38,0.01,594,2101225,买盘
09:47:09,35.38,0.0,142,502410,卖盘
09:47:12,35.38,0.0,113,399801,卖盘
09:47:15,35.38,0.0,82,290136,卖盘
09:47:18,35.38,0.0,47,166313,卖盘
09:47:21,35.38,0.0,210,742980,卖盘
09:47:24,35.38,0.0,121,428098,买盘
09:47:27,35.37,-0.01,343,1214501,卖盘
09:47:30,35.38,0.01,137,484703,买盘
09:47:33,35.37,-0.01,100,353719,卖盘
09:47:36,35.37,0.0,278,983543,卖盘
09:47:39,35.38,0.01,374,1323068,买盘
09:47:42,35.37,-0.01,90,318395,卖盘
09:47:45,35.37,0.0,513,1814564,卖盘
09:47:48,35.37,0.0,69,242696,卖盘
09:47:51,35.38,0.01,245,866810,买盘
09:47:54,35.39,0.01,48,169829,买盘
09:47:57,35.38,-0.01,44,156954,卖盘
09:48:00,35.38,0.0,51,180465,卖盘
09:48:03,35.38,0.0,216,762853,卖盘
09:48:06,35.39,0.01,412,1457670,买盘
09:48:09,35.38,-0.01,43,154287,卖盘
09:48:12,35.39,0.01,105,371521,买盘
09:48:15,35.38,-0.01,407,1439936,卖盘
09:48:18,35.39,0.01,107,378660,买盘
09:48:21,35.39,0.0,260,920137,买盘
09:48:24,35.39,0.0,501,1772961,买盘
09:48:27,35.4,0.01,638,2258185,买盘
09:48:30,35.38,-0.02,307,1086441,卖盘
09:48:33,35.38,0.0,192,679334,卖盘
09:48:36,35.39,0.01,119,421188,买盘
09:48:39,35.4,0.01,20,70800,买盘
09:48:42,35.39,-0.01,1,3539,卖盘
09:48:45,35.39,0.0,355,1256898,卖盘
09:48:48,35.39,0.0,60,212360,卖盘
09:48:51,35.4,0.01,475,1679794,买盘
09:48:54,35.39,-0.01,221,782239,卖盘
09:48:57,35.4,0.01,1002,3546580,买盘
09:49:00,35.4,0.0,287,1015863,卖盘
09:49:03,35.4,0.0,50,177034,卖盘
09:49:06,35.41,0.01,332,1175145,买盘
09:49:09,35.42,0.01,32,113294,买盘
09:49:12,35.42,0.0,62,219570,买盘
09:49:15,35.41,-0.01,69,244349,卖盘
09:49:18,35.43,0.02,300,1062840,买盘
09:49:21,35.41,-0.02,114,403766,卖盘
09:49:24,35.41,0.0,59,208987,卖盘
09:49:27,35.42,0.01,269,952403,中性盘
09:49:30,35.43,0.01,80,283313,买盘
09:49:33,35.42,-0.01,130,460048,中性盘
09:49:36,35.43,0.01,72,255163,中性盘
09:49:39,35.43,0.0,25,89214,卖盘
09:49:42,35.42,-0.01,343,1215883,卖盘
09:49:45,35.42,0.0,373,1321804,买盘
09:49:48,35.42,0.0,164,580880,卖盘
09:49:51,35.43,0.01,79,279884,买盘
09:49:54,35.43,0.0,120,425076,买盘
09:49:57,35.43,0.0,57,201965,买盘
09:50:00,35.44,0.01,13,46072,买盘
09:50:03,35.41,-0.03,1928,6829360,卖盘
09:50:06,35.42,0.01,766,2711343,买盘
09:50:09,35.42,0.0,90,318766,买盘
09:50:12,35.41,-0.01,76,269126,卖盘
09:50:15,35.41,0.0,322,1140241,买盘
09:50:18,35.39,-0.02,999,3537313,卖盘
09:50:21,35.39,0.0,30,104609,买盘
09:50:24,35.39,0.0,82,290198,买盘
09:50:27,35.39,0.0,293,1036642,买盘
09:50:30,35.38,-0.01,589,2084779,卖盘
09:50:33,35.38,0.0,552,1952814,买盘
09:50:36,35.37,-0.01,71,251183,卖盘
09:50:39,35.37,0.0,79,278576,卖盘
09:50:42,35.38,0.01,405,1432893,买盘
09:50:45,35.38,0.0,402,1422276,卖盘
09:50:48,35.39,0.01,492,1741240,买盘
09:50:51,35.38,-0.01,68,240596,卖盘
09:50:54,35.39,0.01,95,337072,买盘
09:50:57,35.38,-0.01,60,212287,卖盘
09:51:00,35.39,0.01,26,91468,买盘
09:51:03,35.39,0.0,151,534338,买盘
09:51:06,35.39,0.0,366,1293217,买盘
09:51:09,35.38,-0.01,393,1390434,卖盘
09:51:12,35.38,0.0,63,224494,卖盘
09:51:15,35.39,0.01,54,191063,买盘
09:51:18,35.38,-0.01,70,246176,卖盘
09:51:21,35.39,0.01,82,290143,买盘
09:51:24,35.38,-0.01,217,769629,卖盘
09:51:27,35.38,0.0,359,1271059,卖盘
09:51:30,35.38,0.0,463,1637485,卖盘
09:51:33,35.36,-0.02,2815,9952917,卖盘
09:51:36,35.36,0.0,273,967544,买盘
09:51:39,35.36,0.0,87,307624,买盘
09:51:42,35.35,-0.01,79,279327,卖盘
09:51:45,35.36,0.01,417,1472546,买盘
09:51:48,35.36,0.0,69,243980,买盘
09:51:51,35.36,0.0,106,374759,买盘
09:51:54,35.36,0.0,97,343289,买盘
09:51:57,35.35,-0.01,124,438361,卖盘
09:52:00,35.35,0.0,50,176790,卖盘
09:52:03,35.35,0.0,131,463137,卖盘
09:52:06,35.35,0.0,1977,6987873,卖盘
09:52:09,35.35,0.0,101,357026,买盘
09:52:12,35.35,0.0,77,272195,买盘
09:52:15,35.34,-0.01,117,414295,卖盘
09:52:18,35.34,0.0,408,1441136,卖盘
09:52:21,35.34,0.0,366,1293666,买盘
09:52:24,35.34,0.0,559,1974743,买盘
09:52:27,35.33,-0.01,360,1271996,卖盘
09:52:30,35.33,0.0,446,1576055,卖盘
09:52:33,35.33,0.0,427,1510007,买盘
09:52:36,35.33,0.0,333,1176280,卖盘
09:52:39,35.33,0.0,232,819453,中性盘
09:52:42,35.33,0.0,120,423956,买盘
09:52:45,35.32,-0.01,1235,4361568,卖盘
09:52:48,35.33,0.01,214,755816,买盘
09:52:51,35.33,0.0,78,277037,买盘
09:52:54,35.32,-0.01,147,518342,卖盘
09:52:57,35.32,0.0,95,335540,买盘
09:53:00,35.32,0.0,78,275496,买盘
09:53:03,35.32,0.0,156,549493,买盘
09:53:06,35.31,-0.01,1189,4199037,卖盘
09:53:09,35.33,0.02,396,1398743,买盘
09:53:12,35.32,-0.01,94,331960,卖盘
09:53:15,35.32,0.0,2079,7339338,卖盘
09:53:18,35.32,0.0,72,254327,中性盘
09:53:21,35.32,0.0,38,135216,买盘
09:53:24,35.32,0.0,490,1729952,买盘
09:53:27,35.31,-0.01,413,1458152,卖盘
09:53:30,35.32,0.01,198,699816,买盘
09:53:33,35.31,-0.01,68,240161,卖盘
09:53:36,35.32,0.01,17,60038,中性盘
09:53:39,35.31,-0.01,405,1429460,卖盘
09:53:42,35.31,0.0,232,819134,买盘
09:53:45,35.31,0.0,458,1616835,买盘
09:53:48,35.31,0.0,347,1225823,买盘
09:53:51,35.31,0.0,102,360192,卖盘
09:53:54,35.3,-0.01,135,476681,卖盘
09:53:57,35.32,0.02,419,1479020,买盘
09:54:00,35.32,0.0,28,98878,买盘
09:54:03,35.32,0.0,127,448465,买盘
09:54:06,35.32,0.0,322,1135429,买盘
09:54:09,35.32,0.0,52,183644,买盘
09:54:12,35.32,0.0,253,893557,买盘
09:54:15,35.32,0.0,19,66260,卖盘
09:54:18,35.32,0.0,1693,5976810,卖盘
09:54:21,35.32,0.0,59,208391,卖盘
09:54:24,35.32,0.0,49,174754,卖盘
09:54:27,35.32,0.0,147,519234,卖盘
09:54:30,35.32,0.0,160,565125,卖盘
09:54:33,35.33,0.01,121,426260,买盘
09:54:36,35.33,0.0,39,137773,买盘
09:54:39,35.33,0.0,198,698228,买盘
09:54:42,35.33,0.0,221,780688,买盘
09:54:45,35.31,-0.02,613,2167859,卖盘
09:54:48,35.31,0.0,62,218922,买盘
09:54:51,35.32,0.01,550,1942608,买盘
09:54:54,35.31,-0.01,32,112427,卖盘
09:54:57,35.32,0.01,82,289616,买盘
09:55:00,35.31,-0.01,58,204805,卖盘
09:55:03,35.31,0.0,334,1176713,卖盘
09:55:06,35.32,0.01,329,1161769,买盘
09:55:09,35.32,0.0,256,906742,买盘
09:55:12,35.32,0.0,73,257836,卖盘
09:55:15,35.33,0.01,91,321440,买盘
09:55:18,35.32,-0.01,80,282587,卖盘
09:55:21,35.33,0.01,96,339088,买盘
09:55:24,35.33,0.0,91,321473,买盘
09:55:27,35.33,0.0,164,579280,卖盘
09:55:30,35.34,0.01,5,17668,买盘
09:55:33,35.33,-0.01,50,175812,卖盘
09:55:36,35.33,0.0,193,681919,卖盘
09:55:39,35.33,0.0,106,374508,卖盘
09:55:42,35.34,0.01,49,173910,买盘
09:55:45,35.32,-0.02,304,1073917,卖盘
09:55:48,35.34,0.02,121,427553,买盘
09:55:51,35.34,0.0,64,224449,买盘
09:55:54,35.34,0.0,87,307381,买盘
09:55:57,35.34,0.0,79,279131,买盘
09:56:00,35.33,-0.01,185,653152,卖盘
09:56:03,35.33,0.0,60,212037,卖盘
09:56:06,35.33,0.0,253,893747,卖盘
09:56:09,35.34,0.01,132,468479,买盘
09:56:12,35.34,0.0,81,286981,买盘
09:56:15,35.33,-0.01,52,181260,卖盘
09:56:18,35.33,0.0,66,233179,卖盘
09:56:21,35.33,0.0,113,399026,卖盘
09:56:24,35.33,0.0,74,261456,卖盘
09:56:27,35.33,0.0,364,1286826,卖盘
09:56:30,35.33,0.0,63,222630,卖盘
09:56:33,35.33,0.0,22,77729,卖盘
09:56:36,35.33,0.0,473,1669832,卖盘
09:56:39,35.33,0.0,103,364340,卖盘
09:56:42,35.33,0.0,82,289443,买盘
09:56:45,35.33,0.0,312,1102000,买盘
09:56:48,35.33,0.0,228,808587,买盘
09:56:51,35.32,-0.01,223,786823,卖盘
09:56:54,35.32,0.0,105,370948,卖盘
09:56:57,35.33,0.01,66,233157,买盘
09:57:00,35.33,0.0,109,385162,卖盘
09:57:03,35.33,0.0,36,127046,卖盘
09:57:06,35.33,0.0,505,1783797,卖盘
09:57:09,35.33,0.0,83,293212,买盘
09:57:12,35.33,0.0,52,183704,买盘
09:57:15,35.33,0.0,83,293217,买盘
09:57:18,35.33,0.0,58,205413,买盘
09:57:21,35.32,-0.01,94,332033,卖盘
09:57:24,35.33,0.01,115,403413,买盘
09:57:27,35.32,-0.01,432,1525954,卖盘
09:57:30,35.33,0.01,86,303831,买盘
09:57:33,35.33,0.0,70,247310,卖盘
09:57:36,35.33,0.0,63,222580,卖盘
09:57:39,35.34,0.01,53,187951,买盘
09:57:42,35.33,-0.01,214,756278,卖盘
09:57:45,35.34,0.01,263,929189,买盘
09:57:48,35.34,0.0,56,198590,买盘
09:57:51,35.32,-0.02,299,1056273,卖盘
09:57:54,35.34,0.02,65,229672,买盘
09:57:57,35.33,-0.01,35,122783,中性盘
09:58:00,35.33,0.0,28,99819,卖盘
09:58:03,35.33,0.0,28,98911,买盘
09:58:06,35.32,-0.01,309,1091392,卖盘
09:58:09,35.32,0.0,146,516044,卖盘
09:58:12,35.32,0.0,131,461700,卖盘
09:58:15,35.33,0.01,189,669525,买盘
09:58:18,35.32,-0.01,150,529734,中性盘
09:58:21,35.31,-0.01,114,402628,卖盘
09:58:24,35.32,0.01,192,677759,买盘
09:58:27,35.33,0.01,702,2478811,买盘
09:58:31,35.32,-0.01,59,208376,卖盘
09:58:33,35.32,0.0,62,218984,买盘
09:58:36,35.32,0.0,142,501821,卖盘
09:58:39,35.32,0.0,70,247240,卖盘
09:58:42,35.32,0.0,87,307299,买盘
09:58:45,35.32,0.0,397,1402563,买盘
09:58:48,35.33,0.01,37,130684,买盘
09:58:51,35.32,-0.01,23,81247,中性盘
09:58:54,35.32,0.0,39,137662,卖盘
09:58:57,35.32,0.0,15,52970,买盘
09:59:00,35.32,0.0,139,490943,买盘
09:59:03,35.31,-0.01,83,293146,卖盘
09:59:06,35.32,0.01,468,1652773,买盘
09:59:09,35.31,-0.01,55,194254,卖盘
09:59:12,35.32,0.01,103,363753,买盘
09:59:15,35.32,0.0,325,1148121,买盘
09:59:18,35.33,0.01,49,173059,买盘
09:59:21,35.32,-0.01,52,183664,卖盘
09:59:24,35.33,0.01,121,427897,买盘
09:59:27,35.34,0.01,312,1102043,买盘
09:59:30,35.33,-0.01,132,466356,卖盘
09:59:33,35.33,0.0,39,134466,卖盘
09:59:36,35.33,0.0,16,56533,卖盘
09:59:39,35.34,0.01,134,473394,买盘
09:59:42,35.33,-0.01,70,249098,中性盘
09:59:45,35.33,0.0,59,208447,买盘
09:59:48,35.32,-0.01,290,1023809,卖盘
09:59:51,35.32,0.0,64,228064,卖盘
09:59:54,35.32,0.0,98,346132,买盘
09:59:57,35.32,0.0,127,448568,买盘
10:00:00,35.32,0.0,44,155403,买盘
10:00:03,35.32,0.0,125,441438,卖盘
10:00:06,35.33,0.01,366,1292588,买盘
10:00:09,35.32,-0.01,15,52980,卖盘
10:00:12,35.32,0.0,29,100875,卖盘
10:00:15,35.32,0.0,131,462695,卖盘
10:00:18,35.32,0.0,111,390906,买盘
10:00:21,35.33,0.01,57,201330,买盘
10:00:24,35.32,-0.01,97,344608,卖盘
10:00:27,35.32,0.0,300,1059647,卖盘
10:00:30,35.33,0.01,43,150593,买盘
10:00:33,35.33,0.0,48,169564,买盘
10:00:36,35.32,-0.01,144,510527,卖盘
10:00:39,35.33,0.01,255,900687,买盘
10:00:42,35.32,-0.01,18,61005,卖盘
10:00:45,35.31,-0.01,298,1052453,卖盘
10:00:48,35.32,0.01,60,212609,中性盘
10:00:51,35.33,0.01,19,67117,买盘
10:00:54,35.32,-0.01,133,470411,卖盘
10:00:57,35.32,0.0,89,314356,卖盘
10:01:00,35.33,0.01,35,123560,买盘
10:01:03,35.33,0.0,73,257872,买盘
10:01:06,35.33,0.0,337,1190357,买盘
10:01:09,35.33,0.0,83,291545,买盘
10:01:12,35.33,0.0,14,49458,买盘
10:01:15,35.33,0.0,181,640669,买盘
10:01:18,35.33,0.0,79,279107,买盘
10:01:21,35.33,0.0,101,356833,买盘
10:01:24,35.33,0.0,210,743308,买盘
10:01:27,35.33,0.0,338,1193874,卖盘
10:01:30,35.34,0.01,47,166056,买盘
10:01:32,35.33,-0.01,40,141325,卖盘
10:01:36,35.33,0.0,140,494618,卖盘
10:01:39,35.33,0.0,41,144853,买盘
10:01:42,35.33,0.0,668,2359444,买盘
10:01:45,35.33,0.0,289,1020649,买盘
10:01:48,35.33,0.0,45,157399,买盘
10:01:51,35.32,-0.01,3,10597,卖盘
10:01:54,35.33,0.01,53,186200,买盘
10:01:57,35.32,-0.01,138,488405,卖盘
10:02:00,35.32,0.0,317,1120257,买盘
10:02:03,35.32,0.0,11,38855,卖盘
10:02:06,35.33,0.01,288,1017233,买盘
10:02:09,35.33,0.0,8,28264,买盘
10:02:12,35.32,-0.01,48,169536,卖盘
10:02:15,35.32,0.0,17,60057,卖盘
10:02:18,35.32,0.0,57,200333,卖盘
10:02:21,35.33,0.01,351,1239846,买盘
10:02:24,35.32,-0.01,101,356367,卖盘
10:02:27,35.33,0.01,420,1483559,买盘
10:02:30,35.32,-0.01,61,216618,卖盘
10:02:33,35.33,0.01,69,243727,买盘
10:02:36,35.33,0.0,82,289688,买盘
10:02:39,35.32,-0.01,3,10596,卖盘
10:02:42,35.33,0.01,71,249339,买盘
10:02:45,35.32,-0.01,297,1049008,卖盘
10:02:48,35.32,0.0,17,60045,卖盘
10:02:51,35.33,0.01,58,207045,买盘
10:02:54,35.32,-0.01,148,522745,卖盘
10:02:57,35.33,0.01,121,425369,买盘
10:03:00,35.33,0.0,55,194306,买盘
10:03:03,35.33,0.0,26,91848,买盘
10:03:06,35.33,0.0,373,1319905,买盘
10:03:09,35.31,-0.02,91,321764,卖盘
10:03:12,35.32,0.01,86,303703,买盘
10:03:15,35.31,-0.01,58,204841,卖盘
10:03:18,35.31,0.0,104,367306,卖盘
10:03:21,35.31,0.0,165,581657,卖盘
10:03:24,35.33,0.02,1344,4746217,买盘
10:03:27,35.32,-0.01,465,1642844,卖盘
10:03:30,35.32,0.0,69,245500,卖盘
10:03:33,35.32,0.0,64,226048,买盘
10:03:36,35.31,-0.01,31,109487,卖盘
10:03:39,35.32,0.01,299,1056384,买盘
10:03:42,35.32,0.0,33,116537,中性盘
10:03:45,35.34,0.02,364,1285434,买盘
10:03:48,35.34,0.0,12,42388,买盘
10:03:51,35.33,-0.01,71,250779,卖盘
10:03:54,35.33,0.0,22,78743,买盘
10:03:57,35.32,-0.01,99,349717,卖盘
10:04:00,35.34,0.02,62,219051,买盘
10:04:03,35.33,-0.01,55,194279,中性盘
10:04:06,35.33,0.0,320,1130260,买盘
10:04:09,35.33,0.0,70,246237,买盘
10:04:13,35.33,0.0,77,271624,买盘
10:04:15,35.32,-0.01,316,1116110,卖盘
10:04:18,35.32,0.0,60,211935,卖盘
10:04:21,35.32,0.0,328,1158676,卖盘
10:04:23,35.32,0.0,36,127174,卖盘
10:04:27,35.32,0.0,428,1511716,卖盘
10:04:30,35.32,0.0,34,119710,卖盘
10:04:33,35.32,0.0,559,1974696,卖盘
10:04:36,35.32,0.0,63,222501,买盘
10:04:39,35.32,0.0,677,2389260,买盘
10:04:42,35.31,-0.01,312,1101743,卖盘
10:04:45,35.31,0.0,584,2064545,卖盘
10:04:48,35.31,0.0,146,515942,卖盘
10:04:51,35.3,-0.01,22,77672,卖盘
10:04:54,35.31,0.01,83,291059,买盘
10:04:57,35.31,0.0,58,204798,买盘
10:05:00,35.31,0.0,28,98115,买盘
10:05:03,35.31,0.0,802,2831343,买盘
10:05:06,35.31,0.0,622,2195687,买盘
10:05:09,35.3,-0.01,64,225924,卖盘
10:05:12,35.31,0.01,55,195019,买盘
10:05:15,35.31,0.0,126,444892,买盘
10:05:18,35.31,0.0,145,510585,买盘
10:05:21,35.3,-0.01,41,144745,卖盘
10:05:24,35.31,0.01,164,578953,买盘
10:05:27,35.31,0.0,316,1116771,买盘
10:05:30,35.31,0.0,24,84740,买盘
10:05:33,35.31,0.0,328,1158160,买盘
10:05:36,35.3,-0.01,144,508347,卖盘
10:05:39,35.3,0.0,43,151814,卖盘
10:05:42,35.31,0.01,53,187119,买盘
10:05:45,35.3,-0.01,302,1066096,卖盘
10:05:48,35.3,0.0,724,2556153,卖盘
10:05:51,35.3,0.0,9,31770,卖盘
10:05:54,35.31,0.01,38,134156,买盘
10:05:57,35.3,-0.01,1346,4750604,卖盘
10:06:00,35.31,0.01,615,2170969,买盘
10:06:03,35.3,-0.01,111,391838,卖盘
10:06:06,35.3,0.0,243,857669,卖盘
10:06:09,35.3,0.0,37,130610,卖盘
10:06:12,35.3,0.0,139,491938,买盘
10:06:15,35.3,0.0,59,208268,买盘
10:06:18,35.3,0.0,51,179795,买盘
10:06:21,35.3,0.0,235,829450,买盘
10:06:24,35.3,0.0,130,458843,买盘
10:06:27,35.3,0.0,365,1288127,买盘
10:06:30,35.3,0.0,80,282397,买盘
10:06:33,35.3,0.0,31,109421,买盘
10:06:36,35.29,-0.01,48,169862,卖盘
10:06:38,35.3,0.01,87,307077,买盘
10:06:42,35.27,-0.03,2889,10190658,卖盘
10:06:45,35.28,0.01,35,123480,买盘
10:06:48,35.28,0.0,342,1208202,买盘
10:06:51,35.28,0.0,53,185425,买盘
10:06:54,35.27,-0.01,208,733672,卖盘
10:06:57,35.28,0.01,25,88195,买盘
10:07:00,35.27,-0.01,52,184398,卖盘
10:07:03,35.27,0.0,280,987590,卖盘
10:07:06,35.28,0.01,260,917000,买盘
10:07:09,35.27,-0.01,196,689769,卖盘
10:07:12,35.27,0.0,92,324479,买盘
10:07:15,35.27,0.0,94,333854,买盘
10:07:18,35.25,-0.02,1692,5965336,卖盘
10:07:21,35.26,0.01,81,285551,中性盘
10:07:24,35.25,-0.01,59,208020,卖盘
10:07:27,35.26,0.01,330,1163306,买盘
10:07:30,35.25,-0.01,298,1050500,卖盘
10:07:33,35.26,0.01,359,1263004,买盘
10:07:36,35.25,-0.01,302,1066282,卖盘
10:07:39,35.25,0.0,5288,18623322,卖盘
10:07:42,35.22,-0.03,120,422980,卖盘
10:07:45,35.24,0.02,130,457965,买盘
10:07:48,35.22,-0.02,288,1013989,卖盘
10:07:51,35.22,0.0,205,722007,卖盘
10:07:54,35.23,0.01,54,190201,买盘
10:07:57,35.22,-0.01,79,278215,卖盘
10:08:00,35.22,0.0,167,588053,买盘
10:08:03,35.22,0.0,66,232410,买盘
10:08:06,35.22,0.0,351,1235916,买盘
10:08:09,35.21,-0.01,146,514046,卖盘
10:08:12,35.21,0.0,225,792208,买盘
10:08:15,35.21,0.0,129,454189,买盘
10:08:18,35.21,0.0,110,387272,买盘
10:08:21,35.21,0.0,158,556259,买盘
10:08:24,35.21,0.0,162,570329,买盘
10:08:27,35.2,-0.01,1646,5794063,卖盘
10:08:30,35.21,0.01,307,1080890,买盘
10:08:33,35.21,0.0,204,718248,买盘
10:08:36,35.2,-0.01,881,3101209,卖盘
10:08:39,35.2,0.0,86,302771,卖盘
10:08:42,35.21,0.01,253,890783,买盘
10:08:45,35.21,0.0,369,1298985,卖盘
10:08:48,35.21,0.0,694,2443255,买盘
10:08:51,35.21,0.0,35,123246,卖盘
10:08:54,35.22,0.01,560,1972263,买盘
10:08:57,35.21,-0.01,20,70424,卖盘
10:09:00,35.21,0.0,98,345140,卖盘
10:09:03,35.21,0.0,47,165499,卖盘
10:09:06,35.22,0.01,336,1183474,买盘
10:09:09,35.22,0.0,214,753571,卖盘
10:09:12,35.22,0.0,21,73972,卖盘
10:09:15,35.23,0.01,91,320528,买盘
10:09:19,35.23,0.0,100,352268,买盘
10:09:21,35.24,0.01,106,373448,买盘
10:09:24,35.24,0.0,30,105694,买盘
10:09:27,35.24,0.0,290,1021674,买盘
10:09:30,35.23,-0.01,175,616639,卖盘
10:09:33,35.24,0.01,87,306584,买盘
10:09:36,35.23,-0.01,155,546192,卖盘
10:09:39,35.24,0.01,28,98668,买盘
10:09:42,35.24,0.0,58,204388,买盘
10:09:45,35.24,0.0,86,303026,买盘
10:09:48,35.24,0.0,326,1148622,买盘
10:09:57,35.24,0.0,48,169154,卖盘
10:10:00,35.24,0.0,79,278403,卖盘
10:10:03,35.25,0.01,132,465226,买盘
10:10:06,35.24,-0.01,71,250237,卖盘
10:10:09,35.24,0.0,29,102217,卖盘
10:10:12,35.24,0.0,11,38769,卖盘
10:10:15,35.24,0.0,72,253786,卖盘
10:10:18,35.24,0.0,43,151552,卖盘
10:10:21,35.24,0.0,165,581540,卖盘
10:10:24,35.25,0.01,24,84586,买盘
10:10:27,35.25,0.0,43,151553,买盘
10:10:30,35.24,-0.01,53,186795,卖盘
10:10:33,35.24,0.0,163,574551,卖盘
10:10:36,35.24,0.0,70,246725,卖盘
10:10:39,35.25,0.01,111,391250,买盘
10:10:42,35.24,-0.01,82,289042,卖盘
10:10:45,35.24,0.0,252,888054,卖盘
10:10:48,35.25,0.01,215,757865,买盘
10:10:51,35.25,0.0,18,63453,卖盘
10:10:57,35.25,0.0,64,225602,卖盘
10:11:00,35.25,0.0,47,165457,卖盘
10:11:03,35.26,0.01,139,490077,买盘
10:11:06,35.26,0.0,319,1124974,买盘
10:11:09,35.26,0.0,87,306740,买盘
10:11:12,35.26,0.0,38,133988,买盘
10:11:15,35.25,-0.01,43,151204,卖盘
10:11:18,35.26,0.01,17,59941,买盘
10:11:21,35.26,0.0,104,366622,买盘
10:11:24,35.26,0.0,299,1053845,买盘
10:11:27,35.25,-0.01,206,726474,卖盘
10:11:30,35.25,0.0,94,331350,买盘
10:11:33,35.25,0.0,84,296473,买盘
10:11:36,35.25,0.0,71,250273,买盘
10:11:39,35.25,0.0,60,211497,买盘
10:11:42,35.25,0.0,100,350758,买盘
10:11:45,35.24,-0.01,368,1296946,卖盘
10:11:48,35.25,0.01,96,338391,买盘
10:11:51,35.24,-0.01,106,375391,卖盘
10:11:54,35.25,0.01,64,225275,买盘
10:11:57,35.24,-0.01,63,222368,卖盘
10:12:00,35.25,0.01,20,70498,买盘
10:12:03,35.25,0.0,54,190350,买盘
10:12:06,35.25,0.0,349,1230095,卖盘
10:12:09,35.25,0.0,159,560389,买盘
10:12:12,35.25,0.0,76,266587,买盘
10:12:15,35.25,0.0,53,186822,买盘
10:12:18,35.24,-0.01,141,497004,卖盘
10:12:21,35.24,0.0,110,389935,卖盘
10:12:24,35.25,0.01,335,1180650,买盘
10:12:27,35.25,0.0,42,148048,买盘
10:12:30,35.25,0.0,203,715500,买盘
10:12:33,35.25,0.0,27,95169,买盘
10:12:36,35.25,0.0,50,176227,买盘
10:12:39,35.24,-0.01,114,401829,卖盘
10:12:42,35.24,0.0,748,2633365,卖盘
10:12:45,35.25,0.01,333,1173743,买盘
10:12:48,35.25,0.0,54,190325,买盘
10:12:51,35.25,0.0,48,169187,买盘
10:12:54,35.24,-0.01,50,176247,卖盘
10:12:57,35.25,0.01,54,190315,买盘
10:13:00,35.24,-0.01,196,690748,卖盘
10:13:03,35.25,0.01,9,31731,中性盘
10:13:06,35.26,0.01,328,1157636,买盘
10:13:09,35.26,0.0,21,74037,买盘
10:13:12,35.25,-0.01,68,239759,卖盘
10:13:15,35.26,0.01,147,517695,买盘
10:13:18,35.26,0.0,67,236225,买盘
10:13:21,35.26,0.0,161,567576,买盘
10:13:24,35.25,-0.01,283,995833,卖盘
10:13:27,35.25,0.0,296,1043193,买盘
10:13:30,35.26,0.01,116,408915,买盘
10:13:33,35.26,0.0,55,193881,买盘
10:13:36,35.26,0.0,150,528769,买盘
10:13:39,35.25,-0.01,83,294027,卖盘
10:13:42,35.26,0.01,23,81092,买盘
10:13:45,35.26,0.0,311,1096379,买盘
10:13:48,35.25,-0.01,167,587835,卖盘
10:13:51,35.26,0.01,35,123403,卖盘
10:13:54,35.26,0.0,46,162196,卖盘
10:13:57,35.27,0.01,11,38788,买盘
10:14:00,35.27,0.0,10,35270,买盘
10:14:03,35.27,0.0,236,832281,买盘
10:14:06,35.27,0.0,308,1087838,买盘
10:14:09,35.26,-0.01,79,278579,卖盘
10:14:12,35.26,0.0,126,442843,卖盘
10:14:15,35.27,0.01,20,70420,买盘
10:14:18,35.27,0.0,391,1380926,买盘
10:14:21,35.26,-0.01,91,318926,卖盘
10:14:24,35.25,-0.01,385,1357292,卖盘
10:14:27,35.26,0.01,124,437216,买盘
10:14:30,35.26,0.0,90,317338,买盘
10:14:33,35.25,-0.01,50,176293,卖盘
10:14:36,35.26,0.01,49,172802,买盘
10:14:39,35.25,-0.01,164,578173,卖盘
10:14:42,35.26,0.01,34,119843,买盘
10:14:45,35.24,-0.02,262,923543,卖盘
10:14:48,35.25,0.01,72,253802,卖盘
10:14:51,35.25,0.0,123,435001,卖盘
10:14:54,35.26,0.01,20,70515,买盘
10:14:57,35.26,0.0,488,1718914,买盘
10:15:00,35.25,-0.01,129,455135,中性盘
10:15:03,35.25,0.0,111,391275,买盘
10:15:06,35.24,-0.01,401,1413313,卖盘
10:15:09,35.25,0.01,246,867231,买盘
10:15:11,35.25,0.0,120,423007,买盘
10:15:15,35.25,0.0,4,14103,卖盘
10:15:18,35.25,0.0,9,31725,卖盘
10:15:21,35.25,0.0,13,45825,卖盘
10:15:24,35.24,-0.01,252,889233,卖盘
10:15:27,35.25,0.01,169,595847,中性盘
10:15:30,35.26,0.01,26,91663,中性盘
10:15:33,35.25,-0.01,27,92889,卖盘
10:15:36,35.26,0.01,12,42305,买盘
10:15:39,35.25,-0.01,147,520469,卖盘
10:15:42,35.25,0.0,89,313702,买盘
10:15:45,35.25,0.0,334,1177134,买盘
10:15:48,35.24,-0.01,58,204405,卖盘
10:15:51,35.25,0.01,30,105748,买盘
10:15:54,35.25,0.0,109,384209,买盘
10:15:57,35.25,0.0,37,130425,卖盘
10:16:00,35.25,0.0,1,3525,卖盘
10:16:03,35.26,0.01,55,191489,买盘
10:16:06,35.26,0.0,235,828387,买盘
10:16:09,35.25,-0.01,36,126900,卖盘
10:16:12,35.25,0.0,196,693309,卖盘
10:16:15,35.25,0.0,37,130424,买盘
10:16:18,35.24,-0.01,40,140986,卖盘
10:16:21,35.24,0.0,962,3387602,卖盘
10:16:24,35.23,-0.01,513,1807399,卖盘
10:16:27,35.23,0.0,205,722385,卖盘
10:16:30,35.24,0.01,53,188910,买盘
10:16:33,35.24,0.0,87,306514,买盘
10:16:36,35.24,0.0,39,136085,买盘
10:16:39,35.23,-0.01,133,468570,卖盘
10:16:42,35.23,0.0,19,66942,卖盘
10:16:45,35.24,0.01,265,935827,买盘
10:16:48,35.24,0.0,60,211395,买盘
10:16:51,35.23,-0.01,17,59894,卖盘
10:16:54,35.24,0.01,79,278236,买盘
10:16:57,35.23,-0.01,59,207895,卖盘
10:17:00,35.24,0.01,121,426368,买盘
10:17:03,35.24,0.0,248,871767,买盘
10:17:06,35.22,-0.02,359,1264648,卖盘
10:17:09,35.23,0.01,95,333931,买盘
10:17:12,35.22,-0.01,167,588269,卖盘
10:17:15,35.23,0.01,90,317003,买盘
10:17:18,35.23,0.0,57,201673,买盘
10:17:21,35.22,-0.01,53,186704,卖盘
10:17:24,35.22,0.0,232,817160,卖盘
10:17:27,35.23,0.01,32,112847,卖盘
10:17:30,35.24,0.01,67,236104,买盘
10:17:33,35.23,-0.01,102,359346,卖盘
10:17:36,35.22,-0.01,289,1017993,卖盘
10:17:39,35.23,0.01,226,796036,买盘
10:17:42,35.23,0.0,58,204323,买盘
10:17:45,35.23,0.0,333,1172880,卖盘
10:17:48,35.22,-0.01,988,3481394,卖盘
10:17:51,35.21,-0.01,120,422593,卖盘
10:17:54,35.22,0.01,69,243018,买盘
10:17:57,35.22,0.0,89,312826,买盘
10:18:00,35.21,-0.01,106,373280,卖盘
10:18:03,35.22,0.01,80,281754,买盘
10:18:06,35.22,0.0,432,1519836,买盘
10:18:09,35.22,0.0,83,292326,卖盘
10:18:12,35.22,0.0,51,179660,卖盘
10:18:15,35.22,0.0,19,68823,卖盘
10:18:18,35.23,0.01,536,1887802,买盘
10:18:21,35.23,0.0,7,24661,买盘
10:18:24,35.22,-0.01,426,1499890,卖盘
10:18:27,35.22,0.0,53,186649,买盘
10:18:30,35.22,0.0,103,362758,买盘
10:18:33,35.22,0.0,83,291640,买盘
10:18:36,35.22,0.0,74,260605,买盘
10:18:39,35.22,0.0,147,518782,买盘
10:18:42,35.22,0.0,156,549369,买盘
10:18:45,35.22,0.0,381,1341576,买盘
10:18:48,35.22,0.0,139,489537,买盘
10:18:51,35.22,0.0,145,508183,买盘
10:18:54,35.21,-0.01,100,354664,卖盘
10:18:57,35.22,0.01,47,165519,买盘
10:19:00,35.22,0.0,208,732436,买盘
10:19:03,35.21,-0.01,410,1443895,卖盘
10:19:06,35.22,0.01,477,1679561,买盘
10:19:09,35.22,0.0,96,338086,买盘
10:19:12,35.22,0.0,72,253549,买盘
10:19:15,35.22,0.0,100,349734,买盘
10:19:18,35.22,0.0,63,221878,卖盘
10:19:21,35.22,0.0,20,70440,中性盘
10:19:24,35.22,0.0,167,588106,卖盘
10:19:27,35.22,0.0,262,922574,卖盘
10:19:30,35.22,0.0,119,419457,买盘
10:19:33,35.21,-0.01,148,521233,卖盘
10:19:36,35.21,0.0,139,489491,卖盘
10:19:39,35.22,0.01,429,1511038,卖盘
10:19:42,35.22,0.0,1565,5513374,买盘
10:19:45,35.21,-0.01,312,1098602,卖盘
10:19:48,35.21,0.0,116,408474,卖盘
10:19:51,35.21,0.0,73,257098,卖盘
10:19:54,35.21,0.0,42,147892,卖盘
10:19:57,35.21,0.0,284,999999,卖盘
10:19:59,35.21,0.0,51,181440,卖盘
10:20:03,35.22,0.01,103,362670,买盘
10:20:05,35.21,-0.01,262,922532,卖盘
10:20:09,35.22,0.01,101,354830,买盘
10:20:12,35.21,-0.01,641,2257730,卖盘
10:20:15,35.21,0.0,69,242937,买盘
10:20:18,35.21,0.0,240,844864,买盘
10:20:21,35.21,0.0,596,2096960,买盘
10:20:24,35.21,0.0,310,1091354,买盘
10:20:27,35.21,0.0,496,1745393,买盘
10:20:30,35.2,-0.01,212,746288,卖盘
10:20:33,35.21,0.01,400,1408075,买盘
10:20:36,35.21,0.0,29,102087,买盘
10:20:39,35.2,-0.01,153,538743,卖盘
10:20:42,35.21,0.01,37,130256,买盘
10:20:45,35.2,-0.01,237,835659,卖盘
10:20:48,35.2,0.0,59,207707,卖盘
10:20:51,35.2,0.0,95,334627,卖盘
10:20:54,35.2,0.0,322,1133459,卖盘
10:20:57,35.21,0.01,175,616173,买盘
10:21:00,35.21,0.0,281,989373,卖盘
10:21:03,35.2,-0.01,1312,4618308,卖盘
10:21:06,35.21,0.01,2054,7230095,买盘
10:21:09,35.2,-0.01,378,1327823,卖盘
10:21:12,35.2,0.0,209,736509,卖盘
10:21:15,35.2,0.0,213,751183,卖盘
10:21:18,35.21,0.01,172,605462,买盘
10:21:21,35.2,-0.01,420,1477636,卖盘
10:21:24,35.21,0.01,315,1109033,买盘
10:21:27,35.2,-0.01,505,1778333,卖盘
10:21:30,35.21,0.01,276,971580,买盘
10:21:33,35.2,-0.01,66,230742,卖盘
10:21:36,35.21,0.01,94,330889,买盘
10:21:39,35.2,-0.01,756,2662195,卖盘
10:21:42,35.21,0.01,161,566835,买盘
10:21:45,35.21,0.0,670,2358445,买盘
10:21:48,35.2,-0.01,464,1634736,卖盘
10:21:51,35.19,-0.01,119,418790,卖盘
10:21:54,35.2,0.01,523,1838333,买盘
10:21:57,35.19,-0.01,393,1382808,卖盘
10:22:00,35.19,0.0,111,391047,买盘
10:22:03,35.19,0.0,82,288512,买盘
10:22:06,35.18,-0.01,570,2005267,卖盘
10:22:09,35.18,0.0,293,1030787,卖盘
10:22:12,35.18,0.0,164,578351,卖盘
10:22:15,35.18,0.0,272,956987,卖盘
10:22:18,35.18,0.0,133,467904,卖盘
10:22:21,35.19,0.01,577,2027672,买盘
10:22:24,35.18,-0.01,359,1262887,卖盘
10:22:27,35.18,0.0,249,875773,买盘
10:22:30,35.17,-0.01,127,446743,卖盘
10:22:33,35.18,0.01,259,910948,买盘
10:22:36,35.17,-0.01,221,779768,卖盘
10:22:39,35.16,-0.01,51,179349,卖盘
10:22:42,35.16,0.0,69,242404,卖盘
10:22:45,35.16,0.0,564,1983077,卖盘
10:22:48,35.16,0.0,131,460597,卖盘
10:22:51,35.15,-0.01,175,615869,卖盘
10:22:54,35.16,0.01,77,270720,买盘
10:22:57,35.16,0.0,348,1220390,买盘
10:23:00,35.15,-0.01,181,636340,卖盘
10:23:03,35.15,0.0,136,478094,卖盘
10:23:06,35.15,0.0,569,2000307,卖盘
10:23:09,35.15,0.0,262,920936,卖盘
10:23:12,35.14,-0.01,493,1735171,卖盘
10:23:14,35.14,0.0,151,530629,卖盘
10:23:18,35.14,0.0,29,101894,买盘
10:23:21,35.14,0.0,162,569264,买盘
10:23:24,35.14,0.0,52,182683,买盘
10:23:27,35.14,0.0,423,1486145,买盘
10:23:30,35.14,0.0,126,442653,买盘
10:23:33,35.13,-0.01,179,628867,买盘
10:23:35,35.13,0.0,268,941383,卖盘
10:23:39,35.13,0.0,638,2241152,卖盘
10:23:42,35.13,0.0,60,210793,买盘
10:23:45,35.13,0.0,482,1693056,卖盘
10:23:48,35.12,-0.01,661,2321425,卖盘
10:23:51,35.11,-0.01,127,445931,卖盘
10:23:54,35.11,0.0,475,1668116,卖盘
10:23:57,35.11,0.0,142,498659,卖盘
10:24:00,35.12,0.01,231,811048,买盘
10:24:03,35.11,-0.01,489,1717186,卖盘
10:24:06,35.12,0.01,367,1288569,买盘
10:24:09,35.11,-0.01,145,509145,卖盘
10:24:12,35.11,0.0,26,91286,卖盘
10:24:15,35.11,0.0,518,1818756,卖盘
10:24:18,35.12,0.01,260,912888,买盘
10:24:21,35.11,-0.01,153,536860,卖盘
10:24:24,35.1,-0.01,530,1860613,卖盘
10:24:27,35.11,0.01,207,726719,买盘
10:24:30,35.1,-0.01,57,200113,卖盘
10:24:33,35.1,0.0,237,832048,卖盘
10:24:36,35.11,0.01,75,263309,买盘
10:24:39,35.1,-0.01,131,459886,卖盘
10:24:42,35.11,0.01,204,716217,买盘
10:24:45,35.11,0.0,246,863503,买盘
10:24:48,35.11,0.0,234,821542,买盘
10:24:51,35.11,0.0,222,779406,买盘
10:24:53,35.11,0.0,403,1414677,买盘
10:24:57,35.11,0.0,134,470432,买盘
10:25:00,35.11,0.0,309,1084687,买盘
10:25:03,35.11,0.0,97,340529,买盘
10:25:06,35.11,0.0,344,1207497,买盘
10:25:09,35.11,0.0,98,344066,买盘
10:25:12,35.11,0.0,106,372124,买盘
10:25:14,35.11,0.0,1248,4380682,买盘
10:25:18,35.11,0.0,586,2057705,买盘
10:25:21,35.11,0.0,103,361653,卖盘
10:25:24,35.1,-0.01,972,3412106,卖盘
10:25:27,35.11,0.01,39,136945,中性盘
10:25:30,35.12,0.01,57,200135,买盘
10:25:33,35.1,-0.02,492,1727109,卖盘
10:25:36,35.12,0.02,127,445945,买盘
10:25:39,35.11,-0.01,267,937446,卖盘
10:25:42,35.12,0.01,160,561807,买盘
10:25:45,35.12,0.0,345,1211320,买盘
10:25:47,35.11,-0.01,355,1246454,卖盘
10:25:51,35.12,0.01,374,1313299,买盘
10:25:54,35.11,-0.01,218,765427,卖盘
10:25:57,35.12,0.01,436,1530774,买盘
10:26:00,35.11,-0.01,195,684760,卖盘
10:26:03,35.1,-0.01,429,1506033,卖盘
10:26:06,35.11,0.01,396,1390263,买盘
10:26:09,35.11,0.0,239,839024,卖盘
10:26:11,35.11,0.0,391,1372494,卖盘
10:26:15,35.11,0.0,182,638874,买盘
10:26:18,35.1,-0.01,110,386198,卖盘
10:26:21,35.1,0.0,304,1067105,卖盘
10:26:24,35.11,0.01,346,1214565,买盘
10:26:27,35.09,-0.02,697,2446159,卖盘
10:26:30,35.1,0.01,105,368550,买盘
10:26:33,35.09,-0.01,282,989338,卖盘
10:26:36,35.1,0.01,393,1378829,买盘
10:26:39,35.09,-0.01,98,343916,卖盘
10:26:42,35.1,0.01,58,203580,买盘
10:26:45,35.1,0.0,610,2140359,买盘
10:26:48,35.09,-0.01,167,586124,卖盘
10:26:51,35.08,-0.01,793,2781982,卖盘
10:26:54,35.07,-0.01,488,1711712,卖盘
10:26:57,35.08,0.01,22,77171,中性盘
10:27:00,35.06,-0.02,447,1567728,卖盘
10:27:02,35.07,0.01,33,115726,卖盘
10:27:06,35.07,0.0,347,1216747,买盘
10:27:08,35.06,-0.01,597,2093153,卖盘
10:27:12,35.07,0.01,262,918689,买盘
10:27:15,35.07,0.0,121,424360,卖盘
10:27:17,35.07,0.0,315,1103914,卖盘
10:27:21,35.08,0.01,124,435029,买盘
10:27:24,35.08,0.0,227,796316,卖盘
10:27:27,35.09,0.01,483,1694316,买盘
10:27:30,35.08,-0.01,123,431484,卖盘
10:27:33,35.09,0.01,89,312261,买盘
10:27:36,35.09,0.0,673,2360435,买盘
10:27:39,35.09,0.0,92,322810,买盘
10:27:42,35.08,-0.01,57,200001,卖盘
10:27:45,35.08,0.0,261,915639,卖盘
10:27:48,35.09,0.01,31,108779,卖盘
10:27:51,35.08,-0.01,265,929755,卖盘
10:27:54,35.1,0.02,196,687706,买盘
10:27:57,35.09,-0.01,218,764881,中性盘
10:28:00,35.11,0.02,754,2646694,买盘
10:28:03,35.09,-0.02,265,929585,卖盘
10:28:06,35.11,0.02,235,824984,买盘
10:28:09,35.11,0.0,166,582804,买盘
10:28:12,35.12,0.01,432,1516467,买盘
10:28:15,35.11,-0.01,113,396698,卖盘
10:28:18,35.1,-0.01,185,649407,卖盘
10:28:21,35.11,0.01,91,319480,买盘
10:28:24,35.07,-0.04,2758,9673633,卖盘
10:28:27,35.09,0.02,323,1133190,买盘
10:28:30,35.06,-0.03,871,3053632,卖盘
10:28:33,35.06,0.0,168,589122,买盘
10:28:36,35.07,0.01,103,361224,卖盘
10:28:39,35.07,0.0,106,371742,买盘
10:28:42,35.06,-0.01,271,950209,卖盘
10:28:44,35.07,0.01,404,1416527,买盘
10:28:48,35.07,0.0,77,270039,买盘
10:28:51,35.07,0.0,387,1356994,买盘
10:28:54,35.07,0.0,204,715268,卖盘
10:28:57,35.08,0.01,435,1525259,买盘
10:29:00,35.05,-0.03,2209,7743987,卖盘
10:29:03,35.07,0.02,99,346588,买盘
10:29:06,35.06,-0.01,887,3108261,卖盘
10:29:09,35.06,0.0,71,248965,卖盘
10:29:12,35.05,-0.01,101,354052,卖盘
10:29:14,35.04,-0.01,206,722066,卖盘
10:29:18,35.03,-0.01,380,1331542,卖盘
10:29:22,35.05,0.02,270,945989,买盘
10:29:23,35.05,0.0,125,437981,买盘
10:29:27,35.05,0.0,454,1590955,买盘
10:29:30,35.05,0.0,127,445108,卖盘
10:29:33,35.06,0.01,188,658971,买盘
10:29:36,35.05,-0.01,296,1037414,卖盘
10:29:39,35.07,0.02,207,725752,买盘
10:29:42,35.07,0.0,110,385770,卖盘
10:29:44,35.07,0.0,525,1841176,卖盘
10:29:48,35.07,0.0,456,1599214,卖盘
10:29:51,35.08,0.01,186,652433,买盘
10:29:53,35.07,-0.01,86,301637,卖盘
10:29:57,35.08,0.01,34,119260,买盘
10:29:59,35.08,0.0,58,203464,买盘
10:30:03,35.08,0.0,198,694549,买盘
10:30:06,35.07,-0.01,312,1094221,卖盘
10:30:09,35.08,0.01,250,876999,买盘
10:30:11,35.08,0.0,156,547249,卖盘
10:30:14,35.08,0.0,372,1304765,买盘
10:30:18,35.08,0.0,349,1223975,买盘
10:30:21,35.07,-0.01,366,1283164,买盘
10:30:24,35.07,0.0,270,946406,买盘
10:30:27,35.06,-0.01,76,266429,买盘
10:30:30,35.06,0.0,285,999389,卖盘
10:30:33,35.06,0.0,296,1037728,卖盘
10:30:36,35.06,0.0,157,550422,买盘
10:30:39,35.07,0.01,153,536414,买盘
10:30:41,35.05,-0.02,75,262932,卖盘
10:30:45,35.06,0.01,383,1342551,买盘
10:30:48,35.07,0.01,65,227885,买盘
10:30:51,35.07,0.0,17,59607,买盘
10:30:53,35.07,0.0,35,122745,买盘
10:30:57,35.06,-0.01,415,1454844,卖盘
10:31:00,35.06,0.0,21,73632,卖盘
10:31:03,35.07,0.01,168,589093,买盘
10:31:06,35.06,-0.01,257,901096,卖盘
10:31:08,35.06,0.0,242,848400,卖盘
10:31:12,35.07,0.01,263,922245,买盘
10:31:15,35.06,-0.01,436,1527249,中性盘
10:31:18,35.06,0.0,45,157777,卖盘
10:31:21,35.07,0.01,110,385770,卖盘
10:31:24,35.06,-0.01,120,420826,卖盘
10:31:26,35.08,0.02,105,368325,买盘
10:31:30,35.07,-0.01,261,915428,卖盘
10:31:33,35.08,0.01,171,599890,买盘
10:31:36,35.07,-0.01,84,294595,卖盘
10:31:39,35.08,0.01,101,354221,买盘
10:31:42,35.08,0.0,14,49103,卖盘
10:31:45,35.08,0.0,38,133281,买盘
10:31:48,35.09,0.01,203,712042,买盘
10:31:51,35.08,-0.01,95,333287,卖盘
10:31:54,35.09,0.01,187,656060,买盘
10:31:57,35.08,-0.01,78,273643,卖盘
10:32:00,35.08,0.0,84,294678,卖盘
10:32:03,35.07,-0.01,315,1104905,卖盘
10:32:06,35.08,0.01,177,620808,买盘
10:32:09,35.08,0.0,14,49112,买盘
10:32:12,35.08,0.0,36,126288,买盘
10:32:15,35.09,0.01,37,129807,买盘
10:32:17,35.08,-0.01,33,115795,卖盘
10:32:21,35.09,0.01,20,70180,买盘
10:32:24,35.09,0.0,125,438619,买盘
10:32:26,35.09,0.0,223,782319,买盘
10:32:30,35.09,0.0,121,424531,买盘
10:32:33,35.09,0.0,34,119306,买盘
10:32:36,35.09,0.0,407,1427826,买盘
10:32:39,35.09,0.0,131,459668,买盘
10:32:42,35.08,-0.01,367,1287500,卖盘
10:32:45,35.08,0.0,273,957496,买盘
10:32:47,35.08,0.0,200,701448,买盘
10:32:51,35.08,0.0,102,357797,买盘
10:32:54,35.06,-0.02,323,1132679,卖盘
10:32:57,35.08,0.02,71,249091,买盘
10:33:00,35.08,0.0,44,154350,卖盘
10:33:03,35.08,0.0,44,154333,买盘
10:33:06,35.06,-0.02,220,771450,卖盘
10:33:09,35.08,0.02,223,782325,买盘
10:33:12,35.09,0.01,87,305197,买盘
10:33:15,35.08,-0.01,31,108760,卖盘
10:33:18,35.08,0.0,17,59638,卖盘
10:33:21,35.09,0.01,103,361407,买盘
10:33:24,35.09,0.0,40,140339,买盘
10:33:26,35.09,0.0,18,63157,买盘
10:33:30,35.08,-0.01,20,70178,卖盘
10:33:33,35.08,0.0,39,136827,卖盘
10:33:36,35.09,0.01,107,377599,买盘
10:33:39,35.09,0.0,148,519319,买盘
10:33:42,35.08,-0.01,144,505262,卖盘
10:33:44,35.09,0.01,77,270193,买盘
10:33:48,35.09,0.0,81,284215,买盘
10:33:51,35.09,0.0,178,624543,买盘
10:33:54,35.09,0.0,17,59653,买盘
10:33:56,35.08,-0.01,43,150866,卖盘
10:34:00,35.08,0.0,29,101749,卖盘
10:34:03,35.09,0.01,67,235088,买盘
10:34:06,35.09,0.0,46,161404,买盘
10:34:08,35.09,0.0,53,185977,买盘
10:34:12,35.09,0.0,37,129833,卖盘
10:34:15,35.09,0.0,88,308792,卖盘
10:34:18,35.1,0.01,106,372023,买盘
10:34:20,35.1,0.0,75,263224,买盘
10:34:24,35.09,-0.01,72,252677,卖盘
10:34:27,35.1,0.01,52,182513,买盘
10:34:30,35.09,-0.01,523,1835235,卖盘
10:34:33,35.08,-0.01,499,1750983,卖盘
10:34:36,35.09,0.01,135,473662,买盘
10:34:39,35.09,0.0,183,642031,买盘
10:34:42,35.09,0.0,135,473705,买盘
10:34:44,35.09,0.0,48,168423,买盘
10:34:48,35.09,0.0,378,1326158,买盘
10:34:51,35.09,0.0,189,663085,买盘
10:34:54,35.09,0.0,31,108778,买盘
10:34:57,35.09,0.0,73,256137,买盘
10:35:00,35.08,-0.01,90,315805,卖盘
10:35:03,35.09,0.01,36,126310,买盘
10:35:06,35.08,-0.01,116,406986,卖盘
10:35:08,35.09,0.01,31,108778,买盘
10:35:11,35.09,0.0,31,108772,买盘
10:35:15,35.09,0.0,440,1543960,买盘
10:35:18,35.09,0.0,355,1245687,买盘
10:35:20,35.08,-0.01,283,993019,卖盘
10:35:24,35.09,0.01,173,607056,买盘
10:35:27,35.09,0.0,50,175425,买盘
10:35:30,35.09,0.0,87,305264,买盘
10:35:33,35.09,0.0,117,410553,买盘
10:35:36,35.09,0.0,242,847632,买盘
10:35:39,35.09,0.0,30,105270,卖盘
10:35:41,35.09,0.0,28,98252,卖盘
10:35:45,35.09,0.0,33,115802,卖盘
10:35:47,35.1,0.01,291,1021401,买盘
10:35:51,35.09,-0.01,50,175468,卖盘
10:35:54,35.1,0.01,93,326429,买盘
10:35:57,35.11,0.01,118,414286,买盘
10:36:00,35.11,0.0,70,245770,卖盘
10:36:03,35.11,0.0,144,505599,卖盘
10:36:06,35.12,0.01,272,955226,买盘
10:36:09,35.12,0.0,72,252855,买盘
10:36:12,35.11,-0.01,97,340633,卖盘
10:36:15,35.12,0.01,38,133456,买盘
10:36:18,35.12,0.0,139,487667,买盘
10:36:21,35.12,0.0,49,172088,卖盘
10:36:24,35.13,0.01,60,210746,买盘
10:36:27,35.13,0.0,13,45659,买盘
10:36:30,35.13,0.0,139,488278,买盘
10:36:33,35.12,-0.01,382,1341634,卖盘
10:36:36,35.13,0.01,283,994082,买盘
10:36:39,35.12,-0.01,64,226893,卖盘
10:36:42,35.13,0.01,208,730640,买盘
10:36:45,35.12,-0.01,191,670875,卖盘
10:36:48,35.13,0.01,146,512794,中性盘
10:36:51,35.13,0.0,353,1239998,卖盘
10:36:54,35.13,0.0,157,550486,卖盘
10:36:57,35.13,0.0,239,839402,买盘
10:37:00,35.13,0.0,51,179154,买盘
10:37:03,35.13,0.0,153,537380,买盘
10:37:06,35.11,-0.02,697,2447668,卖盘
10:37:09,35.12,0.01,97,340593,买盘
10:37:12,35.12,0.0,84,294934,买盘
10:37:15,35.12,0.0,134,470559,买盘
10:37:18,35.12,0.0,170,596925,买盘
10:37:19,35.11,-0.01,34,119399,卖盘
10:37:24,35.12,0.01,143,502091,买盘
10:37:27,35.11,-0.01,235,825091,卖盘
10:37:30,35.11,0.0,377,1323770,卖盘
10:37:33,35.11,0.0,83,291429,卖盘
10:37:36,35.11,0.0,157,551328,卖盘
10:37:39,35.1,-0.01,630,2211458,卖盘
10:37:42,35.09,-0.01,115,403577,卖盘
10:37:45,35.09,0.0,148,519428,卖盘
10:37:48,35.1,0.01,304,1066757,买盘
10:37:51,35.1,0.0,72,252684,买盘
10:37:54,35.1,0.0,201,705502,买盘
10:37:57,35.09,-0.01,28,98273,卖盘
10:38:00,35.1,0.01,38,133360,买盘
10:38:03,35.1,0.0,144,505395,买盘
10:38:06,35.1,0.0,123,431661,买盘
10:38:09,35.09,-0.01,115,403560,卖盘
10:38:12,35.09,0.0,192,671847,卖盘
10:38:15,35.09,0.0,168,589442,买盘
10:38:18,35.09,0.0,21,73686,买盘
10:38:21,35.09,0.0,169,593010,买盘
10:38:24,35.1,0.01,132,463786,买盘
10:38:28,35.1,0.0,30,105274,买盘
10:38:30,35.09,-0.01,13,45629,卖盘
10:38:33,35.1,0.01,77,272223,买盘
10:38:36,35.1,0.0,73,256230,卖盘
10:38:39,35.11,0.01,161,565259,买盘
10:38:42,35.1,-0.01,7,24574,卖盘
10:38:46,35.11,0.01,22,77231,买盘
10:38:48,35.09,-0.02,107,375603,卖盘
10:38:51,35.11,0.02,13,45644,中性盘
10:38:54,35.11,0.0,44,154515,卖盘
10:38:57,35.11,0.0,7,24577,买盘
10:39:00,35.1,-0.01,12,42123,卖盘
10:39:03,35.11,0.01,180,631874,买盘
10:39:06,35.1,-0.01,14,49133,卖盘
10:39:09,35.1,0.0,90,315906,卖盘
10:39:12,35.1,0.0,11,38610,买盘
10:39:15,35.1,0.0,134,470263,买盘
10:39:18,35.09,-0.01,165,579043,卖盘
10:39:21,35.1,0.01,66,231649,买盘
10:39:24,35.09,-0.01,80,280776,卖盘
10:39:27,35.09,0.0,230,807106,卖盘
10:39:30,35.1,0.01,233,817766,买盘
10:39:33,35.1,0.0,31,108810,卖盘
10:39:36,35.1,0.0,44,154453,卖盘
10:39:39,35.11,0.01,19,66690,买盘
10:39:42,35.1,-0.01,23,80731,卖盘
10:39:45,35.11,0.01,128,449312,买盘
10:39:48,35.11,0.0,52,182539,买盘
10:39:51,35.11,0.0,30,105328,买盘
10:39:54,35.11,0.0,60,210651,买盘
10:39:57,35.11,0.0,28,98308,卖盘
10:40:00,35.12,0.01,61,214166,买盘
10:40:03,35.11,-0.01,56,196616,中性盘
10:40:06,35.11,0.0,48,168527,卖盘
10:40:09,35.1,-0.01,390,1369192,卖盘
10:40:12,35.1,0.0,194,680956,卖盘
10:40:15,35.11,0.01,41,143931,买盘
10:40:18,35.11,0.0,72,252724,买盘
10:40:21,35.1,-0.01,225,789925,卖盘
10:40:24,35.11,0.01,43,150942,买盘
10:40:27,35.11,0.0,81,284383,买盘
10:40:30,35.1,-0.01,165,579155,卖盘
10:40:33,35.09,-0.01,9,31588,卖盘
10:40:36,35.1,0.01,58,203559,买盘
10:40:39,35.1,0.0,83,291304,买盘
10:40:42,35.09,-0.01,29,101774,卖盘
10:40:45,35.09,0.0,2,7018,卖盘
10:40:48,35.09,0.0,39,136863,卖盘
10:40:51,35.09,0.0,22,77218,卖盘
10:40:54,35.1,0.01,130,456234,买盘
10:40:58,35.09,-0.01,35,122815,卖盘
10:41:00,35.1,0.01,18,63169,买盘
10:41:03,35.09,-0.01,125,438626,卖盘
10:41:06,35.09,0.0,150,526368,卖盘
10:41:09,35.09,0.0,261,915882,卖盘
10:41:12,35.09,0.0,61,214053,卖盘
10:41:15,35.09,0.0,15,52635,买盘
10:41:18,35.09,0.0,224,785908,买盘
10:41:21,35.09,0.0,43,150869,买盘
10:41:24,35.08,-0.01,528,1852583,卖盘
10:41:27,35.09,0.01,36,126324,卖盘
10:41:30,35.09,0.0,68,238589,卖盘
10:41:33,35.08,-0.01,106,371859,卖盘
10:41:36,35.08,0.0,123,431489,卖盘
10:41:39,35.08,0.0,636,2231149,卖盘
10:41:42,35.08,0.0,309,1084012,卖盘
10:41:45,35.08,0.0,64,224515,卖盘
10:41:48,35.08,0.0,403,1413792,卖盘
10:41:51,35.08,0.0,384,1347078,卖盘
10:41:54,35.09,0.01,118,414005,买盘
10:41:57,35.09,0.0,71,249069,买盘
10:42:00,35.09,0.0,38,133308,买盘
10:42:03,35.08,-0.01,103,361266,卖盘
10:42:06,35.08,0.0,121,424420,买盘
10:42:09,35.08,0.0,70,245560,买盘
10:42:12,35.08,0.0,43,150844,买盘
10:42:15,35.07,-0.01,157,550655,卖盘
10:42:18,35.08,0.01,200,701566,中性盘
10:42:21,35.08,0.0,17,59633,买盘
10:42:24,35.07,-0.01,421,1476831,卖盘
10:42:27,35.06,-0.01,623,2184858,卖盘
10:42:30,35.09,0.03,599,2100580,买盘
10:42:33,35.06,-0.03,187,655674,卖盘
10:42:36,35.08,0.02,41,143822,买盘
10:42:39,35.08,0.0,57,199945,卖盘
10:42:42,35.08,0.0,28,98197,买盘
10:42:45,35.07,-0.01,13,45601,卖盘
10:42:48,35.07,0.0,66,231482,卖盘
10:42:52,35.08,0.01,106,371858,买盘
10:42:54,35.08,0.0,8,28064,买盘
10:42:57,35.08,0.0,66,231528,买盘
10:43:00,35.08,0.0,77,270116,卖盘
10:43:03,35.09,0.01,38,133305,买盘
10:43:06,35.08,-0.01,167,585836,卖盘
10:43:09,35.08,0.0,368,1290926,卖盘
10:43:12,35.08,0.0,232,813677,买盘
10:43:15,35.08,0.0,178,624255,买盘
10:43:18,35.07,-0.01,41,143792,卖盘
10:43:21,35.08,0.01,146,512021,买盘
10:43:24,35.07,-0.01,12,42084,卖盘
10:43:27,35.07,0.0,46,161343,卖盘
10:43:30,35.09,0.02,65,228019,买盘
10:43:33,35.07,-0.02,111,389278,卖盘
10:43:36,35.08,0.01,67,235075,买盘
10:43:39,35.09,0.01,61,213942,买盘
10:43:42,35.08,-0.01,14,49112,卖盘
10:43:45,35.09,0.01,82,287603,买盘
10:43:48,35.07,-0.02,164,575333,卖盘
10:43:51,35.06,-0.01,88,308612,卖盘
10:43:54,35.08,0.02,62,217487,买盘
10:43:57,35.07,-0.01,40,140300,卖盘
10:44:00,35.06,-0.01,1385,4853760,卖盘
10:44:03,35.06,0.0,245,858882,买盘
10:44:06,35.05,-0.01,183,641454,卖盘
10:44:10,35.05,0.0,51,178772,卖盘
10:44:13,35.06,0.01,12,42068,买盘
10:44:15,35.06,0.0,398,1395116,买盘
10:44:18,35.07,0.01,366,1285070,买盘
10:44:21,35.05,-0.02,282,985729,卖盘
10:44:24,35.06,0.01,15,52590,卖盘
10:44:27,35.07,0.01,81,284028,买盘
10:44:30,35.06,-0.01,55,192822,卖盘
10:44:33,35.06,0.0,99,347107,买盘
10:44:36,35.06,0.0,73,256060,卖盘
10:44:39,35.07,0.01,75,262990,中性盘
10:44:43,35.06,-0.01,219,768272,卖盘
10:44:45,35.06,0.0,154,540076,卖盘
10:44:48,35.07,0.01,21,73627,买盘
10:44:51,35.06,-0.01,19,66624,卖盘
10:44:54,35.07,0.01,1,3507,买盘
10:44:57,35.07,0.0,20,70138,买盘
10:45:00,35.07,0.0,64,224411,买盘
10:45:03,35.06,-0.01,77,269984,卖盘
10:45:06,35.07,0.01,18,63115,买盘
10:45:09,35.07,0.0,161,564491,买盘
10:45:12,35.07,0.0,33,115731,卖盘
10:45:15,35.07,0.0,32,112224,卖盘
10:45:18,35.08,0.01,3,10524,买盘
10:45:21,35.08,0.0,22,77168,买盘
10:45:24,35.08,0.0,93,326164,买盘
10:45:27,35.08,0.0,8,28063,买盘
10:45:30,35.08,0.0,86,301675,买盘
10:45:33,35.07,-0.01,24,84191,卖盘
10:45:36,35.07,0.0,151,529680,卖盘
10:45:39,35.07,0.0,349,1224248,卖盘
10:45:42,35.08,0.01,100,350793,买盘
10:45:45,35.07,-0.01,190,666348,卖盘
10:45:48,35.08,0.01,22,77157,买盘
10:45:51,35.08,0.0,25,87693,买盘
10:45:54,35.08,0.0,5,17539,买盘
10:45:57,35.07,-0.01,131,462854,卖盘
10:46:00,35.08,0.01,179,627932,买盘
10:46:03,35.08,0.0,20,70160,卖盘
10:46:06,35.08,0.0,53,185930,卖盘
10:46:09,35.08,0.0,52,182447,卖盘
10:46:12,35.09,0.01,19,66658,买盘
10:46:15,35.09,0.0,6,21053,买盘
10:46:18,35.08,-0.01,43,150867,卖盘
10:46:21,35.08,0.0,101,354383,卖盘
10:46:24,35.09,0.01,14,49116,买盘
10:46:27,35.08,-0.01,88,308777,卖盘
10:46:30,35.08,0.0,12,42096,卖盘
10:46:33,35.08,0.0,65,228027,卖盘
10:46:36,35.09,0.01,96,336846,买盘
10:46:39,35.09,0.0,4,14034,买盘
10:46:42,35.09,0.0,107,375444,买盘
10:46:45,35.09,0.0,73,256139,买盘
10:46:48,35.08,-0.01,20,70171,卖盘
10:46:51,35.08,0.0,29,101749,卖盘
10:46:54,35.08,0.0,196,687662,卖盘
10:46:57,35.09,0.01,109,382381,买盘
10:47:00,35.1,0.01,78,273653,买盘
10:47:04,35.09,-0.01,249,873702,卖盘
10:47:06,35.1,0.01,105,368448,买盘
10:47:09,35.1,0.0,20,70200,买盘
10:47:12,35.1,0.0,35,122850,买盘
10:47:15,35.09,-0.01,65,228105,卖盘
10:47:18,35.09,0.0,7,24564,卖盘
10:47:21,35.1,0.01,23,80730,买盘
10:47:24,35.09,-0.01,129,452687,卖盘
10:47:27,35.09,0.0,20,70194,卖盘
10:47:30,35.1,0.01,163,572129,买盘
10:47:33,35.1,0.0,466,1635659,买盘
10:47:36,35.09,-0.01,138,484331,卖盘
10:47:39,35.1,0.01,8,28076,买盘
10:47:42,35.1,0.0,114,400140,买盘
10:47:45,35.1,0.0,288,1010868,买盘
10:47:48,35.1,0.0,33,115817,买盘
10:47:51,35.09,-0.01,85,298282,卖盘
10:47:54,35.1,0.01,66,231625,买盘
10:47:57,35.1,0.0,85,298311,买盘
10:48:00,35.1,0.0,75,263250,买盘
10:48:04,35.1,0.0,14,49140,卖盘
10:48:06,35.11,0.01,20,70206,买盘
10:48:10,35.1,-0.01,36,126360,卖盘
10:48:12,35.11,0.01,12,42122,买盘
10:48:15,35.1,-0.01,92,322971,卖盘
10:48:18,35.11,0.01,212,744113,买盘
10:48:21,35.11,0.0,149,523128,买盘
10:48:24,35.1,-0.01,36,126394,卖盘
10:48:27,35.11,0.01,104,365094,买盘
10:48:30,35.1,-0.01,18,63185,卖盘
10:48:33,35.11,0.01,289,1014676,买盘
10:48:36,35.11,0.0,79,277357,买盘
10:48:39,35.11,0.0,1,3511,买盘
10:48:42,35.11,0.0,162,568772,买盘
10:48:48,35.1,-0.01,448,1572774,卖盘
10:48:51,35.11,0.01,505,1772998,买盘
10:48:54,35.11,0.0,535,1878469,买盘
10:48:57,35.12,0.01,207,726951,买盘
10:49:00,35.11,-0.01,97,340588,卖盘
10:49:03,35.12,0.01,66,231789,买盘
10:49:06,35.13,0.01,677,2377657,买盘
10:49:09,35.13,0.0,128,449661,买盘
10:49:12,35.13,0.0,13,45678,中性盘
10:49:15,35.14,0.01,211,741446,买盘
10:49:18,35.14,0.0,4,14056,买盘
10:49:21,35.14,0.0,151,530570,买盘
10:49:24,35.14,0.0,50,175700,买盘
10:49:27,35.14,0.0,85,298662,买盘
10:49:30,35.14,0.0,24,84336,买盘
10:49:33,35.14,0.0,173,607957,买盘
10:49:36,35.14,0.0,86,302273,卖盘
10:49:39,35.14,0.0,185,650123,卖盘
10:49:42,35.14,0.0,145,509625,卖盘
10:49:45,35.14,0.0,160,562347,卖盘
10:49:48,35.15,0.01,1181,4151172,买盘
10:49:51,35.14,-0.01,167,586906,卖盘
10:49:54,35.15,0.01,995,3497392,买盘
10:49:58,35.15,0.0,210,738132,买盘
10:50:00,35.15,0.0,260,913900,买盘
10:50:03,35.15,0.0,395,1388411,买盘
10:50:06,35.15,0.0,119,418287,卖盘
10:50:09,35.15,0.0,237,833065,中性盘
10:50:12,35.16,0.01,61,214415,买盘
10:50:15,35.15,-0.01,156,548259,中性盘
10:50:18,35.15,0.0,73,256595,中性盘
10:50:21,35.16,0.01,95,333933,买盘
10:50:24,35.15,-0.01,36,126547,卖盘
10:50:27,35.15,0.0,87,305808,卖盘
10:50:30,35.14,-0.01,103,362008,卖盘
10:50:33,35.16,0.02,387,1360307,买盘
10:50:36,35.15,-0.01,314,1103708,中性盘
10:50:39,35.15,0.0,162,566505,买盘
10:50:42,35.15,0.0,57,201306,卖盘
10:50:45,35.16,0.01,179,629267,买盘
10:50:48,35.15,-0.01,77,270685,卖盘
10:50:51,35.16,0.01,18,63290,卖盘
10:50:54,35.16,0.0,24,84384,卖盘
10:50:57,35.16,0.0,44,154722,卖盘
10:51:00,35.16,0.0,53,186398,卖盘
10:51:03,35.17,0.01,22,77374,卖盘
10:51:06,35.18,0.01,67,235691,买盘
10:51:09,35.17,-0.01,48,168817,卖盘
10:51:12,35.18,0.01,16,56288,买盘
10:51:15,35.18,0.0,121,425575,买盘
10:51:18,35.19,0.01,45,158302,买盘
10:51:21,35.19,0.0,48,168907,买盘
10:51:24,35.19,0.0,15,52771,买盘
10:51:27,35.18,-0.01,31,108998,卖盘
10:51:30,35.18,0.0,12,42223,卖盘
10:51:33,35.18,0.0,181,636868,卖盘
10:51:36,35.2,0.02,36,126685,买盘
10:51:39,35.18,-0.02,76,267493,卖盘
10:51:42,35.2,0.02,214,753145,买盘
10:51:45,35.2,0.0,249,876359,买盘
10:51:48,35.2,0.0,127,446991,买盘
10:51:51,35.19,-0.01,106,373057,卖盘
10:51:54,35.2,0.01,55,193600,买盘
10:51:57,35.19,-0.01,119,418771,卖盘
10:52:00,35.2,0.01,136,478692,买盘
10:52:03,35.19,-0.01,40,140763,卖盘
10:52:06,35.2,0.01,19,66878,买盘
10:52:09,35.2,0.0,17,59832,买盘
10:52:12,35.2,0.0,254,894072,买盘
10:52:15,35.19,-0.01,221,777757,卖盘
10:52:18,35.2,0.01,147,517444,卖盘
10:52:21,35.2,0.0,177,623038,买盘
10:52:24,35.2,0.0,64,225283,卖盘
10:52:27,35.21,0.01,26,91531,买盘
10:52:30,35.2,-0.01,109,383673,卖盘
10:52:33,35.2,0.0,194,682870,买盘
10:52:36,35.19,-0.01,37,130213,卖盘
10:52:39,35.19,0.0,635,2234425,卖盘
10:52:42,35.18,-0.01,144,505267,卖盘
10:52:45,35.17,-0.01,246,865209,卖盘
10:52:48,35.17,0.0,250,879155,卖盘
10:52:51,35.17,0.0,233,819707,买盘
10:52:54,35.17,0.0,10,35165,中性盘
10:52:55,35.15,-0.02,41,144177,卖盘
10:53:00,35.17,0.02,7,24613,买盘
10:53:03,35.16,-0.01,14,49228,卖盘
10:53:04,35.16,0.0,329,1156764,卖盘
10:53:09,35.18,0.02,261,917762,买盘
10:53:12,35.15,-0.03,199,699724,卖盘
10:53:15,35.15,0.0,117,411358,卖盘
10:53:18,35.16,0.01,49,172313,中性盘
10:53:21,35.17,0.01,24,84408,买盘
10:53:24,35.16,-0.01,22,77358,卖盘
10:53:27,35.16,0.0,20,70322,卖盘
10:53:30,35.16,0.0,39,137124,卖盘
10:53:33,35.16,0.0,54,190822,卖盘
10:53:36,35.15,-0.01,112,393758,卖盘
10:53:39,35.16,0.01,80,281339,中性盘
10:53:42,35.16,0.0,40,141117,卖盘
10:53:45,35.16,0.0,141,495757,卖盘
10:53:48,35.16,0.0,19,66804,卖盘
10:53:51,35.16,0.0,39,137319,卖盘
10:53:54,35.17,0.01,13,45721,买盘
10:53:57,35.17,0.0,35,123085,买盘
10:54:00,35.17,0.0,76,267271,买盘
10:54:03,35.17,0.0,14,49227,买盘
10:54:06,35.17,0.0,62,218052,买盘
10:54:09,35.17,0.0,92,323790,买盘
10:54:12,35.18,0.01,157,552198,买盘
10:54:15,35.17,-0.01,167,587335,卖盘
10:54:18,35.17,0.0,31,109027,买盘
10:54:21,35.17,0.0,16,56272,买盘
10:54:24,35.16,-0.01,210,738390,卖盘
10:54:27,35.16,0.0,65,228591,卖盘
10:54:30,35.16,0.0,122,428963,卖盘
10:54:33,35.16,0.0,28,98463,卖盘
10:54:36,35.15,-0.01,297,1043381,卖盘
10:54:39,35.15,0.0,199,699598,卖盘
10:54:42,35.16,0.01,330,1159962,买盘
10:54:45,35.15,-0.01,250,880369,卖盘
10:54:48,35.15,0.0,24,84360,买盘
10:54:51,35.15,0.0,162,569411,买盘
10:54:54,35.14,-0.01,362,1272132,卖盘
10:54:57,35.14,0.0,10,35140,卖盘
10:55:00,35.13,-0.01,256,898063,卖盘
10:55:03,35.13,0.0,4,14052,买盘
10:55:06,35.13,0.0,14,49172,买盘
10:55:09,35.13,0.0,45,158073,买盘
10:55:12,35.12,-0.01,122,429738,卖盘
10:55:15,35.12,0.0,248,871080,卖盘
10:55:18,35.12,0.0,59,207211,卖盘
10:55:21,35.12,0.0,6,21077,卖盘
10:55:24,35.13,0.01,61,214278,买盘
10:55:27,35.13,0.0,120,421445,买盘
10:55:30,35.12,-0.01,95,333677,卖盘
10:55:33,35.12,0.0,4,14050,卖盘
10:55:36,35.13,0.01,183,642877,买盘
10:55:39,35.12,-0.01,404,1418918,卖盘
10:55:42,35.13,0.01,208,730528,买盘
10:55:45,35.12,-0.01,495,1738465,卖盘
10:55:48,35.13,0.01,5,17564,买盘
10:55:51,35.12,-0.01,10,35121,卖盘
10:55:54,35.12,0.0,43,151056,卖盘
10:55:57,35.13,0.01,39,136991,买盘
10:56:00,35.12,-0.01,13,45656,卖盘
10:56:03,35.13,0.01,44,154538,买盘
10:56:06,35.12,-0.01,17,59704,卖盘
10:56:09,35.13,0.01,13,45668,买盘
10:56:12,35.13,0.0,11,38643,买盘
10:56:15,35.13,0.0,442,1552310,买盘
10:56:18,35.13,0.0,46,161568,买盘
10:56:21,35.13,0.0,67,235311,买盘
10:56:24,35.12,-0.01,30,105368,卖盘
10:56:27,35.13,0.01,30,105390,买盘
10:56:30,35.13,0.0,24,84312,买盘
10:56:33,35.13,0.0,7,24591,买盘
10:56:36,35.11,-0.02,112,393318,卖盘
10:56:39,35.13,0.02,76,266978,买盘
10:56:42,35.13,0.0,45,158044,买盘
10:56:45,35.13,0.0,239,839324,买盘
10:56:48,35.12,-0.01,19,66728,卖盘
10:56:51,35.13,0.01,3,10539,买盘
10:56:54,35.13,0.0,6,21077,买盘
10:56:57,35.12,-0.01,28,98338,卖盘
10:57:00,35.13,0.01,4,14052,买盘
10:57:03,35.13,0.0,6,21077,买盘
10:57:06,35.12,-0.01,6,21073,卖盘
10:57:09,35.13,0.01,10,35121,买盘
10:57:12,35.13,0.0,8,28104,买盘
10:57:15,35.13,0.0,118,414427,买盘
10:57:18,35.13,0.0,84,295056,买盘
10:57:21,35.12,-0.01,27,92693,卖盘
10:57:24,35.13,0.01,16,56208,买盘
10:57:27,35.13,0.0,26,91336,买盘
10:57:30,35.12,-0.01,21,73760,卖盘
10:57:33,35.13,0.01,33,115927,买盘
10:57:36,35.12,-0.01,77,270425,卖盘
10:57:39,35.13,0.01,201,706105,买盘
10:57:42,35.13,0.0,17,59707,买盘
10:57:45,35.12,-0.01,137,481149,卖盘
10:57:48,35.13,0.01,20,70245,买盘
10:57:51,35.13,0.0,106,372299,买盘
10:57:54,35.12,-0.01,109,382877,卖盘
10:57:57,35.13,0.01,521,1830641,买盘
10:58:00,35.13,0.0,208,730704,卖盘
10:58:03,35.13,0.0,152,533978,卖盘
10:58:06,35.13,0.0,266,934462,卖盘
10:58:09,35.13,0.0,12,42159,卖盘
10:58:12,35.13,0.0,458,1608969,卖盘
10:58:15,35.13,0.0,113,396960,卖盘
10:58:18,35.13,0.0,573,2015227,卖盘
10:58:21,35.13,0.0,26,91338,买盘
10:58:24,35.13,0.0,11,38643,买盘
10:58:27,35.13,0.0,27,94842,买盘
10:58:30,35.13,0.0,114,400482,买盘
10:58:33,35.13,0.0,17,59719,买盘
10:58:36,35.12,-0.01,90,316088,卖盘
10:58:39,35.13,0.01,120,421558,买盘
10:58:42,35.12,-0.01,44,154552,卖盘
10:58:45,35.13,0.01,140,491709,买盘
10:58:48,35.13,0.0,38,133464,买盘
10:58:51,35.13,0.0,10,35130,买盘
10:58:54,35.12,-0.01,8,28099,卖盘
10:58:57,35.13,0.01,4,14052,买盘
10:59:00,35.12,-0.01,156,547873,卖盘
10:59:03,35.13,0.01,23,80799,买盘
10:59:06,35.13,0.0,1808,6347436,买盘
10:59:09,35.12,-0.01,81,284526,卖盘
10:59:12,35.12,0.0,29,101849,卖盘
10:59:15,35.13,0.01,212,744580,买盘
10:59:18,35.13,0.0,19,66731,买盘
10:59:21,35.12,-0.01,23,80786,卖盘
10:59:24,35.13,0.01,17,59721,买盘
10:59:27,35.13,0.0,546,1917558,买盘
10:59:30,35.12,-0.01,20,70240,卖盘
10:59:33,35.13,0.01,295,1036174,买盘
10:59:36,35.13,0.0,84,295092,卖盘
10:59:39,35.13,0.0,69,242410,卖盘
10:59:42,35.13,0.0,20,70262,卖盘
10:59:45,35.13,0.0,92,323206,卖盘
10:59:48,35.12,-0.01,139,488271,卖盘
10:59:54,35.13,0.01,10,35121,买盘
10:59:57,35.13,0.0,12,42156,买盘
11:00:00,35.13,0.0,16,56204,买盘
11:00:03,35.12,-0.01,14,49180,卖盘
11:00:06,35.12,0.0,13,45657,卖盘
11:00:09,35.11,-0.01,138,484657,卖盘
11:00:12,35.13,0.02,2,7026,买盘
11:00:15,35.11,-0.02,127,445932,卖盘
11:00:18,35.13,0.02,158,554990,买盘
11:00:21,35.13,0.0,25,87825,卖盘
11:00:24,35.13,0.0,33,115930,中性盘
11:00:27,35.13,0.0,89,312657,卖盘
11:00:30,35.14,0.01,534,1875980,买盘
11:00:33,35.11,-0.03,41,143992,卖盘
11:00:37,35.11,0.0,265,930932,卖盘
11:00:39,35.12,0.01,76,266902,买盘
11:00:42,35.11,-0.01,101,354602,卖盘
11:00:45,35.12,0.01,858,3013069,买盘
11:00:48,35.12,0.0,21,73752,卖盘
11:00:51,35.12,0.0,31,108872,卖盘
11:00:54,35.12,0.0,20,70240,卖盘
11:00:57,35.12,0.0,9,31609,卖盘
11:01:00,35.12,0.0,98,344186,卖盘
11:01:03,35.13,0.01,6,21077,买盘
11:01:06,35.12,-0.01,7,24584,卖盘
11:01:09,35.13,0.01,11,38643,买盘
11:01:12,35.13,0.0,167,586423,买盘
11:01:15,35.12,-0.01,46,161543,卖盘
11:01:18,35.12,0.0,11,38623,买盘
11:01:21,35.11,-0.01,27,94802,卖盘
11:01:24,35.13,0.02,273,958686,买盘
11:01:27,35.11,-0.02,3,10534,卖盘
11:01:30,35.11,0.0,22,77242,卖盘
11:01:33,35.11,0.0,20,70222,卖盘
11:01:36,35.11,0.0,33,115896,卖盘
11:01:39,35.13,0.02,574,2015061,买盘
11:01:42,35.12,-0.01,66,231746,卖盘
11:01:45,35.12,0.0,77,270366,卖盘
11:01:48,35.11,-0.01,8,28088,中性盘
11:01:51,35.11,0.0,53,186097,买盘
11:01:54,35.1,-0.01,65,228221,卖盘
11:01:57,35.1,0.0,6,21062,卖盘
11:02:00,35.1,0.0,28,98307,卖盘
11:02:03,35.1,0.0,45,157961,卖盘
11:02:06,35.11,0.01,330,1158302,买盘
11:02:09,35.1,-0.01,13,45637,卖盘
11:02:12,35.11,0.01,71,249257,买盘
11:02:15,35.1,-0.01,166,582670,卖盘
11:02:18,35.1,0.0,29,101805,卖盘
11:02:21,35.1,0.0,3,10530,卖盘
11:02:24,35.1,0.0,6,21060,卖盘
11:02:30,35.1,0.0,218,765183,卖盘
11:02:33,35.11,0.01,3,10533,买盘
11:02:36,35.11,0.0,75,263308,买盘
11:02:39,35.1,-0.01,108,379150,卖盘
11:02:42,35.11,0.01,50,175541,买盘
11:02:45,35.1,-0.01,168,589680,卖盘
11:02:48,35.1,0.0,167,586221,卖盘
11:02:51,35.11,0.01,19,66697,买盘
11:02:54,35.11,0.0,1,3511,买盘
11:02:57,35.1,-0.01,41,143939,卖盘
11:03:00,35.11,0.01,152,533672,买盘
11:03:03,35.11,0.0,32,112322,买盘
11:03:06,35.11,0.0,18,63196,买盘
11:03:09,35.11,0.0,51,179061,买盘
11:03:12,35.11,0.0,25,87766,买盘
11:03:15,35.11,0.0,265,930261,买盘
11:03:18,35.1,-0.01,121,424721,卖盘
11:03:21,35.1,0.0,497,1744964,卖盘
11:03:24,35.11,0.01,498,1748215,买盘
11:03:27,35.11,0.0,15,52656,买盘
11:03:30,35.1,-0.01,513,1800636,卖盘
11:03:33,35.11,0.01,31,108841,买盘
11:03:36,35.11,0.0,35,122859,买盘
11:03:39,35.11,0.0,86,301936,买盘
11:03:42,35.1,-0.01,519,1822197,卖盘
11:03:45,35.09,-0.01,95,331270,卖盘
11:03:48,35.1,0.01,6,21060,买盘
11:03:51,35.1,0.0,8,28080,买盘
11:03:54,35.1,0.0,20,70194,买盘
11:03:57,35.1,0.0,517,1814162,买盘
11:04:00,35.1,0.0,513,1799923,买盘
11:04:03,35.09,-0.01,1039,3644954,卖盘
11:04:06,35.09,0.0,50,175448,买盘
11:04:09,35.09,0.0,24,84206,买盘
11:04:12,35.09,0.0,89,312301,买盘
11:04:15,35.09,0.0,128,449033,买盘
11:04:18,35.09,0.0,13,45607,买盘
11:04:21,35.09,0.0,111,389422,买盘
11:04:24,35.09,0.0,2,7018,买盘
11:04:27,35.09,0.0,35,122815,买盘
11:04:30,35.09,0.0,67,235067,买盘
11:04:33,35.09,0.0,141,494769,买盘
11:04:36,35.09,0.0,2,7018,卖盘
11:04:39,35.1,0.01,435,1526454,买盘
11:04:42,35.09,-0.01,35,122815,卖盘
11:04:45,35.09,0.0,89,312320,卖盘
11:04:48,35.1,0.01,129,452682,买盘
11:04:51,35.09,-0.01,10,35098,卖盘
11:04:54,35.1,0.01,260,912297,买盘
11:04:57,35.09,-0.01,307,1077263,卖盘
11:05:00,35.1,0.01,437,1532436,买盘
11:05:03,35.1,0.0,15,52646,买盘
11:05:06,35.09,-0.01,16,56144,卖盘
11:05:09,35.09,0.0,214,751036,卖盘
11:05:12,35.09,0.0,29,101789,卖盘
11:05:15,35.09,0.0,112,393008,卖盘
11:05:18,35.1,0.01,2,7020,买盘
11:05:21,35.09,-0.01,47,164923,卖盘
11:05:24,35.1,0.01,5,17550,买盘
11:05:27,35.1,0.0,5,17550,买盘
11:05:30,35.09,-0.01,164,575622,卖盘
11:05:33,35.09,0.0,194,680902,卖盘
11:05:36,35.09,0.0,23,80717,卖盘
11:05:39,35.1,0.01,800,2807272,买盘
11:05:42,35.09,-0.01,55,192997,卖盘
11:05:45,35.1,0.01,287,1008234,买盘
11:05:48,35.08,-0.02,30,105243,卖盘
11:05:51,35.09,0.01,9,31578,买盘
11:05:54,35.09,0.0,14,49121,买盘
11:05:57,35.08,-0.01,76,266617,卖盘
11:06:00,35.09,0.01,7,24559,买盘
11:06:03,35.09,0.0,2,7018,买盘
11:06:06,35.08,-0.01,42,147349,卖盘
11:06:09,35.09,0.01,5,17545,买盘
11:06:12,35.09,0.0,398,1396532,买盘
11:06:15,35.09,0.0,100,350900,卖盘
11:06:18,35.09,0.0,1,3509,卖盘
11:06:21,35.1,0.01,30,105276,买盘
11:06:24,35.09,-0.01,118,414067,卖盘
11:06:27,35.09,0.0,614,2153932,买盘
11:06:30,35.09,0.0,19,66671,买盘
11:06:33,35.09,0.0,7,24563,中性盘
11:06:36,35.09,0.0,13,45627,卖盘
11:06:39,35.1,0.01,71,249210,买盘
11:06:45,35.09,-0.01,102,357927,卖盘
11:06:48,35.09,0.0,67,235104,卖盘
11:06:51,35.09,0.0,352,1235168,买盘
11:06:54,35.09,0.0,27,94743,买盘
11:06:57,35.09,0.0,50,175450,买盘
11:07:00,35.09,0.0,56,196504,买盘
11:07:03,35.09,0.0,17,59653,卖盘
11:07:06,35.1,0.01,6,21058,买盘
11:07:09,35.1,0.0,17,59670,买盘
11:07:12,35.1,0.0,15,52640,买盘
11:07:15,35.1,0.0,92,322831,买盘
11:07:18,35.1,0.0,7,24567,买盘
11:07:21,35.1,0.0,53,186030,买盘
11:07:24,35.09,-0.01,40,140389,卖盘
11:07:27,35.09,0.0,45,157905,卖盘
11:07:30,35.1,0.01,6,21060,买盘
11:07:33,35.09,-0.01,17,59656,卖盘
11:07:36,35.09,0.0,696,2442956,卖盘
11:07:39,35.1,0.01,76,266824,卖盘
11:07:42,35.11,0.01,29,101797,买盘
11:07:45,35.1,-0.01,50,175502,卖盘
11:07:48,35.1,0.0,21,73709,买盘
11:07:51,35.1,0.0,41,143910,买盘
11:07:54,35.1,0.0,9,31590,买盘
11:07:57,35.1,0.0,64,224610,买盘
11:08:00,35.1,0.0,36,126351,买盘
11:08:03,35.1,0.0,14,49140,买盘
11:08:06,35.1,0.0,3,10531,卖盘
11:08:09,35.1,0.0,8,28086,卖盘
11:08:12,35.1,0.0,21,73724,卖盘
11:08:15,35.11,0.01,125,438754,买盘
11:08:18,35.11,0.0,6,21066,买盘
11:08:21,35.11,0.0,13,45643,买盘
11:08:24,35.11,0.0,31,108821,买盘
11:08:27,35.11,0.0,37,129907,买盘
11:08:30,35.1,-0.01,22,77222,卖盘
11:08:33,35.11,0.01,78,273801,买盘
11:08:36,35.11,0.0,29,101816,买盘
11:08:39,35.11,0.0,73,256303,买盘
11:08:42,35.11,0.0,106,372066,买盘
11:08:45,35.1,-0.01,139,487899,卖盘
11:08:48,35.11,0.01,14,49143,买盘
11:08:51,35.11,0.0,177,621432,买盘
11:08:54,35.1,-0.01,5,17551,卖盘
11:08:57,35.1,0.0,5,17552,卖盘
11:09:00,35.11,0.01,12,42122,买盘
11:09:03,35.11,0.0,11,38621,买盘
11:09:06,35.1,-0.01,9,31591,卖盘
11:09:09,35.1,0.0,251,881254,卖盘
11:09:12,35.11,0.01,52,182570,买盘
11:09:15,35.11,0.0,156,547596,买盘
11:09:18,35.1,-0.01,13,45641,卖盘
11:09:21,35.11,0.01,128,449360,买盘
11:09:24,35.11,0.0,47,164999,买盘
11:09:27,35.1,-0.01,230,807520,卖盘
11:09:30,35.11,0.01,32,112352,买盘
11:09:33,35.11,0.0,9,31592,买盘
11:09:36,35.1,-0.01,181,635310,卖盘
11:09:39,35.11,0.01,22,77228,买盘
11:09:42,35.11,0.0,122,428286,买盘
11:09:45,35.11,0.0,157,551090,买盘
11:09:48,35.11,0.0,13,45643,买盘
11:09:51,35.11,0.0,144,505583,买盘
11:09:54,35.11,0.0,37,129874,买盘
11:09:57,35.11,0.0,15,52665,买盘
11:10:00,35.11,0.0,245,860195,买盘
11:10:03,35.11,0.0,173,607403,买盘
11:10:06,35.11,0.0,167,587495,买盘
11:10:09,35.12,0.01,424,1489086,买盘
11:10:12,35.12,0.0,9,31606,买盘
11:10:15,35.12,0.0,109,382700,买盘
11:10:21,35.11,-0.01,514,1805196,卖盘
11:10:24,35.11,0.0,61,214175,卖盘
11:10:27,35.12,0.01,42,147504,卖盘
11:10:30,35.13,0.01,17,59703,买盘
11:10:33,35.13,0.0,37,129951,买盘
11:10:36,35.12,-0.01,12,42154,卖盘
11:10:39,35.13,0.01,2,7026,买盘
11:10:42,35.12,-0.01,109,382946,卖盘
11:10:45,35.12,0.0,120,421506,卖盘
11:10:48,35.13,0.01,54,189722,卖盘
11:10:51,35.13,0.0,6,21078,卖盘
11:10:54,35.14,0.01,50,175691,买盘
11:10:57,35.13,-0.01,6,21083,卖盘
11:11:00,35.13,0.0,9,31620,卖盘
11:11:03,35.13,0.0,29,101897,卖盘
11:11:06,35.13,0.0,19,66764,卖盘
11:11:09,35.13,0.0,12,42159,卖盘
11:11:12,35.14,0.01,29,101906,买盘
11:11:15,35.13,-0.01,331,1163034,卖盘
11:11:18,35.13,0.0,10,35130,卖盘
11:11:21,35.13,0.0,39,137028,卖盘
11:11:27,35.14,0.01,33,115943,买盘
11:11:30,35.14,0.0,12,42168,买盘
11:11:33,35.13,-0.01,13,45670,卖盘
11:11:36,35.14,0.01,268,941490,买盘
11:11:39,35.13,-0.01,82,288076,卖盘
11:11:42,35.14,0.01,289,1015525,买盘
11:11:45,35.13,-0.01,155,544525,卖盘
11:11:48,35.14,0.01,45,158123,买盘
11:11:51,35.14,0.0,90,316221,买盘
11:11:57,35.14,0.0,398,1398553,买盘
11:12:00,35.14,0.0,47,165137,买盘
11:12:03,35.14,0.0,49,172151,买盘
11:12:06,35.13,-0.01,5,17568,卖盘
11:12:09,35.13,0.0,14,49187,卖盘
11:12:12,35.13,0.0,17,59724,卖盘
11:12:15,35.14,0.01,134,470776,买盘
11:12:18,35.13,-0.01,13,45670,卖盘
11:12:21,35.14,0.01,21,73776,买盘
11:12:24,35.14,0.0,77,270577,买盘
11:12:27,35.13,-0.01,60,210790,卖盘
11:12:30,35.14,0.01,18,63243,买盘
11:12:33,35.13,-0.01,59,207305,卖盘
11:12:36,35.13,0.0,19,66747,卖盘
11:12:39,35.14,0.01,187,656939,买盘
11:12:42,35.13,-0.01,91,319755,卖盘
11:12:45,35.13,0.0,22,77280,买盘
11:12:48,35.13,0.0,260,913130,买盘
11:12:51,35.13,0.0,48,168619,买盘
11:12:54,35.13,0.0,232,815000,买盘
11:12:57,35.13,0.0,55,193165,买盘
11:13:00,35.13,0.0,7,24591,买盘
11:13:03,35.13,0.0,34,119424,买盘
11:13:06,35.13,0.0,4,14050,买盘
11:13:09,35.13,0.0,23,80799,买盘
11:13:12,35.13,0.0,24,84312,买盘
11:13:15,35.13,0.0,293,1029076,买盘
11:13:18,35.13,0.0,35,122935,买盘
11:13:21,35.13,0.0,35,122955,买盘
11:13:24,35.13,0.0,72,252935,买盘
11:13:27,35.13,0.0,6,21078,买盘
11:13:30,35.13,0.0,23,80799,买盘
11:13:33,35.12,-0.01,50,175634,卖盘
11:13:36,35.13,0.01,118,414474,买盘
11:13:39,35.13,0.0,95,333654,卖盘
11:13:42,35.13,0.0,139,488324,买盘
11:13:45,35.13,0.0,212,744569,买盘
11:13:48,35.11,-0.02,6,21067,卖盘
11:13:51,35.13,0.02,51,179136,买盘
11:13:54,35.11,-0.02,8,28089,卖盘
11:13:57,35.13,0.02,105,368789,买盘
11:14:00,35.11,-0.02,20,70220,卖盘
11:14:03,35.12,0.01,11,37237,中性盘
11:14:06,35.13,0.01,3,10537,中性盘
11:14:09,35.12,-0.01,26,91320,卖盘
11:14:12,35.12,0.0,32,112411,卖盘
11:14:15,35.12,0.0,131,460073,卖盘
11:14:18,35.12,0.0,117,410910,卖盘
11:14:21,35.13,0.01,32,112399,买盘
11:14:24,35.12,-0.01,5,17563,卖盘
11:14:27,35.12,0.0,27,94834,卖盘
11:14:30,35.12,0.0,103,362034,卖盘
11:14:33,35.13,0.01,21,73475,买盘
11:14:36,35.13,0.0,26,91323,买盘
11:14:39,35.12,-0.01,60,210723,卖盘
11:14:42,35.11,-0.01,84,295038,卖盘
11:14:45,35.11,0.0,71,249303,卖盘
11:14:48,35.12,0.01,44,154513,买盘
11:14:51,35.13,0.01,129,453019,买盘
11:14:54,35.13,0.0,49,172113,买盘
11:14:57,35.12,-0.01,4,14048,卖盘
11:15:00,35.12,0.0,5,17560,卖盘
11:15:03,35.12,0.0,23,80777,卖盘
11:15:06,35.13,0.01,14,49175,买盘
11:15:09,35.12,-0.01,11,38636,卖盘
11:15:12,35.13,0.01,41,144000,买盘
11:15:15,35.12,-0.01,72,252864,卖盘
11:15:18,35.13,0.01,135,474147,买盘
11:15:21,35.12,-0.01,44,154557,卖盘
11:15:24,35.13,0.01,7,24590,买盘
11:15:27,35.13,0.0,20,70254,买盘
11:15:30,35.12,-0.01,33,115913,卖盘
11:15:33,35.12,0.0,42,147511,卖盘
11:15:36,35.13,0.01,4,14050,买盘
11:15:39,35.12,-0.01,131,460172,卖盘
11:15:42,35.12,0.0,167,586582,卖盘
11:15:45,35.14,0.02,158,554914,买盘
11:15:48,35.13,-0.01,22,77285,卖盘
11:15:51,35.13,0.0,14,49182,买盘
11:15:54,35.13,0.0,45,158121,卖盘
11:15:57,35.13,0.0,9,31623,卖盘
11:16:00,35.14,0.01,13,45681,买盘
11:16:03,35.13,-0.01,8,28110,卖盘
11:16:06,35.13,0.0,32,112417,卖盘
11:16:12,35.13,0.0,176,618437,卖盘
11:16:15,35.13,0.0,124,435614,卖盘
11:16:18,35.13,0.0,44,154604,卖盘
11:16:21,35.13,0.0,23,80820,卖盘
11:16:24,35.13,0.0,298,1047124,卖盘
11:16:27,35.14,0.01,44,154595,买盘
11:16:30,35.14,0.0,25,87826,买盘
11:16:33,35.14,0.0,911,3201253,买盘
11:16:36,35.14,0.0,281,987368,买盘
11:16:39,35.14,0.0,17,59738,卖盘
11:16:42,35.15,0.01,67,235505,买盘
11:16:45,35.14,-0.01,132,463816,卖盘
11:16:48,35.15,0.01,132,463928,买盘
11:16:51,35.14,-0.01,6,21084,卖盘
11:16:54,35.15,0.01,225,790669,买盘
11:16:57,35.15,0.0,2,7029,买盘
11:17:00,35.15,0.0,26,91389,买盘
11:17:03,35.15,0.0,10,35150,买盘
11:17:06,35.15,0.0,469,1648503,买盘
11:17:09,35.15,0.0,20,70294,买盘
11:17:12,35.14,-0.01,10,35148,卖盘
11:17:15,35.14,0.0,152,534188,卖盘
11:17:18,35.15,0.01,10,35149,买盘
11:17:21,35.14,-0.01,16,56227,卖盘
11:17:27,35.14,0.0,73,256522,卖盘
11:17:30,35.15,0.01,63,221395,买盘
11:17:33,35.14,-0.01,55,193284,卖盘
11:17:36,35.15,0.01,75,263600,买盘
11:17:39,35.14,-0.01,39,137073,卖盘
11:17:42,35.14,0.0,71,249562,卖盘
11:17:45,35.15,0.01,190,667752,买盘
11:17:48,35.14,-0.01,17,59746,卖盘
11:17:51,35.15,0.01,53,186289,买盘
11:17:54,35.14,-0.01,7,24602,卖盘
11:17:57,35.15,0.01,46,161657,买盘
11:18:00,35.15,0.0,66,231961,买盘
11:18:03,35.15,0.0,903,3174036,买盘
11:18:06,35.15,0.0,1623,5704843,买盘
11:18:09,35.16,0.01,829,2914095,买盘
11:18:12,35.16,0.0,36,126580,卖盘
11:18:15,35.16,0.0,167,587222,卖盘
11:18:18,35.16,0.0,11,38676,卖盘
11:18:21,35.16,0.0,72,253208,卖盘
11:18:24,35.17,0.01,8,28136,买盘
11:18:27,35.16,-0.01,15,52746,卖盘
11:18:30,35.17,0.01,23,80891,买盘
11:18:33,35.16,-0.01,16,56262,卖盘
11:18:36,35.17,0.01,83,291848,买盘
11:18:39,35.16,-0.01,348,1223847,卖盘
11:18:42,35.18,0.02,524,1842545,买盘
11:18:45,35.18,0.0,40,140720,买盘
11:18:48,35.19,0.01,202,710629,买盘
11:18:51,35.19,0.0,10,35185,买盘
11:18:54,35.18,-0.01,28,98512,卖盘
11:18:57,35.18,0.0,105,369476,卖盘
11:19:00,35.18,0.0,32,112584,卖盘
11:19:03,35.19,0.01,22,77418,买盘
11:19:06,35.19,0.0,183,643972,买盘
11:19:09,35.2,0.01,231,813115,买盘
11:19:12,35.2,0.0,74,260430,卖盘
11:19:15,35.2,0.0,59,207680,买盘
11:19:18,35.22,0.02,77,271086,买盘
11:19:21,35.21,-0.01,114,401425,卖盘
11:19:24,35.21,0.0,33,116216,卖盘
11:19:27,35.21,0.0,58,204267,卖盘
11:19:30,35.22,0.01,121,426161,买盘
11:19:33,35.22,0.0,55,193678,卖盘
11:19:36,35.23,0.01,16,56360,买盘
11:19:39,35.24,0.01,195,686882,买盘
11:19:42,35.24,0.0,65,229060,买盘
11:19:44,35.23,-0.01,1,3558,卖盘
11:19:48,35.25,0.02,49,172694,买盘
11:19:51,35.25,0.0,104,366706,买盘
11:19:54,35.27,0.02,147,518232,买盘
11:19:57,35.26,-0.01,61,215087,买盘
11:20:00,35.27,0.01,365,1286693,买盘
11:20:03,35.27,0.0,43,151644,买盘
11:20:06,35.2,-0.07,979,3449169,卖盘
11:20:09,35.27,0.07,297,1045609,买盘
11:20:12,35.27,0.0,72,253940,买盘
11:20:15,35.29,0.02,216,762009,买盘
11:20:18,35.27,-0.02,116,409146,卖盘
11:20:21,35.27,0.0,38,134087,买盘
11:20:24,35.27,0.0,122,432615,买盘
11:20:27,35.27,0.0,23,81109,买盘
11:20:30,35.25,-0.02,162,568236,卖盘
11:20:33,35.25,0.0,57,200925,买盘
11:20:36,35.25,0.0,39,137399,买盘
11:20:39,35.22,-0.03,14,51073,中性盘
11:20:42,35.21,-0.01,93,325946,卖盘
11:20:45,35.22,0.01,13,45775,买盘
11:20:48,35.21,-0.01,119,418999,卖盘
11:20:52,35.21,0.0,215,756858,买盘
11:20:54,35.2,-0.01,37,130266,中性盘
11:20:57,35.19,-0.01,44,154867,卖盘
11:21:00,35.19,0.0,167,587679,卖盘
11:21:03,35.19,0.0,67,238155,买盘
11:21:06,35.18,-0.01,20,70377,卖盘
11:21:09,35.18,0.0,11,38699,卖盘
11:21:12,35.18,0.0,4,14072,卖盘
11:21:15,35.18,0.0,62,216774,卖盘
11:21:18,35.19,0.01,36,126671,买盘
11:21:21,35.19,0.0,18,63342,买盘
11:21:24,35.19,0.0,36,126659,买盘
11:21:27,35.19,0.0,98,345432,买盘
11:21:30,35.18,-0.01,13,45737,卖盘
11:21:33,35.18,0.0,22,77416,卖盘
11:21:36,35.19,0.01,69,243891,买盘
11:21:39,35.18,-0.01,317,1115310,卖盘
11:21:42,35.18,0.0,213,746655,卖盘
11:21:45,35.18,0.0,34,119612,买盘
11:21:48,35.18,0.0,43,151256,买盘
11:21:51,35.18,0.0,27,94986,买盘
11:21:54,35.18,0.0,34,119612,买盘
11:21:57,35.18,0.0,115,404512,买盘
11:22:00,35.18,0.0,76,267320,买盘
11:22:03,35.18,0.0,37,130164,买盘
11:22:06,35.18,0.0,4,14070,买盘
11:22:09,35.18,0.0,246,866080,买盘
11:22:12,35.19,0.01,26,91469,买盘
11:22:15,35.18,-0.01,4,14072,卖盘
11:22:18,35.18,0.0,9,31662,卖盘
11:22:21,35.18,0.0,39,137212,卖盘
11:22:24,35.19,0.01,81,285038,买盘
11:22:27,35.19,0.0,44,154828,买盘
11:22:30,35.19,0.0,31,109089,买盘
11:22:33,35.19,0.0,56,197015,买盘
11:22:36,35.18,-0.01,37,130187,卖盘
11:22:39,35.19,0.01,212,746019,买盘
11:22:42,35.19,0.0,150,527369,买盘
11:22:45,35.19,0.0,72,253312,买盘
11:22:48,35.19,0.0,63,221684,买盘
11:22:52,35.19,0.0,14,49266,买盘
11:22:54,35.18,-0.01,452,1590455,卖盘
11:22:57,35.18,0.0,329,1157907,卖盘
11:23:00,35.18,0.0,110,386522,买盘
11:23:03,35.18,0.0,111,390498,卖盘
11:23:06,35.18,0.0,16,56745,卖盘
11:23:09,35.18,0.0,19,66842,买盘
11:23:12,35.18,0.0,79,277869,买盘
11:23:15,35.18,0.0,18,63319,买盘
11:23:18,35.18,0.0,82,288010,买盘
11:23:21,35.18,0.0,43,151741,卖盘
11:23:24,35.18,0.0,30,105526,卖盘
11:23:27,35.17,-0.01,8,28136,卖盘
11:23:30,35.18,0.01,17,59806,买盘
11:23:33,35.18,0.0,5,17587,买盘
11:23:36,35.18,0.0,12,42213,买盘
11:23:39,35.18,0.0,30,105524,买盘
11:23:42,35.18,0.0,75,263848,买盘
11:23:45,35.18,0.0,28,98504,买盘
11:23:48,35.17,-0.01,57,199767,卖盘
11:23:51,35.18,0.01,29,102019,买盘
11:23:54,35.18,0.0,252,886524,买盘
11:23:57,35.18,0.0,22,77375,买盘
11:24:00,35.18,0.0,538,1896253,买盘
11:24:03,35.18,0.0,1,3518,卖盘
11:24:06,35.18,0.0,2,7036,卖盘
11:24:09,35.19,0.01,45,158312,买盘
11:24:12,35.18,-0.01,33,116106,卖盘
11:24:15,35.19,0.01,11,38709,买盘
11:24:18,35.18,-0.01,32,112582,卖盘
11:24:21,35.18,0.0,22,77414,卖盘
11:24:24,35.18,0.0,6,21112,卖盘
11:24:27,35.18,0.0,212,746018,卖盘
11:24:30,35.19,0.01,27,92513,买盘
11:24:33,35.19,0.0,10,35185,买盘
11:24:36,35.19,0.0,25,87971,买盘
11:24:39,35.19,0.0,63,221689,买盘
11:24:42,35.19,0.0,104,365976,买盘
11:24:45,35.19,0.0,1,3519,买盘
11:24:48,35.2,0.01,197,693244,买盘
11:24:51,35.19,-0.01,48,168926,卖盘
11:24:54,35.19,0.0,4,14076,卖盘
11:24:57,35.19,0.0,34,119646,卖盘
11:25:00,35.2,0.01,10,35200,买盘
11:25:03,35.2,0.0,30,105600,买盘
11:25:06,35.2,0.0,293,1031358,买盘
11:25:09,35.2,0.0,35,123191,买盘
11:25:12,35.19,-0.01,57,200604,卖盘
11:25:15,35.19,0.0,15,52786,卖盘
11:25:18,35.19,0.0,42,147829,卖盘
11:25:21,35.2,0.01,108,380160,买盘
11:25:24,35.2,0.0,30,105600,买盘
11:25:27,35.19,-0.01,164,577145,卖盘
11:25:30,35.19,0.0,168,591359,卖盘
11:25:33,35.2,0.01,131,461120,买盘
11:25:36,35.21,0.01,171,601875,买盘
11:25:39,35.2,-0.01,8,28160,卖盘
11:25:42,35.21,0.01,71,249991,买盘
11:25:48,35.2,-0.01,22,77442,卖盘
11:25:51,35.21,0.01,14,49294,买盘
11:25:54,35.21,0.0,78,274638,买盘
11:25:57,35.21,0.0,90,316889,卖盘
11:26:00,35.21,0.0,10,35210,买盘
11:26:03,35.21,0.0,17,59857,买盘
11:26:06,35.21,0.0,65,228862,买盘
11:26:09,35.21,0.0,65,228857,买盘
11:26:12,35.21,0.0,33,116193,买盘
11:26:15,35.21,0.0,91,320381,买盘
11:26:18,35.21,0.0,97,341576,买盘
11:26:21,35.21,0.0,33,116193,卖盘
11:26:24,35.21,0.0,1,3521,卖盘
11:26:27,35.21,0.0,37,130277,卖盘
11:26:30,35.21,0.0,5,17606,卖盘
11:26:33,35.22,0.01,5,17609,买盘
11:26:36,35.22,0.0,13,45783,买盘
11:26:39,35.22,0.0,19,66903,买盘
11:26:42,35.22,0.0,102,358831,买盘
11:26:45,35.22,0.0,19,66913,买盘
11:26:48,35.21,-0.01,114,401460,卖盘
11:26:51,35.22,0.01,124,436654,买盘
11:26:54,35.22,0.0,40,140853,买盘
11:26:58,35.21,-0.01,111,390833,卖盘
11:27:00,35.21,0.0,16,56492,卖盘
11:27:03,35.22,0.01,18,63386,买盘
11:27:06,35.21,-0.01,70,246497,卖盘
11:27:09,35.21,0.0,24,84515,卖盘
11:27:12,35.22,0.01,17,61765,买盘
11:27:15,35.21,-0.01,7,24649,卖盘
11:27:18,35.21,0.0,15,52816,卖盘
11:27:21,35.21,0.0,131,461251,卖盘
11:27:24,35.21,0.0,172,605953,买盘
11:27:27,35.2,-0.01,193,679544,卖盘
11:27:30,35.2,0.0,94,330955,卖盘
11:27:33,35.21,0.01,36,126756,买盘
11:27:36,35.21,0.0,18,63366,买盘
11:27:39,35.2,-0.01,15,52800,卖盘
11:27:42,35.21,0.01,68,239427,买盘
11:27:45,35.21,0.0,2,7042,买盘
11:27:48,35.21,0.0,48,168978,买盘
11:27:51,35.21,0.0,10,35209,买盘
11:27:54,35.21,0.0,196,690570,买盘
11:27:57,35.21,0.0,117,411943,买盘
11:28:00,35.2,-0.01,118,415477,卖盘
11:28:03,35.21,0.01,519,1827398,买盘
11:28:06,35.21,0.0,92,323860,买盘
11:28:09,35.21,0.0,22,76991,买盘
11:28:12,35.21,0.0,89,313368,买盘
11:28:15,35.21,0.0,14,49294,买盘
11:28:18,35.2,-0.01,15,52807,卖盘
11:28:21,35.2,0.0,978,3442208,卖盘
11:28:24,35.2,0.0,52,182553,买盘
11:28:27,35.2,0.0,207,728432,买盘
11:28:30,35.19,-0.01,183,643801,中性盘
11:28:36,35.18,-0.01,37,130830,卖盘
11:28:39,35.19,0.01,64,225192,买盘
11:28:42,35.18,-0.01,6,21108,卖盘
11:28:45,35.19,0.01,121,425792,买盘
11:28:48,35.17,-0.02,195,686008,卖盘
11:28:51,35.19,0.02,15,52778,买盘
11:28:54,35.18,-0.01,29,101998,买盘
11:28:57,35.18,0.0,31,109050,买盘
11:29:00,35.18,0.0,17,59806,买盘
11:29:03,35.17,-0.01,144,505895,卖盘
11:29:07,35.17,0.0,5,17588,卖盘
11:29:09,35.18,0.01,231,812449,买盘
11:29:12,35.18,0.0,32,112576,买盘
11:29:15,35.18,0.0,38,133262,卖盘
11:29:18,35.19,0.01,48,168903,买盘
11:29:21,35.18,-0.01,18,63329,卖盘
11:29:24,35.18,0.0,31,109479,卖盘
11:29:27,35.18,0.0,50,175875,买盘
11:29:30,35.16,-0.02,195,685766,卖盘
11:29:33,35.18,0.02,42,147756,买盘
11:29:36,35.18,0.0,18,63337,卖盘
11:29:39,35.18,0.0,6,21108,买盘
11:29:42,35.18,0.0,23,80903,买盘
11:29:45,35.17,-0.01,150,527550,卖盘
11:29:48,35.17,0.0,26,91433,买盘
11:29:51,35.16,-0.01,214,750500,卖盘
11:29:54,35.17,0.01,33,116058,买盘
11:29:57,35.17,0.0,24,84392,买盘
11:30:00,35.17,0.0,59,207502,买盘
13:00:00,35.17,0.0,346,1216821,买盘
13:00:04,35.17,0.0,2876,10116499,买盘
13:00:06,35.17,0.0,1867,6563383,卖盘
13:00:10,35.16,-0.01,63,221534,卖盘
13:00:12,35.16,0.0,842,2958028,买盘
13:00:15,35.15,-0.01,373,1310685,买盘
13:00:18,35.13,-0.02,389,1366393,卖盘
13:00:21,35.13,0.0,78,274006,卖盘
13:00:24,35.13,0.0,184,646256,卖盘
13:00:27,35.13,0.0,159,558445,买盘
13:00:31,35.12,-0.01,293,1029016,卖盘
13:00:34,35.12,0.0,144,505859,卖盘
13:00:37,35.13,0.01,77,270615,中性盘
13:00:39,35.14,0.01,152,534147,中性盘
13:00:42,35.13,-0.01,134,470851,卖盘
13:00:45,35.14,0.01,119,418142,买盘
13:00:48,35.13,-0.01,46,161604,卖盘
13:00:51,35.13,0.0,431,1513688,买盘
13:00:54,35.13,0.0,45,158085,买盘
13:00:57,35.12,-0.01,92,323128,卖盘
13:01:00,35.13,0.01,79,280167,买盘
13:01:04,35.12,-0.01,177,621768,卖盘
13:01:06,35.12,0.0,45,158043,卖盘
13:01:09,35.12,0.0,427,1499640,卖盘
13:01:12,35.12,0.0,131,460176,卖盘
13:01:15,35.13,0.01,25,87805,买盘
13:01:18,35.12,-0.01,178,625141,卖盘
13:01:21,35.12,0.0,33,115896,买盘
13:01:24,35.12,0.0,17,59704,买盘
13:01:27,35.12,0.0,208,730334,买盘
13:01:30,35.11,-0.01,1744,6120586,卖盘
13:01:33,35.1,-0.01,43,150959,卖盘
13:01:36,35.11,0.01,303,1063630,买盘
13:01:39,35.1,-0.01,6,21062,卖盘
13:01:42,35.1,0.0,212,744294,卖盘
13:01:45,35.11,0.01,216,759300,买盘
13:01:48,35.1,-0.01,158,554596,卖盘
13:01:51,35.1,0.0,300,1053070,卖盘
13:01:54,35.11,0.01,74,259801,买盘
13:01:57,35.11,0.0,55,193075,买盘
13:02:00,35.11,0.0,76,266784,买盘
13:02:03,35.11,0.0,83,291391,买盘
13:02:07,35.11,0.0,691,2425460,买盘
13:02:09,35.1,-0.01,235,824114,卖盘
13:02:12,35.1,0.0,35,122863,卖盘
13:02:15,35.12,0.02,1377,4833415,买盘
13:02:19,35.12,0.0,14,49154,买盘
13:02:21,35.12,0.0,6,21071,买盘
13:02:24,35.12,0.0,35,122906,买盘
13:02:27,35.11,-0.01,78,273863,卖盘
13:02:31,35.12,0.01,19,66720,买盘
13:02:33,35.12,0.0,21,73739,买盘
13:02:36,35.11,-0.01,117,410847,卖盘
13:02:39,35.11,0.0,10,35108,买盘
13:02:42,35.1,-0.01,36,126385,卖盘
13:02:45,35.1,0.0,430,1509414,卖盘
13:02:48,35.1,0.0,81,284344,卖盘
13:02:51,35.1,0.0,20,70202,卖盘
13:02:54,35.11,0.01,146,512567,买盘
13:02:58,35.1,-0.01,176,617671,卖盘
13:03:00,35.09,-0.01,171,600088,卖盘
13:03:03,35.1,0.01,129,452678,买盘
13:03:06,35.1,0.0,124,435227,买盘
13:03:09,35.1,0.0,13,45625,买盘
13:03:12,35.09,-0.01,36,126357,卖盘
13:03:15,35.09,0.0,32,112300,卖盘
13:03:19,35.09,0.0,50,175495,卖盘
13:03:21,35.09,0.0,24,84239,卖盘
13:03:24,35.09,0.0,178,624625,卖盘
13:03:27,35.1,0.01,4,14037,买盘
13:03:30,35.1,0.0,4,14040,买盘
13:03:34,35.1,0.0,43,150895,买盘
13:03:36,35.09,-0.01,401,1407131,卖盘
13:03:39,35.09,0.0,19,66678,卖盘
13:03:43,35.09,0.0,12,42115,卖盘
13:03:45,35.09,0.0,219,768537,卖盘
13:03:48,35.09,0.0,2,7018,卖盘
13:03:51,35.1,0.01,12,42114,买盘
13:03:54,35.1,0.0,35,122849,买盘
13:03:57,35.1,0.0,57,200029,买盘
13:04:01,35.1,0.0,118,414100,买盘
13:04:04,35.09,-0.01,315,1106177,卖盘
13:04:07,35.1,0.01,157,550148,买盘
13:04:09,35.1,0.0,21,73700,买盘
13:04:12,35.09,-0.01,92,322845,卖盘
13:04:15,35.09,0.0,76,266684,买盘
13:04:18,35.09,0.0,207,726359,买盘
13:04:21,35.09,0.0,58,203521,买盘
13:04:24,35.09,0.0,30,105256,买盘
13:04:27,35.09,0.0,56,196504,买盘
13:04:30,35.09,0.0,88,308789,买盘
13:04:33,35.09,0.0,91,319397,卖盘
13:04:36,35.09,0.0,45,161035,卖盘
13:04:39,35.1,0.01,36,126359,买盘
13:04:43,35.1,0.0,165,578986,买盘
13:04:45,35.09,-0.01,288,1007486,卖盘
13:04:48,35.08,-0.01,136,477171,卖盘
13:04:51,35.1,0.02,21,73692,买盘
13:04:54,35.1,0.0,51,178974,买盘
13:04:57,35.09,-0.01,19,66681,卖盘
13:05:00,35.1,0.01,136,477233,买盘
13:05:03,35.09,-0.01,226,793036,卖盘
13:05:06,35.09,0.0,169,594666,卖盘
13:05:10,35.09,0.0,193,675775,卖盘
13:05:12,35.09,0.0,342,1200409,买盘
13:05:15,35.09,0.0,50,175450,卖盘
13:05:18,35.09,0.0,58,203528,买盘
13:05:21,35.1,0.01,90,315883,买盘
13:05:25,35.09,-0.01,35,122821,卖盘
13:05:27,35.09,0.0,31,108799,卖盘
13:05:30,35.09,0.0,65,228105,卖盘
13:05:33,35.09,0.0,94,329854,卖盘
13:05:36,35.1,0.01,40,140373,买盘
13:05:40,35.1,0.0,11,38608,买盘
13:05:42,35.1,0.0,30,105295,买盘
13:05:45,35.1,0.0,99,347469,买盘
13:05:48,35.1,0.0,116,407157,买盘
13:05:51,35.1,0.0,80,280736,买盘
13:05:54,35.11,0.01,140,491392,买盘
13:05:57,35.1,-0.01,44,154440,中性盘
13:06:00,35.11,0.01,15,52665,买盘
13:06:03,35.11,0.0,30,105311,买盘
13:06:07,35.1,-0.01,196,688113,卖盘
13:06:10,35.11,0.01,10,35109,中性盘
13:06:12,35.1,-0.01,92,322936,卖盘
13:06:15,35.12,0.02,12,42144,买盘
13:06:18,35.12,0.0,109,382744,买盘
13:06:21,35.12,0.0,133,467031,买盘
13:06:24,35.1,-0.02,378,1327004,卖盘
13:06:27,35.11,0.01,78,274954,卖盘
13:06:30,35.11,0.0,11,38621,买盘
13:06:33,35.12,0.01,57,200138,买盘
13:06:37,35.11,-0.01,135,473990,卖盘
13:06:39,35.11,0.0,19,66710,卖盘
13:06:42,35.11,0.0,40,140440,买盘
13:06:45,35.12,0.01,132,463287,买盘
13:06:48,35.1,-0.02,374,1313037,卖盘
13:06:51,35.12,0.02,20,70227,买盘
13:06:54,35.12,0.0,72,252818,买盘
13:06:57,35.11,-0.01,18,63199,卖盘
13:07:00,35.11,0.0,28,98308,卖盘
13:07:03,35.12,0.01,220,772469,买盘
13:07:06,35.12,0.0,25,87790,买盘
13:07:09,35.11,-0.01,881,3092362,卖盘
13:07:12,35.11,0.0,17,59694,买盘
13:07:15,35.12,0.01,2,7024,买盘
13:07:18,35.12,0.0,32,112368,买盘
13:07:21,35.12,0.0,9,31604,买盘
13:07:24,35.11,-0.01,28,97922,卖盘
13:07:27,35.11,0.0,111,390101,卖盘
13:07:30,35.11,0.0,6,21066,买盘
13:07:33,35.11,0.0,20,70220,买盘
13:07:36,35.11,0.0,35,122500,买盘
13:07:39,35.11,0.0,4,14044,卖盘
13:07:43,35.11,0.0,22,77242,卖盘
13:07:45,35.11,0.0,172,604038,卖盘
13:07:48,35.11,0.0,53,186083,卖盘
13:07:51,35.11,0.0,98,344090,卖盘
13:07:54,35.12,0.01,78,273929,买盘
13:07:57,35.12,0.0,6,21072,买盘
13:08:00,35.11,-0.01,21,73731,卖盘
13:08:03,35.1,-0.01,156,548048,卖盘
13:08:06,35.11,0.01,24,84258,买盘
13:08:10,35.1,-0.01,25,87770,卖盘
13:08:12,35.1,0.0,8,28085,卖盘
13:08:15,35.11,0.01,107,375591,买盘
13:08:18,35.11,0.0,98,343998,买盘
13:08:21,35.1,-0.01,17,59675,卖盘
13:08:24,35.1,0.0,18,63184,卖盘
13:08:27,35.11,0.01,22,77242,买盘
13:08:30,35.11,0.0,123,431850,买盘
13:08:33,35.1,-0.01,33,115835,卖盘
13:08:36,35.1,0.0,90,315938,卖盘
13:08:40,35.1,0.0,168,590749,卖盘
13:08:41,35.1,0.0,84,294840,卖盘
13:08:45,35.11,0.01,105,368637,买盘
13:08:48,35.11,0.0,371,1302261,买盘
13:08:51,35.11,0.0,28,98301,买盘
13:08:54,35.1,-0.01,19,66704,卖盘
13:08:57,35.11,0.01,23,80753,买盘
13:09:00,35.11,0.0,26,91286,买盘
13:09:03,35.1,-0.01,38,133400,卖盘
13:09:06,35.11,0.01,472,1657171,买盘
13:09:09,35.1,-0.01,108,379085,卖盘
13:09:12,35.11,0.01,48,168526,买盘
13:09:15,35.1,-0.01,229,803516,卖盘
13:09:18,35.11,0.01,9,31598,买盘
13:09:21,35.11,0.0,17,59685,买盘
13:09:24,35.11,0.0,31,108818,买盘
13:09:27,35.11,0.0,14,49146,买盘
13:09:30,35.11,0.0,29,101812,买盘
13:09:33,35.11,0.0,101,354607,买盘
13:09:36,35.11,0.0,81,284389,买盘
13:09:39,35.11,0.0,57,200077,买盘
13:09:42,35.11,0.0,116,407276,买盘
13:09:45,35.1,-0.01,24,84245,卖盘
13:09:48,35.11,0.01,94,330023,买盘
13:09:51,35.1,-0.01,186,653025,卖盘
13:09:54,35.11,0.01,70,245385,买盘
13:09:57,35.11,0.0,22,77242,卖盘
13:10:00,35.11,0.0,87,305461,卖盘
13:10:04,35.1,-0.01,64,224703,卖盘
13:10:06,35.11,0.01,35,122883,买盘
13:10:09,35.1,-0.01,379,1330318,卖盘
13:10:12,35.1,0.0,57,200116,卖盘
13:10:15,35.1,0.0,588,2063900,卖盘
13:10:18,35.11,0.01,49,172039,买盘
13:10:21,35.11,0.0,74,259793,买盘
13:10:24,35.11,0.0,183,642494,买盘
13:10:27,35.1,-0.01,115,403762,卖盘
13:10:29,35.11,0.01,21,73728,买盘
13:10:33,35.11,0.0,60,210639,卖盘
13:10:37,35.11,0.0,30,105311,买盘
13:10:39,35.11,0.0,320,1123234,买盘
13:10:43,35.1,-0.01,11,38617,卖盘
13:10:45,35.1,0.0,69,242206,卖盘
13:10:48,35.11,0.01,164,575804,买盘
13:10:51,35.1,-0.01,215,753811,卖盘
13:10:54,35.11,0.01,10,35110,买盘
13:11:00,35.11,0.0,3,10533,买盘
13:11:03,35.1,-0.01,91,319448,卖盘
13:11:06,35.1,0.0,240,842407,卖盘
13:11:09,35.11,0.01,35,122876,买盘
13:11:12,35.11,0.0,61,214111,买盘
13:11:15,35.1,-0.01,97,340471,卖盘
13:11:18,35.1,0.0,33,115847,卖盘
13:11:21,35.1,0.0,4,14043,卖盘
13:11:24,35.1,0.0,69,242236,卖盘
13:11:27,35.11,0.01,169,593354,买盘
13:11:30,35.1,-0.01,32,112327,卖盘
13:11:33,35.11,0.01,61,214113,买盘
13:11:36,35.1,-0.01,106,372063,卖盘
13:11:39,35.11,0.01,62,217637,买盘
13:11:42,35.11,0.0,45,157964,买盘
13:11:45,35.1,-0.01,76,266774,卖盘
13:11:48,35.1,0.0,159,558171,卖盘
13:11:51,35.11,0.01,52,182545,买盘
13:11:54,35.1,-0.01,138,484381,卖盘
13:11:57,35.1,0.0,105,368550,买盘
13:12:00,35.1,0.0,74,259674,买盘
13:12:03,35.1,0.0,32,112303,买盘
13:12:06,35.1,0.0,263,922904,买盘
13:12:09,35.09,-0.01,115,403567,卖盘
13:12:12,35.1,0.01,14,49138,买盘
13:12:15,35.1,0.0,874,3066893,买盘
13:12:18,35.1,0.0,44,154430,买盘
13:12:21,35.1,0.0,23,80714,买盘
13:12:24,35.09,-0.01,73,256158,卖盘
13:12:27,35.1,0.01,51,179044,买盘
13:12:30,35.1,0.0,128,449269,买盘
13:12:33,35.1,0.0,180,631688,买盘
13:12:36,35.1,0.0,372,1305718,买盘
13:12:39,35.09,-0.01,141,494735,卖盘
13:12:45,35.08,-0.01,70,245560,卖盘
13:12:48,35.09,0.01,107,375462,买盘
13:12:51,35.08,-0.01,53,185964,卖盘
13:12:54,35.09,0.01,129,452645,买盘
13:12:57,35.09,0.0,15,52630,买盘
13:13:00,35.09,0.0,46,161411,买盘
13:13:03,35.09,0.0,59,207012,买盘
13:13:06,35.09,0.0,61,214019,买盘
13:13:09,35.09,0.0,707,2480861,买盘
13:13:12,35.09,0.0,250,877048,买盘
13:13:15,35.09,0.0,108,378972,买盘
13:13:18,35.09,0.0,270,947374,买盘
13:13:21,35.08,-0.01,38,133310,卖盘
13:13:24,35.08,0.0,17,59638,卖盘
13:13:27,35.09,0.01,146,512183,买盘
13:13:30,35.08,-0.01,104,364906,卖盘
13:13:33,35.09,0.01,226,792834,买盘
13:13:36,35.09,0.0,46,161411,买盘
13:13:39,35.09,0.0,32,112286,买盘
13:13:42,35.09,0.0,15,52633,买盘
13:13:45,35.08,-0.01,712,2497702,卖盘
13:13:48,35.08,0.0,220,771944,卖盘
13:13:51,35.09,0.01,13,45617,买盘
13:13:54,35.09,0.0,16,56138,买盘
13:13:57,35.08,-0.01,447,1568159,卖盘
13:14:00,35.08,0.0,64,224528,卖盘
13:14:03,35.08,0.0,37,129806,卖盘
13:14:06,35.08,0.0,133,466584,卖盘
13:14:09,35.08,0.0,19,66662,卖盘
13:14:12,35.09,0.01,99,347298,买盘
13:14:15,35.09,0.0,29,101754,买盘
13:14:18,35.09,0.0,144,505171,买盘
13:14:21,35.09,0.0,6,21051,买盘
13:14:24,35.08,-0.01,82,287707,卖盘
13:14:27,35.09,0.01,67,235056,买盘
13:14:30,35.08,-0.01,461,1617198,卖盘
13:14:33,35.08,0.0,68,238597,卖盘
13:14:36,35.08,0.0,153,536830,卖盘
13:14:39,35.09,0.01,113,396507,买盘
13:14:43,35.09,0.0,23,80700,买盘
13:14:45,35.08,-0.01,432,1515893,卖盘
13:14:48,35.09,0.01,174,610475,买盘
13:14:51,35.08,-0.01,40,140353,卖盘
13:14:54,35.09,0.01,1,3509,买盘
13:14:57,35.08,-0.01,223,782362,卖盘
13:15:00,35.09,0.01,185,649016,买盘
13:15:03,35.08,-0.01,152,533366,卖盘
13:15:06,35.08,0.0,669,2346714,卖盘
13:15:09,35.09,0.01,318,1115415,买盘
13:15:12,35.07,-0.02,917,3216054,卖盘
13:15:15,35.08,0.01,56,196418,买盘
13:15:18,35.07,-0.01,211,740059,卖盘
13:15:21,35.09,0.02,120,421029,买盘
13:15:24,35.08,-0.01,35,122785,卖盘
13:15:27,35.08,0.0,102,357913,卖盘
13:15:30,35.09,0.01,53,185971,买盘
13:15:33,35.08,-0.01,150,526268,卖盘
13:15:36,35.08,0.0,157,550843,卖盘
13:15:39,35.09,0.01,284,996535,买盘
13:15:43,35.08,-0.01,109,382379,卖盘
13:15:45,35.08,0.0,129,452531,买盘
13:15:48,35.08,0.0,389,1364333,买盘
13:15:51,35.08,0.0,13,45603,买盘
13:15:54,35.07,-0.01,122,427962,卖盘
13:15:57,35.07,0.0,58,203442,卖盘
13:16:00,35.08,0.01,105,368322,买盘
13:16:03,35.07,-0.01,105,368338,卖盘
13:16:06,35.08,0.01,100,350785,买盘
13:16:09,35.07,-0.01,10,35079,卖盘
13:16:12,35.08,0.01,38,133297,买盘
13:16:15,35.08,0.0,780,2736790,买盘
13:16:18,35.09,0.01,25,87711,买盘
13:16:21,35.08,-0.01,17,59636,卖盘
13:16:24,35.08,0.0,16,56129,卖盘
13:16:27,35.08,0.0,82,287732,卖盘
13:16:30,35.08,0.0,257,901732,卖盘
13:16:33,35.09,0.01,198,694782,买盘
13:16:36,35.08,-0.01,14,49112,卖盘
13:16:39,35.08,0.0,542,1901375,卖盘
13:16:42,35.08,0.0,173,606903,卖盘
13:16:45,35.08,0.0,128,449022,买盘
13:16:48,35.08,0.0,255,894540,买盘
13:16:51,35.08,0.0,258,905217,卖盘
13:16:54,35.09,0.01,35,122781,买盘
13:16:57,35.09,0.0,217,761488,买盘
13:17:00,35.08,-0.01,77,270211,卖盘
13:17:03,35.08,0.0,13,45616,卖盘
13:17:06,35.09,0.01,19,66668,买盘
13:17:09,35.09,0.0,61,214040,买盘
13:17:12,35.09,0.0,83,291242,买盘
13:17:15,35.09,0.0,128,449138,买盘
13:17:18,35.09,0.0,38,133308,买盘
13:17:21,35.09,0.0,44,154396,买盘
13:17:24,35.09,0.0,117,410539,买盘
13:17:27,35.09,0.0,73,256132,买盘
13:17:30,35.09,0.0,87,305266,买盘
13:17:33,35.09,0.0,101,354334,买盘
13:17:36,35.09,0.0,74,259655,买盘
13:17:39,35.08,-0.01,372,1305210,卖盘
13:17:42,35.09,0.01,266,933212,中性盘
13:17:45,35.1,0.01,19,66679,买盘
13:17:48,35.09,-0.01,89,312384,卖盘
13:17:51,35.1,0.01,22,77215,买盘
13:17:54,35.1,0.0,158,554579,买盘
13:17:57,35.09,-0.01,266,933651,卖盘
13:18:00,35.1,0.01,107,375597,买盘
13:18:03,35.09,-0.01,95,333448,卖盘
13:18:06,35.09,0.0,164,575592,卖盘
13:18:09,35.1,0.01,12,42120,买盘
13:18:12,35.1,0.0,133,466731,买盘
13:18:15,35.1,0.0,17,59670,买盘
13:18:18,35.1,0.0,1034,3628421,买盘
13:18:21,35.1,0.0,28,98280,买盘
13:18:24,35.1,0.0,131,459804,买盘
13:18:27,35.1,0.0,26,91255,买盘
13:18:30,35.1,0.0,82,287818,买盘
13:18:33,35.1,0.0,23,80730,买盘
13:18:36,35.1,0.0,60,210595,买盘
13:18:39,35.1,0.0,62,217655,买盘
13:18:42,35.1,0.0,93,326352,买盘
13:18:45,35.1,0.0,418,1467164,买盘
13:18:48,35.1,0.0,114,400140,买盘
13:18:51,35.1,0.0,822,2885216,买盘
13:18:54,35.1,0.0,172,603658,买盘
13:18:57,35.1,0.0,21,73710,买盘
13:19:00,35.11,0.01,58,203638,买盘
13:19:03,35.1,-0.01,25,87753,卖盘
13:19:06,35.1,0.0,12,42123,卖盘
13:19:09,35.11,0.01,12,42130,买盘
13:19:12,35.11,0.0,26,91278,买盘
13:19:15,35.1,-0.01,1,3510,卖盘
13:19:18,35.09,-0.01,339,1189958,卖盘
13:19:20,35.11,0.02,195,684456,买盘
13:19:24,35.1,-0.01,32,112318,卖盘
13:19:27,35.1,0.0,76,266805,买盘
13:19:30,35.1,0.0,117,410751,买盘
13:19:33,35.11,0.01,36,126363,买盘
13:19:36,35.1,-0.01,28,98280,卖盘
13:19:39,35.11,0.01,89,312477,买盘
13:19:42,35.1,-0.01,175,614267,卖盘
13:19:45,35.11,0.01,100,351010,买盘
13:19:48,35.1,-0.01,87,305445,卖盘
13:19:51,35.11,0.01,39,136900,买盘
13:19:54,35.11,0.0,10,35110,买盘
13:19:57,35.1,-0.01,125,438756,卖盘
13:20:00,35.1,0.0,75,263250,买盘
13:20:03,35.11,0.01,1170,4107776,买盘
13:20:06,35.11,0.0,321,1127030,卖盘
13:20:09,35.11,0.0,58,205823,买盘
13:20:12,35.11,0.0,105,368651,买盘
13:20:15,35.11,0.0,88,308946,买盘
13:20:18,35.12,0.01,364,1278278,买盘
13:20:21,35.12,0.0,202,709403,买盘
13:20:24,35.11,-0.01,196,688196,卖盘
13:20:27,35.11,0.0,163,572173,卖盘
13:20:30,35.11,0.0,143,502193,买盘
13:20:33,35.11,0.0,23,80751,买盘
13:20:36,35.11,0.0,23,80749,买盘
13:20:39,35.11,0.0,26,91277,买盘
13:20:43,35.11,0.0,328,1151633,买盘
13:20:45,35.11,0.0,264,926729,卖盘
13:20:48,35.11,0.0,233,818192,买盘
13:20:51,35.11,0.0,459,1611503,卖盘
13:20:54,35.11,0.0,47,165006,买盘
13:20:57,35.11,0.0,83,291412,买盘
13:21:00,35.11,0.0,17,59687,买盘
13:21:03,35.1,-0.01,34,119363,卖盘
13:21:06,35.1,0.0,118,414323,卖盘
13:21:09,35.1,0.0,106,372105,卖盘
13:21:12,35.11,0.01,23,80753,买盘
13:21:15,35.11,0.0,30,105330,买盘
13:21:18,35.11,0.0,98,344053,卖盘
13:21:21,35.12,0.01,9,31608,卖盘
13:21:24,35.12,0.0,30,105358,卖盘
13:21:27,35.12,0.0,169,593403,买盘
13:21:30,35.12,0.0,70,242965,买盘
13:21:33,35.1,-0.02,193,680393,卖盘
13:21:36,35.12,0.02,92,323102,买盘
13:21:39,35.11,-0.01,6,21068,卖盘
13:21:42,35.12,0.01,17,59695,买盘
13:21:45,35.12,0.0,8,28090,买盘
13:21:48,35.12,0.0,106,372244,买盘
13:21:51,35.12,0.0,23,80772,买盘
13:21:54,35.12,0.0,19,66720,买盘
13:21:57,35.12,0.0,70,245837,买盘
13:22:00,35.12,0.0,8,28096,买盘
13:22:03,35.11,-0.01,238,835785,卖盘
13:22:06,35.11,0.0,386,1355254,卖盘
13:22:09,35.11,0.0,36,126396,买盘
13:22:12,35.11,0.0,141,495051,买盘
13:22:15,35.11,0.0,110,386181,买盘
13:22:18,35.1,-0.01,1186,4160725,卖盘
13:22:21,35.1,0.0,103,361530,买盘
13:22:24,35.09,-0.01,54,189529,卖盘
13:22:27,35.1,0.01,30,105299,买盘
13:22:30,35.1,0.0,184,645830,买盘
13:22:33,35.1,0.0,262,919470,买盘
13:22:36,35.1,0.0,220,772163,买盘
13:22:39,35.09,-0.01,245,859769,卖盘
13:22:42,35.1,0.01,261,915986,买盘
13:22:45,35.1,0.0,123,431643,买盘
13:22:48,35.1,0.0,177,621167,买盘
13:22:51,35.1,0.0,232,814226,买盘
13:22:54,35.09,-0.01,62,217612,卖盘
13:22:57,35.09,0.0,87,305302,卖盘
13:23:00,35.09,0.0,12,42109,卖盘
13:23:03,35.1,0.01,81,284249,买盘
13:23:06,35.12,0.02,1090,3826574,买盘
13:23:09,35.1,-0.02,68,238649,买盘
13:23:12,35.1,0.0,92,322911,买盘
13:23:15,35.11,0.01,7,24573,买盘
13:23:18,35.1,-0.01,26,91260,卖盘
13:23:21,35.1,0.0,10,35104,卖盘
13:23:24,35.1,0.0,4,14040,卖盘
13:23:27,35.1,0.0,116,407165,卖盘
13:23:30,35.11,0.01,141,494999,买盘
13:23:33,35.11,0.0,136,477377,买盘
13:23:36,35.12,0.01,57,200141,买盘
13:23:39,35.11,-0.01,57,200150,卖盘
13:23:42,35.12,0.01,23,80771,买盘
13:23:45,35.12,0.0,23,80775,买盘
13:23:48,35.12,0.0,130,456506,买盘
13:23:51,35.12,0.0,39,136963,买盘
13:23:54,35.12,0.0,10,35120,买盘
13:23:57,35.12,0.0,20,70240,买盘
13:24:00,35.12,0.0,8,28095,买盘
13:24:03,35.12,0.0,25,87793,买盘
13:24:06,35.12,0.0,26,91308,买盘
13:24:09,35.12,0.0,90,316071,买盘
13:24:12,35.11,-0.01,19,66714,卖盘
13:24:15,35.12,0.01,61,214230,买盘
13:24:18,35.1,-0.02,520,1825725,卖盘
13:24:21,35.1,0.0,26,91287,卖盘
13:24:24,35.11,0.01,20,70218,买盘
13:24:27,35.1,-0.01,98,344136,卖盘
13:24:30,35.1,0.0,1,3510,卖盘
13:24:33,35.11,0.01,171,600521,买盘
13:24:36,35.11,0.0,42,147463,卖盘
13:24:39,35.11,0.0,28,98309,卖盘
13:24:42,35.12,0.01,5,17558,买盘
13:24:45,35.11,-0.01,238,835773,卖盘
13:24:48,35.11,0.0,56,196654,卖盘
13:24:51,35.11,0.0,504,1769995,卖盘
13:24:54,35.12,0.01,21,73742,买盘
13:24:57,35.12,0.0,108,379288,买盘
13:25:00,35.12,0.0,11,38631,买盘
13:25:03,35.11,-0.01,23,80769,卖盘
13:25:06,35.11,0.0,6,21069,卖盘
13:25:09,35.11,0.0,44,154504,卖盘
13:25:12,35.12,0.01,84,294946,买盘
13:25:15,35.11,-0.01,126,441599,卖盘
13:25:18,35.12,0.01,13,45653,买盘
13:25:21,35.12,0.0,45,158012,买盘
13:25:25,35.12,0.0,17,59701,买盘
13:25:27,35.12,0.0,278,976335,买盘
13:25:30,35.12,0.0,4,14048,买盘
13:25:33,35.12,0.0,15,52669,买盘
13:25:36,35.12,0.0,28,98326,买盘
13:25:39,35.11,-0.01,17,59702,卖盘
13:25:42,35.12,0.01,156,547761,买盘
13:25:45,35.12,0.0,188,660224,买盘
13:25:48,35.12,0.0,10,35120,买盘
13:25:51,35.12,0.0,159,558406,买盘
13:25:54,35.12,0.0,16,56192,买盘
13:25:58,35.12,0.0,25,87798,买盘
13:26:00,35.11,-0.01,67,235275,卖盘
13:26:03,35.12,0.01,57,200184,买盘
13:26:06,35.12,0.0,32,112374,买盘
13:26:09,35.11,-0.01,23,80759,卖盘
13:26:12,35.12,0.01,82,288011,买盘
13:26:15,35.12,0.0,200,702302,买盘
13:26:18,35.12,0.0,114,400265,买盘
13:26:21,35.12,0.0,8,28096,买盘
13:26:24,35.11,-0.01,33,115878,卖盘
13:26:27,35.11,0.0,42,147468,卖盘
13:26:30,35.12,0.01,26,91300,买盘
13:26:33,35.11,-0.01,497,1745617,卖盘
13:26:36,35.1,-0.01,242,849599,卖盘
13:26:39,35.11,0.01,8,28088,买盘
13:26:42,35.11,0.0,19,66709,买盘
13:26:45,35.11,0.0,110,386105,买盘
13:26:48,35.1,-0.01,1380,4843824,卖盘
13:26:51,35.11,0.01,114,401023,买盘
13:26:54,35.11,0.0,63,221188,买盘
13:26:57,35.11,0.0,15,52654,买盘
13:27:01,35.1,-0.01,47,164989,卖盘
13:27:03,35.1,0.0,21,73726,卖盘
13:27:06,35.1,0.0,19,66699,卖盘
13:27:09,35.11,0.01,1,3511,买盘
13:27:13,35.1,-0.01,25,87768,卖盘
13:27:15,35.1,0.0,305,1069777,卖盘
13:27:18,35.1,0.0,116,407158,买盘
13:27:22,35.1,0.0,105,368550,买盘
13:27:24,35.1,0.0,78,273775,买盘
13:27:28,35.09,-0.01,99,347415,卖盘
13:27:30,35.1,0.01,9,31588,买盘
13:27:34,35.1,0.0,19,66690,买盘
13:27:36,35.1,0.0,1003,3519604,买盘
13:27:39,35.1,0.0,17,59659,买盘
13:27:43,35.1,0.0,9,30993,买盘
13:27:45,35.09,-0.01,334,1172228,卖盘
13:27:48,35.1,0.01,34,119315,买盘
13:27:51,35.1,0.0,200,701958,买盘
13:27:54,35.1,0.0,21,73705,买盘
13:27:57,35.1,0.0,73,256166,买盘
13:28:00,35.09,-0.01,50,175479,卖盘
13:28:03,35.09,0.0,239,838888,卖盘
13:28:06,35.1,0.01,31,108808,买盘
13:28:09,35.1,0.0,98,343925,买盘
13:28:12,35.1,0.0,24,84237,买盘
13:28:15,35.09,-0.01,32,112299,卖盘
13:28:18,35.09,0.0,951,3339955,卖盘
13:28:21,35.09,0.0,17,59656,卖盘
13:28:24,35.1,0.01,222,779123,买盘
13:28:28,35.1,0.0,107,374843,买盘
13:28:30,35.09,-0.01,30,105270,卖盘
13:28:34,35.09,0.0,81,284235,卖盘
13:28:36,35.09,0.0,257,902046,卖盘
13:28:39,35.1,0.01,58,203543,买盘
13:28:42,35.09,-0.01,94,329866,卖盘
13:28:45,35.1,0.01,81,284241,买盘
13:28:48,35.1,0.0,155,543932,买盘
13:28:51,35.09,-0.01,343,1202048,卖盘
13:28:54,35.09,0.0,463,1626222,买盘
13:28:58,35.1,0.01,263,923005,买盘
13:29:00,35.1,0.0,25,87730,买盘
13:29:03,35.09,-0.01,316,1109151,卖盘
13:29:06,35.1,0.01,56,196510,买盘
13:29:09,35.09,-0.01,248,868622,卖盘
13:29:12,35.09,0.0,42,147376,买盘
13:29:15,35.08,-0.01,139,487757,卖盘
13:29:18,35.09,0.01,1032,3622939,买盘
13:29:20,35.09,0.0,42,147378,卖盘
13:29:24,35.1,0.01,38,133351,买盘
13:29:28,35.1,0.0,35,122825,买盘
13:29:30,35.09,-0.01,7,24565,卖盘
13:29:34,35.09,0.0,44,154413,卖盘
13:29:36,35.1,0.01,142,498485,买盘
13:29:39,35.1,0.0,4,14040,卖盘
13:29:43,35.11,0.01,202,709039,买盘
13:29:45,35.1,-0.01,2,7020,中性盘
13:29:48,35.09,-0.01,89,312329,卖盘
13:29:51,35.11,0.02,102,358122,买盘
13:29:54,35.11,0.0,66,231686,买盘
13:29:58,35.11,0.0,65,228211,买盘
13:30:00,35.1,-0.01,59,207139,卖盘
13:30:03,35.12,0.02,671,2356189,买盘
13:30:06,35.1,-0.02,1,3510,卖盘
13:30:09,35.11,0.01,24,84264,买盘
13:30:13,35.11,0.0,28,98327,卖盘
13:30:15,35.11,0.0,78,273800,买盘
13:30:18,35.1,-0.01,39,136928,卖盘
13:30:22,35.1,0.0,29,101792,卖盘
13:30:24,35.11,0.01,133,466840,买盘
13:30:28,35.1,-0.01,19,66692,卖盘
13:30:30,35.11,0.01,414,1453550,买盘
13:30:33,35.1,-0.01,39,136900,卖盘
13:30:37,35.11,0.01,45,157985,买盘
13:30:39,35.11,0.0,76,266792,买盘
13:30:43,35.11,0.0,277,972437,买盘
13:30:45,35.11,0.0,134,470480,卖盘
13:30:49,35.11,0.0,43,150964,买盘
13:30:52,35.11,0.0,227,797053,买盘
13:30:54,35.11,0.0,47,165019,卖盘
13:30:58,35.11,0.0,124,435364,买盘
13:31:00,35.11,0.0,89,312480,卖盘
13:31:03,35.1,-0.01,25,87773,卖盘
13:31:07,35.1,0.0,40,140420,卖盘
13:31:09,35.11,0.01,8,28088,买盘
13:31:13,35.11,0.0,23,80738,买盘
13:31:15,35.11,0.0,15,52663,买盘
13:31:18,35.11,0.0,43,150965,买盘
13:31:22,35.1,-0.01,65,228187,卖盘
13:31:24,35.11,0.01,32,112351,买盘
13:31:28,35.1,-0.01,561,1969113,卖盘
13:31:30,35.11,0.01,40,140413,买盘
13:31:34,35.11,0.0,10,35108,买盘
13:31:36,35.11,0.0,49,172012,买盘
13:31:39,35.11,0.0,165,579158,买盘
13:31:43,35.1,-0.01,53,186042,卖盘
13:31:45,35.1,0.0,119,417615,卖盘
13:31:49,35.09,-0.01,90,315811,卖盘
13:31:52,35.11,0.02,546,1916821,买盘
13:31:54,35.11,0.0,125,438880,卖盘
13:31:58,35.11,0.0,134,470479,卖盘
