time,price,change,volume,amount,type
09:25:04,29.1,-0.15,5916,17215560,卖盘
09:30:00,29.08,-0.02,4720,13731211,卖盘
09:30:04,29.05,-0.03,3638,10579034,卖盘
09:30:07,29.07,0.02,1051,3053392,买盘
09:30:09,29.02,-0.05,1724,5005528,卖盘
09:30:12,29.02,0.0,1656,4807434,买盘
09:30:16,29.01,-0.01,321,931559,卖盘
09:30:18,29.01,0.0,516,1496539,买盘
09:30:22,29.01,0.0,367,1064546,买盘
09:30:24,29.01,0.0,373,1081902,买盘
09:30:27,29.0,-0.01,1812,5254392,卖盘
09:30:31,29.0,0.0,191,553900,买盘
09:30:33,28.97,-0.03,645,1870568,卖盘
09:30:36,28.95,-0.02,488,1413604,卖盘
09:30:40,28.95,0.0,295,854127,卖盘
09:30:43,28.93,-0.02,263,761120,卖盘
09:30:45,28.92,-0.01,279,807080,卖盘
09:30:48,28.93,0.01,467,1350826,买盘
09:30:51,28.92,-0.01,590,1706508,卖盘
09:30:54,28.91,-0.01,437,1263710,卖盘
09:30:57,28.93,0.02,593,1714853,买盘
09:31:00,28.91,-0.02,2124,6138971,卖盘
09:31:04,28.92,0.01,500,1445439,买盘
09:31:06,28.9,-0.02,651,1881573,卖盘
09:31:09,28.91,0.01,194,560778,买盘
09:31:12,28.9,-0.01,162,468383,中性盘
09:31:15,28.89,-0.01,854,2467558,卖盘
09:31:18,28.88,-0.01,564,1629564,卖盘
09:31:22,28.87,-0.01,147,424517,卖盘
09:31:25,28.89,0.02,232,669915,买盘
09:31:27,28.88,-0.01,491,1417837,卖盘
09:31:30,28.87,-0.01,797,2301216,卖盘
09:31:33,28.87,0.0,432,1247535,卖盘
09:31:36,28.88,0.01,953,2751864,买盘
09:31:39,28.89,0.01,574,1657831,买盘
09:31:43,28.89,0.0,403,1163944,买盘
09:31:45,28.89,0.0,997,2880962,卖盘
09:31:49,28.89,0.0,586,1692667,卖盘
09:31:51,28.9,0.01,780,2253948,买盘
09:31:54,28.92,0.02,541,1563833,买盘
09:31:57,28.9,-0.02,415,1199588,卖盘
09:32:01,28.95,0.05,81,234331,买盘
09:32:04,28.97,0.02,318,920303,买盘
09:32:07,28.93,-0.04,270,781315,卖盘
09:32:09,28.91,-0.02,864,2500049,卖盘
09:32:12,28.93,0.02,259,749362,中性盘
09:32:16,28.99,0.06,874,2527572,买盘
09:32:19,28.99,0.0,315,912846,买盘
09:32:22,28.99,0.0,196,567859,卖盘
09:32:24,28.99,0.0,376,1090277,买盘
09:32:27,28.99,0.0,110,318847,卖盘
09:32:30,28.94,-0.05,763,2209099,卖盘
09:32:33,28.98,0.04,201,582478,买盘
09:32:36,28.97,-0.01,130,376653,卖盘
09:32:39,28.95,-0.02,633,1831961,卖盘
09:32:42,28.99,0.04,85,246299,买盘
09:32:45,28.97,-0.02,246,713004,卖盘
09:32:48,28.97,0.0,592,1714242,卖盘
09:32:52,28.98,0.01,169,489850,中性盘
09:32:54,28.98,0.0,263,762218,卖盘
09:32:57,28.97,-0.01,423,1226365,卖盘
09:33:00,28.96,-0.01,313,906749,卖盘
09:33:04,28.97,0.01,495,1434694,买盘
09:33:07,28.96,-0.01,209,605062,中性盘
09:33:10,28.96,0.0,149,431360,买盘
09:33:12,28.96,0.0,208,602182,买盘
09:33:16,28.93,-0.03,238,689068,卖盘
09:33:18,28.93,0.0,330,954584,买盘
09:33:22,28.94,0.01,121,350093,卖盘
09:33:24,28.96,0.02,482,1395068,买盘
09:33:28,28.96,0.0,197,570153,买盘
09:33:30,28.95,-0.01,291,841914,买盘
09:33:34,28.94,-0.01,226,653897,卖盘
09:33:37,28.93,-0.01,240,694396,卖盘
09:33:40,28.92,-0.01,430,1243673,卖盘
09:33:42,28.93,0.01,126,364606,买盘
09:33:46,28.93,0.0,107,309656,卖盘
09:33:48,28.91,-0.02,917,2651429,卖盘
09:33:51,28.91,0.0,511,1477596,买盘
09:33:54,28.91,0.0,123,355677,卖盘
09:33:57,28.91,0.0,206,595747,卖盘
09:34:01,28.91,0.0,247,714267,卖盘
09:34:04,28.91,0.0,81,234226,卖盘
09:34:07,28.92,0.01,266,769200,买盘
09:34:09,28.94,0.02,1286,3719995,买盘
09:34:13,28.94,0.0,226,653768,卖盘
09:34:15,28.94,0.0,1506,4354910,卖盘
09:34:18,28.9,-0.04,1746,5046187,卖盘
09:34:21,28.9,0.0,1084,3131883,买盘
09:34:25,28.9,0.0,317,915854,买盘
09:34:27,28.9,0.0,765,2209525,买盘
09:34:30,28.9,0.0,99,286082,买盘
09:34:34,28.9,0.0,352,1017092,买盘
09:34:37,28.9,0.0,330,953442,买盘
09:34:39,28.88,-0.02,852,2460791,卖盘
09:34:43,28.89,0.01,471,1360530,买盘
09:34:45,28.89,0.0,246,710388,买盘
09:34:49,28.88,-0.01,233,672884,卖盘
09:34:52,28.86,-0.02,905,2613128,卖盘
09:34:54,28.87,0.01,620,1789405,中性盘
09:34:58,28.85,-0.02,2769,7985418,卖盘
09:35:00,28.85,0.0,113,325905,买盘
09:35:04,28.84,-0.01,518,1494119,中性盘
09:35:07,28.82,-0.02,296,853702,卖盘
09:35:09,28.82,0.0,222,639863,卖盘
09:35:12,28.82,0.0,153,440939,卖盘
09:35:15,28.82,0.0,758,2183911,买盘
09:35:19,28.81,-0.01,636,1832013,卖盘
09:35:22,28.82,0.01,256,737482,买盘
09:35:25,28.81,-0.01,327,941985,中性盘
09:35:28,28.81,0.0,163,469598,卖盘
09:35:31,28.82,0.01,134,386116,买盘
09:35:34,28.8,-0.02,676,1947096,卖盘
09:35:37,28.8,0.0,461,1327827,卖盘
09:35:39,28.81,0.01,455,1310707,中性盘
09:35:42,28.8,-0.01,2686,7734799,卖盘
09:35:45,28.8,0.0,485,1396775,买盘
09:35:48,28.78,-0.02,1370,3939841,中性盘
09:35:52,28.78,0.0,141,405451,买盘
09:35:55,28.73,-0.05,207,596045,卖盘
09:35:58,28.74,0.01,149,428416,中性盘
09:36:00,28.75,0.01,360,1033620,中性盘
09:36:04,28.73,-0.02,1001,2877443,卖盘
09:36:07,28.72,-0.01,2430,6981011,中性盘
09:36:10,28.71,-0.01,461,1323854,卖盘
09:36:13,28.74,0.03,601,1727124,买盘
09:36:16,28.74,0.0,540,1551356,卖盘
09:36:18,28.74,0.0,1038,2982165,买盘
09:36:21,28.74,0.0,371,1066253,买盘
09:36:24,28.74,0.0,889,2555374,卖盘
09:36:28,28.74,0.0,1400,4023792,卖盘
09:36:30,28.75,0.01,468,1346096,买盘
09:36:33,28.75,0.0,193,554884,卖盘
09:36:37,28.75,0.0,355,1020678,卖盘
09:36:40,28.75,0.0,518,1488820,买盘
09:36:43,28.75,0.0,582,1673219,买盘
09:36:46,28.75,0.0,167,480153,卖盘
09:36:48,28.75,0.0,465,1336938,卖盘
09:36:51,28.74,-0.01,426,1224576,卖盘
09:36:55,28.75,0.01,233,669795,买盘
09:36:58,28.75,0.0,79,227139,卖盘
09:37:00,28.76,0.01,295,848585,买盘
09:37:04,28.75,-0.01,105,301924,卖盘
09:37:07,28.76,0.01,119,342220,中性盘
09:37:10,28.76,0.0,166,477389,买盘
09:37:12,28.76,0.0,220,632691,买盘
09:37:15,28.76,0.0,1563,4494447,买盘
09:37:19,28.75,-0.01,340,977776,卖盘
09:37:22,28.78,0.03,48,138065,买盘
09:37:24,28.78,0.0,214,615574,买盘
09:37:28,28.77,-0.01,27,77685,中性盘
09:37:31,28.78,0.01,599,1722856,买盘
09:37:34,28.78,0.0,137,394291,卖盘
09:37:36,28.78,0.0,362,1041632,卖盘
09:37:40,28.79,0.01,443,1274818,买盘
09:37:42,28.77,-0.02,231,664612,卖盘
09:37:46,28.78,0.01,301,865966,买盘
09:37:48,28.79,0.01,284,817129,买盘
09:37:52,28.79,0.0,1026,2957465,买盘
09:37:54,28.79,0.0,43,123797,卖盘
09:37:58,28.86,0.07,1098,3165874,买盘
09:38:00,28.86,0.0,221,637470,卖盘
09:38:04,28.81,-0.05,389,1120391,中性盘
09:38:07,28.81,0.0,46,132704,卖盘
09:38:10,28.82,0.01,196,564720,中性盘
09:38:13,28.81,-0.01,537,1547016,卖盘
09:38:16,28.81,0.0,92,265071,买盘
09:38:18,28.8,-0.01,583,1679135,卖盘
09:38:21,28.8,0.0,249,716891,买盘
09:38:24,28.79,-0.01,180,518167,卖盘
09:38:27,28.79,0.0,148,426131,买盘
09:38:30,28.78,-0.01,120,345460,卖盘
09:38:33,28.79,0.01,106,305159,买盘
09:38:36,28.78,-0.01,879,2530692,卖盘
09:38:39,28.78,0.0,56,161191,卖盘
09:38:43,28.8,0.02,121,348365,买盘
09:38:45,28.78,-0.02,127,365659,卖盘
09:38:49,28.79,0.01,105,302239,买盘
09:38:52,28.78,-0.01,99,284993,卖盘
09:38:55,28.78,0.0,168,483524,卖盘
09:38:57,28.78,0.0,128,368406,卖盘
09:39:01,28.78,0.0,51,146789,卖盘
09:39:04,28.78,0.0,182,523840,卖盘
09:39:07,28.78,0.0,208,598679,卖盘
09:39:09,28.78,0.0,42,120860,买盘
09:39:13,28.78,0.0,573,1649080,买盘
09:39:16,28.79,0.01,923,2657885,买盘
09:39:19,28.79,0.0,255,734515,卖盘
09:39:22,28.79,0.0,123,354251,卖盘
09:39:25,28.81,0.02,37,106592,卖盘
09:39:28,28.81,0.0,72,207437,卖盘
09:39:31,28.82,0.01,187,539227,中性盘
09:39:33,28.82,0.0,83,239175,卖盘
09:39:36,28.81,-0.01,283,815228,卖盘
09:39:39,28.81,0.0,53,154218,卖盘
09:39:42,28.82,0.01,253,729068,买盘
09:39:45,28.82,0.0,81,233378,买盘
09:39:49,28.81,-0.01,98,282309,买盘
09:39:51,28.8,-0.01,125,360082,卖盘
09:39:54,28.8,0.0,147,423458,卖盘
09:39:57,28.8,0.0,82,236173,卖盘
09:40:01,28.81,0.01,303,872755,买盘
09:40:04,28.8,-0.01,490,1411223,卖盘
09:40:07,28.8,0.0,386,1111680,买盘
09:40:09,28.8,0.0,529,1523204,买盘
09:40:13,28.8,0.0,927,2669736,卖盘
09:40:15,28.8,0.0,623,1793728,买盘
09:40:18,28.77,-0.03,958,2757106,卖盘
09:40:21,28.77,0.0,1624,4675184,卖盘
09:40:25,28.78,0.01,245,705237,买盘
09:40:27,28.78,0.0,24,69088,卖盘
09:40:31,28.78,0.0,38,109383,卖盘
09:40:33,28.78,0.0,38,109377,卖盘
09:40:37,28.79,0.01,409,1177347,买盘
09:40:41,28.8,0.01,99,284965,买盘
09:40:43,28.8,0.0,277,797622,买盘
09:40:45,28.8,0.0,446,1284778,买盘
09:40:49,28.81,0.01,103,296636,买盘
09:40:51,28.79,-0.02,163,469440,卖盘
09:40:55,28.8,0.01,85,244795,中性盘
09:40:57,28.8,0.0,60,172776,买盘
09:41:00,28.8,0.0,54,155517,买盘
09:41:04,28.79,-0.01,119,342694,卖盘
09:41:07,28.79,0.0,575,1655423,卖盘
09:41:10,28.79,0.0,80,230332,卖盘
09:41:12,28.8,0.01,143,411775,买盘
09:41:15,28.8,0.0,88,253383,买盘
09:41:19,28.79,-0.01,307,883909,卖盘
09:41:22,28.79,0.0,342,984473,买盘
09:41:25,28.79,0.0,179,515443,买盘
09:41:27,28.8,0.01,15,43186,买盘
09:41:31,28.79,-0.01,59,169862,卖盘
09:41:34,28.79,0.0,132,380147,卖盘
09:41:37,28.8,0.01,189,544208,买盘
09:41:39,28.8,0.0,100,288000,买盘
09:41:43,28.8,0.0,246,708573,卖盘
09:41:46,28.81,0.01,74,213160,买盘
09:41:48,28.8,-0.01,232,668213,卖盘
09:41:51,28.8,0.0,285,820848,卖盘
09:41:54,28.81,0.01,628,1808662,买盘
09:41:57,28.8,-0.01,89,256337,卖盘
09:42:00,28.81,0.01,93,267857,买盘
09:42:04,28.8,-0.01,263,757490,卖盘
09:42:07,28.8,0.0,91,262066,买盘
09:42:10,28.8,0.0,55,158391,买盘
09:42:12,28.79,-0.01,223,642178,卖盘
09:42:16,28.8,0.01,153,440555,买盘
09:42:18,28.8,0.0,169,486748,买盘
09:42:22,28.8,0.0,248,714236,卖盘
09:42:24,28.8,0.0,182,524683,买盘
09:42:28,28.8,0.0,137,394506,卖盘
09:42:30,28.8,0.0,82,236151,中性盘
09:42:34,28.8,0.0,60,172800,买盘
09:42:36,28.8,0.0,191,550009,卖盘
09:42:40,28.81,0.01,154,443441,买盘
09:42:42,28.8,-0.01,896,2579896,买盘
09:42:45,28.81,0.01,512,1474524,买盘
09:42:48,28.8,-0.01,38,109444,卖盘
09:42:51,28.79,-0.01,1231,3545272,卖盘
09:42:54,28.79,0.0,19,54701,买盘
09:42:58,28.79,0.0,120,345480,买盘
09:43:00,28.81,0.02,756,2177360,买盘
09:43:04,28.78,-0.03,131,377140,卖盘
09:43:07,28.79,0.01,72,207288,买盘
09:43:10,28.79,0.0,1531,4406284,买盘
09:43:12,28.79,0.0,462,1329153,买盘
09:43:15,28.79,0.0,54,156045,买盘
09:43:18,28.79,0.0,59,169862,卖盘
09:43:21,28.79,0.0,243,699600,卖盘
09:43:25,28.8,0.01,100,287962,买盘
09:43:27,28.79,-0.01,55,158380,卖盘
09:43:31,28.8,0.01,163,469434,买盘
09:43:33,28.79,-0.01,127,365715,卖盘
09:43:37,28.8,0.01,266,766039,买盘
09:43:39,28.8,0.0,132,380084,买盘
09:43:43,28.78,-0.02,445,1280625,卖盘
09:43:45,28.8,0.02,807,2324110,买盘
09:43:49,28.8,0.0,55,158426,卖盘
09:43:51,28.8,0.0,194,558742,卖盘
09:43:55,28.81,0.01,114,328347,买盘
09:43:58,28.81,0.0,340,979579,卖盘
09:44:01,28.81,0.0,33,95100,中性盘
09:44:04,28.82,0.01,114,328491,买盘
09:44:07,28.81,-0.01,139,400490,卖盘
09:44:10,28.82,0.01,120,345828,买盘
09:44:13,28.8,-0.02,1509,4348366,卖盘
09:44:16,28.83,0.03,170,490005,买盘
09:44:18,28.82,-0.01,31,89290,中性盘
09:44:21,28.8,-0.02,977,2813188,卖盘
09:44:24,28.8,0.0,75,215996,买盘
09:44:27,28.8,0.0,79,228117,买盘
09:44:31,28.8,0.0,38,109458,卖盘
09:44:33,28.8,0.0,90,259216,卖盘
09:44:37,28.8,0.0,128,368759,卖盘
09:44:39,28.8,0.0,181,521301,卖盘
09:44:42,28.8,0.0,74,213151,卖盘
09:44:45,28.81,0.01,131,377387,卖盘
09:44:49,28.8,-0.01,29,83539,卖盘
09:44:52,28.82,0.02,270,777681,买盘
09:44:54,28.8,-0.02,96,276516,卖盘
09:44:57,28.81,0.01,77,221857,卖盘
09:45:00,28.8,-0.01,110,316897,卖盘
09:45:05,28.82,0.02,156,449471,买盘
09:45:07,28.81,-0.01,88,253527,中性盘
09:45:10,28.8,-0.01,201,579063,卖盘
09:45:13,28.82,0.02,170,489850,买盘
09:45:15,28.82,0.0,457,1316639,买盘
09:45:19,28.81,-0.01,41,118131,买盘
09:45:21,28.81,0.0,161,463841,卖盘
09:45:25,28.8,-0.01,120,345695,卖盘
09:45:27,28.81,0.01,135,388922,买盘
09:45:30,28.81,0.0,63,181495,买盘
09:45:33,28.81,0.0,53,152693,买盘
09:45:37,28.81,0.0,77,221859,买盘
09:45:40,28.8,-0.01,118,339953,卖盘
09:45:42,28.82,0.02,697,2008735,买盘
09:45:45,28.82,0.0,456,1313893,卖盘
09:45:48,28.82,0.0,20,57624,买盘
09:45:52,28.82,0.0,643,1852064,买盘
09:45:55,28.82,0.0,101,291042,买盘
09:45:57,28.81,-0.01,539,1553375,卖盘
09:46:01,28.81,0.0,1069,3079100,卖盘
09:46:05,28.82,0.01,443,1277096,买盘
09:46:07,28.82,0.0,231,664589,卖盘
09:46:10,28.82,0.0,333,959707,卖盘
09:46:12,28.83,0.01,30,86462,买盘
09:46:15,28.82,-0.01,306,881907,卖盘
09:46:19,28.82,0.0,72,207518,卖盘
09:46:21,28.83,0.01,147,423759,买盘
09:46:25,28.83,0.0,252,726494,买盘
09:46:27,28.83,0.0,131,377648,卖盘
09:46:30,28.82,-0.01,88,253669,卖盘
09:46:34,28.83,0.01,159,458385,中性盘
09:46:37,28.82,-0.01,135,389120,卖盘
09:46:40,28.83,0.01,61,175861,买盘
09:46:42,28.83,0.0,145,418039,买盘
09:46:45,28.83,0.0,342,985996,卖盘
09:46:49,28.83,0.0,123,354677,卖盘
09:46:52,28.84,0.01,85,245121,买盘
09:46:55,28.84,0.0,65,187445,买盘
09:46:57,28.84,0.0,164,474593,买盘
09:47:01,28.84,0.0,86,247964,买盘
09:47:05,28.83,-0.01,82,236469,卖盘
09:47:07,28.84,0.01,142,409505,买盘
09:47:09,28.84,0.0,221,637293,买盘
09:47:13,28.84,0.0,16,46142,卖盘
09:47:16,28.84,0.0,294,847896,卖盘
09:47:19,28.85,0.01,12,34616,买盘
09:47:22,28.85,0.0,208,600050,买盘
09:47:24,28.85,0.0,20,57693,买盘
09:47:28,28.85,0.0,109,314446,买盘
09:47:31,28.85,0.0,57,164445,卖盘
09:47:33,28.85,0.0,127,366396,卖盘
09:47:36,28.86,0.01,54,155825,买盘
09:47:40,28.85,-0.01,70,201967,卖盘
09:47:42,28.86,0.01,289,833976,买盘
09:47:46,28.85,-0.01,157,453014,卖盘
09:47:48,28.84,-0.01,87,250968,卖盘
09:47:51,28.82,-0.02,664,1914799,卖盘
09:47:55,28.85,0.03,215,620244,买盘
09:47:57,28.84,-0.01,138,398074,卖盘
09:48:01,28.84,0.0,572,1648649,买盘
09:48:04,28.84,0.0,12,34608,买盘
09:48:06,28.84,0.0,75,216233,买盘
09:48:09,28.84,0.0,77,222080,卖盘
09:48:13,28.84,0.0,44,126881,卖盘
09:48:16,28.84,0.0,269,775564,买盘
09:48:18,28.83,-0.01,54,155705,卖盘
09:48:22,28.85,0.02,1350,3894431,买盘
09:48:24,28.84,-0.01,52,149975,卖盘
09:48:27,28.84,0.0,159,458566,卖盘
09:48:31,28.85,0.01,42,121129,买盘
09:48:33,28.84,-0.01,117,337463,卖盘
09:48:37,28.85,0.01,434,1251948,买盘
09:48:40,28.85,0.0,154,444287,卖盘
09:48:42,28.85,0.0,148,426882,卖盘
09:48:45,28.84,-0.01,214,617185,卖盘
09:48:48,28.83,-0.01,77,222066,卖盘
09:48:52,28.83,0.0,27,77865,卖盘
09:48:55,28.84,0.01,56,161477,买盘
09:48:57,28.83,-0.01,59,170125,卖盘
09:49:00,28.84,0.01,128,369138,买盘
09:49:04,28.84,0.0,84,242242,买盘
09:49:07,28.84,0.0,388,1118877,买盘
09:49:09,28.83,-0.01,199,573864,卖盘
09:49:12,28.84,0.01,252,726893,卖盘
09:49:15,28.84,0.0,439,1265966,卖盘
09:49:19,28.85,0.01,210,605958,买盘
09:49:21,28.85,0.0,142,409702,卖盘
09:49:25,28.86,0.01,439,1266952,买盘
09:49:28,28.85,-0.01,301,868401,卖盘
09:49:30,28.86,0.01,173,499151,卖盘
09:49:33,28.88,0.02,1591,4593738,买盘
09:49:36,28.88,0.0,27,77970,买盘
09:49:40,28.87,-0.01,58,167450,卖盘
09:49:42,28.88,0.01,77,222343,买盘
09:49:46,28.87,-0.01,324,935472,卖盘
09:49:48,28.9,0.03,2701,7803471,买盘
09:49:51,28.92,0.02,44,127179,买盘
09:49:54,28.9,-0.02,101,291911,卖盘
09:49:58,28.92,0.02,9,26027,买盘
09:50:01,28.92,0.0,87,251554,买盘
09:50:05,28.92,0.0,192,555194,买盘
09:50:07,28.92,0.0,659,1905623,买盘
09:50:10,28.92,0.0,169,488685,买盘
09:50:13,28.92,0.0,255,737290,买盘
09:50:16,28.91,-0.01,226,653555,卖盘
09:50:18,28.91,0.0,385,1112709,买盘
09:50:21,28.9,-0.01,824,2381396,卖盘
09:50:24,28.91,0.01,350,1011536,买盘
09:50:28,28.91,0.0,93,268838,买盘
09:50:30,28.91,0.0,75,216810,买盘
09:50:34,28.91,0.0,63,182113,买盘
09:50:36,28.9,-0.01,326,941866,卖盘
09:50:40,28.9,0.0,181,521565,卖盘
09:50:43,28.9,0.0,45,130028,买盘
09:50:45,28.89,-0.01,397,1146632,卖盘
09:50:49,28.9,0.01,239,690404,买盘
09:50:52,28.9,0.0,158,456375,买盘
09:50:55,28.89,-0.01,157,453597,卖盘
09:50:57,28.9,0.01,265,765568,买盘
09:51:00,28.89,-0.01,51,147333,中性盘
09:51:04,28.9,0.01,92,265830,买盘
09:51:07,28.88,-0.02,414,1196034,卖盘
09:51:10,28.89,0.01,52,150228,买盘
09:51:12,28.89,0.0,216,623871,买盘
09:51:15,28.88,-0.01,469,1354581,卖盘
09:51:18,28.88,0.0,335,967679,卖盘
09:51:21,28.88,0.0,95,274421,卖盘
09:51:24,28.88,0.0,282,815860,卖盘
09:51:27,28.87,-0.01,36,103949,卖盘
09:51:30,28.87,0.0,29,83749,卖盘
09:51:33,28.87,0.0,330,952737,卖盘
09:51:37,28.87,0.0,288,831702,卖盘
09:51:40,28.87,0.0,69,199242,卖盘
09:51:42,28.87,0.0,130,375330,卖盘
09:51:45,28.87,0.0,656,1893066,卖盘
09:51:48,28.88,0.01,36,103973,卖盘
09:51:52,28.88,0.0,365,1053971,卖盘
09:51:55,28.88,0.0,74,213703,买盘
09:51:57,28.88,0.0,61,176168,买盘
09:52:01,28.87,-0.01,38,109726,卖盘
09:52:05,28.88,0.01,209,603560,买盘
09:52:07,28.88,0.0,104,300337,买盘
09:52:10,28.88,0.0,85,245475,买盘
09:52:12,28.87,-0.01,170,490954,卖盘
09:52:15,28.88,0.01,173,499619,卖盘
09:52:18,28.88,0.0,111,320567,买盘
09:52:21,28.88,0.0,70,202157,买盘
09:52:24,28.88,0.0,1280,3696278,买盘
09:52:28,28.86,-0.02,16,46171,中性盘
09:52:31,28.88,0.02,44,127039,买盘
09:52:33,28.86,-0.02,28,80855,卖盘
09:52:36,28.86,0.0,62,178980,卖盘
09:52:40,28.86,0.0,31,89505,卖盘
09:52:43,28.87,0.01,77,222343,买盘
09:52:45,28.86,-0.01,286,825408,卖盘
09:52:49,28.86,0.0,257,742071,卖盘
09:52:52,28.86,0.0,47,135672,卖盘
09:52:54,28.87,0.01,7,20210,卖盘
09:52:58,28.87,0.0,57,164559,卖盘
09:53:00,28.87,0.0,70,202090,卖盘
09:53:05,28.87,0.0,21,60643,卖盘
09:53:07,28.88,0.01,110,317607,买盘
09:53:10,28.88,0.0,162,467819,买盘
09:53:13,28.88,0.0,24,69300,买盘
09:53:15,28.87,-0.01,197,568816,卖盘
09:53:18,28.86,-0.01,39,112574,卖盘
09:53:21,28.87,0.01,104,300243,买盘
09:53:24,28.87,0.0,21,60617,买盘
09:53:27,28.87,0.0,483,1393961,买盘
09:53:31,28.86,-0.01,101,291530,卖盘
09:53:33,28.87,0.01,118,340611,买盘
09:53:37,28.86,-0.01,34,98117,卖盘
09:53:40,28.87,0.01,142,409913,买盘
09:53:43,28.86,-0.01,33,95223,卖盘
09:53:46,28.87,0.01,475,1370829,买盘
09:53:49,28.87,0.0,6,17318,买盘
09:53:51,28.86,-0.01,34,98114,卖盘
09:53:54,28.86,0.0,188,542400,买盘
09:53:57,28.84,-0.02,786,2267243,卖盘
09:54:00,28.84,0.0,30,86518,买盘
09:54:04,28.83,-0.01,1180,3401275,卖盘
09:54:06,28.83,0.0,36,103776,买盘
09:54:09,28.83,0.0,1036,2985772,买盘
09:54:12,28.83,0.0,194,559285,买盘
09:54:15,28.82,-0.01,1390,4005996,卖盘
09:54:18,28.82,0.0,12,34584,买盘
09:54:21,28.81,-0.01,35,100857,卖盘
09:54:25,28.82,0.01,1248,3595504,买盘
09:54:28,28.81,-0.01,227,653987,卖盘
09:54:30,28.81,0.0,54,155584,中性盘
09:54:34,28.82,0.01,88,253983,买盘
09:54:36,28.81,-0.01,505,1455191,卖盘
09:54:40,28.81,0.0,252,726046,卖盘
09:54:43,28.81,0.0,162,466726,卖盘
09:54:45,28.81,0.0,162,466214,卖盘
09:54:49,28.81,0.0,129,371632,买盘
09:54:52,28.8,-0.01,2087,6010563,卖盘
09:54:55,28.8,0.0,2909,8380338,卖盘
09:54:58,28.79,-0.01,46,132454,卖盘
09:55:01,28.79,0.0,55,158392,卖盘
09:55:04,28.79,0.0,1334,3841035,卖盘
09:55:07,28.79,0.0,190,547003,买盘
09:55:09,28.78,-0.01,273,785848,卖盘
09:55:12,28.78,0.0,422,1214516,卖盘
09:55:15,28.78,0.0,1094,3148826,卖盘
09:55:18,28.77,-0.01,37,106470,卖盘
09:55:22,28.78,0.01,454,1306343,买盘
09:55:24,28.78,0.0,229,659061,买盘
09:55:28,28.78,0.0,274,788503,卖盘
09:55:31,28.78,0.0,147,423073,卖盘
09:55:34,28.78,0.0,150,431740,卖盘
09:55:36,28.79,0.01,46,132425,买盘
09:55:40,28.79,0.0,816,2348016,买盘
09:55:42,28.78,-0.01,40,115115,卖盘
09:55:45,28.77,-0.01,214,615723,卖盘
09:55:48,28.78,0.01,89,256077,买盘
09:55:51,28.77,-0.01,55,158248,中性盘
09:55:54,28.78,0.01,52,149611,买盘
09:55:57,28.78,0.0,24,69063,买盘
09:56:01,28.77,-0.01,74,212935,卖盘
09:56:05,28.78,0.01,189,543777,买盘
09:56:07,28.77,-0.01,59,169804,卖盘
09:56:09,28.78,0.01,51,146756,买盘
09:56:13,28.78,0.0,308,886224,买盘
09:56:15,28.77,-0.01,281,808444,卖盘
09:56:18,28.77,0.0,104,299208,买盘
09:56:22,28.77,0.0,37,106446,买盘
09:56:24,28.77,0.0,65,186990,买盘
09:56:28,28.77,0.0,70,201383,买盘
09:56:30,28.77,0.0,160,460254,买盘
09:56:34,28.77,0.0,83,238792,卖盘
09:56:37,28.78,0.01,1999,5753178,买盘
09:56:40,28.8,0.02,17,48956,买盘
09:56:42,28.8,0.0,6,17275,买盘
09:56:45,28.8,0.0,314,904028,买盘
09:56:48,28.79,-0.01,20,57580,卖盘
09:56:51,28.8,0.01,414,1192320,买盘
09:56:55,28.8,0.0,167,480960,卖盘
09:56:58,28.79,-0.01,81,233252,卖盘
09:57:01,28.8,0.01,68,195826,买盘
09:57:04,28.79,-0.01,384,1105713,卖盘
09:57:07,28.79,0.0,112,322455,买盘
09:57:09,28.81,0.02,95,273620,买盘
09:57:12,28.79,-0.02,406,1168733,卖盘
09:57:15,28.79,0.0,116,334000,卖盘
09:57:19,28.79,0.0,226,650859,卖盘
09:57:22,28.8,0.01,205,590333,买盘
09:57:25,28.8,0.0,15,43209,卖盘
09:57:27,28.8,0.0,46,132492,卖盘
09:57:30,28.8,0.0,55,158436,卖盘
09:57:33,28.8,0.0,221,636586,卖盘
09:57:36,28.81,0.01,60,172830,买盘
09:57:39,28.8,-0.01,13,37442,卖盘
09:57:43,28.8,0.0,84,241954,卖盘
09:57:45,28.81,0.01,272,783365,买盘
09:57:49,28.81,0.0,60,172857,买盘
09:57:51,28.81,0.0,44,126764,卖盘
09:57:55,28.81,0.0,126,363012,卖盘
09:57:58,28.81,0.0,47,135414,卖盘
09:58:00,28.8,-0.01,1316,3790437,卖盘
09:58:04,28.79,-0.01,31,89264,卖盘
09:58:07,28.79,0.0,65,187156,卖盘
09:58:09,28.8,0.01,59,169890,买盘
09:58:12,28.79,-0.01,99,285110,卖盘
09:58:16,28.8,0.01,423,1217884,买盘
09:58:19,28.8,0.0,180,518256,买盘
09:58:22,28.79,-0.01,6,17277,卖盘
09:58:25,28.8,0.01,9,26315,买盘
09:58:27,28.79,-0.01,41,118062,卖盘
09:58:30,28.8,0.01,259,745729,买盘
09:58:33,28.79,-0.01,810,2332840,卖盘
09:58:36,28.79,0.0,605,1741637,卖盘
09:58:40,28.79,0.0,112,322427,买盘
09:58:43,28.79,0.0,225,647671,买盘
09:58:46,28.79,0.0,325,935423,买盘
09:58:48,28.8,0.01,333,958520,买盘
09:58:52,28.8,0.0,1128,3247177,卖盘
09:58:54,28.79,-0.01,632,1819438,卖盘
09:58:57,28.79,0.0,319,918612,卖盘
09:59:01,28.8,0.01,69,198695,买盘
09:59:04,28.79,-0.01,450,1295556,卖盘
09:59:07,28.79,0.0,59,169809,买盘
09:59:09,28.78,-0.01,1113,3203361,卖盘
09:59:12,28.77,-0.01,107,307902,卖盘
09:59:15,28.77,0.0,749,2154788,卖盘
09:59:19,28.77,0.0,711,2044897,买盘
09:59:22,28.75,-0.02,1182,3398916,卖盘
09:59:24,28.77,0.02,269,773546,买盘
09:59:28,28.77,0.0,1630,4686102,买盘
09:59:30,28.75,-0.02,399,1146922,卖盘
09:59:34,28.75,0.0,271,778817,买盘
09:59:36,28.75,0.0,478,1373843,买盘
09:59:39,28.75,0.0,583,1676189,卖盘
09:59:43,28.77,0.02,458,1317191,买盘
09:59:45,28.76,-0.01,395,1136118,卖盘
09:59:49,28.75,-0.01,1231,3539766,卖盘
09:59:52,28.76,0.01,394,1133251,卖盘
09:59:54,28.78,0.02,911,2619516,买盘
09:59:58,28.76,-0.02,179,515085,卖盘
10:00:00,28.77,0.01,17,48909,中性盘
10:00:05,28.76,-0.01,180,517920,卖盘
10:00:07,28.76,0.0,144,414442,卖盘
10:00:10,28.76,0.0,169,486015,买盘
10:00:12,28.76,0.0,85,244457,卖盘
10:00:16,28.75,-0.01,2141,6152120,卖盘
10:00:18,28.74,-0.01,142,408307,卖盘
10:00:22,28.75,0.01,113,324809,中性盘
10:00:24,28.75,0.0,111,319117,买盘
10:00:28,28.76,0.01,1146,3295209,买盘
10:00:30,28.75,-0.01,335,961784,卖盘
10:00:34,28.75,0.0,312,897531,卖盘
10:00:36,28.75,0.0,516,1485096,卖盘
10:00:40,28.73,-0.02,321,922495,卖盘
10:00:42,28.75,0.02,371,1066852,中性盘
10:00:46,28.74,-0.01,324,932716,中性盘
10:00:48,28.74,0.0,489,1404502,买盘
10:00:52,28.74,0.0,219,629446,卖盘
10:00:54,28.74,0.0,148,425964,卖盘
10:00:57,28.74,0.0,85,242465,卖盘
10:01:00,28.75,0.01,333,957131,买盘
10:01:04,28.75,0.0,97,280463,买盘
10:01:07,28.75,0.0,45,129391,卖盘
10:01:09,28.76,0.01,202,580826,买盘
10:01:12,28.75,-0.01,61,175388,卖盘
10:01:15,28.76,0.01,408,1173112,买盘
10:01:19,28.75,-0.01,103,296136,卖盘
10:01:21,28.76,0.01,95,273128,中性盘
10:01:24,28.78,0.02,195,560860,买盘
10:01:28,28.76,-0.02,98,281924,卖盘
10:01:30,28.77,0.01,41,117964,卖盘
10:01:33,28.77,0.0,60,172638,卖盘
10:01:36,28.77,0.0,192,552434,卖盘
10:01:40,28.78,0.01,233,670434,买盘
10:01:42,28.77,-0.01,94,270446,卖盘
10:01:45,28.77,0.0,266,765035,买盘
10:01:48,28.76,-0.01,449,1291445,卖盘
10:01:51,28.76,0.0,278,799526,买盘
10:01:54,28.77,0.01,80,230081,买盘
10:01:57,28.76,-0.01,41,117918,中性盘
10:02:00,28.77,0.01,727,2090653,买盘
10:02:04,28.77,0.0,344,989379,买盘
10:02:06,28.76,-0.01,168,483319,卖盘
10:02:09,28.77,0.01,97,279069,买盘
10:02:12,28.76,-0.01,26,74809,卖盘
10:02:15,28.77,0.01,32,92066,卖盘
10:02:18,28.76,-0.01,575,1653697,卖盘
10:02:22,28.76,0.0,301,865727,买盘
10:02:24,28.76,0.0,63,181204,卖盘
10:02:27,28.76,0.0,47,135182,买盘
10:02:30,28.76,0.0,491,1412063,卖盘
10:02:33,28.76,0.0,888,2553486,卖盘
10:02:36,28.77,0.01,89,256193,中性盘
10:02:40,28.77,0.0,130,374010,卖盘
10:02:42,28.78,0.01,87,250310,买盘
10:02:45,28.77,-0.01,248,713507,卖盘
10:02:48,28.78,0.01,646,1858067,买盘
10:02:52,28.76,-0.02,188,540774,卖盘
10:02:55,28.75,-0.01,67,192691,卖盘
10:02:57,28.76,0.01,52,149552,买盘
10:03:00,28.75,-0.01,170,488770,卖盘
10:03:04,28.76,0.01,442,1270866,买盘
10:03:07,28.75,-0.01,129,370988,卖盘
10:03:10,28.76,0.01,195,560809,买盘
10:03:13,28.76,0.0,257,738975,卖盘
10:03:15,28.77,0.01,321,923199,买盘
10:03:18,28.76,-0.01,229,658614,卖盘
10:03:22,28.76,0.0,109,313479,买盘
10:03:24,28.76,0.0,42,120777,买盘
10:03:28,28.76,0.0,82,235828,买盘
10:03:31,28.76,0.0,124,356622,卖盘
10:03:34,28.76,0.0,72,207083,卖盘
10:03:37,28.76,0.0,123,353837,卖盘
10:03:39,28.77,0.01,19,54663,买盘
10:03:42,28.77,0.0,21,60419,卖盘
10:03:45,28.8,0.03,915,2633258,买盘
10:03:48,28.8,0.0,50,143992,买盘
10:03:51,28.8,0.0,10,28800,卖盘
10:03:55,28.81,0.01,35,100828,买盘
10:03:58,28.8,-0.01,41,118081,卖盘
10:04:00,28.83,0.03,400,1153033,买盘
10:04:04,28.82,-0.01,283,815704,卖盘
10:04:07,28.84,0.02,224,645720,买盘
10:04:10,28.83,-0.01,378,1089517,卖盘
10:04:12,28.85,0.02,313,902539,买盘
10:04:16,28.82,-0.03,429,1237413,中性盘
10:04:19,28.81,-0.01,61,175795,卖盘
10:04:21,28.84,0.03,54,155658,买盘
10:04:24,28.84,0.0,33,95094,买盘
10:04:27,28.85,0.01,417,1202704,买盘
10:04:31,28.82,-0.03,99,283011,卖盘
10:04:34,28.85,0.03,540,1557377,买盘
10:04:36,28.84,-0.01,216,622922,中性盘
10:04:39,28.85,0.01,202,582494,买盘
10:04:42,28.83,-0.02,79,227783,卖盘
10:04:46,28.83,0.0,187,539150,卖盘
10:04:48,28.82,-0.01,55,158510,卖盘
10:04:51,28.82,0.0,1,2882,卖盘
10:04:54,28.84,0.02,663,1911428,买盘
10:04:58,28.82,-0.02,185,533501,卖盘
10:05:00,28.83,0.01,67,193146,买盘
10:05:04,28.83,0.0,190,547861,卖盘
10:05:06,28.83,0.0,564,1625796,买盘
10:05:10,28.83,0.0,31,89358,买盘
10:05:12,28.81,-0.02,704,2030678,卖盘
10:05:15,28.82,0.01,77,221914,中性盘
10:05:19,28.82,0.0,47,135446,买盘
10:05:21,28.81,-0.01,103,296721,卖盘
10:05:24,28.81,0.0,50,144053,卖盘
10:05:27,28.81,0.0,443,1277929,卖盘
10:05:30,28.82,0.01,91,262191,买盘
10:05:34,28.81,-0.01,273,786289,卖盘
10:05:36,28.81,0.0,217,625154,卖盘
10:05:40,28.8,-0.01,1052,3030002,卖盘
10:05:42,28.79,-0.01,1388,3997437,卖盘
10:05:45,28.8,0.01,84,240025,买盘
10:05:48,28.79,-0.01,24,69080,买盘
10:05:51,28.79,0.0,4,11516,买盘
10:05:55,28.78,-0.01,15,43177,卖盘
10:05:57,28.79,0.01,25,71965,买盘
10:06:00,28.78,-0.01,257,739646,卖盘
10:06:05,28.78,0.0,239,687307,卖盘
10:06:06,28.78,0.0,110,316620,买盘
10:06:09,28.78,0.0,74,212941,买盘
10:06:12,28.78,0.0,63,181282,买盘
10:06:15,28.77,-0.01,291,837245,卖盘
10:06:18,28.78,0.01,270,777031,买盘
10:06:21,28.77,-0.01,36,103582,卖盘
10:06:24,28.78,0.01,28,80582,买盘
10:06:27,28.77,-0.01,98,281960,卖盘
10:06:30,28.78,0.01,18,51803,买盘
10:06:33,28.78,0.0,48,138111,买盘
10:06:37,28.77,-0.01,230,661802,卖盘
10:06:40,28.77,0.0,83,238833,卖盘
10:06:42,28.76,-0.01,241,693306,卖盘
10:06:46,28.77,0.01,50,143820,中性盘
10:06:49,28.76,-0.01,28,80534,卖盘
10:06:52,28.76,0.0,98,281848,卖盘
10:06:54,28.76,0.0,216,621241,卖盘
10:06:57,28.75,-0.01,563,1619182,卖盘
10:07:00,28.76,0.01,296,851253,买盘
10:07:04,28.76,0.0,349,1003586,买盘
10:07:06,28.76,0.0,287,825379,买盘
10:07:09,28.76,0.0,749,2153673,卖盘
10:07:12,28.76,0.0,38,109288,卖盘
10:07:15,28.76,0.0,328,943317,卖盘
10:07:18,28.76,0.0,59,169684,买盘
10:07:21,28.76,0.0,20,57510,买盘
10:07:25,28.76,0.0,306,879784,买盘
10:07:28,28.77,0.01,517,1486841,买盘
10:07:31,28.77,0.0,234,673218,买盘
10:07:34,28.76,-0.01,245,704621,卖盘
10:07:36,28.76,0.0,302,868680,卖盘
10:07:39,28.76,0.0,156,448678,卖盘
10:07:42,28.76,0.0,17,48893,卖盘
10:07:46,28.76,0.0,286,822548,卖盘
10:07:48,28.76,0.0,341,980934,卖盘
10:07:52,28.77,0.01,74,212838,买盘
10:07:55,28.76,-0.01,9,25889,卖盘
10:07:58,28.76,0.0,301,865681,卖盘
10:08:00,28.76,0.0,241,693101,买盘
10:08:05,28.75,-0.01,141,405427,卖盘
10:08:07,28.76,0.01,771,2217422,买盘
10:08:10,28.76,0.0,370,1064125,卖盘
10:08:12,28.75,-0.01,355,1020881,卖盘
10:08:15,28.76,0.01,458,1316851,买盘
10:08:18,28.76,0.0,543,1561584,买盘
10:08:21,28.75,-0.01,490,1408768,卖盘
10:08:25,28.75,0.0,675,1942184,卖盘
10:08:28,28.75,0.0,299,859630,卖盘
10:08:30,28.76,0.01,29,83376,中性盘
10:08:33,28.75,-0.01,756,2173624,卖盘
10:08:37,28.75,0.0,455,1308243,卖盘
10:08:40,28.75,0.0,186,534754,卖盘
10:08:42,28.75,0.0,652,1874747,卖盘
10:08:46,28.75,0.0,1268,3644523,卖盘
10:08:48,28.75,0.0,45,129312,中性盘
10:08:51,28.73,-0.02,433,1244120,卖盘
10:08:54,28.75,0.02,157,451325,买盘
10:08:58,28.75,0.0,200,574824,买盘
10:09:00,28.74,-0.01,227,652508,卖盘
10:09:05,28.74,0.0,551,1583587,卖盘
10:09:07,28.74,0.0,193,554884,卖盘
10:09:09,28.74,0.0,188,540328,卖盘
10:09:13,28.74,0.0,39,112111,卖盘
10:09:15,28.74,0.0,518,1488747,卖盘
10:09:19,28.75,0.01,553,1589708,买盘
10:09:21,28.75,0.0,34,97750,买盘
10:09:25,28.75,0.0,598,1719000,买盘
10:09:27,28.75,0.0,32,92000,卖盘
10:09:31,28.76,0.01,115,330657,买盘
10:09:33,28.75,-0.01,160,460005,卖盘
10:09:36,28.76,0.01,774,2225355,买盘
10:09:39,28.75,-0.01,557,1601006,卖盘
10:09:42,28.74,-0.01,104,298997,卖盘
10:09:45,28.75,0.01,748,2149768,买盘
10:09:48,28.74,-0.01,168,482839,卖盘
10:09:51,28.74,0.0,279,801847,卖盘
10:09:55,28.73,-0.01,35,100580,卖盘
10:09:57,28.73,0.0,383,1100365,卖盘
10:10:01,28.73,0.0,593,1703714,卖盘
10:10:05,28.73,0.0,153,439572,卖盘
10:10:07,28.74,0.01,845,2428309,买盘
10:10:09,28.74,0.0,152,436750,卖盘
10:10:12,28.72,-0.02,442,1269954,卖盘
10:10:15,28.73,0.01,190,545911,卖盘
10:10:18,28.73,0.0,186,534378,买盘
10:10:22,28.73,0.0,471,1352821,中性盘
10:10:25,28.73,0.0,15,43095,卖盘
10:10:28,28.73,0.0,399,1146283,卖盘
10:10:30,28.73,0.0,117,336058,买盘
10:10:33,28.73,0.0,132,379158,买盘
10:10:37,28.73,0.0,437,1255184,买盘
10:10:40,28.73,0.0,538,1545240,买盘
10:10:42,28.73,0.0,533,1530780,买盘
10:10:46,28.72,-0.01,551,1582519,卖盘
10:10:49,28.72,0.0,33,94776,买盘
10:10:52,28.71,-0.01,1450,4164693,卖盘
10:10:54,28.71,0.0,161,462263,卖盘
10:10:57,28.72,0.01,126,361816,买盘
10:11:00,28.72,0.0,359,1031050,卖盘
10:11:04,28.71,-0.01,297,852982,卖盘
10:11:06,28.72,0.01,131,376231,买盘
10:11:10,28.73,0.01,202,580153,中性盘
10:11:13,28.73,0.0,13,37346,买盘
10:11:16,28.73,0.0,312,896008,中性盘
10:11:19,28.73,0.0,99,284243,买盘
10:11:21,28.73,0.0,111,318900,买盘
10:11:24,28.72,-0.01,222,637691,卖盘
10:11:27,28.73,0.01,233,669283,买盘
10:11:30,28.73,0.0,12,34476,卖盘
10:11:34,28.72,-0.01,361,1036949,卖盘
10:11:36,28.73,0.01,207,594783,中性盘
10:11:39,28.73,0.0,146,419459,卖盘
10:11:42,28.74,0.01,494,1419684,买盘
10:11:46,28.74,0.0,208,597715,卖盘
10:11:49,28.74,0.0,374,1074667,买盘
10:11:51,28.73,-0.01,69,198279,卖盘
10:11:54,28.74,0.01,121,347743,买盘
10:11:57,28.74,0.0,304,873454,买盘
10:12:00,28.74,0.0,123,353401,买盘
10:12:05,28.74,0.0,272,781476,买盘
10:12:06,28.74,0.0,372,1068895,买盘
10:12:10,28.74,0.0,49,140826,买盘
10:12:13,28.74,0.0,94,270106,买盘
10:12:16,28.73,-0.01,412,1183743,卖盘
10:12:19,28.73,0.0,79,227004,卖盘
10:12:21,28.73,0.0,139,399344,卖盘
10:12:24,28.73,0.0,68,195346,买盘
10:12:27,28.73,0.0,52,149396,买盘
10:12:30,28.73,0.0,64,183872,买盘
10:12:33,28.73,0.0,271,778481,买盘
10:12:36,28.72,-0.01,198,568784,卖盘
10:12:40,28.73,0.01,361,1037052,买盘
10:12:42,28.73,0.0,193,554349,买盘
10:12:45,28.74,0.01,828,2378799,买盘
10:12:49,28.74,0.0,278,798945,买盘
10:12:51,28.75,0.01,53,152323,买盘
10:12:55,28.74,-0.01,10,28746,卖盘
10:12:57,28.75,0.01,100,287410,买盘
10:13:00,28.75,0.0,42,120738,买盘
10:13:04,28.75,0.0,46,132225,买盘
10:13:06,28.75,0.0,305,876868,买盘
10:13:09,28.76,0.01,734,2110490,买盘
10:13:12,28.75,-0.01,863,2481662,卖盘
10:13:15,28.75,0.0,439,1262276,卖盘
10:13:18,28.74,-0.01,162,465677,卖盘
10:13:22,28.75,0.01,125,359425,买盘
10:13:24,28.75,0.0,7,20125,卖盘
10:13:28,28.75,0.0,16,46000,卖盘
10:13:30,28.75,0.0,92,264510,卖盘
10:13:33,28.75,0.0,124,356507,卖盘
10:13:36,28.75,0.0,1224,3520298,卖盘
10:13:40,28.75,0.0,282,811183,卖盘
10:13:42,28.76,0.01,827,2377918,中性盘
10:13:45,28.75,-0.01,294,845326,卖盘
10:13:48,28.74,-0.01,36,103490,卖盘
10:13:51,28.76,0.02,76,218548,买盘
10:13:55,28.75,-0.01,125,359373,卖盘
10:13:57,28.75,0.0,76,218500,买盘
10:14:01,28.74,-0.01,44,126461,卖盘
10:14:04,28.75,0.01,200,574910,买盘
10:14:07,28.75,0.0,131,376613,买盘
10:14:09,28.75,0.0,48,137992,买盘
10:14:12,28.75,0.0,201,577727,买盘
10:14:16,28.75,0.0,418,1201409,买盘
10:14:19,28.74,-0.01,423,1215738,卖盘
10:14:21,28.74,0.0,18,51723,买盘
10:14:24,28.74,0.0,51,146555,买盘
10:14:28,28.73,-0.01,100,287336,卖盘
10:14:31,28.74,0.01,91,261531,买盘
10:14:33,28.74,0.0,159,456835,卖盘
10:14:37,28.73,-0.01,233,669715,卖盘
10:14:39,28.74,0.01,35,100590,买盘
10:14:43,28.74,0.0,63,181066,卖盘
10:14:46,28.74,0.0,141,405234,卖盘
10:14:48,28.73,-0.01,109,313174,卖盘
10:14:52,28.73,0.0,584,1677891,卖盘
10:14:55,28.73,0.0,168,482673,卖盘
10:14:58,28.73,0.0,1259,3617199,卖盘
10:15:01,28.73,0.0,29,83317,买盘
10:15:04,28.72,-0.01,123,353339,卖盘
10:15:06,28.72,0.0,110,316015,卖盘
10:15:09,28.72,0.0,394,1131574,卖盘
10:15:13,28.72,0.0,152,436559,卖盘
10:15:16,28.72,0.0,249,715134,卖盘
10:15:19,28.73,0.01,291,835983,买盘
10:15:21,28.72,-0.01,561,1611192,卖盘
10:15:24,28.73,0.01,93,267114,买盘
10:15:28,28.72,-0.01,169,485371,卖盘
10:15:30,28.72,0.0,215,617570,卖盘
10:15:33,28.72,0.0,330,947778,卖盘
10:15:37,28.72,0.0,403,1157565,卖盘
10:15:39,28.73,0.01,110,315930,买盘
10:15:42,28.72,-0.01,250,718114,卖盘
10:15:45,28.72,0.0,248,712256,卖盘
10:15:48,28.72,0.0,29,83291,卖盘
10:15:51,28.73,0.01,254,730032,买盘
10:15:54,28.72,-0.01,207,594571,卖盘
10:15:57,28.72,0.0,78,224040,卖盘
10:16:00,28.72,0.0,428,1229540,卖盘
10:16:04,28.73,0.01,141,405036,买盘
10:16:06,28.72,-0.01,363,1042688,卖盘
10:16:09,28.72,0.0,190,545701,卖盘
10:16:12,28.72,0.0,73,209687,卖盘
10:16:15,28.73,0.01,492,1413107,买盘
10:16:19,28.72,-0.01,1745,5010941,卖盘
10:16:21,28.72,0.0,39,111996,买盘
10:16:24,28.72,0.0,799,2293952,买盘
10:16:28,28.72,0.0,98,281398,买盘
10:16:31,28.72,0.0,13,37333,买盘
10:16:33,28.72,0.0,56,160832,买盘
10:16:37,28.71,-0.01,227,651856,卖盘
10:16:39,28.71,0.0,2878,8263490,卖盘
10:16:42,28.71,0.0,16,45936,买盘
10:16:46,28.71,0.0,256,734732,买盘
10:16:49,28.71,0.0,96,275590,买盘
10:16:52,28.71,0.0,575,1650288,买盘
10:16:54,28.7,-0.01,181,519580,卖盘
10:16:57,28.7,0.0,75,215261,卖盘
10:17:00,28.71,0.01,204,585496,买盘
10:17:04,28.71,0.0,100,287040,买盘
10:17:07,28.71,0.0,247,709001,买盘
10:17:10,28.7,-0.01,59,169333,卖盘
10:17:12,28.71,0.01,282,809353,买盘
10:17:16,28.7,-0.01,346,993034,卖盘
10:17:19,28.7,0.0,2942,8443657,卖盘
10:17:22,28.7,0.0,1135,3257680,卖盘
10:17:24,28.7,0.0,1686,4838911,卖盘
10:17:27,28.7,0.0,650,1865838,卖盘
10:17:31,28.7,0.0,126,361727,卖盘
10:17:33,28.7,0.0,215,617071,卖盘
10:17:37,28.7,0.0,1797,5157015,卖盘
10:17:39,28.69,-0.01,67,192263,卖盘
10:17:42,28.69,0.0,946,2714155,卖盘
10:17:46,28.69,0.0,204,585201,卖盘
10:17:49,28.69,0.0,148,424565,买盘
10:17:52,28.68,-0.01,65,186431,卖盘
10:17:55,28.68,0.0,111,318381,卖盘
10:17:58,28.68,0.0,86,246700,卖盘
10:18:00,28.68,0.0,128,367134,卖盘
10:18:04,28.68,0.0,368,1055464,卖盘
10:18:06,28.69,0.01,353,1012508,买盘
10:18:09,28.68,-0.01,276,791814,卖盘
10:18:12,28.69,0.01,201,576475,买盘
10:18:16,28.69,0.0,678,1944739,买盘
10:18:19,28.69,0.0,180,516301,买盘
10:18:21,28.69,0.0,45,129101,买盘
10:18:24,28.69,0.0,59,169265,买盘
10:18:27,28.69,0.0,461,1322172,买盘
10:18:30,28.69,0.0,64,183604,买盘
10:18:33,28.69,0.0,70,200830,买盘
10:18:36,28.68,-0.01,377,1081324,卖盘
10:18:39,28.68,0.0,345,989481,卖盘
10:18:42,28.68,0.0,386,1107019,卖盘
10:18:46,28.68,0.0,276,791322,买盘
10:18:49,28.68,0.0,428,1227156,买盘
10:18:51,28.68,0.0,361,1035032,买盘
10:18:55,28.68,0.0,114,326871,买盘
10:18:57,28.67,-0.01,613,1757579,卖盘
10:19:01,28.66,-0.01,127,364036,卖盘
10:19:05,28.67,0.01,980,2808765,买盘
10:19:06,28.66,-0.01,723,2072237,卖盘
10:19:10,28.66,0.0,12,34392,买盘
10:19:12,28.66,0.0,351,1005764,买盘
10:19:15,28.65,-0.01,1288,3689979,卖盘
10:19:19,28.66,0.01,246,705121,卖盘
10:19:21,28.65,-0.01,30,85961,卖盘
10:19:24,28.66,0.01,205,587106,买盘
10:19:27,28.65,-0.01,184,527446,卖盘
10:19:30,28.65,0.0,79,226052,买盘
10:19:33,28.65,0.0,95,272176,卖盘
10:19:36,28.65,0.0,387,1108913,卖盘
10:19:40,28.65,0.0,95,272183,卖盘
10:19:42,28.66,0.01,323,925665,买盘
10:19:45,28.66,0.0,437,1252457,卖盘
10:19:49,28.67,0.01,455,1304046,买盘
10:19:51,28.66,-0.01,248,710780,卖盘
10:19:55,28.66,0.0,168,481535,卖盘
10:19:57,28.66,0.0,29,83121,卖盘
10:20:01,28.66,0.0,335,960122,卖盘
10:20:04,28.66,0.0,537,1539459,卖盘
10:20:07,28.66,0.0,280,802566,卖盘
10:20:09,28.66,0.0,94,269410,卖盘
10:20:12,28.67,0.01,141,404121,买盘
10:20:16,28.67,0.0,301,863710,买盘
10:20:19,28.66,-0.01,182,521652,卖盘
10:20:21,28.67,0.01,115,329591,买盘
10:20:24,28.66,-0.01,363,1040314,卖盘
10:20:27,28.65,-0.01,78,223506,卖盘
10:20:30,28.65,0.0,588,1684676,卖盘
10:20:33,28.66,0.01,210,601691,买盘
10:20:36,28.66,0.0,172,492932,买盘
10:20:40,28.65,-0.01,64,183390,卖盘
10:20:43,28.66,0.01,98,280789,买盘
10:20:45,28.65,-0.01,449,1286569,卖盘
10:20:49,28.66,0.01,46,131806,中性盘
10:20:51,28.67,0.01,149,427132,买盘
10:20:54,28.66,-0.01,26,74538,卖盘
10:20:58,28.66,0.0,145,415588,卖盘
10:21:01,28.66,0.0,76,217836,卖盘
10:21:04,28.66,0.0,251,719398,卖盘
10:21:07,28.66,0.0,453,1298430,卖盘
10:21:09,28.66,0.0,101,289466,卖盘
10:21:12,28.66,0.0,279,799592,卖盘
10:21:15,28.66,0.0,468,1341035,买盘
10:21:18,28.66,0.0,104,298048,买盘
10:21:22,28.66,0.0,67,192014,买盘
10:21:25,28.66,0.0,389,1114859,买盘
10:21:28,28.66,0.0,1,2866,卖盘
10:21:31,28.66,0.0,105,300930,卖盘
10:21:34,28.66,0.0,50,143311,卖盘
10:21:37,28.66,0.0,157,450055,卖盘
10:21:39,28.66,0.0,172,493011,卖盘
10:21:42,28.66,0.0,17,48724,卖盘
10:21:46,28.66,0.0,269,770971,卖盘
10:21:49,28.66,0.0,274,785315,卖盘
10:21:51,28.66,0.0,569,1630754,卖盘
10:21:55,28.66,0.0,333,954375,卖盘
10:21:58,28.66,0.0,1429,4094156,买盘
10:22:01,28.65,-0.01,104,297977,卖盘
10:22:04,28.66,0.01,521,1492712,买盘
10:22:07,28.64,-0.02,2163,6196388,卖盘
10:22:09,28.65,0.01,55,157542,买盘
10:22:12,28.65,0.0,115,329367,买盘
10:22:15,28.64,-0.01,472,1351961,卖盘
10:22:18,28.64,0.0,85,243401,买盘
10:22:21,28.64,0.0,67,191876,买盘
10:22:25,28.64,0.0,147,420955,买盘
10:22:27,28.64,0.0,349,999235,买盘
10:22:30,28.63,-0.01,371,1062218,卖盘
10:22:34,28.63,0.0,23,65849,买盘
10:22:36,28.62,-0.01,249,712727,卖盘
10:22:39,28.62,0.0,99,283383,卖盘
10:22:43,28.63,0.01,55,157428,买盘
10:22:45,28.62,-0.01,395,1129866,卖盘
10:22:49,28.63,0.01,175,502443,买盘
10:22:51,28.62,-0.01,300,858626,卖盘
10:22:55,28.62,0.0,77,219519,卖盘
10:22:57,28.62,0.0,5078,14524787,买盘
10:23:00,28.61,-0.01,76,217454,卖盘
10:23:04,28.62,0.01,388,1110183,买盘
10:23:07,28.6,-0.02,385,1101509,卖盘
10:23:10,28.61,0.01,434,1241415,买盘
10:23:12,28.6,-0.01,113,323167,卖盘
10:23:15,28.59,-0.01,203,580427,卖盘
10:23:18,28.59,0.0,35,100054,买盘
10:23:21,28.59,0.0,81,231532,买盘
10:23:25,28.58,-0.01,305,871693,卖盘
10:23:28,28.58,0.0,144,411595,卖盘
10:23:30,28.58,0.0,634,1812067,卖盘
10:23:34,28.58,0.0,92,262951,卖盘
10:23:36,28.57,-0.01,432,1234683,卖盘
10:23:39,28.58,0.01,138,394369,买盘
10:23:43,28.58,0.0,68,194307,买盘
10:23:45,28.57,-0.01,2056,5870649,卖盘
10:23:48,28.57,0.0,47,134245,买盘
10:23:52,28.55,-0.02,926,2645001,卖盘
10:23:55,28.56,0.01,175,499667,中性盘
10:23:58,28.53,-0.03,300,856438,卖盘
10:24:00,28.55,0.02,122,347020,中性盘
10:24:04,28.54,-0.01,208,593802,卖盘
10:24:07,28.57,0.03,532,1519054,买盘
10:24:10,28.56,-0.01,85,242629,中性盘
10:24:12,28.57,0.01,169,482497,买盘
10:24:15,28.54,-0.03,477,1361344,卖盘
10:24:18,28.57,0.03,485,1384565,买盘
10:24:22,28.57,0.0,314,896790,买盘
10:24:24,28.54,-0.03,414,1182390,卖盘
10:24:28,28.56,0.02,201,574125,买盘
10:24:30,28.55,-0.01,410,1172465,卖盘
10:24:33,28.56,0.01,51,145628,买盘
10:24:36,28.56,0.0,291,830780,买盘
10:24:40,28.56,0.0,194,553759,买盘
10:24:42,28.55,-0.01,224,639694,卖盘
10:24:45,28.56,0.01,497,1418368,买盘
10:24:49,28.55,-0.01,233,665522,卖盘
10:24:52,28.56,0.01,35,99952,中性盘
10:24:55,28.56,0.0,566,1616046,买盘
10:24:57,28.56,0.0,116,331297,买盘
10:25:00,28.55,-0.01,133,379866,卖盘
10:25:04,28.56,0.01,274,782404,卖盘
10:25:06,28.56,0.0,170,485625,卖盘
10:25:09,28.56,0.0,301,859517,卖盘
10:25:12,28.56,0.0,129,368488,买盘
10:25:15,28.57,0.01,150,428381,中性盘
10:25:18,28.57,0.0,390,1113962,买盘
10:25:22,28.56,-0.01,5,14281,卖盘
10:25:24,28.56,0.0,108,308492,卖盘
10:25:27,28.57,0.01,894,2554565,中性盘
10:25:30,28.58,0.01,114,325673,买盘
10:25:34,28.57,-0.01,290,828316,中性盘
10:25:36,28.57,0.0,81,231411,买盘
10:25:39,28.57,0.0,145,414278,卖盘
10:25:42,28.58,0.01,161,460072,买盘
10:25:45,28.57,-0.01,94,268561,卖盘
10:25:49,28.55,-0.02,1652,4717920,卖盘
10:25:51,28.55,0.0,133,379714,买盘
10:25:54,28.55,0.0,183,522460,买盘
10:25:57,28.55,0.0,3779,10788453,买盘
10:26:01,28.55,0.0,127,362551,买盘
10:26:05,28.56,0.01,86,245553,买盘
10:26:06,28.54,-0.02,5825,16610433,卖盘
10:26:09,28.55,0.01,51,145600,中性盘
10:26:12,28.56,0.01,66,188450,中性盘
10:26:16,28.56,0.0,517,1475959,中性盘
10:26:18,28.55,-0.01,22,62829,卖盘
10:26:21,28.56,0.01,176,502664,卖盘
10:26:24,28.56,0.0,76,217075,卖盘
10:26:27,28.57,0.01,58,165674,买盘
10:26:30,28.57,0.0,105,299917,买盘
10:26:33,28.57,0.0,242,691377,买盘
10:26:37,28.57,0.0,310,885831,卖盘
10:26:40,28.58,0.01,488,1395035,卖盘
10:26:43,28.58,0.0,97,277261,卖盘
10:26:45,28.56,-0.02,254,725643,卖盘
10:26:49,28.58,0.02,81,231409,买盘
10:26:51,28.58,0.0,67,191480,买盘
10:26:54,28.56,-0.02,287,819917,卖盘
10:26:57,28.59,0.03,85,242926,买盘
10:27:01,28.58,-0.01,47,134327,卖盘
10:27:04,28.58,0.0,151,431548,卖盘
10:27:07,28.59,0.01,236,674499,买盘
10:27:10,28.58,-0.01,152,434431,中性盘
10:27:13,28.58,0.0,68,194337,买盘
10:27:15,28.57,-0.01,306,874266,卖盘
10:27:19,28.58,0.01,245,699874,买盘
10:27:22,28.57,-0.01,20,57153,买盘
10:27:24,28.58,0.01,67,191454,买盘
10:27:27,28.58,0.0,281,803076,买盘
10:27:31,28.58,0.0,16,45728,卖盘
10:27:33,28.59,0.01,117,334398,买盘
10:27:37,28.59,0.0,215,614577,买盘
10:27:39,28.59,0.0,58,165812,卖盘
10:27:43,28.58,-0.01,127,363054,卖盘
10:27:45,28.59,0.01,140,400261,卖盘
10:27:49,28.59,0.0,66,188677,买盘
10:27:52,28.59,0.0,66,188652,买盘
10:27:55,28.57,-0.02,174,497328,卖盘
10:27:57,28.59,0.02,515,1472140,买盘
10:28:00,28.6,0.01,49,140094,买盘
10:28:04,28.6,0.0,455,1300959,买盘
10:28:07,28.59,-0.01,405,1158046,卖盘
10:28:09,28.59,0.0,196,560418,卖盘
10:28:13,28.59,0.0,177,506071,卖盘
10:28:15,28.58,-0.01,233,665817,卖盘
10:28:18,28.58,0.0,100,285790,买盘
10:28:21,28.58,0.0,179,511483,买盘
10:28:25,28.58,0.0,43,122894,买盘
10:28:27,28.58,0.0,180,514440,买盘
10:28:31,28.58,0.0,267,762863,买盘
10:28:34,28.57,-0.01,142,405816,卖盘
10:28:37,28.58,0.01,135,385908,中性盘
10:28:39,28.58,0.0,328,937306,卖盘
10:28:42,28.59,0.01,6,17153,买盘
10:28:45,28.58,-0.01,286,817427,卖盘
10:28:49,28.58,0.0,66,188602,买盘
10:28:51,28.57,-0.01,188,537235,卖盘
10:28:54,28.58,0.01,255,728851,卖盘
10:28:57,28.59,0.01,101,288669,买盘
10:29:00,28.58,-0.01,26,74314,卖盘
10:29:04,28.59,0.01,140,400042,买盘
10:29:07,28.59,0.0,134,383084,买盘
10:29:10,28.59,0.0,60,171539,卖盘
10:29:13,28.59,0.0,163,466017,卖盘
10:29:16,28.58,-0.01,311,888851,卖盘
10:29:18,28.57,-0.01,128,365828,卖盘
10:29:22,28.58,0.01,54,154313,买盘
10:29:24,28.58,0.0,94,268652,买盘
10:29:28,28.58,0.0,940,2684824,买盘
10:29:30,28.57,-0.01,119,340053,卖盘
10:29:33,28.57,0.0,72,206973,卖盘
10:29:37,28.59,0.02,214,611705,买盘
10:29:39,28.58,-0.01,26,74308,卖盘
10:29:42,28.56,-0.02,416,1187307,卖盘
10:29:45,28.58,0.02,302,862324,买盘
10:29:48,28.58,0.0,16,45717,买盘
10:29:52,28.58,0.0,224,639997,买盘
10:29:55,28.55,-0.03,432,1233590,卖盘
10:29:57,28.55,0.0,60,171300,买盘
10:30:00,28.55,0.0,235,670777,买盘
10:30:04,28.55,0.0,286,816527,买盘
10:30:07,28.54,-0.01,393,1121835,卖盘
10:30:10,28.55,0.01,75,214130,卖盘
10:30:12,28.55,0.0,172,491083,卖盘
10:30:15,28.54,-0.01,243,693477,卖盘
10:30:18,28.54,0.0,265,756096,买盘
10:30:21,28.54,0.0,155,442291,买盘
10:30:24,28.54,0.0,191,544946,买盘
10:30:28,28.54,0.0,57,162653,买盘
10:30:31,28.53,-0.01,158,450805,卖盘
10:30:33,28.53,0.0,158,450736,卖盘
10:30:36,28.52,-0.01,190,541901,卖盘
10:30:39,28.53,0.01,959,2734901,买盘
10:30:42,28.54,0.01,67,191156,买盘
10:30:46,28.54,0.0,285,813123,买盘
10:30:49,28.53,-0.01,310,884440,卖盘
10:30:51,28.53,0.0,85,242505,卖盘
10:30:54,28.52,-0.01,64,182566,卖盘
10:30:58,28.53,0.01,208,593424,买盘
10:31:00,28.53,0.0,166,473472,买盘
10:31:04,28.53,0.0,159,453579,买盘
10:31:07,28.53,0.0,182,519171,买盘
10:31:10,28.52,-0.01,161,459303,卖盘
10:31:13,28.54,0.02,112,319505,买盘
10:31:15,28.53,-0.01,337,961461,卖盘
10:31:18,28.54,0.01,56,159772,买盘
10:31:22,28.52,-0.02,196,559194,卖盘
10:31:24,28.52,0.0,85,242472,卖盘
10:31:28,28.54,0.02,33,94176,买盘
10:31:30,28.54,0.0,299,853059,买盘
10:31:33,28.54,0.0,60,171216,买盘
10:31:37,28.53,-0.01,123,350951,卖盘
10:31:39,28.54,0.01,116,330953,买盘
10:31:42,28.53,-0.01,102,291028,卖盘
10:31:46,28.52,-0.01,174,497939,卖盘
10:31:49,28.53,0.01,190,542046,中性盘
10:31:51,28.53,0.0,380,1083916,买盘
10:31:55,28.54,0.01,146,416548,买盘
10:31:57,28.54,0.0,49,139812,买盘
10:32:01,28.53,-0.01,81,231096,卖盘
10:32:04,28.53,0.0,219,624861,卖盘
10:32:06,28.53,0.0,187,533535,卖盘
10:32:09,28.53,0.0,201,573468,卖盘
10:32:12,28.54,0.01,123,350992,买盘
10:32:15,28.54,0.0,38,108443,买盘
10:32:19,28.54,0.0,411,1172625,买盘
10:32:21,28.54,0.0,180,513636,买盘
10:32:25,28.54,0.0,20,57080,卖盘
10:32:28,28.55,0.01,73,208356,买盘
10:32:30,28.54,-0.01,120,342496,卖盘
10:32:34,28.55,0.01,136,388275,买盘
10:32:37,28.54,-0.01,345,984648,卖盘
10:32:40,28.54,0.0,374,1067634,卖盘
10:32:42,28.53,-0.01,249,710541,卖盘
10:32:45,28.54,0.01,116,331026,买盘
10:32:48,28.53,-0.01,304,867330,卖盘
10:32:52,28.53,0.0,320,913033,卖盘
10:32:55,28.54,0.01,206,587807,买盘
10:32:57,28.53,-0.01,47,134107,卖盘
10:33:00,28.54,0.01,215,613435,买盘
10:33:04,28.53,-0.01,214,610601,卖盘
10:33:07,28.53,0.0,230,656246,卖盘
10:33:09,28.53,0.0,279,796212,卖盘
10:33:13,28.54,0.01,150,428034,买盘
10:33:15,28.54,0.0,328,935836,买盘
10:33:18,28.54,0.0,393,1121327,买盘
10:33:21,28.53,-0.01,316,901585,卖盘
10:33:24,28.53,0.0,210,599264,卖盘
10:33:27,28.53,0.0,118,336691,卖盘
10:33:30,28.53,0.0,536,1529279,卖盘
10:33:33,28.53,0.0,179,510756,卖盘
10:33:36,28.53,0.0,125,356648,卖盘
10:33:40,28.53,0.0,281,801772,卖盘
10:33:42,28.53,0.0,125,356674,卖盘
10:33:45,28.53,0.0,174,496426,卖盘
10:33:49,28.53,0.0,364,1038503,卖盘
10:33:51,28.53,0.0,123,350945,买盘
10:33:55,28.54,0.01,927,2644171,买盘
10:33:57,28.52,-0.02,246,701898,卖盘
10:34:01,28.53,0.01,52,148369,中性盘
10:34:05,28.53,0.0,779,2222509,卖盘
10:34:07,28.53,0.0,426,1215383,卖盘
10:34:10,28.52,-0.01,550,1569077,卖盘
10:34:12,28.52,0.0,626,1785474,卖盘
10:34:16,28.53,0.01,119,339412,买盘
10:34:18,28.52,-0.01,492,1401312,卖盘
10:34:21,28.52,0.0,117,333601,买盘
10:34:24,28.5,-0.02,1589,4530252,卖盘
10:34:27,28.5,0.0,587,1673099,卖盘
10:34:30,28.51,0.01,164,467461,买盘
10:34:33,28.52,0.01,971,2767386,买盘
10:34:36,28.5,-0.02,429,1222734,卖盘
10:34:39,28.5,0.0,147,418968,卖盘
10:34:43,28.52,0.02,2203,6283215,买盘
10:34:45,28.5,-0.02,2355,6712852,卖盘
10:34:48,28.5,0.0,349,994923,卖盘
10:34:51,28.52,0.02,1687,4809385,买盘
10:34:54,28.52,0.0,149,424871,卖盘
10:34:58,28.53,0.01,41,116938,买盘
10:35:01,28.52,-0.01,569,1622812,卖盘
10:35:04,28.53,0.01,102,290992,买盘
10:35:07,28.51,-0.02,540,1539929,卖盘
10:35:09,28.52,0.01,76,216746,买盘
10:35:12,28.53,0.01,1019,2906193,买盘
10:35:16,28.52,-0.01,337,961125,卖盘
10:35:18,28.52,0.0,218,621714,买盘
10:35:22,28.52,0.0,178,507598,买盘
10:35:24,28.53,0.01,599,1708053,买盘
10:35:27,28.54,0.01,8,22825,买盘
10:35:30,28.53,-0.01,242,690457,卖盘
10:35:34,28.53,0.0,223,636239,卖盘
10:35:37,28.53,0.0,39,111301,卖盘
10:35:39,28.53,0.0,230,656284,卖盘
10:35:42,28.54,0.01,14,39956,买盘
10:35:45,28.54,0.0,389,1110206,卖盘
10:35:49,28.54,0.0,242,690600,买盘
10:35:52,28.53,-0.01,232,661975,卖盘
10:35:55,28.52,-0.01,162,462255,卖盘
10:35:57,28.54,0.02,23,65644,中性盘
10:36:01,28.55,0.01,83,236907,买盘
10:36:04,28.55,0.0,321,915997,买盘
10:36:07,28.53,-0.02,72,205473,卖盘
10:36:09,28.54,0.01,99,282587,买盘
10:36:12,28.55,0.01,116,331031,买盘
10:36:15,28.55,0.0,324,924784,买盘
10:36:18,28.53,-0.02,181,516577,卖盘
10:36:22,28.54,0.01,54,154159,中性盘
10:36:24,28.54,0.0,93,265486,卖盘
10:36:27,28.54,0.0,162,462342,卖盘
10:36:30,28.54,0.0,158,450942,卖盘
10:36:34,28.53,-0.01,125,356806,卖盘
10:36:37,28.56,0.03,527,1503953,买盘
10:36:40,28.55,-0.01,86,245583,卖盘
10:36:43,28.53,-0.02,376,1073266,卖盘
10:36:45,28.53,0.0,231,659117,卖盘
10:36:48,28.55,0.02,4,11420,买盘
10:36:51,28.56,0.01,553,1578738,买盘
10:36:55,28.56,0.0,325,928092,卖盘
10:36:58,28.56,0.0,73,208522,卖盘
10:37:00,28.57,0.01,224,639710,中性盘
10:37:04,28.58,0.01,1204,3438940,买盘
10:37:06,28.58,0.0,317,905105,买盘
10:37:10,28.57,-0.01,150,428555,中性盘
10:37:12,28.56,-0.01,50,142813,中性盘
10:37:15,28.56,0.0,89,254177,卖盘
10:37:18,28.56,0.0,49,139954,买盘
10:37:21,28.56,0.0,26,74262,卖盘
10:37:25,28.56,0.0,314,896790,卖盘
10:37:27,28.57,0.01,218,622760,买盘
10:37:30,28.57,0.0,239,682647,买盘
10:37:33,28.56,-0.01,418,1194008,卖盘
10:37:36,28.57,0.01,68,194256,中性盘
10:37:39,28.56,-0.01,315,900190,卖盘
10:37:43,28.57,0.01,42,119992,卖盘
10:37:45,28.57,0.0,108,308576,卖盘
10:37:48,28.57,0.0,80,228580,卖盘
10:37:51,28.57,0.0,82,234292,卖盘
10:37:54,28.58,0.01,222,634329,买盘
10:37:57,28.58,0.0,60,171466,买盘
10:38:01,28.58,0.0,327,934383,买盘
10:38:04,28.58,0.0,96,274380,卖盘
10:38:06,28.59,0.01,116,331548,买盘
10:38:09,28.58,-0.01,56,160052,卖盘
10:38:13,28.59,0.01,58,165819,买盘
10:38:15,28.58,-0.01,310,885989,卖盘
10:38:18,28.59,0.01,83,237297,买盘
10:38:22,28.59,0.0,88,251562,买盘
10:38:24,28.6,0.01,564,1612535,买盘
10:38:28,28.58,-0.02,16,45728,卖盘
10:38:30,28.59,0.01,28,80036,卖盘
10:38:33,28.6,0.01,54,154440,买盘
10:38:37,28.59,-0.01,216,617562,卖盘
10:38:39,28.58,-0.01,59,168680,卖盘
10:38:42,28.6,0.02,88,251602,买盘
10:38:45,28.6,0.0,71,203019,买盘
10:38:49,28.59,-0.01,91,260150,卖盘
10:38:52,28.58,-0.01,41,117195,卖盘
10:38:54,28.59,0.01,115,328768,买盘
10:38:57,28.59,0.0,69,197239,买盘
10:39:00,28.59,0.0,35,100043,买盘
10:39:04,28.58,-0.01,150,428765,卖盘
10:39:07,28.58,0.0,54,154346,卖盘
10:39:09,28.59,0.01,31,88616,买盘
10:39:12,28.59,0.0,170,485894,买盘
10:39:15,28.58,-0.01,181,517351,卖盘
10:39:18,28.58,0.0,351,1003171,卖盘
10:39:21,28.59,0.01,116,331573,买盘
10:39:25,28.58,-0.01,40,114331,卖盘
10:39:28,28.58,0.0,495,1415096,卖盘
10:39:30,28.59,0.01,218,623158,买盘
10:39:34,28.59,0.0,56,160115,卖盘
10:39:37,28.59,0.0,108,308772,卖盘
10:39:40,28.59,0.0,35,100066,卖盘
10:39:43,28.6,0.01,327,935159,买盘
10:39:45,28.6,0.0,80,228800,卖盘
10:39:49,28.6,0.0,174,497596,卖盘
10:39:51,28.6,0.0,63,180138,买盘
10:39:55,28.6,0.0,61,174453,买盘
10:39:58,28.6,0.0,44,125835,买盘
10:40:00,28.6,0.0,59,168725,买盘
10:40:05,28.6,0.0,27,77232,卖盘
10:40:07,28.6,0.0,96,274560,卖盘
10:40:10,28.6,0.0,160,457627,卖盘
10:40:12,28.6,0.0,105,300205,买盘
10:40:16,28.59,-0.01,150,428987,卖盘
10:40:18,28.58,-0.01,218,623243,卖盘
10:40:21,28.58,0.0,164,468864,卖盘
10:40:25,28.58,0.0,31,88608,卖盘
10:40:27,28.59,0.01,91,260179,卖盘
10:40:31,28.58,-0.01,20,57166,卖盘
10:40:33,28.59,0.01,46,131496,买盘
10:40:36,28.58,-0.01,87,248647,卖盘
10:40:39,28.58,0.0,166,474413,卖盘
10:40:42,28.57,-0.01,70,200023,卖盘
10:40:46,28.58,0.01,18,51449,中性盘
10:40:48,28.58,0.0,45,128596,卖盘
10:40:51,28.57,-0.01,47,134309,卖盘
10:40:54,28.57,0.0,378,1079840,卖盘
10:40:58,28.57,0.0,126,359949,买盘
10:41:00,28.58,0.01,50,142876,买盘
10:41:04,28.57,-0.01,17,48581,卖盘
10:41:07,28.58,0.01,124,354269,买盘
10:41:10,28.56,-0.02,32,91413,卖盘
10:41:13,28.56,0.0,23,65693,卖盘
10:41:15,28.57,0.01,227,648320,买盘
10:41:18,28.56,-0.01,175,499766,卖盘
10:41:22,28.55,-0.01,40,114206,卖盘
10:41:24,28.55,0.0,467,1333318,卖盘
10:41:28,28.54,-0.01,120,342481,卖盘
10:41:31,28.54,0.0,31,88482,卖盘
10:41:34,28.55,0.01,102,291150,买盘
10:41:36,28.54,-0.01,158,450986,卖盘
10:41:39,28.54,0.0,160,456694,卖盘
10:41:42,28.54,0.0,265,756097,买盘
10:41:45,28.54,0.0,387,1104215,买盘
10:41:48,28.54,0.0,131,373761,买盘
10:41:52,28.54,0.0,181,516408,买盘
10:41:55,28.54,0.0,99,282488,买盘
10:41:57,28.53,-0.01,196,559396,中性盘
10:42:01,28.52,-0.01,50,142659,卖盘
10:42:04,28.54,0.02,96,273981,中性盘
10:42:07,28.53,-0.01,57,162655,卖盘
10:42:10,28.55,0.02,54,154123,买盘
10:42:12,28.55,0.0,87,248330,买盘
10:42:15,28.54,-0.01,96,274007,卖盘
10:42:18,28.52,-0.02,412,1175501,卖盘
10:42:21,28.52,0.0,178,507748,卖盘
10:42:25,28.51,-0.01,907,2587876,卖盘
10:42:27,28.52,0.01,308,878123,买盘
10:42:31,28.51,-0.01,1910,5444789,卖盘
10:42:33,28.49,-0.02,4450,12682334,卖盘
10:42:36,28.5,0.01,1073,3057098,卖盘
10:42:39,28.49,-0.01,441,1255980,中性盘
10:42:43,28.48,-0.01,307,874425,卖盘
10:42:46,28.48,0.0,155,441477,卖盘
10:42:49,28.48,0.0,47,133868,卖盘
10:42:52,28.49,0.01,223,635115,买盘
10:42:55,28.48,-0.01,179,509808,卖盘
10:42:57,28.48,0.0,82,233562,卖盘
10:43:01,28.49,0.01,439,1250520,买盘
10:43:04,28.49,0.0,179,509883,卖盘
10:43:07,28.48,-0.01,219,623884,卖盘
10:43:10,28.49,0.01,137,390250,买盘
10:43:12,28.49,0.0,262,746181,买盘
10:43:15,28.48,-0.01,316,900629,卖盘
10:43:19,28.48,0.0,130,370185,买盘
10:43:22,28.47,-0.01,486,1383663,卖盘
10:43:24,28.47,0.0,161,458296,买盘
10:43:28,28.47,0.0,118,335904,买盘
10:43:31,28.46,-0.01,482,1371822,卖盘
10:43:34,28.47,0.01,251,714337,买盘
10:43:37,28.46,-0.01,50,142335,卖盘
10:43:40,28.46,0.0,251,714359,卖盘
10:43:42,28.47,0.01,341,969357,买盘
10:43:45,28.46,-0.01,163,465044,卖盘
10:43:48,28.46,0.0,149,424001,买盘
10:43:51,28.46,0.0,344,978710,买盘
10:43:54,28.46,0.0,345,981726,买盘
10:43:58,28.45,-0.01,119,338062,卖盘
10:44:01,28.46,0.01,347,987317,买盘
10:44:05,28.45,-0.01,159,452392,卖盘
10:44:07,28.46,0.01,392,1115303,买盘
10:44:09,28.46,0.0,279,793837,买盘
10:44:12,28.46,0.0,241,685740,买盘
10:44:15,28.45,-0.01,476,1353191,卖盘
10:44:18,28.45,0.0,116,330069,卖盘
10:44:21,28.45,0.0,179,509419,卖盘
10:44:24,28.46,0.01,150,426863,买盘
10:44:28,28.46,0.0,584,1661517,买盘
10:44:31,28.46,0.0,328,933215,买盘
10:44:33,28.46,0.0,112,318682,买盘
10:44:36,28.45,-0.01,115,327193,卖盘
10:44:40,28.46,0.01,709,2017281,买盘
10:44:42,28.46,0.0,466,1326012,买盘
10:44:46,28.45,-0.01,890,2532166,卖盘
10:44:48,28.46,0.01,558,1587629,买盘
10:44:52,28.45,-0.01,66,187805,卖盘
10:44:55,28.46,0.01,243,691494,买盘
10:44:57,28.46,0.0,155,441047,买盘
10:45:00,28.46,0.0,586,1667197,买盘
10:45:05,28.46,0.0,250,711287,买盘
10:45:07,28.44,-0.02,563,1602169,卖盘
10:45:10,28.44,0.0,200,568936,卖盘
10:45:12,28.45,0.01,114,324373,中性盘
10:45:16,28.45,0.0,285,810704,卖盘
10:45:18,28.45,0.0,215,611637,卖盘
10:45:22,28.45,0.0,107,304368,买盘
10:45:24,28.44,-0.01,445,1265599,卖盘
10:45:27,28.45,0.01,670,1905962,买盘
10:45:31,28.43,-0.02,513,1460535,卖盘
10:45:33,28.44,0.01,168,477708,买盘
10:45:36,28.44,0.0,256,727914,买盘
10:45:39,28.43,-0.01,77,218924,卖盘
10:45:42,28.43,0.0,53,150679,卖盘
10:45:46,28.44,0.01,329,935429,买盘
10:45:48,28.44,0.0,318,904094,买盘
10:45:51,28.43,-0.01,140,398045,卖盘
10:45:54,28.44,0.01,98,278647,买盘
10:45:57,28.43,-0.01,128,363934,卖盘
10:46:01,28.44,0.01,24,68233,买盘
10:46:05,28.44,0.0,483,1373211,买盘
10:46:07,28.44,0.0,267,759209,买盘
10:46:10,28.43,-0.01,265,753437,卖盘
10:46:12,28.43,0.0,116,329823,卖盘
10:46:15,28.43,0.0,366,1040628,卖盘
10:46:18,28.42,-0.01,366,1040482,卖盘
10:46:21,28.43,0.01,330,938166,买盘
10:46:24,28.43,0.0,219,622593,买盘
10:46:27,28.43,0.0,242,688120,卖盘
10:46:30,28.44,0.01,114,324157,买盘
10:46:33,28.43,-0.01,691,1965159,卖盘
10:46:37,28.45,0.02,669,1903101,买盘
10:46:39,28.45,0.0,720,2046979,买盘
10:46:43,28.45,0.0,395,1124283,卖盘
10:46:46,28.45,0.0,570,1622660,卖盘
10:46:48,28.45,0.0,418,1189930,卖盘
10:46:51,28.5,0.05,69,196650,中性盘
10:46:55,28.48,-0.02,28,79775,卖盘
10:46:57,28.51,0.03,43,122533,买盘
10:47:00,28.51,0.0,40,114004,买盘
10:47:04,28.5,-0.01,342,974693,卖盘
10:47:07,28.49,-0.01,121,344732,卖盘
10:47:10,28.49,0.0,224,638083,卖盘
10:47:12,28.49,0.0,50,142412,买盘
10:47:16,28.5,0.01,511,1455397,买盘
10:47:18,28.47,-0.03,424,1207449,卖盘
10:47:21,28.47,0.0,121,344544,卖盘
10:47:25,28.47,0.0,355,1011024,卖盘
10:47:27,28.48,0.01,116,330368,买盘
10:47:30,28.49,0.01,36,102532,买盘
10:47:34,28.48,-0.01,117,333233,卖盘
10:47:36,28.48,0.0,96,273459,卖盘
10:47:39,28.48,0.0,92,262027,卖盘
10:47:42,28.49,0.01,89,253533,买盘
10:47:45,28.49,0.0,442,1258758,买盘
10:47:48,28.48,-0.01,133,378705,中性盘
10:47:51,28.46,-0.02,250,711742,卖盘
10:47:54,28.48,0.02,374,1064768,买盘
10:47:57,28.47,-0.01,96,273262,卖盘
10:48:00,28.47,0.0,146,415573,买盘
10:48:04,28.46,-0.01,164,466886,卖盘
10:48:06,28.47,0.01,184,523861,卖盘
10:48:10,28.47,0.0,101,287558,卖盘
10:48:12,28.47,0.0,233,663389,卖盘
10:48:15,28.46,-0.01,212,603446,卖盘
10:48:18,28.47,0.01,290,825379,买盘
10:48:21,28.47,0.0,97,276135,买盘
10:48:24,28.47,0.0,213,606396,买盘
10:48:27,28.47,0.0,138,392886,卖盘
10:48:30,28.48,0.01,97,276254,买盘
10:48:34,28.48,0.0,322,916756,买盘
10:48:37,28.47,-0.01,310,882687,卖盘
10:48:39,28.46,-0.01,631,1796167,卖盘
10:48:42,28.46,0.0,268,762995,卖盘
10:48:45,28.46,0.0,92,261857,卖盘
10:48:48,28.48,0.02,213,606232,买盘
10:48:52,28.47,-0.01,17,48399,卖盘
10:48:55,28.48,0.01,33,93984,买盘
10:48:58,28.47,-0.01,528,1503733,卖盘
10:49:00,28.49,0.02,31,88301,买盘
10:49:04,28.49,0.0,75,213619,买盘
10:49:07,28.48,-0.01,338,962634,卖盘
10:49:09,28.48,0.0,70,199392,卖盘
10:49:12,28.49,0.01,225,640833,买盘
10:49:15,28.48,-0.01,169,481415,卖盘
10:49:19,28.49,0.01,211,600956,买盘
10:49:22,28.49,0.0,204,581180,买盘
10:49:24,28.48,-0.01,115,327535,卖盘
10:49:27,28.49,0.01,610,1737364,买盘
10:49:31,28.49,0.0,314,894500,买盘
10:49:34,28.49,0.0,276,786284,买盘
10:49:37,28.49,0.0,98,279202,卖盘
10:49:39,28.5,0.01,237,675415,买盘
10:49:42,28.5,0.0,668,1903800,买盘
10:49:46,28.5,0.0,168,478913,卖盘
10:49:49,28.51,0.01,7,19957,买盘
10:49:51,28.5,-0.01,191,544484,卖盘
10:49:54,28.51,0.01,160,456046,买盘
10:49:57,28.51,0.0,117,333529,买盘
10:50:01,28.51,0.0,32,91232,买盘
10:50:04,28.51,0.0,212,604425,买盘
10:50:07,28.52,0.01,61,173932,中性盘
10:50:09,28.52,0.0,30,85555,买盘
10:50:13,28.53,0.01,38,108414,买盘
10:50:15,28.53,0.0,254,724746,卖盘
10:50:19,28.53,0.0,201,573467,买盘
10:50:21,28.53,0.0,118,336771,卖盘
10:50:24,28.54,0.01,228,650707,买盘
10:50:27,28.54,0.0,115,328176,买盘
10:50:31,28.55,0.01,158,450997,买盘
10:50:33,28.56,0.01,39,111381,买盘
10:50:36,28.56,0.0,262,748270,买盘
10:50:40,28.57,0.01,124,354110,买盘
10:50:43,28.57,0.0,10,28570,买盘
10:50:45,28.58,0.01,24,68574,买盘
10:50:48,28.58,0.0,393,1122594,买盘
10:50:51,28.58,0.0,94,270279,买盘
10:50:55,28.63,0.05,938,2683226,买盘
10:50:57,28.63,0.0,4,11450,买盘
10:51:00,28.62,-0.01,86,246132,卖盘
10:51:04,28.62,0.0,836,2394159,卖盘
10:51:06,28.64,0.02,38,108834,中性盘
10:51:10,28.65,0.01,194,555827,中性盘
10:51:12,28.64,-0.01,31,88787,卖盘
10:51:15,28.64,0.0,102,292255,卖盘
10:51:18,28.65,0.01,584,1672788,中性盘
10:51:21,28.65,0.0,396,1134566,卖盘
10:51:24,28.65,0.0,116,332334,卖盘
10:51:27,28.67,0.02,446,1278139,买盘
10:51:31,28.7,0.03,2202,6318618,买盘
10:51:33,28.7,0.0,85,243962,卖盘
10:51:37,28.69,-0.01,1559,4471208,卖盘
10:51:39,28.66,-0.03,187,536546,中性盘
10:51:42,28.69,0.03,50,143450,买盘
10:51:46,28.7,0.01,459,1317108,买盘
10:51:48,28.68,-0.02,106,303953,买盘
10:51:52,28.69,0.01,1054,3024821,买盘
10:51:55,28.67,-0.02,641,1837784,卖盘
10:51:57,28.68,0.01,27,77447,买盘
10:52:00,28.69,0.01,28,80313,买盘
10:52:04,28.68,-0.01,468,1341970,卖盘
10:52:07,28.67,-0.01,133,381318,卖盘
10:52:10,28.68,0.01,287,822857,买盘
10:52:13,28.67,-0.01,205,587432,买盘
10:52:15,28.67,0.0,562,1610708,买盘
10:52:18,28.67,0.0,879,2518040,买盘
10:52:22,28.65,-0.02,16,45860,卖盘
10:52:25,28.67,0.02,16,45857,买盘
10:52:27,28.61,-0.06,195,558039,卖盘
10:52:31,28.61,0.0,21,60081,买盘
10:52:34,28.64,0.03,13,37232,买盘
10:52:36,28.62,-0.02,52,148727,中性盘
10:52:39,28.62,0.0,46,131652,卖盘
10:52:42,28.62,0.0,17,48654,卖盘
10:52:45,28.64,0.02,135,386418,买盘
10:52:48,28.62,-0.02,261,746755,卖盘
10:52:51,28.64,0.02,133,380630,买盘
10:52:55,28.65,0.01,350,1002274,买盘
10:52:57,28.65,0.0,117,335190,卖盘
10:53:01,28.62,-0.03,219,627062,卖盘
10:53:05,28.62,0.0,26,74463,买盘
10:53:07,28.62,0.0,129,369116,买盘
10:53:09,28.62,0.0,115,329105,买盘
10:53:12,28.64,0.02,15,42933,买盘
10:53:15,28.62,-0.02,69,197481,卖盘
10:53:18,28.63,0.01,60,171798,中性盘
10:53:22,28.63,0.0,86,246171,买盘
10:53:24,28.63,0.0,51,145972,买盘
10:53:28,28.62,-0.01,24,68694,卖盘
10:53:30,28.62,0.0,86,246157,卖盘
10:53:33,28.62,0.0,101,289104,卖盘
10:53:36,28.62,0.0,376,1076285,卖盘
10:53:40,28.62,0.0,170,486390,买盘
10:53:42,28.62,0.0,7,20032,买盘
10:53:46,28.62,0.0,77,220356,买盘
10:53:49,28.61,-0.01,144,411946,卖盘
10:53:52,28.61,0.0,23,65803,买盘
10:53:54,28.6,-0.01,305,872471,卖盘
10:53:57,28.61,0.01,207,592391,中性盘
10:54:00,28.62,0.01,32,91573,买盘
10:54:05,28.6,-0.02,184,526364,卖盘
10:54:07,28.62,0.02,29,82998,卖盘
10:54:10,28.62,0.0,117,334854,卖盘
10:54:12,28.63,0.01,94,268977,买盘
10:54:16,28.63,0.0,3,8587,买盘
10:54:18,28.63,0.0,525,1502768,买盘
10:54:22,28.62,-0.01,19,54393,卖盘
10:54:25,28.65,0.03,342,979600,买盘
10:54:28,28.65,0.0,642,1840341,卖盘
10:54:30,28.65,0.0,18,51570,卖盘
10:54:33,28.66,0.01,531,1523066,中性盘
10:54:36,28.66,0.0,258,739582,卖盘
10:54:40,28.66,0.0,601,1724087,卖盘
10:54:42,28.69,0.03,76,217984,买盘
10:54:46,28.67,-0.02,279,799859,卖盘
10:54:48,28.68,0.01,31,88906,卖盘
10:54:51,28.68,0.0,257,736682,买盘
10:54:55,28.67,-0.01,72,206396,中性盘
10:54:58,28.66,-0.01,52,148997,中性盘
10:55:01,28.66,0.0,117,335231,买盘
10:55:04,28.66,0.0,107,306603,卖盘
10:55:07,28.66,0.0,157,450020,卖盘
10:55:09,28.66,0.0,127,363984,卖盘
10:55:13,28.66,0.0,34,97411,买盘
10:55:15,28.65,-0.01,52,149009,卖盘
10:55:18,28.66,0.01,274,785052,中性盘
10:55:22,28.66,0.0,8,22927,买盘
10:55:25,28.65,-0.01,43,123205,卖盘
10:55:27,28.65,0.0,45,128938,卖盘
10:55:31,28.66,0.01,51,146166,买盘
10:55:33,28.66,0.0,43,123238,买盘
10:55:36,28.65,-0.01,48,137520,卖盘
10:55:39,28.66,0.01,149,426996,买盘
10:55:42,28.66,0.0,232,664810,买盘
10:55:46,28.65,-0.01,113,323756,卖盘
10:55:48,28.65,0.0,141,403965,卖盘
10:55:51,28.65,0.0,95,272175,买盘
10:55:55,28.65,0.0,51,146120,买盘
10:55:57,28.65,0.0,96,275044,卖盘
10:56:01,28.65,0.0,65,186225,买盘
10:56:04,28.65,0.0,39,111734,卖盘
10:56:07,28.65,0.0,273,782280,卖盘
10:56:09,28.65,0.0,16,45840,卖盘
10:56:13,28.65,0.0,15,42989,卖盘
10:56:15,28.66,0.01,157,449954,买盘
10:56:19,28.66,0.0,244,699101,卖盘
10:56:21,28.66,0.0,36,103148,买盘
10:56:25,28.66,0.0,3,8598,买盘
10:56:28,28.65,-0.01,38,108903,卖盘
10:56:31,28.65,0.0,18,51572,卖盘
10:56:34,28.66,0.01,18,51588,买盘
10:56:36,28.65,-0.01,179,512911,卖盘
10:56:39,28.66,0.01,27,77378,买盘
10:56:42,28.65,-0.01,23,65899,卖盘
10:56:46,28.65,0.0,262,750724,卖盘
10:56:48,28.65,0.0,15,42975,买盘
10:56:52,28.64,-0.01,291,833736,卖盘
10:56:54,28.64,0.0,130,372450,卖盘
10:56:58,28.64,0.0,13,37232,买盘
10:57:00,28.64,0.0,33,94480,买盘
10:57:05,28.66,0.02,412,1179992,买盘
10:57:07,28.64,-0.02,2,5728,卖盘
10:57:12,28.64,0.0,79,226324,卖盘
10:57:15,28.65,0.01,80,229200,中性盘
10:57:18,28.65,0.0,3,8595,买盘
10:57:21,28.64,-0.01,20,57280,卖盘
10:57:24,28.64,0.0,41,117447,卖盘
10:57:27,28.65,0.01,116,332330,买盘
10:57:31,28.65,0.0,50,143250,买盘
10:57:34,28.65,0.0,12,34380,买盘
10:57:37,28.64,-0.01,42,120308,卖盘
10:57:39,28.65,0.01,59,169035,买盘
10:57:43,28.65,0.0,255,730574,买盘
10:57:45,28.64,-0.01,71,203345,卖盘
10:57:49,28.64,0.0,254,727460,卖盘
10:57:51,28.65,0.01,155,444039,买盘
10:57:54,28.65,0.0,143,409677,买盘
10:57:57,28.64,-0.01,40,114568,卖盘
10:58:00,28.65,0.01,192,550080,买盘
10:58:05,28.65,0.0,95,272175,买盘
10:58:06,28.64,-0.01,12,34378,卖盘
10:58:10,28.64,0.0,18,51556,卖盘
10:58:13,28.64,0.0,467,1337504,卖盘
10:58:16,28.65,0.01,81,232059,买盘
10:58:18,28.64,-0.01,263,753232,卖盘
10:58:22,28.64,0.0,22,62993,买盘
10:58:24,28.6,-0.04,1582,4525660,卖盘
10:58:27,28.6,0.0,34,97240,买盘
10:58:31,28.59,-0.01,25,71485,卖盘
10:58:33,28.59,0.0,54,154414,卖盘
10:58:37,28.58,-0.01,179,511772,卖盘
10:58:40,28.6,0.02,81,231632,买盘
10:58:42,28.58,-0.02,73,208725,卖盘
10:58:45,28.6,0.02,94,268840,买盘
10:58:48,28.59,-0.01,70,200130,卖盘
10:58:52,28.59,0.0,237,677573,买盘
10:58:54,28.6,0.01,81,231587,买盘
10:58:57,28.59,-0.01,382,1092504,卖盘
10:59:00,28.6,0.01,10,28600,买盘
10:59:04,28.6,0.0,767,2192212,买盘
10:59:06,28.6,0.0,27,77220,卖盘
10:59:10,28.6,0.0,25,71510,卖盘
10:59:12,28.64,0.04,91,260296,买盘
10:59:16,28.6,-0.04,17,48637,卖盘
10:59:18,28.61,0.01,131,375010,卖盘
10:59:21,28.61,0.0,43,123105,卖盘
10:59:24,28.61,0.0,25,71565,卖盘
10:59:27,28.61,0.0,49,140189,卖盘
10:59:31,28.64,0.03,344,985022,买盘
10:59:34,28.61,-0.03,27,77295,卖盘
10:59:36,28.61,0.0,16,45796,卖盘
10:59:39,28.65,0.04,7,20049,买盘
10:59:42,28.65,0.0,74,212010,买盘
10:59:45,28.62,-0.03,15,42936,卖盘
10:59:49,28.64,0.02,178,509775,卖盘
10:59:51,28.64,0.0,21,60144,买盘
10:59:55,28.64,0.0,24,68736,买盘
10:59:58,28.63,-0.01,43,123150,卖盘
11:00:00,28.64,0.01,23,65853,买盘
11:00:04,28.64,0.0,42,120277,买盘
11:00:07,28.63,-0.01,13,37230,卖盘
11:00:09,28.63,0.0,24,68721,卖盘
11:00:12,28.64,0.01,12,34367,买盘
11:00:15,28.64,0.0,39,111693,买盘
11:00:18,28.63,-0.01,267,764494,卖盘
11:00:21,28.63,0.0,41,117360,买盘
11:00:24,28.63,0.0,2,5726,买盘
11:00:27,28.62,-0.01,33,94447,卖盘
11:00:31,28.62,0.0,10,28620,买盘
11:00:34,28.61,-0.01,62,177402,卖盘
11:00:37,28.61,0.0,6,17171,卖盘
11:00:40,28.61,0.0,63,180247,卖盘
11:00:43,28.6,-0.01,233,666597,卖盘
11:00:46,28.6,0.0,37,105865,卖盘
11:00:49,28.6,0.0,267,763635,卖盘
11:00:51,28.61,0.01,38,108722,中性盘
11:00:54,28.61,0.0,29,82975,卖盘
11:00:57,28.61,0.0,17,48639,卖盘
11:01:01,28.6,-0.01,297,849791,卖盘
11:01:04,28.62,0.02,34,97297,买盘
11:01:07,28.61,-0.01,128,366318,卖盘
11:01:10,28.62,0.01,14,40062,买盘
11:01:12,28.61,-0.01,67,191688,卖盘
11:01:15,28.62,0.01,120,343375,买盘
11:01:19,28.61,-0.01,31,88691,卖盘
11:01:22,28.61,0.0,28,80108,买盘
11:01:25,28.61,0.0,182,520671,买盘
11:01:27,28.6,-0.01,34,97240,卖盘
11:01:31,28.61,0.01,3,8583,买盘
11:01:33,28.61,0.0,13,37193,买盘
11:01:36,28.6,-0.01,37,105855,卖盘
11:01:39,28.61,0.01,20,57205,买盘
11:01:43,28.61,0.0,29,82965,买盘
11:01:45,28.63,0.02,328,938455,买盘
11:01:48,28.61,-0.02,249,712296,卖盘
11:01:52,28.61,0.0,16,45777,卖盘
11:01:54,28.62,0.01,7,20034,买盘
11:01:57,28.61,-0.01,36,102997,卖盘
11:02:00,28.62,0.01,28,80119,买盘
11:02:04,28.63,0.01,454,1299541,买盘
11:02:07,28.63,0.0,21,60126,卖盘
11:02:10,28.63,0.0,18,51537,卖盘
11:02:13,28.64,0.01,16,45809,买盘
11:02:15,28.63,-0.01,45,128870,卖盘
11:02:18,28.64,0.01,236,675671,买盘
11:02:21,28.65,0.01,98,280696,买盘
11:02:24,28.65,0.0,28,80194,买盘
11:02:27,28.64,-0.01,7,20048,卖盘
11:02:30,28.65,0.01,311,891015,买盘
11:02:33,28.65,0.0,59,169048,卖盘
11:02:36,28.65,0.0,5,14325,卖盘
11:02:39,28.65,0.0,66,189093,卖盘
11:02:42,28.66,0.01,8,22925,买盘
11:02:46,28.65,-0.01,53,151856,卖盘
11:02:48,28.65,0.0,338,968373,卖盘
11:02:52,28.65,0.0,80,229197,买盘
11:02:54,28.65,0.0,39,111731,买盘
11:02:58,28.65,0.0,131,375300,买盘
11:03:00,28.65,0.0,19,54435,卖盘
11:03:04,28.65,0.0,30,85972,卖盘
11:03:06,28.65,0.0,32,91682,卖盘
11:03:10,28.66,0.01,48,137542,买盘
11:03:13,28.65,-0.01,49,140418,卖盘
11:03:15,28.66,0.01,20,57317,买盘
11:03:18,28.65,-0.01,359,1028538,卖盘
11:03:22,28.65,0.0,78,223394,买盘
11:03:24,28.64,-0.01,186,532723,卖盘
11:03:28,28.64,0.0,310,888026,卖盘
11:03:30,28.65,0.01,29,83068,买盘
11:03:34,28.64,-0.01,122,349472,卖盘
11:03:37,28.63,-0.01,100,286395,卖盘
11:03:39,28.62,-0.01,631,1806539,卖盘
11:03:42,28.61,-0.01,18,51505,卖盘
11:03:49,28.61,0.0,9,25752,卖盘
11:03:52,28.62,0.01,39,111585,买盘
11:03:55,28.61,-0.01,66,188831,卖盘
11:03:57,28.61,0.0,30,85830,买盘
11:04:01,28.61,0.0,4,11441,买盘
11:04:04,28.61,0.0,64,183081,买盘
11:04:07,28.61,0.0,35,100133,买盘
11:04:09,28.6,-0.01,8,22884,卖盘
11:04:12,28.6,0.0,20,57205,卖盘
11:04:15,28.6,0.0,122,348998,卖盘
11:04:19,28.61,0.01,43,122985,买盘
11:04:21,28.61,0.0,135,386208,买盘
11:04:25,28.6,-0.01,190,543500,卖盘
11:04:27,28.6,0.0,86,246019,卖盘
11:04:33,28.61,0.01,68,194560,卖盘
11:04:37,28.6,-0.01,284,812298,卖盘
11:04:39,28.61,0.01,140,400438,买盘
11:04:42,28.59,-0.02,588,1683025,卖盘
11:04:46,28.62,0.03,52,147379,买盘
11:04:49,28.62,0.0,15,42930,买盘
11:04:51,28.61,-0.01,16,45776,卖盘
11:04:54,28.58,-0.03,544,1556483,卖盘
11:04:58,28.58,0.0,28,80051,卖盘
11:05:00,28.59,0.01,12,34308,买盘
11:05:04,28.56,-0.03,529,1511674,卖盘
11:05:06,28.57,0.01,31,88575,中性盘
11:05:09,28.57,0.0,532,1518991,买盘
11:05:12,28.57,0.0,2,5714,买盘
11:05:15,28.56,-0.01,47,134250,中性盘
11:05:18,28.56,0.0,99,282744,卖盘
11:05:21,28.56,0.0,51,145660,卖盘
11:05:24,28.56,0.0,385,1099560,卖盘
11:05:27,28.56,0.0,6,17133,买盘
11:05:30,28.56,0.0,18,51391,买盘
11:05:34,28.55,-0.01,524,1496037,卖盘
11:05:36,28.55,0.0,105,299805,卖盘
11:05:39,28.56,0.01,329,939482,买盘
11:05:42,28.55,-0.01,89,254079,卖盘
11:05:45,28.55,0.0,413,1179507,买盘
11:05:48,28.54,-0.01,223,636483,卖盘
11:05:51,28.53,-0.01,30,85611,卖盘
11:05:54,28.55,0.02,141,402560,卖盘
11:05:57,28.54,-0.01,27,77070,卖盘
11:06:00,28.53,-0.01,97,276812,卖盘
11:06:04,28.54,0.01,426,1215376,中性盘
11:06:07,28.53,-0.01,4,11414,卖盘
11:06:10,28.53,0.0,194,553520,卖盘
11:06:12,28.53,0.0,51,145499,买盘
11:06:16,28.54,0.01,946,2697370,买盘
11:06:18,28.54,0.0,1,2854,买盘
11:06:21,28.54,0.0,25,71328,买盘
11:06:25,28.53,-0.01,189,539227,卖盘
11:06:27,28.54,0.01,3,8562,卖盘
11:06:30,28.54,0.0,16,45667,卖盘
11:06:34,28.55,0.01,17,48531,买盘
11:06:36,28.54,-0.01,104,296827,卖盘
11:06:39,28.55,0.01,7,19979,买盘
11:06:42,28.55,0.0,48,137040,买盘
11:06:45,28.54,-0.01,152,433808,卖盘
11:06:48,28.54,0.0,21,59919,买盘
11:06:52,28.54,0.0,48,136973,买盘
11:06:55,28.53,-0.01,196,559209,卖盘
11:06:57,28.53,0.0,84,239722,卖盘
11:07:00,28.54,0.01,23,65642,买盘
11:07:04,28.53,-0.01,28,79918,卖盘
11:07:07,28.53,0.0,128,365279,卖盘
11:07:09,28.53,0.0,16,45648,卖盘
11:07:12,28.53,0.0,50,142650,卖盘
11:07:15,28.54,0.01,6,17123,买盘
11:07:18,28.53,-0.01,212,605037,卖盘
11:07:21,28.55,0.02,388,1107509,买盘
11:07:24,28.53,-0.02,230,656296,卖盘
11:07:27,28.54,0.01,87,248382,卖盘
11:07:31,28.55,0.01,220,628100,买盘
11:07:34,28.55,0.0,83,237036,卖盘
11:07:36,28.56,0.01,215,614039,买盘
11:07:39,28.57,0.01,166,474538,买盘
11:07:43,28.56,-0.01,142,405572,卖盘
11:07:46,28.57,0.01,109,311336,买盘
11:07:49,28.55,-0.02,116,331204,卖盘
11:07:51,28.57,0.02,13,37123,卖盘
11:07:55,28.57,0.0,36,102890,卖盘
11:07:57,28.59,0.02,21,60017,买盘
11:08:00,28.57,-0.02,367,1049544,卖盘
11:08:05,28.56,-0.01,120,342823,卖盘
11:08:07,28.57,0.01,171,488547,买盘
11:08:12,28.59,0.02,6,17146,买盘
11:08:15,28.57,-0.02,18,51426,卖盘
11:08:19,28.61,0.04,117,333206,买盘
11:08:22,28.58,-0.03,20,57188,卖盘
11:08:24,28.6,0.02,100,286094,卖盘
11:08:27,28.61,0.01,23,65789,买盘
11:08:30,28.6,-0.01,2,5720,卖盘
11:08:33,28.61,0.01,23,65793,买盘
11:08:36,28.6,-0.01,38,108695,卖盘
11:08:40,28.6,0.0,144,411974,卖盘
11:08:43,28.62,0.02,84,240345,买盘
11:08:45,28.6,-0.02,43,123016,卖盘
11:08:48,28.6,0.0,14,40040,卖盘
11:08:51,28.6,0.0,46,131638,卖盘
11:08:55,28.61,0.01,178,509256,买盘
11:08:57,28.61,0.0,7,20023,买盘
11:09:01,28.6,-0.01,88,251694,卖盘
11:09:04,28.6,0.0,73,208822,卖盘
11:09:07,28.61,0.01,4,11446,中性盘
11:09:10,28.61,0.0,132,377620,卖盘
11:09:12,28.61,0.0,96,274660,卖盘
11:09:15,28.61,0.0,12,34332,买盘
11:09:18,28.6,-0.01,3,8582,卖盘
11:09:21,28.61,0.01,32,91524,买盘
11:09:24,28.6,-0.01,166,474761,卖盘
11:09:27,28.61,0.01,31,88691,买盘
11:09:31,28.61,0.0,13,37189,买盘
11:09:34,28.61,0.0,47,134450,买盘
11:09:36,28.6,-0.01,2,5720,卖盘
11:09:39,28.6,0.0,5,14304,卖盘
11:09:42,28.6,0.0,37,105837,卖盘
11:09:45,28.6,0.0,48,137285,卖盘
11:09:49,28.61,0.01,42,120162,买盘
11:09:51,28.61,0.0,58,165916,买盘
11:09:54,28.59,-0.02,220,629254,卖盘
11:09:57,28.61,0.02,49,140143,买盘
11:10:00,28.61,0.0,25,71510,买盘
11:10:04,28.61,0.0,19,54355,买盘
11:10:06,28.59,-0.02,122,348920,卖盘
11:10:09,28.6,0.01,20,57200,买盘
11:10:13,28.6,0.0,2,5721,卖盘
11:10:15,28.61,0.01,454,1298891,买盘
11:10:19,28.63,0.02,469,1342473,买盘
11:10:22,28.63,0.0,297,850347,买盘
11:10:24,28.63,0.0,202,578355,卖盘
11:10:27,28.64,0.01,92,263489,买盘
11:10:30,28.64,0.0,196,561539,卖盘
11:10:34,28.65,0.01,776,2223305,买盘
11:10:36,28.65,0.0,217,620787,卖盘
11:10:39,28.67,0.02,156,447223,买盘
11:10:45,28.68,0.01,111,318339,买盘
11:10:48,28.68,0.0,245,702761,买盘
11:10:52,28.68,0.0,61,174972,卖盘
11:10:54,28.68,0.0,257,737165,卖盘
11:10:58,28.69,0.01,12,34420,买盘
11:11:00,28.68,-0.01,57,163462,卖盘
11:11:04,28.69,0.01,26,74593,买盘
11:11:06,28.69,0.0,470,1348422,买盘
11:11:09,28.69,0.0,66,189356,卖盘
11:11:13,28.69,0.0,28,80332,卖盘
11:11:15,28.7,0.01,1157,3320590,买盘
11:11:18,28.71,0.01,282,809602,买盘
11:11:21,28.71,0.0,864,2480546,买盘
11:11:24,28.71,0.0,1216,3492086,卖盘
11:11:28,28.71,0.0,348,999797,卖盘
11:11:31,28.72,0.01,1411,4053425,卖盘
11:11:33,28.72,0.0,104,298692,买盘
11:11:37,28.71,-0.01,739,2121217,卖盘
11:11:39,28.72,0.01,111,318791,买盘
11:11:42,28.72,0.0,161,462539,卖盘
11:11:45,28.73,0.01,62,178106,买盘
11:11:48,28.73,0.0,107,307389,买盘
11:11:51,28.72,-0.01,103,295852,卖盘
11:11:54,28.72,0.0,309,887563,卖盘
11:11:57,28.73,0.01,59,169496,买盘
11:12:01,28.72,-0.01,2404,6908355,卖盘
11:12:04,28.72,0.0,39,112033,卖盘
11:12:06,28.72,0.0,183,525856,卖盘
11:12:09,28.73,0.01,574,1649547,买盘
11:12:13,28.73,0.0,115,330577,卖盘
11:12:15,28.73,0.0,17,48841,卖盘
11:12:19,28.74,0.01,297,853505,中性盘
11:12:21,28.74,0.0,73,209789,买盘
11:12:24,28.73,-0.01,134,384982,卖盘
11:12:27,28.73,0.0,54,155121,买盘
11:12:31,28.73,0.0,34,97682,买盘
11:12:33,28.73,0.0,72,206856,买盘
11:12:36,28.73,0.0,50,143689,卖盘
11:12:39,28.73,0.0,163,468302,卖盘
11:12:43,28.73,0.0,21,60334,卖盘
11:12:45,28.74,0.01,20,57472,买盘
11:12:49,28.73,-0.01,97,278692,卖盘
11:12:51,28.73,0.0,184,528739,卖盘
11:12:54,28.73,0.0,203,583224,卖盘
11:12:58,28.72,-0.01,35,100554,卖盘
11:13:01,28.72,0.0,37,106299,卖盘
11:13:05,28.73,0.01,23,66085,买盘
11:13:07,28.73,0.0,117,336225,卖盘
11:13:09,28.73,0.0,24,68953,卖盘
11:13:12,28.74,0.01,62,178141,买盘
11:13:16,28.73,-0.01,8,22984,卖盘
11:13:18,28.74,0.01,142,408084,买盘
11:13:22,28.74,0.0,43,123540,买盘
11:13:24,28.74,0.0,198,568869,买盘
11:13:27,28.73,-0.01,27,77576,中性盘
11:13:30,28.72,-0.01,43,123519,卖盘
11:13:34,28.73,0.01,53,152248,买盘
11:13:36,28.73,0.0,91,261369,买盘
11:13:40,28.72,-0.01,229,657855,卖盘
11:13:42,28.73,0.01,10,28725,买盘
11:13:45,28.73,0.0,20,57445,买盘
11:13:49,28.73,0.0,240,689520,买盘
11:13:52,28.73,0.0,128,367699,买盘
11:13:55,28.73,0.0,192,551448,买盘
11:13:57,28.72,-0.01,46,132140,卖盘
11:14:01,28.73,0.01,58,166631,买盘
11:14:05,28.72,-0.01,36,103416,卖盘
11:14:07,28.72,0.0,45,129268,卖盘
11:14:09,28.72,0.0,7,21831,卖盘
11:14:12,28.73,0.01,10,28730,买盘
11:14:16,28.73,0.0,239,686640,买盘
11:14:19,28.73,0.0,91,261517,卖盘
11:14:21,28.73,0.0,74,212602,卖盘
11:14:25,28.73,0.0,200,574630,卖盘
11:14:28,28.74,0.01,14,40226,买盘
11:14:30,28.73,-0.01,18,51715,卖盘
11:14:34,28.74,0.01,29,83346,买盘
11:14:37,28.73,-0.01,805,2313568,卖盘
11:14:39,28.73,0.0,29,83318,卖盘
11:14:42,28.73,0.0,17,48842,卖盘
11:14:46,28.74,0.01,124,356332,买盘
11:14:48,28.74,0.0,88,252915,买盘
11:14:51,28.74,0.0,109,313290,卖盘
11:14:54,28.74,0.0,187,537444,卖盘
11:14:57,28.74,0.0,6,17244,卖盘
11:15:01,28.75,0.01,135,388117,买盘
11:15:05,28.74,-0.01,121,347860,卖盘
11:15:07,28.75,0.01,1827,5250958,买盘
11:15:09,28.75,0.0,178,511923,卖盘
11:15:13,28.75,0.0,334,960250,卖盘
11:15:16,28.75,0.0,125,359470,卖盘
11:15:18,28.75,0.0,74,212783,卖盘
11:15:21,28.75,0.0,124,356595,卖盘
11:15:24,28.75,0.0,294,845252,卖盘
11:15:28,28.76,0.01,4,11501,买盘
11:15:31,28.75,-0.01,969,2786819,卖盘
11:15:34,28.75,0.0,178,511747,卖盘
11:15:37,28.75,0.0,84,241569,卖盘
11:15:40,28.76,0.01,37,106410,买盘
11:15:43,28.76,0.0,16,46016,买盘
11:15:46,28.75,-0.01,144,414123,卖盘
11:15:49,28.76,0.01,114,327848,买盘
11:15:51,28.77,0.01,1605,4616434,买盘
11:15:55,28.77,0.0,322,926098,买盘
11:15:58,28.77,0.0,106,304875,卖盘
11:16:01,28.77,0.0,2,5754,卖盘
11:16:04,28.77,0.0,50,143892,卖盘
11:16:06,28.77,0.0,127,365385,卖盘
11:16:09,28.77,0.0,30,86318,卖盘
11:16:12,28.78,0.01,2142,6165759,买盘
11:16:15,28.78,0.0,41,118036,卖盘
11:16:18,28.78,0.0,137,394417,卖盘
11:16:22,28.78,0.0,75,215859,卖盘
11:16:24,28.78,0.0,105,302190,卖盘
11:16:28,28.78,0.0,69,198627,卖盘
11:16:31,28.78,0.0,33,94988,卖盘
11:16:33,28.79,0.01,216,621864,买盘
11:16:37,28.79,0.0,144,414574,卖盘
11:16:40,28.79,0.0,30,86367,买盘
11:16:42,28.78,-0.01,54,155438,卖盘
11:16:45,28.79,0.01,33,95005,买盘
11:16:48,28.78,-0.01,58,166924,卖盘
11:16:52,28.78,0.0,101,290693,卖盘
11:16:55,28.79,0.01,1071,3083200,买盘
11:16:57,28.78,-0.01,21,60449,卖盘
11:17:00,28.79,0.01,230,662170,买盘
11:17:04,28.79,0.0,179,515257,卖盘
11:17:07,28.78,-0.01,116,333962,卖盘
11:17:09,28.79,0.01,54,155444,买盘
11:17:12,28.78,-0.01,9,25904,卖盘
11:17:16,28.79,0.01,29,83474,买盘
11:17:18,28.78,-0.01,54,155456,卖盘
11:17:21,28.78,0.0,57,164046,卖盘
11:17:24,28.78,0.0,206,592907,卖盘
11:17:27,28.78,0.0,171,492160,卖盘
11:17:30,28.78,0.0,23,66194,卖盘
11:17:33,28.78,0.0,50,143912,卖盘
11:17:37,28.78,0.0,177,509481,卖盘
11:17:39,28.78,0.0,34,97852,卖盘
11:17:43,28.78,0.0,200,575740,买盘
11:17:46,28.78,0.0,4,11512,买盘
11:17:49,28.77,-0.01,34,97834,卖盘
11:17:51,28.78,0.01,267,768207,买盘
11:17:54,28.77,-0.01,129,371146,卖盘
11:17:57,28.77,0.0,109,313585,买盘
11:18:00,28.78,0.01,170,489086,买盘
11:18:05,28.78,0.0,208,598612,买盘
11:18:07,28.77,-0.01,98,282037,中性盘
11:18:09,28.78,0.01,76,218659,买盘
11:18:13,28.77,-0.01,21,60432,卖盘
11:18:15,28.78,0.01,68,195704,买盘
11:18:18,28.78,0.0,80,230239,买盘
11:18:21,28.78,0.0,61,175512,买盘
11:18:25,28.77,-0.01,174,500603,卖盘
11:18:27,28.77,0.0,45,129471,卖盘
11:18:31,28.77,0.0,40,115096,买盘
11:18:33,28.77,0.0,42,120831,卖盘
11:18:36,28.76,-0.01,307,883052,卖盘
11:18:40,28.76,0.0,48,138083,卖盘
11:18:43,28.76,0.0,30,86284,卖盘
11:18:45,28.76,0.0,5,14380,卖盘
11:18:48,28.76,0.0,27,77655,卖盘
11:18:52,28.77,0.01,47,135196,买盘
11:18:55,28.76,-0.01,201,578130,卖盘
11:18:58,28.76,0.0,38,109292,买盘
11:19:00,28.77,0.01,72,207144,买盘
11:19:04,28.77,0.0,153,440021,买盘
11:19:06,28.76,-0.01,51,146687,卖盘
11:19:09,28.77,0.01,30,86300,买盘
11:19:12,28.77,0.0,8,23015,买盘
11:19:15,28.77,0.0,85,244526,买盘
11:19:18,28.77,0.0,7,20139,买盘
11:19:21,28.76,-0.01,19,54644,卖盘
11:19:25,28.76,0.0,97,278972,卖盘
11:19:28,28.76,0.0,29,83387,买盘
11:19:30,28.76,0.0,46,132296,买盘
11:19:33,28.76,0.0,44,126544,买盘
11:19:36,28.75,-0.01,28,80506,卖盘
11:19:39,28.76,0.01,365,1049725,买盘
11:19:43,28.75,-0.01,12,34509,卖盘
11:19:45,28.76,0.01,5,14380,买盘
11:19:48,28.76,0.0,178,511889,买盘
11:19:52,28.76,0.0,150,431502,卖盘
11:19:55,28.76,0.0,183,526328,卖盘
11:19:57,28.76,0.0,91,261805,卖盘
11:20:00,28.76,0.0,19,54649,卖盘
11:20:04,28.76,0.0,54,155338,卖盘
11:20:07,28.76,0.0,6,17257,卖盘
11:20:10,28.77,0.01,152,437342,买盘
11:20:13,28.78,0.01,279,802946,买盘
11:20:16,28.79,0.01,545,1569054,买盘
11:20:19,28.8,0.01,1520,4377600,买盘
11:20:22,28.81,0.01,233,671831,买盘
11:20:25,28.82,0.01,6,17287,中性盘
11:20:28,28.82,0.0,170,489946,买盘
11:20:31,28.83,0.01,24,69192,买盘
11:20:33,28.83,0.0,126,363240,买盘
11:20:36,28.82,-0.01,17,49010,卖盘
11:20:40,28.83,0.01,12,34596,买盘
11:20:43,28.83,0.0,5,14415,买盘
11:20:46,28.82,-0.01,32,92238,卖盘
11:20:48,28.83,0.01,19,54777,买盘
11:20:51,28.82,-0.01,137,394915,卖盘
11:20:54,28.82,0.0,179,515893,卖盘
11:20:57,28.82,0.0,59,170043,卖盘
11:21:00,28.82,0.0,1887,5442955,卖盘
11:21:04,28.83,0.01,22,63426,买盘
11:21:07,28.83,0.0,117,337295,买盘
11:21:09,28.83,0.0,87,250758,买盘
11:21:13,28.82,-0.01,10,28825,卖盘
11:21:16,28.82,0.0,36,102978,卖盘
11:21:18,28.84,0.02,78,224897,买盘
11:21:22,28.83,-0.01,78,224801,中性盘
11:21:25,28.83,0.0,227,654447,卖盘
11:21:28,28.84,0.01,12,34604,买盘
11:21:31,28.84,0.0,115,331609,买盘
11:21:33,28.83,-0.01,218,628505,卖盘
11:21:37,28.82,-0.01,75,216223,卖盘
11:21:40,28.83,0.01,247,712085,买盘
11:21:42,28.83,0.0,94,270944,买盘
11:21:45,28.82,-0.01,58,167196,卖盘
11:21:48,28.82,0.0,64,184454,卖盘
11:21:51,28.82,0.0,296,853879,卖盘
11:21:54,28.82,0.0,112,322723,买盘
11:21:57,28.81,-0.01,4,11525,卖盘
11:22:00,28.81,0.0,32,92193,卖盘
11:22:04,28.81,0.0,79,227661,卖盘
11:22:07,28.81,0.0,130,374531,卖盘
11:22:10,28.81,0.0,31,88504,卖盘
11:22:12,28.82,0.01,348,1002675,买盘
11:22:16,28.81,-0.01,100,289281,卖盘
11:22:18,28.81,0.0,55,158459,卖盘
11:22:22,28.81,0.0,27,77788,卖盘
11:22:24,28.81,0.0,57,164206,卖盘
11:22:27,28.81,0.0,125,360060,买盘
11:22:30,28.8,-0.01,58,167042,卖盘
11:22:33,28.8,0.0,152,437772,卖盘
11:22:37,28.79,-0.01,81,232875,卖盘
11:22:39,28.79,0.0,28,80612,卖盘
11:22:42,28.79,0.0,1,2879,买盘
11:22:45,28.79,0.0,10,28790,买盘
11:22:48,28.79,0.0,63,181318,买盘
11:22:51,28.78,-0.01,40,115140,卖盘
11:22:54,28.78,0.0,624,1794523,卖盘
11:23:00,28.78,0.0,73,209991,买盘
11:23:04,28.78,0.0,77,221606,买盘
11:23:07,28.75,-0.03,3,8627,卖盘
11:23:09,28.77,0.02,8,23016,买盘
11:23:12,28.77,0.0,703,2021168,买盘
11:23:15,28.75,-0.02,9,25879,卖盘
11:23:18,28.77,0.02,13,37401,买盘
11:23:22,28.77,0.0,293,842764,买盘
11:23:24,28.74,-0.03,107,309198,卖盘
11:23:27,28.74,0.0,74,210214,买盘
11:23:30,28.75,0.01,21,60390,买盘
11:23:33,28.75,0.0,88,252940,卖盘
11:23:36,28.73,-0.02,37,106351,卖盘
11:23:39,28.74,0.01,93,267282,买盘
11:23:42,28.78,0.04,582,1673623,买盘
11:23:45,28.74,-0.04,56,160944,卖盘
11:23:48,28.74,0.0,12,34488,卖盘
11:23:51,28.77,0.03,10,28754,中性盘
11:23:54,28.74,-0.03,63,181080,卖盘
11:23:57,28.78,0.04,344,989654,买盘
11:24:00,28.76,-0.02,157,451532,卖盘
11:24:04,28.76,0.0,334,960606,买盘
11:24:06,28.77,0.01,764,2198680,中性盘
11:24:09,28.76,-0.01,20,57520,卖盘
11:24:13,28.78,0.02,93,267651,买盘
11:24:15,28.78,0.0,22,63316,买盘
11:24:19,28.75,-0.03,130,374006,卖盘
11:24:21,28.77,0.02,37,106479,中性盘
11:24:24,28.77,0.0,214,615352,买盘
11:24:28,28.74,-0.03,66,189709,卖盘
11:24:31,28.77,0.03,181,520561,买盘
11:24:33,28.78,0.01,32,92079,买盘
11:24:36,28.76,-0.02,47,135230,卖盘
11:24:40,28.76,0.0,56,161058,卖盘
11:24:43,28.77,0.01,10,28770,买盘
11:24:46,28.77,0.0,17,48904,买盘
11:24:51,28.76,-0.01,57,163879,卖盘
11:24:55,28.75,-0.01,157,451403,卖盘
11:24:58,28.75,0.0,3,8625,买盘
11:25:01,28.75,0.0,155,445572,买盘
11:25:04,28.74,-0.01,30,87885,卖盘
11:25:07,28.74,0.0,114,327713,卖盘
11:25:09,28.74,0.0,13,37365,卖盘
11:25:12,28.74,0.0,149,428241,卖盘
11:25:16,28.75,0.01,350,1006264,买盘
11:25:19,28.75,0.0,133,382419,买盘
11:25:21,28.74,-0.01,177,508777,卖盘
11:25:24,28.74,0.0,113,324774,卖盘
11:25:28,28.74,0.0,53,152339,买盘
11:25:30,28.74,0.0,15,43110,买盘
11:25:33,28.74,0.0,214,615255,卖盘
11:25:37,28.74,0.0,242,695885,卖盘
11:25:40,28.74,0.0,36,103519,卖盘
11:25:43,28.78,0.04,172,494647,买盘
11:25:45,28.73,-0.05,97,278731,卖盘
11:25:48,28.73,0.0,4,11492,卖盘
11:25:51,28.76,0.03,1,2876,卖盘
11:25:54,28.73,-0.03,32,91970,卖盘
11:25:58,28.74,0.01,123,353467,买盘
11:26:00,28.73,-0.01,9,25859,卖盘
11:26:04,28.74,0.01,381,1094996,买盘
11:26:07,28.73,-0.01,96,275869,卖盘
11:26:10,28.73,0.0,157,451274,卖盘
11:26:12,28.74,0.01,1,2874,中性盘
11:26:16,28.73,-0.01,11,31619,卖盘
11:26:19,28.77,0.04,138,396880,买盘
11:26:21,28.76,-0.01,6,17252,中性盘
11:26:24,28.77,0.01,261,750880,买盘
11:26:27,28.78,0.01,3,8634,买盘
11:26:30,28.77,-0.01,64,184130,卖盘
11:26:33,28.78,0.01,16,46045,买盘
11:26:37,28.77,-0.01,5,14388,卖盘
11:26:39,28.77,0.0,128,368281,卖盘
11:26:42,28.77,0.0,104,299213,卖盘
11:26:46,28.75,-0.02,65,186963,卖盘
11:26:49,28.77,0.02,5,14385,买盘
11:26:51,28.77,0.0,142,408347,买盘
11:26:54,28.76,-0.01,73,209930,中性盘
11:26:57,28.76,0.0,119,342244,买盘
11:27:00,28.75,-0.01,93,267378,卖盘
11:27:04,28.75,0.0,19,54641,卖盘
11:27:07,28.74,-0.01,10,28749,卖盘
11:27:09,28.76,0.02,84,241518,买盘
11:27:12,28.76,0.0,117,336595,卖盘
11:27:16,28.76,0.0,31,89157,卖盘
11:27:18,28.76,0.0,3,8629,卖盘
11:27:22,28.76,0.0,36,103536,卖盘
11:27:24,28.76,0.0,136,391136,卖盘
11:27:28,28.76,0.0,61,175373,买盘
11:27:30,28.75,-0.01,5,14378,卖盘
11:27:34,28.76,0.01,75,215641,买盘
11:27:37,28.75,-0.01,208,598004,卖盘
11:27:39,28.75,0.0,33,94872,买盘
11:27:42,28.74,-0.01,173,497146,卖盘
11:27:46,28.73,-0.01,71,203994,卖盘
11:27:51,28.73,0.0,598,1718421,卖盘
11:27:55,28.73,0.0,173,496865,买盘
11:27:57,28.71,-0.02,66,189522,卖盘
11:28:01,28.73,0.02,21,59517,买盘
11:28:04,28.73,0.0,13,37349,买盘
11:28:07,28.71,-0.02,245,703881,卖盘
11:28:09,28.72,0.01,123,353199,买盘
11:28:12,28.72,0.0,80,229757,买盘
11:28:15,28.71,-0.01,327,939139,卖盘
11:28:19,28.73,0.02,102,292948,买盘
11:28:21,28.71,-0.02,73,209679,卖盘
11:28:24,28.72,0.01,136,390575,买盘
11:28:27,28.73,0.01,77,221156,买盘
11:28:31,28.72,-0.01,78,224022,卖盘
11:28:34,28.73,0.01,19,54609,买盘
11:28:37,28.73,0.0,1,2873,卖盘
11:28:39,28.73,0.0,6,17238,卖盘
11:28:42,28.73,0.0,143,410907,卖盘
11:28:45,28.75,0.02,9,25859,买盘
11:28:49,28.73,-0.02,56,160992,卖盘
11:28:51,28.72,-0.01,62,178123,卖盘
11:28:54,28.72,0.0,34,97714,卖盘
11:28:57,28.74,0.02,38,109176,买盘
11:29:00,28.73,-0.01,33,94841,卖盘
11:29:04,28.72,-0.01,255,732584,卖盘
11:29:07,28.72,0.0,223,640842,卖盘
11:29:10,28.74,0.02,1,2874,买盘
11:29:12,28.74,0.0,2,5749,卖盘
11:29:15,28.74,0.0,60,172453,卖盘
11:29:19,28.73,-0.01,3,8620,卖盘
11:29:21,28.73,0.0,22,63236,卖盘
11:29:25,28.73,0.0,27,77591,卖盘
11:29:27,28.74,0.01,44,126393,中性盘
11:29:31,28.74,0.0,42,120702,买盘
11:29:33,28.77,0.03,174,500428,买盘
11:29:37,28.74,-0.03,89,255803,卖盘
11:29:39,28.74,0.0,7,19324,卖盘
11:29:42,28.74,0.0,5,14370,卖盘
11:29:45,28.77,0.03,5,14385,买盘
11:29:48,28.77,0.0,81,232833,买盘
11:29:51,28.77,0.0,42,120752,买盘
11:29:55,28.77,0.0,29,83454,卖盘
11:29:57,28.73,-0.04,126,362279,卖盘
11:30:01,28.76,0.03,9,25884,买盘
13:00:00,28.77,0.01,56,161059,买盘
13:00:04,28.76,-0.01,1661,4775334,中性盘
13:00:07,28.74,-0.02,747,2148006,卖盘
13:00:10,28.75,0.01,162,465722,买盘
13:00:13,28.73,-0.02,694,1995169,卖盘
13:00:16,28.76,0.03,27,77620,买盘
13:00:19,28.75,-0.01,222,638377,卖盘
13:00:21,28.75,0.0,196,563518,买盘
13:00:24,28.76,0.01,194,557944,买盘
13:00:27,28.77,0.01,393,1130659,买盘
13:00:31,28.79,0.02,603,1735491,买盘
13:00:33,28.79,0.0,334,961556,买盘
13:00:36,28.8,0.01,586,1687270,买盘
13:00:39,28.82,0.02,734,2114965,买盘
13:00:42,28.81,-0.01,322,928003,卖盘
13:00:46,28.84,0.03,295,850649,买盘
13:00:48,28.85,0.01,14,40377,买盘
13:00:52,28.81,-0.04,249,717526,卖盘
13:00:54,28.83,0.02,368,1061659,卖盘
13:00:57,28.83,0.0,588,1696341,卖盘
13:01:00,28.83,0.0,300,865443,卖盘
13:01:05,28.85,0.02,58,167211,买盘
13:01:07,28.83,-0.02,33,95125,买盘
13:01:10,28.83,0.0,122,351695,卖盘
13:01:13,28.83,0.0,62,178768,卖盘
13:01:15,28.83,0.0,125,360375,卖盘
13:01:19,28.8,-0.03,533,1535184,卖盘
13:01:21,28.78,-0.02,210,604475,卖盘
13:01:25,28.8,0.02,353,1016333,买盘
13:01:27,28.75,-0.05,17,48877,卖盘
13:01:31,28.74,-0.01,19,54617,卖盘
13:01:34,28.73,-0.01,40,114933,卖盘
13:01:36,28.72,-0.01,68,195376,卖盘
13:01:39,28.73,0.01,27,77586,中性盘
13:01:43,28.72,-0.01,122,352145,卖盘
13:01:45,28.74,0.02,6,17244,买盘
13:01:48,28.74,0.0,74,212692,卖盘
13:01:51,28.73,-0.01,164,471389,卖盘
13:01:54,28.75,0.02,34,98152,买盘
13:01:57,28.74,-0.01,204,586360,卖盘
13:02:00,28.73,-0.01,6,17240,卖盘
13:02:04,28.77,0.04,151,434039,买盘
13:02:06,28.77,0.0,87,250279,买盘
13:02:10,28.78,0.01,222,638916,买盘
13:02:13,28.77,-0.01,284,817542,卖盘
13:02:15,28.77,0.0,44,126577,买盘
13:02:19,28.77,0.0,97,279069,买盘
13:02:21,28.77,0.0,40,115136,卖盘
13:02:24,28.74,-0.03,271,779077,卖盘
13:02:28,28.75,0.01,23,66120,买盘
13:02:31,28.74,-0.01,45,129383,卖盘
13:02:33,28.77,0.03,168,483109,买盘
13:02:36,28.74,-0.03,74,212681,卖盘
13:02:40,28.75,0.01,179,514783,买盘
13:02:42,28.78,0.03,9,25894,买盘
13:02:46,28.78,0.0,122,349054,买盘
13:02:48,28.75,-0.03,36,105432,卖盘
13:02:51,28.74,-0.01,12,34498,卖盘
13:02:54,28.75,0.01,30,86250,买盘
13:02:58,28.75,0.0,196,561480,卖盘
13:03:00,28.74,-0.01,83,238544,卖盘
13:03:04,28.73,-0.01,46,132210,卖盘
13:03:06,28.73,0.0,55,158042,卖盘
13:03:10,28.72,-0.01,142,409705,卖盘
13:03:12,28.73,0.01,21,60370,卖盘
13:03:16,28.74,0.01,2,5747,买盘
13:03:19,28.74,0.0,3,8622,买盘
13:03:21,28.75,0.01,73,209739,买盘
13:03:25,28.72,-0.03,802,2302205,卖盘
13:03:27,28.72,0.0,382,1098837,买盘
13:03:30,28.73,0.01,8,22984,中性盘
13:03:34,28.72,-0.01,201,577234,卖盘
13:03:37,28.73,0.01,182,522719,买盘
13:03:39,28.73,0.0,92,264432,卖盘
13:03:43,28.71,-0.02,367,1054349,卖盘
13:03:46,28.75,0.04,1,2875,买盘
13:03:49,28.72,-0.03,151,433748,卖盘
13:03:52,28.75,0.03,61,175222,买盘
13:03:54,28.72,-0.03,19,54568,卖盘
13:04:00,28.71,-0.01,146,419303,卖盘
13:04:04,28.72,0.01,332,953486,买盘
13:04:07,28.71,-0.01,111,318761,卖盘
13:04:09,28.74,0.03,47,135078,买盘
13:04:13,28.74,0.0,199,571926,买盘
13:04:16,28.71,-0.03,531,1524598,卖盘
13:04:19,28.72,0.01,46,132067,中性盘
13:04:21,28.71,-0.01,54,155087,卖盘
13:04:24,28.75,0.04,36,103451,买盘
13:04:27,28.71,-0.04,188,539763,卖盘
13:04:31,28.74,0.03,32,91896,买盘
13:04:34,28.72,-0.02,17,48828,卖盘
13:04:36,28.72,0.0,46,132200,卖盘
13:04:39,28.72,0.0,69,198196,卖盘
13:04:43,28.71,-0.01,809,2323167,卖盘
13:04:46,28.73,0.02,312,895096,买盘
13:04:48,28.75,0.02,9,25869,买盘
13:04:51,28.73,-0.02,161,462553,卖盘
13:04:54,28.75,0.02,64,183998,买盘
13:05:00,28.72,-0.03,242,695142,卖盘
13:05:04,28.72,0.0,17,48817,买盘
13:05:06,28.72,0.0,152,436543,买盘
13:05:09,28.73,0.01,1,2873,买盘
13:05:12,28.72,-0.01,49,140728,卖盘
13:05:16,28.73,0.01,236,678023,买盘
13:05:22,28.72,-0.01,61,175214,卖盘
13:05:24,28.72,0.0,745,2140311,卖盘
13:05:27,28.72,0.0,123,353256,卖盘
13:05:33,28.74,0.02,50,143602,买盘
13:05:37,28.72,-0.02,152,436544,卖盘
13:05:39,28.72,0.0,33,94809,卖盘
13:05:43,28.74,0.02,3,8622,买盘
13:05:45,28.74,0.0,105,300897,买盘
13:05:49,28.72,-0.02,317,911016,卖盘
13:05:51,28.73,0.01,41,117826,中性盘
13:05:55,28.73,0.0,192,551643,卖盘
13:05:58,28.72,-0.01,86,247117,卖盘
13:06:01,28.73,0.01,24,68951,买盘
13:06:04,28.75,0.02,97,278781,买盘
13:06:07,28.73,-0.02,104,298788,卖盘
13:06:10,28.73,0.0,39,112052,卖盘
13:06:13,28.74,0.01,176,505693,买盘
13:06:16,28.73,-0.01,59,169516,卖盘
13:06:19,28.73,0.0,52,149396,卖盘
13:06:21,28.73,0.0,6,17238,卖盘
13:06:25,28.73,0.0,116,333297,卖盘
13:06:28,28.72,-0.01,58,166631,卖盘
13:06:30,28.75,0.03,151,433829,买盘
13:06:34,28.73,-0.02,25,73873,中性盘
13:06:37,28.74,0.01,29,83319,买盘
13:06:39,28.73,-0.01,89,255693,卖盘
13:06:43,28.72,-0.01,5,14362,卖盘
13:06:46,28.74,0.02,32,91969,中性盘
13:06:49,28.74,0.0,5,14370,卖盘
13:06:51,28.74,0.0,419,1204571,卖盘
13:06:54,28.74,0.0,185,531705,卖盘
13:06:58,28.74,0.0,24,68997,卖盘
13:07:01,28.74,0.0,57,163822,卖盘
13:07:04,28.74,0.0,63,181071,卖盘
13:07:07,28.74,0.0,79,227180,卖盘
13:07:10,28.74,0.0,15,43138,卖盘
13:07:12,28.75,0.01,46,132250,卖盘
13:07:16,28.75,0.0,10,28754,卖盘
13:07:19,28.75,0.0,56,161031,卖盘
13:07:22,28.75,0.0,138,396750,卖盘
13:07:24,28.74,-0.01,288,827778,卖盘
13:07:27,28.76,0.02,435,1249383,买盘
13:07:30,28.76,0.0,2,5751,买盘
13:07:33,28.74,-0.02,62,178278,卖盘
13:07:36,28.74,0.0,117,336311,卖盘
13:07:39,28.77,0.03,163,468782,买盘
13:07:45,28.74,-0.03,31,89102,卖盘
13:07:49,28.75,0.01,60,172515,中性盘
13:07:52,28.75,0.0,51,146620,买盘
13:07:54,28.74,-0.01,89,255851,卖盘
13:07:58,28.75,0.01,253,727147,买盘
13:08:00,28.75,0.0,62,178242,买盘
13:08:05,28.74,-0.01,23,66112,卖盘
13:08:07,28.74,0.0,291,836390,卖盘
13:08:10,28.74,0.0,168,483024,卖盘
13:08:13,28.75,0.01,31,89114,中性盘
13:08:16,28.74,-0.01,8,22992,中性盘
13:08:19,28.73,-0.01,66,189653,卖盘
13:08:21,28.73,0.0,7,20113,卖盘
13:08:25,28.72,-0.01,100,288430,卖盘
13:08:27,28.73,0.01,20,57460,买盘
13:08:31,28.75,0.02,376,1079400,买盘
13:08:33,28.72,-0.03,16,45962,卖盘
13:08:36,28.72,0.0,10,28728,卖盘
13:08:39,28.73,0.01,150,430862,买盘
13:08:42,28.73,0.0,167,479750,买盘
13:08:45,28.73,0.0,64,183872,买盘
13:08:49,28.73,0.0,25,71843,卖盘
13:08:51,28.73,0.0,144,413878,卖盘
13:08:55,28.73,0.0,141,405093,卖盘
13:08:57,28.74,0.01,11,31604,买盘
13:09:00,28.74,0.0,3,8622,买盘
13:09:04,28.73,-0.01,303,870621,卖盘
13:09:07,28.73,0.0,233,669624,卖盘
13:09:10,28.74,0.01,34,97716,买盘
13:09:13,28.75,0.01,88,252935,买盘
13:09:15,28.74,-0.01,55,158070,卖盘
13:09:18,28.75,0.01,7,20666,买盘
13:09:22,28.74,-0.01,24,68976,卖盘
13:09:24,28.74,0.0,225,646569,卖盘
13:09:28,28.74,0.0,153,439716,卖盘
13:09:30,28.74,0.0,31,89078,买盘
13:09:33,28.73,-0.01,15,43096,卖盘
13:09:36,28.73,0.0,84,241355,卖盘
13:09:39,28.74,0.01,497,1427892,买盘
13:09:42,28.73,-0.01,51,146567,卖盘
13:09:45,28.73,0.0,30,86190,卖盘
13:09:49,28.74,0.01,120,344808,买盘
13:09:51,28.73,-0.01,22,63211,卖盘
13:09:55,28.73,0.0,157,451061,买盘
13:09:57,28.73,0.0,228,655053,卖盘
13:10:01,28.73,0.0,9,25858,卖盘
13:10:05,28.73,0.0,122,350549,卖盘
13:10:07,28.74,0.01,266,764480,买盘
13:10:09,28.73,-0.01,235,675226,卖盘
13:10:12,28.72,-0.01,250,718244,卖盘
13:10:15,28.74,0.02,540,1550890,买盘
13:10:19,28.74,0.0,23,66101,买盘
13:10:21,28.72,-0.02,135,387896,卖盘
13:10:24,28.73,0.01,115,330298,买盘
13:10:27,28.73,0.0,169,485405,卖盘
13:10:30,28.72,-0.01,121,346799,卖盘
13:10:33,28.73,0.01,249,715224,买盘
13:10:37,28.72,-0.01,7,20099,中性盘
13:10:40,28.73,0.01,65,186744,买盘
13:10:43,28.71,-0.02,75,215330,卖盘
13:10:45,28.71,0.0,54,155036,卖盘
13:10:48,28.72,0.01,45,129240,买盘
13:10:51,28.72,0.0,42,120614,卖盘
13:10:54,28.71,-0.01,202,580009,卖盘
13:10:57,28.71,0.0,7,20098,卖盘
13:11:04,28.71,0.0,58,166536,卖盘
13:11:07,28.71,0.0,43,123455,卖盘
13:11:10,28.71,0.0,27,77524,卖盘
13:11:13,28.72,0.01,45,129197,买盘
13:11:15,28.72,0.0,280,803892,买盘
13:11:18,28.71,-0.01,16,45942,卖盘
13:11:21,28.71,0.0,150,430700,卖盘
13:11:24,28.72,0.01,270,775332,买盘
13:11:27,28.72,0.0,208,597169,买盘
13:11:31,28.71,-0.01,24,68922,卖盘
13:11:33,28.71,0.0,66,189488,卖盘
13:11:37,28.72,0.01,241,692145,买盘
13:11:40,28.72,0.0,124,356132,卖盘
13:11:43,28.73,0.01,6,17233,买盘
13:11:45,28.72,-0.01,19,54568,卖盘
13:11:48,28.72,0.0,46,132112,卖盘
13:11:51,28.72,0.0,16,45962,卖盘
13:11:54,28.71,-0.01,290,832866,卖盘
13:11:57,28.71,0.0,8,22969,卖盘
13:12:00,28.71,0.0,56,160776,卖盘
13:12:04,28.71,0.0,74,212487,卖盘
13:12:07,28.71,0.0,971,2787813,卖盘
13:12:09,28.72,0.01,441,1266550,买盘
13:12:13,28.72,0.0,47,134984,卖盘
13:12:15,28.71,-0.01,266,763899,卖盘
13:12:19,28.72,0.01,102,292944,买盘
13:12:22,28.71,-0.01,52,149317,卖盘
13:12:24,28.71,0.0,121,347401,卖盘
13:12:27,28.72,0.01,49,140707,买盘
13:12:30,28.72,0.0,6,17232,买盘
13:12:33,28.72,0.0,85,244038,买盘
13:12:36,28.71,-0.01,220,631634,卖盘
13:12:43,28.71,0.0,81,232556,卖盘
13:12:45,28.72,0.01,156,447888,买盘
13:12:48,28.71,-0.01,5,14355,卖盘
13:12:52,28.72,0.01,56,160782,买盘
13:12:54,28.71,-0.01,441,1266377,卖盘
13:12:57,28.71,0.0,132,378972,买盘
13:13:01,28.7,-0.01,6,17227,卖盘
13:13:04,28.71,0.01,28,80404,卖盘
13:13:07,28.72,0.01,190,545490,买盘
13:13:10,28.73,0.01,121,347632,买盘
13:13:13,28.71,-0.02,1956,5616978,卖盘
13:13:15,28.74,0.03,137,393786,卖盘
13:13:18,28.75,0.01,99,283815,买盘
13:13:22,28.75,0.0,29,83375,卖盘
13:13:24,28.76,0.01,233,670108,买盘
13:13:27,28.75,-0.01,244,701665,卖盘
13:13:30,28.75,0.0,5,14378,卖盘
13:13:33,28.77,0.02,163,468863,买盘
13:13:36,28.77,0.0,253,728420,卖盘
13:13:39,28.78,0.01,169,486381,买盘
13:13:43,28.79,0.01,246,708174,买盘
13:13:45,28.79,0.0,24,69096,卖盘
13:13:48,28.78,-0.01,264,760241,卖盘
13:13:52,28.78,0.0,68,195704,买盘
13:13:54,28.78,0.0,53,152529,买盘
13:13:58,28.78,0.0,164,471992,卖盘
13:14:01,28.78,0.0,74,213002,卖盘
13:14:04,28.78,0.0,78,226190,卖盘
13:14:06,28.79,0.01,55,158344,买盘
13:14:09,28.78,-0.01,45,129526,卖盘
13:14:12,28.79,0.01,73,210167,中性盘
13:14:15,28.79,0.0,82,236057,买盘
13:14:19,28.79,0.0,15,43172,买盘
13:14:22,28.78,-0.01,49,141022,卖盘
13:14:24,28.78,0.0,26,74828,卖盘
13:14:28,28.79,0.01,197,566991,买盘
13:14:30,28.78,-0.01,354,1017081,卖盘
13:14:33,28.75,-0.03,79,227306,卖盘
13:14:37,28.75,0.0,25,71881,卖盘
13:14:40,28.76,0.01,27,77647,买盘
13:14:43,28.76,0.0,44,126503,买盘
13:14:46,28.75,-0.01,65,186880,卖盘
13:14:49,28.75,0.0,16,46086,卖盘
13:14:51,28.76,0.01,182,523427,买盘
13:14:54,28.76,0.0,73,209948,卖盘
13:14:57,28.76,0.0,53,152428,卖盘
13:15:01,28.76,0.0,30,86258,买盘
13:15:05,28.76,0.0,191,549321,买盘
13:15:07,28.76,0.0,513,1476064,卖盘
13:15:10,28.78,0.02,288,830591,买盘
13:15:13,28.77,-0.01,232,667841,卖盘
13:15:15,28.79,0.02,147,423063,买盘
13:15:19,28.77,-0.02,170,489160,卖盘
13:15:22,28.77,0.0,73,210107,卖盘
13:15:24,28.77,0.0,21,60425,卖盘
13:15:27,28.77,0.0,1508,4339994,卖盘
13:15:31,28.77,0.0,123,353877,卖盘
13:15:33,28.78,0.01,88,253273,卖盘
13:15:37,28.78,0.0,92,264808,卖盘
13:15:40,28.8,0.02,125,359983,买盘
13:15:42,28.8,0.0,6,17280,卖盘
13:15:45,28.8,0.0,126,363040,卖盘
13:15:48,28.81,0.01,4,11524,买盘
13:15:51,28.8,-0.01,74,213114,卖盘
13:15:54,28.79,-0.01,13,37434,卖盘
13:15:58,28.79,0.0,221,636457,卖盘
13:16:00,28.79,0.0,160,460899,卖盘
13:16:04,28.79,0.0,102,293734,卖盘
13:16:06,28.79,0.0,23,66226,卖盘
13:16:09,28.8,0.01,8,23038,买盘
13:16:12,28.79,-0.01,111,319626,卖盘
13:16:15,28.79,0.0,83,238984,卖盘
13:16:19,28.8,0.01,21,60479,买盘
13:16:22,28.81,0.01,25,72034,买盘
13:16:25,28.79,-0.02,63,181488,卖盘
13:16:27,28.8,0.01,9,25921,买盘
13:16:30,28.81,0.01,27,77778,买盘
13:16:33,28.79,-0.02,46,132468,卖盘
13:16:37,28.78,-0.01,120,345491,卖盘
13:16:39,28.79,0.01,14,40302,买盘
13:16:43,28.78,-0.01,241,694271,卖盘
13:16:45,28.78,0.0,110,316637,卖盘
13:16:48,28.79,0.01,27,77730,买盘
13:16:51,28.78,-0.01,51,146817,卖盘
13:16:54,28.79,0.01,15,43185,买盘
13:16:57,28.79,0.0,294,846239,买盘
13:17:00,28.8,0.01,62,178527,买盘
13:17:05,28.82,0.02,26,74907,买盘
13:17:07,28.81,-0.01,49,141193,中性盘
13:17:09,28.81,0.0,101,290922,卖盘
13:17:13,28.81,0.0,9,25930,卖盘
13:17:15,28.81,0.0,45,129645,卖盘
13:17:18,28.81,0.0,46,132531,卖盘
13:17:21,28.81,0.0,40,115250,卖盘
13:17:24,28.81,0.0,167,481264,卖盘
13:17:28,28.81,0.0,60,172847,卖盘
13:17:31,28.81,0.0,70,201624,买盘
13:17:33,28.81,0.0,32,92172,买盘
13:17:36,28.8,-0.01,116,334152,卖盘
13:17:40,28.8,0.0,74,213191,卖盘
13:17:42,28.8,0.0,153,440661,卖盘
13:17:45,28.8,0.0,18,51842,卖盘
13:17:49,28.81,0.01,184,530103,买盘
13:17:51,28.81,0.0,57,164217,卖盘
13:17:55,28.81,0.0,96,276621,卖盘
13:17:57,28.81,0.0,167,481107,卖盘
13:18:00,28.81,0.0,8,23048,买盘
13:18:04,28.81,0.0,84,241953,买盘
13:18:07,28.8,-0.01,19,54728,卖盘
13:18:09,28.8,0.0,22,63365,卖盘
13:18:13,28.82,0.02,57,164219,买盘
13:18:15,28.81,-0.01,49,141122,买盘
13:18:19,28.82,0.01,62,178668,买盘
13:18:25,28.8,-0.02,63,181486,卖盘
13:18:27,28.81,0.01,4,11524,中性盘
13:18:30,28.81,0.0,229,659674,买盘
13:18:33,28.8,-0.01,39,112326,卖盘
13:18:36,28.8,0.0,65,187218,卖盘
13:18:39,28.8,0.0,13,37447,卖盘
13:18:42,28.81,0.01,6,17286,买盘
13:18:45,28.81,0.0,35,100834,买盘
13:18:48,28.81,0.0,48,138245,买盘
13:18:52,28.81,0.0,284,818198,买盘
13:18:55,28.81,0.0,8,23044,买盘
13:18:58,28.79,-0.02,214,616279,卖盘
13:19:01,28.81,0.02,63,181501,买盘
13:19:05,28.8,-0.01,42,120942,买盘
13:19:06,28.81,0.01,83,239071,买盘
13:19:09,28.79,-0.02,42,120923,卖盘
13:19:12,28.8,0.01,37,106555,买盘
13:19:15,28.8,0.0,66,190072,买盘
13:19:18,28.8,0.0,29,83520,买盘
13:19:22,28.81,0.01,94,270689,买盘
13:19:24,28.8,-0.01,18,51841,卖盘
13:19:28,28.8,0.0,109,313920,卖盘
13:19:31,28.79,-0.01,41,118039,卖盘
13:19:33,28.79,0.0,45,129579,卖盘
13:19:36,28.79,0.0,14,40309,卖盘
13:19:40,28.8,0.01,105,302395,买盘
13:19:42,28.8,0.0,85,244755,买盘
13:19:45,28.8,0.0,53,152630,买盘
13:19:48,28.79,-0.01,16,46068,卖盘
13:19:51,28.79,0.0,10,28790,卖盘
13:19:55,28.8,0.01,94,270676,买盘
13:19:58,28.79,-0.01,200,575800,卖盘
13:20:00,28.8,0.01,112,322557,买盘
13:20:04,28.8,0.0,202,581770,卖盘
13:20:07,28.8,0.0,26,74880,卖盘
13:20:10,28.8,0.0,1,2880,卖盘
13:20:13,28.81,0.01,7,20167,买盘
13:20:15,28.8,-0.01,55,158400,卖盘
13:20:19,28.82,0.02,329,947868,买盘
13:20:21,28.81,-0.01,62,178622,卖盘
13:20:25,28.82,0.01,4,11526,买盘
13:20:28,28.81,-0.01,70,201670,卖盘
13:20:30,28.81,0.0,93,267927,买盘
13:20:34,28.8,-0.01,21,60488,卖盘
13:20:37,28.8,0.0,194,558869,卖盘
13:20:39,28.81,0.01,16,46096,买盘
13:20:43,28.81,0.0,1235,3559267,卖盘
13:20:45,28.82,0.01,120,345830,买盘
13:20:48,28.82,0.0,44,126808,卖盘
13:20:51,28.83,0.01,361,1040707,买盘
13:20:55,28.83,0.0,78,224874,买盘
13:20:58,28.83,0.0,323,931127,买盘
13:21:00,28.84,0.01,907,2614775,买盘
13:21:04,28.84,0.0,666,1920698,买盘
13:21:07,28.84,0.0,91,262478,卖盘
13:21:10,28.84,0.0,239,689483,卖盘
13:21:12,28.85,0.01,19,54815,买盘
13:21:15,28.85,0.0,55,158692,买盘
13:21:19,28.85,0.0,12,34620,卖盘
13:21:21,28.85,0.0,146,421210,卖盘
13:21:24,28.85,0.0,17,49046,卖盘
13:21:28,28.85,0.0,42,121172,卖盘
13:21:31,28.85,0.0,66,190410,买盘
13:21:33,28.84,-0.01,102,294213,卖盘
13:21:37,28.84,0.0,32,92318,卖盘
13:21:39,28.84,0.0,5,14424,卖盘
13:21:43,28.85,0.01,64,184594,买盘
13:21:45,28.85,0.0,89,256763,买盘
13:21:48,28.84,-0.01,97,279798,卖盘
13:21:51,28.85,0.01,33,95203,买盘
13:21:55,28.84,-0.01,141,406724,卖盘
13:21:57,28.85,0.01,169,487398,买盘
13:22:01,28.84,-0.01,6,17304,卖盘
13:22:05,28.85,0.01,207,597125,买盘
13:22:07,28.84,-0.01,57,164395,卖盘
13:22:10,28.85,0.01,71,204807,买盘
13:22:13,28.85,0.0,90,259572,买盘
13:22:15,28.84,-0.01,95,274011,卖盘
13:22:18,28.85,0.01,26,74990,买盘
13:22:21,28.84,-0.01,474,1367435,卖盘
13:22:24,28.84,0.0,182,524888,卖盘
13:22:27,28.84,0.0,306,882552,卖盘
13:22:30,28.84,0.0,16,46149,卖盘
13:22:34,28.83,-0.01,328,945899,卖盘
13:22:36,28.83,0.0,49,141289,卖盘
13:22:39,28.84,0.01,94,271024,买盘
13:22:43,28.84,0.0,219,631742,买盘
13:22:45,28.84,0.0,56,161469,买盘
13:22:48,28.83,-0.01,40,115320,卖盘
13:22:51,28.84,0.01,78,224889,买盘
13:22:55,28.83,-0.01,21,60802,卖盘
13:22:58,28.83,0.0,39,112178,卖盘
13:23:01,28.82,-0.01,38,109516,卖盘
13:23:04,28.83,0.01,157,452603,买盘
13:23:07,28.82,-0.01,81,233504,卖盘
13:23:10,28.82,0.0,123,354578,卖盘
13:23:13,28.82,0.0,76,219063,卖盘
13:23:16,28.82,0.0,41,118188,卖盘
13:23:19,28.82,0.0,89,256605,卖盘
13:23:21,28.82,0.0,187,538937,卖盘
13:23:25,28.82,0.0,82,236378,卖盘
13:23:27,28.84,0.02,341,983107,买盘
13:23:30,28.83,-0.01,8,23064,卖盘
13:23:34,28.84,0.01,136,392071,买盘
13:23:36,28.82,-0.02,3,8648,卖盘
13:23:39,28.83,0.01,95,273939,买盘
13:23:42,28.83,0.0,132,380556,买盘
13:23:46,28.83,0.0,251,723633,卖盘
13:23:49,28.83,0.0,12,34596,卖盘
13:23:51,28.84,0.01,22,63441,买盘
13:23:54,28.83,-0.01,35,100918,卖盘
13:23:57,28.83,0.0,235,677507,卖盘
13:24:00,28.83,0.0,75,216225,卖盘
13:24:04,28.83,0.0,125,360387,卖盘
13:24:07,28.83,0.0,125,360446,卖盘
13:24:10,28.83,0.0,105,302715,卖盘
13:24:13,28.84,0.01,120,346074,买盘
13:24:19,28.84,0.0,62,178747,买盘
13:24:21,28.83,-0.01,11,31719,卖盘
13:24:24,28.83,0.0,97,279734,卖盘
13:24:28,28.83,0.0,286,824588,卖盘
13:24:30,28.84,0.01,65,187460,买盘
13:24:33,28.83,-0.01,280,807444,卖盘
13:24:36,28.83,0.0,20,57661,卖盘
13:24:40,28.83,0.0,97,279682,卖盘
13:24:42,28.84,0.01,39,112471,买盘
13:24:45,28.84,0.0,29,83621,买盘
13:24:49,28.83,-0.01,55,158566,卖盘
13:24:52,28.84,0.01,141,406604,买盘
13:24:54,28.83,-0.01,79,227783,卖盘
13:24:57,28.83,0.0,85,245056,卖盘
13:25:01,28.82,-0.01,156,449721,卖盘
13:25:05,28.81,-0.01,682,1965511,卖盘
13:25:07,28.81,0.0,10,28812,卖盘
13:25:09,28.81,0.0,16,46111,卖盘
13:25:12,28.81,0.0,133,383270,卖盘
13:25:16,28.81,0.0,6,17289,卖盘
13:25:18,28.81,0.0,127,365888,卖盘
13:25:21,28.81,0.0,18,51871,卖盘
13:25:24,28.81,0.0,48,138288,卖盘
13:25:27,28.81,0.0,253,728897,卖盘
13:25:31,28.82,0.01,8,23053,买盘
13:25:34,28.81,-0.01,98,282342,卖盘
13:25:36,28.8,-0.01,32,92190,卖盘
13:25:39,28.81,0.01,71,204584,买盘
13:25:43,28.82,0.01,222,639406,买盘
13:25:45,28.8,-0.02,42,120965,卖盘
13:25:49,28.81,0.01,17,48976,买盘
13:25:52,28.8,-0.01,413,1189447,卖盘
13:25:55,28.81,0.01,224,645344,买盘
13:25:58,28.8,-0.01,55,158356,卖盘
13:26:01,28.79,-0.01,28,80634,卖盘
13:26:04,28.79,0.0,29,83502,卖盘
13:26:06,28.79,0.0,57,164113,卖盘
13:26:09,28.79,0.0,21,60459,卖盘
13:26:13,28.79,0.0,261,751656,卖盘
13:26:16,28.8,0.01,57,164208,买盘
13:26:18,28.79,-0.01,72,207289,卖盘
13:26:21,28.8,0.01,61,175675,买盘
13:26:24,28.79,-0.01,37,106523,卖盘
13:26:27,28.78,-0.01,47,135312,卖盘
13:26:31,28.81,0.03,503,1448738,买盘
13:26:33,28.8,-0.01,71,204492,卖盘
13:26:37,28.8,0.0,255,734829,卖盘
13:26:39,28.81,0.01,49,141169,中性盘
13:26:43,28.81,0.0,123,354485,中性盘
13:26:45,28.83,0.02,298,859035,买盘
13:26:49,28.83,0.0,69,197143,买盘
13:26:51,28.84,0.01,336,968687,买盘
13:26:55,28.82,-0.02,11,31702,中性盘
13:26:57,28.83,0.01,41,118186,中性盘
13:27:01,28.82,-0.01,78,224796,卖盘
13:27:04,28.82,0.0,271,781078,买盘
13:27:07,28.8,-0.02,178,512894,卖盘
13:27:09,28.83,0.03,140,403233,买盘
13:27:12,28.81,-0.02,241,694931,卖盘
13:27:15,28.82,0.01,66,190204,中性盘
13:27:18,28.81,-0.01,23,66281,卖盘
13:27:22,28.83,0.02,25,72035,买盘
13:27:25,28.84,0.01,71,204673,买盘
13:27:28,28.82,-0.02,29,83593,卖盘
13:27:31,28.82,0.0,179,515882,买盘
13:27:34,28.82,0.0,72,207517,卖盘
13:27:36,28.81,-0.01,213,613821,卖盘
13:27:39,28.82,0.01,35,100870,买盘
13:27:42,28.82,0.0,18,51870,买盘
13:27:45,28.81,-0.01,55,158468,卖盘
13:27:49,28.83,0.02,27,77831,买盘
13:27:52,28.83,0.0,22,63433,卖盘
13:27:55,28.83,0.0,20,57660,卖盘
13:27:58,28.83,0.0,73,210416,卖盘
13:28:00,28.83,0.0,4,11532,买盘
13:28:04,28.82,-0.01,27,77824,卖盘
13:28:07,28.81,-0.01,56,161471,卖盘
13:28:09,28.82,0.01,42,121007,买盘
13:28:12,28.81,-0.01,114,328525,卖盘
13:28:16,28.82,0.01,6,17292,买盘
13:28:19,28.81,-0.01,34,97954,卖盘
13:28:21,28.81,0.0,487,1402786,卖盘
13:28:25,28.81,0.0,62,178708,卖盘
13:28:27,28.81,0.0,106,305386,卖盘
13:28:30,28.8,-0.01,60,172818,卖盘
13:28:33,28.8,0.0,60,172847,卖盘
13:28:37,28.8,0.0,293,843955,卖盘
13:28:39,28.81,0.01,48,138300,买盘
13:28:42,28.8,-0.01,127,365856,卖盘
13:28:45,28.8,0.0,34,97920,卖盘
13:28:49,28.8,0.0,100,288008,卖盘
13:28:52,28.8,0.0,19,54720,卖盘
13:28:55,28.8,0.0,64,184320,卖盘
13:28:57,28.8,0.0,322,927365,卖盘
13:29:00,28.8,0.0,84,241932,卖盘
13:29:04,28.8,0.0,233,671051,卖盘
13:29:06,28.8,0.0,72,207365,卖盘
13:29:09,28.81,0.01,26,74900,买盘
13:29:13,28.8,-0.01,80,230400,卖盘
13:29:16,28.79,-0.01,92,265202,卖盘
13:29:18,28.8,0.01,10,28800,买盘
13:29:21,28.79,-0.01,67,192952,卖盘
13:29:25,28.8,0.01,120,345345,买盘
13:29:27,28.8,0.0,225,647910,卖盘
13:29:31,28.79,-0.01,7,20154,卖盘
13:29:33,28.79,0.0,29,83506,卖盘
13:29:37,28.79,0.0,97,279313,卖盘
13:29:39,28.8,0.01,245,705550,买盘
13:29:42,28.81,0.01,49,141168,买盘
13:29:46,28.8,-0.01,21,60480,卖盘
13:29:48,28.8,0.0,54,155531,卖盘
13:29:54,28.8,0.0,16,46081,卖盘
13:29:58,28.8,0.0,171,492485,卖盘
13:30:01,28.8,0.0,110,316807,卖盘
13:30:05,28.8,0.0,326,938891,卖盘
13:30:07,28.8,0.0,165,475222,卖盘
13:30:09,28.8,0.0,54,155527,卖盘
13:30:12,28.8,0.0,60,172800,卖盘
13:30:16,28.8,0.0,7,20160,卖盘
13:30:19,28.8,0.0,154,443588,卖盘
13:30:21,28.8,0.0,245,705601,卖盘
13:30:24,28.79,-0.01,49,141119,卖盘
13:30:27,28.79,0.0,17,48948,卖盘
13:30:31,28.8,0.01,71,204444,买盘
13:30:33,28.79,-0.01,341,981742,卖盘
13:30:37,28.78,-0.01,376,1082785,卖盘
13:30:39,28.81,0.03,1483,4268907,买盘
13:30:42,28.76,-0.05,480,1380927,卖盘
13:30:45,28.76,0.0,29,83405,卖盘
13:30:48,28.77,0.01,25,71911,买盘
13:30:52,28.77,0.0,10,28765,买盘
13:30:54,28.77,0.0,295,848425,买盘
13:30:57,28.76,-0.01,100,287600,中性盘
