time,price,change,volume,amount,type
09:25:04,29.72,0.02,3548,10546736,卖盘
09:30:00,29.76,0.04,173,514631,买盘
09:30:04,29.74,-0.02,2059,6120982,买盘
09:30:07,29.74,0.0,764,2271680,买盘
09:30:09,29.75,0.01,778,2312816,买盘
09:30:13,29.73,-0.02,170,505582,卖盘
09:30:16,29.73,0.0,443,1317110,卖盘
09:30:19,29.72,-0.01,208,618233,卖盘
09:30:21,29.7,-0.02,383,1138156,卖盘
09:30:24,29.72,0.02,66,196125,买盘
09:30:28,29.7,-0.02,218,647547,卖盘
09:30:31,29.69,-0.01,701,2083405,卖盘
09:30:34,29.7,0.01,254,754246,买盘
09:30:37,29.71,0.01,312,926846,买盘
09:30:39,29.7,-0.01,240,713006,卖盘
09:30:43,29.71,0.01,457,1357771,买盘
09:30:46,29.71,0.0,130,386186,卖盘
09:30:49,29.71,0.0,20,59443,卖盘
09:30:52,29.68,-0.03,504,1497717,卖盘
09:30:54,29.71,0.03,54,160458,买盘
09:30:58,29.68,-0.03,18,53436,卖盘
09:31:01,29.69,0.01,1443,4278197,买盘
09:31:04,29.71,0.02,214,635523,买盘
09:31:07,29.67,-0.04,24,71231,中性盘
09:31:10,29.67,0.0,287,853055,卖盘
09:31:12,29.68,0.01,157,465866,买盘
09:31:16,29.65,-0.03,88,260985,卖盘
09:31:18,29.62,-0.03,101,299140,买盘
09:31:22,29.6,-0.02,32,94752,卖盘
09:31:24,29.6,0.0,239,707884,卖盘
09:31:27,29.58,-0.02,51,150912,卖盘
09:31:30,29.58,0.0,177,523642,卖盘
09:31:33,29.57,-0.01,45,133109,卖盘
09:31:36,29.58,0.01,265,783521,买盘
09:31:40,29.6,0.02,180,532515,买盘
09:31:42,29.62,0.02,156,461830,买盘
09:31:45,29.62,0.0,137,405390,买盘
09:31:49,29.6,-0.02,55,162880,中性盘
09:31:52,29.66,0.06,68,201454,买盘
09:31:55,29.67,0.01,25,74126,买盘
09:31:58,29.62,-0.05,90,266832,卖盘
09:32:00,29.62,0.0,81,240156,卖盘
09:32:04,29.67,0.05,386,1144333,买盘
09:32:07,29.63,-0.04,24,71159,中性盘
09:32:10,29.65,0.02,22,65204,买盘
09:32:13,29.63,-0.02,46,136376,卖盘
09:32:16,29.63,0.0,261,772890,买盘
09:32:19,29.65,0.02,83,246047,买盘
09:32:21,29.63,-0.02,106,314098,卖盘
09:32:24,29.64,0.01,227,672721,买盘
09:32:28,29.64,0.0,332,982450,买盘
09:32:30,29.6,-0.04,203,601093,卖盘
09:32:34,29.63,0.03,394,1167922,卖盘
09:32:37,29.63,0.0,64,189623,买盘
09:32:40,29.6,-0.03,65,192499,卖盘
09:32:42,29.63,0.03,156,461652,买盘
09:32:45,29.63,0.0,579,1715432,买盘
09:32:49,29.63,0.0,62,183676,买盘
09:32:51,29.62,-0.01,22,65154,中性盘
09:32:55,29.62,0.0,49,145071,买盘
09:32:57,29.6,-0.02,59,174698,卖盘
09:33:01,29.62,0.02,143,423345,买盘
09:33:05,29.62,0.0,226,669166,买盘
09:33:06,29.64,0.02,234,693267,买盘
09:33:09,29.64,0.0,180,533261,买盘
09:33:12,29.63,-0.01,48,142164,中性盘
09:33:15,29.63,0.0,862,2551985,买盘
09:33:18,29.63,0.0,180,533221,买盘
09:33:21,29.62,-0.01,209,619265,卖盘
09:33:24,29.62,0.0,547,1620276,卖盘
09:33:27,29.63,0.01,294,871019,买盘
09:33:30,29.61,-0.02,254,752528,卖盘
09:33:34,29.62,0.01,279,826663,买盘
09:33:36,29.61,-0.01,59,174746,中性盘
09:33:39,29.63,0.02,32,94804,买盘
09:33:43,29.63,0.0,96,284389,买盘
09:33:46,29.62,-0.01,671,1988067,卖盘
09:33:48,29.62,0.0,420,1244364,卖盘
09:33:52,29.62,0.0,1266,3748032,买盘
09:33:54,29.61,-0.01,23,68131,卖盘
09:33:58,29.64,0.03,171,506802,买盘
09:34:00,29.64,0.0,34,100751,买盘
09:34:04,29.63,-0.01,139,411896,卖盘
09:34:06,29.64,0.01,182,539439,买盘
09:34:10,29.63,-0.01,109,322988,卖盘
09:34:12,29.63,0.0,73,216299,买盘
09:34:16,29.63,0.0,144,426672,买盘
09:34:18,29.66,0.03,999,2961372,买盘
09:34:22,29.68,0.02,221,655554,买盘
09:34:24,29.68,0.0,41,121710,卖盘
09:34:28,29.69,0.01,32,94994,买盘
09:34:30,29.7,0.01,21,62370,买盘
09:34:33,29.69,-0.01,177,525627,卖盘
09:34:36,29.69,0.0,217,644364,卖盘
09:34:39,29.7,0.01,45,133644,买盘
09:34:43,29.7,0.0,43,127711,卖盘
09:34:46,29.7,0.0,42,124769,卖盘
09:34:49,29.7,0.0,30,89120,卖盘
09:34:51,29.72,0.02,418,1241584,买盘
09:34:55,29.72,0.0,62,184264,卖盘
09:34:58,29.7,-0.02,221,656464,卖盘
09:35:01,29.7,0.0,89,264321,买盘
09:35:05,29.69,-0.01,163,484053,卖盘
09:35:07,29.68,-0.01,122,362140,卖盘
09:35:09,29.7,0.02,301,893891,买盘
09:35:12,29.7,0.0,120,356393,买盘
09:35:15,29.69,-0.01,324,962267,卖盘
09:35:18,29.7,0.01,466,1384015,买盘
09:35:21,29.71,0.01,86,255422,买盘
09:35:24,29.7,-0.01,23,68310,卖盘
09:35:27,29.71,0.01,97,288147,买盘
09:35:30,29.7,-0.01,63,187110,卖盘
09:35:33,29.7,0.0,595,1767269,卖盘
09:35:37,29.7,0.0,82,243590,买盘
09:35:39,29.71,0.01,53,157484,中性盘
09:35:42,29.71,0.0,29,86164,卖盘
09:35:45,29.72,0.01,171,508121,买盘
09:35:48,29.72,0.0,32,95101,买盘
09:35:52,29.72,0.0,17,50515,买盘
09:35:55,29.72,0.0,93,276448,卖盘
09:35:58,29.7,-0.02,481,1429195,卖盘
09:36:01,29.73,0.03,44,130790,买盘
09:36:04,29.7,-0.03,1748,5197685,卖盘
09:36:07,29.72,0.02,133,395160,买盘
09:36:10,29.72,0.0,148,439993,卖盘
09:36:12,29.73,0.01,567,1684205,买盘
09:36:15,29.73,0.0,12,35676,买盘
09:36:19,29.75,0.02,29,86239,买盘
09:36:22,29.75,0.0,44,130900,买盘
09:36:25,29.76,0.01,45,134366,买盘
09:36:27,29.78,0.02,241,717560,买盘
09:36:31,29.78,0.0,217,646334,买盘
09:36:34,29.79,0.01,932,2777174,买盘
09:36:37,29.82,0.03,76,226571,买盘
09:36:39,29.82,0.0,92,274370,买盘
09:36:43,29.85,0.03,675,2012733,买盘
09:36:45,29.84,-0.01,368,1098886,卖盘
09:36:49,29.87,0.03,68,202969,买盘
09:36:51,29.86,-0.01,136,406068,买盘
09:36:55,29.89,0.03,1354,4045580,买盘
09:36:57,29.87,-0.02,108,322704,卖盘
09:37:01,29.93,0.06,671,2006698,买盘
09:37:04,29.9,-0.03,573,1713700,卖盘
09:37:06,29.93,0.03,86,257236,中性盘
09:37:10,29.9,-0.03,850,2545993,卖盘
09:37:13,29.95,0.05,313,937179,买盘
09:37:15,29.95,0.0,912,2731376,卖盘
09:37:18,29.96,0.01,876,2621500,买盘
09:37:21,29.95,-0.01,733,2195690,卖盘
09:37:25,29.94,-0.01,154,461190,买盘
09:37:28,29.95,0.01,107,320400,买盘
09:37:31,29.94,-0.01,913,2730577,卖盘
09:37:34,29.94,0.0,222,664682,买盘
09:37:36,29.9,-0.04,112,335227,卖盘
09:37:39,29.9,0.0,710,2121618,卖盘
09:37:42,29.91,0.01,305,912079,买盘
09:37:46,29.9,-0.01,244,729893,卖盘
09:37:48,29.92,0.02,71,212418,买盘
09:37:52,29.9,-0.02,281,840197,卖盘
09:37:54,29.9,0.0,233,698036,买盘
09:37:58,29.9,0.0,815,2436884,买盘
09:38:01,29.9,0.0,115,343843,买盘
09:38:05,29.91,0.01,257,768395,买盘
09:38:07,29.9,-0.01,188,562008,中性盘
09:38:09,29.91,0.01,198,592185,买盘
09:38:12,29.89,-0.02,98,292952,卖盘
09:38:15,29.89,0.0,125,373667,买盘
09:38:18,29.86,-0.03,499,1490595,卖盘
09:38:22,29.89,0.03,719,2148111,买盘
09:38:24,29.87,-0.02,75,224071,卖盘
09:38:27,29.88,0.01,80,238296,中性盘
09:38:30,29.86,-0.02,374,1117461,卖盘
09:38:33,29.89,0.03,706,2109769,买盘
09:38:37,29.89,0.0,389,1163004,卖盘
09:38:40,29.92,0.03,555,1658941,买盘
09:38:43,29.92,0.0,400,1197192,卖盘
09:38:46,29.92,0.0,280,838025,卖盘
09:38:48,29.91,-0.01,97,291692,卖盘
09:38:52,29.93,0.02,295,882885,买盘
09:38:54,29.9,-0.03,69,206410,卖盘
09:38:57,29.93,0.03,122,365075,买盘
09:39:00,29.89,-0.04,633,1892730,卖盘
09:39:05,29.9,0.01,81,242116,买盘
09:39:07,29.9,0.0,54,161370,买盘
09:39:10,29.89,-0.01,125,373744,卖盘
09:39:12,29.9,0.01,76,227197,买盘
09:39:16,29.89,-0.01,86,257015,卖盘
09:39:19,29.9,0.01,215,642553,买盘
09:39:21,29.88,-0.02,137,409452,卖盘
09:39:24,29.88,0.0,48,143429,买盘
09:39:28,29.85,-0.03,289,863064,卖盘
09:39:30,29.88,0.03,255,761344,中性盘
09:39:34,29.89,0.01,344,1028175,买盘
09:39:36,29.89,0.0,86,257059,卖盘
09:39:40,29.89,0.0,36,107621,卖盘
09:39:42,29.88,-0.01,752,2247665,卖盘
09:39:45,29.89,0.01,250,746493,买盘
09:39:49,29.88,-0.01,50,149425,卖盘
09:39:51,29.88,0.0,847,2532278,卖盘
09:39:55,29.88,0.0,71,212208,卖盘
09:39:57,29.88,0.0,25,74717,卖盘
09:40:01,29.88,0.0,267,797797,卖盘
09:40:04,29.87,-0.01,33,98591,卖盘
09:40:06,29.88,0.01,82,245006,买盘
09:40:09,29.88,0.0,648,1936198,买盘
09:40:13,29.88,0.0,218,651338,买盘
09:40:16,29.87,-0.01,280,836708,卖盘
09:40:18,29.9,0.03,593,1772322,买盘
09:40:21,29.88,-0.02,104,310777,卖盘
09:40:24,29.88,0.0,113,337652,买盘
09:40:28,29.87,-0.01,250,746930,卖盘
09:40:31,29.87,0.0,45,134410,买盘
09:40:34,29.88,0.01,111,331586,买盘
09:40:37,29.87,-0.01,54,161276,买盘
09:40:40,29.87,0.0,10,29873,买盘
09:40:43,29.87,0.0,167,498849,卖盘
09:40:45,29.87,0.0,223,666289,卖盘
09:40:49,29.87,0.0,503,1502413,买盘
09:40:51,29.85,-0.02,294,877612,卖盘
09:40:55,29.88,0.03,253,755432,买盘
09:40:58,29.86,-0.02,20,59718,中性盘
09:41:01,29.87,0.01,67,200051,买盘
09:41:05,29.86,-0.01,102,304650,中性盘
09:41:07,29.88,0.02,817,2439824,买盘
09:41:10,29.89,0.01,145,433220,买盘
09:41:13,29.87,-0.02,35,104610,卖盘
09:41:16,29.88,0.01,99,295749,中性盘
09:41:18,29.88,0.0,32,95616,买盘
09:41:21,29.87,-0.01,190,567645,卖盘
09:41:25,29.88,0.01,183,546898,买盘
09:41:27,29.88,0.0,895,2673312,卖盘
09:41:31,29.9,0.02,185,553145,买盘
09:41:33,29.9,0.0,422,1262267,卖盘
09:41:37,29.9,0.0,267,798689,卖盘
09:41:39,29.93,0.03,788,2356208,买盘
09:41:42,29.91,-0.02,51,152588,卖盘
09:41:46,29.91,0.0,236,706256,卖盘
09:41:48,29.91,0.0,403,1205966,卖盘
09:41:52,29.93,0.02,146,436791,买盘
09:41:54,29.91,-0.02,133,397803,卖盘
09:41:58,29.93,0.02,391,1170099,买盘
09:42:00,29.93,0.0,22,65836,卖盘
09:42:05,29.92,-0.01,137,410018,中性盘
09:42:07,29.93,0.01,42,125679,买盘
09:42:09,29.93,0.0,1731,5180580,买盘
09:42:12,29.93,0.0,51,152612,买盘
09:42:15,29.92,-0.01,119,356080,卖盘
09:42:19,29.95,0.03,776,2322673,买盘
09:42:21,29.93,-0.02,128,383018,卖盘
09:42:25,29.93,0.0,186,556706,卖盘
09:42:27,29.91,-0.02,4,11966,卖盘
09:42:31,29.93,0.02,101,302283,买盘
09:42:34,29.92,-0.01,924,2765722,买盘
09:42:36,29.92,0.0,83,248360,买盘
09:42:39,29.92,0.0,171,511732,卖盘
09:42:43,29.93,0.01,217,649340,买盘
09:42:45,29.92,-0.01,92,275195,中性盘
09:42:49,29.93,0.01,182,544652,买盘
09:42:52,29.9,-0.03,340,1016880,卖盘
09:42:55,29.9,0.0,38,113620,买盘
09:42:57,29.9,0.0,398,1189705,买盘
09:43:01,29.9,0.0,135,403560,买盘
09:43:04,29.89,-0.01,20,59775,买盘
09:43:07,29.88,-0.01,725,2167698,卖盘
09:43:10,29.89,0.01,28,83746,中性盘
09:43:12,29.9,0.01,191,570961,买盘
09:43:16,29.89,-0.01,38,113564,卖盘
09:43:19,29.88,-0.01,60,179301,卖盘
09:43:21,29.89,0.01,100,298900,买盘
09:43:25,29.89,0.0,209,624545,卖盘
09:43:27,29.9,0.01,52,155461,买盘
09:43:31,29.9,0.0,140,418519,买盘
09:43:33,29.87,-0.03,125,373501,卖盘
09:43:37,29.89,0.02,272,813424,买盘
09:43:39,29.9,0.01,37,110597,买盘
09:43:43,29.89,-0.01,43,128527,买盘
09:43:45,29.89,0.0,203,606906,卖盘
09:43:49,29.9,0.01,21,62780,买盘
09:43:51,29.89,-0.01,38,113602,卖盘
09:43:54,29.89,0.0,51,152459,卖盘
09:43:58,29.9,0.01,50,149497,买盘
09:44:01,29.89,-0.01,52,155433,卖盘
09:44:05,29.89,0.0,426,1273669,卖盘
09:44:07,29.9,0.01,128,382643,买盘
09:44:10,29.9,0.0,43,128570,卖盘
09:44:12,29.9,0.0,112,334964,卖盘
09:44:15,29.91,0.01,303,905971,买盘
09:44:18,29.9,-0.01,603,1803778,卖盘
09:44:21,29.91,0.01,152,454594,买盘
09:44:24,29.92,0.01,160,478562,买盘
09:44:27,29.92,0.0,103,308230,买盘
09:44:30,29.92,0.0,65,194476,买盘
09:44:33,29.92,0.0,82,245356,卖盘
09:44:36,29.92,0.0,195,583520,买盘
09:44:39,29.92,0.0,46,136345,卖盘
09:44:42,29.93,0.01,110,330428,买盘
09:44:45,29.93,0.0,131,391986,买盘
09:44:48,29.92,-0.01,1323,3960824,中性盘
09:44:51,29.93,0.01,97,290255,买盘
09:44:54,29.95,0.02,72,215605,买盘
09:44:58,29.92,-0.03,333,996434,卖盘
09:45:00,29.95,0.03,282,844286,买盘
09:45:04,29.95,0.0,161,481689,买盘
09:45:07,29.95,0.0,99,296980,卖盘
09:45:10,29.95,0.0,149,446218,买盘
09:45:13,29.94,-0.01,553,1656046,卖盘
09:45:16,29.95,0.01,195,584148,中性盘
09:45:18,29.96,0.01,374,1120217,买盘
09:45:21,29.97,0.01,475,1423457,买盘
09:45:24,29.97,0.0,470,1408958,卖盘
09:45:28,29.94,-0.03,762,2282437,卖盘
09:45:30,29.97,0.03,28,83925,中性盘
09:45:33,29.98,0.01,361,1082180,买盘
09:45:36,29.97,-0.01,355,1064257,卖盘
09:45:40,29.99,0.02,2227,6675356,买盘
09:45:43,30.0,0.01,151,452954,买盘
09:45:45,30.0,0.0,699,2096905,买盘
09:45:49,30.0,0.0,500,1499946,买盘
09:45:51,29.99,-0.01,732,2195849,卖盘
09:45:55,29.99,0.0,728,2183375,卖盘
09:45:58,30.0,0.01,258,773974,买盘
09:46:00,30.01,0.01,2453,7356545,买盘
09:46:05,30.03,0.02,295,885703,买盘
09:46:07,30.04,0.01,13,39052,买盘
09:46:09,30.04,0.0,36,108118,买盘
09:46:13,30.04,0.0,153,459539,买盘
09:46:15,30.03,-0.01,100,300362,卖盘
09:46:18,30.03,0.0,107,321399,买盘
09:46:21,30.03,0.0,174,522613,买盘
09:46:25,30.02,-0.01,822,2468738,卖盘
09:46:27,30.02,0.0,55,165090,买盘
09:46:30,30.02,0.0,263,789292,买盘
09:46:34,30.02,0.0,597,1791845,买盘
09:46:36,30.01,-0.01,134,402227,中性盘
09:46:39,30.03,0.02,954,2864287,买盘
09:46:42,30.03,0.0,457,1371770,卖盘
09:46:45,30.03,0.0,462,1387769,卖盘
09:46:48,30.04,0.01,208,624652,买盘
09:46:52,30.04,0.0,235,705861,买盘
09:46:54,30.03,-0.01,1058,3175466,卖盘
09:46:58,30.03,0.0,351,1054081,买盘
09:47:00,30.04,0.01,126,378380,买盘
09:47:05,30.02,-0.02,509,1528401,卖盘
09:47:07,30.03,0.01,424,1273089,买盘
09:47:10,30.02,-0.01,181,543464,卖盘
09:47:12,30.03,0.01,294,882916,买盘
09:47:15,30.04,0.01,846,2541192,买盘
09:47:18,30.05,0.01,753,2262606,买盘
09:47:21,30.06,0.01,292,877564,买盘
09:47:24,30.05,-0.01,93,279522,卖盘
09:47:27,30.05,0.0,150,450884,卖盘
09:47:31,30.05,0.0,67,201322,卖盘
09:47:34,30.05,0.0,80,240386,买盘
09:47:37,30.06,0.01,946,2843292,买盘
09:47:39,30.05,-0.01,55,165323,卖盘
09:47:42,30.05,0.0,343,1031251,卖盘
09:47:46,30.05,0.0,176,528911,买盘
09:47:48,30.07,0.02,232,697433,买盘
09:47:52,30.07,0.0,251,754494,买盘
09:47:54,30.06,-0.01,110,330702,卖盘
09:47:57,30.07,0.01,451,1355955,买盘
09:48:00,30.07,0.0,198,595426,卖盘
09:48:05,30.07,0.0,1029,3094792,卖盘
09:48:07,30.08,0.01,333,1001568,买盘
09:48:10,30.08,0.0,391,1176153,卖盘
09:48:12,30.09,0.01,137,412130,买盘
09:48:15,30.08,-0.01,331,995663,卖盘
09:48:19,30.09,0.01,156,469385,买盘
09:48:21,30.08,-0.01,104,312895,卖盘
09:48:24,30.09,0.01,548,1648834,买盘
09:48:28,30.08,-0.01,324,974654,卖盘
09:48:30,30.09,0.01,276,830488,买盘
09:48:33,30.09,0.0,185,556687,卖盘
09:48:36,30.09,0.0,120,361090,卖盘
09:48:39,30.1,0.01,64,192612,买盘
09:48:42,30.1,0.0,145,436345,买盘
09:48:45,30.1,0.0,191,574782,买盘
09:48:48,30.1,0.0,138,415373,买盘
09:48:52,30.1,0.0,485,1459658,买盘
09:48:55,30.1,0.0,270,812592,买盘
09:48:57,30.09,-0.01,482,1450381,卖盘
09:49:00,30.1,0.01,158,475471,买盘
09:49:04,30.08,-0.02,42,126354,卖盘
09:49:06,30.08,0.0,30,90269,卖盘
09:49:10,30.08,0.0,232,697949,卖盘
09:49:12,30.09,0.01,294,884428,买盘
09:49:16,30.08,-0.01,259,779011,买盘
09:49:18,30.08,0.0,72,216552,买盘
09:49:21,30.06,-0.02,342,1028310,卖盘
09:49:24,30.07,0.01,264,793819,买盘
09:49:27,30.06,-0.01,55,165373,卖盘
09:49:30,30.06,0.0,210,631569,卖盘
09:49:33,30.06,0.0,86,258516,卖盘
09:49:37,30.06,0.0,118,354706,买盘
09:49:39,30.05,-0.01,201,604014,卖盘
09:49:42,30.05,0.0,138,414752,卖盘
09:49:45,30.05,0.0,353,1061025,卖盘
09:49:49,30.04,-0.01,302,907526,卖盘
09:49:51,30.05,0.01,11,33055,买盘
09:49:55,30.04,-0.01,144,432684,卖盘
09:49:57,30.05,0.01,426,1280088,买盘
09:50:00,30.04,-0.01,35,105156,买盘
09:50:04,30.02,-0.02,220,660727,卖盘
09:50:07,30.03,0.01,138,414291,中性盘
09:50:09,30.02,-0.01,33,99074,卖盘
09:50:12,30.03,0.01,132,396280,买盘
09:50:15,30.03,0.0,665,1996957,买盘
09:50:18,30.03,0.0,495,1486191,买盘
09:50:21,30.03,0.0,238,714923,卖盘
09:50:24,30.04,0.01,477,1433252,中性盘
09:50:27,30.03,-0.01,339,1018236,卖盘
09:50:31,30.04,0.01,220,661223,中性盘
09:50:34,30.03,-0.01,282,847125,卖盘
09:50:36,30.0,-0.03,2669,8008807,卖盘
09:50:40,30.0,0.0,292,876000,买盘
09:50:42,30.0,0.0,633,1899030,买盘
09:50:45,30.02,0.02,181,542602,买盘
09:50:49,30.02,0.0,583,1751712,卖盘
09:50:51,30.02,0.0,126,378507,卖盘
09:50:55,30.0,-0.02,123,369843,卖盘
09:50:58,30.02,0.02,28,84067,买盘
09:51:01,30.0,-0.02,98,294038,卖盘
09:51:05,30.0,0.0,269,806987,买盘
09:51:07,30.0,0.0,30,89986,买盘
09:51:10,29.99,-0.01,41,122989,卖盘
09:51:13,29.98,-0.01,182,545858,卖盘
09:51:15,30.0,0.02,49,146963,买盘
09:51:18,29.98,-0.02,74,221888,卖盘
09:51:21,29.98,0.0,218,653742,卖盘
09:51:24,29.98,0.0,246,737513,卖盘
09:51:27,29.98,0.0,115,344771,买盘
09:51:30,29.98,0.0,38,113924,卖盘
09:51:34,29.96,-0.02,616,1846446,卖盘
09:51:36,29.93,-0.03,511,1530194,卖盘
09:51:39,29.95,0.02,2,5990,中性盘
09:51:42,29.96,0.01,166,497301,买盘
09:51:45,29.94,-0.02,256,766878,卖盘
09:51:49,29.96,0.02,66,197718,买盘
09:51:52,29.96,0.0,151,452314,买盘
09:51:54,29.98,0.02,152,455520,买盘
09:51:58,29.98,0.0,17,50966,卖盘
09:52:00,29.99,0.01,21,62979,买盘
09:52:04,29.97,-0.02,95,284929,中性盘
09:52:07,29.99,0.02,84,251777,买盘
09:52:10,30.0,0.01,8,23997,买盘
09:52:13,30.0,0.0,120,359915,买盘
09:52:15,30.0,0.0,149,446968,买盘
09:52:19,29.99,-0.01,43,128973,卖盘
09:52:22,29.99,0.0,214,641899,买盘
09:52:24,29.99,0.0,205,614969,卖盘
09:52:28,29.99,0.0,178,533783,买盘
09:52:31,29.99,0.0,10,29985,买盘
09:52:33,29.99,0.0,301,902817,买盘
09:52:37,29.99,0.0,500,1499980,卖盘
09:52:39,30.0,0.01,22,65998,买盘
09:52:43,30.0,0.0,237,711000,买盘
09:52:46,29.99,-0.01,70,209974,卖盘
09:52:48,30.0,0.01,76,227970,买盘
09:52:52,29.99,-0.01,237,710807,卖盘
09:52:54,29.99,0.0,83,248917,买盘
09:52:57,29.99,0.0,20,59972,买盘
09:53:00,29.99,0.0,40,119942,买盘
09:53:04,29.99,0.0,171,512798,买盘
09:53:07,29.99,0.0,234,701612,买盘
09:53:10,29.98,-0.01,51,152933,卖盘
09:53:13,29.99,0.01,16,47983,买盘
09:53:15,29.98,-0.01,517,1550172,卖盘
09:53:18,29.99,0.01,81,242889,买盘
09:53:22,29.99,0.0,68,203898,买盘
09:53:25,29.99,0.0,275,824552,买盘
09:53:27,29.98,-0.01,484,1451090,卖盘
09:53:30,29.98,0.0,23,68954,买盘
09:53:33,29.97,-0.01,47,140914,卖盘
09:53:36,29.98,0.01,85,254886,中性盘
09:53:39,29.97,-0.01,127,380630,卖盘
09:53:42,29.97,0.0,106,317681,买盘
09:53:46,29.97,0.0,21,62926,买盘
09:53:48,29.97,0.0,18,53937,买盘
09:53:52,29.96,-0.01,2365,7080206,卖盘
09:53:54,29.93,-0.03,223,668004,卖盘
09:53:58,29.92,-0.01,17,50865,卖盘
09:54:00,29.92,0.0,155,463648,卖盘
09:54:04,29.92,0.0,118,353056,卖盘
09:54:07,29.92,0.0,31,92752,买盘
09:54:10,29.9,-0.02,51,152560,卖盘
09:54:12,29.92,0.02,97,290094,买盘
09:54:16,29.92,0.0,407,1217057,买盘
09:54:18,29.9,-0.02,129,385717,卖盘
09:54:22,29.9,0.0,114,340860,买盘
09:54:25,29.9,0.0,275,822189,买盘
09:54:28,29.9,0.0,105,313936,买盘
09:54:30,29.9,0.0,32,95679,买盘
09:54:34,29.9,0.0,172,514220,卖盘
09:54:37,29.89,-0.01,222,663644,卖盘
09:54:39,29.91,0.02,66,197399,买盘
09:54:43,29.9,-0.01,46,137570,卖盘
09:54:46,29.9,0.0,47,140537,卖盘
09:54:49,29.91,0.01,59,176460,买盘
09:54:51,29.91,0.0,40,119618,买盘
09:54:54,29.91,0.0,86,257220,买盘
09:54:57,29.92,0.01,80,239300,买盘
09:55:01,29.92,0.0,41,122645,买盘
09:55:04,29.92,0.0,69,206403,买盘
09:55:07,29.92,0.0,34,101728,买盘
09:55:09,29.89,-0.03,1707,5104281,卖盘
09:55:12,29.92,0.03,55,164481,买盘
09:55:16,29.93,0.01,52,155634,买盘
09:55:18,29.92,-0.01,49,146608,卖盘
09:55:22,29.93,0.01,132,394969,买盘
09:55:25,29.93,0.0,12,35913,买盘
09:55:28,29.93,0.0,38,113712,买盘
09:55:30,29.93,0.0,138,412984,卖盘
09:55:33,29.93,0.0,786,2352326,买盘
09:55:36,29.92,-0.01,50,149635,卖盘
09:55:40,29.93,0.01,115,343719,买盘
09:55:43,29.93,0.0,41,122713,卖盘
09:55:46,29.93,0.0,57,170607,卖盘
09:55:48,29.93,0.0,51,152676,卖盘
09:55:51,29.94,0.01,132,395171,买盘
09:55:54,29.94,0.0,11,32941,卖盘
09:55:58,29.95,0.01,659,1973633,买盘
09:56:01,29.95,0.0,18,53898,买盘
09:56:04,29.94,-0.01,126,377261,卖盘
09:56:07,29.93,-0.01,50,149690,卖盘
09:56:09,29.94,0.01,324,970014,买盘
09:56:12,29.94,0.0,107,320358,卖盘
09:56:15,29.94,0.0,118,353335,卖盘
09:56:18,29.94,0.0,54,161681,卖盘
09:56:22,29.95,0.01,420,1257603,买盘
09:56:24,29.94,-0.01,40,119747,卖盘
09:56:28,29.95,0.01,304,910479,买盘
09:56:31,29.94,-0.01,28,83839,卖盘
09:56:33,29.94,0.0,131,392333,卖盘
09:56:36,29.95,0.01,2,5991,卖盘
09:56:39,29.95,0.0,207,620169,卖盘
09:56:42,29.95,0.0,10,29954,卖盘
09:56:45,29.95,0.0,256,766751,卖盘
09:56:48,29.95,0.0,7,20965,买盘
09:56:51,29.95,0.0,24,71879,买盘
09:56:54,29.95,0.0,192,574972,买盘
09:56:58,29.95,0.0,284,850411,买盘
09:57:00,29.94,-0.01,210,628739,卖盘
09:57:04,29.95,0.01,69,206588,买盘
09:57:07,29.94,-0.01,139,416045,买盘
09:57:09,29.93,-0.01,156,466869,卖盘
09:57:12,29.94,0.01,39,116740,买盘
09:57:15,29.92,-0.02,53,158578,卖盘
09:57:18,29.93,0.01,38,113730,买盘
09:57:21,29.91,-0.02,114,341035,卖盘
09:57:24,29.91,0.0,31,92755,卖盘
09:57:27,29.91,0.0,31,92741,卖盘
09:57:30,29.92,0.01,221,661315,中性盘
09:57:33,29.92,0.0,531,1588269,卖盘
09:57:37,29.93,0.01,39,116704,买盘
09:57:39,29.92,-0.01,88,263293,卖盘
09:57:43,29.92,0.0,196,586436,卖盘
09:57:45,29.93,0.01,283,846956,买盘
09:57:48,29.89,-0.04,846,2529696,卖盘
09:57:51,29.92,0.03,26,77793,买盘
09:57:54,29.93,0.01,68,203507,买盘
09:57:57,29.93,0.0,18,53874,买盘
09:58:01,29.91,-0.02,222,664290,卖盘
09:58:04,29.93,0.02,151,451680,买盘
09:58:07,29.93,0.0,55,164944,卖盘
09:58:10,29.93,0.0,50,149715,卖盘
09:58:13,29.93,0.0,87,260392,卖盘
09:58:15,29.93,0.0,33,98771,卖盘
09:58:18,29.93,0.0,73,218529,卖盘
09:58:21,29.95,0.02,846,2533555,买盘
09:58:24,29.95,0.0,15,44925,卖盘
09:58:27,29.95,0.0,15,44925,卖盘
09:58:30,29.95,0.0,50,149755,卖盘
09:58:33,29.95,0.0,41,122809,卖盘
09:58:36,29.96,0.01,29,86876,买盘
09:58:39,29.95,-0.01,553,1656740,卖盘
09:58:43,29.95,0.0,26,77875,卖盘
09:58:45,29.96,0.01,110,329540,买盘
09:58:48,29.96,0.0,24,71905,卖盘
09:58:51,29.96,0.0,82,245661,卖盘
09:58:54,29.97,0.01,33,98868,买盘
09:58:57,29.96,-0.01,26,77896,卖盘
09:59:00,29.95,-0.01,262,784724,卖盘
09:59:04,29.95,0.0,28,83847,买盘
09:59:07,29.95,0.0,7,20965,买盘
09:59:12,29.94,-0.01,409,1224617,卖盘
09:59:15,29.93,-0.01,668,1998945,卖盘
09:59:18,29.91,-0.02,77,230391,卖盘
09:59:21,29.92,0.01,12,35914,卖盘
09:59:25,29.92,0.0,101,302284,买盘
09:59:27,29.92,0.0,189,565328,买盘
09:59:31,29.9,-0.02,388,1160110,卖盘
09:59:33,29.9,0.0,789,2359080,买盘
09:59:37,29.89,-0.01,52,155453,卖盘
09:59:39,29.9,0.01,82,245178,买盘
09:59:42,29.91,0.01,196,585944,买盘
09:59:45,29.88,-0.03,72,215685,卖盘
09:59:48,29.9,0.02,17,50341,买盘
09:59:51,29.89,-0.01,12,35868,卖盘
09:59:54,29.89,0.0,5,14946,卖盘
09:59:57,29.89,0.0,46,137980,卖盘
10:00:00,29.9,0.01,88,263082,买盘
10:00:04,29.89,-0.01,34,101627,卖盘
10:00:07,29.89,0.0,371,1109381,卖盘
10:00:09,29.9,0.01,29,86703,买盘
10:00:12,29.9,0.0,24,71768,卖盘
10:00:15,29.9,0.0,68,203337,卖盘
10:00:18,29.91,0.01,323,966006,买盘
10:00:21,29.91,0.0,58,173478,卖盘
10:00:24,29.91,0.0,107,320137,卖盘
10:00:27,29.92,0.01,85,254309,买盘
10:00:30,29.91,-0.01,140,418992,卖盘
10:00:33,29.91,0.0,203,607376,卖盘
10:00:36,29.92,0.01,67,200425,买盘
10:00:39,29.93,0.01,73,218355,买盘
10:00:42,29.93,0.0,10,29930,卖盘
10:00:45,29.94,0.01,167,499988,买盘
10:00:49,29.93,-0.01,128,383207,卖盘
10:00:52,29.91,-0.02,553,1654541,卖盘
10:00:54,29.91,0.0,591,1767824,买盘
10:00:57,29.91,0.0,98,293142,买盘
10:01:01,29.93,0.02,74,221421,买盘
10:01:04,29.94,0.01,175,523825,买盘
10:01:07,29.93,-0.01,156,466971,卖盘
10:01:09,29.95,0.02,106,317467,买盘
10:01:12,29.95,0.0,8,21953,买盘
10:01:15,29.95,0.0,273,817680,卖盘
10:01:19,29.97,0.02,239,716097,买盘
10:01:22,29.95,-0.02,34,101866,卖盘
10:01:24,29.96,0.01,10,29960,买盘
10:01:27,29.96,0.0,232,694882,买盘
10:01:31,29.96,0.0,73,218724,买盘
10:01:33,29.96,0.0,658,1972005,卖盘
10:01:36,29.97,0.01,84,251673,买盘
10:01:40,29.97,0.0,56,167816,买盘
10:01:42,29.96,-0.01,105,314654,卖盘
10:01:46,29.97,0.01,302,905065,买盘
10:01:48,29.97,0.0,258,773398,卖盘
10:01:51,29.97,0.0,94,281758,卖盘
10:01:54,29.98,0.01,6,17986,买盘
10:01:57,29.98,0.0,22,65956,买盘
10:02:00,29.98,0.0,35,104919,买盘
10:02:04,29.98,0.0,65,194870,买盘
10:02:06,29.98,0.0,77,230880,卖盘
10:02:09,29.99,0.01,28,83956,买盘
10:02:12,29.98,-0.01,48,143929,卖盘
10:02:15,29.99,0.01,9,26989,买盘
10:02:19,29.98,-0.01,31,92959,卖盘
10:02:22,29.99,0.01,129,386760,买盘
10:02:24,29.98,-0.01,360,1079331,卖盘
10:02:27,30.0,0.02,1023,3068648,买盘
10:02:31,29.99,-0.01,33,98967,卖盘
10:02:34,30.0,0.01,34,101978,买盘
10:02:37,29.99,-0.01,259,776964,卖盘
10:02:39,29.99,0.0,2,5999,卖盘
10:02:42,30.0,0.01,214,641970,买盘
10:02:45,30.0,0.0,284,852000,买盘
10:02:49,30.01,0.01,99,297069,买盘
10:02:51,30.0,-0.01,49,147000,卖盘
10:02:54,30.0,0.0,19,57007,卖盘
10:02:58,30.01,0.01,120,360052,买盘
10:03:01,30.01,0.0,33,99017,买盘
10:03:05,30.0,-0.01,70,210026,卖盘
10:03:07,30.0,0.0,59,177020,卖盘
10:03:10,30.0,0.0,28,84008,卖盘
10:03:12,30.0,0.0,45,134998,买盘
10:03:15,30.0,0.0,44,131993,买盘
10:03:19,30.0,0.0,649,1946318,买盘
10:03:22,29.99,-0.01,180,539993,中性盘
10:03:24,30.0,0.01,409,1227403,买盘
10:03:28,29.99,-0.01,46,137982,卖盘
10:03:30,30.0,0.01,22,65981,买盘
10:03:33,29.98,-0.02,1,2999,买盘
10:03:36,29.99,0.01,65,194935,买盘
10:03:39,29.99,0.0,12,35988,买盘
10:03:42,29.99,0.0,42,125956,买盘
10:03:45,29.99,0.0,75,224909,买盘
10:03:48,29.99,0.0,932,2795864,买盘
10:03:52,29.98,-0.01,61,182931,卖盘
10:03:54,29.99,0.01,88,263912,买盘
10:03:58,30.0,0.01,46,139149,买盘
10:04:01,30.0,0.0,400,1200297,卖盘
10:04:04,30.0,0.0,44,132003,卖盘
10:04:07,29.99,-0.01,862,2588026,卖盘
10:04:09,29.98,-0.01,33,98948,卖盘
10:04:13,30.0,0.02,172,515841,买盘
10:04:15,29.99,-0.01,91,272915,卖盘
10:04:19,29.99,0.0,391,1172662,卖盘
10:04:22,29.99,0.0,95,284866,买盘
10:04:24,29.98,-0.01,39,116946,卖盘
10:04:28,29.98,0.0,128,383848,卖盘
10:04:31,29.99,0.01,11,32989,买盘
10:04:34,29.98,-0.01,71,212908,卖盘
10:04:36,29.98,0.0,43,128945,卖盘
10:04:39,29.99,0.01,182,545810,买盘
10:04:43,29.99,0.0,70,209886,买盘
10:04:45,29.98,-0.01,54,161897,卖盘
10:04:49,29.98,0.0,91,272906,卖盘
10:04:51,29.98,0.0,30,89966,卖盘
10:04:55,29.99,0.01,68,203914,买盘
10:04:57,29.99,0.0,199,596791,买盘
10:05:01,29.98,-0.01,218,653705,卖盘
10:05:04,30.0,0.02,677,2030435,买盘
10:05:06,30.01,0.01,603,1810469,买盘
10:05:09,30.01,0.0,12,36012,买盘
10:05:13,30.01,0.0,42,126034,卖盘
10:05:16,30.02,0.01,24,72027,买盘
10:05:19,30.01,-0.01,12,36012,卖盘
10:05:21,30.01,0.0,19,57019,卖盘
10:05:24,30.0,-0.01,28,84018,卖盘
10:05:28,30.02,0.02,211,633278,买盘
10:05:31,30.02,0.0,72,216019,买盘
10:05:33,30.01,-0.01,16,48016,卖盘
10:05:36,30.01,0.0,69,207019,买盘
10:05:39,30.0,-0.01,199,597030,卖盘
10:05:43,30.01,0.01,10,30005,买盘
10:05:45,30.0,-0.01,480,1440011,卖盘
10:05:49,30.0,0.0,195,585151,卖盘
10:05:51,30.0,0.0,45,135574,卖盘
10:05:55,30.0,0.0,22,66000,买盘
10:05:57,29.99,-0.01,40,119994,卖盘
10:06:00,30.0,0.01,41,122992,买盘
10:06:04,30.0,0.0,47,140966,买盘
10:06:07,29.99,-0.01,44,131978,卖盘
10:06:10,29.99,0.0,6,17994,卖盘
10:06:12,29.99,0.0,67,200938,卖盘
10:06:15,29.99,0.0,299,896903,卖盘
10:06:19,30.0,0.01,31,92977,买盘
10:06:22,30.0,0.0,51,152961,买盘
10:06:24,29.99,-0.01,207,620797,卖盘
10:06:28,30.0,0.01,97,290920,买盘
10:06:30,29.99,-0.01,65,194947,卖盘
10:06:33,30.0,0.01,91,272968,买盘
10:06:37,29.99,-0.01,143,428857,卖盘
10:06:39,29.99,0.0,158,473979,卖盘
10:06:43,30.0,0.01,609,1825805,买盘
10:06:45,30.0,0.0,62,186000,卖盘
10:06:49,30.01,0.01,106,318001,买盘
10:06:51,30.0,-0.01,19,57005,卖盘
10:06:55,30.01,0.01,74,222023,买盘
10:06:58,30.0,-0.01,34,102008,卖盘
10:07:00,30.0,0.0,1127,3382217,卖盘
10:07:04,30.0,0.0,277,831161,买盘
10:07:07,30.0,0.0,6,18000,买盘
10:07:09,30.01,0.01,1205,3615147,买盘
10:07:13,30.01,0.0,97,291097,卖盘
10:07:16,30.01,0.0,94,282117,卖盘
10:07:18,30.02,0.01,111,333161,买盘
10:07:21,30.01,-0.01,87,261092,卖盘
10:07:24,30.01,0.0,280,840281,卖盘
10:07:28,30.01,0.0,44,132044,买盘
10:07:31,30.01,0.0,7,21007,买盘
10:07:34,30.01,0.0,42,126019,买盘
10:07:36,30.01,0.0,18,54016,买盘
10:07:39,30.02,0.01,873,2620621,买盘
10:07:42,30.02,0.0,39,117078,卖盘
10:07:45,30.03,0.01,264,792747,买盘
10:07:49,30.02,-0.01,224,672613,卖盘
10:07:52,30.03,0.01,154,462473,买盘
10:07:54,30.03,0.0,26,78070,买盘
10:07:57,30.04,0.01,81,243239,买盘
10:08:01,30.02,-0.02,645,1936325,卖盘
10:08:05,30.02,0.0,221,663428,买盘
10:08:07,30.02,0.0,100,300200,买盘
10:08:10,30.01,-0.01,186,558316,卖盘
10:08:13,30.02,0.01,7,21014,买盘
10:08:15,30.01,-0.01,50,150067,卖盘
10:08:18,30.01,0.0,36,108036,卖盘
10:08:24,30.01,0.0,26,78026,买盘
10:08:27,30.01,0.0,36,108035,买盘
10:08:31,30.0,-0.01,32,96000,卖盘
10:08:33,30.0,0.0,26,78000,卖盘
10:08:36,30.0,0.0,62,186041,卖盘
10:08:39,30.0,0.0,146,438039,卖盘
10:08:43,30.0,0.0,43,129035,卖盘
10:08:45,30.01,0.01,179,537029,买盘
10:08:48,30.0,-0.01,244,731999,卖盘
10:08:51,30.0,0.0,118,353984,卖盘
10:08:54,30.0,0.0,58,174000,买盘
10:08:57,30.0,0.0,11,32993,买盘
10:09:01,30.0,0.0,20,60000,买盘
10:09:05,29.99,-0.01,218,653975,卖盘
10:09:07,29.99,0.0,1,2999,卖盘
10:09:10,29.99,0.0,33,98992,卖盘
10:09:13,30.0,0.01,37,110980,买盘
10:09:16,29.99,-0.01,75,224926,卖盘
10:09:19,29.99,0.0,3,8997,卖盘
10:09:22,30.0,0.01,82,245953,买盘
10:09:24,29.99,-0.01,5,14995,卖盘
10:09:28,29.99,0.0,11,32989,卖盘
10:09:31,29.99,0.0,361,1082834,卖盘
10:09:33,29.99,0.0,47,140953,卖盘
10:09:37,30.0,0.01,38,113977,买盘
10:09:39,29.98,-0.02,515,1544588,卖盘
10:09:42,29.99,0.01,14,41992,中性盘
10:09:46,29.98,-0.01,707,2117829,卖盘
10:09:48,29.99,0.01,185,554689,买盘
10:09:52,29.98,-0.01,10,29980,中性盘
10:09:54,29.98,0.0,8,23983,买盘
10:09:57,29.97,-0.01,183,548510,卖盘
10:10:01,29.98,0.01,36,107909,买盘
10:10:04,29.98,0.0,60,179842,买盘
10:10:07,29.97,-0.01,8,23971,中性盘
10:10:10,29.96,-0.01,74,221704,卖盘
10:10:12,29.96,0.0,79,236684,买盘
10:10:15,29.95,-0.01,80,239625,卖盘
10:10:18,29.96,0.01,80,239670,买盘
10:10:21,29.95,-0.01,146,437317,卖盘
10:10:24,29.96,0.01,59,176779,买盘
10:10:28,29.95,-0.01,210,629348,卖盘
10:10:30,29.96,0.01,9,26965,卖盘
10:10:33,29.98,0.02,41,122886,买盘
10:10:36,29.97,-0.01,119,356647,买盘
10:10:39,29.98,0.01,33,98934,买盘
10:10:42,29.98,0.0,34,101922,买盘
10:10:45,29.98,0.0,148,443836,卖盘
10:10:49,29.98,0.0,7,20985,中性盘
10:10:52,29.98,0.0,90,269817,买盘
10:10:55,29.98,0.0,41,122918,买盘
10:10:58,29.98,0.0,63,188897,卖盘
10:11:00,29.98,0.0,103,308742,卖盘
10:11:04,29.98,0.0,4,11992,卖盘
10:11:06,29.99,0.01,38,113927,买盘
10:11:09,29.98,-0.01,31,92943,卖盘
10:11:12,29.99,0.01,78,233989,买盘
10:11:15,29.98,-0.01,37,110937,卖盘
10:11:18,29.98,0.0,164,491705,卖盘
10:11:22,29.99,0.01,154,461726,买盘
10:11:24,29.98,-0.01,2,5996,卖盘
10:11:27,29.99,0.01,2,5998,买盘
10:11:30,29.98,-0.01,59,176882,卖盘
10:11:34,29.98,0.0,124,371863,卖盘
10:11:36,29.98,0.0,11,32984,卖盘
10:11:40,29.99,0.01,48,143952,买盘
10:11:43,29.98,-0.01,57,170921,卖盘
10:11:46,29.98,0.0,1,2998,卖盘
10:11:48,29.99,0.01,24,71966,买盘
10:11:51,29.98,-0.01,225,674551,卖盘
10:11:55,29.98,0.0,56,167925,卖盘
10:11:57,29.98,0.0,2,5996,卖盘
10:12:01,29.98,0.0,15,44970,卖盘
10:12:05,29.99,0.01,20,59966,买盘
10:12:07,29.98,-0.01,19,56969,卖盘
10:12:10,29.97,-0.01,519,1555905,卖盘
10:12:12,29.97,0.0,38,113885,买盘
10:12:15,29.97,0.0,52,155820,买盘
10:12:18,29.96,-0.01,28,83915,卖盘
10:12:21,29.96,0.0,238,713570,卖盘
10:12:25,29.97,0.01,10,29970,中性盘
10:12:28,29.97,0.0,114,341660,买盘
10:12:31,29.97,0.0,22,65934,卖盘
10:12:34,29.97,0.0,20,59954,卖盘
10:12:36,29.98,0.01,331,992928,买盘
10:12:39,29.97,-0.01,2,5994,卖盘
10:12:42,30.0,0.03,51,152930,买盘
10:12:46,30.0,0.0,29,86993,买盘
10:12:49,29.98,-0.02,47,140925,卖盘
10:12:51,29.97,-0.01,11,32977,卖盘
10:12:55,29.98,0.01,51,152898,买盘
10:12:57,29.98,0.0,38,113924,买盘
10:13:00,29.98,0.0,73,218854,买盘
10:13:05,29.98,0.0,54,161869,买盘
10:13:07,29.98,0.0,67,200866,买盘
10:13:09,29.99,0.01,7,20993,买盘
10:13:13,29.98,-0.01,49,146945,卖盘
10:13:15,30.0,0.02,29,86972,买盘
10:13:19,29.99,-0.01,16,47991,卖盘
10:13:21,30.0,0.01,24,71986,买盘
10:13:25,30.0,0.0,104,312000,买盘
10:13:27,29.99,-0.01,41,122964,卖盘
10:13:31,30.0,0.01,182,545994,买盘
10:13:33,29.99,-0.01,79,236987,卖盘
10:13:36,30.0,0.01,375,1125000,买盘
10:13:40,30.0,0.0,229,687000,买盘
10:13:42,30.0,0.0,42,126014,卖盘
10:13:46,30.01,0.01,171,513147,买盘
10:13:49,30.01,0.0,412,1235977,买盘
10:13:51,30.0,-0.01,13,39001,卖盘
10:13:54,30.0,0.0,41,122979,买盘
10:13:57,30.0,0.0,13,38989,买盘
10:14:01,29.99,-0.01,728,2183969,卖盘
10:14:05,30.0,0.01,31,92983,买盘
10:14:07,30.0,0.0,110,329898,买盘
10:14:09,30.0,0.0,50,150000,买盘
10:14:12,29.99,-0.01,45,134969,卖盘
10:14:15,29.99,0.0,147,440853,卖盘
10:14:18,29.99,0.0,176,527821,买盘
10:14:21,29.99,0.0,40,119960,买盘
10:14:27,29.99,0.0,19,56977,买盘
10:14:30,29.99,0.0,7,20993,买盘
10:14:33,29.98,-0.01,34,101946,卖盘
10:14:36,29.98,0.0,42,125937,卖盘
10:14:39,29.98,0.0,12,35980,卖盘
10:14:45,29.99,0.01,15,44973,买盘
10:14:49,29.99,0.0,62,185884,买盘
10:14:52,29.98,-0.01,97,290811,卖盘
10:14:55,29.99,0.01,1,2999,买盘
10:14:58,30.0,0.01,974,2921115,买盘
10:15:00,30.0,0.0,68,203889,买盘
10:15:04,29.98,-0.02,327,980669,卖盘
10:15:07,29.99,0.01,16,47980,买盘
10:15:10,29.99,0.0,117,350848,买盘
10:15:12,29.99,0.0,133,398882,买盘
10:15:15,29.99,0.0,40,119960,卖盘
10:15:18,29.99,0.0,67,200996,卖盘
10:15:22,29.99,0.0,81,242924,卖盘
10:15:24,29.99,0.0,49,146928,卖盘
10:15:27,30.0,0.01,11,32997,买盘
10:15:30,30.0,0.0,37,110970,买盘
10:15:33,29.99,-0.01,148,443857,卖盘
10:15:36,30.0,0.01,232,695994,买盘
10:15:39,29.99,-0.01,61,183725,卖盘
10:15:42,29.99,0.0,3,8997,卖盘
10:15:45,30.0,0.01,72,215934,买盘
10:15:49,29.99,-0.01,39,116961,卖盘
10:15:52,29.99,0.0,187,560093,卖盘
10:15:55,29.99,0.0,73,218895,买盘
10:15:57,29.98,-0.01,39,116926,卖盘
10:16:00,29.99,0.01,17,50977,买盘
10:16:04,29.98,-0.01,86,257831,卖盘
10:16:06,29.99,0.01,102,305873,买盘
10:16:09,29.98,-0.01,130,389758,卖盘
10:16:12,29.99,0.01,48,143910,买盘
10:16:15,29.98,-0.01,43,128918,卖盘
10:16:18,29.98,0.0,24,71948,买盘
10:16:21,29.98,0.0,15,44970,买盘
10:16:24,29.98,0.0,30,89929,买盘
10:16:28,29.97,-0.01,130,389624,卖盘
10:16:30,29.97,0.0,14,41960,买盘
10:16:33,29.97,0.0,17,50935,买盘
10:16:36,29.97,0.0,119,356643,买盘
10:16:40,29.97,0.0,78,233778,卖盘
10:16:43,29.97,0.0,18,53946,卖盘
10:16:46,29.97,0.0,2,5994,卖盘
10:16:48,29.97,0.0,103,308693,卖盘
10:16:51,29.98,0.01,12,35974,买盘
10:16:55,29.97,-0.01,90,269758,卖盘
10:16:57,29.97,0.0,58,173828,卖盘
10:17:00,29.97,0.0,839,2514484,卖盘
10:17:05,29.97,0.0,873,2616737,买盘
10:17:07,29.97,0.0,15,44955,买盘
10:17:10,29.96,-0.01,64,191744,卖盘
10:17:13,29.97,0.01,37,110867,买盘
10:17:15,29.96,-0.01,49,146804,卖盘
10:17:18,29.96,0.0,7,20972,卖盘
10:17:21,29.96,0.0,213,637964,买盘
10:17:24,29.96,0.0,5,14980,买盘
10:17:27,29.95,-0.01,101,302524,卖盘
10:17:30,29.96,0.01,18,53924,买盘
10:17:33,29.96,0.0,87,260566,买盘
10:17:37,29.95,-0.01,42,125795,卖盘
10:17:39,29.96,0.01,400,1198328,买盘
10:17:43,29.95,-0.01,5,14975,卖盘
10:17:45,29.96,0.01,103,308588,买盘
10:17:48,29.96,0.0,105,314532,卖盘
10:17:52,29.95,-0.01,5,14975,卖盘
10:17:55,29.96,0.01,178,533275,买盘
10:17:57,29.96,0.0,56,167776,卖盘
10:18:01,29.96,0.0,230,688951,卖盘
10:18:04,29.96,0.0,37,110859,卖盘
10:18:07,29.96,0.0,59,176772,卖盘
10:18:09,29.96,0.0,6,17981,卖盘
10:18:12,29.96,0.0,178,534073,卖盘
10:18:16,29.96,0.0,141,421657,卖盘
10:18:19,29.96,0.0,46,137778,买盘
10:18:21,29.95,-0.01,136,409334,卖盘
10:18:25,29.95,0.0,67,200617,买盘
10:18:28,29.94,-0.01,40,119765,卖盘
10:18:30,29.95,0.01,42,125790,买盘
10:18:33,29.94,-0.01,156,467064,卖盘
10:18:36,29.95,0.01,28,83844,买盘
10:18:39,29.95,0.0,3,8985,买盘
10:18:42,29.94,-0.01,69,206604,卖盘
10:18:45,29.94,0.0,63,188606,买盘
10:18:48,29.93,-0.01,19,56870,卖盘
10:18:52,29.94,0.01,41,122717,买盘
10:18:55,29.93,-0.01,48,143664,卖盘
10:18:58,29.92,-0.01,126,377068,卖盘
10:19:04,29.93,0.01,588,1758637,买盘
10:19:06,29.93,0.0,15,44897,卖盘
10:19:09,29.96,0.03,831,2486682,买盘
10:19:12,29.95,-0.01,92,275635,卖盘
10:19:15,29.96,0.01,88,263673,买盘
10:19:18,29.95,-0.01,58,173804,卖盘
10:19:21,29.96,0.01,349,1045865,中性盘
10:19:25,29.97,0.01,10,29965,买盘
10:19:27,29.97,0.0,3,8991,买盘
10:19:31,29.97,0.0,6,17978,买盘
10:19:33,29.97,0.0,71,212733,买盘
10:19:36,29.96,-0.01,17,50937,卖盘
10:19:40,29.97,0.01,53,158841,买盘
10:19:43,29.96,-0.01,1,2996,卖盘
10:19:45,29.96,0.0,25,74903,卖盘
10:19:48,29.99,0.03,2586,7754380,买盘
10:19:51,29.99,0.0,22,65979,卖盘
10:19:54,29.96,-0.03,67,200904,卖盘
10:19:58,29.99,0.03,6,17992,买盘
10:20:01,30.0,0.01,107,320940,买盘
10:20:04,30.0,0.0,1321,3962952,买盘
10:20:07,30.0,0.0,17,50985,买盘
10:20:09,30.0,0.0,86,257979,买盘
10:20:12,30.0,0.0,1,3000,买盘
10:20:18,29.99,-0.01,54,161975,卖盘
10:20:22,30.0,0.01,22,66000,买盘
10:20:24,30.0,0.0,105,315000,买盘
10:20:28,30.01,0.01,394,1182392,买盘
10:20:31,30.03,0.02,349,1047706,买盘
10:20:33,30.03,0.0,41,123089,买盘
10:20:36,30.02,-0.01,18,54037,卖盘
10:20:39,30.02,0.0,1068,3207484,卖盘
10:20:43,30.03,0.01,99,297277,买盘
10:20:46,30.03,0.0,228,684937,卖盘
10:20:49,30.03,0.0,62,186192,卖盘
10:20:52,30.02,-0.01,213,639602,卖盘
10:20:54,30.03,0.01,63,189251,卖盘
10:20:58,30.03,0.0,231,693706,卖盘
10:21:01,30.03,0.0,441,1323925,买盘
10:21:04,30.02,-0.01,42,126111,卖盘
10:21:07,30.02,0.0,18,54042,买盘
10:21:09,30.01,-0.01,13,39024,卖盘
10:21:13,30.02,0.01,66,198132,买盘
10:21:15,30.02,0.0,210,630234,买盘
10:21:19,30.02,0.0,21,63038,买盘
10:21:21,30.01,-0.01,96,288184,卖盘
10:21:25,30.02,0.01,43,129084,买盘
10:21:28,30.01,-0.01,1718,5155723,卖盘
10:21:30,30.01,0.0,262,786259,买盘
10:21:33,30.0,-0.01,90,270004,卖盘
10:21:37,30.01,0.01,7,21007,买盘
10:21:39,30.0,-0.01,1022,3066012,卖盘
10:21:43,30.01,0.01,827,2481428,买盘
10:21:45,29.99,-0.02,11,32990,卖盘
10:21:48,30.0,0.01,53,158994,买盘
10:21:51,30.0,0.0,19,57000,买盘
10:21:54,29.99,-0.01,35,104968,卖盘
10:21:58,30.0,0.01,10,30000,买盘
10:22:00,30.0,0.0,16,47997,买盘
10:22:04,29.99,-0.01,49,146967,卖盘
10:22:07,29.96,-0.03,129,386807,卖盘
10:22:10,30.0,0.04,10,29983,买盘
10:22:12,29.99,-0.01,22,65977,中性盘
10:22:15,30.0,0.01,233,698979,买盘
10:22:19,29.98,-0.02,91,272818,卖盘
10:22:22,29.99,0.01,70,209893,买盘
10:22:24,29.99,0.0,43,128916,买盘
10:22:28,29.98,-0.01,16,47968,卖盘
10:22:30,29.99,0.01,26,77961,买盘
10:22:33,29.98,-0.01,17,50970,卖盘
10:22:40,29.99,0.01,4,11996,买盘
10:22:42,29.99,0.0,27,80961,买盘
10:22:45,29.99,0.0,40,119936,买盘
10:22:48,29.99,0.0,41,122926,买盘
10:22:51,29.99,0.0,14,41986,买盘
10:22:54,29.99,0.0,46,137920,买盘
10:22:57,29.98,-0.01,324,971585,卖盘
10:23:00,29.98,0.0,16,47998,卖盘
10:23:04,29.98,0.0,19,56962,卖盘
10:23:06,29.98,0.0,17,50974,卖盘
10:23:10,29.99,0.01,132,395828,买盘
10:23:12,29.99,0.0,67,200932,买盘
10:23:16,30.0,0.01,34,101971,买盘
10:23:18,30.0,0.0,683,2049007,买盘
10:23:21,30.0,0.0,48,144001,卖盘
10:23:25,30.0,0.0,479,1437000,卖盘
10:23:27,30.0,0.0,6,18000,买盘
10:23:31,30.0,0.0,32,96000,买盘
10:23:33,30.0,0.0,45,135020,买盘
10:23:36,30.0,0.0,31,93000,卖盘
10:23:39,30.0,0.0,28,84005,卖盘
10:23:42,30.01,0.01,120,360008,买盘
10:23:45,30.0,-0.01,60,180001,卖盘
10:23:49,30.01,0.01,63,189014,买盘
10:23:51,30.0,-0.01,69,207006,卖盘
10:23:54,30.0,0.0,6,18000,买盘
10:23:58,30.0,0.0,124,372000,买盘
10:24:01,30.0,0.0,40,119985,买盘
10:24:04,30.0,0.0,78,233250,买盘
10:24:07,30.01,0.01,17,51004,买盘
10:24:10,30.0,-0.01,39,117008,卖盘
10:24:12,30.0,0.0,66,198005,卖盘
10:24:16,30.01,0.01,204,612018,买盘
10:24:18,30.0,-0.01,21,63000,卖盘
10:24:21,30.0,0.0,50,150007,卖盘
10:24:25,30.0,0.0,233,699858,卖盘
10:24:28,30.0,0.0,17,50999,买盘
10:24:30,29.99,-0.01,24,71999,卖盘
10:24:33,29.99,0.0,26,77987,卖盘
10:24:36,29.99,0.0,31,92999,卖盘
10:24:39,30.0,0.01,2,5999,买盘
10:24:42,30.0,0.0,85,254999,买盘
10:24:45,30.0,0.0,4,12000,买盘
10:24:48,30.0,0.0,58,173998,买盘
10:24:51,29.99,-0.01,282,846849,卖盘
10:24:55,30.01,0.02,78,233955,买盘
10:24:57,29.99,-0.02,83,248987,卖盘
10:25:01,30.01,0.02,42,126004,买盘
10:25:04,30.0,-0.01,144,432123,卖盘
10:25:07,30.0,0.0,82,246016,卖盘
10:25:09,30.0,0.0,28,84000,卖盘
10:25:13,30.0,0.0,174,522000,卖盘
10:25:16,30.01,0.01,37,111001,买盘
10:25:18,30.0,-0.01,50,150006,卖盘
10:25:21,30.01,0.01,141,423056,买盘
10:25:24,30.0,-0.01,18,54007,卖盘
10:25:27,30.0,0.0,406,1218380,买盘
10:25:30,30.0,0.0,12,36000,买盘
10:25:34,30.0,0.0,51,152980,买盘
10:25:37,30.0,0.0,51,152984,买盘
10:25:39,30.0,0.0,25,75000,买盘
10:25:43,30.01,0.01,8,24000,买盘
10:25:46,30.0,-0.01,29,86985,中性盘
10:25:49,30.01,0.01,146,437968,买盘
10:25:51,30.0,-0.01,13,39000,中性盘
10:25:55,30.0,0.0,4,12003,卖盘
10:25:57,29.99,-0.01,119,356952,卖盘
10:26:00,30.0,0.01,42,125982,买盘
10:26:04,30.0,0.0,58,173957,买盘
10:26:07,29.99,-0.01,95,284905,卖盘
10:26:10,29.99,0.0,111,332996,卖盘
10:26:13,30.0,0.01,16,48006,中性盘
10:26:15,30.0,0.0,64,192000,卖盘
10:26:19,30.01,0.01,16,48002,买盘
10:26:21,30.0,-0.01,174,522004,卖盘
10:26:24,30.0,0.0,45,135008,卖盘
10:26:28,30.0,0.0,38,114006,卖盘
10:26:30,30.0,0.0,8,24000,卖盘
10:26:33,30.01,0.01,272,816278,买盘
10:26:36,30.01,0.0,13,39013,买盘
10:26:39,30.0,-0.01,4,12003,卖盘
10:26:42,30.0,0.0,5,15000,卖盘
10:26:46,30.0,0.0,151,453123,卖盘
10:26:48,30.0,0.0,79,237050,卖盘
10:26:52,30.01,0.01,33,99005,买盘
10:26:55,30.01,0.0,123,369136,买盘
10:26:58,30.01,0.0,15,45015,买盘
10:27:00,30.0,-0.01,158,474025,卖盘
10:27:04,30.01,0.01,79,237014,买盘
10:27:06,30.0,-0.01,358,1074003,卖盘
10:27:09,30.01,0.01,48,144045,买盘
10:27:12,30.0,-0.01,37,111001,卖盘
10:27:16,30.0,0.0,31,93008,卖盘
10:27:18,30.0,0.0,34,102013,卖盘
10:27:21,30.01,0.01,268,804015,买盘
10:27:24,30.0,-0.01,257,770970,卖盘
10:27:27,29.99,-0.01,18,53993,卖盘
10:27:30,30.0,0.01,5,15000,买盘
10:27:34,29.99,-0.01,52,155948,卖盘
10:27:36,30.0,0.01,6,17995,买盘
10:27:39,30.0,0.0,1,3000,买盘
10:27:42,29.99,-0.01,81,242019,卖盘
10:27:46,29.99,0.0,23,68977,买盘
10:27:49,29.99,0.0,68,203869,买盘
10:27:51,29.99,0.0,103,308859,买盘
10:27:55,29.98,-0.01,63,189823,卖盘
10:27:57,29.99,0.01,7,20993,买盘
10:28:00,29.98,-0.01,1,2998,卖盘
10:28:04,29.98,0.0,21,62963,卖盘
10:28:07,29.98,0.0,21,62958,卖盘
10:28:09,29.99,0.01,1,2999,买盘
10:28:13,29.98,-0.01,4,11992,卖盘
10:28:15,29.98,0.0,29,86947,卖盘
10:28:19,29.99,0.01,93,278835,买盘
10:28:22,29.98,-0.01,43,128920,卖盘
10:28:24,29.98,0.0,160,479735,卖盘
10:28:28,29.98,0.0,70,209862,卖盘
10:28:31,30.0,0.02,718,2153903,买盘
10:28:33,30.0,0.0,65,195000,卖盘
10:28:36,30.0,0.0,21,63005,卖盘
10:28:39,29.99,-0.01,20,59961,卖盘
10:28:43,30.0,0.01,8,24000,买盘
10:28:45,29.99,-0.01,71,212971,卖盘
10:28:49,30.0,0.01,11,32998,买盘
10:28:54,29.99,-0.01,6,17999,卖盘
10:28:58,29.99,0.0,84,251924,卖盘
10:29:00,30.0,0.01,20,60000,买盘
10:29:04,30.0,0.0,211,633016,买盘
10:29:06,30.0,0.0,35,105007,卖盘
10:29:10,30.01,0.01,8,24008,买盘
10:29:13,30.0,-0.01,173,519000,卖盘
10:29:16,30.0,0.0,51,153000,卖盘
10:29:22,29.99,-0.01,78,233971,卖盘
10:29:24,30.0,0.01,35,105000,买盘
10:29:28,30.0,0.0,86,257964,买盘
10:29:30,30.0,0.0,55,165000,买盘
10:29:33,29.99,-0.01,34,101985,卖盘
10:29:37,30.0,0.01,2,6000,买盘
10:29:40,30.0,0.0,16,47998,买盘
10:29:42,30.0,0.0,49,146976,买盘
10:29:46,29.99,-0.01,34,101974,卖盘
10:29:51,30.0,0.01,21,63000,买盘
10:29:54,29.99,-0.01,26,77998,卖盘
10:29:57,29.98,-0.01,174,521863,卖盘
10:30:01,30.0,0.02,278,834025,买盘
10:30:05,30.0,0.0,54,162004,卖盘
10:30:07,30.0,0.0,12,36000,卖盘
10:30:09,30.0,0.0,16,48001,卖盘
10:30:12,30.0,0.0,308,924022,卖盘
10:30:15,30.0,0.0,18,54000,买盘
10:30:19,30.0,0.0,5,14999,买盘
10:30:22,29.99,-0.01,14,41997,卖盘
10:30:25,30.0,0.01,9,26995,买盘
10:30:28,29.99,-0.01,44,131981,卖盘
10:30:30,29.99,0.0,3,8997,买盘
10:30:33,29.98,-0.01,24,71963,卖盘
10:30:37,29.99,0.01,557,1670891,买盘
10:30:39,29.99,0.0,16,47975,买盘
10:30:42,30.0,0.01,81,242917,买盘
10:30:46,30.0,0.0,1036,3104557,买盘
10:30:49,29.98,-0.02,9,26961,买盘
10:30:52,29.98,0.0,267,800881,卖盘
10:30:54,30.0,0.02,179,536963,买盘
10:30:57,30.0,0.0,111,332970,买盘
10:31:01,30.0,0.0,73,219000,卖盘
10:31:04,30.0,0.0,77,231000,卖盘
10:31:06,30.0,0.0,36,108000,卖盘
10:31:09,30.0,0.0,147,440984,卖盘
10:31:12,30.0,0.0,185,554952,买盘
10:31:16,30.0,0.0,232,695769,买盘
10:31:19,29.98,-0.02,184,551948,卖盘
10:31:22,30.0,0.02,438,1313922,买盘
10:31:24,30.0,0.0,11,33000,买盘
10:31:28,30.0,0.0,14,42000,卖盘
10:31:30,30.01,0.01,9,27001,买盘
10:31:34,30.0,-0.01,55,165005,卖盘
10:31:36,30.01,0.01,545,1635548,买盘
10:31:40,29.96,-0.05,995,2984677,卖盘
10:31:42,30.01,0.05,23,68944,中性盘
10:31:46,30.0,-0.01,38,113868,中性盘
10:31:48,30.0,0.0,4,12000,买盘
10:31:51,30.0,0.0,216,648000,买盘
10:31:55,29.98,-0.02,124,371964,卖盘
10:31:57,30.0,0.02,27,81000,买盘
10:32:00,30.01,0.01,118,353995,买盘
10:32:05,30.0,-0.01,40,120000,卖盘
10:32:07,30.0,0.0,10,30005,卖盘
10:32:10,30.0,0.0,256,768000,卖盘
10:32:13,30.0,0.0,66,198000,买盘
10:32:16,30.0,0.0,102,305945,买盘
10:32:18,30.0,0.0,122,365972,买盘
10:32:22,29.98,-0.02,44,131932,卖盘
10:32:24,30.0,0.02,106,317944,买盘
10:32:27,29.99,-0.01,81,242991,中性盘
10:32:30,29.98,-0.01,586,1757792,卖盘
10:32:34,29.98,0.0,234,701984,卖盘
10:32:36,29.99,0.01,36,107964,买盘
10:32:39,30.0,0.01,452,1355980,买盘
10:32:43,29.98,-0.02,32,95946,卖盘
10:32:45,29.99,0.01,35,104965,买盘
10:32:49,29.99,0.0,61,182886,买盘
10:32:51,29.99,0.0,231,692769,买盘
10:32:55,29.99,0.0,20,59980,卖盘
10:32:57,30.0,0.01,299,896965,买盘
10:33:01,30.0,0.0,16,48005,卖盘
10:33:04,30.0,0.0,147,441001,卖盘
10:33:07,29.99,-0.01,60,179971,卖盘
10:33:10,30.0,0.01,3,8999,中性盘
10:33:13,29.99,-0.01,13,38992,卖盘
10:33:16,29.98,-0.01,54,161920,卖盘
10:33:18,29.98,0.0,2,5996,卖盘
10:33:22,29.99,0.01,20,59979,买盘
10:33:24,29.98,-0.01,7,20990,卖盘
10:33:28,29.97,-0.01,73,218863,卖盘
10:33:30,29.97,0.0,17,50958,卖盘
10:33:33,29.97,0.0,21,62943,卖盘
10:33:36,29.98,0.01,97,290806,买盘
10:33:39,29.98,0.0,5,14990,卖盘
10:33:42,29.98,0.0,84,251773,中性盘
10:33:45,29.98,0.0,44,131878,买盘
10:33:48,29.98,0.0,33,98918,买盘
10:33:51,29.97,-0.01,47,140862,卖盘
10:33:54,29.97,0.0,13,38961,卖盘
10:33:57,29.98,0.01,106,317688,买盘
10:34:00,29.97,-0.01,30,89910,卖盘
10:34:05,29.97,0.0,52,155879,卖盘
10:34:06,29.97,0.0,50,149864,卖盘
10:34:10,29.98,0.01,7,20980,买盘
10:34:12,29.97,-0.01,310,929074,卖盘
10:34:15,29.96,-0.01,2,5992,卖盘
10:34:18,29.97,0.01,214,641428,买盘
10:34:21,29.96,-0.01,73,218709,卖盘
10:34:24,29.96,0.0,23,68911,卖盘
10:34:28,29.96,0.0,3,8988,卖盘
10:34:30,29.97,0.01,71,212733,买盘
10:34:34,29.96,-0.01,45,134821,卖盘
10:34:36,29.97,0.01,1157,3468484,买盘
10:34:40,29.98,0.01,64,191870,中性盘
10:34:42,29.98,0.0,22,65956,卖盘
10:34:46,29.98,0.0,51,152994,卖盘
10:34:49,29.99,0.01,113,338848,买盘
10:34:51,29.99,0.0,5,14995,买盘
10:34:54,29.99,0.0,67,200928,买盘
10:34:57,30.0,0.01,415,1244810,买盘
10:35:00,29.99,-0.01,19,56981,中性盘
10:35:04,29.98,-0.01,32,95943,卖盘
10:35:07,29.99,0.01,2,5998,买盘
10:35:10,29.98,-0.01,35,104930,卖盘
10:35:12,29.98,0.0,17,50972,卖盘
10:35:16,29.98,0.0,150,449702,卖盘
10:35:21,29.98,0.0,29,86942,买盘
10:35:25,29.98,0.0,11,32978,卖盘
10:35:27,29.98,0.0,19,56966,卖盘
10:35:30,29.98,0.0,7,20985,买盘
10:35:34,29.99,0.01,21,62963,买盘
10:35:36,29.98,-0.01,52,155899,卖盘
10:35:40,29.98,0.0,10,29980,卖盘
10:35:42,29.98,0.0,28,83950,卖盘
10:35:46,29.99,0.01,114,341884,买盘
10:35:48,29.98,-0.01,89,266852,卖盘
10:35:52,29.98,0.0,100,299890,卖盘
10:35:55,29.98,0.0,25,74950,卖盘
10:35:58,29.98,0.0,16,47961,买盘
10:36:01,29.98,0.0,3,8993,买盘
10:36:04,29.97,-0.01,34,101909,卖盘
10:36:07,29.98,0.01,62,185843,买盘
10:36:09,29.98,0.0,26,77930,买盘
10:36:13,29.97,-0.01,27,80921,卖盘
10:36:16,29.98,0.01,24,71951,买盘
10:36:19,29.97,-0.01,103,308740,卖盘
10:36:22,29.98,0.01,64,191813,买盘
10:36:25,29.97,-0.01,83,248831,卖盘
10:36:27,29.97,0.0,15,44965,卖盘
10:36:31,29.98,0.01,5,14990,买盘
10:36:33,29.97,-0.01,13,38961,卖盘
10:36:37,29.97,0.0,18,53953,卖盘
10:36:39,29.98,0.01,5,14990,买盘
10:36:43,29.97,-0.01,3,8991,卖盘
10:36:45,29.98,0.01,10,29976,买盘
10:36:49,29.98,0.0,37,110911,买盘
10:36:51,29.98,0.0,8,23984,买盘
10:36:54,29.97,-0.01,3,8992,卖盘
10:36:58,29.97,0.0,70,209790,卖盘
10:37:01,29.97,0.0,18,53953,卖盘
10:37:04,29.97,0.0,19,56947,卖盘
10:37:09,29.97,0.0,1,2997,卖盘
10:37:12,29.98,0.01,28,83937,买盘
10:37:15,29.97,-0.01,32,95916,卖盘
10:37:21,29.98,0.01,28,83926,买盘
10:37:25,29.97,-0.01,51,152861,卖盘
10:37:28,29.98,0.01,32,95935,买盘
10:37:31,29.97,-0.01,109,326773,卖盘
10:37:34,29.98,0.01,89,266774,买盘
10:37:36,29.98,0.0,11,32978,买盘
10:37:40,29.97,-0.01,4,11988,卖盘
10:37:42,29.97,0.0,344,1030998,卖盘
10:37:45,29.98,0.01,4,11992,买盘
10:37:48,29.98,0.0,34,101928,买盘
10:37:52,29.97,-0.01,2,5994,卖盘
10:37:54,29.97,0.0,25,74925,卖盘
10:37:58,29.98,0.01,58,173854,买盘
10:38:00,29.97,-0.01,25,74925,卖盘
10:38:04,29.97,0.0,80,239805,卖盘
10:38:07,29.97,0.0,2,5994,卖盘
10:38:10,29.97,0.0,305,914089,卖盘
10:38:12,29.97,0.0,7,20979,买盘
10:38:16,29.96,-0.01,37,110859,卖盘
10:38:18,29.97,0.01,99,296619,买盘
10:38:22,29.96,-0.01,26,77896,卖盘
10:38:25,29.96,0.0,44,131824,卖盘
10:38:28,29.96,0.0,167,498534,卖盘
10:38:30,29.96,0.0,5,14980,买盘
10:38:34,29.96,0.0,24,71890,买盘
10:38:37,29.96,0.0,93,278623,买盘
10:38:40,29.96,0.0,40,119810,买盘
10:38:42,29.95,-0.01,27,80870,卖盘
10:38:45,29.95,0.0,35,104825,卖盘
10:38:49,29.95,0.0,22,65890,买盘
10:38:51,29.94,-0.01,157,470063,卖盘
10:38:55,29.93,-0.01,5,14969,卖盘
10:38:58,29.93,0.0,26,77819,卖盘
10:39:01,29.93,0.0,18,53879,卖盘
10:39:05,29.94,0.01,75,224487,买盘
10:39:07,29.93,-0.01,2,5986,卖盘
10:39:10,29.93,0.0,10,29930,卖盘
10:39:12,29.93,0.0,23,68839,卖盘
10:39:15,29.93,0.0,77,230495,卖盘
10:39:19,29.93,0.0,35,104760,卖盘
10:39:22,29.94,0.01,68,203545,买盘
10:39:24,29.93,-0.01,9,26937,卖盘
10:39:27,29.93,0.0,5,14965,买盘
10:39:30,29.92,-0.01,69,206488,卖盘
10:39:33,29.93,0.01,54,161607,买盘
10:39:36,29.93,0.0,1293,3866689,买盘
10:39:39,29.92,-0.01,52,155628,中性盘
10:39:42,29.9,-0.02,1050,3139504,卖盘
10:39:45,29.92,0.02,26,77763,买盘
10:39:48,29.91,-0.01,33,98708,中性盘
10:39:52,29.91,0.0,3,8974,卖盘
10:39:54,29.91,0.0,43,128640,卖盘
10:39:57,29.91,0.0,109,326019,买盘
10:40:01,29.91,0.0,28,83748,卖盘
10:40:04,29.91,0.0,14,41874,卖盘
10:40:06,29.91,0.0,63,188433,卖盘
10:40:10,29.92,0.01,4,11968,买盘
10:40:12,29.92,0.0,4,11966,买盘
10:40:16,29.92,0.0,36,107684,买盘
10:40:18,29.92,0.0,14,41887,买盘
10:40:21,29.9,-0.02,657,1964549,卖盘
10:40:24,29.89,-0.01,64,191358,卖盘
10:40:27,29.9,0.01,11,32890,买盘
10:40:30,29.89,-0.01,206,615685,卖盘
10:40:33,29.89,0.0,58,173376,卖盘
10:40:37,29.89,0.0,45,134505,买盘
10:40:39,29.89,0.0,59,176351,买盘
10:40:43,29.88,-0.01,196,585724,卖盘
10:40:46,29.88,0.0,96,286855,卖盘
10:40:48,29.89,0.01,57,170346,买盘
10:40:51,29.88,-0.01,53,158371,卖盘
10:40:54,29.88,0.0,35,104592,卖盘
10:40:57,29.88,0.0,109,325694,卖盘
10:41:00,29.87,-0.01,12,35848,卖盘
10:41:05,29.87,0.0,22,65731,卖盘
10:41:07,29.88,0.01,128,382437,买盘
10:41:10,29.88,0.0,266,796516,买盘
10:41:13,29.88,0.0,83,248054,卖盘
10:41:16,29.88,0.0,85,254036,卖盘
10:41:19,29.88,0.0,2,5976,卖盘
10:41:22,29.89,0.01,353,1054803,卖盘
10:41:25,29.89,0.0,11,32889,卖盘
10:41:27,29.9,0.01,44,131540,买盘
10:41:30,29.89,-0.01,8,23913,卖盘
10:41:33,29.89,0.0,24,71744,卖盘
10:41:37,29.9,0.01,26,77740,买盘
10:41:40,29.9,0.0,24,71760,卖盘
10:41:43,29.89,-0.01,20,59799,卖盘
10:41:46,29.9,0.01,11,32888,中性盘
10:41:48,29.9,0.0,31,92690,买盘
10:41:51,29.89,-0.01,24,71747,卖盘
10:41:54,29.9,0.01,4,11960,买盘
10:41:58,29.9,0.0,16,47839,买盘
10:42:00,29.89,-0.01,29,86709,卖盘
10:42:04,29.9,0.01,533,1593646,买盘
10:42:07,29.9,0.0,18,53821,卖盘
10:42:10,29.9,0.0,116,346863,卖盘
10:42:13,29.91,0.01,113,337914,买盘
10:42:16,29.9,-0.01,3,8972,卖盘
10:42:18,29.91,0.01,32,95708,买盘
10:42:21,29.91,0.0,94,281153,买盘
10:42:24,29.9,-0.01,23,68791,卖盘
10:42:27,29.91,0.01,70,209370,买盘
10:42:31,29.9,-0.01,110,328938,卖盘
10:42:33,29.9,0.0,47,140549,卖盘
10:42:37,29.92,0.02,20,59825,买盘
10:42:39,29.9,-0.02,17,50832,卖盘
10:42:43,29.9,0.0,133,397720,卖盘
10:42:45,29.9,0.0,8,23934,卖盘
10:42:48,29.9,0.0,154,460506,卖盘
10:42:51,29.91,0.01,50,149550,中性盘
10:42:55,29.91,0.0,11,32895,买盘
10:42:58,29.91,0.0,23,68790,买盘
10:43:01,29.9,-0.01,18,53821,卖盘
10:43:04,29.91,0.01,74,221321,买盘
10:43:07,29.9,-0.01,168,502325,卖盘
10:43:10,29.9,0.0,22,65800,卖盘
10:43:12,29.9,0.0,87,260137,卖盘
10:43:16,29.9,0.0,35,104658,卖盘
10:43:19,29.9,0.0,159,475425,卖盘
10:43:21,29.9,0.0,354,1058000,买盘
10:43:25,29.9,0.0,3,8967,买盘
10:43:28,29.9,0.0,17,50852,买盘
10:43:31,29.88,-0.02,21,62780,卖盘
10:43:33,29.87,-0.01,30,89581,卖盘
10:43:36,29.86,-0.01,15,44811,卖盘
10:43:39,29.87,0.01,52,155353,卖盘
10:43:43,29.86,-0.01,43,128400,卖盘
10:43:45,29.87,0.01,5,14934,买盘
10:43:49,29.87,0.0,24,71687,买盘
10:43:51,29.86,-0.01,34,101539,卖盘
10:43:54,29.87,0.01,18,53761,买盘
10:43:58,29.86,-0.01,67,200093,卖盘
10:44:01,29.87,0.01,17,50778,买盘
10:44:04,29.86,-0.01,119,355342,卖盘
10:44:07,29.87,0.01,17,50768,买盘
10:44:10,29.86,-0.01,33,98538,卖盘
10:44:12,29.86,0.0,233,695737,买盘
10:44:16,29.85,-0.01,42,125380,卖盘
10:44:19,29.85,0.0,495,1477349,卖盘
10:44:21,29.85,0.0,22,65670,卖盘
10:44:25,29.85,0.0,23,68652,买盘
10:44:27,29.85,0.0,51,152205,买盘
10:44:30,29.84,-0.01,19,56696,买盘
10:44:34,29.84,0.0,24,71603,买盘
10:44:36,29.83,-0.01,10,29837,卖盘
10:44:39,29.81,-0.02,428,1276446,卖盘
10:44:42,29.83,0.02,66,196878,买盘
10:44:46,29.81,-0.02,64,190877,卖盘
10:44:49,29.81,0.0,60,178873,卖盘
10:44:52,29.83,0.02,108,322157,买盘
10:44:54,29.82,-0.01,62,184891,卖盘
10:44:58,29.81,-0.01,45,134174,卖盘
10:45:00,29.81,0.0,4,11924,卖盘
10:45:04,29.81,0.0,356,1059450,卖盘
10:45:07,29.82,0.01,72,214694,买盘
10:45:10,29.81,-0.01,20,59638,卖盘
10:45:12,29.82,0.01,17,50689,买盘
10:45:16,29.82,0.0,111,330904,买盘
10:45:18,29.82,0.0,125,372697,买盘
10:45:21,29.82,0.0,1163,3468406,买盘
10:45:24,29.82,0.0,449,1337069,买盘
10:45:27,29.82,0.0,92,274344,卖盘
10:45:30,29.82,0.0,28,83503,卖盘
10:45:33,29.83,0.01,45,134202,买盘
10:45:36,29.83,0.0,148,441614,卖盘
10:45:39,29.84,0.01,12,35801,买盘
10:45:42,29.83,-0.01,81,241639,卖盘
10:45:45,29.84,0.01,19,56702,买盘
10:45:48,29.84,0.0,225,671259,卖盘
10:45:51,29.85,0.01,36,107436,买盘
10:45:55,29.83,-0.02,66,196913,卖盘
10:45:58,29.84,0.01,46,137246,买盘
10:46:01,29.83,-0.01,71,211849,卖盘
10:46:04,29.83,0.0,42,125302,卖盘
10:46:06,29.84,0.01,98,292371,买盘
10:46:10,29.83,-0.01,30,89495,卖盘
10:46:12,29.84,0.01,255,760745,买盘
10:46:16,29.84,0.0,34,101448,买盘
10:46:18,29.84,0.0,7,20888,买盘
10:46:21,29.84,0.0,46,137263,卖盘
10:46:25,29.84,0.0,71,211863,买盘
10:46:28,29.84,0.0,43,128311,买盘
10:46:31,29.84,0.0,71,211846,买盘
10:46:34,29.83,-0.01,23,68619,卖盘
10:46:37,29.84,0.01,168,501291,买盘
10:46:40,29.84,0.0,603,1798388,卖盘
10:46:42,29.83,-0.01,31,92473,买盘
10:46:46,29.83,0.0,38,113329,买盘
10:46:48,29.82,-0.01,230,687742,卖盘
10:46:51,29.81,-0.01,11,32792,卖盘
10:46:55,29.82,0.01,17,50689,买盘
10:46:57,29.81,-0.01,44,131178,卖盘
10:47:01,29.81,0.0,63,187804,卖盘
10:47:04,29.81,0.0,341,1016776,卖盘
10:47:07,29.81,0.0,123,366765,卖盘
10:47:09,29.82,0.01,45,134187,买盘
10:47:13,29.82,0.0,94,280369,卖盘
10:47:16,29.82,0.0,33,98411,卖盘
10:47:18,29.84,0.02,6,17902,买盘
10:47:21,29.85,0.01,59,176032,买盘
10:47:24,29.83,-0.02,174,519044,卖盘
10:47:27,29.83,0.0,33,98439,买盘
10:47:31,29.83,0.0,35,104400,买盘
10:47:33,29.83,0.0,33,98439,卖盘
10:47:37,29.84,0.01,5,14920,中性盘
10:47:39,29.84,0.0,7,20886,买盘
10:47:42,29.84,0.0,7,20886,买盘
10:47:45,29.84,0.0,233,695270,买盘
10:47:48,29.84,0.0,17,50723,买盘
10:47:51,29.84,0.0,223,665071,买盘
10:47:54,29.84,0.0,19,56684,买盘
10:47:58,29.84,0.0,1,2984,买盘
10:48:00,29.83,-0.01,23,68609,卖盘
10:48:04,29.83,0.0,10,29830,买盘
10:48:07,29.82,-0.01,19,56663,卖盘
10:48:10,29.82,0.0,14,41748,卖盘
10:48:12,29.81,-0.01,104,310111,卖盘
10:48:15,29.82,0.01,34,101388,买盘
10:48:21,29.82,0.0,50,149097,买盘
10:48:24,29.82,0.0,710,2116546,买盘
10:48:27,29.82,0.0,62,184885,买盘
10:48:30,29.81,-0.01,62,184853,卖盘
10:48:33,29.81,0.0,18,53662,卖盘
10:48:36,29.81,0.0,27,80499,卖盘
10:48:39,29.81,0.0,7,20867,卖盘
10:48:42,29.81,0.0,7,20867,买盘
10:48:46,29.81,0.0,36,107313,买盘
10:48:48,29.81,0.0,123,366656,买盘
10:48:51,29.81,0.0,35,104312,买盘
10:48:54,29.81,0.0,39,116255,买盘
10:48:57,29.82,0.01,112,332692,买盘
10:49:01,29.82,0.0,92,274259,买盘
10:49:05,29.81,-0.01,107,319037,卖盘
10:49:07,29.81,0.0,9,26832,卖盘
10:49:09,29.81,0.0,68,202712,卖盘
10:49:13,29.8,-0.01,36,108483,卖盘
10:49:15,29.81,0.01,230,684261,买盘
10:49:18,29.81,0.0,21,62601,卖盘
10:49:22,29.8,-0.01,172,512638,卖盘
10:49:25,29.8,0.0,4,11920,卖盘
10:49:28,29.8,0.0,407,1212868,卖盘
10:49:31,29.81,0.01,180,536475,买盘
10:49:34,29.8,-0.01,206,613880,卖盘
10:49:37,29.8,0.0,37,110270,卖盘
10:49:40,29.81,0.01,472,1406660,买盘
10:49:43,29.8,-0.01,77,229526,卖盘
10:49:45,29.8,0.0,575,1713500,卖盘
10:49:49,29.81,0.01,45,135312,买盘
10:49:51,29.8,-0.01,33,98340,中性盘
10:49:55,29.81,0.01,418,1245656,买盘
10:49:57,29.8,-0.01,84,250324,卖盘
10:50:01,29.8,0.0,20,59600,卖盘
10:50:05,29.8,0.0,123,366554,卖盘
10:50:07,29.79,-0.01,25,74484,卖盘
10:50:10,29.8,0.01,23,68524,买盘
10:50:12,29.8,0.0,57,169810,买盘
10:50:15,29.79,-0.01,85,253243,卖盘
10:50:18,29.8,0.01,53,157893,买盘
10:50:22,29.79,-0.01,40,119160,卖盘
10:50:24,29.79,0.0,45,134060,卖盘
10:50:27,29.79,0.0,56,166834,卖盘
10:50:30,29.79,0.0,6,17874,买盘
10:50:33,29.79,0.0,38,113190,买盘
10:50:36,29.79,0.0,24,71496,买盘
10:50:39,29.79,0.0,10,29790,买盘
10:50:43,29.78,-0.01,53,157868,卖盘
10:50:45,29.75,-0.03,868,2583396,卖盘
10:50:48,29.75,0.0,41,121975,买盘
10:50:52,29.78,0.03,20,59547,买盘
10:50:54,29.76,-0.02,52,154752,中性盘
10:50:57,29.78,0.02,2,5956,买盘
10:51:00,29.77,-0.01,57,169644,中性盘
10:51:04,29.76,-0.01,16,47616,卖盘
10:51:06,29.77,0.01,101,300621,买盘
10:51:10,29.77,0.0,21,62505,买盘
10:51:12,29.76,-0.01,107,318463,卖盘
10:51:16,29.77,0.01,168,500131,买盘
10:51:18,29.77,0.0,83,247089,卖盘
10:51:22,29.77,0.0,32,95273,卖盘
10:51:24,29.77,0.0,116,345333,卖盘
10:51:27,29.77,0.0,58,172666,卖盘
10:51:31,29.78,0.01,16,47639,买盘
10:51:34,29.77,-0.01,142,422734,卖盘
10:51:36,29.77,0.0,36,107157,买盘
10:51:40,29.77,0.0,35,104194,买盘
10:51:42,29.76,-0.01,25,74422,卖盘
10:51:46,29.77,0.01,2,5954,买盘
10:51:48,29.76,-0.01,90,267840,卖盘
10:51:51,29.76,0.0,39,116064,买盘
10:51:54,29.76,0.0,25,74400,买盘
10:51:57,29.76,0.0,3,8928,买盘
10:52:00,29.76,0.0,62,184462,买盘
10:52:04,29.75,-0.01,51,151725,卖盘
10:52:06,29.75,0.0,56,166616,卖盘
10:52:09,29.76,0.01,49,145807,买盘
10:52:13,29.75,-0.01,28,83303,卖盘
10:52:15,29.75,0.0,81,240983,卖盘
10:52:19,29.76,0.01,32,95207,买盘
10:52:22,29.76,0.0,123,365968,买盘
10:52:25,29.76,0.0,45,133920,买盘
10:52:27,29.76,0.0,247,735059,买盘
10:52:31,29.76,0.0,158,470254,买盘
10:52:33,29.76,0.0,14,41664,卖盘
10:52:36,29.76,0.0,290,863118,卖盘
10:52:39,29.77,0.01,39,116095,买盘
10:52:43,29.76,-0.01,76,226231,卖盘
10:52:46,29.77,0.01,136,404861,买盘
10:52:49,29.77,0.0,17,50610,卖盘
10:52:51,29.78,0.01,6,17868,买盘
10:52:55,29.77,-0.01,2,5954,卖盘
10:52:57,29.78,0.01,14,41692,买盘
10:53:01,29.78,0.0,5,14890,买盘
10:53:04,29.77,-0.01,16,47632,卖盘
10:53:07,29.77,0.0,26,77414,卖盘
10:53:09,29.78,0.01,546,1625975,买盘
10:53:12,29.78,0.0,106,315639,买盘
10:53:15,29.78,0.0,207,616446,买盘
10:53:18,29.78,0.0,9,26803,卖盘
10:53:22,29.78,0.0,42,125081,卖盘
10:53:24,29.78,0.0,80,238250,卖盘
10:53:28,29.79,0.01,9,26809,买盘
10:53:31,29.79,0.0,5,14895,卖盘
10:53:34,29.8,0.01,58,172803,买盘
10:53:37,29.8,0.0,21,62567,买盘
10:53:39,29.8,0.0,88,262240,买盘
10:53:43,29.8,0.0,57,169857,买盘
10:53:45,29.8,0.0,71,211548,买盘
10:53:48,29.79,-0.01,54,160911,卖盘
10:53:52,29.8,0.01,16,47681,中性盘
10:53:55,29.8,0.0,43,128119,买盘
10:53:58,29.79,-0.01,45,134063,卖盘
10:54:00,29.78,-0.01,33,98292,卖盘
10:54:05,29.79,0.01,70,208498,买盘
10:54:07,29.78,-0.01,135,402141,卖盘
10:54:10,29.78,0.0,182,541996,卖盘
10:54:12,29.78,0.0,256,762343,买盘
10:54:16,29.77,-0.01,10,29770,卖盘
10:54:19,29.78,0.01,361,1074719,买盘
10:54:22,29.78,0.0,114,339405,买盘
10:54:25,29.76,-0.02,251,747235,卖盘
10:54:27,29.76,0.0,17,50608,卖盘
10:54:30,29.76,0.0,618,1839216,卖盘
10:54:34,29.78,0.02,61,181596,买盘
10:54:37,29.76,-0.02,40,119055,卖盘
10:54:40,29.77,0.01,19,56558,买盘
10:54:43,29.76,-0.01,34,101184,卖盘
10:54:45,29.76,0.0,87,258936,卖盘
10:54:49,29.77,0.01,41,122043,买盘
10:54:51,29.77,0.0,530,1576786,买盘
10:54:54,29.76,-0.01,128,380824,中性盘
10:54:57,29.76,0.0,8,23808,卖盘
10:55:01,29.75,-0.01,1,2975,卖盘
10:55:05,29.76,0.01,21,62484,买盘
10:55:07,29.75,-0.01,86,255867,卖盘
10:55:09,29.75,0.0,19,56525,卖盘
10:55:13,29.75,0.0,80,238014,卖盘
10:55:15,29.76,0.01,48,142808,买盘
10:55:19,29.75,-0.01,37,110075,卖盘
10:55:21,29.75,0.0,293,871693,卖盘
10:55:24,29.75,0.0,5,14875,买盘
10:55:28,29.74,-0.01,27,80298,卖盘
10:55:31,29.75,0.01,9,26771,买盘
10:55:34,29.74,-0.01,14,41637,卖盘
10:55:36,29.74,0.0,52,154664,卖盘
10:55:40,29.74,0.0,132,392575,卖盘
10:55:42,29.74,0.0,25,74354,卖盘
10:55:46,29.73,-0.01,255,758124,卖盘
10:55:48,29.73,0.0,24,71370,卖盘
10:55:52,29.74,0.01,4,11896,买盘
10:55:55,29.73,-0.01,161,478675,卖盘
10:55:57,29.73,0.0,7,20815,卖盘
10:56:01,29.73,0.0,68,202167,卖盘
10:56:05,29.73,0.0,40,118940,卖盘
10:56:07,29.73,0.0,36,107042,卖盘
10:56:09,29.74,0.01,21,62439,买盘
10:56:12,29.74,0.0,95,282419,买盘
10:56:16,29.73,-0.01,34,101091,卖盘
10:56:18,29.73,0.0,20,59460,买盘
10:56:22,29.73,0.0,22,65398,买盘
10:56:24,29.73,0.0,154,457842,买盘
10:56:28,29.72,-0.01,7,20807,卖盘
10:56:30,29.72,0.0,166,493441,卖盘
10:56:33,29.72,0.0,66,196203,卖盘
10:56:36,29.73,0.01,70,208110,买盘
10:56:39,29.73,0.0,25,74325,卖盘
10:56:43,29.73,0.0,37,110015,卖盘
10:56:45,29.73,0.0,101,300349,卖盘
10:56:48,29.73,0.0,89,264664,卖盘
10:56:52,29.75,0.02,39,115966,买盘
10:56:54,29.74,-0.01,8,23799,卖盘
10:56:57,29.75,0.01,520,1546054,买盘
10:57:01,29.74,-0.01,14,41636,买盘
10:57:04,29.74,0.0,60,178440,买盘
10:57:07,29.74,0.0,2,5948,卖盘
10:57:09,29.74,0.0,44,130856,卖盘
10:57:12,29.75,0.01,34,101124,买盘
10:57:15,29.75,0.0,48,142773,买盘
10:57:19,29.75,0.0,26,77344,买盘
10:57:22,29.75,0.0,84,249854,买盘
10:57:24,29.75,0.0,331,984281,买盘
10:57:27,29.74,-0.01,34,101130,卖盘
10:57:31,29.76,0.02,17,50583,买盘
10:57:34,29.76,0.0,31,92234,买盘
10:57:36,29.75,-0.01,39,116009,买盘
10:57:40,29.75,0.0,17,50573,买盘
10:57:43,29.75,0.0,16,47600,卖盘
10:57:45,29.75,0.0,32,95207,卖盘
10:57:48,29.75,0.0,104,309507,卖盘
10:57:51,29.74,-0.01,80,237974,卖盘
10:57:54,29.76,0.02,21,61394,买盘
10:57:58,29.75,-0.01,35,105226,卖盘
10:58:00,29.76,0.01,116,343862,卖盘
10:58:05,29.76,0.0,5,14880,卖盘
10:58:07,29.76,0.0,15,44640,卖盘
10:58:10,29.76,0.0,35,104189,卖盘
10:58:12,29.76,0.0,25,74400,卖盘
10:58:16,29.76,0.0,42,125022,卖盘
10:58:18,29.77,0.01,24,71437,买盘
10:58:22,29.77,0.0,70,208379,买盘
10:58:24,29.77,0.0,45,133964,买盘
10:58:28,29.77,0.0,16,47631,买盘
10:58:31,29.77,0.0,12,35719,买盘
10:58:33,29.76,-0.01,76,226235,卖盘
10:58:37,29.77,0.01,6,17862,买盘
10:58:39,29.77,0.0,9,26793,买盘
10:58:43,29.78,0.01,5,14890,买盘
10:58:45,29.77,-0.01,11,32748,卖盘
10:58:49,29.77,0.0,18,53590,卖盘
10:58:51,29.77,0.0,33,98265,卖盘
10:58:54,29.78,0.01,66,196548,买盘
10:58:57,29.79,0.01,193,574755,买盘
10:59:04,29.8,0.01,15,44686,买盘
10:59:06,29.79,-0.01,34,101319,中性盘
10:59:09,29.79,0.0,25,74493,中性盘
10:59:13,29.78,-0.01,26,77456,卖盘
10:59:15,29.79,0.01,52,154924,卖盘
10:59:19,29.8,0.01,9,26819,买盘
10:59:22,29.8,0.0,98,291947,买盘
10:59:25,29.8,0.0,48,143006,买盘
10:59:27,29.8,0.0,184,548101,买盘
10:59:31,29.8,0.0,9,26818,买盘
10:59:34,29.78,-0.02,105,312836,卖盘
10:59:37,29.8,0.02,120,357502,买盘
10:59:39,29.8,0.0,2,5960,买盘
10:59:42,29.8,0.0,86,256210,买盘
10:59:46,29.8,0.0,25,74476,买盘
10:59:48,29.79,-0.01,26,77478,卖盘
10:59:51,29.8,0.01,10,29800,买盘
10:59:54,29.8,0.0,57,169860,买盘
10:59:57,29.8,0.0,38,113240,卖盘
11:00:01,29.81,0.01,5,14905,买盘
11:00:05,29.81,0.0,5,14905,买盘
11:00:07,29.81,0.0,141,419102,买盘
11:00:09,29.82,0.01,122,363673,买盘
11:00:13,29.82,0.0,33,98358,买盘
11:00:15,29.8,-0.02,18,53663,卖盘
11:00:19,29.82,0.02,51,152042,买盘
11:00:21,29.82,0.0,14,41737,卖盘
11:00:25,29.82,0.0,84,250395,买盘
11:00:27,29.82,0.0,54,160965,买盘
11:00:31,29.82,0.0,10,29816,买盘
11:00:33,29.83,0.01,12,35785,买盘
11:00:37,29.82,-0.01,21,62622,卖盘
11:00:39,29.79,-0.03,33,99536,卖盘
11:00:43,29.8,0.01,29,86449,买盘
11:00:45,29.8,0.0,10,29800,买盘
11:00:49,29.79,-0.01,73,217537,卖盘
11:00:52,29.8,0.01,97,289047,买盘
11:00:55,29.8,0.0,22,65550,买盘
11:00:57,29.8,0.0,77,229397,买盘
11:01:00,29.8,0.0,18,53627,买盘
11:01:04,29.79,-0.01,17,50653,卖盘
11:01:07,29.79,0.0,119,354597,卖盘
11:01:10,29.79,0.0,2,5959,卖盘
11:01:12,29.79,0.0,52,154925,卖盘
11:01:15,29.8,0.01,26,77459,买盘
11:01:18,29.8,0.0,2,5960,买盘
11:01:21,29.79,-0.01,125,372385,卖盘
11:01:24,29.79,0.0,196,583889,卖盘
11:01:28,29.79,0.0,13,38726,买盘
11:01:30,29.79,0.0,13,38715,买盘
11:01:34,29.79,0.0,79,235284,买盘
11:01:37,29.78,-0.01,132,393100,卖盘
11:01:40,29.79,0.01,23,68505,买盘
11:01:43,29.77,-0.02,100,297700,卖盘
11:01:46,29.77,0.0,20,59556,卖盘
11:01:48,29.78,0.01,102,303822,买盘
11:01:52,29.78,0.0,6,17863,买盘
11:01:54,29.78,0.0,71,211438,买盘
11:01:57,29.78,0.0,53,157834,卖盘
11:02:00,29.79,0.01,9,26807,买盘
11:02:05,29.78,-0.01,37,110186,卖盘
11:02:06,29.78,0.0,43,128054,卖盘
11:02:09,29.79,0.01,9,26805,买盘
11:02:12,29.78,-0.01,27,80427,卖盘
11:02:16,29.79,0.01,91,271026,买盘
11:02:19,29.78,-0.01,50,148911,卖盘
11:02:22,29.79,0.01,121,360425,买盘
11:02:24,29.79,0.0,1,2979,买盘
11:02:28,29.78,-0.01,41,122108,卖盘
11:02:30,29.78,0.0,24,71472,卖盘
11:02:33,29.78,0.0,22,65520,卖盘
11:02:37,29.79,0.01,14,41693,买盘
11:02:42,29.78,-0.01,14,41692,卖盘
11:02:46,29.77,-0.01,10,29779,卖盘
11:02:48,29.78,0.01,39,116141,买盘
11:02:52,29.78,0.0,1,2978,买盘
11:02:54,29.78,0.0,8,23822,买盘
11:02:57,29.77,-0.01,13,38704,卖盘
11:03:00,29.78,0.01,109,324528,买盘
11:03:04,29.78,0.0,144,428832,买盘
11:03:06,29.79,0.01,129,384654,买盘
11:03:10,29.78,-0.01,6,17869,中性盘
11:03:13,29.79,0.01,50,148945,买盘
11:03:15,29.8,0.01,27,80434,买盘
11:03:19,29.79,-0.01,57,169807,卖盘
11:03:22,29.79,0.0,43,128096,卖盘
11:03:25,29.79,0.0,19,56601,买盘
11:03:27,29.79,0.0,70,208528,买盘
11:03:31,29.78,-0.01,61,181659,卖盘
11:03:34,29.79,0.01,20,59579,买盘
11:03:37,29.79,0.0,23,68504,买盘
11:03:39,29.79,0.0,14,41706,买盘
11:03:45,29.79,0.0,10,29789,买盘
11:03:48,29.79,0.0,106,315773,买盘
11:03:52,29.8,0.01,105,312799,买盘
11:03:55,29.79,-0.01,55,163847,卖盘
11:03:57,29.79,0.0,67,199593,买盘
11:04:00,29.8,0.01,6,17880,买盘
11:04:04,29.8,0.0,1,2980,买盘
11:04:07,29.79,-0.01,75,223486,卖盘
11:04:09,29.8,0.01,172,512532,买盘
11:04:12,29.81,0.01,36,107285,买盘
11:04:16,29.8,-0.01,66,196672,卖盘
11:04:18,29.81,0.01,69,205631,买盘
11:04:22,29.8,-0.01,9,26820,卖盘
11:04:24,29.8,0.0,30,89400,买盘
11:04:28,29.8,0.0,38,113240,买盘
11:04:30,29.82,0.02,120,356601,买盘
11:04:33,29.82,0.0,73,217689,卖盘
11:04:37,29.83,0.01,6,17898,买盘
11:04:39,29.83,0.0,61,181963,买盘
11:04:42,29.83,0.0,1,2983,买盘
11:04:46,29.83,0.0,55,164065,买盘
11:04:48,29.83,0.0,21,62651,卖盘
11:04:52,29.83,0.0,67,199861,卖盘
11:04:55,29.83,0.0,15,44750,卖盘
11:04:58,29.84,0.01,30,89517,买盘
11:05:00,29.84,0.0,10,29840,买盘
11:05:04,29.82,-0.02,326,973386,卖盘
11:05:06,29.82,0.0,7,20874,买盘
11:05:09,29.82,0.0,25,74549,买盘
11:05:13,29.81,-0.01,48,143132,卖盘
11:05:16,29.81,0.0,37,110307,卖盘
11:05:18,29.82,0.01,6,17892,买盘
11:05:22,29.81,-0.01,2,5963,卖盘
11:05:24,29.81,0.0,10,29810,卖盘
11:05:28,29.82,0.01,22,65603,买盘
11:05:30,29.81,-0.01,190,566521,卖盘
11:05:33,29.81,0.0,20,59620,卖盘
11:05:37,29.81,0.0,78,232526,卖盘
11:05:40,29.81,0.0,8,23848,买盘
11:05:43,29.81,0.0,5,14905,买盘
11:05:45,29.81,0.0,57,169917,买盘
11:05:48,29.8,-0.01,3,8942,卖盘
11:05:51,29.81,0.01,8,23848,买盘
11:05:55,29.81,0.0,19,56631,买盘
11:05:58,29.81,0.0,11,32789,买盘
11:06:01,29.81,0.0,24,71544,买盘
11:06:04,29.8,-0.01,10,29806,卖盘
11:06:07,29.81,0.01,17,50664,买盘
11:06:10,29.81,0.0,2,5961,买盘
11:06:12,29.81,0.0,3,8943,买盘
11:06:15,29.8,-0.01,88,262264,卖盘
11:06:18,29.81,0.01,13,38743,买盘
11:06:22,29.8,-0.01,90,268250,卖盘
11:06:25,29.81,0.01,176,524645,买盘
11:06:28,29.8,-0.01,16,47695,卖盘
11:06:30,29.8,0.0,73,217554,卖盘
11:06:34,29.8,0.0,55,163936,卖盘
11:06:36,29.81,0.01,29,86437,买盘
11:06:39,29.8,-0.01,10,29800,卖盘
11:06:42,29.8,0.0,8,23842,卖盘
11:06:45,29.81,0.01,19,56639,买盘
11:06:49,29.81,0.0,26,77505,买盘
11:06:51,29.82,0.01,7,20874,买盘
11:06:55,29.8,-0.02,646,1925171,卖盘
11:06:58,29.81,0.01,12,35772,买盘
11:07:00,29.81,0.0,50,149050,买盘
11:07:04,29.81,0.0,102,304052,买盘
11:07:07,29.82,0.01,75,223573,买盘
11:07:09,29.8,-0.02,1,2980,卖盘
11:07:12,29.81,0.01,8,23852,卖盘
11:07:16,29.8,-0.01,298,888063,卖盘
11:07:19,29.81,0.01,4,11924,买盘
11:07:21,29.82,0.01,43,128186,买盘
11:07:25,29.8,-0.02,34,101324,卖盘
11:07:27,29.81,0.01,52,154961,买盘
11:07:31,29.81,0.0,73,217554,买盘
11:07:34,29.81,0.0,3,8944,卖盘
11:07:36,29.82,0.01,31,92429,买盘
11:07:39,29.82,0.0,28,83478,买盘
11:07:43,29.82,0.0,16,47712,买盘
11:07:45,29.81,-0.01,25,74525,卖盘
11:07:49,29.81,0.0,131,390518,卖盘
11:07:51,29.81,0.0,10,29810,买盘
11:07:54,29.8,-0.01,18,53647,卖盘
11:07:58,29.81,0.01,5,14901,买盘
11:08:04,29.81,0.0,20,59619,买盘
11:08:07,29.81,0.0,24,71531,买盘
11:08:10,29.8,-0.01,23,68561,卖盘
11:08:13,29.8,0.0,12,35771,卖盘
11:08:15,29.81,0.01,143,426146,中性盘
11:08:19,29.8,-0.01,4,11922,卖盘
11:08:21,29.81,0.01,10,29810,买盘
11:08:24,29.8,-0.01,12,35760,卖盘
11:08:27,29.8,0.0,6,17885,卖盘
11:08:31,29.78,-0.02,1016,3026564,卖盘
11:08:33,29.78,0.0,8,23826,买盘
11:08:36,29.78,0.0,28,83385,买盘
11:08:40,29.78,0.0,39,116142,买盘
11:08:43,29.78,0.0,7,20846,买盘
11:08:46,29.78,0.0,12,35736,买盘
11:08:48,29.78,0.0,86,256029,买盘
11:08:51,29.78,0.0,59,175702,买盘
11:08:55,29.79,0.01,12,35748,中性盘
11:08:57,29.79,0.0,9,26818,卖盘
11:09:00,29.79,0.0,19,56601,买盘
11:09:04,29.79,0.0,2,5957,买盘
11:09:07,29.78,-0.01,14,41692,卖盘
11:09:10,29.78,0.0,7,21598,卖盘
11:09:12,29.79,0.01,17,50643,买盘
11:09:16,29.78,-0.01,29,86362,卖盘
11:09:18,29.8,0.02,36,107210,买盘
11:09:22,29.8,0.0,46,137026,买盘
11:09:24,29.79,-0.01,54,160866,卖盘
11:09:28,29.8,0.01,6,17876,买盘
11:09:30,29.8,0.0,63,187673,买盘
11:09:36,29.8,0.0,16,47667,买盘
11:09:39,29.8,0.0,10,29800,买盘
11:09:42,29.8,0.0,21,62558,买盘
11:09:46,29.78,-0.02,46,137066,卖盘
11:09:48,29.8,0.02,19,56616,买盘
11:09:54,29.78,-0.02,49,145966,卖盘
11:09:57,29.8,0.02,13,38720,买盘
11:10:00,29.8,0.0,42,125160,买盘
11:10:05,29.8,0.0,11,32780,买盘
11:10:06,29.78,-0.02,17,50636,卖盘
11:10:10,29.79,0.01,66,196614,买盘
11:10:12,29.79,0.0,14,41706,买盘
11:10:16,29.78,-0.01,25,74472,卖盘
11:10:18,29.78,0.0,9,26808,卖盘
11:10:22,29.79,0.01,61,181711,买盘
11:10:24,29.78,-0.01,21,62548,卖盘
11:10:28,29.78,0.0,10,29788,卖盘
11:10:30,29.78,0.0,189,563066,卖盘
11:10:33,29.79,0.01,6,17875,中性盘
11:10:36,29.8,0.01,92,274127,买盘
11:10:39,29.8,0.0,4,11920,买盘
11:10:43,29.81,0.01,1,2981,买盘
11:10:45,29.8,-0.01,28,83441,卖盘
11:10:49,29.8,0.0,29,86442,卖盘
11:10:51,29.81,0.01,73,217610,买盘
11:10:54,29.81,0.0,65,193765,卖盘
11:10:57,29.82,0.01,5,14909,买盘
11:11:00,29.81,-0.01,39,116271,卖盘
11:11:06,29.81,0.0,120,357720,卖盘
11:11:09,29.82,0.01,81,241539,买盘
11:11:12,29.82,0.0,1,2982,买盘
11:11:15,29.81,-0.01,7,20872,卖盘
11:11:18,29.81,0.0,19,56637,买盘
11:11:22,29.81,0.0,21,62584,买盘
11:11:25,29.81,0.0,17,50669,买盘
11:11:28,29.8,-0.01,93,277140,卖盘
11:11:31,29.81,0.01,6,17886,买盘
11:11:33,29.8,-0.01,165,491711,卖盘
11:11:37,29.8,0.0,80,238389,买盘
11:11:40,29.8,0.0,65,193700,买盘
11:11:42,29.78,-0.02,83,247190,卖盘
11:11:45,29.79,0.01,25,74480,中性盘
11:11:48,29.79,0.0,31,92332,买盘
11:11:51,29.79,0.0,24,71496,买盘
11:11:55,29.79,0.0,17,50632,买盘
11:11:57,29.79,0.0,22,65537,买盘
11:12:01,29.79,0.0,12,35746,买盘
11:12:04,29.78,-0.01,34,101262,卖盘
11:12:07,29.78,0.0,43,128096,卖盘
11:12:09,29.79,0.01,16,47664,买盘
11:12:12,29.78,-0.01,11,32758,卖盘
11:12:16,29.79,0.01,104,309796,买盘
11:12:19,29.79,0.0,24,71501,卖盘
11:12:21,29.79,0.0,118,351563,卖盘
11:12:25,29.79,0.0,25,74509,卖盘
11:12:28,29.8,0.01,15,44699,买盘
11:12:30,29.79,-0.01,14,41706,卖盘
11:12:33,29.79,0.0,26,77454,卖盘
11:12:36,29.78,-0.01,390,1160833,卖盘
11:12:40,29.78,0.0,40,119120,买盘
11:12:42,29.77,-0.01,43,128012,卖盘
11:12:46,29.77,0.0,174,518151,卖盘
11:12:48,29.78,0.01,33,98248,买盘
11:12:51,29.77,-0.01,85,253050,卖盘
11:12:55,29.78,0.01,108,321600,买盘
11:12:57,29.78,0.0,17,50611,买盘
11:13:00,29.78,0.0,176,523958,买盘
11:13:05,29.77,-0.01,85,253045,卖盘
11:13:06,29.77,0.0,21,62524,卖盘
11:13:09,29.77,0.0,95,282249,卖盘
11:13:12,29.76,-0.01,510,1517765,卖盘
11:13:15,29.77,0.01,3,8929,买盘
11:13:18,29.76,-0.01,27,80353,卖盘
11:13:21,29.76,0.0,98,291648,卖盘
11:13:25,29.77,0.01,6,17862,买盘
11:13:27,29.76,-0.01,62,184529,卖盘
11:13:30,29.77,0.01,12,35721,买盘
11:13:33,29.76,-0.01,12,35712,买盘
11:13:37,29.76,0.0,35,104147,买盘
11:13:40,29.76,0.0,10,29760,买盘
11:13:42,29.76,0.0,214,636859,买盘
11:13:45,29.77,0.01,5,14885,买盘
11:13:48,29.76,-0.01,25,74400,卖盘
11:13:52,29.76,0.0,38,113677,卖盘
11:13:55,29.76,0.0,27,79787,卖盘
11:13:57,29.76,0.0,18,53568,买盘
11:14:01,29.75,-0.01,79,235044,卖盘
11:14:07,29.76,0.01,36,107123,买盘
11:14:09,29.75,-0.01,33,98188,卖盘
11:14:13,29.76,0.01,19,56535,买盘
11:14:18,29.76,0.0,23,68438,买盘
11:14:22,29.76,0.0,29,86304,买盘
11:14:25,29.76,0.0,3,8928,买盘
11:14:28,29.75,-0.01,469,1395287,卖盘
11:14:30,29.76,0.01,31,92256,买盘
11:14:33,29.76,0.0,5,14879,买盘
11:14:36,29.75,-0.01,45,133895,卖盘
11:14:40,29.76,0.01,164,487982,买盘
11:14:42,29.76,0.0,66,196416,卖盘
11:14:45,29.76,0.0,16,47616,卖盘
11:14:49,29.76,0.0,1,2976,买盘
11:14:52,29.76,0.0,21,62496,买盘
11:14:54,29.76,0.0,1,2976,买盘
11:14:57,29.76,0.0,26,77356,买盘
11:15:00,29.75,-0.01,21,62495,卖盘
11:15:04,29.76,0.01,437,1300097,买盘
11:15:06,29.75,-0.01,49,145801,卖盘
11:15:09,29.76,0.01,23,68447,买盘
11:15:12,29.76,0.0,36,107105,买盘
11:15:15,29.75,-0.01,92,273700,卖盘
11:15:19,29.76,0.01,9,26783,买盘
11:15:21,29.75,-0.01,229,681285,卖盘
11:15:24,29.75,0.0,14,41651,卖盘
11:15:28,29.75,0.0,14,41650,买盘
11:15:31,29.75,0.0,45,133866,买盘
11:15:33,29.75,0.0,20,59500,买盘
11:15:37,29.75,0.0,36,107087,买盘
11:15:39,29.74,-0.01,42,124919,卖盘
11:15:42,29.75,0.01,222,660415,买盘
11:15:46,29.74,-0.01,29,86251,卖盘
11:15:48,29.75,0.01,122,362950,买盘
11:15:52,29.74,-0.01,5,14870,卖盘
11:15:54,29.75,0.01,145,431286,买盘
11:15:57,29.76,0.01,220,654670,买盘
11:16:01,29.75,-0.01,195,580416,中性盘
11:16:06,29.75,0.0,36,107119,卖盘
11:16:09,29.76,0.01,10,29765,中性盘
11:16:12,29.76,0.0,5,14880,卖盘
11:16:15,29.76,0.0,22,65485,卖盘
11:16:18,29.76,0.0,5,14880,买盘
11:16:21,29.76,0.0,36,107127,买盘
11:16:25,29.75,-0.01,43,127960,卖盘
11:16:28,29.75,0.0,15,44639,卖盘
11:16:31,29.76,0.01,28,83328,买盘
11:16:34,29.76,0.0,61,181529,买盘
11:16:36,29.76,0.0,15,44628,买盘
11:16:39,29.76,0.0,31,92256,买盘
11:16:42,29.76,0.0,34,101157,买盘
11:16:48,29.76,0.0,14,41663,买盘
11:16:51,29.76,0.0,16,47607,买盘
11:16:55,29.76,0.0,34,101173,买盘
11:16:58,29.76,0.0,54,160704,买盘
11:17:00,29.75,-0.01,26,77351,卖盘
11:17:04,29.77,0.02,366,1089217,买盘
11:17:06,29.76,-0.01,14,41664,卖盘
11:17:09,29.76,0.0,35,104163,卖盘
11:17:13,29.76,0.0,182,542611,卖盘
11:17:15,29.76,0.0,6,17856,买盘
11:17:21,29.76,0.0,48,142848,买盘
11:17:25,29.76,0.0,26,77355,买盘
11:17:27,29.75,-0.01,11,32726,卖盘
11:17:30,29.76,0.01,18,53558,买盘
11:17:33,29.76,0.0,207,615831,买盘
11:17:36,29.76,0.0,20,59506,买盘
11:17:39,29.75,-0.01,18,53567,卖盘
11:17:43,29.76,0.01,22,65472,买盘
11:17:46,29.75,-0.01,29,86279,卖盘
11:17:49,29.76,0.01,18,53567,买盘
11:17:52,29.75,-0.01,52,154700,卖盘
11:17:55,29.75,0.0,36,107126,卖盘
11:17:57,29.76,0.01,33,98190,买盘
11:18:00,29.76,0.0,7,20832,买盘
11:18:05,29.76,0.0,138,410688,买盘
11:18:07,29.76,0.0,14,41651,买盘
11:18:09,29.76,0.0,24,71415,买盘
11:18:12,29.75,-0.01,17,50583,卖盘
11:18:15,29.76,0.01,58,172584,买盘
11:18:19,29.76,0.0,32,95231,买盘
11:18:22,29.76,0.0,18,53568,买盘
11:18:24,29.75,-0.01,235,697940,卖盘
11:18:28,29.75,0.0,15,44618,买盘
11:18:33,29.74,-0.01,90,269069,卖盘
11:18:36,29.74,0.0,33,98152,卖盘
11:18:40,29.75,0.01,65,193374,买盘
11:18:43,29.75,0.0,31,92225,买盘
11:18:45,29.75,0.0,74,220132,买盘
11:18:49,29.75,0.0,11,32724,买盘
11:18:51,29.74,-0.01,125,370352,卖盘
11:18:55,29.74,0.0,14,41636,买盘
11:18:58,29.73,-0.01,45,133822,卖盘
11:19:00,29.73,0.0,77,228922,卖盘
11:19:04,29.73,0.0,30,89190,卖盘
11:19:06,29.73,0.0,175,520281,卖盘
11:19:12,29.73,0.0,46,136758,卖盘
11:19:15,29.75,0.02,344,1023054,买盘
11:19:18,29.75,0.0,90,267773,卖盘
11:19:22,29.73,-0.02,70,208134,卖盘
11:19:25,29.75,0.02,12,35700,卖盘
11:19:28,29.75,0.0,13,38679,卖盘
11:19:36,29.76,0.01,28,83315,买盘
11:19:40,29.75,-0.01,67,199382,卖盘
11:19:43,29.75,0.0,82,243963,卖盘
11:19:45,29.75,0.0,15,44630,卖盘
11:19:49,29.76,0.01,16,47615,买盘
11:19:52,29.76,0.0,17,50592,买盘
11:19:55,29.75,-0.01,8,23800,卖盘
11:20:00,29.75,0.0,25,74392,卖盘
11:20:05,29.77,0.02,16,47611,买盘
11:20:07,29.77,0.0,23,68447,买盘
11:20:09,29.78,0.01,92,273973,买盘
11:20:12,29.77,-0.01,14,41682,卖盘
11:20:15,29.76,-0.01,9,26786,卖盘
11:20:18,29.77,0.01,80,238162,买盘
11:20:21,29.78,0.01,72,214317,买盘
11:20:25,29.77,-0.01,12,35734,卖盘
11:20:27,29.77,0.0,5,14885,卖盘
11:20:30,29.79,0.02,22,65538,买盘
11:20:33,29.79,0.0,13,38725,买盘
11:20:36,29.77,-0.02,93,276861,卖盘
11:20:40,29.78,0.01,10,29780,买盘
11:20:42,29.78,0.0,4,11912,买盘
11:20:45,29.77,-0.01,34,101243,卖盘
11:20:48,29.78,0.01,14,41689,买盘
11:20:51,29.78,0.0,65,193550,买盘
11:20:54,29.78,0.0,35,104217,买盘
11:20:58,29.79,0.01,38,113171,买盘
11:21:00,29.78,-0.01,1,2978,卖盘
11:21:07,29.78,0.0,39,116156,卖盘
11:21:10,29.78,0.0,1,2978,卖盘
11:21:13,29.78,0.0,82,244268,卖盘
11:21:15,29.79,0.01,12,35741,买盘
11:21:19,29.79,0.0,10,29789,买盘
11:21:21,29.79,0.0,14,41701,买盘
11:21:24,29.79,0.0,12,35741,买盘
11:21:27,29.79,0.0,40,119160,买盘
11:21:30,29.79,0.0,1,2979,买盘
11:21:33,29.79,0.0,3,8936,买盘
11:21:36,29.78,-0.01,14,41693,卖盘
11:21:39,29.79,0.01,7,20853,买盘
11:21:42,29.78,-0.01,50,148900,卖盘
11:21:48,29.79,0.01,31,92349,买盘
11:21:52,29.76,-0.03,364,1083519,卖盘
11:21:54,29.79,0.03,11,32759,买盘
11:21:58,29.78,-0.01,23,68332,中性盘
11:22:00,29.79,0.01,6,17874,买盘
11:22:07,29.76,-0.03,141,419413,卖盘
11:22:09,29.79,0.03,4,11916,买盘
11:22:12,29.8,0.01,69,205111,买盘
11:22:18,29.8,0.0,2,5959,买盘
11:22:21,29.8,0.0,5,14900,买盘
11:22:25,29.8,0.0,12,35750,买盘
11:22:27,29.8,0.0,3,8940,买盘
11:22:30,29.79,-0.01,25,74493,卖盘
11:22:34,29.8,0.01,14,41720,买盘
11:22:36,29.8,0.0,22,65547,买盘
11:22:40,29.8,0.0,5,14900,买盘
11:22:42,29.8,0.0,10,29800,买盘
11:22:45,29.8,0.0,4,11920,买盘
11:22:48,29.8,0.0,54,160919,买盘
11:22:51,29.8,0.0,21,62568,买盘
11:22:54,29.8,0.0,19,56608,买盘
11:22:58,29.8,0.0,16,47676,买盘
11:23:00,29.8,0.0,37,110224,买盘
11:23:05,29.79,-0.01,40,119184,卖盘
11:23:07,29.8,0.01,174,518498,买盘
11:23:09,29.79,-0.01,49,146014,卖盘
11:23:13,29.81,0.02,122,363455,买盘
11:23:16,29.79,-0.02,27,80433,卖盘
11:23:18,29.8,0.01,25,74514,中性盘
11:23:21,29.8,0.0,6,17880,卖盘
11:23:24,29.79,-0.01,83,247394,卖盘
11:23:28,29.81,0.02,44,131100,买盘
11:23:30,29.81,0.0,12,35756,买盘
11:23:33,29.79,-0.02,33,98342,卖盘
11:23:36,29.8,0.01,28,83421,买盘
11:23:39,29.81,0.01,13,38747,买盘
11:23:42,29.8,-0.01,73,217540,卖盘
11:23:45,29.81,0.01,18,53642,买盘
11:23:49,29.81,0.0,9,26823,买盘
11:23:51,29.81,0.0,68,202706,买盘
11:23:54,29.81,0.0,123,366511,买盘
11:23:58,29.8,-0.01,27,80460,卖盘
11:24:01,29.8,0.0,6,17880,卖盘
11:24:04,29.81,0.01,16,47695,买盘
11:24:06,29.81,0.0,20,59600,买盘
11:24:09,29.81,0.0,21,62587,买盘
11:24:12,29.81,0.0,11,32781,买盘
11:24:15,29.8,-0.01,21,62577,中性盘
11:24:19,29.8,0.0,21,62574,买盘
11:24:21,29.8,0.0,49,145981,买盘
11:24:24,29.8,0.0,31,92360,买盘
11:24:28,29.8,0.0,8,23833,买盘
11:24:31,29.8,0.0,60,178796,买盘
11:24:33,29.8,0.0,26,77467,买盘
11:24:37,29.8,0.0,25,74480,买盘
11:24:39,29.8,0.0,50,148995,买盘
11:24:43,29.79,-0.01,47,140037,卖盘
11:24:45,29.8,0.01,67,199649,买盘
11:24:49,29.79,-0.01,15,44685,卖盘
11:24:51,29.79,0.0,3,8937,卖盘
11:24:55,29.79,0.0,28,83430,卖盘
11:24:57,29.8,0.01,137,408132,买盘
11:25:01,29.8,0.0,104,309890,买盘
11:25:04,29.79,-0.01,24,71496,卖盘
11:25:07,29.8,0.01,27,80443,买盘
11:25:09,29.8,0.0,32,95354,买盘
11:25:12,29.79,-0.01,9,26811,卖盘
11:25:16,29.79,0.0,3,8937,卖盘
11:25:19,29.79,0.0,8,23837,卖盘
11:25:22,29.79,0.0,1,2979,卖盘
11:25:24,29.79,0.0,59,175761,卖盘
11:25:27,29.79,0.0,44,131086,卖盘
11:25:31,29.8,0.01,28,83430,买盘
11:25:34,29.79,-0.01,6,17874,卖盘
11:25:36,29.79,0.0,17,50644,卖盘
11:25:40,29.79,0.0,10,29793,卖盘
11:25:42,29.79,0.0,199,592841,卖盘
11:25:45,29.79,0.0,143,426446,卖盘
11:25:49,29.79,0.0,35,104231,买盘
11:25:52,29.79,0.0,21,62549,买盘
11:25:55,29.78,-0.01,155,461711,卖盘
11:25:57,29.78,0.0,39,116148,卖盘
11:26:01,29.78,0.0,10,29771,买盘
11:26:04,29.78,0.0,17,50624,买盘
11:26:07,29.77,-0.01,85,253050,卖盘
11:26:09,29.77,0.0,17,50609,卖盘
11:26:13,29.77,0.0,65,193530,买盘
11:26:15,29.77,0.0,19,56563,卖盘
11:26:19,29.76,-0.01,5,14881,卖盘
11:26:21,29.77,0.01,10,29767,买盘
11:26:24,29.76,-0.01,44,130962,卖盘
11:26:27,29.77,0.01,8,23816,卖盘
11:26:30,29.76,-0.01,4,11904,卖盘
11:26:33,29.77,0.01,43,128014,买盘
11:26:36,29.8,0.03,164,488565,买盘
11:26:40,29.77,-0.03,7,20839,卖盘
11:26:45,29.8,0.03,56,166790,买盘
11:26:48,29.8,0.0,16,47650,买盘
11:26:52,29.79,-0.01,2,5959,中性盘
11:26:54,29.77,-0.02,7,20839,卖盘
11:26:58,29.77,0.0,102,303654,卖盘
11:27:00,29.77,0.0,10,29770,买盘
11:27:04,29.79,0.02,3,8936,买盘
11:27:06,29.78,-0.01,17,50626,卖盘
11:27:09,29.79,0.01,11,32763,买盘
11:27:12,29.79,0.0,7,20853,买盘
11:27:16,29.78,-0.01,5,14890,卖盘
11:27:18,29.78,0.0,17,50642,卖盘
11:27:21,29.78,0.0,43,128059,卖盘
11:27:25,29.79,0.01,59,175744,买盘
11:27:30,29.79,0.0,15,44690,卖盘
11:27:34,29.79,0.0,37,110223,卖盘
11:27:36,29.79,0.0,7,20853,买盘
11:27:40,29.78,-0.01,5,14890,卖盘
11:27:42,29.78,0.0,13,38719,卖盘
11:27:46,29.79,0.01,14,41693,买盘
11:27:48,29.79,0.0,17,50643,买盘
11:27:55,29.78,-0.01,34,101256,卖盘
11:27:57,29.78,0.0,5,14890,买盘
11:28:01,29.78,0.0,13,38714,买盘
11:28:04,29.78,0.0,17,50626,买盘
11:28:07,29.79,0.01,89,265066,买盘
11:28:09,29.76,-0.03,303,902721,卖盘
11:28:13,29.76,0.0,10,29760,买盘
11:28:15,29.76,0.0,7,20832,买盘
11:28:19,29.76,0.0,60,178503,买盘
11:28:21,29.76,0.0,126,374976,买盘
11:28:25,29.76,0.0,69,205282,买盘
11:28:28,29.76,0.0,33,98207,买盘
11:28:30,29.76,0.0,7,20832,买盘
11:28:34,29.76,0.0,12,35712,买盘
11:28:36,29.76,0.0,139,413651,买盘
11:28:39,29.75,-0.01,94,279701,卖盘
11:28:42,29.76,0.01,11,32736,买盘
11:28:45,29.75,-0.01,18,53550,卖盘
11:28:48,29.75,0.0,139,413534,卖盘
11:28:52,29.76,0.01,17,50592,买盘
11:28:54,29.74,-0.02,501,1490493,卖盘
11:28:58,29.75,0.01,269,800275,买盘
11:29:00,29.74,-0.01,34,101125,卖盘
11:29:04,29.75,0.01,96,285600,买盘
11:29:07,29.75,0.0,44,130906,卖盘
11:29:09,29.75,0.0,22,65455,卖盘
11:29:12,29.79,0.04,131,389970,买盘
11:29:16,29.79,0.0,7,20853,买盘
11:29:18,29.75,-0.04,1,2975,卖盘
11:29:21,29.78,0.03,6,17868,买盘
11:29:25,29.78,0.0,30,89328,买盘
11:29:27,29.78,0.0,59,175702,买盘
11:29:31,29.78,0.0,64,190592,买盘
11:29:33,29.78,0.0,5,14890,买盘
11:29:37,29.78,0.0,16,47635,买盘
11:29:39,29.79,0.01,18,53612,买盘
11:29:42,29.79,0.0,5,14895,买盘
11:29:45,29.79,0.0,2,5958,买盘
11:29:51,29.79,0.0,1,2979,买盘
11:29:54,29.79,0.0,19,56592,买盘
11:29:58,29.78,-0.01,47,140003,卖盘
11:30:01,29.78,0.0,38,113196,卖盘
13:00:00,29.78,0.0,207,616446,卖盘
13:00:04,29.8,0.02,2043,6084268,买盘
13:00:06,29.81,0.01,241,719710,买盘
13:00:09,29.81,0.0,78,232517,买盘
13:00:12,29.8,-0.01,32,95374,卖盘
13:00:15,29.82,0.02,16,47710,买盘
13:00:18,29.82,0.0,25,74543,买盘
13:00:24,29.81,-0.01,9,26829,卖盘
13:00:27,29.82,0.01,18,53670,买盘
13:00:30,29.82,0.0,138,411674,买盘
13:00:33,29.85,0.03,20,59698,买盘
13:00:37,29.83,-0.02,30,89524,卖盘
13:00:39,29.85,0.02,39,116391,买盘
13:00:43,29.83,-0.02,11,32813,卖盘
13:00:45,29.84,0.01,112,334110,买盘
13:00:49,29.84,0.0,28,83536,买盘
13:00:51,29.84,0.0,14,41776,买盘
13:00:55,29.83,-0.01,711,2122014,卖盘
13:00:57,29.84,0.01,23,68600,买盘
13:01:00,29.84,0.0,24,71631,买盘
13:01:04,29.86,0.02,18,53714,中性盘
13:01:07,29.86,0.0,99,295461,买盘
13:01:10,29.85,-0.01,30,89550,买盘
13:01:12,29.85,0.0,45,134319,买盘
13:01:15,29.85,0.0,32,95515,买盘
13:01:18,29.85,0.0,44,131310,买盘
13:01:21,29.85,0.0,82,244766,买盘
13:01:25,29.84,-0.01,40,119368,卖盘
13:01:28,29.82,-0.02,443,1321869,卖盘
13:01:31,29.82,0.0,2,5964,买盘
13:01:33,29.82,0.0,138,411383,买盘
13:01:36,29.82,0.0,957,2853806,买盘
13:01:40,29.82,0.0,20,59644,卖盘
13:01:42,29.82,0.0,9,26854,卖盘
13:01:45,29.85,0.03,170,506899,买盘
13:01:48,29.82,-0.03,28,83524,中性盘
13:01:54,29.82,0.0,1001,2984980,买盘
13:01:57,29.82,0.0,8,23856,卖盘
13:02:00,29.84,0.02,1537,4579864,买盘
13:02:04,29.84,0.0,11,32810,买盘
13:02:06,29.83,-0.01,61,182014,中性盘
13:02:10,29.82,-0.01,169,504023,卖盘
13:02:12,29.8,-0.02,51,150385,买盘
13:02:15,29.8,0.0,75,223439,买盘
13:02:18,29.8,0.0,82,244332,买盘
13:02:22,29.79,-0.01,103,306837,卖盘
13:02:25,29.79,0.0,88,262214,卖盘
13:02:27,29.79,0.0,307,914857,卖盘
13:02:30,29.8,0.01,22,65560,买盘
13:02:33,29.82,0.02,16,49269,买盘
13:02:36,29.78,-0.04,111,329095,卖盘
13:02:39,29.79,0.01,28,83412,买盘
13:02:42,29.79,0.0,2,5958,买盘
13:02:45,29.79,0.0,65,193588,买盘
13:02:48,29.79,0.0,2,5957,买盘
13:02:52,29.79,0.0,1040,3097145,买盘
13:02:54,29.78,-0.01,46,136995,卖盘
13:02:57,29.81,0.03,140,418648,买盘
13:03:05,29.81,0.0,6,17885,买盘
13:03:07,29.8,-0.01,34,101337,卖盘
13:03:10,29.8,0.0,4,11920,买盘
13:03:12,29.81,0.01,93,277167,买盘
13:03:15,29.82,0.01,13,38757,买盘
13:03:18,29.82,0.0,22,65569,买盘
13:03:22,29.8,-0.02,3,8940,买盘
13:03:25,29.8,0.0,64,190720,买盘
13:03:27,29.8,0.0,18,53640,卖盘
13:03:30,29.8,0.0,41,122213,卖盘
13:03:33,29.8,0.0,551,1641528,卖盘
13:03:37,29.79,-0.01,8,23844,中性盘
13:03:39,29.79,0.0,13,38727,买盘
13:03:42,29.79,0.0,45,134072,买盘
13:03:45,29.79,0.0,929,2765972,买盘
13:03:48,29.78,-0.01,524,1563772,中性盘
13:03:54,29.77,-0.01,9,26793,中性盘
13:03:57,29.78,0.01,5,14890,买盘
13:04:00,29.78,0.0,53,157782,买盘
13:04:04,29.78,0.0,46,136988,卖盘
13:04:07,29.8,0.02,26,77436,买盘
13:04:10,29.72,-0.08,955,2840507,卖盘
13:04:13,29.79,0.07,50,148950,卖盘
13:04:15,29.77,-0.02,190,566101,卖盘
13:04:18,29.77,0.0,5,14885,买盘
13:04:21,29.77,0.0,51,151827,买盘
13:04:24,29.73,-0.04,3022,8980279,卖盘
13:04:27,29.73,0.0,17,50541,买盘
13:04:31,29.73,0.0,633,1881909,买盘
13:04:33,29.72,-0.01,17,50531,卖盘
13:04:36,29.7,-0.02,2514,7466176,卖盘
13:04:39,29.7,0.0,435,1292801,买盘
13:04:42,29.73,0.03,11,32693,买盘
13:04:45,29.73,0.0,30,89188,买盘
13:04:48,29.71,-0.02,8,23768,卖盘
13:04:51,29.73,0.02,1018,3026480,买盘
13:04:54,29.71,-0.02,64,190203,卖盘
13:04:57,29.72,0.01,97,288227,买盘
13:05:00,29.72,0.0,1,2972,买盘
13:05:04,29.72,0.0,110,326331,卖盘
13:05:07,29.73,0.01,14,41609,买盘
13:05:10,29.73,0.0,55,163511,买盘
13:05:13,29.73,0.0,61,181295,买盘
13:05:15,29.73,0.0,11,32698,买盘
13:05:18,29.73,0.0,2471,7340823,买盘
13:05:21,29.75,0.02,5,14874,买盘
13:05:24,29.75,0.0,8,23805,卖盘
13:05:27,29.75,0.0,4,11900,买盘
13:05:30,29.76,0.01,27,80340,买盘
13:05:33,29.76,0.0,7,20832,卖盘
13:05:36,29.76,0.0,19,56549,卖盘
13:05:39,29.77,0.01,1,2977,买盘
13:05:42,29.75,-0.02,43,127925,卖盘
13:05:45,29.77,0.02,71,211322,买盘
13:05:48,29.75,-0.02,34,101200,卖盘
13:05:54,29.76,0.01,31,92285,卖盘
13:05:57,29.76,0.0,8,23808,卖盘
13:06:00,29.74,-0.02,368,1094921,卖盘
13:06:04,29.74,0.0,1004,2985895,买盘
13:06:07,29.76,0.02,29,86291,买盘
13:06:09,29.74,-0.02,832,2474736,卖盘
13:06:13,29.74,0.0,35,104096,卖盘
13:06:15,29.77,0.03,17,50596,买盘
13:06:18,29.75,-0.02,9,26775,卖盘
13:06:21,29.77,0.02,21,62515,买盘
13:06:24,29.75,-0.02,79,235150,卖盘
13:06:27,29.75,0.0,984,2926322,买盘
13:06:31,29.77,0.02,57,169668,买盘
13:06:33,29.75,-0.02,24,71426,卖盘
13:06:39,29.71,-0.04,2063,6129973,卖盘
13:06:42,29.73,0.02,16,47586,卖盘
13:06:45,29.73,0.0,77,228877,买盘
13:06:49,29.73,0.0,1,2973,买盘
13:06:52,29.73,0.0,78,231870,买盘
13:06:54,29.7,-0.03,16,47535,卖盘
13:06:57,29.73,0.03,10,29729,买盘
13:07:01,29.73,0.0,1,2973,买盘
13:07:04,29.71,-0.02,28,83188,卖盘
13:07:07,29.71,0.0,16,47545,卖盘
13:07:10,29.72,0.01,2,5944,买盘
13:07:12,29.72,0.0,85,252542,买盘
13:07:15,29.73,0.01,424,1260551,买盘
13:07:18,29.74,0.01,48,142709,中性盘
13:07:21,29.75,0.01,20,59487,买盘
13:07:24,29.72,-0.03,1013,3011421,卖盘
13:07:27,29.72,0.0,196,582512,买盘
13:07:30,29.73,0.01,144,428027,买盘
13:07:34,29.74,0.01,28,83247,买盘
13:07:36,29.73,-0.01,6,17838,卖盘
13:07:39,29.74,0.01,26,77311,买盘
13:07:42,29.73,-0.01,11,32703,卖盘
13:07:46,29.73,0.0,64,190272,卖盘
13:07:48,29.72,-0.01,118,350784,卖盘
13:07:51,29.72,0.0,113,335936,卖盘
13:07:54,29.73,0.01,40,118916,买盘
13:07:57,29.73,0.0,28,83237,买盘
13:08:00,29.73,0.0,18,53503,买盘
13:08:04,29.73,0.0,145,431085,买盘
13:08:07,29.75,0.02,866,2573412,买盘
13:08:10,29.73,-0.02,81,240867,中性盘
13:08:13,29.75,0.02,15,44617,买盘
13:08:16,29.76,0.01,544,1618668,买盘
13:08:18,29.76,0.0,480,1428478,买盘
13:08:21,29.76,0.0,113,336274,买盘
13:08:24,29.76,0.0,8,23808,卖盘
13:08:27,29.77,0.01,491,1461687,买盘
13:08:31,29.77,0.0,430,1280110,买盘
13:08:33,29.78,0.01,29,86334,买盘
13:08:36,29.78,0.0,320,953350,中性盘
13:08:39,29.77,-0.01,43,128028,卖盘
13:08:42,29.77,0.0,4,11908,卖盘
13:08:45,29.77,0.0,187,556711,卖盘
13:08:48,29.78,0.01,1065,3169359,买盘
13:08:52,29.77,-0.01,3,8932,卖盘
13:08:54,29.78,0.01,44,131031,买盘
13:08:58,29.8,0.02,38,113204,买盘
13:09:00,29.8,0.0,19,56598,买盘
13:09:04,29.8,0.0,260,774792,买盘
13:09:07,29.8,0.0,30,89358,买盘
13:09:10,29.8,0.0,36,107280,买盘
13:09:13,29.8,0.0,754,2246920,买盘
13:09:16,29.8,0.0,105,312893,买盘
13:09:18,29.8,0.0,28,83428,买盘
13:09:22,29.79,-0.01,4,11918,卖盘
13:09:24,29.79,0.0,97,288989,卖盘
13:09:27,29.78,-0.01,528,1572586,卖盘
13:09:30,29.76,-0.02,312,928658,卖盘
13:09:33,29.76,0.0,507,1508832,买盘
13:09:36,29.76,0.0,35,104147,买盘
13:09:39,29.76,0.0,80,238080,买盘
13:09:42,29.76,0.0,41,122016,买盘
13:09:46,29.79,0.03,26,77416,买盘
13:09:52,29.79,0.0,34,101283,买盘
13:09:54,29.78,-0.01,5,14890,卖盘
13:09:57,29.79,0.01,10,29785,买盘
13:10:00,29.75,-0.04,919,2735765,卖盘
13:10:04,29.75,0.0,19,56525,买盘
13:10:07,29.75,0.0,24,71388,买盘
13:10:10,29.74,-0.01,22,65447,卖盘
13:10:12,29.73,-0.01,1025,3048482,卖盘
13:10:15,29.76,0.03,93,276688,买盘
13:10:19,29.75,-0.01,34,101153,卖盘
13:10:21,29.76,0.01,10,29760,买盘
13:10:25,29.75,-0.01,14,41656,卖盘
13:10:30,29.75,0.0,33,98175,卖盘
13:10:33,29.76,0.01,22,65471,买盘
13:10:37,29.75,-0.01,25,74385,卖盘
13:10:40,29.78,0.03,25,74441,买盘
13:10:45,29.78,0.0,18,53604,买盘
13:10:48,29.76,-0.02,100,297600,卖盘
13:10:51,29.8,0.04,105,312864,买盘
13:10:55,29.78,-0.02,20,59564,卖盘
13:10:58,29.76,-0.02,46,136908,卖盘
13:11:00,29.8,0.04,17,50636,买盘
13:11:04,29.8,0.0,97,288773,买盘
13:11:07,29.79,-0.01,5,14895,中性盘
13:11:09,29.8,0.01,21,62569,买盘
13:11:12,29.77,-0.03,16,47634,卖盘
13:11:15,29.8,0.03,711,2116408,买盘
13:11:18,29.8,0.0,5,14900,买盘
13:11:21,29.79,-0.01,22,65538,买盘
13:11:25,29.78,-0.01,40,119126,卖盘
13:11:28,29.79,0.01,12,35748,买盘
13:11:31,29.79,0.0,26,77429,买盘
13:11:33,29.8,0.01,14,41706,买盘
13:11:36,29.79,-0.01,32,95315,买盘
13:11:39,29.79,0.0,36,107264,卖盘
13:11:45,29.79,0.0,218,649176,卖盘
13:11:48,29.76,-0.03,29,86394,卖盘
13:11:52,29.79,0.03,32,95328,买盘
13:11:55,29.79,0.0,19,56601,买盘
13:11:57,29.77,-0.02,298,887524,卖盘
13:12:01,29.77,0.0,12,35724,买盘
13:12:04,29.78,0.01,97,288800,买盘
13:12:07,29.79,0.01,51,151862,买盘
13:12:09,29.8,0.01,17,50653,买盘
13:12:12,29.79,-0.01,18,53622,买盘
13:12:15,29.78,-0.01,11,32763,卖盘
13:12:18,29.79,0.01,86,256182,买盘
13:12:22,29.79,0.0,88,262116,买盘
13:12:25,29.78,-0.01,13,38719,卖盘
13:12:27,29.79,0.01,28,83401,买盘
13:12:30,29.78,-0.01,150,446707,卖盘
13:12:33,29.77,-0.01,18,53599,卖盘
13:12:36,29.78,0.01,94,279850,买盘
13:12:39,29.76,-0.02,346,1029910,卖盘
13:12:42,29.76,0.0,141,419631,卖盘
13:12:45,29.76,0.0,48,142848,买盘
13:12:48,29.75,-0.01,37,110097,卖盘
13:12:51,29.75,0.0,184,547421,卖盘
13:12:54,29.74,-0.01,95,282683,卖盘
13:12:57,29.76,0.02,11,32736,买盘
13:13:00,29.74,-0.02,21,62467,卖盘
13:13:04,29.75,0.01,5,14875,卖盘
13:13:07,29.75,0.0,19,56534,卖盘
13:13:09,29.76,0.01,138,410668,买盘
13:13:12,29.74,-0.02,16,47584,卖盘
13:13:16,29.74,0.0,168,499638,卖盘
13:13:19,29.74,0.0,36,107081,卖盘
13:13:22,29.72,-0.02,366,1088116,卖盘
13:13:24,29.73,0.01,8,23789,中性盘
13:13:27,29.74,0.01,26,77296,买盘
13:13:30,29.72,-0.02,335,995676,卖盘
13:13:33,29.72,0.0,232,689503,买盘
13:13:36,29.72,0.0,581,1725874,买盘
13:13:39,29.72,0.0,17,50524,买盘
13:13:42,29.7,-0.02,169,501308,卖盘
13:13:45,29.69,-0.01,159,472201,卖盘
13:13:48,29.7,0.01,55,163348,买盘
13:13:51,29.7,0.0,26,77208,买盘
13:13:55,29.7,0.0,71,210862,买盘
13:13:58,29.68,-0.02,834,2475687,卖盘
13:14:00,29.67,-0.01,81,240392,卖盘
13:14:04,29.68,0.01,477,1414839,买盘
13:14:06,29.66,-0.02,9,26698,卖盘
13:14:09,29.68,0.02,28,83076,买盘
13:14:13,29.68,0.0,16,47488,买盘
13:14:15,29.67,-0.01,381,1130735,卖盘
13:14:19,29.66,-0.01,847,2512555,卖盘
13:14:21,29.66,0.0,97,287699,买盘
13:14:25,29.66,0.0,108,320328,买盘
13:14:28,29.66,0.0,458,1358391,买盘
13:14:30,29.66,0.0,24,71184,买盘
13:14:33,29.64,-0.02,1175,3484348,卖盘
13:14:37,29.66,0.02,51,151230,买盘
13:14:39,29.65,-0.01,48,142357,卖盘
13:14:43,29.65,0.0,383,1135696,卖盘
13:14:46,29.63,-0.02,586,1736718,卖盘
13:14:48,29.62,-0.01,286,847395,卖盘
13:14:51,29.62,0.0,101,299232,卖盘
13:14:54,29.63,0.01,165,488931,买盘
13:14:57,29.65,0.02,103,305219,买盘
13:15:00,29.65,0.0,1092,3237682,买盘
13:15:04,29.65,0.0,171,507010,买盘
13:15:06,29.64,-0.01,1807,5356621,卖盘
13:15:09,29.66,0.02,49,145329,买盘
13:15:12,29.65,-0.01,180,533700,卖盘
13:15:16,29.63,-0.02,221,654925,卖盘
13:15:18,29.63,0.0,118,349584,买盘
13:15:22,29.63,0.0,287,850380,买盘
13:15:24,29.63,0.0,47,139259,买盘
13:15:27,29.6,-0.03,3935,11649879,卖盘
13:15:30,29.6,0.0,53,156880,买盘
13:15:33,29.59,-0.01,372,1101116,卖盘
13:15:37,29.59,0.0,353,1044857,卖盘
13:15:39,29.59,0.0,598,1770019,卖盘
13:15:43,29.59,0.0,1089,3223431,卖盘
13:15:45,29.63,0.04,148,438115,买盘
13:15:48,29.6,-0.03,688,2037027,卖盘
13:15:51,29.6,0.0,746,2207858,买盘
13:15:54,29.61,0.01,113,334593,中性盘
13:15:57,29.61,0.0,76,225098,卖盘
13:16:00,29.62,0.01,5,14811,买盘
13:16:04,29.63,0.01,100,296239,买盘
13:16:07,29.62,-0.01,40,118480,卖盘
13:16:09,29.6,-0.02,1839,5445048,卖盘
13:16:12,29.6,0.0,103,304860,买盘
13:16:15,29.6,0.0,173,512080,买盘
13:16:19,29.6,0.0,372,1101059,买盘
13:16:21,29.6,0.0,121,358157,买盘
13:16:24,29.59,-0.01,155,458750,卖盘
13:16:28,29.6,0.01,599,1773143,买盘
13:16:31,29.6,0.0,402,1190392,卖盘
13:16:33,29.62,0.02,361,1069391,买盘
13:16:36,29.6,-0.02,1835,5434532,卖盘
13:16:39,29.64,0.04,33,97808,买盘
13:16:42,29.63,-0.01,50,148181,中性盘
13:16:45,29.65,0.02,261,772967,买盘
13:16:48,29.63,-0.02,5,14815,卖盘
13:16:52,29.65,0.02,22,65198,买盘
13:16:54,29.65,0.0,3,8895,买盘
13:16:57,29.64,-0.01,15,44449,中性盘
13:17:01,29.65,0.01,527,1562540,买盘
13:17:05,29.65,0.0,105,311302,买盘
13:17:07,29.65,0.0,56,166040,买盘
13:17:10,29.66,0.01,35,103804,买盘
13:17:12,29.63,-0.03,476,1410868,卖盘
13:17:15,29.63,0.0,23,68149,买盘
13:17:18,29.63,0.0,12,35555,买盘
13:17:21,29.63,0.0,86,254782,买盘
13:17:24,29.62,-0.01,431,1276566,卖盘
13:17:27,29.63,0.01,25,74061,买盘
13:17:30,29.62,-0.01,7,20734,卖盘
13:17:34,29.62,0.0,329,974509,卖盘
13:17:37,29.62,0.0,51,151074,卖盘
13:17:39,29.62,0.0,394,1167057,卖盘
13:17:42,29.63,0.01,257,761325,买盘
13:17:45,29.62,-0.01,65,192593,卖盘
13:17:48,29.63,0.01,26,77028,买盘
13:17:51,29.62,-0.01,68,201436,卖盘
13:17:54,29.62,0.0,1126,3334487,卖盘
13:17:58,29.63,0.01,283,838529,买盘
13:18:01,29.63,0.0,507,1502241,买盘
13:18:04,29.62,-0.01,479,1418981,卖盘
13:18:07,29.63,0.01,49,145192,卖盘
13:18:09,29.63,0.0,75,222242,卖盘
13:18:13,29.63,0.0,17,50373,卖盘
13:18:16,29.64,0.01,85,251918,买盘
13:18:18,29.63,-0.01,113,334889,卖盘
13:18:21,29.63,0.0,5,14817,卖盘
13:18:24,29.63,0.0,57,168917,卖盘
13:18:27,29.64,0.01,372,1102598,买盘
13:18:30,29.63,-0.01,531,1573676,卖盘
13:18:33,29.64,0.01,92,272672,买盘
13:18:36,29.61,-0.03,642,1901267,卖盘
13:18:39,29.61,0.0,310,917910,买盘
13:18:42,29.61,0.0,64,189504,买盘
13:18:45,29.6,-0.01,1638,4848839,卖盘
13:18:49,29.6,0.0,62,183498,买盘
13:18:52,29.6,0.0,43,127275,买盘
13:18:55,29.59,-0.01,95,281187,卖盘
13:18:58,29.6,0.01,175,517995,买盘
13:19:01,29.6,0.0,133,393678,买盘
13:19:04,29.6,0.0,43,127286,卖盘
13:19:07,29.63,0.03,50,148038,买盘
13:19:09,29.61,-0.02,18,53332,卖盘
13:19:12,29.63,0.02,153,453246,买盘
13:19:15,29.64,0.01,70,207299,买盘
13:19:18,29.59,-0.05,1233,3649940,卖盘
13:19:21,29.64,0.05,43,127424,买盘
13:19:24,29.62,-0.02,12,35548,卖盘
13:19:27,29.62,0.0,49,145170,卖盘
13:19:30,29.63,0.01,176,521488,买盘
13:19:33,29.63,0.0,228,675569,卖盘
13:19:37,29.63,0.0,117,346658,买盘
13:19:40,29.62,-0.01,32,94807,卖盘
13:19:42,29.63,0.01,13,38518,买盘
13:19:45,29.64,0.01,490,1451877,买盘
13:19:48,29.63,-0.01,16,47412,中性盘
13:19:51,29.63,0.0,113,334915,卖盘
13:19:54,29.63,0.0,12,35560,卖盘
13:19:57,29.65,0.02,268,794353,买盘
13:20:01,29.66,0.01,862,2554636,买盘
13:20:05,29.67,0.01,21,62290,中性盘
13:20:07,29.67,0.0,14,41534,买盘
13:20:09,29.66,-0.01,39,115678,买盘
13:20:12,29.64,-0.02,465,1378373,卖盘
13:20:15,29.64,0.0,24,71133,买盘
13:20:18,29.64,0.0,315,933650,买盘
13:20:21,29.64,0.0,297,880309,买盘
13:20:25,29.65,0.01,7,20755,买盘
13:20:28,29.65,0.0,70,207608,卖盘
13:20:30,29.66,0.01,21,62286,买盘
13:20:33,29.65,-0.01,142,421153,卖盘
13:20:37,29.65,0.0,79,234293,卖盘
13:20:40,29.66,0.01,40,118630,买盘
13:20:42,29.66,0.0,765,2267423,买盘
13:20:45,29.66,0.0,147,435986,买盘
13:20:49,29.66,0.0,241,714775,买盘
13:20:51,29.66,0.0,24,71191,卖盘
13:20:54,29.66,0.0,6,17797,卖盘
13:20:57,29.66,0.0,32,94916,卖盘
13:21:00,29.65,-0.01,977,2897584,卖盘
13:21:05,29.65,0.0,119,352835,买盘
13:21:07,29.64,-0.01,123,364681,卖盘
13:21:10,29.65,0.01,32,94876,买盘
13:21:12,29.64,-0.01,211,625404,买盘
13:21:16,29.64,0.0,211,625404,买盘
13:21:19,29.64,0.0,84,248976,买盘
13:21:24,29.64,0.0,727,2153670,买盘
13:21:28,29.63,-0.01,14,41486,中性盘
13:21:31,29.65,0.02,64,189760,买盘
13:21:33,29.65,0.0,61,180855,买盘
13:21:36,29.64,-0.01,17,50399,卖盘
13:21:39,29.67,0.03,17,50407,买盘
13:21:42,29.64,-0.03,17,50395,卖盘
13:21:46,29.68,0.04,179,530816,买盘
13:21:48,29.68,0.0,13,38584,买盘
13:21:54,29.68,0.0,235,697207,买盘
13:21:57,29.68,0.0,30,89009,买盘
13:22:01,29.67,-0.01,7,20775,卖盘
13:22:04,29.68,0.01,249,738932,买盘
13:22:06,29.65,-0.03,540,1602226,卖盘
13:22:09,29.65,0.0,341,1011060,买盘
13:22:12,29.65,0.0,120,355800,买盘
13:22:16,29.65,0.0,125,370625,买盘
13:22:18,29.65,0.0,25,74125,买盘
13:22:21,29.65,0.0,1,2965,卖盘
13:22:25,29.65,0.0,171,507015,卖盘
13:22:28,29.65,0.0,93,275745,买盘
13:22:31,29.64,-0.01,38,112662,卖盘
13:22:33,29.65,0.01,21,62269,买盘
13:22:36,29.67,0.02,133,394256,买盘
13:22:39,29.68,0.01,21,62328,买盘
13:22:42,29.67,-0.01,5,14835,卖盘
13:22:45,29.68,0.01,14,41552,买盘
13:22:49,29.65,-0.03,139,412150,卖盘
13:22:52,29.65,0.0,126,373590,买盘
13:22:54,29.65,0.0,11,32615,买盘
13:22:57,29.65,0.0,54,160102,买盘
13:23:00,29.64,-0.01,15,44473,卖盘
13:23:04,29.65,0.01,9,26685,买盘
13:23:06,29.65,0.0,60,177875,买盘
13:23:09,29.65,0.0,37,109705,买盘
13:23:12,29.65,0.0,19,56321,买盘
13:23:15,29.65,0.0,29,85985,买盘
13:23:19,29.65,0.0,44,130460,买盘
13:23:22,29.66,0.01,193,572270,买盘
13:23:25,29.66,0.0,13,38568,卖盘
13:23:27,29.66,0.0,12,35592,卖盘
13:23:30,29.68,0.02,36,106806,买盘
13:23:34,29.66,-0.02,4,11868,卖盘
13:23:36,29.66,0.0,18,53396,卖盘
13:23:40,29.67,0.01,57,169100,买盘
13:23:42,29.67,0.0,10,29670,买盘
13:23:45,29.67,0.0,24,71208,买盘
13:23:48,29.67,0.0,58,172064,买盘
13:23:52,29.67,0.0,285,845010,买盘
13:23:54,29.67,0.0,88,260942,买盘
13:23:57,29.66,-0.01,17,50404,中性盘
13:24:00,29.66,0.0,64,189736,买盘
13:24:05,29.66,0.0,16,47455,买盘
13:24:07,29.65,-0.01,28,83031,卖盘
13:24:09,29.66,0.01,111,329210,买盘
13:24:12,29.67,0.01,59,175011,买盘
13:24:16,29.67,0.0,57,169076,买盘
13:24:18,29.63,-0.04,265,785420,卖盘
13:24:21,29.63,0.0,145,429619,买盘
13:24:24,29.63,0.0,50,148150,买盘
13:24:27,29.63,0.0,16,47398,买盘
13:24:30,29.63,0.0,45,133310,买盘
13:24:33,29.61,-0.02,274,811433,卖盘
13:24:36,29.62,0.01,9,26659,中性盘
13:24:40,29.62,0.0,35,103682,买盘
13:24:42,29.63,0.01,30,88890,买盘
13:24:45,29.63,0.0,30,88874,买盘
13:24:48,29.62,-0.01,121,358402,卖盘
13:24:51,29.62,0.0,142,420704,卖盘
13:24:54,29.63,0.01,333,986677,买盘
13:24:57,29.63,0.0,84,247602,买盘
13:25:04,29.66,0.03,22,65201,买盘
13:25:06,29.63,-0.03,112,331856,卖盘
13:25:09,29.66,0.03,22,65239,买盘
13:25:12,29.66,0.0,26,77044,买盘
13:25:15,29.61,-0.05,391,1158140,卖盘
13:25:18,29.63,0.02,31,91883,卖盘
13:25:21,29.65,0.02,9,26685,买盘
13:25:24,29.65,0.0,102,302426,买盘
13:25:27,29.65,0.0,29,85985,卖盘
13:25:30,29.65,0.0,98,290571,卖盘
13:25:33,29.63,-0.02,4,11854,卖盘
13:25:37,29.65,0.02,9,26685,买盘
13:25:40,29.65,0.0,30,88918,买盘
13:25:42,29.65,0.0,3,8893,买盘
13:25:46,29.65,0.0,555,1644562,买盘
13:25:49,29.65,0.0,207,613672,买盘
13:25:51,29.66,0.01,1,2966,买盘
13:25:54,29.66,0.0,631,1871467,买盘
13:25:57,29.62,-0.04,379,1122722,卖盘
13:26:00,29.62,0.0,23,68126,买盘
13:26:05,29.64,0.02,91,269578,买盘
13:26:06,29.63,-0.01,21,62232,中性盘
13:26:10,29.64,0.01,24,71133,买盘
13:26:13,29.63,-0.01,5,14815,卖盘
13:26:15,29.64,0.01,28,82962,买盘
13:26:19,29.63,-0.01,20,59278,中性盘
13:26:22,29.63,0.0,28,82968,卖盘
13:26:24,29.64,0.01,592,1754688,买盘
13:26:28,29.65,0.01,6,17789,买盘
13:26:30,29.64,-0.01,27,80028,卖盘
13:26:34,29.64,0.0,51,151171,买盘
13:26:36,29.64,0.0,68,201607,卖盘
13:26:39,29.64,0.0,175,518717,卖盘
13:26:43,29.65,0.01,12,35580,买盘
13:26:46,29.68,0.03,734,2177474,买盘
13:26:48,29.65,-0.03,231,685566,卖盘
13:26:54,29.68,0.03,7,20774,买盘
13:26:57,29.68,0.0,28,83069,买盘
13:27:00,29.7,0.02,168,498736,买盘
13:27:04,29.7,0.0,133,395007,买盘
13:27:06,29.7,0.0,50,148500,买盘
13:27:10,29.69,-0.01,234,694966,买盘
13:27:12,29.69,0.0,1,2969,买盘
13:27:15,29.69,0.0,130,385970,买盘
13:27:19,29.69,0.0,48,142512,买盘
13:27:21,29.69,0.0,26,77218,卖盘
13:27:25,29.7,0.01,37,109878,买盘
13:27:28,29.7,0.0,29,86111,买盘
13:27:31,29.7,0.0,2,5939,买盘
13:27:33,29.7,0.0,1,2970,买盘
13:27:36,29.69,-0.01,13,38597,卖盘
13:27:39,29.7,0.01,41,121769,买盘
13:27:42,29.7,0.0,15,44550,买盘
13:27:46,29.7,0.0,34,100970,买盘
13:27:48,29.7,0.0,115,341550,买盘
13:27:51,29.69,-0.01,235,697745,卖盘
13:27:55,29.69,0.0,93,276117,买盘
13:27:57,29.69,0.0,44,130594,买盘
13:28:00,29.69,0.0,6,17814,买盘
13:28:04,29.69,0.0,2,5938,买盘
13:28:07,29.68,-0.01,388,1151460,卖盘
13:28:09,29.69,0.01,39,115791,买盘
13:28:13,29.69,0.0,1011,3001875,买盘
13:28:16,29.69,0.0,55,163322,卖盘
13:28:18,29.7,0.01,171,507871,买盘
13:28:22,29.7,0.0,24,71284,卖盘
13:28:24,29.71,0.01,156,463476,买盘
13:28:28,29.71,0.0,26,77246,卖盘
13:28:31,29.72,0.01,32,95076,买盘
13:28:33,29.72,0.0,7,20803,买盘
13:28:37,29.71,-0.01,88,261509,卖盘
13:28:39,29.72,0.01,19,56477,买盘
13:28:42,29.73,0.01,14,41615,买盘
13:28:49,29.73,0.0,158,469727,买盘
13:28:51,29.72,-0.01,71,211082,卖盘
13:28:54,29.73,0.01,35,104049,买盘
13:28:58,29.73,0.0,21,62425,买盘
13:29:01,29.73,0.0,29,86217,买盘
13:29:04,29.73,0.0,70,208110,买盘
13:29:07,29.72,-0.01,602,1789387,卖盘
13:29:10,29.72,0.0,58,172376,买盘
13:29:12,29.71,-0.01,101,300141,卖盘
13:29:15,29.71,0.0,27,80217,买盘
13:29:18,29.71,0.0,155,460505,买盘
13:29:21,29.72,0.01,24,71305,买盘
13:29:25,29.72,0.0,310,921320,买盘
13:29:28,29.71,-0.01,93,276388,卖盘
13:29:30,29.72,0.01,32,95104,买盘
13:29:34,29.71,-0.01,37,109962,卖盘
13:29:37,29.71,0.0,193,573403,卖盘
13:29:39,29.71,0.0,31,92146,卖盘
13:29:42,29.72,0.01,1,2972,卖盘
13:29:45,29.73,0.01,41,121887,买盘
13:29:49,29.73,0.0,246,731353,买盘
13:29:51,29.72,-0.01,23,68361,卖盘
13:29:54,29.73,0.01,54,160512,买盘
13:29:57,29.73,0.0,30,89178,买盘
13:30:01,29.73,0.0,5,14865,买盘
13:30:04,29.72,-0.01,123,365676,卖盘
13:30:06,29.73,0.01,583,1733422,买盘
13:30:09,29.73,0.0,277,823594,卖盘
13:30:12,29.75,0.02,7,20825,买盘
13:30:15,29.75,0.0,611,1817664,买盘
13:30:19,29.75,0.0,348,1035300,买盘
13:30:22,29.76,0.01,49,145812,买盘
13:30:24,29.75,-0.01,200,595040,卖盘
13:30:27,29.74,-0.01,36,107090,卖盘
13:30:30,29.75,0.01,17,50575,买盘
13:30:33,29.74,-0.01,209,621759,卖盘
13:30:36,29.74,0.0,25,74357,卖盘
13:30:40,29.75,0.01,289,859770,买盘
13:30:43,29.75,0.0,15,44625,买盘
13:30:46,29.76,0.01,41,121987,买盘
13:30:48,29.76,0.0,59,175578,买盘
13:30:51,29.77,0.01,51,151794,买盘
13:30:55,29.76,-0.01,59,175586,卖盘
13:30:57,29.76,0.0,18,53572,卖盘
13:31:00,29.77,0.01,126,375041,买盘
13:31:04,29.77,0.0,48,142861,买盘
13:31:07,29.76,-0.01,269,800535,卖盘
13:31:10,29.76,0.0,318,946358,买盘
13:31:12,29.76,0.0,56,166629,买盘
13:31:16,29.76,0.0,67,199360,买盘
13:31:19,29.75,-0.01,261,776724,卖盘
13:31:22,29.76,0.01,120,357017,买盘
13:31:24,29.76,0.0,2,5951,中性盘
13:31:27,29.75,-0.01,340,1011743,卖盘
13:31:30,29.76,0.01,21,62488,买盘
13:31:33,29.76,0.0,30,89279,买盘
13:31:36,29.75,-0.01,23,68425,卖盘
13:31:39,29.73,-0.02,93,276639,卖盘
13:31:43,29.75,0.02,35,104105,买盘
13:31:45,29.75,0.0,122,362945,买盘
13:31:49,29.75,0.0,241,716936,买盘
13:31:51,29.75,0.0,138,410337,买盘
13:31:55,29.72,-0.03,448,1331940,卖盘
13:31:57,29.73,0.01,92,273516,买盘
13:32:00,29.73,0.0,29,86161,买盘
13:32:05,29.73,0.0,94,279387,买盘
13:32:07,29.72,-0.01,73,217007,卖盘
13:32:10,29.72,0.0,105,312080,卖盘
13:32:13,29.73,0.01,28,83218,买盘
13:32:16,29.73,0.0,537,1596417,买盘
13:32:19,29.73,0.0,128,380434,买盘
13:32:22,29.73,0.0,109,324092,卖盘
13:32:24,29.72,-0.01,21,62443,卖盘
13:32:27,29.73,0.01,10,29730,中性盘
13:32:30,29.71,-0.02,7,20808,卖盘
13:32:33,29.72,0.01,19,56468,买盘
13:32:37,29.72,0.0,36,106979,买盘
13:32:39,29.72,0.0,28,83212,买盘
13:32:43,29.71,-0.01,13,38633,卖盘
13:32:46,29.73,0.02,53,157535,买盘
13:32:49,29.72,-0.01,61,181292,中性盘
13:32:52,29.71,-0.01,41,121844,卖盘
13:32:57,29.72,0.01,56,166420,买盘
13:33:01,29.71,-0.01,9,26739,卖盘
13:33:04,29.71,0.0,28,83202,卖盘
13:33:07,29.72,0.01,26,77269,买盘
13:33:10,29.72,0.0,39,115894,买盘
13:33:12,29.72,0.0,8,23776,买盘
13:33:16,29.72,0.0,115,341678,买盘
13:33:18,29.71,-0.01,2,5942,卖盘
13:33:22,29.71,0.0,32,95076,卖盘
13:33:24,29.71,0.0,27,80237,卖盘
13:33:27,29.71,0.0,22,65362,卖盘
13:33:30,29.71,0.0,22,65372,卖盘
13:33:37,29.7,-0.01,209,620730,卖盘
13:33:40,29.7,0.0,100,296991,买盘
13:33:43,29.69,-0.01,26,77202,卖盘
13:33:45,29.7,0.01,14,41580,买盘
13:33:49,29.7,0.0,29,86128,买盘
13:33:52,29.69,-0.01,5,14845,卖盘
13:33:55,29.7,0.01,22,65330,买盘
13:33:57,29.7,0.0,500,1485001,买盘
13:34:00,29.71,0.01,59,175289,买盘
13:34:04,29.71,0.0,83,246598,买盘
13:34:07,29.7,-0.01,35,103977,卖盘
13:34:10,29.73,0.03,72,214001,买盘
13:34:12,29.72,-0.01,209,621341,卖盘
13:34:16,29.74,0.02,13,38662,买盘
13:34:18,29.73,-0.01,33,98137,卖盘
13:34:21,29.74,0.01,18,53534,买盘
13:34:24,29.74,0.0,140,416243,买盘
13:34:27,29.74,0.0,132,392557,买盘
13:34:30,29.74,0.0,1,2974,买盘
13:34:33,29.75,0.01,500,1487323,买盘
13:34:36,29.74,-0.01,28,83264,买盘
13:34:39,29.75,0.01,30,89210,买盘
13:34:43,29.75,0.0,73,217175,买盘
13:34:45,29.75,0.0,76,226100,买盘
13:34:49,29.75,0.0,80,237985,买盘
13:34:52,29.75,0.0,93,276662,买盘
13:34:55,29.75,0.0,28,83300,买盘
13:34:57,29.75,0.0,49,145770,买盘
13:35:00,29.75,0.0,1,2975,卖盘
13:35:05,29.76,0.01,223,663634,买盘
13:35:07,29.76,0.0,177,526896,卖盘
13:35:10,29.77,0.01,98,291746,买盘
13:35:12,29.77,0.0,155,461435,买盘
13:35:16,29.78,0.01,381,1134300,买盘
13:35:18,29.77,-0.01,379,1128771,卖盘
13:35:21,29.8,0.03,375,1116883,买盘
13:35:25,29.78,-0.02,49,146000,卖盘
13:35:28,29.79,0.01,43,128089,买盘
13:35:31,29.8,0.01,154,458782,买盘
13:35:34,29.79,-0.01,25,74488,卖盘
13:35:36,29.79,0.0,310,923787,卖盘
13:35:39,29.8,0.01,1756,5229955,买盘
13:35:43,29.79,-0.01,158,470828,中性盘
13:35:45,29.8,0.01,58,172810,买盘
13:35:49,29.78,-0.02,16,47668,卖盘
13:35:52,29.79,0.01,57,169829,买盘
13:35:54,29.79,0.0,86,256175,买盘
13:35:57,29.79,0.0,26,77443,买盘
13:36:00,29.8,0.01,25,74476,买盘
