time,price,change,volume,amount,type
09:25:00,29.51,-0.14,3946,11644646,卖盘
09:30:00,29.53,0.02,413,1218829,买盘
09:30:04,29.52,-0.01,3312,9774967,卖盘
09:30:07,29.51,-0.01,1663,4909931,卖盘
09:30:10,29.58,0.07,1559,4605666,买盘
09:30:13,29.58,0.0,661,1955260,卖盘
09:30:15,29.52,-0.06,1669,4935098,卖盘
09:30:18,29.52,0.0,893,2638244,买盘
09:30:21,29.53,0.01,544,1608073,买盘
09:30:25,29.57,0.04,311,919244,中性盘
09:30:27,29.59,0.02,89,263073,中性盘
09:30:31,29.53,-0.06,180,532246,卖盘
09:30:33,29.53,0.0,150,442961,卖盘
09:30:36,29.53,0.0,391,1154474,买盘
09:30:40,29.57,0.04,1029,3039711,买盘
09:30:43,29.55,-0.02,136,401979,卖盘
09:30:46,29.55,0.0,203,600150,卖盘
09:30:48,29.55,0.0,155,458003,买盘
09:30:52,29.55,0.0,346,1022381,买盘
09:30:54,29.55,0.0,1049,3100501,买盘
09:30:57,29.55,0.0,188,555447,买盘
09:31:01,29.55,0.0,385,1139319,买盘
09:31:05,29.54,-0.01,916,2706142,卖盘
09:31:07,29.55,0.01,675,1994491,买盘
09:31:10,29.55,0.0,316,934615,卖盘
09:31:12,29.55,0.0,438,1294286,卖盘
09:31:15,29.54,-0.01,312,921743,卖盘
09:31:18,29.58,0.04,409,1207784,买盘
09:31:21,29.55,-0.03,491,1450083,中性盘
09:31:25,29.55,0.0,740,2187412,卖盘
09:31:27,29.55,0.0,174,514187,卖盘
09:31:31,29.55,0.0,673,1988561,买盘
09:31:33,29.53,-0.02,443,1308816,卖盘
09:31:36,29.53,0.0,739,2182245,买盘
09:31:40,29.52,-0.01,274,808679,中性盘
09:31:43,29.5,-0.02,938,2767288,卖盘
09:31:46,29.49,-0.01,365,1076803,卖盘
09:31:48,29.49,0.0,338,996483,买盘
09:31:51,29.49,0.0,272,801971,买盘
09:31:54,29.48,-0.01,863,2544059,卖盘
09:31:57,29.46,-0.02,355,1046245,卖盘
09:32:00,29.46,0.0,264,776167,卖盘
09:32:04,29.45,-0.01,1123,3306804,卖盘
09:32:06,29.45,0.0,1116,3282834,买盘
09:32:09,29.42,-0.03,1621,4773252,买盘
09:32:12,29.42,0.0,163,479475,买盘
09:32:16,29.42,0.0,451,1326555,买盘
09:32:18,29.4,-0.02,1283,3772483,卖盘
09:32:22,29.4,0.0,577,1696623,买盘
09:32:24,29.4,0.0,1391,4090370,卖盘
09:32:27,29.41,0.01,599,1762884,买盘
09:32:30,29.41,0.0,462,1358592,买盘
09:32:33,29.41,0.0,465,1367310,买盘
09:32:36,29.41,0.0,337,991041,卖盘
09:32:39,29.41,0.0,80,235285,卖盘
09:32:42,29.42,0.01,458,1347033,买盘
09:32:46,29.41,-0.01,355,1042948,卖盘
09:32:49,29.42,0.01,135,397216,中性盘
09:32:52,29.43,0.01,135,397246,中性盘
09:32:55,29.43,0.0,318,936390,卖盘
09:32:58,29.42,-0.01,58,170710,卖盘
09:33:00,29.46,0.04,69,203239,买盘
09:33:04,29.43,-0.03,268,789088,卖盘
09:33:07,29.5,0.07,831,2447401,买盘
09:33:10,29.45,-0.05,806,2376464,卖盘
09:33:12,29.45,0.0,40,117800,买盘
09:33:15,29.43,-0.02,411,1209966,卖盘
09:33:18,29.47,0.04,144,423909,买盘
09:33:21,29.46,-0.01,87,256405,卖盘
09:33:24,29.47,0.01,120,353648,中性盘
09:33:28,29.47,0.0,160,471580,卖盘
09:33:30,29.47,0.0,125,368482,卖盘
09:33:33,29.49,0.02,287,845838,中性盘
09:33:37,29.49,0.0,309,911049,卖盘
09:33:39,29.47,-0.02,373,1098812,卖盘
09:33:43,29.45,-0.02,632,1861082,卖盘
09:33:45,29.45,0.0,1344,3956971,买盘
09:33:48,29.46,0.01,306,900907,买盘
09:33:51,29.45,-0.01,641,1887728,中性盘
09:33:54,29.47,0.02,249,733430,买盘
09:33:58,29.46,-0.01,204,600994,卖盘
09:34:00,29.47,0.01,513,1510698,买盘
09:34:04,29.46,-0.01,202,596911,卖盘
09:34:07,29.46,0.0,64,188551,卖盘
09:34:10,29.46,0.0,343,1010216,买盘
09:34:12,29.46,0.0,160,469387,买盘
09:34:16,29.46,0.0,120,353411,买盘
09:34:19,29.46,0.0,116,341648,买盘
09:34:22,29.46,0.0,130,382801,买盘
09:34:24,29.46,0.0,392,1154736,买盘
09:34:28,29.46,0.0,142,418338,卖盘
09:34:30,29.47,0.01,113,332905,买盘
09:34:34,29.47,0.0,423,1246095,买盘
09:34:36,29.46,-0.01,235,694465,卖盘
09:34:39,29.46,0.0,325,957667,卖盘
09:34:43,29.5,0.04,185,545490,买盘
09:34:45,29.47,-0.03,107,315396,卖盘
09:34:48,29.5,0.03,351,1035285,买盘
09:34:51,29.5,0.0,94,277204,中性盘
09:34:55,29.53,0.03,659,1944122,买盘
09:34:58,29.53,0.0,1028,3036715,卖盘
09:35:00,29.54,0.01,35,103361,买盘
09:35:04,29.53,-0.01,1310,3869008,卖盘
09:35:06,29.53,0.0,502,1483668,卖盘
09:35:09,29.51,-0.02,147,434059,卖盘
09:35:12,29.53,0.02,121,357295,买盘
09:35:16,29.51,-0.02,158,466273,卖盘
09:35:18,29.49,-0.02,307,905373,卖盘
09:35:22,29.49,0.0,78,230012,买盘
09:35:24,29.46,-0.03,334,984989,卖盘
09:35:28,29.46,0.0,225,663273,卖盘
09:35:30,29.45,-0.01,250,736725,卖盘
09:35:34,29.45,0.0,134,394649,卖盘
09:35:36,29.49,0.04,306,901672,买盘
09:35:39,29.49,0.0,146,430203,买盘
09:35:43,29.46,-0.03,42,123745,卖盘
09:35:45,29.46,0.0,18,53028,卖盘
09:35:48,29.46,0.0,139,409578,卖盘
09:35:51,29.46,0.0,263,775207,卖盘
09:35:55,29.48,0.02,243,716061,买盘
09:35:58,29.46,-0.02,274,807736,卖盘
09:36:01,29.45,-0.01,175,515379,卖盘
09:36:04,29.45,0.0,1928,5674294,买盘
09:36:07,29.43,-0.02,204,600655,卖盘
09:36:09,29.45,0.02,136,400254,买盘
09:36:13,29.45,0.0,217,638825,买盘
09:36:16,29.45,0.0,40,117796,卖盘
09:36:18,29.45,0.0,85,250251,买盘
09:36:21,29.43,-0.02,121,356115,卖盘
09:36:25,29.45,0.02,253,744712,买盘
09:36:27,29.44,-0.01,37,108918,卖盘
09:36:31,29.43,-0.01,746,2195479,卖盘
09:36:34,29.43,0.0,101,297226,买盘
09:36:36,29.43,0.0,287,844400,买盘
09:36:39,29.43,0.0,108,317766,买盘
09:36:42,29.42,-0.01,229,673819,卖盘
09:36:45,29.43,0.01,736,2165405,买盘
09:36:49,29.41,-0.02,471,1385393,卖盘
09:36:52,29.42,0.01,131,385333,买盘
09:36:55,29.42,0.0,143,420586,买盘
09:36:57,29.41,-0.01,330,970574,卖盘
09:37:00,29.41,0.0,522,1533614,卖盘
09:37:04,29.41,0.0,142,417624,买盘
09:37:07,29.41,0.0,344,1011454,买盘
09:37:09,29.41,0.0,1249,3672271,买盘
09:37:12,29.4,-0.01,626,1840864,卖盘
09:37:16,29.4,0.0,411,1208787,卖盘
09:37:18,29.4,0.0,869,2554044,卖盘
09:37:22,29.4,0.0,291,855167,买盘
09:37:24,29.38,-0.02,117,343909,卖盘
09:37:28,29.38,0.0,1101,3232608,买盘
09:37:30,29.37,-0.01,471,1382908,卖盘
09:37:34,29.35,-0.02,312,916373,卖盘
09:37:36,29.4,0.05,1477,4335099,买盘
09:37:40,29.32,-0.08,938,2755349,卖盘
09:37:43,29.38,0.06,65,191014,中性盘
09:37:46,29.36,-0.02,1173,3442867,卖盘
09:37:49,29.38,0.02,248,728326,买盘
09:37:51,29.37,-0.01,75,220243,中性盘
09:37:55,29.38,0.01,362,1062850,买盘
09:37:57,29.37,-0.01,224,657445,中性盘
09:38:00,29.38,0.01,1131,3325081,买盘
09:38:04,29.37,-0.01,988,2898397,卖盘
09:38:06,29.37,0.0,397,1166247,买盘
09:38:09,29.38,0.01,410,1204270,买盘
09:38:13,29.37,-0.01,403,1183518,买盘
09:38:15,29.38,0.01,169,496437,买盘
09:38:19,29.38,0.0,348,1021821,卖盘
09:38:21,29.38,0.0,96,281900,买盘
09:38:24,29.38,0.0,224,657995,买盘
09:38:27,29.39,0.01,267,784289,买盘
09:38:30,29.39,0.0,100,294065,卖盘
09:38:34,29.38,-0.01,215,631775,卖盘
09:38:36,29.34,-0.04,1108,3253470,卖盘
09:38:40,29.39,0.05,391,1149829,中性盘
09:38:42,29.4,0.01,251,737778,中性盘
09:38:45,29.41,0.01,32,94130,中性盘
09:38:48,29.4,-0.01,537,1577938,卖盘
09:38:52,29.41,0.01,367,1078790,买盘
09:38:55,29.42,0.01,456,1341513,买盘
09:38:57,29.39,-0.03,499,1467149,卖盘
09:39:01,29.42,0.03,739,2173606,买盘
09:39:04,29.41,-0.01,171,502988,卖盘
09:39:06,29.42,0.01,758,2229735,买盘
09:39:09,29.42,0.0,546,1606525,买盘
09:39:13,29.45,0.03,167,493637,卖盘
09:39:15,29.42,-0.03,367,1080304,卖盘
09:39:19,29.43,0.01,55,162037,中性盘
09:39:21,29.42,-0.01,244,718422,卖盘
09:39:25,29.48,0.06,97,286002,买盘
09:39:28,29.48,0.0,87,256452,卖盘
09:39:30,29.48,0.0,171,503457,卖盘
09:39:33,29.48,0.0,131,386190,买盘
09:39:36,29.48,0.0,66,194532,买盘
09:39:40,29.48,0.0,131,385655,买盘
09:39:42,29.48,0.0,97,285903,买盘
09:39:46,29.43,-0.05,69,203116,卖盘
09:39:48,29.43,0.0,143,421520,卖盘
09:39:51,29.48,0.05,53,156187,买盘
09:39:55,29.43,-0.05,235,691961,卖盘
09:39:58,29.48,0.05,91,268125,买盘
09:40:00,29.48,0.0,183,539372,买盘
09:40:04,29.48,0.0,165,486035,买盘
09:40:07,29.48,0.0,101,297754,买盘
09:40:10,29.45,-0.03,114,335950,卖盘
09:40:13,29.47,0.02,246,724525,买盘
09:40:16,29.49,0.02,261,769404,买盘
09:40:18,29.48,-0.01,329,969819,卖盘
09:40:22,29.47,-0.01,72,212212,卖盘
09:40:24,29.47,0.0,52,153316,卖盘
09:40:27,29.48,0.01,200,589253,中性盘
09:40:30,29.47,-0.01,133,391997,买盘
09:40:33,29.49,0.02,413,1217585,买盘
09:40:36,29.49,0.0,141,415842,卖盘
09:40:39,29.49,0.0,677,1996605,卖盘
09:40:43,29.49,0.0,311,917196,卖盘
09:40:45,29.5,0.01,142,418861,买盘
09:40:48,29.5,0.0,69,203545,买盘
09:40:51,29.5,0.0,521,1536914,卖盘
09:40:55,29.5,0.0,93,274344,买盘
09:40:58,29.49,-0.01,272,802220,卖盘
09:41:01,29.5,0.01,142,416734,中性盘
09:41:04,29.5,0.0,120,356154,卖盘
09:41:06,29.5,0.0,43,126873,买盘
09:41:09,29.5,0.0,245,722706,买盘
09:41:12,29.49,-0.01,73,215330,卖盘
09:41:16,29.49,0.0,79,232992,卖盘
09:41:19,29.49,0.0,448,1321182,卖盘
09:41:21,29.48,-0.01,113,333126,卖盘
09:41:24,29.45,-0.03,313,922414,卖盘
09:41:28,29.48,0.03,22,64856,买盘
09:41:30,29.45,-0.03,266,783487,卖盘
09:41:34,29.47,0.02,166,488758,买盘
09:41:37,29.47,0.0,128,377102,买盘
09:41:40,29.47,0.0,47,138456,买盘
09:41:42,29.47,0.0,1214,3577976,买盘
09:41:45,29.46,-0.01,85,250407,卖盘
09:41:48,29.45,-0.01,121,356396,卖盘
09:41:51,29.46,0.01,79,232769,买盘
09:41:54,29.46,0.0,105,309401,卖盘
09:41:57,29.47,0.01,341,1004471,中性盘
09:42:00,29.47,0.0,37,109074,卖盘
09:42:04,29.47,0.0,71,209233,卖盘
09:42:06,29.47,0.0,418,1231953,卖盘
09:42:10,29.47,0.0,95,280081,卖盘
09:42:12,29.47,0.0,291,858267,卖盘
09:42:16,29.47,0.0,426,1256172,卖盘
09:42:18,29.46,-0.01,730,2151347,卖盘
09:42:22,29.44,-0.02,241,709763,卖盘
09:42:25,29.47,0.03,11,32422,买盘
09:42:27,29.47,0.0,89,262490,卖盘
09:42:31,29.5,0.03,354,1042539,买盘
09:42:34,29.47,-0.03,19,55990,买盘
09:42:37,29.45,-0.02,197,580272,卖盘
09:42:39,29.45,0.0,73,215034,卖盘
09:42:42,29.45,0.0,107,315187,卖盘
09:42:45,29.45,0.0,114,335778,卖盘
09:42:49,29.45,0.0,90,265028,买盘
09:42:51,29.44,-0.01,224,659603,卖盘
09:42:55,29.44,0.0,325,956998,卖盘
09:42:58,29.45,0.01,28,82446,买盘
09:43:01,29.42,-0.03,678,1995501,卖盘
09:43:04,29.45,0.03,88,259082,买盘
09:43:06,29.45,0.0,40,117800,买盘
09:43:10,29.44,-0.01,372,1094732,卖盘
09:43:13,29.45,0.01,57,167842,买盘
09:43:16,29.42,-0.03,59,173691,卖盘
09:43:19,29.45,0.03,58,170808,买盘
09:43:21,29.45,0.0,64,188432,买盘
09:43:25,29.45,0.0,40,117800,买盘
09:43:28,29.43,-0.02,443,1303512,卖盘
09:43:30,29.43,0.0,392,1153656,买盘
09:43:34,29.44,0.01,166,488488,买盘
09:43:36,29.43,-0.01,43,126587,中性盘
09:43:40,29.43,0.0,860,2530395,卖盘
09:43:43,29.44,0.01,68,200222,卖盘
09:43:45,29.44,0.0,32,94213,卖盘
09:43:49,29.44,0.0,302,889221,卖盘
09:43:51,29.45,0.01,54,158989,中性盘
09:43:55,29.45,0.0,150,441827,买盘
09:43:57,29.45,0.0,199,586076,卖盘
09:44:01,29.45,0.0,165,485989,卖盘
09:44:05,29.45,0.0,85,250334,卖盘
09:44:06,29.46,0.01,114,335873,买盘
09:44:09,29.46,0.0,146,430134,卖盘
09:44:13,29.46,0.0,18,53039,卖盘
09:44:15,29.47,0.01,117,344933,买盘
09:44:19,29.49,0.02,49,144418,买盘
09:44:22,29.47,-0.02,40,117900,卖盘
09:44:25,29.49,0.02,3080,9088938,买盘
09:44:28,29.49,0.0,153,451302,卖盘
09:44:30,29.53,0.04,495,1461615,买盘
09:44:33,29.55,0.02,395,1166994,买盘
09:44:37,29.58,0.03,387,1144621,买盘
09:44:39,29.57,-0.01,212,627005,卖盘
09:44:42,29.56,-0.01,34,100528,卖盘
09:44:45,29.55,-0.01,174,514243,卖盘
09:44:49,29.56,0.01,695,2052815,买盘
09:44:51,29.57,0.01,384,1135416,买盘
09:44:55,29.56,-0.01,227,671012,卖盘
09:44:57,29.56,0.0,61,180370,卖盘
09:45:01,29.58,0.02,125,369666,买盘
09:45:05,29.57,-0.01,178,526246,买盘
09:45:06,29.57,0.0,49,144905,卖盘
09:45:09,29.58,0.01,234,691998,买盘
09:45:13,29.58,0.0,135,399299,买盘
09:45:15,29.58,0.0,111,328270,买盘
09:45:19,29.57,-0.01,169,501187,卖盘
09:45:21,29.57,0.0,177,522030,卖盘
09:45:25,29.57,0.0,159,470120,买盘
09:45:28,29.58,0.01,62,183330,买盘
09:45:30,29.57,-0.01,71,211756,卖盘
09:45:33,29.57,0.0,152,447685,卖盘
09:45:36,29.57,0.0,165,487841,买盘
09:45:39,29.57,0.0,45,133048,买盘
09:45:42,29.57,0.0,47,138954,买盘
09:45:46,29.56,-0.01,25,74049,卖盘
09:45:48,29.55,-0.01,1093,3234956,卖盘
09:45:52,29.56,0.01,157,464063,买盘
09:45:54,29.56,0.0,105,310326,买盘
09:45:57,29.56,0.0,42,124117,买盘
09:46:00,29.55,-0.01,73,215744,卖盘
09:46:04,29.56,0.01,250,736677,买盘
09:46:07,29.56,0.0,43,127032,买盘
09:46:09,29.55,-0.01,44,129994,中性盘
09:46:12,29.53,-0.02,61,180133,卖盘
09:46:15,29.55,0.02,96,283590,买盘
09:46:18,29.53,-0.02,107,318269,卖盘
09:46:22,29.56,0.03,186,549381,买盘
09:46:24,29.53,-0.03,19,56117,卖盘
09:46:28,29.54,0.01,34,100454,卖盘
09:46:30,29.55,0.01,89,262954,买盘
09:46:33,29.54,-0.01,85,251090,卖盘
09:46:36,29.54,0.0,352,1039164,买盘
09:46:40,29.54,0.0,48,141820,卖盘
09:46:43,29.54,0.0,70,206787,卖盘
09:46:46,29.54,0.0,113,333873,卖盘
09:46:49,29.54,0.0,92,271871,卖盘
09:46:51,29.54,0.0,93,275354,卖盘
09:46:54,29.54,0.0,98,289502,卖盘
09:46:58,29.54,0.0,77,227524,买盘
09:47:01,29.54,0.0,291,859410,卖盘
09:47:04,29.54,0.0,128,377349,卖盘
09:47:07,29.55,0.01,27,79779,中性盘
09:47:10,29.58,0.03,288,851322,买盘
09:47:13,29.54,-0.04,48,140766,卖盘
09:47:16,29.54,0.0,21,62034,买盘
09:47:18,29.56,0.02,36,107292,买盘
09:47:21,29.57,0.01,124,366531,买盘
09:47:24,29.56,-0.01,28,82786,中性盘
09:47:27,29.58,0.02,111,328333,买盘
09:47:30,29.57,-0.01,105,310599,卖盘
09:47:33,29.57,0.0,13,38451,卖盘
09:47:36,29.57,0.0,304,899430,卖盘
09:47:40,29.58,0.01,257,760620,买盘
09:47:42,29.59,0.01,55,163834,买盘
09:47:45,29.58,-0.01,27,79873,买盘
09:47:49,29.59,0.01,46,136054,买盘
09:47:51,29.59,0.0,155,458042,买盘
09:47:54,29.59,0.0,10,29589,卖盘
09:47:57,29.59,0.0,88,260370,买盘
09:48:00,29.59,0.0,46,136119,买盘
09:48:04,29.59,0.0,110,325511,卖盘
09:48:07,29.6,0.01,224,662779,买盘
09:48:09,29.59,-0.01,73,216019,卖盘
09:48:13,29.6,0.01,82,242661,买盘
09:48:16,29.59,-0.01,243,719266,卖盘
09:48:18,29.6,0.01,18,53280,买盘
09:48:21,29.6,0.0,202,596278,买盘
09:48:24,29.6,0.0,143,423268,买盘
09:48:27,29.6,0.0,127,375891,买盘
09:48:31,29.6,0.0,132,390680,买盘
09:48:34,29.6,0.0,35,103600,买盘
09:48:36,29.59,-0.01,182,539899,卖盘
09:48:39,29.6,0.01,85,251587,买盘
09:48:42,29.6,0.0,110,325566,买盘
09:48:46,29.6,0.0,64,189440,买盘
09:48:48,29.61,0.01,1002,2966587,买盘
09:48:52,29.6,-0.01,77,227719,卖盘
09:48:54,29.62,0.02,115,340468,买盘
09:48:58,29.61,-0.01,8,23687,中性盘
09:49:00,29.6,-0.01,107,316848,卖盘
09:49:04,29.63,0.03,143,423573,买盘
09:49:07,29.62,-0.01,28,81280,中性盘
09:49:09,29.63,0.01,94,278453,买盘
09:49:12,29.64,0.01,263,779408,买盘
09:49:15,29.63,-0.01,43,127409,卖盘
09:49:18,29.64,0.01,248,735034,买盘
09:49:22,29.64,0.0,346,1025573,买盘
09:49:25,29.64,0.0,81,240119,买盘
09:49:28,29.64,0.0,217,643041,卖盘
09:49:31,29.63,-0.01,112,331903,卖盘
09:49:33,29.63,0.0,91,269705,卖盘
09:49:36,29.64,0.01,55,163222,中性盘
09:49:40,29.63,-0.01,137,406058,卖盘
09:49:42,29.64,0.01,262,776293,买盘
09:49:45,29.63,-0.01,123,364542,卖盘
09:49:49,29.64,0.01,541,1603745,买盘
09:49:52,29.63,-0.01,119,353312,卖盘
09:49:54,29.63,0.0,27,80005,卖盘
09:49:57,29.64,0.01,427,1265558,买盘
09:50:01,29.62,-0.02,153,453237,卖盘
09:50:04,29.63,0.01,42,124487,中性盘
09:50:07,29.63,0.0,100,295480,卖盘
09:50:10,29.62,-0.01,29,85905,卖盘
09:50:12,29.61,-0.01,114,339415,卖盘
09:50:15,29.61,0.0,414,1225549,卖盘
09:50:19,29.59,-0.02,100,295996,卖盘
09:50:22,29.6,0.01,136,400269,买盘
09:50:25,29.61,0.01,17,50323,买盘
09:50:28,29.6,-0.01,15,44400,卖盘
09:50:30,29.6,0.0,77,227929,卖盘
09:50:34,29.61,0.01,130,384846,买盘
09:50:37,29.61,0.0,291,862626,买盘
09:50:40,29.6,-0.01,82,242769,卖盘
09:50:43,29.6,0.0,290,858459,卖盘
09:50:46,29.61,0.01,58,171703,买盘
09:50:48,29.61,0.0,129,382838,卖盘
09:50:51,29.6,-0.01,128,378968,卖盘
09:50:54,29.6,0.0,116,343361,卖盘
09:50:57,29.61,0.01,63,186484,买盘
09:51:00,29.6,-0.01,311,920745,卖盘
09:51:04,29.6,0.0,23,68087,卖盘
09:51:07,29.6,0.0,37,109531,卖盘
09:51:10,29.61,0.01,39,115464,买盘
09:51:12,29.6,-0.01,184,544664,卖盘
09:51:16,29.6,0.0,87,257525,卖盘
09:51:18,29.6,0.0,42,124317,卖盘
09:51:22,29.6,0.0,226,669066,买盘
09:51:24,29.6,0.0,50,147990,买盘
09:51:28,29.6,0.0,280,829059,买盘
09:51:30,29.6,0.0,41,121360,卖盘
09:51:34,29.62,0.02,18,53288,买盘
09:51:36,29.62,0.0,31,91776,买盘
09:51:39,29.62,0.0,110,325662,卖盘
09:51:43,29.62,0.0,4,11842,买盘
09:51:46,29.61,-0.01,37,109584,卖盘
09:51:49,29.61,0.0,62,183628,卖盘
09:51:52,29.61,0.0,19,56266,买盘
09:51:55,29.6,-0.01,54,159858,卖盘
09:51:57,29.61,0.01,41,121392,买盘
09:52:01,29.61,0.0,45,133222,买盘
09:52:05,29.61,0.0,113,334593,买盘
09:52:07,29.62,0.01,49,145120,买盘
09:52:09,29.64,0.02,230,681485,卖盘
09:52:13,29.64,0.0,97,287340,买盘
09:52:16,29.64,0.0,29,85941,买盘
09:52:19,29.62,-0.02,102,300994,卖盘
09:52:21,29.62,0.0,37,109623,卖盘
09:52:25,29.64,0.02,98,290380,买盘
09:52:27,29.61,-0.03,175,518329,卖盘
09:52:31,29.62,0.01,287,849819,买盘
09:52:33,29.65,0.03,246,728694,买盘
09:52:37,29.64,-0.01,117,346885,中性盘
09:52:39,29.63,-0.01,91,269687,中性盘
09:52:43,29.64,0.01,63,186697,买盘
09:52:46,29.63,-0.01,81,239977,卖盘
09:52:49,29.63,0.0,114,337790,卖盘
09:52:52,29.63,0.0,92,272586,买盘
09:52:55,29.62,-0.01,69,204426,卖盘
09:52:57,29.64,0.02,159,471183,买盘
09:53:01,29.64,0.0,431,1277370,买盘
09:53:04,29.64,0.0,445,1319398,卖盘
09:53:07,29.64,0.0,352,1043193,卖盘
09:53:10,29.65,0.01,191,566227,买盘
09:53:13,29.69,0.04,909,2696223,买盘
09:53:16,29.69,0.0,195,578946,买盘
09:53:19,29.65,-0.04,173,513591,卖盘
09:53:22,29.7,0.05,122,362274,买盘
09:53:25,29.7,0.0,159,472111,买盘
09:53:28,29.7,0.0,126,374118,买盘
09:53:31,29.69,-0.01,53,157408,中性盘
09:53:33,29.7,0.01,96,285057,买盘
09:53:37,29.69,-0.01,184,546330,卖盘
09:53:39,29.68,-0.01,249,739272,卖盘
09:53:43,29.69,0.01,450,1336017,买盘
09:53:46,29.69,0.0,85,252360,买盘
09:53:48,29.69,0.0,230,682850,买盘
09:53:51,29.7,0.01,313,929358,买盘
09:53:55,29.7,0.0,571,1696004,买盘
09:53:57,29.74,0.04,145,431082,买盘
09:54:01,29.73,-0.01,283,841565,卖盘
09:54:04,29.75,0.02,137,407569,买盘
09:54:06,29.73,-0.02,485,1442240,卖盘
09:54:09,29.75,0.02,117,347969,买盘
09:54:12,29.77,0.02,314,934597,买盘
09:54:16,29.76,-0.01,474,1410700,中性盘
09:54:19,29.77,0.01,134,398924,买盘
09:54:22,29.77,0.0,220,654940,卖盘
09:54:24,29.77,0.0,323,961648,卖盘
09:54:27,29.78,0.01,233,693734,买盘
09:54:30,29.78,0.0,605,1802464,卖盘
09:54:34,29.82,0.04,494,1472123,买盘
09:54:37,29.83,0.01,324,965646,买盘
09:54:39,29.8,-0.03,130,387521,卖盘
09:54:42,29.83,0.03,196,584663,买盘
09:54:46,29.82,-0.01,151,450150,卖盘
09:54:48,29.82,0.0,191,569556,买盘
09:54:52,29.83,0.01,285,849873,买盘
09:54:54,29.8,-0.03,252,751222,卖盘
09:54:58,29.82,0.02,146,435363,买盘
09:55:00,29.82,0.0,210,626151,买盘
09:55:04,29.79,-0.03,247,736166,卖盘
09:55:07,29.8,0.01,138,411209,买盘
09:55:10,29.79,-0.01,126,375421,卖盘
09:55:12,29.78,-0.01,349,1039288,卖盘
09:55:15,29.74,-0.04,1089,3239868,卖盘
09:55:18,29.73,-0.01,328,974973,卖盘
09:55:21,29.73,0.0,220,654106,买盘
09:55:25,29.73,0.0,150,445830,买盘
09:55:28,29.73,0.0,177,526214,买盘
09:55:30,29.73,0.0,113,335968,卖盘
09:55:33,29.74,0.01,132,392609,中性盘
09:55:36,29.73,-0.01,184,547091,卖盘
09:55:39,29.73,0.0,32,95126,卖盘
09:55:42,29.71,-0.02,73,216925,卖盘
09:55:46,29.72,0.01,26,77252,中性盘
09:55:48,29.7,-0.02,225,668329,卖盘
09:55:52,29.69,-0.01,169,502046,卖盘
09:55:54,29.71,0.02,40,118775,买盘
09:55:58,29.7,-0.01,70,207952,中性盘
09:56:00,29.71,0.01,109,323820,买盘
09:56:04,29.71,0.0,109,323752,买盘
09:56:07,29.71,0.0,154,457426,买盘
09:56:10,29.69,-0.02,176,522763,卖盘
09:56:13,29.69,0.0,38,112832,卖盘
09:56:16,29.7,0.01,101,299953,买盘
09:56:19,29.7,0.0,127,377099,买盘
09:56:21,29.7,0.0,144,427596,买盘
09:56:25,29.69,-0.01,102,302852,买盘
09:56:27,29.69,0.0,369,1095901,卖盘
09:56:30,29.7,0.01,138,409838,买盘
09:56:33,29.7,0.0,148,439521,买盘
09:56:36,29.7,0.0,122,362313,买盘
09:56:39,29.69,-0.01,98,290965,卖盘
09:56:42,29.69,0.0,154,457367,卖盘
09:56:46,29.7,0.01,89,264329,买盘
09:56:49,29.7,0.0,211,626605,买盘
09:56:51,29.7,0.0,339,1006837,买盘
09:56:55,29.7,0.0,115,341550,卖盘
09:56:58,29.69,-0.01,212,629636,卖盘
09:57:00,29.68,-0.01,56,166261,卖盘
09:57:05,29.68,0.0,119,353405,卖盘
09:57:07,29.68,0.0,205,608638,卖盘
09:57:10,29.68,0.0,105,311734,卖盘
09:57:12,29.67,-0.01,233,691598,卖盘
09:57:15,29.67,0.0,148,438992,卖盘
09:57:19,29.67,0.0,106,314468,买盘
09:57:22,29.64,-0.03,71,210444,卖盘
09:57:25,29.61,-0.03,227,672824,卖盘
09:57:27,29.61,0.0,137,405746,卖盘
09:57:31,29.64,0.03,102,302268,买盘
09:57:34,29.61,-0.03,185,547860,卖盘
09:57:37,29.61,0.0,113,334774,卖盘
09:57:39,29.63,0.02,42,124404,买盘
09:57:42,29.63,0.0,256,759592,卖盘
09:57:45,29.63,0.0,17,50455,卖盘
09:57:48,29.65,0.02,218,646715,买盘
09:57:51,29.65,0.0,112,332311,卖盘
09:57:55,29.65,0.0,20,59300,卖盘
09:57:58,29.7,0.05,31,92070,买盘
09:58:00,29.65,-0.05,19,56335,卖盘
09:58:04,29.66,0.01,19,56354,中性盘
09:58:07,29.67,0.01,7,20781,中性盘
09:58:10,29.69,0.02,10,29690,买盘
09:58:12,29.69,0.0,17,50440,买盘
09:58:15,29.66,-0.03,25,74165,卖盘
09:58:19,29.69,0.03,18,52784,买盘
09:58:22,29.67,-0.02,74,219550,卖盘
09:58:25,29.67,0.0,78,231426,卖盘
09:58:27,29.67,0.0,48,143229,买盘
09:58:30,29.67,0.0,217,643958,买盘
09:58:33,29.69,0.02,257,761826,买盘
09:58:36,29.69,0.0,212,628801,买盘
09:58:40,29.67,-0.02,36,106866,卖盘
09:58:42,29.69,0.02,236,700684,买盘
09:58:46,29.69,0.0,97,287975,卖盘
09:58:48,29.7,0.01,122,362318,买盘
09:58:51,29.7,0.0,175,519689,买盘
09:58:55,29.68,-0.02,75,224358,中性盘
09:58:57,29.67,-0.01,149,440396,卖盘
09:59:01,29.67,0.0,80,239276,买盘
09:59:04,29.68,0.01,276,819303,买盘
09:59:06,29.68,0.0,61,181070,卖盘
09:59:09,29.68,0.0,108,320630,卖盘
09:59:12,29.69,0.01,199,590672,买盘
09:59:15,29.71,0.02,828,2459256,买盘
09:59:19,29.66,-0.05,252,748015,卖盘
09:59:21,29.71,0.05,710,2106888,买盘
09:59:24,29.69,-0.02,6,17811,中性盘
09:59:27,29.65,-0.04,248,736401,卖盘
09:59:30,29.65,0.0,59,173751,卖盘
09:59:33,29.68,0.03,214,635199,买盘
09:59:36,29.68,0.0,261,774910,卖盘
09:59:39,29.68,0.0,38,113383,卖盘
09:59:42,29.68,0.0,140,417164,卖盘
09:59:45,29.69,0.01,51,150867,中性盘
09:59:49,29.69,0.0,73,216776,卖盘
09:59:51,29.7,0.01,152,451374,买盘
09:59:54,29.69,-0.01,193,573264,卖盘
09:59:58,29.69,0.0,121,359249,买盘
10:00:01,29.68,-0.01,138,407359,卖盘
10:00:04,29.71,0.03,164,488431,买盘
10:00:06,29.7,-0.01,97,288130,卖盘
10:00:09,29.7,0.0,112,332651,卖盘
10:00:12,29.71,0.01,30,89117,买盘
10:00:16,29.71,0.0,35,103964,买盘
10:00:19,29.71,0.0,7,20792,买盘
10:00:21,29.7,-0.01,245,727692,卖盘
10:00:24,29.71,0.01,32,95058,买盘
10:00:27,29.71,0.0,41,122379,买盘
10:00:30,29.71,0.0,57,169033,买盘
10:00:33,29.7,-0.01,71,210881,卖盘
10:00:37,29.7,0.0,51,151475,卖盘
10:00:39,29.69,-0.01,168,498604,卖盘
10:00:42,29.68,-0.01,90,265666,卖盘
10:00:46,29.69,0.01,78,231693,买盘
10:00:48,29.68,-0.01,163,484856,卖盘
10:00:52,29.68,0.0,595,1765689,卖盘
10:00:55,29.67,-0.01,109,323327,中性盘
10:00:58,29.67,0.0,114,338097,买盘
10:01:00,29.63,-0.04,29,85957,卖盘
10:01:04,29.64,0.01,24,71136,买盘
10:01:06,29.63,-0.01,51,151129,卖盘
10:01:09,29.62,-0.01,82,242896,卖盘
10:01:13,29.63,0.01,112,331026,买盘
10:01:15,29.62,-0.01,209,618793,中性盘
10:01:19,29.61,-0.01,41,121575,卖盘
10:01:22,29.6,-0.01,221,655090,卖盘
10:01:25,29.61,0.01,54,159879,买盘
10:01:28,29.6,-0.01,154,455943,卖盘
10:01:31,29.61,0.01,83,245708,中性盘
10:01:34,29.59,-0.02,811,2400536,卖盘
10:01:36,29.59,0.0,127,375917,卖盘
10:01:39,29.59,0.0,189,559577,卖盘
10:01:42,29.59,0.0,55,161990,买盘
10:01:46,29.59,0.0,411,1216133,买盘
10:01:49,29.58,-0.01,37,109480,卖盘
10:01:52,29.58,0.0,131,387559,卖盘
10:01:54,29.58,0.0,231,683336,卖盘
10:01:58,29.59,0.01,26,76929,买盘
10:02:01,29.59,0.0,31,91723,买盘
10:02:04,29.59,0.0,76,224813,买盘
10:02:07,29.58,-0.01,49,144972,卖盘
10:02:10,29.58,0.0,2,5917,卖盘
10:02:13,29.58,0.0,30,88749,卖盘
10:02:15,29.58,0.0,93,275124,卖盘
10:02:19,29.57,-0.01,321,949374,卖盘
10:02:21,29.58,0.01,38,112399,买盘
10:02:24,29.57,-0.01,176,520432,卖盘
10:02:27,29.57,0.0,66,195168,卖盘
10:02:30,29.57,0.0,111,329453,卖盘
10:02:34,29.53,-0.04,1123,3317744,卖盘
10:02:36,29.53,0.0,40,118103,买盘
10:02:39,29.52,-0.01,253,746838,卖盘
10:02:43,29.53,0.01,205,605329,买盘
10:02:45,29.53,0.0,139,410424,买盘
10:02:49,29.52,-0.01,308,909437,卖盘
10:02:52,29.53,0.01,126,371969,买盘
10:02:55,29.52,-0.01,101,298198,卖盘
10:02:58,29.53,0.01,454,1340554,买盘
10:03:00,29.53,0.0,24,70872,卖盘
10:03:04,29.54,0.01,116,342544,买盘
10:03:06,29.54,0.0,138,407580,买盘
10:03:09,29.53,-0.01,110,325376,中性盘
10:03:12,29.52,-0.01,84,248008,卖盘
10:03:15,29.52,0.0,202,597327,卖盘
10:03:19,29.53,0.01,182,537427,买盘
10:03:21,29.53,0.0,89,260565,买盘
10:03:25,29.52,-0.01,180,531385,卖盘
10:03:27,29.53,0.01,40,118120,买盘
10:03:31,29.53,0.0,110,324808,买盘
10:03:34,29.53,0.0,32,94499,卖盘
10:03:40,29.54,0.01,138,407652,买盘
10:03:43,29.54,0.0,984,2906727,买盘
10:03:46,29.57,0.03,124,368235,买盘
10:03:49,29.58,0.01,1,2958,买盘
10:03:52,29.57,-0.01,46,136022,中性盘
10:03:55,29.58,0.01,30,88729,买盘
10:03:57,29.57,-0.01,24,70963,卖盘
10:04:01,29.58,0.01,106,313497,买盘
10:04:04,29.58,0.0,210,621170,买盘
10:04:06,29.58,0.0,388,1148244,卖盘
10:04:16,29.58,0.0,61,180483,卖盘
10:04:18,29.59,0.01,57,168643,买盘
10:04:21,29.62,0.03,616,1823393,买盘
10:04:24,29.62,0.0,51,151076,卖盘
10:04:28,29.62,0.0,18,53320,卖盘
10:04:31,29.62,0.0,68,201463,卖盘
10:04:33,29.63,0.01,27,79976,买盘
10:04:36,29.63,0.0,43,127380,买盘
10:04:39,29.62,-0.01,48,142191,卖盘
10:04:42,29.63,0.01,56,165928,买盘
10:04:45,29.63,0.0,199,589637,卖盘
10:04:49,29.63,0.0,104,308156,卖盘
10:04:51,29.63,0.0,19,56296,卖盘
10:04:55,29.63,0.0,55,162965,买盘
10:04:58,29.63,0.0,279,826521,买盘
10:05:00,29.63,0.0,189,560170,买盘
10:05:04,29.62,-0.01,95,281586,卖盘
10:05:06,29.65,0.03,38,112634,买盘
10:05:10,29.62,-0.03,344,1019931,卖盘
10:05:13,29.62,0.0,48,142176,卖盘
10:05:15,29.63,0.01,2,5925,买盘
10:05:18,29.66,0.03,485,1437865,买盘
10:05:21,29.63,-0.03,25,74065,中性盘
10:05:24,29.63,0.0,72,213304,买盘
10:05:28,29.65,0.02,80,237096,买盘
10:05:31,29.63,-0.02,313,928718,卖盘
10:05:34,29.65,0.02,43,127495,买盘
10:05:36,29.68,0.03,240,712227,买盘
10:05:39,29.66,-0.02,2,5932,买盘
10:05:43,29.68,0.02,444,1317696,买盘
10:05:46,29.68,0.0,57,169176,卖盘
10:05:49,29.65,-0.03,12,35562,买盘
10:05:51,29.63,-0.02,5,14815,卖盘
10:05:54,29.66,0.03,59,174915,买盘
10:05:58,29.68,0.02,142,421389,买盘
10:06:00,29.68,0.0,15,44520,卖盘
10:06:04,29.67,-0.01,72,213678,中性盘
10:06:07,29.68,0.01,96,284830,买盘
10:06:09,29.69,0.01,199,590658,买盘
10:06:12,29.7,0.01,176,522588,买盘
10:06:15,29.68,-0.02,176,522672,卖盘
10:06:18,29.68,0.0,153,454160,卖盘
10:06:22,29.67,-0.01,88,261177,卖盘
10:06:25,29.69,0.02,6,17809,买盘
10:06:28,29.69,0.0,80,237457,买盘
10:06:30,29.68,-0.01,42,124658,卖盘
10:06:33,29.67,-0.01,173,513635,卖盘
10:06:36,29.68,0.01,38,112784,买盘
10:06:40,29.68,0.0,12,35606,中性盘
10:06:43,29.68,0.0,21,62289,买盘
10:06:46,29.68,0.0,51,151325,卖盘
10:06:48,29.68,0.0,151,448150,买盘
10:06:52,29.67,-0.01,23,68243,中性盘
10:06:54,29.67,0.0,89,264063,卖盘
10:06:57,29.68,0.01,46,136458,买盘
10:07:01,29.66,-0.02,144,427104,卖盘
10:07:05,29.66,0.0,19,56354,卖盘
10:07:06,29.66,0.0,65,192790,卖盘
10:07:09,29.65,-0.01,149,441815,卖盘
10:07:12,29.65,0.0,20,59280,卖盘
10:07:16,29.67,0.02,149,442031,买盘
10:07:19,29.66,-0.01,69,204690,卖盘
10:07:22,29.63,-0.03,26,77066,卖盘
10:07:24,29.63,0.0,230,681906,卖盘
10:07:27,29.63,0.0,40,118520,卖盘
10:07:30,29.63,0.0,1,2963,买盘
10:07:34,29.63,0.0,14,41471,买盘
10:07:36,29.62,-0.01,43,127366,卖盘
10:07:40,29.62,0.0,800,2370394,买盘
10:07:43,29.6,-0.02,30,88803,卖盘
10:07:46,29.62,0.02,38,112545,买盘
10:07:49,29.61,-0.01,354,1048766,卖盘
10:07:51,29.63,0.02,350,1036822,买盘
10:07:54,29.63,0.0,57,168893,卖盘
10:07:57,29.58,-0.05,194,574455,卖盘
10:08:04,29.63,0.05,113,334819,买盘
10:08:07,29.56,-0.07,1023,3024454,卖盘
10:08:10,29.63,0.07,23,68039,中性盘
10:08:16,29.58,-0.05,135,399738,卖盘
10:08:19,29.57,-0.01,69,204138,卖盘
10:08:22,29.61,0.04,22,65058,中性盘
10:08:24,29.58,-0.03,3,8874,卖盘
10:08:27,29.61,0.03,32,94742,买盘
10:08:30,29.61,0.0,25,73936,买盘
10:08:33,29.61,0.0,1,2961,买盘
10:08:36,29.61,0.0,9,26649,买盘
10:08:39,29.61,0.0,12,35510,买盘
10:08:42,29.6,-0.01,25,74016,卖盘
10:08:45,29.61,0.01,1,2961,卖盘
10:08:48,29.61,0.0,14,41457,卖盘
10:08:51,29.61,0.0,20,59231,卖盘
10:08:54,29.61,0.0,71,210110,卖盘
10:08:57,29.61,0.0,3,8883,买盘
10:09:00,29.6,-0.01,78,230910,卖盘
10:09:05,29.6,0.0,35,103600,卖盘
10:09:07,29.61,0.01,71,210174,买盘
10:09:10,29.61,0.0,116,343459,买盘
10:09:13,29.61,0.0,29,85842,买盘
10:09:15,29.6,-0.01,73,216080,卖盘
10:09:18,29.6,0.0,101,299017,卖盘
10:09:21,29.6,0.0,323,956227,卖盘
10:09:24,29.6,0.0,97,287161,卖盘
10:09:27,29.61,0.01,13,38493,买盘
10:09:30,29.61,0.0,609,1803249,买盘
10:09:34,29.61,0.0,50,148050,卖盘
10:09:36,29.61,0.0,3,8883,卖盘
10:09:40,29.61,0.0,203,601083,卖盘
10:09:45,29.61,0.0,85,251685,卖盘
10:09:49,29.61,0.0,26,76990,卖盘
10:09:51,29.61,0.0,114,337605,卖盘
10:09:55,29.62,0.01,58,171790,买盘
10:09:57,29.62,0.0,9,26658,卖盘
10:10:00,29.62,0.0,4,11848,卖盘
10:10:04,29.63,0.01,557,1650355,买盘
10:10:06,29.62,-0.01,100,296295,卖盘
10:10:09,29.62,0.0,15,44440,卖盘
10:10:12,29.62,0.0,48,142187,卖盘
10:10:15,29.63,0.01,55,163065,中性盘
10:10:18,29.65,0.02,50,148202,买盘
10:10:21,29.63,-0.02,13,38519,卖盘
10:10:25,29.63,0.0,28,83015,卖盘
10:10:28,29.65,0.02,30,88898,买盘
10:10:31,29.65,0.0,58,171944,买盘
10:10:33,29.65,0.0,117,346905,买盘
10:10:37,29.65,0.0,46,136390,卖盘
10:10:39,29.65,0.0,16,47440,卖盘
10:10:42,29.66,0.01,32,94910,买盘
10:10:45,29.66,0.0,18,53388,卖盘
10:10:49,29.66,0.0,18,53377,中性盘
10:10:51,29.66,0.0,21,62281,卖盘
10:10:55,29.66,0.0,35,103810,买盘
10:10:57,29.66,0.0,19,56348,卖盘
10:11:00,29.65,-0.01,34,100823,卖盘
10:11:04,29.65,0.0,216,640737,卖盘
10:11:06,29.66,0.01,55,163129,买盘
10:11:10,29.66,0.0,15,44490,卖盘
10:11:13,29.66,0.0,228,676248,卖盘
10:11:16,29.66,0.0,81,240246,卖盘
10:11:18,29.65,-0.01,86,255013,卖盘
10:11:22,29.65,0.0,12,35580,买盘
10:11:24,29.65,0.0,98,290546,买盘
10:11:27,29.65,0.0,14,41510,买盘
10:11:30,29.65,0.0,23,68195,买盘
10:11:33,29.65,0.0,50,148232,买盘
10:11:36,29.63,-0.02,81,240150,卖盘
10:11:39,29.65,0.02,2,5930,买盘
10:11:42,29.65,0.0,31,91915,买盘
10:11:45,29.65,0.0,94,278709,买盘
10:11:51,29.65,0.0,32,94883,卖盘
10:11:55,29.66,0.01,17,50407,买盘
10:11:58,29.65,-0.01,127,376550,卖盘
10:12:00,29.66,0.01,9,26694,买盘
10:12:04,29.66,0.0,80,237243,买盘
10:12:07,29.63,-0.03,64,189657,卖盘
10:12:10,29.63,0.0,25,74078,卖盘
10:12:12,29.63,0.0,4,11856,卖盘
10:12:15,29.65,0.02,11,32615,中性盘
10:12:19,29.65,0.0,70,207574,卖盘
10:12:22,29.65,0.0,212,628772,卖盘
10:12:25,29.64,-0.01,79,234232,卖盘
10:12:30,29.63,-0.01,194,574838,卖盘
10:12:34,29.65,0.02,92,272727,买盘
10:12:37,29.64,-0.01,11,32604,卖盘
10:12:42,29.64,0.0,54,160061,卖盘
10:12:45,29.65,0.01,14,40400,买盘
10:12:49,29.64,-0.01,32,94848,卖盘
10:12:52,29.64,0.0,57,168948,卖盘
10:12:54,29.64,0.0,17,51490,卖盘
10:12:57,29.64,0.0,10,29640,买盘
10:13:01,29.63,-0.01,19,56301,卖盘
10:13:04,29.63,0.0,50,148185,买盘
10:13:06,29.62,-0.01,5,14814,卖盘
10:13:09,29.63,0.01,7,20741,买盘
10:13:12,29.61,-0.02,404,1196361,卖盘
10:13:15,29.63,0.02,15,44443,买盘
10:13:18,29.62,-0.01,9,26655,买盘
10:13:21,29.62,0.0,262,775823,买盘
10:13:24,29.61,-0.01,48,142128,卖盘
10:13:30,29.62,0.01,57,168781,买盘
10:13:33,29.61,-0.01,154,455994,卖盘
10:13:36,29.62,0.01,17,50339,买盘
10:13:39,29.62,0.0,147,435384,买盘
10:13:43,29.61,-0.01,8,23688,中性盘
10:13:48,29.61,0.0,35,103612,买盘
10:13:52,29.6,-0.01,47,139121,卖盘
10:13:54,29.61,0.01,3,8883,买盘
10:13:57,29.6,-0.01,281,831782,卖盘
10:14:00,29.6,0.0,10,29603,卖盘
10:14:04,29.61,0.01,206,609770,买盘
10:14:06,29.59,-0.02,110,325594,卖盘
10:14:09,29.6,0.01,15,44390,买盘
10:14:16,29.59,-0.01,1,2959,卖盘
10:14:18,29.6,0.01,28,82876,买盘
10:14:21,29.59,-0.01,9,26631,卖盘
10:14:24,29.59,0.0,4,11836,卖盘
10:14:27,29.59,0.0,24,71037,卖盘
10:14:30,29.59,0.0,222,656898,卖盘
10:14:33,29.59,0.0,12,35508,买盘
10:14:36,29.58,-0.01,22,65097,卖盘
10:14:39,29.59,0.01,34,100583,买盘
10:14:42,29.59,0.0,67,198244,买盘
10:14:45,29.58,-0.01,29,85797,卖盘
10:14:48,29.59,0.01,14,41425,买盘
10:14:52,29.58,-0.01,131,387510,卖盘
10:14:55,29.59,0.01,29,85787,买盘
10:14:58,29.59,0.0,66,195247,买盘
10:15:00,29.59,0.0,34,100560,买盘
10:15:04,29.58,-0.01,33,97638,卖盘
10:15:07,29.58,0.0,20,59163,卖盘
10:15:10,29.58,0.0,14,41413,卖盘
10:15:12,29.58,0.0,2,5916,卖盘
10:15:15,29.58,0.0,65,192271,卖盘
10:15:18,29.58,0.0,25,73950,买盘
10:15:21,29.58,0.0,2,5916,买盘
10:15:24,29.57,-0.01,88,260216,卖盘
10:15:27,29.56,-0.01,57,168529,卖盘
10:15:31,29.55,-0.01,74,218729,卖盘
10:15:33,29.57,0.02,30,88686,买盘
10:15:37,29.55,-0.02,157,463954,卖盘
10:15:39,29.55,0.0,129,381195,卖盘
10:15:43,29.55,0.0,317,936361,买盘
10:15:45,29.55,0.0,51,150613,买盘
10:15:49,29.53,-0.02,60,177188,卖盘
10:15:52,29.55,0.02,185,546493,买盘
10:15:55,29.53,-0.02,16,47252,卖盘
10:15:58,29.55,0.02,92,271806,买盘
10:16:00,29.55,0.0,6,17730,卖盘
10:16:04,29.55,0.0,11,32505,买盘
10:16:07,29.54,-0.01,76,224530,卖盘
10:16:09,29.55,0.01,623,1839541,买盘
10:16:12,29.52,-0.03,177,522568,卖盘
10:16:15,29.54,0.02,543,1603153,买盘
10:16:18,29.52,-0.02,149,439818,卖盘
10:16:21,29.55,0.03,65,191952,买盘
10:16:24,29.54,-0.01,16,47240,买盘
10:16:27,29.54,0.0,2052,6053965,买盘
10:16:30,29.52,-0.02,408,1203758,卖盘
10:16:33,29.54,0.02,53,156472,买盘
10:16:36,29.53,-0.01,15,44295,卖盘
10:16:39,29.52,-0.01,10,29520,卖盘
10:16:42,29.5,-0.02,176,519476,卖盘
10:16:46,29.52,0.02,30,88506,中性盘
10:16:49,29.5,-0.02,23,67859,中性盘
10:16:51,29.51,0.01,8,23601,中性盘
10:16:54,29.5,-0.01,47,138667,卖盘
10:16:57,29.5,0.0,200,589872,卖盘
10:17:01,29.51,0.01,226,666776,买盘
10:17:04,29.51,0.0,23,67873,卖盘
10:17:06,29.5,-0.01,27,79650,卖盘
10:17:09,29.51,0.01,104,306815,买盘
10:17:12,29.5,-0.01,25,73762,卖盘
10:17:15,29.5,0.0,124,365811,买盘
10:17:19,29.52,0.02,361,1065485,买盘
10:17:21,29.5,-0.02,249,734883,卖盘
10:17:24,29.51,0.01,63,185930,卖盘
10:17:28,29.53,0.02,22,64923,买盘
10:17:31,29.52,-0.01,3,8858,中性盘
10:17:33,29.52,0.0,1,2952,买盘
10:17:36,29.52,0.0,36,106247,买盘
10:17:39,29.52,0.0,9,26568,卖盘
10:17:42,29.52,0.0,27,79704,中性盘
10:17:45,29.52,0.0,16,47232,买盘
10:17:49,29.51,-0.01,15,44265,卖盘
10:17:51,29.52,0.01,31,91503,买盘
10:17:55,29.52,0.0,37,109224,买盘
10:17:57,29.52,0.0,48,141693,买盘
10:18:00,29.51,-0.01,62,182982,卖盘
10:18:04,29.52,0.01,52,153503,买盘
10:18:06,29.52,0.0,32,94462,卖盘
10:18:09,29.51,-0.01,31,91489,卖盘
10:18:12,29.51,0.0,14,41325,卖盘
10:18:16,29.52,0.01,37,109224,卖盘
10:18:19,29.52,0.0,137,404407,卖盘
10:18:21,29.52,0.0,49,144648,买盘
10:18:25,29.52,0.0,37,109214,买盘
10:18:27,29.52,0.0,40,118066,买盘
10:18:30,29.52,0.0,39,115134,买盘
10:18:33,29.52,0.0,48,141706,卖盘
10:18:36,29.53,0.01,51,150572,买盘
10:18:39,29.53,0.0,11,32478,买盘
10:18:42,29.53,0.0,1,2953,买盘
10:18:46,29.53,0.0,34,100393,买盘
10:18:48,29.52,-0.01,15,44285,卖盘
10:18:51,29.53,0.01,58,171269,买盘
10:18:54,29.53,0.0,14,41342,买盘
10:18:58,29.53,0.0,165,487188,买盘
10:19:00,29.53,0.0,4,11812,中性盘
10:19:06,29.53,0.0,17,50202,卖盘
10:19:09,29.54,0.01,105,310071,买盘
10:19:13,29.53,-0.01,56,165368,卖盘
10:19:16,29.53,0.0,5,14765,卖盘
10:19:18,29.54,0.01,40,118145,买盘
10:19:21,29.52,-0.02,38,112194,卖盘
10:19:24,29.53,0.01,36,106288,买盘
10:19:27,29.53,0.0,787,2322552,买盘
10:19:31,29.5,-0.03,14,41300,卖盘
10:19:33,29.51,0.01,217,640154,买盘
10:19:37,29.5,-0.01,144,424801,卖盘
10:19:40,29.5,0.0,30,88491,买盘
10:19:43,29.5,0.0,29,85554,卖盘
10:19:45,29.5,0.0,174,513156,买盘
10:19:48,29.5,0.0,31,91429,买盘
10:19:52,29.48,-0.02,179,527756,卖盘
10:19:55,29.49,0.01,308,908255,买盘
10:19:57,29.48,-0.01,32,94353,卖盘
10:20:00,29.48,0.0,107,315441,卖盘
10:20:04,29.5,0.02,1011,2982424,买盘
10:20:07,29.48,-0.02,58,170987,卖盘
10:20:09,29.5,0.02,191,563459,买盘
10:20:13,29.49,-0.01,185,545726,卖盘
10:20:16,29.49,0.0,79,233047,卖盘
10:20:19,29.5,0.01,146,430606,买盘
10:20:22,29.49,-0.01,52,153353,卖盘
10:20:25,29.49,0.0,72,212329,卖盘
10:20:27,29.5,0.01,24,70779,买盘
10:20:30,29.5,0.0,21,61946,买盘
10:20:33,29.5,0.0,30,88482,买盘
10:20:36,29.49,-0.01,85,250711,卖盘
10:20:40,29.49,0.0,157,463041,卖盘
10:20:43,29.48,-0.01,150,442374,卖盘
10:20:46,29.48,0.0,120,353770,卖盘
10:20:48,29.48,0.0,75,221111,卖盘
10:20:51,29.47,-0.01,215,633774,卖盘
10:20:54,29.47,0.0,55,162103,卖盘
10:20:57,29.47,0.0,65,191569,卖盘
10:21:00,29.47,0.0,269,792951,卖盘
10:21:04,29.47,0.0,151,445034,卖盘
10:21:06,29.46,-0.01,515,1517398,卖盘
10:21:10,29.45,-0.01,57,167893,卖盘
10:21:13,29.45,0.0,29,85406,卖盘
10:21:15,29.45,0.0,51,150209,卖盘
10:21:18,29.45,0.0,173,509496,卖盘
10:21:21,29.45,0.0,243,715677,卖盘
10:21:24,29.45,0.0,123,362240,卖盘
10:21:27,29.45,0.0,169,497613,买盘
10:21:31,29.44,-0.01,81,238454,卖盘
10:21:34,29.45,0.01,132,388598,买盘
10:21:36,29.45,0.0,116,341398,买盘
10:21:39,29.44,-0.01,80,235488,卖盘
10:21:42,29.44,0.0,597,1756709,买盘
10:21:45,29.43,-0.01,74,217720,中性盘
10:21:48,29.43,0.0,89,261797,买盘
10:21:52,29.42,-0.01,150,441242,卖盘
10:21:54,29.42,0.0,119,350101,卖盘
10:21:58,29.42,0.0,93,273551,买盘
10:22:00,29.42,0.0,107,314704,买盘
10:22:04,29.42,0.0,619,1820534,买盘
10:22:06,29.41,-0.01,75,220645,卖盘
10:22:10,29.42,0.01,75,220585,中性盘
10:22:12,29.42,0.0,60,176464,买盘
10:22:16,29.41,-0.01,569,1673156,卖盘
10:22:18,29.41,0.0,679,1996304,卖盘
10:22:22,29.41,0.0,105,308851,卖盘
10:22:24,29.41,0.0,87,255886,卖盘
10:22:28,29.42,0.01,132,388252,买盘
10:22:31,29.42,0.0,85,250024,买盘
10:22:33,29.41,-0.01,91,267654,卖盘
10:22:37,29.41,0.0,231,679371,卖盘
10:22:39,29.41,0.0,74,217589,买盘
10:22:42,29.41,0.0,100,294063,买盘
10:22:45,29.41,0.0,80,235224,买盘
10:22:48,29.41,0.0,309,908725,买盘
10:22:51,29.41,0.0,56,164699,卖盘
10:22:54,29.41,0.0,201,591141,卖盘
10:22:57,29.41,0.0,68,199988,卖盘
10:23:01,29.41,0.0,82,241128,卖盘
10:23:04,29.42,0.01,40,117643,买盘
10:23:06,29.41,-0.01,90,264700,卖盘
10:23:09,29.41,0.0,90,264691,卖盘
10:23:12,29.43,0.02,990,2913009,买盘
10:23:16,29.44,0.01,80,235476,买盘
10:23:19,29.43,-0.01,77,226681,卖盘
10:23:22,29.43,0.0,112,329639,卖盘
10:23:25,29.45,0.02,61,179625,买盘
10:23:27,29.44,-0.01,22,64778,卖盘
10:23:31,29.45,0.01,100,294588,中性盘
10:23:33,29.5,0.05,960,2830406,买盘
10:23:36,29.5,0.0,25,73764,卖盘
10:23:40,29.53,0.03,98,289334,买盘
10:23:42,29.53,0.0,49,144677,买盘
10:23:46,29.54,0.01,39,115173,买盘
10:23:48,29.51,-0.03,140,413174,卖盘
10:23:52,29.5,-0.01,118,348110,卖盘
10:23:54,29.5,0.0,501,1479765,卖盘
10:23:58,29.5,0.0,176,519769,卖盘
10:24:00,29.5,0.0,25,73722,卖盘
10:24:04,29.51,0.01,571,1684612,买盘
10:24:06,29.51,0.0,13,38363,卖盘
10:24:09,29.51,0.0,397,1171547,卖盘
10:24:12,29.5,-0.01,175,516456,卖盘
10:24:15,29.48,-0.02,230,678109,卖盘
10:24:19,29.49,0.01,188,554599,中性盘
10:24:22,29.5,0.01,24,70800,买盘
10:24:24,29.5,0.0,314,926230,买盘
10:24:27,29.5,0.0,240,708000,卖盘
10:24:30,29.51,0.01,8,23603,买盘
10:24:33,29.5,-0.01,1200,3540000,卖盘
10:24:36,29.5,0.0,23,67822,卖盘
10:24:39,29.5,0.0,19,56050,买盘
10:24:45,29.5,0.0,36,106136,买盘
10:24:48,29.49,-0.01,25,73735,中性盘
10:24:52,29.5,0.01,36,106175,买盘
10:24:54,29.49,-0.01,162,477738,卖盘
10:24:58,29.5,0.01,31,91429,买盘
10:25:01,29.49,-0.01,193,569197,卖盘
10:25:04,29.49,0.0,1,2949,买盘
10:25:07,29.48,-0.01,46,135653,卖盘
10:25:10,29.49,0.01,20,58962,买盘
10:25:13,29.48,-0.01,26,76659,卖盘
10:25:15,29.48,0.0,24,70752,卖盘
10:25:18,29.48,0.0,108,318384,卖盘
10:25:21,29.47,-0.01,104,306539,卖盘
10:25:25,29.47,0.0,250,736796,卖盘
10:25:27,29.46,-0.01,24,70710,卖盘
10:25:30,29.47,0.01,9,26520,中性盘
10:25:33,29.45,-0.02,160,471210,卖盘
10:25:36,29.47,0.02,10,29463,买盘
10:25:39,29.47,0.0,27,79568,买盘
10:25:43,29.46,-0.01,9,26514,卖盘
10:25:46,29.47,0.01,223,657168,买盘
10:25:49,29.46,-0.01,22,64812,卖盘
10:25:52,29.47,0.01,665,1958938,买盘
10:25:54,29.46,-0.01,16,47136,卖盘
10:25:58,29.45,-0.01,19,55961,卖盘
10:26:01,29.46,0.01,5,14726,买盘
10:26:04,29.46,0.0,1,2946,买盘
10:26:07,29.45,-0.01,107,315125,卖盘
10:26:10,29.45,0.0,101,297442,卖盘
10:26:12,29.45,0.0,12,35332,买盘
10:26:15,29.44,-0.01,22,64769,卖盘
10:26:18,29.44,0.0,56,164825,买盘
10:26:21,29.43,-0.01,53,156000,卖盘
10:26:24,29.43,0.0,35,103028,卖盘
10:26:27,29.42,-0.01,29,85343,卖盘
10:26:31,29.44,0.02,22,64763,买盘
10:26:33,29.43,-0.01,12,35316,卖盘
10:26:36,29.43,0.0,112,329616,卖盘
10:26:39,29.43,0.0,1,2943,买盘
10:26:43,29.42,-0.01,75,220691,卖盘
10:26:46,29.43,0.01,180,529687,买盘
10:26:48,29.42,-0.01,2422,7120163,卖盘
10:26:52,29.43,0.01,9,26487,买盘
10:26:55,29.41,-0.02,24,70610,卖盘
10:26:58,29.41,0.0,168,493744,买盘
10:27:00,29.38,-0.03,185,543703,卖盘
10:27:04,29.39,0.01,119,349644,中性盘
10:27:06,29.4,0.01,61,179318,买盘
10:27:09,29.4,0.0,487,1431849,买盘
10:27:12,29.4,0.0,349,1026062,卖盘
10:27:15,29.42,0.02,379,1114083,买盘
10:27:18,29.41,-0.01,38,111787,卖盘
10:27:21,29.41,0.0,28,82351,卖盘
10:27:25,29.42,0.01,80,235328,买盘
10:27:27,29.43,0.01,61,179553,买盘
10:27:30,29.43,0.0,174,512208,卖盘
10:27:33,29.46,0.03,443,1304589,买盘
10:27:36,29.46,0.0,49,144290,买盘
10:27:40,29.46,0.0,264,778008,卖盘
10:27:43,29.5,0.04,863,2544195,买盘
10:27:46,29.5,0.0,60,176989,买盘
10:27:48,29.5,0.0,1212,3574103,买盘
10:27:51,29.5,0.0,2,5900,中性盘
10:27:54,29.5,0.0,29,85580,卖盘
10:27:57,29.5,0.0,29,85559,卖盘
10:28:00,29.49,-0.01,8,23595,卖盘
10:28:05,29.5,0.01,30,88500,买盘
10:28:07,29.49,-0.01,21,61931,卖盘
10:28:09,29.49,0.0,154,453948,买盘
10:28:12,29.49,0.0,47,138572,买盘
10:28:15,29.48,-0.01,18,53064,卖盘
10:28:18,29.48,0.0,11,32428,卖盘
10:28:22,29.49,0.01,338,996236,买盘
10:28:25,29.48,-0.01,5,14742,中性盘
10:28:27,29.48,0.0,55,162116,卖盘
10:28:30,29.46,-0.02,7,20624,卖盘
10:28:33,29.48,0.02,2,5895,买盘
10:28:37,29.46,-0.02,30,88400,卖盘
10:28:39,29.47,0.01,33,97226,中性盘
10:28:42,29.47,0.0,20,58941,卖盘
10:28:46,29.47,0.0,12,35364,卖盘
10:28:48,29.48,0.01,45,132634,买盘
10:28:52,29.47,-0.01,439,1294153,卖盘
10:28:54,29.47,0.0,149,439343,卖盘
10:28:57,29.46,-0.01,53,156182,卖盘
10:29:00,29.47,0.01,38,111983,买盘
10:29:04,29.47,0.0,28,82523,卖盘
10:29:06,29.48,0.01,11,32427,买盘
10:29:10,29.48,0.0,12,35369,买盘
10:29:13,29.46,-0.02,528,1555563,卖盘
10:29:15,29.45,-0.01,229,674412,卖盘
10:29:18,29.45,0.0,121,356249,买盘
10:29:21,29.45,0.0,37,108953,买盘
10:29:24,29.45,0.0,22,64767,买盘
10:29:27,29.43,-0.02,268,788792,卖盘
10:29:30,29.43,0.0,80,235393,买盘
10:29:34,29.43,0.0,1,2943,买盘
10:29:37,29.43,0.0,15,44135,买盘
10:29:39,29.4,-0.03,502,1476665,卖盘
10:29:43,29.43,0.03,6,17658,买盘
10:29:45,29.4,-0.03,393,1155458,卖盘
10:29:49,29.4,0.0,28,82319,买盘
10:29:52,29.4,0.0,93,273393,买盘
10:29:55,29.4,0.0,73,214620,买盘
10:29:57,29.39,-0.01,227,667243,卖盘
10:30:01,29.4,0.01,34,99927,买盘
10:30:04,29.4,0.0,9,26466,卖盘
10:30:07,29.42,0.02,84,247000,买盘
10:30:10,29.4,-0.02,55,161702,卖盘
10:30:12,29.42,0.02,29,85318,买盘
10:30:15,29.4,-0.02,287,843787,卖盘
10:30:19,29.4,0.0,128,376306,买盘
10:30:22,29.4,0.0,125,367491,买盘
10:30:25,29.4,0.0,74,217560,买盘
10:30:27,29.4,0.0,3,8820,卖盘
10:30:31,29.4,0.0,37,108793,卖盘
10:30:33,29.42,0.02,15,44122,买盘
10:30:36,29.43,0.01,45,132351,买盘
10:30:39,29.41,-0.02,55,161793,卖盘
10:30:42,29.42,0.01,87,255946,买盘
10:30:45,29.42,0.0,39,114787,卖盘
10:30:48,29.43,0.01,12,35305,中性盘
10:30:51,29.44,0.01,19,55926,卖盘
10:30:54,29.42,-0.02,2,5884,卖盘
10:30:57,29.42,0.0,65,191325,卖盘
10:31:00,29.44,0.02,29,85377,买盘
10:31:05,29.42,-0.02,14,41194,卖盘
10:31:07,29.42,0.0,27,79481,卖盘
10:31:10,29.43,0.01,15,44152,卖盘
10:31:12,29.44,0.01,89,261898,买盘
10:31:16,29.44,0.0,20,58871,买盘
10:31:18,29.43,-0.01,16,47098,卖盘
10:31:21,29.43,0.0,9,26493,卖盘
10:31:25,29.43,0.0,44,129527,卖盘
10:31:27,29.43,0.0,6,17663,卖盘
10:31:30,29.44,0.01,22,64760,买盘
10:31:33,29.44,0.0,34,100096,买盘
10:31:37,29.44,0.0,316,930304,卖盘
10:31:39,29.43,-0.01,23,67691,卖盘
10:31:42,29.44,0.01,111,326784,买盘
10:31:45,29.44,0.0,32,94187,买盘
10:31:48,29.44,0.0,38,111857,买盘
10:31:51,29.43,-0.01,406,1194860,卖盘
10:31:54,29.44,0.01,38,111841,买盘
10:31:57,29.43,-0.01,68,200130,卖盘
10:32:01,29.44,0.01,37,108924,买盘
10:32:05,29.44,0.0,15,44160,买盘
10:32:06,29.43,-0.01,397,1168497,卖盘
10:32:09,29.44,0.01,15,44160,中性盘
10:32:12,29.44,0.0,6,17664,卖盘
10:32:16,29.44,0.0,57,167826,卖盘
10:32:19,29.44,0.0,525,1545100,买盘
10:32:22,29.44,0.0,60,176626,买盘
10:32:25,29.43,-0.01,49,144253,卖盘
10:32:28,29.43,0.0,20,58879,卖盘
10:32:31,29.44,0.01,159,468067,买盘
10:32:34,29.45,0.01,20,58874,买盘
10:32:36,29.45,0.0,1,2945,买盘
10:32:39,29.44,-0.01,10,29440,卖盘
10:32:42,29.44,0.0,357,1051297,卖盘
10:32:46,29.45,0.01,1,2945,买盘
10:32:48,29.44,-0.01,41,120691,卖盘
10:32:51,29.45,0.01,54,159016,买盘
10:32:54,29.45,0.0,85,250277,买盘
10:32:58,29.45,0.0,28,82460,买盘
10:33:01,29.45,0.0,98,288556,买盘
10:33:04,29.45,0.0,9,26505,卖盘
10:33:06,29.45,0.0,83,244435,卖盘
10:33:10,29.45,0.0,58,170806,买盘
10:33:12,29.45,0.0,4,11779,买盘
10:33:15,29.45,0.0,99,291545,买盘
10:33:18,29.44,-0.01,1,2944,卖盘
10:33:22,29.45,0.01,49,144287,买盘
10:33:27,29.45,0.0,125,368115,买盘
10:33:31,29.45,0.0,43,126593,买盘
10:33:33,29.45,0.0,14,41230,买盘
10:33:36,29.45,0.0,109,320979,买盘
10:33:40,29.46,0.01,57,167891,买盘
10:33:43,29.44,-0.02,26,76578,卖盘
10:33:46,29.44,0.0,500,1472070,卖盘
10:33:49,29.44,0.0,243,715406,卖盘
10:33:52,29.45,0.01,6,17669,买盘
10:33:54,29.46,0.01,58,170857,买盘
10:33:57,29.45,-0.01,13,38295,中性盘
10:34:01,29.46,0.01,16,47129,买盘
10:34:07,29.46,0.0,100,294600,买盘
10:34:10,29.46,0.0,63,185536,买盘
10:34:13,29.45,-0.01,9,26506,卖盘
10:34:15,29.46,0.01,55,162030,买盘
10:34:18,29.45,-0.01,5,14729,卖盘
10:34:22,29.45,0.0,19,55962,卖盘
10:34:25,29.46,0.01,25,73641,买盘
10:34:27,29.45,-0.01,75,220946,卖盘
10:34:30,29.45,0.0,15,44175,卖盘
10:34:33,29.46,0.01,25,73638,买盘
10:34:36,29.45,-0.01,59,173812,卖盘
10:34:39,29.46,0.01,16,47136,买盘
10:34:43,29.46,0.0,63,185590,买盘
10:34:46,29.46,0.0,21,61864,买盘
10:34:49,29.46,0.0,54,159052,买盘
10:34:51,29.46,0.0,10,29460,买盘
10:34:54,29.45,-0.01,459,1351755,卖盘
10:34:57,29.44,-0.01,245,721402,卖盘
10:35:01,29.45,0.01,5,14724,买盘
10:35:04,29.43,-0.02,237,697539,卖盘
10:35:07,29.44,0.01,79,232581,中性盘
10:35:09,29.44,0.0,10,29435,买盘
10:35:12,29.43,-0.01,33,97140,卖盘
10:35:16,29.44,0.01,54,158976,买盘
10:35:18,29.44,0.0,6,17668,卖盘
10:35:21,29.44,0.0,75,220835,卖盘
10:35:25,29.43,-0.01,35,103021,卖盘
10:35:27,29.44,0.01,14,41206,买盘
10:35:30,29.43,-0.01,59,173647,卖盘
10:35:33,29.44,0.01,15,44157,买盘
10:35:37,29.42,-0.02,330,971187,卖盘
10:35:40,29.44,0.02,11,32384,卖盘
10:35:42,29.44,0.0,8,23552,买盘
10:35:45,29.44,0.0,7,20608,买盘
10:35:48,29.42,-0.02,52,153071,卖盘
10:35:51,29.42,0.0,1,2942,卖盘
10:35:54,29.44,0.02,39,114818,买盘
10:35:57,29.42,-0.02,3,8829,卖盘
10:36:00,29.42,0.0,110,323622,卖盘
10:36:04,29.43,0.01,38,111834,买盘
10:36:07,29.43,0.0,25,73575,卖盘
10:36:10,29.4,-0.03,1116,3281887,卖盘
10:36:12,29.44,0.04,29,85365,买盘
10:36:18,29.41,-0.03,1,2941,中性盘
10:36:21,29.4,-0.01,274,805593,卖盘
10:36:24,29.43,0.03,37,108873,买盘
10:36:27,29.4,-0.03,41,120560,卖盘
10:36:30,29.41,0.01,68,199940,买盘
10:36:34,29.41,0.0,23,67671,卖盘
10:36:36,29.41,0.0,101,297047,卖盘
10:36:40,29.41,0.0,30,88248,卖盘
10:36:42,29.41,0.0,83,244103,卖盘
10:36:46,29.41,0.0,10,29410,卖盘
10:36:49,29.42,0.01,518,1524473,卖盘
10:36:51,29.42,0.0,57,167694,卖盘
10:36:54,29.42,0.0,28,82376,卖盘
10:36:57,29.42,0.0,3,8827,卖盘
10:37:00,29.42,0.0,78,229503,卖盘
10:37:04,29.43,0.01,1,2943,买盘
10:37:07,29.43,0.0,136,400226,买盘
10:37:09,29.42,-0.01,2,5885,卖盘
10:37:12,29.43,0.01,78,229543,买盘
10:37:15,29.43,0.0,4,11772,卖盘
10:37:19,29.43,0.0,180,529742,卖盘
10:37:22,29.43,0.0,5,14715,买盘
10:37:24,29.43,0.0,13,38259,买盘
10:37:27,29.42,-0.01,24,70608,卖盘
10:37:31,29.41,-0.01,474,1394499,卖盘
10:37:33,29.41,0.0,61,179403,卖盘
10:37:36,29.41,0.0,139,408799,卖盘
10:37:40,29.42,0.01,85,249989,买盘
10:37:43,29.42,0.0,31,91177,买盘
10:37:45,29.41,-0.01,31,91166,卖盘
10:37:48,29.41,0.0,13,38225,买盘
10:37:52,29.41,0.0,46,135273,买盘
10:37:55,29.41,0.0,107,314675,买盘
10:37:57,29.41,0.0,44,129403,买盘
10:38:00,29.4,-0.01,31,91151,卖盘
10:38:04,29.41,0.01,1,2941,买盘
10:38:07,29.41,0.0,63,185270,买盘
10:38:10,29.4,-0.01,251,737944,卖盘
10:38:13,29.41,0.01,211,620346,买盘
10:38:15,29.4,-0.01,304,893760,卖盘
10:38:19,29.39,-0.01,21,61719,卖盘
10:38:22,29.39,0.0,401,1178539,卖盘
10:38:24,29.38,-0.01,441,1295669,卖盘
10:38:27,29.39,0.01,24,70522,买盘
10:38:31,29.37,-0.02,59,173294,卖盘
10:38:34,29.37,0.0,15,44070,卖盘
10:38:36,29.37,0.0,463,1359849,卖盘
10:38:39,29.37,0.0,27,79284,买盘
10:38:42,29.37,0.0,19,55788,买盘
10:38:45,29.37,0.0,76,223155,买盘
10:38:48,29.37,0.0,25,73445,买盘
10:38:52,29.37,0.0,14,41118,卖盘
10:38:55,29.37,0.0,6,17622,卖盘
10:38:58,29.37,0.0,54,158608,卖盘
10:39:00,29.37,0.0,430,1262910,卖盘
10:39:04,29.37,0.0,57,167403,买盘
10:39:07,29.36,-0.01,372,1092255,卖盘
10:39:10,29.36,0.0,429,1259572,卖盘
10:39:13,29.36,0.0,40,117444,卖盘
10:39:16,29.36,0.0,36,105696,买盘
10:39:18,29.36,0.0,145,425644,买盘
10:39:22,29.36,0.0,85,249490,买盘
10:39:25,29.36,0.0,34,99814,买盘
10:39:27,29.36,0.0,47,137961,买盘
10:39:31,29.36,0.0,100,293528,买盘
10:39:34,29.36,0.0,42,123292,买盘
10:39:36,29.35,-0.01,364,1068355,卖盘
10:39:39,29.35,0.0,953,2797090,卖盘
10:39:43,29.34,-0.01,21,61631,卖盘
10:39:46,29.34,0.0,11,32282,卖盘
10:39:48,29.35,0.01,110,322848,买盘
10:39:52,29.34,-0.01,254,745271,卖盘
10:39:54,29.35,0.01,62,181924,买盘
10:39:57,29.34,-0.01,51,149644,卖盘
10:40:00,29.34,0.0,61,178974,卖盘
10:40:04,29.34,0.0,75,220035,买盘
10:40:06,29.3,-0.04,5047,14796044,卖盘
10:40:10,29.3,0.0,610,1787378,卖盘
10:40:12,29.3,0.0,27,79138,卖盘
10:40:16,29.3,0.0,1006,2947663,卖盘
10:40:18,29.3,0.0,662,1939915,卖盘
10:40:22,29.31,0.01,17,49844,中性盘
10:40:25,29.31,0.0,2068,6059526,卖盘
10:40:27,29.3,-0.01,139,407307,卖盘
10:40:30,29.31,0.01,122,357579,买盘
10:40:33,29.3,-0.01,124,363328,卖盘
10:40:36,29.3,0.0,329,963852,买盘
10:40:40,29.3,0.0,91,266607,买盘
10:40:43,29.29,-0.01,181,530205,卖盘
10:40:46,29.3,0.01,79,231110,买盘
10:40:48,29.29,-0.01,86,251944,卖盘
10:40:51,29.29,0.0,67,196285,卖盘
10:40:54,29.3,0.01,231,676797,买盘
10:40:57,29.3,0.0,99,290023,买盘
10:41:00,29.28,-0.02,3234,9475201,卖盘
10:41:04,29.3,0.02,422,1236401,买盘
10:41:07,29.3,0.0,362,1060633,买盘
10:41:10,29.31,0.01,36,105485,买盘
10:41:13,29.31,0.0,286,838225,买盘
10:41:15,29.31,0.0,157,460215,买盘
10:41:18,29.31,0.0,34,99682,卖盘
10:41:21,29.31,0.0,17,49833,卖盘
10:41:25,29.33,0.02,794,2327022,买盘
10:41:27,29.33,0.0,32,93825,卖盘
10:41:30,29.34,0.01,132,387276,买盘
10:41:33,29.34,0.0,23,67485,卖盘
10:41:37,29.35,0.01,26,76308,买盘
10:41:39,29.34,-0.01,164,481219,卖盘
10:41:42,29.35,0.01,401,1176851,买盘
10:41:46,29.36,0.01,19,55783,买盘
10:41:48,29.36,0.0,15,44030,买盘
10:41:51,29.35,-0.01,216,633964,卖盘
10:41:54,29.35,0.0,32,93920,买盘
10:41:57,29.34,-0.01,54,158484,卖盘
10:42:01,29.35,0.01,193,566352,买盘
10:42:04,29.35,0.0,66,193700,买盘
10:42:07,29.35,0.0,61,179019,买盘
10:42:09,29.34,-0.01,26,76295,卖盘
10:42:13,29.34,0.0,51,149658,卖盘
10:42:15,29.35,0.01,30,88050,卖盘
10:42:19,29.35,0.0,67,196649,买盘
10:42:22,29.34,-0.01,300,880222,卖盘
10:42:25,29.35,0.01,52,152616,买盘
10:42:27,29.35,0.0,30,88041,买盘
10:42:30,29.34,-0.01,65,190771,卖盘
10:42:34,29.35,0.01,5,14675,中性盘
10:42:36,29.34,-0.01,22,64851,卖盘
10:42:40,29.3,-0.04,1685,4939215,卖盘
10:42:42,29.3,0.0,229,670970,买盘
10:42:46,29.3,0.0,84,246120,买盘
10:42:49,29.3,0.0,111,325220,买盘
10:42:51,29.3,0.0,140,410163,买盘
10:42:54,29.29,-0.01,123,360382,卖盘
10:42:57,29.3,0.01,289,847063,买盘
10:43:00,29.3,0.0,17,49822,卖盘
10:43:04,29.34,0.04,33,96698,买盘
10:43:07,29.3,-0.04,137,401558,卖盘
10:43:10,29.31,0.01,28,82077,卖盘
10:43:12,29.31,0.0,115,337155,卖盘
10:43:16,29.31,0.0,27,79149,卖盘
10:43:19,29.34,0.03,38,111384,买盘
10:43:22,29.32,-0.02,41,120232,中性盘
10:43:24,29.31,-0.01,100,293118,卖盘
10:43:27,29.32,0.01,51,149519,买盘
10:43:30,29.31,-0.01,92,269687,卖盘
10:43:34,29.32,0.01,87,255020,买盘
10:43:36,29.31,-0.01,72,211100,卖盘
10:43:40,29.33,0.02,59,173047,买盘
10:43:43,29.33,0.0,55,161322,卖盘
10:43:45,29.32,-0.01,50,146635,卖盘
10:43:48,29.32,0.0,10,29322,卖盘
10:43:51,29.33,0.01,16,46913,买盘
10:43:54,29.33,0.0,42,123186,买盘
10:43:57,29.33,0.0,33,96792,卖盘
10:44:00,29.33,0.0,37,108537,卖盘
10:44:04,29.34,0.01,12,35197,中性盘
10:44:07,29.33,-0.01,97,284505,卖盘
10:44:09,29.33,0.0,194,569002,买盘
10:44:13,29.33,0.0,28,82122,卖盘
10:44:16,29.33,0.0,61,178905,买盘
10:44:18,29.32,-0.01,353,1035139,卖盘
10:44:22,29.32,0.0,107,313724,买盘
10:44:24,29.32,0.0,20,58635,买盘
10:44:28,29.32,0.0,47,137774,买盘
10:44:30,29.31,-0.01,48,140709,卖盘
10:44:33,29.32,0.01,407,1193324,买盘
10:44:36,29.32,0.0,83,243356,买盘
10:44:39,29.32,0.0,316,926235,买盘
10:44:42,29.32,0.0,1004,2942693,买盘
10:44:45,29.32,0.0,33,96752,买盘
10:44:48,29.31,-0.01,144,422042,卖盘
10:44:52,29.31,0.0,43,126023,买盘
10:44:55,29.32,0.01,55,161211,买盘
10:44:57,29.31,-0.01,71,208160,卖盘
10:45:00,29.32,0.01,110,322461,中性盘
10:45:04,29.33,0.01,78,228641,买盘
10:45:07,29.31,-0.02,48,140692,卖盘
10:45:09,29.32,0.01,23,67423,中性盘
10:45:12,29.3,-0.02,567,1661523,卖盘
10:45:15,29.32,0.02,35,102590,买盘
10:45:19,29.3,-0.02,434,1271636,卖盘
10:45:22,29.31,0.01,138,404453,买盘
10:45:25,29.32,0.01,176,515841,买盘
10:45:27,29.31,-0.01,17,49827,卖盘
10:45:30,29.31,0.0,688,2016939,卖盘
10:45:33,29.31,0.0,16,46896,卖盘
10:45:37,29.32,0.01,47,137824,卖盘
10:45:40,29.32,0.0,13,38117,卖盘
10:45:42,29.33,0.01,3,8799,买盘
10:45:45,29.33,0.0,25,73303,买盘
10:45:49,29.33,0.0,494,1448263,买盘
10:45:52,29.33,0.0,5,14665,卖盘
10:45:54,29.34,0.01,196,574885,买盘
10:45:57,29.33,-0.01,144,422386,卖盘
10:46:00,29.34,0.01,11,32276,中性盘
10:46:04,29.33,-0.01,24,70398,卖盘
10:46:07,29.33,0.0,63,184795,卖盘
10:46:10,29.34,0.01,52,152514,买盘
10:46:13,29.33,-0.01,8,23470,中性盘
10:46:16,29.33,0.0,77,225857,卖盘
10:46:18,29.34,0.01,5,14666,买盘
10:46:22,29.33,-0.01,23,67461,卖盘
10:46:25,29.34,0.01,73,214077,买盘
10:46:27,29.34,0.0,29,85066,买盘
10:46:30,29.33,-0.01,116,340244,卖盘
10:46:34,29.34,0.01,17,49870,买盘
10:46:37,29.33,-0.01,26,76259,卖盘
10:46:40,29.33,0.0,67,196524,卖盘
10:46:42,29.34,0.01,156,457676,买盘
10:46:46,29.33,-0.01,103,302140,卖盘
10:46:49,29.33,0.0,18,52803,卖盘
10:46:52,29.33,0.0,119,349132,卖盘
10:46:54,29.34,0.01,112,328508,买盘
10:46:57,29.33,-0.01,24,70405,卖盘
10:47:00,29.35,0.02,847,2485608,买盘
10:47:05,29.36,0.01,75,220154,买盘
10:47:07,29.35,-0.01,34,99790,卖盘
10:47:10,29.35,0.0,19,55774,卖盘
10:47:13,29.35,0.0,47,137969,卖盘
10:47:16,29.36,0.01,41,120376,买盘
10:47:18,29.36,0.0,64,187903,买盘
10:47:22,29.36,0.0,564,1655702,买盘
10:47:25,29.37,0.01,92,270135,买盘
10:47:31,29.37,0.0,10,29379,中性盘
10:47:34,29.38,0.01,137,402472,买盘
10:47:40,29.39,0.01,147,432011,买盘
10:47:43,29.4,0.01,12,35277,买盘
10:47:45,29.39,-0.01,11,32329,卖盘
10:47:48,29.39,0.0,6,17635,卖盘
10:47:51,29.4,0.01,24,70559,买盘
10:47:54,29.4,0.0,52,152874,买盘
10:47:58,29.39,-0.01,351,1031828,卖盘
10:48:00,29.39,0.0,171,502575,卖盘
10:48:04,29.39,0.0,81,238027,买盘
10:48:06,29.38,-0.01,38,111679,卖盘
10:48:09,29.39,0.01,8,23506,买盘
10:48:12,29.39,0.0,18,52901,买盘
10:48:15,29.39,0.0,37,108742,买盘
10:48:18,29.39,0.0,19,55832,买盘
10:48:22,29.38,-0.01,65,191000,卖盘
10:48:24,29.39,0.01,18,52886,买盘
10:48:30,29.38,-0.01,8,23504,卖盘
10:48:33,29.39,0.01,27,79319,买盘
10:48:37,29.39,0.0,2,5878,买盘
10:48:39,29.38,-0.01,27,79331,卖盘
10:48:42,29.37,-0.01,54,158606,卖盘
10:48:45,29.37,0.0,21,61677,买盘
10:48:49,29.37,0.0,53,155655,买盘
10:48:51,29.36,-0.01,37,108645,卖盘
10:48:54,29.37,0.01,11,32307,买盘
10:48:57,29.36,-0.01,47,137998,卖盘
10:49:01,29.36,0.0,32,93977,卖盘
10:49:04,29.36,0.0,11,32296,卖盘
10:49:07,29.37,0.01,12,35244,买盘
10:49:10,29.37,0.0,316,927782,买盘
10:49:12,29.36,-0.01,10,29360,卖盘
10:49:15,29.37,0.01,46,135093,买盘
10:49:18,29.37,0.0,4,11748,中性盘
10:49:21,29.35,-0.02,7,20553,卖盘
10:49:24,29.37,0.02,52,152745,买盘
10:49:27,29.36,-0.01,7,20558,卖盘
10:49:30,29.36,0.0,27,79298,卖盘
10:49:34,29.37,0.01,28,82225,买盘
10:49:37,29.37,0.0,18,52857,买盘
10:49:39,29.36,-0.01,127,372888,卖盘
10:49:42,29.36,0.0,60,176160,买盘
10:49:46,29.35,-0.01,79,231943,卖盘
10:49:48,29.35,0.0,299,877632,卖盘
10:49:51,29.38,0.03,15,44064,买盘
10:49:54,29.38,0.0,31,91078,买盘
10:49:57,29.37,-0.01,11,32297,中性盘
10:50:00,29.36,-0.01,70,205528,卖盘
10:50:05,29.37,0.01,8,23500,买盘
10:50:07,29.36,-0.01,226,663568,卖盘
10:50:09,29.35,-0.01,82,240679,卖盘
10:50:13,29.36,0.01,45,132100,买盘
10:50:16,29.36,0.0,9,26424,买盘
10:50:19,29.35,-0.01,44,129147,卖盘
10:50:22,29.36,0.01,8,23486,买盘
10:50:25,29.36,0.0,75,220200,买盘
10:50:28,29.36,0.0,66,193718,买盘
10:50:30,29.35,-0.01,26,76326,卖盘
10:50:34,29.35,0.0,45,132090,卖盘
10:50:36,29.36,0.01,11,32296,买盘
10:50:40,29.35,-0.01,226,663438,卖盘
10:50:43,29.35,0.0,22,64574,卖盘
10:50:45,29.35,0.0,34,99800,卖盘
10:50:48,29.36,0.01,83,243662,买盘
10:50:51,29.36,0.0,33,96873,买盘
10:50:55,29.36,0.0,66,193741,买盘
10:50:58,29.36,0.0,7,20548,买盘
10:51:00,29.36,0.0,65,190790,买盘
10:51:04,29.36,0.0,35,102739,买盘
10:51:06,29.36,0.0,6,17616,买盘
10:51:09,29.35,-0.01,111,325813,卖盘
10:51:13,29.35,0.0,20,58700,卖盘
10:51:15,29.36,0.01,99,290644,买盘
10:51:19,29.36,0.0,17,49912,买盘
10:51:21,29.37,0.01,11,32307,买盘
10:51:25,29.36,-0.01,102,299472,卖盘
10:51:28,29.36,0.0,45,132121,卖盘
10:51:30,29.36,0.0,7,20556,卖盘
10:51:34,29.36,0.0,74,217341,卖盘
10:51:36,29.36,0.0,26,76351,卖盘
10:51:39,29.38,0.02,77,226117,买盘
10:51:43,29.38,0.0,30,88125,买盘
10:51:45,29.38,0.0,20,58760,买盘
10:51:48,29.37,-0.01,12,35236,买盘
10:51:52,29.37,0.0,119,349472,买盘
10:51:55,29.37,0.0,69,202636,买盘
10:51:58,29.36,-0.01,264,775155,卖盘
10:52:00,29.37,0.01,34,99820,买盘
10:52:04,29.37,0.0,48,140947,买盘
10:52:07,29.37,0.0,31,91052,卖盘
10:52:10,29.36,-0.01,35,102775,卖盘
10:52:13,29.37,0.01,48,140965,买盘
10:52:15,29.38,0.01,13,38194,买盘
10:52:19,29.38,0.0,600,1762800,买盘
10:52:21,29.39,0.01,72,211576,买盘
10:52:24,29.37,-0.02,28,82239,卖盘
10:52:27,29.39,0.02,32,94002,买盘
10:52:30,29.37,-0.02,26,76401,卖盘
10:52:33,29.39,0.02,19,55819,买盘
10:52:36,29.39,0.0,17,49946,买盘
10:52:39,29.39,0.0,10,29390,买盘
10:52:42,29.37,-0.02,96,281969,卖盘
10:52:45,29.38,0.01,30,88116,买盘
10:52:48,29.39,0.01,8,23512,买盘
10:52:51,29.37,-0.02,13,38186,卖盘
10:52:54,29.37,0.0,45,132165,买盘
10:52:57,29.37,0.0,195,572719,买盘
10:53:00,29.38,0.01,33,96954,买盘
10:53:04,29.37,-0.01,29,85179,卖盘
10:53:07,29.38,0.01,13,38194,买盘
10:53:09,29.37,-0.01,506,1486168,卖盘
10:53:12,29.37,0.0,144,422914,买盘
10:53:16,29.37,0.0,140,411171,买盘
10:53:18,29.37,0.0,20,58735,买盘
10:53:21,29.37,0.0,67,196731,买盘
10:53:24,29.37,0.0,112,328912,买盘
10:53:28,29.39,0.02,1017,2987982,买盘
10:53:30,29.39,0.0,164,481964,买盘
10:53:34,29.39,0.0,26,76378,买盘
10:53:37,29.37,-0.02,20,58759,卖盘
10:53:40,29.39,0.02,24,70522,买盘
10:53:43,29.39,0.0,42,123438,买盘
10:53:45,29.39,0.0,67,196851,买盘
10:53:49,29.38,-0.01,45,132231,卖盘
10:53:52,29.39,0.01,46,135194,买盘
10:53:55,29.39,0.0,49,144001,买盘
10:53:58,29.37,-0.02,498,1463323,卖盘
10:54:01,29.38,0.01,55,161590,买盘
10:54:05,29.38,0.0,64,188032,买盘
10:54:07,29.38,0.0,22,64636,买盘
10:54:10,29.37,-0.01,228,669643,卖盘
10:54:13,29.37,0.0,134,393494,买盘
10:54:15,29.37,0.0,38,111599,买盘
10:54:19,29.36,-0.01,828,2431031,卖盘
10:54:22,29.36,0.0,113,331759,买盘
10:54:24,29.36,0.0,133,390474,买盘
10:54:27,29.36,0.0,48,140928,买盘
10:54:31,29.36,0.0,24,70464,买盘
10:54:33,29.37,0.01,37,108647,买盘
10:54:37,29.37,0.0,44,129180,买盘
10:54:39,29.36,-0.01,114,334779,买盘
10:54:42,29.36,0.0,59,173224,买盘
10:54:45,29.37,0.01,63,184991,买盘
10:54:51,29.37,0.0,57,167402,买盘
10:54:54,29.37,0.0,55,161503,买盘
10:54:57,29.36,-0.01,76,223187,卖盘
10:55:01,29.37,0.01,18,52866,买盘
10:55:05,29.37,0.0,46,135066,买盘
10:55:07,29.37,0.0,45,132138,买盘
10:55:10,29.37,0.0,90,264296,买盘
10:55:12,29.37,0.0,132,387503,买盘
10:55:16,29.37,0.0,39,114517,买盘
10:55:18,29.38,0.01,40,117496,买盘
10:55:22,29.38,0.0,6,17628,买盘
10:55:28,29.38,0.0,16,47008,卖盘
10:55:34,29.39,0.01,18,52891,买盘
10:55:36,29.39,0.0,78,229242,买盘
10:55:40,29.39,0.0,1520,4471111,卖盘
10:55:42,29.45,0.06,114,335601,买盘
10:55:46,29.39,-0.06,91,267743,卖盘
10:55:49,29.4,0.01,21,61740,买盘
10:55:52,29.4,0.0,32,94061,买盘
10:55:54,29.4,0.0,100,293949,买盘
10:55:57,29.4,0.0,35,102900,买盘
10:56:00,29.39,-0.01,60,176391,卖盘
10:56:04,29.4,0.01,98,288113,买盘
10:56:07,29.44,0.04,35,102940,买盘
10:56:10,29.44,0.0,11,32380,买盘
10:56:13,29.44,0.0,22,64741,买盘
10:56:16,29.44,0.0,13,38272,买盘
10:56:18,29.44,0.0,37,108873,买盘
10:56:22,29.41,-0.03,125,368049,卖盘
10:56:25,29.44,0.03,34,100021,买盘
10:56:28,29.44,0.0,3,8832,买盘
10:56:30,29.43,-0.01,50,147198,中性盘
10:56:33,29.44,0.01,46,135321,买盘
10:56:36,29.41,-0.03,30,88285,卖盘
10:56:40,29.4,-0.01,666,1958291,卖盘
10:56:42,29.4,0.0,57,167548,买盘
10:56:45,29.4,0.0,151,443921,买盘
10:56:49,29.4,0.0,31,91140,买盘
10:56:51,29.4,0.0,57,167580,买盘
10:56:55,29.4,0.0,28,82320,买盘
10:56:57,29.4,0.0,57,167556,买盘
10:57:00,29.4,0.0,24,70560,买盘
10:57:04,29.4,0.0,32,94078,买盘
10:57:07,29.39,-0.01,41,120531,卖盘
10:57:10,29.4,0.01,56,164639,买盘
10:57:12,29.4,0.0,72,211622,买盘
10:57:15,29.4,0.0,53,155795,买盘
10:57:18,29.38,-0.02,492,1446194,卖盘
10:57:22,29.39,0.01,31,91109,买盘
10:57:25,29.39,0.0,193,567227,买盘
10:57:28,29.43,0.04,115,338059,买盘
10:57:31,29.42,-0.01,28,82347,中性盘
10:57:33,29.39,-0.03,43,126397,卖盘
10:57:37,29.38,-0.01,75,220402,卖盘
10:57:40,29.38,0.0,36,105783,卖盘
10:57:43,29.42,0.04,16,47072,买盘
10:57:45,29.42,0.0,10,29420,买盘
10:57:51,29.42,0.0,35,102948,买盘
10:57:54,29.39,-0.03,157,461784,卖盘
10:57:58,29.42,0.03,131,385376,买盘
10:58:00,29.44,0.02,39,114806,买盘
10:58:04,29.42,-0.02,26,76492,卖盘
10:58:07,29.42,0.0,27,79441,卖盘
10:58:09,29.44,0.02,158,465091,买盘
10:58:12,29.42,-0.02,97,285541,卖盘
10:58:16,29.44,0.02,174,511920,买盘
10:58:19,29.39,-0.05,98,288228,卖盘
10:58:22,29.44,0.05,17,50013,买盘
10:58:24,29.4,-0.04,67,197036,卖盘
10:58:28,29.44,0.04,72,211805,买盘
10:58:31,29.44,0.0,56,164686,买盘
10:58:34,29.44,0.0,146,429339,买盘
10:58:36,29.44,0.0,33,97122,买盘
10:58:39,29.41,-0.03,56,164744,卖盘
10:58:42,29.43,0.02,32,94140,买盘
10:58:45,29.41,-0.02,44,128880,卖盘
10:58:49,29.43,0.02,19,55917,买盘
10:58:51,29.41,-0.02,41,120614,卖盘
10:58:54,29.43,0.02,10,29430,买盘
10:58:57,29.41,-0.02,33,97069,卖盘
10:59:00,29.43,0.02,3,8829,买盘
10:59:05,29.43,0.0,24,70593,买盘
10:59:07,29.43,0.0,12,35316,买盘
10:59:09,29.41,-0.02,22,64712,卖盘
10:59:12,29.4,-0.01,76,223498,卖盘
10:59:15,29.41,0.01,25,73529,卖盘
10:59:19,29.4,-0.01,27,79402,卖盘
10:59:22,29.43,0.03,10,29430,买盘
10:59:25,29.47,0.04,1026,3021620,买盘
10:59:28,29.47,0.0,6,17682,买盘
10:59:31,29.4,-0.07,152,447722,卖盘
10:59:34,29.4,0.0,434,1276553,卖盘
10:59:37,29.4,0.0,1081,3178140,买盘
10:59:39,29.39,-0.01,78,229310,卖盘
10:59:42,29.4,0.01,38,111720,买盘
10:59:46,29.4,0.0,140,411583,买盘
10:59:48,29.4,0.0,71,208699,买盘
10:59:52,29.4,0.0,53,155812,买盘
10:59:55,29.4,0.0,141,414514,买盘
10:59:57,29.4,0.0,80,235200,买盘
11:00:01,29.4,0.0,1047,3078179,买盘
11:00:04,29.4,0.0,19,55851,买盘
11:00:07,29.4,0.0,9,26459,买盘
11:00:09,29.4,0.0,171,502726,买盘
11:00:12,29.4,0.0,119,349272,买盘
11:00:15,29.41,0.01,30,88215,买盘
11:00:21,29.42,0.01,5,14706,买盘
11:00:24,29.41,-0.01,51,150025,卖盘
11:00:27,29.41,0.0,73,214694,卖盘
11:00:31,29.42,0.01,37,108844,买盘
11:00:33,29.42,0.0,76,223540,买盘
11:00:36,29.41,-0.01,51,149994,卖盘
11:00:40,29.42,0.01,116,341085,买盘
11:00:42,29.42,0.0,52,152967,买盘
11:00:49,29.42,0.0,31,91172,买盘
11:00:52,29.4,-0.02,19,55872,卖盘
11:00:54,29.42,0.02,15,44130,买盘
11:00:58,29.41,-0.01,38,111762,卖盘
11:01:00,29.41,0.0,6,17646,卖盘
11:01:04,29.41,0.0,6,17649,卖盘
11:01:06,29.41,0.0,7,20587,卖盘
11:01:09,29.42,0.01,14,41178,买盘
11:01:12,29.42,0.0,1,2942,买盘
11:01:15,29.42,0.0,10,29420,买盘
11:01:19,29.41,-0.01,12,35303,卖盘
11:01:22,29.41,0.0,94,276546,卖盘
11:01:25,29.41,0.0,6,17647,卖盘
11:01:27,29.43,0.02,10,29430,买盘
11:01:31,29.42,-0.01,12,35307,卖盘
11:01:34,29.42,0.0,42,123577,卖盘
11:01:36,29.42,0.0,20,58846,卖盘
11:01:39,29.43,0.01,7,20601,买盘
11:01:42,29.43,0.0,22,64746,买盘
11:01:45,29.43,0.0,26,76518,买盘
11:01:48,29.43,0.0,18,52967,买盘
11:01:52,29.45,0.02,7,20609,买盘
11:01:54,29.43,-0.02,12,35316,卖盘
11:01:57,29.43,0.0,14,41207,卖盘
11:02:01,29.45,0.02,6,17666,买盘
11:02:05,29.45,0.0,48,141342,买盘
11:02:07,29.45,0.0,65,191375,买盘
11:02:09,29.45,0.0,42,123664,买盘
11:02:13,29.46,0.01,11,32403,买盘
11:02:15,29.45,-0.01,14,41236,卖盘
11:02:18,29.45,0.0,101,297445,卖盘
11:02:22,29.46,0.01,62,182640,买盘
11:02:25,29.46,0.0,26,76590,买盘
11:02:28,29.46,0.0,58,170857,买盘
11:02:31,29.45,-0.01,7,20615,卖盘
11:02:33,29.46,0.01,22,64798,买盘
11:02:36,29.45,-0.01,12,35342,卖盘
11:02:40,29.46,0.01,75,220950,买盘
11:02:42,29.46,0.0,168,494793,买盘
11:02:45,29.45,-0.01,49,144318,卖盘
11:02:49,29.45,0.0,71,209070,买盘
11:02:51,29.45,0.0,21,61844,买盘
11:02:55,29.44,-0.01,3,8834,卖盘
11:02:58,29.43,-0.01,2,5886,卖盘
11:03:00,29.44,0.01,118,347368,买盘
11:03:04,29.44,0.0,18,52992,买盘
11:03:07,29.44,0.0,20,58880,买盘
11:03:09,29.43,-0.01,10,29431,卖盘
11:03:12,29.43,0.0,38,111858,卖盘
11:03:15,29.43,0.0,26,76530,卖盘
11:03:18,29.43,0.0,9,26494,卖盘
11:03:21,29.44,0.01,11,32384,买盘
11:03:24,29.43,-0.01,7,20605,卖盘
11:03:27,29.44,0.01,25,73580,买盘
11:03:30,29.43,-0.01,386,1136345,卖盘
11:03:33,29.43,0.0,60,176594,卖盘
11:03:36,29.44,0.01,128,376828,买盘
11:03:39,29.44,0.0,26,76551,买盘
11:03:43,29.44,0.0,60,176679,卖盘
11:03:49,29.45,0.01,31,91267,买盘
11:03:51,29.45,0.0,36,105987,买盘
11:03:54,29.45,0.0,22,64783,买盘
11:03:58,29.45,0.0,59,173719,买盘
11:04:01,29.45,0.0,3,8835,买盘
11:04:04,29.45,0.0,16,47112,买盘
11:04:06,29.45,0.0,43,126611,买盘
11:04:09,29.45,0.0,38,111907,买盘
11:04:12,29.44,-0.01,60,176699,卖盘
11:04:15,29.45,0.01,92,270932,买盘
11:04:18,29.43,-0.02,36,105977,卖盘
11:04:22,29.45,0.02,20,58900,买盘
11:04:25,29.45,0.0,19,55941,买盘
11:04:27,29.45,0.0,26,76542,买盘
11:04:30,29.44,-0.01,6,17665,中性盘
11:04:33,29.43,-0.01,33,97150,卖盘
11:04:36,29.43,0.0,34,100072,卖盘
11:04:39,29.44,0.01,26,76544,买盘
11:04:42,29.44,0.0,4,11779,卖盘
11:04:45,29.44,0.0,28,82439,卖盘
11:04:48,29.45,0.01,8,23553,买盘
11:04:51,29.43,-0.02,10,29432,卖盘
11:04:54,29.45,0.02,37,108915,买盘
11:04:57,29.45,0.0,14,41216,买盘
11:05:01,29.45,0.0,113,332758,买盘
11:05:04,29.45,0.0,7,20615,买盘
11:05:07,29.45,0.0,17,50063,买盘
11:05:09,29.45,0.0,70,206129,买盘
11:05:13,29.45,0.0,40,117800,买盘
11:05:15,29.45,0.0,8,23553,买盘
11:05:18,29.45,0.0,21,61845,买盘
11:05:21,29.44,-0.01,23,67712,卖盘
11:05:24,29.45,0.01,26,76570,买盘
11:05:27,29.45,0.0,153,450473,买盘
11:05:30,29.45,0.0,73,214961,买盘
11:05:33,29.45,0.0,95,279752,买盘
11:05:36,29.46,0.01,9,26511,买盘
11:05:40,29.45,-0.01,89,262124,卖盘
11:05:43,29.46,0.01,16,47129,买盘
11:05:45,29.45,-0.01,112,329797,卖盘
11:05:48,29.45,0.0,24,70690,卖盘
11:05:51,29.45,0.0,62,182592,卖盘
11:05:54,29.45,0.0,286,842061,买盘
11:05:57,29.45,0.0,9,26505,买盘
11:06:00,29.45,0.0,89,262105,买盘
11:06:04,29.44,-0.01,21,61837,卖盘
11:06:06,29.45,0.01,2,5890,买盘
11:06:09,29.45,0.0,9,26505,买盘
11:06:16,29.44,-0.01,40,117786,卖盘
11:06:22,29.44,0.0,23,67712,卖盘
11:06:24,29.44,0.0,16,47109,卖盘
11:06:27,29.43,-0.01,38,111853,卖盘
11:06:30,29.45,0.02,24,70643,买盘
11:06:34,29.43,-0.02,22,64754,卖盘
11:06:36,29.44,0.01,18,52982,买盘
11:06:39,29.44,0.0,15,44160,买盘
11:06:42,29.43,-0.01,49,144242,卖盘
11:06:45,29.44,0.01,17,50058,中性盘
11:06:48,29.44,0.0,58,170704,买盘
11:06:51,29.43,-0.01,1,2943,卖盘
11:06:54,29.44,0.01,14,41216,买盘
11:07:00,29.43,-0.01,23,67689,卖盘
11:07:07,29.43,0.0,10,29430,卖盘
11:07:10,29.43,0.0,39,114790,卖盘
11:07:13,29.43,0.0,130,382590,卖盘
11:07:15,29.44,0.01,18,52977,买盘
11:07:18,29.44,0.0,14,41214,买盘
11:07:22,29.44,0.0,13,38272,买盘
11:07:25,29.42,-0.02,60,176578,卖盘
11:07:28,29.43,0.01,6,17658,买盘
11:07:30,29.43,0.0,19,55917,买盘
11:07:33,29.41,-0.02,261,767791,卖盘
11:07:36,29.42,0.01,21,61773,买盘
11:07:40,29.42,0.0,25,73555,买盘
11:07:43,29.43,0.01,15,44137,买盘
11:07:45,29.43,0.0,38,111797,买盘
11:07:49,29.43,0.0,8,23542,买盘
11:07:52,29.43,0.0,98,288325,买盘
11:07:54,29.42,-0.01,64,188330,卖盘
11:07:57,29.42,0.0,23,67666,卖盘
11:08:01,29.42,0.0,17,50014,买盘
11:08:04,29.42,0.0,1006,2958106,买盘
11:08:07,29.42,0.0,128,376534,买盘
11:08:09,29.42,0.0,4,11766,买盘
11:08:12,29.42,0.0,5,14710,买盘
11:08:19,29.4,-0.02,26,76448,卖盘
11:08:24,29.42,0.02,5,14708,买盘
11:08:27,29.41,-0.01,9,26469,卖盘
11:08:30,29.42,0.01,37,108833,买盘
11:08:33,29.42,0.0,28,82355,买盘
11:08:36,29.41,-0.01,49,144111,卖盘
11:08:39,29.41,0.0,28,82351,卖盘
11:08:42,29.42,0.01,10,29420,买盘
11:08:45,29.42,0.0,361,1061631,买盘
11:08:48,29.42,0.0,616,1811130,买盘
11:08:51,29.4,-0.02,27,79394,卖盘
11:08:55,29.42,0.02,66,194166,买盘
11:08:57,29.42,0.0,8,23535,买盘
11:09:00,29.41,-0.01,58,170626,卖盘
11:09:04,29.42,0.01,25,73536,卖盘
11:09:07,29.41,-0.01,25,73549,中性盘
11:09:10,29.42,0.01,50,147100,买盘
11:09:12,29.4,-0.02,34,99993,卖盘
11:09:15,29.41,0.01,37,108806,中性盘
11:09:18,29.42,0.01,1842,5412478,买盘
11:09:21,29.41,-0.01,3,8823,卖盘
11:09:24,29.42,0.01,148,435387,买盘
11:09:27,29.42,0.0,57,167694,卖盘
11:09:30,29.42,0.0,2,5883,买盘
11:09:33,29.42,0.0,6,17652,卖盘
11:09:36,29.41,-0.01,22,64713,卖盘
11:09:42,29.42,0.01,21,61782,买盘
11:09:46,29.41,-0.01,22,64703,卖盘
11:09:52,29.42,0.01,10,29414,买盘
11:09:55,29.41,-0.01,37,108822,卖盘
11:09:58,29.41,0.0,67,197033,卖盘
11:10:00,29.39,-0.02,31,91133,卖盘
11:10:07,29.41,0.02,20,58827,卖盘
11:10:09,29.39,-0.02,27,79376,卖盘
11:10:12,29.41,0.02,10,29410,买盘
11:10:15,29.38,-0.03,26,76402,卖盘
11:10:18,29.39,0.01,57,167552,卖盘
11:10:21,29.41,0.02,3,8820,买盘
11:10:24,29.39,-0.02,71,208659,中性盘
11:10:27,29.4,0.01,3,8820,中性盘
11:10:30,29.39,-0.01,35,102859,中性盘
11:10:33,29.39,0.0,8,23512,卖盘
11:10:36,29.41,0.02,69,202871,买盘
11:10:39,29.41,0.0,18,52939,卖盘
11:10:43,29.42,0.01,32,94089,买盘
11:10:46,29.41,-0.01,17,50003,卖盘
11:10:49,29.42,0.01,4,11768,买盘
11:10:52,29.42,0.0,77,226481,买盘
11:10:54,29.41,-0.01,106,311749,卖盘
11:10:57,29.41,0.0,6,17646,买盘
11:11:00,29.39,-0.02,65,191059,卖盘
11:11:05,29.41,0.02,23,67599,买盘
11:11:06,29.39,-0.02,25,73491,卖盘
11:11:09,29.39,0.0,14,41158,卖盘
11:11:12,29.39,0.0,30,88175,卖盘
11:11:15,29.39,0.0,68,199872,卖盘
11:11:18,29.39,0.0,10,29390,买盘
11:11:21,29.4,0.01,13,38220,买盘
11:11:24,29.4,0.0,52,152837,买盘
11:11:28,29.4,0.0,7,20580,中性盘
11:11:30,29.4,0.0,1,2940,买盘
11:11:34,29.4,0.0,5,14700,买盘
11:11:37,29.4,0.0,50,146967,买盘
11:11:40,29.39,-0.01,6,17636,卖盘
11:11:46,29.39,0.0,22,64661,卖盘
11:11:48,29.39,0.0,58,170469,卖盘
11:11:51,29.4,0.01,33,97003,买盘
11:11:54,29.39,-0.01,92,270409,卖盘
11:11:58,29.39,0.0,19,55841,卖盘
11:12:00,29.39,0.0,35,102865,买盘
11:12:04,29.39,0.0,5,14695,买盘
11:12:07,29.37,-0.02,366,1075282,卖盘
11:12:09,29.38,0.01,7,20566,买盘
11:12:12,29.38,0.0,215,631675,买盘
11:12:16,29.38,0.0,58,170404,卖盘
11:12:19,29.37,-0.01,247,725569,卖盘
11:12:21,29.37,0.0,325,954525,买盘
11:12:25,29.37,0.0,138,405306,买盘
11:12:27,29.39,0.02,85,249804,买盘
11:12:30,29.37,-0.02,45,132207,卖盘
11:12:33,29.39,0.02,3,8817,买盘
11:12:37,29.39,0.0,29,85195,买盘
11:12:39,29.38,-0.01,2,5876,中性盘
11:12:43,29.39,0.01,44,129284,买盘
11:12:46,29.39,0.0,22,64655,买盘
11:12:49,29.38,-0.01,54,158666,中性盘
11:12:51,29.37,-0.01,28,82261,卖盘
11:12:54,29.38,0.01,13,38206,中性盘
11:12:58,29.38,0.0,8,23511,卖盘
11:13:05,29.38,0.0,49,143968,卖盘
11:13:07,29.37,-0.01,8,23497,卖盘
11:13:10,29.38,0.01,1,2938,买盘
11:13:13,29.38,0.0,4,11752,买盘
11:13:15,29.37,-0.01,294,863732,卖盘
11:13:18,29.38,0.01,179,525845,买盘
11:13:22,29.38,0.0,46,135146,买盘
11:13:25,29.38,0.0,153,449514,买盘
11:13:28,29.38,0.0,84,246823,卖盘
11:13:31,29.39,0.01,50,146903,买盘
11:13:33,29.39,0.0,30,88154,买盘
11:13:37,29.38,-0.01,88,258555,卖盘
11:13:39,29.4,0.02,3,8820,买盘
11:13:43,29.4,0.0,8,23520,买盘
11:13:45,29.39,-0.01,238,699529,卖盘
11:13:49,29.4,0.01,97,285158,买盘
11:13:51,29.4,0.0,132,388063,买盘
11:13:54,29.4,0.0,37,108084,买盘
11:13:58,29.41,0.01,28,82342,买盘
11:14:01,29.4,-0.01,33,97020,卖盘
11:14:04,29.41,0.01,45,132320,买盘
11:14:07,29.4,-0.01,46,135259,卖盘
11:14:09,29.4,0.0,165,485219,卖盘
11:14:13,29.41,0.01,41,120581,买盘
11:14:16,29.42,0.01,28,82371,买盘
11:14:18,29.39,-0.03,272,799876,卖盘
11:14:21,29.4,0.01,52,152912,中性盘
11:14:25,29.4,0.0,44,129400,中性盘
11:14:28,29.4,0.0,35,102900,买盘
11:14:31,29.4,0.0,73,214620,买盘
11:14:33,29.43,0.03,28,82333,买盘
11:14:37,29.39,-0.04,63,185256,卖盘
11:14:42,29.43,0.04,14,41201,买盘
11:14:45,29.42,-0.01,12,35303,买盘
11:14:48,29.42,0.0,5,14710,买盘
11:14:51,29.4,-0.02,148,435214,卖盘
11:14:54,29.4,0.0,47,138214,卖盘
11:15:00,29.4,0.0,5,14706,卖盘
11:15:04,29.4,0.0,8,23522,卖盘
11:15:07,29.42,0.02,63,185306,买盘
11:15:13,29.42,0.0,154,453068,卖盘
11:15:15,29.42,0.0,38,111800,卖盘
11:15:19,29.43,0.01,22,64743,买盘
11:15:21,29.42,-0.01,50,147127,卖盘
11:15:24,29.41,-0.01,59,173574,卖盘
11:15:28,29.43,0.02,523,1539039,买盘
11:15:31,29.41,-0.02,6,17646,买盘
11:15:33,29.4,-0.01,37,108817,卖盘
11:15:36,29.44,0.04,57,167726,买盘
11:15:39,29.44,0.0,120,353236,买盘
11:15:45,29.44,0.0,21,61836,卖盘
11:15:49,29.44,0.0,42,123654,卖盘
11:15:51,29.45,0.01,72,212005,买盘
11:15:54,29.45,0.0,16,47119,买盘
11:15:57,29.43,-0.02,159,468099,卖盘
11:16:00,29.44,0.01,16,47062,中性盘
11:16:05,29.44,0.0,17,50048,买盘
11:16:06,29.43,-0.01,6,17658,中性盘
11:16:09,29.44,0.01,29,85358,买盘
11:16:13,29.44,0.0,42,123626,买盘
11:16:16,29.44,0.0,71,209023,买盘
11:16:18,29.44,0.0,3,8832,买盘
11:16:21,29.43,-0.01,50,147162,卖盘
11:16:24,29.41,-0.02,5,14713,卖盘
11:16:27,29.43,0.02,8,23530,买盘
11:16:30,29.41,-0.02,88,258818,卖盘
11:16:33,29.41,0.0,22,64703,卖盘
11:16:37,29.43,0.02,30,88289,买盘
11:16:40,29.41,-0.02,26,76494,卖盘
11:16:43,29.42,0.01,2,5884,买盘
11:16:45,29.42,0.0,50,147063,买盘
11:16:48,29.42,0.0,15,44128,买盘
11:16:51,29.41,-0.01,121,355866,卖盘
11:16:54,29.42,0.01,37,108833,买盘
11:16:57,29.41,-0.01,77,226533,卖盘
11:17:00,29.42,0.01,536,1576911,买盘
11:17:04,29.42,0.0,177,520823,卖盘
11:17:06,29.43,0.01,55,161814,买盘
11:17:09,29.43,0.0,28,82404,买盘
11:17:12,29.43,0.0,80,235433,买盘
11:17:19,29.44,0.01,27,79466,买盘
11:17:21,29.43,-0.01,132,388437,卖盘
11:17:25,29.43,0.0,149,438705,卖盘
11:17:27,29.42,-0.01,30,88270,卖盘
11:17:30,29.42,0.0,31,91219,卖盘
11:17:34,29.43,0.01,6,17658,买盘
11:17:36,29.42,-0.01,263,773774,卖盘
11:17:39,29.43,0.01,52,153014,买盘
11:17:43,29.42,-0.01,10,29420,卖盘
11:17:46,29.43,0.01,19,55917,买盘
11:17:48,29.44,0.01,111,326670,买盘
11:17:51,29.43,-0.01,65,191246,中性盘
11:17:54,29.44,0.01,17,50041,买盘
11:17:58,29.44,0.0,1,2944,买盘
11:18:01,29.44,0.0,31,91242,买盘
11:18:04,29.44,0.0,16,47104,买盘
11:18:06,29.44,0.0,31,91264,买盘
11:18:09,29.43,-0.01,308,906647,卖盘
11:18:12,29.43,0.0,48,141279,卖盘
11:18:16,29.43,0.0,90,264954,卖盘
11:18:18,29.43,0.0,9,26487,卖盘
11:18:21,29.44,0.01,12,35326,买盘
11:18:24,29.43,-0.01,552,1624536,卖盘
11:18:27,29.43,0.0,45,132435,买盘
11:18:30,29.43,0.0,191,561994,买盘
11:18:33,29.43,0.0,94,276565,买盘
11:18:36,29.44,0.01,907,2668644,买盘
11:18:39,29.45,0.01,127,373941,买盘
11:18:43,29.43,-0.02,258,759320,卖盘
11:18:45,29.44,0.01,4,11778,卖盘
11:18:48,29.44,0.0,26,76544,买盘
11:18:52,29.44,0.0,3,8832,卖盘
11:18:54,29.44,0.0,11,32384,买盘
11:18:57,29.44,0.0,28,82410,卖盘
11:19:00,29.43,-0.01,14,41207,卖盘
11:19:04,29.44,0.01,4,11776,卖盘
11:19:06,29.44,0.0,37,108932,卖盘
11:19:09,29.45,0.01,16,47120,买盘
11:19:12,29.45,0.0,13,38285,买盘
11:19:15,29.43,-0.02,274,806512,卖盘
11:19:18,29.43,0.0,7,20601,卖盘
11:19:21,29.45,0.02,51,150155,买盘
11:19:24,29.43,-0.02,38,111850,卖盘
11:19:27,29.44,0.01,1,2944,卖盘
11:19:31,29.44,0.0,22,64768,卖盘
11:19:33,29.44,0.0,1,2944,买盘
11:19:36,29.44,0.0,13,38263,买盘
11:19:40,29.43,-0.01,25,73592,卖盘
11:19:42,29.43,0.0,498,1466554,卖盘
11:19:46,29.44,0.01,38,111872,买盘
11:19:48,29.43,-0.01,88,258988,卖盘
11:19:52,29.43,0.0,257,756409,卖盘
11:19:55,29.43,0.0,126,370834,卖盘
11:19:58,29.45,0.02,33,97184,买盘
11:20:00,29.45,0.0,20,58898,买盘
11:20:04,29.45,0.0,68,200234,买盘
11:20:06,29.43,-0.02,26,76540,卖盘
11:20:10,29.45,0.02,130,382802,买盘
11:20:12,29.45,0.0,39,114807,买盘
11:20:16,29.45,0.0,86,253218,买盘
11:20:19,29.44,-0.01,29,85390,卖盘
11:20:22,29.44,0.0,315,927082,卖盘
11:20:24,29.43,-0.01,20,58860,卖盘
11:20:27,29.42,-0.01,439,1291964,卖盘
11:20:30,29.42,0.0,29,85318,卖盘
11:20:34,29.44,0.02,77,226621,买盘
11:20:36,29.42,-0.02,117,344297,卖盘
11:20:40,29.43,0.01,20,58863,卖盘
11:20:42,29.43,0.0,70,206020,卖盘
11:20:45,29.43,0.0,26,76518,卖盘
11:20:48,29.44,0.01,10,29437,买盘
11:20:52,29.43,-0.01,129,379666,卖盘
11:20:54,29.43,0.0,6,17658,买盘
11:20:58,29.42,-0.01,232,682533,卖盘
11:21:00,29.43,0.01,16,47070,买盘
11:21:04,29.43,0.0,64,188323,买盘
11:21:07,29.43,0.0,355,1044742,买盘
11:21:10,29.44,0.01,524,1542188,买盘
11:21:13,29.45,0.01,69,203203,买盘
11:21:18,29.45,0.0,198,582736,买盘
11:21:22,29.44,-0.01,43,126578,买盘
11:21:25,29.44,0.0,20,58880,买盘
11:21:28,29.44,0.0,7,20608,买盘
11:21:31,29.42,-0.02,84,247167,卖盘
11:21:34,29.44,0.02,239,703163,买盘
11:21:36,29.42,-0.02,45,132412,卖盘
11:21:40,29.44,0.02,30,88320,买盘
11:21:43,29.44,0.0,21,61788,买盘
11:21:49,29.44,0.0,33,97152,买盘
11:21:52,29.43,-0.01,144,423846,卖盘
11:21:54,29.43,0.0,158,464994,买盘
11:21:58,29.44,0.01,17,50047,买盘
11:22:00,29.44,0.0,24,70656,卖盘
11:22:04,29.43,-0.01,161,473827,卖盘
11:22:07,29.44,0.01,118,347393,买盘
11:22:10,29.45,0.01,658,1936560,买盘
11:22:12,29.45,0.0,77,226759,买盘
11:22:16,29.45,0.0,33,97163,买盘
11:22:18,29.44,-0.01,48,141328,卖盘
11:22:21,29.44,0.0,107,315008,卖盘
11:22:24,29.43,-0.01,52,153060,卖盘
11:22:27,29.44,0.01,29,85376,买盘
11:22:33,29.43,-0.01,34,100063,卖盘
11:22:37,29.43,0.0,291,856433,卖盘
11:22:39,29.43,0.0,128,376742,卖盘
11:22:43,29.44,0.01,327,962429,买盘
11:22:46,29.43,-0.01,37,108898,卖盘
11:22:48,29.43,0.0,106,312014,卖盘
11:22:51,29.44,0.01,11,32384,买盘
11:22:55,29.44,0.0,7,20607,买盘
11:22:57,29.44,0.0,123,361996,买盘
11:23:01,29.44,0.0,339,997680,买盘
11:23:04,29.44,0.0,83,244526,买盘
11:23:07,29.45,0.01,83,244373,买盘
11:23:09,29.43,-0.02,287,844654,卖盘
11:23:13,29.44,0.01,36,105984,买盘
11:23:15,29.44,0.0,17,50032,买盘
11:23:19,29.44,0.0,40,117791,中性盘
11:23:21,29.43,-0.01,46,135388,卖盘
11:23:25,29.43,0.0,338,994809,卖盘
11:23:27,29.45,0.02,55,161943,买盘
11:23:31,29.43,-0.02,252,741459,卖盘
11:23:33,29.42,-0.01,101,297187,卖盘
11:23:36,29.42,0.0,33,97096,卖盘
11:23:40,29.42,0.0,285,838512,卖盘
11:23:42,29.42,0.0,245,720832,卖盘
11:23:45,29.42,0.0,31,91203,卖盘
11:23:49,29.42,0.0,37,108876,卖盘
11:23:52,29.43,0.01,9,26481,买盘
11:23:54,29.42,-0.01,85,250070,卖盘
11:23:57,29.42,0.0,384,1129723,买盘
11:24:01,29.42,0.0,80,235410,卖盘
11:24:04,29.42,0.0,45,132395,卖盘
11:24:06,29.43,0.01,18,52959,买盘
11:24:09,29.42,-0.01,12,35305,卖盘
11:24:12,29.41,-0.01,257,755900,卖盘
11:24:15,29.42,0.01,28,82399,中性盘
11:24:19,29.43,0.01,22,64727,买盘
11:24:21,29.41,-0.02,13,38245,卖盘
11:24:24,29.41,0.0,301,885247,卖盘
11:24:27,29.41,0.0,31,91171,买盘
11:24:31,29.4,-0.01,372,1093991,卖盘
11:24:33,29.42,0.02,67,197097,买盘
11:24:36,29.4,-0.02,46,135266,卖盘
11:24:39,29.43,0.03,338,994892,买盘
11:24:42,29.45,0.02,44,129573,买盘
11:24:45,29.44,-0.01,277,815488,卖盘
11:24:48,29.45,0.01,33,97159,买盘
11:24:51,29.44,-0.01,36,105966,卖盘
11:24:54,29.43,-0.01,393,1156452,卖盘
11:24:57,29.43,0.0,46,135378,买盘
11:25:00,29.42,-0.01,15,44130,卖盘
11:25:05,29.42,0.0,15,44135,买盘
11:25:07,29.42,0.0,36,105912,买盘
11:25:10,29.42,0.0,21,61782,卖盘
11:25:12,29.45,0.03,512,1507184,买盘
11:25:15,29.43,-0.02,25,73575,卖盘
11:25:18,29.42,-0.01,261,768204,卖盘
11:25:21,29.45,0.03,162,476588,买盘
11:25:24,29.42,-0.03,404,1189924,卖盘
11:25:27,29.45,0.03,56,164734,买盘
11:25:30,29.45,0.0,1,2945,卖盘
11:25:33,29.45,0.0,70,206190,卖盘
11:25:36,29.43,-0.02,56,165068,卖盘
11:25:39,29.45,0.02,12,35340,买盘
11:25:42,29.43,-0.02,119,350227,卖盘
11:25:46,29.43,0.0,29,85347,买盘
11:25:49,29.43,0.0,47,138320,买盘
11:25:51,29.43,0.0,317,932625,买盘
11:25:54,29.42,-0.01,277,814959,卖盘
11:25:58,29.42,0.0,55,161803,买盘
11:26:01,29.42,0.0,78,229476,买盘
11:26:04,29.42,0.0,146,429538,买盘
11:26:07,29.42,0.0,25,73550,卖盘
11:26:10,29.41,-0.01,215,632501,卖盘
11:26:12,29.43,0.02,50,147150,买盘
11:26:15,29.44,0.01,42,123579,买盘
11:26:18,29.44,0.0,85,250167,买盘
11:26:24,29.43,-0.01,318,936188,卖盘
11:26:27,29.42,-0.01,37,108869,卖盘
11:26:30,29.43,0.01,74,217782,买盘
11:26:34,29.45,0.02,130,382613,买盘
11:26:39,29.45,0.0,65,191317,买盘
11:26:42,29.45,0.0,8,23558,买盘
11:26:46,29.43,-0.02,7,20605,中性盘
11:26:48,29.45,0.02,37,108875,买盘
11:26:52,29.44,-0.01,28,82410,买盘
11:26:54,29.43,-0.01,40,117739,卖盘
11:26:57,29.42,-0.01,198,582571,卖盘
11:27:01,29.43,0.01,31,91211,买盘
11:27:04,29.44,0.01,240,706353,买盘
11:27:06,29.45,0.01,242,712480,买盘
11:27:12,29.45,0.0,128,376744,买盘
11:27:15,29.45,0.0,127,374027,卖盘
11:27:19,29.45,0.0,44,129588,买盘
11:27:22,29.45,0.0,42,123646,买盘
11:27:24,29.42,-0.03,327,962201,卖盘
11:27:27,29.41,-0.01,84,247137,卖盘
11:27:30,29.43,0.02,122,358815,买盘
11:27:33,29.41,-0.02,302,888060,中性盘
11:27:36,29.41,0.0,43,126473,卖盘
11:27:39,29.43,0.02,55,161844,买盘
11:27:42,29.42,-0.01,40,117671,中性盘
11:27:46,29.43,0.01,203,597429,买盘
11:27:49,29.43,0.0,107,314901,卖盘
11:27:52,29.44,0.01,48,141310,买盘
11:27:55,29.43,-0.01,42,123633,卖盘
11:27:57,29.44,0.01,104,306079,买盘
11:28:00,29.43,-0.01,24,70632,卖盘
11:28:04,29.43,0.0,15,44145,卖盘
11:28:07,29.42,-0.01,395,1162534,卖盘
11:28:10,29.44,0.02,75,220797,买盘
11:28:13,29.44,0.0,31,91214,买盘
11:28:15,29.44,0.0,47,138367,买盘
11:28:19,29.42,-0.02,14,41188,卖盘
11:28:22,29.42,0.0,56,164802,卖盘
11:28:25,29.42,0.0,215,632587,卖盘
11:28:28,29.42,0.0,48,141229,卖盘
11:28:31,29.44,0.02,26,76543,买盘
11:28:33,29.43,-0.01,32,94176,中性盘
11:28:36,29.43,0.0,1,2943,买盘
11:28:39,29.43,0.0,186,547236,卖盘
11:28:42,29.44,0.01,21,61817,买盘
11:28:46,29.42,-0.02,49,144184,卖盘
11:28:49,29.43,0.01,16,47092,中性盘
11:28:51,29.44,0.01,97,285564,买盘
11:28:55,29.44,0.0,111,326784,卖盘
11:28:57,29.44,0.0,19,55936,买盘
11:29:01,29.44,0.0,9,26496,买盘
11:29:04,29.44,0.0,343,1009707,买盘
11:29:07,29.44,0.0,63,185420,买盘
11:29:09,29.44,0.0,27,79482,买盘
11:29:13,29.45,0.01,143,420774,买盘
11:29:16,29.44,-0.01,14,41216,卖盘
11:29:18,29.45,0.01,41,120710,买盘
11:29:21,29.44,-0.01,21,61816,买盘
11:29:24,29.44,0.0,4,11776,买盘
11:29:28,29.43,-0.01,187,550341,卖盘
11:29:31,29.44,0.01,62,182467,买盘
11:29:33,29.44,0.0,10,29440,买盘
11:29:36,29.43,-0.01,17,50031,买盘
11:29:39,29.42,-0.01,161,473690,卖盘
11:29:42,29.44,0.02,7,20608,买盘
11:29:45,29.41,-0.03,168,494256,卖盘
11:29:48,29.42,0.01,12,35304,买盘
11:29:51,29.42,0.0,99,291220,买盘
11:29:54,29.42,0.0,20,58840,买盘
11:29:57,29.41,-0.01,111,326457,卖盘
11:30:00,29.41,0.0,36,105878,卖盘
13:00:00,29.43,0.02,985,2896929,买盘
13:00:04,29.45,0.02,2309,6799341,买盘
13:00:07,29.48,0.03,535,1576070,买盘
13:00:10,29.48,0.0,612,1803767,买盘
13:00:13,29.47,-0.01,31,91345,中性盘
13:00:15,29.47,0.0,457,1347208,卖盘
13:00:18,29.46,-0.01,239,704414,卖盘
13:00:21,29.47,0.01,251,739474,买盘
13:00:25,29.46,-0.01,77,226879,卖盘
13:00:27,29.46,0.0,126,371248,中性盘
13:00:30,29.46,0.0,214,630444,买盘
13:00:33,29.45,-0.01,269,792471,卖盘
13:00:36,29.45,0.0,262,772141,卖盘
13:00:39,29.46,0.01,96,282967,中性盘
13:00:42,29.46,0.0,44,129651,卖盘
13:00:45,29.46,0.0,61,179736,买盘
13:00:48,29.49,0.03,149,439258,买盘
13:00:52,29.45,-0.04,781,2300482,卖盘
13:00:54,29.45,0.0,2,5890,买盘
13:00:58,29.44,-0.01,246,724326,卖盘
13:01:01,29.44,0.0,216,635924,买盘
13:01:04,29.45,0.01,70,206147,买盘
13:01:07,29.46,0.01,54,159054,买盘
13:01:09,29.44,-0.02,146,430007,卖盘
13:01:13,29.45,0.01,80,235552,买盘
13:01:16,29.44,-0.01,39,114827,卖盘
13:01:19,29.45,0.01,82,241437,买盘
13:01:22,29.45,0.0,64,188477,买盘
13:01:25,29.45,0.0,364,1071430,买盘
13:01:27,29.44,-0.01,108,317937,中性盘
13:01:30,29.45,0.01,272,800768,买盘
13:01:34,29.45,0.0,54,159047,卖盘
13:01:36,29.45,0.0,314,924774,卖盘
13:01:39,29.46,0.01,36,106017,买盘
13:01:43,29.46,0.0,63,185561,买盘
13:01:45,29.46,0.0,129,379928,买盘
13:01:49,29.45,-0.01,56,164929,买盘
13:01:51,29.41,-0.04,2005,5897802,卖盘
13:01:55,29.46,0.05,50,147253,买盘
13:01:57,29.46,0.0,963,2832981,买盘
13:02:01,29.46,0.0,154,453655,买盘
13:02:04,29.45,-0.01,1331,3915575,卖盘
13:02:06,29.46,0.01,124,365257,买盘
13:02:09,29.46,0.0,134,394738,买盘
13:02:12,29.46,0.0,62,182628,买盘
13:02:15,29.41,-0.05,141,415191,卖盘
13:02:18,29.41,0.0,94,276830,卖盘
13:02:22,29.46,0.05,61,179685,买盘
13:02:25,29.47,0.01,10,29466,买盘
13:02:28,29.4,-0.07,102,300008,卖盘
13:02:31,29.4,0.0,192,564455,买盘
13:02:33,29.4,0.0,223,655337,买盘
13:02:37,29.4,0.0,1292,3796225,买盘
13:02:39,29.4,0.0,82,240961,买盘
13:02:43,29.39,-0.01,119,349815,卖盘
13:02:45,29.4,0.01,245,720269,买盘
13:02:49,29.41,0.01,232,682158,买盘
13:02:51,29.41,0.0,136,399878,买盘
13:02:58,29.41,0.0,54,158829,卖盘
13:03:00,29.41,0.0,9,26469,买盘
13:03:05,29.39,-0.02,447,1313857,卖盘
13:03:07,29.4,0.01,79,232185,买盘
13:03:10,29.39,-0.01,46,135200,卖盘
13:03:13,29.4,0.01,9,26460,买盘
13:03:15,29.41,0.01,421,1238156,买盘
13:03:18,29.4,-0.01,221,649819,卖盘
13:03:21,29.4,0.0,24,70560,卖盘
13:03:24,29.41,0.01,5,14705,买盘
13:03:27,29.4,-0.01,274,805588,卖盘
13:03:30,29.4,0.0,90,264617,卖盘
13:03:33,29.4,0.0,77,226420,卖盘
13:03:37,29.4,0.0,264,776035,卖盘
13:03:39,29.41,0.01,77,226391,买盘
13:03:43,29.39,-0.02,62,182267,卖盘
13:03:45,29.39,0.0,23,67607,买盘
13:03:49,29.4,0.01,22,64670,中性盘
13:03:52,29.42,0.02,143,420558,买盘
13:03:55,29.39,-0.03,128,376196,卖盘
13:03:58,29.38,-0.01,624,1833482,卖盘
13:04:01,29.42,0.04,82,240981,买盘
13:04:04,29.4,-0.02,72,211703,卖盘
13:04:07,29.4,0.0,29,85235,买盘
13:04:10,29.4,0.0,409,1201869,买盘
13:04:12,29.4,0.0,1,2940,买盘
13:04:15,29.39,-0.01,32,94054,卖盘
13:04:18,29.39,0.0,62,182225,买盘
13:04:21,29.4,0.01,154,452730,买盘
13:04:24,29.4,0.0,30,88185,买盘
13:04:27,29.39,-0.01,73,214546,卖盘
13:04:30,29.39,0.0,16,47024,买盘
13:04:33,29.38,-0.01,132,387899,卖盘
13:04:36,29.38,0.0,484,1422169,卖盘
13:04:39,29.38,0.0,73,214474,买盘
13:04:42,29.36,-0.02,587,1723910,卖盘
13:04:45,29.39,0.03,356,1045838,买盘
13:04:48,29.37,-0.02,40,117485,卖盘
13:04:52,29.38,0.01,65,190937,买盘
13:04:54,29.38,0.0,100,293737,卖盘
13:04:57,29.37,-0.01,92,270308,卖盘
13:05:00,29.37,0.0,49,143896,买盘
13:05:04,29.37,0.0,313,919279,买盘
13:05:06,29.37,0.0,62,182090,买盘
13:05:10,29.37,0.0,202,593207,买盘
13:05:12,29.36,-0.01,202,593098,卖盘
13:05:16,29.36,0.0,1308,3842226,卖盘
13:05:18,29.38,0.02,230,675393,买盘
13:05:22,29.38,0.0,146,429003,卖盘
13:05:25,29.39,0.01,515,1512585,买盘
13:05:27,29.37,-0.02,252,740147,卖盘
13:05:31,29.36,-0.01,217,637319,卖盘
13:05:33,29.37,0.01,98,287850,卖盘
13:05:36,29.38,0.01,516,1516008,买盘
13:05:39,29.38,0.0,352,1034506,卖盘
13:05:42,29.37,-0.01,652,1915867,卖盘
13:05:45,29.38,0.01,38,111671,中性盘
13:05:49,29.39,0.01,751,2205373,买盘
13:05:51,29.4,0.01,496,1458194,买盘
13:05:55,29.42,0.02,126,370597,买盘
13:05:57,29.41,-0.01,41,120617,卖盘
13:06:00,29.41,0.0,29,85289,卖盘
13:06:05,29.4,-0.01,235,691119,卖盘
13:06:07,29.4,0.0,192,564584,卖盘
13:06:10,29.41,0.01,63,185266,买盘
13:06:12,29.41,0.0,46,135286,买盘
13:06:16,29.41,0.0,264,776332,买盘
13:06:18,29.41,0.0,51,149991,卖盘
13:06:21,29.4,-0.01,500,1470235,卖盘
13:06:24,29.41,0.01,558,1641332,买盘
13:06:27,29.41,0.0,224,658762,买盘
13:06:30,29.4,-0.01,765,2248647,卖盘
13:06:34,29.37,-0.03,844,2480983,卖盘
13:06:36,29.4,0.03,108,317575,买盘
13:06:40,29.4,0.0,147,432200,卖盘
13:06:42,29.4,0.0,26,76441,卖盘
13:06:46,29.41,0.01,238,700091,买盘
13:06:48,29.4,-0.01,817,2402029,卖盘
13:06:51,29.4,0.0,541,1590548,卖盘
13:06:54,29.39,-0.01,251,737826,卖盘
13:06:57,29.39,0.0,121,355589,买盘
13:07:00,29.39,0.0,614,1804719,买盘
13:07:04,29.39,0.0,63,185204,卖盘
13:07:06,29.4,0.01,244,717360,买盘
13:07:10,29.38,-0.02,154,452575,卖盘
13:07:12,29.4,0.02,520,1528288,买盘
13:07:16,29.41,0.01,6,17646,买盘
13:07:18,29.4,-0.01,581,1708186,卖盘
13:07:21,29.39,-0.01,69,202893,卖盘
13:07:24,29.39,0.0,30,88159,买盘
13:07:28,29.4,0.01,616,1809531,买盘
13:07:30,29.4,0.0,599,1760553,买盘
13:07:33,29.38,-0.02,189,555363,卖盘
13:07:36,29.38,0.0,296,869691,卖盘
13:07:39,29.38,0.0,54,158648,买盘
13:07:42,29.38,0.0,388,1139933,买盘
13:07:45,29.38,0.0,100,293765,买盘
13:07:48,29.38,0.0,107,314424,卖盘
13:07:51,29.38,0.0,459,1348359,卖盘
13:07:55,29.37,-0.01,114,334844,卖盘
13:07:57,29.38,0.01,196,575848,买盘
13:08:00,29.38,0.0,546,1603644,买盘
13:08:05,29.38,0.0,62,182194,卖盘
13:08:07,29.39,0.01,103,302678,买盘
13:08:10,29.4,0.01,1534,4508643,买盘
13:08:12,29.41,0.01,423,1243871,买盘
13:08:15,29.41,0.0,63,185283,卖盘
13:08:18,29.41,0.0,731,2149589,卖盘
13:08:21,29.43,0.02,155,455976,买盘
13:08:24,29.38,-0.05,667,1960438,卖盘
13:08:27,29.42,0.04,215,632774,中性盘
13:08:31,29.41,-0.01,156,458819,卖盘
13:08:34,29.4,-0.01,579,1702339,卖盘
13:08:37,29.4,0.0,42,123455,买盘
13:08:40,29.39,-0.01,192,564532,卖盘
13:08:43,29.41,0.02,29,85289,中性盘
13:08:45,29.42,0.01,89,261834,买盘
13:08:49,29.41,-0.01,20,58820,卖盘
13:08:52,29.41,0.0,52,152965,买盘
13:08:55,29.41,0.0,83,244086,买盘
13:08:58,29.41,0.0,32,94104,买盘
13:09:00,29.42,0.01,21,61772,买盘
13:09:04,29.41,-0.01,195,573602,卖盘
13:09:06,29.4,-0.01,359,1055764,卖盘
13:09:09,29.41,0.01,94,276405,买盘
13:09:12,29.43,0.02,295,867616,买盘
13:09:16,29.43,0.0,79,232424,买盘
13:09:18,29.42,-0.01,31,91200,中性盘
13:09:22,29.41,-0.01,32,94113,卖盘
13:09:25,29.42,0.01,368,1082887,买盘
13:09:28,29.41,-0.01,374,1100094,卖盘
13:09:31,29.41,0.0,199,585179,买盘
13:09:34,29.41,0.0,113,332287,买盘
13:09:37,29.4,-0.01,127,373441,卖盘
13:09:39,29.41,0.01,979,2878331,买盘
13:09:42,29.42,0.01,181,532239,买盘
13:09:45,29.41,-0.01,149,438182,卖盘
13:09:48,29.4,-0.01,94,276392,卖盘
13:09:51,29.4,0.0,2073,6100056,卖盘
13:09:55,29.45,0.05,201,591837,买盘
13:09:57,29.44,-0.01,211,620994,卖盘
13:10:01,29.42,-0.02,110,323704,卖盘
13:10:05,29.45,0.03,635,1870001,买盘
13:10:07,29.48,0.03,212,624578,买盘
13:10:10,29.48,0.0,93,274037,买盘
13:10:13,29.45,-0.03,463,1363635,卖盘
13:10:16,29.42,-0.03,258,759760,卖盘
13:10:18,29.42,0.0,39,114824,卖盘
13:10:21,29.46,0.04,16,47134,中性盘
13:10:24,29.49,0.03,154,454130,买盘
13:10:27,29.48,-0.01,39,114942,中性盘
13:10:30,29.46,-0.02,250,736208,卖盘
13:10:33,29.46,0.0,68,200206,买盘
13:10:36,29.49,0.03,177,521467,买盘
13:10:40,29.46,-0.03,5,14730,卖盘
13:10:43,29.48,0.02,180,530224,中性盘
13:10:45,29.45,-0.03,68,200352,卖盘
13:10:49,29.45,0.0,336,989525,买盘
13:10:51,29.45,0.0,59,173833,卖盘
13:10:54,29.45,0.0,255,751908,卖盘
13:10:57,29.46,0.01,81,238789,中性盘
13:11:00,29.48,0.02,20,58950,买盘
13:11:05,29.49,0.01,65,191590,买盘
13:11:07,29.48,-0.01,4,11792,买盘
13:11:09,29.48,0.0,320,943807,卖盘
13:11:13,29.48,0.0,565,1666526,买盘
13:11:16,29.45,-0.03,36,106068,卖盘
13:11:19,29.47,0.02,846,2495152,卖盘
13:11:22,29.48,0.01,71,209262,买盘
13:11:24,29.47,-0.01,157,462964,卖盘
13:11:28,29.5,0.03,110,324417,买盘
13:11:30,29.49,-0.01,19,56039,中性盘
13:11:33,29.49,0.0,43,126841,买盘
13:11:36,29.48,-0.01,143,421539,卖盘
13:11:40,29.48,0.0,36,106127,买盘
13:11:42,29.49,0.01,82,241751,买盘
13:11:46,29.49,0.0,59,173938,中性盘
13:11:49,29.5,0.01,534,1575074,买盘
13:11:52,29.46,-0.04,426,1255299,卖盘
13:11:54,29.46,0.0,205,603968,买盘
13:11:58,29.45,-0.01,261,769043,卖盘
13:12:00,29.46,0.01,88,259290,买盘
13:12:04,29.46,0.0,87,256356,卖盘
13:12:06,29.48,0.02,105,309409,买盘
13:12:09,29.46,-0.02,88,259239,卖盘
13:12:12,29.48,0.02,221,651089,买盘
13:12:15,29.47,-0.01,39,114911,中性盘
13:12:19,29.48,0.01,85,250556,买盘
13:12:22,29.48,0.0,431,1270524,买盘
13:12:24,29.47,-0.01,461,1358829,卖盘
13:12:28,29.47,0.0,86,253496,买盘
13:12:30,29.47,0.0,59,173934,卖盘
13:12:34,29.5,0.03,127,374508,买盘
13:12:36,29.5,0.0,25,73760,买盘
13:12:39,29.49,-0.01,36,106133,卖盘
13:12:43,29.5,0.01,60,176939,中性盘
13:12:46,29.51,0.01,71,209454,买盘
13:12:49,29.5,-0.01,74,218305,卖盘
13:12:51,29.5,0.0,37,109150,买盘
13:12:55,29.48,-0.02,72,212330,卖盘
13:12:58,29.48,0.0,225,663388,卖盘
13:13:01,29.48,0.0,75,221111,买盘
13:13:05,29.48,0.0,56,165166,卖盘
13:13:07,29.49,0.01,80,235857,买盘
13:13:10,29.48,-0.01,28,82571,卖盘
13:13:13,29.48,0.0,37,109099,卖盘
13:13:16,29.49,0.01,45,132710,卖盘
13:13:19,29.49,0.0,6,17694,卖盘
13:13:21,29.5,0.01,36,106174,买盘
13:13:24,29.5,0.0,115,339225,买盘
13:13:27,29.48,-0.02,205,604564,卖盘
13:13:30,29.49,0.01,117,345029,中性盘
13:13:33,29.49,0.0,122,359786,买盘
13:13:36,29.48,-0.01,87,256507,卖盘
13:13:39,29.48,0.0,265,781262,卖盘
13:13:43,29.49,0.01,118,347816,买盘
13:13:45,29.49,0.0,95,280055,买盘
13:13:49,29.48,-0.01,100,294825,卖盘
13:13:51,29.48,0.0,35,103183,买盘
13:13:54,29.47,-0.01,62,182716,卖盘
13:13:58,29.48,0.01,32,94320,买盘
13:14:01,29.5,0.02,78,229970,买盘
13:14:05,29.5,0.0,236,695547,买盘
13:14:07,29.49,-0.01,29,85510,买盘
13:14:10,29.48,-0.01,34,100255,卖盘
13:14:13,29.49,0.01,55,162194,中性盘
13:14:15,29.5,0.01,261,769950,买盘
13:14:18,29.5,0.0,49,144573,卖盘
13:14:21,29.49,-0.01,105,309717,卖盘
13:14:25,29.49,0.0,8,23593,卖盘
13:14:27,29.5,0.01,19,56050,买盘
13:14:30,29.5,0.0,16,47195,买盘
13:14:33,29.49,-0.01,79,233005,卖盘
13:14:36,29.48,-0.01,72,212268,卖盘
13:14:39,29.48,0.0,112,330202,买盘
13:14:42,29.49,0.01,62,182801,买盘
13:14:45,29.5,0.01,267,787588,买盘
13:14:48,29.5,0.0,180,530987,买盘
13:14:51,29.5,0.0,74,218291,买盘
13:14:54,29.5,0.0,49,144554,卖盘
13:14:57,29.48,-0.02,29,85516,卖盘
13:15:00,29.5,0.02,48,141591,买盘
13:15:04,29.5,0.0,215,634446,卖盘
13:15:06,29.49,-0.01,68,200584,卖盘
13:15:10,29.48,-0.01,188,554325,卖盘
13:15:13,29.51,0.03,34,100334,买盘
13:15:15,29.49,-0.02,10,29490,卖盘
13:15:19,29.49,0.0,24,70758,买盘
13:15:21,29.49,0.0,29,85495,买盘
13:15:25,29.5,0.01,71,209406,买盘
13:15:27,29.49,-0.01,63,185802,卖盘
13:15:31,29.49,0.0,66,194643,卖盘
13:15:33,29.5,0.01,234,690104,买盘
13:15:37,29.5,0.0,7,20650,买盘
13:15:39,29.51,0.01,109,321505,买盘
13:15:43,29.5,-0.01,197,580793,买盘
13:15:45,29.5,0.0,30,88474,中性盘
13:15:48,29.49,-0.01,51,150428,卖盘
13:15:51,29.48,-0.01,24,70778,卖盘
13:15:55,29.49,0.01,2,5898,中性盘
13:16:00,29.49,0.0,168,495575,卖盘
13:16:05,29.49,0.0,26,76674,买盘
13:16:06,29.49,0.0,35,103215,卖盘
13:16:09,29.49,0.0,51,150435,卖盘
13:16:12,29.49,0.0,41,120893,卖盘
13:16:15,29.49,0.0,131,386206,买盘
13:16:18,29.49,0.0,82,241851,买盘
13:16:21,29.47,-0.02,55,162120,卖盘
13:16:25,29.49,0.02,17,50133,买盘
13:16:28,29.49,0.0,14,41289,买盘
13:16:31,29.49,0.0,9,26549,卖盘
13:16:33,29.49,0.0,61,179903,卖盘
13:16:36,29.48,-0.01,37,109088,卖盘
13:16:39,29.49,0.01,33,97298,买盘
13:16:42,29.48,-0.01,125,368535,卖盘
13:16:45,29.47,-0.01,47,138523,卖盘
13:16:48,29.47,0.0,97,285879,卖盘
13:16:51,29.48,0.01,53,156233,买盘
13:16:55,29.47,-0.01,54,159160,卖盘
13:16:57,29.49,0.02,11,32430,买盘
13:17:01,29.48,-0.01,33,97284,卖盘
13:17:04,29.48,0.0,45,132687,卖盘
13:17:07,29.48,0.0,44,129717,卖盘
13:17:10,29.48,0.0,25,73717,卖盘
13:17:12,29.48,0.0,284,837426,卖盘
13:17:16,29.49,0.01,164,483601,买盘
13:17:18,29.49,0.0,61,179834,买盘
13:17:22,29.48,-0.01,209,616146,卖盘
13:17:25,29.49,0.01,65,191682,买盘
13:17:28,29.48,-0.01,217,639895,卖盘
13:17:30,29.49,0.01,318,937689,买盘
13:17:33,29.49,0.0,214,631099,卖盘
13:17:36,29.49,0.0,12,35388,卖盘
13:17:39,29.5,0.01,586,1728663,买盘
13:17:42,29.49,-0.01,254,751479,卖盘
13:17:45,29.5,0.01,11,32450,买盘
13:17:48,29.49,-0.01,112,330352,卖盘
13:17:51,29.49,0.0,100,294933,卖盘
13:17:54,29.5,0.01,401,1182589,买盘
13:17:57,29.5,0.0,60,176967,买盘
13:18:00,29.49,-0.01,124,365705,卖盘
13:18:04,29.5,0.01,52,153399,买盘
13:18:06,29.49,-0.01,125,368734,卖盘
13:18:10,29.5,0.01,211,620732,买盘
13:18:12,29.5,0.0,116,342260,卖盘
13:18:16,29.51,0.01,54,159354,买盘
13:18:18,29.51,0.0,330,973779,买盘
13:18:22,29.51,0.0,923,2724691,卖盘
13:18:24,29.52,0.01,266,785156,买盘
13:18:28,29.53,0.01,672,1983727,买盘
13:18:30,29.53,0.0,132,389761,买盘
13:18:34,29.53,0.0,100,295364,卖盘
13:18:36,29.53,0.0,236,697078,买盘
13:18:40,29.53,0.0,23,67918,买盘
13:18:42,29.53,0.0,56,165368,买盘
13:18:46,29.52,-0.01,129,380944,卖盘
13:18:48,29.53,0.01,263,776813,中性盘
13:18:52,29.53,0.0,333,983298,卖盘
13:18:54,29.54,0.01,246,726537,买盘
13:18:58,29.53,-0.01,186,549352,卖盘
13:19:01,29.52,-0.01,223,658472,卖盘
13:19:04,29.51,-0.01,68,200714,卖盘
13:19:07,29.52,0.01,301,888175,买盘
13:19:10,29.51,-0.01,96,283318,中性盘
13:19:12,29.54,0.03,49,144633,买盘
13:19:16,29.54,0.0,25,73778,买盘
13:19:18,29.51,-0.03,39,115100,卖盘
13:19:21,29.52,0.01,9,26568,中性盘
13:19:24,29.53,0.01,33,97446,买盘
13:19:27,29.53,0.0,9,26582,卖盘
13:19:30,29.54,0.01,416,1228809,买盘
13:19:33,29.53,-0.01,186,549116,卖盘
13:19:37,29.54,0.01,75,221537,买盘
13:19:40,29.53,-0.01,143,422439,卖盘
13:19:43,29.54,0.01,79,233417,中性盘
13:19:46,29.53,-0.01,100,295361,卖盘
13:19:49,29.53,0.0,120,354425,卖盘
13:19:51,29.54,0.01,44,129937,买盘
13:19:54,29.55,0.01,255,753432,买盘
13:19:57,29.55,0.0,908,2683120,买盘
13:20:00,29.55,0.0,51,150705,卖盘
13:20:04,29.56,0.01,1206,3564862,买盘
13:20:07,29.54,-0.02,471,1392256,卖盘
13:20:09,29.55,0.01,960,2839329,卖盘
13:20:12,29.57,0.02,90,266095,买盘
13:20:15,29.59,0.02,631,1866722,买盘
13:20:18,29.59,0.0,189,559245,买盘
13:20:21,29.59,0.0,97,286955,买盘
13:20:24,29.6,0.01,924,2734987,买盘
13:20:27,29.59,-0.01,79,233838,卖盘
13:20:31,29.6,0.01,146,432150,买盘
13:20:33,29.6,0.0,153,453015,买盘
13:20:37,29.6,0.0,214,633466,卖盘
13:20:39,29.59,-0.01,489,1447481,卖盘
13:20:43,29.62,0.03,433,1282027,买盘
13:20:45,29.59,-0.03,144,426545,中性盘
13:20:48,29.58,-0.01,258,763906,卖盘
13:20:51,29.62,0.04,259,767083,买盘
13:20:54,29.62,0.0,117,346509,买盘
13:20:57,29.62,0.0,143,423292,买盘
13:21:01,29.62,0.0,75,222093,买盘
13:21:05,29.62,0.0,110,325795,买盘
13:21:07,29.61,-0.01,48,142097,买盘
13:21:09,29.61,0.0,588,1741463,买盘
13:21:12,29.58,-0.03,215,636200,卖盘
13:21:15,29.58,0.0,86,254388,买盘
13:21:19,29.6,0.02,114,337284,买盘
13:21:21,29.58,-0.02,680,2010076,卖盘
13:21:24,29.6,0.02,59,174626,买盘
13:21:28,29.6,0.0,100,295999,买盘
13:21:31,29.58,-0.02,119,352024,卖盘
13:21:34,29.58,0.0,118,348802,买盘
13:21:36,29.57,-0.01,64,189341,买盘
13:21:39,29.56,-0.01,28,82784,卖盘
13:21:43,29.55,-0.01,87,257226,卖盘
13:21:45,29.57,0.02,42,124223,卖盘
13:21:48,29.57,0.0,72,212867,买盘
13:21:51,29.57,0.0,33,97570,买盘
13:21:54,29.57,0.0,172,508557,买盘
13:21:57,29.56,-0.01,80,236530,中性盘
13:22:01,29.55,-0.01,820,2423194,卖盘
13:22:04,29.54,-0.01,166,490477,卖盘
13:22:07,29.56,0.02,139,410761,买盘
13:22:09,29.55,-0.01,27,79808,卖盘
13:22:13,29.56,0.01,45,133062,中性盘
13:22:16,29.57,0.01,82,242375,买盘
13:22:19,29.56,-0.01,227,670794,买盘
13:22:22,29.56,0.0,52,153689,买盘
13:22:24,29.57,0.01,8,23655,买盘
13:22:27,29.58,0.01,108,319349,买盘
13:22:31,29.58,0.0,20,59141,买盘
13:22:33,29.58,0.0,57,168544,买盘
13:22:36,29.58,0.0,74,218813,买盘
13:22:39,29.56,-0.02,81,239515,卖盘
13:22:42,29.56,0.0,46,135983,卖盘
13:22:45,29.58,0.02,64,189213,买盘
13:22:48,29.57,-0.01,55,162598,卖盘
13:22:51,29.56,-0.01,137,405019,卖盘
13:22:55,29.57,0.01,82,242549,买盘
13:22:57,29.57,0.0,15,44359,卖盘
13:23:00,29.58,0.01,302,893264,买盘
13:23:04,29.57,-0.01,79,233651,中性盘
13:23:07,29.58,0.01,12,35492,买盘
13:23:10,29.58,0.0,787,2327943,买盘
13:23:13,29.58,0.0,594,1756341,卖盘
13:23:16,29.57,-0.01,38,112384,卖盘
13:23:19,29.58,0.01,148,437784,卖盘
13:23:21,29.57,-0.01,336,992986,卖盘
13:23:25,29.57,0.0,37,109408,卖盘
13:23:27,29.58,0.01,394,1164803,买盘
13:23:30,29.58,0.0,37,109409,买盘
13:23:34,29.57,-0.01,155,458397,中性盘
13:23:37,29.57,0.0,103,304505,卖盘
13:23:40,29.57,0.0,231,682943,买盘
13:23:42,29.56,-0.01,78,230550,卖盘
13:23:46,29.55,-0.01,883,2611950,卖盘
13:23:48,29.55,0.0,504,1489394,卖盘
13:23:52,29.52,-0.03,714,2108720,卖盘
13:23:54,29.52,0.0,105,310259,卖盘
13:23:57,29.51,-0.01,421,1242963,卖盘
13:24:00,29.55,0.04,8,23640,中性盘
13:24:04,29.54,-0.01,34,100452,卖盘
13:24:06,29.57,0.03,97,286723,买盘
13:24:09,29.54,-0.03,116,342898,卖盘
13:24:13,29.56,0.02,78,230609,卖盘
13:24:16,29.54,-0.02,45,132992,卖盘
13:24:18,29.53,-0.01,44,129971,卖盘
13:24:22,29.55,0.02,41,121212,中性盘
13:24:25,29.59,0.04,172,508925,买盘
13:24:28,29.6,0.01,168,496957,买盘
13:24:31,29.56,-0.04,90,266286,卖盘
13:24:34,29.55,-0.01,39,115304,卖盘
13:24:36,29.58,0.03,155,458475,买盘
13:24:39,29.59,0.01,102,301798,买盘
13:24:42,29.6,0.01,101,298867,买盘
13:24:46,29.56,-0.04,50,147887,卖盘
13:24:48,29.56,0.0,103,304473,卖盘
13:24:52,29.56,0.0,798,2358106,买盘
13:24:54,29.56,0.0,50,147746,买盘
13:24:57,29.57,0.01,48,141928,买盘
13:25:00,29.56,-0.01,98,289723,卖盘
13:25:04,29.56,0.0,266,786469,卖盘
13:25:07,29.56,0.0,13,38449,卖盘
13:25:09,29.58,0.02,96,283768,买盘
13:25:13,29.58,0.0,44,130084,买盘
13:25:15,29.58,0.0,86,254385,买盘
13:25:18,29.57,-0.01,7,20704,卖盘
13:25:21,29.56,-0.01,60,177479,卖盘
13:25:25,29.59,0.03,333,984406,买盘
13:25:27,29.58,-0.01,58,171473,买盘
13:25:31,29.58,0.0,131,387475,卖盘
13:25:33,29.59,0.01,163,482134,买盘
13:25:36,29.55,-0.04,129,381224,卖盘
13:25:39,29.55,0.0,68,200956,买盘
13:25:43,29.54,-0.01,147,434372,卖盘
13:25:45,29.55,0.01,116,342700,买盘
13:25:48,29.53,-0.02,260,767953,卖盘
13:25:52,29.52,-0.01,174,513769,卖盘
13:25:55,29.51,-0.01,51,150555,卖盘
13:25:57,29.51,0.0,232,684746,卖盘
13:26:00,29.53,0.02,24,70872,买盘
13:26:04,29.52,-0.01,112,330534,卖盘
13:26:07,29.51,-0.01,74,218379,卖盘
13:26:10,29.5,-0.01,1054,3109305,卖盘
13:26:13,29.5,0.0,91,268392,买盘
13:26:16,29.5,0.0,118,348100,买盘
13:26:18,29.49,-0.01,217,640116,卖盘
13:26:21,29.48,-0.01,232,684095,卖盘
13:26:24,29.5,0.02,64,188847,中性盘
13:26:27,29.48,-0.02,170,501381,卖盘
13:26:30,29.48,0.0,31,91404,卖盘
13:26:33,29.5,0.02,124,365601,买盘
13:26:36,29.5,0.0,34,100300,买盘
13:26:39,29.49,-0.01,33,97317,卖盘
13:26:43,29.48,-0.01,206,607837,卖盘
13:26:46,29.5,0.02,753,2220294,买盘
13:26:48,29.5,0.0,274,808033,买盘
13:26:51,29.5,0.0,41,120903,买盘
13:26:55,29.49,-0.01,133,392147,买盘
13:26:57,29.5,0.01,149,439364,买盘
13:27:00,29.49,-0.01,38,112062,卖盘
13:27:04,29.5,0.01,185,545698,买盘
13:27:07,29.5,0.0,224,660749,买盘
13:27:09,29.51,0.01,145,427877,买盘
13:27:12,29.5,-0.01,214,631424,卖盘
13:27:16,29.52,0.02,285,840811,买盘
13:27:18,29.53,0.01,204,602178,买盘
13:27:21,29.52,-0.01,21,61992,买盘
13:27:24,29.51,-0.01,108,318684,卖盘
13:27:28,29.51,0.0,146,430739,买盘
13:27:30,29.51,0.0,61,180011,买盘
13:27:34,29.5,-0.01,159,469055,卖盘
13:27:36,29.51,0.01,152,448788,买盘
13:27:40,29.51,0.0,147,433780,卖盘
13:27:43,29.53,0.02,125,368838,买盘
13:27:45,29.5,-0.03,111,327471,卖盘
13:27:49,29.5,0.0,313,923353,卖盘
13:27:51,29.51,0.01,50,147536,买盘
13:27:55,29.5,-0.01,118,348122,卖盘
13:27:58,29.5,0.0,57,168158,卖盘
13:28:01,29.5,0.0,489,1441811,买盘
13:28:04,29.49,-0.01,234,690192,中性盘
13:28:06,29.48,-0.01,66,194616,卖盘
13:28:09,29.49,0.01,230,678041,买盘
13:28:13,29.48,-0.01,458,1350164,卖盘
13:28:15,29.48,0.0,62,182760,买盘
13:28:18,29.48,0.0,149,439114,买盘
13:28:21,29.47,-0.01,70,206357,卖盘
13:28:25,29.47,0.0,308,907592,卖盘
13:28:27,29.48,0.01,142,418375,买盘
13:28:30,29.49,0.01,67,197478,买盘
13:28:33,29.46,-0.03,146,431173,卖盘
13:28:37,29.5,0.04,31,90866,卖盘
13:28:39,29.45,-0.05,102,300419,卖盘
13:28:42,29.47,0.02,12,35369,卖盘
13:28:46,29.47,0.0,208,612982,买盘
13:28:48,29.47,0.0,104,306402,卖盘
13:28:51,29.46,-0.01,56,165028,卖盘
13:28:54,29.47,0.01,114,335855,买盘
13:28:57,29.46,-0.01,250,736413,卖盘
13:29:00,29.46,0.0,23,67765,买盘
13:29:04,29.47,0.01,328,966331,买盘
13:29:07,29.47,0.0,39,114956,卖盘
13:29:09,29.47,0.0,123,362499,卖盘
13:29:13,29.47,0.0,42,123777,卖盘
13:29:16,29.47,0.0,5,14735,买盘
13:29:18,29.46,-0.01,221,651170,卖盘
13:29:21,29.47,0.01,16,47150,买盘
13:29:24,29.46,-0.01,88,259250,卖盘
13:29:27,29.46,0.0,199,586154,买盘
13:29:31,29.47,0.01,167,491869,买盘
13:29:34,29.48,0.01,161,474319,买盘
13:29:36,29.46,-0.02,212,624617,卖盘
13:29:39,29.47,0.01,142,418504,中性盘
13:29:42,29.47,0.0,122,359581,卖盘
13:29:46,29.48,0.01,61,179842,卖盘
13:29:49,29.48,0.0,101,297778,卖盘
13:29:51,29.48,0.0,56,165088,买盘
13:29:55,29.48,0.0,113,333066,卖盘
13:29:57,29.48,0.0,171,504108,买盘
13:30:01,29.48,0.0,360,1061736,卖盘
13:30:04,29.49,0.01,180,530705,中性盘
13:30:07,29.5,0.01,907,2674442,买盘
13:30:09,29.48,-0.02,164,483629,卖盘
13:30:13,29.48,0.0,427,1260174,卖盘
13:30:15,29.53,0.05,85,250837,买盘
13:30:19,29.5,-0.03,354,1043885,卖盘
13:30:21,29.54,0.04,113,333453,买盘
13:30:25,29.55,0.01,148,436989,买盘
13:30:27,29.5,-0.05,74,218342,卖盘
13:30:30,29.49,-0.01,146,430860,卖盘
13:30:34,29.5,0.01,209,616471,卖盘
13:30:36,29.54,0.04,4,11816,买盘
13:30:39,29.54,0.0,115,339306,买盘
13:30:42,29.55,0.01,587,1731883,买盘
13:30:45,29.54,-0.01,40,118011,买盘
13:30:48,29.54,0.0,148,436720,买盘
13:30:51,29.5,-0.04,55,162350,卖盘
13:30:54,29.54,0.04,131,386555,买盘
13:30:57,29.52,-0.02,111,326228,卖盘
13:31:00,29.52,0.0,44,129888,买盘
13:31:04,29.5,-0.02,115,340578,卖盘
13:31:07,29.5,0.0,39,113736,买盘
13:31:10,29.51,0.01,169,498555,买盘
13:31:12,29.5,-0.01,168,495748,卖盘
13:31:15,29.5,0.0,85,250748,买盘
13:31:18,29.49,-0.01,289,852301,卖盘
13:31:22,29.48,-0.01,141,415833,卖盘
13:31:25,29.48,0.0,185,545480,卖盘
13:31:27,29.48,0.0,273,804976,卖盘
13:31:31,29.49,0.01,191,564436,买盘
13:31:34,29.48,-0.01,56,165133,中性盘
13:31:36,29.49,0.01,559,1648481,买盘
13:31:39,29.5,0.01,629,1853999,买盘
13:31:42,29.5,0.0,111,327328,买盘
13:31:46,29.5,0.0,156,460060,买盘
13:31:48,29.48,-0.02,45,132691,卖盘
13:31:51,29.48,0.0,97,285949,买盘
13:31:54,29.47,-0.01,95,279980,卖盘
13:31:57,29.48,0.01,80,235833,买盘
13:32:00,29.48,0.0,117,344843,中性盘
13:32:04,29.49,0.01,629,1855445,卖盘
13:32:06,29.49,0.0,48,141578,买盘
13:32:09,29.52,0.03,407,1199381,买盘
13:32:12,29.52,0.0,1029,3033452,买盘
13:32:15,29.5,-0.02,54,159358,中性盘
13:32:19,29.49,-0.01,342,1008384,卖盘
13:32:22,29.48,-0.01,50,147449,中性盘
13:32:24,29.5,0.02,181,533890,买盘
13:32:28,29.51,0.01,60,177056,买盘
13:32:30,29.5,-0.01,158,466110,卖盘
13:32:33,29.5,0.0,81,238980,卖盘
13:32:36,29.5,0.0,70,206500,买盘
13:32:39,29.49,-0.01,83,244798,卖盘
13:32:42,29.5,0.01,109,321453,买盘
13:32:46,29.5,0.0,176,519270,卖盘
13:32:49,29.49,-0.01,289,852688,卖盘
13:32:52,29.49,0.0,43,126807,买盘
13:32:54,29.49,0.0,215,633894,买盘
13:32:57,29.5,0.01,42,123900,买盘
13:33:00,29.5,0.0,109,321450,买盘
13:33:05,29.5,0.0,174,513339,卖盘
13:33:07,29.49,-0.01,25,73746,卖盘
13:33:09,29.49,0.0,106,312627,卖盘
13:33:12,29.5,0.01,69,203513,买盘
13:33:16,29.49,-0.01,282,831657,卖盘
13:33:18,29.48,-0.01,267,787196,卖盘
13:33:21,29.48,0.0,114,336126,买盘
13:33:24,29.47,-0.01,354,1043489,卖盘
13:33:27,29.47,0.0,85,250495,买盘
13:33:30,29.46,-0.01,155,456658,卖盘
13:33:33,29.46,0.0,172,506784,卖盘
13:33:36,29.47,0.01,53,156188,买盘
13:33:39,29.47,0.0,513,1511362,买盘
13:33:42,29.47,0.0,51,150297,买盘
13:33:45,29.47,0.0,166,489085,买盘
13:33:48,29.46,-0.01,325,957563,卖盘
13:33:51,29.47,0.01,116,343098,买盘
13:33:54,29.47,0.0,185,545074,买盘
13:33:57,29.47,0.0,49,144389,买盘
13:34:00,29.47,0.0,444,1308301,买盘
