time,price,change,volume,amount,type
09:25:00,30.94,0.14,9006,27864564,卖盘
09:30:00,30.9,-0.04,572,1767506,卖盘
09:30:04,30.92,0.02,4748,14667478,买盘
09:30:07,30.93,0.01,2264,6998860,买盘
09:30:10,30.9,-0.03,1710,5287596,卖盘
09:30:12,30.9,0.0,2158,6673233,买盘
09:30:16,30.92,0.02,489,1511922,买盘
09:30:18,30.94,0.02,425,1313898,买盘
09:30:22,30.9,-0.04,172,531636,卖盘
09:30:25,30.9,0.0,459,1417508,卖盘
09:30:28,30.88,-0.02,243,750372,卖盘
09:30:30,30.88,0.0,1183,3659429,买盘
09:30:33,30.89,0.01,326,1006459,买盘
09:30:36,30.88,-0.01,360,1110513,卖盘
09:30:39,30.84,-0.04,215,662903,中性盘
09:30:42,30.79,-0.05,1155,3564190,卖盘
09:30:46,30.8,0.01,200,616277,买盘
09:30:48,30.79,-0.01,237,729387,卖盘
09:30:51,30.74,-0.05,104,319635,中性盘
09:30:54,30.62,-0.12,366,1123046,卖盘
09:30:58,30.63,0.01,99,303419,买盘
09:31:00,30.63,0.0,369,1130803,卖盘
09:31:04,30.63,0.0,66,202369,卖盘
09:31:06,30.6,-0.03,286,875493,卖盘
09:31:09,30.7,0.1,751,2303070,买盘
09:31:12,30.7,0.0,760,2329244,卖盘
09:31:15,30.6,-0.1,384,1176500,卖盘
09:31:18,30.61,0.01,224,685801,买盘
09:31:21,30.6,-0.01,1118,3421100,卖盘
09:31:25,30.6,0.0,806,2466673,买盘
09:31:27,30.6,0.0,563,1722631,买盘
09:31:30,30.62,0.02,2680,8197196,中性盘
09:31:34,30.6,-0.02,574,1756949,卖盘
09:31:36,30.59,-0.01,171,523290,卖盘
09:31:39,30.5,-0.09,6060,18480799,卖盘
09:31:42,30.49,-0.01,1129,3441785,卖盘
09:31:46,30.44,-0.05,89,271017,卖盘
09:31:48,30.35,-0.09,581,1765575,卖盘
09:31:51,30.32,-0.03,637,1934760,卖盘
09:31:55,30.31,-0.01,550,1666723,卖盘
09:31:57,30.3,-0.01,887,2692468,中性盘
09:32:00,30.27,-0.03,2339,7075020,中性盘
09:32:04,30.27,0.0,203,614779,中性盘
09:32:07,30.27,0.0,360,1089148,买盘
09:32:09,30.25,-0.02,462,1397048,卖盘
09:32:12,30.26,0.01,969,2928224,买盘
09:32:16,30.25,-0.01,772,2333037,买盘
09:32:18,30.3,0.05,1685,5097584,买盘
09:32:21,30.3,0.0,5519,16722596,卖盘
09:32:24,30.3,0.0,3770,11422968,卖盘
09:32:27,30.3,0.0,289,875627,买盘
09:32:30,30.32,0.02,259,785063,买盘
09:32:34,30.35,0.03,92,280481,买盘
09:32:37,30.4,0.05,45,136595,买盘
09:32:40,30.35,-0.05,239,725765,卖盘
09:32:43,30.35,0.0,188,570648,买盘
09:32:46,30.31,-0.04,2198,6659481,卖盘
09:32:49,30.27,-0.04,644,1951701,中性盘
09:32:51,30.26,-0.01,524,1585609,卖盘
09:32:54,30.28,0.02,689,2085386,买盘
09:32:58,30.31,0.03,461,1395191,买盘
09:33:01,30.27,-0.04,415,1256125,卖盘
09:33:04,30.3,0.03,858,2597744,买盘
09:33:07,30.27,-0.03,1290,3908804,卖盘
09:33:10,30.27,0.0,295,894820,买盘
09:33:12,30.28,0.01,486,1471003,卖盘
09:33:16,30.29,0.01,987,2990938,买盘
09:33:18,30.3,0.01,199,602859,卖盘
09:33:22,30.32,0.02,540,1638330,买盘
09:33:24,30.3,-0.02,130,393968,卖盘
09:33:28,30.28,-0.02,1659,5023305,卖盘
09:33:30,30.3,0.02,1497,4533666,买盘
09:33:34,30.3,0.0,428,1296464,买盘
09:33:36,30.31,0.01,126,381761,买盘
09:33:39,30.32,0.01,110,334669,买盘
09:33:42,30.29,-0.03,378,1145858,卖盘
09:33:46,30.32,0.03,122,369709,买盘
09:33:49,30.31,-0.01,206,624721,卖盘
09:33:52,30.34,0.03,153,463917,买盘
09:33:54,30.34,0.0,171,518731,买盘
09:33:58,30.34,0.0,690,2092682,买盘
09:34:00,30.35,0.01,101,306543,卖盘
09:34:04,30.36,0.01,194,588918,买盘
09:34:07,30.36,0.0,148,449302,买盘
09:34:10,30.31,-0.05,1348,4089397,卖盘
09:34:13,30.33,0.02,1155,3502125,买盘
09:34:15,30.32,-0.01,619,1876446,中性盘
09:34:19,30.32,0.0,79,239478,买盘
09:34:22,30.31,-0.01,2154,6524101,卖盘
09:34:25,30.31,0.0,599,1813989,买盘
09:34:27,30.29,-0.02,397,1202682,卖盘
09:34:31,30.23,-0.06,1793,5421930,卖盘
09:34:33,30.19,-0.04,1940,5859730,卖盘
09:34:37,30.15,-0.04,1234,3722068,卖盘
09:34:40,30.14,-0.01,761,2292841,卖盘
09:34:42,30.08,-0.06,1305,3927710,卖盘
09:34:46,30.11,0.03,1070,3216382,买盘
09:34:48,30.0,-0.11,2944,8834742,卖盘
09:34:51,30.0,0.0,752,2256646,卖盘
09:34:54,30.0,0.0,410,1229922,卖盘
09:34:58,29.95,-0.05,1040,3116011,卖盘
09:35:01,29.96,0.01,505,1513063,买盘
09:35:05,29.97,0.01,252,755724,中性盘
09:35:07,29.94,-0.03,662,1982235,卖盘
09:35:09,29.97,0.03,266,797175,买盘
09:35:12,29.94,-0.03,299,896025,卖盘
09:35:15,29.95,0.01,2311,6933709,中性盘
09:35:18,30.0,0.05,190,569270,买盘
09:35:21,30.0,0.0,267,800042,买盘
09:35:24,30.0,0.0,1124,3371728,买盘
09:35:27,30.0,0.0,395,1185001,买盘
09:35:31,30.0,0.0,295,884972,卖盘
09:35:34,29.98,-0.02,1224,3669598,卖盘
09:35:36,30.05,0.07,2040,6117572,买盘
09:35:40,30.0,-0.05,2697,8085385,卖盘
09:35:43,30.05,0.05,331,992906,中性盘
09:35:46,30.09,0.04,288,865323,买盘
09:35:48,30.11,0.02,443,1331759,买盘
09:35:52,30.05,-0.06,444,1336114,卖盘
09:35:55,30.1,0.05,443,1329726,买盘
09:35:57,30.05,-0.05,505,1518892,卖盘
09:36:00,30.09,0.04,147,442282,买盘
09:36:05,30.1,0.01,276,830016,买盘
09:36:07,30.1,0.0,115,346107,买盘
09:36:10,30.07,-0.03,652,1960501,卖盘
09:36:12,30.07,0.0,218,655329,中性盘
09:36:15,30.07,0.0,379,1139534,买盘
09:36:19,30.02,-0.05,907,2727369,卖盘
09:36:22,30.07,0.05,1560,4681459,买盘
09:36:24,30.07,0.0,201,603894,买盘
09:36:28,30.07,0.0,368,1105736,买盘
09:36:31,30.07,0.0,456,1370948,买盘
09:36:34,30.08,0.01,612,1839075,买盘
09:36:36,30.05,-0.03,333,1000453,卖盘
09:36:40,30.05,0.0,304,913302,买盘
09:36:43,30.05,0.0,423,1270819,买盘
09:36:46,30.05,0.0,309,928298,买盘
09:36:49,30.07,0.02,536,1610518,买盘
09:36:51,30.03,-0.04,434,1303571,卖盘
09:36:55,30.05,0.02,871,2615303,买盘
09:36:58,30.02,-0.03,643,1932216,卖盘
09:37:00,30.04,0.02,1698,5098068,买盘
09:37:04,30.07,0.03,498,1496652,买盘
09:37:07,30.03,-0.04,426,1281177,卖盘
09:37:10,30.08,0.05,659,1980825,买盘
09:37:12,30.1,0.02,333,1001675,买盘
09:37:16,30.1,0.0,393,1182029,买盘
09:37:18,30.1,0.0,582,1750282,买盘
09:37:22,30.12,0.02,267,803700,买盘
09:37:24,30.14,0.02,223,672141,买盘
09:37:27,30.14,0.0,217,654026,卖盘
09:37:30,30.14,0.0,144,434162,买盘
09:37:33,30.2,0.06,302,911230,买盘
09:37:36,30.18,-0.02,171,516430,卖盘
09:37:39,30.22,0.04,256,773952,中性盘
09:37:42,30.3,0.08,233,704920,买盘
09:37:45,30.27,-0.03,270,817925,中性盘
09:37:49,30.3,0.03,145,438873,买盘
09:37:52,30.28,-0.02,430,1301457,中性盘
09:37:55,30.3,0.02,89,269276,买盘
09:37:58,30.27,-0.03,223,675447,卖盘
09:38:01,30.3,0.03,226,684136,买盘
09:38:04,30.34,0.04,900,2728463,买盘
09:38:07,30.3,-0.04,804,2440678,卖盘
09:38:10,30.34,0.04,378,1146936,买盘
09:38:12,30.4,0.06,824,2504040,买盘
09:38:16,30.46,0.06,469,1427254,买盘
09:38:18,30.39,-0.07,873,2657454,卖盘
09:38:21,30.43,0.04,158,480707,中性盘
09:38:24,30.43,0.0,518,1575328,中性盘
09:38:28,30.43,0.0,655,1989499,买盘
09:38:30,30.35,-0.08,848,2577110,卖盘
09:38:33,30.45,0.1,309,940127,买盘
09:38:36,30.45,0.0,1206,3671463,买盘
09:38:39,30.43,-0.02,548,1668347,中性盘
09:38:43,30.43,0.0,661,2011221,卖盘
09:38:46,30.35,-0.08,611,1856873,卖盘
09:38:49,30.39,0.04,309,939233,中性盘
09:38:52,30.4,0.01,2201,6690035,买盘
09:38:55,30.43,0.03,335,1017711,买盘
09:38:58,30.42,-0.01,562,1709122,中性盘
09:39:00,30.38,-0.04,252,765911,卖盘
09:39:05,30.4,0.02,266,807605,买盘
09:39:07,30.41,0.01,135,410429,买盘
09:39:10,30.43,0.02,649,1974193,买盘
09:39:12,30.4,-0.03,307,934135,卖盘
09:39:15,30.4,0.0,1447,4400800,卖盘
09:39:18,30.4,0.0,1400,4255189,买盘
09:39:21,30.4,0.0,400,1215883,买盘
09:39:24,30.39,-0.01,291,884261,买盘
09:39:28,30.4,0.01,350,1062899,买盘
09:39:30,30.38,-0.02,266,808060,卖盘
09:39:34,30.38,0.0,287,871987,买盘
09:39:36,30.4,0.02,985,2993969,买盘
09:39:40,30.38,-0.02,238,722832,卖盘
09:39:43,30.33,-0.05,274,832372,卖盘
09:39:46,30.35,0.02,298,904220,中性盘
09:39:48,30.4,0.05,151,458838,买盘
09:39:52,30.35,-0.05,796,2417983,卖盘
09:39:54,30.35,0.0,352,1068963,买盘
09:39:58,30.37,0.02,143,433977,中性盘
09:40:00,30.35,-0.02,109,330833,卖盘
09:40:04,30.37,0.02,859,2607717,买盘
09:40:07,30.37,0.0,260,789694,卖盘
09:40:09,30.37,0.0,159,483087,卖盘
09:40:13,30.39,0.02,184,559034,买盘
09:40:15,30.39,0.0,1090,3312294,买盘
09:40:18,30.37,-0.02,2197,6679620,卖盘
09:40:21,30.41,0.04,149,453072,中性盘
09:40:24,30.45,0.04,424,1291087,买盘
09:40:28,30.4,-0.05,533,1620502,卖盘
09:40:30,30.45,0.05,252,767545,买盘
09:40:33,30.46,0.01,209,636568,买盘
09:40:36,30.45,-0.01,305,929209,买盘
09:40:39,30.48,0.03,360,1096483,买盘
09:40:43,30.46,-0.02,119,362326,买盘
09:40:46,30.43,-0.03,125,380433,卖盘
09:40:49,30.4,-0.03,117,355918,卖盘
09:40:52,30.4,0.0,1449,4411505,卖盘
09:40:54,30.45,0.05,347,1056206,买盘
09:40:57,30.45,0.0,83,252740,卖盘
09:41:00,30.45,0.0,3607,10987112,卖盘
09:41:04,30.49,0.04,1214,3700155,买盘
09:41:06,30.49,0.0,271,825995,买盘
09:41:09,30.47,-0.02,382,1164654,卖盘
09:41:12,30.49,0.02,865,2636204,买盘
09:41:15,30.5,0.01,357,1088837,买盘
09:41:18,30.5,0.0,433,1320779,卖盘
09:41:22,30.49,-0.01,537,1637423,卖盘
09:41:24,30.48,-0.01,404,1231263,中性盘
09:41:28,30.5,0.02,755,2302473,买盘
09:41:30,30.47,-0.03,272,829155,卖盘
09:41:33,30.48,0.01,115,350448,买盘
09:41:36,30.47,-0.01,350,1066731,中性盘
09:41:39,30.47,0.0,592,1804895,买盘
09:41:42,30.49,0.02,85,259226,中性盘
09:41:45,30.47,-0.02,226,688853,卖盘
09:41:49,30.48,0.01,2323,7086289,中性盘
09:41:51,30.49,0.01,621,1894212,买盘
09:41:54,30.48,-0.01,695,2119897,卖盘
09:41:58,30.48,0.0,190,579099,买盘
09:42:01,30.48,0.0,468,1426244,买盘
09:42:04,30.49,0.01,799,2435415,买盘
09:42:07,30.55,0.06,582,1777139,买盘
09:42:10,30.51,-0.04,151,461034,卖盘
09:42:12,30.52,0.01,208,634907,中性盘
09:42:16,30.53,0.01,38,115994,买盘
09:42:18,30.5,-0.03,552,1684474,卖盘
09:42:22,30.5,0.0,82,250047,买盘
09:42:25,30.5,0.0,197,600830,买盘
09:42:28,30.5,0.0,398,1213892,买盘
09:42:30,30.51,0.01,287,875603,买盘
09:42:33,30.5,-0.01,96,292864,卖盘
09:42:36,30.5,0.0,284,866821,卖盘
09:42:39,30.51,0.01,108,329508,中性盘
09:42:43,30.51,0.0,100,305218,卖盘
09:42:45,30.53,0.02,98,299063,买盘
09:42:49,30.53,0.0,294,897555,买盘
09:42:52,30.54,0.01,123,375656,中性盘
09:42:54,30.54,0.0,118,360466,卖盘
09:42:57,30.54,0.0,163,497926,卖盘
09:43:00,30.55,0.01,304,928571,买盘
09:43:05,30.52,-0.03,1890,5769278,卖盘
09:43:07,30.52,0.0,299,913449,买盘
09:43:09,30.54,0.02,403,1230986,买盘
09:43:13,30.54,0.0,116,354382,卖盘
09:43:15,30.56,0.02,348,1063071,买盘
09:43:19,30.54,-0.02,734,2242101,卖盘
09:43:21,30.52,-0.02,133,406046,卖盘
09:43:24,30.52,0.0,207,632083,卖盘
09:43:28,30.52,0.0,164,500671,卖盘
09:43:31,30.53,0.01,572,1745681,买盘
09:43:34,30.52,-0.01,282,860615,卖盘
09:43:36,30.52,0.0,408,1245181,买盘
09:43:40,30.53,0.01,493,1504425,买盘
09:43:42,30.52,-0.01,1285,3920221,卖盘
09:43:46,30.52,0.0,409,1248018,买盘
09:43:48,30.53,0.01,679,2072833,买盘
09:43:51,30.53,0.0,1012,3089262,买盘
09:43:54,30.52,-0.01,1618,4939791,卖盘
09:43:58,30.54,0.02,364,1111839,买盘
09:44:01,30.54,0.0,181,553102,卖盘
09:44:05,30.5,-0.04,997,3042488,卖盘
09:44:06,30.56,0.06,130,397026,买盘
09:44:10,30.5,-0.06,1170,3570138,卖盘
09:44:13,30.52,0.02,53,161788,中性盘
09:44:15,30.5,-0.02,1325,4041419,卖盘
09:44:19,30.52,0.02,136,414980,买盘
09:44:22,30.49,-0.03,101,308008,卖盘
09:44:25,30.49,0.0,463,1411711,卖盘
09:44:27,30.48,-0.01,455,1386874,卖盘
09:44:30,30.49,0.01,1037,3160927,买盘
09:44:33,30.48,-0.01,449,1368535,卖盘
09:44:37,30.48,0.0,1152,3510672,买盘
09:44:39,30.48,0.0,790,2406671,买盘
09:44:43,30.47,-0.01,631,1922520,中性盘
09:44:45,30.46,-0.01,344,1047840,卖盘
09:44:49,30.47,0.01,200,609256,买盘
09:44:51,30.46,-0.01,252,767607,卖盘
09:44:55,30.45,-0.01,274,834344,卖盘
09:44:58,30.45,0.0,1222,3720879,卖盘
09:45:01,30.45,0.0,63,191769,买盘
09:45:04,30.42,-0.03,1057,3214790,卖盘
09:45:07,30.42,0.0,163,495586,买盘
09:45:10,30.4,-0.02,306,930583,卖盘
09:45:13,30.41,0.01,54,164197,中性盘
09:45:15,30.4,-0.01,75,228055,卖盘
09:45:18,30.38,-0.02,2481,7542173,卖盘
09:45:22,30.39,0.01,409,1242629,买盘
09:45:24,30.4,0.01,461,1401026,买盘
09:45:27,30.37,-0.03,270,820424,卖盘
09:45:30,30.4,0.03,426,1294886,买盘
09:45:33,30.4,0.0,574,1744731,买盘
09:45:36,30.4,0.0,572,1738591,买盘
09:45:39,30.4,0.0,286,869378,卖盘
09:45:42,30.4,0.0,643,1954060,买盘
09:45:45,30.4,0.0,180,547206,卖盘
09:45:48,30.4,0.0,200,608029,卖盘
09:45:51,30.41,0.01,1272,3867116,买盘
09:45:54,30.41,0.0,48,145971,卖盘
09:45:57,30.41,0.0,225,684225,卖盘
09:46:00,30.42,0.01,97,294983,买盘
09:46:04,30.41,-0.01,40,121616,买盘
09:46:07,30.4,-0.01,103,313127,卖盘
09:46:09,30.4,0.0,261,793454,卖盘
09:46:12,30.4,0.0,47,142894,卖盘
09:46:15,30.4,0.0,508,1544339,卖盘
09:46:19,30.4,0.0,264,802575,卖盘
09:46:21,30.4,0.0,946,2875668,卖盘
09:46:25,30.38,-0.02,417,1266892,卖盘
09:46:28,30.38,0.0,653,1984409,卖盘
09:46:31,30.39,0.01,142,431451,买盘
09:46:33,30.4,0.01,121,367659,买盘
09:46:37,30.39,-0.01,358,1088275,卖盘
09:46:39,30.38,-0.01,81,246079,卖盘
09:46:42,30.38,0.0,168,510513,卖盘
09:46:45,30.38,0.0,136,413194,卖盘
09:46:49,30.39,0.01,1468,4458924,买盘
09:46:52,30.39,0.0,116,352524,卖盘
09:46:55,30.38,-0.01,625,1899374,卖盘
09:46:57,30.36,-0.02,181,549661,卖盘
09:47:01,30.37,0.01,97,294682,中性盘
09:47:04,30.37,0.0,403,1223262,卖盘
09:47:06,30.35,-0.02,1102,3344849,卖盘
09:47:10,30.34,-0.01,434,1316659,卖盘
09:47:12,30.33,-0.01,108,327565,卖盘
09:47:15,30.34,0.01,354,1073755,买盘
09:47:18,30.35,0.01,1113,3376972,买盘
09:47:22,30.33,-0.02,737,2235740,卖盘
09:47:24,30.33,0.0,84,254752,买盘
09:47:28,30.33,0.0,139,421539,买盘
09:47:31,30.33,0.0,214,648718,买盘
09:47:33,30.32,-0.01,123,372798,中性盘
09:47:36,30.33,0.01,344,1043064,买盘
09:47:40,30.3,-0.03,211,639533,卖盘
09:47:42,30.32,0.02,201,609198,买盘
09:47:46,30.33,0.01,136,412270,买盘
09:47:48,30.3,-0.03,399,1208950,卖盘
09:47:51,30.3,0.0,218,660520,买盘
09:47:54,30.3,0.0,174,527204,买盘
09:47:57,30.3,0.0,401,1214781,卖盘
09:48:01,30.3,0.0,892,2705320,卖盘
09:48:05,30.3,0.0,266,805983,卖盘
09:48:06,30.33,0.03,45,136451,买盘
09:48:10,30.31,-0.02,88,266749,卖盘
09:48:13,30.33,0.02,96,291098,买盘
09:48:15,30.33,0.0,114,345611,买盘
09:48:19,30.33,0.0,789,2391203,买盘
09:48:21,30.33,0.0,240,727855,买盘
09:48:25,30.33,0.0,50,151654,卖盘
09:48:27,30.33,0.0,146,442855,卖盘
09:48:30,30.34,0.01,130,394387,买盘
09:48:34,30.35,0.01,98,297387,买盘
09:48:36,30.35,0.0,71,215424,买盘
09:48:40,30.35,0.0,225,682680,买盘
09:48:42,30.34,-0.01,58,175992,卖盘
09:48:45,30.35,0.01,33,100135,买盘
09:48:48,30.34,-0.01,311,943835,卖盘
09:48:51,30.34,0.0,52,157790,卖盘
09:48:54,30.34,0.0,865,2625184,卖盘
09:48:57,30.35,0.01,108,327760,买盘
09:49:00,30.34,-0.01,335,1016695,卖盘
09:49:04,30.35,0.01,844,2561581,买盘
09:49:07,30.35,0.0,198,600981,卖盘
09:49:09,30.35,0.0,101,306618,卖盘
09:49:13,30.35,0.0,80,242832,卖盘
09:49:15,30.37,0.02,320,971531,买盘
09:49:19,30.35,-0.02,92,279278,卖盘
09:49:21,30.36,0.01,462,1402323,中性盘
09:49:24,30.35,-0.01,826,2507905,卖盘
09:49:27,30.35,0.0,82,248917,卖盘
09:49:30,30.38,0.03,593,1801401,买盘
09:49:33,30.38,0.0,172,522550,卖盘
09:49:36,30.39,0.01,102,309884,买盘
09:49:40,30.37,-0.02,111,337212,卖盘
09:49:42,30.39,0.02,138,419367,买盘
09:49:45,30.38,-0.01,55,167062,买盘
09:49:49,30.37,-0.01,151,458713,卖盘
09:49:51,30.38,0.01,197,598339,中性盘
09:49:54,30.38,0.0,68,206558,买盘
09:49:58,30.38,0.0,157,476884,卖盘
09:50:01,30.38,0.0,135,410180,卖盘
09:50:04,30.37,-0.01,88,267261,卖盘
09:50:07,30.38,0.01,170,516393,买盘
09:50:09,30.37,-0.01,555,1686570,卖盘
09:50:12,30.37,0.0,119,361469,卖盘
09:50:15,30.36,-0.01,260,789180,卖盘
09:50:19,30.36,0.0,208,631294,买盘
09:50:22,30.36,0.0,48,145708,买盘
09:50:24,30.36,0.0,110,333928,买盘
09:50:27,30.36,0.0,114,346061,买盘
09:50:30,30.35,-0.01,353,1072081,卖盘
09:50:34,30.35,0.0,217,658595,卖盘
09:50:36,30.33,-0.02,402,1219678,卖盘
09:50:40,30.32,-0.01,113,342771,卖盘
09:50:42,30.33,0.01,188,570352,买盘
09:50:46,30.32,-0.01,102,309275,卖盘
09:50:49,30.32,0.0,106,321417,卖盘
09:50:51,30.33,0.01,279,845914,买盘
09:50:54,30.32,-0.01,129,391311,买盘
09:50:57,30.32,0.0,41,124295,买盘
09:51:00,30.32,0.0,88,266777,卖盘
09:51:04,30.33,0.01,529,1604981,买盘
09:51:06,30.33,0.0,119,360929,卖盘
09:51:09,30.31,-0.02,168,509477,卖盘
09:51:12,30.35,0.04,109,330545,买盘
09:51:15,30.33,-0.02,20,60658,买盘
09:51:19,30.33,0.0,255,773218,买盘
09:51:21,30.32,-0.01,129,391021,中性盘
09:51:24,30.33,0.01,122,369995,买盘
09:51:28,30.34,0.01,191,579229,买盘
09:51:30,30.34,0.0,731,2218221,买盘
09:51:33,30.33,-0.01,72,218426,卖盘
09:51:36,30.32,-0.01,61,185015,卖盘
09:51:39,30.34,0.02,38,115237,买盘
09:51:42,30.34,0.0,163,494465,买盘
09:51:45,30.34,0.0,112,339813,卖盘
09:51:49,30.35,0.01,64,194205,买盘
09:51:52,30.34,-0.01,250,758642,卖盘
09:51:54,30.34,0.0,44,133504,卖盘
09:51:57,30.35,0.01,38,115331,卖盘
09:52:00,30.36,0.01,117,355056,买盘
09:52:05,30.36,0.0,99,300541,买盘
09:52:07,30.36,0.0,71,215526,买盘
09:52:10,30.36,0.0,249,756858,卖盘
09:52:12,30.36,0.0,29,88044,卖盘
09:52:15,30.38,0.02,660,2003782,买盘
09:52:19,30.36,-0.02,412,1250925,卖盘
09:52:22,30.36,0.0,75,227753,卖盘
09:52:25,30.36,0.0,74,224689,卖盘
09:52:27,30.37,0.01,326,989773,买盘
09:52:31,30.37,0.0,55,167013,买盘
09:52:34,30.38,0.01,255,774593,买盘
09:52:37,30.38,0.0,34,103278,买盘
09:52:39,30.38,0.0,325,987419,买盘
09:52:42,30.38,0.0,79,239959,卖盘
09:52:45,30.32,-0.06,1044,3169417,卖盘
09:52:48,30.36,0.04,59,179116,买盘
09:52:52,30.35,-0.01,30,90966,中性盘
09:52:55,30.35,0.0,141,427758,买盘
09:52:57,30.35,0.0,137,415739,买盘
09:53:00,30.35,0.0,125,379449,买盘
09:53:05,30.33,-0.02,94,285222,卖盘
09:53:07,30.35,0.02,38,115276,买盘
09:53:10,30.35,0.0,93,282050,买盘
09:53:12,30.35,0.0,32,97059,买盘
09:53:15,30.32,-0.03,130,394294,卖盘
09:53:18,30.33,0.01,81,245744,中性盘
09:53:22,30.33,0.0,66,200186,卖盘
09:53:25,30.32,-0.01,60,181967,卖盘
09:53:27,30.33,0.01,175,530786,买盘
09:53:31,30.33,0.0,64,194102,卖盘
09:53:33,30.33,0.0,378,1146778,卖盘
09:53:36,30.36,0.03,364,1104684,买盘
09:53:40,30.33,-0.03,513,1557452,卖盘
09:53:43,30.33,0.0,232,703744,卖盘
09:53:46,30.33,0.0,93,282052,买盘
09:53:49,30.34,0.01,199,603671,买盘
09:53:51,30.33,-0.01,113,342702,卖盘
09:53:54,30.32,-0.01,184,557899,卖盘
09:53:58,30.33,0.01,169,512416,买盘
09:54:01,30.32,-0.01,302,915757,卖盘
09:54:04,30.32,0.0,196,594307,卖盘
09:54:07,30.32,0.0,180,545842,卖盘
09:54:09,30.32,0.0,121,366852,卖盘
09:54:12,30.32,0.0,74,224363,买盘
09:54:16,30.32,0.0,131,397070,买盘
09:54:18,30.32,0.0,127,385036,买盘
09:54:21,30.31,-0.01,50,151574,卖盘
09:54:24,30.31,0.0,494,1497394,卖盘
09:54:28,30.31,0.0,637,1930911,买盘
09:54:31,30.3,-0.01,159,481867,卖盘
09:54:34,30.32,0.02,160,485097,买盘
09:54:36,30.3,-0.02,142,430462,卖盘
09:54:39,30.34,0.04,443,1343431,买盘
09:54:43,30.35,0.01,183,555296,买盘
09:54:45,30.35,0.0,174,528354,卖盘
09:54:49,30.4,0.05,62,188288,买盘
09:54:51,30.35,-0.05,145,440402,卖盘
09:54:55,30.4,0.05,19,57680,买盘
09:54:57,30.38,-0.02,69,209535,中性盘
09:55:00,30.35,-0.03,51,154821,卖盘
09:55:04,30.35,0.0,89,270157,卖盘
09:55:07,30.35,0.0,3,9107,卖盘
09:55:10,30.38,0.03,338,1026649,买盘
09:55:13,30.37,-0.01,281,852868,中性盘
09:55:16,30.36,-0.01,257,780492,中性盘
09:55:19,30.37,0.01,63,191329,买盘
09:55:22,30.36,-0.01,55,167043,卖盘
09:55:25,30.38,0.02,84,255116,买盘
09:55:27,30.38,0.0,635,1929129,买盘
09:55:31,30.37,-0.01,528,1604019,卖盘
09:55:33,30.38,0.01,170,516380,买盘
09:55:37,30.36,-0.02,248,753135,卖盘
09:55:40,30.38,0.02,35,106309,买盘
09:55:43,30.38,0.0,111,337119,买盘
09:55:45,30.36,-0.02,92,279363,卖盘
09:55:48,30.38,0.02,58,176178,买盘
09:55:51,30.37,-0.01,104,315754,买盘
09:55:54,30.37,0.0,87,264146,买盘
09:55:57,30.37,0.0,131,397767,买盘
09:56:00,30.36,-0.01,88,267208,卖盘
09:56:04,30.37,0.01,76,230809,买盘
09:56:06,30.35,-0.02,279,847039,卖盘
09:56:10,30.34,-0.01,2055,6236914,卖盘
09:56:12,30.35,0.01,99,300356,中性盘
09:56:16,30.34,-0.01,124,376130,卖盘
09:56:18,30.34,0.0,208,631082,买盘
09:56:21,30.35,0.01,56,169921,买盘
09:56:25,30.33,-0.02,216,655567,卖盘
09:56:28,30.35,0.02,388,1177184,买盘
09:56:30,30.34,-0.01,62,188051,买盘
09:56:33,30.35,0.01,299,907248,买盘
09:56:36,30.31,-0.04,624,1892844,卖盘
09:56:39,30.35,0.04,584,1770279,买盘
09:56:43,30.32,-0.03,73,221273,买盘
09:56:46,30.31,-0.01,664,2012702,卖盘
09:56:49,30.32,0.01,779,2364444,买盘
09:56:51,30.32,0.0,58,176681,卖盘
09:56:54,30.36,0.04,30,90988,中性盘
09:56:58,30.36,0.0,78,236720,卖盘
09:57:00,30.32,-0.04,43,130396,卖盘
09:57:05,30.32,0.0,436,1321177,卖盘
09:57:07,30.32,0.0,186,563918,买盘
09:57:10,30.32,0.0,132,401022,买盘
09:57:13,30.34,0.02,58,175892,中性盘
09:57:15,30.32,-0.02,75,227418,卖盘
09:57:18,30.32,0.0,343,1039987,卖盘
09:57:21,30.33,0.01,79,239525,中性盘
09:57:24,30.37,0.04,1086,3294823,买盘
09:57:27,30.32,-0.05,47,142495,卖盘
09:57:30,30.32,0.0,292,885074,买盘
09:57:33,30.31,-0.01,437,1324599,卖盘
09:57:36,30.32,0.01,173,524420,买盘
09:57:40,30.32,0.0,753,2282133,买盘
09:57:43,30.32,0.0,374,1133592,买盘
09:57:46,30.32,0.0,221,670032,买盘
09:57:48,30.3,-0.02,704,2133424,卖盘
09:57:52,30.31,0.01,949,2874993,买盘
09:57:54,30.3,-0.01,649,1966808,卖盘
09:57:58,30.3,0.0,578,1751521,卖盘
09:58:00,30.29,-0.01,316,957639,卖盘
09:58:04,30.29,0.0,119,361331,卖盘
09:58:07,30.3,0.01,299,904864,买盘
09:58:09,30.28,-0.02,192,581505,卖盘
09:58:12,30.29,0.01,157,475437,买盘
09:58:15,30.28,-0.01,130,393570,买盘
09:58:18,30.28,0.0,155,469254,卖盘
09:58:21,30.28,0.0,122,369379,买盘
09:58:24,30.28,0.0,206,623736,买盘
09:58:28,30.26,-0.02,481,1456160,卖盘
09:58:30,30.28,0.02,206,623899,中性盘
09:58:33,30.27,-0.01,60,181612,买盘
09:58:36,30.27,0.0,35,105914,买盘
09:58:39,30.26,-0.01,113,341986,卖盘
09:58:42,30.25,-0.01,163,492362,卖盘
09:58:45,30.26,0.01,189,571806,买盘
09:58:49,30.26,0.0,138,417521,买盘
09:58:52,30.26,0.0,107,323821,卖盘
09:58:55,30.26,0.0,124,375205,卖盘
09:58:57,30.26,0.0,594,1797985,买盘
09:59:00,30.26,0.0,294,889910,卖盘
09:59:04,30.25,-0.01,282,853262,卖盘
09:59:07,30.26,0.01,82,248093,买盘
09:59:09,30.26,0.0,109,329915,卖盘
09:59:12,30.26,0.0,90,272370,卖盘
09:59:16,30.26,0.0,87,263262,卖盘
09:59:18,30.25,-0.01,53,160385,卖盘
09:59:22,30.26,0.01,73,220883,买盘
09:59:24,30.26,0.0,129,390343,买盘
09:59:28,30.26,0.0,101,305691,卖盘
09:59:30,30.27,0.01,46,139207,买盘
09:59:33,30.26,-0.01,116,351131,卖盘
09:59:37,30.26,0.0,508,1537318,卖盘
09:59:39,30.26,0.0,80,242082,卖盘
09:59:42,30.29,0.03,34,102920,买盘
09:59:46,30.26,-0.03,24,72667,卖盘
09:59:48,30.29,0.03,60,181647,买盘
09:59:52,30.29,0.0,36,109020,买盘
09:59:54,30.27,-0.02,87,263398,卖盘
09:59:58,30.27,0.0,20,60540,买盘
10:00:01,30.26,-0.01,234,708233,卖盘
10:00:04,30.27,0.01,111,336006,买盘
10:00:07,30.28,0.01,149,450937,买盘
10:00:10,30.25,-0.03,186,562838,卖盘
10:00:12,30.26,0.01,43,130098,买盘
10:00:15,30.28,0.02,63,190674,买盘
10:00:18,30.25,-0.03,295,892664,卖盘
10:00:21,30.26,0.01,43,130118,买盘
10:00:24,30.29,0.03,181,547898,买盘
10:00:27,30.26,-0.03,185,559911,卖盘
10:00:30,30.26,0.0,55,166410,买盘
10:00:33,30.28,0.02,297,898616,买盘
10:00:36,30.26,-0.02,126,381212,卖盘
10:00:40,30.28,0.02,209,632762,买盘
10:00:42,30.29,0.01,279,844727,买盘
10:00:45,30.27,-0.02,33,99929,卖盘
10:00:48,30.29,0.02,35,105946,买盘
10:00:51,30.27,-0.02,309,935362,卖盘
10:00:54,30.26,-0.01,55,166459,卖盘
10:00:57,30.27,0.01,10,30269,买盘
10:01:00,30.26,-0.01,44,133164,卖盘
10:01:04,30.26,0.0,230,696113,卖盘
10:01:06,30.26,0.0,26,78677,卖盘
10:01:09,30.27,0.01,177,535707,买盘
10:01:12,30.26,-0.01,195,590254,卖盘
10:01:15,30.26,0.0,78,235992,买盘
10:01:19,30.25,-0.01,463,1401654,卖盘
10:01:22,30.23,-0.02,200,604812,卖盘
10:01:24,30.24,0.01,205,619842,买盘
10:01:27,30.23,-0.01,54,163253,卖盘
10:01:30,30.23,0.0,174,526048,卖盘
10:01:33,30.22,-0.01,386,1165692,卖盘
10:01:36,30.23,0.01,102,308328,买盘
10:01:39,30.23,0.0,185,559091,买盘
10:01:42,30.23,0.0,98,296211,买盘
10:01:46,30.22,-0.01,731,2208986,卖盘
10:01:48,30.21,-0.01,127,385097,卖盘
10:01:51,30.21,0.0,36,108751,买盘
10:01:54,30.2,-0.01,149,450089,卖盘
10:01:57,30.2,0.0,116,350330,卖盘
10:02:01,30.2,0.0,309,933206,卖盘
10:02:05,30.19,-0.01,420,1268337,卖盘
10:02:07,30.19,0.0,181,546334,买盘
10:02:10,30.17,-0.02,230,694118,卖盘
10:02:12,30.16,-0.01,332,1001815,卖盘
10:02:16,30.17,0.01,77,232281,买盘
10:02:18,30.18,0.01,109,328830,买盘
10:02:21,30.16,-0.02,90,271557,卖盘
10:02:24,30.16,0.0,76,229260,卖盘
10:02:27,30.16,0.0,17,51284,卖盘
10:02:30,30.17,0.01,152,458456,中性盘
10:02:33,30.18,0.01,667,2012160,买盘
10:02:36,30.16,-0.02,219,660431,卖盘
10:02:39,30.16,0.0,243,732622,买盘
10:02:42,30.17,0.01,143,431261,买盘
10:02:46,30.16,-0.01,63,190026,卖盘
10:02:48,30.17,0.01,103,310690,中性盘
10:02:52,30.17,0.0,751,2262333,买盘
10:02:55,30.16,-0.01,86,259235,卖盘
10:02:57,30.16,0.0,80,241228,买盘
10:03:01,30.16,0.0,96,289486,买盘
10:03:05,30.13,-0.03,386,1163040,卖盘
10:03:07,30.13,0.0,146,439845,买盘
10:03:10,30.13,0.0,434,1307294,买盘
10:03:13,30.13,0.0,604,1820162,买盘
10:03:16,30.12,-0.01,100,301230,卖盘
10:03:18,30.13,0.01,601,1810416,买盘
10:03:21,30.15,0.02,707,2129529,买盘
10:03:24,30.12,-0.03,178,536329,卖盘
10:03:27,30.13,0.01,523,1575674,买盘
10:03:31,30.13,0.0,90,271190,卖盘
10:03:33,30.15,0.02,502,1513322,买盘
10:03:37,30.12,-0.03,86,259012,卖盘
10:03:39,30.12,0.0,109,328434,卖盘
10:03:42,30.12,0.0,219,659655,买盘
10:03:46,30.12,0.0,280,843140,卖盘
10:03:48,30.12,0.0,505,1521409,卖盘
10:03:51,30.12,0.0,191,575308,卖盘
10:03:54,30.12,0.0,229,689853,卖盘
10:03:57,30.12,0.0,519,1563269,卖盘
10:04:01,30.12,0.0,236,710809,买盘
10:04:05,30.12,0.0,44,132576,卖盘
10:04:06,30.12,0.0,599,1804234,卖盘
10:04:10,30.14,0.02,75,225948,买盘
10:04:13,30.12,-0.02,355,1069867,卖盘
10:04:15,30.12,0.0,80,241000,卖盘
10:04:19,30.12,0.0,475,1430738,卖盘
10:04:21,30.14,0.02,37,111536,中性盘
10:04:24,30.15,0.01,354,1067289,买盘
10:04:28,30.15,0.0,125,376845,买盘
10:04:30,30.15,0.0,32,96471,卖盘
10:04:34,30.15,0.0,141,425122,卖盘
10:04:36,30.15,0.0,118,355836,卖盘
10:04:40,30.16,0.01,148,446286,买盘
10:04:43,30.16,0.0,414,1249475,买盘
10:04:46,30.16,0.0,107,322732,卖盘
10:04:48,30.17,0.01,162,488610,买盘
10:04:51,30.16,-0.01,79,238308,卖盘
10:04:54,30.17,0.01,298,899099,买盘
10:04:57,30.2,0.03,695,2098242,买盘
10:05:00,30.21,0.01,35,105709,买盘
10:05:05,30.2,-0.01,142,429019,卖盘
10:05:07,30.23,0.03,32,96707,买盘
10:05:10,30.21,-0.02,160,483351,卖盘
10:05:13,30.23,0.02,70,211479,买盘
10:05:15,30.23,0.0,122,368664,买盘
10:05:19,30.24,0.01,55,166209,买盘
10:05:21,30.23,-0.01,91,275066,卖盘
10:05:24,30.24,0.01,250,755958,买盘
10:05:27,30.23,-0.01,122,368932,卖盘
10:05:30,30.25,0.02,265,801236,买盘
10:05:34,30.24,-0.01,188,568562,买盘
10:05:36,30.24,0.0,77,232752,买盘
10:05:39,30.23,-0.01,96,290280,卖盘
10:05:42,30.24,0.01,124,375125,买盘
10:05:46,30.24,0.0,103,311420,卖盘
10:05:49,30.24,0.0,136,411432,卖盘
10:05:52,30.23,-0.01,137,414495,卖盘
10:05:54,30.27,0.04,181,547814,买盘
10:05:58,30.28,0.01,100,302697,买盘
10:06:01,30.3,0.02,469,1420774,买盘
10:06:05,30.29,-0.01,240,727202,卖盘
10:06:07,30.31,0.02,35,106000,买盘
10:06:09,30.29,-0.02,49,148323,买盘
10:06:12,30.25,-0.04,198,599053,卖盘
10:06:15,30.25,0.0,327,989021,买盘
10:06:18,30.24,-0.01,106,320574,卖盘
10:06:21,30.3,0.06,260,786779,买盘
10:06:24,30.29,-0.01,70,212048,卖盘
10:06:27,30.29,0.0,497,1503979,买盘
10:06:30,30.29,0.0,27,81780,买盘
10:06:33,30.27,-0.02,71,214889,中性盘
10:06:37,30.26,-0.01,59,178588,卖盘
10:06:39,30.26,0.0,215,651328,卖盘
10:06:43,30.26,0.0,136,411678,卖盘
10:06:46,30.26,0.0,107,323792,卖盘
10:06:49,30.32,0.06,253,766143,买盘
10:06:51,30.29,-0.03,90,272714,卖盘
10:06:54,30.3,0.01,139,421217,中性盘
10:06:57,30.3,0.0,133,403180,卖盘
10:07:01,30.28,-0.02,198,599732,中性盘
10:07:05,30.25,-0.03,497,1504211,卖盘
10:07:07,30.25,0.0,169,511284,卖盘
10:07:10,30.25,0.0,96,290374,卖盘
10:07:12,30.26,0.01,371,1122465,买盘
10:07:15,30.23,-0.03,59,178421,卖盘
10:07:18,30.24,0.01,82,248001,中性盘
10:07:21,30.24,0.0,98,296249,买盘
10:07:25,30.24,0.0,43,130007,买盘
10:07:27,30.22,-0.02,176,532110,卖盘
10:07:30,30.23,0.01,35,105791,中性盘
10:07:34,30.22,-0.01,97,293172,卖盘
10:07:37,30.22,0.0,123,371888,卖盘
10:07:40,30.22,0.0,93,281099,卖盘
10:07:43,30.23,0.01,176,531927,买盘
10:07:46,30.22,-0.01,189,571307,卖盘
10:07:49,30.22,0.0,74,223679,卖盘
10:07:51,30.22,0.0,63,190409,卖盘
10:07:54,30.22,0.0,103,311286,卖盘
10:07:58,30.22,0.0,142,429119,卖盘
10:08:00,30.21,-0.01,216,652784,卖盘
10:08:04,30.23,0.02,125,377873,买盘
10:08:06,30.21,-0.02,24,72565,卖盘
10:08:10,30.21,0.0,92,277998,卖盘
10:08:13,30.23,0.02,195,589342,买盘
10:08:16,30.23,0.0,25,75575,买盘
10:08:18,30.21,-0.02,31,93691,卖盘
10:08:21,30.21,0.0,4027,12162179,卖盘
10:08:25,30.2,-0.01,607,1833473,卖盘
10:08:27,30.2,0.0,1830,5526581,卖盘
10:08:31,30.21,0.01,125,377622,买盘
10:08:34,30.21,0.0,85,256869,卖盘
10:08:37,30.21,0.0,68,205468,卖盘
10:08:40,30.21,0.0,56,169176,卖盘
10:08:42,30.21,0.0,85,256798,卖盘
10:08:46,30.23,0.02,119,359445,买盘
10:08:49,30.19,-0.04,42,126840,卖盘
10:08:52,30.2,0.01,202,609813,中性盘
10:08:55,30.18,-0.02,109,329078,卖盘
10:08:57,30.23,0.05,160,483415,买盘
10:09:00,30.2,-0.03,119,359673,卖盘
10:09:04,30.21,0.01,587,1774832,卖盘
10:09:07,30.23,0.02,32,96645,中性盘
10:09:10,30.22,-0.01,67,202454,买盘
10:09:12,30.19,-0.03,109,329327,卖盘
10:09:15,30.2,0.01,27,81546,买盘
10:09:19,30.2,0.0,65,196290,卖盘
10:09:22,30.18,-0.02,103,310994,卖盘
10:09:24,30.29,0.11,1794,5420881,买盘
10:09:27,30.2,-0.09,1011,3062885,中性盘
10:09:30,30.23,0.03,74,223727,卖盘
10:09:33,30.26,0.03,26,78684,卖盘
10:09:36,30.25,-0.01,62,187631,卖盘
10:09:39,30.3,0.05,1306,3957005,买盘
10:09:42,30.3,0.0,92,278842,卖盘
10:09:45,30.31,0.01,51,154563,中性盘
10:09:49,30.28,-0.03,235,711942,卖盘
10:09:51,30.26,-0.02,16,48446,卖盘
10:09:54,30.27,0.01,62,187688,中性盘
10:09:57,30.25,-0.02,34,102857,卖盘
10:10:00,30.26,0.01,30,90784,买盘
10:10:04,30.25,-0.01,275,831944,卖盘
10:10:06,30.26,0.01,444,1343112,中性盘
10:10:09,30.26,0.0,90,272265,买盘
10:10:13,30.26,0.0,1187,3596934,买盘
10:10:15,30.26,0.0,81,245089,卖盘
10:10:18,30.27,0.01,188,568865,中性盘
10:10:22,30.23,-0.04,45,136189,卖盘
10:10:24,30.24,0.01,272,822778,中性盘
10:10:28,30.26,0.02,264,799061,买盘
10:10:30,30.26,0.0,27,81665,卖盘
10:10:34,30.24,-0.02,33,99837,卖盘
10:10:36,30.25,0.01,21,63523,卖盘
10:10:39,30.24,-0.01,220,666390,卖盘
10:10:43,30.25,0.01,45,136133,卖盘
10:10:46,30.25,0.0,65,196628,卖盘
10:10:48,30.26,0.01,146,441706,买盘
10:10:51,30.25,-0.01,108,326718,卖盘
10:10:54,30.26,0.01,283,856317,买盘
10:10:57,30.25,-0.01,92,278300,卖盘
10:11:00,30.25,0.0,82,248069,卖盘
10:11:04,30.26,0.01,44,133119,买盘
10:11:06,30.26,0.0,140,423573,买盘
10:11:10,30.24,-0.02,197,595912,卖盘
10:11:13,30.28,0.04,246,744411,买盘
10:11:16,30.28,0.0,38,115064,卖盘
10:11:18,30.28,0.0,133,402726,卖盘
10:11:21,30.26,-0.02,65,196785,卖盘
10:11:24,30.27,0.01,19,57527,买盘
10:11:28,30.26,-0.01,75,227043,卖盘
10:11:31,30.27,0.01,1061,3211665,中性盘
10:11:33,30.26,-0.01,188,569052,卖盘
10:11:37,30.26,0.0,239,723265,卖盘
10:11:40,30.26,0.0,236,714307,卖盘
10:11:42,30.26,0.0,811,2454228,卖盘
10:11:46,30.27,0.01,67,202824,中性盘
10:11:48,30.27,0.0,26,78703,卖盘
10:11:51,30.28,0.01,23,69624,买盘
10:11:54,30.32,0.04,1798,5449612,买盘
10:11:57,30.32,0.0,87,263787,卖盘
10:12:01,30.32,0.0,14,42460,卖盘
10:12:04,30.33,0.01,35,106129,买盘
10:12:07,30.32,-0.01,637,1931891,卖盘
10:12:09,30.29,-0.03,405,1227899,卖盘
10:12:12,30.3,0.01,44,133401,中性盘
10:12:15,30.35,0.05,1036,3143068,买盘
10:12:19,30.32,-0.03,61,185097,卖盘
10:12:22,30.31,-0.01,73,221437,卖盘
10:12:24,30.3,-0.01,33,100029,卖盘
10:12:28,30.32,0.02,48,145580,卖盘
10:12:31,30.33,0.01,27,81866,买盘
10:12:33,30.32,-0.01,57,172845,卖盘
10:12:37,30.31,-0.01,54,163711,卖盘
10:12:40,30.32,0.01,51,154566,买盘
10:12:42,30.32,0.0,36,109104,买盘
10:12:46,30.29,-0.03,52,157570,卖盘
10:12:49,30.31,0.02,65,196969,买盘
10:12:51,30.31,0.0,56,169676,买盘
10:12:54,30.31,0.0,442,1340028,买盘
10:12:57,30.29,-0.02,46,139375,卖盘
10:13:00,30.28,-0.01,113,342278,卖盘
10:13:04,30.3,0.02,62,187773,买盘
10:13:06,30.3,0.0,36,109018,买盘
10:13:10,30.28,-0.02,103,311990,卖盘
10:13:12,30.28,0.0,166,502730,卖盘
10:13:15,30.28,0.0,61,184684,卖盘
10:13:18,30.3,0.02,842,2551152,买盘
10:13:22,30.3,0.0,287,869624,卖盘
10:13:25,30.3,0.0,54,163639,卖盘
10:13:27,30.3,0.0,46,139388,卖盘
10:13:31,30.3,0.0,33,99991,卖盘
10:13:33,30.3,0.0,363,1100191,卖盘
10:13:36,30.31,0.01,41,124268,中性盘
10:13:40,30.32,0.01,323,979002,买盘
10:13:42,30.32,0.0,960,2909358,卖盘
10:13:46,30.3,-0.02,47,142478,卖盘
10:13:48,30.3,0.0,3,9093,卖盘
10:13:51,30.3,0.0,44,131472,卖盘
10:13:54,30.3,0.0,123,372836,卖盘
10:13:58,30.3,0.0,320,970173,卖盘
10:14:00,30.32,0.02,33,100003,买盘
10:14:04,30.32,0.0,85,257619,买盘
10:14:06,30.31,-0.01,67,202939,卖盘
10:14:09,30.28,-0.03,1316,3989658,买盘
10:14:12,30.29,0.01,15,45434,买盘
10:14:16,30.27,-0.02,1476,4469320,卖盘
10:14:18,30.28,0.01,138,417869,买盘
10:14:21,30.28,0.0,105,317902,买盘
10:14:24,30.3,0.02,141,427011,买盘
10:14:27,30.29,-0.01,101,305852,卖盘
10:14:30,30.3,0.01,390,1181605,买盘
10:14:33,30.29,-0.01,565,1709312,中性盘
10:14:36,30.28,-0.01,291,881163,卖盘
10:14:39,30.29,0.01,159,484070,中性盘
10:14:42,30.27,-0.02,35,105977,卖盘
10:14:45,30.3,0.03,464,1403941,买盘
10:14:48,30.3,0.0,318,965662,卖盘
10:14:51,30.3,0.0,361,1093859,卖盘
10:14:54,30.3,0.0,72,218190,卖盘
10:14:57,30.31,0.01,23,69703,中性盘
10:15:00,30.3,-0.01,776,2351307,卖盘
10:15:04,30.3,0.0,158,478562,卖盘
10:15:07,30.29,-0.01,61,184758,中性盘
10:15:10,30.29,0.0,479,1449966,买盘
10:15:12,30.29,0.0,36,109002,买盘
10:15:15,30.27,-0.02,721,2181494,卖盘
10:15:18,30.28,0.01,54,163483,买盘
10:15:22,30.28,0.0,39,118083,买盘
10:15:25,30.28,0.0,163,493526,买盘
10:15:27,30.28,0.0,54,163534,卖盘
10:15:31,30.27,-0.01,552,1671375,卖盘
10:15:33,30.27,0.0,15,45404,买盘
10:15:36,30.3,0.03,301,912860,买盘
10:15:39,30.3,0.0,593,1795361,卖盘
10:15:42,30.27,-0.03,73,221057,卖盘
10:15:46,30.27,0.0,54,163486,卖盘
10:15:48,30.28,0.01,57,172569,中性盘
10:15:52,30.28,0.0,53,160470,卖盘
10:15:55,30.28,0.0,24,72671,买盘
10:15:57,30.3,0.02,37,111105,买盘
10:16:00,30.27,-0.03,237,718242,卖盘
10:16:04,30.27,0.0,49,148323,买盘
10:16:06,30.26,-0.01,62,187660,卖盘
10:16:09,30.25,-0.01,160,483177,卖盘
10:16:12,30.26,0.01,41,124043,买盘
10:16:16,30.25,-0.01,248,750211,卖盘
10:16:19,30.25,0.0,160,484005,卖盘
10:16:21,30.25,0.0,231,698670,卖盘
10:16:24,30.26,0.01,449,1358400,买盘
10:16:27,30.26,0.0,93,281267,卖盘
10:16:30,30.25,-0.01,46,139499,卖盘
10:16:33,30.24,-0.01,14,42353,卖盘
10:16:36,30.25,0.01,976,2954192,买盘
10:16:40,30.24,-0.01,50,151234,卖盘
10:16:42,30.23,-0.01,29,87676,卖盘
10:16:46,30.22,-0.01,513,1551102,卖盘
10:16:49,30.22,0.0,99,299202,卖盘
10:16:51,30.26,0.04,391,1182308,买盘
10:16:55,30.26,0.0,350,1059570,卖盘
10:16:57,30.27,0.01,39,118017,买盘
10:17:00,30.26,-0.01,50,151305,卖盘
10:17:05,30.26,0.0,460,1392214,卖盘
10:17:07,30.26,0.0,272,823007,卖盘
10:17:10,30.27,0.01,172,520838,买盘
10:17:12,30.27,0.0,95,287545,买盘
10:17:16,30.26,-0.01,264,798890,卖盘
10:17:19,30.23,-0.03,120,363114,卖盘
10:17:22,30.26,0.03,16,48431,中性盘
10:17:24,30.26,0.0,174,526507,卖盘
10:17:28,30.23,-0.03,30,90687,卖盘
10:17:31,30.22,-0.01,105,317556,卖盘
10:17:33,30.23,0.01,115,347942,卖盘
10:17:36,30.26,0.03,116,351219,买盘
10:17:39,30.26,0.0,28,84729,卖盘
10:17:43,30.3,0.04,139,421060,买盘
10:17:45,30.3,0.0,143,432726,买盘
10:17:48,30.26,-0.04,196,593113,卖盘
10:17:51,30.26,0.0,63,190474,卖盘
10:17:54,30.3,0.04,139,421114,买盘
10:17:57,30.27,-0.03,54,163431,卖盘
10:18:00,30.25,-0.02,115,347950,卖盘
10:18:05,30.26,0.01,359,1086822,买盘
10:18:07,30.23,-0.03,30,90734,卖盘
10:18:10,30.25,0.02,115,347684,买盘
10:18:13,30.22,-0.03,36,108837,卖盘
10:18:16,30.22,0.0,61,184398,卖盘
10:18:18,30.22,0.0,49,149384,卖盘
10:18:22,30.23,0.01,98,296164,买盘
10:18:24,30.21,-0.02,406,1225524,卖盘
10:18:27,30.21,0.0,413,1248359,卖盘
10:18:30,30.21,0.0,37,111786,卖盘
10:18:33,30.22,0.01,175,528441,买盘
10:18:37,30.22,0.0,44,132972,卖盘
10:18:40,30.24,0.02,249,754122,买盘
10:18:42,30.25,0.01,157,473568,买盘
10:18:46,30.25,0.0,145,438553,买盘
10:18:48,30.22,-0.03,50,151113,卖盘
10:18:52,30.22,0.0,472,1426822,卖盘
10:18:55,30.22,0.0,63,190366,买盘
10:18:58,30.23,0.01,287,867734,买盘
10:19:00,30.21,-0.02,51,154117,卖盘
10:19:04,30.22,0.01,164,495598,买盘
10:19:06,30.21,-0.01,58,175223,卖盘
10:19:09,30.21,0.0,325,981868,卖盘
10:19:12,30.22,0.01,146,441242,买盘
10:19:15,30.22,0.0,124,374728,卖盘
10:19:19,30.22,0.0,42,126936,卖盘
10:19:22,30.25,0.03,32,97335,买盘
10:19:25,30.22,-0.03,309,933813,卖盘
10:19:28,30.25,0.03,93,280629,买盘
10:19:30,30.25,0.0,179,541881,卖盘
10:19:33,30.22,-0.03,163,492814,中性盘
10:19:36,30.21,-0.01,311,941388,卖盘
10:19:40,30.27,0.06,92,278522,买盘
10:19:42,30.22,-0.05,121,365650,卖盘
10:19:46,30.22,0.0,86,259837,买盘
10:19:48,30.25,0.03,188,568409,买盘
10:19:51,30.25,0.0,173,523026,卖盘
10:19:55,30.25,0.0,433,1309226,卖盘
10:19:57,30.25,0.0,73,222056,买盘
10:20:00,30.25,0.0,106,320347,卖盘
10:20:04,30.25,0.0,183,553402,买盘
10:20:07,30.22,-0.03,159,479160,卖盘
10:20:10,30.22,0.0,996,3013741,卖盘
10:20:12,30.22,0.0,38,116358,卖盘
10:20:16,30.25,0.03,78,235926,买盘
10:20:18,30.22,-0.03,108,326433,卖盘
10:20:21,30.23,0.01,77,232735,买盘
10:20:24,30.23,0.0,101,304557,卖盘
10:20:27,30.21,-0.02,1066,3226848,卖盘
10:20:30,30.21,0.0,208,628248,卖盘
10:20:33,30.21,0.0,919,2775126,买盘
10:20:36,30.2,-0.01,557,1682140,卖盘
10:20:40,30.2,0.0,242,730832,卖盘
10:20:42,30.2,0.0,117,353234,买盘
10:20:45,30.2,0.0,123,373189,买盘
10:20:48,30.19,-0.01,192,579837,卖盘
10:20:52,30.2,0.01,219,661654,中性盘
10:20:54,30.21,0.01,494,1491429,买盘
10:20:58,30.19,-0.02,82,247542,卖盘
10:21:01,30.19,0.0,120,362261,买盘
10:21:04,30.19,0.0,77,232512,卖盘
10:21:07,30.19,0.0,30,90571,卖盘
10:21:10,30.19,0.0,143,431806,卖盘
10:21:12,30.2,0.01,30,90582,中性盘
10:21:15,30.19,-0.01,132,398585,卖盘
10:21:18,30.18,-0.01,257,775859,卖盘
10:21:21,30.18,0.0,91,274705,卖盘
10:21:24,30.18,0.0,1739,5248347,卖盘
10:21:27,30.18,0.0,63,190150,卖盘
10:21:30,30.19,0.01,165,497984,买盘
10:21:33,30.19,0.0,90,271649,买盘
10:21:36,30.19,0.0,357,1077852,买盘
10:21:39,30.19,0.0,44,132842,卖盘
10:21:42,30.19,0.0,34,102724,卖盘
10:21:45,30.19,0.0,30,90574,卖盘
10:21:49,30.19,0.0,49,147933,卖盘
10:21:51,30.19,0.0,68,205323,卖盘
10:21:54,30.19,0.0,96,289873,卖盘
10:21:58,30.18,-0.01,92,277740,卖盘
10:22:00,30.19,0.01,52,156972,买盘
10:22:04,30.19,0.0,296,893577,买盘
10:22:06,30.18,-0.01,559,1687091,卖盘
10:22:10,30.18,0.0,198,597622,卖盘
10:22:13,30.21,0.03,115,347186,买盘
10:22:15,30.19,-0.02,146,440671,中性盘
10:22:19,30.21,0.02,273,823219,买盘
10:22:21,30.21,0.0,57,172175,卖盘
10:22:25,30.22,0.01,109,329231,买盘
10:22:27,30.19,-0.03,121,365516,卖盘
10:22:30,30.18,-0.01,110,332086,卖盘
10:22:33,30.22,0.04,188,568038,买盘
10:22:36,30.2,-0.02,43,129870,卖盘
10:22:39,30.2,0.0,157,474151,卖盘
10:22:42,30.2,0.0,159,480311,卖盘
10:22:45,30.21,0.01,20,60164,买盘
10:22:49,30.2,-0.01,137,413799,卖盘
10:22:52,30.21,0.01,114,344275,买盘
10:22:54,30.2,-0.01,63,190254,卖盘
10:22:58,30.21,0.01,74,223594,中性盘
10:23:00,30.21,0.0,349,1055153,卖盘
10:23:05,30.24,0.03,126,380813,中性盘
10:23:07,30.21,-0.03,101,305240,卖盘
10:23:10,30.21,0.0,107,323468,卖盘
10:23:13,30.21,0.0,248,748135,卖盘
10:23:16,30.22,0.01,45,135928,买盘
10:23:18,30.19,-0.03,175,528791,卖盘
10:23:21,30.21,0.02,8,24167,卖盘
10:23:24,30.25,0.04,170,513930,买盘
10:23:28,30.2,-0.05,169,510659,卖盘
10:23:30,30.19,-0.01,126,380996,卖盘
10:23:33,30.21,0.02,97,293298,卖盘
10:23:37,30.21,0.0,92,277932,卖盘
10:23:40,30.21,0.0,40,120878,卖盘
10:23:43,30.2,-0.01,175,528078,卖盘
10:23:46,30.21,0.01,31,93651,买盘
10:23:48,30.2,-0.01,121,365541,卖盘
10:23:51,30.22,0.02,221,667434,买盘
10:23:55,30.2,-0.02,99,299125,卖盘
10:23:57,30.21,0.01,230,695028,买盘
10:24:01,30.2,-0.01,304,919121,卖盘
10:24:04,30.19,-0.01,147,444135,卖盘
10:24:07,30.2,0.01,46,138924,买盘
10:24:10,30.19,-0.01,75,226495,卖盘
10:24:13,30.22,0.03,137,413898,买盘
10:24:16,30.2,-0.02,60,181502,卖盘
10:24:18,30.21,0.01,44,132930,中性盘
10:24:21,30.22,0.01,80,241745,买盘
10:24:25,30.22,0.0,121,365180,买盘
10:24:28,30.21,-0.01,54,163163,卖盘
10:24:31,30.21,0.0,74,223554,卖盘
10:24:34,30.26,0.05,243,735162,买盘
10:24:36,30.21,-0.05,2927,8834680,卖盘
10:24:40,30.21,0.0,86,259672,买盘
10:24:42,30.21,0.0,185,558731,买盘
10:24:45,30.17,-0.04,68,204344,卖盘
10:24:49,30.18,0.01,56,168994,卖盘
10:24:51,30.18,0.0,119,362122,买盘
10:24:54,30.19,0.01,335,1010922,中性盘
10:24:57,30.18,-0.01,93,280776,卖盘
10:25:00,30.17,-0.01,400,1207634,卖盘
10:25:04,30.19,0.02,45,135850,买盘
10:25:07,30.18,-0.01,68,205222,卖盘
10:25:09,30.18,0.0,114,343980,卖盘
10:25:13,30.18,0.0,72,214841,买盘
10:25:15,30.18,0.0,33,102022,卖盘
10:25:18,30.17,-0.01,73,220243,卖盘
10:25:21,30.17,0.0,197,594488,卖盘
10:25:24,30.18,0.01,246,742422,买盘
10:25:27,30.18,0.0,128,386313,卖盘
10:25:30,30.18,0.0,247,746244,卖盘
10:25:34,30.18,0.0,73,220294,买盘
10:25:37,30.16,-0.02,55,165942,卖盘
10:25:39,30.18,0.02,111,334836,买盘
10:25:43,30.16,-0.02,99,298815,卖盘
10:25:45,30.22,0.06,77,232384,买盘
10:25:48,30.17,-0.05,79,238448,中性盘
10:25:52,30.22,0.05,31,93584,中性盘
10:25:55,30.22,0.0,89,268842,卖盘
10:25:57,30.22,0.0,43,129763,买盘
10:26:01,30.16,-0.06,132,398188,卖盘
10:26:04,30.16,0.0,693,2090226,卖盘
10:26:06,30.18,0.02,42,126713,买盘
10:26:09,30.18,0.0,173,521835,买盘
10:26:12,30.19,0.01,348,1050953,买盘
10:26:16,30.18,-0.01,198,598160,卖盘
10:26:18,30.17,-0.01,91,274626,卖盘
10:26:22,30.16,-0.01,48,144793,卖盘
10:26:24,30.17,0.01,65,196137,卖盘
10:26:27,30.15,-0.02,957,2885947,卖盘
10:26:30,30.17,0.02,184,554922,买盘
10:26:33,30.17,0.0,247,745222,卖盘
10:26:36,30.16,-0.01,255,769047,卖盘
10:26:39,30.16,0.0,205,618092,买盘
10:26:42,30.16,0.0,174,524704,买盘
10:26:46,30.16,0.0,304,916890,买盘
10:26:49,30.17,0.01,111,334924,中性盘
10:26:51,30.18,0.01,186,561217,买盘
10:26:54,30.19,0.01,50,149095,买盘
10:26:57,30.17,-0.02,80,241392,卖盘
10:27:00,30.16,-0.01,334,1008860,卖盘
10:27:04,30.17,0.01,52,156864,买盘
10:27:07,30.17,0.0,82,247383,买盘
10:27:09,30.17,0.0,89,268448,买盘
10:27:12,30.16,-0.01,99,298607,卖盘
10:27:15,30.17,0.01,78,235358,中性盘
10:27:19,30.16,-0.01,214,645827,卖盘
10:27:22,30.16,0.0,67,202123,卖盘
10:27:24,30.19,0.03,74,223327,买盘
10:27:27,30.16,-0.03,177,535269,卖盘
10:27:30,30.16,0.0,115,346852,卖盘
10:27:33,30.17,0.01,253,761289,买盘
10:27:37,30.17,0.0,94,283514,买盘
10:27:40,30.17,0.0,95,286594,买盘
10:27:42,30.17,0.0,51,153965,买盘
10:27:46,30.16,-0.01,117,353013,卖盘
10:27:48,30.18,0.02,74,223221,中性盘
10:27:52,30.18,0.0,62,187085,买盘
10:27:55,30.21,0.03,66,199150,买盘
10:27:57,30.21,0.0,157,474262,买盘
10:28:00,30.16,-0.05,162,488925,卖盘
10:28:04,30.16,0.0,118,356127,卖盘
10:28:06,30.19,0.03,1382,4169532,买盘
10:28:09,30.16,-0.03,79,238381,卖盘
10:28:12,30.23,0.07,276,833945,买盘
10:28:15,30.19,-0.04,59,178053,卖盘
10:28:19,30.17,-0.02,149,450240,卖盘
10:28:22,30.17,0.0,1569,4728206,买盘
10:28:25,30.24,0.07,274,828136,买盘
10:28:28,30.15,-0.09,113,340811,卖盘
10:28:30,30.17,0.02,104,313509,买盘
10:28:33,30.15,-0.02,215,648352,中性盘
10:28:37,30.15,0.0,2793,8408106,买盘
10:28:40,30.15,0.0,281,847363,买盘
10:28:43,30.21,0.06,353,1066009,买盘
10:28:45,30.15,-0.06,273,824425,卖盘
10:28:48,30.14,-0.01,239,721938,卖盘
10:28:51,30.23,0.09,202,609283,中性盘
10:28:54,30.23,0.0,250,755781,买盘
10:28:57,30.11,-0.12,550,1654959,卖盘
10:29:00,30.16,0.05,176,530710,买盘
10:29:04,30.23,0.07,94,283580,买盘
10:29:07,30.15,-0.08,150,452397,卖盘
10:29:10,30.23,0.08,106,319603,买盘
10:29:12,30.23,0.0,124,374669,买盘
10:29:15,30.15,-0.08,57,171963,卖盘
10:29:18,30.14,-0.01,129,389466,卖盘
10:29:21,30.16,0.02,66,198970,买盘
10:29:24,30.16,0.0,36,108780,卖盘
10:29:27,30.17,0.01,136,410881,卖盘
10:29:30,30.17,0.0,86,259547,卖盘
10:29:33,30.16,-0.01,130,392604,卖盘
10:29:36,30.2,0.04,16,48326,买盘
10:29:39,30.2,0.0,113,341109,买盘
10:29:43,30.22,0.02,148,446992,买盘
10:29:45,30.15,-0.07,73,220294,卖盘
10:29:48,30.14,-0.01,142,428185,卖盘
10:29:52,30.14,0.0,161,485816,卖盘
10:29:55,30.18,0.04,74,223446,中性盘
10:29:58,30.15,-0.03,49,147914,卖盘
10:30:00,30.15,0.0,225,679342,卖盘
10:30:04,30.15,0.0,95,286525,卖盘
10:30:06,30.15,0.0,65,196168,卖盘
10:30:09,30.15,0.0,184,555201,卖盘
10:30:12,30.23,0.08,101,305065,买盘
10:30:16,30.15,-0.08,63,190173,卖盘
10:30:19,30.15,0.0,66,199032,卖盘
10:30:22,30.15,0.0,116,350400,卖盘
10:30:25,30.18,0.03,17,51297,中性盘
10:30:27,30.18,0.0,629,1897497,买盘
10:30:30,30.15,-0.03,95,286494,卖盘
10:30:34,30.15,0.0,185,557990,买盘
10:30:37,30.14,-0.01,106,319636,卖盘
10:30:40,30.13,-0.01,461,1390335,卖盘
10:30:43,30.14,0.01,97,292374,卖盘
10:30:46,30.15,0.01,515,1552391,买盘
10:30:48,30.15,0.0,446,1347088,卖盘
10:30:52,30.13,-0.02,496,1494559,卖盘
10:30:55,30.13,0.0,98,295233,买盘
10:30:58,30.14,0.01,72,217028,买盘
10:31:01,30.13,-0.01,104,313443,卖盘
10:31:04,30.13,0.0,52,156705,卖盘
10:31:07,30.14,0.01,289,871496,买盘
10:31:10,30.13,-0.01,843,2538900,卖盘
10:31:13,30.14,0.01,258,777137,中性盘
10:31:15,30.15,0.01,342,1030118,买盘
10:31:18,30.13,-0.02,117,352522,卖盘
10:31:21,30.12,-0.01,67,201810,卖盘
10:31:24,30.14,0.02,16,48217,买盘
10:31:27,30.12,-0.02,147,443046,卖盘
10:31:30,30.12,0.0,167,502830,中性盘
10:31:34,30.1,-0.02,282,849573,卖盘
10:31:36,30.13,0.03,88,265101,买盘
10:31:40,30.1,-0.03,99,298044,卖盘
10:31:43,30.1,0.0,65,195685,卖盘
10:31:46,30.11,0.01,38,114398,买盘
10:31:48,30.11,0.0,165,496705,买盘
10:31:52,30.1,-0.01,1014,3051702,卖盘
10:31:54,30.11,0.01,282,849088,买盘
10:31:58,30.11,0.0,301,906322,买盘
10:32:00,30.1,-0.01,257,773501,卖盘
10:32:05,30.11,0.01,108,325033,买盘
10:32:07,30.11,0.0,82,246872,买盘
10:32:10,30.1,-0.01,62,186661,卖盘
10:32:12,30.1,0.0,280,843251,卖盘
10:32:16,30.11,0.01,23,69255,卖盘
10:32:18,30.11,0.0,100,301113,卖盘
10:32:21,30.11,0.0,59,177272,买盘
10:32:24,30.12,0.01,75,225825,买盘
10:32:27,30.11,-0.01,98,295098,卖盘
10:32:31,30.11,0.0,244,734868,卖盘
10:32:33,30.1,-0.01,1168,3517427,卖盘
10:32:36,30.17,0.07,130,391965,买盘
10:32:40,30.16,-0.01,108,325914,卖盘
10:32:42,30.11,-0.05,137,413219,卖盘
10:32:45,30.16,0.05,66,198961,中性盘
10:32:49,30.19,0.03,141,425313,买盘
10:32:52,30.22,0.03,242,729664,买盘
10:32:55,30.21,-0.01,108,326089,中性盘
10:32:57,30.2,-0.01,81,244699,中性盘
10:33:01,30.19,-0.01,124,374325,卖盘
10:33:04,30.19,0.0,96,289672,中性盘
10:33:06,30.2,0.01,79,238557,买盘
10:33:10,30.15,-0.05,238,718487,卖盘
10:33:12,30.2,0.05,192,579987,买盘
10:33:16,30.18,-0.02,172,519394,卖盘
10:33:18,30.18,0.0,6,18108,买盘
10:33:22,30.18,0.0,503,1517781,买盘
10:33:25,30.16,-0.02,65,196075,卖盘
10:33:27,30.18,0.02,187,564258,买盘
10:33:30,30.16,-0.02,31,93496,卖盘
10:33:33,30.18,0.02,609,1837964,买盘
10:33:37,30.23,0.05,87,261179,买盘
10:33:40,30.2,-0.03,78,235481,中性盘
10:33:42,30.17,-0.03,91,274605,卖盘
10:33:45,30.2,0.03,76,229403,买盘
10:33:48,30.2,0.0,65,196152,买盘
10:33:51,30.15,-0.05,116,349825,卖盘
10:33:54,30.17,0.02,56,168859,中性盘
10:33:57,30.14,-0.03,201,606091,卖盘
10:34:00,30.14,0.0,382,1150996,买盘
10:34:05,30.12,-0.02,429,1292919,卖盘
10:34:07,30.14,0.02,223,672112,买盘
10:34:09,30.13,-0.01,271,818635,卖盘
10:34:13,30.13,0.0,131,395068,卖盘
10:34:15,30.14,0.01,209,629729,中性盘
10:34:18,30.16,0.02,191,576229,买盘
10:34:21,30.14,-0.02,219,660566,卖盘
10:34:24,30.17,0.03,124,374029,买盘
10:34:28,30.2,0.03,142,428310,买盘
10:34:31,30.19,-0.01,100,301830,中性盘
10:34:33,30.23,0.04,103,311132,买盘
10:34:37,30.23,0.0,33,99699,买盘
10:34:40,30.18,-0.05,790,2385773,卖盘
10:34:42,30.17,-0.01,188,567201,卖盘
10:34:45,30.18,0.01,36,108606,买盘
10:34:48,30.18,0.0,150,452625,买盘
10:34:52,30.18,0.0,213,642776,买盘
10:34:54,30.19,0.01,98,295674,买盘
10:34:58,30.19,0.0,66,199234,买盘
10:35:01,30.19,0.0,227,685161,买盘
10:35:04,30.22,0.03,80,241595,买盘
10:35:07,30.23,0.01,140,423062,买盘
10:35:10,30.19,-0.04,85,256840,卖盘
10:35:12,30.21,0.02,201,606950,买盘
10:35:16,30.22,0.01,44,132970,买盘
10:35:18,30.22,0.0,170,513668,卖盘
10:35:22,30.19,-0.03,211,637125,卖盘
10:35:25,30.19,0.0,331,999269,买盘
10:35:27,30.19,0.0,90,271709,买盘
10:35:31,30.19,0.0,251,757728,买盘
10:35:34,30.2,0.01,214,646341,买盘
10:35:37,30.22,0.02,100,302066,买盘
10:35:39,30.22,0.0,26,78506,买盘
10:35:42,30.19,-0.03,129,389741,卖盘
10:35:46,30.19,0.0,75,226546,卖盘
10:35:48,30.18,-0.01,134,404842,卖盘
10:35:52,30.19,0.01,147,443594,买盘
10:35:54,30.2,0.01,122,368204,买盘
10:35:57,30.2,0.0,75,226424,买盘
10:36:00,30.22,0.02,98,296066,买盘
10:36:04,30.22,0.0,132,399083,卖盘
10:36:06,30.2,-0.02,33,99665,卖盘
10:36:09,30.2,0.0,53,160062,卖盘
10:36:12,30.25,0.05,162,489615,买盘
10:36:16,30.2,-0.05,11,33250,中性盘
10:36:18,30.25,0.05,78,235635,买盘
10:36:22,30.19,-0.06,95,287041,卖盘
10:36:25,30.17,-0.02,314,947602,卖盘
10:36:27,30.25,0.08,439,1324863,买盘
10:36:30,30.26,0.01,185,559633,买盘
10:36:34,30.26,0.0,121,365784,卖盘
10:36:36,30.26,0.0,8,24173,买盘
10:36:39,30.26,0.0,110,334391,买盘
10:36:43,30.26,0.0,159,479000,买盘
10:36:46,30.22,-0.04,69,208669,中性盘
10:36:48,30.22,0.0,149,449892,卖盘
10:36:52,30.22,0.0,204,616786,卖盘
10:36:54,30.24,0.02,132,399913,买盘
10:36:57,30.2,-0.04,53,160384,卖盘
10:37:01,30.2,0.0,1457,4412269,卖盘
10:37:04,30.21,0.01,123,371553,中性盘
10:37:06,30.2,-0.01,831,2510802,卖盘
10:37:09,30.2,0.0,109,329032,买盘
10:37:12,30.2,0.0,320,966599,卖盘
10:37:15,30.2,0.0,288,869290,买盘
10:37:18,30.2,0.0,323,976207,买盘
10:37:21,30.17,-0.03,122,368800,卖盘
10:37:25,30.29,0.12,171,517258,买盘
10:37:28,30.2,-0.09,29,88456,卖盘
10:37:30,30.2,0.0,236,713714,卖盘
10:37:34,30.19,-0.01,395,1192651,卖盘
10:37:36,30.2,0.01,68,205272,买盘
10:37:40,30.17,-0.03,102,307946,卖盘
10:37:43,30.17,0.0,181,546299,卖盘
10:37:45,30.17,0.0,59,178023,卖盘
10:37:49,30.16,-0.01,832,2508653,卖盘
10:37:51,30.16,0.0,593,1789360,买盘
10:37:55,30.18,0.02,202,609536,买盘
10:37:57,30.17,-0.01,181,546170,卖盘
10:38:00,30.17,0.0,3921,11822278,卖盘
10:38:04,30.17,0.0,857,2586328,卖盘
10:38:06,30.17,0.0,236,712484,卖盘
10:38:09,30.25,0.08,65,196290,买盘
10:38:12,30.21,-0.04,77,232801,中性盘
10:38:15,30.23,0.02,169,510568,中性盘
10:38:19,30.25,0.02,84,254052,买盘
10:38:22,30.25,0.0,168,507969,买盘
10:38:24,30.2,-0.05,163,493030,卖盘
10:38:27,30.21,0.01,161,486668,卖盘
10:38:31,30.18,-0.03,338,1020563,卖盘
10:38:34,30.19,0.01,237,715397,买盘
10:38:36,30.19,0.0,103,310937,买盘
10:38:40,30.18,-0.01,189,570450,卖盘
10:38:42,30.19,0.01,98,295752,买盘
10:38:45,30.19,0.0,75,226369,买盘
10:38:48,30.19,0.0,51,153912,买盘
10:38:52,30.18,-0.01,319,962924,卖盘
10:38:54,30.18,0.0,575,1735824,买盘
10:38:57,30.18,0.0,181,546405,卖盘
10:39:00,30.18,0.0,242,730360,卖盘
10:39:04,30.18,0.0,2050,6186696,卖盘
10:39:06,30.17,-0.01,27,81459,中性盘
10:39:09,30.16,-0.01,413,1246342,卖盘
10:39:12,30.16,0.0,488,1471859,卖盘
10:39:15,30.16,0.0,38,114578,买盘
10:39:18,30.17,0.01,100,301621,买盘
10:39:21,30.16,-0.01,96,289498,卖盘
10:39:24,30.16,0.0,658,1985113,买盘
10:39:27,30.16,0.0,78,235306,卖盘
10:39:31,30.15,-0.01,108,325772,卖盘
10:39:34,30.18,0.03,125,377086,买盘
10:39:36,30.18,0.0,129,389073,卖盘
10:39:40,30.15,-0.03,30,90475,卖盘
10:39:42,30.15,0.0,94,283569,卖盘
10:39:45,30.15,0.0,112,337740,卖盘
10:39:48,30.15,0.0,254,765684,买盘
10:39:51,30.15,0.0,182,548678,买盘
10:39:55,30.15,0.0,173,521736,卖盘
10:39:57,30.18,0.03,45,135675,买盘
10:40:01,30.15,-0.03,86,259310,卖盘
10:40:04,30.15,0.0,719,2167721,买盘
10:40:07,30.15,0.0,147,443192,买盘
10:40:10,30.15,0.0,179,539637,买盘
10:40:12,30.15,0.0,240,723377,买盘
10:40:15,30.13,-0.02,467,1408178,卖盘
10:40:18,30.15,0.02,39,117585,卖盘
10:40:21,30.16,0.01,142,428170,买盘
10:40:24,30.17,0.01,146,440324,中性盘
10:40:28,30.16,-0.01,63,189988,卖盘
10:40:31,30.13,-0.03,56,168914,卖盘
10:40:34,30.14,0.01,62,186908,中性盘
10:40:36,30.16,0.02,238,717122,买盘
10:40:39,30.14,-0.02,31,93438,卖盘
10:40:43,30.17,0.03,327,985911,买盘
10:40:46,30.16,-0.01,88,265300,买盘
10:40:48,30.16,0.0,99,298478,买盘
10:40:51,30.14,-0.02,102,307471,卖盘
10:40:54,30.16,0.02,369,1113226,买盘
10:40:57,30.18,0.02,93,280563,买盘
10:41:00,30.15,-0.03,89,268344,卖盘
10:41:04,30.2,0.05,589,1777776,买盘
10:41:06,30.18,-0.02,436,1316712,卖盘
10:41:09,30.18,0.0,158,476949,买盘
10:41:12,30.15,-0.03,79,238382,卖盘
10:41:15,30.18,0.03,17,51303,中性盘
10:41:19,30.15,-0.03,57,171909,卖盘
10:41:21,30.16,0.01,84,253223,买盘
10:41:25,30.16,0.0,186,560850,买盘
10:41:27,30.16,0.0,35,105535,买盘
10:41:30,30.15,-0.01,70,211087,卖盘
10:41:34,30.16,0.01,115,346914,买盘
10:41:37,30.15,-0.01,66,199102,卖盘
10:41:39,30.16,0.01,237,715473,卖盘
10:41:43,30.18,0.02,247,745664,买盘
10:41:45,30.18,0.0,95,286931,卖盘
10:41:48,30.18,0.0,59,178222,卖盘
10:41:51,30.17,-0.01,77,232268,卖盘
10:41:54,30.17,0.0,102,307965,买盘
10:41:58,30.17,0.0,37,111631,卖盘
10:42:01,30.16,-0.01,205,618548,卖盘
10:42:04,30.17,0.01,82,246743,买盘
10:42:07,30.18,0.01,49,147842,买盘
10:42:10,30.17,-0.01,188,567303,卖盘
10:42:12,30.22,0.05,396,1197685,中性盘
10:42:15,30.23,0.01,215,648645,买盘
10:42:18,30.22,-0.01,784,2369259,卖盘
10:42:22,30.23,0.01,264,798139,买盘
10:42:25,30.23,0.0,51,154066,买盘
10:42:27,30.22,-0.01,49,147972,买盘
10:42:31,30.18,-0.04,54,163054,卖盘
10:42:33,30.17,-0.01,261,788385,卖盘
10:42:36,30.23,0.06,54,163192,买盘
10:42:39,30.17,-0.06,70,211220,卖盘
10:42:42,30.17,0.0,137,413616,卖盘
10:42:45,30.22,0.05,93,280855,中性盘
10:42:48,30.22,0.0,20,60440,卖盘
10:42:51,30.22,0.0,84,253620,买盘
10:42:54,30.22,0.0,347,1047711,买盘
10:42:57,30.22,0.0,120,362647,买盘
10:43:00,30.19,-0.03,21,63442,卖盘
10:43:05,30.2,0.01,89,268906,买盘
10:43:07,30.22,0.02,127,383567,买盘
10:43:10,30.22,0.0,139,420054,买盘
10:43:12,30.22,0.0,230,695147,卖盘
10:43:15,30.22,0.0,45,135958,卖盘
10:43:18,30.2,-0.02,277,836842,卖盘
10:43:22,30.25,0.05,1434,4337852,买盘
10:43:25,30.25,0.0,945,2858172,卖盘
10:43:27,30.22,-0.03,177,535127,卖盘
10:43:30,30.18,-0.04,106,320521,卖盘
10:43:33,30.2,0.02,348,1051050,买盘
10:43:36,30.18,-0.02,173,522286,卖盘
10:43:40,30.17,-0.01,101,304743,卖盘
10:43:42,30.2,0.03,251,757663,买盘
10:43:45,30.2,0.0,519,1565937,买盘
10:43:48,30.18,-0.02,57,172110,卖盘
10:43:52,30.18,0.0,210,633738,买盘
10:43:54,30.18,0.0,180,543176,买盘
10:43:57,30.16,-0.02,151,455630,卖盘
10:44:00,30.18,0.02,96,289668,买盘
10:44:04,30.15,-0.03,481,1451240,卖盘
10:44:07,30.18,0.03,111,334893,买盘
10:44:10,30.16,-0.02,55,165884,卖盘
10:44:12,30.17,0.01,53,159882,中性盘
10:44:16,30.17,0.0,54,162869,买盘
10:44:19,30.17,0.0,147,442161,买盘
10:44:22,30.16,-0.01,139,419273,卖盘
10:44:24,30.17,0.01,56,170128,买盘
10:44:27,30.18,0.01,328,989005,买盘
10:44:31,30.17,-0.01,71,214249,卖盘
10:44:34,30.17,0.0,114,344052,卖盘
10:44:36,30.16,-0.01,239,721187,卖盘
10:44:39,30.17,0.01,99,300428,中性盘
10:44:42,30.18,0.01,76,229344,买盘
10:44:45,30.18,0.0,38,114632,卖盘
10:44:48,30.17,-0.01,32,96572,卖盘
10:44:51,30.18,0.01,177,533979,买盘
10:44:54,30.17,-0.01,118,356102,卖盘
10:44:57,30.17,0.0,215,648998,卖盘
10:45:00,30.17,0.0,73,220215,买盘
10:45:04,30.16,-0.01,201,606475,卖盘
10:45:07,30.18,0.02,15,45272,卖盘
10:45:09,30.17,-0.01,44,132751,卖盘
10:45:12,30.2,0.03,78,235416,买盘
10:45:16,30.17,-0.03,33,99569,卖盘
10:45:19,30.17,0.0,146,440887,卖盘
10:45:22,30.17,0.0,82,247390,卖盘
10:45:24,30.17,0.0,44,132754,买盘
10:45:27,30.17,0.0,281,847783,卖盘
10:45:30,30.17,0.0,329,992734,卖盘
10:45:33,30.18,0.01,1120,3383032,买盘
10:45:36,30.17,-0.01,13,39217,中性盘
10:45:39,30.17,0.0,9,27157,卖盘
10:45:42,30.18,0.01,211,637531,卖盘
10:45:45,30.17,-0.01,114,343934,卖盘
10:45:48,30.21,0.04,36,108661,买盘
10:45:51,30.17,-0.04,118,356153,卖盘
10:45:54,30.17,0.0,376,1134472,卖盘
10:45:57,30.17,0.0,65,196081,买盘
10:46:01,30.17,0.0,468,1411781,买盘
10:46:04,30.17,0.0,143,431432,买盘
10:46:07,30.17,0.0,205,618435,卖盘
10:46:09,30.17,0.0,307,926516,卖盘
10:46:13,30.2,0.03,10,30194,买盘
10:46:16,30.19,-0.01,275,830146,买盘
10:46:18,30.19,0.0,63,190172,买盘
10:46:22,30.19,0.0,37,111695,买盘
10:46:25,30.18,-0.01,201,606748,卖盘
10:46:28,30.18,0.0,80,241478,卖盘
10:46:31,30.18,0.0,56,169023,卖盘
10:46:33,30.17,-0.01,82,247550,卖盘
10:46:36,30.18,0.01,15,45266,卖盘
10:46:39,30.22,0.04,186,562062,买盘
10:46:43,30.18,-0.04,165,497963,卖盘
10:46:45,30.18,0.0,48,144853,买盘
10:46:48,30.18,0.0,486,1466369,买盘
10:46:52,30.18,0.0,92,277596,买盘
10:46:54,30.18,0.0,59,177128,买盘
10:46:58,30.18,0.0,75,226350,卖盘
10:47:00,30.18,0.0,118,356207,卖盘
10:47:05,30.18,0.0,72,217333,卖盘
10:47:07,30.2,0.02,22,66413,买盘
10:47:10,30.2,0.0,35,105696,买盘
10:47:12,30.19,-0.01,92,277841,卖盘
10:47:15,30.19,0.0,63,190239,卖盘
10:47:18,30.2,0.01,56,169151,买盘
10:47:21,30.2,0.0,153,462077,卖盘
10:47:24,30.22,0.02,55,166154,买盘
10:47:27,30.22,0.0,20,60439,卖盘
10:47:30,30.22,0.0,352,1063774,卖盘
10:47:33,30.2,-0.02,49,148028,卖盘
10:47:36,30.22,0.02,53,160059,买盘
10:47:39,30.21,-0.01,5,15105,中性盘
10:47:42,30.2,-0.01,50,151034,卖盘
10:47:45,30.2,0.0,53,158997,卖盘
10:47:48,30.21,0.01,44,132906,卖盘
10:47:52,30.21,0.0,245,740567,买盘
10:47:55,30.21,0.0,140,423313,卖盘
10:47:58,30.24,0.03,138,417064,买盘
10:48:01,30.2,-0.04,149,450364,卖盘
10:48:04,30.2,0.0,159,480586,卖盘
10:48:07,30.21,0.01,306,924286,买盘
10:48:09,30.21,0.0,123,371583,买盘
10:48:12,30.21,0.0,155,468610,卖盘
10:48:15,30.21,0.0,24,72505,卖盘
10:48:18,30.21,0.0,238,719286,卖盘
10:48:21,30.23,0.02,25,75572,买盘
10:48:24,30.24,0.01,55,166301,买盘
10:48:27,30.24,0.0,82,248023,卖盘
10:48:31,30.21,-0.03,23,69516,卖盘
10:48:34,30.21,0.0,83,250874,卖盘
10:48:37,30.26,0.05,95,287242,买盘
10:48:40,30.22,-0.04,614,1857411,卖盘
10:48:42,30.21,-0.01,165,498743,卖盘
10:48:46,30.24,0.03,10,30240,卖盘
10:48:48,30.25,0.01,387,1170642,买盘
10:48:52,30.25,0.0,101,305348,卖盘
10:48:55,30.22,-0.03,61,184519,中性盘
10:48:58,30.26,0.04,182,549761,买盘
10:49:01,30.22,-0.04,665,2012315,卖盘
10:49:04,30.21,-0.01,204,617067,卖盘
10:49:07,30.25,0.04,13,39325,中性盘
10:49:09,30.25,0.0,298,901634,买盘
10:49:12,30.22,-0.03,116,350656,卖盘
10:49:15,30.23,0.01,30,90714,卖盘
10:49:18,30.24,0.01,296,895698,买盘
10:49:22,30.24,0.0,159,480824,卖盘
10:49:24,30.24,0.0,776,2348533,卖盘
10:49:27,30.25,0.01,6,18150,买盘
10:49:30,30.24,-0.01,261,789485,卖盘
10:49:33,30.23,-0.01,480,1449686,卖盘
10:49:36,30.23,0.0,63,189860,卖盘
10:49:39,30.23,0.0,116,350508,买盘
10:49:42,30.21,-0.02,41,123888,中性盘
10:49:45,30.21,0.0,595,1796932,买盘
10:49:48,30.2,-0.01,73,220512,卖盘
10:49:51,30.2,0.0,49,148000,卖盘
10:49:54,30.23,0.03,190,574127,买盘
10:49:57,30.2,-0.03,732,2210763,卖盘
10:50:00,30.23,0.03,19,57416,买盘
10:50:04,30.2,-0.03,85,256795,卖盘
10:50:06,30.2,0.0,123,371592,卖盘
10:50:10,30.2,0.0,168,507244,买盘
10:50:12,30.19,-0.01,161,486131,卖盘
10:50:15,30.22,0.03,164,495392,买盘
10:50:18,30.2,-0.02,939,2837620,卖盘
10:50:21,30.2,0.0,26,78535,卖盘
10:50:25,30.2,0.0,52,157015,买盘
10:50:28,30.2,0.0,31,93610,买盘
10:50:31,30.19,-0.01,105,317016,卖盘
10:50:33,30.2,0.01,85,257515,卖盘
10:50:36,30.22,0.02,14,42291,买盘
10:50:39,30.2,-0.02,129,389580,卖盘
10:50:43,30.21,0.01,62,187266,中性盘
10:50:46,30.2,-0.01,151,455951,卖盘
10:50:48,30.2,0.0,97,292913,买盘
10:50:52,30.2,0.0,159,480081,买盘
10:50:54,30.19,-0.01,96,290286,中性盘
10:50:58,30.18,-0.01,101,304885,卖盘
10:51:01,30.18,0.0,128,386374,卖盘
10:51:04,30.17,-0.01,1632,4925680,卖盘
10:51:07,30.18,0.01,119,359342,买盘
10:51:09,30.18,0.0,30,90550,卖盘
10:51:12,30.18,0.0,155,467808,卖盘
10:51:16,30.18,0.0,35,105630,买盘
10:51:19,30.18,0.0,121,365152,买盘
10:51:22,30.18,0.0,155,467776,买盘
10:51:24,30.19,0.01,84,253528,买盘
10:51:27,30.19,0.0,169,510211,买盘
10:51:31,30.18,-0.01,131,395359,卖盘
10:51:34,30.18,0.0,181,546213,买盘
10:51:36,30.18,0.0,972,2932680,买盘
10:51:39,30.18,0.0,26,78455,买盘
10:51:42,30.18,0.0,285,859923,买盘
10:51:45,30.17,-0.01,712,2148172,卖盘
10:51:48,30.17,0.0,211,636559,卖盘
10:51:52,30.16,-0.01,75,226240,卖盘
10:51:55,30.17,0.01,57,171947,买盘
10:51:58,30.16,-0.01,839,2530416,卖盘
10:52:01,30.15,-0.01,48,144749,卖盘
10:52:05,30.16,0.01,1089,3285379,买盘
10:52:07,30.17,0.01,7,21116,买盘
10:52:09,30.15,-0.02,1649,4972059,卖盘
10:52:12,30.16,0.01,53,159848,卖盘
10:52:15,30.17,0.01,20,60321,中性盘
10:52:18,30.16,-0.01,58,174945,卖盘
10:52:21,30.17,0.01,281,847269,买盘
10:52:24,30.16,-0.01,70,211131,卖盘
10:52:27,30.17,0.01,170,512740,买盘
10:52:30,30.16,-0.01,105,316675,卖盘
10:52:33,30.16,0.0,127,382935,买盘
10:52:37,30.16,0.0,212,639207,买盘
10:52:39,30.16,0.0,108,325270,买盘
10:52:42,30.16,0.0,186,561221,买盘
10:52:45,30.16,0.0,596,1796480,买盘
10:52:49,30.14,-0.02,605,1823110,卖盘
10:52:52,30.14,0.0,252,760245,买盘
10:52:55,30.13,-0.01,240,722943,中性盘
10:52:57,30.12,-0.01,148,445805,卖盘
10:53:01,30.11,-0.01,615,1850769,卖盘
10:53:04,30.11,0.0,165,496955,卖盘
10:53:07,30.11,0.0,625,1882628,卖盘
10:53:09,30.11,0.0,200,602068,买盘
10:53:12,30.1,-0.01,685,2062098,卖盘
10:53:15,30.13,0.03,1444,4347537,买盘
10:53:18,30.12,-0.01,15,45184,卖盘
10:53:21,30.14,0.02,106,319918,买盘
10:53:25,30.14,0.0,478,1439646,买盘
10:53:28,30.15,0.01,130,391734,买盘
10:53:30,30.14,-0.01,148,445836,卖盘
10:53:33,30.13,-0.01,81,244140,中性盘
10:53:36,30.12,-0.01,80,240964,卖盘
10:53:39,30.14,0.02,423,1274427,买盘
10:53:42,30.14,0.0,92,277299,卖盘
10:53:45,30.14,0.0,271,816412,卖盘
10:53:48,30.11,-0.03,80,241072,卖盘
10:53:51,30.15,0.04,327,987426,买盘
10:53:55,30.15,0.0,71,214081,卖盘
10:53:58,30.15,0.0,113,340539,卖盘
10:54:01,30.12,-0.03,70,210869,卖盘
10:54:05,30.13,0.01,84,251440,买盘
10:54:07,30.13,0.0,42,126506,买盘
10:54:10,30.13,0.0,110,331339,买盘
10:54:13,30.12,-0.01,146,439719,卖盘
10:54:15,30.12,0.0,302,909809,卖盘
10:54:19,30.13,0.01,150,451803,中性盘
10:54:22,30.12,-0.01,116,349382,卖盘
10:54:24,30.12,0.0,48,144570,买盘
10:54:27,30.12,0.0,218,657236,买盘
10:54:30,30.12,0.0,49,147590,卖盘
10:54:33,30.13,0.01,144,433749,买盘
10:54:36,30.12,-0.01,176,529981,卖盘
10:54:39,30.13,0.01,118,355729,买盘
10:54:42,30.12,-0.01,119,358490,卖盘
10:54:45,30.12,0.0,53,159612,买盘
10:54:48,30.12,0.0,136,410745,买盘
10:54:51,30.11,-0.01,173,520995,卖盘
10:54:54,30.12,0.01,440,1324881,中性盘
10:54:57,30.12,0.0,35,105409,买盘
10:55:00,30.11,-0.01,132,397465,卖盘
10:55:05,30.12,0.01,197,593340,买盘
10:55:07,30.11,-0.01,301,905262,卖盘
10:55:09,30.11,0.0,75,225822,买盘
10:55:13,30.1,-0.01,146,439703,卖盘
10:55:15,30.11,0.01,30,92155,卖盘
10:55:18,30.11,0.0,120,361426,卖盘
10:55:21,30.11,0.0,92,277021,卖盘
10:55:24,30.16,0.05,181,542906,买盘
10:55:27,30.16,0.0,31,93492,卖盘
10:55:30,30.12,-0.04,132,397863,卖盘
10:55:33,30.11,-0.01,416,1253536,卖盘
10:55:36,30.11,0.0,99,298089,买盘
10:55:39,30.09,-0.02,2400,7225318,卖盘
10:55:42,30.11,0.02,301,905790,买盘
10:55:45,30.12,0.01,117,352290,买盘
10:55:48,30.12,0.0,10,30120,中性盘
10:55:51,30.14,0.02,102,307174,买盘
10:55:54,30.15,0.01,69,207896,中性盘
10:55:57,30.14,-0.01,25,75340,中性盘
10:56:01,30.11,-0.03,1033,3111421,卖盘
10:56:04,30.1,-0.01,616,1854948,卖盘
10:56:07,30.11,0.01,60,181237,中性盘
10:56:09,30.11,0.0,556,1673045,买盘
10:56:12,30.09,-0.02,74,222709,卖盘
10:56:15,30.09,0.0,534,1606962,卖盘
10:56:18,30.09,0.0,131,394179,买盘
10:56:21,30.09,0.0,195,585369,买盘
10:56:24,30.08,-0.01,886,2666368,卖盘
10:56:27,30.09,0.01,527,1584201,买盘
10:56:30,30.09,0.0,102,306928,卖盘
10:56:33,30.09,0.0,92,276838,卖盘
10:56:36,30.09,0.0,89,267804,卖盘
10:56:39,30.08,-0.01,1010,3041062,卖盘
10:56:42,30.09,0.01,78,234713,中性盘
10:56:45,30.09,0.0,22,66183,买盘
10:56:48,30.08,-0.01,68,204585,卖盘
10:56:52,30.09,0.01,96,288786,买盘
10:56:54,30.09,0.0,622,1869390,买盘
10:56:58,30.09,0.0,382,1152015,中性盘
10:57:00,30.09,0.0,64,192584,卖盘
10:57:04,30.09,0.0,78,234725,卖盘
10:57:07,30.1,0.01,198,593498,买盘
10:57:10,30.09,-0.01,60,180544,卖盘
10:57:12,30.1,0.01,137,412278,买盘
10:57:15,30.09,-0.01,76,230134,卖盘
10:57:18,30.09,0.0,403,1212412,买盘
10:57:21,30.09,0.0,43,129382,买盘
10:57:24,30.08,-0.01,677,2037067,卖盘
10:57:27,30.09,0.01,128,385151,买盘
10:57:30,30.08,-0.01,139,418121,卖盘
10:57:33,30.09,0.01,128,385054,买盘
10:57:37,30.09,0.0,126,377827,买盘
10:57:39,30.09,0.0,51,153448,买盘
10:57:42,30.08,-0.01,218,655771,卖盘
10:57:45,30.08,0.0,131,395502,卖盘
10:57:49,30.09,0.01,56,168485,买盘
10:57:52,30.08,-0.01,204,613692,卖盘
10:57:55,30.08,0.0,137,411999,买盘
10:57:58,30.09,0.01,75,223492,买盘
10:58:00,30.07,-0.02,102,306815,卖盘
10:58:04,30.09,0.02,21,63178,买盘
10:58:07,30.1,0.01,859,2586080,买盘
10:58:10,30.1,0.0,85,255850,卖盘
10:58:13,30.1,0.0,75,225559,卖盘
10:58:15,30.11,0.01,18,54189,中性盘
10:58:18,30.11,0.0,3,9032,卖盘
10:58:22,30.11,0.0,83,249842,买盘
10:58:24,30.1,-0.01,229,690582,卖盘
10:58:27,30.11,0.01,148,445562,买盘
10:58:30,30.11,0.0,54,162575,买盘
10:58:33,30.12,0.01,457,1375011,买盘
10:58:36,30.13,0.01,29,87351,买盘
10:58:40,30.13,0.0,95,286232,买盘
10:58:43,30.13,0.0,397,1195702,买盘
10:58:45,30.13,0.0,21,63273,卖盘
10:58:49,30.13,0.0,97,292309,卖盘
10:58:52,30.13,0.0,35,105399,买盘
10:58:55,30.12,-0.01,86,259015,中性盘
10:58:57,30.12,0.0,136,409792,卖盘
10:59:00,30.13,0.01,71,213893,中性盘
10:59:04,30.14,0.01,152,458084,买盘
10:59:06,30.14,0.0,145,436891,买盘
10:59:09,30.14,0.0,100,299484,买盘
10:59:12,30.14,0.0,668,2013623,买盘
10:59:16,30.11,-0.03,60,182345,卖盘
10:59:19,30.14,0.03,45,135630,买盘
10:59:21,30.11,-0.03,97,292121,卖盘
10:59:24,30.11,0.0,74,223208,卖盘
10:59:27,30.15,0.04,687,2070964,买盘
10:59:31,30.15,0.0,343,1034314,卖盘
10:59:33,30.12,-0.03,49,147612,卖盘
10:59:37,30.17,0.05,390,1175973,买盘
10:59:40,30.16,-0.01,85,256386,中性盘
10:59:42,30.12,-0.04,34,102456,卖盘
10:59:46,30.16,0.04,204,615047,买盘
10:59:49,30.16,0.0,5,15080,买盘
10:59:52,30.16,0.0,181,545551,买盘
10:59:55,30.17,0.01,206,621478,买盘
10:59:58,30.17,0.0,53,159851,买盘
11:00:00,30.16,-0.01,208,626411,卖盘
11:00:04,30.17,0.01,235,709088,买盘
11:00:07,30.17,0.0,396,1194884,买盘
11:00:09,30.19,0.02,343,1034338,买盘
11:00:12,30.19,0.0,232,701459,卖盘
11:00:15,30.17,-0.02,42,126684,买盘
11:00:19,30.19,0.02,118,356124,买盘
11:00:21,30.19,0.0,134,404257,买盘
11:00:25,30.17,-0.02,32,96518,卖盘
11:00:27,30.19,0.02,112,338058,买盘
11:00:31,30.19,0.0,84,253403,买盘
11:00:33,30.15,-0.04,287,866277,卖盘
11:00:37,30.22,0.07,178,537093,买盘
11:00:39,30.17,-0.05,40,120663,中性盘
11:00:43,30.17,0.0,86,259706,卖盘
11:00:46,30.16,-0.01,8,24133,卖盘
11:00:49,30.17,0.01,346,1044611,买盘
11:00:52,30.17,0.0,78,235236,买盘
11:00:55,30.15,-0.02,35,105546,中性盘
11:00:58,30.16,0.01,72,217098,买盘
11:01:01,30.14,-0.02,103,310517,卖盘
11:01:04,30.13,-0.01,55,165789,卖盘
11:01:07,30.13,0.0,107,322413,卖盘
11:01:09,30.17,0.04,380,1145359,买盘
11:01:12,30.13,-0.04,49,147687,卖盘
11:01:15,30.13,0.0,13,39169,买盘
11:01:18,30.15,0.02,10,30134,买盘
11:01:21,30.13,-0.02,45,135619,卖盘
11:01:24,30.13,0.0,26,78338,买盘
11:01:27,30.13,0.0,209,629717,买盘
11:01:31,30.13,0.0,244,735143,买盘
11:01:33,30.13,0.0,58,174735,买盘
11:01:36,30.13,0.0,168,506151,买盘
11:01:39,30.13,0.0,31,93396,买盘
11:01:42,30.13,0.0,178,536335,卖盘
11:01:46,30.13,0.0,53,159669,买盘
11:01:49,30.13,0.0,22,66285,买盘
11:01:52,30.13,0.0,70,210857,买盘
11:01:54,30.13,0.0,217,653859,买盘
11:01:58,30.15,0.02,4,12060,中性盘
11:02:01,30.12,-0.03,81,243988,卖盘
11:02:04,30.12,0.0,98,295299,卖盘
11:02:07,30.12,0.0,37,111447,卖盘
11:02:09,30.12,0.0,64,192773,卖盘
11:02:12,30.14,0.02,333,1004181,买盘
11:02:15,30.15,0.01,25,75373,买盘
11:02:18,30.16,0.01,121,364824,买盘
11:02:21,30.13,-0.03,119,358783,卖盘
11:02:25,30.16,0.03,227,684408,买盘
11:02:27,30.19,0.03,80,241321,买盘
11:02:30,30.16,-0.03,46,138841,卖盘
11:02:33,30.19,0.03,218,658335,买盘
11:02:36,30.19,0.0,374,1129367,卖盘
11:02:39,30.16,-0.03,43,129770,卖盘
11:02:43,30.19,0.03,61,184153,买盘
11:02:45,30.19,0.0,345,1039745,中性盘
11:02:48,30.11,-0.08,1143,3447226,卖盘
11:02:51,30.15,0.04,69,207899,中性盘
11:02:54,30.14,-0.01,524,1580659,中性盘
11:02:57,30.11,-0.03,552,1662279,卖盘
11:03:00,30.13,0.02,49,147567,中性盘
11:03:04,30.11,-0.02,159,478865,卖盘
11:03:06,30.13,0.02,646,1950042,中性盘
11:03:09,30.15,0.02,2,6030,中性盘
11:03:13,30.17,0.02,13,39215,买盘
11:03:15,30.2,0.03,1024,3091431,买盘
11:03:18,30.2,0.0,6,18110,买盘
11:03:21,30.2,0.0,595,1791717,买盘
11:03:24,30.18,-0.02,45,135835,买盘
11:03:27,30.18,0.0,47,141846,卖盘
11:03:30,30.15,-0.03,39,117647,卖盘
11:03:33,30.13,-0.02,50,150701,卖盘
11:03:36,30.13,0.0,61,183797,卖盘
11:03:39,30.14,0.01,17,51229,中性盘
11:03:42,30.16,0.02,162,488371,买盘
11:03:45,30.16,0.0,704,2122905,卖盘
11:03:49,30.16,0.0,67,202174,卖盘
11:03:51,30.16,0.0,88,265513,卖盘
11:03:54,30.16,0.0,66,199027,买盘
11:03:57,30.18,0.02,76,229242,买盘
11:04:00,30.16,-0.02,304,917165,中性盘
11:04:05,30.16,0.0,163,491870,卖盘
11:04:07,30.15,-0.01,130,391444,卖盘
11:04:10,30.15,0.0,95,286505,卖盘
11:04:13,30.15,0.0,412,1243321,卖盘
11:04:16,30.15,0.0,105,316581,买盘
11:04:19,30.15,0.0,6,18090,买盘
11:04:22,30.14,-0.01,149,449088,卖盘
11:04:25,30.14,0.0,199,597774,买盘
11:04:27,30.16,0.02,176,530644,买盘
11:04:30,30.14,-0.02,53,159839,卖盘
11:04:33,30.14,0.0,424,1276874,卖盘
11:04:36,30.14,0.0,131,397245,卖盘
11:04:39,30.13,-0.01,186,561091,买盘
11:04:43,30.17,0.04,25,75399,中性盘
11:04:45,30.17,0.0,72,217083,买盘
11:04:48,30.15,-0.02,367,1105346,卖盘
11:04:51,30.16,0.01,116,349008,中性盘
11:04:54,30.14,-0.02,36,108504,卖盘
11:04:58,30.13,-0.01,348,1049405,中性盘
11:05:00,30.12,-0.01,84,253149,卖盘
11:05:04,30.11,-0.01,634,1911786,卖盘
11:05:06,30.12,0.01,55,165698,中性盘
11:05:09,30.12,0.0,269,809970,买盘
11:05:13,30.15,0.03,106,319405,买盘
11:05:16,30.12,-0.03,768,2310739,卖盘
11:05:19,30.12,0.0,10,30120,买盘
11:05:21,30.12,0.0,54,162628,买盘
11:05:24,30.12,0.0,707,2129307,买盘
11:05:27,30.12,0.0,740,2228212,买盘
11:05:30,30.12,0.0,931,2804817,买盘
11:05:33,30.11,-0.01,672,2024421,卖盘
11:05:37,30.12,0.01,21,63258,中性盘
11:05:40,30.13,0.01,82,246977,买盘
11:05:43,30.12,-0.01,62,186735,卖盘
11:05:45,30.13,0.01,28,84342,买盘
11:05:49,30.13,0.0,136,409635,买盘
11:05:51,30.12,-0.01,121,364442,卖盘
11:05:54,30.13,0.01,43,129533,买盘
11:05:58,30.13,0.0,47,141595,买盘
11:06:01,30.13,0.0,46,138577,买盘
11:06:04,30.12,-0.01,335,1009033,卖盘
11:06:06,30.13,0.01,94,283162,买盘
11:06:09,30.12,-0.01,39,117472,卖盘
11:06:12,30.13,0.01,205,617497,买盘
11:06:15,30.12,-0.01,54,162658,卖盘
11:06:18,30.12,0.0,580,1747467,卖盘
11:06:21,30.13,0.01,33,99437,卖盘
11:06:24,30.13,0.0,187,563461,卖盘
11:06:27,30.13,0.0,88,265062,买盘
11:06:30,30.13,0.0,121,364495,买盘
11:06:33,30.11,-0.02,566,1704844,卖盘
11:06:36,30.13,0.02,291,876705,买盘
11:06:39,30.14,0.01,29,87384,买盘
11:06:43,30.14,0.0,86,259126,买盘
11:06:46,30.14,0.0,37,111492,买盘
11:06:49,30.13,-0.01,49,147657,卖盘
11:06:51,30.13,0.0,139,418901,卖盘
11:06:54,30.14,0.01,118,355627,买盘
11:06:57,30.14,0.0,17,51238,卖盘
11:07:01,30.13,-0.01,135,406883,卖盘
11:07:05,30.13,0.0,97,292297,卖盘
11:07:07,30.13,0.0,714,2151378,卖盘
11:07:09,30.14,0.01,44,132612,买盘
11:07:12,30.14,0.0,761,2293052,买盘
11:07:16,30.13,-0.01,104,313365,卖盘
11:07:18,30.14,0.01,248,747321,买盘
11:07:21,30.14,0.0,42,126581,买盘
11:07:24,30.13,-0.01,48,144650,卖盘
11:07:28,30.14,0.01,705,2124224,买盘
11:07:31,30.13,-0.01,802,2416698,卖盘
11:07:33,30.13,0.0,53,159710,卖盘
11:07:36,30.14,0.01,36,108482,买盘
11:07:39,30.13,-0.01,144,433876,卖盘
11:07:43,30.14,0.01,258,777546,买盘
11:07:45,30.13,-0.01,46,138600,卖盘
11:07:49,30.14,0.01,83,250159,买盘
11:07:51,30.13,-0.01,127,382623,卖盘
11:07:54,30.13,0.0,23,69303,买盘
11:07:57,30.14,0.01,40,120531,买盘
11:08:01,30.13,-0.01,747,2250216,卖盘
11:08:04,30.14,0.01,146,439970,买盘
11:08:07,30.13,-0.01,21,63289,卖盘
11:08:09,30.12,-0.01,456,1373648,卖盘
11:08:12,30.14,0.02,116,349579,买盘
11:08:16,30.11,-0.03,127,382612,卖盘
11:08:19,30.12,0.01,70,210840,买盘
11:08:22,30.11,-0.01,13,39151,卖盘
11:08:25,30.12,0.01,963,2899722,买盘
11:08:27,30.12,0.0,641,1930583,买盘
11:08:31,30.12,0.0,36,108432,卖盘
11:08:34,30.12,0.0,671,2020998,卖盘
11:08:37,30.12,0.0,78,234916,卖盘
11:08:40,30.13,0.01,65,195787,中性盘
11:08:42,30.12,-0.01,619,1863838,卖盘
11:08:46,30.11,-0.01,633,1905963,卖盘
11:08:49,30.1,-0.01,1094,3293241,卖盘
11:08:51,30.11,0.01,548,1649503,买盘
11:08:54,30.1,-0.01,1022,3076238,卖盘
11:08:57,30.1,0.0,594,1787132,卖盘
11:09:00,30.1,0.0,507,1525656,买盘
11:09:04,30.11,0.01,463,1394619,买盘
11:09:07,30.09,-0.02,158,475536,卖盘
11:09:09,30.1,0.01,44,132458,卖盘
11:09:12,30.1,0.0,66,198700,卖盘
11:09:15,30.09,-0.01,50,150492,卖盘
11:09:18,30.1,0.01,18,54180,中性盘
11:09:21,30.1,0.0,48,144503,卖盘
11:09:24,30.11,0.01,44,132463,买盘
11:09:27,30.1,-0.01,167,502639,卖盘
11:09:31,30.1,0.0,32,96322,买盘
11:09:34,30.1,0.0,159,478500,买盘
11:09:36,30.1,0.0,113,340124,买盘
11:09:39,30.1,0.0,166,499753,卖盘
11:09:42,30.09,-0.01,81,243822,卖盘
11:09:45,30.09,0.0,22,66206,卖盘
11:09:49,30.11,0.02,143,430485,买盘
11:09:51,30.1,-0.01,37,111360,卖盘
11:09:54,30.1,0.0,202,607891,买盘
11:09:57,30.1,0.0,15,45140,买盘
11:10:00,30.09,-0.01,39,117357,卖盘
11:10:05,30.1,0.01,167,502627,买盘
11:10:06,30.11,0.01,369,1110895,买盘
11:10:09,30.11,0.0,70,210771,卖盘
11:10:12,30.11,0.0,40,120452,卖盘
11:10:15,30.11,0.0,121,364295,卖盘
11:10:19,30.12,0.01,2,6023,买盘
11:10:22,30.12,0.0,437,1315815,买盘
11:10:24,30.11,-0.01,48,144528,卖盘
11:10:27,30.12,0.01,308,927148,买盘
11:10:30,30.1,-0.02,91,274023,卖盘
11:10:33,30.12,0.02,101,304030,买盘
11:10:36,30.11,-0.01,485,1459760,中性盘
11:10:39,30.1,-0.01,569,1712364,中性盘
11:10:43,30.1,0.0,468,1408543,卖盘
11:10:45,30.09,-0.01,422,1270272,卖盘
11:10:48,30.11,0.02,428,1287812,买盘
11:10:51,30.11,0.0,75,225755,买盘
11:10:54,30.09,-0.02,176,529687,卖盘
11:10:58,30.11,0.02,163,490499,买盘
11:11:01,30.08,-0.03,162,487431,卖盘
11:11:04,30.11,0.03,177,532769,买盘
11:11:07,30.09,-0.02,39,117331,中性盘
11:11:09,30.08,-0.01,164,493326,卖盘
11:11:12,30.08,0.0,264,794518,卖盘
11:11:16,30.08,0.0,34,102309,卖盘
11:11:19,30.08,0.0,414,1245041,卖盘
11:11:21,30.1,0.02,26,78216,买盘
11:11:25,30.08,-0.02,346,1040852,卖盘
11:11:27,30.1,0.02,24,72231,买盘
11:11:31,30.08,-0.02,522,1570737,卖盘
11:11:33,30.1,0.02,21,63207,买盘
11:11:36,30.09,-0.01,87,261838,卖盘
11:11:39,30.1,0.01,81,243718,买盘
11:11:43,30.1,0.0,11,33104,买盘
11:11:45,30.09,-0.01,139,418366,卖盘
11:11:48,30.1,0.01,97,291885,买盘
11:11:51,30.09,-0.01,60,180543,中性盘
11:11:54,30.08,-0.01,242,728404,卖盘
11:11:57,30.08,0.0,14,42118,卖盘
11:12:01,30.08,0.0,610,1836062,卖盘
11:12:04,30.08,0.0,78,234712,卖盘
11:12:06,30.09,0.01,60,180499,中性盘
11:12:09,30.09,0.0,19,57171,卖盘
11:12:12,30.1,0.01,110,331001,中性盘
11:12:15,30.09,-0.01,64,192593,卖盘
11:12:18,30.11,0.02,14,42154,买盘
11:12:21,30.1,-0.01,112,337134,卖盘
11:12:24,30.1,0.0,31,93330,卖盘
11:12:27,30.11,0.01,91,273982,买盘
11:12:30,30.09,-0.02,335,1008422,卖盘
11:12:34,30.12,0.03,219,659624,买盘
11:12:37,30.11,-0.01,57,171594,卖盘
11:12:40,30.1,-0.01,111,334243,买盘
11:12:43,30.13,0.03,209,629484,买盘
11:12:46,30.1,-0.03,1511,4543675,卖盘
11:12:48,30.1,0.0,33,99306,买盘
11:12:52,30.1,0.0,52,156506,买盘
11:12:55,30.1,0.0,29,88961,买盘
11:12:57,30.1,0.0,66,198609,卖盘
11:13:01,30.1,0.0,60,180567,卖盘
11:13:04,30.08,-0.02,127,382173,卖盘
11:13:07,30.1,0.02,174,523420,中性盘
11:13:09,30.07,-0.03,430,1291873,卖盘
11:13:12,30.08,0.01,14,42111,买盘
11:13:15,30.07,-0.01,102,306753,卖盘
11:13:18,30.09,0.02,68,206228,买盘
11:13:21,30.09,0.0,176,529436,买盘
11:13:25,30.08,-0.01,29,87249,卖盘
11:13:27,30.08,0.0,9,27072,卖盘
11:13:30,30.08,0.0,22,66192,卖盘
11:13:33,30.08,0.0,28,84250,卖盘
11:13:36,30.09,0.01,38,114314,买盘
11:13:39,30.09,0.0,61,183506,买盘
11:13:43,30.08,-0.01,131,394160,卖盘
11:13:45,30.08,0.0,24,72194,卖盘
11:13:49,30.1,0.02,102,306992,买盘
11:13:51,30.08,-0.02,56,168348,卖盘
11:13:55,30.09,0.01,144,433565,中性盘
11:13:57,30.1,0.01,11,33101,买盘
11:14:00,30.11,0.01,48,144527,买盘
11:14:04,30.12,0.01,216,650557,买盘
11:14:06,30.08,-0.04,12,36105,卖盘
11:14:09,30.07,-0.01,1195,3593665,卖盘
11:14:12,30.08,0.01,61,183479,中性盘
11:14:15,30.07,-0.01,1470,4418870,卖盘
11:14:18,30.07,0.0,15,45112,卖盘
11:14:22,30.07,0.0,39,117307,中性盘
11:14:25,30.06,-0.01,9071,27226765,卖盘
11:14:27,30.07,0.01,447,1344086,买盘
11:14:31,30.04,-0.03,127,381867,卖盘
11:14:34,30.07,0.03,61,183411,买盘
11:14:37,30.03,-0.04,52,156143,卖盘
11:14:39,30.01,-0.02,45,135088,卖盘
11:14:43,30.02,0.01,399,1197272,买盘
11:14:45,30.0,-0.02,93,279057,卖盘
11:14:48,30.02,0.02,72,216067,卖盘
11:14:51,30.02,0.0,79,237138,买盘
11:14:54,30.03,0.01,264,792531,买盘
11:14:57,30.02,-0.01,29,87063,卖盘
11:15:00,30.02,0.0,160,480377,卖盘
11:15:04,30.03,0.01,534,1603212,买盘
11:15:06,30.02,-0.01,138,414296,卖盘
11:15:09,30.01,-0.01,105,315381,卖盘
11:15:12,30.06,0.05,141,423415,买盘
11:15:15,30.02,-0.04,15,45035,卖盘
11:15:19,30.05,0.03,269,808286,买盘
11:15:22,30.05,0.0,37,111137,买盘
11:15:24,30.06,0.01,48,144197,中性盘
11:15:27,30.03,-0.03,73,219346,卖盘
11:15:30,30.05,0.02,52,156187,卖盘
11:15:34,30.02,-0.03,108,324576,卖盘
11:15:37,30.01,-0.01,2128,6388535,卖盘
11:15:40,30.01,0.0,116,348478,卖盘
11:15:43,30.05,0.04,145,435724,买盘
11:15:45,30.02,-0.03,68,204192,卖盘
11:15:48,30.03,0.01,53,159140,卖盘
11:15:51,30.03,0.0,21,63054,买盘
11:15:54,30.03,0.0,60,180268,买盘
11:15:57,30.03,0.0,598,1795801,卖盘
11:16:01,30.02,-0.01,587,1762743,卖盘
11:16:04,30.07,0.05,265,796220,买盘
11:16:07,30.03,-0.04,145,435717,卖盘
11:16:10,30.08,0.05,201,604319,买盘
11:16:12,30.05,-0.03,282,848198,卖盘
11:16:15,30.05,0.0,1,3005,买盘
11:16:19,30.05,0.0,307,921935,买盘
11:16:21,30.03,-0.02,118,354445,卖盘
11:16:24,30.04,0.01,29,87131,中性盘
11:16:27,30.04,0.0,63,189305,卖盘
11:16:31,30.03,-0.01,128,384551,卖盘
11:16:33,30.05,0.02,679,2040394,买盘
11:16:36,30.03,-0.02,70,210285,卖盘
11:16:40,30.04,0.01,851,2555596,买盘
11:16:43,30.04,0.0,35,105165,卖盘
11:16:46,30.04,0.0,68,204276,卖盘
11:16:48,30.03,-0.01,320,961197,卖盘
11:16:52,30.04,0.01,125,375448,买盘
11:16:55,30.04,0.0,41,123164,买盘
11:16:57,30.05,0.01,79,237333,买盘
11:17:01,30.04,-0.01,224,673040,卖盘
11:17:04,30.05,0.01,132,396556,买盘
11:17:06,30.04,-0.01,616,1850503,卖盘
11:17:09,30.04,0.0,69,207332,卖盘
11:17:12,30.05,0.01,135,405568,买盘
11:17:15,30.04,-0.01,142,426684,卖盘
11:17:19,30.05,0.01,76,228366,买盘
11:17:22,30.05,0.0,173,519786,买盘
11:17:24,30.05,0.0,2,6010,卖盘
11:17:27,30.05,0.0,360,1081832,卖盘
11:17:30,30.05,0.0,59,177290,买盘
11:17:33,30.05,0.0,66,198330,买盘
11:17:36,30.05,0.0,365,1096813,买盘
11:17:39,30.04,-0.01,70,210313,卖盘
11:17:42,30.08,0.04,190,571134,买盘
11:17:45,30.04,-0.04,69,207347,卖盘
11:17:49,30.08,0.04,104,312450,买盘
11:17:51,30.09,0.01,24,72172,买盘
11:17:54,30.05,-0.04,95,285852,卖盘
11:17:57,30.09,0.04,77,231635,卖盘
11:18:01,30.08,-0.01,74,222673,卖盘
11:18:04,30.1,0.02,140,421522,买盘
11:18:07,30.1,0.0,121,364213,卖盘
11:18:09,30.11,0.01,185,557432,买盘
11:18:13,30.12,0.01,44,132522,卖盘
11:18:15,30.14,0.02,5,15070,买盘
11:18:18,30.11,-0.03,38,114506,卖盘
11:18:21,30.1,-0.01,42,126437,卖盘
11:18:24,30.14,0.04,224,675043,买盘
11:18:30,30.1,-0.04,651,1959501,卖盘
11:18:33,30.14,0.04,90,271147,买盘
11:18:36,30.14,0.0,82,247020,买盘
11:18:40,30.12,-0.02,87,262164,卖盘
11:18:43,30.15,0.03,175,527418,买盘
11:18:45,30.13,-0.02,155,467318,卖盘
11:18:48,30.12,-0.01,73,219925,卖盘
11:18:52,30.13,0.01,88,265080,买盘
11:18:54,30.13,0.0,440,1325718,买盘
11:18:57,30.12,-0.01,43,129519,卖盘
11:19:00,30.13,0.01,173,521046,买盘
11:19:04,30.13,0.0,52,156666,买盘
11:19:06,30.13,0.0,154,463903,买盘
11:19:09,30.1,-0.03,120,361269,卖盘
11:19:12,30.11,0.01,46,138488,买盘
11:19:16,30.11,0.0,20,60220,买盘
11:19:18,30.09,-0.02,144,433424,卖盘
11:19:22,30.1,0.01,62,186611,中性盘
11:19:24,30.12,0.02,71,213778,买盘
11:19:27,30.11,-0.01,3,9033,卖盘
11:19:30,30.1,-0.01,131,394346,卖盘
11:19:34,30.12,0.02,162,487940,买盘
11:19:37,30.12,0.0,1,3012,卖盘
11:19:39,30.13,0.01,44,132545,买盘
11:19:43,30.13,0.0,115,346470,买盘
11:19:45,30.11,-0.02,23,69268,卖盘
11:19:48,30.11,0.0,43,129442,买盘
11:19:52,30.09,-0.02,94,282983,卖盘
11:19:54,30.13,0.04,53,159327,买盘
11:19:57,30.12,-0.01,143,430907,卖盘
11:20:00,30.11,-0.01,165,497334,卖盘
11:20:04,30.15,0.04,21,63255,买盘
11:20:07,30.13,-0.02,74,222909,卖盘
11:20:10,30.11,-0.02,78,234915,卖盘
11:20:12,30.11,0.0,131,394564,买盘
11:20:16,30.12,0.01,23,69261,买盘
11:20:18,30.12,0.0,625,1880059,买盘
11:20:22,30.11,-0.01,92,276922,买盘
11:20:24,30.12,0.01,138,415649,买盘
11:20:27,30.11,-0.01,144,433721,卖盘
11:20:31,30.11,0.0,189,569244,卖盘
11:20:33,30.06,-0.05,181,544667,卖盘
11:20:36,30.08,0.02,30,90230,买盘
11:20:39,30.05,-0.03,732,2199841,卖盘
11:20:42,30.03,-0.02,312,937195,卖盘
11:20:45,30.06,0.03,11,33066,中性盘
11:20:48,30.05,-0.01,106,318970,卖盘
11:20:51,30.08,0.03,42,126234,买盘
11:20:54,30.08,0.0,57,171445,买盘
11:20:57,30.11,0.03,86,258910,买盘
11:21:00,30.06,-0.05,128,384930,卖盘
11:21:04,30.02,-0.04,433,1300676,卖盘
11:21:06,30.06,0.04,46,138344,卖盘
11:21:10,30.07,0.01,177,532742,中性盘
11:21:12,30.11,0.04,92,276856,买盘
11:21:15,30.1,-0.01,22,66211,中性盘
11:21:18,30.1,0.0,47,141470,买盘
11:21:21,30.07,-0.03,100,300856,卖盘
11:21:24,30.08,0.01,403,1211610,卖盘
11:21:27,30.11,0.03,137,412743,中性盘
11:21:30,30.1,-0.01,93,280010,卖盘
11:21:33,30.15,0.05,490,1476736,买盘
11:21:36,30.12,-0.03,49,147493,中性盘
11:21:40,30.1,-0.02,39,117478,卖盘
11:21:43,30.1,0.0,40,120428,卖盘
11:21:45,30.09,-0.01,17,51161,卖盘
11:21:48,30.1,0.01,64,192795,中性盘
11:21:52,30.09,-0.01,156,470038,卖盘
11:21:54,30.1,0.01,1029,3090389,中性盘
11:21:57,30.14,0.04,72,217023,买盘
11:22:00,30.12,-0.02,176,530448,卖盘
11:22:04,30.12,0.0,110,331426,买盘
11:22:06,30.13,0.01,199,599589,中性盘
11:22:09,30.13,0.0,115,346683,卖盘
11:22:12,30.14,0.01,458,1380481,买盘
11:22:16,30.13,-0.01,1023,3073200,卖盘
11:22:18,30.14,0.01,94,282930,买盘
11:22:21,30.11,-0.03,69,207750,中性盘
11:22:25,30.12,0.01,26,78319,中性盘
11:22:28,30.11,-0.01,15,45177,卖盘
11:22:31,30.05,-0.06,202,608770,卖盘
11:22:34,30.11,0.06,42,126418,买盘
11:22:36,30.12,0.01,228,685336,中性盘
11:22:40,30.11,-0.01,49,147280,中性盘
11:22:43,30.03,-0.08,334,1005617,卖盘
11:22:45,30.11,0.08,24,72272,中性盘
11:22:48,30.06,-0.05,29,87270,卖盘
11:22:51,30.06,0.0,71,213684,卖盘
11:22:54,30.06,0.0,7,21042,卖盘
11:22:57,30.08,0.02,5,15040,卖盘
11:23:00,30.06,-0.02,122,366784,卖盘
11:23:04,30.08,0.02,47,141344,买盘
11:23:06,30.08,0.0,129,388188,卖盘
11:23:09,30.08,0.0,774,2327422,卖盘
11:23:12,30.16,0.08,446,1343615,买盘
11:23:16,30.12,-0.04,51,153756,卖盘
11:23:19,30.12,0.0,23,69306,卖盘
11:23:21,30.12,0.0,45,135489,买盘
11:23:24,30.12,0.0,62,186944,买盘
11:23:27,30.15,0.03,115,346532,买盘
11:23:30,30.12,-0.03,118,355617,买盘
11:23:33,30.16,0.04,108,325428,买盘
11:23:36,30.12,-0.04,203,611902,中性盘
11:23:39,30.12,0.0,24,72359,卖盘
11:23:42,30.17,0.05,141,425112,买盘
11:23:46,30.12,-0.05,5,15072,中性盘
11:23:48,30.15,0.03,107,322148,买盘
11:23:52,30.12,-0.03,88,265285,中性盘
11:23:54,30.12,0.0,86,259240,卖盘
11:23:57,30.15,0.03,171,515905,卖盘
11:24:00,30.13,-0.02,41,123541,卖盘
11:24:05,30.15,0.02,36,108491,买盘
11:24:07,30.15,0.0,12,36178,买盘
11:24:09,30.15,0.0,96,289456,卖盘
11:24:12,30.16,0.01,114,343781,买盘
11:24:15,30.16,0.0,15,45246,卖盘
11:24:18,30.18,0.02,107,322955,买盘
11:24:22,30.18,0.0,117,353060,卖盘
11:24:25,30.19,0.01,305,920874,买盘
11:24:27,30.2,0.01,47,141915,买盘
11:24:30,30.15,-0.05,96,289759,卖盘
11:24:33,30.18,0.03,40,120740,买盘
11:24:36,30.18,0.0,8,24144,卖盘
11:24:39,30.16,-0.02,44,132752,卖盘
11:24:42,30.2,0.04,87,262696,买盘
11:24:45,30.18,-0.02,79,238544,卖盘
11:24:49,30.2,0.02,389,1174733,买盘
11:24:52,30.2,0.0,153,461935,买盘
11:24:55,30.19,-0.01,59,178124,中性盘
11:24:57,30.2,0.01,13,39260,买盘
11:25:00,30.21,0.01,99,298992,买盘
11:25:04,30.2,-0.01,29,87588,卖盘
11:25:06,30.21,0.01,27,81567,买盘
11:25:10,30.19,-0.02,83,250665,卖盘
11:25:13,30.21,0.02,159,480215,买盘
11:25:15,30.2,-0.01,10,30210,卖盘
11:25:19,30.22,0.02,80,241706,买盘
11:25:22,30.22,0.0,669,2022279,买盘
11:25:24,30.22,0.0,57,172251,买盘
11:25:27,30.23,0.01,11,33249,买盘
11:25:30,30.23,0.0,78,235753,买盘
11:25:33,30.23,0.0,45,136001,买盘
11:25:36,30.2,-0.03,49,148053,卖盘
11:25:39,30.22,0.02,51,154132,买盘
11:25:42,30.22,0.0,124,374709,卖盘
11:25:46,30.22,0.0,40,120855,买盘
11:25:49,30.22,0.0,106,320254,买盘
11:25:52,30.2,-0.02,231,697821,卖盘
11:25:55,30.2,0.0,72,217524,卖盘
11:25:58,30.21,0.01,52,157099,卖盘
11:26:00,30.21,0.0,143,431859,买盘
11:26:04,30.21,0.0,63,190311,买盘
11:26:06,30.23,0.02,155,468468,买盘
11:26:09,30.19,-0.04,79,238530,卖盘
11:26:12,30.18,-0.01,253,764503,卖盘
11:26:15,30.19,0.01,2126,6397452,中性盘
11:26:18,30.2,0.01,389,1175630,买盘
11:26:21,30.12,-0.08,137,413536,卖盘
11:26:24,30.13,0.01,55,165881,中性盘
11:26:28,30.13,0.0,1,3013,卖盘
11:26:30,30.12,-0.01,169,509201,卖盘
11:26:33,30.14,0.02,32,96493,中性盘
11:26:37,30.14,0.0,7,21113,卖盘
11:26:40,30.14,0.0,91,274433,卖盘
11:26:43,30.13,-0.01,122,367626,卖盘
11:26:46,30.14,0.01,15,45201,买盘
11:26:49,30.13,-0.01,239,720345,卖盘
11:26:51,30.14,0.01,243,732976,买盘
11:26:54,30.12,-0.02,79,238022,卖盘
11:26:57,30.12,0.0,10,30120,买盘
11:27:01,30.1,-0.02,80,240930,卖盘
11:27:05,30.1,0.0,85,255968,买盘
11:27:07,30.14,0.04,486,1463868,买盘
11:27:09,30.17,0.03,81,244309,中性盘
11:27:12,30.16,-0.01,52,156882,卖盘
11:27:15,30.16,0.0,69,208350,卖盘
11:27:18,30.2,0.04,87,262713,买盘
11:27:21,30.21,0.01,594,1794194,买盘
11:27:25,30.18,-0.03,25,75451,买盘
11:27:27,30.2,0.02,308,929509,卖盘
11:27:31,30.17,-0.03,24,72468,卖盘
11:27:33,30.2,0.03,43,129853,中性盘
11:27:36,30.17,-0.03,137,414079,卖盘
11:27:40,30.24,0.07,102,308014,买盘
11:27:43,30.25,0.01,1438,4349525,买盘
11:27:46,30.25,0.0,12,36253,买盘
11:27:48,30.2,-0.05,13,39277,卖盘
11:27:52,30.24,0.04,32,96687,买盘
11:27:55,30.21,-0.03,794,2401757,中性盘
11:27:58,30.24,0.03,139,420108,买盘
11:28:01,30.21,-0.03,37,111852,卖盘
11:28:04,30.21,0.0,17,51354,买盘
11:28:07,30.21,0.0,35,105959,卖盘
11:28:09,30.19,-0.02,136,410807,卖盘
11:28:12,30.2,0.01,96,289865,中性盘
11:28:16,30.2,0.0,12,36240,买盘
11:28:18,30.2,0.0,30,90600,买盘
11:28:22,30.17,-0.03,308,930955,卖盘
11:28:24,30.2,0.03,12,36240,中性盘
11:28:27,30.2,0.0,1,3020,卖盘
11:28:31,30.2,0.0,58,175360,卖盘
11:28:34,30.24,0.04,169,510387,买盘
11:28:37,30.24,0.0,56,169344,卖盘
11:28:39,30.25,0.01,105,317521,买盘
11:28:42,30.2,-0.05,45,135966,卖盘
11:28:46,30.24,0.04,6,18144,买盘
11:28:49,30.24,0.0,286,864852,买盘
11:28:52,30.2,-0.04,39,117870,卖盘
11:28:55,30.21,0.01,41,123849,中性盘
11:28:57,30.2,-0.01,40,120820,卖盘
11:29:01,30.2,0.0,230,694782,卖盘
11:29:04,30.24,0.04,44,132882,买盘
11:29:07,30.21,-0.03,169,511038,卖盘
11:29:09,30.19,-0.02,53,160035,卖盘
11:29:12,30.2,0.01,214,646870,卖盘
11:29:15,30.19,-0.01,4,12076,中性盘
11:29:18,30.2,0.01,192,579818,买盘
11:29:22,30.2,0.0,74,223398,买盘
11:29:24,30.2,0.0,247,745914,买盘
11:29:27,30.2,0.0,22,66440,卖盘
11:29:30,30.19,-0.01,47,141934,卖盘
11:29:33,30.24,0.05,275,831208,买盘
11:29:36,30.24,0.0,29,87703,卖盘
11:29:39,30.2,-0.04,576,1741255,卖盘
11:29:43,30.2,0.0,18,54360,买盘
11:29:46,30.2,0.0,8,24158,买盘
11:29:49,30.2,0.0,160,483200,买盘
11:29:52,30.2,0.0,27,81572,卖盘
11:29:54,30.25,0.05,104,314477,买盘
11:29:58,30.21,-0.04,97,293401,卖盘
11:30:01,30.25,0.04,10,30258,卖盘
13:00:00,30.26,0.01,350,1059331,买盘
13:00:05,30.27,0.01,2228,6741748,买盘
13:00:07,30.25,-0.02,1333,4032525,卖盘
13:00:09,30.25,0.0,178,538419,买盘
13:00:13,30.24,-0.01,336,1016312,卖盘
13:00:15,30.22,-0.02,110,332484,卖盘
13:00:18,30.21,-0.01,869,2627453,卖盘
13:00:22,30.2,-0.01,32,96679,卖盘
13:00:25,30.25,0.05,176,532274,买盘
13:00:28,30.22,-0.03,100,302200,卖盘
13:00:30,30.25,0.03,136,411016,买盘
13:00:33,30.21,-0.04,171,516875,卖盘
13:00:36,30.19,-0.02,244,735645,卖盘
13:00:40,30.21,0.02,9,27174,中性盘
13:00:42,30.21,0.0,144,435075,卖盘
13:00:46,30.18,-0.03,76,229501,卖盘
13:00:49,30.18,0.0,63,190276,卖盘
13:00:51,30.19,0.01,63,190195,中性盘
13:00:54,30.19,0.0,39,117748,卖盘
13:00:57,30.18,-0.01,42,126793,卖盘
13:01:01,30.18,0.0,44,132855,卖盘
13:01:04,30.19,0.01,159,479933,买盘
13:01:07,30.19,0.0,70,211565,卖盘
13:01:10,30.24,0.05,44,133056,买盘
13:01:13,30.24,0.0,27,81576,买盘
13:01:15,30.19,-0.05,218,658436,卖盘
13:01:18,30.21,0.02,161,486124,买盘
13:01:21,30.2,-0.01,55,166100,中性盘
13:01:24,30.21,0.01,321,969117,买盘
13:01:27,30.2,-0.01,74,223313,中性盘
13:01:30,30.18,-0.02,106,319989,卖盘
13:01:33,30.21,0.03,153,461832,买盘
13:01:36,30.18,-0.03,332,1001966,卖盘
13:01:40,30.18,0.0,258,778057,买盘
13:01:42,30.15,-0.03,352,1061506,卖盘
13:01:46,30.16,0.01,331,997979,买盘
13:01:48,30.12,-0.04,209,629735,卖盘
13:01:51,30.16,0.04,528,1592897,买盘
13:01:54,30.16,0.0,68,205030,卖盘
13:01:58,30.12,-0.04,231,697103,卖盘
13:02:01,30.16,0.04,157,473824,卖盘
13:02:05,30.18,0.02,180,543427,买盘
13:02:07,30.16,-0.02,203,612746,卖盘
13:02:10,30.2,0.04,196,592032,买盘
13:02:12,30.2,0.0,944,2854107,卖盘
13:02:15,30.18,-0.02,180,543707,卖盘
13:02:18,30.24,0.06,182,550190,买盘
13:02:21,30.19,-0.05,32,96600,卖盘
13:02:25,30.19,0.0,111,335088,买盘
13:02:28,30.18,-0.01,280,844865,卖盘
13:02:31,30.18,0.0,38,114688,买盘
13:02:34,30.18,0.0,198,597695,买盘
13:02:36,30.18,0.0,869,2621710,卖盘
13:02:39,30.18,0.0,56,169007,买盘
13:02:42,30.18,0.0,1061,3201163,买盘
13:02:45,30.18,0.0,35,105598,买盘
13:02:48,30.24,0.06,171,516887,买盘
13:02:51,30.23,-0.01,843,2546235,卖盘
13:02:55,30.21,-0.02,97,293208,买盘
13:02:57,30.24,0.03,116,350624,买盘
13:03:00,30.23,-0.01,56,169317,卖盘
13:03:04,30.21,-0.02,144,434789,卖盘
13:03:06,30.24,0.03,83,250695,买盘
13:03:09,30.21,-0.03,307,928092,卖盘
13:03:12,30.17,-0.04,151,456168,卖盘
13:03:15,30.17,0.0,122,368189,买盘
13:03:19,30.16,-0.01,159,479936,卖盘
13:03:21,30.17,0.01,187,564304,卖盘
13:03:24,30.17,0.0,138,416750,卖盘
13:03:27,30.17,0.0,79,238505,卖盘
13:03:30,30.17,0.0,70,211190,卖盘
13:03:33,30.16,-0.01,181,546360,卖盘
13:03:37,30.18,0.02,50,151084,中性盘
13:03:39,30.24,0.06,137,413694,买盘
13:03:43,30.19,-0.05,54,163241,中性盘
13:03:45,30.24,0.05,52,157126,买盘
13:03:48,30.19,-0.05,101,305134,卖盘
13:03:51,30.23,0.04,323,975366,中性盘
13:03:54,30.19,-0.04,791,2388225,卖盘
13:03:57,30.23,0.04,288,869523,买盘
13:04:01,30.21,-0.02,212,640565,中性盘
13:04:04,30.21,0.0,48,145071,买盘
13:04:07,30.21,0.0,91,275100,卖盘
13:04:10,30.21,0.0,33,99702,卖盘
13:04:12,30.2,-0.01,115,347577,卖盘
13:04:15,30.18,-0.02,142,428821,卖盘
13:04:18,30.2,0.02,94,283900,中性盘
13:04:22,30.23,0.03,349,1054266,买盘
13:04:24,30.24,0.01,228,689365,买盘
13:04:27,30.23,-0.01,84,253958,卖盘
13:04:30,30.24,0.01,59,178363,买盘
13:04:33,30.21,-0.03,171,516908,卖盘
13:04:37,30.22,0.01,188,567825,中性盘
13:04:40,30.23,0.01,92,277855,买盘
13:04:42,30.23,0.0,90,272065,买盘
13:04:46,30.23,0.0,55,166272,卖盘
13:04:49,30.22,-0.01,1120,3387673,卖盘
13:04:51,30.25,0.03,194,586820,买盘
13:04:54,30.22,-0.03,76,229735,卖盘
13:04:57,30.23,0.01,54,163221,中性盘
13:05:01,30.24,0.01,53,160233,买盘
13:05:05,30.22,-0.02,99,299203,卖盘
13:05:07,30.22,0.0,82,247807,买盘
13:05:09,30.18,-0.04,198,598164,卖盘
13:05:12,30.23,0.05,33,99692,买盘
13:05:16,30.18,-0.05,105,317363,卖盘
13:05:19,30.19,0.01,119,359205,买盘
13:05:21,30.23,0.04,19,57450,买盘
13:05:24,30.19,-0.04,69,208443,卖盘
13:05:27,30.2,0.01,34,102661,中性盘
13:05:31,30.2,0.0,86,259563,买盘
13:05:34,30.22,0.02,77,232653,买盘
13:05:36,30.18,-0.04,395,1192392,卖盘
13:05:40,30.19,0.01,119,359240,买盘
13:05:43,30.23,0.04,58,175299,买盘
13:05:45,30.19,-0.04,68,205396,卖盘
13:05:49,30.23,0.04,92,277719,买盘
13:05:51,30.23,0.0,38,114874,买盘
13:05:54,30.2,-0.03,80,241732,卖盘
13:05:57,30.2,0.0,132,398700,卖盘
13:06:00,30.2,0.0,454,1371101,卖盘
13:06:05,30.21,0.01,357,1078226,买盘
13:06:07,30.24,0.03,113,341627,买盘
13:06:09,30.21,-0.03,119,359617,卖盘
13:06:13,30.25,0.04,209,631228,买盘
13:06:15,30.25,0.0,124,374808,买盘
13:06:18,30.2,-0.05,166,501683,卖盘
13:06:21,30.2,0.0,249,752101,卖盘
13:06:24,30.2,0.0,118,356345,买盘
13:06:27,30.2,0.0,43,130004,卖盘
13:06:31,30.2,0.0,48,145004,卖盘
13:06:34,30.2,0.0,41,123864,卖盘
13:06:36,30.23,0.03,61,184288,买盘
13:06:39,30.2,-0.03,67,202441,卖盘
13:06:43,30.25,0.05,176,532276,买盘
13:06:45,30.21,-0.04,1160,3508904,卖盘
13:06:49,30.21,0.0,336,1016072,中性盘
13:06:51,30.26,0.05,434,1312124,买盘
13:06:54,30.26,0.0,119,360078,买盘
13:06:57,30.22,-0.04,150,453817,卖盘
13:07:00,30.25,0.03,100,302381,买盘
13:07:04,30.22,-0.03,189,571485,卖盘
13:07:06,30.22,0.0,138,417315,卖盘
13:07:09,30.22,0.0,116,350798,卖盘
13:07:13,30.21,-0.01,85,256957,卖盘
13:07:16,30.25,0.04,60,181398,买盘
13:07:18,30.25,0.0,182,550220,买盘
13:07:21,30.25,0.0,112,338776,买盘
13:07:24,30.21,-0.04,217,656032,卖盘
13:07:27,30.25,0.04,133,402213,买盘
13:07:30,30.21,-0.04,73,220673,卖盘
13:07:33,30.21,0.0,44,133082,卖盘
13:07:37,30.22,0.01,64,195245,中性盘
13:07:39,30.21,-0.01,116,350722,卖盘
13:07:42,30.22,0.01,62,187582,中性盘
13:07:46,30.22,0.0,50,151145,卖盘
13:07:49,30.26,0.04,104,314547,买盘
13:07:51,30.26,0.0,29,87697,买盘
13:07:54,30.22,-0.04,70,211678,卖盘
13:07:58,30.22,0.0,92,278267,卖盘
13:08:00,30.26,0.04,59,178466,买盘
13:08:04,30.26,0.0,652,1973498,卖盘
13:08:07,30.27,0.01,94,284459,买盘
13:08:10,30.26,-0.01,317,959503,卖盘
13:08:12,30.27,0.01,258,780904,买盘
13:08:15,30.26,-0.01,159,481109,卖盘
13:08:19,30.27,0.01,255,771302,买盘
13:08:21,30.27,0.0,106,320783,买盘
13:08:24,30.27,0.0,1095,3314641,卖盘
13:08:27,30.26,-0.01,461,1395802,卖盘
13:08:30,30.27,0.01,79,239077,买盘
13:08:33,30.26,-0.01,221,669084,卖盘
13:08:37,30.26,0.0,317,959135,卖盘
13:08:39,30.27,0.01,99,299466,中性盘
13:08:42,30.27,0.0,139,420832,买盘
13:08:46,30.27,0.0,84,254283,卖盘
13:08:48,30.27,0.0,192,581060,卖盘
13:08:51,30.27,0.0,506,1531644,买盘
13:08:54,30.27,0.0,187,566006,买盘
13:08:57,30.23,-0.04,143,432908,卖盘
13:09:00,30.27,0.04,85,257334,中性盘
13:09:04,30.27,0.0,203,614015,卖盘
13:09:06,30.28,0.01,115,348164,买盘
13:09:09,30.28,0.0,139,420574,买盘
13:09:12,30.27,-0.01,87,263420,卖盘
13:09:15,30.23,-0.04,146,442026,卖盘
13:09:18,30.28,0.05,186,562724,买盘
13:09:22,30.25,-0.03,77,233117,卖盘
13:09:25,30.29,0.04,65,196853,买盘
13:09:27,30.25,-0.04,103,311806,卖盘
13:09:30,30.29,0.04,1225,3711065,买盘
13:09:33,30.29,0.0,332,1005836,卖盘
13:09:36,30.29,0.0,115,348394,卖盘
13:09:39,30.29,0.0,329,996809,卖盘
13:09:42,30.29,0.0,103,312069,卖盘
13:09:45,30.29,0.0,128,387793,卖盘
13:09:48,30.3,0.01,347,1051172,买盘
13:09:51,30.29,-0.01,49,148424,卖盘
13:09:54,30.29,0.0,211,639289,卖盘
13:09:58,30.29,0.0,406,1230115,卖盘
13:10:00,30.3,0.01,90,272692,买盘
13:10:04,30.29,-0.01,139,421164,卖盘
13:10:07,30.3,0.01,545,1651306,买盘
13:10:10,30.3,0.0,183,554425,买盘
13:10:12,30.29,-0.01,567,1717976,卖盘
13:10:15,30.3,0.01,548,1660350,买盘
13:10:18,30.3,0.0,228,690752,买盘
13:10:21,30.3,0.0,148,448522,卖盘
13:10:25,30.29,-0.01,346,1048523,卖盘
13:10:28,30.32,0.03,79,239439,买盘
13:10:31,30.32,0.0,185,560816,买盘
13:10:33,30.3,-0.02,126,381996,卖盘
13:10:36,30.3,0.0,94,284805,卖盘
13:10:39,30.3,0.0,140,424353,卖盘
13:10:42,30.32,0.02,133,403130,买盘
13:10:46,30.3,-0.02,166,503318,卖盘
13:10:49,30.31,0.01,126,382084,中性盘
13:10:52,30.31,0.0,529,1605057,卖盘
13:10:54,30.34,0.03,18,54612,买盘
13:10:57,30.35,0.01,231,701029,买盘
13:11:00,30.31,-0.04,278,842604,卖盘
13:11:04,30.3,-0.01,318,963802,卖盘
13:11:07,30.29,-0.01,283,857658,卖盘
13:11:10,30.35,0.06,450,1364358,买盘
13:11:12,30.35,0.0,769,2333875,买盘
13:11:15,30.35,0.0,321,974143,买盘
13:11:18,30.35,0.0,573,1738996,买盘
13:11:21,30.37,0.02,764,2319817,买盘
13:11:25,30.34,-0.03,259,786553,卖盘
13:11:27,30.33,-0.01,644,1955426,买盘
13:11:30,30.38,0.05,1247,3787943,买盘
13:11:33,30.35,-0.03,435,1321488,卖盘
13:11:36,30.35,0.0,85,257974,卖盘
13:11:39,30.38,0.03,113,343180,买盘
13:11:43,30.4,0.02,910,2765228,买盘
13:11:46,30.37,-0.03,256,777838,卖盘
13:11:48,30.39,0.02,280,850015,买盘
13:11:52,30.4,0.01,47,142817,买盘
13:11:54,30.4,0.0,161,489339,买盘
13:11:57,30.39,-0.01,161,489321,卖盘
13:12:00,30.4,0.01,77,234039,买盘
13:12:04,30.39,-0.01,181,550108,卖盘
13:12:07,30.4,0.01,201,610841,买盘
13:12:10,30.35,-0.05,185,562109,卖盘
13:12:13,30.4,0.05,405,1231175,买盘
13:12:15,30.4,0.0,171,519723,买盘
13:12:18,30.4,0.0,141,428603,买盘
13:12:21,30.42,0.02,214,649607,买盘
13:12:25,30.42,0.0,155,471342,买盘
13:12:28,30.41,-0.01,45,138018,卖盘
13:12:31,30.39,-0.02,181,550225,卖盘
13:12:33,30.39,0.0,302,918352,卖盘
13:12:37,30.39,0.0,166,504681,卖盘
13:12:39,30.42,0.03,311,945659,买盘
13:12:42,30.42,0.0,888,2700393,买盘
13:12:45,30.39,-0.03,147,446984,卖盘
13:12:49,30.4,0.01,176,534882,买盘
13:12:52,30.43,0.03,224,681329,买盘
13:12:54,30.43,0.0,284,864061,买盘
13:12:57,30.39,-0.04,99,300968,卖盘
13:13:00,30.39,0.0,238,723180,卖盘
13:13:04,30.38,-0.01,160,486295,卖盘
13:13:06,30.36,-0.02,235,714135,卖盘
13:13:09,30.35,-0.01,218,662396,卖盘
13:13:12,30.41,0.06,317,963730,买盘
13:13:16,30.41,0.0,151,458940,买盘
13:13:19,30.35,-0.06,134,406914,卖盘
13:13:21,30.41,0.06,153,464375,买盘
13:13:25,30.33,-0.08,115,349342,卖盘
13:13:27,30.35,0.02,51,154826,买盘
13:13:31,30.4,0.05,135,409884,买盘
13:13:34,30.35,-0.05,283,860131,卖盘
13:13:37,30.4,0.05,60,182156,买盘
13:13:39,30.36,-0.04,94,285404,卖盘
13:13:42,30.36,0.0,211,641166,买盘
13:13:46,30.4,0.04,111,337389,买盘
13:13:49,30.36,-0.04,444,1348674,卖盘
13:13:52,30.38,0.02,220,668515,买盘
13:13:54,30.36,-0.02,203,616781,卖盘
13:13:57,30.4,0.04,117,355601,买盘
13:14:00,30.42,0.02,186,565978,买盘
13:14:05,30.42,0.0,275,836467,卖盘
13:14:07,30.37,-0.05,168,510519,卖盘
13:14:09,30.36,-0.01,527,1603146,卖盘
13:14:13,30.4,0.04,107,325167,买盘
13:14:15,30.4,0.0,133,404116,买盘
13:14:18,30.4,0.0,117,355553,买盘
13:14:21,30.39,-0.01,78,236774,中性盘
13:14:25,30.36,-0.03,106,322041,卖盘
13:14:27,30.39,0.03,69,209518,买盘
13:14:30,30.36,-0.03,132,401074,卖盘
13:14:34,30.4,0.04,63,191474,买盘
13:14:36,30.4,0.0,189,573971,买盘
13:14:39,30.35,-0.05,17,51649,卖盘
13:14:42,30.4,0.05,154,467705,买盘
13:14:46,30.35,-0.05,85,258091,卖盘
13:14:49,30.34,-0.01,342,1038581,卖盘
13:14:51,30.35,0.01,100,303516,卖盘
13:14:54,30.36,0.01,238,723407,卖盘
13:14:57,30.35,-0.01,171,519403,卖盘
13:15:00,30.38,0.03,562,1707619,买盘
13:15:05,30.39,0.01,254,771720,买盘
13:15:07,30.39,0.0,173,525614,买盘
13:15:10,30.38,-0.01,128,388806,中性盘
13:15:12,30.38,0.0,431,1308586,买盘
13:15:15,30.34,-0.04,176,534304,卖盘
13:15:19,30.36,0.02,189,573687,中性盘
13:15:21,30.34,-0.02,79,239832,卖盘
13:15:24,30.34,0.0,123,373454,卖盘
13:15:27,30.38,0.04,113,342881,买盘
13:15:30,30.38,0.0,145,440343,买盘
13:15:33,30.35,-0.03,63,191238,卖盘
13:15:37,30.38,0.03,121,367380,买盘
13:15:39,30.34,-0.04,140,424925,卖盘
13:15:42,30.35,0.01,52,157799,买盘
13:15:45,30.33,-0.02,223,676782,卖盘
13:15:48,30.33,0.0,253,767592,卖盘
13:15:51,30.35,0.02,147,446145,买盘
13:15:54,30.35,0.0,287,871115,卖盘
13:15:57,30.35,0.0,167,507247,卖盘
13:16:00,30.38,0.03,251,762600,买盘
13:16:04,30.37,-0.01,80,242861,卖盘
13:16:07,30.35,-0.02,117,355248,卖盘
13:16:10,30.35,0.0,60,182111,卖盘
13:16:12,30.39,0.04,21,63786,买盘
13:16:15,30.35,-0.04,49,148798,卖盘
13:16:18,30.36,0.01,328,996423,卖盘
13:16:21,30.39,0.03,92,279477,买盘
13:16:24,30.35,-0.04,230,698292,卖盘
13:16:28,30.35,0.0,36,109312,卖盘
13:16:30,30.36,0.01,58,176055,中性盘
13:16:33,30.36,0.0,92,279303,买盘
13:16:37,30.36,0.0,263,798411,买盘
13:16:39,30.36,0.0,56,169984,买盘
13:16:42,30.38,0.02,101,306654,买盘
13:16:45,30.38,0.0,51,154909,买盘
13:16:48,30.36,-0.02,68,206475,卖盘
13:16:51,30.38,0.02,72,218586,卖盘
13:16:55,30.36,-0.02,125,379730,卖盘
13:16:57,30.36,0.0,126,382764,卖盘
13:17:00,30.38,0.02,142,431340,买盘
13:17:04,30.39,0.01,44,133674,中性盘
13:17:06,30.36,-0.03,78,236836,卖盘
13:17:09,30.37,0.01,102,309782,买盘
13:17:12,30.4,0.03,47,142799,买盘
13:17:15,30.36,-0.04,310,941166,卖盘
13:17:18,30.36,0.0,177,537280,买盘
13:17:21,30.36,0.0,53,160877,买盘
13:17:24,30.36,0.0,453,1375012,买盘
13:17:27,30.36,0.0,207,628346,买盘
13:17:30,30.35,-0.01,127,385512,卖盘
13:17:33,30.37,0.02,53,161047,卖盘
13:17:36,30.4,0.03,164,498474,买盘
13:17:39,30.36,-0.04,114,346291,卖盘
13:17:42,30.37,0.01,18,54717,中性盘
13:17:46,30.37,0.0,76,230941,卖盘
13:17:48,30.39,0.02,154,467768,买盘
13:17:52,30.37,-0.02,425,1290745,卖盘
13:17:54,30.37,0.0,333,1011320,买盘
13:17:58,30.35,-0.02,200,607335,卖盘
13:18:00,30.37,0.02,183,555697,买盘
13:18:04,30.4,0.03,66,200613,买盘
13:18:07,30.4,0.0,78,237082,买盘
13:18:09,30.37,-0.03,55,167064,卖盘
13:18:12,30.39,0.02,23,69899,买盘
13:18:15,30.37,-0.02,315,957425,卖盘
13:18:19,30.37,0.0,117,355321,买盘
13:18:22,30.36,-0.01,83,252197,卖盘
13:18:24,30.41,0.05,260,790397,买盘
13:18:27,30.38,-0.03,147,446688,卖盘
13:18:30,30.41,0.03,103,313051,买盘
13:18:33,30.41,0.0,27,82095,买盘
13:18:37,30.38,-0.03,66,200655,卖盘
13:18:39,30.38,0.0,66,200583,卖盘
13:18:43,30.4,0.02,38,115519,买盘
13:18:46,30.41,0.01,567,1724674,买盘
13:18:48,30.38,-0.03,193,586789,卖盘
13:18:51,30.37,-0.01,795,2415017,卖盘
13:18:55,30.4,0.03,796,2420278,买盘
13:18:57,30.41,0.01,80,243119,买盘
13:19:00,30.4,-0.01,193,586846,卖盘
13:19:04,30.4,0.0,55,167200,买盘
13:19:07,30.4,0.0,154,468260,买盘
13:19:09,30.37,-0.03,213,647150,卖盘
13:19:13,30.43,0.06,345,1048845,买盘
13:19:15,30.42,-0.01,424,1290236,卖盘
13:19:19,30.4,-0.02,74,225085,卖盘
13:19:22,30.44,0.04,41,124694,买盘
13:19:24,30.43,-0.01,825,2511622,卖盘
13:19:28,30.43,0.0,21,63884,买盘
13:19:31,30.45,0.02,281,855606,买盘
13:19:33,30.43,-0.02,18,54803,卖盘
13:19:37,30.4,-0.03,335,1019907,卖盘
13:19:40,30.43,0.03,19,57774,中性盘
13:19:43,30.44,0.01,364,1108204,买盘
13:19:46,30.44,0.0,26,79147,中性盘
13:19:49,30.4,-0.04,85,258500,卖盘
13:19:52,30.45,0.05,92,279889,买盘
13:19:54,30.45,0.0,637,1939667,买盘
13:19:57,30.43,-0.02,144,438042,买盘
13:20:00,30.46,0.03,142,430362,买盘
13:20:04,30.47,0.01,315,959102,买盘
13:20:06,30.46,-0.01,129,392758,中性盘
13:20:09,30.41,-0.05,421,1281577,卖盘
13:20:12,30.45,0.04,587,1786752,买盘
13:20:15,30.42,-0.03,62,188636,中性盘
13:20:19,30.46,0.04,1015,3091090,买盘
13:20:21,30.38,-0.08,845,2574140,卖盘
13:20:24,30.45,0.07,83,252612,买盘
13:20:28,30.42,-0.03,238,724691,卖盘
13:20:30,30.42,0.0,75,228246,卖盘
13:20:33,30.4,-0.02,390,1187414,卖盘
13:20:36,30.45,0.05,154,468910,买盘
13:20:40,30.4,-0.05,41,124694,卖盘
13:20:43,30.44,0.04,132,401402,买盘
13:20:45,30.38,-0.06,65,197588,卖盘
13:20:49,30.44,0.06,91,276932,买盘
13:20:51,30.44,0.0,300,912795,买盘
13:20:54,30.4,-0.04,427,1299375,卖盘
13:20:57,30.38,-0.02,18,54685,卖盘
13:21:01,30.45,0.07,129,392358,买盘
13:21:04,30.45,0.0,171,520419,卖盘
13:21:07,30.46,0.01,213,648562,买盘
13:21:10,30.4,-0.06,93,283092,卖盘
13:21:12,30.47,0.07,337,1026805,买盘
13:21:16,30.4,-0.07,25,76046,卖盘
13:21:18,30.4,0.0,100,303947,卖盘
13:21:21,30.4,0.0,58,176333,卖盘
13:21:24,30.4,0.0,93,282782,买盘
13:21:27,30.4,0.0,796,2424358,卖盘
13:21:31,30.4,0.0,96,291995,卖盘
13:21:34,30.44,0.04,15,45664,买盘
13:21:36,30.4,-0.04,61,185571,卖盘
13:21:39,30.41,0.01,61,185537,中性盘
13:21:43,30.42,0.01,167,508225,卖盘
13:21:45,30.42,0.0,16,48697,卖盘
13:21:48,30.4,-0.02,239,727337,卖盘
13:21:51,30.45,0.05,36,109530,买盘
13:21:54,30.45,0.0,73,222236,买盘
13:21:57,30.39,-0.06,279,848221,卖盘
13:22:00,30.45,0.06,97,294935,买盘
13:22:04,30.42,-0.03,101,306922,买盘
13:22:07,30.42,0.0,63,191604,买盘
13:22:10,30.42,0.0,94,285950,卖盘
13:22:12,30.4,-0.02,34,103400,卖盘
13:22:15,30.4,0.0,425,1292022,卖盘
13:22:18,30.39,-0.01,130,395221,卖盘
13:22:22,30.42,0.03,57,173422,买盘
13:22:25,30.45,0.03,351,1068404,买盘
13:22:28,30.38,-0.07,928,2825851,卖盘
13:22:30,30.37,-0.01,117,355675,卖盘
13:22:34,30.42,0.05,40,121724,卖盘
13:22:36,30.45,0.03,127,386353,买盘
13:22:40,30.45,0.0,197,599516,买盘
13:22:42,30.45,0.0,60,182693,卖盘
13:22:45,30.45,0.0,27,82172,买盘
13:22:49,30.45,0.0,78,237345,买盘
13:22:51,30.45,0.0,49,149093,买盘
13:22:55,30.45,0.0,85,258685,买盘
13:22:58,30.37,-0.08,85,258282,卖盘
13:23:00,30.36,-0.01,332,1008669,卖盘
13:23:04,30.44,0.08,37,112478,买盘
13:23:07,30.45,0.01,343,1044213,买盘
13:23:10,30.44,-0.01,86,261580,中性盘
13:23:13,30.4,-0.04,12,36489,中性盘
13:23:15,30.4,0.0,24,72935,买盘
13:23:18,30.4,0.0,180,547029,买盘
13:23:21,30.4,0.0,22,66835,买盘
13:23:24,30.42,0.02,491,1493797,买盘
13:23:27,30.35,-0.07,69,209642,卖盘
13:23:30,30.37,0.02,77,233801,卖盘
13:23:33,30.37,0.0,110,334048,买盘
13:23:39,30.37,0.0,175,531384,买盘
13:23:42,30.37,0.0,222,674812,卖盘
13:23:46,30.38,0.01,19,57708,买盘
13:23:48,30.37,-0.01,131,398076,卖盘
13:23:51,30.37,0.0,13,39481,卖盘
13:23:54,30.4,0.03,52,158078,买盘
13:23:57,30.4,0.0,101,306937,买盘
13:24:00,30.42,0.02,134,407150,买盘
13:24:04,30.41,-0.01,204,620800,买盘
13:24:07,30.41,0.0,109,331552,卖盘
13:24:10,30.41,0.0,29,88188,卖盘
13:24:13,30.41,0.0,141,428882,买盘
13:24:15,30.42,0.01,65,197675,买盘
13:24:18,30.4,-0.02,86,261530,卖盘
13:24:21,30.42,0.02,4,12165,买盘
13:24:24,30.4,-0.02,58,176348,卖盘
13:24:27,30.38,-0.02,51,154763,卖盘
13:24:30,30.42,0.04,83,252486,买盘
13:24:34,30.44,0.02,189,575299,买盘
13:24:36,30.4,-0.04,201,611694,卖盘
13:24:39,30.4,0.0,112,340451,卖盘
13:24:42,30.4,0.0,41,124640,买盘
13:24:45,30.4,0.0,134,407327,买盘
13:24:49,30.4,0.0,250,759864,买盘
13:24:52,30.4,0.0,124,376924,买盘
13:24:55,30.43,0.03,55,167312,买盘
13:24:57,30.44,0.01,111,337691,买盘
13:25:00,30.45,0.01,410,1248232,买盘
13:25:04,30.46,0.01,318,968291,买盘
13:25:06,30.45,-0.01,26,79184,卖盘
13:25:10,30.41,-0.04,122,371417,卖盘
13:25:13,30.41,0.0,57,173340,买盘
13:25:15,30.45,0.04,110,334927,买盘
13:25:18,30.44,-0.01,570,1735658,卖盘
13:25:21,30.42,-0.02,61,185503,中性盘
13:25:24,30.41,-0.01,49,148982,中性盘
13:25:27,30.44,0.03,67,203802,买盘
13:25:31,30.4,-0.04,114,346611,中性盘
13:25:33,30.44,0.04,31,94358,买盘
13:25:37,30.43,-0.01,38,115654,卖盘
13:25:39,30.44,0.01,20,60857,买盘
13:25:43,30.41,-0.03,97,295116,卖盘
13:25:45,30.42,0.01,295,898058,中性盘
13:25:48,30.41,-0.01,37,112510,卖盘
13:25:51,30.4,-0.01,231,702244,卖盘
13:25:54,30.41,0.01,150,456071,买盘
13:25:57,30.39,-0.02,4,12159,卖盘
13:26:00,30.41,0.02,14,42574,买盘
13:26:04,30.43,0.02,288,876148,买盘
13:26:07,30.42,-0.01,51,155158,中性盘
13:26:10,30.4,-0.02,272,827433,卖盘
13:26:12,30.4,0.0,35,106443,卖盘
13:26:15,30.43,0.03,9,27374,买盘
13:26:18,30.4,-0.03,453,1378125,卖盘
13:26:21,30.4,0.0,31,94243,卖盘
13:26:24,30.44,0.04,120,364838,买盘
13:26:27,30.4,-0.04,61,185393,卖盘
13:26:30,30.43,0.03,35,106502,买盘
13:26:33,30.45,0.02,224,681938,买盘
13:26:37,30.44,-0.01,310,943749,中性盘
13:26:39,30.45,0.01,24,73060,买盘
13:26:43,30.41,-0.04,84,255646,卖盘
13:26:45,30.43,0.02,48,145970,买盘
13:26:49,30.45,0.02,385,1172068,买盘
13:26:55,30.45,0.0,57,173560,买盘
13:26:58,30.45,0.0,110,333323,买盘
13:27:01,30.45,0.0,42,127868,卖盘
13:27:04,30.46,0.01,168,511657,买盘
13:27:07,30.45,-0.01,94,286251,卖盘
13:27:09,30.46,0.01,59,179699,买盘
13:27:12,30.45,-0.01,41,124875,卖盘
13:27:15,30.46,0.01,105,319824,买盘
13:27:18,30.45,-0.01,131,398989,卖盘
13:27:21,30.45,0.0,190,578663,卖盘
13:27:25,30.47,0.02,297,904692,买盘
13:27:28,30.46,-0.01,230,700720,卖盘
13:27:30,30.47,0.01,147,447773,中性盘
13:27:33,30.48,0.01,15,45718,买盘
13:27:37,30.47,-0.01,330,1005828,卖盘
13:27:40,30.47,0.0,73,222371,卖盘
13:27:42,30.48,0.01,186,566982,买盘
13:27:45,30.48,0.0,12,36576,卖盘
13:27:48,30.48,0.0,188,573182,卖盘
13:27:52,30.48,0.0,105,320123,中性盘
13:27:55,30.49,0.01,61,186382,买盘
13:27:58,30.48,-0.01,118,359263,卖盘
13:28:01,30.48,0.0,79,240804,卖盘
13:28:04,30.48,0.0,181,551408,买盘
13:28:07,30.49,0.01,158,481680,买盘
13:28:10,30.48,-0.01,155,472312,卖盘
13:28:12,30.49,0.01,165,503237,买盘
13:28:15,30.47,-0.02,76,231651,卖盘
13:28:19,30.44,-0.03,153,465911,卖盘
13:28:22,30.45,0.01,6,18267,买盘
13:28:25,30.48,0.03,128,390078,买盘
13:28:27,30.48,0.0,82,249881,买盘
