time,price,change,volume,amount,type
09:25:04,30.01,-0.41,7450,22359791,卖盘
09:30:00,30.04,0.03,264,793008,买盘
09:30:04,30.0,-0.04,6110,18332100,卖盘
09:30:07,30.01,0.01,2495,7484324,买盘
09:30:10,30.02,0.01,1857,5570126,买盘
09:30:13,30.01,-0.01,1408,4223297,卖盘
09:30:15,29.95,-0.06,1072,3213533,卖盘
09:30:18,29.91,-0.04,584,1747976,卖盘
09:30:22,29.94,0.03,1823,5451913,中性盘
09:30:25,29.89,-0.05,538,1607840,卖盘
09:30:28,29.89,0.0,2805,8391889,买盘
09:30:31,30.0,0.11,548,1639358,买盘
09:30:33,29.88,-0.12,1194,3568327,卖盘
09:30:37,29.88,0.0,353,1054982,卖盘
09:30:39,29.94,0.06,147,439714,中性盘
09:30:43,29.91,-0.03,904,2703610,中性盘
09:30:45,29.9,-0.01,194,580105,中性盘
09:30:49,29.88,-0.02,966,2887948,卖盘
09:30:51,29.9,0.02,797,2383259,卖盘
09:30:55,29.9,0.0,1926,5755585,买盘
09:30:57,29.89,-0.01,381,1139146,卖盘
09:31:00,29.9,0.01,139,415619,卖盘
09:31:04,29.88,-0.02,2840,8486275,卖盘
09:31:06,29.9,0.02,685,2047361,买盘
09:31:09,29.88,-0.02,831,2482280,卖盘
09:31:12,29.88,0.0,602,1798414,卖盘
09:31:16,29.89,0.01,394,1176840,买盘
09:31:19,29.9,0.01,946,2826106,买盘
09:31:21,29.88,-0.02,512,1529839,卖盘
09:31:25,29.9,0.02,413,1233614,买盘
09:31:27,29.9,0.0,337,1007557,买盘
09:31:31,29.91,0.01,487,1456301,中性盘
09:31:33,29.89,-0.02,548,1638525,卖盘
09:31:37,29.88,-0.01,406,1213455,卖盘
09:31:40,29.92,0.04,278,831184,买盘
09:31:42,29.92,0.0,63,188496,卖盘
09:31:46,29.9,-0.02,808,2415438,卖盘
09:31:48,29.92,0.02,306,914897,买盘
09:31:51,29.9,-0.02,644,1924876,卖盘
09:31:55,29.92,0.02,116,346976,买盘
09:31:57,29.93,0.01,361,1079909,买盘
09:32:01,29.93,0.0,436,1305184,卖盘
09:32:05,29.91,-0.02,209,625260,卖盘
09:32:07,29.93,0.02,668,1998069,买盘
09:32:10,29.92,-0.01,225,673113,中性盘
09:32:13,29.93,0.01,815,2438119,买盘
09:32:15,29.92,-0.01,76,227428,卖盘
09:32:19,29.92,0.0,187,559396,卖盘
09:32:22,29.92,0.0,426,1274147,买盘
09:32:25,29.92,0.0,158,472604,买盘
09:32:27,29.91,-0.01,927,2774270,卖盘
09:32:31,29.91,0.0,852,2547175,买盘
09:32:33,29.91,0.0,384,1147674,买盘
09:32:36,29.9,-0.01,220,659422,卖盘
09:32:39,29.89,-0.01,888,2653572,卖盘
09:32:43,29.9,0.01,481,1437089,买盘
09:32:45,29.85,-0.05,891,2660827,卖盘
09:32:49,29.88,0.03,288,860016,卖盘
09:32:51,29.85,-0.03,363,1081896,卖盘
09:32:55,29.85,0.0,250,746161,卖盘
09:32:57,29.83,-0.02,706,2108305,卖盘
09:33:00,29.83,0.0,1060,3160446,买盘
09:33:04,29.81,-0.02,2413,7191354,卖盘
09:33:07,29.77,-0.04,2024,6027920,卖盘
09:33:10,29.71,-0.06,1158,3446596,卖盘
09:33:13,29.81,0.1,937,2787832,中性盘
09:33:16,29.76,-0.05,227,675346,卖盘
09:33:19,29.8,0.04,516,1536001,买盘
09:33:22,29.73,-0.07,939,2791634,卖盘
09:33:24,29.75,0.02,232,689809,买盘
09:33:28,29.78,0.03,242,720164,买盘
09:33:30,29.74,-0.04,371,1104019,卖盘
09:33:33,29.74,0.0,442,1314610,买盘
09:33:36,29.73,-0.01,2722,8092891,卖盘
09:33:39,29.74,0.01,675,2006706,买盘
09:33:43,29.74,0.0,213,633528,卖盘
09:33:45,29.74,0.0,509,1513973,卖盘
09:33:48,29.75,0.01,147,437290,买盘
09:33:51,29.75,0.0,449,1335705,卖盘
09:33:54,29.75,0.0,561,1668666,卖盘
09:33:58,29.75,0.0,518,1540950,买盘
09:34:01,29.76,0.01,415,1234838,买盘
09:34:04,29.76,0.0,877,2608889,卖盘
09:34:07,29.76,0.0,384,1142640,买盘
09:34:10,29.76,0.0,426,1267771,买盘
09:34:12,29.76,0.0,271,806559,卖盘
09:34:15,29.77,0.01,651,1937540,买盘
09:34:18,29.77,0.0,198,589476,卖盘
09:34:22,29.78,0.01,109,324531,买盘
09:34:25,29.78,0.0,147,437748,买盘
09:34:28,29.77,-0.01,400,1191009,卖盘
09:34:31,29.8,0.03,403,1200877,买盘
09:34:33,29.78,-0.02,531,1581506,卖盘
09:34:37,29.8,0.02,252,750833,买盘
09:34:39,29.8,0.0,353,1052080,卖盘
09:34:42,29.81,0.01,113,336891,买盘
09:34:45,29.81,0.0,161,480077,卖盘
09:34:48,29.82,0.01,324,966093,中性盘
09:34:52,29.83,0.01,359,1071678,买盘
09:34:55,29.83,0.0,26,77566,卖盘
09:34:58,29.85,0.02,122,364047,卖盘
09:35:01,29.84,-0.01,196,584757,卖盘
09:35:04,29.85,0.01,1106,3299607,买盘
09:35:06,29.85,0.0,213,635688,买盘
09:35:09,29.86,0.01,314,937324,中性盘
09:35:12,29.86,0.0,135,403021,买盘
09:35:15,29.85,-0.01,275,820897,卖盘
09:35:18,29.87,0.02,102,304574,买盘
09:35:21,29.87,0.0,195,582356,买盘
09:35:25,29.87,0.0,193,576368,买盘
09:35:27,29.87,0.0,256,764489,买盘
09:35:30,29.86,-0.01,205,612153,卖盘
09:35:33,29.88,0.02,346,1033025,买盘
09:35:36,29.86,-0.02,540,1612265,中性盘
09:35:40,29.87,0.01,153,456880,买盘
09:35:43,29.86,-0.01,72,215083,卖盘
09:35:46,29.87,0.01,106,316660,卖盘
09:35:48,29.87,0.0,297,887217,卖盘
09:35:52,29.87,0.0,123,367449,卖盘
09:35:54,29.87,0.0,133,397311,卖盘
09:35:57,29.89,0.02,213,636370,买盘
09:36:00,29.88,-0.01,37,110571,中性盘
09:36:04,29.87,-0.01,228,681084,卖盘
09:36:06,29.88,0.01,219,654151,买盘
09:36:09,29.87,-0.01,481,1436831,卖盘
09:36:12,29.86,-0.01,633,1890731,卖盘
09:36:15,29.86,0.0,191,570479,买盘
09:36:18,29.87,0.01,77,229939,买盘
09:36:21,29.87,0.0,126,376157,买盘
09:36:25,29.87,0.0,294,878118,买盘
09:36:27,29.86,-0.01,276,824198,卖盘
09:36:30,29.86,0.0,656,1958973,买盘
09:36:33,29.85,-0.01,226,674683,卖盘
09:36:37,29.86,0.01,171,510470,中性盘
09:36:39,29.85,-0.01,234,698529,卖盘
09:36:43,29.85,0.0,225,671666,卖盘
09:36:45,29.85,0.0,195,582070,买盘
09:36:48,29.84,-0.01,418,1247432,卖盘
09:36:52,29.84,0.0,35,104430,买盘
09:36:55,29.83,-0.01,254,757710,卖盘
09:36:58,29.84,0.01,71,211851,买盘
09:37:00,29.82,-0.02,162,483199,卖盘
09:37:04,29.83,0.01,115,343026,买盘
09:37:07,29.83,0.0,218,650240,买盘
09:37:10,29.83,0.0,82,244614,卖盘
09:37:12,29.83,0.0,144,429552,卖盘
09:37:16,29.83,0.0,127,378766,买盘
09:37:18,29.82,-0.01,197,587494,卖盘
09:37:22,29.83,0.01,2438,7267109,买盘
09:37:25,29.82,-0.01,244,727248,卖盘
09:37:27,29.82,0.0,270,804738,买盘
09:37:31,29.8,-0.02,208,620168,卖盘
09:37:34,29.8,0.0,71,211664,卖盘
09:37:37,29.82,0.02,54,160959,买盘
09:37:40,29.82,0.0,32,95394,买盘
09:37:43,29.8,-0.02,616,1836233,卖盘
09:37:45,29.81,0.01,91,271222,中性盘
09:37:48,29.82,0.01,156,465070,买盘
09:37:51,29.83,0.01,735,2192027,买盘
09:37:54,29.81,-0.02,177,527930,卖盘
09:37:57,29.8,-0.01,418,1247541,卖盘
09:38:01,29.8,0.0,212,631893,卖盘
09:38:05,29.8,0.0,95,283185,卖盘
09:38:07,29.81,0.01,182,542512,买盘
09:38:10,29.81,0.0,210,625966,买盘
09:38:13,29.8,-0.01,681,2029530,卖盘
09:38:15,29.82,0.02,202,602056,买盘
09:38:19,29.82,0.0,447,1332718,买盘
09:38:21,29.82,0.0,225,670958,卖盘
09:38:24,29.82,0.0,323,963213,卖盘
09:38:27,29.83,0.01,258,769375,买盘
09:38:31,29.82,-0.01,112,334030,卖盘
09:38:34,29.83,0.01,607,1811161,买盘
09:38:37,29.83,0.0,228,680124,卖盘
09:38:39,29.83,0.0,145,432539,卖盘
09:38:42,29.83,0.0,91,269895,买盘
09:38:45,29.83,0.0,99,295342,卖盘
09:38:48,29.83,0.0,34,101436,卖盘
09:38:52,29.83,0.0,332,992023,卖盘
09:38:55,29.83,0.0,213,635660,卖盘
09:38:58,29.82,-0.01,473,1410722,卖盘
09:39:00,29.84,0.02,148,441701,中性盘
09:39:05,29.83,-0.01,220,656279,卖盘
09:39:07,29.83,0.0,130,387692,买盘
09:39:10,29.83,0.0,295,879971,买盘
09:39:12,29.82,-0.01,169,504148,卖盘
09:39:16,29.83,0.01,384,1145160,中性盘
09:39:18,29.84,0.01,386,1151497,买盘
09:39:21,29.84,0.0,103,307312,买盘
09:39:25,29.84,0.0,81,241704,卖盘
09:39:28,29.83,-0.01,365,1089113,卖盘
09:39:31,29.83,0.0,637,1899853,卖盘
09:39:33,29.83,0.0,258,769787,卖盘
09:39:37,29.82,-0.01,260,775420,卖盘
09:39:40,29.83,0.01,644,1920052,买盘
09:39:43,29.8,-0.03,2027,6039156,卖盘
09:39:46,29.81,0.01,330,983633,买盘
09:39:48,29.8,-0.01,24,71536,卖盘
09:39:51,29.81,0.01,48,143060,买盘
09:39:54,29.8,-0.01,43,128170,卖盘
09:39:58,29.8,0.0,992,2956884,卖盘
09:40:00,29.81,0.01,204,609574,买盘
09:40:04,29.81,0.0,148,441229,卖盘
09:40:06,29.82,0.01,36,107338,中性盘
09:40:10,29.81,-0.01,158,471033,卖盘
09:40:13,29.82,0.01,159,474133,买盘
09:40:16,29.82,0.0,532,1586047,卖盘
09:40:18,29.82,0.0,27,80536,卖盘
09:40:22,29.82,0.0,229,682880,卖盘
09:40:25,29.82,0.0,243,724625,买盘
09:40:27,29.81,-0.01,733,2183956,卖盘
09:40:30,29.81,0.0,66,196746,买盘
09:40:33,29.81,0.0,113,338457,买盘
09:40:37,29.81,0.0,568,1693918,买盘
09:40:39,29.81,0.0,226,673897,买盘
09:40:43,29.81,0.0,290,864330,卖盘
09:40:45,29.81,0.0,267,795927,买盘
09:40:49,29.81,0.0,105,313001,买盘
09:40:51,29.82,0.01,94,280212,买盘
09:40:54,29.82,0.0,52,155066,卖盘
09:40:57,29.81,-0.01,280,834873,卖盘
09:41:00,29.81,0.0,26,77527,卖盘
09:41:04,29.82,0.01,505,1505547,买盘
09:41:07,29.81,-0.01,385,1147897,卖盘
09:41:10,29.81,0.0,173,515788,卖盘
09:41:13,29.82,0.01,212,632175,买盘
09:41:16,29.82,0.0,46,137172,卖盘
09:41:18,29.83,0.01,186,554795,买盘
09:41:21,29.83,0.0,53,158072,买盘
09:41:24,29.82,-0.01,32,95443,卖盘
09:41:27,29.83,0.01,598,1783771,买盘
09:41:31,29.83,0.0,278,829236,买盘
09:41:34,29.83,0.0,86,256543,卖盘
09:41:36,29.83,0.0,25,74579,卖盘
09:41:40,29.84,0.01,209,623627,买盘
09:41:42,29.83,-0.01,267,796718,卖盘
09:41:45,29.84,0.01,35,104429,买盘
09:41:49,29.86,0.02,803,2396036,买盘
09:41:51,29.86,0.0,130,388186,卖盘
09:41:54,29.88,0.02,1127,3366903,买盘
09:41:58,29.89,0.01,654,1953933,买盘
09:42:00,29.88,-0.01,372,1114588,中性盘
09:42:04,29.9,0.02,690,2062298,买盘
09:42:06,29.9,0.0,425,1268637,买盘
09:42:10,29.9,0.0,285,852236,卖盘
09:42:13,29.91,0.01,858,2564522,买盘
09:42:15,29.91,0.0,146,436580,买盘
09:42:19,29.91,0.0,429,1283334,卖盘
09:42:21,29.9,-0.01,122,364753,卖盘
09:42:24,29.92,0.02,1412,4226270,买盘
09:42:27,29.93,0.01,8,23940,买盘
09:42:30,29.94,0.01,240,718310,买盘
09:42:33,29.95,0.01,217,649856,买盘
09:42:37,29.95,0.0,161,480631,买盘
09:42:39,29.94,-0.01,1284,3844805,卖盘
09:42:42,29.94,0.0,655,1962707,卖盘
09:42:46,29.95,0.01,518,1551024,买盘
09:42:49,29.95,0.0,64,191623,买盘
09:42:51,29.92,-0.03,701,2096021,卖盘
09:42:55,29.92,0.0,125,374000,买盘
09:42:57,29.91,-0.01,275,822954,卖盘
09:43:00,29.93,0.02,125,373721,买盘
09:43:04,29.93,0.0,198,592415,卖盘
09:43:06,29.93,0.0,33,98759,买盘
09:43:09,29.94,0.01,76,227439,买盘
09:43:12,29.93,-0.01,67,200521,卖盘
09:43:15,29.93,0.0,112,335270,买盘
09:43:18,29.94,0.01,174,521001,买盘
09:43:21,29.96,0.02,668,2002271,买盘
09:43:24,29.93,-0.03,17,50892,卖盘
09:43:27,29.94,0.01,237,709708,卖盘
09:43:30,29.95,0.01,56,167692,中性盘
09:43:33,29.94,-0.01,1271,3808788,卖盘
09:43:36,29.95,0.01,67,200645,中性盘
09:43:42,29.97,0.02,112,335456,买盘
09:43:45,29.96,-0.01,6,17976,卖盘
09:43:48,29.98,0.02,1296,3885058,买盘
09:43:52,29.98,0.0,38,112875,卖盘
09:43:54,29.98,0.0,290,869605,卖盘
09:43:57,30.0,0.02,903,2707663,买盘
09:44:00,30.0,0.0,2137,6412750,买盘
09:44:04,30.01,0.01,305,915004,买盘
09:44:07,30.0,-0.01,166,497268,卖盘
09:44:09,30.02,0.02,640,1920323,买盘
09:44:13,30.02,0.0,653,1959263,买盘
09:44:15,30.01,-0.01,285,855488,卖盘
09:44:18,30.0,-0.01,402,1206075,卖盘
09:44:21,30.01,0.01,283,849385,买盘
09:44:25,30.0,-0.01,560,1678208,卖盘
09:44:28,30.0,0.0,173,519000,买盘
09:44:31,30.0,0.0,222,665846,买盘
09:44:33,29.98,-0.02,927,2781178,卖盘
09:44:37,29.98,0.0,52,155892,卖盘
09:44:40,29.97,-0.01,54,161837,卖盘
09:44:43,29.96,-0.01,78,233716,卖盘
09:44:45,29.95,-0.01,641,1920101,卖盘
09:44:49,29.94,-0.01,60,179648,卖盘
09:44:51,29.95,0.01,408,1221627,买盘
09:44:54,29.93,-0.02,391,1170670,卖盘
09:44:58,29.94,0.01,211,631561,买盘
09:45:00,29.93,-0.01,817,2443542,卖盘
09:45:04,29.92,-0.01,77,230440,中性盘
09:45:06,29.91,-0.01,270,807861,卖盘
09:45:09,29.91,0.0,137,409684,买盘
09:45:12,29.9,-0.01,289,864123,卖盘
09:45:15,29.9,0.0,371,1108879,买盘
09:45:18,29.9,0.0,359,1072960,买盘
09:45:22,29.88,-0.02,156,466199,卖盘
09:45:24,29.87,-0.01,143,427173,卖盘
09:45:28,29.87,0.0,230,687164,卖盘
09:45:30,29.87,0.0,448,1338100,卖盘
09:45:33,29.87,0.0,486,1451468,买盘
09:45:37,29.87,0.0,450,1344170,买盘
09:45:40,29.87,0.0,348,1040322,买盘
09:45:42,29.86,-0.01,219,654086,卖盘
09:45:45,29.85,-0.01,280,835942,卖盘
09:45:48,29.88,0.03,450,1344135,买盘
09:45:52,29.85,-0.03,1828,5455563,卖盘
09:45:55,29.87,0.02,96,286572,买盘
09:45:58,29.84,-0.03,128,382070,卖盘
09:46:01,29.83,-0.01,24,71582,中性盘
09:46:04,29.83,0.0,991,2955126,买盘
09:46:07,29.82,-0.01,258,769336,中性盘
09:46:10,29.82,0.0,574,1711800,买盘
09:46:13,29.82,0.0,675,2012260,买盘
09:46:15,29.81,-0.01,2661,7934616,卖盘
09:46:18,29.82,0.01,140,417401,中性盘
09:46:21,29.81,-0.01,787,2345851,卖盘
09:46:24,29.81,0.0,621,1850697,买盘
09:46:27,29.8,-0.01,293,873261,卖盘
09:46:31,29.8,0.0,308,918050,卖盘
09:46:33,29.81,0.01,343,1022402,买盘
09:46:37,29.8,-0.01,387,1153329,卖盘
09:46:40,29.81,0.01,293,871546,买盘
09:46:42,29.8,-0.01,151,450041,卖盘
09:46:45,29.8,0.0,184,548426,卖盘
09:46:48,29.81,0.01,230,685585,买盘
09:46:51,29.8,-0.01,240,715350,卖盘
09:46:54,29.81,0.01,598,1783786,买盘
09:46:57,29.85,0.04,467,1393528,买盘
09:47:01,29.82,-0.03,103,307198,卖盘
09:47:05,29.84,0.02,21,62641,中性盘
09:47:07,29.83,-0.01,211,628192,中性盘
09:47:09,29.83,0.0,47,140289,买盘
09:47:12,29.84,0.01,309,921798,买盘
09:47:16,29.83,-0.01,189,563827,卖盘
09:47:18,29.84,0.01,298,888953,买盘
09:47:22,29.83,-0.01,98,292334,卖盘
09:47:25,29.83,0.0,110,328955,买盘
09:47:28,29.83,0.0,97,289311,买盘
09:47:31,29.82,-0.01,308,919198,卖盘
09:47:34,29.83,0.01,457,1363367,卖盘
09:47:37,29.83,0.0,135,402598,买盘
09:47:39,29.82,-0.01,491,1464146,卖盘
09:47:43,29.82,0.0,122,362486,卖盘
09:47:46,29.82,0.0,103,307091,买盘
09:47:48,29.83,0.01,596,1778506,买盘
09:47:52,29.83,0.0,206,614498,卖盘
09:47:55,29.83,0.0,193,573427,卖盘
09:47:58,29.83,0.0,129,384817,卖盘
09:48:01,29.83,0.0,162,484233,卖盘
09:48:04,29.82,-0.01,119,354911,卖盘
09:48:07,29.83,0.01,45,134210,买盘
09:48:10,29.83,0.0,220,657418,买盘
09:48:12,29.83,0.0,368,1097657,买盘
09:48:15,29.83,0.0,303,903730,买盘
09:48:18,29.83,0.0,434,1294519,买盘
09:48:21,29.83,0.0,353,1052013,买盘
09:48:25,29.83,0.0,443,1321979,卖盘
09:48:27,29.83,0.0,346,1031862,买盘
09:48:30,29.82,-0.01,304,906616,卖盘
09:48:34,29.83,0.01,536,1599225,中性盘
09:48:36,29.83,0.0,483,1441522,卖盘
09:48:40,29.83,0.0,257,766430,卖盘
09:48:42,29.83,0.0,464,1383873,买盘
09:48:46,29.82,-0.01,197,587537,卖盘
09:48:48,29.81,-0.01,156,465068,卖盘
09:48:51,29.82,0.01,416,1240214,中性盘
09:48:54,29.82,0.0,115,342941,卖盘
09:48:57,29.82,0.0,77,229567,买盘
09:49:00,29.81,-0.01,992,2957301,卖盘
09:49:05,29.81,0.0,1317,3927694,买盘
09:49:07,29.81,0.0,30,89432,卖盘
09:49:10,29.81,0.0,74,220579,买盘
09:49:12,29.82,0.01,443,1321718,买盘
09:49:15,29.82,0.0,584,1740935,买盘
09:49:18,29.81,-0.01,511,1522171,卖盘
09:49:21,29.81,0.0,251,748269,买盘
09:49:24,29.82,0.01,415,1236878,买盘
09:49:27,29.8,-0.02,202,602189,卖盘
09:49:30,29.82,0.02,466,1388551,买盘
09:49:33,29.83,0.01,540,1610415,卖盘
09:49:36,29.83,0.0,149,445697,买盘
09:49:40,29.83,0.0,157,469404,买盘
09:49:43,29.82,-0.01,53,158054,卖盘
09:49:45,29.82,0.0,294,876589,买盘
09:49:49,29.82,0.0,759,2262718,买盘
09:49:51,29.84,0.02,632,1884785,买盘
09:49:54,29.82,-0.02,207,615175,中性盘
09:49:57,29.82,0.0,145,432371,卖盘
09:50:00,29.82,0.0,164,489016,买盘
09:50:05,29.81,-0.01,547,1630876,卖盘
09:50:07,29.82,0.01,63,187866,卖盘
09:50:10,29.82,0.0,198,590320,买盘
09:50:13,29.81,-0.01,295,881071,卖盘
09:50:15,29.82,0.01,167,497878,中性盘
09:50:18,29.81,-0.01,164,488980,卖盘
09:50:21,29.82,0.01,292,871049,卖盘
09:50:25,29.82,0.0,184,547615,卖盘
09:50:28,29.82,0.0,233,694840,卖盘
09:50:30,29.84,0.02,171,509978,买盘
09:50:33,29.83,-0.01,259,772590,卖盘
09:50:37,29.83,0.0,162,483118,买盘
09:50:39,29.82,-0.01,243,725372,卖盘
09:50:43,29.84,0.02,347,1035437,买盘
09:50:45,29.85,0.01,356,1062904,买盘
09:50:49,29.86,0.01,29,86562,卖盘
09:50:51,29.85,-0.01,86,256726,卖盘
09:50:54,29.85,0.0,199,593868,买盘
09:50:57,29.86,0.01,333,993947,买盘
09:51:00,29.87,0.01,10,29870,中性盘
09:51:04,29.86,-0.01,61,182146,卖盘
09:51:07,29.85,-0.01,132,394116,卖盘
09:51:10,29.86,0.01,182,543308,买盘
09:51:13,29.85,-0.01,897,2678165,中性盘
09:51:16,29.86,0.01,116,346501,中性盘
09:51:18,29.87,0.01,16,47786,买盘
09:51:21,29.86,-0.01,133,397140,卖盘
09:51:24,29.86,0.0,755,2253762,卖盘
09:51:27,29.86,0.0,54,162296,卖盘
09:51:30,29.85,-0.01,316,943381,卖盘
09:51:33,29.86,0.01,201,600985,买盘
09:51:36,29.86,0.0,111,331400,买盘
09:51:39,29.86,0.0,67,199106,买盘
09:51:43,29.85,-0.01,733,2187238,卖盘
09:51:45,29.85,0.0,28,83595,卖盘
09:51:48,29.86,0.01,189,564358,买盘
09:51:51,29.86,0.0,159,474774,卖盘
09:51:54,29.86,0.0,472,1409284,卖盘
09:51:57,29.86,0.0,160,477780,卖盘
09:52:00,29.87,0.01,62,185183,买盘
09:52:05,29.86,-0.01,208,621098,卖盘
09:52:07,29.87,0.01,36,107526,买盘
09:52:09,29.87,0.0,177,528390,买盘
09:52:12,29.87,0.0,631,1885428,买盘
09:52:15,29.87,0.0,181,540647,卖盘
09:52:18,29.87,0.0,16,47796,卖盘
09:52:22,29.88,0.01,73,218122,中性盘
09:52:24,29.9,0.02,360,1075565,买盘
09:52:28,29.9,0.0,300,896759,买盘
09:52:31,29.9,0.0,59,176308,买盘
09:52:33,29.88,-0.02,582,1738543,卖盘
09:52:36,29.88,0.0,76,227058,买盘
09:52:39,29.87,-0.01,66,198857,卖盘
09:52:43,29.88,0.01,199,594523,买盘
09:52:45,29.88,0.0,318,949952,买盘
09:52:49,29.88,0.0,564,1685312,买盘
09:52:51,29.88,0.0,24,71711,买盘
09:52:54,29.86,-0.02,250,745565,卖盘
09:52:57,29.88,0.02,287,857834,买盘
09:53:00,29.87,-0.01,21,62731,卖盘
09:53:04,29.86,-0.01,156,465874,卖盘
09:53:06,29.86,0.0,269,803921,卖盘
09:53:09,29.86,0.0,130,389022,卖盘
09:53:12,29.86,0.0,61,182157,卖盘
09:53:15,29.85,-0.01,436,1301605,卖盘
09:53:18,29.87,0.02,41,122765,买盘
09:53:21,29.86,-0.01,99,295594,卖盘
09:53:25,29.87,0.01,79,235848,卖盘
09:53:27,29.85,-0.02,85,253773,卖盘
09:53:31,29.85,0.0,216,644954,卖盘
09:53:34,29.85,0.0,195,582117,卖盘
09:53:36,29.85,0.0,7,20895,卖盘
09:53:40,29.86,0.01,532,1588083,卖盘
09:53:42,29.85,-0.01,261,779409,卖盘
09:53:45,29.85,0.0,82,244730,买盘
09:53:49,29.85,0.0,157,468535,买盘
09:53:52,29.85,0.0,52,155203,买盘
09:53:54,29.84,-0.01,485,1448354,卖盘
09:53:58,29.85,0.01,114,340183,买盘
09:54:00,29.84,-0.01,135,402943,卖盘
09:54:04,29.84,0.0,492,1468125,卖盘
09:54:07,29.83,-0.01,463,1381164,卖盘
09:54:09,29.83,0.0,464,1384140,卖盘
09:54:13,29.83,0.0,189,563605,买盘
09:54:15,29.82,-0.01,1001,2984886,卖盘
09:54:19,29.81,-0.01,212,631979,卖盘
09:54:21,29.82,0.01,564,1681313,买盘
09:54:25,29.81,-0.01,152,451974,卖盘
09:54:27,29.81,0.0,175,521525,买盘
09:54:31,29.8,-0.01,1259,3752025,卖盘
09:54:33,29.8,0.0,1606,4785391,卖盘
09:54:36,29.8,0.0,984,2931927,卖盘
09:54:40,29.79,-0.01,529,1575174,卖盘
09:54:43,29.8,0.01,109,325714,买盘
09:54:45,29.8,0.0,346,1030752,买盘
09:54:49,29.79,-0.01,118,350535,卖盘
09:54:51,29.8,0.01,97,289984,买盘
09:54:54,29.8,0.0,264,786478,买盘
09:54:58,29.8,0.0,209,622814,买盘
09:55:01,29.8,0.0,255,759781,买盘
09:55:04,29.79,-0.01,158,469714,卖盘
09:55:07,29.8,0.01,185,552079,买盘
09:55:09,29.79,-0.01,86,256760,卖盘
09:55:13,29.79,0.0,63,187674,买盘
09:55:15,29.79,0.0,208,619517,卖盘
09:55:18,29.8,0.01,44,131086,买盘
09:55:21,29.8,0.0,25,74494,买盘
09:55:25,29.78,-0.02,254,756650,卖盘
09:55:27,29.79,0.01,145,431950,中性盘
09:55:31,29.79,0.0,102,303875,卖盘
09:55:33,29.79,0.0,648,1930820,卖盘
09:55:36,29.8,0.01,300,893875,买盘
09:55:39,29.79,-0.01,178,530442,卖盘
09:55:43,29.8,0.01,31,92385,卖盘
09:55:45,29.8,0.0,97,289048,卖盘
09:55:48,29.8,0.0,69,205611,买盘
09:55:52,29.8,0.0,346,1031423,买盘
09:55:55,29.8,0.0,167,497668,卖盘
09:55:57,29.8,0.0,31,92393,卖盘
09:56:00,29.8,0.0,12,35769,卖盘
09:56:04,29.8,0.0,231,688410,卖盘
09:56:06,29.81,0.01,33,98390,中性盘
09:56:09,29.8,-0.01,149,444177,卖盘
09:56:13,29.81,0.01,21,62606,中性盘
09:56:15,29.82,0.01,233,694407,买盘
09:56:19,29.81,-0.01,136,405504,中性盘
09:56:21,29.81,0.0,34,101355,买盘
09:56:24,29.81,0.0,235,700570,卖盘
09:56:28,29.82,0.01,104,310049,买盘
09:56:30,29.83,0.01,118,351873,买盘
09:56:34,29.82,-0.01,195,581619,卖盘
09:56:36,29.81,-0.01,108,321953,卖盘
09:56:39,29.82,0.01,20,59635,买盘
09:56:42,29.82,0.0,93,277282,卖盘
09:56:45,29.82,0.0,178,530796,卖盘
09:56:48,29.83,0.01,252,751652,买盘
09:56:51,29.83,0.0,168,501176,买盘
09:56:54,29.82,-0.01,135,402758,卖盘
09:56:57,29.84,0.02,205,611512,买盘
09:57:00,29.83,-0.01,3,8949,中性盘
09:57:04,29.82,-0.01,192,572552,卖盘
09:57:06,29.82,0.0,25,74556,卖盘
09:57:09,29.84,0.02,321,957733,买盘
09:57:13,29.84,0.0,1728,5152482,卖盘
09:57:16,29.83,-0.01,96,286387,卖盘
09:57:18,29.84,0.01,38,113377,买盘
09:57:21,29.83,-0.01,34,101446,卖盘
09:57:25,29.84,0.01,131,390800,买盘
09:57:28,29.82,-0.02,539,1608002,卖盘
09:57:31,29.82,0.0,12,35793,卖盘
09:57:34,29.84,0.02,12,35798,买盘
09:57:36,29.82,-0.02,113,337040,卖盘
09:57:39,29.84,0.02,210,626436,买盘
09:57:43,29.84,0.0,182,542808,买盘
09:57:46,29.83,-0.01,56,167068,卖盘
09:57:48,29.83,0.0,19,56661,买盘
09:57:52,29.82,-0.01,87,259490,卖盘
09:57:54,29.82,0.0,356,1061635,卖盘
09:57:57,29.82,0.0,67,199787,买盘
09:58:00,29.82,0.0,110,327936,买盘
09:58:04,29.81,-0.01,71,211706,卖盘
09:58:07,29.82,0.01,205,611182,买盘
09:58:10,29.81,-0.01,93,277257,卖盘
09:58:13,29.81,0.0,274,816602,卖盘
09:58:15,29.81,0.0,183,545522,买盘
09:58:18,29.81,0.0,126,375603,买盘
09:58:22,29.81,0.0,206,615076,买盘
09:58:24,29.8,-0.01,100,298029,卖盘
09:58:28,29.81,0.01,126,375515,买盘
09:58:30,29.81,0.0,56,166934,买盘
09:58:34,29.8,-0.01,31,92410,卖盘
09:58:37,29.81,0.01,367,1093786,买盘
09:58:39,29.81,0.0,109,324899,买盘
09:58:42,29.8,-0.01,119,354675,卖盘
09:58:46,29.8,0.0,312,929958,卖盘
09:58:48,29.81,0.01,74,220539,买盘
09:58:51,29.81,0.0,512,1526551,买盘
09:58:55,29.81,0.0,81,241461,卖盘
09:58:58,29.81,0.0,178,530611,卖盘
09:59:01,29.81,0.0,26,77506,买盘
09:59:04,29.81,0.0,105,313108,卖盘
09:59:06,29.81,0.0,525,1565327,卖盘
09:59:09,29.81,0.0,291,867269,买盘
09:59:13,29.81,0.0,22,65582,买盘
09:59:15,29.81,0.0,273,813606,买盘
09:59:19,29.81,0.0,123,366590,买盘
09:59:21,29.81,0.0,686,2044456,买盘
09:59:25,29.81,0.0,57,169910,买盘
09:59:27,29.81,0.0,297,885208,卖盘
09:59:31,29.81,0.0,101,301051,买盘
09:59:33,29.82,0.01,96,286204,买盘
09:59:37,29.8,-0.02,463,1380669,卖盘
09:59:40,29.81,0.01,47,140117,买盘
09:59:42,29.82,0.01,103,307067,买盘
09:59:45,29.82,0.0,354,1055775,买盘
09:59:49,29.82,0.0,144,429408,卖盘
09:59:51,29.84,0.02,55,164081,买盘
09:59:55,29.84,0.0,12,35796,买盘
09:59:58,29.82,-0.02,117,348906,卖盘
10:00:01,29.83,0.01,56,167057,卖盘
10:00:04,29.83,0.0,96,286309,买盘
10:00:07,29.82,-0.01,276,823184,卖盘
10:00:10,29.83,0.01,12,35797,中性盘
10:00:13,29.83,0.0,20,59660,卖盘
10:00:16,29.82,-0.01,159,474307,卖盘
10:00:19,29.82,0.0,96,286359,卖盘
10:00:21,29.83,0.01,11,32808,买盘
10:00:24,29.82,-0.01,488,1456010,卖盘
10:00:27,29.83,0.01,50,149147,买盘
10:00:30,29.84,0.01,27,80551,买盘
10:00:34,29.83,-0.01,83,247624,卖盘
10:00:36,29.84,0.01,197,587774,卖盘
10:00:39,29.83,-0.01,396,1180963,卖盘
10:00:42,29.84,0.01,20,59669,买盘
10:00:45,29.83,-0.01,192,572770,卖盘
10:00:48,29.84,0.01,31,92501,买盘
10:00:52,29.83,-0.01,62,184955,卖盘
10:00:55,29.84,0.01,94,280424,买盘
10:00:57,29.84,0.0,319,951612,买盘
10:01:00,29.83,-0.01,94,280427,卖盘
10:01:04,29.83,0.0,92,274465,卖盘
10:01:06,29.83,0.0,77,229689,买盘
10:01:10,29.83,0.0,84,250555,买盘
10:01:12,29.83,0.0,107,319172,买盘
10:01:16,29.83,0.0,299,891655,买盘
10:01:18,29.82,-0.01,181,539901,卖盘
10:01:21,29.83,0.01,98,292334,买盘
10:01:25,29.83,0.0,642,1914892,买盘
10:01:28,29.84,0.01,211,629420,买盘
10:01:30,29.84,0.0,29,86523,买盘
10:01:34,29.84,0.0,138,411812,买盘
10:01:37,29.84,0.0,212,632291,卖盘
10:01:39,29.85,0.01,37,110426,买盘
10:01:42,29.85,0.0,31,92531,买盘
10:01:45,29.85,0.0,219,653540,买盘
10:01:49,29.85,0.0,270,806311,买盘
10:01:51,29.85,0.0,3,8955,卖盘
10:01:55,29.86,0.01,74,221032,买盘
10:01:57,29.88,0.02,130,388122,买盘
10:02:01,29.86,-0.02,19,56734,卖盘
10:02:04,29.88,0.02,164,489774,买盘
10:02:07,29.88,0.0,75,224058,买盘
10:02:09,29.88,0.0,249,743462,买盘
10:02:12,29.88,0.0,38,113525,买盘
10:02:16,29.88,0.0,69,206152,买盘
10:02:19,29.88,0.0,113,337611,买盘
10:02:21,29.87,-0.01,72,215084,卖盘
10:02:25,29.88,0.01,152,454017,买盘
10:02:27,29.88,0.0,106,316649,买盘
10:02:31,29.88,0.0,180,537825,买盘
10:02:33,29.88,0.0,21,62748,卖盘
10:02:37,29.89,0.01,18,53798,买盘
10:02:39,29.89,0.0,89,265984,买盘
10:02:42,29.88,-0.01,178,531864,卖盘
10:02:45,29.88,0.0,142,424410,卖盘
10:02:48,29.89,0.01,275,821717,卖盘
10:02:51,29.89,0.0,48,143477,卖盘
10:02:55,29.89,0.0,62,185346,卖盘
10:02:57,29.89,0.0,91,272015,卖盘
10:03:00,29.89,0.0,88,263080,卖盘
10:03:04,29.89,0.0,223,666765,卖盘
10:03:07,29.9,0.01,101,301918,买盘
10:03:09,29.9,0.0,276,823206,买盘
10:03:12,29.9,0.0,448,1341349,卖盘
10:03:15,29.89,-0.01,94,281049,卖盘
10:03:18,29.9,0.01,25,74748,买盘
10:03:21,29.9,0.0,41,122574,买盘
10:03:25,29.9,0.0,196,585862,买盘
10:03:28,29.9,0.0,103,307891,买盘
10:03:30,29.9,0.0,313,935849,买盘
10:03:33,29.9,0.0,29,84886,买盘
10:03:36,29.9,0.0,272,813281,卖盘
10:03:39,29.91,0.01,77,230237,买盘
10:03:42,29.91,0.0,88,263173,买盘
10:03:46,29.91,0.0,81,242260,买盘
10:03:48,29.91,0.0,25,74774,买盘
10:03:51,29.91,0.0,213,637009,买盘
10:03:54,29.9,-0.01,346,1034625,卖盘
10:03:57,29.91,0.01,100,299051,买盘
10:04:01,29.91,0.0,58,173500,卖盘
10:04:05,29.91,0.0,30,89733,卖盘
10:04:07,29.91,0.0,87,260219,卖盘
10:04:09,29.91,0.0,172,514372,买盘
10:04:13,29.9,-0.01,184,550278,卖盘
10:04:15,29.9,0.0,93,278048,卖盘
10:04:19,29.91,0.01,90,269159,买盘
10:04:22,29.9,-0.01,156,466506,卖盘
10:04:25,29.9,0.0,117,349777,买盘
10:04:27,29.9,0.0,669,2000781,买盘
10:04:30,29.92,0.02,318,950855,买盘
10:04:33,29.91,-0.01,774,2315869,中性盘
10:04:36,29.9,-0.01,9,26912,卖盘
10:04:39,29.9,0.0,270,807300,卖盘
10:04:42,29.9,0.0,46,137532,买盘
10:04:45,29.9,0.0,101,301974,买盘
10:04:49,29.9,0.0,218,651703,买盘
10:04:51,29.9,0.0,283,846021,买盘
10:04:54,29.9,0.0,547,1635529,买盘
10:04:57,29.9,0.0,61,182345,买盘
10:05:00,29.9,0.0,178,532224,买盘
10:05:05,29.9,0.0,64,191311,买盘
10:05:07,29.9,0.0,66,197315,买盘
10:05:09,29.89,-0.01,832,2486920,卖盘
10:05:13,29.89,0.0,54,161412,买盘
10:05:16,29.89,0.0,27,80698,买盘
10:05:18,29.89,0.0,54,161406,买盘
10:05:21,29.89,0.0,199,594633,买盘
10:05:25,29.89,0.0,42,125522,买盘
10:05:27,29.89,0.0,26,77714,买盘
10:05:31,29.89,0.0,53,158371,买盘
10:05:34,29.88,-0.01,32,95616,卖盘
10:05:37,29.89,0.01,58,173344,买盘
10:05:40,29.88,-0.01,357,1066735,卖盘
10:05:43,29.88,0.0,346,1033771,卖盘
10:05:46,29.89,0.01,149,445338,买盘
10:05:49,29.87,-0.02,595,1778544,卖盘
10:05:51,29.88,0.01,35,104580,买盘
10:05:54,29.88,0.0,6,17925,买盘
10:05:57,29.88,0.0,6,17928,买盘
10:06:01,29.87,-0.01,662,1977622,卖盘
10:06:04,29.87,0.0,31,92613,卖盘
10:06:06,29.88,0.01,14,41820,买盘
10:06:10,29.88,0.0,28,83664,买盘
10:06:12,29.88,0.0,300,896290,买盘
10:06:15,29.88,0.0,52,155341,买盘
10:06:18,29.87,-0.01,28,83659,卖盘
10:06:22,29.88,0.01,85,253904,买盘
10:06:25,29.88,0.0,615,1837006,买盘
10:06:28,29.86,-0.02,302,901838,卖盘
10:06:30,29.88,0.02,16,47808,买盘
10:06:34,29.88,0.0,133,397326,买盘
10:06:36,29.88,0.0,236,705168,卖盘
10:06:39,29.88,0.0,70,209160,卖盘
10:06:42,29.87,-0.01,103,307731,卖盘
10:06:45,29.87,0.0,29,86649,卖盘
10:06:49,29.88,0.01,109,325692,买盘
10:06:52,29.88,0.0,30,89640,买盘
10:06:54,29.88,0.0,97,289838,买盘
10:06:58,29.88,0.0,40,119520,卖盘
10:07:00,29.88,0.0,11,32868,卖盘
10:07:04,29.89,0.01,18,53792,买盘
10:07:07,29.88,-0.01,92,274953,卖盘
10:07:09,29.89,0.01,84,251061,买盘
10:07:12,29.9,0.01,474,1417064,买盘
10:07:15,29.88,-0.02,137,409614,卖盘
10:07:18,29.89,0.01,8,23917,中性盘
10:07:22,29.9,0.01,51,152445,买盘
10:07:24,29.9,0.0,197,588983,买盘
10:07:28,29.89,-0.01,74,221255,卖盘
10:07:30,29.9,0.01,13,38858,买盘
10:07:33,29.9,0.0,48,143520,买盘
10:07:36,29.9,0.0,50,149480,买盘
10:07:39,29.89,-0.01,295,882016,卖盘
10:07:43,29.9,0.01,9,26910,卖盘
10:07:45,29.91,0.01,33,98686,买盘
10:07:48,29.91,0.0,42,125617,买盘
10:07:51,29.91,0.0,115,343862,买盘
10:07:55,29.9,-0.01,69,206360,卖盘
10:07:57,29.9,0.0,36,107672,卖盘
10:08:01,29.9,0.0,29,86719,卖盘
10:08:05,29.9,0.0,19,56826,卖盘
10:08:07,29.91,0.01,178,532294,买盘
10:08:10,29.91,0.0,70,209370,买盘
10:08:13,29.9,-0.01,616,1841838,卖盘
10:08:15,29.9,0.0,96,287033,买盘
10:08:18,29.9,0.0,100,298934,买盘
10:08:21,29.9,0.0,54,161438,买盘
10:08:24,29.9,0.0,28,83720,买盘
10:08:28,29.9,0.0,9,26902,买盘
10:08:30,29.91,0.01,517,1545912,买盘
10:08:34,29.91,0.0,18,53823,买盘
10:08:36,29.89,-0.02,79,236187,卖盘
10:08:39,29.89,0.0,178,532137,卖盘
10:08:43,29.91,0.02,164,490489,买盘
10:08:45,29.9,-0.01,195,583084,中性盘
10:08:48,29.9,0.0,201,601009,卖盘
10:08:52,29.91,0.01,56,167453,买盘
10:08:55,29.91,0.0,11,32900,买盘
10:08:57,29.9,-0.01,25,74755,卖盘
10:09:01,29.91,0.01,297,888327,买盘
10:09:04,29.91,0.0,24,71785,卖盘
10:09:07,29.92,0.01,414,1238284,买盘
10:09:10,29.92,0.0,22,65818,买盘
10:09:13,29.92,0.0,26,77786,买盘
10:09:15,29.92,0.0,6,17952,买盘
10:09:19,29.92,0.0,19,56847,买盘
10:09:21,29.92,0.0,51,152578,买盘
10:09:25,29.92,0.0,24,71806,买盘
10:09:27,29.92,0.0,227,679184,买盘
10:09:30,29.92,0.0,1002,2998051,买盘
10:09:34,29.93,0.01,24,71801,买盘
10:09:37,29.94,0.01,72,215538,买盘
10:09:39,29.94,0.0,38,113708,买盘
10:09:42,29.95,0.01,109,326427,买盘
10:09:45,29.95,0.0,122,365267,买盘
10:09:48,29.93,-0.02,131,392266,卖盘
10:09:51,29.95,0.02,264,790230,买盘
10:09:54,29.95,0.0,84,251550,买盘
10:09:57,29.94,-0.01,237,709595,卖盘
10:10:00,29.95,0.01,160,479199,买盘
10:10:04,29.95,0.0,67,200665,买盘
10:10:07,29.95,0.0,173,518104,买盘
10:10:09,29.95,0.0,286,856585,卖盘
10:10:12,29.95,0.0,223,667891,卖盘
10:10:15,29.95,0.0,1043,3122860,卖盘
10:10:18,29.95,0.0,123,368314,买盘
10:10:21,29.95,0.0,145,434266,买盘
10:10:24,29.94,-0.01,184,551076,卖盘
10:10:27,29.94,0.0,157,469963,卖盘
10:10:30,29.94,0.0,20,59880,买盘
10:10:33,29.94,0.0,64,191614,买盘
10:10:36,29.94,0.0,28,83820,买盘
10:10:40,29.93,-0.01,51,152653,卖盘
10:10:43,29.93,0.0,24,71834,卖盘
10:10:46,29.93,0.0,24,71829,买盘
10:10:48,29.92,-0.01,65,194529,卖盘
10:10:52,29.93,0.01,21,62853,买盘
10:10:55,29.92,-0.01,354,1059168,卖盘
10:10:58,29.92,0.0,311,930218,买盘
10:11:01,29.92,0.0,61,182452,买盘
10:11:04,29.91,-0.01,32,95729,卖盘
10:11:07,29.91,0.0,19,56834,卖盘
10:11:09,29.91,0.0,577,1725839,卖盘
10:11:13,29.9,-0.01,18,53829,卖盘
10:11:15,29.9,0.0,80,239210,卖盘
10:11:18,29.91,0.01,26,77766,买盘
10:11:21,29.9,-0.01,384,1148468,卖盘
10:11:24,29.9,0.0,69,206367,卖盘
10:11:27,29.9,0.0,169,505316,卖盘
10:11:30,29.9,0.0,812,2427900,卖盘
10:11:33,29.9,0.0,83,248181,卖盘
10:11:36,29.9,0.0,146,436542,卖盘
10:11:39,29.89,-0.01,483,1444134,卖盘
10:11:42,29.89,0.0,35,104633,卖盘
10:11:46,29.89,0.0,43,128532,卖盘
10:11:48,29.9,0.01,44,131553,买盘
10:11:51,29.9,0.0,82,245167,买盘
10:11:54,29.89,-0.01,259,774370,卖盘
10:11:57,29.89,0.0,41,122574,卖盘
10:12:01,29.89,0.0,260,777140,卖盘
10:12:04,29.89,0.0,49,146496,卖盘
10:12:07,29.9,0.01,49,146468,买盘
10:12:10,29.9,0.0,41,122590,买盘
10:12:12,29.89,-0.01,251,750244,卖盘
10:12:16,29.9,0.01,117,349808,买盘
10:12:18,29.89,-0.01,434,1296780,买盘
10:12:22,29.89,0.0,17,50785,买盘
10:12:25,29.88,-0.01,322,961844,中性盘
10:12:28,29.87,-0.01,175,522756,卖盘
10:12:30,29.88,0.01,19,56772,卖盘
10:12:34,29.87,-0.01,4,11948,卖盘
10:12:37,29.87,0.0,115,343530,卖盘
10:12:40,29.87,0.0,41,122467,卖盘
10:12:43,29.87,0.0,117,349479,卖盘
10:12:46,29.86,-0.01,99,295664,卖盘
10:12:48,29.86,0.0,149,445147,卖盘
10:12:52,29.86,0.0,36,107524,卖盘
10:12:54,29.87,0.01,61,182148,买盘
10:12:57,29.86,-0.01,54,161272,卖盘
10:13:00,29.85,-0.01,1209,3609665,卖盘
10:13:04,29.84,-0.01,148,441766,卖盘
10:13:06,29.85,0.01,42,125369,买盘
10:13:09,29.86,0.01,47,140306,买盘
10:13:12,29.83,-0.03,532,1587294,卖盘
10:13:15,29.83,0.0,56,167124,卖盘
10:13:18,29.84,0.01,70,208895,买盘
10:13:22,29.85,0.01,165,492400,买盘
10:13:25,29.84,-0.01,268,799501,卖盘
10:13:28,29.84,0.0,21,62674,卖盘
10:13:30,29.85,0.01,68,202960,买盘
10:13:33,29.84,-0.01,10,29844,卖盘
10:13:36,29.84,0.0,53,158152,卖盘
10:13:39,29.85,0.01,5,14925,买盘
10:13:42,29.85,0.0,204,608856,买盘
10:13:45,29.84,-0.01,18,53729,卖盘
10:13:49,29.85,0.01,4,11939,买盘
10:13:51,29.85,0.0,34,101482,买盘
10:13:55,29.84,-0.01,74,220858,卖盘
10:13:57,29.84,0.0,15,44761,卖盘
10:14:01,29.85,0.01,27,80595,买盘
10:14:04,29.84,-0.01,124,370023,卖盘
10:14:07,29.84,0.0,30,89527,卖盘
10:14:09,29.85,0.01,2,5970,买盘
10:14:13,29.85,0.0,42,125354,买盘
10:14:16,29.84,-0.01,296,883537,卖盘
10:14:18,29.85,0.01,1575,4698568,买盘
10:14:21,29.83,-0.02,111,331163,卖盘
10:14:25,29.84,0.01,171,510336,中性盘
10:14:28,29.83,-0.01,48,143214,卖盘
10:14:31,29.83,0.0,34,101436,卖盘
10:14:34,29.84,0.01,33,98469,买盘
10:14:36,29.83,-0.01,106,316234,卖盘
10:14:39,29.83,0.0,99,295382,卖盘
10:14:43,29.84,0.01,69,205848,买盘
10:14:45,29.84,0.0,98,292345,买盘
10:14:48,29.84,0.0,291,869834,买盘
10:14:51,29.84,0.0,24,71634,卖盘
10:14:54,29.84,0.0,47,140254,卖盘
10:14:58,29.84,0.0,66,196963,卖盘
10:15:00,29.84,0.0,23,68644,卖盘
10:15:04,29.84,0.0,60,179087,卖盘
10:15:07,29.85,0.01,24,71630,买盘
10:15:10,29.84,-0.01,17,50735,卖盘
10:15:12,29.84,0.0,36,107452,卖盘
10:15:15,29.84,0.0,255,760923,卖盘
10:15:18,29.85,0.01,7,20895,买盘
10:15:21,29.84,-0.01,80,238740,卖盘
10:15:25,29.85,0.01,8,23879,买盘
10:15:27,29.85,0.0,50,149232,买盘
10:15:31,29.84,-0.01,156,465515,卖盘
10:15:33,29.85,0.01,59,176072,买盘
10:15:37,29.84,-0.01,24,71624,卖盘
10:15:39,29.84,0.0,31,92513,卖盘
10:15:43,29.84,0.0,91,271568,卖盘
10:15:45,29.84,0.0,7,20888,卖盘
10:15:48,29.84,0.0,46,137267,卖盘
10:15:51,29.84,0.0,34,101446,买盘
10:15:54,29.84,0.0,79,235806,卖盘
10:15:57,29.84,0.0,46,137264,卖盘
10:16:00,29.84,0.0,110,328240,卖盘
10:16:04,29.84,0.0,45,134294,卖盘
10:16:07,29.84,0.0,35,104450,买盘
10:16:09,29.84,0.0,130,387939,买盘
10:16:12,29.83,-0.01,64,190944,卖盘
10:16:15,29.83,0.0,44,131272,卖盘
10:16:19,29.83,0.0,117,349019,卖盘
10:16:21,29.83,0.0,18,53701,卖盘
10:16:24,29.84,0.01,25,74589,买盘
10:16:28,29.84,0.0,16,47739,买盘
10:16:31,29.84,0.0,13,38787,买盘
10:16:33,29.84,0.0,66,196942,买盘
10:16:36,29.84,0.0,25,74588,买盘
10:16:40,29.83,-0.01,26,77563,卖盘
10:16:42,29.83,0.0,98,292344,卖盘
10:16:46,29.83,0.0,108,322179,卖盘
10:16:48,29.84,0.01,39,116360,买盘
10:16:51,29.84,0.0,40,119328,买盘
10:16:54,29.83,-0.01,16,47734,卖盘
10:16:57,29.84,0.01,24,71595,买盘
10:17:00,29.83,-0.01,90,268520,卖盘
10:17:04,29.83,0.0,41,122309,卖盘
10:17:07,29.84,0.01,19,56688,买盘
10:17:09,29.84,0.0,43,128294,买盘
10:17:13,29.83,-0.01,18,53706,卖盘
10:17:15,29.84,0.01,5,14920,买盘
10:17:19,29.84,0.0,60,179038,买盘
10:17:21,29.84,0.0,77,229737,买盘
10:17:25,29.84,0.0,11,32823,买盘
10:17:27,29.83,-0.01,16,47739,卖盘
10:17:31,29.84,0.01,76,226762,买盘
10:17:33,29.83,-0.01,33,98452,卖盘
10:17:36,29.84,0.01,31,92498,买盘
10:17:40,29.83,-0.01,56,167091,卖盘
10:17:42,29.84,0.01,66,196898,买盘
10:17:46,29.83,-0.01,17,50711,卖盘
10:17:48,29.85,0.02,423,1262378,买盘
10:17:52,29.83,-0.02,54,161133,卖盘
10:17:55,29.85,0.02,40,119389,买盘
10:17:57,29.85,0.0,34,101490,买盘
10:18:00,29.85,0.0,47,140295,卖盘
10:18:04,29.85,0.0,203,605957,卖盘
10:18:07,29.85,0.0,42,125391,卖盘
10:18:09,29.85,0.0,60,179100,卖盘
10:18:12,29.86,0.01,260,776018,买盘
10:18:15,29.85,-0.01,101,301424,中性盘
10:18:18,29.86,0.01,56,167214,买盘
10:18:21,29.85,-0.01,35,104474,买盘
10:18:25,29.85,0.0,31,92535,买盘
10:18:28,29.86,0.01,33,98512,买盘
10:18:31,29.85,-0.01,28,83558,中性盘
10:18:33,29.85,0.0,25,74625,买盘
10:18:37,29.85,0.0,118,352225,买盘
10:18:39,29.85,0.0,302,901345,卖盘
10:18:42,29.86,0.01,152,453582,买盘
10:18:45,29.83,-0.03,106,316211,卖盘
10:18:48,29.85,0.02,26,77604,买盘
10:18:51,29.83,-0.02,78,232756,卖盘
10:18:55,29.85,0.02,37,110429,买盘
10:18:57,29.84,-0.01,17,50741,卖盘
10:19:01,29.85,0.01,31,92512,买盘
10:19:04,29.84,-0.01,66,196995,卖盘
10:19:06,29.85,0.01,24,71622,买盘
10:19:09,29.84,-0.01,36,107446,卖盘
10:19:12,29.84,0.0,63,188003,卖盘
10:19:16,29.84,0.0,25,74587,买盘
10:19:19,29.83,-0.01,49,146206,卖盘
10:19:22,29.84,0.01,28,83534,买盘
10:19:24,29.83,-0.01,840,2505732,卖盘
10:19:27,29.84,0.01,232,691927,买盘
10:19:31,29.83,-0.01,118,351994,卖盘
10:19:34,29.83,0.0,17,50711,买盘
10:19:36,29.83,0.0,71,211753,买盘
10:19:40,29.83,0.0,127,378797,买盘
10:19:43,29.83,0.0,93,277379,买盘
10:19:45,29.82,-0.01,927,2764349,卖盘
10:19:48,29.83,0.01,355,1058718,买盘
10:19:51,29.82,-0.01,233,694852,卖盘
10:19:54,29.83,0.01,71,211771,买盘
10:19:57,29.82,-0.01,68,202781,卖盘
10:20:01,29.82,0.0,175,521756,买盘
10:20:04,29.82,0.0,63,187862,买盘
10:20:07,29.82,0.0,57,169974,买盘
10:20:09,29.82,0.0,33,98394,买盘
10:20:12,29.81,-0.01,47,140150,卖盘
10:20:15,29.81,0.0,123,366763,卖盘
10:20:18,29.82,0.01,311,927124,买盘
10:20:21,29.82,0.0,151,450163,买盘
10:20:25,29.82,0.0,234,697787,买盘
10:20:28,29.81,-0.01,99,295178,卖盘
10:20:30,29.83,0.02,46,137177,买盘
10:20:34,29.82,-0.01,25,74555,卖盘
10:20:36,29.82,0.0,106,316068,卖盘
10:20:39,29.83,0.01,17,50699,买盘
10:20:43,29.83,0.0,59,175959,买盘
10:20:45,29.83,0.0,191,569612,买盘
10:20:49,29.83,0.0,185,551694,买盘
10:20:51,29.82,-0.01,72,214729,卖盘
10:20:54,29.83,0.01,41,122276,买盘
10:20:57,29.86,0.03,698,2082783,买盘
10:21:00,29.83,-0.03,14,41768,卖盘
10:21:04,29.83,0.0,16,47738,卖盘
10:21:06,29.85,0.02,568,1693498,买盘
10:21:09,29.83,-0.02,80,238635,卖盘
10:21:13,29.83,0.0,37,110361,买盘
10:21:15,29.82,-0.01,285,849766,卖盘
10:21:19,29.83,0.01,1280,3815994,买盘
10:21:21,29.82,-0.01,314,936060,中性盘
10:21:24,29.83,0.01,48,143155,买盘
10:21:28,29.82,-0.01,19,56663,卖盘
10:21:31,29.83,0.01,11,32811,买盘
10:21:34,29.83,0.0,17,50700,买盘
10:21:36,29.82,-0.01,251,748495,卖盘
10:21:40,29.83,0.01,1,2983,买盘
10:21:42,29.83,0.0,85,253449,买盘
10:21:46,29.81,-0.02,260,775140,卖盘
10:21:48,29.82,0.01,109,325034,买盘
10:21:54,29.82,0.0,21,62622,买盘
10:21:57,29.82,0.0,27,80514,买盘
10:22:00,29.82,0.0,444,1323792,买盘
10:22:05,29.81,-0.01,29,86455,卖盘
10:22:07,29.82,0.01,47,140123,买盘
10:22:10,29.82,0.0,120,357838,买盘
10:22:12,29.81,-0.01,56,166957,卖盘
10:22:16,29.81,0.0,6,17890,卖盘
10:22:18,29.82,0.01,477,1422396,买盘
10:22:21,29.82,0.0,171,509922,卖盘
10:22:24,29.83,0.01,26,77549,买盘
10:22:28,29.82,-0.01,24,71573,卖盘
10:22:31,29.83,0.01,22,65626,买盘
10:22:34,29.83,0.0,339,1011126,买盘
10:22:37,29.83,0.0,64,190860,买盘
10:22:39,29.83,0.0,99,295260,买盘
10:22:42,29.82,-0.01,9,26843,卖盘
10:22:46,29.83,0.01,70,208765,买盘
10:22:48,29.82,-0.01,144,429434,卖盘
10:22:52,29.82,0.0,21,62619,买盘
10:22:54,29.83,0.01,44,131214,买盘
10:22:58,29.82,-0.01,41,122269,卖盘
10:23:01,29.83,0.01,324,965978,买盘
10:23:04,29.82,-0.01,29,86483,卖盘
10:23:07,29.82,0.0,69,205776,卖盘
10:23:09,29.82,0.0,39,116291,买盘
10:23:12,29.82,0.0,72,214698,买盘
10:23:15,29.82,0.0,26,77522,买盘
10:23:18,29.81,-0.01,660,1967461,卖盘
10:23:21,29.81,0.0,31,92402,买盘
10:23:25,29.81,0.0,302,900030,买盘
10:23:28,29.81,0.0,1996,5948112,买盘
10:23:31,29.81,0.0,1034,3081349,买盘
10:23:33,29.8,-0.01,1296,3861064,卖盘
10:23:36,29.8,0.0,600,1787522,买盘
10:23:40,29.8,0.0,32,95354,买盘
10:23:43,29.79,-0.01,39,116214,卖盘
10:23:46,29.8,0.01,82,244320,买盘
10:23:49,29.8,0.0,45,134095,买盘
10:23:51,29.79,-0.01,109,324778,卖盘
10:23:54,29.8,0.01,198,589887,买盘
10:23:58,29.79,-0.01,117,348571,卖盘
10:24:01,29.8,0.01,88,262206,买盘
10:24:04,29.79,-0.01,250,744797,卖盘
10:24:07,29.8,0.01,233,694320,买盘
10:24:09,29.8,0.0,854,2545069,买盘
10:24:13,29.8,0.0,66,196660,买盘
10:24:15,29.8,0.0,63,187694,买盘
10:24:18,29.8,0.0,22,65552,买盘
10:24:21,29.8,0.0,85,253243,买盘
10:24:24,29.8,0.0,61,181741,买盘
10:24:27,29.8,0.0,138,411124,买盘
10:24:30,29.8,0.0,126,375406,买盘
10:24:33,29.78,-0.02,132,392309,卖盘
10:24:36,29.79,0.01,409,1218026,买盘
10:24:39,29.79,0.0,17,50635,买盘
10:24:43,29.79,0.0,333,993033,买盘
10:24:46,29.78,-0.01,449,1337127,卖盘
10:24:48,29.78,0.0,1161,3457648,卖盘
10:24:52,29.78,0.0,45,134016,买盘
10:24:54,29.77,-0.01,57,169721,卖盘
10:24:57,29.78,0.01,1028,3060187,买盘
10:25:00,29.77,-0.01,100,297773,卖盘
10:25:05,29.78,0.01,456,1357779,买盘
10:25:07,29.77,-0.01,197,586306,卖盘
10:25:10,29.77,0.0,44,130983,买盘
10:25:13,29.76,-0.01,75,223271,卖盘
10:25:16,29.77,0.01,40,119076,买盘
10:25:18,29.77,0.0,20,59538,买盘
10:25:21,29.77,0.0,268,797586,买盘
10:25:25,29.76,-0.01,107,318505,卖盘
10:25:27,29.76,0.0,139,413770,卖盘
10:25:30,29.77,0.01,95,282779,买盘
10:25:33,29.76,-0.01,216,642933,卖盘
10:25:37,29.76,0.0,55,163708,卖盘
10:25:40,29.76,0.0,135,401783,卖盘
10:25:43,29.76,0.0,141,419702,卖盘
10:25:45,29.76,0.0,167,497033,卖盘
10:25:48,29.75,-0.01,1165,3467036,卖盘
10:25:52,29.75,0.0,102,303577,卖盘
10:25:55,29.76,0.01,14,41664,卖盘
10:25:58,29.76,0.0,1580,4700558,卖盘
10:26:01,29.76,0.0,1115,3317170,买盘
10:26:04,29.75,-0.01,362,1077036,卖盘
10:26:07,29.76,0.01,44,130944,买盘
10:26:09,29.75,-0.01,284,844939,卖盘
10:26:13,29.75,0.0,18,53550,卖盘
10:26:15,29.75,0.0,67,199346,卖盘
10:26:19,29.75,0.0,49,145799,卖盘
10:26:21,29.76,0.01,395,1175257,买盘
10:26:25,29.75,-0.01,70,208253,卖盘
10:26:27,29.75,0.0,179,532547,卖盘
10:26:30,29.75,0.0,175,520651,卖盘
10:26:34,29.75,0.0,142,422526,卖盘
10:26:36,29.75,0.0,71,211274,卖盘
10:26:39,29.74,-0.01,843,2507423,卖盘
10:26:43,29.74,0.0,111,330171,卖盘
10:26:45,29.75,0.01,404,1201487,买盘
10:26:48,29.75,0.0,335,996844,买盘
10:26:51,29.74,-0.01,110,327156,卖盘
10:26:54,29.74,0.0,188,559000,买盘
10:26:57,29.75,0.01,75,223100,买盘
10:27:00,29.74,-0.01,451,1341718,卖盘
10:27:05,29.74,0.0,87,258790,卖盘
10:27:07,29.74,0.0,98,291526,卖盘
10:27:10,29.75,0.01,32,95178,买盘
10:27:13,29.75,0.0,58,172507,买盘
10:27:15,29.75,0.0,147,437295,买盘
10:27:19,29.75,0.0,662,1969310,买盘
10:27:22,29.74,-0.01,67,199269,卖盘
10:27:25,29.75,0.01,29,86275,卖盘
10:27:27,29.75,0.0,98,291561,卖盘
10:27:30,29.75,0.0,20,59507,卖盘
10:27:34,29.76,0.01,50,148794,买盘
10:27:37,29.76,0.0,115,342158,买盘
10:27:39,29.75,-0.01,158,470167,卖盘
10:27:42,29.75,0.0,1072,3189204,卖盘
10:27:45,29.75,0.0,179,532419,买盘
10:27:49,29.75,0.0,314,934139,买盘
10:27:52,29.75,0.0,172,511688,卖盘
10:27:55,29.75,0.0,88,261790,卖盘
10:27:57,29.75,0.0,182,541325,卖盘
10:28:01,29.75,0.0,102,302236,买盘
10:28:04,29.75,0.0,43,129097,买盘
10:28:07,29.75,0.0,349,1038272,买盘
10:28:10,29.75,0.0,92,272509,买盘
10:28:13,29.75,0.0,15,44625,卖盘
10:28:16,29.76,0.01,152,452255,买盘
10:28:19,29.75,-0.01,29,86283,卖盘
10:28:21,29.75,0.0,41,122000,卖盘
10:28:24,29.76,0.01,130,386770,买盘
10:28:27,29.75,-0.01,120,357020,卖盘
10:28:30,29.75,0.0,58,172571,卖盘
10:28:33,29.76,0.01,38,113071,买盘
10:28:36,29.76,0.0,103,306439,买盘
10:28:39,29.75,-0.01,225,669384,卖盘
10:28:43,29.76,0.01,116,345125,买盘
10:28:45,29.75,-0.01,178,529419,卖盘
10:28:48,29.75,0.0,252,749616,买盘
10:28:51,29.75,0.0,305,907586,卖盘
10:28:54,29.76,0.01,64,190410,买盘
10:28:57,29.76,0.0,234,696167,买盘
10:29:01,29.75,-0.01,165,490913,卖盘
10:29:05,29.74,-0.01,89,264746,卖盘
10:29:07,29.74,0.0,722,2148434,卖盘
10:29:10,29.74,0.0,290,861332,买盘
10:29:12,29.74,0.0,207,615601,买盘
10:29:16,29.74,0.0,263,781932,买盘
10:29:19,29.73,-0.01,137,407349,卖盘
10:29:22,29.74,0.01,28,83255,买盘
10:29:25,29.74,0.0,121,359846,买盘
10:29:28,29.74,0.0,292,868137,买盘
10:29:31,29.74,0.0,497,1477595,买盘
10:29:33,29.73,-0.01,528,1570682,卖盘
10:29:37,29.72,-0.01,529,1571342,卖盘
10:29:39,29.73,0.01,66,196218,买盘
10:29:43,29.73,0.0,103,306208,买盘
10:29:46,29.73,0.0,266,790580,买盘
10:29:48,29.72,-0.01,182,541009,卖盘
10:29:51,29.73,0.01,104,309158,买盘
10:29:54,29.73,0.0,15,44589,买盘
10:29:58,29.73,0.0,247,734117,买盘
10:30:01,29.73,0.0,1113,3307942,买盘
10:30:04,29.72,-0.01,54,160514,卖盘
10:30:07,29.72,0.0,431,1281808,卖盘
10:30:10,29.72,0.0,938,2785818,买盘
10:30:12,29.71,-0.01,49,145620,卖盘
10:30:15,29.71,0.0,2297,6823296,卖盘
10:30:19,29.7,-0.01,573,1702307,卖盘
10:30:21,29.71,0.01,2067,6139031,买盘
10:30:25,29.7,-0.01,287,852464,卖盘
10:30:27,29.71,0.01,476,1413755,买盘
10:30:31,29.7,-0.01,1326,3938369,卖盘
10:30:34,29.7,0.0,1582,4700580,卖盘
10:30:37,29.69,-0.01,576,1710126,卖盘
10:30:40,29.69,0.0,45,133600,买盘
10:30:42,29.68,-0.01,79,234531,卖盘
10:30:45,29.68,0.0,115,341349,卖盘
10:30:48,29.68,0.0,276,819181,卖盘
10:30:51,29.68,0.0,474,1406952,卖盘
10:30:55,29.68,0.0,477,1415751,卖盘
10:30:57,29.68,0.0,291,863674,卖盘
10:31:00,29.68,0.0,23,68264,买盘
10:31:04,29.68,0.0,256,759564,买盘
10:31:06,29.67,-0.01,92,272993,卖盘
10:31:09,29.67,0.0,129,382688,买盘
10:31:12,29.66,-0.01,259,768503,卖盘
10:31:15,29.67,0.01,137,406412,买盘
10:31:18,29.66,-0.01,344,1020368,卖盘
10:31:21,29.66,0.0,39,115694,卖盘
10:31:25,29.67,0.01,172,510197,买盘
10:31:27,29.66,-0.01,218,646606,卖盘
10:31:31,29.66,0.0,37,109759,卖盘
10:31:34,29.67,0.01,160,474689,买盘
10:31:36,29.67,0.0,337,999583,买盘
10:31:39,29.67,0.0,218,646664,买盘
10:31:43,29.67,0.0,99,293733,买盘
10:31:46,29.66,-0.01,1004,2978170,卖盘
10:31:48,29.66,0.0,103,305484,买盘
10:31:51,29.66,0.0,182,539749,买盘
10:31:54,29.65,-0.01,129,382574,卖盘
10:31:57,29.66,0.01,477,1414396,买盘
10:32:00,29.66,0.0,121,358787,买盘
10:32:04,29.66,0.0,84,249089,买盘
10:32:06,29.65,-0.01,671,1989544,卖盘
10:32:09,29.65,0.0,112,332062,买盘
10:32:12,29.65,0.0,739,2191125,买盘
10:32:16,29.64,-0.01,202,598786,卖盘
10:32:18,29.65,0.01,211,625427,买盘
10:32:22,29.64,-0.01,483,1431672,卖盘
10:32:24,29.64,0.0,102,302336,卖盘
10:32:27,29.65,0.01,435,1289355,买盘
10:32:31,29.64,-0.01,1109,3288078,卖盘
10:32:33,29.65,0.01,90,266840,买盘
10:32:36,29.64,-0.01,742,2199664,卖盘
10:32:39,29.65,0.01,47,139355,卖盘
10:32:42,29.65,0.0,19,56335,卖盘
10:32:45,29.66,0.01,193,572405,买盘
10:32:48,29.65,-0.01,226,670088,卖盘
10:32:52,29.65,0.0,170,504000,买盘
10:32:55,29.65,0.0,162,480397,买盘
10:32:57,29.64,-0.01,194,575070,卖盘
10:33:01,29.64,0.0,341,1010770,卖盘
10:33:04,29.65,0.01,98,290574,卖盘
10:33:07,29.65,0.0,230,681942,卖盘
10:33:09,29.65,0.0,110,326104,买盘
10:33:12,29.65,0.0,105,311325,买盘
10:33:16,29.65,0.0,70,207547,买盘
10:33:18,29.64,-0.01,219,649149,卖盘
10:33:22,29.64,0.0,99,293471,卖盘
10:33:24,29.65,0.01,607,1798863,买盘
10:33:27,29.64,-0.01,544,1612122,卖盘
10:33:31,29.64,0.0,73,216418,卖盘
10:33:34,29.65,0.01,69,204512,买盘
10:33:37,29.63,-0.02,320,948198,卖盘
10:33:40,29.64,0.01,464,1374985,买盘
10:33:42,29.65,0.01,710,2104746,买盘
10:33:45,29.65,0.0,208,616720,卖盘
10:33:49,29.65,0.0,127,376506,卖盘
10:33:51,29.65,0.0,62,183826,买盘
10:33:54,29.65,0.0,35,103775,买盘
10:33:58,29.64,-0.01,169,500980,卖盘
10:34:01,29.64,0.0,38,112632,买盘
10:34:05,29.64,0.0,65,192660,买盘
10:34:07,29.64,0.0,281,832658,买盘
10:34:10,29.63,-0.01,156,462253,卖盘
10:34:12,29.63,0.0,104,308244,卖盘
10:34:15,29.63,0.0,41,121492,卖盘
10:34:19,29.62,-0.01,301,891868,卖盘
10:34:22,29.63,0.01,130,385174,买盘
10:34:24,29.62,-0.01,57,168870,卖盘
10:34:27,29.63,0.01,408,1208569,买盘
10:34:31,29.63,0.0,595,1762460,买盘
10:34:34,29.63,0.0,150,444401,买盘
10:34:36,29.63,0.0,209,619267,卖盘
10:34:39,29.63,0.0,42,124446,卖盘
10:34:42,29.64,0.01,419,1241911,买盘
10:34:46,29.65,0.01,404,1197860,买盘
10:34:49,29.65,0.0,603,1788153,卖盘
10:34:51,29.65,0.0,150,444877,卖盘
10:34:55,29.66,0.01,188,555792,买盘
10:34:57,29.66,0.0,272,806752,卖盘
10:35:01,29.67,0.01,38,112722,买盘
10:35:04,29.67,0.0,21,62307,卖盘
10:35:07,29.67,0.0,253,750665,卖盘
10:35:10,29.67,0.0,79,234497,买盘
10:35:12,29.68,0.01,3,8906,卖盘
10:35:16,29.67,-0.01,225,667629,卖盘
10:35:19,29.71,0.04,928,2756149,买盘
10:35:22,29.7,-0.01,174,516780,卖盘
10:35:25,29.7,0.0,96,285136,卖盘
10:35:27,29.69,-0.01,467,1387034,卖盘
10:35:31,29.69,0.0,260,772199,卖盘
10:35:33,29.7,0.01,73,216806,买盘
10:35:36,29.69,-0.01,164,486970,卖盘
10:35:40,29.69,0.0,53,157356,买盘
10:35:42,29.7,0.01,493,1463503,买盘
10:35:45,29.7,0.0,14,41570,买盘
10:35:48,29.7,0.0,253,751204,买盘
10:35:51,29.69,-0.01,98,291019,卖盘
10:35:54,29.69,0.0,87,258303,买盘
10:35:57,29.68,-0.01,337,1000253,卖盘
10:36:00,29.69,0.01,167,495684,买盘
10:36:04,29.67,-0.02,60,179732,卖盘
10:36:07,29.68,0.01,109,323547,卖盘
10:36:09,29.68,0.0,336,996949,买盘
10:36:12,29.68,0.0,680,2016938,买盘
10:36:15,29.68,0.0,118,350154,买盘
10:36:18,29.67,-0.01,36,106810,卖盘
10:36:21,29.67,0.0,209,619989,买盘
10:36:25,29.67,0.0,46,136476,买盘
10:36:27,29.67,0.0,1294,3836793,买盘
10:36:30,29.67,0.0,432,1281742,卖盘
10:36:33,29.67,0.0,46,136491,卖盘
10:36:36,29.67,0.0,220,652943,卖盘
10:36:39,29.67,0.0,96,284782,卖盘
10:36:42,29.67,0.0,103,305501,买盘
10:36:45,29.67,0.0,126,373682,买盘
10:36:49,29.66,-0.01,163,483409,中性盘
10:36:51,29.66,0.0,64,189812,买盘
10:36:55,29.65,-0.01,159,471536,卖盘
10:36:58,29.65,0.0,382,1132672,卖盘
10:37:00,29.64,-0.01,85,252022,卖盘
10:37:04,29.64,0.0,47,139346,卖盘
10:37:06,29.65,0.01,263,779548,买盘
10:37:09,29.64,-0.01,21,62235,中性盘
10:37:13,29.64,0.0,63,186729,买盘
10:37:15,29.64,0.0,73,216372,买盘
10:37:19,29.63,-0.01,509,1508214,卖盘
10:37:21,29.63,0.0,189,559942,买盘
10:37:24,29.63,0.0,149,441392,买盘
10:37:27,29.62,-0.01,919,2722110,卖盘
10:37:30,29.61,-0.01,160,473904,卖盘
10:37:34,29.62,0.01,43,127362,买盘
10:37:37,29.62,0.0,1888,5590455,买盘
10:37:39,29.61,-0.01,227,672225,卖盘
10:37:42,29.61,0.0,171,506473,卖盘
10:37:46,29.62,0.01,39,115530,买盘
10:37:48,29.63,0.01,360,1066358,买盘
10:37:52,29.62,-0.01,309,915300,卖盘
10:37:54,29.61,-0.01,68,201401,卖盘
10:37:57,29.61,0.0,336,995008,卖盘
10:38:00,29.62,0.01,84,248795,买盘
10:38:04,29.62,0.0,252,746258,买盘
10:38:07,29.62,0.0,159,470871,买盘
10:38:09,29.62,0.0,225,666269,买盘
10:38:12,29.62,0.0,63,186594,买盘
10:38:16,29.62,0.0,792,2345375,买盘
10:38:19,29.61,-0.01,161,476720,卖盘
10:38:21,29.6,-0.01,174,515157,卖盘
10:38:24,29.61,0.01,31,91789,买盘
10:38:27,29.6,-0.01,1079,3193907,卖盘
10:38:31,29.61,0.01,332,982956,买盘
10:38:34,29.61,0.0,78,230919,买盘
10:38:36,29.61,0.0,178,526906,买盘
10:38:39,29.61,0.0,254,751876,买盘
10:38:43,29.61,0.0,81,239767,买盘
10:38:46,29.61,0.0,219,648334,买盘
10:38:48,29.61,0.0,186,550627,买盘
10:38:51,29.61,0.0,1505,4454844,买盘
10:38:54,29.61,0.0,361,1068923,买盘
10:38:58,29.61,0.0,445,1317645,卖盘
10:39:00,29.61,0.0,317,938704,卖盘
10:39:05,29.6,-0.01,75,222070,卖盘
10:39:07,29.61,0.01,221,654323,买盘
10:39:10,29.6,-0.01,713,2110505,卖盘
10:39:12,29.61,0.01,224,663257,买盘
10:39:15,29.61,0.0,85,250837,买盘
10:39:19,29.61,0.0,425,1259700,卖盘
10:39:22,29.6,-0.01,1163,3442500,卖盘
10:39:24,29.6,0.0,112,331605,卖盘
10:39:27,29.6,0.0,234,692745,卖盘
10:39:30,29.6,0.0,73,216135,卖盘
10:39:33,29.6,0.0,146,432175,卖盘
10:39:36,29.6,0.0,871,2578673,卖盘
10:39:40,29.6,0.0,236,698611,卖盘
10:39:42,29.6,0.0,287,846963,卖盘
10:39:46,29.6,0.0,156,461786,卖盘
10:39:48,29.61,0.01,488,1444609,买盘
10:39:52,29.6,-0.01,112,331563,卖盘
10:39:54,29.6,0.0,735,2175629,卖盘
10:39:58,29.6,0.0,332,984716,卖盘
10:40:00,29.61,0.01,180,532421,买盘
10:40:04,29.61,0.0,91,269451,卖盘
10:40:07,29.62,0.01,7,20733,买盘
10:40:10,29.61,-0.01,101,299062,卖盘
10:40:12,29.61,0.0,36,106575,买盘
10:40:15,29.61,0.0,129,381904,买盘
10:40:19,29.6,-0.01,253,748863,卖盘
10:40:21,29.59,-0.01,232,686822,卖盘
10:40:24,29.61,0.02,1154,3414787,买盘
10:40:28,29.6,-0.01,207,612738,卖盘
10:40:30,29.6,0.0,67,198338,卖盘
10:40:34,29.61,0.01,271,802431,买盘
10:40:37,29.6,-0.01,186,549051,卖盘
10:40:40,29.6,0.0,313,926790,卖盘
10:40:43,29.61,0.01,61,180621,卖盘
10:40:45,29.61,0.0,32,94751,卖盘
10:40:48,29.61,0.0,127,376027,卖盘
10:40:51,29.6,-0.01,640,1895107,卖盘
10:40:54,29.61,0.01,122,361136,买盘
10:40:57,29.6,-0.01,71,210191,卖盘
10:41:01,29.62,0.02,405,1201684,买盘
10:41:04,29.6,-0.02,101,299018,卖盘
10:41:06,29.63,0.03,49,145109,买盘
10:41:09,29.6,-0.03,50,148027,卖盘
10:41:13,29.6,0.0,28,82897,卖盘
10:41:16,29.61,0.01,22,65132,中性盘
10:41:19,29.6,-0.01,21,62170,卖盘
10:41:22,29.6,0.0,132,390834,卖盘
10:41:24,29.6,0.0,175,518199,卖盘
10:41:28,29.61,0.01,517,1530380,中性盘
10:41:30,29.6,-0.01,255,754830,卖盘
10:41:33,29.61,0.01,136,402631,买盘
10:41:37,29.61,0.0,143,423326,买盘
10:41:39,29.6,-0.01,160,473746,卖盘
10:41:43,29.61,0.01,57,168736,买盘
10:41:46,29.61,0.0,118,349369,买盘
10:41:49,29.6,-0.01,338,1000572,卖盘
10:41:51,29.61,0.01,76,224975,买盘
10:41:54,29.6,-0.01,35,103631,卖盘
10:41:58,29.61,0.01,63,186502,买盘
10:42:01,29.61,0.0,41,121381,买盘
10:42:04,29.6,-0.01,273,808312,卖盘
10:42:06,29.61,0.01,46,136163,买盘
10:42:10,29.61,0.0,66,195384,买盘
10:42:12,29.61,0.0,80,236863,买盘
10:42:15,29.61,0.0,286,846591,买盘
10:42:18,29.6,-0.01,537,1589541,卖盘
10:42:22,29.59,-0.01,400,1183887,卖盘
10:42:24,29.59,0.0,141,415279,卖盘
10:42:28,29.61,0.02,80,236807,买盘
10:42:30,29.6,-0.01,18,53286,卖盘
10:42:33,29.6,0.0,16,47362,卖盘
10:42:37,29.6,0.0,39,115445,卖盘
10:42:40,29.6,0.0,27,79931,卖盘
10:42:43,29.6,0.0,82,242725,卖盘
10:42:45,29.61,0.01,81,239765,买盘
10:42:49,29.6,-0.01,31,91770,卖盘
10:42:51,29.61,0.01,32,94747,买盘
10:42:55,29.61,0.0,82,242758,买盘
10:42:58,29.61,0.0,101,299010,买盘
10:43:01,29.6,-0.01,61,180573,卖盘
10:43:04,29.6,0.0,98,290103,卖盘
10:43:07,29.61,0.01,856,2533796,买盘
10:43:09,29.6,-0.01,113,334494,卖盘
10:43:12,29.61,0.01,29,85851,买盘
10:43:16,29.61,0.0,108,319758,买盘
10:43:18,29.61,0.0,248,734141,买盘
10:43:21,29.6,-0.01,153,452919,卖盘
10:43:24,29.6,0.0,365,1080532,卖盘
10:43:27,29.59,-0.01,71,210155,卖盘
10:43:30,29.61,0.02,70,207210,买盘
10:43:33,29.61,0.0,21,62167,买盘
10:43:36,29.61,0.0,42,124342,买盘
10:43:39,29.6,-0.01,137,405520,卖盘
10:43:42,29.6,0.0,54,159840,买盘
10:43:45,29.6,0.0,45,133213,买盘
10:43:49,29.6,0.0,238,704382,买盘
10:43:52,29.6,0.0,301,890701,买盘
10:43:54,29.6,0.0,102,301860,买盘
10:43:57,29.59,-0.01,39,115436,卖盘
10:44:01,29.59,0.0,89,265372,卖盘
10:44:04,29.59,0.0,36,106524,买盘
10:44:07,29.59,0.0,85,251444,买盘
10:44:10,29.59,0.0,60,177500,买盘
10:44:12,29.59,0.0,117,346131,买盘
10:44:16,29.59,0.0,75,221887,买盘
10:44:18,29.59,0.0,37,109479,买盘
10:44:22,29.59,0.0,360,1063225,买盘
10:44:24,29.58,-0.01,1357,4013920,卖盘
10:44:28,29.58,0.0,119,351987,买盘
10:44:30,29.57,-0.01,106,313519,卖盘
10:44:33,29.58,0.01,42,124195,买盘
10:44:36,29.58,0.0,416,1230972,买盘
10:44:40,29.58,0.0,34,100573,卖盘
10:44:42,29.58,0.0,155,458495,卖盘
10:44:45,29.58,0.0,104,307632,卖盘
10:44:49,29.58,0.0,21,62138,卖盘
10:44:52,29.58,0.0,104,307646,卖盘
10:44:55,29.59,0.01,91,269249,买盘
10:44:57,29.59,0.0,399,1179810,买盘
10:45:01,29.58,-0.01,109,322520,买盘
10:45:04,29.58,0.0,15,44370,买盘
10:45:07,29.57,-0.01,171,505770,卖盘
10:45:09,29.57,0.0,34,100562,卖盘
10:45:13,29.58,0.01,288,851904,买盘
10:45:16,29.58,0.0,132,390461,卖盘
10:45:18,29.58,0.0,158,467365,卖盘
10:45:21,29.58,0.0,553,1635767,卖盘
10:45:24,29.58,0.0,67,198129,买盘
10:45:28,29.58,0.0,101,298742,买盘
10:45:31,29.58,0.0,77,227718,买盘
10:45:33,29.58,0.0,29,85778,买盘
10:45:36,29.58,0.0,67,198134,买盘
10:45:39,29.57,-0.01,40,118317,卖盘
10:45:42,29.57,0.0,39,115325,卖盘
10:45:46,29.57,0.0,34,100541,卖盘
10:45:49,29.58,0.01,197,582709,买盘
10:45:51,29.57,-0.01,144,425809,卖盘
10:45:55,29.57,0.0,40,118304,卖盘
10:45:57,29.58,0.01,515,1522858,买盘
10:46:00,29.57,-0.01,111,328225,卖盘
10:46:04,29.57,0.0,265,783772,买盘
10:46:07,29.57,0.0,36,106441,买盘
10:46:10,29.57,0.0,24,70964,买盘
10:46:13,29.56,-0.01,32,94604,卖盘
10:46:15,29.57,0.01,62,183289,买盘
10:46:18,29.57,0.0,93,274978,买盘
10:46:22,29.56,-0.01,241,712457,卖盘
10:46:24,29.56,0.0,223,659264,卖盘
10:46:27,29.56,0.0,209,617807,卖盘
10:46:31,29.56,0.0,102,301537,卖盘
10:46:33,29.56,0.0,622,1839138,卖盘
10:46:37,29.56,0.0,100,295607,卖盘
10:46:39,29.56,0.0,67,198061,卖盘
10:46:43,29.57,0.01,160,472973,买盘
10:46:45,29.57,0.0,163,481871,买盘
10:46:48,29.57,0.0,1027,3034900,买盘
10:46:51,29.57,0.0,49,144854,买盘
10:46:54,29.55,-0.02,158,467049,卖盘
10:46:57,29.56,0.01,100,295658,中性盘
10:47:00,29.56,0.0,39,115286,中性盘
10:47:04,29.55,-0.01,41,121205,卖盘
10:47:07,29.55,0.0,14,41384,卖盘
10:47:09,29.56,0.01,19,56158,买盘
10:47:13,29.56,0.0,28,82768,买盘
10:47:16,29.56,0.0,209,617809,卖盘
10:47:18,29.55,-0.01,409,1208951,卖盘
10:47:22,29.55,0.0,92,271871,卖盘
10:47:24,29.56,0.01,112,330982,买盘
10:47:27,29.56,0.0,37,109366,买盘
10:47:31,29.56,0.0,131,387207,卖盘
10:47:34,29.55,-0.01,192,567525,卖盘
10:47:37,29.56,0.01,24,70926,中性盘
10:47:40,29.56,0.0,77,227586,卖盘
10:47:42,29.56,0.0,90,266002,买盘
10:47:45,29.55,-0.01,156,461026,卖盘
10:47:48,29.56,0.01,75,221676,买盘
10:47:51,29.55,-0.01,325,960868,卖盘
10:47:54,29.56,0.01,53,156638,买盘
10:47:58,29.55,-0.01,25,73889,卖盘
10:48:00,29.55,0.0,23,67977,卖盘
10:48:04,29.55,0.0,46,135934,卖盘
10:48:07,29.55,0.0,244,721087,卖盘
10:48:10,29.55,0.0,136,401880,卖盘
10:48:13,29.55,0.0,44,130020,买盘
10:48:15,29.54,-0.01,78,230424,卖盘
10:48:18,29.54,0.0,37,109327,卖盘
10:48:22,29.54,0.0,486,1435768,卖盘
10:48:24,29.54,0.0,290,856587,买盘
10:48:27,29.54,0.0,269,794793,买盘
10:48:31,29.55,0.01,20,59085,买盘
10:48:33,29.55,0.0,71,209761,买盘
10:48:36,29.54,-0.01,175,516978,卖盘
10:48:39,29.55,0.01,172,510439,买盘
10:48:42,29.54,-0.01,494,1459390,卖盘
10:48:45,29.55,0.01,69,203881,买盘
10:48:49,29.54,-0.01,119,351535,卖盘
10:48:52,29.54,0.0,137,404594,卖盘
10:48:55,29.55,0.01,169,499145,买盘
10:48:58,29.54,-0.01,177,522924,卖盘
10:49:00,29.55,0.01,48,141797,买盘
10:49:04,29.55,0.0,86,254076,买盘
10:49:07,29.54,-0.01,76,224536,卖盘
10:49:10,29.54,0.0,30,88634,卖盘
10:49:12,29.54,0.0,19,56126,卖盘
10:49:16,29.54,0.0,191,564255,卖盘
10:49:18,29.54,0.0,52,153638,卖盘
10:49:22,29.55,0.01,26,76823,买盘
10:49:24,29.55,0.0,188,555444,买盘
10:49:28,29.55,0.0,43,127063,买盘
10:49:30,29.55,0.0,70,206831,买盘
10:49:33,29.55,0.0,427,1261765,买盘
10:49:36,29.55,0.0,234,691586,买盘
10:49:39,29.55,0.0,167,493615,卖盘
10:49:43,29.58,0.03,51,150830,买盘
10:49:46,29.58,0.0,244,721402,买盘
10:49:49,29.58,0.0,21,62073,买盘
10:49:51,29.58,0.0,72,212978,买盘
10:49:54,29.59,0.01,379,1121432,买盘
10:49:57,29.59,0.0,213,627896,买盘
10:50:00,29.59,0.0,127,375892,卖盘
10:50:05,29.6,0.01,69,204240,买盘
10:50:07,29.62,0.02,666,1971058,买盘
10:50:10,29.62,0.0,86,254545,买盘
10:50:13,29.62,0.0,50,148100,买盘
10:50:16,29.63,0.01,100,296250,买盘
10:50:19,29.64,0.01,22,65206,买盘
10:50:21,29.65,0.01,53,157145,买盘
10:50:25,29.63,-0.02,74,219339,卖盘
10:50:27,29.64,0.01,72,213468,卖盘
10:50:30,29.64,0.0,40,118585,买盘
10:50:34,29.68,0.04,72,213595,买盘
10:50:37,29.66,-0.02,51,151303,卖盘
10:50:39,29.65,-0.01,236,700064,卖盘
10:50:42,29.68,0.03,56,166167,买盘
10:50:45,29.68,0.0,79,234459,买盘
10:50:48,29.67,-0.01,164,486594,卖盘
10:50:51,29.67,0.0,82,243365,卖盘
10:50:54,29.67,0.0,261,774409,卖盘
10:50:57,29.67,0.0,82,243234,买盘
10:51:00,29.66,-0.01,35,103834,卖盘
10:51:04,29.67,0.01,67,198789,买盘
10:51:06,29.67,0.0,87,258080,买盘
10:51:09,29.67,0.0,103,305647,买盘
10:51:12,29.67,0.0,103,305601,卖盘
10:51:15,29.68,0.01,160,474761,买盘
10:51:18,29.68,0.0,41,121683,买盘
10:51:21,29.67,-0.01,44,130595,卖盘
10:51:25,29.66,-0.01,224,664645,卖盘
10:51:27,29.68,0.02,4,11874,卖盘
10:51:31,29.67,-0.01,10,29677,卖盘
10:51:34,29.68,0.01,74,219585,买盘
10:51:37,29.68,0.0,76,225558,买盘
10:51:40,29.68,0.0,85,252282,卖盘
10:51:42,29.67,-0.01,286,848557,卖盘
10:51:46,29.68,0.01,24,71232,买盘
10:51:48,29.68,0.0,67,198851,买盘
10:51:52,29.67,-0.01,112,332341,卖盘
10:51:54,29.67,0.0,82,243289,卖盘
10:51:58,29.67,0.0,33,97903,买盘
10:52:01,29.67,0.0,210,623068,买盘
10:52:04,29.67,0.0,36,106812,卖盘
10:52:07,29.68,0.01,29,86062,买盘
10:52:10,29.68,0.0,203,602232,买盘
10:52:13,29.66,-0.02,161,477550,卖盘
10:52:15,29.66,0.0,44,130504,买盘
10:52:18,29.65,-0.01,72,213538,卖盘
10:52:22,29.67,0.02,55,163119,买盘
10:52:24,29.65,-0.02,93,275805,卖盘
10:52:27,29.66,0.01,8,23727,中性盘
10:52:30,29.66,0.0,33,97847,卖盘
10:52:33,29.66,0.0,32,94934,中性盘
10:52:36,29.65,-0.01,18,53383,卖盘
10:52:39,29.65,0.0,8,23722,卖盘
10:52:42,29.65,0.0,61,180908,卖盘
10:52:46,29.66,0.01,11,32622,买盘
10:52:49,29.65,-0.01,30,88975,卖盘
10:52:51,29.66,0.01,146,433036,卖盘
10:52:54,29.66,0.0,46,136413,卖盘
10:52:57,29.64,-0.02,166,492080,卖盘
10:53:00,29.65,0.01,15,44474,买盘
10:53:04,29.65,0.0,11,32615,买盘
10:53:06,29.65,0.0,21,62272,卖盘
10:53:09,29.65,0.0,19,56334,买盘
10:53:12,29.63,-0.02,82,243033,卖盘
10:53:19,29.64,0.01,50,148197,买盘
10:53:21,29.63,-0.01,46,136309,卖盘
10:53:25,29.62,-0.01,114,337823,卖盘
10:53:28,29.64,0.02,128,379217,买盘
10:53:30,29.63,-0.01,38,112602,卖盘
10:53:33,29.63,0.0,10,29638,卖盘
10:53:37,29.63,0.0,48,142245,卖盘
10:53:39,29.64,0.01,3,8890,买盘
10:53:42,29.64,0.0,737,2184993,买盘
10:53:45,29.65,0.01,25,74105,买盘
10:53:48,29.63,-0.02,30,88912,卖盘
10:53:52,29.64,0.01,30,88897,买盘
10:53:54,29.63,-0.01,6,17783,卖盘
10:53:57,29.63,0.0,37,109632,卖盘
10:54:00,29.63,0.0,16,47408,买盘
10:54:05,29.63,0.0,92,272566,买盘
10:54:07,29.62,-0.01,25,74052,卖盘
10:54:09,29.62,0.0,18,53320,卖盘
10:54:13,29.65,0.03,977,2896106,买盘
10:54:16,29.62,-0.03,38,112630,卖盘
10:54:19,29.62,0.0,33,97746,买盘
10:54:22,29.66,0.04,7,20753,买盘
10:54:24,29.64,-0.02,66,195624,卖盘
10:54:27,29.66,0.02,13,38543,买盘
10:54:30,29.61,-0.05,964,2856689,卖盘
10:54:34,29.61,0.0,79,233919,买盘
10:54:36,29.61,0.0,530,1569330,买盘
10:54:39,29.6,-0.01,264,781475,卖盘
10:54:45,29.65,0.05,201,594966,买盘
10:54:49,29.61,-0.04,6,17786,中性盘
10:54:51,29.65,0.04,5,14810,买盘
10:54:54,29.65,0.0,21,62185,买盘
10:54:57,29.61,-0.04,161,476625,卖盘
10:55:01,29.61,0.0,23,68173,卖盘
10:55:04,29.61,0.0,91,269451,卖盘
10:55:07,29.65,0.04,7,20747,买盘
10:55:09,29.65,0.0,24,71154,买盘
10:55:12,29.66,0.01,155,461179,买盘
10:55:15,29.63,-0.03,935,2772244,卖盘
10:55:18,29.63,0.0,15,44435,买盘
10:55:21,29.66,0.03,516,1529381,买盘
10:55:24,29.65,-0.01,41,121565,中性盘
10:55:27,29.66,0.01,131,388420,买盘
10:55:31,29.65,-0.01,21,62281,卖盘
10:55:33,29.66,0.01,145,429953,买盘
10:55:37,29.65,-0.01,82,243188,卖盘
10:55:39,29.66,0.01,24,71186,中性盘
10:55:42,29.67,0.01,34,100850,买盘
10:55:45,29.67,0.0,4,11868,买盘
10:55:48,29.67,0.0,70,207662,买盘
10:55:51,29.66,-0.01,55,163140,卖盘
10:55:54,29.67,0.01,28,83075,买盘
10:55:57,29.68,0.01,1136,3370408,买盘
10:56:00,29.68,0.0,17,50456,卖盘
10:56:04,29.69,0.01,37,109819,买盘
10:56:07,29.68,-0.01,46,136535,卖盘
10:56:09,29.68,0.0,21,63525,卖盘
10:56:13,29.68,0.0,7,20776,买盘
10:56:15,29.68,0.0,21,62323,买盘
10:56:18,29.68,0.0,19,56387,买盘
10:56:22,29.68,0.0,11,32644,买盘
10:56:24,29.67,-0.01,13,38571,买盘
10:56:27,29.66,-0.01,190,563622,卖盘
10:56:30,29.67,0.01,138,409421,买盘
10:56:33,29.68,0.01,27,80125,买盘
10:56:36,29.68,0.0,21,62317,买盘
10:56:39,29.68,0.0,43,127599,买盘
10:56:43,29.67,-0.01,146,433223,卖盘
10:56:45,29.67,0.0,292,866365,卖盘
10:56:48,29.68,0.01,72,213681,买盘
10:56:55,29.67,-0.01,5,14835,买盘
10:56:58,29.67,0.0,16,47472,买盘
10:57:01,29.66,-0.01,205,608038,卖盘
10:57:04,29.66,0.0,4,11864,中性盘
10:57:07,29.66,0.0,13,38552,买盘
10:57:10,29.65,-0.01,156,462572,卖盘
10:57:12,29.65,0.0,593,1758255,卖盘
10:57:16,29.64,-0.01,123,364681,卖盘
10:57:19,29.64,0.0,28,82984,买盘
10:57:21,29.63,-0.01,40,118541,卖盘
10:57:24,29.64,0.01,25,74099,买盘
10:57:28,29.63,-0.01,71,210273,买盘
10:57:34,29.63,0.0,137,405703,买盘
10:57:37,29.63,0.0,40,118496,买盘
10:57:40,29.62,-0.01,14,41465,中性盘
10:57:42,29.61,-0.01,10,29610,中性盘
10:57:45,29.6,-0.01,294,870592,卖盘
10:57:48,29.61,0.01,13,38497,中性盘
10:57:51,29.62,0.01,72,213264,买盘
10:57:55,29.62,0.0,98,290281,卖盘
10:57:58,29.62,0.0,217,642755,卖盘
10:58:00,29.62,0.0,12,35544,卖盘
10:58:05,29.62,0.0,63,186607,卖盘
10:58:07,29.62,0.0,646,1913457,卖盘
10:58:10,29.62,0.0,58,171806,卖盘
10:58:12,29.62,0.0,238,704977,卖盘
10:58:16,29.62,0.0,10,29620,卖盘
10:58:19,29.62,0.0,47,139252,卖盘
10:58:22,29.62,0.0,105,311011,卖盘
10:58:25,29.63,0.01,35,103673,买盘
10:58:27,29.63,0.0,153,453191,买盘
10:58:30,29.62,-0.01,3,8888,卖盘
10:58:33,29.63,0.01,54,159963,买盘
10:58:36,29.62,-0.01,36,106633,卖盘
10:58:39,29.62,0.0,14,41474,卖盘
10:58:43,29.63,0.01,73,216247,买盘
10:58:46,29.62,-0.01,4,11848,卖盘
10:58:48,29.62,0.0,79,234018,卖盘
10:58:51,29.61,-0.01,116,343609,卖盘
10:58:54,29.62,0.01,16,47392,买盘
10:58:57,29.62,0.0,32,94782,卖盘
10:59:00,29.61,-0.01,125,370236,卖盘
10:59:04,29.61,0.0,48,142158,卖盘
10:59:07,29.61,0.0,46,136220,卖盘
10:59:10,29.61,0.0,45,133245,卖盘
10:59:13,29.61,0.0,39,115494,卖盘
10:59:16,29.61,0.0,7,20728,卖盘
10:59:19,29.61,0.0,39,115479,卖盘
10:59:21,29.61,0.0,38,112519,卖盘
10:59:25,29.61,0.0,18,53293,买盘
10:59:27,29.62,0.01,97,287166,买盘
10:59:31,29.6,-0.02,24,71056,卖盘
10:59:34,29.6,0.0,70,207211,卖盘
10:59:37,29.6,0.0,73,216132,卖盘
10:59:39,29.61,0.01,122,361123,买盘
10:59:42,29.59,-0.02,243,719201,卖盘
10:59:46,29.6,0.01,9,26640,买盘
10:59:49,29.6,0.0,36,106560,卖盘
10:59:51,29.6,0.0,203,600685,卖盘
10:59:55,29.6,0.0,2,5920,买盘
10:59:57,29.6,0.0,36,106551,买盘
11:00:00,29.6,0.0,46,136125,买盘
11:00:04,29.59,-0.01,81,239690,卖盘
11:00:07,29.59,0.0,32,94708,卖盘
11:00:10,29.6,0.01,3,8879,买盘
11:00:12,29.59,-0.01,5,14795,卖盘
11:00:16,29.59,0.0,9,26631,卖盘
11:00:18,29.59,0.0,23,68070,卖盘
11:00:22,29.59,0.0,23,68059,卖盘
11:00:24,29.59,0.0,82,242638,卖盘
11:00:27,29.6,0.01,71,210055,买盘
11:00:30,29.58,-0.02,1581,4676094,卖盘
11:00:34,29.58,0.0,157,464266,买盘
11:00:36,29.57,-0.01,46,136007,中性盘
11:00:39,29.56,-0.01,98,289700,卖盘
11:00:42,29.58,0.02,414,1224606,买盘
11:00:46,29.53,-0.05,2428,7173464,卖盘
11:00:49,29.53,0.0,707,2087740,买盘
11:00:51,29.54,0.01,293,863866,买盘
11:00:55,29.53,-0.01,49,144768,卖盘
11:00:58,29.54,0.01,40,118121,中性盘
11:01:01,29.53,-0.01,69,204445,卖盘
11:01:04,29.53,0.0,85,251016,卖盘
11:01:07,29.52,-0.01,35,103339,卖盘
11:01:09,29.53,0.01,94,277575,买盘
11:01:12,29.53,0.0,209,617075,买盘
11:01:15,29.53,0.0,120,354364,买盘
11:01:18,29.53,0.0,648,1912909,买盘
11:01:21,29.53,0.0,58,171269,买盘
11:01:24,29.54,0.01,175,516830,买盘
11:01:27,29.53,-0.01,77,227415,卖盘
11:01:30,29.53,0.0,13,38395,卖盘
11:01:33,29.53,0.0,25,73825,卖盘
11:01:37,29.54,0.01,19,56135,买盘
11:01:40,29.54,0.0,112,330953,卖盘
11:01:43,29.54,0.0,147,434210,买盘
11:01:45,29.53,-0.01,75,221545,卖盘
11:01:49,29.55,0.02,40,118169,买盘
11:01:52,29.54,-0.01,11,32494,卖盘
11:01:54,29.56,0.02,6,17735,买盘
11:01:58,29.55,-0.01,32,94591,卖盘
11:02:00,29.58,0.03,328,970562,买盘
11:02:04,29.58,0.0,20,59160,卖盘
11:02:06,29.58,0.0,373,1103485,卖盘
11:02:09,29.59,0.01,13,38467,买盘
11:02:12,29.58,-0.01,20,59163,卖盘
11:02:15,29.59,0.01,51,150908,买盘
11:02:18,29.59,0.0,235,695153,买盘
11:02:21,29.58,-0.01,13,38460,卖盘
11:02:24,29.58,0.0,86,254428,卖盘
11:02:28,29.58,0.0,53,156283,卖盘
11:02:31,29.58,0.0,66,195080,买盘
11:02:33,29.58,0.0,8,23664,买盘
11:02:36,29.58,0.0,25,73936,买盘
11:02:40,29.58,0.0,3,8874,买盘
11:02:42,29.58,0.0,107,316506,买盘
11:02:46,29.58,0.0,15,44370,买盘
11:02:48,29.58,0.0,28,82823,买盘
11:02:51,29.62,0.04,244,722442,卖盘
11:02:55,29.58,-0.04,61,180444,卖盘
11:02:57,29.59,0.01,1,2959,卖盘
11:03:00,29.62,0.03,15,44423,买盘
11:03:04,29.62,0.0,56,165860,买盘
11:03:07,29.62,0.0,55,162860,买盘
11:03:09,29.61,-0.01,24,71087,卖盘
11:03:13,29.62,0.01,7,21236,买盘
11:03:16,29.61,-0.01,102,302163,卖盘
11:03:18,29.65,0.04,63,186644,买盘
11:03:22,29.63,-0.02,5,14815,卖盘
11:03:24,29.62,-0.01,8,23703,卖盘
11:03:27,29.62,0.0,89,263666,卖盘
11:03:31,29.63,0.01,21,62236,中性盘
11:03:33,29.63,0.0,17,50371,卖盘
11:03:37,29.65,0.02,9,26685,买盘
11:03:39,29.65,0.0,37,109702,买盘
11:03:42,29.65,0.0,49,145345,卖盘
11:03:46,29.66,0.01,178,527772,买盘
11:03:48,29.65,-0.01,37,109705,卖盘
11:03:52,29.65,0.0,10,29649,中性盘
11:03:54,29.66,0.01,30,88956,买盘
11:03:57,29.65,-0.01,15,44475,卖盘
11:04:01,29.64,-0.01,86,254961,卖盘
11:04:04,29.65,0.01,15,44475,买盘
11:04:07,29.65,0.0,22,65227,买盘
11:04:10,29.65,0.0,18,53370,买盘
11:04:13,29.63,-0.02,58,171885,卖盘
11:04:15,29.64,0.01,32,94858,卖盘
11:04:19,29.64,0.0,6,17784,买盘
11:04:22,29.64,0.0,24,71133,买盘
11:04:24,29.64,0.0,125,370586,卖盘
11:04:27,29.63,-0.01,93,275591,卖盘
11:04:30,29.65,0.02,40,118584,买盘
11:04:33,29.63,-0.02,40,118520,卖盘
11:04:37,29.63,0.0,7,20738,买盘
11:04:40,29.63,0.0,13,38519,买盘
11:04:43,29.62,-0.01,18,53321,卖盘
11:04:45,29.63,0.01,20,59242,买盘
11:04:48,29.63,0.0,240,710727,买盘
11:04:52,29.61,-0.02,70,207299,卖盘
11:04:54,29.61,0.0,15,44426,买盘
11:04:58,29.63,0.02,285,844192,买盘
11:05:00,29.61,-0.02,39,115488,卖盘
11:05:04,29.61,0.0,18,53330,卖盘
11:05:07,29.64,0.03,55,162970,买盘
11:05:10,29.63,-0.01,29,85941,卖盘
11:05:12,29.64,0.01,83,246043,买盘
11:05:15,29.64,0.0,86,254950,卖盘
11:05:18,29.64,0.0,59,174877,卖盘
11:05:22,29.64,0.0,6,17785,卖盘
11:05:24,29.64,0.0,83,246012,卖盘
11:05:28,29.63,-0.01,62,183723,卖盘
11:05:30,29.65,0.02,28,83006,买盘
11:05:33,29.64,-0.01,32,94847,中性盘
11:05:36,29.64,0.0,51,151134,买盘
11:05:40,29.63,-0.01,12,35562,卖盘
11:05:42,29.63,0.0,4,11852,卖盘
11:05:46,29.64,0.01,24,71136,卖盘
11:05:49,29.65,0.01,87,257943,买盘
11:05:51,29.63,-0.02,8,23716,卖盘
11:05:55,29.64,0.01,11,32603,买盘
11:05:57,29.63,-0.01,52,154079,卖盘
11:06:01,29.63,0.0,21,62243,卖盘
11:06:04,29.64,0.01,30,88900,买盘
11:06:07,29.64,0.0,18,53347,买盘
11:06:09,29.64,0.0,37,109645,买盘
11:06:13,29.64,0.0,14,41486,买盘
11:06:15,29.64,0.0,74,219278,买盘
11:06:19,29.64,0.0,7,20748,买盘
11:06:21,29.63,-0.01,29,85950,卖盘
11:06:24,29.63,0.0,28,82991,卖盘
11:06:27,29.63,0.0,58,171859,卖盘
11:06:30,29.63,0.0,58,171875,卖盘
11:06:34,29.64,0.01,14,41496,买盘
11:06:36,29.64,0.0,55,163020,卖盘
11:06:40,29.63,-0.01,81,240024,卖盘
11:06:43,29.64,0.01,89,263728,买盘
11:06:46,29.64,0.0,24,71132,买盘
11:06:49,29.64,0.0,44,130406,买盘
11:06:52,29.63,-0.01,20,59262,卖盘
11:06:55,29.64,0.01,96,284436,买盘
11:06:57,29.63,-0.01,83,245972,买盘
11:07:01,29.63,0.0,51,151085,买盘
11:07:05,29.62,-0.01,225,666450,卖盘
11:07:07,29.62,0.0,7,20734,买盘
11:07:10,29.62,0.0,8,23696,买盘
11:07:13,29.62,0.0,29,85872,买盘
11:07:15,29.62,0.0,42,124369,买盘
11:07:18,29.64,0.02,204,604350,买盘
11:07:21,29.62,-0.02,47,139214,中性盘
11:07:27,29.63,0.01,77,228035,买盘
11:07:30,29.63,0.0,73,216183,买盘
11:07:33,29.62,-0.01,7,20734,卖盘
11:07:37,29.62,0.0,44,130298,买盘
11:07:40,29.61,-0.01,37,109588,卖盘
11:07:42,29.62,0.01,10,29620,买盘
11:07:46,29.62,0.0,3,8884,买盘
11:07:48,29.62,0.0,6,17771,买盘
11:07:51,29.61,-0.01,25,74045,卖盘
11:07:54,29.62,0.01,32,94759,买盘
11:07:57,29.62,0.0,31,91792,买盘
11:08:00,29.62,0.0,7,20732,买盘
11:08:04,29.62,0.0,44,130328,买盘
11:08:07,29.61,-0.01,24,71074,卖盘
11:08:10,29.62,0.01,83,245813,买盘
11:08:13,29.62,0.0,6,17772,买盘
11:08:15,29.61,-0.01,18,53298,卖盘
11:08:19,29.61,0.0,10,29610,买盘
11:08:21,29.6,-0.01,9,26645,卖盘
11:08:25,29.61,0.01,18,53298,买盘
11:08:27,29.61,0.0,1,2961,买盘
11:08:31,29.61,0.0,83,245681,买盘
11:08:33,29.61,0.0,11,32569,买盘
11:08:36,29.61,0.0,90,266430,买盘
11:08:39,29.61,0.0,33,97690,买盘
11:08:42,29.61,0.0,8,23688,买盘
11:08:45,29.61,0.0,119,352355,买盘
11:08:48,29.61,0.0,71,210230,买盘
11:08:52,29.6,-0.01,76,224993,卖盘
11:08:54,29.62,0.02,466,1379988,买盘
11:08:58,29.61,-0.01,33,97683,中性盘
11:09:00,29.61,0.0,7,20727,卖盘
11:09:04,29.61,0.0,24,71064,卖盘
11:09:06,29.63,0.02,252,746504,买盘
11:09:09,29.63,0.0,1,2963,买盘
11:09:15,29.62,-0.01,39,115525,卖盘
11:09:19,29.63,0.01,6,17778,买盘
11:09:22,29.63,0.0,10,29630,买盘
11:09:25,29.62,-0.01,53,157019,卖盘
11:09:28,29.63,0.01,56,165884,买盘
11:09:30,29.63,0.0,111,328794,买盘
11:09:34,29.63,0.0,12,35556,买盘
11:09:37,29.63,0.0,49,145157,买盘
11:09:39,29.63,0.0,86,254818,买盘
11:09:42,29.65,0.02,75,222339,买盘
11:09:45,29.64,-0.01,1,2964,买盘
11:09:48,29.64,0.0,13,38532,买盘
11:09:51,29.64,0.0,2,5929,卖盘
11:09:54,29.65,0.01,53,157142,买盘
11:09:57,29.63,-0.02,757,2243028,卖盘
11:10:01,29.62,-0.01,20,59256,卖盘
11:10:04,29.63,0.01,13,38514,买盘
11:10:07,29.62,-0.01,12,35546,卖盘
11:10:09,29.63,0.01,25,74075,买盘
11:10:13,29.63,0.0,215,637040,买盘
11:10:16,29.62,-0.01,57,168837,卖盘
11:10:19,29.63,0.01,95,281484,买盘
11:10:21,29.63,0.0,23,68154,买盘
11:10:25,29.64,0.01,10,29637,买盘
11:10:27,29.64,0.0,2,5927,买盘
11:10:30,29.64,0.0,63,186638,买盘
11:10:33,29.63,-0.01,14,41495,卖盘
11:10:36,29.64,0.01,358,1061295,买盘
11:10:40,29.64,0.0,12,35572,卖盘
11:10:42,29.64,0.0,7,20748,卖盘
11:10:46,29.64,0.0,30,88928,卖盘
11:10:51,29.65,0.01,6,17790,买盘
11:10:55,29.64,-0.01,25,74117,卖盘
11:10:57,29.65,0.01,71,210467,买盘
11:11:01,29.65,0.0,7,20755,买盘
11:11:04,29.64,-0.01,247,732265,卖盘
11:11:07,29.65,0.01,10,29648,中性盘
11:11:09,29.65,0.0,77,228316,卖盘
11:11:16,29.65,0.0,426,1263364,卖盘
11:11:18,29.66,0.01,222,658452,买盘
11:11:22,29.66,0.0,15,44490,卖盘
11:11:24,29.66,0.0,80,237273,卖盘
11:11:27,29.66,0.0,26,77116,买盘
11:11:31,29.66,0.0,66,195697,买盘
11:11:33,29.65,-0.01,104,308457,卖盘
11:11:37,29.66,0.01,80,237250,买盘
11:11:39,29.66,0.0,17,50421,买盘
11:11:43,29.66,0.0,9,26694,买盘
11:11:45,29.65,-0.01,8,23722,卖盘
11:11:49,29.65,0.0,24,71167,卖盘
11:11:52,29.66,0.01,30,88963,买盘
11:11:54,29.65,-0.01,5,14826,卖盘
11:11:58,29.66,0.01,40,118610,买盘
11:12:01,29.65,-0.01,70,207566,卖盘
11:12:04,29.66,0.01,145,430066,买盘
11:12:07,29.66,0.0,159,471683,卖盘
11:12:10,29.67,0.01,6,17799,买盘
11:12:13,29.66,-0.01,18,53388,卖盘
11:12:15,29.67,0.01,117,347141,买盘
11:12:19,29.67,0.0,11,32637,卖盘
11:12:22,29.67,0.0,3,8901,买盘
11:12:25,29.67,0.0,17,50435,买盘
11:12:27,29.67,0.0,14,41526,买盘
11:12:31,29.67,0.0,553,1640241,买盘
11:12:34,29.65,-0.02,32,94909,卖盘
11:12:36,29.66,0.01,66,195759,中性盘
11:12:40,29.66,0.0,27,80062,买盘
11:12:43,29.65,-0.01,63,187580,卖盘
11:12:45,29.65,0.0,29,86013,卖盘
11:12:48,29.65,0.0,19,56352,卖盘
11:12:51,29.65,0.0,33,97850,卖盘
11:12:55,29.65,0.0,31,91648,卖盘
11:12:58,29.66,0.01,65,192730,买盘
11:13:01,29.65,-0.01,146,432416,卖盘
11:13:04,29.65,0.0,26,77075,买盘
11:13:07,29.65,0.0,27,80053,买盘
11:13:10,29.65,0.0,17,50404,买盘
11:13:12,29.64,-0.01,289,856601,卖盘
11:13:15,29.63,-0.01,91,269635,卖盘
11:13:18,29.67,0.04,1228,3640685,买盘
11:13:22,29.67,0.0,20,59340,卖盘
11:13:28,29.68,0.01,2,5936,买盘
11:13:30,29.67,-0.01,257,762719,卖盘
11:13:33,29.67,0.0,21,62324,卖盘
11:13:36,29.67,0.0,55,163185,卖盘
11:13:39,29.68,0.01,8,23744,买盘
11:13:43,29.68,0.0,21,62313,买盘
11:13:45,29.68,0.0,319,946792,买盘
11:13:49,29.67,-0.01,29,86065,卖盘
11:13:51,29.68,0.01,100,296766,买盘
11:13:55,29.68,0.0,26,77168,买盘
11:13:58,29.68,0.0,132,391746,买盘
11:14:01,29.69,0.01,6,17811,买盘
11:14:04,29.69,0.0,201,596769,买盘
11:14:07,29.69,0.0,109,323581,买盘
11:14:10,29.69,0.0,50,148450,买盘
11:14:13,29.69,0.0,7,20783,买盘
11:14:15,29.68,-0.01,46,136539,卖盘
11:14:19,29.69,0.01,65,192983,买盘
11:14:21,29.69,0.0,172,510653,买盘
11:14:25,29.69,0.0,26,77194,卖盘
11:14:28,29.69,0.0,29,86106,卖盘
11:14:30,29.7,0.01,222,659282,买盘
11:14:34,29.69,-0.01,550,1633453,卖盘
11:14:37,29.7,0.01,241,715734,买盘
11:14:40,29.71,0.01,368,1092991,买盘
11:14:43,29.7,-0.01,50,148500,卖盘
11:14:45,29.71,0.01,46,136665,买盘
11:14:48,29.72,0.01,45,133702,买盘
11:14:52,29.72,0.0,34,101025,买盘
11:14:55,29.71,-0.01,929,2761672,卖盘
11:14:58,29.72,0.01,74,219928,买盘
11:15:00,29.72,0.0,30,89169,买盘
11:15:04,29.72,0.0,30,89162,卖盘
11:15:06,29.72,0.0,16,47552,卖盘
11:15:09,29.74,0.02,478,1421460,买盘
11:15:12,29.72,-0.02,63,187256,卖盘
11:15:15,29.72,0.0,33,98082,卖盘
11:15:19,29.74,0.02,322,957537,买盘
11:15:21,29.74,0.0,21,62440,买盘
11:15:24,29.73,-0.01,35,104078,中性盘
11:15:27,29.73,0.0,76,225975,买盘
11:15:31,29.73,0.0,62,184268,买盘
11:15:33,29.73,0.0,5,14865,买盘
11:15:37,29.72,-0.01,30,89160,卖盘
11:15:39,29.72,0.0,32,95097,中性盘
11:15:42,29.72,0.0,31,92132,买盘
11:15:45,29.72,0.0,24,71317,买盘
11:15:49,29.71,-0.01,49,145579,卖盘
11:15:51,29.71,0.0,126,374471,卖盘
11:15:55,29.72,0.01,20,59440,买盘
11:15:57,29.75,0.03,878,2610942,买盘
11:16:01,29.76,0.01,10,29753,买盘
11:16:04,29.76,0.0,12,35712,买盘
11:16:07,29.76,0.0,41,122016,买盘
11:16:10,29.75,-0.01,232,690427,卖盘
11:16:13,29.76,0.01,20,59520,买盘
11:16:16,29.76,0.0,111,330293,买盘
11:16:18,29.75,-0.01,24,71401,卖盘
11:16:21,29.75,0.0,132,392700,卖盘
11:16:24,29.75,0.0,6,17850,卖盘
11:16:27,29.75,0.0,53,157623,买盘
11:16:30,29.71,-0.04,74,219927,卖盘
11:16:33,29.75,0.04,172,511451,买盘
11:16:36,29.71,-0.04,34,101014,卖盘
11:16:39,29.74,0.03,45,133723,买盘
11:16:42,29.71,-0.03,20,59467,卖盘
11:16:45,29.73,0.02,13,38647,中性盘
11:16:48,29.73,0.0,21,62418,买盘
11:16:51,29.72,-0.01,59,175367,卖盘
11:16:54,29.72,0.0,73,216985,卖盘
11:16:57,29.71,-0.01,16,47536,卖盘
11:17:00,29.72,0.01,149,442837,买盘
11:17:04,29.72,0.0,50,148600,卖盘
11:17:07,29.73,0.01,1155,3435418,买盘
11:17:10,29.73,0.0,11,32698,买盘
11:17:13,29.73,0.0,5,14865,买盘
11:17:15,29.73,0.0,9,26757,买盘
11:17:18,29.73,0.0,7,20810,买盘
11:17:21,29.73,0.0,38,112969,买盘
11:17:25,29.73,0.0,7,20811,买盘
11:17:27,29.73,0.0,3,8919,买盘
11:17:31,29.73,0.0,11,32703,买盘
11:17:33,29.72,-0.01,84,249654,卖盘
11:17:37,29.73,0.01,34,101065,买盘
11:17:40,29.73,0.0,18,53510,买盘
11:17:42,29.73,0.0,43,127825,买盘
11:17:45,29.73,0.0,232,689521,买盘
11:17:48,29.72,-0.01,17,50526,卖盘
11:17:51,29.73,0.01,53,157551,买盘
11:17:55,29.72,-0.01,157,466714,卖盘
11:17:57,29.73,0.01,6,17838,买盘
11:18:01,29.73,0.0,62,184306,买盘
11:18:04,29.73,0.0,20,59460,卖盘
11:18:07,29.73,0.0,31,92147,买盘
11:18:09,29.73,0.0,331,983716,买盘
11:18:12,29.71,-0.02,67,199080,卖盘
11:18:15,29.71,0.0,104,309128,卖盘
11:18:18,29.71,0.0,11,32691,卖盘
11:18:22,29.7,-0.01,383,1137582,卖盘
11:18:24,29.71,0.01,11,32671,中性盘
11:18:27,29.71,0.0,24,71287,买盘
11:18:30,29.7,-0.01,7,20796,卖盘
11:18:33,29.7,0.0,84,249488,卖盘
11:18:36,29.7,0.0,15,44550,卖盘
11:18:39,29.7,0.0,34,100986,卖盘
11:18:42,29.7,0.0,74,219799,卖盘
11:18:45,29.7,0.0,52,154441,卖盘
11:18:48,29.7,0.0,75,222750,卖盘
11:18:51,29.7,0.0,49,145535,卖盘
11:18:54,29.7,0.0,33,98040,卖盘
11:18:57,29.7,0.0,10,29700,卖盘
11:19:00,29.7,0.0,61,181153,卖盘
11:19:04,29.7,0.0,18,53443,买盘
11:19:06,29.69,-0.01,15,44542,卖盘
11:19:10,29.69,0.0,18,53426,买盘
11:19:12,29.68,-0.01,199,590647,卖盘
11:19:16,29.68,0.0,9,26719,卖盘
11:19:19,29.68,0.0,17,50456,卖盘
11:19:21,29.68,0.0,8,23744,卖盘
11:19:24,29.68,0.0,109,323518,卖盘
11:19:27,29.68,0.0,117,347258,卖盘
11:19:30,29.68,0.0,34,100927,卖盘
11:19:33,29.68,0.0,83,246275,买盘
11:19:36,29.68,0.0,14,41552,买盘
11:19:39,29.67,-0.01,87,258138,卖盘
11:19:42,29.67,0.0,15,44512,卖盘
11:19:45,29.67,0.0,6,17807,卖盘
11:19:49,29.67,0.0,35,103847,卖盘
11:19:51,29.67,0.0,201,596368,卖盘
11:19:54,29.65,-0.02,65,192748,卖盘
11:19:58,29.67,0.02,52,154198,买盘
11:20:00,29.67,0.0,18,53406,买盘
11:20:04,29.67,0.0,44,130498,买盘
11:20:10,29.65,-0.02,126,373601,卖盘
11:20:12,29.65,0.0,120,355800,卖盘
11:20:16,29.65,0.0,1,2965,买盘
11:20:18,29.65,0.0,45,133359,买盘
11:20:21,29.63,-0.02,41,121529,卖盘
11:20:24,29.63,0.0,49,145195,卖盘
11:20:27,29.63,0.0,74,219317,卖盘
11:20:31,29.64,0.01,5,14819,中性盘
11:20:33,29.64,0.0,68,201489,买盘
11:20:37,29.63,-0.01,56,165930,卖盘
11:20:39,29.64,0.01,11,32599,买盘
11:20:42,29.63,-0.01,27,80013,卖盘
11:20:45,29.63,0.0,163,482969,卖盘
11:20:48,29.63,0.0,44,130340,买盘
11:20:51,29.62,-0.01,94,278503,卖盘
11:20:54,29.62,0.0,49,145139,卖盘
11:20:58,29.63,0.01,168,497623,买盘
11:21:00,29.62,-0.01,36,106633,卖盘
11:21:05,29.62,0.0,323,956850,卖盘
11:21:07,29.62,0.0,39,115431,卖盘
11:21:10,29.62,0.0,70,207310,买盘
11:21:13,29.62,0.0,21,62184,买盘
11:21:16,29.61,-0.01,17,50347,卖盘
11:21:19,29.61,0.0,67,198391,卖盘
11:21:21,29.61,0.0,38,112531,卖盘
11:21:24,29.62,0.01,38,112527,买盘
11:21:27,29.61,-0.01,101,299061,卖盘
11:21:30,29.61,0.0,77,228020,卖盘
11:21:33,29.61,0.0,126,373136,卖盘
11:21:36,29.62,0.01,42,124372,买盘
11:21:39,29.62,0.0,33,97728,买盘
11:21:42,29.61,-0.01,117,346467,卖盘
11:21:45,29.62,0.01,118,349503,买盘
11:21:48,29.62,0.0,10,29617,买盘
11:21:51,29.62,0.0,4,11848,买盘
11:21:54,29.62,0.0,44,130328,买盘
11:21:57,29.62,0.0,28,82921,买盘
11:22:00,29.62,0.0,52,153974,买盘
11:22:04,29.6,-0.02,460,1362033,卖盘
11:22:06,29.65,0.05,456,1350832,买盘
11:22:09,29.66,0.01,45,133430,买盘
11:22:12,29.62,-0.04,10,29513,卖盘
11:22:16,29.65,0.03,2,5930,买盘
11:22:19,29.65,0.0,147,435435,买盘
11:22:21,29.61,-0.04,22,65164,卖盘
11:22:25,29.62,0.01,52,154028,中性盘
11:22:27,29.61,-0.01,80,236880,卖盘
11:22:30,29.61,0.0,37,109563,卖盘
11:22:33,29.61,0.0,158,467861,卖盘
11:22:37,29.62,0.01,26,76997,买盘
11:22:39,29.62,0.0,153,453036,买盘
11:22:43,29.62,0.0,69,204299,买盘
11:22:45,29.62,0.0,7,20733,买盘
11:22:49,29.61,-0.01,23,68110,卖盘
11:22:51,29.61,0.0,29,85882,卖盘
11:22:54,29.62,0.01,34,100696,买盘
11:22:57,29.61,-0.01,82,242803,卖盘
11:23:00,29.62,0.01,18,53313,买盘
11:23:04,29.61,-0.01,155,458962,卖盘
11:23:06,29.61,0.0,19,56260,卖盘
11:23:10,29.61,0.0,23,68103,卖盘
11:23:12,29.61,0.0,22,65124,买盘
11:23:15,29.6,-0.01,11,32568,卖盘
11:23:18,29.61,0.01,83,245687,买盘
11:23:21,29.61,0.0,150,444150,买盘
11:23:24,29.61,0.0,22,65145,卖盘
11:23:27,29.61,0.0,48,142134,卖盘
11:23:31,29.61,0.0,1,2961,卖盘
11:23:33,29.62,0.01,173,512430,买盘
11:23:37,29.64,0.02,30,88870,买盘
11:23:39,29.62,-0.02,324,960103,卖盘
11:23:43,29.63,0.01,11,32599,中性盘
11:23:45,29.64,0.01,102,302328,买盘
11:23:52,29.64,0.0,13,38533,卖盘
11:23:55,29.65,0.01,19,56335,买盘
11:23:57,29.65,0.0,21,62262,买盘
11:24:01,29.64,-0.01,62,183779,卖盘
11:24:05,29.65,0.01,66,195636,买盘
11:24:07,29.65,0.0,10,29650,买盘
11:24:09,29.65,0.0,49,145261,买盘
11:24:13,29.65,0.0,28,83020,买盘
11:24:15,29.65,0.0,5,14825,买盘
11:24:18,29.64,-0.01,80,237122,卖盘
11:24:22,29.65,0.01,176,521959,买盘
11:24:25,29.65,0.0,74,219309,卖盘
11:24:27,29.66,0.01,145,429949,买盘
11:24:31,29.65,-0.01,4,11860,卖盘
11:24:33,29.63,-0.02,156,462369,卖盘
11:24:39,29.65,0.02,83,245357,卖盘
11:24:42,29.65,0.0,11,32615,买盘
11:24:49,29.63,-0.02,79,234133,卖盘
11:24:52,29.63,0.0,33,97810,卖盘
11:24:55,29.65,0.02,165,488997,买盘
11:24:57,29.63,-0.02,4,11852,卖盘
11:25:00,29.64,0.01,52,154079,中性盘
11:25:04,29.65,0.01,3,8895,买盘
11:25:07,29.64,-0.01,46,136350,卖盘
11:25:09,29.63,-0.01,18,53351,卖盘
11:25:12,29.65,0.02,10,29650,买盘
11:25:15,29.63,-0.02,8,23708,卖盘
11:25:19,29.63,0.0,84,248902,卖盘
11:25:22,29.64,0.01,23,68172,买盘
11:25:24,29.63,-0.01,11,32598,卖盘
11:25:28,29.63,0.0,29,85944,卖盘
11:25:34,29.63,0.0,91,269648,卖盘
11:25:36,29.64,0.01,1,2964,买盘
11:25:39,29.64,0.0,135,400040,买盘
11:25:42,29.64,0.0,45,133367,买盘
11:25:45,29.64,0.0,20,59280,买盘
11:25:48,29.64,0.0,238,705352,买盘
11:25:51,29.65,0.01,31,91897,买盘
11:25:54,29.64,-0.01,15,44460,卖盘
11:25:58,29.65,0.01,201,595965,买盘
11:26:01,29.65,0.0,83,246026,买盘
11:26:04,29.65,0.0,21,62265,卖盘
11:26:09,29.65,0.0,9,26689,卖盘
11:26:12,29.65,0.0,22,65236,卖盘
11:26:15,29.64,-0.01,31,91909,卖盘
11:26:18,29.64,0.0,60,177868,卖盘
11:26:22,29.66,0.02,8,23725,买盘
11:26:25,29.66,0.0,22,65235,买盘
11:26:28,29.65,-0.01,16,47440,卖盘
11:26:30,29.65,0.0,6,17790,卖盘
11:26:33,29.64,-0.01,90,266804,卖盘
11:26:36,29.65,0.01,1,2965,买盘
11:26:40,29.66,0.01,201,595925,买盘
11:26:43,29.67,0.01,32,94919,买盘
11:26:45,29.67,0.0,6,17802,买盘
11:26:49,29.66,-0.01,22,65253,卖盘
11:26:54,29.66,0.0,1,2966,买盘
11:26:57,29.66,0.0,5,14830,买盘
11:27:00,29.65,-0.01,50,148250,卖盘
11:27:04,29.66,0.01,15,44471,买盘
11:27:07,29.66,0.0,11,32618,买盘
11:27:10,29.66,0.0,60,177915,买盘
11:27:12,29.66,0.0,2,5932,买盘
11:27:15,29.65,-0.01,1,2965,卖盘
11:27:18,29.65,0.0,59,174943,卖盘
11:27:22,29.65,0.0,3,8895,买盘
11:27:25,29.64,-0.01,21,62245,卖盘
11:27:28,29.65,0.01,26,77070,买盘
11:27:33,29.64,-0.01,101,299388,卖盘
11:27:36,29.64,0.0,1,2964,卖盘
11:27:39,29.65,0.01,101,299397,买盘
11:27:42,29.65,0.0,6,17790,买盘
11:27:45,29.65,0.0,18,53369,买盘
11:27:48,29.65,0.0,97,287605,买盘
11:27:52,29.65,0.0,5,14825,买盘
11:27:54,29.65,0.0,4,11860,买盘
11:27:58,29.64,-0.01,16,47424,卖盘
11:28:00,29.64,0.0,98,290469,卖盘
11:28:04,29.64,0.0,44,130385,买盘
11:28:07,29.64,0.0,2,5928,买盘
11:28:09,29.64,0.0,24,71118,买盘
11:28:12,29.64,0.0,191,566090,买盘
11:28:15,29.64,0.0,3,8892,买盘
11:28:18,29.64,0.0,67,198537,买盘
11:28:22,29.64,0.0,20,59280,买盘
11:28:25,29.63,-0.01,15,44450,卖盘
11:28:27,29.64,0.01,13,38522,买盘
11:28:30,29.63,-0.01,9,26667,卖盘
11:28:34,29.64,0.01,66,195566,买盘
11:28:37,29.63,-0.01,30,88890,卖盘
11:28:39,29.63,0.0,115,340745,卖盘
11:28:42,29.63,0.0,24,71122,卖盘
11:28:45,29.64,0.01,31,91867,买盘
11:28:48,29.63,-0.01,14,41482,卖盘
11:28:51,29.64,0.01,174,516310,买盘
11:28:55,29.63,-0.01,14,41482,中性盘
11:28:58,29.63,0.0,28,82978,卖盘
11:29:00,29.63,0.0,73,216299,卖盘
11:29:04,29.63,0.0,309,915342,卖盘
11:29:06,29.64,0.01,16,47414,买盘
11:29:09,29.63,-0.01,10,29630,卖盘
11:29:12,29.64,0.01,12,35562,买盘
11:29:16,29.63,-0.01,38,112613,卖盘
11:29:19,29.64,0.01,149,441621,买盘
11:29:21,29.64,0.0,16,47424,卖盘
11:29:24,29.64,0.0,3,7529,卖盘
11:29:27,29.65,0.01,11,32615,买盘
11:29:31,29.65,0.0,5,14825,买盘
11:29:33,29.65,0.0,97,287517,买盘
11:29:37,29.64,-0.01,2,5928,卖盘
11:29:39,29.65,0.01,63,186745,买盘
11:29:42,29.64,-0.01,13,38656,卖盘
11:29:46,29.65,0.01,22,65230,买盘
11:29:48,29.64,-0.01,1,2964,卖盘
11:29:52,29.65,0.01,5,14825,买盘
11:29:54,29.63,-0.02,21,62253,卖盘
11:30:00,29.64,0.01,68,201502,买盘
13:00:00,29.64,0.0,78,231166,买盘
13:00:04,29.63,-0.01,1863,5520576,卖盘
13:00:06,29.62,-0.01,769,2277559,卖盘
13:00:10,29.62,0.0,132,390971,买盘
13:00:12,29.61,-0.01,37,109559,卖盘
13:00:15,29.61,0.0,126,375372,卖盘
13:00:18,29.62,0.01,94,278427,买盘
13:00:21,29.62,0.0,55,162860,买盘
13:00:24,29.62,0.0,17,50347,买盘
13:00:27,29.62,0.0,401,1187396,买盘
13:00:30,29.61,-0.01,127,376060,卖盘
13:00:34,29.61,0.0,119,352555,卖盘
13:00:36,29.61,0.0,251,743229,卖盘
13:00:39,29.61,0.0,293,867653,卖盘
13:00:42,29.6,-0.01,224,660967,卖盘
13:00:46,29.61,0.01,48,142125,买盘
13:00:48,29.61,0.0,124,367218,买盘
13:00:51,29.6,-0.01,256,757786,卖盘
13:00:54,29.61,0.01,414,1225609,买盘
13:00:57,29.62,0.01,38,112524,买盘
13:01:00,29.61,-0.01,67,198387,卖盘
13:01:04,29.61,0.0,109,322856,卖盘
13:01:07,29.61,0.0,105,310905,卖盘
13:01:10,29.61,0.0,243,720190,卖盘
13:01:12,29.61,0.0,191,565555,卖盘
13:01:15,29.61,0.0,6,17766,卖盘
13:01:19,29.6,-0.01,57,168775,卖盘
13:01:21,29.6,0.0,207,612754,卖盘
13:01:24,29.6,0.0,93,275340,卖盘
13:01:27,29.6,0.0,43,127288,卖盘
13:01:31,29.61,0.01,136,402620,买盘
13:01:33,29.6,-0.01,83,245680,卖盘
13:01:37,29.6,0.0,93,275281,卖盘
13:01:39,29.6,0.0,41,121362,卖盘
13:01:42,29.6,0.0,97,287132,卖盘
13:01:45,29.6,0.0,1033,3057685,卖盘
13:01:48,29.58,-0.02,482,1426230,卖盘
13:01:52,29.59,0.01,538,1591448,买盘
13:01:54,29.6,0.01,53,156834,买盘
13:01:58,29.59,-0.01,53,156827,卖盘
13:02:00,29.59,0.0,51,150910,卖盘
13:02:04,29.59,0.0,1,2959,卖盘
13:02:07,29.59,0.0,7,20718,卖盘
13:02:10,29.59,0.0,63,186417,卖盘
13:02:13,29.59,0.0,108,319589,卖盘
13:02:16,29.6,0.01,20,59184,买盘
13:02:18,29.6,0.0,4,11840,买盘
13:02:21,29.59,-0.01,276,816910,卖盘
13:02:24,29.59,0.0,131,387632,卖盘
13:02:28,29.6,0.01,22,65114,买盘
13:02:34,29.6,0.0,17,50320,买盘
13:02:37,29.6,0.0,58,171680,卖盘
13:02:39,29.59,-0.01,103,304848,卖盘
13:02:43,29.59,0.0,104,307830,卖盘
13:02:45,29.6,0.01,24,71040,买盘
13:02:48,29.6,0.0,28,82860,中性盘
13:02:51,29.59,-0.01,340,1006161,卖盘
13:02:55,29.59,0.0,88,260399,卖盘
13:02:57,29.58,-0.01,4,11832,卖盘
13:03:00,29.58,0.0,111,328398,卖盘
13:03:04,29.58,0.0,25,73950,卖盘
13:03:07,29.58,0.0,42,124241,卖盘
13:03:09,29.58,0.0,138,408206,卖盘
13:03:12,29.58,0.0,55,162646,买盘
13:03:15,29.58,0.0,22,65076,买盘
13:03:18,29.58,0.0,8,23664,买盘
13:03:21,29.57,-0.01,108,319366,卖盘
13:03:25,29.57,0.0,43,127163,卖盘
13:03:27,29.58,0.01,22,65065,买盘
13:03:30,29.57,-0.01,21,62097,卖盘
13:03:33,29.58,0.01,44,130120,买盘
13:03:37,29.57,-0.01,65,192205,卖盘
13:03:39,29.57,0.0,61,180377,卖盘
13:03:42,29.57,0.0,101,298707,卖盘
13:03:45,29.58,0.01,91,269143,买盘
13:03:48,29.57,-0.01,58,171506,卖盘
13:03:51,29.58,0.01,64,189272,买盘
13:03:54,29.58,0.0,33,97596,买盘
13:03:57,29.57,-0.01,96,283876,卖盘
13:04:00,29.56,-0.01,55,162585,卖盘
13:04:04,29.56,0.0,1,2956,卖盘
13:04:07,29.56,0.0,15,44349,卖盘
13:04:09,29.57,0.01,50,147818,买盘
13:04:13,29.56,-0.01,457,1350892,卖盘
13:04:16,29.56,0.0,112,331072,买盘
13:04:18,29.56,0.0,10,29560,卖盘
13:04:21,29.56,0.0,247,730132,卖盘
13:04:24,29.56,0.0,75,221700,买盘
13:04:27,29.56,0.0,67,198078,卖盘
13:04:30,29.57,0.01,7,20699,买盘
13:04:33,29.57,0.0,4,11827,买盘
13:04:36,29.57,0.0,108,319253,买盘
13:04:39,29.57,0.0,5,14785,买盘
13:04:42,29.57,0.0,104,307453,买盘
13:04:45,29.56,-0.01,49,144873,卖盘
13:04:49,29.56,0.0,4,11825,卖盘
13:04:52,29.57,0.01,221,653316,买盘
13:04:54,29.56,-0.01,11,32516,卖盘
13:04:57,29.57,0.01,5,14783,买盘
13:05:01,29.56,-0.01,61,180326,卖盘
13:05:04,29.57,0.01,4,11828,买盘
13:05:07,29.56,-0.01,25,73903,卖盘
13:05:10,29.57,0.01,8,23656,买盘
13:05:13,29.56,-0.01,33,97554,卖盘
13:05:15,29.57,0.01,148,437550,买盘
13:05:18,29.57,0.0,12,35474,买盘
13:05:21,29.56,-0.01,83,245348,卖盘
13:05:24,29.56,0.0,14,41393,卖盘
13:05:27,29.56,0.0,12,35472,卖盘
13:05:33,29.57,0.01,45,133061,买盘
13:05:36,29.56,-0.01,55,162618,卖盘
13:05:40,29.56,0.0,59,174404,卖盘
13:05:42,29.57,0.01,61,180326,买盘
13:05:45,29.57,0.0,51,150795,买盘
13:05:48,29.57,0.0,1,2957,买盘
13:05:51,29.56,-0.01,183,540960,卖盘
13:05:55,29.57,0.01,861,2544361,买盘
13:05:57,29.56,-0.01,90,266066,卖盘
13:06:00,29.55,-0.01,127,375375,卖盘
13:06:04,29.56,0.01,263,777425,卖盘
13:06:06,29.55,-0.01,50,147786,卖盘
13:06:09,29.55,0.0,278,821493,卖盘
13:06:12,29.55,0.0,130,384150,买盘
13:06:15,29.55,0.0,19,56137,买盘
13:06:18,29.54,-0.01,6,17729,卖盘
13:06:22,29.54,0.0,350,1034200,卖盘
13:06:24,29.55,0.01,109,321995,买盘
13:06:27,29.55,0.0,65,192042,买盘
13:06:30,29.55,0.0,25,73858,买盘
13:06:33,29.54,-0.01,92,271790,卖盘
13:06:36,29.54,0.0,50,147722,卖盘
13:06:39,29.55,0.01,66,194973,买盘
13:06:42,29.56,0.01,299,883501,买盘
13:06:45,29.56,0.0,76,224599,买盘
13:06:48,29.56,0.0,66,195096,卖盘
13:06:52,29.57,0.01,207,612205,买盘
13:06:54,29.57,0.0,16,47311,买盘
13:06:58,29.57,0.0,172,508527,买盘
13:07:00,29.57,0.0,99,292757,卖盘
13:07:04,29.57,0.0,2,5914,卖盘
13:07:06,29.57,0.0,6,17751,卖盘
13:07:09,29.57,0.0,68,201082,卖盘
13:07:12,29.6,0.03,12,35508,买盘
13:07:15,29.6,0.0,2,5920,买盘
13:07:18,29.6,0.0,4,11840,买盘
13:07:22,29.6,0.0,62,183420,买盘
13:07:24,29.6,0.0,56,165760,买盘
13:07:27,29.6,0.0,29,85832,买盘
13:07:31,29.6,0.0,52,153920,买盘
13:07:34,29.6,0.0,17,50318,买盘
13:07:36,29.59,-0.01,45,133196,卖盘
13:07:39,29.6,0.01,112,331455,买盘
13:07:42,29.59,-0.01,196,579964,卖盘
13:07:45,29.59,0.0,22,65092,买盘
13:07:48,29.59,0.0,7,20713,买盘
13:07:51,29.58,-0.01,21,62136,卖盘
13:07:54,29.58,0.0,12,35507,卖盘
13:07:57,29.6,0.02,148,437926,买盘
13:08:00,29.58,-0.02,50,147901,卖盘
13:08:04,29.59,0.01,5,14795,中性盘
13:08:06,29.6,0.01,74,219040,买盘
13:08:09,29.6,0.0,76,224890,买盘
13:08:12,29.6,0.0,65,192400,买盘
13:08:15,29.6,0.0,56,165760,买盘
13:08:18,29.61,0.01,77,227925,买盘
13:08:22,29.61,0.0,81,239815,买盘
13:08:24,29.61,0.0,228,675106,买盘
13:08:27,29.6,-0.01,11,32564,卖盘
13:08:30,29.61,0.01,29,85869,买盘
13:08:33,29.65,0.04,114,337558,买盘
13:08:36,29.64,-0.01,2,5927,中性盘
13:08:39,29.63,-0.01,66,195558,卖盘
13:08:42,29.63,0.0,55,162974,卖盘
13:08:45,29.65,0.02,18,53364,买盘
13:08:48,29.64,-0.01,16,47424,卖盘
13:08:51,29.65,0.01,18,53362,买盘
13:08:54,29.65,0.0,9,26682,买盘
13:08:58,29.65,0.0,191,566315,买盘
13:09:00,29.65,0.0,91,269789,卖盘
13:09:04,29.66,0.01,110,326188,买盘
13:09:07,29.65,-0.01,136,403254,买盘
13:09:10,29.66,0.01,38,112670,买盘
13:09:12,29.65,-0.01,35,103758,卖盘
13:09:16,29.64,-0.01,216,640627,中性盘
13:09:18,29.63,-0.01,46,136338,卖盘
13:09:22,29.63,0.0,57,168891,卖盘
13:09:24,29.65,0.02,68,201601,买盘
13:09:28,29.66,0.01,64,189761,买盘
13:09:30,29.65,-0.01,2,5931,卖盘
13:09:33,29.66,0.01,180,533706,买盘
13:09:36,29.66,0.0,73,216455,买盘
13:09:39,29.65,-0.01,289,856934,买盘
13:09:43,29.65,0.0,106,314240,买盘
13:09:46,29.65,0.0,86,254990,买盘
13:09:48,29.64,-0.01,30,88940,卖盘
13:09:51,29.65,0.01,11,32615,买盘
13:09:55,29.65,0.0,50,148249,买盘
13:09:57,29.65,0.0,10,29650,买盘
13:10:00,29.64,-0.01,70,207483,卖盘
13:10:04,29.65,0.01,190,563350,买盘
13:10:07,29.65,0.0,19,57669,卖盘
13:10:10,29.66,0.01,16,47451,买盘
13:10:12,29.65,-0.01,98,290570,卖盘
13:10:15,29.65,0.0,63,186795,卖盘
13:10:18,29.66,0.01,145,430055,买盘
13:10:22,29.66,0.0,165,489330,买盘
13:10:25,29.66,0.0,5,14830,买盘
13:10:27,29.66,0.0,69,204654,买盘
13:10:30,29.67,0.01,16,47460,买盘
13:10:34,29.67,0.0,1,2967,买盘
13:10:36,29.67,0.0,12,35604,买盘
13:10:39,29.66,-0.01,263,780058,卖盘
13:10:42,29.67,0.01,64,189833,买盘
13:10:46,29.66,-0.01,83,246180,卖盘
13:10:48,29.67,0.01,12,35604,买盘
13:10:51,29.67,0.0,12,35598,买盘
13:10:55,29.67,0.0,8,23735,买盘
13:10:57,29.66,-0.01,1,2966,卖盘
13:11:00,29.66,0.0,51,151267,卖盘
13:11:04,29.67,0.01,24,71189,买盘
13:11:06,29.66,-0.01,13,38563,卖盘
13:11:09,29.67,0.01,20,59340,买盘
13:11:12,29.66,-0.01,79,234314,卖盘
13:11:16,29.66,0.0,31,91966,卖盘
13:11:19,29.66,0.0,464,1376668,卖盘
13:11:21,29.66,0.0,50,148300,卖盘
13:11:25,29.66,0.0,13,38558,卖盘
13:11:27,29.67,0.01,7,20769,买盘
13:11:31,29.65,-0.02,166,492438,卖盘
13:11:33,29.66,0.01,13,38558,买盘
13:11:36,29.66,0.0,7,20762,买盘
13:11:39,29.64,-0.02,195,578149,卖盘
13:11:43,29.65,0.01,118,349776,中性盘
13:11:45,29.64,-0.01,52,154113,卖盘
13:11:48,29.63,-0.01,125,370396,卖盘
13:11:51,29.63,0.0,300,888903,卖盘
13:11:54,29.62,-0.01,91,269545,卖盘
13:11:57,29.62,0.0,37,109579,买盘
13:12:00,29.62,0.0,71,210255,买盘
13:12:04,29.61,-0.01,60,177714,卖盘
13:12:07,29.62,0.01,96,284352,买盘
13:12:09,29.62,0.0,14,41463,买盘
13:12:12,29.62,0.0,6,17772,买盘
13:12:16,29.62,0.0,3,8886,买盘
13:12:18,29.62,0.0,54,159946,买盘
13:12:21,29.61,-0.01,56,165822,卖盘
13:12:24,29.62,0.01,25,74049,买盘
13:12:27,29.61,-0.01,95,281612,卖盘
13:12:31,29.61,0.0,5,14809,卖盘
13:12:33,29.62,0.01,8,23695,买盘
13:12:36,29.62,0.0,2,5924,买盘
13:12:39,29.61,-0.01,133,392844,卖盘
13:12:42,29.62,0.01,135,399741,买盘
13:12:45,29.62,0.0,244,722527,买盘
13:12:49,29.62,0.0,15,44423,买盘
13:12:52,29.62,0.0,15,44429,买盘
13:12:55,29.62,0.0,66,195450,买盘
13:12:57,29.6,-0.02,2,5920,卖盘
13:13:01,29.6,0.0,103,304934,卖盘
13:13:04,29.6,0.0,28,82897,卖盘
13:13:06,29.61,0.01,63,186544,买盘
13:13:09,29.61,0.0,5,14805,卖盘
13:13:13,29.61,0.0,2,5922,卖盘
13:13:16,29.6,-0.01,1042,3084597,卖盘
13:13:18,29.62,0.02,29,85886,买盘
13:13:21,29.61,-0.01,53,156933,卖盘
13:13:24,29.61,0.0,9,26649,卖盘
13:13:28,29.61,0.0,29,85869,买盘
13:13:31,29.61,0.0,62,183574,买盘
13:13:33,29.61,0.0,3,8883,买盘
13:13:37,29.6,-0.01,13,38491,卖盘
13:13:39,29.61,0.01,94,278270,买盘
13:13:43,29.6,-0.01,437,1293527,卖盘
13:13:45,29.6,0.0,20,59204,卖盘
13:13:48,29.6,0.0,20,59881,卖盘
13:13:51,29.6,0.0,7,20720,买盘
13:13:54,29.6,0.0,44,129564,买盘
13:13:58,29.6,0.0,2,5920,卖盘
13:14:00,29.6,0.0,172,509126,卖盘
13:14:04,29.62,0.02,538,1593024,买盘
13:14:06,29.6,-0.02,233,690080,卖盘
13:14:09,29.62,0.02,92,272471,买盘
13:14:12,29.62,0.0,18,53316,卖盘
13:14:16,29.63,0.01,1,2963,买盘
13:14:19,29.63,0.0,18,53334,买盘
13:14:22,29.62,-0.01,52,154026,卖盘
13:14:24,29.63,0.01,20,59255,买盘
13:14:27,29.63,0.0,17,50356,买盘
13:14:33,29.63,0.0,12,35549,买盘
13:14:36,29.63,0.0,20,59260,买盘
13:14:39,29.63,0.0,1048,3105224,买盘
13:14:43,29.62,-0.01,53,157017,卖盘
13:14:46,29.64,0.02,92,272618,买盘
13:14:48,29.63,-0.01,14,41487,卖盘
13:14:52,29.63,0.0,89,263790,卖盘
13:14:55,29.63,0.0,200,592609,卖盘
13:14:57,29.65,0.02,6,17790,买盘
13:15:00,29.65,0.0,100,296441,买盘
13:15:05,29.65,0.0,436,1292200,买盘
13:15:07,29.65,0.0,69,204571,买盘
13:15:10,29.65,0.0,406,1203786,买盘
13:15:13,29.65,0.0,65,192719,买盘
13:15:15,29.65,0.0,56,166039,买盘
13:15:19,29.65,0.0,32,94871,买盘
13:15:21,29.65,0.0,110,326100,买盘
13:15:25,29.65,0.0,67,198655,买盘
13:15:31,29.65,0.0,73,216445,买盘
13:15:33,29.64,-0.01,3,8894,卖盘
13:15:37,29.65,0.01,14,41510,买盘
13:15:40,29.64,-0.01,79,234161,卖盘
13:15:43,29.64,0.0,38,112632,卖盘
13:15:46,29.64,0.0,67,198588,买盘
13:15:49,29.64,0.0,38,112623,买盘
13:15:51,29.64,0.0,98,290465,买盘
13:15:55,29.63,-0.01,29,85933,卖盘
13:15:57,29.63,0.0,22,65191,卖盘
13:16:01,29.64,0.01,22,65208,买盘
13:16:05,29.64,0.0,27,80016,买盘
13:16:07,29.64,0.0,19,56316,买盘
13:16:10,29.63,-0.01,16,47417,卖盘
13:16:12,29.64,0.01,7,20747,买盘
13:16:16,29.64,0.0,6,17779,买盘
13:16:18,29.63,-0.01,22,65186,卖盘
13:16:21,29.63,0.0,17,50386,卖盘
13:16:24,29.64,0.01,11,32601,买盘
13:16:27,29.63,-0.01,8,23707,卖盘
13:16:30,29.64,0.01,13,38530,买盘
13:16:33,29.64,0.0,514,1523414,买盘
13:16:37,29.64,0.0,137,406036,买盘
13:16:40,29.63,-0.01,361,1069963,卖盘
13:16:43,29.65,0.02,20,59300,买盘
13:16:45,29.64,-0.01,6,17789,中性盘
13:16:48,29.65,0.01,13,38533,买盘
13:16:55,29.65,0.0,85,252008,买盘
13:16:57,29.64,-0.01,162,480328,卖盘
13:17:00,29.65,0.01,46,136390,买盘
13:17:04,29.65,0.0,45,133415,买盘
13:17:07,29.66,0.01,30,88957,买盘
13:17:10,29.66,0.0,2,5931,买盘
13:17:13,29.65,-0.01,3,8897,卖盘
13:17:15,29.65,0.0,197,584156,卖盘
13:17:18,29.65,0.0,63,186795,买盘
13:17:21,29.65,0.0,8,23727,卖盘
13:17:25,29.64,-0.01,92,272802,卖盘
13:17:28,29.66,0.02,9,26688,买盘
13:17:31,29.66,0.0,32,94892,买盘
13:17:33,29.65,-0.01,48,142329,卖盘
13:17:37,29.65,0.0,5,14825,买盘
13:17:39,29.64,-0.01,91,269789,卖盘
13:17:43,29.65,0.01,48,142284,买盘
13:17:46,29.65,0.0,5,14825,买盘
13:17:48,29.65,0.0,24,71152,买盘
13:17:52,29.65,0.0,35,103755,买盘
13:17:54,29.65,0.0,22,65228,买盘
13:17:58,29.64,-0.01,35,103773,卖盘
13:18:00,29.65,0.01,25,74125,买盘
13:18:04,29.65,0.0,7,20755,买盘
13:18:07,29.65,0.0,19,56335,买盘
13:18:10,29.65,0.0,11,32610,买盘
13:18:12,29.65,0.0,43,127495,买盘
13:18:16,29.65,0.0,111,329105,买盘
13:18:18,29.65,0.0,309,916167,买盘
13:18:22,29.65,0.0,42,124555,卖盘
13:18:24,29.65,0.0,39,115640,卖盘
13:18:27,29.66,0.01,40,118640,买盘
13:18:30,29.68,0.02,21,62295,买盘
13:18:33,29.66,-0.02,309,916494,卖盘
13:18:36,29.66,0.0,9,26705,卖盘
13:18:39,29.67,0.01,2,5934,买盘
13:18:42,29.67,0.0,80,237360,卖盘
13:18:45,29.68,0.01,22,65289,买盘
13:18:48,29.68,0.0,4,11869,买盘
13:18:51,29.68,0.0,38,112783,买盘
13:18:55,29.68,0.0,126,373959,买盘
13:18:57,29.68,0.0,160,474735,买盘
13:19:00,29.68,0.0,18,53418,买盘
13:19:04,29.67,-0.01,10,29677,卖盘
13:19:06,29.68,0.01,86,255246,买盘
13:19:09,29.67,-0.01,32,94966,卖盘
13:19:13,29.66,-0.01,86,255175,卖盘
13:19:15,29.68,0.02,99,293697,买盘
13:19:19,29.67,-0.01,26,77106,中性盘
13:19:21,29.66,-0.01,18,53389,卖盘
13:19:24,29.66,0.0,21,62291,卖盘
13:19:27,29.65,-0.01,97,287698,卖盘
13:19:31,29.66,0.01,75,222462,卖盘
13:19:36,29.65,-0.01,163,483309,卖盘
13:19:40,29.66,0.01,92,272878,买盘
13:19:42,29.65,-0.01,413,1224612,卖盘
13:19:45,29.64,-0.01,35,103745,卖盘
13:19:48,29.65,0.01,4,11860,买盘
13:19:52,29.65,0.0,26,77090,买盘
13:19:54,29.65,0.0,148,438800,买盘
13:19:57,29.65,0.0,3,8895,买盘
13:20:00,29.65,0.0,12,35578,买盘
13:20:05,29.65,0.0,26,77079,买盘
13:20:07,29.64,-0.01,19,56328,卖盘
13:20:10,29.65,0.01,32,94858,买盘
13:20:16,29.64,-0.01,543,1609467,卖盘
13:20:18,29.64,0.0,113,334932,买盘
13:20:21,29.64,0.0,89,263789,买盘
13:20:25,29.64,0.0,24,71136,买盘
13:20:28,29.64,0.0,373,1105255,买盘
13:20:30,29.64,0.0,15,44448,买盘
13:20:33,29.64,0.0,23,68142,买盘
13:20:37,29.64,0.0,9,26675,买盘
13:20:39,29.64,0.0,24,71136,买盘
13:20:43,29.64,0.0,557,1650224,买盘
13:20:45,29.64,0.0,43,127371,买盘
13:20:48,29.61,-0.03,34,100752,卖盘
13:20:52,29.64,0.03,5,14817,买盘
13:20:55,29.63,-0.01,22,65186,买盘
13:20:57,29.63,0.0,20,59259,买盘
13:21:01,29.63,0.0,52,154076,买盘
13:21:04,29.63,0.0,9,26667,买盘
13:21:09,29.63,0.0,51,151097,买盘
13:21:12,29.63,0.0,10,29630,买盘
13:21:16,29.62,-0.01,115,340630,卖盘
13:21:19,29.62,0.0,125,370269,卖盘
13:21:21,29.62,0.0,111,328705,卖盘
13:21:24,29.62,0.0,33,97746,买盘
13:21:27,29.62,0.0,45,133269,买盘
13:21:30,29.61,-0.01,12,35540,卖盘
13:21:33,29.62,0.01,60,177697,买盘
13:21:36,29.62,0.0,13,38506,买盘
13:21:40,29.61,-0.01,21,62182,卖盘
13:21:42,29.62,0.01,87,257613,买盘
13:21:46,29.62,0.0,56,165870,买盘
13:21:48,29.61,-0.01,58,171738,卖盘
13:21:51,29.61,0.0,9,26654,卖盘
13:21:54,29.62,0.01,12,35540,买盘
13:21:57,29.61,-0.01,3,8883,卖盘
13:22:01,29.61,0.0,32,94769,卖盘
13:22:05,29.61,0.0,223,660275,卖盘
13:22:07,29.61,0.0,68,201348,买盘
13:22:10,29.61,0.0,8,23688,买盘
13:22:12,29.61,0.0,255,754808,买盘
13:22:16,29.62,0.01,209,618894,买盘
13:22:18,29.61,-0.01,2,5922,卖盘
13:22:21,29.61,0.0,7,20727,卖盘
13:22:27,29.62,0.01,28,82936,买盘
13:22:30,29.61,-0.01,302,894222,卖盘
13:22:33,29.61,0.0,22,65142,买盘
13:22:36,29.6,-0.01,719,2128259,卖盘
13:22:39,29.6,0.0,69,204904,卖盘
13:22:42,29.59,-0.01,74,218981,卖盘
13:22:46,29.59,0.0,3,8879,卖盘
13:22:49,29.6,0.01,10,29599,买盘
13:22:51,29.59,-0.01,11,32559,卖盘
13:22:55,29.6,0.01,5,14800,买盘
13:22:57,29.6,0.0,151,446830,买盘
13:23:00,29.59,-0.01,30,88794,卖盘
13:23:04,29.6,0.01,45,133181,买盘
13:23:07,29.6,0.0,48,142065,买盘
13:23:10,29.6,0.0,51,150954,买盘
13:23:12,29.6,0.0,36,106555,买盘
13:23:15,29.59,-0.01,97,287111,卖盘
13:23:18,29.59,0.0,17,50317,卖盘
13:23:21,29.6,0.01,35,103578,买盘
13:23:25,29.6,0.0,25,73988,买盘
13:23:27,29.6,0.0,23,68080,买盘
13:23:30,29.6,0.0,226,668959,买盘
13:23:34,29.6,0.0,93,275231,买盘
13:23:37,29.6,0.0,55,162781,买盘
13:23:39,29.6,0.0,143,423180,买盘
13:23:42,29.59,-0.01,111,328475,卖盘
13:23:46,29.59,0.0,96,284069,卖盘
13:23:49,29.6,0.01,182,538506,买盘
13:23:51,29.59,-0.01,21,62140,中性盘
13:23:54,29.6,0.01,349,1032703,买盘
13:23:58,29.58,-0.02,900,2662344,卖盘
13:24:01,29.59,0.01,51,150909,中性盘
13:24:04,29.58,-0.01,13,38464,卖盘
13:24:07,29.58,0.0,49,144988,卖盘
13:24:09,29.58,0.0,76,224132,卖盘
13:24:12,29.58,0.0,6,17753,卖盘
13:24:15,29.59,0.01,4,11836,买盘
13:24:19,29.59,0.0,44,130190,买盘
13:24:22,29.59,0.0,12,35502,买盘
13:24:25,29.58,-0.01,30,88746,卖盘
13:24:27,29.59,0.01,5,14795,买盘
13:24:31,29.59,0.0,58,171621,买盘
13:24:34,29.59,0.0,10,29589,买盘
13:24:37,29.58,-0.01,11,32547,卖盘
13:24:39,29.59,0.01,26,76934,买盘
13:24:43,29.58,-0.01,61,180439,卖盘
13:24:45,29.59,0.01,220,650980,买盘
13:24:48,29.59,0.0,37,109483,买盘
13:24:51,29.59,0.0,6,17754,买盘
13:24:54,29.59,0.0,7,20712,买盘
13:24:57,29.59,0.0,23,68056,买盘
13:25:00,29.58,-0.01,122,360951,卖盘
13:25:04,29.58,0.0,130,384667,卖盘
13:25:07,29.59,0.01,25,73975,买盘
13:25:09,29.59,0.0,5,14795,买盘
13:25:12,29.58,-0.01,12,35507,卖盘
13:25:15,29.58,0.0,11,32545,卖盘
13:25:18,29.59,0.01,21,62136,买盘
13:25:22,29.58,-0.01,639,1890162,卖盘
13:25:25,29.59,0.01,5,14795,买盘
13:25:28,29.59,0.0,102,301718,买盘
13:25:30,29.59,0.0,144,425996,买盘
13:25:33,29.59,0.0,13,38462,买盘
13:25:36,29.58,-0.01,7,20710,卖盘
13:25:39,29.59,0.01,5,14794,买盘
13:25:42,29.58,-0.01,61,180444,卖盘
13:25:46,29.59,0.01,27,79891,买盘
13:25:49,29.59,0.0,32,94678,买盘
13:25:51,29.59,0.0,240,709931,买盘
13:25:55,29.59,0.0,60,177490,买盘
13:25:57,29.59,0.0,17,50302,买盘
13:26:00,29.59,0.0,35,103565,买盘
13:26:05,29.58,-0.01,10,29586,卖盘
13:26:07,29.59,0.01,11,32549,买盘
13:26:10,29.59,0.0,15,44385,买盘
13:26:12,29.58,-0.01,20,59179,卖盘
13:26:16,29.59,0.01,68,201212,买盘
13:26:18,29.58,-0.01,395,1169095,卖盘
13:26:22,29.58,0.0,87,257346,买盘
13:26:24,29.58,0.0,12,35496,买盘
13:26:28,29.58,0.0,27,79866,买盘
13:26:30,29.58,0.0,118,348966,买盘
13:26:33,29.57,-0.01,300,887108,卖盘
13:26:36,29.58,0.01,239,706955,买盘
13:26:40,29.58,0.0,117,345986,买盘
13:26:42,29.58,0.0,15,44370,买盘
13:26:45,29.58,0.0,70,207001,买盘
13:26:48,29.58,0.0,6,17748,买盘
13:26:51,29.58,0.0,58,171534,买盘
13:26:54,29.58,0.0,6,17748,买盘
13:26:57,29.58,0.0,82,242556,买盘
13:27:00,29.58,0.0,200,591408,买盘
13:27:04,29.58,0.0,29,85778,买盘
13:27:06,29.58,0.0,13,38452,买盘
13:27:09,29.58,0.0,126,372690,买盘
13:27:13,29.58,0.0,97,286855,买盘
13:27:16,29.58,0.0,24,70980,买盘
13:27:18,29.58,0.0,17,50276,买盘
13:27:21,29.58,0.0,16,47320,买盘
13:27:24,29.58,0.0,52,153134,买盘
13:27:28,29.59,0.01,74,218885,买盘
13:27:31,29.59,0.0,6,17752,买盘
13:27:33,29.58,-0.01,11,32544,卖盘
13:27:37,29.58,0.0,8,23670,卖盘
13:27:40,29.58,0.0,60,177480,卖盘
13:27:42,29.57,-0.01,301,890766,卖盘
13:27:45,29.57,0.0,157,464190,买盘
13:27:48,29.58,0.01,288,851194,买盘
13:27:51,29.58,0.0,120,354960,卖盘
13:27:54,29.58,0.0,5,14790,卖盘
13:27:58,29.59,0.01,48,142010,买盘
13:28:00,29.59,0.0,16,47344,买盘
13:28:04,29.58,-0.01,22,65093,卖盘
13:28:07,29.59,0.01,52,153818,买盘
13:28:10,29.59,0.0,5,14795,买盘
13:28:13,29.59,0.0,18,53262,买盘
13:28:15,29.58,-0.01,8,23670,卖盘
13:28:19,29.58,0.0,10,29580,卖盘
13:28:21,29.58,0.0,19,56207,卖盘
13:28:25,29.59,0.01,12,35498,买盘
13:28:28,29.58,-0.01,17,50297,卖盘
13:28:30,29.59,0.01,38,112410,买盘
13:28:33,29.59,0.0,5,14791,买盘
13:28:37,29.58,-0.01,367,1086270,卖盘
13:28:40,29.57,-0.01,89,263303,卖盘
13:28:43,29.57,0.0,63,186317,卖盘
13:28:45,29.58,0.01,330,975990,买盘
13:28:49,29.57,-0.01,46,136034,卖盘
13:28:52,29.58,0.01,16,47327,中性盘
13:28:54,29.57,-0.01,59,174473,卖盘
13:28:58,29.57,0.0,32,94646,卖盘
13:29:00,29.58,0.01,45,133201,买盘
13:29:04,29.58,0.0,22,65068,买盘
13:29:06,29.57,-0.01,32,94646,卖盘
13:29:09,29.57,0.0,68,201076,卖盘
13:29:12,29.57,0.0,124,366550,卖盘
13:29:16,29.57,0.0,468,1383475,买盘
13:29:19,29.57,0.0,79,233535,买盘
13:29:22,29.57,0.0,18,53222,买盘
13:29:25,29.57,0.0,14,41398,买盘
13:29:27,29.56,-0.01,126,372462,卖盘
13:29:31,29.57,0.01,9,26613,买盘
13:29:33,29.57,0.0,282,833871,买盘
13:29:36,29.57,0.0,8,23656,买盘
13:29:39,29.57,0.0,44,130087,买盘
13:29:43,29.57,0.0,10,29570,买盘
13:29:45,29.57,0.0,64,189187,买盘
13:29:49,29.56,-0.01,7,20697,卖盘
13:29:52,29.57,0.01,20,59130,买盘
13:29:57,29.57,0.0,66,195102,买盘
13:30:01,29.56,-0.01,154,455241,卖盘
13:30:05,29.56,0.0,61,180366,卖盘
13:30:07,29.56,0.0,36,106416,卖盘
13:30:10,29.56,0.0,437,1291342,买盘
13:30:12,29.56,0.0,13,38426,买盘
13:30:15,29.56,0.0,31,91615,买盘
13:30:18,29.56,0.0,30,88680,买盘
13:30:22,29.56,0.0,91,268923,买盘
13:30:24,29.56,0.0,41,121177,买盘
13:30:28,29.56,0.0,243,718183,买盘
13:30:30,29.56,0.0,265,783327,买盘
13:30:33,29.56,0.0,25,73887,中性盘
13:30:37,29.56,0.0,44,130066,卖盘
13:30:39,29.56,0.0,113,334028,卖盘
13:30:42,29.56,0.0,54,159629,卖盘
13:30:46,29.56,0.0,108,319189,买盘
13:30:49,29.56,0.0,33,97558,买盘
13:30:51,29.56,0.0,49,144839,买盘
13:30:55,29.56,0.0,141,416838,买盘
13:30:58,29.56,0.0,9,26607,卖盘
13:31:00,29.56,0.0,103,304468,卖盘
13:31:04,29.57,0.01,45,133027,买盘
13:31:06,29.56,-0.01,17,50263,卖盘
13:31:10,29.56,0.0,19,56168,卖盘
13:31:12,29.57,0.01,41,121221,买盘
13:31:16,29.56,-0.01,6,17741,卖盘
13:31:19,29.57,0.01,69,203993,买盘
13:31:21,29.57,0.0,8,23653,买盘
13:31:24,29.57,0.0,25,73925,买盘
13:31:27,29.57,0.0,8,23654,买盘
13:31:30,29.56,-0.01,61,180324,卖盘
13:31:33,29.57,0.01,258,762698,买盘
13:31:36,29.57,0.0,58,171457,买盘
13:31:40,29.57,0.0,4,11828,买盘
13:31:43,29.56,-0.01,206,609076,卖盘
13:31:45,29.57,0.01,28,82772,买盘
13:31:48,29.56,-0.01,71,209874,卖盘
13:31:51,29.56,0.0,146,431501,买盘
13:31:54,29.56,0.0,35,103460,买盘
13:31:57,29.55,-0.01,10,29552,卖盘
13:32:00,29.55,0.0,640,1891203,卖盘
13:32:05,29.55,0.0,86,254092,卖盘
13:32:07,29.55,0.0,12,35459,买盘
13:32:10,29.55,0.0,24,70904,买盘
13:32:12,29.55,0.0,210,620375,买盘
13:32:15,29.55,0.0,66,195030,买盘
13:32:19,29.56,0.01,43,127092,买盘
13:32:22,29.55,-0.01,194,573278,卖盘
13:32:24,29.55,0.0,74,218671,卖盘
13:32:30,29.55,0.0,9,26595,买盘
13:32:34,29.54,-0.01,346,1022093,卖盘
13:32:36,29.55,0.01,77,227535,买盘
13:32:39,29.54,-0.01,41,121140,卖盘
13:32:42,29.55,0.01,16,47275,买盘
13:32:49,29.55,0.0,52,153638,买盘
13:32:51,29.54,-0.01,136,401764,卖盘
13:32:55,29.55,0.01,75,221625,买盘
13:32:57,29.56,0.01,91,268908,买盘
13:33:00,29.55,-0.01,11,32505,卖盘
13:33:04,29.55,0.0,406,1199611,卖盘
13:33:07,29.56,0.01,11,32516,买盘
13:33:10,29.55,-0.01,104,307323,卖盘
13:33:12,29.55,0.0,129,381220,卖盘
13:33:15,29.56,0.01,22,65026,买盘
13:33:18,29.56,0.0,42,124143,买盘
13:33:22,29.55,-0.01,143,422567,卖盘
13:33:25,29.56,0.01,23,67988,买盘
