time,price,change,volume,amount,type
09:25:01,29.8,-0.05,4776,14232480,卖盘
09:30:00,29.7,-0.1,247,735306,卖盘
09:30:04,29.61,-0.09,2804,8341487,卖盘
09:30:07,29.74,0.13,404,1200165,买盘
09:30:10,29.74,0.0,474,1409212,买盘
09:30:13,29.71,-0.03,212,629821,中性盘
09:30:16,29.7,-0.01,429,1274327,卖盘
09:30:19,29.7,0.0,141,418561,买盘
09:30:22,29.61,-0.09,156,462180,卖盘
09:30:25,29.61,0.0,161,476680,买盘
09:30:27,29.6,-0.01,532,1574746,卖盘
09:30:30,29.61,0.01,150,443931,买盘
09:30:33,29.56,-0.05,248,733652,卖盘
09:30:37,29.6,0.04,1017,3005574,买盘
09:30:40,29.57,-0.03,122,360894,买盘
09:30:42,29.6,0.03,769,2274606,买盘
09:30:46,29.57,-0.03,286,845898,卖盘
09:30:48,29.56,-0.01,1334,3936927,买盘
09:30:51,29.5,-0.06,1015,2995403,卖盘
09:30:54,29.6,0.1,737,2178563,买盘
09:30:58,29.6,0.0,597,1766978,卖盘
09:31:00,29.5,-0.1,1462,4315974,卖盘
09:31:04,29.5,0.0,441,1300366,买盘
09:31:07,29.52,0.02,1133,3343705,买盘
09:31:10,29.53,0.01,509,1503396,买盘
09:31:12,29.54,0.01,639,1885976,中性盘
09:31:15,29.54,0.0,347,1026650,卖盘
09:31:18,29.56,0.02,79,233797,中性盘
09:31:22,29.52,-0.04,351,1037125,卖盘
09:31:24,29.56,0.04,178,526486,买盘
09:31:28,29.52,-0.04,236,696919,卖盘
09:31:30,29.55,0.03,214,632575,中性盘
09:31:33,29.56,0.01,163,481471,中性盘
09:31:36,29.61,0.05,705,2086710,买盘
09:31:40,29.6,-0.01,19,56240,卖盘
09:31:42,29.59,-0.01,78,230773,卖盘
09:31:46,29.56,-0.03,109,322478,卖盘
09:31:48,29.63,0.07,368,1089175,买盘
09:31:51,29.6,-0.03,294,870664,卖盘
09:31:54,29.65,0.05,10,29650,买盘
09:31:57,29.6,-0.05,225,666393,卖盘
09:32:00,29.6,0.0,972,2882297,卖盘
09:32:04,29.6,0.0,215,636455,卖盘
09:32:06,29.61,0.01,81,239921,中性盘
09:32:09,29.6,-0.01,110,325634,卖盘
09:32:12,29.62,0.02,281,832064,中性盘
09:32:15,29.63,0.01,264,781779,买盘
09:32:19,29.62,-0.01,149,441148,中性盘
09:32:21,29.61,-0.01,916,2712168,卖盘
09:32:25,29.63,0.02,418,1238088,买盘
09:32:27,29.62,-0.01,235,696255,卖盘
09:32:31,29.6,-0.02,1057,3129547,卖盘
09:32:33,29.6,0.0,1473,4360475,卖盘
09:32:36,29.6,0.0,749,2215511,买盘
09:32:39,29.62,0.02,359,1062693,买盘
09:32:42,29.6,-0.02,591,1749376,卖盘
09:32:46,29.6,0.0,382,1130239,卖盘
09:32:49,29.6,0.0,165,488349,买盘
09:32:51,29.56,-0.04,558,1650363,卖盘
09:32:54,29.6,0.04,71,209950,买盘
09:32:57,29.6,0.0,420,1243174,买盘
09:33:01,29.6,0.0,86,254560,卖盘
09:33:05,29.61,0.01,1112,3292859,买盘
09:33:07,29.6,-0.01,469,1388607,卖盘
09:33:09,29.58,-0.02,2530,7490779,卖盘
09:33:13,29.57,-0.01,391,1156711,卖盘
09:33:15,29.57,0.0,63,186640,买盘
09:33:19,29.57,0.0,592,1750030,买盘
09:33:21,29.56,-0.01,625,1847282,卖盘
09:33:24,29.55,-0.01,744,2198376,卖盘
09:33:27,29.55,0.0,178,525753,买盘
09:33:30,29.55,0.0,186,549454,买盘
09:33:34,29.51,-0.04,790,2331985,卖盘
09:33:37,29.52,0.01,625,1844574,买盘
09:33:40,29.5,-0.02,270,796654,卖盘
09:33:42,29.52,0.02,158,466489,中性盘
09:33:46,29.51,-0.01,546,1611168,卖盘
09:33:49,29.51,0.0,120,354070,买盘
09:33:52,29.49,-0.02,2406,7099109,卖盘
09:33:54,29.51,0.02,248,731458,买盘
09:33:57,29.5,-0.01,106,312669,中性盘
09:34:01,29.5,0.0,96,283148,卖盘
09:34:05,29.53,0.03,1007,2971016,买盘
09:34:07,29.53,0.0,999,2950105,卖盘
09:34:10,29.51,-0.02,588,1736326,卖盘
09:34:12,29.52,0.01,22,64942,买盘
09:34:15,29.5,-0.02,484,1428002,卖盘
09:34:18,29.5,0.0,360,1062550,买盘
09:34:22,29.53,0.03,319,941526,买盘
09:34:25,29.55,0.02,371,1094946,买盘
09:34:28,29.52,-0.03,164,484361,卖盘
09:34:30,29.55,0.03,38,112295,中性盘
09:34:33,29.53,-0.02,174,513899,卖盘
09:34:37,29.55,0.02,140,413462,买盘
09:34:39,29.55,0.0,2054,6062393,买盘
09:34:42,29.55,0.0,56,165504,卖盘
09:34:45,29.55,0.0,151,446212,卖盘
09:34:48,29.56,0.01,115,339887,买盘
09:34:51,29.56,0.0,40,118255,买盘
09:34:54,29.57,0.01,670,1980457,买盘
09:34:57,29.58,0.01,154,455368,买盘
09:35:00,29.56,-0.02,148,437576,卖盘
09:35:04,29.56,0.0,143,422624,买盘
09:35:07,29.56,0.0,243,718388,买盘
09:35:10,29.56,0.0,38,112356,卖盘
09:35:13,29.57,0.01,601,1776153,买盘
09:35:15,29.55,-0.02,270,797833,卖盘
09:35:18,29.57,0.02,568,1677393,买盘
09:35:22,29.55,-0.02,74,218750,中性盘
09:35:25,29.55,0.0,386,1140461,卖盘
09:35:28,29.55,0.0,630,1861790,卖盘
09:35:31,29.56,0.01,276,815759,买盘
09:35:33,29.55,-0.01,576,1702032,卖盘
09:35:36,29.55,0.0,583,1722775,卖盘
09:35:40,29.55,0.0,149,440302,卖盘
09:35:43,29.55,0.0,127,375281,买盘
09:35:45,29.56,0.01,371,1095773,买盘
09:35:48,29.54,-0.02,525,1551515,卖盘
09:35:51,29.54,0.0,104,307209,买盘
09:35:54,29.56,0.02,384,1133907,买盘
09:35:57,29.55,-0.01,71,209747,中性盘
09:36:01,29.54,-0.01,212,626268,卖盘
09:36:05,29.54,0.0,672,1986812,买盘
09:36:07,29.52,-0.02,522,1540110,卖盘
09:36:10,29.5,-0.02,883,2605953,卖盘
09:36:12,29.53,0.03,1024,3021567,买盘
09:36:16,29.51,-0.02,334,985443,卖盘
09:36:19,29.51,0.0,486,1433742,买盘
09:36:21,29.5,-0.01,965,2846648,卖盘
09:36:25,29.49,-0.01,3335,9836264,卖盘
09:36:27,29.49,0.0,885,2609263,买盘
09:36:31,29.5,0.01,803,2368203,买盘
09:36:34,29.48,-0.02,227,669165,卖盘
09:36:37,29.48,0.0,204,601347,买盘
09:36:39,29.48,0.0,587,1731842,买盘
09:36:42,29.45,-0.03,474,1394513,卖盘
09:36:45,29.47,0.02,313,922009,买盘
09:36:48,29.48,0.01,128,377176,买盘
09:36:51,29.45,-0.03,273,804153,卖盘
09:36:54,29.45,0.0,133,391691,卖盘
09:36:57,29.44,-0.01,214,630173,卖盘
09:37:00,29.47,0.03,1087,3202003,买盘
09:37:05,29.48,0.01,1160,3419081,买盘
09:37:06,29.48,0.0,695,2048415,买盘
09:37:10,29.48,0.0,493,1456130,卖盘
09:37:13,29.52,0.04,276,814530,买盘
09:37:16,29.48,-0.04,104,306804,卖盘
09:37:18,29.48,0.0,518,1527208,卖盘
09:37:22,29.52,0.04,17,50163,买盘
09:37:24,29.48,-0.04,745,2194892,卖盘
09:37:28,29.5,0.02,491,1448316,买盘
09:37:30,29.5,0.0,40,117964,买盘
09:37:33,29.49,-0.01,131,386307,买盘
09:37:36,29.5,0.01,133,392251,买盘
09:37:39,29.49,-0.01,360,1061571,卖盘
09:37:42,29.5,0.01,330,973458,买盘
09:37:46,29.49,-0.01,376,1108887,卖盘
09:37:48,29.5,0.01,98,289089,买盘
09:37:52,29.5,0.0,380,1120555,买盘
09:37:54,29.49,-0.01,99,292034,卖盘
09:37:58,29.5,0.01,250,737848,买盘
09:38:00,29.5,0.0,61,179950,卖盘
09:38:04,29.5,0.0,17,50165,卖盘
09:38:07,29.52,0.02,58,171162,中性盘
09:38:10,29.52,0.0,597,1762046,买盘
09:38:13,29.53,0.01,122,362085,买盘
09:38:15,29.53,0.0,347,1024692,卖盘
09:38:18,29.53,0.0,334,986313,卖盘
09:38:22,29.53,0.0,206,608931,卖盘
09:38:25,29.54,0.01,113,333725,买盘
09:38:28,29.54,0.0,57,168368,买盘
09:38:30,29.54,0.0,82,242228,卖盘
09:38:34,29.54,0.0,278,821217,卖盘
09:38:36,29.55,0.01,762,2251223,买盘
09:38:39,29.55,0.0,267,788985,卖盘
09:38:43,29.55,0.0,4,11820,卖盘
09:38:45,29.56,0.01,272,803788,买盘
09:38:49,29.55,-0.01,407,1202803,卖盘
09:38:51,29.55,0.0,1487,4393540,卖盘
09:38:54,29.53,-0.02,635,1875718,卖盘
09:38:58,29.54,0.01,177,522765,买盘
09:39:00,29.53,-0.01,217,640878,卖盘
09:39:04,29.53,0.0,1646,4862327,卖盘
09:39:07,29.54,0.01,586,1730880,买盘
09:39:10,29.54,0.0,254,750097,买盘
09:39:12,29.53,-0.01,359,1057880,卖盘
09:39:16,29.53,0.0,1077,3183699,买盘
09:39:19,29.54,0.01,270,797714,卖盘
09:39:21,29.53,-0.01,706,2082843,卖盘
09:39:25,29.53,0.0,35,103350,买盘
09:39:27,29.53,0.0,44,129931,买盘
09:39:31,29.52,-0.01,81,239150,卖盘
09:39:33,29.53,0.01,160,472383,买盘
09:39:37,29.52,-0.01,475,1402307,卖盘
09:39:39,29.52,0.0,376,1110023,买盘
09:39:42,29.52,0.0,46,135773,买盘
09:39:45,29.52,0.0,395,1165967,买盘
09:39:49,29.52,0.0,287,847036,买盘
09:39:51,29.51,-0.01,363,1071371,卖盘
09:39:55,29.51,0.0,96,283340,卖盘
09:39:57,29.52,0.01,249,735048,买盘
09:40:00,29.52,0.0,24,70850,卖盘
09:40:04,29.52,0.0,337,994852,卖盘
09:40:07,29.52,0.0,1491,4399962,买盘
09:40:10,29.47,-0.05,2593,7647539,卖盘
09:40:12,29.46,-0.01,1169,3445557,卖盘
09:40:15,29.49,0.03,562,1655538,买盘
09:40:18,29.46,-0.03,1719,5062839,中性盘
09:40:22,29.47,0.01,228,672016,买盘
09:40:24,29.47,0.0,556,1639536,卖盘
09:40:27,29.47,0.0,19,55993,卖盘
09:40:30,29.49,0.02,531,1565607,买盘
09:40:34,29.48,-0.01,853,2514712,卖盘
09:40:37,29.47,-0.01,246,725429,中性盘
09:40:39,29.46,-0.01,111,327108,卖盘
09:40:43,29.47,0.01,212,624801,卖盘
09:40:46,29.48,0.01,542,1597524,买盘
09:40:49,29.48,0.0,289,851932,买盘
09:40:51,29.48,0.0,244,719312,卖盘
09:40:54,29.48,0.0,597,1759275,卖盘
09:40:58,29.48,0.0,44,129673,买盘
09:41:00,29.48,0.0,175,515786,买盘
09:41:04,29.48,0.0,60,176861,买盘
09:41:07,29.48,0.0,126,371442,卖盘
09:41:10,29.48,0.0,41,120870,卖盘
09:41:12,29.48,0.0,582,1715746,卖盘
09:41:16,29.48,0.0,573,1688987,卖盘
09:41:18,29.48,0.0,441,1299789,买盘
09:41:21,29.47,-0.01,176,518736,卖盘
09:41:24,29.48,0.01,331,975502,买盘
09:41:28,29.48,0.0,54,159158,买盘
09:41:31,29.48,0.0,39,114956,买盘
09:41:33,29.48,0.0,545,1606303,买盘
09:41:36,29.48,0.0,208,613110,买盘
09:41:40,29.48,0.0,293,863693,卖盘
09:41:42,29.48,0.0,24,70763,卖盘
09:41:46,29.48,0.0,123,362608,卖盘
09:41:48,29.48,0.0,994,2931621,卖盘
09:41:51,29.49,0.01,9,26541,中性盘
09:41:54,29.49,0.0,369,1087790,卖盘
09:41:58,29.49,0.0,18,53082,卖盘
09:42:01,29.51,0.02,68,200582,买盘
09:42:04,29.51,0.0,368,1085174,买盘
09:42:06,29.49,-0.02,415,1223085,中性盘
09:42:09,29.5,0.01,33,97363,卖盘
09:42:13,29.48,-0.02,320,943627,卖盘
09:42:15,29.5,0.02,221,652076,买盘
09:42:18,29.5,0.0,42,123890,买盘
09:42:21,29.5,0.0,163,480820,买盘
09:42:24,29.5,0.0,171,504335,买盘
09:42:28,29.5,0.0,16,47200,卖盘
09:42:30,29.5,0.0,94,277300,卖盘
09:42:33,29.5,0.0,106,312616,卖盘
09:42:37,29.5,0.0,17,50150,买盘
09:42:40,29.5,0.0,118,348061,买盘
09:42:42,29.49,-0.01,62,182850,卖盘
09:42:45,29.5,0.01,303,893554,买盘
09:42:49,29.48,-0.02,293,864143,卖盘
09:42:52,29.48,0.0,365,1076269,卖盘
09:42:55,29.5,0.02,322,949315,买盘
09:42:57,29.5,0.0,125,368657,买盘
09:43:00,29.49,-0.01,117,345105,卖盘
09:43:04,29.49,0.0,136,401032,买盘
09:43:07,29.48,-0.01,69,203413,卖盘
09:43:10,29.47,-0.01,277,816367,卖盘
09:43:13,29.49,0.02,390,1151636,买盘
09:43:16,29.49,0.0,372,1097028,卖盘
09:43:19,29.5,0.01,61,179909,买盘
09:43:21,29.5,0.0,484,1427326,买盘
09:43:25,29.5,0.0,1056,3114212,买盘
09:43:28,29.49,-0.01,786,2315980,卖盘
09:43:31,29.48,-0.01,185,545401,卖盘
09:43:34,29.47,-0.01,575,1694022,卖盘
09:43:37,29.47,0.0,238,701271,买盘
09:43:39,29.47,0.0,117,344664,买盘
09:43:42,29.44,-0.03,3061,9012289,卖盘
09:43:46,29.44,0.0,238,700286,买盘
09:43:48,29.44,0.0,137,403078,买盘
09:43:52,29.42,-0.02,231,679628,卖盘
09:43:54,29.44,0.02,923,2715061,买盘
09:43:57,29.42,-0.02,291,855963,中性盘
09:44:00,29.42,0.0,188,553005,买盘
09:44:04,29.41,-0.01,639,1879202,卖盘
09:44:07,29.41,0.0,179,526403,买盘
09:44:09,29.41,0.0,113,332408,卖盘
09:44:13,29.42,0.01,291,855923,买盘
09:44:15,29.41,-0.01,97,285265,卖盘
09:44:19,29.41,0.0,660,1940760,中性盘
09:44:22,29.42,0.01,119,350215,买盘
09:44:25,29.41,-0.01,381,1120481,卖盘
09:44:28,29.42,0.01,725,2132926,买盘
09:44:30,29.42,0.0,131,385349,买盘
09:44:33,29.42,0.0,608,1788883,买盘
09:44:36,29.42,0.0,444,1306839,买盘
09:44:40,29.42,0.0,324,953208,卖盘
09:44:43,29.42,0.0,505,1487204,卖盘
09:44:46,29.47,0.05,429,1263503,买盘
09:44:49,29.42,-0.05,1007,2970599,卖盘
09:44:51,29.47,0.05,25,73690,中性盘
09:44:55,29.41,-0.06,1269,3734547,卖盘
09:44:58,29.41,0.0,592,1745468,卖盘
09:45:01,29.41,0.0,32,94112,卖盘
09:45:04,29.44,0.03,417,1227422,中性盘
09:45:07,29.42,-0.02,1474,4332426,卖盘
09:45:10,29.42,0.0,95,279462,卖盘
09:45:13,29.42,0.0,198,582911,买盘
09:45:16,29.42,0.0,289,850224,卖盘
09:45:18,29.42,0.0,518,1525242,中性盘
09:45:22,29.42,0.0,108,317997,卖盘
09:45:24,29.41,-0.01,477,1403051,卖盘
09:45:28,29.44,0.03,297,874102,买盘
09:45:30,29.41,-0.03,276,812433,卖盘
09:45:34,29.41,0.0,451,1326652,卖盘
09:45:37,29.42,0.01,138,406162,买盘
09:45:40,29.41,-0.01,150,441202,卖盘
09:45:42,29.4,-0.01,969,2849418,卖盘
09:45:45,29.41,0.01,510,1499899,买盘
09:45:49,29.42,0.01,426,1253107,买盘
09:45:52,29.4,-0.02,1145,3366606,卖盘
09:45:54,29.41,0.01,35,102936,卖盘
09:45:58,29.41,0.0,442,1300088,卖盘
09:46:00,29.41,0.0,166,488294,卖盘
09:46:04,29.4,-0.01,529,1556379,卖盘
09:46:07,29.39,-0.01,1710,5031030,卖盘
09:46:10,29.4,0.01,546,1605030,卖盘
09:46:12,29.44,0.04,791,2327150,买盘
09:46:15,29.39,-0.05,381,1121122,卖盘
09:46:18,29.39,0.0,593,1744902,卖盘
09:46:21,29.38,-0.01,288,846380,卖盘
09:46:24,29.4,0.02,113,332160,买盘
09:46:28,29.4,0.0,415,1219544,买盘
09:46:31,29.4,0.0,162,476122,买盘
09:46:34,29.38,-0.02,163,479018,卖盘
09:46:36,29.38,0.0,948,2784945,卖盘
09:46:39,29.38,0.0,211,619794,买盘
09:46:43,29.38,0.0,114,334805,买盘
09:46:46,29.38,0.0,1159,3402289,中性盘
09:46:49,29.35,-0.03,660,1938853,卖盘
09:46:52,29.35,0.0,728,2137311,卖盘
09:46:55,29.38,0.03,196,575510,买盘
09:46:57,29.33,-0.05,461,1352718,卖盘
09:47:00,29.34,0.01,182,533905,买盘
09:47:04,29.35,0.01,636,1865295,买盘
09:47:06,29.33,-0.02,555,1627997,卖盘
09:47:09,29.32,-0.01,356,1044034,卖盘
09:47:13,29.33,0.01,130,381226,买盘
09:47:16,29.33,0.0,922,2703152,买盘
09:47:19,29.33,0.0,143,419334,买盘
09:47:21,29.33,0.0,268,785813,买盘
09:47:24,29.32,-0.01,232,680361,卖盘
09:47:27,29.33,0.01,472,1383826,卖盘
09:47:31,29.32,-0.01,250,733262,卖盘
09:47:34,29.32,0.0,372,1091094,卖盘
09:47:37,29.32,0.0,293,859163,卖盘
09:47:40,29.32,0.0,138,404711,卖盘
09:47:42,29.33,0.01,679,1990964,中性盘
09:47:45,29.34,0.01,493,1445553,买盘
09:47:48,29.32,-0.02,472,1383971,卖盘
09:47:51,29.32,0.0,482,1413410,卖盘
09:47:55,29.32,0.0,142,416423,买盘
09:47:57,29.33,0.01,473,1386752,中性盘
09:48:01,29.33,0.0,1427,4183414,卖盘
09:48:04,29.33,0.0,333,976473,买盘
09:48:07,29.32,-0.01,4869,14269761,卖盘
09:48:09,29.3,-0.02,897,2628491,卖盘
09:48:13,29.32,0.02,389,1140099,买盘
09:48:15,29.32,0.0,1197,3507535,买盘
09:48:18,29.32,0.0,317,929230,卖盘
09:48:21,29.3,-0.02,392,1148873,卖盘
09:48:25,29.31,0.01,883,2587560,买盘
09:48:27,29.3,-0.01,1066,3123195,卖盘
09:48:31,29.29,-0.01,1104,3235025,卖盘
09:48:33,29.3,0.01,188,550890,卖盘
09:48:36,29.3,0.0,487,1426863,卖盘
09:48:39,29.3,0.0,352,1031175,买盘
09:48:43,29.3,0.0,765,2241212,卖盘
09:48:45,29.3,0.0,1036,3034861,买盘
09:48:49,29.3,0.0,350,1025509,卖盘
09:48:51,29.31,0.01,563,1649801,买盘
09:48:55,29.3,-0.01,236,691625,卖盘
09:48:57,29.3,0.0,480,1406373,卖盘
09:49:01,29.31,0.01,254,744155,买盘
09:49:04,29.3,-0.01,78,228630,卖盘
09:49:07,29.3,0.0,514,1506034,卖盘
09:49:10,29.3,0.0,377,1104986,买盘
09:49:13,29.3,0.0,250,732662,卖盘
09:49:16,29.3,0.0,473,1385960,卖盘
09:49:19,29.32,0.02,402,1178139,买盘
09:49:22,29.32,0.0,173,507143,买盘
09:49:24,29.31,-0.01,200,586268,卖盘
09:49:28,29.32,0.01,448,1313190,买盘
09:49:30,29.3,-0.02,171,501234,卖盘
09:49:34,29.33,0.03,26,76225,买盘
09:49:36,29.33,0.0,423,1240182,买盘
09:49:40,29.32,-0.01,154,451536,卖盘
09:49:42,29.32,0.0,141,413397,卖盘
09:49:45,29.32,0.0,354,1038178,卖盘
09:49:48,29.34,0.02,91,266916,买盘
09:49:51,29.33,-0.01,138,404773,卖盘
09:49:55,29.34,0.01,71,208260,买盘
09:49:57,29.34,0.0,364,1067816,买盘
09:50:01,29.34,0.0,318,933011,买盘
09:50:04,29.34,0.0,1265,3711437,卖盘
09:50:06,29.34,0.0,1708,5010632,买盘
09:50:09,29.35,0.01,292,856747,中性盘
09:50:13,29.35,0.0,134,393291,卖盘
09:50:16,29.34,-0.01,129,378541,卖盘
09:50:18,29.35,0.01,224,657220,买盘
09:50:22,29.34,-0.01,97,284589,卖盘
09:50:24,29.35,0.01,155,454820,中性盘
09:50:28,29.36,0.01,91,267113,买盘
09:50:30,29.35,-0.01,75,220153,卖盘
09:50:33,29.36,0.01,102,299380,买盘
09:50:36,29.37,0.01,109,320034,买盘
09:50:39,29.37,0.0,14,41119,卖盘
09:50:42,29.37,0.0,236,693216,卖盘
09:50:45,29.38,0.01,82,240793,买盘
09:50:48,29.38,0.0,477,1400567,买盘
09:50:52,29.38,0.0,159,467007,买盘
09:50:54,29.39,0.01,51,149840,买盘
09:50:58,29.38,-0.01,27,79331,中性盘
09:51:00,29.39,0.01,610,1792712,买盘
09:51:04,29.38,-0.01,201,590702,卖盘
09:51:06,29.38,0.0,176,517105,卖盘
09:51:10,29.38,0.0,230,675710,买盘
09:51:12,29.38,0.0,198,581743,买盘
09:51:16,29.38,0.0,60,176316,卖盘
09:51:18,29.38,0.0,22,64636,卖盘
09:51:21,29.38,0.0,192,564345,卖盘
09:51:25,29.38,0.0,741,2177187,卖盘
09:51:27,29.4,0.02,176,517176,买盘
09:51:30,29.39,-0.01,188,552666,卖盘
09:51:34,29.38,-0.01,182,534818,卖盘
09:51:36,29.38,0.0,241,708096,卖盘
09:51:40,29.38,0.0,135,396591,买盘
09:51:42,29.38,0.0,557,1636215,买盘
09:51:46,29.37,-0.01,135,396386,中性盘
09:51:48,29.38,0.01,560,1645278,买盘
09:51:52,29.36,-0.02,268,787142,卖盘
09:51:54,29.37,0.01,81,237916,卖盘
09:51:58,29.37,0.0,67,196817,中性盘
09:52:01,29.38,0.01,43,126340,卖盘
09:52:04,29.38,0.0,18,52896,卖盘
09:52:07,29.39,0.01,51,149873,买盘
09:52:09,29.38,-0.01,36,105794,卖盘
09:52:12,29.38,0.0,232,681616,卖盘
09:52:16,29.37,-0.01,293,860593,卖盘
09:52:18,29.37,0.0,849,2493866,买盘
09:52:22,29.36,-0.01,716,2102559,卖盘
09:52:25,29.34,-0.02,1215,3566207,卖盘
09:52:27,29.36,0.02,243,713152,中性盘
09:52:31,29.33,-0.03,153,448921,卖盘
09:52:33,29.33,0.0,33,96803,卖盘
09:52:37,29.36,0.03,101,296341,买盘
09:52:39,29.33,-0.03,36,105631,卖盘
09:52:42,29.35,0.02,77,225938,买盘
09:52:45,29.34,-0.01,98,287532,卖盘
09:52:48,29.35,0.01,114,334499,买盘
09:52:51,29.34,-0.01,206,604438,卖盘
09:52:54,29.35,0.01,411,1206153,买盘
09:52:57,29.35,0.0,111,325689,买盘
09:53:00,29.35,0.0,248,727691,买盘
09:53:04,29.34,-0.01,500,1466971,卖盘
09:53:07,29.34,0.0,345,1012093,买盘
09:53:10,29.33,-0.01,76,222937,卖盘
09:53:12,29.34,0.01,80,234663,买盘
09:53:16,29.34,0.0,150,439965,买盘
09:53:18,29.33,-0.01,171,501612,卖盘
09:53:22,29.34,0.01,205,601362,买盘
09:53:24,29.33,-0.01,497,1457649,卖盘
09:53:27,29.33,0.0,95,278566,买盘
09:53:30,29.33,0.0,223,653910,买盘
09:53:33,29.33,0.0,228,668608,买盘
09:53:36,29.32,-0.01,364,1067332,卖盘
09:53:39,29.33,0.01,133,389975,买盘
09:53:42,29.32,-0.01,140,410523,卖盘
09:53:45,29.32,0.0,315,923599,卖盘
09:53:48,29.32,0.0,690,2022694,买盘
09:53:51,29.32,0.0,439,1286755,买盘
09:53:54,29.31,-0.01,412,1207603,卖盘
09:53:57,29.31,0.0,427,1251306,买盘
09:54:00,29.31,0.0,538,1576440,买盘
09:54:04,29.3,-0.01,702,2056943,卖盘
09:54:07,29.3,0.0,2110,6182028,卖盘
09:54:09,29.3,0.0,406,1189294,买盘
09:54:12,29.3,0.0,182,533225,买盘
09:54:16,29.3,0.0,211,618141,卖盘
09:54:18,29.3,0.0,654,1915697,买盘
09:54:22,29.3,0.0,184,539124,卖盘
09:54:24,29.3,0.0,52,152397,卖盘
09:54:28,29.31,0.01,445,1303900,买盘
09:54:31,29.3,-0.01,344,1007904,卖盘
09:54:33,29.29,-0.01,164,480431,卖盘
09:54:36,29.3,0.01,274,802621,买盘
09:54:40,29.3,0.0,268,785122,买盘
09:54:42,29.3,0.0,181,530289,买盘
09:54:46,29.3,0.0,110,322301,买盘
09:54:49,29.3,0.0,366,1072200,卖盘
09:54:52,29.3,0.0,250,732491,买盘
09:54:55,29.3,0.0,348,1019845,卖盘
09:54:57,29.3,0.0,389,1139574,卖盘
09:55:00,29.3,0.0,584,1710645,买盘
09:55:04,29.3,0.0,235,688410,买盘
09:55:07,29.3,0.0,1385,4055512,买盘
09:55:10,29.3,0.0,99,290047,买盘
09:55:13,29.29,-0.01,519,1520469,卖盘
09:55:15,29.3,0.01,1128,3302959,买盘
09:55:18,29.29,-0.01,614,1797594,卖盘
09:55:22,29.3,0.01,102,298783,买盘
09:55:24,29.29,-0.01,183,535985,卖盘
09:55:27,29.28,-0.01,442,1294222,卖盘
09:55:30,29.28,0.0,222,649870,买盘
09:55:33,29.26,-0.02,165,482971,卖盘
09:55:36,29.27,0.01,207,605817,中性盘
09:55:39,29.26,-0.01,243,711082,卖盘
09:55:43,29.27,0.01,76,222488,卖盘
09:55:45,29.28,0.01,105,307328,买盘
09:55:49,29.27,-0.01,217,635024,卖盘
09:55:51,29.26,-0.01,209,611619,卖盘
09:55:54,29.27,0.01,255,746391,买盘
09:55:57,29.27,0.0,127,371666,卖盘
09:56:00,29.27,0.0,92,269299,卖盘
09:56:04,29.27,0.0,77,225343,卖盘
09:56:06,29.27,0.0,247,722822,买盘
09:56:10,29.27,0.0,306,895765,买盘
09:56:12,29.27,0.0,661,1934769,卖盘
09:56:16,29.27,0.0,151,442005,卖盘
09:56:19,29.29,0.02,186,544321,买盘
09:56:22,29.29,0.0,106,310351,买盘
09:56:24,29.29,0.0,174,509306,买盘
09:56:27,29.27,-0.02,256,749218,卖盘
09:56:31,29.27,0.0,562,1644704,卖盘
09:56:34,29.27,0.0,223,652746,卖盘
09:56:37,29.29,0.02,351,1027121,买盘
09:56:39,29.28,-0.01,8,23424,卖盘
09:56:42,29.28,0.0,153,448072,卖盘
09:56:46,29.28,0.0,125,366101,卖盘
09:56:49,29.29,0.01,153,447988,买盘
09:56:52,29.28,-0.01,69,202051,卖盘
09:56:54,29.29,0.01,339,992900,买盘
09:56:58,29.29,0.0,44,128850,卖盘
09:57:00,29.29,0.0,273,799476,卖盘
09:57:04,29.29,0.0,105,307564,卖盘
09:57:06,29.3,0.01,268,785053,买盘
09:57:09,29.3,0.0,177,518610,卖盘
09:57:12,29.3,0.0,45,131850,卖盘
09:57:15,29.3,0.0,117,342842,卖盘
09:57:18,29.3,0.0,85,249105,卖盘
09:57:22,29.31,0.01,321,940656,买盘
09:57:25,29.31,0.0,82,240343,卖盘
09:57:28,29.31,0.0,562,1647595,卖盘
09:57:31,29.32,0.01,125,366379,买盘
09:57:34,29.32,0.0,232,680172,买盘
09:57:36,29.33,0.01,127,372266,买盘
09:57:39,29.33,0.0,138,404754,卖盘
09:57:42,29.34,0.01,43,126130,买盘
09:57:45,29.34,0.0,482,1413730,买盘
09:57:49,29.32,-0.02,59,172989,中性盘
09:57:52,29.31,-0.01,492,1442430,卖盘
09:57:55,29.32,0.01,97,284468,买盘
09:57:58,29.32,0.0,21,61573,卖盘
09:58:00,29.32,0.0,130,381160,卖盘
09:58:04,29.33,0.01,41,120220,中性盘
09:58:07,29.33,0.0,41,120253,卖盘
09:58:09,29.34,0.01,81,237684,买盘
09:58:12,29.34,0.0,33,96822,卖盘
09:58:15,29.34,0.0,912,2675776,卖盘
09:58:18,29.35,0.01,43,126179,买盘
09:58:21,29.32,-0.03,312,914921,卖盘
09:58:24,29.33,0.01,89,262510,买盘
09:58:28,29.33,0.0,129,378355,买盘
09:58:31,29.33,0.0,169,495409,买盘
09:58:34,29.36,0.03,1430,4197984,买盘
09:58:36,29.36,0.0,234,687024,卖盘
09:58:40,29.37,0.01,61,179157,买盘
09:58:43,29.37,0.0,625,1835522,卖盘
09:58:46,29.37,0.0,10,29370,卖盘
09:58:48,29.36,-0.01,83,243738,卖盘
09:58:52,29.37,0.01,27,79298,买盘
09:58:54,29.36,-0.01,53,155635,卖盘
09:58:58,29.37,0.01,124,364188,买盘
09:59:00,29.37,0.0,37,108669,卖盘
09:59:04,29.37,0.0,53,155662,卖盘
09:59:07,29.38,0.01,34,99866,买盘
09:59:09,29.38,0.0,91,267307,买盘
09:59:13,29.38,0.0,55,161500,卖盘
09:59:15,29.38,0.0,9,26441,买盘
09:59:19,29.39,0.01,125,367129,买盘
09:59:21,29.38,-0.01,89,261480,卖盘
09:59:24,29.36,-0.02,1191,3500657,卖盘
09:59:27,29.37,0.01,74,217365,中性盘
09:59:30,29.37,0.0,39,114553,卖盘
09:59:34,29.38,0.01,62,182087,买盘
09:59:36,29.36,-0.02,136,399431,卖盘
09:59:40,29.36,0.0,434,1274244,卖盘
09:59:42,29.36,0.0,140,411060,卖盘
09:59:46,29.36,0.0,89,261388,卖盘
09:59:48,29.36,0.0,178,522624,卖盘
09:59:51,29.37,0.01,32,93996,卖盘
09:59:54,29.37,0.0,41,120410,卖盘
09:59:58,29.37,0.0,189,555097,卖盘
10:00:01,29.36,-0.01,66,193777,卖盘
10:00:04,29.37,0.01,186,546105,买盘
10:00:06,29.36,-0.01,74,217289,卖盘
10:00:10,29.36,0.0,1610,4726782,卖盘
10:00:12,29.34,-0.02,292,857242,卖盘
10:00:16,29.34,0.0,53,155451,买盘
10:00:18,29.32,-0.02,230,674183,卖盘
10:00:22,29.32,0.0,118,345884,买盘
10:00:24,29.31,-0.01,179,524727,卖盘
10:00:28,29.3,-0.01,280,818882,卖盘
10:00:30,29.3,0.0,726,2127336,卖盘
10:00:34,29.3,0.0,118,345655,买盘
10:00:37,29.28,-0.02,670,1962427,卖盘
10:00:40,29.29,0.01,426,1247421,买盘
10:00:42,29.28,-0.01,54,158125,卖盘
10:00:45,29.28,0.0,287,840356,卖盘
10:00:49,29.3,0.02,588,1722283,买盘
10:00:51,29.28,-0.02,32,94906,卖盘
10:00:54,29.3,0.02,5,14650,卖盘
10:00:58,29.3,0.0,944,2766174,买盘
10:01:00,29.3,0.0,73,213891,卖盘
10:01:05,29.3,0.0,1442,4225346,卖盘
10:01:07,29.3,0.0,70,205087,买盘
10:01:09,29.3,0.0,271,793668,卖盘
10:01:12,29.33,0.03,61,178806,买盘
10:01:16,29.3,-0.03,5,14653,卖盘
10:01:19,29.31,0.01,1628,4773429,买盘
10:01:21,29.32,0.01,130,381026,买盘
10:01:24,29.32,0.0,25,73252,买盘
10:01:28,29.31,-0.01,42,123111,卖盘
10:01:31,29.31,0.0,54,158236,买盘
10:01:33,29.31,0.0,350,1025554,买盘
10:01:36,29.29,-0.02,342,1002275,卖盘
10:01:39,29.29,0.0,44,128915,卖盘
10:01:43,29.3,0.01,62,181676,买盘
10:01:49,29.3,0.0,155,454188,卖盘
10:01:52,29.32,0.02,62,181709,买盘
10:01:55,29.3,-0.02,42,123040,卖盘
10:01:57,29.3,0.0,103,301794,卖盘
10:02:00,29.3,0.0,17,49811,卖盘
10:02:04,29.31,0.01,35,102552,买盘
10:02:07,29.31,0.0,49,143589,买盘
10:02:09,29.31,0.0,127,372204,买盘
10:02:13,29.31,0.0,33,96723,买盘
10:02:16,29.31,0.0,106,310592,卖盘
10:02:18,29.32,0.01,93,272595,买盘
10:02:21,29.31,-0.01,62,181719,卖盘
10:02:25,29.3,-0.01,33,96706,卖盘
10:02:27,29.31,0.01,295,864678,买盘
10:02:30,29.32,0.01,39,114300,买盘
10:02:34,29.31,-0.01,34,99654,卖盘
10:02:36,29.32,0.01,167,489631,买盘
10:02:40,29.32,0.0,96,281414,卖盘
10:02:43,29.34,0.02,36,105587,买盘
10:02:45,29.32,-0.02,41,120218,卖盘
10:02:48,29.34,0.02,74,217043,买盘
10:02:52,29.34,0.0,35,102668,买盘
10:02:54,29.34,0.0,91,266925,买盘
10:02:57,29.33,-0.01,413,1211407,卖盘
10:03:00,29.32,-0.01,53,155427,卖盘
10:03:04,29.32,0.0,79,231694,卖盘
10:03:07,29.33,0.01,15,43997,卖盘
10:03:10,29.33,0.0,157,460336,卖盘
10:03:12,29.31,-0.02,115,337161,卖盘
10:03:18,29.31,0.0,110,322497,卖盘
10:03:21,29.33,0.02,30,87968,买盘
10:03:25,29.31,-0.02,199,583291,卖盘
10:03:28,29.31,0.0,196,574511,卖盘
10:03:30,29.31,0.0,34,99684,卖盘
10:03:34,29.32,0.01,95,278566,卖盘
10:03:36,29.31,-0.01,69,202345,卖盘
10:03:39,29.33,0.02,136,398668,买盘
10:03:42,29.31,-0.02,32,93823,卖盘
10:03:46,29.31,0.0,59,172935,卖盘
10:03:48,29.32,0.01,112,328321,买盘
10:03:51,29.32,0.0,40,117271,买盘
10:03:54,29.32,0.0,43,126049,买盘
10:03:57,29.31,-0.01,226,662433,卖盘
10:04:01,29.32,0.01,132,386894,买盘
10:04:04,29.31,-0.01,73,213969,卖盘
10:04:07,29.31,0.0,31,90873,卖盘
10:04:10,29.31,0.0,120,351758,卖盘
10:04:12,29.31,0.0,43,126050,卖盘
10:04:16,29.32,0.01,77,225717,买盘
10:04:19,29.32,0.0,76,222768,买盘
10:04:22,29.32,0.0,35,102599,买盘
10:04:24,29.31,-0.01,38,111391,卖盘
10:04:27,29.31,0.0,573,1680112,卖盘
10:04:30,29.32,0.01,258,756557,买盘
10:04:34,29.32,0.0,193,566040,卖盘
10:04:37,29.32,0.0,44,129009,卖盘
10:04:40,29.33,0.01,395,1158200,买盘
10:04:43,29.33,0.0,16,46928,卖盘
10:04:46,29.34,0.01,85,249307,买盘
10:04:49,29.33,-0.01,284,832710,卖盘
10:04:51,29.33,0.0,135,395823,买盘
10:04:55,29.33,0.0,67,196487,买盘
10:04:57,29.33,0.0,72,211175,买盘
10:05:00,29.34,0.01,151,442898,买盘
10:05:05,29.33,-0.01,315,924173,卖盘
10:05:07,29.36,0.03,1234,3621757,买盘
10:05:09,29.35,-0.01,491,1440573,卖盘
10:05:13,29.36,0.01,28,82181,买盘
10:05:15,29.36,0.0,72,211367,买盘
10:05:19,29.34,-0.02,378,1109310,卖盘
10:05:21,29.36,0.02,138,404991,买盘
10:05:24,29.35,-0.01,35,102729,中性盘
10:05:27,29.34,-0.01,47,137948,卖盘
10:05:31,29.35,0.01,131,384378,中性盘
10:05:33,29.36,0.01,199,584260,买盘
10:05:36,29.35,-0.01,48,140910,卖盘
10:05:39,29.37,0.02,127,372817,买盘
10:05:42,29.36,-0.01,8,23485,中性盘
10:05:45,29.35,-0.01,37,108576,卖盘
10:05:48,29.35,0.0,93,272989,买盘
10:05:51,29.38,0.03,674,1979930,买盘
10:05:55,29.35,-0.03,74,217208,卖盘
10:05:58,29.35,0.0,45,132111,卖盘
10:06:00,29.38,0.03,369,1083507,买盘
10:06:04,29.35,-0.03,250,734424,卖盘
10:06:07,29.35,0.0,4,11741,卖盘
10:06:10,29.35,0.0,157,460801,卖盘
10:06:12,29.36,0.01,220,645882,买盘
10:06:15,29.36,0.0,400,1174120,买盘
10:06:18,29.36,0.0,275,807170,买盘
10:06:22,29.36,0.0,13,38168,买盘
10:06:25,29.36,0.0,495,1453293,买盘
10:06:27,29.36,0.0,428,1256715,买盘
10:06:31,29.36,0.0,339,995036,买盘
10:06:33,29.35,-0.01,169,496039,卖盘
10:06:37,29.36,0.01,211,619352,买盘
10:06:39,29.36,0.0,223,654402,买盘
10:06:42,29.37,0.01,471,1383233,买盘
10:06:45,29.34,-0.03,1045,3069281,卖盘
10:06:48,29.33,-0.01,508,1490475,卖盘
10:06:51,29.37,0.04,11,32317,卖盘
10:06:54,29.37,0.0,28,82227,买盘
10:06:57,29.34,-0.03,29,85149,卖盘
10:07:00,29.37,0.03,125,366768,买盘
10:07:05,29.34,-0.03,383,1123749,卖盘
10:07:06,29.34,0.0,30,88020,买盘
10:07:09,29.34,0.0,81,237605,买盘
10:07:12,29.34,0.0,58,170150,买盘
10:07:16,29.34,0.0,422,1237734,买盘
10:07:19,29.33,-0.01,272,797804,卖盘
10:07:21,29.34,0.01,49,143735,买盘
10:07:24,29.34,0.0,386,1132496,买盘
10:07:28,29.34,0.0,270,792182,买盘
10:07:30,29.32,-0.02,740,2170264,卖盘
10:07:34,29.34,0.02,42,123229,买盘
10:07:37,29.34,0.0,43,126162,卖盘
10:07:40,29.33,-0.01,150,440081,卖盘
10:07:42,29.33,0.0,231,677492,买盘
10:07:45,29.32,-0.01,63,184738,卖盘
10:07:49,29.32,0.0,106,310842,卖盘
10:07:52,29.35,0.03,33,96821,买盘
10:07:55,29.34,-0.01,40,117324,中性盘
10:07:57,29.33,-0.01,19,55737,卖盘
10:08:00,29.35,0.02,55,161359,买盘
10:08:04,29.33,-0.02,91,267002,卖盘
10:08:06,29.34,0.01,35,102657,中性盘
10:08:10,29.33,-0.01,80,234653,卖盘
10:08:13,29.34,0.01,13,38141,买盘
10:08:15,29.34,0.0,93,272837,买盘
10:08:18,29.33,-0.01,122,357929,卖盘
10:08:21,29.34,0.01,217,636577,卖盘
10:08:25,29.35,0.01,98,287545,买盘
10:08:27,29.34,-0.01,221,648434,卖盘
10:08:30,29.35,0.01,154,451779,买盘
10:08:33,29.34,-0.01,43,126170,卖盘
10:08:36,29.34,0.0,123,360781,买盘
10:08:39,29.34,0.0,115,337313,买盘
10:08:42,29.34,0.0,136,399027,买盘
10:08:46,29.33,-0.01,146,428407,卖盘
10:08:49,29.33,0.0,164,481068,卖盘
10:08:52,29.33,0.0,20,58677,卖盘
10:08:55,29.33,0.0,38,111467,卖盘
10:08:58,29.34,0.01,37,108582,卖盘
10:09:00,29.34,0.0,118,346206,卖盘
10:09:04,29.34,0.0,75,220066,卖盘
10:09:06,29.35,0.01,42,123226,买盘
10:09:09,29.35,0.0,160,469599,买盘
10:09:12,29.36,0.01,23,67506,买盘
10:09:15,29.36,0.0,42,123273,买盘
10:09:18,29.35,-0.01,111,325827,卖盘
10:09:21,29.36,0.01,21,61644,中性盘
10:09:24,29.36,0.0,78,228962,买盘
10:09:27,29.36,0.0,73,214303,买盘
10:09:30,29.36,0.0,132,387564,卖盘
10:09:33,29.36,0.0,58,170315,卖盘
10:09:36,29.37,0.01,4,11746,买盘
10:09:39,29.37,0.0,61,179112,卖盘
10:09:43,29.38,0.01,11,32312,买盘
10:09:45,29.38,0.0,40,117496,买盘
10:09:48,29.36,-0.02,99,290777,卖盘
10:09:52,29.37,0.01,75,220309,卖盘
10:09:55,29.38,0.01,116,340788,买盘
10:09:57,29.39,0.01,170,499601,买盘
10:10:00,29.4,0.01,59,173403,买盘
10:10:05,29.39,-0.01,41,120500,卖盘
10:10:07,29.4,0.01,40,117595,买盘
10:10:10,29.4,0.0,465,1366672,买盘
10:10:12,29.39,-0.01,183,537973,中性盘
10:10:16,29.4,0.01,116,339061,买盘
10:10:19,29.4,0.0,142,417480,卖盘
10:10:21,29.39,-0.01,8,25367,卖盘
10:10:24,29.4,0.01,57,167555,买盘
10:10:27,29.39,-0.01,92,270456,卖盘
10:10:30,29.39,0.0,99,290992,卖盘
10:10:34,29.4,0.01,29,85244,买盘
10:10:37,29.39,-0.01,111,326257,卖盘
10:10:39,29.4,0.01,229,673167,买盘
10:10:42,29.4,0.0,526,1545938,买盘
10:10:46,29.39,-0.01,93,273388,卖盘
10:10:49,29.4,0.01,249,731779,买盘
10:10:52,29.38,-0.02,88,258650,卖盘
10:10:54,29.38,0.0,107,314538,卖盘
10:10:57,29.38,0.0,105,308572,卖盘
10:11:00,29.38,0.0,85,249737,卖盘
10:11:05,29.38,0.0,56,164495,买盘
10:11:07,29.38,0.0,68,199750,买盘
10:11:09,29.38,0.0,82,240850,买盘
10:11:13,29.38,0.0,48,141024,买盘
10:11:15,29.38,0.0,45,132169,买盘
10:11:18,29.37,-0.01,85,249657,卖盘
10:11:21,29.37,0.0,224,657919,卖盘
10:11:24,29.38,0.01,270,793203,买盘
10:11:27,29.37,-0.01,24,70488,买盘
10:11:30,29.38,0.01,300,881112,买盘
10:11:33,29.39,0.01,30,88141,买盘
10:11:36,29.38,-0.01,34,99879,卖盘
10:11:40,29.37,-0.01,119,349515,卖盘
10:11:42,29.38,0.01,92,270253,买盘
10:11:46,29.38,0.0,74,217387,买盘
10:11:49,29.38,0.0,51,149838,卖盘
10:11:51,29.38,0.0,148,434828,卖盘
10:11:55,29.38,0.0,1388,4075471,卖盘
10:11:57,29.38,0.0,101,296738,卖盘
10:12:01,29.38,0.0,609,1789009,卖盘
10:12:04,29.39,0.01,85,249775,中性盘
10:12:07,29.39,0.0,99,290961,卖盘
10:12:09,29.39,0.0,171,502591,卖盘
10:12:12,29.39,0.0,20,58780,卖盘
10:12:16,29.4,0.01,490,1440396,买盘
10:12:19,29.39,-0.01,33,96997,中性盘
10:12:22,29.39,0.0,185,543703,卖盘
10:12:25,29.38,-0.01,78,229215,卖盘
10:12:27,29.38,0.0,36,105796,卖盘
10:12:30,29.38,0.0,118,346796,卖盘
10:12:33,29.39,0.01,209,614443,中性盘
10:12:36,29.4,0.01,235,690843,买盘
10:12:40,29.37,-0.03,234,687622,卖盘
10:12:43,29.39,0.02,4,11757,卖盘
10:12:46,29.39,0.0,39,114623,卖盘
10:12:48,29.38,-0.01,45,132240,卖盘
10:12:52,29.39,0.01,495,1455157,买盘
10:12:55,29.39,0.0,460,1352379,卖盘
10:12:57,29.39,0.0,8,23511,买盘
10:13:00,29.37,-0.02,183,537725,卖盘
10:13:05,29.4,0.03,364,1069881,买盘
10:13:07,29.4,0.0,35,102900,卖盘
10:13:10,29.38,-0.02,63,185173,卖盘
10:13:12,29.39,0.01,422,1238854,买盘
10:13:15,29.39,0.0,122,358457,买盘
10:13:19,29.38,-0.01,28,82245,买盘
10:13:22,29.38,0.0,135,396472,买盘
10:13:25,29.37,-0.01,152,446505,买盘
10:13:27,29.38,0.01,40,117520,中性盘
10:13:30,29.37,-0.01,142,417062,卖盘
10:13:33,29.37,0.0,24,70486,买盘
10:13:36,29.37,0.0,55,161562,卖盘
10:13:39,29.37,0.0,65,190916,卖盘
10:13:43,29.37,0.0,10,29372,卖盘
10:13:46,29.38,0.01,2492,7312458,买盘
10:13:48,29.38,0.0,1,2938,买盘
10:13:51,29.37,-0.01,356,1045551,卖盘
10:13:55,29.37,0.0,65,190867,买盘
10:13:57,29.37,0.0,222,651640,买盘
10:14:00,29.36,-0.01,29,85151,卖盘
10:14:04,29.36,0.0,52,152672,买盘
10:14:07,29.36,0.0,53,155563,买盘
10:14:10,29.34,-0.02,77,226004,卖盘
10:14:13,29.35,0.01,28,82164,买盘
10:14:15,29.35,0.0,32,93920,卖盘
10:14:19,29.35,0.0,44,129140,买盘
10:14:22,29.34,-0.01,84,246465,卖盘
10:14:24,29.35,0.01,78,228862,买盘
10:14:27,29.35,0.0,41,120321,买盘
10:14:30,29.35,0.0,574,1684136,买盘
10:14:34,29.35,0.0,114,334510,买盘
10:14:36,29.35,0.0,96,281683,买盘
10:14:39,29.33,-0.02,175,513382,卖盘
10:14:43,29.35,0.02,26,76296,买盘
10:14:46,29.33,-0.02,121,355005,卖盘
10:14:49,29.35,0.02,272,798279,买盘
10:14:52,29.36,0.01,139,407969,买盘
10:14:54,29.35,-0.01,223,654537,卖盘
10:14:57,29.36,0.01,114,334643,买盘
10:15:00,29.36,0.0,164,481504,卖盘
10:15:04,29.35,-0.01,96,281827,卖盘
10:15:06,29.35,0.0,59,173241,卖盘
10:15:10,29.37,0.02,240,704701,买盘
10:15:13,29.38,0.01,365,1071912,买盘
10:15:15,29.35,-0.03,153,449129,卖盘
10:15:19,29.35,0.0,73,214356,卖盘
10:15:21,29.37,0.02,141,413850,中性盘
10:15:25,29.37,0.0,435,1277965,卖盘
10:15:27,29.37,0.0,61,179115,买盘
10:15:30,29.35,-0.02,207,607632,卖盘
10:15:33,29.35,0.0,117,343470,卖盘
10:15:37,29.36,0.01,67,196651,中性盘
10:15:39,29.34,-0.02,253,742513,卖盘
10:15:43,29.35,0.01,83,243623,中性盘
10:15:46,29.36,0.01,76,223077,买盘
10:15:49,29.35,-0.01,59,173164,卖盘
10:15:52,29.36,0.01,227,666351,买盘
10:15:55,29.37,0.01,87,255447,买盘
10:15:58,29.36,-0.01,88,258370,卖盘
10:16:01,29.37,0.01,193,566717,买盘
10:16:04,29.36,-0.01,179,525588,卖盘
10:16:06,29.36,0.0,172,504927,卖盘
10:16:09,29.35,-0.01,280,821842,卖盘
10:16:12,29.36,0.01,101,296459,买盘
10:16:16,29.35,-0.01,83,243572,卖盘
10:16:18,29.34,-0.01,89,261199,卖盘
10:16:21,29.36,0.02,205,601730,买盘
10:16:25,29.35,-0.01,47,137926,卖盘
10:16:27,29.35,0.0,104,305186,买盘
10:16:30,29.35,0.0,205,601685,卖盘
10:16:33,29.35,0.0,72,211320,卖盘
10:16:37,29.36,0.01,123,361062,买盘
10:16:40,29.34,-0.02,348,1021275,卖盘
10:16:43,29.34,0.0,106,311046,卖盘
10:16:46,29.33,-0.01,268,786341,卖盘
10:16:49,29.35,0.02,204,598701,买盘
10:16:52,29.36,0.01,252,739684,买盘
10:16:54,29.35,-0.01,126,369843,卖盘
10:16:58,29.35,0.0,57,167310,卖盘
10:17:00,29.34,-0.01,262,768871,卖盘
10:17:04,29.36,0.02,104,305275,买盘
10:17:07,29.36,0.0,63,184918,买盘
10:17:09,29.33,-0.03,120,352003,卖盘
10:17:12,29.33,0.0,45,132003,卖盘
10:17:16,29.33,0.0,41,120272,卖盘
10:17:18,29.34,0.01,211,618954,中性盘
10:17:22,29.35,0.01,1360,3990446,买盘
10:17:24,29.35,0.0,126,369818,卖盘
10:17:28,29.35,0.0,286,839384,卖盘
10:17:30,29.36,0.01,630,1849063,买盘
10:17:34,29.35,-0.01,500,1467529,卖盘
10:17:36,29.33,-0.02,232,680633,卖盘
10:17:39,29.33,0.0,507,1487048,卖盘
10:17:42,29.33,0.0,49,143738,卖盘
10:17:45,29.33,0.0,196,574936,卖盘
10:17:48,29.34,0.01,158,463423,买盘
10:17:51,29.34,0.0,251,735964,买盘
10:17:54,29.33,-0.01,147,431120,中性盘
10:17:58,29.34,0.01,57,167184,买盘
10:18:00,29.33,-0.01,161,472223,卖盘
10:18:04,29.35,0.02,938,2752917,买盘
10:18:07,29.35,0.0,155,454925,卖盘
10:18:09,29.35,0.0,298,874634,卖盘
10:18:13,29.36,0.01,332,974431,买盘
10:18:15,29.37,0.01,233,683984,买盘
10:18:18,29.36,-0.01,108,317041,卖盘
10:18:22,29.35,-0.01,196,575279,卖盘
10:18:25,29.35,0.0,33,96864,卖盘
10:18:27,29.37,0.02,117,343516,买盘
10:18:30,29.34,-0.03,171,501775,卖盘
10:18:33,29.36,0.02,217,636652,买盘
10:18:37,29.35,-0.01,107,313980,卖盘
10:18:39,29.33,-0.02,108,316861,卖盘
10:18:43,29.35,0.02,118,346310,中性盘
10:18:45,29.35,0.0,85,249505,卖盘
10:18:49,29.35,0.0,59,173182,卖盘
10:18:51,29.35,0.0,116,340469,卖盘
10:18:55,29.37,0.02,212,622547,买盘
10:18:57,29.35,-0.02,194,569626,卖盘
10:19:01,29.35,0.0,172,504859,卖盘
10:19:04,29.34,-0.01,80,234726,卖盘
10:19:07,29.35,0.01,165,484226,买盘
10:19:09,29.35,0.0,73,214255,卖盘
10:19:12,29.33,-0.02,2741,8041038,卖盘
10:19:16,29.32,-0.01,742,2175567,卖盘
10:19:18,29.31,-0.01,431,1263694,卖盘
10:19:21,29.31,0.0,1494,4380043,卖盘
10:19:24,29.32,0.01,107,313620,中性盘
10:19:28,29.32,0.0,921,2699475,买盘
10:19:30,29.33,0.01,923,2705535,买盘
10:19:33,29.33,0.0,2109,6184465,买盘
10:19:36,29.29,-0.04,3652,10701529,卖盘
10:19:39,29.29,0.0,1222,3578816,卖盘
10:19:43,29.29,0.0,321,940203,买盘
10:19:46,29.28,-0.01,1175,3441165,卖盘
10:19:48,29.28,0.0,179,524240,卖盘
10:19:51,29.28,0.0,485,1420540,卖盘
10:19:54,29.28,0.0,52,152262,卖盘
10:19:57,29.28,0.0,141,412852,卖盘
10:20:00,29.28,0.0,540,1581108,卖盘
10:20:05,29.3,0.02,458,1340842,买盘
10:20:07,29.28,-0.02,223,653036,卖盘
10:20:10,29.29,0.01,161,471390,中性盘
10:20:13,29.28,-0.01,246,720170,中性盘
10:20:16,29.28,0.0,78,228378,卖盘
10:20:18,29.28,0.0,69,202043,卖盘
10:20:21,29.28,0.0,450,1318029,卖盘
10:20:25,29.28,0.0,306,896001,卖盘
10:20:27,29.28,0.0,150,439241,卖盘
10:20:30,29.3,0.02,32,93736,买盘
10:20:33,29.29,-0.01,671,1964841,卖盘
10:20:36,29.29,0.0,113,330945,买盘
10:20:39,29.29,0.0,114,333864,买盘
10:20:42,29.29,0.0,301,881384,买盘
10:20:45,29.28,-0.01,164,480236,卖盘
10:20:48,29.29,0.01,132,386538,买盘
10:20:51,29.28,-0.01,242,708607,卖盘
10:20:55,29.29,0.01,525,1538180,买盘
10:20:58,29.28,-0.01,734,2150106,卖盘
10:21:00,29.29,0.01,243,711638,买盘
10:21:04,29.28,-0.01,764,2237707,卖盘
10:21:07,29.28,0.0,227,664678,卖盘
10:21:10,29.28,0.0,162,474369,卖盘
10:21:12,29.28,0.0,467,1367039,卖盘
10:21:15,29.3,0.02,1137,3330806,买盘
10:21:19,29.29,-0.01,376,1100682,中性盘
10:21:22,29.27,-0.02,1010,2957440,卖盘
10:21:24,29.28,0.01,529,1548474,卖盘
10:21:27,29.27,-0.01,199,582557,卖盘
10:21:31,29.28,0.01,457,1335603,中性盘
10:21:34,29.26,-0.02,830,2428719,卖盘
10:21:36,29.29,0.03,108,316149,买盘
10:21:40,29.27,-0.02,210,614494,卖盘
10:21:42,29.27,0.0,49,143442,买盘
10:21:46,29.27,0.0,178,520903,买盘
10:21:48,29.26,-0.01,241,705224,卖盘
10:21:51,29.26,0.0,325,951004,卖盘
10:21:55,29.26,0.0,114,333594,卖盘
10:21:57,29.26,0.0,122,357009,卖盘
10:22:00,29.27,0.01,118,345336,买盘
10:22:04,29.26,-0.01,837,2449070,卖盘
10:22:07,29.27,0.01,49,143385,买盘
10:22:09,29.26,-0.01,466,1363641,卖盘
10:22:12,29.25,-0.01,483,1413165,卖盘
10:22:15,29.25,0.0,313,915664,卖盘
10:22:18,29.25,0.0,89,260350,卖盘
10:22:22,29.25,0.0,600,1755074,卖盘
10:22:24,29.25,0.0,121,353970,卖盘
10:22:28,29.25,0.0,230,672841,卖盘
10:22:30,29.25,0.0,93,272084,卖盘
10:22:34,29.26,0.01,265,775198,买盘
10:22:37,29.26,0.0,188,549951,买盘
10:22:39,29.25,-0.01,161,470987,卖盘
10:22:43,29.26,0.01,184,538384,卖盘
10:22:46,29.26,0.0,305,892458,卖盘
10:22:48,29.27,0.01,74,216544,买盘
10:22:52,29.27,0.0,250,731518,买盘
10:22:54,29.27,0.0,69,201963,买盘
10:22:57,29.26,-0.01,740,2165258,卖盘
10:23:00,29.25,-0.01,443,1296200,卖盘
10:23:04,29.26,0.01,573,1676115,买盘
10:23:06,29.25,-0.01,187,547189,卖盘
10:23:10,29.25,0.0,2089,6110604,卖盘
10:23:12,29.26,0.01,313,915631,买盘
10:23:16,29.26,0.0,672,1965636,中性盘
10:23:19,29.27,0.01,203,593956,买盘
10:23:22,29.26,-0.01,999,2922790,中性盘
10:23:25,29.26,0.0,10,29262,卖盘
10:23:27,29.26,0.0,312,912877,卖盘
10:23:30,29.27,0.01,87,254601,买盘
10:23:33,29.26,-0.01,338,988788,卖盘
10:23:37,29.24,-0.02,162,473929,卖盘
10:23:39,29.27,0.03,77,225379,买盘
10:23:42,29.25,-0.02,130,380388,卖盘
10:23:46,29.24,-0.01,325,950637,卖盘
10:23:49,29.25,0.01,60,175513,卖盘
10:23:51,29.26,0.01,192,561579,中性盘
10:23:54,29.27,0.01,28,81951,买盘
10:23:57,29.26,-0.01,123,359820,卖盘
10:24:00,29.25,-0.01,71,207720,卖盘
10:24:04,29.25,0.0,234,684464,卖盘
10:24:06,29.26,0.01,125,365750,买盘
10:24:10,29.27,0.01,134,392097,买盘
10:24:12,29.26,-0.01,83,242868,卖盘
10:24:16,29.27,0.01,74,216569,买盘
10:24:18,29.27,0.0,99,289720,买盘
10:24:21,29.27,0.0,208,609811,买盘
10:24:24,29.27,0.0,236,690774,卖盘
10:24:27,29.28,0.01,124,362961,买盘
10:24:30,29.28,0.0,129,377596,买盘
10:24:33,29.28,0.0,131,383480,买盘
10:24:36,29.28,0.0,193,565012,买盘
10:24:39,29.29,0.01,266,778849,买盘
10:24:42,29.29,0.0,1254,3670831,买盘
10:24:46,29.26,-0.03,215,629458,卖盘
10:24:48,29.28,0.02,239,699396,卖盘
10:24:51,29.28,0.0,32,93697,卖盘
10:24:55,29.29,0.01,144,421600,买盘
10:24:58,29.28,-0.01,109,319156,卖盘
10:25:01,29.28,0.0,399,1168255,卖盘
10:25:05,29.28,0.0,135,395233,买盘
10:25:06,29.27,-0.01,421,1232504,卖盘
10:25:09,29.27,0.0,184,538561,卖盘
10:25:12,29.27,0.0,105,307392,买盘
10:25:15,29.27,0.0,59,172694,卖盘
10:25:18,29.27,0.0,113,330755,卖盘
10:25:21,29.27,0.0,110,321975,卖盘
10:25:24,29.27,0.0,90,263461,卖盘
10:25:28,29.28,0.01,65,190276,买盘
10:25:30,29.28,0.0,1064,3115873,买盘
10:25:33,29.27,-0.01,303,886922,卖盘
10:25:36,29.27,0.0,66,193190,卖盘
10:25:39,29.27,0.0,119,348334,买盘
10:25:42,29.27,0.0,63,184408,卖盘
10:25:45,29.27,0.0,144,421396,卖盘
10:25:49,29.27,0.0,188,550276,卖盘
10:25:52,29.27,0.0,125,365846,卖盘
10:25:54,29.27,0.0,62,181474,买盘
10:25:57,29.26,-0.01,338,989406,卖盘
10:26:00,29.27,0.01,186,544333,买盘
10:26:04,29.27,0.0,155,453664,买盘
10:26:07,29.27,0.0,199,582469,卖盘
10:26:09,29.27,0.0,202,591254,卖盘
10:26:13,29.27,0.0,55,160985,卖盘
10:26:15,29.27,0.0,345,1009872,卖盘
10:26:18,29.26,-0.01,38,111218,卖盘
10:26:21,29.27,0.01,233,681841,买盘
10:26:24,29.26,-0.01,17,49756,卖盘
10:26:28,29.26,0.0,140,409688,卖盘
10:26:30,29.27,0.01,145,424354,买盘
10:26:33,29.27,0.0,87,254589,买盘
10:26:36,29.26,-0.01,114,333619,卖盘
10:26:39,29.26,0.0,203,594147,卖盘
10:26:43,29.26,0.0,79,231165,卖盘
10:26:46,29.26,0.0,259,757843,卖盘
10:26:49,29.26,0.0,176,515000,卖盘
10:26:51,29.26,0.0,1553,4546450,卖盘
10:26:55,29.26,0.0,510,1492263,卖盘
10:26:57,29.26,0.0,137,400916,卖盘
10:27:00,29.28,0.02,78,228237,买盘
10:27:04,29.26,-0.02,113,330656,卖盘
10:27:06,29.26,0.0,109,318952,卖盘
10:27:09,29.26,0.0,80,234128,卖盘
10:27:13,29.26,0.0,45,131670,卖盘
10:27:15,29.26,0.0,149,436083,卖盘
10:27:19,29.28,0.02,35,102448,买盘
10:27:22,29.26,-0.02,468,1369414,卖盘
10:27:25,29.26,0.0,220,643845,卖盘
10:27:27,29.26,0.0,118,345343,卖盘
10:27:30,29.28,0.02,344,1006599,买盘
10:27:34,29.28,0.0,403,1178894,买盘
10:27:36,29.27,-0.01,178,520994,中性盘
10:27:39,29.28,0.01,3928,11491355,买盘
10:27:42,29.26,-0.02,81,237006,中性盘
10:27:46,29.23,-0.03,933,2729937,卖盘
10:27:49,29.23,0.0,257,751272,卖盘
10:27:51,29.27,0.04,145,424199,买盘
10:27:55,29.25,-0.02,34,99494,中性盘
10:27:57,29.24,-0.01,41,119910,卖盘
10:28:00,29.24,0.0,30,87737,卖盘
10:28:05,29.25,0.01,446,1303780,买盘
10:28:07,29.24,-0.01,31,90619,中性盘
10:28:09,29.24,0.0,156,456030,买盘
10:28:12,29.25,0.01,41,119871,买盘
10:28:15,29.24,-0.01,106,309924,卖盘
10:28:18,29.23,-0.01,141,412280,卖盘
10:28:21,29.24,0.01,97,283586,中性盘
10:28:25,29.23,-0.01,615,1797749,卖盘
10:28:28,29.23,0.0,272,795064,卖盘
10:28:31,29.23,0.0,517,1508381,卖盘
10:28:34,29.23,0.0,498,1455210,买盘
10:28:37,29.21,-0.02,6573,19198875,卖盘
10:28:39,29.22,0.01,1456,4251839,买盘
10:28:43,29.2,-0.02,1904,5559852,卖盘
10:28:45,29.21,0.01,388,1133029,中性盘
10:28:49,29.2,-0.01,928,2709724,卖盘
10:28:51,29.2,0.0,409,1194015,买盘
10:28:54,29.19,-0.01,863,2519076,卖盘
10:28:58,29.2,0.01,1306,3812296,买盘
10:29:01,29.19,-0.01,303,884304,卖盘
10:29:05,29.19,0.0,129,376596,卖盘
10:29:07,29.19,0.0,147,429059,卖盘
10:29:10,29.2,0.01,1040,3036195,买盘
10:29:13,29.21,0.01,108,315362,买盘
10:29:15,29.2,-0.01,242,706650,卖盘
10:29:18,29.21,0.01,149,435103,买盘
10:29:22,29.2,-0.01,361,1054199,卖盘
10:29:24,29.19,-0.01,138,402954,卖盘
10:29:27,29.2,0.01,113,329888,买盘
10:29:31,29.2,0.0,85,248145,买盘
10:29:33,29.21,0.01,201,586921,买盘
10:29:36,29.2,-0.01,275,803003,卖盘
10:29:39,29.21,0.01,101,294989,买盘
10:29:42,29.21,0.0,161,470145,买盘
10:29:45,29.2,-0.01,21,61328,卖盘
10:29:49,29.21,0.01,151,441041,买盘
10:29:51,29.21,0.0,97,283318,买盘
10:29:55,29.22,0.01,253,738977,买盘
10:29:57,29.21,-0.01,130,379775,卖盘
10:30:01,29.21,0.0,493,1440083,卖盘
10:30:04,29.22,0.01,257,750733,买盘
10:30:07,29.22,0.0,73,213253,买盘
10:30:09,29.22,0.0,408,1192145,买盘
10:30:13,29.22,0.0,897,2620205,卖盘
10:30:15,29.21,-0.01,76,222025,中性盘
10:30:19,29.22,0.01,1731,5058640,买盘
10:30:21,29.23,0.01,32,93508,买盘
10:30:24,29.23,0.0,111,324442,买盘
10:30:27,29.21,-0.02,194,566799,卖盘
10:30:31,29.22,0.01,31,90578,买盘
10:30:34,29.21,-0.01,260,759537,卖盘
10:30:36,29.23,0.02,110,321410,买盘
10:30:40,29.22,-0.01,47,137317,中性盘
10:30:42,29.22,0.0,336,981500,买盘
10:30:46,29.22,0.0,62,181149,买盘
10:30:48,29.21,-0.01,53,154835,卖盘
10:30:51,29.23,0.02,54,157809,买盘
10:30:55,29.22,-0.01,101,295148,卖盘
10:30:57,29.22,0.0,77,225005,卖盘
10:31:00,29.22,0.0,76,222055,卖盘
10:31:04,29.21,-0.01,407,1189189,卖盘
10:31:07,29.22,0.01,46,134396,买盘
10:31:09,29.22,0.0,286,835507,买盘
10:31:13,29.22,0.0,76,222035,买盘
10:31:15,29.22,0.0,266,777124,买盘
10:31:18,29.21,-0.01,196,572529,卖盘
10:31:21,29.22,0.01,32,93507,卖盘
10:31:24,29.22,0.0,91,265903,卖盘
10:31:27,29.22,0.0,63,184087,卖盘
10:31:31,29.23,0.01,89,260069,买盘
10:31:34,29.22,-0.01,45,131480,卖盘
10:31:36,29.22,0.0,108,315548,买盘
10:31:40,29.22,0.0,86,251264,买盘
10:31:42,29.21,-0.01,129,376872,卖盘
10:31:45,29.21,0.0,74,216176,卖盘
10:31:49,29.22,0.01,101,295088,买盘
10:31:52,29.21,-0.01,167,487833,卖盘
10:31:54,29.22,0.01,72,210345,买盘
10:31:58,29.23,0.01,519,1519659,买盘
10:32:00,29.23,0.0,31,90613,卖盘
10:32:05,29.25,0.02,1289,3769694,买盘
10:32:06,29.23,-0.02,170,497241,中性盘
10:32:09,29.21,-0.02,38,111032,卖盘
10:32:12,29.23,0.02,24,70158,卖盘
10:32:15,29.25,0.02,71,207467,买盘
10:32:19,29.23,-0.02,108,315614,卖盘
10:32:21,29.22,-0.01,58,169490,卖盘
10:32:24,29.25,0.03,146,426970,买盘
10:32:28,29.22,-0.03,22,64312,卖盘
10:32:31,29.21,-0.01,413,1206487,卖盘
10:32:33,29.23,0.02,24,70133,买盘
10:32:36,29.22,-0.01,40,116910,卖盘
10:32:40,29.23,0.01,33,96429,买盘
10:32:43,29.23,0.0,77,225071,卖盘
10:32:45,29.23,0.0,7,20461,卖盘
10:32:48,29.23,0.0,111,324533,卖盘
10:32:52,29.23,0.0,30,87691,买盘
10:32:55,29.23,0.0,74,216302,卖盘
10:32:57,29.22,-0.01,67,195792,卖盘
10:33:00,29.25,0.03,156,456036,买盘
10:33:04,29.25,0.0,60,175403,买盘
10:33:06,29.25,0.0,20,58464,买盘
10:33:09,29.25,0.0,47,137419,买盘
10:33:12,29.23,-0.02,99,289479,卖盘
10:33:16,29.23,0.0,68,198778,卖盘
10:33:18,29.25,0.02,205,599563,买盘
10:33:21,29.23,-0.02,79,230995,卖盘
10:33:24,29.25,0.02,36,105280,买盘
10:33:27,29.25,0.0,53,155006,买盘
10:33:30,29.25,0.0,125,365545,买盘
10:33:34,29.25,0.0,54,157914,买盘
10:33:37,29.24,-0.01,96,280746,卖盘
10:33:40,29.25,0.01,130,380221,买盘
10:33:42,29.25,0.0,65,190098,买盘
10:33:45,29.25,0.0,91,266175,卖盘
10:33:48,29.25,0.0,46,134557,卖盘
10:33:52,29.25,0.0,42,122865,卖盘
10:33:54,29.26,0.01,89,260360,买盘
10:33:58,29.25,-0.01,93,272085,卖盘
10:34:01,29.26,0.01,37,108254,买盘
10:34:04,29.26,0.0,149,435852,买盘
10:34:07,29.25,-0.01,83,242834,卖盘
10:34:10,29.26,0.01,68,198912,买盘
10:34:12,29.26,0.0,120,351104,买盘
10:34:15,29.26,0.0,36,105319,买盘
10:34:19,29.26,0.0,123,359869,买盘
10:34:21,29.26,0.0,24,70212,买盘
10:34:24,29.25,-0.01,175,512001,卖盘
10:34:28,29.25,0.0,103,301314,卖盘
10:34:30,29.27,0.02,306,895618,买盘
10:34:33,29.25,-0.02,71,207687,卖盘
10:34:37,29.26,0.01,101,295626,卖盘
10:34:39,29.26,0.0,202,591048,卖盘
10:34:43,29.28,0.02,39,114117,买盘
10:34:46,29.26,-0.02,63,184350,卖盘
10:34:48,29.28,0.02,88,257531,买盘
10:34:51,29.26,-0.02,73,213622,卖盘
10:34:55,29.28,0.02,308,901715,买盘
10:34:57,29.28,0.0,46,134688,卖盘
10:35:01,29.28,0.0,11,32208,卖盘
10:35:04,29.28,0.0,198,579746,卖盘
10:35:07,29.28,0.0,341,998449,卖盘
10:35:09,29.26,-0.02,246,720238,卖盘
10:35:13,29.28,0.02,30,87824,买盘
10:35:15,29.28,0.0,306,895968,买盘
10:35:19,29.28,0.0,136,398161,买盘
10:35:21,29.28,0.0,151,442128,卖盘
10:35:24,29.28,0.0,94,275234,卖盘
10:35:28,29.28,0.0,22,64425,卖盘
10:35:30,29.29,0.01,71,207904,买盘
10:35:34,29.29,0.0,17,49780,买盘
10:35:36,29.29,0.0,341,998463,买盘
10:35:40,29.28,-0.01,126,368928,卖盘
10:35:43,29.28,0.0,109,319200,买盘
10:35:45,29.28,0.0,66,193244,买盘
10:35:49,29.28,0.0,52,152258,买盘
10:35:52,29.28,0.0,276,808388,卖盘
10:35:55,29.29,0.01,39,114224,买盘
10:35:57,29.28,-0.01,57,166925,卖盘
10:36:00,29.3,0.02,2231,6534789,买盘
10:36:04,29.29,-0.01,20,58580,中性盘
10:36:07,29.3,0.01,49,143523,买盘
10:36:10,29.29,-0.01,99,289955,卖盘
10:36:13,29.28,-0.01,24,70304,卖盘
10:36:15,29.29,0.01,15,43937,卖盘
10:36:18,29.29,0.0,38,111332,卖盘
10:36:22,29.28,-0.01,48,140591,卖盘
10:36:24,29.29,0.01,18,52733,中性盘
10:36:28,29.29,0.0,63,184523,卖盘
10:36:30,29.29,0.0,50,146453,卖盘
10:36:33,29.3,0.01,48,140599,买盘
10:36:37,29.3,0.0,170,498020,买盘
10:36:40,29.3,0.0,115,336926,买盘
10:36:43,29.3,0.0,61,178698,买盘
10:36:46,29.29,-0.01,29,84968,卖盘
10:36:48,29.29,0.0,23,67376,卖盘
10:36:51,29.29,0.0,21,61509,卖盘
10:36:55,29.29,0.0,25,73228,卖盘
10:36:57,29.29,0.0,10,29295,卖盘
10:37:01,29.3,0.01,95,278263,买盘
10:37:04,29.29,-0.01,231,676015,卖盘
10:37:07,29.28,-0.01,149,437094,卖盘
10:37:10,29.3,0.02,69,202082,买盘
10:37:12,29.28,-0.02,52,152277,卖盘
10:37:15,29.29,0.01,39,114214,买盘
10:37:18,29.28,-0.01,43,125922,卖盘
10:37:22,29.29,0.01,104,304607,买盘
10:37:25,29.3,0.01,51,149387,买盘
10:37:28,29.29,-0.01,42,123041,卖盘
10:37:31,29.29,0.0,113,330987,卖盘
10:37:34,29.29,0.0,480,1406336,买盘
10:37:36,29.29,0.0,13,38076,买盘
10:37:39,29.29,0.0,52,152282,买盘
10:37:43,29.28,-0.01,12,35140,卖盘
10:37:45,29.29,0.01,31,90776,买盘
10:37:48,29.28,-0.01,43,125941,卖盘
10:37:52,29.28,0.0,411,1203422,卖盘
10:37:55,29.28,0.0,45,131777,卖盘
10:37:58,29.3,0.02,761,2229436,买盘
10:38:00,29.29,-0.01,49,143499,中性盘
10:38:04,29.29,0.0,113,331067,卖盘
10:38:07,29.29,0.0,76,222655,卖盘
10:38:09,29.3,0.01,35,102524,买盘
10:38:13,29.29,-0.01,162,474644,卖盘
10:38:15,29.3,0.01,127,372100,买盘
10:38:19,29.29,-0.01,34,99602,卖盘
10:38:22,29.31,0.02,55,159867,买盘
10:38:25,29.29,-0.02,64,188769,卖盘
10:38:27,29.3,0.01,83,241928,买盘
10:38:30,29.3,0.0,102,298798,卖盘
10:38:34,29.3,0.0,45,131822,卖盘
10:38:37,29.3,0.0,31,90837,买盘
10:38:40,29.3,0.0,42,123066,卖盘
10:38:42,29.3,0.0,33,96700,卖盘
10:38:46,29.3,0.0,174,509792,卖盘
10:38:48,29.3,0.0,79,231470,买盘
10:38:52,29.3,0.0,47,137715,卖盘
10:38:54,29.3,0.0,89,260774,卖盘
10:38:57,29.3,0.0,13,38090,卖盘
10:39:01,29.3,0.0,52,152324,买盘
10:39:04,29.3,0.0,98,287122,买盘
10:39:07,29.3,0.0,38,111307,买盘
10:39:10,29.29,-0.01,52,152319,卖盘
10:39:12,29.3,0.01,49,143530,买盘
10:39:15,29.29,-0.01,49,143522,卖盘
10:39:18,29.29,0.0,34,99611,卖盘
10:39:21,29.29,0.0,90,263660,卖盘
10:39:24,29.3,0.01,23,67378,买盘
10:39:27,29.29,-0.01,19,55663,卖盘
10:39:31,29.29,0.0,117,343124,卖盘
10:39:33,29.28,-0.01,41,119678,卖盘
10:39:37,29.3,0.02,60,176151,买盘
10:39:39,29.29,-0.01,118,345287,卖盘
10:39:43,29.29,0.0,22,64438,卖盘
10:39:45,29.28,-0.01,261,764636,卖盘
10:39:48,29.28,0.0,42,122994,卖盘
10:39:52,29.3,0.02,53,155212,买盘
10:39:55,29.29,-0.01,123,360169,卖盘
10:40:01,29.29,0.0,44,128867,卖盘
10:40:04,29.29,0.0,34,99573,买盘
10:40:07,29.29,0.0,27,79077,买盘
10:40:10,29.28,-0.01,77,225487,卖盘
10:40:12,29.28,0.0,54,158122,卖盘
10:40:16,29.29,0.01,52,152300,买盘
10:40:19,29.28,-0.01,108,316231,卖盘
10:40:22,29.29,0.01,82,240133,买盘
10:40:24,29.29,0.0,45,131792,买盘
10:40:27,29.28,-0.01,50,146415,卖盘
10:40:31,29.29,0.01,66,193251,买盘
10:40:34,29.29,0.0,188,550626,买盘
10:40:37,29.28,-0.01,29,84933,卖盘
10:40:40,29.29,0.01,134,392453,买盘
10:40:42,29.29,0.0,41,120053,买盘
10:40:45,29.29,0.0,32,93698,买盘
10:40:49,29.28,-0.01,101,295740,卖盘
10:40:51,29.29,0.01,8,23426,买盘
10:40:55,29.28,-0.01,164,480266,卖盘
10:40:58,29.28,0.0,386,1130229,卖盘
10:41:01,29.29,0.01,117,342607,买盘
10:41:04,29.29,0.0,41,120073,买盘
10:41:07,29.29,0.0,603,1766187,买盘
10:41:09,29.29,0.0,146,427634,卖盘
10:41:13,29.3,0.01,37,108374,买盘
10:41:16,29.29,-0.01,132,386628,卖盘
10:41:18,29.29,0.0,439,1285780,卖盘
10:41:21,29.28,-0.01,435,1273682,卖盘
10:41:25,29.28,0.0,29,84899,买盘
10:41:28,29.27,-0.01,45,131740,卖盘
10:41:30,29.27,0.0,120,351282,卖盘
10:41:34,29.27,0.0,28,81960,卖盘
10:41:36,29.27,0.0,107,313199,卖盘
10:41:39,29.28,0.01,61,178624,买盘
10:41:43,29.28,0.0,18,52714,中性盘
10:41:46,29.28,0.0,84,245899,中性盘
10:41:49,29.27,-0.01,56,163996,卖盘
10:41:52,29.29,0.02,60,175626,买盘
10:41:55,29.27,-0.02,18,52694,卖盘
10:41:58,29.27,0.0,41,120010,卖盘
10:42:01,29.27,0.0,36,105375,卖盘
10:42:04,29.27,0.0,18,52697,卖盘
10:42:06,29.27,0.0,43,125904,卖盘
10:42:09,29.28,0.01,32,93666,中性盘
10:42:12,29.27,-0.01,365,1068355,卖盘
10:42:15,29.27,0.0,900,2633650,卖盘
10:42:19,29.26,-0.01,218,637705,卖盘
10:42:21,29.26,0.0,482,1409857,买盘
10:42:25,29.26,0.0,691,2021248,买盘
10:42:27,29.26,0.0,330,965594,买盘
10:42:31,29.26,0.0,137,400862,卖盘
10:42:33,29.25,-0.01,253,740213,卖盘
10:42:37,29.25,0.0,31,90655,买盘
10:42:39,29.24,-0.01,146,426938,卖盘
10:42:43,29.24,0.0,247,722228,卖盘
10:42:45,29.24,0.0,73,213427,买盘
10:42:49,29.24,0.0,63,184210,买盘
10:42:51,29.24,0.0,132,385892,买盘
10:42:54,29.24,0.0,26,76023,买盘
10:42:57,29.23,-0.01,14,40929,卖盘
10:43:01,29.23,0.0,28,81846,卖盘
10:43:04,29.24,0.01,61,178310,买盘
10:43:06,29.23,-0.01,12,35081,卖盘
10:43:09,29.23,0.0,59,172462,卖盘
10:43:12,29.24,0.01,1053,3079842,买盘
10:43:15,29.24,0.0,654,1911955,卖盘
10:43:18,29.26,0.02,23,67285,买盘
10:43:22,29.24,-0.02,47,137428,卖盘
10:43:24,29.23,-0.01,29,84781,卖盘
10:43:28,29.24,0.01,142,415208,买盘
10:43:30,29.25,0.01,97,283630,中性盘
10:43:34,29.26,0.01,47,137467,买盘
10:43:37,29.24,-0.02,50,146211,卖盘
10:43:40,29.26,0.02,200,584874,买盘
10:43:42,29.24,-0.02,25,73100,中性盘
10:43:45,29.25,0.01,59,172539,卖盘
10:43:48,29.25,0.0,8,23404,卖盘
10:43:51,29.25,0.0,46,134538,卖盘
10:43:54,29.24,-0.01,73,213513,卖盘
10:43:57,29.25,0.01,48,140395,买盘
10:44:00,29.24,-0.01,70,204719,卖盘
10:44:04,29.25,0.01,37,108222,买盘
10:44:06,29.25,0.0,170,497205,买盘
10:44:09,29.24,-0.01,63,184247,卖盘
10:44:13,29.25,0.01,64,187176,买盘
10:44:15,29.25,0.0,161,470903,买盘
10:44:18,29.25,0.0,71,207675,卖盘
10:44:21,29.25,0.0,85,248640,买盘
10:44:24,29.25,0.0,60,175503,卖盘
10:44:28,29.25,0.0,134,391830,买盘
10:44:31,29.25,0.0,251,734007,买盘
10:44:33,29.25,0.0,48,140389,买盘
10:44:37,29.24,-0.01,670,1959095,卖盘
10:44:39,29.25,0.01,52,152100,买盘
10:44:42,29.25,0.0,127,371475,卖盘
10:44:46,29.25,0.0,15,43876,卖盘
10:44:48,29.26,0.01,419,1225995,买盘
10:44:51,29.26,0.0,69,201894,卖盘
10:44:55,29.25,-0.01,13,38034,卖盘
10:44:57,29.26,0.01,26,76058,中性盘
10:45:00,29.26,0.0,73,213642,卖盘
10:45:04,29.26,0.0,49,143392,卖盘
10:45:06,29.26,0.0,50,146301,卖盘
10:45:09,29.26,0.0,64,187294,卖盘
10:45:12,29.27,0.01,30,87778,买盘
10:45:15,29.25,-0.02,54,157958,卖盘
10:45:18,29.26,0.01,158,462291,买盘
10:45:21,29.25,-0.01,131,383177,卖盘
10:45:24,29.25,0.0,391,1144087,卖盘
10:45:27,29.25,0.0,184,538208,卖盘
10:45:30,29.25,0.0,160,468026,卖盘
10:45:33,29.26,0.01,93,272044,买盘
10:45:36,29.25,-0.01,39,114076,卖盘
10:45:39,29.26,0.01,21,61440,买盘
10:45:43,29.26,0.0,49,143332,买盘
10:45:46,29.24,-0.02,33,96518,卖盘
10:45:49,29.25,0.01,26,76050,中性盘
10:45:51,29.25,0.0,68,198916,卖盘
10:45:54,29.25,0.0,102,298384,卖盘
10:45:58,29.25,0.0,80,234001,卖盘
10:46:01,29.25,0.0,68,198913,卖盘
10:46:04,29.24,-0.01,191,558499,卖盘
10:46:07,29.25,0.01,58,169609,卖盘
10:46:10,29.24,-0.01,63,184223,卖盘
10:46:12,29.25,0.01,117,342191,买盘
10:46:16,29.24,-0.01,106,310001,卖盘
10:46:18,29.24,0.0,32,93597,卖盘
10:46:21,29.24,0.0,54,157924,卖盘
10:46:24,29.23,-0.01,511,1494234,卖盘
10:46:27,29.24,0.01,176,514460,买盘
10:46:30,29.24,0.0,220,643080,买盘
10:46:34,29.22,-0.02,788,2303312,卖盘
10:46:36,29.23,0.01,59,172412,买盘
10:46:40,29.22,-0.01,196,572743,卖盘
10:46:43,29.23,0.01,857,2504210,买盘
10:46:45,29.22,-0.01,203,593093,卖盘
10:46:48,29.22,0.0,235,686482,买盘
10:46:51,29.21,-0.01,168,490745,卖盘
10:46:54,29.21,0.0,118,344763,卖盘
10:46:57,29.22,0.01,68,198680,中性盘
10:47:00,29.22,0.0,72,210379,卖盘
10:47:04,29.22,0.0,219,639908,卖盘
10:47:06,29.22,0.0,78,227917,卖盘
10:47:09,29.22,0.0,69,201618,卖盘
10:47:13,29.22,0.0,55,160700,卖盘
10:47:15,29.22,0.0,47,137337,卖盘
10:47:19,29.23,0.01,26,75989,买盘
10:47:22,29.22,-0.01,63,184088,卖盘
10:47:25,29.21,-0.01,156,455797,卖盘
10:47:28,29.22,0.01,148,432369,卖盘
10:47:30,29.21,-0.01,101,295131,卖盘
10:47:34,29.22,0.01,49,143144,中性盘
10:47:36,29.22,0.0,108,315546,卖盘
10:47:40,29.22,0.0,26,75979,卖盘
10:47:42,29.23,0.01,165,482128,买盘
10:47:45,29.23,0.0,34,99361,买盘
10:47:48,29.22,-0.01,150,438332,卖盘
10:47:52,29.22,0.0,64,187008,卖盘
10:47:55,29.22,0.0,25,73062,卖盘
10:47:58,29.22,0.0,66,192868,卖盘
10:48:00,29.22,0.0,47,137336,卖盘
10:48:04,29.22,0.0,244,712959,卖盘
10:48:07,29.22,0.0,51,148987,买盘
10:48:10,29.22,0.0,121,353504,买盘
10:48:13,29.21,-0.01,146,426523,卖盘
10:48:15,29.22,0.01,110,321378,买盘
10:48:18,29.22,0.0,3,8766,卖盘
10:48:22,29.22,0.0,61,178242,卖盘
10:48:24,29.22,0.0,66,192854,卖盘
10:48:28,29.21,-0.01,311,908659,卖盘
10:48:31,29.21,0.0,49,143146,卖盘
10:48:33,29.22,0.01,161,470350,买盘
10:48:36,29.21,-0.01,127,371024,卖盘
10:48:39,29.21,0.0,1529,4465735,卖盘
10:48:42,29.21,0.0,490,1431116,卖盘
10:48:45,29.21,0.0,471,1375365,买盘
10:48:49,29.21,0.0,71,207352,买盘
10:48:52,29.21,0.0,408,1191631,买盘
10:48:55,29.21,0.0,175,511074,买盘
10:48:57,29.22,0.01,204,595891,买盘
10:49:00,29.22,0.0,228,665908,买盘
10:49:04,29.2,-0.02,1150,3358077,卖盘
10:49:06,29.21,0.01,241,703929,买盘
10:49:09,29.2,-0.01,1509,4406762,卖盘
10:49:13,29.2,0.0,44,128505,卖盘
10:49:15,29.2,0.0,368,1074417,卖盘
10:49:18,29.2,0.0,34,99284,卖盘
10:49:21,29.21,0.01,312,911008,买盘
10:49:24,29.21,0.0,9,26289,买盘
10:49:27,29.21,0.0,107,312450,买盘
10:49:30,29.21,0.0,79,230734,买盘
10:49:34,29.21,0.0,62,181052,买盘
10:49:37,29.2,-0.01,103,300783,卖盘
10:49:39,29.2,0.0,104,303758,卖盘
10:49:42,29.19,-0.01,721,2105303,卖盘
10:49:45,29.19,0.0,118,344546,卖盘
10:49:48,29.2,0.01,225,656848,买盘
10:49:52,29.2,0.0,368,1074344,买盘
10:49:55,29.19,-0.01,169,493343,卖盘
10:49:58,29.19,0.0,539,1573790,卖盘
10:50:00,29.2,0.01,249,726896,买盘
10:50:04,29.2,0.0,664,1938529,卖盘
10:50:07,29.2,0.0,351,1024666,买盘
10:50:09,29.19,-0.01,588,1716467,卖盘
10:50:13,29.2,0.01,111,324120,中性盘
10:50:15,29.2,0.0,300,875837,卖盘
10:50:18,29.21,0.01,77,224850,买盘
10:50:21,29.21,0.0,418,1220599,买盘
10:50:25,29.21,0.0,17,49652,买盘
10:50:27,29.2,-0.01,288,840970,卖盘
10:50:30,29.2,0.0,412,1204633,卖盘
10:50:33,29.2,0.0,152,443851,卖盘
10:50:37,29.2,0.0,144,420497,卖盘
10:50:40,29.19,-0.01,280,817451,卖盘
10:50:43,29.19,0.0,108,315388,卖盘
10:50:46,29.19,0.0,143,417448,卖盘
10:50:48,29.19,0.0,33,96350,卖盘
10:50:51,29.19,0.0,588,1716434,卖盘
10:50:55,29.2,0.01,190,554752,买盘
10:50:57,29.2,0.0,278,811503,买盘
10:51:01,29.18,-0.02,286,834806,卖盘
10:51:04,29.18,0.0,104,303519,卖盘
10:51:07,29.19,0.01,102,297702,买盘
10:51:10,29.18,-0.01,351,1024260,卖盘
10:51:12,29.18,0.0,709,2070042,卖盘
10:51:15,29.18,0.0,400,1167235,卖盘
10:51:18,29.19,0.01,221,644916,买盘
10:51:21,29.18,-0.01,616,1797554,卖盘
10:51:25,29.18,0.0,189,551551,卖盘
10:51:27,29.18,0.0,1387,4047600,卖盘
10:51:31,29.18,0.0,277,808513,卖盘
10:51:33,29.18,0.0,431,1257675,卖盘
10:51:36,29.18,0.0,241,703321,卖盘
10:51:39,29.18,0.0,556,1622421,卖盘
10:51:43,29.19,0.01,369,1077064,买盘
10:51:46,29.19,0.0,216,630314,卖盘
10:51:48,29.17,-0.02,824,2403329,卖盘
10:51:51,29.18,0.01,377,1099871,买盘
10:51:55,29.17,-0.01,177,516393,卖盘
10:51:58,29.17,0.0,151,440480,卖盘
10:52:01,29.17,0.0,379,1105437,卖盘
10:52:05,29.16,-0.01,215,627045,卖盘
10:52:07,29.17,0.01,107,312062,买盘
10:52:10,29.16,-0.01,174,507404,卖盘
10:52:13,29.17,0.01,377,1099536,买盘
10:52:15,29.16,-0.01,562,1638797,卖盘
10:52:19,29.17,0.01,192,559885,买盘
10:52:22,29.16,-0.01,585,1705888,卖盘
10:52:24,29.15,-0.01,339,988629,卖盘
10:52:27,29.15,0.0,294,857149,卖盘
10:52:30,29.15,0.0,297,865823,卖盘
10:52:33,29.16,0.01,234,682148,买盘
10:52:36,29.16,0.0,137,399385,卖盘
10:52:40,29.16,0.0,511,1489742,买盘
10:52:43,29.16,0.0,133,387772,买盘
10:52:45,29.16,0.0,165,481092,卖盘
10:52:48,29.16,0.0,396,1154586,卖盘
10:52:51,29.15,-0.01,329,959134,卖盘
10:52:54,29.16,0.01,543,1583281,买盘
10:52:58,29.15,-0.01,435,1268129,卖盘
10:53:01,29.16,0.01,326,950300,买盘
10:53:04,29.15,-0.01,353,1029017,卖盘
10:53:07,29.15,0.0,156,454756,卖盘
10:53:10,29.15,0.0,353,1029133,卖盘
10:53:13,29.15,0.0,141,411016,卖盘
10:53:15,29.15,0.0,752,2191998,卖盘
10:53:18,29.15,0.0,96,279835,买盘
10:53:22,29.15,0.0,855,2491922,买盘
10:53:25,29.14,-0.01,338,984997,卖盘
10:53:27,29.14,0.0,83,241887,卖盘
10:53:30,29.15,0.01,630,1835888,买盘
10:53:34,29.13,-0.02,216,629387,卖盘
10:53:37,29.15,0.02,165,480872,买盘
10:53:39,29.14,-0.01,289,841979,卖盘
10:53:43,29.14,0.0,179,521594,买盘
10:53:45,29.14,0.0,458,1334348,买盘
10:53:49,29.15,0.01,351,1022881,买盘
10:53:51,29.14,-0.01,459,1337467,卖盘
10:53:54,29.14,0.0,123,358462,卖盘
10:53:58,29.14,0.0,150,437095,卖盘
10:54:00,29.13,-0.01,692,2016285,卖盘
10:54:04,29.14,0.01,184,536195,买盘
10:54:06,29.15,0.01,235,684768,买盘
10:54:10,29.13,-0.02,723,2106534,卖盘
10:54:13,29.13,0.0,277,807071,卖盘
10:54:15,29.14,0.01,514,1497678,买盘
10:54:19,29.14,0.0,245,713757,买盘
10:54:21,29.13,-0.01,528,1538190,卖盘
10:54:24,29.13,0.0,233,678843,卖盘
10:54:28,29.13,0.0,125,364205,卖盘
10:54:31,29.13,0.0,367,1069091,卖盘
10:54:33,29.14,0.01,2606,7588939,买盘
10:54:36,29.13,-0.01,231,672890,卖盘
10:54:39,29.11,-0.02,661,1924442,卖盘
10:54:43,29.11,0.0,174,506679,卖盘
10:54:45,29.11,0.0,1471,4282491,卖盘
10:54:48,29.13,0.02,243,707639,买盘
10:54:52,29.1,-0.03,2010,5849511,卖盘
10:54:55,29.11,0.01,105,305680,中性盘
10:54:57,29.1,-0.01,616,1792789,卖盘
10:55:00,29.11,0.01,230,669538,买盘
10:55:04,29.1,-0.01,175,509405,卖盘
10:55:07,29.11,0.01,283,823635,卖盘
10:55:09,29.09,-0.02,1777,5171268,卖盘
10:55:12,29.09,0.0,642,1867777,卖盘
10:55:16,29.09,0.0,352,1024080,卖盘
10:55:18,29.09,0.0,457,1329672,卖盘
10:55:21,29.1,0.01,489,1422884,买盘
10:55:24,29.08,-0.02,681,1981274,卖盘
10:55:27,29.11,0.03,332,965899,买盘
10:55:31,29.09,-0.02,124,360881,卖盘
10:55:33,29.1,0.01,122,354952,中性盘
10:55:37,29.1,0.0,192,558786,卖盘
10:55:40,29.11,0.01,41,119335,买盘
10:55:43,29.1,-0.01,219,637333,卖盘
10:55:45,29.11,0.01,112,325981,买盘
10:55:49,29.11,0.0,122,355151,买盘
10:55:51,29.11,0.0,222,646258,卖盘
10:55:54,29.1,-0.01,1314,3824098,卖盘
10:55:58,29.11,0.01,761,2214179,买盘
10:56:00,29.12,0.01,208,605312,买盘
10:56:04,29.1,-0.02,397,1155485,卖盘
10:56:07,29.1,0.0,105,305624,卖盘
10:56:10,29.1,0.0,114,331886,卖盘
10:56:12,29.11,0.01,190,552974,中性盘
10:56:16,29.11,0.0,160,465800,卖盘
10:56:18,29.11,0.0,91,264902,卖盘
10:56:21,29.12,0.01,115,334769,买盘
10:56:24,29.11,-0.01,88,256192,卖盘
10:56:27,29.11,0.0,134,390115,卖盘
10:56:31,29.12,0.01,81,235857,买盘
10:56:34,29.11,-0.01,166,483282,卖盘
10:56:36,29.11,0.0,505,1470123,卖盘
10:56:39,29.1,-0.01,190,553034,卖盘
10:56:42,29.11,0.01,1515,4408776,中性盘
10:56:45,29.1,-0.01,225,655038,卖盘
10:56:49,29.11,0.01,326,948749,中性盘
10:56:52,29.1,-0.01,259,753916,卖盘
10:56:55,29.11,0.01,53,154286,买盘
10:56:57,29.11,0.0,133,387058,中性盘
10:57:01,29.11,0.0,52,151378,买盘
10:57:05,29.09,-0.02,1556,4527509,卖盘
10:57:07,29.11,0.02,113,328943,买盘
10:57:10,29.11,0.0,354,1029918,卖盘
10:57:13,29.11,0.0,305,887767,卖盘
10:57:15,29.1,-0.01,126,366733,卖盘
10:57:18,29.11,0.01,52,151384,中性盘
10:57:21,29.11,0.0,69,200886,卖盘
10:57:24,29.1,-0.01,54,157176,卖盘
10:57:28,29.11,0.01,109,317271,买盘
10:57:31,29.11,0.0,48,139716,买盘
10:57:33,29.11,0.0,428,1245565,买盘
10:57:36,29.1,-0.01,112,326030,卖盘
10:57:39,29.12,0.02,220,640346,买盘
10:57:42,29.11,-0.01,222,646114,中性盘
10:57:46,29.1,-0.01,148,430732,卖盘
10:57:49,29.11,0.01,42,122248,买盘
10:57:52,29.11,0.0,294,856037,卖盘
10:57:55,29.12,0.01,152,442544,买盘
10:57:58,29.11,-0.01,110,320305,卖盘
10:58:00,29.12,0.01,36,104815,中性盘
10:58:05,29.11,-0.01,172,500707,卖盘
10:58:07,29.11,0.0,56,163049,卖盘
10:58:09,29.12,0.01,56,163003,买盘
10:58:13,29.11,-0.01,260,756761,卖盘
10:58:16,29.11,0.0,106,308576,卖盘
10:58:19,29.12,0.01,151,439579,买盘
10:58:21,29.1,-0.02,125,363859,卖盘
10:58:25,29.11,0.01,75,218325,买盘
10:58:28,29.12,0.01,159,462849,买盘
10:58:30,29.12,0.0,34,99009,卖盘
10:58:34,29.12,0.0,113,329019,卖盘
10:58:36,29.11,-0.01,39,113546,卖盘
10:58:39,29.13,0.02,141,410577,买盘
10:58:42,29.12,-0.01,189,550368,卖盘
10:58:45,29.11,-0.01,144,419348,卖盘
10:58:49,29.11,0.0,43,125180,卖盘
10:58:52,29.11,0.0,353,1027637,卖盘
10:58:54,29.1,-0.01,1229,3576552,卖盘
10:58:58,29.1,0.0,368,1071664,卖盘
10:59:00,29.11,0.01,241,701427,中性盘
10:59:04,29.11,0.0,369,1073931,卖盘
10:59:07,29.11,0.0,51,148479,卖盘
10:59:10,29.11,0.0,226,657947,卖盘
10:59:12,29.1,-0.01,305,887915,卖盘
10:59:16,29.11,0.01,18,52413,中性盘
10:59:18,29.11,0.0,108,314413,卖盘
10:59:22,29.1,-0.01,197,573562,卖盘
10:59:24,29.12,0.02,70,203817,中性盘
10:59:28,29.11,-0.01,201,585135,卖盘
10:59:30,29.12,0.01,30,87337,买盘
10:59:33,29.12,0.0,206,599500,买盘
10:59:36,29.12,0.0,49,142655,买盘
10:59:39,29.12,0.0,98,285320,买盘
10:59:42,29.11,-0.01,29,84446,卖盘
10:59:45,29.12,0.01,86,250385,买盘
10:59:49,29.11,-0.01,604,1757855,卖盘
10:59:52,29.11,0.0,214,622843,卖盘
10:59:55,29.12,0.01,489,1423194,买盘
10:59:57,29.11,-0.01,163,474499,卖盘
11:00:00,29.12,0.01,85,247459,买盘
11:00:05,29.11,-0.01,523,1522715,卖盘
11:00:06,29.11,0.0,200,582275,卖盘
11:00:10,29.1,-0.01,1335,3884889,卖盘
11:00:12,29.09,-0.01,500,1455105,卖盘
11:00:15,29.09,0.0,244,709961,卖盘
11:00:19,29.13,0.04,346,1007793,买盘
11:00:21,29.11,-0.02,14,40754,卖盘
11:00:24,29.11,0.0,182,529638,卖盘
11:00:27,29.1,-0.01,75,218272,卖盘
11:00:31,29.11,0.01,190,552907,买盘
11:00:34,29.1,-0.01,225,654720,卖盘
11:00:36,29.1,0.0,936,2723678,买盘
11:00:39,29.09,-0.01,229,666209,卖盘
11:00:42,29.09,0.0,773,2248731,卖盘
11:00:45,29.1,0.01,436,1268357,买盘
11:00:48,29.1,0.0,685,1992709,买盘
11:00:51,29.08,-0.02,713,2073807,卖盘
11:00:54,29.08,0.0,229,666004,卖盘
11:00:58,29.08,0.0,240,697959,卖盘
11:01:01,29.08,0.0,146,424607,卖盘
11:01:04,29.08,0.0,477,1387355,卖盘
11:01:06,29.08,0.0,349,1014937,卖盘
11:01:10,29.08,0.0,1010,2937168,卖盘
11:01:12,29.08,0.0,704,2047109,卖盘
11:01:15,29.06,-0.02,1405,4083550,卖盘
11:01:18,29.07,0.01,884,2569035,中性盘
11:01:21,29.05,-0.02,579,1682181,卖盘
11:01:24,29.06,0.01,367,1066282,买盘
11:01:28,29.06,0.0,759,2204911,买盘
11:01:30,29.02,-0.04,2041,5925063,卖盘
11:01:33,29.01,-0.01,1162,3372055,卖盘
11:01:36,29.02,0.01,205,594747,买盘
11:01:40,29.01,-0.01,1441,4181954,卖盘
11:01:43,29.01,0.0,320,928368,卖盘
11:01:46,29.02,0.01,1530,4438589,买盘
11:01:48,29.02,0.0,383,1111126,买盘
11:01:51,29.02,0.0,697,2021883,买盘
11:01:54,29.01,-0.01,430,1247504,卖盘
11:01:58,29.0,-0.01,383,1110809,卖盘
11:02:00,29.0,0.0,816,2365416,卖盘
11:02:05,29.0,0.0,2093,6070380,卖盘
11:02:07,29.0,0.0,1832,5313405,卖盘
11:02:10,29.0,0.0,1006,2917547,卖盘
11:02:12,29.0,0.0,870,2523076,卖盘
11:02:16,29.0,0.0,1323,3836944,卖盘
11:02:19,29.0,0.0,522,1514264,卖盘
11:02:21,29.0,0.0,800,2321224,卖盘
11:02:24,29.02,0.02,1418,4112442,中性盘
11:02:28,29.0,-0.02,761,2207233,卖盘
11:02:30,29.01,0.01,413,1198019,卖盘
11:02:33,29.01,0.0,253,733958,卖盘
11:02:36,29.01,0.0,151,438090,买盘
11:02:40,29.01,0.0,219,635395,卖盘
11:02:43,29.02,0.01,148,429505,买盘
11:02:46,29.02,0.0,226,656009,卖盘
11:02:48,29.03,0.01,34,98705,中性盘
11:02:52,29.04,0.01,445,1292122,买盘
11:02:55,29.04,0.0,165,479162,卖盘
11:02:57,29.04,0.0,180,522690,卖盘
11:03:00,29.04,0.0,94,273021,卖盘
11:03:04,29.04,0.0,258,749304,卖盘
11:03:06,29.05,0.01,74,214970,买盘
11:03:09,29.04,-0.01,388,1126954,卖盘
11:03:12,29.04,0.0,770,2236163,卖盘
11:03:15,29.04,0.0,578,1678867,卖盘
11:03:18,29.05,0.01,263,763905,买盘
11:03:21,29.06,0.01,21,61011,买盘
11:03:24,29.05,-0.01,352,1022547,卖盘
11:03:27,29.04,-0.01,133,386396,卖盘
11:03:30,29.04,0.0,128,371847,卖盘
11:03:33,29.04,0.0,224,650593,卖盘
11:03:36,29.06,0.02,256,743762,买盘
11:03:39,29.05,-0.01,132,383548,卖盘
11:03:42,29.05,0.0,114,331203,卖盘
11:03:45,29.06,0.01,115,334187,中性盘
11:03:49,29.07,0.01,63,183108,买盘
11:03:51,29.07,0.0,164,476721,买盘
11:03:55,29.06,-0.01,122,354537,卖盘
11:03:57,29.05,-0.01,132,383518,卖盘
11:04:01,29.06,0.01,41,119175,中性盘
11:04:04,29.06,0.0,289,839683,卖盘
11:04:07,29.05,-0.01,99,287632,卖盘
11:04:09,29.06,0.01,114,331208,中性盘
11:04:12,29.06,0.0,191,555111,卖盘
11:04:15,29.05,-0.01,208,604318,卖盘
11:04:19,29.06,0.01,110,319722,卖盘
11:04:21,29.06,0.0,198,575505,卖盘
11:04:25,29.06,0.0,265,770229,卖盘
11:04:27,29.07,0.01,174,505934,中性盘
11:04:31,29.08,0.01,99,287848,买盘
11:04:34,29.07,-0.01,150,436109,卖盘
11:04:36,29.05,-0.02,505,1467632,卖盘
11:04:39,29.05,0.0,243,706038,卖盘
11:04:43,29.05,0.0,198,575225,卖盘
11:04:46,29.05,0.0,295,857174,卖盘
11:04:48,29.05,0.0,87,252753,卖盘
11:04:51,29.08,0.03,305,886768,买盘
11:04:54,29.05,-0.03,249,723600,卖盘
11:04:58,29.05,0.0,114,331267,卖盘
11:05:00,29.08,0.03,30,87238,买盘
11:05:05,29.06,-0.02,191,555106,卖盘
11:05:07,29.06,0.0,8,23248,卖盘
11:05:10,29.06,0.0,68,197622,卖盘
11:05:12,29.06,0.0,394,1145128,卖盘
11:05:16,29.05,-0.01,240,697380,卖盘
11:05:19,29.05,0.0,98,284754,卖盘
11:05:21,29.05,0.0,425,1235043,卖盘
11:05:25,29.05,0.0,818,2376364,卖盘
11:05:27,29.05,0.0,1119,3250781,卖盘
11:05:30,29.06,0.01,129,374796,买盘
11:05:33,29.05,-0.01,412,1196946,卖盘
11:05:36,29.06,0.01,10,29060,中性盘
11:05:40,29.07,0.01,122,354525,买盘
11:05:43,29.06,-0.01,152,441733,卖盘
11:05:45,29.07,0.01,118,342937,买盘
11:05:48,29.06,-0.01,147,427284,卖盘
11:05:52,29.06,0.0,373,1083977,卖盘
11:05:54,29.06,0.0,226,656858,卖盘
11:05:58,29.07,0.01,154,447622,卖盘
11:06:00,29.08,0.01,69,200637,买盘
11:06:04,29.07,-0.01,204,593041,卖盘
11:06:06,29.08,0.01,97,282004,买盘
11:06:09,29.07,-0.01,47,136611,中性盘
11:06:12,29.06,-0.01,41,119162,卖盘
11:06:16,29.07,0.01,347,1008515,买盘
11:06:19,29.08,0.01,33,95951,买盘
11:06:21,29.07,-0.01,138,401166,卖盘
11:06:24,29.07,0.0,121,351762,卖盘
11:06:27,29.06,-0.01,137,398202,卖盘
11:06:31,29.07,0.01,80,232560,买盘
11:06:34,29.06,-0.01,202,587032,卖盘
11:06:37,29.07,0.01,76,220931,买盘
11:06:39,29.07,0.0,121,351683,买盘
11:06:43,29.08,0.01,49,142444,买盘
11:06:46,29.07,-0.01,296,860577,卖盘
11:06:48,29.07,0.0,66,191885,卖盘
11:06:51,29.08,0.01,74,215120,买盘
11:06:55,29.06,-0.02,98,284874,卖盘
11:06:58,29.07,0.01,54,156952,买盘
11:07:00,29.08,0.01,83,241268,买盘
11:07:04,29.07,-0.01,62,180206,卖盘
11:07:07,29.07,0.0,116,337211,买盘
11:07:10,29.06,-0.01,114,331341,卖盘
11:07:12,29.08,0.02,34,98811,买盘
11:07:15,29.07,-0.01,274,796321,卖盘
11:07:18,29.06,-0.01,117,340042,卖盘
11:07:22,29.06,0.0,210,610429,卖盘
11:07:24,29.07,0.01,229,665651,中性盘
11:07:27,29.06,-0.01,142,412832,卖盘
11:07:30,29.07,0.01,131,380847,中性盘
11:07:33,29.06,-0.01,192,558133,卖盘
11:07:36,29.08,0.02,38,110496,买盘
11:07:40,29.08,0.0,112,325598,买盘
11:07:42,29.08,0.0,50,145390,买盘
11:07:45,29.06,-0.02,117,340058,卖盘
11:07:49,29.06,0.0,383,1113433,卖盘
11:07:52,29.06,0.0,167,485390,卖盘
11:07:55,29.06,0.0,182,528911,卖盘
11:07:57,29.06,0.0,82,238321,卖盘
11:08:00,29.07,0.01,73,212165,买盘
11:08:04,29.06,-0.01,231,671341,卖盘
11:08:07,29.06,0.0,191,555078,卖盘
11:08:10,29.06,0.0,63,183085,卖盘
11:08:13,29.06,0.0,360,1046253,卖盘
11:08:15,29.07,0.01,635,1845688,买盘
11:08:18,29.08,0.01,141,409917,买盘
11:08:21,29.07,-0.01,177,514547,卖盘
11:08:24,29.07,0.0,213,619230,卖盘
11:08:27,29.07,0.0,83,241296,卖盘
11:08:31,29.08,0.01,685,1991965,买盘
11:08:34,29.08,0.0,978,2843951,卖盘
11:08:37,29.09,0.01,836,2431403,买盘
11:08:39,29.07,-0.02,10,29079,中性盘
11:08:42,29.09,0.02,178,517290,买盘
11:08:45,29.07,-0.02,187,543641,卖盘
11:08:48,29.07,0.0,47,136694,卖盘
11:08:52,29.08,0.01,56,162816,买盘
11:08:54,29.07,-0.01,469,1364003,卖盘
11:08:58,29.08,0.01,90,261703,卖盘
11:09:01,29.09,0.01,54,156996,买盘
11:09:04,29.08,-0.01,143,415861,卖盘
11:09:06,29.09,0.01,148,430471,买盘
11:09:09,29.08,-0.01,105,305372,卖盘
11:09:12,29.09,0.01,60,174527,买盘
11:09:15,29.07,-0.02,313,910205,卖盘
11:09:18,29.09,0.02,29,84342,买盘
11:09:21,29.09,0.0,158,459540,买盘
11:09:24,29.09,0.0,719,2090934,买盘
11:09:27,29.09,0.0,218,634128,买盘
11:09:31,29.09,0.0,19,55271,卖盘
11:09:34,29.09,0.0,41,119270,卖盘
11:09:36,29.1,0.01,187,544015,买盘
11:09:39,29.09,-0.01,176,511990,卖盘
11:09:42,29.1,0.01,117,340426,买盘
11:09:46,29.09,-0.01,307,893021,卖盘
11:09:49,29.08,-0.01,252,733076,卖盘
11:09:52,29.09,0.01,133,386910,卖盘
11:09:54,29.09,0.0,213,619621,卖盘
11:09:57,29.09,0.0,95,276381,卖盘
11:10:01,29.09,0.0,177,515018,卖盘
11:10:04,29.09,0.0,133,386943,卖盘
11:10:06,29.08,-0.01,503,1462792,卖盘
11:10:10,29.07,-0.01,539,1567003,卖盘
11:10:12,29.09,0.02,42,122172,买盘
11:10:16,29.07,-0.02,406,1180409,卖盘
11:10:19,29.09,0.02,147,427539,买盘
11:10:21,29.09,0.0,103,299465,卖盘
11:10:24,29.07,-0.02,195,566962,卖盘
11:10:27,29.06,-0.01,16,46500,卖盘
11:10:31,29.08,0.02,336,977075,卖盘
11:10:33,29.07,-0.01,142,412857,卖盘
11:10:36,29.07,0.0,249,723936,卖盘
11:10:40,29.07,0.0,104,302368,卖盘
11:10:42,29.08,0.01,18,52349,卖盘
11:10:45,29.08,0.0,193,561236,卖盘
11:10:48,29.08,0.0,41,119242,卖盘
11:10:51,29.09,0.01,104,302489,买盘
11:10:55,29.08,-0.01,244,709567,卖盘
11:10:57,29.08,0.0,69,200657,卖盘
11:11:00,29.09,0.01,87,253010,买盘
11:11:04,29.08,-0.01,61,177428,卖盘
11:11:06,29.08,0.0,83,241364,卖盘
11:11:09,29.08,0.0,411,1194810,买盘
11:11:13,29.08,0.0,197,572757,买盘
11:11:16,29.07,-0.01,448,1302350,卖盘
11:11:19,29.06,-0.01,152,441890,卖盘
11:11:21,29.08,0.02,2,5817,中性盘
11:11:24,29.07,-0.01,36,104680,卖盘
11:11:27,29.07,0.0,62,180287,卖盘
11:11:30,29.08,0.01,168,488543,买盘
11:11:33,29.08,0.0,133,386719,买盘
11:11:37,29.08,0.0,146,424578,卖盘
11:11:39,29.08,0.0,80,232642,卖盘
11:11:42,29.08,0.0,45,130860,卖盘
11:11:45,29.08,0.0,175,508900,卖盘
11:11:48,29.08,0.0,1776,5166470,卖盘
11:11:51,29.08,0.0,138,401317,卖盘
11:11:54,29.08,0.0,412,1198036,卖盘
11:11:57,29.08,0.0,77,223888,买盘
11:12:01,29.1,0.02,269,782402,买盘
11:12:04,29.1,0.0,32,93120,卖盘
11:12:07,29.11,0.01,84,244364,买盘
11:12:09,29.1,-0.01,16,46560,买盘
11:12:13,29.1,0.0,73,212381,买盘
11:12:15,29.08,-0.02,143,415955,卖盘
11:12:18,29.1,0.02,35,101800,买盘
11:12:22,29.1,0.0,47,136698,卖盘
11:12:24,29.1,0.0,38,110582,卖盘
11:12:27,29.1,0.0,30,87316,卖盘
11:12:30,29.11,0.01,10,29110,买盘
11:12:33,29.11,0.0,98,285200,买盘
11:12:36,29.1,-0.01,211,614114,卖盘
11:12:39,29.11,0.01,48,139728,买盘
11:12:43,29.11,0.0,26,75685,买盘
11:12:45,29.1,-0.01,123,357950,卖盘
11:12:48,29.1,0.0,183,532697,卖盘
11:12:52,29.11,0.01,72,209561,买盘
11:12:55,29.1,-0.01,147,427812,卖盘
11:12:57,29.11,0.01,351,1021744,买盘
11:13:00,29.11,0.0,28,81508,买盘
11:13:04,29.11,0.0,24,69863,买盘
11:13:06,29.11,0.0,102,296897,买盘
11:13:10,29.11,0.0,29,84393,买盘
11:13:12,29.11,0.0,128,372602,买盘
11:13:15,29.11,0.0,55,160115,卖盘
11:13:18,29.11,0.0,198,576396,卖盘
11:13:21,29.12,0.01,20,58235,买盘
11:13:24,29.11,-0.01,50,145575,卖盘
11:13:27,29.12,0.01,39,113568,买盘
11:13:30,29.11,-0.01,31,90253,卖盘
11:13:33,29.12,0.01,147,428139,买盘
11:13:36,29.12,0.0,28,81536,卖盘
11:13:39,29.12,0.0,42,122304,卖盘
11:13:42,29.14,0.02,15,43686,买盘
11:13:46,29.14,0.0,44,128132,买盘
11:13:48,29.12,-0.02,22,64080,卖盘
11:13:51,29.12,0.0,882,2570654,卖盘
11:13:55,29.12,0.0,36,104869,卖盘
11:13:57,29.15,0.03,3,8745,买盘
11:14:01,29.12,-0.03,271,789321,卖盘
11:14:04,29.15,0.03,1052,3066459,买盘
11:14:06,29.14,-0.01,125,364353,卖盘
11:14:09,29.12,-0.02,209,608545,卖盘
11:14:12,29.16,0.04,82,239060,买盘
11:14:15,29.15,-0.01,52,151559,卖盘
11:14:19,29.15,0.0,138,402173,买盘
11:14:21,29.16,0.01,11,32075,买盘
11:14:25,29.16,0.0,45,131215,买盘
11:14:28,29.16,0.0,93,271125,买盘
11:14:31,29.16,0.0,25,72900,卖盘
11:14:33,29.16,0.0,13,37908,卖盘
11:14:36,29.17,0.01,63,183741,买盘
11:14:39,29.16,-0.01,336,980098,卖盘
11:14:43,29.17,0.01,43,125399,中性盘
11:14:45,29.17,0.0,106,309205,买盘
11:14:48,29.18,0.01,185,539546,买盘
11:14:52,29.17,-0.01,190,554147,卖盘
11:14:54,29.16,-0.01,201,586263,中性盘
11:14:57,29.18,0.02,95,277009,买盘
11:15:00,29.18,0.0,64,186635,买盘
11:15:04,29.16,-0.02,298,869106,中性盘
11:15:07,29.17,0.01,139,405313,买盘
11:15:10,29.15,-0.02,110,320843,卖盘
11:15:12,29.15,0.0,75,218650,卖盘
11:15:15,29.15,0.0,88,256624,卖盘
11:15:19,29.16,0.01,156,454767,中性盘
11:15:22,29.17,0.01,60,174961,买盘
11:15:24,29.16,-0.01,125,364400,买盘
11:15:28,29.16,0.0,44,128278,买盘
11:15:31,29.16,0.0,62,180793,买盘
11:15:33,29.17,0.01,71,206991,买盘
11:15:36,29.16,-0.01,49,142884,卖盘
11:15:39,29.16,0.0,18,52488,卖盘
11:15:42,29.17,0.01,122,355772,买盘
11:15:46,29.16,-0.01,120,349946,卖盘
11:15:48,29.17,0.01,86,250820,买盘
11:15:51,29.16,-0.01,41,119550,买盘
11:15:54,29.17,0.01,291,849065,买盘
11:15:58,29.17,0.0,45,131265,卖盘
11:16:01,29.17,0.0,15,43755,卖盘
11:16:04,29.19,0.02,477,1392363,买盘
11:16:07,29.17,-0.02,495,1443999,卖盘
11:16:09,29.16,-0.01,17,49590,卖盘
11:16:12,29.19,0.03,22,64212,买盘
11:16:16,29.19,0.0,43,125457,买盘
11:16:18,29.16,-0.03,144,419931,卖盘
11:16:21,29.18,0.02,54,157513,买盘
11:16:24,29.17,-0.01,23,67091,买盘
11:16:27,29.17,0.0,147,428688,买盘
11:16:31,29.16,-0.01,98,285790,卖盘
11:16:34,29.17,0.01,54,157504,买盘
11:16:37,29.17,0.0,72,209996,买盘
11:16:39,29.17,0.0,350,1020683,买盘
11:16:42,29.17,0.0,370,1079276,买盘
11:16:46,29.17,0.0,562,1639612,卖盘
11:16:48,29.17,0.0,222,648000,卖盘
11:16:51,29.16,-0.01,605,1764960,卖盘
11:16:54,29.17,0.01,275,802922,中性盘
11:16:57,29.19,0.02,86,250972,买盘
11:17:01,29.19,0.0,105,306528,卖盘
11:17:04,29.2,0.01,34,99280,买盘
11:17:07,29.2,0.0,29,84655,买盘
11:17:10,29.16,-0.04,122,355971,卖盘
11:17:12,29.16,0.0,67,195588,卖盘
11:17:16,29.16,0.0,65,189630,卖盘
11:17:18,29.16,0.0,151,440412,卖盘
11:17:21,29.18,0.02,78,227695,中性盘
11:17:24,29.19,0.01,52,151696,买盘
11:17:27,29.18,-0.01,36,105052,卖盘
11:17:30,29.16,-0.02,25,72910,卖盘
11:17:33,29.18,0.02,61,177959,买盘
11:17:36,29.17,-0.01,78,227587,卖盘
11:17:39,29.18,0.01,38,110936,中性盘
11:17:42,29.18,0.0,14,40852,卖盘
11:17:45,29.18,0.0,69,201326,卖盘
11:17:49,29.19,0.01,41,119646,买盘
11:17:52,29.19,0.0,36,105058,买盘
11:17:55,29.19,0.0,70,204288,买盘
11:17:57,29.18,-0.01,56,163438,卖盘
11:18:00,29.18,0.0,28,81718,卖盘
11:18:04,29.19,0.01,34,99242,买盘
11:18:06,29.2,0.01,321,937117,买盘
11:18:09,29.2,0.0,5,14601,卖盘
11:18:13,29.2,0.0,27,78840,卖盘
11:18:16,29.2,0.0,73,213160,卖盘
11:18:19,29.18,-0.02,41,119678,卖盘
11:18:22,29.19,0.01,97,283131,买盘
11:18:25,29.2,0.01,103,300759,买盘
11:18:27,29.19,-0.01,69,201417,卖盘
11:18:30,29.19,0.0,15,43787,卖盘
11:18:33,29.19,0.0,111,324040,卖盘
11:18:36,29.19,0.0,49,143058,卖盘
11:18:39,29.19,0.0,51,148833,买盘
11:18:42,29.19,0.0,23,67125,买盘
11:18:45,29.18,-0.01,68,198454,卖盘
11:18:48,29.19,0.01,48,140111,买盘
11:18:52,29.19,0.0,76,222524,买盘
11:18:54,29.18,-0.01,118,344336,卖盘
11:18:58,29.18,0.0,25,72950,卖盘
11:19:00,29.19,0.01,98,286015,买盘
11:19:04,29.19,0.0,61,178041,买盘
11:19:06,29.19,0.0,87,253927,买盘
11:19:09,29.18,-0.01,75,218865,卖盘
11:19:12,29.18,0.0,96,280136,卖盘
11:19:15,29.18,0.0,71,207198,卖盘
11:19:18,29.18,0.0,161,469831,卖盘
11:19:21,29.19,0.01,58,168407,买盘
11:19:25,29.19,0.0,40,116725,买盘
11:19:27,29.18,-0.01,109,318131,卖盘
11:19:30,29.16,-0.02,801,2336336,卖盘
11:19:33,29.16,0.0,61,177826,买盘
11:19:36,29.15,-0.01,53,154518,卖盘
11:19:39,29.15,0.0,270,787275,卖盘
11:19:42,29.16,0.01,72,209938,买盘
11:19:46,29.15,-0.01,60,174904,卖盘
11:19:49,29.14,-0.01,1302,3794992,卖盘
11:19:52,29.14,0.0,482,1404548,买盘
11:19:54,29.14,0.0,9,26222,买盘
11:19:57,29.13,-0.01,64,186432,卖盘
11:20:00,29.13,0.0,51,148584,卖盘
11:20:05,29.13,0.0,33,96129,卖盘
11:20:07,29.13,0.0,32,93218,卖盘
11:20:10,29.13,0.0,31,90303,买盘
11:20:12,29.13,0.0,31,90309,卖盘
11:20:16,29.13,0.0,34,99027,卖盘
11:20:18,29.13,0.0,154,448482,卖盘
11:20:22,29.12,-0.01,111,325082,卖盘
11:20:25,29.13,0.01,20,58260,买盘
11:20:27,29.13,0.0,103,299976,买盘
11:20:31,29.12,-0.01,54,157279,卖盘
11:20:33,29.12,0.0,4,11648,卖盘
11:20:37,29.13,0.01,505,1471957,卖盘
11:20:39,29.12,-0.01,34,99040,卖盘
11:20:42,29.12,0.0,96,279863,卖盘
11:20:46,29.14,0.02,37,107818,中性盘
11:20:48,29.12,-0.02,32,93215,卖盘
11:20:52,29.13,0.01,56,163090,买盘
11:20:54,29.13,0.0,36,104864,买盘
11:20:57,29.13,0.0,200,582495,买盘
11:21:01,29.13,0.0,142,413646,卖盘
11:21:05,29.13,0.0,39,113609,卖盘
11:21:07,29.13,0.0,63,183689,卖盘
11:21:09,29.12,-0.01,404,1176698,卖盘
11:21:13,29.13,0.01,55,160247,卖盘
11:21:15,29.14,0.01,126,367058,买盘
11:21:18,29.12,-0.02,318,926083,卖盘
11:21:21,29.15,0.03,27,78705,中性盘
11:21:24,29.14,-0.01,37,107823,卖盘
11:21:27,29.13,-0.01,125,364191,卖盘
11:21:30,29.16,0.03,29,84532,买盘
11:21:33,29.15,-0.01,24,69940,中性盘
11:21:37,29.15,0.0,47,136963,卖盘
11:21:39,29.15,0.0,1,2915,买盘
11:21:42,29.15,0.0,32,93256,买盘
11:21:45,29.13,-0.02,214,623398,卖盘
11:21:48,29.13,0.0,34,99045,卖盘
11:21:51,29.14,0.01,32,93235,买盘
11:21:54,29.14,0.0,33,96149,买盘
11:21:57,29.13,-0.01,65,189350,卖盘
11:22:00,29.14,0.01,29,84506,买盘
11:22:04,29.13,-0.01,102,297193,卖盘
11:22:07,29.14,0.01,52,151518,买盘
11:22:10,29.14,0.0,103,300073,买盘
11:22:12,29.14,0.0,29,84494,买盘
11:22:16,29.13,-0.01,4,11652,卖盘
11:22:18,29.13,0.0,161,469112,卖盘
11:22:21,29.15,0.02,136,396198,买盘
11:22:24,29.14,-0.01,87,253520,卖盘
11:22:27,29.15,0.01,13,37885,买盘
11:22:30,29.15,0.0,178,518879,买盘
11:22:33,29.15,0.0,65,189475,卖盘
11:22:37,29.15,0.0,26,75790,卖盘
11:22:39,29.14,-0.01,42,122435,卖盘
11:22:43,29.14,0.0,19,55373,卖盘
11:22:45,29.14,0.0,135,393500,卖盘
11:22:48,29.14,0.0,37,107825,卖盘
11:22:52,29.14,0.0,91,265185,卖盘
11:22:54,29.15,0.01,23,67042,买盘
11:22:57,29.14,-0.01,88,256472,卖盘
11:23:00,29.14,0.0,62,180702,卖盘
11:23:05,29.15,0.01,91,265190,买盘
11:23:07,29.14,-0.01,30,87433,卖盘
11:23:10,29.15,0.01,131,380860,买盘
11:23:12,29.14,-0.01,15,43712,卖盘
11:23:15,29.15,0.01,67,195282,卖盘
11:23:19,29.16,0.01,84,244918,买盘
11:23:21,29.16,0.0,154,448798,买盘
11:23:24,29.16,0.0,48,139897,买盘
11:23:28,29.15,-0.01,111,323559,中性盘
11:23:30,29.15,0.0,60,174942,卖盘
11:23:34,29.15,0.0,71,206983,卖盘
11:23:37,29.15,0.0,72,209881,卖盘
11:23:40,29.15,0.0,28,81625,买盘
11:23:42,29.16,0.01,250,728488,买盘
11:23:45,29.13,-0.03,99,288503,卖盘
11:23:49,29.15,0.02,62,180730,中性盘
11:23:52,29.14,-0.01,51,148612,卖盘
11:23:54,29.16,0.02,128,373248,买盘
11:23:58,29.16,0.0,132,384784,买盘
11:24:00,29.16,0.0,26,75792,卖盘
11:24:04,29.17,0.01,49,142852,买盘
11:24:07,29.16,-0.01,40,116645,卖盘
11:24:10,29.15,-0.01,22,64134,卖盘
11:24:12,29.16,0.01,81,236183,买盘
11:24:15,29.16,0.0,4,11664,卖盘
11:24:18,29.16,0.0,41,119545,卖盘
11:24:21,29.14,-0.02,164,478064,卖盘
11:24:24,29.14,0.0,56,163291,卖盘
11:24:27,29.14,0.0,104,303130,卖盘
11:24:30,29.16,0.02,120,349854,买盘
11:24:34,29.14,-0.02,68,198160,卖盘
11:24:37,29.15,0.01,27,78715,中性盘
11:24:39,29.16,0.01,22,64125,买盘
11:24:42,29.16,0.0,62,180731,买盘
11:24:46,29.14,-0.02,40,116591,卖盘
11:24:48,29.15,0.01,40,116573,中性盘
11:24:51,29.14,-0.01,49,142795,卖盘
11:24:54,29.15,0.01,71,206977,买盘
11:24:58,29.14,-0.01,46,134073,卖盘
11:25:01,29.14,0.0,89,259346,卖盘
11:25:04,29.14,0.0,81,236102,卖盘
11:25:06,29.16,0.02,35,102029,买盘
11:25:10,29.14,-0.02,45,131130,卖盘
11:25:12,29.16,0.02,27,78713,买盘
11:25:15,29.15,-0.01,88,256487,卖盘
11:25:19,29.15,0.0,13,37895,中性盘
11:25:22,29.14,-0.01,157,457498,卖盘
11:25:24,29.13,-0.01,148,431287,卖盘
11:25:27,29.14,0.01,78,227239,买盘
11:25:30,29.13,-0.01,11,32052,卖盘
11:25:33,29.14,0.01,35,101964,买盘
11:25:36,29.13,-0.01,111,323403,卖盘
11:25:39,29.13,0.0,85,247666,卖盘
11:25:42,29.15,0.02,13,37883,买盘
11:25:45,29.14,-0.01,54,157357,卖盘
11:25:49,29.14,0.0,68,198135,卖盘
11:25:52,29.15,0.01,96,279761,买盘
11:25:54,29.13,-0.02,152,442882,卖盘
11:25:57,29.14,0.01,75,218504,买盘
11:26:00,29.14,0.0,92,268015,买盘
11:26:05,29.14,0.0,74,215638,买盘
11:26:07,29.15,0.01,69,201116,买盘
11:26:09,29.14,-0.01,83,241862,卖盘
11:26:13,29.14,0.0,42,122395,卖盘
11:26:15,29.14,0.0,147,428435,卖盘
11:26:19,29.15,0.01,118,343892,买盘
11:26:21,29.13,-0.02,268,780793,卖盘
11:26:24,29.14,0.01,12,34966,中性盘
11:26:28,29.14,0.0,91,265125,卖盘
11:26:31,29.15,0.01,15,43725,买盘
11:26:33,29.14,-0.01,104,303098,卖盘
11:26:36,29.16,0.02,64,186534,买盘
11:26:39,29.14,-0.02,26,75764,卖盘
11:26:42,29.14,0.0,59,171929,卖盘
11:26:45,29.14,0.0,151,440101,卖盘
11:26:48,29.16,0.02,126,367350,买盘
11:26:51,29.14,-0.02,81,236041,卖盘
11:26:54,29.14,0.0,55,160288,卖盘
11:26:57,29.16,0.02,63,183610,买盘
11:27:01,29.14,-0.02,23,67042,卖盘
11:27:04,29.14,0.0,14,40797,卖盘
11:27:07,29.15,0.01,44,128226,中性盘
11:27:10,29.15,0.0,51,148622,买盘
11:27:13,29.15,0.0,121,352713,卖盘
11:27:16,29.15,0.0,47,137005,卖盘
11:27:18,29.16,0.01,65,189484,买盘
11:27:21,29.14,-0.02,263,766600,卖盘
11:27:24,29.14,0.0,73,212779,卖盘
11:27:27,29.15,0.01,109,317638,中性盘
11:27:30,29.14,-0.01,21,61197,卖盘
11:27:33,29.13,-0.01,1310,3816833,卖盘
11:27:36,29.17,0.04,275,801802,买盘
11:27:40,29.12,-0.05,439,1278629,卖盘
11:27:42,29.12,0.0,157,457322,卖盘
11:27:46,29.13,0.01,44,128172,中性盘
11:27:48,29.13,0.0,46,134130,卖盘
11:27:51,29.13,0.0,62,180742,卖盘
11:27:55,29.13,0.0,28,81567,卖盘
11:27:58,29.17,0.04,26,75783,买盘
11:28:01,29.13,-0.04,65,189367,卖盘
11:28:05,29.17,0.04,78,227374,买盘
11:28:06,29.13,-0.04,17,49524,卖盘
11:28:09,29.13,0.0,83,241906,卖盘
11:28:12,29.16,0.03,50,145753,买盘
11:28:15,29.15,-0.01,42,122430,卖盘
11:28:18,29.15,0.0,21,61222,卖盘
11:28:21,29.14,-0.01,241,702426,卖盘
11:28:24,29.15,0.01,110,320633,卖盘
11:28:27,29.15,0.0,89,259369,卖盘
11:28:30,29.15,0.0,111,323648,卖盘
11:28:33,29.15,0.0,159,461943,卖盘
11:28:36,29.16,0.01,36,104971,买盘
11:28:40,29.14,-0.02,125,366027,卖盘
11:28:42,29.17,0.03,29,82950,买盘
11:28:45,29.15,-0.02,120,351506,卖盘
11:28:49,29.15,0.0,66,192436,卖盘
11:28:51,29.15,0.0,63,183605,买盘
11:28:54,29.14,-0.01,86,250638,卖盘
11:28:58,29.14,0.0,67,195272,卖盘
11:29:00,29.15,0.01,239,696681,买盘
11:29:04,29.16,0.01,56,163296,买盘
11:29:07,29.15,-0.01,164,478264,卖盘
11:29:10,29.15,0.0,413,1204613,卖盘
11:29:13,29.17,0.02,16,46645,买盘
11:29:16,29.16,-0.01,194,565541,中性盘
11:29:19,29.16,0.0,358,1043874,卖盘
11:29:21,29.15,-0.01,205,597611,卖盘
11:29:24,29.16,0.01,258,752230,买盘
11:29:28,29.15,-0.01,181,527663,卖盘
11:29:31,29.17,0.02,386,1125229,买盘
11:29:33,29.16,-0.01,163,475313,卖盘
11:29:36,29.16,0.0,57,166213,卖盘
11:29:39,29.17,0.01,89,259533,买盘
11:29:43,29.17,0.0,56,163325,买盘
11:29:45,29.17,0.0,162,472448,买盘
11:29:48,29.17,0.0,205,597787,买盘
11:29:52,29.17,0.0,175,510401,买盘
11:29:54,29.17,0.0,61,177881,买盘
11:29:57,29.16,-0.01,62,180807,卖盘
11:30:00,29.18,0.02,590,1719681,买盘
13:00:01,29.19,0.01,379,1106273,买盘
13:00:04,29.2,0.01,2829,8258613,买盘
13:00:07,29.2,0.0,1253,3658566,买盘
13:00:10,29.19,-0.01,1347,3933026,卖盘
13:00:13,29.2,0.01,561,1638214,中性盘
13:00:15,29.19,-0.01,521,1521422,卖盘
13:00:18,29.19,0.0,213,621962,卖盘
13:00:21,29.19,0.0,419,1223195,卖盘
13:00:24,29.19,0.0,815,2379526,卖盘
13:00:27,29.2,0.01,601,1754633,买盘
13:00:30,29.2,0.0,331,966259,买盘
13:00:33,29.2,0.0,471,1375035,卖盘
13:00:37,29.2,0.0,155,452564,卖盘
13:00:40,29.2,0.0,638,1862404,卖盘
13:00:42,29.2,0.0,100,291999,卖盘
13:00:45,29.18,-0.02,1773,5174077,卖盘
13:00:48,29.17,-0.01,373,1088123,卖盘
13:00:51,29.17,0.0,90,262559,卖盘
13:00:54,29.18,0.01,560,1633325,买盘
13:00:57,29.18,0.0,522,1522890,买盘
13:01:01,29.17,-0.01,221,644790,卖盘
13:01:05,29.18,0.01,834,2432239,买盘
13:01:07,29.17,-0.01,158,460891,卖盘
13:01:10,29.16,-0.01,207,603789,卖盘
13:01:12,29.16,0.0,397,1157891,卖盘
13:01:16,29.17,0.01,170,495920,卖盘
13:01:18,29.17,0.0,59,172103,卖盘
13:01:21,29.18,0.01,457,1333274,买盘
13:01:24,29.17,-0.01,887,2587399,卖盘
13:01:27,29.16,-0.01,477,1391021,卖盘
13:01:31,29.16,0.0,209,609472,卖盘
13:01:34,29.15,-0.01,139,405276,卖盘
13:01:37,29.15,0.0,55,160382,卖盘
13:01:39,29.15,0.0,74,215754,卖盘
13:01:42,29.15,0.0,216,629900,卖盘
13:01:45,29.16,0.01,294,857291,买盘
13:01:48,29.16,0.0,309,901049,卖盘
13:01:52,29.16,0.0,111,323715,卖盘
13:01:54,29.17,0.01,174,507292,买盘
13:01:58,29.15,-0.02,1374,4006082,卖盘
13:02:00,29.14,-0.01,137,399288,卖盘
13:02:05,29.15,0.01,599,1745759,买盘
13:02:07,29.15,0.0,172,501382,卖盘
13:02:10,29.15,0.0,48,139920,卖盘
13:02:13,29.15,0.0,275,801651,卖盘
13:02:15,29.15,0.0,497,1448839,卖盘
13:02:18,29.15,0.0,31,90365,买盘
13:02:21,29.15,0.0,233,679041,买盘
13:02:25,29.15,0.0,398,1159782,买盘
13:02:27,29.14,-0.01,228,664522,卖盘
13:02:31,29.15,0.01,133,387732,买盘
13:02:33,29.15,0.0,133,387697,卖盘
13:02:37,29.15,0.0,132,384800,卖盘
13:02:39,29.15,0.0,93,271099,卖盘
13:02:42,29.15,0.0,230,670330,买盘
13:02:45,29.15,0.0,65,189469,卖盘
13:02:49,29.15,0.0,285,830792,卖盘
13:02:51,29.15,0.0,377,1098978,卖盘
13:02:55,29.15,0.0,59,171998,卖盘
13:02:57,29.15,0.0,526,1533286,买盘
13:03:01,29.16,0.01,382,1113298,买盘
13:03:04,29.15,-0.01,355,1034967,卖盘
13:03:07,29.15,0.0,102,297445,卖盘
13:03:10,29.16,0.01,245,714487,卖盘
13:03:13,29.16,0.0,594,1732530,卖盘
13:03:16,29.17,0.01,51,148755,中性盘
13:03:18,29.16,-0.01,291,848506,卖盘
13:03:21,29.16,0.0,411,1198250,买盘
13:03:24,29.15,-0.01,423,1233283,卖盘
13:03:28,29.16,0.01,119,347051,卖盘
13:03:31,29.17,0.01,185,539568,买盘
13:03:33,29.17,0.0,73,212943,卖盘
13:03:36,29.17,0.0,138,402470,卖盘
13:03:39,29.17,0.0,160,466713,卖盘
13:03:42,29.17,0.0,138,402481,买盘
13:03:46,29.17,0.0,131,382054,买盘
13:03:49,29.16,-0.01,2185,6375047,卖盘
13:03:52,29.17,0.01,752,2193861,卖盘
13:03:54,29.17,0.0,176,513802,买盘
13:03:58,29.18,0.01,125,364928,买盘
13:04:00,29.17,-0.01,153,446429,卖盘
13:04:04,29.17,0.0,224,653477,卖盘
13:04:07,29.19,0.02,38,110910,买盘
13:04:09,29.2,0.01,140,408617,买盘
13:04:13,29.18,-0.02,39,113801,卖盘
13:04:15,29.19,0.01,59,172159,买盘
13:04:18,29.17,-0.02,239,697195,卖盘
13:04:21,29.19,0.02,240,700344,买盘
13:04:24,29.18,-0.01,310,904501,卖盘
13:04:27,29.17,-0.01,377,1097871,卖盘
13:04:30,29.18,0.01,1166,3403132,中性盘
13:04:33,29.17,-0.01,299,872093,卖盘
13:04:36,29.16,-0.01,137,399513,中性盘
13:04:39,29.16,0.0,338,985286,买盘
13:04:42,29.14,-0.02,879,2562550,卖盘
13:04:45,29.14,0.0,156,454779,卖盘
13:04:48,29.14,0.0,606,1765975,卖盘
13:04:51,29.14,0.0,368,1072137,卖盘
13:04:54,29.13,-0.01,584,1701421,卖盘
13:04:58,29.14,0.01,169,492509,中性盘
13:05:00,29.19,0.05,76,221650,买盘
13:05:04,29.15,-0.04,162,472392,卖盘
13:05:07,29.16,0.01,18,52476,买盘
13:05:10,29.15,-0.01,89,259437,卖盘
13:05:12,29.15,0.0,264,770478,卖盘
13:05:16,29.15,0.0,145,421926,卖盘
13:05:18,29.15,0.0,406,1184227,买盘
13:05:21,29.15,0.0,171,496455,卖盘
13:05:24,29.16,0.01,126,367207,买盘
13:05:27,29.16,0.0,156,454762,买盘
13:05:30,29.16,0.0,189,552025,卖盘
13:05:33,29.15,-0.01,403,1174810,卖盘
13:05:37,29.16,0.01,88,256617,中性盘
13:05:40,29.15,-0.01,213,619610,卖盘
13:05:42,29.15,0.0,124,361493,卖盘
13:05:45,29.17,0.02,186,542468,买盘
13:05:48,29.16,-0.01,114,332525,卖盘
13:05:51,29.16,0.0,317,924649,卖盘
13:05:55,29.16,0.0,117,341251,卖盘
13:05:57,29.2,0.04,403,1176233,买盘
13:06:00,29.17,-0.03,4,11665,买盘
13:06:04,29.16,-0.01,319,930756,卖盘
13:06:06,29.16,0.0,13,37909,卖盘
13:06:10,29.17,0.01,231,674001,卖盘
13:06:12,29.18,0.01,136,396850,卖盘
13:06:15,29.17,-0.01,49,142903,卖盘
13:06:18,29.17,0.0,231,673596,买盘
13:06:21,29.16,-0.01,72,209964,卖盘
13:06:24,29.15,-0.01,159,463567,卖盘
13:06:28,29.17,0.02,111,323701,买盘
13:06:30,29.16,-0.01,26,75837,卖盘
13:06:33,29.18,0.02,51,148824,买盘
13:06:36,29.17,-0.01,54,157523,卖盘
13:06:39,29.18,0.01,314,916248,买盘
13:06:42,29.18,0.0,118,344339,卖盘
13:06:45,29.18,0.0,36,105057,卖盘
13:06:49,29.18,0.0,96,280129,卖盘
13:06:51,29.18,0.0,299,872859,卖盘
13:06:55,29.19,0.01,50,145930,买盘
13:06:57,29.21,0.02,594,1734755,买盘
13:07:00,29.21,0.0,85,248095,买盘
13:07:04,29.2,-0.01,3,8760,中性盘
13:07:06,29.19,-0.01,42,122617,卖盘
13:07:10,29.19,0.0,135,394112,卖盘
13:07:12,29.2,0.01,57,166430,中性盘
13:07:16,29.19,-0.01,32,93412,卖盘
13:07:19,29.2,0.01,51,148915,买盘
13:07:21,29.19,-0.01,260,759127,卖盘
13:07:25,29.19,0.0,185,540031,卖盘
13:07:27,29.19,0.0,179,522603,卖盘
13:07:30,29.2,0.01,57,166401,买盘
13:07:33,29.19,-0.01,407,1188484,中性盘
13:07:36,29.19,0.0,20,58387,卖盘
13:07:39,29.2,0.01,87,254045,卖盘
13:07:43,29.19,-0.01,259,756043,卖盘
13:07:45,29.19,0.0,108,315287,卖盘
13:07:48,29.2,0.01,37,108035,买盘
13:07:51,29.2,0.0,51,148906,卖盘
13:07:54,29.2,0.0,125,365000,卖盘
13:07:57,29.2,0.0,87,254084,中性盘
13:08:01,29.21,0.01,104,303758,买盘
13:08:04,29.21,0.0,114,332907,买盘
13:08:06,29.21,0.0,81,236549,买盘
13:08:09,29.21,0.0,204,595884,买盘
13:08:12,29.21,0.0,156,455678,卖盘
13:08:15,29.21,0.0,240,701192,卖盘
13:08:19,29.22,0.01,54,157744,买盘
13:08:21,29.21,-0.01,146,426467,卖盘
13:08:25,29.2,-0.01,196,572556,卖盘
13:08:27,29.21,0.01,337,984566,中性盘
13:08:31,29.2,-0.01,31,90525,卖盘
13:08:33,29.22,0.02,1208,3529520,买盘
13:08:36,29.22,0.0,48,140258,卖盘
13:08:39,29.22,0.0,412,1204007,卖盘
13:08:43,29.22,0.0,7,20457,卖盘
13:08:45,29.23,0.01,107,312663,买盘
13:08:49,29.23,0.0,289,844666,买盘
13:08:51,29.22,-0.01,138,403293,卖盘
13:08:54,29.23,0.01,102,298085,买盘
13:08:57,29.22,-0.01,77,225022,卖盘
13:09:01,29.22,0.0,66,192858,卖盘
13:09:04,29.23,0.01,11,32153,买盘
13:09:07,29.23,0.0,234,683755,买盘
13:09:09,29.22,-0.01,152,444232,卖盘
13:09:13,29.22,0.0,80,233767,卖盘
13:09:16,29.23,0.01,138,403297,买盘
13:09:18,29.23,0.0,27,78916,买盘
13:09:21,29.23,0.0,207,604999,买盘
13:09:25,29.22,-0.01,286,835733,卖盘
13:09:28,29.22,0.0,391,1142590,卖盘
13:09:30,29.22,0.0,113,330274,卖盘
13:09:33,29.22,0.0,210,613697,卖盘
13:09:36,29.22,0.0,44,128598,卖盘
13:09:39,29.23,0.01,144,420850,买盘
13:09:42,29.23,0.0,91,265906,买盘
13:09:46,29.23,0.0,55,160737,买盘
13:09:49,29.22,-0.01,132,385814,卖盘
13:09:51,29.22,0.0,223,651619,卖盘
13:09:54,29.23,0.01,555,1622163,买盘
13:09:57,29.22,-0.01,501,1464141,卖盘
13:10:01,29.21,-0.01,130,379736,卖盘
13:10:04,29.22,0.01,139,406163,买盘
13:10:07,29.22,0.0,92,268799,卖盘
13:10:10,29.23,0.01,1309,3826096,买盘
13:10:12,29.24,0.01,30,87691,买盘
13:10:15,29.24,0.0,294,859389,买盘
13:10:19,29.23,-0.01,55,160785,中性盘
13:10:21,29.23,0.0,70,204586,卖盘
13:10:24,29.23,0.0,173,505696,买盘
13:10:28,29.23,0.0,492,1438095,卖盘
13:10:30,29.22,-0.01,139,406258,卖盘
13:10:34,29.23,0.01,122,356599,中性盘
13:10:36,29.22,-0.01,161,470554,卖盘
13:10:39,29.24,0.02,97,283613,买盘
13:10:42,29.23,-0.01,122,356678,卖盘
13:10:46,29.23,0.0,76,222161,买盘
13:10:49,29.23,0.0,38,111067,卖盘
13:10:51,29.23,0.0,194,567062,卖盘
13:10:54,29.23,0.0,480,1403016,买盘
13:10:57,29.22,-0.01,423,1236268,卖盘
13:11:01,29.23,0.01,94,274737,买盘
13:11:04,29.23,0.0,210,613759,买盘
13:11:07,29.24,0.01,152,444313,买盘
13:11:09,29.24,0.0,197,575852,买盘
13:11:12,29.23,-0.01,92,268916,卖盘
13:11:15,29.23,0.0,116,339088,卖盘
13:11:18,29.25,0.02,1175,3435702,买盘
13:11:21,29.24,-0.01,267,780708,卖盘
13:11:24,29.24,0.0,54,157915,卖盘
13:11:27,29.25,0.01,249,728204,买盘
13:11:31,29.24,-0.01,123,359698,卖盘
13:11:33,29.25,0.01,161,470925,买盘
13:11:36,29.24,-0.01,366,1070501,卖盘
13:11:39,29.25,0.01,317,927107,买盘
13:11:42,29.25,0.0,61,178390,买盘
13:11:45,29.26,0.01,446,1304424,买盘
13:11:48,29.25,-0.01,195,570682,卖盘
13:11:52,29.25,0.0,131,383242,卖盘
13:11:54,29.25,0.0,23,67282,卖盘
13:11:58,29.26,0.01,45,131654,买盘
13:12:01,29.25,-0.01,223,652410,卖盘
13:12:04,29.26,0.01,487,1424962,买盘
13:12:06,29.26,0.0,160,468197,卖盘
13:12:10,29.27,0.01,35,102445,买盘
13:12:13,29.27,0.0,173,506279,买盘
13:12:16,29.27,0.0,1999,5851310,买盘
13:12:19,29.28,0.01,344,1007085,买盘
13:12:22,29.28,0.0,707,2069637,买盘
13:12:25,29.28,0.0,572,1674695,买盘
13:12:27,29.28,0.0,496,1452107,买盘
13:12:31,29.3,0.02,3077,9009949,买盘
13:12:33,29.29,-0.01,979,2868021,中性盘
13:12:37,29.28,-0.01,432,1264994,卖盘
13:12:39,29.28,0.0,292,855165,卖盘
13:12:42,29.29,0.01,2603,7626833,中性盘
13:12:46,29.3,0.01,645,1890313,卖盘
13:12:49,29.3,0.0,134,392817,卖盘
13:12:51,29.31,0.01,133,389748,买盘
13:12:55,29.32,0.01,99,290186,买盘
13:12:57,29.31,-0.01,405,1187412,卖盘
13:13:01,29.31,0.0,508,1489112,卖盘
13:13:04,29.3,-0.01,445,1304540,卖盘
13:13:06,29.31,0.01,4192,12297468,中性盘
13:13:10,29.31,0.0,681,1996324,卖盘
13:13:12,29.34,0.03,259,759189,买盘
13:13:16,29.32,-0.02,127,372266,卖盘
13:13:18,29.33,0.01,54,158342,买盘
13:13:22,29.32,-0.01,104,304980,卖盘
13:13:24,29.33,0.01,131,384217,买盘
13:13:27,29.33,0.0,208,609926,买盘
13:13:30,29.32,-0.01,184,539621,卖盘
13:13:33,29.31,-0.01,221,648121,卖盘
13:13:37,29.32,0.01,127,372429,卖盘
13:13:40,29.35,0.03,722,2118413,买盘
13:13:43,29.35,0.0,235,689777,卖盘
13:13:46,29.35,0.0,92,270028,卖盘
13:13:48,29.36,0.01,710,2084656,买盘
13:13:51,29.35,-0.01,84,246589,卖盘
13:13:54,29.36,0.01,241,707545,买盘
13:13:57,29.36,0.0,154,452178,卖盘
13:14:00,29.37,0.01,161,472815,买盘
13:14:05,29.36,-0.01,657,1928699,卖盘
13:14:07,29.36,0.0,351,1030678,买盘
13:14:10,29.35,-0.01,176,516613,卖盘
13:14:13,29.35,0.0,217,637088,中性盘
13:14:15,29.35,0.0,103,302302,买盘
13:14:19,29.36,0.01,6,17611,中性盘
13:14:21,29.36,0.0,109,319952,买盘
13:14:24,29.36,0.0,121,355176,买盘
13:14:27,29.36,0.0,242,710427,买盘
13:14:30,29.35,-0.01,90,264178,卖盘
13:14:33,29.35,0.0,207,607606,卖盘
13:14:36,29.35,0.0,557,1635063,卖盘
13:14:40,29.35,0.0,117,343296,买盘
13:14:42,29.34,-0.01,131,384354,卖盘
13:14:45,29.33,-0.01,273,801034,卖盘
13:14:48,29.32,-0.01,88,258114,卖盘
13:14:52,29.33,0.01,104,304988,买盘
13:14:55,29.33,0.0,67,196511,卖盘
13:14:57,29.33,0.0,114,334388,卖盘
13:15:01,29.33,0.0,100,293313,卖盘
13:15:04,29.33,0.0,135,396031,卖盘
13:15:07,29.35,0.02,162,475339,买盘
13:15:10,29.34,-0.01,137,401973,中性盘
13:15:12,29.32,-0.02,74,216992,卖盘
13:15:15,29.34,0.02,98,287548,买盘
13:15:18,29.32,-0.02,78,228726,卖盘
13:15:21,29.32,0.0,107,313768,卖盘
13:15:24,29.33,0.01,116,340205,卖盘
13:15:27,29.33,0.0,589,1727546,卖盘
13:15:30,29.33,0.0,94,275737,卖盘
13:15:34,29.32,-0.01,44,129018,卖盘
13:15:37,29.33,0.01,41,120250,买盘
13:15:39,29.33,0.0,219,642278,买盘
13:15:42,29.33,0.0,76,222888,卖盘
13:15:45,29.34,0.01,125,366687,买盘
13:15:48,29.33,-0.01,47,137855,卖盘
13:15:52,29.33,0.0,114,334366,卖盘
13:15:54,29.33,0.0,73,214122,卖盘
13:15:57,29.33,0.0,43,126134,卖盘
13:16:00,29.33,0.0,18,52804,卖盘
13:16:05,29.33,0.0,503,1475308,卖盘
13:16:07,29.33,0.0,128,375414,买盘
13:16:09,29.33,0.0,356,1043782,买盘
13:16:13,29.31,-0.02,72,211108,卖盘
13:16:15,29.31,0.0,73,213983,卖盘
13:16:18,29.31,0.0,36,105520,卖盘
13:16:22,29.31,0.0,626,1834666,卖盘
13:16:24,29.31,0.0,401,1175156,买盘
13:16:28,29.3,-0.01,2291,6717469,卖盘
13:16:30,29.31,0.01,531,1555858,买盘
13:16:33,29.3,-0.01,185,542154,卖盘
13:16:36,29.3,0.0,86,251990,买盘
13:16:39,29.3,0.0,17,49823,卖盘
13:16:43,29.3,0.0,33,96698,卖盘
13:16:45,29.32,0.02,119,348799,买盘
13:16:49,29.32,0.0,108,316674,卖盘
13:16:52,29.32,0.0,87,255059,卖盘
13:16:54,29.31,-0.01,27,79140,卖盘
13:16:58,29.32,0.01,160,469199,买盘
13:17:00,29.32,0.0,107,313757,卖盘
13:17:05,29.3,-0.02,850,2490949,卖盘
13:17:07,29.32,0.02,31,90889,买盘
13:17:10,29.3,-0.02,75,219750,卖盘
13:17:13,29.3,0.0,363,1063605,卖盘
13:17:16,29.3,0.0,130,380824,买盘
13:17:18,29.3,0.0,298,872908,买盘
13:17:22,29.29,-0.01,476,1394521,卖盘
13:17:25,29.3,0.01,71,208021,买盘
13:17:28,29.3,0.0,185,541878,买盘
13:17:30,29.3,0.0,224,656240,买盘
13:17:33,29.29,-0.01,183,536078,卖盘
13:17:36,29.3,0.01,184,538939,买盘
13:17:39,29.29,-0.01,264,773464,卖盘
13:17:43,29.29,0.0,114,333927,卖盘
13:17:46,29.3,0.01,174,509772,买盘
13:17:49,29.3,0.0,202,592001,卖盘
13:17:52,29.3,0.0,55,161145,卖盘
13:17:54,29.3,0.0,19,55667,买盘
13:17:57,29.3,0.0,39,114259,买盘
13:18:00,29.29,-0.01,161,471669,卖盘
13:18:05,29.3,0.01,86,251904,买盘
13:18:07,29.3,0.0,119,348653,买盘
13:18:10,29.3,0.0,65,190415,买盘
13:18:13,29.29,-0.01,77,225533,卖盘
13:18:15,29.3,0.01,252,738355,买盘
13:18:18,29.3,0.0,236,691461,买盘
13:18:21,29.29,-0.01,257,752912,卖盘
13:18:24,29.3,0.01,62,181633,中性盘
13:18:28,29.29,-0.01,171,500942,卖盘
13:18:30,29.29,0.0,105,307604,卖盘
13:18:33,29.29,0.0,134,392512,卖盘
13:18:37,29.3,0.01,267,782310,买盘
13:18:40,29.3,0.0,234,685710,卖盘
13:18:42,29.31,0.01,125,366268,买盘
13:18:45,29.3,-0.01,72,210960,卖盘
13:18:48,29.3,0.0,25,73255,卖盘
13:18:52,29.3,0.0,388,1136901,卖盘
13:18:55,29.3,0.0,425,1245240,卖盘
13:18:58,29.29,-0.01,77,225536,卖盘
13:19:00,29.3,0.01,77,225544,买盘
13:19:04,29.3,0.0,43,125956,买盘
13:19:07,29.29,-0.01,52,152311,卖盘
13:19:09,29.3,0.01,103,301755,买盘
13:19:12,29.29,-0.01,1041,3050282,卖盘
13:19:16,29.29,0.0,266,779176,卖盘
13:19:19,29.3,0.01,116,339769,买盘
13:19:22,29.29,-0.01,193,565622,卖盘
13:19:25,29.3,0.01,9,26369,中性盘
13:19:27,29.29,-0.01,220,644509,卖盘
13:19:31,29.3,0.01,61,178703,中性盘
13:19:34,29.3,0.0,72,210960,买盘
13:19:37,29.3,0.0,60,175782,买盘
13:19:40,29.3,0.0,85,248996,买盘
13:19:42,29.29,-0.01,368,1077873,卖盘
13:19:45,29.28,-0.01,148,433410,卖盘
13:19:48,29.29,0.01,31,90777,买盘
13:19:51,29.29,0.0,457,1338556,买盘
13:19:54,29.29,0.0,47,137678,卖盘
13:19:57,29.29,0.0,197,577068,卖盘
13:20:00,29.29,0.0,75,219684,卖盘
13:20:04,29.29,0.0,79,231404,卖盘
13:20:06,29.29,0.0,43,125948,卖盘
13:20:10,29.29,0.0,48,140606,卖盘
13:20:13,29.29,0.0,32,93728,卖盘
13:20:16,29.3,0.01,1090,3193656,买盘
13:20:18,29.3,0.0,110,322296,买盘
13:20:21,29.3,0.0,276,808716,卖盘
13:20:25,29.3,0.0,224,656672,卖盘
13:20:27,29.3,0.0,116,339443,卖盘
13:20:30,29.3,0.0,4,11720,买盘
13:20:33,29.3,0.0,107,313470,买盘
13:20:36,29.3,0.0,541,1585062,买盘
13:20:40,29.3,0.0,27,79104,买盘
13:20:42,29.31,0.01,155,454193,买盘
13:20:45,29.31,0.0,125,366367,买盘
13:20:48,29.3,-0.01,59,172872,卖盘
13:20:51,29.3,0.0,28,82064,卖盘
13:20:54,29.31,0.01,134,392734,买盘
13:20:57,29.31,0.0,44,128922,买盘
13:21:01,29.31,0.0,93,272543,买盘
13:21:05,29.3,-0.01,71,208042,卖盘
13:21:07,29.3,0.0,78,228540,卖盘
13:21:10,29.31,0.01,54,158274,买盘
13:21:12,29.3,-0.01,72,210998,卖盘
13:21:16,29.31,0.01,13,38098,买盘
13:21:19,29.31,0.0,105,307659,买盘
13:21:21,29.3,-0.01,25,73250,卖盘
13:21:25,29.31,0.01,266,779646,买盘
13:21:28,29.31,0.0,528,1547486,买盘
13:21:30,29.31,0.0,275,805914,买盘
13:21:33,29.31,0.0,221,647709,买盘
13:21:36,29.31,0.0,63,184652,买盘
13:21:39,29.3,-0.01,159,465890,卖盘
13:21:42,29.31,0.01,303,888040,买盘
13:21:46,29.31,0.0,11,32241,买盘
13:21:48,29.31,0.0,64,187570,买盘
13:21:51,29.3,-0.01,63,184610,卖盘
13:21:54,29.3,0.0,81,237374,卖盘
13:21:57,29.32,0.02,835,2448001,买盘
13:22:00,29.31,-0.01,7,20516,中性盘
13:22:04,29.3,-0.01,69,202203,卖盘
13:22:07,29.31,0.01,17,49819,买盘
13:22:09,29.3,-0.01,26,76195,卖盘
13:22:12,29.3,0.0,73,213893,卖盘
13:22:18,29.31,0.01,59,172877,买盘
13:22:21,29.31,0.0,38,111357,买盘
13:22:24,29.3,-0.01,94,275443,卖盘
13:22:28,29.3,0.0,85,249050,卖盘
13:22:31,29.3,0.0,120,351710,卖盘
13:22:33,29.31,0.01,61,178750,买盘
13:22:36,29.31,0.0,66,193446,买盘
13:22:40,29.31,0.0,164,480827,卖盘
13:22:43,29.31,0.0,1,2931,卖盘
13:22:45,29.31,0.0,79,231554,卖盘
13:22:48,29.32,0.01,22,64489,买盘
13:22:52,29.31,-0.01,24,70344,卖盘
13:22:54,29.31,0.0,7,20517,中性盘
13:22:57,29.3,-0.01,40,117200,卖盘
13:23:00,29.3,0.0,2,5860,卖盘
13:23:05,29.31,0.01,103,301809,买盘
13:23:07,29.31,0.0,29,84998,买盘
13:23:10,29.31,0.0,206,603749,买盘
13:23:13,29.31,0.0,69,202240,卖盘
13:23:15,29.31,0.0,127,372244,卖盘
13:23:19,29.31,0.0,72,211036,卖盘
13:23:21,29.32,0.01,23,67417,买盘
13:23:24,29.31,-0.01,26,76206,卖盘
13:23:28,29.31,0.0,107,313642,卖盘
13:23:30,29.31,0.0,41,120171,卖盘
13:23:34,29.32,0.01,69,202256,买盘
13:23:36,29.32,0.0,45,131917,买盘
13:23:40,29.32,0.0,37,108459,买盘
13:23:42,29.31,-0.01,246,721029,卖盘
13:23:45,29.31,0.0,54,158280,卖盘
13:23:48,29.32,0.01,243,712450,买盘
13:23:52,29.31,-0.01,84,246270,卖盘
13:23:54,29.32,0.01,92,269667,买盘
13:23:58,29.32,0.0,67,196442,买盘
13:24:01,29.32,0.0,16,46912,买盘
13:24:04,29.32,0.0,105,307772,买盘
13:24:06,29.32,0.0,68,199374,买盘
13:24:09,29.31,-0.01,248,726934,卖盘
13:24:12,29.31,0.0,76,222804,卖盘
13:24:15,29.32,0.01,337,987756,买盘
13:24:18,29.32,0.0,77,225708,买盘
13:24:21,29.32,0.0,96,281472,买盘
13:24:24,29.31,-0.01,195,571613,卖盘
13:24:27,29.31,0.0,176,515868,卖盘
13:24:30,29.31,0.0,105,307755,买盘
13:24:33,29.3,-0.01,89,260785,卖盘
13:24:36,29.3,0.0,52,152363,卖盘
13:24:39,29.3,0.0,16,46890,卖盘
13:24:43,29.3,0.0,6,17581,卖盘
13:24:45,29.3,0.0,41,120140,卖盘
13:24:48,29.3,0.0,1420,4160600,卖盘
13:24:51,29.3,0.0,10,29300,买盘
13:24:54,29.3,0.0,289,846737,买盘
13:24:57,29.29,-0.01,46,134739,卖盘
13:25:01,29.29,0.0,87,254875,卖盘
13:25:04,29.3,0.01,64,187495,买盘
13:25:07,29.3,0.0,15,43945,买盘
13:25:09,29.3,0.0,475,1391710,买盘
13:25:12,29.29,-0.01,629,1842722,卖盘
13:25:15,29.31,0.02,37,108427,买盘
13:25:19,29.3,-0.01,20,58600,卖盘
13:25:22,29.31,0.01,64,187536,买盘
13:25:25,29.3,-0.01,25,73250,卖盘
13:25:27,29.3,0.0,88,257840,卖盘
13:25:31,29.3,0.0,133,389704,卖盘
13:25:34,29.3,0.0,101,295959,卖盘
13:25:37,29.31,0.01,26,76206,买盘
13:25:40,29.3,-0.01,106,310594,卖盘
13:25:43,29.31,0.01,65,190472,买盘
13:25:45,29.31,0.0,141,413222,买盘
13:25:49,29.31,0.0,85,249118,买盘
13:25:52,29.3,-0.01,5,14651,卖盘
13:25:54,29.31,0.01,109,319415,买盘
13:25:57,29.31,0.0,17,49827,买盘
13:26:00,29.31,0.0,875,2564530,买盘
13:26:05,29.3,-0.01,292,855759,卖盘
13:26:07,29.31,0.01,88,257974,买盘
13:26:10,29.32,0.01,32,93821,买盘
13:26:12,29.31,-0.01,157,460271,卖盘
13:26:15,29.31,0.0,95,278476,卖盘
13:26:19,29.31,0.0,47,137799,卖盘
13:26:22,29.32,0.01,6,17589,买盘
13:26:25,29.32,0.0,43,126050,买盘
13:26:28,29.31,-0.01,121,354652,卖盘
13:26:30,29.32,0.01,93,272676,买盘
13:26:34,29.32,0.0,79,231587,买盘
13:26:36,29.32,0.0,39,114334,买盘
13:26:40,29.32,0.0,190,557006,买盘
13:26:42,29.32,0.0,551,1615532,买盘
13:26:46,29.35,0.03,2870,8421437,买盘
13:26:48,29.36,0.01,95,278861,买盘
13:26:52,29.36,0.0,113,331768,买盘
13:26:54,29.37,0.01,83,243745,买盘
13:26:58,29.36,-0.01,39,114538,卖盘
13:27:01,29.37,0.01,59,173241,买盘
13:27:04,29.36,-0.01,51,149743,卖盘
13:27:07,29.37,0.01,53,155661,买盘
13:27:10,29.37,0.0,55,161522,买盘
13:27:12,29.36,-0.01,135,396424,卖盘
13:27:15,29.37,0.01,364,1068991,买盘
13:27:18,29.36,-0.01,68,199663,卖盘
13:27:21,29.35,-0.01,61,179106,卖盘
13:27:24,29.35,0.0,4,11740,买盘
13:27:28,29.33,-0.02,96,281645,卖盘
13:27:31,29.33,0.0,7,20541,卖盘
13:27:33,29.35,0.02,185,542856,买盘
13:27:36,29.35,0.0,1,2935,卖盘
13:27:39,29.34,-0.01,5,14671,卖盘
13:27:42,29.36,0.02,19,55770,买盘
13:27:45,29.34,-0.02,80,234762,卖盘
13:27:48,29.35,0.01,163,478185,卖盘
13:27:51,29.36,0.01,22,64578,买盘
13:27:54,29.35,-0.01,109,319936,卖盘
13:27:58,29.35,0.0,30,88073,卖盘
13:28:01,29.35,0.0,1,2935,买盘
13:28:04,29.35,0.0,108,316963,买盘
13:28:07,29.34,-0.01,285,836455,卖盘
13:28:10,29.34,0.0,29,85091,买盘
13:28:13,29.35,0.01,18,52827,买盘
13:28:15,29.35,0.0,35,102701,买盘
13:28:18,29.34,-0.01,55,161370,卖盘
13:28:22,29.35,0.01,219,642765,买盘
13:28:24,29.34,-0.01,29,85086,卖盘
13:28:27,29.34,0.0,44,129097,卖盘
13:28:30,29.35,0.01,254,745293,买盘
13:28:33,29.35,0.0,30,88033,买盘
13:28:36,29.35,0.0,67,196621,买盘
13:28:39,29.35,0.0,89,261149,买盘
13:28:42,29.35,0.0,39,114463,买盘
13:28:45,29.35,0.0,85,249449,买盘
13:28:48,29.35,0.0,43,126188,买盘
13:28:51,29.35,0.0,71,208350,卖盘
13:28:54,29.35,0.0,102,299322,卖盘
13:28:58,29.35,0.0,34,99791,买盘
13:29:01,29.35,0.0,75,220085,买盘
13:29:04,29.35,0.0,114,334543,买盘
13:29:06,29.35,0.0,64,187840,卖盘
13:29:09,29.35,0.0,63,184905,卖盘
13:29:12,29.36,0.01,271,795334,买盘
13:29:15,29.35,-0.01,131,384554,卖盘
13:29:18,29.35,0.0,74,217190,卖盘
