time,price,change,volume,amount,type
09:25:04,28.82,-0.08,7825,22553466,买盘
09:30:00,28.84,0.02,1336,3853238,买盘
09:30:04,28.86,0.02,4105,11844113,中性盘
09:30:07,28.89,0.03,5800,16747245,买盘
09:30:10,28.95,0.06,1893,5469753,买盘
09:30:12,28.85,-0.1,866,2500919,卖盘
09:30:15,28.91,0.06,931,2686913,买盘
09:30:19,28.85,-0.06,669,1930643,卖盘
09:30:21,28.87,0.02,161,464951,买盘
09:30:24,28.97,0.1,628,1816265,买盘
09:30:27,28.97,0.0,721,2087417,卖盘
09:30:31,28.98,0.01,937,2713303,买盘
09:30:34,28.96,-0.02,1356,3928790,卖盘
09:30:36,28.97,0.01,537,1554511,买盘
09:30:39,28.98,0.01,2184,6331056,买盘
09:30:43,28.99,0.01,1615,4682455,买盘
09:30:46,29.0,0.01,2267,6574344,买盘
09:30:49,29.03,0.03,1646,4777476,买盘
09:30:52,29.1,0.07,916,2663592,买盘
09:30:54,29.09,-0.01,719,2090970,中性盘
09:30:57,29.02,-0.07,662,1924079,卖盘
09:31:00,29.0,-0.02,1329,3861440,卖盘
09:31:05,29.08,0.08,1827,5311204,买盘
09:31:07,29.07,-0.01,1189,3456225,买盘
09:31:10,29.05,-0.02,436,1266601,中性盘
09:31:13,29.06,0.01,775,2252491,买盘
09:31:16,29.07,0.01,1014,2945861,买盘
09:31:18,29.08,0.01,927,2695604,买盘
09:31:21,29.09,0.01,533,1549935,买盘
09:31:24,29.07,-0.02,2745,7983946,卖盘
09:31:28,29.08,0.01,1784,5187049,买盘
09:31:30,29.08,0.0,1696,4931456,买盘
09:31:34,29.08,0.0,3039,8839181,买盘
09:31:36,29.1,0.02,1348,3922012,买盘
09:31:39,29.1,0.0,818,2379942,买盘
09:31:42,29.1,0.0,457,1329633,买盘
09:31:45,29.08,-0.02,2099,6107128,卖盘
09:31:48,29.08,0.0,1634,4754423,卖盘
09:31:51,29.09,0.01,309,898862,卖盘
09:31:54,29.09,0.0,1879,5467651,买盘
09:31:57,29.11,0.02,625,1818374,买盘
09:32:01,29.1,-0.01,502,1460971,卖盘
09:32:04,29.1,0.0,1655,4817042,卖盘
09:32:06,29.1,0.0,1292,3759422,买盘
09:32:10,29.09,-0.01,525,1527565,卖盘
09:32:13,29.1,0.01,1908,5552038,买盘
09:32:15,29.08,-0.02,904,2630114,卖盘
09:32:19,29.09,0.01,1076,3130550,买盘
09:32:21,29.1,0.01,286,832054,买盘
09:32:24,29.1,0.0,1943,5655151,买盘
09:32:27,29.1,0.0,1335,3885250,卖盘
09:32:30,29.1,0.0,1429,4159065,卖盘
09:32:34,29.11,0.01,2611,7600162,买盘
09:32:37,29.09,-0.02,1220,3550862,卖盘
09:32:39,29.11,0.02,1067,3105782,买盘
09:32:43,29.13,0.02,1498,4362451,买盘
09:32:46,29.13,0.0,1152,3356464,卖盘
09:32:49,29.13,0.0,492,1433431,卖盘
09:32:51,29.15,0.02,379,1104601,买盘
09:32:54,29.14,-0.01,384,1119201,卖盘
09:32:57,29.14,0.0,648,1888718,卖盘
09:33:01,29.17,0.03,5443,15884954,买盘
09:33:05,29.18,0.01,1194,3486761,中性盘
09:33:07,29.19,0.01,2027,5926354,卖盘
09:33:10,29.23,0.04,562,1643075,中性盘
09:33:12,29.25,0.02,478,1397819,中性盘
09:33:15,29.26,0.01,1552,4543236,中性盘
09:33:19,29.28,0.02,689,2017087,中性盘
09:33:21,29.3,0.02,3264,9561774,买盘
09:33:25,29.3,0.0,310,908127,卖盘
09:33:27,29.31,0.01,818,2396826,买盘
09:33:30,29.31,0.0,1521,4457392,买盘
09:33:34,29.3,-0.01,1403,4110964,卖盘
09:33:37,29.29,-0.01,1785,5227264,卖盘
09:33:40,29.29,0.0,1187,3475546,买盘
09:33:42,29.29,0.0,661,1935443,买盘
09:33:46,29.25,-0.04,827,2420686,卖盘
09:33:49,29.29,0.04,635,1857585,买盘
09:33:51,29.23,-0.06,287,839311,卖盘
09:33:55,29.23,0.0,1599,4681434,买盘
09:33:58,29.23,0.0,1015,2970057,卖盘
09:34:00,29.24,0.01,479,1400754,卖盘
09:34:04,29.25,0.01,1029,3009399,买盘
09:34:07,29.24,-0.01,575,1681512,卖盘
09:34:10,29.24,0.0,1228,3590947,卖盘
09:34:12,29.24,0.0,920,2689000,买盘
09:34:16,29.25,0.01,636,1859689,买盘
09:34:18,29.25,0.0,1018,2976280,买盘
09:34:22,29.25,0.0,1652,4828194,卖盘
09:34:24,29.25,0.0,343,1003448,卖盘
09:34:27,29.25,0.0,320,936071,卖盘
09:34:31,29.25,0.0,322,941874,卖盘
09:34:34,29.24,-0.01,543,1588228,卖盘
09:34:36,29.25,0.01,393,1149470,买盘
09:34:40,29.25,0.0,583,1705472,卖盘
09:34:42,29.25,0.0,529,1547433,卖盘
09:34:45,29.25,0.0,601,1758089,买盘
09:34:48,29.25,0.0,448,1310319,买盘
09:34:51,29.25,0.0,149,435818,买盘
09:34:54,29.26,0.01,446,1304981,买盘
09:34:58,29.26,0.0,580,1697138,卖盘
09:35:01,29.26,0.0,1254,3670227,卖盘
09:35:04,29.26,0.0,965,2824428,卖盘
09:35:06,29.27,0.01,582,1703628,卖盘
09:35:10,29.28,0.01,940,2751343,买盘
09:35:13,29.28,0.0,992,2904274,买盘
09:35:16,29.26,-0.02,424,1241131,卖盘
09:35:19,29.25,-0.01,1152,3369858,卖盘
09:35:21,29.24,-0.01,490,1433131,卖盘
09:35:24,29.25,0.01,549,1606186,买盘
09:35:28,29.25,0.0,728,2129626,卖盘
09:35:30,29.24,-0.01,165,482556,卖盘
09:35:33,29.25,0.01,437,1277960,买盘
09:35:37,29.24,-0.01,519,1517554,卖盘
09:35:40,29.21,-0.03,434,1268530,卖盘
09:35:42,29.21,0.0,615,1797901,卖盘
09:35:46,29.21,0.0,1611,4710122,卖盘
09:35:48,29.2,-0.01,236,689134,卖盘
09:35:51,29.2,0.0,451,1316627,买盘
09:35:54,29.19,-0.01,1481,4323852,卖盘
09:35:58,29.19,0.0,466,1360513,买盘
09:36:01,29.18,-0.01,308,898946,卖盘
09:36:04,29.18,0.0,582,1697708,买盘
09:36:07,29.17,-0.01,199,580604,中性盘
09:36:10,29.16,-0.01,405,1181041,卖盘
09:36:12,29.17,0.01,305,889527,买盘
09:36:15,29.16,-0.01,680,1983224,卖盘
09:36:19,29.17,0.01,262,764120,买盘
09:36:22,29.17,0.0,502,1464331,卖盘
09:36:25,29.17,0.0,488,1423924,卖盘
09:36:27,29.19,0.02,365,1065390,买盘
09:36:31,29.18,-0.01,285,832114,卖盘
09:36:33,29.23,0.05,545,1592157,买盘
09:36:37,29.23,0.0,122,356441,卖盘
09:36:40,29.23,0.0,272,795137,买盘
09:36:42,29.21,-0.02,296,865290,卖盘
09:36:45,29.23,0.02,443,1294425,买盘
09:36:48,29.22,-0.01,1726,5048635,卖盘
09:36:51,29.25,0.03,145,424071,中性盘
09:36:54,29.26,0.01,477,1395158,买盘
09:36:57,29.26,0.0,631,1846477,卖盘
09:37:01,29.26,0.0,1324,3876422,卖盘
09:37:04,29.28,0.02,442,1294228,买盘
09:37:06,29.28,0.0,316,925261,卖盘
09:37:10,29.29,0.01,79,231340,买盘
09:37:13,29.29,0.0,2319,6792869,买盘
09:37:15,29.3,0.01,593,1737234,买盘
09:37:19,29.29,-0.01,575,1684508,卖盘
09:37:21,29.29,0.0,432,1265525,卖盘
09:37:25,29.3,0.01,1873,5487770,买盘
09:37:27,29.3,0.0,432,1265103,买盘
09:37:30,29.32,0.02,1043,3057331,买盘
09:37:34,29.33,0.01,431,1263827,买盘
09:37:37,29.33,0.0,1915,5613200,买盘
09:37:39,29.32,-0.01,510,1495560,中性盘
09:37:42,29.32,0.0,547,1604180,买盘
09:37:46,29.33,0.01,1002,2939198,卖盘
09:37:49,29.33,0.0,632,1854250,卖盘
09:37:51,29.33,0.0,602,1766112,卖盘
09:37:54,29.35,0.02,1831,5372116,买盘
09:37:58,29.34,-0.01,1577,4628257,卖盘
09:38:01,29.34,0.0,510,1496537,卖盘
09:38:04,29.34,0.0,280,821482,买盘
09:38:06,29.32,-0.02,1072,3144717,卖盘
09:38:09,29.34,0.02,1581,4637815,买盘
09:38:12,29.34,0.0,325,953348,卖盘
09:38:16,29.35,0.01,3287,9651036,买盘
09:38:19,29.35,0.0,631,1851535,买盘
09:38:22,29.35,0.0,338,992244,卖盘
09:38:25,29.35,0.0,685,2011030,卖盘
09:38:28,29.35,0.0,799,2344940,卖盘
09:38:30,29.32,-0.03,753,2209684,卖盘
09:38:33,29.34,0.02,595,1745392,买盘
09:38:36,29.31,-0.03,1700,4987715,卖盘
09:38:40,29.31,0.0,242,709404,卖盘
09:38:43,29.3,-0.01,1182,3463493,卖盘
09:38:46,29.3,0.0,1247,3652709,买盘
09:38:49,29.3,0.0,773,2264338,买盘
09:38:52,29.29,-0.01,636,1862842,卖盘
09:38:54,29.29,0.0,970,2841482,买盘
09:38:57,29.27,-0.02,626,1832847,卖盘
09:39:00,29.28,0.01,161,471320,买盘
09:39:05,29.26,-0.02,856,2504970,卖盘
09:39:07,29.25,-0.01,566,1655606,卖盘
09:39:09,29.24,-0.01,73,213503,卖盘
09:39:13,29.25,0.01,224,654960,买盘
09:39:15,29.24,-0.01,705,2060876,中性盘
09:39:19,29.23,-0.01,343,1002071,卖盘
09:39:22,29.23,0.0,315,921148,买盘
09:39:24,29.21,-0.02,250,730563,卖盘
09:39:28,29.22,0.01,539,1575757,中性盘
09:39:30,29.23,0.01,690,2016073,买盘
09:39:33,29.22,-0.01,991,2891964,买盘
09:39:36,29.22,0.0,473,1381941,买盘
09:39:39,29.2,-0.02,1129,3298824,卖盘
09:39:42,29.2,0.0,391,1142123,卖盘
09:39:46,29.22,0.02,417,1219566,买盘
09:39:48,29.21,-0.01,224,655020,卖盘
09:39:51,29.23,0.02,261,762498,中性盘
09:39:54,29.23,0.0,732,2139940,卖盘
09:39:57,29.21,-0.02,917,2679308,卖盘
09:40:01,29.24,0.03,421,1230230,买盘
09:40:04,29.23,-0.01,224,654653,买盘
09:40:07,29.22,-0.01,531,1551577,卖盘
09:40:09,29.22,0.0,259,756820,卖盘
09:40:13,29.23,0.01,460,1344557,买盘
09:40:15,29.22,-0.01,1279,3736555,卖盘
09:40:19,29.22,0.0,1120,3271857,卖盘
09:40:22,29.19,-0.03,745,2175723,卖盘
09:40:25,29.18,-0.01,366,1068179,卖盘
09:40:27,29.18,0.0,311,907432,买盘
09:40:31,29.17,-0.01,477,1391194,卖盘
09:40:33,29.17,0.0,224,653314,买盘
09:40:36,29.16,-0.01,480,1398651,卖盘
09:40:39,29.18,0.02,253,737947,买盘
09:40:43,29.17,-0.01,207,603945,卖盘
09:40:45,29.19,0.02,140,408557,买盘
09:40:49,29.17,-0.02,655,1913888,卖盘
09:40:51,29.19,0.02,65,189720,中性盘
09:40:55,29.2,0.01,189,551850,买盘
09:40:57,29.2,0.0,238,693816,买盘
09:41:00,29.18,-0.02,466,1360230,卖盘
09:41:05,29.2,0.02,98,286128,中性盘
09:41:07,29.2,0.0,611,1784119,买盘
09:41:10,29.2,0.0,93,271585,卖盘
09:41:12,29.22,0.02,73,213222,买盘
09:41:15,29.22,0.0,228,665464,买盘
09:41:18,29.22,0.0,195,569804,卖盘
09:41:21,29.23,0.01,15,43836,买盘
09:41:24,29.23,0.0,195,569929,买盘
09:41:27,29.23,0.0,348,1018626,买盘
09:41:31,29.23,0.0,283,827614,卖盘
09:41:33,29.24,0.01,18,52633,买盘
09:41:37,29.24,0.0,222,647195,卖盘
09:41:39,29.25,0.01,227,663820,买盘
09:41:42,29.25,0.0,386,1128888,买盘
09:41:45,29.27,0.02,762,2231837,买盘
09:41:48,29.27,0.0,372,1088853,卖盘
09:41:51,29.27,0.0,237,693723,卖盘
09:41:54,29.26,-0.01,212,620381,卖盘
09:41:57,29.25,-0.01,314,918721,卖盘
09:42:00,29.25,0.0,1037,3031898,卖盘
09:42:04,29.28,0.03,436,1275703,买盘
09:42:06,29.28,0.0,682,1998140,买盘
09:42:09,29.28,0.0,231,674642,卖盘
09:42:12,29.27,-0.01,229,670253,卖盘
09:42:15,29.27,0.0,138,403905,买盘
09:42:18,29.28,0.01,510,1494214,买盘
09:42:21,29.27,-0.01,351,1027331,卖盘
09:42:25,29.27,0.0,59,172703,卖盘
09:42:27,29.27,0.0,238,695617,卖盘
09:42:31,29.29,0.02,1248,3655216,买盘
09:42:34,29.27,-0.02,155,453832,买盘
09:42:36,29.27,0.0,73,216266,卖盘
09:42:39,29.3,0.03,545,1594657,买盘
09:42:42,29.3,0.0,102,298905,卖盘
09:42:46,29.3,0.0,425,1245536,卖盘
09:42:49,29.31,0.01,867,2540122,买盘
09:42:52,29.31,0.0,90,263764,卖盘
09:42:55,29.31,0.0,391,1146359,卖盘
09:42:58,29.32,0.01,743,2178092,买盘
09:43:01,29.33,0.01,195,571848,买盘
09:43:04,29.32,-0.01,1045,3063932,卖盘
09:43:07,29.32,0.0,322,944093,买盘
09:43:10,29.33,0.01,2339,6861105,买盘
09:43:12,29.32,-0.01,247,724142,卖盘
09:43:16,29.31,-0.01,1179,3459360,卖盘
09:43:19,29.33,0.02,361,1058229,卖盘
09:43:22,29.33,0.0,126,369496,买盘
09:43:24,29.32,-0.01,167,489388,买盘
09:43:27,29.32,0.0,293,859090,买盘
09:43:30,29.32,0.0,171,501389,卖盘
09:43:33,29.32,0.0,637,1867708,卖盘
09:43:37,29.32,0.0,832,2439395,卖盘
09:43:39,29.32,0.0,1570,4604864,买盘
09:43:43,29.32,0.0,118,345933,买盘
09:43:45,29.32,0.0,195,571737,买盘
09:43:49,29.3,-0.02,2269,6650246,卖盘
09:43:51,29.3,0.0,245,717840,买盘
09:43:54,29.31,0.01,4650,13630541,买盘
09:43:57,29.32,0.01,1008,2955094,买盘
09:44:00,29.32,0.0,847,2483417,卖盘
09:44:05,29.32,0.0,652,1911665,卖盘
09:44:07,29.3,-0.02,226,662554,卖盘
09:44:09,29.3,0.0,18,52752,卖盘
09:44:13,29.31,0.01,171,501063,买盘
09:44:15,29.32,0.01,327,958270,买盘
09:44:19,29.29,-0.03,285,835083,卖盘
09:44:21,29.28,-0.01,234,685431,卖盘
09:44:24,29.28,0.0,128,374814,卖盘
09:44:27,29.29,0.01,201,588896,买盘
09:44:31,29.29,0.0,270,790865,卖盘
09:44:33,29.24,-0.05,1303,3813867,卖盘
09:44:37,29.29,0.05,189,553567,中性盘
09:44:39,29.28,-0.01,9,26348,中性盘
09:44:42,29.27,-0.01,99,289920,中性盘
09:44:45,29.28,0.01,157,459693,买盘
09:44:48,29.28,0.0,1192,3484009,卖盘
09:44:51,29.27,-0.01,59,172679,中性盘
09:44:54,29.24,-0.03,36,105344,卖盘
09:44:58,29.27,0.03,141,412657,买盘
09:45:01,29.26,-0.01,476,1392819,卖盘
09:45:05,29.22,-0.04,722,2112230,卖盘
09:45:07,29.25,0.03,200,585237,中性盘
09:45:09,29.24,-0.01,171,499995,中性盘
09:45:13,29.25,0.01,55,160836,买盘
09:45:16,29.26,0.01,224,655181,买盘
09:45:19,29.24,-0.02,163,476664,卖盘
09:45:21,29.25,0.01,414,1210976,买盘
09:45:25,29.24,-0.01,1590,4650621,卖盘
09:45:27,29.24,0.0,493,1442083,买盘
09:45:31,29.23,-0.01,578,1689984,卖盘
09:45:33,29.23,0.0,258,754118,买盘
09:45:37,29.23,0.0,191,558259,买盘
09:45:40,29.22,-0.01,170,496732,买盘
09:45:42,29.21,-0.01,67,195780,卖盘
09:45:45,29.23,0.02,219,640022,买盘
09:45:48,29.22,-0.01,150,438408,卖盘
09:45:52,29.22,0.0,38,111064,卖盘
09:45:55,29.24,0.02,1280,3740159,买盘
09:45:58,29.22,-0.02,295,862215,卖盘
09:46:00,29.23,0.01,1144,3343646,买盘
09:46:04,29.24,0.01,419,1224811,买盘
09:46:07,29.25,0.01,560,1637429,买盘
09:46:10,29.23,-0.02,92,268949,卖盘
09:46:13,29.22,-0.01,307,897073,卖盘
09:46:16,29.23,0.01,224,654478,买盘
09:46:19,29.23,0.0,183,535025,买盘
09:46:22,29.23,0.0,273,797757,买盘
09:46:24,29.23,0.0,194,566871,买盘
09:46:27,29.23,0.0,63,184139,卖盘
09:46:30,29.25,0.02,122,356701,买盘
09:46:34,29.24,-0.01,698,2040969,卖盘
09:46:36,29.24,0.0,342,1000042,卖盘
09:46:39,29.23,-0.01,289,844979,卖盘
09:46:42,29.24,0.01,67,195888,买盘
09:46:45,29.23,-0.01,95,277739,卖盘
09:46:48,29.24,0.01,205,599353,买盘
09:46:51,29.23,-0.01,111,324560,卖盘
09:46:54,29.25,0.02,40,116988,买盘
09:46:57,29.25,0.0,269,786828,买盘
09:47:00,29.25,0.0,493,1442036,卖盘
09:47:04,29.25,0.0,290,848289,卖盘
09:47:06,29.25,0.0,260,760621,卖盘
09:47:10,29.26,0.01,323,944969,买盘
09:47:13,29.25,-0.01,120,351075,卖盘
09:47:15,29.26,0.01,9,26334,中性盘
09:47:18,29.27,0.01,216,632180,买盘
09:47:21,29.27,0.0,135,394975,买盘
09:47:24,29.29,0.02,688,2014402,买盘
09:47:27,29.29,0.0,244,714526,买盘
09:47:31,29.29,0.0,318,931427,买盘
09:47:33,29.25,-0.04,1563,4574326,卖盘
09:47:37,29.25,0.0,120,350988,买盘
09:47:39,29.24,-0.01,1389,4062814,卖盘
09:47:42,29.25,0.01,99,289554,买盘
09:47:45,29.24,-0.01,35,102354,卖盘
09:47:48,29.25,0.01,954,2790454,买盘
09:47:51,29.26,0.01,107,313121,中性盘
09:47:54,29.28,0.02,103,301580,买盘
09:47:57,29.26,-0.02,333,974546,卖盘
09:48:00,29.27,0.01,168,491759,卖盘
09:48:05,29.28,0.01,233,682017,买盘
09:48:07,29.27,-0.01,771,2256773,卖盘
09:48:10,29.27,0.0,430,1258768,卖盘
09:48:12,29.27,0.0,195,570887,卖盘
09:48:15,29.27,0.0,205,600036,卖盘
09:48:19,29.28,0.01,3893,11402411,买盘
09:48:21,29.29,0.01,218,638531,买盘
09:48:25,29.3,0.01,172,503653,买盘
09:48:27,29.29,-0.01,170,497874,卖盘
09:48:31,29.3,0.01,271,794311,买盘
09:48:34,29.3,0.0,1213,3554128,卖盘
09:48:36,29.31,0.01,2023,5930811,买盘
09:48:39,29.31,0.0,350,1026012,卖盘
09:48:42,29.32,0.01,525,1540002,中性盘
09:48:45,29.32,0.0,198,580874,卖盘
09:48:48,29.35,0.03,2916,8560602,买盘
09:48:51,29.34,-0.01,647,1898871,卖盘
09:48:54,29.36,0.02,823,2416363,买盘
09:48:58,29.37,0.01,418,1227450,买盘
09:49:00,29.37,0.0,339,995501,买盘
09:49:04,29.37,0.0,234,687374,卖盘
09:49:07,29.37,0.0,2213,6501743,卖盘
09:49:09,29.39,0.02,661,1942488,买盘
09:49:12,29.39,0.0,1255,3688601,买盘
09:49:15,29.4,0.01,344,1011101,买盘
09:49:18,29.38,-0.02,1531,4497722,卖盘
09:49:21,29.39,0.01,371,1090242,买盘
09:49:24,29.37,-0.02,270,793149,卖盘
09:49:27,29.37,0.0,871,2557599,买盘
09:49:30,29.38,0.01,692,2032264,买盘
09:49:33,29.38,0.0,151,443716,卖盘
09:49:37,29.37,-0.01,261,766825,卖盘
09:49:39,29.38,0.01,455,1336713,买盘
09:49:43,29.37,-0.01,495,1453916,卖盘
09:49:46,29.37,0.0,707,2076763,卖盘
09:49:49,29.37,0.0,361,1060123,买盘
09:49:52,29.35,-0.02,137,402257,中性盘
09:49:54,29.37,0.02,189,554919,买盘
09:49:58,29.35,-0.02,239,701657,中性盘
09:50:00,29.37,0.02,364,1068482,买盘
09:50:05,29.35,-0.02,177,519496,卖盘
09:50:07,29.34,-0.01,133,390277,卖盘
09:50:10,29.35,0.01,298,874663,买盘
09:50:13,29.35,0.0,279,818904,卖盘
09:50:15,29.35,0.0,342,1003787,买盘
09:50:19,29.35,0.0,594,1743079,买盘
09:50:22,29.35,0.0,170,498883,买盘
09:50:25,29.34,-0.01,219,642566,卖盘
09:50:28,29.34,0.0,124,363795,买盘
09:50:30,29.32,-0.02,288,844820,卖盘
09:50:33,29.33,0.01,361,1059330,中性盘
09:50:37,29.34,0.01,71,208307,中性盘
09:50:39,29.34,0.0,237,695431,卖盘
09:50:42,29.34,0.0,251,736387,卖盘
09:50:46,29.34,0.0,597,1751872,买盘
09:50:48,29.33,-0.01,388,1138332,卖盘
09:50:52,29.33,0.0,53,155448,买盘
09:50:55,29.33,0.0,294,861991,买盘
09:50:57,29.32,-0.01,208,609910,中性盘
09:51:00,29.33,0.01,772,2263399,买盘
09:51:04,29.32,-0.01,86,252067,中性盘
09:51:07,29.33,0.01,109,319559,买盘
09:51:10,29.32,-0.01,200,586416,卖盘
09:51:13,29.31,-0.01,54,158314,卖盘
09:51:16,29.3,-0.01,64,187581,卖盘
09:51:18,29.32,0.02,59,172929,买盘
09:51:21,29.31,-0.01,45,131898,卖盘
09:51:25,29.31,0.0,412,1208046,卖盘
09:51:27,29.31,0.0,163,477827,卖盘
09:51:30,29.31,0.0,361,1058245,卖盘
09:51:33,29.32,0.01,177,519004,买盘
09:51:37,29.32,0.0,160,469222,卖盘
09:51:39,29.3,-0.02,526,1541779,卖盘
09:51:43,29.31,0.01,198,580158,买盘
09:51:45,29.3,-0.01,78,228550,中性盘
09:51:49,29.29,-0.01,961,2814416,卖盘
09:51:51,29.29,0.0,108,316247,买盘
09:51:55,29.29,0.0,157,459722,买盘
09:51:57,29.28,-0.01,269,787662,卖盘
09:52:00,29.27,-0.01,393,1150631,卖盘
09:52:05,29.27,0.0,425,1244376,卖盘
09:52:07,29.26,-0.01,130,380541,卖盘
09:52:10,29.27,0.01,249,729046,买盘
09:52:13,29.27,0.0,188,550267,卖盘
09:52:16,29.27,0.0,124,362904,买盘
09:52:18,29.26,-0.01,332,971580,卖盘
09:52:21,29.26,0.0,138,403788,买盘
09:52:25,29.26,0.0,1317,3853034,买盘
09:52:27,29.26,0.0,964,2824357,买盘
09:52:30,29.29,0.03,58,169826,买盘
09:52:33,29.29,0.0,100,292905,卖盘
09:52:36,29.29,0.0,68,199201,卖盘
09:52:39,29.3,0.01,93,272481,买盘
09:52:43,29.29,-0.01,101,295931,卖盘
09:52:45,29.32,0.03,42,123064,买盘
09:52:49,29.3,-0.02,573,1678491,卖盘
09:52:51,29.3,0.0,278,814684,买盘
09:52:54,29.31,0.01,23,67424,买盘
09:52:57,29.32,0.01,52,152432,买盘
09:53:00,29.31,-0.01,317,929260,卖盘
09:53:05,29.32,0.01,187,548157,买盘
09:53:07,29.32,0.0,919,2693249,卖盘
09:53:09,29.32,0.0,320,938275,买盘
09:53:12,29.32,0.0,179,524862,买盘
09:53:15,29.34,0.02,167,489778,买盘
09:53:18,29.34,0.0,59,173036,买盘
09:53:21,29.33,-0.01,134,393033,卖盘
09:53:25,29.33,0.0,434,1273289,卖盘
09:53:28,29.34,0.01,344,1009232,买盘
09:53:31,29.34,0.0,324,950626,买盘
09:53:34,29.34,0.0,2182,6402336,卖盘
09:53:36,29.34,0.0,303,889149,卖盘
09:53:39,29.34,0.0,393,1152865,买盘
09:53:42,29.35,0.01,506,1484463,买盘
09:53:46,29.34,-0.01,110,322725,中性盘
09:53:48,29.34,0.0,138,404904,买盘
09:53:52,29.34,0.0,151,443072,卖盘
09:53:54,29.34,0.0,320,939016,卖盘
09:53:58,29.35,0.01,137,402074,买盘
09:54:01,29.33,-0.02,567,1663574,卖盘
09:54:04,29.34,0.01,201,589734,买盘
09:54:06,29.32,-0.02,210,615927,卖盘
09:54:09,29.34,0.02,215,630707,买盘
09:54:13,29.33,-0.01,12,35181,中性盘
09:54:16,29.33,0.0,114,334362,买盘
09:54:19,29.33,0.0,179,525001,买盘
09:54:21,29.28,-0.05,1021,2991162,卖盘
09:54:24,29.32,0.04,301,881135,买盘
09:54:27,29.32,0.0,68,199357,买盘
09:54:31,29.3,-0.02,597,1747958,卖盘
09:54:34,29.33,0.03,130,381079,买盘
09:54:37,29.3,-0.03,35,102614,卖盘
09:54:40,29.31,0.01,518,1516590,买盘
09:54:43,29.3,-0.01,209,612393,中性盘
09:54:46,29.31,0.01,146,427859,买盘
09:54:48,29.32,0.01,245,718041,买盘
09:54:51,29.33,0.01,2306,6765687,买盘
09:54:55,29.33,0.0,44,129011,买盘
09:54:57,29.33,0.0,124,363613,买盘
09:55:01,29.3,-0.03,441,1293185,卖盘
09:55:04,29.32,0.02,77,225807,买盘
09:55:07,29.32,0.0,30,87954,买盘
09:55:09,29.32,0.0,75,219923,卖盘
09:55:12,29.33,0.01,167,489677,买盘
09:55:15,29.32,-0.01,58,170059,卖盘
09:55:18,29.34,0.02,1475,4325386,买盘
09:55:21,29.33,-0.01,84,246385,卖盘
09:55:24,29.34,0.01,222,651186,买盘
09:55:27,29.33,-0.01,258,756737,卖盘
09:55:31,29.33,0.0,227,665779,买盘
09:55:33,29.33,0.0,453,1328637,买盘
09:55:37,29.34,0.01,749,2196814,买盘
09:55:40,29.33,-0.01,74,217088,卖盘
09:55:43,29.33,0.0,716,2100060,卖盘
09:55:46,29.33,0.0,549,1610251,卖盘
09:55:48,29.34,0.01,307,900491,买盘
09:55:52,29.34,0.0,2757,8092313,卖盘
09:55:54,29.34,0.0,316,927118,卖盘
09:55:57,29.34,0.0,220,645313,卖盘
09:56:00,29.38,0.04,3185,9354616,买盘
09:56:05,29.38,0.0,1283,3770445,卖盘
09:56:07,29.35,-0.03,1845,5420043,卖盘
09:56:09,29.39,0.04,2071,6088384,买盘
09:56:12,29.39,0.0,204,599362,卖盘
09:56:15,29.4,0.01,1993,5859010,买盘
09:56:18,29.4,0.0,2261,6647694,买盘
09:56:22,29.4,0.0,682,2005912,卖盘
09:56:24,29.42,0.02,355,1044344,中性盘
09:56:27,29.42,0.0,277,814983,卖盘
09:56:30,29.42,0.0,318,935810,卖盘
09:56:33,29.44,0.02,235,691595,买盘
09:56:37,29.43,-0.01,115,338453,卖盘
09:56:39,29.43,0.0,331,974429,卖盘
09:56:42,29.45,0.02,1118,3292110,买盘
09:56:45,29.44,-0.01,260,765556,卖盘
09:56:48,29.44,0.0,1347,3966630,卖盘
09:56:51,29.45,0.01,709,2087775,买盘
09:56:54,29.43,-0.02,579,1705011,卖盘
09:56:57,29.44,0.01,1712,5043405,中性盘
09:57:00,29.45,0.01,306,900862,买盘
09:57:05,29.46,0.01,1233,3631243,买盘
09:57:07,29.44,-0.02,401,1180933,卖盘
09:57:10,29.45,0.01,338,995694,买盘
09:57:12,29.45,0.0,163,480000,买盘
09:57:16,29.45,0.0,367,1080608,买盘
09:57:18,29.46,0.01,384,1130923,买盘
09:57:21,29.45,-0.01,453,1334254,卖盘
09:57:24,29.45,0.0,249,733406,卖盘
09:57:27,29.45,0.0,278,818487,买盘
09:57:30,29.45,0.0,345,1015436,买盘
09:57:34,29.46,0.01,213,627322,买盘
09:57:37,29.45,-0.01,1130,3328813,卖盘
09:57:40,29.45,0.0,416,1225338,卖盘
09:57:43,29.46,0.01,429,1263596,买盘
09:57:46,29.44,-0.02,714,2103599,卖盘
09:57:48,29.45,0.01,550,1619649,买盘
09:57:51,29.45,0.0,331,974626,买盘
09:57:55,29.45,0.0,211,621209,买盘
09:57:57,29.44,-0.01,274,806628,卖盘
09:58:00,29.43,-0.01,176,518124,卖盘
09:58:04,29.43,0.0,456,1342178,卖盘
09:58:06,29.43,0.0,143,420843,买盘
09:58:09,29.42,-0.01,209,615011,卖盘
09:58:12,29.42,0.0,111,326561,买盘
09:58:15,29.41,-0.01,142,417667,卖盘
09:58:19,29.42,0.01,443,1300695,买盘
09:58:22,29.41,-0.01,182,535377,买盘
09:58:24,29.41,0.0,74,217607,买盘
09:58:28,29.4,-0.01,299,879186,卖盘
09:58:30,29.41,0.01,217,638141,买盘
09:58:34,29.42,0.01,509,1496817,买盘
09:58:37,29.41,-0.01,147,432330,卖盘
09:58:40,29.43,0.02,448,1317956,买盘
09:58:42,29.42,-0.01,291,855888,中性盘
09:58:45,29.41,-0.01,96,282375,卖盘
09:58:49,29.41,0.0,114,335328,买盘
09:58:52,29.41,0.0,1183,3480342,卖盘
09:58:55,29.41,0.0,298,876531,卖盘
09:58:57,29.42,0.01,47,138233,买盘
09:59:00,29.42,0.0,362,1064824,买盘
09:59:04,29.4,-0.02,278,817664,卖盘
09:59:07,29.4,0.0,37,108812,卖盘
09:59:10,29.4,0.0,512,1505779,卖盘
09:59:12,29.41,0.01,357,1049902,买盘
09:59:16,29.41,0.0,317,932099,买盘
09:59:18,29.41,0.0,967,2844636,买盘
09:59:22,29.41,0.0,214,629311,卖盘
09:59:24,29.4,-0.01,261,767454,卖盘
09:59:27,29.41,0.01,186,546961,买盘
09:59:31,29.41,0.0,214,629397,卖盘
09:59:33,29.4,-0.01,472,1387926,卖盘
09:59:37,29.42,0.02,709,2085514,买盘
09:59:40,29.42,0.0,76,223632,卖盘
09:59:42,29.42,0.0,544,1600542,卖盘
09:59:46,29.41,-0.01,277,814713,卖盘
09:59:48,29.41,0.0,275,808775,买盘
09:59:52,29.4,-0.01,243,714645,卖盘
09:59:54,29.41,0.01,6,17646,买盘
09:59:58,29.38,-0.03,583,1715385,卖盘
10:00:00,29.41,0.03,335,983623,买盘
10:00:04,29.4,-0.01,104,305863,卖盘
10:00:06,29.4,0.0,91,267576,卖盘
10:00:09,29.41,0.01,219,644123,买盘
10:00:12,29.4,-0.01,337,990818,卖盘
10:00:16,29.4,0.0,1208,3553686,买盘
10:00:19,29.4,0.0,70,205796,买盘
10:00:22,29.4,0.0,241,708534,买盘
10:00:24,29.4,0.0,208,611622,卖盘
10:00:28,29.4,0.0,476,1399575,卖盘
10:00:30,29.41,0.01,103,302889,中性盘
10:00:34,29.41,0.0,143,420563,卖盘
10:00:37,29.4,-0.01,177,520417,卖盘
10:00:40,29.4,0.0,550,1617128,买盘
10:00:43,29.41,0.01,16,47048,中性盘
10:00:46,29.41,0.0,419,1231877,买盘
10:00:48,29.41,0.0,114,335239,买盘
10:00:52,29.41,0.0,103,302942,卖盘
10:00:55,29.42,0.01,148,435285,买盘
10:00:58,29.41,-0.01,566,1664996,卖盘
10:01:00,29.42,0.01,233,685464,买盘
10:01:04,29.43,0.01,419,1232991,买盘
10:01:07,29.42,-0.01,173,508970,卖盘
10:01:10,29.43,0.01,637,1874618,买盘
10:01:13,29.43,0.0,433,1274383,卖盘
10:01:16,29.43,0.0,1139,3352645,卖盘
10:01:18,29.42,-0.01,89,261927,卖盘
10:01:21,29.44,0.02,337,992128,买盘
10:01:24,29.44,0.0,148,435712,卖盘
10:01:28,29.45,0.01,1571,4628076,买盘
10:01:30,29.45,0.0,1283,3778430,卖盘
10:01:34,29.46,0.01,39,114874,买盘
10:01:36,29.45,-0.01,444,1307998,卖盘
10:01:40,29.46,0.01,258,760039,买盘
10:01:42,29.46,0.0,1211,3568628,买盘
10:01:45,29.46,0.0,331,975104,买盘
10:01:48,29.47,0.01,74,218046,买盘
10:01:51,29.48,0.01,45,132636,买盘
10:01:54,29.48,0.0,191,563004,买盘
10:01:57,29.48,0.0,731,2154485,买盘
10:02:00,29.47,-0.01,544,1603680,卖盘
10:02:04,29.47,0.0,183,539319,买盘
10:02:07,29.47,0.0,1088,3207073,买盘
10:02:10,29.48,0.01,411,1211313,买盘
10:02:12,29.48,0.0,268,789845,买盘
10:02:16,29.47,-0.01,132,389048,卖盘
10:02:19,29.48,0.01,148,436296,买盘
10:02:22,29.47,-0.01,994,2930228,卖盘
10:02:25,29.47,0.0,299,881238,卖盘
10:02:28,29.48,0.01,336,990530,买盘
10:02:30,29.49,0.01,783,2307935,买盘
10:02:34,29.48,-0.01,312,919779,卖盘
10:02:36,29.47,-0.01,86,253516,卖盘
10:02:39,29.48,0.01,404,1190987,买盘
10:02:42,29.48,0.0,622,1834595,买盘
10:02:45,29.49,0.01,912,2688842,买盘
10:02:48,29.48,-0.01,322,949172,卖盘
10:02:52,29.48,0.0,1377,4060685,卖盘
10:02:54,29.48,0.0,77,226995,买盘
10:02:58,29.48,0.0,188,554201,买盘
10:03:00,29.47,-0.01,725,2137215,卖盘
10:03:04,29.48,0.01,576,1698007,买盘
10:03:07,29.47,-0.01,94,277029,卖盘
10:03:10,29.48,0.01,693,2042649,买盘
10:03:12,29.48,0.0,370,1090649,买盘
10:03:15,29.47,-0.01,263,775239,卖盘
10:03:18,29.48,0.01,345,1016831,买盘
10:03:21,29.48,0.0,347,1020590,买盘
10:03:24,29.48,0.0,1017,3001405,买盘
10:03:28,29.48,0.0,87,256453,买盘
10:03:30,29.48,0.0,328,966949,买盘
10:03:34,29.49,0.01,1275,3759806,买盘
10:03:36,29.48,-0.01,179,527819,卖盘
10:03:40,29.49,0.01,507,1495067,买盘
10:03:42,29.48,-0.01,750,2211546,卖盘
10:03:46,29.49,0.01,117,345033,中性盘
10:03:48,29.49,0.0,904,2665965,卖盘
10:03:52,29.49,0.0,1964,5792965,卖盘
10:03:55,29.5,0.01,383,1129786,买盘
10:03:58,29.49,-0.01,306,902408,卖盘
10:04:01,29.49,0.0,436,1285658,买盘
10:04:04,29.51,0.02,6684,19718085,买盘
10:04:06,29.5,-0.01,157,463249,卖盘
10:04:09,29.51,0.01,337,994715,中性盘
10:04:13,29.52,0.01,547,1614590,买盘
10:04:15,29.52,0.0,1231,3631483,买盘
10:04:18,29.53,0.01,188,555011,买盘
10:04:21,29.54,0.01,835,2465720,买盘
10:04:24,29.52,-0.02,510,1506287,卖盘
10:04:27,29.54,0.02,133,392790,买盘
10:04:30,29.54,0.0,108,318963,买盘
10:04:34,29.53,-0.01,267,788634,卖盘
10:04:37,29.54,0.01,217,641002,买盘
10:04:40,29.54,0.0,543,1604264,卖盘
10:04:42,29.54,0.0,295,871559,卖盘
10:04:45,29.55,0.01,594,1755010,买盘
10:04:49,29.54,-0.01,496,1465543,卖盘
10:04:52,29.55,0.01,262,774196,买盘
10:04:54,29.55,0.0,1477,4363982,买盘
10:04:58,29.55,0.0,206,608783,卖盘
10:05:00,29.55,0.0,722,2133541,卖盘
10:05:04,29.55,0.0,657,1941427,买盘
10:05:06,29.55,0.0,1182,3493034,买盘
10:05:09,29.55,0.0,405,1196657,买盘
10:05:12,29.55,0.0,342,1010770,卖盘
10:05:15,29.55,0.0,99,292600,卖盘
10:05:19,29.55,0.0,1424,4210383,卖盘
10:05:21,29.57,0.02,1229,3635069,中性盘
10:05:25,29.57,0.0,191,564800,买盘
10:05:27,29.57,0.0,229,676997,买盘
10:05:31,29.58,0.01,373,1103284,买盘
10:05:33,29.58,0.0,297,878515,卖盘
10:05:36,29.58,0.0,195,576848,卖盘
10:05:39,29.58,0.0,438,1295641,买盘
10:05:43,29.57,-0.01,508,1502532,卖盘
10:05:45,29.58,0.01,1345,3978899,买盘
10:05:48,29.57,-0.01,174,514558,卖盘
10:05:51,29.58,0.01,404,1195043,买盘
10:05:54,29.58,0.0,129,381528,买盘
10:05:57,29.58,0.0,646,1910625,买盘
10:06:00,29.58,0.0,906,2679601,买盘
10:06:04,29.58,0.0,169,499832,买盘
10:06:07,29.56,-0.02,410,1211944,卖盘
10:06:10,29.57,0.01,1089,3220064,买盘
10:06:13,29.57,0.0,112,331111,卖盘
10:06:15,29.56,-0.01,472,1395782,卖盘
10:06:18,29.58,0.02,6117,18104535,买盘
10:06:21,29.56,-0.02,503,1487155,卖盘
10:06:24,29.6,0.04,1186,3509432,买盘
10:06:28,29.6,0.0,721,2134163,卖盘
10:06:31,29.6,0.0,348,1030316,卖盘
10:06:33,29.6,0.0,664,1965622,卖盘
10:06:36,29.61,0.01,434,1284998,买盘
10:06:40,29.62,0.01,648,1919056,买盘
10:06:43,29.63,0.01,365,1081549,买盘
10:06:46,29.63,0.0,133,394119,卖盘
10:06:49,29.64,0.01,330,977868,买盘
10:06:52,29.64,0.0,723,2142848,买盘
10:06:54,29.63,-0.01,223,660945,卖盘
10:06:58,29.63,0.0,336,995827,卖盘
10:07:00,29.64,0.01,497,1473030,买盘
10:07:04,29.64,0.0,133,394147,买盘
10:07:07,29.63,-0.01,1031,3055131,卖盘
10:07:10,29.64,0.01,986,2922008,买盘
10:07:12,29.63,-0.01,141,417813,卖盘
10:07:16,29.64,0.01,595,1763288,买盘
10:07:18,29.63,-0.01,100,296305,中性盘
10:07:22,29.62,-0.01,2917,8647475,卖盘
10:07:24,29.63,0.01,99,293354,卖盘
10:07:28,29.63,0.0,257,761512,卖盘
10:07:30,29.63,0.0,454,1345231,卖盘
10:07:34,29.63,0.0,176,521437,买盘
10:07:36,29.63,0.0,695,2058700,买盘
10:07:39,29.63,0.0,198,586656,买盘
10:07:42,29.63,0.0,216,639954,卖盘
10:07:45,29.63,0.0,336,995465,买盘
10:07:49,29.62,-0.01,125,370296,卖盘
10:07:52,29.62,0.0,304,900552,卖盘
10:07:54,29.61,-0.01,147,435336,卖盘
10:07:58,29.61,0.0,259,766844,卖盘
10:08:01,29.6,-0.01,289,855667,卖盘
10:08:04,29.58,-0.02,41,121350,卖盘
10:08:07,29.59,0.01,71,210040,买盘
10:08:10,29.58,-0.01,262,774977,买盘
10:08:12,29.58,0.0,252,745403,卖盘
10:08:16,29.57,-0.01,89,263291,卖盘
10:08:18,29.58,0.01,547,1618236,买盘
10:08:22,29.58,0.0,567,1677056,买盘
10:08:24,29.55,-0.03,1057,3123539,卖盘
10:08:27,29.57,0.02,43,127140,买盘
10:08:31,29.57,0.0,269,795395,买盘
10:08:33,29.55,-0.02,256,756730,卖盘
10:08:37,29.55,0.0,399,1179131,卖盘
10:08:40,29.57,0.02,351,1037441,买盘
10:08:43,29.55,-0.02,1246,3684232,卖盘
10:08:45,29.56,0.01,155,458238,卖盘
10:08:48,29.58,0.02,688,2034952,买盘
10:08:51,29.58,0.0,111,328346,买盘
10:08:55,29.59,0.01,385,1139172,买盘
10:08:57,29.59,0.0,493,1458690,买盘
10:09:01,29.59,0.0,133,393434,买盘
10:09:04,29.59,0.0,242,716182,卖盘
10:09:07,29.59,0.0,804,2379694,卖盘
10:09:10,29.6,0.01,715,2116389,买盘
10:09:13,29.6,0.0,436,1290564,卖盘
10:09:15,29.6,0.0,167,494295,买盘
10:09:18,29.59,-0.01,58,171636,卖盘
10:09:21,29.59,0.0,702,2077634,卖盘
10:09:24,29.59,0.0,236,698448,买盘
10:09:28,29.59,0.0,62,183443,买盘
10:09:30,29.59,0.0,417,1233678,买盘
10:09:34,29.58,-0.01,166,491155,卖盘
10:09:36,29.57,-0.01,522,1544614,卖盘
10:09:40,29.57,0.0,158,467195,卖盘
10:09:42,29.59,0.02,264,780986,买盘
10:09:46,29.57,-0.02,44,130170,卖盘
10:09:48,29.57,0.0,121,357889,买盘
10:09:51,29.58,0.01,12,35497,买盘
10:09:54,29.57,-0.01,76,224788,卖盘
10:09:57,29.59,0.02,146,431796,买盘
10:10:00,29.58,-0.01,395,1168352,买盘
10:10:04,29.58,0.0,338,999947,卖盘
10:10:07,29.58,0.0,143,423052,卖盘
10:10:09,29.56,-0.02,417,1233059,卖盘
10:10:13,29.56,0.0,245,724403,卖盘
10:10:16,29.57,0.01,54,159664,买盘
10:10:19,29.56,-0.01,69,203930,卖盘
10:10:22,29.57,0.01,265,783490,买盘
10:10:25,29.56,-0.01,503,1486508,卖盘
10:10:27,29.55,-0.01,96,283638,卖盘
10:10:30,29.56,0.01,228,673826,买盘
10:10:34,29.55,-0.01,52,153666,卖盘
10:10:37,29.55,0.0,572,1690193,买盘
10:10:40,29.56,0.01,394,1164232,买盘
10:10:42,29.53,-0.03,190,561362,卖盘
10:10:46,29.53,0.0,122,360271,卖盘
10:10:49,29.53,0.0,99,292359,卖盘
10:10:51,29.54,0.01,112,330852,买盘
10:10:54,29.53,-0.01,169,499193,卖盘
10:10:58,29.54,0.01,307,906710,买盘
10:11:01,29.53,-0.01,492,1453418,卖盘
10:11:04,29.51,-0.02,905,2671681,卖盘
10:11:06,29.53,0.02,401,1183309,中性盘
10:11:09,29.53,0.0,188,555066,买盘
10:11:12,29.5,-0.03,454,1339610,卖盘
10:11:15,29.51,0.01,50,147479,买盘
10:11:18,29.48,-0.03,25,73733,卖盘
10:11:21,29.51,0.03,250,737730,买盘
10:11:24,29.5,-0.01,169,498596,卖盘
10:11:27,29.5,0.0,115,339288,卖盘
10:11:31,29.5,0.0,189,557612,买盘
10:11:33,29.5,0.0,115,339249,卖盘
10:11:37,29.49,-0.01,236,696212,卖盘
10:11:40,29.5,0.01,54,159275,买盘
10:11:42,29.49,-0.01,104,306713,卖盘
10:11:46,29.49,0.0,490,1444879,卖盘
10:11:48,29.47,-0.02,192,566066,卖盘
10:11:51,29.49,0.02,10,29485,买盘
10:11:55,29.48,-0.01,18,53064,卖盘
10:11:57,29.48,0.0,211,622216,卖盘
10:12:00,29.5,0.02,660,1945888,买盘
10:12:05,29.48,-0.02,372,1096895,卖盘
10:12:06,29.48,0.0,61,179860,卖盘
10:12:10,29.49,0.01,174,512972,中性盘
10:12:13,29.46,-0.03,871,2567168,卖盘
10:12:16,29.48,0.02,258,760581,买盘
10:12:19,29.47,-0.01,319,939083,卖盘
10:12:21,29.48,0.01,248,730959,买盘
10:12:25,29.46,-0.02,5,14734,卖盘
10:12:27,29.47,0.01,659,1938634,买盘
10:12:30,29.47,0.0,456,1344082,买盘
10:12:33,29.47,0.0,128,377220,卖盘
10:12:36,29.47,0.0,81,238707,卖盘
10:12:39,29.46,-0.01,188,554070,卖盘
10:12:43,29.48,0.02,93,274061,中性盘
10:12:45,29.47,-0.01,213,627913,卖盘
10:12:49,29.48,0.01,59,173947,中性盘
10:12:51,29.47,-0.01,305,898963,卖盘
10:12:55,29.46,-0.01,369,1087828,卖盘
10:12:58,29.47,0.01,47,138509,买盘
10:13:01,29.47,0.0,37,109039,买盘
10:13:04,29.48,0.01,75,221033,买盘
10:13:07,29.47,-0.01,175,515729,卖盘
10:13:10,29.47,0.0,63,185673,卖盘
10:13:13,29.48,0.01,406,1196726,买盘
10:13:15,29.47,-0.01,196,577522,中性盘
10:13:18,29.47,0.0,57,167991,买盘
10:13:21,29.48,0.01,118,347834,买盘
10:13:25,29.48,0.0,65,191620,卖盘
10:13:27,29.48,0.0,146,430393,卖盘
10:13:30,29.48,0.0,33,97284,买盘
10:13:34,29.48,0.0,137,403925,卖盘
10:13:36,29.48,0.0,158,465852,卖盘
10:13:39,29.49,0.01,228,672211,买盘
10:13:42,29.5,0.01,120,353898,买盘
10:13:45,29.49,-0.01,133,392217,卖盘
10:13:49,29.5,0.01,601,1772680,买盘
10:13:52,29.5,0.0,258,761085,买盘
10:13:55,29.49,-0.01,67,197625,卖盘
10:13:58,29.5,0.01,155,457122,买盘
10:14:00,29.51,0.01,236,696192,买盘
10:14:04,29.51,0.0,214,631304,买盘
10:14:07,29.5,-0.01,305,899609,卖盘
10:14:10,29.5,0.0,36,106207,卖盘
10:14:13,29.5,0.0,334,985629,卖盘
10:14:15,29.49,-0.01,140,412936,卖盘
10:14:18,29.5,0.01,141,415992,买盘
10:14:22,29.5,0.0,145,427750,卖盘
10:14:25,29.51,0.01,57,168163,买盘
10:14:27,29.51,0.0,138,407144,买盘
10:14:31,29.52,0.01,300,885500,买盘
10:14:33,29.52,0.0,62,183004,买盘
10:14:36,29.51,-0.01,406,1198217,卖盘
10:14:39,29.51,0.0,142,418936,买盘
10:14:43,29.51,0.0,172,507519,买盘
10:14:45,29.51,0.0,278,820386,卖盘
10:14:49,29.5,-0.01,117,345264,卖盘
10:14:52,29.51,0.01,97,286270,买盘
10:14:54,29.49,-0.02,174,513302,卖盘
10:14:58,29.5,0.01,41,120950,买盘
10:15:00,29.49,-0.01,233,687130,卖盘
10:15:04,29.49,0.0,112,330379,买盘
10:15:07,29.48,-0.01,186,548308,卖盘
10:15:10,29.48,0.0,31,91407,买盘
10:15:12,29.48,0.0,82,241733,卖盘
10:15:15,29.48,0.0,172,507096,卖盘
10:15:18,29.47,-0.01,122,359666,卖盘
10:15:22,29.48,0.01,40,117920,买盘
10:15:24,29.48,0.0,274,807606,买盘
10:15:28,29.48,0.0,152,447910,买盘
10:15:30,29.48,0.0,22,64849,买盘
10:15:33,29.46,-0.02,188,554181,卖盘
10:15:36,29.46,0.0,91,268086,卖盘
10:15:39,29.46,0.0,41,120829,卖盘
10:15:43,29.46,0.0,104,306384,买盘
10:15:45,29.45,-0.01,139,409428,卖盘
10:15:48,29.45,0.0,62,182633,卖盘
10:15:51,29.45,0.0,137,403575,卖盘
10:15:55,29.46,0.01,19,55960,买盘
10:15:57,29.44,-0.02,109,320963,卖盘
10:16:00,29.45,0.01,41,120728,买盘
10:16:06,29.44,-0.01,140,412161,卖盘
10:16:09,29.45,0.01,207,609430,买盘
10:16:12,29.45,0.0,329,968755,买盘
10:16:16,29.45,0.0,81,238545,卖盘
10:16:19,29.45,0.0,202,594890,卖盘
10:16:22,29.46,0.01,167,491921,买盘
10:16:24,29.45,-0.01,205,603895,卖盘
10:16:28,29.44,-0.01,95,279759,卖盘
10:16:30,29.43,-0.01,74,217955,卖盘
10:16:33,29.44,0.01,88,259086,卖盘
10:16:36,29.44,0.0,155,456326,卖盘
10:16:40,29.45,0.01,84,247358,买盘
10:16:43,29.45,0.0,154,453409,买盘
10:16:45,29.45,0.0,53,156115,卖盘
10:16:48,29.45,0.0,105,309226,卖盘
10:16:52,29.45,0.0,180,530275,卖盘
10:16:54,29.46,0.01,60,176766,卖盘
10:16:58,29.46,0.0,100,294624,卖盘
10:17:00,29.48,0.02,74,218142,买盘
10:17:04,29.48,0.0,103,303646,卖盘
10:17:06,29.47,-0.01,189,557166,卖盘
10:17:09,29.49,0.02,40,117954,买盘
10:17:12,29.49,0.0,181,533730,卖盘
10:17:16,29.48,-0.01,126,371564,卖盘
10:17:18,29.47,-0.01,39,114917,卖盘
10:17:21,29.46,-0.01,261,768905,卖盘
10:17:25,29.45,-0.01,912,2686008,卖盘
10:17:27,29.43,-0.02,242,712606,卖盘
10:17:31,29.44,0.01,101,297321,中性盘
10:17:33,29.45,0.01,250,736161,买盘
10:17:37,29.44,-0.01,85,250295,卖盘
10:17:40,29.43,-0.01,28,82412,卖盘
10:17:42,29.43,0.0,392,1153920,卖盘
10:17:46,29.43,0.0,20,58863,卖盘
10:17:48,29.4,-0.03,315,926712,卖盘
10:17:52,29.43,0.03,152,447466,买盘
10:17:54,29.44,0.01,59,173657,中性盘
10:17:58,29.42,-0.02,96,282518,卖盘
10:18:01,29.42,0.0,34,100028,买盘
10:18:04,29.43,0.01,123,361890,买盘
10:18:06,29.42,-0.01,84,247130,卖盘
10:18:10,29.43,0.01,114,335400,买盘
10:18:13,29.42,-0.01,661,1945280,卖盘
10:18:15,29.42,0.0,433,1273876,买盘
10:18:18,29.42,0.0,80,235312,买盘
10:18:21,29.43,0.01,287,844343,买盘
10:18:24,29.42,-0.01,87,255960,卖盘
10:18:27,29.41,-0.01,371,1091484,卖盘
10:18:31,29.42,0.01,62,182428,卖盘
10:18:33,29.43,0.01,135,397290,买盘
10:18:36,29.42,-0.01,179,526756,卖盘
10:18:40,29.42,0.0,77,226532,买盘
10:18:42,29.42,0.0,211,620736,买盘
10:18:45,29.42,0.0,59,173578,卖盘
10:18:48,29.43,0.01,300,882766,买盘
10:18:51,29.42,-0.01,43,126546,卖盘
10:18:54,29.44,0.02,134,394504,买盘
10:18:57,29.43,-0.01,133,391546,卖盘
10:19:00,29.44,0.01,6,17664,中性盘
10:19:04,29.43,-0.01,276,812627,卖盘
10:19:06,29.43,0.0,273,803625,卖盘
10:19:09,29.43,0.0,132,388476,卖盘
10:19:13,29.43,0.0,772,2271435,买盘
10:19:16,29.42,-0.01,59,173545,卖盘
10:19:18,29.41,-0.01,160,470580,卖盘
10:19:22,29.42,0.01,25,73548,买盘
10:19:24,29.43,0.01,77,226592,买盘
10:19:27,29.43,0.0,280,823816,买盘
10:19:30,29.42,-0.01,41,120640,卖盘
10:19:34,29.42,0.0,203,597380,卖盘
10:19:36,29.43,0.01,340,1000616,买盘
10:19:40,29.43,0.0,13,38259,卖盘
10:19:42,29.44,0.01,153,450432,买盘
10:19:46,29.44,0.0,20,58880,卖盘
10:19:49,29.45,0.01,233,686033,买盘
10:19:51,29.45,0.0,60,176700,买盘
10:19:54,29.46,0.01,60,176760,买盘
10:19:58,29.46,0.0,116,341641,买盘
10:20:00,29.46,0.0,58,170855,买盘
10:20:04,29.46,0.0,739,2175587,卖盘
10:20:07,29.46,0.0,162,477282,卖盘
10:20:09,29.44,-0.02,67,197376,卖盘
10:20:12,29.46,0.02,261,768902,买盘
10:20:15,29.45,-0.01,12,35350,卖盘
10:20:18,29.45,0.0,36,106000,中性盘
10:20:22,29.45,0.0,120,353384,买盘
10:20:24,29.45,0.0,138,406398,买盘
10:20:27,29.42,-0.03,174,511993,卖盘
10:20:31,29.42,0.0,14,41189,卖盘
10:20:34,29.42,0.0,296,871336,卖盘
10:20:37,29.42,0.0,150,441351,卖盘
10:20:40,29.42,0.0,80,235395,卖盘
10:20:42,29.42,0.0,290,853184,卖盘
10:20:45,29.42,0.0,67,197109,买盘
10:20:49,29.4,-0.02,166,488171,卖盘
10:20:52,29.41,0.01,86,252897,买盘
10:20:55,29.42,0.01,176,517790,买盘
10:20:58,29.41,-0.01,142,417619,卖盘
10:21:04,29.41,0.0,382,1123330,买盘
10:21:06,29.4,-0.01,238,699742,卖盘
10:21:10,29.4,0.0,246,723435,卖盘
10:21:13,29.4,0.0,269,791001,卖盘
10:21:15,29.4,0.0,129,379364,卖盘
10:21:19,29.4,0.0,357,1049630,卖盘
10:21:21,29.4,0.0,116,341040,买盘
10:21:25,29.4,0.0,220,646830,卖盘
10:21:27,29.39,-0.01,120,352697,卖盘
10:21:30,29.39,0.0,13,38207,买盘
10:21:34,29.39,0.0,124,364436,买盘
10:21:36,29.38,-0.01,249,731757,卖盘
10:21:39,29.39,0.01,38,111661,买盘
10:21:42,29.39,0.0,125,367321,买盘
10:21:45,29.39,0.0,143,420277,卖盘
10:21:48,29.38,-0.01,92,270381,卖盘
10:21:51,29.38,0.0,188,552371,卖盘
10:21:54,29.38,0.0,283,831930,卖盘
10:21:57,29.37,-0.01,310,910664,卖盘
10:22:00,29.36,-0.01,162,475752,卖盘
10:22:04,29.37,0.01,295,866409,买盘
10:22:07,29.37,0.0,96,281925,买盘
10:22:10,29.37,0.0,160,469798,买盘
10:22:13,29.37,0.0,63,184991,买盘
10:22:15,29.37,0.0,212,622644,卖盘
10:22:18,29.37,0.0,249,731124,卖盘
10:22:21,29.37,0.0,48,140955,卖盘
10:22:24,29.37,0.0,248,728456,买盘
10:22:27,29.35,-0.02,482,1415041,卖盘
10:22:31,29.35,0.0,873,2562255,卖盘
10:22:33,29.33,-0.02,301,883604,卖盘
10:22:36,29.33,0.0,121,355159,卖盘
10:22:40,29.32,-0.01,205,601195,卖盘
10:22:43,29.32,0.0,97,285061,买盘
10:22:45,29.32,0.0,11,32252,卖盘
10:22:49,29.31,-0.01,368,1078876,卖盘
10:22:51,29.33,0.02,54,158367,买盘
10:22:55,29.31,-0.02,513,1503893,卖盘
10:22:58,29.31,0.0,175,513034,卖盘
10:23:00,29.32,0.01,383,1122943,买盘
10:23:04,29.32,0.0,463,1357184,买盘
10:23:07,29.32,0.0,81,237516,卖盘
10:23:09,29.32,0.0,437,1281281,卖盘
10:23:13,29.33,0.01,144,422192,买盘
10:23:15,29.33,0.0,156,457462,卖盘
10:23:18,29.32,-0.01,196,574692,卖盘
10:23:22,29.32,0.0,309,906097,卖盘
10:23:25,29.3,-0.02,1741,5103816,卖盘
10:23:27,29.31,0.01,67,196451,卖盘
10:23:30,29.31,0.0,436,1277704,买盘
10:23:34,29.31,0.0,53,155358,卖盘
10:23:37,29.33,0.02,37,108517,买盘
10:23:39,29.32,-0.01,576,1688560,卖盘
10:23:42,29.32,0.0,191,560174,卖盘
10:23:45,29.32,0.0,144,422314,卖盘
10:23:48,29.32,0.0,122,357716,卖盘
10:23:51,29.33,0.01,55,161272,买盘
10:23:54,29.35,0.02,10,29350,买盘
10:23:57,29.32,-0.03,161,472284,卖盘
10:24:00,29.35,0.03,26,76306,买盘
10:24:05,29.35,0.0,26,76302,买盘
10:24:07,29.36,0.01,22,64590,买盘
10:24:10,29.37,0.01,230,675258,买盘
10:24:12,29.37,0.0,522,1532122,买盘
10:24:16,29.35,-0.02,166,487472,卖盘
10:24:19,29.33,-0.02,241,707025,卖盘
10:24:22,29.35,0.02,205,601675,买盘
10:24:25,29.35,0.0,95,278831,买盘
10:24:27,29.37,0.02,313,918694,买盘
10:24:31,29.36,-0.01,3,8808,中性盘
10:24:33,29.35,-0.01,240,704851,卖盘
10:24:36,29.36,0.01,39,114547,中性盘
10:24:40,29.36,0.0,211,619345,卖盘
10:24:42,29.39,0.03,159,467097,买盘
10:24:45,29.35,-0.04,209,613721,卖盘
10:24:48,29.35,0.0,70,205393,买盘
10:24:51,29.35,0.0,42,123270,买盘
10:24:54,29.36,0.01,20,58717,买盘
10:24:57,29.35,-0.01,355,1042360,卖盘
10:25:00,29.41,0.06,1404,4127395,买盘
10:25:04,29.41,0.0,207,608662,买盘
10:25:06,29.4,-0.01,108,317622,卖盘
10:25:09,29.42,0.02,813,2390741,买盘
10:25:12,29.42,0.0,234,688253,买盘
10:25:15,29.42,0.0,456,1341147,买盘
10:25:18,29.39,-0.03,673,1977820,卖盘
10:25:21,29.39,0.0,16,47024,买盘
10:25:24,29.39,0.0,253,743450,买盘
10:25:28,29.38,-0.01,227,666291,中性盘
10:25:31,29.39,0.01,57,167522,买盘
10:25:33,29.4,0.01,856,2513767,买盘
10:25:36,29.39,-0.01,74,217474,中性盘
10:25:40,29.39,0.0,336,985629,买盘
10:25:42,29.37,-0.02,26,76373,卖盘
10:25:45,29.38,0.01,233,684951,买盘
10:25:48,29.37,-0.01,105,308260,中性盘
10:25:52,29.37,0.0,20,58732,买盘
10:25:55,29.37,0.0,64,187988,买盘
10:25:58,29.35,-0.02,305,895395,卖盘
10:26:01,29.35,0.0,180,528608,买盘
10:26:04,29.37,0.02,21,61671,买盘
10:26:07,29.37,0.0,25,73397,买盘
10:26:09,29.4,0.03,133,390420,买盘
10:26:12,29.37,-0.03,27,79293,买盘
10:26:15,29.37,0.0,1,2937,卖盘
10:26:18,29.37,0.0,102,299604,卖盘
10:26:22,29.38,0.01,20,58747,卖盘
10:26:24,29.38,0.0,152,446725,卖盘
10:26:28,29.37,-0.01,506,1486764,卖盘
10:26:31,29.39,0.02,69,202768,买盘
10:26:33,29.4,0.01,164,481904,买盘
10:26:36,29.39,-0.01,71,208713,卖盘
10:26:39,29.36,-0.03,171,502075,卖盘
10:26:42,29.39,0.03,372,1092863,买盘
10:26:45,29.39,0.0,4,11756,中性盘
10:26:48,29.36,-0.03,100,293691,卖盘
10:26:51,29.37,0.01,13,38214,中性盘
10:26:54,29.4,0.03,168,493908,买盘
10:26:57,29.36,-0.04,242,710927,卖盘
10:27:01,29.39,0.03,21,61673,中性盘
10:27:04,29.4,0.01,180,529064,买盘
10:27:07,29.37,-0.03,85,249728,卖盘
10:27:09,29.37,0.0,13,38181,卖盘
10:27:12,29.36,-0.01,560,1644167,卖盘
10:27:15,29.38,0.02,381,1118925,买盘
10:27:19,29.37,-0.01,90,264416,卖盘
10:27:22,29.37,0.0,676,1986733,买盘
10:27:25,29.41,0.04,25,73486,买盘
10:27:28,29.38,-0.03,605,1779342,卖盘
10:27:30,29.39,0.01,16,47043,中性盘
10:27:33,29.38,-0.01,441,1295645,卖盘
10:27:37,29.38,0.0,375,1101544,买盘
10:27:40,29.35,-0.03,329,966342,卖盘
10:27:42,29.36,0.01,124,364045,买盘
10:27:46,29.36,0.0,140,411031,买盘
10:27:48,29.35,-0.01,174,510583,卖盘
10:27:52,29.36,0.01,134,393451,买盘
10:27:54,29.35,-0.01,25,73401,卖盘
10:27:57,29.35,0.0,13,38155,卖盘
10:28:00,29.33,-0.02,352,1032939,卖盘
10:28:04,29.36,0.03,180,528568,买盘
10:28:07,29.39,0.03,544,1598347,买盘
10:28:09,29.33,-0.06,108,316799,卖盘
10:28:12,29.35,0.02,239,701447,买盘
10:28:16,29.34,-0.01,70,205423,卖盘
10:28:18,29.33,-0.01,392,1150161,卖盘
10:28:22,29.39,0.06,730,2143891,买盘
10:28:24,29.34,-0.05,15,44011,中性盘
10:28:27,29.35,0.01,24,70418,卖盘
10:28:31,29.35,0.0,250,733279,买盘
10:28:33,29.35,0.0,66,193731,买盘
10:28:36,29.35,0.0,231,678044,卖盘
10:28:39,29.35,0.0,84,246566,卖盘
10:28:42,29.35,0.0,106,311173,卖盘
10:28:45,29.38,0.03,45,132159,买盘
10:28:49,29.35,-0.03,250,734041,卖盘
10:28:51,29.35,0.0,16,46960,买盘
10:28:55,29.36,0.01,65,190785,买盘
10:28:57,29.35,-0.01,5,14675,卖盘
10:29:00,29.35,0.0,182,534200,卖盘
10:29:04,29.36,0.01,109,319959,买盘
10:29:07,29.36,0.0,28,82208,卖盘
10:29:09,29.36,0.0,99,290664,卖盘
10:29:12,29.37,0.01,72,211433,买盘
10:29:15,29.37,0.0,95,279033,买盘
10:29:18,29.36,-0.01,101,296590,卖盘
10:29:21,29.36,0.0,1644,4828026,卖盘
10:29:24,29.39,0.03,89,261488,买盘
10:29:27,29.35,-0.04,1289,3780845,卖盘
10:29:30,29.35,0.0,41,120352,卖盘
10:29:33,29.35,0.0,140,410899,买盘
10:29:36,29.35,0.0,46,135004,买盘
10:29:39,29.33,-0.02,35,102660,卖盘
10:29:42,29.33,0.0,66,193578,买盘
10:29:45,29.32,-0.01,189,553220,卖盘
10:29:48,29.33,0.01,77,225805,买盘
10:29:51,29.33,0.0,73,214122,卖盘
10:29:54,29.34,0.01,66,193654,买盘
10:29:57,29.36,0.02,30,88039,买盘
10:30:01,29.33,-0.03,133,390192,卖盘
10:30:04,29.34,0.01,106,310970,买盘
10:30:07,29.34,0.0,104,305107,卖盘
10:30:09,29.33,-0.01,73,214130,卖盘
10:30:13,29.32,-0.01,600,1759272,卖盘
10:30:15,29.32,0.0,224,658092,卖盘
10:30:19,29.31,-0.01,279,817806,卖盘
10:30:22,29.31,0.0,272,797250,卖盘
10:30:24,29.34,0.03,236,691930,买盘
10:30:28,29.31,-0.03,257,753209,卖盘
10:30:30,29.31,0.0,89,260855,买盘
10:30:33,29.31,0.0,440,1289467,买盘
10:30:36,29.34,0.03,113,331162,买盘
10:30:40,29.34,0.0,1453,4257529,买盘
10:30:43,29.31,-0.03,607,1780575,卖盘
10:30:45,29.34,0.03,202,592946,卖盘
10:30:49,29.3,-0.04,480,1407612,卖盘
10:30:51,29.3,0.0,32,93760,买盘
10:30:54,29.29,-0.01,600,1757925,卖盘
10:30:57,29.3,0.01,7,20507,买盘
10:31:01,29.3,0.0,288,843657,买盘
10:31:04,29.3,0.0,185,541971,买盘
10:31:06,29.29,-0.01,227,664361,卖盘
10:31:09,29.29,0.0,408,1195490,买盘
10:31:12,29.34,0.05,116,340047,买盘
10:31:15,29.34,0.0,56,164158,买盘
10:31:18,29.3,-0.04,164,480758,卖盘
10:31:21,29.35,0.05,86,252372,买盘
10:31:25,29.36,0.01,188,551764,买盘
10:31:27,29.35,-0.01,111,325641,中性盘
10:31:30,29.3,-0.05,160,469311,卖盘
10:31:34,29.36,0.06,51,149731,买盘
10:31:36,29.36,0.0,145,425748,买盘
10:31:40,29.35,-0.01,87,255070,买盘
10:31:43,29.35,0.0,48,140788,买盘
10:31:46,29.35,0.0,140,410896,买盘
10:31:49,29.31,-0.04,369,1082669,卖盘
10:31:51,29.35,0.04,16,46936,买盘
10:31:55,29.35,0.0,89,261244,买盘
10:31:57,29.38,0.03,7,20555,买盘
10:32:01,29.35,-0.03,125,366929,卖盘
10:32:04,29.38,0.03,171,502383,买盘
10:32:07,29.38,0.0,84,246792,卖盘
10:32:09,29.39,0.01,184,540660,买盘
10:32:13,29.38,-0.01,131,384915,卖盘
10:32:15,29.35,-0.03,187,549498,卖盘
10:32:18,29.35,0.0,1137,3332359,卖盘
10:32:22,29.35,0.0,145,425471,买盘
10:32:25,29.35,0.0,51,149831,卖盘
10:32:27,29.35,0.0,16,46969,卖盘
10:32:31,29.34,-0.01,279,818662,卖盘
10:32:34,29.34,0.0,51,149634,买盘
10:32:36,29.35,0.01,12,35214,买盘
10:32:40,29.32,-0.03,201,589645,卖盘
10:32:43,29.34,0.02,41,120258,买盘
10:32:45,29.34,0.0,7,20530,买盘
10:32:49,29.32,-0.02,71,208201,卖盘
10:32:51,29.33,0.01,29,85066,中性盘
10:32:55,29.34,0.01,165,484027,买盘
10:32:57,29.33,-0.01,27,79212,卖盘
10:33:01,29.34,0.01,41,120234,买盘
10:33:04,29.34,0.0,5,14670,买盘
10:33:06,29.34,0.0,36,105642,买盘
10:33:09,29.34,0.0,85,249390,卖盘
10:33:13,29.35,0.01,115,337515,买盘
10:33:16,29.36,0.01,82,240699,买盘
10:33:19,29.35,-0.01,44,129142,卖盘
10:33:21,29.35,0.0,2,5871,卖盘
10:33:24,29.38,0.03,116,340554,买盘
10:33:27,29.36,-0.02,117,343520,卖盘
10:33:30,29.36,0.0,216,634218,卖盘
10:33:33,29.36,0.0,97,284792,卖盘
10:33:36,29.37,0.01,219,643359,买盘
10:33:39,29.35,-0.02,84,246634,卖盘
10:33:42,29.38,0.03,35,102829,买盘
10:33:45,29.37,-0.01,167,490645,卖盘
10:33:48,29.35,-0.02,130,381689,卖盘
10:33:51,29.38,0.03,807,2370813,买盘
10:33:54,29.37,-0.01,217,637414,卖盘
10:33:57,29.38,0.01,57,167443,买盘
10:34:01,29.36,-0.02,170,499182,卖盘
10:34:04,29.35,-0.01,41,120336,卖盘
10:34:07,29.35,0.0,145,425670,买盘
10:34:10,29.33,-0.02,143,419443,卖盘
10:34:13,29.34,0.01,42,123248,中性盘
10:34:15,29.35,0.01,138,404924,买盘
10:34:19,29.35,0.0,62,181990,卖盘
10:34:21,29.35,0.0,93,273022,卖盘
10:34:24,29.36,0.01,63,184968,买盘
10:34:28,29.36,0.0,35,102760,买盘
10:34:31,29.35,-0.01,88,258347,卖盘
10:34:34,29.36,0.01,50,146793,中性盘
10:34:36,29.36,0.0,147,431727,卖盘
10:34:39,29.36,0.0,31,91016,卖盘
10:34:42,29.36,0.0,469,1377673,卖盘
10:34:45,29.37,0.01,55,161571,卖盘
10:34:48,29.36,-0.01,323,948494,卖盘
10:34:52,29.36,0.0,59,173235,卖盘
10:34:55,29.38,0.02,154,452444,买盘
10:34:57,29.38,0.0,123,361362,卖盘
10:35:00,29.36,-0.02,156,458171,卖盘
10:35:04,29.36,0.0,106,311216,卖盘
10:35:06,29.35,-0.01,199,584289,卖盘
10:35:09,29.34,-0.01,139,407953,卖盘
10:35:12,29.36,0.02,40,117415,买盘
10:35:15,29.36,0.0,488,1432770,卖盘
10:35:18,29.36,0.0,74,217159,买盘
10:35:22,29.33,-0.03,161,472313,卖盘
10:35:24,29.34,0.01,95,278711,买盘
10:35:27,29.3,-0.04,836,2450676,卖盘
10:35:30,29.29,-0.01,322,943298,卖盘
10:35:34,29.28,-0.01,83,242435,卖盘
10:35:37,29.3,0.02,136,398432,买盘
10:35:39,29.28,-0.02,249,729072,卖盘
10:35:42,29.3,0.02,119,348816,买盘
10:35:46,29.3,0.0,42,123060,卖盘
10:35:49,29.29,-0.01,29,84959,卖盘
10:35:52,29.3,0.01,121,354423,中性盘
10:35:55,29.34,0.04,166,487631,买盘
10:35:57,29.3,-0.04,52,151837,买盘
10:36:00,29.29,-0.01,103,301989,卖盘
10:36:05,29.3,0.01,2,5859,中性盘
10:36:06,29.29,-0.01,156,457324,卖盘
10:36:09,29.3,0.01,171,500857,买盘
10:36:12,29.3,0.0,44,128920,卖盘
10:36:15,29.32,0.02,114,334212,买盘
10:36:18,29.3,-0.02,58,170024,卖盘
10:36:21,29.3,0.0,139,407274,卖盘
10:36:25,29.32,0.02,32,93802,买盘
10:36:27,29.31,-0.01,38,111342,中性盘
10:36:30,29.3,-0.01,96,281306,卖盘
10:36:34,29.3,0.0,48,140678,卖盘
10:36:37,29.31,0.01,81,237411,买盘
10:36:40,29.3,-0.01,192,562798,卖盘
10:36:43,29.31,0.01,59,172928,中性盘
10:36:45,29.32,0.01,104,304918,买盘
10:36:48,29.32,0.0,46,134894,卖盘
10:36:51,29.33,0.01,177,518866,买盘
10:36:54,29.33,0.0,95,278583,买盘
10:36:57,29.33,0.0,47,137851,卖盘
10:37:00,29.32,-0.01,92,269819,卖盘
10:37:04,29.32,0.0,69,202282,买盘
10:37:06,29.33,0.01,78,228709,买盘
10:37:09,29.32,-0.01,106,310818,卖盘
10:37:12,29.33,0.01,44,129052,买盘
10:37:15,29.34,0.01,204,598429,买盘
10:37:18,29.33,-0.01,48,140809,中性盘
10:37:21,29.33,0.0,80,234644,卖盘
10:37:24,29.33,0.0,52,154194,卖盘
10:37:27,29.33,0.0,179,525174,卖盘
10:37:30,29.32,-0.01,43,124439,卖盘
10:37:34,29.31,-0.01,31,90877,卖盘
10:37:36,29.33,0.02,81,239132,买盘
10:37:39,29.32,-0.01,73,214044,卖盘
10:37:43,29.32,0.0,37,108509,卖盘
10:37:46,29.33,0.01,26,76258,买盘
10:37:49,29.33,0.0,67,196511,买盘
10:37:51,29.33,0.0,52,152516,卖盘
10:37:54,29.34,0.01,71,208271,买盘
10:37:57,29.34,0.0,55,161372,买盘
10:38:00,29.34,0.0,29,85089,卖盘
10:38:04,29.34,0.0,34,99756,卖盘
10:38:06,29.35,0.01,154,452473,买盘
10:38:09,29.33,-0.02,37,108553,卖盘
10:38:13,29.35,0.02,37,108592,买盘
10:38:15,29.35,0.0,190,557610,买盘
10:38:18,29.34,-0.01,3,7247,卖盘
10:38:22,29.32,-0.02,44,128434,卖盘
10:38:25,29.32,0.0,15,43980,买盘
10:38:27,29.32,0.0,59,174630,买盘
10:38:30,29.32,0.0,77,225794,卖盘
10:38:33,29.32,0.0,16,46918,卖盘
10:38:36,29.34,0.02,143,417973,买盘
10:38:39,29.32,-0.02,60,175921,卖盘
10:38:42,29.32,0.0,37,108484,买盘
10:38:46,29.32,0.0,54,158328,买盘
10:38:48,29.31,-0.01,119,348887,卖盘
10:38:51,29.31,0.0,157,460174,卖盘
10:38:54,29.32,0.01,30,87945,买盘
10:38:57,29.34,0.02,64,187683,买盘
10:39:00,29.32,-0.02,104,304944,卖盘
10:39:05,29.32,0.0,5,14660,卖盘
10:39:07,29.34,0.02,105,309442,买盘
10:39:10,29.32,-0.02,191,560443,卖盘
10:39:13,29.32,0.0,37,108486,卖盘
10:39:15,29.34,0.02,102,299226,买盘
10:39:18,29.34,0.0,59,173104,卖盘
10:39:22,29.34,0.0,183,536798,买盘
10:39:24,29.34,0.0,63,184727,买盘
10:39:27,29.32,-0.02,142,416604,卖盘
10:39:31,29.31,-0.01,34,98279,卖盘
10:39:33,29.3,-0.01,303,887810,卖盘
10:39:37,29.29,-0.01,198,580148,卖盘
10:39:39,29.29,0.0,62,181611,卖盘
10:39:43,29.3,0.01,103,301642,买盘
10:39:45,29.29,-0.01,194,568277,中性盘
10:39:48,29.29,0.0,82,240123,买盘
10:39:52,29.28,-0.01,140,409922,卖盘
10:39:54,29.29,0.01,72,210823,买盘
10:39:57,29.29,0.0,487,1428066,买盘
10:40:01,29.3,0.01,17,49803,中性盘
10:40:05,29.28,-0.02,26,76136,卖盘
10:40:07,29.3,0.02,211,617936,买盘
10:40:10,29.27,-0.03,433,1267247,卖盘
10:40:12,29.27,0.0,63,184379,买盘
10:40:16,29.28,0.01,177,518077,买盘
10:40:18,29.27,-0.01,185,541495,卖盘
10:40:21,29.26,-0.01,127,371611,卖盘
10:40:24,29.24,-0.02,840,2456988,卖盘
10:40:27,29.23,-0.01,278,813766,卖盘
10:40:30,29.23,0.0,494,1442921,卖盘
10:40:33,29.22,-0.01,305,891209,卖盘
10:40:36,29.22,0.0,176,514995,买盘
10:40:39,29.22,0.0,568,1659014,买盘
10:40:42,29.21,-0.01,295,861787,卖盘
10:40:45,29.22,0.01,457,1333799,买盘
10:40:48,29.21,-0.01,172,502534,买盘
10:40:51,29.21,0.0,421,1229357,买盘
10:40:55,29.21,0.0,137,400189,买盘
10:40:57,29.22,0.01,68,198648,买盘
10:41:01,29.21,-0.01,759,2217335,卖盘
10:41:04,29.22,0.01,40,116871,买盘
10:41:07,29.22,0.0,19,55518,买盘
10:41:09,29.22,0.0,19,55518,卖盘
10:41:12,29.22,0.0,308,900048,卖盘
10:41:15,29.23,0.01,89,260076,买盘
10:41:19,29.23,0.0,36,105228,卖盘
10:41:21,29.24,0.01,148,432637,买盘
10:41:25,29.22,-0.02,102,298118,卖盘
10:41:27,29.25,0.03,158,461929,买盘
10:41:30,29.24,-0.01,145,423980,卖盘
10:41:34,29.25,0.01,48,140353,买盘
10:41:37,29.25,0.0,178,520627,买盘
10:41:39,29.26,0.01,44,128730,买盘
10:41:42,29.26,0.0,201,587955,买盘
10:41:46,29.27,0.01,60,175607,买盘
10:41:49,29.26,-0.01,98,286845,卖盘
10:41:51,29.26,0.0,78,228228,卖盘
10:41:55,29.28,0.02,84,245852,买盘
10:41:57,29.27,-0.01,11,32205,卖盘
10:42:01,29.26,-0.01,213,623434,卖盘
10:42:04,29.28,0.02,291,851596,买盘
10:42:07,29.27,-0.01,884,2588297,卖盘
10:42:09,29.28,0.01,84,247542,买盘
10:42:13,29.26,-0.02,157,459478,卖盘
10:42:15,29.28,0.02,159,465440,买盘
10:42:19,29.26,-0.02,105,305621,卖盘
10:42:21,29.21,-0.05,722,2110111,卖盘
10:42:25,29.24,0.03,40,118359,买盘
10:42:28,29.21,-0.03,489,1428803,卖盘
10:42:31,29.2,-0.01,656,1915712,卖盘
10:42:34,29.21,0.01,322,940013,卖盘
10:42:36,29.21,0.0,238,695210,卖盘
10:42:40,29.21,0.0,98,286241,买盘
10:42:42,29.21,0.0,449,1310617,买盘
10:42:45,29.23,0.02,46,134381,买盘
10:42:48,29.21,-0.02,161,470534,卖盘
10:42:51,29.21,0.0,43,125586,买盘
10:42:54,29.2,-0.01,294,858914,卖盘
10:42:57,29.22,0.02,29,84717,买盘
10:43:01,29.21,-0.01,56,163586,卖盘
10:43:05,29.21,0.0,104,303813,卖盘
10:43:07,29.24,0.03,122,356606,买盘
10:43:10,29.24,0.0,37,108188,卖盘
10:43:13,29.23,-0.01,213,622730,卖盘
10:43:15,29.24,0.01,12,35084,买盘
10:43:18,29.24,0.0,189,552731,买盘
10:43:21,29.2,-0.04,265,773846,卖盘
10:43:25,29.2,0.0,89,260026,买盘
10:43:27,29.22,0.02,533,1555409,买盘
10:43:31,29.2,-0.02,133,388389,卖盘
10:43:34,29.2,0.0,109,318292,卖盘
10:43:37,29.23,0.03,79,230738,买盘
10:43:40,29.23,0.0,44,128648,卖盘
10:43:42,29.24,0.01,166,485113,中性盘
10:43:46,29.25,0.01,95,277678,买盘
10:43:48,29.23,-0.02,120,350705,买盘
10:43:51,29.26,0.03,144,420719,买盘
10:43:54,29.26,0.0,11,32186,买盘
10:43:58,29.25,-0.01,173,506071,买盘
10:44:00,29.25,0.0,22,64331,买盘
10:44:04,29.24,-0.01,16,46798,卖盘
10:44:07,29.26,0.02,131,383219,买盘
10:44:09,29.26,0.0,93,272118,卖盘
10:44:12,29.24,-0.02,47,137435,卖盘
10:44:16,29.23,-0.01,89,260148,卖盘
10:44:19,29.2,-0.03,129,376789,卖盘
10:44:21,29.2,0.0,106,309492,买盘
10:44:25,29.2,0.0,65,189749,买盘
10:44:28,29.19,-0.01,62,180983,卖盘
10:44:30,29.18,-0.01,8,24426,卖盘
10:44:34,29.18,0.0,130,379349,卖盘
10:44:36,29.18,0.0,189,551580,卖盘
10:44:40,29.17,-0.01,136,394685,卖盘
10:44:42,29.16,-0.01,92,268379,卖盘
10:44:45,29.17,0.01,108,314830,卖盘
10:44:49,29.18,0.01,424,1236481,买盘
10:44:52,29.15,-0.03,119,346901,卖盘
10:44:55,29.17,0.02,34,99178,买盘
10:44:58,29.16,-0.01,13,39869,卖盘
10:45:00,29.16,0.0,17,49577,卖盘
10:45:04,29.16,0.0,52,151635,卖盘
10:45:06,29.17,0.01,155,449844,买盘
10:45:09,29.16,-0.01,75,220888,卖盘
10:45:12,29.16,0.0,591,1722802,买盘
10:45:16,29.17,0.01,216,627587,买盘
10:45:19,29.16,-0.01,45,131222,卖盘
10:45:22,29.15,-0.01,155,452760,卖盘
10:45:25,29.14,-0.01,117,341111,卖盘
10:45:27,29.16,0.02,4,11664,卖盘
10:45:30,29.14,-0.02,118,343977,卖盘
10:45:34,29.15,0.01,55,160334,中性盘
10:45:36,29.14,-0.01,16,46631,卖盘
10:45:40,29.14,0.0,36,104922,卖盘
10:45:42,29.15,0.01,198,577044,买盘
10:45:46,29.14,-0.01,155,451628,买盘
10:45:49,29.14,0.0,119,346800,买盘
10:45:52,29.16,0.02,445,1297185,买盘
10:45:55,29.17,0.01,104,303270,买盘
10:45:57,29.16,-0.01,13,37892,买盘
10:46:01,29.18,0.02,262,765453,买盘
10:46:04,29.16,-0.02,203,590088,卖盘
10:46:06,29.18,0.02,66,192559,买盘
10:46:09,29.18,0.0,69,201332,买盘
10:46:12,29.16,-0.02,153,446185,卖盘
10:46:15,29.16,0.0,184,536490,买盘
10:46:18,29.16,0.0,143,417421,卖盘
10:46:21,29.15,-0.01,1408,4100695,卖盘
10:46:24,29.15,0.0,80,233196,买盘
10:46:27,29.16,0.01,28,81645,买盘
10:46:30,29.15,-0.01,58,169077,卖盘
10:46:34,29.14,-0.01,177,515918,卖盘
10:46:37,29.15,0.01,155,453374,买盘
10:46:40,29.14,-0.01,21,61203,中性盘
10:46:42,29.13,-0.01,114,332149,卖盘
10:46:46,29.14,0.01,64,186478,买盘
10:46:48,29.16,0.02,85,247713,买盘
10:46:51,29.13,-0.03,43,125296,卖盘
10:46:54,29.13,0.0,183,532986,买盘
10:46:58,29.13,0.0,156,454435,卖盘
10:47:01,29.14,0.01,61,177696,买盘
10:47:04,29.13,-0.01,119,346619,卖盘
10:47:07,29.14,0.01,28,81600,卖盘
10:47:09,29.13,-0.01,45,131120,卖盘
10:47:12,29.14,0.01,213,620464,买盘
10:47:15,29.14,0.0,56,162506,买盘
10:47:19,29.13,-0.01,182,530316,卖盘
10:47:22,29.13,0.0,113,329181,卖盘
10:47:25,29.13,0.0,235,684272,买盘
10:47:28,29.14,0.01,102,297140,买盘
10:47:31,29.13,-0.01,65,189336,买盘
10:47:33,29.11,-0.02,1441,4194073,卖盘
10:47:36,29.12,0.01,384,1118616,买盘
10:47:39,29.12,0.0,35,101923,中性盘
10:47:42,29.11,-0.01,62,180507,卖盘
10:47:45,29.11,0.0,437,1271998,买盘
10:47:48,29.11,0.0,171,497725,买盘
10:47:51,29.11,0.0,120,349338,卖盘
10:47:54,29.11,0.0,164,477364,卖盘
10:47:58,29.11,0.0,138,401654,卖盘
10:48:00,29.11,0.0,46,133892,买盘
10:48:04,29.11,0.0,293,851514,买盘
10:48:06,29.12,0.01,166,483301,买盘
10:48:09,29.12,0.0,46,134561,买盘
10:48:12,29.11,-0.01,199,579180,买盘
10:48:15,29.11,0.0,466,1358493,买盘
10:48:18,29.11,0.0,105,305827,卖盘
10:48:22,29.13,0.02,15,43679,中性盘
10:48:24,29.11,-0.02,21,61161,卖盘
10:48:28,29.11,0.0,46,133914,卖盘
10:48:31,29.11,0.0,27,78616,卖盘
10:48:34,29.12,0.01,315,917056,买盘
10:48:36,29.13,0.01,112,326242,买盘
10:48:39,29.12,-0.01,30,87385,卖盘
10:48:43,29.14,0.02,70,203883,买盘
10:48:46,29.13,-0.01,82,238870,卖盘
10:48:48,29.12,-0.01,580,1686482,卖盘
10:48:51,29.13,0.01,10,30791,买盘
10:48:54,29.15,0.02,334,972920,买盘
10:48:58,29.12,-0.03,124,361366,卖盘
10:49:00,29.13,0.01,48,139793,买盘
10:49:04,29.14,0.01,76,221348,买盘
10:49:06,29.14,0.0,62,180691,买盘
10:49:10,29.14,0.0,627,1825712,卖盘
10:49:13,29.15,0.01,99,288466,买盘
10:49:16,29.15,0.0,187,544952,买盘
10:49:19,29.15,0.0,19,55385,买盘
10:49:21,29.13,-0.02,155,451805,卖盘
10:49:25,29.16,0.03,52,151618,买盘
10:49:27,29.16,0.0,38,110775,买盘
10:49:30,29.16,0.0,82,239056,买盘
10:49:34,29.14,-0.02,78,227378,卖盘
10:49:36,29.17,0.03,294,856980,买盘
10:49:39,29.16,-0.01,156,454958,卖盘
10:49:43,29.18,0.02,114,330197,买盘
10:49:45,29.17,-0.01,59,172032,买盘
10:49:48,29.17,0.0,47,137081,买盘
10:49:52,29.17,0.0,65,189599,买盘
10:49:54,29.17,0.0,45,131234,买盘
10:49:57,29.16,-0.01,65,189529,卖盘
10:50:00,29.17,0.01,77,224542,买盘
10:50:04,29.17,0.0,73,212920,买盘
10:50:07,29.18,0.01,82,239225,买盘
10:50:10,29.16,-0.02,46,134149,卖盘
10:50:12,29.16,0.0,52,151618,卖盘
10:50:16,29.16,0.0,318,927235,买盘
10:50:18,29.15,-0.01,238,693511,卖盘
10:50:22,29.15,0.0,36,104922,买盘
10:50:24,29.14,-0.01,61,177759,卖盘
10:50:28,29.13,-0.01,29,84477,卖盘
10:50:30,29.12,-0.01,226,660412,卖盘
10:50:33,29.1,-0.02,237,689499,卖盘
10:50:37,29.1,0.0,261,759917,卖盘
10:50:39,29.13,0.03,74,215004,买盘
10:50:42,29.12,-0.01,188,547020,中性盘
10:50:45,29.13,0.01,36,104849,买盘
10:50:48,29.1,-0.03,16,46575,卖盘
10:50:51,29.1,0.0,166,483055,卖盘
10:50:54,29.1,0.0,412,1198936,买盘
10:50:58,29.1,0.0,599,1742200,买盘
10:51:00,29.1,0.0,241,700873,买盘
10:51:04,29.08,-0.02,76,221134,卖盘
10:51:06,29.06,-0.02,460,1337043,卖盘
10:51:09,29.07,0.01,256,744036,买盘
10:51:12,29.07,0.0,116,337207,卖盘
10:51:15,29.08,0.01,433,1258192,卖盘
10:51:19,29.1,0.02,267,776468,买盘
10:51:21,29.09,-0.01,416,1208784,卖盘
10:51:25,29.09,0.0,200,581544,买盘
10:51:28,29.08,-0.01,103,299488,中性盘
10:51:31,29.08,0.0,68,197625,买盘
10:51:33,29.08,0.0,41,119206,买盘
10:51:37,29.08,0.0,939,2725775,买盘
10:51:40,29.05,-0.03,275,799148,中性盘
10:51:42,29.07,0.02,62,179361,买盘
10:51:46,29.05,-0.02,40,116203,卖盘
10:51:48,29.05,0.0,96,278997,买盘
10:51:51,29.03,-0.02,146,423883,卖盘
10:51:55,29.01,-0.02,148,430079,卖盘
10:51:57,29.02,0.01,54,156771,中性盘
10:52:01,29.05,0.03,115,333986,买盘
10:52:05,29.05,0.0,139,403487,买盘
10:52:07,29.04,-0.01,218,632878,中性盘
10:52:09,29.05,0.01,168,487763,买盘
10:52:13,29.04,-0.01,98,284616,中性盘
10:52:15,29.05,0.01,203,590008,卖盘
10:52:18,29.05,0.0,65,188818,买盘
10:52:22,29.05,0.0,138,401049,卖盘
10:52:24,29.06,0.01,162,470519,中性盘
10:52:27,29.03,-0.03,66,191769,卖盘
10:52:30,29.08,0.05,64,186008,买盘
10:52:33,29.03,-0.05,178,517155,卖盘
10:52:37,29.03,0.0,69,200164,卖盘
10:52:40,29.03,0.0,26,75526,卖盘
10:52:42,29.05,0.02,88,255545,买盘
10:52:46,29.06,0.01,114,331253,买盘
10:52:49,29.07,0.01,15,43594,买盘
10:52:52,29.07,0.0,59,171512,卖盘
10:52:55,29.05,-0.02,73,212149,卖盘
10:52:57,29.04,-0.01,183,531751,卖盘
10:53:00,29.05,0.01,111,322430,买盘
10:53:05,29.04,-0.01,70,203289,卖盘
10:53:07,29.04,0.0,63,182983,卖盘
10:53:10,29.04,0.0,189,548856,卖盘
10:53:12,29.05,0.01,2331,6763687,买盘
10:53:16,29.04,-0.01,51,148096,买盘
10:53:18,29.03,-0.01,29,84199,卖盘
10:53:21,29.04,0.01,48,139366,买盘
10:53:24,29.05,0.01,221,641439,买盘
10:53:27,29.05,0.0,61,177222,卖盘
10:53:30,29.05,0.0,127,368910,买盘
10:53:34,29.06,0.01,80,232458,买盘
10:53:37,29.07,0.01,155,450539,买盘
10:53:40,29.06,-0.01,90,261619,卖盘
10:53:42,29.06,0.0,89,258636,卖盘
10:53:46,29.06,0.0,94,273217,买盘
10:53:49,29.06,0.0,98,284766,买盘
10:53:51,29.06,0.0,29,84270,买盘
10:53:54,29.06,0.0,62,180137,买盘
10:53:57,29.07,0.01,20,58137,买盘
10:54:00,29.06,-0.01,23,66853,卖盘
10:54:05,29.06,0.0,96,279007,卖盘
10:54:07,29.07,0.01,56,162767,买盘
10:54:09,29.06,-0.01,72,209250,卖盘
10:54:12,29.07,0.01,150,435475,买盘
10:54:16,29.07,0.0,144,418594,卖盘
10:54:19,29.09,0.02,346,1006410,买盘
10:54:21,29.09,0.0,93,270537,卖盘
10:54:24,29.09,0.0,249,724516,卖盘
10:54:27,29.09,0.0,84,245122,卖盘
10:54:30,29.09,0.0,39,113482,卖盘
10:54:33,29.09,0.0,35,101117,卖盘
10:54:36,29.1,0.01,267,777529,买盘
10:54:39,29.11,0.01,70,203736,买盘
10:54:42,29.11,0.0,60,174640,买盘
10:54:45,29.11,0.0,316,921032,卖盘
10:54:48,29.12,0.01,31,90272,卖盘
10:54:51,29.13,0.01,30,87387,买盘
10:54:55,29.13,0.0,111,323350,买盘
10:54:57,29.13,0.0,358,1042790,买盘
10:55:00,29.13,0.0,48,139781,买盘
10:55:05,29.12,-0.01,59,171786,买盘
10:55:07,29.13,0.01,296,862102,买盘
10:55:10,29.11,-0.02,71,206697,卖盘
10:55:13,29.13,0.02,140,407688,买盘
10:55:16,29.11,-0.02,80,232880,卖盘
10:55:18,29.11,0.0,50,145550,买盘
10:55:21,29.11,0.0,74,215409,买盘
10:55:25,29.11,0.0,109,317292,买盘
10:55:27,29.11,0.0,32,93138,卖盘
10:55:30,29.12,0.01,66,192149,买盘
10:55:34,29.11,-0.01,37,107695,买盘
10:55:36,29.12,0.01,173,503622,买盘
10:55:39,29.1,-0.02,110,319408,卖盘
10:55:42,29.1,0.0,28,81480,买盘
10:55:46,29.1,0.0,73,211405,买盘
10:55:48,29.11,0.01,55,160105,买盘
10:55:52,29.11,0.0,226,657316,买盘
10:55:55,29.11,0.0,89,259079,卖盘
10:55:58,29.1,-0.01,27,78592,卖盘
10:56:00,29.11,0.01,5,14555,买盘
10:56:04,29.12,0.01,252,733474,买盘
10:56:07,29.1,-0.02,387,1126382,卖盘
10:56:10,29.1,0.0,50,145500,买盘
10:56:12,29.1,0.0,61,177510,买盘
10:56:16,29.1,0.0,44,128040,买盘
10:56:18,29.1,0.0,322,937025,买盘
10:56:21,29.1,0.0,42,122241,卖盘
10:56:24,29.1,0.0,15,43663,中性盘
10:56:27,29.1,0.0,250,727679,卖盘
10:56:30,29.1,0.0,230,668951,卖盘
10:56:33,29.09,-0.01,41,119292,卖盘
10:56:36,29.09,0.0,5,14544,买盘
10:56:40,29.09,0.0,35,101815,买盘
10:56:43,29.09,0.0,246,715175,买盘
10:56:45,29.09,0.0,65,189038,买盘
10:56:48,29.09,0.0,6,17454,卖盘
10:56:52,29.09,0.0,5,14545,卖盘
10:56:55,29.11,0.02,263,765337,买盘
10:56:57,29.1,-0.01,212,616934,卖盘
10:57:00,29.11,0.01,230,669736,卖盘
10:57:04,29.12,0.01,53,154367,买盘
10:57:06,29.12,0.0,118,343727,卖盘
10:57:09,29.13,0.01,594,1729407,买盘
10:57:12,29.11,-0.02,28,81508,买盘
10:57:16,29.11,0.0,19,55307,买盘
10:57:19,29.11,0.0,273,794464,买盘
10:57:21,29.11,0.0,11,32030,卖盘
10:57:25,29.11,0.0,21,61156,卖盘
10:57:27,29.12,0.01,18,52416,卖盘
10:57:30,29.13,0.01,58,168900,买盘
10:57:34,29.13,0.0,83,241779,买盘
10:57:36,29.14,0.01,143,416684,买盘
10:57:40,29.14,0.0,20,58280,卖盘
10:57:42,29.15,0.01,72,209865,买盘
10:57:46,29.15,0.0,15,43725,买盘
10:57:48,29.15,0.0,80,233184,买盘
10:57:51,29.15,0.0,45,131175,买盘
10:57:54,29.18,0.03,116,338211,买盘
10:57:57,29.15,-0.03,15,43725,卖盘
10:58:01,29.18,0.03,106,309276,买盘
10:58:04,29.18,0.0,6,17508,买盘
10:58:07,29.18,0.0,11,32083,买盘
10:58:09,29.17,-0.01,54,157478,中性盘
10:58:13,29.16,-0.01,3,8748,卖盘
10:58:16,29.17,0.01,41,119622,卖盘
10:58:18,29.19,0.02,277,808408,买盘
10:58:22,29.19,0.0,36,105052,买盘
10:58:24,29.19,0.0,75,218928,买盘
10:58:27,29.17,-0.02,45,131305,卖盘
10:58:31,29.19,0.02,63,183879,买盘
10:58:34,29.18,-0.01,18,52522,买盘
10:58:36,29.18,0.0,19,55429,买盘
10:58:40,29.19,0.01,68,198482,买盘
10:58:43,29.18,-0.01,141,411367,中性盘
10:58:45,29.18,0.0,30,87540,买盘
10:58:48,29.19,0.01,77,224665,买盘
10:58:52,29.18,-0.01,34,99231,中性盘
10:58:54,29.19,0.01,28,81708,买盘
10:58:57,29.2,0.01,1106,3231246,买盘
10:59:01,29.2,0.0,100,292000,卖盘
10:59:04,29.23,0.03,439,1281667,买盘
10:59:07,29.18,-0.05,43,125574,卖盘
10:59:09,29.2,0.02,24,70057,买盘
10:59:12,29.2,0.0,12,35028,买盘
10:59:16,29.19,-0.01,47,137219,卖盘
10:59:18,29.2,0.01,7,20438,买盘
10:59:21,29.19,-0.01,46,134291,卖盘
10:59:25,29.25,0.06,723,2111722,买盘
10:59:27,29.19,-0.06,14,40872,买盘
10:59:31,29.2,0.01,48,140136,买盘
10:59:34,29.2,0.0,79,230680,卖盘
10:59:37,29.2,0.0,308,899331,买盘
10:59:40,29.2,0.0,34,99253,买盘
10:59:42,29.2,0.0,8,23354,买盘
10:59:46,29.18,-0.02,353,1030693,卖盘
10:59:48,29.17,-0.01,28,81727,卖盘
10:59:51,29.18,0.01,65,189613,买盘
10:59:54,29.18,0.0,81,236357,卖盘
10:59:57,29.16,-0.02,61,177906,卖盘
11:00:00,29.17,0.01,120,349986,中性盘
11:00:05,29.15,-0.02,129,376072,卖盘
11:00:07,29.15,0.0,131,381870,卖盘
11:00:09,29.15,0.0,25,73412,卖盘
11:00:12,29.13,-0.02,35,101970,卖盘
11:00:16,29.16,0.03,59,171912,买盘
11:00:19,29.15,-0.01,40,116548,中性盘
11:00:21,29.1,-0.05,220,640289,卖盘
11:00:25,29.11,0.01,195,567467,买盘
11:00:27,29.1,-0.01,107,311370,卖盘
11:00:31,29.09,-0.01,74,215284,卖盘
11:00:34,29.08,-0.01,38,110507,卖盘
11:00:37,29.08,0.0,271,788068,卖盘
11:00:40,29.07,-0.01,48,139566,卖盘
11:00:42,29.06,-0.01,68,198654,卖盘
11:00:45,29.06,0.0,235,682716,买盘
11:00:48,29.05,-0.01,236,686162,卖盘
11:00:51,29.04,-0.01,100,290400,卖盘
11:00:54,29.04,0.0,100,290327,买盘
11:00:57,29.05,0.01,223,647699,买盘
11:01:00,29.03,-0.02,13,37744,中性盘
11:01:05,29.03,0.0,307,891372,卖盘
11:01:07,29.03,0.0,69,200301,卖盘
11:01:10,29.03,0.0,41,119042,卖盘
11:01:13,29.03,0.0,63,182869,买盘
11:01:16,29.04,0.01,135,392063,买盘
11:01:18,29.04,0.0,106,307871,卖盘
11:01:21,29.03,-0.01,72,209025,卖盘
11:01:24,29.04,0.01,96,278793,买盘
11:01:27,29.04,0.0,62,180089,卖盘
11:01:31,29.03,-0.01,162,470374,卖盘
11:01:34,29.05,0.02,193,560141,买盘
11:01:36,29.05,0.0,130,377546,买盘
11:01:39,29.04,-0.01,158,459013,中性盘
11:01:43,29.03,-0.01,134,388912,卖盘
11:01:45,29.06,0.03,147,427042,买盘
11:01:48,29.03,-0.03,111,322357,卖盘
11:01:52,29.06,0.03,537,1559366,买盘
11:01:55,29.06,0.0,184,534130,买盘
11:01:57,29.04,-0.02,39,113243,中性盘
11:02:00,29.03,-0.01,32,92924,卖盘
11:02:04,29.05,0.02,395,1146846,买盘
11:02:07,29.03,-0.02,164,476189,卖盘
11:02:10,29.03,0.0,19,55162,中性盘
11:02:13,29.03,0.0,85,246767,卖盘
11:02:15,29.06,0.03,62,180071,买盘
11:02:18,29.06,0.0,143,415215,买盘
11:02:21,29.06,0.0,83,241152,买盘
11:02:24,29.07,0.01,64,185995,买盘
11:02:27,29.07,0.0,15,43598,买盘
11:02:30,29.07,0.0,20,58143,卖盘
11:02:34,29.07,0.0,86,249614,卖盘
11:02:37,29.08,0.01,108,312530,买盘
11:02:39,29.09,0.01,30,87257,买盘
11:02:42,29.07,-0.02,161,468185,卖盘
11:02:46,29.08,0.01,85,247297,中性盘
11:02:48,29.08,0.0,47,136682,卖盘
11:02:52,29.09,0.01,577,1677975,中性盘
11:02:54,29.09,0.0,479,1393073,中性盘
11:02:57,29.15,0.06,283,824462,买盘
11:03:01,29.08,-0.07,723,2106367,卖盘
11:03:04,29.09,0.01,40,116390,买盘
11:03:07,29.09,0.0,9,26176,买盘
11:03:09,29.09,0.0,25,72716,买盘
11:03:12,29.08,-0.01,102,296628,卖盘
11:03:16,29.09,0.01,173,503104,买盘
11:03:19,29.09,0.0,44,127994,买盘
11:03:21,29.08,-0.01,79,229747,卖盘
11:03:25,29.08,0.0,47,136661,买盘
11:03:27,29.07,-0.01,128,372133,卖盘
11:03:30,29.08,0.01,169,491358,买盘
11:03:33,29.07,-0.01,84,244212,卖盘
11:03:37,29.08,0.01,179,522397,买盘
11:03:39,29.08,0.0,128,372301,买盘
11:03:43,29.08,0.0,49,142485,买盘
11:03:45,29.08,0.0,101,293600,卖盘
11:03:49,29.07,-0.01,52,151190,卖盘
11:03:51,29.07,0.0,82,238332,买盘
11:03:54,29.06,-0.01,54,156915,卖盘
11:03:57,29.06,0.0,41,119134,中性盘
11:04:01,29.07,0.01,18,52320,买盘
11:04:04,29.06,-0.01,38,110451,卖盘
11:04:06,29.06,0.0,75,218001,卖盘
11:04:09,29.06,0.0,203,589745,买盘
11:04:13,29.05,-0.01,1775,5151415,卖盘
11:04:16,29.05,0.0,36,104580,买盘
11:04:19,29.06,0.01,198,575367,买盘
11:04:21,29.06,0.0,100,290543,买盘
11:04:24,29.06,0.0,89,258600,买盘
11:04:27,29.05,-0.01,172,499766,卖盘
11:04:30,29.05,0.0,181,525865,卖盘
11:04:34,29.05,0.0,31,90036,买盘
11:04:36,29.04,-0.01,134,389166,卖盘
11:04:39,29.04,0.0,268,778128,卖盘
11:04:42,29.04,0.0,23,66790,买盘
11:04:46,29.04,0.0,138,400382,买盘
11:04:48,29.0,-0.04,835,2422036,卖盘
11:04:51,29.05,0.05,1567,4551749,买盘
11:04:54,29.02,-0.03,96,278588,中性盘
11:04:57,29.02,0.0,18,52227,卖盘
11:05:00,29.05,0.03,122,354293,买盘
11:05:04,29.0,-0.05,1466,4251492,卖盘
11:05:06,28.99,-0.01,1796,5209266,卖盘
11:05:09,28.99,0.0,240,695595,买盘
11:05:12,28.99,0.0,85,246345,买盘
11:05:16,28.99,0.0,248,718597,买盘
11:05:19,29.01,0.02,129,374357,买盘
11:05:22,28.98,-0.03,56,162299,卖盘
11:05:24,28.97,-0.01,593,1717922,卖盘
11:05:27,28.98,0.01,170,492501,买盘
11:05:30,28.97,-0.01,105,304122,中性盘
11:05:34,28.97,0.0,332,961275,买盘
11:05:36,28.98,0.01,203,588201,买盘
11:05:39,28.99,0.01,105,304322,买盘
11:05:43,28.98,-0.01,196,568228,卖盘
11:05:45,28.98,0.0,58,168114,卖盘
11:05:49,28.98,0.0,62,179703,卖盘
11:05:52,28.98,0.0,67,194110,买盘
11:05:55,28.99,0.01,252,730275,买盘
11:05:57,28.98,-0.01,115,333232,卖盘
11:06:01,28.99,0.01,37,107219,买盘
11:06:04,28.98,-0.01,147,426106,卖盘
11:06:07,29.0,0.02,201,582857,买盘
11:06:10,29.0,0.0,146,423375,买盘
11:06:13,28.98,-0.02,225,652199,卖盘
11:06:16,29.0,0.02,12,34800,中性盘
11:06:18,28.99,-0.01,186,539308,卖盘
11:06:22,28.99,0.0,98,284186,卖盘
11:06:24,28.99,0.0,97,281310,卖盘
11:06:28,28.98,-0.01,44,127551,卖盘
11:06:31,28.99,0.01,44,127542,卖盘
11:06:33,28.98,-0.01,349,1011484,卖盘
11:06:36,28.99,0.01,59,171054,卖盘
11:06:39,29.0,0.01,38,110201,卖盘
11:06:42,29.0,0.0,132,382863,卖盘
11:06:46,29.0,0.0,105,304419,中性盘
11:06:48,29.01,0.01,41,118918,买盘
11:06:52,29.0,-0.01,43,124686,卖盘
11:06:55,29.0,0.0,133,385604,买盘
11:06:57,29.0,0.0,44,127576,买盘
11:07:00,29.01,0.01,174,504544,买盘
11:07:05,28.99,-0.02,41,118887,卖盘
11:07:07,29.0,0.01,220,637621,卖盘
11:07:10,29.01,0.01,107,310381,买盘
11:07:13,29.0,-0.01,59,171099,中性盘
11:07:15,28.98,-0.02,67,194265,卖盘
11:07:18,29.0,0.02,4,11600,中性盘
11:07:21,28.98,-0.02,173,501467,卖盘
11:07:24,29.0,0.02,210,608808,买盘
11:07:28,29.0,0.0,154,446531,买盘
11:07:30,29.0,0.0,10,28983,买盘
11:07:33,28.99,-0.01,45,130416,中性盘
11:07:36,28.98,-0.01,76,220266,卖盘
11:07:39,28.98,0.0,136,394195,买盘
11:07:42,29.0,0.02,256,742164,买盘
11:07:45,28.99,-0.01,211,611683,卖盘
11:07:49,28.98,-0.01,713,2067276,卖盘
11:07:52,28.98,0.0,35,101401,买盘
11:07:55,28.98,0.0,170,492568,买盘
11:07:57,28.97,-0.01,288,834320,中性盘
11:08:01,28.98,0.01,110,318598,买盘
11:08:04,28.97,-0.01,63,182429,买盘
11:08:06,29.0,0.03,218,631888,买盘
11:08:10,28.97,-0.03,163,472215,卖盘
11:08:13,28.97,0.0,37,107189,卖盘
11:08:15,28.96,-0.01,105,304148,卖盘
11:08:19,28.97,0.01,342,990481,中性盘
11:08:21,28.97,0.0,147,425949,卖盘
11:08:25,28.96,-0.01,229,663187,卖盘
11:08:27,28.96,0.0,328,949617,买盘
11:08:30,28.95,-0.01,354,1025265,卖盘
11:08:33,28.95,0.0,192,555940,卖盘
11:08:37,28.94,-0.01,92,266286,卖盘
11:08:39,28.94,0.0,54,156276,卖盘
11:08:43,28.92,-0.02,174,503404,卖盘
11:08:45,28.92,0.0,140,404903,卖盘
11:08:48,28.92,0.0,131,378868,卖盘
11:08:51,28.92,0.0,40,115679,卖盘
11:08:54,28.91,-0.01,67,193742,卖盘
11:08:58,28.92,0.01,62,179293,买盘
11:09:01,28.91,-0.01,567,1639225,卖盘
11:09:04,28.91,0.0,110,317955,买盘
11:09:06,28.9,-0.01,317,916159,卖盘
11:09:09,28.9,0.0,715,2066408,卖盘
11:09:13,28.89,-0.01,614,1774442,卖盘
11:09:15,28.9,0.01,363,1048999,买盘
11:09:19,28.88,-0.02,42,121353,卖盘
11:09:21,28.89,0.01,88,254175,买盘
11:09:24,28.88,-0.01,63,181989,卖盘
11:09:27,28.88,0.0,540,1559580,卖盘
11:09:31,28.88,0.0,63,181950,卖盘
11:09:34,28.89,0.01,209,603605,买盘
11:09:36,28.87,-0.02,61,176153,卖盘
11:09:39,28.88,0.01,54,155930,买盘
11:09:43,28.87,-0.01,155,447453,卖盘
11:09:46,28.86,-0.01,110,317537,卖盘
11:09:48,28.86,0.0,185,533979,卖盘
11:09:51,28.86,0.0,76,219335,卖盘
11:09:54,28.86,0.0,548,1578915,买盘
11:09:58,28.86,0.0,151,435648,买盘
11:10:00,28.84,-0.02,231,668731,卖盘
11:10:04,28.83,-0.01,343,989406,卖盘
11:10:07,28.84,0.01,589,1698113,中性盘
11:10:10,28.81,-0.03,407,1172972,卖盘
11:10:13,28.8,-0.01,435,1253122,卖盘
11:10:15,28.8,0.0,695,2001717,卖盘
11:10:19,28.82,0.02,128,368821,买盘
11:10:21,28.82,0.0,266,766501,买盘
11:10:25,28.84,0.02,1174,3385682,买盘
11:10:28,28.85,0.01,314,903330,买盘
11:10:30,28.82,-0.03,84,242088,卖盘
11:10:34,28.82,0.0,210,605453,买盘
11:10:37,28.85,0.03,129,371962,买盘
11:10:40,28.84,-0.01,133,383679,卖盘
11:10:43,28.85,0.01,179,516009,买盘
11:10:45,28.83,-0.02,145,418096,卖盘
11:10:49,28.84,0.01,309,890591,买盘
11:10:52,28.83,-0.01,38,109555,卖盘
11:10:54,28.83,0.0,153,441068,买盘
11:10:58,28.83,0.0,150,432357,买盘
11:11:00,28.83,0.0,116,334392,买盘
11:11:04,28.83,0.0,638,1839848,卖盘
11:11:07,28.83,0.0,537,1548399,买盘
11:11:09,28.82,-0.01,107,308615,卖盘
11:11:13,28.83,0.01,107,308481,卖盘
11:11:15,28.85,0.02,365,1052580,买盘
11:11:19,28.84,-0.01,227,654692,卖盘
11:11:21,28.85,0.01,248,715243,买盘
11:11:24,28.85,0.0,81,233647,买盘
11:11:27,28.86,0.01,314,906102,买盘
11:11:30,28.85,-0.01,141,406700,中性盘
11:11:34,28.84,-0.01,88,253841,卖盘
11:11:37,28.84,0.0,220,634575,买盘
11:11:40,28.84,0.0,46,132613,买盘
11:11:42,28.85,0.01,68,196130,买盘
11:11:46,28.83,-0.02,475,1369876,卖盘
11:11:48,28.84,0.01,18,51897,买盘
11:11:52,28.85,0.01,71,204746,买盘
11:11:54,28.83,-0.02,71,204805,卖盘
11:11:57,28.84,0.01,38,109586,中性盘
11:12:00,28.84,0.0,45,129742,买盘
11:12:05,28.84,0.0,123,354748,卖盘
11:12:07,28.84,0.0,273,787352,卖盘
11:12:10,28.85,0.01,84,242299,买盘
11:12:12,28.85,0.0,162,467234,买盘
11:12:16,28.86,0.01,44,126919,买盘
11:12:18,28.85,-0.01,68,196150,卖盘
11:12:22,28.84,-0.01,238,686480,卖盘
11:12:24,28.85,0.01,181,522174,买盘
11:12:28,28.85,0.0,39,112533,卖盘
11:12:30,28.86,0.01,111,320245,买盘
11:12:34,28.86,0.0,258,744225,买盘
11:12:36,28.85,-0.01,85,245181,卖盘
11:12:40,28.85,0.0,131,377882,买盘
11:12:42,28.84,-0.01,202,582569,卖盘
11:12:46,28.84,0.0,166,478681,买盘
11:12:48,28.84,0.0,61,175923,买盘
11:12:51,28.83,-0.01,33,95164,卖盘
11:12:54,28.84,0.01,140,403735,买盘
11:12:57,28.83,-0.01,118,340249,卖盘
11:13:00,28.83,0.0,234,674713,卖盘
11:13:04,28.83,0.0,54,155696,卖盘
11:13:06,28.84,0.01,56,161467,买盘
11:13:09,28.84,0.0,65,187433,买盘
11:13:12,28.83,-0.01,107,308481,卖盘
11:13:15,28.83,0.0,341,983278,买盘
11:13:18,28.83,0.0,149,429627,卖盘
11:13:21,28.84,0.01,48,138400,买盘
11:13:24,28.83,-0.01,196,565133,卖盘
11:13:28,28.83,0.0,181,521842,卖盘
11:13:30,28.84,0.01,318,916925,买盘
11:13:33,28.84,0.0,301,867794,买盘
11:13:36,28.83,-0.01,147,423818,中性盘
11:13:40,28.82,-0.01,148,426755,卖盘
11:13:42,28.84,0.02,771,2223561,买盘
11:13:46,28.86,0.02,119,343258,买盘
11:13:49,28.84,-0.02,226,652083,卖盘
11:13:51,28.84,0.0,193,556736,卖盘
11:13:55,28.84,0.0,890,2567877,卖盘
11:13:58,28.86,0.02,39,112553,买盘
11:14:00,28.85,-0.01,304,877236,卖盘
11:14:04,28.85,0.0,317,914594,买盘
11:14:07,28.85,0.0,177,510543,卖盘
11:14:10,28.85,0.0,91,262529,买盘
11:14:12,28.85,0.0,282,813596,买盘
11:14:16,28.86,0.01,382,1102022,买盘
11:14:19,28.86,0.0,578,1668497,卖盘
11:14:21,28.86,0.0,87,251142,卖盘
11:14:24,28.87,0.01,473,1365549,买盘
11:14:27,28.86,-0.01,378,1091729,卖盘
11:14:31,28.9,0.04,722,2085518,买盘
11:14:34,28.9,0.0,69,199382,买盘
11:14:37,28.9,0.0,337,973836,买盘
11:14:40,28.9,0.0,37,106931,卖盘
11:14:42,28.88,-0.02,109,314877,卖盘
11:14:46,28.91,0.03,90,260066,买盘
11:14:48,28.93,0.02,68,196671,买盘
11:14:52,28.94,0.01,99,286397,买盘
11:14:54,28.93,-0.01,45,130143,中性盘
11:14:57,28.91,-0.02,230,665142,卖盘
11:15:01,28.93,0.02,78,225714,买盘
11:15:04,28.94,0.01,117,338570,买盘
11:15:07,28.94,0.0,112,324078,买盘
11:15:10,28.93,-0.01,368,1065126,卖盘
11:15:13,28.94,0.01,42,121580,中性盘
11:15:16,28.94,0.0,223,645581,卖盘
11:15:18,28.95,0.01,460,1331671,买盘
11:15:21,28.96,0.01,294,850550,买盘
11:15:24,28.96,0.0,43,124612,卖盘
11:15:27,28.96,0.0,91,263669,卖盘
11:15:30,28.99,0.03,90,260835,买盘
11:15:33,29.01,0.02,389,1127930,买盘
11:15:36,29.0,-0.01,13,37709,卖盘
11:15:39,29.01,0.01,131,379934,买盘
11:15:42,29.02,0.01,30,86754,买盘
11:15:45,29.02,0.0,7,20314,卖盘
11:15:49,29.04,0.02,65,188660,买盘
11:15:52,29.03,-0.01,43,124853,买盘
11:15:54,29.03,0.0,136,394781,卖盘
11:15:58,29.04,0.01,93,270008,买盘
11:16:00,29.04,0.0,80,232348,卖盘
11:16:04,29.04,0.0,339,984453,卖盘
11:16:07,29.04,0.0,178,517031,买盘
11:16:10,29.05,0.01,166,482195,买盘
11:16:12,29.04,-0.01,172,499380,卖盘
11:16:16,29.05,0.01,88,255533,买盘
11:16:18,29.03,-0.02,123,357120,卖盘
11:16:21,29.03,0.0,58,168390,买盘
11:16:24,29.03,0.0,142,412386,买盘
11:16:28,29.06,0.03,1400,4066802,买盘
11:16:30,29.05,-0.01,274,796231,卖盘
11:16:33,29.06,0.01,31,90063,买盘
11:16:36,29.05,-0.01,160,464891,卖盘
11:16:39,29.05,0.0,43,124933,卖盘
11:16:43,29.03,-0.02,112,325377,卖盘
11:16:45,29.05,0.02,72,209174,中性盘
11:16:49,29.05,0.0,47,136555,卖盘
11:16:52,29.01,-0.04,548,1590891,卖盘
11:16:55,29.04,0.03,82,238002,卖盘
11:16:58,29.06,0.02,109,316715,买盘
11:17:00,29.02,-0.04,22,63837,卖盘
11:17:04,29.05,0.03,27,78404,买盘
11:17:06,29.02,-0.03,55,159821,中性盘
11:17:09,29.02,0.0,86,249678,卖盘
11:17:12,29.03,0.01,61,177035,中性盘
11:17:15,29.01,-0.02,24,69655,卖盘
11:17:19,29.02,0.01,37,107401,中性盘
11:17:21,29.02,0.0,61,177008,买盘
11:17:24,29.01,-0.01,438,1270675,卖盘
11:17:27,29.01,0.0,54,156654,买盘
11:17:30,29.0,-0.01,254,736600,卖盘
11:17:34,29.06,0.06,752,2183055,买盘
11:17:37,29.0,-0.06,39,113086,中性盘
11:17:40,28.99,-0.01,41,118905,卖盘
11:17:42,29.01,0.02,40,116005,买盘
11:17:46,29.02,0.01,359,1043150,中性盘
11:17:48,29.02,0.0,48,139377,卖盘
11:17:51,29.04,0.02,90,261195,中性盘
11:17:55,29.04,0.0,48,139350,卖盘
11:17:57,29.05,0.01,176,511265,买盘
11:18:01,29.05,0.0,368,1068919,买盘
11:18:04,29.06,0.01,167,485143,买盘
11:18:07,29.09,0.03,645,1875272,买盘
11:18:09,29.06,-0.03,45,130778,卖盘
11:18:12,29.06,0.0,23,66876,卖盘
11:18:15,29.09,0.03,436,1268221,买盘
11:18:18,29.09,0.0,144,418984,卖盘
11:18:21,29.08,-0.01,76,221124,卖盘
11:18:25,29.09,0.01,53,154220,买盘
11:18:28,29.1,0.01,201,584910,买盘
11:18:30,29.1,0.0,846,2461882,卖盘
11:18:34,29.12,0.02,65,189212,买盘
11:18:36,29.11,-0.01,175,509524,卖盘
11:18:40,29.12,0.01,347,1010212,买盘
11:18:42,29.12,0.0,96,279583,卖盘
11:18:46,29.13,0.01,64,186410,买盘
11:18:48,29.13,0.0,69,200985,买盘
11:18:51,29.13,0.0,120,349578,卖盘
11:18:54,29.13,0.0,160,466223,买盘
11:18:57,29.15,0.02,655,1910502,买盘
11:19:00,29.15,0.0,73,212745,买盘
11:19:04,29.18,0.03,54,157439,买盘
11:19:07,29.15,-0.03,38,110835,卖盘
11:19:10,29.15,0.0,1351,3943970,卖盘
11:19:12,29.2,0.05,1357,3962753,买盘
11:19:16,29.2,0.0,75,219000,卖盘
11:19:19,29.2,0.0,42,122648,卖盘
11:19:21,29.21,0.01,295,861484,买盘
11:19:24,29.21,0.0,96,280439,卖盘
11:19:28,29.21,0.0,1220,3568245,卖盘
11:19:30,29.22,0.01,91,265823,买盘
11:19:34,29.24,0.02,98,286370,买盘
11:19:37,29.22,-0.02,295,862767,卖盘
11:19:39,29.24,0.02,115,336093,买盘
11:19:43,29.23,-0.01,53,154908,买盘
11:19:45,29.22,-0.01,136,397450,卖盘
11:19:49,29.23,0.01,149,435600,卖盘
11:19:52,29.24,0.01,76,222182,买盘
11:19:54,29.23,-0.01,413,1207493,中性盘
11:19:57,29.23,0.0,104,303953,买盘
11:20:01,29.2,-0.03,236,689195,卖盘
11:20:04,29.23,0.03,154,450115,买盘
11:20:07,29.18,-0.05,76,221505,卖盘
11:20:09,29.19,0.01,8,23348,买盘
11:20:13,29.2,0.01,609,1778265,买盘
11:20:16,29.19,-0.01,248,724020,卖盘
11:20:18,29.24,0.05,651,1901812,买盘
11:20:22,29.2,-0.04,42,122650,卖盘
11:20:24,29.2,0.0,115,335894,卖盘
11:20:28,29.2,0.0,576,1681930,卖盘
11:20:30,29.2,0.0,161,470124,卖盘
11:20:34,29.22,0.02,39,113931,买盘
11:20:36,29.21,-0.01,215,627936,中性盘
11:20:40,29.2,-0.01,120,350437,卖盘
11:20:43,29.2,0.0,97,283361,卖盘
11:20:45,29.2,0.0,73,213196,卖盘
11:20:49,29.2,0.0,54,157680,卖盘
11:20:51,29.2,0.0,188,548972,卖盘
11:20:54,29.2,0.0,134,391302,卖盘
11:20:57,29.2,0.0,53,154777,卖盘
11:21:01,29.18,-0.02,62,180981,卖盘
11:21:04,29.2,0.02,51,148874,买盘
11:21:06,29.18,-0.02,53,154648,卖盘
11:21:09,29.18,0.0,9,26270,卖盘
11:21:12,29.18,0.0,51,148751,中性盘
11:21:15,29.18,0.0,19,55421,买盘
11:21:18,29.18,0.0,18,52524,买盘
11:21:21,29.16,-0.02,56,163261,卖盘
11:21:24,29.18,0.02,57,166238,买盘
11:21:27,29.16,-0.02,666,1944175,卖盘
11:21:30,29.15,-0.01,151,440340,卖盘
11:21:33,29.15,0.0,118,344051,卖盘
11:21:37,29.15,0.0,45,131177,卖盘
11:21:40,29.15,0.0,421,1227217,卖盘
11:21:43,29.13,-0.02,51,148630,卖盘
11:21:45,29.13,0.0,36,104851,卖盘
11:21:48,29.1,-0.03,63,183378,卖盘
11:21:52,29.11,0.01,398,1158187,买盘
11:21:54,29.1,-0.01,282,820654,卖盘
11:21:58,29.1,0.0,236,686788,买盘
11:22:00,29.1,0.0,28,81480,卖盘
11:22:04,29.1,0.0,214,622743,卖盘
11:22:07,29.11,0.01,197,573391,中性盘
11:22:10,29.1,-0.01,89,259049,卖盘
11:22:13,29.11,0.01,402,1169842,买盘
11:22:16,29.1,-0.01,115,334646,卖盘
11:22:18,29.1,0.0,144,418962,买盘
11:22:22,29.1,0.0,113,328723,买盘
11:22:24,29.07,-0.03,49,142438,卖盘
11:22:27,29.05,-0.02,43,125011,卖盘
11:22:30,29.1,0.05,96,278995,买盘
11:22:33,29.1,0.0,72,209285,买盘
11:22:36,29.1,0.0,31,90192,买盘
11:22:39,29.06,-0.04,12,34907,卖盘
11:22:43,29.06,0.0,19,55214,卖盘
11:22:45,29.08,0.02,17,49420,卖盘
11:22:49,29.08,0.0,2,5816,卖盘
11:22:51,29.09,0.01,20,58133,买盘
11:22:55,29.08,-0.01,40,116330,卖盘
11:22:58,29.08,0.0,182,529392,卖盘
11:23:01,29.08,0.0,84,244202,买盘
11:23:04,29.08,0.0,37,107566,买盘
11:23:07,29.07,-0.01,32,93039,卖盘
11:23:09,29.07,0.0,35,101776,卖盘
11:23:12,29.1,0.03,189,549711,买盘
11:23:15,29.1,0.0,35,101850,卖盘
11:23:19,29.1,0.0,118,343228,卖盘
11:23:21,29.1,0.0,42,122182,买盘
11:23:24,29.1,0.0,37,107681,买盘
11:23:27,29.11,0.01,12,34937,买盘
11:23:30,29.11,0.0,7,20379,卖盘
11:23:34,29.13,0.02,34,98985,买盘
11:23:37,29.12,-0.01,24,69874,中性盘
11:23:40,29.11,-0.01,11,32024,卖盘
11:23:42,29.12,0.01,37,107744,买盘
11:23:46,29.11,-0.01,41,119386,卖盘
11:23:48,29.13,0.02,188,547387,买盘
11:23:52,29.12,-0.01,28,81542,卖盘
11:23:55,29.14,0.02,11,32053,买盘
11:23:57,29.14,0.0,26,75730,买盘
11:24:01,29.13,-0.01,115,334951,买盘
11:24:04,29.16,0.03,157,457636,买盘
11:24:07,29.15,-0.01,65,189492,卖盘
11:24:09,29.15,0.0,19,55387,卖盘
11:24:13,29.16,0.01,25,72899,买盘
11:24:15,29.15,-0.01,140,408100,卖盘
11:24:19,29.16,0.01,72,209915,买盘
11:24:22,29.15,-0.01,46,134094,中性盘
11:24:25,29.15,0.0,23,67033,买盘
11:24:27,29.15,0.0,32,93274,买盘
11:24:30,29.14,-0.01,353,1029252,卖盘
11:24:33,29.14,0.0,21,61194,卖盘
11:24:36,29.14,0.0,8,23310,买盘
11:24:39,29.14,0.0,14,40796,买盘
11:24:43,29.13,-0.01,29,84477,卖盘
11:24:48,29.13,0.0,12,34964,卖盘
11:24:51,29.14,0.01,270,786981,买盘
11:24:54,29.14,0.0,31,90345,卖盘
11:24:57,29.14,0.0,23,67050,卖盘
11:25:01,29.14,0.0,38,110732,卖盘
11:25:04,29.15,0.01,92,268164,买盘
11:25:06,29.15,0.0,114,332234,买盘
11:25:10,29.14,-0.01,22,64112,卖盘
11:25:12,29.15,0.01,65,189463,买盘
11:25:16,29.15,0.0,111,323565,卖盘
11:25:18,29.15,0.0,17,49555,卖盘
11:25:22,29.15,0.0,76,221545,卖盘
11:25:25,29.16,0.01,66,192413,买盘
11:25:27,29.15,-0.01,107,311925,卖盘
11:25:31,29.15,0.0,16,46645,卖盘
11:25:34,29.16,0.01,77,224526,买盘
11:25:37,29.17,0.01,614,1790639,买盘
11:25:40,29.17,0.0,6,17504,卖盘
11:25:42,29.18,0.01,65,189620,买盘
11:25:46,29.16,-0.02,98,285835,卖盘
11:25:48,29.18,0.02,72,209954,买盘
11:25:52,29.17,-0.01,12,35008,中性盘
11:25:55,29.18,0.01,41,119625,买盘
11:25:58,29.16,-0.02,198,577615,卖盘
11:26:00,29.16,0.0,63,183782,卖盘
11:26:04,29.17,0.01,26,75824,买盘
11:26:06,29.16,-0.01,69,201204,卖盘
11:26:10,29.16,0.0,14,40824,卖盘
11:26:12,29.17,0.01,85,247942,买盘
11:26:15,29.16,-0.01,49,142916,卖盘
11:26:18,29.17,0.01,32,93344,买盘
11:26:21,29.17,0.0,82,239163,买盘
11:26:25,29.18,0.01,121,352928,买盘
11:26:27,29.16,-0.02,63,183762,卖盘
11:26:30,29.16,0.0,110,320761,卖盘
11:26:33,29.16,0.0,12,34992,买盘
11:26:36,29.16,0.0,76,221556,买盘
11:26:42,29.16,0.0,29,84549,买盘
11:26:45,29.16,0.0,68,198260,买盘
11:26:49,29.16,0.0,471,1374638,买盘
11:26:51,29.16,0.0,20,58325,卖盘
11:26:54,29.17,0.01,34,99154,买盘
11:26:58,29.17,0.0,1743,5087335,买盘
11:27:00,29.16,-0.01,116,338344,卖盘
11:27:04,29.2,0.04,27,78786,买盘
11:27:07,29.16,-0.04,406,1183950,卖盘
11:27:09,29.17,0.01,37,108006,买盘
11:27:13,29.19,0.02,505,1474762,中性盘
11:27:16,29.22,0.03,260,759407,买盘
11:27:19,29.17,-0.05,156,455628,卖盘
11:27:21,29.21,0.04,75,219045,买盘
11:27:24,29.22,0.01,13,37986,买盘
11:27:28,29.2,-0.02,341,996159,卖盘
11:27:31,29.22,0.02,116,338841,买盘
11:27:33,29.22,0.0,129,376829,买盘
11:27:37,29.21,-0.01,110,321311,卖盘
11:27:40,29.2,-0.01,81,236589,卖盘
11:27:42,29.21,0.01,34,99314,买盘
11:27:46,29.2,-0.01,374,1092611,卖盘
11:27:49,29.18,-0.02,68,198478,卖盘
11:27:52,29.19,0.01,11,32100,买盘
11:27:55,29.19,0.0,47,137203,买盘
11:27:58,29.18,-0.01,116,338521,卖盘
11:28:01,29.16,-0.02,77,224715,卖盘
11:28:04,29.16,0.0,28,81717,卖盘
11:28:06,29.16,0.0,61,177911,卖盘
11:28:09,29.18,0.02,86,251025,中性盘
11:28:12,29.16,-0.02,106,307871,卖盘
11:28:16,29.16,0.0,9,27527,买盘
11:28:18,29.16,0.0,32,93285,卖盘
11:28:21,29.16,0.0,18,52488,卖盘
11:28:25,29.18,0.02,110,320968,买盘
11:28:28,29.16,-0.02,123,358766,卖盘
11:28:30,29.16,0.0,20,58320,买盘
11:28:33,29.15,-0.01,15,43727,卖盘
11:28:36,29.15,0.0,54,157431,卖盘
11:28:39,29.16,0.01,41,119545,买盘
11:28:43,29.16,0.0,39,113719,买盘
11:28:46,29.16,0.0,17,49572,卖盘
11:28:48,29.16,0.0,92,268231,卖盘
11:28:52,29.16,0.0,4,11664,买盘
11:28:54,29.15,-0.01,75,218686,卖盘
11:28:57,29.16,0.01,47,137029,买盘
11:29:01,29.16,0.0,94,274102,买盘
11:29:04,29.18,0.02,141,411129,买盘
11:29:06,29.15,-0.03,262,764297,卖盘
11:29:10,29.15,0.0,32,93284,卖盘
11:29:12,29.19,0.04,53,154623,买盘
11:29:15,29.15,-0.04,86,250707,卖盘
11:29:19,29.16,0.01,97,282859,卖盘
11:29:22,29.19,0.03,71,207249,买盘
11:29:25,29.18,-0.01,56,163332,中性盘
11:29:28,29.17,-0.01,83,242112,中性盘
11:29:30,29.16,-0.01,141,411285,卖盘
11:29:33,29.18,0.02,64,186707,买盘
11:29:37,29.18,0.0,84,244938,买盘
11:29:40,29.15,-0.03,89,259529,卖盘
11:29:43,29.19,0.04,102,297718,买盘
11:29:45,29.19,0.0,276,805548,买盘
11:29:48,29.19,0.0,108,315167,买盘
11:29:52,29.18,-0.01,17,49576,中性盘
11:29:54,29.2,0.02,63,183918,买盘
11:29:57,29.15,-0.05,124,361565,卖盘
11:30:00,29.14,-0.01,46,134223,买盘
13:00:01,29.19,0.05,212,619028,卖盘
13:00:04,29.22,0.03,1499,4377018,买盘
13:00:07,29.2,-0.02,325,949240,卖盘
13:00:10,29.22,0.02,569,1661986,买盘
13:00:12,29.2,-0.02,931,2720295,卖盘
13:00:16,29.23,0.03,265,774436,买盘
13:00:18,29.25,0.02,166,485438,买盘
13:00:22,29.23,-0.02,1633,4776708,卖盘
13:00:24,29.25,0.02,473,1382756,买盘
13:00:27,29.25,0.0,59,172580,卖盘
13:00:30,29.28,0.03,248,725909,买盘
13:00:34,29.23,-0.05,1046,3061492,卖盘
13:00:36,29.22,-0.01,15,43841,卖盘
13:00:39,29.22,0.0,26,75991,卖盘
13:00:42,29.22,0.0,824,2407514,卖盘
13:00:45,29.2,-0.02,28,81784,卖盘
13:00:48,29.22,0.02,51,149003,买盘
13:00:52,29.2,-0.02,318,928570,卖盘
13:00:54,29.2,0.0,23,67184,卖盘
13:00:57,29.22,0.02,120,350513,买盘
13:01:00,29.21,-0.01,36,105150,买盘
13:01:04,29.21,0.0,293,855708,买盘
13:01:07,29.22,0.01,34,99340,买盘
13:01:10,29.22,0.0,194,566842,买盘
13:01:13,29.19,-0.03,416,1213853,卖盘
13:01:16,29.19,0.0,16,46701,买盘
13:01:18,29.16,-0.03,22,64173,卖盘
13:01:22,29.16,0.0,25,72948,卖盘
13:01:25,29.19,0.03,257,749308,买盘
13:01:28,29.19,0.0,65,189771,买盘
13:01:30,29.21,0.02,30,87577,买盘
13:01:33,29.22,0.01,458,1337968,买盘
13:01:36,29.17,-0.05,181,528623,卖盘
13:01:39,29.19,0.02,2,5838,买盘
13:01:42,29.22,0.03,205,598236,买盘
13:01:45,29.21,-0.01,11,32120,中性盘
13:01:48,29.21,0.0,16,46669,买盘
13:01:51,29.15,-0.06,56,163298,卖盘
13:01:54,29.15,0.0,20,58300,买盘
13:01:57,29.17,0.02,106,309153,买盘
13:02:00,29.14,-0.03,214,623996,卖盘
13:02:04,29.21,0.07,107,312099,买盘
13:02:06,29.18,-0.03,15,43764,中性盘
13:02:10,29.17,-0.01,13,37931,卖盘
13:02:16,29.16,-0.01,315,919808,卖盘
13:02:18,29.16,0.0,30,87463,买盘
13:02:21,29.15,-0.01,18,52470,卖盘
13:02:25,29.15,0.0,123,358455,买盘
13:02:27,29.15,0.0,20,58300,买盘
13:02:31,29.15,0.0,34,99128,卖盘
13:02:34,29.16,0.01,199,580247,买盘
13:02:36,29.14,-0.02,33,96199,卖盘
13:02:39,29.14,0.0,55,160347,卖盘
13:02:42,29.14,0.0,73,212774,卖盘
13:02:45,29.17,0.03,98,285740,买盘
13:02:48,29.16,-0.01,20,58322,卖盘
13:02:51,29.16,0.0,28,81648,买盘
13:02:54,29.17,0.01,198,577306,买盘
13:02:58,29.17,0.0,37,107965,卖盘
13:03:01,29.17,0.0,47,137099,卖盘
13:03:05,29.17,0.0,162,472497,买盘
13:03:06,29.16,-0.01,16,46671,卖盘
13:03:09,29.16,0.0,67,195392,卖盘
13:03:13,29.15,-0.01,46,134114,卖盘
13:03:15,29.17,0.02,26,75829,买盘
13:03:18,29.18,0.01,31,90448,买盘
13:03:21,29.17,-0.01,48,140073,卖盘
13:03:24,29.16,-0.01,31,90405,卖盘
13:03:27,29.15,-0.01,9,26241,卖盘
13:03:30,29.15,0.0,6,17495,卖盘
13:03:34,29.17,0.02,75,218677,买盘
13:03:36,29.17,0.0,14,40851,卖盘
13:03:39,29.17,0.0,11,32098,卖盘
13:03:43,29.18,0.01,20,58360,中性盘
13:03:45,29.18,0.0,241,703438,卖盘
13:03:48,29.17,-0.01,6,17507,卖盘
13:03:52,29.17,0.0,67,195563,卖盘
13:03:54,29.19,0.02,225,656616,买盘
13:03:57,29.17,-0.02,58,169188,卖盘
13:04:00,29.18,0.01,4,11672,买盘
13:04:04,29.18,0.0,126,367601,买盘
13:04:07,29.18,0.0,107,312226,卖盘
13:04:13,29.17,-0.01,26,75864,卖盘
13:04:15,29.19,0.02,1154,3369488,买盘
13:04:18,29.2,0.01,73,213070,买盘
13:04:21,29.17,-0.03,159,463922,卖盘
13:04:24,29.2,0.03,419,1222938,买盘
13:04:27,29.19,-0.01,22,64186,买盘
13:04:30,29.19,0.0,66,192643,买盘
13:04:33,29.17,-0.02,102,297666,卖盘
13:04:37,29.19,0.02,71,207109,买盘
13:04:40,29.16,-0.03,76,221760,卖盘
13:04:42,29.19,0.03,18,52542,买盘
13:04:46,29.18,-0.01,230,671148,买盘
13:04:48,29.17,-0.01,66,192631,卖盘
13:04:52,29.19,0.02,16,46675,买盘
13:04:55,29.19,0.0,154,449403,买盘
13:04:58,29.18,-0.01,10,29181,卖盘
13:05:00,29.18,0.0,84,245112,卖盘
13:05:04,29.19,0.01,100,291784,买盘
13:05:07,29.19,0.0,57,166372,买盘
13:05:10,29.17,-0.02,70,204307,卖盘
13:05:12,29.18,0.01,1,2918,卖盘
13:05:16,29.19,0.01,45,131285,买盘
13:05:18,29.19,0.0,51,148860,买盘
13:05:21,29.19,0.0,34,99215,买盘
13:05:25,29.16,-0.03,22,64159,卖盘
13:05:28,29.16,0.0,18,52488,买盘
13:05:31,29.16,0.0,21,61236,买盘
13:05:34,29.19,0.03,98,285853,买盘
13:05:37,29.17,-0.02,78,227606,卖盘
13:05:39,29.17,0.0,19,55432,卖盘
13:05:42,29.15,-0.02,73,212839,卖盘
13:05:45,29.14,-0.01,42,122405,卖盘
13:05:48,29.18,0.04,47,137059,买盘
13:05:51,29.14,-0.04,48,139878,卖盘
13:05:55,29.14,0.0,41,119506,卖盘
13:05:57,29.14,0.0,4,11659,卖盘
13:06:00,29.15,0.01,30,87447,买盘
13:06:04,29.17,0.02,40,116630,买盘
13:06:07,29.18,0.01,37,107909,买盘
13:06:10,29.15,-0.03,16,46640,卖盘
13:06:12,29.14,-0.01,40,116593,卖盘
13:06:16,29.19,0.05,333,971874,买盘
13:06:18,29.19,0.0,21,61299,卖盘
13:06:21,29.2,0.01,70,204335,买盘
13:06:24,29.15,-0.05,254,741266,卖盘
13:06:28,29.19,0.04,194,565371,买盘
13:06:30,29.14,-0.05,96,279856,卖盘
13:06:34,29.14,0.0,85,247817,卖盘
13:06:37,29.19,0.05,68,198482,买盘
13:06:39,29.14,-0.05,22,64108,卖盘
13:06:42,29.14,0.0,107,311811,卖盘
13:06:45,29.15,0.01,6,17485,买盘
13:06:49,29.15,0.0,13,37895,卖盘
13:06:51,29.15,0.0,14,40810,卖盘
13:06:54,29.2,0.05,627,1830055,买盘
13:06:57,29.15,-0.05,9,26238,卖盘
13:07:00,29.2,0.05,63,183891,买盘
13:07:04,29.14,-0.06,104,303095,卖盘
13:07:06,29.2,0.06,56,163201,买盘
13:07:12,29.14,-0.06,48,139960,卖盘
13:07:15,29.18,0.04,4,11672,买盘
13:07:18,29.16,-0.02,5,14580,卖盘
13:07:21,29.14,-0.02,24,69984,卖盘
13:07:24,29.14,0.0,30,87496,卖盘
13:07:28,29.16,0.02,11,32080,卖盘
13:07:31,29.16,0.0,24,69984,买盘
13:07:33,29.15,-0.01,57,166168,卖盘
13:07:36,29.18,0.03,121,352960,买盘
13:07:39,29.19,0.01,1,2919,买盘
13:07:42,29.19,0.0,5,14594,买盘
13:07:45,29.19,0.0,547,1596693,买盘
13:07:48,29.19,0.0,463,1351945,卖盘
13:07:52,29.2,0.01,166,484720,买盘
13:07:55,29.19,-0.01,110,321184,卖盘
13:07:57,29.2,0.01,46,134315,买盘
13:08:00,29.21,0.01,4,11684,买盘
13:08:05,29.2,-0.01,328,957633,卖盘
13:08:07,29.22,0.02,62,181147,买盘
13:08:10,29.22,0.0,23,67186,买盘
13:08:13,29.22,0.0,7,20454,买盘
13:08:15,29.23,0.01,130,379784,买盘
13:08:19,29.22,-0.01,57,166528,买盘
13:08:22,29.23,0.01,93,271776,买盘
13:08:25,29.22,-0.01,51,149033,卖盘
13:08:27,29.22,0.0,61,178287,卖盘
13:08:30,29.23,0.01,42,122766,买盘
13:08:33,29.22,-0.01,119,347811,卖盘
13:08:37,29.22,0.0,37,108176,卖盘
13:08:40,29.24,0.02,84,245620,买盘
13:08:43,29.24,0.0,157,458933,卖盘
13:08:45,29.22,-0.02,57,166625,卖盘
13:08:48,29.24,0.02,61,178365,买盘
13:08:51,29.24,0.0,86,251464,卖盘
13:08:55,29.26,0.02,374,1093539,买盘
13:08:57,29.27,0.01,131,383423,买盘
13:09:00,29.26,-0.01,194,567684,卖盘
13:09:04,29.27,0.01,178,520870,买盘
13:09:07,29.26,-0.01,191,559021,卖盘
13:09:10,29.26,0.0,227,664412,卖盘
13:09:13,29.25,-0.01,676,1977978,卖盘
13:09:16,29.25,0.0,62,181350,卖盘
13:09:19,29.26,0.01,241,704898,买盘
13:09:21,29.26,0.0,36,105336,买盘
13:09:25,29.24,-0.02,50,146212,卖盘
13:09:28,29.26,0.02,232,678564,买盘
13:09:31,29.23,-0.03,18,52627,卖盘
13:09:33,29.26,0.03,10,29244,买盘
13:09:36,29.27,0.01,1477,4322491,买盘
13:09:39,29.27,0.0,169,494663,卖盘
13:09:42,29.27,0.0,158,462469,卖盘
13:09:45,29.27,0.0,69,202004,卖盘
13:09:48,29.28,0.01,417,1220758,买盘
13:09:51,29.27,-0.01,79,231251,卖盘
13:09:54,29.26,-0.01,269,787151,卖盘
13:09:57,29.26,0.0,181,529562,买盘
13:10:00,29.26,0.0,153,447855,买盘
13:10:04,29.27,0.01,310,906339,买盘
13:10:06,29.27,0.0,46,134540,买盘
13:10:09,29.27,0.0,182,532781,买盘
13:10:12,29.27,0.0,47,137580,卖盘
13:10:16,29.27,0.0,3092,9054376,卖盘
13:10:18,29.27,0.0,252,737740,买盘
13:10:22,29.27,0.0,184,538580,卖盘
13:10:24,29.25,-0.02,51,149207,卖盘
13:10:27,29.25,0.0,50,146250,买盘
13:10:30,29.22,-0.03,191,558618,卖盘
13:10:33,29.2,-0.02,1305,3813915,卖盘
13:10:36,29.19,-0.01,61,178114,卖盘
13:10:39,29.2,0.01,181,528515,买盘
13:10:42,29.2,0.0,84,245246,买盘
13:10:45,29.18,-0.02,151,440655,卖盘
13:10:48,29.18,0.0,157,458126,买盘
13:10:52,29.18,0.0,100,291774,买盘
13:10:55,29.18,0.0,244,712172,卖盘
13:10:57,29.19,0.01,73,213086,买盘
13:11:01,29.19,0.0,29,84654,买盘
13:11:05,29.19,0.0,227,662732,卖盘
13:11:07,29.2,0.01,30,87601,中性盘
13:11:10,29.22,0.02,77,224979,买盘
13:11:12,29.22,0.0,1,2922,卖盘
13:11:15,29.22,0.0,67,195774,卖盘
13:11:19,29.24,0.02,5,14618,买盘
13:11:21,29.24,0.0,66,192984,卖盘
13:11:24,29.23,-0.01,181,529152,卖盘
13:11:28,29.24,0.01,44,128676,买盘
13:11:31,29.25,0.01,59,172575,买盘
13:11:33,29.23,-0.02,90,263097,卖盘
13:11:36,29.26,0.03,366,1070617,买盘
13:11:39,29.27,0.01,20,58540,买盘
13:11:42,29.26,-0.01,49,143374,卖盘
13:11:45,29.27,0.01,143,418448,买盘
13:11:49,29.27,0.0,315,921972,买盘
13:11:51,29.25,-0.02,26,76070,卖盘
13:11:55,29.25,0.0,137,400748,卖盘
13:11:58,29.25,0.0,39,114099,卖盘
13:12:01,29.26,0.01,209,611527,买盘
13:12:05,29.25,-0.01,40,117004,卖盘
13:12:07,29.25,0.0,18,52658,卖盘
13:12:10,29.26,0.01,231,675890,买盘
13:12:12,29.26,0.0,44,128744,卖盘
13:12:15,29.28,0.02,949,2777640,买盘
13:12:18,29.27,-0.01,127,371847,中性盘
13:12:22,29.25,-0.02,57,166851,卖盘
13:12:25,29.26,0.01,61,178492,卖盘
13:12:27,29.25,-0.01,86,251570,卖盘
13:12:31,29.25,0.0,180,526658,卖盘
13:12:34,29.25,0.0,80,234055,卖盘
13:12:37,29.25,0.0,147,429983,卖盘
13:12:39,29.26,0.01,81,236990,买盘
13:12:43,29.27,0.01,56,163857,买盘
13:12:45,29.27,0.0,118,345237,买盘
13:12:48,29.27,0.0,240,702366,买盘
13:12:51,29.25,-0.02,18,52650,卖盘
13:12:54,29.26,0.01,140,409460,买盘
13:12:57,29.26,0.0,400,1170769,卖盘
13:13:00,29.26,0.0,175,512207,卖盘
13:13:04,29.25,-0.01,117,342307,卖盘
13:13:06,29.23,-0.02,50,146182,卖盘
13:13:09,29.25,0.02,42,122857,买盘
13:13:13,29.25,0.0,27,78975,卖盘
13:13:15,29.25,0.0,182,532262,卖盘
13:13:18,29.25,0.0,28,81902,买盘
13:13:21,29.26,0.01,162,473857,买盘
13:13:24,29.26,0.0,376,1100169,买盘
13:13:28,29.26,0.0,104,304309,卖盘
13:13:30,29.27,0.01,140,409780,买盘
13:13:33,29.26,-0.01,200,585244,卖盘
13:13:37,29.29,0.03,1001,2931473,买盘
13:13:39,29.29,0.0,116,339789,卖盘
13:13:43,29.28,-0.01,496,1452775,卖盘
13:13:45,29.28,0.0,159,465552,卖盘
13:13:48,29.28,0.0,148,433317,买盘
13:13:52,29.27,-0.01,110,322075,卖盘
13:13:55,29.28,0.01,225,658424,买盘
13:13:57,29.27,-0.01,20,58538,买盘
13:14:01,29.27,0.0,43,125864,卖盘
13:14:04,29.27,0.0,116,339587,卖盘
13:14:06,29.27,0.0,53,155145,卖盘
13:14:09,29.28,0.01,203,594541,中性盘
13:14:13,29.28,0.0,35,102483,卖盘
13:14:16,29.3,0.02,1636,4792803,买盘
13:14:18,29.3,0.0,440,1288777,买盘
13:14:21,29.29,-0.01,91,266539,卖盘
13:14:24,29.27,-0.02,155,453872,卖盘
13:14:27,29.27,0.0,199,582473,买盘
13:14:30,29.28,0.01,128,374728,买盘
13:14:33,29.29,0.01,23,67342,中性盘
13:14:36,29.27,-0.02,134,392218,卖盘
13:14:40,29.27,0.0,182,532845,买盘
13:14:42,29.27,0.0,51,149249,买盘
13:14:45,29.27,0.0,48,140463,买盘
13:14:49,29.27,0.0,41,120021,买盘
13:14:52,29.28,0.01,38,111282,中性盘
13:14:54,29.27,-0.01,81,237131,卖盘
13:14:58,29.3,0.03,558,1634703,买盘
13:15:01,29.29,-0.01,177,518374,买盘
13:15:04,29.29,0.0,24,70299,卖盘
13:15:07,29.27,-0.02,63,184515,卖盘
13:15:10,29.3,0.03,158,462887,买盘
13:15:12,29.28,-0.02,8,23428,中性盘
13:15:16,29.27,-0.01,193,564943,卖盘
13:15:18,29.27,0.0,76,222452,买盘
13:15:24,29.27,0.0,15,43905,卖盘
13:15:27,29.28,0.01,98,286854,买盘
13:15:30,29.28,0.0,72,210819,买盘
13:15:33,29.29,0.01,51,149366,买盘
13:15:37,29.3,0.01,994,2911925,买盘
13:15:39,29.29,-0.01,40,117132,中性盘
13:15:42,29.29,0.0,100,292948,卖盘
13:15:46,29.28,-0.01,247,723262,卖盘
13:15:48,29.28,0.0,96,281072,买盘
13:15:52,29.29,0.01,5,14645,买盘
13:15:55,29.27,-0.02,107,313294,卖盘
13:15:57,29.28,0.01,46,134688,中性盘
13:16:01,29.28,0.0,186,544765,卖盘
13:16:04,29.28,0.0,32,93696,卖盘
13:16:07,29.28,0.0,54,158120,卖盘
13:16:10,29.29,0.01,158,462770,买盘
13:16:12,29.28,-0.01,35,102461,买盘
13:16:16,29.29,0.01,205,600112,买盘
13:16:18,29.3,0.01,146,427751,买盘
13:16:22,29.29,-0.01,88,257792,卖盘
13:16:25,29.3,0.01,82,240179,买盘
13:16:27,29.3,0.0,35,102521,买盘
13:16:30,29.29,-0.01,189,553749,卖盘
13:16:34,29.28,-0.01,93,272415,卖盘
13:16:37,29.29,0.01,132,386519,中性盘
13:16:39,29.29,0.0,75,219682,买盘
13:16:43,29.29,0.0,168,492074,卖盘
13:16:45,29.28,-0.01,33,96624,卖盘
13:16:48,29.27,-0.01,13,38061,卖盘
13:16:52,29.28,0.01,39,114192,买盘
13:16:54,29.28,0.0,60,175680,卖盘
13:16:58,29.3,0.02,358,1048836,买盘
13:17:01,29.28,-0.02,273,799850,卖盘
13:17:04,29.28,0.0,5,14643,卖盘
13:17:07,29.3,0.02,120,351364,买盘
13:17:09,29.3,0.0,64,187486,买盘
13:17:12,29.3,0.0,127,372100,买盘
13:17:15,29.27,-0.03,103,301552,卖盘
13:17:18,29.27,0.0,15,43905,买盘
13:17:21,29.28,0.01,41,120012,买盘
13:17:24,29.27,-0.01,70,204893,卖盘
13:17:27,29.27,0.0,22,64397,卖盘
13:17:30,29.28,0.01,97,284001,买盘
13:17:33,29.27,-0.01,401,1173806,卖盘
13:17:36,29.25,-0.02,315,921818,卖盘
13:17:40,29.25,0.0,61,178505,卖盘
13:17:42,29.27,0.02,125,365867,买盘
13:17:46,29.24,-0.03,94,274949,卖盘
13:17:49,29.24,0.0,20,58477,买盘
13:17:51,29.24,0.0,180,526315,买盘
13:17:54,29.23,-0.01,67,195881,卖盘
13:18:01,29.25,0.02,33,96521,买盘
13:18:04,29.25,0.0,10,29250,卖盘
13:18:07,29.25,0.0,71,207682,卖盘
13:18:10,29.26,0.01,493,1441583,买盘
13:18:12,29.22,-0.04,71,207675,卖盘
13:18:15,29.21,-0.01,126,368079,卖盘
13:18:18,29.23,0.02,453,1325214,卖盘
13:18:21,29.25,0.02,33,96523,中性盘
13:18:24,29.25,0.0,54,157950,卖盘
13:18:27,29.25,0.0,79,231078,卖盘
13:18:31,29.26,0.01,159,465234,买盘
13:18:34,29.25,-0.01,39,114081,卖盘
13:18:36,29.23,-0.02,380,1109862,卖盘
13:18:39,29.23,0.0,176,514448,买盘
13:18:42,29.25,0.02,27,78948,买盘
13:18:45,29.2,-0.05,155,452695,卖盘
13:18:48,29.21,0.01,11,32131,买盘
13:18:51,29.21,0.0,136,397278,买盘
13:18:54,29.2,-0.01,74,216126,卖盘
13:18:57,29.26,0.06,269,786984,买盘
13:19:00,29.26,0.0,55,160933,卖盘
13:19:04,29.26,0.0,65,190248,卖盘
13:19:07,29.25,-0.01,229,669961,卖盘
13:19:10,29.26,0.01,84,245784,买盘
13:19:12,29.26,0.0,3,8778,卖盘
13:19:16,29.22,-0.04,189,552802,卖盘
13:19:18,29.25,0.03,40,116922,买盘
13:19:21,29.23,-0.02,11,32153,卖盘
13:19:24,29.24,0.01,52,151962,卖盘
13:19:27,29.24,0.0,5,14623,卖盘
13:19:30,29.25,0.01,120,350971,买盘
13:19:33,29.26,0.01,34,99458,买盘
13:19:36,29.24,-0.02,54,157953,卖盘
13:19:39,29.22,-0.02,137,400810,卖盘
13:19:42,29.26,0.04,54,157990,买盘
13:19:45,29.22,-0.04,26,75976,卖盘
13:19:51,29.26,0.04,129,377451,买盘
13:19:54,29.23,-0.03,61,178460,卖盘
13:19:58,29.26,0.03,29,84795,买盘
13:20:00,29.26,0.0,157,459381,买盘
13:20:04,29.26,0.0,40,116979,买盘
13:20:06,29.23,-0.03,56,163698,卖盘
13:20:09,29.26,0.03,112,327384,买盘
13:20:12,29.22,-0.04,177,517254,卖盘
13:20:15,29.21,-0.01,91,266014,卖盘
13:20:19,29.23,0.02,1,2923,中性盘
13:20:22,29.22,-0.01,213,622825,卖盘
13:20:24,29.21,-0.01,105,306785,卖盘
13:20:27,29.24,0.03,23,67176,中性盘
13:20:30,29.22,-0.02,195,570232,卖盘
13:20:33,29.23,0.01,66,192850,买盘
13:20:36,29.21,-0.02,48,140280,中性盘
13:20:39,29.21,0.0,188,549148,买盘
13:20:42,29.23,0.02,6,17528,买盘
13:20:46,29.21,-0.02,59,172392,卖盘
13:20:52,29.24,0.03,45,131588,买盘
13:20:55,29.24,0.0,98,286552,卖盘
13:20:58,29.26,0.02,225,658150,买盘
13:21:01,29.26,0.0,69,201890,卖盘
13:21:04,29.26,0.0,71,207746,卖盘
13:21:07,29.24,-0.02,72,210675,卖盘
13:21:10,29.27,0.03,126,368669,买盘
13:21:13,29.27,0.0,40,117078,买盘
13:21:15,29.23,-0.04,64,187114,卖盘
13:21:19,29.22,-0.01,28,81839,卖盘
13:21:21,29.23,0.01,97,283526,买盘
13:21:24,29.23,0.0,25,73085,卖盘
13:21:28,29.23,0.0,28,81848,卖盘
13:21:31,29.25,0.02,143,418267,买盘
13:21:34,29.24,-0.01,42,122833,卖盘
13:21:37,29.23,-0.01,84,245532,卖盘
13:21:39,29.23,0.0,120,350759,买盘
13:21:42,29.24,0.01,57,166617,买盘
13:21:45,29.24,0.0,33,96495,买盘
13:21:48,29.22,-0.02,64,186984,卖盘
13:21:51,29.24,0.02,106,309857,买盘
13:21:55,29.24,0.0,26,76024,卖盘
13:21:58,29.22,-0.02,77,225074,卖盘
13:22:01,29.23,0.01,79,230911,买盘
13:22:05,29.24,0.01,43,125698,买盘
13:22:07,29.22,-0.02,92,268943,卖盘
13:22:10,29.24,0.02,48,140343,买盘
13:22:13,29.24,0.0,18,52633,卖盘
13:22:16,29.24,0.0,41,119889,卖盘
13:22:18,29.21,-0.03,192,561194,卖盘
13:22:22,29.21,0.0,165,482129,卖盘
13:22:24,29.22,0.01,19,55518,买盘
13:22:27,29.21,-0.01,191,557913,卖盘
13:22:31,29.22,0.01,366,1069226,买盘
13:22:33,29.21,-0.01,51,149004,买盘
13:22:36,29.2,-0.01,62,181043,卖盘
13:22:39,29.2,0.0,506,1477521,卖盘
13:22:43,29.2,0.0,166,484880,卖盘
13:22:46,29.19,-0.01,124,362010,卖盘
13:22:49,29.18,-0.01,13,37934,卖盘
13:22:51,29.18,0.0,244,712204,卖盘
13:22:54,29.2,0.02,16,46705,中性盘
13:22:58,29.19,-0.01,30,87590,卖盘
13:23:00,29.2,0.01,43,125543,买盘
13:23:05,29.19,-0.01,202,589769,卖盘
13:23:07,29.18,-0.01,120,350371,卖盘
13:23:10,29.21,0.03,116,338868,买盘
13:23:12,29.21,0.0,101,294995,买盘
13:23:15,29.21,0.0,5,14609,卖盘
13:23:18,29.18,-0.03,202,589770,卖盘
13:23:21,29.22,0.04,115,335989,买盘
13:23:24,29.22,0.0,23,67208,卖盘
13:23:27,29.25,0.03,289,845151,买盘
13:23:31,29.25,0.0,166,485367,买盘
13:23:33,29.22,-0.03,22,64250,中性盘
13:23:37,29.23,0.01,184,537808,买盘
13:23:40,29.23,0.0,43,125765,卖盘
13:23:43,29.23,0.0,182,532143,卖盘
13:23:46,29.23,0.0,61,178333,卖盘
13:23:49,29.23,0.0,898,2624854,卖盘
13:23:51,29.24,0.01,205,599332,买盘
13:23:54,29.24,0.0,53,154863,买盘
13:23:57,29.23,-0.01,89,260110,买盘
13:24:00,29.23,0.0,163,476443,买盘
13:24:05,29.22,-0.01,122,356515,卖盘
13:24:07,29.2,-0.02,251,733309,卖盘
13:24:10,29.21,0.01,23,67173,买盘
13:24:12,29.22,0.01,164,479005,买盘
13:24:16,29.21,-0.01,52,151909,卖盘
13:24:18,29.21,0.0,3,8763,买盘
13:24:22,29.21,0.0,88,257028,买盘
13:24:24,29.21,0.0,12,35052,卖盘
13:24:28,29.21,0.0,107,312590,卖盘
13:24:31,29.22,0.01,256,747902,买盘
13:24:34,29.21,-0.01,10,29210,中性盘
13:24:36,29.2,-0.01,103,300798,卖盘
13:24:39,29.2,0.0,3,8760,中性盘
13:24:43,29.21,0.01,176,514083,买盘
13:24:46,29.22,0.01,130,379826,买盘
13:24:48,29.22,0.0,50,146130,卖盘
13:24:52,29.23,0.01,91,265992,买盘
13:24:54,29.23,0.0,18,52619,卖盘
13:24:57,29.23,0.0,115,336155,卖盘
13:25:00,29.24,0.01,68,198816,买盘
13:25:04,29.24,0.0,136,397661,卖盘
13:25:07,29.22,-0.02,85,248491,卖盘
13:25:10,29.22,0.0,2,5846,卖盘
13:25:12,29.24,0.02,155,453192,买盘
13:25:16,29.24,0.0,23,67256,卖盘
13:25:18,29.24,0.0,96,280603,买盘
13:25:21,29.24,0.0,61,178364,买盘
13:25:25,29.24,0.0,101,295424,卖盘
13:25:28,29.24,0.0,59,172518,卖盘
13:25:30,29.25,0.01,150,438717,买盘
13:25:33,29.24,-0.01,138,403548,卖盘
13:25:36,29.22,-0.02,141,412083,卖盘
13:25:39,29.24,0.02,6,17543,买盘
13:25:42,29.24,0.0,49,143247,买盘
13:25:45,29.25,0.01,37,108193,买盘
13:25:48,29.24,-0.01,29,84796,卖盘
13:25:52,29.25,0.01,174,508936,买盘
13:25:55,29.24,-0.01,26,76034,卖盘
13:25:58,29.24,0.0,99,289515,卖盘
13:26:01,29.25,0.01,283,827652,买盘
13:26:07,29.22,-0.03,65,189956,卖盘
13:26:10,29.22,0.0,2,5844,买盘
13:26:12,29.22,0.0,76,222072,买盘
13:26:16,29.22,0.0,56,163702,卖盘
13:26:18,29.22,0.0,38,111036,卖盘
13:26:21,29.24,0.02,174,508769,买盘
13:26:24,29.23,-0.01,27,78921,卖盘
13:26:28,29.23,0.0,69,201654,卖盘
13:26:31,29.23,0.0,72,210447,买盘
13:26:34,29.23,0.0,101,295223,卖盘
13:26:36,29.23,0.0,110,321348,买盘
13:26:40,29.21,-0.02,15,43815,卖盘
13:26:42,29.23,0.02,82,239701,买盘
13:26:46,29.23,0.0,24,70156,卖盘
13:26:49,29.23,0.0,73,213379,卖盘
13:26:52,29.24,0.01,384,1121887,买盘
13:26:55,29.21,-0.03,46,134497,卖盘
13:26:58,29.25,0.04,675,1974303,买盘
13:27:00,29.26,0.01,236,690340,买盘
13:27:04,29.25,-0.01,131,383292,卖盘
13:27:06,29.23,-0.02,200,584983,卖盘
13:27:09,29.21,-0.02,24,70127,卖盘
13:27:12,29.23,0.02,91,265978,买盘
13:27:15,29.23,0.0,16,46768,卖盘
13:27:18,29.23,0.0,14,40922,卖盘
13:27:21,29.23,0.0,174,508918,卖盘
13:27:24,29.23,0.0,18,52614,卖盘
13:27:27,29.23,0.0,20,58483,卖盘
13:27:31,29.25,0.02,134,391931,买盘
13:27:33,29.23,-0.02,54,157922,卖盘
13:27:37,29.23,0.0,428,1252206,卖盘
13:27:40,29.22,-0.01,20,58452,卖盘
13:27:43,29.22,0.0,158,461676,买盘
13:27:45,29.22,0.0,35,102255,买盘
13:27:49,29.22,0.0,106,309591,买盘
13:27:51,29.23,0.01,81,236667,买盘
13:27:55,29.22,-0.01,4,11689,卖盘
13:27:57,29.19,-0.03,308,899496,卖盘
13:28:01,29.21,0.02,110,321310,买盘
13:28:04,29.25,0.04,57,166546,买盘
13:28:07,29.21,-0.04,31,90585,卖盘
13:28:10,29.19,-0.02,62,181034,卖盘
13:28:12,29.22,0.03,160,467517,买盘
13:28:16,29.2,-0.02,45,131473,卖盘
13:28:18,29.19,-0.01,21,61299,卖盘
13:28:22,29.2,0.01,219,639445,买盘
13:28:24,29.19,-0.01,12,35039,卖盘
13:28:27,29.19,0.0,18,52552,卖盘
13:28:30,29.21,0.02,58,169352,买盘
13:28:33,29.21,0.0,124,362204,卖盘
13:28:36,29.21,0.0,38,110977,卖盘
13:28:39,29.19,-0.02,59,172251,卖盘
13:28:43,29.2,0.01,164,478938,买盘
13:28:46,29.2,0.0,3,8760,买盘
13:28:48,29.2,0.0,33,96338,买盘
13:28:51,29.18,-0.02,120,350325,卖盘
13:28:54,29.19,0.01,127,370832,卖盘
13:28:57,29.18,-0.01,75,218861,卖盘
13:29:01,29.19,0.01,177,516645,买盘
13:29:04,29.19,0.0,52,151773,买盘
13:29:06,29.18,-0.01,4,11674,卖盘
13:29:09,29.18,0.0,258,752844,卖盘
13:29:12,29.18,0.0,206,601266,卖盘
13:29:15,29.2,0.02,25,72956,买盘
