time,price,change,volume,amount,type
09:25:04,48.25,0.15,118,569350,卖盘
09:30:02,48.19,-0.06,44,212103,中性盘
09:30:05,48.1,-0.09,30,144522,卖盘
09:30:08,48.1,0.0,41,197262,卖盘
09:30:10,48.1,0.0,7,33685,卖盘
09:30:14,48.18,0.08,9,43349,买盘
09:30:17,48.12,-0.06,7,33668,买盘
09:30:19,48.12,0.0,4,19634,卖盘
09:30:26,48.12,0.0,5,24061,卖盘
09:30:28,48.13,0.01,2,9624,买盘
09:30:32,48.12,-0.01,6,28886,卖盘
09:30:34,48.11,-0.01,7,33296,卖盘
09:30:41,48.09,0.0,2,8464,中性盘
09:30:43,48.06,-0.03,3,14418,卖盘
09:30:47,48.01,-0.05,20,100465,卖盘
09:30:50,48.0,-0.01,29,134784,卖盘
09:30:52,47.99,-0.01,49,235153,卖盘
09:30:56,47.89,-0.1,14,67117,卖盘
09:30:59,47.88,-0.01,7,33521,卖盘
09:31:02,47.91,0.03,23,110129,买盘
09:31:05,47.81,-0.1,3,14359,卖盘
09:31:08,47.88,0.07,22,105336,中性盘
09:31:11,47.88,0.0,9,43092,卖盘
09:31:13,47.89,0.01,55,263346,买盘
09:31:17,47.8,-0.09,12,57418,卖盘
09:31:19,47.85,0.05,6,28722,中性盘
09:31:23,47.88,0.03,4,19152,买盘
09:31:26,47.76,-0.12,45,214928,卖盘
09:31:28,47.8,0.04,32,152975,买盘
09:31:32,47.76,-0.04,45,214987,卖盘
09:31:34,47.76,0.0,14,66865,买盘
09:31:38,47.76,0.0,1,4776,买盘
09:31:41,47.77,0.01,2,9554,中性盘
09:31:44,47.76,-0.01,16,76457,卖盘
09:31:50,47.86,0.1,3,14358,买盘
09:31:53,47.8,-0.06,4,19120,卖盘
09:31:56,47.8,0.0,8,38225,买盘
09:31:59,47.77,-0.03,1,4777,卖盘
09:32:01,47.8,0.03,16,76480,买盘
09:32:05,47.77,-0.03,12,57334,卖盘
09:32:08,47.77,0.0,4,19108,买盘
09:32:11,47.81,0.04,39,186496,中性盘
09:32:14,47.85,0.04,8,38274,买盘
09:32:17,47.81,-0.04,10,47814,卖盘
09:32:20,47.85,0.04,29,138765,买盘
09:32:22,47.91,0.06,58,277619,买盘
09:32:26,47.7,-0.21,358,1710430,卖盘
09:32:29,47.7,0.0,159,758430,买盘
09:32:32,47.7,0.0,11,52470,买盘
09:32:35,47.71,0.01,5,23855,卖盘
09:32:37,47.72,0.01,7,33404,卖盘
09:32:47,47.75,0.03,4,19100,卖盘
09:32:50,47.76,0.01,13,62088,买盘
09:32:53,47.75,-0.01,31,148041,卖盘
09:32:56,47.8,0.05,6,28680,卖盘
09:32:58,47.76,-0.04,6,28656,卖盘
09:33:02,47.89,0.13,10,47890,买盘
09:33:05,47.76,-0.13,8,38221,卖盘
09:33:14,47.88,0.12,4,19152,买盘
09:33:16,47.76,-0.12,42,200677,卖盘
09:33:20,47.75,-0.01,8,38201,卖盘
09:33:23,47.75,0.0,18,85964,卖盘
09:33:28,47.75,0.0,34,162369,卖盘
09:33:31,47.75,0.0,23,109846,卖盘
09:33:35,47.75,0.0,11,52526,卖盘
09:33:37,47.74,-0.01,3,14322,卖盘
09:33:41,47.75,0.01,46,219652,买盘
09:33:43,47.75,0.0,21,100275,卖盘
09:33:47,47.72,-0.03,114,544062,卖盘
09:33:49,47.75,0.03,30,143224,买盘
09:33:53,47.74,-0.01,8,38192,卖盘
09:33:56,47.73,-0.01,4,19094,卖盘
09:33:59,47.73,0.0,5,23871,卖盘
09:34:01,47.73,0.0,4,19088,买盘
09:34:04,47.73,0.0,5,23865,中性盘
09:34:11,47.73,0.0,37,176663,买盘
09:34:14,47.76,0.03,83,396353,买盘
09:34:23,47.73,-0.03,16,76369,卖盘
09:34:26,47.73,0.0,1,4773,买盘
09:34:32,47.73,0.0,13,62050,买盘
09:34:35,47.73,0.0,14,66810,买盘
09:34:38,47.71,-0.02,54,257666,卖盘
09:34:41,47.71,0.0,17,81109,卖盘
09:34:44,47.71,0.0,48,229009,卖盘
09:34:46,47.69,-0.02,295,1407068,卖盘
09:34:50,47.71,0.02,58,276541,买盘
09:34:54,47.6,-0.11,10,47613,卖盘
09:34:55,47.64,0.04,18,85792,买盘
09:35:05,47.64,0.0,18,85830,卖盘
09:35:08,47.6,-0.04,50,238049,卖盘
09:35:10,47.62,0.02,7,33330,买盘
09:35:14,47.61,-0.01,19,90441,中性盘
09:35:17,47.61,0.0,6,28568,中性盘
09:35:19,47.6,-0.01,22,104748,卖盘
09:35:24,47.62,0.02,12,57143,买盘
09:35:25,47.62,0.0,4,19048,卖盘
09:35:32,47.62,0.0,7,33334,卖盘
09:35:35,47.62,0.0,18,85716,卖盘
09:35:39,47.69,0.07,1,4769,中性盘
09:35:42,47.6,-0.09,60,285630,卖盘
09:35:44,47.6,0.0,6,28552,买盘
09:35:46,47.6,0.0,14,66640,买盘
09:35:50,47.58,-0.02,32,152316,卖盘
09:35:52,47.59,0.01,16,76141,中性盘
09:35:56,47.56,-0.03,53,252209,卖盘
09:35:59,47.56,0.0,7,33305,卖盘
09:36:02,47.55,-0.01,47,223489,卖盘
09:36:04,47.56,0.01,23,109385,买盘
09:36:09,47.53,-0.03,34,161666,卖盘
09:36:11,47.53,0.0,6,28520,卖盘
09:36:15,47.52,-0.01,33,156838,卖盘
09:36:17,47.53,0.01,18,85548,买盘
09:36:21,47.52,-0.01,7,33265,卖盘
09:36:24,47.52,0.0,23,109310,卖盘
09:36:26,47.51,-0.01,61,289835,卖盘
09:36:29,47.52,0.01,4,19008,买盘
09:36:32,47.5,-0.02,57,270804,卖盘
09:36:36,47.51,0.01,21,99784,中性盘
09:36:39,47.5,-0.01,26,123510,卖盘
09:36:42,47.52,0.02,19,90256,买盘
09:36:44,47.5,-0.02,10,47506,卖盘
09:36:46,47.51,0.01,9,42765,卖盘
09:36:51,47.5,-0.01,423,2009793,卖盘
09:36:52,47.47,-0.03,40,189950,卖盘
09:36:56,47.49,0.02,22,104445,买盘
09:36:59,47.49,0.0,5,23737,买盘
09:37:03,47.41,-0.08,6,28464,卖盘
09:37:04,47.41,0.0,14,66374,买盘
09:37:09,47.41,0.0,12,56892,买盘
09:37:10,47.41,0.0,2,9482,卖盘
09:37:15,47.5,0.09,114,541439,买盘
09:37:17,47.41,-0.09,51,242080,卖盘
09:37:20,47.47,0.06,18,85583,中性盘
09:37:23,47.49,0.02,23,109227,中性盘
09:37:27,47.5,0.01,83,394140,买盘
09:37:29,47.47,-0.03,5,23735,中性盘
09:37:32,47.58,0.11,47,223493,买盘
09:37:35,47.59,0.01,10,47591,买盘
09:37:42,47.47,-0.12,61,290109,卖盘
09:37:45,47.47,0.0,5,23739,卖盘
09:37:48,47.46,-0.01,4,18986,卖盘
09:37:50,47.53,0.07,17,80793,买盘
09:37:54,47.53,0.0,2,9508,卖盘
09:37:55,47.53,0.0,67,318310,卖盘
09:38:02,47.55,0.02,4,19018,中性盘
09:38:06,47.55,0.0,3,14265,卖盘
09:38:09,47.53,-0.02,38,180619,卖盘
09:38:12,47.53,0.0,23,109319,卖盘
09:38:14,47.51,-0.02,41,194757,卖盘
09:38:18,47.48,-0.03,32,151952,卖盘
09:38:20,47.5,0.02,24,114024,中性盘
09:38:22,47.5,0.0,10,47500,买盘
09:38:25,47.5,0.0,70,332316,买盘
09:38:29,47.46,-0.04,9,42746,卖盘
09:38:32,47.5,0.04,11,52250,买盘
09:38:35,47.47,-0.03,8,37981,卖盘
09:38:39,47.46,-0.01,18,85432,卖盘
09:38:41,47.45,-0.01,10,47450,卖盘
09:38:45,47.46,0.01,17,80680,买盘
09:38:46,47.5,0.04,47,223143,买盘
09:38:49,47.46,-0.04,5,23742,卖盘
09:38:57,47.43,-0.03,26,123371,卖盘
09:38:59,47.46,0.03,3,14250,中性盘
09:39:03,47.52,0.06,8,38016,中性盘
09:39:06,47.52,0.0,2,9498,买盘
09:39:07,47.46,-0.06,21,99672,中性盘
09:39:12,47.46,0.0,37,175632,卖盘
09:39:14,47.52,0.06,2,9504,买盘
09:39:21,47.47,-0.05,1,4747,卖盘
09:39:24,47.52,0.05,5,23760,买盘
09:39:26,47.46,-0.06,40,189906,卖盘
09:39:30,47.52,0.06,7,33234,买盘
09:39:32,47.47,-0.05,5,23737,卖盘
09:39:34,47.46,-0.01,57,270832,卖盘
09:39:39,47.53,0.07,24,114028,买盘
09:39:40,47.52,-0.01,65,308912,卖盘
09:39:45,47.52,0.0,1,4752,卖盘
09:39:49,47.53,0.01,33,156819,买盘
09:39:54,47.54,0.01,520,2471535,买盘
09:39:57,47.53,-0.01,36,171154,卖盘
09:40:00,47.53,0.0,12,57041,卖盘
09:40:03,47.6,0.07,3,14274,买盘
09:40:04,47.67,0.07,7,33356,中性盘
09:40:07,47.64,-0.03,18,85791,卖盘
09:40:12,47.53,-0.11,98,465918,卖盘
09:40:14,47.7,0.17,34,161626,中性盘
09:40:18,47.6,-0.1,2,9520,卖盘
09:40:21,47.6,0.0,3,14280,中性盘
09:40:24,47.6,0.0,4,19058,卖盘
09:40:26,47.54,-0.06,32,152137,卖盘
09:40:29,47.54,0.0,1,4754,买盘
09:40:32,47.54,0.0,20,95068,中性盘
09:40:37,47.54,0.0,21,99870,卖盘
09:40:41,47.53,-0.01,358,1701590,卖盘
09:40:44,47.52,-0.01,120,570346,卖盘
09:40:46,47.47,-0.05,41,194737,卖盘
09:40:51,47.47,0.0,40,189973,卖盘
09:40:52,47.46,-0.01,25,118651,卖盘
09:40:57,47.45,-0.01,49,232537,卖盘
09:40:59,47.47,0.02,4,18988,买盘
09:41:03,47.45,-0.02,12,56948,卖盘
09:41:04,47.5,0.05,1,4750,买盘
09:41:09,47.47,-0.03,5,23736,中性盘
09:41:12,47.45,-0.02,50,237262,卖盘
09:41:15,47.43,-0.02,13,61659,卖盘
09:41:18,47.45,0.02,9,42705,买盘
09:41:20,47.45,0.0,10,47450,买盘
09:41:27,47.42,-0.03,62,294115,卖盘
09:41:29,47.46,0.04,4,18986,中性盘
09:41:33,47.48,0.02,3,14244,卖盘
09:41:36,47.45,-0.03,9,42705,卖盘
09:41:39,47.45,0.0,1,4745,买盘
09:41:40,47.43,-0.02,19,90117,卖盘
09:41:45,47.43,0.0,29,137544,买盘
09:41:48,47.43,0.0,4,18972,买盘
09:41:51,47.47,0.04,2,9494,买盘
09:41:52,47.42,-0.05,32,151808,卖盘
09:41:55,47.43,0.01,24,113836,中性盘
09:41:59,47.44,0.01,1,4744,买盘
09:42:03,47.44,0.0,38,180255,买盘
09:42:06,47.44,0.0,9,42693,买盘
09:42:09,47.45,0.01,22,104363,买盘
09:42:11,47.42,-0.03,48,227631,卖盘
09:42:15,47.44,0.02,1,4744,卖盘
09:42:17,47.47,0.03,4,18985,买盘
09:42:19,47.45,-0.02,4,18978,中性盘
09:42:24,47.47,0.02,6,28474,买盘
09:42:27,47.41,-0.06,41,194479,卖盘
09:42:29,47.42,0.01,16,75865,买盘
09:42:33,47.41,-0.01,5,23705,卖盘
09:42:36,47.45,0.04,16,75889,买盘
09:42:39,47.44,-0.01,6,28466,卖盘
09:42:42,47.47,0.03,65,308209,买盘
09:42:45,47.47,0.0,41,194549,买盘
09:42:50,47.47,0.0,4,18985,买盘
09:42:54,47.45,-0.02,37,175561,买盘
09:42:57,47.43,-0.02,10,47443,中性盘
09:43:00,47.42,-0.01,22,104324,卖盘
09:43:03,47.42,0.0,19,90097,买盘
09:43:06,47.45,0.03,3,14235,买盘
09:43:07,47.42,-0.03,15,71138,卖盘
09:43:12,47.43,0.01,30,142271,买盘
09:43:15,47.43,0.0,2,9486,卖盘
09:43:18,47.44,0.01,29,137508,买盘
09:43:21,47.42,-0.02,1,4742,卖盘
09:43:27,47.45,0.03,2,9490,买盘
09:43:30,47.45,0.0,43,203901,买盘
09:43:33,47.39,-0.06,364,1725567,卖盘
09:43:36,47.4,0.01,114,540182,买盘
09:43:37,47.35,-0.05,33,156279,卖盘
09:43:40,47.4,0.05,53,251168,买盘
09:43:44,47.39,-0.01,32,151648,卖盘
09:43:48,47.36,-0.03,7,33150,买盘
09:43:50,47.34,-0.02,9,42614,卖盘
09:43:54,47.34,0.0,14,66276,卖盘
09:43:57,47.32,-0.02,88,416646,卖盘
09:43:59,47.31,-0.01,2,9463,卖盘
09:44:03,47.31,0.0,19,89921,卖盘
09:44:06,47.31,0.0,4,18924,卖盘
09:44:09,47.31,0.0,10,47321,卖盘
09:44:12,47.3,-0.01,47,222333,卖盘
09:44:15,47.38,0.08,5,23662,中性盘
09:44:21,47.3,-0.08,15,70958,卖盘
09:44:24,47.3,0.0,1,4730,卖盘
09:44:25,47.3,0.0,53,250719,卖盘
09:44:30,47.34,0.04,13,61509,买盘
09:44:31,47.32,-0.02,2,9464,中性盘
09:44:35,47.34,0.02,35,165575,买盘
09:44:39,47.3,-0.04,23,110738,卖盘
09:44:42,47.38,0.08,34,160873,买盘
09:44:44,47.3,-0.08,43,203390,卖盘
09:44:46,47.31,0.01,8,37848,卖盘
09:44:51,47.3,-0.01,14,66244,卖盘
09:44:54,47.3,0.0,10,47307,卖盘
09:44:55,47.3,0.0,57,269654,卖盘
09:45:00,47.3,0.0,19,89920,卖盘
09:45:03,47.3,0.0,16,73759,卖盘
09:45:06,47.29,-0.01,54,255671,卖盘
09:45:09,47.29,0.0,20,94591,卖盘
09:45:10,47.28,-0.01,12,56741,卖盘
09:45:15,47.27,-0.01,30,141817,卖盘
09:45:18,47.29,0.02,78,368801,买盘
09:45:20,47.29,0.0,2,9458,卖盘
09:45:24,47.28,-0.01,16,75653,卖盘
09:45:25,47.27,-0.01,13,61459,卖盘
09:45:30,47.26,-0.01,17,80343,卖盘
09:45:33,47.26,0.0,27,127610,卖盘
09:45:36,47.26,0.0,31,146489,卖盘
09:45:37,47.25,-0.01,46,217350,卖盘
09:45:42,47.25,0.0,36,170096,卖盘
09:45:45,47.25,0.0,9,42505,买盘
09:45:48,47.25,0.0,11,51949,买盘
09:45:51,47.2,-0.05,4,18885,卖盘
09:45:54,47.24,0.04,9,42511,买盘
09:46:00,47.24,0.0,58,273793,买盘
09:46:01,47.24,0.0,7,33048,买盘
09:46:06,47.24,0.0,5,23613,买盘
09:46:09,47.18,-0.06,22,103808,卖盘
09:46:10,47.18,0.0,26,122668,卖盘
09:46:15,47.18,0.0,14,66050,买盘
09:46:16,47.18,0.0,1,4718,买盘
09:46:21,47.18,0.0,8,37742,买盘
09:46:22,47.18,0.0,21,99072,买盘
09:46:27,47.15,-0.03,54,254674,卖盘
09:46:30,47.16,0.01,6,28304,中性盘
09:46:33,47.16,0.0,12,56606,卖盘
09:46:36,47.18,0.02,19,89628,买盘
09:46:39,47.18,0.0,3,14154,买盘
09:46:42,47.16,-0.02,10,47160,卖盘
09:46:44,47.18,0.02,42,198094,买盘
09:46:46,47.16,-0.02,12,56596,卖盘
09:46:51,47.17,0.01,16,75465,买盘
09:46:52,47.16,-0.01,2,9432,中性盘
09:46:55,47.17,0.01,2,9433,买盘
09:47:00,47.16,-0.01,31,146173,卖盘
09:47:03,47.16,0.0,6,28295,卖盘
09:47:06,47.17,0.01,2,9435,中性盘
09:47:09,47.18,0.01,12,56606,买盘
09:47:12,47.18,0.0,11,51888,中性盘
09:47:15,47.18,0.0,50,235831,卖盘
09:47:18,47.19,0.01,2,9438,买盘
09:47:21,47.18,-0.01,16,75510,卖盘
09:47:22,47.24,0.06,15,70847,买盘
09:47:27,47.25,0.01,4,18900,买盘
09:47:29,47.25,0.0,73,344724,买盘
09:47:31,47.22,-0.03,9,42503,中性盘
09:47:35,47.24,0.02,5,23620,买盘
09:47:37,47.18,-0.06,8,37773,卖盘
09:47:40,47.2,0.02,10,47202,中性盘
09:47:45,47.18,-0.02,33,155728,卖盘
09:47:47,47.24,0.06,2,9448,中性盘
09:47:51,47.25,0.01,10,47250,买盘
09:47:54,47.25,0.0,2,9450,买盘
09:47:57,47.25,0.0,16,75597,买盘
09:47:59,47.2,-0.05,28,132162,卖盘
09:48:01,47.2,0.0,13,61355,买盘
09:48:05,47.2,0.0,3,14160,买盘
09:48:09,47.2,0.0,15,70800,买盘
09:48:10,47.24,0.04,13,61374,买盘
09:48:15,47.17,-0.07,213,1005173,卖盘
09:48:18,47.17,0.0,11,51891,卖盘
09:48:21,47.18,0.01,13,61332,买盘
09:48:22,47.18,0.0,4,18869,买盘
09:48:27,47.17,-0.01,10,47174,卖盘
09:48:30,47.16,-0.01,33,155644,卖盘
09:48:33,47.15,-0.01,37,174461,卖盘
09:48:35,47.15,0.0,4,18860,卖盘
09:48:39,47.15,0.0,13,61306,卖盘
09:48:42,47.16,0.01,18,84877,买盘
09:48:45,47.15,-0.01,58,273467,卖盘
09:48:48,47.14,-0.01,25,117862,卖盘
09:48:50,47.14,0.0,16,75430,卖盘
09:48:52,47.15,0.01,6,28290,买盘
09:48:55,47.15,0.0,1,4715,买盘
09:48:59,47.13,-0.02,52,245081,卖盘
09:49:01,47.15,0.02,14,65996,买盘
09:49:06,47.15,0.0,1,4715,买盘
09:49:09,47.15,0.0,34,160238,买盘
09:49:12,47.14,-0.01,12,56560,中性盘
09:49:15,47.11,-0.03,98,461778,卖盘
09:49:18,47.12,0.01,24,113103,中性盘
09:49:21,47.12,0.0,17,80095,买盘
09:49:22,47.11,-0.01,2,9422,卖盘
09:49:27,47.11,0.0,17,80094,卖盘
09:49:29,47.11,0.0,30,141330,卖盘
09:49:33,47.16,0.05,773,3644390,买盘
09:49:35,47.15,-0.01,25,117883,卖盘
09:49:39,47.15,0.0,3,14145,卖盘
09:49:40,47.15,0.0,23,108461,卖盘
09:49:45,47.15,0.0,14,66024,卖盘
09:49:48,47.18,0.03,9,42443,买盘
09:49:52,47.18,0.0,17,80206,买盘
09:49:55,47.18,0.0,6,28308,买盘
09:49:59,47.18,0.0,45,212310,买盘
09:50:03,47.18,0.0,11,51893,买盘
09:50:06,47.21,0.03,281,1325760,买盘
09:50:09,47.2,-0.01,14,66126,卖盘
09:50:15,47.22,0.02,8,37772,买盘
09:50:18,47.22,0.0,19,89718,卖盘
09:50:20,47.25,0.03,25,118062,买盘
09:50:27,47.26,0.01,3,14178,买盘
09:50:36,47.27,0.01,3,14181,卖盘
09:50:37,47.3,0.03,4,18920,买盘
09:50:40,47.27,-0.03,3,14187,卖盘
09:50:44,47.28,0.01,8,37818,买盘
09:50:48,47.29,0.01,5,23644,买盘
09:50:54,47.36,0.07,3,14208,中性盘
09:50:57,47.36,0.0,7,33148,买盘
09:50:59,47.36,0.0,5,23680,买盘
09:51:03,47.36,0.0,4,18938,买盘
09:51:06,47.3,-0.06,2,9466,卖盘
09:51:09,47.35,0.05,13,61567,中性盘
09:51:12,47.28,-0.07,51,241346,卖盘
09:51:15,47.27,-0.01,56,267477,卖盘
09:51:18,47.4,0.13,250,1180463,买盘
09:51:21,47.27,-0.13,4,18908,买盘
09:51:27,47.39,0.12,8,37852,买盘
09:51:30,47.3,-0.09,2,9460,卖盘
09:51:33,47.39,0.09,12,56805,买盘
09:51:35,47.39,0.0,4,18956,买盘
09:51:39,47.3,-0.09,6,28404,卖盘
09:51:42,47.31,0.01,7,33117,卖盘
09:51:45,47.3,-0.01,7,33110,卖盘
09:51:48,47.3,0.0,4,18941,中性盘
09:51:51,47.3,0.0,4,18919,买盘
09:51:52,47.3,0.0,3,14190,买盘
09:51:55,47.3,0.0,2,9460,买盘
09:51:59,47.29,-0.01,21,99327,卖盘
09:52:06,47.3,0.01,5,23650,卖盘
09:52:09,47.37,0.07,4,18948,买盘
09:52:14,47.37,0.0,9,42598,买盘
09:52:20,47.37,0.0,9,42638,买盘
09:52:22,47.36,-0.01,4,18938,中性盘
09:52:25,47.37,0.01,12,56819,买盘
09:52:32,47.37,0.0,4,18948,买盘
09:52:36,47.35,-0.02,3,14205,卖盘
09:52:39,47.37,0.02,4,18945,买盘
09:52:45,47.32,-0.05,7,33118,中性盘
09:52:48,47.34,0.02,4,18936,卖盘
09:52:51,47.33,-0.01,8,37859,买盘
09:52:52,47.31,-0.02,5,23655,卖盘
09:52:55,47.3,-0.01,27,127719,卖盘
09:53:00,47.29,-0.01,31,146628,卖盘
09:53:01,47.28,-0.01,23,108762,卖盘
09:53:05,47.27,-0.01,12,56730,卖盘
09:53:09,47.27,0.0,13,61479,卖盘
09:53:12,47.28,0.01,40,189117,买盘
09:53:15,47.27,-0.01,9,42539,卖盘
09:53:18,47.28,0.01,21,99256,买盘
09:53:21,47.28,0.0,6,28368,买盘
09:53:24,47.25,-0.03,88,415833,卖盘
09:53:27,47.28,0.03,44,208025,买盘
09:53:29,47.28,0.0,7,33097,卖盘
09:53:33,47.3,0.02,30,145390,买盘
09:53:36,47.3,0.0,1,4730,卖盘
09:53:39,47.3,0.0,4,18920,卖盘
09:53:42,47.28,-0.02,121,568891,卖盘
09:53:44,47.25,-0.03,29,136769,卖盘
09:53:46,47.3,0.05,17,80735,买盘
09:53:50,47.3,0.0,20,94600,卖盘
09:53:57,47.28,-0.02,21,98957,卖盘
09:54:01,47.28,0.0,8,37823,买盘
09:54:06,47.27,-0.01,6,28362,卖盘
09:54:09,47.31,0.04,342,1617685,买盘
09:54:10,47.3,-0.01,2,9460,中性盘
09:54:18,47.26,-0.04,4,18907,卖盘
09:54:21,47.27,0.01,6,28360,买盘
09:54:24,47.27,0.0,38,179553,买盘
09:54:27,47.27,0.0,4,18908,买盘
09:54:33,47.27,0.0,4,18908,买盘
09:54:35,47.25,-0.02,3,14176,卖盘
09:54:39,47.27,0.02,4,18908,买盘
09:54:40,47.25,-0.02,3,14175,卖盘
09:54:45,47.25,0.0,5,23625,卖盘
09:54:48,47.25,0.0,54,255198,中性盘
09:54:51,47.25,0.0,7,33075,买盘
09:54:54,47.23,-0.02,1,4723,卖盘
09:54:57,47.25,0.02,4,18900,买盘
09:55:03,47.25,0.0,14,66153,买盘
09:55:06,47.25,0.0,5,23625,卖盘
09:55:07,47.25,0.0,9,42521,买盘
09:55:12,47.25,0.0,12,56700,卖盘
09:55:15,47.21,-0.04,53,250299,卖盘
09:55:16,47.18,-0.03,67,316215,卖盘
09:55:21,47.16,-0.02,84,396245,卖盘
09:55:24,47.15,-0.01,18,84874,卖盘
09:55:27,47.15,0.0,13,61310,卖盘
09:55:29,47.14,-0.01,8,37712,卖盘
09:55:31,47.13,-0.01,15,70714,卖盘
09:55:36,47.13,0.0,6,28281,卖盘
09:55:39,47.14,0.01,8,37708,买盘
09:55:42,47.13,-0.01,3,14138,中性盘
09:55:44,47.13,0.0,33,155533,卖盘
09:55:48,47.12,-0.01,28,131962,卖盘
09:55:50,47.12,0.0,13,61273,卖盘
09:55:53,47.13,0.01,3,14139,卖盘
09:55:57,47.13,0.0,8,37709,卖盘
09:56:01,47.15,0.02,14,66004,买盘
09:56:04,47.15,0.0,7,33002,中性盘
09:56:09,47.15,0.0,2,9430,卖盘
09:56:14,47.18,0.03,14,66025,买盘
09:56:16,47.18,0.0,5,23590,卖盘
09:56:21,47.2,0.02,9,42478,买盘
09:56:23,47.2,0.0,9,42476,买盘
09:56:25,47.2,0.0,5,23602,卖盘
09:56:30,47.2,0.0,3,14160,卖盘
09:56:33,47.18,-0.02,11,51912,卖盘
09:56:36,47.18,0.0,10,47195,卖盘
09:56:39,47.2,0.02,5,23599,中性盘
09:56:41,47.17,-0.03,23,108513,卖盘
09:56:44,47.15,-0.02,6,28298,卖盘
09:56:49,47.14,-0.01,14,66017,卖盘
09:56:54,47.15,0.01,12,56602,中性盘
09:56:57,47.17,0.02,10,47158,买盘
09:56:59,47.16,-0.01,1,4716,买盘
09:57:03,47.16,0.0,15,70751,卖盘
09:57:05,47.17,0.01,6,28302,买盘
09:57:14,47.15,-0.02,33,155630,卖盘
09:57:16,47.15,0.0,2,9430,卖盘
09:57:20,47.18,0.03,15,70760,买盘
09:57:24,47.18,0.0,7,33026,买盘
09:57:27,47.17,-0.01,5,23580,中性盘
09:57:29,47.17,0.0,1,4717,卖盘
09:57:33,47.18,0.01,5,23590,买盘
09:57:36,47.18,0.0,14,66039,买盘
09:57:39,47.16,-0.02,27,127327,中性盘
09:57:42,47.16,0.0,28,132048,买盘
09:57:45,47.15,-0.01,9,42436,卖盘
09:57:47,47.16,0.01,20,94330,买盘
09:57:49,47.17,0.01,3,14151,买盘
09:57:52,47.16,-0.01,2,9432,卖盘
09:57:57,47.17,0.01,5,23585,买盘
09:58:00,47.19,0.02,32,150969,买盘
09:58:01,47.2,0.01,8,37745,买盘
09:58:05,47.15,-0.05,305,1438221,卖盘
09:58:08,47.26,0.11,4,18904,买盘
09:58:14,47.25,-0.01,3,14166,中性盘
09:58:21,47.21,-0.04,12,56674,买盘
09:58:24,47.26,0.05,2,9452,买盘
09:58:27,47.2,-0.06,11,51923,卖盘
09:58:30,47.2,0.0,12,56634,买盘
09:58:31,47.2,0.0,5,23600,买盘
09:58:36,47.2,0.0,6,28320,买盘
09:58:38,47.2,0.0,4,18880,买盘
09:58:44,47.2,0.0,4,18880,买盘
09:58:48,47.18,-0.02,5,23592,卖盘
09:58:50,47.15,-0.03,54,254712,卖盘
09:58:54,47.16,0.01,4,18873,卖盘
09:58:57,47.2,0.04,472,2227816,买盘
09:59:09,47.2,0.0,16,75520,卖盘
09:59:12,47.14,-0.06,100,471508,卖盘
09:59:14,47.2,0.06,6,28320,买盘
09:59:21,47.2,0.0,17,80240,买盘
09:59:25,47.2,0.0,5,23600,买盘
09:59:29,47.2,0.0,2,9440,买盘
09:59:31,47.2,0.0,6,28320,买盘
09:59:36,47.2,0.0,7,33040,买盘
09:59:39,47.2,0.0,7,33040,买盘
09:59:43,47.2,0.0,21,99120,买盘
09:59:48,47.18,-0.02,5,23592,卖盘
09:59:49,47.2,0.02,8,37760,买盘
09:59:52,47.2,0.0,250,1180000,买盘
09:59:57,47.2,0.0,173,816560,买盘
10:00:00,47.18,-0.02,31,146270,卖盘
10:00:03,47.18,0.0,25,117950,买盘
10:00:06,47.18,0.0,37,174530,买盘
10:00:07,47.16,-0.02,49,231141,卖盘
10:00:11,47.18,0.02,22,103776,买盘
10:00:15,47.18,0.0,222,1047396,买盘
10:00:18,47.2,0.02,5,23600,卖盘
10:00:20,47.22,0.02,6,28328,买盘
10:00:26,47.25,0.03,4,18900,买盘
10:00:30,47.25,0.0,1,4725,买盘
10:00:33,47.25,0.0,4,18900,买盘
10:00:39,47.26,0.01,4,18904,买盘
10:00:42,47.26,0.0,43,203218,买盘
10:00:45,47.27,0.01,4,18908,买盘
10:00:48,47.27,0.0,19,89813,买盘
10:00:51,47.27,0.0,11,51994,买盘
10:00:52,47.26,-0.01,33,155975,卖盘
10:00:57,47.25,-0.01,6,28355,卖盘
10:00:59,47.26,0.01,12,56712,买盘
10:01:02,47.26,0.0,8,37807,买盘
10:01:06,47.26,0.0,1,4726,买盘
10:01:08,47.26,0.0,61,288231,买盘
10:01:12,47.25,-0.01,58,274050,卖盘
10:01:14,47.25,0.0,12,56701,买盘
10:01:19,47.25,0.0,6,28342,买盘
10:01:24,47.25,0.0,7,33075,买盘
10:01:27,47.25,0.0,1,4725,买盘
10:01:31,47.2,-0.05,82,387115,卖盘
10:01:35,47.2,0.0,171,807119,买盘
10:01:39,47.2,0.0,15,70800,买盘
10:01:42,47.2,0.0,51,240720,买盘
10:01:45,47.2,0.0,9,42480,买盘
10:01:47,47.2,0.0,5,23600,买盘
10:01:51,47.2,0.0,12,56637,买盘
10:01:54,47.2,0.0,1,4720,买盘
10:01:57,47.2,0.0,162,764640,买盘
10:02:03,47.2,0.0,6,28335,卖盘
10:02:05,47.25,0.05,1,4725,买盘
10:02:08,47.25,0.0,4,18900,买盘
10:02:11,47.25,0.0,105,495625,买盘
10:02:15,47.21,-0.04,1,4721,中性盘
10:02:21,47.2,-0.01,137,646679,卖盘
10:02:24,47.19,-0.01,5,23598,卖盘
10:02:27,47.2,0.01,13,61360,买盘
10:02:29,47.18,-0.02,13,61341,卖盘
10:02:32,47.19,0.01,6,28314,买盘
10:02:35,47.19,0.0,2,9438,买盘
10:02:37,47.19,0.0,12,56628,买盘
10:02:41,47.19,0.0,1,4719,买盘
10:02:44,47.19,0.0,6,28314,买盘
10:02:47,47.17,-0.02,110,518988,卖盘
10:02:50,47.18,0.01,44,207565,买盘
10:02:53,47.17,-0.01,15,70759,卖盘
10:02:57,47.17,0.0,10,47172,卖盘
10:02:58,47.17,0.0,6,28306,卖盘
10:03:02,47.17,0.0,18,84890,买盘
10:03:06,47.16,-0.01,68,320694,卖盘
10:03:08,47.17,0.01,4,18867,买盘
10:03:14,47.18,0.01,6,28308,买盘
10:03:16,47.18,0.0,42,198156,买盘
10:03:19,47.18,0.0,15,70766,买盘
10:03:24,47.18,0.0,4,18872,买盘
10:03:27,47.18,0.0,10,47180,买盘
10:03:30,47.19,0.01,317,1495610,买盘
10:03:33,47.16,-0.03,366,1726681,卖盘
10:03:35,47.16,0.0,105,495180,买盘
10:03:39,47.16,0.0,56,264094,买盘
10:03:42,47.16,0.0,6,28294,卖盘
10:03:44,47.2,0.04,3,14160,买盘
10:03:50,47.16,-0.04,4,18864,卖盘
10:03:59,47.16,0.0,13,61324,卖盘
10:04:03,47.2,0.04,363,1713360,买盘
10:04:08,47.25,0.05,6,28350,买盘
10:04:10,47.26,0.01,1,4726,买盘
10:04:14,47.3,0.04,451,2133139,买盘
10:04:18,47.3,0.0,12,56760,买盘
10:04:21,47.28,-0.02,1,4728,卖盘
10:04:23,47.3,0.02,4,18920,中性盘
10:04:26,47.35,0.05,2,9470,买盘
10:04:28,47.35,0.0,3,14205,卖盘
10:04:32,47.38,0.03,1,4738,买盘
10:04:35,47.3,-0.08,23,108854,卖盘
10:04:37,47.28,-0.02,22,104038,卖盘
10:04:42,47.28,0.0,1,4728,中性盘
10:04:44,47.3,0.02,12,56759,买盘
10:04:47,47.29,-0.01,31,146599,中性盘
10:04:50,47.29,0.0,40,189174,卖盘
10:04:53,47.29,0.0,17,80397,卖盘
10:04:57,47.3,0.01,21,99313,买盘
10:04:59,47.29,-0.01,17,80393,卖盘
10:05:03,47.3,0.01,9,42569,买盘
10:05:05,47.29,-0.01,7,33109,中性盘
10:05:11,47.3,0.01,4,18917,买盘
10:05:16,47.27,-0.03,33,156026,卖盘
10:05:21,47.28,0.01,24,113467,买盘
10:05:23,47.28,0.0,31,146568,买盘
10:05:27,47.28,0.0,1,4728,买盘
10:05:29,47.26,-0.02,57,269403,卖盘
10:05:35,47.28,0.02,5,23640,买盘
10:05:44,47.3,0.03,454,2146592,买盘
10:05:48,47.3,0.0,17,80410,买盘
10:05:50,47.3,0.0,1,4730,卖盘
10:05:54,47.3,0.0,3,14190,卖盘
10:06:05,47.3,0.0,1,4730,卖盘
10:06:07,47.35,0.05,1,4735,买盘
10:06:15,47.38,0.03,2,9476,买盘
10:06:18,47.39,0.01,5,23693,买盘
10:06:20,47.39,0.0,10,47390,买盘
10:06:26,47.32,-0.07,83,392867,卖盘
10:06:30,47.32,0.0,1,4732,买盘
10:06:35,47.32,0.0,6,28392,买盘
10:06:38,47.32,0.0,408,1930656,买盘
10:06:43,47.4,0.08,3,14218,买盘
10:06:53,47.36,-0.04,13,61574,卖盘
10:06:57,47.36,0.0,3,14208,买盘
10:06:59,47.36,0.0,10,47360,买盘
10:07:03,47.4,0.04,14,66314,买盘
10:07:05,47.39,-0.01,2,9479,卖盘
10:07:09,47.39,0.0,2,9478,中性盘
10:07:12,47.4,0.01,3,14220,买盘
10:07:20,47.39,-0.01,3,14217,买盘
10:07:27,47.39,0.0,5,23695,买盘
10:07:29,47.39,0.0,2,9477,买盘
10:07:33,47.39,0.0,9,42648,买盘
10:07:35,47.37,-0.02,28,132652,卖盘
10:07:38,47.39,0.02,15,71074,买盘
10:07:50,47.39,0.0,1,4739,买盘
10:07:54,47.39,0.0,3,14217,买盘
10:07:57,47.36,-0.03,30,142086,卖盘
10:08:00,47.36,0.0,18,85253,买盘
10:08:05,47.35,-0.01,2,9470,卖盘
10:08:08,47.36,0.01,1,4736,中性盘
10:08:12,47.37,0.01,11,52107,买盘
10:08:18,47.37,0.0,9,42630,买盘
10:08:19,47.37,0.0,11,52107,买盘
10:08:29,47.37,0.0,7,33157,买盘
10:08:33,47.36,-0.01,2,9472,卖盘
10:08:35,47.37,0.01,2,9474,买盘
10:08:45,47.37,0.0,1,4737,买盘
10:08:47,47.37,0.0,12,56844,买盘
10:08:56,47.37,0.0,44,208393,买盘
10:08:59,47.36,-0.01,4,18947,卖盘
10:09:02,47.36,0.0,15,71040,卖盘
10:09:04,47.36,0.0,2,9472,买盘
10:09:08,47.35,-0.01,9,42615,卖盘
10:09:11,47.36,0.01,19,89984,买盘
10:09:16,47.34,-0.02,88,416682,卖盘
10:09:19,47.38,0.04,6,28427,买盘
10:09:23,47.35,-0.03,1,4735,卖盘
10:09:26,47.38,0.03,4,18952,买盘
10:09:30,47.35,-0.03,4,18942,卖盘
10:09:35,47.35,0.0,8,37878,买盘
10:09:43,47.35,0.0,1,4735,买盘
10:09:47,47.34,-0.01,8,37872,卖盘
10:09:50,47.34,0.0,2,9468,卖盘
10:09:52,47.34,0.0,5,23671,卖盘
10:09:56,47.33,-0.01,48,227228,卖盘
10:09:58,47.33,0.0,14,66263,卖盘
10:10:02,47.32,-0.01,130,615365,卖盘
10:10:05,47.31,-0.01,37,175047,卖盘
10:10:09,47.31,0.0,14,66234,卖盘
10:10:11,47.31,0.0,11,52041,中性盘
10:10:13,47.31,0.0,6,28394,买盘
10:10:19,47.3,-0.01,29,137170,卖盘
10:10:24,47.3,0.0,2,9460,卖盘
10:10:25,47.29,-0.01,13,61482,卖盘
10:10:30,47.28,-0.01,129,609912,卖盘
10:10:31,47.28,0.0,57,267039,卖盘
10:10:36,47.27,-0.01,441,2087502,卖盘
10:10:39,47.27,0.0,39,181658,卖盘
10:10:42,47.26,-0.01,129,608098,卖盘
10:10:44,47.23,-0.03,11,53538,卖盘
10:10:46,47.23,0.0,25,118097,卖盘
10:10:50,47.23,0.0,5,23617,卖盘
10:10:53,47.24,0.01,10,47240,买盘
10:10:56,47.23,-0.01,1,4723,卖盘
10:10:59,47.2,-0.03,400,1888024,卖盘
10:11:03,47.2,0.0,2,9440,卖盘
10:11:05,47.2,0.0,11,51920,卖盘
10:11:09,47.23,0.03,3,14169,买盘
10:11:11,47.2,-0.03,32,151040,卖盘
10:11:15,47.19,-0.01,16,75519,卖盘
10:11:17,47.2,0.01,1,4720,买盘
10:11:21,47.19,-0.01,1,4719,卖盘
10:11:23,47.2,0.01,15,70800,买盘
10:11:26,47.19,-0.01,11,51909,卖盘
10:11:29,47.19,0.0,3,14157,卖盘
10:11:32,47.19,0.0,1,4719,卖盘
10:11:35,47.19,0.0,1,4719,卖盘
10:11:38,47.2,0.01,1,4720,买盘
10:11:41,47.2,0.0,5,23600,买盘
10:11:44,47.2,0.0,9,42480,买盘
10:11:48,47.19,-0.01,81,382244,卖盘
10:11:50,47.19,0.0,8,37752,买盘
10:11:54,47.19,0.0,6,28314,买盘
10:11:57,47.2,0.01,22,103821,买盘
10:12:00,47.19,-0.01,6,28314,卖盘
10:12:12,47.2,0.01,1,4720,买盘
10:12:14,47.21,0.01,2,9442,卖盘
10:12:17,47.22,0.01,4,18884,买盘
10:12:23,47.21,-0.01,2,9442,卖盘
10:12:26,47.22,0.01,2,9444,买盘
10:12:29,47.22,0.0,1,4722,买盘
10:12:38,47.21,-0.01,1,4721,卖盘
10:12:44,47.22,0.01,25,118428,买盘
10:12:47,47.22,0.0,1,4722,买盘
10:12:50,47.22,0.0,3,14165,买盘
10:12:53,47.22,0.0,20,94440,买盘
10:12:56,47.22,0.0,17,80274,买盘
10:12:59,47.22,0.0,18,84996,买盘
10:13:02,47.22,0.0,7,33054,卖盘
10:13:05,47.23,0.01,5,23615,买盘
10:13:08,47.23,0.0,3,14169,买盘
10:13:11,47.22,-0.01,2,9444,卖盘
10:13:14,47.23,0.01,3,14169,卖盘
10:13:17,47.24,0.01,3,14171,买盘
10:13:20,47.23,-0.01,4,18892,卖盘
10:13:27,47.23,0.0,1,4723,卖盘
10:13:34,47.26,0.03,2,9452,买盘
10:13:43,47.24,-0.02,1,4724,卖盘
10:13:49,47.24,0.0,1,4724,卖盘
10:13:56,47.26,0.02,1,4726,买盘
10:14:02,47.25,-0.01,14,66135,卖盘
10:14:06,47.26,0.01,7,33080,买盘
10:14:08,47.27,0.01,5,23634,买盘
10:14:14,47.24,-0.03,4,18902,卖盘
10:14:26,47.27,0.03,3,14181,买盘
10:14:34,47.28,0.01,39,184385,买盘
10:14:38,47.3,0.02,4,18920,卖盘
10:14:45,47.33,0.03,10,47330,买盘
10:14:47,47.3,-0.03,42,198660,卖盘
10:14:49,47.33,0.03,2,9466,买盘
10:15:02,47.33,0.0,34,160823,买盘
10:15:04,47.3,-0.03,114,539325,卖盘
10:15:14,47.3,0.0,9,42552,买盘
10:15:20,47.29,-0.01,4,18918,中性盘
10:15:23,47.29,0.0,1,4729,卖盘
10:15:35,47.29,0.0,2,9458,卖盘
10:15:38,47.32,0.03,1,4732,买盘
10:15:54,47.32,0.0,4,18916,买盘
10:16:05,47.28,-0.04,4,18912,卖盘
10:16:09,47.28,0.0,11,52018,卖盘
10:16:14,47.28,0.0,4,18906,买盘
10:16:18,47.28,0.0,6,28368,买盘
10:16:20,47.28,0.0,2,9456,买盘
10:16:24,47.28,0.0,1,4728,买盘
10:16:26,47.28,0.0,10,47266,买盘
10:16:29,47.28,0.0,2,9456,卖盘
10:16:33,47.26,-0.02,15,70894,卖盘
10:16:36,47.26,0.0,1,4726,买盘
10:16:42,47.25,-0.01,7,33075,卖盘
10:16:47,47.26,0.01,6,28356,买盘
10:16:50,47.26,0.0,1,4726,买盘
10:16:57,47.25,-0.01,20,94500,卖盘
10:16:58,47.25,0.0,7,33075,卖盘
10:17:05,47.26,0.01,10,47257,买盘
10:17:13,47.26,0.0,2,9452,卖盘
10:17:20,47.28,0.02,10,47280,买盘
10:17:29,47.28,0.0,3,14184,买盘
10:17:32,47.28,0.0,9,42552,买盘
10:17:35,47.27,-0.01,9,42539,中性盘
10:17:37,47.27,0.0,10,47273,卖盘
10:17:44,47.28,0.01,6,28368,买盘
10:17:47,47.28,0.0,4,18912,买盘
10:17:50,47.27,-0.01,13,61451,卖盘
10:17:53,47.26,-0.01,21,99246,卖盘
10:17:55,47.27,0.01,11,51997,买盘
10:17:58,47.27,0.0,3,14181,买盘
10:18:05,47.26,-0.01,18,85080,卖盘
10:18:10,47.27,0.01,47,222169,买盘
10:18:19,47.26,-0.01,76,359181,卖盘
10:18:38,47.26,0.0,1,4726,买盘
10:18:40,47.26,0.0,6,28356,买盘
10:18:46,47.25,-0.01,2,9450,卖盘
10:18:50,47.26,0.01,11,51986,买盘
10:18:54,47.28,0.02,20,94532,买盘
10:19:04,47.27,-0.01,6,28364,卖盘
10:19:08,47.27,0.0,1,4727,卖盘
10:19:23,47.27,0.0,6,28362,卖盘
10:19:38,47.28,0.01,5,23640,买盘
10:19:40,47.31,0.03,3,14193,买盘
10:19:44,47.27,-0.04,2,9455,卖盘
10:19:50,47.27,0.0,5,23635,卖盘
10:19:59,47.26,-0.01,2,9453,卖盘
10:20:02,47.27,0.01,1,4727,买盘
10:20:04,47.35,0.08,37,175059,买盘
10:20:08,47.35,0.0,17,80471,卖盘
10:20:11,47.35,0.0,1,4735,卖盘
10:20:20,47.37,0.02,6,28422,买盘
10:20:31,47.38,0.01,1,4738,买盘
10:20:41,47.38,0.0,23,108974,买盘
10:20:47,47.38,0.0,3,14214,买盘
10:20:50,47.33,-0.05,2,9471,中性盘
10:20:52,47.38,0.05,1,4738,买盘
10:20:56,47.38,0.0,15,71070,买盘
10:21:08,47.33,-0.05,8,37864,卖盘
10:21:11,47.33,0.0,8,37860,买盘
10:21:15,47.33,0.0,15,70995,买盘
10:21:17,47.33,0.0,4,18932,买盘
10:21:19,47.33,0.0,2,9466,买盘
10:21:25,47.33,0.0,1,4733,卖盘
10:21:28,47.37,0.04,1,4737,买盘
10:21:31,47.37,0.0,1,4737,买盘
10:21:35,47.33,-0.04,32,151621,卖盘
10:21:37,47.39,0.06,3,14219,中性盘
10:21:41,47.39,0.0,2,9478,卖盘
10:21:44,47.39,0.0,1,4739,卖盘
10:21:46,47.4,0.01,2,9480,买盘
10:21:50,47.4,0.0,1,4740,买盘
10:21:53,47.4,0.0,8,37920,买盘
10:21:59,47.35,-0.05,12,56820,卖盘
10:22:08,47.35,0.0,33,156257,卖盘
10:22:14,47.35,0.0,10,47350,卖盘
10:22:17,47.4,0.05,2,9480,买盘
10:22:23,47.37,-0.03,6,28434,卖盘
10:22:25,47.4,0.03,1,4740,买盘
10:22:29,47.34,-0.06,9,42614,卖盘
10:22:31,47.36,0.02,7,33155,买盘
10:22:40,47.35,-0.01,1,4735,卖盘
10:22:43,47.35,0.0,15,71025,卖盘
10:22:46,47.34,-0.01,7,33139,卖盘
10:22:49,47.33,-0.01,30,141991,卖盘
10:22:53,47.33,0.0,24,113592,卖盘
10:22:56,47.33,0.0,11,52063,买盘
10:22:59,47.32,-0.01,14,66249,卖盘
10:23:02,47.3,-0.02,17,80416,卖盘
10:23:04,47.3,0.0,11,52036,卖盘
10:23:08,47.28,-0.02,23,108744,卖盘
10:23:11,47.29,0.01,10,47281,中性盘
10:23:14,47.3,0.01,35,165524,买盘
10:23:19,47.3,0.0,11,52030,买盘
10:23:22,47.28,-0.02,3,14186,卖盘
10:23:25,47.28,0.0,3,14184,卖盘
10:23:28,47.28,0.0,9,42552,卖盘
10:23:35,47.28,0.0,1,4728,卖盘
10:23:37,47.28,0.0,8,37824,卖盘
10:23:40,47.28,0.0,1,4728,卖盘
10:23:44,47.3,0.02,68,321598,买盘
10:23:47,47.3,0.0,1,4730,买盘
10:23:58,47.29,-0.01,9,42564,卖盘
10:24:05,47.25,-0.04,22,104000,卖盘
10:24:11,47.25,0.0,3,14175,卖盘
10:24:14,47.28,0.03,12,56703,中性盘
10:24:17,47.28,0.0,2,9456,买盘
10:24:20,47.28,0.0,1,4728,买盘
10:24:23,47.28,0.0,1,4728,买盘
10:24:25,47.28,0.0,3,14182,买盘
10:24:29,47.26,-0.02,9,42540,卖盘
10:24:32,47.26,0.0,3,14178,买盘
10:24:35,47.26,0.0,1,4726,买盘
10:24:38,47.28,0.02,2,9456,中性盘
10:24:41,47.28,0.0,2,9456,卖盘
10:24:44,47.26,-0.02,10,47264,卖盘
10:24:56,47.31,0.05,1,4731,买盘
10:24:58,47.26,-0.05,9,42534,卖盘
10:25:08,47.31,0.05,4,18924,买盘
10:25:11,47.27,-0.04,2,9454,卖盘
10:25:14,47.26,-0.01,9,42534,卖盘
10:25:23,47.27,0.01,1,4727,买盘
10:25:25,47.26,-0.01,10,47266,卖盘
10:25:29,47.26,0.0,9,42534,卖盘
10:25:32,47.26,0.0,1,4726,卖盘
10:25:44,47.26,0.0,14,66165,卖盘
10:25:46,47.26,0.0,5,23635,卖盘
10:25:50,47.25,-0.01,2,9450,卖盘
10:25:52,47.26,0.01,7,33081,买盘
10:25:56,47.26,0.0,8,37808,卖盘
10:25:59,47.31,0.05,19,89815,买盘
10:26:04,47.25,-0.06,8,37801,卖盘
10:26:08,47.26,0.01,2,9453,卖盘
10:26:10,47.26,0.0,3,14178,卖盘
10:26:14,47.25,-0.01,13,61438,卖盘
10:26:17,47.3,0.05,45,212727,买盘
10:26:20,47.27,-0.03,5,23635,中性盘
10:26:22,47.26,-0.01,1,4726,卖盘
10:26:29,47.25,-0.01,10,47251,卖盘
10:26:35,47.26,0.01,2,9452,中性盘
10:26:41,47.3,0.04,1,4730,卖盘
10:26:44,47.31,0.01,18,85071,买盘
10:26:56,47.31,0.0,3,14193,买盘
10:26:59,47.25,-0.06,10,47252,卖盘
10:27:02,47.26,0.01,1,4726,中性盘
10:27:14,47.25,-0.01,12,56704,卖盘
10:27:17,47.3,0.05,4,18908,买盘
10:27:20,47.25,-0.05,2,9450,卖盘
10:27:29,47.25,0.0,19,89775,卖盘
10:27:32,47.3,0.05,1,4730,买盘
10:27:37,47.3,0.0,1,4730,买盘
10:27:41,47.25,-0.05,5,23625,卖盘
10:27:45,47.3,0.05,15,70907,买盘
10:27:46,47.3,0.0,3,14190,卖盘
10:27:50,47.25,-0.05,1,4725,卖盘
10:27:53,47.3,0.05,10,47255,买盘
10:27:59,47.25,-0.05,18,85058,卖盘
10:28:02,47.3,0.05,1,4730,买盘
10:28:05,47.25,-0.05,1,4725,卖盘
10:28:11,47.28,0.03,3,14184,卖盘
10:28:14,47.28,0.0,12,56714,卖盘
10:28:16,47.25,-0.03,9,42525,卖盘
10:28:20,47.25,0.0,49,231525,卖盘
10:28:23,47.26,0.01,6,28356,买盘
10:28:26,47.26,0.0,2,9451,买盘
10:28:29,47.25,-0.01,8,37800,卖盘
10:28:35,47.26,0.01,4,18903,买盘
10:28:37,47.25,-0.01,5,23629,卖盘
10:28:44,47.25,0.0,10,47250,卖盘
10:28:47,47.26,0.01,1,4726,买盘
10:28:54,47.25,-0.01,2,9450,卖盘
10:28:56,47.26,0.01,3,14178,买盘
10:28:59,47.26,0.0,18,85060,买盘
10:29:08,47.26,0.0,5,23630,买盘
10:29:11,47.25,-0.01,4,18901,卖盘
10:29:14,47.26,0.01,19,89776,买盘
10:29:18,47.25,-0.01,13,61427,卖盘
10:29:19,47.26,0.01,2,9452,买盘
10:29:23,47.26,0.0,2,9452,买盘
10:29:29,47.25,-0.01,5,23628,卖盘
10:29:41,47.26,0.01,1,4726,买盘
10:29:46,47.26,0.0,2,9452,买盘
10:29:50,47.26,0.0,1,4726,买盘
10:29:56,47.26,0.0,3,14178,买盘
10:30:01,47.26,0.0,8,37808,买盘
10:30:05,47.26,0.0,4,18904,买盘
10:30:09,47.26,0.0,7,33082,卖盘
10:30:11,47.26,0.0,7,33082,卖盘
10:30:14,47.26,0.0,6,28356,卖盘
10:30:17,47.25,-0.01,11,52022,卖盘
10:30:20,47.25,0.0,50,236250,卖盘
10:30:24,47.26,0.01,10,47255,买盘
10:30:26,47.25,-0.01,49,231530,卖盘
10:30:29,47.25,0.0,12,56700,卖盘
10:30:32,47.25,0.0,1,4725,卖盘
10:30:35,47.25,0.0,10,47250,卖盘
10:30:38,47.25,0.0,1,4725,卖盘
10:30:41,47.25,0.0,16,75600,卖盘
10:30:53,47.25,0.0,8,37800,卖盘
10:30:56,47.24,-0.01,10,47244,卖盘
10:31:05,47.24,0.0,1,4724,卖盘
10:31:09,47.24,0.0,2,9448,卖盘
10:31:14,47.26,0.02,48,226841,买盘
10:31:17,47.26,0.0,4,18904,卖盘
10:31:19,47.26,0.0,13,61438,卖盘
10:31:26,47.26,0.0,10,47260,卖盘
10:31:32,47.29,0.03,3,14187,买盘
10:31:35,47.29,0.0,3,14187,买盘
10:31:39,47.29,0.0,2,9458,买盘
10:31:59,47.29,0.0,1,4729,卖盘
10:32:09,47.29,0.0,1,4729,卖盘
10:32:11,47.3,0.01,7,33110,买盘
10:32:14,47.29,-0.01,1,4729,卖盘
10:32:20,47.29,0.0,4,18916,卖盘
10:32:24,47.3,0.01,2,9460,买盘
10:32:26,47.27,-0.03,9,42551,卖盘
10:32:29,47.3,0.03,20,94597,买盘
10:32:32,47.3,0.0,4,18920,卖盘
10:32:37,47.3,0.0,1,4730,卖盘
10:32:53,47.31,0.01,29,137199,买盘
10:32:59,47.31,0.0,1,4731,买盘
10:33:02,47.31,0.0,2,9462,买盘
10:33:07,47.31,0.0,10,47310,买盘
10:33:18,47.32,0.01,5,23658,买盘
10:33:20,47.32,0.0,33,156156,卖盘
10:33:33,47.32,0.0,2,9464,卖盘
10:33:35,47.35,0.03,3,14199,买盘
10:33:39,47.31,-0.04,89,421116,卖盘
10:33:50,47.31,0.0,2,9462,卖盘
10:33:54,47.31,0.0,19,89872,买盘
10:33:55,47.35,0.04,10,47331,买盘
10:34:09,47.33,-0.02,1,4733,卖盘
10:34:10,47.35,0.02,4,18940,买盘
10:34:20,47.4,0.05,15,71065,买盘
10:34:22,47.4,0.0,4,18960,卖盘
10:34:33,47.43,0.03,1,4743,买盘
10:34:41,47.4,-0.03,4,18960,卖盘
10:34:50,47.4,0.0,29,137462,卖盘
10:34:53,47.43,0.03,1,4743,买盘
10:34:55,47.43,0.0,5,23715,买盘
10:35:05,47.43,0.0,1,4743,买盘
10:35:18,47.41,-0.02,5,23709,卖盘
10:35:19,47.43,0.02,17,80615,买盘
10:35:22,47.41,-0.02,1,4741,中性盘
10:35:25,47.41,0.0,2,9482,买盘
10:35:29,47.4,-0.01,61,289140,卖盘
10:35:33,47.38,-0.02,2,9476,卖盘
10:35:35,47.38,0.0,1,4738,卖盘
10:35:41,47.39,0.01,1,4739,买盘
10:35:44,47.46,0.07,100,474390,买盘
10:35:50,47.41,-0.05,6,28447,卖盘
10:35:54,47.42,0.01,8,37924,买盘
10:35:59,47.42,0.0,1,4742,买盘
10:36:02,47.42,0.0,1,4742,买盘
10:36:05,47.42,0.0,1,4742,买盘
10:36:08,47.4,-0.02,16,75854,卖盘
10:36:11,47.4,0.0,5,23708,卖盘
10:36:22,47.43,0.03,2,9484,买盘
10:36:32,47.43,0.0,1,4743,买盘
10:36:47,47.46,0.03,65,308414,买盘
10:36:50,47.4,-0.06,9,42664,卖盘
10:36:56,47.43,0.03,8,37944,买盘
10:37:01,47.46,0.03,1,4746,买盘
10:37:07,47.43,-0.03,30,142290,卖盘
10:37:11,47.46,0.03,20,94920,买盘
10:37:16,47.46,0.0,3,14238,买盘
10:37:29,47.43,-0.03,26,123318,卖盘
10:37:34,47.46,0.03,1,4746,买盘
10:37:39,47.48,0.02,5,21408,买盘
10:37:41,47.46,-0.02,3,16569,卖盘
10:37:48,47.46,0.0,2,7166,买盘
10:37:54,47.46,0.0,1,4746,卖盘
10:38:03,47.5,0.04,3,14250,买盘
10:38:08,47.46,-0.04,11,52206,卖盘
10:38:15,47.46,0.0,1,4746,卖盘
10:38:20,47.47,0.01,6,28482,卖盘
10:38:24,47.49,0.02,1,4749,买盘
10:38:26,47.47,-0.02,12,56964,卖盘
10:38:33,47.47,0.0,6,28482,卖盘
10:38:38,47.47,0.0,5,23735,卖盘
10:38:45,47.46,-0.01,7,33222,卖盘
10:38:50,47.46,0.0,27,128142,卖盘
10:38:53,47.45,-0.01,2,9490,卖盘
10:39:03,47.44,-0.01,1,4744,卖盘
10:39:05,47.44,0.0,1,4744,卖盘
10:39:08,47.43,-0.01,9,42692,卖盘
10:39:26,47.43,0.0,3,14229,卖盘
10:39:30,47.43,0.0,12,56916,卖盘
10:39:33,47.43,0.0,6,28468,卖盘
10:39:59,47.43,0.0,3,14230,卖盘
10:40:02,47.43,0.0,9,42687,卖盘
10:40:05,47.43,0.0,6,28458,卖盘
10:40:09,47.41,-0.02,13,61641,卖盘
10:40:11,47.44,0.03,18,85376,买盘
10:40:15,47.41,-0.03,10,47416,卖盘
10:40:18,47.4,-0.01,16,75841,卖盘
10:40:20,47.41,0.01,5,23701,买盘
10:40:24,47.39,-0.02,16,75839,卖盘
10:40:35,47.39,0.0,7,33174,卖盘
10:40:50,47.39,0.0,29,137431,卖盘
10:40:54,47.39,0.0,6,28434,卖盘
10:40:56,47.39,0.0,3,14217,卖盘
10:40:59,47.38,-0.01,6,28428,卖盘
10:41:03,47.39,0.01,1,4739,买盘
10:41:05,47.38,-0.01,19,90022,卖盘
10:41:11,47.38,0.0,2,9476,卖盘
10:41:17,47.38,0.0,6,28428,买盘
10:41:20,47.37,-0.01,15,71065,卖盘
10:41:24,47.37,0.0,9,42633,卖盘
10:41:26,47.37,0.0,2,9474,卖盘
10:41:29,47.37,0.0,10,47370,卖盘
10:41:33,47.38,0.01,23,108974,买盘
10:41:35,47.38,0.0,14,66332,买盘
10:41:41,47.37,-0.01,1,4737,卖盘
10:41:44,47.37,0.0,4,18948,卖盘
10:41:48,47.42,0.05,77,365427,买盘
10:42:00,47.42,0.0,26,122818,卖盘
10:42:02,47.4,-0.02,3,14222,卖盘
10:42:09,47.37,-0.03,5,23697,卖盘
10:42:14,47.36,-0.01,10,47362,卖盘
10:42:44,47.36,0.0,4,18944,卖盘
10:42:50,47.36,0.0,7,33151,卖盘
10:42:53,47.36,0.0,10,47362,买盘
10:42:56,47.36,0.0,1,4736,卖盘
10:43:03,47.35,-0.01,5,23675,卖盘
10:43:05,47.35,0.0,3,14205,卖盘
10:43:11,47.36,0.01,1,4736,中性盘
10:43:20,47.36,0.0,6,28416,卖盘
10:43:27,47.36,0.0,1,4736,卖盘
10:43:30,47.36,0.0,3,14208,卖盘
10:43:32,47.37,0.01,1,4737,买盘
10:43:35,47.35,-0.02,10,47350,卖盘
10:43:38,47.34,-0.01,8,37872,卖盘
10:43:41,47.36,0.02,16,75756,买盘
10:43:45,47.36,0.0,15,71040,卖盘
10:43:47,47.36,0.0,3,14208,卖盘
10:43:50,47.33,-0.03,1,4733,卖盘
10:43:59,47.33,0.0,1,4733,卖盘
10:44:02,47.33,0.0,2,9466,卖盘
10:44:05,47.33,0.0,4,18932,卖盘
10:44:08,47.3,-0.03,10,47309,卖盘
10:44:11,47.3,0.0,1,4730,卖盘
10:44:14,47.3,0.0,1,4730,卖盘
10:44:23,47.3,0.0,1,4730,卖盘
10:44:26,47.3,0.0,1,4730,卖盘
10:44:29,47.3,0.0,1,4730,卖盘
10:44:32,47.3,0.0,1,4730,卖盘
10:44:35,47.32,0.02,7,33121,中性盘
10:44:39,47.3,-0.02,2,9460,卖盘
10:44:45,47.3,0.0,4,18921,卖盘
10:44:50,47.29,-0.01,5,23647,卖盘
10:45:00,47.31,0.02,1,4731,卖盘
10:45:02,47.29,-0.02,5,23649,卖盘
10:45:15,47.28,-0.01,3,14184,卖盘
10:45:17,47.29,0.01,1,4729,买盘
10:45:30,47.27,-0.02,54,255290,卖盘
10:45:32,47.28,0.01,9,42546,买盘
10:45:45,47.27,-0.01,22,103994,卖盘
10:45:48,47.28,0.01,10,47280,买盘
10:45:53,47.26,-0.02,30,141781,卖盘
10:45:56,47.27,0.01,1,4727,买盘
10:45:59,47.26,-0.01,1,4726,卖盘
10:46:08,47.25,-0.01,166,784391,卖盘
10:46:11,47.25,0.0,1,4725,卖盘
10:46:14,47.25,0.0,4,18900,卖盘
10:46:23,47.26,0.01,8,37808,买盘
10:46:30,47.25,-0.01,28,132300,卖盘
10:46:39,47.26,0.01,2,9452,买盘
10:46:44,47.26,0.0,15,70890,买盘
10:46:51,47.25,-0.01,168,793800,卖盘
10:46:56,47.25,0.0,10,47250,卖盘
10:47:00,47.25,0.0,1,4725,卖盘
10:47:03,47.25,0.0,23,108675,卖盘
10:47:14,47.25,0.0,25,118125,卖盘
10:47:23,47.25,0.0,6,28350,卖盘
10:47:26,47.26,0.01,1,4726,买盘
10:47:30,47.25,-0.01,115,543375,卖盘
10:47:35,47.26,0.01,2,9452,买盘
10:47:39,47.26,0.0,9,42533,买盘
10:47:41,47.25,-0.01,3,14175,卖盘
10:47:45,47.25,0.0,5,23625,卖盘
10:47:48,47.26,0.01,1,4726,买盘
10:47:56,47.25,-0.01,5,23626,卖盘
10:47:59,47.26,0.01,1,4726,买盘
10:48:12,47.26,0.0,1,4726,买盘
10:48:15,47.25,-0.01,18,85050,卖盘
10:48:18,47.26,0.01,5,23630,买盘
10:48:20,47.26,0.0,1,4726,买盘
10:48:23,47.26,0.0,4,18902,买盘
10:48:26,47.26,0.0,85,401710,买盘
10:48:33,47.26,0.0,3,14179,买盘
10:48:35,47.25,-0.01,1,4725,卖盘
10:48:41,47.27,0.02,1,4727,买盘
10:48:54,47.26,-0.01,5,23642,卖盘
10:48:56,47.26,0.0,11,51998,卖盘
10:49:00,47.26,0.0,6,28368,卖盘
10:49:03,47.28,0.02,9,42556,买盘
10:49:05,47.28,0.0,1,4728,卖盘
10:49:12,47.26,-0.02,6,28364,卖盘
10:49:15,47.32,0.06,2,9464,中性盘
10:49:18,47.28,-0.04,4,18922,卖盘
10:49:24,47.33,0.05,5,23665,买盘
10:49:26,47.4,0.07,2,9479,买盘
10:49:32,47.4,0.0,1,4740,买盘
10:49:35,47.4,0.0,1,4740,买盘
10:49:39,47.42,0.02,5,23706,买盘
10:49:41,47.4,-0.02,5,23700,买盘
10:49:44,47.39,-0.01,1,4739,中性盘
10:49:51,47.39,0.0,1,4739,买盘
10:49:56,47.4,0.01,5,23700,买盘
10:50:02,47.39,-0.01,3,14218,卖盘
10:50:09,47.4,0.01,13,61617,买盘
10:50:11,47.39,-0.01,33,156404,卖盘
10:50:18,47.39,0.0,2,9478,买盘
10:50:27,47.39,0.0,2,9478,买盘
10:50:32,47.38,-0.01,2,9476,买盘
10:50:38,47.38,0.0,3,14204,买盘
10:50:56,47.37,-0.01,16,75792,买盘
10:51:00,47.28,-0.09,8,37825,卖盘
10:51:02,47.28,0.0,25,118200,买盘
10:51:06,47.28,0.0,2,9456,卖盘
10:51:12,47.35,0.07,1,4735,买盘
10:51:17,47.35,0.0,1,4735,买盘
10:51:26,47.35,0.0,2,9470,买盘
10:51:29,47.3,-0.05,5,23660,卖盘
10:51:39,47.35,0.05,4,18935,买盘
10:51:41,47.35,0.0,1,4735,买盘
10:51:51,47.34,-0.01,1,4734,买盘
10:51:59,47.34,0.0,5,23670,买盘
10:52:06,47.34,0.0,1,4734,买盘
10:52:09,47.34,0.0,1,4734,买盘
10:52:12,47.31,-0.03,12,56772,卖盘
10:52:15,47.3,-0.01,2,9461,卖盘
10:52:18,47.31,0.01,5,23655,买盘
10:52:27,47.31,0.0,4,18924,买盘
10:52:30,47.31,0.0,8,37848,买盘
10:52:33,47.31,0.0,17,80427,买盘
10:52:35,47.3,-0.01,5,23650,卖盘
10:52:53,47.3,0.0,2,9460,卖盘
10:52:57,47.31,0.01,3,14193,买盘
10:53:00,47.31,0.0,4,18924,买盘
10:53:03,47.31,0.0,2,9462,买盘
10:53:11,47.3,-0.01,28,132440,卖盘
10:53:15,47.3,0.0,3,14190,卖盘
10:53:18,47.3,0.0,11,52030,买盘
10:53:21,47.3,0.0,4,18920,买盘
10:53:24,47.3,0.0,11,52030,买盘
10:53:32,47.3,0.0,3,14190,卖盘
10:53:35,47.3,0.0,11,52030,卖盘
10:53:42,47.29,-0.01,3,14187,卖盘
10:53:44,47.29,0.0,6,28374,卖盘
10:53:47,47.28,-0.01,6,28369,卖盘
10:53:50,47.27,-0.01,8,37817,卖盘
10:54:00,47.26,-0.01,6,28356,卖盘
10:54:03,47.27,0.01,6,28357,买盘
10:54:05,47.26,-0.01,14,66169,卖盘
10:54:09,47.27,0.01,20,94523,买盘
10:54:18,47.25,-0.02,73,344925,卖盘
10:54:21,47.25,0.0,2,9450,卖盘
10:54:24,47.25,0.0,2,9450,卖盘
10:54:30,47.27,0.02,48,226851,买盘
10:54:36,47.27,0.0,1,4727,卖盘
10:54:45,47.27,0.0,20,94540,卖盘
10:54:48,47.27,0.0,20,94540,卖盘
10:54:51,47.27,0.0,14,66178,卖盘
10:54:54,47.26,-0.01,7,33083,卖盘
10:54:57,47.25,-0.01,10,47259,卖盘
10:55:00,47.25,0.0,10,47251,卖盘
10:55:03,47.25,0.0,1,4725,卖盘
10:55:06,47.25,0.0,1,4725,卖盘
10:55:15,47.25,0.0,21,99228,卖盘
10:55:18,47.26,0.01,1,4726,买盘
10:55:27,47.25,-0.01,3,14175,卖盘
10:55:33,47.25,0.0,1,4725,卖盘
10:55:41,47.25,0.0,2,9450,卖盘
10:55:44,47.25,0.0,11,51975,卖盘
10:55:57,47.25,0.0,1,4725,卖盘
10:55:59,47.25,0.0,14,66150,卖盘
10:56:03,47.26,0.01,8,37808,买盘
10:56:06,47.26,0.0,1,4726,买盘
10:56:09,47.26,0.0,5,23630,买盘
10:56:21,47.25,-0.01,2,9450,卖盘
10:56:33,47.26,0.01,2,9452,买盘
10:56:42,47.25,-0.01,5,23625,卖盘
10:57:03,47.25,0.0,31,146475,卖盘
10:57:06,47.25,0.0,108,510300,卖盘
10:57:12,47.24,-0.01,3,14172,卖盘
10:57:15,47.24,0.0,5,23573,卖盘
10:57:17,47.24,0.0,1,4724,买盘
10:57:30,47.23,-0.01,13,61399,卖盘
10:57:32,47.24,0.01,59,278659,买盘
10:57:45,47.23,-0.01,17,80291,卖盘
10:57:47,47.23,0.0,19,89737,卖盘
10:57:50,47.23,0.0,24,113352,卖盘
10:57:54,47.22,-0.01,17,80282,卖盘
10:57:57,47.23,0.01,1,4723,买盘
10:58:02,47.21,-0.02,8,37774,卖盘
10:58:11,47.21,0.0,3,14163,卖盘
10:58:17,47.21,0.0,37,179025,卖盘
10:58:20,47.21,0.0,1,378,卖盘
10:58:36,47.21,0.0,5,23605,买盘
10:58:42,47.2,-0.01,1,4720,卖盘
10:58:50,47.2,0.0,7,33040,卖盘
10:59:06,47.21,0.01,1,4721,买盘
10:59:11,47.21,0.0,3,14163,买盘
10:59:18,47.2,-0.01,37,174640,卖盘
10:59:20,47.2,0.0,37,174640,卖盘
10:59:23,47.21,0.01,2,9442,买盘
10:59:32,47.2,-0.01,2,9440,卖盘
10:59:36,47.21,0.01,2,9442,买盘
10:59:38,47.21,0.0,3,14163,买盘
10:59:47,47.21,0.0,1,4721,买盘
10:59:51,47.21,0.0,12,56652,买盘
10:59:57,47.21,0.0,9,42489,买盘
11:00:00,47.21,0.0,7,33047,买盘
11:00:03,47.21,0.0,2,9442,买盘
11:00:08,47.21,0.0,29,136889,买盘
11:00:14,47.2,-0.01,40,188800,卖盘
11:00:24,47.2,0.0,5,23600,卖盘
11:00:26,47.21,0.01,35,165205,买盘
11:00:29,47.2,-0.01,9,42480,卖盘
11:00:33,47.21,0.01,9,42481,买盘
11:00:36,47.21,0.0,37,174662,买盘
11:00:39,47.2,-0.01,1,4720,卖盘
11:00:44,47.2,0.0,22,103840,卖盘
11:00:48,47.2,0.0,6,28320,卖盘
11:00:51,47.2,0.0,3,14160,卖盘
11:00:53,47.2,0.0,9,42480,卖盘
11:00:56,47.2,0.0,53,250160,卖盘
11:01:00,47.19,-0.01,13,61347,卖盘
11:01:02,47.19,0.0,25,117975,卖盘
11:01:06,47.18,-0.01,53,250067,卖盘
11:01:12,47.18,0.0,9,42462,卖盘
11:01:15,47.18,0.0,15,70770,卖盘
11:01:18,47.17,-0.01,22,103774,卖盘
11:01:21,47.17,0.0,2,9434,卖盘
11:01:24,47.17,0.0,15,70763,卖盘
11:01:27,47.17,0.0,4,18868,卖盘
11:01:33,47.17,0.0,8,37736,卖盘
11:01:39,47.17,0.0,2,9434,买盘
11:01:42,47.17,0.0,14,66038,买盘
11:01:51,47.17,0.0,1,4717,买盘
11:01:54,47.17,0.0,5,23585,买盘
11:01:57,47.16,-0.01,14,66024,卖盘
11:01:59,47.17,0.01,13,61321,买盘
11:02:05,47.17,0.0,3,14150,买盘
11:02:09,47.16,-0.01,9,42444,卖盘
11:02:14,47.17,0.01,10,47170,买盘
11:02:17,47.17,0.0,55,259396,买盘
11:02:21,47.18,0.01,6,28307,买盘
11:02:24,47.18,0.0,29,136820,买盘
11:02:27,47.2,0.02,17,80238,买盘
11:02:30,47.2,0.0,13,61360,买盘
11:02:32,47.2,0.0,4,18880,买盘
11:02:36,47.2,0.0,2,9440,买盘
11:02:45,47.2,0.0,12,56640,买盘
11:02:47,47.19,-0.01,1,4719,卖盘
11:02:53,47.21,0.02,13,61365,买盘
11:02:57,47.21,0.0,5,23603,买盘
11:03:00,47.21,0.0,24,113273,买盘
11:03:12,47.22,0.01,5,19263,买盘
11:03:18,47.2,-0.02,25,122358,卖盘
11:03:23,47.2,0.0,7,33040,买盘
11:03:33,47.19,-0.01,4,18876,卖盘
11:03:42,47.2,0.01,3,14160,买盘
11:04:00,47.19,-0.01,3,14157,卖盘
11:04:06,47.2,0.01,9,42475,买盘
11:04:12,47.2,0.0,14,66080,买盘
11:04:15,47.19,-0.01,8,37759,卖盘
11:04:18,47.19,0.0,20,94381,卖盘
11:04:26,47.19,0.0,1,4719,买盘
11:04:33,47.19,0.0,20,94380,买盘
11:04:35,47.18,-0.01,1,4718,卖盘
11:04:44,47.18,0.0,2,9436,卖盘
11:04:48,47.19,0.01,10,47190,买盘
11:04:51,47.18,-0.01,1,4718,卖盘
11:04:54,47.18,0.0,14,66053,卖盘
11:05:09,47.19,0.01,12,56627,买盘
11:05:18,47.18,-0.01,15,70781,卖盘
11:05:20,47.19,0.01,60,283106,买盘
11:05:26,47.18,-0.01,14,66064,卖盘
11:05:32,47.2,0.02,7,33037,买盘
11:05:36,47.19,-0.01,9,42479,卖盘
11:05:45,47.2,0.01,7,33040,买盘
11:05:48,47.2,0.0,10,42858,买盘
11:05:50,47.23,0.03,5,23611,买盘
11:05:57,47.23,0.0,7,33059,卖盘
11:06:00,47.23,0.0,3,14169,买盘
11:06:03,47.23,0.0,2,9446,买盘
11:06:06,47.23,0.0,8,37784,买盘
11:06:08,47.23,0.0,1,4723,买盘
11:06:21,47.23,0.0,30,141690,卖盘
11:06:23,47.23,0.0,6,28338,买盘
11:06:27,47.23,0.0,1,4723,买盘
11:06:30,47.22,-0.01,2,9444,卖盘
11:06:36,47.23,0.01,8,37784,买盘
11:06:39,47.23,0.0,2,9446,买盘
11:06:45,47.23,0.0,10,47225,买盘
11:06:47,47.23,0.0,1,4723,买盘
11:06:51,47.23,0.0,11,51953,买盘
11:06:53,47.21,-0.02,2,9442,卖盘
11:06:56,47.21,0.0,1,4721,卖盘
11:06:59,47.22,0.01,9,42503,中性盘
11:07:05,47.22,0.0,9,42506,卖盘
11:07:15,47.22,0.0,7,33054,买盘
11:07:21,47.22,0.0,14,66116,卖盘
11:07:36,47.22,0.0,7,33054,买盘
11:07:41,47.22,0.0,1,4722,买盘
11:07:44,47.22,0.0,1,4722,买盘
11:07:48,47.22,0.0,5,23610,买盘
11:07:51,47.21,-0.01,14,66102,卖盘
11:07:57,47.21,0.0,1,4721,买盘
11:08:03,47.21,0.0,1,4721,买盘
11:08:06,47.21,0.0,8,37768,买盘
11:08:09,47.21,0.0,2,9442,买盘
11:08:12,47.2,-0.01,3,14161,卖盘
11:08:20,47.2,0.0,21,99128,卖盘
11:08:24,47.2,0.0,9,46822,卖盘
11:08:27,47.19,-0.01,1,4719,卖盘
11:08:32,47.2,0.01,1,4720,买盘
11:08:36,47.2,0.0,8,37760,买盘
11:08:50,47.2,0.0,12,56640,买盘
11:08:54,47.2,0.0,6,28320,买盘
11:08:56,47.19,-0.01,2,9438,卖盘
11:09:00,47.2,0.01,5,23600,买盘
11:09:06,47.2,0.0,8,37760,买盘
11:09:18,47.2,0.0,3,14158,买盘
11:09:21,47.2,0.0,9,42483,买盘
11:09:24,47.19,-0.01,11,51909,卖盘
11:09:27,47.19,0.0,2,9438,买盘
11:09:33,47.18,-0.01,2,9436,卖盘
11:09:36,47.19,0.01,9,42471,买盘
11:09:38,47.18,-0.01,1,4718,卖盘
11:09:50,47.19,0.01,8,37752,买盘
11:09:57,47.18,-0.01,22,103816,卖盘
11:09:59,47.18,0.0,2,9436,卖盘
11:10:02,47.18,0.0,15,70776,卖盘
11:10:05,47.19,0.01,7,33033,买盘
11:10:09,47.19,0.0,41,193479,买盘
11:10:20,47.19,0.0,9,42484,卖盘
11:10:23,47.19,0.0,36,169890,卖盘
11:10:26,47.21,0.02,6,23983,买盘
11:10:30,47.22,0.01,8,37771,买盘
11:10:33,47.22,0.0,1,4722,买盘
11:10:35,47.24,0.02,8,37784,买盘
11:10:51,47.25,0.01,8,37796,买盘
11:10:57,47.22,-0.03,10,47221,卖盘
11:11:00,47.22,0.0,3,14166,买盘
11:11:03,47.21,-0.01,5,23605,卖盘
11:11:05,47.21,0.0,10,47219,卖盘
11:11:15,47.21,0.0,11,51964,卖盘
11:11:18,47.23,0.02,1,4723,买盘
11:11:20,47.25,0.02,4,18894,买盘
11:11:26,47.22,-0.03,39,184175,卖盘
11:11:33,47.23,0.01,1,4723,卖盘
11:11:36,47.23,0.0,17,80299,卖盘
11:11:47,47.21,-0.02,4,18887,卖盘
11:11:51,47.22,0.01,11,51942,买盘
11:11:54,47.21,-0.01,2,9442,卖盘
11:11:57,47.21,0.0,37,174677,卖盘
11:11:59,47.21,0.0,22,108205,卖盘
11:12:03,47.2,-0.01,14,66080,卖盘
11:12:06,47.2,0.0,13,61374,卖盘
11:12:09,47.19,-0.01,6,28314,卖盘
11:12:12,47.2,0.01,7,33040,买盘
11:12:14,47.2,0.0,2,9440,卖盘
11:12:18,47.21,0.01,5,23605,买盘
11:12:21,47.21,0.0,8,37768,买盘
11:12:27,47.2,-0.01,11,51920,卖盘
11:12:30,47.19,-0.01,1,4719,卖盘
11:12:35,47.2,0.01,10,47198,买盘
11:12:51,47.2,0.0,8,37760,买盘
11:13:00,47.19,-0.01,1,4719,卖盘
11:13:06,47.2,0.01,8,37760,买盘
11:13:09,47.19,-0.01,23,108537,卖盘
11:13:18,47.18,-0.01,21,99079,卖盘
11:13:21,47.18,0.0,9,42478,卖盘
11:13:24,47.2,0.02,33,155754,买盘
11:13:27,47.18,-0.02,40,188724,卖盘
11:13:32,47.21,0.03,4,18884,买盘
11:13:38,47.22,0.01,8,37769,买盘
11:13:50,47.22,0.0,13,61374,买盘
11:14:05,47.23,0.01,4,18892,买盘
11:14:15,47.22,-0.01,14,66116,卖盘
11:14:18,47.22,0.0,3,14166,买盘
11:14:21,47.22,0.0,8,37776,买盘
11:14:27,47.22,0.0,1,4722,买盘
11:14:30,47.2,-0.02,14,66092,卖盘
11:14:33,47.21,0.01,15,70815,买盘
11:14:36,47.21,0.0,9,42489,买盘
11:14:42,47.21,0.0,1,4721,买盘
11:14:51,47.21,0.0,8,37768,买盘
11:14:53,47.2,-0.01,1,4720,卖盘
11:15:00,47.2,0.0,1,4720,卖盘
11:15:06,47.21,0.01,9,42489,买盘
11:15:18,47.2,-0.01,1,4720,卖盘
11:15:21,47.21,0.01,28,132188,买盘
11:15:24,47.2,-0.01,4,18883,卖盘
11:15:30,47.2,0.0,13,61359,卖盘
11:15:36,47.2,0.0,10,47200,买盘
11:15:39,47.2,0.0,2,9439,买盘
11:15:48,47.2,0.0,6,28320,买盘
11:15:51,47.2,0.0,10,47200,买盘
11:15:54,47.2,0.0,13,61360,买盘
11:15:57,47.2,0.0,14,66080,卖盘
11:16:06,47.22,0.02,8,37772,买盘
11:16:09,47.22,0.0,14,66108,买盘
11:16:10,47.22,0.0,1,4722,买盘
11:16:18,47.22,0.0,3,14166,买盘
11:16:21,47.22,0.0,6,28332,买盘
11:16:30,47.23,0.01,6,28335,卖盘
11:16:33,47.22,-0.01,2,9445,中性盘
11:16:36,47.23,0.01,8,37783,买盘
11:16:42,47.22,-0.01,1,4722,卖盘
11:16:51,47.23,0.01,8,37784,买盘
11:16:57,47.23,0.0,2,9446,买盘
11:17:05,47.23,0.0,10,47230,买盘
11:17:11,47.23,0.0,5,23615,买盘
11:17:21,47.23,0.0,8,37784,买盘
11:17:24,47.23,0.0,1,4723,买盘
11:17:33,47.22,-0.01,5,23610,卖盘
11:17:36,47.21,-0.01,13,61384,卖盘
11:17:38,47.21,0.0,3,14163,卖盘
11:17:42,47.21,0.0,1,4721,卖盘
11:17:48,47.2,-0.01,3,14161,卖盘
11:17:51,47.2,0.0,55,259600,卖盘
11:17:54,47.2,0.0,2,9439,买盘
11:17:59,47.2,0.0,1,4720,买盘
11:18:03,47.2,0.0,2,9440,买盘
11:18:06,47.19,-0.01,11,51918,卖盘
11:18:09,47.19,0.0,3,14159,卖盘
11:18:12,47.19,0.0,27,127413,卖盘
11:18:15,47.19,0.0,3,14157,卖盘
11:18:18,47.19,0.0,3,14157,卖盘
11:18:21,47.19,0.0,9,42479,卖盘
11:18:24,47.19,0.0,1,4719,卖盘
11:18:30,47.19,0.0,8,37752,卖盘
11:18:33,47.19,0.0,26,122694,卖盘
11:18:36,47.19,0.0,10,47190,买盘
11:18:39,47.18,-0.01,1,4718,卖盘
11:18:45,47.18,0.0,3,14154,卖盘
11:18:51,47.18,0.0,18,84932,卖盘
11:18:54,47.19,0.01,1,4719,买盘
11:19:05,47.19,0.0,8,37752,买盘
11:19:09,47.19,0.0,12,56622,买盘
11:19:13,47.2,0.01,3,14160,买盘
11:19:18,47.21,0.01,4,18884,买盘
11:19:21,47.24,0.03,7,33061,买盘
11:19:24,47.24,0.0,1,4724,卖盘
11:19:27,47.19,-0.05,1,4719,卖盘
11:19:33,47.21,0.02,5,23605,卖盘
11:19:36,47.21,0.0,8,37768,买盘
11:19:39,47.19,-0.02,4,18877,卖盘
11:19:51,47.19,0.0,9,42487,卖盘
11:19:54,47.19,0.0,6,28318,卖盘
11:19:56,47.21,0.02,9,42489,买盘
11:19:59,47.25,0.04,32,151156,买盘
11:20:02,47.26,0.01,42,198471,买盘
11:20:04,47.29,0.03,8,37824,买盘
11:20:08,47.25,-0.04,5,23628,卖盘
11:20:21,47.29,0.04,1,4729,中性盘
11:20:24,47.29,0.0,2,9458,卖盘
11:20:30,47.33,0.04,8,37863,买盘
11:20:33,47.35,0.02,2,9470,卖盘
11:20:36,47.32,-0.03,31,146717,卖盘
11:20:39,47.33,0.01,14,66261,买盘
11:20:42,47.33,0.0,8,37864,买盘
11:20:45,47.33,0.0,3,14199,卖盘
11:20:46,47.32,-0.01,5,23660,卖盘
11:20:57,47.29,-0.03,2,9459,卖盘
11:20:59,47.26,-0.03,21,98282,卖盘
11:21:03,47.26,0.0,6,29348,卖盘
11:21:06,47.28,0.02,8,37811,买盘
11:21:15,47.26,-0.02,3,14178,卖盘
11:21:21,47.28,0.02,8,37824,买盘
11:21:34,47.28,0.0,11,52008,买盘
11:21:36,47.27,-0.01,45,211749,卖盘
11:21:49,47.3,0.03,7,33110,买盘
11:21:57,47.29,-0.01,1,4729,中性盘
11:22:03,47.27,-0.02,5,23639,卖盘
11:22:06,47.3,0.03,9,42566,买盘
11:22:09,47.3,0.0,9,42570,买盘
11:22:12,47.29,-0.01,1,4729,卖盘
11:22:18,47.31,0.02,5,23651,买盘
11:22:21,47.32,0.01,5,23660,买盘
11:22:27,47.33,0.01,7,33116,买盘
11:22:31,47.3,-0.03,1,4730,中性盘
11:22:33,47.3,0.0,3,14190,卖盘
11:22:35,47.29,-0.01,10,47314,卖盘
11:22:38,47.29,0.0,4,18916,卖盘
11:22:42,47.27,-0.02,1,4727,卖盘
11:22:51,47.3,0.03,9,42561,买盘
11:23:00,47.27,-0.03,1,4727,卖盘
11:23:06,47.3,0.03,11,52018,买盘
11:23:12,47.3,0.0,1,4730,买盘
11:23:21,47.3,0.0,8,37840,买盘
11:23:30,47.3,0.0,1,4730,买盘
11:23:33,47.3,0.0,1,4730,买盘
11:23:36,47.3,0.0,8,37840,买盘
11:23:39,47.27,-0.03,37,174899,卖盘
11:23:42,47.27,0.0,5,23635,买盘
11:23:48,47.3,0.03,3,14187,买盘
11:23:49,47.3,0.0,8,37840,买盘
11:23:54,47.3,0.0,3,14190,买盘
11:23:57,47.27,-0.03,1,4727,卖盘
11:24:00,47.3,0.03,5,23650,买盘
11:24:12,47.36,0.06,6,28410,买盘
11:24:15,47.4,0.04,10,47389,买盘
11:24:21,47.36,-0.04,1,4736,买盘
11:24:36,47.4,0.04,3,14220,买盘
11:24:39,47.36,-0.04,10,47360,卖盘
11:24:42,47.36,0.0,5,23680,买盘
11:24:51,47.36,0.0,18,85248,买盘
11:25:06,47.4,0.04,12,56872,买盘
11:25:27,47.43,0.03,2,9486,买盘
11:25:33,47.45,0.02,12,56934,买盘
11:25:34,47.48,0.03,12,56960,买盘
11:25:39,47.45,-0.03,6,28476,卖盘
11:25:42,47.45,0.0,4,18980,买盘
11:25:45,47.45,0.0,7,33215,买盘
11:25:48,47.45,0.0,1,4745,买盘
11:25:51,47.45,0.0,18,85405,买盘
11:25:57,47.41,-0.04,8,37928,卖盘
11:26:00,47.45,0.04,11,52171,买盘
11:26:03,47.41,-0.04,1,4741,中性盘
11:26:06,47.45,0.04,3,14231,买盘
11:26:07,47.47,0.02,13,61689,买盘
11:26:18,47.44,-0.03,12,56938,卖盘
11:26:19,47.47,0.03,16,75955,买盘
11:26:38,47.41,-0.06,1,4741,卖盘
11:26:40,47.38,-0.03,13,61636,卖盘
11:26:44,47.36,-0.02,5,23687,卖盘
11:26:48,47.36,0.0,4,18948,卖盘
11:27:04,47.38,0.02,15,71070,买盘
11:27:09,47.38,0.0,5,23690,买盘
11:27:21,47.38,0.0,7,33166,买盘
11:27:24,47.38,0.0,1,4738,卖盘
11:27:40,47.38,0.0,36,170601,卖盘
11:27:51,47.41,0.03,8,37928,买盘
11:27:57,47.38,-0.03,3,14220,卖盘
11:28:06,47.41,0.03,6,28209,买盘
11:28:09,47.45,0.04,26,123329,买盘
11:28:16,47.45,0.0,25,118625,卖盘
11:28:19,47.45,0.0,9,42719,卖盘
11:28:24,47.45,0.0,1,4745,卖盘
11:28:29,47.46,0.01,1,4746,买盘
11:28:33,47.47,0.01,7,33229,买盘
11:28:42,47.45,-0.02,38,180310,卖盘
11:28:46,47.45,0.0,3,14237,卖盘
11:28:57,47.47,0.02,4,18988,买盘
11:29:00,47.45,-0.02,4,18980,卖盘
11:29:09,47.45,0.0,4,18980,卖盘
11:29:12,47.45,0.0,22,104390,卖盘
11:29:15,47.45,0.0,10,47450,卖盘
11:29:18,47.45,0.0,2,9490,卖盘
11:29:21,47.45,0.0,8,34828,卖盘
11:29:24,47.45,0.0,164,781549,卖盘
11:29:27,47.43,-0.02,2,9487,卖盘
11:29:33,47.35,-0.08,10,47359,卖盘
11:29:44,47.35,0.0,8,37890,卖盘
11:29:54,47.35,0.0,2,9468,买盘
11:29:59,47.33,-0.02,1,4733,卖盘
13:00:03,47.35,0.02,17,80481,买盘
13:00:07,47.44,0.09,4,18958,买盘
13:00:09,47.44,0.0,3,14235,卖盘
13:00:13,47.35,-0.09,15,71025,卖盘
13:00:16,47.44,0.09,1,4744,买盘
13:00:17,47.44,0.0,3,14214,中性盘
13:00:20,47.35,-0.09,4,18959,卖盘
13:00:25,47.45,0.1,1,4745,买盘
13:00:28,47.35,-0.1,1,4735,卖盘
13:00:29,47.44,0.09,1,4744,买盘
13:00:33,47.4,-0.04,3,14220,中性盘
13:00:37,47.44,0.04,4,18963,买盘
13:00:40,47.39,-0.05,1,4739,卖盘
13:00:41,47.42,0.03,2,9482,买盘
13:00:46,47.39,-0.03,17,80566,卖盘
13:00:47,47.38,-0.01,9,42649,卖盘
13:00:52,47.35,-0.03,11,51284,卖盘
13:00:54,47.39,0.04,3,15018,买盘
13:00:56,47.37,-0.02,7,33159,中性盘
13:01:01,47.38,0.01,9,39327,中性盘
13:01:04,47.37,-0.01,10,50694,卖盘
13:01:06,47.38,0.01,2,9474,买盘
13:01:10,47.35,-0.03,2,9470,卖盘
13:01:13,47.34,-0.01,2,9469,卖盘
13:01:16,47.35,0.01,2,9470,中性盘
13:01:18,47.35,0.0,5,23676,卖盘
13:01:20,47.34,-0.01,5,23672,卖盘
13:01:25,47.36,0.02,6,28416,买盘
13:01:28,47.33,-0.03,6,28403,卖盘
13:01:31,47.33,0.0,4,18932,卖盘
13:01:32,47.33,0.0,3,14203,卖盘
13:01:37,47.35,0.02,13,61563,中性盘
13:01:40,47.33,-0.02,5,23669,卖盘
13:01:43,47.34,0.01,5,23668,买盘
13:01:44,47.34,0.0,33,156222,卖盘
13:01:47,47.34,0.0,8,37875,卖盘
13:01:52,47.34,0.0,20,94681,卖盘
13:01:55,47.34,0.0,25,118350,卖盘
13:01:56,47.34,0.0,12,56808,卖盘
13:01:59,47.32,-0.02,2,9464,卖盘
13:02:04,47.31,-0.01,17,81281,卖盘
13:02:07,47.31,0.0,7,33121,卖盘
13:02:10,47.31,0.0,2,9462,卖盘
13:02:26,47.3,-0.01,2,9460,卖盘
13:02:34,47.3,0.0,2,9460,卖盘
13:02:37,47.3,0.0,1,4730,卖盘
13:02:40,47.3,0.0,5,23650,卖盘
13:02:41,47.3,0.0,1,4730,卖盘
13:02:49,47.3,0.0,27,127741,卖盘
13:02:52,47.29,-0.01,6,28375,卖盘
13:03:01,47.29,0.0,5,23645,卖盘
13:03:04,47.3,0.01,11,52024,买盘
13:03:06,47.29,-0.01,5,23645,卖盘
13:03:13,47.28,-0.01,8,36075,卖盘
13:03:16,47.28,0.0,1,4728,卖盘
13:03:40,47.29,0.01,1,4729,买盘
13:03:43,47.28,-0.01,2,9456,卖盘
13:03:49,47.28,0.0,13,63213,卖盘
13:03:52,47.27,-0.01,1,4727,卖盘
13:03:55,47.27,0.0,37,174899,卖盘
13:03:58,47.27,0.0,19,89813,卖盘
13:04:01,47.25,-0.02,12,56711,卖盘
13:04:04,47.25,0.0,2,9450,卖盘
13:04:06,47.25,0.0,1,4725,卖盘
13:04:14,47.25,0.0,4,18900,卖盘
13:04:34,47.25,0.0,2,9450,卖盘
13:04:41,47.26,0.01,1,4726,买盘
13:04:44,47.26,0.0,14,66155,买盘
13:04:49,47.23,-0.03,4,18898,卖盘
13:05:02,47.23,0.0,1,4723,卖盘
13:05:07,47.23,0.0,1,4723,中性盘
13:05:11,47.22,-0.01,20,94440,卖盘
13:05:22,47.22,0.0,5,23610,卖盘
13:05:24,47.21,-0.01,56,264562,卖盘
13:05:26,47.22,0.01,2,9444,买盘
13:05:31,47.22,0.0,3,14164,买盘
13:05:34,47.25,0.03,12,56695,买盘
13:05:43,47.25,0.0,2,9450,卖盘
13:05:50,47.25,0.0,36,170100,卖盘
13:05:55,47.23,-0.02,1,4723,卖盘
13:06:36,47.23,0.0,1,4723,卖盘
13:06:52,47.23,0.0,4,18893,卖盘
13:06:55,47.23,0.0,1,4723,买盘
13:06:58,47.23,0.0,5,23615,买盘
13:07:03,47.22,-0.01,1,4722,卖盘
13:07:10,47.23,0.01,2,9446,买盘
13:07:11,47.22,-0.01,1,4722,卖盘
13:07:19,47.22,0.0,2,9444,卖盘
13:07:31,47.21,-0.01,21,99164,卖盘
13:07:34,47.21,0.0,5,23607,卖盘
13:07:40,47.21,0.0,12,56652,卖盘
13:07:51,47.21,0.0,6,28326,卖盘
13:07:58,47.2,-0.01,5,23602,卖盘
13:08:03,47.2,0.0,1,4720,卖盘
13:08:07,47.21,0.01,10,47210,买盘
13:08:10,47.2,-0.01,11,51921,卖盘
13:08:13,47.2,0.0,3,14160,卖盘
13:08:16,47.2,0.0,5,23600,卖盘
13:08:28,47.21,0.01,5,23605,买盘
13:08:33,47.2,-0.01,1,4720,卖盘
13:08:37,47.2,0.0,4,18880,卖盘
13:08:39,47.21,0.01,4,18884,买盘
13:08:52,47.21,0.0,6,28323,买盘
13:08:55,47.2,-0.01,19,89680,卖盘
13:08:57,47.2,0.0,5,23600,买盘
13:09:01,47.19,-0.01,8,37754,卖盘
13:09:04,47.19,0.0,1,4719,卖盘
13:09:06,47.2,0.01,5,23600,买盘
13:09:13,47.19,-0.01,2,9438,卖盘
13:09:16,47.19,0.0,2,9438,卖盘
13:09:18,47.19,0.0,2,9438,卖盘
13:09:22,47.19,0.0,1,4719,卖盘
13:09:31,47.2,0.01,10,47200,买盘
13:09:34,47.19,-0.01,8,37757,卖盘
13:09:36,47.19,0.0,6,28314,卖盘
13:09:40,47.2,0.01,10,47200,买盘
13:09:42,47.2,0.0,1,4720,卖盘
13:09:49,47.2,0.0,3,14160,卖盘
13:09:54,47.2,0.0,7,33040,卖盘
13:09:57,47.2,0.0,5,23600,买盘
13:10:01,47.19,-0.01,1,4719,卖盘
13:10:04,47.19,0.0,3,14157,卖盘
13:10:06,47.19,0.0,62,292579,卖盘
13:10:10,47.18,-0.01,20,94376,卖盘
13:10:12,47.18,0.0,6,28308,卖盘
13:10:15,47.18,0.0,5,23593,卖盘
13:10:19,47.18,0.0,21,99090,卖盘
13:10:28,47.19,0.01,9,42470,买盘
13:10:31,47.19,0.0,1,4719,买盘
13:10:40,47.18,-0.01,2,9436,卖盘
13:10:45,47.19,0.01,9,42471,买盘
13:10:55,47.19,0.0,8,37752,卖盘
13:10:57,47.19,0.0,21,99099,卖盘
13:11:01,47.19,0.0,3,14157,买盘
13:11:10,47.19,0.0,4,18874,买盘
13:11:21,47.19,0.0,1,4719,买盘
13:11:27,47.18,-0.01,2,9436,卖盘
13:11:31,47.19,0.01,1,4719,买盘
13:11:34,47.19,0.0,1,4719,买盘
13:11:37,47.18,-0.01,8,37745,卖盘
13:11:39,47.18,0.0,3,14154,卖盘
13:11:43,47.19,0.01,4,18873,买盘
13:11:46,47.19,0.0,2,9437,买盘
13:11:49,47.18,-0.01,3,14154,卖盘
13:11:52,47.18,0.0,1,4718,卖盘
13:11:55,47.18,0.0,1,4718,卖盘
13:11:58,47.18,0.0,42,198157,卖盘
13:12:04,47.18,0.0,1,4718,卖盘
13:12:07,47.18,0.0,2,9436,卖盘
13:12:10,47.19,0.01,25,117975,买盘
13:12:13,47.19,0.0,13,61347,买盘
13:12:16,47.19,0.0,5,23595,卖盘
13:12:18,47.2,0.01,22,103840,买盘
13:12:21,47.2,0.0,6,28325,中性盘
13:12:24,47.22,0.02,1,4722,买盘
13:12:28,47.23,0.01,1,4723,买盘
13:12:37,47.22,-0.01,2,9444,买盘
13:12:43,47.23,0.01,2,9446,买盘
13:12:46,47.2,-0.03,2,9442,卖盘
13:13:03,47.22,0.02,1,4722,买盘
13:13:06,47.21,-0.01,2,9442,卖盘
13:13:09,47.21,0.0,1,4721,卖盘
13:13:13,47.22,0.01,1,4722,买盘
13:13:25,47.23,0.01,10,47230,买盘
13:13:28,47.23,0.0,1,4723,买盘
13:13:37,47.23,0.0,20,94458,买盘
13:13:42,47.22,-0.01,1,4722,卖盘
13:13:46,47.2,-0.02,20,94419,卖盘
13:14:00,47.2,0.0,35,165210,卖盘
13:14:06,47.2,0.0,6,28320,卖盘
13:14:10,47.19,-0.01,8,37759,卖盘
13:14:13,47.2,0.01,2,9440,买盘
13:14:16,47.2,0.0,2,9440,买盘
13:14:24,47.2,0.0,2,9440,买盘
13:14:31,47.2,0.0,1,4720,买盘
13:14:34,47.2,0.0,6,28316,买盘
13:14:36,47.2,0.0,1,4720,买盘
13:14:40,47.2,0.0,4,18880,买盘
13:14:42,47.2,0.0,3,14160,卖盘
13:14:46,47.23,0.03,21,99123,买盘
13:15:00,47.2,-0.03,35,165200,卖盘
13:15:03,47.23,0.03,1,4723,买盘
13:15:10,47.23,0.0,7,33061,买盘
13:15:22,47.2,-0.03,4,18880,卖盘
13:15:25,47.22,0.02,2,9444,买盘
13:15:30,47.22,0.0,2,9444,买盘
13:15:37,47.23,0.01,6,28330,买盘
13:15:42,47.21,-0.02,1,4721,卖盘
13:15:46,47.2,-0.01,21,99121,卖盘
13:15:48,47.23,0.03,5,23615,买盘
13:15:51,47.2,-0.03,3,14161,卖盘
13:15:58,47.21,0.01,1,4721,卖盘
13:16:10,47.21,0.0,20,94420,买盘
13:16:13,47.2,-0.01,22,103840,卖盘
13:16:15,47.21,0.01,4,18883,买盘
13:16:25,47.2,-0.01,2,9440,卖盘
13:16:31,47.21,0.01,10,47210,买盘
13:16:46,47.19,-0.02,19,89673,卖盘
13:16:52,47.2,0.01,13,61371,卖盘
13:17:04,47.2,0.0,4,18880,卖盘
13:17:07,47.19,-0.01,25,117975,卖盘
13:17:10,47.2,0.01,1,4720,买盘
13:17:12,47.19,-0.01,1,4719,卖盘
13:17:16,47.19,0.0,10,47190,卖盘
13:17:24,47.19,0.0,2,9438,卖盘
13:17:28,47.19,0.0,4,18876,卖盘
13:17:35,47.19,0.0,2,9438,卖盘
13:17:37,47.19,0.0,11,51910,卖盘
13:17:40,47.19,0.0,4,18876,卖盘
13:17:42,47.19,0.0,6,28314,卖盘
13:17:46,47.18,-0.01,19,89657,卖盘
13:17:55,47.2,0.02,3,14160,买盘
13:17:58,47.2,0.0,5,23600,买盘
13:18:01,47.2,0.0,9,42480,买盘
13:18:03,47.18,-0.02,12,56628,卖盘
13:18:07,47.19,0.01,15,70785,买盘
13:18:10,47.18,-0.01,13,61334,卖盘
13:18:13,47.19,0.01,3,14157,买盘
13:18:16,47.19,0.0,9,42469,买盘
13:18:18,47.19,0.0,2,9438,买盘
13:18:25,47.18,-0.01,21,99082,卖盘
13:18:28,47.18,0.0,1,4718,卖盘
13:18:33,47.18,0.0,2,9436,卖盘
13:18:37,47.19,0.01,1,4719,买盘
13:18:40,47.18,-0.01,2,9436,卖盘
13:18:42,47.19,0.01,5,23595,买盘
13:18:45,47.18,-0.01,19,89642,卖盘
13:18:49,47.18,0.0,1,4718,卖盘
13:18:52,47.19,0.01,5,23594,买盘
13:18:55,47.19,0.0,1,4719,卖盘
13:19:01,47.19,0.0,5,23597,卖盘
13:19:03,47.19,0.0,1,4719,卖盘
13:19:10,47.18,-0.01,1,4718,卖盘
13:19:12,47.18,0.0,1,4718,卖盘
13:19:16,47.18,0.0,1,4718,卖盘
13:19:21,47.18,0.0,1,4718,卖盘
13:19:25,47.18,0.0,7,33028,卖盘
13:19:31,47.19,0.01,4,18875,买盘
13:19:34,47.19,0.0,1,4719,买盘
13:19:37,47.19,0.0,44,207636,买盘
13:19:39,47.19,0.0,2,9438,卖盘
13:19:43,47.2,0.01,1,4720,买盘
13:19:46,47.19,-0.01,20,94380,卖盘
13:19:51,47.2,0.01,2,9440,买盘
13:19:55,47.2,0.0,4,18880,买盘
13:20:01,47.21,0.01,10,47210,买盘
13:20:07,47.2,-0.01,2,9440,卖盘
13:20:12,47.2,0.0,5,23597,买盘
13:20:19,47.2,0.0,6,28320,买盘
13:20:22,47.19,-0.01,9,42478,卖盘
13:20:30,47.2,0.01,2,9440,买盘
13:20:33,47.2,0.0,1,4720,买盘
13:20:37,47.2,0.0,2,9440,买盘
13:20:39,47.2,0.0,4,18880,买盘
13:20:43,47.2,0.0,7,33040,买盘
13:20:45,47.19,-0.01,35,165167,卖盘
13:20:49,47.19,0.0,13,61349,卖盘
13:20:51,47.2,0.01,2,9440,买盘
13:20:57,47.2,0.0,10,47200,买盘
13:21:07,47.19,-0.01,55,259545,卖盘
13:21:10,47.2,0.01,3,14160,买盘
13:21:13,47.19,-0.01,1,4719,卖盘
13:21:18,47.19,0.0,2,9438,卖盘
13:21:22,47.2,0.01,4,18878,买盘
13:21:27,47.2,0.0,8,37760,买盘
13:21:31,47.2,0.0,1,4720,卖盘
13:21:37,47.2,0.0,14,66081,卖盘
13:21:40,47.2,0.0,11,51920,卖盘
13:21:46,47.19,-0.01,23,108538,卖盘
13:21:48,47.19,0.0,3,14159,卖盘
13:21:51,47.19,0.0,5,23595,卖盘
13:21:57,47.19,0.0,13,61347,买盘
13:22:06,47.18,-0.01,36,169852,卖盘
13:22:13,47.19,0.01,5,23595,卖盘
13:22:15,47.19,0.0,1,4719,卖盘
13:22:18,47.2,0.01,4,18880,买盘
13:22:21,47.19,-0.01,1,4719,卖盘
13:22:24,47.2,0.01,2,9440,买盘
13:22:30,47.21,0.01,10,47205,买盘
13:22:37,47.23,0.02,6,28336,买盘
13:22:43,47.23,0.0,3,14169,买盘
13:22:45,47.19,-0.04,18,84979,卖盘
13:22:52,47.26,0.07,4,18904,买盘
13:23:06,47.2,-0.06,7,33046,中性盘
13:23:09,47.19,-0.01,20,94382,卖盘
13:23:12,47.18,-0.01,46,217042,卖盘
13:23:16,47.26,0.08,4,18886,买盘
13:23:34,47.18,-0.08,103,485969,卖盘
13:23:37,47.22,0.04,2,9448,中性盘
13:23:40,47.19,-0.03,6,28316,卖盘
13:23:42,47.24,0.05,2,9448,中性盘
13:23:46,47.18,-0.06,25,117989,卖盘
13:23:49,47.2,0.02,1,4720,卖盘
13:23:52,47.19,-0.01,2,9439,卖盘
13:23:55,47.19,0.0,4,18876,卖盘
13:23:58,47.18,-0.01,101,476533,卖盘
13:24:06,47.18,0.0,3,14154,卖盘
13:24:09,47.18,0.0,49,231182,卖盘
13:24:18,47.2,0.02,10,47200,买盘
13:24:21,47.2,0.0,1,4720,中性盘
13:24:25,47.2,0.0,2,9440,卖盘
13:24:31,47.2,0.0,4,18880,卖盘
13:24:36,47.24,0.04,2,9447,买盘
13:24:49,47.2,-0.04,18,84960,卖盘
13:24:58,47.22,0.02,4,18889,卖盘
13:25:00,47.23,0.01,8,37784,买盘
13:25:04,47.23,0.0,5,23615,买盘
13:25:07,47.2,-0.03,6,28324,卖盘
13:25:15,47.22,0.02,9,42498,买盘
13:25:37,47.21,-0.01,4,18886,中性盘
13:25:42,47.22,0.01,6,28332,买盘
13:25:46,47.22,0.0,9,42498,买盘
13:25:49,47.2,-0.02,17,80245,卖盘
13:25:51,47.22,0.02,1,4722,买盘
13:26:01,47.2,-0.02,4,18880,卖盘
13:26:04,47.2,0.0,8,37760,卖盘
13:26:12,47.21,0.01,42,198243,买盘
13:26:33,47.21,0.0,7,33047,买盘
13:26:36,47.2,-0.01,1,4720,卖盘
13:26:46,47.22,0.02,11,51935,买盘
13:26:49,47.22,0.0,19,89704,卖盘
13:26:51,47.24,0.02,6,28344,买盘
13:27:01,47.2,-0.04,5,23600,卖盘
13:27:12,47.2,0.0,43,202970,卖盘
13:27:16,47.24,0.04,1,4724,买盘
13:27:21,47.2,-0.04,7,33042,卖盘
13:27:33,47.21,0.01,1,4721,卖盘
13:27:36,47.23,0.02,1,4723,买盘
13:27:45,47.22,-0.01,4,18888,买盘
13:27:48,47.2,-0.02,20,94401,卖盘
13:27:52,47.22,0.02,2,9444,买盘
13:27:58,47.22,0.0,1,4722,买盘
13:28:01,47.2,-0.02,1,4720,卖盘
13:28:04,47.22,0.02,8,37771,买盘
13:28:13,47.22,0.0,13,61386,卖盘
13:28:16,47.22,0.0,5,23606,买盘
13:28:19,47.22,0.0,1,4722,买盘
13:28:22,47.22,0.0,11,51942,买盘
13:28:25,47.22,0.0,3,14166,买盘
13:28:26,47.21,-0.01,2,9442,卖盘
13:28:31,47.21,0.0,13,61373,卖盘
13:28:34,47.2,-0.01,3,14160,卖盘
13:28:37,47.2,0.0,9,42482,卖盘
13:28:40,47.2,0.0,1,4720,卖盘
13:28:43,47.2,0.0,7,33040,卖盘
13:28:46,47.2,0.0,1,4720,卖盘
13:28:48,47.2,0.0,22,103840,卖盘
13:28:52,47.2,0.0,1,4720,卖盘
13:28:58,47.21,0.01,11,51930,买盘
13:29:01,47.22,0.01,14,66108,买盘
13:29:06,47.24,0.02,8,37784,买盘
13:29:09,47.24,0.0,1,4724,卖盘
13:29:13,47.25,0.01,8,37795,买盘
13:29:18,47.2,-0.05,2,9440,卖盘
13:29:25,47.24,0.04,9,42514,买盘
13:29:37,47.24,0.0,9,42516,买盘
13:29:39,47.24,0.0,2,9448,买盘
13:29:48,47.24,0.0,9,42516,买盘
13:29:51,47.2,-0.04,1,4720,卖盘
13:29:54,47.22,0.02,6,28332,中性盘
13:30:01,47.24,0.02,8,37787,买盘
13:30:13,47.24,0.0,2,9448,买盘
13:30:16,47.22,-0.02,4,18888,卖盘
13:30:19,47.22,0.0,12,56663,买盘
13:30:22,47.21,-0.01,45,212445,卖盘
13:30:25,47.21,0.0,43,203012,卖盘
13:30:27,47.21,0.0,6,28326,卖盘
13:30:31,47.21,0.0,14,66094,卖盘
13:30:36,47.22,0.01,9,42498,买盘
13:30:38,47.22,0.0,10,47220,买盘
13:30:49,47.21,-0.01,29,136918,卖盘
13:30:52,47.21,0.0,4,18884,中性盘
13:30:54,47.21,0.0,1,4721,卖盘
13:31:00,47.22,0.01,8,37776,买盘
13:31:03,47.23,0.01,12,56666,买盘
13:31:15,47.23,0.0,17,80291,卖盘
13:31:19,47.23,0.0,5,23615,买盘
13:31:25,47.23,0.0,12,56676,买盘
13:31:34,47.21,-0.02,21,99144,卖盘
13:31:37,47.23,0.02,1,4723,买盘
13:31:40,47.22,-0.01,2,9444,卖盘
13:31:46,47.22,0.0,4,18888,卖盘
13:31:49,47.22,0.0,2,9444,卖盘
13:31:52,47.21,-0.01,15,70820,卖盘
13:31:55,47.21,0.0,2,9442,卖盘
13:32:01,47.21,0.0,7,33047,卖盘
13:32:04,47.21,0.0,2,9442,卖盘
13:32:06,47.21,0.0,4,18884,卖盘
13:32:10,47.23,0.02,7,33056,买盘
13:32:12,47.23,0.0,1,4723,买盘
13:32:15,47.23,0.0,2,9446,买盘
13:32:18,47.21,-0.02,33,155794,卖盘
13:32:21,47.21,0.0,2,9444,卖盘
13:32:31,47.2,-0.01,20,94419,卖盘
13:32:36,47.22,0.02,1,4722,中性盘
13:32:42,47.22,0.0,9,42497,买盘
13:32:46,47.2,-0.02,51,240740,卖盘
13:32:49,47.22,0.02,2,9444,中性盘
13:32:58,47.2,-0.02,1,4720,卖盘
13:33:01,47.2,0.0,2,9440,卖盘
13:33:17,47.21,0.01,1,4721,卖盘
13:33:18,47.21,0.0,1,4721,卖盘
13:33:25,47.2,-0.01,6,28321,卖盘
13:33:28,47.2,0.0,6,28325,卖盘
13:33:31,47.2,0.0,19,89680,卖盘
13:33:33,47.2,0.0,8,37766,卖盘
13:33:36,47.21,0.01,1,4721,买盘
13:33:43,47.21,0.0,1,4721,买盘
13:33:54,47.2,-0.01,10,47209,卖盘
13:33:58,47.2,0.0,2,9440,卖盘
13:34:09,47.2,0.0,1,4720,卖盘
13:34:13,47.2,0.0,1,4720,卖盘
13:34:18,47.2,0.0,49,231280,卖盘
13:34:22,47.21,0.01,2,9442,买盘
13:34:28,47.2,-0.01,54,254880,卖盘
13:34:30,47.2,0.0,18,84960,卖盘
13:34:36,47.21,0.01,4,18884,买盘
13:34:39,47.2,-0.01,2,9440,卖盘
13:34:42,47.2,0.0,87,410640,卖盘
13:34:46,47.19,-0.01,1,4719,卖盘
13:34:48,47.19,0.0,11,51909,卖盘
13:35:03,47.19,0.0,6,28314,卖盘
13:35:15,47.2,0.01,4,18880,买盘
13:35:21,47.19,-0.01,41,193479,卖盘
13:35:27,47.2,0.01,2,9440,买盘
13:35:31,47.19,-0.01,20,94380,卖盘
13:35:34,47.2,0.01,5,23600,买盘
13:35:46,47.19,-0.01,1,4719,卖盘
13:35:50,47.2,0.01,8,37760,买盘
13:35:53,47.19,-0.01,2,9438,卖盘
13:36:01,47.19,0.0,3,14157,卖盘
13:36:03,47.2,0.01,5,23600,买盘
13:36:16,47.2,0.0,18,84960,买盘
13:36:17,47.2,0.0,3,14160,买盘
13:36:22,47.19,-0.01,37,174605,卖盘
13:36:25,47.21,0.02,1,4721,买盘
13:36:27,47.21,0.0,20,94419,买盘
13:36:31,47.19,-0.02,22,103818,卖盘
13:36:36,47.2,0.01,1,4720,买盘
13:36:42,47.19,-0.01,2,9438,卖盘
13:36:45,47.19,0.0,1,4719,卖盘
13:36:47,47.2,0.01,3,14160,买盘
13:36:55,47.2,0.0,10,47200,买盘
13:36:56,47.19,-0.01,7,33033,卖盘
13:37:01,47.19,0.0,12,56628,卖盘
13:37:03,47.19,0.0,1,4719,卖盘
13:37:09,47.2,0.01,1,4720,买盘
13:37:12,47.19,-0.01,5,23595,卖盘
13:37:22,47.19,0.0,13,61347,卖盘
13:37:24,47.18,-0.01,31,146287,卖盘
13:37:28,47.19,0.01,5,23595,买盘
13:37:31,47.18,-0.01,24,113235,卖盘
13:37:33,47.18,0.0,6,28308,卖盘
13:37:36,47.19,0.01,2,9438,买盘
13:37:42,47.2,0.01,22,103827,买盘
13:37:44,47.19,-0.01,2,9439,卖盘
13:37:51,47.2,0.01,1,4720,买盘
13:37:55,47.2,0.0,5,23600,买盘
13:38:01,47.19,-0.01,12,56628,卖盘
13:38:05,47.2,0.01,2,9440,买盘
13:38:10,47.19,-0.01,12,56635,卖盘
13:38:12,47.23,0.04,14,66084,买盘
13:38:16,47.18,-0.05,2,9436,卖盘
13:38:21,47.19,0.01,13,61339,卖盘
13:38:24,47.19,0.0,45,212355,卖盘
13:38:31,47.18,-0.01,32,151010,卖盘
13:38:37,47.2,0.02,1,4720,买盘
13:38:39,47.18,-0.02,12,56616,卖盘
13:38:43,47.21,0.03,17,80243,买盘
13:38:51,47.22,0.01,2,9443,买盘
13:38:54,47.21,-0.01,1,4721,卖盘
13:39:01,47.21,0.0,12,56652,卖盘
13:39:07,47.22,0.01,3,14166,买盘
13:39:09,47.22,0.0,2,9444,买盘
13:39:13,47.22,0.0,4,18888,买盘
13:39:14,47.22,0.0,5,23610,买盘
13:39:19,47.22,0.0,5,23610,买盘
13:39:20,47.22,0.0,25,118038,买盘
13:39:24,47.21,-0.01,34,160525,卖盘
13:39:30,47.21,0.0,22,103888,卖盘
13:39:35,47.24,0.03,1,4724,买盘
13:39:40,47.21,-0.03,12,56653,卖盘
13:39:56,47.23,0.02,4,18892,买盘
13:40:01,47.23,0.0,14,66110,买盘
13:40:07,47.23,0.0,1,4723,买盘
13:40:18,47.23,0.0,10,47230,买盘
13:40:20,47.22,-0.01,12,56665,卖盘
13:40:30,47.21,-0.01,35,165235,卖盘
13:40:33,47.21,0.0,18,84978,卖盘
13:40:36,47.21,0.0,25,118026,卖盘
13:40:40,47.2,-0.01,20,94410,卖盘
13:40:42,47.21,0.01,4,18885,中性盘
13:40:48,47.22,0.01,18,84980,买盘
13:40:50,47.22,0.0,2,9443,买盘
13:40:54,47.23,0.01,3,14167,买盘
13:40:59,47.22,-0.01,12,56664,卖盘
13:41:09,47.22,0.0,4,18888,卖盘
13:41:12,47.23,0.01,6,28338,买盘
13:41:18,47.22,-0.01,7,33054,卖盘
13:41:21,47.21,-0.01,12,56652,卖盘
13:41:24,47.21,0.0,1,4721,卖盘
13:41:27,47.21,0.0,31,146352,卖盘
13:41:30,47.21,0.0,31,146356,卖盘
13:41:34,47.21,0.0,44,207724,卖盘
13:41:37,47.21,0.0,1,4721,中性盘
13:41:39,47.2,-0.01,13,61361,卖盘
13:41:42,47.21,0.01,10,47210,买盘
13:41:46,47.2,-0.01,5,23603,卖盘
13:41:48,47.2,0.0,4,18882,卖盘
13:41:55,47.2,0.0,9,42480,卖盘
13:41:57,47.21,0.01,1,4721,买盘
13:42:00,47.2,-0.01,12,56640,卖盘
13:42:09,47.21,0.01,5,23605,买盘
13:42:18,47.21,0.0,9,42489,买盘
13:42:21,47.22,0.01,14,66096,买盘
13:42:25,47.22,0.0,2,9444,卖盘
13:42:28,47.21,-0.01,30,141639,卖盘
13:42:30,47.21,0.0,21,99141,卖盘
13:42:38,47.21,0.0,12,56652,卖盘
13:42:46,47.21,0.0,1,4721,卖盘
13:42:48,47.22,0.01,1,4722,中性盘
13:42:55,47.23,0.01,6,28335,买盘
13:42:57,47.23,0.0,29,136923,买盘
13:43:01,47.21,-0.02,14,66100,卖盘
13:43:10,47.21,0.0,5,23605,卖盘
13:43:13,47.23,0.02,5,23615,买盘
13:43:22,47.21,-0.02,12,56652,卖盘
13:43:24,47.21,0.0,4,18886,卖盘
13:43:27,47.21,0.0,33,155795,卖盘
13:43:37,47.22,0.01,12,56662,买盘
13:43:39,47.2,-0.02,12,56648,卖盘
13:43:42,47.2,0.0,1,4720,卖盘
13:43:45,47.2,0.0,1,4720,卖盘
13:43:48,47.2,0.0,7,33040,卖盘
13:43:53,47.2,0.0,20,94400,卖盘
13:43:58,47.2,0.0,6,28320,卖盘
13:44:00,47.2,0.0,115,542800,卖盘
13:44:04,47.2,0.0,8,37762,卖盘
13:44:08,47.2,0.0,5,23600,卖盘
13:44:21,47.2,0.0,12,56640,卖盘
13:44:27,47.2,0.0,1,4720,卖盘
13:44:31,47.2,0.0,32,151040,卖盘
13:44:33,47.2,0.0,9,42480,卖盘
13:44:37,47.2,0.0,2,9440,卖盘
13:44:43,47.2,0.0,12,56640,卖盘
13:44:49,47.19,-0.01,22,103839,卖盘
13:44:51,47.2,0.01,3,14160,买盘
13:44:54,47.19,-0.01,22,103818,卖盘
13:44:57,47.2,0.01,10,47200,买盘
13:45:00,47.19,-0.01,12,56628,卖盘
13:45:07,47.2,0.01,7,33034,买盘
13:45:09,47.2,0.0,1,4720,买盘
13:45:12,47.2,0.0,5,23600,买盘
13:45:21,47.19,-0.01,14,66066,卖盘
13:45:23,47.19,0.0,2,9438,卖盘
13:45:28,47.19,0.0,1,4719,卖盘
13:45:31,47.19,0.0,24,113256,卖盘
13:45:33,47.19,0.0,1,4719,买盘
13:45:36,47.18,-0.01,6,28311,卖盘
13:45:39,47.18,0.0,18,84924,卖盘
13:45:42,47.18,0.0,12,56616,卖盘
13:45:45,47.19,0.01,7,33028,买盘
13:45:54,47.19,0.0,1,4719,买盘
13:45:57,47.18,-0.01,21,99078,卖盘
13:46:00,47.19,0.01,3,14157,买盘
13:46:02,47.18,-0.01,13,61335,卖盘
13:46:13,47.18,0.0,2,9436,卖盘
13:46:21,47.18,0.0,14,66052,卖盘
13:46:23,47.18,0.0,1,4718,卖盘
13:46:30,47.18,0.0,161,759598,卖盘
13:46:42,47.18,0.0,9,42462,卖盘
13:46:45,47.18,0.0,111,523698,卖盘
13:46:51,47.18,0.0,82,386877,卖盘
13:46:58,47.18,0.0,43,202840,买盘
13:46:59,47.18,0.0,143,674671,买盘
13:47:03,47.19,0.01,2,9438,买盘
13:47:10,47.18,-0.01,2,9436,卖盘
13:47:22,47.19,0.01,7,33033,买盘
13:47:24,47.19,0.0,2,9438,买盘
13:47:32,47.18,-0.01,82,386876,卖盘
13:47:37,47.2,0.02,5,23598,买盘
13:47:45,47.18,-0.02,3,14155,卖盘
13:47:47,47.19,0.01,4,18876,买盘
13:47:51,47.21,0.02,2,9441,买盘
13:47:55,47.2,-0.01,10,47200,中性盘
13:47:58,47.19,-0.01,21,99111,卖盘
13:48:14,47.21,0.02,4,18884,买盘
13:48:22,47.21,0.0,2,9442,买盘
13:48:33,47.22,0.01,5,23610,卖盘
13:48:36,47.22,0.0,19,89718,买盘
13:48:42,47.22,0.0,2,9444,买盘
13:48:45,47.21,-0.01,2,9442,卖盘
13:48:58,47.19,-0.02,22,103828,卖盘
13:48:59,47.22,0.03,2,9443,买盘
13:49:10,47.22,0.0,6,28330,买盘
13:49:27,47.22,0.0,1,4722,买盘
13:49:29,47.22,0.0,2,9444,买盘
13:49:34,47.19,-0.03,41,193479,卖盘
13:49:36,47.19,0.0,1,4719,买盘
13:49:39,47.18,-0.01,16,75488,卖盘
13:49:57,47.18,0.0,19,89642,卖盘
13:50:06,47.18,0.0,43,202874,卖盘
13:50:09,47.19,0.01,3,14157,买盘
13:50:13,47.19,0.0,5,23595,买盘
13:50:15,47.18,-0.01,8,37744,卖盘
13:50:27,47.18,0.0,16,75488,卖盘
13:50:32,47.18,0.0,2,9436,卖盘
13:50:36,47.18,0.0,41,193439,卖盘
13:50:40,47.19,0.01,78,368082,买盘
13:50:42,47.19,0.0,2,9438,卖盘
13:50:57,47.19,0.0,21,99105,卖盘
13:51:05,47.21,0.02,2,9442,买盘
13:51:08,47.19,-0.02,1,4719,卖盘
13:51:15,47.19,0.0,2,9438,卖盘
13:51:19,47.19,0.0,2,9438,卖盘
13:51:24,47.18,-0.01,5,23593,卖盘
13:51:37,47.2,0.02,47,221776,买盘
13:51:45,47.2,0.0,1,4720,买盘
13:51:51,47.2,0.0,4,18880,买盘
13:51:53,47.2,0.0,2,9440,卖盘
13:51:57,47.18,-0.02,27,127407,卖盘
13:52:09,47.2,0.02,1,4720,卖盘
13:52:11,47.21,0.01,1,4721,买盘
13:52:15,47.2,-0.01,5,23600,卖盘
13:52:17,47.18,-0.02,12,56626,卖盘
13:52:21,47.18,0.0,25,117961,卖盘
13:52:24,47.18,0.0,5,23590,卖盘
13:52:27,47.19,0.01,6,28312,买盘
13:52:30,47.19,0.0,2,9438,卖盘
13:52:33,47.19,0.0,2,9438,卖盘
13:52:37,47.19,0.0,30,141570,卖盘
13:52:42,47.19,0.0,17,80223,买盘
13:52:45,47.2,0.01,1,4720,买盘
13:52:50,47.19,-0.01,1,4719,卖盘
13:52:54,47.2,0.01,1,4720,买盘
13:52:57,47.18,-0.02,22,103796,卖盘
13:53:03,47.19,0.01,1,4719,卖盘
13:53:18,47.19,0.0,4,18876,卖盘
13:53:21,47.2,0.01,8,37759,买盘
13:53:33,47.23,0.03,16,75551,买盘
13:53:38,47.2,-0.03,43,202978,卖盘
13:53:54,47.2,0.0,6,28325,卖盘
13:53:57,47.18,-0.02,22,103819,卖盘
13:54:06,47.21,0.03,1,4721,买盘
13:54:12,47.2,-0.01,4,18877,买盘
13:54:24,47.22,0.02,3,14166,买盘
13:54:26,47.2,-0.02,9,42480,卖盘
13:54:36,47.18,-0.02,10,47184,卖盘
13:54:38,47.18,0.0,14,66064,卖盘
13:54:42,47.18,0.0,6,28312,卖盘
13:54:48,47.18,0.0,10,47180,卖盘
13:54:54,47.18,0.0,10,47183,卖盘
13:54:57,47.19,0.01,38,179294,买盘
13:54:59,47.18,-0.01,3,14154,卖盘
13:55:03,47.18,0.0,10,47186,卖盘
13:55:05,47.19,0.01,14,66058,买盘
13:55:11,47.18,-0.01,5,23593,卖盘
13:55:18,47.18,0.0,10,47180,卖盘
13:55:20,47.18,0.0,2,9436,卖盘
13:55:23,47.18,0.0,2,9436,卖盘
13:55:26,47.18,0.0,8,37744,卖盘
13:55:31,47.18,0.0,3,14157,卖盘
13:55:32,47.18,0.0,4,18872,卖盘
13:55:37,47.18,0.0,8,37744,卖盘
13:55:40,47.18,0.0,33,155694,卖盘
13:55:43,47.18,0.0,4,18872,卖盘
13:55:46,47.18,0.0,1,4718,卖盘
13:55:49,47.18,0.0,11,51902,卖盘
13:55:52,47.18,0.0,3,14154,卖盘
13:55:55,47.19,0.01,3,14155,中性盘
13:55:58,47.19,0.0,33,155706,卖盘
13:56:01,47.18,-0.01,2,9436,卖盘
13:56:02,47.18,0.0,5,23590,卖盘
13:56:07,47.18,0.0,18,84926,卖盘
13:56:13,47.18,0.0,6,28308,卖盘
13:56:15,47.19,0.01,2,9439,中性盘
13:56:19,47.18,-0.01,11,51898,卖盘
13:56:22,47.18,0.0,3,14154,卖盘
13:56:25,47.2,0.02,9,42474,买盘
13:56:26,47.18,-0.02,77,363290,卖盘
13:56:30,47.2,0.02,1,4720,中性盘
13:56:33,47.18,-0.02,5,23595,卖盘
13:56:37,47.18,0.0,11,51903,卖盘
13:56:38,47.18,0.0,2,9436,卖盘
13:56:41,47.18,0.0,5,23590,卖盘
13:56:44,47.18,0.0,22,103807,卖盘
13:56:49,47.19,0.01,3,14156,买盘
13:56:52,47.18,-0.01,3,14154,卖盘
13:56:55,47.18,0.0,7,33026,卖盘
13:56:58,47.18,0.0,10,47180,卖盘
13:57:01,47.18,0.0,21,99078,卖盘
13:57:04,47.18,0.0,11,51903,卖盘
13:57:05,47.19,0.01,15,70773,买盘
13:57:08,47.18,-0.01,1,4718,卖盘
13:57:11,47.18,0.0,17,80218,卖盘
13:57:14,47.18,0.0,6,28313,卖盘
13:57:19,47.18,0.0,10,47180,卖盘
13:57:20,47.18,0.0,2,9436,卖盘
13:57:25,47.18,0.0,6,28313,卖盘
13:57:28,47.19,0.01,15,70773,中性盘
13:57:31,47.19,0.0,3,14157,卖盘
13:57:34,47.18,-0.01,5,23590,卖盘
13:57:37,47.18,0.0,11,51898,卖盘
13:57:43,47.18,0.0,45,212310,卖盘
13:57:47,47.18,0.0,8,37744,卖盘
13:57:52,47.18,0.0,11,51903,卖盘
13:57:53,47.18,0.0,2,9436,卖盘
13:57:57,47.18,0.0,8,37744,卖盘
13:58:01,47.18,0.0,22,103796,卖盘
13:58:02,47.18,0.0,9,42462,卖盘
13:58:05,47.18,0.0,3,14154,卖盘
13:58:09,47.18,0.0,8,37744,卖盘
13:58:13,47.18,0.0,4,18872,卖盘
13:58:16,47.19,0.01,8,37751,买盘
13:58:18,47.2,0.01,10,47183,中性盘
13:58:22,47.18,-0.02,10,47201,卖盘
13:58:25,47.18,0.0,104,490677,卖盘
13:58:26,47.17,-0.01,68,320816,卖盘
13:58:31,47.17,0.0,47,221708,卖盘
13:58:34,47.17,0.0,8,37736,卖盘
13:58:37,47.17,0.0,12,56604,卖盘
13:58:39,47.16,-0.01,11,51876,卖盘
13:58:41,47.16,0.0,40,188646,卖盘
13:58:44,47.16,0.0,8,37728,卖盘
13:58:49,47.16,0.0,10,47160,卖盘
13:58:50,47.16,0.0,7,33018,卖盘
13:58:55,47.16,0.0,2,9432,卖盘
13:58:57,47.16,0.0,1,4716,卖盘
13:59:01,47.15,-0.01,241,1136482,卖盘
13:59:03,47.15,0.0,20,94300,卖盘
13:59:06,47.16,0.01,2,9431,中性盘
13:59:08,47.15,-0.01,120,565800,卖盘
13:59:12,47.14,-0.01,18,84852,卖盘
13:59:16,47.14,0.0,7,32999,卖盘
13:59:19,47.14,0.0,13,61282,卖盘
13:59:22,47.15,0.01,10,47150,买盘
13:59:25,47.14,-0.01,2,9428,卖盘
13:59:26,47.14,0.0,2,9428,卖盘
13:59:30,47.14,0.0,11,51854,卖盘
13:59:34,47.14,0.0,1,4714,买盘
13:59:37,47.13,-0.01,7,32996,卖盘
13:59:40,47.13,0.0,20,94270,卖盘
13:59:45,47.13,0.0,31,146100,卖盘
13:59:49,47.12,-0.01,8,37696,卖盘
13:59:55,47.12,0.0,4,18848,卖盘
13:59:56,47.12,0.0,16,75398,卖盘
13:59:59,47.12,0.0,33,155496,卖盘
14:00:04,47.12,0.0,18,84816,卖盘
14:00:07,47.12,0.0,14,65968,卖盘
14:00:09,47.11,-0.01,30,141330,卖盘
14:00:12,47.11,0.0,22,103648,卖盘
14:00:16,47.12,0.01,10,47120,买盘
14:00:21,47.12,0.0,9,42400,买盘
14:00:25,47.11,-0.01,11,51821,卖盘
14:00:27,47.11,0.0,13,61243,卖盘
14:00:31,47.11,0.0,26,122486,卖盘
14:00:34,47.11,0.0,4,18844,买盘
14:00:40,47.11,0.0,16,75374,买盘
14:00:43,47.11,0.0,7,32977,卖盘
14:00:46,47.11,0.0,41,193151,卖盘
14:00:49,47.11,0.0,4,18844,卖盘
14:00:55,47.12,0.01,5,23557,买盘
14:00:59,47.1,-0.02,24,113048,卖盘
14:01:03,47.12,0.02,4,18847,买盘
14:01:08,47.11,-0.01,2,9422,卖盘
14:01:11,47.12,0.01,1,4712,买盘
14:01:25,47.11,-0.01,2,9422,卖盘
14:01:29,47.12,0.01,5,23560,买盘
14:01:40,47.11,-0.01,8,37688,卖盘
14:01:43,47.11,0.0,1,4711,卖盘
14:01:46,47.11,0.0,12,56532,卖盘
14:01:49,47.11,0.0,24,113063,买盘
14:01:50,47.1,-0.01,16,75361,卖盘
14:01:55,47.11,0.01,4,18844,买盘
14:01:57,47.12,0.01,1,4712,买盘
14:01:59,47.11,-0.01,25,117763,卖盘
14:02:05,47.11,0.0,6,28266,买盘
14:02:10,47.1,-0.01,3,14131,卖盘
14:02:11,47.11,0.01,4,18844,买盘
14:02:16,47.11,0.0,11,51821,卖盘
14:02:19,47.11,0.0,6,28266,卖盘
14:02:20,47.12,0.01,10,47118,买盘
14:02:25,47.11,-0.01,5,23555,中性盘
14:02:28,47.12,0.01,2,9424,买盘
14:02:34,47.11,-0.01,7,32978,买盘
14:02:37,47.12,0.01,1,4712,买盘
14:02:39,47.12,0.0,17,80102,买盘
14:02:41,47.12,0.0,7,32984,买盘
14:02:46,47.12,0.0,7,32984,买盘
14:02:47,47.12,0.0,35,164920,卖盘
14:02:52,47.13,0.01,4,18851,买盘
14:02:55,47.14,0.01,3,14137,买盘
14:02:56,47.15,0.01,5,23575,买盘
14:02:59,47.15,0.0,26,122498,买盘
14:03:02,47.14,-0.01,3,14138,中性盘
14:03:07,47.14,0.0,4,18857,买盘
14:03:10,47.14,0.0,4,18852,买盘
14:03:13,47.15,0.01,7,33004,买盘
14:03:16,47.15,0.0,1,4715,卖盘
14:03:25,47.15,0.0,1,4715,卖盘
14:03:31,47.2,0.05,2,9440,买盘
14:03:37,47.2,0.0,11,51909,买盘
14:03:40,47.22,0.02,1,4722,买盘
14:03:49,47.2,-0.02,9,42440,中性盘
14:03:50,47.15,-0.05,3,14145,买盘
14:03:55,47.15,0.0,5,23575,买盘
14:03:59,47.15,0.0,39,183844,买盘
14:04:02,47.15,0.0,6,28290,买盘
14:04:07,47.15,0.0,1,4715,中性盘
14:04:28,47.15,0.0,1,4715,卖盘
14:04:34,47.19,0.04,4,18875,买盘
14:04:37,47.19,0.0,3,14157,卖盘
14:04:47,47.18,-0.01,3,14156,卖盘
14:04:52,47.16,-0.02,12,56604,卖盘
14:04:57,47.16,0.0,9,42436,买盘
14:05:01,47.16,0.0,4,18864,买盘
14:05:04,47.13,-0.03,21,98999,卖盘
14:05:14,47.13,0.0,7,32991,卖盘
14:05:17,47.13,0.0,9,42417,买盘
14:05:22,47.13,0.0,5,23377,买盘
14:05:37,47.17,0.04,2,9435,中性盘
14:05:40,47.17,0.0,3,14151,买盘
14:05:43,47.17,0.0,3,14151,买盘
14:05:46,47.18,0.01,1,4718,买盘
14:05:47,47.18,0.0,5,23590,买盘
14:05:50,47.13,-0.05,35,164984,卖盘
14:05:55,47.18,0.05,1,4718,买盘
14:05:59,47.12,-0.06,22,103668,卖盘
14:06:09,47.18,0.06,2,9436,买盘
14:06:17,47.13,-0.05,4,18854,卖盘
14:06:35,47.16,0.03,2,9432,卖盘
14:06:39,47.16,0.0,2,9432,卖盘
14:06:41,47.13,-0.03,3,14143,卖盘
14:06:46,47.16,0.03,2,9432,中性盘
14:06:49,47.17,0.01,4,18866,买盘
14:06:50,47.16,-0.01,10,47161,卖盘
14:06:58,47.15,-0.01,12,56580,卖盘
14:07:01,47.15,0.0,32,150911,卖盘
14:07:02,47.13,-0.02,19,89567,卖盘
14:07:10,47.16,0.03,2,9432,买盘
14:07:13,47.16,0.0,7,33006,买盘
14:07:14,47.18,0.02,6,25327,买盘
14:07:19,47.19,0.01,5,23595,买盘
14:07:22,47.19,0.0,5,23595,买盘
14:07:26,47.2,0.01,1,4720,买盘
14:07:31,47.2,0.0,9,42480,买盘
14:07:32,47.2,0.0,10,47200,买盘
14:07:37,47.22,0.02,11,51926,买盘
14:07:40,47.22,0.0,5,23608,买盘
14:07:43,47.24,0.02,1,4724,卖盘
14:07:44,47.24,0.0,2,9446,买盘
14:07:50,47.22,-0.02,3,14169,卖盘
14:07:55,47.21,-0.01,1,4721,卖盘
14:07:56,47.21,0.0,1,4721,中性盘
14:08:04,47.19,-0.02,18,84957,卖盘
14:08:09,47.22,0.03,2,9444,买盘
14:08:14,47.22,0.0,13,61386,买盘
14:08:17,47.22,0.0,9,42496,买盘
14:08:22,47.22,0.0,6,28332,买盘
14:08:25,47.22,0.0,4,18885,买盘
14:08:28,47.22,0.0,1,4722,买盘
14:08:29,47.22,0.0,1,4722,买盘
14:08:34,47.24,0.02,1,4724,买盘
14:08:35,47.22,-0.02,4,18888,卖盘
14:08:39,47.24,0.02,1,4724,中性盘
14:08:43,47.24,0.0,1,4724,中性盘
14:08:54,47.22,-0.02,14,66108,卖盘
14:09:03,47.19,-0.03,22,103834,卖盘
14:09:07,47.19,0.0,1,4719,卖盘
14:09:12,47.19,0.0,4,18876,卖盘
14:09:16,47.22,0.03,10,47199,买盘
14:09:19,47.19,-0.03,35,165235,卖盘
14:09:22,47.19,0.0,10,47190,卖盘
14:09:24,47.19,0.0,9,42471,卖盘
14:09:28,47.19,0.0,2,9438,卖盘
14:09:31,47.19,0.0,15,70785,卖盘
14:09:35,47.21,0.02,5,23605,卖盘
14:09:43,47.2,-0.01,2,9440,卖盘
14:09:46,47.2,0.0,4,18881,卖盘
14:09:52,47.2,0.0,4,18880,卖盘
14:09:55,47.2,0.0,9,42480,卖盘
14:09:58,47.19,-0.01,8,37752,卖盘
14:09:59,47.19,0.0,10,47190,卖盘
14:10:04,47.18,-0.01,24,113241,卖盘
14:10:07,47.18,0.0,44,207593,卖盘
14:10:10,47.18,0.0,14,66071,卖盘
14:10:25,47.2,0.02,1,4720,买盘
14:10:31,47.18,-0.02,1,4718,卖盘
14:10:40,47.18,0.0,16,75488,卖盘
14:10:43,47.18,0.0,6,28308,卖盘
14:10:46,47.19,0.01,8,37751,买盘
14:10:49,47.18,-0.01,3,14154,卖盘
14:10:52,47.18,0.0,1,4718,卖盘
14:10:54,47.19,0.01,3,14157,卖盘
14:10:58,47.18,-0.01,40,188729,卖盘
14:10:59,47.2,0.02,68,320960,买盘
14:11:04,47.2,0.0,21,99122,卖盘
14:11:10,47.21,0.01,3,14163,买盘
14:11:13,47.2,-0.01,1,4720,卖盘
14:11:14,47.2,0.0,1,4720,卖盘
14:11:19,47.2,0.0,20,94403,卖盘
14:11:31,47.22,0.02,14,66091,买盘
14:11:37,47.21,-0.01,1,4721,卖盘
14:11:40,47.22,0.01,10,47220,买盘
14:11:54,47.25,0.03,4,18900,买盘
14:11:58,47.23,-0.02,10,47230,卖盘
14:12:00,47.23,0.0,18,85004,买盘
14:12:04,47.22,-0.01,23,108606,卖盘
14:12:11,47.23,0.01,4,18890,买盘
14:12:16,47.23,0.0,10,47222,买盘
14:12:22,47.23,0.0,2,9446,买盘
14:12:25,47.22,-0.01,2,9444,卖盘
14:12:28,47.23,0.01,2,9446,买盘
14:12:37,47.23,0.0,3,14169,买盘
14:12:46,47.23,0.0,2,9446,买盘
14:12:49,47.23,0.0,3,14169,买盘
14:12:52,47.22,-0.01,11,51952,卖盘
14:12:56,47.25,0.03,35,165274,买盘
14:12:59,47.25,0.0,1,4725,买盘
14:13:03,47.22,-0.03,20,94440,卖盘
14:13:07,47.22,0.0,3,14166,卖盘
14:13:10,47.22,0.0,6,28332,卖盘
14:13:13,47.22,0.0,2,9444,卖盘
14:13:19,47.25,0.03,10,47250,买盘
14:13:20,47.25,0.0,4,18900,卖盘
14:13:31,47.23,-0.02,11,51966,卖盘
14:13:39,47.23,0.0,7,33061,卖盘
14:13:46,47.25,0.02,9,42525,买盘
14:13:49,47.25,0.0,10,47250,卖盘
14:13:52,47.25,0.0,2,9451,卖盘
14:13:55,47.25,0.0,1,4725,卖盘
14:13:56,47.25,0.0,20,94500,卖盘
14:14:04,47.23,-0.02,21,99183,卖盘
14:14:07,47.23,0.0,8,37784,卖盘
14:14:19,47.23,0.0,2,9447,卖盘
14:14:25,47.25,0.02,1,4725,买盘
14:14:31,47.25,0.0,1,4725,买盘
14:14:34,47.23,-0.02,2,9448,卖盘
14:14:35,47.25,0.02,2,9450,买盘
14:14:40,47.25,0.0,1,4725,买盘
14:14:43,47.24,-0.01,1,4724,中性盘
14:14:46,47.24,0.0,1,4724,买盘
14:14:49,47.23,-0.01,9,42507,卖盘
14:14:52,47.23,0.0,4,18893,卖盘
14:14:58,47.24,0.01,1,4724,卖盘
14:15:01,47.24,0.0,42,198367,买盘
14:15:04,47.24,0.0,21,99184,买盘
14:15:10,47.24,0.0,1,4724,买盘
14:15:16,47.24,0.0,5,23619,买盘
14:15:24,47.23,-0.01,8,37784,卖盘
14:15:28,47.23,0.0,9,42507,卖盘
14:15:31,47.23,0.0,22,103911,卖盘
14:15:34,47.24,0.01,5,23616,买盘
14:15:35,47.23,-0.01,18,85014,卖盘
14:15:40,47.23,0.0,4,18892,卖盘
14:15:43,47.23,0.0,2,9446,卖盘
14:15:49,47.23,0.0,84,396732,卖盘
14:15:54,47.22,-0.01,3,14166,卖盘
14:16:01,47.22,0.0,40,188880,卖盘
14:16:04,47.21,-0.01,29,136933,卖盘
14:16:07,47.21,0.0,10,47210,买盘
14:16:10,47.2,-0.01,2,9440,卖盘
14:16:13,47.2,0.0,2,9440,卖盘
14:16:16,47.2,0.0,1,4720,卖盘
14:16:22,47.2,0.0,7,33040,卖盘
14:16:24,47.21,0.01,7,33047,买盘
14:16:34,47.2,-0.01,1,4720,卖盘
14:16:43,47.2,0.0,7,33040,卖盘
14:16:46,47.21,0.01,8,37768,买盘
14:16:50,47.24,0.03,7,33068,买盘
14:16:55,47.21,-0.03,2,9444,卖盘
14:16:56,47.21,0.0,2,9442,卖盘
14:16:59,47.21,0.0,7,33048,卖盘
14:17:03,47.21,0.0,21,99121,买盘
14:17:07,47.21,0.0,15,70815,买盘
14:17:09,47.21,0.0,11,51929,买盘
14:17:16,47.21,0.0,3,14163,买盘
14:17:19,47.23,0.02,1,4723,买盘
14:17:25,47.24,0.01,3,14170,买盘
14:17:31,47.25,0.01,10,47250,买盘
14:17:39,47.25,0.0,4,18901,卖盘
14:17:43,47.28,0.03,5,23640,买盘
14:17:55,47.27,-0.01,1,4727,买盘
14:17:58,47.24,-0.03,6,28355,卖盘
14:17:59,47.24,0.0,1,4724,卖盘
14:18:04,47.22,-0.02,25,118077,卖盘
14:18:07,47.22,0.0,1,4722,买盘
14:18:10,47.22,0.0,5,23610,买盘
14:18:11,47.2,-0.02,2,9440,卖盘
14:18:16,47.22,0.02,1,4722,买盘
14:18:34,47.23,0.01,6,28338,买盘
14:18:37,47.22,-0.01,5,23612,卖盘
14:18:49,47.23,0.01,1,4723,买盘
14:19:04,47.2,-0.03,27,127463,卖盘
14:19:05,47.22,0.02,13,61386,买盘
14:19:13,47.22,0.0,3,14166,买盘
14:19:28,47.2,-0.02,2,9440,卖盘
14:19:37,47.22,0.02,11,51937,买盘
14:19:49,47.22,0.0,12,56664,买盘
14:19:52,47.22,0.0,10,47220,卖盘
14:19:55,47.21,-0.01,12,56656,卖盘
14:19:58,47.21,0.0,7,33047,卖盘
14:20:01,47.2,-0.01,3,14160,卖盘
14:20:03,47.2,0.0,41,193532,卖盘
14:20:07,47.21,0.01,56,264354,中性盘
14:20:09,47.2,-0.01,2,9440,卖盘
14:20:13,47.2,0.0,12,56641,卖盘
14:20:16,47.2,0.0,10,47202,卖盘
14:20:18,47.2,0.0,6,28320,卖盘
14:20:20,47.2,0.0,1,4720,卖盘
14:20:24,47.21,0.01,1,4721,中性盘
14:20:31,47.2,-0.01,12,56640,卖盘
14:20:34,47.21,0.01,2,9442,买盘
14:20:37,47.21,0.0,4,18884,卖盘
14:20:40,47.2,-0.01,16,75524,卖盘
14:20:42,47.2,0.0,5,23600,卖盘
14:20:46,47.21,0.01,3,14163,买盘
14:20:49,47.2,-0.01,12,56648,卖盘
14:20:51,47.2,0.0,7,33040,卖盘
14:20:55,47.2,0.0,2,9441,卖盘
14:20:58,47.2,0.0,7,33042,卖盘
14:21:01,47.19,-0.01,8,37764,卖盘
14:21:03,47.19,0.0,28,132164,卖盘
14:21:07,47.19,0.0,4,18876,卖盘
14:21:10,47.19,0.0,1,4719,卖盘
14:21:11,47.19,0.0,11,51910,卖盘
14:21:16,47.2,0.01,1,4720,买盘
14:21:19,47.19,-0.01,5,23595,卖盘
14:21:22,47.2,0.01,3,14158,买盘
14:21:34,47.19,-0.01,7,33033,卖盘
14:21:37,47.19,0.0,10,47198,买盘
14:21:43,47.18,-0.01,6,28308,卖盘
14:21:49,47.18,0.0,2,9436,卖盘
14:21:52,47.18,0.0,16,75513,卖盘
14:21:55,47.18,0.0,1,4718,卖盘
14:21:56,47.18,0.0,3,14154,卖盘
14:22:01,47.2,0.02,2,9438,买盘
14:22:03,47.18,-0.02,20,94360,卖盘
14:22:07,47.18,0.0,51,240640,卖盘
14:22:09,47.18,0.0,1,4718,卖盘
14:22:16,47.18,0.0,4,18874,卖盘
14:22:22,47.18,0.0,5,23594,卖盘
14:22:24,47.18,0.0,1,4718,卖盘
14:22:28,47.2,0.02,4,18880,买盘
14:22:34,47.2,0.0,6,28314,买盘
14:22:35,47.2,0.0,1,4720,卖盘
14:22:43,47.2,0.0,1,4720,卖盘
14:22:48,47.2,0.0,1,4720,卖盘
14:22:50,47.2,0.0,4,18886,卖盘
14:22:54,47.2,0.0,9,42482,卖盘
14:22:59,47.22,0.02,2,9444,卖盘
14:23:04,47.23,0.01,5,23613,买盘
14:23:07,47.19,-0.04,13,61374,卖盘
14:23:10,47.18,-0.01,11,51898,卖盘
14:23:13,47.19,0.01,4,18876,买盘
14:23:22,47.19,0.0,7,33031,买盘
14:23:25,47.18,-0.01,105,495392,卖盘
14:23:28,47.18,0.0,4,18872,卖盘
14:23:31,47.18,0.0,1,4718,卖盘
14:23:34,47.19,0.01,8,37750,买盘
14:23:37,47.19,0.0,3,14157,卖盘
14:23:42,47.18,-0.01,1,4718,卖盘
14:23:47,47.18,0.0,20,94360,卖盘
14:23:52,47.19,0.01,3,14157,买盘
14:23:54,47.18,-0.01,7,33026,卖盘
14:23:58,47.18,0.0,3,14154,卖盘
14:24:01,47.19,0.01,1,4719,买盘
14:24:04,47.18,-0.01,18,84940,卖盘
14:24:07,47.18,0.0,19,89642,卖盘
14:24:10,47.17,-0.01,32,153945,卖盘
14:24:13,47.16,-0.01,4,18864,卖盘
14:24:16,47.16,0.0,1,4716,卖盘
14:24:19,47.16,0.0,2,9432,卖盘
14:24:28,47.16,0.0,3,14148,卖盘
14:24:31,47.17,0.01,4,16132,买盘
14:24:33,47.17,0.0,4,21604,卖盘
14:24:35,47.18,0.01,10,47180,买盘
14:24:39,47.16,-0.02,1,4716,卖盘
14:24:46,47.17,0.01,1,4717,买盘
14:24:52,47.16,-0.01,2,9196,卖盘
14:24:54,47.16,0.0,2,9432,卖盘
14:24:58,47.16,0.0,7,33017,卖盘
14:25:01,47.17,0.01,1,4717,买盘
14:25:07,47.16,-0.01,27,127359,卖盘
14:25:10,47.17,0.01,1,4717,中性盘
14:25:18,47.16,-0.01,5,20845,卖盘
14:25:20,47.16,0.0,2,9432,卖盘
14:25:24,47.15,-0.01,1,7686,买盘
14:25:28,47.15,0.0,3,14145,卖盘
14:25:31,47.16,0.01,7,31691,买盘
14:25:33,47.16,0.0,1,4716,卖盘
14:25:35,47.16,0.0,2,10328,卖盘
14:25:43,47.15,-0.01,3,14147,卖盘
14:25:46,47.15,0.0,3,14994,卖盘
14:25:54,47.15,0.0,1,4715,卖盘
14:25:58,47.16,0.01,7,33012,买盘
14:26:01,47.16,0.0,3,14148,买盘
14:26:06,47.15,-0.01,19,89586,卖盘
14:26:09,47.15,0.0,37,174033,卖盘
14:26:13,47.15,0.0,1,4715,买盘
14:26:14,47.15,0.0,4,18860,买盘
14:26:24,47.14,-0.01,10,47148,卖盘
14:26:28,47.15,0.01,6,24420,买盘
14:26:31,47.14,-0.01,3,15557,卖盘
14:26:33,47.14,0.0,1,4714,卖盘
14:26:35,47.14,0.0,3,14142,卖盘
14:26:46,47.15,0.01,4,19284,买盘
14:26:47,47.15,0.0,2,9430,卖盘
14:26:50,47.17,0.02,5,23581,买盘
14:26:55,47.16,-0.01,8,37728,买盘
14:26:58,47.15,-0.01,2,9430,卖盘
14:27:07,47.15,0.0,30,141433,卖盘
14:27:13,47.13,-0.02,21,98996,卖盘
14:27:25,47.15,0.02,8,37720,买盘
14:27:28,47.15,0.0,1,4715,买盘
14:27:29,47.15,0.0,1,4715,买盘
14:27:34,47.15,0.0,17,80155,买盘
14:27:35,47.16,0.01,4,20841,买盘
14:27:43,47.16,0.0,3,14147,买盘
14:27:48,47.16,0.0,1,4716,买盘
14:27:55,47.18,0.02,8,37744,买盘
14:27:56,47.18,0.0,1,4718,买盘
14:28:04,47.15,-0.03,6,24471,卖盘
14:28:07,47.14,-0.01,24,113157,卖盘
14:28:13,47.14,0.0,18,86690,卖盘
14:28:17,47.14,0.0,6,28284,买盘
14:28:22,47.14,0.0,16,75424,买盘
14:28:24,47.13,-0.01,1,4713,卖盘
14:28:26,47.13,0.0,6,28283,卖盘
14:28:29,47.13,0.0,2,9426,卖盘
14:28:37,47.13,0.0,2,9426,卖盘
14:28:40,47.14,0.01,3,14140,买盘
14:28:43,47.18,0.04,9,40603,买盘
14:28:49,47.13,-0.05,2,9426,卖盘
14:28:50,47.13,0.0,9,42433,卖盘
14:28:54,47.16,0.03,10,47153,买盘
14:28:56,47.14,-0.02,4,18856,卖盘
14:29:01,47.16,0.02,11,51874,买盘
14:29:07,47.13,-0.03,32,150857,卖盘
14:29:13,47.14,0.01,1,4714,卖盘
14:29:14,47.13,-0.01,50,235650,卖盘
14:29:19,47.14,0.01,12,56583,中性盘
14:29:20,47.14,0.0,16,75440,中性盘
14:29:24,47.14,0.0,4,18862,卖盘
14:29:28,47.14,0.0,2,9428,卖盘
14:29:31,47.18,0.04,11,51873,买盘
14:29:34,47.22,0.04,7,33034,买盘
14:29:35,47.13,-0.09,3,14990,卖盘
14:29:41,47.14,0.01,2,9429,卖盘
14:29:46,47.16,0.02,1,4716,买盘
14:29:47,47.16,0.0,2,9432,买盘
14:29:52,47.2,0.04,1,4720,卖盘
14:30:01,47.2,0.0,5,23600,卖盘
14:30:10,47.2,0.0,27,127403,卖盘
14:30:13,47.16,-0.04,1,4716,买盘
14:30:16,47.14,-0.02,19,89582,卖盘
14:30:18,47.13,-0.01,10,47149,卖盘
14:30:28,47.15,0.02,12,56592,卖盘
14:30:43,47.16,0.01,2,9432,中性盘
14:30:46,47.16,0.0,8,37728,买盘
14:30:49,47.18,0.02,4,18869,买盘
14:30:54,47.15,-0.03,2,9243,卖盘
14:31:04,47.16,0.01,3,14148,买盘
14:31:05,47.16,0.0,13,62958,买盘
14:31:10,47.16,0.0,20,94309,卖盘
14:31:13,47.17,0.01,1,4717,买盘
14:31:16,47.14,-0.03,26,121123,卖盘
14:31:19,47.14,0.0,1,4714,买盘
14:31:22,47.14,0.0,18,87204,买盘
14:31:26,47.17,0.03,6,28297,中性盘
14:31:31,47.17,0.0,6,25897,卖盘
14:31:41,47.16,-0.01,11,51880,卖盘
14:31:46,47.18,0.02,12,57531,买盘
14:31:49,47.13,-0.05,4,18852,卖盘
14:31:55,47.13,0.0,1,4713,卖盘
14:31:58,47.13,0.0,2,9426,卖盘
14:31:59,47.15,0.02,5,23575,中性盘
14:32:04,47.17,0.02,10,47160,买盘
14:32:05,47.13,-0.04,4,19748,卖盘
14:32:10,47.19,0.06,23,108461,买盘
14:32:13,47.15,-0.04,8,37720,卖盘
14:32:14,47.19,0.04,7,33033,买盘
14:32:19,47.15,-0.04,8,37724,卖盘
14:32:22,47.14,-0.01,1,4714,卖盘
14:32:24,47.14,0.0,5,23573,卖盘
14:32:34,47.13,-0.01,2,9427,卖盘
14:32:37,47.14,0.01,1,4714,买盘
14:32:40,47.13,-0.01,2,9426,卖盘
14:32:46,47.15,0.02,8,37720,买盘
14:32:55,47.13,-0.02,5,23565,卖盘
14:33:01,47.13,0.0,7,32991,卖盘
14:33:09,47.14,0.01,27,127256,买盘
14:33:13,47.15,0.01,8,37720,买盘
14:33:19,47.14,-0.01,17,80138,卖盘
14:33:22,47.14,0.0,4,18856,买盘
14:33:25,47.13,-0.01,5,23565,卖盘
14:33:31,47.13,0.0,16,75409,卖盘
14:33:33,47.13,0.0,6,28283,卖盘
14:33:35,47.14,0.01,2,9428,买盘
14:33:39,47.14,0.0,14,65996,买盘
14:33:43,47.15,0.01,31,146136,买盘
14:33:46,47.2,0.05,10,47184,买盘
14:33:55,47.18,-0.02,1,4718,买盘
14:33:58,47.19,0.01,3,14155,买盘
14:33:59,47.17,-0.02,1,4717,中性盘
14:34:05,47.17,0.0,3,14151,买盘
14:34:10,47.17,0.0,22,103721,买盘
14:34:13,47.17,0.0,18,84877,买盘
14:34:19,47.13,-0.04,6,28285,卖盘
14:34:22,47.14,0.01,4,18858,卖盘
14:34:24,47.14,0.0,2,9428,卖盘
14:34:28,47.14,0.0,5,23570,卖盘
14:34:31,47.14,0.0,5,23574,卖盘
14:34:34,47.14,0.0,4,18856,卖盘
14:34:35,47.14,0.0,3,14142,卖盘
14:34:40,47.14,0.0,4,18856,买盘
14:34:43,47.14,0.0,3,14142,卖盘
14:34:49,47.14,0.0,12,56571,卖盘
14:35:01,47.15,0.01,10,47150,买盘
14:35:07,47.15,0.0,8,37720,买盘
14:35:09,47.15,0.0,49,231014,买盘
14:35:13,47.14,-0.01,5,23572,卖盘
14:35:16,47.14,0.0,1,4714,卖盘
14:35:19,47.14,0.0,8,37712,卖盘
14:35:22,47.14,0.0,13,61282,卖盘
14:35:25,47.14,0.0,3,14141,买盘
14:35:28,47.13,-0.01,5,23565,卖盘
14:35:29,47.14,0.01,16,75424,买盘
14:35:37,47.17,0.03,3,14151,买盘
14:35:43,47.17,0.0,4,18868,卖盘
14:36:05,47.17,0.0,4,18868,卖盘
14:36:09,47.15,-0.02,17,80190,卖盘
14:36:11,47.14,-0.01,3,14143,卖盘
14:36:17,47.17,0.03,2,9431,买盘
14:36:22,47.14,-0.03,33,155562,卖盘
14:36:24,47.15,0.01,2,9430,卖盘
14:36:31,47.17,0.02,1,4717,买盘
14:36:35,47.17,0.0,10,47160,买盘
14:36:49,47.15,-0.02,21,99042,卖盘
14:36:58,47.17,0.02,2,9431,买盘
14:37:07,47.15,-0.02,5,23575,买盘
14:37:09,47.17,0.02,8,37726,买盘
14:37:13,47.14,-0.03,8,37713,卖盘
14:37:18,47.15,0.01,4,18860,卖盘
14:37:22,47.17,0.02,9,42453,买盘
14:37:26,47.14,-0.03,8,37717,卖盘
14:37:37,47.17,0.03,15,70734,买盘
14:37:41,47.14,-0.03,5,23570,卖盘
14:37:46,47.15,0.01,5,23575,中性盘
14:37:49,47.15,0.0,4,18860,卖盘
14:37:52,47.17,0.02,11,51873,买盘
14:37:54,47.15,-0.02,31,146165,卖盘
14:37:58,47.14,-0.01,2,9428,卖盘
14:38:01,47.14,0.0,7,32998,卖盘
14:38:04,47.15,0.01,7,33002,买盘
14:38:05,47.14,-0.01,24,113150,卖盘
14:38:09,47.14,0.0,1,4714,卖盘
14:38:13,47.15,0.01,4,18860,买盘
14:38:14,47.14,-0.01,22,103714,卖盘
14:38:17,47.14,0.0,12,56578,卖盘
14:38:20,47.15,0.01,32,150879,买盘
14:38:25,47.15,0.0,2,9429,买盘
14:38:26,47.14,-0.01,13,61282,卖盘
14:38:29,47.14,0.0,20,94280,卖盘
14:38:33,47.15,0.01,8,37720,买盘
14:38:40,47.15,0.0,11,51855,中性盘
14:38:45,47.17,0.02,11,51873,买盘
14:38:49,47.15,-0.02,5,23575,中性盘
14:38:52,47.15,0.0,5,23575,卖盘
14:38:55,47.15,0.0,15,70720,卖盘
14:39:03,47.14,-0.01,8,37712,卖盘
14:39:07,47.15,0.01,10,47148,买盘
14:39:13,47.14,-0.01,9,42426,卖盘
14:39:16,47.14,0.0,13,61282,卖盘
14:39:19,47.14,0.0,9,42426,卖盘
14:39:22,47.14,0.0,4,18856,卖盘
14:39:25,47.15,0.01,3,14145,买盘
14:39:26,47.14,-0.01,8,37712,卖盘
14:39:31,47.14,0.0,2,9428,卖盘
14:39:33,47.14,0.0,21,99012,卖盘
14:39:35,47.13,-0.01,9,42423,卖盘
14:39:43,47.13,0.0,15,70696,卖盘
14:39:46,47.12,-0.01,192,904841,卖盘
14:39:52,47.13,0.01,90,424081,买盘
14:39:55,47.12,-0.01,85,401745,卖盘
14:39:56,47.12,0.0,3,14135,买盘
14:40:01,47.12,0.0,13,61257,卖盘
14:40:04,47.12,0.0,3,14136,卖盘
14:40:09,47.13,0.01,10,47130,买盘
14:40:13,47.13,0.0,18,84818,买盘
14:40:19,47.12,-0.01,25,117823,卖盘
14:40:22,47.13,0.01,3,12913,买盘
14:40:25,47.13,0.0,1,4713,卖盘
14:40:28,47.14,0.01,12,56564,买盘
14:40:31,47.14,0.0,4,18856,买盘
14:40:40,47.14,0.0,1,4714,买盘
14:40:43,47.14,0.0,3,14142,买盘
14:40:46,47.15,0.01,5,23572,买盘
14:40:49,47.15,0.0,6,28281,买盘
14:40:52,47.14,-0.01,1,4714,买盘
14:40:55,47.17,0.03,4,18868,买盘
14:40:56,47.13,-0.04,45,213324,卖盘
14:40:59,47.13,0.0,4,18852,买盘
14:41:03,47.13,0.0,1,4713,买盘
14:41:05,47.13,0.0,6,28277,买盘
14:41:11,47.13,0.0,1,4713,买盘
14:41:19,47.12,-0.01,9,42411,卖盘
14:41:22,47.13,0.01,8,37704,买盘
14:41:26,47.13,0.0,10,47126,买盘
14:41:31,47.13,0.0,20,94260,买盘
14:41:33,47.13,0.0,7,31765,买盘
14:41:40,47.15,0.02,2,9430,买盘
14:41:41,47.15,0.0,4,18860,卖盘
14:41:52,47.2,0.05,8,37760,买盘
14:41:58,47.15,-0.05,6,28294,卖盘
14:41:59,47.15,0.0,10,47150,买盘
14:42:03,47.15,0.0,2,9430,买盘
14:42:07,47.15,0.0,12,56570,买盘
14:42:09,47.15,0.0,2,9430,买盘
14:42:11,47.15,0.0,5,23567,买盘
14:42:16,47.13,-0.02,1,4713,卖盘
14:42:20,47.15,0.02,7,33005,买盘
14:42:25,47.13,-0.02,1,4713,卖盘
14:42:28,47.15,0.02,1,4715,买盘
14:42:33,47.14,-0.01,4,18856,卖盘
14:42:35,47.15,0.01,35,165025,买盘
14:42:43,47.15,0.0,3,14145,买盘
14:42:46,47.15,0.0,7,33005,买盘
14:42:49,47.14,-0.01,4,18858,卖盘
14:42:52,47.15,0.01,2,9430,买盘
14:42:54,47.14,-0.01,5,23570,卖盘
14:42:58,47.14,0.0,5,23572,中性盘
14:43:01,47.14,0.0,1,4714,买盘
14:43:04,47.14,0.0,2,9428,买盘
14:43:09,47.14,0.0,5,23570,买盘
14:43:13,47.14,0.0,13,61282,买盘
14:43:14,47.14,0.0,8,37709,买盘
14:43:19,47.13,-0.01,1,4713,卖盘
14:43:22,47.13,0.0,16,75416,卖盘
14:43:24,47.14,0.01,19,89565,买盘
14:43:29,47.14,0.0,1,4714,买盘
14:43:34,47.14,0.0,3,14140,买盘
14:43:40,47.13,-0.01,1,4713,卖盘
14:43:41,47.14,0.01,22,103703,买盘
14:43:46,47.14,0.0,9,42426,买盘
14:43:49,47.14,0.0,68,320548,买盘
14:43:55,47.14,0.0,2,9428,买盘
14:43:59,47.13,-0.01,97,457161,卖盘
14:44:04,47.14,0.01,17,80138,买盘
14:44:07,47.13,-0.01,2,9427,卖盘
14:44:10,47.14,0.01,8,37712,买盘
14:44:13,47.13,-0.01,2,9426,卖盘
14:44:16,47.13,0.0,7,32993,卖盘
14:44:19,47.13,0.0,8,37704,卖盘
14:44:27,47.14,0.01,2,9428,买盘
14:44:29,47.13,-0.01,7,32994,卖盘
14:44:33,47.15,0.02,27,127282,买盘
14:44:37,47.15,0.0,4,18860,买盘
14:44:40,47.15,0.0,13,61280,买盘
14:44:49,47.15,0.0,3,14145,买盘
14:44:52,47.15,0.0,2,9430,买盘
14:44:55,47.15,0.0,10,47150,买盘
14:45:01,47.13,-0.02,104,491387,卖盘
14:45:04,47.14,0.01,3,14142,卖盘
14:45:10,47.14,0.0,8,37712,买盘
14:45:13,47.13,-0.01,2,9426,卖盘
14:45:17,47.14,0.01,7,32998,买盘
14:45:28,47.13,-0.01,5,23566,卖盘
14:45:31,47.13,0.0,6,28282,卖盘
14:45:34,47.14,0.01,2,9428,卖盘
14:45:36,47.15,0.01,7,33005,买盘
14:45:40,47.19,0.04,6,28306,买盘
14:45:43,47.14,-0.05,7,30692,卖盘
14:45:46,47.15,0.01,10,47152,中性盘
14:45:52,47.15,0.0,6,28290,卖盘
14:45:59,47.15,0.0,44,207460,卖盘
14:46:04,47.15,0.0,8,37720,买盘
14:46:07,47.15,0.0,8,37713,买盘
14:46:13,47.15,0.0,11,51865,买盘
14:46:16,47.14,-0.01,5,23570,卖盘
14:46:19,47.14,0.0,4,18856,卖盘
14:46:20,47.14,0.0,9,42426,卖盘
14:46:25,47.15,0.01,3,14144,买盘
14:46:34,47.15,0.0,10,47150,买盘
14:46:35,47.17,0.02,28,132034,买盘
14:46:40,47.17,0.0,10,47161,买盘
14:46:46,47.19,0.02,1,4719,买盘
14:46:52,47.16,-0.03,1,4716,卖盘
14:46:58,47.15,-0.01,86,405506,卖盘
14:47:01,47.17,0.02,7,33019,买盘
14:47:09,47.16,-0.01,1,4716,买盘
14:47:13,47.17,0.01,110,518761,买盘
14:47:16,47.19,0.02,17,80200,买盘
14:47:17,47.19,0.0,3,14299,卖盘
14:47:22,47.16,-0.03,22,103763,卖盘
14:47:25,47.19,0.03,1,4719,卖盘
14:47:28,47.19,0.0,10,47190,买盘
14:47:35,47.18,-0.01,3,14155,卖盘
14:47:47,47.19,0.01,2,9438,买盘
14:47:52,47.18,-0.01,1,4718,卖盘
14:47:55,47.19,0.01,9,42471,买盘
14:47:58,47.19,0.0,3,14157,买盘
14:48:04,47.18,-0.01,1,4718,卖盘
14:48:07,47.18,0.0,1,4718,卖盘
14:48:25,47.19,0.01,10,47190,买盘
14:48:27,47.18,-0.01,1,4718,卖盘
14:48:34,47.19,0.01,9,42469,买盘
14:48:37,47.19,0.0,2,9438,买盘
14:48:43,47.2,0.01,1,4720,买盘
14:48:47,47.2,0.0,1,4720,买盘
14:48:51,47.19,-0.01,9,42479,卖盘
14:48:54,47.2,0.01,1,4720,买盘
14:48:58,47.19,-0.01,3,14157,卖盘
14:49:04,47.19,0.0,11,51916,卖盘
14:49:07,47.19,0.0,1,4719,卖盘
14:49:15,47.2,0.01,1,4720,买盘
14:49:19,47.2,0.0,2,9440,买盘
14:49:21,47.2,0.0,8,37760,买盘
14:49:25,47.2,0.0,11,51920,买盘
14:49:29,47.19,-0.01,3,14158,卖盘
14:49:34,47.19,0.0,9,42471,卖盘
14:49:40,47.19,0.0,2,9438,卖盘
14:49:43,47.2,0.01,2,9440,买盘
14:49:46,47.2,0.0,10,47200,买盘
14:49:51,47.21,0.01,7,33047,买盘
14:50:04,47.21,0.0,1,4721,买盘
14:50:07,47.21,0.0,2,9442,买盘
14:50:10,47.21,0.0,1,4721,买盘
14:50:12,47.21,0.0,22,103860,买盘
14:50:16,47.21,0.0,8,37768,买盘
14:50:19,47.2,-0.01,3,14160,卖盘
14:50:22,47.21,0.01,3,14163,买盘
14:50:25,47.2,-0.01,1,4720,卖盘
14:50:28,47.21,0.01,15,70805,买盘
14:50:29,47.2,-0.01,2,9441,卖盘
14:50:43,47.21,0.01,7,33047,买盘
14:50:45,47.19,-0.02,14,66078,卖盘
14:50:49,47.2,0.01,2,9440,中性盘
14:50:52,47.21,0.01,10,47210,买盘
14:51:01,47.21,0.0,21,99141,买盘
14:51:07,47.21,0.0,1,4721,卖盘
14:51:09,47.22,0.01,8,37776,买盘
14:51:16,47.21,-0.01,8,37768,卖盘
14:51:31,47.22,0.01,2,9444,买盘
14:51:33,47.22,0.0,2,9443,买盘
14:51:36,47.22,0.0,7,33054,买盘
14:51:43,47.21,-0.01,14,66095,卖盘
14:51:49,47.24,0.03,19,91481,买盘
14:51:54,47.24,0.0,4,18896,卖盘
14:51:58,47.25,0.01,7,33074,买盘
14:52:01,47.25,0.0,1,4725,买盘
14:52:04,47.24,-0.01,6,28345,卖盘
14:52:07,47.24,0.0,15,70862,卖盘
14:52:10,47.24,0.0,4,17148,卖盘
14:52:12,47.22,-0.02,13,61386,卖盘
14:52:16,47.21,-0.01,27,127470,卖盘
14:52:19,47.21,0.0,8,37769,卖盘
14:52:22,47.2,-0.01,26,122730,卖盘
14:52:25,47.22,0.02,20,94432,买盘
14:52:28,47.22,0.0,1,4722,卖盘
14:52:31,47.2,-0.02,6,28322,卖盘
14:52:34,47.22,0.02,7,33046,买盘
14:52:36,47.2,-0.02,4,18880,卖盘
14:52:43,47.2,0.0,26,122720,卖盘
14:52:46,47.21,0.01,7,33043,买盘
14:52:48,47.2,-0.01,10,47200,卖盘
14:52:52,47.2,0.0,11,51927,卖盘
14:52:57,47.19,-0.01,35,165187,卖盘
14:52:59,47.18,-0.01,5,23592,卖盘
14:53:04,47.17,-0.01,81,382139,卖盘
14:53:07,47.17,0.0,42,198114,卖盘
14:53:10,47.19,0.02,6,28314,中性盘
14:53:13,47.2,0.01,27,127436,买盘
14:53:22,47.21,0.01,2,9442,卖盘
14:53:25,47.17,-0.04,116,546570,卖盘
14:53:28,47.17,0.0,9,42453,卖盘
14:53:31,47.16,-0.01,23,108494,买盘
14:53:34,47.17,0.01,11,51905,中性盘
14:53:37,47.17,0.0,12,56604,卖盘
14:53:40,47.18,0.01,4,18870,买盘
14:53:43,47.17,-0.01,11,51896,卖盘
14:53:45,47.17,0.0,4,18868,卖盘
14:53:52,47.17,0.0,42,198115,卖盘
14:53:55,47.19,0.02,14,66065,买盘
14:53:58,47.19,0.0,1,4719,卖盘
14:54:00,47.18,-0.01,3,14155,卖盘
14:54:04,47.19,0.01,3,14159,中性盘
14:54:07,47.2,0.01,2,9440,买盘
14:54:09,47.2,0.0,61,287920,买盘
14:54:13,47.2,0.0,3,14160,卖盘
14:54:15,47.18,-0.02,78,367975,卖盘
14:54:18,47.2,0.02,1,4720,卖盘
14:54:21,47.18,-0.02,3,13540,卖盘
14:54:25,47.2,0.02,3,14166,卖盘
14:54:31,47.2,0.0,1,4720,卖盘
14:54:34,47.21,0.01,2,9442,卖盘
14:54:36,47.22,0.01,1,4722,买盘
14:54:39,47.22,0.0,8,37776,买盘
14:54:43,47.18,-0.04,20,94379,卖盘
14:54:46,47.2,0.02,12,56628,买盘
14:54:49,47.2,0.0,4,18880,买盘
14:54:55,47.2,0.0,20,94391,买盘
14:55:00,47.19,-0.01,3,14159,卖盘
14:55:04,47.2,0.01,59,278443,买盘
14:55:07,47.21,0.01,10,47201,买盘
14:55:10,47.21,0.0,2,9442,买盘
14:55:13,47.2,-0.01,16,75520,卖盘
14:55:16,47.2,0.0,1,4720,买盘
14:55:18,47.19,-0.01,2,9438,卖盘
14:55:22,47.2,0.01,12,56640,买盘
14:55:25,47.19,-0.01,10,47193,卖盘
14:55:28,47.19,0.0,7,33033,卖盘
14:55:31,47.19,0.0,3,14157,买盘
14:55:34,47.18,-0.01,2,9436,卖盘
14:55:36,47.2,0.02,11,51919,买盘
14:55:40,47.19,-0.01,9,42988,卖盘
14:55:42,47.18,-0.01,3,14157,买盘
14:55:46,47.19,0.01,12,59042,卖盘
14:55:48,47.2,0.01,2,9440,买盘
14:55:52,47.2,0.0,3,14159,买盘
14:55:54,47.2,0.0,12,56630,买盘
14:55:57,47.19,-0.01,16,75498,卖盘
14:56:01,47.2,0.01,4,18880,买盘
14:56:04,47.19,-0.01,14,63666,卖盘
14:56:07,47.19,0.0,18,87358,卖盘
14:56:10,47.18,-0.01,12,56628,卖盘
14:56:13,47.21,0.03,8,37768,买盘
14:56:15,47.18,-0.03,15,70776,卖盘
14:56:22,47.18,0.0,1,4718,卖盘
14:56:25,47.2,0.02,28,132134,买盘
14:56:28,47.18,-0.02,1,4718,卖盘
14:56:31,47.2,0.02,19,89647,买盘
14:56:34,47.19,-0.01,2,9438,中性盘
14:56:40,47.19,0.0,6,28314,中性盘
14:56:43,47.19,0.0,1,4719,买盘
14:56:46,47.18,-0.01,13,61336,卖盘
14:56:51,47.2,0.02,7,33035,买盘
14:56:58,47.19,-0.01,3,14157,卖盘
14:57:02,47.19,0.0,3,14156,买盘
15:00:02,47.19,0.0,467,2204056,卖盘
