time,price,change,volume,amount,type
09:25:03,47.13,0.0,139,655107,卖盘
09:30:02,47.15,0.02,76,358366,买盘
09:30:04,47.16,0.01,6,28300,中性盘
09:30:08,47.16,0.0,91,429145,卖盘
09:30:12,47.16,0.0,17,80156,中性盘
09:30:14,47.23,0.07,1,4723,卖盘
09:30:17,47.15,-0.08,59,278201,卖盘
09:30:19,47.15,0.0,52,245129,买盘
09:30:23,47.15,0.0,2,9429,买盘
09:30:27,47.14,-0.01,21,98989,卖盘
09:30:28,47.14,0.0,116,546664,买盘
09:30:32,47.12,-0.02,60,282720,卖盘
09:30:35,47.06,-0.06,4,18830,卖盘
09:30:38,47.05,-0.01,8,37643,卖盘
09:30:40,47.02,-0.03,2,9404,卖盘
09:30:44,47.02,0.0,7,32923,卖盘
09:30:47,46.95,-0.07,16,75160,卖盘
09:30:50,46.97,0.02,3,14091,买盘
09:30:53,46.9,-0.07,2,9387,卖盘
09:30:59,46.88,-0.02,5,23440,卖盘
09:31:03,46.87,-0.01,3,14057,中性盘
09:31:05,46.85,-0.02,10,46850,卖盘
09:31:08,46.78,-0.07,36,168485,卖盘
09:31:12,46.77,-0.01,2,9352,中性盘
09:31:14,46.75,-0.02,18,84150,卖盘
09:31:17,46.75,0.0,5,23375,买盘
09:31:20,46.72,-0.03,9,42057,卖盘
09:31:23,46.72,0.0,9,42057,卖盘
09:31:27,46.72,0.0,10,46721,中性盘
09:31:29,46.71,-0.01,100,467212,卖盘
09:31:33,46.72,0.01,33,154192,卖盘
09:31:36,46.77,0.05,4,18708,买盘
09:31:38,46.75,-0.02,29,135582,卖盘
09:31:41,46.85,0.1,53,247919,买盘
09:31:43,46.85,0.0,24,112440,买盘
09:31:47,46.8,-0.05,18,84361,卖盘
09:31:50,46.85,0.05,6,28126,中性盘
09:31:53,47.02,0.17,50,235066,买盘
09:31:59,46.89,-0.13,27,126883,卖盘
09:32:03,46.98,0.09,2,9397,中性盘
09:32:06,46.98,0.0,10,46980,买盘
09:32:08,46.89,-0.09,14,65701,卖盘
09:32:10,46.89,0.0,18,84399,买盘
09:32:13,46.98,0.09,2,9396,买盘
09:32:17,46.87,-0.11,54,253065,卖盘
09:32:20,46.97,0.1,1,4697,中性盘
09:32:27,46.87,-0.1,8,37498,卖盘
09:32:29,46.88,0.01,3,14071,卖盘
09:32:32,46.95,0.07,1,4695,中性盘
09:32:35,46.97,0.02,5,23483,买盘
09:32:38,46.89,-0.08,31,145359,卖盘
09:32:40,46.89,0.0,83,389186,买盘
09:32:44,46.89,0.0,24,112536,买盘
09:32:47,46.97,0.08,2,9394,买盘
09:32:49,46.97,0.0,1,4697,买盘
09:32:53,46.95,-0.02,10,46968,卖盘
09:32:57,46.97,0.02,12,56352,买盘
09:33:03,46.9,-0.07,4,18764,卖盘
09:33:05,46.9,0.0,27,126618,买盘
09:33:09,46.88,-0.02,25,117218,卖盘
09:33:10,46.88,0.0,18,84384,卖盘
09:33:13,46.85,-0.03,13,60929,卖盘
09:33:17,46.81,-0.04,52,243591,卖盘
09:33:22,46.85,0.04,12,56220,买盘
09:33:27,46.87,0.02,3,14061,买盘
09:33:29,46.88,0.01,8,37504,买盘
09:33:33,46.87,-0.01,11,51529,中性盘
09:33:35,46.86,-0.01,6,28116,中性盘
09:33:38,46.89,0.03,143,669989,买盘
09:33:42,46.83,-0.06,20,93741,卖盘
09:33:50,46.9,0.07,2,9380,买盘
09:33:53,46.86,-0.04,6,28116,卖盘
09:33:57,46.86,0.0,3,14058,买盘
09:33:59,46.86,0.0,1,4686,卖盘
09:34:03,46.85,-0.01,211,987995,中性盘
09:34:05,46.84,-0.01,26,121784,卖盘
09:34:08,46.81,-0.03,23,107702,卖盘
09:34:10,46.81,0.0,11,51493,卖盘
09:34:14,46.81,0.0,3,14045,卖盘
09:34:17,46.82,0.01,13,60854,买盘
09:34:20,46.82,0.0,14,65541,买盘
09:34:23,46.82,0.0,13,60865,买盘
09:34:25,46.82,0.0,8,37453,买盘
09:34:29,46.82,0.0,24,112362,买盘
09:34:33,46.82,0.0,51,238735,中性盘
09:34:35,46.81,-0.01,8,37453,卖盘
09:34:38,46.8,-0.01,84,393197,卖盘
09:34:42,46.8,0.0,3,14042,卖盘
09:34:44,46.8,0.0,9,42120,卖盘
09:34:47,46.8,0.0,1,4680,卖盘
09:34:50,46.81,0.01,64,299532,买盘
09:34:53,46.8,-0.01,7,32760,卖盘
09:34:59,46.8,0.0,17,79567,卖盘
09:35:03,46.8,0.0,2,9361,卖盘
09:35:05,46.8,0.0,1,4680,卖盘
09:35:09,46.85,0.05,401,1878688,买盘
09:35:12,46.85,0.0,68,318891,卖盘
09:35:14,46.9,0.05,39,182730,买盘
09:35:18,46.89,-0.01,1,4689,中性盘
09:35:20,46.9,0.01,55,261514,买盘
09:35:23,46.95,0.05,1,4695,买盘
09:35:25,46.9,-0.05,4,18762,卖盘
09:35:28,46.95,0.05,3,14085,买盘
09:35:32,46.97,0.02,2,9394,买盘
09:35:38,46.95,-0.02,6,28174,卖盘
09:35:42,46.91,-0.04,25,117283,卖盘
09:35:44,46.95,0.04,28,131368,买盘
09:35:48,46.99,0.04,46,216001,买盘
09:35:50,47.01,0.02,6,28202,买盘
09:35:53,47.2,0.19,14,65974,买盘
09:35:59,47.19,-0.01,1,4719,买盘
09:36:03,47.19,0.0,1,4719,买盘
09:36:07,47.04,-0.15,1,4704,卖盘
09:36:12,47.03,-0.01,12,56436,卖盘
09:36:18,47.03,0.0,26,122278,买盘
09:36:20,47.03,0.0,1,4703,卖盘
09:36:23,47.04,0.01,5,23516,中性盘
09:36:27,46.99,-0.05,2,9398,卖盘
09:36:29,47.15,0.16,12,56446,买盘
09:36:36,47.14,-0.01,11,51697,买盘
09:36:39,46.99,-0.15,3,14107,卖盘
09:36:40,46.94,-0.05,23,107984,卖盘
09:36:44,46.99,0.05,23,107996,买盘
09:36:47,46.95,-0.04,20,93915,卖盘
09:36:50,47.04,0.09,4,18805,买盘
09:36:53,46.95,-0.09,4,18788,卖盘
09:36:57,46.95,0.0,7,32865,卖盘
09:36:59,47.04,0.09,3,14105,买盘
09:37:03,47.03,-0.01,2,9406,中性盘
09:37:05,47.03,0.0,1,4703,买盘
09:37:09,47.04,0.01,5,23520,买盘
09:37:12,47.03,-0.01,43,202270,卖盘
09:37:20,47.04,0.01,5,23520,卖盘
09:37:29,47.14,0.1,5,23556,买盘
09:37:33,47.07,-0.07,8,37705,卖盘
09:37:35,47.15,0.08,3,14145,买盘
09:37:39,47.14,-0.01,1,4714,买盘
09:37:42,47.05,-0.09,43,202342,卖盘
09:37:47,47.14,0.09,2,9428,买盘
09:37:53,47.05,-0.09,5,23545,卖盘
09:37:55,47.15,0.1,3,14143,中性盘
09:37:59,47.16,0.01,3,14148,买盘
09:38:05,47.15,-0.01,12,56549,买盘
09:38:09,47.1,-0.05,2,9417,中性盘
09:38:12,47.05,-0.05,33,155294,卖盘
09:38:14,47.05,0.0,14,65865,买盘
09:38:17,47.14,0.09,8,37667,中性盘
09:38:23,47.14,0.0,7,32998,买盘
09:38:29,47.1,-0.04,1,4710,买盘
09:38:33,47.14,0.04,5,23558,买盘
09:38:35,47.09,-0.05,3,14127,买盘
09:38:39,47.05,-0.04,10,47055,卖盘
09:38:40,47.05,0.0,7,32943,卖盘
09:38:44,47.05,0.0,8,37640,买盘
09:38:47,47.04,-0.01,8,37637,卖盘
09:38:50,47.04,0.0,5,23520,买盘
09:38:53,47.04,0.0,10,47039,买盘
09:38:56,47.04,0.0,125,589155,买盘
09:39:05,47.07,0.03,2,9414,买盘
09:39:12,47.07,0.0,3,14121,买盘
09:39:14,47.02,-0.05,49,230497,卖盘
09:39:23,47.13,0.11,2,9426,买盘
09:39:27,47.07,-0.06,1,4707,卖盘
09:39:29,47.13,0.06,2,9426,买盘
09:39:32,47.07,-0.06,1,4707,卖盘
09:39:42,47.13,0.06,3,14139,买盘
09:39:44,47.08,-0.05,3,14124,卖盘
09:39:48,47.08,0.0,2,9416,买盘
09:39:53,47.01,-0.07,34,159899,卖盘
09:39:56,47.08,0.07,3,14124,买盘
09:40:02,47.08,0.0,18,84744,卖盘
09:40:05,47.08,0.0,4,18844,卖盘
09:40:12,47.08,0.0,5,23547,卖盘
09:40:14,47.06,-0.02,30,141238,卖盘
09:40:17,47.06,0.0,5,23530,买盘
09:40:20,47.06,0.0,10,47060,买盘
09:40:23,47.06,0.0,11,51721,买盘
09:40:26,47.06,0.0,1,4706,买盘
09:40:29,47.06,0.0,1,4706,买盘
09:40:33,47.06,0.0,9,42354,卖盘
09:40:42,47.06,0.0,5,23530,卖盘
09:40:44,47.06,0.0,21,98826,卖盘
09:40:48,47.06,0.0,8,37633,买盘
09:40:53,47.02,-0.04,12,56444,卖盘
09:40:57,47.03,0.01,3,14109,买盘
09:40:59,47.03,0.0,6,28227,卖盘
09:41:05,47.02,-0.01,3,14108,卖盘
09:41:12,47.03,0.01,10,47018,买盘
09:41:14,47.01,-0.02,27,126927,卖盘
09:41:18,47.0,-0.01,22,103402,卖盘
09:41:20,47.01,0.01,21,98708,买盘
09:41:23,47.0,-0.01,24,112803,卖盘
09:41:27,47.0,0.0,16,75200,卖盘
09:41:29,47.0,0.0,8,37603,卖盘
09:41:33,47.0,0.0,8,37600,卖盘
09:41:35,47.0,0.0,4,18802,卖盘
09:41:38,47.01,0.01,2,9402,买盘
09:41:42,47.01,0.0,8,37604,买盘
09:41:44,47.01,0.0,46,216205,买盘
09:41:47,47.03,0.02,1,4703,买盘
09:41:50,47.06,0.03,21,98792,买盘
09:41:53,47.05,-0.01,93,437566,卖盘
09:41:59,47.11,0.06,3,14134,买盘
09:42:03,47.05,-0.06,4,18822,卖盘
09:42:05,47.06,0.01,9,42379,中性盘
09:42:11,47.06,0.0,12,56512,卖盘
09:42:14,47.06,0.0,40,188240,卖盘
09:42:18,47.11,0.05,3,14132,买盘
09:42:23,47.11,0.0,6,28250,买盘
09:42:29,47.11,0.0,31,145913,买盘
09:42:32,47.1,-0.01,4,18834,中性盘
09:42:35,47.11,0.01,3,14132,买盘
09:42:39,47.11,0.0,3,14133,买盘
09:42:42,47.17,0.06,30,141410,买盘
09:42:44,47.15,-0.02,59,278185,卖盘
09:42:48,47.15,0.0,3,14145,卖盘
09:42:50,47.11,-0.04,2,9422,卖盘
09:42:53,47.15,0.04,12,56564,买盘
09:43:03,47.15,0.0,5,23559,中性盘
09:43:05,47.11,-0.04,2,9422,买盘
09:43:09,47.15,0.04,11,51840,买盘
09:43:12,47.13,-0.02,12,56595,卖盘
09:43:14,47.08,-0.05,40,188333,卖盘
09:43:23,47.13,0.05,10,47116,买盘
09:43:33,47.13,0.0,31,145991,买盘
09:43:35,47.13,0.0,7,32966,买盘
09:43:38,47.07,-0.06,14,65903,卖盘
09:43:44,47.09,0.02,26,122360,买盘
09:43:47,47.09,0.0,3,14127,买盘
09:43:53,47.07,-0.02,22,103568,卖盘
09:43:57,47.07,0.0,7,32950,卖盘
09:43:59,47.13,0.06,6,28264,买盘
09:44:03,47.2,0.07,45,212305,买盘
09:44:05,47.25,0.05,21,99215,买盘
09:44:09,47.2,-0.05,36,169920,卖盘
09:44:11,47.2,0.0,3,14160,卖盘
09:44:14,47.2,0.0,5,23600,卖盘
09:44:23,47.21,0.01,50,235986,中性盘
09:44:26,47.21,0.0,4,18891,卖盘
09:44:29,47.24,0.03,2,9448,买盘
09:44:33,47.21,-0.03,1,4721,卖盘
09:44:35,47.24,0.03,17,80298,买盘
09:44:38,47.24,0.0,3,14173,卖盘
09:44:41,47.24,0.0,4,18896,卖盘
09:44:44,47.25,0.01,27,127548,买盘
09:44:50,47.21,-0.04,23,108644,卖盘
09:44:53,47.25,0.04,14,66129,买盘
09:44:57,47.24,-0.01,4,18896,卖盘
09:44:59,47.24,0.0,27,127576,卖盘
09:45:03,47.25,0.01,149,703880,中性盘
09:45:08,47.24,-0.01,2,9446,买盘
09:45:11,47.21,-0.03,23,108600,卖盘
09:45:14,47.25,0.04,1,4725,中性盘
09:45:17,47.21,-0.04,13,61405,卖盘
09:45:21,47.22,0.01,34,160622,买盘
09:45:23,47.22,0.0,10,47220,卖盘
09:45:26,47.22,0.0,1,4722,中性盘
09:45:30,47.18,-0.04,19,89676,卖盘
09:45:33,47.16,-0.02,8,37756,卖盘
09:45:35,47.16,0.0,1,4716,卖盘
09:45:39,47.16,0.0,1,4716,卖盘
09:45:41,47.16,0.0,9,42444,卖盘
09:45:44,47.2,0.04,17,80240,中性盘
09:45:47,47.2,0.0,4,18881,卖盘
09:45:54,47.15,-0.05,4,18860,买盘
09:45:57,47.12,-0.03,12,56554,卖盘
09:46:00,47.15,0.03,2,9430,买盘
09:46:06,47.14,-0.01,7,32993,买盘
09:46:08,47.14,0.0,1,4714,买盘
09:46:12,47.12,-0.02,12,56569,卖盘
09:46:14,47.12,0.0,8,37696,买盘
09:46:17,47.15,0.03,1,4715,卖盘
09:46:21,47.12,-0.03,23,108439,卖盘
09:46:24,47.12,0.0,4,18848,买盘
09:46:26,47.12,0.0,4,18848,买盘
09:46:30,47.2,0.08,8,37740,买盘
09:46:32,47.12,-0.08,4,18848,卖盘
09:46:36,47.11,-0.01,9,42403,卖盘
09:46:39,47.14,0.03,2,9427,买盘
09:46:42,47.11,-0.03,11,51850,卖盘
09:46:45,47.2,0.09,6,28284,买盘
09:46:50,47.11,-0.09,8,37688,卖盘
09:46:53,47.11,0.0,5,23563,卖盘
09:47:03,47.11,0.0,5,23555,卖盘
09:47:06,47.18,0.07,10,47179,买盘
09:47:11,47.18,0.0,3,14153,买盘
09:47:15,47.19,0.01,14,66032,买盘
09:47:17,47.18,-0.01,1,4718,中性盘
09:47:20,47.12,-0.06,12,56534,买盘
09:47:23,47.11,-0.01,18,84803,卖盘
09:47:27,47.18,0.07,1,4718,买盘
09:47:33,47.18,0.0,12,56616,买盘
09:47:36,47.15,-0.03,14,66049,卖盘
09:47:39,47.17,0.02,1,4717,买盘
09:47:44,47.18,0.01,7,33015,买盘
09:47:48,47.17,-0.01,1,4717,卖盘
09:47:50,47.12,-0.05,10,47123,卖盘
09:47:54,47.17,0.05,4,18868,中性盘
09:47:59,47.12,-0.05,1,4712,卖盘
09:48:02,47.12,0.0,3,14140,中性盘
09:48:06,47.17,0.05,6,28290,买盘
09:48:12,47.17,0.0,5,23585,买盘
09:48:15,47.17,0.0,6,28302,卖盘
09:48:23,47.13,-0.04,4,18853,卖盘
09:48:26,47.17,0.04,17,80157,买盘
09:48:33,47.15,-0.02,5,23575,卖盘
09:48:39,47.17,0.02,1,4717,买盘
09:48:45,47.13,-0.04,4,18852,卖盘
09:48:54,47.13,0.0,11,51844,卖盘
09:48:57,47.13,0.0,2,9426,买盘
09:49:03,47.13,0.0,17,80117,买盘
09:49:06,47.13,0.0,1,4713,卖盘
09:49:15,47.13,0.0,14,66014,卖盘
09:49:23,47.13,0.0,14,66009,卖盘
09:49:27,47.16,0.03,4,18864,买盘
09:49:30,47.16,0.0,6,28296,卖盘
09:49:32,47.16,0.0,15,70741,卖盘
09:49:36,47.17,0.01,2,9434,买盘
09:49:45,47.17,0.0,4,18868,卖盘
09:49:47,47.17,0.0,7,33024,卖盘
09:49:50,47.18,0.01,14,66051,买盘
09:49:54,47.17,-0.01,11,51887,卖盘
09:49:56,47.19,0.02,32,151006,买盘
09:50:02,47.18,-0.01,28,132107,卖盘
09:50:05,47.2,0.02,81,382281,买盘
09:50:09,47.18,-0.02,25,117978,卖盘
09:50:11,47.18,0.0,154,726840,卖盘
09:50:14,47.21,0.03,36,169721,买盘
09:50:17,47.21,0.0,47,221851,买盘
09:50:20,47.23,0.02,1,4723,买盘
09:50:23,47.24,0.01,19,89706,买盘
09:50:27,47.23,-0.01,3,14169,中性盘
09:50:29,47.21,-0.02,4,18884,卖盘
09:50:33,47.21,0.0,4,18884,卖盘
09:50:39,47.2,-0.01,243,1146963,卖盘
09:50:41,47.22,0.02,2,9446,中性盘
09:50:44,47.17,-0.05,47,221734,卖盘
09:50:47,47.25,0.08,1,4725,买盘
09:50:51,47.25,0.0,7,33063,买盘
09:50:54,47.17,-0.08,4,18876,卖盘
09:50:56,47.17,0.0,4,18884,卖盘
09:51:02,47.17,0.0,11,51890,卖盘
09:51:06,47.17,0.0,2,9434,买盘
09:51:09,47.17,0.0,1,4717,买盘
09:51:11,47.2,0.03,4,18868,买盘
09:51:15,47.2,0.0,6,28308,买盘
09:51:17,47.16,-0.04,4,18866,卖盘
09:51:20,47.17,0.01,1,4717,中性盘
09:51:24,47.2,0.03,13,61352,买盘
09:51:33,47.18,-0.02,4,18873,卖盘
09:51:36,47.2,0.02,5,23600,买盘
09:51:38,47.25,0.05,14,66132,买盘
09:51:41,47.18,-0.07,3,14154,卖盘
09:51:45,47.14,-0.04,19,89619,卖盘
09:51:47,47.2,0.06,2,9438,买盘
09:51:50,47.2,0.0,1,4720,买盘
09:51:54,47.18,-0.02,11,51899,卖盘
09:51:57,47.17,-0.01,9,42462,卖盘
09:52:02,47.16,-0.01,13,61335,卖盘
09:52:06,47.16,0.0,1,4716,买盘
09:52:09,47.16,0.0,1,4716,买盘
09:52:12,47.17,0.01,5,23585,卖盘
09:52:14,47.15,-0.02,13,61303,卖盘
09:52:17,47.19,0.04,5,23595,买盘
09:52:21,47.15,-0.04,11,51865,卖盘
09:52:24,47.15,0.0,9,42435,卖盘
09:52:30,47.19,0.04,1,4719,买盘
09:52:33,47.19,0.0,3,14156,买盘
09:52:36,47.16,-0.03,3,14148,卖盘
09:52:39,47.19,0.03,3,14157,买盘
09:52:44,47.16,-0.03,4,18867,卖盘
09:52:53,47.17,0.01,31,146259,卖盘
09:52:57,47.17,0.0,1,4717,卖盘
09:52:59,47.16,-0.01,12,56601,卖盘
09:53:03,47.16,0.0,2,9432,卖盘
09:53:11,47.16,0.0,8,37732,卖盘
09:53:15,47.17,0.01,4,18868,卖盘
09:53:17,47.17,0.0,7,33019,卖盘
09:53:20,47.17,0.0,2,9434,卖盘
09:53:23,47.17,0.0,6,28303,卖盘
09:53:30,47.17,0.0,29,136949,卖盘
09:53:33,47.18,0.01,1,4718,卖盘
09:53:36,47.23,0.05,9,42480,买盘
09:53:38,47.17,-0.06,12,56604,卖盘
09:53:45,47.17,0.0,5,23585,卖盘
09:53:50,47.17,0.0,8,37742,卖盘
09:53:57,47.23,0.06,19,89690,买盘
09:53:59,47.17,-0.06,6,28303,卖盘
09:54:03,47.22,0.05,3,14166,中性盘
09:54:05,47.23,0.01,37,174591,买盘
09:54:09,47.15,-0.08,12,56606,卖盘
09:54:12,47.23,0.08,3,14162,中性盘
09:54:14,47.23,0.0,1,4723,中性盘
09:54:17,47.22,-0.01,6,28333,中性盘
09:54:20,47.18,-0.04,1,4718,卖盘
09:54:24,47.18,0.0,1,4718,卖盘
09:54:27,47.18,0.0,3,14154,买盘
09:54:33,47.16,-0.02,10,47167,卖盘
09:54:39,47.16,0.0,23,108469,卖盘
09:54:41,47.17,0.01,6,28302,买盘
09:54:45,47.18,0.01,9,42485,卖盘
09:54:53,47.24,0.06,17,80242,买盘
09:54:57,47.24,0.0,5,23620,买盘
09:54:59,47.17,-0.07,10,47178,卖盘
09:55:03,47.17,0.0,7,33027,卖盘
09:55:06,47.16,-0.01,11,51882,卖盘
09:55:09,47.15,-0.01,16,75448,卖盘
09:55:12,47.17,0.02,11,51881,中性盘
09:55:14,47.15,-0.02,16,75467,卖盘
09:55:17,47.15,0.0,4,18860,卖盘
09:55:20,47.15,0.0,16,75462,卖盘
09:55:24,47.15,0.0,5,23577,卖盘
09:55:27,47.15,0.0,42,198030,卖盘
09:55:33,47.15,0.0,20,94300,卖盘
09:55:36,47.14,-0.01,15,70724,卖盘
09:55:42,47.14,0.0,5,23570,卖盘
09:55:45,47.13,-0.01,32,150823,卖盘
09:55:47,47.13,0.0,29,136677,卖盘
09:55:50,47.13,0.0,13,61270,卖盘
09:55:52,47.13,0.0,8,37704,卖盘
09:55:56,47.12,-0.01,4,18848,卖盘
09:56:00,47.12,0.0,25,117800,卖盘
09:56:03,47.11,-0.01,6,28268,卖盘
09:56:05,47.11,0.0,4,18844,卖盘
09:56:08,47.11,0.0,3,14133,卖盘
09:56:12,47.11,0.0,16,75393,卖盘
09:56:13,47.11,0.0,2,9422,卖盘
09:56:16,47.11,0.0,1,4711,买盘
09:56:23,47.1,-0.01,4,18840,卖盘
09:56:27,47.15,0.05,69,325186,买盘
09:56:30,47.15,0.0,10,47150,卖盘
09:56:32,47.15,0.0,10,47150,卖盘
09:56:42,47.13,-0.02,2,9426,卖盘
09:56:47,47.15,0.02,10,47132,买盘
09:56:50,47.13,-0.02,1,4713,中性盘
09:56:54,47.11,-0.02,7,32985,卖盘
09:57:03,47.14,0.03,4,18856,买盘
09:57:06,47.13,-0.01,4,18852,卖盘
09:57:12,47.11,-0.02,1,4711,卖盘
09:57:14,47.11,0.0,4,18850,卖盘
09:57:20,47.14,0.03,10,47137,买盘
09:57:24,47.11,-0.03,4,18844,卖盘
09:57:27,47.11,0.0,10,47110,卖盘
09:57:32,47.14,0.03,6,28280,买盘
09:57:36,47.11,-0.03,3,14133,卖盘
09:57:44,47.11,0.0,2,9422,卖盘
09:57:47,47.11,0.0,3,14133,买盘
09:57:50,47.11,0.0,1,4711,买盘
09:57:53,47.1,-0.01,4,18840,卖盘
09:57:56,47.1,0.0,10,47102,卖盘
09:58:00,47.1,0.0,2,9420,卖盘
09:58:02,47.1,0.0,21,98910,卖盘
09:58:06,47.1,0.0,6,28261,卖盘
09:58:07,47.1,0.0,14,65940,卖盘
09:58:12,47.1,0.0,19,89490,卖盘
09:58:15,47.1,0.0,4,18840,卖盘
09:58:20,47.1,0.0,1,4710,买盘
09:58:23,47.09,-0.01,6,28256,卖盘
09:58:26,47.09,0.0,5,23545,卖盘
09:58:32,47.1,0.01,7,32967,买盘
09:58:36,47.09,-0.01,6,28254,卖盘
09:58:42,47.09,0.0,11,51789,买盘
09:58:43,47.09,0.0,19,89457,买盘
09:58:53,47.08,-0.01,11,51788,卖盘
09:58:56,47.09,0.01,11,51791,买盘
09:58:59,47.08,-0.01,25,117707,卖盘
09:59:05,47.08,0.0,16,75328,卖盘
09:59:07,47.08,0.0,47,221276,卖盘
09:59:10,47.08,0.0,1,4708,买盘
09:59:13,47.09,0.01,20,94150,买盘
09:59:17,47.09,0.0,1,4709,卖盘
09:59:23,47.09,0.0,4,18836,卖盘
09:59:26,47.09,0.0,1,4709,卖盘
09:59:30,47.1,0.01,1,4710,买盘
09:59:31,47.1,0.0,4,18840,买盘
09:59:34,47.11,0.01,14,65945,买盘
09:59:41,47.1,-0.01,271,1275635,卖盘
09:59:47,47.0,-0.1,52,244433,卖盘
09:59:50,47.0,0.0,1,4700,卖盘
09:59:56,47.0,0.0,8,37600,卖盘
09:59:59,47.11,0.11,1,4711,买盘
10:00:02,47.11,0.0,12,56422,买盘
10:00:05,47.0,-0.11,4,18803,卖盘
10:00:07,47.16,0.16,12,56573,买盘
10:00:13,47.12,-0.04,4,18848,中性盘
10:00:16,47.01,-0.11,40,188295,卖盘
10:00:24,47.12,0.11,2,9413,买盘
10:00:26,47.01,-0.11,20,94064,卖盘
10:00:31,47.01,0.0,4,18807,卖盘
10:00:34,47.01,0.0,4,18804,卖盘
10:00:43,47.03,0.02,4,18812,卖盘
10:00:50,47.03,0.0,3,14109,卖盘
10:00:53,47.03,0.0,1,4703,卖盘
10:00:56,47.1,0.07,8,37631,买盘
10:01:04,47.04,-0.06,4,18816,卖盘
10:01:08,47.08,0.04,1,4708,买盘
10:01:11,47.08,0.0,4,18832,买盘
10:01:14,47.08,0.0,4,18832,中性盘
10:01:20,47.09,0.01,14,65916,买盘
10:01:26,47.08,-0.01,15,70620,卖盘
10:01:29,47.09,0.01,1,4709,买盘
10:01:32,47.08,-0.01,1,4708,卖盘
10:01:35,47.09,0.01,15,70635,买盘
10:01:41,47.1,0.01,2,9420,买盘
10:01:44,47.09,-0.01,5,23545,卖盘
10:01:46,47.09,0.0,1,4709,卖盘
10:01:50,47.1,0.01,8,37673,买盘
10:01:53,47.1,0.0,1,4710,卖盘
10:01:56,47.12,0.02,6,28264,买盘
10:02:01,47.1,-0.02,1,4710,卖盘
10:02:04,47.1,0.0,10,47114,卖盘
10:02:11,47.09,-0.01,20,94208,卖盘
10:02:14,47.11,0.02,9,42399,卖盘
10:02:17,47.11,0.0,5,23555,卖盘
10:02:26,47.1,-0.01,7,32966,买盘
10:02:29,47.09,-0.01,3,14316,卖盘
10:02:35,47.09,0.0,3,14127,卖盘
10:02:41,47.09,0.0,29,136561,卖盘
10:02:44,47.09,0.0,4,18836,卖盘
10:02:47,47.09,0.0,41,193069,卖盘
10:02:49,47.09,0.0,7,32963,卖盘
10:02:53,47.09,0.0,14,65927,卖盘
10:02:55,47.09,0.0,10,47092,卖盘
10:03:02,47.08,-0.01,15,70631,卖盘
10:03:14,47.09,0.01,1,4709,买盘
10:03:17,47.08,-0.01,4,18832,卖盘
10:03:20,47.08,0.0,2,9417,卖盘
10:03:25,47.09,0.01,10,47086,买盘
10:03:29,47.08,-0.01,5,23542,卖盘
10:03:34,47.08,0.0,11,51798,卖盘
10:03:41,47.08,0.0,1,4708,卖盘
10:03:44,47.08,0.0,4,18833,卖盘
10:03:47,47.1,0.02,1,4710,买盘
10:04:02,47.1,0.0,7,32961,买盘
10:04:05,47.08,-0.02,4,18832,卖盘
10:04:11,47.1,0.02,16,75360,买盘
10:04:14,47.1,0.0,3,14130,卖盘
10:04:23,47.12,0.02,3,14136,买盘
10:04:25,47.11,-0.01,4,18844,卖盘
10:04:28,47.1,-0.01,20,94200,卖盘
10:04:35,47.1,0.0,10,47103,卖盘
10:04:38,47.1,0.0,1,4710,卖盘
10:04:41,47.12,0.02,3,14136,买盘
10:04:44,47.11,-0.01,12,56521,中性盘
10:04:46,47.12,0.01,1,4712,买盘
10:04:50,47.12,0.0,19,89513,买盘
10:04:53,47.11,-0.01,13,61243,卖盘
10:04:58,47.11,0.0,6,28262,买盘
10:05:04,47.1,-0.01,4,18840,卖盘
10:05:07,47.1,0.0,6,28260,卖盘
10:05:17,47.1,0.0,4,18840,卖盘
10:05:26,47.1,0.0,4,18840,卖盘
10:05:29,47.1,0.0,10,47103,卖盘
10:05:35,47.1,0.0,14,65940,卖盘
10:05:37,47.1,0.0,5,23550,卖盘
10:05:44,47.11,0.01,13,61243,买盘
10:05:46,47.1,-0.01,4,18840,卖盘
10:05:56,47.12,0.02,43,202576,买盘
10:06:01,47.11,-0.01,13,61250,卖盘
10:06:08,47.12,0.01,3,14136,买盘
10:06:11,47.12,0.0,4,18848,买盘
10:06:16,47.11,-0.01,4,18844,卖盘
10:06:25,47.11,0.0,4,18844,卖盘
10:06:32,47.12,0.01,2,9424,买盘
10:06:37,47.12,0.0,8,37692,买盘
10:06:43,47.11,-0.01,12,56542,卖盘
10:06:46,47.11,0.0,4,18844,卖盘
10:06:52,47.14,0.03,3,14140,买盘
10:06:56,47.12,-0.02,4,18848,卖盘
10:06:59,47.14,0.02,1,4714,买盘
10:07:05,47.13,-0.01,2,9426,买盘
10:07:08,47.12,-0.01,4,18848,卖盘
10:07:11,47.13,0.01,2,9426,买盘
10:07:14,47.12,-0.01,10,47120,卖盘
10:07:16,47.12,0.0,5,23563,卖盘
10:07:23,47.14,0.02,2,9428,买盘
10:07:26,47.13,-0.01,6,28283,卖盘
10:07:38,47.13,0.0,3,14139,卖盘
10:07:41,47.14,0.01,6,28284,买盘
10:07:47,47.14,0.0,1,4714,卖盘
10:07:50,47.13,-0.01,3,14139,卖盘
10:07:53,47.16,0.03,13,61287,买盘
10:07:56,47.26,0.1,83,392097,买盘
10:08:02,47.12,-0.14,19,89574,卖盘
10:08:20,47.25,0.13,7,33075,买盘
10:08:40,47.25,0.0,3,14174,买盘
10:08:47,47.25,0.0,11,51975,买盘
10:08:53,47.25,0.0,35,165375,买盘
10:08:59,47.15,-0.1,13,61300,卖盘
10:09:02,47.15,0.0,3,14145,卖盘
10:09:05,47.22,0.07,4,18888,买盘
10:09:13,47.22,0.0,15,70830,买盘
10:09:20,47.22,0.0,8,37776,卖盘
10:09:23,47.23,0.01,21,99205,买盘
10:09:26,47.23,0.0,2,9446,卖盘
10:09:29,47.25,0.02,11,51969,买盘
10:09:32,47.21,-0.04,11,51948,卖盘
10:09:38,47.17,-0.04,4,18878,卖盘
10:09:53,47.2,0.03,1,4720,卖盘
10:09:58,47.2,0.0,6,28324,卖盘
10:10:02,47.21,0.01,6,28325,买盘
10:10:04,47.21,0.0,14,66087,卖盘
10:10:08,47.18,-0.03,21,99142,卖盘
10:10:12,47.2,0.02,7,33036,买盘
10:10:13,47.14,-0.06,19,89640,卖盘
10:10:16,47.18,0.04,4,18872,中性盘
10:10:19,47.19,0.01,2,9438,买盘
10:10:26,47.15,-0.04,4,18860,中性盘
10:10:32,47.25,0.1,21,99053,买盘
10:10:35,47.15,-0.1,1,4715,卖盘
10:10:38,47.15,0.0,6,28290,卖盘
10:10:41,47.23,0.08,2,9438,买盘
10:10:44,47.14,-0.09,11,51871,卖盘
10:10:47,47.15,0.01,3,14145,卖盘
10:10:49,47.15,0.0,1,4715,买盘
10:10:56,47.16,0.01,3,14148,卖盘
10:10:59,47.22,0.06,3,14159,买盘
10:11:01,47.16,-0.06,2,9432,卖盘
10:11:05,47.15,-0.01,4,18869,卖盘
10:11:08,47.16,0.01,3,14147,买盘
10:11:11,47.17,0.01,1,4717,中性盘
10:11:13,47.22,0.05,4,18888,买盘
10:11:17,47.17,-0.05,4,18873,卖盘
10:11:20,47.17,0.0,1,4717,卖盘
10:11:23,47.23,0.06,3,14168,买盘
10:11:26,47.2,-0.03,9,42495,卖盘
10:11:29,47.2,0.0,3,14160,卖盘
10:11:38,47.2,0.0,4,18880,卖盘
10:11:41,47.2,0.0,1,4720,卖盘
10:11:46,47.2,0.0,4,18880,卖盘
10:11:49,47.2,0.0,3,14160,卖盘
10:11:53,47.17,-0.03,10,47194,卖盘
10:11:55,47.17,0.0,3,14154,卖盘
10:11:59,47.21,0.04,7,33035,中性盘
10:12:01,47.17,-0.04,1,4717,卖盘
10:12:05,47.17,0.0,1,4717,卖盘
10:12:08,47.17,0.0,4,18868,卖盘
10:12:10,47.2,0.03,5,23597,买盘
10:12:16,47.16,-0.04,4,18864,卖盘
10:12:23,47.16,0.0,1,4716,卖盘
10:12:28,47.16,0.0,4,18864,卖盘
10:12:35,47.16,0.0,30,141480,卖盘
10:12:37,47.16,0.0,3,14148,卖盘
10:12:41,47.16,0.0,53,250112,卖盘
10:12:46,47.16,0.0,4,18864,卖盘
10:12:56,47.19,0.03,2,9438,买盘
10:12:58,47.16,-0.03,4,18864,卖盘
10:13:08,47.16,0.0,4,18864,卖盘
10:13:11,47.19,0.03,5,23595,买盘
10:13:14,47.2,0.01,20,94370,买盘
10:13:16,47.2,0.0,11,51908,买盘
10:13:22,47.2,0.0,7,33040,卖盘
10:13:29,47.21,0.01,6,28322,买盘
10:13:32,47.23,0.02,2,9446,买盘
10:13:37,47.24,0.01,9,42504,买盘
10:13:41,47.24,0.0,3,14172,中性盘
10:13:46,47.21,-0.03,14,66094,卖盘
10:13:50,47.24,0.03,1,4724,买盘
10:13:53,47.24,0.0,1,4724,买盘
10:13:58,47.25,0.01,3,14173,买盘
10:14:01,47.24,-0.01,14,66124,买盘
10:14:08,47.21,-0.03,4,18889,卖盘
10:14:11,47.25,0.04,14,66150,买盘
10:14:14,47.25,0.0,2,9450,买盘
10:14:17,47.25,0.0,44,207728,买盘
10:14:22,47.17,-0.08,15,70793,卖盘
10:14:26,47.27,0.1,9,42543,买盘
10:14:29,47.22,-0.05,4,18888,中性盘
10:14:34,47.27,0.05,16,75632,买盘
10:14:37,47.22,-0.05,6,28350,卖盘
10:14:47,47.28,0.06,44,208008,买盘
10:14:50,47.22,-0.06,4,18909,卖盘
10:14:52,47.29,0.07,18,85017,买盘
10:14:56,47.28,-0.01,1,4728,中性盘
10:14:59,47.22,-0.06,5,23634,卖盘
10:15:02,47.23,0.01,6,28368,卖盘
10:15:07,47.29,0.06,31,146575,买盘
10:15:11,47.28,-0.01,7,33096,买盘
10:15:17,47.29,0.01,50,236331,买盘
10:15:20,47.28,-0.01,4,18912,卖盘
10:15:22,47.3,0.02,32,151341,买盘
10:15:25,47.28,-0.02,2,9456,卖盘
10:15:28,47.3,0.02,97,458688,买盘
10:15:31,47.3,0.0,2,9460,卖盘
10:15:35,47.3,0.0,17,80413,卖盘
10:15:38,47.34,0.04,27,127808,买盘
10:15:41,47.33,-0.01,5,23667,卖盘
10:15:44,47.32,-0.01,6,28395,卖盘
10:15:47,47.33,0.01,9,42594,买盘
10:15:53,47.34,0.01,8,37865,买盘
10:15:55,47.34,0.0,30,141972,买盘
10:15:59,47.33,-0.01,2,9466,中性盘
10:16:01,47.33,0.0,8,37867,买盘
10:16:08,47.36,0.03,113,535045,买盘
10:16:10,47.31,-0.05,75,355130,卖盘
10:16:13,47.32,0.01,25,118292,卖盘
10:16:17,47.31,-0.01,13,61503,卖盘
10:16:19,47.33,0.02,4,18932,买盘
10:16:29,47.33,0.0,6,28398,卖盘
10:16:35,47.33,0.0,3,14199,卖盘
10:16:38,47.33,0.0,11,52063,买盘
10:16:41,47.32,-0.01,4,18928,卖盘
10:16:43,47.32,0.0,3,14196,买盘
10:16:47,47.32,0.0,17,80444,买盘
10:16:50,47.32,0.0,1,4732,卖盘
10:16:53,47.32,0.0,1,4732,卖盘
10:16:56,47.32,0.0,1,4732,卖盘
10:16:59,47.32,0.0,4,18928,卖盘
10:17:02,47.33,0.01,13,61528,买盘
10:17:07,47.33,0.0,9,42597,卖盘
10:17:10,47.35,0.02,15,71025,买盘
10:17:16,47.35,0.0,24,113682,卖盘
10:17:20,47.4,0.05,14,66350,买盘
10:17:23,47.4,0.0,14,66360,买盘
10:17:25,47.4,0.0,12,56880,买盘
10:17:28,47.4,0.0,4,18960,卖盘
10:17:32,47.4,0.0,14,66376,卖盘
10:17:38,47.4,0.0,12,56880,卖盘
10:17:41,47.4,0.0,5,23700,买盘
10:17:44,47.4,0.0,8,37920,买盘
10:17:47,47.4,0.0,14,66363,买盘
10:17:50,47.43,0.03,2,9486,买盘
10:17:58,47.4,-0.03,4,18960,卖盘
10:18:02,47.4,0.0,1,4740,卖盘
10:18:07,47.4,0.0,8,37928,卖盘
10:18:14,47.4,0.0,15,71105,卖盘
10:18:17,47.4,0.0,79,374460,卖盘
10:18:20,47.41,0.01,6,28443,买盘
10:18:23,47.35,-0.06,15,71036,卖盘
10:18:32,47.4,0.05,5,23684,买盘
10:18:35,47.36,-0.04,1,4736,卖盘
10:18:38,47.36,0.0,4,18944,卖盘
10:18:44,47.4,0.04,4,18959,买盘
10:18:47,47.39,-0.01,36,170638,中性盘
10:18:56,47.41,0.02,15,71066,买盘
10:18:59,47.4,-0.01,4,18960,卖盘
10:19:05,47.39,-0.01,7,33173,买盘
10:19:08,47.35,-0.04,5,23675,卖盘
10:19:11,47.39,0.04,7,33173,买盘
10:19:14,47.39,0.0,4,18956,卖盘
10:19:17,47.39,0.0,2,9478,买盘
10:19:29,47.39,0.0,6,28422,买盘
10:19:32,47.4,0.01,11,52134,买盘
10:19:38,47.36,-0.04,2,9472,卖盘
10:19:44,47.33,-0.03,19,89975,卖盘
10:19:49,47.36,0.03,3,14208,卖盘
10:19:52,47.4,0.04,50,236979,买盘
10:19:59,47.33,-0.07,15,71009,卖盘
10:20:02,47.33,0.0,2,9466,卖盘
10:20:04,47.34,0.01,9,42600,买盘
10:20:07,47.34,0.0,10,47350,卖盘
10:20:10,47.35,0.01,2,9470,中性盘
10:20:14,47.35,0.0,12,56823,买盘
10:20:17,47.35,0.0,7,33145,中性盘
10:20:20,47.35,0.0,13,61547,卖盘
10:20:23,47.35,0.0,15,71025,卖盘
10:20:26,47.32,-0.03,12,56794,卖盘
10:20:32,47.35,0.03,2,9470,买盘
10:20:38,47.32,-0.03,11,52070,卖盘
10:20:41,47.35,0.03,7,33133,买盘
10:20:44,47.35,0.0,12,56824,卖盘
10:20:47,47.35,0.0,2,9469,买盘
10:20:49,47.33,-0.02,15,71052,卖盘
10:20:53,47.35,0.02,1,4735,买盘
10:20:56,47.32,-0.03,12,56784,卖盘
10:20:59,47.32,0.0,2,9464,卖盘
10:21:02,47.39,0.07,21,99458,买盘
10:21:05,47.38,-0.01,17,80546,卖盘
10:21:09,47.34,-0.04,1,4734,卖盘
10:21:11,47.38,0.04,4,18951,买盘
10:21:14,47.38,0.0,14,66332,买盘
10:21:19,47.38,0.0,15,71070,卖盘
10:21:23,47.4,0.02,38,180002,买盘
10:21:26,47.38,-0.02,1,4738,买盘
10:21:29,47.34,-0.04,19,90006,中性盘
10:21:32,47.4,0.06,9,42654,买盘
10:21:35,47.32,-0.08,25,118419,卖盘
10:21:37,47.38,0.06,9,42642,卖盘
10:21:41,47.4,0.02,78,369694,买盘
10:21:44,47.34,-0.06,24,113742,卖盘
10:21:47,47.4,0.06,21,99540,卖盘
10:21:50,47.41,0.01,16,75828,买盘
10:21:55,47.42,0.01,16,75872,买盘
10:21:59,47.35,-0.07,9,42650,卖盘
10:22:02,47.35,0.0,18,85286,卖盘
10:22:08,47.36,0.01,36,170682,卖盘
10:22:12,47.42,0.06,21,99582,买盘
10:22:14,47.36,-0.06,18,85290,中性盘
10:22:17,47.42,0.06,37,175370,买盘
10:22:20,47.42,0.0,10,47417,买盘
10:22:25,47.4,-0.02,16,75868,中性盘
10:22:28,47.37,-0.03,9,42640,卖盘
10:22:32,47.41,0.04,14,66324,买盘
10:22:35,47.4,-0.01,8,37920,中性盘
10:22:39,47.37,-0.03,4,18954,卖盘
10:22:41,47.41,0.04,2,9482,买盘
10:22:43,47.38,-0.03,32,151709,卖盘
10:22:47,47.4,0.02,3,14220,买盘
10:22:49,47.4,0.0,13,61612,买盘
10:22:52,47.4,0.0,16,75818,买盘
10:22:59,47.38,-0.02,4,18952,卖盘
10:23:05,47.4,0.02,30,142199,买盘
10:23:09,47.38,-0.02,5,23692,卖盘
10:23:12,47.39,0.01,15,71086,中性盘
10:23:14,47.4,0.01,32,151670,买盘
10:23:17,47.41,0.01,43,203834,买盘
10:23:21,47.42,0.01,41,194412,买盘
10:23:23,47.43,0.01,38,180206,买盘
10:23:26,47.43,0.0,6,28456,买盘
10:23:29,47.43,0.0,48,227642,买盘
10:23:32,47.43,0.0,23,109089,买盘
10:23:34,47.43,0.0,1,4743,买盘
10:23:39,47.44,0.01,99,469622,买盘
10:23:42,47.44,0.0,54,256125,买盘
10:23:44,47.41,-0.03,33,156534,卖盘
10:23:47,47.45,0.04,11,52195,买盘
10:23:50,47.45,0.0,28,132841,买盘
10:23:52,47.45,0.0,18,85410,买盘
10:23:57,47.46,0.01,11,52205,买盘
10:24:02,47.46,0.0,18,85412,买盘
10:24:07,47.46,0.0,7,33222,卖盘
10:24:11,47.48,0.02,10,47480,买盘
10:24:14,47.48,0.0,38,180401,买盘
10:24:17,47.48,0.0,20,94961,卖盘
10:24:20,47.49,0.01,19,90166,买盘
10:24:23,47.49,0.0,8,37992,买盘
10:24:27,47.49,0.0,3,14247,卖盘
10:24:29,47.49,0.0,8,37982,买盘
10:24:32,47.49,0.0,5,23745,中性盘
10:24:35,47.49,0.0,1,4749,卖盘
10:24:38,47.49,0.0,8,37993,卖盘
10:24:42,47.49,0.0,8,37992,卖盘
10:24:44,47.49,0.0,12,56988,卖盘
10:24:47,47.49,0.0,52,246984,卖盘
10:24:50,47.48,-0.01,99,470155,卖盘
10:24:56,47.44,-0.04,29,137543,买盘
10:25:02,47.49,0.05,6,28470,买盘
10:25:06,47.49,0.0,4,18990,买盘
10:25:08,47.49,0.0,1,4749,中性盘
10:25:12,47.41,-0.08,4,18966,卖盘
10:25:14,47.44,0.03,1,4744,买盘
10:25:19,47.43,-0.01,5,23715,卖盘
10:25:23,47.44,0.01,1,4744,买盘
10:25:27,47.44,0.0,1,4744,卖盘
10:25:32,47.43,-0.01,3,14229,卖盘
10:25:36,47.43,0.0,6,28458,买盘
10:25:39,47.43,0.0,2,9486,买盘
10:25:42,47.41,-0.02,13,61636,卖盘
10:25:44,47.42,0.01,1,4742,买盘
10:25:51,47.4,-0.02,14,66360,卖盘
10:25:52,47.4,0.0,3,14218,买盘
10:25:59,47.42,0.02,16,75866,买盘
10:26:02,47.41,-0.01,1,4741,中性盘
10:26:09,47.4,-0.01,2,9480,中性盘
10:26:12,47.38,-0.02,4,18952,卖盘
10:26:14,47.38,0.0,3,14214,卖盘
10:26:20,47.39,0.01,4,18956,卖盘
10:26:23,47.38,-0.01,12,56862,卖盘
10:26:27,47.36,-0.02,11,52107,卖盘
10:26:35,47.38,0.02,5,23682,买盘
10:26:39,47.36,-0.02,1,4736,卖盘
10:26:41,47.37,0.01,14,66315,中性盘
10:26:44,47.37,0.0,1,4737,卖盘
10:26:47,47.38,0.01,5,23690,买盘
10:26:51,47.36,-0.02,12,56832,卖盘
10:27:00,47.37,0.01,10,47366,买盘
10:27:02,47.38,0.01,9,42642,买盘
10:27:06,47.37,-0.01,11,52107,卖盘
10:27:09,47.37,0.0,4,18948,卖盘
10:27:12,47.4,0.03,39,184835,买盘
10:27:15,47.4,0.0,3,14220,买盘
10:27:17,47.4,0.0,7,33192,卖盘
10:27:20,47.43,0.03,17,80580,买盘
10:27:24,47.44,0.01,5,23719,买盘
10:27:27,47.44,0.0,3,14232,买盘
10:27:30,47.43,-0.01,8,37944,卖盘
10:27:36,47.46,0.03,1,4746,买盘
10:27:42,47.44,-0.02,3,14232,卖盘
10:27:45,47.44,0.0,10,47440,卖盘
10:27:51,47.44,0.0,4,18976,卖盘
10:27:54,47.47,0.03,9,42703,买盘
10:27:59,47.48,0.01,45,213560,买盘
10:28:06,47.44,-0.04,5,23720,买盘
10:28:09,47.48,0.04,1,4748,买盘
10:28:10,47.44,-0.04,5,23724,卖盘
10:28:20,47.44,0.0,1,4744,卖盘
10:28:27,47.44,0.0,1,4744,买盘
10:28:29,47.4,-0.04,4,18960,卖盘
10:28:36,47.4,0.0,12,56880,卖盘
10:28:38,47.44,0.04,2,9488,买盘
10:28:41,47.4,-0.04,5,23700,卖盘
10:28:44,47.4,0.0,5,23700,卖盘
10:28:47,47.43,0.03,1,4743,买盘
10:28:51,47.44,0.01,5,23720,买盘
10:28:56,47.41,-0.03,4,18973,卖盘
10:28:59,47.43,0.02,1,4743,买盘
10:29:06,47.4,-0.03,1,4740,卖盘
10:29:08,47.48,0.08,84,398782,买盘
10:29:12,47.43,-0.05,21,99675,卖盘
10:29:15,47.43,0.0,4,18972,卖盘
10:29:17,47.43,0.0,11,52173,买盘
10:29:20,47.43,0.0,10,47424,买盘
10:29:27,47.48,0.05,2,9492,买盘
10:29:29,47.43,-0.05,4,18972,卖盘
10:29:32,47.49,0.06,61,289652,买盘
10:29:36,47.49,0.0,7,33243,卖盘
10:29:38,47.49,0.0,17,80733,卖盘
10:29:41,47.5,0.01,75,356246,买盘
10:29:45,47.5,0.0,105,498750,买盘
10:29:47,47.44,-0.06,16,75967,卖盘
10:29:50,47.51,0.07,7,33252,买盘
10:29:54,47.5,-0.01,16,76002,卖盘
10:29:57,47.52,0.02,5,23760,买盘
10:29:59,47.5,-0.02,6,28500,卖盘
10:30:02,47.51,0.01,1,4751,买盘
10:30:09,47.51,0.0,1,4751,买盘
10:30:12,47.5,-0.01,24,114015,卖盘
10:30:15,47.5,0.0,4,19000,卖盘
10:30:17,47.5,0.0,11,52250,卖盘
10:30:21,47.51,0.01,54,256545,买盘
10:30:23,47.52,0.01,16,76032,买盘
10:30:26,47.55,0.03,44,209131,买盘
10:30:29,47.51,-0.04,22,104569,卖盘
10:30:32,47.51,0.0,20,95060,买盘
10:30:36,47.51,0.0,33,156863,卖盘
10:30:39,47.55,0.04,8,38040,买盘
10:30:41,47.55,0.0,8,38040,卖盘
10:30:44,47.55,0.0,24,114167,卖盘
10:30:47,47.56,0.01,25,118948,中性盘
10:30:50,47.58,0.02,10,47584,中性盘
10:30:54,47.6,0.02,3,14280,买盘
10:30:57,47.62,0.02,55,261867,买盘
10:30:59,47.58,-0.04,11,52354,卖盘
10:31:02,47.56,-0.02,19,90397,卖盘
10:31:06,47.62,0.06,10,47617,买盘
10:31:12,47.6,-0.02,4,19040,卖盘
10:31:15,47.62,0.02,8,38096,买盘
10:31:20,47.6,-0.02,4,19040,卖盘
10:31:24,47.59,-0.01,11,52359,卖盘
10:31:26,47.59,0.0,7,33313,卖盘
10:31:29,47.58,-0.01,19,90402,卖盘
10:31:32,47.55,-0.03,96,456793,卖盘
10:31:36,47.55,0.0,61,290055,卖盘
10:31:38,47.5,-0.05,26,123562,卖盘
10:31:44,47.41,-0.09,13,61656,卖盘
10:31:48,47.41,0.0,2,9488,卖盘
10:31:50,47.41,0.0,8,37928,卖盘
10:31:54,47.48,0.07,4,18994,买盘
10:31:56,47.5,0.02,5,23748,买盘
10:32:02,47.5,0.0,4,19000,卖盘
10:32:06,47.5,0.0,1,4750,卖盘
10:32:12,47.5,0.0,8,38020,卖盘
10:32:14,47.51,0.01,1,4751,卖盘
10:32:17,47.54,0.03,1,4754,买盘
10:32:21,47.54,0.0,5,23770,卖盘
10:32:23,47.54,0.0,3,14262,卖盘
10:32:27,47.55,0.01,27,128385,买盘
10:32:30,47.55,0.0,2,9510,卖盘
10:32:32,47.55,0.0,15,71325,卖盘
10:32:36,47.55,0.0,5,23775,卖盘
10:32:39,47.56,0.01,1,4756,卖盘
10:32:41,47.55,-0.01,1,4755,卖盘
10:32:45,47.57,0.02,5,23782,买盘
10:32:51,47.55,-0.02,8,38043,卖盘
10:32:54,47.57,0.02,2,9514,买盘
10:32:56,47.57,0.0,17,80868,买盘
10:33:00,47.57,0.0,1,4757,买盘
10:33:02,47.55,-0.02,5,23775,卖盘
10:33:11,47.5,-0.05,14,66532,卖盘
10:33:15,47.54,0.04,1,4754,买盘
10:33:17,47.54,0.0,4,19016,买盘
10:33:21,47.53,-0.01,4,19014,卖盘
10:33:24,47.52,-0.01,12,57033,卖盘
10:33:27,47.52,0.0,1,4752,卖盘
10:33:32,47.53,0.01,4,19012,卖盘
10:33:36,47.53,0.0,3,14259,卖盘
10:33:39,47.52,-0.01,2,9504,卖盘
10:33:42,47.53,0.01,2,9507,中性盘
10:33:47,47.49,-0.04,29,137751,卖盘
10:33:51,47.49,0.0,3,14247,买盘
10:33:54,47.5,0.01,6,28495,买盘
10:34:00,47.49,-0.01,16,75905,中性盘
10:34:02,47.43,-0.06,6,28454,中性盘
10:34:06,47.43,0.0,6,28454,买盘
10:34:09,47.42,-0.01,9,42716,卖盘
10:34:14,47.43,0.01,1,4743,买盘
10:34:17,47.43,0.0,2,9486,买盘
10:34:20,47.42,-0.01,4,18970,卖盘
10:34:29,47.43,0.01,1,4743,卖盘
10:34:32,47.43,0.0,4,18972,卖盘
10:34:42,47.47,0.04,4,18988,卖盘
10:34:44,47.47,0.0,4,18988,卖盘
10:34:50,47.5,0.03,16,75972,买盘
10:34:57,47.47,-0.03,13,61716,卖盘
10:35:00,47.5,0.03,1,4750,买盘
10:35:02,47.47,-0.03,8,37977,卖盘
10:35:06,47.47,0.0,5,23735,卖盘
10:35:11,47.47,0.0,4,18988,卖盘
10:35:21,47.47,0.0,5,23735,卖盘
10:35:27,47.47,0.0,3,14241,卖盘
10:35:30,47.47,0.0,25,118675,卖盘
10:35:32,47.47,0.0,6,28482,卖盘
10:35:36,47.47,0.0,11,52203,卖盘
10:35:38,47.47,0.0,1,4747,卖盘
10:35:51,47.44,-0.03,3,14232,卖盘
10:36:02,47.43,-0.01,5,23715,卖盘
10:36:06,47.43,0.0,1,4743,买盘
10:36:12,47.42,-0.01,4,18968,卖盘
10:36:14,47.42,0.0,1,4742,卖盘
10:36:21,47.42,0.0,5,23710,卖盘
10:36:23,47.42,0.0,4,18968,买盘
10:36:26,47.41,-0.01,11,52179,卖盘
10:36:32,47.46,0.05,23,109138,买盘
10:36:39,47.45,-0.01,4,18968,买盘
10:36:42,47.41,-0.04,4,18964,卖盘
10:36:44,47.45,0.04,13,61627,买盘
10:36:51,47.41,-0.04,3,14226,卖盘
10:36:53,47.41,0.0,2,9482,买盘
10:37:00,47.4,-0.01,6,28442,卖盘
10:37:02,47.45,0.05,5,23705,买盘
10:37:05,47.45,0.0,1,4745,买盘
10:37:11,47.4,-0.05,5,23705,卖盘
10:37:15,47.45,0.05,5,23725,买盘
10:37:21,47.45,0.0,6,28470,买盘
10:37:24,47.45,0.0,9,42689,买盘
10:37:27,47.46,0.01,3,14238,买盘
10:37:29,47.45,-0.01,1,4745,买盘
10:37:32,47.41,-0.04,4,18964,卖盘
10:37:38,47.43,0.02,4,18972,卖盘
10:37:42,47.43,0.0,3,14229,卖盘
10:37:45,47.43,0.0,10,47430,卖盘
10:37:54,47.43,0.0,10,47457,卖盘
10:37:56,47.43,0.0,9,42687,卖盘
10:38:00,47.46,0.03,4,18984,买盘
10:38:02,47.43,-0.03,9,42696,卖盘
10:38:06,47.43,0.0,13,61659,买盘
10:38:09,47.48,0.05,13,61713,买盘
10:38:17,47.42,-0.06,13,61706,卖盘
10:38:20,47.42,0.0,1,4742,卖盘
10:38:23,47.48,0.06,5,23740,中性盘
10:38:30,47.45,-0.03,6,28470,中性盘
10:38:36,47.45,0.0,1,4745,卖盘
10:38:44,47.45,0.0,2,9490,卖盘
10:38:54,47.45,0.0,5,23725,卖盘
10:39:02,47.45,0.0,3,14235,卖盘
10:39:20,47.47,0.02,1,4747,买盘
10:39:27,47.45,-0.02,2,9490,买盘
10:39:30,47.45,0.0,9,42697,买盘
10:39:50,47.43,-0.02,4,18972,卖盘
10:40:06,47.42,-0.01,12,56909,卖盘
10:40:12,47.42,0.0,4,18968,卖盘
10:40:15,47.42,0.0,3,14226,卖盘
10:40:17,47.42,0.0,5,23710,卖盘
10:40:20,47.42,0.0,3,14227,卖盘
10:40:24,47.42,0.0,4,18968,卖盘
10:40:26,47.42,0.0,6,28452,卖盘
10:40:32,47.41,-0.01,2,9482,卖盘
10:40:41,47.4,-0.01,5,23701,卖盘
10:40:45,47.4,0.0,19,90060,卖盘
10:40:47,47.41,0.01,6,28441,买盘
10:40:54,47.4,-0.01,5,23701,卖盘
10:40:57,47.4,0.0,3,14220,卖盘
10:40:59,47.4,0.0,14,66360,卖盘
10:41:02,47.41,0.01,9,42665,买盘
10:41:06,47.41,0.0,2,9482,卖盘
10:41:09,47.41,0.0,14,66374,卖盘
10:41:12,47.4,-0.01,104,492960,卖盘
10:41:24,47.36,-0.04,8,37888,卖盘
10:41:26,47.33,-0.03,25,118367,卖盘
10:41:45,47.33,0.0,8,37864,卖盘
10:41:54,47.33,0.0,14,66297,卖盘
10:42:02,47.32,-0.01,4,18928,卖盘
10:42:12,47.32,0.0,4,18928,卖盘
10:42:15,47.32,0.0,1,4732,卖盘
10:42:24,47.32,0.0,11,52072,卖盘
10:42:29,47.32,0.0,5,23663,卖盘
10:42:32,47.33,0.01,2,9466,卖盘
10:42:35,47.33,0.0,2,9466,买盘
10:42:42,47.32,-0.01,16,75713,卖盘
10:42:45,47.37,0.05,4,18933,买盘
10:42:47,47.37,0.0,1,4737,卖盘
10:42:51,47.37,0.0,1,4737,卖盘
10:42:53,47.37,0.0,1,4737,卖盘
10:43:00,47.37,0.0,1,4737,买盘
10:43:02,47.33,-0.04,4,18932,卖盘
10:43:06,47.37,0.04,2,9474,买盘
10:43:08,47.44,0.07,20,94839,买盘
10:43:12,47.37,-0.07,1,4737,卖盘
10:43:15,47.37,0.0,4,18948,卖盘
10:43:21,47.36,-0.01,3,14204,买盘
10:43:23,47.34,-0.02,5,23675,卖盘
10:43:26,47.33,-0.01,3,14200,卖盘
10:43:30,47.32,-0.01,11,52062,卖盘
10:43:32,47.32,0.0,2,9464,卖盘
10:43:35,47.32,0.0,1,4732,卖盘
10:43:39,47.32,0.0,9,42588,卖盘
10:43:41,47.32,0.0,15,70980,卖盘
10:43:45,47.32,0.0,12,56784,卖盘
10:43:47,47.32,0.0,6,28393,卖盘
10:43:53,47.32,0.0,4,18928,卖盘
10:43:57,47.32,0.0,16,75712,卖盘
10:44:00,47.32,0.0,10,47320,卖盘
10:44:02,47.32,0.0,9,42593,卖盘
10:44:06,47.32,0.0,1,4732,卖盘
10:44:08,47.31,-0.01,63,298115,卖盘
10:44:15,47.31,0.0,18,85160,卖盘
10:44:20,47.31,0.0,1,4731,卖盘
10:44:24,47.31,0.0,206,974586,卖盘
10:44:26,47.3,-0.01,6,28380,卖盘
10:44:30,47.3,0.0,56,264880,卖盘
10:44:32,47.3,0.0,31,146630,卖盘
10:44:35,47.3,0.0,112,529760,卖盘
10:44:38,47.25,-0.05,26,122881,卖盘
10:44:42,47.24,-0.01,5,23623,卖盘
10:44:45,47.22,-0.02,2,9444,卖盘
10:44:47,47.22,0.0,6,28332,卖盘
10:44:50,47.21,-0.01,17,80260,卖盘
10:44:53,47.21,0.0,55,260002,卖盘
10:44:56,47.31,0.1,51,241235,买盘
10:44:59,47.21,-0.1,55,260155,卖盘
10:45:05,47.21,0.0,20,94420,卖盘
10:45:09,47.21,0.0,5,23605,卖盘
10:45:12,47.21,0.0,51,241271,卖盘
10:45:15,47.21,0.0,4,18884,卖盘
10:45:17,47.31,0.1,12,56772,买盘
10:45:21,47.31,0.0,17,80428,卖盘
10:45:24,47.31,0.0,22,104082,卖盘
10:45:27,47.31,0.0,50,236546,买盘
10:45:29,47.29,-0.02,1,4729,中性盘
10:45:32,47.32,0.03,24,113547,买盘
10:45:36,47.31,-0.01,4,18924,卖盘
10:45:42,47.32,0.01,1,4732,买盘
10:45:45,47.31,-0.01,4,18924,卖盘
10:45:47,47.31,0.0,1,4731,卖盘
10:45:54,47.31,0.0,4,18924,卖盘
10:45:57,47.32,0.01,1,4732,买盘
10:46:05,47.32,0.0,17,80454,买盘
10:46:08,47.32,0.0,4,18928,卖盘
10:46:15,47.34,0.02,6,28396,买盘
10:46:17,47.34,0.0,7,33138,买盘
10:46:21,47.32,-0.02,6,28396,卖盘
10:46:24,47.32,0.0,11,52068,卖盘
10:46:26,47.31,-0.01,4,18925,卖盘
10:46:35,47.32,0.01,9,42596,卖盘
10:46:39,47.34,0.02,6,28404,买盘
10:46:45,47.32,-0.02,4,18932,卖盘
10:46:51,47.35,0.03,1,4735,中性盘
10:46:53,47.42,0.07,10,47364,买盘
10:46:57,47.44,0.02,5,23721,买盘
10:47:00,47.38,-0.06,1,4738,卖盘
10:47:06,47.37,-0.01,1,4737,卖盘
10:47:09,47.38,0.01,3,14214,买盘
10:47:12,47.45,0.07,19,90119,买盘
10:47:15,47.45,0.0,25,118625,卖盘
10:47:17,47.4,-0.05,1,4740,卖盘
10:47:24,47.38,-0.02,4,18952,卖盘
10:47:27,47.33,-0.05,14,66305,卖盘
10:47:36,47.33,0.0,5,23661,中性盘
10:47:42,47.33,0.0,1,4733,卖盘
10:47:45,47.32,-0.01,4,18928,卖盘
10:47:47,47.32,0.0,1,4732,卖盘
10:47:54,47.32,0.0,6,28404,卖盘
10:48:02,47.32,0.0,14,66254,卖盘
10:48:05,47.32,0.0,10,47320,卖盘
10:48:09,47.31,-0.01,12,56783,卖盘
10:48:15,47.32,0.01,4,18928,中性盘
10:48:20,47.32,0.0,1,4732,卖盘
10:48:30,47.32,0.0,3,14196,买盘
10:48:35,47.32,0.0,6,28388,买盘
10:48:39,47.44,0.12,10,47372,买盘
10:48:44,47.31,-0.13,4,18924,卖盘
10:48:47,47.31,0.0,1,4731,卖盘
10:48:50,47.44,0.13,4,18962,买盘
10:48:54,47.32,-0.12,4,18928,卖盘
10:48:59,47.32,0.0,5,23704,卖盘
10:49:02,47.32,0.0,3,14196,买盘
10:49:06,47.32,0.0,3,14204,中性盘
10:49:09,47.31,-0.01,10,47310,卖盘
10:49:12,47.32,0.01,2,9464,买盘
10:49:15,47.31,-0.01,4,18927,卖盘
10:49:17,47.31,0.0,1,4731,卖盘
10:49:20,47.31,0.0,5,23655,卖盘
10:49:24,47.31,0.0,3,14193,卖盘
10:49:35,47.31,0.0,4,18924,卖盘
10:49:44,47.31,0.0,4,18927,卖盘
10:49:47,47.31,0.0,1,4731,卖盘
10:49:50,47.31,0.0,1,4731,卖盘
10:49:53,47.31,0.0,4,18924,卖盘
10:49:57,47.31,0.0,4,18924,卖盘
10:50:06,47.39,0.08,5,23663,买盘
10:50:11,47.4,0.01,13,61606,买盘
10:50:15,47.31,-0.09,4,18933,卖盘
10:50:20,47.31,0.0,10,47310,卖盘
10:50:27,47.4,0.09,10,47354,买盘
10:50:30,47.31,-0.09,1,4731,卖盘
10:50:36,47.31,0.0,5,23655,卖盘
10:50:42,47.31,0.0,1,4731,卖盘
10:50:44,47.31,0.0,4,18924,卖盘
10:50:47,47.31,0.0,2,9462,卖盘
10:50:51,47.31,0.0,4,18928,卖盘
10:50:57,47.4,0.09,26,123204,买盘
10:51:02,47.31,-0.09,10,47327,卖盘
10:51:06,47.31,0.0,3,14193,卖盘
10:51:15,47.33,0.02,12,56796,卖盘
10:51:20,47.33,0.0,1,4733,卖盘
10:51:23,47.38,0.05,10,47369,买盘
10:51:27,47.35,-0.03,3,14206,卖盘
10:51:32,47.33,-0.02,1,4733,买盘
10:51:35,47.32,-0.01,4,18928,卖盘
10:51:42,47.32,0.0,1,4732,卖盘
10:51:44,47.32,0.0,8,37859,卖盘
10:51:47,47.32,0.0,7,33124,卖盘
10:51:53,47.37,0.05,4,18941,买盘
10:51:57,47.32,-0.05,4,18928,卖盘
10:52:00,47.32,0.0,10,47322,卖盘
10:52:06,47.33,0.01,4,18932,卖盘
10:52:12,47.33,0.0,4,18932,卖盘
10:52:14,47.33,0.0,4,18932,卖盘
10:52:17,47.33,0.0,1,4733,卖盘
10:52:23,47.33,0.0,7,33131,卖盘
10:52:27,47.33,0.0,1,4733,卖盘
10:52:36,47.32,-0.01,5,23660,卖盘
10:52:45,47.32,0.0,33,156338,卖盘
10:52:47,47.32,0.0,4,18928,卖盘
10:52:51,47.32,0.0,11,52057,卖盘
10:52:57,47.32,0.0,4,18928,卖盘
10:53:06,47.32,0.0,4,18928,卖盘
10:53:08,47.32,0.0,5,23660,卖盘
10:53:11,47.4,0.08,1,4740,买盘
10:53:14,47.32,-0.08,4,18928,卖盘
10:53:24,47.32,0.0,1,4732,卖盘
10:53:27,47.32,0.0,5,23660,卖盘
10:53:36,47.33,0.01,4,18932,卖盘
10:53:39,47.33,0.0,2,9466,卖盘
10:53:45,47.33,0.0,9,42597,卖盘
10:53:47,47.4,0.07,10,47399,买盘
10:53:54,47.33,-0.07,10,47330,卖盘
10:53:57,47.32,-0.01,3,14198,卖盘
10:54:00,47.33,0.01,2,9466,买盘
10:54:06,47.33,0.0,8,37864,卖盘
10:54:12,47.33,0.0,1,4733,卖盘
10:54:17,47.33,0.0,4,18932,买盘
10:54:27,47.33,0.0,2,9466,卖盘
10:54:30,47.33,0.0,1,4733,买盘
10:54:33,47.4,0.07,1,4740,买盘
10:54:36,47.33,-0.07,4,18932,卖盘
10:54:38,47.33,0.0,4,18932,卖盘
10:54:42,47.33,0.0,1,4733,卖盘
10:54:45,47.33,0.0,4,18932,卖盘
10:54:56,47.4,0.07,10,47372,买盘
10:55:02,47.33,-0.07,6,28398,卖盘
10:55:06,47.33,0.0,4,18933,卖盘
10:55:12,47.33,0.0,10,47335,卖盘
10:55:14,47.33,0.0,4,18932,卖盘
10:55:27,47.32,-0.01,4,18928,卖盘
10:55:30,47.4,0.08,5,23700,买盘
10:55:36,47.33,-0.07,4,18932,卖盘
10:55:39,47.33,0.0,3,14199,卖盘
10:55:41,47.41,0.08,4,18962,买盘
10:55:45,47.4,-0.01,58,274925,卖盘
10:55:53,47.42,0.02,22,104310,买盘
10:55:57,47.41,-0.01,6,28446,卖盘
10:56:02,47.41,0.0,4,18964,买盘
10:56:06,47.42,0.01,32,151743,买盘
10:56:09,47.44,0.02,1,4744,买盘
10:56:12,47.42,-0.02,10,47420,卖盘
10:56:15,47.42,0.0,14,66408,卖盘
10:56:17,47.44,0.02,1,4744,买盘
10:56:21,47.44,0.0,2,9488,卖盘
10:56:23,47.45,0.01,16,75920,买盘
10:56:27,47.46,0.01,9,42710,买盘
10:56:30,47.45,-0.01,10,47475,卖盘
10:56:36,47.5,0.05,40,189973,买盘
10:56:42,47.5,0.0,20,95022,卖盘
10:56:45,47.5,0.0,6,28500,卖盘
10:56:47,47.51,0.01,4,19004,中性盘
10:56:54,47.53,0.02,5,23765,买盘
10:56:57,47.53,0.0,20,95053,买盘
10:57:00,47.53,0.0,3,14259,买盘
10:57:02,47.53,0.0,5,23765,买盘
10:57:05,47.53,0.0,6,28518,买盘
10:57:09,47.53,0.0,1,4753,卖盘
10:57:12,47.53,0.0,21,99857,卖盘
10:57:17,47.54,0.01,14,66557,卖盘
10:57:27,47.54,0.0,13,61810,卖盘
10:57:30,47.54,0.0,12,57055,卖盘
10:57:32,47.55,0.01,11,52303,买盘
10:57:36,47.56,0.01,21,99879,买盘
10:57:38,47.56,0.0,2,9512,卖盘
10:57:42,47.55,-0.01,6,28533,卖盘
10:57:45,47.57,0.02,18,85599,买盘
10:57:47,47.57,0.0,26,123693,买盘
10:57:50,47.57,0.0,47,223613,卖盘
10:57:53,47.57,0.0,11,52327,卖盘
10:57:57,47.57,0.0,4,19028,卖盘
10:58:00,47.57,0.0,46,218810,卖盘
10:58:02,47.59,0.02,43,204580,买盘
10:58:05,47.57,-0.02,9,42821,中性盘
10:58:09,47.59,0.02,22,104707,买盘
10:58:12,47.58,-0.01,17,80886,卖盘
10:58:15,47.58,0.0,4,19032,卖盘
10:58:17,47.57,-0.01,4,19031,卖盘
10:58:21,47.59,0.02,14,66621,买盘
10:58:23,47.57,-0.02,13,61857,卖盘
10:58:27,47.59,0.02,14,66625,中性盘
10:58:30,47.59,0.0,3,14277,卖盘
10:58:32,47.59,0.0,18,85662,卖盘
10:58:36,47.59,0.0,5,23795,卖盘
10:58:39,47.58,-0.01,15,71382,卖盘
10:58:42,47.58,0.0,4,19038,卖盘
10:58:45,47.6,0.02,5,23799,买盘
10:58:47,47.58,-0.02,2,9516,卖盘
10:58:51,47.58,0.0,1,4758,买盘
10:58:56,47.57,-0.01,22,104662,卖盘
10:58:59,47.59,0.02,43,204637,买盘
10:59:02,47.59,0.0,7,33313,买盘
10:59:06,47.58,-0.01,17,80886,卖盘
10:59:08,47.6,0.02,68,323503,买盘
10:59:11,47.59,-0.01,7,33313,卖盘
10:59:15,47.59,0.0,11,52349,卖盘
10:59:17,47.59,0.0,16,76144,卖盘
10:59:21,47.59,0.0,13,61867,卖盘
10:59:27,47.59,0.0,9,42832,卖盘
10:59:29,47.59,0.0,17,80903,卖盘
10:59:32,47.59,0.0,7,33311,卖盘
10:59:35,47.57,-0.02,12,57084,卖盘
10:59:39,47.59,0.02,4,19036,买盘
10:59:44,47.58,-0.01,2,9516,卖盘
10:59:47,47.57,-0.01,2,9515,卖盘
10:59:51,47.58,0.01,5,23790,买盘
10:59:54,47.57,-0.01,10,47570,卖盘
10:59:56,47.57,0.0,15,71365,卖盘
11:00:02,47.58,0.01,2,9516,买盘
11:00:06,47.57,-0.01,4,19028,卖盘
11:00:09,47.6,0.03,176,837648,买盘
11:00:12,47.57,-0.03,1,4757,卖盘
11:00:14,47.6,0.03,19,90440,买盘
11:00:17,47.6,0.0,45,214200,卖盘
11:00:21,47.61,0.01,6,28566,买盘
11:00:24,47.6,-0.01,3,14282,卖盘
11:00:27,47.61,0.01,6,28561,买盘
11:00:36,47.63,0.02,16,76178,买盘
11:00:42,47.64,0.01,18,85713,买盘
11:00:45,47.61,-0.03,7,33327,中性盘
11:00:47,47.6,-0.01,6,28565,卖盘
11:00:51,47.63,0.03,2,9526,买盘
11:00:53,47.63,0.0,5,23815,买盘
11:00:57,47.6,-0.03,14,66670,卖盘
11:01:02,47.6,0.0,7,33320,卖盘
11:01:06,47.61,0.01,5,23803,中性盘
11:01:12,47.62,0.01,16,76178,买盘
11:01:15,47.62,0.0,2,9524,买盘
11:01:17,47.61,-0.01,4,19044,卖盘
11:01:24,47.62,0.01,8,38096,买盘
11:01:26,47.61,-0.01,4,19044,卖盘
11:01:36,47.62,0.01,4,19048,卖盘
11:01:38,47.64,0.02,9,42865,买盘
11:01:42,47.63,-0.01,5,23815,卖盘
11:01:45,47.65,0.02,66,314485,买盘
11:01:47,47.66,0.01,5,23826,买盘
11:01:51,47.67,0.01,9,42899,买盘
11:01:54,47.65,-0.02,21,100071,卖盘
11:01:57,47.65,0.0,4,19060,卖盘
11:01:59,47.68,0.03,5,23840,买盘
11:02:06,47.69,0.01,16,76272,买盘
11:02:09,47.66,-0.03,5,23830,中性盘
11:02:12,47.69,0.03,9,42919,买盘
11:02:15,47.69,0.0,1,4769,买盘
11:02:17,47.68,-0.01,4,19072,卖盘
11:02:21,47.65,-0.03,10,47657,卖盘
11:02:32,47.68,0.03,2,9536,买盘
11:02:39,47.66,-0.02,9,42894,卖盘
11:02:42,47.66,0.0,8,38132,卖盘
11:02:45,47.68,0.02,9,42912,买盘
11:02:47,47.66,-0.02,5,23834,卖盘
11:02:51,47.66,0.0,5,23830,卖盘
11:02:57,47.66,0.0,11,52426,卖盘
11:03:00,47.66,0.0,5,23830,买盘
11:03:06,47.65,-0.01,11,52415,卖盘
11:03:09,47.65,0.0,5,23825,卖盘
11:03:17,47.64,-0.01,3,14292,卖盘
11:03:27,47.63,-0.01,1,4763,卖盘
11:03:32,47.62,-0.01,2,9524,卖盘
11:03:36,47.62,0.0,5,23810,卖盘
11:03:41,47.61,-0.01,1,4761,卖盘
11:03:45,47.61,0.0,2,9522,卖盘
11:03:47,47.61,0.0,4,19044,卖盘
11:03:51,47.62,0.01,7,33329,买盘
11:03:54,47.61,-0.01,6,28566,卖盘
11:03:57,47.61,0.0,20,95220,卖盘
11:03:59,47.61,0.0,5,23805,卖盘
11:04:09,47.6,-0.01,4,19040,卖盘
11:04:11,47.61,0.01,2,9522,买盘
11:04:15,47.6,-0.01,12,57120,卖盘
11:04:17,47.6,0.0,63,299880,卖盘
11:04:21,47.6,0.0,5,23796,买盘
11:04:23,47.61,0.01,7,33327,买盘
11:04:27,47.6,-0.01,6,28560,卖盘
11:04:30,47.61,0.01,2,9521,买盘
11:04:32,47.6,-0.01,2,9520,卖盘
11:04:35,47.61,0.01,1,4761,买盘
11:04:39,47.6,-0.01,4,19040,中性盘
11:04:42,47.6,0.0,1,4760,卖盘
11:04:44,47.61,0.01,43,204723,买盘
11:04:47,47.61,0.0,4,19044,卖盘
11:04:51,47.61,0.0,2,9522,卖盘
11:04:54,47.62,0.01,1,4762,买盘
11:04:56,47.61,-0.01,4,19044,卖盘
11:05:09,47.61,0.0,5,23806,卖盘
11:05:14,47.61,0.0,72,342792,卖盘
11:05:17,47.61,0.0,3,14283,买盘
11:05:21,47.61,0.0,24,114264,买盘
11:05:27,47.6,-0.01,7,33320,卖盘
11:05:30,47.6,0.0,11,52360,卖盘
11:05:32,47.59,-0.01,17,80916,卖盘
11:05:35,47.6,0.01,44,209408,买盘
11:05:39,47.61,0.01,29,138058,买盘
11:05:41,47.6,-0.01,4,19040,卖盘
11:05:45,47.61,0.01,6,28565,买盘
11:05:47,47.6,-0.01,4,19040,卖盘
11:05:51,47.6,0.0,1,4760,卖盘
11:05:54,47.61,0.01,5,23805,买盘
11:05:57,47.6,-0.01,12,57128,卖盘
11:06:08,47.6,0.0,7,33320,卖盘
11:06:11,47.6,0.0,3,14280,卖盘
11:06:17,47.61,0.01,29,138061,买盘
11:06:21,47.6,-0.01,41,195200,卖盘
11:06:26,47.6,0.0,4,19040,卖盘
11:06:35,47.61,0.01,4,19041,买盘
11:06:39,47.6,-0.01,4,19040,卖盘
11:06:42,47.61,0.01,14,66650,买盘
11:06:44,47.6,-0.01,4,19040,卖盘
11:06:47,47.61,0.01,10,47606,买盘
11:06:51,47.6,-0.01,22,104730,卖盘
11:06:54,47.61,0.01,27,128547,买盘
11:06:57,47.6,-0.01,4,19040,卖盘
11:07:02,47.61,0.01,7,33327,买盘
11:07:06,47.61,0.0,1,4761,卖盘
11:07:09,47.61,0.0,13,61889,买盘
11:07:17,47.6,-0.01,4,19040,卖盘
11:07:21,47.61,0.01,15,71415,买盘
11:07:24,47.61,0.0,20,95220,买盘
11:07:27,47.6,-0.01,4,19040,卖盘
11:07:32,47.61,0.01,1,4761,买盘
11:07:36,47.6,-0.01,2,9520,卖盘
11:07:38,47.6,0.0,4,19040,卖盘
11:07:42,47.6,0.0,111,528360,卖盘
11:07:47,47.6,0.0,6,28566,卖盘
11:07:57,47.6,0.0,3,14280,卖盘
11:07:59,47.6,0.0,28,133280,卖盘
11:08:05,47.6,0.0,1,4760,卖盘
11:08:11,47.61,0.01,4,19044,买盘
11:08:15,47.61,0.0,5,23805,买盘
11:08:27,47.6,-0.01,21,99980,卖盘
11:08:32,47.61,0.01,16,76176,买盘
11:08:35,47.6,-0.01,1,4760,卖盘
11:08:39,47.6,0.0,3,14280,卖盘
11:08:42,47.61,0.01,11,52371,买盘
11:08:44,47.62,0.01,30,142831,买盘
11:08:51,47.62,0.0,2,9524,买盘
11:08:54,47.61,-0.01,6,28566,卖盘
11:08:57,47.62,0.01,1,4762,买盘
11:09:02,47.61,-0.01,13,61902,卖盘
11:09:06,47.62,0.01,6,28572,买盘
11:09:15,47.62,0.0,4,19048,卖盘
11:09:17,47.63,0.01,2,9526,买盘
11:09:21,47.62,-0.01,18,85729,卖盘
11:09:24,47.64,0.02,5,23819,买盘
11:09:26,47.63,-0.01,1,4763,卖盘
11:09:30,47.64,0.01,2,9528,买盘
11:09:32,47.63,-0.01,1,4763,卖盘
11:09:39,47.64,0.01,2,9528,买盘
11:09:41,47.63,-0.01,10,47639,卖盘
11:09:45,47.63,0.0,3,14289,卖盘
11:09:47,47.64,0.01,4,19053,买盘
11:09:50,47.61,-0.03,1,4761,卖盘
11:10:02,47.61,0.0,3,14283,卖盘
11:10:08,47.63,0.02,13,61895,买盘
11:10:18,47.61,-0.02,4,19044,卖盘
11:10:24,47.61,0.0,1,4761,卖盘
11:10:30,47.61,0.0,8,38088,卖盘
11:10:32,47.61,0.0,7,33327,卖盘
11:10:36,47.62,0.01,6,28571,买盘
11:10:39,47.62,0.0,13,61906,买盘
11:10:42,47.62,0.0,1,4762,卖盘
11:10:47,47.62,0.0,4,19048,卖盘
11:10:51,47.62,0.0,3,14286,卖盘
11:10:54,47.61,-0.01,7,33331,卖盘
11:10:57,47.61,0.0,1,4761,卖盘
11:10:59,47.6,-0.01,11,52369,卖盘
11:11:02,47.6,0.0,3,14282,卖盘
11:11:09,47.6,0.0,3,14280,卖盘
11:11:15,47.61,0.01,13,61888,买盘
11:11:18,47.6,-0.01,4,19040,卖盘
11:11:30,47.61,0.01,7,33323,买盘
11:11:32,47.62,0.01,49,233338,买盘
11:11:36,47.61,-0.01,9,42849,卖盘
11:11:38,47.61,0.0,1,4761,买盘
11:11:44,47.61,0.0,18,85698,买盘
11:11:48,47.6,-0.01,4,19040,卖盘
11:11:54,47.61,0.01,1,4761,买盘
11:11:59,47.61,0.0,6,28561,买盘
11:12:09,47.6,-0.01,5,23800,卖盘
11:12:17,47.6,0.0,4,19040,卖盘
11:12:24,47.6,0.0,2,9520,卖盘
11:12:30,47.6,0.0,4,19040,卖盘
11:12:36,47.61,0.01,10,47610,买盘
11:12:38,47.6,-0.01,8,38081,卖盘
11:12:42,47.61,0.01,1,4761,买盘
11:12:48,47.6,-0.01,7,33320,卖盘
11:12:51,47.6,0.0,2,9521,卖盘
11:12:53,47.61,0.01,5,23805,买盘
11:12:57,47.61,0.0,52,247522,买盘
11:13:00,47.6,-0.01,4,19040,卖盘
11:13:02,47.61,0.01,3,14283,买盘
11:13:09,47.6,-0.01,4,19042,卖盘
11:13:18,47.61,0.01,4,19044,卖盘
11:13:22,47.61,0.0,5,23805,卖盘
11:13:24,47.6,-0.01,3,14286,卖盘
11:13:29,47.6,0.0,42,199920,卖盘
11:13:32,47.58,-0.02,7,33310,卖盘
11:13:35,47.57,-0.01,2,9514,卖盘
11:13:41,47.59,0.02,2,9518,买盘
11:13:45,47.59,0.0,2,9518,买盘
11:13:48,47.58,-0.01,4,19032,卖盘
11:13:51,47.58,0.0,5,23790,卖盘
11:13:57,47.59,0.01,1,4759,买盘
11:14:00,47.58,-0.01,5,23790,卖盘
11:14:03,47.58,0.0,7,33306,卖盘
11:14:09,47.58,0.0,6,28544,买盘
11:14:12,47.61,0.03,3,14278,买盘
11:14:18,47.61,0.0,9,42849,买盘
11:14:20,47.57,-0.04,4,19029,卖盘
11:14:27,47.61,0.04,2,9522,买盘
11:14:30,47.61,0.0,4,19032,买盘
11:14:33,47.57,-0.04,10,47570,卖盘
11:14:39,47.61,0.04,5,23789,买盘
11:14:41,47.61,0.0,1,4761,买盘
11:14:45,47.58,-0.03,14,66615,卖盘
11:14:48,47.58,0.0,3,14280,卖盘
11:14:51,47.58,0.0,4,19032,卖盘
11:14:57,47.58,0.0,2,9517,卖盘
11:15:00,47.6,0.02,5,23792,买盘
11:15:03,47.6,0.0,10,47600,中性盘
11:15:09,47.58,-0.02,4,19032,卖盘
11:15:12,47.6,0.02,1,4760,买盘
11:15:15,47.6,0.0,1,4760,买盘
11:15:22,47.58,-0.02,4,19032,卖盘
11:15:23,47.59,0.01,1,4759,买盘
11:15:27,47.6,0.01,3,14280,买盘
11:15:29,47.58,-0.02,4,19032,卖盘
11:15:36,47.58,0.0,1,4758,卖盘
11:15:39,47.58,0.0,4,19032,卖盘
11:15:47,47.6,0.02,1,4760,买盘
11:15:52,47.58,-0.02,4,19032,卖盘
11:16:00,47.59,0.01,6,28550,买盘
11:16:03,47.59,0.0,1,4759,买盘
11:16:11,47.58,-0.01,3,14274,卖盘
11:16:18,47.59,0.01,1,4759,买盘
11:16:21,47.58,-0.01,4,19032,卖盘
11:16:23,47.59,0.01,2,9518,买盘
11:16:30,47.58,-0.01,5,23791,卖盘
11:16:33,47.59,0.01,5,23795,买盘
11:16:35,47.58,-0.01,1,4758,卖盘
11:16:39,47.59,0.01,6,28553,买盘
11:16:42,47.59,0.0,5,23791,买盘
11:16:45,47.59,0.0,4,19036,买盘
11:16:51,47.58,-0.01,4,19032,卖盘
11:16:54,47.59,0.01,1,4759,买盘
11:16:59,47.59,0.0,6,28550,买盘
11:17:09,47.59,0.0,2,9518,买盘
11:17:12,47.58,-0.01,4,19032,卖盘
11:17:15,47.58,0.0,13,61854,卖盘
11:17:18,47.59,0.01,1,4759,买盘
11:17:22,47.59,0.0,5,23791,买盘
11:17:27,47.59,0.0,1,4759,买盘
11:17:30,47.58,-0.01,4,19032,卖盘
11:17:34,47.59,0.01,2,9518,买盘
11:17:42,47.58,-0.01,4,19032,卖盘
11:17:43,47.59,0.01,15,71385,买盘
11:17:48,47.59,0.0,1,4759,买盘
11:17:49,47.58,-0.01,3,14274,卖盘
11:17:54,47.59,0.01,2,9518,买盘
11:18:00,47.58,-0.01,5,23791,卖盘
11:18:03,47.6,0.02,11,52351,买盘
11:18:07,47.58,-0.02,2,9516,卖盘
11:18:12,47.59,0.01,6,28551,卖盘
11:18:21,47.59,0.0,4,19036,卖盘
11:18:24,47.59,0.0,27,128513,卖盘
11:18:27,47.59,0.0,5,23797,卖盘
11:18:33,47.59,0.0,5,23795,买盘
11:18:37,47.59,0.0,3,14277,卖盘
11:18:42,47.59,0.0,1,4759,中性盘
11:18:48,47.6,0.01,10,47595,买盘
11:18:49,47.59,-0.01,8,38068,买盘
11:18:57,47.6,0.01,16,76146,买盘
11:18:59,47.59,-0.01,24,114236,卖盘
11:19:03,47.6,0.01,5,23800,买盘
11:19:05,47.6,0.0,19,90440,买盘
11:19:09,47.61,0.01,34,161857,买盘
11:19:12,47.61,0.0,12,57126,买盘
11:19:15,47.6,-0.01,1,4760,卖盘
11:19:18,47.61,0.01,1,4761,买盘
11:19:21,47.61,0.0,5,23801,买盘
11:19:26,47.61,0.0,5,23805,买盘
11:19:30,47.6,-0.01,7,33323,卖盘
11:19:33,47.62,0.02,11,52380,买盘
11:19:39,47.63,0.01,18,85734,买盘
11:19:40,47.61,-0.02,4,19045,卖盘
11:19:51,47.61,0.0,2,9523,卖盘
11:19:54,47.62,0.01,3,14284,买盘
11:20:00,47.61,-0.01,5,23801,买盘
11:20:04,47.61,0.0,2,9521,买盘
11:20:12,47.6,-0.01,4,19040,卖盘
11:20:18,47.61,0.01,1,4761,卖盘
11:20:21,47.61,0.0,5,23805,卖盘
11:20:24,47.61,0.0,15,71415,卖盘
11:20:27,47.62,0.01,2,9524,中性盘
11:20:30,47.61,-0.01,4,19044,卖盘
11:20:33,47.61,0.0,5,23805,卖盘
11:20:37,47.61,0.0,14,66655,卖盘
11:20:42,47.61,0.0,4,19044,卖盘
11:20:48,47.62,0.01,3,14286,买盘
11:20:51,47.62,0.0,10,47615,买盘
11:20:54,47.62,0.0,1,4762,卖盘
11:21:00,47.62,0.0,5,23810,卖盘
11:21:07,47.62,0.0,17,80953,卖盘
11:21:09,47.63,0.01,2,9526,买盘
11:21:12,47.62,-0.01,3,14286,卖盘
11:21:18,47.62,0.0,2,9525,卖盘
11:21:21,47.62,0.0,4,19048,卖盘
11:21:27,47.63,0.01,1,4763,买盘
11:21:30,47.62,-0.01,5,23811,卖盘
11:21:39,47.63,0.01,5,23815,买盘
11:21:42,47.62,-0.01,4,19048,卖盘
11:21:45,47.63,0.01,2,9526,买盘
11:21:51,47.62,-0.01,4,19048,卖盘
11:21:54,47.63,0.01,2,9526,买盘
11:22:00,47.62,-0.01,4,19048,卖盘
11:22:03,47.63,0.01,15,71445,买盘
11:22:06,47.63,0.0,3,14288,买盘
11:22:09,47.63,0.0,2,9526,买盘
11:22:12,47.62,-0.01,4,19048,卖盘
11:22:15,47.62,0.0,4,19048,卖盘
11:22:17,47.62,0.0,1,4762,卖盘
11:22:21,47.62,0.0,4,19048,卖盘
11:22:24,47.61,-0.01,248,1180964,卖盘
11:22:30,47.61,0.0,3,14283,卖盘
11:22:33,47.61,0.0,4,19044,卖盘
11:22:42,47.61,0.0,38,180930,卖盘
11:22:46,47.61,0.0,18,85698,卖盘
11:22:48,47.61,0.0,1,4761,卖盘
11:22:52,47.61,0.0,3,14283,卖盘
11:22:54,47.61,0.0,12,57132,卖盘
11:22:57,47.61,0.0,1,4761,卖盘
11:23:00,47.62,0.01,2,9523,买盘
11:23:03,47.61,-0.01,4,19044,卖盘
11:23:06,47.61,0.0,1,4761,卖盘
11:23:12,47.61,0.0,5,23805,卖盘
11:23:21,47.61,0.0,4,19044,卖盘
11:23:24,47.61,0.0,1,4761,卖盘
11:23:27,47.62,0.01,1,4762,买盘
11:23:30,47.61,-0.01,1,4761,卖盘
11:23:33,47.6,-0.01,126,599881,卖盘
11:23:36,47.6,0.0,79,376040,卖盘
11:23:39,47.57,-0.03,23,109422,卖盘
11:23:42,47.57,0.0,12,57084,卖盘
11:23:45,47.56,-0.01,17,80868,卖盘
11:23:48,47.56,0.0,1,4756,卖盘
11:23:51,47.56,0.0,7,33292,卖盘
11:23:54,47.56,0.0,2,9512,卖盘
11:23:57,47.56,0.0,1,4756,卖盘
11:24:03,47.55,-0.01,22,104610,卖盘
11:24:06,47.55,0.0,11,52305,卖盘
11:24:12,47.56,0.01,29,137906,买盘
11:24:21,47.54,-0.02,4,19016,卖盘
11:24:30,47.55,0.01,1,4755,买盘
11:24:33,47.56,0.01,18,85602,买盘
11:24:36,47.56,0.0,2,9512,卖盘
11:24:42,47.56,0.0,4,19024,卖盘
11:24:48,47.57,0.01,1,4757,买盘
11:24:51,47.56,-0.01,4,19024,卖盘
11:24:54,47.56,0.0,1,4756,卖盘
11:25:02,47.55,-0.01,5,23775,卖盘
11:25:06,47.56,0.01,3,14268,买盘
11:25:12,47.57,0.01,4,19028,卖盘
11:25:15,47.6,0.03,1,4760,买盘
11:25:21,47.56,-0.04,4,19024,卖盘
11:25:27,47.56,0.0,5,23780,卖盘
11:25:30,47.56,0.0,4,19024,卖盘
11:25:39,47.56,0.0,1,4756,卖盘
11:25:40,47.56,0.0,4,19024,卖盘
11:25:51,47.56,0.0,4,19024,卖盘
11:26:00,47.56,0.0,5,23780,卖盘
11:26:12,47.56,0.0,3,14270,卖盘
11:26:18,47.57,0.01,1,4757,中性盘
11:26:21,47.56,-0.01,4,19024,卖盘
11:26:24,47.56,0.0,1,4756,卖盘
11:26:33,47.56,0.0,4,19024,卖盘
11:26:37,47.57,0.01,2,9514,买盘
11:26:42,47.56,-0.01,7,33297,卖盘
11:26:51,47.56,0.0,5,23780,卖盘
11:27:00,47.56,0.0,4,19024,卖盘
11:27:03,47.56,0.0,6,28536,卖盘
11:27:09,47.56,0.0,5,23784,卖盘
11:27:12,47.56,0.0,4,19024,卖盘
11:27:21,47.56,0.0,5,23780,卖盘
11:27:27,47.56,0.0,5,23780,卖盘
11:27:30,47.56,0.0,6,28536,卖盘
11:27:33,47.56,0.0,9,42804,卖盘
11:27:34,47.56,0.0,2,9512,卖盘
11:27:39,47.56,0.0,2,9512,卖盘
11:27:42,47.56,0.0,5,23780,卖盘
11:27:45,47.56,0.0,4,19024,卖盘
11:27:48,47.56,0.0,3,14268,卖盘
11:27:52,47.56,0.0,5,23780,卖盘
11:27:57,47.56,0.0,2,9512,卖盘
11:28:00,47.57,0.01,1,4757,买盘
11:28:03,47.57,0.0,4,19028,卖盘
11:28:06,47.57,0.0,1,4757,卖盘
11:28:09,47.58,0.01,1,4758,买盘
11:28:12,47.57,-0.01,4,19028,卖盘
11:28:24,47.56,-0.01,4,19024,卖盘
11:28:33,47.57,0.01,4,19028,卖盘
11:28:39,47.58,0.01,4,19032,买盘
11:28:40,47.58,0.0,4,19032,卖盘
11:28:49,47.58,0.0,2,9516,卖盘
11:29:03,47.57,-0.01,4,19028,卖盘
11:29:09,47.57,0.0,1,4757,卖盘
11:29:21,47.56,-0.01,4,19024,卖盘
11:29:28,47.54,-0.02,57,271000,卖盘
11:29:33,47.54,0.0,2,9508,卖盘
11:29:36,47.56,0.02,7,33287,买盘
11:29:42,47.56,0.0,23,109388,卖盘
11:29:51,47.54,-0.02,14,66582,卖盘
11:29:54,47.58,0.04,10,47575,买盘
13:00:00,47.6,0.02,35,166598,买盘
13:00:03,47.62,0.02,88,418950,买盘
13:00:07,47.63,0.01,197,937940,买盘
13:00:08,47.64,0.01,43,204810,买盘
13:00:12,47.63,-0.01,4,19052,卖盘
13:00:15,47.64,0.01,11,52404,买盘
13:00:18,47.65,0.01,13,61937,买盘
13:00:22,47.66,0.01,9,42894,买盘
13:00:24,47.66,0.0,8,38123,买盘
13:00:27,47.67,0.01,31,147738,买盘
13:00:30,47.67,0.0,10,47660,买盘
13:00:33,47.68,0.01,30,143014,买盘
13:00:36,47.68,0.0,24,114432,买盘
13:00:39,47.68,0.0,19,90592,买盘
13:00:42,47.68,0.0,8,38136,买盘
13:00:45,47.68,0.0,2,9536,买盘
13:00:52,47.69,0.01,4,19073,买盘
13:00:54,47.68,-0.01,10,47668,买盘
13:00:57,47.68,0.0,1,4768,卖盘
13:01:00,47.68,0.0,4,19074,卖盘
13:01:06,47.64,-0.04,2,9528,卖盘
13:01:12,47.64,0.0,2,9528,卖盘
13:01:24,47.6,-0.04,5,23800,卖盘
13:01:27,47.6,0.0,1,4760,卖盘
13:01:30,47.68,0.08,22,104848,买盘
13:01:33,47.6,-0.08,8,38108,卖盘
13:01:37,47.6,0.0,1,4760,卖盘
13:01:42,47.6,0.0,4,19040,卖盘
13:01:44,47.6,0.0,1,4760,买盘
13:01:48,47.64,0.04,1,4764,买盘
13:01:54,47.6,-0.04,3,14280,卖盘
13:01:57,47.59,-0.01,1,4759,卖盘
13:02:00,47.6,0.01,2,9520,买盘
13:02:03,47.64,0.04,6,28564,买盘
13:02:06,47.64,0.0,1,4764,买盘
13:02:09,47.59,-0.05,1,4759,卖盘
13:02:12,47.59,0.0,4,19036,卖盘
13:02:22,47.57,-0.02,86,409209,卖盘
13:02:24,47.59,0.02,4,19036,卖盘
13:02:27,47.59,0.0,45,214161,卖盘
13:02:30,47.67,0.08,2,9533,买盘
13:02:33,47.59,-0.08,10,47599,卖盘
13:02:36,47.59,0.0,6,28554,卖盘
13:02:39,47.59,0.0,6,28555,卖盘
13:02:42,47.6,0.01,4,19040,卖盘
13:02:45,47.6,0.0,2,9520,卖盘
13:02:48,47.64,0.04,3,14292,卖盘
13:02:54,47.64,0.0,4,19056,卖盘
13:02:57,47.64,0.0,2,9530,卖盘
13:02:59,47.64,0.0,3,14296,卖盘
13:03:03,47.64,0.0,24,114336,卖盘
13:03:12,47.64,0.0,4,19056,卖盘
13:03:18,47.65,0.01,7,33355,买盘
13:03:22,47.64,-0.01,94,447661,卖盘
13:03:24,47.64,0.0,4,19056,中性盘
13:03:30,47.64,0.0,2,9528,买盘
13:03:32,47.57,-0.07,4,19028,卖盘
13:03:37,47.63,0.06,1,4763,买盘
13:03:42,47.57,-0.06,5,23785,卖盘
13:03:45,47.63,0.06,1,4763,买盘
13:03:54,47.57,-0.06,5,23785,卖盘
13:03:57,47.57,0.0,2,9519,卖盘
13:04:03,47.57,0.0,5,23785,卖盘
13:04:07,47.63,0.06,9,42864,买盘
13:04:12,47.62,-0.01,2,9524,买盘
13:04:15,47.58,-0.04,4,19032,卖盘
13:04:24,47.58,0.0,4,19032,卖盘
13:04:33,47.6,0.02,3,14280,卖盘
13:04:39,47.61,0.01,3,14283,买盘
13:04:42,47.62,0.01,6,28569,买盘
13:04:45,47.62,0.0,5,23806,买盘
13:04:48,47.62,0.0,6,28572,买盘
13:04:52,47.62,0.0,1,4762,买盘
13:04:53,47.6,-0.02,4,19040,卖盘
13:04:57,47.62,0.02,2,9524,买盘
13:05:00,47.62,0.0,5,23810,买盘
13:05:03,47.6,-0.02,4,19040,卖盘
13:05:06,47.61,0.01,3,14283,买盘
13:05:09,47.62,0.01,23,109526,买盘
13:05:12,47.61,-0.01,12,57143,卖盘
13:05:15,47.62,0.01,5,23806,中性盘
13:05:18,47.62,0.0,3,14286,买盘
13:05:22,47.61,-0.01,2,9522,卖盘
13:05:24,47.61,0.0,4,19044,卖盘
13:05:27,47.65,0.04,4,19053,买盘
13:05:33,47.61,-0.04,6,28566,卖盘
13:05:39,47.66,0.05,3,14298,买盘
13:05:45,47.63,-0.03,10,47630,卖盘
13:05:48,47.64,0.01,11,52404,买盘
13:05:52,47.65,0.01,1,4765,卖盘
13:05:54,47.63,-0.02,2,9526,卖盘
13:05:57,47.61,-0.02,2,9522,卖盘
13:06:03,47.61,0.0,4,19044,卖盘
13:06:07,47.61,0.0,1,4761,卖盘
13:06:09,47.65,0.04,5,20196,买盘
13:06:12,47.66,0.01,2,9532,买盘
13:06:15,47.63,-0.03,6,28589,卖盘
13:06:18,47.63,0.0,5,23815,卖盘
13:06:21,47.63,0.0,1,4763,卖盘
13:06:24,47.64,0.01,5,23820,卖盘
13:06:27,47.64,0.0,21,100044,卖盘
13:06:30,47.63,-0.01,11,52403,卖盘
13:06:33,47.63,0.0,6,28579,卖盘
13:06:37,47.63,0.0,15,71445,卖盘
13:06:39,47.64,0.01,12,57164,买盘
13:06:42,47.63,-0.01,15,71459,卖盘
13:06:45,47.63,0.0,4,19052,卖盘
13:06:48,47.68,0.05,28,133459,买盘
13:06:54,47.63,-0.05,5,23815,卖盘
13:06:57,47.68,0.05,2,9535,买盘
13:07:00,47.68,0.0,19,90592,买盘
13:07:03,47.68,0.0,5,23840,卖盘
13:07:09,47.68,0.0,5,23840,卖盘
13:07:15,47.68,0.0,5,23840,卖盘
13:07:18,47.68,0.0,19,90592,买盘
13:07:21,47.63,-0.05,1,4763,卖盘
13:07:24,47.67,0.04,5,23819,买盘
13:07:30,47.67,0.0,1,4767,卖盘
13:07:45,47.64,-0.03,1,4764,卖盘
13:07:54,47.63,-0.01,5,23817,卖盘
13:07:57,47.66,0.03,13,61954,买盘
13:08:00,47.64,-0.02,2,9528,中性盘
13:08:03,47.63,-0.01,4,19054,卖盘
13:08:09,47.67,0.04,1,4767,买盘
13:08:15,47.65,-0.02,1,4765,卖盘
13:08:21,47.67,0.02,7,33363,买盘
13:08:24,47.65,-0.02,3,14297,卖盘
13:08:27,47.67,0.02,13,61971,买盘
13:08:30,47.67,0.0,2,9534,买盘
13:08:42,47.67,0.0,2,9534,买盘
13:08:48,47.67,0.0,12,57204,卖盘
13:08:52,47.67,0.0,2,9534,买盘
13:09:03,47.67,0.0,1,4767,买盘
13:09:09,47.67,0.0,2,9534,买盘
13:09:12,47.68,0.01,2,9536,买盘
13:09:22,47.66,-0.02,1,4766,卖盘
13:09:27,47.67,0.01,5,23835,买盘
13:09:30,47.67,0.0,1,4767,卖盘
13:09:34,47.68,0.01,12,57207,买盘
13:09:37,47.68,0.0,2,9535,买盘
13:09:39,47.68,0.0,15,71518,买盘
13:09:43,47.68,0.0,1,4768,卖盘
13:09:45,47.68,0.0,3,14304,卖盘
13:09:48,47.68,0.0,60,286081,卖盘
13:09:52,47.68,0.0,2,9536,买盘
13:09:54,47.67,-0.01,6,28602,卖盘
13:09:57,47.65,-0.02,15,71501,卖盘
13:10:00,47.65,0.0,10,47672,卖盘
13:10:03,47.65,0.0,1,4765,卖盘
13:10:07,47.65,0.0,7,33355,卖盘
13:10:13,47.65,0.0,1,4765,卖盘
13:10:15,47.64,-0.01,19,90531,卖盘
13:10:18,47.64,0.0,3,14292,卖盘
13:10:22,47.65,0.01,3,14294,买盘
13:10:27,47.64,-0.01,2,9528,卖盘
13:10:34,47.64,0.0,1,4764,买盘
13:10:36,47.63,-0.01,4,19052,卖盘
13:10:39,47.63,0.0,9,42867,卖盘
13:10:45,47.62,-0.01,1,4762,卖盘
13:10:48,47.63,0.01,5,20195,买盘
13:10:52,47.64,0.01,6,28583,买盘
13:10:54,47.63,-0.01,9,46494,卖盘
13:10:57,47.62,-0.01,71,338102,买盘
13:11:00,47.62,0.0,3,14286,买盘
13:11:04,47.62,0.0,26,123802,买盘
13:11:06,47.62,0.0,7,33330,买盘
13:11:09,47.62,0.0,7,33334,买盘
13:11:12,47.63,0.01,3,10668,买盘
13:11:15,47.68,0.05,14,66701,买盘
13:11:22,47.61,-0.07,4,19048,卖盘
13:11:24,47.64,0.03,10,47674,中性盘
13:11:27,47.61,-0.03,29,138074,卖盘
13:11:33,47.64,0.03,3,14290,买盘
13:11:37,47.62,-0.02,4,19048,卖盘
13:11:39,47.63,0.01,4,19052,卖盘
13:11:42,47.63,0.0,1,4763,卖盘
13:11:45,47.63,0.0,10,47630,卖盘
13:11:48,47.63,0.0,4,19052,卖盘
13:11:52,47.62,-0.01,6,28587,卖盘
13:11:57,47.63,0.01,7,33335,中性盘
13:12:00,47.62,-0.01,1,4762,卖盘
13:12:03,47.62,0.0,1,4762,卖盘
13:12:07,47.63,0.01,7,33336,买盘
13:12:09,47.62,-0.01,8,38096,卖盘
13:12:12,47.61,-0.01,1,4761,卖盘
13:12:15,47.61,0.0,7,33327,卖盘
13:12:18,47.61,0.0,3,14284,卖盘
13:12:22,47.62,0.01,6,28572,买盘
13:12:27,47.61,-0.01,9,42850,卖盘
13:12:30,47.61,0.0,1,4761,卖盘
13:12:34,47.62,0.01,2,9524,买盘
13:12:36,47.62,0.0,7,33334,卖盘
13:12:39,47.63,0.01,9,42867,买盘
13:12:45,47.63,0.0,9,42861,买盘
13:12:48,47.63,0.0,1,4763,买盘
13:12:52,47.65,0.02,3,14290,买盘
13:12:54,47.63,-0.02,3,14287,买盘
13:12:57,47.65,0.02,4,19051,买盘
13:13:03,47.62,-0.03,22,104782,卖盘
13:13:07,47.61,-0.01,15,71427,卖盘
13:13:13,47.61,0.0,8,38096,卖盘
13:13:15,47.61,0.0,5,23805,卖盘
13:13:18,47.61,0.0,5,23809,卖盘
13:13:24,47.62,0.01,3,14287,卖盘
13:13:27,47.62,0.0,5,23810,卖盘
13:13:30,47.62,0.0,1,4762,买盘
13:13:33,47.62,0.0,2,9524,买盘
13:13:37,47.61,-0.01,6,28566,卖盘
13:13:39,47.61,0.0,2,9523,卖盘
13:13:42,47.62,0.01,2,9524,买盘
13:13:45,47.61,-0.01,15,71420,卖盘
13:13:48,47.61,0.0,5,23809,卖盘
13:13:57,47.61,0.0,4,19044,卖盘
13:14:00,47.61,0.0,5,23813,卖盘
13:14:03,47.61,0.0,8,38088,卖盘
13:14:06,47.62,0.01,4,19048,卖盘
13:14:09,47.65,0.03,1,4765,买盘
13:14:15,47.62,-0.03,4,19048,卖盘
13:14:18,47.64,0.02,2,9528,买盘
13:14:24,47.62,-0.02,6,28572,卖盘
13:14:30,47.62,0.0,4,19048,买盘
13:14:37,47.62,0.0,3,14286,卖盘
13:14:42,47.62,0.0,1,4762,卖盘
13:14:46,47.62,0.0,3,14286,卖盘
13:14:57,47.61,-0.01,4,19044,卖盘
13:15:00,47.64,0.03,15,71437,买盘
13:15:06,47.63,-0.01,4,19052,卖盘
13:15:09,47.64,0.01,2,9528,买盘
13:15:15,47.64,0.0,2,9528,卖盘
13:15:21,47.65,0.01,4,19058,买盘
13:15:24,47.63,-0.02,1,4763,卖盘
13:15:27,47.64,0.01,5,23816,中性盘
13:15:30,47.65,0.01,6,28587,买盘
13:15:33,47.63,-0.02,8,38111,卖盘
13:15:39,47.63,0.0,3,14289,卖盘
13:15:43,47.64,0.01,2,9528,买盘
13:15:45,47.63,-0.01,5,23815,卖盘
13:15:51,47.64,0.01,1,4764,买盘
13:15:54,47.65,0.01,12,57174,买盘
13:15:57,47.64,-0.01,6,28579,中性盘
13:16:00,47.64,0.0,4,19055,买盘
13:16:07,47.63,-0.01,7,33344,卖盘
13:16:09,47.64,0.01,1,4764,买盘
13:16:12,47.64,0.0,16,76221,买盘
13:16:15,47.64,0.0,7,33344,买盘
13:16:18,47.64,0.0,13,61932,买盘
13:16:21,47.65,0.01,2,9530,买盘
13:16:28,47.65,0.0,5,23817,买盘
13:16:37,47.64,-0.01,6,28586,卖盘
13:16:39,47.65,0.01,2,9530,买盘
13:16:42,47.65,0.0,3,14295,买盘
13:16:45,47.64,-0.01,2,9528,卖盘
13:16:48,47.64,0.0,4,19056,卖盘
13:16:52,47.64,0.0,2,9529,卖盘
13:16:57,47.65,0.01,7,33355,买盘
13:17:00,47.67,0.02,3,14302,中性盘
13:17:07,47.65,-0.02,3,14295,中性盘
13:17:09,47.65,0.0,1,4765,买盘
13:17:15,47.65,0.0,1,4765,卖盘
13:17:18,47.68,0.03,6,28596,买盘
13:17:22,47.69,0.01,26,123969,买盘
13:17:24,47.69,0.0,1,4769,买盘
13:17:27,47.68,-0.01,4,19072,卖盘
13:17:33,47.69,0.01,31,147839,买盘
13:17:37,47.68,-0.01,4,19072,卖盘
13:17:39,47.68,0.0,2,9536,卖盘
13:17:42,47.68,0.0,5,23842,卖盘
13:17:45,47.69,0.01,4,19076,买盘
13:17:48,47.68,-0.01,4,19072,卖盘
13:17:51,47.69,0.01,4,19075,买盘
13:17:54,47.69,0.0,6,28375,买盘
13:17:57,47.68,-0.01,3,14305,卖盘
13:18:03,47.69,0.01,2,9538,买盘
13:18:07,47.68,-0.01,4,19072,卖盘
13:18:09,47.69,0.01,18,85857,买盘
13:18:12,47.7,0.01,2,9540,买盘
13:18:15,47.7,0.0,6,28620,买盘
13:18:20,47.69,-0.01,9,42921,卖盘
13:18:21,47.7,0.01,9,42930,买盘
13:18:24,47.69,-0.01,8,38152,卖盘
13:18:27,47.69,0.0,5,23846,卖盘
13:18:33,47.7,0.01,12,57240,买盘
13:18:37,47.7,0.0,9,42926,买盘
13:18:42,47.7,0.0,4,19080,买盘
13:18:45,47.7,0.0,3,14310,买盘
13:18:48,47.7,0.0,8,38156,买盘
13:18:57,47.7,0.0,7,33386,买盘
13:19:00,47.7,0.0,6,28620,买盘
13:19:03,47.7,0.0,1,4770,卖盘
13:19:07,47.7,0.0,8,38163,卖盘
13:19:12,47.71,0.01,11,52481,买盘
13:19:19,47.71,0.0,9,42939,卖盘
13:19:24,47.72,0.01,1,4772,买盘
13:19:27,47.71,-0.01,16,76346,卖盘
13:19:30,47.72,0.01,7,33403,买盘
13:19:33,47.72,0.0,1,4772,卖盘
13:19:37,47.72,0.0,25,119301,卖盘
13:19:40,47.75,0.03,4,19100,买盘
13:19:42,47.75,0.0,25,119375,买盘
13:19:48,47.75,0.0,5,23863,买盘
13:19:54,47.75,0.0,12,57300,买盘
13:19:57,47.75,0.0,7,33425,卖盘
13:20:00,47.76,0.01,12,57317,买盘
13:20:03,47.77,0.01,19,90761,买盘
13:20:06,47.78,0.01,13,62110,买盘
13:20:09,47.78,0.0,3,14334,买盘
13:20:12,47.78,0.0,11,52554,买盘
13:20:15,47.78,0.0,5,23890,买盘
13:20:18,47.79,0.01,27,128999,买盘
13:20:22,47.78,-0.01,15,71670,卖盘
13:20:24,47.79,0.01,1,4779,买盘
13:20:27,47.78,-0.01,4,19112,卖盘
13:20:30,47.79,0.01,12,57348,买盘
13:20:33,47.79,0.0,7,33452,买盘
13:20:37,47.78,-0.01,24,114682,卖盘
13:20:39,47.79,0.01,3,14338,中性盘
13:20:42,47.78,-0.01,23,109925,卖盘
13:20:45,47.8,0.02,37,176792,买盘
13:20:48,47.79,-0.01,6,28670,中性盘
13:20:52,47.79,0.0,10,47790,卖盘
13:20:54,47.79,0.0,1,4779,买盘
13:20:57,47.78,-0.01,2,9556,卖盘
13:21:00,47.78,0.0,5,23892,卖盘
13:21:03,47.79,0.01,24,114689,买盘
13:21:07,47.78,-0.01,9,43010,卖盘
13:21:10,47.79,0.01,5,23890,买盘
13:21:12,47.78,-0.01,5,23890,卖盘
13:21:15,47.78,0.0,4,19109,中性盘
13:21:18,47.78,0.0,2,9556,买盘
13:21:24,47.77,-0.01,14,66878,卖盘
13:21:27,47.75,-0.02,15,71633,卖盘
13:21:30,47.75,0.0,4,19100,买盘
13:21:33,47.75,0.0,22,105091,买盘
13:21:36,47.73,-0.02,3,14322,卖盘
13:21:39,47.73,0.0,2,9546,买盘
13:21:42,47.73,0.0,9,42950,买盘
13:21:45,47.76,0.03,1,4776,买盘
13:21:48,47.72,-0.04,4,19089,卖盘
13:21:52,47.75,0.03,201,960346,中性盘
13:21:57,47.72,-0.03,6,28636,卖盘
13:22:03,47.73,0.01,2,9545,买盘
13:22:07,47.72,-0.01,5,23861,卖盘
13:22:10,47.72,0.0,2,9545,卖盘
13:22:12,47.72,0.0,16,76353,卖盘
13:22:15,47.72,0.0,2,9544,卖盘
13:22:18,47.72,0.0,3,14316,卖盘
13:22:22,47.73,0.01,4,19092,买盘
13:22:27,47.73,0.0,5,23865,卖盘
13:22:30,47.73,0.0,2,9546,卖盘
13:22:40,47.73,0.0,13,62071,卖盘
13:22:42,47.73,0.0,3,14319,卖盘
13:22:48,47.73,0.0,4,19092,卖盘
13:22:57,47.73,0.0,3,14319,卖盘
13:23:00,47.73,0.0,3,14319,卖盘
13:23:03,47.73,0.0,6,28638,卖盘
13:23:09,47.73,0.0,20,95467,卖盘
13:23:13,47.75,0.02,2,9550,买盘
13:23:15,47.75,0.0,2,9550,买盘
13:23:18,47.74,-0.01,2,9548,卖盘
13:23:22,47.73,-0.01,1,4773,卖盘
13:23:27,47.73,0.0,9,42962,卖盘
13:23:30,47.73,0.0,1,4773,卖盘
13:23:33,47.73,0.0,23,109815,卖盘
13:23:37,47.73,0.0,6,28640,卖盘
13:23:40,47.73,0.0,1,4773,卖盘
13:23:42,47.72,-0.01,5,23860,卖盘
13:23:45,47.71,-0.01,12,57261,卖盘
13:23:48,47.72,0.01,1,4772,中性盘
13:23:51,47.71,-0.01,8,38168,卖盘
13:23:54,47.71,0.0,2,9543,卖盘
13:23:57,47.71,0.0,13,62023,卖盘
13:24:00,47.71,0.0,8,38174,卖盘
13:24:07,47.72,0.01,4,19087,买盘
13:24:09,47.72,0.0,13,62032,买盘
13:24:15,47.71,-0.01,9,42939,卖盘
13:24:18,47.71,0.0,4,19084,卖盘
13:24:24,47.72,0.01,12,57264,买盘
13:24:27,47.71,-0.01,12,57252,卖盘
13:24:30,47.72,0.01,44,209928,买盘
13:24:33,47.71,-0.01,9,42941,卖盘
13:24:37,47.73,0.02,1,4773,买盘
13:24:39,47.72,-0.01,11,52484,卖盘
13:24:45,47.71,-0.01,9,42940,卖盘
13:24:48,47.72,0.01,2,9544,中性盘
13:24:52,47.71,-0.01,8,38168,卖盘
13:24:57,47.7,-0.01,10,47702,卖盘
13:25:00,47.71,0.01,1,4771,买盘
13:25:09,47.7,-0.01,14,66780,卖盘
13:25:12,47.7,0.0,11,52471,卖盘
13:25:15,47.7,0.0,9,42931,卖盘
13:25:18,47.71,0.01,13,62017,买盘
13:25:21,47.7,-0.01,11,52472,卖盘
13:25:27,47.71,0.01,14,66786,买盘
13:25:30,47.71,0.0,1,4771,卖盘
13:25:33,47.72,0.01,16,76337,买盘
13:25:36,47.72,0.0,20,95421,买盘
13:25:39,47.71,-0.01,16,76336,卖盘
13:25:45,47.7,-0.01,8,38163,卖盘
13:25:48,47.72,0.02,11,52485,买盘
13:25:52,47.7,-0.02,9,42930,卖盘
13:25:54,47.69,-0.01,4,19081,卖盘
13:25:57,47.69,0.0,8,38152,卖盘
13:26:00,47.7,0.01,15,71536,买盘
13:26:03,47.69,-0.01,4,19076,卖盘
13:26:07,47.69,0.0,1,4769,卖盘
13:26:09,47.69,0.0,12,57228,卖盘
13:26:12,47.69,0.0,8,38155,卖盘
13:26:15,47.69,0.0,21,100149,卖盘
13:26:18,47.7,0.01,5,23847,买盘
13:26:22,47.69,-0.01,10,47690,卖盘
13:26:27,47.69,0.0,25,119225,卖盘
13:26:30,47.68,-0.01,5,23840,卖盘
13:26:33,47.68,0.0,18,85824,卖盘
13:26:37,47.68,0.0,1,4768,中性盘
13:26:39,47.65,-0.03,2,9530,卖盘
13:26:45,47.68,0.03,2,9536,买盘
13:26:48,47.65,-0.03,34,162010,卖盘
13:26:57,47.65,0.0,4,19060,卖盘
13:27:00,47.66,0.01,1,4766,中性盘
13:27:03,47.65,-0.01,2,9530,卖盘
13:27:07,47.66,0.01,1,4766,买盘
13:27:09,47.65,-0.01,4,19060,卖盘
13:27:18,47.66,0.01,7,33357,买盘
13:27:25,47.66,0.0,2,9532,买盘
13:27:27,47.66,0.0,47,223957,买盘
13:27:30,47.65,-0.01,2,9530,卖盘
13:27:33,47.66,0.01,9,42894,买盘
13:27:37,47.65,-0.01,51,243015,卖盘
13:27:39,47.66,0.01,5,23826,买盘
13:27:42,47.66,0.0,26,123916,买盘
13:27:45,47.65,-0.01,7,33355,卖盘
13:27:48,47.65,0.0,4,19060,卖盘
13:27:52,47.65,0.0,1,4765,买盘
13:27:55,47.65,0.0,1,4765,买盘
13:27:57,47.64,-0.01,3,14292,卖盘
13:28:00,47.64,0.0,3,14292,卖盘
13:28:07,47.64,0.0,2,9528,卖盘
13:28:09,47.64,0.0,5,23820,卖盘
13:28:15,47.64,0.0,6,28586,卖盘
13:28:18,47.64,0.0,5,23820,卖盘
13:28:22,47.64,0.0,7,33348,卖盘
13:28:25,47.65,0.01,1,4765,买盘
13:28:27,47.65,0.0,5,23821,买盘
13:28:33,47.64,-0.01,8,38112,卖盘
13:28:37,47.65,0.01,5,23825,买盘
13:28:39,47.64,-0.01,6,28585,卖盘
13:28:42,47.65,0.01,3,14295,买盘
13:28:45,47.66,0.01,13,61956,买盘
13:28:48,47.65,-0.01,4,19060,卖盘
13:28:52,47.66,0.01,1,4766,买盘
13:28:54,47.65,-0.01,3,14295,卖盘
13:29:00,47.65,0.0,1,4765,买盘
13:29:03,47.65,0.0,12,57180,买盘
13:29:09,47.65,0.0,4,19060,卖盘
13:29:15,47.66,0.01,3,14298,买盘
13:29:18,47.66,0.0,4,19064,卖盘
13:29:27,47.66,0.0,3,14298,卖盘
13:29:39,47.65,-0.01,3,14295,卖盘
13:29:42,47.65,0.0,9,42887,卖盘
13:29:48,47.65,0.0,8,38123,卖盘
13:29:57,47.65,0.0,23,109595,卖盘
13:30:00,47.64,-0.01,3,14292,卖盘
13:30:03,47.66,0.02,59,281138,买盘
13:30:09,47.64,-0.02,5,23824,卖盘
13:30:18,47.64,0.0,4,19056,中性盘
13:30:30,47.64,0.0,4,19056,卖盘
13:30:39,47.66,0.02,6,28596,中性盘
13:30:43,47.64,-0.02,11,52433,卖盘
13:30:45,47.67,0.03,10,47670,买盘
13:30:48,47.64,-0.03,7,33357,卖盘
13:31:00,47.64,0.0,5,23820,卖盘
13:31:03,47.64,0.0,1,4764,买盘
13:31:09,47.64,0.0,4,19056,卖盘
13:31:12,47.64,0.0,1,4764,卖盘
13:31:18,47.64,0.0,3,14292,卖盘
13:31:24,47.64,0.0,2,9528,卖盘
13:31:28,47.65,0.01,1,4765,中性盘
13:31:30,47.64,-0.01,4,19056,卖盘
13:31:33,47.65,0.01,7,33353,买盘
13:31:37,47.65,0.0,1,4765,买盘
13:31:39,47.66,0.01,5,23822,买盘
13:31:43,47.67,0.01,6,28601,买盘
13:31:45,47.65,-0.02,7,33357,中性盘
13:31:48,47.67,0.02,7,33360,买盘
13:31:51,47.67,0.0,1,4767,买盘
13:31:54,47.67,0.0,2,9534,买盘
13:31:58,47.67,0.0,1,4767,买盘
13:32:00,47.67,0.0,6,28590,买盘
13:32:03,47.67,0.0,8,38136,买盘
13:32:07,47.68,0.01,2,9536,买盘
13:32:09,47.68,0.0,6,28604,买盘
13:32:12,47.68,0.0,1,4768,买盘
13:32:18,47.67,-0.01,4,19068,卖盘
13:32:22,47.67,0.0,4,19071,卖盘
13:32:27,47.67,0.0,2,9534,卖盘
13:32:30,47.67,0.0,3,14301,卖盘
13:32:39,47.65,-0.02,4,19062,卖盘
13:32:42,47.67,0.02,2,9534,买盘
13:32:48,47.65,-0.02,4,19060,卖盘
13:32:52,47.66,0.01,1,4766,买盘
13:32:54,47.66,0.0,5,23830,买盘
13:32:58,47.66,0.0,20,95320,卖盘
13:33:00,47.67,0.01,4,19065,买盘
13:33:03,47.66,-0.01,2,9532,卖盘
13:33:09,47.66,0.0,5,23826,买盘
13:33:18,47.66,0.0,4,19064,卖盘
13:33:22,47.66,0.0,6,28596,卖盘
13:33:24,47.67,0.01,1,4767,买盘
13:33:27,47.67,0.0,3,14299,买盘
13:33:30,47.66,-0.01,1,4766,中性盘
13:33:33,47.65,-0.01,1,4765,卖盘
13:33:37,47.65,0.0,1,4765,卖盘
13:33:39,47.66,0.01,5,23826,买盘
13:33:42,47.66,0.0,20,95320,买盘
13:33:45,47.67,0.01,1,4767,买盘
13:33:48,47.66,-0.01,49,233615,卖盘
13:33:54,47.67,0.01,1,4767,买盘
13:34:00,47.66,-0.01,5,23830,卖盘
13:34:03,47.67,0.01,1,4767,买盘
13:34:07,47.66,-0.01,1,4766,卖盘
13:34:09,47.66,0.0,14,66724,卖盘
13:34:15,47.67,0.01,2,9534,买盘
13:34:18,47.66,-0.01,4,19065,卖盘
13:34:21,47.67,0.01,1,4767,卖盘
13:34:27,47.67,0.0,3,14301,买盘
13:34:30,47.67,0.0,5,23835,卖盘
13:34:37,47.68,0.01,1,4768,买盘
13:34:39,47.67,-0.01,3,14301,卖盘
13:34:42,47.67,0.0,1,4767,卖盘
13:34:45,47.67,0.0,2,9534,卖盘
13:34:48,47.67,0.0,4,19068,卖盘
13:34:57,47.67,0.0,35,166871,卖盘
13:35:00,47.68,0.01,7,33372,买盘
13:35:07,47.67,-0.01,2,9534,卖盘
13:35:09,47.67,0.0,5,23836,卖盘
13:35:12,47.67,0.0,1,4767,卖盘
13:35:18,47.67,0.0,19,90574,卖盘
13:35:21,47.67,0.0,10,47670,卖盘
13:35:24,47.67,0.0,1,4767,卖盘
13:35:27,47.67,0.0,1,4767,卖盘
13:35:30,47.67,0.0,9,42903,卖盘
13:35:39,47.67,0.0,4,19068,卖盘
13:35:45,47.67,0.0,4,19068,卖盘
13:35:48,47.66,-0.01,38,181125,卖盘
13:35:52,47.65,-0.01,2,9530,卖盘
13:35:57,47.66,0.01,1,4766,买盘
13:36:00,47.65,-0.01,5,23825,卖盘
13:36:09,47.65,0.0,4,19060,卖盘
13:36:18,47.66,0.01,4,19064,买盘
13:36:22,47.65,-0.01,3,14295,卖盘
13:36:24,47.65,0.0,70,333550,卖盘
13:36:30,47.66,0.01,19,90546,买盘
13:36:33,47.66,0.0,6,28596,买盘
13:36:39,47.65,-0.01,10,47651,卖盘
13:36:45,47.65,0.0,2,9530,卖盘
13:36:52,47.65,0.0,7,33355,卖盘
13:36:54,47.65,0.0,3,14295,卖盘
13:37:01,47.66,0.01,5,23826,买盘
13:37:06,47.66,0.0,1,4766,买盘
13:37:09,47.65,-0.01,5,23826,卖盘
13:37:12,47.66,0.01,7,33358,买盘
13:37:15,47.66,0.0,1,4766,卖盘
13:37:22,47.66,0.0,7,33365,卖盘
13:37:28,47.67,0.01,174,829458,买盘
13:37:30,47.69,0.02,24,114433,买盘
13:37:33,47.69,0.0,1,4769,买盘
13:37:39,47.68,-0.01,4,19072,卖盘
13:37:51,47.68,0.0,11,52444,买盘
13:38:00,47.68,0.0,7,33380,卖盘
13:38:06,47.68,0.0,7,33382,卖盘
13:38:09,47.68,0.0,4,19072,卖盘
13:38:12,47.69,0.01,3,14307,买盘
13:38:22,47.68,-0.01,3,14304,卖盘
13:38:33,47.69,0.01,2,9538,买盘
13:38:37,47.69,0.0,2,9538,买盘
13:38:39,47.68,-0.01,1,4768,卖盘
13:38:42,47.69,0.01,1,4769,买盘
13:38:45,47.69,0.0,1,4769,买盘
13:38:48,47.68,-0.01,6,28608,卖盘
13:39:03,47.68,0.0,1,4768,买盘
13:39:06,47.68,0.0,5,23840,买盘
13:39:09,47.68,0.0,1,4768,买盘
13:39:30,47.67,-0.01,5,23835,卖盘
13:39:33,47.68,0.01,1,4768,买盘
13:39:36,47.67,-0.01,1,4767,卖盘
13:39:39,47.67,0.0,2,9534,卖盘
13:39:43,47.68,0.01,2,9535,买盘
13:39:48,47.68,0.0,10,47680,买盘
13:39:54,47.67,-0.01,11,52438,卖盘
13:40:03,47.69,0.02,6,28609,买盘
13:40:07,47.69,0.0,18,85841,买盘
13:40:09,47.68,-0.01,10,47695,卖盘
13:40:13,47.68,0.0,1,4768,卖盘
13:40:18,47.7,0.02,8,38160,买盘
13:40:22,47.69,-0.01,2,9538,中性盘
13:40:24,47.69,0.0,1,4769,买盘
13:40:30,47.68,-0.01,7,33376,卖盘
13:40:39,47.68,0.0,4,19072,卖盘
13:40:42,47.69,0.01,2,9537,买盘
13:40:45,47.69,0.0,1,4769,买盘
13:40:48,47.69,0.0,2,9537,买盘
13:40:52,47.68,-0.01,4,19072,卖盘
13:40:54,47.69,0.01,2,9538,买盘
13:40:57,47.69,0.0,1,4769,买盘
13:41:00,47.68,-0.01,5,23840,卖盘
13:41:07,47.69,0.01,1,4769,买盘
13:41:09,47.68,-0.01,4,19072,卖盘
13:41:12,47.69,0.01,5,23845,买盘
13:41:22,47.69,0.0,3,14307,卖盘
13:41:30,47.69,0.0,4,19076,卖盘
13:41:34,47.69,0.0,30,143070,卖盘
13:41:39,47.7,0.01,32,152640,买盘
13:41:42,47.7,0.0,5,23846,买盘
13:41:52,47.69,-0.01,4,19076,卖盘
13:41:57,47.7,0.01,20,95400,买盘
13:42:00,47.69,-0.01,4,19076,卖盘
13:42:10,47.69,0.0,5,23848,卖盘
13:42:13,47.69,0.0,4,19076,卖盘
13:42:15,47.69,0.0,2,9538,卖盘
13:42:22,47.7,0.01,5,23846,买盘
13:42:27,47.69,-0.01,1,4769,卖盘
13:42:30,47.69,0.0,5,23845,卖盘
13:42:33,47.7,0.01,1,4770,买盘
13:42:42,47.69,-0.01,4,19076,卖盘
13:42:52,47.69,0.0,4,19076,卖盘
13:42:58,47.69,0.0,1,4769,卖盘
13:43:00,47.69,0.0,2,9538,卖盘
13:43:10,47.7,0.01,5,23847,买盘
13:43:12,47.69,-0.01,4,19076,卖盘
13:43:15,47.69,0.0,1,4769,卖盘
13:43:21,47.69,0.0,4,19076,卖盘
13:43:27,47.69,0.0,5,23845,卖盘
13:43:30,47.69,0.0,2,9538,买盘
13:43:36,47.7,0.01,80,381579,买盘
13:43:40,47.7,0.0,1,4770,买盘
13:43:43,47.68,-0.02,4,19072,卖盘
13:43:45,47.7,0.02,1,4770,买盘
13:43:48,47.7,0.0,27,128790,买盘
13:43:52,47.71,0.01,34,162209,买盘
13:43:54,47.71,0.0,8,38168,买盘
13:43:57,47.7,-0.01,14,66780,中性盘
13:44:00,47.7,0.0,18,85873,卖盘
13:44:03,47.71,0.01,8,38168,买盘
13:44:07,47.7,-0.01,6,28620,卖盘
13:44:10,47.7,0.0,2,9540,买盘
13:44:15,47.7,0.0,11,52469,买盘
13:44:18,47.7,0.0,1,4770,买盘
13:44:22,47.69,-0.01,8,38156,卖盘
13:44:30,47.7,0.01,1,4770,买盘
13:44:33,47.69,-0.01,4,19076,卖盘
13:44:42,47.69,0.0,3,14307,卖盘
13:44:45,47.69,0.0,6,28614,卖盘
13:44:51,47.69,0.0,3,14307,卖盘
13:44:57,47.68,-0.01,4,19074,卖盘
13:45:00,47.68,0.0,1,4768,卖盘
13:45:03,47.68,0.0,4,19072,卖盘
13:45:07,47.69,0.01,1,4769,买盘
13:45:13,47.68,-0.01,4,19072,卖盘
13:45:21,47.68,0.0,22,104925,卖盘
13:45:33,47.7,0.02,9,42926,买盘
13:45:40,47.7,0.0,1,4770,买盘
13:45:42,47.69,-0.01,4,19076,卖盘
13:45:52,47.69,0.0,4,19076,卖盘
13:45:54,47.69,0.0,1,4769,卖盘
13:46:00,47.69,0.0,1,4769,卖盘
13:46:03,47.69,0.0,4,19076,卖盘
13:46:07,47.7,0.01,1,4770,买盘
13:46:12,47.69,-0.01,4,19076,卖盘
13:46:18,47.69,0.0,1,4769,卖盘
13:46:21,47.69,0.0,4,19076,卖盘
13:46:27,47.7,0.01,19,90630,买盘
13:46:33,47.7,0.0,4,19080,卖盘
13:46:43,47.71,0.01,9,42935,买盘
13:46:48,47.7,-0.01,1,4770,卖盘
13:46:51,47.7,0.0,6,28620,卖盘
13:46:54,47.71,0.01,1,4771,买盘
13:47:00,47.7,-0.01,5,23850,卖盘
13:47:12,47.7,0.0,4,19080,卖盘
13:47:21,47.7,0.0,4,19080,卖盘
13:47:27,47.71,0.01,3,14313,买盘
13:47:30,47.7,-0.01,14,66790,卖盘
13:47:37,47.7,0.0,3,14312,卖盘
13:47:39,47.7,0.0,9,42938,卖盘
13:47:42,47.71,0.01,8,38164,买盘
13:47:48,47.72,0.01,6,28627,买盘
13:47:52,47.7,-0.02,4,19082,卖盘
13:47:57,47.7,0.0,10,47701,卖盘
13:48:07,47.71,0.01,1,4771,买盘
13:48:10,47.71,0.0,1,4771,买盘
13:48:12,47.7,-0.01,4,19080,卖盘
13:48:24,47.7,0.0,4,19080,卖盘
13:48:33,47.7,0.0,4,19080,卖盘
13:48:37,47.71,0.01,8,38168,买盘
13:48:42,47.71,0.0,1,4771,卖盘
13:48:51,47.71,0.0,3,14313,买盘
13:48:54,47.71,0.0,4,19084,卖盘
13:48:57,47.71,0.0,1,4771,卖盘
13:49:00,47.71,0.0,1,4771,卖盘
13:49:03,47.72,0.01,9,42944,买盘
13:49:07,47.71,-0.01,10,47712,卖盘
13:49:09,47.71,0.0,1,4771,卖盘
13:49:12,47.71,0.0,4,19084,卖盘
13:49:21,47.71,0.0,1,4771,卖盘
13:49:24,47.71,0.0,4,19084,卖盘
13:49:28,47.71,0.0,6,28630,卖盘
13:49:30,47.71,0.0,3,14313,卖盘
13:49:33,47.71,0.0,6,28626,卖盘
13:49:37,47.71,0.0,4,19084,卖盘
13:49:40,47.71,0.0,12,57253,卖盘
13:49:42,47.71,0.0,3,14313,卖盘
13:49:45,47.72,0.01,4,19086,买盘
13:49:48,47.71,-0.01,1,4771,卖盘
13:49:52,47.72,0.01,1,4772,买盘
13:49:54,47.72,0.0,6,28628,买盘
13:49:58,47.72,0.0,13,62033,买盘
13:50:00,47.72,0.0,7,33404,卖盘
13:50:03,47.73,0.01,14,66818,买盘
13:50:07,47.74,0.01,4,19096,买盘
13:50:10,47.74,0.0,1,4774,买盘
13:50:12,47.73,-0.01,19,90702,卖盘
13:50:15,47.72,-0.01,10,47725,卖盘
13:50:18,47.74,0.02,5,23870,买盘
13:50:21,47.74,0.0,1,4774,买盘
13:50:24,47.74,0.0,5,23866,买盘
13:50:27,47.74,0.0,10,47730,买盘
13:50:30,47.75,0.01,2,9549,买盘
13:50:33,47.71,-0.04,13,62051,卖盘
13:50:40,47.75,0.04,9,42975,买盘
13:50:42,47.73,-0.02,2,9547,卖盘
13:50:45,47.73,0.0,12,57260,买盘
13:50:48,47.71,-0.02,2,9544,卖盘
13:50:54,47.71,0.0,4,19084,卖盘
13:51:00,47.73,0.02,5,23865,买盘
13:51:03,47.71,-0.02,4,19084,卖盘
13:51:13,47.71,0.0,12,57274,卖盘
13:51:15,47.71,0.0,1,4771,卖盘
13:51:22,47.71,0.0,13,62023,卖盘
13:51:24,47.71,0.0,8,38168,卖盘
13:51:33,47.71,0.0,4,19084,卖盘
13:51:40,47.71,0.0,11,52497,卖盘
13:51:43,47.71,0.0,9,42939,卖盘
13:51:45,47.71,0.0,1,4771,卖盘
13:51:48,47.71,0.0,10,47710,卖盘
13:51:51,47.71,0.0,1,4771,卖盘
13:51:54,47.71,0.0,4,19084,卖盘
13:52:03,47.72,0.01,5,23856,买盘
13:52:10,47.73,0.01,31,147960,买盘
13:52:12,47.73,0.0,4,19092,卖盘
13:52:18,47.73,0.0,1,4773,卖盘
13:52:22,47.74,0.01,1,4774,买盘
13:52:24,47.73,-0.01,4,19092,卖盘
13:52:27,47.73,0.0,8,38184,卖盘
13:52:30,47.73,0.0,11,52503,卖盘
13:52:33,47.74,0.01,28,133668,买盘
13:52:37,47.73,-0.01,3,14321,卖盘
13:52:39,47.73,0.0,13,62057,卖盘
13:52:43,47.73,0.0,3,14319,卖盘
13:52:48,47.73,0.0,1,4773,买盘
13:52:52,47.73,0.0,1,4773,买盘
13:52:54,47.71,-0.02,4,19084,卖盘
13:53:03,47.71,0.0,3,14313,卖盘
13:53:07,47.73,0.02,3,14319,买盘
13:53:12,47.71,-0.02,13,62048,卖盘
13:53:21,47.71,0.0,4,19086,卖盘
13:53:24,47.71,0.0,6,28626,卖盘
13:53:30,47.73,0.02,1,4773,卖盘
13:53:33,47.73,0.0,5,23861,中性盘
13:53:40,47.74,0.01,8,38192,买盘
13:53:42,47.72,-0.02,56,267399,卖盘
13:53:45,47.72,0.0,4,19088,买盘
13:53:52,47.72,0.0,4,19088,卖盘
13:54:03,47.71,-0.01,4,19084,卖盘
13:54:06,47.73,0.02,2,9546,买盘
13:54:13,47.74,0.01,8,38191,买盘
13:54:18,47.71,-0.03,37,176539,卖盘
13:54:22,47.71,0.0,3,14316,卖盘
13:54:30,47.77,0.06,27,128944,买盘
13:54:33,47.72,-0.05,7,33408,卖盘
13:54:40,47.74,0.02,3,14322,买盘
13:54:43,47.75,0.01,3,14325,卖盘
13:54:54,47.75,0.0,2,9550,卖盘
13:55:00,47.75,0.0,1,4775,买盘
13:55:03,47.72,-0.03,8,38188,卖盘
13:55:12,47.77,0.05,8,38216,买盘
13:55:15,47.75,-0.02,3,14325,卖盘
13:55:24,47.73,-0.02,4,19092,卖盘
13:55:30,47.75,0.02,4,19100,买盘
13:55:33,47.73,-0.02,4,19098,卖盘
13:55:37,47.75,0.02,5,23879,卖盘
13:55:40,47.75,0.0,2,9550,买盘
13:55:42,47.77,0.02,9,42993,买盘
13:55:45,47.75,-0.02,4,19100,卖盘
13:55:51,47.75,0.0,1,4775,卖盘
13:55:54,47.75,0.0,3,14325,卖盘
13:55:57,47.77,0.02,34,162416,买盘
13:56:00,47.77,0.0,2,9554,卖盘
13:56:03,47.77,0.0,4,19108,卖盘
13:56:06,47.78,0.01,70,334460,买盘
13:56:09,47.79,0.01,9,43008,买盘
13:56:12,47.79,0.0,1,4779,卖盘
13:56:16,47.77,-0.02,4,19108,卖盘
13:56:25,47.77,0.0,3,14331,卖盘
13:56:33,47.77,0.0,4,19108,卖盘
13:56:37,47.78,0.01,1,4778,买盘
13:56:40,47.77,-0.01,19,90782,卖盘
13:56:42,47.79,0.02,2,9557,买盘
13:56:45,47.77,-0.02,12,57338,卖盘
13:56:55,47.75,-0.02,4,19100,卖盘
13:56:57,47.8,0.05,53,253329,买盘
13:57:04,47.78,-0.02,53,253340,卖盘
13:57:06,47.82,0.04,53,253432,买盘
13:57:10,47.82,0.0,7,33474,买盘
13:57:16,47.84,0.02,12,57398,买盘
13:57:22,47.82,-0.02,90,430381,卖盘
13:57:24,47.8,-0.02,40,191384,卖盘
13:57:27,47.82,0.02,5,23908,买盘
13:57:33,47.83,0.01,36,172170,买盘
13:57:36,47.83,0.0,4,19132,卖盘
13:57:40,47.83,0.0,11,52626,卖盘
13:57:43,47.85,0.02,2,9570,买盘
13:57:46,47.85,0.0,14,66986,买盘
13:57:49,47.85,0.0,10,47850,卖盘
13:57:51,47.88,0.03,61,291950,买盘
13:57:54,47.85,-0.03,7,33495,卖盘
13:57:57,47.86,0.01,1,4786,中性盘
13:58:00,47.88,0.02,53,253764,买盘
13:58:04,47.89,0.01,7,33517,买盘
13:58:06,47.88,-0.01,3,14364,卖盘
13:58:09,47.88,0.0,2,9576,卖盘
13:58:13,47.89,0.01,25,119725,买盘
13:58:16,47.9,0.01,15,71846,买盘
13:58:19,47.9,0.0,2,9580,买盘
13:58:22,47.9,0.0,10,47900,买盘
13:58:25,47.9,0.0,8,38318,中性盘
13:58:31,47.9,0.0,2,9580,卖盘
13:58:34,47.91,0.01,5,23951,买盘
13:58:37,47.91,0.0,5,23955,买盘
13:58:42,47.91,0.0,3,14373,卖盘
13:58:46,47.91,0.0,5,23955,卖盘
13:58:48,47.91,0.0,3,14373,卖盘
13:58:52,47.91,0.0,4,19164,卖盘
13:59:01,47.9,-0.01,11,52697,卖盘
13:59:04,47.91,0.01,15,71857,买盘
13:59:06,47.89,-0.02,46,220336,卖盘
13:59:09,47.89,0.0,18,86203,卖盘
13:59:13,47.89,0.0,25,119725,卖盘
13:59:22,47.86,-0.03,7,33503,卖盘
13:59:23,47.86,0.0,16,76576,卖盘
13:59:27,47.86,0.0,1,4786,卖盘
13:59:30,47.86,0.0,3,14358,卖盘
13:59:34,47.87,0.01,6,28718,买盘
13:59:40,47.86,-0.01,10,47860,卖盘
13:59:46,47.86,0.0,3,14358,卖盘
13:59:49,47.86,0.0,11,52646,卖盘
13:59:52,47.86,0.0,1,4786,卖盘
13:59:55,47.86,0.0,4,19144,卖盘
13:59:58,47.86,0.0,27,129222,卖盘
14:00:01,47.86,0.0,5,23930,卖盘
14:00:03,47.87,0.01,14,67637,买盘
14:00:07,47.87,0.0,12,56821,卖盘
14:00:13,47.87,0.0,5,24553,卖盘
14:00:16,47.87,0.0,4,19148,卖盘
14:00:19,47.88,0.01,3,14364,买盘
14:00:22,47.88,0.0,1,4788,卖盘
14:00:25,47.89,0.01,15,71833,买盘
14:00:31,47.9,0.01,8,38319,买盘
14:00:34,47.9,0.0,8,38316,卖盘
14:00:40,47.91,0.01,20,95803,买盘
14:00:46,47.9,-0.01,5,23946,买盘
14:00:55,47.93,0.03,24,114995,买盘
14:01:01,47.93,0.0,7,33545,买盘
14:01:04,47.9,-0.03,1,4790,卖盘
14:01:07,47.91,0.01,5,23952,卖盘
14:01:10,47.93,0.02,6,28758,买盘
14:01:13,47.93,0.0,6,28758,卖盘
14:01:16,47.93,0.0,6,28758,卖盘
14:01:19,47.95,0.02,60,287671,买盘
14:01:22,47.95,0.0,43,206185,卖盘
14:01:25,47.94,-0.01,1,4794,卖盘
14:01:28,47.93,-0.01,3,14379,卖盘
14:01:37,47.92,-0.01,6,28755,卖盘
14:01:40,47.91,-0.01,12,57512,卖盘
14:01:43,47.9,-0.01,6,28744,卖盘
14:01:49,47.9,0.0,1,4790,卖盘
14:01:52,47.9,0.0,1,4790,卖盘
14:01:55,47.89,-0.01,6,28738,卖盘
14:02:04,47.9,0.01,1,4790,买盘
14:02:07,47.88,-0.02,14,67045,卖盘
14:02:13,47.88,0.0,5,23940,卖盘
14:02:16,47.9,0.02,4,19158,买盘
14:02:19,47.88,-0.02,2,9576,买盘
14:02:25,47.87,-0.01,5,23937,卖盘
14:02:31,47.87,0.0,2,9574,买盘
14:02:34,47.9,0.03,20,95787,买盘
14:02:37,47.86,-0.04,6,28717,卖盘
14:02:42,47.87,0.01,3,14361,中性盘
14:02:46,47.86,-0.01,4,19145,卖盘
14:02:49,47.86,0.0,1,4786,卖盘
14:02:55,47.86,0.0,4,19144,卖盘
14:03:04,47.86,0.0,4,19144,卖盘
14:03:07,47.87,0.01,4,19146,卖盘
14:03:16,47.87,0.0,4,19148,卖盘
14:03:23,47.87,0.0,5,23935,卖盘
14:03:37,47.85,-0.02,167,799258,卖盘
14:03:40,47.85,0.0,7,33495,卖盘
14:03:46,47.84,-0.01,32,153088,卖盘
14:03:49,47.84,0.0,1,4784,卖盘
14:03:53,47.83,-0.01,81,387614,卖盘
14:03:55,47.83,0.0,28,133733,卖盘
14:03:58,47.81,-0.02,2,9562,卖盘
14:04:01,47.81,0.0,3,14343,卖盘
14:04:07,47.81,0.0,6,28686,卖盘
14:04:17,47.8,-0.01,200,956000,卖盘
14:04:19,47.8,0.0,1,4780,买盘
14:04:25,47.75,-0.05,3,14325,卖盘
14:04:31,47.74,-0.01,4,19097,卖盘
14:04:34,47.75,0.01,2,9550,买盘
14:04:37,47.75,0.0,9,42975,卖盘
14:04:43,47.76,0.01,2,9552,中性盘
14:04:46,47.76,0.0,3,14328,卖盘
14:04:49,47.77,0.01,5,23883,买盘
14:04:56,47.77,0.0,8,38224,卖盘
14:04:58,47.77,0.0,1,4777,卖盘
14:05:07,47.79,0.02,8,38222,买盘
14:05:17,47.78,-0.01,3,14334,中性盘
14:05:23,47.77,-0.01,4,19108,卖盘
14:05:28,47.77,0.0,3,14333,卖盘
14:05:31,47.79,0.02,8,38226,买盘
14:05:37,47.77,-0.02,4,19109,卖盘
14:05:47,47.77,0.0,6,28664,卖盘
14:05:55,47.77,0.0,4,19108,卖盘
14:06:07,47.77,0.0,5,23886,卖盘
14:06:17,47.78,0.01,4,19112,中性盘
14:06:19,47.79,0.01,1,4779,买盘
14:06:25,47.78,-0.01,3,14334,卖盘
14:06:29,47.78,0.0,7,33446,卖盘
14:06:34,47.77,-0.01,12,57343,卖盘
14:06:37,47.77,0.0,4,19108,卖盘
14:06:43,47.78,0.01,9,43002,卖盘
14:06:47,47.77,-0.01,3,14331,卖盘
14:06:49,47.78,0.01,7,33446,买盘
14:06:53,47.77,-0.01,4,19108,卖盘
14:06:58,47.79,0.02,36,172010,买盘
14:07:01,47.79,0.0,8,38232,买盘
14:07:04,47.8,0.01,2,9560,买盘
14:07:08,47.79,-0.01,4,19116,卖盘
14:07:16,47.79,0.0,4,19116,卖盘
14:07:19,47.8,0.01,5,23900,买盘
14:07:20,47.8,0.0,6,28680,中性盘
14:07:23,47.8,0.0,1,4780,买盘
14:07:28,47.79,-0.01,4,19116,卖盘
14:07:31,47.8,0.01,2,9560,买盘
14:07:37,47.79,-0.01,5,23896,卖盘
14:07:43,47.79,0.0,1,4779,卖盘
14:07:46,47.79,0.0,4,19116,卖盘
14:07:57,47.79,0.0,4,19116,卖盘
14:08:02,47.79,0.0,4,19116,卖盘
14:08:07,47.79,0.0,3,14337,卖盘
14:08:13,47.79,0.0,1,4779,卖盘
14:08:16,47.79,0.0,4,19116,卖盘
14:08:28,47.81,0.02,17,81259,买盘
14:08:31,47.81,0.0,1,4781,卖盘
14:08:37,47.81,0.0,2,9562,卖盘
14:08:46,47.8,-0.01,3,14340,卖盘
14:08:49,47.79,-0.01,1,4779,卖盘
14:08:52,47.81,0.02,3,14343,买盘
14:08:57,47.86,0.05,27,129174,买盘
14:08:59,47.86,0.0,13,62218,卖盘
14:09:02,47.81,-0.05,10,47819,卖盘
14:09:05,47.81,0.0,1,4781,卖盘
14:09:08,47.8,-0.01,2,9560,买盘
14:09:28,47.8,0.0,2,9559,买盘
14:09:32,47.8,0.0,16,76480,买盘
14:09:37,47.79,-0.01,1,4779,卖盘
14:09:38,47.8,0.01,11,52580,买盘
14:09:43,47.79,-0.01,4,19116,卖盘
14:09:48,47.8,0.01,2,9560,买盘
14:09:59,47.8,0.0,1,4780,买盘
14:10:04,47.8,0.0,7,33460,买盘
14:10:10,47.8,0.0,1,4780,卖盘
14:10:14,47.8,0.0,5,23900,卖盘
14:10:24,47.8,0.0,3,14340,卖盘
14:10:31,47.85,0.05,8,38250,买盘
14:10:32,47.8,-0.05,2,9560,中性盘
14:10:35,47.79,-0.01,4,19116,卖盘
14:10:46,47.81,0.02,10,47810,卖盘
14:10:49,47.83,0.02,5,23907,买盘
14:10:55,47.79,-0.04,2,9558,卖盘
14:10:58,47.79,0.0,4,19116,卖盘
14:11:01,47.82,0.03,13,62166,中性盘
14:11:04,47.79,-0.03,4,19116,卖盘
14:11:05,47.79,0.0,6,28680,卖盘
14:11:10,47.79,0.0,4,19116,卖盘
14:11:16,47.8,0.01,5,23900,中性盘
14:11:17,47.81,0.01,13,62117,买盘
14:11:28,47.78,-0.03,8,38225,卖盘
14:11:31,47.78,0.0,8,38224,卖盘
14:11:40,47.78,0.0,1,4778,买盘
14:11:43,47.79,0.01,48,229334,买盘
14:11:44,47.76,-0.03,28,133752,卖盘
14:11:57,47.75,-0.01,4,19103,卖盘
14:12:04,47.76,0.01,3,14328,买盘
14:12:07,47.75,-0.01,14,66852,卖盘
14:12:10,47.75,0.0,4,19100,卖盘
14:12:14,47.75,0.0,4,19100,卖盘
14:12:19,47.75,0.0,5,23875,卖盘
14:12:22,47.75,0.0,43,205314,卖盘
14:12:25,47.73,-0.02,8,38184,卖盘
14:12:34,47.76,0.03,5,23876,买盘
14:12:37,47.73,-0.03,19,90688,卖盘
14:12:39,47.73,0.0,1,4773,卖盘
14:12:46,47.73,0.0,5,23866,卖盘
14:12:48,47.74,0.01,9,42965,买盘
14:12:52,47.72,-0.02,35,167067,卖盘
14:12:57,47.72,0.0,10,47720,卖盘
14:13:01,47.73,0.01,2,9546,中性盘
14:13:04,47.74,0.01,4,19093,买盘
14:13:07,47.73,-0.01,3,14319,卖盘
14:13:10,47.74,0.01,1,4774,买盘
14:13:13,47.73,-0.01,1,4773,卖盘
14:13:14,47.73,0.0,1,4773,卖盘
14:13:19,47.73,0.0,2,9546,中性盘
14:13:22,47.73,0.0,1,4773,买盘
14:13:28,47.72,-0.01,4,19088,卖盘
14:13:29,47.74,0.02,9,42965,买盘
14:13:38,47.74,0.0,1,4774,卖盘
14:13:46,47.73,-0.01,8,38184,买盘
14:13:48,47.72,-0.01,10,47720,卖盘
14:13:52,47.73,0.01,16,76368,买盘
14:13:55,47.73,0.0,5,23864,买盘
14:13:57,47.73,0.0,4,19092,卖盘
14:14:01,47.73,0.0,4,19092,卖盘
14:14:04,47.74,0.01,3,14322,买盘
14:14:05,47.73,-0.01,1,4773,卖盘
14:14:17,47.72,-0.01,10,47720,卖盘
14:14:22,47.72,0.0,4,19088,卖盘
14:14:28,47.72,0.0,4,19088,卖盘
14:14:35,47.72,0.0,1,4772,卖盘
14:14:43,47.72,0.0,3,14316,买盘
14:14:46,47.73,0.01,5,23865,买盘
14:14:49,47.73,0.0,11,52500,买盘
14:14:58,47.72,-0.01,6,28632,卖盘
14:15:01,47.73,0.01,2,9546,买盘
14:15:04,47.73,0.0,8,38184,买盘
14:15:07,47.72,-0.01,14,66811,卖盘
14:15:09,47.73,0.01,1,4773,买盘
14:15:16,47.72,-0.01,3,14318,卖盘
14:15:18,47.71,-0.01,9,42947,卖盘
14:15:25,47.72,0.01,5,23860,买盘
14:15:28,47.71,-0.01,4,19084,卖盘
14:15:35,47.71,0.0,14,66794,卖盘
14:15:46,47.72,0.01,14,66800,买盘
14:15:49,47.71,-0.01,16,76347,卖盘
14:15:58,47.71,0.0,4,19084,卖盘
14:16:04,47.71,0.0,7,33397,卖盘
14:16:07,47.71,0.0,4,19084,卖盘
14:16:13,47.71,0.0,6,28626,卖盘
14:16:19,47.71,0.0,5,23855,卖盘
14:16:22,47.71,0.0,21,100191,卖盘
14:16:28,47.71,0.0,3,14313,卖盘
14:16:31,47.71,0.0,4,19084,卖盘
14:16:37,47.71,0.0,4,19084,卖盘
14:16:40,47.72,0.01,10,47720,买盘
14:16:46,47.72,0.0,13,62036,买盘
14:16:49,47.72,0.0,6,28628,买盘
14:16:57,47.72,0.0,11,52492,卖盘
14:17:04,47.72,0.0,40,190880,卖盘
14:17:08,47.72,0.0,4,19088,卖盘
14:17:12,47.73,0.01,2,9545,买盘
14:17:19,47.72,-0.01,4,19088,卖盘
14:17:22,47.73,0.01,7,33410,买盘
14:17:25,47.73,0.0,1,4773,买盘
14:17:28,47.73,0.0,4,19092,卖盘
14:17:31,47.73,0.0,5,23865,卖盘
14:17:37,47.73,0.0,4,19092,卖盘
14:17:49,47.73,0.0,4,19092,卖盘
14:17:58,47.73,0.0,5,23866,卖盘
14:18:07,47.73,0.0,4,19092,卖盘
14:18:10,47.73,0.0,2,9546,卖盘
14:18:14,47.73,0.0,3,14319,卖盘
14:18:18,47.74,0.01,24,114569,买盘
14:18:27,47.73,-0.01,4,19092,卖盘
14:18:37,47.73,0.0,4,19092,卖盘
14:18:40,47.73,0.0,1,7350,卖盘
14:18:43,47.74,0.01,10,47740,买盘
14:18:49,47.73,-0.01,4,19092,卖盘
14:18:52,47.73,0.0,7,30837,卖盘
14:18:55,47.74,0.01,9,42962,买盘
14:18:58,47.73,-0.01,5,23865,卖盘
14:19:01,47.74,0.01,2,9547,买盘
14:19:06,47.72,-0.02,4,19088,卖盘
14:19:13,47.72,0.0,6,28632,卖盘
14:19:19,47.72,0.0,4,19088,卖盘
14:19:22,47.71,-0.01,38,181311,卖盘
14:19:28,47.7,-0.01,9,42935,卖盘
14:19:29,47.71,0.01,1,4771,买盘
14:19:34,47.71,0.0,7,33397,买盘
14:19:37,47.71,0.0,12,57243,卖盘
14:19:40,47.7,-0.01,4,19080,卖盘
14:19:42,47.71,0.01,1,4771,买盘
14:19:46,47.7,-0.01,1,4770,卖盘
14:19:49,47.7,0.0,14,66791,卖盘
14:19:58,47.7,0.0,4,19080,卖盘
14:20:04,47.71,0.01,31,147901,买盘
14:20:07,47.71,0.0,5,23856,卖盘
14:20:09,47.72,0.01,4,19088,买盘
14:20:16,47.71,-0.01,6,28626,卖盘
14:20:19,47.71,0.0,2,9542,卖盘
14:20:22,47.72,0.01,5,23858,买盘
14:20:29,47.72,0.0,2,9544,卖盘
14:20:32,47.72,0.0,4,19088,买盘
14:20:40,47.72,0.0,4,19088,卖盘
14:20:49,47.72,0.0,2,9544,卖盘
14:20:55,47.72,0.0,1,4772,买盘
14:20:57,47.74,0.02,43,205268,买盘
14:21:01,47.74,0.0,1,4774,卖盘
14:21:03,47.78,0.04,5,23890,买盘
14:21:07,47.78,0.0,5,23890,卖盘
14:21:10,47.78,0.0,4,19112,卖盘
14:21:13,47.78,0.0,1,4778,卖盘
14:21:16,47.78,0.0,1,4778,卖盘
14:21:18,47.78,0.0,4,19112,卖盘
14:21:22,47.78,0.0,1,4778,卖盘
14:21:25,47.79,0.01,1,4779,买盘
14:21:28,47.78,-0.01,3,14334,卖盘
14:21:34,47.79,0.01,6,28674,买盘
14:21:37,47.8,0.01,30,143399,买盘
14:21:40,47.79,-0.01,5,23899,卖盘
14:21:49,47.8,0.01,4,19120,卖盘
14:21:52,47.83,0.03,42,200793,买盘
14:21:57,47.83,0.0,17,81312,卖盘
14:21:59,47.85,0.02,12,57410,买盘
14:22:09,47.84,-0.01,4,19136,卖盘
14:22:16,47.84,0.0,3,14353,卖盘
14:22:19,47.84,0.0,9,43061,卖盘
14:22:22,47.85,0.01,10,47845,买盘
14:22:28,47.85,0.0,4,19140,卖盘
14:22:31,47.85,0.0,7,33495,卖盘
14:22:33,47.85,0.0,5,23925,卖盘
14:22:35,47.85,0.0,27,129195,卖盘
14:22:40,47.84,-0.01,28,133953,卖盘
14:22:43,47.83,-0.01,2,9567,卖盘
14:22:45,47.83,0.0,16,76528,卖盘
14:22:49,47.8,-0.03,3,14342,卖盘
14:22:57,47.8,0.0,1,4780,卖盘
14:23:00,47.8,0.0,1,4780,买盘
14:23:10,47.79,-0.01,4,19117,卖盘
14:23:13,47.8,0.01,27,129060,买盘
14:23:14,47.8,0.0,16,76480,卖盘
14:23:19,47.8,0.0,4,19121,卖盘
14:23:28,47.8,0.0,4,19120,卖盘
14:23:31,47.8,0.0,17,81262,卖盘
14:23:39,47.8,0.0,4,19120,卖盘
14:23:45,47.8,0.0,6,28680,卖盘
14:23:48,47.8,0.0,4,19120,卖盘
14:23:55,47.82,0.02,18,86076,买盘
14:23:58,47.8,-0.02,68,325104,卖盘
14:24:00,47.83,0.03,11,52610,买盘
14:24:10,47.83,0.0,4,19132,卖盘
14:24:14,47.83,0.0,5,23915,卖盘
14:24:22,47.84,0.01,17,81324,买盘
14:24:27,47.84,0.0,4,19136,卖盘
14:24:31,47.84,0.0,15,71760,卖盘
14:24:35,47.85,0.01,5,23925,买盘
14:24:40,47.83,-0.02,4,19134,卖盘
14:24:43,47.85,0.02,1,4785,买盘
14:24:46,47.84,-0.01,1,4784,中性盘
14:24:49,47.83,-0.01,7,33486,卖盘
14:24:52,47.85,0.02,12,57401,买盘
14:24:58,47.83,-0.02,4,19133,卖盘
14:25:01,47.85,0.02,17,81343,买盘
14:25:04,47.85,0.0,1,4785,买盘
14:25:07,47.84,-0.01,6,28709,卖盘
14:25:09,47.85,0.01,25,119621,买盘
14:25:18,47.84,-0.01,4,19136,卖盘
14:25:27,47.84,0.0,4,19136,卖盘
14:25:31,47.84,0.0,1,4784,卖盘
14:25:35,47.85,0.01,10,47850,买盘
14:25:40,47.85,0.0,25,119621,买盘
14:25:48,47.85,0.0,15,71775,卖盘
14:25:51,47.86,0.01,1,4786,买盘
14:25:55,47.86,0.0,2,9572,买盘
14:25:58,47.85,-0.01,4,19140,卖盘
14:26:09,47.85,0.0,4,19140,卖盘
14:26:16,47.86,0.01,10,47860,买盘
14:26:19,47.85,-0.01,5,23927,卖盘
14:26:22,47.88,0.03,22,105324,买盘
14:26:25,47.88,0.0,8,38304,卖盘
14:26:33,47.87,-0.01,9,43081,买盘
14:26:39,47.85,-0.02,9,43075,卖盘
14:26:43,47.87,0.02,12,57444,买盘
14:26:46,47.88,0.01,1,4788,买盘
14:26:48,47.87,-0.01,4,19148,卖盘
14:26:52,47.87,0.0,2,9574,卖盘
14:26:55,47.88,0.01,12,57456,买盘
14:27:01,47.87,-0.01,13,62241,卖盘
14:27:04,47.88,0.01,2,9576,买盘
14:27:07,47.88,0.0,12,57456,买盘
14:27:10,47.88,0.0,54,258548,买盘
14:27:13,47.88,0.0,1,4788,买盘
14:27:15,47.89,0.01,27,129278,买盘
14:27:18,47.87,-0.02,4,19149,卖盘
14:27:24,47.88,0.01,12,57456,卖盘
14:27:28,47.88,0.0,13,62244,卖盘
14:27:30,47.88,0.0,5,23940,卖盘
14:27:36,47.88,0.0,5,23940,卖盘
14:27:39,47.88,0.0,1,4788,卖盘
14:27:42,47.88,0.0,3,14364,买盘
14:27:45,47.88,0.0,23,110124,卖盘
14:27:49,47.88,0.0,4,19152,卖盘
14:27:55,47.87,-0.01,35,167589,卖盘
14:27:58,47.88,0.01,2,9576,买盘
14:28:01,47.87,-0.01,4,19148,卖盘
14:28:03,47.87,0.0,2,9575,卖盘
14:28:06,47.88,0.01,9,43091,买盘
14:28:10,47.88,0.0,3,14364,卖盘
14:28:13,47.88,0.0,2,9576,卖盘
14:28:16,47.88,0.0,35,167610,卖盘
14:28:18,47.88,0.0,7,33518,卖盘
14:28:31,47.88,0.0,4,19152,卖盘
14:28:34,47.88,0.0,13,62245,卖盘
14:28:37,47.89,0.01,52,249018,买盘
14:28:40,47.89,0.0,5,23946,卖盘
14:28:43,47.9,0.01,4,19159,买盘
14:28:49,47.89,-0.01,4,19156,卖盘
14:28:57,47.89,0.0,1,4789,卖盘
14:29:01,47.9,0.01,36,172436,买盘
14:29:04,47.9,0.0,2,9580,买盘
14:29:10,47.89,-0.01,7,33527,卖盘
14:29:13,47.91,0.02,4,19161,买盘
14:29:19,47.9,-0.01,5,23946,买盘
14:29:24,47.9,0.0,30,143700,卖盘
14:29:33,47.9,0.0,3,14370,买盘
14:29:36,47.91,0.01,20,95819,买盘
14:29:40,47.9,-0.01,10,47900,中性盘
14:29:45,47.9,0.0,3,14371,中性盘
14:29:49,47.9,0.0,4,19161,卖盘
14:29:55,47.91,0.01,2,9582,买盘
14:29:57,47.91,0.0,2,9582,买盘
14:30:01,47.9,-0.01,12,57481,卖盘
14:30:04,47.91,0.01,11,52692,买盘
14:30:07,47.91,0.0,7,33537,买盘
14:30:10,47.89,-0.02,4,19158,卖盘
14:30:12,47.9,0.01,11,52695,买盘
14:30:19,47.9,0.0,19,91014,卖盘
14:30:22,47.9,0.0,6,28740,卖盘
14:30:25,47.91,0.01,5,23951,买盘
14:30:30,47.89,-0.02,16,76650,卖盘
14:30:34,47.91,0.02,2,9582,买盘
14:30:36,47.9,-0.01,5,23950,卖盘
14:30:39,47.91,0.01,7,33533,买盘
14:30:43,47.91,0.0,3,14371,买盘
14:30:46,47.91,0.0,21,100611,买盘
14:30:48,47.91,0.0,6,28742,买盘
14:30:52,47.91,0.0,9,43119,买盘
14:30:55,47.91,0.0,7,33537,买盘
14:30:57,47.91,0.0,2,9582,买盘
14:31:01,47.91,0.0,23,110189,买盘
14:31:04,47.91,0.0,14,67071,买盘
14:31:07,47.91,0.0,1,4791,买盘
14:31:10,47.9,-0.01,10,47904,卖盘
14:31:12,47.91,0.01,2,9582,买盘
14:31:19,47.9,-0.01,6,28742,卖盘
14:31:22,47.91,0.01,1,4791,买盘
14:31:25,47.91,0.0,45,215583,买盘
14:31:28,47.91,0.0,6,28745,买盘
14:31:31,47.91,0.0,51,244341,买盘
14:31:34,47.92,0.01,4,19165,买盘
14:31:37,47.9,-0.02,5,23950,卖盘
14:31:39,47.92,0.02,8,38326,买盘
14:31:45,47.91,-0.01,1,4791,买盘
14:31:49,47.9,-0.01,4,19160,卖盘
14:31:52,47.92,0.02,3,14375,买盘
14:31:55,47.92,0.0,1,4792,买盘
14:32:01,47.91,-0.01,6,28742,买盘
14:32:04,47.91,0.0,4,19164,买盘
14:32:07,47.91,0.0,15,71865,买盘
14:32:10,47.91,0.0,4,19164,卖盘
14:32:12,47.92,0.01,7,33544,买盘
14:32:16,47.91,-0.01,1,4791,卖盘
14:32:19,47.92,0.01,19,91050,买盘
14:32:21,47.92,0.0,12,57504,卖盘
14:32:24,47.92,0.0,8,38338,卖盘
14:32:28,47.93,0.01,3,14379,买盘
14:32:31,47.93,0.0,6,28753,买盘
14:32:34,47.93,0.0,1,4793,买盘
14:32:37,47.93,0.0,2,9586,买盘
14:32:39,47.92,-0.01,6,28754,卖盘
14:32:43,47.93,0.01,2,9586,买盘
14:32:45,47.93,0.0,1,4793,买盘
14:32:49,47.93,0.0,26,124618,买盘
14:32:52,47.94,0.01,12,57520,买盘
14:32:55,47.92,-0.02,4,19170,卖盘
14:32:58,47.94,0.02,10,47940,买盘
14:33:00,47.92,-0.02,5,23962,卖盘
14:33:04,47.93,0.01,6,28748,买盘
14:33:07,47.92,-0.01,3,14376,中性盘
14:33:10,47.92,0.0,3,14376,卖盘
14:33:12,47.94,0.02,3,14380,买盘
14:33:16,47.94,0.0,15,71909,买盘
14:33:19,47.94,0.0,5,23970,买盘
14:33:22,47.94,0.0,8,38346,买盘
14:33:24,47.94,0.0,35,167780,买盘
14:33:28,47.95,0.01,5,23971,买盘
14:33:30,47.94,-0.01,13,62329,卖盘
14:33:34,47.95,0.01,9,43153,买盘
14:33:37,47.95,0.0,11,52742,买盘
14:33:40,47.94,-0.01,11,52738,卖盘
14:33:42,47.95,0.01,7,33564,买盘
14:33:45,47.95,0.0,6,28770,买盘
14:33:48,47.95,0.0,1,4795,买盘
14:33:52,47.95,0.0,6,28766,买盘
14:33:55,47.95,0.0,80,383592,买盘
14:33:58,47.95,0.0,3,14385,买盘
14:34:01,47.95,0.0,88,421955,买盘
14:34:03,47.96,0.01,1,4796,买盘
14:34:06,47.96,0.0,59,282959,买盘
14:34:10,47.95,-0.01,3,14386,卖盘
14:34:13,47.96,0.01,58,278161,买盘
14:34:16,47.96,0.0,27,129492,买盘
14:34:18,47.96,0.0,3,14387,买盘
14:34:22,47.95,-0.01,6,28772,卖盘
14:34:25,47.96,0.01,26,124689,买盘
14:34:28,47.94,-0.02,48,230114,卖盘
14:34:30,47.92,-0.02,9,43136,卖盘
14:34:34,47.92,0.0,3,14376,买盘
14:34:38,47.91,-0.01,30,143730,卖盘
14:34:39,47.91,0.0,6,28749,买盘
14:34:43,47.92,0.01,46,220350,买盘
14:34:52,47.92,0.0,22,105426,卖盘
14:34:55,47.92,0.0,23,110232,买盘
14:34:58,47.94,0.02,3,14378,中性盘
14:35:00,47.92,-0.02,10,47934,卖盘
14:35:07,47.95,0.03,2,9590,买盘
14:35:10,47.94,-0.01,3,14384,卖盘
14:35:13,47.94,0.0,2,9588,买盘
14:35:16,47.94,0.0,1,4794,买盘
14:35:19,47.93,-0.01,2,9586,中性盘
14:35:21,47.93,0.0,8,38347,卖盘
14:35:25,47.93,0.0,4,19172,卖盘
14:35:28,47.94,0.01,5,23970,买盘
14:35:31,47.93,-0.01,5,23965,卖盘
14:35:33,47.93,0.0,25,119825,卖盘
14:35:37,47.92,-0.01,13,62296,卖盘
14:35:39,47.92,0.0,4,19168,卖盘
14:35:43,47.92,0.0,6,28752,卖盘
14:35:45,47.92,0.0,4,19168,卖盘
14:35:49,47.93,0.01,1,4793,买盘
14:35:52,47.92,-0.01,18,86256,卖盘
14:35:54,47.91,-0.01,94,450437,卖盘
14:35:57,47.91,0.0,2,9581,买盘
14:36:01,47.9,-0.01,4,19160,卖盘
14:36:04,47.9,0.0,1,4790,卖盘
14:36:06,47.9,0.0,3,14370,卖盘
14:36:09,47.9,0.0,3,14370,卖盘
14:36:13,47.9,0.0,12,57482,卖盘
14:36:16,47.92,0.02,2,9582,买盘
14:36:19,47.91,-0.01,25,119751,中性盘
14:36:22,47.9,-0.01,6,28741,卖盘
14:36:27,47.91,0.01,1,4791,买盘
14:36:30,47.9,-0.01,13,62270,卖盘
14:36:40,47.9,0.0,1,4790,卖盘
14:36:43,47.9,0.0,15,71840,卖盘
14:36:46,47.9,0.0,27,129309,买盘
14:36:52,47.89,-0.01,7,33523,卖盘
14:36:55,47.9,0.01,3,14370,买盘
14:37:00,47.89,-0.01,6,28734,卖盘
14:37:04,47.89,0.0,1,4789,卖盘
14:37:06,47.88,-0.01,13,62249,卖盘
14:37:10,47.9,0.02,3,14368,买盘
14:37:13,47.89,-0.01,1,4789,中性盘
14:37:19,47.89,0.0,2,9578,买盘
14:37:22,47.89,0.0,7,33523,买盘
14:37:28,47.89,0.0,2,9578,卖盘
14:37:31,47.89,0.0,5,23946,卖盘
14:37:34,47.89,0.0,9,43102,卖盘
14:37:36,47.9,0.01,2,9580,买盘
14:37:39,47.89,-0.01,11,52679,卖盘
14:37:43,47.89,0.0,2,9578,买盘
14:37:46,47.88,-0.01,9,43100,卖盘
14:37:51,47.88,0.0,41,196308,卖盘
14:37:55,47.88,0.0,12,57458,卖盘
14:37:58,47.89,0.01,1,4789,买盘
14:38:01,47.88,-0.01,11,52668,卖盘
14:38:03,47.89,0.01,3,14367,买盘
14:38:09,47.89,0.0,2,9577,买盘
14:38:13,47.88,-0.01,3,14364,卖盘
14:38:15,47.89,0.01,40,191560,买盘
14:38:19,47.89,0.0,3,14366,买盘
14:38:21,47.89,0.0,5,23941,买盘
14:38:24,47.9,0.01,12,57463,买盘
14:38:27,47.89,-0.01,8,38307,中性盘
14:38:30,47.89,0.0,5,23941,中性盘
14:38:34,47.9,0.01,1,4790,买盘
14:38:37,47.9,0.0,1,4790,买盘
14:38:40,47.88,-0.02,7,33525,卖盘
14:38:43,47.9,0.02,1,4790,买盘
14:38:46,47.9,0.0,1,4790,买盘
14:38:48,47.9,0.0,3,14370,买盘
14:38:54,47.9,0.0,1,4790,买盘
14:38:58,47.89,-0.01,2,9579,卖盘
14:39:00,47.9,0.01,15,71843,买盘
14:39:04,47.9,0.0,8,38313,买盘
14:39:07,47.89,-0.01,3,14367,卖盘
14:39:13,47.9,0.01,13,62252,买盘
14:39:16,47.9,0.0,10,47900,买盘
14:39:19,47.9,0.0,4,19160,买盘
14:39:22,47.9,0.0,8,38316,买盘
14:39:25,47.9,0.0,5,23948,买盘
14:39:28,47.9,0.0,2,9580,买盘
14:39:30,47.9,0.0,4,19158,买盘
14:39:34,47.9,0.0,2,9579,买盘
14:39:37,47.9,0.0,23,110145,买盘
14:39:40,47.9,0.0,8,38316,买盘
14:39:46,47.9,0.0,2,9580,买盘
14:39:48,47.9,0.0,3,14370,买盘
14:39:51,47.9,0.0,66,316131,买盘
14:39:55,47.9,0.0,22,105380,买盘
14:39:57,47.89,-0.01,14,67048,卖盘
14:40:04,47.89,0.0,28,134092,买盘
14:40:06,47.89,0.0,7,33523,买盘
14:40:09,47.89,0.0,3,14367,买盘
14:40:13,47.9,0.01,4,19158,买盘
14:40:15,47.89,-0.01,8,38318,卖盘
14:40:18,47.9,0.01,1,4790,买盘
14:40:25,47.9,0.0,8,38320,买盘
14:40:28,47.9,0.0,1,4790,买盘
14:40:39,47.9,0.0,4,19160,买盘
14:40:43,47.9,0.0,27,129330,买盘
14:40:45,47.9,0.0,5,23950,卖盘
14:40:49,47.91,0.01,14,67061,买盘
14:40:52,47.9,-0.01,11,52697,卖盘
14:40:58,47.9,0.0,5,23950,卖盘
14:41:00,47.91,0.01,1,4791,买盘
14:41:04,47.91,0.0,12,57483,买盘
14:41:07,47.9,-0.01,9,43110,卖盘
14:41:16,47.9,0.0,3,14370,买盘
14:41:21,47.9,0.0,10,47891,买盘
14:41:25,47.89,-0.01,6,28734,卖盘
14:41:28,47.89,0.0,19,90994,卖盘
14:41:30,47.89,0.0,20,95780,买盘
14:41:43,47.88,-0.01,9,43092,卖盘
14:41:52,47.89,0.01,20,95776,买盘
14:41:55,47.89,0.0,49,234656,买盘
14:41:57,47.89,0.0,2,9578,买盘
14:42:03,47.88,-0.01,103,493170,卖盘
14:42:10,47.88,0.0,2,9576,买盘
14:42:13,47.87,-0.01,11,52660,卖盘
14:42:15,47.87,0.0,14,67023,卖盘
14:42:18,47.87,0.0,21,100529,卖盘
14:42:22,47.87,0.0,22,105316,卖盘
14:42:25,47.87,0.0,11,52658,买盘
14:42:27,47.87,0.0,12,57443,中性盘
14:42:31,47.87,0.0,20,95743,卖盘
14:42:33,47.86,-0.01,22,105298,卖盘
14:42:43,47.84,-0.02,28,133978,卖盘
14:42:45,47.87,0.03,4,19145,买盘
14:42:48,47.87,0.0,3,14360,买盘
14:42:52,47.86,-0.01,6,28718,卖盘
14:42:58,47.86,0.0,9,43076,卖盘
14:43:01,47.88,0.02,5,23934,买盘
14:43:03,47.86,-0.02,4,19144,卖盘
14:43:06,47.86,0.0,26,124438,卖盘
14:43:13,47.86,0.0,6,28719,卖盘
14:43:16,47.86,0.0,12,57432,卖盘
14:43:22,47.86,0.0,4,19144,卖盘
14:43:24,47.86,0.0,5,23932,卖盘
14:43:31,47.86,0.0,2,9572,卖盘
14:43:34,47.87,0.01,7,33505,买盘
14:43:37,47.86,-0.01,15,71790,卖盘
14:43:40,47.87,0.01,1,4787,买盘
14:43:42,47.86,-0.01,6,28716,卖盘
14:43:45,47.86,0.0,2,9573,卖盘
14:43:52,47.85,-0.01,4,19140,卖盘
14:43:58,47.86,0.01,1,4786,买盘
14:44:01,47.86,0.0,1,4786,买盘
14:44:04,47.85,-0.01,4,19140,卖盘
14:44:10,47.86,0.01,2,9572,买盘
14:44:13,47.85,-0.01,14,66990,卖盘
14:44:16,47.85,0.0,1,4785,卖盘
14:44:19,48.0,0.15,825,3953671,买盘
14:44:22,47.87,-0.13,5,23931,中性盘
14:44:25,47.91,0.04,4,19164,买盘
14:44:28,47.86,-0.05,56,267948,卖盘
14:44:31,47.88,0.02,2,9579,卖盘
14:44:36,47.92,0.04,1,4792,买盘
14:44:40,47.92,0.0,4,19167,买盘
14:44:42,47.92,0.0,8,38333,卖盘
14:44:46,47.91,-0.01,10,47914,中性盘
14:44:51,47.88,-0.03,3,14364,卖盘
14:44:55,47.91,0.03,85,407235,买盘
14:44:58,47.91,0.0,4,19162,买盘
14:45:00,47.92,0.01,19,91046,买盘
14:45:03,47.94,0.02,5,23959,买盘
14:45:07,47.94,0.0,5,23970,买盘
14:45:13,47.94,0.0,24,115048,买盘
