time,price,change,volume,amount,type
09:25:03,47.16,-0.03,100,471600,卖盘
09:30:03,47.16,0.0,25,117855,买盘
09:30:05,47.09,-0.07,37,174421,卖盘
09:30:09,47.18,0.09,24,113113,买盘
09:30:11,47.18,0.0,6,28292,买盘
09:30:15,47.1,-0.08,6,28291,中性盘
09:30:17,47.09,-0.01,2,9418,卖盘
09:30:21,47.09,0.0,2,9418,卖盘
09:30:24,47.07,-0.02,4,18830,卖盘
09:30:27,47.07,0.0,2,9414,中性盘
09:30:30,47.07,0.0,2,9414,卖盘
09:30:33,47.07,0.0,10,47067,卖盘
09:30:36,47.1,0.03,2,9417,买盘
09:30:39,47.06,-0.04,13,61243,卖盘
09:30:42,47.07,0.01,53,249250,中性盘
09:30:45,47.06,-0.01,4,18832,卖盘
09:30:47,47.06,0.0,2,9410,买盘
09:30:51,47.06,0.0,1,4706,买盘
09:30:54,47.06,0.0,1,4706,中性盘
09:30:57,47.0,-0.06,1,4700,卖盘
09:31:00,47.06,0.06,15,70518,买盘
09:31:03,47.01,-0.05,7,32917,卖盘
09:31:06,47.01,0.0,6,28206,卖盘
09:31:09,47.0,-0.01,9,42333,卖盘
09:31:12,47.06,0.06,21,98763,买盘
09:31:15,47.01,-0.05,12,56467,卖盘
09:31:21,47.0,-0.01,5,23500,买盘
09:31:24,47.0,0.0,1,4700,卖盘
09:31:27,47.01,0.01,4,18804,卖盘
09:31:29,47.01,0.0,33,155133,卖盘
09:31:33,47.01,0.0,5,23505,卖盘
09:31:36,47.05,0.04,3,14107,买盘
09:31:38,47.04,-0.01,2,9408,中性盘
09:31:41,47.15,0.11,18,84710,买盘
09:31:45,47.14,-0.01,1,4714,中性盘
09:31:48,47.05,-0.09,3,14115,中性盘
09:31:51,47.13,0.08,15,70689,买盘
09:31:54,47.13,0.0,5,23569,卖盘
09:31:57,47.13,0.0,4,18852,卖盘
09:32:03,47.05,-0.08,11,51827,卖盘
09:32:05,47.05,0.0,11,51831,卖盘
09:32:08,47.09,0.04,5,23549,中性盘
09:32:12,47.13,0.04,12,56556,买盘
09:32:27,47.09,-0.04,8,37676,卖盘
09:32:33,47.1,0.01,2,9420,卖盘
09:32:36,47.09,-0.01,16,75347,卖盘
09:32:39,47.09,0.0,30,141278,卖盘
09:32:42,47.1,0.01,128,602455,中性盘
09:32:45,47.09,-0.01,2,9418,中性盘
09:32:48,47.09,0.0,8,37672,卖盘
09:32:50,47.0,-0.09,54,253824,卖盘
09:32:54,46.98,-0.02,9,42282,卖盘
09:32:59,46.95,-0.03,62,291230,卖盘
09:33:02,46.95,0.0,17,80976,买盘
09:33:05,46.95,0.0,33,154785,买盘
09:33:09,46.89,-0.06,13,59788,卖盘
09:33:12,46.9,0.01,1,4690,卖盘
09:33:15,46.85,-0.05,18,84373,卖盘
09:33:17,46.82,-0.03,6,28092,买盘
09:33:21,46.81,-0.01,4,18725,卖盘
09:33:24,46.8,-0.01,19,88924,卖盘
09:33:27,46.82,0.02,5,23410,买盘
09:33:33,46.82,0.0,17,79577,买盘
09:33:39,46.81,-0.01,24,112359,买盘
09:33:41,46.82,0.01,25,117050,买盘
09:33:48,46.81,-0.01,120,562449,卖盘
09:33:54,46.82,0.01,13,60866,卖盘
09:33:57,46.82,0.0,31,145114,卖盘
09:34:02,46.82,0.0,28,131088,买盘
09:34:06,46.81,-0.01,112,523551,卖盘
09:34:09,46.81,0.0,309,1446136,买盘
09:34:11,46.81,0.0,19,88926,买盘
09:34:15,46.79,-0.02,2,9358,中性盘
09:34:18,46.8,0.01,21,98273,买盘
09:34:21,46.8,0.0,21,98292,买盘
09:34:26,46.76,-0.04,39,182372,卖盘
09:34:30,46.76,0.0,8,37408,买盘
09:34:33,46.76,0.0,7,32732,买盘
09:34:36,46.76,0.0,23,107540,买盘
09:34:39,46.75,-0.01,5,23378,卖盘
09:34:42,46.76,0.01,1,4676,买盘
09:34:45,46.76,0.0,1,4676,卖盘
09:34:51,46.76,0.0,4,18704,卖盘
09:34:54,46.76,0.0,29,135604,卖盘
09:34:57,46.75,-0.01,87,406725,卖盘
09:35:00,46.76,0.01,23,107525,买盘
09:35:03,46.73,-0.03,5,23366,卖盘
09:35:06,46.73,0.0,2,9347,卖盘
09:35:09,46.73,0.0,6,28038,卖盘
09:35:12,46.75,0.02,52,243056,买盘
09:35:15,46.75,0.0,1,4675,买盘
09:35:18,46.75,0.0,4,18700,买盘
09:35:21,46.74,-0.01,7,32718,卖盘
09:35:24,46.75,0.01,19,88825,买盘
09:35:27,46.76,0.01,10,46760,买盘
09:35:30,46.76,0.0,7,32732,买盘
09:35:33,46.76,0.0,4,18704,买盘
09:35:36,46.76,0.0,46,216249,买盘
09:35:39,46.76,0.0,13,60788,买盘
09:35:43,46.78,0.02,7,32734,买盘
09:35:45,46.76,-0.02,10,46765,卖盘
09:35:48,46.8,0.04,1,4680,买盘
09:35:51,46.75,-0.05,57,266505,卖盘
09:35:57,46.81,0.06,7,32761,买盘
09:36:00,46.8,-0.01,3,14040,卖盘
09:36:03,46.8,0.0,31,145077,买盘
09:36:06,46.8,0.0,6,28080,买盘
09:36:09,46.77,-0.03,12,56131,卖盘
09:36:12,46.8,0.03,6,28080,买盘
09:36:15,46.8,0.0,16,74880,卖盘
09:36:18,46.81,0.01,24,112344,买盘
09:36:21,46.81,0.0,19,88939,卖盘
09:36:24,46.81,0.0,5,23406,卖盘
09:36:28,46.8,-0.01,26,121705,卖盘
09:36:30,46.81,0.01,15,70205,买盘
09:36:33,46.8,-0.01,9,42123,卖盘
09:36:45,46.82,0.02,6,28092,买盘
09:36:48,46.81,-0.01,66,308952,卖盘
09:36:54,46.83,0.02,4,18732,买盘
09:36:57,46.83,0.0,5,23415,卖盘
09:37:03,46.82,-0.01,5,23413,卖盘
09:37:09,46.81,-0.01,47,220007,卖盘
09:37:13,46.82,0.01,99,463328,买盘
09:37:15,46.82,0.0,35,163870,卖盘
09:37:18,46.82,0.0,15,70230,卖盘
09:37:21,46.82,0.0,2,9364,买盘
09:37:23,46.83,0.01,1,4683,买盘
09:37:27,46.82,-0.01,5,23410,卖盘
09:37:30,46.83,0.01,13,60875,买盘
09:37:33,46.84,0.01,2,9368,卖盘
09:37:36,46.82,-0.02,8,37458,卖盘
09:37:39,46.83,0.01,14,65541,买盘
09:37:42,46.83,0.0,5,23415,卖盘
09:37:45,46.85,0.02,6,28130,中性盘
09:37:48,46.83,-0.02,3,14049,卖盘
09:37:51,46.82,-0.01,30,140460,卖盘
09:37:58,46.83,0.01,10,46858,中性盘
09:38:03,46.83,0.0,6,28113,卖盘
09:38:09,46.81,-0.02,7,32771,卖盘
09:38:12,46.83,0.02,1,4683,中性盘
09:38:15,46.83,0.0,7,32791,卖盘
09:38:18,46.81,-0.02,23,107673,卖盘
09:38:24,46.83,0.02,3,14049,卖盘
09:38:28,46.81,-0.02,4,18727,卖盘
09:38:30,46.83,0.02,2,9366,买盘
09:38:34,46.83,0.0,1,4683,卖盘
09:38:39,46.81,-0.02,1,4681,卖盘
09:38:42,46.81,0.0,3,14043,卖盘
09:38:45,46.81,0.0,1,6273,中性盘
09:38:51,46.81,0.0,1,4681,买盘
09:38:54,46.81,0.0,1,3090,买盘
09:38:58,46.82,0.01,33,154457,买盘
09:39:02,46.82,0.0,12,56163,买盘
09:39:04,46.81,-0.01,5,23402,卖盘
09:39:09,46.8,-0.01,8,37443,卖盘
09:39:12,46.81,0.01,2,9362,买盘
09:39:18,46.82,0.01,1,5946,买盘
09:39:21,46.82,0.0,1,4682,买盘
09:39:27,46.8,-0.02,3,14040,卖盘
09:39:30,46.8,0.0,4,18726,卖盘
09:39:34,46.8,0.0,1,4680,卖盘
09:39:39,46.82,0.02,7,32768,买盘
09:39:42,46.8,-0.02,2,9360,卖盘
09:39:51,46.79,-0.01,2,9358,卖盘
09:39:54,46.8,0.01,7,32760,买盘
09:40:00,46.79,-0.01,3,14037,卖盘
09:40:04,46.79,0.0,15,68928,卖盘
09:40:06,46.78,-0.01,8,37425,卖盘
09:40:09,46.78,0.0,22,102916,卖盘
09:40:12,46.76,-0.02,37,173013,卖盘
09:40:15,46.75,-0.01,25,116875,卖盘
09:40:18,46.72,-0.03,87,405502,卖盘
09:40:24,46.74,0.02,1,4674,买盘
09:40:33,46.73,-0.01,3,14020,卖盘
09:40:39,46.72,-0.01,23,111941,卖盘
09:40:43,46.72,0.0,3,14018,卖盘
09:40:48,46.71,-0.01,115,535297,卖盘
09:40:51,46.74,0.03,81,378357,买盘
09:40:54,46.7,-0.04,85,396963,卖盘
09:40:57,46.7,0.0,96,448836,卖盘
09:41:00,46.68,-0.02,112,519956,卖盘
09:41:03,46.68,0.0,13,60692,卖盘
09:41:06,46.69,0.01,2,9338,买盘
09:41:12,46.68,-0.01,2,9336,卖盘
09:41:18,46.7,0.02,109,509023,买盘
09:41:21,46.68,-0.02,36,168062,卖盘
09:41:24,46.7,0.02,2,9340,买盘
09:41:28,46.68,-0.02,6,28013,卖盘
09:41:30,46.68,0.0,21,98029,卖盘
09:41:33,46.7,0.02,87,406148,买盘
09:41:36,46.69,-0.01,28,130753,中性盘
09:41:39,46.7,0.01,24,112078,中性盘
09:41:42,46.72,0.02,17,79402,买盘
09:41:51,46.74,0.02,4,18696,买盘
09:41:54,46.7,-0.04,8,37380,卖盘
09:41:58,46.76,0.06,28,130924,买盘
09:42:03,46.76,0.0,9,42088,卖盘
09:42:06,46.76,0.0,32,149646,卖盘
09:42:09,46.76,0.0,24,112235,卖盘
09:42:15,46.79,0.03,2,9358,买盘
09:42:18,46.79,0.0,6,28073,买盘
09:42:21,46.76,-0.03,4,18707,卖盘
09:42:28,46.79,0.03,1,4679,卖盘
09:42:33,46.79,0.0,1,4679,买盘
09:42:36,46.79,0.0,1,4679,中性盘
09:42:52,46.77,-0.02,3,14033,卖盘
09:42:54,46.8,0.03,22,102956,买盘
09:42:58,46.8,0.0,20,93600,卖盘
09:43:00,46.8,0.0,2,9360,卖盘
09:43:03,46.8,0.0,4,18720,卖盘
09:43:06,46.82,0.02,5,23410,买盘
09:43:09,46.82,0.0,2,9364,买盘
09:43:12,46.82,0.0,1,4682,买盘
09:43:15,46.8,-0.02,10,46800,卖盘
09:43:21,46.8,0.0,23,107660,卖盘
09:43:24,46.8,0.0,6,28080,买盘
09:43:28,46.8,0.0,3,14040,买盘
09:43:30,46.8,0.0,15,70200,买盘
09:43:33,46.82,0.02,14,65528,买盘
09:43:36,46.82,0.0,2,9364,买盘
09:43:39,46.88,0.06,5,23415,买盘
09:43:43,46.8,-0.08,9,42120,卖盘
09:43:45,46.8,0.0,6,28080,卖盘
09:43:48,46.8,0.0,6,28080,买盘
09:43:54,46.77,-0.03,16,74832,卖盘
09:43:57,46.77,0.0,7,32739,买盘
09:44:00,46.8,0.03,16,74865,买盘
09:44:03,46.76,-0.04,4,18707,卖盘
09:44:09,46.77,0.01,3,14031,卖盘
09:44:12,46.77,0.0,2,9354,买盘
09:44:15,46.79,0.02,9,42095,买盘
09:44:18,46.77,-0.02,1,4677,卖盘
09:44:21,46.79,0.02,1,4679,买盘
09:44:23,46.79,0.0,13,60803,买盘
09:44:27,46.8,0.01,30,140397,买盘
09:44:30,46.77,-0.03,3,14034,卖盘
09:44:33,46.8,0.03,1,4680,买盘
09:44:39,46.8,0.0,10,46794,买盘
09:44:43,46.81,0.01,28,131044,买盘
09:44:48,46.82,0.01,1,4682,买盘
09:44:51,46.81,-0.01,11,51501,卖盘
09:44:54,46.8,-0.01,28,131044,卖盘
09:44:58,46.8,0.0,2,9360,买盘
09:45:03,46.8,0.0,5,23409,卖盘
09:45:09,46.86,0.06,2,9368,中性盘
09:45:12,46.87,0.01,2,9368,买盘
09:45:15,46.87,0.0,4,18748,买盘
09:45:21,46.87,0.0,6,28122,买盘
09:45:24,46.82,-0.05,12,56184,卖盘
09:45:27,46.87,0.05,5,23435,卖盘
09:45:30,46.79,-0.08,20,93607,卖盘
09:45:33,46.82,0.03,1,4682,中性盘
09:45:43,46.82,0.0,12,56184,买盘
09:45:48,46.82,0.0,1,4682,卖盘
09:45:51,46.87,0.05,2,9374,买盘
09:45:54,46.82,-0.05,16,74912,卖盘
09:45:58,46.87,0.05,1,4687,买盘
09:46:03,46.87,0.0,7,32796,买盘
09:46:06,46.87,0.0,5,23435,买盘
09:46:09,46.87,0.0,7,32809,买盘
09:46:11,46.82,-0.05,9,42139,卖盘
09:46:15,46.87,0.05,2,9374,买盘
09:46:20,46.87,0.0,1,4687,买盘
09:46:24,46.87,0.0,17,79619,买盘
09:46:27,46.86,-0.01,1,4686,买盘
09:46:30,46.82,-0.04,8,37456,卖盘
09:46:33,46.82,0.0,6,28092,买盘
09:46:36,46.82,0.0,2,9364,买盘
09:46:38,46.82,0.0,2,9364,买盘
09:46:43,46.82,0.0,3,14046,买盘
09:46:45,46.81,-0.01,3,14049,卖盘
09:46:50,46.86,0.05,1,4686,买盘
09:47:03,46.82,-0.04,4,18728,卖盘
09:47:06,46.82,0.0,2,9364,卖盘
09:47:09,46.85,0.03,3,14052,买盘
09:47:13,46.85,0.0,9,42165,卖盘
09:47:15,46.83,-0.02,32,151347,中性盘
09:47:18,46.82,-0.01,7,31324,买盘
09:47:21,46.82,0.0,24,112368,买盘
09:47:25,46.84,0.02,1,4684,买盘
09:47:33,46.85,0.01,1,4685,买盘
09:47:36,46.83,-0.02,1,4683,中性盘
09:47:39,46.82,-0.01,11,51504,卖盘
09:47:41,46.85,0.03,22,103012,买盘
09:47:45,46.81,-0.04,26,121725,卖盘
09:47:48,46.8,-0.01,19,88922,卖盘
09:47:51,46.81,0.01,5,23403,买盘
09:47:57,46.81,0.0,1,4681,买盘
09:48:00,46.8,-0.01,8,37444,卖盘
09:48:04,46.83,0.03,6,28084,买盘
09:48:06,46.8,-0.03,2,9359,中性盘
09:48:09,46.83,0.03,1,4683,买盘
09:48:12,46.81,-0.02,1,4681,买盘
09:48:15,46.8,-0.01,3,14040,卖盘
09:48:18,46.83,0.03,36,168516,买盘
09:48:21,46.8,-0.03,7,32759,卖盘
09:48:24,46.8,0.0,6,28080,买盘
09:48:28,46.8,0.0,2,9360,买盘
09:48:33,46.81,0.01,1,4681,卖盘
09:48:36,46.82,0.01,2,9364,买盘
09:48:45,46.83,0.01,15,70205,买盘
09:48:48,46.83,0.0,3,14049,买盘
09:48:57,46.85,0.02,4,18740,买盘
09:49:04,46.85,0.0,20,93694,买盘
09:49:12,46.83,-0.02,4,18732,卖盘
09:49:16,46.82,-0.01,6,28096,卖盘
09:49:18,46.82,0.0,5,23413,卖盘
09:49:21,46.83,0.01,7,32779,买盘
09:49:24,46.81,-0.02,3,14047,卖盘
09:49:30,46.84,0.03,1,4684,买盘
09:49:33,46.83,-0.01,1,4683,中性盘
09:49:39,46.82,-0.01,1,4682,卖盘
09:49:42,46.82,0.0,1,4682,买盘
09:49:46,46.82,0.0,4,18728,买盘
09:49:47,46.83,0.01,11,51504,买盘
09:49:51,46.83,0.0,2,9365,买盘
09:49:54,46.83,0.0,9,42147,买盘
09:49:57,46.83,0.0,4,18734,卖盘
09:50:03,46.83,0.0,3,14049,卖盘
09:50:06,46.85,0.02,8,37480,买盘
09:50:09,46.85,0.0,2,9370,买盘
09:50:12,46.85,0.0,2,9370,买盘
09:50:15,46.82,-0.03,12,56187,卖盘
09:50:17,46.85,0.03,1,4685,卖盘
09:50:22,46.87,0.02,1,4687,买盘
09:50:24,46.87,0.0,4,18748,买盘
09:50:28,46.87,0.0,13,60925,买盘
09:50:30,46.87,0.0,12,56244,卖盘
09:50:34,46.87,0.0,1,4687,中性盘
09:50:36,46.85,-0.02,1,4685,卖盘
09:50:39,46.88,0.03,6,28127,买盘
09:50:43,46.88,0.0,1,4688,卖盘
09:50:45,46.89,0.01,23,107830,买盘
09:50:51,46.89,0.0,2,9378,买盘
09:50:57,46.85,-0.04,23,107765,卖盘
09:51:04,46.86,0.01,5,23434,卖盘
09:51:06,46.89,0.03,2,9376,买盘
09:51:12,46.87,-0.02,3,14063,卖盘
09:51:15,46.89,0.02,1,4689,中性盘
09:51:18,46.89,0.0,1,4689,买盘
09:51:21,46.86,-0.03,21,98425,卖盘
09:51:24,46.87,0.01,2,9374,买盘
09:51:27,46.87,0.0,4,18748,买盘
09:51:30,46.87,0.0,4,18748,买盘
09:51:33,46.93,0.06,6,28135,买盘
09:51:36,46.93,0.0,1,4693,买盘
09:51:42,46.89,-0.04,4,18764,卖盘
09:51:45,46.94,0.05,32,150183,买盘
09:51:48,46.94,0.0,1,4694,买盘
09:51:51,46.94,0.0,1,4694,买盘
09:51:54,46.95,0.01,4,18778,买盘
09:51:57,46.95,0.0,37,173715,买盘
09:52:00,46.99,0.04,254,1192558,买盘
09:52:03,47.0,0.01,198,930584,买盘
09:52:06,47.09,0.09,146,686245,买盘
09:52:12,47.1,0.01,6,28241,买盘
09:52:15,47.09,-0.01,6,28282,中性盘
09:52:18,47.03,-0.06,20,94060,买盘
09:52:20,47.13,0.1,214,1006504,买盘
09:52:24,47.14,0.01,5,23566,买盘
09:52:27,47.14,0.0,1,4714,卖盘
09:52:33,47.14,0.0,3,14141,买盘
09:52:38,47.13,-0.01,1,4713,买盘
09:52:43,47.14,0.01,3,14142,买盘
09:52:48,47.14,0.0,32,150848,卖盘
09:52:51,47.18,0.04,4,18868,买盘
09:52:54,47.14,-0.04,5,23570,卖盘
09:52:58,47.17,0.03,5,23577,中性盘
09:53:00,47.18,0.01,9,42453,买盘
09:53:03,47.18,0.0,9,46991,买盘
09:53:06,47.18,0.0,10,47180,卖盘
09:53:09,47.19,0.01,12,56601,买盘
09:53:11,47.19,0.0,1,4719,买盘
09:53:15,47.25,0.06,42,198261,买盘
09:53:17,47.25,0.0,33,155838,买盘
09:53:21,47.25,0.0,38,179444,买盘
09:53:24,47.25,0.0,15,70879,买盘
09:53:26,47.26,0.01,16,75578,买盘
09:53:29,47.28,0.02,7,33088,买盘
09:53:33,47.28,0.0,1,4728,买盘
09:53:39,47.28,0.0,4,18912,买盘
09:53:42,47.28,0.0,5,23640,买盘
09:53:44,47.28,0.0,15,70914,买盘
09:53:48,47.26,-0.02,5,23634,卖盘
09:53:51,47.23,-0.03,51,240971,卖盘
09:53:54,47.23,0.0,11,51943,买盘
09:53:56,47.22,-0.01,4,18888,卖盘
09:54:00,47.2,-0.02,50,235994,卖盘
09:54:03,47.15,-0.05,4,14334,卖盘
09:54:05,47.22,0.07,12,56645,卖盘
09:54:11,47.15,-0.07,20,94375,卖盘
09:54:15,47.2,0.05,9,42484,中性盘
09:54:18,47.15,-0.05,34,160308,卖盘
09:54:21,47.14,-0.01,18,84868,中性盘
09:54:24,47.13,-0.01,13,61218,买盘
09:54:28,47.05,-0.08,3,14115,卖盘
09:54:30,47.13,0.08,2,9426,买盘
09:54:33,47.1,-0.03,10,47114,卖盘
09:54:36,47.1,0.0,4,18840,买盘
09:54:39,47.13,0.03,4,18843,买盘
09:54:43,47.1,-0.03,2,9423,卖盘
09:54:44,47.13,0.03,1,4713,买盘
09:54:48,47.1,-0.03,47,221456,卖盘
09:54:51,47.1,0.0,4,18840,买盘
09:54:54,47.07,-0.03,17,80024,卖盘
09:54:57,47.1,0.03,5,23550,买盘
09:55:00,47.13,0.03,1,4713,卖盘
09:55:03,47.07,-0.06,4,18835,卖盘
09:55:05,47.13,0.06,7,32975,买盘
09:55:09,47.19,0.06,1,4719,买盘
09:55:18,47.13,-0.06,54,254579,卖盘
09:55:21,47.18,0.05,5,23583,买盘
09:55:24,47.1,-0.08,15,70661,卖盘
09:55:26,47.14,0.04,2,9428,中性盘
09:55:33,47.13,-0.01,11,51845,卖盘
09:55:35,47.14,0.01,13,61271,买盘
09:55:39,47.14,0.0,1,4714,卖盘
09:55:42,47.17,0.03,1,4717,中性盘
09:55:45,47.15,-0.02,4,18860,卖盘
09:55:48,47.18,0.03,2,9436,买盘
09:55:51,47.18,0.0,18,84924,买盘
09:55:54,47.19,0.01,4,18876,买盘
09:55:58,47.19,0.0,15,70774,买盘
09:56:00,47.2,0.01,22,103835,买盘
09:56:03,47.2,0.0,4,18880,卖盘
09:56:05,47.21,0.01,6,28326,买盘
09:56:08,47.21,0.0,2,9442,买盘
09:56:11,47.21,0.0,14,66094,买盘
09:56:14,47.21,0.0,10,47207,买盘
09:56:18,47.21,0.0,15,70818,卖盘
09:56:21,47.22,0.01,32,151075,买盘
09:56:24,47.23,0.01,8,37784,买盘
09:56:27,47.24,0.01,2,9448,买盘
09:56:29,47.22,-0.02,15,70832,卖盘
09:56:33,47.22,0.0,2,9446,卖盘
09:56:36,47.24,0.02,3,14170,买盘
09:56:38,47.21,-0.03,24,113329,卖盘
09:56:41,47.22,0.01,5,23608,买盘
09:56:45,47.22,0.0,1,4722,买盘
09:56:48,47.19,-0.03,101,476705,卖盘
09:56:50,47.16,-0.03,3,14151,卖盘
09:56:54,47.15,-0.01,48,226428,卖盘
09:56:58,47.19,0.04,5,23595,中性盘
09:57:00,47.18,-0.01,5,23588,买盘
09:57:03,47.2,0.02,31,146272,买盘
09:57:09,47.14,-0.06,14,66003,卖盘
09:57:11,47.16,0.02,1,4716,卖盘
09:57:15,47.18,0.02,10,47185,买盘
09:57:18,47.16,-0.02,1,4716,卖盘
09:57:20,47.14,-0.02,16,75456,中性盘
09:57:23,47.16,0.02,1,4716,买盘
09:57:27,47.16,0.0,1,4716,买盘
09:57:29,47.16,0.0,3,14146,买盘
09:57:35,47.15,-0.01,2,9430,买盘
09:57:39,47.14,-0.01,3,14144,卖盘
09:57:42,47.17,0.03,1,4717,买盘
09:57:48,47.15,-0.02,2,9430,买盘
09:57:51,47.14,-0.01,11,51904,卖盘
09:57:54,47.14,0.0,2,9428,买盘
09:57:57,47.13,-0.01,16,75447,卖盘
09:58:02,47.14,0.01,4,18856,卖盘
09:58:06,47.21,0.07,1,6937,买盘
09:58:11,47.21,0.0,1,4721,买盘
09:58:17,47.21,0.0,8,37766,买盘
09:58:21,47.15,-0.06,8,37720,卖盘
09:58:27,47.21,0.06,9,42487,买盘
09:58:29,47.2,-0.01,3,14160,卖盘
09:58:32,47.2,0.0,5,23600,买盘
09:58:39,47.2,0.0,1,4720,买盘
09:58:42,47.2,0.0,1,4720,买盘
09:58:47,47.2,0.0,3,14160,买盘
09:58:50,47.2,0.0,4,18880,买盘
09:58:54,47.2,0.0,21,99082,买盘
09:58:57,47.2,0.0,7,33040,买盘
09:58:59,47.2,0.0,2,9440,买盘
09:59:03,47.16,-0.04,5,23583,卖盘
09:59:06,47.18,0.02,8,37758,中性盘
09:59:11,47.19,0.01,6,28314,买盘
09:59:15,47.19,0.0,2,9438,买盘
09:59:17,47.17,-0.02,8,37742,卖盘
09:59:21,47.19,0.02,21,99073,买盘
09:59:24,47.17,-0.02,9,42453,中性盘
09:59:27,47.2,0.03,14,66039,买盘
09:59:30,47.2,0.0,2,9440,买盘
09:59:33,47.2,0.0,1,4720,买盘
09:59:36,47.2,0.0,2,9440,买盘
09:59:39,47.2,0.0,10,47200,买盘
09:59:42,47.18,-0.02,6,28308,中性盘
09:59:45,47.2,0.02,1,4720,买盘
09:59:47,47.17,-0.03,17,80189,卖盘
09:59:51,47.17,0.0,1,4717,买盘
09:59:54,47.17,0.0,11,51895,卖盘
09:59:57,47.17,0.0,30,141509,买盘
10:00:00,47.17,0.0,28,132056,买盘
10:00:03,47.17,0.0,10,47164,买盘
10:00:06,47.17,0.0,37,174529,买盘
10:00:09,47.17,0.0,16,75472,卖盘
10:00:15,47.2,0.03,6,28320,买盘
10:00:18,47.18,-0.02,65,306790,卖盘
10:00:20,47.21,0.03,9,42465,买盘
10:00:24,47.21,0.0,85,401360,卖盘
10:00:27,47.23,0.02,7,33064,买盘
10:00:29,47.22,-0.01,15,70830,卖盘
10:00:32,47.23,0.01,18,85014,买盘
10:00:36,47.23,0.0,9,42507,买盘
10:00:39,47.25,0.02,36,170049,买盘
10:00:41,47.25,0.0,1,4725,买盘
10:00:44,47.27,0.02,19,89748,买盘
10:00:48,47.22,-0.05,7,33067,中性盘
10:00:51,47.23,0.01,10,47230,买盘
10:00:54,47.23,0.0,1,4723,买盘
10:00:57,47.24,0.01,65,306996,买盘
10:01:00,47.25,0.01,29,136989,买盘
10:01:03,47.27,0.02,31,146429,买盘
10:01:06,47.27,0.0,1,4727,买盘
10:01:09,47.2,-0.07,19,89761,卖盘
10:01:11,47.26,0.06,14,66164,买盘
10:01:15,47.26,0.0,2,9452,买盘
10:01:18,47.26,0.0,60,283356,买盘
10:01:21,47.26,0.0,6,28356,买盘
10:01:23,47.2,-0.06,13,61371,卖盘
10:01:27,47.26,0.06,2,9452,买盘
10:01:29,47.26,0.0,10,47260,买盘
10:01:36,47.21,-0.05,1,4721,卖盘
10:01:41,47.22,0.01,2,9444,卖盘
10:01:44,47.25,0.03,11,51975,买盘
10:01:47,47.21,-0.04,42,198392,卖盘
10:01:51,47.26,0.05,3,14168,买盘
10:01:54,47.21,-0.05,13,61377,卖盘
10:01:56,47.25,0.04,1,4725,中性盘
10:01:59,47.26,0.01,4,18904,买盘
10:02:03,47.26,0.0,4,18904,买盘
10:02:06,47.26,0.0,18,85064,买盘
10:02:08,47.27,0.01,3,14181,买盘
10:02:12,47.27,0.0,4,18908,买盘
10:02:15,47.26,-0.01,9,42538,卖盘
10:02:17,47.26,0.0,1,4726,买盘
10:02:20,47.26,0.0,14,66141,买盘
10:02:27,47.26,0.0,5,23630,买盘
10:02:29,47.26,0.0,4,18904,买盘
10:02:36,47.26,0.0,1,4726,买盘
10:02:42,47.25,-0.01,1,4725,买盘
10:02:47,47.25,0.0,2,9450,买盘
10:02:50,47.24,-0.01,9,42516,卖盘
10:02:54,47.24,0.0,4,18896,买盘
10:02:59,47.23,-0.01,1,4723,中性盘
10:03:03,47.24,0.01,12,56687,买盘
10:03:05,47.24,0.0,3,14174,卖盘
10:03:08,47.24,0.0,1,4724,卖盘
10:03:12,47.24,0.0,34,160616,卖盘
10:03:15,47.23,-0.01,2,9446,买盘
10:03:18,47.24,0.01,14,66109,买盘
10:03:21,47.21,-0.03,7,33052,卖盘
10:03:24,47.22,0.01,10,47219,买盘
10:03:27,47.21,-0.01,1,4721,卖盘
10:03:29,47.22,0.01,13,61385,买盘
10:03:33,47.21,-0.01,8,37770,卖盘
10:03:36,47.22,0.01,5,23609,买盘
10:03:39,47.21,-0.01,118,557078,卖盘
10:03:41,47.22,0.01,9,42493,买盘
10:03:45,47.21,-0.01,41,193543,卖盘
10:03:48,47.22,0.01,4,18885,买盘
10:03:51,47.21,-0.01,3,14163,卖盘
10:03:56,47.2,-0.01,12,56642,卖盘
10:04:00,47.2,0.0,11,53620,卖盘
10:04:03,47.21,0.01,1,4721,中性盘
10:04:05,47.22,0.01,20,94420,买盘
10:04:09,47.22,0.0,5,23610,买盘
10:04:12,47.21,-0.01,10,47211,卖盘
10:04:18,47.22,0.01,2,9444,中性盘
10:04:21,47.21,-0.01,3,14163,卖盘
10:04:26,47.18,-0.03,12,53136,卖盘
10:04:38,47.21,0.03,3,14163,卖盘
10:04:42,47.24,0.03,1,4724,买盘
10:04:50,47.18,-0.06,8,37761,卖盘
10:04:53,47.19,0.01,1,4719,买盘
10:04:59,47.19,0.0,1,4719,买盘
10:05:06,47.19,0.0,1,4719,买盘
10:05:11,47.19,0.0,2,9438,买盘
10:05:18,47.18,-0.01,13,64836,卖盘
10:05:21,47.18,0.0,1,4718,买盘
10:05:24,47.18,0.0,1,4718,买盘
10:05:27,47.18,0.0,3,14154,买盘
10:05:30,47.18,0.0,4,18870,买盘
10:05:32,47.19,0.01,6,28307,买盘
10:05:38,47.19,0.0,8,37749,买盘
10:05:42,47.17,-0.02,4,18868,卖盘
10:05:44,47.16,-0.01,10,47162,卖盘
10:05:51,47.17,0.01,7,33019,卖盘
10:05:57,47.17,0.0,1,4717,买盘
10:06:14,47.18,0.01,1,4718,买盘
10:06:20,47.16,-0.02,7,33018,卖盘
10:06:23,47.17,0.01,5,23585,买盘
10:06:27,47.16,-0.01,9,42459,卖盘
10:06:33,47.18,0.02,1,4718,买盘
10:06:38,47.18,0.0,3,14150,买盘
10:06:45,47.18,0.0,1,4718,买盘
10:06:48,47.18,0.0,12,56616,买盘
10:06:50,47.18,0.0,9,42452,买盘
10:06:56,47.16,-0.02,12,56600,卖盘
10:07:00,47.17,0.01,3,14153,中性盘
10:07:02,47.18,0.01,1,4718,买盘
10:07:05,47.19,0.01,35,165131,买盘
10:07:09,47.19,0.0,1,1226,卖盘
10:07:21,47.19,0.0,27,127416,卖盘
10:07:24,47.22,0.03,1,4722,买盘
10:07:27,47.18,-0.04,13,61342,卖盘
10:07:29,47.19,0.01,4,18876,中性盘
10:07:32,47.19,0.0,2,9438,买盘
10:07:44,47.23,0.04,2,9446,买盘
10:07:47,47.23,0.0,6,28338,买盘
10:07:50,47.2,-0.03,24,113318,卖盘
10:07:56,47.2,0.0,1,4720,买盘
10:08:09,47.23,0.03,7,33061,买盘
10:08:11,47.23,0.0,7,33061,买盘
10:08:14,47.23,0.0,5,23615,买盘
10:08:18,47.23,0.0,14,66112,买盘
10:08:20,47.2,-0.03,9,42503,卖盘
10:08:24,47.23,0.03,4,18891,买盘
10:08:27,47.24,0.01,84,396741,买盘
10:08:29,47.24,0.0,4,18896,买盘
10:08:33,47.2,-0.04,19,89718,卖盘
10:08:36,47.24,0.04,3,14172,买盘
10:08:38,47.24,0.0,1,4724,买盘
10:08:41,47.2,-0.04,3,14160,卖盘
10:08:45,47.22,0.02,16,75552,买盘
10:08:47,47.22,0.0,5,23610,买盘
10:08:51,47.22,0.0,2,9444,买盘
10:08:54,47.25,0.03,16,75585,买盘
10:08:56,47.25,0.0,11,51965,买盘
10:09:00,47.25,0.0,5,23625,买盘
10:09:03,47.25,0.0,1,4725,买盘
10:09:05,47.25,0.0,3,14174,买盘
10:09:09,47.24,-0.01,7,33068,卖盘
10:09:12,47.24,0.0,7,33068,卖盘
10:09:21,47.22,-0.02,1,4722,卖盘
10:09:29,47.22,0.0,1,4722,卖盘
10:09:32,47.25,0.03,42,198443,买盘
10:09:39,47.22,-0.01,15,70833,卖盘
10:09:50,47.23,0.01,1,4723,卖盘
10:09:54,47.24,0.01,8,37792,买盘
10:09:56,47.24,0.0,1,4724,买盘
10:10:03,47.24,0.0,2,9448,买盘
10:10:06,47.22,-0.02,8,37786,卖盘
10:10:09,47.24,0.02,16,75584,买盘
10:10:12,47.24,0.0,9,42516,买盘
10:10:14,47.24,0.0,55,259820,买盘
10:10:18,47.25,0.01,1,4725,买盘
10:10:20,47.22,-0.03,20,94461,卖盘
10:10:23,47.25,0.03,2,9450,买盘
10:10:26,47.25,0.0,2,9450,买盘
10:10:33,47.25,0.0,5,23622,买盘
10:10:36,47.22,-0.03,7,33056,卖盘
10:10:39,47.22,0.0,3,14166,买盘
10:10:41,47.26,0.04,112,529166,买盘
10:10:45,47.28,0.02,30,141799,买盘
10:10:48,47.27,-0.01,3,14182,卖盘
10:10:53,47.29,0.02,38,179650,买盘
10:10:56,47.3,0.01,21,99330,买盘
10:11:00,47.29,-0.01,15,70936,卖盘
10:11:03,47.33,0.04,4,18924,买盘
10:11:06,47.35,0.02,2,9470,买盘
10:11:09,47.35,0.0,7,33145,买盘
10:11:12,47.35,0.0,3,14205,买盘
10:11:15,47.4,0.05,30,142134,买盘
10:11:17,47.38,-0.02,1,4738,卖盘
10:11:21,47.4,0.02,14,66312,买盘
10:11:23,47.4,0.0,8,37920,买盘
10:11:27,47.39,-0.01,3,14219,卖盘
10:11:29,47.39,0.0,4,18956,买盘
10:11:33,47.39,0.0,10,47392,买盘
10:11:36,47.37,-0.02,9,42653,卖盘
10:11:39,47.38,0.01,8,37917,中性盘
10:11:41,47.38,0.0,2,9476,买盘
10:11:44,47.4,0.02,4,18953,中性盘
10:11:51,47.45,0.05,10,47414,买盘
10:11:57,47.37,-0.08,11,52134,卖盘
10:12:00,47.44,0.07,3,14234,中性盘
10:12:02,47.42,-0.02,7,33203,中性盘
10:12:06,47.46,0.04,9,42706,买盘
10:12:09,47.45,-0.01,8,37960,卖盘
10:12:15,47.46,0.01,22,104412,买盘
10:12:18,47.47,0.01,6,28482,买盘
10:12:21,47.46,-0.01,2,9492,卖盘
10:12:24,47.46,0.0,11,52207,卖盘
10:12:26,47.47,0.01,11,52217,买盘
10:12:30,47.47,0.0,17,80700,买盘
10:12:33,47.47,0.0,1,4747,卖盘
10:12:39,47.48,0.01,2,9495,买盘
10:12:42,47.48,0.0,10,47485,卖盘
10:12:44,47.47,-0.01,10,47474,卖盘
10:12:48,47.49,0.02,1,4749,买盘
10:12:50,47.48,-0.01,20,94976,卖盘
10:12:54,47.48,0.0,17,80716,卖盘
10:12:57,47.49,0.01,5,23748,买盘
10:13:00,47.5,0.01,2,9500,买盘
10:13:03,47.49,-0.01,26,123474,卖盘
10:13:09,47.47,-0.02,15,71223,卖盘
10:13:11,47.49,0.02,7,33243,中性盘
10:13:14,47.49,0.0,3,14247,卖盘
10:13:17,47.48,-0.01,1,4748,买盘
10:13:20,47.5,0.02,101,479727,买盘
10:13:27,47.49,-0.01,25,118686,买盘
10:13:30,47.49,0.0,4,18996,买盘
10:13:33,47.49,0.0,4,18996,卖盘
10:13:35,47.49,0.0,5,23745,买盘
10:13:38,47.49,0.0,8,37992,卖盘
10:13:42,47.5,0.01,104,493998,买盘
10:13:44,47.5,0.0,188,892995,买盘
10:13:48,47.53,0.03,32,151982,买盘
10:13:51,47.47,-0.06,26,123442,卖盘
10:13:57,47.53,0.06,15,71239,买盘
10:14:00,47.53,0.0,8,38009,买盘
10:14:03,47.5,-0.03,2,9503,中性盘
10:14:05,47.5,0.0,1,4750,买盘
10:14:12,47.5,0.0,6,28499,买盘
10:14:14,47.5,0.0,1,4750,卖盘
10:14:17,47.5,0.0,1,4750,卖盘
10:14:21,47.53,0.03,10,47518,买盘
10:14:27,47.52,-0.01,1,4752,中性盘
10:14:33,47.52,0.0,5,23756,买盘
10:14:36,47.52,0.0,2,9504,买盘
10:14:38,47.52,0.0,6,28507,买盘
10:14:41,47.52,0.0,4,19008,买盘
10:14:45,47.52,0.0,12,57013,中性盘
10:14:51,47.51,-0.01,25,118775,卖盘
10:14:54,47.51,0.0,7,33257,买盘
10:14:56,47.5,-0.01,32,151996,卖盘
10:15:00,47.47,-0.03,34,161425,卖盘
10:15:03,47.5,0.03,21,99674,买盘
10:15:05,47.41,-0.09,26,123372,卖盘
10:15:09,47.47,0.06,2,9494,买盘
10:15:12,47.45,-0.02,1,4745,卖盘
10:15:15,47.47,0.02,2,9488,买盘
10:15:18,47.47,0.0,1,4747,买盘
10:15:30,47.47,0.0,1,4747,买盘
10:15:33,47.47,0.0,10,47456,买盘
10:15:39,47.47,0.0,6,28478,买盘
10:15:44,47.47,0.0,11,52169,买盘
10:15:51,47.45,-0.02,1,4745,买盘
10:15:54,47.41,-0.04,5,23709,卖盘
10:15:56,47.45,0.04,10,47443,买盘
10:16:03,47.45,0.0,6,28470,买盘
10:16:05,47.45,0.0,1,4745,卖盘
10:16:09,47.46,0.01,1,4746,买盘
10:16:14,47.46,0.0,2,9491,买盘
10:16:17,47.46,0.0,1,4746,买盘
10:16:21,47.46,0.0,8,37961,买盘
10:16:24,47.45,-0.01,4,18980,卖盘
10:16:27,47.45,0.0,4,18980,买盘
10:16:29,47.45,0.0,4,18980,买盘
10:16:33,47.45,0.0,1,4745,买盘
10:16:38,47.45,0.0,4,18974,买盘
10:16:42,47.45,0.0,3,14235,买盘
10:16:45,47.41,-0.04,12,56906,卖盘
10:16:51,47.41,0.0,1,4741,卖盘
10:16:54,47.44,0.03,1,4744,买盘
10:16:57,47.41,-0.03,12,56892,卖盘
10:17:00,47.41,0.0,9,42669,买盘
10:17:06,47.41,0.0,2,9482,买盘
10:17:12,47.41,0.0,4,18964,卖盘
10:17:15,47.42,0.01,1,4742,中性盘
10:17:18,47.41,-0.01,6,28447,卖盘
10:17:21,47.43,0.02,15,71145,买盘
10:17:27,47.41,-0.02,12,56893,卖盘
10:17:30,47.43,0.02,1,4743,买盘
10:17:36,47.44,0.01,17,80596,买盘
10:17:42,47.42,-0.02,1,4742,买盘
10:17:45,47.4,-0.02,13,61620,卖盘
10:17:48,47.4,0.0,1,4740,买盘
10:17:53,47.4,0.0,28,132720,买盘
10:17:57,47.4,0.0,19,90060,卖盘
10:18:00,47.4,0.0,13,61608,买盘
10:18:02,47.4,0.0,2,9480,买盘
10:18:06,47.4,0.0,5,23699,买盘
10:18:09,47.4,0.0,1,4740,买盘
10:18:29,47.39,-0.01,3,13600,买盘
10:18:39,47.4,0.01,2,9480,卖盘
10:18:44,47.4,0.0,4,18960,卖盘
10:18:47,47.4,0.0,7,33180,卖盘
10:19:00,47.41,0.01,4,18964,卖盘
10:19:09,47.41,0.0,1,4741,卖盘
10:19:12,47.43,0.02,3,14229,买盘
10:19:18,47.43,0.0,2,9485,买盘
10:19:24,47.43,0.0,4,18972,买盘
10:19:30,47.41,-0.02,11,52152,卖盘
10:19:32,47.43,0.02,8,37934,买盘
10:19:42,47.43,0.0,2,9486,买盘
10:19:45,47.43,0.0,2,9486,买盘
10:19:47,47.43,0.0,2,9486,卖盘
10:19:53,47.43,0.0,2,9487,卖盘
10:20:00,47.44,0.01,4,18976,买盘
10:20:03,47.43,-0.01,4,18972,卖盘
10:20:06,47.44,0.01,4,18975,买盘
10:20:08,47.44,0.0,5,23720,买盘
10:20:11,47.44,0.0,10,47440,卖盘
10:20:18,47.45,0.01,1,4745,买盘
10:20:21,47.45,0.0,14,66430,买盘
10:20:24,47.45,0.0,1,4745,买盘
10:20:27,47.43,-0.02,12,56923,卖盘
10:20:29,47.43,0.0,16,75897,卖盘
10:20:33,47.45,0.02,9,42689,买盘
10:20:36,47.45,0.0,3,14235,买盘
10:20:42,47.43,-0.02,2,9486,买盘
10:20:45,47.43,0.0,18,85391,卖盘
10:20:48,47.43,0.0,1,4743,买盘
10:20:51,47.43,0.0,13,61659,买盘
10:20:54,47.43,0.0,3,14228,买盘
10:20:57,47.43,0.0,13,61647,买盘
10:21:00,47.43,0.0,3,14228,买盘
10:21:06,47.45,0.02,9,42696,买盘
10:21:14,47.45,0.0,1,4745,买盘
10:21:18,47.47,0.02,15,71181,买盘
10:21:27,47.49,0.02,16,75963,买盘
10:21:29,47.49,0.0,2,9498,买盘
10:21:36,47.49,0.0,2,9498,买盘
10:21:39,47.49,0.0,1,4749,买盘
10:21:42,47.5,0.01,19,90238,买盘
10:21:44,47.5,0.0,3,14250,买盘
10:21:48,47.5,0.0,16,75952,买盘
10:21:50,47.5,0.0,5,23750,买盘
10:21:53,47.5,0.0,42,199500,买盘
10:21:57,47.5,0.0,24,113999,买盘
10:22:00,47.49,-0.01,2,9498,中性盘
10:22:03,47.45,-0.04,14,66434,卖盘
10:22:05,47.49,0.04,10,47490,买盘
10:22:11,47.46,-0.03,1,4746,卖盘
10:22:17,47.5,0.04,21,99750,买盘
10:22:24,47.5,0.0,1,4750,买盘
10:22:26,47.5,0.0,1,4750,买盘
10:22:30,47.5,0.0,2,9500,买盘
10:22:36,47.48,-0.02,5,23748,卖盘
10:22:38,47.5,0.02,4,18998,买盘
10:22:48,47.49,-0.01,2,9498,买盘
10:22:54,47.49,0.0,5,23745,买盘
10:23:00,47.48,-0.01,17,80706,中性盘
10:23:04,47.48,0.0,2,9496,买盘
10:23:09,47.49,0.01,6,28494,买盘
10:23:11,47.48,-0.01,2,9497,卖盘
10:23:18,47.48,0.0,4,18986,买盘
10:23:20,47.48,0.0,11,52228,买盘
10:23:23,47.48,0.0,1,4748,买盘
10:23:26,47.45,-0.03,1,4745,卖盘
10:23:30,47.45,0.0,13,61690,卖盘
10:23:32,47.47,0.02,1,4747,买盘
10:23:38,47.45,-0.02,2,9490,卖盘
10:23:42,47.46,0.01,2,9492,买盘
10:23:48,47.45,-0.01,3,14236,卖盘
10:23:51,47.45,0.0,2,9490,卖盘
10:23:54,47.43,-0.02,10,47446,卖盘
10:23:59,47.45,0.02,2,9490,买盘
10:24:05,47.45,0.0,1,4745,买盘
10:24:12,47.45,0.0,4,18980,买盘
10:24:15,47.45,0.0,13,61685,买盘
10:24:20,47.45,0.0,15,71175,卖盘
10:24:23,47.45,0.0,7,33216,卖盘
10:24:27,47.46,0.01,5,23730,买盘
10:24:30,47.45,-0.01,2,9491,卖盘
10:24:36,47.46,0.01,6,31462,买盘
10:24:39,47.45,-0.01,2,6501,卖盘
10:24:42,47.46,0.01,12,56915,买盘
10:24:48,47.45,-0.01,1,4745,买盘
10:24:50,47.42,-0.03,16,75917,卖盘
10:24:54,47.45,0.03,5,23713,买盘
10:25:00,47.44,-0.01,5,23718,买盘
10:25:12,47.42,-0.02,1,4742,卖盘
10:25:18,47.42,0.0,5,23710,卖盘
10:25:20,47.42,0.0,1,4742,卖盘
10:25:24,47.44,0.02,3,14232,买盘
10:25:30,47.42,-0.02,1,4742,卖盘
10:25:36,47.42,0.0,2,9484,卖盘
10:25:38,47.42,0.0,2,9484,卖盘
10:25:47,47.43,0.01,2,9485,买盘
10:25:50,47.42,-0.01,10,47420,卖盘
10:25:53,47.42,0.0,4,18970,卖盘
10:25:57,47.41,-0.01,26,123281,卖盘
10:25:59,47.4,-0.01,134,635169,卖盘
10:26:02,47.39,-0.01,28,132720,卖盘
10:26:06,47.36,-0.03,28,132628,卖盘
10:26:12,47.38,0.02,1,4738,中性盘
10:26:18,47.4,0.02,2,9480,买盘
10:26:24,47.4,0.0,1,4740,买盘
10:26:29,47.4,0.0,1,4740,买盘
10:26:32,47.36,-0.04,1,4736,卖盘
10:26:36,47.4,0.04,3,14220,买盘
10:26:39,47.36,-0.04,45,213120,卖盘
10:26:42,47.37,0.01,8,37900,中性盘
10:26:45,47.37,0.0,17,80515,卖盘
10:26:48,47.37,0.0,1,4737,卖盘
10:26:50,47.36,-0.01,17,80512,卖盘
10:26:54,47.36,0.0,6,28416,卖盘
10:26:57,47.36,0.0,3,14208,卖盘
10:26:59,47.36,0.0,2,9472,卖盘
10:27:05,47.38,0.02,17,80514,买盘
10:27:12,47.38,0.0,12,56836,买盘
10:27:15,47.36,-0.02,5,23680,卖盘
10:27:18,47.38,0.02,1,4738,买盘
10:27:24,47.38,0.0,1,4738,买盘
10:27:27,47.36,-0.02,3,14210,卖盘
10:27:29,47.38,0.02,34,161036,买盘
10:27:35,47.38,0.0,2,9476,买盘
10:27:38,47.36,-0.02,2,9472,卖盘
10:27:41,47.38,0.02,1,4738,买盘
10:27:48,47.38,0.0,1,4738,买盘
10:27:54,47.38,0.0,1,4738,买盘
10:28:00,47.38,0.0,1,4738,买盘
10:28:03,47.38,0.0,5,23690,卖盘
10:28:06,47.39,0.01,1,4739,买盘
10:28:09,47.37,-0.02,10,47374,卖盘
10:28:12,47.39,0.02,1,4739,买盘
10:28:17,47.39,0.0,9,42650,买盘
10:28:24,47.38,-0.01,1,4738,卖盘
10:28:27,47.39,0.01,1,4739,买盘
10:28:35,47.37,-0.02,3,14211,卖盘
10:28:43,47.39,0.02,5,23695,买盘
10:28:45,47.39,0.0,7,33173,买盘
10:28:53,47.39,0.0,1,4739,买盘
10:28:57,47.37,-0.02,8,37896,卖盘
10:29:00,47.39,0.02,2,9478,买盘
10:29:06,47.39,0.0,20,94780,买盘
10:29:12,47.39,0.0,3,14217,买盘
10:29:14,47.37,-0.02,11,52108,卖盘
10:29:23,47.4,0.03,2,9480,买盘
10:29:30,47.4,0.0,1,4740,买盘
10:29:33,47.39,-0.01,1,4739,卖盘
10:29:36,47.4,0.01,1,4740,买盘
10:29:38,47.4,0.0,2,9479,买盘
10:29:41,47.4,0.0,1,4740,买盘
10:29:45,47.4,0.0,33,156420,买盘
10:29:48,47.4,0.0,5,23700,买盘
10:29:50,47.39,-0.01,1,4739,卖盘
10:29:54,47.4,0.01,1,4740,买盘
10:30:03,47.39,-0.01,3,14217,卖盘
10:30:06,47.39,0.0,2,9478,买盘
10:30:08,47.37,-0.02,10,47373,卖盘
10:30:12,47.39,0.02,12,56868,买盘
10:30:21,47.38,-0.01,3,14214,卖盘
10:30:24,47.39,0.01,5,23695,买盘
10:30:30,47.4,0.01,40,189600,买盘
10:30:33,47.38,-0.02,30,142458,卖盘
10:30:36,47.37,-0.01,13,61596,卖盘
10:30:43,47.42,0.05,3,14226,买盘
10:30:45,47.37,-0.05,1,4737,卖盘
10:30:48,47.37,0.0,3,14216,卖盘
10:30:54,47.37,0.0,1,4737,卖盘
10:30:57,47.36,-0.01,3,14210,卖盘
10:31:05,47.38,0.02,1,4738,中性盘
10:31:09,47.37,-0.01,4,18948,卖盘
10:31:13,47.37,0.0,2,9474,卖盘
10:31:18,47.39,0.02,4,18954,买盘
10:31:21,47.39,0.0,2,9478,卖盘
10:31:27,47.4,0.01,11,52125,买盘
10:31:30,47.4,0.0,1,4740,买盘
10:31:33,47.37,-0.03,1,4737,卖盘
10:31:39,47.37,0.0,4,18951,卖盘
10:31:50,47.4,0.03,2,9480,买盘
10:31:57,47.4,0.0,1,4740,买盘
10:32:33,47.39,-0.01,2,9478,买盘
10:32:35,47.39,0.0,6,28434,买盘
10:32:39,47.38,-0.01,2,9476,卖盘
10:32:45,47.38,0.0,5,23690,卖盘
10:32:57,47.38,0.0,14,66332,卖盘
10:33:21,47.37,-0.01,1,4737,卖盘
10:33:24,47.37,0.0,6,28422,卖盘
10:33:29,47.37,0.0,32,151584,卖盘
10:33:33,47.37,0.0,3,14209,买盘
10:33:36,47.36,-0.01,21,99456,卖盘
10:33:39,47.36,0.0,9,42625,卖盘
10:33:45,47.35,-0.01,13,61555,卖盘
10:33:48,47.35,0.0,7,33145,卖盘
10:33:50,47.34,-0.01,4,18938,卖盘
10:34:00,47.34,0.0,3,14202,卖盘
10:34:03,47.34,0.0,1,4734,卖盘
10:34:18,47.33,-0.01,16,75728,卖盘
10:34:23,47.3,-0.03,12,56770,卖盘
10:34:30,47.3,0.0,23,108790,卖盘
10:34:36,47.25,-0.05,33,155943,卖盘
10:34:39,47.3,0.05,4,18914,买盘
10:34:42,47.27,-0.03,10,47273,卖盘
10:34:50,47.31,0.04,5,23649,买盘
10:34:58,47.31,0.0,1,4731,买盘
10:35:00,47.3,-0.01,1,4730,卖盘
10:35:03,47.3,0.0,1,4730,卖盘
10:35:06,47.3,0.0,6,28380,中性盘
10:35:09,47.3,0.0,3,14190,买盘
10:35:15,47.28,-0.02,1,4728,卖盘
10:35:18,47.3,0.02,6,28379,买盘
10:35:21,47.31,0.01,70,331110,买盘
10:35:24,47.3,-0.01,1,4730,中性盘
10:35:28,47.28,-0.02,21,99270,卖盘
10:35:29,47.28,0.0,6,28368,买盘
10:35:33,47.28,0.0,3,14184,买盘
10:35:36,47.28,0.0,7,33096,买盘
10:35:39,47.29,0.01,1,4729,买盘
10:35:43,47.29,0.0,1,4729,中性盘
10:35:48,47.34,0.05,5,23658,买盘
10:35:50,47.29,-0.05,1,4729,卖盘
10:36:15,47.3,0.01,2,9460,卖盘
10:36:36,47.33,0.03,1,4733,买盘
10:36:39,47.3,-0.03,6,28380,卖盘
10:36:45,47.33,0.03,5,23664,买盘
10:36:54,47.32,-0.01,2,9464,买盘
10:37:06,47.32,0.0,1,4732,买盘
10:37:09,47.3,-0.02,7,33120,卖盘
10:37:21,47.3,0.0,1,4730,卖盘
10:37:54,47.31,0.01,3,14194,卖盘
10:38:00,47.31,0.0,14,66238,卖盘
10:38:18,47.31,0.0,3,14193,卖盘
10:38:23,47.32,0.01,23,108836,买盘
10:38:27,47.32,0.0,1,4732,买盘
10:38:30,47.32,0.0,1,4732,买盘
10:38:36,47.34,0.02,13,61533,买盘
10:38:48,47.34,0.0,2,9468,卖盘
10:38:51,47.32,-0.02,1,4732,卖盘
10:38:53,47.33,0.01,1,4733,中性盘
10:38:57,47.32,-0.01,2,9464,卖盘
10:39:18,47.32,0.0,1,4732,卖盘
10:39:43,47.35,0.01,11,52085,买盘
10:39:48,47.32,-0.03,11,52068,卖盘
10:40:06,47.35,0.03,1,4735,卖盘
10:40:16,47.34,-0.01,2,9468,买盘
10:40:21,47.35,0.01,34,160990,买盘
10:40:24,47.38,0.03,10,47359,买盘
10:40:43,47.38,0.0,2,9476,买盘
10:40:48,47.39,0.01,8,37913,买盘
10:40:51,47.4,0.01,14,66360,买盘
10:40:54,47.4,0.0,27,127963,买盘
10:41:15,47.42,0.02,10,47419,买盘
10:41:21,47.43,0.01,1,4743,买盘
10:41:28,47.43,0.0,3,14229,买盘
10:41:42,47.43,0.0,1,4743,卖盘
10:41:46,47.45,0.02,1,4745,买盘
10:41:48,47.45,0.0,11,52195,买盘
10:41:54,47.45,0.0,10,47450,卖盘
10:41:57,47.47,0.02,16,75948,买盘
10:42:13,47.47,0.0,4,18988,买盘
10:42:21,47.47,0.0,10,47469,买盘
10:42:24,47.46,-0.01,1,4746,中性盘
10:42:39,47.45,-0.01,3,14239,卖盘
10:42:43,47.45,0.0,12,56940,卖盘
10:42:45,47.45,0.0,13,61687,卖盘
10:42:48,47.43,-0.02,4,18976,卖盘
10:42:51,47.4,-0.03,11,52164,卖盘
10:42:54,47.4,0.0,4,18960,卖盘
10:42:58,47.45,0.05,3,14235,买盘
10:43:01,47.44,-0.01,1,4744,中性盘
10:43:09,47.4,-0.04,1,4740,卖盘
10:43:16,47.4,0.0,9,42663,卖盘
10:43:33,47.39,-0.01,1,4739,买盘
10:43:39,47.39,0.0,2,9478,卖盘
10:43:48,47.4,0.01,1,4740,买盘
10:44:00,47.4,0.0,5,23700,买盘
10:44:03,47.39,-0.01,8,37918,卖盘
10:44:06,47.39,0.0,7,33174,卖盘
10:44:24,47.39,0.0,3,14219,卖盘
10:44:33,47.39,0.0,1,4739,卖盘
10:44:36,47.39,0.0,1,4739,卖盘
10:44:51,47.32,-0.07,106,501838,卖盘
10:44:55,47.35,0.03,2,10946,中性盘
10:44:57,47.4,0.05,32,151466,买盘
10:45:00,47.4,0.0,4,18960,买盘
10:45:06,47.33,-0.07,2,9473,卖盘
10:45:09,47.4,0.07,1,4740,买盘
10:45:18,47.4,0.0,3,14220,买盘
10:45:24,47.39,-0.01,3,14217,买盘
10:45:36,47.34,-0.05,1,4734,卖盘
10:45:39,47.39,0.05,3,14207,买盘
10:45:46,47.32,-0.07,4,18928,卖盘
10:45:48,47.32,0.0,11,52052,卖盘
10:45:54,47.32,0.0,3,14196,卖盘
10:45:57,47.32,0.0,1,4732,卖盘
10:46:03,47.32,0.0,1,4732,卖盘
10:46:06,47.38,0.06,1,4738,买盘
10:46:24,47.35,-0.03,4,18940,卖盘
10:46:39,47.32,-0.03,3,14196,卖盘
10:46:46,47.32,0.0,5,23660,卖盘
10:46:54,47.34,0.02,10,47340,买盘
10:46:58,47.33,-0.01,4,18931,中性盘
10:47:00,47.32,-0.01,15,68235,卖盘
10:47:03,47.32,0.0,4,18928,买盘
10:47:07,47.31,-0.01,11,52042,卖盘
10:47:18,47.31,0.0,1,4731,卖盘
10:47:24,47.31,0.0,1,4731,卖盘
10:47:30,47.31,0.0,26,123014,卖盘
10:47:37,47.31,0.0,17,80426,买盘
10:47:43,47.31,0.0,22,104069,买盘
10:47:51,47.32,0.01,2,9464,买盘
10:48:13,47.32,0.0,4,18927,买盘
10:48:21,47.33,0.01,1,4733,买盘
10:48:27,47.3,-0.03,23,106053,卖盘
10:48:30,47.3,0.0,199,940644,买盘
10:48:33,47.25,-0.05,3,14184,卖盘
10:48:36,47.2,-0.05,31,146342,卖盘
10:48:48,47.36,0.16,1,4736,买盘
10:49:06,47.3,-0.06,1,4730,卖盘
10:49:13,47.36,0.06,8,37888,买盘
10:49:33,47.35,-0.01,4,18940,买盘
10:49:51,47.35,0.0,38,179964,卖盘
10:49:55,47.36,0.01,2,9472,买盘
10:50:00,47.36,0.0,1,4736,买盘
10:50:03,47.35,-0.01,1,4735,卖盘
10:50:06,47.35,0.0,12,56820,卖盘
10:50:10,47.35,0.0,1,4735,买盘
10:50:13,47.35,0.0,23,108871,买盘
10:50:16,47.37,0.02,2,9474,买盘
10:50:21,47.35,-0.02,1,4735,买盘
10:50:51,47.36,0.01,2,9472,卖盘
10:50:54,47.36,0.0,1,4736,卖盘
10:51:06,47.36,0.0,5,23680,卖盘
10:51:09,47.36,0.0,1,4736,买盘
10:51:18,47.35,-0.01,2,9470,卖盘
10:51:24,47.35,0.0,5,23675,卖盘
10:51:39,47.35,0.0,2,9470,卖盘
10:51:48,47.35,0.0,9,42615,卖盘
10:52:00,47.35,0.0,1,4735,卖盘
10:52:15,47.35,0.0,10,47350,买盘
10:52:21,47.35,0.0,6,28410,买盘
10:52:28,47.34,-0.01,1,4734,卖盘
10:52:33,47.35,0.01,5,23673,买盘
10:52:39,47.33,-0.02,2,9466,卖盘
10:52:43,47.32,-0.01,4,18930,卖盘
10:52:54,47.3,-0.02,11,52030,卖盘
10:53:00,47.3,0.0,10,47300,卖盘
10:53:03,47.3,0.0,1,4730,卖盘
10:53:06,47.3,0.0,2,9460,卖盘
10:53:10,47.3,0.0,2,9460,卖盘
10:53:24,47.3,0.0,44,208113,买盘
10:53:28,47.32,0.02,11,52032,买盘
10:53:31,47.35,0.03,57,269759,买盘
10:53:36,47.3,-0.05,14,66227,卖盘
10:53:39,47.36,0.06,7,33139,买盘
10:53:46,47.3,-0.06,2,9460,卖盘
10:53:48,47.3,0.0,3,14190,卖盘
10:53:51,47.35,0.05,7,33142,买盘
10:54:00,47.3,-0.05,7,33110,卖盘
10:54:03,47.3,0.0,2,9460,卖盘
10:54:06,47.34,0.04,8,40599,买盘
10:54:16,47.3,-0.04,24,110777,卖盘
10:54:18,47.28,-0.02,3,14186,卖盘
10:54:21,47.3,0.02,6,28376,买盘
10:54:31,47.28,-0.02,9,42503,中性盘
10:54:36,47.29,0.01,15,70845,买盘
10:54:39,47.21,-0.08,2,9442,中性盘
10:54:51,47.28,0.07,3,14184,买盘
10:54:54,47.21,-0.07,7,33047,卖盘
10:54:58,47.28,0.07,23,108744,买盘
10:55:00,47.21,-0.07,3,14163,卖盘
10:55:06,47.3,0.09,6,28369,买盘
10:55:10,47.27,-0.03,1,4727,中性盘
10:55:15,47.21,-0.06,10,47212,卖盘
10:55:21,47.29,0.08,8,37811,中性盘
10:55:31,47.3,0.01,4,18920,买盘
10:55:33,47.2,-0.1,30,142935,卖盘
10:55:36,47.2,0.0,6,27140,买盘
10:55:39,47.2,0.0,21,99196,卖盘
10:55:42,47.3,0.1,15,70850,买盘
10:55:51,47.3,0.0,9,42564,买盘
10:56:01,47.3,0.0,1,4730,买盘
10:56:06,47.29,-0.01,6,28379,卖盘
10:56:09,47.29,0.0,5,23645,卖盘
10:56:13,47.3,0.01,49,231767,买盘
10:56:16,47.3,0.0,2,12204,买盘
10:56:18,47.3,0.0,12,56761,卖盘
10:56:21,47.33,0.03,3,14199,买盘
10:56:30,47.33,0.0,1,4733,卖盘
10:56:33,47.33,0.0,1,4733,卖盘
10:56:36,47.34,0.01,6,28404,买盘
10:56:43,47.33,-0.01,1,4733,卖盘
10:56:51,47.33,0.0,5,23665,买盘
10:56:54,47.33,0.0,4,18932,买盘
10:57:03,47.31,-0.02,2,9462,卖盘
10:57:06,47.33,0.02,4,18932,买盘
10:57:09,47.33,0.0,23,108859,买盘
10:57:13,47.34,0.01,21,99414,买盘
10:57:15,47.36,0.02,46,217775,买盘
10:57:18,47.35,-0.01,23,108861,中性盘
10:57:21,47.37,0.02,49,232068,买盘
10:57:24,47.39,0.02,5,23689,买盘
10:57:27,47.37,-0.02,26,123162,卖盘
10:57:36,47.4,0.03,7,33176,买盘
10:57:39,47.37,-0.03,10,47370,卖盘
10:57:51,47.42,0.05,8,37922,买盘
10:58:01,47.39,-0.03,2,9478,卖盘
10:58:09,47.4,0.01,5,23700,买盘
10:58:21,47.39,-0.01,3,14217,卖盘
10:58:24,47.4,0.01,5,23700,买盘
10:58:27,47.43,0.03,5,23713,买盘
10:58:36,47.42,-0.01,5,23710,买盘
10:58:39,47.42,0.0,8,37936,买盘
10:58:48,47.42,0.0,6,28449,买盘
10:58:54,47.41,-0.01,17,80577,买盘
10:59:00,47.37,-0.04,17,80550,卖盘
10:59:06,47.39,0.02,7,33171,买盘
10:59:16,47.38,-0.01,2,9476,买盘
10:59:24,47.41,0.03,6,28440,买盘
10:59:27,47.39,-0.02,1,4739,买盘
10:59:36,47.41,0.02,6,28436,买盘
10:59:54,47.41,0.0,7,33187,买盘
11:00:01,47.41,0.0,1,4741,买盘
11:00:06,47.41,0.0,6,28446,买盘
11:00:15,47.38,-0.03,23,108974,卖盘
11:00:18,47.41,0.03,25,118525,买盘
11:00:21,47.41,0.0,10,47410,卖盘
11:00:24,47.41,0.0,9,42675,卖盘
11:00:27,47.41,0.0,1,4741,卖盘
11:00:31,47.42,0.01,4,18968,买盘
11:00:36,47.42,0.0,7,33194,买盘
11:00:40,47.42,0.0,3,14224,买盘
11:00:54,47.42,0.0,4,18968,买盘
11:00:57,47.42,0.0,5,23710,买盘
11:01:00,47.42,0.0,1,4742,买盘
11:01:03,47.42,0.0,1,4742,买盘
11:01:06,47.42,0.0,3,14225,买盘
11:01:13,47.42,0.0,29,137518,买盘
11:01:18,47.42,0.0,19,90086,买盘
11:01:21,47.41,-0.01,16,75857,卖盘
11:01:27,47.44,0.03,6,28458,买盘
11:01:30,47.41,-0.03,5,23705,卖盘
11:01:42,47.44,0.03,2,9486,买盘
11:01:45,47.44,0.0,1,4744,卖盘
11:01:48,47.41,-0.03,10,47410,卖盘
11:01:54,47.43,0.02,1,4743,卖盘
11:01:57,47.45,0.02,5,23723,买盘
11:02:03,47.44,-0.01,1,4744,中性盘
11:02:21,47.43,-0.01,2,9487,卖盘
11:02:24,47.44,0.01,2,9488,买盘
11:02:30,47.44,0.0,8,37952,卖盘
11:02:33,47.43,-0.01,1,4743,卖盘
11:02:36,47.41,-0.02,1,4741,卖盘
11:02:39,47.41,0.0,1,4741,卖盘
11:02:51,47.44,0.03,2,9488,买盘
11:02:54,47.44,0.0,1,4744,买盘
11:03:06,47.44,0.0,1,4744,卖盘
11:03:15,47.45,0.01,6,28470,买盘
11:03:18,47.45,0.0,4,18980,买盘
11:03:21,47.44,-0.01,11,52185,卖盘
11:03:35,47.45,0.01,12,56938,买盘
11:03:40,47.44,-0.01,1,4744,卖盘
11:03:43,47.44,0.0,1,4744,卖盘
11:03:45,47.44,0.0,5,23720,卖盘
11:03:54,47.44,0.0,6,28464,卖盘
11:03:57,47.44,0.0,10,47440,卖盘
11:04:12,47.44,0.0,1,4744,买盘
11:04:15,47.44,0.0,1,4744,买盘
11:04:18,47.44,0.0,1,4744,买盘
11:04:21,47.44,0.0,3,14230,买盘
11:04:25,47.44,0.0,1,4744,买盘
11:04:36,47.43,-0.01,1,4743,卖盘
11:04:39,47.43,0.0,6,28459,卖盘
11:04:51,47.43,0.0,1,4743,卖盘
11:04:54,47.44,0.01,5,23720,买盘
11:04:57,47.44,0.0,1,4744,买盘
11:05:06,47.44,0.0,2,9488,买盘
11:05:19,47.43,-0.01,2,9487,卖盘
11:05:21,47.44,0.01,4,18976,买盘
11:05:24,47.44,0.0,9,42691,买盘
11:05:30,47.44,0.0,1,4744,买盘
11:05:33,47.44,0.0,11,52184,买盘
11:05:36,47.44,0.0,2,9488,买盘
11:05:40,47.43,-0.01,15,71148,卖盘
11:05:42,47.44,0.01,7,33208,买盘
11:05:45,47.44,0.0,2,9488,买盘
11:05:48,47.44,0.0,26,123344,买盘
11:05:50,47.44,0.0,1,4744,买盘
11:05:54,47.44,0.0,10,47440,买盘
11:06:08,47.44,0.0,17,80648,卖盘
11:06:13,47.44,0.0,18,85392,买盘
11:06:18,47.41,-0.03,20,94846,卖盘
11:06:36,47.42,0.01,1,4742,卖盘
11:06:43,47.43,0.01,1,4743,卖盘
11:06:58,47.43,0.0,23,109068,中性盘
11:07:10,47.45,0.02,45,213474,买盘
11:07:16,47.44,-0.01,61,289385,卖盘
11:07:30,47.45,0.01,21,99633,买盘
11:07:33,47.44,-0.01,2,9488,卖盘
11:07:48,47.44,0.0,1,4744,中性盘
11:07:54,47.41,-0.03,10,47423,卖盘
11:08:10,47.43,0.02,2,9486,买盘
11:08:13,47.41,-0.02,11,52157,卖盘
11:08:15,47.41,0.0,3,14224,卖盘
11:08:18,47.4,-0.01,4,18960,卖盘
11:08:21,47.43,0.03,20,94857,买盘
11:08:24,47.41,-0.02,1,4741,买盘
11:08:27,47.37,-0.04,11,52126,卖盘
11:08:30,47.41,0.04,1,4741,买盘
11:08:40,47.39,-0.02,3,14215,中性盘
11:08:52,47.39,0.0,1,4739,买盘
11:09:03,47.39,0.0,3,14217,买盘
11:09:09,47.39,0.0,1,4739,买盘
11:09:12,47.39,0.0,5,23695,买盘
11:09:35,47.39,0.0,1,4739,卖盘
11:09:39,47.4,0.01,1,4740,买盘
11:09:46,47.4,0.0,7,33181,卖盘
11:09:52,47.4,0.0,1,4740,买盘
11:09:54,47.4,0.0,1,4740,买盘
11:10:06,47.4,0.0,7,33180,买盘
11:10:13,47.39,-0.01,10,47390,卖盘
11:10:27,47.4,0.01,2,9480,买盘
11:10:29,47.4,0.0,1,4740,买盘
11:10:33,47.4,0.0,1,4740,买盘
11:10:36,47.39,-0.01,1,4739,卖盘
11:10:39,47.4,0.01,3,14220,买盘
11:10:43,47.4,0.0,2,9480,买盘
11:10:58,47.39,-0.01,11,52129,卖盘
11:11:12,47.4,0.01,2,9480,买盘
11:11:18,47.39,-0.01,4,18956,卖盘
11:11:36,47.39,0.0,2,9478,卖盘
11:11:48,47.39,0.0,1,4739,卖盘
11:11:53,47.4,0.01,1,4740,买盘
11:11:58,47.4,0.0,6,28439,买盘
11:12:06,47.4,0.0,4,18960,买盘
11:12:15,47.4,0.0,5,23700,买盘
11:12:18,47.4,0.0,7,33180,买盘
11:12:21,47.4,0.0,2,9479,买盘
11:12:33,47.43,0.03,20,94803,买盘
11:12:36,47.4,-0.03,6,28440,卖盘
11:12:39,47.4,0.0,1,4740,买盘
11:12:43,47.39,-0.01,10,47390,卖盘
11:12:48,47.4,0.01,3,14220,买盘
11:12:51,47.39,-0.01,5,23696,卖盘
11:13:06,47.4,0.01,3,14219,买盘
11:13:12,47.4,0.0,5,23700,买盘
11:13:15,47.4,0.0,5,23700,买盘
11:13:17,47.4,0.0,1,4740,买盘
11:13:24,47.4,0.0,1,4740,买盘
11:13:28,47.4,0.0,17,80580,买盘
11:13:44,47.43,0.03,6,28456,买盘
11:13:47,47.43,0.0,6,28458,卖盘
11:13:51,47.44,0.01,13,61672,买盘
11:14:08,47.4,-0.04,28,132724,卖盘
11:14:13,47.39,-0.01,3,14217,卖盘
11:14:14,47.35,-0.04,5,23675,卖盘
11:14:18,47.34,-0.01,16,75744,买盘
11:14:30,47.39,0.05,2,9478,买盘
11:15:06,47.34,-0.05,1,4734,卖盘
11:15:09,47.39,0.05,2,9478,买盘
11:15:24,47.34,-0.05,4,18944,卖盘
11:15:33,47.34,0.0,1,4734,卖盘
11:15:36,47.39,0.05,1,4739,买盘
11:15:39,47.34,-0.05,1,4734,卖盘
11:16:18,47.39,0.05,13,61607,买盘
11:16:21,47.39,0.0,22,104258,买盘
11:16:51,47.37,-0.02,1,4737,卖盘
11:16:54,47.4,0.03,570,2701800,买盘
11:16:56,47.4,0.0,12,56875,买盘
11:16:59,47.33,-0.07,92,435649,卖盘
11:17:03,47.38,0.05,13,61544,买盘
11:17:06,47.3,-0.08,11,52068,卖盘
11:17:21,47.4,0.1,50,236972,买盘
11:17:23,47.38,-0.02,2,9476,中性盘
11:17:30,47.37,-0.01,10,47371,卖盘
11:17:36,47.37,0.0,1,4737,卖盘
11:17:42,47.37,0.0,2,9474,中性盘
11:17:57,47.39,0.02,5,23695,买盘
11:18:18,47.39,0.0,1,4739,买盘
11:18:24,47.35,-0.04,1,4735,卖盘
11:18:38,47.35,0.0,3,14205,卖盘
11:18:51,47.35,0.0,1,4735,卖盘
11:18:54,47.35,0.0,2,9470,卖盘
11:19:00,47.35,0.0,1,4735,卖盘
11:19:03,47.35,0.0,1,4735,卖盘
11:19:17,47.38,0.03,1,4738,买盘
11:19:21,47.35,-0.03,10,47350,卖盘
11:19:24,47.35,0.0,11,52085,卖盘
11:19:38,47.35,0.0,1,4735,卖盘
11:19:45,47.37,0.02,1,4737,买盘
11:19:54,47.35,-0.02,1,4735,卖盘
11:20:15,47.36,0.01,5,23680,卖盘
11:20:23,47.37,0.01,2,9473,买盘
11:20:32,47.35,-0.02,55,260457,卖盘
11:20:36,47.34,-0.01,16,75753,卖盘
11:20:39,47.33,-0.01,6,28399,卖盘
11:20:41,47.3,-0.03,11,52031,卖盘
11:20:48,47.32,0.02,8,37856,买盘
11:20:50,47.31,-0.01,17,80443,卖盘
11:20:54,47.3,-0.01,3,14192,卖盘
11:21:03,47.31,0.01,1,4731,买盘
11:21:06,47.3,-0.01,33,156090,卖盘
11:21:15,47.3,0.0,11,52030,卖盘
11:21:21,47.3,0.0,3,14190,卖盘
11:21:26,47.31,0.01,13,61503,买盘
11:21:33,47.31,0.0,4,18923,买盘
11:21:36,47.3,-0.01,7,33110,卖盘
11:21:39,47.3,0.0,1,4730,卖盘
11:21:51,47.31,0.01,2,9462,买盘
11:21:56,47.31,0.0,10,47308,买盘
11:22:02,47.3,-0.01,10,47300,卖盘
11:22:38,47.35,0.05,3,14205,买盘
11:22:41,47.3,-0.05,5,23650,卖盘
11:22:51,47.33,0.03,1,4733,卖盘
11:23:00,47.35,0.02,4,18940,买盘
11:23:05,47.33,-0.02,4,18932,卖盘
11:23:09,47.3,-0.03,1,4730,卖盘
11:23:14,47.31,0.01,2,9462,卖盘
11:23:23,47.33,0.02,11,52063,买盘
11:23:33,47.31,-0.02,11,52041,卖盘
11:23:36,47.31,0.0,1,4731,卖盘
11:23:51,47.32,0.01,1,4732,卖盘
11:24:03,47.32,0.0,1,4732,买盘
11:24:17,47.32,0.0,1,4732,买盘
11:24:36,47.32,0.0,2,9464,卖盘
11:24:39,47.32,0.0,1,4732,卖盘
11:24:48,47.33,0.01,9,42595,买盘
11:25:15,47.33,0.0,4,18932,买盘
11:25:36,47.32,-0.01,2,9464,卖盘
11:25:38,47.33,0.01,8,37863,买盘
11:25:43,47.32,-0.01,32,151443,卖盘
11:25:47,47.32,0.0,2,9464,买盘
11:25:54,47.31,-0.01,3,14193,卖盘
11:26:12,47.31,0.0,2,9462,中性盘
11:26:15,47.29,-0.02,15,70943,卖盘
11:26:18,47.29,0.0,1,4729,卖盘
11:26:21,47.28,-0.01,33,156024,卖盘
11:26:47,47.28,0.0,6,28368,卖盘
11:26:50,47.28,0.0,2,9456,卖盘
11:27:09,47.28,0.0,1,1135,卖盘
11:27:26,47.29,0.01,10,47290,买盘
11:27:29,47.28,-0.01,2,9456,卖盘
11:27:36,47.28,0.0,1,4728,卖盘
11:27:48,47.29,0.01,2,9458,买盘
11:27:59,47.29,0.0,1,4729,买盘
11:28:11,47.28,-0.01,2,9456,卖盘
11:28:15,47.29,0.01,3,14187,买盘
11:28:21,47.29,0.0,2,9458,买盘
11:28:35,47.29,0.0,1,4729,买盘
11:28:39,47.29,0.0,1,4729,买盘
11:28:43,47.29,0.0,1,8464,买盘
11:28:58,47.31,0.02,5,23655,买盘
11:29:00,47.29,-0.02,1,4729,卖盘
11:29:06,47.29,0.0,1,4729,卖盘
11:29:21,47.31,0.02,2,9462,买盘
11:29:23,47.31,0.0,1,4731,卖盘
13:00:01,47.31,0.0,5,23656,卖盘
13:00:06,47.32,0.01,316,1496130,买盘
13:00:16,47.35,0.03,8,37880,买盘
13:00:18,47.35,0.0,1,4735,买盘
13:00:25,47.35,0.0,2,9470,买盘
13:00:39,47.32,-0.03,32,151424,卖盘
13:00:43,47.32,0.0,1,4732,买盘
13:00:54,47.32,0.0,24,113568,买盘
13:00:58,47.35,0.03,1,4735,买盘
13:01:00,47.32,-0.03,8,37862,卖盘
13:01:03,47.35,0.03,2,9467,买盘
13:01:07,47.35,0.0,19,89965,买盘
13:01:10,47.33,-0.02,1,4733,卖盘
13:01:13,47.33,0.0,1,4733,卖盘
13:01:16,47.32,-0.01,1,4732,卖盘
13:01:18,47.33,0.01,1,4733,卖盘
13:01:30,47.33,0.0,1,4733,卖盘
13:01:33,47.33,0.0,1,4733,卖盘
13:01:39,47.35,0.02,6,28402,买盘
13:01:49,47.33,-0.02,1,4733,卖盘
13:01:55,47.33,0.0,1,4733,卖盘
13:02:09,47.33,0.0,10,47330,卖盘
13:02:15,47.33,0.0,2,9466,卖盘
13:02:19,47.33,0.0,1,4733,卖盘
13:02:49,47.33,0.0,8,37864,卖盘
13:02:57,47.33,0.0,6,28402,卖盘
13:03:03,47.34,0.01,2,9468,买盘
13:03:06,47.34,0.0,5,23670,买盘
13:03:10,47.33,-0.01,10,47330,卖盘
13:03:24,47.33,0.0,1,4733,卖盘
13:03:31,47.34,0.01,2,9468,买盘
13:03:34,47.33,-0.01,4,18932,卖盘
13:03:58,47.33,0.0,3,14199,卖盘
13:04:09,47.33,0.0,19,89927,卖盘
13:04:12,47.33,0.0,1,4733,卖盘
13:04:15,47.31,-0.02,11,52050,卖盘
13:04:18,47.34,0.03,3,14202,买盘
13:04:25,47.31,-0.03,1,4731,卖盘
13:04:31,47.31,0.0,1,4731,卖盘
13:04:37,47.33,0.02,1,4733,买盘
13:05:07,47.31,-0.02,13,61505,卖盘
13:05:10,47.33,0.02,4,18932,买盘
13:05:31,47.33,0.0,11,50317,卖盘
13:05:43,47.33,0.0,2,9466,卖盘
13:05:46,47.33,0.0,1,4733,卖盘
13:05:55,47.34,0.01,4,18936,买盘
13:06:06,47.33,-0.01,12,56796,卖盘
13:06:40,47.34,0.01,4,18936,买盘
13:06:43,47.32,-0.02,25,118314,卖盘
13:06:46,47.33,0.01,3,14199,中性盘
13:07:07,47.33,0.0,10,47330,卖盘
13:07:10,47.32,-0.01,11,52052,卖盘
13:07:13,47.34,0.02,12,56808,买盘
13:07:24,47.35,0.01,1,4735,买盘
13:07:43,47.34,-0.01,1,4734,卖盘
13:07:52,47.35,0.01,16,75760,买盘
13:07:55,47.34,-0.01,1,4734,卖盘
13:07:57,47.34,0.0,32,151488,卖盘
13:08:03,47.34,0.0,5,23673,卖盘
13:08:07,47.35,0.01,1,4735,买盘
13:08:10,47.34,-0.01,22,104148,卖盘
13:08:15,47.33,-0.01,1,4733,卖盘
13:08:19,47.32,-0.01,1,4732,卖盘
13:08:28,47.33,0.01,1,4733,买盘
13:08:31,47.33,0.0,7,33126,买盘
13:08:43,47.33,0.0,1,4733,买盘
13:08:46,47.3,-0.03,20,94625,卖盘
13:08:58,47.3,0.0,15,70950,卖盘
13:09:03,47.3,0.0,2,9460,卖盘
13:09:10,47.34,0.04,13,61498,买盘
13:09:25,47.31,-0.03,1,4731,卖盘
13:09:31,47.3,-0.01,15,70950,卖盘
13:09:34,47.3,0.0,1,4730,卖盘
13:09:39,47.34,0.04,3,14202,买盘
13:09:51,47.3,-0.04,1,4730,卖盘
13:09:58,47.3,0.0,14,66220,卖盘
13:10:01,47.3,0.0,1,4730,卖盘
13:10:07,47.34,0.04,16,75688,买盘
13:10:10,47.3,-0.04,11,52030,卖盘
13:10:33,47.3,0.0,1,4730,卖盘
13:10:37,47.3,0.0,4,18920,卖盘
13:10:54,47.32,0.02,4,18928,卖盘
13:10:58,47.28,-0.04,24,113495,卖盘
13:11:09,47.28,0.0,23,108744,卖盘
13:11:19,47.28,0.0,5,23640,卖盘
13:11:46,47.28,0.0,12,56736,卖盘
13:11:52,47.28,0.0,7,33096,卖盘
13:12:04,47.28,0.0,2,9456,卖盘
13:12:09,47.26,-0.02,11,50861,卖盘
13:12:13,47.26,0.0,2,9452,买盘
13:12:18,47.28,0.02,5,24774,卖盘
13:12:30,47.29,0.01,1,4729,买盘
13:12:34,47.26,-0.03,4,18904,卖盘
13:12:37,47.26,0.0,1,4726,卖盘
13:12:39,47.25,-0.01,8,37806,卖盘
13:12:44,47.24,-0.01,1,4724,卖盘
13:12:48,47.26,0.02,6,28356,卖盘
13:12:57,47.23,-0.03,5,23620,卖盘
13:13:01,47.23,0.0,3,14171,中性盘
13:13:03,47.21,-0.02,24,113321,卖盘
13:13:06,47.21,0.0,3,14168,卖盘
13:13:09,47.26,0.05,28,132199,买盘
13:13:15,47.24,-0.02,2,9448,中性盘
13:13:19,47.23,-0.01,5,23615,卖盘
13:13:22,47.23,0.0,4,18892,卖盘
13:13:42,47.21,-0.02,1,4721,卖盘
13:13:49,47.21,0.0,4,18884,卖盘
13:13:51,47.2,-0.01,4,18882,卖盘
13:13:58,47.2,0.0,8,37762,卖盘
13:14:04,47.16,-0.04,25,117945,卖盘
13:14:07,47.21,0.05,4,18884,买盘
13:14:10,47.15,-0.06,11,51865,卖盘
13:14:13,47.18,0.03,1,4718,买盘
13:14:22,47.16,-0.02,8,37736,卖盘
13:14:28,47.16,0.0,2,9432,卖盘
13:14:30,47.16,0.0,8,37737,卖盘
13:14:34,47.16,0.0,2,9432,买盘
13:14:37,47.16,0.0,8,37723,卖盘
13:14:43,47.17,0.01,9,42454,卖盘
13:14:49,47.18,0.01,2,9436,卖盘
13:15:09,47.18,0.0,13,61336,卖盘
13:15:13,47.22,0.04,32,150916,买盘
13:15:15,47.15,-0.07,7,33005,卖盘
13:15:19,47.21,0.06,14,66098,卖盘
13:15:31,47.23,0.02,9,42505,买盘
13:15:33,47.23,0.0,6,28338,买盘
13:15:48,47.21,-0.02,50,236062,卖盘
13:15:52,47.16,-0.05,38,179300,卖盘
13:15:55,47.16,0.0,6,28296,卖盘
13:15:57,47.16,0.0,28,132031,买盘
13:16:01,47.17,0.01,3,14150,买盘
13:16:04,47.16,-0.01,2,9433,卖盘
13:16:10,47.15,-0.01,10,47154,卖盘
13:16:13,47.23,0.08,2,9446,买盘
13:16:16,47.23,0.0,6,28338,买盘
13:16:18,47.23,0.0,18,85014,卖盘
13:16:25,47.15,-0.08,8,37741,卖盘
13:16:34,47.26,0.11,1,4726,买盘
13:16:46,47.25,-0.01,3,14175,买盘
13:16:57,47.18,-0.07,2,9436,卖盘
13:17:00,47.18,0.0,2,9436,卖盘
13:17:09,47.18,0.0,10,47180,卖盘
13:17:33,47.2,0.02,1,4720,买盘
13:17:45,47.18,-0.02,5,23590,卖盘
13:17:48,47.2,0.02,1,4720,买盘
13:18:00,47.18,-0.02,18,84924,卖盘
13:18:07,47.18,0.0,3,14154,卖盘
13:18:10,47.18,0.0,11,51898,卖盘
13:18:12,47.18,0.0,6,28312,卖盘
13:18:21,47.18,0.0,1,4718,卖盘
13:18:28,47.18,0.0,7,33026,卖盘
13:18:34,47.17,-0.01,2,9434,卖盘
13:18:55,47.17,0.0,1,4717,卖盘
13:18:58,47.17,0.0,17,80189,卖盘
13:19:04,47.16,-0.01,1,4716,卖盘
13:19:13,47.16,0.0,10,47160,卖盘
13:19:18,47.17,0.01,22,103774,买盘
13:19:22,47.17,0.0,6,28302,买盘
13:19:24,47.17,0.0,22,103774,卖盘
13:19:28,47.15,-0.02,36,169772,卖盘
13:19:40,47.17,0.02,4,18868,卖盘
13:20:10,47.17,0.0,6,28303,卖盘
13:20:13,47.17,0.0,9,42453,卖盘
13:20:25,47.17,0.0,2,9436,卖盘
13:20:46,47.19,0.02,2,9438,买盘
13:21:04,47.19,0.0,2,9438,买盘
13:21:06,47.19,0.0,1,4719,买盘
13:21:12,47.17,-0.02,11,51887,卖盘
13:21:16,47.17,0.0,2,9434,卖盘
13:21:33,47.19,0.02,24,113221,买盘
13:21:37,47.17,-0.02,27,127375,卖盘
13:21:39,47.2,0.03,3,14160,卖盘
13:21:42,47.19,-0.01,2,9438,卖盘
13:21:51,47.24,0.05,15,70845,买盘
13:21:54,47.24,0.0,3,14172,买盘
13:21:58,47.21,-0.03,1,4721,卖盘
13:22:13,47.18,-0.03,13,61357,卖盘
13:22:46,47.2,0.02,4,18880,卖盘
13:23:12,47.18,-0.02,10,47196,卖盘
13:23:19,47.18,0.0,20,94390,卖盘
13:23:22,47.18,0.0,30,141550,卖盘
13:23:45,47.18,0.0,1,4718,卖盘
13:23:48,47.18,0.0,2,9436,卖盘
13:23:52,47.18,0.0,6,28308,卖盘
13:23:58,47.18,0.0,2,9438,卖盘
13:24:01,47.2,0.02,2,9440,卖盘
13:24:04,47.24,0.04,10,47240,买盘
13:24:07,47.2,-0.04,2,9440,卖盘
13:24:10,47.24,0.04,5,23620,买盘
13:24:12,47.18,-0.06,14,66052,卖盘
13:24:15,47.18,0.0,7,33026,卖盘
13:24:22,47.18,0.0,3,14154,卖盘
13:24:25,47.24,0.06,2,9448,买盘
13:24:28,47.24,0.0,24,113238,买盘
13:24:31,47.24,0.0,12,56688,买盘
13:24:33,47.18,-0.06,2,9436,卖盘
13:24:39,47.24,0.06,8,37789,买盘
13:24:46,47.24,0.0,11,51955,买盘
13:24:49,47.18,-0.06,1,4718,卖盘
13:24:55,47.18,0.0,1,4718,卖盘
13:25:04,47.24,0.06,1,4724,买盘
13:25:13,47.18,-0.06,11,51898,卖盘
13:25:33,47.25,0.07,1,4725,买盘
13:25:40,47.25,0.0,1,4725,买盘
13:25:43,47.25,0.0,2,9450,买盘
13:25:55,47.19,-0.06,1,4719,卖盘
13:26:12,47.19,0.0,12,56629,卖盘
13:26:16,47.24,0.05,17,80238,买盘
13:26:19,47.18,-0.06,24,113240,卖盘
13:26:22,47.18,0.0,2,9437,卖盘
13:26:33,47.24,0.06,1,4724,买盘
13:26:43,47.23,-0.01,2,9446,中性盘
13:26:49,47.18,-0.05,8,37744,卖盘
13:26:57,47.18,0.0,1,4718,卖盘
13:27:13,47.18,0.0,13,61336,卖盘
13:27:18,47.19,0.01,20,94380,卖盘
13:27:22,47.18,-0.01,25,117967,卖盘
13:27:36,47.23,0.05,1,4723,买盘
13:27:46,47.25,0.02,94,442310,买盘
13:27:48,47.25,0.0,42,198466,卖盘
13:27:52,47.27,0.02,3,14181,中性盘
13:27:55,47.26,-0.01,4,18904,买盘
13:28:13,47.26,0.0,13,61439,卖盘
13:28:16,47.25,-0.01,2,9451,卖盘
13:28:40,47.3,0.05,3,14190,买盘
13:28:51,47.3,0.0,2,9460,买盘
13:29:16,47.27,-0.03,11,51997,卖盘
13:29:19,47.3,0.03,21,99273,买盘
13:29:21,47.26,-0.04,24,113445,卖盘
13:29:25,47.25,-0.01,1,4725,卖盘
13:29:34,47.25,0.0,1,4725,卖盘
13:29:52,47.29,0.04,5,23641,买盘
13:29:58,47.25,-0.04,7,33075,卖盘
13:30:01,47.28,0.03,3,14184,买盘
13:30:16,47.25,-0.03,12,56700,卖盘
13:30:18,47.25,0.0,2,9451,卖盘
13:30:30,47.27,0.02,1,4727,中性盘
13:30:34,47.25,-0.02,60,283500,卖盘
13:30:37,47.2,-0.05,33,157676,卖盘
13:30:39,47.18,-0.02,4,18876,卖盘
13:30:45,47.18,0.0,21,99080,卖盘
13:30:48,47.18,0.0,14,66070,卖盘
13:31:04,47.19,0.01,4,18876,卖盘
13:31:07,47.2,0.01,1,4720,买盘
13:31:09,47.19,-0.01,1,4719,卖盘
13:31:13,47.2,0.01,10,47191,卖盘
13:31:16,47.19,-0.01,2,9438,卖盘
13:31:19,47.19,0.0,1,4719,卖盘
13:31:21,47.18,-0.01,21,99090,卖盘
13:31:25,47.19,0.01,4,18889,卖盘
13:31:43,47.2,0.01,3,14160,买盘
13:31:45,47.29,0.09,13,61366,买盘
13:31:49,47.19,-0.1,14,66066,卖盘
13:31:58,47.19,0.0,4,18876,卖盘
13:32:01,47.19,0.0,4,18876,卖盘
13:32:06,47.19,0.0,4,18876,卖盘
13:32:10,47.19,0.0,3,14159,卖盘
13:32:12,47.19,0.0,12,56629,卖盘
13:32:15,47.19,0.0,31,146289,卖盘
13:32:25,47.19,0.0,1,4719,卖盘
13:32:40,47.2,0.01,2,9440,买盘
13:33:04,47.2,0.0,2,9440,买盘
13:33:09,47.19,-0.01,3,14159,卖盘
13:33:13,47.19,0.0,19,89661,卖盘
13:33:21,47.19,0.0,1,4719,卖盘
13:33:27,47.2,0.01,25,117976,买盘
13:33:31,47.19,-0.01,22,103818,卖盘
13:33:34,47.19,0.0,2,9438,卖盘
13:33:37,47.2,0.01,3,14160,买盘
13:33:43,47.19,-0.01,7,33033,卖盘
13:33:55,47.19,0.0,5,23595,卖盘
13:33:58,47.19,0.0,8,37752,卖盘
13:34:01,47.19,0.0,20,94380,卖盘
13:34:04,47.19,0.0,2,9438,卖盘
13:34:12,47.19,0.0,10,47190,卖盘
13:34:16,47.19,0.0,68,320892,卖盘
13:34:18,47.17,-0.02,171,806777,卖盘
13:34:22,47.17,0.0,162,764154,卖盘
13:34:24,47.16,-0.01,64,301824,卖盘
13:34:28,47.16,0.0,7,33012,卖盘
13:34:31,47.16,0.0,32,150912,卖盘
13:34:34,47.16,0.0,19,89604,卖盘
13:34:37,47.14,-0.02,228,1074815,卖盘
13:34:39,47.14,0.0,16,75424,买盘
13:34:42,47.12,-0.02,140,659686,卖盘
13:34:45,47.13,0.01,5,23564,买盘
13:34:57,47.12,-0.01,7,32984,卖盘
13:35:01,47.12,0.0,5,23563,卖盘
13:35:04,47.13,0.01,2,9425,买盘
13:35:10,47.12,-0.01,14,65976,卖盘
13:35:13,47.13,0.01,18,84825,买盘
13:35:18,47.13,0.0,11,51843,卖盘
13:35:21,47.16,0.03,24,113138,买盘
13:35:25,47.16,0.0,281,1324113,买盘
13:35:30,47.14,-0.02,3,14146,卖盘
13:35:34,47.13,-0.01,3,14139,买盘
13:35:37,47.13,0.0,2,9426,买盘
13:35:40,47.16,0.03,11,51855,买盘
13:35:43,47.13,-0.03,5,23587,卖盘
13:35:45,47.13,0.0,5,23565,买盘
13:35:49,47.13,0.0,9,42417,买盘
13:35:52,47.19,0.06,2,9438,买盘
13:36:01,47.16,-0.03,2,9432,卖盘
13:36:04,47.13,-0.03,7,33005,卖盘
13:36:07,47.12,-0.01,18,84852,卖盘
13:36:18,47.15,0.03,2,9430,卖盘
13:36:37,47.15,0.0,6,28290,卖盘
13:36:40,47.13,-0.02,10,47142,卖盘
13:36:46,47.13,0.0,6,28278,卖盘
13:36:52,47.15,0.02,1,4715,买盘
13:36:55,47.12,-0.03,19,89533,卖盘
13:37:01,47.13,0.01,2,9426,卖盘
13:37:09,47.13,0.0,2,9426,卖盘
13:37:27,47.13,0.0,3,14139,卖盘
13:37:31,47.13,0.0,6,28278,卖盘
13:37:34,47.16,0.03,1202,5672164,买盘
13:37:36,47.25,0.09,251,1184506,买盘
13:37:40,47.16,-0.09,36,169908,卖盘
13:37:58,47.25,0.09,4,18900,买盘
13:38:16,47.18,-0.07,8,37744,卖盘
13:38:18,47.25,0.07,1,4725,买盘
13:38:22,47.16,-0.09,20,94334,卖盘
13:38:40,47.17,0.01,11,51897,卖盘
13:39:01,47.17,0.0,12,56604,卖盘
13:39:06,47.17,0.0,18,84906,卖盘
13:39:10,47.18,0.01,4,18872,中性盘
13:39:40,47.16,-0.02,39,183951,卖盘
13:39:43,47.16,0.0,8,37734,卖盘
13:39:55,47.15,-0.01,20,94330,卖盘
13:40:18,47.16,0.01,2,9432,卖盘
13:40:25,47.15,-0.01,12,56588,卖盘
13:40:30,47.15,0.0,1,4715,卖盘
13:40:40,47.16,0.01,31,146196,卖盘
13:40:43,47.17,0.01,1,4717,中性盘
13:40:55,47.17,0.0,6,28302,卖盘
13:40:58,47.17,0.0,3,14151,卖盘
13:41:00,47.17,0.0,1,4717,卖盘
13:41:04,47.17,0.0,6,28302,卖盘
13:41:07,47.17,0.0,16,75472,卖盘
13:41:13,47.17,0.0,2,9434,买盘
13:41:18,47.17,0.0,1,4717,买盘
13:41:23,47.17,0.0,1,4717,买盘
13:41:25,47.16,-0.01,19,89605,卖盘
13:41:28,47.17,0.01,13,61321,买盘
13:41:30,47.16,-0.01,7,33012,卖盘
13:41:34,47.16,0.0,2,9432,卖盘
13:41:40,47.16,0.0,12,56598,卖盘
13:41:55,47.16,0.0,15,70741,卖盘
13:41:58,47.18,0.02,2,9435,买盘
13:42:00,47.18,0.0,2,9436,买盘
13:42:04,47.17,-0.01,3,14151,买盘
13:42:07,47.17,0.0,20,94322,买盘
13:42:09,47.17,0.0,6,28303,卖盘
13:42:15,47.16,-0.01,2,9432,卖盘
13:42:18,47.17,0.01,9,42453,买盘
13:42:28,47.16,-0.01,20,94334,卖盘
13:42:38,47.25,0.09,8,37746,买盘
13:42:43,47.16,-0.09,12,56592,卖盘
13:42:46,47.25,0.09,2,9450,买盘
13:42:53,47.16,-0.09,18,84888,卖盘
13:42:55,47.16,0.0,2,9432,卖盘
13:43:16,47.17,0.01,11,51887,卖盘
13:43:23,47.17,0.0,1,4717,卖盘
13:43:28,47.25,0.08,11,51975,买盘
13:43:43,47.25,0.0,34,160391,买盘
13:43:58,47.18,-0.07,13,61383,卖盘
13:44:00,47.25,0.07,2,9450,买盘
13:44:13,47.18,-0.07,2,9436,卖盘
13:44:28,47.18,0.0,18,84924,卖盘
13:44:36,47.18,0.0,16,75488,卖盘
13:44:40,47.18,0.0,6,28308,卖盘
13:44:43,47.18,0.0,10,47180,卖盘
13:44:46,47.19,0.01,2,9438,卖盘
13:44:58,47.18,-0.01,2,9437,卖盘
13:45:01,47.24,0.06,1,4724,买盘
13:45:07,47.24,0.0,2,9444,买盘
13:45:10,47.18,-0.06,18,84939,卖盘
13:45:13,47.17,-0.01,1,4717,卖盘
13:45:16,47.17,0.0,7,33019,卖盘
13:45:19,47.17,0.0,2,9434,卖盘
13:45:23,47.17,0.0,3,14158,卖盘
13:45:25,47.17,0.0,8,37736,卖盘
13:45:31,47.17,0.0,3,14151,卖盘
13:45:40,47.17,0.0,1,4717,卖盘
13:45:43,47.17,0.0,11,51887,卖盘
13:45:46,47.17,0.0,18,84906,卖盘
13:45:49,47.2,0.03,6,28311,中性盘
13:45:52,47.22,0.02,1,4722,买盘
13:45:55,47.16,-0.06,18,84903,卖盘
13:45:58,47.16,0.0,6,28296,卖盘
13:46:01,47.16,0.0,1,4716,卖盘
13:46:07,47.22,0.06,9,42492,买盘
13:46:10,47.18,-0.04,1,4718,卖盘
13:46:13,47.17,-0.01,3,14153,卖盘
13:46:16,47.18,0.01,1,4718,中性盘
13:46:23,47.18,0.0,13,61334,卖盘
13:46:25,47.18,0.0,3,14154,卖盘
13:46:31,47.17,-0.01,2,9434,卖盘
13:46:34,47.18,0.01,6,28307,买盘
13:46:38,47.17,-0.01,2,9434,卖盘
13:46:40,47.18,0.01,27,127362,买盘
13:46:43,47.17,-0.01,20,94345,卖盘
13:46:53,47.17,0.0,3,14151,卖盘
13:46:58,47.17,0.0,5,23585,卖盘
13:47:01,47.18,0.01,1,4718,买盘
13:47:04,47.18,0.0,21,99078,买盘
13:47:23,47.19,0.01,1,4719,卖盘
13:47:25,47.21,0.02,26,122655,买盘
13:47:28,47.21,0.0,1,4721,买盘
13:47:31,47.19,-0.02,2,9440,卖盘
13:47:34,47.22,0.03,4,18888,买盘
13:47:43,47.16,-0.06,11,51886,卖盘
13:48:10,47.16,0.0,29,136770,卖盘
13:48:16,47.24,0.08,10,47240,买盘
13:48:23,47.17,-0.07,3,14155,卖盘
13:48:35,47.18,0.01,1,4718,卖盘
13:48:38,47.18,0.0,1,4718,卖盘
13:48:40,47.19,0.01,13,61345,买盘
13:48:43,47.17,-0.02,10,47172,卖盘
13:48:46,47.19,0.02,1,4719,买盘
13:48:52,47.17,-0.02,8,37742,卖盘
13:48:55,47.17,0.0,22,103791,卖盘
13:49:07,47.19,0.02,6,28314,买盘
13:49:16,47.19,0.0,4,18876,买盘
13:49:25,47.19,0.0,1,4719,买盘
13:49:28,47.18,-0.01,8,37750,卖盘
13:49:31,47.24,0.06,11,51918,买盘
13:49:38,47.19,-0.05,5,23595,买盘
13:49:40,47.18,-0.01,18,84924,卖盘
13:49:43,47.19,0.01,9,42471,卖盘
13:49:46,47.19,0.0,1,4719,卖盘
13:49:53,47.24,0.05,2,9448,买盘
13:50:10,47.19,-0.05,1,4719,卖盘
13:50:13,47.19,0.0,8,37752,卖盘
13:50:23,47.19,0.0,22,103840,卖盘
13:50:43,47.19,0.0,11,51918,卖盘
13:50:49,47.19,0.0,2,9438,卖盘
13:50:52,47.19,0.0,6,28314,卖盘
13:51:10,47.2,0.01,4,18880,卖盘
13:51:13,47.19,-0.01,20,94389,卖盘
13:51:19,47.19,0.0,1,4719,卖盘
13:51:40,47.19,0.0,13,61347,卖盘
13:51:43,47.19,0.0,18,84942,卖盘
13:51:46,47.2,0.01,7,33036,买盘
13:51:53,47.2,0.0,1,4720,买盘
13:51:55,47.19,-0.01,18,84942,卖盘
13:51:58,47.19,0.0,4,18876,卖盘
13:52:16,47.19,0.0,3,14158,卖盘
13:52:22,47.19,0.0,7,33033,卖盘
13:52:28,47.2,0.01,7,33037,买盘
13:52:31,47.19,-0.01,9,42471,卖盘
13:52:34,47.2,0.01,15,70800,买盘
13:52:40,47.21,0.01,33,155764,买盘
13:52:43,47.19,-0.02,10,47196,卖盘
13:52:46,47.23,0.04,8,37783,买盘
13:52:49,47.22,-0.01,2,9444,卖盘
13:53:01,47.23,0.01,1,4723,买盘
13:53:07,47.22,-0.01,6,28332,卖盘
13:53:13,47.23,0.01,2,9446,买盘
13:53:22,47.19,-0.04,18,84993,卖盘
13:53:25,47.19,0.0,6,28328,卖盘
13:53:34,47.19,0.0,5,23599,卖盘
13:53:40,47.19,0.0,2,9438,卖盘
13:53:43,47.19,0.0,6,28314,卖盘
13:53:46,47.19,0.0,15,70785,卖盘
13:54:01,47.18,-0.01,2,9436,卖盘
13:54:08,47.18,0.0,34,159374,卖盘
13:54:13,47.18,0.0,1,5756,卖盘
13:54:16,47.18,0.0,3,14154,买盘
13:54:19,47.17,-0.01,1,4717,卖盘
13:54:23,47.18,0.01,1,4718,买盘
13:54:25,47.17,-0.01,6,28302,卖盘
13:54:28,47.18,0.01,3,14154,买盘
13:54:31,47.17,-0.01,5,23585,卖盘
13:54:34,47.17,0.0,8,37736,卖盘
13:54:41,47.17,0.0,8,37736,卖盘
13:54:46,47.17,0.0,9,42453,卖盘
13:54:53,47.18,0.01,21,99049,买盘
13:54:58,47.17,-0.01,3,14151,买盘
13:55:01,47.17,0.0,3,14151,买盘
13:55:04,47.16,-0.01,6,28296,卖盘
13:55:08,47.23,0.07,4,18874,买盘
13:55:26,47.17,-0.06,2,9434,卖盘
13:55:34,47.17,0.0,18,84906,卖盘
13:55:41,47.17,0.0,9,42455,卖盘
13:55:46,47.23,0.06,13,61328,买盘
13:55:49,47.16,-0.07,6,28303,卖盘
13:56:01,47.21,0.05,1,4721,买盘
13:56:04,47.17,-0.04,2,9434,卖盘
13:56:19,47.2,0.03,2,9440,买盘
13:56:22,47.2,0.0,20,93971,买盘
13:56:28,47.17,-0.03,6,28310,卖盘
13:56:31,47.2,0.03,2,9440,买盘
13:56:35,47.21,0.01,2,9442,买盘
13:56:43,47.2,-0.01,2,9440,卖盘
13:56:46,47.18,-0.02,10,47182,卖盘
13:56:49,47.18,0.0,3,14154,卖盘
13:57:13,47.17,-0.01,28,132083,卖盘
13:57:20,47.21,0.04,1,4721,买盘
13:57:25,47.21,0.0,7,33045,买盘
13:57:28,47.21,0.0,4,18884,买盘
13:57:31,47.2,-0.01,1,4720,卖盘
13:57:38,47.2,0.0,2,9440,卖盘
13:57:43,47.2,0.0,9,42480,卖盘
13:57:46,47.19,-0.01,10,47190,卖盘
13:57:53,47.2,0.01,8,37754,买盘
13:57:58,47.2,0.0,26,122702,买盘
13:58:04,47.19,-0.01,2,9438,卖盘
13:58:10,47.2,0.01,1,4720,卖盘
13:58:25,47.2,0.0,14,66092,卖盘
13:58:31,47.21,0.01,15,70809,买盘
13:58:34,47.22,0.01,1,4722,卖盘
13:58:37,47.23,0.01,1,4345,卖盘
13:58:41,47.21,-0.02,18,85011,卖盘
13:58:43,47.21,0.0,15,70815,卖盘
13:59:07,47.2,-0.01,1,4720,卖盘
13:59:14,47.18,-0.02,6,28310,卖盘
13:59:19,47.18,0.0,1,4718,卖盘
13:59:23,47.17,-0.01,20,94342,卖盘
13:59:31,47.17,0.0,2,9435,卖盘
13:59:34,47.18,0.01,1,4718,卖盘
13:59:38,47.17,-0.01,1,4717,卖盘
13:59:44,47.16,-0.01,7,33013,卖盘
13:59:46,47.23,0.07,13,61323,卖盘
13:59:53,47.16,-0.07,8,37728,卖盘
13:59:55,47.16,0.0,2,9432,卖盘
13:59:58,47.17,0.01,5,23206,买盘
14:00:01,47.17,0.0,4,18869,卖盘
14:00:04,47.17,0.0,3,14151,卖盘
14:00:07,47.18,0.01,3,14154,卖盘
14:00:10,47.18,0.0,24,113225,卖盘
14:00:13,47.17,-0.01,1,4717,卖盘
14:00:16,47.18,0.01,6,28305,买盘
14:00:19,47.17,-0.01,1,4717,买盘
14:00:22,47.17,0.0,9,42447,中性盘
14:00:28,47.17,0.0,15,70745,买盘
14:00:31,47.16,-0.01,1,4716,卖盘
14:00:34,47.16,0.0,12,56588,卖盘
14:00:38,47.15,-0.01,1,4715,卖盘
14:00:40,47.16,0.01,6,28293,买盘
14:00:46,47.15,-0.01,10,47156,卖盘
14:00:53,47.15,0.0,18,84874,卖盘
14:00:58,47.17,0.02,4,18868,卖盘
14:01:01,47.16,-0.01,2,9432,卖盘
14:01:19,47.17,0.01,2,9434,卖盘
14:01:23,47.17,0.0,10,47170,卖盘
14:01:26,47.16,-0.01,9,42444,卖盘
14:01:38,47.16,0.0,23,108490,卖盘
14:01:41,47.22,0.06,6,28313,买盘
14:01:46,47.17,-0.05,10,47177,卖盘
14:01:58,47.2,0.03,2,9440,卖盘
14:02:01,47.2,0.0,6,28320,卖盘
14:02:04,47.18,-0.02,6,28309,卖盘
14:02:23,47.18,0.0,6,28308,卖盘
14:02:25,47.18,0.0,19,89642,卖盘
14:02:31,47.17,-0.01,3,14152,卖盘
14:02:46,47.15,-0.02,12,56592,卖盘
14:02:50,47.15,0.0,9,42435,卖盘
14:02:53,47.16,0.01,1,4716,卖盘
14:02:58,47.15,-0.01,1,4715,卖盘
14:03:11,47.17,0.02,23,108465,买盘
14:03:16,47.17,0.0,3,14150,买盘
14:03:19,47.17,0.0,1,4717,买盘
14:03:23,47.17,0.0,4,18865,买盘
14:03:25,47.17,0.0,3,14151,买盘
14:03:31,47.16,-0.01,15,70732,卖盘
14:03:38,47.16,0.0,2,9432,买盘
14:03:40,47.16,0.0,1,4716,买盘
14:03:46,47.14,-0.02,16,75439,卖盘
14:03:50,47.14,0.0,2,9428,买盘
14:03:52,47.14,0.0,19,89548,买盘
14:03:56,47.14,0.0,1,4714,卖盘
14:03:58,47.15,0.01,2,9430,卖盘
14:04:01,47.14,-0.01,3,14143,卖盘
14:04:04,47.13,-0.01,2,9427,卖盘
14:04:08,47.13,0.0,2,9426,卖盘
14:04:10,47.14,0.01,2,9428,卖盘
14:04:14,47.13,-0.01,7,32996,卖盘
14:04:16,47.14,0.01,3,14142,卖盘
14:04:19,47.14,0.0,4,18856,卖盘
14:04:22,47.15,0.01,2,9429,买盘
14:04:25,47.15,0.0,12,56580,买盘
14:04:28,47.15,0.0,2,9430,卖盘
14:04:31,47.16,0.01,2,9432,买盘
14:04:35,47.16,0.0,3,14148,中性盘
14:04:37,47.14,-0.02,20,94302,卖盘
14:04:44,47.15,0.01,5,23575,卖盘
14:04:46,47.13,-0.02,10,47134,卖盘
14:04:52,47.13,0.0,9,42419,卖盘
14:05:04,47.14,0.01,1,4714,卖盘
14:05:11,47.14,0.0,1,4714,卖盘
14:05:14,47.14,0.0,2,9428,中性盘
14:05:16,47.13,-0.01,2,9426,卖盘
14:05:19,47.12,-0.01,22,103678,卖盘
14:05:23,47.15,0.03,2,9429,买盘
14:05:26,47.12,-0.03,9,42423,卖盘
14:05:31,47.12,0.0,5,23564,卖盘
14:05:34,47.14,0.02,29,136694,中性盘
14:05:38,47.12,-0.02,4,18851,卖盘
14:05:40,47.12,0.0,1,4712,卖盘
14:05:49,47.12,0.0,16,75392,卖盘
14:05:53,47.12,0.0,1,4712,卖盘
14:05:55,47.12,0.0,6,28272,卖盘
14:05:58,47.12,0.0,1,4712,卖盘
14:06:04,47.12,0.0,28,131953,卖盘
14:06:08,47.14,0.02,2,9428,买盘
14:06:13,47.12,-0.02,37,174344,卖盘
14:06:16,47.12,0.0,6,28272,卖盘
14:06:34,47.12,0.0,1,4712,卖盘
14:06:38,47.12,0.0,2,9424,卖盘
14:06:46,47.14,0.02,8,37707,买盘
14:06:50,47.12,-0.02,11,51832,卖盘
14:06:52,47.12,0.0,19,89528,卖盘
14:06:55,47.12,0.0,6,28272,卖盘
14:07:01,47.14,0.02,1,4714,买盘
14:07:11,47.14,0.0,132,622248,买盘
14:07:13,47.22,0.08,4,18883,买盘
14:07:16,47.15,-0.07,2,9430,卖盘
14:07:28,47.15,0.0,10,47150,卖盘
14:07:31,47.22,0.07,1,4722,买盘
14:07:34,47.15,-0.07,19,89603,卖盘
14:07:38,47.14,-0.01,6,28286,卖盘
14:07:40,47.18,0.04,1,4718,卖盘
14:07:43,47.18,0.0,3,14157,卖盘
14:07:49,47.14,-0.04,11,51887,卖盘
14:07:55,47.19,0.05,5,23598,卖盘
14:07:58,47.2,0.01,3,14160,中性盘
14:08:01,47.19,-0.01,1,4719,卖盘
14:08:04,47.2,0.01,3,14160,卖盘
14:08:08,47.2,0.0,2,9439,买盘
14:08:10,47.19,-0.01,2,9439,卖盘
14:08:13,47.19,0.0,6,28314,卖盘
14:08:16,47.19,0.0,5,23598,卖盘
14:08:20,47.15,-0.04,22,103760,卖盘
14:08:23,47.19,0.04,6,28296,买盘
14:08:25,47.15,-0.04,1,4715,卖盘
14:08:31,47.16,0.01,1,4716,卖盘
14:08:34,47.16,0.0,2,9432,卖盘
14:08:37,47.22,0.06,154,727166,买盘
14:08:40,47.22,0.0,5,23610,买盘
14:08:43,47.16,-0.06,2,9432,中性盘
14:08:50,47.14,-0.02,13,61295,卖盘
14:08:58,47.17,0.03,1,4717,卖盘
14:09:01,47.14,-0.03,18,84860,卖盘
14:09:04,47.14,0.0,6,28284,卖盘
14:09:22,47.17,0.03,2,9435,卖盘
14:09:34,47.17,0.0,1,4717,卖盘
14:09:40,47.17,0.0,6,28302,中性盘
14:09:49,47.14,-0.03,31,146203,卖盘
14:09:55,47.14,0.0,2,9428,卖盘
14:09:58,47.14,0.0,1,4714,卖盘
14:10:01,47.14,0.0,2,9428,卖盘
14:10:08,47.15,0.01,1,4715,卖盘
14:10:19,47.16,0.01,1,4716,卖盘
14:10:23,47.21,0.05,33,155751,买盘
14:10:25,47.23,0.02,2,9445,买盘
14:10:28,47.21,-0.02,1,4721,卖盘
14:10:31,47.21,0.0,19,89699,卖盘
14:10:34,47.21,0.0,2,9442,卖盘
14:10:41,47.22,0.01,11,51942,卖盘
14:10:46,47.22,0.0,2,9444,买盘
14:10:50,47.21,-0.01,10,47210,卖盘
14:10:56,47.22,0.01,6,28332,买盘
14:10:58,47.22,0.0,1,4722,买盘
14:11:01,47.21,-0.01,6,28326,卖盘
14:11:05,47.22,0.01,23,108588,买盘
14:11:10,47.22,0.0,2,9444,买盘
14:11:13,47.21,-0.01,2,9443,卖盘
14:11:19,47.21,0.0,18,84980,卖盘
14:11:22,47.22,0.01,1,4722,卖盘
14:11:25,47.25,0.03,18,83632,卖盘
14:11:31,47.25,0.0,3,14173,买盘
14:11:41,47.24,-0.01,12,60376,卖盘
14:11:43,47.24,0.0,6,28344,卖盘
14:11:50,47.25,0.01,9,42525,卖盘
14:11:52,47.25,0.0,2,9450,卖盘
14:11:55,47.28,0.03,6,28368,买盘
14:11:58,47.28,0.0,8,37824,买盘
14:12:01,47.3,0.02,102,482281,买盘
14:12:13,47.25,-0.05,1,4347,卖盘
14:12:25,47.25,0.0,1,3024,卖盘
14:12:28,47.25,0.0,8,37805,卖盘
14:12:31,47.25,0.0,2,9450,卖盘
14:12:38,47.27,0.02,1,6050,卖盘
14:12:43,47.27,0.0,16,75632,卖盘
14:12:46,47.22,-0.05,17,79014,买盘
14:12:49,47.22,0.0,2,9444,买盘
14:13:08,47.21,-0.01,6,28329,卖盘
14:13:10,47.22,0.01,2,9444,卖盘
14:13:20,47.19,-0.03,18,84974,卖盘
14:13:31,47.22,0.03,1,4722,买盘
14:13:46,47.17,-0.05,6,28312,卖盘
14:13:49,47.17,0.0,12,56604,卖盘
14:13:53,47.17,0.0,2,9434,卖盘
14:14:01,47.18,0.01,1,4718,卖盘
14:14:08,47.15,-0.03,19,89613,卖盘
14:14:23,47.19,0.04,2,9438,买盘
14:14:28,47.15,-0.04,6,28296,卖盘
14:14:31,47.15,0.0,2,9432,卖盘
14:14:47,47.17,0.02,5,23585,买盘
14:14:50,47.15,-0.02,27,127305,卖盘
14:14:53,47.16,0.01,1,4716,中性盘
14:15:04,47.15,-0.01,1,4715,卖盘
14:15:08,47.15,0.0,8,37720,卖盘
14:15:11,47.17,0.02,8,37730,买盘
14:15:16,47.15,-0.02,7,33005,卖盘
14:15:23,47.15,0.0,5,23575,卖盘
14:15:35,47.16,0.01,1,4716,买盘
14:15:38,47.14,-0.02,20,94288,卖盘
14:15:49,47.14,0.0,11,51862,卖盘
14:15:53,47.14,0.0,8,37714,卖盘
14:16:08,47.15,0.01,1,4715,卖盘
14:16:20,47.16,0.01,4,18864,买盘
14:16:22,47.16,0.0,19,89604,卖盘
14:16:28,47.16,0.0,2,9432,卖盘
14:16:31,47.16,0.0,6,28296,卖盘
14:16:50,47.17,0.01,9,42453,卖盘
14:16:58,47.17,0.0,1,4717,卖盘
14:17:01,47.17,0.0,1,4717,卖盘
14:17:07,47.15,-0.02,18,84893,卖盘
14:17:11,47.15,0.0,8,37720,卖盘
14:17:28,47.15,0.0,1,4715,卖盘
14:17:35,47.15,0.0,11,51866,卖盘
14:17:37,47.15,0.0,1,4715,卖盘
14:17:41,47.15,0.0,1,4715,卖盘
14:17:49,47.16,0.01,11,51876,卖盘
14:17:52,47.16,0.0,26,122616,卖盘
14:17:55,47.17,0.01,7,33015,中性盘
14:17:58,47.16,-0.01,1,4716,卖盘
14:18:01,47.15,-0.01,2,9430,卖盘
14:18:05,47.15,0.0,1,4715,卖盘
14:18:08,47.15,0.0,1,4715,卖盘
14:18:14,47.15,0.0,1,4715,卖盘
14:18:22,47.15,0.0,7,33011,卖盘
14:18:25,47.16,0.01,2,9432,卖盘
14:18:29,47.16,0.0,23,108468,卖盘
14:18:32,47.15,-0.01,18,84876,卖盘
14:18:34,47.15,0.0,18,84870,卖盘
14:18:40,47.15,0.0,4,18860,卖盘
14:18:43,47.15,0.0,4,18860,卖盘
14:18:47,47.14,-0.01,23,108422,卖盘
14:18:50,47.14,0.0,6,28284,卖盘
14:18:52,47.14,0.0,14,65996,卖盘
14:18:56,47.14,0.0,2,9428,卖盘
14:18:58,47.14,0.0,1,4714,卖盘
14:19:04,47.14,0.0,4,18859,卖盘
14:19:11,47.14,0.0,1,4714,卖盘
14:19:12,47.14,0.0,6,28284,卖盘
14:19:16,47.14,0.0,1,4714,卖盘
14:19:20,47.14,0.0,18,84852,卖盘
14:19:22,47.15,0.01,1,4715,买盘
14:19:28,47.14,-0.01,4,18856,卖盘
14:19:31,47.13,-0.01,1,4713,卖盘
14:19:40,47.14,0.01,5,23570,买盘
14:19:47,47.16,0.02,19,89579,买盘
14:19:53,47.13,-0.03,22,103699,卖盘
14:19:56,47.13,0.0,6,28283,卖盘
14:19:58,47.13,0.0,4,18867,中性盘
14:20:04,47.12,-0.01,18,84818,卖盘
14:20:25,47.15,0.03,2,9430,卖盘
14:20:28,47.15,0.0,1,4715,卖盘
14:20:38,47.2,0.05,1,4720,买盘
14:20:40,47.15,-0.05,7,33011,卖盘
14:20:46,47.16,0.01,18,84888,卖盘
14:20:50,47.18,0.02,1,4718,买盘
14:20:53,47.13,-0.05,11,51846,卖盘
14:21:01,47.14,0.01,4,18856,卖盘
14:21:05,47.13,-0.01,2,9426,卖盘
14:21:17,47.14,0.01,7,31955,卖盘
14:21:20,47.13,-0.01,1,4713,买盘
14:21:31,47.14,0.01,5,23192,买盘
14:21:34,47.12,-0.02,20,94246,卖盘
14:21:38,47.12,0.0,1,4712,卖盘
14:21:40,47.13,0.01,1,4383,卖盘
14:21:44,47.14,0.01,2,9428,中性盘
14:21:46,47.12,-0.02,18,84843,卖盘
14:21:50,47.12,0.0,1,4712,卖盘
14:21:52,47.12,0.0,13,61256,卖盘
14:21:58,47.19,0.07,12,56580,买盘
14:22:08,47.12,-0.07,7,32988,卖盘
14:22:10,47.12,0.0,1,4712,买盘
14:22:14,47.12,0.0,1,4712,卖盘
14:22:20,47.13,0.01,22,103647,买盘
14:22:22,47.13,0.0,2,9426,买盘
14:22:25,47.13,0.0,4,18848,买盘
14:22:29,47.12,-0.01,2,9424,卖盘
14:22:37,47.13,0.01,8,37698,买盘
14:22:40,47.13,0.0,2,9426,买盘
14:22:44,47.13,0.0,1,4713,卖盘
14:22:46,47.13,0.0,2,9426,卖盘
14:22:51,47.12,-0.01,9,42413,卖盘
14:22:56,47.18,0.06,5,23586,买盘
14:22:58,47.14,-0.04,1,4714,卖盘
14:23:05,47.12,-0.02,20,94264,卖盘
14:23:19,47.12,0.0,1,4712,卖盘
14:23:22,47.12,0.0,6,28272,卖盘
14:23:29,47.13,0.01,1,4713,卖盘
14:23:31,47.18,0.05,1,4718,买盘
14:23:40,47.17,-0.01,1,4717,买盘
14:23:44,47.13,-0.04,2,9427,卖盘
14:23:46,47.12,-0.01,18,84818,卖盘
14:23:50,47.12,0.0,30,141360,卖盘
14:23:53,47.12,0.0,10,47120,卖盘
14:24:02,47.12,0.0,6,28272,卖盘
14:24:05,47.17,0.05,1,4717,买盘
14:24:10,47.12,-0.05,1,4712,卖盘
14:24:13,47.14,0.02,4,18854,买盘
14:24:16,47.14,0.0,1,4714,卖盘
14:24:20,47.14,0.0,1,4714,卖盘
14:24:22,47.17,0.03,5,23578,买盘
14:24:29,47.12,-0.05,4,18857,卖盘
14:24:35,47.12,0.0,18,84818,卖盘
14:24:37,47.16,0.04,2,9432,买盘
14:24:41,47.12,-0.04,7,32984,卖盘
14:24:43,47.16,0.04,6,28296,买盘
14:24:49,47.16,0.0,1,4716,卖盘
14:24:53,47.12,-0.04,12,56544,卖盘
14:24:56,47.17,0.05,7,33013,买盘
14:25:08,47.17,0.0,2,9434,卖盘
14:25:14,47.17,0.0,1,4717,卖盘
14:25:17,47.17,0.0,20,94341,卖盘
14:25:40,47.17,0.0,2,9434,卖盘
14:25:43,47.18,0.01,14,66034,买盘
14:25:53,47.15,-0.03,10,47160,卖盘
14:25:55,47.15,0.0,2,9430,卖盘
14:26:01,47.15,0.0,1,4715,卖盘
14:26:05,47.15,0.0,1,4715,卖盘
14:26:11,47.15,0.0,1,4715,卖盘
14:26:17,47.15,0.0,1,4715,卖盘
14:26:31,47.16,0.01,1,4716,卖盘
14:26:34,47.15,-0.01,2,9430,卖盘
14:26:38,47.15,0.0,4,18860,卖盘
14:26:41,47.15,0.0,18,84870,卖盘
14:26:53,47.13,-0.02,14,65995,卖盘
14:27:19,47.15,0.02,10,47150,买盘
14:27:23,47.15,0.0,11,51865,卖盘
14:27:38,47.16,0.01,1,4716,买盘
14:27:52,47.16,0.0,12,56592,卖盘
14:27:56,47.16,0.0,2,9432,卖盘
14:27:59,47.16,0.0,1,4716,卖盘
14:28:07,47.16,0.0,11,51876,卖盘
14:28:26,47.17,0.01,5,23585,买盘
14:28:44,47.16,-0.01,2,9432,卖盘
14:28:46,47.15,-0.01,18,84877,卖盘
14:28:53,47.17,0.02,16,75446,买盘
14:28:54,47.15,-0.02,6,28290,卖盘
14:29:02,47.16,0.01,1,4716,卖盘
14:29:07,47.17,0.01,3,14151,买盘
14:29:29,47.16,-0.01,1,4716,卖盘
14:29:32,47.16,0.0,3,14148,卖盘
14:29:40,47.16,0.0,3,14148,买盘
14:29:44,47.16,0.0,3,14148,卖盘
14:29:46,47.16,0.0,2,9432,卖盘
14:29:50,47.16,0.0,1,4716,卖盘
14:29:52,47.16,0.0,1,4716,卖盘
14:29:55,47.17,0.01,13,61308,买盘
14:30:04,47.17,0.0,1,4717,买盘
14:30:13,47.16,-0.01,2,9432,卖盘
14:30:20,47.16,0.0,1,4716,卖盘
14:30:21,47.16,0.0,1,4716,卖盘
14:30:26,47.16,0.0,1,4716,卖盘
14:30:34,47.17,0.01,4,18868,买盘
14:30:42,47.17,0.0,15,70754,买盘
14:30:47,47.17,0.0,26,122643,卖盘
14:30:49,47.18,0.01,20,94354,买盘
14:30:52,47.18,0.0,19,89640,买盘
14:30:56,47.18,0.0,36,169839,买盘
14:30:58,47.18,0.0,22,103776,买盘
14:31:02,47.18,0.0,12,56602,买盘
14:31:10,47.17,-0.01,1,4717,卖盘
14:31:19,47.19,0.02,8,37750,买盘
14:31:22,47.18,-0.01,1,4718,买盘
14:31:32,47.19,0.01,1,4719,中性盘
14:31:40,47.17,-0.02,1,4717,卖盘
14:31:49,47.17,0.0,6,28310,卖盘
14:31:56,47.17,0.0,33,155664,卖盘
14:31:58,47.16,-0.01,14,66050,卖盘
14:32:01,47.15,-0.01,41,193333,卖盘
14:32:05,47.15,0.0,4,18860,卖盘
14:32:07,47.15,0.0,4,18860,卖盘
14:32:11,47.15,0.0,4,18860,卖盘
14:32:23,47.16,0.01,1,4716,卖盘
14:32:24,47.16,0.0,2,9433,卖盘
14:32:28,47.15,-0.01,12,56583,卖盘
14:32:31,47.16,0.01,5,23576,中性盘
14:32:34,47.15,-0.01,33,155595,卖盘
14:32:37,47.14,-0.01,25,117875,卖盘
14:32:41,47.15,0.01,1,4715,买盘
14:32:43,47.14,-0.01,2,9428,卖盘
14:32:53,47.14,0.0,2,9428,卖盘
14:32:55,47.15,0.01,15,70706,买盘
14:33:02,47.14,-0.01,2,9428,卖盘
14:33:04,47.15,0.01,2,9430,买盘
14:33:06,47.14,-0.01,8,37712,卖盘
14:33:13,47.13,-0.01,13,61275,卖盘
14:33:17,47.13,0.0,1,4713,卖盘
14:33:20,47.14,0.01,3,14142,买盘
14:33:22,47.13,-0.01,1,4713,卖盘
14:33:29,47.13,0.0,1,4713,卖盘
14:33:35,47.13,0.0,3,14139,卖盘
14:33:40,47.13,0.0,5,23565,卖盘
14:33:43,47.13,0.0,1,4713,卖盘
14:33:45,47.13,0.0,1,4713,卖盘
14:33:55,47.12,-0.01,13,61258,卖盘
14:34:04,47.12,0.0,1,4712,卖盘
14:34:10,47.12,0.0,1,4712,卖盘
14:34:16,47.12,0.0,5,23560,卖盘
14:34:20,47.12,0.0,3,14138,卖盘
14:34:23,47.12,0.0,1,4712,卖盘
14:34:26,47.12,0.0,1,4712,卖盘
14:34:32,47.12,0.0,1,4712,卖盘
14:34:34,47.12,0.0,1,4712,卖盘
14:34:37,47.12,0.0,2,9424,卖盘
14:34:44,47.12,0.0,8,37696,卖盘
14:34:49,47.12,0.0,11,51832,卖盘
14:34:52,47.13,0.01,5,23561,买盘
14:34:55,47.11,-0.02,30,141353,卖盘
14:35:01,47.13,0.02,1,4713,买盘
14:35:10,47.11,-0.02,1,4711,卖盘
14:35:12,47.12,0.01,5,23560,买盘
14:35:17,47.11,-0.01,9,42399,卖盘
14:35:19,47.11,0.0,5,23555,卖盘
14:35:28,47.11,0.0,3,14133,卖盘
14:35:32,47.12,0.01,6,28271,买盘
14:35:33,47.11,-0.01,7,32977,卖盘
14:35:37,47.12,0.01,1,4712,买盘
14:35:41,47.1,-0.02,11,51814,卖盘
14:35:44,47.12,0.02,9,42401,买盘
14:35:53,47.12,0.0,3,14134,买盘
14:35:55,47.1,-0.02,29,136596,卖盘
14:35:58,47.11,0.01,6,28270,卖盘
14:36:03,47.11,0.0,1,4711,卖盘
14:36:19,47.12,0.01,5,23560,买盘
14:36:22,47.11,-0.01,1,4711,卖盘
14:36:26,47.11,0.0,1,4711,卖盘
14:36:32,47.11,0.0,11,51821,卖盘
14:36:34,47.12,0.01,14,65961,买盘
14:36:36,47.11,-0.01,2,9422,卖盘
14:36:40,47.12,0.01,1,4712,买盘
14:36:47,47.12,0.0,12,56534,买盘
14:36:50,47.11,-0.01,10,47110,卖盘
14:36:53,47.12,0.01,20,94221,买盘
14:36:55,47.19,0.07,594,2802955,买盘
14:36:58,47.19,0.0,174,819662,买盘
14:37:04,47.12,-0.07,2,9424,中性盘
14:37:10,47.1,-0.02,1,4710,中性盘
14:37:28,47.17,0.07,1,4717,中性盘
14:37:30,47.11,-0.06,2,9422,卖盘
14:37:34,47.11,0.0,13,61243,卖盘
14:37:38,47.12,0.01,1,4712,卖盘
14:37:40,47.1,-0.02,24,113054,卖盘
14:37:55,47.11,0.01,2,9422,卖盘
14:38:05,47.12,0.01,1,4712,卖盘
14:38:07,47.09,-0.03,100,471030,卖盘
14:38:10,47.17,0.08,5,23570,买盘
14:38:22,47.1,-0.07,6,28265,卖盘
14:38:26,47.08,-0.02,20,94183,卖盘
14:38:31,47.13,0.05,4,18852,卖盘
14:38:34,47.08,-0.05,12,56520,卖盘
14:38:42,47.1,0.02,1,4710,卖盘
14:38:53,47.12,0.02,4,18846,买盘
14:38:59,47.11,-0.01,1,4711,卖盘
14:39:01,47.1,-0.01,11,51815,卖盘
14:39:05,47.1,0.0,1,4710,卖盘
14:39:11,47.11,0.01,26,122468,买盘
14:39:12,47.1,-0.01,5,23550,卖盘
14:39:16,47.11,0.01,15,70665,买盘
14:39:20,47.11,0.0,3,14133,买盘
14:39:27,47.1,-0.01,6,28265,卖盘
14:39:32,47.11,0.01,8,37685,买盘
14:39:34,47.08,-0.03,37,175967,卖盘
14:39:37,47.08,0.0,6,28240,买盘
14:39:40,47.08,0.0,37,174196,买盘
14:39:43,47.07,-0.01,8,37658,卖盘
14:39:47,47.08,0.01,16,75328,买盘
14:39:53,47.07,-0.01,1,4707,卖盘
14:39:55,47.08,0.01,45,210085,买盘
14:39:59,47.08,0.0,1,4708,卖盘
14:40:10,47.09,0.01,3,14127,卖盘
14:40:13,47.11,0.02,2,9422,买盘
14:40:19,47.11,0.0,1,4711,买盘
14:40:22,47.09,-0.02,6,28254,卖盘
14:40:35,47.08,-0.01,10,47084,卖盘
14:40:41,47.08,0.0,20,94197,卖盘
14:40:53,47.09,0.01,2,9418,卖盘
14:40:56,47.09,0.0,4,18836,卖盘
14:40:59,47.09,0.0,1,4709,卖盘
14:41:04,47.09,0.0,1,4709,中性盘
14:41:08,47.08,-0.01,6,28249,卖盘
14:41:19,47.11,0.03,1,4711,买盘
14:41:23,47.08,-0.03,21,98870,卖盘
14:41:29,47.08,0.0,2,9416,卖盘
14:41:32,47.08,0.0,70,329560,卖盘
14:41:35,47.07,-0.01,9,42368,卖盘
14:41:37,47.06,-0.01,9,44099,卖盘
14:41:41,47.05,-0.01,9,42347,卖盘
14:41:43,47.05,0.0,4,18821,卖盘
14:41:46,47.04,-0.01,27,127032,卖盘
14:41:52,47.03,-0.01,8,37624,中性盘
14:41:55,47.02,-0.01,13,61126,卖盘
14:41:59,47.03,0.01,5,23515,买盘
14:42:01,47.04,0.01,20,94080,卖盘
14:42:05,47.04,0.0,19,89376,卖盘
14:42:06,47.05,0.01,23,108153,买盘
14:42:11,47.05,0.0,8,37626,买盘
14:42:14,47.01,-0.04,1,4701,卖盘
14:42:16,47.03,0.02,1,4703,卖盘
14:42:19,47.02,-0.01,17,79934,卖盘
14:42:22,47.04,0.02,3,14112,中性盘
14:42:25,47.01,-0.03,8,37619,卖盘
14:42:34,47.03,0.02,6,28218,卖盘
14:42:40,47.04,0.01,28,131712,买盘
14:42:43,47.04,0.0,1,4704,卖盘
14:42:47,47.04,0.0,2,9408,卖盘
14:42:50,47.03,-0.01,9,42327,卖盘
14:42:51,47.0,-0.03,18,84616,卖盘
14:42:56,47.01,0.01,1,4701,卖盘
14:42:58,47.01,0.0,14,65804,卖盘
14:43:01,47.04,0.03,6,28220,买盘
14:43:06,47.0,-0.04,3,14100,卖盘
14:43:11,47.04,0.04,10,47016,买盘
14:43:13,47.0,-0.04,2,9400,卖盘
14:43:16,47.0,0.0,4,18800,卖盘
14:43:23,47.02,0.02,9,42313,中性盘
14:43:25,47.02,0.0,2,9403,买盘
14:43:34,47.01,-0.01,25,117539,卖盘
14:43:37,47.01,0.0,6,28215,卖盘
14:43:40,47.01,0.0,3,14103,卖盘
14:43:43,47.04,0.03,2,9408,买盘
14:43:46,47.01,-0.03,8,37614,卖盘
14:43:50,47.01,0.0,6,28208,卖盘
14:43:52,47.01,0.0,2,9405,卖盘
14:43:55,47.01,0.0,7,32915,卖盘
14:43:58,47.02,0.01,10,47020,买盘
14:44:01,47.04,0.02,13,61132,买盘
14:44:05,47.05,0.01,9,42333,买盘
14:44:07,47.01,-0.04,2,9402,卖盘
14:44:11,47.01,0.0,8,37611,卖盘
14:44:14,47.04,0.03,1,4704,买盘
14:44:17,47.01,-0.03,14,65814,卖盘
14:44:20,47.02,0.01,25,117529,中性盘
14:44:25,47.01,-0.01,6,28211,卖盘
14:44:29,47.01,0.0,19,89332,卖盘
14:44:31,47.02,0.01,6,28211,卖盘
14:44:34,47.04,0.02,5,23518,买盘
14:44:38,47.02,-0.02,4,18808,卖盘
14:44:44,47.03,0.01,2,9407,卖盘
14:44:46,47.03,0.0,2,9406,卖盘
14:44:56,47.04,0.01,1,4704,卖盘
14:44:59,47.05,0.01,4,18820,买盘
14:45:01,47.06,0.01,5,23525,买盘
14:45:04,47.06,0.0,21,98808,买盘
14:45:10,47.08,0.02,18,84710,买盘
14:45:13,47.08,0.0,2,9414,买盘
14:45:16,47.08,0.0,10,47053,买盘
14:45:18,47.08,0.0,1,4708,买盘
14:45:22,47.06,-0.02,1,4706,卖盘
14:45:25,47.08,0.02,62,291892,买盘
14:45:29,47.08,0.0,42,197731,买盘
14:45:32,47.08,0.0,2,9416,卖盘
14:45:41,47.15,0.07,8,37720,买盘
14:45:42,47.16,0.01,1,4716,买盘
14:45:47,47.1,-0.06,17,80171,卖盘
14:45:49,47.1,0.0,1,4710,买盘
14:45:52,47.08,-0.02,18,84754,卖盘
14:45:56,47.1,0.02,1,4710,买盘
14:46:05,47.12,0.02,2,9424,卖盘
14:46:13,47.1,-0.02,1,4710,卖盘
14:46:18,47.1,0.0,1,4710,卖盘
14:46:26,47.12,0.02,1,4712,买盘
14:46:30,47.08,-0.04,40,188385,卖盘
14:46:37,47.08,0.0,2,9416,卖盘
14:46:43,47.08,0.0,15,70642,卖盘
14:46:48,47.08,0.0,2,9416,卖盘
14:46:49,47.11,0.03,1,4711,买盘
14:46:51,47.08,-0.03,31,145948,卖盘
14:46:55,47.08,0.0,18,84744,买盘
14:46:58,47.08,0.0,1,4708,中性盘
14:47:05,47.11,0.03,2,9422,买盘
14:47:14,47.08,-0.03,24,113003,卖盘
14:47:16,47.09,0.01,1,4709,中性盘
14:47:19,47.12,0.03,6,28270,买盘
14:47:26,47.18,0.06,27,127359,买盘
14:47:52,47.13,-0.05,1,4713,卖盘
14:47:56,47.13,0.0,8,37704,卖盘
14:47:59,47.13,0.0,23,108396,卖盘
14:48:01,47.14,0.01,11,51880,中性盘
14:48:04,47.14,0.0,10,47140,卖盘
14:48:10,47.12,-0.02,34,160208,卖盘
14:48:18,47.13,0.01,2,9425,中性盘
14:48:21,47.13,0.0,3,14141,卖盘
14:48:26,47.13,0.0,6,28278,卖盘
14:48:31,47.15,0.02,1,4715,买盘
14:48:34,47.12,-0.03,6,28275,卖盘
14:48:40,47.13,0.01,52,245065,卖盘
14:48:42,47.08,-0.05,19,89501,卖盘
14:48:46,47.08,0.0,2,9416,买盘
14:48:53,47.08,0.0,3,14124,买盘
14:48:56,47.08,0.0,1,4708,卖盘
14:49:02,47.08,0.0,5,23540,卖盘
14:49:05,47.08,0.0,1,4708,卖盘
14:49:11,47.09,0.01,1,4709,卖盘
14:49:12,47.13,0.04,4,18852,买盘
14:49:25,47.14,0.01,4,18856,卖盘
14:49:32,47.14,0.0,6,28284,卖盘
14:49:34,47.14,0.0,14,65996,卖盘
14:49:38,47.09,-0.05,10,47094,卖盘
14:49:43,47.14,0.05,12,56550,买盘
14:49:50,47.11,-0.03,1,4711,买盘
14:49:52,47.09,-0.02,2,9418,卖盘
14:49:56,47.14,0.05,30,141384,买盘
14:49:59,47.1,-0.04,1,4710,卖盘
14:50:02,47.14,0.04,1,4714,买盘
14:50:05,47.1,-0.04,10,47100,卖盘
14:50:08,47.1,0.0,5,23550,买盘
14:50:11,47.09,-0.01,4,18836,卖盘
14:50:14,47.09,0.0,3,14127,卖盘
14:50:17,47.09,0.0,16,75344,卖盘
14:50:20,47.09,0.0,4,18837,卖盘
14:50:23,47.1,0.01,3,14130,买盘
14:50:26,47.1,0.0,1,4710,卖盘
14:50:29,47.1,0.0,1,4710,卖盘
14:50:32,47.1,0.0,9,42390,卖盘
14:50:38,47.1,0.0,1,4710,买盘
14:50:41,47.1,0.0,5,23548,买盘
14:50:44,47.1,0.0,5,23550,买盘
14:50:47,47.09,-0.01,2,9419,卖盘
14:50:50,47.09,0.0,1,4709,卖盘
14:50:53,47.1,0.01,3,14130,买盘
14:50:56,47.1,0.0,15,70647,买盘
14:50:59,47.09,-0.01,3,14127,卖盘
14:51:01,47.1,0.01,4,18840,买盘
14:51:08,47.09,-0.01,7,32969,卖盘
14:51:20,47.09,0.0,2,9418,卖盘
14:51:23,47.1,0.01,3,14130,买盘
14:51:29,47.1,0.0,13,61229,买盘
14:51:32,47.1,0.0,18,84770,买盘
14:51:38,47.1,0.0,8,37677,买盘
14:51:41,47.09,-0.01,6,28258,卖盘
14:51:47,47.1,0.01,3,14130,卖盘
14:51:53,47.1,0.0,3,14134,卖盘
14:51:59,47.12,0.02,2,9424,买盘
14:52:05,47.11,-0.01,2,9423,卖盘
14:52:08,47.12,0.01,1,4712,买盘
14:52:14,47.1,-0.02,18,84786,卖盘
14:52:17,47.11,0.01,1,4711,中性盘
14:52:20,47.11,0.0,2,9422,卖盘
14:52:23,47.11,0.0,1,4711,卖盘
14:52:29,47.1,-0.01,14,65952,卖盘
14:52:33,47.13,0.03,9,42413,买盘
14:52:35,47.14,0.01,6,28284,买盘
14:52:44,47.12,-0.02,7,32978,中性盘
14:52:48,47.13,0.01,7,32991,卖盘
14:52:53,47.11,-0.02,5,23556,卖盘
14:52:56,47.14,0.03,50,235694,买盘
14:52:59,47.14,0.0,1,4714,中性盘
14:53:02,47.15,0.01,9,42423,买盘
14:53:05,47.1,-0.05,4,18840,卖盘
14:53:08,47.13,0.03,10,47130,买盘
14:53:11,47.15,0.02,37,174469,买盘
14:53:14,47.12,-0.03,1,4712,卖盘
14:53:17,47.1,-0.02,17,82521,卖盘
14:53:23,47.12,0.02,1,4712,卖盘
14:53:26,47.1,-0.02,2,9420,卖盘
14:53:29,47.1,0.0,1,659,买盘
14:53:38,47.09,-0.01,13,61217,卖盘
14:53:41,47.05,-0.04,67,315340,卖盘
14:53:44,47.05,0.0,81,381107,卖盘
14:53:46,47.02,-0.03,5,23533,卖盘
14:53:53,47.03,0.01,5,23515,卖盘
14:53:56,47.04,0.01,20,95679,买盘
14:53:59,47.04,0.0,2,7809,卖盘
14:54:05,47.03,-0.01,13,61140,卖盘
14:54:08,47.04,0.01,9,43935,买盘
14:54:11,47.04,0.0,1,4704,卖盘
14:54:17,47.1,0.06,1,4710,买盘
14:54:20,47.04,-0.06,1,4704,卖盘
14:54:23,47.04,0.0,10,44360,卖盘
14:54:32,47.05,0.01,1,4705,卖盘
14:54:33,47.05,0.0,24,113035,卖盘
14:54:41,47.05,0.0,11,51755,卖盘
14:54:47,47.05,0.0,6,28230,卖盘
14:54:50,47.05,0.0,2,9410,卖盘
14:54:56,47.09,0.04,19,89434,买盘
14:54:59,47.09,0.0,25,117698,买盘
14:55:03,47.08,-0.01,18,84741,中性盘
14:55:05,47.06,-0.02,21,98865,卖盘
14:55:08,47.09,0.03,17,80024,买盘
14:55:11,47.05,-0.04,7,32942,卖盘
14:55:14,47.09,0.04,1,4709,卖盘
14:55:17,47.04,-0.05,136,639832,卖盘
14:55:18,47.06,0.02,3,14119,中性盘
14:55:23,47.07,0.01,1,4707,买盘
14:55:26,47.05,-0.02,24,112929,卖盘
14:55:28,47.05,0.0,4,21319,卖盘
14:55:32,47.03,-0.02,17,79972,卖盘
14:55:35,47.07,0.04,10,47061,买盘
14:55:37,47.03,-0.04,15,70584,卖盘
14:55:41,47.02,-0.01,15,70540,卖盘
14:55:44,47.05,0.03,1,4705,买盘
14:55:47,47.02,-0.03,8,37616,卖盘
14:55:50,47.01,-0.01,6,28208,卖盘
14:55:53,47.05,0.04,2,9410,买盘
14:55:54,47.01,-0.04,22,103426,卖盘
14:55:59,47.01,0.0,2,9403,卖盘
14:56:02,47.01,0.0,3,11475,卖盘
14:56:03,47.01,0.0,1,4701,卖盘
14:56:07,47.01,0.0,18,84622,卖盘
14:56:13,47.05,0.04,6,28230,买盘
14:56:20,47.05,0.0,2,9410,卖盘
14:56:21,47.07,0.02,1,4707,买盘
14:56:24,47.07,0.0,4,18826,买盘
14:56:29,47.05,-0.02,2,9410,买盘
14:56:32,47.02,-0.03,2,9407,卖盘
14:56:35,47.05,0.03,11,51734,买盘
14:56:41,47.05,0.0,5,23517,中性盘
14:56:44,47.05,0.0,3,14116,卖盘
14:56:47,47.06,0.01,4,18821,买盘
14:56:53,47.02,-0.04,10,47020,卖盘
14:56:54,47.07,0.05,1,4707,买盘
15:00:03,47.13,0.06,243,1145259,卖盘
