time,price,change,volume,amount,type
09:25:01,48.29,0.18,91,439439,卖盘
09:30:02,48.26,-0.03,6,28934,中性盘
09:30:05,48.18,-0.08,14,67521,中性盘
09:30:07,48.25,0.07,18,86815,买盘
09:30:10,48.25,0.0,12,57762,买盘
09:30:13,48.26,0.01,3,14476,中性盘
09:30:17,48.25,-0.01,5,24128,卖盘
09:30:19,48.28,0.03,14,67584,买盘
09:30:22,48.27,-0.01,8,38617,卖盘
09:30:26,48.27,0.0,1,4827,卖盘
09:30:28,48.27,0.0,8,38616,卖盘
09:30:31,48.27,0.0,41,197917,卖盘
09:30:33,48.28,0.01,14,67592,买盘
09:30:38,48.28,0.0,17,82071,买盘
09:30:40,48.27,-0.01,11,53097,卖盘
09:30:43,48.2,-0.07,4,19301,卖盘
09:30:46,48.26,0.06,1,4826,买盘
09:30:49,48.25,-0.01,1,4825,买盘
09:30:52,48.25,0.0,5,24125,买盘
09:30:55,48.24,-0.01,1,4824,买盘
09:30:57,48.21,-0.03,6,28941,卖盘
09:31:02,48.21,0.0,5,24108,卖盘
09:31:04,48.21,0.0,17,81945,买盘
09:31:08,48.2,-0.01,21,101233,中性盘
09:31:10,48.21,0.01,30,144594,买盘
09:31:14,48.11,-0.1,5,24084,卖盘
09:31:16,48.21,0.1,2,9641,买盘
09:31:20,48.13,-0.08,8,38520,卖盘
09:31:22,48.21,0.08,5,24081,买盘
09:31:24,48.22,0.01,12,57804,买盘
09:31:29,48.22,0.0,6,28932,卖盘
09:31:31,48.22,0.0,2,9645,卖盘
09:31:35,48.22,0.0,6,28932,卖盘
09:31:36,48.25,0.03,17,81985,买盘
09:31:40,48.2,-0.05,6,28920,卖盘
09:31:43,48.22,0.02,1,4822,买盘
09:31:49,48.2,-0.02,6,28920,卖盘
09:31:51,48.22,0.02,12,59868,买盘
09:31:55,48.24,0.02,12,57888,买盘
09:31:58,48.22,-0.02,12,57864,卖盘
09:32:01,48.18,-0.04,5,24101,卖盘
09:32:03,48.22,0.04,5,24111,中性盘
09:32:08,48.19,-0.03,2,7713,中性盘
09:32:10,48.14,-0.05,6,28896,买盘
09:32:16,48.25,0.11,41,197812,买盘
09:32:19,48.26,0.01,34,164103,买盘
09:32:22,48.29,0.03,11,53099,买盘
09:32:25,48.29,0.0,17,82069,买盘
09:32:29,48.26,-0.03,7,33785,卖盘
09:32:31,48.24,-0.02,8,38615,卖盘
09:32:37,48.24,0.0,12,57964,卖盘
09:32:41,48.23,-0.01,5,24118,卖盘
09:32:43,48.2,-0.03,20,96400,卖盘
09:32:46,48.34,0.14,12,57980,买盘
09:32:51,48.19,-0.15,19,91599,卖盘
09:32:58,48.2,0.01,1,4820,卖盘
09:33:01,48.32,0.12,6,28992,买盘
09:33:04,48.34,0.02,11,53158,买盘
09:33:07,48.34,0.0,20,96676,买盘
09:33:11,48.34,0.0,7,33828,卖盘
09:33:19,48.35,0.01,2,9669,买盘
09:33:22,48.34,-0.01,6,29006,卖盘
09:33:25,48.39,0.05,5,24195,买盘
09:33:28,48.39,0.0,4,19356,卖盘
09:33:31,48.41,0.02,28,135506,买盘
09:33:34,48.35,-0.06,45,217749,卖盘
09:33:37,48.35,0.0,4,19340,买盘
09:33:40,48.24,-0.11,3,14472,卖盘
09:33:43,48.35,0.11,1,4835,买盘
09:33:46,48.4,0.05,13,62915,买盘
09:33:49,48.25,-0.15,23,111287,卖盘
09:33:55,48.45,0.2,10,48442,买盘
09:33:58,48.27,-0.18,1,7289,中性盘
09:34:01,48.45,0.18,8,38659,买盘
09:34:04,48.29,-0.16,21,101392,中性盘
09:34:07,48.28,-0.01,1,4828,买盘
09:34:09,48.28,0.0,6,28972,卖盘
09:34:12,48.29,0.01,13,62783,卖盘
09:34:16,48.45,0.16,20,96740,买盘
09:34:23,48.29,-0.16,6,28978,卖盘
09:34:25,48.49,0.2,7,33923,买盘
09:34:29,48.49,0.0,5,24245,卖盘
09:34:31,48.31,-0.18,10,48310,卖盘
09:34:34,48.47,0.16,3,14541,买盘
09:34:42,48.31,-0.16,6,28986,卖盘
09:34:47,48.44,0.13,3,14532,买盘
09:34:52,48.32,-0.12,5,24160,卖盘
09:34:55,48.42,0.1,10,48420,买盘
09:35:02,48.35,-0.07,6,29010,卖盘
09:35:05,48.35,0.0,9,43519,卖盘
09:35:07,48.44,0.09,9,43587,买盘
09:35:10,48.44,0.0,21,101571,买盘
09:35:17,48.46,0.02,12,58154,买盘
09:35:23,48.35,-0.11,13,62856,卖盘
09:35:27,48.44,0.09,10,48440,买盘
09:35:31,48.44,0.0,8,38718,买盘
09:35:34,48.36,-0.08,7,33866,卖盘
09:35:37,48.4,0.04,2,9680,中性盘
09:35:40,48.47,0.07,26,125945,买盘
09:35:43,48.47,0.0,7,33914,买盘
09:35:46,48.47,0.0,1,4847,买盘
09:35:49,48.55,0.08,14,67938,买盘
09:35:52,48.42,-0.13,10,48436,卖盘
09:35:56,48.44,0.02,1,4844,买盘
09:35:58,48.54,0.1,12,58174,买盘
09:36:01,48.4,-0.14,6,29050,卖盘
09:36:04,48.42,0.02,3,14526,买盘
09:36:07,48.37,-0.05,8,38712,卖盘
09:36:10,48.41,0.04,7,33863,买盘
09:36:14,48.42,0.01,9,43578,买盘
09:36:16,48.53,0.11,18,87252,买盘
09:36:20,48.37,-0.16,50,241929,卖盘
09:36:22,48.37,0.0,6,29038,卖盘
09:36:25,48.42,0.05,8,38744,卖盘
09:36:29,48.53,0.11,10,48529,买盘
09:36:30,48.42,-0.11,6,29052,卖盘
09:36:33,48.42,0.0,5,24210,卖盘
09:36:37,48.55,0.13,30,145510,买盘
09:36:40,48.37,-0.18,6,29037,卖盘
09:36:43,48.53,0.16,5,24243,买盘
09:36:46,48.53,0.0,10,48530,买盘
09:36:49,48.37,-0.16,5,24198,卖盘
09:36:51,48.41,0.04,6,29046,中性盘
09:36:55,48.5,0.09,1,4850,中性盘
09:36:59,48.52,0.02,6,29108,买盘
09:37:01,48.41,-0.11,11,50923,卖盘
09:37:07,48.41,0.0,5,24205,卖盘
09:37:10,48.38,-0.03,6,29030,买盘
09:37:17,48.52,0.14,12,58215,买盘
09:37:19,48.41,-0.11,2,9682,卖盘
09:37:22,48.53,0.12,16,77557,买盘
09:37:25,48.53,0.0,4,19400,买盘
09:37:28,48.54,0.01,30,145626,卖盘
09:37:31,48.58,0.04,12,58266,买盘
09:37:34,48.58,0.0,3,14574,买盘
09:37:37,48.6,0.02,28,135985,买盘
09:37:40,48.53,-0.07,17,82589,卖盘
09:37:43,48.6,0.07,4,19440,买盘
09:37:46,48.6,0.0,12,58320,买盘
09:37:49,48.61,0.01,11,53470,买盘
09:37:53,48.65,0.04,14,68053,买盘
09:37:55,48.65,0.0,10,48650,买盘
09:37:59,48.68,0.03,5,24340,买盘
09:38:00,48.68,0.0,5,24340,卖盘
09:38:05,48.7,0.02,11,53570,买盘
09:38:08,48.76,0.06,26,126689,买盘
09:38:10,48.68,-0.08,7,34091,卖盘
09:38:14,48.7,0.02,14,68174,中性盘
09:38:15,48.68,-0.02,14,68175,卖盘
09:38:19,48.62,-0.06,1,4862,卖盘
09:38:22,48.62,0.0,9,43750,卖盘
09:38:25,48.62,0.0,11,53482,买盘
09:38:27,48.68,0.06,11,53538,买盘
09:38:32,48.6,-0.08,16,77728,卖盘
09:38:34,48.6,0.0,5,24295,买盘
09:38:37,48.6,0.0,17,82588,买盘
09:38:39,48.53,-0.07,5,24279,卖盘
09:38:43,48.6,0.07,3,14583,卖盘
09:38:46,48.6,0.0,9,43767,卖盘
09:38:53,48.6,0.0,7,33992,卖盘
09:38:55,48.6,0.0,1,4860,买盘
09:38:58,48.4,-0.2,12,58218,卖盘
09:39:01,48.63,0.23,8,38834,买盘
09:39:05,48.53,-0.1,2,9713,卖盘
09:39:07,48.6,0.07,1,4860,买盘
09:39:10,48.42,-0.18,6,29053,卖盘
09:39:13,48.6,0.18,1,4860,买盘
09:39:15,48.42,-0.18,1,4842,卖盘
09:39:18,48.6,0.18,21,102060,买盘
09:39:22,48.6,0.0,12,58191,卖盘
09:39:25,48.67,0.07,15,72917,买盘
09:39:28,48.66,-0.01,6,29180,中性盘
09:39:32,48.6,-0.06,8,38880,卖盘
09:39:34,48.6,0.0,9,43740,卖盘
09:39:37,48.66,0.06,12,58354,中性盘
09:39:43,48.43,-0.23,5,24226,卖盘
09:39:46,48.54,0.11,6,29114,买盘
09:39:49,48.54,0.0,11,53478,买盘
09:39:52,48.45,-0.09,12,58245,卖盘
09:40:01,48.44,-0.01,6,29078,卖盘
09:40:04,48.45,0.01,2,9690,买盘
09:40:07,48.65,0.2,14,68018,买盘
09:40:13,48.46,-0.19,5,24230,卖盘
09:40:16,48.65,0.19,2,9730,买盘
09:40:18,48.65,0.0,2,9730,卖盘
09:40:22,48.65,0.0,17,82615,买盘
09:40:26,48.65,0.0,3,14595,买盘
09:40:28,48.5,-0.15,11,53500,卖盘
09:40:32,48.62,0.12,7,33976,中性盘
09:40:34,48.5,-0.12,6,29175,卖盘
09:40:37,48.5,0.0,7,33950,卖盘
09:40:40,48.65,0.15,1,4865,买盘
09:40:43,48.5,-0.15,7,33950,卖盘
09:40:46,48.5,0.0,1,4850,卖盘
09:40:49,48.64,0.14,1,4864,买盘
09:40:52,48.5,-0.14,8,38800,卖盘
09:40:58,48.64,0.14,5,24320,买盘
09:41:01,48.51,-0.13,17,82639,卖盘
09:41:04,48.52,0.01,32,155608,买盘
09:41:07,48.65,0.13,14,68046,买盘
09:41:10,48.64,-0.01,41,199412,买盘
09:41:12,48.51,-0.13,6,29118,卖盘
09:41:15,48.67,0.16,108,525417,买盘
09:41:19,48.69,0.02,16,77888,买盘
09:41:22,48.74,0.05,30,146016,买盘
09:41:25,48.69,-0.05,4,20161,卖盘
09:41:31,48.69,0.0,14,68218,卖盘
09:41:33,48.75,0.06,13,63375,买盘
09:41:37,48.69,-0.06,21,102331,卖盘
09:41:40,48.69,0.0,1,4869,卖盘
09:41:42,48.69,0.0,6,29214,卖盘
09:41:46,48.75,0.06,28,136487,买盘
09:41:48,48.75,0.0,2,9750,卖盘
09:41:52,48.76,0.01,12,58470,买盘
09:41:54,48.72,-0.04,12,58440,买盘
09:41:58,48.72,0.0,1,4872,买盘
09:42:00,48.69,-0.03,7,34086,卖盘
09:42:06,48.69,0.0,17,82802,卖盘
09:42:13,48.75,0.06,26,126594,买盘
09:42:16,48.7,-0.05,1,4870,卖盘
09:42:22,48.7,0.0,10,48708,卖盘
09:42:26,48.75,0.05,15,73093,买盘
09:42:30,48.71,-0.04,44,214292,卖盘
09:42:33,48.71,0.0,280,1363625,买盘
09:42:37,48.63,-0.08,12,58381,卖盘
09:42:40,48.51,-0.12,39,189199,卖盘
09:42:43,48.65,0.14,8,38865,买盘
09:42:46,48.52,-0.13,1,4852,中性盘
09:42:49,48.65,0.13,4,19457,买盘
09:42:53,48.51,-0.14,6,29106,卖盘
09:42:55,48.51,0.0,6,29106,卖盘
09:43:01,48.5,-0.01,7,33970,卖盘
09:43:07,48.65,0.15,8,38896,买盘
09:43:10,48.5,-0.15,3,14550,卖盘
09:43:13,48.65,0.15,8,38830,买盘
09:43:16,48.48,-0.17,17,82641,中性盘
09:43:22,48.58,0.1,24,116754,卖盘
09:43:25,48.58,0.0,33,160592,卖盘
09:43:28,48.66,0.08,1,4866,买盘
09:43:31,48.58,-0.08,22,107032,卖盘
09:43:37,48.74,0.16,15,72988,买盘
09:43:40,48.58,-0.16,15,73018,卖盘
09:43:43,48.74,0.16,16,77886,买盘
09:43:45,48.6,-0.14,3,14601,卖盘
09:43:49,48.75,0.15,10,48748,买盘
09:43:52,48.73,-0.02,32,155988,中性盘
09:43:55,48.61,-0.12,10,48610,卖盘
09:43:58,48.77,0.16,51,248676,买盘
09:44:01,48.61,-0.16,7,34043,卖盘
09:44:07,48.61,0.0,22,107220,卖盘
09:44:10,48.61,0.0,9,43752,卖盘
09:44:13,48.77,0.16,11,53553,买盘
09:44:16,48.61,-0.16,10,48638,卖盘
09:44:21,48.61,0.0,10,48645,卖盘
09:44:25,48.61,0.0,15,73051,卖盘
09:44:31,48.61,0.0,7,34027,卖盘
09:44:34,48.75,0.14,2,9750,买盘
09:44:38,48.74,-0.01,1,4874,买盘
09:44:40,48.7,-0.04,3,14610,卖盘
09:44:44,48.62,-0.08,5,24311,卖盘
09:44:46,48.7,0.08,6,29220,卖盘
09:44:49,48.74,0.04,30,146131,买盘
09:44:51,48.62,-0.12,7,34034,卖盘
09:44:55,48.61,-0.01,5,24308,卖盘
09:45:00,48.61,0.0,6,29176,卖盘
09:45:04,48.61,0.0,1,4861,卖盘
09:45:07,48.62,0.01,5,24330,中性盘
09:45:09,48.62,0.0,1,4862,卖盘
09:45:12,48.73,0.11,7,34045,买盘
09:45:16,48.62,-0.11,5,24321,卖盘
09:45:19,48.62,0.0,7,34033,买盘
09:45:21,48.61,-0.01,6,29166,卖盘
09:45:25,48.61,0.0,3,14584,卖盘
09:45:31,48.6,-0.01,3,14582,卖盘
09:45:34,48.62,0.02,8,38881,买盘
09:45:37,48.59,-0.03,2,9719,卖盘
09:45:42,48.58,-0.01,8,38867,卖盘
09:45:46,48.58,0.0,5,24294,卖盘
09:45:50,48.57,-0.01,61,296278,卖盘
09:45:52,48.55,-0.02,15,72825,卖盘
09:45:55,48.55,0.0,3,14565,卖盘
09:45:59,48.55,0.0,11,53407,卖盘
09:46:01,48.55,0.0,1,4855,买盘
09:46:03,48.5,-0.05,48,232850,卖盘
09:46:07,48.5,0.0,9,43655,卖盘
09:46:10,48.51,0.01,1,4851,中性盘
09:46:13,48.48,-0.03,36,174588,卖盘
09:46:16,48.48,0.0,2,9696,买盘
09:46:18,48.48,0.0,2,9696,买盘
09:46:22,48.46,-0.02,5,24233,卖盘
09:46:27,48.45,-0.01,5,24226,卖盘
09:46:33,48.46,0.01,9,43600,买盘
09:46:36,48.46,0.0,6,29076,买盘
09:46:40,48.48,0.02,1,7174,买盘
09:46:43,48.46,-0.02,6,29076,卖盘
09:46:49,48.46,0.0,7,31596,卖盘
09:46:52,48.45,-0.01,2,9690,卖盘
09:46:54,48.46,0.01,4,21706,买盘
09:46:58,48.48,0.02,1,4848,买盘
09:47:01,48.47,-0.01,1,4847,卖盘
09:47:03,48.45,-0.02,23,111476,卖盘
09:47:06,48.5,0.05,20,97000,买盘
09:47:10,48.48,-0.02,5,24264,卖盘
09:47:13,48.54,0.06,8,38797,买盘
09:47:15,48.48,-0.06,1,4848,中性盘
09:47:20,48.48,0.0,16,77533,中性盘
09:47:21,48.48,0.0,9,43608,买盘
09:47:25,48.48,0.0,1,4848,卖盘
09:47:28,48.43,-0.05,1,4843,卖盘
09:47:30,48.54,0.11,6,29124,买盘
09:47:33,48.5,-0.04,12,58224,卖盘
09:47:36,48.54,0.04,6,29112,买盘
09:47:40,48.51,-0.03,3,14559,卖盘
09:47:42,48.51,0.0,7,33961,卖盘
09:47:46,48.55,0.04,8,38839,买盘
09:47:50,48.51,-0.04,22,106778,卖盘
09:47:53,48.51,0.0,6,29106,卖盘
09:47:55,48.55,0.04,4,19420,买盘
09:48:00,48.52,-0.03,19,92186,买盘
09:48:03,48.55,0.03,47,228165,买盘
09:48:07,48.55,0.0,5,24275,买盘
09:48:10,48.55,0.0,6,29130,买盘
09:48:13,48.55,0.0,22,106795,买盘
09:48:16,48.62,0.07,2,9717,买盘
09:48:20,48.52,-0.1,6,29125,卖盘
09:48:22,48.63,0.11,8,38856,买盘
09:48:28,48.55,-0.08,5,24275,卖盘
09:48:30,48.54,-0.01,12,58253,卖盘
09:48:33,48.53,-0.01,5,24268,卖盘
09:48:40,48.71,0.18,4,19478,买盘
09:48:43,48.51,-0.2,6,29114,卖盘
09:48:45,48.69,0.18,5,24347,买盘
09:48:49,48.52,-0.17,7,33964,卖盘
09:48:52,48.51,-0.01,6,29106,卖盘
09:48:55,48.51,0.0,1,4851,中性盘
09:48:58,48.5,-0.01,2,9700,卖盘
09:49:04,48.64,0.14,10,48571,买盘
09:49:07,48.5,-0.14,24,116662,卖盘
09:49:13,48.52,0.02,8,38816,卖盘
09:49:19,48.54,0.02,1,4854,中性盘
09:49:23,48.53,-0.01,5,24265,卖盘
09:49:25,48.63,0.1,5,24317,买盘
09:49:28,48.63,0.0,2,9726,买盘
09:49:31,48.63,0.0,4,19440,买盘
09:49:35,48.51,-0.12,6,29106,卖盘
09:49:40,48.63,0.12,12,58356,中性盘
09:49:42,48.51,-0.12,5,24255,卖盘
09:49:47,48.51,0.0,4,19440,卖盘
09:49:49,48.51,0.0,6,29130,卖盘
09:49:52,48.52,0.01,7,33975,卖盘
09:50:04,48.51,-0.01,5,24256,卖盘
09:50:07,48.63,0.12,1,4863,买盘
09:50:11,48.52,-0.11,1,4852,卖盘
09:50:13,48.51,-0.01,7,33971,卖盘
09:50:15,48.65,0.14,1,4865,买盘
09:50:20,48.51,-0.14,8,38810,卖盘
09:50:22,48.51,0.0,5,24255,卖盘
09:50:26,48.62,0.11,3,14588,中性盘
09:50:28,48.51,-0.11,2,9714,卖盘
09:50:33,48.51,0.0,6,29106,卖盘
09:50:36,48.65,0.14,6,29186,买盘
09:50:43,48.66,0.01,8,38870,买盘
09:50:47,48.66,0.0,3,14598,买盘
09:50:50,48.52,-0.14,1,4852,卖盘
09:50:51,48.5,-0.02,41,198906,卖盘
09:50:54,48.53,0.03,27,131081,买盘
09:51:02,48.5,-0.03,20,97012,卖盘
09:51:05,48.5,0.0,5,24253,卖盘
09:51:12,48.5,0.0,6,29103,卖盘
09:51:16,48.65,0.15,1,4865,买盘
09:51:22,48.5,-0.15,7,33952,卖盘
09:51:29,48.64,0.14,1,4864,买盘
09:51:32,48.5,-0.14,2,9700,卖盘
09:51:33,48.64,0.14,8,38828,买盘
09:51:38,48.64,0.0,1,4864,买盘
09:51:40,48.51,-0.13,7,34035,中性盘
09:51:44,48.5,-0.01,5,24254,卖盘
09:51:47,48.64,0.14,5,24320,买盘
09:51:53,48.64,0.0,2,9715,买盘
09:51:56,48.64,0.0,7,33967,买盘
09:51:59,48.64,0.0,3,14592,买盘
09:52:02,48.64,0.0,1,4864,买盘
09:52:05,48.51,-0.13,6,29106,卖盘
09:52:11,48.63,0.12,3,14589,卖盘
09:52:14,48.51,-0.12,6,29109,卖盘
09:52:20,48.63,0.12,1,4863,中性盘
09:52:23,48.63,0.0,43,209119,卖盘
09:52:26,48.51,-0.12,49,238216,卖盘
09:52:28,48.58,0.07,1,4858,买盘
09:52:31,48.58,0.0,1,4858,买盘
09:52:33,48.58,0.0,6,29114,买盘
09:52:38,48.51,-0.07,2,9709,卖盘
09:52:42,48.51,0.0,7,33957,卖盘
09:52:48,48.61,0.1,9,43689,买盘
09:52:56,48.5,-0.11,5,24254,卖盘
09:52:59,48.51,0.01,4,19407,卖盘
09:53:02,48.51,0.0,2,9711,卖盘
09:53:05,48.51,0.0,2,9710,卖盘
09:53:11,48.51,0.0,2,9702,买盘
09:53:14,48.51,0.0,20,97089,买盘
09:53:20,48.6,0.09,11,53360,买盘
09:53:23,48.6,0.0,1,4860,买盘
09:53:26,48.6,0.0,8,38810,买盘
09:53:31,48.6,0.0,1,4860,买盘
09:53:35,48.5,-0.1,5,24250,卖盘
09:53:44,48.5,0.0,6,29100,卖盘
09:53:46,48.5,0.0,2,9710,卖盘
09:53:50,48.6,0.1,2,9720,买盘
09:53:56,48.5,-0.1,5,24250,卖盘
09:54:02,48.6,0.1,1,4860,买盘
09:54:05,48.51,-0.09,6,29106,卖盘
09:54:08,48.52,0.01,1,4852,卖盘
09:54:11,48.6,0.08,1,4860,买盘
09:54:14,48.6,0.0,19,92170,买盘
09:54:19,48.6,0.0,2,9720,买盘
09:54:23,48.6,0.0,18,87343,买盘
09:54:26,48.6,0.0,8,38820,买盘
09:54:27,48.59,-0.01,1,4859,买盘
09:54:32,48.6,0.01,2,9720,买盘
09:54:34,48.6,0.0,7,33968,买盘
09:54:38,48.6,0.0,6,29148,买盘
09:54:41,48.5,-0.1,2,9710,卖盘
09:54:44,48.6,0.1,9,43676,买盘
09:54:49,48.6,0.0,2,9720,买盘
09:54:53,48.5,-0.1,1,4850,卖盘
09:54:55,48.48,-0.02,6,29092,卖盘
09:55:02,48.59,0.11,1,4859,买盘
09:55:05,48.5,-0.09,6,29098,卖盘
09:55:08,48.59,0.09,4,19407,买盘
09:55:11,48.5,-0.09,4,19400,买盘
09:55:15,48.5,0.0,15,72738,买盘
09:55:20,48.6,0.1,4,19437,买盘
09:55:23,48.6,0.0,3,14570,买盘
09:55:24,48.6,0.0,14,67986,买盘
09:55:29,48.59,-0.01,5,24299,中性盘
09:55:35,48.62,0.03,13,63112,买盘
09:55:38,48.62,0.0,1,4862,买盘
09:55:44,48.4,-0.22,120,579370,卖盘
09:55:47,48.42,0.02,29,140388,买盘
09:55:49,48.43,0.01,14,70127,买盘
09:55:53,48.48,0.05,2,9696,买盘
09:55:55,48.4,-0.08,8,38727,卖盘
09:56:02,48.4,0.0,15,72600,卖盘
09:56:05,48.39,-0.01,5,24195,卖盘
09:56:06,48.4,0.01,26,125839,买盘
09:56:11,48.4,0.0,1,4840,卖盘
09:56:13,48.39,-0.01,7,33882,卖盘
09:56:16,48.39,0.0,1,4839,卖盘
09:56:23,48.39,0.0,14,67746,卖盘
09:56:26,48.38,-0.01,6,29028,卖盘
09:56:29,48.38,0.0,1,4838,卖盘
09:56:35,48.38,0.0,6,29028,卖盘
09:56:38,48.38,0.0,2,9676,卖盘
09:56:41,48.39,0.01,28,135492,买盘
09:56:43,48.38,-0.01,5,24190,卖盘
09:56:50,48.39,0.01,1,4839,买盘
09:56:53,48.38,-0.01,5,24190,卖盘
09:56:56,48.4,0.02,94,453816,买盘
09:57:04,48.4,0.0,5,24204,卖盘
09:57:14,48.42,0.02,6,29052,卖盘
09:57:20,48.44,0.02,2,9688,买盘
09:57:26,48.42,-0.02,5,24211,卖盘
09:57:34,48.42,0.0,6,29052,卖盘
09:57:36,48.43,0.01,1,4843,卖盘
09:57:41,48.45,0.02,1,4845,买盘
09:57:44,48.42,-0.03,2,9684,卖盘
09:57:47,48.42,0.0,15,72633,卖盘
09:57:53,48.42,0.0,6,29092,买盘
09:57:55,48.4,-0.02,23,111266,卖盘
09:57:59,48.4,0.0,3,14520,买盘
09:58:02,48.39,-0.01,1,4839,卖盘
09:58:05,48.4,0.01,16,77434,买盘
09:58:16,48.39,-0.01,5,24195,卖盘
09:58:26,48.4,0.01,7,33874,买盘
09:58:29,48.4,0.0,1,4840,买盘
09:58:33,48.38,-0.02,40,194619,卖盘
09:58:38,48.39,0.01,2,9678,买盘
09:58:44,48.39,0.0,1,4839,买盘
09:58:45,48.38,-0.01,6,29028,卖盘
09:58:50,48.39,0.01,1,4839,买盘
09:58:55,48.38,-0.01,3,14514,卖盘
09:58:58,48.39,0.01,2,9678,买盘
09:59:02,48.43,0.04,66,318390,买盘
09:59:05,48.4,-0.03,9,43560,卖盘
09:59:11,48.43,0.03,2,9686,买盘
09:59:16,48.4,-0.03,9,43515,卖盘
09:59:23,48.4,0.0,7,33880,买盘
09:59:26,48.4,0.0,2,9680,买盘
09:59:29,48.4,0.0,1,4840,买盘
09:59:32,48.4,0.0,2,9680,买盘
09:59:38,48.39,-0.01,1,4839,卖盘
09:59:41,48.4,0.01,1,4840,买盘
09:59:43,48.4,0.0,1,4840,买盘
09:59:47,48.4,0.0,3,14520,买盘
09:59:53,48.39,-0.01,1,4839,卖盘
09:59:59,48.4,0.01,2,9680,买盘
10:00:02,48.39,-0.01,43,208119,卖盘
10:00:05,48.39,0.0,7,33876,卖盘
10:00:07,48.4,0.01,15,72600,买盘
10:00:11,48.4,0.0,9,43220,买盘
10:00:14,48.43,0.03,12,58116,买盘
10:00:17,48.43,0.0,7,33899,买盘
10:00:23,48.43,0.0,4,19372,买盘
10:00:25,48.56,0.13,1,4856,买盘
10:00:28,48.44,-0.12,2,9687,中性盘
10:00:32,48.56,0.12,1,4856,买盘
10:00:46,48.56,0.0,4,19424,买盘
10:00:50,48.41,-0.15,22,106510,卖盘
10:00:51,48.42,0.01,3,14540,中性盘
10:01:02,48.55,0.13,2,9710,买盘
10:01:05,48.42,-0.13,19,92014,卖盘
10:01:07,48.43,0.01,3,14529,卖盘
10:01:11,48.4,-0.03,32,154954,卖盘
10:01:14,48.41,0.01,26,125841,买盘
10:01:17,48.39,-0.02,192,929270,卖盘
10:01:20,48.38,-0.01,16,77414,卖盘
10:01:23,48.38,0.0,3,14516,卖盘
10:01:26,48.38,0.0,25,120952,卖盘
10:01:29,48.4,0.02,24,116158,买盘
10:01:32,48.4,0.0,61,294908,买盘
10:01:43,48.36,-0.04,3,14508,买盘
10:01:46,48.25,-0.11,14,67650,卖盘
10:01:50,48.25,0.0,15,72375,卖盘
10:01:53,48.25,0.0,10,48256,卖盘
10:01:56,48.25,0.0,6,28950,卖盘
10:02:01,48.36,0.11,3,14508,买盘
10:02:05,48.25,-0.11,32,154401,卖盘
10:02:16,48.22,-0.03,5,24118,卖盘
10:02:20,48.22,0.0,13,62701,卖盘
10:02:22,48.23,0.01,2,9645,买盘
10:02:26,48.22,-0.01,11,53046,卖盘
10:02:29,48.23,0.01,3,14469,卖盘
10:02:35,48.22,-0.01,26,125392,卖盘
10:02:37,48.34,0.12,12,57909,买盘
10:02:43,48.35,0.01,4,19339,买盘
10:02:46,48.21,-0.14,6,28940,卖盘
10:02:50,48.34,0.13,10,48313,中性盘
10:02:52,48.33,-0.01,2,9667,中性盘
10:02:55,48.28,-0.05,5,24140,卖盘
10:03:02,48.33,0.05,2,9666,买盘
10:03:05,48.26,-0.07,10,48270,卖盘
10:03:08,48.26,0.0,2,9650,买盘
10:03:10,48.26,0.0,5,24130,买盘
10:03:14,48.33,0.07,1,4833,买盘
10:03:17,48.26,-0.07,5,24130,卖盘
10:03:20,48.26,0.0,16,77216,卖盘
10:03:25,48.21,-0.05,5,24108,卖盘
10:03:29,48.21,0.0,1,4821,买盘
10:03:32,48.21,0.0,3,14468,买盘
10:03:35,48.21,0.0,6,28928,中性盘
10:03:40,48.2,-0.01,40,192812,卖盘
10:03:46,48.2,0.0,2,9640,买盘
10:03:53,48.2,0.0,1,4820,买盘
10:03:56,48.2,0.0,6,28915,买盘
10:03:58,48.22,0.02,19,91586,买盘
10:04:05,48.2,-0.02,30,144559,卖盘
10:04:08,48.19,-0.01,5,24095,买盘
10:04:14,48.19,0.0,6,28904,买盘
10:04:17,48.17,-0.02,5,24085,卖盘
10:04:22,48.28,0.11,4,19312,买盘
10:04:26,48.18,-0.1,7,33733,卖盘
10:04:28,48.2,0.02,2,9640,买盘
10:04:32,48.2,0.0,12,57840,买盘
10:04:35,48.18,-0.02,11,53000,卖盘
10:04:38,48.18,0.0,6,28908,卖盘
10:04:47,48.18,0.0,6,28908,卖盘
10:04:50,48.18,0.0,8,38554,卖盘
10:04:53,48.28,0.1,3,14484,买盘
10:04:59,48.19,-0.09,5,24098,卖盘
10:05:08,48.28,0.09,8,38566,买盘
10:05:11,48.2,-0.08,6,28918,中性盘
10:05:16,48.2,0.0,9,43388,卖盘
10:05:20,48.2,0.0,3,14460,卖盘
10:05:23,48.2,0.0,7,33740,卖盘
10:05:26,48.21,0.01,6,28921,买盘
10:05:29,48.21,0.0,5,24105,卖盘
10:05:32,48.2,-0.01,6,28925,卖盘
10:05:35,48.21,0.01,9,43381,中性盘
10:05:38,48.2,-0.01,14,67493,卖盘
10:05:47,48.18,-0.02,8,38559,卖盘
10:05:49,48.2,0.02,9,43368,中性盘
10:05:52,48.2,0.0,2,9640,买盘
10:05:56,48.2,0.0,8,38567,卖盘
10:06:02,48.26,0.06,2,9652,买盘
10:06:04,48.2,-0.06,4,19280,卖盘
10:06:07,48.18,-0.02,12,57863,卖盘
10:06:11,48.2,0.02,10,48200,中性盘
10:06:16,48.2,0.0,6,28920,卖盘
10:06:20,48.2,0.0,12,57826,卖盘
10:06:26,48.18,-0.02,6,28908,卖盘
10:06:34,48.2,0.02,10,48185,买盘
10:06:38,48.2,0.0,13,62636,买盘
10:06:46,48.2,0.0,5,24101,卖盘
10:06:50,48.18,-0.02,20,96380,卖盘
10:06:53,48.18,0.0,1,4818,卖盘
10:06:56,48.18,0.0,6,28908,卖盘
10:06:59,48.28,0.1,4,19312,买盘
10:07:05,48.17,-0.11,20,96354,卖盘
10:07:11,48.17,0.0,2,9634,买盘
10:07:17,48.16,-0.01,6,28896,卖盘
10:07:20,48.16,0.0,23,110768,卖盘
10:07:26,48.17,0.01,11,52982,买盘
10:07:29,48.14,-0.03,19,91491,卖盘
10:07:31,48.13,-0.01,3,14439,卖盘
10:07:35,48.12,-0.01,2,9624,卖盘
10:07:37,48.15,0.03,41,197331,买盘
10:07:41,48.11,-0.04,8,38488,卖盘
10:07:43,48.1,-0.01,4,19243,卖盘
10:07:47,48.09,-0.01,5,24049,卖盘
10:07:55,48.09,0.0,3,14425,卖盘
10:07:59,48.1,0.01,8,38455,买盘
10:08:05,48.09,-0.01,2,9618,买盘
10:08:07,48.06,-0.03,53,254806,卖盘
10:08:13,48.06,0.0,2,9612,买盘
10:08:17,48.06,0.0,84,403693,买盘
10:08:22,48.04,-0.02,5,24020,卖盘
10:08:25,48.05,0.01,6,28830,卖盘
10:08:29,48.06,0.01,6,28836,买盘
10:08:35,48.06,0.0,1,4806,卖盘
10:08:37,48.06,0.0,7,33660,卖盘
10:08:41,48.15,0.09,2,9630,买盘
10:08:44,48.06,-0.09,4,19224,卖盘
10:08:47,48.05,-0.01,6,28835,卖盘
10:08:49,48.06,0.01,4,19242,卖盘
10:08:53,48.06,0.0,4,19224,卖盘
10:08:56,48.05,-0.01,7,33637,卖盘
10:08:59,48.05,0.0,8,38453,卖盘
10:09:04,48.15,0.1,1,4815,买盘
10:09:07,48.07,-0.08,6,28843,卖盘
10:09:11,48.15,0.08,6,28887,买盘
10:09:14,48.06,-0.09,5,24030,卖盘
10:09:17,48.06,0.0,7,33658,卖盘
10:09:29,48.07,0.01,6,28842,卖盘
10:09:32,48.06,-0.01,5,24033,卖盘
10:09:36,48.07,0.01,3,14421,买盘
10:09:38,48.07,0.0,16,76913,买盘
10:09:47,48.07,0.0,14,67291,买盘
10:09:56,48.07,0.0,5,24038,卖盘
10:09:58,48.07,0.0,2,9614,卖盘
10:10:02,48.08,0.01,3,14436,卖盘
10:10:08,48.07,-0.01,6,28843,卖盘
10:10:16,48.07,0.0,7,33663,卖盘
10:10:25,48.14,0.07,2,9628,买盘
10:10:29,48.07,-0.07,6,28842,卖盘
10:10:31,48.07,0.0,2,9614,卖盘
10:10:38,48.07,0.0,6,28842,卖盘
10:10:44,48.09,0.02,1,4809,卖盘
10:10:47,48.14,0.05,9,43293,买盘
10:10:59,48.07,-0.07,6,28842,卖盘
10:11:04,48.08,0.01,9,43283,中性盘
10:11:08,48.07,-0.01,5,24038,卖盘
10:11:11,48.13,0.06,1,4813,买盘
10:11:13,48.14,0.01,1,4814,买盘
10:11:17,48.13,-0.01,6,28878,中性盘
10:11:19,48.14,0.01,7,33698,买盘
10:11:23,48.09,-0.05,8,38500,卖盘
10:11:25,48.13,0.04,3,14439,买盘
10:11:28,48.13,0.0,11,52923,买盘
10:11:32,48.09,-0.04,1,4809,卖盘
10:11:35,48.13,0.04,6,28878,买盘
10:11:37,48.13,0.0,14,67376,买盘
10:11:41,48.15,0.02,4,19259,买盘
10:11:44,48.15,0.0,5,24075,买盘
10:11:47,48.15,0.0,43,206926,买盘
10:11:50,48.16,0.01,6,28892,卖盘
10:11:59,48.12,-0.04,6,28880,卖盘
10:12:08,48.13,0.01,7,33706,卖盘
10:12:20,48.28,0.15,8,38540,买盘
10:12:26,48.28,0.0,9,43405,买盘
10:12:29,48.12,-0.16,5,24066,卖盘
10:12:32,48.12,0.0,2,9624,卖盘
10:12:34,48.27,0.15,1,4827,卖盘
10:12:38,48.14,-0.13,6,28884,卖盘
10:12:44,48.14,0.0,6,28939,卖盘
10:12:47,48.27,0.13,1,4827,买盘
10:12:50,48.28,0.01,6,28898,买盘
10:12:59,48.13,-0.15,129,621010,卖盘
10:13:02,48.13,0.0,2,9625,买盘
10:13:05,48.13,0.0,3,14439,买盘
10:13:08,48.12,-0.01,10,48125,卖盘
10:13:13,48.13,0.01,23,110677,买盘
10:13:19,48.11,-0.02,7,33677,卖盘
10:13:23,48.13,0.02,2,9626,买盘
10:13:25,48.13,0.0,2,9624,买盘
10:13:29,48.11,-0.02,5,24055,卖盘
10:13:35,48.11,0.0,12,57732,卖盘
10:13:38,48.1,-0.01,2,9620,卖盘
10:13:41,48.1,0.0,2,9620,买盘
10:13:44,48.08,-0.02,5,24044,卖盘
10:13:47,48.1,0.02,2,9620,买盘
10:13:50,48.11,0.01,6,28857,买盘
10:13:53,48.11,0.0,3,14432,买盘
10:13:55,48.11,0.0,2,9622,买盘
10:13:58,48.1,-0.01,6,28860,卖盘
10:14:02,48.11,0.01,2,9622,买盘
10:14:04,48.11,0.0,20,96220,买盘
10:14:08,48.1,-0.01,6,28860,卖盘
10:14:11,48.1,0.0,4,19241,卖盘
10:14:17,48.11,0.01,5,24055,买盘
10:14:19,48.1,-0.01,5,24050,卖盘
10:14:23,48.11,0.01,2,9622,买盘
10:14:26,48.11,0.0,1,4811,买盘
10:14:28,48.1,-0.01,7,33670,卖盘
10:14:32,48.11,0.01,16,76976,买盘
10:14:38,48.11,0.0,8,38478,买盘
10:14:43,48.1,-0.01,1,4810,卖盘
10:14:49,48.09,-0.01,6,28854,卖盘
10:14:53,48.11,0.02,1,4811,买盘
10:14:56,48.08,-0.03,17,81748,卖盘
10:14:59,48.09,0.01,62,298146,买盘
10:15:05,48.08,-0.01,3,14425,卖盘
10:15:07,48.08,0.0,7,33657,卖盘
10:15:11,48.09,0.01,85,408765,买盘
10:15:14,48.08,-0.01,1,4808,卖盘
10:15:17,48.09,0.01,6,28854,买盘
10:15:19,48.07,-0.02,5,24039,卖盘
10:15:23,48.07,0.0,1,4807,卖盘
10:15:26,48.09,0.02,2,9618,买盘
10:15:29,48.07,-0.02,8,38457,卖盘
10:15:38,48.08,0.01,6,28849,卖盘
10:15:44,48.07,-0.01,2,9615,卖盘
10:15:47,48.09,0.02,2,9618,买盘
10:15:50,48.07,-0.02,6,28842,卖盘
10:15:59,48.08,0.01,5,24040,卖盘
10:16:01,48.09,0.01,1,4809,买盘
10:16:08,48.07,-0.02,6,28842,卖盘
10:16:13,48.09,0.02,1,4809,买盘
10:16:20,48.07,-0.02,5,24036,卖盘
10:16:23,48.07,0.0,2,9616,卖盘
10:16:29,48.07,0.0,8,38460,卖盘
10:16:34,48.08,0.01,11,52888,买盘
10:16:37,48.08,0.0,9,43274,卖盘
10:16:41,48.07,-0.01,19,91358,卖盘
10:16:47,48.08,0.01,3,14426,卖盘
10:16:49,48.07,-0.01,6,28842,卖盘
10:16:56,48.07,0.0,1,4807,卖盘
10:16:58,48.07,0.0,16,76912,卖盘
10:17:01,48.08,0.01,1,4808,买盘
10:17:11,48.07,-0.01,5,24036,卖盘
10:17:13,48.09,0.02,1,4809,买盘
10:17:17,48.08,-0.01,3,14424,卖盘
10:17:19,48.09,0.01,22,105777,买盘
10:17:23,48.08,-0.01,7,33656,卖盘
10:17:29,48.07,-0.01,7,33657,卖盘
10:17:41,48.09,0.02,7,33662,卖盘
10:17:47,48.11,0.02,3,14432,买盘
10:17:49,48.09,-0.02,5,24048,卖盘
10:17:53,48.08,-0.01,2,9616,卖盘
10:17:56,48.09,0.01,2,9617,中性盘
10:17:58,48.08,-0.01,6,28853,卖盘
10:18:08,48.1,0.02,26,125038,买盘
10:18:11,48.07,-0.03,5,24038,卖盘
10:18:17,48.09,0.02,1,4809,买盘
10:18:19,48.11,0.02,7,33659,买盘
10:18:25,48.08,-0.03,2,9616,卖盘
10:18:29,48.07,-0.01,5,24038,卖盘
10:18:31,48.1,0.03,2,9620,买盘
10:18:35,48.08,-0.02,1,4808,中性盘
10:18:38,48.08,0.0,1,4808,卖盘
10:18:40,48.08,0.0,6,28848,卖盘
10:18:44,48.1,0.02,1,4810,买盘
10:18:49,48.1,0.0,7,33670,卖盘
10:18:52,48.1,0.0,3,14430,卖盘
10:18:56,48.1,0.0,1,4810,卖盘
10:18:58,48.1,0.0,8,38480,卖盘
10:19:07,48.11,0.01,1,4811,买盘
10:19:11,48.1,-0.01,5,24050,卖盘
10:19:17,48.11,0.01,1,4811,买盘
10:19:19,48.1,-0.01,6,28860,卖盘
10:19:22,48.11,0.01,7,33677,买盘
10:19:26,48.1,-0.01,1,4810,卖盘
10:19:29,48.1,0.0,6,28860,卖盘
10:19:32,48.11,0.01,2,9622,买盘
10:19:35,48.11,0.0,2,9622,买盘
10:19:40,48.1,-0.01,6,28860,卖盘
10:19:47,48.1,0.0,2,9620,卖盘
10:19:50,48.1,0.0,6,28860,卖盘
10:19:52,48.09,-0.01,1,4809,卖盘
10:19:56,48.11,0.02,1,4811,买盘
10:19:58,48.08,-0.03,7,33658,卖盘
10:20:02,48.08,0.0,4,19232,卖盘
10:20:04,48.11,0.03,7,33673,买盘
10:20:11,48.08,-0.03,6,28848,卖盘
10:20:14,48.07,-0.01,30,144233,卖盘
10:20:20,48.11,0.04,6,28847,买盘
10:20:29,48.11,0.0,9,43281,买盘
10:20:31,48.12,0.01,3,14436,买盘
10:20:40,48.11,-0.01,5,24055,卖盘
10:20:50,48.1,-0.01,6,28863,卖盘
10:20:53,48.11,0.01,5,24053,买盘
10:20:56,48.11,0.0,1,4811,买盘
10:20:59,48.09,-0.02,5,24046,卖盘
10:21:02,48.07,-0.02,82,394215,卖盘
10:21:11,48.08,0.01,6,28853,卖盘
10:21:20,48.1,0.02,6,28845,中性盘
10:21:23,48.11,0.01,6,28861,买盘
10:21:26,48.11,0.0,4,19244,卖盘
10:21:28,48.11,0.0,6,28866,卖盘
10:21:36,48.12,0.01,3,14435,买盘
10:21:40,48.11,-0.01,20,96220,卖盘
10:21:44,48.11,0.0,3,14430,买盘
10:21:50,48.08,-0.03,7,33660,卖盘
10:21:56,48.08,0.0,2,9616,卖盘
10:21:58,48.08,0.0,5,24040,卖盘
10:22:05,48.11,0.03,1,4811,买盘
10:22:11,48.12,0.01,13,62523,买盘
10:22:16,48.12,0.0,1,4812,买盘
10:22:20,48.12,0.0,8,38471,买盘
10:22:22,48.12,0.0,2,9624,买盘
10:22:25,48.12,0.0,4,19248,买盘
10:22:28,48.07,-0.05,6,28842,卖盘
10:22:32,48.1,0.03,1,4810,中性盘
10:22:37,48.08,-0.02,4,19238,卖盘
10:22:40,48.1,0.02,10,48090,买盘
10:22:44,48.07,-0.03,3,14424,卖盘
10:22:47,48.08,0.01,1,4808,买盘
10:22:49,48.07,-0.01,6,28847,卖盘
10:22:58,48.08,0.01,6,28848,卖盘
10:23:11,48.07,-0.01,5,24038,卖盘
10:23:14,48.09,0.02,1,4809,卖盘
10:23:17,48.1,0.01,15,72138,买盘
10:23:20,48.09,-0.01,6,28854,卖盘
10:23:22,48.09,0.0,2,9618,卖盘
10:23:29,48.09,0.0,5,24045,卖盘
10:23:32,48.12,0.03,1,4812,买盘
10:23:35,48.03,-0.09,297,1427443,卖盘
10:23:38,48.05,0.02,7,33633,买盘
10:23:41,48.05,0.0,2,9610,买盘
10:23:43,48.05,0.0,19,91295,买盘
10:23:47,48.05,0.0,1,4805,卖盘
10:23:50,48.03,-0.02,5,24015,卖盘
10:23:52,48.0,-0.03,96,460958,卖盘
10:23:59,48.05,0.05,6,28830,卖盘
10:24:01,48.08,0.03,2,9616,买盘
10:24:05,48.08,0.0,15,72120,买盘
10:24:11,48.06,-0.02,6,28846,卖盘
10:24:14,48.08,0.02,1,4808,中性盘
10:24:20,48.06,-0.02,6,28836,卖盘
10:24:32,48.05,-0.01,5,24027,卖盘
10:24:35,48.13,0.08,20,96224,买盘
10:24:41,48.13,0.0,8,38462,买盘
10:24:44,48.13,0.0,1,4813,买盘
10:24:46,48.13,0.0,4,19252,买盘
10:24:49,48.09,-0.04,22,105866,卖盘
10:24:52,48.07,-0.02,15,72111,卖盘
10:25:01,48.07,0.0,6,28843,卖盘
10:25:04,48.03,-0.04,90,432334,卖盘
10:25:11,48.03,0.0,4,19214,卖盘
10:25:20,48.03,0.0,6,28818,卖盘
10:25:26,48.03,0.0,12,57636,卖盘
10:25:29,48.05,0.02,4,19220,买盘
10:25:32,48.05,0.0,11,52835,买盘
10:25:34,48.05,0.0,1,4805,卖盘
10:25:41,48.05,0.0,8,38426,买盘
10:25:47,48.05,0.0,2,9609,买盘
10:25:50,48.05,0.0,7,33617,买盘
10:26:02,48.01,-0.04,5,24005,卖盘
10:26:05,48.07,0.06,5,24035,买盘
10:26:11,48.03,-0.04,6,28828,卖盘
10:26:17,48.1,0.07,1,4810,买盘
10:26:20,48.05,-0.05,5,24025,中性盘
10:26:23,48.1,0.05,1,4810,买盘
10:26:32,48.07,-0.03,7,33639,卖盘
10:26:38,48.05,-0.02,1,4805,卖盘
10:26:41,48.1,0.05,8,38461,买盘
10:26:47,48.13,0.03,2,9626,买盘
10:26:49,48.06,-0.07,6,28840,卖盘
10:26:59,48.07,0.01,7,33649,买盘
10:27:02,48.13,0.06,63,303177,买盘
10:27:05,48.13,0.0,16,77008,卖盘
10:27:08,48.13,0.0,5,24065,卖盘
10:27:10,48.07,-0.06,6,28842,卖盘
10:27:19,48.08,0.01,5,24049,卖盘
10:27:22,48.21,0.13,72,347062,买盘
10:27:26,48.21,0.0,5,24105,买盘
10:27:29,48.08,-0.13,2,9628,卖盘
10:27:32,48.07,-0.01,6,28844,卖盘
10:27:34,48.07,0.0,1,4807,卖盘
10:27:40,48.08,0.01,5,24044,卖盘
10:27:44,48.2,0.12,3,14446,买盘
10:27:50,48.08,-0.12,6,28849,卖盘
10:28:02,48.1,0.02,5,24050,卖盘
10:28:11,48.1,0.0,6,28869,卖盘
10:28:17,48.19,0.09,1,4819,买盘
10:28:20,48.13,-0.06,5,24065,中性盘
10:28:32,48.13,0.0,8,38504,卖盘
10:28:35,48.13,0.0,2,9626,买盘
10:28:38,48.13,0.0,1,4813,买盘
10:28:41,48.11,-0.02,8,38498,卖盘
10:28:47,48.11,0.0,5,24087,卖盘
10:28:50,48.11,0.0,12,57732,卖盘
10:29:02,48.19,0.08,19,91513,买盘
10:29:08,48.11,-0.08,2,9623,卖盘
10:29:11,48.11,0.0,3,14433,卖盘
10:29:14,48.13,0.02,2,9626,中性盘
10:29:17,48.11,-0.02,50,240560,卖盘
10:29:19,48.19,0.08,1,4819,买盘
10:29:26,48.12,-0.07,10,48127,中性盘
10:29:29,48.2,0.08,3,14451,买盘
10:29:37,48.27,0.07,1,4827,买盘
10:29:47,48.12,-0.15,3,14466,卖盘
10:29:49,48.27,0.15,12,57924,买盘
10:29:53,48.12,-0.15,1,4812,卖盘
10:30:02,48.27,0.15,11,53095,买盘
10:30:05,48.27,0.0,7,33774,买盘
10:30:11,48.12,-0.15,15,72180,卖盘
10:30:17,48.12,0.0,5,24060,卖盘
10:30:29,48.13,0.01,1,4813,中性盘
10:30:44,48.12,-0.01,6,28872,卖盘
10:30:47,48.12,0.0,1,4812,卖盘
10:30:49,48.25,0.13,3,14461,买盘
10:30:53,48.12,-0.13,2,9624,卖盘
10:30:59,48.25,0.13,2,9648,买盘
10:31:02,48.12,-0.13,3,14436,卖盘
10:31:08,48.24,0.12,2,9648,买盘
10:31:10,48.13,-0.11,1,4813,卖盘
10:31:20,48.13,0.0,6,28911,卖盘
10:31:22,48.13,0.0,6,28878,卖盘
10:31:28,48.13,0.0,1,4813,卖盘
10:31:32,48.13,0.0,33,158824,卖盘
10:31:38,48.1,-0.03,153,735957,卖盘
10:31:41,48.1,0.0,9,43290,卖盘
10:31:44,48.1,0.0,14,67340,卖盘
10:31:49,48.11,0.01,1,4811,买盘
10:31:52,48.1,-0.01,20,96201,卖盘
10:31:56,48.1,0.0,1,4810,卖盘
10:32:02,48.11,0.01,27,129891,买盘
10:32:05,48.24,0.13,1,4824,买盘
10:32:11,48.1,-0.14,6,28860,卖盘
10:32:22,48.1,0.0,5,24050,卖盘
10:32:32,48.1,0.0,6,28860,卖盘
10:32:35,48.1,0.0,9,43318,卖盘
10:32:37,48.1,0.0,1,4810,卖盘
10:32:41,48.1,0.0,5,24050,卖盘
10:32:47,48.24,0.14,2,9648,买盘
10:32:49,48.24,0.0,4,19296,买盘
10:32:52,48.1,-0.14,7,33670,卖盘
10:32:59,48.24,0.14,5,24120,买盘
10:33:01,48.11,-0.13,5,24055,卖盘
10:33:05,48.11,0.0,1,4811,卖盘
10:33:07,48.24,0.13,2,9648,买盘
10:33:11,48.1,-0.14,26,125250,卖盘
10:33:14,48.11,0.01,6,28866,中性盘
10:33:22,48.11,0.0,5,24061,卖盘
10:33:32,48.14,0.03,6,28884,卖盘
10:33:41,48.14,0.0,12,57813,卖盘
10:33:43,48.14,0.0,3,14442,卖盘
10:33:47,48.23,0.09,6,28938,买盘
10:33:53,48.14,-0.09,8,38557,卖盘
10:33:56,48.15,0.01,6,28889,买盘
10:33:59,48.14,-0.01,7,33700,卖盘
10:34:01,48.14,0.0,8,38542,卖盘
10:34:08,48.24,0.1,2,9639,买盘
10:34:11,48.24,0.0,18,86832,买盘
10:34:14,48.24,0.0,10,48240,卖盘
10:34:17,48.25,0.01,14,67550,买盘
10:34:23,48.24,-0.01,5,24120,卖盘
10:34:25,48.24,0.0,1,4824,卖盘
10:34:28,48.24,0.0,2,9648,卖盘
10:34:32,48.24,0.0,6,28944,卖盘
10:34:38,48.24,0.0,5,24120,卖盘
10:34:40,48.24,0.0,5,24120,卖盘
10:34:44,48.24,0.0,2,9648,卖盘
10:34:46,48.24,0.0,3,14472,卖盘
10:34:50,48.24,0.0,2,9648,买盘
10:34:53,48.24,0.0,22,106116,买盘
10:34:56,48.22,-0.02,2,9646,卖盘
10:34:59,48.24,0.02,6,28949,中性盘
10:35:02,48.25,0.01,6,28935,买盘
10:35:05,48.25,0.0,1,4825,买盘
10:35:11,48.22,-0.03,6,28932,卖盘
10:35:14,48.25,0.03,5,24125,买盘
10:35:17,48.25,0.0,1,4825,买盘
10:35:22,48.22,-0.03,6,28947,卖盘
10:35:29,48.22,0.0,3,14466,卖盘
10:35:32,48.27,0.05,6,28937,买盘
10:35:41,48.22,-0.05,6,28932,卖盘
10:35:50,48.18,-0.04,1,4818,卖盘
10:35:53,48.17,-0.01,5,24085,卖盘
10:35:56,48.2,0.03,1,4820,中性盘
10:36:02,48.17,-0.03,7,33727,卖盘
10:36:08,48.27,0.1,16,77232,买盘
10:36:11,48.17,-0.1,6,28902,卖盘
10:36:14,48.17,0.0,2,9634,卖盘
10:36:16,48.17,0.0,1,4817,卖盘
10:36:22,48.17,0.0,6,28912,卖盘
10:36:31,48.17,0.0,5,24085,卖盘
10:36:35,48.28,0.11,1,4828,买盘
10:36:43,48.17,-0.11,27,130059,卖盘
10:36:52,48.17,0.0,5,24085,卖盘
10:36:59,48.28,0.11,14,67592,买盘
10:37:01,48.17,-0.11,9,43359,卖盘
10:37:07,48.27,0.1,2,9654,买盘
10:37:10,48.17,-0.1,1,4817,卖盘
10:37:13,48.18,0.01,6,28903,中性盘
10:37:16,48.27,0.09,8,38615,买盘
10:37:23,48.18,-0.09,6,28908,卖盘
10:37:28,48.27,0.09,13,62751,买盘
10:37:32,48.18,-0.09,5,24090,卖盘
10:37:35,48.18,0.0,2,9645,卖盘
10:37:38,48.17,-0.01,2,9644,卖盘
10:37:43,48.17,0.0,9,43356,卖盘
10:37:47,48.19,0.02,1,4819,中性盘
10:37:50,48.27,0.08,1,4827,买盘
10:37:53,48.17,-0.1,5,24093,卖盘
10:38:02,48.17,0.0,11,52987,卖盘
10:38:05,48.15,-0.02,7,33711,卖盘
10:38:08,48.15,0.0,8,38520,卖盘
10:38:11,48.17,0.02,1,4817,中性盘
10:38:14,48.18,0.01,12,57797,中性盘
10:38:19,48.27,0.09,1,4827,买盘
10:38:22,48.27,0.0,14,67533,买盘
10:38:26,48.27,0.0,4,19308,卖盘
10:38:28,48.27,0.0,1,4827,买盘
10:38:32,48.18,-0.09,6,28908,卖盘
10:38:35,48.27,0.09,4,19308,买盘
10:38:44,48.27,0.0,11,53087,买盘
10:38:46,48.25,-0.02,9,43427,卖盘
10:38:49,48.25,0.0,1,4825,卖盘
10:38:52,48.25,0.0,6,28950,卖盘
10:38:56,48.25,0.0,1,4825,卖盘
10:39:02,48.25,0.0,6,28950,卖盘
10:39:05,48.25,0.0,3,14475,卖盘
10:39:07,48.25,0.0,1,4825,卖盘
10:39:11,48.25,0.0,6,28960,卖盘
10:39:13,48.18,-0.07,7,33726,卖盘
10:39:20,48.18,0.0,6,28908,卖盘
10:39:23,48.16,-0.02,2,9632,卖盘
10:39:26,48.16,0.0,3,14448,买盘
10:39:29,48.11,-0.05,63,303175,卖盘
10:39:32,48.16,0.05,7,33712,买盘
10:39:44,48.16,0.0,5,24080,卖盘
10:39:53,48.16,0.0,30,144480,卖盘
10:39:56,48.16,0.0,1,4816,卖盘
10:40:02,48.11,-0.05,8,38503,卖盘
10:40:05,48.14,0.03,6,28881,买盘
10:40:14,48.1,-0.04,6,28862,卖盘
10:40:22,48.1,0.0,5,24050,卖盘
10:40:26,48.1,0.0,1,4810,卖盘
10:40:32,48.1,0.0,8,38490,卖盘
10:40:37,48.14,0.04,1,4814,买盘
10:40:43,48.14,0.0,6,28866,买盘
10:40:50,48.1,-0.04,3,14430,卖盘
10:40:53,48.09,-0.01,36,173160,卖盘
10:40:55,48.1,0.01,4,19240,中性盘
10:40:59,48.1,0.0,2,9620,买盘
10:41:02,48.08,-0.02,13,62510,卖盘
10:41:08,48.1,0.02,2,9624,中性盘
10:41:14,48.09,-0.01,5,24050,卖盘
10:41:23,48.08,-0.01,6,28851,卖盘
10:41:32,48.08,0.0,5,24040,卖盘
10:41:35,48.14,0.06,1,4814,买盘
10:41:44,48.08,-0.06,6,28848,卖盘
10:41:50,48.14,0.06,1,4814,买盘
10:41:53,48.1,-0.04,5,24052,卖盘
10:41:58,48.12,0.02,1,4812,卖盘
10:42:02,48.08,-0.04,7,33663,卖盘
10:42:11,48.08,0.0,7,33668,卖盘
10:42:13,48.08,0.0,5,24040,卖盘
10:42:16,48.08,0.0,9,43280,卖盘
10:42:23,48.08,0.0,6,28848,卖盘
10:42:26,48.08,0.0,8,38464,卖盘
10:42:29,48.08,0.0,5,24040,卖盘
10:42:35,48.07,-0.01,35,168245,卖盘
10:42:37,48.06,-0.01,3,14418,卖盘
10:42:43,48.08,0.02,7,33650,买盘
10:42:53,48.06,-0.02,5,24033,卖盘
10:42:59,48.08,0.02,2,9616,买盘
10:43:05,48.05,-0.03,74,355653,卖盘
10:43:08,48.06,0.01,6,28836,买盘
10:43:13,48.05,-0.01,7,33641,卖盘
10:43:17,48.05,0.0,1,4805,卖盘
10:43:20,48.05,0.0,6,28830,卖盘
10:43:22,48.02,-0.03,14,67261,卖盘
10:43:32,48.01,-0.01,6,28806,卖盘
10:43:35,48.01,0.0,22,105622,卖盘
10:43:38,48.01,0.0,43,206443,买盘
10:43:41,48.01,0.0,6,28801,买盘
10:43:44,48.01,0.0,20,96020,买盘
10:43:47,48.01,0.0,31,148182,买盘
10:43:52,48.0,-0.01,18,86404,卖盘
10:43:56,47.99,-0.01,224,1076072,卖盘
10:43:59,48.0,0.01,3,14399,买盘
10:44:01,47.99,-0.01,17,81589,卖盘
10:44:05,47.97,-0.02,79,379052,卖盘
10:44:08,47.99,0.02,32,153543,买盘
10:44:11,47.97,-0.02,21,100764,卖盘
10:44:14,47.97,0.0,2,9594,买盘
10:44:20,47.99,0.02,5,23995,中性盘
10:44:23,47.98,-0.01,7,33572,买盘
10:44:26,47.99,0.01,4,19190,买盘
10:44:29,48.0,0.01,1,4800,买盘
10:44:32,47.96,-0.04,4,19186,卖盘
10:44:38,47.97,0.01,51,244643,买盘
10:44:40,47.95,-0.02,17,81541,卖盘
10:44:44,47.97,0.02,7,33579,买盘
10:44:46,47.97,0.0,2,9593,买盘
10:44:52,47.95,-0.02,6,28772,卖盘
10:44:56,47.95,0.0,2,9592,卖盘
10:45:02,47.95,0.0,25,119915,卖盘
10:45:04,47.95,0.0,28,134260,卖盘
10:45:08,47.95,0.0,7,33565,买盘
10:45:10,47.91,-0.04,7,33551,卖盘
10:45:20,47.93,0.02,1,4793,买盘
10:45:23,47.91,-0.02,5,23958,卖盘
10:45:26,47.93,0.02,2,9586,买盘
10:45:29,47.91,-0.02,4,19164,卖盘
10:45:32,47.91,0.0,8,38328,卖盘
10:45:35,47.91,0.0,28,134148,卖盘
10:45:37,47.91,0.0,3,14373,买盘
10:45:41,47.91,0.0,12,57485,买盘
10:45:47,47.91,0.0,8,38323,买盘
10:45:49,47.9,-0.01,57,273081,卖盘
10:45:53,47.9,0.0,26,124535,卖盘
10:45:55,47.9,0.0,12,57479,买盘
10:45:59,47.9,0.0,21,100590,买盘
10:46:02,47.9,0.0,9,43105,买盘
10:46:05,47.89,-0.01,109,521978,卖盘
10:46:07,47.89,0.0,10,47890,买盘
10:46:11,47.86,-0.03,8,38306,卖盘
10:46:17,47.9,0.04,5,23950,买盘
10:46:20,47.9,0.0,1,4790,买盘
10:46:23,47.88,-0.02,23,110130,卖盘
10:46:26,47.88,0.0,1,4788,买盘
10:46:29,47.88,0.0,1,4788,买盘
10:46:32,47.9,0.02,82,392776,买盘
10:46:35,47.86,-0.04,62,296816,卖盘
10:46:38,47.86,0.0,18,86148,买盘
10:46:40,47.91,0.05,7,33511,买盘
10:46:44,47.86,-0.05,8,38292,卖盘
10:46:46,47.86,0.0,2,9572,卖盘
10:46:49,47.86,0.0,13,62218,卖盘
10:46:52,47.86,0.0,9,43068,买盘
10:46:59,47.87,0.01,10,47862,买盘
10:47:02,47.88,0.01,12,57443,买盘
10:47:07,47.86,-0.02,1,4786,卖盘
10:47:11,47.86,0.0,7,33502,卖盘
10:47:14,47.87,0.01,49,234563,买盘
10:47:16,47.87,0.0,38,181906,买盘
10:47:23,47.88,0.01,20,95753,买盘
10:47:28,47.99,0.11,3,14379,买盘
10:47:32,47.88,-0.11,6,28732,卖盘
10:47:34,47.88,0.0,5,23942,卖盘
10:47:38,47.89,0.01,36,172370,买盘
10:47:41,47.87,-0.02,16,76603,卖盘
10:47:43,47.87,0.0,4,19149,卖盘
10:47:46,47.88,0.01,6,28727,买盘
10:47:53,47.89,0.01,10,47874,买盘
10:47:56,47.88,-0.01,5,23944,卖盘
10:48:05,47.88,0.0,49,234607,卖盘
10:48:08,47.88,0.0,5,23940,买盘
10:48:10,47.86,-0.02,40,191513,卖盘
10:48:23,47.87,0.01,14,67022,卖盘
10:48:26,47.9,0.03,2,9580,买盘
10:48:29,47.9,0.0,1,4790,买盘
10:48:32,47.99,0.09,14,67065,买盘
10:48:35,47.87,-0.12,52,248933,卖盘
10:48:38,47.86,-0.01,5,23930,卖盘
10:48:41,47.87,0.01,23,110096,买盘
10:48:44,47.87,0.0,25,119675,买盘
10:48:46,47.88,0.01,7,33514,买盘
10:48:49,47.87,-0.01,2,9575,卖盘
10:48:53,47.87,0.0,7,33509,卖盘
10:49:02,47.99,0.12,7,33535,买盘
10:49:04,47.87,-0.12,26,124475,卖盘
10:49:07,47.87,0.0,22,105314,买盘
10:49:11,47.86,-0.01,45,215498,卖盘
10:49:14,47.96,0.1,2,9583,买盘
10:49:23,47.87,-0.09,5,23939,卖盘
10:49:32,47.87,0.0,6,28725,卖盘
10:49:35,47.87,0.0,4,19149,卖盘
10:49:41,47.88,0.01,21,100548,买盘
10:49:43,47.87,-0.01,5,23935,卖盘
10:49:50,47.87,0.0,10,47878,卖盘
10:49:53,47.87,0.0,11,52658,卖盘
10:49:56,47.88,0.01,39,186732,买盘
10:50:02,47.87,-0.01,5,23935,卖盘
10:50:05,47.96,0.09,64,306688,买盘
10:50:08,47.96,0.0,2,9585,买盘
10:50:14,47.88,-0.08,6,28728,卖盘
10:50:17,47.95,0.07,2,9590,买盘
10:50:23,47.9,-0.05,5,23950,卖盘
10:50:32,47.89,-0.01,7,33530,卖盘
10:50:35,47.89,0.0,9,43097,卖盘
10:50:44,47.88,-0.01,5,23941,卖盘
10:50:47,47.95,0.07,2,9590,买盘
10:50:52,47.89,-0.06,12,57482,卖盘
10:51:02,47.89,0.0,7,33534,卖盘
10:51:11,47.96,0.07,10,47960,买盘
10:51:14,47.95,-0.01,9,43121,卖盘
10:51:17,47.95,0.0,1,4795,买盘
10:51:19,47.95,0.0,2,9590,买盘
10:51:23,47.96,0.01,8,38363,买盘
10:51:28,47.95,-0.01,2,9590,卖盘
10:51:32,47.94,-0.01,6,28768,卖盘
10:51:35,47.96,0.02,9,43158,买盘
10:51:44,47.95,-0.01,5,23979,卖盘
10:51:50,47.95,0.0,1,4795,卖盘
10:51:52,47.94,-0.01,9,43149,卖盘
10:51:56,47.96,0.02,35,167826,买盘
10:52:01,47.94,-0.02,10,47961,卖盘
10:52:05,47.96,0.02,6,28776,中性盘
10:52:14,47.96,0.0,8,38362,买盘
10:52:17,47.95,-0.01,1,4795,卖盘
10:52:20,47.95,0.0,1,4795,卖盘
10:52:23,47.95,0.0,7,33565,卖盘
10:52:25,47.94,-0.01,57,273336,卖盘
10:52:31,47.95,0.01,6,28765,买盘
10:52:35,47.94,-0.01,10,47940,卖盘
10:52:37,47.93,-0.01,2,9586,卖盘
10:52:43,47.93,0.0,6,28758,卖盘
10:52:47,47.93,0.0,19,91067,卖盘
10:52:52,47.94,0.01,57,273251,买盘
10:52:55,48.23,0.29,62,297421,买盘
10:53:02,47.94,-0.29,6,28764,卖盘
10:53:05,47.94,0.0,89,426663,卖盘
10:53:08,47.94,0.0,134,642396,卖盘
10:53:11,47.95,0.01,8,38367,买盘
10:53:14,47.95,0.0,5,23975,卖盘
10:53:22,47.95,0.0,7,33590,卖盘
10:53:29,48.17,0.22,7,33601,买盘
10:53:32,47.97,-0.2,5,23985,卖盘
10:53:35,47.99,0.02,9,43180,中性盘
10:53:44,47.98,-0.01,7,33586,卖盘
10:53:47,48.14,0.16,2,9628,买盘
10:53:53,47.97,-0.17,6,28783,卖盘
10:53:59,47.99,0.02,1,4799,卖盘
10:54:02,47.99,0.0,6,28794,卖盘
10:54:13,47.99,0.0,6,28794,卖盘
10:54:19,47.99,0.0,4,19199,卖盘
10:54:23,47.98,-0.01,7,33592,卖盘
10:54:28,47.98,0.0,1,4798,卖盘
10:54:32,47.99,0.01,6,28795,中性盘
10:54:35,48.01,0.02,8,38404,买盘
10:54:44,48.11,0.1,7,33604,买盘
10:54:53,47.98,-0.13,8,38384,卖盘
10:55:01,47.98,0.0,6,28794,卖盘
10:55:08,47.98,0.0,3,14394,卖盘
10:55:11,47.98,0.0,5,23990,卖盘
10:55:14,47.98,0.0,11,52798,卖盘
10:55:17,48.0,0.02,6,28810,买盘
10:55:23,47.98,-0.02,6,28790,卖盘
10:55:32,48.08,0.1,1,4808,中性盘
10:55:35,47.99,-0.09,5,23996,卖盘
10:55:38,48.09,0.1,6,28831,买盘
10:55:45,47.97,-0.12,7,33581,卖盘
10:55:52,47.99,0.02,6,28794,卖盘
10:56:00,48.09,0.1,1,4809,买盘
10:56:05,47.97,-0.12,6,28792,卖盘
10:56:08,47.97,0.0,2,9596,卖盘
10:56:11,47.97,0.0,6,28790,卖盘
10:56:14,47.97,0.0,5,23985,卖盘
10:56:17,47.99,0.02,4,19196,买盘
10:56:23,47.97,-0.02,6,28782,卖盘
10:56:31,48.03,0.06,1,4803,卖盘
10:56:35,48.1,0.07,33,158672,买盘
10:56:38,48.1,0.0,2,9620,卖盘
10:56:41,48.09,-0.01,1,4809,中性盘
10:56:43,48.09,0.0,20,96180,卖盘
10:56:46,48.09,0.0,4,19236,卖盘
10:56:50,48.09,0.0,1,4809,卖盘
10:56:52,48.1,0.01,8,38468,买盘
10:56:56,48.08,-0.02,8,38472,卖盘
10:57:02,48.1,0.02,2,9620,买盘
10:57:05,48.08,-0.02,6,28850,卖盘
10:57:08,48.08,0.0,3,14424,卖盘
10:57:11,48.08,0.0,1,4808,卖盘
10:57:13,48.11,0.03,17,81766,买盘
10:57:16,48.11,0.0,1,4811,买盘
10:57:23,48.11,0.0,6,28866,卖盘
10:57:35,48.13,0.02,17,81804,买盘
10:57:38,48.13,0.0,6,28878,买盘
10:57:44,48.11,-0.02,6,28870,卖盘
10:57:47,48.15,0.04,2,9630,买盘
10:57:52,48.11,-0.04,6,28866,卖盘
10:58:05,48.09,-0.02,6,28864,卖盘
10:58:07,48.09,0.0,3,14427,卖盘
10:58:14,48.09,0.0,5,24045,卖盘
10:58:23,48.1,0.01,6,28863,卖盘
10:58:32,48.1,0.0,2,9624,卖盘
10:58:35,48.14,0.04,14,67397,买盘
10:58:37,48.14,0.0,5,24070,买盘
10:58:41,48.1,-0.04,7,33680,卖盘
10:58:45,48.12,0.02,16,76978,买盘
10:58:47,48.14,0.02,1,4814,买盘
10:58:51,48.12,-0.02,7,33686,卖盘
10:58:53,48.12,0.0,4,19248,卖盘
10:59:00,48.12,0.0,3,14436,买盘
10:59:05,48.1,-0.02,6,28864,卖盘
10:59:08,48.1,0.0,3,14434,卖盘
10:59:15,48.1,0.0,5,24050,卖盘
10:59:23,48.1,0.0,6,28861,卖盘
10:59:26,48.1,0.0,1,4810,卖盘
10:59:32,48.1,0.0,2,9620,卖盘
10:59:35,48.1,0.0,7,33670,卖盘
10:59:42,48.1,0.0,6,28861,卖盘
10:59:45,48.09,-0.01,11,52899,卖盘
10:59:47,48.1,0.01,3,14430,买盘
10:59:51,48.1,0.0,3,14430,卖盘
10:59:53,48.1,0.0,5,24050,卖盘
11:00:00,48.1,0.0,5,24050,卖盘
11:00:05,48.09,-0.01,5,24045,卖盘
11:00:07,48.08,-0.01,23,110584,卖盘
11:00:12,48.08,0.0,3,14424,卖盘
11:00:15,48.02,-0.06,3,14406,卖盘
11:00:16,48.0,-0.02,8,38411,卖盘
11:00:20,48.03,0.03,11,52818,买盘
11:00:23,47.98,-0.05,7,33597,卖盘
11:00:26,47.99,0.01,1,4799,中性盘
11:00:30,48.0,0.01,1,4800,买盘
11:00:31,47.97,-0.03,18,86363,卖盘
11:00:35,47.97,0.0,5,23985,卖盘
11:00:37,47.97,0.0,6,28787,卖盘
11:00:42,47.97,0.0,3,14391,卖盘
11:00:45,48.0,0.03,23,110388,买盘
11:00:50,47.98,-0.02,1,4798,卖盘
11:00:53,47.98,0.0,5,23990,卖盘
11:01:00,47.98,0.0,5,24002,卖盘
11:01:02,47.98,0.0,1,4798,卖盘
11:01:05,47.97,-0.01,7,33583,卖盘
11:01:08,47.97,0.0,1,4797,卖盘
11:01:11,47.97,0.0,11,52841,卖盘
11:01:15,47.97,0.0,5,23985,卖盘
11:01:22,47.97,0.0,6,28791,卖盘
11:01:30,48.09,0.12,1,4809,买盘
11:01:35,48.01,-0.08,5,24005,中性盘
11:01:38,48.0,-0.01,1,4800,卖盘
11:01:43,47.98,-0.02,5,23994,卖盘
11:01:47,47.98,0.0,1,4798,买盘
11:01:53,48.0,0.02,3,14410,卖盘
11:01:57,48.02,0.02,10,48020,卖盘
11:02:00,48.02,0.0,5,24010,卖盘
11:02:05,47.98,-0.04,7,33586,卖盘
11:02:08,48.1,0.12,1,4810,买盘
11:02:15,47.98,-0.12,11,52840,卖盘
11:02:16,47.98,0.0,1,4798,卖盘
11:02:23,48.1,0.12,4,19240,买盘
11:02:26,47.98,-0.12,6,28789,卖盘
11:02:30,47.98,0.0,1,4798,卖盘
11:02:32,47.98,0.0,5,24038,卖盘
11:02:35,47.98,0.0,6,28790,卖盘
11:02:38,48.1,0.12,10,48100,买盘
11:02:41,47.98,-0.12,3,14394,卖盘
11:02:43,47.98,0.0,5,23990,卖盘
11:02:47,48.1,0.12,10,48099,买盘
11:02:53,48.1,0.0,2,9620,买盘
11:02:56,47.98,-0.12,11,52772,卖盘
11:03:00,48.1,0.12,1,4810,买盘
11:03:05,48.1,0.0,5,24050,卖盘
11:03:07,48.1,0.0,1,4810,卖盘
11:03:12,48.11,0.01,7,33677,买盘
11:03:15,47.98,-0.13,52,249946,卖盘
11:03:21,47.98,0.0,4,19192,买盘
11:03:23,47.98,0.0,21,100798,卖盘
11:03:26,47.98,0.0,5,23990,卖盘
11:03:31,47.95,-0.03,200,959347,卖盘
11:03:36,47.95,0.0,2,9590,买盘
11:03:38,47.94,-0.01,2,9588,卖盘
11:03:42,47.95,0.01,11,52745,买盘
11:03:45,47.94,-0.01,6,28765,卖盘
11:03:47,47.94,0.0,15,71910,卖盘
11:03:53,47.92,-0.02,34,162945,卖盘
11:03:57,47.93,0.01,24,115013,买盘
11:04:00,47.95,0.02,6,28755,买盘
11:04:02,47.95,0.0,1,4795,买盘
11:04:05,47.97,0.02,15,71945,买盘
11:04:08,47.97,0.0,2,9592,买盘
11:04:12,47.95,-0.02,12,57533,卖盘
11:04:15,47.95,0.0,10,47944,买盘
11:04:23,48.0,0.05,2,9600,买盘
11:04:27,48.0,0.0,16,76767,买盘
11:04:28,47.99,-0.01,3,14398,中性盘
11:04:35,47.95,-0.04,6,28772,卖盘
11:04:37,47.99,0.04,9,43191,买盘
11:04:45,47.97,-0.02,8,38382,卖盘
11:04:47,48.0,0.03,12,57600,买盘
11:04:51,48.0,0.0,27,129600,买盘
11:04:52,47.97,-0.03,5,23985,卖盘
11:04:55,47.97,0.0,12,57564,卖盘
11:05:00,48.0,0.03,10,48000,买盘
11:05:01,48.0,0.0,1,4800,买盘
11:05:06,47.97,-0.03,5,23985,卖盘
11:05:07,47.97,0.0,2,9594,卖盘
11:05:11,48.0,0.03,10,48000,买盘
11:05:14,47.96,-0.04,9,43170,卖盘
11:05:20,48.0,0.04,10,48000,买盘
11:05:27,47.96,-0.04,6,28776,卖盘
11:05:32,47.95,-0.01,34,163106,卖盘
11:05:36,47.95,0.0,6,28770,卖盘
11:05:38,47.95,0.0,22,105546,卖盘
11:05:40,47.93,-0.02,5,23969,卖盘
11:05:45,47.93,0.0,15,71967,卖盘
11:05:53,47.97,0.04,7,33579,买盘
11:05:57,48.0,0.03,17,81554,买盘
11:06:00,47.97,-0.03,2,9594,卖盘
11:06:02,48.19,0.22,109,523313,买盘
11:06:06,48.02,-0.17,5,24010,卖盘
11:06:08,48.0,-0.02,16,76818,卖盘
11:06:11,48.0,0.0,3,14400,卖盘
11:06:13,48.0,0.0,24,115200,卖盘
11:06:17,48.18,0.18,17,81798,买盘
11:06:23,48.18,0.0,2,9636,买盘
11:06:26,48.18,0.0,13,62544,买盘
11:06:28,48.18,0.0,3,14454,卖盘
11:06:36,48.0,-0.18,6,28800,卖盘
11:06:38,48.16,0.16,9,43344,买盘
11:06:45,48.01,-0.15,5,24005,卖盘
11:06:51,48.02,0.01,12,57767,卖盘
11:06:56,48.15,0.13,7,33622,中性盘
11:07:00,48.15,0.0,10,48150,中性盘
11:07:06,48.01,-0.14,9,43211,卖盘
11:07:12,48.15,0.14,14,67410,买盘
11:07:15,48.0,-0.15,6,28805,卖盘
11:07:17,48.0,0.0,1,4800,卖盘
11:07:21,48.0,0.0,1,4800,卖盘
11:07:23,48.14,0.14,10,48140,买盘
11:07:27,48.0,-0.14,5,24006,卖盘
11:07:30,48.0,0.0,2,9614,卖盘
11:07:32,48.15,0.15,12,57780,买盘
11:07:36,48.0,-0.15,6,28810,卖盘
11:07:42,48.01,0.01,3,14403,卖盘
11:07:45,48.14,0.13,10,48140,买盘
11:07:47,48.14,0.0,6,28819,中性盘
11:07:51,48.01,-0.13,4,19204,卖盘
11:07:53,48.01,0.0,2,9602,买盘
11:07:57,48.03,0.02,6,28818,卖盘
11:08:01,48.03,0.0,6,28873,卖盘
11:08:05,48.03,0.0,16,76969,卖盘
11:08:12,48.03,0.0,4,19212,卖盘
11:08:17,48.13,0.1,15,72129,买盘
11:08:23,48.13,0.0,2,9626,买盘
11:08:25,48.02,-0.11,7,33615,卖盘
11:08:30,48.13,0.11,15,72195,买盘
11:08:35,48.03,-0.1,10,48024,卖盘
11:08:38,48.05,0.02,1,4805,中性盘
11:08:41,48.08,0.03,11,52888,中性盘
11:08:47,48.05,-0.03,10,48050,卖盘
11:08:51,48.03,-0.02,10,48075,卖盘
11:08:53,48.05,0.02,2,9608,中性盘
11:08:57,48.03,-0.02,6,28818,卖盘
11:09:02,48.08,0.05,8,38464,买盘
11:09:06,48.03,-0.05,6,28838,卖盘
11:09:09,48.03,0.0,12,57661,卖盘
11:09:11,48.02,-0.01,2,9605,卖盘
11:09:15,48.08,0.06,20,96092,买盘
11:09:17,48.07,-0.01,10,48045,买盘
11:09:21,48.04,-0.03,1,4804,卖盘
11:09:23,48.08,0.04,7,33650,买盘
11:09:27,48.07,-0.01,5,24035,卖盘
11:09:35,48.08,0.01,38,182704,买盘
11:09:42,48.08,0.0,3,14424,卖盘
11:09:45,48.1,0.02,2,9620,买盘
11:09:47,48.1,0.0,10,48100,买盘
11:09:50,48.1,0.0,1,4810,卖盘
11:09:53,48.1,0.0,5,24050,买盘
11:09:56,48.1,0.0,14,67334,买盘
11:10:00,48.1,0.0,2,9620,买盘
11:10:01,48.1,0.0,5,24050,买盘
11:10:05,48.08,-0.02,5,24040,卖盘
11:10:09,48.12,0.04,11,52930,买盘
11:10:10,48.08,-0.04,17,81736,卖盘
11:10:15,48.08,0.0,9,43280,卖盘
11:10:18,48.06,-0.02,46,221076,卖盘
11:10:20,48.05,-0.01,30,144161,卖盘
11:10:23,48.04,-0.01,4,19216,卖盘
11:10:26,48.04,0.0,6,28833,买盘
11:10:30,48.04,0.0,8,38432,买盘
11:10:36,48.04,0.0,4,19216,卖盘
11:10:37,48.08,0.04,15,72060,买盘
11:10:48,48.04,-0.04,5,24020,卖盘
11:10:51,48.04,0.0,3,14412,卖盘
11:10:53,48.0,-0.04,29,139314,卖盘
11:10:57,48.01,0.01,3,14401,中性盘
11:11:00,48.01,0.0,5,24005,买盘
11:11:06,48.01,0.0,4,19204,卖盘
11:11:15,48.08,0.07,9,43272,买盘
11:11:25,48.08,0.0,11,52888,买盘
11:11:35,48.07,-0.01,3,14421,买盘
11:11:39,48.07,0.0,7,33649,卖盘
11:11:45,48.02,-0.05,1,4802,卖盘
11:11:46,48.02,0.0,15,72085,买盘
11:11:50,48.02,0.0,3,14406,买盘
11:11:52,48.02,0.0,5,24010,卖盘
11:12:00,48.07,0.05,9,43263,买盘
11:12:02,48.0,-0.07,32,153645,卖盘
11:12:09,48.12,0.12,11,52932,买盘
11:12:13,48.06,-0.06,3,14418,卖盘
11:12:20,48.12,0.06,11,52932,买盘
11:12:28,48.12,0.0,9,43308,买盘
11:12:31,48.06,-0.06,1,4806,卖盘
11:12:42,48.11,0.05,12,57727,买盘
11:12:45,48.08,-0.03,3,14427,卖盘
11:12:50,48.08,0.0,2,9616,卖盘
11:12:53,48.11,0.03,9,43299,买盘
11:13:02,48.11,0.0,11,52913,买盘
11:13:07,48.08,-0.03,1,4808,卖盘
11:13:13,48.11,0.03,13,62534,买盘
11:13:23,48.09,-0.02,1,4809,卖盘
11:13:26,48.08,-0.01,18,86582,卖盘
11:13:35,48.09,0.01,3,14426,买盘
11:13:37,48.09,0.0,5,24045,卖盘
11:13:41,48.09,0.0,5,24045,卖盘
11:13:47,48.09,0.0,14,67318,买盘
11:13:50,48.09,0.0,7,33663,卖盘
11:13:52,48.09,0.0,1,4809,中性盘
11:13:56,48.08,-0.01,5,24044,卖盘
11:13:58,48.09,0.01,11,52909,中性盘
11:14:05,48.08,-0.01,1,4808,卖盘
11:14:09,48.09,0.01,16,76938,买盘
11:14:15,48.08,-0.01,1,4808,卖盘
11:14:17,48.08,0.0,9,43275,卖盘
11:14:20,48.09,0.01,12,57707,买盘
11:14:25,48.07,-0.02,11,52891,卖盘
11:14:30,48.07,0.0,9,43268,卖盘
11:14:31,48.09,0.02,10,48090,买盘
11:14:38,48.07,-0.02,5,24035,卖盘
11:14:43,48.07,0.0,12,57704,卖盘
11:14:47,48.08,0.01,8,38464,卖盘
11:14:53,48.09,0.01,10,48090,买盘
11:15:00,48.07,-0.02,5,24039,卖盘
11:15:05,48.08,0.01,10,48080,买盘
11:15:09,48.07,-0.01,6,28842,卖盘
11:15:13,48.07,0.0,20,96140,卖盘
11:15:17,48.07,0.0,16,76923,卖盘
11:15:21,48.07,0.0,1,4807,卖盘
11:15:26,48.08,0.01,11,52888,买盘
11:15:30,48.07,-0.01,10,48070,卖盘
11:15:32,48.07,0.0,3,14421,卖盘
11:15:36,48.07,0.0,1,4807,卖盘
11:15:37,48.08,0.01,24,115381,买盘
11:15:43,48.06,-0.02,13,62490,卖盘
11:15:46,48.06,0.0,6,28836,卖盘
11:15:50,48.05,-0.01,30,144190,卖盘
11:15:57,48.05,0.0,1,4805,卖盘
11:15:58,48.06,0.01,24,115327,买盘
11:16:01,48.06,0.0,2,9612,卖盘
11:16:09,48.05,-0.01,6,28831,卖盘
11:16:11,48.08,0.03,11,52878,买盘
11:16:15,48.05,-0.03,7,33635,卖盘
11:16:16,48.03,-0.02,5,24015,卖盘
11:16:20,48.08,0.05,2,9616,买盘
11:16:23,48.03,-0.05,18,86519,卖盘
11:16:25,48.03,0.0,2,9611,卖盘
11:16:30,48.03,0.0,6,28814,卖盘
11:16:31,48.08,0.05,19,91277,买盘
11:16:37,48.03,-0.05,7,33620,中性盘
11:16:45,48.08,0.05,9,43272,买盘
11:16:47,48.03,-0.05,5,24015,卖盘
11:16:57,48.08,0.05,11,52888,买盘
11:17:00,48.02,-0.06,6,28816,卖盘
11:17:05,48.08,0.06,11,52885,买盘
11:17:09,48.0,-0.08,75,360008,卖盘
11:17:16,48.0,0.0,17,81677,卖盘
11:17:30,48.07,0.07,31,148983,买盘
11:17:31,48.0,-0.07,1,4800,卖盘
11:17:39,48.08,0.08,16,76880,买盘
11:17:45,48.08,0.0,3,14424,买盘
11:17:46,48.0,-0.08,5,24000,卖盘
11:17:50,48.08,0.08,10,48080,买盘
11:17:53,48.01,-0.07,1,4801,卖盘
11:18:00,48.01,0.0,6,28806,卖盘
11:18:01,48.08,0.07,10,48080,买盘
11:18:09,48.0,-0.08,5,24003,卖盘
11:18:11,48.08,0.08,11,52888,买盘
11:18:15,48.07,-0.01,2,9614,买盘
11:18:16,47.99,-0.08,93,446390,卖盘
11:18:24,48.01,0.02,5,24005,买盘
11:18:30,48.0,-0.01,5,24004,卖盘
11:18:35,48.03,0.03,20,96135,卖盘
11:18:37,47.99,-0.04,7,33593,卖盘
11:18:42,47.99,0.0,10,47992,卖盘
11:18:43,48.08,0.09,10,48080,买盘
11:18:46,48.0,-0.08,15,72008,卖盘
11:18:50,47.93,-0.07,81,388500,卖盘
11:18:56,48.0,0.07,3,14386,中性盘
11:19:00,48.0,0.0,9,43200,卖盘
11:19:06,47.99,-0.01,1,4799,卖盘
11:19:09,47.93,-0.06,12,57586,卖盘
11:19:16,47.93,0.0,12,57615,卖盘
11:19:20,47.93,0.0,14,67102,卖盘
11:19:23,47.93,0.0,47,225271,买盘
11:19:27,47.93,0.0,57,273754,买盘
11:19:28,47.93,0.0,24,115031,卖盘
11:19:32,47.93,0.0,32,153376,卖盘
11:19:39,47.92,-0.01,6,28752,卖盘
11:19:41,48.1,0.18,11,52910,买盘
11:19:47,47.94,-0.16,7,33558,卖盘
11:19:50,48.08,0.14,10,48079,中性盘
11:19:53,47.93,-0.15,85,407408,卖盘
11:19:57,47.94,0.01,2,9590,卖盘
11:19:58,48.08,0.14,13,62418,中性盘
11:20:02,48.11,0.03,11,52900,买盘
11:20:09,47.93,-0.18,5,23965,卖盘
11:20:15,48.08,0.15,16,76853,买盘
11:20:17,47.93,-0.15,6,28758,卖盘
11:20:23,48.08,0.15,91,436314,买盘
11:20:27,47.93,-0.15,1,4793,卖盘
11:20:30,47.95,0.02,5,23975,卖盘
11:20:35,48.07,0.12,14,67298,买盘
11:20:39,48.07,0.0,23,110491,卖盘
11:20:47,48.05,-0.02,12,57682,卖盘
11:20:53,47.93,-0.12,80,383909,卖盘
11:20:58,48.07,0.14,10,48056,买盘
11:21:02,47.93,-0.14,1,4793,卖盘
11:21:07,47.94,0.01,12,57627,卖盘
11:21:11,47.94,0.0,5,24022,卖盘
11:21:21,48.07,0.13,9,43185,买盘
11:21:23,48.07,0.0,6,28846,卖盘
11:21:27,48.07,0.0,2,9614,卖盘
11:21:30,47.93,-0.14,85,407489,卖盘
11:21:32,48.08,0.15,11,52888,买盘
11:21:39,48.0,-0.08,6,28800,卖盘
11:21:42,48.07,0.07,5,24035,买盘
11:21:43,48.07,0.0,6,28842,卖盘
11:21:46,48.08,0.01,22,105772,买盘
11:21:50,48.0,-0.08,6,28800,卖盘
11:21:52,48.08,0.08,11,52888,买盘
11:21:57,48.08,0.0,83,398242,买盘
11:21:58,47.95,-0.13,6,28770,中性盘
11:22:06,47.96,0.01,14,67276,中性盘
11:22:09,47.96,0.0,6,28776,卖盘
11:22:11,47.98,0.02,1,4798,卖盘
11:22:13,48.08,0.1,15,72120,买盘
11:22:21,48.09,0.01,7,33595,买盘
11:22:22,48.09,0.0,1,4809,买盘
11:22:27,47.94,-0.15,85,407770,卖盘
11:22:30,47.95,0.01,15,72074,中性盘
11:22:31,47.98,0.03,1,4798,卖盘
11:22:39,47.95,-0.03,15,72051,卖盘
11:22:41,48.09,0.14,6,28854,买盘
11:22:47,48.1,0.01,11,52910,买盘
11:22:50,48.09,-0.01,7,33578,中性盘
11:22:56,47.93,-0.16,80,383466,卖盘
11:23:00,48.08,0.15,9,43272,买盘
11:23:05,47.96,-0.12,1,4796,卖盘
11:23:07,47.93,-0.03,5,23974,卖盘
11:23:12,47.96,0.03,12,57695,卖盘
11:23:17,47.93,-0.03,1,4793,卖盘
11:23:20,48.1,0.17,16,76858,买盘
11:23:22,47.95,-0.15,1,4795,中性盘
11:23:28,47.93,-0.02,87,417068,卖盘
11:23:31,48.09,0.16,10,48090,买盘
11:23:37,47.93,-0.16,6,28762,卖盘
11:23:45,47.94,0.01,12,57693,中性盘
11:23:50,47.94,0.0,5,23970,卖盘
11:23:54,47.96,0.02,12,57684,中性盘
11:23:58,47.93,-0.03,86,412226,卖盘
11:24:02,47.94,0.01,3,14382,卖盘
11:24:05,47.96,0.02,10,48059,中性盘
11:24:09,47.95,-0.01,8,38361,卖盘
11:24:13,48.07,0.12,2,9614,买盘
11:24:16,48.07,0.0,12,57684,买盘
11:24:20,47.95,-0.12,6,28770,卖盘
11:24:27,48.07,0.12,15,72105,买盘
11:24:28,47.93,-0.14,86,412236,卖盘
11:24:31,48.08,0.15,3,14395,买盘
11:24:35,47.95,-0.13,1,4795,中性盘
11:24:39,48.07,0.12,26,125001,买盘
11:24:41,47.92,-0.15,5,23996,卖盘
11:24:43,48.08,0.16,5,24040,买盘
11:24:47,48.08,0.0,10,48080,买盘
11:24:50,48.06,-0.02,5,24030,卖盘
11:24:53,48.08,0.02,6,28849,卖盘
11:24:55,48.08,0.0,1,4808,卖盘
11:24:58,48.09,0.01,34,163441,买盘
11:25:01,47.93,-0.16,46,220646,卖盘
11:25:05,47.98,0.05,36,172553,买盘
11:25:07,47.97,-0.01,11,52767,卖盘
11:25:11,47.93,-0.04,31,148717,卖盘
11:25:16,47.98,0.05,1,4798,买盘
11:25:20,47.98,0.0,12,58941,买盘
11:25:23,48.08,0.1,2,9616,买盘
11:25:29,47.94,-0.14,5,23989,卖盘
11:25:32,47.93,-0.01,39,185540,卖盘
11:25:36,47.93,0.0,10,47930,买盘
11:25:39,47.92,-0.01,9,43131,卖盘
11:25:42,47.93,0.01,8,38343,买盘
11:25:43,47.92,-0.01,20,95854,卖盘
11:25:50,47.91,-0.01,5,23959,卖盘
11:25:53,47.93,0.02,8,39734,买盘
11:26:00,47.94,0.01,11,52729,买盘
11:26:01,47.93,-0.01,1,3403,买盘
11:26:06,47.93,0.0,10,47930,买盘
11:26:09,47.91,-0.02,20,95836,卖盘
11:26:12,47.93,0.02,24,115032,买盘
11:26:15,47.91,-0.02,6,28746,卖盘
11:26:16,47.93,0.02,41,196513,买盘
11:26:20,47.94,0.01,28,135579,买盘
11:26:26,47.98,0.04,12,56150,买盘
11:26:30,47.92,-0.06,19,91048,卖盘
11:26:32,47.91,-0.01,16,76681,卖盘
11:26:39,47.91,0.0,16,76682,卖盘
11:26:42,47.93,0.02,1,4793,买盘
11:26:45,47.92,-0.01,5,23960,卖盘
11:26:51,47.92,0.0,20,95850,卖盘
11:26:58,47.93,0.01,15,71889,买盘
11:27:05,47.92,-0.01,1,4792,卖盘
11:27:10,47.93,0.01,17,81467,买盘
11:27:17,47.92,-0.01,2,9584,买盘
11:27:20,47.91,-0.01,33,158103,卖盘
11:27:22,47.9,-0.01,17,81449,卖盘
11:27:26,47.93,0.03,6,28756,买盘
11:27:28,47.91,-0.02,6,28746,中性盘
11:27:32,47.93,0.02,11,52723,买盘
11:27:35,47.91,-0.02,5,23955,卖盘
11:27:40,47.9,-0.01,5,23950,卖盘
11:27:45,47.93,0.03,11,52723,买盘
11:27:50,47.9,-0.03,6,28742,卖盘
11:27:53,47.9,0.0,40,191600,卖盘
11:27:57,47.93,0.03,11,52723,买盘
11:28:00,47.9,-0.03,6,28740,卖盘
11:28:09,47.93,0.03,13,62309,买盘
11:28:12,47.91,-0.02,6,28746,卖盘
11:28:17,47.93,0.02,11,52719,买盘
11:28:20,47.93,0.0,21,100599,买盘
11:28:27,47.91,-0.02,1,4791,卖盘
11:28:30,47.9,-0.01,39,186846,卖盘
11:28:41,47.93,0.03,15,71880,买盘
11:28:51,47.93,0.0,18,86251,买盘
11:28:53,47.9,-0.03,1,4790,中性盘
11:29:00,47.89,-0.01,6,28738,卖盘
11:29:02,47.91,0.02,1,4791,买盘
11:29:09,47.91,0.0,6,30135,卖盘
11:29:12,47.89,-0.02,16,76633,卖盘
11:29:14,47.93,0.04,15,71895,买盘
11:29:21,47.89,-0.04,5,23948,卖盘
11:29:22,47.93,0.04,43,205965,买盘
11:29:27,47.9,-0.03,1,4790,卖盘
11:29:30,47.89,-0.01,12,57470,卖盘
11:29:36,47.89,0.0,20,95824,卖盘
11:29:40,47.89,0.0,11,52679,卖盘
11:29:47,47.93,0.04,11,52723,买盘
11:29:50,47.89,-0.04,6,28734,卖盘
11:29:56,47.93,0.04,12,57516,买盘
11:30:00,47.89,-0.04,5,23945,卖盘
11:30:02,47.89,0.0,5,23945,卖盘
13:00:02,47.93,0.04,164,785472,买盘
13:00:05,47.93,0.0,13,62306,买盘
13:00:09,47.93,0.0,50,239632,买盘
13:00:12,47.9,-0.03,35,167692,卖盘
13:00:14,47.9,0.0,21,100614,卖盘
13:00:21,47.9,0.0,16,76670,卖盘
13:00:24,47.93,0.03,98,469714,买盘
13:00:27,47.93,0.0,27,129411,买盘
13:00:30,47.93,0.0,21,100635,买盘
13:00:33,47.93,0.0,31,148578,买盘
13:00:36,47.93,0.0,16,76688,买盘
13:00:38,47.93,0.0,7,33550,买盘
13:00:42,47.93,0.0,17,81466,买盘
13:00:44,47.93,0.0,5,23965,买盘
13:00:48,47.9,-0.03,14,67072,卖盘
13:00:51,47.93,0.03,7,33531,买盘
13:00:54,47.9,-0.03,12,57513,卖盘
13:00:59,47.91,0.01,9,43127,卖盘
13:01:02,47.93,0.02,12,57514,买盘
13:01:06,47.93,0.0,2,9586,买盘
13:01:08,47.91,-0.02,4,19164,卖盘
13:01:12,47.9,-0.01,16,76643,卖盘
13:01:15,47.93,0.03,7,33533,买盘
13:01:21,47.9,-0.03,13,62280,卖盘
13:01:26,47.91,0.01,11,52721,卖盘
13:01:29,47.91,0.0,6,28746,卖盘
13:01:36,47.93,0.02,10,47930,买盘
13:01:39,47.91,-0.02,16,76658,卖盘
13:01:42,47.91,0.0,5,23955,卖盘
13:01:45,47.91,0.0,6,28755,卖盘
13:01:48,47.92,0.01,3,14376,买盘
13:01:51,47.91,-0.01,37,177280,卖盘
13:01:57,47.92,0.01,12,57504,买盘
13:02:00,47.91,-0.01,31,148547,卖盘
13:02:02,47.92,0.01,4,19168,买盘
13:02:06,47.91,-0.01,13,62283,卖盘
13:02:09,47.92,0.01,15,71872,买盘
13:02:12,47.92,0.0,22,105385,买盘
13:02:17,47.91,-0.01,4,19162,中性盘
13:02:21,47.9,-0.01,15,71871,卖盘
13:02:23,47.92,0.02,2,9584,买盘
13:02:27,47.92,0.0,3,14376,买盘
13:02:30,47.92,0.0,3,14376,买盘
13:02:33,47.92,0.0,11,52712,买盘
13:02:42,47.93,0.01,15,71890,买盘
13:02:48,47.92,-0.01,2,9584,卖盘
13:02:54,47.93,0.01,23,110216,买盘
13:02:59,47.91,-0.02,6,28748,卖盘
13:03:03,47.92,0.01,10,47912,中性盘
13:03:06,47.92,0.0,13,62305,买盘
13:03:12,47.91,-0.01,6,28746,卖盘
13:03:15,47.93,0.02,7,33551,买盘
13:03:18,47.93,0.0,62,297166,买盘
13:03:24,47.91,-0.02,8,38328,卖盘
13:03:26,47.93,0.02,11,52723,买盘
13:03:30,47.93,0.0,5,23965,买盘
13:03:32,47.91,-0.02,7,33537,卖盘
13:03:39,47.93,0.02,15,71895,买盘
13:03:42,47.9,-0.03,14,67071,卖盘
13:03:51,47.91,0.01,12,57514,卖盘
13:03:54,47.91,0.0,9,43119,卖盘
13:03:59,47.92,0.01,11,52703,买盘
13:04:03,47.9,-0.02,7,33533,卖盘
13:04:11,47.91,0.01,16,76674,卖盘
13:04:18,47.93,0.02,1,4793,买盘
13:04:24,47.93,0.0,26,124612,买盘
13:04:30,47.93,0.0,2,9586,买盘
13:04:33,47.93,0.0,41,196487,买盘
13:04:39,47.91,-0.02,7,33540,卖盘
13:04:41,47.92,0.01,20,95844,中性盘
13:04:45,47.93,0.01,10,47930,买盘
13:04:51,47.91,-0.02,28,134153,卖盘
13:04:54,47.9,-0.01,34,162888,卖盘
13:04:56,47.93,0.03,11,52720,买盘
13:04:59,47.93,0.0,2,9583,买盘
13:05:02,47.92,-0.01,6,28742,中性盘
13:05:06,47.93,0.01,11,52722,买盘
13:05:09,47.9,-0.03,1,4790,卖盘
13:05:12,47.92,0.02,19,91038,卖盘
13:05:17,47.92,0.0,2,9584,买盘
13:05:21,47.92,0.0,8,38336,卖盘
13:05:23,47.9,-0.02,1,4790,卖盘
13:05:27,47.92,0.02,1,4792,中性盘
13:05:30,47.93,0.01,12,57515,买盘
13:05:32,47.92,-0.01,10,47920,卖盘
13:05:36,47.92,0.0,1,4792,买盘
13:05:39,47.92,0.0,10,47920,买盘
13:05:41,47.9,-0.02,6,28742,卖盘
13:05:48,47.92,0.02,20,95840,买盘
13:05:51,47.9,-0.02,16,76662,卖盘
13:05:57,47.92,0.02,5,23960,买盘
13:05:59,47.92,0.0,1,4792,买盘
13:06:03,47.9,-0.02,16,76661,卖盘
13:06:06,47.91,0.01,1,4791,买盘
13:06:08,47.91,0.0,27,129357,买盘
13:06:11,47.91,0.0,17,81442,买盘
13:06:15,47.9,-0.01,11,52690,卖盘
13:06:24,47.91,0.01,17,81440,买盘
13:06:27,47.9,-0.01,1,4790,卖盘
13:06:32,47.9,0.0,5,23950,卖盘
13:06:36,47.91,0.01,16,76656,买盘
13:06:42,47.9,-0.01,6,28740,卖盘
13:06:45,47.91,0.01,17,81447,买盘
13:06:48,47.91,0.0,4,19162,买盘
13:06:50,47.9,-0.01,1,4790,卖盘
13:06:53,47.91,0.01,6,28741,买盘
13:06:57,47.91,0.0,10,47910,买盘
13:07:00,47.91,0.0,1,4791,买盘
13:07:03,47.9,-0.01,6,28740,卖盘
13:07:09,47.91,0.01,11,52701,买盘
13:07:12,47.9,-0.01,17,81440,卖盘
13:07:18,47.91,0.01,17,81445,买盘
13:07:24,47.91,0.0,10,47904,买盘
13:07:29,47.91,0.0,51,244341,买盘
13:07:33,47.9,-0.01,6,28741,卖盘
13:07:36,47.9,0.0,15,71860,卖盘
13:07:41,47.9,0.0,16,76660,卖盘
13:07:44,47.9,0.0,6,28740,卖盘
13:07:51,47.92,0.02,11,52712,买盘
13:07:54,47.92,0.0,8,38322,买盘
13:07:57,47.9,-0.02,11,52690,卖盘
13:08:00,47.92,0.02,1,4792,买盘
13:08:03,47.92,0.0,18,86244,买盘
13:08:05,47.9,-0.02,5,23950,卖盘
13:08:15,47.9,0.0,16,76662,卖盘
13:08:24,47.92,0.02,17,81450,买盘
13:08:33,47.91,-0.01,15,71860,买盘
13:08:36,47.91,0.0,1,4791,卖盘
13:08:41,47.91,0.0,14,67074,卖盘
13:08:44,47.92,0.01,3,14376,买盘
13:08:48,47.92,0.0,14,67088,买盘
13:08:50,47.92,0.0,10,47920,买盘
13:08:53,47.92,0.0,6,28747,买盘
13:08:57,47.92,0.0,10,47920,买盘
13:08:59,47.92,0.0,5,23960,买盘
13:09:02,47.91,-0.01,20,95831,卖盘
13:09:05,47.92,0.01,6,28752,买盘
13:09:09,47.92,0.0,24,115008,买盘
13:09:12,47.91,-0.01,5,23955,卖盘
13:09:17,47.92,0.01,1,4792,买盘
13:09:21,47.92,0.0,41,196472,买盘
13:09:24,47.92,0.0,46,220442,卖盘
13:09:27,47.93,0.01,11,52718,买盘
13:09:29,47.92,-0.01,7,33544,中性盘
13:09:33,47.92,0.0,15,71890,卖盘
13:09:36,47.92,0.0,50,239600,卖盘
13:09:42,47.91,-0.01,55,263542,卖盘
13:09:45,47.92,0.01,54,258715,中性盘
13:09:48,47.92,0.0,2,9584,中性盘
13:09:51,47.92,0.0,6,28752,卖盘
13:09:54,47.93,0.01,15,71888,买盘
13:10:03,47.91,-0.02,7,33542,卖盘
13:10:05,47.93,0.02,126,603917,买盘
13:10:08,47.93,0.0,47,225271,买盘
13:10:12,47.93,0.0,488,2338984,买盘
13:10:14,48.0,0.07,458,2195227,买盘
13:10:17,48.0,0.0,282,1352784,买盘
13:10:20,48.0,0.0,27,129600,买盘
13:10:23,48.0,0.0,51,244790,买盘
13:10:26,48.0,0.0,40,192000,买盘
13:10:30,48.0,0.0,5,24000,买盘
13:10:32,47.95,-0.05,5,23976,卖盘
13:10:38,47.99,0.04,13,62396,买盘
13:10:42,48.0,0.01,6,28799,买盘
13:10:45,47.95,-0.05,6,28770,卖盘
13:10:48,48.0,0.05,10,48000,买盘
13:10:51,48.0,0.0,39,187200,买盘
13:10:54,47.95,-0.05,505,2420496,卖盘
13:10:57,48.0,0.05,6,28800,买盘
13:11:00,47.99,-0.01,60,287990,中性盘
13:11:03,47.99,0.0,65,311911,买盘
13:11:06,47.99,0.0,38,182354,买盘
13:11:09,47.99,0.0,60,287780,买盘
13:11:12,47.95,-0.04,1,4795,卖盘
13:11:15,47.97,0.02,4,19182,买盘
13:11:21,47.95,-0.02,44,210981,卖盘
13:11:23,47.94,-0.01,1,4794,卖盘
13:11:27,47.94,0.0,7,33564,卖盘
13:11:32,47.95,0.01,14,67130,买盘
13:11:42,47.95,0.0,13,62333,买盘
13:11:45,47.95,0.0,2,9590,买盘
13:11:48,47.94,-0.01,9,43151,卖盘
13:11:51,47.95,0.01,2,9589,买盘
13:11:54,47.95,0.0,13,62335,买盘
13:11:56,47.94,-0.01,3,14382,卖盘
13:12:00,47.94,0.0,2,9588,买盘
13:12:03,47.93,-0.01,1,4793,卖盘
13:12:06,47.94,0.01,14,67116,买盘
13:12:12,47.94,0.0,1,4794,买盘
13:12:14,47.94,0.0,10,47940,买盘
13:12:20,47.94,0.0,7,33558,买盘
13:12:26,47.93,-0.01,1,4793,卖盘
13:12:32,47.94,0.01,7,33558,买盘
13:12:38,47.94,0.0,10,47940,买盘
13:12:45,47.94,0.0,5,23970,买盘
13:12:48,47.94,0.0,13,62322,买盘
13:12:50,47.93,-0.01,12,57526,卖盘
13:12:54,47.94,0.01,1,4794,卖盘
13:12:56,47.94,0.0,8,38357,卖盘
13:12:59,47.95,0.01,10,47949,买盘
13:13:03,47.95,0.0,1,4795,买盘
13:13:09,47.95,0.0,10,47950,买盘
13:13:12,47.95,0.0,10,47950,买盘
13:13:15,47.95,0.0,17,81525,卖盘
13:13:18,47.95,0.0,22,105490,买盘
13:13:20,47.95,0.0,2,9594,中性盘
13:13:23,47.95,0.0,27,129465,卖盘
13:13:33,47.94,-0.01,7,33558,卖盘
13:13:35,47.94,0.0,1,4794,卖盘
13:13:39,47.95,0.01,8,38360,买盘
13:13:45,47.95,0.0,19,91096,买盘
13:13:54,47.95,0.0,27,129455,买盘
13:13:57,47.95,0.0,13,62335,买盘
13:13:59,47.95,0.0,18,86308,买盘
13:14:03,47.93,-0.02,6,28758,卖盘
13:14:06,47.95,0.02,10,47950,买盘
13:14:09,47.91,-0.04,285,1365385,卖盘
13:14:12,47.9,-0.01,4,19160,卖盘
13:14:15,47.9,0.0,2,9582,买盘
13:14:20,47.92,0.02,10,47910,买盘
13:14:24,47.93,0.01,5,23965,卖盘
13:14:27,47.94,0.01,10,47940,买盘
13:14:32,47.9,-0.04,6,28742,卖盘
13:14:39,47.94,0.04,12,57526,买盘
13:14:44,47.9,-0.04,5,23954,卖盘
13:14:51,47.94,0.04,8,38352,买盘
13:14:54,47.91,-0.03,6,28761,卖盘
13:14:57,47.95,0.04,1,4795,买盘
13:15:00,47.95,0.0,12,57539,买盘
13:15:02,47.95,0.0,220,1054878,买盘
13:15:06,47.94,-0.01,8,38328,中性盘
13:15:09,47.97,0.03,5,23985,买盘
13:15:12,48.0,0.03,13,62399,买盘
13:15:15,48.0,0.0,19,91183,买盘
13:15:18,48.0,0.0,25,119993,买盘
13:15:21,48.0,0.0,26,124799,买盘
13:15:24,48.0,0.0,6,28800,卖盘
13:15:30,48.04,0.04,2,9608,买盘
13:15:33,48.05,0.01,1,4805,卖盘
13:15:36,48.04,-0.01,16,76852,买盘
13:15:38,48.04,0.0,1,4804,买盘
13:15:45,48.04,0.0,8,38412,买盘
13:15:51,48.07,0.03,2,9614,买盘
13:15:54,48.07,0.0,12,57666,买盘
13:15:56,48.07,0.0,7,33649,买盘
13:16:02,48.08,0.01,5,24040,买盘
13:16:05,48.1,0.02,14,67318,买盘
13:16:11,48.1,0.0,15,72151,卖盘
13:16:15,48.07,-0.03,7,33652,卖盘
13:16:17,48.08,0.01,12,57707,中性盘
13:16:21,48.07,-0.01,3,14421,卖盘
13:16:24,48.09,0.02,14,67328,买盘
13:16:27,48.09,0.0,4,19237,卖盘
13:16:30,48.1,0.01,16,76956,买盘
13:16:33,48.11,0.01,2,9621,买盘
13:16:35,48.1,-0.01,8,38480,卖盘
13:16:42,48.04,-0.06,42,201927,卖盘
13:16:45,48.04,0.0,3,14412,买盘
13:16:47,48.04,0.0,8,38426,买盘
13:16:53,48.04,0.0,18,86462,买盘
13:16:57,48.03,-0.01,1,4803,买盘
13:17:03,48.0,-0.03,3,14401,卖盘
13:17:06,48.02,0.02,8,38403,买盘
13:17:09,48.02,0.0,1,4802,买盘
13:17:12,48.04,0.02,5,24016,买盘
13:17:14,48.02,-0.02,5,24010,中性盘
13:17:17,48.04,0.02,1,4804,买盘
13:17:24,48.03,-0.01,8,38424,买盘
13:17:27,48.03,0.0,5,24018,卖盘
13:17:30,48.03,0.0,1,4803,买盘
13:17:33,48.04,0.01,2,9607,买盘
13:17:36,48.03,-0.01,17,81646,中性盘
13:17:38,48.05,0.02,1,4805,买盘
13:17:45,48.03,-0.02,6,28818,卖盘
13:17:47,48.03,0.0,20,96080,卖盘
13:17:50,48.05,0.02,3,14413,买盘
13:17:53,48.02,-0.03,6,28813,卖盘
13:17:56,48.05,0.03,17,81685,买盘
13:18:03,48.06,0.01,1,4806,买盘
13:18:06,48.02,-0.04,6,28812,卖盘
13:18:09,48.05,0.03,18,86487,买盘
13:18:12,48.05,0.0,1,4805,买盘
13:18:18,48.05,0.0,6,28815,买盘
13:18:20,48.02,-0.03,1,4802,卖盘
13:18:23,48.01,-0.01,7,33614,卖盘
13:18:27,48.01,0.0,2,9602,买盘
13:18:30,48.04,0.03,7,33628,买盘
13:18:33,48.04,0.0,3,14412,卖盘
13:18:36,48.01,-0.03,7,33602,买盘
13:18:39,48.01,0.0,2,9602,买盘
13:18:41,48.01,0.0,18,86429,买盘
13:18:44,48.0,-0.01,6,28801,卖盘
13:18:47,48.07,0.07,2,9608,买盘
13:18:50,48.07,0.0,18,86526,买盘
13:18:54,48.0,-0.07,15,72070,卖盘
13:18:57,48.0,0.0,11,52842,卖盘
13:19:02,48.07,0.07,12,57684,买盘
13:19:05,48.0,-0.07,29,139291,卖盘
13:19:09,48.07,0.07,1,4807,买盘
13:19:12,48.07,0.0,6,28842,买盘
13:19:15,48.0,-0.07,31,148986,卖盘
13:19:18,48.07,0.07,3,14421,买盘
13:19:23,48.0,-0.07,7,33603,卖盘
13:19:26,48.0,0.0,12,57677,卖盘
13:19:30,48.07,0.07,3,14421,买盘
13:19:36,48.06,-0.01,19,91288,买盘
13:19:38,48.07,0.01,34,163436,买盘
13:19:41,48.07,0.0,43,206698,买盘
13:19:44,48.0,-0.07,6,28800,卖盘
13:19:48,48.07,0.07,12,57675,买盘
13:19:51,48.07,0.0,1,4807,买盘
13:19:54,48.0,-0.07,10,48036,卖盘
13:20:00,48.07,0.07,10,48070,买盘
13:20:02,48.12,0.05,6,28862,买盘
13:20:06,48.15,0.03,12,57718,买盘
13:20:09,48.15,0.0,2,9630,卖盘
13:20:12,48.15,0.0,2,9630,卖盘
13:20:15,48.17,0.02,30,144473,买盘
13:20:18,48.17,0.0,15,72255,买盘
13:20:21,48.18,0.01,9,43354,买盘
13:20:24,48.15,-0.03,24,115596,卖盘
13:20:27,48.14,-0.01,33,158926,卖盘
13:20:29,48.15,0.01,7,33708,中性盘
13:20:33,48.14,-0.01,13,62596,卖盘
13:20:36,48.07,-0.07,4,19245,卖盘
13:20:38,48.16,0.09,9,43308,买盘
13:20:41,48.19,0.03,12,57818,买盘
13:20:45,48.08,-0.11,6,28855,卖盘
13:20:48,48.17,0.09,1,4817,买盘
13:20:51,48.17,0.0,5,24079,中性盘
13:20:54,48.18,0.01,18,86732,买盘
13:20:57,48.18,0.0,1,4818,买盘
13:21:06,48.07,-0.11,15,72219,卖盘
13:21:08,48.19,0.12,18,86742,买盘
13:21:11,48.18,-0.01,11,53007,卖盘
13:21:14,48.2,0.02,20,96332,买盘
13:21:18,48.2,0.0,6,28920,买盘
13:21:21,48.21,0.01,23,110883,买盘
13:21:24,48.19,-0.02,13,62658,卖盘
13:21:26,48.19,0.0,18,86728,买盘
13:21:30,48.2,0.01,1,4820,买盘
13:21:35,48.08,-0.12,15,72241,卖盘
13:21:45,48.19,0.11,8,38552,卖盘
13:21:48,48.19,0.0,11,53018,卖盘
13:21:51,48.19,0.0,1,4819,卖盘
13:21:54,48.1,-0.09,1,4810,卖盘
13:21:56,48.1,0.0,5,24053,卖盘
13:22:00,48.2,0.1,38,183158,买盘
13:22:03,48.21,0.01,43,207299,买盘
13:22:05,48.22,0.01,9,43398,买盘
13:22:09,48.27,0.05,13,62699,买盘
13:22:12,48.22,-0.05,12,57912,中性盘
13:22:15,48.25,0.03,8,38582,买盘
13:22:18,48.21,-0.04,3,14464,卖盘
13:22:21,48.21,0.0,2,9642,卖盘
13:22:23,48.25,0.04,10,48250,买盘
13:22:27,48.21,-0.04,6,28936,卖盘
13:22:33,48.25,0.04,12,57870,买盘
13:22:36,48.25,0.0,5,24125,卖盘
13:22:45,48.21,-0.04,16,77208,卖盘
13:22:51,48.21,0.0,1,4821,卖盘
13:22:54,48.21,0.0,10,48210,卖盘
13:22:57,48.22,0.01,17,82010,中性盘
13:23:06,48.22,0.0,13,62674,买盘
13:23:10,48.17,-0.05,6,28917,卖盘
13:23:12,48.17,0.0,1,4817,卖盘
13:23:14,48.11,-0.06,5,24055,卖盘
13:23:17,48.22,0.11,15,72308,买盘
13:23:21,48.22,0.0,51,246157,买盘
13:23:27,48.25,0.03,11,52995,买盘
13:23:30,48.21,-0.04,6,28942,卖盘
13:23:33,48.21,0.0,10,48210,买盘
13:23:36,48.16,-0.05,12,57799,中性盘
13:23:39,48.19,0.03,8,38525,中性盘
13:23:45,48.27,0.08,9,43391,买盘
13:23:51,48.27,0.0,9,43429,买盘
13:23:53,48.22,-0.05,1,4822,买盘
13:23:56,48.2,-0.02,11,53497,买盘
13:24:00,48.28,0.08,20,96491,中性盘
13:24:03,48.2,-0.08,1,4820,卖盘
13:24:07,48.2,0.0,6,28920,卖盘
13:24:12,48.28,0.08,9,43452,买盘
13:24:15,48.22,-0.06,5,24110,卖盘
13:24:21,48.28,0.06,3,14484,买盘
13:24:24,48.28,0.0,11,53101,中性盘
13:24:27,48.2,-0.08,6,28920,卖盘
13:24:30,48.29,0.09,4,19316,买盘
13:24:35,48.14,-0.15,18,86835,卖盘
13:24:41,48.29,0.15,3,14487,中性盘
13:24:45,48.29,0.0,17,82104,卖盘
13:24:48,48.3,0.01,3,14488,买盘
13:24:52,48.3,0.0,21,101427,买盘
13:24:55,48.29,-0.01,3,14489,卖盘
13:24:56,48.3,0.01,19,91765,买盘
13:25:04,48.3,0.0,13,62790,买盘
13:25:06,48.29,-0.01,10,48296,卖盘
13:25:09,48.3,0.01,2,9660,中性盘
13:25:15,48.3,0.0,6,28980,卖盘
13:25:18,48.31,0.01,3,14493,买盘
13:25:23,48.31,0.0,3,14495,卖盘
13:25:27,48.31,0.0,7,33817,卖盘
13:25:29,48.32,0.01,4,19328,买盘
13:25:36,48.32,0.0,6,28992,卖盘
13:25:40,48.34,0.02,10,48340,买盘
13:25:45,48.32,-0.02,8,38657,卖盘
13:25:48,48.34,0.02,5,24170,买盘
13:25:51,48.34,0.0,14,67676,买盘
13:25:56,48.3,-0.04,6,28990,卖盘
13:26:00,48.33,0.03,1,4833,卖盘
13:26:03,48.33,0.0,19,91837,卖盘
13:26:07,48.3,-0.03,5,24150,卖盘
13:26:09,48.32,0.02,3,14496,卖盘
13:26:12,48.33,0.01,13,62826,买盘
13:26:15,48.3,-0.03,6,28986,卖盘
13:26:24,48.33,0.03,2,9666,买盘
13:26:27,48.33,0.0,8,38664,卖盘
13:26:30,48.28,-0.05,205,989947,卖盘
13:26:33,48.26,-0.02,12,57307,买盘
13:26:36,48.26,0.0,11,53086,买盘
13:26:45,48.09,-0.17,270,1298475,卖盘
13:26:48,48.09,0.0,47,225986,买盘
13:26:53,48.08,-0.01,3,14420,买盘
13:26:57,48.02,-0.06,10,48052,卖盘
13:27:06,48.06,0.04,5,24030,卖盘
13:27:10,48.08,0.02,9,43272,买盘
13:27:11,48.08,0.0,18,86546,卖盘
13:27:15,48.06,-0.02,278,1336895,卖盘
13:27:18,48.1,0.04,4,19255,中性盘
13:27:22,48.25,0.15,25,120257,买盘
13:27:24,48.09,-0.16,19,91373,卖盘
13:27:27,48.09,0.0,14,67326,买盘
13:27:30,48.09,0.0,35,168315,买盘
13:27:33,48.26,0.17,1,4826,买盘
13:27:35,48.25,-0.01,7,33680,中性盘
13:27:39,48.09,-0.16,1,4809,卖盘
13:27:42,48.26,0.17,16,77132,买盘
13:27:48,48.28,0.02,10,48195,买盘
13:27:50,48.28,0.0,10,48280,买盘
13:27:54,48.28,0.0,53,255784,买盘
13:27:56,48.27,-0.01,7,33697,中性盘
13:28:00,48.27,0.0,1,4827,买盘
13:28:03,48.27,0.0,11,53097,中性盘
13:28:06,48.12,-0.15,6,28878,卖盘
13:28:09,48.12,0.0,7,33684,卖盘
13:28:12,48.27,0.15,12,57759,买盘
13:28:18,48.13,-0.14,7,33725,卖盘
13:28:21,48.12,-0.01,27,129925,卖盘
13:28:25,48.12,0.0,5,24060,卖盘
13:28:27,48.26,0.14,11,53086,买盘
13:28:31,48.26,0.0,1,4826,买盘
13:28:36,48.11,-0.15,60,288714,卖盘
13:28:40,48.12,0.01,7,33683,买盘
13:28:41,48.2,0.08,28,134824,买盘
13:28:45,48.11,-0.09,15,72309,卖盘
13:28:48,48.2,0.09,6,26851,中性盘
13:28:52,48.2,0.0,6,28920,卖盘
13:28:55,48.2,0.0,9,45414,卖盘
13:28:57,48.19,-0.01,9,43329,中性盘
13:29:01,48.2,0.01,11,50996,买盘
13:29:03,48.24,0.04,1,4824,中性盘
13:29:06,48.19,-0.05,8,40578,卖盘
13:29:10,48.2,0.01,9,43380,买盘
13:29:18,48.19,-0.01,9,43371,卖盘
13:29:20,48.2,0.01,11,53020,买盘
13:29:26,48.18,-0.02,24,115651,卖盘
13:29:31,48.18,0.0,2,9637,卖盘
13:29:34,48.19,0.01,5,24095,买盘
13:29:37,48.18,-0.01,17,81912,卖盘
13:29:39,48.12,-0.06,7,33684,卖盘
13:29:42,48.18,0.06,13,62634,买盘
13:29:49,48.18,0.0,74,356532,买盘
13:29:52,48.19,0.01,1,4819,买盘
13:29:54,48.19,0.0,18,86742,买盘
13:29:57,48.12,-0.07,41,197502,卖盘
13:30:01,48.12,0.0,22,105919,卖盘
13:30:07,48.15,0.03,5,24075,买盘
13:30:10,48.12,-0.03,73,351356,卖盘
13:30:12,48.15,0.03,5,24069,中性盘
13:30:15,48.18,0.03,12,57803,买盘
13:30:18,48.1,-0.08,191,918782,卖盘
13:30:20,48.1,0.0,9,43294,卖盘
13:30:24,48.1,0.0,1,4810,卖盘
13:30:26,48.1,0.0,16,76982,卖盘
13:30:31,48.12,0.02,5,24060,买盘
13:30:35,48.11,-0.01,2,9623,卖盘
13:30:39,48.1,-0.01,21,101027,卖盘
13:30:48,48.1,0.0,42,202032,卖盘
13:30:54,48.09,-0.01,39,187565,卖盘
13:30:57,48.09,0.0,6,28854,卖盘
13:31:01,48.1,0.01,10,48100,中性盘
13:31:03,48.1,0.0,6,28855,买盘
13:31:07,48.09,-0.01,10,48091,卖盘
13:31:09,48.09,0.0,104,500138,卖盘
13:31:12,48.09,0.0,22,105809,卖盘
13:31:18,48.09,0.0,6,28854,卖盘
13:31:21,48.11,0.02,29,139481,买盘
13:31:27,48.09,-0.02,5,24045,卖盘
13:31:30,48.09,0.0,3,14429,卖盘
13:31:33,48.11,0.02,19,91377,买盘
13:31:37,48.09,-0.02,9,43285,卖盘
13:31:38,48.08,-0.01,53,254829,卖盘
13:31:42,48.09,0.01,28,134630,买盘
13:31:44,48.09,0.0,22,105797,买盘
13:31:48,48.09,0.0,5,24045,卖盘
13:31:53,48.09,0.0,26,125034,卖盘
13:31:57,48.09,0.0,15,72119,中性盘
13:32:00,48.09,0.0,4,19236,买盘
13:32:04,48.09,0.0,5,24045,卖盘
13:32:05,48.1,0.01,9,43288,买盘
13:32:10,48.09,-0.01,16,76947,卖盘
13:32:12,48.08,-0.01,16,76935,卖盘
13:32:16,48.09,0.01,8,38471,买盘
13:32:18,48.09,0.0,41,197153,买盘
13:32:21,48.09,0.0,9,43281,中性盘
13:32:24,48.09,0.0,35,168315,卖盘
13:32:27,48.18,0.09,15,72213,买盘
13:32:39,48.09,-0.09,23,110597,卖盘
13:32:42,48.09,0.0,8,38471,买盘
13:32:46,48.09,0.0,7,33663,买盘
13:32:48,48.09,0.0,30,144259,买盘
13:32:51,48.09,0.0,19,91371,买盘
13:32:54,48.09,0.0,4,19236,买盘
13:32:56,48.09,0.0,13,62511,买盘
13:32:59,48.1,0.01,95,456928,买盘
13:33:03,48.09,-0.01,7,33664,中性盘
13:33:06,48.09,0.0,25,120215,买盘
13:33:09,48.06,-0.03,19,91330,卖盘
13:33:12,48.06,0.0,27,129787,卖盘
13:33:14,48.07,0.01,13,62491,买盘
13:33:18,48.07,0.0,13,62485,买盘
13:33:22,48.07,0.0,7,33649,买盘
13:33:24,48.08,0.01,184,884659,买盘
13:33:27,48.08,0.0,28,134630,卖盘
13:33:30,48.08,0.0,3,14424,买盘
13:33:33,48.12,0.04,4,19245,买盘
13:33:36,48.12,0.0,3,14433,买盘
13:33:39,48.09,-0.03,14,65300,中性盘
13:33:46,48.09,0.0,15,72135,买盘
13:33:48,48.08,-0.01,5,24040,卖盘
13:33:51,48.08,0.0,1,4808,卖盘
13:33:54,48.09,0.01,2,9618,买盘
13:33:57,48.09,0.0,7,33663,中性盘
13:34:03,48.09,0.0,1,4809,卖盘
13:34:07,48.07,-0.02,92,444345,卖盘
13:34:14,48.06,-0.01,5,24030,卖盘
13:34:17,48.0,-0.06,112,536844,卖盘
13:34:24,48.08,0.08,4,19232,买盘
13:34:27,48.08,0.0,8,38408,买盘
13:34:30,48.08,0.0,11,52888,买盘
13:34:40,48.01,-0.07,16,76815,卖盘
13:34:46,48.0,-0.01,28,134422,卖盘
13:34:47,48.01,0.01,50,240044,买盘
13:34:54,48.01,0.0,1,4801,卖盘
13:34:57,48.01,0.0,5,24005,卖盘
13:35:03,48.0,-0.01,80,384070,卖盘
13:35:06,48.06,0.06,5,24025,买盘
13:35:09,48.0,-0.06,15,72039,卖盘
13:35:12,48.01,0.01,18,86418,买盘
13:35:15,48.0,-0.01,2,9600,卖盘
13:35:17,48.01,0.01,14,67207,买盘
13:35:21,48.01,0.0,5,24005,买盘
13:35:24,48.01,0.0,12,57612,买盘
13:35:27,48.01,0.0,3,14403,买盘
13:35:29,48.01,0.0,10,48003,买盘
13:35:37,48.01,0.0,11,52811,买盘
13:35:39,48.0,-0.01,68,327403,卖盘
13:35:42,47.99,-0.01,13,62397,卖盘
13:35:45,48.0,0.01,12,57600,卖盘
13:35:48,47.99,-0.01,7,33593,卖盘
13:35:50,48.0,0.01,1,4800,买盘
13:35:57,48.0,0.0,23,110361,买盘
13:36:03,47.96,-0.04,31,148663,卖盘
13:36:06,47.96,0.0,4,19184,买盘
13:36:08,47.96,0.0,9,43305,卖盘
13:36:18,47.96,0.0,23,110140,卖盘
13:36:20,47.93,-0.03,1,4793,卖盘
13:36:27,47.92,-0.01,6,28755,卖盘
13:36:30,47.95,0.03,3,14385,买盘
13:36:33,47.95,0.0,6,28770,卖盘
13:36:35,47.92,-0.03,6,28761,卖盘
13:36:38,47.92,0.0,6,28756,卖盘
13:36:41,47.95,0.03,10,47950,买盘
13:36:48,47.92,-0.03,12,57519,卖盘
13:36:50,47.95,0.03,14,67127,买盘
13:36:54,47.92,-0.03,12,57505,卖盘
13:36:57,47.92,0.0,2,9584,卖盘
13:37:00,47.92,0.0,10,47914,买盘
13:37:03,47.92,0.0,6,28747,中性盘
13:37:08,47.92,0.0,9,43128,卖盘
13:37:14,47.92,0.0,17,81463,买盘
13:37:18,47.95,0.03,99,474519,买盘
13:37:21,47.92,-0.03,21,100860,卖盘
13:37:24,48.0,0.08,11,52800,买盘
13:37:27,47.95,-0.05,4,19180,中性盘
13:37:30,47.95,0.0,7,33540,买盘
13:37:35,47.99,0.04,7,33588,买盘
13:37:39,47.95,-0.04,10,47976,卖盘
13:37:42,47.96,0.01,1,4796,买盘
13:37:45,47.96,0.0,40,191840,买盘
13:37:48,47.95,-0.01,24,115100,卖盘
13:37:51,48.0,0.05,1,4800,买盘
13:37:55,47.88,-0.12,332,1590423,卖盘
13:37:57,48.0,0.12,9,43196,买盘
13:38:00,47.95,-0.05,15,71865,买盘
13:38:03,47.95,0.0,2,9591,卖盘
13:38:07,47.96,0.01,10,47902,买盘
13:38:09,47.94,-0.02,17,81474,中性盘
13:38:11,47.94,0.0,55,263670,买盘
13:38:14,47.93,-0.01,5,23965,卖盘
13:38:17,47.93,0.0,9,43145,卖盘
13:38:21,47.95,0.02,8,38353,买盘
13:38:23,47.94,-0.01,10,47944,卖盘
13:38:26,47.96,0.02,7,33572,买盘
13:38:30,47.96,0.0,18,86310,买盘
13:38:32,47.95,-0.01,6,28770,卖盘
13:38:37,47.94,-0.01,1,4794,中性盘
13:38:39,47.9,-0.04,6,28751,卖盘
13:38:42,47.95,0.05,4,19177,买盘
13:38:44,47.94,-0.01,33,158117,卖盘
13:38:48,47.91,-0.03,6,28755,卖盘
13:38:54,47.88,-0.03,204,974403,卖盘
13:38:57,47.91,0.03,1,4791,中性盘
13:39:00,47.9,-0.01,3,14370,买盘
13:39:03,47.9,0.0,2,9580,买盘
13:39:06,47.94,0.04,245,1173096,买盘
13:39:09,47.89,-0.05,6,28734,卖盘
13:39:12,47.94,0.05,8,38352,买盘
13:39:15,47.94,0.0,2,9588,买盘
13:39:17,47.89,-0.05,25,119777,卖盘
13:39:21,47.9,0.01,5,23950,买盘
13:39:24,47.9,0.0,17,81429,买盘
13:39:27,47.93,0.03,6,28758,买盘
13:39:30,47.94,0.01,17,81480,买盘
13:39:33,47.94,0.0,1,4794,买盘
13:39:39,47.94,0.0,7,33570,卖盘
13:39:42,47.95,0.01,4,19179,中性盘
13:39:44,47.95,0.0,4,19179,买盘
13:39:47,47.94,-0.01,20,95891,卖盘
13:39:53,47.88,-0.06,181,867012,卖盘
13:39:57,47.88,0.0,4,19168,卖盘
13:40:00,47.92,0.04,5,23960,卖盘
13:40:02,47.89,-0.03,14,67091,卖盘
13:40:06,47.89,0.0,2,9578,卖盘
13:40:09,47.95,0.06,20,95866,买盘
13:40:18,47.94,-0.01,5,23971,卖盘
13:40:21,47.98,0.04,12,57576,买盘
13:40:30,47.94,-0.04,6,28766,卖盘
13:40:33,47.98,0.04,7,33586,买盘
13:40:40,47.95,-0.03,6,28782,卖盘
13:40:42,48.0,0.05,10,48000,买盘
13:40:45,48.0,0.0,9,43177,买盘
13:40:48,47.94,-0.06,6,28769,卖盘
13:40:51,47.95,0.01,1,4795,卖盘
13:40:54,47.99,0.04,12,57586,买盘
13:40:57,47.99,0.0,1,4799,买盘
13:41:01,47.98,-0.01,6,28770,中性盘
13:41:07,47.99,0.01,9,43187,买盘
13:41:09,47.98,-0.01,6,28788,卖盘
13:41:15,47.99,0.01,19,91158,买盘
13:41:18,47.98,-0.01,8,38370,卖盘
13:41:21,48.0,0.02,23,110374,买盘
13:41:24,48.0,0.0,1,4800,中性盘
13:41:26,48.1,0.1,10,48100,买盘
13:41:29,47.98,-0.12,5,23990,卖盘
13:41:33,48.1,0.12,1,4810,买盘
13:41:36,48.1,0.0,6,28836,买盘
13:41:38,48.1,0.0,17,81733,买盘
13:41:41,47.9,-0.2,147,704367,卖盘
13:41:45,48.1,0.2,3,14422,买盘
13:41:48,47.98,-0.12,7,33642,卖盘
13:41:51,47.98,0.0,10,48043,卖盘
13:41:54,48.08,0.1,1,4808,买盘
13:41:57,47.88,-0.2,194,929280,卖盘
13:41:59,48.07,0.19,16,76877,买盘
13:42:03,47.9,-0.17,8,38332,中性盘
13:42:06,47.92,0.02,1,4792,买盘
13:42:09,48.07,0.15,1,4807,买盘
13:42:11,47.93,-0.14,15,72021,中性盘
13:42:17,47.93,0.0,14,67102,卖盘
13:42:24,48.06,0.13,39,187149,买盘
13:42:33,48.06,0.0,10,48060,买盘
13:42:36,47.92,-0.14,1,4792,卖盘
13:42:38,48.08,0.16,5,24040,中性盘
13:42:41,47.96,-0.12,1,4796,中性盘
13:42:45,48.08,0.12,11,52885,买盘
13:42:47,47.94,-0.14,12,57528,卖盘
13:42:54,48.07,0.13,1,4807,买盘
13:42:57,48.07,0.0,9,43263,买盘
13:42:59,48.07,0.0,10,48070,买盘
13:43:02,47.93,-0.14,40,191766,卖盘
13:43:05,48.07,0.14,14,67305,买盘
13:43:09,48.06,-0.01,2,9612,卖盘
13:43:11,48.06,0.0,5,24030,卖盘
13:43:18,48.07,0.01,2,9614,买盘
13:43:21,48.07,0.0,5,24035,卖盘
13:43:24,48.07,0.0,10,48070,卖盘
13:43:27,48.06,-0.01,16,76896,卖盘
13:43:29,48.07,0.01,12,57688,买盘
13:43:36,48.07,0.0,3,14422,卖盘
13:43:39,48.08,0.01,15,72106,买盘
13:43:44,48.09,0.01,163,781522,买盘
13:43:50,48.08,-0.01,12,57686,买盘
13:43:54,48.05,-0.03,9,43266,卖盘
13:43:56,48.04,-0.01,3,14414,卖盘
13:43:59,48.04,0.0,8,38451,卖盘
13:44:02,48.08,0.04,3,14424,中性盘
13:44:06,48.09,0.01,9,43275,买盘
13:44:08,48.04,-0.05,5,24024,卖盘
13:44:11,48.09,0.05,5,24045,买盘
13:44:17,48.09,0.0,5,24045,卖盘
13:44:20,47.91,-0.18,92,441379,卖盘
13:44:23,48.09,0.18,9,43281,买盘
13:44:27,48.04,-0.05,5,24025,卖盘
13:44:30,48.04,0.0,5,24020,卖盘
13:44:36,48.13,0.09,28,134584,买盘
13:44:39,48.04,-0.09,6,28824,卖盘
13:44:44,47.94,-0.1,213,1021063,卖盘
13:44:48,47.96,0.02,5,23994,卖盘
13:44:51,48.0,0.04,6,28800,卖盘
13:44:54,47.96,-0.04,10,47961,卖盘
13:44:57,48.09,0.13,10,48090,买盘
13:45:00,47.96,-0.13,6,28776,卖盘
13:45:03,48.07,0.11,1,4807,买盘
13:45:06,48.07,0.0,7,33649,买盘
13:45:09,48.07,0.0,14,67298,卖盘
13:45:11,48.07,0.0,5,24033,买盘
13:45:18,47.97,-0.1,25,120155,卖盘
13:45:21,48.06,0.09,9,43249,中性盘
13:45:24,47.97,-0.09,6,28818,卖盘
13:45:27,47.97,0.0,7,33579,卖盘
13:45:30,47.97,0.0,16,76863,卖盘
13:45:36,47.96,-0.01,6,28781,卖盘
13:45:39,48.05,0.09,16,76834,中性盘
13:45:44,47.96,-0.09,10,47963,卖盘
13:45:51,48.04,0.08,28,134379,买盘
13:45:54,48.04,0.0,3,14412,买盘
13:45:57,48.04,0.0,5,24000,买盘
13:45:59,47.96,-0.08,6,28785,卖盘
13:46:03,47.99,0.03,11,52789,中性盘
13:46:05,47.97,-0.02,6,28784,卖盘
13:46:08,47.96,-0.01,5,23980,卖盘
13:46:15,47.96,0.0,10,47981,买盘
13:46:18,47.95,-0.01,6,28774,卖盘
13:46:20,47.94,-0.01,5,23972,卖盘
13:46:24,47.95,0.01,16,76730,中性盘
13:46:26,47.95,0.0,7,33565,卖盘
13:46:30,47.95,0.0,6,28774,卖盘
13:46:32,47.95,0.0,19,91106,卖盘
13:46:36,47.96,0.01,23,110308,买盘
13:46:39,47.96,0.0,7,33573,卖盘
13:46:42,47.96,0.0,2,9592,卖盘
13:46:44,47.97,0.01,26,124679,买盘
13:46:48,47.94,-0.03,26,124672,卖盘
13:46:50,47.94,0.0,6,28764,卖盘
13:46:54,47.99,0.05,36,172685,买盘
13:46:57,47.99,0.0,24,115176,买盘
13:46:59,47.97,-0.02,6,28782,卖盘
13:47:02,47.97,0.0,10,47970,卖盘
13:47:05,47.94,-0.03,10,47955,卖盘
13:47:09,48.03,0.09,5,24010,买盘
13:47:12,48.03,0.0,7,33621,卖盘
13:47:15,47.94,-0.09,5,23970,卖盘
13:47:18,48.03,0.09,10,48030,买盘
13:47:20,48.02,-0.01,5,24010,卖盘
13:47:24,48.03,0.01,30,143885,买盘
13:47:26,47.94,-0.09,1,4794,卖盘
13:47:30,47.94,0.0,22,105612,卖盘
13:47:36,47.93,-0.01,20,95861,卖盘
13:47:42,48.02,0.09,15,71985,买盘
13:47:45,48.02,0.0,18,86278,买盘
13:47:48,47.92,-0.1,5,23960,卖盘
13:47:51,47.93,0.01,6,28758,卖盘
13:47:53,48.01,0.08,10,48010,中性盘
13:48:00,47.94,-0.07,16,76793,卖盘
13:48:03,48.01,0.07,5,24003,买盘
13:48:05,48.02,0.01,9,43217,买盘
13:48:11,48.01,-0.01,8,38408,卖盘
13:48:15,48.0,-0.01,42,201664,卖盘
13:48:17,48.0,0.0,1,4800,卖盘
13:48:20,47.96,-0.04,7,33594,卖盘
13:48:23,47.99,0.03,1,4799,卖盘
13:48:26,48.01,0.02,10,48008,买盘
13:48:30,47.99,-0.02,9,43191,卖盘
13:48:32,48.01,0.02,26,124815,买盘
13:48:36,48.02,0.01,176,843576,买盘
13:48:38,47.99,-0.03,1,4799,买盘
13:48:45,47.95,-0.04,32,153309,买盘
13:48:47,47.94,-0.01,603,2887118,中性盘
13:48:50,47.89,-0.05,7,33528,中性盘
13:48:53,47.89,0.0,2,9578,卖盘
13:48:57,47.89,0.0,5,23945,卖盘
13:49:00,47.9,0.01,16,76721,中性盘
13:49:02,47.98,0.08,2,9596,买盘
13:49:08,47.98,0.0,7,33578,买盘
13:49:12,47.98,0.0,11,52748,卖盘
13:49:20,47.96,-0.02,16,76710,中性盘
13:49:23,47.98,0.02,16,76755,买盘
13:49:30,47.97,-0.01,10,47951,中性盘
13:49:33,47.96,-0.01,11,52766,卖盘
13:49:35,47.95,-0.01,10,47950,卖盘
13:49:39,47.95,0.0,8,38367,卖盘
13:49:41,47.96,0.01,34,163042,买盘
13:49:45,47.96,0.0,20,95920,卖盘
13:49:48,47.96,0.0,11,52765,卖盘
13:49:51,47.96,0.0,7,33573,卖盘
13:49:54,47.97,0.01,11,52767,买盘
13:49:57,47.97,0.0,13,62361,买盘
13:49:59,47.96,-0.01,5,23980,卖盘
13:50:02,47.97,0.01,8,38371,买盘
13:50:06,47.97,0.0,21,100737,买盘
13:50:08,47.96,-0.01,1,4796,卖盘
13:50:12,47.97,0.01,8,38370,买盘
13:50:15,47.97,0.0,31,148687,买盘
13:50:18,47.96,-0.01,23,110308,卖盘
13:50:21,47.95,-0.01,6,28773,卖盘
13:50:23,47.95,0.0,3,14385,卖盘
13:50:27,47.97,0.02,18,86335,买盘
13:50:29,47.95,-0.02,7,33565,卖盘
13:50:33,47.97,0.02,1,4797,买盘
13:50:38,47.96,-0.01,13,62360,中性盘
13:50:41,47.97,0.01,11,52755,买盘
13:50:45,47.95,-0.02,11,52749,卖盘
13:50:47,47.97,0.02,10,47970,买盘
13:50:51,47.95,-0.02,7,33567,卖盘
13:50:53,47.95,0.0,11,52745,卖盘
13:50:56,47.98,0.03,56,268637,买盘
13:51:00,47.97,-0.01,8,38378,买盘
13:51:03,47.97,0.0,26,124737,卖盘
13:51:05,47.98,0.01,23,110332,买盘
13:51:08,47.99,0.01,1,4799,买盘
13:51:12,47.99,0.0,8,38399,中性盘
13:51:14,48.04,0.05,1,4804,买盘
13:51:18,48.04,0.0,1,4804,中性盘
13:51:20,48.07,0.03,10,48018,买盘
13:51:23,48.07,0.0,6,28842,卖盘
13:51:26,48.07,0.0,1,4807,买盘
13:51:29,48.06,-0.01,20,96120,卖盘
13:51:33,48.07,0.01,10,48070,买盘
13:51:39,48.06,-0.01,11,52871,卖盘
13:51:42,48.06,0.0,7,33637,买盘
13:51:45,48.06,0.0,12,57661,买盘
13:51:47,48.0,-0.06,6,28800,卖盘
13:51:51,47.99,-0.01,6,28799,卖盘
13:51:53,48.05,0.06,11,52855,中性盘
13:51:57,48.05,0.0,5,24019,买盘
13:51:59,47.99,-0.06,5,23995,卖盘
13:52:02,48.05,0.06,3,14415,买盘
13:52:05,48.05,0.0,23,110514,卖盘
13:52:09,48.06,0.01,4,19224,买盘
13:52:12,47.99,-0.07,6,28797,卖盘
13:52:15,48.0,0.01,5,24000,卖盘
13:52:17,48.06,0.06,10,48060,买盘
13:52:21,47.99,-0.07,27,129626,卖盘
13:52:24,48.05,0.06,7,33635,中性盘
13:52:27,48.05,0.0,21,100831,卖盘
13:52:29,47.99,-0.06,11,52804,中性盘
13:52:32,48.06,0.07,21,100926,买盘
13:52:36,48.07,0.01,18,86526,买盘
13:52:39,48.08,0.01,1,4808,买盘
13:52:42,48.08,0.0,6,28843,买盘
13:52:44,48.08,0.0,16,76936,卖盘
13:52:47,48.08,0.0,1,4808,买盘
13:52:51,48.08,0.0,7,33656,卖盘
13:52:53,48.1,0.02,6,28857,买盘
13:53:00,48.09,-0.01,11,52899,买盘
13:53:02,48.08,-0.01,7,33657,卖盘
13:53:05,48.08,0.0,4,19232,卖盘
13:53:09,48.08,0.0,3,14425,卖盘
13:53:11,48.08,0.0,16,76938,卖盘
13:53:15,48.08,0.0,8,38466,卖盘
13:53:21,48.08,0.0,6,28849,卖盘
13:53:24,48.09,0.01,12,57708,买盘
13:53:27,48.08,-0.01,42,201942,卖盘
13:53:30,48.08,0.0,3,14424,卖盘
13:53:33,48.09,0.01,17,81747,买盘
13:53:39,48.09,0.0,2,9618,买盘
13:53:42,48.08,-0.01,5,24040,卖盘
13:53:45,48.09,0.01,11,52899,买盘
13:53:48,48.09,0.0,1,4809,买盘
13:53:50,48.08,-0.01,5,24040,卖盘
13:53:57,48.09,0.01,12,57708,买盘
13:54:00,48.09,0.0,2,9618,买盘
13:54:02,48.08,-0.01,6,28848,卖盘
13:54:06,48.09,0.01,2,9617,买盘
13:54:08,48.09,0.0,10,48090,买盘
13:54:12,48.08,-0.01,5,24040,卖盘
13:54:15,48.09,0.01,25,120201,买盘
13:54:17,48.09,0.0,12,57706,买盘
13:54:21,48.07,-0.02,6,28842,卖盘
13:54:24,48.08,0.01,11,52880,买盘
13:54:29,48.08,0.0,1,4808,买盘
13:54:33,48.08,0.0,14,67317,卖盘
13:54:36,48.08,0.0,2,9616,买盘
13:54:39,48.09,0.01,24,115390,买盘
13:54:42,48.08,-0.01,9,43272,中性盘
13:54:47,48.09,0.01,2,9618,买盘
13:54:51,48.07,-0.02,15,72127,卖盘
13:54:56,48.07,0.0,1,4807,卖盘
13:54:59,48.09,0.02,9,43281,买盘
13:55:03,48.09,0.0,17,81739,买盘
13:55:06,48.09,0.0,9,43281,买盘
13:55:11,48.1,0.01,6,28853,买盘
13:55:15,48.09,-0.01,12,57719,中性盘
13:55:21,48.08,-0.01,6,28848,卖盘
13:55:24,48.08,0.0,14,67324,卖盘
13:55:30,48.09,0.01,1,4809,买盘
13:55:33,48.08,-0.01,6,28846,卖盘
13:55:36,48.08,0.0,16,76939,卖盘
13:55:39,48.09,0.01,5,24045,买盘
13:55:41,48.09,0.0,8,38463,买盘
13:55:45,48.09,0.0,5,24045,买盘
13:55:48,48.1,0.01,1,4810,买盘
13:55:50,48.09,-0.01,9,43284,卖盘
13:55:53,48.09,0.0,4,19237,卖盘
13:55:56,48.1,0.01,14,67340,买盘
13:56:03,48.1,0.0,14,67334,买盘
13:56:06,48.09,-0.01,32,153913,卖盘
13:56:09,48.1,0.01,11,52909,买盘
13:56:12,48.1,0.0,7,33665,买盘
13:56:14,48.09,-0.01,1,4809,卖盘
13:56:18,48.09,0.0,1,4809,卖盘
13:56:21,48.09,0.0,20,96194,卖盘
13:56:24,48.1,0.01,5,24050,买盘
13:56:27,48.09,-0.01,1,4809,卖盘
13:56:30,48.1,0.01,10,48100,买盘
13:56:32,48.09,-0.01,7,33663,卖盘
13:56:36,48.09,0.0,2,9619,卖盘
13:56:39,48.1,0.01,16,76955,买盘
13:56:42,48.11,0.01,9,43292,买盘
13:56:45,48.1,-0.01,25,120250,卖盘
13:56:48,48.09,-0.01,1,4809,卖盘
13:56:51,48.1,0.01,9,43285,买盘
13:56:54,48.1,0.0,1,4810,卖盘
13:56:59,48.11,0.01,12,57731,买盘
13:57:03,48.11,0.0,35,168376,买盘
13:57:05,48.11,0.0,6,28866,买盘
13:57:12,48.11,0.0,7,33666,买盘
13:57:15,48.1,-0.01,14,67340,买盘
13:57:18,48.11,0.01,3,14433,买盘
13:57:21,48.1,-0.01,7,33670,卖盘
13:57:24,48.11,0.01,11,52921,买盘
13:57:32,48.1,-0.01,6,28860,卖盘
13:57:36,48.09,-0.01,76,365514,卖盘
13:57:39,48.1,0.01,11,52918,中性盘
13:57:42,48.11,0.01,17,81770,买盘
13:57:45,48.09,-0.02,92,442428,卖盘
13:57:48,48.09,0.0,38,182772,买盘
13:57:51,48.07,-0.02,10,48087,卖盘
13:57:53,48.1,0.03,4,19237,中性盘
13:57:56,48.1,0.0,9,43290,买盘
13:58:02,48.1,0.0,10,48082,买盘
13:58:05,48.1,0.0,8,38477,买盘
13:58:09,48.1,0.0,12,57715,买盘
13:58:12,48.1,0.0,13,62515,买盘
13:58:14,48.09,-0.01,3,14427,买盘
13:58:17,48.07,-0.02,10,48080,卖盘
13:58:20,48.06,-0.01,16,76926,卖盘
13:58:24,48.15,0.09,65,312732,买盘
13:58:26,48.06,-0.09,1,4806,卖盘
13:58:30,48.15,0.09,11,52964,买盘
13:58:33,48.09,-0.06,10,48075,中性盘
13:58:36,48.09,0.0,15,72135,买盘
13:58:38,48.15,0.06,8,38490,买盘
13:58:42,48.13,-0.02,15,72214,中性盘
13:58:45,48.15,0.02,33,158831,买盘
13:58:48,48.12,-0.03,2,9625,中性盘
13:58:51,48.1,-0.02,19,91449,卖盘
13:58:56,48.13,0.03,19,91447,卖盘
13:59:00,48.13,0.0,3,14436,买盘
13:59:02,48.1,-0.03,13,62560,卖盘
13:59:09,48.14,0.04,3,14442,卖盘
13:59:11,48.13,-0.01,5,24066,卖盘
13:59:14,48.13,0.0,36,173291,卖盘
13:59:18,48.12,-0.01,5,24060,卖盘
13:59:21,48.1,-0.02,8,38482,卖盘
13:59:23,48.11,0.01,7,33679,中性盘
13:59:26,48.13,0.02,8,38500,买盘
13:59:33,48.12,-0.01,6,28872,卖盘
13:59:36,48.14,0.02,11,52954,买盘
13:59:39,48.13,-0.01,3,14439,卖盘
13:59:41,48.11,-0.02,12,57738,卖盘
13:59:44,48.1,-0.01,3,14431,卖盘
13:59:48,48.11,0.01,4,19244,买盘
13:59:50,48.12,0.01,5,24060,中性盘
13:59:53,48.12,0.0,2,9624,卖盘
13:59:57,48.12,0.0,1,4812,卖盘
14:00:00,48.13,0.01,4,19252,买盘
14:00:02,48.14,0.01,26,125158,买盘
14:00:05,48.14,0.0,20,96268,买盘
14:00:08,48.12,-0.02,12,57769,卖盘
14:00:12,48.14,0.02,14,67405,中性盘
14:00:15,48.15,0.01,25,120315,买盘
14:00:21,48.15,0.0,11,52965,买盘
14:00:23,48.12,-0.03,6,28873,卖盘
14:00:33,48.12,0.0,14,67397,卖盘
14:00:39,48.13,0.01,1,4813,卖盘
14:00:41,48.12,-0.01,6,28872,卖盘
14:00:45,48.13,0.01,14,67403,中性盘
14:00:51,48.15,0.02,27,130001,买盘
14:00:54,48.12,-0.03,5,24060,卖盘
14:00:59,48.13,0.01,11,52945,卖盘
14:01:02,48.13,0.0,7,33691,卖盘
14:01:06,48.15,0.02,11,52965,买盘
14:01:12,48.13,-0.02,6,28878,卖盘
14:01:15,48.13,0.0,4,19252,卖盘
14:01:18,48.14,0.01,2,9628,买盘
14:01:23,48.14,0.0,6,28884,卖盘
14:01:27,48.15,0.01,10,48150,买盘
14:01:29,48.14,-0.01,2,9628,卖盘
14:01:33,48.14,0.0,5,24070,卖盘
14:01:38,48.15,0.01,10,48150,买盘
14:01:42,48.14,-0.01,7,33698,卖盘
14:01:45,48.14,0.0,6,28889,卖盘
14:01:48,48.15,0.01,39,187785,买盘
14:01:50,48.15,0.0,36,173337,买盘
14:01:54,48.15,0.0,14,67399,买盘
14:01:56,48.13,-0.02,2,9628,卖盘
14:01:59,48.17,0.04,12,57803,买盘
14:02:03,48.15,-0.02,5,24075,卖盘
14:02:06,48.17,0.02,2,9634,买盘
14:02:08,48.15,-0.02,7,33705,卖盘
14:02:12,48.15,0.0,20,96326,卖盘
14:02:14,48.15,0.0,1,4815,卖盘
14:02:18,48.15,0.0,2,9630,卖盘
14:02:20,48.16,0.01,6,28894,买盘
14:02:24,48.15,-0.01,41,197435,卖盘
14:02:30,48.15,0.0,2,9629,买盘
14:02:33,48.15,0.0,18,86664,买盘
14:02:38,48.14,-0.01,1,4814,卖盘
14:02:41,48.14,0.0,18,86653,卖盘
14:02:45,48.15,0.01,11,52965,买盘
14:02:48,48.14,-0.01,1,4814,卖盘
14:02:51,48.13,-0.01,12,57757,卖盘
14:02:54,48.13,0.0,10,48138,卖盘
14:02:56,48.15,0.02,4,19260,买盘
14:02:59,48.16,0.01,2,9632,买盘
14:03:02,48.15,-0.01,5,24075,卖盘
14:03:06,48.15,0.0,13,62606,卖盘
14:03:09,48.15,0.0,1,4815,卖盘
14:03:12,48.14,-0.01,12,57768,卖盘
14:03:17,48.15,0.01,14,67404,买盘
14:03:24,48.13,-0.02,8,38508,卖盘
14:03:29,48.15,0.02,15,72225,买盘
14:03:33,48.13,-0.02,7,33691,卖盘
14:03:35,48.13,0.0,237,1140445,中性盘
14:03:39,48.12,-0.01,12,57773,卖盘
14:03:42,48.12,0.0,5,24060,卖盘
14:03:45,48.12,0.0,35,168420,卖盘
14:03:48,48.12,0.0,3,14436,卖盘
14:03:51,48.13,0.01,11,52943,买盘
14:03:53,48.11,-0.02,9,43303,卖盘
14:03:56,48.1,-0.01,2,9622,卖盘
14:04:00,48.1,0.0,8,38486,卖盘
14:04:02,48.1,0.0,16,76990,卖盘
14:04:08,48.1,0.0,1,4810,卖盘
14:04:12,48.12,0.02,17,81814,卖盘
14:04:15,48.12,0.0,2,9624,卖盘
14:04:17,48.13,0.01,4,19251,买盘
14:04:24,48.13,0.0,15,72180,买盘
14:04:30,48.13,0.0,5,24062,买盘
14:04:33,48.1,-0.03,6,28860,卖盘
14:04:35,48.1,0.0,11,52939,卖盘
14:04:42,48.09,-0.01,5,24048,卖盘
14:04:45,48.12,0.03,11,52929,买盘
14:04:51,48.1,-0.02,5,24050,买盘
14:04:54,48.1,0.0,7,33664,买盘
14:04:57,48.1,0.0,10,48100,买盘
14:04:59,48.1,0.0,2,9620,买盘
14:05:03,48.09,-0.01,10,48090,卖盘
14:05:06,48.09,0.0,16,76944,卖盘
14:05:09,48.08,-0.01,10,48083,中性盘
14:05:12,48.08,0.0,7,33656,卖盘
14:05:17,48.09,0.01,12,57706,买盘
14:05:20,48.09,0.0,12,57708,买盘
14:05:24,48.06,-0.03,12,57682,卖盘
14:05:27,48.09,0.03,1,4809,买盘
14:05:30,48.08,-0.01,17,81753,卖盘
14:05:34,48.08,0.0,11,52858,买盘
14:05:35,48.12,0.04,64,307854,买盘
14:05:39,48.1,-0.02,2,9622,中性盘
14:05:42,48.09,-0.01,16,76977,卖盘
14:05:45,48.13,0.04,1,4813,买盘
14:05:48,48.13,0.0,3,14439,买盘
14:05:50,48.15,0.02,8,38502,买盘
14:05:53,48.07,-0.08,6,28860,卖盘
14:05:57,48.09,0.02,5,24045,卖盘
14:06:03,48.06,-0.03,7,33645,卖盘
14:06:09,48.09,0.03,1,4809,买盘
14:06:15,48.07,-0.02,18,86564,卖盘
14:06:21,48.09,0.02,1,4809,中性盘
14:06:24,48.07,-0.02,6,28844,卖盘
14:06:30,48.12,0.05,1,4812,买盘
14:06:33,48.07,-0.05,47,225929,卖盘
14:06:35,48.07,0.0,1,4807,卖盘
14:06:44,48.07,0.0,7,33649,卖盘
14:06:47,48.07,0.0,12,57704,卖盘
14:06:50,48.07,0.0,3,14421,卖盘
14:06:54,48.07,0.0,7,33651,卖盘
14:06:56,48.07,0.0,1,4807,卖盘
14:07:01,48.07,0.0,3,14421,卖盘
14:07:03,48.06,-0.01,25,120171,卖盘
14:07:05,48.06,0.0,1,4806,卖盘
14:07:10,48.06,0.0,1,4806,卖盘
14:07:14,48.06,0.0,6,28836,卖盘
14:07:21,48.07,0.01,9,43263,买盘
14:07:24,48.06,-0.01,6,28839,卖盘
14:07:30,48.06,0.0,1,4806,卖盘
14:07:33,48.08,0.02,7,33656,买盘
14:07:38,48.09,0.01,8,38466,买盘
14:07:42,48.06,-0.03,1,4806,卖盘
14:07:45,48.06,0.0,55,264330,卖盘
14:07:48,48.06,0.0,10,48066,卖盘
14:07:51,48.07,0.01,2,9613,中性盘
14:07:54,48.09,0.02,13,62503,买盘
14:08:00,48.07,-0.02,2,9614,卖盘
14:08:03,48.07,0.0,6,28842,卖盘
14:08:05,48.07,0.0,5,24035,卖盘
14:08:09,48.07,0.0,4,19230,卖盘
14:08:12,48.07,0.0,1,4807,卖盘
14:08:14,48.07,0.0,8,38456,卖盘
14:08:18,48.07,0.0,1,4807,买盘
14:08:20,48.09,0.02,26,124963,买盘
14:08:24,48.06,-0.03,5,24030,卖盘
14:08:26,48.07,0.01,11,52877,买盘
14:08:29,48.06,-0.01,11,52866,卖盘
14:08:32,48.06,0.0,6,28836,卖盘
14:08:35,48.06,0.0,1,4806,卖盘
14:08:39,48.07,0.01,1,4807,买盘
14:08:45,48.06,-0.01,36,173017,卖盘
14:08:48,48.06,0.0,8,38447,买盘
14:08:51,48.05,-0.01,7,33635,卖盘
14:08:54,48.05,0.0,11,52861,卖盘
14:08:57,48.06,0.01,6,28836,中性盘
14:09:00,48.07,0.01,10,48070,买盘
14:09:02,48.06,-0.01,53,254718,卖盘
14:09:06,48.05,-0.01,4,19220,卖盘
14:09:09,48.06,0.01,4,19219,买盘
14:09:11,48.05,-0.01,1,4805,中性盘
14:09:15,48.06,0.01,25,120143,买盘
14:09:18,48.02,-0.04,84,403386,卖盘
14:09:21,48.02,0.0,16,76829,买盘
14:09:24,48.01,-0.01,2,9602,卖盘
14:09:26,48.02,0.01,2,9604,买盘
14:09:30,48.02,0.0,1,4802,买盘
14:09:32,48.01,-0.01,16,76827,卖盘
14:09:37,48.01,0.0,8,38408,卖盘
14:09:45,48.01,0.0,7,33607,卖盘
14:09:47,48.01,0.0,1,4801,卖盘
14:09:50,48.01,0.0,8,38408,卖盘
14:09:53,48.02,0.01,15,72024,买盘
14:10:00,48.01,-0.01,5,24005,卖盘
14:10:03,48.0,-0.01,18,86423,卖盘
14:10:06,48.02,0.02,5,24008,买盘
14:10:08,48.02,0.0,1,4802,卖盘
14:10:12,48.02,0.0,1,4802,卖盘
14:10:15,48.04,0.02,6,28814,中性盘
14:10:18,48.06,0.02,8,38445,买盘
14:10:21,48.06,0.0,4,19224,买盘
14:10:23,48.05,-0.01,14,67264,卖盘
14:10:27,48.05,0.0,12,57657,买盘
14:10:32,48.02,-0.03,7,33614,卖盘
14:10:36,48.05,0.03,2,9607,买盘
14:10:39,48.02,-0.03,11,52850,卖盘
14:10:41,48.03,0.01,1,4803,中性盘
14:10:45,48.01,-0.02,6,28810,卖盘
14:10:48,48.01,0.0,2,9603,卖盘
14:10:51,48.03,0.02,2,9605,买盘
14:10:55,48.05,0.02,10,48040,买盘
14:10:57,48.05,0.0,24,115320,买盘
14:11:00,48.05,0.0,20,96093,卖盘
14:11:03,48.05,0.0,8,38440,买盘
14:11:06,48.02,-0.03,3,14407,卖盘
14:11:09,48.03,0.01,2,9605,买盘
14:11:12,48.05,0.02,4,19220,中性盘
14:11:14,48.05,0.0,6,28820,买盘
14:11:17,48.06,0.01,8,38440,买盘
14:11:25,48.07,0.01,11,52866,买盘
14:11:27,48.04,-0.03,2,9608,卖盘
14:11:40,48.05,0.01,1,4805,买盘
14:11:41,48.04,-0.01,2,9608,卖盘
14:11:45,48.04,0.0,1,4804,买盘
14:11:48,48.05,0.01,14,67262,买盘
14:11:51,48.05,0.0,2,9607,买盘
14:11:54,48.08,0.03,18,86506,买盘
14:11:57,48.09,0.01,9,43275,买盘
14:12:06,48.1,0.01,10,48094,买盘
14:12:08,48.06,-0.04,10,48088,卖盘
14:12:12,48.06,0.0,6,28836,买盘
14:12:17,48.1,0.04,10,48098,买盘
14:12:23,48.1,0.0,9,43290,买盘
14:12:30,48.1,0.0,10,48100,买盘
14:12:36,48.11,0.01,1,4811,买盘
14:12:38,48.1,-0.01,12,57731,卖盘
14:12:45,48.1,0.0,8,38486,卖盘
14:12:47,48.1,0.0,1,4810,卖盘
14:12:51,48.11,0.01,11,52921,买盘
14:12:55,48.07,-0.04,1,4807,卖盘
14:12:57,48.07,0.0,7,33661,卖盘
14:13:00,48.11,0.04,31,149103,买盘
14:13:02,48.07,-0.04,5,24035,中性盘
14:13:06,48.07,0.0,2,9614,卖盘
14:13:15,48.1,0.03,2,9620,买盘
14:13:21,48.11,0.01,5,24055,买盘
14:13:23,48.11,0.0,14,67351,买盘
14:13:27,48.11,0.0,1,4811,买盘
14:13:32,48.11,0.0,2,9622,买盘
14:13:36,48.1,-0.01,11,52920,卖盘
14:13:39,48.11,0.01,3,14433,买盘
14:13:45,48.1,-0.01,8,38480,卖盘
14:13:48,48.11,0.01,16,76976,买盘
14:13:51,48.1,-0.01,3,14432,卖盘
14:13:55,48.11,0.01,20,96208,买盘
14:13:57,48.1,-0.01,6,28850,中性盘
14:14:00,48.1,0.0,1,4810,卖盘
14:14:06,48.1,0.0,7,33670,卖盘
14:14:10,48.11,0.01,5,24055,买盘
14:14:11,48.11,0.0,6,28868,卖盘
14:14:15,48.11,0.0,10,48105,卖盘
14:14:19,48.11,0.0,7,33677,买盘
14:14:20,48.11,0.0,11,52921,买盘
14:14:25,48.1,-0.01,6,28860,卖盘
14:14:27,48.1,0.0,3,14430,卖盘
14:14:30,48.11,0.01,10,48110,买盘
14:14:36,48.11,0.0,6,28861,买盘
14:14:42,48.11,0.0,11,52921,买盘
14:14:45,48.11,0.0,8,38482,买盘
14:14:49,48.11,0.0,2,9621,买盘
14:14:51,48.11,0.0,5,24055,买盘
14:14:55,48.11,0.0,11,52921,买盘
14:14:58,48.11,0.0,8,38490,卖盘
14:15:00,48.11,0.0,9,43300,卖盘
14:15:04,48.13,0.02,7,33691,买盘
14:15:06,48.14,0.01,17,81818,买盘
14:15:10,48.12,-0.02,2,9623,中性盘
14:15:11,48.14,0.02,4,19254,买盘
14:15:16,48.11,-0.03,15,72197,卖盘
14:15:28,48.14,0.03,11,52937,买盘
14:15:31,48.14,0.0,7,33698,卖盘
14:15:33,48.14,0.0,4,19256,卖盘
14:15:36,48.15,0.01,24,115536,买盘
14:15:38,48.14,-0.01,1,4814,卖盘
14:15:42,48.11,-0.03,1,4811,卖盘
14:15:45,48.1,-0.01,13,62548,卖盘
14:15:49,48.15,0.05,16,77023,买盘
14:15:50,48.1,-0.05,2,9620,卖盘
14:15:53,48.15,0.05,9,43330,买盘
14:15:57,48.14,-0.01,31,149258,卖盘
14:16:01,48.14,0.0,17,81828,买盘
14:16:04,48.15,0.01,5,24075,买盘
14:16:06,48.1,-0.05,5,24050,卖盘
14:16:10,48.16,0.06,10,48159,买盘
14:16:12,48.17,0.01,18,86698,买盘
14:16:15,48.15,-0.02,19,91486,卖盘
14:16:17,48.11,-0.04,3,14433,卖盘
14:16:20,48.15,0.04,10,48150,买盘
14:16:23,48.17,0.02,7,33718,买盘
14:16:26,48.15,-0.02,6,28882,卖盘
14:16:32,48.1,-0.05,12,57791,卖盘
14:16:36,48.1,0.0,9,43290,卖盘
14:16:42,48.15,0.05,12,57780,买盘
14:16:46,48.1,-0.05,5,24050,卖盘
14:16:49,48.1,0.0,1,4810,卖盘
14:16:50,48.14,0.04,4,19248,买盘
14:16:53,48.14,0.0,4,19256,卖盘
14:16:57,48.15,0.01,37,178146,买盘
14:17:01,48.14,-0.01,2,9628,卖盘
14:17:04,48.14,0.0,3,14442,卖盘
14:17:06,48.1,-0.04,15,72204,卖盘
14:17:10,48.1,0.0,10,48112,卖盘
14:17:16,48.14,0.04,8,38512,买盘
14:17:19,48.14,0.0,3,14442,卖盘
14:17:21,48.14,0.0,47,226258,卖盘
14:17:25,48.14,0.0,2,9629,卖盘
14:17:27,48.15,0.01,16,77022,买盘
14:17:31,48.1,-0.05,11,52971,卖盘
14:17:36,48.1,0.0,7,33677,卖盘
14:17:39,48.17,0.07,20,96295,买盘
14:17:42,48.11,-0.06,2,9623,卖盘
14:17:46,48.1,-0.01,5,24051,卖盘
14:17:49,48.17,0.07,9,43353,买盘
14:17:51,48.17,0.0,5,24083,买盘
14:17:55,48.17,0.0,1,4817,卖盘
14:17:57,48.18,0.01,11,52992,买盘
14:18:01,48.18,0.0,16,77088,买盘
14:18:04,48.18,0.0,57,274625,买盘
14:18:06,48.17,-0.01,56,269803,卖盘
14:18:09,48.18,0.01,14,67451,买盘
14:18:15,48.17,-0.01,8,38536,卖盘
14:18:19,48.17,0.0,11,52997,卖盘
14:18:21,48.18,0.01,14,67449,买盘
14:18:25,48.18,0.0,251,1208919,买盘
14:18:26,48.17,-0.01,7,33720,卖盘
14:18:30,48.17,0.0,4,19268,卖盘
14:18:34,48.18,0.01,22,105979,买盘
14:18:35,48.15,-0.03,5,24081,卖盘
14:18:38,48.16,0.01,5,24080,买盘
14:18:42,48.17,0.01,13,62604,买盘
14:18:45,48.17,0.0,5,24085,卖盘
14:18:47,48.15,-0.02,1,4815,卖盘
14:18:50,48.16,0.01,11,52976,卖盘
14:18:55,48.18,0.02,11,52998,买盘
14:18:57,48.16,-0.02,30,147568,卖盘
14:19:01,48.15,-0.01,46,221580,卖盘
14:19:06,48.18,0.03,23,110814,买盘
14:19:10,48.15,-0.03,1,4815,卖盘
14:19:11,48.15,0.0,3,14445,卖盘
14:19:19,48.18,0.03,11,52998,买盘
14:19:21,48.15,-0.03,4,19260,卖盘
14:19:25,48.18,0.03,1,4818,买盘
14:19:27,48.18,0.0,10,48180,买盘
14:19:30,48.15,-0.03,3,14445,卖盘
14:19:32,48.15,0.0,42,200334,卖盘
14:19:39,48.17,0.02,15,72249,买盘
14:19:42,48.17,0.0,12,57802,买盘
14:19:45,48.15,-0.02,1,4815,卖盘
14:19:50,48.17,0.02,25,120413,买盘
14:19:55,48.17,0.0,20,96338,买盘
14:19:57,48.17,0.0,1,4817,卖盘
14:20:01,48.18,0.01,10,48180,买盘
14:20:04,48.18,0.0,3,14452,买盘
14:20:05,48.17,-0.01,3,14451,卖盘
14:20:11,48.17,0.0,11,52997,卖盘
14:20:16,48.15,-0.02,13,62614,卖盘
14:20:21,48.15,0.0,3,14445,卖盘
14:20:25,48.17,0.02,16,77083,中性盘
14:20:27,48.15,-0.02,9,43337,卖盘
14:20:31,48.15,0.0,2,9632,卖盘
14:20:32,48.15,0.0,19,91523,买盘
14:20:36,48.17,0.02,1,4817,中性盘
14:20:39,48.14,-0.03,6,27729,卖盘
14:20:46,48.14,0.0,11,52954,买盘
14:20:49,48.12,-0.02,1,4812,卖盘
14:20:55,48.14,0.02,34,163664,买盘
14:20:57,48.14,0.0,5,25225,买盘
14:21:04,48.12,-0.02,9,43322,卖盘
14:21:06,48.17,0.05,8,38533,买盘
14:21:10,48.17,0.0,4,19268,卖盘
14:21:11,48.11,-0.06,1,4812,买盘
14:21:15,48.16,0.05,3,14448,买盘
14:21:17,48.16,0.0,10,48156,买盘
14:21:22,48.16,0.0,1,4816,中性盘
14:21:23,48.1,-0.06,11,52920,卖盘
14:21:30,48.17,0.07,11,52987,买盘
14:21:40,48.12,-0.05,10,48119,买盘
14:21:42,48.11,-0.01,1,4811,卖盘
14:21:45,48.11,0.0,1,4811,卖盘
14:21:51,48.12,0.01,42,202104,买盘
14:21:55,48.1,-0.02,18,86601,卖盘
14:22:03,48.12,0.02,20,96290,卖盘
14:22:10,48.12,0.0,12,57749,卖盘
14:22:12,48.17,0.05,11,52987,买盘
14:22:15,48.13,-0.04,3,14439,中性盘
14:22:17,48.13,0.0,1,4813,卖盘
14:22:25,48.16,0.03,10,48158,买盘
14:22:26,48.13,-0.03,3,14439,卖盘
14:22:34,48.16,0.03,18,86684,买盘
14:22:35,48.16,0.0,1,4816,卖盘
14:22:45,48.17,0.01,30,144510,买盘
14:22:47,48.17,0.0,13,62616,买盘
14:22:53,48.17,0.0,36,173412,买盘
14:23:04,48.17,0.0,14,67438,卖盘
14:23:09,48.16,-0.01,12,57801,卖盘
14:23:11,48.17,0.01,19,91523,买盘
14:23:15,48.17,0.0,5,24085,买盘
14:23:17,48.17,0.0,5,24085,买盘
14:23:27,48.17,0.0,2,9634,卖盘
14:23:31,48.18,0.01,11,52998,买盘
14:23:34,48.17,-0.01,5,24086,卖盘
14:23:42,48.17,0.0,10,48179,卖盘
14:23:46,48.17,0.0,3,14453,卖盘
14:23:51,48.18,0.01,10,48180,买盘
14:23:55,48.17,-0.01,4,19268,卖盘
14:23:56,48.18,0.01,5,24090,买盘
14:24:01,48.18,0.0,24,115632,买盘
14:24:02,48.18,0.0,11,52998,买盘
14:24:05,48.17,-0.01,4,19268,卖盘
14:24:15,48.17,0.0,12,57814,卖盘
14:24:23,48.17,0.0,4,19268,卖盘
14:24:27,48.16,-0.01,5,24084,卖盘
14:24:31,48.15,-0.01,7,33711,卖盘
14:24:34,48.18,0.03,71,342076,买盘
14:24:35,48.17,-0.01,9,43343,买盘
14:24:46,48.18,0.01,18,86721,买盘
14:24:49,48.18,0.0,17,81902,买盘
14:24:50,48.17,-0.01,1,4817,卖盘
14:24:54,48.18,0.01,30,144538,买盘
14:24:57,48.18,0.0,21,101167,买盘
14:25:01,48.17,-0.01,2,9634,卖盘
14:25:06,48.17,0.0,7,33719,卖盘
14:25:10,48.18,0.01,14,67447,买盘
14:25:12,48.17,-0.01,1,4817,买盘
14:25:16,48.17,0.0,15,72227,买盘
14:25:19,48.17,0.0,2,9634,卖盘
14:25:20,48.17,0.0,11,52997,卖盘
14:25:23,48.17,0.0,29,139711,卖盘
14:25:30,48.18,0.01,20,96359,买盘
14:25:34,48.13,-0.05,19,91515,卖盘
14:25:36,48.13,0.0,3,14439,卖盘
14:25:42,48.18,0.05,12,57785,买盘
14:25:49,48.12,-0.06,3,14436,卖盘
14:25:55,48.11,-0.01,37,178083,卖盘
14:25:57,48.17,0.06,2,9634,买盘
14:26:01,48.17,0.0,12,57786,卖盘
14:26:04,48.17,0.0,13,62621,卖盘
14:26:06,48.17,0.0,17,81900,卖盘
14:26:10,48.18,0.01,5,24090,买盘
14:26:12,48.18,0.0,3,14448,买盘
14:26:16,48.18,0.0,11,52986,买盘
14:26:19,48.12,-0.06,1,4812,中性盘
14:26:20,48.12,0.0,3,14435,卖盘
14:26:23,48.12,0.0,2,9624,中性盘
14:26:26,48.12,0.0,18,86684,卖盘
14:26:34,48.16,0.04,2,9632,买盘
14:26:38,48.14,-0.02,5,24070,卖盘
14:26:40,48.18,0.04,21,101178,买盘
14:26:42,48.18,0.0,33,158994,买盘
14:26:49,48.18,0.0,16,77078,买盘
14:26:53,48.16,-0.02,3,14449,卖盘
14:26:57,48.17,0.01,8,38536,中性盘
14:27:00,48.18,0.01,13,62634,买盘
14:27:07,48.16,-0.02,22,105968,卖盘
14:27:08,48.16,0.0,6,28897,卖盘
14:27:12,48.18,0.02,11,52998,买盘
14:27:15,48.14,-0.04,13,62592,卖盘
14:27:19,48.14,0.0,11,52954,卖盘
14:27:20,48.16,0.02,10,48160,买盘
14:27:24,48.16,0.0,1,4816,买盘
14:27:27,48.14,-0.02,5,24070,卖盘
14:27:32,48.11,-0.03,23,110747,卖盘
14:27:36,48.11,0.0,7,33677,卖盘
14:27:42,48.14,0.03,4,19256,买盘
14:27:45,48.16,0.02,2,9632,买盘
14:27:55,48.16,0.0,36,173376,买盘
14:27:56,48.14,-0.02,5,24070,卖盘
14:28:00,48.16,0.02,4,19260,买盘
14:28:07,48.15,-0.01,6,28886,买盘
14:28:10,48.15,0.0,3,14445,卖盘
14:28:12,48.15,0.0,2,9630,卖盘
14:28:18,48.15,0.0,11,52975,卖盘
14:28:22,48.15,0.0,6,28891,卖盘
14:28:26,48.16,0.01,11,52976,买盘
14:28:30,48.15,-0.01,1,4815,卖盘
14:28:32,48.14,-0.01,17,81838,卖盘
14:28:35,48.14,0.0,6,28884,卖盘
14:28:40,48.16,0.02,13,62604,买盘
14:28:41,48.15,-0.01,3,14445,卖盘
14:28:46,48.16,0.01,26,125216,买盘
14:28:49,48.16,0.0,1,4816,卖盘
14:28:51,48.16,0.0,11,52986,卖盘
14:28:56,48.18,0.02,5,24090,买盘
14:29:01,48.18,0.0,14,67451,买盘
14:29:04,48.17,-0.01,2,9634,卖盘
14:29:08,48.17,0.0,5,24085,卖盘
14:29:12,48.18,0.01,10,48180,买盘
14:29:16,48.17,-0.01,1,4817,卖盘
14:29:21,48.17,0.0,11,52989,卖盘
14:29:25,48.18,0.01,10,48180,买盘
14:29:27,48.18,0.0,17,81906,买盘
14:29:31,48.18,0.0,4,19269,买盘
14:29:33,48.18,0.0,28,134888,买盘
14:29:40,48.18,0.0,2,9636,买盘
14:29:42,48.16,-0.02,3,14448,卖盘
14:29:46,48.18,0.02,11,52996,买盘
14:29:49,48.16,-0.02,5,24080,卖盘
14:29:51,48.16,0.0,3,14448,卖盘
14:29:55,48.18,0.02,13,62634,买盘
14:29:57,48.18,0.0,24,115632,买盘
14:30:02,48.17,-0.01,4,19268,卖盘
