time,price,change,volume,amount,type
09:25:02,46.19,-1.01,517,2388023,卖盘
09:30:01,46.0,-0.19,280,1287514,卖盘
09:30:05,45.99,-0.01,78,358731,卖盘
09:30:08,46.07,0.08,177,813678,买盘
09:30:10,46.08,0.01,98,454163,买盘
09:30:14,46.05,-0.03,85,388509,卖盘
09:30:16,46.0,-0.05,38,174873,卖盘
09:30:19,46.0,0.0,17,78113,买盘
09:30:22,45.92,-0.08,20,91912,中性盘
09:30:25,45.99,0.07,134,615972,买盘
09:30:29,45.89,-0.1,15,68893,中性盘
09:30:31,46.0,0.11,96,441122,买盘
09:30:34,45.81,-0.19,23,105549,卖盘
09:30:37,45.82,0.01,46,211011,中性盘
09:30:40,45.97,0.15,53,242629,买盘
09:30:44,45.87,-0.1,10,45930,中性盘
09:30:46,45.95,0.08,20,91819,买盘
09:30:49,45.82,-0.13,44,202031,卖盘
09:30:54,45.96,0.14,30,137689,买盘
09:30:55,45.85,-0.11,11,50483,卖盘
09:30:59,45.79,-0.06,44,201533,卖盘
09:31:01,45.69,-0.1,88,402711,卖盘
09:31:04,45.82,0.13,17,77902,买盘
09:31:08,45.95,0.13,19,87320,中性盘
09:31:10,45.95,0.0,9,41328,卖盘
09:31:14,45.96,0.01,9,41299,买盘
09:31:16,45.88,-0.08,13,59669,卖盘
09:31:19,45.96,0.08,33,151645,买盘
09:31:22,46.0,0.04,97,446035,买盘
09:31:25,46.0,0.0,52,239053,买盘
09:31:28,45.91,-0.09,59,270888,卖盘
09:31:31,46.0,0.09,3,13800,买盘
09:31:34,45.94,-0.06,8,36752,买盘
09:31:38,45.99,0.05,13,59747,买盘
09:31:40,46.0,0.01,18,82783,买盘
09:31:44,46.0,0.0,8,36792,买盘
09:31:46,45.94,-0.06,22,101151,卖盘
09:31:49,45.99,0.05,6,27597,中性盘
09:31:52,46.0,0.01,9,41398,买盘
09:31:55,45.99,-0.01,28,128782,卖盘
09:31:59,45.99,0.0,14,64386,买盘
09:32:01,46.0,0.01,40,183942,买盘
09:32:05,46.0,0.0,10,45993,买盘
09:32:07,46.0,0.0,19,87400,买盘
09:32:10,46.0,0.0,18,82796,买盘
09:32:14,45.99,-0.01,9,41394,卖盘
09:32:16,45.99,0.0,17,78188,卖盘
09:32:19,45.98,-0.01,15,68977,卖盘
09:32:22,46.0,0.02,30,137941,买盘
09:32:25,45.99,-0.01,7,32197,买盘
09:32:29,46.0,0.01,1,4600,买盘
09:32:31,45.98,-0.02,46,211344,中性盘
09:32:34,45.99,0.01,24,110381,买盘
09:32:38,45.99,0.0,16,73538,买盘
09:32:40,45.99,0.0,13,59767,买盘
09:32:44,45.98,-0.01,10,45991,中性盘
09:32:46,45.99,0.01,30,137992,卖盘
09:32:49,46.04,0.05,1,4604,买盘
09:32:52,46.04,0.0,2,9208,买盘
09:32:56,46.04,0.0,3,13812,买盘
09:32:58,46.05,0.01,26,119723,买盘
09:33:01,46.04,-0.01,31,142694,中性盘
09:33:05,46.03,-0.01,13,59806,中性盘
09:33:08,45.99,-0.04,52,239259,卖盘
09:33:10,46.0,0.01,42,195456,买盘
09:33:14,45.97,-0.03,40,181600,卖盘
09:33:16,45.94,-0.03,14,64328,卖盘
09:33:19,46.0,0.06,34,156225,买盘
09:33:22,46.0,0.0,40,183895,买盘
09:33:25,46.0,0.0,48,220794,买盘
09:33:28,46.0,0.0,10,45998,买盘
09:33:31,46.0,0.0,18,82767,买盘
09:33:35,45.91,-0.09,35,160767,卖盘
09:33:38,45.92,0.01,22,101024,买盘
09:33:40,45.92,0.0,6,27552,买盘
09:33:43,46.0,0.08,6,27590,买盘
09:33:49,45.94,-0.06,9,41346,买盘
09:33:52,45.95,0.01,12,55139,买盘
09:33:55,45.95,0.0,15,68912,买盘
09:33:59,45.94,-0.01,4,18376,卖盘
09:34:01,45.94,0.0,4,18376,买盘
09:34:05,45.94,0.0,5,22966,买盘
09:34:08,45.94,0.0,5,22969,买盘
09:34:10,45.94,0.0,17,78089,买盘
09:34:14,45.93,-0.01,5,22969,卖盘
09:34:20,45.93,0.0,19,87268,买盘
09:34:22,45.94,0.01,5,22970,买盘
09:34:25,45.93,-0.01,7,32153,卖盘
09:34:28,45.94,0.01,9,41346,卖盘
09:34:31,45.94,0.0,11,50534,卖盘
09:34:34,45.95,0.01,405,1860975,买盘
09:34:37,45.95,0.0,137,629344,买盘
09:34:40,45.95,0.0,26,119431,买盘
09:34:43,45.95,0.0,6,27570,买盘
09:34:46,45.95,0.0,56,257280,买盘
09:34:50,45.95,0.0,26,119467,买盘
09:34:53,45.95,0.0,30,137827,买盘
09:34:55,45.93,-0.02,31,142381,卖盘
09:34:59,45.94,0.01,23,105626,买盘
09:35:02,45.95,0.01,9,41349,买盘
09:35:04,45.94,-0.01,26,119418,中性盘
09:35:07,45.93,-0.01,9,41342,卖盘
09:35:11,45.93,0.0,5,22971,卖盘
09:35:13,45.95,0.02,59,271071,买盘
09:35:17,45.95,0.0,19,87303,买盘
09:35:19,45.95,0.0,78,358418,买盘
09:35:22,45.94,-0.01,41,188367,卖盘
09:35:26,45.94,0.0,1,4594,买盘
09:35:28,45.94,0.0,5,22970,买盘
09:35:32,45.94,0.0,14,64316,买盘
09:35:34,45.95,0.01,31,142393,买盘
09:35:38,45.94,-0.01,11,50535,卖盘
09:35:40,45.94,0.0,4,18378,卖盘
09:35:44,45.94,0.0,5,22972,卖盘
09:35:46,45.94,0.0,67,307836,卖盘
09:35:50,45.93,-0.01,40,183724,卖盘
09:35:52,45.93,0.0,5,22965,买盘
09:35:56,45.92,-0.01,43,197462,卖盘
09:35:59,45.92,0.0,7,32144,卖盘
09:36:02,45.91,-0.01,58,266279,卖盘
09:36:05,45.9,-0.01,153,702272,卖盘
09:36:07,45.88,-0.02,145,665309,卖盘
09:36:11,45.85,-0.03,20,91725,卖盘
09:36:14,45.88,0.03,45,206309,买盘
09:36:17,45.85,-0.03,14,64156,买盘
09:36:23,45.8,-0.05,18,82456,卖盘
09:36:26,45.8,0.0,46,210734,卖盘
09:36:29,45.82,0.02,35,160481,中性盘
09:36:32,45.81,-0.01,9,41227,卖盘
09:36:35,45.81,0.0,30,137425,中性盘
09:36:38,45.81,0.0,5,22904,买盘
09:36:41,45.8,-0.01,33,151165,卖盘
09:36:44,45.88,0.08,1,4588,买盘
09:36:47,45.88,0.0,10,45880,中性盘
09:36:56,45.82,-0.06,1,4582,卖盘
09:36:58,45.89,0.07,26,119297,买盘
09:37:01,45.89,0.0,13,59659,卖盘
09:37:05,45.88,-0.01,32,146833,卖盘
09:37:08,45.88,0.0,3,13764,卖盘
09:37:11,45.88,0.0,3,13766,卖盘
09:37:14,45.88,0.0,2,9176,卖盘
09:37:17,45.9,0.02,17,78007,买盘
09:37:20,45.82,-0.08,816,3739810,卖盘
09:37:23,45.83,0.01,298,1365734,买盘
09:37:26,45.8,-0.03,78,357355,卖盘
09:37:32,45.82,0.02,3,13746,买盘
09:37:34,45.83,0.01,13,59573,买盘
09:37:38,45.79,-0.04,61,279420,卖盘
09:37:41,45.8,0.01,7,32090,卖盘
09:37:44,45.8,0.0,41,187780,买盘
09:37:47,45.8,0.0,57,261060,买盘
09:37:49,45.8,0.0,41,187777,买盘
09:37:53,45.82,0.02,17,77852,中性盘
09:37:56,45.8,-0.02,18,82444,卖盘
09:37:59,45.8,0.0,6,27487,买盘
09:38:01,45.8,0.0,20,91597,买盘
09:38:05,45.8,0.0,19,87011,买盘
09:38:07,45.8,0.0,39,178583,买盘
09:38:10,45.8,0.0,25,114500,卖盘
09:38:14,45.81,0.01,29,132830,买盘
09:38:17,45.8,-0.01,20,91603,卖盘
09:38:19,45.8,0.0,11,50383,卖盘
09:38:23,45.82,0.02,6,27491,买盘
09:38:26,45.8,-0.02,47,215265,卖盘
09:38:29,45.8,0.0,30,137413,卖盘
09:38:31,45.79,-0.01,73,334492,卖盘
09:38:37,45.81,0.02,1,4581,买盘
09:38:41,45.8,-0.01,27,123667,卖盘
09:38:44,45.8,0.0,8,36641,买盘
09:38:46,45.82,0.02,20,91641,买盘
09:38:50,45.81,-0.01,6,27490,卖盘
09:38:56,45.83,0.02,56,256563,买盘
09:39:02,45.81,-0.02,2,9163,卖盘
09:39:04,45.85,0.04,19,87060,买盘
09:39:08,45.85,0.0,1,4585,买盘
09:39:10,45.85,0.0,1,4585,买盘
09:39:14,45.85,0.0,7,32085,买盘
09:39:17,45.86,0.01,10,45847,买盘
09:39:22,45.85,-0.01,11,50437,卖盘
09:39:26,45.81,-0.04,104,476596,卖盘
09:39:29,45.85,0.04,23,105477,中性盘
09:39:32,45.8,-0.05,44,201538,卖盘
09:39:35,45.87,0.07,15,68759,买盘
09:39:38,45.86,-0.01,1,4586,中性盘
09:39:40,45.81,-0.05,12,54985,卖盘
09:39:46,45.85,0.04,5,22925,卖盘
09:39:50,45.81,-0.04,218,998831,卖盘
09:39:53,45.81,0.0,20,91618,买盘
09:39:55,45.79,-0.02,215,984653,卖盘
09:39:58,45.78,-0.01,36,164836,卖盘
09:40:02,45.77,-0.01,151,691229,卖盘
09:40:05,45.73,-0.04,236,1079775,卖盘
09:40:07,45.71,-0.02,9,41147,卖盘
09:40:11,45.7,-0.01,55,255024,卖盘
09:40:14,45.7,0.0,9,41140,卖盘
09:40:16,45.69,-0.01,85,384803,卖盘
09:40:20,45.68,-0.01,17,77675,卖盘
09:40:23,45.68,0.0,8,36546,卖盘
09:40:25,45.68,0.0,206,940882,卖盘
09:40:29,45.67,-0.01,34,155255,中性盘
09:40:31,45.66,-0.01,43,196361,卖盘
09:40:34,45.65,-0.01,11,50225,卖盘
09:40:38,45.66,0.01,3,13698,买盘
09:40:41,45.65,-0.01,44,200886,卖盘
09:40:44,45.65,0.0,45,205425,买盘
09:40:47,45.65,0.0,10,45650,买盘
09:40:49,45.65,0.0,132,602002,买盘
09:40:53,45.6,-0.05,68,310083,卖盘
09:40:56,45.63,0.03,112,510724,买盘
09:40:59,45.63,0.0,45,205242,买盘
09:41:02,45.63,0.0,30,136877,买盘
09:41:05,45.6,-0.03,41,187096,卖盘
09:41:07,45.61,0.01,4,18243,中性盘
09:41:11,45.63,0.02,44,200739,买盘
09:41:14,45.63,0.0,32,145952,卖盘
09:41:17,45.61,-0.02,41,187005,卖盘
09:41:19,45.63,0.02,40,185368,买盘
09:41:22,45.65,0.02,129,588836,买盘
09:41:26,45.67,0.02,46,209955,买盘
09:41:28,45.67,0.0,41,187191,买盘
09:41:32,45.65,-0.02,21,95891,卖盘
09:41:34,45.65,0.0,50,228291,卖盘
09:41:37,45.77,0.12,229,1045878,买盘
09:41:41,45.68,-0.09,9,41112,买盘
09:41:44,45.77,0.09,15,68541,买盘
09:41:47,45.78,0.01,10,45780,买盘
09:41:50,45.77,-0.01,12,54934,中性盘
09:41:52,45.76,-0.01,10,45760,中性盘
09:41:56,45.67,-0.09,102,466014,卖盘
09:41:59,45.78,0.11,213,975048,买盘
09:42:02,45.8,0.02,11,50370,买盘
09:42:05,45.83,0.03,26,119106,中性盘
09:42:07,45.89,0.06,14,64234,买盘
09:42:11,45.88,-0.01,1,4588,卖盘
09:42:14,45.88,0.0,1,4588,卖盘
09:42:16,45.88,0.0,10,45876,买盘
09:42:20,45.88,0.0,13,59652,买盘
09:42:23,45.86,-0.02,38,174266,买盘
09:42:25,45.8,-0.06,14,64125,卖盘
09:42:29,45.88,0.08,12,55030,买盘
09:42:31,45.87,-0.01,2,9174,买盘
09:42:34,45.86,-0.01,4,18344,中性盘
09:42:37,45.83,-0.03,4,18345,卖盘
09:42:40,45.78,-0.05,43,196940,卖盘
09:42:44,45.86,0.08,1,4586,卖盘
09:42:47,45.86,0.0,6,27509,买盘
09:42:49,45.86,0.0,13,59636,卖盘
09:42:53,45.86,0.0,18,82503,买盘
09:42:59,45.74,-0.12,31,141893,卖盘
09:43:02,45.85,0.11,18,82549,中性盘
09:43:04,45.85,0.0,3,13754,买盘
09:43:08,45.86,0.01,20,91719,买盘
09:43:11,45.85,-0.01,6,27510,中性盘
09:43:13,45.85,0.0,20,91687,卖盘
09:43:17,45.85,0.0,4,18340,卖盘
09:43:20,45.85,0.0,2,9170,卖盘
09:43:26,45.86,0.01,6,27516,买盘
09:43:28,45.88,0.02,379,1738548,买盘
09:43:31,45.88,0.0,77,353276,买盘
09:43:34,45.88,0.0,57,261465,买盘
09:43:38,45.9,0.02,3,13770,买盘
09:43:41,45.88,-0.02,42,192767,卖盘
09:43:44,45.92,0.04,3,13776,买盘
09:43:50,46.0,0.08,100,459995,买盘
09:43:53,46.02,0.02,4,18408,买盘
09:43:56,46.0,-0.02,24,110405,卖盘
09:43:58,45.92,-0.08,147,676208,卖盘
09:44:02,45.92,0.0,26,119389,买盘
09:44:05,45.92,0.0,2,9184,买盘
09:44:07,45.9,-0.02,14,64268,卖盘
09:44:11,45.92,0.02,3,13776,买盘
09:44:13,45.92,0.0,7,32140,买盘
09:44:16,45.9,-0.02,29,133122,卖盘
09:44:20,45.91,0.01,953,4375470,买盘
09:44:23,45.92,0.01,47,215822,买盘
09:44:25,45.9,-0.02,48,220380,卖盘
09:44:28,46.0,0.1,5,22974,买盘
09:44:32,45.96,-0.04,1,4596,买盘
09:44:37,45.96,0.0,5,22989,卖盘
09:44:40,45.96,0.0,465,2136295,买盘
09:44:44,45.9,-0.06,11,50496,卖盘
09:44:47,46.0,0.1,419,1926628,买盘
09:44:50,46.0,0.0,54,248400,卖盘
09:44:52,45.9,-0.1,385,1769402,卖盘
09:44:55,45.9,0.0,13,59670,买盘
09:44:59,45.9,0.0,33,151428,买盘
09:45:01,45.9,0.0,30,137700,买盘
09:45:05,45.9,0.0,17,78012,买盘
09:45:08,45.9,0.0,164,753861,买盘
09:45:10,45.91,0.01,1,4591,卖盘
09:45:14,45.92,0.01,16,73469,中性盘
09:45:17,45.9,-0.02,6,27568,卖盘
09:45:19,45.9,0.0,10,45905,卖盘
09:45:23,45.95,0.05,12,55101,中性盘
09:45:26,45.91,-0.04,4,18364,卖盘
09:45:29,45.9,-0.01,2,9180,卖盘
09:45:32,45.92,0.02,7,32143,中性盘
09:45:35,45.91,-0.01,4,18364,卖盘
09:45:37,45.95,0.04,5,22968,买盘
09:45:41,45.91,-0.04,5,22955,卖盘
09:45:50,45.9,0.0,120,548554,卖盘
09:45:53,45.88,-0.02,38,174372,卖盘
09:45:56,45.88,0.0,49,224817,卖盘
09:45:58,45.88,0.0,36,165177,卖盘
09:46:01,45.86,-0.02,19,87148,卖盘
09:46:04,45.86,0.0,39,178832,卖盘
09:46:08,45.88,0.02,12,55046,买盘
09:46:11,45.85,-0.03,49,224703,卖盘
09:46:14,45.81,-0.04,14,64170,卖盘
09:46:16,45.81,0.0,11,50391,卖盘
09:46:20,45.79,-0.02,42,192359,卖盘
09:46:23,45.81,0.02,20,91612,买盘
09:46:26,45.81,0.0,20,91630,卖盘
09:46:28,45.8,-0.01,38,174075,卖盘
09:46:31,45.79,-0.01,18,82444,卖盘
09:46:34,45.79,0.0,35,160191,卖盘
09:46:38,45.8,0.01,12,54944,买盘
09:46:41,45.8,0.0,17,77820,买盘
09:46:44,45.78,-0.02,3,13734,买盘
09:46:47,45.78,0.0,13,59499,买盘
09:46:50,45.7,-0.08,24,109787,卖盘
09:46:55,45.76,0.06,3,13728,买盘
09:46:59,45.75,-0.01,8,36570,买盘
09:47:01,45.7,-0.05,4,18280,卖盘
09:47:05,45.75,0.05,18,82265,买盘
09:47:08,45.69,-0.06,35,159953,卖盘
09:47:11,45.75,0.06,1,4575,买盘
09:47:14,45.76,0.01,3,13728,买盘
09:47:19,45.7,-0.06,10,45711,卖盘
09:47:23,45.71,0.01,9,41137,买盘
09:47:25,45.7,-0.01,9,41139,卖盘
09:47:31,45.75,0.05,1,4575,买盘
09:47:35,45.71,-0.04,19,86876,卖盘
09:47:38,45.74,0.03,3,13722,中性盘
09:47:40,45.74,0.0,1,4574,买盘
09:47:43,45.71,-0.03,3,13713,卖盘
09:47:46,45.71,0.0,13,59432,卖盘
09:47:49,45.74,0.03,6,27441,买盘
09:47:53,45.71,-0.03,12,54855,卖盘
09:47:56,45.71,0.0,5,22864,卖盘
09:47:59,45.74,0.03,10,45740,买盘
09:48:01,45.71,-0.03,108,493643,卖盘
09:48:05,45.7,-0.01,37,169100,卖盘
09:48:08,45.71,0.01,39,178240,买盘
09:48:11,45.71,0.0,7,31996,买盘
09:48:14,45.71,0.0,11,50271,买盘
09:48:17,45.71,0.0,613,2803337,买盘
09:48:20,45.71,0.0,173,790394,中性盘
09:48:22,45.71,0.0,40,182764,卖盘
09:48:26,45.71,0.0,2,9142,卖盘
09:48:29,45.71,0.0,13,59421,卖盘
09:48:31,45.75,0.04,7,32022,买盘
09:48:35,45.72,-0.03,26,118872,卖盘
09:48:38,45.72,0.0,20,91449,卖盘
09:48:40,45.75,0.03,125,571445,买盘
09:48:44,45.72,-0.03,10,45741,卖盘
09:48:46,45.72,0.0,22,100523,买盘
09:48:49,45.67,-0.05,35,159953,卖盘
09:48:53,45.72,0.05,16,73104,买盘
09:48:56,45.72,0.0,20,91440,买盘
09:48:58,45.67,-0.05,11,50249,卖盘
09:49:01,45.67,0.0,4,18271,买盘
09:49:04,45.7,0.03,30,136978,买盘
09:49:08,45.7,0.0,6,27420,买盘
09:49:11,45.7,0.0,5,22850,买盘
09:49:14,45.7,0.0,2,9138,买盘
09:49:17,45.68,-0.02,14,63952,卖盘
09:49:19,45.7,0.02,14,63980,买盘
09:49:26,45.7,0.0,2,9140,卖盘
09:49:29,45.7,0.0,10,45707,卖盘
09:49:32,45.72,0.02,759,3470062,买盘
09:49:34,45.77,0.05,50,228621,买盘
09:49:37,45.72,-0.05,63,288116,卖盘
09:49:40,45.73,0.01,18,82334,卖盘
09:49:44,45.73,0.0,21,96020,卖盘
09:49:47,45.76,0.03,89,406920,中性盘
09:49:50,45.72,-0.04,26,118874,卖盘
09:49:53,45.73,0.01,19,86874,买盘
09:49:56,45.73,0.0,4,18292,买盘
09:49:59,45.72,-0.01,71,324617,卖盘
09:50:02,45.78,0.06,530,2426102,买盘
09:50:04,45.78,0.0,146,668500,卖盘
09:50:08,45.8,0.02,93,425698,买盘
09:50:11,45.7,-0.1,53,242219,卖盘
09:50:14,45.7,0.0,53,242182,买盘
09:50:16,45.7,0.0,31,141670,买盘
09:50:20,45.7,0.0,30,137100,卖盘
09:50:23,45.72,0.02,19,86837,买盘
09:50:26,45.8,0.08,5,22900,买盘
09:50:29,45.71,-0.09,17,77727,卖盘
09:50:32,45.8,0.09,1,4580,买盘
09:50:35,45.74,-0.06,35,160090,卖盘
09:50:41,45.74,0.0,23,105280,卖盘
09:50:43,45.8,0.06,42,192216,买盘
09:50:46,45.74,-0.06,8,36616,卖盘
09:50:50,45.75,0.01,27,123499,中性盘
09:50:53,45.8,0.05,3,13740,买盘
09:50:56,45.83,0.03,13,59546,买盘
09:50:59,45.74,-0.09,2,9149,卖盘
09:51:05,45.75,0.01,23,105262,卖盘
09:51:08,45.7,-0.05,147,672439,卖盘
09:51:11,45.76,0.06,1,4576,买盘
09:51:14,45.7,-0.06,17,77678,卖盘
09:51:17,45.7,0.0,21,95970,买盘
09:51:20,45.7,0.0,46,210230,卖盘
09:51:23,45.83,0.13,2,9158,买盘
09:51:29,45.87,0.04,3,13761,买盘
09:51:32,45.88,0.01,3,13763,买盘
09:51:35,45.85,-0.03,36,164835,买盘
09:51:38,45.85,0.0,4,18340,买盘
09:51:41,45.76,-0.09,14,64064,卖盘
09:51:44,45.76,0.0,8,36608,卖盘
09:51:46,45.76,0.0,53,242650,卖盘
09:51:50,45.76,0.0,28,128133,卖盘
09:51:53,45.84,0.08,11,50344,买盘
09:51:56,45.85,0.01,7,32090,买盘
09:51:59,45.8,-0.05,2,9164,中性盘
09:52:01,45.8,0.0,4,18320,卖盘
09:52:05,45.75,-0.05,37,169350,卖盘
09:52:08,45.75,0.0,13,59489,卖盘
09:52:11,45.75,0.0,17,77815,卖盘
09:52:16,45.75,0.0,2,9150,卖盘
09:52:20,45.75,0.0,3,13725,卖盘
09:52:23,45.76,0.01,35,160136,买盘
09:52:29,45.75,-0.01,5,22879,卖盘
09:52:32,45.83,0.08,8,38677,卖盘
09:52:35,45.83,0.0,32,146488,买盘
09:52:38,45.83,0.0,25,114519,买盘
09:52:41,45.78,-0.05,36,164869,卖盘
09:52:44,45.83,0.05,7,32081,中性盘
09:52:47,45.83,0.0,2,9166,买盘
09:52:50,45.83,0.0,179,820211,买盘
09:52:53,45.82,-0.01,5,22910,卖盘
09:52:55,45.8,-0.02,72,329902,卖盘
09:53:02,45.82,0.02,6,27488,买盘
09:53:05,45.82,0.0,15,68742,卖盘
09:53:08,45.82,0.0,11,50386,买盘
09:53:10,45.85,0.03,138,632649,买盘
09:53:14,45.85,0.0,27,123795,买盘
09:53:17,45.8,-0.05,35,160300,卖盘
09:53:19,45.78,-0.02,26,119058,卖盘
09:53:23,45.84,0.06,40,183352,中性盘
09:53:29,45.84,0.0,2,9168,买盘
09:53:35,45.8,-0.04,15,68700,卖盘
09:53:38,45.77,-0.03,15,68683,卖盘
09:53:40,45.78,0.01,18,82416,中性盘
09:53:47,45.77,-0.01,1,4577,卖盘
09:53:49,45.77,0.0,29,132742,卖盘
09:53:53,45.78,0.01,11,50378,中性盘
09:53:58,45.88,0.1,118,541172,买盘
09:54:02,45.88,0.0,50,229431,卖盘
09:54:05,45.8,-0.08,32,146616,卖盘
09:54:07,45.78,-0.02,10,45784,卖盘
09:54:10,45.78,0.0,15,68730,卖盘
09:54:17,45.8,0.02,6,27484,卖盘
09:54:19,45.78,-0.02,33,151144,卖盘
09:54:23,45.88,0.1,4,18336,买盘
09:54:25,45.77,-0.11,67,306678,卖盘
09:54:28,45.76,-0.01,18,82423,卖盘
09:54:32,45.78,0.02,38,174176,中性盘
09:54:35,45.78,0.0,48,219699,买盘
09:54:38,45.9,0.12,17,78018,买盘
09:54:41,45.86,-0.04,2,9172,卖盘
09:54:43,45.77,-0.09,12,54942,卖盘
09:54:46,45.86,0.09,1,4586,买盘
09:54:50,45.75,-0.11,29,132703,卖盘
09:54:53,45.82,0.07,1,4582,买盘
09:54:56,45.77,-0.05,3,13731,卖盘
09:54:59,45.75,-0.02,1,4575,卖盘
09:55:02,45.75,0.0,12,54920,卖盘
09:55:05,45.75,0.0,41,187595,卖盘
09:55:08,45.75,0.0,1,4575,买盘
09:55:11,45.69,-0.06,116,530173,卖盘
09:55:13,45.75,0.06,16,73123,买盘
09:55:16,45.68,-0.07,1,4568,卖盘
09:55:20,45.68,0.0,66,301835,卖盘
09:55:22,45.69,0.01,13,59397,卖盘
09:55:25,45.68,-0.01,78,356345,卖盘
09:55:29,45.68,0.0,5,22840,买盘
09:55:32,45.67,-0.01,8,36536,卖盘
09:55:35,45.66,-0.01,36,164418,卖盘
09:55:38,45.67,0.01,72,328721,中性盘
09:55:40,45.67,0.0,1,4567,买盘
09:55:44,45.65,-0.02,7,31960,卖盘
09:55:47,45.66,0.01,5,22830,中性盘
09:55:50,45.66,0.0,41,187167,中性盘
09:55:53,45.66,0.0,33,150649,买盘
09:55:55,45.65,-0.01,10,45659,卖盘
09:55:58,45.64,-0.01,16,73041,卖盘
09:56:02,45.64,0.0,7,31948,买盘
09:56:05,45.64,0.0,41,187146,买盘
09:56:07,45.64,0.0,70,319275,买盘
09:56:10,45.63,-0.01,13,59322,中性盘
09:56:13,45.63,0.0,1,4563,买盘
09:56:17,45.6,-0.03,11,50160,卖盘
09:56:20,45.59,-0.01,575,2619103,卖盘
09:56:23,45.61,0.02,33,150463,买盘
09:56:26,45.63,0.02,41,186895,买盘
09:56:28,45.63,0.0,6,27378,买盘
09:56:32,45.55,-0.08,123,560617,卖盘
09:56:35,45.58,0.03,16,72928,买盘
09:56:38,45.6,0.02,32,145858,买盘
09:56:40,45.56,-0.04,42,191440,卖盘
09:56:47,45.55,-0.01,19,86586,卖盘
09:56:50,45.56,0.01,16,72936,卖盘
09:56:53,45.56,0.0,20,91127,卖盘
09:56:55,45.56,0.0,41,186758,买盘
09:56:59,45.56,0.0,23,104777,买盘
09:57:02,45.56,0.0,26,118441,买盘
09:57:05,45.56,0.0,15,68342,中性盘
09:57:11,45.65,0.09,20,91207,买盘
09:57:14,45.56,-0.09,33,150408,卖盘
09:57:19,45.56,0.0,6,27338,卖盘
09:57:23,45.57,0.01,15,68355,买盘
09:57:26,45.65,0.08,12,54761,买盘
09:57:29,45.56,-0.09,27,123036,卖盘
09:57:32,45.56,0.0,18,82031,卖盘
09:57:34,45.56,0.0,45,205060,卖盘
09:57:41,45.65,0.09,8,36516,买盘
09:57:44,45.57,-0.08,44,200542,卖盘
09:57:47,45.57,0.0,10,45575,卖盘
09:57:50,45.57,0.0,7,31899,买盘
09:57:53,45.57,0.0,31,141241,买盘
09:57:56,45.51,-0.06,192,874340,卖盘
09:57:59,45.58,0.07,27,122871,中性盘
09:58:02,45.56,-0.02,4,18227,卖盘
09:58:05,45.54,-0.02,25,113924,卖盘
09:58:07,45.5,-0.04,49,222999,卖盘
09:58:11,45.5,0.0,76,345829,卖盘
09:58:14,45.5,0.0,39,177450,卖盘
09:58:19,45.51,0.01,7,31852,买盘
09:58:23,45.54,0.03,19,86476,买盘
09:58:29,45.5,-0.04,408,1856441,卖盘
09:58:31,45.5,0.0,41,186494,买盘
09:58:34,45.5,0.0,24,109196,买盘
09:58:38,45.48,-0.02,19,86439,卖盘
09:58:40,45.48,0.0,34,154672,卖盘
09:58:44,45.48,0.0,8,36384,买盘
09:58:47,45.45,-0.03,31,140914,卖盘
09:58:50,45.45,0.0,3,13641,卖盘
09:58:56,45.47,0.02,3,13641,中性盘
09:58:59,45.45,-0.02,2,9090,卖盘
09:59:02,45.48,0.03,37,168174,买盘
09:59:05,45.48,0.0,12,54543,中性盘
09:59:08,45.48,0.0,5,22734,买盘
09:59:11,45.45,-0.03,15,68173,卖盘
09:59:14,45.45,0.0,30,136303,买盘
09:59:17,45.43,-0.02,37,168113,中性盘
09:59:20,45.5,0.07,76,345677,买盘
09:59:21,45.5,0.0,1,4550,卖盘
09:59:26,45.53,0.03,8,36413,买盘
09:59:29,45.53,0.0,3,13658,买盘
09:59:32,45.5,-0.03,37,168382,卖盘
09:59:35,45.52,0.02,2,9105,中性盘
09:59:37,45.5,-0.02,10,45517,卖盘
09:59:41,45.52,0.02,31,141058,买盘
09:59:43,45.5,-0.02,4,18200,卖盘
09:59:47,45.5,0.0,8,36404,卖盘
09:59:50,45.52,0.02,23,104654,买盘
09:59:53,45.5,-0.02,1,4550,卖盘
09:59:56,45.52,0.02,18,81925,买盘
10:00:02,45.45,-0.07,51,231908,卖盘
10:00:04,45.48,0.03,9,40911,买盘
10:00:08,45.44,-0.04,12,54531,卖盘
10:00:11,45.43,-0.01,27,122721,卖盘
10:00:17,45.43,0.0,47,213544,卖盘
10:00:18,45.43,0.0,11,49976,卖盘
10:00:23,45.43,0.0,3,13629,卖盘
10:00:25,45.46,0.03,10,45448,买盘
10:00:29,45.44,-0.02,11,49998,卖盘
10:00:32,45.43,-0.01,28,127193,卖盘
10:00:35,45.44,0.01,3,13638,中性盘
10:00:38,45.41,-0.03,142,645069,卖盘
10:00:41,45.41,0.0,2,9082,卖盘
10:00:42,45.43,0.02,30,136256,买盘
10:00:47,45.4,-0.03,28,127126,卖盘
10:00:50,45.41,0.01,4,18162,中性盘
10:00:53,45.42,0.01,10,45420,买盘
10:00:55,45.4,-0.02,5,22701,卖盘
10:00:59,45.42,0.02,3,13626,卖盘
10:01:02,45.42,0.0,30,136210,卖盘
10:01:05,45.4,-0.02,53,240640,卖盘
10:01:08,45.41,0.01,24,108952,中性盘
10:01:11,45.4,-0.01,8,36322,中性盘
10:01:14,45.42,0.02,4,18162,买盘
10:01:17,45.41,-0.01,58,263310,中性盘
10:01:20,45.4,-0.01,12,54482,中性盘
10:01:23,45.38,-0.02,1,4538,卖盘
10:01:26,45.4,0.02,3,13620,买盘
10:01:29,45.38,-0.02,31,140692,卖盘
10:01:32,45.35,-0.03,27,122463,卖盘
10:01:35,45.33,-0.02,16,72536,卖盘
10:01:38,45.4,0.07,33,149677,买盘
10:01:41,45.34,-0.06,3,13602,中性盘
10:01:44,45.33,-0.01,12,54444,卖盘
10:01:45,45.33,0.0,27,122399,卖盘
10:01:50,45.34,0.01,4,18136,中性盘
10:01:53,45.37,0.03,15,68019,买盘
10:01:56,45.34,-0.03,4,18136,卖盘
10:01:59,45.33,-0.01,23,104256,卖盘
10:02:00,45.32,-0.01,45,203913,卖盘
10:02:05,45.33,0.01,35,158642,买盘
10:02:08,45.32,-0.01,105,475709,中性盘
10:02:11,45.33,0.01,3,13599,卖盘
10:02:14,45.33,0.0,54,244749,卖盘
10:02:17,45.32,-0.01,38,172251,卖盘
10:02:20,45.33,0.01,33,149566,买盘
10:02:23,45.32,-0.01,16,72512,卖盘
10:02:26,45.33,0.01,3,13598,买盘
10:02:29,45.31,-0.02,3,13594,卖盘
10:02:32,45.28,-0.03,39,176661,卖盘
10:02:35,45.32,0.04,11,49838,买盘
10:02:38,45.32,0.0,19,86067,卖盘
10:02:41,45.29,-0.03,5,22659,卖盘
10:02:44,45.31,0.02,8,36242,中性盘
10:02:47,45.3,-0.01,37,167584,中性盘
10:02:50,45.28,-0.02,7,31696,卖盘
10:02:53,45.29,0.01,8,36234,中性盘
10:02:56,45.3,0.01,41,185704,买盘
10:02:59,45.28,-0.02,3,13586,卖盘
10:03:02,45.23,-0.05,27,122204,卖盘
10:03:03,45.3,0.07,27,122256,买盘
10:03:11,45.31,0.01,30,135901,买盘
10:03:14,45.32,0.01,21,95186,买盘
10:03:17,45.35,0.03,69,312728,买盘
10:03:20,45.39,0.04,13,59004,买盘
10:03:21,45.41,0.02,40,181592,买盘
10:03:26,45.41,0.0,45,204146,买盘
10:03:29,45.42,0.01,7,31789,买盘
10:03:30,45.42,0.0,28,127114,中性盘
10:03:35,45.41,-0.01,2,9082,买盘
10:03:36,45.41,0.0,11,49951,买盘
10:03:41,45.44,0.03,42,190629,买盘
10:03:44,45.44,0.0,11,49987,卖盘
10:03:47,45.44,0.0,25,113600,卖盘
10:03:50,45.44,0.0,82,372608,卖盘
10:03:53,45.44,0.0,2,9093,卖盘
10:03:56,45.49,0.05,11,50039,买盘
10:03:59,45.49,0.0,16,72784,买盘
10:04:02,45.44,-0.05,28,127322,卖盘
10:04:05,45.49,0.05,18,81827,卖盘
10:04:08,45.49,0.0,13,59138,买盘
10:04:11,45.45,-0.04,95,432618,卖盘
10:04:14,45.49,0.04,1,4549,买盘
10:04:17,45.45,-0.04,34,154554,卖盘
10:04:20,45.44,-0.01,8,36355,卖盘
10:04:23,45.55,0.11,223,1015272,买盘
10:04:26,45.45,-0.1,2,9090,卖盘
10:04:29,45.55,0.1,223,1015758,买盘
10:04:32,45.53,-0.02,31,141065,中性盘
10:04:35,45.53,0.0,7,31859,买盘
10:04:38,45.51,-0.02,48,218530,卖盘
10:04:44,45.5,-0.01,28,127404,卖盘
10:04:47,45.5,0.0,52,236600,卖盘
10:04:50,45.51,0.01,4,18204,中性盘
10:04:53,45.51,0.0,40,182003,买盘
10:04:56,45.52,0.01,3,13656,买盘
10:04:59,45.51,-0.01,4,18204,卖盘
10:05:02,45.5,-0.01,36,163830,卖盘
10:05:05,45.52,0.02,1,4552,中性盘
10:05:08,45.53,0.01,32,145667,买盘
10:05:11,45.5,-0.03,4,18206,卖盘
10:05:14,45.51,0.01,3,13654,中性盘
10:05:17,45.5,-0.01,50,227516,卖盘
10:05:20,45.53,0.03,8,36406,买盘
10:05:23,45.51,-0.02,3,13654,卖盘
10:05:26,45.5,-0.01,11,50065,卖盘
10:05:29,45.51,0.01,21,95559,买盘
10:05:32,45.52,0.01,53,241218,买盘
10:05:39,45.52,0.0,26,118354,卖盘
10:05:44,45.52,0.0,15,68282,卖盘
10:05:47,45.53,0.01,38,172947,买盘
10:05:50,45.53,0.0,1,4553,买盘
10:05:53,45.52,-0.01,13,59177,卖盘
10:05:56,45.53,0.01,3,13658,买盘
10:05:59,45.52,-0.01,7,31864,买盘
10:06:02,45.51,-0.01,40,182068,卖盘
10:06:08,45.53,0.02,5,22762,中性盘
10:06:11,45.51,-0.02,17,77373,卖盘
10:06:14,45.54,0.03,22,100150,买盘
10:06:17,45.55,0.01,27,122935,买盘
10:06:23,45.52,-0.03,7,31869,卖盘
10:06:26,45.54,0.02,3,13658,买盘
10:06:29,45.51,-0.03,52,236806,卖盘
10:06:32,45.5,-0.01,24,109221,卖盘
10:06:35,45.54,0.04,10,45540,中性盘
10:06:38,45.52,-0.02,12,54602,买盘
10:06:41,45.5,-0.02,7,31850,卖盘
10:06:44,45.51,0.01,27,122831,买盘
10:06:47,45.51,0.0,9,40959,买盘
10:06:50,45.51,0.0,3,13652,买盘
10:06:53,45.51,0.0,1,4551,买盘
10:06:56,45.52,0.01,4,18207,买盘
10:07:02,45.52,0.0,54,245711,买盘
10:07:05,45.52,0.0,8,36412,买盘
10:07:06,45.54,0.02,20,91030,买盘
10:07:10,45.51,-0.03,7,31856,中性盘
10:07:14,45.51,0.0,4,18204,买盘
10:07:17,45.51,0.0,26,118302,买盘
10:07:20,45.51,0.0,30,136514,买盘
10:07:23,45.49,-0.02,46,209299,卖盘
10:07:24,45.48,-0.01,20,90984,卖盘
10:07:27,45.45,-0.03,27,122744,卖盘
10:07:32,45.49,0.04,30,136450,买盘
10:07:38,45.49,0.0,19,86434,卖盘
10:07:41,45.49,0.0,6,27294,卖盘
10:07:44,45.49,0.0,7,31843,卖盘
10:07:47,45.49,0.0,28,127286,卖盘
10:07:50,45.45,-0.04,16,72720,卖盘
10:07:53,45.42,-0.03,58,263550,卖盘
10:07:56,45.49,0.07,5,22745,中性盘
10:08:02,45.44,-0.05,10,45447,卖盘
10:08:05,45.5,0.06,66,300208,买盘
10:08:08,45.42,-0.08,4,18174,卖盘
10:08:14,45.47,0.05,6,27282,买盘
10:08:17,45.46,-0.01,50,227302,卖盘
10:08:20,45.47,0.01,1,4547,买盘
10:08:23,45.49,0.02,7,31840,买盘
10:08:26,45.49,0.0,7,31843,卖盘
10:08:29,45.49,0.0,1,4549,卖盘
10:08:32,45.5,0.01,25,113726,买盘
10:08:38,45.5,0.0,18,81884,买盘
10:08:41,45.49,-0.01,3,13647,卖盘
10:08:44,45.47,-0.02,45,204687,卖盘
10:08:47,45.5,0.03,3,13650,中性盘
10:08:50,45.47,-0.03,9,40931,卖盘
10:08:53,45.48,0.01,13,59141,中性盘
10:08:56,45.49,0.01,19,86415,买盘
10:08:59,45.49,0.0,27,122797,买盘
10:09:02,45.49,0.0,9,40941,卖盘
10:09:05,45.5,0.01,9,40948,买盘
10:09:08,45.49,-0.01,9,40946,卖盘
10:09:11,45.5,0.01,1,4550,买盘
10:09:17,45.5,0.0,1,4550,买盘
10:09:20,45.5,0.0,10,45500,买盘
10:09:23,45.49,-0.01,1,4549,卖盘
10:09:26,45.49,0.0,37,168322,卖盘
10:09:29,45.49,0.0,3,13646,买盘
10:09:32,45.5,0.01,42,191065,买盘
10:09:35,45.48,-0.02,2,9097,卖盘
10:09:44,45.49,0.01,10,45490,买盘
10:09:46,45.49,0.0,1,4549,卖盘
10:09:50,45.49,0.0,5,22749,卖盘
10:09:56,45.5,0.01,6,27298,买盘
10:09:59,45.5,0.0,2,9100,买盘
10:10:02,45.5,0.0,6,27300,买盘
10:10:08,45.5,0.0,8,36400,卖盘
10:10:11,45.51,0.01,37,168387,买盘
10:10:14,45.51,0.0,15,68265,卖盘
10:10:17,45.51,0.0,1,4551,卖盘
10:10:20,45.51,0.0,1,4551,卖盘
10:10:23,45.52,0.01,1,4552,买盘
10:10:29,45.52,0.0,10,45518,买盘
10:10:32,45.52,0.0,1,4552,买盘
10:10:35,45.52,0.0,4,18208,买盘
10:10:38,45.52,0.0,3,13656,买盘
10:10:41,45.54,0.02,11,50080,买盘
10:10:42,45.52,-0.02,7,31864,卖盘
10:10:47,45.54,0.02,2,9108,买盘
10:10:54,45.53,-0.01,3,13659,中性盘
10:11:02,45.54,0.01,16,72861,买盘
10:11:05,45.53,-0.01,85,389829,卖盘
10:11:09,45.52,-0.01,12,54638,卖盘
10:11:11,45.54,0.02,5,22766,买盘
10:11:14,45.52,-0.02,206,937712,卖盘
10:11:16,45.53,0.01,25,113812,买盘
10:11:19,45.53,0.0,37,168461,卖盘
10:11:23,45.53,0.0,2,9106,卖盘
10:11:26,45.54,0.01,1,4554,买盘
10:11:29,45.54,0.0,4,18216,买盘
10:11:32,45.54,0.0,77,350619,买盘
10:11:34,45.54,0.0,18,81972,卖盘
10:11:39,45.54,0.0,3,13662,卖盘
10:11:54,45.54,0.0,6,27324,卖盘
10:11:56,45.54,0.0,1,4554,卖盘
10:11:59,45.55,0.01,20,91099,买盘
10:12:02,45.55,0.0,37,168535,买盘
10:12:05,45.55,0.0,5,22775,买盘
10:12:08,45.55,0.0,14,63766,买盘
10:12:11,45.55,0.0,90,409950,买盘
10:12:14,45.64,0.09,938,4272675,买盘
10:12:17,45.63,-0.01,1,4563,买盘
10:12:20,45.56,-0.07,2,9119,卖盘
10:12:23,45.63,0.07,2,9126,买盘
10:12:26,45.63,0.0,6,27368,买盘
10:12:29,45.64,0.01,4,18253,买盘
10:12:32,45.63,-0.01,7,28747,卖盘
10:12:35,45.64,0.01,2,9128,买盘
10:12:38,45.64,0.0,1,4564,买盘
10:12:41,45.64,0.0,37,168868,买盘
10:12:44,45.63,-0.01,7,31945,卖盘
10:12:47,45.65,0.02,5,22824,买盘
10:12:50,45.65,0.0,15,68475,买盘
10:12:53,45.67,0.02,16,73050,买盘
10:12:56,45.67,0.0,5,22835,买盘
10:12:59,45.67,0.0,2,9134,买盘
10:13:02,45.67,0.0,4,18268,买盘
10:13:05,45.67,0.0,7,31969,买盘
10:13:07,45.67,0.0,6,27402,买盘
10:13:11,45.68,0.01,30,137030,买盘
10:13:14,45.7,0.02,1,4570,买盘
10:13:17,45.73,0.03,30,137120,买盘
10:13:20,45.73,0.0,3,13719,卖盘
10:13:26,45.73,0.0,1,4573,卖盘
10:13:29,45.73,0.0,7,32020,卖盘
10:13:36,45.74,0.01,38,173816,卖盘
10:13:38,45.76,0.02,24,109800,买盘
10:13:44,45.76,0.0,3,13726,买盘
10:13:49,45.76,0.0,27,123551,买盘
10:13:53,45.76,0.0,2,9152,买盘
10:13:56,45.76,0.0,1,4576,买盘
10:13:59,45.75,-0.01,4,18303,卖盘
10:14:01,45.75,0.0,2,9150,中性盘
10:14:05,45.75,0.0,12,54905,买盘
10:14:08,45.75,0.0,10,45750,买盘
10:14:11,45.75,0.0,59,269924,买盘
10:14:14,45.75,0.0,1,4575,卖盘
10:14:26,45.77,0.02,1,4577,卖盘
10:14:27,45.77,0.0,8,36616,卖盘
10:14:31,45.77,0.0,4,18308,买盘
10:14:35,45.77,0.0,69,315817,卖盘
10:14:38,45.79,0.02,15,68674,买盘
10:14:41,45.77,-0.02,2,9154,买盘
10:14:44,45.77,0.0,13,59514,中性盘
10:14:47,45.76,-0.01,9,41184,卖盘
10:14:50,45.78,0.02,2,9157,中性盘
10:14:53,45.79,0.01,13,59517,买盘
10:14:56,45.77,-0.02,2,9154,卖盘
10:14:59,45.79,0.02,10,45787,买盘
10:15:02,45.79,0.0,1,4579,买盘
10:15:05,45.77,-0.02,11,50367,卖盘
10:15:08,45.79,0.02,12,54948,买盘
10:15:11,45.79,0.0,8,36632,买盘
10:15:14,45.79,0.0,25,114475,买盘
10:15:17,45.79,0.0,19,87000,买盘
10:15:19,45.79,0.0,4,18316,买盘
10:15:26,45.79,0.0,9,41211,买盘
10:15:29,45.79,0.0,5,22894,买盘
10:15:32,45.8,0.01,37,169428,买盘
10:15:35,45.8,0.0,20,91584,买盘
10:15:39,45.81,0.01,14,64123,买盘
10:15:41,45.81,0.0,2,9163,卖盘
10:15:43,45.82,0.01,1,4582,买盘
10:15:49,45.8,-0.02,11,50400,卖盘
10:15:53,45.82,0.02,7,32074,买盘
10:15:56,45.82,0.0,6,27492,买盘
10:15:59,45.82,0.0,9,41238,买盘
10:16:02,45.81,-0.01,5,22908,卖盘
10:16:05,45.81,0.0,2,9162,买盘
10:16:07,45.82,0.01,2,9163,买盘
10:16:11,45.81,-0.01,29,132848,买盘
10:16:14,45.81,0.0,8,36648,卖盘
10:16:17,45.81,0.0,10,45810,卖盘
10:16:20,45.82,0.01,34,155788,买盘
10:16:22,45.81,-0.01,7,32069,卖盘
10:16:26,45.82,0.01,8,36655,买盘
10:16:29,45.82,0.0,1,4582,卖盘
10:16:35,45.82,0.0,2,9164,卖盘
10:16:38,45.82,0.0,3,13750,卖盘
10:16:40,45.85,0.03,44,201708,买盘
10:16:44,45.85,0.0,3,13755,卖盘
10:16:47,45.85,0.0,7,32095,卖盘
10:16:50,45.86,0.01,11,50446,买盘
10:16:52,45.88,0.02,10,45862,买盘
10:16:56,45.86,-0.02,3,13758,卖盘
10:16:59,45.84,-0.02,3,13752,买盘
10:17:02,45.84,0.0,1,4584,买盘
10:17:05,45.84,0.0,7,32088,买盘
10:17:08,45.82,-0.02,11,50420,卖盘
10:17:11,45.84,0.02,10,45840,买盘
10:17:14,45.85,0.01,225,1031617,买盘
10:17:17,45.85,0.0,1,4585,卖盘
10:17:20,45.84,-0.01,2,9168,卖盘
10:17:23,45.85,0.01,8,36680,买盘
10:17:26,45.86,0.01,22,100892,买盘
10:17:29,45.85,-0.01,1,4585,卖盘
10:17:38,45.85,0.0,29,132985,卖盘
10:17:40,45.85,0.0,1,4585,卖盘
10:17:44,45.86,0.01,19,87133,买盘
10:17:47,45.86,0.0,8,36688,卖盘
10:17:59,45.87,0.01,11,50457,卖盘
10:18:02,45.88,0.01,5,22939,买盘
10:18:05,45.88,0.0,3,13763,买盘
10:18:09,45.86,-0.02,1,4586,卖盘
10:18:11,45.86,0.0,13,59621,卖盘
10:18:14,45.87,0.01,22,100914,买盘
10:18:17,45.87,0.0,45,206416,卖盘
10:18:23,45.85,-0.02,16,73373,卖盘
10:18:26,45.86,0.01,18,82554,中性盘
10:18:29,45.86,0.0,3,13758,买盘
10:18:32,45.85,-0.01,4,18340,卖盘
10:18:35,45.85,0.0,56,256760,卖盘
10:18:37,45.82,-0.03,30,137496,卖盘
10:18:43,45.85,0.03,36,164944,买盘
10:18:47,45.8,-0.05,70,320672,卖盘
10:18:50,45.81,0.01,10,45810,买盘
10:18:53,45.79,-0.02,3,13737,卖盘
10:18:55,45.78,-0.01,2,9157,卖盘
10:18:59,45.79,0.01,4,18315,买盘
10:19:02,45.79,0.0,115,526581,买盘
10:19:08,45.76,-0.03,24,109824,卖盘
10:19:11,45.76,0.0,2,9152,卖盘
10:19:13,45.78,0.02,21,96136,买盘
10:19:17,45.8,0.02,22,100724,买盘
10:19:19,45.77,-0.03,10,45770,卖盘
10:19:22,45.78,0.01,8,36620,买盘
10:19:26,45.78,0.0,19,86962,买盘
10:19:35,45.78,0.0,33,151074,买盘
10:19:41,45.77,-0.01,12,54924,卖盘
10:19:44,45.78,0.01,12,54936,买盘
10:19:46,45.76,-0.02,1,4576,卖盘
10:19:49,45.78,0.02,16,73248,买盘
10:20:02,45.78,0.0,70,320732,卖盘
10:20:05,45.78,0.0,9,41202,卖盘
10:20:07,45.77,-0.01,23,105291,中性盘
10:20:11,45.76,-0.01,11,50345,卖盘
10:20:14,45.77,0.01,18,82384,买盘
10:20:16,45.77,0.0,9,41193,买盘
10:20:20,45.78,0.01,10,45774,买盘
10:20:23,45.78,0.0,18,82394,买盘
10:20:26,45.78,0.0,2,9155,买盘
10:20:29,45.79,0.01,5,22895,买盘
10:20:32,45.79,0.0,6,27474,买盘
10:20:34,45.79,0.0,14,64105,买盘
10:20:37,45.8,0.01,15,68732,卖盘
10:20:41,45.79,-0.01,12,54948,卖盘
10:20:43,45.8,0.01,1,4580,买盘
10:20:47,45.8,0.0,10,45800,买盘
10:20:50,45.8,0.0,3,13740,卖盘
10:20:56,45.8,0.0,8,36632,买盘
10:20:59,45.78,-0.02,1,4578,卖盘
10:21:02,45.78,0.0,11,50358,卖盘
10:21:05,45.79,0.01,47,215034,买盘
10:21:08,45.8,0.01,1,4580,买盘
10:21:13,45.75,-0.05,2,9151,卖盘
10:21:16,45.73,-0.02,33,150909,卖盘
10:21:20,45.7,-0.03,10,45700,卖盘
10:21:28,45.7,0.0,26,118825,卖盘
10:21:31,45.7,0.0,4,18285,卖盘
10:21:38,45.72,0.02,3,13716,买盘
10:21:41,45.71,-0.01,1,4571,买盘
10:21:44,45.7,-0.01,7,31996,卖盘
10:21:46,45.7,0.0,9,41132,卖盘
10:21:50,45.7,0.0,7,31996,卖盘
10:21:53,45.7,0.0,13,59410,卖盘
10:21:56,45.7,0.0,2,9140,买盘
10:22:00,45.69,-0.01,12,54821,卖盘
10:22:02,45.7,0.01,11,50268,买盘
10:22:05,45.7,0.0,1,4570,买盘
10:22:10,45.69,-0.01,7,31983,买盘
10:22:14,45.68,-0.01,2,9137,卖盘
10:22:17,45.68,0.0,19,86806,卖盘
10:22:20,45.69,0.01,16,73104,买盘
10:22:25,45.7,0.01,18,82246,买盘
10:22:29,45.69,-0.01,26,118783,中性盘
10:22:32,45.7,0.01,13,59410,买盘
10:22:35,45.69,-0.01,11,50263,卖盘
10:22:38,45.69,0.0,12,54835,卖盘
10:22:41,45.69,0.0,17,77688,卖盘
10:22:44,45.68,-0.01,11,50251,卖盘
10:22:47,45.7,0.02,10,45696,买盘
10:22:53,45.69,-0.01,1,4569,买盘
10:22:56,45.68,-0.01,13,59396,卖盘
10:22:57,45.69,0.01,4,18276,买盘
10:23:02,45.69,0.0,43,196467,买盘
10:23:04,45.69,0.0,16,73094,买盘
10:23:07,45.68,-0.01,3,13704,卖盘
10:23:11,45.69,0.01,6,27413,买盘
10:23:14,45.68,-0.01,16,73088,卖盘
10:23:16,45.69,0.01,19,86811,买盘
10:23:26,45.69,0.0,8,36552,买盘
10:23:31,45.69,0.0,18,82240,买盘
10:23:35,45.69,0.0,6,27414,买盘
10:23:38,45.68,-0.01,13,59393,卖盘
10:23:40,45.7,0.02,5,22848,买盘
10:23:46,45.71,0.01,9,41139,买盘
10:23:53,45.71,0.0,1,4571,卖盘
10:23:56,45.7,-0.01,5,22857,卖盘
10:24:02,45.71,0.01,11,50291,中性盘
10:24:05,45.72,0.01,3,13714,买盘
10:24:08,45.72,0.0,5,22857,买盘
10:24:10,45.71,-0.01,6,27430,卖盘
10:24:14,45.72,0.01,18,82290,买盘
10:24:17,45.7,-0.02,16,73139,卖盘
10:24:19,45.71,0.01,15,68583,中性盘
10:24:22,45.71,0.0,6,27429,卖盘
10:24:26,45.72,0.01,9,41156,中性盘
10:24:29,45.73,0.01,6,27430,买盘
10:24:32,45.7,-0.03,2,9140,卖盘
10:24:35,45.69,-0.01,5,22848,卖盘
10:24:38,45.7,0.01,10,45700,买盘
10:24:41,45.69,-0.01,12,54838,卖盘
10:24:43,45.68,-0.01,15,68527,卖盘
10:24:46,45.68,0.0,9,41121,卖盘
10:24:50,45.68,0.0,3,13704,卖盘
10:24:53,45.69,0.01,4,18276,中性盘
10:24:56,45.69,0.0,9,41137,卖盘
10:24:58,45.69,0.0,3,13707,买盘
10:25:01,45.69,0.0,3,13707,买盘
10:25:05,45.71,0.02,17,77681,买盘
10:25:07,45.69,-0.02,6,27421,卖盘
10:25:10,45.69,0.0,1,4569,卖盘
10:25:13,45.69,0.0,1,4569,卖盘
10:25:16,45.72,0.03,5,22860,买盘
10:25:23,45.71,-0.01,10,45710,卖盘
10:25:26,45.72,0.01,8,36576,买盘
10:25:28,45.72,0.0,15,68550,买盘
10:25:32,45.72,0.0,4,18288,买盘
10:25:35,45.72,0.0,3,13714,买盘
10:25:40,45.7,-0.02,3,13712,买盘
10:25:44,45.69,-0.01,12,54857,卖盘
10:25:53,45.7,0.01,26,118815,买盘
10:25:59,45.68,-0.02,14,63960,卖盘
10:26:01,45.69,0.01,1,4569,卖盘
10:26:08,45.69,0.0,5,22845,卖盘
10:26:17,45.69,0.0,6,27414,卖盘
10:26:20,45.7,0.01,31,141654,买盘
10:26:26,45.69,-0.01,3,13707,卖盘
10:26:29,45.69,0.0,2,9138,卖盘
10:26:32,45.7,0.01,3,13710,买盘
10:26:34,45.7,0.0,36,164520,买盘
10:26:38,45.7,0.0,3,13710,卖盘
10:26:40,45.7,0.0,1,4570,卖盘
10:26:50,45.72,0.02,1,4572,中性盘
10:26:53,45.72,0.0,2,9144,卖盘
10:26:59,45.73,0.01,33,150908,买盘
10:27:02,45.73,0.0,7,32010,买盘
10:27:04,45.73,0.0,38,173709,买盘
10:27:08,45.7,-0.03,9,41130,卖盘
10:27:11,45.71,0.01,8,36568,买盘
10:27:15,45.71,0.0,13,59419,买盘
10:27:16,45.72,0.01,16,73130,买盘
10:27:23,45.72,0.0,6,27432,卖盘
10:27:26,45.73,0.01,8,36584,买盘
10:27:31,45.71,-0.02,1,4571,卖盘
10:27:34,45.73,0.02,2,9146,买盘
10:27:38,45.71,-0.02,1,4571,卖盘
10:27:41,45.71,0.0,22,100562,卖盘
10:27:44,45.73,0.02,20,91429,买盘
10:27:47,45.7,-0.03,17,77703,卖盘
10:27:49,45.71,0.01,3,13713,买盘
10:27:53,45.7,-0.01,11,50270,卖盘
10:28:05,45.73,0.03,4,18292,买盘
10:28:07,45.71,-0.02,1,4571,卖盘
10:28:11,45.7,-0.01,2,9369,卖盘
10:28:13,45.73,0.03,2,9146,买盘
10:28:16,45.71,-0.02,1,4571,中性盘
10:28:23,45.72,0.01,10,45720,卖盘
10:28:26,45.73,0.01,3,13719,买盘
10:28:29,45.73,0.0,2,9146,买盘
10:28:32,45.71,-0.02,1,4571,卖盘
10:28:35,45.73,0.02,19,86887,买盘
10:28:38,45.72,-0.01,13,59447,中性盘
10:28:41,45.75,0.03,13,59466,买盘
10:28:47,45.76,0.01,2,9155,卖盘
10:28:50,45.8,0.04,29,132815,买盘
10:28:53,45.77,-0.03,12,54930,卖盘
10:28:56,45.84,0.07,8,36626,买盘
10:29:02,45.77,-0.07,1,4577,中性盘
10:29:05,45.77,0.0,7,32055,卖盘
10:29:08,45.79,0.02,4,18316,中性盘
10:29:11,45.76,-0.03,8,36627,卖盘
10:29:14,45.76,0.0,2,9152,买盘
10:29:17,45.75,-0.01,3,13727,卖盘
10:29:19,45.79,0.04,3,13733,买盘
10:29:23,45.8,0.01,7,32057,买盘
10:29:26,45.8,0.0,4,18320,卖盘
10:29:29,45.82,0.02,3,13746,买盘
10:29:35,45.79,-0.03,14,64119,卖盘
10:29:43,45.77,-0.02,1,4577,中性盘
10:29:47,45.77,0.0,3,13731,中性盘
10:29:50,45.77,0.0,2,9154,买盘
10:29:53,45.76,-0.01,5,22880,卖盘
10:29:56,45.76,0.0,7,32035,卖盘
10:29:59,45.76,0.0,1,4576,卖盘
10:30:02,45.76,0.0,6,27456,卖盘
10:30:05,45.76,0.0,3,13728,买盘
10:30:07,45.75,-0.01,7,32029,卖盘
10:30:11,45.75,0.0,5,22871,中性盘
10:30:17,45.74,-0.01,13,59462,卖盘
10:30:20,45.74,0.0,55,251570,卖盘
10:30:22,45.74,0.0,2,9148,卖盘
10:30:26,45.74,0.0,5,22870,卖盘
10:30:28,45.75,0.01,17,77761,中性盘
10:30:32,45.74,-0.01,2,9150,卖盘
10:30:35,45.76,0.02,2,9152,买盘
10:30:41,45.75,-0.01,24,109790,卖盘
10:30:44,45.74,-0.01,20,91480,卖盘
10:30:50,45.75,0.01,14,64038,买盘
10:30:53,45.75,0.0,27,123504,买盘
10:30:56,45.74,-0.01,6,27447,卖盘
10:30:58,45.74,0.0,1,4574,卖盘
10:31:02,45.74,0.0,5,22870,卖盘
10:31:05,45.75,0.01,7,32021,买盘
10:31:07,45.73,-0.02,6,27442,卖盘
10:31:11,45.73,0.0,9,41157,中性盘
10:31:14,45.75,0.02,23,105211,买盘
10:31:17,45.75,0.0,6,27450,卖盘
10:31:19,45.75,0.0,6,27450,卖盘
10:31:23,45.75,0.0,5,22879,卖盘
10:31:26,45.75,0.0,1,4575,卖盘
10:31:28,45.76,0.01,3,13728,买盘
10:31:31,45.76,0.0,24,109799,买盘
10:31:35,45.75,-0.01,1,4575,中性盘
10:31:38,45.78,0.03,16,73220,买盘
10:31:41,45.79,0.01,28,128136,买盘
10:31:44,45.78,-0.01,1,4578,买盘
10:31:46,45.76,-0.02,1,4576,卖盘
10:31:49,45.76,0.0,11,50337,卖盘
10:31:53,45.78,0.02,2,9154,买盘
10:31:56,45.77,-0.01,1,4577,中性盘
10:32:02,45.78,0.01,4,18312,买盘
10:32:05,45.81,0.03,12,54935,买盘
10:32:11,45.78,-0.03,2,9156,卖盘
10:32:13,45.78,0.0,1,4578,买盘
10:32:17,45.76,-0.02,4,18306,卖盘
10:32:20,45.76,0.0,4,18304,买盘
10:32:23,45.76,0.0,1,4576,买盘
10:32:26,45.73,-0.03,2,9149,卖盘
10:32:29,45.79,0.06,2,9157,买盘
10:32:32,45.78,-0.01,1,4578,中性盘
10:32:35,45.78,0.0,8,36624,卖盘
10:32:38,45.78,0.0,97,444066,卖盘
10:32:41,45.78,0.0,2,9156,买盘
10:32:47,45.75,-0.03,25,114431,卖盘
10:32:53,45.78,0.03,1,4578,卖盘
10:32:55,45.82,0.04,11,50402,买盘
10:32:59,45.78,-0.04,2,9160,卖盘
10:33:01,45.78,0.0,18,82412,卖盘
10:33:05,45.82,0.04,3,13744,买盘
10:33:08,45.8,-0.02,5,22900,卖盘
10:33:11,45.8,0.0,3,13740,卖盘
10:33:17,45.8,0.0,14,64120,卖盘
10:33:20,45.82,0.02,1,4582,买盘
10:33:25,45.8,-0.02,4,18324,卖盘
10:33:29,45.82,0.02,5,22906,买盘
10:33:32,45.78,-0.04,57,261010,卖盘
10:33:35,45.78,0.0,78,357084,卖盘
10:33:40,45.79,0.01,21,98767,买盘
10:33:44,45.75,-0.04,3,13731,卖盘
10:33:46,45.75,0.0,22,100650,卖盘
10:33:49,45.78,0.03,3,13728,买盘
10:33:53,45.77,-0.01,4,18308,中性盘
10:33:58,45.77,0.0,21,96085,买盘
10:34:02,45.75,-0.02,19,86925,卖盘
10:34:05,45.78,0.03,46,210544,买盘
10:34:08,45.75,-0.03,4,18302,卖盘
10:34:11,45.75,0.0,1,4575,卖盘
10:34:16,45.75,0.0,18,82350,卖盘
10:34:19,45.75,0.0,2,9151,卖盘
10:34:23,45.75,0.0,1,4575,卖盘
10:34:26,45.75,0.0,3,13727,卖盘
10:34:29,45.76,0.01,1,4576,买盘
10:34:31,45.75,-0.01,14,64050,卖盘
10:34:35,45.76,0.01,5,22880,买盘
10:34:38,45.76,0.0,1,4576,买盘
10:34:41,45.75,-0.01,1,4575,卖盘
10:34:44,45.75,0.0,1,4575,卖盘
10:34:47,45.75,0.0,15,68625,卖盘
10:34:50,45.76,0.01,15,68640,买盘
10:35:02,45.75,-0.01,17,77775,卖盘
10:35:04,45.75,0.0,2,9151,卖盘
10:35:08,45.75,0.0,9,41178,卖盘
10:35:14,45.75,0.0,7,32026,卖盘
10:35:17,45.75,0.0,8,36602,卖盘
10:35:19,45.75,0.0,9,41175,卖盘
10:35:23,45.76,0.01,4,18302,买盘
10:35:26,45.75,-0.01,78,354196,卖盘
10:35:28,45.75,0.0,4,18300,买盘
10:35:31,45.72,-0.03,17,77725,卖盘
10:35:35,45.72,0.0,3,13945,卖盘
10:35:37,45.72,0.0,21,96012,卖盘
10:35:47,45.72,0.0,24,109501,卖盘
10:35:52,45.71,-0.01,7,32002,卖盘
10:35:55,45.72,0.01,1,4572,买盘
10:35:58,45.71,-0.01,8,36568,卖盘
10:36:02,45.71,0.0,20,91420,卖盘
10:36:05,45.71,0.0,13,59425,卖盘
10:36:08,45.71,0.0,4,18284,卖盘
10:36:11,45.71,0.0,2,9142,卖盘
10:36:14,45.72,0.01,12,54859,买盘
10:36:17,45.7,-0.02,16,73120,卖盘
10:36:19,45.7,0.0,3,13710,卖盘
10:36:23,45.7,0.0,1,4570,卖盘
10:36:31,45.7,0.0,20,91414,卖盘
10:36:40,45.71,0.01,67,306215,买盘
10:36:44,45.7,-0.01,10,45709,卖盘
10:36:47,45.7,0.0,20,91403,卖盘
10:36:56,45.7,0.0,4,18280,卖盘
10:37:02,45.7,0.0,19,86832,卖盘
10:37:04,45.7,0.0,18,82260,卖盘
10:37:08,45.7,0.0,9,41130,买盘
10:37:11,45.7,0.0,5,22850,买盘
10:37:14,45.7,0.0,7,31990,买盘
10:37:16,45.69,-0.01,14,63966,卖盘
10:37:20,45.69,0.0,1,4569,卖盘
10:37:26,45.69,0.0,6,27419,卖盘
10:37:28,45.7,0.01,2,9140,买盘
10:37:32,45.69,-0.01,18,82245,卖盘
10:37:34,45.69,0.0,11,50259,卖盘
10:37:38,45.69,0.0,4,18277,卖盘
10:37:41,45.69,0.0,1,4569,卖盘
10:37:46,45.69,0.0,18,82242,卖盘
10:37:53,45.69,0.0,29,132502,卖盘
10:38:02,45.69,0.0,16,73104,卖盘
10:38:05,45.7,0.01,8,36558,买盘
10:38:07,45.7,0.0,1,4570,买盘
10:38:10,45.7,0.0,6,27415,买盘
10:38:14,45.69,-0.01,1,4569,卖盘
10:38:17,45.69,0.0,30,137056,卖盘
10:38:20,45.69,0.0,7,31983,买盘
10:38:22,45.68,-0.01,1,4568,卖盘
10:38:28,45.69,0.01,17,77675,买盘
10:38:31,45.69,0.0,6,27416,卖盘
10:38:35,45.69,0.0,2,9139,卖盘
10:38:38,45.7,0.01,19,86814,买盘
10:38:41,45.7,0.0,2,9140,买盘
10:38:46,45.69,-0.01,2,9138,中性盘
10:38:50,45.7,0.01,4,18275,买盘
10:38:53,45.68,-0.02,23,105071,卖盘
10:38:56,45.72,0.04,4,18286,买盘
10:38:58,45.68,-0.04,1,4568,卖盘
10:39:05,45.72,0.04,3,13712,买盘
10:39:07,45.68,-0.04,19,86793,卖盘
10:39:11,45.72,0.04,12,54836,买盘
10:39:16,45.7,-0.02,2,9142,卖盘
10:39:23,45.68,-0.02,17,77662,卖盘
10:39:26,45.75,0.07,3,13725,买盘
10:39:32,45.7,-0.05,5,22863,卖盘
10:39:38,45.68,-0.02,23,105078,卖盘
10:39:41,45.7,0.02,4,18280,买盘
10:39:50,45.68,-0.02,10,45698,卖盘
10:39:52,45.68,0.0,23,105093,卖盘
10:39:56,45.75,0.07,4,18286,买盘
10:39:59,45.75,0.0,2,9143,买盘
10:40:07,45.68,-0.07,18,82224,卖盘
10:40:10,45.74,0.06,3,13722,买盘
10:40:14,45.68,-0.06,3,13704,卖盘
10:40:17,45.73,0.05,2,9146,买盘
10:40:19,45.74,0.01,2,9147,买盘
10:40:26,45.73,-0.01,18,82244,买盘
10:40:29,45.73,0.0,2,9146,买盘
10:40:32,45.68,-0.05,1,4568,卖盘
10:40:38,45.69,0.01,1,4569,卖盘
10:40:41,45.72,0.03,17,77670,买盘
10:40:44,45.68,-0.04,1,4568,卖盘
10:40:46,45.68,0.0,7,31996,卖盘
10:40:50,45.73,0.05,1,4573,买盘
10:40:56,45.7,-0.03,19,86800,卖盘
10:40:59,45.72,0.02,1,4572,买盘
10:41:05,45.68,-0.04,9,41128,卖盘
10:41:08,45.7,0.02,3,13710,买盘
10:41:11,45.69,-0.01,22,100499,中性盘
10:41:14,45.69,0.0,2,9138,买盘
10:41:20,45.69,0.0,3,13707,买盘
10:41:26,45.69,0.0,20,91365,买盘
10:41:29,45.69,0.0,3,13705,买盘
10:41:31,45.7,0.01,5,22845,买盘
10:41:35,45.68,-0.02,10,45680,卖盘
10:41:37,45.7,0.02,2,9140,买盘
10:41:41,45.69,-0.01,1,4569,买盘
10:41:43,45.68,-0.01,1,4568,卖盘
10:41:47,45.69,0.01,1,4569,买盘
10:41:49,45.68,-0.01,6,27411,卖盘
10:41:52,45.7,0.02,23,105104,买盘
10:41:55,45.7,0.0,4,18278,买盘
10:42:02,45.68,-0.02,12,54816,卖盘
10:42:05,45.69,0.01,4,18275,买盘
10:42:11,45.68,-0.01,2,9136,卖盘
10:42:14,45.69,0.01,2,9138,买盘
10:42:23,45.68,-0.01,2,9136,卖盘
10:42:26,45.68,0.0,1,4568,卖盘
10:42:29,45.69,0.01,2,9138,买盘
10:42:32,45.69,0.0,1,4569,买盘
10:42:34,45.68,-0.01,14,63958,卖盘
10:42:38,45.69,0.01,2,9138,买盘
10:42:41,45.69,0.0,1,4569,买盘
10:42:44,45.68,-0.01,11,50256,卖盘
10:42:50,45.68,0.0,1,4568,卖盘
10:42:53,45.68,0.0,8,36544,卖盘
10:42:58,45.67,-0.01,1,4567,卖盘
10:43:02,45.68,0.01,1,4568,买盘
10:43:07,45.67,-0.01,4,18269,卖盘
10:43:14,45.67,0.0,28,127880,卖盘
10:43:17,45.68,0.01,2,9136,买盘
10:43:23,45.68,0.0,7,31970,买盘
10:43:32,45.68,0.0,4,18272,买盘
10:43:35,45.68,0.0,5,22840,买盘
10:43:38,45.68,0.0,18,82224,买盘
10:43:41,45.68,0.0,8,36544,买盘
10:43:44,45.68,0.0,3,13704,卖盘
10:43:47,45.7,0.02,46,210115,买盘
10:43:49,45.7,0.0,4,18280,买盘
10:43:53,45.7,0.0,2,9140,买盘
10:43:55,45.7,0.0,29,132530,买盘
10:43:58,45.72,0.02,4,18288,买盘
10:44:05,45.69,-0.03,17,77690,卖盘
10:44:08,45.66,-0.03,113,516023,卖盘
10:44:11,45.72,0.06,20,91398,买盘
10:44:16,45.7,-0.02,2,9140,卖盘
10:44:20,45.7,0.0,18,82260,卖盘
10:44:23,45.71,0.01,9,41126,买盘
10:44:28,45.7,-0.01,1,4570,卖盘
10:44:32,45.79,0.09,290,1327462,买盘
10:44:35,45.78,-0.01,21,96059,中性盘
10:44:37,45.7,-0.08,17,77728,卖盘
10:44:41,45.7,0.0,40,182800,买盘
10:44:44,45.78,0.08,2,9156,买盘
10:44:50,45.7,-0.08,14,64020,卖盘
10:44:55,45.78,0.08,2,9156,卖盘
10:44:59,45.78,0.0,2,9156,中性盘
10:45:02,45.7,-0.08,1,4570,卖盘
10:45:04,45.7,0.0,16,73120,卖盘
10:45:08,45.7,0.0,22,100580,卖盘
10:45:10,45.78,0.08,1,4578,买盘
10:45:17,45.77,-0.01,3,13717,买盘
10:45:23,45.69,-0.08,10,45697,卖盘
10:45:26,45.69,0.0,3,13707,买盘
10:45:29,45.69,0.0,7,31985,卖盘
10:45:35,45.68,-0.01,17,77665,卖盘
10:45:38,45.76,0.08,3,13712,买盘
10:45:43,45.69,-0.07,1,4569,中性盘
10:45:50,45.66,-0.03,12,54802,卖盘
10:45:53,45.76,0.1,3,13728,买盘
10:45:56,45.66,-0.1,1,4566,卖盘
10:46:05,45.66,0.0,17,77622,卖盘
10:46:08,45.66,0.0,9,41121,卖盘
10:46:11,45.75,0.09,26,118743,买盘
10:46:17,45.65,-0.1,4,18271,卖盘
10:46:19,45.66,0.01,37,168942,买盘
10:46:23,45.74,0.08,3,13722,买盘
10:46:25,45.75,0.01,9,41159,买盘
10:46:29,45.66,-0.09,3,13707,中性盘
10:46:35,45.65,-0.01,12,54780,卖盘
10:46:38,45.7,0.05,3,13710,买盘
10:46:40,45.66,-0.04,1,4566,卖盘
10:46:50,45.66,0.0,18,82188,卖盘
10:46:52,45.69,0.03,3,13707,买盘
10:46:55,45.66,-0.03,1,4566,卖盘
10:46:58,45.69,0.03,10,45666,买盘
10:47:02,45.66,-0.03,1,4566,卖盘
10:47:05,45.66,0.0,1,4566,卖盘
10:47:11,45.65,-0.01,15,68482,卖盘
10:47:14,45.66,0.01,4,18270,卖盘
10:47:26,45.68,0.02,33,150744,买盘
10:47:29,45.69,0.01,9,41115,买盘
10:47:32,45.7,0.01,4,18280,买盘
10:47:34,45.7,0.0,4,18279,买盘
10:47:38,45.69,-0.01,3,13707,卖盘
10:47:41,45.68,-0.01,18,82224,卖盘
10:47:44,45.7,0.02,1,4570,买盘
10:47:47,45.75,0.05,61,278830,买盘
10:47:50,45.76,0.01,1,4576,买盘
10:47:53,45.76,0.0,10,45776,卖盘
10:47:56,45.75,-0.01,18,82350,卖盘
10:47:58,45.8,0.05,172,787655,买盘
10:48:02,45.75,-0.05,19,86927,卖盘
10:48:05,45.75,0.0,7,32025,买盘
10:48:08,45.75,0.0,3,13726,卖盘
10:48:10,45.71,-0.04,2,9142,卖盘
10:48:20,45.71,0.0,2,9141,买盘
10:48:23,45.71,0.0,9,41139,买盘
10:48:26,45.68,-0.03,20,91373,卖盘
10:48:29,45.69,0.01,4,18282,卖盘
10:48:32,45.71,0.02,2,9142,买盘
10:48:35,45.71,0.0,1,4571,买盘
10:48:41,45.71,0.0,16,73104,买盘
10:48:44,45.71,0.0,3,13713,买盘
10:48:50,45.69,-0.02,1,4569,卖盘
10:48:52,45.69,0.0,1,4569,卖盘
10:48:56,45.68,-0.01,16,73090,卖盘
10:48:59,45.71,0.03,3,13713,买盘
10:49:02,45.71,0.0,15,68565,买盘
10:49:05,45.76,0.05,14,63985,买盘
10:49:08,45.75,-0.01,2,9150,卖盘
10:49:11,45.68,-0.07,20,91388,卖盘
10:49:14,45.75,0.07,2,9151,中性盘
10:49:17,45.79,0.04,6,27474,买盘
10:49:19,45.79,0.0,12,54898,买盘
10:49:25,45.76,-0.03,3,13732,卖盘
10:49:35,45.76,0.0,14,64064,买盘
10:49:38,45.69,-0.07,4,18280,卖盘
10:49:40,45.71,0.02,20,91378,买盘
10:49:43,45.75,0.04,2,9150,买盘
10:49:47,45.71,-0.04,3,15097,卖盘
10:49:50,45.69,-0.02,1,4570,买盘
10:49:52,45.76,0.07,1,4576,买盘
10:49:56,45.68,-0.08,5,22849,卖盘
10:49:58,45.75,0.07,15,68541,买盘
10:50:04,45.77,0.02,19,86819,中性盘
10:50:11,45.78,0.01,10,45690,买盘
10:50:13,45.68,-0.1,16,73088,卖盘
10:50:17,45.78,0.1,4,18312,买盘
10:50:20,45.78,0.0,2,7775,买盘
10:50:28,45.68,-0.1,2,9136,卖盘
10:50:32,45.68,0.0,1,4568,卖盘
10:50:35,45.68,0.0,1,4568,卖盘
10:50:38,45.75,0.07,1,4575,卖盘
10:50:46,45.75,0.0,27,123357,买盘
10:50:50,45.75,0.0,5,22875,卖盘
10:50:56,45.75,0.0,4,18300,买盘
10:51:07,45.68,-0.07,6,27410,卖盘
10:51:10,45.69,0.01,2,9144,卖盘
10:51:14,45.69,0.0,1,4569,买盘
10:51:16,45.7,0.01,7,31989,中性盘
10:51:26,45.7,0.0,3,13718,卖盘
10:51:28,45.7,0.0,2,9144,卖盘
10:51:32,45.7,0.0,4,18280,卖盘
10:51:34,45.75,0.05,4,18297,买盘
10:51:37,45.7,-0.05,3,13718,卖盘
10:51:40,45.75,0.05,11,50280,买盘
10:51:49,45.7,-0.05,3,13710,卖盘
10:51:53,45.74,0.04,1,4574,买盘
10:52:02,45.7,-0.04,11,50282,卖盘
10:52:05,45.73,0.03,2,9146,买盘
10:52:08,45.7,-0.03,8,36560,卖盘
10:52:11,45.7,0.0,2,9143,卖盘
10:52:26,45.73,0.03,8,36564,买盘
10:52:28,45.7,-0.03,8,36563,卖盘
10:52:32,45.69,-0.01,37,169084,卖盘
10:52:35,45.7,0.01,3,13710,买盘
10:52:38,45.7,0.0,1,4570,买盘
10:52:46,45.67,-0.03,33,150742,卖盘
10:52:50,45.68,0.01,23,105044,买盘
10:52:53,45.68,0.0,15,68529,卖盘
10:52:56,45.68,0.0,1,4568,中性盘
10:52:58,45.67,-0.01,1,4567,卖盘
10:53:01,45.67,0.0,2,9134,买盘
10:53:05,45.66,-0.01,5,22832,卖盘
10:53:08,45.66,0.0,13,59358,卖盘
10:53:11,45.66,0.0,19,86754,卖盘
10:53:17,45.66,0.0,2,9132,买盘
10:53:25,45.65,-0.01,11,50221,卖盘
10:53:28,45.67,0.02,11,50231,买盘
10:53:31,45.68,0.01,12,54809,买盘
10:53:34,45.69,0.01,2,9137,买盘
10:53:41,45.7,0.01,1,4570,买盘
10:53:43,45.7,0.0,6,27432,卖盘
10:53:47,45.75,0.05,12,54841,买盘
10:53:50,45.75,0.0,3,13715,买盘
10:53:53,45.75,0.0,6,27414,买盘
10:54:02,45.75,0.0,2,9150,买盘
10:54:04,45.75,0.0,1,4575,卖盘
10:54:10,45.75,0.0,11,50325,中性盘
10:54:14,45.75,0.0,2,9150,中性盘
10:54:22,45.75,0.0,10,45724,买盘
10:54:26,45.75,0.0,6,27445,买盘
10:54:29,45.68,-0.07,3,13718,卖盘
10:54:31,45.67,-0.01,8,36566,卖盘
10:54:38,45.68,0.01,1,4568,买盘
10:54:41,45.68,0.0,8,36580,中性盘
10:54:43,45.68,0.0,3,13718,卖盘
10:54:50,45.75,0.07,5,22875,买盘
10:54:52,45.75,0.0,5,22875,买盘
10:54:59,45.75,0.0,1,4575,买盘
10:55:01,45.75,0.0,3,13713,买盘
10:55:08,45.69,-0.06,10,45696,卖盘
10:55:14,45.74,0.05,1,4574,中性盘
10:55:17,45.74,0.0,3,13722,买盘
10:55:20,45.69,-0.05,1,4569,卖盘
10:55:29,45.69,0.0,2,9138,卖盘
10:55:35,45.74,0.05,2,9148,买盘
10:55:38,45.69,-0.05,2,9138,卖盘
10:55:50,45.69,0.0,2,9142,卖盘
10:55:52,45.69,0.0,3,13709,卖盘
10:55:56,45.73,0.04,1,4573,买盘
10:56:02,45.69,-0.04,1,4569,卖盘
10:56:05,45.73,0.04,15,68592,买盘
10:56:08,45.73,0.0,2,9146,卖盘
10:56:10,45.74,0.01,9,41166,买盘
10:56:13,45.73,-0.01,6,27438,卖盘
10:56:22,45.69,-0.04,1,4569,卖盘
10:56:35,45.7,0.01,1,4570,卖盘
10:56:38,45.73,0.03,21,95988,买盘
10:56:47,45.7,-0.03,1,4570,卖盘
10:56:50,45.72,0.02,2,9144,买盘
10:56:52,45.7,-0.02,5,22856,卖盘
10:56:56,45.72,0.02,3,13712,买盘
10:57:02,45.74,0.02,17,77735,买盘
10:57:04,45.75,0.01,7,32016,买盘
10:57:14,45.7,-0.05,3,13710,卖盘
10:57:17,45.72,0.02,1,4572,中性盘
10:57:22,45.7,-0.02,2,9140,卖盘
10:57:26,45.72,0.02,1,4572,买盘
10:57:29,45.69,-0.03,6,27424,卖盘
10:57:32,45.69,0.0,12,54830,卖盘
10:57:35,45.69,0.0,21,95953,卖盘
10:57:37,45.72,0.03,12,54847,买盘
10:57:41,45.68,-0.04,33,150764,卖盘
10:57:44,45.7,0.02,6,27420,买盘
10:57:46,45.68,-0.02,2,9138,卖盘
10:57:50,45.7,0.02,6,27416,买盘
10:57:53,45.68,-0.02,51,233022,卖盘
10:57:56,45.74,0.06,4,18296,买盘
10:58:02,45.73,-0.01,2,9141,中性盘
10:58:05,45.73,0.0,10,45685,买盘
10:58:08,45.68,-0.05,35,159880,卖盘
10:58:16,45.68,0.0,3,13704,买盘
10:58:19,45.68,0.0,3,13704,买盘
10:58:26,45.68,0.0,15,68521,卖盘
10:58:29,45.67,-0.01,1,4567,卖盘
10:58:35,45.67,0.0,6,27407,卖盘
10:58:38,45.68,0.01,1,4568,买盘
10:58:40,45.67,-0.01,23,105041,卖盘
10:58:49,45.67,0.0,27,123309,卖盘
10:58:59,45.66,-0.01,9,41094,卖盘
10:59:07,45.66,0.0,13,59362,卖盘
10:59:14,45.66,0.0,6,27396,卖盘
10:59:17,45.66,0.0,2,9132,卖盘
10:59:20,45.66,0.0,2,9132,卖盘
10:59:25,45.65,-0.01,2,9130,卖盘
10:59:29,45.64,-0.01,68,310417,卖盘
10:59:32,45.64,0.0,7,31948,卖盘
10:59:34,45.65,0.01,3,13693,买盘
10:59:38,45.65,0.0,5,22817,买盘
10:59:41,45.63,-0.02,4,18252,卖盘
10:59:43,45.61,-0.02,41,190264,卖盘
10:59:47,45.61,0.0,17,77576,卖盘
10:59:49,45.61,0.0,9,41049,中性盘
10:59:53,45.65,0.04,1,4565,买盘
10:59:56,45.6,-0.05,2,9120,卖盘
10:59:59,45.6,0.0,79,360240,卖盘
11:00:02,45.59,-0.01,1,4559,卖盘
11:00:05,45.58,-0.01,27,123087,卖盘
11:00:08,45.58,0.0,29,132182,卖盘
11:00:11,45.57,-0.01,2,9114,卖盘
11:00:16,45.57,0.0,1,4557,买盘
11:00:22,45.56,-0.01,1,4556,卖盘
11:00:26,45.56,0.0,2,9112,卖盘
11:00:28,45.56,0.0,3,13670,卖盘
11:00:38,45.56,0.0,28,127614,卖盘
11:00:41,45.56,0.0,14,63784,卖盘
11:00:44,45.55,-0.01,21,95673,卖盘
11:00:56,45.55,0.0,1,4555,卖盘
11:00:58,45.55,0.0,5,22775,卖盘
11:01:02,45.56,0.01,4,18224,买盘
11:01:05,45.55,-0.01,24,109310,卖盘
11:01:08,45.55,0.0,2,9110,买盘
11:01:10,45.55,0.0,4,18220,买盘
11:01:16,45.55,0.0,23,104702,买盘
11:01:20,45.53,-0.02,7,31873,卖盘
11:01:23,45.53,0.0,4,18212,买盘
11:01:26,45.51,-0.02,12,54617,卖盘
11:01:31,45.51,0.0,1,4551,卖盘
11:01:35,45.51,0.0,27,122877,卖盘
11:01:38,45.53,0.02,18,81924,买盘
11:01:40,45.51,-0.02,2,9102,卖盘
11:01:44,45.5,-0.01,19,86453,卖盘
11:01:47,45.52,0.02,22,100102,买盘
11:01:50,45.5,-0.02,10,45500,卖盘
11:01:53,45.5,0.0,1,4550,卖盘
11:01:56,45.5,0.0,7,31850,卖盘
11:01:59,45.5,0.0,2,9100,卖盘
11:02:05,45.51,0.01,3,13653,买盘
11:02:07,45.5,-0.01,4,18200,卖盘
11:02:10,45.52,0.02,8,36409,买盘
11:02:14,45.53,0.01,27,122899,买盘
11:02:17,45.53,0.0,43,195704,买盘
11:02:19,45.53,0.0,6,27321,卖盘
11:02:23,45.55,0.02,1,4555,买盘
11:02:26,45.56,0.01,18,81971,买盘
11:02:29,45.57,0.01,17,77469,买盘
11:02:32,45.57,0.0,4,18228,买盘
11:02:34,45.58,0.01,19,86602,买盘
11:02:38,45.59,0.01,5,22791,买盘
11:02:41,45.6,0.01,7,31911,买盘
11:02:44,45.58,-0.02,14,63812,中性盘
11:02:47,45.58,0.0,20,91127,买盘
11:02:50,45.56,-0.02,1,4556,买盘
11:02:52,45.56,0.0,1,4556,买盘
11:02:56,45.52,-0.04,20,91022,买盘
11:03:05,45.5,-0.02,245,1114752,卖盘
11:03:08,45.48,-0.02,40,181957,卖盘
11:03:11,45.48,0.0,8,36386,卖盘
11:03:13,45.48,0.0,22,100056,卖盘
11:03:16,45.46,-0.02,56,254635,卖盘
11:03:23,45.48,0.02,2,9096,买盘
11:03:26,45.46,-0.02,5,22730,卖盘
11:03:28,45.45,-0.01,4,18180,卖盘
11:03:32,45.47,0.02,5,22727,买盘
11:03:34,45.45,-0.02,17,77267,卖盘
11:03:37,45.48,0.03,10,45473,买盘
11:03:41,45.46,-0.02,2,9092,中性盘
11:03:47,45.46,0.0,2,9091,买盘
11:03:49,45.45,-0.01,2,9090,卖盘
11:03:52,45.45,0.0,16,72725,卖盘
11:03:56,45.45,0.0,1,4545,卖盘
11:03:58,45.46,0.01,2,9092,买盘
11:04:02,45.45,-0.01,3,13635,卖盘
11:04:04,45.46,0.01,89,404565,买盘
11:04:08,45.46,0.0,22,100029,卖盘
11:04:10,45.48,0.02,55,250120,买盘
11:04:13,45.48,0.0,9,40924,买盘
11:04:17,45.49,0.01,10,45488,买盘
11:04:19,45.49,0.0,13,59137,卖盘
11:04:23,45.48,-0.01,28,127356,卖盘
11:04:26,45.48,0.0,10,45480,买盘
11:04:29,45.48,0.0,6,27288,买盘
11:04:31,45.49,0.01,5,22743,买盘
11:04:34,45.49,0.0,4,18196,买盘
11:04:38,45.48,-0.01,2,9096,卖盘
11:04:41,45.48,0.0,2,9096,卖盘
11:04:43,45.48,0.0,16,72768,买盘
11:04:50,45.47,-0.01,2,9094,卖盘
11:04:55,45.47,0.0,7,31835,卖盘
11:05:02,45.48,0.01,2,9096,买盘
11:05:04,45.47,-0.01,21,95487,卖盘
11:05:08,45.47,0.0,2,9094,买盘
11:05:11,45.46,-0.01,2,9093,卖盘
11:05:13,45.47,0.01,2,9093,买盘
11:05:17,45.46,-0.01,36,163659,卖盘
11:05:19,45.46,0.0,9,40914,卖盘
11:05:24,45.46,0.0,18,81829,卖盘
11:05:26,45.46,0.0,3,13638,卖盘
11:05:29,45.46,0.0,71,322767,卖盘
11:05:31,45.45,-0.01,201,913682,卖盘
11:05:34,45.43,-0.02,8,36345,卖盘
11:05:37,45.43,0.0,9,40890,卖盘
11:05:41,45.42,-0.01,4,18168,卖盘
11:05:44,45.41,-0.01,54,245264,卖盘
11:05:46,45.38,-0.03,279,1266637,卖盘
11:05:49,45.4,0.02,3,13619,买盘
11:05:53,45.36,-0.04,13,58990,卖盘
11:05:59,45.35,-0.01,13,58958,卖盘
11:06:01,45.35,0.0,5,22671,买盘
11:06:05,45.34,-0.01,6,27204,卖盘
11:06:08,45.33,-0.01,13,58930,卖盘
11:06:10,45.33,0.0,3,13599,买盘
11:06:14,45.31,-0.02,33,149552,卖盘
11:06:16,45.31,0.0,18,81566,卖盘
11:06:20,45.32,0.01,7,31719,买盘
11:06:23,45.31,-0.01,1,4531,卖盘
11:06:26,45.31,0.0,117,530109,卖盘
11:06:29,45.3,-0.01,8,36244,卖盘
11:06:32,45.31,0.01,21,95135,买盘
11:06:35,45.3,-0.01,55,249155,卖盘
11:06:38,45.31,0.01,61,276346,买盘
11:06:40,45.3,-0.01,18,81545,卖盘
11:06:44,45.3,0.0,11,49826,买盘
11:06:47,45.28,-0.02,7,31704,卖盘
11:06:49,45.28,0.0,11,49812,卖盘
11:06:54,45.31,0.03,11,49833,买盘
11:06:56,45.3,-0.01,5,22644,中性盘
11:06:59,45.31,0.01,17,77015,买盘
11:07:02,45.3,-0.01,26,117789,卖盘
11:07:04,45.3,0.0,84,380386,买盘
11:07:07,45.3,0.0,36,163010,中性盘
11:07:11,45.29,-0.01,6,27178,卖盘
11:07:16,45.3,0.01,2,9063,中性盘
11:07:20,45.3,0.0,2,9060,买盘
11:07:23,45.29,-0.01,12,54356,卖盘
11:07:26,45.28,-0.01,36,163042,卖盘
11:07:29,45.29,0.01,65,294528,买盘
11:07:32,45.29,0.0,14,63406,买盘
11:07:35,45.29,0.0,11,49816,中性盘
11:07:39,45.29,0.0,8,36240,买盘
11:07:41,45.31,0.02,6,27178,中性盘
11:07:44,45.29,-0.02,23,104179,卖盘
11:07:46,45.28,-0.01,13,58879,卖盘
11:07:49,45.32,0.04,1,4532,买盘
11:07:54,45.32,0.0,7,31716,买盘
11:07:56,45.26,-0.06,28,126743,卖盘
11:07:59,45.28,0.02,38,171983,买盘
11:08:02,45.28,0.0,10,45280,卖盘
11:08:05,45.27,-0.01,3,13581,卖盘
11:08:07,45.27,0.0,3,13581,买盘
11:08:10,45.27,0.0,1,4527,买盘
11:08:13,45.25,-0.02,64,289627,卖盘
11:08:16,45.27,0.02,99,448012,买盘
11:08:20,45.27,0.0,21,95054,买盘
11:08:24,45.27,0.0,22,99566,买盘
11:08:25,45.27,0.0,37,167459,买盘
11:08:29,45.27,0.0,8,36216,买盘
11:08:32,45.27,0.0,2,9051,买盘
11:08:35,45.24,-0.03,2,9051,卖盘
11:08:38,45.24,0.0,15,67860,卖盘
11:08:40,45.24,0.0,14,63351,买盘
11:08:44,45.24,0.0,1,4524,买盘
11:08:47,45.25,0.01,26,117650,卖盘
11:08:50,45.24,-0.01,57,257928,卖盘
11:08:52,45.27,0.03,1,4527,买盘
11:08:56,45.27,0.0,53,239777,买盘
11:09:01,45.26,-0.01,40,180934,买盘
11:09:04,45.23,-0.03,22,99515,卖盘
11:09:07,45.24,0.01,18,81428,买盘
11:09:10,45.23,-0.01,18,81418,卖盘
11:09:14,45.22,-0.01,54,244241,卖盘
11:09:16,45.21,-0.01,1,4521,卖盘
11:09:20,45.22,0.01,27,122074,买盘
11:09:24,45.22,0.0,2,9044,买盘
11:09:26,45.2,-0.02,3,13560,卖盘
11:09:29,45.2,0.0,118,533467,卖盘
11:09:32,45.22,0.02,27,119492,卖盘
11:09:35,45.22,0.0,20,90418,买盘
11:09:38,45.22,0.0,76,343538,买盘
11:09:40,45.22,0.0,1,4522,买盘
11:09:44,45.2,-0.02,7,31640,卖盘
11:09:46,45.22,0.02,24,108494,买盘
11:09:49,45.2,-0.02,2,9042,卖盘
11:09:54,45.18,-0.02,106,479103,卖盘
11:09:56,45.22,0.04,18,81396,买盘
11:09:59,45.18,-0.04,15,67777,卖盘
11:10:02,45.18,0.0,24,111011,卖盘
11:10:04,45.12,-0.06,23,103826,卖盘
11:10:07,45.13,0.01,9,40625,中性盘
11:10:11,45.13,0.0,9,40614,买盘
11:10:14,45.16,0.03,60,270684,买盘
11:10:16,45.13,-0.03,54,243658,卖盘
11:10:20,45.16,0.03,5,22571,买盘
11:10:23,45.16,0.0,26,117382,买盘
11:10:26,45.13,-0.03,27,121875,卖盘
11:10:29,45.15,0.02,10,45148,中性盘
11:10:32,45.16,0.01,10,45152,买盘
11:10:35,45.16,0.0,104,469630,卖盘
11:10:39,45.16,0.0,34,153564,卖盘
11:10:41,45.16,0.0,42,189696,卖盘
11:10:44,45.16,0.0,17,76769,买盘
11:10:47,45.15,-0.01,9,40639,卖盘
11:10:50,45.15,0.0,15,67730,卖盘
11:10:54,45.13,-0.02,10,45140,卖盘
11:10:55,45.11,-0.02,5,22560,卖盘
11:10:59,45.11,0.0,1,4511,卖盘
11:11:01,45.13,0.02,19,85720,中性盘
11:11:04,45.15,0.02,68,306742,买盘
11:11:08,45.11,-0.04,62,279690,中性盘
11:11:11,45.1,-0.01,8,36096,卖盘
11:11:14,45.13,0.03,2,9026,买盘
11:11:17,45.1,-0.03,119,536725,卖盘
11:11:19,45.1,0.0,46,207491,买盘
11:11:23,45.1,0.0,174,783603,买盘
11:11:25,45.08,-0.02,5,22548,中性盘
11:11:29,45.08,0.0,4,18027,中性盘
11:11:32,45.02,-0.06,1,4502,卖盘
11:11:35,45.02,0.0,129,580766,卖盘
11:11:38,45.06,0.04,19,85530,买盘
11:11:44,45.02,-0.04,5,22508,中性盘
11:11:46,45.02,0.0,3,13506,买盘
11:11:50,45.02,0.0,9,40512,买盘
11:11:54,45.02,0.0,91,409609,买盘
11:11:56,45.02,0.0,8,36011,卖盘
11:11:59,45.04,0.02,12,54027,买盘
11:12:02,45.01,-0.03,42,189052,卖盘
11:12:05,45.04,0.03,13,58552,买盘
11:12:07,45.02,-0.02,6,27012,卖盘
11:12:10,45.04,0.02,1,4504,买盘
11:12:14,45.02,-0.02,4,18010,卖盘
11:12:18,45.02,0.0,30,135060,卖盘
11:12:24,45.02,0.0,8,36027,中性盘
11:12:26,45.04,0.02,14,63046,买盘
11:12:29,45.03,-0.01,17,76546,中性盘
11:12:32,45.03,0.0,23,103569,买盘
11:12:35,45.04,0.01,34,153119,买盘
11:12:38,45.04,0.0,24,108096,卖盘
11:12:41,45.05,0.01,41,184682,买盘
11:12:47,45.06,0.01,34,153172,买盘
11:12:50,45.05,-0.01,2,9010,中性盘
11:12:54,45.04,-0.01,37,166648,卖盘
11:12:56,45.05,0.01,23,103601,买盘
11:12:59,45.05,0.0,1,4505,卖盘
11:13:01,45.05,0.0,2,9010,卖盘
11:13:05,45.06,0.01,3,13517,买盘
11:13:07,45.06,0.0,45,202794,买盘
11:13:12,45.1,0.04,12,54116,买盘
11:13:14,45.05,-0.05,3,13515,卖盘
11:13:17,45.06,0.01,2,9012,中性盘
11:13:21,45.07,0.01,17,76604,买盘
11:13:24,45.07,0.0,178,802235,买盘
11:13:26,45.07,0.0,10,45075,中性盘
11:13:28,45.1,0.03,2,9017,买盘
11:13:32,45.1,0.0,6,27060,买盘
11:13:34,45.1,0.0,19,85675,买盘
11:13:37,45.11,0.01,12,54121,买盘
11:13:42,45.11,0.0,38,171390,买盘
11:13:44,45.11,0.0,22,99222,中性盘
11:13:47,45.1,-0.01,21,94729,卖盘
11:13:50,45.1,0.0,38,171294,买盘
11:13:52,45.1,0.0,11,49610,买盘
11:13:56,45.14,0.04,100,451400,买盘
11:13:59,45.1,-0.04,17,76680,卖盘
11:14:02,45.12,0.02,19,85698,中性盘
11:14:04,45.1,-0.02,21,94714,卖盘
11:14:07,45.1,0.0,5,22550,买盘
11:14:10,45.1,0.0,9,40590,买盘
11:14:14,45.1,0.0,26,117268,买盘
11:14:17,45.11,0.01,13,58621,买盘
11:14:20,45.1,-0.01,13,58631,卖盘
11:14:24,45.1,0.0,1,4510,中性盘
11:14:25,45.1,0.0,6,27057,卖盘
11:14:29,45.1,0.0,7,31570,买盘
11:14:32,45.07,-0.03,6,27061,卖盘
11:14:35,45.11,0.04,5,22552,买盘
11:14:39,45.09,-0.02,14,63124,中性盘
11:14:42,45.07,-0.02,19,85641,卖盘
11:14:45,45.06,-0.01,9,40570,卖盘
11:14:46,45.05,-0.01,12,54060,卖盘
11:14:50,45.09,0.04,3,13527,买盘
11:14:54,45.04,-0.05,31,139667,卖盘
11:14:56,45.09,0.05,2,9018,买盘
11:14:58,45.05,-0.04,1,4505,卖盘
11:15:01,45.05,0.0,26,117210,卖盘
11:15:05,45.09,0.04,3,13519,买盘
11:15:09,45.05,-0.04,1,4505,卖盘
11:15:11,45.09,0.04,20,90142,买盘
11:15:14,45.05,-0.04,17,76592,卖盘
11:15:17,45.03,-0.02,26,117089,卖盘
11:15:20,45.05,0.02,10,45080,卖盘
11:15:24,45.04,-0.01,10,45049,卖盘
11:15:25,45.08,0.04,3,13518,买盘
11:15:29,45.05,-0.03,8,36043,卖盘
11:15:32,45.05,0.0,6,27033,卖盘
11:15:35,45.05,0.0,15,67611,卖盘
11:15:39,45.05,0.0,42,189294,卖盘
11:15:41,45.09,0.04,21,94659,买盘
11:15:44,45.09,0.0,24,108164,买盘
11:15:47,45.09,0.0,6,27054,买盘
11:15:50,45.09,0.0,4,18036,买盘
11:15:54,45.08,-0.01,4,18033,卖盘
11:15:55,45.09,0.01,30,135204,买盘
11:15:59,45.06,-0.03,30,135243,中性盘
11:16:02,45.05,-0.01,60,270309,卖盘
11:16:04,45.08,0.03,2,9016,买盘
11:16:09,45.05,-0.03,18,81111,卖盘
11:16:11,45.08,0.03,13,58586,中性盘
11:16:14,45.06,-0.02,1,4506,卖盘
11:16:17,45.05,-0.01,51,229772,卖盘
11:16:21,45.06,0.01,5,22530,买盘
11:16:22,45.05,-0.01,24,108120,卖盘
11:16:26,45.05,0.0,25,112606,买盘
11:16:29,45.03,-0.02,57,256725,卖盘
11:16:31,45.03,0.0,33,148607,卖盘
11:16:35,45.02,-0.01,78,351520,卖盘
11:16:37,45.05,0.03,17,76544,买盘
11:16:40,45.03,-0.02,28,126081,中性盘
11:16:45,45.03,0.0,3,13509,卖盘
11:16:47,45.05,0.02,4,18020,买盘
11:16:50,45.02,-0.03,22,99072,卖盘
11:16:53,45.05,0.03,4,18020,买盘
11:16:56,45.03,-0.02,20,90060,卖盘
11:16:59,45.03,0.0,1,4503,卖盘
11:17:02,45.05,0.02,1,4505,买盘
11:17:05,45.05,0.0,73,326297,买盘
11:17:09,45.05,0.0,25,112625,卖盘
11:17:11,45.07,0.02,18,81096,中性盘
11:17:14,45.07,0.0,5,22528,中性盘
11:17:17,45.05,-0.02,18,81104,卖盘
11:17:20,45.07,0.02,2,9014,买盘
11:17:24,45.09,0.02,44,197624,买盘
11:17:25,45.09,0.0,1,4509,卖盘
11:17:29,45.09,0.0,1,4509,卖盘
11:17:32,45.09,0.0,16,72144,卖盘
11:17:38,45.09,0.0,84,378864,卖盘
11:17:45,45.11,0.02,28,126286,买盘
11:17:47,45.13,0.02,2,9026,买盘
11:17:50,45.12,-0.01,1,4512,中性盘
11:17:54,45.12,0.0,1,4512,卖盘
11:17:56,45.13,0.01,23,103760,买盘
11:18:04,45.13,0.0,15,67695,买盘
11:18:07,45.13,0.0,4,18051,买盘
11:18:11,45.13,0.0,13,58669,卖盘
11:18:16,45.13,0.0,18,81247,卖盘
11:18:20,45.13,0.0,1,4513,买盘
11:18:24,45.13,0.0,3,13539,买盘
11:18:26,45.13,0.0,9,40617,买盘
11:18:29,45.13,0.0,57,257243,买盘
11:18:32,45.14,0.01,6,27079,买盘
11:18:35,45.13,-0.01,17,76721,卖盘
11:18:38,45.13,0.0,1,4513,卖盘
11:18:41,45.14,0.01,5,22570,买盘
11:18:44,45.14,0.0,1,4514,买盘
11:18:48,45.14,0.0,2,9028,中性盘
11:18:50,45.14,0.0,19,85764,买盘
11:18:56,45.15,0.01,2,9029,买盘
11:18:59,45.14,-0.01,1,4514,卖盘
11:19:01,45.15,0.01,12,54170,买盘
11:19:05,45.15,0.0,5,22575,买盘
11:19:09,45.14,-0.01,12,54164,卖盘
11:19:11,45.14,0.0,1,4514,买盘
11:19:15,45.14,0.0,5,22570,买盘
11:19:17,45.14,0.0,19,85742,买盘
11:19:20,45.14,0.0,10,45131,买盘
11:19:24,45.14,0.0,3,13542,买盘
11:19:26,45.12,-0.02,16,72218,卖盘
11:19:29,45.1,-0.02,74,335071,卖盘
11:19:32,45.14,0.04,49,221001,买盘
11:19:35,45.07,-0.07,33,147514,卖盘
11:19:38,45.06,-0.01,4,18027,卖盘
11:19:41,45.04,-0.02,27,121635,卖盘
11:19:45,45.04,0.0,1,4504,买盘
11:19:47,45.07,0.03,19,85603,买盘
11:19:56,45.04,-0.03,62,279238,卖盘
11:19:59,45.04,0.0,5,22520,买盘
11:20:03,45.03,-0.01,22,99081,卖盘
11:20:05,45.03,0.0,16,72064,卖盘
11:20:11,45.05,0.02,1,4505,买盘
11:20:14,45.05,0.0,10,45044,买盘
11:20:17,45.05,0.0,15,67565,买盘
11:20:20,45.04,-0.01,31,139646,卖盘
11:20:26,45.03,-0.01,28,126102,卖盘
11:20:29,45.05,0.02,2,9009,中性盘
11:20:32,45.05,0.0,13,58543,买盘
11:20:39,45.04,-0.01,6,27024,买盘
11:20:41,45.04,0.0,7,31528,买盘
11:20:44,45.04,0.0,4,18015,买盘
11:20:47,45.04,0.0,7,31528,买盘
11:20:50,45.05,0.01,2,9014,中性盘
11:20:54,45.04,-0.01,20,90083,卖盘
11:20:56,45.04,0.0,6,27024,卖盘
11:20:59,45.08,0.04,41,184668,买盘
11:21:02,45.03,-0.05,37,166621,卖盘
11:21:05,45.05,0.02,1,4505,买盘
11:21:08,45.04,-0.01,12,54037,中性盘
11:21:11,45.03,-0.01,4,18015,卖盘
11:21:14,45.05,0.02,9,40544,买盘
11:21:19,45.04,-0.01,3,13512,中性盘
11:21:20,45.05,0.01,1,4505,买盘
11:21:24,45.05,0.0,6,27027,买盘
11:21:26,45.03,-0.02,527,2372542,卖盘
11:21:29,45.03,0.0,6,27020,卖盘
11:21:32,45.0,-0.03,112,504020,卖盘
11:21:35,45.0,0.0,35,157548,卖盘
11:21:39,45.03,0.03,27,121589,中性盘
11:21:41,45.0,-0.03,11,49500,卖盘
11:21:44,45.0,0.0,97,436512,卖盘
11:21:47,45.0,0.0,17,76500,卖盘
11:21:50,45.03,0.03,23,103506,买盘
11:21:54,45.0,-0.03,5,22500,卖盘
11:21:56,45.01,0.01,20,90017,中性盘
11:21:59,45.0,-0.01,44,198001,卖盘
11:22:03,45.0,0.0,40,180003,卖盘
11:22:05,45.0,0.0,30,135008,卖盘
11:22:09,45.0,0.0,376,1694561,卖盘
11:22:11,44.97,-0.03,42,188947,卖盘
11:22:14,44.94,-0.03,115,517399,卖盘
11:22:18,44.93,-0.01,13,58417,卖盘
11:22:20,44.93,0.0,65,292045,卖盘
11:22:24,44.93,0.0,3,13479,卖盘
11:22:26,44.93,0.0,40,179721,卖盘
11:22:29,44.92,-0.01,11,49432,卖盘
11:22:35,44.93,0.01,9,40444,卖盘
11:22:39,44.93,0.0,5,22465,买盘
11:22:41,44.91,-0.02,10,44911,卖盘
11:22:44,44.91,0.0,11,49401,卖盘
11:22:47,44.93,0.02,64,287404,买盘
11:22:50,44.93,0.0,1,4493,买盘
11:22:53,44.9,-0.03,17,76335,卖盘
11:22:56,44.9,0.0,16,71860,卖盘
11:22:59,44.9,0.0,21,94297,卖盘
11:23:02,44.92,0.02,22,98819,买盘
11:23:05,44.9,-0.02,2,8980,卖盘
11:23:09,44.9,0.0,26,116741,卖盘
11:23:11,44.92,0.02,4,17965,买盘
11:23:14,44.89,-0.03,158,709375,卖盘
11:23:17,44.9,0.01,53,237873,中性盘
11:23:20,44.92,0.02,94,421994,买盘
11:23:24,44.88,-0.04,94,422061,卖盘
11:23:26,44.89,0.01,24,107722,中性盘
11:23:29,44.88,-0.01,14,62832,卖盘
11:23:33,44.89,0.01,2,8978,买盘
11:23:35,44.85,-0.04,77,345548,卖盘
11:23:39,44.89,0.04,10,44890,买盘
11:23:41,44.83,-0.06,19,85211,卖盘
11:23:44,44.88,0.05,4,17955,中性盘
11:23:47,44.83,-0.05,19,85185,卖盘
11:23:53,44.88,0.05,7,31405,买盘
11:23:56,44.88,0.0,51,228826,买盘
11:23:59,44.85,-0.03,9,40362,买盘
11:24:02,44.85,0.0,25,112087,买盘
11:24:05,44.82,-0.03,20,89653,卖盘
11:24:09,44.83,0.01,1,4483,中性盘
11:24:11,44.82,-0.01,14,62758,卖盘
11:24:14,44.82,0.0,2,8964,卖盘
11:24:17,44.83,0.01,50,224194,卖盘
11:24:20,44.83,0.0,37,165852,卖盘
11:24:23,44.83,0.0,25,112061,卖盘
11:24:26,44.83,0.0,28,125506,买盘
11:24:29,44.83,0.0,40,179284,中性盘
11:24:33,44.82,-0.01,15,67230,卖盘
11:24:35,44.84,0.02,1,4484,买盘
11:24:38,44.84,0.0,1,4484,买盘
11:24:41,44.82,-0.02,30,134472,卖盘
11:24:45,44.84,0.02,8,35860,买盘
11:24:47,44.81,-0.03,32,143409,卖盘
11:24:50,44.82,0.01,4,17928,中性盘
11:24:54,44.84,0.02,7,31388,买盘
11:24:56,44.83,-0.01,6,26898,中性盘
11:24:59,44.83,0.0,2,8966,中性盘
11:25:03,44.81,-0.02,30,134459,卖盘
11:25:05,44.83,0.02,51,228542,买盘
11:25:09,44.82,-0.01,80,358485,卖盘
11:25:11,44.83,0.01,37,165807,买盘
11:25:14,44.82,-0.01,29,129940,卖盘
11:25:18,44.82,0.0,65,291298,买盘
11:25:24,44.81,-0.01,25,112027,卖盘
11:25:27,44.81,0.0,3,13443,买盘
11:25:29,44.8,-0.01,2,8960,卖盘
11:25:32,44.81,0.01,12,53772,买盘
11:25:35,44.8,-0.01,45,201609,卖盘
11:25:38,44.81,0.01,35,156801,买盘
11:25:41,44.81,0.0,19,85122,买盘
11:25:44,44.81,0.0,5,22405,买盘
11:25:47,44.8,-0.01,16,71671,卖盘
11:25:50,44.8,0.0,5,22400,买盘
11:25:54,44.77,-0.03,12,53724,卖盘
11:25:56,44.77,0.0,51,228351,卖盘
11:25:59,44.8,0.03,8,35837,买盘
11:26:02,44.77,-0.03,1,4477,卖盘
11:26:05,44.73,-0.04,59,264084,卖盘
11:26:09,44.77,0.04,12,53725,中性盘
11:26:11,44.75,-0.02,5,22367,中性盘
11:26:15,44.75,0.0,2,8950,买盘
11:26:17,44.74,-0.01,1,4474,卖盘
11:26:20,44.74,0.0,39,174463,卖盘
11:26:24,44.74,0.0,34,152083,买盘
11:26:26,44.73,-0.01,34,152040,中性盘
11:26:29,44.74,0.01,48,214744,买盘
11:26:32,44.71,-0.03,54,241440,卖盘
11:26:35,44.74,0.03,24,107373,买盘
11:26:39,44.74,0.0,1,4474,买盘
11:26:41,44.74,0.0,43,192270,买盘
11:26:44,44.74,0.0,1,4474,买盘
11:26:47,44.73,-0.01,10,44719,中性盘
11:26:50,44.73,0.0,5,22365,买盘
11:26:54,44.7,-0.03,44,196723,卖盘
11:26:56,44.73,0.03,27,120694,买盘
11:26:59,44.71,-0.02,2,8942,买盘
11:27:03,44.71,0.0,1,4471,买盘
11:27:05,44.7,-0.01,17,75990,卖盘
11:27:08,44.7,0.0,1,4470,买盘
11:27:11,44.7,0.0,26,116208,买盘
11:27:15,44.7,0.0,6,26819,买盘
11:27:18,44.7,0.0,14,62577,买盘
11:27:20,44.7,0.0,54,241378,买盘
11:27:23,44.71,0.01,66,295084,买盘
11:27:26,44.72,0.01,21,93876,买盘
11:27:29,44.73,0.01,2,8946,买盘
11:27:33,44.73,0.0,14,62622,买盘
11:27:39,44.73,0.0,6,26838,卖盘
11:27:41,44.73,0.0,2,8946,卖盘
11:27:45,44.7,-0.03,52,232445,卖盘
11:27:47,44.7,0.0,37,165390,买盘
11:27:50,44.7,0.0,1,4470,卖盘
11:27:53,44.74,0.04,217,970856,买盘
11:27:56,44.74,0.0,293,1310790,买盘
11:27:59,44.7,-0.04,40,178905,卖盘
11:28:02,44.73,0.03,5,22380,中性盘
11:28:05,44.75,0.02,17,76075,中性盘
11:28:09,44.76,0.01,1,4476,卖盘
11:28:11,44.77,0.01,4,17907,买盘
11:28:14,44.78,0.01,2,8956,卖盘
11:28:18,44.79,0.01,13,58236,买盘
11:28:20,44.79,0.0,24,107479,买盘
11:28:24,44.8,0.01,12,53769,卖盘
11:28:26,44.83,0.03,29,129988,买盘
11:28:29,44.83,0.0,30,134431,买盘
11:28:32,44.9,0.07,46,206455,买盘
11:28:35,44.97,0.07,5,22455,买盘
11:28:41,44.9,-0.07,2,8980,卖盘
11:28:45,44.9,0.0,10,45005,卖盘
11:28:47,45.0,0.1,4,18000,买盘
11:28:50,45.0,0.0,1,4500,买盘
11:28:53,45.0,0.0,11,49500,买盘
11:28:56,45.0,0.0,9,40491,中性盘
11:28:59,45.0,0.0,5,22500,卖盘
11:29:02,45.05,0.05,4,18020,买盘
11:29:05,45.0,-0.05,9,40506,卖盘
11:29:09,45.05,0.05,16,72025,买盘
11:29:11,45.08,0.03,5,22534,买盘
11:29:15,45.08,0.0,1,4508,买盘
11:29:18,45.0,-0.08,2,9008,卖盘
11:29:20,45.08,0.08,3,13524,买盘
11:29:26,45.08,0.0,5,22541,卖盘
11:29:30,45.09,0.01,1,4509,中性盘
11:29:32,45.13,0.04,10,45126,买盘
11:29:35,45.15,0.02,24,108352,买盘
11:29:38,45.15,0.0,5,22575,卖盘
11:29:44,45.16,0.01,4,18064,买盘
11:29:47,45.16,0.0,3,13548,买盘
11:29:50,45.16,0.0,4,16256,买盘
11:29:54,45.16,0.0,2,9032,买盘
11:29:56,45.16,0.0,15,67739,买盘
11:30:00,45.16,0.0,2,9032,买盘
11:30:02,45.2,0.04,2,9040,买盘
13:00:02,45.2,0.0,19,85981,买盘
13:00:06,45.32,0.12,92,416052,买盘
13:00:09,45.3,-0.02,19,86098,卖盘
13:00:12,45.3,0.0,16,72462,买盘
13:00:15,45.3,0.0,26,117771,买盘
13:00:16,45.3,0.0,2,9051,买盘
13:00:24,45.21,-0.09,2,9042,卖盘
13:00:30,45.21,0.0,1,4521,卖盘
13:00:31,45.21,0.0,1,4521,卖盘
13:00:36,45.21,0.0,17,76844,卖盘
13:00:37,45.21,0.0,12,54252,卖盘
13:00:41,45.21,0.0,24,108492,中性盘
13:00:44,45.21,0.0,1,4521,卖盘
13:00:48,45.21,0.0,1,4521,卖盘
13:00:51,45.21,0.0,2,9042,卖盘
13:00:52,45.21,0.0,51,230545,卖盘
13:01:00,45.21,0.0,11,49731,卖盘
13:01:03,45.21,0.0,18,83726,买盘
13:01:05,45.21,0.0,1,4521,中性盘
13:01:09,45.21,0.0,3,13563,卖盘
13:01:12,45.21,0.0,39,176374,卖盘
13:01:15,45.21,0.0,1,4521,买盘
13:01:16,45.2,-0.01,23,103101,卖盘
13:01:21,45.2,0.0,1,4520,卖盘
13:01:24,45.2,0.0,1,4520,卖盘
13:01:26,45.21,0.01,1,4521,买盘
13:01:30,45.21,0.0,2,9042,买盘
13:01:31,45.21,0.0,20,90420,买盘
13:01:36,45.21,0.0,2,9042,买盘
13:01:42,45.21,0.0,1,4521,卖盘
13:01:45,45.21,0.0,1,4521,卖盘
13:01:50,45.21,0.0,15,67818,卖盘
13:01:54,45.22,0.01,17,76873,买盘
13:01:57,45.22,0.0,4,18088,卖盘
13:01:59,45.23,0.01,1,4523,买盘
13:02:03,45.21,-0.02,1,4521,卖盘
13:02:06,45.21,0.0,6,27134,卖盘
13:02:09,45.21,0.0,17,76890,卖盘
13:02:15,45.21,0.0,3,13563,卖盘
13:02:16,45.2,-0.01,18,81373,卖盘
13:02:21,45.2,0.0,2,9040,卖盘
13:02:22,45.21,0.01,2,9042,买盘
13:02:27,45.2,-0.01,1,4520,卖盘
13:02:30,45.2,0.0,2,9040,卖盘
13:02:33,45.2,0.0,89,400789,卖盘
13:02:36,45.19,-0.01,12,54235,卖盘
13:02:37,45.19,0.0,4,18071,买盘
13:02:42,45.21,0.02,18,82843,买盘
13:02:45,45.21,0.0,11,49731,卖盘
13:02:46,45.21,0.0,1,3029,买盘
13:02:57,45.17,-0.04,6,27102,卖盘
13:03:00,45.17,0.0,1,4517,卖盘
13:03:03,45.21,0.04,3,13555,买盘
13:03:07,45.17,-0.04,1,4517,卖盘
13:03:11,45.21,0.04,5,22597,买盘
13:03:15,45.19,-0.02,2,9038,中性盘
13:03:18,45.19,0.0,1,4519,买盘
13:03:21,45.18,-0.01,2,9037,卖盘
13:03:22,45.21,0.03,130,587682,买盘
13:03:27,45.18,-0.03,16,72371,中性盘
13:03:29,45.18,0.0,3,13554,买盘
13:03:33,45.18,0.0,2,9036,卖盘
13:03:45,45.18,0.0,11,49699,卖盘
13:03:48,45.19,0.01,2,9038,买盘
13:03:52,45.18,-0.01,1,4518,中性盘
13:04:03,45.18,0.0,2,9036,卖盘
13:04:06,45.18,0.0,1,4518,卖盘
13:04:09,45.18,0.0,3,13554,卖盘
13:04:12,45.18,0.0,2,9036,卖盘
13:04:14,45.17,-0.01,3,13551,卖盘
13:04:16,45.18,0.01,1,4518,卖盘
13:04:21,45.19,0.01,13,58746,买盘
13:04:23,45.21,0.02,2,9042,卖盘
13:04:33,45.21,0.0,10,45210,卖盘
13:04:35,45.23,0.02,2,9046,中性盘
13:04:38,45.21,-0.02,23,103984,卖盘
13:04:41,45.21,0.0,15,67815,卖盘
13:04:45,45.22,0.01,19,85910,买盘
13:04:48,45.22,0.0,2,9044,买盘
13:04:51,45.21,-0.01,2,9038,中性盘
13:04:57,45.21,0.0,1,4521,买盘
13:05:00,45.21,0.0,2,9042,买盘
13:05:01,45.17,-0.04,2,9034,卖盘
13:05:06,45.17,0.0,2,9034,卖盘
13:05:07,45.21,0.04,14,63290,买盘
13:05:11,45.17,-0.04,1,4517,卖盘
13:05:21,45.17,0.0,1,4517,卖盘
13:05:23,45.17,0.0,6,27102,卖盘
13:05:30,45.17,0.0,6,27102,卖盘
13:05:33,45.17,0.0,5,22585,卖盘
13:05:39,45.17,0.0,19,85825,卖盘
13:05:44,45.17,0.0,15,67755,卖盘
13:05:48,45.17,0.0,5,22585,买盘
13:05:54,45.16,-0.01,2,9032,卖盘
13:05:57,45.16,0.0,9,40644,卖盘
13:06:00,45.17,0.01,5,22583,买盘
13:06:01,45.16,-0.01,10,45160,卖盘
13:06:05,45.16,0.0,5,22580,卖盘
13:06:09,45.16,0.0,4,18064,卖盘
13:06:15,45.16,0.0,10,45161,卖盘
13:06:18,45.17,0.01,14,63231,买盘
13:06:20,45.17,0.0,4,18066,买盘
13:06:24,45.16,-0.01,7,31613,卖盘
13:06:27,45.16,0.0,40,180640,卖盘
13:06:30,45.13,-0.03,33,149010,卖盘
13:06:31,45.1,-0.03,3,13534,卖盘
13:06:36,45.1,0.0,15,67650,卖盘
13:06:37,45.08,-0.02,8,36064,卖盘
13:06:41,45.08,0.0,10,45080,卖盘
13:06:45,45.17,0.09,105,473782,买盘
13:06:51,45.17,0.0,1,4517,卖盘
13:06:53,45.17,0.0,2,9034,卖盘
13:06:57,45.17,0.0,1,4517,卖盘
13:06:59,45.17,0.0,3,13551,卖盘
13:07:02,45.17,0.0,3,13551,卖盘
13:07:05,45.17,0.0,5,22587,卖盘
13:07:11,45.17,0.0,8,36136,卖盘
13:07:14,45.18,0.01,3,13552,买盘
13:07:20,45.17,-0.01,31,140029,卖盘
13:07:23,45.17,0.0,2,9035,卖盘
13:07:27,45.18,0.01,1,4518,买盘
13:07:30,45.17,-0.01,4,18068,卖盘
13:07:33,45.17,0.0,2,9034,卖盘
13:07:36,45.17,0.0,1,4517,卖盘
13:07:39,45.17,0.0,6,27102,卖盘
13:07:42,45.18,0.01,17,76806,买盘
13:07:44,45.18,0.0,1,4518,卖盘
13:07:50,45.18,0.0,1,4518,卖盘
13:07:54,45.18,0.0,2,9036,卖盘
13:08:00,45.2,0.02,1,4520,买盘
13:08:02,45.18,-0.02,3,13556,卖盘
13:08:06,45.19,0.01,3,13557,卖盘
13:08:11,45.19,0.0,1,4519,卖盘
13:08:14,45.2,0.01,18,81360,买盘
13:08:21,45.2,0.0,1,4520,买盘
13:08:24,45.2,0.0,5,22600,买盘
13:08:27,45.19,-0.01,4,18078,卖盘
13:08:30,45.19,0.0,2,9038,卖盘
13:08:39,45.24,0.05,2,9045,买盘
13:08:48,45.19,-0.05,8,36152,卖盘
13:08:51,45.19,0.0,17,76823,卖盘
13:08:54,45.21,0.02,1,4521,买盘
13:08:57,45.19,-0.02,5,22596,卖盘
13:09:00,45.19,0.0,1,4519,买盘
13:09:09,45.18,-0.01,16,72300,卖盘
13:09:14,45.18,0.0,4,18072,卖盘
13:09:17,45.19,0.01,5,22595,买盘
13:09:21,45.19,0.0,6,27111,买盘
13:09:24,45.18,-0.01,1,4518,卖盘
13:09:27,45.19,0.01,11,49709,买盘
13:09:30,45.18,-0.01,1,4518,卖盘
13:09:33,45.21,0.03,1,4521,买盘
13:09:48,45.19,-0.02,3,13557,卖盘
13:09:54,45.19,0.0,4,18076,买盘
13:09:59,45.19,0.0,2,9038,买盘
13:10:03,45.17,-0.02,91,411109,卖盘
13:10:05,45.19,0.02,31,140086,买盘
13:10:09,45.19,0.0,7,31636,卖盘
13:10:12,45.2,0.01,1,4520,买盘
13:10:15,45.2,0.0,2,9040,卖盘
13:10:17,45.2,0.0,4,18080,卖盘
13:10:21,45.21,0.01,6,27123,买盘
13:10:24,45.21,0.0,94,424811,买盘
13:10:27,45.21,0.0,8,36160,买盘
13:10:30,45.19,-0.02,37,166142,卖盘
13:10:32,45.18,-0.01,88,398757,卖盘
13:10:36,45.19,0.01,6,27112,买盘
13:10:39,45.19,0.0,1,4519,买盘
13:10:42,45.17,-0.02,6,27110,卖盘
13:10:45,45.17,0.0,6,27107,卖盘
13:10:48,45.18,0.01,4,18071,买盘
13:10:50,45.15,-0.03,60,271002,卖盘
13:10:53,45.16,0.01,5,22583,买盘
13:10:57,45.15,-0.01,1,4515,买盘
13:10:59,45.15,0.0,1,4515,买盘
13:11:02,45.05,-0.1,56,252595,卖盘
13:11:06,45.1,0.05,15,67580,买盘
13:11:09,45.15,0.05,8,36120,卖盘
13:11:15,45.16,0.01,3,13548,买盘
13:11:18,45.04,-0.12,37,166813,卖盘
13:11:21,45.16,0.12,40,180304,买盘
13:11:24,45.16,0.0,8,36142,卖盘
13:11:26,45.16,0.0,1,4516,卖盘
13:11:30,45.22,0.06,15,67780,买盘
13:11:33,45.16,-0.06,62,279997,卖盘
13:11:39,45.24,0.08,6,27138,买盘
13:11:41,45.24,0.0,92,415546,买盘
13:11:47,45.16,-0.08,64,289123,卖盘
13:11:51,45.26,0.1,12,54312,买盘
13:11:54,45.25,-0.01,13,58825,买盘
13:11:58,45.24,-0.01,1,4524,卖盘
13:12:00,45.2,-0.04,2,9040,卖盘
13:12:02,45.2,0.0,66,298323,卖盘
13:12:05,45.29,0.09,96,433987,买盘
13:12:08,45.22,-0.07,6,27130,卖盘
13:12:11,45.21,-0.01,4,18084,中性盘
13:12:15,45.29,0.08,2,9058,买盘
13:12:18,45.21,-0.08,12,54279,卖盘
13:12:20,45.2,-0.01,5,22602,卖盘
13:12:24,45.2,0.0,32,144665,卖盘
13:12:27,45.2,0.0,1,4520,卖盘
13:12:29,45.21,0.01,3,13561,买盘
13:12:33,45.2,-0.01,97,438454,卖盘
13:12:36,45.2,0.0,48,217003,卖盘
13:12:38,45.21,0.01,39,176327,买盘
13:12:42,45.21,0.0,7,31647,买盘
13:12:45,45.31,0.1,11,49834,买盘
13:12:47,45.2,-0.11,69,311901,卖盘
13:12:57,45.29,0.09,6,27165,买盘
13:13:03,45.2,-0.09,77,348160,卖盘
13:13:06,45.2,0.0,15,67800,卖盘
13:13:09,45.21,0.01,1,4521,买盘
13:13:12,45.2,-0.01,17,76844,卖盘
13:13:15,45.2,0.0,11,49724,卖盘
13:13:18,45.31,0.11,10,45269,买盘
13:13:20,45.18,-0.13,37,167228,卖盘
13:13:24,45.21,0.03,48,216893,买盘
13:13:27,45.2,-0.01,1,4520,卖盘
13:13:30,45.25,0.05,4,18100,买盘
13:13:33,45.29,0.04,68,307405,买盘
13:13:36,45.25,-0.04,1,4525,中性盘
13:13:38,45.25,0.0,1,4525,卖盘
13:13:41,45.25,0.0,3,13580,卖盘
13:13:47,45.28,0.03,13,58864,买盘
13:13:50,45.2,-0.08,65,293939,卖盘
13:14:00,45.2,0.0,10,45209,卖盘
13:14:02,45.2,0.0,107,483685,卖盘
13:14:06,45.21,0.01,4,18081,买盘
13:14:15,45.2,-0.01,2,9040,卖盘
13:14:18,45.21,0.01,81,366142,买盘
13:14:21,45.21,0.0,5,22606,买盘
13:14:23,45.21,0.0,5,22605,卖盘
13:14:26,45.21,0.0,10,45210,买盘
13:14:30,45.2,-0.01,119,537880,卖盘
13:14:33,45.19,-0.01,6,27114,卖盘
13:14:36,45.18,-0.01,6,27109,卖盘
13:14:39,45.18,0.0,15,67783,卖盘
13:14:42,45.19,0.01,1,4519,买盘
13:14:45,45.19,0.0,4,18075,买盘
13:14:48,45.18,-0.01,4,18074,卖盘
13:14:51,45.17,-0.01,25,112948,卖盘
13:14:53,45.17,0.0,1,4517,买盘
13:14:57,45.17,0.0,17,76789,买盘
13:15:00,45.17,0.0,2,9034,买盘
13:15:03,45.15,-0.02,20,90318,卖盘
13:15:09,45.1,-0.05,1,4510,卖盘
13:15:12,45.1,0.0,6,27060,卖盘
13:15:15,45.15,0.05,13,58695,买盘
13:15:17,45.1,-0.05,1,4510,卖盘
13:15:20,45.09,-0.01,16,72149,卖盘
13:15:24,45.09,0.0,4,18036,买盘
13:15:30,45.08,-0.01,2,9016,卖盘
13:15:32,45.09,0.01,1,4509,买盘
13:15:35,45.06,-0.03,10,45060,卖盘
13:15:39,45.06,0.0,82,369491,买盘
13:15:41,45.06,0.0,11,49566,中性盘
13:15:51,45.04,-0.02,10,45051,卖盘
13:15:54,45.05,0.01,14,63070,买盘
13:15:57,45.05,0.0,22,99110,买盘
13:16:00,45.05,0.0,37,166685,买盘
13:16:03,45.07,0.02,5,22531,买盘
13:16:06,45.03,-0.04,30,135152,卖盘
13:16:11,45.02,-0.01,6,27017,卖盘
13:16:14,45.03,0.01,3,13509,买盘
13:16:21,45.03,0.0,77,346622,买盘
13:16:24,45.03,0.0,2,9006,买盘
13:16:27,45.01,-0.02,5,22508,卖盘
13:16:30,45.01,0.0,4,18004,卖盘
13:16:33,45.0,-0.01,64,288017,卖盘
13:16:39,45.01,0.01,1,4501,买盘
13:16:42,45.03,0.02,29,130529,买盘
13:16:45,45.01,-0.02,4,18002,买盘
13:16:48,45.01,0.0,10,45009,买盘
13:16:50,45.0,-0.01,67,301500,卖盘
13:16:54,45.05,0.05,38,171090,买盘
13:16:56,45.05,0.0,1,4505,卖盘
13:17:03,45.05,0.0,64,288320,卖盘
13:17:06,45.08,0.03,16,72112,买盘
13:17:08,45.06,-0.02,4,18022,买盘
13:17:11,45.08,0.02,3,13520,买盘
13:17:15,45.06,-0.02,2,9012,中性盘
13:17:17,45.05,-0.01,17,76590,卖盘
13:17:20,45.08,0.03,78,351438,买盘
13:17:24,45.05,-0.03,1,4505,卖盘
13:17:29,45.06,0.01,3,13522,卖盘
13:17:33,45.05,-0.01,61,274809,卖盘
13:17:39,45.05,0.0,6,27033,卖盘
13:17:42,45.08,0.03,13,58602,买盘
13:17:45,45.07,-0.01,9,40564,中性盘
13:17:47,45.05,-0.02,61,274805,卖盘
13:17:50,45.06,0.01,1,4506,中性盘
13:17:54,45.07,0.01,5,22535,中性盘
13:17:56,45.05,-0.02,2,9010,卖盘
13:18:00,45.06,0.01,7,31542,买盘
13:18:02,45.05,-0.01,54,243270,卖盘
13:18:06,45.05,0.0,16,72114,卖盘
13:18:09,45.06,0.01,4,18024,买盘
13:18:12,45.06,0.0,2,9012,买盘
13:18:14,45.06,0.0,7,31538,买盘
13:18:18,45.06,0.0,5,22530,买盘
13:18:20,45.05,-0.01,2,9822,卖盘
13:18:27,45.1,0.05,2,9020,买盘
13:18:29,45.15,0.05,68,306382,中性盘
13:18:36,45.06,-0.09,1,4506,卖盘
13:18:41,45.15,0.09,3,13527,买盘
13:18:44,45.15,0.0,75,337939,买盘
13:18:48,45.06,-0.09,4,18024,中性盘
13:19:00,45.06,0.0,65,292832,卖盘
13:19:03,45.05,-0.01,10,45082,卖盘
13:19:09,45.06,0.01,1,4506,中性盘
13:19:14,45.07,0.01,26,117138,买盘
13:19:17,45.06,-0.01,1,4506,中性盘
13:19:21,45.15,0.09,4,18056,买盘
13:19:27,45.15,0.0,13,58695,买盘
13:19:30,45.06,-0.09,10,45060,卖盘
13:19:33,45.08,0.02,1,4508,中性盘
13:19:35,45.15,0.07,2,9030,买盘
13:19:38,45.15,0.0,14,63192,买盘
13:19:45,45.14,-0.01,11,49578,买盘
13:19:48,45.14,0.0,1,4514,买盘
13:19:54,45.06,-0.08,10,45082,卖盘
13:19:57,45.15,0.09,10,45139,买盘
13:20:03,45.14,-0.01,2,9028,卖盘
13:20:06,45.14,0.0,4,18054,买盘
13:20:15,45.14,0.0,20,90299,卖盘
13:20:21,45.13,-0.01,4,18052,中性盘
13:20:24,45.1,-0.03,4,18049,卖盘
13:20:36,45.08,-0.02,1,4508,卖盘
13:20:39,45.13,0.05,16,72208,买盘
13:20:45,45.13,0.0,3,13539,买盘
13:20:48,45.1,-0.03,1,4510,卖盘
13:20:54,45.13,0.03,11,49619,买盘
13:20:57,45.13,0.0,83,374579,买盘
13:21:00,45.13,0.0,112,505496,卖盘
13:21:03,45.14,0.01,3,13540,买盘
13:21:09,45.14,0.0,9,40650,卖盘
13:21:12,45.14,0.0,4,18065,中性盘
13:21:18,45.17,0.03,34,153578,买盘
13:21:21,45.17,0.0,10,45166,买盘
13:21:24,45.17,0.0,9,40653,买盘
13:21:27,45.17,0.0,1,4517,买盘
13:21:33,45.17,0.0,1,4517,卖盘
13:21:42,45.14,-0.03,10,45166,卖盘
13:21:51,45.16,0.02,6,27111,卖盘
13:21:54,45.23,0.07,11,49692,买盘
13:22:00,45.19,-0.04,7,31651,中性盘
13:22:03,45.19,0.0,3,13557,卖盘
13:22:05,45.25,0.06,3,13567,买盘
13:22:08,45.25,0.0,8,36200,买盘
13:22:12,45.25,0.0,8,36215,卖盘
13:22:24,45.29,0.04,10,45282,买盘
13:22:27,45.28,-0.01,4,18108,中性盘
13:22:30,45.3,0.02,12,54341,买盘
13:22:39,45.3,0.0,3,13587,买盘
13:22:42,45.3,0.0,22,99660,买盘
13:22:48,45.3,0.0,3,13597,卖盘
13:22:51,45.35,0.05,16,72560,买盘
13:22:54,45.35,0.0,10,45310,买盘
13:22:59,45.35,0.0,1,4535,卖盘
13:23:03,45.35,0.0,2,9070,卖盘
13:23:06,45.36,0.01,2,9072,买盘
13:23:09,45.35,-0.01,2,9070,卖盘
13:23:14,45.36,0.01,8,36281,买盘
13:23:18,45.36,0.0,1,4536,中性盘
13:23:21,45.36,0.0,10,45399,卖盘
13:23:24,45.4,0.04,2,9080,中性盘
13:23:27,45.38,-0.02,5,22686,卖盘
13:23:29,45.45,0.07,1,4545,买盘
13:23:32,45.49,0.04,9,40903,买盘
13:23:36,45.45,-0.04,5,22729,卖盘
13:23:42,45.43,-0.02,4,18165,中性盘
13:23:45,45.4,-0.03,6,27250,中性盘
13:23:48,45.44,0.04,3,13632,买盘
13:23:51,45.43,-0.01,5,22700,买盘
13:23:54,45.35,-0.08,42,190545,卖盘
13:23:57,45.43,0.08,6,27241,买盘
13:24:00,45.43,0.0,2,9080,买盘
13:24:03,45.4,-0.03,17,77213,中性盘
13:24:06,45.43,0.03,3,13626,买盘
13:24:09,45.4,-0.03,1,4540,买盘
13:24:12,45.4,0.0,10,45400,中性盘
13:24:17,45.4,0.0,4,18158,买盘
13:24:21,45.4,0.0,22,99870,买盘
13:24:24,45.38,-0.02,2,9076,卖盘
13:24:27,45.38,0.0,5,22690,卖盘
13:24:33,45.4,0.02,4,18154,买盘
13:24:39,45.37,-0.03,1,4537,卖盘
13:24:42,45.37,0.0,13,59011,卖盘
13:24:45,45.39,0.02,1,4539,买盘
13:24:48,45.39,0.0,2,9078,买盘
13:24:51,45.35,-0.04,1,4535,卖盘
13:24:54,45.35,0.0,6,27215,卖盘
13:24:59,45.36,0.01,4,18144,中性盘
13:25:03,45.35,-0.01,23,104354,卖盘
13:25:06,45.4,0.05,2,9078,买盘
13:25:09,45.35,-0.05,10,45350,卖盘
13:25:12,45.35,0.0,13,59015,卖盘
13:25:21,45.38,0.03,5,22687,买盘
13:25:30,45.43,0.05,10,45403,买盘
13:25:33,45.39,-0.04,2,9074,中性盘
13:25:39,45.35,-0.04,2,9070,卖盘
13:25:42,45.37,0.02,1,4537,买盘
13:25:45,45.42,0.05,4,18155,买盘
13:25:48,45.37,-0.05,2,9080,卖盘
13:25:51,45.43,0.06,2,9086,买盘
13:25:54,45.43,0.0,20,90800,买盘
13:25:57,45.35,-0.08,17,77095,卖盘
13:26:00,45.5,0.15,126,572903,买盘
13:26:03,45.36,-0.14,40,181974,卖盘
13:26:06,45.43,0.07,1,4543,卖盘
13:26:11,45.49,0.06,2,9098,买盘
13:26:15,45.49,0.0,5,22727,买盘
13:26:18,45.52,0.03,16,72779,买盘
13:26:21,45.43,-0.09,1,4543,卖盘
13:26:30,45.4,-0.03,1,4540,卖盘
13:26:34,45.43,0.03,1,4543,买盘
13:26:39,45.4,-0.03,7,31786,买盘
13:26:48,45.4,0.0,5,22709,卖盘
13:26:51,45.36,-0.04,21,95332,卖盘
13:26:54,45.36,0.0,7,31752,卖盘
13:26:57,45.46,0.1,22,99968,买盘
13:27:00,45.44,-0.02,31,140960,中性盘
13:27:03,45.54,0.1,34,154683,买盘
13:27:06,45.44,-0.1,1,4544,卖盘
13:27:12,45.44,0.0,3,13638,卖盘
13:27:15,45.47,0.03,12,54570,中性盘
13:27:18,45.54,0.07,1,4554,买盘
13:27:21,45.54,0.0,14,63748,买盘
13:27:24,45.5,-0.04,12,54600,卖盘
13:27:27,45.54,0.04,15,68310,买盘
13:27:30,45.5,-0.04,3,13658,卖盘
13:27:34,45.5,0.0,2,9104,卖盘
13:27:36,45.54,0.04,15,68310,买盘
13:27:39,45.56,0.02,13,59211,买盘
13:27:45,45.54,-0.02,23,104794,卖盘
13:27:51,45.54,0.0,4,18216,买盘
13:27:54,45.54,0.0,10,45540,卖盘
13:27:57,45.63,0.09,22,100800,买盘
13:28:00,45.63,0.0,9,40565,卖盘
13:28:06,45.54,-0.09,9,40990,卖盘
13:28:09,45.64,0.1,32,145893,买盘
13:28:12,45.6,-0.04,5,22798,中性盘
13:28:15,45.64,0.04,27,123224,买盘
13:28:19,45.64,0.0,15,68458,买盘
13:28:21,45.55,-0.09,7,31889,卖盘
13:28:24,45.55,0.0,1,4555,卖盘
13:28:27,45.54,-0.01,24,109460,卖盘
13:28:30,45.6,0.06,13,59286,中性盘
13:28:33,45.62,0.02,11,50164,买盘
13:28:36,45.54,-0.08,128,583413,卖盘
13:28:39,45.51,-0.03,90,409707,卖盘
13:28:42,45.6,0.09,52,237269,卖盘
13:28:45,45.64,0.04,55,250895,买盘
13:28:48,45.63,-0.01,12,54756,卖盘
13:28:51,45.6,-0.03,8,36445,中性盘
13:28:54,45.6,0.0,6,27360,卖盘
13:28:57,45.6,0.0,2,9120,卖盘
13:29:00,45.6,0.0,2,9120,卖盘
13:29:03,45.6,0.0,12,54736,卖盘
13:29:09,45.6,0.0,15,68400,卖盘
13:29:12,45.6,0.0,38,173250,买盘
13:29:15,45.6,0.0,12,54711,买盘
13:29:18,45.55,-0.05,38,173240,卖盘
13:29:21,45.6,0.05,31,141327,买盘
13:29:24,45.55,-0.05,7,31885,卖盘
13:29:27,45.55,0.0,1,4555,卖盘
13:29:30,45.55,0.0,32,145760,卖盘
13:29:33,45.6,0.05,32,145833,买盘
13:29:37,45.61,0.01,12,54731,买盘
13:29:39,45.55,-0.06,3,13665,中性盘
13:29:42,45.56,0.01,32,145904,卖盘
13:29:45,45.58,0.02,2,9113,买盘
13:29:48,45.57,-0.01,4,18224,中性盘
13:29:51,45.58,0.01,32,145846,买盘
13:29:54,45.57,-0.01,14,63806,卖盘
13:29:57,45.58,0.01,51,232462,买盘
13:30:00,45.6,0.02,32,145872,买盘
13:30:03,45.56,-0.04,2,9112,卖盘
13:30:07,45.56,0.0,2,9112,买盘
13:30:09,45.59,0.03,38,173230,买盘
13:30:20,45.57,-0.02,4,18228,中性盘
13:30:21,45.57,0.0,4,18227,中性盘
13:30:24,45.59,0.02,54,246177,买盘
13:30:27,45.6,0.01,20,91190,买盘
13:30:30,45.6,0.0,5,22800,买盘
13:30:33,45.6,0.0,47,214320,买盘
13:30:36,45.6,0.0,14,63866,卖盘
13:30:39,45.6,0.0,6,27360,卖盘
13:30:42,45.58,-0.02,1,4558,卖盘
13:30:45,45.63,0.05,24,109458,买盘
13:30:54,45.63,0.0,17,77543,买盘
13:31:00,45.6,-0.03,3,13683,卖盘
13:31:03,45.6,0.0,6,27360,卖盘
13:31:06,45.6,0.0,1,4560,卖盘
13:31:09,45.6,0.0,5,22800,卖盘
13:31:12,45.6,0.0,21,95798,卖盘
13:31:15,45.6,0.0,10,45600,中性盘
13:31:19,45.59,-0.01,2,9119,卖盘
13:31:24,45.6,0.01,28,127678,买盘
13:31:27,45.6,0.0,16,72985,卖盘
13:31:30,45.6,0.0,2,9120,卖盘
13:31:34,45.6,0.0,2,9120,卖盘
13:31:37,45.6,0.0,1,4560,卖盘
13:31:42,45.61,0.01,18,82092,买盘
13:31:45,45.6,-0.01,3,13680,卖盘
13:31:48,45.61,0.01,1,4561,买盘
13:31:51,45.61,0.0,5,22805,卖盘
13:31:54,45.61,0.0,26,118586,卖盘
13:32:00,45.6,-0.01,8,36495,卖盘
13:32:04,45.6,0.0,5,22800,卖盘
13:32:06,45.61,0.01,13,59293,买盘
13:32:09,45.64,0.03,18,81817,买盘
13:32:15,45.6,-0.04,27,123120,卖盘
13:32:19,45.59,-0.01,38,173242,卖盘
13:32:21,45.6,0.01,3,13679,买盘
13:32:27,45.6,0.0,8,36480,买盘
13:32:33,45.63,0.03,8,36494,买盘
13:32:36,45.6,-0.03,4,18240,卖盘
13:32:39,45.6,0.0,2,9120,卖盘
13:32:43,45.63,0.03,4,18252,买盘
13:32:45,45.64,0.01,15,68446,买盘
13:32:51,45.63,-0.01,1,4563,买盘
13:32:54,45.61,-0.02,11,50173,卖盘
13:32:57,45.61,0.0,3,13683,卖盘
13:33:03,45.61,0.0,3,13683,卖盘
13:33:07,45.64,0.03,17,77558,买盘
13:33:13,45.62,-0.02,1,4562,卖盘
13:33:15,45.62,0.0,1,4562,卖盘
13:33:18,45.62,0.0,1,4562,中性盘
13:33:20,45.64,0.02,9,41062,买盘
13:33:24,45.62,-0.02,3,13686,中性盘
13:33:30,45.64,0.02,12,54762,买盘
13:33:33,45.61,-0.03,1,4561,卖盘
13:33:36,45.64,0.03,7,31946,买盘
13:33:39,45.62,-0.02,1,4562,卖盘
13:33:42,45.64,0.02,2,9128,买盘
13:33:45,45.65,0.01,2,8809,卖盘
13:33:49,45.64,-0.01,1,4564,卖盘
13:33:51,45.64,0.0,13,59344,卖盘
13:33:54,45.63,-0.01,6,27380,卖盘
13:34:00,45.64,0.01,3,13692,买盘
13:34:03,45.64,0.0,4,18254,买盘
13:34:06,45.66,0.02,12,54777,买盘
13:34:09,45.63,-0.03,1,4563,卖盘
13:34:12,45.63,0.0,1,4563,卖盘
13:34:15,45.64,0.01,3,13691,买盘
13:34:19,45.64,0.0,4,18255,买盘
13:34:21,45.64,0.0,12,54768,买盘
13:34:24,45.64,0.0,7,31947,买盘
13:34:27,45.63,-0.01,40,182850,卖盘
13:34:30,45.63,0.0,3,13689,买盘
13:34:34,45.62,-0.01,2,9125,卖盘
13:34:39,45.63,0.01,14,63882,买盘
13:34:45,45.62,-0.01,25,114035,卖盘
13:34:48,45.63,0.01,18,82134,买盘
13:34:51,45.63,0.0,9,40746,买盘
13:34:54,45.6,-0.03,8,36495,卖盘
13:34:57,45.64,0.04,28,127754,买盘
13:35:06,45.63,-0.01,1,4563,卖盘
13:35:09,45.63,0.0,16,73027,卖盘
13:35:12,45.63,0.0,11,50193,卖盘
13:35:18,45.63,0.0,8,36518,卖盘
13:35:20,45.66,0.03,12,54785,买盘
13:35:24,45.63,-0.03,4,18255,卖盘
13:35:34,45.63,0.0,3,13689,卖盘
13:35:39,45.63,0.0,10,45630,卖盘
13:35:42,45.64,0.01,12,54768,买盘
13:35:45,45.63,-0.01,1,4563,卖盘
13:35:49,45.63,0.0,2,9126,卖盘
13:35:51,45.63,0.0,13,59319,卖盘
13:35:54,45.63,0.0,6,27378,卖盘
13:35:57,45.66,0.03,15,68469,买盘
13:36:04,45.63,-0.03,2,9126,卖盘
13:36:06,45.63,0.0,4,18258,卖盘
13:36:09,45.67,0.04,13,59357,买盘
13:36:15,45.65,-0.02,1,4565,买盘
13:36:18,45.63,-0.02,20,91296,卖盘
13:36:24,45.63,0.0,1,4563,卖盘
13:36:27,45.63,0.0,1,4563,卖盘
13:36:30,45.64,0.01,4,18256,买盘
13:36:34,45.66,0.02,10,45648,买盘
13:36:36,45.63,-0.03,2,9126,卖盘
13:36:44,45.63,0.0,5,22821,卖盘
13:36:51,45.63,0.0,15,68481,卖盘
13:36:54,45.63,0.0,7,31941,卖盘
13:36:57,45.64,0.01,3,13691,买盘
13:37:08,45.67,0.03,32,146061,买盘
13:37:09,45.62,-0.05,1,4562,卖盘
13:37:12,45.62,0.0,1,4562,卖盘
13:37:19,45.62,0.0,1,4562,卖盘
13:37:21,45.64,0.02,14,63883,买盘
13:37:24,45.63,-0.01,2,9127,中性盘
13:37:27,45.62,-0.01,5,22810,卖盘
13:37:30,45.62,0.0,22,100367,卖盘
13:37:36,45.61,-0.01,3,13683,卖盘
13:37:40,45.62,0.01,12,54744,买盘
13:37:42,45.61,-0.01,4,18244,卖盘
13:37:48,45.61,0.0,1,4561,卖盘
13:37:54,45.6,-0.01,13,58873,卖盘
13:37:57,45.62,0.02,62,282746,买盘
13:38:00,45.62,0.0,23,105638,买盘
13:38:06,45.58,-0.04,3,13678,卖盘
13:38:15,45.58,0.0,4,18232,买盘
13:38:19,45.58,0.0,2,9116,买盘
13:38:21,45.57,-0.01,16,72910,买盘
13:38:24,45.56,-0.01,4,18224,卖盘
13:38:27,45.6,0.04,19,86632,买盘
13:38:30,45.67,0.07,13,59319,买盘
13:38:36,45.6,-0.07,5,22800,卖盘
13:38:39,45.6,0.0,9,41040,卖盘
13:38:42,45.6,0.0,7,31920,卖盘
13:38:45,45.67,0.07,2,9134,买盘
13:38:47,45.56,-0.11,38,173216,卖盘
13:38:51,45.6,0.04,7,31920,买盘
13:38:54,45.6,0.0,8,36468,卖盘
13:38:57,45.61,0.01,16,72961,买盘
13:39:00,45.61,0.0,4,18249,卖盘
13:39:12,45.55,-0.06,9,40995,卖盘
13:39:15,45.55,0.0,6,27345,卖盘
13:39:19,45.55,0.0,13,59275,卖盘
13:39:21,45.55,0.0,1,4555,卖盘
13:39:24,45.58,0.03,2,9116,买盘
13:39:34,45.58,0.0,3,13671,买盘
13:39:39,45.58,0.0,18,82040,买盘
13:39:42,45.58,0.0,1,4558,买盘
13:39:45,45.56,-0.02,5,22780,买盘
13:39:49,45.55,-0.01,19,86545,卖盘
13:39:51,45.55,0.0,1,4555,卖盘
13:39:54,45.55,0.0,19,86557,卖盘
13:39:57,45.55,0.0,1,4555,卖盘
13:40:04,45.55,0.0,4,18221,卖盘
13:40:07,45.56,0.01,1,4556,买盘
13:40:09,45.58,0.02,38,173112,买盘
13:40:15,45.58,0.0,8,36479,卖盘
13:40:21,45.61,0.03,3,13683,买盘
13:40:24,45.64,0.03,3,13692,卖盘
13:40:26,45.58,-0.06,3,13674,卖盘
13:40:30,45.65,0.07,12,54780,买盘
13:40:34,45.61,-0.04,4,18244,卖盘
13:40:37,45.61,0.0,2,9122,中性盘
13:40:39,45.6,-0.01,2,9120,卖盘
13:40:42,45.61,0.01,2,9122,买盘
13:40:45,45.61,0.0,3,13681,买盘
13:40:51,45.6,-0.01,7,31944,卖盘
13:40:54,45.66,0.06,12,54743,买盘
13:40:57,45.6,-0.06,7,31926,卖盘
13:41:04,45.64,0.04,6,27372,买盘
13:41:09,45.66,0.02,3,13691,买盘
13:41:12,45.6,-0.06,1,4560,卖盘
13:41:17,45.6,0.0,5,22804,卖盘
13:41:27,45.67,0.07,12,54804,买盘
13:41:30,45.68,0.01,6,27405,买盘
13:41:33,45.68,0.0,18,82212,买盘
13:41:36,45.68,0.0,3,13704,买盘
13:41:42,45.65,-0.03,1,4565,卖盘
13:41:45,45.68,0.03,2,9130,买盘
13:41:49,45.57,-0.11,40,182360,卖盘
13:41:51,45.68,0.11,20,91105,买盘
13:41:57,45.57,-0.11,2,9111,买盘
13:42:03,45.57,0.0,2,9114,卖盘
13:42:06,45.54,-0.03,5,22798,卖盘
13:42:12,45.54,0.0,2,9108,卖盘
13:42:19,45.54,0.0,1,4554,卖盘
13:42:27,45.64,0.1,10,45641,买盘
13:42:30,45.64,0.0,16,73058,卖盘
13:42:36,45.64,0.0,3,13692,卖盘
13:42:42,45.64,0.0,1,4564,卖盘
13:42:45,45.57,-0.07,12,54721,卖盘
13:42:49,45.57,0.0,2,9114,卖盘
13:42:54,45.54,-0.03,6,27327,卖盘
13:42:57,45.57,0.03,6,27333,买盘
13:43:03,45.57,0.0,2,9114,卖盘
13:43:05,45.64,0.07,7,31945,买盘
13:43:09,45.58,-0.06,1,4558,卖盘
13:43:12,45.58,0.0,1,4558,卖盘
13:43:15,45.64,0.06,6,27378,买盘
13:43:19,45.64,0.0,1,4564,买盘
13:43:20,45.58,-0.06,13,59257,卖盘
13:43:27,45.64,0.06,12,54756,买盘
13:43:30,45.65,0.01,16,73037,买盘
13:43:33,45.64,-0.01,41,187124,卖盘
13:43:42,45.65,0.01,24,109533,买盘
13:43:54,45.57,-0.08,6,27342,卖盘
13:43:57,45.58,0.01,1,4558,买盘
13:44:00,45.57,-0.01,7,31899,卖盘
13:44:03,45.58,0.01,10,45571,买盘
13:44:05,45.58,0.0,2,9115,买盘
13:44:12,45.58,0.0,1,4558,卖盘
13:44:15,45.62,0.04,4,18242,买盘
13:44:21,45.65,0.03,12,54780,买盘
13:44:24,45.62,-0.03,3,13686,卖盘
13:44:27,45.62,0.0,2,9127,卖盘
13:44:30,45.65,0.03,5,22812,买盘
13:44:34,45.55,-0.1,5,22782,卖盘
13:44:36,45.56,0.01,3,13666,中性盘
13:44:39,45.62,0.06,10,45630,买盘
13:44:42,45.57,-0.05,7,31932,卖盘
13:44:45,45.56,-0.01,6,27344,卖盘
13:44:51,45.57,0.01,1,4557,卖盘
13:44:54,45.56,-0.01,8,36450,卖盘
13:44:57,45.57,0.01,1,4557,中性盘
13:45:00,45.56,-0.01,4,18224,卖盘
13:45:03,45.56,0.0,7,31900,卖盘
13:45:06,45.63,0.07,7,31934,买盘
13:45:15,45.56,-0.07,6,27356,卖盘
13:45:19,45.63,0.07,1,4563,买盘
13:45:21,45.63,0.0,14,63875,卖盘
13:45:28,45.56,-0.07,2,9119,卖盘
13:45:36,45.56,0.0,6,27368,卖盘
13:45:39,45.56,0.0,1,4556,卖盘
13:45:42,45.63,0.07,10,45613,买盘
13:45:45,45.56,-0.07,1,4556,卖盘
13:45:54,45.56,0.0,7,31892,卖盘
13:45:57,45.63,0.07,11,50193,买盘
13:46:00,45.63,0.0,1,4563,卖盘
13:46:06,45.56,-0.07,3,13682,卖盘
13:46:09,45.56,0.0,2,9112,卖盘
13:46:12,45.63,0.07,13,59319,买盘
13:46:18,45.56,-0.07,3,13668,卖盘
13:46:21,45.55,-0.01,45,204994,卖盘
13:46:24,45.55,0.0,3,13665,买盘
13:46:26,45.53,-0.02,12,54632,卖盘
13:46:30,45.52,-0.01,10,45520,卖盘
13:46:33,45.51,-0.01,20,91044,卖盘
13:46:36,45.53,0.02,1,4553,买盘
13:46:39,45.51,-0.02,2,9102,卖盘
13:46:42,45.52,0.01,10,45520,买盘
13:46:45,45.52,0.0,2,9104,买盘
13:46:53,45.53,0.01,13,59171,买盘
13:46:57,45.51,-0.02,2,9102,卖盘
13:47:03,45.53,0.02,42,190308,买盘
13:47:06,45.53,0.0,14,63742,买盘
13:47:08,45.5,-0.03,5,22750,卖盘
13:47:15,45.53,0.03,8,36418,买盘
13:47:23,45.55,0.02,3,13663,买盘
13:47:29,45.55,0.0,12,54660,买盘
13:47:34,45.53,-0.02,2,9106,卖盘
13:47:36,45.53,0.0,20,91060,卖盘
13:47:38,45.5,-0.03,2,9100,卖盘
13:47:50,45.5,0.0,8,36412,卖盘
13:47:54,45.53,0.03,13,59162,买盘
13:47:57,45.5,-0.03,7,31856,卖盘
13:48:00,45.5,0.0,16,72860,卖盘
13:48:03,45.53,0.03,4,19014,买盘
13:48:06,45.53,0.0,5,22759,买盘
13:48:09,45.47,-0.06,3,13647,卖盘
13:48:12,45.47,0.0,3,13647,卖盘
13:48:20,45.54,0.07,12,54635,买盘
13:48:24,45.47,-0.07,4,18188,卖盘
13:48:27,45.47,0.0,1,4547,卖盘
13:48:30,45.47,0.0,5,22746,卖盘
13:48:34,45.5,0.03,1,4550,买盘
13:48:42,45.5,0.0,14,63697,买盘
13:48:45,45.47,-0.03,3,13645,卖盘
13:48:51,45.47,0.0,5,22735,卖盘
13:48:54,45.47,0.0,7,31829,卖盘
13:49:03,45.47,0.0,2,9094,卖盘
13:49:05,45.49,0.02,14,63677,买盘
13:49:09,45.47,-0.02,1,4547,卖盘
13:49:11,45.48,0.01,2,9096,中性盘
13:49:14,45.47,-0.01,1,4547,卖盘
13:49:17,45.49,0.02,1,4549,买盘
13:49:24,45.49,0.0,1,4549,买盘
13:49:27,45.49,0.0,2,9098,买盘
13:49:30,45.5,0.01,15,68237,买盘
13:49:35,45.47,-0.03,3,13641,卖盘
13:49:38,45.5,0.03,1,4550,买盘
13:49:41,45.5,0.0,1,4550,买盘
13:49:47,45.47,-0.03,1,4547,卖盘
13:49:53,45.5,0.03,20,90979,买盘
13:50:00,45.47,-0.03,2,9094,卖盘
13:50:03,45.48,0.01,3,13643,中性盘
13:50:06,45.5,0.02,11,50034,买盘
13:50:08,45.47,-0.03,7,31830,卖盘
13:50:15,45.47,0.0,28,127336,卖盘
13:50:18,45.47,0.0,1,4547,卖盘
13:50:24,45.45,-0.02,1,4545,卖盘
13:50:32,45.5,0.05,7,31836,买盘
13:50:42,45.5,0.0,3,13647,买盘
13:50:45,45.5,0.0,15,68240,买盘
13:50:47,45.5,0.0,1,4550,买盘
13:50:50,45.47,-0.03,1,4547,卖盘
13:50:53,45.45,-0.02,9,40915,卖盘
13:51:00,45.45,0.0,3,13639,卖盘
13:51:03,45.45,0.0,3,13635,卖盘
13:51:05,45.5,0.05,5,22743,买盘
13:51:14,45.45,-0.05,10,45462,卖盘
13:51:21,45.47,0.02,6,27279,买盘
13:51:24,45.45,-0.02,2,9090,卖盘
13:51:27,45.47,0.02,5,22734,买盘
13:51:30,45.46,-0.01,14,63670,卖盘
13:51:42,45.48,0.02,7,31834,买盘
13:51:48,45.48,0.0,2,9094,买盘
13:51:51,45.46,-0.02,14,63670,卖盘
13:51:53,45.45,-0.01,6,27270,卖盘
13:52:00,45.45,0.0,2,9090,卖盘
13:52:03,45.45,0.0,3,13635,卖盘
13:52:05,45.48,0.03,4,18186,买盘
13:52:09,45.48,0.0,16,72757,买盘
13:52:12,45.45,-0.03,1,4545,中性盘
13:52:20,45.43,-0.02,1,4543,卖盘
13:52:26,45.48,0.05,1,4548,买盘
13:52:33,45.45,-0.03,5,22722,买盘
13:52:39,45.42,-0.03,6,27270,卖盘
13:52:45,45.42,0.0,1,4542,卖盘
13:52:48,45.48,0.06,15,68222,买盘
13:52:51,45.42,-0.06,8,36350,卖盘
13:52:54,45.42,0.0,7,31794,卖盘
13:52:57,45.43,0.01,1,4543,中性盘
13:53:00,45.43,0.0,1,4543,卖盘
13:53:03,45.43,0.0,2,9086,卖盘
13:53:06,45.49,0.06,14,63673,买盘
13:53:17,45.43,-0.06,2,9086,卖盘
13:53:26,45.43,0.0,15,68222,卖盘
13:53:29,45.49,0.06,2,9092,买盘
13:53:36,45.43,-0.06,2,9086,卖盘
13:53:39,45.43,0.0,4,18175,卖盘
13:53:42,45.5,0.07,6,27294,买盘
13:53:51,45.48,-0.02,2,9096,卖盘
13:53:54,45.5,0.02,19,86426,买盘
13:54:03,45.44,-0.06,1,4544,卖盘
13:54:05,45.44,0.0,4,18188,卖盘
13:54:15,45.44,0.0,14,63694,卖盘
13:54:24,45.48,0.04,1,4548,卖盘
13:54:26,45.49,0.01,1,4549,买盘
13:54:33,45.5,0.01,7,31842,买盘
13:54:39,45.49,-0.01,1,4549,买盘
13:54:42,45.5,0.01,3,13647,买盘
13:54:44,45.5,0.0,12,54600,买盘
13:54:50,45.49,-0.01,2,9098,卖盘
13:54:54,45.44,-0.05,9,40928,卖盘
13:54:56,45.5,0.06,8,36399,买盘
13:55:02,45.5,0.0,13,59150,买盘
13:55:05,45.5,0.0,2,9100,买盘
13:55:12,45.49,-0.01,4,18198,卖盘
13:55:15,45.49,0.0,9,40948,卖盘
13:55:27,45.49,0.0,8,36396,买盘
13:55:30,45.46,-0.03,2,9092,卖盘
13:55:32,45.46,0.0,2,9092,卖盘
13:55:36,45.48,0.02,1,4548,中性盘
13:55:39,45.46,-0.02,5,22740,卖盘
13:55:42,45.5,0.04,8,36396,买盘
13:55:48,45.46,-0.04,5,22728,卖盘
13:55:54,45.46,0.0,10,45444,买盘
13:55:56,45.47,0.01,7,31818,买盘
13:56:00,45.46,-0.01,1,4546,中性盘
13:56:03,45.49,0.03,9,40935,中性盘
13:56:06,45.5,0.01,15,68250,买盘
13:56:09,45.46,-0.04,1,4546,卖盘
13:56:11,45.46,0.0,1,4546,卖盘
13:56:14,45.46,0.0,1,4546,卖盘
13:56:20,45.5,0.04,1,4550,买盘
13:56:23,45.5,0.0,13,59150,买盘
13:56:27,45.46,-0.04,2,9092,卖盘
13:56:30,45.5,0.04,10,45500,买盘
13:56:33,45.46,-0.04,2,9092,卖盘
13:56:36,45.46,0.0,1,4546,买盘
13:56:42,45.46,0.0,1,4546,买盘
13:56:44,45.45,-0.01,17,77280,卖盘
13:56:48,45.46,0.01,7,31822,买盘
13:56:51,45.5,0.04,13,59118,买盘
13:56:54,45.44,-0.06,11,49995,卖盘
13:57:03,45.45,0.01,4,18180,卖盘
13:57:05,45.45,0.0,1,4545,中性盘
13:57:09,45.45,0.0,1,4545,卖盘
13:57:12,45.5,0.05,2,9100,买盘
13:57:15,45.5,0.0,13,59150,买盘
13:57:23,45.46,-0.04,2,9092,卖盘
13:57:26,45.5,0.04,2,9100,买盘
13:57:30,45.5,0.0,2,9096,买盘
13:57:39,45.5,0.0,12,54600,买盘
13:57:41,45.46,-0.04,7,31846,卖盘
13:57:51,45.5,0.04,333,1516420,买盘
13:57:54,45.6,0.1,1,4560,买盘
13:57:57,45.6,0.0,2,9111,买盘
13:58:00,45.51,-0.09,2,9102,卖盘
13:58:02,45.51,0.0,4,18204,卖盘
13:58:06,45.6,0.09,32,145625,买盘
13:58:15,45.5,-0.1,1,4550,卖盘
13:58:17,45.6,0.1,31,141360,买盘
13:58:21,45.6,0.0,7,31911,买盘
13:58:23,45.6,0.0,6,27360,卖盘
13:58:33,45.59,-0.01,3,13677,买盘
13:58:38,45.51,-0.08,2,9110,卖盘
13:58:48,45.6,0.09,3,13671,买盘
13:58:57,45.64,0.04,16,73017,买盘
13:59:00,45.6,-0.04,1,4560,卖盘
13:59:03,45.6,0.0,22,100396,卖盘
13:59:06,45.52,-0.08,17,77400,卖盘
13:59:08,45.52,0.0,16,72832,买盘
13:59:15,45.6,0.08,5,22812,买盘
13:59:18,45.52,-0.08,1,4552,卖盘
13:59:20,45.6,0.08,401,1824615,买盘
13:59:27,45.6,0.0,2,9120,买盘
13:59:29,45.5,-0.1,1,4550,卖盘
13:59:35,45.5,0.0,3,13650,卖盘
13:59:39,45.5,0.0,92,418600,卖盘
13:59:42,45.5,0.0,17,76076,卖盘
13:59:45,45.47,-0.03,1,6504,卖盘
13:59:48,45.5,0.03,2,9099,买盘
13:59:50,45.5,0.0,2,9099,买盘
13:59:54,45.49,-0.01,22,99299,买盘
14:00:00,45.47,-0.02,1,4547,买盘
14:00:02,45.49,0.02,14,63648,买盘
14:00:05,45.44,-0.05,37,166961,卖盘
14:00:08,45.44,0.0,4,18176,买盘
14:00:11,45.5,0.06,16,73950,买盘
14:00:14,45.52,0.02,12,54604,买盘
14:00:18,45.47,-0.05,2,9098,卖盘
14:00:26,45.45,-0.02,23,104535,卖盘
14:00:29,45.45,0.0,25,113643,卖盘
14:00:32,45.5,0.05,23,104600,买盘
14:00:39,45.45,-0.05,15,68175,卖盘
14:00:42,45.45,0.0,16,72737,卖盘
14:00:45,45.45,0.0,1,4545,买盘
14:00:48,45.45,0.0,39,177254,买盘
14:00:50,45.46,0.01,3,13637,买盘
14:00:54,45.44,-0.02,21,95465,卖盘
14:00:57,45.45,0.01,10,45450,卖盘
14:00:59,45.46,0.01,1,4546,中性盘
14:01:02,45.5,0.04,47,213810,买盘
14:01:05,45.45,-0.05,59,268129,卖盘
14:01:08,45.45,0.0,7,31815,卖盘
14:01:12,45.45,0.0,4,18180,买盘
14:01:21,45.5,0.05,10,45491,买盘
14:01:33,45.5,0.0,17,77345,买盘
14:01:42,45.5,0.0,53,241150,买盘
14:01:45,45.5,0.0,3,13642,买盘
14:01:48,45.46,-0.04,8,36372,卖盘
14:01:50,45.46,0.0,1,4546,买盘
14:01:54,45.46,0.0,37,168201,买盘
14:01:57,45.5,0.04,139,632450,买盘
14:01:59,45.5,0.0,8,36397,中性盘
14:02:03,45.5,0.0,8,36400,买盘
14:02:06,45.46,-0.04,43,195546,卖盘
14:02:12,45.5,0.04,2,9100,买盘
14:02:15,45.47,-0.03,8,36386,中性盘
14:02:17,45.49,0.02,21,95537,买盘
14:02:20,45.5,0.01,10,45499,买盘
14:02:24,45.49,-0.01,7,31858,卖盘
14:02:26,45.46,-0.03,1,4546,卖盘
14:02:30,45.47,0.01,1,4547,卖盘
14:02:39,45.5,0.03,1,4550,卖盘
14:02:42,45.5,0.0,4,18218,卖盘
14:02:45,45.5,0.0,4,18215,卖盘
14:02:48,45.5,0.0,6,27314,卖盘
14:02:57,45.55,0.05,5,22765,中性盘
14:02:59,45.55,0.0,1,4555,卖盘
14:03:03,45.59,0.04,12,54708,买盘
14:03:06,45.55,-0.04,45,205031,卖盘
14:03:12,45.55,0.0,3,13665,卖盘
14:03:15,45.56,0.01,4,18222,中性盘
14:03:18,45.55,-0.01,21,95672,卖盘
14:03:21,45.56,0.01,8,33350,中性盘
14:03:24,45.56,0.0,5,25886,卖盘
14:03:27,45.5,-0.06,11,50087,卖盘
14:03:29,45.56,0.06,16,72864,买盘
14:03:32,45.53,-0.03,4,18209,中性盘
14:03:36,45.53,0.0,9,40987,卖盘
14:03:42,45.51,-0.02,17,77385,卖盘
14:03:44,45.49,-0.02,2,9099,卖盘
14:03:48,45.5,0.01,4,18200,买盘
14:03:51,45.49,-0.01,15,68249,卖盘
14:03:57,45.49,0.0,5,22745,卖盘
14:04:00,45.5,0.01,2,9100,买盘
14:04:03,45.49,-0.01,3,13647,卖盘
14:04:06,45.48,-0.01,30,136481,卖盘
14:04:12,45.47,-0.01,27,122811,卖盘
14:04:18,45.47,0.0,5,22736,卖盘
14:04:24,45.47,0.0,3,13643,卖盘
14:04:26,45.5,0.03,10,45495,买盘
14:04:30,45.47,-0.03,1,4547,卖盘
14:04:33,45.48,0.01,3,13644,买盘
14:04:39,45.49,0.01,1,4549,卖盘
14:04:41,45.49,0.0,17,77349,卖盘
14:04:44,45.5,0.01,19,86436,买盘
14:04:47,45.49,-0.01,10,45490,卖盘
14:04:51,45.49,0.0,16,72784,卖盘
14:04:54,45.49,0.0,14,63687,卖盘
14:04:57,45.49,0.0,12,54582,买盘
14:05:02,45.47,-0.02,6,27287,卖盘
14:05:05,45.47,0.0,29,131863,卖盘
14:05:08,45.46,-0.01,11,50006,卖盘
14:05:12,45.46,0.0,2,9092,卖盘
14:05:15,45.47,0.01,16,72757,买盘
14:05:20,45.47,0.0,11,50016,中性盘
14:05:24,45.47,0.0,1,4547,中性盘
14:05:27,45.49,0.02,13,59137,买盘
14:05:30,45.49,0.0,2,9096,买盘
14:05:33,45.47,-0.02,12,54557,卖盘
14:05:36,45.46,-0.01,4,18186,卖盘
14:05:44,45.49,0.03,7,31834,买盘
14:05:54,45.49,0.0,13,59137,买盘
14:05:57,45.46,-0.03,2,9092,卖盘
14:06:00,45.49,0.03,1,4549,买盘
14:06:06,45.5,0.01,28,127283,买盘
14:06:08,45.5,0.0,12,54600,买盘
14:06:15,45.49,-0.01,2,9098,中性盘
14:06:18,45.49,0.0,9,40909,买盘
14:06:24,45.45,-0.04,5,22733,卖盘
14:06:27,45.46,0.01,7,31845,卖盘
14:06:30,45.47,0.01,1,4547,买盘
14:06:33,45.5,0.03,12,54576,买盘
14:06:36,45.46,-0.04,22,99996,卖盘
14:06:38,45.45,-0.01,2,9091,卖盘
14:06:42,45.5,0.05,3,13646,买盘
14:06:45,45.46,-0.04,2,9092,卖盘
14:06:48,45.5,0.04,3,13648,买盘
14:06:51,45.46,-0.04,7,31838,卖盘
14:06:56,45.46,0.0,2,9093,卖盘
14:07:03,45.5,0.04,13,59150,买盘
14:07:05,45.45,-0.05,29,131826,卖盘
14:07:08,45.5,0.05,13,59149,买盘
14:07:12,45.46,-0.04,2,9096,卖盘
14:07:14,45.5,0.04,4,18191,买盘
14:07:17,45.5,0.0,14,63690,买盘
14:07:20,45.45,-0.05,3,13645,卖盘
14:07:24,45.45,0.0,8,36360,卖盘
14:07:26,45.45,0.0,1,4545,卖盘
14:07:29,45.49,0.04,31,140903,买盘
14:07:33,45.5,0.01,11,50020,买盘
14:07:36,45.45,-0.05,6,27295,卖盘
14:07:39,45.5,0.05,12,54600,买盘
14:07:42,45.5,0.0,5,22744,买盘
14:07:48,45.5,0.0,3,13650,买盘
14:07:54,45.46,-0.04,2,9092,卖盘
14:07:57,45.46,0.0,14,63696,卖盘
14:08:00,45.5,0.04,4,18195,买盘
14:08:06,45.45,-0.05,36,163646,卖盘
14:08:15,45.45,0.0,9,40937,卖盘
14:08:18,45.5,0.05,12,54600,买盘
14:08:21,45.45,-0.05,1,4545,卖盘
14:08:23,45.45,0.0,3,13635,卖盘
14:08:30,45.45,0.0,4,17271,卖盘
14:08:39,45.5,0.05,12,54600,买盘
14:08:41,45.45,-0.05,4,18188,卖盘
14:08:48,45.45,0.0,1,4545,卖盘
14:08:51,45.45,0.0,12,54540,卖盘
14:08:54,45.48,0.03,13,59121,买盘
14:09:00,45.46,-0.02,4,18193,卖盘
14:09:03,45.49,0.03,1,4549,买盘
14:09:05,45.45,-0.04,30,137267,卖盘
14:09:08,45.49,0.04,6,27280,买盘
14:09:15,45.45,-0.04,1,4545,卖盘
14:09:18,45.5,0.05,13,59136,买盘
14:09:20,45.5,0.0,2,9100,买盘
14:09:26,45.49,-0.01,3,13647,卖盘
14:09:33,45.5,0.01,13,59150,买盘
14:09:35,45.49,-0.01,1,4549,卖盘
14:09:45,45.49,0.0,2,9098,卖盘
14:09:50,45.44,-0.05,32,145479,卖盘
14:10:02,45.48,0.04,3,13644,买盘
14:10:05,45.44,-0.04,38,172682,卖盘
14:10:08,45.45,0.01,3,13643,卖盘
14:10:15,45.45,0.0,14,63695,卖盘
14:10:17,45.5,0.05,2,9097,买盘
14:10:23,45.45,-0.05,1,4545,卖盘
14:10:26,45.45,0.0,4,18180,卖盘
14:10:32,45.48,0.03,2,9096,卖盘
14:10:36,45.48,0.0,19,86436,卖盘
14:10:39,45.48,0.0,1,4548,买盘
14:10:42,45.5,0.02,1,4550,买盘
14:10:44,45.45,-0.05,3,13635,卖盘
14:10:50,45.5,0.05,2,9100,买盘
14:10:54,45.48,-0.02,13,59147,卖盘
14:11:00,45.48,0.0,1,4548,卖盘
14:11:03,45.48,0.0,2,9096,卖盘
14:11:06,45.46,-0.02,9,40924,卖盘
14:11:09,45.46,0.0,13,59098,买盘
14:11:18,45.45,-0.01,1,4545,卖盘
14:11:20,45.45,0.0,7,31817,卖盘
14:11:24,45.45,0.0,7,31815,卖盘
14:11:27,45.45,0.0,11,49995,卖盘
14:11:29,45.44,-0.01,16,72729,卖盘
14:11:33,45.44,0.0,2,9088,卖盘
14:11:36,45.44,0.0,2,9088,卖盘
14:11:39,45.44,0.0,26,118146,卖盘
14:11:41,45.44,0.0,3,13632,卖盘
14:11:47,45.44,0.0,3,13632,卖盘
14:11:50,45.46,0.02,3,13637,买盘
14:11:54,45.49,0.03,4,18195,买盘
14:11:59,45.44,-0.05,12,54538,卖盘
14:12:02,45.49,0.05,6,27292,买盘
14:12:05,45.44,-0.05,34,154516,卖盘
14:12:09,45.48,0.04,13,59124,中性盘
14:12:12,45.44,-0.04,10,45476,卖盘
14:12:15,45.49,0.05,10,45490,买盘
14:12:18,45.44,-0.05,18,81792,卖盘
14:12:21,45.44,0.0,18,81875,卖盘
14:12:27,45.49,0.05,2,9093,买盘
14:12:30,45.49,0.0,11,46993,买盘
14:12:33,45.48,-0.01,8,39439,卖盘
14:12:36,45.48,0.0,3,13644,卖盘
14:12:38,45.49,0.01,4,18194,买盘
14:12:42,45.5,0.01,2,9098,买盘
14:12:45,45.5,0.0,14,63698,买盘
14:12:53,45.48,-0.02,2,9096,买盘
14:12:57,45.44,-0.04,3,13642,卖盘
14:13:00,45.44,0.0,2,9088,卖盘
14:13:03,45.44,0.0,8,36352,卖盘
14:13:06,45.44,0.0,46,209092,卖盘
14:13:09,45.44,0.0,1,4544,卖盘
14:13:12,45.44,0.0,1,4544,卖盘
14:13:15,45.45,0.01,2,9090,中性盘
14:13:18,45.44,-0.01,13,59072,卖盘
14:13:21,45.48,0.04,2,9096,买盘
14:13:27,45.49,0.01,2,9097,买盘
14:13:30,45.5,0.01,13,59136,买盘
