time,price,change,volume,amount,type
09:25:02,48.0,-0.03,207,993600,卖盘
09:30:00,47.74,-0.26,4,19107,卖盘
09:30:04,47.76,0.02,76,362707,中性盘
09:30:07,48.0,0.24,570,2733579,卖盘
09:30:10,47.75,-0.25,56,267025,卖盘
09:30:12,47.87,0.12,34,162462,买盘
09:30:16,47.73,-0.14,4,19109,卖盘
09:30:19,47.9,0.17,27,128939,买盘
09:30:22,47.79,-0.11,1,4779,中性盘
09:30:25,47.79,0.0,21,100239,中性盘
09:30:27,47.74,-0.05,22,105128,卖盘
09:30:31,47.72,-0.02,215,1025787,卖盘
09:30:33,47.74,0.02,7,33410,中性盘
09:30:37,47.73,-0.01,7,33410,买盘
09:30:39,47.73,0.0,34,162287,买盘
09:30:43,47.71,-0.02,43,205421,卖盘
09:30:46,47.81,0.1,13,62094,中性盘
09:30:49,47.9,0.09,21,100446,买盘
09:30:52,47.76,-0.14,16,76465,卖盘
09:30:54,47.75,-0.01,64,305662,卖盘
09:30:57,47.76,0.01,10,47759,买盘
09:31:00,47.9,0.14,18,86110,买盘
09:31:04,47.73,-0.17,10,47739,卖盘
09:31:07,47.74,0.01,14,66824,买盘
09:31:10,47.74,0.0,31,148015,卖盘
09:31:13,47.75,0.01,30,143226,买盘
09:31:16,47.76,0.01,5,23873,买盘
09:31:18,47.75,-0.01,26,124109,中性盘
09:31:22,47.88,0.13,2,9575,买盘
09:31:25,47.77,-0.11,1,4777,卖盘
09:31:28,47.77,0.0,1,4777,卖盘
09:31:31,47.77,0.0,3,14331,卖盘
09:31:33,47.76,-0.01,24,114652,卖盘
09:31:37,47.78,0.02,12,57325,中性盘
09:31:40,47.78,0.0,2,9560,卖盘
09:31:43,47.78,0.0,3,14334,卖盘
09:31:45,47.86,0.08,7,33502,买盘
09:31:48,47.78,-0.08,22,105118,卖盘
09:31:52,47.78,0.0,4,19114,卖盘
09:31:55,47.78,0.0,4,19117,卖盘
09:31:57,47.86,0.08,7,33493,买盘
09:32:00,47.85,-0.01,17,81233,中性盘
09:32:04,47.78,-0.07,20,95560,卖盘
09:32:07,47.85,0.07,4,19126,买盘
09:32:09,47.85,0.0,2,9569,买盘
09:32:16,47.79,-0.06,46,219794,卖盘
09:32:19,47.78,-0.01,19,90793,卖盘
09:32:21,47.78,0.0,26,124240,卖盘
09:32:25,47.77,-0.01,39,186309,卖盘
09:32:27,47.77,0.0,13,62086,买盘
09:32:30,47.74,-0.03,27,128922,卖盘
09:32:34,47.73,-0.01,21,100249,卖盘
09:32:37,47.71,-0.02,53,252883,卖盘
09:32:40,47.7,-0.01,256,1221363,卖盘
09:32:43,47.68,-0.02,55,262315,卖盘
09:32:46,47.66,-0.02,11,52426,卖盘
09:32:49,47.6,-0.06,9,42851,卖盘
09:32:52,47.61,0.01,1,4761,买盘
09:32:54,47.58,-0.03,8,38067,卖盘
09:32:58,47.61,0.03,25,118985,买盘
09:33:01,47.61,0.0,7,33327,卖盘
09:33:03,47.59,-0.02,73,347489,卖盘
09:33:07,47.61,0.02,11,52360,中性盘
09:33:10,47.58,-0.03,31,147570,卖盘
09:33:13,47.6,0.02,14,66641,中性盘
09:33:15,47.6,0.0,19,90456,卖盘
09:33:19,47.58,-0.02,29,137995,卖盘
09:33:21,47.58,0.0,3,14276,卖盘
09:33:25,47.57,-0.01,10,47571,卖盘
09:33:27,47.56,-0.01,2,9514,卖盘
09:33:30,47.58,0.02,3,14270,买盘
09:33:34,47.54,-0.04,16,76088,卖盘
09:33:37,47.55,0.01,19,90366,买盘
09:33:40,47.56,0.01,7,33296,买盘
09:33:43,47.55,-0.01,10,47561,卖盘
09:33:46,47.55,0.0,12,57064,卖盘
09:33:49,47.55,0.0,22,104617,卖盘
09:33:52,47.54,-0.01,13,61806,卖盘
09:33:55,47.55,0.01,7,33285,买盘
09:33:57,47.55,0.0,38,180689,买盘
09:34:00,47.59,0.04,15,71385,买盘
09:34:04,47.53,-0.06,143,679781,卖盘
09:34:07,47.53,0.0,10,47530,买盘
09:34:10,47.53,0.0,61,289875,买盘
09:34:13,47.54,0.01,103,489565,买盘
09:34:16,47.56,0.02,9,42788,买盘
09:34:19,47.54,-0.02,29,137868,卖盘
09:34:22,47.55,0.01,13,61808,买盘
09:34:25,47.55,0.0,53,252013,买盘
09:34:28,47.6,0.05,14,66619,买盘
09:34:30,47.62,0.02,9,46664,买盘
09:34:34,47.62,0.0,22,104618,买盘
09:34:37,47.55,-0.07,15,71395,卖盘
09:34:40,47.62,0.07,8,38085,买盘
09:34:42,47.63,0.01,3,14289,卖盘
09:34:49,47.66,0.03,27,128619,买盘
09:34:52,47.66,0.0,1,4766,卖盘
09:34:58,47.68,0.02,5,23840,买盘
09:35:01,47.68,0.0,12,57216,买盘
09:35:04,47.67,-0.01,21,100121,卖盘
09:35:06,47.7,0.03,25,119250,买盘
09:35:17,47.7,0.0,10,47700,卖盘
09:35:19,47.67,-0.03,20,95376,卖盘
09:35:31,47.7,0.03,3,14310,卖盘
09:35:34,47.68,-0.02,16,76300,卖盘
09:35:37,47.68,0.0,6,28607,买盘
09:35:46,47.73,0.05,13,62049,买盘
09:35:49,47.73,0.0,24,114552,卖盘
09:35:52,47.73,0.0,23,109779,卖盘
09:35:58,47.73,0.0,20,95460,买盘
09:36:01,47.68,-0.05,8,38174,卖盘
09:36:04,47.73,0.05,41,195585,买盘
09:36:07,47.68,-0.05,7,33386,卖盘
09:36:10,47.73,0.05,24,114537,买盘
09:36:15,47.68,-0.05,19,90647,卖盘
09:36:19,47.68,0.0,26,123968,卖盘
09:36:22,47.67,-0.01,17,81042,卖盘
09:36:25,47.66,-0.01,32,152515,卖盘
09:36:28,47.64,-0.02,30,142920,卖盘
09:36:30,47.63,-0.01,35,166705,卖盘
09:36:34,47.62,-0.01,19,90486,卖盘
09:36:37,47.61,-0.01,3,14284,卖盘
09:36:39,47.58,-0.03,26,123751,卖盘
09:36:43,47.58,0.0,1,4758,卖盘
09:36:46,47.57,-0.01,8,38058,卖盘
09:36:49,47.56,-0.01,30,142686,卖盘
09:36:51,47.56,0.0,12,57072,卖盘
09:36:55,47.57,0.01,3,14270,买盘
09:36:58,47.56,-0.01,3,14269,卖盘
09:37:01,47.57,0.01,2,9514,买盘
09:37:04,47.56,-0.01,31,147446,卖盘
09:37:07,47.58,0.02,46,218864,买盘
09:37:10,47.6,0.02,24,114255,买盘
09:37:13,47.62,0.02,11,52382,买盘
09:37:16,47.64,0.02,3,14292,买盘
09:37:19,47.67,0.03,21,100007,买盘
09:37:22,47.67,0.0,5,23835,买盘
09:37:25,47.64,-0.03,7,33348,中性盘
09:37:28,47.64,0.0,1,4764,买盘
09:37:34,47.64,0.0,21,100044,卖盘
09:37:40,47.64,0.0,3,14292,卖盘
09:37:43,47.67,0.03,6,28593,买盘
09:37:46,47.64,-0.03,1,4764,卖盘
09:37:49,47.64,0.0,19,90516,卖盘
09:37:54,47.64,0.0,4,19059,卖盘
09:37:58,47.66,0.02,1,4766,中性盘
09:38:00,47.66,0.0,3,14298,买盘
09:38:04,47.63,-0.03,8,38111,卖盘
09:38:06,47.63,0.0,2,9526,买盘
09:38:13,47.62,-0.01,10,47627,卖盘
09:38:15,47.62,0.0,2,9522,买盘
09:38:19,47.58,-0.04,41,195119,卖盘
09:38:22,47.58,0.0,1,4758,买盘
09:38:25,47.58,0.0,5,23790,买盘
09:38:28,47.58,0.0,41,195039,买盘
09:38:30,47.58,0.0,15,71354,买盘
09:38:33,47.55,-0.03,50,237799,卖盘
09:38:37,47.56,0.01,1,4756,买盘
09:38:41,47.56,0.0,4,19024,买盘
09:38:43,47.55,-0.01,13,61824,卖盘
09:38:46,47.55,0.0,8,38041,卖盘
09:38:48,47.56,0.01,28,133143,中性盘
09:38:52,47.56,0.0,2,9512,卖盘
09:38:54,47.57,0.01,11,52321,买盘
09:38:58,47.56,-0.01,15,71345,卖盘
09:39:01,47.58,0.02,2,9514,买盘
09:39:03,47.57,-0.01,31,147447,买盘
09:39:07,47.58,0.01,4,19029,买盘
09:39:10,47.58,0.0,3,14272,买盘
09:39:13,47.58,0.0,3,14274,买盘
09:39:19,47.56,-0.02,17,80857,卖盘
09:39:22,47.56,0.0,32,152227,买盘
09:39:25,47.56,0.0,26,123671,卖盘
09:39:29,47.56,0.0,2,9512,买盘
09:39:35,47.55,-0.01,30,142660,卖盘
09:39:40,47.56,0.01,102,485012,买盘
09:39:43,47.55,-0.01,3,14266,卖盘
09:39:46,47.55,0.0,9,38991,卖盘
09:39:49,47.54,-0.01,19,90341,卖盘
09:39:52,47.54,0.0,13,61804,卖盘
09:39:54,47.54,0.0,34,161646,卖盘
09:40:00,47.54,0.0,24,114102,卖盘
09:40:05,47.53,-0.01,49,236742,卖盘
09:40:07,47.53,0.0,36,171120,卖盘
09:40:10,47.54,0.01,9,42792,卖盘
09:40:13,47.54,0.0,1,4754,买盘
09:40:16,47.53,-0.01,5,23765,卖盘
09:40:19,47.52,-0.01,37,175863,卖盘
09:40:22,47.52,0.0,15,71280,卖盘
09:40:25,47.51,-0.01,72,342145,卖盘
09:40:29,47.53,0.02,42,199566,买盘
09:40:30,47.52,-0.01,1,4752,买盘
09:40:33,47.51,-0.01,38,180538,卖盘
09:40:37,47.5,-0.01,117,555835,卖盘
09:40:41,47.52,0.02,16,76027,买盘
09:40:43,47.51,-0.01,2,9502,卖盘
09:40:47,47.51,0.0,3,14255,卖盘
09:40:50,47.5,-0.01,20,95006,卖盘
09:40:52,47.51,0.01,6,28506,买盘
09:40:54,47.5,-0.01,1,4750,卖盘
09:40:58,47.5,0.0,47,223250,卖盘
09:41:02,47.51,0.01,6,28506,买盘
09:41:05,47.51,0.0,23,109254,买盘
09:41:07,47.51,0.0,10,47510,卖盘
09:41:10,47.51,0.0,13,61768,卖盘
09:41:13,47.52,0.01,1,4752,买盘
09:41:19,47.51,-0.01,39,185263,卖盘
09:41:22,47.52,0.01,33,156803,买盘
09:41:25,47.52,0.0,57,270868,卖盘
09:41:28,47.52,0.0,16,76033,卖盘
09:41:32,47.52,0.0,1,4752,卖盘
09:41:34,47.53,0.01,24,114050,买盘
09:41:37,47.53,0.0,16,76048,买盘
09:41:40,47.53,0.0,3,14259,买盘
09:41:44,47.53,0.0,22,104565,买盘
09:41:47,47.53,0.0,16,76048,买盘
09:41:49,47.53,0.0,28,133060,买盘
09:41:55,47.53,0.0,13,61789,卖盘
09:41:58,47.53,0.0,5,23765,买盘
09:42:01,47.53,0.0,1,4753,中性盘
09:42:05,47.52,-0.01,20,95049,卖盘
09:42:15,47.54,0.02,1,4754,买盘
09:42:19,47.52,-0.02,19,90296,卖盘
09:42:22,47.52,0.0,12,57034,卖盘
09:42:24,47.54,0.02,6,28524,买盘
09:42:31,47.54,0.0,1,4754,买盘
09:42:34,47.54,0.0,24,114065,买盘
09:42:37,47.53,-0.01,1,4753,买盘
09:42:40,47.53,0.0,3,14259,买盘
09:42:43,47.54,0.01,3,14262,买盘
09:42:46,47.54,0.0,3,14260,买盘
09:42:49,47.52,-0.02,31,147312,卖盘
09:42:52,47.53,0.01,6,28519,中性盘
09:42:56,47.53,0.0,4,19011,买盘
09:42:59,47.53,0.0,7,33271,卖盘
09:43:02,47.53,0.0,3,14260,卖盘
09:43:05,47.53,0.0,21,99799,卖盘
09:43:07,47.55,0.02,58,275754,买盘
09:43:11,47.54,-0.01,2,9508,卖盘
09:43:13,47.56,0.02,13,61811,买盘
09:43:16,47.58,0.02,1,4758,买盘
09:43:19,47.54,-0.04,19,90331,卖盘
09:43:22,47.55,0.01,26,123608,中性盘
09:43:26,47.58,0.03,1,4758,买盘
09:43:31,47.6,0.02,4,19038,中性盘
09:43:35,47.55,-0.05,18,85614,卖盘
09:43:37,47.55,0.0,9,42795,买盘
09:43:41,47.55,0.0,2,9510,卖盘
09:43:47,47.56,0.01,2,9512,买盘
09:43:49,47.55,-0.01,34,161678,卖盘
09:43:52,47.58,0.03,19,90392,买盘
09:43:55,47.55,-0.03,10,47550,卖盘
09:44:05,47.54,-0.01,19,90342,卖盘
09:44:07,47.56,0.02,1,4756,中性盘
09:44:14,47.56,0.0,1,4756,卖盘
09:44:19,47.58,0.02,20,95091,买盘
09:44:22,47.53,-0.05,25,118840,卖盘
09:44:26,47.55,0.02,1,4755,中性盘
09:44:29,47.57,0.02,1,4757,买盘
09:44:35,47.55,-0.02,22,104576,中性盘
09:44:37,47.53,-0.02,3,14259,卖盘
09:44:40,47.53,0.0,5,23763,卖盘
09:44:43,47.53,0.0,39,185367,买盘
09:44:49,47.53,0.0,34,161587,卖盘
09:44:52,47.53,0.0,7,33271,买盘
09:44:56,47.54,0.01,2,9509,卖盘
09:44:58,47.51,-0.03,204,969324,卖盘
09:45:02,47.53,0.02,34,161602,买盘
09:45:05,47.53,0.0,53,251909,卖盘
09:45:07,47.52,-0.01,15,71280,卖盘
09:45:11,47.53,0.01,21,99808,买盘
09:45:14,47.53,0.0,2,9506,卖盘
09:45:19,47.56,0.03,44,209179,买盘
09:45:22,47.56,0.0,1,4756,中性盘
09:45:29,47.53,-0.03,24,114072,卖盘
09:45:35,47.53,0.0,21,99816,卖盘
09:45:41,47.57,0.04,1,4757,买盘
09:45:44,47.53,-0.04,2,9506,卖盘
09:45:49,47.53,0.0,20,95060,卖盘
09:46:02,47.57,0.04,2,9514,买盘
09:46:04,47.57,0.0,26,123602,买盘
09:46:07,47.53,-0.04,2,9506,卖盘
09:46:17,47.53,0.0,11,52286,卖盘
09:46:19,47.54,0.01,23,109322,买盘
09:46:22,47.53,-0.01,21,99813,卖盘
09:46:26,47.53,0.0,9,42779,卖盘
09:46:30,47.53,0.0,31,147344,卖盘
09:46:34,47.53,0.0,20,95060,卖盘
09:46:37,47.54,0.01,17,80815,买盘
09:46:41,47.53,-0.01,4,19012,卖盘
09:46:43,47.51,-0.02,95,451429,卖盘
09:46:46,47.51,0.0,16,76017,卖盘
09:46:50,47.5,-0.01,61,289755,卖盘
09:46:52,47.45,-0.05,761,3614572,卖盘
09:46:56,47.42,-0.03,10,47440,卖盘
09:46:58,47.41,-0.01,2,9482,卖盘
09:47:01,47.4,-0.01,8,37926,卖盘
09:47:04,47.4,0.0,32,151692,卖盘
09:47:07,47.4,0.0,25,118500,卖盘
09:47:11,47.41,0.01,29,137473,买盘
09:47:14,47.41,0.0,2,9481,买盘
09:47:17,47.4,-0.01,35,165900,卖盘
09:47:20,47.4,0.0,12,56879,买盘
09:47:22,47.39,-0.01,13,61606,买盘
09:47:25,47.41,0.02,68,322366,买盘
09:47:32,47.41,0.0,7,33187,卖盘
09:47:34,47.39,-0.02,37,175331,卖盘
09:47:37,47.4,0.01,18,85289,中性盘
09:47:43,47.4,0.0,7,33181,卖盘
09:47:47,47.4,0.0,52,246495,卖盘
09:47:49,47.37,-0.03,2,9474,卖盘
09:47:52,47.38,0.01,5,23696,卖盘
09:47:56,47.39,0.01,2,9478,买盘
09:48:02,47.39,0.0,39,184821,买盘
09:48:05,47.39,0.0,27,127953,卖盘
09:48:14,47.39,0.0,16,75837,卖盘
09:48:17,47.4,0.01,10,47398,买盘
09:48:19,47.39,-0.01,42,199038,卖盘
09:48:22,47.39,0.0,9,42653,卖盘
09:48:26,47.39,0.0,29,137456,卖盘
09:48:29,47.4,0.01,5,23700,买盘
09:48:32,47.4,0.0,5,23700,买盘
09:48:34,47.4,0.0,18,85324,卖盘
09:48:37,47.4,0.0,1,4740,卖盘
09:48:40,47.44,0.04,10,47440,买盘
09:48:43,47.41,-0.03,1,4741,中性盘
09:48:47,47.41,0.0,2,9482,卖盘
09:48:49,47.4,-0.01,23,109032,卖盘
09:48:52,47.44,0.04,6,28464,买盘
09:48:56,47.44,0.0,1,4744,买盘
09:49:04,47.41,-0.03,32,151751,卖盘
09:49:14,47.44,0.03,47,219932,买盘
09:49:16,47.42,-0.02,12,56917,卖盘
09:49:20,47.42,0.0,22,104333,卖盘
09:49:22,47.42,0.0,49,232358,卖盘
09:49:26,47.42,0.0,1,4742,买盘
09:49:28,47.42,0.0,80,379360,买盘
09:49:31,47.42,0.0,1,4742,卖盘
09:49:37,47.42,0.0,25,118550,卖盘
09:49:41,47.49,0.07,2,9498,买盘
09:49:44,47.42,-0.07,3,14228,卖盘
09:49:52,47.49,0.07,24,113822,买盘
09:49:56,47.43,-0.06,1,4743,卖盘
09:50:01,47.49,0.06,2,9498,买盘
09:50:05,47.42,-0.07,49,232404,卖盘
09:50:07,47.49,0.07,1,4749,买盘
09:50:14,47.46,-0.03,6,28485,中性盘
09:50:17,47.44,-0.02,4,18980,卖盘
09:50:19,47.44,0.0,36,170762,买盘
09:50:29,47.44,0.0,47,222967,卖盘
09:50:32,47.46,0.02,3,14238,买盘
09:50:34,47.43,-0.03,22,104354,卖盘
09:50:37,47.46,0.03,9,42714,买盘
09:50:40,47.43,-0.03,5,23716,卖盘
09:50:43,47.43,0.0,6,28458,卖盘
09:50:50,47.43,0.0,25,118575,卖盘
09:50:56,47.43,0.0,8,37944,买盘
09:50:58,47.44,0.01,1,4744,中性盘
09:51:01,47.45,0.01,1,4745,买盘
09:51:05,47.43,-0.02,8,37961,卖盘
09:51:07,47.43,0.0,14,66402,买盘
09:51:10,47.49,0.06,10,47484,买盘
09:51:14,47.46,-0.03,4,18986,中性盘
09:51:17,47.46,0.0,4,18982,买盘
09:51:22,47.45,-0.01,22,104398,卖盘
09:51:26,47.46,0.01,1,4746,中性盘
09:51:29,47.46,0.0,4,18984,中性盘
09:51:32,47.46,0.0,2,9492,买盘
09:51:35,47.46,0.0,35,166089,买盘
09:51:38,47.48,0.02,7,33230,买盘
09:51:41,47.49,0.01,2,9498,买盘
09:51:44,47.5,0.01,119,565246,买盘
09:51:47,47.7,0.2,21,99837,买盘
09:51:52,47.54,-0.16,28,133128,卖盘
09:52:02,47.7,0.16,1,4770,中性盘
09:52:05,47.58,-0.12,28,133350,卖盘
09:52:07,47.72,0.14,2,9544,买盘
09:52:10,47.58,-0.14,9,42822,卖盘
09:52:14,47.71,0.13,16,76333,买盘
09:52:17,47.71,0.0,5,23853,买盘
09:52:20,47.56,-0.15,22,104637,卖盘
09:52:22,47.71,0.15,3,14313,中性盘
09:52:28,47.7,-0.01,1,4770,买盘
09:52:32,47.71,0.01,34,162218,中性盘
09:52:34,47.6,-0.11,31,147839,卖盘
09:52:37,47.71,0.11,17,81102,买盘
09:52:44,47.71,0.0,8,38165,买盘
09:52:49,47.6,-0.11,16,76162,卖盘
09:52:52,47.6,0.0,1,4760,买盘
09:52:56,47.61,0.01,4,19041,买盘
09:53:01,47.6,-0.01,2,9520,卖盘
09:53:05,47.59,-0.01,19,90436,卖盘
09:53:13,47.59,0.0,10,47590,卖盘
09:53:16,47.61,0.02,6,28560,买盘
09:53:19,47.59,-0.02,36,171362,卖盘
09:53:22,47.59,0.0,5,23795,卖盘
09:53:25,47.59,0.0,2,9518,卖盘
09:53:29,47.59,0.0,1,4759,卖盘
09:53:32,47.59,0.0,4,19042,卖盘
09:53:35,47.58,-0.01,17,80897,卖盘
09:53:41,47.56,-0.02,1,4756,卖盘
09:53:44,47.56,0.0,6,28546,卖盘
09:53:47,47.56,0.0,1,4756,卖盘
09:53:49,47.56,0.0,21,99876,卖盘
09:53:52,47.56,0.0,3,14268,卖盘
09:53:56,47.61,0.05,1,4761,买盘
09:54:04,47.56,-0.05,21,99876,卖盘
09:54:07,47.56,0.0,11,52316,卖盘
09:54:11,47.55,-0.01,8,38040,卖盘
09:54:14,47.55,0.0,1,4755,卖盘
09:54:16,47.55,0.0,2,9510,卖盘
09:54:19,47.54,-0.01,21,99851,卖盘
09:54:35,47.53,-0.01,16,76050,卖盘
09:54:38,47.52,-0.01,3,14257,卖盘
09:54:41,47.52,0.0,1,4752,卖盘
09:54:43,47.5,-0.02,4,19004,卖盘
09:54:50,47.49,-0.01,7,33250,卖盘
09:54:52,47.49,0.0,7,33243,买盘
09:54:59,47.49,0.0,10,47490,买盘
09:55:05,47.45,-0.04,22,104414,卖盘
09:55:07,47.46,0.01,3,14237,买盘
09:55:16,47.46,0.0,10,47460,买盘
09:55:19,47.43,-0.03,21,99626,卖盘
09:55:26,47.46,0.03,5,23730,中性盘
09:55:29,47.48,0.02,8,37984,买盘
09:55:32,47.45,-0.03,4,18982,卖盘
09:55:34,47.45,0.0,6,28470,卖盘
09:55:37,47.45,0.0,16,75920,买盘
09:55:43,47.45,0.0,10,47454,卖盘
09:55:50,47.45,0.0,13,61692,卖盘
09:55:52,47.45,0.0,1,4745,买盘
09:55:55,47.45,0.0,12,56931,买盘
09:55:59,47.45,0.0,9,42705,买盘
09:56:04,47.43,-0.02,21,99638,卖盘
09:56:08,47.45,0.02,1,4745,中性盘
09:56:17,47.5,0.05,5,23742,买盘
09:56:22,47.45,-0.05,24,113896,卖盘
09:56:35,47.45,0.0,2,9490,卖盘
09:56:38,47.45,0.0,20,94900,卖盘
09:56:41,47.5,0.05,1,4750,买盘
09:56:44,47.45,-0.05,30,142350,卖盘
09:56:47,47.45,0.0,4,18986,卖盘
09:56:50,47.45,0.0,19,90155,卖盘
09:56:52,47.5,0.05,1,4750,买盘
09:56:58,47.45,-0.05,6,28470,卖盘
09:57:02,47.5,0.05,3,14250,买盘
09:57:04,47.45,-0.05,48,227900,卖盘
09:57:08,47.45,0.0,1,4745,卖盘
09:57:17,47.45,0.0,40,189800,卖盘
09:57:20,47.43,-0.02,25,118588,卖盘
09:57:23,47.46,0.03,5,23730,买盘
09:57:25,47.45,-0.01,1,4745,卖盘
09:57:31,47.45,0.0,22,104356,买盘
09:57:35,47.43,-0.02,20,94860,卖盘
09:57:37,47.43,0.0,7,33205,卖盘
09:57:44,47.45,0.02,8,37960,买盘
09:57:50,47.43,-0.02,21,99603,卖盘
09:57:56,47.45,0.02,1,4745,买盘
09:57:59,47.45,0.0,8,37954,买盘
09:58:02,47.45,0.0,3,14235,卖盘
09:58:05,47.43,-0.02,21,99603,卖盘
09:58:08,47.46,0.03,6,28476,买盘
09:58:17,47.43,-0.03,3,14229,卖盘
09:58:20,47.42,-0.01,24,113840,卖盘
09:58:26,47.45,0.03,1,4745,卖盘
09:58:28,47.42,-0.03,5,23720,卖盘
09:58:35,47.42,0.0,24,113819,卖盘
09:58:41,47.43,0.01,3,14229,卖盘
09:58:50,47.42,-0.01,23,109066,卖盘
09:58:52,47.43,0.01,5,23711,买盘
09:59:02,47.43,0.0,2,9486,卖盘
09:59:04,47.42,-0.01,20,94840,卖盘
09:59:08,47.46,0.04,8,37962,买盘
09:59:11,47.46,0.0,4,18984,买盘
09:59:14,47.46,0.0,15,71184,买盘
09:59:20,47.42,-0.04,22,104324,卖盘
09:59:22,47.43,0.01,39,185076,中性盘
09:59:25,47.43,0.0,11,52173,买盘
09:59:32,47.42,-0.01,3,14226,卖盘
09:59:35,47.41,-0.01,50,237120,卖盘
09:59:38,47.41,0.0,7,33201,卖盘
09:59:43,47.42,0.01,3,14226,卖盘
09:59:47,47.42,0.0,6,28468,买盘
09:59:50,47.41,-0.01,20,94835,卖盘
09:59:52,47.46,0.05,8,37944,买盘
09:59:56,47.42,-0.04,2,9484,卖盘
09:59:58,47.42,0.0,9,42678,卖盘
10:00:01,47.42,0.0,11,52162,卖盘
10:00:04,47.41,-0.01,21,99562,卖盘
10:00:08,47.41,0.0,15,71120,卖盘
10:00:11,47.42,0.01,10,47420,买盘
10:00:14,47.42,0.0,2,9484,买盘
10:00:17,47.41,-0.01,31,146982,卖盘
10:00:20,47.41,0.0,20,94822,卖盘
10:00:26,47.41,0.0,89,421970,卖盘
10:00:31,47.41,0.0,2,10576,卖盘
10:00:35,47.41,0.0,20,94820,卖盘
10:00:37,47.41,0.0,37,175417,卖盘
10:00:41,47.41,0.0,35,165935,卖盘
10:00:43,47.4,-0.01,193,913731,卖盘
10:00:46,47.36,-0.04,155,734238,卖盘
10:00:50,47.35,-0.01,42,198875,卖盘
10:00:52,47.33,-0.02,1,4733,卖盘
10:00:56,47.38,0.05,5,23681,买盘
10:00:59,47.33,-0.05,2,9466,卖盘
10:01:05,47.33,0.0,28,132528,卖盘
10:01:10,47.36,0.03,1,4736,卖盘
10:01:14,47.37,0.01,2,9473,买盘
10:01:17,47.36,-0.01,14,66294,卖盘
10:01:19,47.34,-0.02,10,47340,卖盘
10:01:22,47.36,0.02,21,99434,买盘
10:01:26,47.33,-0.03,10,47330,卖盘
10:01:28,47.36,0.03,26,123136,买盘
10:01:31,47.38,0.02,5,23671,买盘
10:01:35,47.33,-0.05,22,104131,卖盘
10:01:38,47.34,0.01,4,18933,中性盘
10:01:47,47.34,0.0,30,141994,卖盘
10:01:50,47.33,-0.01,21,99403,卖盘
10:01:52,47.29,-0.04,223,1054836,卖盘
10:01:55,47.3,0.01,92,435158,买盘
10:01:59,47.3,0.0,16,75680,买盘
10:02:02,47.23,-0.07,1,4723,卖盘
10:02:04,47.22,-0.01,22,103887,卖盘
10:02:11,47.22,0.0,21,99162,卖盘
10:02:14,47.22,0.0,3,14166,买盘
10:02:17,47.2,-0.02,37,174643,卖盘
10:02:20,47.2,0.0,45,212402,卖盘
10:02:22,47.2,0.0,4,19968,卖盘
10:02:26,47.2,0.0,54,254930,卖盘
10:02:29,47.2,0.0,9,41394,卖盘
10:02:32,47.22,0.02,31,147406,买盘
10:02:35,47.19,-0.03,20,94395,卖盘
10:02:37,47.2,0.01,14,66090,卖盘
10:02:41,47.2,0.0,53,250160,卖盘
10:02:44,47.2,0.0,3,14160,买盘
10:02:47,47.19,-0.01,9,42473,卖盘
10:02:50,47.19,0.0,77,363376,卖盘
10:02:52,47.19,0.0,4,18876,卖盘
10:02:56,47.2,0.01,60,283153,买盘
10:02:59,47.19,-0.01,19,89662,卖盘
10:03:05,47.18,-0.01,28,132132,卖盘
10:03:07,47.2,0.02,8,37760,买盘
10:03:13,47.2,0.0,49,231277,买盘
10:03:17,47.19,-0.01,90,424767,卖盘
10:03:19,47.19,0.0,68,320941,卖盘
10:03:22,47.19,0.0,16,75504,卖盘
10:03:26,47.2,0.01,4,18879,买盘
10:03:29,47.2,0.0,12,56637,卖盘
10:03:34,47.19,-0.01,63,297319,卖盘
10:03:38,47.18,-0.01,39,184002,卖盘
10:03:43,47.19,0.01,3,14159,卖盘
10:03:47,47.2,0.01,2,9439,买盘
10:03:50,47.19,-0.01,20,94382,卖盘
10:03:52,47.22,0.03,52,245531,买盘
10:03:58,47.22,0.0,5,23608,买盘
10:04:05,47.2,-0.02,20,94400,中性盘
10:04:08,47.19,-0.01,2,9439,卖盘
10:04:11,47.19,0.0,32,151036,卖盘
10:04:16,47.21,0.02,2,9442,买盘
10:04:20,47.2,-0.01,24,113281,卖盘
10:04:22,47.21,0.01,17,80256,买盘
10:04:26,47.19,-0.02,60,283181,卖盘
10:04:29,47.2,0.01,2,9441,卖盘
10:04:35,47.19,-0.01,22,103825,卖盘
10:04:44,47.2,0.01,1,4720,卖盘
10:04:47,47.18,-0.02,206,970874,卖盘
10:04:50,47.18,0.0,16,75488,买盘
10:04:52,47.18,0.0,20,94359,买盘
10:04:56,47.18,0.0,5,23590,买盘
10:04:59,47.18,0.0,23,108514,买盘
10:05:01,47.18,0.0,4,18870,买盘
10:05:04,47.18,0.0,37,174521,买盘
10:05:08,47.18,0.0,3,14154,买盘
10:05:10,47.19,0.01,33,155695,买盘
10:05:17,47.18,-0.01,19,89642,买盘
10:05:20,47.19,0.01,52,245267,买盘
10:05:22,47.1,-0.09,200,942468,卖盘
10:05:25,47.17,0.07,10,47181,中性盘
10:05:29,47.2,0.03,8,37753,买盘
10:05:35,47.1,-0.1,90,423925,卖盘
10:05:38,47.15,0.05,16,75390,买盘
10:05:44,47.2,0.05,23,108493,买盘
10:05:49,47.12,-0.08,34,160234,卖盘
10:05:52,47.12,0.0,3,14136,买盘
10:05:56,47.22,0.1,1,4722,买盘
10:06:02,47.12,-0.1,209,986258,卖盘
10:06:05,47.12,0.0,11,52256,买盘
10:06:14,47.17,0.05,3,14151,买盘
10:06:17,47.15,-0.02,1,4715,卖盘
10:06:19,47.15,0.0,32,150880,卖盘
10:06:22,47.17,0.02,4,18868,买盘
10:06:29,47.15,-0.02,5,23575,卖盘
10:06:34,47.15,0.0,60,282990,卖盘
10:06:38,47.16,0.01,2,9432,中性盘
10:06:43,47.15,-0.01,12,56585,卖盘
10:06:47,47.19,0.04,8,37752,买盘
10:06:49,47.12,-0.07,22,103718,卖盘
10:06:52,47.16,0.04,3,14148,中性盘
10:06:55,47.19,0.03,4,18867,买盘
10:06:59,47.17,-0.02,3,14151,卖盘
10:07:04,47.17,0.0,21,99057,卖盘
10:07:07,47.19,0.02,1,4719,买盘
10:07:13,47.19,0.0,19,89641,买盘
10:07:17,47.19,0.0,9,42471,买盘
10:07:19,47.16,-0.03,16,75482,卖盘
10:07:22,47.16,0.0,11,51874,买盘
10:07:25,47.11,-0.05,100,471282,卖盘
10:07:29,47.19,0.08,12,56622,买盘
10:07:32,47.16,-0.03,6,28294,买盘
10:07:34,47.11,-0.05,22,103652,卖盘
10:07:37,47.2,0.09,121,570160,买盘
10:07:44,47.11,-0.09,122,574762,卖盘
10:07:47,47.11,0.0,10,47110,买盘
10:07:49,47.11,0.0,21,98940,卖盘
10:07:56,47.16,0.05,5,23579,买盘
10:07:58,47.14,-0.02,11,51889,卖盘
10:08:01,47.14,0.0,200,942154,卖盘
10:08:05,47.12,-0.02,8,37718,卖盘
10:08:08,47.12,0.0,6,28272,买盘
10:08:10,47.2,0.08,23,108470,买盘
10:08:14,47.2,0.0,6,28316,买盘
10:08:20,47.12,-0.08,21,98953,卖盘
10:08:22,47.19,0.07,18,84942,买盘
10:08:28,47.19,0.0,14,66070,买盘
10:08:32,47.16,-0.03,4,18864,卖盘
10:08:34,47.13,-0.03,24,113199,卖盘
10:08:38,47.19,0.06,10,47190,中性盘
10:08:44,47.2,0.01,2,9440,买盘
10:08:47,47.2,0.0,60,283200,买盘
10:08:49,47.19,-0.01,25,117977,卖盘
10:08:55,47.2,0.01,43,202960,买盘
10:09:01,47.2,0.0,14,66080,买盘
10:09:04,47.2,0.0,54,255069,买盘
10:09:06,47.2,0.0,20,94400,卖盘
10:09:11,47.2,0.0,1,4720,卖盘
10:09:13,47.2,0.0,13,61171,卖盘
10:09:16,47.2,0.0,22,103840,买盘
10:09:19,47.2,0.0,30,141600,买盘
10:09:22,47.2,0.0,56,264280,买盘
10:09:28,47.2,0.0,5,23600,买盘
10:09:32,47.2,0.0,1,4720,买盘
10:09:35,47.13,-0.07,25,117863,卖盘
10:09:37,47.2,0.07,12,56640,买盘
10:09:43,47.2,0.0,24,113280,买盘
10:09:47,47.2,0.0,4,18880,买盘
10:09:49,47.2,0.0,4,18880,买盘
10:09:52,47.15,-0.05,19,89593,卖盘
10:09:55,47.26,0.11,12,56675,买盘
10:10:01,47.26,0.0,5,23630,买盘
10:10:08,47.17,-0.09,22,103795,卖盘
10:10:10,47.26,0.09,13,61438,买盘
10:10:14,47.25,-0.01,2,9450,卖盘
10:10:16,47.26,0.01,1,4726,买盘
10:10:20,47.25,-0.01,5,23628,卖盘
10:10:25,47.25,0.0,12,56700,买盘
10:10:28,47.25,0.0,6,28350,买盘
10:10:32,47.21,-0.04,14,66094,卖盘
10:10:35,47.21,0.0,4,18884,买盘
10:10:38,47.21,0.0,4,18884,买盘
10:10:44,47.21,0.0,1,4721,卖盘
10:10:46,47.25,0.04,12,56700,买盘
10:10:49,47.25,0.0,3,14171,买盘
10:11:02,47.25,0.0,3,14174,买盘
10:11:05,47.25,0.0,5,23625,买盘
10:11:07,47.24,-0.01,57,269280,卖盘
10:11:13,47.24,0.0,5,23620,买盘
10:11:16,47.25,0.01,21,99205,买盘
10:11:20,47.25,0.0,4,18900,买盘
10:11:22,47.24,-0.01,24,113390,卖盘
10:11:26,47.25,0.01,20,94500,买盘
10:11:32,47.25,0.0,1,4725,买盘
10:11:38,47.24,-0.01,1,4724,卖盘
10:11:41,47.25,0.01,12,56700,买盘
10:11:43,47.25,0.0,3,14175,买盘
10:11:46,47.25,0.0,5,23625,买盘
10:11:50,47.25,0.0,6,28348,买盘
10:11:52,47.25,0.0,1,4725,买盘
10:11:56,47.24,-0.01,6,28344,卖盘
10:11:58,47.25,0.01,14,66150,买盘
10:12:02,47.25,0.0,102,481950,买盘
10:12:04,47.26,0.01,77,363287,买盘
10:12:13,47.3,0.04,2,9459,买盘
10:12:15,47.3,0.0,156,737880,买盘
10:12:19,47.3,0.0,27,127710,买盘
10:12:22,47.36,0.06,487,2303553,买盘
10:12:26,47.36,0.0,12,56827,买盘
10:12:28,47.36,0.0,5,23680,买盘
10:12:32,47.36,0.0,15,71005,买盘
10:12:35,47.36,0.0,17,80512,买盘
10:12:38,47.36,0.0,19,89984,买盘
10:12:41,47.36,0.0,9,42624,买盘
10:12:44,47.32,-0.04,11,52088,卖盘
10:12:49,47.36,0.04,9,42650,卖盘
10:12:59,47.46,0.1,12,56941,买盘
10:13:04,47.41,-0.05,8,37931,卖盘
10:13:07,47.41,0.0,1,4741,卖盘
10:13:13,47.41,0.0,17,80657,卖盘
10:13:17,47.46,0.05,2,9487,买盘
10:13:22,47.45,-0.01,20,94900,买盘
10:13:26,47.45,0.0,1,4745,买盘
10:13:29,47.39,-0.06,1,4739,卖盘
10:13:31,47.45,0.06,13,61685,买盘
10:13:35,47.4,-0.05,4,18975,中性盘
10:13:40,47.4,0.0,10,47404,卖盘
10:13:49,47.45,0.05,13,61685,买盘
10:13:52,47.42,-0.03,20,94840,卖盘
10:13:56,47.42,0.0,8,37942,卖盘
10:14:02,47.43,0.01,10,47430,买盘
10:14:05,47.45,0.02,2,9490,买盘
10:14:08,47.42,-0.03,21,99621,卖盘
10:14:10,47.42,0.0,1,4742,卖盘
10:14:25,47.43,0.01,40,189720,卖盘
10:14:29,47.42,-0.01,49,232356,卖盘
10:14:32,47.43,0.01,68,322517,买盘
10:14:34,47.42,-0.01,5,23711,卖盘
10:14:38,47.43,0.01,17,80627,买盘
10:14:43,47.4,-0.03,20,94838,卖盘
10:14:46,47.4,0.0,23,109020,买盘
10:14:50,47.4,0.0,1,4740,卖盘
10:14:52,47.4,0.0,2,9480,卖盘
10:14:58,47.4,0.0,133,630456,卖盘
10:15:01,47.4,0.0,13,61620,买盘
10:15:05,47.39,-0.01,14,66350,卖盘
10:15:08,47.39,0.0,1,4739,买盘
10:15:17,47.39,0.0,6,28434,买盘
10:15:19,47.39,0.0,13,61607,买盘
10:15:29,47.39,0.0,12,56868,买盘
10:15:32,47.39,0.0,10,47389,买盘
10:15:35,47.38,-0.01,21,99506,卖盘
10:15:37,47.4,0.02,32,151640,买盘
10:15:40,47.38,-0.02,2,9476,卖盘
10:15:44,47.4,0.02,1,4740,买盘
10:15:47,47.38,-0.02,1,4738,卖盘
10:15:55,47.4,0.02,6,28438,买盘
10:15:59,47.4,0.0,12,56880,买盘
10:16:01,47.4,0.0,7,33180,买盘
10:16:04,47.39,-0.01,4,18956,卖盘
10:16:08,47.38,-0.01,6,28433,卖盘
10:16:11,47.38,0.0,11,52122,卖盘
10:16:13,47.38,0.0,16,75832,卖盘
10:16:17,47.38,0.0,1,4738,卖盘
10:16:20,47.4,0.02,23,108976,买盘
10:16:22,47.38,-0.02,1,4738,卖盘
10:16:25,47.38,0.0,1,4738,卖盘
10:16:29,47.38,0.0,5,23690,卖盘
10:16:31,47.38,0.0,4,18952,卖盘
10:16:34,47.4,0.02,13,61612,买盘
10:16:37,47.38,-0.02,11,52118,卖盘
10:16:41,47.38,0.0,2,9476,卖盘
10:16:43,47.38,0.0,4,18953,卖盘
10:16:46,47.38,0.0,5,23690,卖盘
10:16:50,47.38,0.0,6,28429,卖盘
10:16:52,47.38,0.0,4,18952,卖盘
10:16:56,47.4,0.02,12,56872,买盘
10:17:01,47.37,-0.03,32,151609,卖盘
10:17:05,47.38,0.01,1,4738,买盘
10:17:07,47.37,-0.01,1,4737,卖盘
10:17:14,47.38,0.01,13,61593,买盘
10:17:22,47.37,-0.01,8,37897,卖盘
10:17:31,47.36,-0.01,7,33150,卖盘
10:17:35,47.38,0.02,4,18950,买盘
10:17:38,47.36,-0.02,8,37888,卖盘
10:17:40,47.35,-0.01,1,4735,卖盘
10:17:43,47.36,0.01,14,66303,买盘
10:17:50,47.35,-0.01,2,9470,卖盘
10:17:59,47.36,0.01,12,56831,买盘
10:18:08,47.36,0.0,2,9472,买盘
10:18:10,47.35,-0.01,2,9470,卖盘
10:18:14,47.36,0.01,1,4736,买盘
10:18:17,47.36,0.0,13,61568,买盘
10:18:19,47.36,0.0,24,113664,中性盘
10:18:22,47.4,0.04,2,9478,买盘
10:18:25,47.36,-0.04,10,47401,卖盘
10:18:31,47.4,0.04,1,4740,中性盘
10:18:37,47.42,0.02,4,18964,买盘
10:18:39,47.36,-0.06,5,23680,卖盘
10:18:46,47.43,0.07,3,14226,买盘
10:18:49,47.43,0.0,3,14224,买盘
10:18:52,47.43,0.0,12,56916,买盘
10:19:09,47.43,0.0,10,47425,买盘
10:19:13,47.43,0.0,6,28458,买盘
10:19:22,47.36,-0.07,57,270344,卖盘
10:19:25,47.36,0.0,13,61652,卖盘
10:19:28,47.36,0.0,6,28416,卖盘
10:19:31,47.37,0.01,2,9474,中性盘
10:19:35,47.37,0.0,29,137357,卖盘
10:19:41,47.35,-0.02,2,9472,卖盘
10:19:43,47.37,0.02,1,4737,买盘
10:19:46,47.43,0.06,12,56906,买盘
10:19:49,47.37,-0.06,7,33159,卖盘
10:20:02,47.38,0.01,1,4738,中性盘
10:20:05,47.35,-0.03,20,94732,卖盘
10:20:08,47.43,0.08,10,47425,买盘
10:20:22,47.35,-0.08,29,137406,卖盘
10:20:28,47.35,0.0,1,4735,买盘
10:20:30,47.35,0.0,34,160990,买盘
10:20:34,47.34,-0.01,26,123091,卖盘
10:20:36,47.33,-0.01,113,534842,卖盘
10:20:40,47.32,-0.01,23,108870,卖盘
10:20:43,47.42,0.1,8,37932,买盘
10:20:50,47.34,-0.08,4,18936,卖盘
10:20:55,47.32,-0.02,1,4732,卖盘
10:20:59,47.32,0.0,5,23660,卖盘
10:21:10,47.34,0.02,15,71088,卖盘
10:21:14,47.4,0.06,15,71088,买盘
10:21:16,47.34,-0.06,3,14208,卖盘
10:21:20,47.34,0.0,2,9468,卖盘
10:21:21,47.33,-0.01,6,28402,卖盘
10:21:26,47.33,0.0,1,4733,卖盘
10:21:29,47.32,-0.01,6,28396,卖盘
10:21:31,47.33,0.01,4,18932,买盘
10:21:34,47.39,0.06,12,56828,买盘
10:21:50,47.34,-0.05,12,56808,买盘
10:21:52,47.33,-0.01,15,70995,卖盘
10:21:59,47.33,0.0,1,4733,买盘
10:22:02,47.33,0.0,19,89927,买盘
10:22:04,47.33,0.0,5,23665,买盘
10:22:11,47.33,0.0,13,61529,买盘
10:22:14,47.34,0.01,73,345525,买盘
10:22:17,47.33,-0.01,27,127818,卖盘
10:22:19,47.39,0.06,4,18956,买盘
10:22:21,47.39,0.0,1,4739,买盘
10:22:32,47.4,0.01,12,56869,买盘
10:22:37,47.42,0.02,34,161174,买盘
10:22:40,47.42,0.0,7,33194,买盘
10:22:43,47.43,0.01,4,18972,买盘
10:22:46,47.31,-0.12,56,265173,卖盘
10:22:49,47.41,0.1,12,56892,买盘
10:23:02,47.41,0.0,6,28446,买盘
10:23:07,47.43,0.02,13,61645,买盘
10:23:26,47.42,-0.01,13,61646,买盘
10:23:28,47.42,0.0,1,4742,买盘
10:23:37,47.42,0.0,4,18968,买盘
10:23:41,47.35,-0.07,28,132678,卖盘
10:23:46,47.41,0.06,33,156343,买盘
10:23:49,47.41,0.0,1,4741,买盘
10:23:59,47.41,0.0,2,9482,买盘
10:24:02,47.41,0.0,4,18964,买盘
10:24:04,47.41,0.0,43,203863,买盘
10:24:07,47.41,0.0,16,75856,买盘
10:24:11,47.36,-0.05,2,9472,卖盘
10:24:16,47.41,0.05,1,4741,买盘
10:24:19,47.41,0.0,1,4741,买盘
10:24:25,47.41,0.0,12,56892,买盘
10:24:29,47.41,0.0,71,336611,买盘
10:24:31,47.41,0.0,70,331870,买盘
10:24:34,47.43,0.02,1,4743,买盘
10:24:38,47.43,0.0,32,151776,买盘
10:24:41,47.46,0.03,124,588143,买盘
10:24:44,47.49,0.03,34,161456,买盘
10:24:46,47.46,-0.03,3,14246,卖盘
10:24:50,47.42,-0.04,6,28452,买盘
10:24:52,47.43,0.01,2,9485,买盘
10:24:55,47.43,0.0,1,4743,卖盘
10:24:58,47.47,0.04,2,9494,买盘
10:25:01,47.45,-0.02,18,85494,中性盘
10:25:07,47.52,0.07,2,9504,买盘
10:25:10,47.53,0.01,6,28518,买盘
10:25:16,47.5,-0.03,1,4750,卖盘
10:25:19,47.44,-0.06,5,23722,卖盘
10:25:22,47.53,0.09,2,9497,买盘
10:25:26,47.54,0.01,6,28521,买盘
10:25:27,47.53,-0.01,1,4753,中性盘
10:25:32,47.53,0.0,1,4753,买盘
10:25:34,47.53,0.0,12,57036,买盘
10:25:38,47.5,-0.03,1,4750,中性盘
10:25:43,47.5,0.0,5,23750,买盘
10:25:46,47.5,0.0,5,23750,买盘
10:25:55,47.53,0.03,13,61789,买盘
10:25:59,47.53,0.0,1,4753,买盘
10:26:01,47.53,0.0,6,28518,买盘
10:26:04,47.55,0.02,24,114100,买盘
10:26:07,47.6,0.05,24,114215,买盘
10:26:10,47.65,0.05,6,28586,买盘
10:26:14,47.68,0.03,29,138202,买盘
10:26:15,47.69,0.01,26,123966,买盘
10:26:19,47.7,0.01,5,23846,买盘
10:26:25,47.66,-0.04,4,19073,卖盘
10:26:28,47.67,0.01,2,9534,买盘
10:26:31,47.66,-0.01,29,137897,买盘
10:26:35,47.67,0.01,27,128709,卖盘
10:26:37,47.68,0.01,5,23840,买盘
10:26:46,47.66,-0.02,12,57192,买盘
10:26:50,47.6,-0.06,1,4760,卖盘
10:26:56,47.67,0.07,10,47663,买盘
10:26:57,47.6,-0.07,5,23816,卖盘
10:27:02,47.6,0.0,13,61884,卖盘
10:27:05,47.64,0.04,5,23820,买盘
10:27:13,47.64,0.0,6,28584,卖盘
10:27:22,47.64,0.0,6,28578,买盘
10:27:32,47.64,0.0,2,9527,买盘
10:27:35,47.63,-0.01,25,119094,中性盘
10:27:37,47.63,0.0,13,61920,卖盘
10:27:40,47.63,0.0,2,9526,卖盘
10:27:43,47.64,0.01,5,23820,买盘
10:27:46,47.64,0.0,59,281037,买盘
10:27:50,47.64,0.0,9,42871,买盘
10:27:52,47.65,0.01,3,14293,买盘
10:27:56,47.63,-0.02,20,95291,卖盘
10:27:59,47.65,0.02,3,14295,中性盘
10:28:02,47.64,-0.01,2,9529,卖盘
10:28:04,47.67,0.03,1,4767,中性盘
10:28:08,47.68,0.01,43,205024,买盘
10:28:11,47.68,0.0,1,4768,买盘
10:28:13,47.7,0.02,12,57233,买盘
10:28:16,47.7,0.0,14,66780,买盘
10:28:19,47.69,-0.01,2,9538,卖盘
10:28:26,47.71,0.02,17,81094,买盘
10:28:28,47.7,-0.01,2,9540,卖盘
10:28:31,47.72,0.02,21,100186,买盘
10:28:35,47.73,0.01,19,90691,买盘
10:28:38,47.72,-0.01,11,52472,中性盘
10:28:40,47.72,0.0,1,4772,买盘
10:28:49,47.72,0.0,1,4772,买盘
10:28:52,47.69,-0.03,6,28614,卖盘
10:28:54,47.64,-0.05,17,81115,卖盘
10:28:59,47.64,0.0,1,4764,卖盘
10:29:02,47.65,0.01,3,14295,买盘
10:29:05,47.72,0.07,8,38176,买盘
10:29:07,47.64,-0.08,5,23824,卖盘
10:29:10,47.64,0.0,32,152448,卖盘
10:29:13,47.71,0.07,3,14313,买盘
10:29:17,47.65,-0.06,3,14293,中性盘
10:29:20,47.72,0.07,13,62026,买盘
10:29:26,47.64,-0.08,1,4764,中性盘
10:29:28,47.63,-0.01,1,4763,卖盘
10:29:31,47.69,0.06,1,4769,买盘
10:29:35,47.71,0.02,7,33360,买盘
10:29:38,47.71,0.0,12,57251,买盘
10:29:44,47.64,-0.07,2,9533,卖盘
10:29:52,47.69,0.05,3,14307,中性盘
10:29:58,47.7,0.01,11,52465,买盘
10:30:14,47.7,0.0,23,109688,买盘
10:30:17,47.65,-0.05,3,14303,卖盘
10:30:20,47.65,0.0,3,14295,卖盘
10:30:22,47.7,0.05,5,23850,买盘
10:30:26,47.65,-0.05,3,14295,卖盘
10:30:32,47.66,0.01,14,66776,中性盘
10:30:34,47.7,0.04,24,114465,买盘
10:30:37,47.65,-0.05,3,14305,卖盘
10:30:43,47.66,0.01,3,14297,中性盘
10:30:46,47.69,0.03,6,28609,买盘
10:30:49,47.7,0.01,4,19078,买盘
10:30:55,47.71,0.01,19,90643,买盘
10:30:59,47.7,-0.01,4,19079,中性盘
10:31:02,47.69,-0.01,22,104918,卖盘
10:31:05,47.69,0.0,1,4769,卖盘
10:31:08,47.7,0.01,17,81090,买盘
10:31:10,47.69,-0.01,1,4769,卖盘
10:31:14,47.71,0.02,24,114482,买盘
10:31:22,47.7,-0.01,11,52470,买盘
10:31:25,47.7,0.0,2,9540,卖盘
10:31:29,47.69,-0.01,1,4769,卖盘
10:31:31,47.69,0.0,22,104918,买盘
10:31:35,47.66,-0.03,9,42908,卖盘
10:31:37,47.7,0.04,23,109670,买盘
10:31:40,47.66,-0.04,34,162044,中性盘
10:31:44,47.7,0.04,8,38157,买盘
10:31:46,47.71,0.01,10,47666,买盘
10:31:50,47.66,-0.05,34,162044,中性盘
10:31:52,47.7,0.04,3,14310,买盘
10:31:56,47.7,0.0,7,33390,买盘
10:31:59,47.7,0.0,17,81102,中性盘
10:32:02,47.7,0.0,19,90630,买盘
10:32:05,47.7,0.0,18,85864,买盘
10:32:07,47.71,0.01,23,109717,买盘
10:32:10,47.7,-0.01,12,57246,卖盘
10:32:13,47.7,0.0,19,90630,买盘
10:32:16,47.7,0.0,5,23850,买盘
10:32:19,47.7,0.0,107,509809,中性盘
10:32:22,47.71,0.01,3,14313,买盘
10:32:25,47.7,-0.01,4,19080,卖盘
10:32:34,47.7,0.0,13,62010,买盘
10:32:37,47.63,-0.07,10,47630,卖盘
10:32:50,47.7,0.07,12,57240,买盘
10:33:00,47.69,-0.01,1,4769,买盘
10:33:11,47.69,0.0,12,57220,买盘
10:33:22,47.69,0.0,2,9537,买盘
10:33:25,47.69,0.0,13,61997,买盘
10:33:28,47.63,-0.06,14,66682,卖盘
10:33:35,47.63,0.0,3,14289,卖盘
10:33:37,47.69,0.06,3,14307,买盘
10:33:45,47.69,0.0,6,28611,买盘
10:33:56,47.69,0.0,13,61997,买盘
10:34:05,47.68,-0.01,2,9536,买盘
10:34:11,47.68,0.0,14,66757,买盘
10:34:14,47.68,0.0,1,4768,中性盘
10:34:16,47.68,0.0,11,52448,买盘
10:34:22,47.68,0.0,2,9536,买盘
10:34:29,47.68,0.0,19,90519,中性盘
10:34:31,47.68,0.0,2,9536,买盘
10:34:35,47.68,0.0,8,38144,买盘
10:34:38,47.63,-0.05,2,9526,卖盘
10:34:41,47.68,0.05,5,23820,买盘
10:34:43,47.68,0.0,12,57216,买盘
10:34:49,47.63,-0.05,4,19060,卖盘
10:35:02,47.67,0.04,15,71489,买盘
10:35:04,47.66,-0.01,2,9532,买盘
10:35:07,47.64,-0.02,1,4764,卖盘
10:35:16,47.64,0.0,10,47643,卖盘
10:35:18,47.66,0.02,12,57186,买盘
10:35:28,47.63,-0.03,11,52393,卖盘
10:35:32,47.64,0.01,14,66697,买盘
10:35:34,47.63,-0.01,13,61931,卖盘
10:35:44,47.63,0.0,11,52393,卖盘
10:35:49,47.62,-0.01,8,38098,卖盘
10:35:55,47.63,0.01,16,76209,买盘
10:36:01,47.62,-0.01,2,9525,卖盘
10:36:04,47.62,0.0,1,4762,卖盘
10:36:07,47.62,0.0,3,14286,卖盘
10:36:09,47.63,0.01,13,61919,买盘
10:36:19,47.62,-0.01,1,4762,卖盘
10:36:22,47.62,0.0,2,9524,卖盘
10:36:25,47.61,-0.01,1,4761,卖盘
10:36:32,47.6,-0.01,23,109486,中性盘
10:36:36,47.58,-0.02,23,109434,卖盘
10:36:40,47.54,-0.04,4,19016,卖盘
10:36:47,47.58,0.04,12,57090,买盘
10:36:49,47.57,-0.01,6,28542,卖盘
10:36:52,47.57,0.0,25,118925,买盘
10:37:02,47.6,0.03,21,99937,买盘
10:37:11,47.61,0.01,13,61881,买盘
10:37:12,47.6,-0.01,1,4760,中性盘
10:37:15,47.58,-0.02,14,66612,卖盘
10:37:18,47.61,0.03,13,61857,买盘
10:37:26,47.6,-0.01,41,195197,中性盘
10:37:28,47.57,-0.03,1,4757,买盘
10:37:33,47.58,0.01,2,9516,买盘
10:37:37,47.6,0.02,12,57120,买盘
10:37:40,47.6,0.0,2,9520,买盘
10:37:46,47.57,-0.03,6,28542,卖盘
10:37:48,47.6,0.03,6,28548,买盘
10:37:55,47.61,0.01,13,61882,买盘
10:37:58,47.61,0.0,49,233265,买盘
10:38:01,47.61,0.0,21,99981,买盘
10:38:04,47.65,0.04,10,47649,买盘
10:38:08,47.65,0.0,1,4765,买盘
10:38:11,47.65,0.0,7,33363,买盘
10:38:13,47.69,0.04,16,76280,买盘
10:38:22,47.65,-0.04,4,19060,卖盘
10:38:25,47.65,0.0,14,66709,买盘
10:38:28,47.66,0.01,2,9531,买盘
10:38:30,47.65,-0.01,11,52415,买盘
10:38:44,47.65,0.0,21,100061,买盘
10:38:46,47.65,0.0,1,4765,买盘
10:38:48,47.65,0.0,1,4765,中性盘
10:38:53,47.65,0.0,4,19060,买盘
10:38:55,47.63,-0.02,9,42873,卖盘
10:38:58,47.63,0.0,33,157179,卖盘
10:39:13,47.63,0.0,14,66682,买盘
10:39:18,47.62,-0.01,31,147642,卖盘
10:39:21,47.63,0.01,24,114312,中性盘
10:39:24,47.63,0.0,1,4763,卖盘
10:39:28,47.61,-0.02,24,114279,卖盘
10:39:32,47.63,0.02,1,4763,中性盘
10:39:34,47.63,0.0,14,66682,买盘
10:39:46,47.63,0.0,6,28575,买盘
10:39:48,47.64,0.01,23,109556,买盘
10:40:01,47.62,-0.02,15,71431,卖盘
10:40:05,47.62,0.0,18,85736,买盘
10:40:07,47.65,0.03,28,133409,买盘
10:40:11,47.65,0.0,5,23809,买盘
10:40:14,47.65,0.0,20,95300,买盘
10:40:17,47.65,0.0,4,19060,买盘
10:40:20,47.65,0.0,2,9529,买盘
10:40:23,47.65,0.0,91,433615,买盘
10:40:25,47.65,0.0,297,1415205,买盘
10:40:29,47.69,0.04,26,123909,买盘
10:40:31,47.7,0.01,10,47699,买盘
10:40:34,47.71,0.01,20,95414,买盘
10:40:38,47.71,0.0,9,42939,买盘
10:40:43,47.72,0.01,26,124050,买盘
10:40:46,47.75,0.03,18,85914,买盘
10:40:49,47.75,0.0,7,33423,买盘
10:40:53,47.77,0.02,14,66868,买盘
10:40:55,47.79,0.02,5,23887,买盘
10:40:59,47.74,-0.05,1,4774,卖盘
10:41:01,47.75,0.01,10,47750,买盘
10:41:04,47.8,0.05,22,105090,买盘
10:41:07,47.82,0.02,16,76515,买盘
10:41:16,47.85,0.03,3,14355,买盘
10:41:22,47.82,-0.03,1,4782,中性盘
10:41:25,47.82,0.0,1,4782,买盘
10:41:33,47.62,-0.2,69,329252,卖盘
10:41:38,47.82,0.2,3,14346,买盘
10:42:04,47.79,-0.03,1,4779,买盘
10:42:08,47.8,0.01,12,57352,买盘
10:42:10,47.79,-0.01,11,52564,买盘
10:42:14,47.8,0.01,18,86035,买盘
10:42:15,47.79,-0.01,4,19116,中性盘
10:42:19,47.71,-0.08,5,23855,卖盘
10:42:22,47.71,0.0,5,23855,卖盘
10:42:29,47.62,-0.09,23,109610,卖盘
10:42:32,47.7,0.08,21,100318,卖盘
10:42:35,47.7,0.0,16,76320,卖盘
10:42:38,47.7,0.0,1,4770,买盘
10:42:41,47.69,-0.01,1,4769,卖盘
10:42:44,47.68,-0.01,2,9537,卖盘
10:42:46,47.69,0.01,12,57228,买盘
10:42:56,47.7,0.01,10,47698,买盘
10:43:02,47.69,-0.01,8,38148,买盘
10:43:03,47.67,-0.02,1,4767,中性盘
10:43:14,47.69,0.02,16,76285,买盘
10:43:17,47.67,-0.02,1,4767,中性盘
10:43:20,47.67,0.0,18,85806,买盘
10:43:28,47.62,-0.05,79,376264,卖盘
10:43:31,47.69,0.07,13,61997,买盘
10:43:44,47.67,-0.02,5,23835,买盘
10:43:47,47.66,-0.01,26,123928,卖盘
10:44:04,47.65,-0.01,13,61945,买盘
10:44:11,47.65,0.0,19,90535,买盘
10:44:17,47.66,0.01,9,42887,买盘
10:44:23,47.7,0.04,86,409879,买盘
10:44:26,47.7,0.0,2,9540,买盘
10:44:29,47.64,-0.06,14,66717,卖盘
10:44:32,47.78,0.14,3,14336,买盘
10:44:44,47.73,-0.05,2,9546,买盘
10:44:48,47.66,-0.07,2,9532,卖盘
10:44:52,47.65,-0.01,3,14295,卖盘
10:45:02,47.76,0.11,1,4776,买盘
10:45:05,47.67,-0.09,3,14301,卖盘
10:45:08,47.76,0.09,23,109848,买盘
10:45:09,47.76,0.0,12,57312,买盘
10:45:16,47.76,0.0,1,4776,卖盘
10:45:18,47.77,0.01,13,62100,买盘
10:45:26,47.76,-0.01,1,4776,买盘
10:45:29,47.67,-0.09,23,109641,卖盘
10:45:33,47.75,0.08,1,4775,买盘
10:45:37,47.77,0.02,8,38160,买盘
10:45:41,47.75,-0.02,12,57300,中性盘
10:45:50,47.68,-0.07,2,9536,卖盘
10:45:55,47.77,0.09,12,57324,买盘
10:45:59,47.77,0.0,5,23885,买盘
10:46:02,47.77,0.0,1,4777,买盘
10:46:14,47.76,-0.01,13,62088,买盘
10:46:19,47.69,-0.07,30,143070,卖盘
10:46:25,47.7,0.01,29,138372,买盘
10:46:29,47.68,-0.02,18,85824,卖盘
10:46:31,47.7,0.02,14,66814,买盘
10:46:35,47.7,0.0,6,28615,买盘
10:46:38,47.7,0.0,12,57240,买盘
10:46:41,47.69,-0.01,6,28617,卖盘
10:46:44,47.7,0.01,1,4770,买盘
10:46:46,47.7,0.0,2,9540,卖盘
10:46:55,47.7,0.0,13,62094,卖盘
10:47:10,47.77,0.07,2,9554,买盘
10:47:12,47.78,0.01,12,57330,买盘
10:47:29,47.78,0.0,30,143242,买盘
10:47:30,47.78,0.0,1,4778,买盘
10:47:37,47.77,-0.01,16,76432,买盘
10:47:45,47.77,0.0,14,66878,买盘
10:48:02,47.77,0.0,44,210188,买盘
10:48:05,47.78,0.01,1,4778,买盘
10:48:08,47.79,0.01,4,19113,买盘
10:48:11,47.77,-0.02,1,4777,卖盘
10:48:14,47.79,0.02,5,23895,买盘
10:48:16,47.8,0.01,3,14340,买盘
10:48:20,47.83,0.03,12,57367,买盘
10:48:22,47.73,-0.1,39,186343,卖盘
10:48:25,47.8,0.07,7,33460,买盘
10:48:36,47.63,-0.17,119,567529,卖盘
10:48:41,47.8,0.17,1,4780,买盘
10:48:56,47.79,-0.01,1,4779,买盘
10:49:08,47.77,-0.02,1,4777,买盘
10:49:22,47.76,-0.01,1,4776,买盘
10:49:24,47.77,0.01,17,81199,买盘
10:49:27,47.62,-0.15,47,223889,卖盘
10:49:31,47.77,0.15,1,4777,买盘
10:49:35,47.75,-0.02,14,66850,买盘
10:49:37,47.75,0.0,7,33425,买盘
10:49:41,47.75,0.0,1,4775,买盘
10:49:48,47.75,0.0,13,62075,买盘
10:50:02,47.74,-0.01,1,4774,买盘
10:50:03,47.74,0.0,21,100254,买盘
10:50:07,47.74,0.0,28,133714,卖盘
10:50:11,47.8,0.06,9,43002,买盘
10:50:13,47.79,-0.01,5,23895,卖盘
10:50:16,47.79,0.0,1,4779,买盘
10:50:20,47.8,0.01,19,90819,买盘
10:50:22,47.81,0.01,17,81269,买盘
10:50:24,47.84,0.03,21,100457,买盘
10:50:27,47.85,0.01,37,176949,买盘
10:50:32,47.87,0.02,23,110074,买盘
10:50:35,47.87,0.0,5,23935,买盘
10:50:38,47.89,0.02,52,248957,买盘
10:50:41,47.89,0.0,12,57459,买盘
10:50:43,47.89,0.0,1,4789,买盘
10:50:47,47.9,0.01,2,9580,买盘
10:50:50,47.89,-0.01,2,9578,中性盘
10:50:52,47.89,0.0,1,4789,卖盘
10:50:56,47.89,0.0,1,4789,买盘
10:50:59,47.9,0.01,13,62260,买盘
10:51:04,47.88,-0.02,3,14364,买盘
10:51:07,47.88,0.0,4,19148,买盘
10:51:09,47.88,0.0,7,33516,买盘
10:51:16,47.88,0.0,12,57456,买盘
10:51:23,47.88,0.0,2,9576,买盘
10:51:28,47.89,0.01,3,14367,买盘
10:51:37,47.89,0.0,17,81409,买盘
10:51:43,47.88,-0.01,12,57456,买盘
10:51:47,47.85,-0.03,4,19140,卖盘
10:51:48,47.89,0.04,4,19153,买盘
10:51:58,47.85,-0.04,14,67042,卖盘
10:52:07,47.85,0.0,8,38286,卖盘
10:52:11,47.85,0.0,8,38280,买盘
10:52:17,47.84,-0.01,2,9568,卖盘
10:52:19,47.85,0.01,12,57417,买盘
10:52:24,47.8,-0.05,7,33481,卖盘
10:52:28,47.8,0.0,29,138621,卖盘
10:52:32,47.81,0.01,11,52589,买盘
10:52:34,47.8,-0.01,5,23902,卖盘
10:52:38,47.8,0.0,1,4780,卖盘
10:52:41,47.82,0.02,2,9563,中性盘
10:52:43,47.84,0.02,19,90887,买盘
10:52:45,47.84,0.0,4,19136,买盘
10:52:49,47.81,-0.03,3,14349,卖盘
10:52:53,47.84,0.03,1,4784,买盘
10:52:59,47.81,-0.03,1,4781,卖盘
10:53:01,47.83,0.02,12,57396,买盘
10:53:11,47.82,-0.01,1,4782,买盘
10:53:14,47.83,0.01,2,9565,买盘
10:53:20,47.8,-0.03,2,9560,卖盘
10:53:23,47.82,0.02,2,9564,买盘
10:53:26,47.82,0.0,18,86076,买盘
10:53:29,47.82,0.0,83,396710,买盘
10:53:32,47.82,0.0,10,47820,买盘
10:53:44,47.81,-0.01,1,4781,买盘
10:53:46,47.81,0.0,1,4781,买盘
10:53:49,47.81,0.0,1,4781,买盘
10:53:52,47.7,-0.11,34,162191,卖盘
10:54:02,47.8,0.1,13,62140,买盘
10:54:08,47.8,0.0,13,62140,买盘
10:54:14,47.8,0.0,7,33460,买盘
10:54:20,47.79,-0.01,1,4779,中性盘
10:54:23,47.8,0.01,1,4780,买盘
10:54:29,47.7,-0.1,22,104952,卖盘
10:54:32,47.8,0.1,166,790754,买盘
10:54:38,47.76,-0.04,1,4776,买盘
10:54:40,47.76,0.0,8,38185,卖盘
10:54:47,47.71,-0.05,2,9542,卖盘
10:54:50,47.76,0.05,14,66859,买盘
10:54:53,47.76,0.0,7,33402,买盘
10:54:55,47.76,0.0,10,47754,买盘
10:54:59,47.76,0.0,8,38178,卖盘
10:55:02,47.76,0.0,1,4776,买盘
10:55:07,47.7,-0.06,7,33390,卖盘
10:55:09,47.76,0.06,19,90702,买盘
10:55:14,47.7,-0.06,2,9540,卖盘
10:55:17,47.7,0.0,2,9540,卖盘
10:55:20,47.7,0.0,5,23865,卖盘
10:55:22,47.7,0.0,2,9540,卖盘
10:55:26,47.75,0.05,1,4775,买盘
10:55:29,47.8,0.05,67,319705,买盘
10:55:41,47.75,-0.05,49,233975,买盘
10:55:42,47.75,0.0,12,57306,卖盘
10:55:50,47.8,0.05,12,57359,买盘
10:55:53,47.77,-0.03,1,4777,卖盘
10:55:56,47.77,0.0,5,23888,卖盘
10:56:02,47.77,0.0,1,4777,卖盘
10:56:08,47.79,0.02,7,33449,买盘
10:56:11,47.8,0.01,12,57360,买盘
10:56:26,47.8,0.0,10,47787,买盘
10:56:29,47.78,-0.02,7,33444,买盘
10:56:30,47.78,0.0,4,19112,买盘
10:56:35,47.79,0.01,13,62127,买盘
10:56:41,47.78,-0.01,10,47780,卖盘
10:56:50,47.78,0.0,4,19112,卖盘
10:56:53,47.78,0.0,9,43002,卖盘
10:56:59,47.78,0.0,13,62114,买盘
10:57:02,47.77,-0.01,5,23885,卖盘
10:57:05,47.78,0.01,7,33440,买盘
10:57:08,47.76,-0.02,11,52546,卖盘
10:57:17,47.77,0.01,4,19106,买盘
10:57:23,47.71,-0.06,8,38213,卖盘
10:57:26,47.78,0.07,12,57334,买盘
10:57:29,47.78,0.0,32,152658,买盘
10:57:35,47.71,-0.07,5,23855,买盘
10:57:38,47.66,-0.05,2,9532,卖盘
10:57:44,47.66,0.0,4,19064,卖盘
10:57:47,47.62,-0.04,25,119178,卖盘
10:57:50,47.65,0.03,2,9535,中性盘
10:57:52,47.62,-0.03,2,9524,买盘
10:58:05,47.71,0.09,1,4771,买盘
10:58:08,47.7,-0.01,7,33380,买盘
10:58:09,47.7,0.0,16,76320,买盘
10:58:17,47.71,0.01,1,4771,买盘
10:58:20,47.71,0.0,4,19083,买盘
10:58:23,47.7,-0.01,1,4770,中性盘
10:58:26,47.7,0.0,1,4770,买盘
10:58:29,47.69,-0.01,24,114384,中性盘
10:58:35,47.7,0.01,5,23848,买盘
10:58:38,47.68,-0.02,14,66753,卖盘
10:58:41,47.68,0.0,3,14304,买盘
10:58:44,47.77,0.09,58,276713,买盘
10:58:47,47.66,-0.11,5,23845,卖盘
10:58:48,47.77,0.11,1,4777,买盘
10:59:02,47.77,0.0,21,100317,买盘
10:59:06,47.77,0.0,7,33439,买盘
10:59:08,47.71,-0.06,16,76415,卖盘
10:59:12,47.76,0.05,4,19104,中性盘
10:59:14,47.76,0.0,4,19104,买盘
10:59:22,47.73,-0.03,7,33411,卖盘
10:59:26,47.78,0.05,12,57328,买盘
10:59:30,47.76,-0.02,1,4776,买盘
10:59:41,47.77,0.01,50,238830,买盘
10:59:44,47.78,0.01,2,9555,买盘
10:59:50,47.76,-0.02,13,62088,买盘
10:59:53,47.78,0.02,3,14330,买盘
11:00:02,47.78,0.0,27,129006,买盘
11:00:05,47.8,0.02,12,57359,买盘
11:00:07,47.8,0.0,1,4780,买盘
11:00:11,47.84,0.04,24,114770,买盘
11:00:12,47.85,0.01,45,215324,买盘
11:00:17,47.86,0.01,4,19144,买盘
11:00:19,47.88,0.02,1,4788,中性盘
11:00:23,47.87,-0.01,8,38295,中性盘
11:00:26,47.85,-0.02,2,9572,卖盘
11:00:32,47.88,0.03,2,9575,买盘
11:00:35,47.88,0.0,23,110123,买盘
11:00:38,47.88,0.0,7,33516,买盘
11:00:39,47.87,-0.01,1,4787,卖盘
11:00:44,47.89,0.02,6,28731,买盘
11:00:53,47.9,0.01,71,340041,买盘
11:00:56,47.9,0.0,25,119747,买盘
11:00:59,47.89,-0.01,16,76636,卖盘
11:01:02,47.9,0.01,12,57475,买盘
11:01:03,47.87,-0.03,19,90986,卖盘
11:01:07,47.87,0.0,6,28722,买盘
11:01:11,47.87,0.0,21,100527,买盘
11:01:23,47.93,0.06,8,38328,买盘
11:01:35,47.92,-0.01,3,14376,买盘
11:01:38,47.92,0.0,14,67083,买盘
11:01:50,47.92,0.0,8,38320,买盘
11:01:59,47.87,-0.05,3,14361,卖盘
11:02:02,47.91,0.04,12,57492,买盘
11:02:05,47.87,-0.04,1,4787,卖盘
11:02:11,47.91,0.04,1,4791,买盘
11:02:17,47.9,-0.01,7,33530,买盘
11:02:23,47.9,0.0,7,33530,买盘
11:02:26,47.87,-0.03,12,57473,卖盘
11:02:32,47.88,0.01,54,258349,中性盘
11:02:35,47.88,0.0,15,71850,卖盘
11:02:39,47.88,0.0,1,4788,卖盘
11:02:44,47.88,0.0,7,33516,卖盘
11:02:53,47.78,-0.1,2,9556,卖盘
11:02:59,47.87,0.09,12,57444,买盘
11:03:22,47.86,-0.01,13,62218,买盘
11:03:29,47.74,-0.12,36,171944,卖盘
11:03:30,47.85,0.11,14,66990,中性盘
11:03:35,47.86,0.01,21,100506,买盘
11:03:38,47.82,-0.04,33,157925,卖盘
11:03:41,47.82,0.0,3,14346,买盘
11:03:44,47.88,0.06,4,19152,买盘
11:03:47,47.86,-0.02,18,86164,中性盘
11:03:49,47.88,0.02,3,14362,买盘
11:03:53,47.88,0.0,2,9576,买盘
11:03:56,47.9,0.02,2,9580,买盘
11:03:59,47.82,-0.08,12,57384,卖盘
11:04:00,47.82,0.0,4,19128,买盘
11:04:04,47.82,0.0,1,4782,买盘
11:04:08,47.84,0.02,1,4784,卖盘
11:04:11,47.9,0.06,13,62270,买盘
11:04:17,47.9,0.0,21,100584,买盘
11:04:20,47.91,0.01,4,19161,买盘
11:04:31,47.9,-0.01,6,28740,买盘
11:04:34,47.9,0.0,3,14370,买盘
11:04:41,47.9,0.0,17,81422,买盘
11:04:47,47.9,0.0,4,19160,买盘
11:04:53,47.9,0.0,2,9580,买盘
11:04:57,47.9,0.0,15,71850,买盘
11:05:08,47.9,0.0,10,47895,买盘
11:05:14,47.88,-0.02,3,14364,卖盘
11:05:20,47.89,0.01,4,19156,买盘
11:05:23,47.89,0.0,14,67046,买盘
11:05:29,47.82,-0.07,24,114856,卖盘
11:05:35,47.88,0.06,5,23935,买盘
11:05:38,47.83,-0.05,3,14349,卖盘
11:05:41,47.88,0.05,2,9576,买盘
11:05:47,47.89,0.01,8,38308,买盘
11:05:53,47.88,-0.01,1,4788,买盘
11:05:59,47.89,0.01,13,62257,买盘
11:06:05,47.88,-0.01,1,4788,买盘
11:06:08,47.88,0.0,1,4788,买盘
11:06:17,47.88,0.0,7,33516,买盘
11:06:18,47.88,0.0,6,28728,买盘
11:06:23,47.89,0.01,13,62246,买盘
11:06:26,47.88,-0.01,1,4788,中性盘
11:06:27,47.86,-0.02,8,38288,卖盘
11:06:30,47.65,-0.21,98,467707,卖盘
11:06:48,47.84,0.19,1,4784,买盘
11:06:59,47.85,0.01,2,9569,买盘
11:07:02,47.83,-0.02,4,19132,中性盘
11:07:08,47.77,-0.06,20,95540,卖盘
11:07:11,47.77,0.0,1,4777,买盘
11:07:14,47.83,0.06,13,62179,买盘
11:07:17,47.82,-0.01,11,52602,卖盘
11:07:23,47.82,0.0,2,9564,中性盘
11:07:26,47.83,0.01,2,9565,买盘
11:07:27,47.65,-0.18,49,233620,卖盘
11:07:30,47.82,0.17,10,47820,买盘
11:07:41,47.68,-0.14,3,14304,卖盘
11:07:47,47.82,0.14,2,9564,买盘
11:07:54,47.81,-0.01,2,9562,买盘
11:08:10,47.79,-0.02,4,19116,买盘
11:08:14,47.79,0.0,25,119472,买盘
11:08:20,47.79,0.0,2,9557,买盘
11:08:23,47.78,-0.01,6,28672,中性盘
11:08:26,47.8,0.02,12,57348,买盘
11:08:29,47.65,-0.15,50,238296,卖盘
11:08:44,47.77,0.12,42,200634,买盘
11:08:50,47.8,0.03,3,14340,买盘
11:08:56,47.79,-0.01,7,33453,卖盘
11:08:59,47.8,0.01,5,23900,买盘
11:09:02,47.79,-0.01,1,4779,买盘
11:09:03,47.79,0.0,1,4779,买盘
11:09:08,47.78,-0.01,1,4778,买盘
11:09:17,47.78,0.0,1,4778,买盘
11:09:29,47.79,0.01,9,42911,买盘
11:09:44,47.77,-0.02,6,28662,买盘
11:09:47,47.77,0.0,42,200669,卖盘
11:09:50,47.77,0.0,2,9554,卖盘
11:09:56,47.77,0.0,1,4777,买盘
11:09:57,47.78,0.01,4,19110,买盘
11:10:14,47.77,-0.01,3,14331,买盘
11:10:19,47.77,0.0,12,57324,买盘
11:10:23,47.76,-0.01,1,4776,买盘
11:10:26,47.77,0.01,24,114638,买盘
11:10:29,47.69,-0.08,24,114464,卖盘
11:10:32,47.78,0.09,21,100339,卖盘
11:10:35,47.7,-0.08,1,4770,卖盘
11:10:47,47.79,0.09,10,47778,买盘
11:10:56,47.7,-0.09,4,19080,卖盘
11:10:59,47.7,0.0,5,23850,买盘
11:11:02,47.79,0.09,6,28674,买盘
11:11:14,47.79,0.0,13,62127,买盘
11:11:20,47.71,-0.08,2,9542,卖盘
11:11:27,47.71,0.0,8,38168,卖盘
11:11:33,47.78,0.07,1,4778,买盘
11:11:37,47.78,0.0,12,57336,买盘
11:11:44,47.72,-0.06,1,4772,中性盘
11:11:56,47.72,0.0,14,66808,卖盘
11:11:58,47.78,0.06,15,71670,买盘
11:12:01,47.78,0.0,25,119465,卖盘
11:12:05,47.82,0.04,270,1291097,买盘
11:12:08,47.82,0.0,62,296464,买盘
11:12:14,47.81,-0.01,3,14343,卖盘
11:12:20,47.82,0.01,20,95629,买盘
11:12:29,47.81,-0.01,22,105183,卖盘
11:12:32,47.82,0.01,224,1071155,买盘
11:12:38,47.81,-0.01,5,23901,买盘
11:12:40,47.82,0.01,18,86074,买盘
11:12:44,47.82,0.0,29,138678,买盘
11:12:47,47.82,0.0,47,224754,买盘
11:12:50,47.82,0.0,10,47819,买盘
11:12:53,47.82,0.0,2,9564,买盘
11:13:01,47.82,0.0,38,181706,买盘
11:13:03,47.82,0.0,1,4782,买盘
11:13:08,47.82,0.0,51,243838,买盘
11:13:11,47.82,0.0,1,4782,买盘
11:13:14,47.82,0.0,295,1410690,买盘
11:13:17,47.83,0.01,72,344308,买盘
11:13:20,47.86,0.03,4,19139,买盘
11:13:23,47.83,-0.03,62,296848,卖盘
11:13:26,47.9,0.07,12,57480,买盘
11:13:28,47.9,0.0,4,19160,买盘
11:13:32,47.9,0.0,3,14370,买盘
11:13:41,47.9,0.0,13,62250,买盘
11:13:44,47.9,0.0,7,33530,买盘
11:13:49,47.89,-0.01,16,76637,中性盘
11:13:56,47.89,0.0,24,114936,买盘
11:14:02,47.89,0.0,11,52679,买盘
11:14:05,47.89,0.0,11,52679,买盘
11:14:07,47.89,0.0,11,52679,买盘
11:14:10,47.89,0.0,15,71835,买盘
11:14:20,47.88,-0.01,4,19158,卖盘
11:14:23,47.9,0.02,9,43110,买盘
11:14:26,47.89,-0.01,1,4789,卖盘
11:14:28,47.89,0.0,31,148422,卖盘
11:14:34,47.9,0.01,6,28738,买盘
11:14:37,47.89,-0.01,13,62269,卖盘
11:14:41,47.89,0.0,1,4789,买盘
11:14:44,47.88,-0.01,7,33512,买盘
11:14:46,47.88,0.0,2,9576,买盘
11:14:52,47.88,0.0,1,4788,卖盘
11:14:55,47.87,-0.01,3,14361,卖盘
11:14:59,47.9,0.03,18,86220,买盘
11:15:02,47.89,-0.01,10,47889,中性盘
11:15:05,47.88,-0.01,2,9576,卖盘
11:15:11,47.88,0.0,52,248976,卖盘
11:15:14,47.88,0.0,1,4788,买盘
11:15:17,47.87,-0.01,1,4787,卖盘
11:15:20,47.88,0.01,8,38303,买盘
11:15:23,47.88,0.0,12,57456,买盘
11:15:29,47.86,-0.02,20,95677,卖盘
11:15:31,47.87,0.01,1,4787,卖盘
11:15:35,47.87,0.0,1,4787,买盘
11:15:47,47.87,0.0,13,62231,买盘
11:16:01,47.85,-0.02,10,47850,中性盘
11:16:13,47.85,0.0,14,66990,买盘
11:16:20,47.85,0.0,7,33495,买盘
11:16:23,47.85,0.0,7,33495,买盘
11:16:34,47.85,0.0,1,4785,中性盘
11:16:38,47.85,0.0,12,57420,买盘
11:16:41,47.85,0.0,6,28710,买盘
11:16:47,47.84,-0.01,30,146633,卖盘
11:16:49,47.85,0.01,1,4785,买盘
11:16:59,47.84,-0.01,7,30378,卖盘
11:17:02,47.85,0.01,20,95680,买盘
11:17:11,47.84,-0.01,10,47840,卖盘
11:17:22,47.85,0.01,5,23925,买盘
11:17:26,47.87,0.02,20,95714,买盘
11:17:29,47.83,-0.04,24,114804,卖盘
11:17:35,47.83,0.0,3,14349,卖盘
11:17:38,47.83,0.0,1,4783,卖盘
11:17:49,47.83,0.0,13,62203,卖盘
11:17:59,47.85,0.02,1,4785,买盘
11:18:02,47.84,-0.01,1,4784,中性盘
11:18:13,47.83,-0.01,6,28698,卖盘
11:18:17,47.83,0.0,106,506236,卖盘
11:18:20,47.83,0.0,23,110007,买盘
11:18:28,47.68,-0.15,35,166925,卖盘
11:18:38,47.72,0.04,3,14316,卖盘
11:18:40,47.65,-0.07,68,324122,卖盘
11:18:43,47.81,0.16,2,9554,买盘
11:18:46,47.81,0.0,12,57372,买盘
11:18:53,47.65,-0.16,2,9538,卖盘
11:18:59,47.73,0.08,1,4773,卖盘
11:19:05,47.62,-0.11,20,95265,卖盘
11:19:10,47.7,0.08,20,95400,买盘
11:19:17,47.72,0.02,1,4772,买盘
11:19:19,47.72,0.0,7,33404,买盘
11:19:23,47.71,-0.01,1,4771,买盘
11:19:32,47.72,0.01,1,4772,买盘
11:19:35,47.73,0.01,6,28635,买盘
11:19:38,47.73,0.0,1,4773,买盘
11:19:47,47.73,0.0,19,90687,买盘
11:19:59,47.8,0.07,1,4780,买盘
11:20:01,47.8,0.0,3,14340,买盘
11:20:11,47.82,0.02,6,28689,买盘
11:20:13,47.82,0.0,1,4782,卖盘
11:20:22,47.84,0.02,8,38268,买盘
11:20:26,47.8,-0.04,2,9560,卖盘
11:20:29,47.83,0.03,3,14343,买盘
11:20:35,47.8,-0.03,15,71736,卖盘
11:20:41,47.73,-0.07,4,19108,卖盘
11:20:47,47.82,0.09,3,14336,买盘
11:20:50,47.73,-0.09,2,9546,卖盘
11:20:52,47.73,0.0,3,14319,卖盘
11:20:55,47.82,0.09,12,57370,买盘
11:20:59,47.81,-0.01,9,43029,中性盘
11:21:02,47.81,0.0,4,19125,卖盘
11:21:04,47.81,0.0,11,52591,买盘
11:21:11,47.82,0.01,11,52593,买盘
11:21:14,47.82,0.0,1,4782,卖盘
11:21:16,47.82,0.0,1,4782,卖盘
11:21:29,47.82,0.0,1,4782,买盘
11:21:31,47.73,-0.09,4,19092,卖盘
11:21:44,47.72,-0.01,1,4772,卖盘
11:21:47,47.72,0.0,1,4772,卖盘
11:21:50,47.81,0.09,12,57371,买盘
11:21:55,47.82,0.01,4,19126,买盘
11:21:59,47.82,0.0,13,62166,买盘
11:22:16,47.72,-0.1,1,4772,卖盘
11:22:35,47.82,0.1,1,4782,买盘
11:22:38,47.82,0.0,12,57384,买盘
11:22:41,47.82,0.0,7,33474,买盘
11:22:46,47.72,-0.1,4,19088,卖盘
11:22:56,47.73,0.01,10,47730,卖盘
11:22:59,47.82,0.09,13,62156,买盘
11:23:07,47.82,0.0,12,57381,买盘
11:23:14,47.73,-0.09,5,23865,卖盘
11:23:17,47.8,0.07,2,9560,中性盘
11:23:19,47.8,0.0,1,4780,中性盘
11:23:23,47.8,0.0,2,9562,卖盘
11:23:26,47.82,0.02,13,62150,买盘
11:23:32,47.74,-0.08,6,28678,中性盘
11:23:34,47.73,-0.01,11,52503,卖盘
11:23:47,47.82,0.09,23,109966,买盘
11:23:49,47.84,0.02,8,38258,买盘
11:23:53,47.84,0.0,10,47832,买盘
11:23:56,47.83,-0.01,20,95676,卖盘
11:23:59,47.85,0.02,8,38280,买盘
11:24:02,47.86,0.01,44,210584,买盘
11:24:05,47.86,0.0,43,205798,买盘
11:24:08,47.87,0.01,54,258498,买盘
11:24:10,47.88,0.01,48,232936,卖盘
11:24:14,47.88,0.0,73,349524,买盘
11:24:17,47.88,0.0,58,277688,买盘
11:24:20,47.87,-0.01,2,9574,卖盘
11:24:26,47.87,0.0,2,9574,卖盘
11:24:35,47.88,0.01,12,57435,买盘
11:24:47,47.87,-0.01,1,4787,买盘
11:24:56,47.87,0.0,12,57444,买盘
11:25:05,47.84,-0.03,10,47843,卖盘
11:25:10,47.85,0.01,3,14355,卖盘
11:25:13,47.87,0.02,13,62231,买盘
11:25:22,47.86,-0.01,1,4786,买盘
11:25:26,47.85,-0.01,4,19141,卖盘
11:25:29,47.85,0.0,1,4785,买盘
11:25:32,47.82,-0.03,32,153100,卖盘
11:25:35,47.8,-0.02,1,4780,买盘
11:25:44,47.74,-0.06,14,66896,卖盘
11:25:49,47.74,0.0,4,19096,卖盘
11:26:01,47.79,0.05,2,9557,买盘
11:26:04,47.8,0.01,104,497113,买盘
11:26:08,47.8,0.0,21,100380,买盘
11:26:11,47.8,0.0,9,42637,买盘
11:26:20,47.81,0.01,1,4781,中性盘
11:26:23,47.81,0.0,4,19124,买盘
11:26:32,47.87,0.06,13,62231,买盘
11:26:38,47.87,0.0,30,143610,买盘
11:26:46,47.87,0.0,6,28722,买盘
11:26:49,47.87,0.0,9,43083,买盘
11:26:53,47.87,0.0,3,14361,买盘
11:26:56,47.87,0.0,12,57444,买盘
11:27:04,47.87,0.0,11,52657,买盘
11:27:08,47.87,0.0,2,9574,买盘
11:27:14,47.86,-0.01,1,4786,卖盘
11:27:17,47.87,0.01,19,90953,买盘
11:27:23,47.86,-0.01,6,28720,卖盘
11:27:26,47.87,0.01,2,9574,买盘
11:27:29,47.87,0.0,4,19146,买盘
11:27:31,47.87,0.0,1,4787,买盘
11:27:35,47.86,-0.01,1,4786,卖盘
11:27:44,47.87,0.01,14,67018,买盘
11:27:46,47.87,0.0,6,28722,买盘
11:27:49,47.88,0.01,9,43090,买盘
11:27:53,47.86,-0.02,1,4786,卖盘
11:28:01,47.88,0.02,2,9576,买盘
11:28:04,47.88,0.0,14,67031,买盘
11:28:08,47.88,0.0,102,488376,买盘
11:28:17,47.87,-0.01,5,23935,卖盘
11:28:20,47.87,0.0,6,28722,卖盘
11:28:23,47.88,0.01,1,4788,买盘
11:28:28,47.88,0.0,78,373464,买盘
11:28:31,47.88,0.0,1,4788,买盘
11:28:35,47.88,0.0,634,3035592,买盘
11:28:37,47.93,0.05,44,210824,买盘
11:28:41,47.94,0.01,29,138995,买盘
11:28:44,47.94,0.0,14,67069,买盘
11:28:47,47.93,-0.01,11,52724,卖盘
11:28:56,47.94,0.01,13,62282,买盘
11:29:02,47.92,-0.02,1,4792,买盘
11:29:10,47.93,0.01,1,4793,买盘
11:29:16,47.9,-0.03,9,43125,卖盘
11:29:20,47.94,0.04,16,76702,买盘
11:29:32,47.92,-0.02,1,4792,买盘
11:29:38,47.94,0.02,4,19176,买盘
11:29:40,47.95,0.01,1,4795,买盘
11:29:44,47.94,-0.01,1,4794,卖盘
11:29:47,47.95,0.01,14,67130,买盘
11:29:53,47.95,0.0,10,47950,买盘
11:29:55,47.95,0.0,9,43155,买盘
13:00:03,47.95,0.0,52,249304,卖盘
13:00:06,47.95,0.0,134,642834,买盘
13:00:09,47.99,0.04,42,201489,买盘
13:00:11,47.96,-0.03,3,14388,卖盘
13:00:15,47.99,0.03,11,52774,买盘
13:00:17,47.99,0.0,7,33582,买盘
13:00:21,47.99,0.0,28,134368,买盘
13:00:24,47.99,0.0,31,148796,卖盘
13:00:27,48.0,0.01,78,374367,买盘
13:00:29,48.02,0.02,23,110416,买盘
13:00:33,48.0,-0.02,12,57616,卖盘
13:00:35,48.0,0.0,20,96030,卖盘
13:00:39,47.95,-0.05,32,153568,卖盘
13:00:42,48.0,0.05,34,163173,买盘
13:00:44,47.92,-0.08,11,52722,卖盘
13:00:48,48.0,0.08,26,124784,买盘
13:00:50,48.03,0.03,8,38409,买盘
13:00:54,48.03,0.0,43,206413,买盘
13:00:56,48.0,-0.03,38,182418,卖盘
13:01:00,48.03,0.03,17,81651,买盘
13:01:02,48.03,0.0,8,38428,卖盘
13:01:06,48.04,0.01,2,9608,买盘
13:01:09,48.0,-0.04,47,225750,卖盘
13:01:12,47.9,-0.1,10,47940,卖盘
13:01:15,48.01,0.11,5,24005,卖盘
13:01:17,47.89,-0.12,45,215685,卖盘
13:01:21,48.0,0.11,14,67096,买盘
13:01:24,47.89,-0.11,2,9578,中性盘
13:01:27,47.88,-0.01,16,76620,卖盘
13:01:29,47.88,0.0,4,19152,买盘
13:01:33,47.87,-0.01,47,225054,卖盘
13:01:35,47.87,0.0,11,52657,买盘
13:01:39,47.87,0.0,18,86153,卖盘
13:01:42,47.87,0.0,5,23935,卖盘
13:01:45,47.87,0.0,4,19148,卖盘
13:01:47,47.86,-0.01,9,43075,卖盘
13:01:51,47.86,0.0,22,105288,买盘
13:01:54,47.82,-0.04,7,33490,卖盘
13:01:56,47.82,0.0,9,43046,卖盘
13:02:00,47.81,-0.01,3,14345,卖盘
13:02:02,47.8,-0.01,42,200812,卖盘
13:02:06,47.86,0.06,23,109996,买盘
13:02:09,47.81,-0.05,13,62201,卖盘
13:02:12,47.8,-0.01,12,57361,卖盘
13:02:15,47.81,0.01,115,549677,买盘
13:02:17,47.8,-0.01,4,19121,卖盘
13:02:20,47.78,-0.02,1,4778,卖盘
13:02:24,47.8,0.02,12,57360,买盘
13:02:27,47.75,-0.05,14,66855,卖盘
13:02:29,47.74,-0.01,17,81171,卖盘
13:02:32,47.72,-0.02,22,105015,卖盘
13:02:35,47.8,0.08,31,147945,买盘
13:02:39,47.8,0.0,27,128916,买盘
13:02:42,47.72,-0.08,4,19089,卖盘
13:02:45,47.73,0.01,1,4773,中性盘
13:02:47,47.71,-0.02,46,219528,卖盘
13:02:51,47.8,0.09,8,38240,买盘
13:02:53,47.8,0.0,1,4780,卖盘
13:03:00,47.89,0.09,8,38312,买盘
13:03:02,47.73,-0.16,39,186204,卖盘
13:03:06,47.73,0.0,6,28638,卖盘
13:03:09,47.89,0.16,2,9563,买盘
13:03:17,47.75,-0.14,17,81235,卖盘
13:03:21,47.75,0.0,31,148025,买盘
13:03:23,47.74,-0.01,5,23870,卖盘
13:03:27,47.75,0.01,1,4775,买盘
13:03:30,47.84,0.09,1,4784,卖盘
13:03:32,47.73,-0.11,19,90741,卖盘
13:03:35,47.71,-0.02,14,66816,卖盘
13:03:38,47.81,0.1,12,57300,买盘
13:03:42,47.81,0.0,1,4781,卖盘
13:03:45,47.84,0.03,14,67011,买盘
13:03:47,47.75,-0.09,28,133865,卖盘
13:03:50,47.74,-0.01,4,19096,卖盘
13:03:54,47.84,0.1,27,128943,买盘
13:03:56,47.84,0.0,5,23920,卖盘
13:04:03,47.75,-0.09,41,195910,卖盘
13:04:05,47.76,0.01,7,33451,中性盘
13:04:09,47.76,0.0,1,4776,卖盘
13:04:12,47.76,0.0,1,4776,卖盘
13:04:18,47.77,0.01,42,200638,卖盘
13:04:20,47.77,0.0,6,28662,卖盘
13:04:24,47.77,0.0,1,4777,卖盘
13:04:33,47.76,-0.01,32,152867,卖盘
13:04:35,47.77,0.01,16,76412,买盘
13:04:38,47.77,0.0,11,52547,卖盘
13:04:41,47.77,0.0,18,85974,买盘
13:04:45,47.73,-0.04,5,23873,卖盘
13:04:48,47.71,-0.02,29,138459,卖盘
13:04:50,47.71,0.0,18,85873,买盘
13:04:54,47.71,0.0,18,85876,买盘
13:04:56,47.72,0.01,3,14316,卖盘
13:04:59,47.72,0.0,2,9549,卖盘
13:05:02,47.7,-0.02,53,252898,卖盘
13:05:05,47.7,0.0,8,38160,卖盘
13:05:09,47.77,0.07,1,4777,卖盘
13:05:12,47.88,0.11,13,62240,买盘
13:05:14,47.88,0.0,12,57456,买盘
13:05:17,47.76,-0.12,11,52644,卖盘
13:05:20,47.7,-0.06,42,200405,卖盘
13:05:24,47.71,0.01,8,38198,卖盘
13:05:27,47.71,0.0,2,9542,卖盘
13:05:29,47.87,0.16,1,4787,买盘
13:05:33,47.71,-0.16,32,152685,卖盘
13:05:35,47.71,0.0,16,76332,买盘
13:05:38,47.72,0.01,3,14316,卖盘
13:05:42,47.9,0.18,12,57454,买盘
13:05:45,47.73,-0.17,2,9546,卖盘
13:05:48,47.72,-0.01,3,14318,卖盘
13:05:51,47.72,0.0,42,200423,买盘
13:05:54,47.72,0.0,6,28633,卖盘
13:05:57,47.86,0.14,4,19144,买盘
13:06:03,47.7,-0.16,45,214742,卖盘
13:06:12,47.86,0.16,1,4786,买盘
13:06:17,47.86,0.0,1,4786,买盘
13:06:20,47.72,-0.14,69,329318,卖盘
13:06:24,47.72,0.0,4,19088,买盘
13:06:27,47.72,0.0,78,372216,买盘
13:06:30,47.72,0.0,16,76356,买盘
13:06:32,47.7,-0.02,42,200388,卖盘
13:06:35,47.76,0.06,507,2417479,买盘
13:06:39,47.76,0.0,12,57310,买盘
13:06:48,47.68,-0.08,44,209829,卖盘
13:06:50,47.76,0.08,1,4776,买盘
13:06:53,47.76,0.0,33,157439,买盘
13:06:57,47.76,0.0,11,52536,买盘
13:07:03,47.75,-0.01,40,190717,买盘
13:07:14,47.74,-0.01,2,9548,买盘
13:07:17,47.63,-0.11,40,190541,卖盘
13:07:24,47.64,0.01,15,71586,卖盘
13:07:27,47.7,0.06,4,19084,中性盘
13:07:33,47.64,-0.06,35,166842,卖盘
13:07:35,47.64,0.0,5,23820,买盘
13:07:42,47.75,0.11,2,9550,买盘
13:07:48,47.64,-0.11,18,85780,卖盘
13:07:50,47.64,0.0,21,100044,买盘
13:08:00,47.75,0.11,3,14324,买盘
13:08:03,47.75,0.0,44,209635,买盘
13:08:05,47.75,0.0,3,14325,买盘
13:08:08,47.75,0.0,2,9550,买盘
13:08:12,47.71,-0.04,14,66830,中性盘
13:08:14,47.71,0.0,12,57252,买盘
13:08:18,47.71,0.0,42,199990,买盘
13:08:24,47.71,0.0,1,4771,买盘
13:08:27,47.71,0.0,16,76336,买盘
13:08:32,47.6,-0.11,42,199928,卖盘
13:08:39,47.71,0.11,13,62012,买盘
13:08:41,47.71,0.0,1,4771,买盘
13:08:48,47.7,-0.01,44,209460,买盘
13:08:53,47.7,0.0,12,57240,买盘
13:09:03,47.7,0.0,44,209468,买盘
13:09:08,47.7,0.0,5,23850,买盘
13:09:12,47.71,0.01,7,33397,买盘
13:09:14,47.62,-0.09,4,19048,卖盘
13:09:18,47.6,-0.02,44,209508,卖盘
13:09:26,47.7,0.1,2,9540,中性盘
13:09:30,47.6,-0.1,13,62000,卖盘
13:09:33,47.59,-0.01,31,147568,卖盘
13:09:35,47.59,0.0,13,61867,买盘
13:09:39,47.6,0.01,1,4760,中性盘
13:09:47,47.72,0.12,12,57249,买盘
13:09:50,47.59,-0.13,45,214194,卖盘
13:10:02,47.59,0.0,12,57119,卖盘
13:10:05,47.59,0.0,27,128493,买盘
13:10:08,47.69,0.1,12,57228,中性盘
13:10:15,47.68,-0.01,2,9536,中性盘
13:10:18,47.59,-0.09,26,123749,卖盘
13:10:20,47.59,0.0,14,66626,买盘
13:10:23,47.72,0.13,3,14316,买盘
13:10:27,47.71,-0.01,11,52423,中性盘
13:10:30,47.72,0.01,7,33397,买盘
13:10:32,47.74,0.02,72,343139,买盘
13:10:35,47.73,-0.01,18,85928,中性盘
13:10:38,47.73,0.0,17,81145,买盘
13:10:41,47.75,0.02,11,52524,买盘
13:10:45,47.76,0.01,18,85960,买盘
13:10:48,47.72,-0.04,5,23867,卖盘
13:10:50,47.72,0.0,3,14316,买盘
13:10:57,47.72,0.0,2,9544,买盘
13:11:03,47.6,-0.12,55,262066,卖盘
13:11:05,47.72,0.12,1,4772,买盘
13:11:09,47.71,-0.01,14,66807,中性盘
13:11:12,47.71,0.0,2,9542,中性盘
13:11:17,47.6,-0.11,21,99970,卖盘
13:11:20,47.6,0.0,15,71400,买盘
13:11:23,47.71,0.11,14,66718,买盘
13:11:26,47.71,0.0,21,100059,买盘
13:11:33,47.59,-0.12,73,347920,卖盘
13:11:35,47.59,0.0,11,52349,买盘
13:11:39,47.72,0.13,13,62036,买盘
13:11:48,47.6,-0.12,22,104738,卖盘
13:11:50,47.6,0.0,6,28560,买盘
13:11:53,47.71,0.11,26,123870,买盘
13:11:57,47.71,0.0,3,14313,卖盘
13:12:00,47.71,0.0,3,14313,买盘
13:12:03,47.6,-0.11,17,80977,卖盘
13:12:05,47.6,0.0,31,147560,买盘
13:12:08,47.61,0.01,1,4761,卖盘
13:12:12,47.61,0.0,15,71552,卖盘
13:12:15,47.72,0.11,9,42931,买盘
13:12:18,47.6,-0.12,41,195226,卖盘
13:12:20,47.72,0.12,38,181264,买盘
13:12:24,47.8,0.08,3,14340,买盘
13:12:27,47.8,0.0,9,42971,买盘
13:12:30,47.8,0.0,6,28679,买盘
13:12:33,47.8,0.0,49,233768,买盘
13:12:39,47.79,-0.01,2,9558,中性盘
13:12:42,47.76,-0.03,4,19114,中性盘
13:12:45,47.78,0.02,13,62092,买盘
13:12:47,47.79,0.01,51,242949,买盘
13:12:53,47.79,0.0,1,4779,买盘
13:12:57,47.79,0.0,4,19116,买盘
13:13:00,47.79,0.0,10,47789,买盘
13:13:03,47.61,-0.18,32,152470,卖盘
13:13:05,47.72,0.11,24,114396,买盘
13:13:12,47.73,0.01,3,14318,买盘
13:13:14,47.71,-0.02,13,62098,卖盘
13:13:18,47.6,-0.11,40,190435,卖盘
13:13:20,47.72,0.12,3,14316,卖盘
13:13:23,47.79,0.07,13,62099,买盘
13:13:27,47.78,-0.01,39,186374,中性盘
13:13:33,47.59,-0.19,33,157079,卖盘
13:13:35,47.76,0.17,8,38089,买盘
13:13:42,47.6,-0.16,30,142798,卖盘
13:13:45,47.59,-0.01,1,4759,中性盘
13:13:47,47.57,-0.02,40,190355,卖盘
13:13:50,47.76,0.19,2,9552,中性盘
13:13:57,47.75,-0.01,3,14325,买盘
13:14:00,47.75,0.0,2,9551,买盘
13:14:03,47.59,-0.16,33,157250,卖盘
13:14:05,47.59,0.0,18,85662,买盘
13:14:09,47.7,0.11,6,28620,卖盘
13:14:11,47.7,0.0,7,33390,卖盘
13:14:15,47.68,-0.02,3,14302,买盘
13:14:18,47.68,0.0,53,252312,买盘
13:14:23,47.67,-0.01,4,19068,买盘
13:14:26,47.68,0.01,10,47676,买盘
13:14:33,47.67,-0.01,41,195106,买盘
13:14:35,47.68,0.01,4,19071,买盘
13:14:38,47.68,0.0,7,33365,买盘
13:14:41,47.68,0.0,12,57216,买盘
13:14:44,47.65,-0.03,7,33367,中性盘
13:14:48,47.65,0.0,41,195008,买盘
13:14:50,47.67,0.02,7,33369,中性盘
13:14:54,47.67,0.0,19,90562,买盘
13:14:57,47.65,-0.02,2,9530,卖盘
13:15:00,47.67,0.02,3,14298,买盘
13:15:02,47.56,-0.11,31,147617,卖盘
13:15:05,47.56,0.0,10,47560,买盘
13:15:09,47.57,0.01,4,19048,中性盘
13:15:12,47.68,0.11,6,28608,买盘
13:15:17,47.58,-0.1,47,223556,卖盘
13:15:20,47.58,0.0,31,147498,买盘
13:15:23,47.68,0.1,24,114275,买盘
13:15:27,47.67,-0.01,5,23803,中性盘
13:15:33,47.68,0.01,5,23840,买盘
13:15:35,47.59,-0.09,34,161886,卖盘
13:15:38,47.7,0.11,13,61898,买盘
13:15:50,47.56,-0.14,31,147464,卖盘
13:15:54,47.56,0.0,12,57072,买盘
13:15:57,47.58,0.02,13,61842,中性盘
13:16:00,47.58,0.0,1,4758,中性盘
13:16:03,47.7,0.12,5,23838,买盘
13:16:05,47.71,0.01,56,266521,买盘
13:16:08,47.59,-0.12,3,14274,中性盘
13:16:12,47.59,0.0,3,14277,买盘
13:16:15,47.59,0.0,1,4759,中性盘
13:16:20,47.69,0.1,45,214002,买盘
13:16:27,47.71,0.02,2,9540,买盘
13:16:29,47.71,0.0,1,4771,买盘
13:16:33,47.59,-0.12,39,185809,卖盘
13:16:35,47.59,0.0,14,66626,买盘
13:16:48,47.7,0.11,6,28599,买盘
13:16:50,47.69,-0.01,46,219024,卖盘
13:16:53,47.69,0.0,3,14307,卖盘
13:17:00,47.71,0.02,13,62006,买盘
13:17:02,47.59,-0.12,25,119080,卖盘
13:17:05,47.69,0.1,27,128582,买盘
13:17:12,47.71,0.02,2,9540,买盘
13:17:18,47.71,0.0,13,62023,买盘
13:17:20,47.69,-0.02,44,209837,卖盘
13:17:23,47.71,0.02,1,4771,中性盘
13:17:32,47.69,-0.02,44,209843,卖盘
13:17:35,47.71,0.02,2,9542,买盘
13:17:38,47.76,0.05,15,71615,买盘
13:17:42,47.76,0.0,1,4776,买盘
13:17:48,47.69,-0.07,55,262383,卖盘
13:17:50,47.76,0.07,1,4776,买盘
13:17:56,47.75,-0.01,1,4775,中性盘
13:17:59,47.75,0.0,4,19100,买盘
13:18:02,47.69,-0.06,51,243268,卖盘
13:18:06,47.76,0.07,12,57312,买盘
13:18:18,47.69,-0.07,44,209840,卖盘
13:18:21,47.75,0.06,3,14325,买盘
13:18:24,47.75,0.0,3,14324,中性盘
13:18:26,47.79,0.04,13,62104,买盘
13:18:32,47.69,-0.1,44,209866,卖盘
13:18:48,47.6,-0.09,31,147695,卖盘
13:18:51,47.65,0.05,35,166735,买盘
13:19:03,47.59,-0.06,18,85674,卖盘
13:19:06,47.59,0.0,37,176083,买盘
13:19:08,47.57,-0.02,1,4757,卖盘
13:19:11,47.57,0.0,5,23815,卖盘
13:19:18,47.56,-0.01,26,123660,卖盘
13:19:20,47.56,0.0,6,28536,买盘
13:19:23,47.64,0.08,16,76112,买盘
13:19:30,47.73,0.09,5,23865,中性盘
13:19:32,47.56,-0.17,20,95298,卖盘
13:19:36,47.56,0.0,25,118900,买盘
13:19:39,47.64,0.08,8,38112,中性盘
13:19:45,47.64,0.0,3,14292,买盘
13:19:47,47.57,-0.07,27,128501,卖盘
13:19:49,47.58,0.01,17,80870,买盘
13:19:53,47.57,-0.01,4,19044,卖盘
13:20:02,47.56,-0.01,40,190286,卖盘
13:20:06,47.7,0.14,5,23850,买盘
13:20:11,47.69,-0.01,1,4769,买盘
13:20:15,47.74,0.05,10,47704,买盘
13:20:18,47.56,-0.18,17,80854,卖盘
13:20:20,47.56,0.0,23,109388,买盘
13:20:26,47.69,0.13,10,47690,买盘
13:20:30,47.72,0.03,6,28607,中性盘
13:20:32,47.56,-0.16,39,185484,卖盘
13:20:35,47.73,0.17,1,4773,买盘
13:20:38,47.73,0.0,5,23862,买盘
13:20:41,47.69,-0.04,5,23856,中性盘
13:20:44,47.69,0.0,1,4769,买盘
13:20:47,47.56,-0.13,26,123679,卖盘
13:20:50,47.73,0.17,47,224067,买盘
13:20:53,47.73,0.0,18,85914,卖盘
13:20:56,47.73,0.0,1,4773,买盘
13:21:01,47.56,-0.17,40,190262,卖盘
13:21:05,47.73,0.17,2,9546,买盘
13:21:15,47.74,0.01,7,33409,买盘
13:21:17,47.55,-0.19,40,190210,卖盘
13:21:36,47.55,0.0,15,71346,卖盘
13:21:38,47.63,0.08,3,14282,买盘
13:21:40,47.57,-0.06,2,9514,卖盘
13:21:54,47.72,0.15,1,4772,买盘
13:22:01,47.71,-0.01,4,19084,买盘
13:22:05,47.7,-0.01,4,19076,买盘
13:22:09,47.71,0.01,4,19084,买盘
13:22:11,47.72,0.01,12,57224,买盘
13:22:14,47.72,0.0,12,57248,买盘
13:22:18,47.72,0.0,7,33404,卖盘
13:22:20,47.72,0.0,12,57264,买盘
13:22:39,47.73,0.01,4,19089,买盘
13:22:41,47.73,0.0,9,42957,买盘
13:22:45,47.73,0.0,1,4773,卖盘
13:22:47,47.73,0.0,1,4773,买盘
13:22:53,47.73,0.0,7,33411,买盘
13:23:00,47.59,-0.14,13,62021,卖盘
13:23:03,47.59,0.0,2,9518,卖盘
13:23:06,47.72,0.13,5,23860,买盘
13:23:13,47.71,-0.01,2,9542,买盘
13:23:17,47.72,0.01,2,9543,买盘
13:23:23,47.72,0.0,13,62036,买盘
13:23:28,47.72,0.0,5,23860,买盘
13:23:41,47.72,0.0,13,62036,买盘
13:23:44,47.72,0.0,1,4772,买盘
13:23:47,47.6,-0.12,43,204680,卖盘
13:24:03,47.72,0.12,21,100188,买盘
13:24:08,47.71,-0.01,4,19085,卖盘
13:24:22,47.7,-0.01,16,76335,卖盘
13:24:30,47.74,0.04,19,90686,买盘
13:24:33,47.73,-0.01,4,19092,中性盘
13:24:47,47.74,0.01,13,62053,买盘
13:24:50,47.63,-0.11,1,4763,卖盘
13:25:04,47.74,0.11,12,57288,买盘
13:25:11,47.72,-0.02,2,9544,中性盘
13:25:17,47.72,0.0,1,4772,买盘
13:25:21,47.72,0.0,1,4772,买盘
13:25:23,47.71,-0.01,1,4771,中性盘
13:25:26,47.73,0.02,7,33402,买盘
13:25:35,47.77,0.04,13,62076,买盘
13:25:41,47.73,-0.04,14,66846,买盘
13:25:44,47.74,0.01,5,23872,中性盘
13:25:47,47.75,0.01,4,19098,买盘
13:25:50,47.74,-0.01,8,38194,中性盘
13:25:53,47.75,0.01,8,38198,买盘
13:25:55,47.75,0.0,1,4775,买盘
13:26:00,47.73,-0.02,9,42977,卖盘
13:26:02,47.8,0.07,8,38221,买盘
13:26:05,47.78,-0.02,5,23895,卖盘
13:26:08,47.79,0.01,2,9557,中性盘
13:26:12,47.82,0.03,7,33458,买盘
13:26:15,47.78,-0.04,20,95605,卖盘
13:26:17,47.82,0.04,2,9564,买盘
13:26:20,47.75,-0.07,4,19110,卖盘
13:26:23,47.82,0.07,1,4782,买盘
13:26:26,47.82,0.0,13,62166,买盘
13:26:32,47.82,0.0,2,9563,买盘
13:26:35,47.82,0.0,3,14346,买盘
13:26:39,47.82,0.0,2,9563,买盘
13:26:41,47.81,-0.01,1,4781,卖盘
13:26:43,47.81,0.0,1,4781,中性盘
13:26:47,47.82,0.01,13,62165,买盘
13:26:50,47.82,0.0,5,23910,买盘
13:26:54,47.82,0.0,4,19128,买盘
13:26:56,47.81,-0.01,4,19124,卖盘
13:27:01,47.82,0.01,7,33471,买盘
13:27:14,47.81,-0.01,2,9562,买盘
13:27:17,47.82,0.01,6,28691,买盘
13:27:19,47.82,0.0,8,38226,买盘
13:27:23,47.82,0.0,12,57384,买盘
13:27:26,47.82,0.0,7,33474,买盘
13:27:30,47.76,-0.06,6,28685,卖盘
13:27:31,47.82,0.06,1,4782,买盘
13:27:35,47.82,0.0,7,33474,买盘
13:27:38,47.81,-0.01,13,62157,中性盘
13:27:41,47.82,0.01,1,4782,买盘
13:27:44,47.82,0.0,1,4782,买盘
13:27:54,47.82,0.0,27,129114,买盘
13:28:01,47.81,-0.01,1,4781,买盘
13:28:06,47.79,-0.02,1,4779,卖盘
13:28:14,47.82,0.03,12,57373,买盘
13:28:22,47.79,-0.03,1,4779,卖盘
13:28:29,47.79,0.0,1,4779,卖盘
13:28:34,47.82,0.03,10,47815,买盘
13:28:45,47.8,-0.02,3,14340,卖盘
13:28:46,47.8,0.0,2,9560,卖盘
13:28:49,47.82,0.02,10,47815,买盘
13:28:53,47.8,-0.02,4,19120,卖盘
13:28:56,47.8,0.0,10,47814,卖盘
13:29:00,47.82,0.02,1,4782,买盘
13:29:01,47.82,0.0,13,62162,买盘
13:29:05,47.82,0.0,20,95640,卖盘
13:29:12,47.82,0.0,3,14349,卖盘
13:29:14,47.82,0.0,3,14349,卖盘
13:29:18,47.84,0.02,13,62192,买盘
13:29:31,47.84,0.0,11,52624,买盘
13:29:36,47.83,-0.01,20,95670,卖盘
13:29:51,47.84,0.01,15,71760,买盘
13:29:57,47.83,-0.01,3,14350,卖盘
13:30:03,47.83,0.0,1,4783,卖盘
13:30:05,47.84,0.01,1,4784,买盘
13:30:11,47.84,0.0,13,62196,买盘
13:30:13,47.85,0.01,6,28706,买盘
13:30:19,47.84,-0.01,9,43063,卖盘
13:30:22,47.85,0.01,13,62205,买盘
13:30:26,47.84,-0.01,3,14352,卖盘
13:30:33,47.84,0.0,2,9568,卖盘
13:30:38,47.85,0.01,16,76557,买盘
13:30:43,47.84,-0.01,1,4784,卖盘
13:30:48,47.84,0.0,1,4784,卖盘
13:30:52,47.85,0.01,13,62205,买盘
13:30:58,47.84,-0.01,25,119600,卖盘
13:31:03,47.84,0.0,5,23920,卖盘
13:31:04,47.84,0.0,4,19137,卖盘
13:31:07,47.84,0.0,1,4784,卖盘
13:31:15,47.85,0.01,15,71772,买盘
13:31:17,47.84,-0.01,15,71760,卖盘
13:31:25,47.84,0.0,15,71772,卖盘
13:31:28,47.85,0.01,2,9569,买盘
13:31:31,47.85,0.0,1,4785,买盘
13:31:36,47.85,0.0,3,14355,买盘
13:31:38,47.85,0.0,7,33495,买盘
13:31:44,47.85,0.0,1,4785,买盘
13:31:48,47.85,0.0,13,62205,买盘
13:31:51,47.84,-0.01,5,23920,卖盘
13:31:56,47.84,0.0,3,14352,卖盘
13:31:58,47.84,0.0,5,23922,卖盘
13:32:02,47.84,0.0,19,90909,卖盘
13:32:06,47.83,-0.01,11,52623,卖盘
13:32:11,47.83,0.0,14,66962,卖盘
13:32:13,47.83,0.0,5,23915,卖盘
13:32:18,47.84,0.01,17,81324,买盘
13:32:21,47.83,-0.01,1,4783,卖盘
13:32:24,47.83,0.0,1,4783,卖盘
13:32:29,47.83,0.0,1,4783,买盘
13:32:37,47.83,0.0,13,62179,买盘
13:32:45,47.82,-0.01,5,23910,卖盘
13:32:49,47.83,0.01,6,28697,买盘
13:32:54,47.83,0.0,12,57396,买盘
13:32:57,47.82,-0.01,9,43038,卖盘
13:32:58,47.81,-0.01,10,47817,卖盘
13:33:03,47.82,0.01,6,28691,买盘
13:33:12,47.81,-0.01,17,81293,卖盘
13:33:17,47.81,0.0,11,52591,卖盘
13:33:26,47.8,-0.01,22,105172,卖盘
13:33:39,47.78,-0.02,21,100363,卖盘
13:33:41,47.78,0.0,12,57336,买盘
13:33:45,47.78,0.0,4,19112,买盘
13:33:47,47.77,-0.01,6,28662,卖盘
13:33:51,47.77,0.0,1,4777,卖盘
13:33:53,47.77,0.0,7,33439,卖盘
13:33:57,47.77,0.0,1,4777,卖盘
13:33:58,47.77,0.0,5,23885,卖盘
13:34:01,47.77,0.0,12,57324,买盘
13:34:04,47.77,0.0,1,4777,买盘
13:34:13,47.76,-0.01,3,14328,卖盘
13:34:17,47.78,0.02,19,90776,买盘
13:34:27,47.75,-0.03,7,33430,卖盘
13:34:28,47.8,0.05,4,19110,买盘
13:34:39,47.79,-0.01,2,9558,买盘
13:34:41,47.8,0.01,17,81232,买盘
13:34:45,47.75,-0.05,1,4775,卖盘
13:35:00,47.8,0.05,13,62133,买盘
13:35:05,47.78,-0.02,1,4778,买盘
13:35:18,47.75,-0.03,29,138475,卖盘
13:35:21,47.75,0.0,1,4775,买盘
13:35:27,47.79,0.04,1,4779,买盘
13:35:33,47.79,0.0,7,33453,买盘
13:35:35,47.78,-0.01,9,43015,中性盘
13:35:42,47.81,0.03,12,57342,买盘
13:35:59,47.81,0.0,1,4781,买盘
13:36:03,47.82,0.01,6,28689,买盘
13:36:09,47.79,-0.03,2,9558,中性盘
13:36:13,47.82,0.03,12,57358,买盘
13:36:18,47.75,-0.07,1,4775,卖盘
13:36:24,47.75,0.0,1,4775,卖盘
13:36:28,47.83,0.08,16,76520,买盘
13:36:45,47.75,-0.08,2,9551,卖盘
13:36:48,47.83,0.08,2,9565,买盘
13:36:51,47.83,0.0,21,100297,买盘
13:37:02,47.82,-0.01,1,4782,买盘
13:37:04,47.83,0.01,13,62179,买盘
13:37:18,47.82,-0.01,3,14346,中性盘
13:37:27,47.84,0.02,8,38268,买盘
13:37:28,47.83,-0.01,14,66949,买盘
13:37:32,47.83,0.0,12,57396,卖盘
13:37:34,47.75,-0.08,15,71749,卖盘
13:37:51,47.83,0.08,3,14349,买盘
13:37:53,47.84,0.01,12,57400,买盘
13:38:02,47.75,-0.09,10,47829,卖盘
13:38:06,47.75,0.0,11,52588,卖盘
13:38:10,47.84,0.09,18,86105,买盘
13:38:18,47.84,0.0,2,9568,买盘
13:38:27,47.8,-0.04,1,4780,买盘
13:38:30,47.8,0.0,2,9560,中性盘
13:38:33,47.78,-0.02,3,14345,中性盘
13:38:36,47.84,0.06,2,9568,买盘
13:38:39,47.84,0.0,12,57408,买盘
13:38:51,47.85,0.01,12,57410,买盘
13:38:54,47.8,-0.05,4,19120,卖盘
13:39:06,47.85,0.05,8,38260,买盘
13:39:14,47.79,-0.06,1,4779,卖盘
13:39:17,47.84,0.05,8,38256,买盘
13:39:21,47.81,-0.03,4,19124,中性盘
13:39:24,47.84,0.03,3,14352,中性盘
13:39:30,47.85,0.01,12,57417,买盘
13:39:48,47.85,0.0,9,43061,买盘
13:40:00,47.85,0.0,12,57420,买盘
13:40:02,47.85,0.0,42,200970,买盘
13:40:09,47.81,-0.04,1,4781,卖盘
13:40:14,47.84,0.03,2,9568,买盘
13:40:17,47.85,0.01,4,19138,买盘
13:40:24,47.85,0.0,12,57420,买盘
13:40:27,47.81,-0.04,1,4781,卖盘
13:40:33,47.85,0.04,4,19140,买盘
13:40:39,47.85,0.0,7,33494,买盘
13:40:42,47.85,0.0,3,14351,买盘
13:40:45,47.83,-0.02,1,4783,中性盘
13:40:47,47.82,-0.01,30,143526,卖盘
13:40:50,47.82,0.0,1,4782,卖盘
13:41:03,47.85,0.03,18,86113,买盘
13:41:06,47.83,-0.02,9,43047,卖盘
13:41:09,47.83,0.0,11,52603,买盘
13:41:10,47.81,-0.02,7,33468,卖盘
13:41:15,47.81,0.0,1,4781,卖盘
13:41:18,47.8,-0.01,6,28680,卖盘
13:41:21,47.8,0.0,7,33460,卖盘
13:41:24,47.79,-0.01,7,33459,卖盘
13:41:25,47.8,0.01,6,28675,买盘
13:41:30,47.78,-0.02,1,4778,卖盘
13:41:33,47.78,0.0,1,4778,卖盘
13:41:36,47.76,-0.02,7,33450,卖盘
13:41:38,47.75,-0.01,4,19100,卖盘
13:41:40,47.8,0.05,14,66864,买盘
13:41:45,47.68,-0.12,12,57268,卖盘
13:41:47,47.79,0.11,4,19116,买盘
13:41:54,47.78,-0.01,9,42920,买盘
13:42:00,47.79,0.01,7,33452,买盘
13:42:03,47.64,-0.15,1,4764,卖盘
13:42:09,47.6,-0.04,68,323844,卖盘
13:42:10,47.6,0.0,17,80920,买盘
13:42:15,47.63,0.03,4,19052,卖盘
13:42:17,47.64,0.01,10,47640,中性盘
13:42:21,47.64,0.0,10,47640,卖盘
13:42:30,47.78,0.14,10,47772,买盘
13:42:36,47.64,-0.14,1,4764,卖盘
13:42:38,47.77,0.13,1,4777,中性盘
13:42:42,47.64,-0.13,3,14292,卖盘
13:42:54,47.76,0.12,26,124176,买盘
13:42:55,47.76,0.0,3,14328,卖盘
13:43:00,47.76,0.0,13,62085,买盘
13:43:03,47.76,0.0,10,47762,买盘
13:43:06,47.76,0.0,2,9552,卖盘
13:43:12,47.75,-0.01,12,57300,买盘
13:43:15,47.64,-0.11,8,38194,卖盘
13:43:25,47.64,0.0,13,61932,卖盘
13:43:29,47.75,0.11,15,71493,买盘
13:43:33,47.75,0.0,5,23875,卖盘
13:43:39,47.75,0.0,3,14325,卖盘
13:43:42,47.75,0.0,1,4775,卖盘
13:43:47,47.75,0.0,6,28650,买盘
13:43:54,47.75,0.0,13,62075,买盘
13:44:03,47.74,-0.01,1,4774,中性盘
13:44:06,47.75,0.01,1,4775,买盘
13:44:12,47.75,0.0,4,19098,买盘
13:44:18,47.75,0.0,2,9549,买盘
13:44:24,47.76,0.01,13,62079,买盘
13:44:26,47.74,-0.02,4,19096,买盘
13:44:32,47.74,0.0,7,33418,买盘
13:44:39,47.74,0.0,12,57288,买盘
13:44:51,47.74,0.0,4,19096,买盘
13:44:57,47.74,0.0,7,33418,买盘
13:45:00,47.76,0.02,12,57309,买盘
13:45:03,47.74,-0.02,1,4774,买盘
13:45:06,47.75,0.01,2,9550,买盘
13:45:09,47.75,0.0,1,4775,中性盘
13:45:15,47.77,0.02,17,81208,买盘
13:45:18,47.77,0.0,1,4777,买盘
13:45:21,47.78,0.01,8,38224,买盘
13:45:33,47.78,0.0,17,81226,中性盘
13:45:35,47.79,0.01,7,33453,买盘
13:45:39,47.8,0.01,4,19118,买盘
13:45:41,47.8,0.0,2,9559,买盘
13:45:44,47.77,-0.03,9,42994,卖盘
13:45:47,47.76,-0.01,3,14332,中性盘
13:45:49,47.79,0.03,2,9557,买盘
13:45:53,47.8,0.01,31,148180,买盘
13:45:57,47.8,0.0,1,4780,买盘
13:46:00,47.76,-0.04,2,9552,卖盘
13:46:02,47.79,0.03,9,43017,买盘
13:46:14,47.8,0.01,22,105125,买盘
13:46:23,47.79,-0.01,1,4779,买盘
13:46:27,47.8,0.01,2,9560,买盘
13:46:30,47.79,-0.01,1,4779,卖盘
13:46:36,47.8,0.01,1,4780,买盘
13:46:38,47.8,0.0,14,66920,买盘
13:46:42,47.79,-0.01,5,23895,卖盘
13:47:00,47.8,0.01,13,62140,买盘
13:47:08,47.79,-0.01,2,9559,卖盘
13:47:12,47.79,0.0,2,9558,卖盘
13:47:24,47.8,0.01,35,167299,买盘
13:47:33,47.8,0.0,16,76480,买盘
13:47:42,47.8,0.0,13,62140,买盘
13:47:45,47.8,0.0,8,38240,买盘
13:47:53,47.79,-0.01,32,152928,卖盘
13:47:57,47.78,-0.01,1,4778,买盘
13:48:02,47.78,0.0,13,62114,买盘
13:48:21,47.78,0.0,2,9556,买盘
13:48:23,47.77,-0.01,4,19108,卖盘
13:48:26,47.78,0.01,16,76446,买盘
13:48:30,47.77,-0.01,3,14331,卖盘
13:48:32,47.78,0.01,5,23890,买盘
13:48:38,47.77,-0.01,2,9554,卖盘
13:48:45,47.76,-0.01,1,4776,卖盘
13:48:48,47.79,0.03,6,28671,买盘
13:48:51,47.76,-0.03,1,4776,卖盘
13:48:59,47.8,0.04,12,57349,买盘
13:49:05,47.76,-0.04,1,4776,卖盘
13:49:15,47.77,0.01,1,4777,中性盘
13:49:18,47.8,0.03,8,38232,买盘
13:49:21,47.79,-0.01,1,4779,中性盘
13:49:24,47.79,0.0,4,19116,卖盘
13:49:27,47.79,0.0,1,4779,卖盘
13:49:30,47.8,0.01,2,9559,买盘
13:49:33,47.79,-0.01,2,9558,买盘
13:49:36,47.8,0.01,13,62134,买盘
13:49:39,47.79,-0.01,1,4779,中性盘
13:49:48,47.79,0.0,1,4779,买盘
13:49:51,47.79,0.0,1,4779,买盘
13:49:57,47.79,0.0,8,38232,买盘
13:49:59,47.79,0.0,2,9558,买盘
13:50:03,47.8,0.01,13,62129,买盘
13:50:12,47.79,-0.01,1,4779,卖盘
13:50:18,47.8,0.01,1,4780,买盘
13:50:24,47.8,0.0,13,62140,买盘
13:50:27,47.78,-0.02,26,124234,卖盘
13:50:39,47.8,0.02,43,205480,买盘
13:50:44,47.79,-0.01,1,4779,卖盘
13:50:47,47.79,0.0,3,14337,买盘
13:50:51,47.8,0.01,1,4780,买盘
13:50:54,47.79,-0.01,8,38239,卖盘
13:50:57,47.78,-0.01,1,4778,卖盘
13:51:00,47.78,0.0,16,76461,卖盘
13:51:03,47.79,0.01,9,43011,买盘
13:51:06,47.78,-0.01,1,4778,卖盘
13:51:09,47.78,0.0,4,19112,卖盘
13:51:17,47.78,0.0,12,57336,买盘
13:51:21,47.77,-0.01,3,14331,卖盘
13:51:32,47.78,0.01,10,47780,买盘
13:51:36,47.79,0.01,14,66901,买盘
13:51:38,47.77,-0.02,10,47770,卖盘
13:51:48,47.76,-0.01,12,57318,卖盘
13:51:51,47.76,0.0,3,14328,卖盘
13:51:53,47.77,0.01,14,66876,买盘
13:51:57,47.76,-0.01,1,4776,卖盘
13:52:00,47.77,0.01,26,124190,买盘
13:52:02,47.76,-0.01,2,9553,卖盘
13:52:05,47.76,0.0,2,9553,卖盘
13:52:09,47.75,-0.01,7,33426,卖盘
13:52:12,47.74,-0.01,14,66860,卖盘
13:52:18,47.74,0.0,2,9548,卖盘
13:52:26,47.77,0.03,4,19106,买盘
13:52:30,47.75,-0.02,9,42987,卖盘
13:52:33,47.75,0.0,3,14325,中性盘
13:52:35,47.77,0.02,13,62101,买盘
13:52:38,47.76,-0.01,16,76416,中性盘
13:52:48,47.75,-0.01,3,14325,卖盘
13:52:51,47.77,0.02,15,71638,买盘
13:53:00,47.76,-0.01,1,4776,卖盘
13:53:06,47.77,0.01,13,62100,买盘
13:53:09,47.77,0.0,12,57324,买盘
13:53:12,47.77,0.0,1,4777,卖盘
13:53:15,47.76,-0.01,11,52536,卖盘
13:53:27,47.78,0.02,12,57328,买盘
13:53:29,47.77,-0.01,1,4777,中性盘
13:53:32,47.76,-0.01,14,66872,卖盘
13:53:35,47.76,0.0,13,62088,买盘
13:53:41,47.76,0.0,14,66863,买盘
13:53:47,47.77,0.01,1,4777,买盘
13:54:00,47.77,0.0,2,9554,买盘
13:54:02,47.76,-0.01,20,95545,中性盘
13:54:05,47.76,0.0,7,33432,买盘
13:54:08,47.78,0.02,1,4778,中性盘
13:54:15,47.79,0.01,2,9558,买盘
13:54:17,47.79,0.0,4,19116,买盘
13:54:21,47.79,0.0,21,100359,买盘
13:54:24,47.8,0.01,24,114708,买盘
13:54:30,47.8,0.0,4,19120,买盘
13:54:33,47.8,0.0,59,282020,买盘
13:54:36,47.81,0.01,2,9562,买盘
13:54:39,47.82,0.01,12,57384,买盘
13:54:44,47.82,0.0,2,9564,买盘
13:54:57,47.82,0.0,13,62164,买盘
13:55:00,47.83,0.01,14,66962,买盘
13:55:03,47.82,-0.01,5,23910,中性盘
13:55:12,47.83,0.01,4,19132,买盘
13:55:18,47.83,0.0,12,57396,买盘
13:55:33,47.82,-0.01,1,4782,卖盘
13:55:38,47.83,0.01,17,81311,买盘
13:55:45,47.83,0.0,7,33481,买盘
13:55:48,47.83,0.0,2,9566,买盘
13:55:50,47.85,0.02,1220,5837302,买盘
13:55:53,47.85,0.0,75,358875,买盘
13:55:56,47.85,0.0,51,244035,买盘
13:55:59,47.84,-0.01,65,311023,中性盘
13:56:02,47.85,0.01,74,354089,买盘
13:56:06,47.85,0.0,49,234465,买盘
13:56:09,47.85,0.0,21,100485,买盘
13:56:23,47.89,0.04,24,114970,中性盘
13:56:27,47.94,0.05,3,14382,买盘
13:56:30,47.94,0.0,3,14382,买盘
13:56:35,47.92,-0.02,1,4792,卖盘
13:56:38,47.94,0.02,1,4794,买盘
13:56:42,47.95,0.01,14,67105,买盘
13:56:44,47.95,0.0,1,4795,买盘
13:57:00,47.92,-0.03,12,57504,买盘
13:57:03,47.92,0.0,4,19168,买盘
13:57:05,47.92,0.0,21,100632,买盘
13:57:15,47.91,-0.01,7,33537,卖盘
13:57:18,47.92,0.01,12,57504,买盘
13:57:23,47.9,-0.02,18,86240,中性盘
13:57:35,47.93,0.03,2,9586,卖盘
13:57:39,47.94,0.01,2,9588,买盘
13:57:42,47.95,0.01,12,57532,买盘
13:57:44,47.94,-0.01,15,71924,中性盘
13:57:51,47.94,0.0,8,38352,买盘
13:57:57,47.93,-0.01,19,91067,卖盘
13:58:03,47.94,0.01,20,95871,买盘
13:58:06,47.92,-0.02,12,57506,卖盘
13:58:11,47.92,0.0,10,47920,买盘
13:58:14,47.92,0.0,2,9584,卖盘
13:58:18,47.92,0.0,4,19168,卖盘
13:58:21,47.92,0.0,2,9584,卖盘
13:58:27,47.9,-0.02,16,76667,卖盘
13:58:32,47.92,0.02,8,38336,买盘
13:58:38,47.92,0.0,4,19168,卖盘
13:58:41,47.92,0.0,1,4792,卖盘
13:58:47,47.93,0.01,15,71895,买盘
13:58:50,47.94,0.01,12,57522,买盘
13:58:57,47.94,0.0,15,71909,买盘
13:59:02,47.94,0.0,8,38352,买盘
13:59:06,47.94,0.0,12,57528,买盘
13:59:09,47.94,0.0,1,4794,买盘
13:59:12,47.94,0.0,12,57528,买盘
13:59:14,47.95,0.01,3,14383,买盘
13:59:18,47.94,-0.01,4,19176,买盘
13:59:29,47.96,0.02,12,57541,买盘
13:59:32,47.95,-0.01,3,14385,中性盘
13:59:36,47.95,0.0,3,14385,卖盘
13:59:45,47.96,0.01,21,100716,买盘
13:59:48,47.95,-0.01,35,167858,卖盘
13:59:51,47.99,0.04,12,57572,买盘
13:59:53,47.97,-0.02,4,19190,买盘
13:59:59,47.96,-0.01,2,9592,卖盘
14:00:03,47.98,0.02,7,33581,买盘
14:00:05,47.97,-0.01,1,4797,卖盘
14:00:08,47.97,0.0,2,9594,卖盘
14:00:12,47.99,0.02,13,62377,买盘
14:00:14,47.97,-0.02,3,14393,卖盘
14:00:24,47.98,0.01,1,4798,中性盘
14:00:26,47.99,0.01,13,62378,买盘
14:00:33,47.98,-0.01,9,43182,买盘
14:00:38,47.98,0.0,2,9596,卖盘
14:00:45,47.98,0.0,22,105568,卖盘
14:00:50,47.99,0.01,7,33589,买盘
14:00:57,47.97,-0.02,2,9594,卖盘
14:00:59,47.97,0.0,6,28782,卖盘
14:01:02,47.98,0.01,12,57576,买盘
14:01:15,47.95,-0.03,2,9590,卖盘
14:01:17,47.97,0.02,6,28780,买盘
14:01:21,47.97,0.0,15,71949,买盘
14:01:29,47.96,-0.01,1,4796,卖盘
14:01:32,47.97,0.01,4,19185,买盘
14:01:39,47.97,0.0,14,67158,买盘
14:01:48,47.97,0.0,2,9594,买盘
14:01:54,47.97,0.0,14,67158,买盘
14:02:03,47.97,0.0,9,43173,买盘
14:02:06,47.98,0.01,1,4798,买盘
14:02:09,47.97,-0.01,1,4797,中性盘
14:02:12,47.97,0.0,3,14391,买盘
14:02:15,47.97,0.0,4,19188,买盘
14:02:18,47.98,0.01,18,86354,买盘
14:02:21,47.96,-0.02,14,67158,卖盘
14:02:30,47.96,0.0,1,4796,买盘
14:02:32,47.95,-0.01,12,57540,卖盘
14:02:36,47.93,-0.02,15,71920,卖盘
14:02:45,47.94,0.01,23,110254,买盘
14:02:47,47.94,0.0,2,9587,买盘
14:02:51,47.94,0.0,1,4794,买盘
14:02:54,47.93,-0.01,4,19172,卖盘
14:02:57,47.94,0.01,1,4794,买盘
14:02:59,47.93,-0.01,1,4793,买盘
14:03:03,47.93,0.0,2,9586,买盘
14:03:05,47.94,0.01,5,23968,买盘
14:03:09,47.91,-0.03,11,52704,卖盘
14:03:12,47.94,0.03,14,67110,买盘
14:03:15,47.93,-0.01,1,4793,中性盘
14:03:17,47.94,0.01,1,4794,买盘
14:03:24,47.94,0.0,3,14382,买盘
14:03:26,47.94,0.0,12,57520,买盘
14:03:29,47.92,-0.02,1,4792,中性盘
14:03:32,47.92,0.0,2,9584,买盘
14:03:35,47.92,0.0,1,4792,卖盘
14:03:39,47.92,0.0,2,9584,卖盘
14:03:41,47.92,0.0,3,14377,卖盘
14:03:45,47.93,0.01,2,9585,买盘
14:03:48,47.94,0.01,14,67105,买盘
14:03:50,47.94,0.0,3,14382,买盘
14:03:54,47.94,0.0,8,38356,买盘
14:04:03,47.96,0.02,12,57546,买盘
14:04:05,47.93,-0.03,3,14383,卖盘
14:04:08,47.96,0.03,3,14384,中性盘
14:04:12,47.96,0.0,3,14388,卖盘
14:04:18,47.98,0.02,24,115137,买盘
14:04:23,47.98,0.0,3,14392,买盘
14:04:29,47.96,-0.02,6,28776,卖盘
14:04:35,47.97,0.01,19,91155,卖盘
14:04:38,47.96,-0.01,11,52763,卖盘
14:04:45,47.97,0.01,4,19186,买盘
14:04:48,47.96,-0.01,3,14388,卖盘
14:04:51,47.97,0.01,17,81547,买盘
14:04:57,47.96,-0.01,1,4796,卖盘
14:05:00,47.96,0.0,1,4796,卖盘
14:05:03,47.97,0.01,1,4797,买盘
14:05:09,47.97,0.0,1,4797,买盘
14:05:12,47.98,0.01,10,47976,买盘
14:05:14,47.96,-0.02,2,9592,卖盘
14:05:17,47.96,0.0,1,4796,卖盘
14:05:21,47.96,0.0,5,23980,卖盘
14:05:24,47.98,0.02,20,95945,买盘
14:05:32,47.96,-0.02,1,4796,中性盘
14:05:39,47.98,0.02,2,9595,买盘
14:05:42,47.96,-0.02,22,105540,卖盘
14:05:47,47.96,0.0,7,33570,卖盘
14:05:50,47.96,0.0,3,14388,买盘
14:05:57,47.96,0.0,13,62345,买盘
14:06:11,47.96,0.0,12,57552,买盘
14:06:27,47.96,0.0,12,57552,买盘
14:06:29,47.96,0.0,7,33572,买盘
14:06:38,48.0,0.04,270,1295926,买盘
14:06:41,48.0,0.0,12,57600,买盘
14:06:45,48.0,0.0,19,91200,买盘
14:06:48,48.0,0.0,6,28800,买盘
14:06:54,47.95,-0.05,1,4795,卖盘
14:06:59,48.0,0.05,13,62391,买盘
14:07:06,47.96,-0.04,2,9592,卖盘
14:07:09,47.99,0.03,2,9598,买盘
14:07:15,48.0,0.01,6,28797,买盘
14:07:21,47.97,-0.03,11,52767,卖盘
14:07:24,47.97,0.0,12,57564,买盘
14:07:30,47.97,0.0,1,4797,买盘
14:07:32,47.98,0.01,1,4798,中性盘
14:07:39,47.99,0.01,17,81578,买盘
14:07:41,47.99,0.0,8,38392,买盘
14:07:50,48.0,0.01,12,57600,买盘
14:07:57,47.98,-0.02,16,76771,卖盘
14:08:00,47.97,-0.01,14,67158,卖盘
14:08:02,47.97,0.0,1,4797,买盘
14:08:06,47.98,0.01,21,100737,买盘
14:08:18,47.98,0.0,1,4798,买盘
14:08:21,47.98,0.0,2,9596,买盘
14:08:24,47.96,-0.02,12,57556,卖盘
14:08:27,47.98,0.02,4,19190,买盘
14:08:29,47.98,0.0,12,57576,买盘
14:08:42,47.98,0.0,13,62374,买盘
14:08:44,47.97,-0.01,2,9594,中性盘
14:08:47,47.97,0.0,3,14390,买盘
14:09:00,47.98,0.01,8,38380,买盘
14:09:05,47.98,0.0,3,14394,买盘
14:09:12,47.98,0.0,12,57576,买盘
14:09:15,47.97,-0.01,1,4797,卖盘
14:09:18,47.97,0.0,3,14391,卖盘
14:09:21,47.97,0.0,5,23985,卖盘
14:09:24,47.98,0.01,1,4798,买盘
14:09:27,47.98,0.0,29,139132,买盘
14:09:33,47.97,-0.01,16,76752,买盘
14:09:38,47.98,0.01,2,9595,买盘
14:09:42,47.98,0.0,13,62373,买盘
14:09:48,47.98,0.0,1,4798,买盘
14:09:59,47.98,0.0,12,57576,买盘
14:10:02,47.98,0.0,1,4798,买盘
14:10:05,47.98,0.0,7,33586,卖盘
14:10:08,47.98,0.0,1,4798,卖盘
14:10:12,47.98,0.0,1,4798,卖盘
14:10:15,47.98,0.0,19,91175,卖盘
14:10:30,47.98,0.0,3,14394,卖盘
14:10:33,47.98,0.0,8,38391,卖盘
14:10:36,48.0,0.02,13,62391,买盘
14:10:41,47.99,-0.01,2,9598,卖盘
14:10:45,48.0,0.01,99,475200,买盘
14:10:51,48.0,0.0,1,4800,卖盘
14:10:56,48.01,0.01,7,33607,买盘
14:11:00,48.01,0.0,10,48004,买盘
14:11:03,48.0,-0.01,1,4800,卖盘
14:11:06,48.01,0.01,3,14403,买盘
14:11:21,48.01,0.0,4,19204,买盘
14:11:24,48.01,0.0,21,100821,买盘
14:11:27,48.02,0.01,24,115243,买盘
14:11:30,48.04,0.02,94,452638,买盘
14:11:32,48.05,0.01,21,100905,买盘
14:11:36,48.05,0.0,3,14413,买盘
14:11:48,48.06,0.01,93,446942,买盘
14:11:51,48.07,0.01,1,4807,买盘
14:11:53,48.07,0.0,26,124982,买盘
14:11:57,48.06,-0.01,4,19226,卖盘
14:12:00,48.07,0.01,15,72105,买盘
14:12:02,48.07,0.0,3,14423,卖盘
14:12:05,48.08,0.01,2,9616,买盘
14:12:09,48.08,0.0,7,33656,买盘
14:12:15,48.09,0.01,4,19235,买盘
14:12:17,48.09,0.0,3,14427,买盘
14:12:20,48.09,0.0,3,14427,买盘
14:12:24,48.09,0.0,11,52899,买盘
14:12:27,48.1,0.01,7,33670,买盘
14:12:30,48.1,0.0,10,48100,买盘
14:12:36,48.1,0.0,11,52909,买盘
14:12:39,48.09,-0.01,6,28854,卖盘
14:12:42,48.1,0.01,1,4810,买盘
14:12:45,48.1,0.0,1,4810,中性盘
14:12:50,48.11,0.01,5,24055,买盘
14:12:54,48.1,-0.01,7,33674,卖盘
14:12:57,48.11,0.01,2,9622,买盘
14:12:59,48.1,-0.01,10,48100,卖盘
14:13:03,48.11,0.01,1,4811,买盘
14:13:05,48.12,0.01,32,153953,买盘
14:13:15,48.11,-0.01,9,43306,卖盘
14:13:17,48.13,0.02,1,4813,买盘
14:13:20,48.13,0.0,2,9626,卖盘
14:13:27,48.13,0.0,5,24065,买盘
14:13:33,48.11,-0.02,21,101059,卖盘
14:13:41,48.13,0.02,17,81821,买盘
14:13:45,48.13,0.0,7,33691,买盘
14:13:54,48.15,0.02,12,57770,买盘
14:13:56,48.14,-0.01,3,14442,卖盘
14:14:00,48.15,0.01,2,9630,买盘
14:14:06,48.15,0.0,9,43334,买盘
14:14:09,48.15,0.0,10,48150,买盘
14:14:11,48.14,-0.01,13,62592,卖盘
14:14:15,48.15,0.01,12,57772,买盘
14:14:18,48.15,0.0,15,72223,买盘
14:14:21,48.15,0.0,8,38518,买盘
14:14:24,48.15,0.0,6,28890,买盘
14:14:27,48.14,-0.01,9,43329,卖盘
14:14:30,48.15,0.01,6,28889,买盘
14:14:32,48.15,0.0,6,28890,买盘
14:14:35,48.16,0.01,1,4816,买盘
14:14:39,48.16,0.0,4,19264,买盘
14:14:41,48.16,0.0,1,4816,买盘
14:14:44,48.16,0.0,3,14448,买盘
14:14:48,48.16,0.0,1,4816,买盘
14:14:50,48.17,0.01,4,19267,买盘
14:14:53,48.16,-0.01,2,9633,卖盘
14:14:57,48.17,0.01,4,19268,买盘
14:15:00,48.17,0.0,20,96339,买盘
14:15:02,48.16,-0.01,12,57792,卖盘
14:15:06,48.17,0.01,2,9634,买盘
14:15:15,48.17,0.0,1,4817,卖盘
14:15:17,48.17,0.0,2,9634,卖盘
14:15:21,48.18,0.01,7,33722,买盘
14:15:24,48.16,-0.02,6,28904,卖盘
14:15:35,48.17,0.01,4,19268,买盘
14:15:48,48.17,0.0,1,4817,卖盘
14:15:53,48.18,0.01,2,9636,买盘
14:15:57,48.17,-0.01,9,43356,卖盘
14:16:00,48.18,0.01,15,72270,买盘
14:16:03,48.18,0.0,13,62634,买盘
14:16:09,48.17,-0.01,1,4817,卖盘
14:16:17,48.17,0.0,2,9634,卖盘
14:16:20,48.17,0.0,47,226399,卖盘
14:16:24,48.19,0.02,24,115635,买盘
14:16:30,48.2,0.01,51,245808,买盘
14:16:35,48.19,-0.01,1,4819,卖盘
14:16:38,48.21,0.02,12,57845,买盘
14:16:48,48.19,-0.02,3,14457,卖盘
14:16:50,48.2,0.01,8,38560,买盘
14:16:57,48.23,0.03,4,19290,买盘
14:17:02,48.23,0.0,1,4823,卖盘
14:17:18,48.23,0.0,7,33764,卖盘
14:17:21,48.23,0.0,3,14469,卖盘
14:17:24,48.24,0.01,6,28941,买盘
14:17:33,48.24,0.0,10,48239,买盘
14:17:36,48.23,-0.01,13,62699,卖盘
14:17:39,48.23,0.0,63,303849,卖盘
14:17:41,48.23,0.0,213,1027299,卖盘
14:17:45,48.21,-0.02,4,19284,卖盘
14:17:48,48.2,-0.01,9,43383,卖盘
14:17:54,48.19,-0.01,8,38552,卖盘
14:18:00,48.18,-0.01,17,81907,卖盘
14:18:03,48.18,0.0,15,72270,卖盘
14:18:06,48.2,0.02,32,154214,买盘
14:18:09,48.19,-0.01,17,81923,卖盘
14:18:11,48.2,0.01,8,38560,买盘
14:18:15,48.2,0.0,4,19285,卖盘
14:18:21,48.2,0.0,5,24099,买盘
14:18:24,48.2,0.0,1,4820,买盘
14:18:26,48.2,0.0,16,77120,买盘
14:18:30,48.2,0.0,16,77120,卖盘
14:18:33,48.2,0.0,1,4820,卖盘
14:18:36,48.2,0.0,50,241000,卖盘
14:18:42,48.2,0.0,7,33750,卖盘
14:18:44,48.2,0.0,23,110863,卖盘
14:18:47,48.2,0.0,58,279560,卖盘
14:18:51,48.19,-0.01,17,81927,卖盘
14:18:57,48.2,0.01,2,9640,买盘
14:19:00,48.19,-0.01,1,4819,卖盘
14:19:03,48.19,0.0,2,9638,卖盘
14:19:05,48.2,0.01,6,28920,买盘
14:19:08,48.2,0.0,9,43378,买盘
14:19:12,48.2,0.0,8,38560,卖盘
14:19:15,48.2,0.0,3,14460,中性盘
14:19:18,48.23,0.03,47,226624,买盘
14:19:33,48.19,-0.04,34,163847,卖盘
14:19:39,48.19,0.0,15,72288,卖盘
14:19:42,48.2,0.01,14,67464,买盘
14:19:45,48.2,0.0,9,43379,买盘
14:19:47,48.19,-0.01,1,4819,中性盘
14:19:51,48.19,0.0,2,9637,买盘
14:19:54,48.2,0.01,5,24100,买盘
14:19:57,48.19,-0.01,1,4819,卖盘
14:20:03,48.19,0.0,1,4819,卖盘
14:20:06,48.19,0.0,3,14457,卖盘
14:20:09,48.19,0.0,1,4819,卖盘
14:20:12,48.2,0.01,5,24100,买盘
14:20:15,48.16,-0.04,15,72259,卖盘
14:20:18,48.16,0.0,1,4816,买盘
14:20:24,48.13,-0.03,10,48177,卖盘
14:20:33,48.13,0.0,10,48130,卖盘
14:20:36,48.13,0.0,2,9626,卖盘
14:20:42,48.11,-0.02,1,4811,卖盘
14:20:53,48.1,-0.01,2,9620,卖盘
14:20:57,48.1,0.0,3,14430,卖盘
14:21:03,48.1,0.0,2,9620,买盘
14:21:09,48.09,-0.01,1,4809,卖盘
14:21:14,48.07,-0.02,60,288494,卖盘
14:21:21,48.07,0.0,4,19228,卖盘
14:21:23,48.09,0.02,7,33651,买盘
14:21:26,48.07,-0.02,2,9614,卖盘
14:21:29,48.07,0.0,8,38456,买盘
14:21:33,48.05,-0.02,5,24025,卖盘
14:21:35,48.03,-0.02,4,19219,卖盘
14:21:41,48.0,-0.03,36,172800,卖盘
14:21:45,48.06,0.06,1,4806,中性盘
14:21:51,48.06,0.0,16,76806,买盘
14:21:54,48.05,-0.01,1,4805,中性盘
14:22:03,48.04,-0.01,1,4804,卖盘
14:22:15,48.0,-0.04,8,38404,卖盘
14:22:17,48.03,0.03,27,129681,买盘
14:22:21,48.0,-0.03,37,177600,卖盘
14:22:24,48.0,0.0,1,4800,卖盘
14:22:30,48.0,0.0,8,38400,卖盘
14:22:33,48.03,0.03,1,4803,买盘
14:22:54,48.03,0.0,29,139276,买盘
14:23:03,48.03,0.0,19,91257,卖盘
14:23:12,48.03,0.0,9,43227,卖盘
14:23:18,48.03,0.0,3,14409,卖盘
14:23:21,48.03,0.0,5,24015,卖盘
14:23:29,48.04,0.01,15,72050,买盘
14:23:33,48.04,0.0,5,24020,买盘
14:23:36,48.05,0.01,7,33632,买盘
14:23:39,48.03,-0.02,8,38424,卖盘
14:23:45,48.05,0.02,13,62465,买盘
14:23:51,48.04,-0.01,1,4804,卖盘
14:23:59,48.04,0.0,2,9608,买盘
14:24:03,48.03,-0.01,1,4803,卖盘
14:24:05,48.04,0.01,1,4804,中性盘
14:24:09,48.03,-0.01,1,4803,卖盘
14:24:12,48.04,0.01,1,4804,买盘
14:24:15,48.03,-0.01,1,4803,卖盘
14:24:24,48.03,0.0,3,14410,卖盘
14:24:27,48.03,0.0,1,4803,卖盘
14:24:30,48.04,0.01,4,19218,买盘
14:24:47,48.04,0.0,1,4804,卖盘
14:24:54,48.05,0.01,9,43245,买盘
14:25:09,48.04,-0.01,5,24020,卖盘
14:25:12,48.01,-0.03,79,379429,卖盘
14:25:17,48.04,0.03,16,76852,买盘
14:25:21,48.03,-0.01,2,9603,买盘
14:25:36,48.0,-0.03,2,9600,卖盘
14:25:45,48.04,0.04,50,240174,买盘
14:25:57,48.04,0.0,51,245004,卖盘
14:26:12,48.04,0.0,7,33626,买盘
14:26:21,48.0,-0.04,182,873600,卖盘
14:26:26,48.0,0.0,17,81595,买盘
14:26:36,48.0,0.0,7,33603,卖盘
14:26:39,48.0,0.0,9,43200,买盘
14:27:03,48.0,0.0,13,62400,卖盘
14:27:17,48.0,0.0,4,19200,卖盘
14:27:26,48.0,0.0,34,163200,卖盘
14:27:29,47.99,-0.01,9,43191,卖盘
14:27:33,48.0,0.01,24,115196,买盘
14:27:36,47.99,-0.01,3,14397,卖盘
14:27:42,48.02,0.03,47,225608,买盘
14:27:45,48.01,-0.01,4,19205,卖盘
14:27:48,48.0,-0.01,3,14400,买盘
14:27:57,48.0,0.0,9,43200,卖盘
14:28:03,47.99,-0.01,4,19199,卖盘
14:28:05,48.0,0.01,3,14400,卖盘
14:28:24,47.99,-0.01,89,427170,卖盘
14:28:30,48.0,0.01,14,67188,买盘
14:28:33,48.01,0.01,6,28801,买盘
14:28:39,47.99,-0.02,9,43191,买盘
14:28:42,48.03,0.04,1,4803,买盘
14:28:44,48.01,-0.02,2,9602,卖盘
14:28:48,48.03,0.02,2,9606,买盘
14:28:50,48.04,0.01,6,28819,买盘
14:28:53,48.04,0.0,1,4804,买盘
14:28:57,48.04,0.0,1,4804,买盘
14:29:00,48.04,0.0,14,67256,买盘
14:29:03,48.04,0.0,3,14412,买盘
14:29:09,48.04,0.0,1,4804,买盘
14:29:18,48.04,0.0,4,19215,买盘
14:29:21,48.0,-0.04,76,364877,卖盘
14:29:23,48.0,0.0,1,4800,买盘
14:29:27,48.0,0.0,12,57600,买盘
14:29:30,47.98,-0.02,1,4798,卖盘
14:29:33,47.99,0.01,3,14399,中性盘
14:29:36,48.0,0.01,12,57600,买盘
14:29:39,47.99,-0.01,3,14397,卖盘
14:29:42,48.0,0.01,1,4800,买盘
14:29:54,48.01,0.01,1,4801,买盘
14:29:59,48.01,0.0,2,9603,卖盘
14:30:03,48.02,0.01,7,33614,买盘
14:30:05,48.06,0.04,29,139310,买盘
14:30:09,48.04,-0.02,3,14410,买盘
14:30:15,48.04,0.0,3,14412,卖盘
14:30:18,48.06,0.02,3,14418,买盘
14:30:33,48.03,-0.03,5,24012,买盘
14:30:47,48.03,0.0,9,43225,买盘
14:30:50,48.03,0.0,1,4803,买盘
14:30:53,48.03,0.0,1,4803,买盘
14:30:57,48.03,0.0,1,4803,买盘
14:31:00,48.03,0.0,1,4803,买盘
14:31:03,48.02,-0.01,17,81634,卖盘
14:31:06,48.02,0.0,1,4802,中性盘
14:31:09,48.04,0.02,6,28818,买盘
14:31:12,48.06,0.02,1,4806,买盘
14:31:18,48.04,-0.02,7,33628,卖盘
14:31:36,48.04,0.0,3,14412,卖盘
14:31:39,48.04,0.0,6,28824,卖盘
14:31:44,48.05,0.01,9,43242,买盘
14:31:53,48.05,0.0,7,33635,卖盘
14:31:57,48.05,0.0,1,4805,卖盘
14:31:59,48.05,0.0,28,134551,卖盘
14:32:03,48.05,0.0,11,52855,卖盘
14:32:06,48.05,0.0,2,9610,卖盘
14:32:12,48.06,0.01,7,33642,买盘
14:32:17,48.05,-0.01,2,9610,买盘
14:32:24,48.04,-0.01,1,4804,卖盘
14:32:27,48.04,0.0,3,14412,卖盘
14:32:39,48.05,0.01,18,86482,买盘
14:32:42,48.06,0.01,4,19224,买盘
14:32:48,48.05,-0.01,1,4805,卖盘
14:32:53,48.05,0.0,1,4805,卖盘
14:32:57,48.05,0.0,1,4805,卖盘
14:33:03,48.07,0.02,3,14421,买盘
14:33:06,48.07,0.0,5,24035,卖盘
14:33:08,48.07,0.0,3,14421,卖盘
14:33:11,48.07,0.0,5,24035,卖盘
14:33:15,48.07,0.0,8,38470,卖盘
14:33:18,48.07,0.0,110,528970,卖盘
14:33:33,48.07,0.0,1,4807,卖盘
14:33:39,48.07,0.0,8,38456,卖盘
14:33:48,48.06,-0.01,9,43254,买盘
14:33:51,48.06,0.0,1,4806,买盘
14:33:54,48.06,0.0,30,144154,买盘
14:33:57,48.05,-0.01,5,24025,卖盘
14:34:06,48.05,0.0,5,24025,卖盘
14:34:12,48.04,-0.01,17,81678,卖盘
14:34:15,48.04,0.0,1,4804,卖盘
14:34:17,48.05,0.01,7,33634,买盘
14:34:20,48.02,-0.03,1,4802,卖盘
14:34:24,48.05,0.03,2,9610,买盘
14:34:30,48.05,0.0,1,4805,买盘
14:34:33,48.02,-0.03,2,9604,卖盘
14:34:41,48.02,0.0,3,14406,卖盘
14:34:50,48.01,-0.01,4,19204,卖盘
14:35:00,48.0,-0.01,3,14400,卖盘
14:35:03,48.0,0.0,6,28800,卖盘
14:35:06,48.01,0.01,3,11762,买盘
14:35:15,48.0,-0.01,5,24000,卖盘
14:35:17,48.0,0.0,5,24000,卖盘
14:35:22,48.0,0.0,8,38407,卖盘
14:35:24,48.0,0.0,16,76800,卖盘
14:35:30,48.0,0.0,5,24000,卖盘
14:35:39,48.01,0.01,1,4801,买盘
14:35:41,48.01,0.0,64,307178,买盘
14:35:44,48.0,-0.01,4,19201,卖盘
14:35:51,48.0,0.0,4,18000,卖盘
14:35:53,48.0,0.0,4,19200,卖盘
14:36:09,48.02,0.02,2,9604,买盘
14:36:27,48.04,0.02,6,28822,买盘
14:36:30,48.02,-0.02,6,28816,卖盘
14:36:32,48.02,0.0,11,52822,买盘
14:36:39,48.02,0.0,29,139258,买盘
14:37:00,48.02,0.0,3,14406,卖盘
14:37:02,48.04,0.02,3,14412,买盘
14:37:12,48.04,0.0,4,19216,买盘
14:37:15,48.04,0.0,6,28824,买盘
14:37:18,48.04,0.0,4,19216,买盘
14:37:27,48.04,0.0,1,4804,中性盘
14:37:33,48.05,0.01,7,33635,买盘
14:37:51,48.05,0.0,9,43245,买盘
14:37:53,48.05,0.0,3,14413,买盘
14:38:00,48.05,0.0,1,4805,买盘
14:38:06,48.04,-0.01,1,4804,卖盘
14:38:18,48.05,0.01,1,4805,买盘
14:38:33,48.05,0.0,9,43245,买盘
14:38:35,48.05,0.0,1,4805,买盘
14:38:42,48.05,0.0,28,134539,买盘
14:38:45,48.04,-0.01,3,14414,卖盘
14:38:47,48.05,0.01,2,9610,买盘
14:38:51,48.04,-0.01,1,4804,卖盘
14:38:56,48.04,0.0,1,4804,卖盘
14:39:00,48.04,0.0,2,9608,卖盘
14:39:03,48.03,-0.01,3,14411,卖盘
14:39:09,48.04,0.01,1,4804,买盘
14:39:12,48.04,0.0,2,9607,买盘
14:39:15,48.04,0.0,1,4804,买盘
14:39:22,48.04,0.0,7,33622,买盘
14:39:24,48.04,0.0,2,9608,买盘
14:39:27,48.04,0.0,3,14412,买盘
14:39:30,48.03,-0.01,2,9606,卖盘
14:39:33,48.04,0.01,1,4804,买盘
14:39:36,48.03,-0.01,1,4803,卖盘
14:39:41,48.02,-0.01,6,28813,卖盘
14:39:45,48.02,0.0,1,4802,卖盘
14:39:48,48.03,0.01,13,62444,买盘
14:39:54,48.02,-0.01,3,14406,卖盘
14:39:56,48.03,0.01,5,24012,买盘
14:40:20,48.02,-0.01,7,33614,卖盘
14:40:27,48.02,0.0,1,4802,卖盘
14:40:45,48.03,0.01,18,86448,买盘
14:40:52,48.02,-0.01,10,48034,中性盘
14:40:53,48.0,-0.02,160,768023,卖盘
14:40:57,48.02,0.02,3,14404,买盘
14:41:00,48.01,-0.01,3,14403,中性盘
14:41:03,48.01,0.0,5,24005,买盘
14:41:06,48.0,-0.01,1,4800,卖盘
14:41:09,48.0,0.0,7,33602,卖盘
14:41:12,48.01,0.01,11,52801,买盘
14:41:27,48.05,0.04,123,590770,买盘
14:41:33,48.02,-0.03,1,4802,买盘
14:41:36,48.02,0.0,1,4802,中性盘
14:41:48,48.07,0.05,815,3927740,买盘
14:41:51,48.08,0.01,6,28867,中性盘
14:41:54,48.09,0.01,5,24041,中性盘
14:41:56,48.28,0.19,56,270330,买盘
14:42:03,48.25,-0.03,4,19294,买盘
14:42:06,48.23,-0.02,7,33755,中性盘
14:42:14,48.1,-0.13,4,19240,卖盘
14:42:18,48.21,0.11,5,24072,买盘
14:42:20,48.1,-0.11,2,9620,卖盘
14:42:23,48.22,0.12,16,77149,买盘
14:42:27,48.19,-0.03,2,9638,买盘
14:42:45,48.16,-0.03,1,4816,买盘
14:42:50,48.15,-0.01,7,33705,买盘
14:42:59,48.15,0.0,5,24071,买盘
14:43:03,48.13,-0.02,8,38521,卖盘
14:43:06,48.15,0.02,1,4815,买盘
14:43:11,48.15,0.0,7,33701,买盘
14:43:18,48.1,-0.05,209,1005452,卖盘
14:43:21,48.09,-0.01,3,14427,卖盘
14:43:24,48.1,0.01,59,283790,买盘
14:43:27,48.1,0.0,5,24049,买盘
14:43:30,48.1,0.0,6,28860,买盘
14:43:32,48.1,0.0,10,48100,买盘
14:43:35,48.1,0.0,3,14430,买盘
14:43:39,48.0,-0.1,228,1094834,卖盘
14:43:42,48.1,0.1,11,52831,买盘
14:43:45,48.09,-0.01,3,14427,中性盘
14:44:05,48.02,-0.07,3,14420,卖盘
14:44:08,48.09,0.07,14,67326,买盘
14:44:14,48.03,-0.06,1,4803,卖盘
14:44:21,48.09,0.06,16,76917,买盘
14:44:32,48.09,0.0,8,38472,买盘
14:44:37,48.1,0.01,8,38474,买盘
14:44:42,48.11,0.01,2,9622,卖盘
14:44:50,48.11,0.0,3,14433,卖盘
14:44:54,48.05,-0.06,13,62537,卖盘
14:44:57,48.05,0.0,1,4805,买盘
14:45:03,48.05,0.0,1,4805,买盘
14:45:06,48.04,-0.01,4,19217,卖盘
14:45:15,48.05,0.01,4,19220,买盘
14:45:27,48.04,-0.01,13,62452,卖盘
14:45:29,48.05,0.01,1,4805,买盘
14:45:36,48.05,0.0,21,100893,买盘
14:45:39,48.04,-0.01,33,158530,卖盘
14:45:42,48.04,0.0,4,19216,买盘
14:45:45,48.04,0.0,8,38432,买盘
14:45:57,48.04,0.0,2,9608,买盘
14:45:59,48.03,-0.01,2,9606,卖盘
14:46:11,48.04,0.01,2,9608,买盘
14:46:15,48.03,-0.01,9,43227,卖盘
14:46:17,48.03,0.0,6,28818,卖盘
14:46:27,48.05,0.02,23,110493,买盘
14:46:37,48.05,0.0,21,100904,买盘
14:46:39,48.05,0.0,8,38440,买盘
14:46:54,48.04,-0.01,4,19216,卖盘
14:46:59,48.03,-0.01,57,273826,卖盘
14:47:03,48.03,0.0,2,9606,卖盘
14:47:06,48.03,0.0,4,19212,卖盘
14:47:09,48.02,-0.01,5,24010,卖盘
14:47:12,48.02,0.0,6,28817,卖盘
14:47:18,48.03,0.01,1,4803,买盘
14:47:21,48.02,-0.01,1,4802,卖盘
14:47:24,48.01,-0.01,7,33610,卖盘
14:47:27,48.01,0.0,1,4801,卖盘
14:47:32,48.01,0.0,2,9602,卖盘
14:47:37,48.01,0.0,3,14403,卖盘
14:47:39,48.02,0.01,4,19206,买盘
14:47:44,48.02,0.0,1,4802,买盘
14:47:51,48.01,-0.01,4,19204,卖盘
14:47:57,48.01,0.0,1,4801,卖盘
14:48:06,48.01,0.0,1,4801,卖盘
14:48:15,48.02,0.01,7,33614,买盘
14:48:18,48.01,-0.01,4,19204,卖盘
14:48:21,48.0,-0.01,104,499209,卖盘
14:48:24,48.01,0.01,6,28811,中性盘
14:48:30,48.01,0.0,13,62405,买盘
14:48:35,48.01,0.0,4,19204,买盘
14:48:39,48.0,-0.01,3,14402,卖盘
14:48:42,48.01,0.01,15,72015,买盘
14:48:45,48.01,0.0,17,81601,买盘
14:49:03,48.01,0.0,1,4801,买盘
14:49:06,48.0,-0.01,20,96000,卖盘
14:49:09,48.01,0.01,13,62412,买盘
14:49:12,48.01,0.0,1,4801,买盘
14:49:17,48.01,0.0,5,24005,买盘
14:49:22,48.01,0.0,1,4801,卖盘
14:49:23,48.02,0.01,2,9604,买盘
14:49:27,48.02,0.0,4,19208,买盘
14:49:30,48.02,0.0,2,9604,买盘
14:49:39,48.01,-0.01,6,28331,卖盘
14:50:03,48.03,0.02,7,33618,买盘
14:50:08,48.02,-0.01,6,28815,卖盘
14:50:11,48.03,0.01,2,9606,买盘
14:50:15,48.02,-0.01,3,14406,卖盘
14:50:19,48.04,0.02,12,57630,买盘
14:50:22,48.04,0.0,1,4804,买盘
14:50:24,48.04,0.0,1,4804,买盘
14:50:37,48.02,-0.02,1,4802,卖盘
14:50:50,48.04,0.02,2,9608,买盘
14:50:54,48.04,0.0,3,14410,买盘
14:50:59,48.03,-0.01,1,4803,卖盘
14:51:03,48.04,0.01,5,24020,买盘
14:51:07,48.04,0.0,3,14412,买盘
14:51:12,48.03,-0.01,15,72045,卖盘
14:51:15,48.04,0.01,1,4804,买盘
14:51:21,48.03,-0.01,32,153696,卖盘
14:51:23,48.03,0.0,5,24015,买盘
14:51:27,48.03,0.0,1,4803,卖盘
14:51:29,48.03,0.0,1,4803,买盘
14:51:38,48.03,0.0,1,4803,中性盘
14:51:50,48.04,0.01,6,28824,买盘
14:51:54,48.03,-0.01,6,28820,卖盘
14:52:03,48.0,-0.03,140,672543,卖盘
14:52:07,48.0,0.0,60,288000,买盘
14:52:12,48.0,0.0,35,168000,买盘
14:52:15,47.98,-0.02,30,143998,卖盘
14:52:18,48.0,0.02,36,172798,买盘
14:52:20,48.0,0.0,1,4800,买盘
14:52:24,47.98,-0.02,41,196784,卖盘
14:52:27,48.0,0.02,34,163200,买盘
14:52:30,48.0,0.0,31,148798,买盘
14:52:33,47.98,-0.02,5,23990,卖盘
14:52:37,48.0,0.02,40,191992,买盘
14:52:39,48.0,0.0,29,139198,买盘
14:52:42,47.98,-0.02,41,196780,卖盘
14:52:48,47.98,0.0,24,115179,卖盘
14:52:50,47.99,0.01,3,14397,买盘
14:52:54,48.0,0.01,75,359999,买盘
14:52:57,48.0,0.0,36,172796,买盘
14:53:00,47.98,-0.02,6,28789,中性盘
14:53:03,47.98,0.0,73,350398,卖盘
14:53:07,47.9,-0.08,229,1098323,卖盘
14:53:15,47.86,-0.04,6,28736,中性盘
14:53:19,47.9,0.04,269,1288482,买盘
14:53:22,47.84,-0.06,45,215349,卖盘
14:53:24,47.9,0.06,33,158058,买盘
14:53:33,47.9,0.0,15,71850,买盘
14:53:39,47.9,0.0,34,162765,买盘
14:53:43,47.89,-0.01,146,699329,中性盘
14:53:45,47.9,0.01,8,38314,买盘
14:53:49,47.89,-0.01,46,220334,卖盘
14:53:50,47.84,-0.05,34,162836,卖盘
14:53:54,47.88,0.04,58,277814,中性盘
14:53:57,47.84,-0.04,5,23932,中性盘
14:54:00,47.84,0.0,35,167618,卖盘
14:54:03,47.9,0.06,33,158058,买盘
14:54:07,47.85,-0.05,128,613110,中性盘
14:54:09,47.85,0.0,7,33501,卖盘
14:54:13,47.84,-0.01,57,272909,卖盘
14:54:15,47.92,0.08,9,43120,买盘
14:54:18,48.0,0.08,47,225568,买盘
14:54:20,48.0,0.0,1,4800,卖盘
14:54:24,48.0,0.0,46,220807,卖盘
14:54:27,48.0,0.0,30,144072,卖盘
14:54:30,48.0,0.0,17,81617,卖盘
14:54:33,48.03,0.03,7,33621,买盘
14:54:37,48.02,-0.01,1,4802,中性盘
14:54:42,48.0,-0.02,9,43205,卖盘
14:54:45,48.04,0.04,10,48040,买盘
14:54:47,48.0,-0.04,10,48000,卖盘
14:54:50,48.0,0.0,34,163236,卖盘
14:54:54,48.0,0.0,4,19200,买盘
14:54:57,48.0,0.0,1,4800,卖盘
14:55:00,48.0,0.0,9,43200,卖盘
14:55:03,48.0,0.0,1,4800,买盘
14:55:06,48.0,0.0,6,28803,中性盘
14:55:10,48.0,0.0,25,120000,买盘
14:55:15,48.03,0.03,5,24015,买盘
14:55:22,48.0,-0.03,5,24002,卖盘
14:55:24,48.01,0.01,14,67222,卖盘
14:55:27,48.01,0.0,20,96043,卖盘
14:55:30,48.01,0.0,10,48010,卖盘
14:55:33,48.01,0.0,1,4801,卖盘
14:55:35,48.04,0.03,19,91265,买盘
14:55:39,48.03,-0.01,6,28816,买盘
14:55:45,48.04,0.01,10,48040,买盘
14:55:48,48.04,0.0,80,384288,买盘
14:55:50,48.03,-0.01,7,33626,中性盘
14:55:57,48.03,0.0,10,48030,买盘
14:56:00,48.0,-0.03,4,19204,卖盘
14:56:03,48.03,0.03,11,52845,卖盘
14:56:07,48.01,-0.02,15,72052,卖盘
14:56:09,48.01,0.0,1,4801,买盘
14:56:15,48.01,0.0,11,52809,买盘
14:56:18,48.03,0.02,2,9606,买盘
14:56:22,48.03,0.0,1,4803,买盘
14:56:24,48.02,-0.01,11,52807,卖盘
14:56:27,48.04,0.02,1,4804,买盘
14:56:30,48.01,-0.03,3,14403,卖盘
14:56:33,48.01,0.0,7,33607,卖盘
14:56:37,48.01,0.0,16,76837,卖盘
14:56:40,48.06,0.05,12,57664,买盘
14:56:43,48.05,-0.01,4,19219,买盘
14:56:45,48.05,0.0,1,4805,买盘
14:56:48,48.06,0.01,6,28834,买盘
14:56:52,48.04,-0.02,31,148906,卖盘
14:56:54,48.04,0.0,5,24020,卖盘
14:56:57,48.08,0.04,2,9616,买盘
15:00:04,48.04,-0.04,308,1479632,卖盘
