time,price,change,volume,amount,type
09:25:04,47.78,-0.26,104,496912,卖盘
09:30:00,47.8,0.02,16,76452,买盘
09:30:03,47.77,-0.03,19,90504,中性盘
09:30:05,47.7,-0.07,51,243486,中性盘
09:30:09,47.7,0.0,36,171690,买盘
09:30:12,47.63,-0.07,38,181112,卖盘
09:30:15,47.7,0.07,82,391027,买盘
09:30:18,47.63,-0.07,12,57140,中性盘
09:30:20,47.63,0.0,19,90442,买盘
09:30:24,47.68,0.05,15,71376,买盘
09:30:26,47.73,0.05,6,28631,买盘
09:30:30,47.61,-0.12,66,314295,卖盘
09:30:33,47.73,0.12,7,33387,买盘
09:30:35,47.74,0.01,59,281497,买盘
09:30:38,47.7,-0.04,5,23856,卖盘
09:30:42,47.61,-0.09,18,85876,卖盘
09:30:45,47.6,-0.01,9,42862,卖盘
09:30:48,47.6,0.0,1,4760,卖盘
09:30:51,47.61,0.01,5,23820,中性盘
09:30:54,47.76,0.15,2,9537,买盘
09:30:57,47.62,-0.14,13,61906,买盘
09:31:00,47.62,0.0,15,71444,买盘
09:31:03,47.75,0.13,1,4775,买盘
09:31:06,47.77,0.02,21,100197,买盘
09:31:09,47.76,-0.01,19,90536,中性盘
09:31:12,47.62,-0.14,6,28642,卖盘
09:31:15,47.75,0.13,14,66848,买盘
09:31:18,47.73,-0.02,10,47744,中性盘
09:31:21,47.69,-0.04,3,14313,中性盘
09:31:24,47.68,-0.01,18,85845,卖盘
09:31:27,47.63,-0.05,15,71447,买盘
09:31:30,47.68,0.05,27,128730,买盘
09:31:33,47.68,0.0,19,90580,买盘
09:31:35,47.68,0.0,20,95324,买盘
09:31:39,47.65,-0.03,30,143019,卖盘
09:31:42,47.65,0.0,3,14295,卖盘
09:31:45,47.65,0.0,17,81007,卖盘
09:31:48,47.63,-0.02,46,219186,卖盘
09:31:51,47.62,-0.01,48,228628,卖盘
09:31:53,47.65,0.03,2,9530,买盘
09:31:57,47.63,-0.02,38,180969,买盘
09:32:00,47.62,-0.01,19,90490,卖盘
09:32:02,47.63,0.01,23,109529,买盘
09:32:05,47.61,-0.02,38,180936,卖盘
09:32:09,47.6,-0.01,41,195202,卖盘
09:32:12,47.6,0.0,10,47623,卖盘
09:32:15,47.55,-0.05,22,104685,卖盘
09:32:18,47.56,0.01,76,361858,中性盘
09:32:21,47.62,0.06,2,9524,中性盘
09:32:24,47.55,-0.07,20,95125,卖盘
09:32:27,47.62,0.07,2,9524,买盘
09:32:30,47.62,0.0,4,19027,中性盘
09:32:33,47.62,0.0,7,33334,买盘
09:32:36,47.62,0.0,8,38096,买盘
09:32:39,47.62,0.0,3,14278,买盘
09:32:42,47.61,-0.01,4,19046,买盘
09:32:45,47.61,0.0,10,47617,卖盘
09:32:48,47.59,-0.02,67,318858,卖盘
09:32:51,47.59,0.0,8,38072,买盘
09:32:54,47.59,0.0,39,185533,买盘
09:32:56,47.59,0.0,1,4759,买盘
09:33:00,47.55,-0.04,10,47560,卖盘
09:33:02,47.59,0.04,17,80902,买盘
09:33:05,47.59,0.0,7,33293,买盘
09:33:09,47.55,-0.04,30,142654,卖盘
09:33:18,47.56,0.01,7,33292,卖盘
09:33:21,47.61,0.05,22,104624,买盘
09:33:24,47.56,-0.05,15,71338,卖盘
09:33:27,47.56,0.0,75,356680,买盘
09:33:30,47.56,0.0,61,290116,卖盘
09:33:33,47.54,-0.02,69,328026,卖盘
09:33:36,47.55,0.01,50,237745,买盘
09:33:39,47.54,-0.01,26,123613,卖盘
09:33:42,47.55,0.01,1,4755,中性盘
09:33:45,47.54,-0.01,12,57048,卖盘
09:33:48,47.54,0.0,32,152142,卖盘
09:33:51,47.55,0.01,1,4755,买盘
09:33:54,47.55,0.0,1,4755,卖盘
09:33:57,47.56,0.01,58,275761,买盘
09:34:00,47.55,-0.01,12,57070,中性盘
09:34:03,47.55,0.0,19,90329,买盘
09:34:05,47.56,0.01,7,33287,中性盘
09:34:09,47.55,-0.01,9,42797,中性盘
09:34:13,47.54,-0.01,26,123619,卖盘
09:34:15,47.55,0.01,24,114104,买盘
09:34:18,47.55,0.0,18,85577,买盘
09:34:21,47.53,-0.02,51,242424,卖盘
09:34:23,47.55,0.02,40,190200,买盘
09:34:27,47.56,0.01,16,76082,买盘
09:34:30,47.56,0.0,6,28536,买盘
09:34:33,47.57,0.01,10,47561,买盘
09:34:39,47.57,0.0,6,28541,买盘
09:34:42,47.57,0.0,15,71344,买盘
09:34:45,47.55,-0.02,57,271062,卖盘
09:34:48,47.54,-0.01,4,19016,卖盘
09:34:51,47.53,-0.01,13,61791,卖盘
09:34:53,47.53,0.0,74,351786,卖盘
09:34:58,47.55,0.02,63,299445,买盘
09:35:00,47.5,-0.05,36,171031,卖盘
09:35:03,47.5,0.0,61,289754,卖盘
09:35:06,47.48,-0.02,56,265952,卖盘
09:35:09,47.45,-0.03,34,161380,卖盘
09:35:12,47.47,0.02,21,99653,买盘
09:35:15,47.4,-0.07,25,118620,卖盘
09:35:18,47.4,0.0,9,42664,卖盘
09:35:21,47.4,0.0,11,52150,卖盘
09:35:23,47.38,-0.02,4,18957,卖盘
09:35:27,47.36,-0.02,31,146856,卖盘
09:35:30,47.36,0.0,16,75787,卖盘
09:35:33,47.35,-0.01,5,23675,卖盘
09:35:36,47.31,-0.04,36,170344,卖盘
09:35:39,47.31,0.0,13,61503,卖盘
09:35:42,47.28,-0.03,46,217539,卖盘
09:35:45,47.3,0.02,16,75654,买盘
09:35:48,47.3,0.0,32,151224,买盘
09:35:51,47.28,-0.02,15,70850,中性盘
09:35:54,47.3,0.02,37,175004,买盘
09:35:57,47.29,-0.01,16,75662,中性盘
09:36:00,47.22,-0.07,70,330727,卖盘
09:36:03,47.28,0.06,25,118104,中性盘
09:36:07,47.28,0.0,33,155954,买盘
09:36:09,47.22,-0.06,10,47228,卖盘
09:36:13,47.23,0.01,19,89743,卖盘
09:36:15,47.22,-0.01,11,51945,卖盘
09:36:18,47.22,0.0,35,165262,卖盘
09:36:21,47.22,0.0,8,37784,买盘
09:36:24,47.23,0.01,45,212515,买盘
09:36:27,47.21,-0.02,76,358810,卖盘
09:36:30,47.24,0.03,5,23624,卖盘
09:36:33,47.22,-0.02,137,647047,卖盘
09:36:37,47.23,0.01,15,70823,买盘
09:36:39,47.2,-0.03,83,391870,卖盘
09:36:43,47.23,0.03,25,118210,中性盘
09:36:45,47.24,0.01,25,118030,买盘
09:36:48,47.3,0.06,4,18902,买盘
09:36:51,47.37,0.07,11,52093,买盘
09:36:54,47.37,0.0,1,4737,买盘
09:36:58,47.25,-0.12,46,217324,卖盘
09:37:00,47.26,0.01,8,37802,中性盘
09:37:03,47.3,0.04,5,23645,买盘
09:37:06,47.25,-0.05,6,28350,卖盘
09:37:10,47.25,0.0,22,103955,卖盘
09:37:13,47.28,0.03,18,85077,中性盘
09:37:15,47.25,-0.03,13,61421,卖盘
09:37:18,47.25,0.0,22,103938,买盘
09:37:21,47.25,0.0,41,193780,买盘
09:37:24,47.25,0.0,18,85070,卖盘
09:37:28,47.3,0.05,21,99314,买盘
09:37:33,47.3,0.0,17,80350,买盘
09:37:36,47.3,0.0,19,89870,买盘
09:37:40,47.25,-0.05,84,396928,卖盘
09:37:43,47.4,0.15,27,127785,买盘
09:37:45,47.3,-0.1,22,103984,中性盘
09:37:48,47.27,-0.03,2,9454,卖盘
09:37:51,47.3,0.03,6,28372,买盘
09:37:58,47.3,0.0,2,9460,卖盘
09:38:00,47.38,0.08,19,90056,买盘
09:38:03,47.33,-0.05,1,4733,中性盘
09:38:06,47.3,-0.03,18,85170,卖盘
09:38:10,47.38,0.08,14,66332,中性盘
09:38:13,47.38,0.0,8,37929,卖盘
09:38:15,47.3,-0.08,86,406858,卖盘
09:38:18,47.29,-0.01,18,85138,卖盘
09:38:21,47.28,-0.01,19,89847,卖盘
09:38:24,47.31,0.03,3,14193,卖盘
09:38:28,47.29,-0.02,10,47293,卖盘
09:38:30,47.38,0.09,21,99526,买盘
09:38:33,47.28,-0.1,36,170321,卖盘
09:38:36,47.29,0.01,5,23641,买盘
09:38:40,47.3,0.01,6,28384,中性盘
09:38:42,47.3,0.0,1,4730,卖盘
09:38:45,47.55,0.25,66,313018,买盘
09:38:48,47.35,-0.2,1,4735,中性盘
09:38:51,47.3,-0.05,22,104125,卖盘
09:38:55,47.32,0.02,45,213094,中性盘
09:38:58,47.53,0.21,10,47386,买盘
09:39:00,47.37,-0.16,62,294478,中性盘
09:39:03,47.44,0.07,1,4744,买盘
09:39:06,47.32,-0.12,11,52124,卖盘
09:39:10,47.33,0.01,3,14201,卖盘
09:39:13,47.54,0.21,38,180653,买盘
09:39:18,47.36,-0.18,5,23680,卖盘
09:39:21,47.53,0.17,3,14259,买盘
09:39:28,47.53,0.0,13,61787,买盘
09:39:33,47.51,-0.02,24,114064,卖盘
09:39:36,47.51,0.0,18,85555,卖盘
09:39:40,47.55,0.04,53,251963,买盘
09:39:45,47.55,0.0,70,332782,买盘
09:39:49,47.56,0.01,8,38065,中性盘
09:39:51,47.56,0.0,1,4756,中性盘
09:39:54,47.55,-0.01,10,47550,卖盘
09:39:58,47.6,0.05,5,23800,买盘
09:40:00,47.6,0.0,9,42832,买盘
09:40:04,47.6,0.0,1,4760,买盘
09:40:06,47.54,-0.06,8,38039,卖盘
09:40:10,47.59,0.05,43,204402,买盘
09:40:13,47.59,0.0,4,19023,买盘
09:40:15,47.43,-0.16,20,95008,卖盘
09:40:21,47.49,0.06,107,508543,中性盘
09:40:24,47.51,0.02,11,52279,卖盘
09:40:28,47.44,-0.07,4,18973,中性盘
09:40:30,47.48,0.04,27,128157,买盘
09:40:34,47.45,-0.03,1,4745,买盘
09:40:36,47.54,0.09,102,484808,买盘
09:40:40,47.51,-0.03,3,14253,卖盘
09:40:42,47.51,0.0,1,4751,买盘
09:40:45,47.46,-0.05,10,47460,中性盘
09:40:48,47.46,0.0,17,80682,买盘
09:40:54,47.53,0.07,23,109275,买盘
09:40:57,47.54,0.01,4,19014,买盘
09:41:00,47.51,-0.03,12,57012,卖盘
09:41:04,47.54,0.03,19,90322,中性盘
09:41:06,47.58,0.04,14,66587,买盘
09:41:09,47.59,0.01,16,76128,买盘
09:41:13,47.57,-0.02,22,104678,卖盘
09:41:15,47.57,0.0,13,61841,买盘
09:41:18,47.6,0.03,20,95125,买盘
09:41:21,47.6,0.0,6,28560,买盘
09:41:24,47.6,0.0,6,28570,卖盘
09:41:28,47.6,0.0,5,23804,卖盘
09:41:30,47.61,0.01,21,99974,买盘
09:41:33,47.62,0.01,4,19048,买盘
09:41:36,47.63,0.01,40,190479,买盘
09:41:39,47.6,-0.03,7,33338,卖盘
09:41:43,47.6,0.0,7,33320,卖盘
09:41:45,47.6,0.0,29,138040,卖盘
09:41:49,47.5,-0.1,102,484624,卖盘
09:41:51,47.5,0.0,33,156748,买盘
09:41:55,47.45,-0.05,18,85454,卖盘
09:42:00,47.45,0.0,2,9490,卖盘
09:42:04,47.45,0.0,60,284850,卖盘
09:42:06,47.5,0.05,15,71250,买盘
09:42:09,47.49,-0.01,11,52239,买盘
09:42:13,47.49,0.0,19,90163,买盘
09:42:19,47.52,0.03,2,9504,买盘
09:42:21,47.52,0.0,1,4752,中性盘
09:42:27,47.48,-0.04,22,104430,买盘
09:42:30,47.5,0.02,6,28500,卖盘
09:42:33,47.45,-0.05,22,104426,卖盘
09:42:36,47.52,0.07,17,80719,买盘
09:42:45,47.52,0.0,27,131337,买盘
09:42:48,47.55,0.03,30,142568,买盘
09:42:51,47.52,-0.03,17,80784,卖盘
09:42:55,47.52,0.0,11,52272,卖盘
09:42:58,47.53,0.01,5,23762,买盘
09:43:00,47.58,0.05,16,76038,买盘
09:43:04,47.51,-0.07,11,52262,买盘
09:43:06,47.51,0.0,17,80768,卖盘
09:43:12,47.5,-0.01,3,11162,买盘
09:43:15,47.51,0.01,10,47510,买盘
09:43:18,47.51,0.0,8,38007,买盘
09:43:21,47.5,-0.01,2,9500,卖盘
09:43:25,47.5,0.0,2,9500,卖盘
09:43:28,47.5,0.0,28,133000,卖盘
09:43:30,47.51,0.01,1,4751,买盘
09:43:33,47.5,-0.01,1,4750,卖盘
09:43:36,47.5,0.0,20,95003,卖盘
09:43:40,47.51,0.01,17,80766,买盘
09:43:43,47.52,0.01,2,9499,卖盘
09:43:45,47.45,-0.07,12,56948,卖盘
09:43:48,47.45,0.0,6,28471,卖盘
09:43:51,47.45,0.0,7,33215,卖盘
09:43:55,47.46,0.01,20,94910,中性盘
09:43:58,47.45,-0.01,21,99646,卖盘
09:44:00,47.44,-0.01,12,56938,卖盘
09:44:03,47.4,-0.04,14,66380,卖盘
09:44:13,47.4,0.0,5,23700,卖盘
09:44:15,47.39,-0.01,1,4739,卖盘
09:44:19,47.39,0.0,2,9478,卖盘
09:44:21,47.4,0.01,2,9480,中性盘
09:44:24,47.4,0.0,3,14227,卖盘
09:44:28,47.44,0.04,5,23720,买盘
09:44:30,47.4,-0.04,1,4740,卖盘
09:44:33,47.45,0.05,51,241741,买盘
09:44:36,47.45,0.0,8,37935,买盘
09:44:40,47.4,-0.05,1,4740,卖盘
09:44:43,47.38,-0.02,15,71070,卖盘
09:44:49,47.4,0.02,33,156374,买盘
09:44:51,47.4,0.0,15,71100,买盘
09:44:58,47.45,0.05,22,104295,买盘
09:45:00,47.4,-0.05,39,184875,卖盘
09:45:04,47.39,-0.01,20,94798,卖盘
09:45:06,47.38,-0.01,5,23694,卖盘
09:45:10,47.38,0.0,21,99433,卖盘
09:45:13,47.34,-0.04,3,14202,中性盘
09:45:15,47.34,0.0,10,47340,卖盘
09:45:18,47.33,-0.01,7,33137,卖盘
09:45:21,47.32,-0.01,27,127769,卖盘
09:45:24,47.34,0.02,13,61514,买盘
09:45:28,47.33,-0.01,3,14198,买盘
09:45:30,47.3,-0.03,12,56766,卖盘
09:45:33,47.34,0.04,17,80437,买盘
09:45:36,47.29,-0.05,3,14194,卖盘
09:45:43,47.34,0.05,20,94592,买盘
09:45:46,47.3,-0.04,7,33119,中性盘
09:45:49,47.3,0.0,43,203373,买盘
09:45:55,47.34,0.04,6,28404,买盘
09:45:57,47.3,-0.04,10,47300,卖盘
09:46:00,47.3,0.0,49,231775,卖盘
09:46:03,47.3,0.0,6,28380,买盘
09:46:06,47.28,-0.02,48,227004,卖盘
09:46:09,47.3,0.02,19,89870,买盘
09:46:13,47.29,-0.01,19,89880,卖盘
09:46:15,47.33,0.04,1,4733,买盘
09:46:18,47.34,0.01,19,89946,买盘
09:46:21,47.38,0.04,3,14213,买盘
09:46:24,47.3,-0.08,11,52060,卖盘
09:46:27,47.4,0.1,6,28435,买盘
09:46:30,47.31,-0.09,19,89910,卖盘
09:46:34,47.38,0.07,5,23662,中性盘
09:46:36,47.39,0.01,10,47349,买盘
09:46:40,47.39,0.0,8,37913,卖盘
09:46:43,47.39,0.0,5,23695,卖盘
09:46:45,47.38,-0.01,5,23693,中性盘
09:46:49,47.38,0.0,3,14214,卖盘
09:46:51,47.3,-0.08,130,615201,卖盘
09:46:54,47.39,0.09,78,369000,买盘
09:46:57,47.31,-0.08,37,175271,卖盘
09:47:00,47.39,0.08,27,127982,中性盘
09:47:04,47.3,-0.09,12,56777,卖盘
09:47:06,47.3,0.0,9,42585,卖盘
09:47:09,47.31,0.01,2,9462,买盘
09:47:13,47.31,0.0,2,9462,卖盘
09:47:15,47.29,-0.02,11,52030,卖盘
09:47:18,47.3,0.01,29,137140,买盘
09:47:21,47.29,-0.01,11,52016,卖盘
09:47:24,47.28,-0.01,11,52019,卖盘
09:47:28,47.28,0.0,4,18914,卖盘
09:47:31,47.28,0.0,12,56736,卖盘
09:47:34,47.27,-0.01,14,66184,卖盘
09:47:36,47.29,0.02,7,33100,买盘
09:47:39,47.29,0.0,9,42557,卖盘
09:47:43,47.27,-0.02,54,255272,卖盘
09:47:45,47.27,0.0,7,33089,买盘
09:47:48,47.27,0.0,120,567216,买盘
09:47:51,47.27,0.0,20,94544,卖盘
09:47:54,47.26,-0.01,9,42539,卖盘
09:47:58,47.26,0.0,37,174843,买盘
09:48:00,47.26,0.0,6,28361,卖盘
09:48:03,47.26,0.0,30,141781,卖盘
09:48:06,47.27,0.01,31,146536,买盘
09:48:09,47.26,-0.01,33,155964,卖盘
09:48:13,47.26,0.0,14,66154,买盘
09:48:15,47.26,0.0,151,713415,买盘
09:48:18,47.26,0.0,18,85068,买盘
09:48:22,47.26,0.0,28,132352,卖盘
09:48:25,47.29,0.03,2,9455,买盘
09:48:28,47.27,-0.02,5,23635,买盘
09:48:30,47.27,0.0,8,37816,买盘
09:48:34,47.26,-0.01,44,207973,卖盘
09:48:36,47.27,0.01,1,4727,卖盘
09:48:40,47.27,0.0,16,75627,卖盘
09:48:43,47.27,0.0,8,37816,买盘
09:48:45,47.26,-0.01,11,51995,卖盘
09:48:48,47.28,0.02,6,28368,卖盘
09:48:51,47.39,0.11,3,14195,买盘
09:48:55,47.28,-0.11,5,23640,卖盘
09:49:00,47.4,0.12,31,146928,买盘
09:49:04,47.28,-0.12,41,194296,卖盘
09:49:06,47.4,0.12,24,113737,买盘
09:49:13,47.28,-0.12,21,99488,卖盘
09:49:16,47.33,0.05,7,33131,买盘
09:49:18,47.28,-0.05,9,42552,卖盘
09:49:24,47.28,0.0,5,23640,卖盘
09:49:28,47.3,0.02,4,18923,卖盘
09:49:30,47.33,0.03,13,61534,买盘
09:49:33,47.33,0.0,6,28413,卖盘
09:49:39,47.34,0.01,5,23667,中性盘
09:49:45,47.38,0.04,13,61554,买盘
09:49:49,47.34,-0.04,8,37900,卖盘
09:49:55,47.38,0.04,5,23689,买盘
09:49:58,47.34,-0.04,3,14206,卖盘
09:50:00,47.34,0.0,9,42606,卖盘
09:50:06,47.35,0.01,2,9470,卖盘
09:50:09,47.35,0.0,35,165714,买盘
09:50:13,47.34,-0.01,14,66281,卖盘
09:50:15,47.3,-0.04,32,151426,卖盘
09:50:19,47.28,-0.02,85,401949,卖盘
09:50:21,47.28,0.0,27,127656,卖盘
09:50:24,47.28,0.0,26,122930,卖盘
09:50:28,47.28,0.0,3,14184,卖盘
09:50:30,47.3,0.02,18,85140,中性盘
09:50:36,47.3,0.0,27,127750,卖盘
09:50:39,47.36,0.06,3,14203,买盘
09:50:43,47.33,-0.03,6,28383,买盘
09:50:45,47.28,-0.05,54,255312,卖盘
09:50:48,47.29,0.01,22,104025,买盘
09:50:51,47.38,0.09,23,108810,买盘
09:50:54,47.38,0.0,9,42642,卖盘
09:50:57,47.38,0.0,5,23697,卖盘
09:51:00,47.36,-0.02,4,18948,卖盘
09:51:03,47.38,0.02,1,4738,买盘
09:51:06,47.4,0.02,25,118467,买盘
09:51:10,47.4,0.0,1,4740,卖盘
09:51:13,47.4,0.0,13,61620,卖盘
09:51:15,47.4,0.0,7,33180,卖盘
09:51:18,47.42,0.02,6,28443,买盘
09:51:21,47.4,-0.02,3,14220,卖盘
09:51:24,47.4,0.0,15,71100,卖盘
09:51:28,47.42,0.02,21,99581,卖盘
09:51:33,47.38,-0.04,13,61604,卖盘
09:51:36,47.38,0.0,2,9477,卖盘
09:51:39,47.38,0.0,5,23690,卖盘
09:51:45,47.39,0.01,6,28429,买盘
09:51:54,47.38,-0.01,3,14214,卖盘
09:51:57,47.38,0.0,2,9476,卖盘
09:52:06,47.37,-0.01,5,23685,卖盘
09:52:09,47.38,0.01,4,18955,中性盘
09:52:13,47.38,0.0,1,4738,卖盘
09:52:16,47.37,-0.01,4,18951,卖盘
09:52:18,47.37,0.0,2,9474,买盘
09:52:21,47.37,0.0,7,33165,中性盘
09:52:25,47.37,0.0,5,23684,买盘
09:52:30,47.39,0.02,7,33169,买盘
09:52:33,47.37,-0.02,5,23692,卖盘
09:52:36,47.38,0.01,9,42647,中性盘
09:52:39,47.37,-0.01,15,71077,卖盘
09:52:42,47.39,0.02,1,4739,中性盘
09:52:46,47.38,-0.01,11,52128,中性盘
09:52:48,47.38,0.0,1,4738,中性盘
09:52:51,47.37,-0.01,4,18950,卖盘
09:52:54,47.37,0.0,3,14211,卖盘
09:52:58,47.38,0.01,6,28424,买盘
09:53:01,47.37,-0.01,17,80529,卖盘
09:53:03,47.37,0.0,24,113688,卖盘
09:53:06,47.38,0.01,18,85271,买盘
09:53:09,47.37,-0.01,11,52118,卖盘
09:53:12,47.38,0.01,2,9476,中性盘
09:53:18,47.38,0.0,3,14214,卖盘
09:53:21,47.38,0.0,10,47380,卖盘
09:53:24,47.38,0.0,1,4738,卖盘
09:53:28,47.38,0.0,10,47380,卖盘
09:53:30,47.38,0.0,5,23690,卖盘
09:53:36,47.39,0.01,3,14217,中性盘
09:53:39,47.39,0.0,8,37939,卖盘
09:53:42,47.43,0.04,6,28453,买盘
09:53:45,47.43,0.0,8,37935,买盘
09:53:48,47.42,-0.01,2,9484,中性盘
09:53:51,47.4,-0.02,4,18958,中性盘
09:53:57,47.39,-0.01,5,23698,卖盘
09:54:00,47.39,0.0,13,61649,卖盘
09:54:03,47.4,0.01,10,47400,买盘
09:54:06,47.4,0.0,12,56869,卖盘
09:54:09,47.43,0.03,6,28450,买盘
09:54:13,47.4,-0.03,4,18960,卖盘
09:54:16,47.4,0.0,10,47400,卖盘
09:54:19,47.38,-0.02,101,478581,卖盘
09:54:21,47.4,0.02,1,4740,中性盘
09:54:25,47.37,-0.03,44,208549,卖盘
09:54:28,47.38,0.01,6,28428,卖盘
09:54:30,47.37,-0.01,1,4737,卖盘
09:54:33,47.37,0.0,7,33159,卖盘
09:54:36,47.37,0.0,5,23684,卖盘
09:54:39,47.38,0.01,38,180031,买盘
09:54:43,47.4,0.02,3,14218,买盘
09:54:46,47.38,-0.02,18,85324,卖盘
09:54:48,47.38,0.0,6,28449,卖盘
09:54:51,47.4,0.02,16,75840,中性盘
09:54:54,47.4,0.0,5,23701,卖盘
09:54:58,47.42,0.02,4,18967,卖盘
09:55:06,47.41,-0.01,12,56897,卖盘
09:55:10,47.41,0.0,12,56896,卖盘
09:55:12,47.41,0.0,3,15749,卖盘
09:55:16,47.41,0.0,17,80597,卖盘
09:55:18,47.44,0.03,1,4744,中性盘
09:55:21,47.44,0.0,29,137576,卖盘
09:55:25,47.44,0.0,6,28464,卖盘
09:55:30,47.44,0.0,8,37952,卖盘
09:55:34,47.51,0.07,1,4751,买盘
09:55:36,47.45,-0.06,1,4745,卖盘
09:55:43,47.45,0.0,2,9490,卖盘
09:55:46,47.46,0.01,4,18986,中性盘
09:55:49,47.44,-0.02,12,56928,卖盘
09:55:55,47.44,0.0,14,66416,卖盘
09:55:58,47.44,0.0,20,94863,买盘
09:56:00,47.43,-0.01,11,52173,卖盘
09:56:03,47.41,-0.02,8,37936,卖盘
09:56:06,47.4,-0.01,5,23700,卖盘
09:56:09,47.4,0.0,38,180134,卖盘
09:56:12,47.4,0.0,19,90069,卖盘
09:56:16,47.4,0.0,5,23703,卖盘
09:56:18,47.38,-0.02,10,47380,卖盘
09:56:21,47.38,0.0,8,37902,卖盘
09:56:24,47.37,-0.01,14,66319,卖盘
09:56:27,47.37,0.0,4,18948,买盘
09:56:30,47.36,-0.01,28,132611,卖盘
09:56:34,47.35,-0.01,4,18940,卖盘
09:56:36,47.35,0.0,10,47350,卖盘
09:56:39,47.34,-0.01,11,52092,卖盘
09:56:43,47.34,0.0,3,14202,卖盘
09:56:45,47.34,0.0,1,4734,卖盘
09:56:48,47.34,0.0,2,9468,卖盘
09:56:51,47.34,0.0,14,66290,卖盘
09:56:54,47.33,-0.01,9,42604,卖盘
09:57:00,47.33,0.0,1,4733,卖盘
09:57:03,47.33,0.0,14,66262,卖盘
09:57:06,47.33,0.0,3,14199,卖盘
09:57:10,47.32,-0.01,13,61526,卖盘
09:57:13,47.33,0.01,3,14198,中性盘
09:57:18,47.32,-0.01,3,14196,卖盘
09:57:21,47.33,0.01,8,37862,买盘
09:57:24,47.34,0.01,2,9468,中性盘
09:57:27,47.33,-0.01,4,18933,卖盘
09:57:31,47.33,0.0,4,18934,卖盘
09:57:36,47.33,0.0,8,37868,卖盘
09:57:40,47.33,0.0,2,9466,卖盘
09:57:43,47.33,0.0,123,582159,卖盘
09:57:45,47.32,-0.01,7,33130,卖盘
09:57:49,47.31,-0.01,24,113558,卖盘
09:57:54,47.32,0.01,3,14196,买盘
09:57:57,47.31,-0.01,10,47310,卖盘
09:58:01,47.32,0.01,1,4732,买盘
09:58:03,47.31,-0.01,6,28386,卖盘
09:58:06,47.31,0.0,6,28386,卖盘
09:58:10,47.3,-0.01,12,56764,卖盘
09:58:12,47.3,0.0,11,52030,卖盘
09:58:16,47.3,0.0,2,9460,卖盘
09:58:18,47.3,0.0,2,9460,卖盘
09:58:21,47.3,0.0,9,42570,卖盘
09:58:24,47.3,0.0,18,85140,卖盘
09:58:28,47.29,-0.01,66,312144,卖盘
09:58:31,47.28,-0.01,1,4728,卖盘
09:58:34,47.28,0.0,21,99288,卖盘
09:58:36,47.28,0.0,5,23643,卖盘
09:58:40,47.28,0.0,13,61464,卖盘
09:58:42,47.3,0.02,7,33110,买盘
09:58:48,47.28,-0.02,21,99328,卖盘
09:58:51,47.31,0.03,23,108808,买盘
09:58:55,47.3,-0.01,3,14190,卖盘
09:58:58,47.29,-0.01,15,70941,卖盘
09:59:00,47.3,0.01,1,4730,买盘
09:59:03,47.29,-0.01,3,14187,卖盘
09:59:06,47.29,0.0,11,52024,卖盘
09:59:10,47.3,0.01,13,61490,买盘
09:59:12,47.3,0.0,4,18917,买盘
09:59:15,47.29,-0.01,5,23645,卖盘
09:59:18,47.29,0.0,6,28374,卖盘
09:59:21,47.3,0.01,11,52014,买盘
09:59:24,47.29,-0.01,3,14187,卖盘
09:59:28,47.31,0.02,50,238251,买盘
09:59:30,47.31,0.0,7,33117,买盘
09:59:33,47.3,-0.01,19,89870,卖盘
09:59:36,47.3,0.0,2,9460,卖盘
09:59:39,47.3,0.0,1,4730,中性盘
09:59:43,47.3,0.0,24,113507,买盘
09:59:45,47.3,0.0,3,14190,买盘
09:59:48,47.29,-0.01,7,33103,卖盘
09:59:51,47.3,0.01,8,37840,买盘
09:59:54,47.29,-0.01,1,4729,买盘
09:59:58,47.29,0.0,8,37832,买盘
10:00:00,47.29,0.0,2,9459,卖盘
10:00:03,47.3,0.01,1,4730,买盘
10:00:10,47.3,0.0,5,23647,买盘
10:00:13,47.28,-0.02,100,472818,卖盘
10:00:16,47.28,0.0,2,9456,买盘
10:00:18,47.27,-0.01,50,236360,卖盘
10:00:21,47.26,-0.01,56,264665,卖盘
10:00:24,47.26,0.0,8,37811,卖盘
10:00:28,47.26,0.0,17,80332,卖盘
10:00:30,47.25,-0.01,8,37800,卖盘
10:00:33,47.26,0.01,9,42534,买盘
10:00:37,47.25,-0.01,3,14177,卖盘
10:00:40,47.26,0.01,6,28354,买盘
10:00:43,47.27,0.01,30,141809,买盘
10:00:45,47.29,0.02,15,70932,买盘
10:00:51,47.28,-0.01,2,9456,卖盘
10:00:54,47.28,0.0,1,4728,卖盘
10:00:58,47.24,-0.04,400,1889886,卖盘
10:01:01,47.28,0.04,21,99285,卖盘
10:01:03,47.23,-0.05,31,146436,卖盘
10:01:06,47.23,0.0,28,132243,买盘
10:01:10,47.23,0.0,6,28333,买盘
10:01:12,47.22,-0.01,1,4722,卖盘
10:01:15,47.2,-0.02,300,1416087,卖盘
10:01:18,47.22,0.02,17,80285,买盘
10:01:21,47.22,0.0,61,287932,买盘
10:01:28,47.19,-0.03,2,9438,卖盘
10:01:30,47.19,0.0,4,18877,卖盘
10:01:33,47.23,0.04,33,155848,买盘
10:01:36,47.23,0.0,1,4723,卖盘
10:01:43,47.24,0.01,16,75573,买盘
10:01:45,47.23,-0.01,2,9446,卖盘
10:01:48,47.23,0.0,1,4723,卖盘
10:01:51,47.24,0.01,4,18895,中性盘
10:01:55,47.24,0.0,4,18896,卖盘
10:01:58,47.25,0.01,7,33073,买盘
10:02:01,47.25,0.0,11,51975,买盘
10:02:03,47.25,0.0,14,66156,卖盘
10:02:06,47.28,0.03,3,14176,买盘
10:02:13,47.28,0.0,302,1426210,买盘
10:02:18,47.28,0.0,62,292825,买盘
10:02:21,47.28,0.0,9,42550,卖盘
10:02:24,47.26,-0.02,3,14180,卖盘
10:02:28,47.28,0.02,5,23640,买盘
10:02:33,47.28,0.0,8,37836,买盘
10:02:39,47.29,0.01,3,14187,中性盘
10:02:42,47.29,0.0,7,33103,买盘
10:02:46,47.27,-0.02,10,47273,卖盘
10:02:48,47.29,0.02,1,4729,中性盘
10:02:51,47.29,0.0,21,99290,买盘
10:02:54,47.28,-0.01,5,23642,中性盘
10:02:58,47.27,-0.01,20,94543,卖盘
10:03:00,47.31,0.04,28,132445,买盘
10:03:03,47.27,-0.04,17,80364,卖盘
10:03:06,47.28,0.01,4,18909,买盘
10:03:09,47.28,0.0,7,33096,卖盘
10:03:13,47.28,0.0,6,28368,卖盘
10:03:16,47.28,0.0,7,33095,买盘
10:03:18,47.28,0.0,20,94562,卖盘
10:03:21,47.28,0.0,8,37824,卖盘
10:03:24,47.28,0.0,3,14184,卖盘
10:03:28,47.28,0.0,7,33097,卖盘
10:03:30,47.28,0.0,8,37824,卖盘
10:03:33,47.29,0.01,5,23645,买盘
10:03:36,47.28,-0.01,1,4728,卖盘
10:03:40,47.29,0.01,27,127683,买盘
10:03:43,47.29,0.0,46,217542,卖盘
10:03:46,47.29,0.0,5,23647,卖盘
10:03:48,47.27,-0.02,24,113479,卖盘
10:03:52,47.29,0.02,1,4729,卖盘
10:03:54,47.32,0.03,4,18928,买盘
10:03:58,47.29,-0.03,1,4729,卖盘
10:04:01,47.3,0.01,2,9461,中性盘
10:04:07,47.3,0.0,1,4730,卖盘
10:04:10,47.31,0.01,5,23657,买盘
10:04:13,47.31,0.0,1,4731,卖盘
10:04:18,47.33,0.02,3,14195,买盘
10:04:21,47.31,-0.02,27,127748,卖盘
10:04:24,47.33,0.02,5,23659,买盘
10:04:30,47.33,0.0,2,9466,买盘
10:04:33,47.33,0.0,3,14198,买盘
10:04:37,47.33,0.0,1,4733,买盘
10:04:40,47.32,-0.01,2,9464,卖盘
10:04:48,47.31,-0.01,5,23657,卖盘
10:04:57,47.31,0.0,50,236561,卖盘
10:05:00,47.31,0.0,1,4731,卖盘
10:05:03,47.3,-0.01,13,61494,卖盘
10:05:06,47.31,0.01,3,14193,卖盘
10:05:10,47.31,0.0,2,9462,卖盘
10:05:13,47.3,-0.01,11,52037,卖盘
10:05:16,47.31,0.01,1,4731,卖盘
10:05:24,47.3,-0.01,1,4730,卖盘
10:05:28,47.3,0.0,9,42570,卖盘
10:05:31,47.26,-0.04,68,321592,卖盘
10:05:33,47.29,0.03,17,80393,中性盘
10:05:36,47.29,0.0,13,61477,卖盘
10:05:40,47.3,0.01,4,18918,买盘
10:05:43,47.29,-0.01,1,4729,卖盘
10:05:46,47.3,0.01,12,56759,买盘
10:05:54,47.3,0.0,2,9460,卖盘
10:05:58,47.3,0.0,2,9460,卖盘
10:06:01,47.3,0.0,7,33115,卖盘
10:06:04,47.3,0.0,4,18920,卖盘
10:06:06,47.3,0.0,27,127716,卖盘
10:06:13,47.3,0.0,13,61490,卖盘
10:06:18,47.3,0.0,22,104060,卖盘
10:06:21,47.28,-0.02,4,18918,卖盘
10:06:24,47.26,-0.02,11,52006,卖盘
10:06:34,47.27,0.01,5,23633,买盘
10:06:36,47.26,-0.01,2,9452,卖盘
10:06:39,47.24,-0.02,26,122868,卖盘
10:06:43,47.28,0.04,2,9456,买盘
10:06:51,47.27,-0.01,9,42543,卖盘
10:06:58,47.28,0.01,1,4728,买盘
10:07:00,47.28,0.0,3,14184,买盘
10:07:06,47.27,-0.01,1,4727,卖盘
10:07:10,47.27,0.0,2,9454,卖盘
10:07:13,47.26,-0.01,35,165440,卖盘
10:07:19,47.28,0.02,14,66180,买盘
10:07:25,47.26,-0.02,10,47260,卖盘
10:07:28,47.28,0.02,1,4728,买盘
10:07:31,47.25,-0.03,14,66165,卖盘
10:07:33,47.27,0.02,4,18906,买盘
10:07:37,47.31,0.04,21,99324,买盘
10:07:48,47.3,-0.01,54,255476,买盘
10:07:55,47.3,0.0,47,222395,卖盘
10:07:58,47.31,0.01,1,4731,买盘
10:08:00,47.3,-0.01,3,14192,卖盘
10:08:04,47.31,0.01,2,9462,买盘
10:08:06,47.3,-0.01,6,28383,卖盘
10:08:10,47.34,0.04,2,9468,买盘
10:08:13,47.31,-0.03,1,4731,卖盘
10:08:15,47.31,0.0,1,4731,卖盘
10:08:25,47.31,0.0,3,14193,卖盘
10:08:27,47.31,0.0,24,113524,卖盘
10:08:30,47.34,0.03,31,146709,买盘
10:08:33,47.34,0.0,2,9468,买盘
10:08:36,47.36,0.02,18,85186,买盘
10:08:40,47.35,-0.01,7,33157,卖盘
10:08:42,47.27,-0.08,125,590936,卖盘
10:08:45,47.27,0.0,48,226896,买盘
10:08:48,47.24,-0.03,27,127556,卖盘
10:08:51,47.25,0.01,1,4725,卖盘
10:08:58,47.25,0.0,10,47250,卖盘
10:09:00,47.23,-0.02,22,103936,卖盘
10:09:04,47.22,-0.01,8,37781,卖盘
10:09:10,47.22,0.0,10,47221,卖盘
10:09:15,47.25,0.03,2,9449,买盘
10:09:19,47.22,-0.03,109,514741,卖盘
10:09:25,47.22,0.0,27,127503,卖盘
10:09:28,47.25,0.03,2,9449,买盘
10:09:30,47.24,-0.01,1,4724,中性盘
10:09:34,47.24,0.0,3,14172,买盘
10:09:36,47.22,-0.02,21,99165,卖盘
10:09:40,47.25,0.03,9,42518,买盘
10:09:42,47.24,-0.01,2,9448,卖盘
10:09:45,47.24,0.0,3,14172,卖盘
10:09:51,47.22,-0.02,31,146382,卖盘
10:09:54,47.24,0.02,1,4724,买盘
10:10:00,47.25,0.01,7,33075,买盘
10:10:04,47.25,0.0,7,33069,买盘
10:10:06,47.24,-0.01,12,56690,卖盘
10:10:10,47.25,0.01,3,14174,买盘
10:10:12,47.24,-0.01,22,103928,卖盘
10:10:15,47.25,0.01,19,89758,买盘
10:10:18,47.24,-0.01,14,66137,卖盘
10:10:21,47.24,0.0,10,47240,卖盘
10:10:24,47.23,-0.01,10,47233,卖盘
10:10:28,47.23,0.0,23,108629,卖盘
10:10:30,47.22,-0.01,35,165271,卖盘
10:10:34,47.2,-0.02,661,3121192,卖盘
10:10:36,47.19,-0.01,125,589996,卖盘
10:10:40,47.17,-0.02,126,594434,卖盘
10:10:43,47.15,-0.02,39,183955,卖盘
10:10:45,47.18,0.03,42,198019,买盘
10:10:49,47.15,-0.03,1,4715,中性盘
10:10:51,47.13,-0.02,11,51847,卖盘
10:10:57,47.13,0.0,4,18859,卖盘
10:11:03,47.13,0.0,2,9426,卖盘
10:11:06,47.17,0.04,7,33013,买盘
10:11:10,47.17,0.0,2,9434,卖盘
10:11:12,47.17,0.0,6,28302,卖盘
10:11:15,47.16,-0.01,1,4716,卖盘
10:11:18,47.17,0.01,32,150942,买盘
10:11:21,47.17,0.0,1,4717,中性盘
10:11:24,47.17,0.0,2,9434,卖盘
10:11:36,47.17,0.0,5,23606,卖盘
10:11:39,47.25,0.08,1,4725,卖盘
10:11:43,47.24,-0.01,5,23620,中性盘
10:11:49,47.24,0.0,26,122834,卖盘
10:11:51,47.24,0.0,15,70866,卖盘
10:11:55,47.2,-0.04,3,14160,买盘
10:11:58,47.18,-0.02,21,99146,卖盘
10:12:00,47.2,0.02,37,174533,中性盘
10:12:13,47.2,0.0,79,372885,卖盘
10:12:15,47.2,0.0,12,56640,买盘
10:12:19,47.18,-0.02,23,108516,卖盘
10:12:21,47.18,0.0,8,37744,卖盘
10:12:27,47.18,0.0,22,103791,卖盘
10:12:34,47.19,0.01,2,9438,卖盘
10:12:36,47.19,0.0,4,18879,卖盘
10:12:40,47.19,0.0,18,84958,卖盘
10:12:43,47.18,-0.01,13,61346,卖盘
10:12:45,47.17,-0.01,1,4717,卖盘
10:12:48,47.2,0.03,12,56607,买盘
10:12:51,47.19,-0.01,2,9439,中性盘
10:12:55,47.17,-0.02,2,9436,卖盘
10:12:58,47.16,-0.01,6,28301,卖盘
10:13:00,47.17,0.01,51,240595,买盘
10:13:04,47.16,-0.01,6,28304,卖盘
10:13:06,47.16,0.0,12,56581,买盘
10:13:13,47.16,0.0,13,61308,卖盘
10:13:15,47.19,0.03,3,14157,买盘
10:13:25,47.17,-0.02,1,4717,买盘
10:13:28,47.16,-0.01,21,99048,卖盘
10:13:30,47.16,0.0,12,56592,卖盘
10:13:33,47.15,-0.01,48,226364,卖盘
10:13:36,47.16,0.01,9,42447,中性盘
10:13:40,47.15,-0.01,3,14147,卖盘
10:13:43,47.17,0.02,11,51871,买盘
10:13:45,47.15,-0.02,5,23578,卖盘
10:13:48,47.14,-0.01,13,61282,卖盘
10:13:51,47.14,0.0,14,65997,卖盘
10:13:55,47.14,0.0,16,75424,卖盘
10:13:58,47.14,0.0,17,80138,卖盘
10:14:00,47.15,0.01,26,122565,买盘
10:14:04,47.15,0.0,13,61287,买盘
10:14:06,47.15,0.0,22,103730,卖盘
10:14:10,47.15,0.0,3,14145,卖盘
10:14:13,47.15,0.0,11,51869,卖盘
10:14:15,47.2,0.05,5,23590,买盘
10:14:19,47.16,-0.04,1,4716,中性盘
10:14:21,47.15,-0.01,12,56580,卖盘
10:14:24,47.16,0.01,3,14152,中性盘
10:14:28,47.2,0.04,5,23580,买盘
10:14:30,47.16,-0.04,1,4716,中性盘
10:14:34,47.16,0.0,6,28296,中性盘
10:14:36,47.16,0.0,1,4716,卖盘
10:14:40,47.15,-0.01,29,136774,卖盘
10:14:42,47.2,0.05,2,9440,买盘
10:14:45,47.16,-0.04,15,70742,卖盘
10:14:49,47.15,-0.01,17,80171,卖盘
10:14:51,47.17,0.02,2,9433,买盘
10:14:55,47.15,-0.02,8,37721,卖盘
10:14:57,47.16,0.01,1,4716,卖盘
10:15:00,47.16,0.0,4,18865,卖盘
10:15:06,47.2,0.04,223,1052458,买盘
10:15:09,47.16,-0.04,2,9432,卖盘
10:15:13,47.16,0.0,37,174492,卖盘
10:15:15,47.2,0.04,23,108479,买盘
10:15:21,47.2,0.0,4,18870,买盘
10:15:24,47.19,-0.01,1,4719,卖盘
10:15:28,47.18,-0.01,9,42459,买盘
10:15:34,47.18,0.0,3,14153,买盘
10:15:36,47.17,-0.01,7,33025,卖盘
10:15:40,47.18,0.01,1,4718,买盘
10:15:43,47.18,0.0,38,179247,买盘
10:15:45,47.17,-0.01,17,80213,中性盘
10:15:49,47.16,-0.01,33,155628,卖盘
10:15:51,47.16,0.0,22,103759,卖盘
10:15:55,47.17,0.01,11,51887,中性盘
10:15:58,47.2,0.03,27,127432,买盘
10:16:04,47.17,-0.03,12,56608,卖盘
10:16:07,47.2,0.03,5,23600,买盘
10:16:10,47.19,-0.01,81,382314,中性盘
10:16:13,47.17,-0.02,13,61348,卖盘
10:16:15,47.2,0.03,8,37760,买盘
10:16:18,47.2,0.0,21,99060,买盘
10:16:21,47.2,0.0,2,9440,卖盘
10:16:25,47.22,0.02,10,47206,买盘
10:16:28,47.16,-0.06,21,99047,卖盘
10:16:30,47.2,0.04,1,4720,中性盘
10:16:33,47.22,0.02,2,9444,买盘
10:16:36,47.2,-0.02,3,14160,卖盘
10:16:43,47.2,0.0,1,4720,卖盘
10:16:48,47.2,0.0,1,4720,卖盘
10:16:51,47.22,0.02,2,9444,买盘
10:16:55,47.22,0.0,10,47220,买盘
10:17:00,47.2,-0.02,22,103840,卖盘
10:17:04,47.2,0.0,4,18880,卖盘
10:17:10,47.2,0.0,23,108566,卖盘
10:17:13,47.2,0.0,2,9440,卖盘
10:17:15,47.22,0.02,1,4722,买盘
10:17:21,47.2,-0.02,2,9440,卖盘
10:17:25,47.2,0.0,1,4720,卖盘
10:17:36,47.2,0.0,23,108560,卖盘
10:17:40,47.2,0.0,5,23606,卖盘
10:17:43,47.19,-0.01,10,47190,卖盘
10:17:57,47.19,0.0,6,28322,卖盘
10:18:00,47.2,0.01,2,9442,卖盘
10:18:06,47.22,0.02,10,47220,买盘
10:18:10,47.18,-0.04,25,117971,卖盘
10:18:13,47.18,0.0,10,47180,卖盘
10:18:15,47.22,0.04,73,344678,买盘
10:18:19,47.18,-0.04,2,9436,卖盘
10:18:25,47.18,0.0,9,42462,卖盘
10:18:30,47.18,0.0,10,47180,卖盘
10:18:33,47.18,0.0,2,9436,卖盘
10:18:36,47.2,0.02,9,42474,买盘
10:18:40,47.18,-0.02,3,14154,卖盘
10:18:43,47.18,0.0,11,51900,卖盘
10:18:45,47.18,0.0,20,94360,卖盘
10:18:54,47.18,0.0,2,9436,卖盘
10:18:58,47.18,0.0,1,4718,卖盘
10:19:02,47.18,0.0,6,28316,卖盘
10:19:04,47.18,0.0,3,14154,卖盘
10:19:12,47.18,0.0,5,23596,卖盘
10:19:15,47.18,0.0,4,18872,卖盘
10:19:21,47.17,-0.01,21,99065,卖盘
10:19:25,47.18,0.01,1,4718,卖盘
10:19:28,47.19,0.01,3,14156,买盘
10:19:40,47.18,-0.01,3,14154,买盘
10:19:43,47.18,0.0,12,56610,买盘
10:19:45,47.18,0.0,1,4718,卖盘
10:19:48,47.18,0.0,3,14154,卖盘
10:19:51,47.18,0.0,9,42463,卖盘
10:19:54,47.17,-0.01,21,99060,卖盘
10:19:58,47.17,0.0,10,47170,卖盘
10:20:00,47.17,0.0,16,75472,卖盘
10:20:04,47.17,0.0,5,23585,卖盘
10:20:06,47.17,0.0,29,136768,买盘
10:20:10,47.16,-0.01,67,315982,卖盘
10:20:13,47.16,0.0,53,249953,卖盘
10:20:15,47.15,-0.01,16,75440,卖盘
10:20:18,47.15,0.0,14,66010,卖盘
10:20:21,47.16,0.01,32,150912,买盘
10:20:24,47.16,0.0,3,14148,卖盘
10:20:28,47.16,0.0,13,61311,卖盘
10:20:30,47.16,0.0,27,127332,卖盘
10:20:34,47.17,0.01,4,18868,买盘
10:20:36,47.17,0.0,1,4717,卖盘
10:20:40,47.18,0.01,5,23593,中性盘
10:20:42,47.17,-0.01,5,23591,卖盘
10:20:45,47.19,0.02,1,4719,买盘
10:20:49,47.17,-0.02,10,47170,卖盘
10:20:55,47.17,0.0,7,33013,买盘
10:20:58,47.17,0.0,2,9434,买盘
10:21:00,47.16,-0.01,22,103752,卖盘
10:21:03,47.15,-0.01,35,165045,卖盘
10:21:06,47.15,0.0,66,311201,卖盘
10:21:10,47.15,0.0,28,132020,卖盘
10:21:12,47.15,0.0,2,9430,卖盘
10:21:15,47.16,0.01,3,14147,买盘
10:21:19,47.16,0.0,2,9432,买盘
10:21:21,47.15,-0.01,2,9430,卖盘
10:21:27,47.15,0.0,6,28290,卖盘
10:21:30,47.15,0.0,3,14145,卖盘
10:21:34,47.15,0.0,32,150880,卖盘
10:21:36,47.15,0.0,22,103730,卖盘
10:21:40,47.15,0.0,10,47153,卖盘
10:21:45,47.15,0.0,2,9430,卖盘
10:21:48,47.16,0.01,5,23578,买盘
10:21:51,47.15,-0.01,10,47150,卖盘
10:21:55,47.16,0.01,7,33009,买盘
10:21:58,47.15,-0.01,2,9430,卖盘
10:22:00,47.15,0.0,152,716680,卖盘
10:22:04,47.15,0.0,345,1626675,卖盘
10:22:06,47.15,0.0,122,575230,卖盘
10:22:09,47.16,0.01,58,273384,买盘
10:22:13,47.13,-0.03,39,183824,卖盘
10:22:15,47.13,0.0,13,61271,卖盘
10:22:25,47.15,0.02,33,155591,买盘
10:22:28,47.15,0.0,5,23575,卖盘
10:22:30,47.13,-0.02,48,226318,卖盘
10:22:42,47.15,0.02,7,33005,卖盘
10:22:45,47.15,0.0,21,98995,买盘
10:22:48,47.14,-0.01,3,14142,卖盘
10:22:51,47.13,-0.01,11,51850,卖盘
10:23:00,47.12,-0.01,122,574939,卖盘
10:23:03,47.13,0.01,5,23565,卖盘
10:23:06,47.12,-0.01,19,89529,卖盘
10:23:10,47.13,0.01,3,14139,买盘
10:23:15,47.13,0.0,20,94242,买盘
10:23:19,47.11,-0.02,21,98945,卖盘
10:23:25,47.11,0.0,2,9422,卖盘
10:23:28,47.11,0.0,2,9422,卖盘
10:23:34,47.1,-0.01,94,442832,卖盘
10:23:36,47.1,0.0,1,4710,卖盘
10:23:39,47.1,0.0,27,127170,卖盘
10:23:43,47.1,0.0,10,47100,卖盘
10:23:45,47.1,0.0,79,372090,卖盘
10:23:49,47.09,-0.01,147,692369,卖盘
10:23:51,47.09,0.0,17,80057,卖盘
10:23:54,47.08,-0.01,32,150691,卖盘
10:23:57,47.08,0.0,21,98868,卖盘
10:24:00,47.08,0.0,3,14124,卖盘
10:24:03,47.08,0.0,19,89455,卖盘
10:24:06,47.08,0.0,15,70620,卖盘
10:24:13,47.08,0.0,20,94168,卖盘
10:24:18,47.07,-0.01,15,70607,卖盘
10:24:25,47.06,-0.01,7,32947,卖盘
10:24:27,47.06,0.0,42,197687,卖盘
10:24:30,47.08,0.02,55,258907,买盘
10:24:34,47.08,0.0,26,122408,卖盘
10:24:36,47.05,-0.03,18,84704,卖盘
10:24:45,47.05,0.0,1,4705,卖盘
10:24:54,47.05,0.0,13,61166,卖盘
10:25:03,47.05,0.0,2,9410,买盘
10:25:06,47.02,-0.03,22,103456,卖盘
10:25:10,47.02,0.0,43,202192,卖盘
10:25:13,47.01,-0.01,46,216279,卖盘
10:25:15,47.01,0.0,23,108123,卖盘
10:25:18,47.0,-0.01,38,178626,卖盘
10:25:21,47.0,0.0,49,230300,卖盘
10:25:24,46.98,-0.02,566,2660126,卖盘
10:25:28,46.91,-0.07,30,140887,卖盘
10:25:30,46.91,0.0,3,14073,买盘
10:25:33,46.9,-0.01,12,56290,卖盘
10:25:36,46.9,0.0,2,9380,卖盘
10:25:40,46.9,0.0,45,211070,卖盘
10:25:43,46.9,0.0,7,32830,卖盘
10:25:45,46.91,0.01,83,389174,买盘
10:25:49,46.91,0.0,1,4691,卖盘
10:25:51,46.88,-0.03,15,70344,卖盘
10:25:55,46.91,0.03,2,9382,中性盘
10:25:57,46.88,-0.03,5,23444,卖盘
10:26:04,46.88,0.0,28,131269,卖盘
10:26:06,46.9,0.02,1,4690,中性盘
10:26:09,46.9,0.0,7,32830,中性盘
10:26:13,46.88,-0.02,28,131320,卖盘
10:26:15,46.9,0.02,1,4690,买盘
10:26:19,46.92,0.02,33,154742,中性盘
10:26:25,46.93,0.01,5,23467,买盘
10:26:31,46.93,0.0,14,65722,卖盘
10:26:33,46.96,0.03,17,79862,中性盘
10:26:36,46.95,-0.01,10,46953,中性盘
10:26:40,46.95,0.0,10,46951,卖盘
10:26:42,47.0,0.05,3,14100,买盘
10:26:45,46.95,-0.05,22,103305,卖盘
10:26:48,46.95,0.0,23,107990,卖盘
10:26:52,46.96,0.01,23,108092,中性盘
10:26:58,46.96,0.0,10,46968,卖盘
10:27:01,46.96,0.0,2,9395,卖盘
10:27:10,46.99,0.03,7,32890,买盘
10:27:13,46.99,0.0,3,14097,买盘
10:27:16,46.99,0.0,3,14097,买盘
10:27:18,46.97,-0.02,14,65770,卖盘
10:27:21,46.98,0.01,21,98658,中性盘
10:27:25,46.99,0.01,1,4699,卖盘
10:27:31,46.99,0.0,7,32893,卖盘
10:27:34,46.99,0.0,30,140937,买盘
10:27:36,46.98,-0.01,7,32892,卖盘
10:27:39,46.97,-0.01,16,75159,卖盘
10:27:43,46.97,0.0,13,61063,卖盘
10:27:48,46.99,0.02,4,18792,买盘
10:27:52,46.99,0.0,5,23495,买盘
10:27:54,46.97,-0.02,21,98639,卖盘
10:27:57,46.97,0.0,2,9394,卖盘
10:28:00,46.99,0.02,4,18796,买盘
10:28:07,46.99,0.0,3,14098,卖盘
10:28:10,46.97,-0.02,17,79859,卖盘
10:28:12,46.96,-0.01,1,4696,卖盘
10:28:15,46.96,0.0,1,4696,卖盘
10:28:19,46.97,0.01,11,51667,买盘
10:28:25,46.97,0.0,3,14092,卖盘
10:28:28,47.0,0.03,3,14094,买盘
10:28:31,46.96,-0.04,21,98628,卖盘
10:28:36,46.96,0.0,15,70451,卖盘
10:28:43,46.99,0.03,3,14097,买盘
10:28:45,46.98,-0.01,2,9396,卖盘
10:28:49,46.98,0.0,31,145658,卖盘
10:28:52,46.99,0.01,1,4699,买盘
10:28:57,46.98,-0.01,22,103358,卖盘
10:29:01,46.98,0.0,2,9396,卖盘
10:29:04,46.98,0.0,23,108054,卖盘
10:29:07,46.98,0.0,1,4698,卖盘
10:29:09,46.98,0.0,1,4698,卖盘
10:29:12,46.98,0.0,2,9396,卖盘
10:29:16,46.99,0.01,1,4699,买盘
10:29:19,46.99,0.0,4,18796,买盘
10:29:22,46.99,0.0,10,46990,买盘
10:29:24,46.98,-0.01,16,75168,卖盘
10:29:28,46.99,0.01,22,103360,买盘
10:29:31,46.98,-0.01,2,9396,卖盘
10:29:34,46.99,0.01,13,61087,买盘
10:29:37,46.97,-0.02,22,103354,卖盘
10:29:42,46.99,0.02,28,131557,买盘
10:29:49,47.0,0.01,12,56390,买盘
10:29:51,46.99,-0.01,10,46990,卖盘
10:29:54,46.99,0.0,3,14097,卖盘
10:29:57,46.99,0.0,52,244378,卖盘
10:30:00,46.99,0.0,12,56390,卖盘
10:30:04,46.99,0.0,44,206756,卖盘
10:30:07,46.97,-0.02,35,164435,卖盘
10:30:10,46.97,0.0,24,112728,卖盘
10:30:13,46.97,0.0,26,122107,卖盘
10:30:16,46.97,0.0,7,32879,买盘
10:30:19,46.96,-0.01,10,46960,卖盘
10:30:22,46.97,0.01,26,122097,买盘
10:30:25,46.96,-0.01,6,28176,卖盘
10:30:28,46.96,0.0,16,75136,卖盘
10:30:31,46.96,0.0,2,9392,卖盘
10:30:34,46.96,0.0,20,93924,卖盘
10:30:37,46.96,0.0,9,42264,卖盘
10:30:39,46.96,0.0,9,42269,卖盘
10:30:43,46.97,0.01,5,23483,买盘
10:30:45,46.96,-0.01,21,98621,卖盘
10:30:52,46.98,0.02,4,18792,买盘
10:30:57,46.97,-0.01,3,14092,卖盘
10:31:01,46.97,0.0,3,14091,卖盘
10:31:04,46.97,0.0,5,23485,卖盘
10:31:06,46.97,0.0,7,32879,卖盘
10:31:10,46.97,0.0,12,56364,卖盘
10:31:13,46.97,0.0,1,4697,卖盘
10:31:16,46.97,0.0,5,23488,卖盘
10:31:18,46.97,0.0,29,136213,卖盘
10:31:22,46.97,0.0,5,23485,卖盘
10:31:25,46.97,0.0,5,23485,卖盘
10:31:27,46.97,0.0,1,4697,卖盘
10:31:30,46.98,0.01,1,4698,买盘
10:31:34,46.98,0.0,2,9396,买盘
10:31:36,46.97,-0.01,19,89243,卖盘
10:31:39,46.96,-0.01,9,42271,卖盘
10:31:42,46.97,0.01,21,98627,买盘
10:31:46,46.96,-0.01,35,164365,卖盘
10:31:48,46.95,-0.01,15,70429,卖盘
10:31:52,46.95,0.0,28,131468,卖盘
10:31:55,46.95,0.0,2,9390,卖盘
10:31:58,46.96,0.01,7,32872,买盘
10:32:03,46.95,-0.01,4,18780,卖盘
10:32:09,46.95,0.0,2,9391,卖盘
10:32:13,46.95,0.0,6,28173,卖盘
10:32:15,46.95,0.0,2,9390,卖盘
10:32:25,46.95,0.0,3,14087,卖盘
10:32:27,46.95,0.0,21,98595,卖盘
10:32:31,46.96,0.01,2,9392,买盘
10:32:34,46.96,0.0,45,211276,买盘
10:32:36,46.95,-0.01,15,70425,卖盘
10:32:43,46.95,0.0,2,9390,卖盘
10:32:48,46.96,0.01,2,9392,买盘
10:32:51,46.96,0.0,12,56351,买盘
10:32:57,46.97,0.01,2,9394,买盘
10:33:01,46.96,-0.01,23,108008,卖盘
10:33:04,46.96,0.0,20,93920,卖盘
10:33:07,46.96,0.0,5,23480,卖盘
10:33:10,46.96,0.0,30,140880,卖盘
10:33:13,46.96,0.0,3,14088,买盘
10:33:19,46.96,0.0,2,9392,买盘
10:33:25,46.96,0.0,22,103312,买盘
10:33:31,46.95,-0.01,13,61035,卖盘
10:33:33,46.94,-0.01,27,126758,卖盘
10:33:36,46.96,0.02,12,56345,买盘
10:33:43,46.94,-0.02,10,46940,卖盘
10:33:46,46.94,0.0,2,9388,卖盘
10:33:49,46.94,0.0,5,23473,卖盘
10:34:01,46.94,0.0,11,51635,卖盘
10:34:07,46.95,0.01,1,4695,买盘
10:34:10,46.94,-0.01,22,103268,卖盘
10:34:13,46.94,0.0,1,4694,卖盘
10:34:15,46.94,0.0,29,136128,卖盘
10:34:19,46.95,0.01,2,9389,买盘
10:34:24,46.95,0.0,3,14085,卖盘
10:34:27,46.95,0.0,2,9390,卖盘
10:34:31,46.95,0.0,10,46950,卖盘
10:34:34,46.97,0.02,15,70455,买盘
10:34:39,46.95,-0.02,23,107991,卖盘
10:34:43,46.97,0.02,21,98597,买盘
10:34:46,46.95,-0.02,2,9390,卖盘
10:34:49,46.95,0.0,21,98595,卖盘
10:34:52,46.95,0.0,6,28170,卖盘
10:34:55,46.97,0.02,28,131516,买盘
10:35:01,46.97,0.0,10,46970,卖盘
10:35:07,46.97,0.0,12,56364,卖盘
10:35:09,46.99,0.02,8,37584,中性盘
10:35:16,46.97,-0.02,21,98644,卖盘
10:35:21,46.97,0.0,7,32880,卖盘
10:35:25,46.97,0.0,1,4697,卖盘
10:35:28,46.98,0.01,15,70460,买盘
10:35:31,46.99,0.01,35,164409,买盘
10:35:36,46.99,0.0,22,103377,买盘
10:35:40,46.99,0.0,3,14097,买盘
10:35:43,46.97,-0.02,17,79867,卖盘
10:35:46,46.97,0.0,4,18794,卖盘
10:35:49,46.97,0.0,26,122102,买盘
10:35:51,46.97,0.0,5,23485,买盘
10:35:55,46.96,-0.01,5,23480,卖盘
10:35:58,46.95,-0.01,8,37566,卖盘
10:36:01,46.96,0.01,27,126767,买盘
10:36:04,46.95,-0.01,14,65743,卖盘
10:36:06,46.97,0.02,13,61041,买盘
10:36:09,46.96,-0.01,17,79835,卖盘
10:36:12,46.97,0.01,17,79833,买盘
10:36:16,46.95,-0.02,31,145573,卖盘
10:36:18,46.97,0.02,2,9394,买盘
10:36:22,46.95,-0.02,32,150255,卖盘
10:36:25,46.96,0.01,3,14088,买盘
10:36:28,46.95,-0.01,13,61039,卖盘
10:36:31,46.95,0.0,22,103290,卖盘
10:36:34,46.95,0.0,4,18782,卖盘
10:36:37,46.96,0.01,14,65744,卖盘
10:36:40,46.96,0.0,2,9392,卖盘
10:36:42,46.96,0.0,14,65752,卖盘
10:36:45,46.96,0.0,28,131488,卖盘
10:36:49,46.96,0.0,6,28181,卖盘
10:36:52,46.97,0.01,4,18786,买盘
10:36:55,46.99,0.02,3,14095,买盘
10:36:57,46.96,-0.03,93,436738,卖盘
10:37:00,47.0,0.04,95,446395,买盘
10:37:04,46.95,-0.05,14,65733,卖盘
10:37:07,46.95,0.0,66,309870,卖盘
10:37:10,46.96,0.01,5,23478,买盘
10:37:12,46.95,-0.01,12,56340,卖盘
10:37:16,46.95,0.0,32,150237,卖盘
10:37:18,46.95,0.0,5,23477,卖盘
10:37:21,46.95,0.0,11,51645,卖盘
10:37:27,46.96,0.01,1,4696,卖盘
10:37:30,46.93,-0.03,52,244107,卖盘
10:37:33,46.95,0.02,2,9390,卖盘
10:37:37,46.95,0.0,1,4695,卖盘
10:37:39,46.95,0.0,8,37560,卖盘
10:37:42,46.95,0.0,2,9390,卖盘
10:37:46,46.93,-0.02,25,117327,卖盘
10:37:49,46.93,0.0,3,14079,卖盘
10:37:52,46.93,0.0,13,61010,卖盘
10:37:54,46.95,0.02,9,42255,买盘
10:37:58,46.93,-0.02,13,61011,卖盘
10:38:01,46.93,0.0,25,117353,卖盘
10:38:04,46.92,-0.01,21,98548,卖盘
10:38:09,46.95,0.03,3,14085,买盘
10:38:13,46.93,-0.02,2,9386,卖盘
10:38:15,46.92,-0.01,6,28152,卖盘
10:38:18,46.92,0.0,2,9384,买盘
10:38:21,46.91,-0.01,30,140731,卖盘
10:38:25,46.91,0.0,2,9382,卖盘
10:38:28,46.91,0.0,14,65674,卖盘
10:38:31,46.91,0.0,22,103202,卖盘
10:38:34,46.9,-0.01,213,998979,卖盘
10:38:37,46.9,0.0,20,93800,卖盘
10:38:40,46.88,-0.02,57,267228,卖盘
10:38:43,46.88,0.0,4,18752,卖盘
10:38:46,46.88,0.0,3,14065,卖盘
10:38:52,46.88,0.0,29,135954,卖盘
10:38:55,46.86,-0.02,5,23437,卖盘
10:39:00,46.86,0.0,16,74977,卖盘
10:39:04,46.86,0.0,49,229648,卖盘
10:39:07,46.86,0.0,1,4686,卖盘
10:39:10,46.88,0.02,34,159361,买盘
10:39:12,46.87,-0.01,2,9374,卖盘
10:39:16,46.87,0.0,25,117175,卖盘
10:39:18,46.88,0.01,1,4688,卖盘
10:39:22,46.9,0.02,14,65625,买盘
10:39:25,46.87,-0.03,9,42183,卖盘
10:39:27,46.87,0.0,4,18748,卖盘
10:39:31,46.87,0.0,38,178120,卖盘
10:39:34,46.87,0.0,3,14061,卖盘
10:39:37,46.86,-0.01,4,18747,卖盘
10:39:40,46.87,0.01,10,46861,买盘
10:39:43,46.87,0.0,6,28122,买盘
10:39:45,46.86,-0.01,27,126526,卖盘
10:39:51,46.86,0.0,25,117169,卖盘
10:39:55,46.86,0.0,21,98411,卖盘
10:39:58,46.86,0.0,12,56232,卖盘
10:40:02,46.87,0.01,14,65614,中性盘
10:40:04,46.86,-0.01,20,93720,卖盘
10:40:06,46.88,0.02,6,28128,卖盘
10:40:09,46.86,-0.02,25,117162,卖盘
10:40:13,46.86,0.0,19,89036,卖盘
10:40:16,46.85,-0.01,41,192112,卖盘
10:40:19,46.87,0.02,24,112447,买盘
10:40:22,46.87,0.0,12,56222,买盘
10:40:24,46.85,-0.02,7,32795,卖盘
10:40:28,46.84,-0.01,5,23421,卖盘
10:40:31,46.83,-0.01,18,84323,卖盘
10:40:34,46.83,0.0,5,23416,卖盘
10:40:37,46.81,-0.02,14,65543,卖盘
10:40:40,46.81,0.0,2,9364,卖盘
10:40:42,46.83,0.02,1,4683,买盘
10:40:46,46.8,-0.03,31,145106,卖盘
10:40:49,46.81,0.01,3,14045,卖盘
10:40:55,46.8,-0.01,28,131081,卖盘
10:40:58,46.81,0.01,16,74927,中性盘
10:41:00,46.81,0.0,19,88939,买盘
10:41:03,46.8,-0.01,73,341716,卖盘
10:41:07,46.81,0.01,17,79579,中性盘
10:41:10,46.84,0.03,9,42143,买盘
10:41:13,46.82,-0.02,11,51501,中性盘
10:41:16,46.82,0.0,1,4682,卖盘
10:41:19,46.82,0.0,28,131097,卖盘
10:41:21,46.84,0.02,6,28100,买盘
10:41:25,46.83,-0.01,11,51506,卖盘
10:41:28,46.82,-0.01,37,173239,卖盘
10:41:30,46.82,0.0,73,341899,卖盘
10:41:34,46.8,-0.02,80,374470,卖盘
10:41:40,46.81,0.01,2,9364,卖盘
10:41:43,46.83,0.02,13,60844,买盘
10:41:46,46.81,-0.02,2,9362,卖盘
10:41:49,46.83,0.02,3,14047,买盘
10:41:53,46.83,0.0,1,4683,买盘
10:41:55,46.82,-0.01,2,9364,卖盘
10:42:01,46.81,-0.01,12,56171,卖盘
10:42:03,46.8,-0.01,28,131045,卖盘
10:42:07,46.8,0.0,10,46809,卖盘
10:42:10,46.81,0.01,11,51491,买盘
10:42:13,46.82,0.01,23,107678,买盘
10:42:15,46.81,-0.01,2,9362,中性盘
10:42:19,46.83,0.02,26,121710,买盘
10:42:25,46.81,-0.02,10,46812,卖盘
10:42:28,46.81,0.0,7,32767,卖盘
10:42:30,46.81,0.0,32,149792,卖盘
10:42:34,46.81,0.0,10,46810,卖盘
10:42:37,46.81,0.0,22,102982,卖盘
10:42:39,46.81,0.0,11,51491,卖盘
10:42:43,46.81,0.0,3,14043,中性盘
10:42:45,46.81,0.0,29,135721,中性盘
10:42:49,46.8,-0.01,3,14042,卖盘
10:42:52,46.81,0.01,11,51492,买盘
10:42:58,46.81,0.0,5,23408,卖盘
10:43:00,46.81,0.0,33,154473,卖盘
10:43:04,46.81,0.0,53,248136,卖盘
10:43:07,46.8,-0.01,4,18721,卖盘
10:43:10,46.81,0.01,8,37443,买盘
10:43:13,46.8,-0.01,52,243360,卖盘
10:43:16,46.81,0.01,11,51489,买盘
10:43:18,46.81,0.0,18,84258,卖盘
10:43:22,46.81,0.0,17,79577,卖盘
10:43:28,46.82,0.01,14,65554,卖盘
10:43:30,46.81,-0.01,16,74910,卖盘
10:43:33,46.81,0.0,10,46810,卖盘
10:43:38,46.82,0.01,1,4682,买盘
10:43:40,46.82,0.0,13,60862,买盘
10:43:45,46.83,0.01,25,117033,买盘
10:43:49,46.83,0.0,29,135760,买盘
10:43:51,46.83,0.0,1,4683,买盘
10:43:55,46.89,0.06,1,4689,买盘
10:44:01,46.82,-0.07,20,93653,卖盘
10:44:06,46.81,-0.01,3,14045,卖盘
10:44:10,46.82,0.01,3,14046,买盘
10:44:13,46.82,0.0,13,60866,买盘
10:44:16,46.81,-0.01,32,149798,卖盘
10:44:18,46.81,0.0,1,4681,卖盘
10:44:22,46.81,0.0,22,102986,卖盘
10:44:25,46.83,0.02,4,18729,买盘
10:44:28,46.83,0.0,4,18732,买盘
10:44:31,46.81,-0.02,24,112348,卖盘
10:44:34,46.83,0.02,5,23415,买盘
10:44:37,46.81,-0.02,9,42138,卖盘
10:44:43,46.82,0.01,5,23407,买盘
10:44:46,46.81,-0.01,6,28090,卖盘
10:44:49,46.81,0.0,27,126388,卖盘
10:44:53,46.81,0.0,32,149794,卖盘
10:44:55,46.8,-0.01,21,98282,卖盘
10:45:01,46.8,0.0,7,32768,卖盘
10:45:04,46.81,0.01,9,42129,买盘
10:45:08,46.84,0.03,20,93640,买盘
10:45:10,46.82,-0.02,1,4682,卖盘
10:45:12,46.84,0.02,35,163960,买盘
10:45:16,46.82,-0.02,28,131096,卖盘
10:45:22,46.85,0.03,66,309210,买盘
10:45:31,46.82,-0.03,31,145142,卖盘
10:45:34,46.81,-0.01,29,135762,卖盘
10:45:37,46.82,0.01,8,37455,买盘
10:45:43,46.81,-0.01,6,28088,卖盘
10:45:46,46.82,0.01,32,149798,买盘
10:45:52,46.82,0.0,2,9363,买盘
10:45:55,46.81,-0.01,9,42131,卖盘
10:46:01,46.81,0.0,24,112344,卖盘
10:46:06,46.81,0.0,30,140430,卖盘
10:46:10,46.83,0.02,4,18732,买盘
10:46:13,46.81,-0.02,6,28092,卖盘
10:46:15,46.81,0.0,24,112344,卖盘
10:46:19,46.81,0.0,8,37448,卖盘
10:46:22,46.83,0.02,10,46830,买盘
10:46:28,46.81,-0.02,7,32767,卖盘
10:46:30,46.81,0.0,11,51492,卖盘
10:46:33,46.81,0.0,10,46812,卖盘
10:46:38,46.81,0.0,10,46810,卖盘
10:46:40,46.83,0.02,3,14049,买盘
10:46:43,46.81,-0.02,40,187245,卖盘
10:46:46,46.81,0.0,15,70215,卖盘
10:46:49,46.81,0.0,1,4681,卖盘
10:46:52,46.81,0.0,2,9362,卖盘
10:46:55,46.83,0.02,4,18732,买盘
10:46:57,46.83,0.0,1,4683,买盘
10:47:01,46.81,-0.02,27,126392,卖盘
10:47:07,46.82,0.01,2,9364,中性盘
10:47:10,46.81,-0.01,2,9362,卖盘
10:47:13,46.81,0.0,10,46818,卖盘
10:47:16,46.81,0.0,44,205964,卖盘
10:47:22,46.82,0.01,16,74912,买盘
10:47:25,46.81,-0.01,2,9362,卖盘
10:47:28,46.81,0.0,2,9362,卖盘
10:47:31,46.82,0.01,17,79594,卖盘
10:47:34,46.83,0.01,12,56187,买盘
10:47:38,46.82,-0.01,10,46820,卖盘
10:47:40,46.83,0.01,2,9366,买盘
10:47:42,46.82,-0.01,5,23410,卖盘
10:47:46,46.82,0.0,23,107688,卖盘
10:47:49,46.83,0.01,23,107687,买盘
10:47:52,46.83,0.0,12,56196,买盘
10:47:55,46.84,0.01,1,4684,买盘
10:47:58,46.84,0.0,5,23420,买盘
10:48:00,46.84,0.0,42,196749,卖盘
10:48:04,46.88,0.04,2,9376,买盘
10:48:07,46.84,-0.04,6,28109,卖盘
10:48:13,46.84,0.0,3,14052,买盘
10:48:16,46.84,0.0,28,131127,买盘
10:48:19,46.84,0.0,2,9368,卖盘
10:48:21,46.86,0.02,3,14054,买盘
10:48:25,46.83,-0.03,20,93661,卖盘
10:48:28,46.86,0.03,3,14054,买盘
10:48:31,46.86,0.0,25,117083,买盘
10:48:38,46.85,-0.01,11,51535,卖盘
10:48:39,46.85,0.0,8,37487,卖盘
10:48:43,46.86,0.01,2,9371,买盘
10:48:46,46.84,-0.02,38,177997,卖盘
10:48:49,46.84,0.0,5,23420,卖盘
10:48:52,46.85,0.01,10,46844,买盘
10:48:55,46.82,-0.03,20,93646,卖盘
10:48:58,46.85,0.03,2,9370,买盘
10:49:01,46.82,-0.03,26,121733,卖盘
10:49:04,46.82,0.0,3,14046,卖盘
10:49:07,46.82,0.0,17,79596,卖盘
10:49:13,46.82,0.0,4,18731,卖盘
10:49:16,46.85,0.03,42,196661,买盘
10:49:19,46.86,0.01,3,14058,卖盘
10:49:24,46.86,0.0,1,4686,卖盘
10:49:31,46.84,-0.02,48,224886,卖盘
10:49:34,46.88,0.04,9,42192,买盘
10:49:37,46.88,0.0,12,56256,卖盘
10:49:40,46.9,0.02,2,9380,买盘
10:49:43,46.9,0.0,9,42198,买盘
10:49:46,46.88,-0.02,27,126581,卖盘
10:49:49,46.88,0.0,6,28138,卖盘
10:49:58,46.9,0.02,1,4690,买盘
10:50:01,46.9,0.0,29,135954,买盘
10:50:03,46.84,-0.06,24,112472,卖盘
10:50:08,46.88,0.04,1,4688,中性盘
10:50:10,46.84,-0.04,4,18748,卖盘
10:50:13,46.9,0.06,16,75022,买盘
10:50:16,46.83,-0.07,24,112421,卖盘
10:50:25,46.9,0.07,4,18750,买盘
10:50:28,46.9,0.0,28,131320,买盘
10:50:31,46.83,-0.07,40,187379,卖盘
10:50:34,46.83,0.0,15,70245,卖盘
10:50:37,46.83,0.0,31,145181,卖盘
10:50:40,46.91,0.08,5,23441,买盘
10:50:43,46.91,0.0,5,23455,买盘
10:50:46,46.82,-0.09,24,112401,卖盘
10:50:53,46.91,0.09,3,14073,买盘
10:50:55,46.91,0.0,11,51602,买盘
10:50:58,46.83,-0.08,3,14049,卖盘
10:51:01,46.82,-0.01,27,126438,卖盘
10:51:04,46.92,0.1,1,4692,买盘
10:51:07,46.9,-0.02,6,28141,卖盘
10:51:10,46.93,0.03,6,28146,买盘
10:51:13,46.89,-0.04,23,107847,卖盘
10:51:15,46.83,-0.06,24,112454,卖盘
10:51:21,46.85,0.02,2,9370,买盘
10:51:25,46.83,-0.02,25,117201,卖盘
10:51:30,46.83,0.0,23,107709,中性盘
10:51:34,46.85,0.02,7,32785,买盘
10:51:38,46.93,0.08,17,79677,买盘
10:51:40,46.85,-0.08,6,28120,卖盘
10:51:43,46.93,0.08,4,18764,买盘
10:51:46,46.85,-0.08,45,210830,卖盘
10:51:49,46.95,0.1,1,4695,买盘
10:51:55,46.95,0.0,3,14067,买盘
10:51:58,46.86,-0.09,3,14067,卖盘
10:52:01,46.85,-0.01,24,112459,卖盘
10:52:03,46.9,0.05,6,28115,中性盘
10:52:07,46.85,-0.05,62,290480,卖盘
10:52:10,46.89,0.04,8,37481,中性盘
10:52:13,46.9,0.01,3,14066,买盘
10:52:16,46.86,-0.04,65,304590,卖盘
10:52:19,46.86,0.0,22,103096,卖盘
10:52:22,46.85,-0.01,28,131231,卖盘
10:52:28,46.83,-0.02,19,89056,卖盘
10:52:31,46.89,0.06,47,220121,中性盘
10:52:34,46.86,-0.03,13,60894,中性盘
10:52:38,46.83,-0.03,27,126443,卖盘
10:52:40,46.82,-0.01,81,379244,卖盘
10:52:43,46.82,0.0,13,60869,卖盘
10:52:46,46.83,0.01,55,257491,买盘
10:52:49,46.81,-0.02,6,28089,卖盘
10:52:52,46.81,0.0,67,313668,卖盘
10:52:55,46.81,0.0,20,93620,卖盘
10:53:01,46.8,-0.01,71,332364,卖盘
10:53:04,46.85,0.05,24,112325,买盘
10:53:07,46.85,0.0,1,4685,买盘
10:53:10,46.82,-0.03,11,51501,买盘
10:53:14,46.8,-0.02,64,299564,卖盘
10:53:16,46.8,0.0,25,117003,卖盘
10:53:22,46.82,0.02,2,9364,卖盘
10:53:25,46.8,-0.02,59,276144,卖盘
10:53:31,46.81,0.01,38,177867,卖盘
10:53:34,46.8,-0.01,23,107640,卖盘
10:53:38,46.8,0.0,51,238685,卖盘
10:53:39,46.81,0.01,24,112392,买盘
10:53:43,46.81,0.0,2,9362,买盘
10:53:46,46.81,0.0,38,177878,卖盘
10:53:49,46.81,0.0,49,229369,卖盘
10:53:52,46.81,0.0,2,9362,卖盘
10:53:58,46.8,-0.01,61,285511,卖盘
10:54:01,46.8,0.0,53,248040,卖盘
10:54:04,46.83,0.03,21,98283,买盘
10:54:07,46.83,0.0,27,126443,买盘
10:54:10,46.83,0.0,47,219972,中性盘
10:54:14,46.85,0.02,3,14055,买盘
10:54:19,46.8,-0.05,41,191927,卖盘
10:54:22,46.85,0.05,30,140448,买盘
10:54:25,46.79,-0.06,201,940647,卖盘
10:54:31,46.8,0.01,1,4680,买盘
10:54:34,46.8,0.0,21,98261,买盘
10:54:38,46.78,-0.02,65,304114,卖盘
10:54:40,46.78,0.0,18,84207,卖盘
10:54:44,46.78,0.0,32,149697,卖盘
10:54:46,46.77,-0.01,44,205826,卖盘
10:54:49,46.77,0.0,13,60801,卖盘
10:54:51,46.76,-0.01,16,74816,卖盘
10:54:55,46.76,0.0,13,60788,卖盘
10:54:58,46.77,0.01,5,23382,买盘
10:55:01,46.76,-0.01,14,65464,卖盘
10:55:03,46.76,0.0,2,9352,卖盘
10:55:07,46.78,0.02,13,60796,买盘
10:55:10,46.77,-0.01,44,205788,卖盘
10:55:14,46.77,0.0,29,135636,卖盘
10:55:19,46.78,0.01,1,4678,买盘
10:55:22,46.78,0.0,7,32746,买盘
10:55:25,46.77,-0.01,3,14031,卖盘
10:55:28,46.78,0.01,2,9355,买盘
10:55:31,46.77,-0.01,222,1037946,卖盘
10:55:34,46.77,0.0,5,23385,买盘
10:55:37,46.76,-0.01,5,23386,卖盘
10:55:39,46.76,0.0,7,32732,卖盘
10:55:44,46.75,-0.01,23,107535,卖盘
10:55:46,46.78,0.03,3,14030,买盘
10:55:49,46.78,0.0,2,9356,买盘
10:55:52,46.78,0.0,5,23390,卖盘
10:55:57,46.78,0.0,14,65492,卖盘
10:56:01,46.79,0.01,16,74851,买盘
10:56:04,46.78,-0.01,13,60824,卖盘
10:56:07,46.79,0.01,1,4679,买盘
10:56:10,46.79,0.0,11,51459,买盘
10:56:13,46.79,0.0,1,4679,买盘
10:56:16,46.79,0.0,2,9358,卖盘
10:56:19,46.79,0.0,26,121643,卖盘
10:56:22,46.79,0.0,3,14037,买盘
10:56:24,46.78,-0.01,1,4678,卖盘
10:56:28,46.79,0.01,2,9358,买盘
10:56:32,46.79,0.0,88,411666,买盘
10:56:34,46.78,-0.01,1,4678,卖盘
10:56:36,46.79,0.01,2,9358,买盘
10:56:40,46.78,-0.01,10,46780,卖盘
10:56:44,46.79,0.01,8,37430,买盘
10:56:46,46.78,-0.01,5,23393,卖盘
10:56:49,46.8,0.02,1,4680,买盘
10:56:51,46.8,0.0,21,98224,买盘
10:57:00,46.79,-0.01,11,51465,卖盘
10:57:04,46.79,0.0,8,37432,买盘
10:57:06,46.79,0.0,1,4679,买盘
10:57:10,46.78,-0.01,10,46780,卖盘
10:57:13,46.79,0.01,11,51469,买盘
10:57:19,46.78,-0.01,2,9356,卖盘
10:57:28,46.78,0.0,31,145028,卖盘
10:57:30,46.79,0.01,21,98241,中性盘
10:57:34,46.78,-0.01,43,201195,卖盘
10:57:38,46.76,-0.02,16,74846,卖盘
10:57:40,46.78,0.02,11,51458,买盘
10:57:43,46.78,0.0,1,4678,买盘
10:57:45,46.78,0.0,3,14034,买盘
10:57:49,46.78,0.0,5,23390,买盘
10:57:52,46.78,0.0,10,46780,买盘
10:57:55,46.8,0.02,71,332243,买盘
10:57:58,46.79,-0.01,2,9358,卖盘
10:58:01,46.8,0.01,49,229264,买盘
10:58:07,46.78,-0.02,11,51458,卖盘
10:58:10,46.78,0.0,11,51460,卖盘
10:58:12,46.78,0.0,11,51458,卖盘
10:58:16,46.8,0.02,7,32758,买盘
10:58:19,46.78,-0.02,2,9357,卖盘
10:58:21,46.8,0.02,9,42120,买盘
10:58:25,46.8,0.0,10,46797,买盘
10:58:28,46.8,0.0,8,37440,买盘
10:58:31,46.78,-0.02,14,65505,卖盘
10:58:34,46.78,0.0,20,93560,卖盘
10:58:37,46.8,0.02,49,229305,买盘
10:58:39,46.78,-0.02,10,46780,卖盘
10:58:45,46.8,0.02,7,32760,买盘
10:58:49,46.8,0.0,2,9359,买盘
10:58:55,46.79,-0.01,2,9359,卖盘
10:59:01,46.78,-0.01,33,154390,卖盘
10:59:10,46.78,0.0,10,46780,卖盘
10:59:13,46.78,0.0,3,14035,卖盘
10:59:16,46.79,0.01,2,9358,买盘
10:59:19,46.78,-0.01,1,4678,卖盘
10:59:21,46.78,0.0,1,4678,卖盘
10:59:25,46.78,0.0,4,18715,卖盘
10:59:31,46.78,0.0,13,60814,卖盘
10:59:33,46.78,0.0,2,9356,卖盘
10:59:36,46.79,0.01,4,18715,买盘
10:59:40,46.77,-0.02,16,74846,卖盘
10:59:43,46.78,0.01,1,4678,买盘
10:59:46,46.8,0.02,3,14039,买盘
10:59:51,46.77,-0.03,2,9354,卖盘
10:59:58,46.8,0.03,81,379069,买盘
11:00:01,46.78,-0.02,25,116973,卖盘
11:00:04,46.78,0.0,60,280306,卖盘
11:00:07,46.78,0.0,24,110502,卖盘
11:00:09,46.78,0.0,10,48932,卖盘
11:00:13,46.77,-0.01,11,49016,卖盘
11:00:15,46.77,0.0,8,37884,卖盘
11:00:19,46.77,0.0,9,42095,卖盘
11:00:21,46.77,0.0,7,35453,卖盘
11:00:25,46.78,0.01,6,28066,买盘
11:00:27,46.78,0.0,3,11882,买盘
11:00:31,46.77,-0.01,15,70159,卖盘
11:00:37,46.78,0.01,2,9356,卖盘
11:00:40,46.78,0.0,13,60817,卖盘
11:00:43,46.78,0.0,1,4678,卖盘
11:00:45,46.79,0.01,4,18715,买盘
11:00:48,46.78,-0.01,5,23390,卖盘
11:00:52,46.78,0.0,3,14036,卖盘
11:00:55,46.79,0.01,5,23395,买盘
11:01:01,46.78,-0.01,21,98247,卖盘
11:01:04,46.79,0.01,1,4679,卖盘
11:01:10,46.75,-0.04,152,710801,卖盘
11:01:13,46.75,0.0,1,4675,卖盘
11:01:15,46.7,-0.05,161,752127,卖盘
11:01:19,46.72,0.02,4,18693,中性盘
11:01:22,46.7,-0.02,126,590317,卖盘
11:01:25,46.7,0.0,2,9340,卖盘
11:01:27,46.78,0.08,2,9356,中性盘
11:01:34,46.75,-0.03,1,4675,卖盘
11:01:43,46.75,0.0,2,9350,卖盘
11:01:46,46.75,0.0,3,14025,买盘
11:01:49,46.73,-0.02,1,4673,卖盘
11:01:51,46.73,0.0,5,23365,卖盘
11:01:57,46.75,0.02,20,93500,买盘
11:02:03,46.75,0.0,21,97567,买盘
11:02:06,46.75,0.0,1,4675,卖盘
11:02:10,46.75,0.0,1,4675,卖盘
11:02:13,46.75,0.0,10,46750,卖盘
11:02:16,46.75,0.0,1,4675,卖盘
11:02:19,46.75,0.0,5,23381,卖盘
11:02:24,46.75,0.0,9,42075,卖盘
11:02:30,46.75,0.0,20,93500,卖盘
11:02:37,46.77,0.02,5,23385,买盘
11:02:40,46.77,0.0,2,9354,买盘
11:02:42,46.75,-0.02,12,56100,卖盘
11:02:46,46.75,0.0,10,46750,卖盘
11:02:49,46.77,0.02,2,9354,卖盘
11:02:52,46.76,-0.01,50,233735,卖盘
11:02:55,46.76,0.0,1,4676,卖盘
11:03:01,46.76,0.0,1,4676,卖盘
11:03:03,46.76,0.0,2,9352,卖盘
11:03:13,46.75,-0.01,45,210419,卖盘
11:03:16,46.76,0.01,3,14028,买盘
11:03:22,46.76,0.0,5,23378,买盘
11:03:25,46.75,-0.01,3,14025,卖盘
11:03:27,46.75,0.0,1,4675,卖盘
11:03:37,46.75,0.0,1,4675,卖盘
11:03:39,46.75,0.0,2,9350,卖盘
11:03:43,46.75,0.0,10,46750,卖盘
11:03:45,46.76,0.01,1,4676,买盘
11:03:48,46.76,0.0,4,18703,买盘
11:04:01,46.78,0.02,8,37420,买盘
11:04:04,46.77,-0.01,22,102891,中性盘
11:04:10,46.77,0.0,76,355452,买盘
11:04:13,46.76,-0.01,12,56112,卖盘
11:04:16,46.77,0.01,20,93540,买盘
11:04:18,46.77,0.0,1,4677,卖盘
11:04:25,46.76,-0.01,10,46760,卖盘
11:04:31,46.78,0.02,4,18712,买盘
11:04:38,46.8,0.02,24,112297,买盘
11:04:43,46.78,-0.02,5,23390,卖盘
11:04:45,46.78,0.0,1,4678,买盘
11:04:49,46.77,-0.01,4,18711,卖盘
11:04:55,46.77,0.0,2,9354,卖盘
11:04:58,46.78,0.01,1,4678,买盘
11:05:00,46.78,0.0,12,56126,中性盘
11:05:04,46.79,0.01,1,4679,买盘
11:05:06,46.79,0.0,1,4679,买盘
11:05:13,46.78,-0.01,10,46780,卖盘
11:05:16,46.78,0.0,2,9356,卖盘
11:05:25,46.79,0.01,6,28075,买盘
11:05:28,46.8,0.01,13,60840,买盘
11:05:31,46.79,-0.01,5,23395,卖盘
11:05:33,46.79,0.0,5,23395,卖盘
11:05:36,46.79,0.0,1,4679,卖盘
11:05:39,46.79,0.0,26,121654,卖盘
11:05:46,46.8,0.01,4,18717,买盘
11:05:48,46.8,0.0,73,341638,买盘
11:05:52,46.79,-0.01,6,28078,卖盘
11:06:01,46.8,0.01,3,14039,买盘
11:06:07,46.8,0.0,1,4680,买盘
11:06:09,46.79,-0.01,12,56148,卖盘
11:06:13,46.79,0.0,68,318237,卖盘
11:06:15,46.8,0.01,1,4680,买盘
11:06:31,46.79,-0.01,2,9358,卖盘
11:06:37,46.79,0.0,11,51470,卖盘
11:06:46,46.8,0.01,3,14038,买盘
11:06:51,46.79,-0.01,14,65518,卖盘
11:07:01,46.8,0.01,2,9360,买盘
11:07:07,46.8,0.0,2,9359,买盘
11:07:10,46.79,-0.01,2,9358,卖盘
11:07:13,46.79,0.0,1,4679,卖盘
11:07:16,46.8,0.01,22,102960,买盘
11:07:18,46.8,0.0,9,42120,买盘
11:07:22,46.8,0.0,147,687960,买盘
11:07:25,46.8,0.0,65,304195,买盘
11:07:28,46.79,-0.01,633,2962439,卖盘
11:07:31,46.83,0.04,654,3060750,买盘
11:07:34,46.87,0.04,7,32808,买盘
11:07:37,46.9,0.03,3,14070,买盘
11:07:40,46.9,0.0,38,178220,买盘
11:07:42,46.98,0.08,13,61066,买盘
11:07:46,46.9,-0.08,28,131323,卖盘
11:07:49,46.9,0.0,3,14066,卖盘
11:07:52,46.98,0.08,1,4698,买盘
11:07:55,46.98,0.0,2,9396,买盘
11:08:01,46.9,-0.08,7,32836,卖盘
11:08:04,46.9,0.0,2,9380,买盘
11:08:07,46.86,-0.04,2,9372,卖盘
11:08:15,46.87,0.01,27,126549,卖盘
11:08:19,46.9,0.03,48,225122,买盘
11:08:22,46.94,0.04,3,14082,买盘
11:08:25,46.91,-0.03,3,14073,中性盘
11:08:28,46.96,0.05,41,192536,买盘
11:08:31,46.9,-0.06,28,131329,卖盘
11:08:33,46.95,0.05,1,4695,买盘
11:08:37,46.86,-0.09,50,234317,卖盘
11:08:45,46.94,0.08,28,131338,买盘
11:08:52,46.94,0.0,1,4694,买盘
11:08:57,46.94,0.0,3,14082,买盘
11:09:01,46.89,-0.05,19,89119,卖盘
11:09:04,46.94,0.05,13,60970,中性盘
11:09:06,46.93,-0.01,17,79781,卖盘
11:09:10,46.86,-0.07,1,4686,卖盘
11:09:12,46.93,0.07,1,4693,买盘
11:09:16,46.85,-0.08,13,60911,卖盘
11:09:22,46.83,-0.02,3,14051,卖盘
11:09:25,46.85,0.02,2,9370,买盘
11:09:34,46.82,-0.03,29,135788,卖盘
11:09:37,46.8,-0.02,1,4680,卖盘
11:09:43,46.82,0.02,5,23404,买盘
11:09:46,46.82,0.0,1,4682,买盘
11:09:48,46.82,0.0,3,14046,买盘
11:09:54,46.82,0.0,2,9364,买盘
11:09:58,46.81,-0.01,7,32768,卖盘
11:10:01,46.81,0.0,28,131068,卖盘
11:10:04,46.82,0.01,3,14046,买盘
11:10:07,46.82,0.0,1,4682,买盘
11:10:13,46.81,-0.01,4,18724,卖盘
11:10:16,46.83,0.02,19,88970,买盘
11:10:19,46.83,0.0,6,28099,买盘
11:10:21,46.84,0.01,6,28131,买盘
11:10:24,46.83,-0.01,12,56196,中性盘
11:10:27,46.83,0.0,32,149856,卖盘
11:10:30,46.83,0.0,29,135810,卖盘
11:10:37,46.82,-0.01,11,51514,卖盘
11:10:40,46.83,0.01,2,9366,中性盘
11:10:45,46.81,-0.02,26,121715,卖盘
11:10:49,46.83,0.02,2,9365,中性盘
11:10:54,46.83,0.0,4,18730,买盘
11:10:58,46.81,-0.02,2,9362,卖盘
11:11:01,46.81,0.0,1,4681,卖盘
11:11:04,46.81,0.0,6,28089,卖盘
11:11:19,46.9,0.09,7,32816,买盘
11:11:22,46.9,0.0,1,4690,买盘
11:11:24,46.84,-0.06,1,4684,中性盘
11:11:28,46.88,0.04,1,4688,买盘
11:11:37,46.84,-0.04,3,14052,卖盘
11:11:40,46.85,0.01,1,4685,卖盘
11:11:43,46.86,0.01,4,18750,中性盘
11:11:49,46.85,-0.01,5,23430,卖盘
11:11:51,46.88,0.03,7,32803,买盘
11:11:54,46.86,-0.02,1,4686,中性盘
11:11:58,46.86,0.0,12,56218,买盘
11:12:01,46.84,-0.02,19,88997,卖盘
11:12:04,46.88,0.04,13,60925,买盘
11:12:13,46.9,0.02,33,154703,买盘
11:12:15,46.88,-0.02,2,9376,卖盘
11:12:19,46.87,-0.01,11,51557,卖盘
11:12:22,46.91,0.04,3,14071,买盘
11:12:28,46.87,-0.04,14,65632,卖盘
11:12:31,46.91,0.04,3,14071,买盘
11:12:34,46.91,0.0,2,9382,卖盘
11:12:36,46.91,0.0,1,4691,卖盘
11:12:39,46.93,0.02,3,14079,买盘
11:12:43,46.93,0.0,1,4693,买盘
11:12:45,46.93,0.0,7,32851,买盘
11:12:48,46.94,0.01,9,42238,买盘
11:12:55,46.94,0.0,2,9388,卖盘
11:12:57,46.95,0.01,1,4695,中性盘
11:13:01,46.95,0.0,4,18780,卖盘
11:13:03,46.95,0.0,2,9390,买盘
11:13:07,46.95,0.0,4,18780,买盘
11:13:13,46.94,-0.01,29,136132,卖盘
11:13:18,46.95,0.01,1,4695,卖盘
11:13:24,46.99,0.04,12,56378,买盘
11:13:28,46.96,-0.03,15,70440,卖盘
11:13:31,46.95,-0.01,11,51647,卖盘
11:13:34,46.97,0.02,4,18786,买盘
11:13:36,46.97,0.0,4,18788,买盘
11:13:43,46.94,-0.03,28,131447,卖盘
11:13:46,46.94,0.0,1,4694,买盘
11:13:49,46.95,0.01,3,14085,卖盘
11:13:52,46.99,0.04,1,4699,买盘
11:13:55,46.99,0.0,5,23495,买盘
11:13:57,46.99,0.0,1,4699,买盘
11:14:01,46.99,0.0,1,4699,买盘
11:14:04,46.99,0.0,6,28194,买盘
11:14:06,46.99,0.0,2,9398,买盘
11:14:10,46.96,-0.03,12,56382,卖盘
11:14:16,46.96,0.0,2,9392,卖盘
11:14:19,46.96,0.0,3,14088,买盘
11:14:22,46.98,0.02,9,42275,买盘
11:14:25,46.98,0.0,1,4698,卖盘
11:14:28,46.99,0.01,3,14097,买盘
11:14:34,46.98,-0.01,6,28188,买盘
11:14:46,46.98,0.0,5,23490,卖盘
11:14:49,47.0,0.02,13,61092,买盘
11:14:51,46.99,-0.01,1,4699,卖盘
11:14:57,47.0,0.01,1,4700,买盘
11:15:00,46.99,-0.01,8,37599,卖盘
11:15:04,47.0,0.01,3,14098,买盘
11:15:06,47.0,0.0,8,37739,买盘
11:15:10,47.0,0.0,5,23500,买盘
11:15:13,47.0,0.0,2,9400,买盘
11:15:18,47.0,0.0,5,23500,买盘
11:15:22,47.0,0.0,3,14100,买盘
11:15:25,46.99,-0.01,2,9398,卖盘
11:15:37,46.99,0.0,1,4699,卖盘
11:15:40,46.99,0.0,13,61099,卖盘
11:15:42,46.99,0.0,2,9398,卖盘
11:15:52,47.0,0.01,9,42300,买盘
11:16:04,47.0,0.0,9,42298,买盘
11:16:07,47.0,0.0,1,4700,买盘
11:16:13,47.0,0.0,2,9399,买盘
11:16:16,47.0,0.0,1,4700,买盘
11:16:18,47.0,0.0,9,42298,买盘
11:16:22,46.99,-0.01,2,9398,卖盘
11:16:31,46.99,0.0,11,51689,卖盘
11:16:33,46.99,0.0,12,56247,卖盘
11:16:36,47.0,0.01,3,14099,买盘
11:16:40,46.99,-0.01,2,9398,中性盘
11:16:43,47.0,0.01,10,47000,买盘
11:16:49,46.99,-0.01,1,4699,卖盘
11:16:52,47.0,0.01,11,51700,买盘
11:16:55,46.99,-0.01,68,319537,卖盘
11:16:58,47.0,0.01,5,23500,买盘
11:17:00,46.99,-0.01,2,9398,卖盘
11:17:04,46.99,0.0,15,70485,卖盘
11:17:07,47.0,0.01,1,4700,买盘
11:17:10,47.0,0.0,10,46995,买盘
11:17:16,47.0,0.0,1,4700,买盘
11:17:19,46.99,-0.01,14,65796,卖盘
11:17:21,47.0,0.01,27,126900,买盘
11:17:24,46.99,-0.01,2,9398,卖盘
11:17:28,47.0,0.01,15,70487,买盘
11:17:31,46.99,-0.01,3,14098,卖盘
11:17:37,47.0,0.01,116,544975,买盘
11:17:40,47.0,0.0,5,23498,买盘
11:17:42,46.98,-0.02,2,9396,卖盘
11:17:48,47.0,0.02,14,65774,买盘
11:17:52,47.0,0.0,10,46996,买盘
11:17:55,47.0,0.0,5,23498,买盘
11:17:58,47.0,0.0,8,37592,买盘
11:18:01,46.96,-0.04,1,4696,卖盘
11:18:07,47.0,0.04,1,4700,买盘
11:18:10,47.0,0.0,1,4700,买盘
11:18:13,47.0,0.0,2,9397,买盘
11:18:16,46.97,-0.03,3,14091,卖盘
11:18:19,46.97,0.0,2,9394,买盘
11:18:24,46.96,-0.01,4,18785,卖盘
11:18:28,46.96,0.0,10,46960,卖盘
11:18:30,46.97,0.01,9,42271,买盘
11:18:34,46.96,-0.01,1,4696,卖盘
11:18:37,46.95,-0.01,1,4695,卖盘
11:18:39,46.96,0.01,1,4696,买盘
11:18:46,46.95,-0.01,1,4695,卖盘
11:18:52,46.97,0.02,3,14091,买盘
11:18:55,46.96,-0.01,12,56352,卖盘
11:19:01,46.96,0.0,7,32872,卖盘
11:19:07,46.95,-0.01,126,591637,卖盘
11:19:10,46.93,-0.02,14,65713,卖盘
11:19:13,46.91,-0.02,1,4691,卖盘
11:19:19,46.95,0.04,1,4695,买盘
11:19:25,46.95,0.0,1,4695,买盘
11:19:31,46.96,0.01,1,4696,买盘
11:19:34,46.93,-0.03,3,14079,卖盘
11:19:39,46.95,0.02,4,18780,卖盘
11:19:43,46.96,0.01,1,4696,买盘
11:19:46,46.97,0.01,5,23482,买盘
11:19:49,46.95,-0.02,3,14087,卖盘
11:19:52,46.96,0.01,2,9391,买盘
11:19:54,46.96,0.0,7,32872,买盘
11:19:57,46.95,-0.01,1,4695,卖盘
11:20:01,46.95,0.0,7,32865,卖盘
11:20:10,46.94,-0.01,2,9388,卖盘
11:20:13,46.95,0.01,1,4695,买盘
11:20:22,46.96,0.01,1,4696,买盘
11:20:25,46.95,-0.01,1,4695,卖盘
11:20:31,46.96,0.01,10,46958,买盘
11:20:43,46.96,0.0,1,4696,买盘
11:20:45,46.96,0.0,4,18784,买盘
11:20:49,46.95,-0.01,14,65741,卖盘
11:20:55,46.96,0.01,57,267896,卖盘
11:21:00,46.96,0.0,38,178741,卖盘
11:21:07,46.98,0.02,2,9396,中性盘
11:21:10,47.01,0.03,5,23501,买盘
11:21:16,47.0,-0.01,2,9398,买盘
11:21:19,47.0,0.0,2,9400,买盘
11:21:22,47.01,0.01,8,37601,买盘
11:21:25,47.01,0.0,4,18803,买盘
11:21:28,47.02,0.01,3,14903,买盘
11:21:31,47.02,0.0,3,14106,买盘
11:21:34,47.01,-0.01,1,4701,卖盘
11:21:37,47.05,0.04,2,9406,买盘
11:21:40,47.02,-0.03,14,65817,中性盘
11:21:43,47.05,0.03,1,4705,买盘
11:21:46,47.03,-0.02,7,32923,中性盘
11:21:49,47.03,0.0,4,18812,买盘
11:21:52,47.03,0.0,2,9405,买盘
11:22:00,47.04,0.01,4,18816,买盘
11:22:04,47.03,-0.01,2,9406,卖盘
11:22:13,47.04,0.01,2,9408,卖盘
11:22:25,47.04,0.0,6,28227,卖盘
11:22:27,47.05,0.01,10,47050,买盘
11:22:30,47.04,-0.01,1,847,卖盘
11:22:34,47.04,0.0,10,47040,卖盘
11:22:40,47.04,0.0,2,9408,卖盘
11:22:43,47.05,0.01,3,14114,买盘
11:22:46,47.05,0.0,3,14115,买盘
11:22:49,47.05,0.0,2,9409,买盘
11:22:52,47.04,-0.01,5,23521,卖盘
11:22:54,47.05,0.01,21,98805,买盘
11:22:57,47.05,0.0,2,9410,卖盘
11:23:01,47.08,0.03,4,18823,买盘
11:23:07,47.08,0.0,5,23540,买盘
11:23:10,47.08,0.0,1,4708,买盘
11:23:13,47.08,0.0,3,14124,买盘
11:23:18,47.08,0.0,5,23540,买盘
11:23:22,47.06,-0.02,3,14120,卖盘
11:23:24,47.05,-0.01,3,14117,卖盘
11:23:28,47.08,0.03,5,23539,买盘
11:23:37,47.08,0.0,2,9415,买盘
11:23:39,47.08,0.0,3,14122,买盘
11:23:43,47.08,0.0,20,94160,买盘
11:23:52,47.08,0.01,1,4708,买盘
11:23:57,47.07,-0.01,6,28246,卖盘
11:24:00,47.07,0.0,1,4707,卖盘
11:24:06,47.08,0.01,2,9416,买盘
11:24:12,47.07,-0.01,1,4707,卖盘
11:24:19,47.08,0.01,10,47078,买盘
11:24:25,47.08,0.0,1,4708,买盘
11:24:28,47.08,0.0,5,23540,买盘
11:24:34,47.08,0.0,10,47080,买盘
11:24:37,47.07,-0.01,21,98865,卖盘
11:24:40,47.08,0.01,5,23540,买盘
11:24:46,47.11,0.03,5,23555,买盘
11:24:51,47.08,-0.03,33,155461,卖盘
11:24:55,47.09,0.01,7,32976,中性盘
11:24:57,47.12,0.03,1,4712,买盘
11:25:00,47.12,0.0,13,61539,买盘
11:25:03,47.12,0.0,6,28274,卖盘
11:25:10,47.12,0.0,1,4712,卖盘
11:25:12,47.12,0.0,9,42408,卖盘
11:25:16,47.13,0.01,10,47128,买盘
11:25:19,47.13,0.0,2,9426,买盘
11:25:25,47.13,0.0,13,61269,买盘
11:25:28,47.13,0.0,29,136673,买盘
11:25:30,47.13,0.0,3,14139,买盘
11:25:33,47.12,-0.01,5,23560,卖盘
11:25:37,47.13,0.01,6,28278,买盘
11:25:39,47.13,0.0,6,28278,买盘
11:25:43,47.12,-0.01,8,37698,卖盘
11:25:45,47.13,0.01,1,4713,买盘
11:25:49,47.12,-0.01,6,28277,卖盘
11:25:55,47.12,0.0,2,9424,卖盘
11:26:03,47.13,0.01,2,9426,买盘
11:26:13,47.13,0.0,2,9426,中性盘
11:26:16,47.13,0.0,1,4713,卖盘
11:26:25,47.12,-0.01,1,4712,卖盘
11:26:28,47.14,0.02,3,14138,买盘
11:26:31,47.14,0.0,36,169696,买盘
11:26:33,47.12,-0.02,6,28272,卖盘
11:26:52,47.14,0.02,6,28280,买盘
11:26:55,47.14,0.0,5,23566,买盘
11:26:58,47.13,-0.01,4,18851,中性盘
11:27:01,47.13,0.0,1,4713,卖盘
11:27:06,47.14,0.01,35,164990,买盘
11:27:09,47.15,0.01,3,14143,买盘
11:27:12,47.14,-0.01,12,56579,卖盘
11:27:16,47.14,0.0,4,18856,卖盘
11:27:27,47.14,0.0,2,9428,卖盘
11:27:31,47.15,0.01,1,4715,买盘
11:27:38,47.14,-0.01,1,4714,卖盘
11:27:40,47.15,0.01,18,84869,买盘
11:27:42,47.15,0.0,4,18860,买盘
11:27:48,47.14,-0.01,5,23570,卖盘
11:27:54,47.15,0.01,3,14145,买盘
11:27:58,47.15,0.0,10,47150,买盘
11:28:01,47.15,0.0,1,4715,买盘
11:28:03,47.15,0.0,2,9429,买盘
11:28:07,47.17,0.02,13,61295,买盘
11:28:13,47.17,0.0,2,9434,买盘
11:28:15,47.18,0.01,3,14154,买盘
11:28:22,47.16,-0.02,1,4716,卖盘
11:28:24,47.16,0.0,3,14151,卖盘
11:28:31,47.16,0.0,27,128185,卖盘
11:28:34,47.18,0.02,32,150976,买盘
11:28:37,47.18,0.0,3,14152,买盘
11:28:39,47.18,0.0,1,4718,买盘
11:28:43,47.18,0.0,4,18869,买盘
11:28:46,47.16,-0.02,2,9432,卖盘
11:28:49,47.18,0.02,8,37742,买盘
11:28:51,47.19,0.01,3,14157,买盘
11:28:55,47.19,0.0,3,14157,买盘
11:29:00,47.18,-0.01,5,23593,卖盘
11:29:07,47.18,0.0,2,9436,买盘
11:29:09,47.18,0.0,1,4718,卖盘
11:29:16,47.18,0.0,5,23590,卖盘
11:29:19,47.19,0.01,5,23595,买盘
11:29:22,47.18,-0.01,4,18874,卖盘
11:29:25,47.18,0.0,12,56627,卖盘
11:29:31,47.2,0.02,2,9440,买盘
11:29:33,47.25,0.05,10,47244,买盘
11:29:39,47.25,0.0,1,4725,买盘
11:29:42,47.25,0.0,2,9444,买盘
11:29:46,47.25,0.0,1,4725,买盘
11:29:57,47.19,-0.06,1,4719,卖盘
11:30:00,47.19,0.0,2,9438,卖盘
13:00:01,47.19,0.0,38,179326,卖盘
13:00:04,47.19,0.0,197,927810,买盘
13:00:07,47.19,0.0,47,221747,买盘
13:00:11,47.18,-0.01,13,61318,中性盘
13:00:13,47.19,0.01,52,246190,买盘
13:00:17,47.17,-0.02,40,187902,卖盘
13:00:19,47.17,0.0,13,61321,卖盘
13:00:22,47.18,0.01,2,9436,买盘
13:00:25,47.17,-0.01,5,23585,卖盘
13:00:28,47.17,0.0,32,150944,卖盘
13:00:32,47.12,-0.05,4,18851,卖盘
13:00:35,47.1,-0.02,9,42396,卖盘
13:00:38,47.08,-0.02,1,4708,卖盘
13:00:41,47.07,-0.01,4,18828,卖盘
13:00:43,47.09,0.02,3,14123,买盘
13:00:49,47.04,-0.05,32,150529,卖盘
13:00:53,47.04,0.0,2,9408,中性盘
13:00:55,47.0,-0.04,23,108223,卖盘
13:00:58,47.1,0.1,4,18813,买盘
13:01:04,47.0,-0.1,103,484195,卖盘
13:01:08,47.02,0.02,3,14106,卖盘
13:01:13,47.09,0.07,2,9411,买盘
13:01:16,47.09,0.0,11,51785,买盘
13:01:19,47.09,0.0,67,315503,卖盘
13:01:23,47.02,-0.07,8,37616,卖盘
13:01:28,47.0,-0.02,3,13254,卖盘
13:01:34,46.91,-0.09,31,146393,卖盘
13:01:38,46.91,0.0,7,32849,卖盘
13:01:41,47.0,0.09,5,23490,买盘
13:01:43,47.0,0.0,3,14388,卖盘
13:01:47,47.0,0.0,1,4700,卖盘
13:01:49,46.9,-0.1,91,426980,卖盘
13:01:53,47.0,0.1,1,4700,买盘
13:01:55,46.98,-0.02,2,9396,卖盘
13:01:58,46.98,0.0,9,42282,卖盘
13:02:01,47.0,0.02,4,18800,买盘
13:02:04,46.98,-0.02,12,56376,卖盘
13:02:08,46.98,0.0,6,28188,卖盘
13:02:16,46.97,-0.01,1,4697,中性盘
13:02:19,46.97,0.0,49,229956,买盘
13:02:25,46.91,-0.06,1,4691,卖盘
13:02:28,46.91,0.0,5,23456,卖盘
13:02:32,46.9,-0.01,39,182943,卖盘
13:02:34,46.91,0.01,23,107874,买盘
13:02:38,46.9,-0.01,12,56280,卖盘
13:02:40,46.91,0.01,1,4691,买盘
13:02:43,46.91,0.0,3,14073,买盘
13:02:47,46.9,-0.01,58,272046,卖盘
13:02:49,46.9,0.0,44,206362,卖盘
13:02:53,46.89,-0.01,2,9378,卖盘
13:02:55,46.89,0.0,10,46891,卖盘
13:02:58,46.87,-0.02,1,4687,卖盘
13:03:01,46.87,0.0,111,520257,卖盘
13:03:10,46.87,0.0,21,98427,买盘
13:03:13,46.85,-0.02,5,23428,卖盘
13:03:16,46.85,0.0,64,299846,卖盘
13:03:23,46.86,0.01,73,342021,买盘
13:03:26,46.84,-0.02,19,89013,卖盘
13:03:28,46.86,0.02,12,56232,买盘
13:03:32,46.86,0.0,95,445057,卖盘
13:03:34,46.87,0.01,9,42176,买盘
13:03:37,46.87,0.0,2,9374,卖盘
13:03:40,46.89,0.02,3,14065,买盘
13:03:44,46.9,0.01,10,46896,买盘
13:03:46,46.9,0.0,22,103180,买盘
13:03:50,46.89,-0.01,11,51584,卖盘
13:03:56,46.89,0.0,3,14065,买盘
13:03:59,46.89,0.0,1,4689,卖盘
13:04:02,46.9,0.01,15,70350,买盘
13:04:05,46.9,0.0,10,46900,卖盘
13:04:07,46.92,0.02,2,9384,买盘
13:04:11,46.97,0.05,3,14081,买盘
13:04:14,46.98,0.01,31,145624,买盘
13:04:16,46.93,-0.05,1,5496,卖盘
13:04:20,46.99,0.06,4,18795,买盘
13:04:23,46.99,0.0,17,79883,卖盘
13:04:25,46.98,-0.01,4,18793,卖盘
13:04:35,46.98,0.0,3,14094,买盘
13:04:44,46.99,0.01,3,14096,买盘
13:04:47,46.93,-0.06,13,61045,卖盘
13:04:50,46.93,0.0,1,4693,卖盘
13:04:55,46.99,0.06,10,46990,买盘
13:04:57,46.99,0.0,2,9398,买盘
13:05:02,46.99,0.0,4,18796,买盘
13:05:07,46.93,-0.06,3,15349,卖盘
13:05:10,46.99,0.06,5,23495,买盘
13:05:14,46.92,-0.07,11,51624,卖盘
13:05:26,46.92,0.0,3,14076,卖盘
13:05:29,46.99,0.07,21,98678,买盘
13:05:40,47.0,0.01,6,28200,买盘
13:05:43,47.0,0.0,152,714373,买盘
13:05:53,47.0,0.01,3,14100,买盘
13:05:59,47.0,0.0,13,61100,买盘
13:06:02,46.99,-0.01,161,756699,卖盘
13:06:05,46.99,0.0,2,9409,卖盘
13:06:08,47.0,0.01,501,2354700,买盘
13:06:14,47.13,0.13,17,80101,买盘
13:06:17,47.11,-0.02,1,4711,买盘
13:06:19,47.15,0.04,25,117581,买盘
13:06:23,47.01,-0.14,10,43179,卖盘
13:06:31,47.1,0.09,4,18840,买盘
13:06:38,47.11,0.01,5,23545,买盘
13:06:41,47.11,0.0,3,14113,买盘
13:06:44,47.11,0.0,8,37687,买盘
13:06:46,47.11,0.0,8,37681,买盘
13:06:50,47.11,0.0,15,70655,买盘
13:06:53,47.1,-0.01,5,23551,卖盘
13:06:55,47.1,0.0,1,4710,买盘
13:06:58,47.11,0.01,2,9422,买盘
13:07:01,47.1,-0.01,2,9420,卖盘
13:07:05,47.11,0.01,9,42399,买盘
13:07:07,47.1,-0.01,2,9421,卖盘
13:07:14,47.11,0.01,6,28264,买盘
13:07:17,47.1,-0.01,2,9420,卖盘
13:07:19,47.11,0.01,13,61231,买盘
13:07:22,47.1,-0.01,12,56523,卖盘
13:07:25,47.11,0.01,7,32975,买盘
13:07:35,47.1,0.0,69,324773,买盘
13:07:41,47.1,0.0,1,4710,买盘
13:07:44,47.1,0.0,3,14130,买盘
13:07:46,47.09,-0.01,12,56518,卖盘
13:07:50,47.09,0.0,4,18839,卖盘
13:07:52,47.09,0.0,1,4709,卖盘
13:07:59,47.1,0.01,12,56518,买盘
13:08:02,47.1,0.0,10,47100,买盘
13:08:16,47.09,-0.01,31,145979,卖盘
13:08:20,47.1,0.01,1,4710,买盘
13:08:23,47.09,-0.01,1,4709,卖盘
13:08:26,47.09,0.0,5,23549,卖盘
13:08:38,47.1,0.01,5,23548,买盘
13:08:40,47.1,0.0,2,9420,买盘
13:08:43,47.1,0.0,2,9420,买盘
13:08:49,47.1,0.0,10,47100,买盘
13:08:53,47.09,-0.01,30,141270,卖盘
13:08:56,47.09,0.0,3,14128,卖盘
13:08:59,47.1,0.01,65,306150,买盘
13:09:01,47.09,-0.01,13,61217,卖盘
13:09:07,47.09,0.0,1,4709,卖盘
13:09:10,47.09,0.0,2,9418,卖盘
13:09:13,47.09,0.0,2,9418,卖盘
13:09:16,47.09,0.0,1,4709,卖盘
13:09:20,47.1,0.01,48,226080,买盘
13:09:31,47.09,-0.01,1,4756,卖盘
13:09:35,47.09,0.0,2,9418,卖盘
13:09:38,47.09,0.0,1,4709,卖盘
13:09:40,47.1,0.01,77,362670,买盘
13:09:50,47.1,0.0,5,23549,买盘
13:09:53,47.08,-0.02,41,192215,卖盘
13:09:56,47.09,0.01,8,37672,买盘
13:09:59,47.08,-0.01,21,98868,卖盘
13:10:01,47.08,0.0,1,4708,卖盘
13:10:04,47.08,0.0,15,70621,卖盘
13:10:07,47.08,0.0,24,112992,卖盘
13:10:11,47.08,0.0,4,18832,卖盘
13:10:14,47.02,-0.06,1,4702,卖盘
13:10:17,47.02,0.0,1,4702,卖盘
13:10:20,47.03,0.01,3,14109,买盘
13:10:25,47.02,-0.01,11,51722,卖盘
13:10:31,47.02,0.0,3,14106,卖盘
13:10:37,47.02,0.0,7,32914,卖盘
13:10:40,47.03,0.01,15,70545,买盘
13:10:44,47.03,0.0,1,4703,买盘
13:10:47,47.02,-0.01,2,9404,卖盘
13:10:50,47.03,0.01,6,28215,买盘
13:10:58,47.03,0.0,2,9406,买盘
13:11:02,47.05,0.02,1,4705,买盘
13:11:05,47.02,-0.03,1,4702,卖盘
13:11:08,47.02,0.0,3,14108,卖盘
13:11:10,47.05,0.03,3,14109,买盘
13:11:13,47.02,-0.03,11,51722,卖盘
13:11:20,47.04,0.02,3,14112,买盘
13:11:22,47.03,-0.01,1,4703,卖盘
13:11:26,47.03,0.0,2,9407,卖盘
13:11:29,47.03,0.0,2,10958,卖盘
13:11:32,47.01,-0.02,42,197480,买盘
13:11:41,47.0,-0.01,366,1720256,卖盘
13:11:43,47.03,0.03,72,338610,买盘
13:11:46,47.01,-0.02,16,75231,卖盘
13:11:49,47.01,0.0,5,23511,卖盘
13:11:53,47.0,-0.01,92,432472,卖盘
13:11:56,47.0,0.0,26,120715,卖盘
13:11:59,47.0,0.0,12,56398,买盘
13:12:02,46.99,-0.01,2,9398,卖盘
13:12:10,46.98,-0.01,4,18792,卖盘
13:12:13,46.99,0.01,1,4699,买盘
13:12:20,46.99,0.0,2,9397,买盘
13:12:22,46.98,-0.01,1,4698,卖盘
13:12:25,46.99,0.01,4,18794,买盘
13:12:35,47.0,0.01,3,14098,买盘
13:12:38,46.96,-0.04,9,42286,卖盘
13:12:44,46.96,0.0,2,9392,卖盘
13:12:49,46.98,0.02,3,14094,买盘
13:12:53,46.97,-0.01,1,4697,卖盘
13:13:02,46.97,0.0,2,9394,卖盘
13:13:08,46.98,0.01,1,4698,买盘
13:13:10,46.98,0.0,14,65772,买盘
13:13:14,46.97,-0.01,13,61073,卖盘
13:13:17,46.99,0.02,3,14096,买盘
13:13:19,46.98,-0.01,2,9396,卖盘
13:13:23,46.99,0.01,7,32890,买盘
13:13:25,46.99,0.0,1,4699,买盘
13:13:29,46.99,0.0,6,28190,买盘
13:13:35,47.0,0.01,28,131596,买盘
13:13:38,47.0,0.0,6,28200,买盘
13:13:41,47.0,0.0,3,14096,买盘
13:13:43,47.0,0.0,270,1270551,买盘
13:13:47,47.09,0.09,5,23524,买盘
13:13:50,47.09,0.0,5,23536,买盘
13:13:56,47.09,0.0,11,51798,买盘
13:13:59,47.01,-0.08,2,9402,卖盘
13:14:02,47.08,0.07,1,4708,中性盘
13:14:13,47.01,-0.07,5,23505,卖盘
13:14:19,47.09,0.08,8,37658,买盘
13:14:26,47.03,-0.06,1,4703,卖盘
13:14:37,47.09,0.06,3,14115,买盘
13:14:47,47.09,0.0,1,4709,买盘
13:14:50,47.09,0.0,1,4709,买盘
13:14:53,47.09,0.0,3,14127,买盘
13:15:02,47.08,-0.01,3,14121,买盘
13:15:05,47.08,0.0,2,9416,中性盘
13:15:11,47.08,0.0,1,4708,买盘
13:15:14,47.07,-0.01,1,4707,中性盘
13:15:20,47.08,0.01,13,61204,买盘
13:15:23,47.07,-0.01,9,42362,卖盘
13:15:26,47.07,0.0,1,4707,买盘
13:15:29,47.07,0.0,1,4707,买盘
13:15:32,47.07,0.0,1,4707,买盘
13:15:35,47.07,0.0,14,65897,买盘
13:15:37,47.06,-0.01,1,4706,卖盘
13:15:41,47.07,0.01,19,89430,买盘
13:15:43,47.07,0.0,4,18828,买盘
13:15:56,47.09,0.02,29,136545,买盘
13:15:59,47.09,0.0,11,51799,买盘
13:16:08,47.09,0.0,4,18836,买盘
13:16:14,47.08,-0.01,1,4708,卖盘
13:16:22,47.09,0.01,13,61217,买盘
13:16:35,47.09,0.0,3,14127,买盘
13:16:40,47.08,-0.01,3,14124,卖盘
13:16:43,47.09,0.01,2,9418,买盘
13:16:50,47.09,0.0,3,14126,买盘
13:16:55,47.09,0.0,33,155397,买盘
13:16:58,47.09,0.0,8,37672,买盘
13:17:02,47.09,0.0,40,188321,买盘
13:17:05,47.09,0.0,1,4709,买盘
13:17:10,47.09,0.0,23,108307,买盘
13:17:22,47.09,0.0,9,42381,买盘
13:17:25,47.09,0.0,110,517989,买盘
13:17:29,47.09,0.0,46,216614,买盘
13:17:31,47.09,0.0,7,32963,买盘
13:17:35,47.09,0.0,12,56508,买盘
13:17:37,47.09,0.0,60,282540,买盘
13:17:41,47.09,0.0,93,438783,买盘
13:17:47,47.1,0.01,90,424183,买盘
13:17:49,47.11,0.01,53,249679,买盘
13:17:53,47.11,0.0,22,103631,买盘
13:17:56,47.11,0.0,9,42399,买盘
13:17:59,47.11,0.0,136,640696,买盘
13:18:02,47.11,0.0,27,127195,买盘
13:18:05,47.11,0.0,73,343903,买盘
13:18:08,47.11,0.0,98,461678,买盘
13:18:11,47.15,0.04,5,23575,买盘
13:18:20,47.19,0.04,11,51900,买盘
13:18:23,47.15,-0.04,18,84938,中性盘
13:18:32,47.19,0.04,3,14155,买盘
13:18:34,47.21,0.02,371,1750753,买盘
13:18:38,47.21,0.0,19,89693,买盘
13:18:41,47.21,0.0,4,18884,买盘
13:18:44,47.21,0.0,23,108583,买盘
13:18:47,47.15,-0.06,42,198222,卖盘
13:18:50,47.21,0.06,53,247946,买盘
13:18:53,47.24,0.03,11,51963,买盘
13:18:55,47.25,0.01,3,14175,买盘
13:18:59,47.25,0.0,7,33075,买盘
13:19:02,47.28,0.03,11,51981,买盘
13:19:05,47.24,-0.04,27,127584,卖盘
13:19:08,47.24,0.0,23,108652,买盘
13:19:11,47.23,-0.01,10,47230,卖盘
13:19:13,47.23,0.0,7,33060,买盘
13:19:16,47.23,0.0,5,23615,买盘
13:19:19,47.24,0.01,5,23620,中性盘
13:19:26,47.25,0.01,1,4725,卖盘
13:19:32,47.19,-0.06,87,410860,卖盘
13:19:35,47.19,0.0,7,33033,买盘
13:19:44,47.15,-0.04,2,9430,卖盘
13:19:47,47.19,0.04,1,4719,买盘
13:19:50,47.15,-0.04,11,51865,卖盘
13:19:53,47.15,0.0,3,14145,买盘
13:20:01,47.15,0.0,4,18860,买盘
13:20:05,47.15,0.0,3,14143,买盘
13:20:11,47.18,0.03,1,4718,买盘
13:20:14,47.18,0.0,2,9436,买盘
13:20:20,47.18,0.0,4,18872,买盘
13:20:23,47.17,-0.01,1,4717,卖盘
13:20:26,47.16,-0.01,12,56593,卖盘
13:20:29,47.16,0.0,35,165060,买盘
13:20:32,47.16,0.0,2,9432,买盘
13:20:35,47.16,0.0,5,23580,买盘
13:20:40,47.16,0.0,2,9432,买盘
13:20:50,47.16,0.0,3,14148,买盘
13:20:53,47.16,0.0,4,18867,中性盘
13:20:55,47.17,0.01,1,4717,买盘
13:21:01,47.16,-0.01,1,4716,卖盘
13:21:04,47.18,0.02,35,165097,买盘
13:21:17,47.18,0.01,1,4718,买盘
13:21:19,47.19,0.01,1,4719,买盘
13:21:23,47.19,0.0,3,14156,买盘
13:21:26,47.19,0.0,77,363362,买盘
13:21:28,47.19,0.0,30,141570,买盘
13:21:34,47.19,0.0,235,1108965,买盘
13:21:38,47.18,-0.01,1,4718,卖盘
13:21:41,47.19,0.01,1,4719,买盘
13:21:44,47.19,0.0,2,9438,买盘
13:21:46,47.19,0.0,3,14157,买盘
13:21:50,47.19,0.0,1,4719,买盘
13:21:53,47.19,0.0,7,33033,买盘
13:21:58,47.19,0.0,13,61347,买盘
13:22:02,47.19,0.0,1,4719,买盘
13:22:05,47.19,0.0,11,51909,买盘
13:22:11,47.19,0.0,69,325611,买盘
13:22:13,47.19,0.0,39,184040,买盘
13:22:20,47.19,0.0,4,18876,买盘
13:22:23,47.19,0.0,3,14157,买盘
13:22:25,47.19,0.0,6,28314,买盘
13:22:29,47.19,0.0,131,618189,买盘
13:22:32,47.25,0.06,2,9444,买盘
13:22:38,47.27,0.02,5,23637,中性盘
13:22:41,47.24,-0.03,8,37800,卖盘
13:22:43,47.24,0.0,7,33068,卖盘
13:22:47,47.24,0.0,5,23620,卖盘
13:22:50,47.24,0.0,7,33068,卖盘
13:22:56,47.25,0.01,6,28350,买盘
13:22:58,47.24,-0.01,1,4724,卖盘
13:23:02,47.27,0.03,3,14177,买盘
13:23:05,47.25,-0.02,1,4725,中性盘
13:23:20,47.25,0.0,5,23622,买盘
13:23:23,47.27,0.02,6,28356,买盘
13:23:26,47.25,-0.02,6,28350,卖盘
13:23:29,47.28,0.03,1,4728,买盘
13:23:35,47.28,0.0,1,4728,买盘
13:23:38,47.27,-0.01,3,14183,中性盘
13:23:40,47.27,0.0,1,4727,买盘
13:23:46,47.27,0.0,1,4727,买盘
13:23:53,47.28,0.01,7,33096,买盘
13:23:59,47.28,0.0,1,4728,买盘
13:24:02,47.27,-0.01,9,42542,卖盘
13:24:11,47.27,0.0,3,14181,买盘
13:24:18,47.28,0.01,17,80360,买盘
13:24:20,47.28,0.0,2,9456,买盘
13:24:23,47.28,0.0,13,61454,买盘
13:24:26,47.27,-0.01,5,21271,卖盘
13:24:32,47.28,0.01,2,9456,买盘
13:24:34,47.27,-0.01,10,47270,卖盘
13:24:38,47.27,0.0,1,4727,卖盘
13:24:41,47.28,0.01,3,14184,买盘
13:24:47,47.29,0.01,2,9458,买盘
13:24:59,47.28,-0.01,28,132384,卖盘
13:25:04,47.28,0.0,1,4728,买盘
13:25:08,47.28,0.0,3,14184,卖盘
13:25:11,47.28,0.0,3,14184,买盘
13:25:14,47.27,-0.01,4,18908,卖盘
13:25:20,47.29,0.02,8,37832,买盘
13:25:21,47.28,-0.01,9,42552,卖盘
13:25:26,47.28,0.0,9,42552,买盘
13:25:28,47.28,0.0,10,47280,买盘
13:25:32,47.28,0.0,6,28368,买盘
13:25:41,47.28,0.0,1,4728,买盘
13:25:44,47.28,0.0,2,9456,买盘
13:25:46,47.27,-0.01,45,212715,卖盘
13:25:50,47.27,0.0,1,4727,卖盘
13:25:56,47.27,0.0,5,23638,卖盘
13:25:59,47.27,0.0,5,25999,卖盘
13:26:02,47.26,-0.01,64,302466,卖盘
13:26:05,47.24,-0.02,22,103942,卖盘
13:26:08,47.24,0.0,8,37800,卖盘
13:26:11,47.25,0.01,1,4725,买盘
13:26:17,47.2,-0.05,8,37760,卖盘
13:26:20,47.25,0.05,76,358999,买盘
13:26:23,47.25,0.0,11,51938,买盘
13:26:25,47.2,-0.05,9,42480,卖盘
13:26:32,47.25,0.05,3,14175,买盘
13:26:47,47.24,-0.01,1,4724,买盘
13:27:02,47.22,-0.02,8,37788,卖盘
13:27:07,47.24,0.02,2,9448,买盘
13:27:13,47.24,0.0,12,56684,买盘
13:27:17,47.24,0.0,6,28344,买盘
13:27:23,47.25,0.01,6,28346,买盘
13:27:26,47.23,-0.02,1,4723,卖盘
13:27:35,47.24,0.01,1,4724,买盘
13:27:38,47.23,-0.01,1,4723,卖盘
13:27:40,47.23,0.0,13,61402,卖盘
13:27:44,47.23,0.0,4,18892,买盘
13:28:05,47.22,-0.01,5,23610,卖盘
13:28:11,47.23,0.01,9,42507,买盘
13:28:14,47.22,-0.01,6,28336,卖盘
13:28:18,47.23,0.01,6,28338,买盘
13:28:25,47.23,0.0,99,467577,买盘
13:28:31,47.23,0.0,1,4723,买盘
13:28:35,47.23,0.0,6,28339,卖盘
13:28:38,47.23,0.0,1,4723,卖盘
13:28:41,47.23,0.0,1,4723,卖盘
13:28:44,47.24,0.01,1,4724,买盘
13:28:46,47.23,-0.01,4,16672,卖盘
13:28:50,47.25,0.02,2,9449,买盘
13:28:53,47.23,-0.02,2,9447,卖盘
13:28:56,47.22,-0.01,13,61395,买盘
13:29:02,47.24,0.02,1,4724,卖盘
13:29:08,47.25,0.01,8,37800,买盘
13:29:09,47.25,0.0,6,28350,买盘
13:29:17,47.25,0.0,2,9450,买盘
13:29:20,47.24,-0.01,1,4724,卖盘
13:29:26,47.24,0.0,3,14172,卖盘
13:29:48,47.25,0.01,2,9450,买盘
13:29:50,47.24,-0.01,3,14172,卖盘
13:29:53,47.25,0.01,2,9449,买盘
13:29:56,47.25,0.0,4,18900,买盘
13:30:03,47.25,0.0,6,28349,买盘
13:30:05,47.25,0.0,4,18900,买盘
13:30:08,47.28,0.03,22,106367,买盘
13:30:11,47.25,-0.03,2,9453,卖盘
13:30:14,47.26,0.01,2,9452,中性盘
13:30:17,47.28,0.02,4,18912,中性盘
13:30:20,47.27,-0.01,2,9454,中性盘
13:30:23,47.27,0.0,6,28362,买盘
13:30:26,47.28,0.01,3,14184,买盘
13:30:29,47.27,-0.01,2,9454,卖盘
13:30:31,47.3,0.03,59,279039,买盘
13:30:35,47.32,0.02,4,18928,买盘
13:30:38,47.33,0.01,19,89926,买盘
13:30:41,47.33,0.0,15,70980,买盘
13:30:43,47.33,0.0,6,28398,买盘
13:30:48,47.33,0.0,2,9466,卖盘
13:30:53,47.34,0.01,2,9469,卖盘
13:30:56,47.35,0.01,6,28410,买盘
13:30:59,47.35,0.0,2,9470,卖盘
13:31:05,47.33,-0.02,9,42605,卖盘
13:31:08,47.35,0.02,11,52076,买盘
13:31:11,47.34,-0.01,3,14202,买盘
13:31:13,47.33,-0.01,3,14199,卖盘
13:31:15,47.36,0.03,3,14206,买盘
13:31:26,47.38,0.02,6,28419,买盘
13:31:29,47.37,-0.01,1,4737,卖盘
13:31:33,47.38,0.01,22,104234,买盘
13:31:38,47.37,-0.01,3,14211,卖盘
13:31:44,47.38,0.01,10,47380,买盘
13:31:50,47.39,0.01,8,37906,买盘
13:31:53,47.38,-0.01,29,137402,卖盘
13:31:56,47.38,0.0,25,118453,卖盘
13:31:58,47.38,0.0,10,47376,买盘
13:32:05,47.37,-0.01,3,14211,买盘
13:32:08,47.37,0.0,18,85271,卖盘
13:32:09,47.37,0.0,1,4737,卖盘
13:32:14,47.37,0.0,10,47370,卖盘
13:32:20,47.37,0.0,4,18948,卖盘
13:32:23,47.38,0.01,9,42636,买盘
13:32:26,47.37,-0.01,7,33158,卖盘
13:32:29,47.37,0.0,4,18948,买盘
13:32:35,47.37,0.0,8,37893,买盘
13:32:38,47.37,0.0,26,123162,买盘
13:32:41,47.38,0.01,3,14214,买盘
13:32:44,47.37,-0.01,1,4737,卖盘
13:32:45,47.38,0.01,16,75803,买盘
13:32:53,47.37,-0.01,1,4737,卖盘
13:33:02,47.37,0.0,1,4737,卖盘
13:33:11,47.37,0.0,21,99497,卖盘
13:33:14,47.38,0.01,2,9476,买盘
13:33:18,47.38,0.0,3,14214,中性盘
13:33:20,47.38,0.0,1,4738,买盘
13:33:26,47.38,0.0,10,47374,买盘
13:33:29,47.38,0.0,3,14214,买盘
13:33:34,47.38,0.0,3,14214,买盘
13:33:38,47.37,-0.01,16,75792,卖盘
13:33:48,47.37,0.0,5,23685,卖盘
13:33:50,47.37,0.0,42,199428,卖盘
13:33:53,47.37,0.0,6,27948,卖盘
13:33:54,47.36,-0.01,7,33155,卖盘
13:33:59,47.37,0.01,2,9474,买盘
13:34:08,47.36,-0.01,14,66304,买盘
13:34:11,47.36,0.0,2,9472,买盘
13:34:14,47.36,0.0,11,52096,卖盘
13:34:17,47.36,0.0,15,71040,卖盘
13:34:20,47.37,0.01,11,52107,买盘
13:34:22,47.36,-0.01,1,4736,卖盘
13:34:24,47.36,0.0,8,39312,卖盘
13:34:33,47.37,0.01,1,4737,买盘
13:34:35,47.37,0.0,3,12788,买盘
13:34:38,47.37,0.0,15,71055,买盘
13:34:41,47.38,0.01,38,177189,买盘
13:34:44,47.39,0.01,32,151642,买盘
13:34:48,47.39,0.0,25,118483,卖盘
13:34:50,47.37,-0.02,59,279515,卖盘
13:34:53,47.38,0.01,4,18952,买盘
13:34:56,47.38,0.0,2,9476,买盘
13:34:59,47.37,-0.01,1,4737,卖盘
13:35:03,47.38,0.01,2,9476,买盘
13:35:05,47.38,0.0,1,4738,买盘
13:35:08,47.38,0.0,16,75800,买盘
13:35:20,47.37,-0.01,2,9474,卖盘
13:35:23,47.38,0.01,2,9476,买盘
13:35:26,47.38,0.0,4,18951,买盘
13:35:29,47.38,0.0,5,23690,买盘
13:35:41,47.38,0.0,1,4738,买盘
13:35:44,47.38,0.0,2,9476,买盘
13:35:48,47.38,0.0,2,9476,买盘
13:35:50,47.38,0.0,4,18951,买盘
13:35:53,47.38,0.0,1,4738,买盘
13:35:56,47.38,0.0,3,14214,买盘
13:36:03,47.38,0.0,8,37903,买盘
13:36:05,47.38,0.0,1,4738,买盘
13:36:08,47.37,-0.01,4,18948,卖盘
13:36:11,47.37,0.0,1,4737,卖盘
13:36:14,47.38,0.01,16,75808,买盘
13:36:18,47.38,0.0,2,9476,买盘
13:36:20,47.37,-0.01,15,71055,卖盘
13:36:23,47.37,0.0,8,37903,卖盘
13:36:26,47.38,0.01,3,14214,买盘
13:36:29,47.38,0.0,4,18952,买盘
13:36:33,47.38,0.0,2,9476,买盘
13:36:38,47.39,0.01,1,4739,中性盘
13:36:41,47.39,0.0,1,4739,卖盘
13:36:43,47.42,0.03,17,80603,买盘
13:36:48,47.42,0.0,1,4742,卖盘
13:36:53,47.45,0.03,14,66430,买盘
13:36:56,47.45,0.0,13,61690,卖盘
13:37:08,47.47,0.02,2,9494,买盘
13:37:11,47.48,0.01,11,52226,买盘
13:37:14,47.46,-0.02,18,85451,卖盘
13:37:18,47.47,0.01,6,28480,买盘
13:37:20,47.47,0.0,6,28482,卖盘
13:37:23,47.47,0.0,16,75967,卖盘
13:37:28,47.47,0.0,2,9494,卖盘
13:37:33,47.48,0.01,2,9496,买盘
13:37:38,47.48,0.0,7,33234,买盘
13:37:44,47.46,-0.02,8,37968,卖盘
13:37:47,47.48,0.02,2,9496,买盘
13:37:50,47.46,-0.02,1,4746,卖盘
13:37:54,47.49,0.03,50,237406,买盘
13:37:58,47.49,0.0,5,23737,买盘
13:38:08,47.49,0.0,2,9496,买盘
13:38:09,47.49,0.0,1,4749,买盘
13:38:18,47.49,0.0,2,9498,买盘
13:38:23,47.49,0.0,9,42740,买盘
13:38:25,47.49,0.0,12,56987,买盘
13:38:29,47.49,0.0,17,80728,买盘
13:38:33,47.49,0.0,9,42739,买盘
13:38:34,47.49,0.0,5,23742,买盘
13:38:37,47.49,0.0,3,14247,买盘
13:38:41,47.49,0.0,10,47490,买盘
13:38:44,47.49,0.0,2,9498,卖盘
13:38:49,47.49,0.0,15,71235,卖盘
13:38:53,47.5,0.01,47,223233,买盘
13:38:54,47.5,0.0,1,4750,卖盘
13:39:02,47.51,0.01,3,14253,买盘
13:39:05,47.51,0.0,2,9502,卖盘
13:39:08,47.52,0.01,22,104544,买盘
13:39:11,47.54,0.02,1,4754,买盘
13:39:17,47.52,-0.02,12,57032,卖盘
13:39:23,47.54,0.02,8,38034,买盘
13:39:26,47.54,0.0,8,38035,中性盘
13:39:29,47.54,0.0,13,61803,卖盘
13:39:32,47.55,0.01,10,47550,买盘
13:39:35,47.54,-0.01,27,128382,卖盘
13:39:37,47.55,0.01,4,19019,中性盘
13:39:41,47.56,0.01,30,142634,买盘
13:39:44,47.52,-0.04,26,123600,中性盘
13:39:47,47.5,-0.02,35,166258,卖盘
13:39:50,47.49,-0.01,5,23745,卖盘
13:39:53,47.47,-0.02,13,61725,卖盘
13:39:56,47.46,-0.01,5,23730,卖盘
13:39:58,47.45,-0.01,7,33224,卖盘
13:40:02,47.45,0.0,6,28476,买盘
13:40:05,47.45,0.0,8,37972,中性盘
13:40:08,47.43,-0.02,2,9488,卖盘
13:40:11,47.45,0.02,9,42689,买盘
13:40:13,47.42,-0.03,10,47442,卖盘
13:40:20,47.42,0.0,1,4742,卖盘
13:40:23,47.49,0.07,5,23721,买盘
13:40:26,47.43,-0.06,2,9485,买盘
13:40:33,47.43,0.0,8,37944,买盘
13:40:39,47.49,0.06,1,4749,买盘
13:40:47,47.5,0.01,2,9499,买盘
13:40:50,47.44,-0.06,1,4744,中性盘
13:40:53,47.51,0.07,17,80749,买盘
13:41:00,47.51,0.0,25,118773,买盘
13:41:05,47.51,0.0,3,14253,卖盘
13:41:08,47.53,0.02,8,38024,买盘
13:41:12,47.51,-0.02,1,4751,卖盘
13:41:18,47.51,0.0,6,28506,卖盘
13:41:20,47.51,0.0,13,61773,卖盘
13:41:23,47.53,0.02,6,28518,买盘
13:41:24,47.51,-0.02,2,9502,卖盘
13:41:32,47.53,0.02,5,23765,买盘
13:41:36,47.51,-0.02,9,42755,卖盘
13:41:39,47.51,0.0,1,4751,买盘
13:41:41,47.53,0.02,6,28513,买盘
13:41:47,47.51,-0.02,10,47506,买盘
13:41:53,47.53,0.02,6,28518,买盘
13:41:56,47.51,-0.02,1,4751,卖盘
13:41:59,47.53,0.02,10,47523,买盘
13:42:03,47.52,-0.01,1,4752,中性盘
13:42:06,47.53,0.01,11,52277,买盘
13:42:08,47.53,0.0,6,28518,卖盘
13:42:09,47.54,0.01,4,19013,买盘
13:42:14,47.52,-0.02,9,42768,卖盘
13:42:17,47.54,0.02,8,38032,买盘
13:42:20,47.53,-0.01,2,9506,卖盘
13:42:23,47.53,0.0,5,23764,买盘
13:42:30,47.54,0.01,11,52277,买盘
13:42:39,47.53,-0.01,3,14257,买盘
13:42:42,47.53,0.0,3,14259,买盘
13:42:43,47.52,-0.01,7,33270,卖盘
13:42:50,47.52,0.0,1,4752,卖盘
13:42:53,47.53,0.01,5,23765,买盘
13:42:54,47.54,0.01,18,85570,买盘
13:42:59,47.53,-0.01,3,14259,卖盘
13:43:02,47.54,0.01,102,484861,买盘
13:43:04,47.53,-0.01,11,52283,卖盘
13:43:09,47.53,0.0,13,61792,买盘
13:43:11,47.54,0.01,9,42786,买盘
13:43:14,47.51,-0.03,15,71299,卖盘
13:43:15,47.49,-0.02,5,25991,卖盘
13:43:20,47.49,0.0,3,12015,卖盘
13:43:23,47.49,0.0,6,28494,买盘
13:43:33,47.53,0.04,8,38016,买盘
13:43:35,47.49,-0.04,6,28509,中性盘
13:43:41,47.5,0.01,1,4750,中性盘
13:43:47,47.5,0.0,5,23752,卖盘
13:43:50,47.5,0.0,7,33249,买盘
13:43:53,47.52,0.02,5,23759,买盘
13:43:56,47.5,-0.02,3,14250,卖盘
13:43:59,47.5,0.0,3,14250,买盘
13:44:00,47.5,0.0,7,33250,买盘
13:44:08,47.5,0.0,1,4750,买盘
13:44:12,47.5,0.0,10,47500,买盘
13:44:14,47.5,0.0,8,38000,买盘
13:44:18,47.5,0.0,5,23750,买盘
13:44:23,47.5,0.0,6,28500,买盘
13:44:26,47.5,0.0,2,9499,买盘
13:44:29,47.5,0.0,5,23750,买盘
13:44:42,47.5,0.0,1,4750,卖盘
13:44:47,47.51,0.01,5,23755,买盘
13:44:50,47.53,0.02,24,114046,买盘
13:44:53,47.53,0.0,7,33271,买盘
13:44:56,47.51,-0.02,13,61763,卖盘
13:45:02,47.53,0.02,11,52278,买盘
13:45:05,47.53,0.0,4,19012,买盘
13:45:08,47.54,0.01,494,2348421,买盘
13:45:12,47.54,0.0,65,309006,买盘
13:45:14,47.54,0.0,70,332780,买盘
13:45:17,47.54,0.0,2,9508,买盘
13:45:20,47.54,0.0,3,14262,买盘
13:45:23,47.54,0.0,9,42786,买盘
13:45:26,47.54,0.0,17,80818,买盘
13:45:32,47.54,0.0,5,23770,买盘
13:45:35,47.54,0.0,2,9508,买盘
13:45:38,47.54,0.0,4,19015,买盘
13:45:41,47.54,0.0,2,9508,买盘
13:45:44,47.54,0.0,32,152128,买盘
13:45:47,47.53,-0.01,62,294688,卖盘
13:45:53,47.54,0.01,8,38030,买盘
13:45:59,47.53,-0.01,3,14259,卖盘
13:46:02,47.54,0.01,8,38032,买盘
13:46:07,47.54,0.0,5,23770,买盘
13:46:11,47.54,0.0,8,38032,买盘
13:46:13,47.53,-0.01,16,76056,卖盘
13:46:23,47.53,0.0,5,23765,买盘
13:46:29,47.53,0.0,3,14259,买盘
13:46:35,47.53,0.0,2,9506,卖盘
13:46:38,47.53,0.0,1,4753,卖盘
13:46:45,47.54,0.01,1,4754,买盘
13:46:50,47.53,-0.01,12,57047,卖盘
13:46:52,47.54,0.01,12,57046,买盘
13:46:56,47.54,0.0,6,28524,买盘
13:47:02,47.54,0.0,18,85562,买盘
13:47:08,47.53,-0.01,17,80815,卖盘
13:47:11,47.53,0.0,2,9507,卖盘
13:47:13,47.54,0.01,80,380318,买盘
13:47:23,47.53,-0.01,6,28518,买盘
13:47:24,47.52,-0.01,4,19012,卖盘
13:47:28,47.52,0.0,39,185326,卖盘
13:47:32,47.52,0.0,10,47525,卖盘
13:47:35,47.52,0.0,1,4752,买盘
13:47:38,47.5,-0.02,10,47500,卖盘
13:47:43,47.51,0.01,13,61760,买盘
13:47:47,47.51,0.0,12,57001,买盘
13:47:50,47.5,-0.01,11,52250,卖盘
13:47:53,47.5,0.0,9,42749,买盘
13:47:59,47.47,-0.03,3,14241,卖盘
13:48:02,47.5,0.03,16,75953,买盘
13:48:05,47.47,-0.03,1,4747,中性盘
13:48:09,47.45,-0.02,16,75920,卖盘
13:48:11,47.45,0.0,9,42705,买盘
13:48:14,47.45,0.0,5,23725,买盘
13:48:17,47.42,-0.03,143,678368,卖盘
13:48:20,47.44,0.02,3,14232,买盘
13:48:23,47.44,0.0,7,33207,买盘
13:48:30,47.4,-0.04,3,14220,买盘
13:48:34,47.38,-0.02,14,66349,卖盘
13:48:38,47.37,-0.01,1,4737,卖盘
13:48:44,47.38,0.01,6,28428,买盘
13:48:48,47.37,-0.01,7,33159,卖盘
13:48:50,47.35,-0.02,2,9470,卖盘
13:48:53,47.36,0.01,9,42623,买盘
13:48:59,47.35,-0.01,3,14206,卖盘
13:49:03,47.35,0.0,3,14205,卖盘
13:49:05,47.35,0.0,18,85235,卖盘
13:49:09,47.34,-0.01,32,151488,卖盘
13:49:11,47.35,0.01,20,94688,买盘
13:49:14,47.34,-0.01,9,42605,中性盘
13:49:17,47.35,0.01,90,426067,买盘
13:49:23,47.33,-0.02,15,70995,卖盘
13:49:26,47.33,0.0,5,23665,卖盘
13:49:35,47.28,-0.05,8,37854,卖盘
13:49:37,47.28,0.0,3,14184,卖盘
13:49:41,47.28,0.0,6,28370,卖盘
13:49:44,47.3,0.02,7,33110,买盘
13:49:47,47.28,-0.02,5,23641,卖盘
13:49:50,47.28,0.0,67,316775,卖盘
13:49:52,47.28,0.0,7,33092,买盘
13:49:56,47.28,0.0,1,4728,买盘
13:49:59,47.28,0.0,6,28368,买盘
13:50:02,47.28,0.0,5,23637,买盘
13:50:04,47.28,0.0,16,75617,买盘
13:50:07,47.23,-0.05,30,141690,卖盘
13:50:12,47.27,0.04,4,18908,卖盘
13:50:14,47.25,-0.02,14,66177,中性盘
13:50:18,47.25,0.0,5,23627,卖盘
13:50:20,47.25,0.0,2,9452,卖盘
13:50:22,47.26,0.01,27,127580,买盘
13:50:27,47.26,0.0,58,274058,买盘
13:50:29,47.25,-0.01,23,108705,卖盘
13:50:32,47.28,0.03,4,18909,买盘
13:50:35,47.28,0.0,6,28368,买盘
13:50:38,47.25,-0.03,41,193740,卖盘
13:50:47,47.27,0.02,1,4727,中性盘
13:50:50,47.27,0.0,4,18908,买盘
13:50:53,47.27,0.0,10,47270,买盘
13:50:56,47.27,0.0,1,4727,买盘
13:50:59,47.28,0.01,26,122923,买盘
13:51:00,47.28,0.0,25,118182,买盘
13:51:05,47.28,0.0,8,37824,买盘
13:51:08,47.27,-0.01,9,42543,卖盘
13:51:11,47.27,0.0,9,42542,买盘
13:51:13,47.26,-0.01,27,127610,卖盘
13:51:17,47.27,0.01,7,33089,买盘
13:51:19,47.26,-0.01,4,18904,卖盘
13:51:23,47.28,0.02,56,264713,买盘
13:51:26,47.28,0.0,6,28363,买盘
13:51:29,47.27,-0.01,8,37820,卖盘
13:51:33,47.28,0.01,3,14184,买盘
13:51:35,47.26,-0.02,47,222152,卖盘
13:51:38,47.26,0.0,18,85068,卖盘
13:51:41,47.25,-0.01,7,33075,卖盘
13:51:44,47.27,0.02,7,33083,买盘
13:51:47,47.25,-0.02,27,127577,卖盘
13:51:49,47.24,-0.01,59,278744,卖盘
13:51:53,47.23,-0.01,6,28343,卖盘
13:51:56,47.22,-0.01,6,28332,卖盘
13:51:59,47.21,-0.01,19,89706,卖盘
13:52:03,47.23,0.02,7,33061,买盘
13:52:05,47.25,0.02,34,160637,买盘
13:52:08,47.25,0.0,1,4725,卖盘
13:52:11,47.25,0.0,81,382725,卖盘
13:52:14,47.26,0.01,59,278869,买盘
13:52:17,47.25,-0.01,53,250428,卖盘
13:52:19,47.26,0.01,9,42534,买盘
13:52:23,47.26,0.0,59,278779,买盘
13:52:27,47.25,-0.01,39,184280,卖盘
13:52:29,47.26,0.01,15,70880,买盘
13:52:33,47.26,0.0,19,89800,买盘
13:52:35,47.28,0.02,1,4728,买盘
13:52:38,47.26,-0.02,43,203286,卖盘
13:52:41,47.28,0.02,66,311957,买盘
13:52:43,47.28,0.0,1,4728,买盘
13:52:49,47.26,-0.02,1,4726,卖盘
13:52:53,47.28,0.02,6,28367,买盘
13:52:59,47.28,0.0,8,37824,买盘
13:53:02,47.27,-0.01,5,23635,买盘
13:53:05,47.25,-0.02,202,954490,卖盘
13:53:08,47.23,-0.02,34,160615,卖盘
13:53:12,47.2,-0.03,54,255022,卖盘
13:53:14,47.19,-0.01,13,61353,卖盘
13:53:17,47.18,-0.01,6,28309,卖盘
13:53:20,47.18,0.0,18,84895,卖盘
13:53:23,47.19,0.01,10,47187,买盘
13:53:27,47.15,-0.04,61,287683,卖盘
13:53:29,47.19,0.04,19,89656,买盘
13:53:33,47.19,0.0,40,188760,卖盘
13:53:35,47.15,-0.04,38,179282,卖盘
13:53:38,47.15,0.0,43,205673,卖盘
13:53:42,47.15,0.0,7,33002,买盘
13:53:44,47.15,0.0,14,66005,买盘
13:53:53,47.15,0.0,7,33004,买盘
13:53:57,47.13,-0.02,3,14143,卖盘
13:53:59,47.14,0.01,36,169682,中性盘
13:54:03,47.15,0.01,8,38896,买盘
13:54:06,47.13,-0.02,1,4714,买盘
13:54:11,47.13,0.0,10,47148,卖盘
13:54:14,47.15,0.02,36,169740,买盘
13:54:15,47.13,-0.02,4,18852,卖盘
13:54:19,47.12,-0.01,19,89543,卖盘
13:54:23,47.15,0.03,17,80116,买盘
13:54:28,47.12,-0.03,19,89540,卖盘
13:54:33,47.12,0.0,11,51832,买盘
13:54:35,47.09,-0.03,31,146020,卖盘
13:54:38,47.09,0.0,1,4709,卖盘
13:54:40,47.11,0.02,19,89509,买盘
13:54:44,47.11,0.0,6,28261,买盘
13:54:47,47.1,-0.01,1,4710,卖盘
13:54:49,47.11,0.01,1,4711,买盘
13:54:53,47.09,-0.02,11,51808,卖盘
13:54:56,47.1,0.01,1,4710,中性盘
13:54:59,47.1,0.0,2,9419,买盘
13:55:02,47.1,0.0,6,28260,买盘
13:55:05,47.09,-0.01,3,14127,卖盘
13:55:08,47.09,0.0,9,42381,买盘
13:55:11,47.08,-0.01,13,61207,卖盘
13:55:14,47.09,0.01,35,164814,买盘
13:55:17,47.1,0.01,13,61210,买盘
13:55:19,47.1,0.0,29,136567,买盘
13:55:23,47.13,0.03,28,131919,买盘
13:55:27,47.14,0.01,2,9428,买盘
13:55:29,47.09,-0.05,76,357979,卖盘
13:55:35,47.14,0.05,43,202712,中性盘
13:55:38,47.14,0.0,4,18856,卖盘
13:55:41,47.15,0.01,36,169703,买盘
13:55:44,47.15,0.0,6,28290,买盘
13:55:49,47.14,-0.01,1,4714,卖盘
13:55:53,47.15,0.01,9,42431,买盘
13:55:56,47.15,0.0,106,499790,买盘
13:55:59,47.15,0.0,3,14151,卖盘
13:56:02,47.15,0.0,26,122628,卖盘
13:56:03,47.15,0.0,65,306487,卖盘
13:56:07,47.19,0.04,1,4719,买盘
13:56:11,47.18,-0.01,1,4718,中性盘
13:56:14,47.15,-0.03,22,103783,卖盘
13:56:26,47.16,0.01,19,89636,卖盘
13:56:32,47.15,-0.01,32,150900,卖盘
13:56:35,47.15,0.0,18,84870,买盘
13:56:37,47.14,-0.01,20,94333,卖盘
13:56:41,47.15,0.01,1,4715,中性盘
13:56:44,47.24,0.09,7,33068,中性盘
13:56:47,47.14,-0.1,19,89586,卖盘
13:56:50,47.13,-0.01,15,70699,卖盘
13:56:53,47.15,0.02,5,23574,买盘
13:56:56,47.15,0.0,2,9430,买盘
13:56:58,47.15,0.0,33,155591,买盘
13:57:02,47.13,-0.02,16,75409,卖盘
13:57:06,47.15,0.02,19,89585,买盘
13:57:11,47.13,-0.02,6,28278,卖盘
13:57:14,47.25,0.12,128,603203,买盘
13:57:23,47.15,-0.1,12,56571,中性盘
13:57:29,47.15,0.0,118,556175,卖盘
13:57:32,47.13,-0.02,3,14139,卖盘
13:57:35,47.08,-0.05,13,61330,卖盘
13:57:38,47.16,0.08,4,18873,卖盘
13:57:43,47.24,0.08,5,23620,中性盘
13:57:47,47.16,-0.08,1,4716,卖盘
13:57:53,47.24,0.08,6,28343,买盘
13:57:57,47.24,0.0,1,4724,买盘
13:57:58,47.16,-0.08,2,9440,卖盘
13:58:03,47.16,0.0,7,33060,卖盘
13:58:08,47.24,0.08,1,4724,买盘
13:58:11,47.18,-0.06,4,18872,卖盘
13:58:13,47.24,0.06,6,28338,买盘
13:58:16,47.2,-0.04,1,4720,中性盘
13:58:22,47.24,0.04,6,28339,买盘
13:58:35,47.24,0.0,8,37792,买盘
13:58:37,47.24,0.0,2,9445,买盘
13:58:41,47.25,0.01,6,28348,买盘
13:58:44,47.25,0.0,6,28328,买盘
13:58:47,47.24,-0.01,5,23620,卖盘
13:58:50,47.24,0.0,1,4724,卖盘
13:58:53,47.24,0.0,8,37792,卖盘
13:58:56,47.24,0.0,3,14172,买盘
13:59:05,47.24,0.0,6,28348,买盘
13:59:11,47.24,0.0,9,42516,买盘
13:59:14,47.24,0.0,5,23620,买盘
13:59:16,47.23,-0.01,3,14171,卖盘
13:59:20,47.23,0.0,3,14171,卖盘
13:59:22,47.24,0.01,5,23620,买盘
13:59:26,47.23,-0.01,1,4723,卖盘
13:59:29,47.24,0.01,2,9447,买盘
13:59:35,47.23,-0.01,14,66128,卖盘
13:59:38,47.23,0.0,1,4723,卖盘
13:59:44,47.25,0.02,38,179514,买盘
13:59:47,47.24,-0.01,4,18898,卖盘
13:59:49,47.25,0.01,2,9450,买盘
13:59:53,47.24,-0.01,1,4724,卖盘
14:00:02,47.24,0.0,8,37795,卖盘
14:00:05,47.25,0.01,55,259875,买盘
14:00:08,47.25,0.0,11,51975,买盘
14:00:10,47.24,-0.01,11,51964,卖盘
14:00:14,47.25,0.01,12,56700,买盘
14:00:17,47.25,0.0,4,18900,买盘
14:00:23,47.25,0.0,6,28350,买盘
14:00:27,47.24,-0.01,1,4724,卖盘
14:00:28,47.25,0.01,4,18899,买盘
14:00:34,47.24,-0.01,15,70868,卖盘
14:00:37,47.25,0.01,10,47244,买盘
14:00:43,47.25,0.0,5,23625,买盘
14:00:47,47.25,0.0,3,14173,买盘
14:00:50,47.24,-0.01,10,47240,卖盘
14:00:53,47.25,0.01,7,33074,买盘
14:01:02,47.25,0.0,3,14174,买盘
14:01:05,47.25,0.0,6,28350,买盘
14:01:08,47.25,0.0,12,56696,买盘
14:01:14,47.25,0.0,9,42521,买盘
14:01:23,47.25,0.0,15,70870,买盘
14:01:26,47.25,0.0,5,23625,买盘
14:01:29,47.25,0.0,12,56700,买盘
14:01:32,47.25,0.0,3,14175,买盘
14:01:35,47.25,0.0,16,75599,买盘
14:01:44,47.25,0.0,41,193725,买盘
14:01:47,47.24,-0.01,37,174820,中性盘
14:01:50,47.25,0.01,191,902474,买盘
14:01:52,47.25,0.0,347,1639575,买盘
14:01:56,47.3,0.05,108,510762,买盘
14:01:59,47.35,0.05,12,56817,买盘
14:02:02,47.38,0.03,4,18952,买盘
14:02:05,47.37,-0.01,18,85281,卖盘
14:02:08,47.37,0.0,26,123151,买盘
14:02:11,47.37,0.0,19,90002,买盘
14:02:13,47.37,0.0,6,28422,买盘
14:02:20,47.37,0.0,3,14211,买盘
14:02:23,47.37,0.0,5,23685,买盘
14:02:26,47.37,0.0,19,89989,买盘
14:02:29,47.32,-0.05,12,54230,卖盘
14:02:35,47.37,0.05,3,14211,买盘
14:02:41,47.37,0.0,2,9472,买盘
14:02:50,47.37,0.0,1,4737,买盘
14:03:02,47.36,-0.01,1,4736,卖盘
14:03:05,47.37,0.01,8,37896,买盘
14:03:08,47.36,-0.01,13,61577,卖盘
14:03:11,47.37,0.01,29,137373,买盘
14:03:14,47.37,0.0,1,4737,卖盘
14:03:20,47.38,0.01,4,18950,买盘
14:03:23,47.38,0.0,6,28423,买盘
14:03:26,47.37,-0.01,1,4737,卖盘
14:03:28,47.37,0.0,2,9474,卖盘
14:03:32,47.37,0.0,1,4737,卖盘
14:03:35,47.37,0.0,43,203694,卖盘
14:03:38,47.36,-0.01,4,18947,卖盘
14:03:43,47.37,0.01,4,18948,买盘
14:03:46,47.37,0.0,2,9473,买盘
14:03:52,47.37,0.0,7,33157,买盘
14:03:55,47.37,0.0,28,132636,买盘
14:03:59,47.38,0.01,8,37904,买盘
14:04:08,47.38,0.0,9,42642,买盘
14:04:14,47.37,-0.01,38,180006,卖盘
14:04:16,47.37,0.0,5,23685,卖盘
14:04:19,47.37,0.0,3,14211,买盘
14:04:23,47.37,0.0,1,4737,买盘
14:04:26,47.37,0.0,6,28422,买盘
14:04:29,47.38,0.01,3,14213,买盘
14:04:32,47.38,0.0,1,4738,买盘
14:04:35,47.38,0.0,1,4738,买盘
14:04:37,47.38,0.0,6,28428,买盘
14:04:41,47.38,0.0,5,23689,买盘
14:04:43,47.38,0.0,1,4738,买盘
14:04:50,47.37,-0.01,1,4737,卖盘
14:04:53,47.38,0.01,3,14214,买盘
14:04:56,47.38,0.0,2,9476,买盘
14:04:59,47.38,0.0,1,4738,买盘
14:05:02,47.38,0.0,3,14213,买盘
14:05:05,47.38,0.0,2,9476,买盘
14:05:08,47.4,0.02,13,61620,买盘
14:05:11,47.4,0.0,13,61620,买盘
14:05:13,47.42,0.02,86,407742,买盘
14:05:16,47.42,0.0,4,18968,买盘
14:05:23,47.42,0.0,40,189680,买盘
14:05:26,47.42,0.0,1,4742,卖盘
14:05:28,47.39,-0.03,38,180140,卖盘
14:05:32,47.39,0.0,13,61607,买盘
14:05:35,47.38,-0.01,5,23693,卖盘
14:05:37,47.39,0.01,4,18956,买盘
14:05:41,47.42,0.03,16,75869,买盘
14:05:44,47.43,0.01,3,14229,买盘
14:05:50,47.43,0.0,3,14229,买盘
14:05:52,47.43,0.0,6,28457,买盘
14:05:56,47.43,0.0,3,14227,卖盘
14:05:59,47.43,0.0,31,146369,买盘
14:06:01,47.43,0.0,13,61659,卖盘
14:06:08,47.44,0.01,12,56927,买盘
14:06:14,47.44,0.0,4,18976,买盘
14:06:16,47.44,0.0,4,18976,买盘
14:06:23,47.44,0.0,6,28464,卖盘
14:06:26,47.45,0.01,2,9490,买盘
14:06:37,47.47,0.02,4,18986,买盘
14:06:41,47.47,0.0,19,90159,买盘
14:06:44,47.45,-0.02,1,4745,卖盘
14:06:49,47.45,0.0,8,37960,卖盘
14:06:53,47.45,0.0,11,52197,卖盘
14:06:56,47.45,0.0,26,123370,卖盘
14:06:59,47.46,0.01,5,23728,中性盘
14:07:02,47.45,-0.01,33,156599,卖盘
14:07:05,47.45,0.0,21,99645,卖盘
14:07:08,47.45,0.0,11,52193,买盘
14:07:11,47.45,0.0,6,28469,买盘
14:07:13,47.44,-0.01,9,42696,卖盘
14:07:17,47.43,-0.01,3,14229,卖盘
14:07:20,47.45,0.02,1,4745,买盘
14:07:23,47.43,-0.02,1,4743,卖盘
14:07:26,47.43,0.0,1,4743,卖盘
14:07:28,47.43,0.0,21,99603,卖盘
14:07:32,47.45,0.02,11,52179,买盘
14:07:35,47.42,-0.03,6,28460,卖盘
14:07:40,47.42,0.0,6,28456,卖盘
14:07:46,47.42,0.0,1,4742,卖盘
14:07:50,47.45,0.03,29,137597,买盘
14:07:53,47.44,-0.01,1,4744,中性盘
14:07:55,47.45,0.01,1,4745,买盘
14:08:02,47.42,-0.03,3,14226,卖盘
14:08:05,47.46,0.04,25,118637,买盘
14:08:07,47.46,0.0,5,26768,卖盘
14:08:14,47.46,0.0,8,37968,卖盘
14:08:17,47.46,0.0,5,23730,卖盘
14:08:20,47.46,0.0,1,4746,卖盘
14:08:22,47.47,0.01,9,42723,买盘
14:08:26,47.46,-0.01,26,120358,卖盘
14:08:29,47.46,0.0,4,18984,买盘
14:08:34,47.4,-0.06,5,23700,卖盘
14:08:41,47.46,0.06,3,14238,买盘
14:08:52,47.46,0.0,1,4746,买盘
14:09:02,47.4,-0.06,1,4740,卖盘
14:09:04,47.4,0.0,1,4740,卖盘
14:09:17,47.44,0.04,9,42694,买盘
14:09:20,47.44,0.0,9,42696,买盘
14:09:23,47.45,0.01,1,4745,买盘
14:09:26,47.46,0.01,24,113863,买盘
14:09:32,47.44,-0.02,10,47445,卖盘
14:09:38,47.43,-0.01,12,56934,卖盘
14:09:49,47.45,0.02,3,14235,买盘
14:09:56,47.43,-0.02,11,52172,卖盘
14:10:07,47.43,0.0,1,4743,买盘
14:10:10,47.43,0.0,16,75888,买盘
14:10:14,47.45,0.02,3,14233,买盘
14:10:22,47.43,-0.02,1,4743,卖盘
14:10:26,47.45,0.02,12,56940,买盘
14:10:28,47.43,-0.02,1,4743,卖盘
14:10:32,47.45,0.02,3,14231,买盘
14:10:37,47.45,0.0,11,52188,买盘
14:10:50,47.43,-0.02,1,4743,卖盘
14:10:53,47.45,0.02,32,151837,买盘
14:10:56,47.44,-0.01,4,18976,中性盘
14:10:58,47.44,0.0,57,270464,卖盘
14:11:01,47.44,0.0,44,208697,买盘
14:11:07,47.44,0.0,12,56927,买盘
14:11:10,47.44,0.0,9,42696,买盘
14:11:13,47.44,0.0,9,42696,买盘
14:11:17,47.44,0.0,4,18975,买盘
14:11:20,47.44,0.0,1,4744,买盘
14:11:22,47.44,0.0,4,18975,买盘
14:11:25,47.43,-0.01,2,9487,卖盘
14:11:29,47.43,0.0,4,18972,卖盘
14:11:35,47.44,0.01,1,4744,买盘
14:11:38,47.44,0.0,4,18974,买盘
14:11:46,47.44,0.0,2,9488,买盘
14:11:50,47.44,0.0,6,28464,买盘
14:12:02,47.44,0.0,9,42695,买盘
14:12:05,47.43,-0.01,14,66402,卖盘
14:12:08,47.44,0.01,15,71159,买盘
14:12:11,47.44,0.0,3,14231,买盘
14:12:13,47.44,0.0,12,56928,买盘
14:12:16,47.45,0.01,15,71170,买盘
14:12:19,47.45,0.0,1,4745,买盘
14:12:25,47.45,0.0,1,4745,买盘
14:12:38,47.45,0.0,11,52194,买盘
14:12:40,47.45,0.0,12,56940,买盘
14:12:44,47.45,0.0,5,23725,买盘
14:12:47,47.45,0.0,2,9490,买盘
14:12:50,47.45,0.0,1,4745,买盘
14:12:55,47.45,0.0,18,85410,买盘
14:12:59,47.44,-0.01,7,33209,卖盘
14:13:02,47.44,0.0,1,4744,卖盘
14:13:04,47.45,0.01,9,42699,买盘
14:13:07,47.46,0.01,13,61686,买盘
14:13:10,47.46,0.0,2,9492,买盘
14:13:13,47.45,-0.01,1,4745,卖盘
14:13:16,47.46,0.01,5,23730,买盘
14:13:25,47.46,0.0,2,9492,买盘
14:13:28,47.45,-0.01,1,4745,卖盘
14:13:32,47.46,0.01,9,42714,买盘
14:13:37,47.45,-0.01,6,28470,卖盘
14:13:41,47.46,0.01,4,18984,买盘
14:13:47,47.45,-0.01,1,4745,卖盘
14:13:50,47.45,0.0,4,18980,卖盘
14:13:53,47.46,0.01,31,147126,买盘
14:13:56,47.45,-0.01,2,9490,卖盘
14:13:58,47.45,0.0,3,14235,卖盘
14:14:02,47.45,0.0,2,9490,买盘
14:14:05,47.46,0.01,7,33216,买盘
14:14:08,47.46,0.0,9,42714,买盘
14:14:10,47.44,-0.02,1,4744,卖盘
14:14:14,47.44,0.0,14,66420,卖盘
14:14:20,47.46,0.02,39,185094,买盘
14:14:26,47.46,0.0,1,4746,卖盘
14:14:28,47.46,0.0,5,23730,卖盘
14:14:31,47.46,0.0,32,151872,卖盘
14:14:35,47.44,-0.02,1,4744,卖盘
14:14:38,47.44,0.0,1,4744,卖盘
14:14:41,47.44,0.0,1,4744,卖盘
14:14:44,47.45,0.01,2,9490,中性盘
14:14:47,47.45,0.0,3,14235,中性盘
14:14:50,47.44,-0.01,24,113856,卖盘
14:14:56,47.45,0.01,9,42706,卖盘
14:14:58,47.44,-0.01,41,194504,卖盘
14:15:02,47.44,0.0,18,85391,卖盘
14:15:05,47.43,-0.01,3,14230,卖盘
14:15:07,47.44,0.01,9,42696,买盘
14:15:11,47.45,0.01,1,4745,买盘
14:15:14,47.43,-0.02,1,4743,卖盘
14:15:20,47.43,0.0,1,4743,卖盘
14:15:23,47.43,0.0,28,132824,买盘
14:15:25,47.43,0.0,1,4743,卖盘
14:15:38,47.43,0.0,2,9482,买盘
14:15:43,47.39,-0.04,3,14217,卖盘
14:15:50,47.38,-0.01,5,23690,卖盘
14:16:14,47.35,-0.03,2,9472,卖盘
14:16:17,47.39,0.04,1,4739,中性盘
14:16:20,47.35,-0.04,1,4735,卖盘
14:16:23,47.38,0.03,1,4738,中性盘
14:16:26,47.43,0.05,9,42687,买盘
14:16:29,47.43,0.0,6,28458,卖盘
14:16:38,47.44,0.01,7,33207,买盘
14:16:41,47.45,0.01,1,4745,买盘
14:16:43,47.44,-0.01,8,37945,中性盘
14:16:47,47.44,0.0,9,42696,买盘
14:16:50,47.44,0.0,1,4744,卖盘
14:17:02,47.44,0.0,4,18979,卖盘
14:17:08,47.45,0.01,8,37960,买盘
14:17:11,47.44,-0.01,1,4744,卖盘
14:17:14,47.44,0.0,27,128088,卖盘
14:17:19,47.43,-0.01,8,37944,卖盘
14:17:26,47.43,0.0,1,4743,卖盘
14:17:29,47.44,0.01,2,9488,买盘
14:17:38,47.44,0.0,8,37945,买盘
14:17:41,47.43,-0.01,1,4743,卖盘
14:17:56,47.44,0.01,11,52184,买盘
14:17:59,47.44,0.0,5,23720,卖盘
14:18:02,47.43,-0.01,4,18975,卖盘
14:18:05,47.43,0.0,2,9486,卖盘
14:18:07,47.45,0.02,9,42700,买盘
14:18:11,47.43,-0.02,5,23715,卖盘
14:18:22,47.45,0.02,29,137598,买盘
14:18:32,47.45,0.0,74,351077,买盘
14:18:35,47.43,-0.02,16,75888,卖盘
14:18:38,47.43,0.0,1,4743,卖盘
14:18:41,47.43,0.0,2,9486,卖盘
14:18:50,47.46,0.03,27,128131,买盘
14:18:52,47.44,-0.02,5,23724,卖盘
14:18:58,47.44,0.0,4,18976,卖盘
14:19:01,47.46,0.02,16,75936,买盘
14:19:08,47.46,0.0,13,61693,买盘
14:19:10,47.44,-0.02,3,14236,卖盘
14:19:13,47.44,0.0,1,4744,卖盘
14:19:17,47.46,0.02,3,14234,买盘
14:19:19,47.44,-0.02,2,9488,中性盘
14:19:23,47.45,0.01,2,9490,卖盘
14:19:34,47.43,-0.02,18,85377,卖盘
14:19:38,47.43,0.0,2,9486,卖盘
14:19:41,47.44,0.01,10,47440,买盘
14:19:49,47.38,-0.06,1,4738,卖盘
14:19:58,47.44,0.06,1,4744,买盘
14:20:02,47.44,0.0,1,4744,买盘
14:20:08,47.44,0.0,14,66421,买盘
14:20:14,47.42,-0.02,7,33198,卖盘
14:20:19,47.44,0.02,1,4744,买盘
14:20:23,47.42,-0.02,46,218132,卖盘
14:20:26,47.42,0.0,2,9484,卖盘
14:20:28,47.37,-0.05,10,47394,卖盘
14:20:35,47.43,0.06,16,75877,买盘
14:20:38,47.43,0.0,1,4743,卖盘
14:20:53,47.43,0.0,1,4743,卖盘
14:20:56,47.43,0.0,2,9486,卖盘
14:21:01,47.43,0.0,1,4743,卖盘
14:21:08,47.43,0.0,76,360487,卖盘
14:21:14,47.36,-0.07,7,33158,卖盘
14:21:17,47.32,-0.04,7,33124,买盘
14:21:19,47.43,0.11,2,9486,买盘
14:21:22,47.43,0.0,1,4743,买盘
14:21:32,47.43,0.0,13,61649,买盘
14:21:34,47.42,-0.01,4,18969,卖盘
14:21:38,47.42,0.0,1,4742,卖盘
14:21:41,47.42,0.0,3,14226,卖盘
14:21:44,47.42,0.0,3,14226,卖盘
14:21:47,47.42,0.0,16,75872,卖盘
14:21:50,47.42,0.0,6,28453,卖盘
14:21:52,47.4,-0.02,4,18960,卖盘
14:22:01,47.35,-0.05,2,9470,卖盘
14:22:14,47.41,0.06,2,9478,买盘
14:22:17,47.39,-0.02,7,33173,卖盘
14:22:20,47.36,-0.03,1,4736,卖盘
14:22:25,47.36,0.0,12,56835,卖盘
14:22:32,47.35,-0.01,2,9471,卖盘
14:22:35,47.38,0.03,3,14210,买盘
14:22:41,47.38,0.0,58,274979,买盘
14:22:47,47.38,0.0,10,47380,卖盘
14:22:50,47.38,0.0,4,18955,卖盘
14:22:52,47.4,0.02,1,4740,买盘
14:22:56,47.38,-0.02,3,14214,卖盘
14:23:02,47.39,0.01,4,18956,卖盘
14:23:05,47.38,-0.01,7,33166,卖盘
14:23:08,47.4,0.02,8,37914,买盘
14:23:14,47.37,-0.03,3,14214,卖盘
14:23:17,47.4,0.03,4,18960,买盘
14:23:23,47.38,-0.02,3,14214,卖盘
14:23:26,47.41,0.03,5,23702,买盘
14:23:32,47.41,0.0,33,156264,买盘
14:23:35,47.42,0.01,10,47420,买盘
14:23:38,47.41,-0.01,5,23705,卖盘
14:23:41,47.41,0.0,2,9482,卖盘
14:23:53,47.42,0.01,1,4742,买盘
14:24:02,47.42,0.0,4,18967,买盘
14:24:05,47.41,-0.01,1,4741,卖盘
14:24:08,47.42,0.01,8,37936,买盘
14:24:11,47.42,0.0,6,28452,买盘
14:24:14,47.43,0.01,8,37943,买盘
14:24:17,47.43,0.0,4,18972,买盘
14:24:20,47.43,0.0,30,142286,买盘
14:24:23,47.43,0.0,2,9486,买盘
14:24:26,47.43,0.0,80,379432,买盘
14:24:29,47.42,-0.01,31,147028,卖盘
14:24:32,47.43,0.01,26,123309,买盘
14:24:35,47.43,0.0,15,71149,卖盘
14:24:38,47.43,0.0,5,23713,买盘
14:24:41,47.45,0.02,8,37947,买盘
14:24:43,47.45,0.0,2,9490,买盘
14:24:46,47.45,0.0,3,14231,买盘
14:24:50,47.45,0.0,2,9491,卖盘
14:24:53,47.45,0.0,7,33220,卖盘
