time,price,change,volume,amount,type
09:25:03,34.21,-0.26,3046,10420537,买盘
09:30:00,34.21,0.0,436,1491766,卖盘
09:30:05,34.21,0.0,1093,3738152,买盘
09:30:08,34.26,0.05,623,2132734,买盘
09:30:10,34.22,-0.04,334,1144566,卖盘
09:30:13,34.28,0.06,115,393736,买盘
09:30:15,34.29,0.01,146,500608,卖盘
09:30:19,34.29,0.0,83,284335,卖盘
09:30:22,34.29,0.0,82,281181,买盘
09:30:25,34.26,-0.03,44,152066,卖盘
09:30:28,34.29,0.03,87,298210,买盘
09:30:30,34.29,0.0,163,558722,买盘
09:30:34,34.29,0.0,48,164589,买盘
09:30:37,34.29,0.0,29,99440,卖盘
09:30:40,34.3,0.01,28,96020,买盘
09:30:43,34.3,0.0,13,44592,卖盘
09:30:46,34.3,0.0,123,421951,买盘
09:30:49,34.33,0.03,36,123593,中性盘
09:30:52,34.3,-0.03,43,147567,卖盘
09:30:55,34.3,0.0,32,109878,卖盘
09:30:58,34.34,0.04,65,223092,中性盘
09:31:00,34.36,0.02,104,357293,买盘
09:31:04,34.38,0.02,58,199292,买盘
09:31:06,34.38,0.0,31,106543,买盘
09:31:10,34.36,-0.02,134,460587,卖盘
09:31:12,34.36,0.0,32,110001,中性盘
09:31:16,34.37,0.01,260,893972,买盘
09:31:19,34.38,0.01,398,1368328,买盘
09:31:22,34.38,0.0,102,350734,买盘
09:31:25,34.38,0.0,336,1155328,卖盘
09:31:27,34.38,0.0,185,636179,卖盘
09:31:31,34.39,0.01,349,1200137,买盘
09:31:34,34.39,0.0,45,154770,卖盘
09:31:37,34.38,-0.01,37,127281,卖盘
09:31:40,34.38,0.0,24,82504,买盘
09:31:43,34.38,0.0,36,123747,买盘
09:31:45,34.36,-0.02,23,79062,卖盘
09:31:49,34.36,0.0,41,140841,买盘
09:31:52,34.38,0.02,37,127161,买盘
09:31:55,34.35,-0.03,31,106483,买盘
09:31:57,34.31,-0.04,77,264295,卖盘
09:32:00,34.33,0.02,15,51517,买盘
09:32:04,34.25,-0.08,255,876286,卖盘
09:32:07,34.26,0.01,55,188518,中性盘
09:32:10,34.3,0.04,31,106259,买盘
09:32:13,34.26,-0.04,51,174929,卖盘
09:32:15,34.3,0.04,14,48023,买盘
09:32:19,34.26,-0.04,37,126836,卖盘
09:32:22,34.3,0.04,17,56269,买盘
09:32:25,34.28,-0.02,35,119970,卖盘
09:32:27,34.25,-0.03,211,725002,卖盘
09:32:31,34.25,0.0,167,572037,买盘
09:32:34,34.28,0.03,130,445191,买盘
09:32:36,34.25,-0.03,72,246634,卖盘
09:32:41,34.25,0.0,107,366475,卖盘
09:32:43,34.23,-0.02,112,383500,卖盘
09:32:46,34.28,0.05,479,1637596,买盘
09:32:49,34.25,-0.03,193,662910,卖盘
09:32:52,34.22,-0.03,38,130095,中性盘
09:32:55,34.23,0.01,26,88981,买盘
09:32:58,34.22,-0.01,118,403868,卖盘
09:33:01,34.23,0.01,143,489451,买盘
09:33:05,34.25,0.02,118,404048,买盘
09:33:07,34.25,0.0,75,257120,卖盘
09:33:09,34.23,-0.02,42,143781,卖盘
09:33:13,34.23,0.0,21,71920,卖盘
09:33:15,34.22,-0.01,90,308067,卖盘
09:33:19,34.22,0.0,172,588545,卖盘
09:33:22,34.21,-0.01,439,1501663,卖盘
09:33:25,34.2,-0.01,332,1135250,卖盘
09:33:27,34.18,-0.02,209,714358,卖盘
09:33:31,34.17,-0.01,88,300762,卖盘
09:33:34,34.18,0.01,165,563747,买盘
09:33:37,34.16,-0.02,180,615093,卖盘
09:33:39,34.17,0.01,13,44421,买盘
09:33:43,34.17,0.0,196,669860,卖盘
09:33:46,34.17,0.0,153,522342,卖盘
09:33:49,34.18,0.01,128,437433,买盘
09:33:51,34.18,0.0,129,441073,卖盘
09:33:55,34.2,0.02,18,61546,买盘
09:33:58,34.2,0.0,41,140181,卖盘
09:34:01,34.21,0.01,71,242891,买盘
09:34:04,34.21,0.0,22,75275,卖盘
09:34:07,34.23,0.02,323,1104553,买盘
09:34:10,34.23,0.0,46,157469,卖盘
09:34:12,34.25,0.02,18,61642,买盘
09:34:16,34.26,0.01,40,137015,买盘
09:34:18,34.28,0.02,62,212490,买盘
09:34:22,34.28,0.0,95,325679,买盘
09:34:25,34.29,0.01,201,689302,买盘
09:34:28,34.32,0.03,54,185321,买盘
09:34:31,34.33,0.01,263,902441,买盘
09:34:34,34.32,-0.01,81,278178,卖盘
09:34:37,34.33,0.01,81,278246,买盘
09:34:40,34.35,0.02,120,412251,中性盘
09:34:43,34.35,0.0,33,113357,卖盘
09:34:46,34.36,0.01,85,291884,卖盘
09:34:49,34.35,-0.01,74,252950,卖盘
09:34:51,34.35,0.0,59,203971,卖盘
09:34:55,34.35,0.0,50,172147,买盘
09:34:58,34.35,0.0,82,280332,买盘
09:35:00,34.37,0.02,278,954934,买盘
09:35:04,34.37,0.0,104,358628,卖盘
09:35:07,34.33,-0.04,46,155272,卖盘
09:35:09,34.35,0.02,124,427984,买盘
09:35:12,34.35,0.0,54,185409,中性盘
09:35:16,34.35,0.0,87,298920,卖盘
09:35:19,34.36,0.01,20,66049,中性盘
09:35:22,34.36,0.0,151,518782,买盘
09:35:25,34.32,-0.04,42,144243,卖盘
09:35:28,34.3,-0.02,89,308144,卖盘
09:35:30,34.32,0.02,57,195815,卖盘
09:35:34,34.34,0.02,169,580525,卖盘
09:35:37,34.35,0.01,55,188961,买盘
09:35:40,34.35,0.0,76,261085,卖盘
09:35:43,34.28,-0.07,33,113240,卖盘
09:35:46,34.28,0.0,42,144022,卖盘
09:35:49,34.3,0.02,110,377713,中性盘
09:35:52,34.36,0.06,117,401630,买盘
09:35:55,34.3,-0.06,132,453173,卖盘
09:35:58,34.3,0.0,143,490932,买盘
09:36:01,34.37,0.07,48,164926,买盘
09:36:04,34.34,-0.03,25,85862,中性盘
09:36:07,34.31,-0.03,525,1802408,卖盘
09:36:10,34.31,0.0,23,78461,卖盘
09:36:13,34.34,0.03,31,106404,买盘
09:36:16,34.34,0.0,95,326152,买盘
09:36:19,34.34,0.0,18,61784,买盘
09:36:22,34.31,-0.03,122,418632,卖盘
09:36:25,34.31,0.0,30,102945,买盘
09:36:28,34.31,0.0,18,61775,卖盘
09:36:31,34.32,0.01,87,298589,买盘
09:36:34,34.32,0.0,86,295310,卖盘
09:36:36,34.32,0.0,73,250740,卖盘
09:36:40,34.33,0.01,29,99572,买盘
09:36:43,34.35,0.02,99,339909,买盘
09:36:46,34.35,0.0,30,103049,买盘
09:36:49,34.35,0.0,41,140810,买盘
09:36:52,34.35,0.0,22,75559,买盘
09:36:55,34.35,0.0,57,195805,卖盘
09:36:57,34.35,0.0,71,243919,卖盘
09:37:01,34.36,0.01,17,58408,买盘
09:37:04,34.36,0.0,64,219915,卖盘
09:37:07,34.36,0.0,19,65286,卖盘
09:37:10,34.35,-0.01,257,882851,卖盘
09:37:13,34.32,-0.03,107,367338,卖盘
09:37:15,34.32,0.0,140,480570,卖盘
09:37:19,34.34,0.02,300,1029810,买盘
09:37:22,34.32,-0.02,249,854538,卖盘
09:37:25,34.33,0.01,387,1328508,买盘
09:37:27,34.32,-0.01,183,628330,卖盘
09:37:31,34.32,0.0,17,58344,中性盘
09:37:33,34.31,-0.01,37,126982,卖盘
09:37:37,34.34,0.03,30,103016,买盘
09:37:39,34.34,0.0,168,576900,买盘
09:37:43,34.33,-0.01,34,116756,卖盘
09:37:46,34.34,0.01,28,96120,买盘
09:37:49,34.3,-0.04,196,671628,卖盘
09:37:52,34.33,0.03,260,892537,买盘
09:37:55,34.32,-0.01,3,10296,卖盘
09:37:58,34.31,-0.01,51,174967,卖盘
09:38:01,34.31,0.0,26,89206,买盘
09:38:03,34.31,0.0,24,82382,卖盘
09:38:07,34.31,0.0,6,20591,卖盘
09:38:10,34.31,0.0,63,216274,卖盘
09:38:13,34.32,0.01,44,151009,买盘
09:38:16,34.33,0.01,110,377626,买盘
09:38:19,34.31,-0.02,56,192167,卖盘
09:38:21,34.31,0.0,16,54898,买盘
09:38:25,34.32,0.01,34,116693,买盘
09:38:28,34.31,-0.01,127,435779,卖盘
09:38:31,34.31,0.0,121,415301,卖盘
09:38:34,34.3,-0.01,97,332807,卖盘
09:38:36,34.33,0.03,27,92639,买盘
09:38:40,34.33,0.0,100,343249,买盘
09:38:43,34.33,0.0,34,116722,买盘
09:38:46,34.33,0.0,51,175064,买盘
09:38:49,34.33,0.0,70,240275,买盘
09:38:52,34.32,-0.01,6,19905,卖盘
09:38:55,34.32,0.0,41,140693,买盘
09:38:58,34.3,-0.02,348,1193778,卖盘
09:39:00,34.32,0.02,39,133885,买盘
09:39:04,34.32,0.0,196,673157,买盘
09:39:07,34.31,-0.01,31,106319,中性盘
09:39:10,34.31,0.0,116,398091,卖盘
09:39:13,34.32,0.01,37,124135,买盘
09:39:16,34.31,-0.01,29,102368,卖盘
09:39:19,34.3,-0.01,28,96040,卖盘
09:39:22,34.31,0.01,23,78901,买盘
09:39:25,34.3,-0.01,135,460100,卖盘
09:39:28,34.3,0.0,40,137139,买盘
09:39:31,34.28,-0.02,52,178233,卖盘
09:39:34,34.27,-0.01,35,122771,卖盘
09:39:36,34.27,0.0,6,20562,买盘
09:39:40,34.26,-0.01,14,47979,卖盘
09:39:43,34.27,0.01,55,188439,中性盘
09:39:46,34.28,0.01,47,161131,买盘
09:39:49,34.28,0.0,64,219444,卖盘
09:39:52,34.24,-0.04,1382,4733325,卖盘
09:39:55,34.25,0.01,68,232887,中性盘
09:39:58,34.27,0.02,15,51405,中性盘
09:40:01,34.26,-0.01,59,202165,卖盘
09:40:04,34.26,0.0,79,270712,卖盘
09:40:07,34.27,0.01,61,209012,买盘
09:40:09,34.25,-0.02,79,270685,卖盘
09:40:12,34.28,0.03,7,23994,买盘
09:40:16,34.28,0.0,157,538128,买盘
09:40:19,34.3,0.02,115,394341,买盘
09:40:22,34.28,-0.02,90,308521,卖盘
09:40:24,34.28,0.0,15,51424,卖盘
09:40:27,34.27,-0.01,179,613648,卖盘
09:40:31,34.28,0.01,405,1388413,买盘
09:40:34,34.28,0.0,41,140548,卖盘
09:40:36,34.26,-0.02,70,239896,卖盘
09:40:39,34.28,0.02,14,47988,中性盘
09:40:43,34.3,0.02,96,329143,买盘
09:40:46,34.27,-0.03,9,28307,卖盘
09:40:49,34.26,-0.01,41,143053,卖盘
09:40:52,34.27,0.01,18,61676,买盘
09:40:55,34.27,0.0,89,305003,买盘
09:40:58,34.25,-0.02,180,616706,卖盘
09:41:01,34.23,-0.02,200,684884,卖盘
09:41:03,34.25,0.02,7,21442,卖盘
09:41:07,34.25,0.0,238,817718,卖盘
09:41:09,34.23,-0.02,203,695150,卖盘
09:41:12,34.26,0.03,317,1084883,买盘
09:41:15,34.25,-0.01,82,280774,中性盘
09:41:19,34.23,-0.02,573,1961771,卖盘
09:41:22,34.25,0.02,106,363118,买盘
09:41:24,34.25,0.0,54,184983,卖盘
09:41:28,34.23,-0.02,412,1410906,卖盘
09:41:30,34.23,0.0,386,1321288,买盘
09:41:33,34.24,0.01,19,65050,买盘
09:41:37,34.25,0.01,92,315059,买盘
09:41:40,34.25,0.0,107,366474,买盘
09:41:43,34.25,0.0,202,691727,买盘
09:41:46,34.23,-0.02,63,215732,卖盘
09:41:49,34.24,0.01,56,189239,买盘
09:41:52,34.25,0.01,140,479608,卖盘
09:41:55,34.26,0.01,67,230435,买盘
09:41:58,34.25,-0.01,80,274064,卖盘
09:42:01,34.25,0.0,131,448420,卖盘
09:42:04,34.26,0.01,36,123366,卖盘
09:42:07,34.25,-0.01,220,753471,卖盘
09:42:10,34.25,0.0,116,397235,买盘
09:42:13,34.25,0.0,45,154140,买盘
09:42:16,34.27,0.02,51,174590,买盘
09:42:19,34.28,0.01,52,178193,买盘
09:42:21,34.25,-0.03,12,41114,卖盘
09:42:25,34.25,0.0,32,109607,卖盘
09:42:28,34.25,0.0,104,356199,买盘
09:42:31,34.25,0.0,39,133627,买盘
09:42:34,34.25,0.0,20,68504,卖盘
09:42:37,34.25,0.0,17,58231,卖盘
09:42:40,34.26,0.01,102,349374,中性盘
09:42:43,34.26,0.0,201,689331,买盘
09:42:46,34.25,-0.01,40,137011,卖盘
09:42:49,34.25,0.0,43,147294,买盘
09:42:55,34.27,0.02,7,23978,买盘
09:42:58,34.27,0.0,70,239843,买盘
09:43:01,34.27,0.0,149,511826,买盘
09:43:04,34.28,0.01,91,312056,中性盘
09:43:07,34.27,-0.01,263,901713,卖盘
09:43:10,34.27,0.0,50,171406,卖盘
09:43:13,34.3,0.03,176,603678,买盘
09:43:16,34.29,-0.01,615,2104232,卖盘
09:43:18,34.29,0.0,164,563914,卖盘
09:43:22,34.27,-0.02,42,143968,卖盘
09:43:25,34.29,0.02,32,109697,买盘
09:43:28,34.28,-0.01,132,452459,卖盘
09:43:31,34.27,-0.01,31,106249,中性盘
09:43:34,34.27,0.0,40,137079,买盘
09:43:36,34.27,0.0,31,107064,买盘
09:43:40,34.27,0.0,14,47976,买盘
09:43:43,34.27,0.0,37,125923,买盘
09:43:46,34.25,-0.02,60,205560,卖盘
09:43:49,34.24,-0.01,29,99288,中性盘
09:43:52,34.25,0.01,120,410800,买盘
09:43:54,34.23,-0.02,173,592179,卖盘
09:43:58,34.21,-0.02,206,704943,卖盘
09:44:01,34.2,-0.01,830,2839267,卖盘
09:44:04,34.2,0.0,265,905950,买盘
09:44:07,34.18,-0.02,29,99156,卖盘
09:44:10,34.18,0.0,351,1199508,卖盘
09:44:13,34.18,0.0,70,239291,卖盘
09:44:16,34.18,0.0,160,546777,买盘
09:44:19,34.16,-0.02,212,724448,卖盘
09:44:22,34.19,0.03,54,184493,买盘
09:44:25,34.18,-0.01,54,184596,卖盘
09:44:27,34.18,0.0,260,887028,买盘
09:44:31,34.19,0.01,115,393047,买盘
09:44:34,34.18,-0.01,35,119644,卖盘
09:44:36,34.18,0.0,36,123071,卖盘
09:44:40,34.18,0.0,121,413601,卖盘
09:44:43,34.18,0.0,29,99120,买盘
09:44:46,34.19,0.01,81,276868,买盘
09:44:49,34.18,-0.01,13,44436,卖盘
09:44:52,34.18,0.0,535,1827513,卖盘
09:44:55,34.17,-0.01,70,239184,买盘
09:44:57,34.18,0.01,131,447525,买盘
09:45:01,34.18,0.0,353,1206555,买盘
09:45:04,34.16,-0.02,146,498912,卖盘
09:45:07,34.17,0.01,69,235777,买盘
09:45:10,34.17,0.0,66,225566,卖盘
09:45:13,34.16,-0.01,112,382376,卖盘
09:45:16,34.18,0.02,80,275256,中性盘
09:45:19,34.18,0.0,45,151977,卖盘
09:45:22,34.17,-0.01,97,331451,卖盘
09:45:24,34.18,0.01,13,46279,卖盘
09:45:28,34.19,0.01,83,283715,买盘
09:45:31,34.18,-0.01,54,184585,卖盘
09:45:33,34.18,0.0,49,167515,卖盘
09:45:37,34.18,0.0,80,273465,卖盘
09:45:39,34.18,0.0,253,864761,卖盘
09:45:42,34.19,0.01,153,523167,买盘
09:45:46,34.19,0.0,127,434177,卖盘
09:45:49,34.19,0.0,44,150430,买盘
09:45:52,34.18,-0.01,112,382888,卖盘
09:45:55,34.19,0.01,78,266666,买盘
09:45:58,34.18,-0.01,125,427312,卖盘
09:46:01,34.19,0.01,113,386309,买盘
09:46:04,34.19,0.0,118,403362,买盘
09:46:07,34.19,0.0,21,71788,买盘
09:46:10,34.18,-0.01,22,75211,卖盘
09:46:13,34.19,0.01,22,75218,买盘
09:46:15,34.19,0.0,36,123078,买盘
09:46:18,34.19,0.0,79,270120,卖盘
09:46:21,34.19,0.0,72,246175,卖盘
09:46:25,34.19,0.0,48,164129,卖盘
09:46:28,34.21,0.02,178,608643,买盘
09:46:31,34.2,-0.01,18,61562,卖盘
09:46:33,34.21,0.01,18,61578,买盘
09:46:37,34.2,-0.01,119,407029,卖盘
09:46:40,34.22,0.02,52,177889,买盘
09:46:43,34.22,0.0,87,297631,买盘
09:46:46,34.22,0.0,31,106062,买盘
09:46:48,34.21,-0.01,16,52205,卖盘
09:46:52,34.21,0.0,42,146243,卖盘
09:46:55,34.22,0.01,37,126595,买盘
09:46:58,34.22,0.0,64,218908,买盘
09:47:01,34.21,-0.01,1,3421,中性盘
09:47:04,34.22,0.01,40,136873,买盘
09:47:06,34.21,-0.01,62,212101,卖盘
09:47:10,34.21,0.0,34,116300,买盘
09:47:13,34.21,0.0,47,160771,买盘
09:47:16,34.21,0.0,32,109482,买盘
09:47:19,34.2,-0.01,88,300966,卖盘
09:47:22,34.2,0.0,20,68400,买盘
09:47:25,34.2,0.0,35,119705,中性盘
09:47:28,34.2,0.0,81,276954,买盘
09:47:31,34.2,0.0,26,88920,买盘
09:47:34,34.19,-0.01,113,386347,卖盘
09:47:37,34.18,-0.01,433,1480037,卖盘
09:47:40,34.19,0.01,59,198933,买盘
09:47:43,34.17,-0.02,203,696455,卖盘
09:47:46,34.17,0.0,96,328032,买盘
09:47:49,34.17,0.0,168,574009,买盘
09:47:52,34.18,0.01,196,668777,买盘
09:47:55,34.17,-0.01,268,915601,卖盘
09:47:58,34.18,0.01,57,194775,买盘
09:48:01,34.18,0.0,63,215277,买盘
09:48:03,34.18,0.0,27,92282,买盘
09:48:07,34.16,-0.02,364,1241530,卖盘
09:48:10,34.16,0.0,87,297191,买盘
09:48:13,34.16,0.0,76,262325,买盘
09:48:16,34.17,0.01,13,44419,买盘
09:48:19,34.17,0.0,150,512409,买盘
09:48:22,34.17,0.0,62,211857,买盘
09:48:25,34.18,0.01,146,498905,买盘
09:48:28,34.18,0.0,94,319923,买盘
09:48:31,34.18,0.0,59,201643,买盘
09:48:34,34.19,0.01,647,2211611,买盘
09:48:36,34.19,0.0,47,160678,卖盘
09:48:40,34.19,0.0,138,471934,卖盘
09:48:43,34.19,0.0,41,140179,卖盘
09:48:46,34.2,0.01,23,78644,买盘
09:48:49,34.17,-0.03,111,379381,卖盘
09:48:52,34.17,0.0,80,273425,卖盘
09:48:54,34.19,0.02,15,51293,中性盘
09:48:58,34.19,0.0,26,88873,买盘
09:49:01,34.19,0.0,162,553679,买盘
09:49:03,34.19,0.0,27,92301,买盘
09:49:07,34.18,-0.01,18,61528,卖盘
09:49:10,34.19,0.01,92,314541,买盘
09:49:13,34.18,-0.01,206,704221,卖盘
09:49:16,34.17,-0.01,36,123039,卖盘
09:49:19,34.17,0.0,193,659502,卖盘
09:49:22,34.18,0.01,18,61524,买盘
09:49:25,34.18,0.0,180,615068,买盘
09:49:27,34.18,0.0,126,430569,卖盘
09:49:30,34.17,-0.01,29,99110,卖盘
09:49:34,34.19,0.02,13,44436,买盘
09:49:36,34.19,0.0,45,153811,买盘
09:49:40,34.18,-0.01,44,150395,卖盘
09:49:43,34.18,0.0,26,88869,卖盘
09:49:46,34.18,0.0,85,290600,卖盘
09:49:49,34.18,0.0,436,1490212,卖盘
09:49:51,34.18,0.0,8,27344,中性盘
09:49:55,34.17,-0.01,87,297282,卖盘
09:49:57,34.17,0.0,35,119601,卖盘
09:50:01,34.17,0.0,128,437377,卖盘
09:50:04,34.18,0.01,107,365638,买盘
09:50:07,34.17,-0.01,129,440832,卖盘
09:50:10,34.17,0.0,136,464787,卖盘
09:50:12,34.18,0.01,94,321221,买盘
09:50:15,34.18,0.0,187,638997,买盘
09:50:19,34.17,-0.01,92,314416,卖盘
09:50:21,34.18,0.01,200,683402,买盘
09:50:25,34.18,0.0,46,157217,买盘
09:50:28,34.19,0.01,118,402043,买盘
09:50:31,34.17,-0.02,109,372459,卖盘
09:50:33,34.17,0.0,8,27336,卖盘
09:50:37,34.17,0.0,247,844011,卖盘
09:50:40,34.18,0.01,25,85446,买盘
09:50:43,34.18,0.0,33,112794,卖盘
09:50:46,34.18,0.0,81,276842,卖盘
09:50:49,34.18,0.0,23,80102,卖盘
09:50:52,34.18,0.0,12,41016,买盘
09:50:55,34.18,0.0,16,54687,买盘
09:50:58,34.18,0.0,127,434032,买盘
09:51:01,34.18,0.0,65,222170,买盘
09:51:04,34.17,-0.01,20,68352,卖盘
09:51:06,34.17,0.0,93,317858,卖盘
09:51:10,34.18,0.01,20,68351,买盘
09:51:13,34.18,0.0,116,396383,买盘
09:51:16,34.17,-0.01,11,37597,卖盘
09:51:18,34.17,0.0,105,358884,卖盘
09:51:22,34.18,0.01,19,64943,中性盘
09:51:25,34.17,-0.01,63,215308,卖盘
09:51:28,34.17,0.0,180,614781,卖盘
09:51:30,34.17,0.0,231,789141,买盘
09:51:34,34.17,0.0,42,143514,买盘
09:51:37,34.16,-0.01,5,17080,卖盘
09:51:39,34.18,0.02,154,526194,买盘
09:51:43,34.17,-0.01,16,54657,买盘
09:51:46,34.17,0.0,79,269887,买盘
09:51:49,34.17,0.0,155,529532,卖盘
09:51:52,34.17,0.0,14,47833,买盘
09:51:55,34.16,-0.01,21,71746,卖盘
09:51:58,34.16,0.0,64,218633,卖盘
09:52:01,34.16,0.0,154,526086,卖盘
09:52:04,34.16,0.0,127,433832,卖盘
09:52:07,34.13,-0.03,1702,5811007,卖盘
09:52:10,34.16,0.03,63,215048,买盘
09:52:13,34.15,-0.01,155,529021,中性盘
09:52:15,34.13,-0.02,954,3257758,卖盘
09:52:19,34.12,-0.01,46,156962,卖盘
09:52:22,34.13,0.01,11,37543,买盘
09:52:25,34.12,-0.01,339,1156668,卖盘
09:52:27,34.12,0.0,21,71638,买盘
09:52:31,34.12,0.0,100,341130,买盘
09:52:34,34.12,0.0,114,388944,买盘
09:52:37,34.11,-0.01,272,927931,卖盘
09:52:40,34.11,0.0,468,1596499,卖盘
09:52:42,34.1,-0.01,166,566297,卖盘
09:52:46,34.11,0.01,75,255825,买盘
09:52:48,34.11,0.0,114,388833,买盘
09:52:52,34.1,-0.01,197,671865,卖盘
09:52:55,34.1,0.0,325,1107835,卖盘
09:52:58,34.1,0.0,199,678741,卖盘
09:53:01,34.1,0.0,253,862925,卖盘
09:53:04,34.1,0.0,654,2230302,卖盘
09:53:07,34.11,0.01,101,344600,中性盘
09:53:10,34.11,0.0,68,232076,卖盘
09:53:13,34.11,0.0,48,163732,卖盘
09:53:15,34.11,0.0,37,126213,卖盘
09:53:19,34.11,0.0,56,191078,卖盘
09:53:22,34.14,0.03,70,238835,买盘
09:53:25,34.12,-0.02,45,153601,卖盘
09:53:28,34.14,0.02,218,743965,中性盘
09:53:31,34.12,-0.02,62,211733,中性盘
09:53:33,34.13,0.01,17,58005,买盘
09:53:36,34.14,0.01,17,58028,买盘
09:53:39,34.11,-0.03,225,767500,卖盘
09:53:42,34.12,0.01,1,3412,买盘
09:53:46,34.12,0.0,45,153532,买盘
09:53:48,34.11,-0.01,519,1770342,卖盘
09:53:52,34.11,0.0,171,583373,卖盘
09:53:55,34.11,0.0,36,122790,买盘
09:53:58,34.11,0.0,43,146652,买盘
09:54:01,34.1,-0.01,61,208051,卖盘
09:54:04,34.11,0.01,8,27287,买盘
09:54:07,34.11,0.0,83,283108,买盘
09:54:10,34.1,-0.01,29,98909,卖盘
09:54:13,34.1,0.0,34,115959,卖盘
09:54:16,34.1,0.0,1004,3424352,卖盘
09:54:19,34.1,0.0,142,484209,买盘
09:54:21,34.1,0.0,34,115939,买盘
09:54:24,34.09,-0.01,632,2154937,卖盘
09:54:28,34.09,0.0,27,92032,买盘
09:54:31,34.08,-0.01,163,555511,卖盘
09:54:33,34.08,0.0,120,409060,卖盘
09:54:37,34.08,0.0,57,194277,卖盘
09:54:40,34.08,0.0,97,330581,卖盘
09:54:43,34.08,0.0,27,92022,卖盘
09:54:46,34.08,0.0,74,252199,卖盘
09:54:49,34.08,0.0,220,749774,卖盘
09:54:52,34.08,0.0,37,126105,卖盘
09:54:55,34.08,0.0,402,1370318,卖盘
09:54:58,34.08,0.0,103,351024,卖盘
09:55:01,34.09,0.01,338,1151769,买盘
09:55:04,34.08,-0.01,40,133979,卖盘
09:55:07,34.08,0.0,54,184062,卖盘
09:55:10,34.09,0.01,77,262446,买盘
09:55:13,34.08,-0.01,175,596557,卖盘
09:55:16,34.09,0.01,215,732735,中性盘
09:55:19,34.09,0.0,45,153397,卖盘
09:55:22,34.1,0.01,1,3410,买盘
09:55:25,34.09,-0.01,124,422722,卖盘
09:55:28,34.1,0.01,120,409150,买盘
09:55:31,34.1,0.0,1183,4034037,买盘
09:55:33,34.12,0.02,143,487441,买盘
09:55:37,34.11,-0.01,97,331081,卖盘
09:55:40,34.11,0.0,16,54576,卖盘
09:55:43,34.15,0.04,116,395965,买盘
09:55:46,34.16,0.01,73,249145,买盘
09:55:49,34.14,-0.02,154,525802,卖盘
09:55:51,34.14,0.0,3,10242,买盘
09:55:55,34.14,0.0,20,68295,买盘
09:55:58,34.15,0.01,150,514097,中性盘
09:56:01,34.14,-0.01,59,201469,卖盘
09:56:04,34.15,0.01,38,129762,买盘
09:56:07,34.15,0.0,23,78548,卖盘
09:56:10,34.15,0.0,29,99029,卖盘
09:56:13,34.16,0.01,214,730920,买盘
09:56:16,34.15,-0.01,46,157042,卖盘
09:56:19,34.16,0.01,42,141162,买盘
09:56:22,34.15,-0.01,13,44395,买盘
09:56:25,34.14,-0.01,54,184370,卖盘
09:56:28,34.14,0.0,31,105833,买盘
09:56:31,34.13,-0.01,64,218527,卖盘
09:56:34,34.15,0.02,137,467841,买盘
09:56:37,34.14,-0.01,39,133146,卖盘
09:56:40,34.15,0.01,29,99029,卖盘
09:56:43,34.15,0.0,21,71787,卖盘
09:56:46,34.15,0.0,40,136590,卖盘
09:56:49,34.15,0.0,395,1348937,卖盘
09:56:52,34.15,0.0,10,34149,买盘
09:56:55,34.15,0.0,87,297059,买盘
09:56:58,34.15,0.0,81,276566,买盘
09:57:01,34.15,0.0,84,286841,买盘
09:57:04,34.14,-0.01,135,460845,卖盘
09:57:07,34.14,0.0,49,167286,卖盘
09:57:10,34.15,0.01,23,78538,买盘
09:57:13,34.15,0.0,133,454170,买盘
09:57:17,34.15,0.0,87,297128,买盘
09:57:19,34.14,-0.01,24,81942,卖盘
09:57:22,34.14,0.0,25,85350,买盘
09:57:25,34.14,0.0,21,71701,卖盘
09:57:28,34.15,0.01,50,170680,中性盘
09:57:32,34.15,0.0,8,27318,卖盘
09:57:34,34.15,0.0,10,34150,卖盘
09:57:37,34.14,-0.01,12,40976,卖盘
09:57:40,34.15,0.01,2,6830,买盘
09:57:43,34.15,0.0,36,122916,买盘
09:57:47,34.14,-0.01,21,71694,卖盘
09:57:49,34.14,0.0,40,136560,卖盘
09:57:52,34.15,0.01,67,231217,买盘
09:57:55,34.14,-0.01,35,119512,卖盘
09:57:58,34.15,0.01,50,170706,买盘
09:58:01,34.15,0.0,32,109251,买盘
09:58:04,34.14,-0.01,59,201431,卖盘
09:58:07,34.14,0.0,15,51219,卖盘
09:58:10,34.14,0.0,33,112672,卖盘
09:58:13,34.15,0.01,74,252662,买盘
09:58:17,34.15,0.0,141,481515,买盘
09:58:19,34.15,0.0,16,54640,卖盘
09:58:22,34.16,0.01,241,823447,买盘
09:58:25,34.15,-0.01,72,245887,卖盘
09:58:28,34.17,0.02,255,868672,买盘
09:58:31,34.17,0.0,48,164017,卖盘
09:58:34,34.18,0.01,180,615218,买盘
09:58:37,34.18,0.0,79,269955,买盘
09:58:40,34.18,0.0,18,61524,卖盘
09:58:43,34.19,0.01,40,136724,买盘
09:58:47,34.2,0.01,212,724974,买盘
09:58:49,34.17,-0.03,511,1746470,卖盘
09:58:52,34.19,0.02,11,37609,中性盘
09:58:55,34.19,0.0,31,105977,卖盘
09:58:58,34.19,0.0,60,205059,买盘
09:59:02,34.18,-0.01,2,6836,卖盘
09:59:04,34.19,0.01,12,41020,买盘
09:59:07,34.19,0.0,160,547221,买盘
09:59:10,34.18,-0.01,40,136688,买盘
09:59:13,34.19,0.01,61,208502,买盘
09:59:16,34.17,-0.02,3,10252,卖盘
09:59:19,34.17,0.0,32,109369,卖盘
09:59:22,34.17,0.0,68,232414,卖盘
09:59:25,34.18,0.01,21,71783,中性盘
09:59:28,34.16,-0.02,144,494100,卖盘
09:59:32,34.16,0.0,37,126417,卖盘
09:59:34,34.17,0.01,22,75170,买盘
09:59:37,34.17,0.0,6,20502,买盘
09:59:40,34.16,-0.01,48,163981,卖盘
09:59:43,34.17,0.01,163,556812,买盘
09:59:46,34.18,0.01,86,293875,买盘
09:59:49,34.16,-0.02,29,99073,卖盘
09:59:52,34.17,0.01,57,194781,买盘
09:59:55,34.18,0.01,122,414863,买盘
09:59:58,34.18,0.0,121,413581,卖盘
10:00:02,34.19,0.01,17,58112,买盘
10:00:04,34.18,-0.01,349,1192887,卖盘
10:00:07,34.19,0.01,60,205108,买盘
10:00:10,34.18,-0.01,26,91263,卖盘
10:00:13,34.19,0.01,36,122801,买盘
10:00:17,34.18,-0.01,16,54688,中性盘
10:00:20,34.17,-0.01,69,235782,卖盘
10:00:23,34.18,0.01,28,95704,买盘
10:00:25,34.18,0.0,11,37593,买盘
10:00:28,34.17,-0.01,76,259697,卖盘
10:00:32,34.18,0.01,23,78609,买盘
10:00:34,34.18,0.0,87,297358,买盘
10:00:37,34.17,-0.01,22,75194,卖盘
10:00:40,34.18,0.01,134,457880,中性盘
10:00:43,34.18,0.0,40,136686,买盘
10:00:47,34.17,-0.01,100,341700,卖盘
10:00:49,34.16,-0.01,27,92245,卖盘
10:00:53,34.17,0.01,59,201603,买盘
10:00:55,34.16,-0.01,33,112746,卖盘
10:00:58,34.17,0.01,190,649074,买盘
10:01:02,34.18,0.01,43,146916,买盘
10:01:04,34.15,-0.03,68,232375,卖盘
10:01:07,34.16,0.01,1,3416,买盘
10:01:10,34.15,-0.01,48,161188,卖盘
10:01:13,34.17,0.02,65,222044,买盘
10:01:17,34.17,0.0,41,140092,买盘
10:01:19,34.17,0.0,10,34166,买盘
10:01:22,34.16,-0.01,17,58075,卖盘
10:01:25,34.16,0.0,63,215213,卖盘
10:01:28,34.16,0.0,60,204908,中性盘
10:01:32,34.15,-0.01,4,13660,卖盘
10:01:34,34.16,0.01,65,221999,买盘
10:01:37,34.15,-0.01,17,58055,卖盘
10:01:40,34.15,0.0,27,92216,卖盘
10:01:43,34.15,0.0,32,109280,卖盘
10:01:46,34.16,0.01,44,150286,买盘
10:01:49,34.16,0.0,2,6832,卖盘
10:01:52,34.17,0.01,12,43253,买盘
10:01:55,34.16,-0.01,82,280150,卖盘
10:01:58,34.17,0.01,91,310901,买盘
10:02:02,34.16,-0.01,65,222055,卖盘
10:02:04,34.16,0.0,13,44410,卖盘
10:02:07,34.17,0.01,10,34161,买盘
10:02:10,34.16,-0.01,143,486199,卖盘
10:02:13,34.15,-0.01,7,23906,卖盘
10:02:17,34.15,0.0,6,20490,卖盘
10:02:20,34.16,0.01,24,81965,买盘
10:02:22,34.16,0.0,4,13664,买盘
10:02:25,34.15,-0.01,10,34154,卖盘
10:02:28,34.15,0.0,99,338096,卖盘
10:02:32,34.16,0.01,8,27323,买盘
10:02:34,34.15,-0.01,81,276616,卖盘
10:02:37,34.15,0.0,31,105865,卖盘
10:02:40,34.14,-0.01,57,194637,卖盘
10:02:43,34.15,0.01,114,389278,买盘
10:02:47,34.15,0.0,2,6829,买盘
10:02:49,34.15,0.0,13,44385,买盘
10:02:52,34.14,-0.01,186,635311,卖盘
10:02:55,34.14,0.0,35,119483,买盘
10:02:58,34.14,0.0,63,215082,买盘
10:03:01,34.14,0.0,90,307187,买盘
10:03:04,34.14,0.0,47,160432,买盘
10:03:07,34.14,0.0,38,129722,买盘
10:03:10,34.14,0.0,38,129723,买盘
10:03:13,34.14,0.0,24,81928,买盘
10:03:17,34.13,-0.01,51,174053,卖盘
10:03:20,34.13,0.0,36,122863,买盘
10:03:22,34.13,0.0,18,61433,买盘
10:03:25,34.12,-0.01,29,98965,卖盘
10:03:28,34.14,0.02,132,450478,买盘
10:03:32,34.12,-0.02,82,279888,卖盘
10:03:34,34.15,0.03,15,51219,买盘
10:03:37,34.15,0.0,4,13657,买盘
10:03:40,34.14,-0.01,56,191186,卖盘
10:03:43,34.14,0.0,42,143741,买盘
10:03:47,34.14,0.0,43,146802,卖盘
10:03:49,34.14,0.0,42,143393,卖盘
10:03:52,34.14,0.0,104,355050,卖盘
10:03:56,34.14,0.0,127,433452,买盘
10:03:58,34.14,0.0,97,331669,买盘
10:04:02,34.14,0.0,14,48095,买盘
10:04:04,34.14,0.0,13,44580,买盘
10:04:07,34.14,0.0,107,364264,买盘
10:04:10,34.13,-0.01,20,68260,卖盘
10:04:13,34.12,-0.01,1,3412,卖盘
10:04:17,34.13,0.01,15,51188,买盘
10:04:20,34.13,0.0,53,180876,买盘
10:04:22,34.13,0.0,15,51195,买盘
10:04:25,34.12,-0.01,91,310501,卖盘
10:04:28,34.12,0.0,50,170620,卖盘
10:04:32,34.12,0.0,92,313563,卖盘
10:04:34,34.12,0.0,74,252481,买盘
10:04:37,34.12,0.0,153,522025,买盘
10:04:40,34.11,-0.01,210,716407,卖盘
10:04:43,34.1,-0.01,91,310377,卖盘
10:04:47,34.13,0.03,24,81906,买盘
10:04:49,34.11,-0.02,38,129640,卖盘
10:04:52,34.12,0.01,63,214922,买盘
10:04:55,34.12,0.0,43,146695,买盘
10:04:58,34.11,-0.01,118,404333,卖盘
10:05:02,34.11,0.0,23,78454,买盘
10:05:04,34.11,0.0,83,283157,买盘
10:05:07,34.12,0.01,226,770868,买盘
10:05:10,34.12,0.0,70,237720,买盘
10:05:13,34.12,0.0,66,225242,卖盘
10:05:17,34.12,0.0,28,95557,卖盘
10:05:20,34.12,0.0,67,229787,卖盘
10:05:22,34.12,0.0,106,361658,买盘
10:05:26,34.12,0.0,120,409759,买盘
10:05:28,34.12,0.0,149,508552,中性盘
10:05:31,34.13,0.01,1,3413,卖盘
10:05:34,34.12,-0.01,36,122858,卖盘
10:05:37,34.12,0.0,1,1228,卖盘
10:05:40,34.13,0.01,13,44369,买盘
10:05:43,34.13,0.0,51,174033,买盘
10:05:47,34.13,0.0,11,37535,买盘
10:05:49,34.12,-0.01,26,88736,卖盘
10:05:52,34.13,0.01,5,17061,中性盘
10:05:56,34.14,0.01,47,160397,买盘
10:05:58,34.12,-0.02,201,688041,卖盘
10:06:02,34.11,-0.01,61,205924,卖盘
10:06:04,34.14,0.03,18,61420,买盘
10:06:07,34.11,-0.03,34,116004,卖盘
10:06:10,34.11,0.0,46,158020,卖盘
10:06:17,34.12,0.01,18,61421,卖盘
10:06:20,34.12,0.0,23,78486,卖盘
10:06:22,34.13,0.01,88,300227,买盘
10:06:25,34.12,-0.01,110,375417,中性盘
10:06:28,34.12,0.0,25,85311,卖盘
10:06:32,34.12,0.0,15,51190,卖盘
10:06:34,34.14,0.02,4,13653,买盘
10:06:37,34.14,0.0,15,51210,买盘
10:06:40,34.13,-0.01,39,133112,卖盘
10:06:44,34.12,-0.01,64,218389,卖盘
10:06:46,34.13,0.01,53,180855,买盘
10:06:49,34.13,0.0,42,143346,买盘
10:06:52,34.12,-0.01,113,385645,卖盘
10:06:56,34.13,0.01,48,163824,买盘
10:06:58,34.14,0.01,49,167240,买盘
10:07:02,34.13,-0.01,12,40956,卖盘
10:07:04,34.14,0.01,27,92159,买盘
10:07:08,34.14,0.0,62,211657,买盘
10:07:10,34.14,0.0,63,215026,买盘
10:07:13,34.13,-0.01,2,6826,卖盘
10:07:16,34.13,0.0,50,170660,卖盘
10:07:20,34.13,0.0,23,78509,卖盘
10:07:22,34.13,0.0,6,20480,卖盘
10:07:25,34.13,0.0,62,211610,卖盘
10:07:28,34.14,0.01,9,30721,买盘
10:07:31,34.14,0.0,214,730689,买盘
10:07:34,34.14,0.0,14,47796,卖盘
10:07:37,34.14,0.0,33,112676,卖盘
10:07:40,34.14,0.0,26,88764,卖盘
10:07:43,34.14,0.0,27,91701,卖盘
10:07:47,34.14,0.0,40,137048,卖盘
10:07:49,34.13,-0.01,13,44381,卖盘
10:07:52,34.14,0.01,5,17070,买盘
10:07:56,34.14,0.0,35,119456,买盘
10:07:58,34.13,-0.01,105,358425,卖盘
10:08:01,34.13,0.0,74,252562,卖盘
10:08:04,34.14,0.01,127,433519,买盘
10:08:08,34.14,0.0,4,13653,买盘
10:08:10,34.13,-0.01,31,105816,卖盘
10:08:13,34.13,0.0,30,102414,卖盘
10:08:16,34.13,0.0,11,37549,卖盘
10:08:19,34.13,0.0,24,81922,卖盘
10:08:22,34.14,0.01,43,146783,买盘
10:08:25,34.13,-0.01,29,98979,卖盘
10:08:28,34.15,0.02,54,184313,买盘
10:08:32,34.15,0.0,26,88784,买盘
10:08:34,34.15,0.0,17,58049,买盘
10:08:37,34.15,0.0,18,61460,买盘
10:08:40,34.15,0.0,23,78537,买盘
10:08:43,34.14,-0.01,7,23899,卖盘
10:08:47,34.15,0.01,7,23905,买盘
10:08:49,34.14,-0.01,27,92204,卖盘
10:08:52,34.15,0.01,290,990374,买盘
10:08:56,34.15,0.0,35,119525,卖盘
10:08:58,34.16,0.01,400,1368489,买盘
10:09:02,34.16,0.0,8,27328,卖盘
10:09:04,34.16,0.0,21,71736,卖盘
10:09:08,34.17,0.01,8,27336,买盘
10:09:10,34.17,0.0,378,1291605,买盘
10:09:13,34.17,0.0,98,334876,买盘
10:09:16,34.18,0.01,44,150380,买盘
10:09:20,34.18,0.0,206,703804,买盘
10:09:22,34.18,0.0,3,10252,买盘
10:09:25,34.17,-0.01,167,570595,卖盘
10:09:29,34.17,0.0,112,382711,买盘
10:09:32,34.17,0.0,101,345194,卖盘
10:09:34,34.17,0.0,27,92261,卖盘
10:09:38,34.17,0.0,34,116195,卖盘
10:09:40,34.17,0.0,21,71764,卖盘
10:09:43,34.17,0.0,10,34175,卖盘
10:09:47,34.18,0.01,7,23926,买盘
10:09:49,34.17,-0.01,15,51262,卖盘
10:09:52,34.17,0.0,93,317781,卖盘
10:09:55,34.17,0.0,40,136660,买盘
10:09:58,34.17,0.0,130,444205,买盘
10:10:02,34.17,0.0,17,58083,买盘
10:10:04,34.17,0.0,17,58084,买盘
10:10:07,34.17,0.0,37,126428,买盘
10:10:10,34.16,-0.01,48,164007,卖盘
10:10:13,34.17,0.01,28,95670,买盘
10:10:17,34.17,0.0,51,174247,买盘
10:10:20,34.17,0.0,3,10250,买盘
10:10:22,34.17,0.0,16,54658,买盘
10:10:25,34.16,-0.01,58,198137,卖盘
10:10:28,34.17,0.01,9,30747,买盘
10:10:32,34.17,0.0,14,47838,买盘
10:10:35,34.17,0.0,8,27330,买盘
10:10:38,34.16,-0.01,87,297314,卖盘
10:10:40,34.16,0.0,176,601303,卖盘
10:10:44,34.17,0.01,15,49922,卖盘
10:10:46,34.18,0.01,9,30759,买盘
10:10:49,34.17,-0.01,29,99093,卖盘
10:10:52,34.17,0.0,15,51257,卖盘
10:10:56,34.17,0.0,19,64923,卖盘
10:10:58,34.17,0.0,155,528105,卖盘
10:11:02,34.17,0.0,1,3417,卖盘
10:11:05,34.17,0.0,7,23919,卖盘
10:11:07,34.18,0.01,10,34173,买盘
10:11:10,34.18,0.0,37,126461,买盘
10:11:13,34.18,0.0,5,17087,买盘
10:11:17,34.17,-0.01,14,47844,卖盘
10:11:20,34.18,0.01,96,328128,买盘
10:11:22,34.17,-0.01,172,587722,卖盘
10:11:25,34.15,-0.02,90,307451,卖盘
10:11:28,34.17,0.02,40,136679,买盘
10:11:35,34.17,0.0,4,13668,买盘
10:11:38,34.17,0.0,25,85400,买盘
10:11:40,34.15,-0.02,5,17075,卖盘
10:11:43,34.15,0.0,22,75130,卖盘
10:11:47,34.17,0.02,37,126394,买盘
10:11:49,34.16,-0.01,11,37576,卖盘
10:11:52,34.16,0.0,92,314194,卖盘
10:11:56,34.16,0.0,22,75154,卖盘
10:11:58,34.16,0.0,53,181072,买盘
10:12:02,34.16,0.0,10,34160,卖盘
10:12:05,34.16,0.0,10,34160,卖盘
10:12:08,34.17,0.01,103,351951,买盘
10:12:10,34.16,-0.01,39,133225,卖盘
10:12:13,34.16,0.0,17,58072,卖盘
10:12:17,34.16,0.0,39,133255,卖盘
10:12:20,34.16,0.0,22,75152,卖盘
10:12:22,34.16,0.0,14,47824,卖盘
10:12:25,34.16,0.0,33,112734,卖盘
10:12:28,34.17,0.01,39,133227,买盘
10:12:32,34.15,-0.02,139,474842,卖盘
10:12:34,34.16,0.01,79,269786,买盘
10:12:37,34.15,-0.01,63,215157,卖盘
10:12:40,34.15,0.0,41,140036,卖盘
10:12:43,34.16,0.01,36,122968,买盘
10:12:47,34.16,0.0,22,75152,卖盘
10:12:49,34.16,0.0,7,23917,卖盘
10:12:52,34.17,0.01,16,54659,买盘
10:12:56,34.16,-0.01,43,146891,卖盘
10:12:58,34.16,0.0,103,351890,卖盘
10:13:02,34.16,0.0,16,54661,卖盘
10:13:04,34.17,0.01,48,164347,买盘
10:13:08,34.16,-0.01,14,47826,卖盘
10:13:10,34.17,0.01,152,519384,买盘
10:13:13,34.17,0.0,8,27336,卖盘
10:13:17,34.18,0.01,23,78598,买盘
10:13:19,34.18,0.0,11,37592,买盘
10:13:22,34.17,-0.01,24,82009,卖盘
10:13:25,34.18,0.01,10,34177,买盘
10:13:28,34.17,-0.01,58,198189,买盘
10:13:32,34.18,0.01,140,478491,买盘
10:13:35,34.18,0.0,314,1073252,买盘
10:13:38,34.18,0.0,121,413657,卖盘
10:13:40,34.18,0.0,63,215386,卖盘
10:13:44,34.19,0.01,386,1319664,买盘
10:13:46,34.2,0.01,693,2370058,买盘
10:13:49,34.2,0.0,83,283940,卖盘
10:13:52,34.22,0.02,29,99220,买盘
10:13:56,34.2,-0.02,214,732176,卖盘
10:13:58,34.22,0.02,132,451644,买盘
10:14:02,34.22,0.0,437,1495413,买盘
10:14:05,34.25,0.03,249,852287,买盘
10:14:08,34.25,0.0,67,229347,买盘
10:14:10,34.23,-0.02,130,445211,卖盘
10:14:13,34.25,0.02,35,119848,买盘
10:14:17,34.25,0.0,153,526179,买盘
10:14:20,34.24,-0.01,101,345922,中性盘
10:14:22,34.24,0.0,354,1212379,卖盘
10:14:25,34.23,-0.01,61,208851,卖盘
10:14:28,34.26,0.03,273,934861,买盘
10:14:32,34.25,-0.01,16,54803,卖盘
10:14:38,34.26,0.01,44,150713,买盘
10:14:40,34.26,0.0,45,154152,买盘
10:14:43,34.26,0.0,44,150750,卖盘
10:14:47,34.26,0.0,15,51390,卖盘
10:14:49,34.27,0.01,102,347009,买盘
10:14:52,34.26,-0.01,108,370205,卖盘
10:14:55,34.27,0.01,8,27419,卖盘
10:14:58,34.28,0.01,54,185061,买盘
10:15:02,34.28,0.0,234,802273,买盘
10:15:05,34.28,0.0,10,34280,卖盘
10:15:07,34.29,0.01,28,95998,买盘
10:15:10,34.28,-0.01,107,366823,卖盘
10:15:13,34.28,0.0,155,531474,卖盘
10:15:17,34.29,0.01,44,150871,买盘
10:15:20,34.29,0.0,179,613724,买盘
10:15:22,34.29,0.0,67,229748,卖盘
10:15:25,34.29,0.0,83,285713,卖盘
10:15:28,34.3,0.01,55,188597,买盘
10:15:32,34.29,-0.01,33,113331,卖盘
10:15:35,34.29,0.0,45,154339,卖盘
10:15:38,34.3,0.01,90,308688,买盘
10:15:40,34.29,-0.01,361,1238245,卖盘
10:15:43,34.3,0.01,62,212660,卖盘
10:15:47,34.3,0.0,20,68607,卖盘
10:15:49,34.3,0.0,347,1190165,卖盘
10:15:52,34.31,0.01,42,144080,买盘
10:15:56,34.3,-0.01,21,72030,卖盘
10:15:58,34.3,0.0,73,250363,卖盘
10:16:01,34.31,0.01,62,212722,买盘
10:16:04,34.31,0.0,33,113221,卖盘
10:16:07,34.3,-0.01,33,113190,卖盘
10:16:10,34.3,0.0,78,267600,卖盘
10:16:13,34.3,0.0,12,41160,买盘
10:16:17,34.3,0.0,24,82320,买盘
10:16:20,34.3,0.0,330,1131212,买盘
10:16:22,34.29,-0.01,242,831369,卖盘
10:16:25,34.29,0.0,213,730049,买盘
10:16:28,34.28,-0.01,35,119980,中性盘
10:16:31,34.27,-0.01,6,20567,卖盘
10:16:35,34.28,0.01,27,92532,买盘
10:16:38,34.27,-0.01,21,71972,卖盘
10:16:40,34.27,0.0,20,68543,卖盘
10:16:44,34.28,0.01,68,233052,买盘
10:16:46,34.28,0.0,27,92541,买盘
10:16:49,34.28,0.0,374,1281730,买盘
10:16:52,34.28,0.0,6,20568,买盘
10:16:56,34.28,0.0,37,126844,卖盘
10:16:58,34.27,-0.01,49,167946,卖盘
10:17:02,34.27,0.0,1,1028,卖盘
10:17:04,34.27,0.0,7,23990,卖盘
10:17:08,34.28,0.01,5,17138,买盘
10:17:10,34.28,0.0,73,250211,买盘
10:17:13,34.28,0.0,70,240226,买盘
10:17:17,34.26,-0.02,313,1072348,卖盘
10:17:20,34.27,0.01,29,99372,买盘
10:17:22,34.26,-0.01,131,448929,卖盘
10:17:25,34.28,0.02,26,89110,买盘
10:17:28,34.27,-0.01,195,668131,中性盘
10:17:31,34.26,-0.01,21,71948,卖盘
10:17:35,34.26,0.0,7,23988,卖盘
10:17:38,34.26,0.0,22,75382,卖盘
10:17:40,34.25,-0.01,81,276859,卖盘
10:17:44,34.25,0.0,95,326222,买盘
10:17:47,34.25,0.0,3,10275,买盘
10:17:49,34.25,0.0,378,1293486,买盘
10:17:52,34.25,0.0,102,350138,买盘
10:17:56,34.25,0.0,9,30833,卖盘
10:17:58,34.27,0.02,46,157558,买盘
10:18:01,34.26,-0.01,47,161024,卖盘
10:18:05,34.27,0.01,23,78806,买盘
10:18:08,34.27,0.0,16,54832,买盘
10:18:10,34.29,0.02,610,2088627,买盘
10:18:13,34.29,0.0,134,459503,卖盘
10:18:16,34.3,0.01,57,195494,买盘
10:18:20,34.3,0.0,352,1207042,买盘
10:18:22,34.3,0.0,96,329237,买盘
10:18:25,34.29,-0.01,74,253776,卖盘
10:18:28,34.3,0.01,72,246941,买盘
10:18:32,34.3,0.0,12,41160,买盘
10:18:35,34.29,-0.01,27,92608,卖盘
10:18:38,34.3,0.01,6,20578,买盘
10:18:40,34.3,0.0,135,463050,买盘
10:18:44,34.31,0.01,47,161254,买盘
10:18:47,34.29,-0.02,310,1063213,卖盘
10:18:49,34.31,0.02,44,150952,买盘
10:18:52,34.32,0.01,58,199046,买盘
10:18:56,34.31,-0.01,29,99499,卖盘
10:18:58,34.31,0.0,14,48033,买盘
10:19:01,34.31,0.0,20,70412,买盘
10:19:04,34.31,0.0,3,10292,买盘
10:19:07,34.31,0.0,182,624401,买盘
10:19:10,34.31,0.0,14,48043,卖盘
10:19:13,34.31,0.0,43,147533,卖盘
10:19:17,34.29,-0.02,317,1087199,卖盘
10:19:19,34.29,0.0,186,638299,卖盘
10:19:22,34.32,0.03,77,264190,买盘
10:19:25,34.29,-0.03,47,161167,卖盘
10:19:28,34.31,0.02,9,30873,买盘
10:19:35,34.3,-0.01,21,72032,卖盘
10:19:38,34.3,0.0,35,120873,卖盘
10:19:40,34.3,0.0,7,24009,买盘
10:19:43,34.3,0.0,21,72024,买盘
10:19:46,34.3,0.0,25,85726,买盘
10:19:49,34.32,0.02,433,1483714,买盘
10:19:52,34.3,-0.02,184,631467,卖盘
10:19:56,34.33,0.03,113,387879,买盘
10:19:58,34.32,-0.01,37,126928,中性盘
10:20:02,34.32,0.0,13,44613,买盘
10:20:05,34.3,-0.02,148,507724,卖盘
10:20:08,34.3,0.0,41,140624,买盘
10:20:10,34.3,0.0,35,117398,买盘
10:20:13,34.29,-0.01,22,78080,买盘
10:20:16,34.28,-0.01,15,51429,卖盘
10:20:19,34.3,0.02,529,1809776,买盘
10:20:22,34.23,-0.07,219,753480,卖盘
10:20:25,34.23,0.0,291,996055,买盘
10:20:28,34.28,0.05,14,47960,买盘
10:20:32,34.28,0.0,44,150984,买盘
10:20:38,34.27,-0.01,8,27398,中性盘
10:20:43,34.25,-0.02,15,51355,买盘
10:20:47,34.27,0.02,350,1197978,买盘
10:20:49,34.21,-0.06,13,44479,卖盘
10:20:52,34.25,0.04,15,51361,买盘
10:20:55,34.21,-0.04,41,137466,卖盘
10:20:58,34.24,0.03,33,115741,买盘
10:21:01,34.24,0.0,1,3424,买盘
10:21:04,34.21,-0.03,13,44473,卖盘
10:21:07,34.24,0.03,61,208864,买盘
10:21:10,34.22,-0.02,10,34217,中性盘
10:21:13,34.22,0.0,9,30818,卖盘
10:21:16,34.21,-0.01,14,47899,卖盘
10:21:19,34.21,0.0,324,1108025,卖盘
10:21:22,34.22,0.01,39,133411,卖盘
10:21:25,34.22,0.0,55,188221,卖盘
10:21:28,34.26,0.04,19,62320,买盘
10:21:32,34.24,-0.02,157,538830,买盘
10:21:34,34.24,0.0,5,15545,卖盘
10:21:37,34.23,-0.01,7,23962,卖盘
10:21:41,34.24,0.01,5,17120,买盘
10:21:43,34.24,0.0,48,164279,买盘
10:21:47,34.24,0.0,14,47936,买盘
10:21:49,34.24,0.0,324,1110498,卖盘
10:21:52,34.23,-0.01,20,66895,卖盘
10:21:55,34.23,0.0,37,127273,买盘
10:21:58,34.23,0.0,6,20538,买盘
10:22:02,34.23,0.0,15,51334,买盘
10:22:03,34.22,-0.01,75,256653,卖盘
10:22:07,34.2,-0.02,232,795895,卖盘
10:22:10,34.19,-0.01,29,99169,卖盘
10:22:13,34.19,0.0,14,44938,卖盘
10:22:16,34.21,0.02,383,1311201,买盘
10:22:20,34.21,0.0,320,1093672,卖盘
10:22:22,34.21,0.0,41,140241,卖盘
10:22:25,34.21,0.0,18,61589,卖盘
10:22:28,34.21,0.0,20,68426,卖盘
10:22:31,34.24,0.03,59,201861,买盘
10:22:35,34.22,-0.02,15,51350,卖盘
10:22:38,34.23,0.01,10,34229,买盘
10:22:41,34.23,0.0,20,68472,买盘
10:22:43,34.25,0.02,355,1217078,买盘
10:22:47,34.26,0.01,34,116482,买盘
10:22:49,34.26,0.0,387,1325232,卖盘
10:22:52,34.26,0.0,55,188475,买盘
10:22:55,34.23,-0.03,132,452234,卖盘
10:22:59,34.28,0.05,338,1158625,买盘
10:23:01,34.28,0.0,169,579332,买盘
10:23:05,34.29,0.01,18,59209,买盘
10:23:08,34.28,-0.01,17,58286,卖盘
10:23:09,34.27,-0.01,108,370161,卖盘
10:23:14,34.28,0.01,20,68560,买盘
10:23:16,34.29,0.01,7,24002,中性盘
10:23:20,34.29,0.0,307,1051281,买盘
10:23:22,34.28,-0.01,5,17140,卖盘
10:23:25,34.29,0.01,53,181604,买盘
10:23:28,34.28,-0.01,5,17134,买盘
10:23:31,34.28,0.0,1,3428,买盘
10:23:34,34.24,-0.04,43,147362,卖盘
10:23:38,34.24,0.0,5,17123,卖盘
10:23:40,34.26,0.02,39,133636,中性盘
10:23:44,34.26,0.0,25,85650,买盘
10:23:46,34.26,0.0,3,10278,卖盘
10:23:49,34.28,0.02,304,1040794,买盘
10:23:52,34.26,-0.02,1,3426,中性盘
10:23:55,34.26,0.0,23,78821,卖盘
10:23:58,34.26,0.0,78,267088,买盘
10:24:01,34.26,0.0,21,71946,买盘
10:24:04,34.26,0.0,90,308271,买盘
10:24:07,34.26,0.0,39,133608,买盘
10:24:10,34.26,0.0,65,222690,买盘
10:24:14,34.27,0.01,6,20563,买盘
10:24:17,34.26,-0.01,92,315414,卖盘
10:24:19,34.26,0.0,319,1092771,卖盘
10:24:22,34.25,-0.01,117,400803,卖盘
10:24:25,34.27,0.02,44,150808,中性盘
10:24:27,34.27,0.0,57,195319,买盘
10:24:32,34.29,0.02,74,253738,买盘
10:24:34,34.27,-0.02,22,75420,卖盘
10:24:37,34.27,0.0,67,229609,卖盘
10:24:40,34.29,0.02,27,92583,买盘
10:24:43,34.27,-0.02,23,78841,卖盘
10:24:47,34.29,0.02,27,92573,买盘
10:24:49,34.29,0.0,330,1130432,买盘
10:24:52,34.28,-0.01,29,99419,中性盘
10:24:55,34.27,-0.01,11,37699,卖盘
10:24:57,34.27,0.0,189,647956,卖盘
10:25:01,34.27,0.0,33,113102,卖盘
10:25:04,34.28,0.01,117,400950,买盘
10:25:07,34.26,-0.02,12,41123,卖盘
10:25:10,34.27,0.01,9,32118,中性盘
10:25:13,34.29,0.02,43,147480,买盘
10:25:16,34.29,0.0,74,253811,卖盘
10:25:19,34.29,0.0,662,2269784,卖盘
10:25:22,34.27,-0.02,33,113114,中性盘
10:25:25,34.26,-0.01,69,236517,卖盘
10:25:29,34.26,0.0,13,44548,卖盘
10:25:31,34.28,0.02,50,171343,中性盘
10:25:34,34.27,-0.01,8,27428,卖盘
10:25:37,34.27,0.0,24,82274,卖盘
10:25:40,34.28,0.01,5,17143,买盘
10:25:42,34.27,-0.01,6,20562,买盘
10:25:46,34.27,0.0,18,61715,买盘
10:25:49,34.28,0.01,336,1150787,中性盘
10:25:52,34.28,0.0,9,30852,卖盘
10:25:56,34.28,0.0,33,113124,卖盘
10:25:58,34.28,0.0,7,23996,买盘
10:26:01,34.28,0.0,44,150824,买盘
10:26:04,34.27,-0.01,5,17135,中性盘
10:26:07,34.27,0.0,18,61686,买盘
10:26:10,34.26,-0.01,82,280912,卖盘
10:26:13,34.25,-0.01,9,30830,卖盘
10:26:15,34.26,0.01,145,496942,买盘
10:26:19,34.26,0.0,407,1393919,卖盘
10:26:21,34.26,0.0,52,178080,买盘
10:26:25,34.25,-0.01,58,198655,中性盘
10:26:28,34.25,0.0,38,130168,卖盘
10:26:31,34.26,0.01,64,219239,买盘
10:26:33,34.25,-0.01,25,85642,卖盘
10:26:37,34.29,0.04,16,54837,买盘
10:26:40,34.26,-0.03,18,61671,卖盘
10:26:43,34.29,0.03,1,3429,买盘
10:26:46,34.28,-0.01,4,13708,买盘
10:26:49,34.24,-0.04,303,1037742,卖盘
10:26:52,34.26,0.02,2,6854,中性盘
10:26:55,34.26,0.0,29,99354,卖盘
10:26:58,34.24,-0.02,41,141069,卖盘
10:27:02,34.25,0.01,33,113025,卖盘
10:27:05,34.25,0.0,32,109744,卖盘
10:27:07,34.26,0.01,15,51390,买盘
10:27:10,34.25,-0.01,48,164439,卖盘
10:27:12,34.25,0.0,13,44533,卖盘
10:27:16,34.28,0.03,71,243248,买盘
10:27:19,34.25,-0.03,304,1041251,卖盘
10:27:22,34.26,0.01,63,215640,买盘
10:27:25,34.25,-0.01,56,191850,中性盘
10:27:28,34.23,-0.02,384,1314850,卖盘
10:27:31,34.24,0.01,16,54792,中性盘
10:27:33,34.26,0.02,58,198648,买盘
10:27:37,34.29,0.03,28,95987,买盘
10:27:39,34.29,0.0,107,366907,买盘
10:27:42,34.29,0.0,259,888287,卖盘
10:27:46,34.29,0.0,120,409077,卖盘
10:27:48,34.3,0.01,326,1116599,买盘
10:27:51,34.26,-0.04,25,85930,卖盘
10:27:55,34.26,0.0,77,263612,卖盘
10:27:58,34.26,0.0,34,116710,买盘
10:28:01,34.29,0.03,52,178218,买盘
10:28:04,34.32,0.03,468,1605807,买盘
10:28:07,34.32,0.0,227,779207,卖盘
10:28:10,34.32,0.0,297,1019454,卖盘
10:28:13,34.34,0.02,297,1019594,买盘
10:28:16,34.34,0.0,36,123621,买盘
10:28:19,34.36,0.02,788,2706720,买盘
10:28:22,34.36,0.0,66,226776,卖盘
10:28:25,34.36,0.0,53,182111,卖盘
10:28:28,34.38,0.02,125,429597,买盘
10:28:31,34.38,0.0,129,443424,买盘
10:28:34,34.37,-0.01,56,192492,买盘
10:28:36,34.38,0.01,131,450374,买盘
10:28:40,34.38,0.0,191,656720,买盘
10:28:43,34.39,0.01,35,120353,买盘
10:28:46,34.38,-0.01,173,594906,卖盘
10:28:49,34.34,-0.04,354,1216173,卖盘
10:28:52,34.32,-0.02,258,886406,卖盘
10:28:55,34.32,0.0,64,219712,卖盘
10:28:58,34.36,0.04,5,18725,买盘
10:29:01,34.37,0.01,117,401927,买盘
10:29:03,34.36,-0.01,32,109972,卖盘
10:29:07,34.36,0.0,18,61848,卖盘
10:29:10,34.34,-0.02,106,364267,卖盘
10:29:13,34.34,0.0,73,250682,买盘
10:29:16,34.34,0.0,52,178637,卖盘
10:29:19,34.33,-0.01,346,1187282,卖盘
10:29:22,34.35,0.02,86,295504,卖盘
10:29:24,34.35,0.0,25,85875,卖盘
10:29:28,34.34,-0.01,82,281716,卖盘
10:29:31,34.34,0.0,16,54950,卖盘
10:29:33,34.34,0.0,39,133947,中性盘
10:29:37,34.34,0.0,23,78971,卖盘
10:29:40,34.36,0.02,59,202716,买盘
10:29:43,34.35,-0.01,18,61847,卖盘
10:29:46,34.36,0.01,6,21408,卖盘
10:29:49,34.27,-0.09,308,1055722,卖盘
10:29:52,34.36,0.09,12,41232,买盘
10:29:54,34.3,-0.06,70,240115,卖盘
10:29:58,34.31,0.01,19,65265,中性盘
10:30:01,34.3,-0.01,35,120050,卖盘
10:30:03,34.3,0.0,112,384168,卖盘
10:30:07,34.29,-0.01,41,140629,卖盘
10:30:10,34.3,0.01,11,37728,买盘
10:30:13,34.3,0.0,12,41160,买盘
10:30:16,34.29,-0.01,33,113174,卖盘
10:30:18,34.28,-0.01,313,1072803,卖盘
10:30:22,34.3,0.02,101,346607,买盘
10:30:24,34.3,0.0,79,270988,卖盘
10:30:28,34.34,0.04,45,154479,买盘
10:30:31,34.33,-0.01,19,65242,卖盘
10:30:34,34.33,0.0,3,10299,卖盘
10:30:37,34.34,0.01,30,103020,买盘
10:30:39,34.35,0.01,50,171672,买盘
10:30:43,34.33,-0.02,3,10300,卖盘
10:30:45,34.35,0.02,87,296588,买盘
10:30:49,34.34,-0.01,36,123654,卖盘
10:30:52,34.34,0.0,15,51518,卖盘
10:30:55,34.3,-0.04,402,1381373,卖盘
10:30:58,34.33,0.03,128,439060,买盘
10:31:01,34.29,-0.04,21,72053,卖盘
10:31:04,34.3,0.01,11,37729,买盘
10:31:07,34.3,0.0,33,113174,买盘
10:31:09,34.3,0.0,64,219583,买盘
10:31:13,34.29,-0.01,10,34291,卖盘
10:31:16,34.3,0.01,12,41160,买盘
10:31:19,34.3,0.0,1,3430,卖盘
10:31:22,34.3,0.0,40,137179,卖盘
10:31:25,34.29,-0.01,123,421889,卖盘
10:31:28,34.3,0.01,154,528220,买盘
10:31:31,34.3,0.0,97,332709,买盘
10:31:33,34.3,0.0,21,72038,卖盘
10:31:36,34.29,-0.01,18,61737,卖盘
10:31:40,34.3,0.01,1,3430,买盘
10:31:43,34.3,0.0,20,68599,买盘
10:31:46,34.3,0.0,16,54877,买盘
10:31:49,34.3,0.0,219,751169,买盘
10:31:52,34.3,0.0,10,34303,卖盘
10:31:55,34.3,0.0,94,322420,卖盘
10:31:58,34.3,0.0,10,34301,卖盘
10:32:01,34.29,-0.01,63,216152,卖盘
10:32:04,34.3,0.01,9,30870,买盘
10:32:07,34.29,-0.01,132,452634,卖盘
10:32:13,34.28,-0.01,6,20572,卖盘
10:32:15,34.29,0.01,64,219453,买盘
10:32:19,34.28,-0.01,34,116576,卖盘
10:32:22,34.29,0.01,34,116586,买盘
10:32:25,34.28,-0.01,61,209126,卖盘
10:32:27,34.28,0.0,24,82287,卖盘
10:32:30,34.3,0.02,138,473185,买盘
10:32:34,34.3,0.0,17,58311,卖盘
10:32:37,34.3,0.0,37,126945,卖盘
10:32:40,34.32,0.02,56,192104,买盘
10:32:43,34.3,-0.02,27,92638,卖盘
10:32:45,34.32,0.02,87,298564,买盘
10:32:49,34.32,0.0,27,92664,卖盘
10:32:51,34.3,-0.02,59,202404,卖盘
10:32:55,34.31,0.01,43,147528,买盘
10:32:57,34.32,0.01,5,17158,买盘
10:33:04,34.31,-0.01,58,199046,卖盘
10:33:07,34.31,0.0,6,20586,卖盘
10:33:09,34.31,0.0,56,192182,卖盘
10:33:13,34.32,0.01,38,130404,买盘
10:33:15,34.32,0.0,132,453052,卖盘
10:33:19,34.32,0.0,15,51492,卖盘
10:33:22,34.33,0.01,73,248514,买盘
10:33:25,34.32,-0.01,95,326138,卖盘
10:33:28,34.33,0.01,38,130466,中性盘
10:33:31,34.33,0.0,69,236844,卖盘
10:33:33,34.32,-0.01,36,125653,卖盘
10:33:37,34.32,0.0,78,267693,买盘
10:33:40,34.33,0.01,23,78945,买盘
10:33:43,34.33,0.0,20,68646,买盘
10:33:45,34.32,-0.01,25,85807,中性盘
10:33:49,34.3,-0.02,69,236693,卖盘
10:33:51,34.3,0.0,31,106330,买盘
10:33:54,34.29,-0.01,101,346374,卖盘
10:33:58,34.28,-0.01,29,99440,卖盘
10:34:01,34.29,0.01,5,17145,买盘
10:34:07,34.3,0.01,211,723655,买盘
10:34:10,34.28,-0.02,17,58288,卖盘
10:34:13,34.3,0.02,59,202363,买盘
10:34:19,34.3,0.0,20,68581,买盘
10:34:22,34.29,-0.01,1,1235,卖盘
10:34:24,34.29,0.0,54,185179,卖盘
10:34:28,34.3,0.01,46,157736,买盘
10:34:31,34.3,0.0,103,353451,买盘
10:34:34,34.3,0.0,16,54880,卖盘
10:34:37,34.3,0.0,1,3430,卖盘
10:34:40,34.3,0.0,48,166630,卖盘
10:34:43,34.33,0.03,89,305550,买盘
10:34:46,34.3,-0.03,20,68514,卖盘
10:34:48,34.3,0.0,33,113190,买盘
10:34:52,34.34,0.04,117,401757,买盘
10:34:55,34.3,-0.04,99,339570,卖盘
10:34:58,34.31,0.01,106,364018,中性盘
10:35:01,34.35,0.04,167,571473,买盘
10:35:04,34.35,0.0,10,34350,卖盘
10:35:07,34.36,0.01,10,34359,买盘
10:35:09,34.35,-0.01,9,30916,卖盘
10:35:12,34.35,0.0,200,687186,卖盘
10:35:16,34.35,0.0,6,20610,卖盘
10:35:19,34.35,0.0,12,41220,卖盘
10:35:22,34.35,0.0,22,75570,卖盘
10:35:24,34.35,0.0,72,247325,卖盘
10:35:28,34.36,0.01,38,130559,买盘
10:35:31,34.35,-0.01,53,182055,卖盘
10:35:33,34.36,0.01,15,51539,买盘
10:35:37,34.35,-0.01,48,164880,卖盘
10:35:40,34.35,0.0,60,206130,卖盘
10:35:43,34.35,0.0,7,25762,卖盘
10:35:46,34.36,0.01,76,261551,买盘
10:35:48,34.36,0.0,24,82447,买盘
10:35:51,34.35,-0.01,47,161450,卖盘
10:35:54,34.32,-0.03,41,140757,卖盘
10:35:58,34.32,0.0,11,37752,买盘
10:36:04,34.31,-0.01,12,41172,卖盘
10:36:07,34.32,0.01,3,10296,买盘
10:36:09,34.32,0.0,14,48037,买盘
10:36:13,34.32,0.0,1,3432,买盘
10:36:16,34.31,-0.01,5,17155,卖盘
10:36:19,34.31,0.0,18,61771,卖盘
10:36:22,34.32,0.01,4,13727,买盘
10:36:25,34.31,-0.01,140,480431,卖盘
10:36:28,34.32,0.01,81,277984,买盘
10:36:31,34.32,0.0,11,37754,卖盘
10:36:33,34.32,0.0,48,164744,卖盘
10:36:37,34.33,0.01,10,34330,买盘
10:36:40,34.34,0.01,16,54935,买盘
10:36:43,34.34,0.0,134,460261,买盘
10:36:46,34.34,0.0,12,41208,卖盘
10:36:48,34.36,0.02,106,364199,买盘
10:36:52,34.35,-0.01,16,54962,中性盘
10:36:54,34.34,-0.01,169,580679,卖盘
10:36:58,34.34,0.0,34,116756,买盘
10:37:01,34.35,0.01,36,123650,买盘
10:37:04,34.36,0.01,42,144254,买盘
10:37:07,34.35,-0.01,5,17175,卖盘
10:37:10,34.36,0.01,3,9242,买盘
10:37:12,34.36,0.0,68,233611,买盘
10:37:16,34.36,0.0,12,41228,买盘
10:37:19,34.36,0.0,17,58402,买盘
10:37:22,34.36,0.0,40,137440,买盘
10:37:25,34.34,-0.02,45,154533,卖盘
10:37:28,34.36,0.02,30,103032,买盘
10:37:31,34.35,-0.01,3,10306,卖盘
10:37:34,34.35,0.0,46,157967,买盘
10:37:37,34.35,0.0,25,85870,买盘
10:37:40,34.36,0.01,85,292029,买盘
10:37:43,34.36,0.0,9,30924,卖盘
10:37:46,34.37,0.01,51,175218,买盘
10:37:48,34.35,-0.02,6,20611,卖盘
10:37:51,34.35,0.0,505,1735727,卖盘
10:37:55,34.35,0.0,42,144234,卖盘
10:37:58,34.35,0.0,69,238079,买盘
10:38:01,34.35,0.0,19,65265,买盘
10:38:04,34.34,-0.01,42,144223,卖盘
10:38:07,34.34,0.0,7,24038,中性盘
10:38:10,34.35,0.01,15,51512,买盘
10:38:13,34.33,-0.02,38,130456,卖盘
10:38:19,34.35,0.02,16,54946,买盘
10:38:22,34.33,-0.02,7,22350,卖盘
10:38:25,34.34,0.01,18,61823,卖盘
10:38:27,34.36,0.02,110,377805,买盘
10:38:31,34.35,-0.01,24,82431,卖盘
10:38:34,34.34,-0.01,42,144195,卖盘
10:38:36,34.36,0.02,103,353855,买盘
10:38:40,34.35,-0.01,20,68708,中性盘
10:38:42,34.34,-0.01,49,168288,卖盘
10:38:45,34.34,0.0,9,31490,卖盘
10:38:49,34.35,0.01,37,127095,买盘
10:38:51,34.35,0.0,541,1857991,买盘
10:38:55,34.34,-0.01,62,212955,买盘
10:38:58,34.34,0.0,52,178566,买盘
10:39:00,34.34,0.0,26,89643,买盘
10:39:04,34.34,0.0,52,178561,卖盘
10:39:07,34.34,0.0,10,34335,卖盘
10:39:09,34.34,0.0,336,1154990,卖盘
10:39:13,34.35,0.01,9,31253,中性盘
10:39:16,34.34,-0.01,35,119528,卖盘
10:39:19,34.35,0.01,8,28160,买盘
10:39:22,34.34,-0.01,11,37774,卖盘
10:39:24,34.34,0.0,33,112637,卖盘
10:39:28,34.34,0.0,3,10302,买盘
10:39:34,34.34,0.0,39,133888,买盘
10:39:37,34.34,0.0,3,10302,买盘
10:39:40,34.33,-0.01,5,17165,卖盘
10:39:43,34.34,0.01,112,385289,买盘
10:39:45,34.35,0.01,1,3435,买盘
10:39:49,34.34,-0.01,17,58381,卖盘
10:39:52,34.34,0.0,78,267863,卖盘
10:39:54,34.34,0.0,92,315928,卖盘
10:39:58,34.35,0.01,12,41212,买盘
10:40:01,34.34,-0.01,11,37775,卖盘
10:40:04,34.34,0.0,24,81729,卖盘
10:40:07,34.34,0.0,7,24038,买盘
10:40:10,34.33,-0.01,46,159259,卖盘
10:40:13,34.33,0.0,17,58347,买盘
10:40:16,34.33,0.0,20,68660,买盘
10:40:19,34.33,0.0,5,17165,买盘
10:40:22,34.32,-0.01,107,367412,卖盘
10:40:25,34.32,0.0,48,164738,卖盘
10:40:28,34.33,0.01,28,96111,买盘
10:40:31,34.32,-0.01,91,312323,卖盘
10:40:34,34.32,0.0,38,130348,卖盘
10:40:36,34.32,0.0,20,68630,买盘
10:40:40,34.32,0.0,1,3432,买盘
10:40:43,34.31,-0.01,16,54899,卖盘
10:40:46,34.3,-0.01,220,754697,卖盘
10:40:48,34.31,0.01,10,34310,卖盘
10:40:55,34.3,-0.01,47,161212,卖盘
10:40:58,34.31,0.01,177,607114,买盘
10:41:01,34.3,-0.01,163,559090,卖盘
10:41:04,34.3,0.0,126,432186,卖盘
10:41:07,34.3,0.0,2,6860,买盘
10:41:10,34.29,-0.01,37,126882,卖盘
10:41:13,34.29,0.0,17,58293,买盘
10:41:16,34.31,0.02,236,809586,买盘
10:41:19,34.25,-0.06,419,1435785,卖盘
10:41:21,34.29,0.04,10,34290,中性盘
10:41:25,34.29,0.0,47,161163,卖盘
10:41:28,34.3,0.01,18,61717,买盘
10:41:30,34.28,-0.02,10,34280,卖盘
10:41:33,34.27,-0.01,2,6854,中性盘
10:41:37,34.27,0.0,6,20562,买盘
10:41:39,34.28,0.01,32,109670,买盘
10:41:43,34.26,-0.02,8,27410,卖盘
10:41:45,34.25,-0.01,19,65095,卖盘
10:41:49,34.26,0.01,30,102782,买盘
10:41:51,34.26,0.0,29,99400,卖盘
10:41:54,34.24,-0.02,42,143862,卖盘
10:41:58,34.25,0.01,107,366379,中性盘
10:42:01,34.25,0.0,21,71941,买盘
10:42:04,34.26,0.01,108,369945,买盘
10:42:07,34.28,0.02,83,284710,买盘
10:42:10,34.25,-0.03,148,507079,卖盘
10:42:13,34.25,0.0,111,380570,卖盘
10:42:15,34.26,0.01,31,106272,中性盘
10:42:19,34.28,0.02,18,61671,买盘
10:42:22,34.28,0.0,152,520792,买盘
10:42:25,34.29,0.01,3,10289,中性盘
10:42:28,34.28,-0.01,54,185020,卖盘
10:42:31,34.26,-0.02,20,68538,卖盘
10:42:34,34.28,0.02,39,133630,中性盘
10:42:37,34.28,0.0,13,44552,买盘
10:42:40,34.29,0.01,28,95993,买盘
10:42:43,34.28,-0.01,17,58277,卖盘
10:42:45,34.28,0.0,17,58308,卖盘
10:42:49,34.28,0.0,130,445646,卖盘
10:42:52,34.28,0.0,50,171400,买盘
10:42:55,34.27,-0.01,27,92550,卖盘
10:42:58,34.27,0.0,729,2497587,买盘
10:43:00,34.26,-0.01,40,137054,卖盘
10:43:04,34.24,-0.02,673,2304757,卖盘
10:43:07,34.26,0.02,13,44520,中性盘
10:43:10,34.24,-0.02,112,383897,卖盘
10:43:13,34.23,-0.01,25,85595,卖盘
10:43:15,34.23,0.0,837,2862646,卖盘
10:43:19,34.22,-0.01,48,164286,卖盘
10:43:22,34.21,-0.01,239,817716,卖盘
10:43:25,34.2,-0.01,168,574560,卖盘
10:43:28,34.2,0.0,15,51304,卖盘
10:43:32,34.2,0.0,143,489061,卖盘
10:43:34,34.21,0.01,239,817581,买盘
10:43:36,34.2,-0.01,47,160740,卖盘
10:43:40,34.2,0.0,42,143650,卖盘
10:43:42,34.21,0.01,45,155005,买盘
10:43:46,34.21,0.0,62,212102,卖盘
10:43:48,34.2,-0.01,59,200564,卖盘
10:43:52,34.21,0.01,49,167624,买盘
10:43:55,34.2,-0.01,40,136823,卖盘
10:43:58,34.22,0.02,79,270252,买盘
10:44:01,34.22,0.0,18,61579,买盘
10:44:04,34.21,-0.01,233,797171,卖盘
10:44:07,34.22,0.01,10,34212,买盘
10:44:10,34.21,-0.01,124,424229,卖盘
10:44:13,34.19,-0.02,188,643007,卖盘
10:44:15,34.2,0.01,17,58139,中性盘
10:44:19,34.2,0.0,82,280454,买盘
10:44:22,34.2,0.0,17,58140,买盘
10:44:25,34.19,-0.01,89,304370,卖盘
10:44:28,34.19,0.0,48,164190,卖盘
10:44:32,34.22,0.03,89,304335,买盘
10:44:34,34.21,-0.01,61,208629,中性盘
10:44:37,34.2,-0.01,7,23940,卖盘
10:44:40,34.2,0.0,66,225720,卖盘
10:44:43,34.2,0.0,1,3420,买盘
10:44:47,34.19,-0.01,51,174405,卖盘
10:44:49,34.2,0.01,388,1326630,买盘
10:44:52,34.18,-0.02,395,1351906,卖盘
10:44:55,34.18,0.0,47,160684,卖盘
10:44:58,34.19,0.01,147,502559,买盘
10:45:01,34.18,-0.01,280,957256,卖盘
10:45:03,34.18,0.0,88,300833,卖盘
10:45:07,34.18,0.0,536,1831438,卖盘
10:45:10,34.18,0.0,7,23920,买盘
10:45:13,34.16,-0.02,5,17083,卖盘
10:45:16,34.18,0.02,32,109364,买盘
10:45:19,34.16,-0.02,32,109364,卖盘
10:45:22,34.16,0.0,3,10248,买盘
10:45:25,34.15,-0.01,64,218612,卖盘
10:45:28,34.16,0.01,21,71731,中性盘
10:45:31,34.16,0.0,84,286950,卖盘
10:45:34,34.16,0.0,156,533059,卖盘
10:45:37,34.14,-0.02,417,1425010,卖盘
10:45:40,34.14,0.0,151,515514,买盘
10:45:43,34.14,0.0,45,152744,买盘
10:45:46,34.16,0.02,25,85396,买盘
10:45:49,34.14,-0.02,32,109296,卖盘
10:45:52,34.14,0.0,171,583873,卖盘
10:45:55,34.14,0.0,34,116082,买盘
10:45:58,34.14,0.0,49,167294,卖盘
10:46:01,34.17,0.03,70,239122,买盘
10:46:04,34.16,-0.01,87,297222,卖盘
10:46:07,34.16,0.0,18,61488,买盘
10:46:10,34.15,-0.01,217,741085,卖盘
10:46:13,34.16,0.01,134,457643,买盘
10:46:16,34.15,-0.01,102,348378,卖盘
10:46:20,34.16,0.01,54,184447,买盘
10:46:23,34.15,-0.01,34,116151,卖盘
10:46:25,34.15,0.0,91,310865,卖盘
10:46:28,34.2,0.05,115,393199,买盘
10:46:32,34.15,-0.05,168,573890,卖盘
10:46:34,34.2,0.05,280,956416,买盘
10:46:37,34.16,-0.04,5,17088,中性盘
10:46:40,34.22,0.06,55,188093,买盘
10:46:43,34.16,-0.06,33,112832,卖盘
10:46:47,34.22,0.06,13,44462,买盘
10:46:49,34.2,-0.02,15,51302,卖盘
10:46:56,34.2,0.0,57,194940,买盘
10:46:58,34.22,0.02,54,184626,买盘
10:47:02,34.2,-0.02,17,57394,卖盘
10:47:04,34.2,0.0,69,236003,卖盘
10:47:07,34.22,0.02,3,10263,买盘
10:47:10,34.22,0.0,33,112849,买盘
10:47:13,34.23,0.01,68,232822,买盘
10:47:17,34.21,-0.02,10,34210,卖盘
10:47:19,34.22,0.01,2,7221,买盘
10:47:22,34.21,-0.01,51,174138,卖盘
10:47:25,34.21,0.0,34,116314,买盘
10:47:28,34.21,0.0,24,82098,买盘
10:47:32,34.21,0.0,37,126576,买盘
10:47:34,34.21,0.0,58,199103,买盘
10:47:37,34.22,0.01,111,379773,买盘
10:47:40,34.23,0.01,34,116377,买盘
10:47:43,34.23,0.0,31,106105,买盘
10:47:47,34.23,0.0,22,74208,买盘
10:47:49,34.22,-0.01,29,99274,卖盘
10:47:52,34.25,0.03,19,65074,买盘
10:47:56,34.23,-0.02,47,160880,中性盘
10:47:58,34.22,-0.01,55,188273,卖盘
10:48:01,34.25,0.03,91,311673,买盘
10:48:04,34.24,-0.01,37,126706,中性盘
10:48:07,34.24,0.0,59,201981,买盘
10:48:10,34.24,0.0,32,109568,买盘
10:48:13,34.24,0.0,29,99286,买盘
10:48:16,34.24,0.0,27,92447,买盘
10:48:20,34.24,0.0,28,95872,买盘
10:48:22,34.24,0.0,22,75315,买盘
10:48:25,34.23,-0.01,51,174578,卖盘
10:48:28,34.24,0.01,42,143795,买盘
10:48:32,34.24,0.0,23,78854,买盘
10:48:34,34.24,0.0,30,102727,卖盘
10:48:37,34.25,0.01,47,160936,买盘
10:48:40,34.24,-0.01,7,23971,卖盘
10:48:43,34.25,0.01,11,37670,买盘
10:48:47,34.25,0.0,15,51370,买盘
10:48:49,34.24,-0.01,42,143726,卖盘
10:48:52,34.24,0.0,10,34240,买盘
10:48:56,34.23,-0.01,40,136920,卖盘
10:48:58,34.24,0.01,139,475921,买盘
10:49:01,34.25,0.01,19,65069,买盘
10:49:04,34.25,0.0,48,164409,卖盘
10:49:07,34.26,0.01,12,41112,买盘
10:49:10,34.26,0.0,50,171260,买盘
10:49:13,34.25,-0.01,41,142571,卖盘
10:49:17,34.25,0.0,6,20550,买盘
10:49:20,34.24,-0.01,20,68485,卖盘
10:49:22,34.26,0.02,33,113032,买盘
10:49:25,34.24,-0.02,74,253459,卖盘
10:49:28,34.24,0.0,17,58223,卖盘
10:49:32,34.25,0.01,67,229414,买盘
10:49:34,34.25,0.0,20,68499,卖盘
10:49:37,34.25,0.0,40,134725,卖盘
10:49:40,34.25,0.0,2,6850,买盘
10:49:43,34.23,-0.02,8,27388,卖盘
10:49:47,34.23,0.0,15,51334,买盘
10:49:49,34.22,-0.01,40,136891,卖盘
10:49:52,34.23,0.01,10,34232,买盘
10:49:56,34.22,-0.01,47,160861,卖盘
10:49:58,34.22,0.0,143,489515,卖盘
10:50:02,34.24,0.02,30,102766,中性盘
10:50:04,34.22,-0.02,92,314940,卖盘
10:50:07,34.24,0.02,26,88993,中性盘
10:50:10,34.22,-0.02,27,92394,卖盘
10:50:13,34.22,0.0,2,7939,买盘
10:50:17,34.21,-0.01,6,20530,卖盘
10:50:22,34.22,0.01,19,65016,买盘
10:50:25,34.21,-0.01,40,136842,卖盘
10:50:28,34.2,-0.01,50,171072,卖盘
10:50:32,34.21,0.01,13,44470,中性盘
10:50:34,34.2,-0.01,30,102624,卖盘
10:50:37,34.2,0.0,58,198381,卖盘
10:50:40,34.21,0.01,36,123147,买盘
10:50:44,34.2,-0.01,17,58150,卖盘
10:50:47,34.2,0.0,11,37625,卖盘
10:50:49,34.2,0.0,54,184731,卖盘
10:50:52,34.2,0.0,24,82100,卖盘
10:50:55,34.2,0.0,16,54721,卖盘
10:50:58,34.21,0.01,94,321538,买盘
10:51:02,34.21,0.0,22,75259,买盘
10:51:04,34.21,0.0,11,37639,卖盘
10:51:07,34.23,0.02,47,160811,买盘
10:51:10,34.21,-0.02,36,123158,卖盘
10:51:13,34.2,-0.01,27,92360,卖盘
10:51:17,34.21,0.01,24,82104,买盘
10:51:20,34.21,0.0,8,27368,卖盘
10:51:22,34.21,0.0,22,75261,卖盘
10:51:26,34.21,0.0,37,126633,卖盘
10:51:28,34.2,-0.01,7,23944,卖盘
10:51:32,34.21,0.01,69,236049,买盘
10:51:34,34.2,-0.01,11,37622,卖盘
10:51:37,34.2,0.0,58,198366,卖盘
10:51:40,34.2,0.0,4,13680,卖盘
10:51:43,34.21,0.01,19,64983,买盘
10:51:47,34.21,0.0,24,82101,买盘
10:51:49,34.2,-0.01,40,136800,卖盘
10:51:52,34.2,0.0,46,157388,卖盘
10:51:56,34.19,-0.01,4,13677,卖盘
10:51:58,34.18,-0.01,47,160661,卖盘
10:52:01,34.19,0.01,9,30769,买盘
10:52:04,34.18,-0.01,1,3418,卖盘
10:52:08,34.18,0.0,30,102540,卖盘
10:52:10,34.18,0.0,15,51268,买盘
10:52:13,34.18,0.0,11,37592,买盘
10:52:17,34.18,0.0,20,68360,买盘
10:52:20,34.17,-0.01,25,85448,卖盘
10:52:22,34.17,0.0,71,242594,卖盘
10:52:25,34.16,-0.01,8,27329,卖盘
10:52:28,34.17,0.01,19,64916,买盘
10:52:32,34.16,-0.01,212,724209,卖盘
10:52:34,34.16,0.0,225,769637,卖盘
10:52:37,34.16,0.0,56,191300,卖盘
10:52:40,34.15,-0.01,18,61470,卖盘
10:52:44,34.15,0.0,76,259544,卖盘
10:52:47,34.16,0.01,23,78553,买盘
10:52:49,34.16,0.0,26,88797,买盘
10:52:52,34.15,-0.01,503,1717762,卖盘
10:52:56,34.14,-0.01,5,16735,买盘
10:52:58,34.14,0.0,142,484866,卖盘
10:53:02,34.15,0.01,33,112687,买盘
10:53:04,34.16,0.01,19,64887,买盘
10:53:08,34.15,-0.01,50,170732,卖盘
10:53:10,34.15,0.0,549,1875250,卖盘
10:53:13,34.15,0.0,43,146847,卖盘
10:53:17,34.16,0.01,37,126379,买盘
10:53:20,34.16,0.0,35,119556,卖盘
10:53:22,34.14,-0.02,334,1140533,卖盘
10:53:25,34.15,0.01,116,396081,买盘
10:53:28,34.14,-0.01,38,129745,卖盘
10:53:31,34.14,0.0,412,1406786,卖盘
10:53:34,34.15,0.01,75,256095,买盘
10:53:37,34.14,-0.01,107,365331,卖盘
10:53:40,34.14,0.0,51,174132,卖盘
10:53:44,34.16,0.02,26,88790,买盘
10:53:47,34.16,0.0,19,64902,买盘
10:53:49,34.16,0.0,9,30741,买盘
10:53:52,34.15,-0.01,17,58056,卖盘
10:53:56,34.16,0.01,77,262962,买盘
10:53:58,34.15,-0.01,43,146859,卖盘
10:54:02,34.16,0.01,38,129794,买盘
10:54:04,34.15,-0.01,5,17075,卖盘
10:54:08,34.16,0.01,71,242492,买盘
10:54:10,34.15,-0.01,31,105888,卖盘
10:54:13,34.15,0.0,14,47814,卖盘
10:54:16,34.16,0.01,42,143466,买盘
10:54:20,34.15,-0.01,45,153700,卖盘
10:54:22,34.17,0.02,371,1267577,买盘
10:54:25,34.17,0.0,110,375905,卖盘
10:54:28,34.17,0.0,28,95683,卖盘
10:54:32,34.17,0.0,5,17087,卖盘
10:54:34,34.18,0.01,45,153800,买盘
10:54:37,34.17,-0.01,384,1312196,卖盘
10:54:40,34.17,0.0,466,1591794,卖盘
10:54:44,34.2,0.03,63,215226,买盘
10:54:47,34.15,-0.05,212,724030,卖盘
10:54:49,34.17,0.02,13,44427,卖盘
10:54:52,34.18,0.01,4,13670,买盘
10:54:56,34.17,-0.01,38,129848,卖盘
10:54:58,34.15,-0.02,45,153714,卖盘
10:55:02,34.15,0.0,34,116172,卖盘
10:55:04,34.17,0.02,241,823676,买盘
10:55:08,34.17,0.0,54,184533,卖盘
10:55:10,34.16,-0.01,8,27328,卖盘
10:55:17,34.17,0.01,17,58089,买盘
10:55:20,34.16,-0.01,365,1246512,卖盘
10:55:22,34.16,0.0,135,461990,卖盘
10:55:25,34.16,0.0,67,228156,卖盘
10:55:28,34.16,0.0,29,99785,买盘
10:55:32,34.16,0.0,7,23910,中性盘
10:55:34,34.17,0.01,11,37580,买盘
10:55:37,34.17,0.0,42,143446,买盘
10:55:40,34.16,-0.01,25,85399,卖盘
10:55:43,34.16,0.0,40,136643,卖盘
10:55:47,34.17,0.01,6,20502,买盘
10:55:49,34.17,0.0,9,30753,卖盘
10:55:52,34.17,0.0,16,54675,卖盘
10:55:56,34.17,0.0,22,75174,卖盘
10:55:59,34.17,0.0,67,228947,卖盘
10:56:02,34.17,0.0,31,105898,卖盘
10:56:04,34.16,-0.01,22,75174,卖盘
10:56:07,34.17,0.01,56,191346,买盘
10:56:10,34.16,-0.01,29,99069,卖盘
10:56:13,34.16,0.0,13,44410,卖盘
10:56:16,34.17,0.01,43,146920,买盘
10:56:20,34.16,-0.01,33,112728,卖盘
10:56:22,34.17,0.01,21,71745,买盘
10:56:25,34.16,-0.01,42,143472,卖盘
10:56:28,34.17,0.01,25,85406,买盘
10:56:32,34.16,-0.01,11,37576,卖盘
10:56:34,34.16,0.0,4,13666,卖盘
10:56:37,34.16,0.0,38,129808,卖盘
10:56:40,34.16,0.0,11,37581,卖盘
10:56:43,34.16,0.0,10,34163,卖盘
10:56:47,34.16,0.0,87,297194,卖盘
10:56:49,34.15,-0.01,55,187873,卖盘
10:56:52,34.15,0.0,4,13660,卖盘
10:56:56,34.16,0.01,65,221983,买盘
10:56:58,34.15,-0.01,47,160783,卖盘
10:57:01,34.15,0.0,20,68302,卖盘
10:57:04,34.16,0.01,17,58059,买盘
10:57:08,34.16,0.0,48,163932,买盘
10:57:10,34.15,-0.01,89,303936,卖盘
10:57:13,34.15,0.0,43,146872,卖盘
10:57:17,34.15,0.0,115,392835,卖盘
10:57:19,34.17,0.02,72,245943,买盘
10:57:22,34.16,-0.01,92,314234,中性盘
10:57:25,34.15,-0.01,52,177583,卖盘
10:57:28,34.15,0.0,31,105877,卖盘
10:57:32,34.15,0.0,12,40989,卖盘
10:57:34,34.15,0.0,5,17075,卖盘
10:57:37,34.16,0.01,45,153685,买盘
10:57:40,34.15,-0.01,82,280063,卖盘
10:57:44,34.15,0.0,20,68302,卖盘
10:57:47,34.15,0.0,11,37565,卖盘
10:57:49,34.16,0.01,145,495186,买盘
10:57:52,34.15,-0.01,47,160539,卖盘
10:57:56,34.15,0.0,44,150260,卖盘
10:57:58,34.15,0.0,32,109283,卖盘
10:58:02,34.17,0.02,279,953118,买盘
10:58:04,34.17,0.0,33,112763,卖盘
10:58:07,34.17,0.0,41,140101,卖盘
10:58:10,34.17,0.0,5,17086,卖盘
10:58:13,34.18,0.01,7,23920,买盘
10:58:17,34.17,-0.01,20,68340,卖盘
10:58:19,34.16,-0.01,11,37585,卖盘
10:58:22,34.16,0.0,4,13667,卖盘
10:58:25,34.16,0.0,80,273450,卖盘
10:58:28,34.2,0.04,71,242675,买盘
10:58:32,34.17,-0.03,196,670240,卖盘
10:58:34,34.16,-0.01,21,71737,卖盘
10:58:37,34.16,0.0,6,20504,中性盘
10:58:40,34.17,0.01,67,228840,买盘
10:58:44,34.17,0.0,17,58089,卖盘
10:58:47,34.19,0.02,7,23932,买盘
10:58:49,34.19,0.0,11,37608,买盘
10:58:52,34.18,-0.01,3,10254,卖盘
10:58:56,34.18,0.0,3,10254,卖盘
10:58:58,34.18,0.0,10,34180,买盘
10:59:02,34.17,-0.01,108,369136,卖盘
10:59:04,34.18,0.01,31,106565,买盘
10:59:08,34.18,0.0,49,166837,卖盘
10:59:10,34.17,-0.01,22,75492,卖盘
10:59:13,34.17,0.0,6,20502,卖盘
10:59:16,34.18,0.01,7,23924,买盘
10:59:20,34.18,0.0,7,23926,买盘
10:59:22,34.17,-0.01,4,13668,卖盘
10:59:25,34.17,0.0,49,167440,卖盘
10:59:28,34.17,0.0,55,187968,卖盘
10:59:31,34.17,0.0,12,41006,卖盘
10:59:34,34.18,0.01,6,20506,买盘
10:59:38,34.18,0.0,50,170547,买盘
10:59:41,34.18,0.0,41,140064,买盘
10:59:43,34.16,-0.02,5,17082,卖盘
10:59:46,34.18,0.02,46,157196,买盘
10:59:49,34.18,0.0,14,47845,买盘
10:59:52,34.17,-0.01,3,10253,卖盘
10:59:56,34.16,-0.01,308,1051960,卖盘
10:59:58,34.16,0.0,33,112739,卖盘
11:00:02,34.15,-0.01,31,105869,卖盘
11:00:04,34.16,0.01,5,17080,买盘
11:00:08,34.15,-0.01,16,54651,卖盘
11:00:10,34.15,0.0,458,1563828,卖盘
11:00:13,34.15,0.0,40,136606,卖盘
11:00:16,34.16,0.01,19,64888,买盘
11:00:20,34.15,-0.01,28,95640,卖盘
11:00:22,34.15,0.0,68,232222,卖盘
11:00:25,34.14,-0.01,7,23900,卖盘
11:00:28,34.14,0.0,16,54632,卖盘
11:00:32,34.15,0.01,3,10244,买盘
11:00:34,34.15,0.0,3,10245,买盘
11:00:37,34.14,-0.01,14,47801,卖盘
11:00:40,34.14,0.0,82,279961,卖盘
11:00:44,34.14,0.0,21,71695,卖盘
11:00:46,34.14,0.0,23,78537,卖盘
11:00:49,34.14,0.0,9,30729,卖盘
11:00:52,34.14,0.0,33,112694,卖盘
11:00:56,34.14,0.0,91,310715,卖盘
11:00:58,34.14,0.0,22,75112,卖盘
11:01:02,34.14,0.0,39,133176,卖盘
11:01:04,34.14,0.0,32,109266,卖盘
11:01:07,34.16,0.02,362,1236204,买盘
11:01:10,34.16,0.0,103,351681,买盘
11:01:13,34.16,0.0,75,256188,卖盘
11:01:17,34.14,-0.02,18,61456,卖盘
11:01:20,34.14,0.0,56,191247,卖盘
11:01:22,34.14,0.0,14,47808,卖盘
11:01:25,34.14,0.0,61,208259,卖盘
11:01:28,34.14,0.0,39,133161,卖盘
11:01:32,34.16,0.02,7,23909,买盘
11:01:34,34.15,-0.01,14,47810,卖盘
11:01:38,34.15,0.0,266,908211,卖盘
11:01:40,34.14,-0.01,85,290239,卖盘
11:01:43,34.15,0.01,29,99009,买盘
11:01:46,34.16,0.01,36,122942,买盘
11:01:50,34.15,-0.01,18,61478,卖盘
11:01:53,34.15,0.0,39,133167,买盘
11:01:56,34.14,-0.01,209,713727,卖盘
11:01:59,34.15,0.01,6,20493,卖盘
11:02:02,34.15,0.0,6,20490,卖盘
11:02:05,34.15,0.0,4,13663,卖盘
11:02:08,34.16,0.01,11,37576,买盘
11:02:10,34.16,0.0,55,187853,买盘
11:02:13,34.16,0.0,33,112736,卖盘
11:02:16,34.13,-0.03,656,2239917,卖盘
11:02:20,34.13,0.0,140,478256,卖盘
11:02:23,34.14,0.01,25,85381,中性盘
11:02:26,34.14,0.0,71,242333,卖盘
11:02:29,34.14,0.0,33,112665,卖盘
11:02:32,34.15,0.01,30,102421,买盘
11:02:34,34.16,0.01,34,116113,买盘
11:02:38,34.14,-0.02,23,78525,卖盘
11:02:41,34.16,0.02,80,273174,买盘
11:02:44,34.15,-0.01,25,85392,卖盘
11:02:46,34.14,-0.01,43,146864,卖盘
11:02:49,34.15,0.01,8,27315,买盘
11:02:53,34.15,0.0,17,58054,买盘
11:02:55,34.14,-0.01,59,201435,卖盘
11:02:59,34.14,0.0,21,71708,卖盘
11:03:02,34.16,0.02,155,529475,买盘
11:03:05,34.15,-0.01,95,324455,卖盘
11:03:08,34.15,0.0,36,122940,卖盘
11:03:11,34.15,0.0,52,177577,买盘
11:03:13,34.16,0.01,9,30750,卖盘
11:03:17,34.17,0.01,1,3417,买盘
11:03:20,34.16,-0.01,13,44409,卖盘
11:03:23,34.17,0.01,139,474955,买盘
11:03:26,34.16,-0.01,78,266448,卖盘
11:03:29,34.17,0.01,13,44416,买盘
11:03:32,34.16,-0.01,15,51251,卖盘
11:03:35,34.17,0.01,16,54672,买盘
11:03:38,34.17,0.0,15,51268,卖盘
11:03:41,34.16,-0.01,77,263066,卖盘
11:03:43,34.16,0.0,22,75164,卖盘
11:03:47,34.19,0.03,46,157245,买盘
11:03:50,34.17,-0.02,3,10251,卖盘
11:03:53,34.16,-0.01,69,235772,卖盘
11:03:56,34.17,0.01,42,143522,买盘
11:03:59,34.17,0.0,148,505713,买盘
11:04:01,34.17,0.0,43,146931,买盘
11:04:05,34.17,0.0,9,30753,卖盘
11:04:08,34.17,0.0,128,437376,卖盘
11:04:10,34.17,0.0,114,389596,卖盘
11:04:14,34.17,0.0,47,160627,卖盘
11:04:17,34.17,0.0,152,519490,卖盘
11:04:20,34.17,0.0,19,64927,卖盘
11:04:23,34.19,0.02,123,420388,买盘
11:04:26,34.18,-0.01,58,198554,卖盘
11:04:29,34.18,0.0,10,34188,卖盘
11:04:32,34.19,0.01,37,126489,中性盘
11:04:35,34.18,-0.01,126,430368,卖盘
11:04:37,34.17,-0.01,67,228996,卖盘
11:04:41,34.18,0.01,185,630396,买盘
11:04:43,34.17,-0.01,29,99103,卖盘
11:04:46,34.18,0.01,33,113092,买盘
11:04:50,34.18,0.0,33,112848,卖盘
11:04:53,34.19,0.01,7,23936,买盘
11:04:56,34.22,0.03,157,536886,买盘
11:04:58,34.18,-0.04,18,61533,卖盘
11:05:01,34.21,0.03,16,54733,中性盘
11:05:05,34.2,-0.01,1,3420,卖盘
11:05:08,34.21,0.01,117,400735,买盘
11:05:11,34.21,0.0,298,1019668,卖盘
11:05:14,34.2,-0.01,190,649322,卖盘
11:05:17,34.19,-0.01,94,321437,卖盘
11:05:20,34.21,0.02,60,205205,买盘
11:05:23,34.19,-0.02,10,34195,卖盘
11:05:26,34.19,0.0,26,88905,卖盘
11:05:29,34.19,0.0,36,123088,买盘
11:05:32,34.19,0.0,75,256490,卖盘
11:05:35,34.19,0.0,9,30770,买盘
11:05:37,34.19,0.0,24,82056,买盘
11:05:41,34.18,-0.01,92,314507,卖盘
11:05:43,34.18,0.0,81,276901,卖盘
11:05:47,34.19,0.01,220,751995,买盘
11:05:49,34.19,0.0,46,157303,卖盘
11:05:53,34.19,0.0,11,38601,卖盘
11:05:56,34.19,0.0,144,493202,卖盘
11:05:58,34.18,-0.01,153,523045,卖盘
11:06:02,34.18,0.0,118,403303,买盘
11:06:05,34.2,0.02,4,13130,卖盘
11:06:08,34.19,-0.01,9,30775,卖盘
11:06:11,34.18,-0.01,43,147056,卖盘
11:06:14,34.21,0.03,9,30780,买盘
11:06:16,34.21,0.0,1,3421,买盘
11:06:20,34.21,0.0,10,34217,卖盘
11:06:23,34.22,0.01,180,615529,买盘
11:06:26,34.22,0.0,88,301139,买盘
11:06:29,34.2,-0.02,33,112893,中性盘
11:06:32,34.2,0.0,91,312109,卖盘
11:06:34,34.19,-0.01,11,37611,卖盘
11:06:37,34.26,0.07,798,2732092,买盘
11:06:41,34.2,-0.06,57,194940,中性盘
11:06:43,34.25,0.05,39,130757,买盘
11:06:46,34.26,0.01,332,1137180,买盘
11:06:50,34.28,0.02,55,188542,买盘
11:06:52,34.29,0.01,11,37718,买盘
11:06:55,34.26,-0.03,195,668238,卖盘
11:06:58,34.26,0.0,24,82247,买盘
11:07:02,34.29,0.03,237,812167,买盘
11:07:05,34.3,0.01,760,2606811,买盘
11:07:08,34.33,0.03,119,408411,买盘
11:07:11,34.33,0.0,77,264204,买盘
11:07:13,34.34,0.01,114,391459,买盘
11:07:17,34.33,-0.01,85,291883,卖盘
11:07:20,34.33,0.0,61,209320,买盘
11:07:23,34.33,0.0,44,151050,买盘
11:07:26,34.32,-0.01,80,274610,卖盘
11:07:29,34.33,0.01,165,566393,买盘
11:07:31,34.32,-0.01,30,102948,中性盘
11:07:35,34.33,0.01,3,11397,卖盘
11:07:38,34.33,0.0,100,342282,卖盘
11:07:40,34.33,0.0,68,233444,卖盘
11:07:44,34.33,0.0,45,154419,卖盘
11:07:47,34.3,-0.03,285,977607,卖盘
11:07:50,34.29,-0.01,48,164630,卖盘
11:07:52,34.3,0.01,1,3430,买盘
11:07:56,34.29,-0.01,35,120017,卖盘
11:07:59,34.29,0.0,34,116595,买盘
11:08:02,34.26,-0.03,1,3426,卖盘
11:08:05,34.29,0.03,53,181580,买盘
11:08:08,34.26,-0.03,4,13703,买盘
11:08:11,34.26,0.0,39,133578,买盘
11:08:14,34.25,-0.01,6,20550,中性盘
11:08:17,34.23,-0.02,17,58197,卖盘
11:08:20,34.23,0.0,23,78737,中性盘
11:08:22,34.23,0.0,4,13692,买盘
11:08:26,34.22,-0.01,122,417535,卖盘
11:08:28,34.23,0.01,70,239634,买盘
11:08:32,34.23,0.0,17,58209,卖盘
11:08:34,34.24,0.01,83,284324,中性盘
11:08:38,34.25,0.01,146,500050,买盘
11:08:41,34.25,0.0,48,164400,卖盘
11:08:43,34.26,0.01,49,167864,买盘
11:08:47,34.3,0.04,10,34296,买盘
11:08:49,34.26,-0.04,11,37714,卖盘
11:08:53,34.3,0.04,23,78890,买盘
11:08:56,34.26,-0.04,263,902423,卖盘
11:08:59,34.33,0.07,14,47976,买盘
11:09:01,34.25,-0.08,17,58230,卖盘
11:09:05,34.3,0.05,6,20576,买盘
11:09:07,34.32,0.02,40,137206,买盘
11:09:10,34.3,-0.02,58,198974,卖盘
11:09:14,34.3,0.0,165,566076,卖盘
11:09:17,34.33,0.03,16,54891,买盘
11:09:22,34.32,-0.01,296,1015870,卖盘
11:09:25,34.3,-0.02,28,96044,卖盘
11:09:28,34.3,0.0,17,58306,买盘
11:09:31,34.3,0.0,3,10290,买盘
11:09:35,34.27,-0.03,4,13711,中性盘
11:09:38,34.3,0.03,21,72000,买盘
11:09:41,34.26,-0.04,48,164452,卖盘
11:09:44,34.25,-0.01,96,328836,卖盘
11:09:47,34.27,0.02,40,136992,买盘
11:09:50,34.26,-0.01,22,75344,买盘
11:09:53,34.26,0.0,4,13704,买盘
11:09:56,34.23,-0.03,51,174582,卖盘
11:09:59,34.25,0.02,15,51377,买盘
11:10:02,34.24,-0.01,9,30824,卖盘
11:10:05,34.26,0.02,113,387111,买盘
11:10:08,34.25,-0.01,31,108346,卖盘
11:10:11,34.25,0.0,75,257075,卖盘
11:10:14,34.3,0.05,39,133729,买盘
11:10:17,34.25,-0.05,97,332238,卖盘
11:10:20,34.25,0.0,68,232899,买盘
11:10:23,34.25,0.0,13,44525,买盘
11:10:26,34.24,-0.01,44,150663,卖盘
11:10:29,34.24,0.0,78,267090,买盘
11:10:32,34.24,0.0,36,123263,买盘
11:10:35,34.24,0.0,72,246528,买盘
11:10:38,34.25,0.01,3,10285,中性盘
11:10:41,34.24,-0.01,42,143836,卖盘
11:10:44,34.24,0.0,38,130112,卖盘
11:10:47,34.24,0.0,25,84292,卖盘
11:10:49,34.25,0.01,2,6850,买盘
11:10:53,34.25,0.0,5,17125,买盘
11:10:56,34.24,-0.01,63,215743,卖盘
11:10:59,34.3,0.06,4,13720,买盘
11:11:02,34.28,-0.02,44,150830,中性盘
11:11:08,34.26,0.0,7,22817,卖盘
11:11:10,34.26,0.0,54,185004,买盘
11:11:14,34.26,0.0,19,66264,买盘
11:11:17,34.26,0.0,12,39945,卖盘
11:11:20,34.3,0.04,95,326730,买盘
11:11:23,34.3,0.0,38,130269,买盘
11:11:26,34.28,-0.02,56,191979,卖盘
11:11:29,34.29,0.01,5,17143,买盘
11:11:32,34.29,0.0,29,99441,买盘
11:11:35,34.29,0.0,10,34290,买盘
11:11:37,34.29,0.0,37,126852,买盘
11:11:41,34.28,-0.01,67,229696,卖盘
11:11:44,34.29,0.01,42,143979,买盘
11:11:47,34.29,0.0,94,322324,买盘
11:11:53,34.29,0.0,9,30861,买盘
11:11:56,34.29,0.0,50,171450,卖盘
11:11:59,34.29,0.0,12,41153,卖盘
11:12:02,34.29,0.0,5,17145,卖盘
11:12:05,34.28,-0.01,495,1696906,卖盘
11:12:08,34.28,0.0,26,89136,卖盘
11:12:11,34.27,-0.01,160,547306,卖盘
11:12:13,34.27,0.0,60,205620,买盘
11:12:17,34.28,0.01,69,236519,买盘
11:12:20,34.27,-0.01,21,71967,中性盘
11:12:23,34.27,0.0,5,17135,买盘
11:12:25,34.26,-0.01,127,435171,卖盘
11:12:29,34.25,-0.01,124,425108,卖盘
11:12:31,34.25,0.0,23,78778,卖盘
11:12:35,34.26,0.01,9,30834,买盘
11:12:38,34.26,0.0,6,20556,买盘
11:12:40,34.28,0.02,2,6856,买盘
11:12:44,34.24,-0.04,79,270581,卖盘
11:12:50,34.28,0.04,19,65116,买盘
11:12:52,34.27,-0.01,7,23993,卖盘
11:12:56,34.27,0.0,105,359888,卖盘
11:12:58,34.3,0.03,133,455990,买盘
11:13:02,34.27,-0.03,20,68545,卖盘
11:13:04,34.3,0.03,8,29592,买盘
11:13:11,34.28,-0.02,8,27424,卖盘
11:13:14,34.27,-0.01,65,222798,卖盘
11:13:17,34.26,-0.01,8,27416,卖盘
11:13:20,34.28,0.02,3,10284,买盘
11:13:26,34.27,-0.01,11,37700,卖盘
11:13:29,34.28,0.01,50,171353,买盘
11:13:35,34.26,-0.02,63,215848,卖盘
11:13:38,34.26,0.0,9,30830,买盘
11:13:41,34.25,-0.01,23,78797,卖盘
11:13:44,34.24,-0.01,60,205481,卖盘
11:13:47,34.24,0.0,5,17120,买盘
11:13:49,34.25,0.01,14,47942,买盘
11:13:52,34.25,0.0,7,21473,买盘
11:13:56,34.26,0.01,138,475012,买盘
11:13:59,34.24,-0.02,56,191743,买盘
11:14:02,34.24,0.0,11,37664,买盘
11:14:05,34.23,-0.01,20,68470,卖盘
11:14:08,34.24,0.01,16,54784,买盘
11:14:11,34.3,0.06,202,691933,买盘
11:14:14,34.23,-0.07,40,136922,卖盘
11:14:16,34.23,0.0,42,143790,卖盘
11:14:20,34.3,0.07,10,34282,买盘
11:14:23,34.28,-0.02,25,85650,中性盘
11:14:26,34.25,-0.03,52,178306,卖盘
11:14:29,34.25,0.0,22,72542,买盘
11:14:32,34.3,0.05,51,174657,买盘
11:14:35,34.28,-0.02,53,181634,中性盘
11:14:38,34.25,-0.03,6,20550,卖盘
11:14:41,34.25,0.0,6,20550,卖盘
11:14:44,34.24,-0.01,190,651376,卖盘
11:14:47,34.28,0.04,20,68503,买盘
11:14:50,34.25,-0.03,4,13709,卖盘
11:14:53,34.27,0.02,14,47977,中性盘
11:14:56,34.28,0.01,225,771232,买盘
11:14:59,34.3,0.02,67,229739,买盘
11:15:02,34.3,0.0,9,30870,买盘
11:15:05,34.3,0.0,110,377286,买盘
11:15:08,34.3,0.0,279,956942,买盘
11:15:11,34.34,0.04,435,1494453,买盘
11:15:14,34.34,0.0,60,206041,卖盘
11:15:17,34.34,0.0,123,421266,卖盘
11:15:19,34.31,-0.03,1,3431,卖盘
11:15:23,34.31,0.0,5,18045,卖盘
11:15:26,34.31,0.0,18,61773,买盘
11:15:29,34.31,0.0,59,202423,买盘
11:15:32,34.31,0.0,25,85781,买盘
11:15:35,34.34,0.03,468,1606952,买盘
11:15:38,34.33,-0.01,5,17161,中性盘
11:15:41,34.3,-0.03,41,140682,卖盘
11:15:44,34.31,0.01,71,243955,中性盘
11:15:46,34.33,0.02,2,6864,买盘
11:15:50,34.34,0.01,60,205980,买盘
11:15:53,34.33,-0.01,234,803682,卖盘
11:15:56,34.33,0.0,32,109866,卖盘
11:15:59,34.33,0.0,12,41258,买盘
11:16:02,34.32,-0.01,4,13731,卖盘
11:16:05,34.33,0.01,7,24134,买盘
11:16:08,34.33,0.0,37,127227,买盘
11:16:11,34.34,0.01,2,6868,买盘
11:16:14,34.32,-0.02,34,116333,卖盘
11:16:16,34.32,0.0,61,209818,买盘
11:16:20,34.33,0.01,5,17166,卖盘
11:16:22,34.36,0.03,545,1872073,买盘
11:16:26,34.35,-0.01,208,714590,卖盘
11:16:29,34.36,0.01,62,213021,买盘
11:16:32,34.36,0.0,67,230186,买盘
11:16:35,34.36,0.0,52,178672,买盘
11:16:38,34.36,0.0,84,288608,买盘
11:16:40,34.34,-0.02,6,20947,卖盘
11:16:44,34.32,-0.02,32,109498,卖盘
11:16:46,34.32,0.0,11,37752,买盘
11:16:50,34.32,0.0,44,151007,买盘
11:16:53,34.32,0.0,8,27455,买盘
11:16:55,34.31,-0.01,48,164708,卖盘
11:16:59,34.31,0.0,19,65189,买盘
11:17:02,34.31,0.0,35,120085,买盘
11:17:05,34.32,0.01,11,37744,买盘
11:17:08,34.31,-0.01,11,37742,卖盘
11:17:11,34.3,-0.01,15,51462,卖盘
11:17:14,34.31,0.01,15,51455,中性盘
11:17:17,34.31,0.0,24,82344,买盘
11:17:20,34.31,0.0,2,6862,买盘
11:17:23,34.33,0.02,104,356896,买盘
11:17:26,34.32,-0.01,60,205947,卖盘
11:17:29,34.35,0.03,12,41203,买盘
11:17:32,34.32,-0.03,1,3432,卖盘
11:17:35,34.33,0.01,3,10299,中性盘
11:17:38,34.33,0.0,14,48053,买盘
11:17:40,34.32,-0.01,16,54922,卖盘
11:17:44,34.3,-0.02,71,243623,卖盘
11:17:46,34.33,0.03,79,271181,买盘
11:17:50,34.33,0.0,82,281427,买盘
11:17:53,34.33,0.0,59,202546,买盘
11:17:55,34.33,0.0,78,267774,买盘
11:17:59,34.34,0.01,5,17168,买盘
11:18:01,34.34,0.0,7,24034,买盘
11:18:05,34.34,0.0,1,3434,买盘
11:18:08,34.33,-0.01,22,75534,卖盘
11:18:11,34.34,0.01,14,48076,买盘
11:18:14,34.34,0.0,68,233533,卖盘
11:18:17,34.34,0.0,31,106471,卖盘
11:18:20,34.34,0.0,31,106460,买盘
11:18:23,34.33,-0.01,12,41207,卖盘
11:18:26,34.33,0.0,54,185384,卖盘
11:18:29,34.33,0.0,19,65242,卖盘
11:18:32,34.34,0.01,192,659159,买盘
11:18:35,34.33,-0.01,18,61816,卖盘
11:18:38,34.35,0.02,43,147687,买盘
11:18:40,34.34,-0.01,1,3434,卖盘
11:18:43,34.33,-0.01,43,147629,卖盘
11:18:47,34.34,0.01,43,147628,买盘
11:18:49,34.35,0.01,123,422496,买盘
11:18:53,34.34,-0.01,22,75548,中性盘
11:18:56,34.33,-0.01,70,240321,卖盘
11:18:59,34.33,0.0,7,24036,卖盘
11:19:02,34.35,0.02,9,30906,买盘
11:19:05,34.35,0.0,32,109920,买盘
11:19:07,34.34,-0.01,9,30906,卖盘
11:19:11,34.34,0.0,3,10302,买盘
11:19:13,34.34,0.0,10,34340,买盘
11:19:16,34.34,0.0,13,44640,买盘
11:19:19,34.34,0.0,14,48076,买盘
11:19:23,34.33,-0.01,53,181951,卖盘
11:19:26,34.33,0.0,51,175083,卖盘
11:19:29,34.34,0.01,82,281580,买盘
11:19:32,34.33,-0.01,55,188863,卖盘
11:19:35,34.33,0.0,8,27467,卖盘
11:19:37,34.34,0.01,17,58378,买盘
11:19:41,34.34,0.0,27,92693,买盘
11:19:43,34.31,-0.03,56,190186,卖盘
11:19:47,34.33,0.02,12,41182,买盘
11:19:49,34.33,0.0,287,985478,买盘
11:19:53,34.34,0.01,34,116715,买盘
11:19:56,34.33,-0.01,24,82402,卖盘
11:19:59,34.32,-0.01,43,147576,买盘
11:20:02,34.32,0.0,11,37751,买盘
11:20:04,34.32,0.0,4,13728,买盘
11:20:08,34.32,0.0,2,6864,卖盘
11:20:10,34.33,0.01,65,223138,买盘
11:20:13,34.31,-0.02,112,384300,卖盘
11:20:16,34.32,0.01,105,360357,买盘
11:20:20,34.32,0.0,8,27456,买盘
11:20:22,34.32,0.0,52,178503,买盘
11:20:25,34.31,-0.01,87,298486,卖盘
11:20:29,34.31,0.0,12,41172,买盘
11:20:31,34.3,-0.01,21,72049,卖盘
11:20:34,34.3,0.0,4,13723,卖盘
11:20:37,34.31,0.01,87,298467,买盘
11:20:41,34.31,0.0,54,185260,买盘
11:20:43,34.3,-0.01,53,181808,卖盘
11:20:47,34.3,0.0,36,123480,卖盘
11:20:49,34.3,0.0,8,27442,卖盘
11:20:53,34.3,0.0,20,68600,卖盘
11:20:56,34.3,0.0,92,315601,卖盘
11:20:58,34.31,0.01,94,322482,买盘
11:21:01,34.31,0.0,34,116637,买盘
11:21:05,34.31,0.0,5,17155,卖盘
11:21:08,34.31,0.0,17,58327,卖盘
11:21:10,34.31,0.0,27,92645,卖盘
11:21:13,34.3,-0.01,9,30870,卖盘
11:21:16,34.31,0.01,29,99499,买盘
11:21:19,34.31,0.0,10,34310,买盘
11:21:22,34.31,0.0,4,13722,买盘
11:21:26,34.3,-0.01,47,161215,卖盘
11:21:28,34.33,0.03,440,1510459,买盘
11:21:30,34.33,0.0,19,65227,卖盘
11:21:35,34.33,0.0,57,195681,卖盘
11:21:37,34.33,0.0,98,336453,卖盘
11:21:41,34.31,-0.02,6,20588,卖盘
11:21:43,34.3,-0.01,29,99540,卖盘
11:21:47,34.31,0.01,442,1519944,中性盘
11:21:49,34.33,0.02,12,41182,买盘
11:21:53,34.32,-0.01,1,3432,买盘
11:21:56,34.3,-0.02,61,209258,卖盘
11:21:59,34.31,0.01,21,72050,中性盘
11:22:01,34.31,0.0,15,51462,买盘
11:22:04,34.31,0.0,7,24016,买盘
11:22:07,34.3,-0.01,31,106341,卖盘
11:22:11,34.31,0.01,5,17155,买盘
11:22:14,34.3,-0.01,45,154350,卖盘
11:22:17,34.31,0.01,13,44601,买盘
11:22:20,34.3,-0.01,2,6861,卖盘
11:22:22,34.31,0.01,4,13724,买盘
11:22:25,34.3,-0.01,57,195511,卖盘
11:22:28,34.3,0.0,32,109769,卖盘
11:22:32,34.31,0.01,18,61753,买盘
11:22:35,34.3,-0.01,27,92636,卖盘
11:22:38,34.31,0.01,56,192131,买盘
11:22:41,34.3,-0.01,59,202416,卖盘
11:22:44,34.3,0.0,55,188651,卖盘
11:22:47,34.3,0.0,160,548805,卖盘
11:22:50,34.3,0.0,15,51450,卖盘
11:22:52,34.31,0.01,2,6862,买盘
11:22:56,34.3,-0.01,67,229831,卖盘
11:22:58,34.3,0.0,10,34307,卖盘
11:23:02,34.31,0.01,41,140657,买盘
11:23:04,34.31,0.0,11,37739,买盘
11:23:06,34.31,0.0,43,147522,买盘
11:23:11,34.31,0.0,21,72051,买盘
11:23:14,34.31,0.0,66,226399,买盘
11:23:15,34.3,-0.01,7,24013,卖盘
11:23:19,34.3,0.0,28,96067,卖盘
11:23:23,34.3,0.0,78,267591,卖盘
11:23:25,34.3,0.0,113,387652,卖盘
11:23:29,34.31,0.01,68,233275,买盘
11:23:31,34.31,0.0,21,72050,买盘
11:23:35,34.31,0.0,8,27448,买盘
11:23:38,34.3,-0.01,60,205827,卖盘
11:23:40,34.31,0.01,8,27448,买盘
11:23:44,34.3,-0.01,56,192088,卖盘
11:23:47,34.3,0.0,35,120052,卖盘
11:23:50,34.31,0.01,24,82344,买盘
11:23:52,34.31,0.0,105,360246,买盘
11:23:56,34.3,-0.01,54,185302,卖盘
11:23:59,34.35,0.05,51,174011,买盘
11:24:02,34.33,-0.02,14,48032,卖盘
11:24:05,34.33,0.0,5,17169,卖盘
11:24:08,34.34,0.01,2,6868,中性盘
11:24:11,34.33,-0.01,12,41197,卖盘
11:24:14,34.33,0.0,23,78959,卖盘
11:24:17,34.34,0.01,2,6868,买盘
11:24:20,34.34,0.0,17,58374,买盘
11:24:23,34.33,-0.01,48,164822,卖盘
11:24:26,34.33,0.0,83,285020,卖盘
11:24:27,34.33,0.0,9,30901,卖盘
11:24:32,34.34,0.01,6,20604,中性盘
11:24:35,34.33,-0.01,6,20603,卖盘
11:24:38,34.35,0.02,2,7555,买盘
11:24:41,34.33,-0.02,17,57676,卖盘
11:24:44,34.33,0.0,4,13732,买盘
11:24:47,34.33,0.0,36,123555,买盘
11:24:50,34.33,0.0,23,78940,买盘
11:24:53,34.31,-0.02,11,37754,卖盘
11:24:56,34.31,0.0,12,41178,卖盘
11:24:59,34.32,0.01,41,140698,买盘
11:25:02,34.32,0.0,19,65193,买盘
11:25:05,34.32,0.0,23,78936,买盘
11:25:08,34.33,0.01,31,106402,买盘
11:25:11,34.31,-0.02,55,188750,卖盘
11:25:14,34.32,0.01,19,65205,买盘
11:25:17,34.31,-0.01,3,10295,卖盘
11:25:20,34.32,0.01,38,130405,买盘
11:25:22,34.32,0.0,11,37752,买盘
11:25:26,34.31,-0.01,19,65190,卖盘
11:25:29,34.31,0.0,88,301919,买盘
11:25:32,34.3,-0.01,45,154388,卖盘
11:25:35,34.31,0.01,15,51472,买盘
11:25:38,34.3,-0.01,40,137232,卖盘
11:25:41,34.3,0.0,59,202405,卖盘
11:25:42,34.3,0.0,61,209250,卖盘
11:25:47,34.31,0.01,60,205819,买盘
11:25:50,34.3,-0.01,29,99477,卖盘
11:25:53,34.32,0.02,69,236765,买盘
11:25:56,34.3,-0.02,78,267571,卖盘
11:25:59,34.31,0.01,79,271114,买盘
11:26:00,34.3,-0.01,41,140630,卖盘
11:26:05,34.31,0.01,119,408287,买盘
11:26:08,34.31,0.0,13,44591,买盘
11:26:11,34.3,-0.01,12,41164,卖盘
11:26:14,34.3,0.0,3,10291,卖盘
11:26:17,34.31,0.01,20,68620,买盘
11:26:20,34.31,0.0,19,65179,买盘
11:26:23,34.32,0.01,46,157841,买盘
11:26:26,34.3,-0.02,93,319089,卖盘
11:26:29,34.3,0.0,31,106339,卖盘
11:26:30,34.31,0.01,22,75484,买盘
11:26:35,34.31,0.0,4,13726,卖盘
11:26:37,34.32,0.01,10,34320,买盘
11:26:39,34.31,-0.01,9,30882,卖盘
11:26:44,34.31,0.0,7,24019,买盘
11:26:47,34.3,-0.01,44,150930,卖盘
11:26:50,34.32,0.02,38,130416,买盘
11:26:53,34.31,-0.01,4,13725,卖盘
11:26:56,34.31,0.0,14,48034,卖盘
11:26:59,34.31,0.0,53,181843,买盘
11:27:02,34.31,0.0,7,24016,买盘
11:27:03,34.31,0.0,8,27448,买盘
11:27:06,34.31,0.0,10,34310,买盘
11:27:09,34.31,0.0,34,116646,买盘
11:27:14,34.3,-0.01,21,72037,卖盘
11:27:17,34.31,0.01,35,120095,买盘
11:27:20,34.31,0.0,32,109792,卖盘
11:27:23,34.31,0.0,6,20586,买盘
11:27:26,34.3,-0.01,61,210279,卖盘
11:27:29,34.3,0.0,14,47895,卖盘
11:27:32,34.31,0.01,23,78902,买盘
11:27:33,34.3,-0.01,12,41165,卖盘
11:27:38,34.31,0.01,45,154390,买盘
11:27:41,34.31,0.0,55,188701,买盘
11:27:44,34.31,0.0,32,109780,买盘
11:27:47,34.3,-0.01,88,301892,卖盘
11:27:50,34.3,0.0,238,816343,卖盘
11:27:53,34.3,0.0,26,89180,卖盘
11:27:56,34.31,0.01,194,663614,买盘
11:27:59,34.28,-0.03,56,192001,卖盘
11:28:02,34.27,-0.01,3,10283,卖盘
11:28:07,34.29,0.02,27,92567,买盘
11:28:11,34.28,-0.01,20,68575,卖盘
11:28:14,34.27,-0.01,11,37698,卖盘
11:28:17,34.29,0.02,38,130236,买盘
11:28:20,34.28,-0.01,62,212537,卖盘
11:28:23,34.28,0.0,4,13714,卖盘
11:28:26,34.28,0.0,33,113124,卖盘
11:28:29,34.27,-0.01,8,27423,卖盘
11:28:32,34.28,0.01,15,51416,买盘
11:28:35,34.27,-0.01,5,17135,卖盘
11:28:38,34.26,-0.01,3,10280,卖盘
11:28:41,34.28,0.02,5,17140,买盘
11:28:44,34.27,-0.01,12,41123,卖盘
11:28:47,34.26,-0.01,45,154170,卖盘
11:28:50,34.27,0.01,4,13707,买盘
11:28:53,34.28,0.01,13,44550,买盘
11:28:56,34.26,-0.02,34,116493,卖盘
11:28:59,34.26,0.0,25,85650,买盘
11:29:02,34.26,0.0,45,154143,买盘
11:29:05,34.25,-0.01,10,34250,卖盘
11:29:08,34.24,-0.01,73,252802,卖盘
11:29:11,34.23,-0.01,40,136929,卖盘
11:29:14,34.25,0.02,11,37668,买盘
11:29:17,34.25,0.0,14,46342,买盘
11:29:20,34.26,0.01,3,10276,买盘
11:29:23,34.26,0.0,5,17128,买盘
11:29:26,34.26,0.0,79,270613,买盘
11:29:28,34.27,0.01,7,25586,买盘
11:29:32,34.23,-0.04,20,68479,卖盘
11:29:35,34.24,0.01,13,44344,买盘
11:29:38,34.25,0.01,1,3425,买盘
11:29:41,34.24,-0.01,5,17122,卖盘
11:29:42,34.25,0.01,28,94877,买盘
11:29:47,34.24,-0.01,40,136968,卖盘
11:29:50,34.26,0.02,5,17129,买盘
11:29:53,34.24,-0.02,220,753354,卖盘
11:29:56,34.25,0.01,57,195220,买盘
11:29:59,34.25,0.0,32,109610,买盘
11:30:00,34.25,0.0,1,3425,中性盘
13:00:02,34.26,0.01,839,2874691,买盘
13:00:05,34.29,0.03,911,3120710,买盘
13:00:08,34.3,0.01,161,551893,买盘
13:00:12,34.25,-0.05,116,397231,卖盘
13:00:15,34.27,0.02,12,41108,买盘
13:00:17,34.28,0.01,41,140532,买盘
13:00:21,34.27,-0.01,27,92533,卖盘
13:00:24,34.3,0.03,9,30851,买盘
13:00:27,34.3,0.0,106,363508,买盘
13:00:29,34.26,-0.04,64,219256,卖盘
13:00:32,34.3,0.04,36,123329,买盘
13:00:35,34.26,-0.04,20,68546,中性盘
13:00:39,34.26,0.0,484,1659049,卖盘
13:00:41,34.26,0.0,52,178151,卖盘
13:00:45,34.26,0.0,26,89074,买盘
13:00:48,34.24,-0.02,92,315094,卖盘
13:00:50,34.25,0.01,57,195181,买盘
13:00:53,34.25,0.0,27,92448,买盘
13:00:57,34.25,0.0,11,37666,买盘
13:00:59,34.24,-0.01,10,34244,中性盘
13:01:02,34.24,0.0,20,68483,卖盘
13:01:05,34.24,0.0,20,68485,买盘
13:01:09,34.23,-0.01,8,27390,卖盘
13:01:12,34.23,0.0,26,89015,卖盘
13:01:14,34.24,0.01,26,89015,买盘
13:01:17,34.23,-0.01,141,482645,卖盘
13:01:21,34.24,0.01,26,89004,买盘
13:01:24,34.24,0.0,16,54784,买盘
13:01:27,34.25,0.01,115,393762,买盘
13:01:30,34.25,0.0,16,54788,买盘
13:01:32,34.24,-0.01,162,554692,卖盘
13:01:35,34.24,0.0,30,102720,卖盘
13:01:38,34.24,0.0,10,34240,买盘
13:01:42,34.24,0.0,72,246482,买盘
13:01:44,34.23,-0.01,36,124426,卖盘
13:01:47,34.24,0.01,75,255505,买盘
13:01:50,34.23,-0.01,39,133462,买盘
13:01:53,34.23,0.0,29,99261,买盘
13:01:56,34.24,0.01,411,1407255,买盘
13:01:59,34.25,0.01,143,489672,买盘
13:02:03,34.24,-0.01,821,2809589,卖盘
13:02:05,34.23,-0.01,51,174589,卖盘
13:02:11,34.22,-0.01,24,82146,卖盘
13:02:14,34.22,0.0,10,34222,卖盘
13:02:18,34.23,0.01,52,177979,买盘
13:02:21,34.23,0.0,7,23960,买盘
13:02:23,34.23,0.0,3,10269,买盘
13:02:26,34.23,0.0,3,10269,买盘
13:02:29,34.22,-0.01,65,222432,卖盘
13:02:32,34.23,0.01,21,71870,买盘
13:02:36,34.23,0.0,23,78729,买盘
13:02:38,34.23,0.0,96,328608,卖盘
13:02:42,34.24,0.01,16,54772,买盘
13:02:44,34.23,-0.01,9,30809,卖盘
13:02:47,34.23,0.0,4,13694,卖盘
13:02:50,34.24,0.01,41,140349,买盘
13:02:53,34.23,-0.01,9,30807,卖盘
13:02:56,34.24,0.01,4,13696,买盘
13:02:59,34.26,0.02,551,1886745,买盘
13:03:02,34.28,0.02,39,133601,买盘
13:03:05,34.27,-0.01,10,34272,中性盘
13:03:08,34.26,-0.01,56,191817,卖盘
13:03:12,34.27,0.01,18,61667,买盘
13:03:14,34.25,-0.02,10,34250,买盘
13:03:18,34.25,0.0,9,30825,买盘
13:03:20,34.26,0.01,50,171300,买盘
13:03:23,34.26,0.0,1,3426,卖盘
13:03:27,34.27,0.01,11,37691,买盘
13:03:29,34.26,-0.01,14,47969,中性盘
13:03:33,34.25,-0.01,13,44525,卖盘
13:03:35,34.26,0.01,7,23988,中性盘
13:03:39,34.26,0.0,60,205567,卖盘
13:03:42,34.25,-0.01,66,226060,卖盘
13:03:44,34.25,0.0,8,27400,中性盘
13:03:47,34.23,-0.02,86,294435,卖盘
13:03:50,34.23,0.0,53,181434,卖盘
13:03:54,34.23,0.0,8,27384,买盘
13:04:00,34.24,0.01,13,44505,买盘
13:04:02,34.24,0.0,21,71888,买盘
13:04:05,34.23,-0.01,63,215649,卖盘
13:04:09,34.23,0.0,26,88998,卖盘
13:04:11,34.23,0.0,52,177996,买盘
13:04:13,34.23,0.0,51,174523,买盘
13:04:17,34.23,0.0,3,10267,买盘
13:04:19,34.23,0.0,1,3423,买盘
13:04:23,34.23,0.0,2,6846,买盘
13:04:26,34.23,0.0,19,65037,买盘
13:04:30,34.23,0.0,15,51337,买盘
13:04:32,34.23,0.0,23,78709,买盘
13:04:36,34.22,-0.01,69,236120,卖盘
13:04:38,34.22,0.0,44,150570,卖盘
13:04:41,34.22,0.0,19,65018,卖盘
13:04:44,34.23,0.01,10,34222,买盘
13:04:48,34.23,0.0,19,65037,买盘
13:04:50,34.23,0.0,386,1321239,买盘
13:04:53,34.23,0.0,70,239655,卖盘
13:04:56,34.24,0.01,2,6848,买盘
13:04:59,34.23,-0.01,8,27387,卖盘
13:05:02,34.22,-0.01,434,1485524,卖盘
13:05:04,34.23,0.01,17,58188,中性盘
13:05:08,34.23,0.0,98,335405,卖盘
13:05:11,34.24,0.01,39,133476,买盘
13:05:14,34.23,-0.01,40,136916,买盘
13:05:16,34.23,0.0,16,54754,买盘
13:05:20,34.22,-0.01,24,82140,卖盘
13:05:23,34.22,0.0,25,85550,卖盘
13:05:26,34.23,0.01,18,61610,买盘
13:05:30,34.22,-0.01,37,126622,卖盘
13:05:32,34.22,0.0,19,65030,卖盘
13:05:34,34.22,0.0,25,85574,卖盘
13:05:38,34.23,0.01,102,349047,买盘
13:05:41,34.23,0.0,45,154032,买盘
13:05:44,34.22,-0.01,9,30800,卖盘
13:05:47,34.22,0.0,6,20532,卖盘
13:05:50,34.23,0.01,37,126618,买盘
13:05:53,34.22,-0.01,6,20532,卖盘
13:05:56,34.22,0.0,90,307980,卖盘
13:06:00,34.22,0.0,28,97018,卖盘
13:06:02,34.22,0.0,22,75284,买盘
13:06:05,34.22,0.0,26,87774,买盘
13:06:08,34.21,-0.01,49,167654,卖盘
13:06:11,34.22,0.01,25,85549,买盘
13:06:14,34.21,-0.01,105,359292,卖盘
13:06:16,34.21,0.0,20,68424,卖盘
13:06:20,34.21,0.0,37,126578,卖盘
13:06:24,34.22,0.01,8,27376,买盘
13:06:26,34.22,0.0,35,119767,买盘
13:06:29,34.21,-0.01,48,164215,卖盘
13:06:32,34.21,0.0,12,41062,卖盘
13:06:36,34.21,0.0,22,75274,卖盘
13:06:38,34.22,0.01,54,184748,买盘
13:06:42,34.21,-0.01,3,10263,卖盘
13:06:44,34.21,0.0,53,181327,卖盘
13:06:47,34.22,0.01,23,78703,买盘
13:06:50,34.22,0.0,36,123159,买盘
13:06:53,34.22,0.0,6,20527,买盘
13:06:56,34.21,-0.01,8,27368,卖盘
13:07:00,34.21,0.0,52,177936,卖盘
13:07:02,34.22,0.01,3,10266,中性盘
13:07:05,34.23,0.01,47,160813,买盘
13:07:08,34.23,0.0,45,153993,买盘
13:07:12,34.22,-0.01,37,126632,卖盘
13:07:14,34.22,0.0,10,34221,卖盘
13:07:17,34.22,0.0,3,10266,卖盘
13:07:20,34.22,0.0,3,10266,卖盘
13:07:23,34.22,0.0,32,109525,卖盘
13:07:26,34.22,0.0,1,3422,卖盘
13:07:29,34.22,0.0,37,126617,卖盘
13:07:32,34.22,0.0,70,239473,买盘
13:07:35,34.21,-0.01,3,10263,卖盘
13:07:38,34.22,0.01,101,345514,买盘
13:07:42,34.21,-0.01,19,64999,中性盘
13:07:45,34.2,-0.01,10,34202,卖盘
13:07:47,34.2,0.0,12,41050,卖盘
13:07:49,34.21,0.01,64,218899,买盘
13:07:53,34.21,0.0,14,47883,买盘
13:07:56,34.2,-0.01,8,27362,卖盘
13:07:59,34.21,0.01,16,54728,买盘
13:08:05,34.21,0.0,17,58157,买盘
13:08:08,34.2,-0.01,42,143641,卖盘
13:08:11,34.21,0.01,123,420708,买盘
13:08:14,34.21,0.0,44,150500,买盘
13:08:18,34.2,-0.01,98,335163,卖盘
13:08:20,34.2,0.0,60,205238,卖盘
13:08:23,34.21,0.01,10,34210,买盘
13:08:26,34.2,-0.01,19,64980,卖盘
13:08:29,34.2,0.0,29,99197,卖盘
13:08:33,34.21,0.01,12,41044,买盘
13:08:35,34.2,-0.01,43,147079,卖盘
13:08:38,34.2,0.0,51,174420,卖盘
13:08:42,34.21,0.01,16,54734,买盘
13:08:44,34.2,-0.01,65,222300,卖盘
13:08:47,34.2,0.0,3,10261,卖盘
13:08:50,34.21,0.01,57,194961,买盘
13:08:53,34.21,0.0,107,366028,买盘
13:08:55,34.2,-0.01,1,3420,卖盘
13:08:59,34.2,0.0,61,208658,卖盘
13:09:03,34.2,0.0,6,20522,卖盘
13:09:05,34.21,0.01,35,119702,买盘
13:09:09,34.2,-0.01,42,143640,卖盘
13:09:12,34.21,0.01,10,34205,买盘
13:09:14,34.2,-0.01,145,496040,卖盘
13:09:16,34.21,0.01,6,20524,买盘
13:09:23,34.21,0.0,69,236000,买盘
13:09:26,34.2,-0.01,12,41051,卖盘
13:09:29,34.2,0.0,38,129983,卖盘
13:09:33,34.21,0.01,64,218892,买盘
13:09:35,34.22,0.01,5,17107,买盘
13:09:39,34.23,0.01,41,140265,买盘
13:09:41,34.23,0.0,16,54746,买盘
13:09:45,34.23,0.0,25,85529,买盘
13:09:47,34.21,-0.02,94,321665,卖盘
13:09:50,34.21,0.0,39,133431,卖盘
13:09:53,34.22,0.01,2,6843,买盘
13:09:56,34.23,0.01,12,41066,买盘
13:10:00,34.22,-0.01,11,37648,卖盘
13:10:03,34.22,0.0,1,3422,卖盘
13:10:08,34.22,0.0,44,150568,卖盘
13:10:11,34.22,0.0,15,51333,买盘
13:10:14,34.23,0.01,18,61613,买盘
13:10:17,34.22,-0.01,3,10266,买盘
13:10:20,34.22,0.0,1,3422,买盘
13:10:23,34.21,-0.01,5,17105,卖盘
13:10:25,34.2,-0.01,225,770843,卖盘
13:10:29,34.2,0.0,20,68399,买盘
13:10:32,34.19,-0.01,2,6838,卖盘
13:10:39,34.19,0.0,44,150436,卖盘
13:10:41,34.19,0.0,50,170963,卖盘
13:10:44,34.19,0.0,10,34191,卖盘
13:10:47,34.19,0.0,8,27352,卖盘
13:10:50,34.19,0.0,104,355576,卖盘
13:10:54,34.19,0.0,28,95755,卖盘
13:10:55,34.2,0.01,376,1285919,买盘
13:10:59,34.19,-0.01,37,126533,卖盘
13:11:02,34.19,0.0,181,618920,卖盘
13:11:06,34.2,0.01,186,635963,买盘
13:11:09,34.2,0.0,69,235913,买盘
13:11:11,34.2,0.0,19,63782,买盘
13:11:15,34.2,0.0,39,133381,卖盘
13:11:16,34.2,0.0,23,78661,卖盘
13:11:20,34.2,0.0,9,30780,卖盘
13:11:23,34.2,0.0,2,6840,卖盘
13:11:26,34.2,0.0,19,64982,卖盘
13:11:29,34.2,0.0,72,246273,卖盘
13:11:32,34.2,0.0,113,387682,卖盘
13:11:35,34.21,0.01,18,61562,买盘
13:11:38,34.2,-0.01,39,133380,卖盘
13:11:41,34.2,0.0,7,23940,买盘
13:11:44,34.2,0.0,10,34202,卖盘
13:11:47,34.21,0.01,55,188083,买盘
13:11:50,34.19,-0.02,57,194903,卖盘
13:11:53,34.2,0.01,59,201722,中性盘
13:11:56,34.19,-0.01,4,13676,卖盘
13:11:59,34.19,0.0,25,85481,卖盘
13:12:02,34.19,0.0,35,119664,买盘
13:12:05,34.19,0.0,4,13676,买盘
13:12:09,34.19,0.0,112,382860,买盘
13:12:11,34.19,0.0,30,102567,买盘
13:12:14,34.19,0.0,70,239316,买盘
13:12:17,34.19,0.0,31,105989,卖盘
13:12:20,34.2,0.01,3,10259,买盘
13:12:23,34.19,-0.01,63,215397,卖盘
13:12:26,34.2,0.01,10,34195,买盘
13:12:29,34.19,-0.01,54,184670,卖盘
13:12:32,34.19,0.0,30,102595,卖盘
13:12:35,34.2,0.01,20,68398,买盘
13:12:38,34.2,0.0,41,140180,买盘
13:12:41,34.2,0.0,7,23936,买盘
13:12:44,34.19,-0.01,15,51285,卖盘
13:12:47,34.2,0.01,25,85477,买盘
13:12:50,34.18,-0.02,33,112814,卖盘
13:12:53,34.19,0.01,9,30773,卖盘
13:12:55,34.2,0.01,61,208526,买盘
13:12:59,34.18,-0.02,8,27350,卖盘
13:13:02,34.18,0.0,80,273440,卖盘
13:13:05,34.19,0.01,10,34187,买盘
13:13:08,34.19,0.0,47,160652,买盘
13:13:11,34.18,-0.01,11,37598,卖盘
13:13:14,34.19,0.01,59,201719,买盘
13:13:17,34.19,0.0,132,451427,卖盘
13:13:19,34.18,-0.01,1,3418,卖盘
13:13:24,34.19,0.01,11,37609,买盘
13:13:27,34.19,0.0,88,300792,买盘
13:13:28,34.18,-0.01,64,218790,卖盘
13:13:31,34.18,0.0,20,68360,卖盘
13:13:36,34.19,0.01,10,34188,买盘
13:13:38,34.18,-0.01,59,201667,卖盘
13:13:41,34.18,0.0,5,17090,卖盘
13:13:44,34.18,0.0,5,17090,卖盘
13:13:47,34.19,0.01,53,181207,买盘
13:13:49,34.18,-0.01,53,181159,卖盘
13:13:53,34.19,0.01,8,27347,买盘
13:13:55,34.18,-0.01,89,304188,卖盘
13:13:59,34.18,0.0,118,403340,买盘
13:14:02,34.18,0.0,15,51270,卖盘
13:14:05,34.18,0.0,56,191458,卖盘
13:14:07,34.18,0.0,56,191389,卖盘
13:14:11,34.18,0.0,9,30768,卖盘
13:14:14,34.18,0.0,40,136737,卖盘
13:14:17,34.18,0.0,6,20508,买盘
13:14:20,34.19,0.01,86,294157,买盘
13:14:22,34.23,0.04,22,75266,买盘
13:14:29,34.19,-0.04,66,225680,卖盘
13:14:32,34.19,0.0,7,23934,卖盘
13:14:35,34.2,0.01,12,41039,买盘
13:14:38,34.19,-0.01,4,13679,卖盘
13:14:41,34.19,0.0,12,41034,卖盘
13:14:44,34.19,0.0,10,34192,卖盘
13:14:47,34.2,0.01,64,218830,买盘
13:14:50,34.19,-0.01,48,164124,卖盘
13:14:53,34.2,0.01,81,277012,买盘
13:14:57,34.2,0.0,57,194939,买盘
13:14:59,34.19,-0.01,35,119678,卖盘
13:15:01,34.2,0.01,24,82078,买盘
13:15:05,34.2,0.0,23,78660,买盘
13:15:08,34.2,0.0,57,194900,买盘
13:15:11,34.19,-0.01,1,3419,卖盘
13:15:13,34.2,0.01,21,71815,买盘
13:15:17,34.2,0.0,1,3420,卖盘
13:15:20,34.2,0.0,15,51302,卖盘
13:15:23,34.21,0.01,5,17105,买盘
13:15:26,34.22,0.01,29,99210,买盘
13:15:28,34.22,0.0,70,239375,买盘
13:15:31,34.18,-0.04,39,133400,卖盘
13:15:35,34.22,0.04,101,345569,买盘
13:15:37,34.22,0.0,41,140302,卖盘
13:15:41,34.22,0.0,13,44486,卖盘
13:15:43,34.22,0.0,25,85552,卖盘
13:15:47,34.23,0.01,10,34230,买盘
13:15:50,34.23,0.0,35,119805,卖盘
13:15:53,34.23,0.0,8,27384,卖盘
13:15:59,34.22,-0.01,65,222501,卖盘
13:16:02,34.23,0.01,4,13693,中性盘
13:16:05,34.23,0.0,4,13691,买盘
13:16:09,34.22,-0.01,27,92394,卖盘
13:16:11,34.22,0.0,3,10265,买盘
13:16:14,34.21,-0.01,28,95804,卖盘
13:16:16,34.21,0.0,27,92372,卖盘
13:16:20,34.21,0.0,8,27366,买盘
13:16:22,34.21,0.0,128,437888,买盘
13:16:25,34.21,0.0,24,82104,买盘
13:16:29,34.2,-0.01,93,318134,卖盘
13:16:31,34.19,-0.01,10,34193,卖盘
13:16:34,34.19,0.0,8,27359,卖盘
13:16:38,34.21,0.02,46,157280,买盘
13:16:41,34.2,-0.01,53,181258,卖盘
13:16:44,34.2,0.0,16,54726,卖盘
13:16:49,34.2,0.0,38,129960,卖盘
13:16:53,34.19,-0.01,21,71820,卖盘
13:16:55,34.21,0.02,1,3421,买盘
13:16:58,34.21,0.0,92,314663,买盘
13:17:02,34.21,0.0,3,10263,卖盘
13:17:08,34.21,0.0,43,147105,卖盘
13:17:11,34.21,0.0,35,119755,卖盘
13:17:14,34.21,0.0,69,236085,卖盘
13:17:17,34.21,0.0,11,37634,卖盘
13:17:20,34.22,0.01,65,222428,买盘
13:17:23,34.23,0.01,31,106084,买盘
13:17:25,34.23,0.0,21,71882,卖盘
13:17:29,34.22,-0.01,25,85568,卖盘
13:17:32,34.22,0.0,13,44487,卖盘
13:17:35,34.22,0.0,15,51330,卖盘
13:17:38,34.23,0.01,80,273796,买盘
13:17:41,34.23,0.0,11,37653,买盘
13:17:44,34.22,-0.01,14,47912,卖盘
13:17:47,34.22,0.0,18,61597,卖盘
13:17:50,34.23,0.01,101,345724,买盘
13:17:53,34.24,0.01,80,273914,买盘
13:17:56,34.23,-0.01,19,65037,卖盘
13:17:59,34.23,0.0,15,51352,卖盘
13:18:01,34.23,0.0,20,68463,卖盘
13:18:05,34.23,0.0,18,61631,卖盘
13:18:08,34.24,0.01,72,246487,买盘
13:18:11,34.23,-0.01,11,37652,买盘
13:18:14,34.24,0.01,41,140352,买盘
13:18:17,34.22,-0.02,52,177944,卖盘
13:18:19,34.22,0.0,3,10268,卖盘
13:18:23,34.23,0.01,1,3423,买盘
13:18:29,34.22,-0.01,21,71874,卖盘
13:18:31,34.22,0.0,23,78712,卖盘
13:18:35,34.23,0.01,24,82131,买盘
13:18:38,34.22,-0.01,37,126615,卖盘
13:18:40,34.21,-0.01,23,78690,卖盘
13:18:44,34.21,0.0,21,71844,卖盘
13:18:47,34.21,0.0,55,188161,卖盘
13:18:50,34.2,-0.01,34,116294,卖盘
13:18:53,34.22,0.02,16,54727,买盘
13:18:56,34.22,0.0,3,10266,买盘
13:18:59,34.21,-0.01,65,222369,卖盘
13:19:02,34.21,0.0,3,10263,卖盘
13:19:05,34.21,0.0,46,157365,卖盘
13:19:08,34.21,0.0,11,37631,买盘
13:19:10,34.2,-0.01,1,3420,卖盘
13:19:17,34.2,0.0,85,290725,卖盘
13:19:20,34.2,0.0,5,17102,卖盘
13:19:22,34.21,0.01,15,51315,买盘
13:19:26,34.22,0.01,235,804017,买盘
13:19:28,34.22,0.0,4,13688,卖盘
13:19:32,34.21,-0.01,16,54736,卖盘
13:19:34,34.2,-0.01,23,78677,卖盘
13:19:37,34.21,0.01,321,1097606,中性盘
13:19:41,34.19,-0.02,6,20517,卖盘
13:19:44,34.2,0.01,9,30782,中性盘
13:19:47,34.19,-0.01,8,27352,买盘
13:19:50,34.18,-0.01,27,92319,卖盘
13:19:53,34.2,0.02,36,123054,买盘
13:19:56,34.19,-0.01,10,34198,卖盘
13:19:59,34.19,0.0,8,27352,买盘
13:20:02,34.19,0.0,20,68378,买盘
13:20:04,34.19,0.0,2,6838,买盘
13:20:07,34.19,0.0,56,191424,买盘
13:20:11,34.19,0.0,141,481948,买盘
13:20:13,34.19,0.0,11,37604,买盘
13:20:17,34.18,-0.01,23,78631,卖盘
13:20:20,34.18,0.0,267,912772,卖盘
13:20:23,34.19,0.01,31,105952,买盘
13:20:26,34.18,-0.01,18,61525,卖盘
13:20:29,34.18,0.0,4,13671,买盘
13:20:32,34.17,-0.01,174,594719,卖盘
13:20:34,34.18,0.01,76,259767,买盘
13:20:38,34.18,0.0,54,184530,买盘
13:20:41,34.17,-0.01,1,3417,卖盘
13:20:44,34.17,0.0,1,3417,卖盘
13:20:47,34.18,0.01,26,88850,买盘
13:20:50,34.15,-0.03,901,3078277,卖盘
13:20:53,34.19,0.04,88,300695,买盘
13:20:55,34.15,-0.04,80,273410,卖盘
13:20:59,34.19,0.04,11,37596,买盘
13:21:02,34.15,-0.04,17,58055,卖盘
13:21:05,34.17,0.02,103,351950,买盘
13:21:07,34.17,0.0,47,160518,买盘
13:21:11,34.15,-0.02,1306,4460018,卖盘
13:21:13,34.15,0.0,5,17076,买盘
13:21:17,34.16,0.01,72,245919,买盘
13:21:20,34.15,-0.01,10,34157,买盘
13:21:23,34.15,0.0,7,23907,卖盘
13:21:26,34.17,0.02,75,256154,买盘
13:21:29,34.16,-0.01,38,129816,卖盘
13:21:31,34.16,0.0,3,10250,卖盘
13:21:35,34.16,0.0,16,54656,卖盘
13:21:38,34.16,0.0,73,249378,卖盘
13:21:41,34.16,0.0,14,47824,卖盘
13:21:44,34.17,0.01,22,75171,买盘
13:21:46,34.16,-0.01,33,112736,卖盘
13:21:50,34.16,0.0,57,194712,卖盘
13:21:53,34.17,0.01,51,174230,买盘
13:21:56,34.17,0.0,128,437282,买盘
13:21:59,34.16,-0.01,5,17081,中性盘
13:22:01,34.16,0.0,9,30743,中性盘
13:22:05,34.16,0.0,65,221981,买盘
13:22:08,34.15,-0.01,36,122940,卖盘
13:22:11,34.16,0.01,31,105878,买盘
13:22:13,34.15,-0.01,11,37566,卖盘
13:22:17,34.16,0.01,34,116131,买盘
13:22:20,34.16,0.0,32,109305,买盘
13:22:22,34.15,-0.01,5,17075,卖盘
13:22:26,34.16,0.01,25,85385,买盘
13:22:29,34.15,-0.01,23,78559,卖盘
13:22:32,34.15,0.0,41,140018,卖盘
13:22:34,34.16,0.01,12,40991,买盘
13:22:38,34.15,-0.01,78,266383,卖盘
13:22:40,34.15,0.0,54,184410,卖盘
13:22:44,34.15,0.0,66,225390,卖盘
13:22:47,34.15,0.0,38,129751,买盘
13:22:50,34.15,0.0,7,23903,买盘
13:22:52,34.14,-0.01,35,119490,卖盘
13:22:56,34.14,0.0,65,221911,卖盘
13:22:59,34.14,0.0,41,139993,卖盘
13:23:02,34.14,0.0,59,201476,卖盘
13:23:05,34.15,0.01,75,256125,买盘
13:23:08,34.14,-0.01,52,177535,卖盘
13:23:11,34.15,0.01,69,235587,买盘
13:23:14,34.14,-0.01,9,30727,卖盘
13:23:17,34.15,0.01,107,365348,买盘
13:23:20,34.15,0.0,20,68287,买盘
13:23:23,34.15,0.0,366,1249857,买盘
13:23:26,34.15,0.0,1506,5138768,买盘
13:23:29,34.14,-0.01,54,184351,中性盘
13:23:32,34.14,0.0,55,187744,买盘
13:23:35,34.15,0.01,37,126346,买盘
13:23:38,34.14,-0.01,86,293546,卖盘
13:23:41,34.14,0.0,12,40967,买盘
13:23:44,34.14,0.0,33,112657,买盘
13:23:47,34.12,-0.02,31,105802,卖盘
13:23:50,34.13,0.01,9,30725,中性盘
13:23:53,34.14,0.01,33,112594,买盘
13:23:56,34.12,-0.02,82,279743,中性盘
13:23:59,34.12,0.0,9,30708,买盘
13:24:01,34.12,0.0,758,2585249,中性盘
13:24:05,34.11,-0.01,34,115989,卖盘
13:24:07,34.13,0.02,144,491179,买盘
13:24:11,34.12,-0.01,47,160364,卖盘
13:24:14,34.12,0.0,20,68262,卖盘
13:24:17,34.14,0.02,42,143350,买盘
13:24:20,34.12,-0.02,42,143343,卖盘
13:24:23,34.14,0.02,12,40956,买盘
13:24:26,34.12,-0.02,80,273019,卖盘
13:24:29,34.12,0.0,17,58014,卖盘
13:24:32,34.12,0.0,106,361683,卖盘
13:24:35,34.13,0.01,39,133070,买盘
13:24:37,34.13,0.0,60,204726,买盘
13:24:41,34.12,-0.01,23,78479,卖盘
13:24:44,34.12,0.0,15,51194,卖盘
13:24:47,34.13,0.01,60,204723,买盘
13:24:50,34.14,0.01,28,95551,买盘
13:24:53,34.13,-0.01,85,290030,中性盘
13:24:56,34.13,0.0,80,273004,卖盘
13:24:59,34.12,-0.01,20,68261,卖盘
13:25:01,34.12,0.0,32,109199,卖盘
13:25:05,34.12,0.0,4,13650,卖盘
13:25:08,34.13,0.01,41,139893,买盘
13:25:11,34.13,0.0,81,276525,买盘
13:25:14,34.13,0.0,21,71683,卖盘
13:25:17,34.11,-0.02,602,2053990,卖盘
13:25:19,34.13,0.02,45,153586,卖盘
13:25:22,34.13,0.0,221,754347,卖盘
13:25:26,34.13,0.0,18,61434,卖盘
13:25:29,34.13,0.0,8,27306,卖盘
13:25:32,34.13,0.0,42,143352,卖盘
13:25:35,34.13,0.0,134,457344,卖盘
13:25:38,34.14,0.01,86,293526,买盘
13:25:41,34.13,-0.01,13,44370,卖盘
13:25:44,34.14,0.01,134,457344,买盘
13:25:47,34.13,-0.01,256,873728,卖盘
13:25:50,34.13,0.0,34,116042,买盘
13:25:53,34.13,0.0,51,174019,买盘
13:25:56,34.13,0.0,357,1217736,买盘
13:25:59,34.11,-0.02,14,47768,卖盘
13:26:02,34.12,0.01,56,191065,买盘
13:26:05,34.12,0.0,13,44356,买盘
13:26:08,34.12,0.0,72,245611,买盘
13:26:11,34.11,-0.01,12,40932,卖盘
13:26:14,34.11,0.0,11,37520,买盘
13:26:17,34.11,0.0,80,272823,买盘
13:26:20,34.11,0.0,36,122789,买盘
13:26:23,34.11,0.0,155,528560,买盘
13:26:26,34.1,-0.01,15,51159,卖盘
13:26:29,34.1,0.0,35,119382,卖盘
13:26:31,34.11,0.01,33,112542,买盘
13:26:35,34.11,0.0,9,30692,买盘
13:26:38,34.11,0.0,108,368312,买盘
13:26:41,34.1,-0.01,106,361463,卖盘
13:26:44,34.1,0.0,43,146630,卖盘
13:26:47,34.1,0.0,84,286452,卖盘
13:26:50,34.1,0.0,43,146631,卖盘
13:26:52,34.1,0.0,136,463763,卖盘
13:26:55,34.1,0.0,188,641093,卖盘
13:26:59,34.1,0.0,129,439973,卖盘
13:27:02,34.1,0.0,47,160271,卖盘
13:27:05,34.1,0.0,62,211424,卖盘
13:27:08,34.11,0.01,191,651339,买盘
13:27:11,34.11,0.0,33,112552,买盘
13:27:14,34.11,0.0,20,68219,买盘
13:27:17,34.11,0.0,840,2864412,买盘
13:27:20,34.11,0.0,69,235322,买盘
13:27:23,34.11,0.0,17,57985,买盘
13:27:26,34.11,0.0,218,743383,买盘
13:27:28,34.1,-0.01,114,388745,卖盘
13:27:32,34.1,0.0,113,385233,卖盘
13:27:35,34.1,0.0,23,78426,买盘
13:27:38,34.1,0.0,35,119339,买盘
13:27:40,34.09,-0.01,85,289793,卖盘
13:27:44,34.1,0.01,12,40913,买盘
13:27:46,34.1,0.0,152,518201,买盘
13:27:50,34.08,-0.02,21,71572,卖盘
13:27:52,34.09,0.01,46,156773,买盘
13:27:56,34.09,0.0,24,81815,买盘
13:27:58,34.08,-0.01,21,71581,卖盘
13:28:02,34.09,0.01,100,340894,买盘
13:28:04,34.09,0.0,64,218159,卖盘
13:28:08,34.09,0.0,34,115904,买盘
13:28:10,34.08,-0.01,12,40896,卖盘
13:28:14,34.09,0.01,61,207951,买盘
13:28:17,34.09,0.0,1079,3677307,卖盘
13:28:20,34.08,-0.01,85,289716,卖盘
13:28:23,34.09,0.01,188,640742,买盘
13:28:25,34.09,0.0,30,102258,买盘
13:28:29,34.09,0.0,86,293150,买盘
13:28:31,34.09,0.0,35,119293,买盘
13:28:35,34.09,0.0,24,81813,买盘
13:28:38,34.09,0.0,82,279498,卖盘
13:28:41,34.09,0.0,48,163627,买盘
13:28:44,34.09,0.0,10,34085,买盘
13:28:47,34.08,-0.01,54,184078,卖盘
13:28:49,34.09,0.01,64,218169,买盘
13:28:52,34.08,-0.01,114,388551,卖盘
13:28:56,34.09,0.01,49,166994,买盘
13:28:59,34.08,-0.01,20,68175,卖盘
13:29:01,34.09,0.01,10,34084,买盘
13:29:05,34.09,0.0,34,115916,卖盘
13:29:08,34.09,0.0,69,235200,卖盘
13:29:11,34.09,0.0,37,126131,买盘
13:29:14,34.09,0.0,61,207929,买盘
13:29:16,34.09,0.0,43,146567,买盘
13:29:20,34.08,-0.01,35,119313,卖盘
13:29:23,34.08,0.0,41,139728,卖盘
13:29:25,34.09,0.01,38,129518,买盘
13:29:29,34.08,-0.01,9,30675,卖盘
13:29:32,34.08,0.0,22,74982,卖盘
13:29:35,34.09,0.01,57,194288,买盘
13:29:38,34.08,-0.01,74,252211,卖盘
13:29:41,34.09,0.01,51,173843,买盘
13:29:44,34.1,0.01,23,78409,买盘
13:29:47,34.09,-0.01,20,68183,卖盘
13:29:50,34.09,0.0,57,194357,卖盘
13:29:53,34.1,0.01,138,470477,买盘
13:29:56,34.1,0.0,282,961616,买盘
13:29:59,34.11,0.01,22,75027,买盘
13:30:02,34.1,-0.01,8,27280,卖盘
13:30:05,34.13,0.03,208,709491,买盘
13:30:07,34.13,0.0,66,225162,买盘
13:30:10,34.12,-0.01,11,37527,中性盘
13:30:14,34.11,-0.01,56,190999,卖盘
13:30:17,34.13,0.02,128,436675,买盘
13:30:20,34.1,-0.03,39,133038,卖盘
13:30:22,34.1,0.0,144,491180,卖盘
13:30:26,34.1,0.0,24,81842,卖盘
13:30:29,34.12,0.02,24,81891,卖盘
13:30:32,34.12,0.0,6,20473,卖盘
13:30:35,34.13,0.01,169,576574,买盘
13:30:38,34.12,-0.01,76,259297,买盘
13:30:41,34.12,0.0,36,122832,卖盘
13:30:44,34.1,-0.02,40,136454,卖盘
13:30:47,34.12,0.02,36,122831,中性盘
13:30:50,34.12,0.0,1,3412,买盘
13:30:53,34.11,-0.01,104,354769,卖盘
13:30:56,34.12,0.01,6,20470,中性盘
13:30:59,34.11,-0.01,26,88701,卖盘
13:31:02,34.12,0.01,19,64822,买盘
13:31:05,34.11,-0.01,57,194439,卖盘
13:31:08,34.11,0.0,23,78453,买盘
13:31:11,34.11,0.0,4,13642,买盘
13:31:14,34.11,0.0,69,235324,买盘
13:31:17,34.1,-0.01,82,279624,卖盘
13:31:20,34.11,0.01,19,64802,买盘
13:31:23,34.1,-0.01,119,405822,卖盘
13:31:26,34.12,0.02,20,68217,买盘
13:31:28,34.11,-0.01,3,10233,买盘
13:31:32,34.11,0.0,31,105723,买盘
13:31:35,34.1,-0.01,64,218214,卖盘
13:31:38,34.09,-0.01,35,119344,卖盘
13:31:40,34.1,0.01,28,95475,买盘
13:31:44,34.1,0.0,66,225001,买盘
13:31:46,34.09,-0.01,223,760210,卖盘
13:31:50,34.08,-0.01,125,426056,卖盘
13:31:53,34.08,0.0,99,337412,卖盘
13:31:56,34.09,0.01,120,409076,买盘
13:31:59,34.08,-0.01,139,473720,卖盘
13:32:02,34.09,0.01,26,88614,买盘
13:32:04,34.09,0.0,227,773617,买盘
13:32:08,34.08,-0.01,65,221520,卖盘
13:32:11,34.08,0.0,5,17042,卖盘
13:32:14,34.08,0.0,555,1891450,卖盘
13:32:16,34.08,0.0,75,255152,买盘
13:32:20,34.08,0.0,78,265823,买盘
13:32:23,34.08,0.0,132,449790,买盘
13:32:26,34.08,0.0,34,115854,买盘
13:32:29,34.08,0.0,44,149932,买盘
13:32:31,34.07,-0.01,57,194218,卖盘
13:32:35,34.07,0.0,287,977878,卖盘
13:32:38,34.07,0.0,189,644014,卖盘
13:32:41,34.07,0.0,38,129481,卖盘
13:32:44,34.07,0.0,108,367962,卖盘
13:32:47,34.09,0.02,103,351016,买盘
13:32:50,34.08,-0.01,89,303357,卖盘
13:32:53,34.07,-0.01,170,579360,卖盘
13:32:56,34.08,0.01,130,442967,买盘
13:32:59,34.08,0.0,98,333918,卖盘
13:33:02,34.07,-0.01,45,153320,卖盘
13:33:05,34.06,-0.01,249,848260,卖盘
13:33:08,34.08,0.02,90,306638,买盘
13:33:11,34.07,-0.01,113,384979,买盘
13:33:14,34.08,0.01,305,1039402,买盘
13:33:16,34.08,0.0,55,187440,卖盘
13:33:20,34.09,0.01,72,245438,买盘
13:33:23,34.08,-0.01,78,265825,卖盘
13:33:26,34.09,0.01,121,412346,买盘
13:33:29,34.08,-0.01,31,105652,卖盘
13:33:32,34.08,0.0,61,207887,买盘
13:33:35,34.07,-0.01,51,173761,卖盘
13:33:37,34.08,0.01,102,347558,买盘
13:33:41,34.08,0.0,9,30663,买盘
13:33:44,34.06,-0.02,96,327010,卖盘
13:33:48,34.07,0.01,62,211311,卖盘
13:33:49,34.07,0.0,54,184073,卖盘
13:33:52,34.07,0.0,125,426012,卖盘
13:33:56,34.07,0.0,43,146466,买盘
13:33:59,34.06,-0.01,46,156702,卖盘
13:34:02,34.06,0.0,265,902652,卖盘
13:34:05,34.07,0.01,77,262280,买盘
13:34:08,34.06,-0.01,1258,4284242,卖盘
13:34:11,34.06,0.0,99,337117,买盘
13:34:14,34.05,-0.01,1117,3802336,卖盘
13:34:17,34.04,-0.01,504,1715636,卖盘
13:34:20,34.04,0.0,460,1565518,买盘
13:34:23,34.03,-0.01,194,660252,卖盘
13:34:25,34.02,-0.01,1336,4545159,卖盘
13:34:29,34.02,0.0,363,1234785,卖盘
13:34:32,34.0,-0.02,1108,3768157,卖盘
13:34:35,34.0,0.0,1157,3933869,卖盘
13:34:38,34.0,0.0,252,856866,卖盘
13:34:41,34.01,0.01,120,408010,买盘
13:34:44,34.01,0.0,1244,4229618,买盘
13:34:47,34.0,-0.01,601,2043487,卖盘
13:34:50,34.01,0.01,1080,3672002,买盘
13:34:53,34.0,-0.01,749,2546629,卖盘
13:34:56,34.01,0.01,669,2274651,买盘
13:34:59,34.0,-0.01,933,3172214,卖盘
13:35:02,33.99,-0.01,115,390916,卖盘
13:35:05,33.99,0.0,63,214130,买盘
13:35:07,33.98,-0.01,65,220885,卖盘
13:35:11,33.99,0.01,110,373809,买盘
13:35:14,33.97,-0.02,654,2222019,卖盘
13:35:17,33.97,0.0,967,3283254,买盘
13:35:19,33.95,-0.02,210,713036,卖盘
13:35:23,33.96,0.01,105,356579,中性盘
13:35:26,33.95,-0.01,544,1847853,卖盘
13:35:29,33.97,0.02,141,478835,买盘
13:35:32,33.95,-0.02,89,302166,卖盘
13:35:35,33.96,0.01,210,713113,买盘
