time,price,change,volume,amount,type
09:25:04,28.2,-0.1,2170,6119400,卖盘
09:30:02,28.17,-0.03,1133,3192229,卖盘
09:30:05,28.15,-0.02,570,1604835,卖盘
09:30:08,28.15,0.0,100,281314,买盘
09:30:11,28.11,-0.04,121,340374,卖盘
09:30:14,28.15,0.04,252,708844,买盘
09:30:17,28.1,-0.05,92,258537,卖盘
09:30:20,28.09,-0.01,432,1213488,卖盘
09:30:23,28.07,-0.02,528,1483230,卖盘
09:30:26,28.09,0.02,277,777641,买盘
09:30:29,28.07,-0.02,94,263861,卖盘
09:30:32,28.07,0.0,859,2409232,买盘
09:30:35,28.02,-0.05,242,678711,卖盘
09:30:37,28.03,0.01,249,697792,买盘
09:30:41,28.01,-0.02,694,1944461,卖盘
09:30:44,28.03,0.02,206,578421,中性盘
09:30:47,28.02,-0.01,128,357642,卖盘
09:30:50,28.02,0.0,245,686418,买盘
09:30:53,28.01,-0.01,272,762796,卖盘
09:30:56,28.01,0.0,465,1304225,卖盘
09:30:59,28.02,0.01,135,378241,卖盘
09:31:02,28.01,-0.01,439,1229452,卖盘
09:31:05,28.02,0.01,491,1376770,卖盘
09:31:08,28.01,-0.01,624,1748546,卖盘
09:31:11,28.0,-0.01,495,1386099,卖盘
09:31:14,28.0,0.0,2338,6544117,卖盘
09:31:15,28.0,0.0,169,475756,买盘
09:31:21,28.0,0.0,351,982337,买盘
09:31:21,27.98,-0.02,203,566011,卖盘
09:31:26,27.99,0.01,305,853207,买盘
09:31:29,27.96,-0.03,70,195796,卖盘
09:31:32,27.98,0.02,218,609812,买盘
09:31:35,27.96,-0.02,145,405489,卖盘
09:31:38,27.96,0.0,213,596688,买盘
09:31:41,27.97,0.01,234,654099,买盘
09:31:44,27.96,-0.01,187,523240,卖盘
09:31:47,27.96,0.0,262,732324,卖盘
09:31:50,27.96,0.0,257,719698,买盘
09:31:53,27.96,0.0,1195,3340144,卖盘
09:31:56,27.96,0.0,213,594892,卖盘
09:31:59,27.97,0.01,286,801240,中性盘
09:32:02,27.97,0.0,182,508502,卖盘
09:32:05,27.98,0.01,183,510780,买盘
09:32:07,27.97,-0.01,235,658537,卖盘
09:32:10,27.98,0.01,133,371097,买盘
09:32:14,27.98,0.0,245,685217,买盘
09:32:17,27.98,0.0,173,483963,买盘
09:32:20,27.98,0.0,276,774250,卖盘
09:32:21,27.98,0.0,61,169372,卖盘
09:32:26,27.98,0.0,317,887141,卖盘
09:32:28,27.99,0.01,107,299327,买盘
09:32:32,27.98,-0.01,197,550519,卖盘
09:32:35,27.99,0.01,145,405864,中性盘
09:32:38,27.98,-0.01,183,511961,卖盘
09:32:40,28.0,0.02,197,551965,买盘
09:32:44,27.98,-0.02,161,451169,卖盘
09:32:45,27.99,0.01,128,357250,卖盘
09:32:50,28.0,0.01,126,352632,买盘
09:32:53,28.02,0.02,80,225721,买盘
09:32:54,28.0,-0.02,41,113656,卖盘
09:32:59,28.02,0.02,23,64290,买盘
09:33:01,28.0,-0.02,200,559910,卖盘
09:33:04,27.99,-0.01,242,678787,卖盘
09:33:08,28.0,0.01,222,619877,买盘
09:33:11,28.01,0.01,74,207851,中性盘
09:33:14,28.01,0.0,33,91994,卖盘
09:33:15,28.0,-0.01,85,239242,卖盘
09:33:20,28.0,0.0,205,575027,卖盘
09:33:23,28.0,0.0,437,1221262,卖盘
09:33:24,28.02,0.02,125,351334,买盘
09:33:29,28.01,-0.01,89,249419,卖盘
09:33:31,28.0,-0.01,144,403849,卖盘
09:33:35,28.01,0.01,155,434470,卖盘
09:33:38,28.01,0.0,328,918574,买盘
09:33:41,28.03,0.02,151,423135,买盘
09:33:44,28.03,0.0,459,1283255,买盘
09:33:45,28.01,-0.02,146,409245,卖盘
09:33:50,28.01,0.0,135,378207,卖盘
09:33:53,28.01,0.0,223,626280,卖盘
09:33:56,28.02,0.01,210,587496,买盘
09:33:59,28.01,-0.01,112,314425,卖盘
09:34:02,28.01,0.0,186,519258,卖盘
09:34:05,28.02,0.01,275,771029,买盘
09:34:06,28.01,-0.01,54,152438,卖盘
09:34:10,28.03,0.02,172,481419,买盘
09:34:14,28.02,-0.01,113,316293,中性盘
09:34:17,28.01,-0.01,72,200837,卖盘
09:34:20,28.02,0.01,17,47630,中性盘
09:34:23,28.02,0.0,482,1352412,买盘
09:34:26,28.02,0.0,126,353043,买盘
09:34:28,28.02,0.0,279,781390,买盘
09:34:32,28.0,-0.02,1302,3643571,卖盘
09:34:35,27.98,-0.02,1964,5499493,卖盘
09:34:38,27.99,0.01,1032,2885419,买盘
09:34:41,27.99,0.0,364,1018465,买盘
09:34:43,27.98,-0.01,216,602933,中性盘
09:34:47,27.94,-0.04,649,1814803,卖盘
09:34:50,27.94,0.0,279,780514,卖盘
09:34:51,27.98,0.04,660,1844149,买盘
09:34:56,27.93,-0.05,261,728431,卖盘
09:34:59,27.94,0.01,111,309732,中性盘
09:35:02,27.98,0.04,116,324267,买盘
09:35:05,28.0,0.02,851,2382490,买盘
09:35:08,27.96,-0.04,495,1386848,卖盘
09:35:11,28.0,0.04,81,225884,买盘
09:35:14,28.02,0.02,312,873989,买盘
09:35:17,27.97,-0.05,142,397613,卖盘
09:35:20,27.99,0.02,43,120300,买盘
09:35:21,27.95,-0.04,53,148087,卖盘
09:35:26,27.96,0.01,116,324315,买盘
09:35:29,27.99,0.03,300,839944,买盘
09:35:32,27.97,-0.02,276,770596,卖盘
09:35:35,27.98,0.01,206,576034,买盘
09:35:38,27.96,-0.02,96,269453,卖盘
09:35:41,27.97,0.01,55,151640,买盘
09:35:44,27.95,-0.02,350,980224,卖盘
09:35:47,27.95,0.0,50,139804,卖盘
09:35:50,27.97,0.02,182,509247,中性盘
09:35:53,27.95,-0.02,158,440579,卖盘
09:35:56,27.99,0.04,163,455607,买盘
09:35:59,27.97,-0.02,58,161628,买盘
09:36:01,27.97,0.0,655,1831293,买盘
09:36:04,27.97,0.0,86,240084,买盘
09:36:08,27.95,-0.02,565,1580464,卖盘
09:36:10,27.93,-0.02,587,1638893,卖盘
09:36:14,27.93,0.0,167,466116,卖盘
09:36:17,27.96,0.03,30,84287,买盘
09:36:20,27.95,-0.01,31,86654,卖盘
09:36:23,27.96,0.01,114,318529,买盘
09:36:26,27.96,0.0,67,187601,买盘
09:36:29,27.95,-0.01,33,90666,中性盘
09:36:32,27.96,0.01,503,1407546,买盘
09:36:35,27.95,-0.01,251,701453,中性盘
09:36:38,27.95,0.0,125,346960,卖盘
09:36:41,27.98,0.03,60,167820,买盘
09:36:44,27.98,0.0,271,758930,卖盘
09:36:47,27.99,0.01,159,446901,买盘
09:36:50,28.0,0.01,243,680376,买盘
09:36:53,28.01,0.01,215,600375,买盘
09:36:54,28.03,0.02,189,531125,买盘
09:36:58,28.0,-0.03,68,190197,卖盘
09:37:02,28.02,0.02,121,339004,买盘
09:37:05,28.01,-0.01,60,167396,卖盘
09:37:08,28.01,0.0,50,141238,卖盘
09:37:11,28.01,0.0,273,764521,卖盘
09:37:14,27.95,-0.06,760,2125763,卖盘
09:37:15,27.97,0.02,488,1361905,买盘
09:37:20,27.95,-0.02,187,524875,卖盘
09:37:23,27.95,0.0,81,225878,卖盘
09:37:26,28.01,0.06,50,139191,买盘
09:37:29,28.01,0.0,82,229468,卖盘
09:37:32,28.0,-0.01,185,519213,中性盘
09:37:35,28.0,0.0,139,388978,卖盘
09:37:38,28.01,0.01,287,803062,买盘
09:37:41,28.01,0.0,152,424947,卖盘
09:37:44,28.01,0.0,419,1175255,买盘
09:37:47,28.01,0.0,159,443763,卖盘
09:37:50,28.01,0.0,82,231342,卖盘
09:37:53,28.02,0.01,218,610193,卖盘
09:37:56,28.01,-0.01,383,1074140,卖盘
09:37:59,28.01,0.0,69,191676,卖盘
09:38:02,28.01,0.0,169,473435,卖盘
09:38:05,28.0,-0.01,892,2499732,卖盘
09:38:08,28.01,0.01,175,490433,买盘
09:38:11,28.0,-0.01,75,210180,卖盘
09:38:14,28.0,0.0,40,109745,买盘
09:38:17,27.97,-0.03,90,251612,卖盘
09:38:20,28.0,0.03,109,305175,买盘
09:38:23,28.0,0.0,86,242774,买盘
09:38:26,27.97,-0.03,70,195604,卖盘
09:38:29,27.96,-0.01,97,269664,卖盘
09:38:32,27.98,0.02,311,871252,买盘
09:38:35,27.96,-0.02,31,86149,卖盘
09:38:38,27.96,0.0,144,403439,卖盘
09:38:41,27.96,0.0,557,1556518,买盘
09:38:43,27.95,-0.01,382,1066617,卖盘
09:38:48,27.95,0.0,1769,4946572,卖盘
09:38:50,27.95,0.0,95,265051,买盘
09:38:54,27.95,0.0,300,838544,买盘
09:38:56,27.95,0.0,603,1685605,买盘
09:38:59,27.95,0.0,689,1925339,卖盘
09:39:02,27.96,0.01,186,519916,买盘
09:39:05,27.95,-0.01,82,227450,卖盘
09:39:08,27.95,0.0,104,292881,卖盘
09:39:11,27.95,0.0,69,192597,卖盘
09:39:14,27.96,0.01,43,119062,买盘
09:39:17,27.95,-0.01,83,230777,卖盘
09:39:20,27.95,0.0,80,225144,卖盘
09:39:23,27.95,0.0,105,294670,买盘
09:39:26,27.95,0.0,64,178001,卖盘
09:39:29,27.94,-0.01,104,291597,卖盘
09:39:32,27.95,0.01,243,678027,买盘
09:39:35,27.95,0.0,93,259398,买盘
09:39:38,27.94,-0.01,383,1069925,卖盘
09:39:41,27.95,0.01,27,75467,买盘
09:39:44,27.95,0.0,104,290233,卖盘
09:39:47,27.96,0.01,77,214785,买盘
09:39:50,27.96,0.0,39,110273,买盘
09:39:53,27.95,-0.01,83,231778,卖盘
09:39:56,27.95,0.0,68,189056,卖盘
09:39:59,27.96,0.01,119,334332,买盘
09:40:02,27.95,-0.01,189,528101,卖盘
09:40:05,27.95,0.0,212,592036,买盘
09:40:08,27.95,0.0,89,248769,买盘
09:40:11,27.95,0.0,26,72842,卖盘
09:40:14,27.96,0.01,122,342452,买盘
09:40:18,27.96,0.0,70,195776,卖盘
09:40:20,27.97,0.01,79,220893,买盘
09:40:23,27.97,0.0,22,60844,中性盘
09:40:26,27.96,-0.01,81,226529,卖盘
09:40:29,27.98,0.02,126,352341,买盘
09:40:32,27.96,-0.02,138,385729,卖盘
09:40:35,27.97,0.01,46,127867,买盘
09:40:38,27.96,-0.01,250,698108,卖盘
09:40:41,27.96,0.0,60,170174,卖盘
09:40:44,27.96,0.0,89,246549,卖盘
09:40:47,27.96,0.0,25,71647,卖盘
09:40:50,27.97,0.01,148,413863,买盘
09:40:53,27.97,0.0,293,818301,买盘
09:40:56,27.97,0.0,55,153828,买盘
09:40:59,27.97,0.0,167,467981,卖盘
09:41:02,27.98,0.01,233,652195,中性盘
09:41:05,27.98,0.0,62,173508,卖盘
09:41:08,27.97,-0.01,21,58124,卖盘
09:41:11,27.99,0.02,17,46883,买盘
09:41:14,27.99,0.0,28,79057,卖盘
09:41:17,28.0,0.01,93,259785,买盘
09:41:20,27.99,-0.01,15,42573,卖盘
09:41:23,28.0,0.01,201,562777,买盘
09:41:26,28.0,0.0,358,1002212,买盘
09:41:29,28.0,0.0,150,419289,买盘
09:41:33,28.0,0.0,197,551165,卖盘
09:41:35,28.01,0.01,43,120897,买盘
09:41:38,28.01,0.0,64,180510,买盘
09:41:41,28.0,-0.01,77,216482,卖盘
09:41:44,28.01,0.01,27,75613,买盘
09:41:48,27.99,-0.02,550,1537832,卖盘
09:41:50,28.0,0.01,174,487760,买盘
09:41:53,27.99,-0.01,26,71576,卖盘
09:41:56,28.0,0.01,12,33605,中性盘
09:41:59,28.02,0.02,93,260627,买盘
09:42:02,28.0,-0.02,144,403737,中性盘
09:42:05,27.98,-0.02,137,383993,卖盘
09:42:08,28.0,0.02,101,281737,买盘
09:42:11,28.0,0.0,36,102466,卖盘
09:42:14,28.01,0.01,13,36715,买盘
09:42:17,28.0,-0.01,38,105607,卖盘
09:42:20,28.0,0.0,56,157346,卖盘
09:42:23,28.0,0.0,29,81220,卖盘
09:42:26,28.01,0.01,75,208496,买盘
09:42:29,28.02,0.01,37,103640,买盘
09:42:32,28.0,-0.02,143,402245,卖盘
09:42:35,28.01,0.01,30,84511,中性盘
09:42:38,28.01,0.0,83,230604,卖盘
09:42:40,28.02,0.01,51,143943,买盘
09:42:44,28.03,0.01,185,518807,买盘
09:42:48,28.01,-0.02,44,123592,卖盘
09:42:50,28.02,0.01,178,498764,买盘
09:42:53,28.01,-0.01,61,168653,卖盘
09:42:56,28.03,0.02,37,105297,买盘
09:42:59,28.02,-0.01,3,7594,卖盘
09:43:02,28.02,0.0,114,320819,卖盘
09:43:05,28.03,0.01,167,466808,买盘
09:43:08,28.0,-0.03,113,317654,卖盘
09:43:12,28.0,0.0,1350,3780154,卖盘
09:43:14,28.0,0.0,504,1409974,买盘
09:43:18,27.98,-0.02,137,383489,卖盘
09:43:20,27.98,0.0,94,262396,卖盘
09:43:23,28.0,0.02,128,358367,买盘
09:43:26,27.98,-0.02,39,109276,卖盘
09:43:29,28.0,0.02,50,140304,买盘
09:43:33,28.0,0.0,141,394449,买盘
09:43:35,28.0,0.0,39,108825,买盘
09:43:38,27.98,-0.02,70,195270,卖盘
09:43:41,27.99,0.01,58,161984,中性盘
09:43:44,27.99,0.0,366,1027149,卖盘
09:43:47,27.99,0.0,31,85822,卖盘
09:43:50,28.0,0.01,169,471393,买盘
09:43:53,28.0,0.0,115,323447,买盘
09:43:56,28.0,0.0,418,1169200,买盘
09:43:59,28.0,0.0,172,481463,卖盘
09:44:02,28.0,0.0,92,258717,卖盘
09:44:05,28.0,0.0,17,47128,卖盘
09:44:08,28.01,0.01,53,148421,买盘
09:44:11,28.0,-0.01,30,83550,卖盘
09:44:14,28.01,0.01,25,70011,买盘
09:44:18,28.0,-0.01,34,95118,卖盘
09:44:20,28.0,0.0,6,18872,卖盘
09:44:23,28.01,0.01,43,120432,买盘
09:44:26,28.0,-0.01,139,389359,卖盘
09:44:29,28.01,0.01,36,100827,买盘
09:44:33,28.0,-0.01,133,372499,卖盘
09:44:35,28.01,0.01,44,123238,买盘
09:44:38,28.01,0.0,101,280606,卖盘
09:44:41,28.01,0.0,238,669135,卖盘
09:44:44,28.0,-0.01,73,202752,卖盘
09:44:47,28.01,0.01,41,115969,买盘
09:44:50,28.01,0.0,180,502645,买盘
09:44:53,28.01,0.0,98,275169,买盘
09:44:56,28.0,-0.01,63,176935,卖盘
09:44:59,28.0,0.0,172,481229,卖盘
09:45:03,28.01,0.01,202,565090,买盘
09:45:05,28.01,0.0,53,148453,卖盘
09:45:08,28.01,0.0,94,262598,卖盘
09:45:11,28.0,-0.01,340,952367,卖盘
09:45:14,27.99,-0.01,142,399021,卖盘
09:45:17,27.99,0.0,130,364288,卖盘
09:45:20,27.99,0.0,255,711662,卖盘
09:45:23,27.98,-0.01,74,209289,卖盘
09:45:26,27.98,0.0,175,488042,卖盘
09:45:29,27.98,0.0,55,155953,卖盘
09:45:33,27.99,0.01,104,290224,买盘
09:45:35,27.98,-0.01,124,345350,卖盘
09:45:38,27.99,0.01,31,86764,买盘
09:45:41,27.98,-0.01,103,290168,卖盘
09:45:44,27.99,0.01,103,288361,买盘
09:45:47,27.98,-0.01,37,103560,卖盘
09:45:50,27.98,0.0,83,232185,卖盘
09:45:53,27.99,0.01,17,45645,买盘
09:45:56,27.98,-0.01,286,800440,卖盘
09:45:59,27.98,0.0,15,41971,卖盘
09:46:03,27.98,0.0,98,274204,卖盘
09:46:05,27.98,0.0,24,68202,买盘
09:46:08,27.98,0.0,146,408559,买盘
09:46:12,27.97,-0.01,373,1044716,卖盘
09:46:14,27.98,0.01,41,113077,买盘
09:46:18,27.98,0.0,16,43807,买盘
09:46:20,27.97,-0.01,26,73617,卖盘
09:46:23,27.98,0.01,446,1247163,买盘
09:46:26,27.98,0.0,22,62927,卖盘
09:46:29,27.98,0.0,33,91749,卖盘
09:46:33,27.98,0.0,130,364214,卖盘
09:46:35,27.98,0.0,60,167349,卖盘
09:46:38,27.98,0.0,72,202175,买盘
09:46:41,27.97,-0.01,69,192211,卖盘
09:46:44,27.99,0.02,52,145938,买盘
09:46:48,27.98,-0.01,37,103778,卖盘
09:46:50,27.98,0.0,125,349997,卖盘
09:46:53,27.98,0.0,61,169896,卖盘
09:46:56,27.98,0.0,121,338822,卖盘
09:46:59,27.98,0.0,14,39230,卖盘
09:47:03,27.97,-0.01,145,406266,卖盘
09:47:05,27.97,0.0,31,85361,卖盘
09:47:08,27.97,0.0,12,32986,卖盘
09:47:12,27.98,0.01,62,175427,买盘
09:47:14,27.97,-0.01,38,106293,卖盘
09:47:18,27.98,0.01,120,334699,买盘
09:47:20,27.98,0.0,64,178185,买盘
09:47:24,27.97,-0.01,134,374749,卖盘
09:47:26,27.98,0.01,243,679773,卖盘
09:47:29,27.98,0.0,45,128108,卖盘
09:47:33,27.98,0.0,128,357743,卖盘
09:47:35,27.98,0.0,132,368996,买盘
09:47:38,27.97,-0.01,37,102301,卖盘
09:47:41,27.98,0.01,38,106294,买盘
09:47:44,27.97,-0.01,1330,3720810,卖盘
09:47:48,27.95,-0.02,247,690758,卖盘
09:47:50,27.98,0.03,43,119630,买盘
09:47:53,27.96,-0.02,38,105039,卖盘
09:47:56,27.96,0.0,36,100664,买盘
09:47:59,27.97,0.01,17,48232,买盘
09:48:02,27.95,-0.02,262,733268,卖盘
09:48:05,27.96,0.01,71,198651,买盘
09:48:09,27.96,0.0,227,632943,买盘
09:48:12,27.96,0.0,47,130974,卖盘
09:48:15,27.96,0.0,44,123696,卖盘
09:48:17,27.96,0.0,25,71616,卖盘
09:48:20,27.97,0.01,52,145466,买盘
09:48:23,27.97,0.0,18,50346,卖盘
09:48:26,27.97,0.0,21,57202,卖盘
09:48:29,27.97,0.0,32,91111,卖盘
09:48:33,27.97,0.0,112,310751,卖盘
09:48:35,27.98,0.01,33,92303,买盘
09:48:39,27.97,-0.01,24,69739,卖盘
09:48:41,27.97,0.0,64,178924,卖盘
09:48:44,27.97,0.0,19,53143,卖盘
09:48:48,27.98,0.01,68,187872,买盘
09:48:50,27.97,-0.01,22,61717,卖盘
09:48:53,27.99,0.02,110,307808,买盘
09:48:56,27.98,-0.01,45,125899,中性盘
09:48:59,27.98,0.0,74,207209,买盘
09:49:02,27.97,-0.01,80,223931,卖盘
09:49:05,27.98,0.01,54,150826,买盘
09:49:09,27.97,-0.01,137,384836,卖盘
09:49:12,27.98,0.01,151,422498,买盘
09:49:14,27.98,0.0,69,191663,卖盘
09:49:18,27.98,0.0,37,103858,卖盘
09:49:20,27.99,0.01,323,905671,买盘
09:49:24,27.99,0.0,272,761020,卖盘
09:49:26,27.98,-0.01,528,1478445,卖盘
09:49:29,27.99,0.01,35,96605,卖盘
09:49:32,27.98,-0.01,183,512850,卖盘
09:49:35,27.99,0.01,19,53614,中性盘
09:49:38,28.0,0.01,36,99095,买盘
09:49:41,28.0,0.0,56,158434,买盘
09:49:44,27.99,-0.01,141,393058,卖盘
09:49:48,27.98,-0.01,33,92796,卖盘
09:49:50,27.99,0.01,5,13995,中性盘
09:49:53,27.99,0.0,31,87884,买盘
09:49:56,27.99,0.0,319,892875,买盘
09:49:59,27.99,0.0,37,102836,卖盘
09:50:02,28.0,0.01,380,1064325,买盘
09:50:05,28.0,0.0,21,57108,买盘
09:50:08,27.99,-0.01,69,193669,卖盘
09:50:12,27.99,0.0,2744,7684238,卖盘
09:50:14,27.99,0.0,106,296127,卖盘
09:50:18,28.0,0.01,88,246972,买盘
09:50:20,28.0,0.0,60,167216,卖盘
09:50:24,28.0,0.0,19,53451,卖盘
09:50:26,28.0,0.0,130,363533,买盘
09:50:29,28.0,0.0,22,63373,买盘
09:50:33,28.0,0.0,155,433942,买盘
09:50:35,27.99,-0.01,179,501275,卖盘
09:50:38,27.99,0.0,67,186981,卖盘
09:50:41,27.99,0.0,62,172703,卖盘
09:50:44,27.99,0.0,14,39056,卖盘
09:50:48,28.0,0.01,86,240462,买盘
09:50:50,27.98,-0.02,13,36388,卖盘
09:50:53,27.99,0.01,56,156779,卖盘
09:50:56,28.0,0.01,310,867691,买盘
09:50:59,27.99,-0.01,34,95171,卖盘
09:51:03,28.0,0.01,173,484240,买盘
09:51:05,28.0,0.0,49,137154,买盘
09:51:08,27.99,-0.01,60,167930,卖盘
09:51:12,27.98,-0.01,40,111954,卖盘
09:51:14,28.0,0.02,132,369489,买盘
09:51:18,27.99,-0.01,11,30789,卖盘
09:51:20,27.98,-0.01,458,1282734,卖盘
09:51:24,27.97,-0.01,549,1534685,卖盘
09:51:26,27.97,0.0,56,156679,卖盘
09:51:29,27.98,0.01,73,204237,买盘
09:51:33,27.98,0.0,110,307682,买盘
09:51:35,27.99,0.01,200,559683,买盘
09:51:38,27.98,-0.01,21,58758,卖盘
09:51:41,27.98,0.0,75,209883,卖盘
09:51:44,27.99,0.01,10,27983,买盘
09:51:48,27.99,0.0,19,53166,买盘
09:51:50,27.98,-0.01,5,13990,卖盘
09:51:53,27.99,0.01,83,232236,买盘
09:51:56,27.98,-0.01,100,279820,卖盘
09:51:59,27.98,0.0,68,190299,卖盘
09:52:03,27.97,-0.01,77,215374,卖盘
09:52:05,27.98,0.01,99,276915,买盘
09:52:08,27.98,0.0,233,651726,买盘
09:52:12,27.97,-0.01,34,95111,卖盘
09:52:14,27.97,0.0,116,324464,卖盘
09:52:18,27.97,0.0,167,468497,卖盘
09:52:20,27.98,0.01,100,279721,买盘
09:52:23,27.97,-0.01,12,33564,卖盘
09:52:26,27.98,0.01,7,19586,买盘
09:52:29,27.97,-0.01,267,746811,卖盘
09:52:33,27.98,0.01,88,246141,买盘
09:52:35,27.98,0.0,258,720485,买盘
09:52:38,27.98,0.0,37,103526,卖盘
09:52:41,27.98,0.0,11,30779,卖盘
09:52:44,27.98,0.0,27,75546,卖盘
09:52:48,27.97,-0.01,3031,8475323,卖盘
09:52:50,27.97,0.0,25,69901,买盘
09:52:53,27.97,0.0,15,41946,买盘
09:52:56,27.96,-0.01,39,109108,卖盘
09:52:59,27.97,0.01,39,109051,中性盘
09:53:03,27.96,-0.01,125,349526,卖盘
09:53:05,27.98,0.02,163,455993,买盘
09:53:08,27.98,0.0,27,75546,卖盘
09:53:12,27.98,0.0,30,83912,买盘
09:53:14,27.97,-0.01,5,13986,卖盘
09:53:18,27.97,0.0,148,414066,卖盘
09:53:20,27.98,0.01,26,72732,买盘
09:53:24,27.98,0.0,2,5596,买盘
09:53:26,27.98,0.0,38,106324,买盘
09:53:29,27.97,-0.01,62,173414,卖盘
09:53:32,27.97,0.0,68,190158,卖盘
09:53:35,27.97,0.0,28,78310,买盘
09:53:38,27.96,-0.01,47,131455,卖盘
09:53:41,27.97,0.01,48,134269,买盘
09:53:44,27.95,-0.02,2257,6309083,卖盘
09:53:48,27.95,0.0,39,108985,买盘
09:53:50,27.95,0.0,20,55900,买盘
09:53:54,27.95,0.0,18,50302,买盘
09:53:56,27.95,0.0,15,41925,买盘
09:54:00,27.95,0.0,145,405170,买盘
09:54:03,27.95,0.0,252,704121,买盘
09:54:05,27.95,0.0,19,53099,买盘
09:54:08,27.95,0.0,43,120161,买盘
09:54:12,27.94,-0.01,1013,2831645,卖盘
09:54:14,27.94,0.0,38,106169,买盘
09:54:18,27.94,0.0,8,22346,买盘
09:54:20,27.94,0.0,41,114551,买盘
09:54:24,27.94,0.0,45,125710,买盘
09:54:26,27.94,0.0,62,173214,买盘
09:54:30,27.93,-0.01,69,192751,卖盘
09:54:33,27.94,0.01,80,223454,买盘
09:54:35,27.94,0.0,312,871445,买盘
09:54:38,27.92,-0.02,1049,2928811,卖盘
09:54:41,27.93,0.01,70,195482,买盘
09:54:44,27.92,-0.01,19,53060,卖盘
09:54:48,27.92,0.0,73,203916,卖盘
09:54:50,27.92,0.0,58,161965,卖盘
09:54:53,27.92,0.0,33,92127,中性盘
09:54:56,27.91,-0.01,67,187056,卖盘
09:55:00,27.93,0.02,324,904539,买盘
09:55:04,27.91,-0.02,150,418701,卖盘
09:55:05,27.92,0.01,60,167520,中性盘
09:55:08,27.92,0.0,64,178692,卖盘
09:55:12,27.93,0.01,123,343504,买盘
09:55:14,27.92,-0.01,198,552853,卖盘
09:55:18,27.92,0.0,178,497001,卖盘
09:55:20,27.92,0.0,192,536064,买盘
09:55:24,27.92,0.0,100,279171,买盘
09:55:26,27.93,0.01,35,97750,买盘
09:55:29,27.94,0.01,101,282069,买盘
09:55:33,27.93,-0.01,147,410447,卖盘
09:55:35,27.93,0.0,34,94959,买盘
09:55:40,27.94,0.01,24,67030,买盘
09:55:41,27.93,-0.01,568,1587070,中性盘
09:55:44,27.94,0.01,362,1011705,中性盘
09:55:47,27.94,0.0,49,136913,卖盘
09:55:50,27.95,0.01,591,1650236,买盘
09:55:53,27.94,-0.01,22,61484,卖盘
09:55:56,27.95,0.01,34,95013,中性盘
09:55:59,27.97,0.02,39,109053,买盘
09:56:02,27.97,0.0,88,245978,买盘
09:56:05,27.96,-0.01,10,27960,买盘
09:56:08,27.96,0.0,11,30756,买盘
09:56:12,27.95,-0.01,248,693171,卖盘
09:56:14,27.95,0.0,75,209648,卖盘
09:56:18,27.95,0.0,180,503119,卖盘
09:56:20,27.95,0.0,222,620527,卖盘
09:56:24,27.96,0.01,1,2796,卖盘
09:56:26,27.96,0.0,111,310446,卖盘
09:56:29,27.96,0.0,13,36348,卖盘
09:56:32,27.96,0.0,125,349466,卖盘
09:56:36,27.97,0.01,38,106262,买盘
09:56:38,27.96,-0.01,109,304818,买盘
09:56:41,27.97,0.01,24,67128,买盘
09:56:44,27.97,0.0,31,86677,买盘
09:56:47,27.97,0.0,18,50340,买盘
09:56:51,27.96,-0.01,9,25166,卖盘
09:56:53,27.96,0.0,66,184565,卖盘
09:56:56,27.95,-0.01,111,310350,卖盘
09:56:59,27.97,0.02,53,148199,买盘
09:57:03,27.97,0.0,118,329948,卖盘
09:57:05,27.96,-0.01,5,13980,买盘
09:57:08,27.95,-0.01,398,1112566,卖盘
09:57:12,27.95,0.0,7,19565,卖盘
09:57:14,27.96,0.01,38,106211,买盘
09:57:17,27.95,-0.01,23,64315,卖盘
09:57:21,27.95,0.0,26,72687,卖盘
09:57:23,27.97,0.02,194,542416,买盘
09:57:26,27.98,0.01,39,109083,买盘
09:57:29,27.96,-0.02,16,44742,卖盘
09:57:33,27.96,0.0,22,61518,买盘
09:57:35,27.96,0.0,22,61504,买盘
09:57:38,27.95,-0.01,205,572975,卖盘
09:57:41,27.96,0.01,116,324322,买盘
09:57:44,27.96,0.0,2,5592,卖盘
09:57:47,27.94,-0.02,124,346598,卖盘
09:57:50,27.95,0.01,131,366167,买盘
09:57:53,27.95,0.0,4,11180,买盘
09:57:56,27.94,-0.01,24,67077,卖盘
09:58:00,27.95,0.01,7,19564,卖盘
09:58:03,27.96,0.01,233,651252,买盘
09:58:05,27.95,-0.01,12,33540,卖盘
09:58:08,27.94,-0.01,138,385578,卖盘
09:58:12,27.95,0.01,42,117373,买盘
09:58:14,27.94,-0.01,83,231903,卖盘
09:58:18,27.94,0.0,35,97788,买盘
09:58:20,27.94,0.0,13,36322,买盘
09:58:23,27.94,0.0,33,92217,卖盘
09:58:26,27.95,0.01,3,8385,买盘
09:58:29,27.95,0.0,75,209568,买盘
09:58:33,27.94,-0.01,79,220734,卖盘
09:58:36,27.95,0.01,105,293421,买盘
09:58:38,27.94,-0.01,80,223520,中性盘
09:58:42,27.94,0.0,85,237490,买盘
09:58:44,27.94,0.0,344,960803,买盘
09:58:47,27.93,-0.01,86,240242,卖盘
09:58:50,27.94,0.01,126,352013,买盘
09:58:53,27.95,0.01,193,539308,买盘
09:58:56,27.94,-0.01,76,212344,卖盘
09:59:00,27.95,0.01,1,2795,买盘
09:59:03,27.93,-0.02,91,254250,卖盘
09:59:05,27.94,0.01,47,131318,买盘
09:59:08,27.93,-0.01,78,217930,卖盘
09:59:11,27.9,-0.03,7451,20792716,卖盘
09:59:14,27.9,0.0,77,214830,买盘
09:59:17,27.9,0.0,110,306854,买盘
09:59:20,27.9,0.0,62,172958,买盘
09:59:24,27.9,0.0,37,103196,买盘
09:59:26,27.9,0.0,42,117180,买盘
09:59:29,27.89,-0.01,26,72519,卖盘
09:59:32,27.9,0.01,165,460264,买盘
09:59:36,27.89,-0.01,43,119944,卖盘
09:59:38,27.89,0.0,269,750275,卖盘
09:59:41,27.89,0.0,100,278900,买盘
09:59:44,27.89,0.0,50,139426,买盘
09:59:48,27.89,0.0,85,237032,买盘
09:59:50,27.88,-0.01,342,953507,卖盘
09:59:54,27.88,0.0,666,1856849,卖盘
09:59:56,27.89,0.01,322,897799,买盘
10:00:00,27.89,0.0,221,616320,买盘
10:00:02,27.88,-0.01,203,566004,卖盘
10:00:05,27.88,0.0,434,1210032,卖盘
10:00:08,27.88,0.0,41,114314,卖盘
10:00:12,27.88,0.0,18,50189,卖盘
10:00:14,27.88,0.0,85,236998,买盘
10:00:18,27.88,0.0,93,259267,买盘
10:00:20,27.88,0.0,50,139384,卖盘
10:00:23,27.88,0.0,21,58548,卖盘
10:00:26,27.88,0.0,75,209105,卖盘
10:00:29,27.88,0.0,126,351279,卖盘
10:00:33,27.88,0.0,124,345653,买盘
10:00:36,27.88,0.0,201,560491,卖盘
10:00:38,27.89,0.01,256,713974,买盘
10:00:41,27.89,0.0,417,1162761,买盘
10:00:44,27.9,0.01,265,739021,买盘
10:00:47,27.89,-0.01,168,468407,中性盘
10:00:50,27.88,-0.01,201,560460,卖盘
10:00:53,27.88,0.0,308,859131,卖盘
10:00:56,27.88,0.0,139,387572,卖盘
10:01:00,27.88,0.0,370,1031704,卖盘
10:01:02,27.89,0.01,178,496284,买盘
10:01:06,27.89,0.0,475,1324351,买盘
10:01:08,27.88,-0.01,134,373609,卖盘
10:01:11,27.89,0.01,92,256565,买盘
10:01:13,27.88,-0.01,222,618948,卖盘
10:01:17,27.89,0.01,37,103188,买盘
10:01:20,27.89,0.0,1140,3178350,买盘
10:01:24,27.88,-0.01,63,175654,卖盘
10:01:26,27.89,0.01,295,822479,买盘
10:01:29,27.89,0.0,132,368108,买盘
10:01:33,27.88,-0.01,151,421051,卖盘
10:01:35,27.89,0.01,320,892884,买盘
10:01:38,27.89,0.0,62,172910,买盘
10:01:41,27.89,0.0,131,365344,买盘
10:01:44,27.89,0.0,744,2074363,买盘
10:01:47,27.89,0.0,72,200799,买盘
10:01:50,27.89,0.0,237,660774,买盘
10:01:54,27.89,0.0,45,125489,买盘
10:01:56,27.89,0.0,123,343031,买盘
10:02:00,27.89,0.0,82,228674,买盘
10:02:03,27.88,-0.01,357,995466,卖盘
10:02:05,27.88,0.0,492,1371815,卖盘
10:02:06,27.9,0.02,21,58575,买盘
10:02:12,27.89,-0.01,60,167340,卖盘
10:02:14,27.88,-0.01,90,251001,卖盘
10:02:18,27.9,0.02,36,100417,买盘
10:02:20,27.89,-0.01,268,747367,卖盘
10:02:24,27.89,0.0,1008,2812312,卖盘
10:02:26,27.9,0.01,2065,5761305,买盘
10:02:29,27.9,0.0,35,97662,卖盘
10:02:32,27.9,0.0,231,644490,卖盘
10:02:35,27.9,0.0,94,262287,卖盘
10:02:38,27.9,0.0,512,1428471,买盘
10:02:41,27.9,0.0,154,429665,卖盘
10:02:44,27.92,0.02,28,78122,买盘
10:02:47,27.92,0.0,665,1854755,买盘
10:02:50,27.91,-0.01,223,622031,中性盘
10:02:53,27.91,0.0,12,33491,买盘
10:02:56,27.91,0.0,5,13955,买盘
10:02:59,27.91,0.0,37,103266,买盘
10:03:03,27.9,-0.01,147,410169,卖盘
10:03:04,27.91,0.01,190,530136,买盘
10:03:08,27.9,-0.01,36,100445,卖盘
10:03:11,27.91,0.01,22,61402,买盘
10:03:14,27.91,0.0,89,248363,买盘
10:03:16,27.91,0.0,65,181415,买盘
10:03:18,27.92,0.01,75,209262,买盘
10:03:24,27.91,-0.01,83,231653,卖盘
10:03:26,27.92,0.01,105,293106,买盘
10:03:29,27.92,0.0,27,75384,买盘
10:03:33,27.91,-0.01,666,1860857,卖盘
10:03:35,27.94,0.03,259,723067,买盘
10:03:37,27.94,0.0,218,609645,卖盘
10:03:40,27.94,0.0,19,53086,卖盘
10:03:43,27.94,0.0,30,83837,卖盘
10:03:47,27.95,0.01,34,95015,买盘
10:03:50,27.94,-0.01,190,530871,卖盘
10:03:53,27.95,0.01,32,89433,买盘
10:03:56,27.94,-0.01,79,220749,中性盘
10:03:59,27.96,0.02,15,41930,买盘
10:04:02,27.95,-0.01,182,508690,卖盘
10:04:05,27.96,0.01,110,307461,买盘
10:04:08,27.96,0.0,236,659718,买盘
10:04:11,27.96,0.0,54,150984,卖盘
10:04:15,27.95,-0.01,73,204092,卖盘
10:04:15,27.96,0.01,61,170548,买盘
10:04:20,27.96,0.0,137,383024,卖盘
10:04:23,27.96,0.0,23,64306,买盘
10:04:26,27.96,0.0,41,114636,买盘
10:04:29,27.96,0.0,25,69900,卖盘
10:04:32,27.96,0.0,144,402607,买盘
10:04:35,27.96,0.0,111,310356,买盘
10:04:38,27.97,0.01,47,131413,买盘
10:04:40,27.97,0.0,2,5593,买盘
10:04:44,27.97,0.0,291,813927,买盘
10:04:47,27.97,0.0,57,159440,卖盘
10:04:50,27.96,-0.01,191,534187,卖盘
10:04:53,27.96,0.0,45,125876,卖盘
10:04:56,27.98,0.02,49,137088,买盘
10:04:59,27.97,-0.01,25,69925,卖盘
10:05:03,27.96,-0.01,152,425106,卖盘
10:05:06,27.97,0.01,22,61534,买盘
10:05:10,27.97,0.0,133,371979,买盘
10:05:14,27.96,-0.01,35,97880,卖盘
10:05:15,27.97,0.01,80,223750,买盘
10:05:20,27.96,-0.01,61,170587,卖盘
10:05:21,27.96,0.0,15,41940,买盘
10:05:26,27.97,0.01,32,89484,买盘
10:05:29,27.96,-0.01,37,103447,卖盘
10:05:32,27.97,0.01,115,321482,买盘
10:05:35,27.97,0.0,187,522943,买盘
10:05:37,27.97,0.0,6,16782,卖盘
10:05:41,27.97,0.0,96,268520,卖盘
10:05:44,27.97,0.0,39,109098,卖盘
10:05:45,27.98,0.01,27,75543,买盘
10:05:50,27.97,-0.01,272,760987,卖盘
10:05:51,27.97,0.0,1,2797,买盘
10:05:54,27.97,0.0,76,212571,买盘
10:05:59,27.97,0.0,33,92301,买盘
10:06:00,27.96,-0.01,298,833376,卖盘
10:06:05,27.97,0.01,79,220902,买盘
10:06:08,27.97,0.0,43,120242,买盘
10:06:11,27.97,0.0,18,50333,买盘
10:06:14,27.96,-0.01,21,58716,卖盘
10:06:17,27.97,0.01,79,220963,买盘
10:06:18,27.96,-0.01,88,246061,卖盘
10:06:23,27.96,0.0,14,39144,中性盘
10:06:26,27.97,0.01,70,195729,买盘
10:06:29,27.95,-0.02,9,25166,卖盘
10:06:32,27.97,0.02,113,315899,买盘
10:06:33,27.95,-0.02,1049,2935069,卖盘
10:06:40,27.97,0.02,77,215248,买盘
10:06:44,27.97,0.0,11,30767,卖盘
10:06:48,27.98,0.01,39,109065,买盘
10:06:50,27.97,-0.01,49,137005,中性盘
10:06:53,27.97,0.0,103,288061,买盘
10:06:56,27.97,0.0,46,128647,买盘
10:06:59,27.97,0.0,69,192982,买盘
10:07:03,27.96,-0.01,120,335541,卖盘
10:07:04,27.96,0.0,12,33552,买盘
10:07:08,27.96,0.0,24,67104,买盘
10:07:10,27.95,-0.01,2,5591,卖盘
10:07:14,27.95,0.0,23,64289,卖盘
10:07:17,27.95,0.0,110,307465,卖盘
10:07:20,27.95,0.0,83,232005,卖盘
10:07:23,27.96,0.01,126,352225,买盘
10:07:27,27.96,0.0,35,97851,买盘
10:07:29,27.95,-0.01,17,47521,卖盘
10:07:32,27.95,0.0,104,290687,卖盘
10:07:35,27.95,0.0,80,223618,卖盘
10:07:38,27.95,0.0,100,279500,卖盘
10:07:41,27.95,0.0,23,64285,卖盘
10:07:44,27.95,0.0,74,206830,卖盘
10:07:47,27.95,0.0,84,234780,买盘
10:07:48,27.95,0.0,46,128570,买盘
10:07:56,27.95,0.0,45,125774,买盘
10:07:58,27.95,0.0,16,44716,买盘
10:08:02,27.94,-0.01,284,793633,卖盘
10:08:05,27.94,0.0,137,382842,卖盘
10:08:08,27.95,0.01,4,11180,买盘
10:08:11,27.94,-0.01,70,195647,卖盘
10:08:14,27.94,0.0,22,61468,卖盘
10:08:17,27.95,0.01,9,25155,买盘
10:08:20,27.95,0.0,85,237495,买盘
10:08:21,27.95,0.0,95,265515,买盘
10:08:26,27.95,0.0,23,64272,买盘
10:08:28,27.95,0.0,65,181623,买盘
10:08:32,27.95,0.0,184,514146,买盘
10:08:35,27.94,-0.01,68,190005,卖盘
10:08:37,27.95,0.01,31,86645,买盘
10:08:41,27.95,0.0,15,41925,买盘
10:08:44,27.94,-0.01,11,30742,卖盘
10:08:47,27.95,0.01,54,150930,买盘
10:08:50,27.95,0.0,151,421917,买盘
10:08:51,27.96,0.01,21,58698,买盘
10:08:56,27.96,0.0,43,120219,买盘
10:08:59,27.95,-0.01,12,33540,卖盘
10:09:02,27.95,0.0,95,265533,卖盘
10:09:05,27.95,0.0,109,304655,买盘
10:09:06,27.95,0.0,107,299066,卖盘
10:09:11,27.95,0.0,172,480855,买盘
10:09:14,27.97,0.02,160,447325,买盘
10:09:17,27.94,-0.03,6,16764,卖盘
10:09:20,27.95,0.01,34,95031,卖盘
10:09:21,27.97,0.02,96,268235,买盘
10:09:26,27.95,-0.02,20,55930,卖盘
10:09:29,27.96,0.01,104,290718,中性盘
10:09:33,27.96,0.0,93,259945,买盘
10:09:35,27.96,0.0,72,201261,买盘
10:09:38,27.96,0.0,3,8388,买盘
10:09:41,27.97,0.01,95,265692,买盘
10:09:47,27.97,0.0,49,137053,买盘
10:09:50,27.96,-0.01,64,178944,卖盘
10:09:53,27.96,0.0,29,81091,卖盘
10:09:56,27.97,0.01,20,55938,买盘
10:09:59,27.97,0.0,199,556603,买盘
10:10:02,27.97,0.0,185,517314,买盘
10:10:05,27.97,0.0,47,131459,卖盘
10:10:08,27.98,0.01,61,170619,买盘
10:10:09,27.97,-0.01,28,78332,卖盘
10:10:14,27.97,0.0,17,47548,卖盘
10:10:17,27.98,0.01,76,212585,买盘
10:10:20,27.97,-0.01,49,137055,卖盘
10:10:23,27.98,0.01,73,204155,买盘
10:10:26,27.97,-0.01,76,212644,卖盘
10:10:29,27.98,0.01,364,1018471,买盘
10:10:32,27.98,0.0,100,279716,买盘
10:10:33,27.97,-0.01,61,170632,卖盘
10:10:38,27.98,0.01,8,22384,买盘
10:10:41,27.98,0.0,5,13989,买盘
10:10:44,27.97,-0.01,43,120307,卖盘
10:10:45,27.98,0.01,55,153893,买盘
10:10:50,27.99,0.01,1153,3226982,买盘
10:10:54,27.99,0.0,42,117527,买盘
10:10:56,27.97,-0.02,224,626613,卖盘
10:10:59,27.99,0.02,62,173468,买盘
10:11:02,27.99,0.0,151,422515,买盘
10:11:05,27.98,-0.01,113,316218,卖盘
10:11:08,27.99,0.01,320,895505,买盘
10:11:11,27.99,0.0,3,8397,买盘
10:11:14,27.99,0.0,25,69953,买盘
10:11:17,27.98,-0.01,18,50375,卖盘
10:11:20,27.98,0.0,426,1192317,卖盘
10:11:21,27.99,0.01,74,207058,买盘
10:11:24,28.0,0.01,27,75586,买盘
10:11:29,28.0,0.0,1572,4401522,买盘
10:11:32,28.0,0.0,867,2427445,买盘
10:11:33,27.99,-0.01,762,2133552,卖盘
10:11:38,28.0,0.01,106,296506,买盘
10:11:41,27.99,-0.01,359,1005520,卖盘
10:11:43,28.01,0.02,933,2613678,买盘
10:11:47,28.05,0.04,33,92535,买盘
10:11:50,28.01,-0.04,402,1126374,卖盘
10:11:53,28.01,0.0,62,173659,买盘
10:11:56,28.01,0.0,147,411742,买盘
10:11:59,28.01,0.0,66,184866,买盘
10:12:02,28.01,0.0,425,1190162,买盘
10:12:05,28.0,-0.01,316,884893,卖盘
10:12:08,28.06,0.06,130,364589,买盘
10:12:11,28.04,-0.02,58,162568,买盘
10:12:14,28.02,-0.02,178,498838,中性盘
10:12:17,28.06,0.04,32,89780,买盘
10:12:20,28.01,-0.05,468,1310956,卖盘
10:12:21,28.06,0.05,292,819040,买盘
10:12:24,28.02,-0.04,194,544372,卖盘
10:12:29,28.08,0.06,100,280624,买盘
10:12:32,28.04,-0.04,60,168176,卖盘
10:12:35,28.02,-0.02,280,784872,卖盘
10:12:38,28.06,0.04,19,53292,买盘
10:12:41,28.06,0.0,3,8418,卖盘
10:12:44,28.05,-0.01,14,39283,卖盘
10:12:47,28.06,0.01,43,120658,买盘
10:12:48,28.05,-0.01,138,387198,卖盘
10:12:51,28.05,0.0,90,252477,卖盘
10:12:54,28.02,-0.03,63,176675,卖盘
10:12:59,28.06,0.04,132,370316,买盘
10:13:01,28.04,-0.02,146,409524,卖盘
10:13:05,28.03,-0.01,41,114982,卖盘
10:13:08,28.05,0.02,351,984797,买盘
10:13:09,28.06,0.01,35,98187,买盘
10:13:14,28.06,0.0,14,39271,买盘
10:13:15,28.06,0.0,58,162692,买盘
10:13:20,28.05,-0.01,133,373085,卖盘
10:13:23,28.05,0.0,178,499290,卖盘
10:13:26,28.06,0.01,284,796696,买盘
10:13:28,28.06,0.0,107,300202,买盘
10:13:32,28.06,0.0,616,1728257,买盘
10:13:35,28.04,-0.02,332,931891,卖盘
10:13:37,28.04,0.0,72,201913,买盘
10:13:41,28.04,0.0,13,36452,买盘
10:13:43,28.04,0.0,28,78512,买盘
10:13:45,28.05,0.01,154,431800,买盘
10:13:50,28.03,-0.02,271,759798,卖盘
10:13:53,28.05,0.02,14,39244,买盘
10:13:54,28.03,-0.02,26,72901,卖盘
10:13:59,28.04,0.01,27,75702,买盘
10:14:02,28.04,0.0,102,285855,买盘
10:14:05,28.04,0.0,153,428886,买盘
10:14:08,28.04,0.0,47,131788,买盘
10:14:11,28.04,0.0,14,39256,卖盘
10:14:13,28.05,0.01,47,131785,买盘
10:14:17,28.05,0.0,31,86927,买盘
10:14:18,28.03,-0.02,181,507395,卖盘
10:14:23,28.04,0.01,235,659116,买盘
10:14:26,28.03,-0.01,29,81314,卖盘
10:14:29,28.04,0.01,236,661329,买盘
10:14:32,28.03,-0.01,75,210168,卖盘
10:14:35,28.04,0.01,16,44853,买盘
10:14:38,28.02,-0.02,58,162570,中性盘
10:14:41,28.02,0.0,117,327883,买盘
10:14:44,28.03,0.01,52,145741,买盘
10:14:45,28.03,0.0,56,156968,买盘
10:14:50,28.02,-0.01,103,288612,卖盘
10:14:53,28.02,0.0,35,98073,卖盘
10:14:56,28.0,-0.02,1849,5177570,卖盘
10:14:59,28.0,0.0,85,237999,买盘
10:15:02,28.0,0.0,77,215533,买盘
10:15:04,27.99,-0.01,62,173563,卖盘
10:15:08,27.99,0.0,115,321885,买盘
10:15:11,27.99,0.0,8,22392,买盘
10:15:14,27.99,0.0,208,582181,买盘
10:15:17,28.0,0.01,19,53186,买盘
10:15:18,27.98,-0.02,505,1413741,卖盘
10:15:21,28.0,0.02,13,36400,买盘
10:15:26,28.0,0.0,49,137200,买盘
10:15:29,28.0,0.0,73,204400,卖盘
10:15:32,28.0,0.0,17,47600,买盘
10:15:35,27.99,-0.01,13,36397,卖盘
10:15:38,28.0,0.01,121,338784,买盘
10:15:41,28.0,0.0,34,95192,买盘
10:15:43,28.0,0.0,129,361178,买盘
10:15:47,28.0,0.0,81,226665,买盘
10:15:50,27.99,-0.01,43,120357,卖盘
10:15:53,28.0,0.01,63,176338,买盘
10:15:56,27.98,-0.02,45,125947,卖盘
10:15:58,27.98,0.0,114,318983,卖盘
10:16:01,27.98,0.0,92,257367,卖盘
10:16:05,27.99,0.01,26,72749,买盘
10:16:08,27.99,0.0,97,271442,买盘
10:16:09,27.98,-0.01,77,215467,卖盘
10:16:14,27.99,0.01,39,109132,买盘
10:16:17,27.99,0.0,150,419706,买盘
10:16:20,27.99,0.0,263,736136,买盘
10:16:23,27.99,0.0,92,257435,买盘
10:16:26,27.99,0.0,63,176336,买盘
10:16:28,27.98,-0.01,71,198694,卖盘
10:16:32,27.99,0.01,97,271439,中性盘
10:16:35,27.99,0.0,158,442242,买盘
10:16:38,27.98,-0.01,67,187466,卖盘
10:16:40,27.98,0.0,72,201456,买盘
10:16:44,27.98,0.0,28,78344,买盘
10:16:47,27.98,0.0,120,335760,买盘
10:16:50,27.99,0.01,46,128743,买盘
10:16:53,27.99,0.0,110,307766,买盘
10:16:56,27.98,-0.01,54,151144,卖盘
10:16:59,27.99,0.01,35,97955,买盘
10:17:02,27.98,-0.01,155,433717,卖盘
10:17:05,27.99,0.01,79,221092,买盘
10:17:08,28.0,0.01,177,495437,买盘
10:17:11,27.99,-0.01,519,1453183,卖盘
10:17:13,28.02,0.03,332,929620,买盘
10:17:17,28.0,-0.02,41,114802,卖盘
10:17:20,28.0,0.0,515,1442016,卖盘
10:17:23,28.01,0.01,84,235284,中性盘
10:17:24,28.01,0.0,90,252090,买盘
10:17:28,28.02,0.01,50,140043,买盘
10:17:32,28.03,0.01,68,190465,买盘
10:17:35,28.01,-0.02,93,260480,买盘
10:17:38,28.0,-0.01,180,504000,卖盘
10:17:41,28.0,0.0,27,75598,买盘
10:17:44,28.0,0.0,46,128800,买盘
10:17:47,28.0,0.0,26,72800,买盘
10:17:50,27.96,-0.04,1199,3353943,卖盘
10:17:53,27.96,0.0,107,299171,买盘
10:17:56,27.96,0.0,57,159371,买盘
10:17:59,27.96,0.0,86,240456,买盘
10:18:01,27.96,0.0,213,595451,买盘
10:18:05,27.95,-0.01,395,1104233,卖盘
10:18:08,27.96,0.01,239,668021,买盘
10:18:11,27.96,0.0,3315,9268739,买盘
10:18:14,27.97,0.01,56,156661,中性盘
10:18:15,27.96,-0.01,18,50338,卖盘
10:18:20,28.0,0.04,13,36373,买盘
10:18:23,27.97,-0.03,212,592962,卖盘
10:18:26,28.0,0.03,516,1443251,买盘
10:18:29,27.99,-0.01,13,36398,卖盘
10:18:31,28.0,0.01,10,27997,买盘
10:18:35,27.99,-0.01,6,16794,买盘
10:18:38,27.97,-0.02,73,204180,卖盘
10:18:41,27.97,0.0,27,75511,买盘
10:18:44,27.97,0.0,31,86707,买盘
10:18:47,27.98,0.01,135,377525,买盘
10:18:50,27.97,-0.01,25,69931,卖盘
10:18:53,27.97,0.0,21,58737,卖盘
10:18:56,27.99,0.02,18,50382,卖盘
10:18:58,27.97,-0.02,10,27978,卖盘
10:19:02,27.97,0.0,254,710471,卖盘
10:19:05,27.97,0.0,91,254580,买盘
10:19:08,27.99,0.02,91,254626,买盘
10:19:11,27.99,0.0,2,5598,买盘
10:19:14,27.98,-0.01,4,11191,中性盘
10:19:17,27.97,-0.01,59,165029,卖盘
10:19:20,27.97,0.0,53,148279,买盘
10:19:23,27.97,0.0,11,30767,买盘
10:19:24,27.97,0.0,22,61534,买盘
10:19:29,27.96,-0.01,561,1568601,卖盘
10:19:31,27.95,-0.01,91,254368,卖盘
10:19:35,27.96,0.01,10,27960,买盘
10:19:37,27.96,0.0,32,89454,买盘
10:19:40,27.96,0.0,59,164964,买盘
10:19:44,27.96,0.0,2,5592,买盘
10:19:47,27.95,-0.01,24,67091,卖盘
10:19:50,27.95,0.0,255,712765,卖盘
10:19:52,27.95,0.0,123,343786,卖盘
10:19:56,27.95,0.0,20,55919,卖盘
10:19:58,27.96,0.01,6,16776,买盘
10:20:02,27.96,0.0,227,634486,买盘
10:20:05,27.97,0.01,4,11185,买盘
10:20:08,27.97,0.0,72,201316,买盘
10:20:09,27.97,0.0,60,167812,买盘
10:20:14,27.98,0.01,81,226626,买盘
10:20:17,27.98,0.0,38,106318,买盘
10:20:18,27.96,-0.02,169,472721,卖盘
10:20:23,27.97,0.01,116,324452,卖盘
10:20:26,28.0,0.03,20,55971,买盘
10:20:29,27.98,-0.02,10,27990,卖盘
10:20:32,27.97,-0.01,132,369334,卖盘
10:20:35,27.99,0.02,105,293746,买盘
10:20:38,27.97,-0.02,70,195865,卖盘
10:20:40,27.98,0.01,38,106324,买盘
10:20:43,27.98,0.0,4,11192,买盘
10:20:47,27.98,0.0,3,8394,中性盘
10:20:50,27.97,-0.01,48,134259,卖盘
10:20:51,27.99,0.02,197,551293,买盘
10:20:54,27.98,-0.01,3,8394,中性盘
10:21:00,27.99,0.01,30,83965,买盘
10:21:02,27.98,-0.01,75,209808,卖盘
10:21:05,27.97,-0.01,4,11190,卖盘
10:21:07,27.97,0.0,7,19584,卖盘
10:21:11,27.98,0.01,26,72748,买盘
10:21:14,27.97,-0.01,104,290987,卖盘
10:21:17,27.98,0.01,24,67147,中性盘
10:21:20,27.98,0.0,37,103560,卖盘
10:21:23,27.99,0.01,154,431039,买盘
10:21:24,28.0,0.01,151,422811,买盘
10:21:29,28.01,0.01,148,414539,买盘
10:21:32,28.0,-0.01,214,599529,卖盘
10:21:35,28.03,0.03,202,566193,买盘
10:21:37,27.99,-0.04,122,341914,卖盘
10:21:41,28.01,0.02,26,72824,买盘
10:21:43,28.02,0.01,51,142853,买盘
10:21:47,28.02,0.0,6,16812,买盘
10:21:50,28.03,0.01,33,92475,买盘
10:21:53,28.04,0.01,117,327734,买盘
10:21:56,28.03,-0.01,59,165400,卖盘
10:21:58,28.04,0.01,1,2804,卖盘
10:22:02,28.02,-0.02,38,106499,卖盘
10:22:05,28.03,0.01,3,8407,买盘
10:22:08,28.01,-0.02,81,226957,卖盘
10:22:11,28.04,0.03,47,131788,买盘
10:22:14,28.03,-0.01,24,67272,卖盘
10:22:17,28.04,0.01,12,33637,买盘
10:22:18,28.02,-0.02,21,58862,卖盘
10:22:23,28.03,0.01,15,42045,买盘
10:22:26,28.03,0.0,26,72868,买盘
10:22:29,28.04,0.01,17,47653,买盘
10:22:32,28.03,-0.01,10,28030,卖盘
10:22:35,28.03,0.0,29,81284,买盘
10:22:36,28.03,0.0,58,162565,买盘
10:22:40,28.03,0.0,87,243844,买盘
10:22:44,27.99,-0.04,876,2453135,卖盘
10:22:47,28.02,0.03,194,543080,中性盘
10:22:50,28.03,0.01,107,299832,买盘
10:22:53,27.98,-0.05,78,218319,卖盘
10:22:54,27.98,0.0,108,302276,卖盘
10:22:59,28.0,0.02,46,128774,买盘
10:23:02,28.02,0.02,47,131612,买盘
10:23:05,28.0,-0.02,95,266000,卖盘
10:23:08,27.99,-0.01,79,221181,卖盘
10:23:10,28.02,0.03,45,126009,买盘
10:23:13,28.01,-0.01,18,50403,中性盘
10:23:17,28.0,-0.01,31,86850,卖盘
10:23:20,27.99,-0.01,18,50392,卖盘
10:23:23,27.99,0.0,7,19597,卖盘
10:23:26,28.0,0.01,48,134401,买盘
10:23:29,27.99,-0.01,29,81192,卖盘
10:23:32,28.0,0.01,27,75594,买盘
10:23:33,28.0,0.0,12,33600,买盘
10:23:38,27.99,-0.01,27,75585,卖盘
10:23:41,28.01,0.02,54,151222,买盘
10:23:43,27.99,-0.02,71,198781,卖盘
10:23:47,28.0,0.01,227,635586,买盘
10:23:50,28.0,0.0,86,240805,买盘
10:23:53,28.0,0.0,59,165210,卖盘
10:23:56,28.0,0.0,176,492952,买盘
10:23:59,28.0,0.0,49,137185,买盘
10:24:02,28.02,0.02,83,232342,买盘
10:24:05,27.95,-0.07,1800,5032992,卖盘
10:24:08,27.95,0.0,982,2743849,买盘
10:24:11,27.95,0.0,356,994389,买盘
10:24:14,27.95,0.0,136,379917,买盘
10:24:17,27.92,-0.03,46,128445,中性盘
10:24:20,27.92,0.0,10,27920,买盘
10:24:21,27.95,0.03,581,1621798,买盘
10:24:24,27.9,-0.05,125,348933,卖盘
10:24:28,27.95,0.05,44,122912,买盘
10:24:32,27.92,-0.03,35,97762,卖盘
10:24:35,27.95,0.03,28,78191,买盘
10:24:38,27.92,-0.03,123,343422,卖盘
10:24:41,27.95,0.03,2599,7263818,买盘
10:24:43,27.91,-0.04,694,1939034,卖盘
10:24:47,27.91,0.0,145,404867,卖盘
10:24:50,27.92,0.01,29,80984,中性盘
10:24:53,27.92,0.0,17,47513,卖盘
10:24:56,27.95,0.03,44,122980,买盘
10:24:59,27.93,-0.02,23,64248,卖盘
10:25:02,27.94,0.01,44,122895,买盘
10:25:05,27.96,0.02,67,187222,买盘
10:25:08,27.93,-0.03,79,220677,卖盘
10:25:11,27.94,0.01,101,282096,买盘
10:25:13,27.97,0.03,4,11188,卖盘
10:25:17,27.93,-0.04,77,215090,卖盘
10:25:20,27.95,0.02,18,50309,中性盘
10:25:23,27.95,0.0,4,11180,买盘
10:25:26,27.95,0.0,42,117390,买盘
10:25:29,27.94,-0.01,83,231906,卖盘
10:25:32,27.94,0.0,116,324015,买盘
10:25:35,27.95,0.01,48,134139,买盘
10:25:37,27.93,-0.02,37,103367,卖盘
10:25:40,27.97,0.04,10,27968,买盘
10:25:44,27.97,0.0,3,8391,买盘
10:25:47,27.95,-0.02,23,64330,卖盘
10:25:50,27.95,0.0,6,16785,卖盘
10:25:53,27.96,0.01,55,153767,中性盘
10:25:56,27.98,0.02,2,5596,买盘
10:25:59,27.96,-0.02,25,69907,卖盘
10:26:02,27.96,0.0,34,95057,买盘
10:26:05,27.96,0.0,24,67082,买盘
10:26:08,27.97,0.01,33,92265,买盘
10:26:10,27.97,0.0,8,22376,买盘
10:26:14,27.96,-0.01,33,92279,卖盘
10:26:17,27.97,0.01,12,33564,买盘
10:26:20,27.97,0.0,16,44745,买盘
10:26:23,27.97,0.0,27,75498,买盘
10:26:26,27.98,0.01,22,61536,买盘
10:26:29,27.98,0.0,86,240463,买盘
10:26:32,27.98,0.0,4,11192,买盘
10:26:35,27.98,0.0,9,25181,买盘
10:26:37,27.98,0.0,127,355344,卖盘
10:26:41,28.0,0.02,110,307764,买盘
10:26:44,27.99,-0.01,5,13997,中性盘
10:26:47,27.99,0.0,8,22392,买盘
10:26:50,27.99,0.0,153,428015,买盘
10:26:52,27.98,-0.01,3,8392,中性盘
10:26:54,27.97,-0.01,14,39168,卖盘
10:26:58,27.98,0.01,67,187338,买盘
10:27:02,27.97,-0.01,29,81115,卖盘
10:27:05,27.96,-0.01,18,50336,卖盘
10:27:08,27.97,0.01,13,36362,买盘
10:27:11,27.98,0.01,241,674284,买盘
10:27:14,27.98,0.0,181,506425,卖盘
10:27:17,27.97,-0.01,13,36361,卖盘
10:27:20,27.97,0.0,49,137022,卖盘
10:27:23,27.97,0.0,11,30767,买盘
10:27:26,27.97,0.0,116,324358,买盘
10:27:28,27.97,0.0,101,282372,买盘
10:27:32,27.95,-0.02,1,2795,卖盘
10:27:33,27.96,0.01,5,13977,买盘
10:27:38,27.95,-0.01,49,136984,卖盘
10:27:41,27.96,0.01,276,771505,买盘
10:27:43,27.96,0.0,9,25164,买盘
10:27:47,27.96,0.0,34,95059,买盘
10:27:48,27.95,-0.01,7,19570,卖盘
10:27:53,27.95,0.0,72,201240,卖盘
10:27:56,27.96,0.01,11,30755,买盘
10:27:58,27.95,-0.01,68,190062,卖盘
10:28:01,27.95,0.0,45,125777,卖盘
10:28:04,27.96,0.01,53,148188,买盘
10:28:08,27.96,0.0,128,357785,买盘
10:28:11,27.95,-0.01,115,321443,卖盘
10:28:13,27.96,0.01,17,47520,买盘
10:28:17,27.96,0.0,15,41939,买盘
10:28:18,27.96,0.0,19,53107,买盘
10:28:21,27.95,-0.01,74,206856,卖盘
10:28:26,27.97,0.02,24,67127,买盘
10:28:29,27.97,0.0,77,215237,买盘
10:28:32,27.95,-0.02,16,44736,卖盘
10:28:35,27.96,0.01,15,41940,买盘
10:28:38,27.95,-0.01,112,313135,卖盘
10:28:40,27.96,0.01,9,25163,中性盘
10:28:44,27.96,0.0,9,25165,卖盘
10:28:45,27.97,0.01,23,64312,买盘
10:28:50,27.96,-0.01,24,67121,中性盘
10:28:51,27.96,0.0,9,25164,买盘
10:28:56,27.95,-0.01,48,134172,卖盘
10:28:59,27.96,0.01,302,844097,买盘
10:29:01,27.95,-0.01,81,226395,卖盘
10:29:05,27.94,-0.01,12,33537,卖盘
10:29:08,27.95,0.01,38,106210,买盘
10:29:11,27.94,-0.01,122,340878,卖盘
10:29:13,27.94,0.0,229,639835,卖盘
10:29:17,27.94,0.0,44,122896,买盘
10:29:18,27.93,-0.01,38,106170,卖盘
10:29:23,27.94,0.01,97,270941,买盘
10:29:26,27.94,0.0,136,379912,买盘
10:29:29,27.94,0.0,100,279335,买盘
10:29:32,27.94,0.0,26,72638,买盘
10:29:35,27.94,0.0,32,89403,买盘
10:29:38,27.92,-0.02,322,899364,卖盘
10:29:41,27.93,0.01,21,58652,买盘
10:29:44,27.94,0.01,43,120122,买盘
10:29:47,27.93,-0.01,39,108926,中性盘
10:29:48,27.94,0.01,11,30724,买盘
10:29:53,27.94,0.0,88,245795,买盘
10:29:56,27.93,-0.01,15,41900,卖盘
10:29:59,27.93,0.0,67,187131,卖盘
10:30:02,27.93,0.0,45,125686,卖盘
10:30:05,27.93,0.0,15,41901,买盘
10:30:08,27.93,0.0,12,33518,中性盘
10:30:11,27.94,0.01,79,220649,买盘
10:30:14,27.93,-0.01,2,5586,中性盘
10:30:17,27.93,0.0,12,33515,买盘
10:30:20,27.93,0.0,13,36302,买盘
10:30:23,27.92,-0.01,54,150821,卖盘
10:30:24,27.94,0.02,161,449834,买盘
10:30:28,27.93,-0.01,87,242943,卖盘
10:30:32,27.93,0.0,32,89376,买盘
10:30:35,27.94,0.01,17,47498,买盘
10:30:38,27.92,-0.02,53,147999,卖盘
10:30:41,27.93,0.01,20,55861,卖盘
10:30:44,27.94,0.01,90,251372,买盘
10:30:48,27.94,0.0,107,298936,买盘
10:30:50,27.94,0.0,37,103377,买盘
10:30:53,27.93,-0.01,78,217881,卖盘
10:30:56,27.95,0.02,65,181643,买盘
10:30:58,27.94,-0.01,124,346470,卖盘
10:31:02,27.94,0.0,78,217966,卖盘
10:31:05,27.94,0.0,7,19557,买盘
10:31:08,27.94,0.0,67,187214,卖盘
10:31:11,27.95,0.01,38,106188,买盘
10:31:14,27.94,-0.01,38,106186,卖盘
10:31:17,27.95,0.01,77,215155,买盘
10:31:20,27.94,-0.01,113,315730,卖盘
10:31:23,27.94,0.0,117,326948,卖盘
10:31:26,27.95,0.01,52,145384,中性盘
10:31:29,27.96,0.01,75,209590,买盘
10:31:32,27.95,-0.01,16,44728,卖盘
10:31:33,27.96,0.01,56,156556,买盘
10:31:38,27.95,-0.01,63,176101,卖盘
10:31:41,27.95,0.0,26,72670,买盘
10:31:43,27.96,0.01,46,128604,买盘
10:31:47,27.95,-0.01,22,61490,卖盘
10:31:48,27.96,0.01,36,100640,买盘
10:31:53,27.95,-0.01,18,50317,卖盘
10:31:56,27.95,0.0,19,53105,买盘
10:31:59,27.96,0.01,74,206778,买盘
10:32:03,27.95,-0.01,72,201252,卖盘
10:32:05,27.96,0.01,33,92243,买盘
10:32:08,27.96,0.0,268,749519,买盘
10:32:11,27.96,0.0,59,165013,卖盘
10:32:13,27.97,0.01,18,50336,买盘
10:32:17,27.96,-0.01,145,405661,卖盘
10:32:20,27.97,0.01,60,167772,中性盘
10:32:23,27.98,0.01,80,223698,买盘
10:32:26,27.97,-0.01,8,22376,中性盘
10:32:28,27.96,-0.01,57,159391,卖盘
10:32:32,27.97,0.01,13,36351,买盘
10:32:35,27.98,0.01,10,27979,买盘
10:32:38,27.95,-0.03,56,156535,卖盘
10:32:40,27.98,0.03,16,44739,买盘
10:32:44,27.98,0.0,44,123108,买盘
10:32:45,27.95,-0.03,195,545042,卖盘
10:32:50,27.98,0.03,10,27978,买盘
10:32:53,27.98,0.0,55,153842,买盘
10:32:56,27.98,0.0,22,61552,买盘
10:32:58,27.99,0.01,80,223724,买盘
10:33:02,27.98,-0.01,11,30778,卖盘
10:33:04,27.96,-0.02,98,274011,卖盘
10:33:08,27.96,0.0,80,223740,卖盘
10:33:10,27.98,0.02,27,75534,买盘
10:33:14,27.96,-0.02,19,53142,卖盘
10:33:17,27.98,0.02,83,232234,买盘
10:33:20,27.98,0.0,81,226639,卖盘
10:33:23,27.97,-0.01,155,433567,卖盘
10:33:26,27.98,0.01,42,117684,卖盘
10:33:29,27.99,0.01,82,229442,买盘
10:33:32,27.99,0.0,11,30788,买盘
10:33:35,27.99,0.0,7,19592,买盘
10:33:38,27.98,-0.01,167,467301,卖盘
10:33:41,27.98,0.0,226,632476,卖盘
10:33:48,27.99,0.01,27,75864,买盘
10:33:50,27.98,-0.01,48,134305,卖盘
10:33:53,27.98,0.0,158,442087,卖盘
10:33:56,27.99,0.01,143,400149,买盘
10:33:59,27.98,-0.01,101,282621,卖盘
10:34:02,27.98,0.0,130,363760,卖盘
10:34:04,27.99,0.01,20,55980,买盘
10:34:08,27.98,-0.01,45,125441,卖盘
10:34:11,27.97,-0.01,21,58757,卖盘
10:34:15,27.98,0.01,10,27980,买盘
10:34:18,27.98,0.0,24,67152,买盘
10:34:20,27.97,-0.01,29,81135,卖盘
10:34:24,27.98,0.01,43,120278,买盘
10:34:24,27.98,0.0,21,59227,买盘
10:34:29,27.99,0.01,70,195862,买盘
10:34:36,27.99,0.0,1,2799,买盘
10:34:38,27.98,-0.01,39,109131,卖盘
10:34:41,27.98,0.0,31,86758,卖盘
10:34:44,27.99,0.01,112,313420,买盘
10:34:48,27.99,0.0,378,1058017,买盘
10:34:53,27.98,-0.01,42,117526,卖盘
10:34:56,27.98,0.0,8,22391,卖盘
10:35:00,27.98,0.0,717,2007425,卖盘
10:35:03,27.99,0.01,117,327483,卖盘
10:35:08,28.0,0.01,190,531816,买盘
10:35:12,28.0,0.0,9,25200,买盘
10:35:13,27.99,-0.01,221,618589,卖盘
10:35:18,28.0,0.01,1265,3541763,买盘
10:35:20,27.99,-0.01,55,153995,中性盘
10:35:24,27.99,0.0,29,81175,买盘
10:35:24,27.99,0.0,40,111960,买盘
10:35:30,27.99,0.0,203,568130,买盘
10:35:32,27.99,0.0,38,106356,买盘
10:35:36,27.99,0.0,20,55971,买盘
10:35:38,27.98,-0.01,68,190280,卖盘
10:35:42,27.99,0.01,216,604404,买盘
10:35:45,27.99,0.0,149,416852,买盘
10:35:48,27.98,-0.01,141,394545,中性盘
10:35:51,27.99,0.01,59,165163,买盘
10:35:53,27.97,-0.02,86,240599,卖盘
10:35:57,27.98,0.01,93,260164,买盘
10:35:59,27.96,-0.02,70,195740,卖盘
10:36:03,27.97,0.01,53,148261,卖盘
10:36:06,27.98,0.01,32,89502,买盘
10:36:08,27.97,-0.01,92,257357,卖盘
10:36:11,27.97,0.0,2,5594,卖盘
10:36:14,27.99,0.02,230,643744,买盘
10:36:18,27.99,0.0,2,5596,买盘
10:36:20,27.97,-0.02,7,19579,卖盘
10:36:24,27.97,0.0,94,262996,卖盘
10:36:26,27.99,0.02,17,47563,买盘
10:36:29,27.96,-0.03,69,192962,卖盘
10:36:33,27.97,0.01,56,156628,卖盘
10:36:35,27.97,0.0,26,72722,卖盘
10:36:39,27.97,0.0,13,36360,买盘
10:36:41,27.97,0.0,116,324366,买盘
10:36:44,27.97,0.0,29,81112,买盘
10:36:48,27.97,0.0,6,16782,买盘
10:36:51,27.97,0.0,41,114677,买盘
10:36:54,27.96,-0.01,41,114646,卖盘
10:36:57,27.97,0.01,9,25171,买盘
10:37:00,27.98,0.01,82,229284,买盘
10:37:03,27.96,-0.02,58,162194,卖盘
10:37:05,27.98,0.02,15,41969,买盘
10:37:08,27.97,-0.01,31,86712,卖盘
10:37:12,27.99,0.02,2,5598,买盘
10:37:13,27.98,-0.01,7,19584,卖盘
10:37:18,27.99,0.01,12,33579,买盘
10:37:21,27.97,-0.02,13,36361,卖盘
10:37:24,27.97,0.0,51,142679,卖盘
10:37:27,27.99,0.02,36,100731,买盘
10:37:28,27.96,-0.03,66,184603,卖盘
10:37:33,27.98,0.02,34,95138,中性盘
10:37:39,27.97,-0.01,84,235054,卖盘
10:37:42,27.99,0.02,4,11194,买盘
10:37:45,27.98,-0.01,5,13991,卖盘
10:37:48,27.99,0.01,48,134338,买盘
10:37:50,27.99,0.0,261,730799,卖盘
10:37:54,27.99,0.0,17,47576,买盘
10:37:54,27.99,0.0,6,16794,买盘
10:38:00,28.0,0.01,103,288242,买盘
10:38:01,27.98,-0.02,40,111953,卖盘
10:38:06,28.0,0.02,1,2800,买盘
10:38:08,27.99,-0.01,20,55983,卖盘
10:38:12,27.99,0.0,26,72774,买盘
10:38:15,27.99,0.0,4,11196,买盘
10:38:18,27.99,0.0,1,2799,买盘
10:38:21,27.99,0.0,105,293957,买盘
10:38:24,27.98,-0.01,25,69965,卖盘
10:38:27,28.0,0.02,6,16800,买盘
10:38:30,28.0,0.0,94,263114,买盘
10:38:32,27.99,-0.01,4,11196,卖盘
10:38:33,27.99,0.0,1,2799,卖盘
10:38:39,28.0,0.01,5,14000,买盘
10:38:42,27.99,-0.01,33,92367,卖盘
10:38:45,27.99,0.0,59,165195,买盘
10:38:48,28.0,0.01,25,70000,买盘
10:38:51,27.99,-0.01,3,8398,卖盘
10:38:54,27.99,0.0,23,64383,卖盘
10:38:56,28.0,0.01,11,30799,买盘
10:39:00,27.98,-0.02,70,195880,卖盘
10:39:03,27.99,0.01,17,47584,卖盘
10:39:04,27.99,0.0,24,67174,买盘
10:39:08,27.98,-0.01,28,78351,卖盘
10:39:11,28.0,0.02,29,81176,买盘
10:39:15,28.0,0.0,34,95163,买盘
10:39:20,28.0,0.0,1,2800,买盘
10:39:24,27.99,-0.01,25,69976,卖盘
10:39:27,27.99,0.0,2,5598,买盘
10:39:28,28.0,0.01,108,302286,买盘
10:39:33,28.0,0.0,27,75577,买盘
10:39:36,28.0,0.0,1,2800,买盘
10:39:39,28.0,0.0,94,263187,买盘
10:39:42,27.99,-0.01,37,103566,卖盘
10:39:44,28.0,0.01,18,50400,买盘
10:39:47,28.0,0.0,3,8400,买盘
10:39:51,27.99,-0.01,32,89572,卖盘
10:39:54,27.99,0.0,42,117576,卖盘
10:39:57,27.99,0.0,6,16799,卖盘
10:40:00,28.0,0.01,76,212702,买盘
10:40:03,27.99,-0.01,25,69985,卖盘
10:40:06,27.99,0.0,57,159543,买盘
10:40:09,27.99,0.0,149,416972,买盘
10:40:10,27.99,0.0,7,19593,卖盘
10:40:15,27.99,0.0,19,53181,卖盘
10:40:18,28.0,0.01,3,8400,买盘
10:40:21,28.0,0.0,107,300076,买盘
10:40:23,27.99,-0.01,102,285615,卖盘
10:40:27,28.01,0.02,1,2801,买盘
10:40:29,28.02,0.01,68,190377,买盘
10:40:33,28.02,0.0,18,50434,买盘
10:40:36,28.0,-0.02,10,28000,卖盘
10:40:39,28.02,0.02,124,347630,买盘
10:40:40,28.02,0.0,100,280126,买盘
10:40:45,28.03,0.01,471,1320213,买盘
10:40:48,28.04,0.01,135,378540,买盘
10:40:51,28.06,0.02,465,1304164,买盘
10:40:54,28.06,0.0,233,653798,买盘
10:40:57,28.07,0.01,218,610947,买盘
10:41:00,28.05,-0.02,65,182403,卖盘
10:41:03,28.07,0.02,19,53338,中性盘
10:41:04,28.07,0.0,9,25263,买盘
10:41:09,28.07,0.0,5,14034,买盘
10:41:12,28.06,-0.01,309,866616,卖盘
10:41:14,28.07,0.01,20,56128,买盘
10:41:18,28.06,-0.01,22,61744,买盘
10:41:21,28.05,-0.01,24,67347,卖盘
10:41:24,28.06,0.01,28,78562,中性盘
10:41:27,28.07,0.01,53,148746,买盘
10:41:28,28.04,-0.03,23,65457,卖盘
10:41:32,28.04,0.0,44,123376,买盘
10:41:36,28.05,0.01,33,92552,中性盘
10:41:38,28.06,0.01,11,30855,买盘
10:41:40,28.03,-0.03,174,487736,卖盘
10:41:45,28.03,0.0,70,196210,买盘
10:41:48,28.03,0.0,6,16818,买盘
10:41:48,28.03,0.0,145,406320,买盘
10:41:54,28.03,0.0,37,103711,卖盘
10:41:57,28.04,0.01,42,117764,买盘
10:41:58,28.03,-0.01,77,215746,卖盘
10:42:03,28.03,0.0,13,36439,卖盘
10:42:04,28.03,0.0,44,123335,买盘
10:42:09,28.03,0.0,64,179443,买盘
10:42:12,28.03,0.0,102,285990,卖盘
10:42:15,28.04,0.01,18,50456,买盘
10:42:18,28.03,-0.01,100,280398,卖盘
10:42:21,28.04,0.01,18,50471,买盘
10:42:24,28.04,0.0,19,53263,买盘
10:42:27,28.04,0.0,26,72904,买盘
10:42:30,28.05,0.01,402,1127418,买盘
10:42:33,28.04,-0.01,66,185090,卖盘
10:42:36,28.06,0.02,182,510690,买盘
10:42:39,28.06,0.0,57,159941,买盘
10:42:42,28.05,-0.01,45,126208,中性盘
10:42:44,28.06,0.01,27,75740,买盘
10:42:48,28.07,0.01,177,496755,买盘
10:42:50,28.06,-0.01,20,56130,卖盘
10:42:53,28.06,0.0,31,86987,卖盘
10:42:56,28.07,0.01,66,185221,买盘
10:42:58,28.07,0.0,67,187953,买盘
10:43:03,28.06,-0.01,71,199161,中性盘
10:43:04,28.07,0.01,42,117882,买盘
10:43:09,28.07,0.0,327,917942,买盘
10:43:12,28.08,0.01,22,61772,买盘
10:43:15,28.08,0.0,17,47721,买盘
10:43:18,28.08,0.0,162,454896,买盘
10:43:21,28.08,0.0,33,92659,买盘
10:43:24,28.08,0.0,168,471744,买盘
10:43:27,28.08,0.0,5,14042,卖盘
10:43:30,28.08,0.0,110,308911,卖盘
10:43:33,28.09,0.01,32,89886,买盘
10:43:36,28.09,0.0,32,89880,买盘
10:43:38,28.08,-0.01,22,61777,卖盘
10:43:42,28.08,0.0,145,407160,买盘
10:43:45,28.08,0.0,63,176903,买盘
10:43:48,28.09,0.01,141,395929,买盘
10:43:51,28.08,-0.01,5,14044,卖盘
10:43:54,28.08,0.0,110,308890,卖盘
10:43:57,28.08,0.0,8,22464,卖盘
10:44:00,28.09,0.01,110,308925,买盘
10:44:03,28.09,0.0,98,275238,买盘
10:44:06,28.08,-0.01,204,572832,卖盘
10:44:09,28.08,0.0,11,30887,买盘
10:44:12,28.07,-0.01,48,134755,卖盘
10:44:15,28.07,0.0,334,937551,卖盘
10:44:18,28.06,-0.01,132,370397,卖盘
10:44:21,28.06,0.0,126,353483,买盘
10:44:24,28.06,0.0,43,120619,买盘
10:44:24,28.05,-0.01,158,443207,卖盘
10:44:30,28.04,-0.01,121,339298,卖盘
10:44:33,28.05,0.01,75,210317,买盘
10:44:33,28.04,-0.01,1,2804,买盘
10:44:39,28.03,-0.01,28,78484,卖盘
10:44:42,28.04,0.01,14,39232,买盘
10:44:44,28.05,0.01,73,204701,买盘
10:44:48,28.03,-0.02,5,14017,卖盘
10:44:51,28.03,0.0,9,25228,买盘
10:44:54,28.03,0.0,22,61666,买盘
10:44:57,28.02,-0.01,50,140148,卖盘
10:44:59,28.01,-0.01,77,215732,卖盘
10:45:03,28.03,0.02,88,246664,买盘
10:45:06,28.03,0.0,67,187852,卖盘
10:45:15,28.03,0.0,10,28039,卖盘
10:45:18,28.03,0.0,19,53258,卖盘
10:45:20,28.04,0.01,3,8524,买盘
10:45:24,28.03,-0.01,15,42045,卖盘
10:45:27,28.05,0.02,11,30853,买盘
10:45:28,28.04,-0.01,104,291555,卖盘
10:45:36,28.04,0.0,101,283304,卖盘
10:45:38,28.05,0.01,10,28047,买盘
10:45:42,28.05,0.0,35,98175,买盘
10:45:45,28.05,0.0,38,106590,买盘
10:45:47,28.05,0.0,22,61705,买盘
10:45:51,28.05,0.0,21,58905,买盘
10:45:54,28.05,0.0,1,2805,卖盘
10:45:56,28.05,0.0,14,39270,卖盘
10:46:00,28.06,0.01,85,238444,买盘
10:46:03,28.05,-0.01,69,193558,卖盘
10:46:06,28.05,0.0,32,89787,卖盘
10:46:09,28.06,0.01,37,103822,中性盘
10:46:11,28.06,0.0,23,64538,买盘
10:46:13,28.05,-0.01,24,67343,卖盘
10:46:17,28.06,0.01,68,190808,买盘
10:46:21,28.05,-0.01,15,42089,卖盘
10:46:24,28.07,0.02,31,86984,买盘
10:46:27,28.07,0.0,7,19649,买盘
10:46:30,28.06,-0.01,83,232901,卖盘
10:46:33,28.06,0.0,24,67344,买盘
10:46:36,28.06,0.0,15,42090,买盘
10:46:39,28.06,0.0,35,98210,买盘
10:46:42,28.06,0.0,40,112205,买盘
10:46:45,28.06,0.0,12,33670,买盘
10:46:47,28.06,0.0,30,84180,买盘
10:46:51,28.06,0.0,29,81374,买盘
10:46:54,28.07,0.01,54,151578,买盘
10:46:57,28.07,0.0,12,33684,买盘
10:47:00,28.07,0.0,90,252564,买盘
10:47:03,28.07,0.0,73,204910,买盘
10:47:06,28.08,0.01,107,300283,买盘
10:47:09,28.08,0.0,62,174057,买盘
10:47:12,28.06,-0.02,69,193622,卖盘
10:47:15,28.06,0.0,9,25254,买盘
10:47:18,28.06,0.0,2,5612,买盘
10:47:23,28.06,0.0,5,14030,买盘
10:47:27,28.05,-0.01,21,58925,卖盘
10:47:30,28.06,0.01,86,241251,买盘
10:47:32,28.06,0.0,4,11224,买盘
10:47:36,28.06,0.0,1,2806,买盘
10:47:39,28.05,-0.01,77,216052,卖盘
10:47:42,28.06,0.01,5,14030,买盘
10:47:45,28.05,-0.01,24,67320,卖盘
10:47:48,28.05,0.0,104,291722,卖盘
10:47:51,28.06,0.01,17,47702,买盘
10:47:54,28.0,-0.06,1122,3143021,卖盘
10:47:58,28.0,0.0,110,307999,买盘
10:48:00,28.0,0.0,88,246335,买盘
10:48:02,27.99,-0.01,68,190355,卖盘
10:48:06,27.99,0.0,111,310799,卖盘
10:48:08,28.0,0.01,680,1904196,买盘
10:48:12,28.05,0.05,32,89627,买盘
10:48:14,28.0,-0.05,13,36404,卖盘
10:48:18,28.05,0.05,11,30855,买盘
10:48:20,28.0,-0.05,5,14004,卖盘
10:48:24,28.05,0.05,6,16830,买盘
10:48:27,28.02,-0.03,2,5604,中性盘
10:48:29,28.03,0.01,24,67272,中性盘
10:48:33,28.02,-0.01,31,86837,卖盘
10:48:36,28.02,0.0,43,120490,卖盘
10:48:39,28.03,0.01,5,14015,中性盘
10:48:42,28.02,-0.01,9,25218,卖盘
10:48:45,28.04,0.02,2,5606,买盘
10:48:48,28.02,-0.02,23,64451,卖盘
10:48:51,28.02,0.0,40,112080,买盘
10:48:54,28.02,0.0,11,30822,买盘
10:48:57,28.02,0.0,21,58842,买盘
10:49:00,28.02,0.0,88,246511,买盘
10:49:03,28.01,-0.01,77,215694,卖盘
10:49:06,28.02,0.01,67,187718,买盘
10:49:09,28.02,0.0,92,255336,买盘
10:49:11,28.02,0.0,10,28020,卖盘
10:49:15,28.02,0.0,14,39239,卖盘
10:49:18,28.02,0.0,1,2802,卖盘
10:49:20,28.04,0.02,20,56065,买盘
10:49:24,28.03,-0.01,6,16823,卖盘
10:49:26,28.04,0.01,37,103748,买盘
10:49:29,28.04,0.0,86,241044,买盘
10:49:33,28.03,-0.01,35,98121,卖盘
10:49:36,28.04,0.01,15,42058,买盘
10:49:39,28.04,0.0,3,8412,买盘
10:49:42,28.04,0.0,17,47657,买盘
10:49:45,28.04,0.0,6,16824,买盘
10:49:48,28.04,0.0,5,14020,买盘
10:49:50,28.04,0.0,4,11216,买盘
10:49:54,28.03,-0.01,118,330863,卖盘
10:49:57,28.02,-0.01,101,283012,卖盘
10:50:00,28.02,0.0,68,190538,卖盘
10:50:03,28.03,0.01,65,182132,买盘
10:50:06,28.04,0.01,139,389699,买盘
10:50:08,28.04,0.0,6,16824,买盘
10:50:12,28.04,0.0,2,5608,买盘
10:50:14,28.05,0.01,28,78504,买盘
10:50:17,28.04,-0.01,3,8412,买盘
10:50:20,28.04,0.0,2,5608,买盘
10:50:26,28.04,0.0,24,67296,买盘
10:50:30,28.03,-0.01,66,185008,卖盘
10:50:33,28.04,0.01,17,47668,卖盘
10:50:36,28.03,-0.01,3,8409,卖盘
10:50:42,28.04,0.01,25,70100,买盘
10:50:45,28.04,0.0,27,75710,卖盘
10:50:48,28.05,0.01,25,70125,买盘
10:50:50,28.04,-0.01,4,11219,卖盘
10:50:57,28.05,0.01,367,1029385,买盘
10:50:59,28.03,-0.02,79,221487,卖盘
10:51:02,28.04,0.01,71,199133,卖盘
10:51:06,28.03,-0.01,102,286080,卖盘
10:51:09,28.06,0.03,43,120616,买盘
10:51:12,28.06,0.0,223,625712,买盘
10:51:15,28.07,0.01,171,479996,买盘
10:51:17,28.08,0.01,243,682344,买盘
10:51:21,28.09,0.01,301,845507,买盘
10:51:23,28.1,0.01,934,2624531,买盘
10:51:27,28.11,0.01,43,120866,买盘
10:51:30,28.12,0.01,245,688818,买盘
10:51:33,28.13,0.01,69,194097,买盘
10:51:36,28.12,-0.01,89,250288,卖盘
10:51:42,28.11,-0.01,483,1358183,卖盘
10:51:44,28.12,0.01,175,492094,买盘
10:51:48,28.12,0.0,77,216520,买盘
10:51:51,28.12,0.0,35,98409,买盘
10:51:53,28.12,0.0,94,264277,买盘
10:51:56,28.12,0.0,37,104021,买盘
10:51:59,28.11,-0.01,70,196705,买盘
10:52:03,28.1,-0.01,56,157379,卖盘
10:52:06,28.11,0.01,105,295177,买盘
10:52:09,28.11,0.0,50,140541,买盘
10:52:15,28.1,-0.01,29,81491,卖盘
10:52:18,28.11,0.01,86,241708,买盘
10:52:21,28.11,0.0,31,87151,卖盘
10:52:23,28.11,0.0,7,19677,卖盘
10:52:27,28.12,0.01,27,75900,买盘
10:52:30,28.1,-0.02,18,50580,卖盘
10:52:33,28.11,0.01,55,154580,买盘
10:52:36,28.11,0.0,29,81467,买盘
10:52:39,28.11,0.0,12,33727,买盘
10:52:45,28.1,-0.01,27,75870,卖盘
10:52:48,28.1,0.0,7,19670,买盘
10:52:50,28.1,0.0,4,11240,买盘
10:52:53,28.1,0.0,7,19670,买盘
10:52:57,28.09,-0.01,27,75869,卖盘
10:52:59,28.07,-0.02,74,207801,卖盘
10:53:06,28.05,-0.02,186,521908,卖盘
10:53:09,28.09,0.04,34,95392,买盘
10:53:12,28.07,-0.02,2,5616,卖盘
10:53:15,28.07,0.0,25,70175,卖盘
10:53:18,28.07,0.0,29,81443,卖盘
10:53:21,28.08,0.01,23,64605,中性盘
10:53:24,28.08,0.0,2,5616,买盘
10:53:27,28.07,-0.01,22,61775,卖盘
10:53:30,28.08,0.01,584,1639697,买盘
10:53:33,28.07,-0.01,2,5614,买盘
10:53:36,28.08,0.01,19,53347,买盘
10:53:39,28.07,-0.01,11,30876,中性盘
10:53:42,28.07,0.0,140,392980,买盘
10:53:45,28.06,-0.01,18,50515,卖盘
10:53:48,28.06,0.0,56,157136,卖盘
10:53:51,28.06,0.0,6,16836,买盘
10:53:54,28.06,0.0,43,120658,买盘
10:53:57,28.06,0.0,5,14030,卖盘
10:54:00,28.05,-0.01,114,319789,卖盘
10:54:03,28.07,0.02,13,36467,买盘
10:54:06,28.04,-0.03,49,137396,卖盘
10:54:08,28.04,0.0,20,56080,买盘
10:54:11,28.04,0.0,3,8412,买盘
10:54:14,28.04,0.0,107,299951,买盘
10:54:18,28.06,0.02,2,5611,买盘
10:54:24,28.06,0.0,47,131881,买盘
10:54:26,28.06,0.0,35,98212,卖盘
10:54:30,28.06,0.0,296,830816,卖盘
10:54:32,28.06,0.0,59,165604,中性盘
10:54:36,28.05,-0.01,114,319757,卖盘
10:54:38,28.05,0.0,6,16830,买盘
10:54:45,28.04,-0.01,65,182260,卖盘
10:54:48,28.05,0.01,32,89739,买盘
10:54:50,28.05,0.0,345,967725,买盘
10:54:54,28.06,0.01,17,47701,买盘
10:54:57,28.06,0.0,31,86965,买盘
10:54:59,28.06,0.0,11,30865,买盘
10:55:03,28.06,0.0,73,204782,买盘
10:55:06,28.06,0.0,11,30866,买盘
10:55:09,28.06,0.0,29,81373,买盘
10:55:12,28.06,0.0,65,182338,买盘
10:55:14,28.05,-0.01,75,210375,卖盘
10:55:18,28.06,0.01,8,22442,买盘
10:55:20,28.06,0.0,27,75762,买盘
10:55:24,28.06,0.0,2,5612,买盘
10:55:26,28.06,0.0,19,53314,买盘
10:55:30,28.06,0.0,14,39283,买盘
10:55:33,28.06,0.0,13,36477,买盘
10:55:36,28.06,0.0,3,8419,中性盘
10:55:39,28.07,0.01,7,19649,买盘
10:55:42,28.06,-0.01,2,5612,卖盘
10:55:44,28.07,0.01,95,266516,买盘
10:55:48,28.06,-0.01,2,5612,卖盘
10:55:51,28.07,0.01,5,14035,买盘
10:55:54,28.07,0.0,3,8421,买盘
10:55:56,28.05,-0.02,10,28057,卖盘
10:55:59,28.07,0.02,44,123508,买盘
10:56:03,28.06,-0.01,24,67344,卖盘
10:56:06,28.06,0.0,3,8418,买盘
10:56:09,28.06,0.0,9,25254,买盘
10:56:12,28.06,0.0,21,58926,买盘
10:56:15,28.05,-0.01,68,190713,卖盘
10:56:17,28.05,0.0,2,5610,买盘
10:56:21,28.06,0.01,14,39276,买盘
10:56:27,28.06,0.0,31,86990,买盘
10:56:30,28.06,0.0,3,8419,卖盘
10:56:33,28.06,0.0,9,25254,卖盘
10:56:36,28.06,0.0,2,5612,卖盘
10:56:39,28.05,-0.01,20,56108,卖盘
10:56:41,28.06,0.01,7,19644,卖盘
10:56:45,28.05,-0.01,65,182341,卖盘
10:56:51,28.07,0.02,17,47708,买盘
10:56:54,28.07,0.0,70,196490,买盘
10:56:57,28.06,-0.01,7,19642,卖盘
10:57:03,28.06,0.0,31,87001,卖盘
10:57:06,28.06,0.0,21,58926,买盘
10:57:09,28.06,0.0,15,42090,买盘
10:57:12,28.07,0.01,21,58947,买盘
10:57:15,28.05,-0.02,79,221627,卖盘
10:57:21,28.07,0.02,5,14035,买盘
10:57:24,28.07,0.0,9,25256,买盘
10:57:26,28.07,0.0,12,33684,买盘
10:57:30,28.06,-0.01,5,14034,卖盘
10:57:35,28.06,0.0,9,25256,卖盘
10:57:39,28.07,0.01,8,22455,买盘
10:57:41,28.06,-0.01,10,28062,卖盘
10:57:44,28.07,0.01,82,230109,买盘
10:57:47,28.06,-0.01,3,8421,卖盘
10:57:50,28.07,0.01,26,72996,中性盘
10:57:57,28.07,0.0,7,19650,卖盘
10:58:03,28.07,0.0,56,157222,卖盘
10:58:06,28.07,0.0,3,8421,买盘
10:58:08,28.07,0.0,10,28070,买盘
10:58:12,28.07,0.0,1,2807,买盘
10:58:15,28.06,-0.01,73,204845,卖盘
10:58:18,28.07,0.01,8,22449,买盘
10:58:20,28.07,0.0,4,11228,买盘
10:58:23,28.07,0.0,3,8421,买盘
10:58:26,28.07,0.0,68,190826,买盘
10:58:30,28.07,0.0,12,33684,买盘
10:58:33,28.06,-0.01,27,75779,卖盘
10:58:36,28.06,0.0,23,64548,卖盘
10:58:39,28.07,0.01,16,44907,买盘
10:58:42,28.07,0.0,2,5614,买盘
10:58:45,28.06,-0.01,68,190808,卖盘
10:58:45,28.07,0.01,17,47703,买盘
10:58:51,28.07,0.0,5,14035,买盘
10:58:53,28.07,0.0,51,143157,买盘
10:58:56,28.06,-0.01,17,47712,卖盘
10:59:03,28.06,0.0,42,117864,卖盘
10:59:05,28.06,0.0,8,22448,卖盘
10:59:08,28.06,0.0,22,61732,买盘
10:59:11,28.06,0.0,22,61732,买盘
10:59:14,28.05,-0.01,73,204781,卖盘
10:59:18,28.06,0.01,12,33669,买盘
10:59:27,28.06,0.0,5,14031,卖盘
10:59:29,28.06,0.0,22,61735,卖盘
10:59:32,28.06,0.0,3,8418,买盘
10:59:36,28.06,0.0,1,2806,买盘
10:59:42,28.06,0.0,1,2806,买盘
10:59:44,28.04,-0.02,65,182263,卖盘
10:59:48,28.04,0.0,136,381344,卖盘
10:59:51,28.04,0.0,30,84120,买盘
10:59:54,28.04,0.0,17,47667,买盘
10:59:57,28.03,-0.01,1,2803,卖盘
11:00:00,28.03,0.0,20,56066,卖盘
11:00:03,28.04,0.01,101,283106,买盘
11:00:06,28.04,0.0,95,266325,买盘
11:00:08,28.04,0.0,74,207427,买盘
11:00:11,28.04,0.0,2,5608,买盘
11:00:14,28.02,-0.02,93,260624,卖盘
11:00:17,28.03,0.01,26,72890,买盘
11:00:20,28.02,-0.01,235,658478,卖盘
11:00:23,28.01,-0.01,211,591021,卖盘
11:00:27,28.03,0.02,196,549204,买盘
11:00:30,28.03,0.0,40,112120,卖盘
11:00:32,28.04,0.01,12,33648,买盘
11:00:35,28.03,-0.01,41,114945,卖盘
11:00:38,28.04,0.01,56,157024,买盘
11:00:41,28.04,0.0,4,11216,买盘
11:00:44,28.03,-0.01,171,479318,卖盘
11:00:47,28.03,0.0,144,403632,卖盘
11:00:51,28.03,0.0,22,61666,买盘
11:00:54,28.03,0.0,24,67272,买盘
11:00:57,28.03,0.0,1,2803,买盘
11:00:59,28.03,0.0,6,16813,买盘
11:01:00,28.02,-0.01,127,355909,卖盘
11:01:04,28.02,0.0,44,123259,买盘
11:01:11,28.02,0.0,16,44832,买盘
11:01:15,28.03,0.01,83,232496,买盘
11:01:17,28.02,-0.01,29,81286,卖盘
11:01:21,28.03,0.01,60,168170,买盘
11:01:24,28.03,0.0,13,36439,买盘
11:01:27,28.03,0.0,54,151362,买盘
11:01:30,28.02,-0.01,22,61665,卖盘
11:01:33,28.03,0.01,47,131741,买盘
11:01:35,28.03,0.0,190,532469,买盘
11:01:38,28.02,-0.01,38,106510,中性盘
11:01:41,28.02,0.0,1,2802,卖盘
11:01:44,28.02,0.0,74,207301,卖盘
11:01:48,28.03,0.01,47,131740,买盘
11:01:50,28.02,-0.01,82,229764,买盘
11:01:54,28.02,0.0,28,78482,卖盘
11:01:54,28.03,0.01,15,42045,买盘
11:02:00,28.03,0.0,29,81280,买盘
11:02:02,28.02,-0.01,7,19614,卖盘
11:02:06,28.02,0.0,30,84060,买盘
11:02:09,28.04,0.02,99,277502,买盘
11:02:12,28.04,0.0,4,11215,买盘
11:02:14,28.04,0.0,80,224173,买盘
11:02:17,28.04,0.0,13,36451,买盘
11:02:20,28.04,0.0,14,39256,买盘
11:02:23,28.04,0.0,7,19626,买盘
11:02:24,28.04,0.0,160,448594,买盘
11:02:29,28.04,0.0,7,19628,买盘
11:02:33,28.05,0.01,29,81323,买盘
11:02:36,28.04,-0.01,13,36452,买盘
11:02:39,28.05,0.01,44,123388,买盘
11:02:40,28.04,-0.01,16,44879,卖盘
11:02:45,28.05,0.01,72,201828,买盘
11:02:47,28.05,0.0,15,42073,买盘
11:02:50,28.03,-0.02,5,14023,卖盘
11:02:53,28.03,0.0,14,39268,卖盘
11:02:57,28.03,0.0,7,19633,卖盘
11:02:59,28.03,0.0,8,22428,卖盘
11:03:02,28.05,0.02,17,47683,买盘
11:03:04,28.04,-0.01,13,36449,买盘
11:03:09,28.04,0.0,36,100944,买盘
11:03:09,28.05,0.01,22,61710,买盘
11:03:15,28.03,-0.02,109,305585,卖盘
11:03:17,28.05,0.02,7,19630,买盘
11:03:20,28.05,0.0,69,193418,买盘
11:03:23,28.05,0.0,17,47685,买盘
11:03:26,28.05,0.0,44,123376,买盘
11:03:29,28.03,-0.02,26,72886,卖盘
11:03:32,28.03,0.0,12,33639,卖盘
11:03:35,28.05,0.02,40,112172,买盘
11:03:38,28.04,-0.01,12,33653,中性盘
11:03:42,28.04,0.0,26,72894,买盘
11:03:44,28.05,0.01,113,316886,买盘
11:03:47,28.04,-0.01,47,131823,卖盘
11:03:50,28.04,0.0,60,168246,卖盘
11:03:53,28.04,0.0,3,8412,卖盘
11:03:57,28.04,0.0,44,123367,卖盘
11:04:00,28.04,0.0,273,765525,卖盘
11:04:02,28.04,0.0,26,72952,卖盘
11:04:05,28.04,0.0,127,356108,卖盘
11:04:08,28.05,0.01,18,50488,买盘
11:04:12,28.04,-0.01,49,137367,卖盘
11:04:13,28.03,-0.01,106,297119,卖盘
11:04:18,28.03,0.0,62,173787,买盘
11:04:18,28.03,0.0,44,123327,卖盘
11:04:23,28.02,-0.01,13,36437,卖盘
11:04:27,28.04,0.02,243,680923,买盘
11:04:29,28.02,-0.02,16,44827,中性盘
11:04:30,28.02,0.0,53,148559,卖盘
11:04:35,28.02,0.0,179,501558,买盘
11:04:38,28.02,0.0,5,14014,卖盘
11:04:41,28.03,0.01,36,100881,买盘
11:04:44,28.02,-0.01,208,582728,卖盘
11:04:45,28.02,0.0,228,638828,买盘
11:04:51,28.02,0.0,16,44851,卖盘
11:04:52,28.02,0.0,195,546262,卖盘
11:04:56,28.04,0.02,273,765061,买盘
11:04:59,28.0,-0.04,83,232442,卖盘
11:05:03,28.01,0.01,45,126026,买盘
11:05:05,28.01,0.0,50,140050,买盘
11:05:08,28.01,0.0,111,310942,卖盘
11:05:11,28.01,0.0,25,70091,卖盘
11:05:15,28.04,0.03,82,229765,买盘
11:05:17,28.04,0.0,3,8413,卖盘
11:05:21,28.04,0.0,1,2804,卖盘
11:05:23,28.04,0.0,22,61688,卖盘
11:05:27,28.05,0.01,48,134625,买盘
11:05:29,28.04,-0.01,2,5608,中性盘
11:05:32,28.04,0.0,1,2804,卖盘
11:05:36,28.04,0.0,1,2804,卖盘
11:05:38,28.04,0.0,23,64508,卖盘
11:05:41,28.05,0.01,51,143036,买盘
11:05:44,28.02,-0.03,66,184932,卖盘
11:05:47,28.05,0.03,36,100965,买盘
11:05:50,28.04,-0.01,44,123354,卖盘
11:05:53,28.03,-0.01,4,11212,卖盘
11:05:56,28.03,0.0,23,64481,卖盘
11:05:59,28.04,0.01,38,106551,中性盘
11:06:02,28.05,0.01,2,5609,买盘
11:06:06,28.03,-0.02,73,204687,卖盘
11:06:08,28.05,0.02,40,112158,买盘
11:06:11,28.03,-0.02,64,179501,卖盘
11:06:14,28.03,0.0,99,277506,卖盘
11:06:18,28.05,0.02,18,50482,买盘
11:06:20,28.01,-0.04,162,453964,卖盘
11:06:23,28.01,0.0,28,78452,卖盘
11:06:27,28.04,0.03,13,36452,中性盘
11:06:29,28.01,-0.03,52,145674,卖盘
11:06:32,28.02,0.01,35,98118,买盘
11:06:36,28.01,-0.01,20,56037,卖盘
11:06:38,28.06,0.05,25,70086,买盘
11:06:42,28.01,-0.05,15,42019,卖盘
11:06:43,28.03,0.02,25,70093,中性盘
11:06:48,28.03,0.0,10,28030,买盘
11:06:50,28.01,-0.02,19,53246,卖盘
11:06:53,28.02,0.01,58,162516,卖盘
11:06:57,28.03,0.01,15,42035,买盘
11:06:59,28.04,0.01,90,252168,买盘
11:07:03,28.02,-0.02,58,162573,卖盘
11:07:05,28.04,0.02,1,2804,中性盘
11:07:09,28.06,0.02,61,170944,买盘
11:07:11,28.01,-0.05,28,78430,卖盘
11:07:14,28.04,0.03,6,16824,卖盘
11:07:15,28.02,-0.02,43,120524,卖盘
11:07:20,28.02,0.0,15,42030,买盘
11:07:23,28.05,0.03,37,103657,买盘
11:07:26,28.05,0.0,41,114867,买盘
11:07:29,28.05,0.0,19,53296,卖盘
11:07:33,28.05,0.0,15,42080,卖盘
11:07:33,28.06,0.01,7,19637,买盘
11:07:39,28.06,0.0,153,429302,买盘
11:07:41,28.06,0.0,36,101016,买盘
11:07:43,28.05,-0.01,132,370261,卖盘
11:07:47,28.02,-0.03,21,58906,卖盘
11:07:48,28.07,0.05,257,721321,买盘
11:07:52,28.08,0.01,113,317277,买盘
11:07:56,28.07,-0.01,75,210541,卖盘
11:07:59,28.08,0.01,10,28080,中性盘
11:08:02,28.08,0.0,12,33697,卖盘
11:08:05,28.08,0.0,26,73008,买盘
11:08:09,28.08,0.0,3,8424,买盘
11:08:11,28.08,0.0,114,320033,买盘
11:08:14,28.07,-0.01,120,336851,卖盘
11:08:17,28.07,0.0,37,103858,卖盘
11:08:18,28.05,-0.02,37,103795,卖盘
11:08:23,28.05,0.0,38,106656,卖盘
11:08:26,28.07,0.02,92,258206,买盘
11:08:30,28.05,-0.02,52,145887,卖盘
11:08:32,28.05,0.0,32,89760,卖盘
11:08:35,28.08,0.03,27,75766,买盘
11:08:37,28.05,-0.03,71,199200,卖盘
11:08:41,28.07,0.02,27,75789,中性盘
11:08:44,28.06,-0.01,53,148718,卖盘
11:08:47,28.06,0.0,29,81352,买盘
11:08:50,28.08,0.02,19,53307,买盘
11:08:53,28.08,0.0,26,72986,买盘
11:08:56,28.06,-0.02,7,19654,卖盘
11:08:59,28.06,0.0,46,129125,卖盘
11:09:02,28.06,0.0,9,25256,卖盘
11:09:08,28.06,0.0,40,112260,卖盘
11:09:11,28.07,0.01,14,39298,买盘
11:09:14,28.07,0.0,135,378827,买盘
11:09:17,28.07,0.0,11,30877,卖盘
11:09:20,28.05,-0.02,70,196457,卖盘
11:09:23,28.05,0.0,9,25251,卖盘
11:09:27,28.07,0.02,15,42105,买盘
11:09:29,28.07,0.0,23,64551,买盘
11:09:32,28.08,0.01,1,2808,买盘
11:09:35,28.07,-0.01,44,123533,卖盘
11:09:38,28.07,0.0,8,22454,买盘
11:09:41,28.05,-0.02,18,50522,卖盘
11:09:44,28.03,-0.02,72,201937,卖盘
11:09:48,28.06,0.03,34,95382,买盘
11:09:50,28.07,0.01,38,106550,买盘
11:09:53,28.03,-0.04,37,103767,卖盘
11:09:59,28.07,0.04,4,11227,买盘
11:10:02,28.06,-0.01,99,277873,卖盘
11:10:05,28.05,-0.01,30,84150,买盘
11:10:08,28.05,0.0,61,171116,买盘
11:10:11,28.05,0.0,37,103785,买盘
11:10:15,28.04,-0.01,94,263602,卖盘
11:10:17,28.03,-0.01,27,75724,卖盘
11:10:20,28.03,0.0,48,134568,卖盘
11:10:23,28.08,0.05,47,131826,买盘
11:10:26,28.08,0.0,101,283608,买盘
11:10:28,28.03,-0.05,212,594347,卖盘
11:10:32,28.07,0.04,53,148625,买盘
11:10:35,28.03,-0.04,72,201826,卖盘
11:10:39,28.03,0.0,9,25230,卖盘
11:10:41,28.07,0.04,150,421100,买盘
11:10:43,28.03,-0.04,101,283387,卖盘
11:10:45,28.03,0.0,67,187828,卖盘
11:10:50,28.03,0.0,40,112137,卖盘
11:10:53,28.03,0.0,10,28030,卖盘
11:10:56,28.09,0.06,44,123531,买盘
11:10:59,28.09,0.0,1,2809,买盘
11:11:01,28.03,-0.06,10,28039,卖盘
11:11:05,28.03,0.0,5,14016,卖盘
11:11:06,28.08,0.05,18,50544,买盘
11:11:11,28.08,0.0,31,86956,买盘
11:11:13,28.05,-0.03,30,84168,中性盘
11:11:17,28.06,0.01,37,103822,买盘
11:11:21,28.03,-0.03,133,372966,卖盘
11:11:21,28.06,0.03,14,39283,买盘
11:11:26,28.08,0.02,70,196356,买盘
11:11:29,28.04,-0.04,7,19648,卖盘
11:11:32,28.04,0.0,53,148672,卖盘
11:11:35,28.03,-0.01,18,50467,卖盘
11:11:38,28.03,0.0,36,101009,卖盘
11:11:40,28.06,0.03,75,210494,中性盘
11:11:43,28.05,-0.01,29,81351,卖盘
11:11:47,28.06,0.01,21,58910,买盘
11:11:48,28.04,-0.02,83,232811,卖盘
11:11:56,28.06,0.02,5,14032,卖盘
11:11:59,28.08,0.02,37,103890,买盘
11:12:02,28.08,0.0,58,162826,买盘
11:12:05,28.07,-0.01,49,137530,中性盘
11:12:06,28.07,0.0,51,143081,买盘
11:12:11,28.07,0.0,3,8421,买盘
11:12:14,28.05,-0.02,89,249677,卖盘
11:12:17,28.04,-0.01,16,44874,卖盘
11:12:20,28.06,0.02,38,106602,买盘
11:12:24,28.06,0.0,52,145849,买盘
11:12:29,28.06,0.0,13,36462,买盘
11:12:32,28.05,-0.01,64,179568,卖盘
11:12:33,28.05,0.0,89,249733,卖盘
11:12:38,28.07,0.02,8,22448,买盘
11:12:41,28.06,-0.01,86,241338,中性盘
11:12:44,28.04,-0.02,120,336609,卖盘
11:12:47,28.07,0.03,21,58947,买盘
11:12:50,28.05,-0.02,29,81360,卖盘
11:12:53,28.04,-0.01,95,266516,卖盘
11:12:56,28.07,0.03,17,47695,买盘
11:12:59,28.04,-0.03,150,420977,卖盘
11:13:02,28.08,0.04,23,64566,买盘
11:13:04,28.04,-0.04,65,182260,卖盘
11:13:09,28.06,0.02,23,64538,买盘
11:13:11,28.04,-0.02,37,103794,卖盘
11:13:14,28.05,0.01,83,232738,中性盘
11:13:17,28.06,0.01,6,16835,买盘
11:13:20,28.06,0.0,35,98162,买盘
11:13:23,28.04,-0.02,164,459860,卖盘
11:13:24,28.06,0.02,253,709802,买盘
11:13:29,28.05,-0.01,69,193492,卖盘
11:13:35,28.05,0.0,160,448568,买盘
11:13:38,28.03,-0.02,26,72881,卖盘
11:13:41,28.05,0.02,67,187897,买盘
11:13:44,28.07,0.02,73,204649,买盘
11:13:47,28.03,-0.04,28,78504,卖盘
11:13:50,28.03,0.0,30,84100,卖盘
11:13:53,28.03,0.0,41,114955,卖盘
11:13:56,28.03,0.0,26,72908,卖盘
11:13:59,28.05,0.02,15,42055,买盘
11:14:02,28.04,-0.01,87,244076,中性盘
11:14:05,28.03,-0.01,51,142991,卖盘
11:14:08,28.04,0.01,171,479472,买盘
11:14:11,28.03,-0.01,10,28039,卖盘
11:14:14,28.04,0.01,196,549417,买盘
11:14:17,28.04,0.0,2,5608,买盘
11:14:18,28.03,-0.01,112,314006,卖盘
11:14:23,28.04,0.01,34,95343,中性盘
11:14:26,28.06,0.02,41,114989,买盘
11:14:29,28.03,-0.03,29,81320,卖盘
11:14:31,28.05,0.02,16,44860,买盘
11:14:35,28.03,-0.02,33,92509,卖盘
11:14:38,28.04,0.01,17,47683,卖盘
11:14:41,28.04,0.0,29,81328,买盘
11:14:44,28.03,-0.01,76,213028,卖盘
11:14:45,28.04,0.01,5,14020,买盘
11:14:50,28.03,-0.01,48,134579,卖盘
11:14:53,28.03,0.0,39,109323,卖盘
11:14:54,28.04,0.01,101,283149,买盘
11:14:59,28.04,0.0,14,39256,买盘
11:15:02,28.03,-0.01,48,134525,卖盘
11:15:04,28.03,0.0,22,61661,买盘
11:15:08,28.03,0.0,142,397908,买盘
11:15:11,28.03,0.0,33,92490,买盘
11:15:13,28.02,-0.01,147,411903,卖盘
11:15:17,28.01,-0.01,43,122876,卖盘
11:15:20,28.03,0.02,33,92463,买盘
11:15:23,28.01,-0.02,63,176545,卖盘
11:15:26,28.04,0.03,44,123360,买盘
11:15:29,28.04,0.0,13,36434,买盘
11:15:32,28.04,0.0,24,67278,买盘
11:15:33,28.04,0.0,40,112122,买盘
11:15:38,28.02,-0.02,47,131744,卖盘
11:15:40,28.04,0.02,6,16824,买盘
11:15:44,28.04,0.0,117,327898,买盘
11:15:47,28.04,0.0,5,14020,买盘
11:15:48,28.03,-0.01,46,128979,卖盘
11:15:56,28.04,0.01,36,100968,卖盘
11:15:59,28.05,0.01,6,16830,买盘
11:16:02,28.03,-0.02,28,78522,卖盘
11:16:05,28.05,0.02,56,157049,买盘
11:16:08,28.03,-0.02,11,30833,卖盘
11:16:09,28.02,-0.01,26,72881,卖盘
11:16:14,28.02,0.0,101,283062,卖盘
11:16:17,28.04,0.02,28,78496,买盘
11:16:20,28.04,0.0,36,100894,买盘
11:16:23,28.02,-0.02,33,92470,卖盘
11:16:26,28.02,0.0,16,44842,卖盘
11:16:29,28.04,0.02,62,173817,买盘
11:16:31,28.03,-0.01,15,42043,中性盘
11:16:38,28.04,0.01,49,137352,买盘
11:16:41,28.04,0.0,3,8412,买盘
11:16:44,28.04,0.0,85,238188,买盘
11:16:47,28.04,0.0,22,61675,卖盘
11:16:50,28.07,0.03,50,140200,买盘
11:16:52,28.05,-0.02,11,30857,卖盘
11:16:58,28.05,0.0,5,14026,卖盘
11:17:02,28.06,0.01,18,50523,中性盘
11:17:05,28.06,0.0,7,19642,买盘
11:17:08,28.05,-0.01,23,64515,卖盘
11:17:11,28.05,0.0,37,103785,买盘
11:17:13,28.03,-0.02,75,210214,卖盘
11:17:17,28.02,-0.01,15,42035,卖盘
11:17:20,28.02,0.0,145,406560,卖盘
11:17:23,28.05,0.03,72,201892,买盘
11:17:26,28.03,-0.02,66,185083,卖盘
11:17:29,28.03,0.0,29,81297,卖盘
11:17:32,28.06,0.03,71,198986,买盘
11:17:33,28.06,0.0,30,84143,买盘
11:17:38,28.03,-0.03,13,36444,卖盘
11:17:40,28.03,0.0,24,67267,买盘
11:17:44,28.03,0.0,116,325063,买盘
11:17:47,28.03,0.0,15,42045,买盘
11:17:50,28.05,0.02,57,159775,中性盘
11:17:53,28.03,-0.02,16,42919,卖盘
11:17:56,28.06,0.03,23,64521,买盘
11:18:00,28.02,-0.04,48,134542,卖盘
11:18:02,28.06,0.04,2,5612,买盘
11:18:05,28.03,-0.03,13,36461,卖盘
11:18:08,28.05,0.02,24,67302,买盘
11:18:11,28.05,0.0,3,8415,买盘
11:18:14,28.02,-0.03,34,95276,卖盘
11:18:18,28.02,0.0,73,204567,卖盘
11:18:23,28.03,0.01,5,14015,买盘
11:18:26,28.03,0.0,4,11212,卖盘
11:18:28,28.04,0.01,36,100925,买盘
11:18:32,28.05,0.01,17,47685,买盘
11:18:35,28.04,-0.01,1,2804,卖盘
11:18:41,28.05,0.01,28,78540,买盘
11:18:44,28.02,-0.03,49,137340,卖盘
11:18:47,28.02,0.0,50,140109,卖盘
11:18:50,28.03,0.01,106,297036,买盘
11:18:53,28.03,0.0,24,67255,买盘
11:18:56,28.02,-0.01,34,95268,卖盘
11:18:59,28.03,0.01,79,222816,买盘
11:19:02,28.03,0.0,12,33644,卖盘
11:19:05,28.02,-0.01,90,252220,卖盘
11:19:11,28.02,0.0,41,114897,卖盘
11:19:14,28.03,0.01,35,98129,中性盘
11:19:15,28.03,0.0,4,11212,买盘
11:19:18,28.02,-0.01,61,170977,卖盘
11:19:23,28.04,0.02,61,171014,买盘
11:19:26,28.05,0.01,62,173804,买盘
11:19:28,28.05,0.0,16,44854,买盘
11:19:32,28.02,-0.03,232,650685,卖盘
11:19:35,28.05,0.03,12,33660,中性盘
11:19:38,28.01,-0.04,53,148503,卖盘
11:19:41,28.06,0.05,27,75677,买盘
11:19:44,28.01,-0.05,37,103640,卖盘
11:19:47,28.04,0.03,40,112108,买盘
11:19:48,28.04,0.0,4,11215,买盘
11:19:53,28.03,-0.01,71,199072,卖盘
11:19:54,28.04,0.01,72,201880,买盘
11:19:59,28.04,0.0,108,302758,买盘
11:20:01,28.03,-0.01,126,353211,卖盘
11:20:04,28.03,0.0,12,33636,买盘
11:20:08,28.03,0.0,121,339066,买盘
11:20:09,28.03,0.0,61,170958,买盘
11:20:14,28.02,-0.01,98,274612,卖盘
11:20:17,28.02,0.0,7,19614,买盘
11:20:20,28.05,0.03,100,280189,买盘
11:20:26,28.01,-0.04,29,81279,卖盘
11:20:29,28.03,0.02,7,19627,中性盘
11:20:32,28.06,0.03,33,92536,买盘
11:20:33,28.05,-0.01,1,2805,卖盘
11:20:38,28.02,-0.03,22,61704,卖盘
11:20:41,28.05,0.03,13,36470,中性盘
11:20:44,28.02,-0.03,35,98112,卖盘
11:20:47,28.03,0.01,1,2803,中性盘
11:20:50,28.04,0.01,56,157024,买盘
11:20:53,28.06,0.02,39,109417,买盘
11:20:56,28.04,-0.02,239,670678,卖盘
11:20:58,28.02,-0.02,32,89678,卖盘
11:21:02,28.06,0.04,23,64538,卖盘
11:21:05,28.06,0.0,20,56120,买盘
11:21:08,28.04,-0.02,13,36454,卖盘
11:21:11,28.06,0.02,49,137428,买盘
11:21:14,28.04,-0.02,18,50471,中性盘
11:21:18,28.04,0.0,94,263483,买盘
11:21:20,28.02,-0.02,57,159714,卖盘
11:21:21,28.02,0.0,169,473515,卖盘
11:21:26,28.01,-0.01,224,627439,卖盘
11:21:29,28.02,0.01,50,140108,买盘
11:21:32,28.02,0.0,319,893848,卖盘
11:21:35,28.03,0.01,19,53249,买盘
11:21:38,28.02,-0.01,172,481960,卖盘
11:21:41,28.02,0.0,54,151334,卖盘
11:21:44,28.03,0.01,86,240977,买盘
11:21:47,28.02,-0.01,251,703519,卖盘
11:21:50,28.02,0.0,37,103691,卖盘
11:21:53,28.02,0.0,36,100875,卖盘
11:21:56,28.01,-0.01,141,395072,卖盘
11:21:58,28.04,0.03,267,748649,买盘
11:22:02,28.04,0.0,85,238340,买盘
11:22:04,28.05,0.01,178,499132,买盘
11:22:08,28.06,0.01,62,173884,买盘
11:22:11,28.07,0.01,54,151457,买盘
11:22:14,28.04,-0.03,90,252383,卖盘
11:22:15,28.04,0.0,3,8412,卖盘
11:22:20,28.05,0.01,58,162633,买盘
11:22:23,28.05,0.0,13,36468,卖盘
11:22:26,28.07,0.02,16,44894,买盘
11:22:29,28.07,0.0,15,42082,买盘
11:22:32,28.07,0.0,14,39298,买盘
11:22:35,28.05,-0.02,12,33662,卖盘
11:22:38,28.05,0.0,9,25245,卖盘
11:22:41,28.07,0.02,34,95436,买盘
11:22:45,28.03,-0.04,96,269148,卖盘
11:22:47,28.05,0.02,22,61746,中性盘
11:22:50,28.03,-0.02,69,193473,卖盘
11:22:56,28.05,0.02,15,42080,卖盘
11:22:59,28.05,0.0,2,5611,卖盘
11:23:02,28.05,0.0,7,19638,卖盘
11:23:05,28.06,0.01,15,42081,买盘
11:23:08,28.04,-0.02,30,84139,卖盘
11:23:14,28.04,0.0,9,25240,卖盘
11:23:15,28.03,-0.01,152,426369,卖盘
11:23:23,28.03,0.0,87,243944,卖盘
11:23:26,28.03,0.0,37,103823,卖盘
11:23:29,28.03,0.0,34,95357,卖盘
11:23:32,28.03,0.0,19,53262,卖盘
11:23:33,28.06,0.03,18,50466,买盘
11:23:38,28.04,-0.02,29,81331,卖盘
11:23:41,28.03,-0.01,16,44862,卖盘
11:23:43,28.02,-0.01,68,190592,卖盘
11:23:48,28.06,0.04,49,137347,买盘
11:23:50,28.07,0.01,25,70123,买盘
11:23:54,28.05,-0.02,21,58905,卖盘
11:23:59,28.07,0.02,18,50520,买盘
11:24:02,28.07,0.0,1,2807,买盘
11:24:05,28.06,-0.01,29,81364,买盘
11:24:08,28.06,0.0,62,173836,买盘
11:24:11,28.03,-0.03,131,367553,卖盘
11:24:14,28.02,-0.01,24,67263,卖盘
11:24:17,28.02,0.0,5,14010,卖盘
11:24:20,28.04,0.02,107,299826,买盘
11:24:23,28.04,0.0,33,92507,买盘
11:24:26,28.02,-0.02,67,187766,卖盘
11:24:29,28.04,0.02,19,53258,买盘
11:24:32,28.04,0.0,16,44864,买盘
11:24:33,28.03,-0.01,2,5607,卖盘
11:24:38,28.02,-0.01,41,114884,卖盘
11:24:41,28.04,0.02,2,5608,买盘
11:24:44,28.04,0.0,124,347566,买盘
11:24:47,28.04,0.0,39,109355,买盘
11:24:50,28.04,0.0,61,170962,买盘
11:24:53,28.04,0.0,12,33648,卖盘
11:24:54,28.05,0.01,17,47669,买盘
11:24:59,28.04,-0.01,2,5608,卖盘
11:25:01,28.05,0.01,1,2805,买盘
11:25:05,28.05,0.0,59,165446,买盘
11:25:08,28.05,0.0,20,56100,买盘
11:25:11,28.05,0.0,14,39270,卖盘
11:25:14,28.04,-0.01,81,227079,卖盘
11:25:18,28.04,0.0,36,100930,买盘
11:25:20,28.03,-0.01,48,134640,卖盘
11:25:23,28.02,-0.01,45,126093,卖盘
11:25:26,28.04,0.02,33,92514,买盘
11:25:30,28.05,0.01,17,47670,买盘
11:25:33,28.03,-0.02,9,25234,卖盘
11:25:36,28.05,0.02,17,47683,买盘
11:25:40,28.02,-0.03,13,36439,卖盘
11:25:44,28.03,0.01,11,30824,中性盘
11:25:50,28.03,0.0,18,50454,买盘
11:25:53,28.03,0.0,68,190542,买盘
11:25:56,28.03,0.0,2,5606,买盘
11:26:00,28.02,-0.01,22,61654,卖盘
11:26:02,28.03,0.01,37,103711,买盘
11:26:05,28.02,-0.01,75,210150,卖盘
11:26:08,28.03,0.01,44,123317,买盘
11:26:12,28.03,0.0,37,103695,买盘
11:26:15,28.02,-0.01,91,254983,卖盘
11:26:15,28.03,0.01,132,369772,买盘
11:26:20,28.01,-0.02,46,128848,卖盘
11:26:23,28.01,0.0,19,53251,卖盘
11:26:26,28.03,0.02,55,154079,买盘
11:26:29,28.03,0.0,84,235386,买盘
11:26:33,28.03,0.0,31,86893,买盘
11:26:35,28.01,-0.02,143,400613,卖盘
11:26:38,28.02,0.01,44,123308,卖盘
11:26:42,28.02,0.0,61,170930,卖盘
11:26:44,28.03,0.01,109,305439,买盘
11:26:47,28.02,-0.01,46,128933,卖盘
11:26:50,28.02,0.0,80,224207,卖盘
11:26:53,28.02,0.0,21,58848,卖盘
11:26:57,28.02,0.0,61,170964,卖盘
11:26:58,28.02,0.0,10,28032,卖盘
11:27:03,28.05,0.03,12,33654,买盘
11:27:05,28.02,-0.03,13,36427,卖盘
11:27:08,28.05,0.03,29,81339,买盘
11:27:11,28.04,-0.01,3,8412,买盘
11:27:15,28.02,-0.02,81,226975,卖盘
11:27:17,28.04,0.02,14,39255,买盘
11:27:20,28.05,0.01,6,16824,买盘
11:27:23,28.03,-0.02,42,117726,卖盘
11:27:26,28.04,0.01,17,47677,中性盘
11:27:28,28.05,0.01,30,84150,买盘
11:27:32,28.05,0.0,94,263647,买盘
11:27:35,28.05,0.0,43,120575,买盘
11:27:38,28.05,0.0,1,2805,买盘
11:27:41,28.05,0.0,31,86925,买盘
11:27:45,28.03,-0.02,91,255081,卖盘
11:27:48,28.03,0.0,8,22424,卖盘
11:27:51,28.02,-0.01,62,173732,卖盘
11:27:53,28.02,0.0,56,156972,卖盘
11:27:56,28.02,0.0,33,92485,卖盘
11:27:59,28.02,0.0,41,114894,卖盘
11:28:01,28.04,0.02,18,50452,买盘
11:28:05,28.04,0.0,56,157073,卖盘
11:28:09,28.05,0.01,20,56100,买盘
11:28:11,28.05,0.0,84,235519,买盘
11:28:14,28.03,-0.02,46,128967,中性盘
11:28:18,28.02,-0.01,49,137308,卖盘
11:28:21,28.02,0.0,51,142912,卖盘
11:28:23,28.02,0.0,13,36426,卖盘
11:28:26,28.03,0.01,67,187756,买盘
11:28:30,28.03,0.0,4,11212,买盘
11:28:32,28.02,-0.01,2,5604,卖盘
11:28:35,28.03,0.01,26,72866,买盘
11:28:38,28.03,0.0,3,8409,卖盘
11:28:41,28.03,0.0,30,84075,买盘
11:28:44,28.01,-0.02,65,182081,卖盘
11:28:47,28.03,0.02,5,14013,买盘
11:28:48,28.05,0.02,1,2805,买盘
11:28:53,28.05,0.0,16,44880,买盘
11:28:56,28.03,-0.02,9,25227,卖盘
11:28:59,28.02,-0.01,42,117759,卖盘
11:29:03,28.02,0.0,15,42035,卖盘
11:29:06,28.01,-0.01,10,28010,卖盘
11:29:08,28.03,0.02,11,30829,买盘
11:29:12,28.04,0.01,18,50450,买盘
11:29:15,28.02,-0.02,4,11208,卖盘
11:29:18,28.01,-0.01,76,212881,卖盘
11:29:18,28.01,0.0,19,53219,卖盘
11:29:24,28.04,0.03,1,2804,买盘
11:29:24,28.02,-0.02,1,2802,卖盘
11:29:30,28.04,0.02,28,78452,买盘
11:29:33,28.04,0.0,19,53276,买盘
11:29:35,28.04,0.0,6,16824,买盘
11:29:39,28.02,-0.02,14,39250,卖盘
11:29:40,28.02,0.0,67,187816,卖盘
11:29:44,28.02,0.0,21,58854,卖盘
11:29:48,28.03,0.01,3,8409,买盘
11:29:51,28.01,-0.02,50,140056,卖盘
11:29:54,28.03,0.02,14,39244,卖盘
11:29:56,28.02,-0.01,11,30833,卖盘
11:29:58,28.02,0.0,1,2802,卖盘
13:00:01,28.03,0.01,717,2009448,买盘
13:00:07,28.03,0.0,185,518577,卖盘
13:00:09,28.02,-0.01,128,358739,卖盘
13:00:10,28.03,0.01,418,1171454,买盘
13:00:15,28.03,0.0,62,173806,卖盘
13:00:18,28.03,0.0,53,148586,卖盘
13:00:20,28.05,0.02,271,759446,买盘
13:00:24,28.06,0.01,72,201867,买盘
13:00:27,28.06,0.0,56,157125,买盘
13:00:30,28.04,-0.02,67,187901,卖盘
13:00:33,28.02,-0.02,55,154125,卖盘
13:00:39,28.05,0.03,81,226981,买盘
13:00:42,28.05,0.0,29,81300,买盘
13:00:45,28.03,-0.02,105,294126,卖盘
13:00:48,28.04,0.01,31,86928,买盘
13:00:51,28.03,-0.01,52,145684,中性盘
13:00:54,28.03,0.0,23,64451,买盘
13:00:56,28.01,-0.02,26,72852,卖盘
13:01:00,28.03,0.02,25,70056,买盘
13:01:03,28.03,0.0,98,274546,卖盘
13:01:06,28.01,-0.02,23,64435,卖盘
13:01:09,28.03,0.02,36,100856,买盘
13:01:12,28.03,0.0,36,100898,买盘
13:01:15,28.03,0.0,517,1448151,买盘
13:01:18,28.01,-0.02,11,30813,卖盘
13:01:20,28.03,0.02,252,705843,买盘
13:01:24,28.03,0.0,17,47653,中性盘
13:01:27,28.03,0.0,60,168180,卖盘
13:01:28,28.03,0.0,13,36439,卖盘
13:01:33,28.02,-0.01,96,269089,卖盘
13:01:36,28.04,0.02,1,2804,买盘
13:01:38,28.03,-0.01,8,22422,卖盘
13:01:42,28.03,0.0,2,5606,买盘
13:01:45,28.02,-0.01,25,70055,卖盘
13:01:46,28.01,-0.01,2,5603,卖盘
13:01:51,28.0,-0.01,80,224013,卖盘
13:01:54,28.01,0.01,20,56020,买盘
13:01:57,28.01,0.0,89,249203,买盘
13:02:00,28.0,-0.01,4,11200,卖盘
13:02:03,28.0,0.0,151,422806,卖盘
13:02:04,28.01,0.01,10,28012,中性盘
13:02:09,28.01,0.0,34,95235,卖盘
13:02:12,28.0,-0.01,35,98006,卖盘
13:02:15,28.0,0.0,29,81210,卖盘
13:02:18,28.01,0.01,70,196059,买盘
13:02:21,28.0,-0.01,99,277285,卖盘
13:02:24,28.01,0.01,65,182065,买盘
13:02:27,28.01,0.0,196,548837,买盘
13:02:30,28.01,0.0,33,92433,买盘
13:02:33,28.01,0.0,183,512425,买盘
13:02:36,28.0,-0.01,33,92414,卖盘
13:02:39,28.01,0.01,120,336054,买盘
13:02:42,28.01,0.0,105,294046,买盘
13:02:45,28.0,-0.01,85,238028,卖盘
13:02:46,28.0,0.0,29,81214,卖盘
13:02:51,28.01,0.01,89,249234,买盘
13:02:54,28.01,0.0,1,2801,买盘
13:02:57,28.0,-0.01,215,602015,卖盘
13:03:00,28.0,0.0,92,257623,卖盘
13:03:01,28.0,0.0,229,641215,卖盘
13:03:06,28.0,0.0,41,114802,卖盘
13:03:09,28.0,0.0,131,366843,卖盘
13:03:12,28.0,0.0,49,137234,卖盘
13:03:15,28.01,0.01,106,296840,买盘
13:03:18,28.0,-0.01,80,224030,卖盘
13:03:21,28.0,0.0,70,196030,卖盘
13:03:24,28.0,0.0,58,162431,卖盘
13:03:25,28.0,0.0,268,750421,卖盘
13:03:30,28.0,0.0,126,352809,卖盘
13:03:33,28.0,0.0,360,1008006,卖盘
13:03:36,28.0,0.0,79,221219,卖盘
13:03:39,28.0,0.0,156,436800,卖盘
13:03:42,28.0,0.0,166,464800,卖盘
13:03:45,28.01,0.01,122,341618,买盘
13:03:48,28.01,0.0,601,1682823,买盘
13:03:51,28.01,0.0,202,565634,买盘
13:03:54,28.01,0.0,115,322003,买盘
13:03:56,27.99,-0.02,203,568403,卖盘
13:04:00,27.99,0.0,95,265935,卖盘
13:04:01,27.99,0.0,100,279907,卖盘
13:04:06,28.0,0.01,140,391976,买盘
13:04:08,28.0,0.0,85,237952,买盘
13:04:12,27.99,-0.01,59,165145,卖盘
13:04:13,27.99,0.0,43,120367,卖盘
13:04:18,28.0,0.01,23,64398,买盘
13:04:21,27.99,-0.01,35,97980,卖盘
13:04:24,27.99,0.0,49,137151,卖盘
13:04:27,27.98,-0.01,148,412430,卖盘
13:04:30,27.99,0.01,35,97949,买盘
13:04:33,27.98,-0.01,84,235037,卖盘
13:04:36,27.98,0.0,56,156688,卖盘
13:04:39,27.98,0.0,20,55975,卖盘
13:04:42,27.99,0.01,114,318989,买盘
13:04:45,27.98,-0.01,21,58758,卖盘
13:04:48,27.98,0.0,80,223857,卖盘
13:04:51,27.99,0.01,207,579219,买盘
13:04:54,27.98,-0.01,39,109123,卖盘
13:04:57,27.98,0.0,143,400114,卖盘
13:04:58,27.99,0.01,139,388923,买盘
13:05:01,27.98,-0.01,100,279822,卖盘
13:05:06,27.97,-0.01,118,330066,卖盘
13:05:08,27.97,0.0,30,83913,卖盘
13:05:12,27.97,0.0,55,153841,卖盘
13:05:15,27.99,0.02,17,47583,买盘
13:05:18,27.98,-0.01,31,86738,卖盘
13:05:21,27.98,0.0,2,5596,卖盘
13:05:24,27.98,0.0,37,103525,卖盘
13:05:27,27.98,0.0,126,352549,买盘
13:05:30,27.98,0.0,69,193049,买盘
13:05:33,27.98,0.0,96,268527,买盘
13:05:36,27.98,0.0,346,968301,买盘
13:05:39,27.97,-0.01,69,193004,卖盘
13:05:42,27.98,0.01,164,458568,买盘
13:05:44,27.98,0.0,28,78305,买盘
13:05:48,27.98,0.0,65,181784,买盘
13:05:51,27.98,0.0,34,95082,买盘
13:05:54,27.98,0.0,3,8394,买盘
13:05:56,27.96,-0.02,305,852842,卖盘
13:05:58,27.96,0.0,25,69915,卖盘
13:06:03,27.96,0.0,198,553608,卖盘
13:06:04,27.97,0.01,31,86686,买盘
13:06:08,27.97,0.0,75,209730,买盘
13:06:11,27.97,0.0,29,81099,买盘
13:06:15,27.97,0.0,42,117451,买盘
13:06:17,27.97,0.0,32,89474,买盘
13:06:20,27.97,0.0,29,81113,买盘
13:06:23,27.97,0.0,58,162209,买盘
13:06:27,27.96,-0.01,190,531243,卖盘
13:06:28,27.97,0.01,4,11188,买盘
13:06:33,27.98,0.01,144,402660,买盘
13:06:36,27.96,-0.02,70,195727,卖盘
13:06:42,27.96,0.0,103,287908,买盘
13:06:45,27.95,-0.01,42,117405,卖盘
13:06:48,27.96,0.01,165,461319,买盘
13:06:49,27.96,0.0,50,139789,买盘
13:06:54,27.96,0.0,88,245979,买盘
13:07:00,27.95,-0.01,196,547826,卖盘
13:07:03,27.96,0.01,83,232003,买盘
13:07:06,27.95,-0.01,81,226397,卖盘
13:07:09,27.96,0.01,54,150936,买盘
13:07:12,27.95,-0.01,91,254393,卖盘
13:07:13,27.96,0.01,100,279579,买盘
13:07:18,27.96,0.0,59,164909,买盘
13:07:21,27.95,-0.01,1,2795,卖盘
13:07:24,27.96,0.01,32,89442,买盘
13:07:25,27.96,0.0,38,106230,买盘
13:07:30,27.95,-0.01,158,441610,卖盘
13:07:33,27.95,0.0,129,360576,卖盘
13:07:34,27.96,0.01,81,226425,买盘
13:07:39,27.95,-0.01,55,153726,卖盘
13:07:42,27.96,0.01,56,156522,买盘
13:07:45,27.94,-0.02,60,167695,卖盘
13:07:48,27.96,0.02,77,215209,买盘
13:07:49,27.95,-0.01,18,50314,卖盘
13:07:54,27.96,0.01,23,64287,买盘
13:07:56,27.96,0.0,130,363480,买盘
13:08:00,27.95,-0.01,64,178880,卖盘
13:08:03,27.94,-0.01,142,396771,卖盘
13:08:04,27.95,0.01,20,55879,买盘
13:08:09,27.95,0.0,105,293341,买盘
13:08:12,27.95,0.0,27,75435,买盘
13:08:15,27.94,-0.01,23,64263,卖盘
13:08:18,27.94,0.0,22,61470,卖盘
13:08:20,27.93,-0.01,29,81031,卖盘
13:08:24,27.94,0.01,19,53077,买盘
13:08:27,27.93,-0.01,28,78209,卖盘
13:08:30,27.93,0.0,172,480425,卖盘
13:08:32,27.94,0.01,122,340782,买盘
13:08:36,27.94,0.0,125,349203,买盘
13:08:39,27.94,0.0,12,33528,卖盘
13:08:42,27.93,-0.01,153,427390,卖盘
13:08:45,27.95,0.02,81,226257,买盘
13:08:46,27.94,-0.01,38,106144,买盘
13:08:51,27.94,0.0,74,206691,买盘
13:08:54,27.93,-0.01,118,329596,卖盘
13:08:57,27.94,0.01,28,78234,卖盘
13:09:00,27.93,-0.01,79,220649,卖盘
13:09:03,27.93,0.0,204,569874,卖盘
13:09:06,27.93,0.0,78,217873,卖盘
13:09:09,27.93,0.0,124,346348,卖盘
13:09:12,27.93,0.0,136,379810,卖盘
13:09:15,27.93,0.0,49,136857,卖盘
13:09:18,27.94,0.01,211,589339,买盘
13:09:21,27.93,-0.01,60,167581,卖盘
13:09:24,27.93,0.0,16,44696,卖盘
13:09:27,27.93,0.0,74,206682,卖盘
13:09:30,27.93,0.0,71,198305,卖盘
13:09:33,27.93,0.0,142,396491,买盘
13:09:35,27.92,-0.01,90,251304,卖盘
13:09:39,27.92,0.0,67,187089,卖盘
13:09:42,27.92,0.0,113,315506,卖盘
13:09:45,27.92,0.0,41,114472,卖盘
13:09:48,27.92,0.0,56,156352,卖盘
13:09:50,27.94,0.02,250,698250,买盘
13:09:54,27.93,-0.01,36,100548,卖盘
13:09:57,27.93,0.0,69,192717,卖盘
13:10:00,27.94,0.01,262,731793,买盘
13:10:03,27.94,0.0,87,242999,卖盘
13:10:06,27.94,0.0,143,399430,卖盘
13:10:09,27.94,0.0,30,83830,卖盘
13:10:12,27.94,0.0,110,307325,卖盘
13:10:15,27.95,0.01,78,217950,买盘
13:10:18,27.93,-0.02,53,148046,卖盘
13:10:21,27.94,0.01,18,50292,买盘
13:10:23,27.94,0.0,44,122936,卖盘
13:10:27,27.93,-0.01,23,64249,卖盘
13:10:30,27.93,0.0,243,678752,卖盘
13:10:33,27.95,0.02,32,89417,买盘
13:10:36,27.92,-0.03,160,446794,卖盘
13:10:39,27.95,0.03,89,248708,买盘
13:10:42,27.94,-0.01,76,212331,卖盘
13:10:45,27.94,0.0,19,53104,买盘
13:10:48,27.96,0.02,47,131323,买盘
13:10:51,27.95,-0.01,15,41915,买盘
13:10:54,27.94,-0.01,4,11177,卖盘
13:10:57,27.95,0.01,37,103415,买盘
13:11:00,27.94,-0.01,105,293370,卖盘
13:11:03,27.94,0.0,94,262571,买盘
13:11:06,27.94,0.0,22,61463,买盘
13:11:08,27.94,0.0,35,97765,买盘
13:11:12,27.93,-0.01,112,312833,卖盘
13:11:15,27.94,0.01,1,2794,中性盘
13:11:17,27.95,0.01,17,47512,买盘
13:11:20,27.94,-0.01,14,39117,卖盘
13:11:23,27.95,0.01,78,217967,买盘
13:11:26,27.94,-0.01,37,103404,卖盘
13:11:30,27.94,0.0,95,265462,卖盘
13:11:33,27.94,0.0,90,251476,卖盘
13:11:35,27.94,0.0,62,173283,卖盘
13:11:39,27.94,0.0,70,195599,卖盘
13:11:40,27.94,0.0,47,131315,买盘
13:11:44,27.94,0.0,15,41910,买盘
13:11:48,27.94,0.0,50,139666,买盘
13:11:51,27.94,0.0,20,55864,买盘
13:11:53,27.93,-0.01,34,94985,卖盘
13:11:57,27.94,0.01,16,44704,卖盘
13:12:00,27.94,0.0,30,83823,买盘
13:12:03,27.94,0.0,130,363120,买盘
13:12:06,27.93,-0.01,42,117321,卖盘
13:12:09,27.93,0.0,41,114517,卖盘
13:12:12,27.94,0.01,4,11176,买盘
13:12:15,27.94,0.0,16,44704,买盘
13:12:17,27.94,0.0,16,44704,买盘
13:12:21,27.94,0.0,5,13970,买盘
13:12:23,27.94,0.0,177,494378,买盘
13:12:27,27.94,0.0,23,64243,买盘
13:12:30,27.92,-0.02,116,324002,卖盘
13:12:33,27.92,0.0,116,323890,卖盘
13:12:35,27.93,0.01,98,273694,买盘
13:12:39,27.93,0.0,51,142445,卖盘
13:12:45,27.94,0.01,21,58654,买盘
13:12:48,27.93,-0.01,85,237421,卖盘
13:12:50,27.94,0.01,84,234613,买盘
13:12:54,27.92,-0.02,17,47468,卖盘
13:12:57,27.93,0.01,194,541732,买盘
13:12:58,27.92,-0.01,158,441195,卖盘
13:13:03,27.92,0.0,509,1421128,卖盘
13:13:06,27.91,-0.01,64,178641,卖盘
13:13:09,27.92,0.01,232,647538,买盘
13:13:12,27.92,0.0,77,214928,买盘
13:13:15,27.91,-0.01,444,1239224,卖盘
13:13:17,27.91,0.0,38,106058,卖盘
13:13:21,27.93,0.02,967,2699844,买盘
13:13:24,27.93,0.0,33,92169,卖盘
13:13:27,27.93,0.0,39,108927,卖盘
13:13:30,27.92,-0.01,332,926917,卖盘
13:13:33,27.91,-0.01,29,80945,卖盘
13:13:36,27.93,0.02,63,175840,买盘
13:13:39,27.91,-0.02,163,455042,卖盘
13:13:42,27.93,0.02,98,275896,买盘
13:13:45,27.92,-0.01,39,108857,卖盘
13:13:48,27.93,0.01,49,136774,买盘
13:13:51,27.92,-0.01,20,55832,卖盘
13:13:54,27.91,-0.01,59,164712,卖盘
13:13:56,27.92,0.01,69,192654,买盘
13:13:58,27.92,0.0,12,33493,买盘
13:14:03,27.92,0.0,257,717512,中性盘
13:14:05,27.91,-0.01,93,259584,卖盘
13:14:09,27.91,0.0,72,200982,卖盘
13:14:12,27.91,0.0,58,161891,卖盘
13:14:15,27.92,0.01,31,86552,卖盘
13:14:18,27.93,0.01,14,39094,买盘
13:14:21,27.93,0.0,283,790418,买盘
13:14:23,27.93,0.0,88,245784,买盘
13:14:26,27.95,0.02,39,108942,买盘
13:14:30,27.95,0.0,200,558573,买盘
13:14:33,27.93,-0.02,4,11172,买盘
13:14:36,27.93,0.0,88,245718,买盘
13:14:39,27.93,0.0,39,108912,买盘
13:14:42,27.93,0.0,7,19551,买盘
13:14:45,27.93,0.0,2,5586,买盘
13:14:48,27.93,0.0,322,899341,买盘
13:14:50,27.93,0.0,92,256990,买盘
13:14:53,27.93,0.0,7,19551,卖盘
13:14:57,27.94,0.01,70,195580,中性盘
13:15:00,27.95,0.01,69,192799,买盘
13:15:03,27.94,-0.01,223,622846,中性盘
13:15:06,27.93,-0.01,20,55863,卖盘
13:15:09,27.93,0.0,99,276546,卖盘
13:15:12,27.95,0.02,12,33533,买盘
13:15:15,27.94,-0.01,5,13971,卖盘
13:15:18,27.94,0.0,29,81045,卖盘
13:15:21,27.95,0.01,22,61485,买盘
13:15:24,27.94,-0.01,45,125739,卖盘
13:15:25,27.94,0.0,5,13971,卖盘
13:15:30,27.95,0.01,11,30741,买盘
13:15:32,27.94,-0.01,122,340856,卖盘
13:15:35,27.94,0.0,21,58673,买盘
13:15:39,27.94,0.0,88,245810,买盘
13:15:42,27.94,0.0,45,125726,买盘
13:15:45,27.95,0.01,123,343727,买盘
13:15:48,27.94,-0.01,19,53097,卖盘
13:15:51,27.96,0.02,43,120156,买盘
13:15:54,27.96,0.0,24,67094,买盘
13:15:56,27.94,-0.02,19,53086,卖盘
13:15:59,27.94,0.0,70,195585,卖盘
13:16:03,27.94,0.0,41,114556,卖盘
13:16:06,27.94,0.0,45,125716,买盘
13:16:09,27.94,0.0,44,122912,买盘
13:16:12,27.93,-0.01,28,78210,卖盘
13:16:15,27.94,0.01,30,83806,买盘
13:16:18,27.94,0.0,30,83799,买盘
13:16:21,27.95,0.01,25,69866,买盘
13:16:24,27.94,-0.01,8,22352,卖盘
13:16:27,27.95,0.01,27,75454,买盘
13:16:30,27.94,-0.01,7,19560,卖盘
13:16:33,27.94,0.0,108,301753,卖盘
13:16:36,27.93,-0.01,20,55860,卖盘
13:16:39,27.94,0.01,32,89394,买盘
13:16:42,27.93,-0.01,31,86583,卖盘
13:16:45,27.93,0.0,28,78214,卖盘
13:16:48,27.94,0.01,7,19558,买盘
13:16:51,27.93,-0.01,29,81020,卖盘
13:16:53,27.93,0.0,46,128521,卖盘
13:16:57,27.93,0.0,18,50275,卖盘
13:16:58,27.94,0.01,74,206722,买盘
13:17:03,27.93,-0.01,155,432946,卖盘
13:17:05,27.94,0.01,27,75423,卖盘
13:17:08,27.93,-0.01,39,108931,卖盘
13:17:11,27.95,0.02,50,139691,买盘
13:17:14,27.94,-0.01,78,217955,卖盘
13:17:19,27.94,0.0,6,16764,卖盘
13:17:21,27.94,0.0,34,94998,卖盘
13:17:23,27.95,0.01,27,75459,买盘
13:17:27,27.94,-0.01,13,36322,卖盘
13:17:30,27.94,0.0,87,243094,卖盘
13:17:33,27.95,0.01,128,357663,买盘
13:17:36,27.94,-0.01,62,173254,卖盘
13:17:39,27.94,0.0,25,69851,卖盘
13:17:40,27.95,0.01,36,100586,买盘
13:17:45,27.94,-0.01,58,162094,卖盘
13:17:48,27.94,0.0,102,284988,卖盘
13:17:51,27.94,0.0,175,488954,卖盘
13:17:54,27.94,0.0,89,248641,卖盘
13:17:56,27.95,0.01,68,190008,买盘
13:18:00,27.93,-0.02,180,502792,卖盘
13:18:02,27.93,0.0,167,466438,卖盘
13:18:06,27.94,0.01,83,231841,买盘
13:18:09,27.93,-0.01,49,136858,卖盘
13:18:11,27.94,0.01,75,209492,买盘
13:18:15,27.94,0.0,30,83799,买盘
13:18:18,27.94,0.0,34,94984,买盘
13:18:21,27.93,-0.01,9,25142,卖盘
13:18:23,27.94,0.01,17,47497,买盘
13:18:27,27.94,0.0,5,13966,买盘
13:18:30,27.95,0.01,670,1872589,买盘
13:18:33,27.95,0.0,75,209625,卖盘
13:18:36,27.95,0.0,338,944375,卖盘
13:18:39,27.94,-0.01,78,217865,卖盘
13:18:42,27.94,0.0,7,19549,买盘
13:18:45,27.92,-0.02,135,377267,卖盘
13:18:48,27.93,0.01,6,16762,卖盘
13:18:50,27.96,0.03,67,187131,买盘
13:18:54,27.92,-0.04,6,16761,卖盘
13:18:57,27.93,0.01,1,2793,卖盘
13:19:00,27.92,-0.01,66,184284,卖盘
13:19:02,27.94,0.02,18,50292,买盘
13:19:06,27.93,-0.01,49,136839,卖盘
13:19:08,27.92,-0.01,23,64217,卖盘
13:19:11,27.93,0.01,40,111705,买盘
13:19:15,27.93,0.0,32,89351,买盘
13:19:17,27.92,-0.01,308,860311,卖盘
13:19:21,27.92,0.0,33,92139,卖盘
13:19:23,27.92,0.0,49,136838,卖盘
13:19:27,27.93,0.01,25,69814,卖盘
13:19:30,27.92,-0.01,133,371363,卖盘
13:19:33,27.95,0.03,41,114522,买盘
13:19:36,27.93,-0.02,72,201135,卖盘
13:19:39,27.93,0.0,59,164760,买盘
13:19:42,27.93,0.0,21,58640,买盘
13:19:45,27.93,0.0,118,329542,买盘
13:19:48,27.92,-0.01,58,161937,卖盘
13:19:51,27.93,0.01,130,363058,买盘
13:19:53,27.92,-0.01,32,89358,卖盘
13:19:56,27.92,0.0,75,209426,卖盘
13:20:00,27.92,0.0,16,44672,卖盘
13:20:02,27.92,0.0,89,248497,卖盘
13:20:05,27.93,0.01,183,510979,买盘
13:20:09,27.92,-0.01,213,594748,卖盘
13:20:12,27.93,0.01,53,148015,卖盘
13:20:14,27.91,-0.02,386,1077806,卖盘
13:20:18,27.93,0.02,54,150853,卖盘
13:20:21,27.93,0.0,30,83792,卖盘
13:20:24,27.94,0.01,112,312799,买盘
13:20:27,27.93,-0.01,48,134111,卖盘
13:20:29,27.93,0.0,158,441360,卖盘
13:20:33,27.94,0.01,29,81010,中性盘
13:20:36,27.92,-0.02,97,270893,卖盘
13:20:39,27.93,0.01,54,150784,买盘
13:20:42,27.93,0.0,39,108913,买盘
13:20:45,27.92,-0.01,56,156364,卖盘
13:20:47,27.93,0.01,84,234589,买盘
13:20:51,27.93,0.0,23,64239,买盘
13:20:54,27.93,0.0,41,114481,买盘
13:20:56,27.93,0.0,14,39096,买盘
13:21:00,27.93,0.0,2,5586,买盘
13:21:03,27.93,0.0,119,332282,买盘
13:21:06,27.91,-0.02,17,47463,卖盘
13:21:09,27.92,0.01,85,237279,买盘
13:21:12,27.92,0.0,21,58628,买盘
13:21:15,27.91,-0.01,63,175887,卖盘
13:21:18,27.92,0.01,114,318260,买盘
13:21:21,27.92,0.0,53,148000,卖盘
13:21:24,27.92,0.0,31,86568,卖盘
13:21:27,27.91,-0.01,15,41872,卖盘
13:21:30,27.91,0.0,91,253995,卖盘
13:21:32,27.92,0.01,62,173147,中性盘
13:21:35,27.92,0.0,57,159168,卖盘
13:21:39,27.92,0.0,126,351737,买盘
13:21:42,27.91,-0.01,54,150762,卖盘
13:21:45,27.92,0.01,32,89320,买盘
13:21:48,27.91,-0.01,74,206577,卖盘
13:21:51,27.92,0.01,60,167497,买盘
13:21:54,27.92,0.0,27,75373,买盘
13:21:57,27.92,0.0,39,108875,买盘
13:22:00,27.91,-0.01,101,281953,卖盘
13:22:03,27.91,0.0,11,30707,卖盘
13:22:06,27.92,0.01,162,452174,卖盘
13:22:08,27.91,-0.01,42,117239,卖盘
13:22:12,27.92,0.01,66,184217,买盘
13:22:15,27.92,0.0,56,156332,买盘
13:22:18,27.92,0.0,27,75375,买盘
13:22:20,27.92,0.0,80,223330,卖盘
13:22:24,27.92,0.0,18,50256,卖盘
13:22:27,27.92,0.0,31,86552,卖盘
13:22:30,27.91,-0.01,133,371358,卖盘
13:22:32,27.93,0.02,31,86583,买盘
13:22:36,27.92,-0.01,46,128442,卖盘
13:22:38,27.92,0.0,38,106071,买盘
13:22:42,27.92,0.0,77,214923,买盘
13:22:45,27.92,0.0,14,39080,买盘
13:22:48,27.91,-0.01,8,22330,卖盘
13:22:50,27.91,0.0,39,108871,卖盘
13:22:54,27.92,0.01,193,538713,买盘
13:22:57,27.91,-0.01,35,97692,卖盘
13:23:00,27.92,0.01,4,11168,买盘
13:23:03,27.92,0.0,159,443778,买盘
13:23:06,27.91,-0.01,26,72586,卖盘
13:23:09,27.91,0.0,521,1454139,卖盘
13:23:12,27.92,0.01,55,153558,买盘
13:23:15,27.92,0.0,12,33504,买盘
13:23:18,27.92,0.0,33,92136,卖盘
13:23:21,27.92,0.0,11,30712,卖盘
13:23:24,27.91,-0.01,233,650325,卖盘
13:23:27,27.91,0.0,40,111683,卖盘
13:23:30,27.91,0.0,71,198182,卖盘
13:23:33,27.92,0.01,9,25128,中性盘
13:23:35,27.91,-0.01,90,251190,卖盘
13:23:38,27.91,0.0,212,591683,卖盘
13:23:42,27.91,0.0,47,131138,买盘
13:23:44,27.9,-0.01,53,147883,卖盘
13:23:48,27.91,0.01,57,159075,买盘
13:23:51,27.9,-0.01,52,145109,卖盘
13:23:54,27.9,0.0,28,78124,卖盘
13:23:57,27.91,0.01,19,53017,买盘
13:24:00,27.91,0.0,45,125590,买盘
13:24:03,27.9,-0.01,128,357161,卖盘
13:24:06,27.91,0.01,25,69773,卖盘
13:24:09,27.91,0.0,187,521761,买盘
13:24:12,27.91,0.0,29,80930,买盘
13:24:15,27.91,0.0,78,217627,买盘
13:24:18,27.91,0.0,3,8371,买盘
13:24:21,27.91,0.0,50,139526,买盘
13:24:24,27.9,-0.01,4,11163,卖盘
13:24:27,27.91,0.01,44,122768,买盘
13:24:30,27.91,0.0,23,64180,买盘
13:24:33,27.91,0.0,108,301363,买盘
13:24:36,27.91,0.0,127,354335,买盘
13:24:39,27.9,-0.01,200,558050,卖盘
13:24:42,27.91,0.01,118,329224,买盘
13:24:44,27.91,0.0,142,396220,买盘
13:24:48,27.91,0.0,387,1080113,买盘
13:24:51,27.91,0.0,42,117222,卖盘
13:24:54,27.92,0.01,129,360065,买盘
13:24:57,27.92,0.0,82,228879,买盘
13:25:00,27.92,0.0,154,429825,买盘
13:25:03,27.91,-0.01,272,759089,卖盘
13:25:06,27.91,0.0,75,209292,卖盘
13:25:09,27.91,0.0,155,432512,卖盘
13:25:12,27.91,0.0,207,577722,买盘
13:25:15,27.9,-0.01,36,100443,卖盘
13:25:18,27.91,0.01,140,390661,买盘
13:25:21,27.9,-0.01,31,86515,卖盘
13:25:24,27.92,0.02,13,36290,买盘
13:25:27,27.91,-0.01,67,186948,卖盘
13:25:29,27.91,0.0,116,323756,卖盘
13:25:33,27.91,0.0,16,44660,卖盘
13:25:36,27.9,-0.01,26,72546,卖盘
13:25:40,27.9,0.0,132,368401,卖盘
13:25:42,27.9,0.0,17,47432,卖盘
13:25:45,27.91,0.01,43,119987,买盘
13:25:48,27.91,0.0,72,200909,买盘
13:25:51,27.9,-0.01,61,170213,卖盘
13:25:54,27.9,0.0,50,139521,卖盘
13:25:57,27.91,0.01,100,279100,买盘
13:26:00,27.9,-0.01,185,516314,卖盘
13:26:03,27.91,0.01,35,97655,中性盘
13:26:06,27.9,-0.01,71,198095,卖盘
13:26:09,27.91,0.01,48,133927,买盘
13:26:12,27.91,0.0,36,100464,买盘
13:26:15,27.9,-0.01,19,53018,卖盘
13:26:18,27.91,0.01,24,66975,买盘
13:26:21,27.91,0.0,33,92102,买盘
13:26:24,27.9,-0.01,37,103256,卖盘
13:26:27,27.91,0.01,49,136754,买盘
13:26:30,27.9,-0.01,17,47430,卖盘
13:26:33,27.91,0.01,137,382281,买盘
13:26:36,27.91,0.0,56,156296,买盘
13:26:38,27.91,0.0,154,429814,卖盘
13:26:43,27.9,-0.01,53,147907,卖盘
13:26:45,27.9,0.0,72,200926,卖盘
13:26:48,27.92,0.02,13,36287,买盘
13:26:51,27.91,-0.01,24,66985,卖盘
13:26:54,27.91,0.0,5,13959,卖盘
13:26:57,27.92,0.01,50,139578,买盘
13:27:00,27.91,-0.01,18,50238,卖盘
13:27:03,27.9,-0.01,73,203698,卖盘
13:27:06,27.92,0.02,35,97701,买盘
13:27:09,27.91,-0.01,27,75343,卖盘
13:27:13,27.91,0.0,130,362814,买盘
13:27:15,27.91,0.0,35,97685,买盘
13:27:18,27.91,0.0,101,281944,卖盘
13:27:21,27.91,0.0,4,11164,卖盘
13:27:24,27.9,-0.01,170,474445,卖盘
13:27:28,27.91,0.01,12,33492,中性盘
13:27:30,27.9,-0.01,136,379467,卖盘
13:27:33,27.91,0.01,18,50228,买盘
13:27:36,27.9,-0.01,63,175791,卖盘
13:27:39,27.91,0.01,169,471529,买盘
13:27:43,27.92,0.01,49,136767,买盘
13:27:45,27.91,-0.01,116,323756,卖盘
13:27:48,27.9,-0.01,72,200943,卖盘
13:27:51,27.9,0.0,54,150702,卖盘
13:27:54,27.91,0.01,69,192579,买盘
13:27:57,27.92,0.01,25,69781,买盘
13:28:00,27.91,-0.01,12,33496,卖盘
13:28:03,27.91,0.0,100,279115,卖盘
13:28:06,27.91,0.0,27,75358,卖盘
13:28:09,27.91,0.0,141,393531,卖盘
13:28:13,27.92,0.01,36,100497,买盘
13:28:15,27.92,0.0,57,159099,买盘
13:28:18,27.92,0.0,91,254002,买盘
13:28:21,27.91,-0.01,25,69777,卖盘
13:28:24,27.92,0.01,72,200934,买盘
13:28:27,27.91,-0.01,33,92096,买盘
13:28:30,27.9,-0.01,111,309712,卖盘
13:28:33,27.91,0.01,41,114407,买盘
13:28:36,27.91,0.0,45,125581,买盘
13:28:39,27.9,-0.01,651,1816307,卖盘
13:28:43,27.91,0.01,941,2625417,中性盘
13:28:45,27.9,-0.01,60,167422,卖盘
13:28:48,27.91,0.01,447,1247209,买盘
13:28:51,27.92,0.01,11,30705,买盘
13:28:54,27.9,-0.02,183,510689,卖盘
13:28:58,27.91,0.01,55,153485,中性盘
13:29:00,27.9,-0.01,26,72560,卖盘
13:29:03,27.9,0.0,91,253894,卖盘
13:29:06,27.91,0.01,9,25117,中性盘
13:29:09,27.91,0.0,94,262368,买盘
13:29:13,27.9,-0.01,496,1383897,卖盘
13:29:15,27.9,0.0,108,301341,卖盘
13:29:18,27.91,0.01,176,491074,买盘
13:29:20,27.91,0.0,176,491147,买盘
13:29:24,27.9,-0.01,104,290210,卖盘
13:29:28,27.9,0.0,112,312548,卖盘
13:29:30,27.9,0.0,104,290215,卖盘
13:29:33,27.91,0.01,162,452130,卖盘
13:29:36,27.91,0.0,65,181433,卖盘
13:29:40,27.9,-0.01,166,463359,卖盘
13:29:43,27.91,0.01,210,586076,中性盘
13:29:45,27.91,0.0,92,256742,买盘
13:29:48,27.91,0.0,149,415766,买盘
13:29:51,27.92,0.01,90,251195,买盘
13:29:54,27.91,-0.01,41,114431,卖盘
13:29:58,27.91,0.0,32,89312,卖盘
13:30:00,27.91,0.0,96,267957,卖盘
13:30:04,27.92,0.01,44,122827,买盘
13:30:06,27.92,0.0,25,69787,买盘
13:30:08,27.91,-0.01,269,750790,卖盘
13:30:12,27.92,0.01,401,1119505,买盘
13:30:15,27.92,0.0,42,117264,买盘
13:30:18,27.92,0.0,162,452178,卖盘
13:30:21,27.91,-0.01,81,226098,卖盘
13:30:25,27.91,0.0,53,147966,卖盘
13:30:27,27.91,0.0,45,125654,卖盘
13:30:30,27.92,0.01,28,78176,买盘
13:30:33,27.93,0.01,67,187024,买盘
13:30:36,27.93,0.0,17,47481,买盘
13:30:39,27.93,0.0,40,111705,买盘
13:30:43,27.91,-0.02,82,228967,卖盘
13:30:45,27.91,0.0,96,267967,卖盘
13:30:48,27.91,0.0,58,161915,卖盘
13:30:51,27.92,0.01,87,242886,买盘
13:30:54,27.92,0.0,131,365748,买盘
13:30:58,27.92,0.0,51,142344,买盘
13:31:00,27.91,-0.01,148,413152,卖盘
13:31:04,27.92,0.01,19,53048,中性盘
13:31:06,27.93,0.01,24,67010,买盘
13:31:09,27.92,-0.01,47,131246,卖盘
13:31:13,27.92,0.0,105,293165,卖盘
13:31:15,27.92,0.0,26,72572,买盘
13:31:18,27.92,0.0,178,496831,买盘
13:31:21,27.92,0.0,43,120052,买盘
13:31:24,27.93,0.01,128,357385,买盘
13:31:28,27.92,-0.01,2,5584,卖盘
13:31:30,27.91,-0.01,110,307052,卖盘
13:31:33,27.93,0.02,79,220608,买盘
13:31:36,27.93,0.0,49,136824,买盘
13:31:39,27.93,0.0,34,94944,买盘
13:31:43,27.92,-0.01,58,161951,卖盘
13:31:45,27.92,0.0,84,234527,买盘
13:31:48,27.92,0.0,22,61419,买盘
13:31:51,27.92,0.0,74,206578,买盘
13:31:54,27.91,-0.01,67,186731,卖盘
13:31:57,27.91,0.0,9,25121,卖盘
13:32:00,27.91,0.0,82,228914,卖盘
13:32:06,27.91,0.0,61,170306,卖盘
13:32:09,27.91,0.0,76,212128,卖盘
13:32:13,27.91,0.0,57,159101,卖盘
13:32:15,27.92,0.01,106,295868,买盘
13:32:18,27.92,0.0,2,5584,卖盘
13:32:21,27.91,-0.01,57,159133,卖盘
13:32:24,27.91,0.0,131,365621,卖盘
13:32:28,27.92,0.01,30,83774,中性盘
13:32:30,27.91,-0.01,39,108886,卖盘
13:32:33,27.93,0.02,75,209339,买盘
13:32:36,27.92,-0.01,90,251226,卖盘
13:32:39,27.92,0.0,52,145204,卖盘
13:32:43,27.91,-0.01,72,201035,卖盘
13:32:45,27.91,0.0,30,83750,卖盘
13:32:48,27.93,0.02,29,80977,买盘
13:32:51,27.93,0.0,28,78162,买盘
13:32:54,27.91,-0.02,40,111688,卖盘
13:32:58,27.93,0.02,3,8377,买盘
13:33:00,27.91,-0.02,82,228896,卖盘
13:33:06,27.91,0.0,24,66992,卖盘
13:33:09,27.91,0.0,8,22338,卖盘
13:33:12,27.93,0.02,27,75403,买盘
13:33:15,27.93,0.0,7,19551,买盘
13:33:18,27.92,-0.01,4,11168,卖盘
13:33:21,27.93,0.01,32,89371,买盘
13:33:24,27.92,-0.01,37,103321,卖盘
13:33:27,27.93,0.01,72,201032,买盘
13:33:30,27.91,-0.02,86,240036,卖盘
13:33:33,27.93,0.02,26,72602,买盘
13:33:36,27.93,0.0,51,142407,买盘
13:33:39,27.93,0.0,40,111661,买盘
13:33:42,27.92,-0.01,19,53046,中性盘
13:33:45,27.91,-0.01,74,206634,卖盘
13:33:48,27.92,0.01,347,968482,买盘
13:33:51,27.92,0.0,34,94910,买盘
13:33:54,27.92,0.0,167,466131,买盘
13:33:57,27.92,0.0,9,25124,买盘
13:34:00,27.91,-0.01,90,251191,卖盘
13:34:04,27.92,0.01,34,94917,买盘
13:34:06,27.91,-0.01,78,217714,卖盘
13:34:09,27.92,0.01,26,72579,买盘
13:34:13,27.92,0.0,41,114444,买盘
13:34:15,27.92,0.0,142,396345,买盘
13:34:18,27.91,-0.01,51,142360,卖盘
13:34:21,27.92,0.01,69,192594,买盘
13:34:24,27.92,0.0,13,36296,买盘
13:34:28,27.92,0.0,26,72586,买盘
13:34:30,27.91,-0.01,90,251202,卖盘
13:34:33,27.92,0.01,19,53036,买盘
13:34:36,27.91,-0.01,51,142365,卖盘
13:34:40,27.92,0.01,43,120041,买盘
13:34:43,27.91,-0.01,15,41872,卖盘
13:34:45,27.92,0.01,33,92131,卖盘
13:34:48,27.91,-0.01,17,47451,卖盘
13:34:51,27.92,0.01,24,67008,买盘
13:34:54,27.91,-0.01,211,588915,卖盘
13:34:58,27.91,0.0,44,122862,卖盘
13:35:00,27.91,0.0,419,1169742,卖盘
13:35:03,27.93,0.02,14,39084,买盘
13:35:06,27.91,-0.02,4,11165,卖盘
13:35:09,27.93,0.02,5,13961,买盘
13:35:13,27.92,-0.01,42,117250,买盘
13:35:15,27.91,-0.01,21,58614,卖盘
13:35:18,27.93,0.02,8,22338,买盘
13:35:21,27.92,-0.01,1,2792,卖盘
13:35:24,27.93,0.01,34,94960,买盘
13:35:28,27.92,-0.01,5,13960,卖盘
13:35:30,27.93,0.01,4,11172,买盘
13:35:33,27.92,-0.01,84,234528,卖盘
13:35:37,27.92,0.0,28,78191,买盘
13:35:40,27.92,0.0,3,8376,买盘
13:35:42,27.92,0.0,1,2792,买盘
13:35:45,27.92,0.0,35,97714,买盘
13:35:48,27.92,0.0,27,75380,买盘
13:35:51,27.92,0.0,28,78170,买盘
13:35:54,27.92,0.0,4,11168,卖盘
13:35:57,27.93,0.01,18,50272,买盘
13:36:00,27.92,-0.01,70,195445,卖盘
13:36:04,27.93,0.01,22,61427,买盘
