time,price,change,volume,amount,type
09:25:04,34.5,0.24,5938,20486100,卖盘
09:30:00,34.48,-0.02,612,2107651,卖盘
09:30:04,34.48,0.0,1653,5696085,买盘
09:30:06,34.49,0.01,1368,4713217,买盘
09:30:09,34.47,-0.02,835,2879210,卖盘
09:30:13,34.49,0.02,363,1249601,买盘
09:30:15,34.35,-0.14,254,875070,卖盘
09:30:18,34.45,0.1,253,872268,卖盘
09:30:21,34.45,0.0,95,326378,买盘
09:30:24,34.42,-0.03,154,530021,卖盘
09:30:28,34.3,-0.12,249,854426,卖盘
09:30:31,34.31,0.01,165,566286,买盘
09:30:33,34.3,-0.01,723,2482839,卖盘
09:30:36,34.4,0.1,129,443660,买盘
09:30:40,34.41,0.01,67,230028,中性盘
09:30:43,34.4,-0.01,264,905682,中性盘
09:30:45,34.3,-0.1,498,1708150,卖盘
09:30:48,34.35,0.05,128,439417,买盘
09:30:51,34.4,0.05,86,295539,买盘
09:30:54,34.4,0.0,373,1284425,买盘
09:30:58,34.33,-0.07,36,123602,中性盘
09:31:00,34.4,0.07,156,536437,买盘
09:31:03,34.32,-0.08,441,1511875,卖盘
09:31:06,34.32,0.0,336,1153069,买盘
09:31:09,34.32,0.0,179,614290,买盘
09:31:12,34.32,0.0,233,800292,买盘
09:31:16,34.31,-0.01,502,1722117,买盘
09:31:18,34.34,0.03,315,1080929,买盘
09:31:21,34.35,0.01,155,534506,买盘
09:31:24,34.32,-0.03,212,728328,卖盘
09:31:28,34.37,0.05,55,188917,买盘
09:31:30,34.32,-0.05,209,717875,卖盘
09:31:33,34.4,0.08,279,959597,买盘
09:31:36,34.4,0.0,77,264838,卖盘
09:31:39,34.35,-0.05,97,333314,中性盘
09:31:43,34.38,0.03,190,652935,买盘
09:31:45,34.35,-0.03,189,649981,卖盘
09:31:48,34.4,0.05,157,539518,买盘
09:31:51,34.4,0.0,82,280962,买盘
09:31:54,34.4,0.0,419,1441397,买盘
09:31:58,34.4,0.0,116,399166,卖盘
09:32:00,34.41,0.01,415,1427888,买盘
09:32:03,34.4,-0.01,666,2291313,卖盘
09:32:06,34.42,0.02,187,643694,中性盘
09:32:09,34.43,0.01,219,754174,卖盘
09:32:13,34.43,0.0,207,712409,卖盘
09:32:16,34.44,0.01,559,1924487,买盘
09:32:18,34.45,0.01,284,978195,买盘
09:32:21,34.45,0.0,307,1057582,买盘
09:32:24,34.45,0.0,236,813187,买盘
09:32:28,34.45,0.0,331,1140964,卖盘
09:32:30,34.5,0.05,361,1244673,买盘
09:32:33,34.45,-0.05,46,158471,卖盘
09:32:36,34.45,0.0,37,127530,卖盘
09:32:40,34.47,0.02,49,168865,买盘
09:32:42,34.5,0.03,298,1027352,买盘
09:32:45,34.5,0.0,1220,4208908,买盘
09:32:48,34.5,0.0,309,1066681,卖盘
09:32:52,34.51,0.01,262,903990,买盘
09:32:54,34.51,0.0,170,586716,买盘
09:32:58,34.5,-0.01,245,845435,卖盘
09:33:00,34.5,0.0,533,1838940,卖盘
09:33:03,34.51,0.01,403,1390414,卖盘
09:33:06,34.46,-0.05,410,1414276,卖盘
09:33:09,34.49,0.03,1364,4705785,中性盘
09:33:13,34.45,-0.04,630,2170124,卖盘
09:33:16,34.45,0.0,326,1122214,卖盘
09:33:18,34.35,-0.1,166,571533,卖盘
09:33:21,34.4,0.05,43,146765,买盘
09:33:24,34.41,0.01,118,405864,买盘
09:33:28,34.44,0.03,326,1122225,买盘
09:33:30,34.41,-0.03,52,178941,卖盘
09:33:33,34.41,0.0,313,1077862,卖盘
09:33:36,34.4,-0.01,20,68802,卖盘
09:33:39,34.4,0.0,376,1293440,买盘
09:33:43,34.4,0.0,491,1690069,卖盘
09:33:45,34.35,-0.05,260,894507,卖盘
09:33:48,34.4,0.05,56,192615,卖盘
09:33:52,34.4,0.0,145,498818,买盘
09:33:54,34.42,0.02,23,79150,中性盘
09:33:58,34.4,-0.02,89,306203,卖盘
09:34:00,34.4,0.0,45,154811,卖盘
09:34:03,34.4,0.0,92,316477,卖盘
09:34:06,34.4,0.0,26,89440,买盘
09:34:09,34.4,0.0,234,804964,买盘
09:34:13,34.4,0.0,81,278643,买盘
09:34:16,34.42,0.02,184,633302,买盘
09:34:18,34.4,-0.02,74,254635,卖盘
09:34:21,34.42,0.02,7,24094,中性盘
09:34:24,34.42,0.0,138,475118,卖盘
09:34:28,34.43,0.01,7,22854,卖盘
09:34:30,34.43,0.0,53,183698,买盘
09:34:33,34.43,0.0,170,582079,买盘
09:34:36,34.43,0.0,209,722118,买盘
09:34:40,34.4,-0.03,81,278757,中性盘
09:34:43,34.41,0.01,646,2222524,买盘
09:34:45,34.41,0.0,298,1025401,卖盘
09:34:48,34.4,-0.01,140,481630,卖盘
09:34:51,34.4,0.0,263,904647,卖盘
09:34:54,34.4,0.0,430,1479550,买盘
09:34:58,34.39,-0.01,101,347283,中性盘
09:35:00,34.39,0.0,203,697948,买盘
09:35:04,34.39,0.0,51,175380,买盘
09:35:06,34.37,-0.02,22,75623,中性盘
09:35:09,34.35,-0.02,286,981290,卖盘
09:35:13,34.35,0.0,115,394970,买盘
09:35:16,34.34,-0.01,201,690394,卖盘
09:35:18,34.33,-0.01,61,209413,卖盘
09:35:21,34.33,0.0,7,24031,买盘
09:35:24,34.32,-0.01,28,96102,卖盘
09:35:28,34.32,0.0,107,367230,卖盘
09:35:30,34.33,0.01,591,2026773,买盘
09:35:33,34.32,-0.01,112,384354,买盘
09:35:36,34.33,0.01,119,408434,买盘
09:35:40,34.32,-0.01,360,1234917,中性盘
09:35:43,34.31,-0.01,94,322517,卖盘
09:35:45,34.31,0.0,85,291620,买盘
09:35:48,34.31,0.0,140,480316,买盘
09:35:51,34.3,-0.01,107,367080,卖盘
09:35:54,34.31,0.01,109,373962,买盘
09:35:58,34.31,0.0,214,734264,卖盘
09:36:00,34.31,0.0,67,229885,卖盘
09:36:04,34.31,0.0,115,394533,买盘
09:36:06,34.33,0.02,118,405024,买盘
09:36:09,34.33,0.0,461,1582241,买盘
09:36:13,34.33,0.0,170,583635,卖盘
09:36:16,34.33,0.0,245,840993,卖盘
09:36:18,34.33,0.0,137,470217,买盘
09:36:21,34.31,-0.02,176,604311,卖盘
09:36:24,34.33,0.02,153,525217,买盘
09:36:28,34.31,-0.02,82,281428,卖盘
09:36:30,34.3,-0.01,730,2504337,卖盘
09:36:33,34.28,-0.02,84,288085,卖盘
09:36:36,34.3,0.02,58,198900,买盘
09:36:40,34.28,-0.02,885,3033292,卖盘
09:36:43,34.28,0.0,97,332520,买盘
09:36:45,34.28,0.0,41,140507,买盘
09:36:48,34.26,-0.02,425,1456256,卖盘
09:36:52,34.27,0.01,156,534480,买盘
09:36:54,34.27,0.0,150,514035,买盘
09:36:58,34.26,-0.01,687,2353489,卖盘
09:37:00,34.28,0.02,442,1514737,买盘
09:37:04,34.26,-0.02,84,287781,卖盘
09:37:06,34.25,-0.01,121,414535,卖盘
09:37:09,34.25,0.0,162,553707,买盘
09:37:13,34.27,0.02,42,143915,买盘
09:37:16,34.26,-0.01,67,229501,卖盘
09:37:18,34.25,-0.01,163,560420,卖盘
09:37:21,34.26,0.01,100,342587,买盘
09:37:24,34.23,-0.03,97,329978,卖盘
09:37:28,34.25,0.02,54,186584,买盘
09:37:30,34.25,0.0,69,236237,买盘
09:37:33,34.24,-0.01,59,202018,卖盘
09:37:36,34.25,0.01,633,2167248,买盘
09:37:40,34.26,0.01,249,852950,买盘
09:37:43,34.26,0.0,52,178152,卖盘
09:37:45,34.26,0.0,43,147220,卖盘
09:37:48,34.26,0.0,88,301491,卖盘
09:37:52,34.27,0.01,132,452377,买盘
09:37:54,34.26,-0.01,54,185255,卖盘
09:37:58,34.26,0.0,65,222553,卖盘
09:38:00,34.26,0.0,43,147068,买盘
09:38:04,34.27,0.01,52,177042,买盘
09:38:06,34.28,0.01,40,137119,买盘
09:38:09,34.28,0.0,72,247500,买盘
09:38:13,34.3,0.02,187,641132,买盘
09:38:16,34.3,0.0,105,360051,买盘
09:38:18,34.3,0.0,392,1344247,买盘
09:38:21,34.32,0.02,260,892093,买盘
09:38:24,34.37,0.05,145,497827,买盘
09:38:28,34.37,0.0,56,194783,买盘
09:38:30,34.32,-0.05,64,219801,卖盘
09:38:33,34.31,-0.01,71,241014,卖盘
09:38:36,34.31,0.0,321,1101491,买盘
09:38:40,34.35,0.04,160,549719,买盘
09:38:43,34.33,-0.02,85,291692,中性盘
09:38:45,34.35,0.02,223,765780,买盘
09:38:48,34.32,-0.03,167,573660,中性盘
09:38:51,34.35,0.03,43,147877,买盘
09:38:54,34.32,-0.03,106,363780,卖盘
09:38:58,34.32,0.0,29,97706,卖盘
09:39:00,34.31,-0.01,200,686271,卖盘
09:39:03,34.31,0.0,392,1346007,卖盘
09:39:07,34.33,0.02,401,1378911,买盘
09:39:09,34.32,-0.01,265,909775,卖盘
09:39:13,34.32,0.0,856,2936783,卖盘
09:39:16,34.33,0.01,151,515519,买盘
09:39:18,34.33,0.0,160,549323,卖盘
09:39:21,34.3,-0.03,208,713723,卖盘
09:39:24,34.3,0.0,331,1137371,买盘
09:39:28,34.3,0.0,15,51449,买盘
09:39:30,34.3,0.0,285,976087,买盘
09:39:33,34.32,0.02,71,243538,中性盘
09:39:37,34.3,-0.02,17,59304,卖盘
09:39:40,34.3,0.0,37,126914,卖盘
09:39:43,34.32,0.02,133,456266,买盘
09:39:45,34.29,-0.03,126,433457,卖盘
09:39:48,34.3,0.01,112,384194,买盘
09:39:51,34.29,-0.01,171,586586,卖盘
09:39:54,34.31,0.02,150,513321,买盘
09:39:58,34.3,-0.01,123,422093,卖盘
09:40:00,34.31,0.01,139,475864,买盘
09:40:04,34.3,-0.01,241,827118,卖盘
09:40:07,34.31,0.01,198,678871,买盘
09:40:09,34.33,0.02,104,357861,买盘
09:40:12,34.27,-0.06,273,934405,卖盘
09:40:16,34.3,0.03,38,130424,买盘
09:40:18,34.3,0.0,59,204208,买盘
09:40:21,34.3,0.0,614,2106163,买盘
09:40:24,34.3,0.0,545,1871740,卖盘
09:40:28,34.34,0.04,212,727911,买盘
09:40:30,34.35,0.01,515,1765898,买盘
09:40:33,34.35,0.0,65,223295,卖盘
09:40:37,34.36,0.01,19,65267,中性盘
09:40:40,34.35,-0.01,118,407555,卖盘
09:40:43,34.38,0.03,116,399550,买盘
09:40:45,34.37,-0.01,747,2566726,卖盘
09:40:48,34.4,0.03,615,2115014,买盘
09:40:51,34.41,0.01,38,130757,买盘
09:40:54,34.41,0.0,129,443949,卖盘
09:40:58,34.41,0.0,262,900509,卖盘
09:41:00,34.41,0.0,582,2002745,卖盘
09:41:03,34.4,-0.01,472,1624472,卖盘
09:41:06,34.4,0.0,74,252594,买盘
09:41:09,34.4,0.0,263,904697,买盘
09:41:13,34.4,0.0,152,522889,买盘
09:41:14,34.4,0.0,170,586818,买盘
09:41:18,34.4,0.0,26,89439,卖盘
09:41:21,34.4,0.0,142,487602,卖盘
09:41:24,34.4,0.0,58,199546,卖盘
09:41:27,34.4,0.0,125,428176,卖盘
09:41:30,34.38,-0.02,51,176536,卖盘
09:41:33,34.4,0.02,8,27516,买盘
09:41:36,34.4,0.0,401,1378949,买盘
09:41:40,34.38,-0.02,35,120330,卖盘
09:41:43,34.38,0.0,8,27510,卖盘
09:41:45,34.43,0.05,680,2340147,买盘
09:41:48,34.38,-0.05,10,36030,卖盘
09:41:51,34.35,-0.03,202,691414,卖盘
09:41:54,34.38,0.03,140,480673,买盘
09:41:58,34.38,0.0,91,312860,买盘
09:42:00,34.35,-0.03,141,484842,卖盘
09:42:04,34.38,0.03,16,55037,中性盘
09:42:07,34.33,-0.05,98,336400,卖盘
09:42:09,34.37,0.04,8,27496,买盘
09:42:13,34.33,-0.04,20,68689,卖盘
09:42:15,34.38,0.05,160,552837,买盘
09:42:18,34.33,-0.05,28,94044,卖盘
09:42:21,34.4,0.07,56,192623,买盘
09:42:24,34.37,-0.03,149,513258,卖盘
09:42:28,34.4,0.03,202,695304,买盘
09:42:30,34.4,0.0,64,219409,买盘
09:42:33,34.4,0.0,21,72240,卖盘
09:42:37,34.4,0.0,72,248333,卖盘
09:42:39,34.41,0.01,45,154844,买盘
09:42:42,34.4,-0.01,53,181537,卖盘
09:42:45,34.4,0.0,33,113633,卖盘
09:42:48,34.4,0.0,33,113526,卖盘
09:42:52,34.41,0.01,34,117839,买盘
09:42:54,34.4,-0.01,165,564991,卖盘
09:42:58,34.4,0.0,69,239836,卖盘
09:43:00,34.4,0.0,10,33772,买盘
09:43:04,34.35,-0.05,7,23064,卖盘
09:43:07,34.4,0.05,131,450511,买盘
09:43:09,34.36,-0.04,31,108145,中性盘
09:43:12,34.4,0.04,25,85993,买盘
09:43:15,34.36,-0.04,128,440535,卖盘
09:43:18,34.38,0.02,144,495115,中性盘
09:43:21,34.38,0.0,188,646650,买盘
09:43:24,34.36,-0.02,29,99700,卖盘
09:43:27,34.36,0.0,30,102272,卖盘
09:43:30,34.38,0.02,74,254413,买盘
09:43:33,34.38,0.0,35,118399,买盘
09:43:36,34.38,0.0,120,412488,买盘
09:43:39,34.36,-0.02,24,84639,卖盘
09:43:42,34.37,0.01,41,140198,买盘
09:43:45,34.37,0.0,100,343802,卖盘
09:43:48,34.36,-0.01,72,247431,卖盘
09:43:51,34.36,0.0,80,276054,卖盘
09:43:54,34.38,0.02,308,1056252,买盘
09:43:58,34.37,-0.01,18,64723,卖盘
09:44:00,34.37,0.0,9,30941,卖盘
09:44:04,34.35,-0.02,384,1317531,卖盘
09:44:06,34.38,0.03,6,21692,买盘
09:44:09,34.34,-0.04,206,707122,卖盘
09:44:11,34.33,-0.01,286,982602,卖盘
09:44:15,34.35,0.02,169,581391,中性盘
09:44:18,34.35,0.0,48,164890,卖盘
09:44:21,34.33,-0.02,172,590434,卖盘
09:44:24,34.32,-0.01,73,248288,卖盘
09:44:27,34.34,0.02,121,415395,买盘
09:44:30,34.32,-0.02,67,229957,卖盘
09:44:33,34.33,0.01,18,61766,买盘
09:44:36,34.32,-0.01,143,491991,卖盘
09:44:39,34.32,0.0,23,78939,卖盘
09:44:41,34.33,0.01,40,136598,买盘
09:44:45,34.32,-0.01,101,348768,卖盘
09:44:48,34.31,-0.01,32,109800,卖盘
09:44:52,34.34,0.03,335,1147482,买盘
09:44:54,34.31,-0.03,21,72053,卖盘
09:44:58,34.31,0.0,7,24015,买盘
09:45:00,34.3,-0.01,84,289670,卖盘
09:45:04,34.31,0.01,16,54895,买盘
09:45:07,34.31,0.0,58,200219,买盘
09:45:09,34.31,0.0,135,463105,买盘
09:45:13,34.32,0.01,172,590045,买盘
09:45:15,34.33,0.01,103,352384,买盘
09:45:18,34.34,0.01,129,444073,买盘
09:45:21,34.35,0.01,86,292523,买盘
09:45:24,34.34,-0.01,107,367889,卖盘
09:45:27,34.34,0.0,109,374378,卖盘
09:45:30,34.36,0.02,504,1732139,买盘
09:45:33,34.35,-0.01,338,1162005,卖盘
09:45:35,34.35,0.0,84,288756,卖盘
09:45:40,34.36,0.01,9,31519,中性盘
09:45:42,34.38,0.02,191,656602,买盘
09:45:45,34.36,-0.02,36,123668,中性盘
09:45:48,34.36,0.0,86,294972,买盘
09:45:51,34.36,0.0,226,776411,买盘
09:45:54,34.37,0.01,12,41244,买盘
09:45:57,34.37,0.0,138,474306,卖盘
09:46:00,34.36,-0.01,18,62755,卖盘
09:46:04,34.37,0.01,46,159386,买盘
09:46:06,34.36,-0.01,38,130550,卖盘
09:46:09,34.36,0.0,201,687919,买盘
09:46:13,34.37,0.01,40,137455,买盘
09:46:15,34.37,0.0,51,177808,卖盘
09:46:18,34.36,-0.01,74,254312,卖盘
09:46:21,34.37,0.01,46,157633,买盘
09:46:23,34.36,-0.01,16,54088,卖盘
09:46:28,34.33,-0.03,375,1287679,卖盘
09:46:30,34.33,0.0,108,370118,买盘
09:46:33,34.31,-0.02,30,103776,卖盘
09:46:36,34.31,0.0,37,127428,卖盘
09:46:40,34.31,0.0,95,325972,卖盘
09:46:42,34.32,0.01,50,171574,买盘
09:46:45,34.31,-0.01,391,1341137,卖盘
09:46:48,34.32,0.01,25,85789,中性盘
09:46:51,34.31,-0.01,63,217482,卖盘
09:46:54,34.31,0.0,5,15820,卖盘
09:46:57,34.31,0.0,119,407858,卖盘
09:47:00,34.31,0.0,64,220024,买盘
09:47:04,34.31,0.0,69,236303,卖盘
09:47:06,34.32,0.01,55,189182,买盘
09:47:09,34.29,-0.03,399,1369568,卖盘
09:47:12,34.29,0.0,38,130270,买盘
09:47:15,34.28,-0.01,27,93492,卖盘
09:47:18,34.28,0.0,166,567265,卖盘
09:47:21,34.29,0.01,205,702976,买盘
09:47:24,34.26,-0.03,342,1171245,卖盘
09:47:27,34.27,0.01,9,30841,买盘
09:47:30,34.27,0.0,72,246687,买盘
09:47:34,34.27,0.0,102,351410,买盘
09:47:36,34.26,-0.01,96,328978,卖盘
09:47:40,34.26,0.0,18,59518,卖盘
09:47:42,34.26,0.0,51,175787,卖盘
09:47:45,34.26,0.0,302,1035127,卖盘
09:47:49,34.25,-0.01,17,59541,卖盘
09:47:51,34.25,0.0,46,155895,卖盘
09:47:54,34.26,0.01,112,383605,买盘
09:47:57,34.25,-0.01,90,309933,卖盘
09:48:00,34.26,0.01,31,106183,买盘
09:48:03,34.25,-0.01,103,350827,卖盘
09:48:07,34.25,0.0,455,1559230,卖盘
09:48:10,34.24,-0.01,32,109589,卖盘
09:48:12,34.25,0.01,40,136997,买盘
09:48:16,34.25,0.0,34,117097,买盘
09:48:18,34.24,-0.01,58,198620,卖盘
09:48:22,34.24,0.0,51,174471,卖盘
09:48:24,34.24,0.0,98,335584,卖盘
09:48:27,34.24,0.0,69,236388,卖盘
09:48:31,34.24,0.0,136,463923,卖盘
09:48:34,34.25,0.01,52,178632,买盘
09:48:36,34.24,-0.01,103,353290,卖盘
09:48:40,34.24,0.0,197,676323,买盘
09:48:43,34.25,0.01,255,873368,买盘
09:48:45,34.25,0.0,165,561802,买盘
09:48:48,34.26,0.01,125,430355,买盘
09:48:51,34.25,-0.01,75,256927,卖盘
09:48:55,34.25,0.0,85,291223,卖盘
09:48:57,34.25,0.0,44,150700,卖盘
09:49:01,34.25,0.0,49,168108,卖盘
09:49:04,34.26,0.01,89,304428,买盘
09:49:07,34.26,0.0,63,215818,卖盘
09:49:09,34.27,0.01,213,729242,买盘
09:49:12,34.27,0.0,3,10692,买盘
09:49:14,34.26,-0.01,52,176829,买盘
09:49:18,34.25,-0.01,34,116539,卖盘
09:49:21,34.26,0.01,56,193179,买盘
09:49:25,34.27,0.01,77,263806,买盘
09:49:27,34.26,-0.01,20,68506,中性盘
09:49:30,34.27,0.01,17,56605,买盘
09:49:33,34.27,0.0,229,784913,买盘
09:49:35,34.26,-0.01,14,49403,卖盘
09:49:39,34.26,0.0,35,119910,买盘
09:49:42,34.26,0.0,77,262027,买盘
09:49:45,34.26,0.0,99,339108,买盘
09:49:48,34.26,0.0,84,289552,买盘
09:49:51,34.25,-0.01,195,669102,卖盘
09:49:54,34.26,0.01,142,486468,买盘
09:49:57,34.25,-0.01,59,198969,卖盘
09:50:00,34.26,0.01,74,253505,买盘
09:50:03,34.26,0.0,37,129016,买盘
09:50:06,34.26,0.0,119,406284,买盘
09:50:09,34.25,-0.01,123,421297,卖盘
09:50:11,34.26,0.01,57,195282,卖盘
09:50:15,34.26,0.0,34,116464,买盘
09:50:17,34.25,-0.01,254,870046,卖盘
09:50:20,34.25,0.0,156,533307,卖盘
09:50:25,34.25,0.0,192,657615,卖盘
09:50:27,34.26,0.01,261,893810,买盘
09:50:30,34.26,0.0,359,1229736,买盘
09:50:34,34.25,-0.01,120,410932,中性盘
09:50:36,34.24,-0.01,203,696500,卖盘
09:50:39,34.23,-0.01,614,2100463,卖盘
09:50:42,34.23,0.0,192,656862,买盘
09:50:45,34.21,-0.02,154,526848,卖盘
09:50:47,34.21,0.0,132,453469,卖盘
09:50:50,34.2,-0.01,203,694262,卖盘
09:50:53,34.21,0.01,214,731890,买盘
09:50:57,34.2,-0.01,155,529221,卖盘
09:51:00,34.21,0.01,351,1200885,买盘
09:51:03,34.21,0.0,349,1194325,卖盘
09:51:06,34.21,0.0,74,253111,买盘
09:51:09,34.21,0.0,154,527482,买盘
09:51:11,34.2,-0.01,57,193220,买盘
09:51:14,34.18,-0.02,97,331701,卖盘
09:51:18,34.2,0.02,62,211455,买盘
09:51:20,34.2,0.0,24,82073,买盘
09:51:24,34.18,-0.02,22,75198,卖盘
09:51:27,34.18,0.0,70,239571,卖盘
09:51:30,34.18,0.0,22,77281,卖盘
09:51:33,34.18,0.0,219,748766,卖盘
09:51:36,34.18,0.0,49,165018,买盘
09:51:39,34.18,0.0,65,222333,买盘
09:51:42,34.17,-0.01,96,329152,卖盘
09:51:45,34.17,0.0,124,423732,买盘
09:51:47,34.18,0.01,101,345120,买盘
09:51:51,34.17,-0.01,54,182954,卖盘
09:51:54,34.17,0.0,27,93792,卖盘
09:51:56,34.17,0.0,91,310922,买盘
09:52:00,34.16,-0.01,51,172856,卖盘
09:52:03,34.16,0.0,165,563798,卖盘
09:52:06,34.16,0.0,95,324730,卖盘
09:52:08,34.17,0.01,192,655948,买盘
09:52:12,34.16,-0.01,123,420326,卖盘
09:52:15,34.16,0.0,122,416817,卖盘
09:52:18,34.15,-0.01,45,156070,卖盘
09:52:21,34.16,0.01,26,86561,买盘
09:52:24,34.16,0.0,58,198089,买盘
09:52:26,34.15,-0.01,82,281047,卖盘
09:52:30,34.15,0.0,91,310822,卖盘
09:52:33,34.17,0.02,504,1723098,买盘
09:52:36,34.15,-0.02,254,867681,卖盘
09:52:38,34.18,0.03,46,155704,买盘
09:52:42,34.16,-0.02,32,109488,卖盘
09:52:44,34.16,0.0,67,228872,卖盘
09:52:48,34.16,0.0,27,92252,卖盘
09:52:51,34.17,0.01,12,41715,卖盘
09:52:54,34.17,0.0,68,232361,卖盘
09:52:57,34.18,0.01,136,464725,买盘
09:53:00,34.18,0.0,355,1213362,买盘
09:53:03,34.19,0.01,19,64961,买盘
09:53:06,34.22,0.03,340,1162762,买盘
09:53:09,34.19,-0.03,50,170921,卖盘
09:53:12,34.2,0.01,131,448018,买盘
09:53:15,34.2,0.0,39,133382,买盘
09:53:18,34.19,-0.01,121,414472,卖盘
09:53:21,34.2,0.01,26,88917,买盘
09:53:23,34.2,0.0,35,119703,买盘
09:53:27,34.2,0.0,75,256502,卖盘
09:53:29,34.24,0.04,15,51314,买盘
09:53:32,34.24,0.0,63,215692,卖盘
09:53:36,34.22,-0.02,33,113007,卖盘
09:53:39,34.22,0.0,30,102662,卖盘
09:53:42,34.24,0.02,2,6848,买盘
09:53:45,34.23,-0.01,30,99591,中性盘
09:53:47,34.23,0.0,3,13182,卖盘
09:53:51,34.22,-0.01,32,109163,买盘
09:53:53,34.24,0.02,4,14305,买盘
09:53:57,34.24,0.0,22,75322,买盘
09:54:00,34.24,0.0,290,990742,买盘
09:54:03,34.24,0.0,55,188320,卖盘
09:54:06,34.24,0.0,71,243576,卖盘
09:54:09,34.23,-0.01,64,219168,中性盘
09:54:11,34.26,0.03,114,390492,买盘
09:54:14,34.26,0.0,62,212466,买盘
09:54:17,34.25,-0.01,82,280895,卖盘
09:54:21,34.22,-0.03,130,444356,卖盘
09:54:24,34.24,0.02,82,281619,买盘
09:54:27,34.25,0.01,74,254031,买盘
09:54:30,34.25,0.0,75,256191,卖盘
09:54:33,34.26,0.01,108,369948,买盘
09:54:36,34.25,-0.01,8,27775,买盘
09:54:39,34.24,-0.01,24,82266,卖盘
09:54:42,34.24,0.0,419,1434211,卖盘
09:54:44,34.24,0.0,124,424522,买盘
09:54:48,34.23,-0.01,51,174555,中性盘
09:54:51,34.23,0.0,11,37643,买盘
09:54:54,34.22,-0.01,44,148623,卖盘
09:54:57,34.22,0.0,15,51336,卖盘
09:55:00,34.23,0.01,2,6949,买盘
09:55:03,34.23,0.0,101,345717,买盘
09:55:06,34.23,0.0,139,475808,买盘
09:55:09,34.21,-0.02,103,352473,卖盘
09:55:12,34.21,0.0,61,208710,卖盘
09:55:15,34.22,0.01,105,360920,买盘
09:55:17,34.21,-0.01,70,239475,卖盘
09:55:21,34.2,-0.01,88,302200,卖盘
09:55:23,34.21,0.01,164,560911,买盘
09:55:27,34.2,-0.01,595,2034291,卖盘
09:55:29,34.2,0.0,147,502867,卖盘
09:55:33,34.2,0.0,87,297554,卖盘
09:55:36,34.2,0.0,48,164169,卖盘
09:55:38,34.2,0.0,176,602025,卖盘
09:55:42,34.19,-0.01,109,374849,卖盘
09:55:44,34.19,0.0,54,184657,卖盘
09:55:48,34.19,0.0,12,41035,卖盘
09:55:51,34.19,0.0,37,123843,卖盘
09:55:54,34.2,0.01,137,469849,买盘
09:55:57,34.2,0.0,11,37617,买盘
09:56:00,34.19,-0.01,172,586567,卖盘
09:56:03,34.19,0.0,58,198325,卖盘
09:56:06,34.19,0.0,131,447919,卖盘
09:56:09,34.2,0.01,28,96626,买盘
09:56:11,34.2,0.0,88,300887,买盘
09:56:15,34.2,0.0,162,555230,买盘
09:56:18,34.2,0.0,46,157320,卖盘
09:56:21,34.21,0.01,34,116287,买盘
09:56:24,34.2,-0.01,80,273599,卖盘
09:56:27,34.2,0.0,85,290640,买盘
09:56:30,34.19,-0.01,73,249351,卖盘
09:56:33,34.2,0.01,74,251354,买盘
09:56:36,34.19,-0.01,32,109433,卖盘
09:56:39,34.2,0.01,114,390706,买盘
09:56:42,34.2,0.0,108,369434,卖盘
09:56:45,34.22,0.02,90,307960,买盘
09:56:48,34.22,0.0,80,273823,卖盘
09:56:51,34.2,-0.02,318,1087925,卖盘
09:56:54,34.2,0.0,157,535851,卖盘
09:56:57,34.23,0.03,51,175586,买盘
09:57:00,34.22,-0.01,88,301132,卖盘
09:57:02,34.2,-0.02,29,99193,卖盘
09:57:06,34.21,0.01,22,74175,买盘
09:57:09,34.2,-0.01,73,251667,卖盘
09:57:11,34.2,0.0,529,1808312,卖盘
09:57:14,34.2,0.0,141,482136,买盘
09:57:18,34.19,-0.01,132,452284,卖盘
09:57:21,34.2,0.01,57,192971,买盘
09:57:24,34.2,0.0,14,48016,买盘
09:57:27,34.2,0.0,193,662151,买盘
09:57:30,34.2,0.0,12,41076,卖盘
09:57:33,34.2,0.0,66,226199,卖盘
09:57:36,34.21,0.01,52,177853,买盘
09:57:38,34.21,0.0,132,451448,买盘
09:57:41,34.2,-0.01,13,41655,卖盘
09:57:45,34.2,0.0,165,564924,卖盘
09:57:48,34.2,0.0,30,101775,买盘
09:57:51,34.19,-0.01,32,109722,卖盘
09:57:54,34.19,0.0,156,533523,卖盘
09:57:57,34.19,0.0,173,591878,卖盘
09:58:00,34.19,0.0,20,68380,卖盘
09:58:03,34.19,0.0,201,688674,卖盘
09:58:06,34.19,0.0,129,441019,买盘
09:58:09,34.18,-0.01,83,283698,卖盘
09:58:12,34.19,0.01,35,119632,买盘
09:58:15,34.19,0.0,744,2543797,买盘
09:58:18,34.19,0.0,117,400023,卖盘
09:58:21,34.19,0.0,18,59388,卖盘
09:58:24,34.19,0.0,71,242759,卖盘
09:58:27,34.19,0.0,37,126506,卖盘
09:58:30,34.19,0.0,50,171350,卖盘
09:58:32,34.2,0.01,127,434219,买盘
09:58:36,34.2,0.0,29,98859,买盘
09:58:38,34.19,-0.01,99,338920,卖盘
09:58:42,34.19,0.0,109,372706,卖盘
09:58:45,34.19,0.0,413,1413638,卖盘
09:58:48,34.19,0.0,69,236901,买盘
09:58:50,34.19,0.0,93,318031,买盘
09:58:54,34.19,0.0,75,256367,买盘
09:58:57,34.18,-0.01,180,614491,卖盘
09:58:59,34.18,0.0,139,475723,卖盘
09:59:02,34.18,0.0,187,639085,卖盘
09:59:06,34.18,0.0,149,509315,买盘
09:59:08,34.17,-0.01,97,328146,卖盘
09:59:12,34.17,0.0,66,226377,卖盘
09:59:15,34.17,0.0,271,926151,卖盘
09:59:18,34.17,0.0,203,693689,卖盘
09:59:21,34.18,0.01,245,836699,买盘
09:59:24,34.17,-0.01,59,201556,买盘
09:59:27,34.17,0.0,48,163993,买盘
09:59:31,34.16,-0.01,105,361469,卖盘
09:59:33,34.16,0.0,91,310961,卖盘
09:59:35,34.16,0.0,140,478281,卖盘
09:59:40,34.16,0.0,24,79331,卖盘
09:59:41,34.15,-0.01,174,595837,卖盘
09:59:45,34.15,0.0,234,799190,卖盘
09:59:48,34.15,0.0,16,54957,卖盘
09:59:51,34.15,0.0,167,570327,卖盘
09:59:54,34.15,0.0,21,71719,卖盘
09:59:56,34.15,0.0,255,868708,卖盘
10:00:01,34.15,0.0,229,781900,卖盘
10:00:03,34.14,-0.01,651,2223090,卖盘
10:00:06,34.15,0.01,55,187781,买盘
10:00:09,34.14,-0.01,181,618040,卖盘
10:00:12,34.14,0.0,145,497959,卖盘
10:00:15,34.14,0.0,10,34140,买盘
10:00:19,34.13,-0.01,85,287550,卖盘
10:00:22,34.13,0.0,250,853275,卖盘
10:00:24,34.14,0.01,346,1181605,买盘
10:00:26,34.14,0.0,276,942223,买盘
10:00:30,34.14,0.0,9,30721,买盘
10:00:32,34.14,0.0,289,988449,买盘
10:00:36,34.14,0.0,158,537944,卖盘
10:00:39,34.14,0.0,976,3331345,卖盘
10:00:41,34.15,0.01,664,2267613,买盘
10:00:46,34.16,0.01,94,321170,中性盘
10:00:48,34.15,-0.01,33,112703,卖盘
10:00:50,34.16,0.01,36,124693,卖盘
10:00:54,34.15,-0.01,5,17075,卖盘
10:00:57,34.16,0.01,22,75765,买盘
10:01:00,34.16,0.0,603,2058423,卖盘
10:01:03,34.15,-0.01,5,17074,买盘
10:01:06,34.14,-0.01,124,424569,卖盘
10:01:09,34.15,0.01,53,180959,买盘
10:01:13,34.14,-0.01,52,176336,卖盘
10:01:16,34.14,0.0,30,102441,卖盘
10:01:18,34.13,-0.01,420,1433279,卖盘
10:01:21,34.12,-0.01,44,151262,卖盘
10:01:24,34.13,0.01,136,464036,买盘
10:01:27,34.13,0.0,45,154641,买盘
10:01:30,34.12,-0.01,37,125766,卖盘
10:01:32,34.12,0.0,23,78955,卖盘
10:01:36,34.11,-0.01,58,197862,卖盘
10:01:40,34.11,0.0,38,126341,卖盘
10:01:42,34.12,0.01,248,845931,买盘
10:01:45,34.11,-0.01,230,784536,卖盘
10:01:48,34.11,0.0,123,420974,卖盘
10:01:51,34.11,0.0,84,286463,买盘
10:01:55,34.1,-0.01,30,102305,卖盘
10:01:57,34.1,0.0,287,979863,卖盘
10:02:01,34.1,0.0,633,2158547,卖盘
10:02:03,34.1,0.0,226,768354,卖盘
10:02:06,34.1,0.0,104,356438,买盘
10:02:10,34.1,0.0,16,54554,买盘
10:02:12,34.09,-0.01,62,209701,卖盘
10:02:15,34.09,0.0,176,600153,卖盘
10:02:17,34.09,0.0,738,2519523,卖盘
10:02:22,34.1,0.01,89,301608,买盘
10:02:24,34.09,-0.01,136,463730,卖盘
10:02:27,34.09,0.0,59,201132,卖盘
10:02:31,34.09,0.0,52,178495,卖盘
10:02:33,34.09,0.0,66,225001,卖盘
10:02:36,34.1,0.01,126,429757,买盘
10:02:39,34.09,-0.01,51,173867,卖盘
10:02:41,34.09,0.0,289,983471,卖盘
10:02:44,34.08,-0.01,728,2483604,卖盘
10:02:49,34.11,0.03,340,1160006,买盘
10:02:51,34.11,0.0,23,78453,卖盘
10:02:53,34.12,0.01,71,241378,买盘
10:02:57,34.11,-0.01,30,102332,卖盘
10:03:00,34.08,-0.03,200,681290,卖盘
10:03:04,34.1,0.02,12,41401,中性盘
10:03:06,34.1,0.0,39,133003,卖盘
10:03:08,34.11,0.01,215,733340,买盘
10:03:12,34.09,-0.02,123,419387,卖盘
10:03:15,34.1,0.01,98,334091,买盘
10:03:19,34.09,-0.01,2,6818,卖盘
10:03:22,34.1,0.01,31,105702,买盘
10:03:24,34.09,-0.01,33,112240,卖盘
10:03:27,34.09,0.0,217,739862,卖盘
10:03:29,34.09,0.0,92,314072,卖盘
10:03:32,34.11,0.02,62,211460,买盘
10:03:36,34.11,0.0,79,269450,卖盘
10:03:39,34.1,-0.01,109,372820,卖盘
10:03:42,34.11,0.01,2,6821,中性盘
10:03:46,34.12,0.01,190,648125,买盘
10:03:48,34.12,0.0,107,365129,卖盘
10:03:51,34.12,0.0,42,143315,卖盘
10:03:53,34.13,0.01,19,65006,买盘
10:03:58,34.11,-0.02,45,153539,卖盘
10:04:00,34.12,0.01,8,27363,买盘
10:04:03,34.12,0.0,39,133068,买盘
10:04:06,34.11,-0.01,21,69448,卖盘
10:04:09,34.12,0.01,36,123031,买盘
10:04:12,34.12,0.0,15,51171,买盘
10:04:15,34.12,0.0,76,259281,买盘
10:04:19,34.11,-0.01,65,222747,卖盘
10:04:21,34.11,0.0,52,177402,卖盘
10:04:23,34.11,0.0,123,419666,卖盘
10:04:27,34.11,0.0,96,328343,卖盘
10:04:31,34.1,-0.01,135,460357,卖盘
10:04:34,34.11,0.01,24,81864,买盘
10:04:36,34.11,0.0,80,273160,买盘
10:04:40,34.11,0.0,412,1405096,买盘
10:04:42,34.11,0.0,15,51165,卖盘
10:04:46,34.11,0.0,24,78692,卖盘
10:04:49,34.11,0.0,15,51165,卖盘
10:04:51,34.12,0.01,15,51815,买盘
10:04:54,34.11,-0.01,175,597083,卖盘
10:04:56,34.12,0.01,125,426393,卖盘
10:05:01,34.13,0.01,23,78720,买盘
10:05:04,34.12,-0.01,32,109188,卖盘
10:05:06,34.13,0.01,249,850690,买盘
10:05:09,34.13,0.0,28,96349,卖盘
10:05:12,34.13,0.0,52,177476,卖盘
10:05:15,34.14,0.01,12,40967,买盘
10:05:19,34.16,0.02,248,845935,买盘
10:05:20,34.16,0.0,25,85400,卖盘
10:05:25,34.16,0.0,6,20496,卖盘
10:05:26,34.17,0.01,14,48783,买盘
10:05:31,34.16,-0.01,8,27331,卖盘
10:05:34,34.16,0.0,13,44652,卖盘
10:05:37,34.16,0.0,156,532952,卖盘
10:05:40,34.16,0.0,182,621733,卖盘
10:05:43,34.16,0.0,38,129860,卖盘
10:05:46,34.17,0.01,143,488545,买盘
10:05:49,34.16,-0.01,62,211844,卖盘
10:05:51,34.16,0.0,11,37576,卖盘
10:05:55,34.17,0.01,23,78591,买盘
10:05:58,34.16,-0.01,162,553162,卖盘
10:06:01,34.15,-0.01,24,81733,卖盘
10:06:04,34.16,0.01,71,242535,买盘
10:06:06,34.15,-0.01,166,567536,卖盘
10:06:09,34.15,0.0,30,102470,卖盘
10:06:13,34.16,0.01,120,409916,买盘
10:06:14,34.16,0.0,58,198026,卖盘
10:06:19,34.16,0.0,59,201486,买盘
10:06:20,34.14,-0.02,49,164217,卖盘
10:06:25,34.14,0.0,7,23906,卖盘
10:06:28,34.15,0.01,25,85715,中性盘
10:06:31,34.16,0.01,18,61480,买盘
10:06:34,34.15,-0.01,12,40980,卖盘
10:06:36,34.15,0.0,70,238791,卖盘
10:06:40,34.16,0.01,96,327852,买盘
10:06:43,34.15,-0.01,48,163938,卖盘
10:06:46,34.15,0.0,123,420895,卖盘
10:06:49,34.16,0.01,18,61618,买盘
10:06:52,34.16,0.0,494,1687034,买盘
10:06:55,34.15,-0.01,43,147983,卖盘
10:06:57,34.15,0.0,43,147188,卖盘
10:07:01,34.15,0.0,29,99197,卖盘
10:07:04,34.15,0.0,75,256125,卖盘
10:07:07,34.15,0.0,12,40267,卖盘
10:07:10,34.15,0.0,98,333612,卖盘
10:07:13,34.14,-0.01,59,201434,卖盘
10:07:16,34.14,0.0,12,40976,卖盘
10:07:19,34.14,0.0,30,102898,卖盘
10:07:22,34.15,0.01,40,136979,买盘
10:07:25,34.15,0.0,2,6829,买盘
10:07:28,34.14,-0.01,211,720625,卖盘
10:07:29,34.14,0.0,60,204921,卖盘
10:07:34,34.14,0.0,175,597555,卖盘
10:07:37,34.15,0.01,74,252848,中性盘
10:07:40,34.15,0.0,162,553288,卖盘
10:07:42,34.16,0.01,118,401061,买盘
10:07:46,34.16,0.0,59,201627,卖盘
10:07:49,34.16,0.0,1,3416,卖盘
10:07:52,34.16,0.0,5,17086,卖盘
10:07:55,34.16,0.0,14,48473,卖盘
10:07:58,34.15,-0.01,45,153725,卖盘
10:08:01,34.18,0.03,10,35811,买盘
10:08:04,34.18,0.0,41,138582,买盘
10:08:07,34.17,-0.01,15,51255,卖盘
10:08:10,34.17,0.0,30,102519,卖盘
10:08:12,34.17,0.0,24,82824,买盘
10:08:16,34.16,-0.01,53,181094,中性盘
10:08:18,34.16,0.0,23,79137,卖盘
10:08:22,34.17,0.01,13,44418,买盘
10:08:24,34.17,0.0,11,37578,买盘
10:08:28,34.16,-0.01,56,191535,卖盘
10:08:30,34.16,0.0,316,1078905,卖盘
10:08:34,34.16,0.0,39,133222,买盘
10:08:36,34.15,-0.01,19,65450,卖盘
10:08:40,34.16,0.01,159,543066,买盘
10:08:43,34.16,0.0,25,85398,买盘
10:08:46,34.15,-0.01,198,677010,卖盘
10:08:49,34.16,0.01,33,112745,中性盘
10:08:51,34.17,0.01,10,32796,买盘
10:08:55,34.16,-0.01,42,142486,卖盘
10:08:57,34.16,0.0,10,34160,卖盘
10:09:01,34.16,0.0,45,156111,卖盘
10:09:04,34.15,-0.01,6,20495,卖盘
10:09:07,34.15,0.0,14,47810,卖盘
10:09:10,34.15,0.0,32,109527,卖盘
10:09:13,34.15,0.0,80,270107,卖盘
10:09:16,34.16,0.01,25,85395,买盘
10:09:18,34.16,0.0,8,27458,买盘
10:09:22,34.16,0.0,26,88806,买盘
10:09:25,34.15,-0.01,28,95628,卖盘
10:09:28,34.16,0.01,322,1100873,买盘
10:09:31,34.15,-0.01,48,163955,卖盘
10:09:34,34.16,0.01,32,109308,买盘
10:09:37,34.15,-0.01,96,328025,卖盘
10:09:40,34.15,0.0,81,278361,卖盘
10:09:43,34.15,0.0,55,187865,卖盘
10:09:46,34.15,0.0,77,263024,卖盘
10:09:48,34.16,0.01,36,122526,买盘
10:09:52,34.16,0.0,138,470463,买盘
10:09:54,34.16,0.0,105,359476,买盘
10:09:57,34.15,-0.01,39,133206,卖盘
10:10:01,34.16,0.01,44,150282,买盘
10:10:04,34.16,0.0,7,24045,买盘
10:10:06,34.15,-0.01,34,116142,卖盘
10:10:10,34.15,0.0,16,54648,卖盘
10:10:13,34.15,0.0,10,31526,卖盘
10:10:16,34.15,0.0,20,68303,卖盘
10:10:19,34.15,0.0,12,40990,卖盘
10:10:21,34.16,0.01,37,126612,买盘
10:10:25,34.15,-0.01,13,44395,卖盘
10:10:28,34.16,0.01,10,34158,买盘
10:10:31,34.15,-0.01,23,78663,卖盘
10:10:34,34.15,0.0,83,283504,卖盘
10:10:37,34.15,0.0,107,365507,卖盘
10:10:39,34.15,0.0,24,82441,卖盘
10:10:43,34.16,0.01,127,433709,买盘
10:10:45,34.15,-0.01,324,1105880,卖盘
10:10:49,34.14,-0.01,41,140934,卖盘
10:10:51,34.15,0.01,1,3415,买盘
10:10:55,34.14,-0.01,21,71705,卖盘
10:10:57,34.14,0.0,2,7135,卖盘
10:11:01,34.15,0.01,235,802295,买盘
10:11:04,34.14,-0.01,69,235610,卖盘
10:11:07,34.14,0.0,6,20864,卖盘
10:11:09,34.14,0.0,11,37589,卖盘
10:11:13,34.14,0.0,12,40969,卖盘
10:11:16,34.14,0.0,2,6726,卖盘
10:11:19,34.14,0.0,93,317650,卖盘
10:11:22,34.14,0.0,5,17070,卖盘
10:11:24,34.14,0.0,41,139974,卖盘
10:11:27,34.14,0.0,27,92180,卖盘
10:11:31,34.14,0.0,9,30762,卖盘
10:11:34,34.14,0.0,42,143397,卖盘
10:11:37,34.15,0.01,149,508660,买盘
10:11:40,34.14,-0.01,45,154083,卖盘
10:11:43,34.14,0.0,11,37553,卖盘
10:11:46,34.13,-0.01,101,344729,卖盘
10:11:49,34.14,0.01,64,217870,买盘
10:11:52,34.14,0.0,1,3414,买盘
10:11:54,34.13,-0.01,85,290108,卖盘
10:11:58,34.13,0.0,25,85359,卖盘
10:12:01,34.13,0.0,29,98977,卖盘
10:12:03,34.13,0.0,123,419810,卖盘
10:12:07,34.13,0.0,26,88738,卖盘
10:12:09,34.13,0.0,35,119465,卖盘
10:12:13,34.13,0.0,305,1040972,卖盘
10:12:16,34.12,-0.01,86,294337,卖盘
10:12:19,34.12,0.0,49,167209,卖盘
10:12:22,34.13,0.01,52,177632,买盘
10:12:25,34.12,-0.01,46,156953,卖盘
10:12:28,34.12,0.0,203,692779,卖盘
10:12:31,34.12,0.0,13,44082,卖盘
10:12:34,34.11,-0.01,81,276292,卖盘
10:12:37,34.11,0.0,73,248340,卖盘
10:12:40,34.11,0.0,9,31316,卖盘
10:12:43,34.11,0.0,12,40929,买盘
10:12:45,34.1,-0.01,86,291665,卖盘
10:12:49,34.11,0.01,61,208067,买盘
10:12:51,34.1,-0.01,436,1486760,卖盘
10:12:55,34.1,0.0,23,78881,卖盘
10:12:58,34.1,0.0,128,434747,卖盘
10:13:00,34.09,-0.01,57,194326,卖盘
10:13:03,34.09,0.0,218,743580,卖盘
10:13:07,34.09,0.0,92,315571,卖盘
10:13:10,34.09,0.0,190,647643,卖盘
10:13:13,34.09,0.0,25,85224,买盘
10:13:16,34.08,-0.01,39,131176,卖盘
10:13:19,34.09,0.01,263,896547,买盘
10:13:22,34.09,0.0,112,382119,卖盘
10:13:24,34.09,0.0,45,153405,卖盘
10:13:28,34.09,0.0,20,68180,卖盘
10:13:31,34.09,0.0,63,215960,卖盘
10:13:34,34.09,0.0,99,337514,卖盘
10:13:37,34.09,0.0,261,889894,卖盘
10:13:40,34.09,0.0,157,535215,卖盘
10:13:43,34.09,0.0,152,518177,卖盘
10:13:46,34.09,0.0,97,330161,卖盘
10:13:48,34.09,0.0,54,184598,卖盘
10:13:52,34.09,0.0,187,636960,卖盘
10:13:55,34.08,-0.01,40,135497,卖盘
10:13:58,34.08,0.0,26,88617,卖盘
10:14:01,34.09,0.01,4,13636,买盘
10:14:03,34.08,-0.01,17,57877,卖盘
10:14:06,34.08,0.0,330,1124674,卖盘
10:14:09,34.09,0.01,174,593001,买盘
10:14:13,34.08,-0.01,111,378296,卖盘
10:14:15,34.09,0.01,36,122185,买盘
10:14:19,34.08,-0.01,46,156737,中性盘
10:14:22,34.08,0.0,12,42054,买盘
10:14:25,34.07,-0.01,6,20442,卖盘
10:14:28,34.07,0.0,32,109037,卖盘
10:14:30,34.08,0.01,34,116209,买盘
10:14:34,34.07,-0.01,19,64733,卖盘
10:14:37,34.08,0.01,178,606476,买盘
10:14:40,34.07,-0.01,59,201015,卖盘
10:14:43,34.07,0.0,65,221562,卖盘
10:14:46,34.08,0.01,20,67361,买盘
10:14:48,34.07,-0.01,43,146511,卖盘
10:14:52,34.06,-0.01,34,115016,卖盘
10:14:55,34.06,0.0,152,517937,卖盘
10:14:57,34.05,-0.01,519,1767454,卖盘
10:15:00,34.05,0.0,24,82040,卖盘
10:15:04,34.05,0.0,69,234945,卖盘
10:15:07,34.05,0.0,15,51076,卖盘
10:15:09,34.05,0.0,25,85330,卖盘
10:15:12,34.05,0.0,48,164023,卖盘
10:15:16,34.05,0.0,94,320120,卖盘
10:15:19,34.05,0.0,111,378298,卖盘
10:15:21,34.05,0.0,39,133149,卖盘
10:15:24,34.05,0.0,119,405230,卖盘
10:15:28,34.05,0.0,61,207910,卖盘
10:15:31,34.05,0.0,66,224737,卖盘
10:15:33,34.05,0.0,171,581687,卖盘
10:15:37,34.04,-0.01,127,432393,卖盘
10:15:40,34.04,0.0,102,345821,卖盘
10:15:43,34.03,-0.01,60,204218,卖盘
10:15:46,34.04,0.01,98,334938,买盘
10:15:49,34.05,0.01,128,435803,买盘
10:15:52,34.04,-0.01,16,54457,卖盘
10:15:54,34.04,0.0,72,245143,卖盘
10:15:57,34.05,0.01,244,831437,买盘
10:16:01,34.05,0.0,150,510152,卖盘
10:16:04,34.05,0.0,312,1062133,买盘
10:16:07,34.05,0.0,173,589872,买盘
10:16:10,34.04,-0.01,41,139589,卖盘
10:16:13,34.04,0.0,149,507379,卖盘
10:16:15,34.04,0.0,122,415294,卖盘
10:16:19,34.03,-0.01,45,151111,卖盘
10:16:21,34.04,0.01,28,97230,买盘
10:16:25,34.04,0.0,67,228072,买盘
10:16:28,34.04,0.0,58,197470,中性盘
10:16:31,34.03,-0.01,154,523250,卖盘
10:16:34,34.05,0.02,53,180460,买盘
10:16:37,34.05,0.0,156,530940,卖盘
10:16:40,34.06,0.01,25,84246,买盘
10:16:42,34.05,-0.01,92,313345,卖盘
10:16:45,34.07,0.02,36,122611,买盘
10:16:49,34.06,-0.01,26,89182,卖盘
10:16:52,34.06,0.0,55,187412,卖盘
10:16:55,34.07,0.01,109,371380,买盘
10:16:58,34.09,0.02,80,273923,买盘
10:17:01,34.1,0.01,150,509962,买盘
10:17:04,34.11,0.01,47,160296,买盘
10:17:07,34.1,-0.01,48,163737,卖盘
10:17:10,34.11,0.01,26,88706,买盘
10:17:13,34.11,0.0,16,54610,买盘
10:17:16,34.13,0.02,37,126250,买盘
10:17:19,34.13,0.0,29,98997,卖盘
10:17:22,34.13,0.0,18,63650,买盘
10:17:25,34.14,0.01,53,180937,买盘
10:17:28,34.13,-0.01,89,303833,卖盘
10:17:31,34.11,-0.02,99,335485,卖盘
10:17:34,34.11,0.0,77,264941,买盘
10:17:36,34.12,0.01,67,228910,买盘
10:17:39,34.11,-0.01,65,221727,卖盘
10:17:43,34.1,-0.01,153,521797,卖盘
10:17:46,34.07,-0.03,111,378573,卖盘
10:17:49,34.12,0.05,3,10234,买盘
10:17:52,34.1,-0.02,9,30700,卖盘
10:17:55,34.1,0.0,7,20669,卖盘
10:17:58,34.07,-0.03,50,173694,卖盘
10:18:01,34.09,0.02,13,44316,中性盘
10:18:04,34.1,0.01,58,197788,买盘
10:18:10,34.08,-0.02,12,40915,卖盘
10:18:13,34.08,0.0,60,201352,卖盘
10:18:16,34.08,0.0,4,13638,卖盘
10:18:19,34.08,0.0,64,218120,卖盘
10:18:22,34.1,0.02,70,238455,买盘
10:18:25,34.1,0.0,78,265980,卖盘
10:18:28,34.1,0.0,8,27281,卖盘
10:18:31,34.1,0.0,62,212651,卖盘
10:18:34,34.09,-0.01,53,180706,卖盘
10:18:37,34.09,0.0,33,112493,买盘
10:18:40,34.09,0.0,47,160242,买盘
10:18:43,34.08,-0.01,8,27543,卖盘
10:18:46,34.09,0.01,192,654706,买盘
10:18:49,34.11,0.02,25,85263,买盘
10:18:52,34.1,-0.01,2,7774,买盘
10:18:55,34.09,-0.01,12,40978,卖盘
10:18:57,34.1,0.01,17,57970,买盘
10:19:01,34.1,0.0,27,92053,买盘
10:19:03,34.1,0.0,32,109180,买盘
10:19:07,34.09,-0.01,73,248876,卖盘
10:19:10,34.1,0.01,20,68200,买盘
10:19:13,34.09,-0.01,26,88860,卖盘
10:19:16,34.09,0.0,20,68228,卖盘
10:19:19,34.15,0.06,828,2825937,买盘
10:19:22,34.15,0.0,268,915050,卖盘
10:19:24,34.14,-0.01,31,104230,卖盘
10:19:28,34.16,0.02,11,37574,买盘
10:19:31,34.16,0.0,55,187869,买盘
10:19:34,34.14,-0.02,105,358419,卖盘
10:19:37,34.15,0.01,29,100838,买盘
10:19:40,34.15,0.0,41,140049,卖盘
10:19:43,34.15,0.0,18,61455,买盘
10:19:45,34.14,-0.01,33,112764,卖盘
10:19:49,34.14,0.0,30,102341,卖盘
10:19:52,34.1,-0.04,20,68249,卖盘
10:19:55,34.15,0.05,94,320978,买盘
10:19:58,34.15,0.0,114,389330,卖盘
10:20:00,34.15,0.0,26,88804,买盘
10:20:04,34.15,0.0,12,37597,买盘
10:20:06,34.14,-0.01,179,611440,卖盘
10:20:10,34.14,0.0,3,10244,卖盘
10:20:12,34.14,0.0,29,99022,卖盘
10:20:16,34.14,0.0,45,153935,卖盘
10:20:18,34.15,0.01,7,23905,卖盘
10:20:22,34.16,0.01,13,44398,买盘
10:20:24,34.15,-0.01,3,12328,卖盘
10:20:28,34.15,0.0,25,85668,卖盘
10:20:31,34.15,0.0,8,27326,卖盘
10:20:33,34.15,0.0,78,266372,卖盘
10:20:37,34.16,0.01,16,54712,买盘
10:20:40,34.16,0.0,27,92231,买盘
10:20:43,34.15,-0.01,28,95641,卖盘
10:20:45,34.15,0.0,34,116318,卖盘
10:20:49,34.16,0.01,18,61477,买盘
10:20:52,34.16,0.0,120,409862,买盘
10:20:55,34.15,-0.01,6,20561,卖盘
10:20:58,34.16,0.01,31,106007,买盘
10:21:01,34.16,0.0,150,512268,买盘
10:21:04,34.16,0.0,7,23911,买盘
10:21:07,34.15,-0.01,461,1573129,卖盘
10:21:10,34.15,0.0,10,34130,买盘
10:21:13,34.15,0.0,21,71710,买盘
10:21:16,34.1,-0.05,8,27500,卖盘
10:21:19,34.1,0.0,4,10298,卖盘
10:21:22,34.12,0.02,6,20473,买盘
10:21:25,34.1,-0.02,48,163722,卖盘
10:21:28,34.12,0.02,10,34126,买盘
10:21:30,34.14,0.02,2,6828,买盘
10:21:34,34.14,0.0,73,248942,买盘
10:21:36,34.12,-0.02,10,34120,卖盘
10:21:40,34.14,0.02,5,17068,买盘
10:21:43,34.12,-0.02,9,31088,卖盘
10:21:46,34.12,0.0,8,27298,卖盘
10:21:49,34.12,0.0,22,75086,卖盘
10:21:52,34.12,0.0,7,23894,卖盘
10:21:55,34.12,0.0,38,130065,卖盘
10:21:57,34.12,0.0,5,17060,卖盘
10:22:00,34.12,0.0,4,13654,卖盘
10:22:04,34.12,0.0,13,44390,卖盘
10:22:07,34.12,0.0,8,27403,卖盘
10:22:10,34.12,0.0,37,126267,卖盘
10:22:13,34.14,0.02,277,945483,买盘
10:22:16,34.14,0.0,33,112666,卖盘
10:22:19,34.14,0.0,20,68368,卖盘
10:22:21,34.14,0.0,15,51211,卖盘
10:22:25,34.15,0.01,5,17074,买盘
10:22:28,34.14,-0.01,9,30731,卖盘
10:22:31,34.14,0.0,10,34146,卖盘
10:22:33,34.14,0.0,73,249223,卖盘
10:22:37,34.13,-0.01,84,287728,卖盘
10:22:40,34.14,0.01,16,54627,中性盘
10:22:43,34.14,0.0,45,153640,卖盘
10:22:46,34.14,0.0,12,40603,卖盘
10:22:49,34.14,0.0,6,20484,卖盘
10:22:52,34.15,0.01,9,30734,买盘
10:22:55,34.14,-0.01,146,498753,卖盘
10:22:58,34.14,0.0,15,49537,卖盘
10:23:01,34.14,0.0,55,189580,卖盘
10:23:04,34.13,-0.01,5,17272,卖盘
10:23:06,34.13,0.0,20,68274,卖盘
10:23:10,34.13,0.0,11,37550,卖盘
10:23:13,34.13,0.0,12,41161,卖盘
10:23:16,34.14,0.01,72,245807,买盘
10:23:19,34.13,-0.01,11,37548,卖盘
10:23:22,34.12,-0.01,70,237103,卖盘
10:23:25,34.13,0.01,83,283279,中性盘
10:23:28,34.14,0.01,96,328080,买盘
10:23:30,34.1,-0.04,196,668968,卖盘
10:23:34,34.13,0.03,48,163738,中性盘
10:23:37,34.12,-0.01,7,23887,中性盘
10:23:40,34.11,-0.01,22,75231,卖盘
10:23:43,34.11,0.0,12,40461,卖盘
10:23:46,34.12,0.01,13,44355,买盘
10:23:48,34.13,0.01,67,228627,买盘
10:23:51,34.11,-0.02,2,8492,买盘
10:23:55,34.11,0.0,3,10233,卖盘
10:23:58,34.1,-0.01,18,59336,卖盘
10:24:01,34.13,0.03,159,542543,买盘
10:24:04,34.13,0.0,87,296933,卖盘
10:24:07,34.13,0.0,3,10376,卖盘
10:24:10,34.13,0.0,23,79187,卖盘
10:24:13,34.13,0.0,14,47788,卖盘
10:24:15,34.13,0.0,1,3413,卖盘
10:24:19,34.14,0.01,14,48093,买盘
10:24:22,34.13,-0.01,16,54618,卖盘
10:24:25,34.14,0.01,59,201371,买盘
10:24:28,34.14,0.0,15,51515,买盘
10:24:30,34.14,0.0,93,318211,买盘
10:24:34,34.14,0.0,180,614518,买盘
10:24:37,34.14,0.0,34,116210,买盘
10:24:40,34.14,0.0,58,198009,买盘
10:24:42,34.13,-0.01,38,129719,卖盘
10:24:46,34.14,0.01,11,37649,买盘
10:24:49,34.13,-0.01,40,136558,卖盘
10:24:52,34.13,0.0,18,61451,卖盘
10:24:55,34.14,0.01,15,51209,买盘
10:24:58,34.13,-0.01,246,839600,卖盘
10:25:00,34.13,0.0,14,47822,卖盘
10:25:04,34.14,0.01,31,105804,买盘
10:25:07,34.14,0.0,17,58031,买盘
10:25:10,34.14,0.0,5,17070,买盘
10:25:13,34.13,-0.01,7,23993,卖盘
10:25:16,34.13,0.0,6,20481,卖盘
10:25:19,34.14,0.01,20,68263,买盘
10:25:21,34.13,-0.01,4,10548,卖盘
10:25:25,34.14,0.01,103,351703,买盘
10:25:28,34.14,0.0,110,375537,买盘
10:25:31,34.14,0.0,87,296942,买盘
10:25:34,34.14,0.0,28,95673,买盘
10:25:37,34.14,0.0,14,47795,买盘
10:25:40,34.14,0.0,37,126304,买盘
10:25:43,34.14,0.0,21,71795,买盘
10:25:46,34.14,0.0,31,105830,买盘
10:25:49,34.13,-0.01,5,17066,卖盘
10:25:51,34.13,0.0,14,47884,卖盘
10:25:54,34.13,0.0,22,75096,卖盘
10:25:57,34.14,0.01,26,88744,买盘
10:26:01,34.13,-0.01,54,184324,卖盘
10:26:04,34.13,0.0,66,225352,卖盘
10:26:07,34.13,0.0,29,98982,卖盘
10:26:10,34.13,0.0,48,163824,卖盘
10:26:12,34.13,0.0,4,13825,卖盘
10:26:16,34.13,0.0,377,1286657,卖盘
10:26:18,34.14,0.01,91,310518,买盘
10:26:22,34.13,-0.01,22,75253,买盘
10:26:25,34.13,0.0,12,40955,买盘
10:26:31,34.13,0.0,100,341275,买盘
10:26:34,34.12,-0.01,3,10987,卖盘
10:26:37,34.13,0.01,13,44366,买盘
10:26:40,34.12,-0.01,3,11295,卖盘
10:26:42,34.12,0.0,11,37540,卖盘
10:26:46,34.12,0.0,49,165379,卖盘
10:26:49,34.12,0.0,81,276768,卖盘
10:26:51,34.12,0.0,8,26955,卖盘
10:26:55,34.12,0.0,7,23882,买盘
10:26:58,34.11,-0.01,8,27293,卖盘
10:27:00,34.12,0.01,4,13783,买盘
10:27:03,34.11,-0.01,5,19241,卖盘
10:27:07,34.11,0.0,6,20466,卖盘
10:27:10,34.11,0.0,5,17127,卖盘
10:27:12,34.11,0.0,2,6823,卖盘
10:27:15,34.11,0.0,44,150084,卖盘
10:27:18,34.11,0.0,20,68358,卖盘
10:27:21,34.11,0.0,28,95508,卖盘
10:27:24,34.11,0.0,36,122802,卖盘
10:27:28,34.11,0.0,20,68258,卖盘
10:27:31,34.12,0.01,170,578409,买盘
10:27:34,34.11,-0.01,16,54067,卖盘
10:27:36,34.11,0.0,374,1274894,卖盘
10:27:39,34.11,0.0,86,294301,买盘
10:27:43,34.11,0.0,19,64814,卖盘
10:27:45,34.11,0.0,14,47754,卖盘
10:27:49,34.11,0.0,5,17294,卖盘
10:27:51,34.11,0.0,53,180817,卖盘
10:27:55,34.12,0.01,7,24088,买盘
10:27:58,34.11,-0.01,514,1752796,卖盘
10:28:01,34.09,-0.02,12,41945,卖盘
10:28:04,34.11,0.02,514,1751818,买盘
10:28:07,34.12,0.01,411,1402522,买盘
10:28:10,34.1,-0.02,64,218014,卖盘
10:28:12,34.13,0.03,111,377441,买盘
10:28:15,34.13,0.0,13,44369,卖盘
10:28:19,34.13,0.0,9,30717,卖盘
10:28:22,34.13,0.0,32,109250,卖盘
10:28:25,34.13,0.0,27,92167,卖盘
10:28:28,34.14,0.01,79,269637,买盘
10:28:31,34.13,-0.01,90,307167,卖盘
10:28:34,34.13,0.0,27,93551,卖盘
10:28:37,34.14,0.01,6,20481,买盘
10:28:40,34.13,-0.01,18,61439,卖盘
10:28:43,34.14,0.01,19,62608,买盘
10:28:46,34.14,0.0,20,68445,买盘
10:28:49,34.13,-0.01,66,225321,卖盘
10:28:52,34.14,0.01,2,7237,中性盘
10:28:55,34.15,0.01,8,27318,买盘
10:28:58,34.15,0.0,698,2383674,买盘
10:29:01,34.15,0.0,84,287571,卖盘
10:29:04,34.16,0.01,67,228896,买盘
10:29:07,34.17,0.01,563,1923749,买盘
10:29:10,34.17,0.0,233,796156,买盘
10:29:13,34.17,0.0,121,413534,买盘
10:29:16,34.17,0.0,44,150418,卖盘
10:29:19,34.17,0.0,20,68357,卖盘
10:29:22,34.19,0.02,24,82048,买盘
10:29:25,34.18,-0.01,49,167522,中性盘
10:29:28,34.18,0.0,81,276781,买盘
10:29:31,34.17,-0.01,39,133345,卖盘
10:29:34,34.17,0.0,16,54679,卖盘
10:29:37,34.19,0.02,146,499164,买盘
10:29:40,34.19,0.0,8,27352,卖盘
10:29:43,34.19,0.0,26,88894,卖盘
10:29:46,34.19,0.0,25,85495,卖盘
10:29:49,34.2,0.01,77,263339,买盘
10:29:52,34.19,-0.01,10,34192,卖盘
10:29:55,34.21,0.02,188,642346,买盘
10:29:58,34.21,0.0,1,3421,卖盘
10:30:01,34.21,0.0,12,41055,卖盘
10:30:04,34.22,0.01,7,23954,买盘
10:30:07,34.21,-0.01,42,143687,卖盘
10:30:10,34.21,0.0,69,236050,卖盘
10:30:13,34.22,0.01,109,373750,买盘
10:30:16,34.21,-0.01,7,23947,卖盘
10:30:19,34.21,0.0,51,174518,卖盘
10:30:22,34.22,0.01,44,150568,买盘
10:30:25,34.22,0.0,52,177989,卖盘
10:30:28,34.22,0.0,135,462075,卖盘
10:30:30,34.23,0.01,73,249877,卖盘
10:30:34,34.22,-0.01,45,153992,卖盘
10:30:37,34.23,0.01,22,75629,买盘
10:30:40,34.22,-0.01,28,95822,卖盘
10:30:43,34.23,0.01,38,129132,买盘
10:30:46,34.22,-0.01,25,85558,卖盘
10:30:49,34.22,0.0,275,942514,卖盘
10:30:52,34.23,0.01,9,30807,中性盘
10:30:55,34.23,0.0,26,88996,卖盘
10:30:58,34.23,0.0,82,280745,卖盘
10:31:01,34.24,0.01,36,123385,买盘
10:31:04,34.23,-0.01,38,130074,卖盘
10:31:07,34.23,0.0,345,1179836,买盘
10:31:09,34.21,-0.02,16,54744,卖盘
10:31:13,34.21,0.0,14,47894,卖盘
10:31:16,34.23,0.02,75,256715,买盘
10:31:19,34.21,-0.02,12,41064,卖盘
10:31:22,34.21,0.0,3,10264,卖盘
10:31:25,34.21,0.0,1,3421,卖盘
10:31:28,34.23,0.02,277,947985,买盘
10:31:30,34.23,0.0,6,20538,卖盘
10:31:33,34.23,0.0,19,65961,卖盘
10:31:37,34.23,0.0,34,114157,卖盘
10:31:40,34.24,0.01,94,322636,买盘
10:31:43,34.22,-0.02,31,106615,卖盘
10:31:46,34.22,0.0,11,37641,买盘
10:31:49,34.22,0.0,10,32132,买盘
10:31:51,34.21,-0.01,6,20526,卖盘
10:31:54,34.22,0.01,18,61596,买盘
10:31:57,34.22,0.0,29,99234,买盘
10:32:01,34.22,0.0,10,34211,买盘
10:32:04,34.22,0.0,184,632557,买盘
10:32:07,34.2,-0.02,159,543874,卖盘
10:32:09,34.22,0.02,16,54739,买盘
10:32:13,34.22,0.0,9,30806,卖盘
10:32:16,34.22,0.0,185,633247,卖盘
10:32:19,34.25,0.03,303,1037720,买盘
10:32:21,34.25,0.0,29,99325,卖盘
10:32:25,34.25,0.0,148,507032,卖盘
10:32:26,34.26,0.01,224,767345,买盘
10:32:31,34.26,0.0,224,767420,买盘
10:32:33,34.26,0.0,295,1010734,买盘
10:32:36,34.27,0.01,119,407119,买盘
10:32:39,34.28,0.01,112,383894,买盘
10:32:43,34.28,0.0,110,377080,买盘
10:32:46,34.28,0.0,320,1096964,买盘
10:32:49,34.27,-0.01,219,750583,卖盘
10:32:52,34.29,0.02,114,390710,买盘
10:32:54,34.29,0.0,56,192024,买盘
10:32:57,34.28,-0.01,86,294938,卖盘
10:33:00,34.29,0.01,187,641272,中性盘
10:33:04,34.29,0.0,117,401193,买盘
10:33:06,34.29,0.0,69,236594,买盘
10:33:10,34.3,0.01,72,246959,买盘
10:33:13,34.3,0.0,82,281240,买盘
10:33:14,34.29,-0.01,79,270933,卖盘
10:33:18,34.29,0.0,58,198937,卖盘
10:33:22,34.31,0.02,78,267538,买盘
10:33:24,34.32,0.01,70,240137,买盘
10:33:27,34.31,-0.01,80,274411,买盘
10:33:31,34.32,0.01,106,363559,买盘
10:33:33,34.31,-0.01,28,96098,卖盘
10:33:35,34.32,0.01,20,68641,买盘
10:33:39,34.32,0.0,60,205987,卖盘
10:33:42,34.32,0.0,18,61784,卖盘
10:33:45,34.33,0.01,35,120155,买盘
10:33:48,34.33,0.0,18,61794,卖盘
10:33:51,34.33,0.0,16,54927,卖盘
10:33:55,34.33,0.0,72,247177,卖盘
10:33:57,34.33,0.0,19,65231,卖盘
10:33:59,34.34,0.01,186,638668,买盘
10:34:04,34.33,-0.01,26,89266,卖盘
10:34:06,34.34,0.01,137,470369,买盘
10:34:10,34.33,-0.01,91,312411,卖盘
10:34:13,34.31,-0.02,103,353571,卖盘
10:34:15,34.32,0.01,29,99528,买盘
10:34:18,34.32,0.0,53,181886,买盘
10:34:21,34.3,-0.02,62,212702,卖盘
10:34:25,34.31,0.01,180,616001,卖盘
10:34:26,34.28,-0.03,123,423273,卖盘
10:34:31,34.29,0.01,98,336039,买盘
10:34:33,34.26,-0.03,42,143932,卖盘
10:34:37,34.26,0.0,64,219286,卖盘
10:34:39,34.27,0.01,32,107377,中性盘
10:34:42,34.26,-0.01,203,695302,卖盘
10:34:45,34.27,0.01,36,123344,买盘
10:34:48,34.26,-0.01,21,71950,卖盘
10:34:51,34.25,-0.01,24,82217,卖盘
10:34:54,34.26,0.01,14,47964,买盘
10:34:57,34.27,0.01,42,143902,买盘
10:35:01,34.26,-0.01,9,30837,卖盘
10:35:04,34.27,0.01,62,212426,买盘
10:35:07,34.28,0.01,79,270701,买盘
10:35:08,34.28,0.0,4,13708,买盘
10:35:12,34.28,0.0,34,116549,买盘
10:35:15,34.29,0.01,27,93459,买盘
10:35:18,34.3,0.01,72,246914,买盘
10:35:21,34.3,0.0,269,923565,买盘
10:35:25,34.31,0.01,324,1111566,买盘
10:35:28,34.33,0.02,39,133845,买盘
10:35:30,34.31,-0.02,18,61758,卖盘
10:35:33,34.33,0.02,31,106414,买盘
10:35:36,34.33,0.0,18,61791,买盘
10:35:40,34.32,-0.01,20,68657,卖盘
10:35:41,34.33,0.01,38,129182,买盘
10:35:45,34.32,-0.01,56,193479,卖盘
10:35:47,34.32,0.0,35,120119,买盘
10:35:51,34.35,0.03,455,1561225,买盘
10:35:54,34.35,0.0,53,182055,卖盘
10:35:57,34.36,0.01,16,54962,买盘
10:36:00,34.36,0.0,41,140851,买盘
10:36:03,34.37,0.01,217,745754,买盘
10:36:06,34.36,-0.01,70,240579,卖盘
10:36:09,34.36,0.0,127,436375,卖盘
10:36:12,34.35,-0.01,205,704216,卖盘
10:36:15,34.36,0.01,87,298894,买盘
10:36:18,34.36,0.0,59,202673,买盘
10:36:21,34.36,0.0,336,1154307,买盘
10:36:23,34.34,-0.02,395,1358087,卖盘
10:36:27,34.32,-0.02,972,3341246,卖盘
10:36:30,34.33,0.01,77,264306,买盘
10:36:33,34.32,-0.01,8,27467,卖盘
10:36:36,34.33,0.01,17,58350,买盘
10:36:39,34.32,-0.01,30,104117,卖盘
10:36:41,34.32,0.0,69,235601,买盘
10:36:45,34.31,-0.01,33,113207,中性盘
10:36:47,34.31,0.0,8,27443,买盘
10:36:51,34.3,-0.01,34,116637,卖盘
10:36:54,34.31,0.01,132,452882,买盘
10:36:57,34.31,0.0,35,120194,买盘
10:37:00,34.3,-0.01,81,277848,卖盘
10:37:03,34.31,0.01,45,154363,买盘
10:37:05,34.31,0.0,97,332807,买盘
10:37:09,34.31,0.0,25,85756,买盘
10:37:12,34.31,0.0,42,144101,买盘
10:37:16,34.3,-0.01,23,78894,卖盘
10:37:18,34.3,0.0,102,349958,卖盘
10:37:20,34.31,0.01,147,504245,买盘
10:37:23,34.31,0.0,81,277845,卖盘
10:37:27,34.3,-0.01,67,229858,卖盘
10:37:30,34.3,0.0,55,188691,卖盘
10:37:33,34.3,0.0,95,325849,卖盘
10:37:36,34.31,0.01,26,90066,买盘
10:37:39,34.31,0.0,21,72041,买盘
10:37:42,34.3,-0.01,4,13720,卖盘
10:37:45,34.31,0.01,28,96042,买盘
10:37:48,34.31,0.0,13,44595,买盘
10:37:51,34.3,-0.01,44,150920,卖盘
10:37:54,34.31,0.01,17,58315,买盘
10:37:57,34.31,0.0,204,699753,买盘
10:38:00,34.31,0.0,63,213074,买盘
10:38:03,34.29,-0.02,10,34297,卖盘
10:38:06,34.3,0.01,80,274398,买盘
10:38:09,34.29,-0.01,17,58296,卖盘
10:38:11,34.29,0.0,10,34290,卖盘
10:38:16,34.28,-0.01,83,286679,卖盘
10:38:19,34.29,0.01,16,54855,买盘
10:38:21,34.29,0.0,2,6858,买盘
10:38:24,34.29,0.0,84,287965,买盘
10:38:26,34.28,-0.01,96,329111,卖盘
10:38:31,34.29,0.01,19,65143,买盘
10:38:33,34.28,-0.01,29,100049,卖盘
10:38:36,34.28,0.0,132,452562,卖盘
10:38:39,34.28,0.0,22,75399,买盘
10:38:42,34.28,0.0,9,30851,买盘
10:38:45,34.28,0.0,18,62006,买盘
10:38:48,34.28,0.0,24,82256,买盘
10:38:50,34.27,-0.01,12,41127,卖盘
10:38:54,34.27,0.0,39,133663,卖盘
10:38:57,34.27,0.0,28,95959,卖盘
10:38:59,34.28,0.01,38,130281,买盘
10:39:04,34.28,0.0,15,51420,买盘
10:39:06,34.27,-0.01,10,34271,卖盘
10:39:10,34.27,0.0,101,346127,卖盘
10:39:12,34.27,0.0,27,92529,卖盘
10:39:16,34.27,0.0,119,407814,卖盘
10:39:18,34.27,0.0,18,59356,卖盘
10:39:21,34.26,-0.01,37,128158,卖盘
10:39:24,34.27,0.01,76,260386,中性盘
10:39:27,34.26,-0.01,11,37686,卖盘
10:39:29,34.27,0.01,12,41124,买盘
10:39:33,34.26,-0.01,14,47966,卖盘
10:39:35,34.27,0.01,20,68540,买盘
10:39:40,34.27,0.0,48,164457,买盘
10:39:43,34.27,0.0,15,51397,买盘
10:39:45,34.26,-0.01,58,199064,卖盘
10:39:49,34.27,0.01,21,70616,买盘
10:39:51,34.26,-0.01,20,68520,卖盘
10:39:54,34.26,0.0,15,51396,卖盘
10:39:57,34.27,0.01,10,34270,买盘
10:39:59,34.26,-0.01,9,30837,卖盘
10:40:03,34.26,0.0,16,54818,卖盘
10:40:06,34.27,0.01,67,229605,买盘
10:40:08,34.26,-0.01,52,178152,卖盘
10:40:11,34.27,0.01,26,89078,买盘
10:40:14,34.26,-0.01,10,34262,卖盘
10:40:18,34.26,0.0,29,99362,卖盘
10:40:21,34.27,0.01,61,208992,买盘
10:40:24,34.26,-0.01,120,411127,卖盘
10:40:28,34.26,0.0,10,34260,卖盘
10:40:30,34.27,0.01,3,10280,买盘
10:40:33,34.26,-0.01,42,143894,卖盘
10:40:36,34.26,0.0,5,17235,卖盘
10:40:40,34.26,0.0,16,54824,卖盘
10:40:41,34.26,0.0,52,178152,卖盘
10:40:45,34.27,0.01,23,78800,买盘
10:40:48,34.26,-0.01,34,116494,卖盘
10:40:51,34.26,0.0,24,82224,卖盘
10:40:54,34.27,0.01,39,133626,买盘
10:40:57,34.27,0.0,10,34266,买盘
10:41:00,34.26,-0.01,10,34260,卖盘
10:41:03,34.26,0.0,18,61705,卖盘
10:41:06,34.26,0.0,139,477074,卖盘
10:41:10,34.26,0.0,143,489911,买盘
10:41:13,34.25,-0.01,6,20555,卖盘
10:41:16,34.26,0.01,39,133605,买盘
10:41:18,34.26,0.0,68,232931,买盘
10:41:21,34.25,-0.01,114,390453,卖盘
10:41:24,34.25,0.0,37,126726,卖盘
10:41:27,34.25,0.0,73,250076,卖盘
10:41:31,34.25,0.0,5,17125,卖盘
10:41:33,34.26,0.01,9,30830,买盘
10:41:36,34.26,0.0,50,171275,买盘
10:41:39,34.25,-0.01,25,85640,卖盘
10:41:43,34.25,0.0,23,78776,卖盘
10:41:45,34.25,0.0,30,102754,卖盘
10:41:48,34.25,0.0,31,106177,卖盘
10:41:51,34.25,0.0,5,17163,卖盘
10:41:55,34.26,0.01,6,20551,买盘
10:41:58,34.25,-0.01,38,130182,卖盘
10:42:01,34.25,0.0,14,47957,卖盘
10:42:04,34.25,0.0,70,239757,卖盘
10:42:06,34.25,0.0,6,20550,卖盘
10:42:09,34.25,0.0,19,65089,卖盘
10:42:13,34.25,0.0,359,1229578,卖盘
10:42:15,34.25,0.0,91,310442,卖盘
10:42:18,34.24,-0.01,16,54784,卖盘
10:42:21,34.26,0.02,253,866576,买盘
10:42:24,34.26,0.0,35,119910,卖盘
10:42:30,34.26,0.0,67,229542,卖盘
10:42:33,34.27,0.01,60,205611,买盘
10:42:36,34.26,-0.01,15,51393,卖盘
10:42:39,34.26,0.0,25,85740,卖盘
10:42:43,34.26,0.0,48,164486,卖盘
10:42:46,34.27,0.01,1,3427,买盘
10:42:48,34.26,-0.01,10,34263,卖盘
10:42:51,34.27,0.01,56,191860,买盘
10:42:54,34.27,0.0,24,82237,买盘
10:42:56,34.26,-0.01,28,95952,卖盘
10:42:59,34.27,0.01,6,20558,卖盘
10:43:03,34.26,-0.01,32,109663,卖盘
10:43:06,34.28,0.02,9,30877,买盘
10:43:09,34.26,-0.02,2,6852,卖盘
10:43:13,34.26,0.0,5,17130,卖盘
10:43:16,34.27,0.01,3,10281,中性盘
10:43:18,34.27,0.0,4,13708,卖盘
10:43:21,34.26,-0.01,153,524291,卖盘
10:43:24,34.27,0.01,12,41115,卖盘
10:43:26,34.27,0.0,13,44543,买盘
10:43:29,34.26,-0.01,4,13740,卖盘
10:43:33,34.26,0.0,125,428458,卖盘
10:43:36,34.26,0.0,47,161039,卖盘
10:43:38,34.27,0.01,18,61684,买盘
10:43:41,34.26,-0.01,14,47964,卖盘
10:43:46,34.27,0.01,22,75382,买盘
10:43:48,34.26,-0.01,32,109639,卖盘
10:43:51,34.26,0.0,136,465800,卖盘
10:43:54,34.26,0.0,5,17127,买盘
10:43:58,34.26,0.0,9,30834,买盘
10:44:01,34.26,0.0,23,78798,买盘
10:44:03,34.26,0.0,17,58237,买盘
10:44:06,34.26,0.0,13,44537,买盘
10:44:09,34.25,-0.01,5,17128,卖盘
10:44:13,34.26,0.01,2,6851,买盘
10:44:14,34.25,-0.01,5,17125,卖盘
10:44:19,34.25,0.0,72,246669,卖盘
10:44:22,34.26,0.01,100,342512,买盘
10:44:24,34.25,-0.01,12,41102,卖盘
10:44:28,34.26,0.01,210,719451,买盘
10:44:29,34.25,-0.01,39,133608,卖盘
10:44:35,34.27,0.02,120,411167,买盘
10:44:39,34.26,-0.01,13,44540,卖盘
10:44:43,34.26,0.0,313,1072340,卖盘
10:44:46,34.26,0.0,11,37686,卖盘
10:44:48,34.26,0.0,13,44547,卖盘
10:44:52,34.27,0.01,3,10316,买盘
10:44:53,34.27,0.0,101,346130,卖盘
10:44:58,34.28,0.01,7,23996,买盘
10:45:01,34.28,0.0,13,44542,买盘
10:45:03,34.26,-0.02,30,102807,卖盘
10:45:06,34.28,0.02,15,51416,买盘
10:45:10,34.27,-0.01,7,24029,中性盘
10:45:13,34.27,0.0,2,6854,中性盘
10:45:16,34.27,0.0,18,61693,买盘
10:45:19,34.27,0.0,8,27415,买盘
10:45:21,34.28,0.01,103,352929,买盘
10:45:25,34.28,0.0,1,3428,买盘
10:45:28,34.27,-0.01,6,20563,卖盘
10:45:30,34.28,0.01,7,23996,买盘
10:45:34,34.27,-0.01,7,24023,卖盘
10:45:36,34.28,0.01,22,75401,买盘
10:45:38,34.27,-0.01,11,37699,卖盘
10:45:43,34.27,0.0,55,188486,卖盘
10:45:45,34.27,0.0,7,23991,卖盘
10:45:48,34.27,0.0,55,188504,卖盘
10:45:51,34.27,0.0,26,89131,卖盘
10:45:54,34.28,0.01,20,68562,卖盘
10:45:58,34.28,0.0,2,6891,卖盘
10:46:00,34.28,0.0,20,68567,卖盘
10:46:04,34.28,0.0,60,205686,卖盘
10:46:06,34.28,0.0,4,13712,卖盘
10:46:09,34.29,0.01,93,318891,买盘
10:46:13,34.29,0.0,5,17145,卖盘
10:46:15,34.25,-0.04,451,1545679,卖盘
10:46:18,34.28,0.03,3,10284,中性盘
10:46:21,34.25,-0.03,81,277479,卖盘
10:46:24,34.26,0.01,12,42722,中性盘
10:46:28,34.26,0.0,9,30834,卖盘
10:46:31,34.26,0.0,6,20556,卖盘
10:46:34,34.26,0.0,42,143892,卖盘
10:46:36,34.28,0.02,36,123404,买盘
10:46:40,34.26,-0.02,52,176542,卖盘
10:46:43,34.25,-0.01,65,223418,卖盘
10:46:46,34.25,0.0,44,149501,卖盘
10:46:49,34.25,0.0,77,263720,买盘
10:46:51,34.29,0.04,342,1172234,卖盘
10:46:54,34.25,-0.04,2,6850,卖盘
10:46:57,34.25,0.0,54,184913,卖盘
10:47:00,34.25,0.0,17,58242,卖盘
10:47:04,34.25,0.0,26,89050,买盘
10:47:07,34.27,0.02,3,10278,买盘
10:47:16,34.27,0.0,9,30843,买盘
10:47:19,34.25,-0.02,85,291220,卖盘
10:47:22,34.26,0.01,54,185190,中性盘
10:47:25,34.26,0.0,15,51397,卖盘
10:47:27,34.26,0.0,4,13704,卖盘
10:47:31,34.27,0.01,4,13708,买盘
10:47:34,34.26,-0.01,8,27411,卖盘
10:47:37,34.27,0.01,4,15558,买盘
10:47:39,34.26,-0.01,59,202136,卖盘
10:47:43,34.27,0.01,2,6854,买盘
10:47:46,34.26,-0.01,39,131366,卖盘
10:47:49,34.27,0.01,5,17132,买盘
10:47:52,34.27,0.0,46,157637,买盘
10:47:54,34.26,-0.01,78,267232,卖盘
10:47:58,34.26,0.0,2,9661,卖盘
10:48:00,34.26,0.0,1,3460,卖盘
10:48:03,34.3,0.04,519,1780006,买盘
10:48:07,34.27,-0.03,68,232969,中性盘
10:48:10,34.27,0.0,4,13708,卖盘
10:48:13,34.27,0.0,2,6854,卖盘
10:48:16,34.3,0.03,79,270779,买盘
10:48:18,34.26,-0.04,33,110249,卖盘
10:48:22,34.25,-0.01,75,259783,卖盘
10:48:25,34.3,0.05,57,193654,买盘
10:48:28,34.3,0.0,14,49875,卖盘
10:48:31,34.29,-0.01,236,808570,卖盘
10:48:34,34.29,0.0,2,6858,卖盘
10:48:37,34.3,0.01,2,6860,买盘
10:48:40,34.29,-0.01,30,102870,卖盘
10:48:43,34.29,0.0,4,13717,卖盘
10:48:46,34.3,0.01,4,13720,买盘
10:48:49,34.3,0.0,4,10357,买盘
10:48:51,34.3,0.0,24,83864,买盘
10:48:55,34.3,0.0,10,34301,卖盘
10:48:58,34.31,0.01,159,545373,买盘
10:49:01,34.3,-0.01,10,34307,卖盘
10:49:04,34.31,0.01,27,92636,买盘
10:49:07,34.3,-0.01,8,27447,卖盘
10:49:09,34.3,0.0,19,65186,卖盘
10:49:13,34.31,0.01,20,68620,买盘
10:49:16,34.31,0.0,11,37741,卖盘
10:49:19,34.31,0.0,73,250463,卖盘
10:49:21,34.35,0.04,328,1124890,买盘
10:49:25,34.35,0.0,211,724785,卖盘
10:49:27,34.3,-0.05,292,1002297,卖盘
10:49:31,34.35,0.05,10,34345,中性盘
10:49:33,34.31,-0.04,58,198948,买盘
10:49:37,34.31,0.0,2,6862,买盘
10:49:40,34.31,0.0,33,113373,买盘
10:49:43,34.31,0.0,16,54895,买盘
10:49:45,34.31,0.0,4,13724,买盘
10:49:49,34.3,-0.01,25,85750,卖盘
10:49:51,34.3,0.0,70,240115,卖盘
10:49:55,34.3,0.0,1,3430,卖盘
10:49:58,34.3,0.0,45,155620,卖盘
10:50:01,34.31,0.01,3,10294,买盘
10:50:04,34.3,-0.01,189,648236,卖盘
10:50:07,34.3,0.0,3,10290,买盘
10:50:10,34.3,0.0,7,24010,买盘
10:50:13,34.3,0.0,39,133741,买盘
10:50:16,34.29,-0.01,1,3429,卖盘
10:50:19,34.3,0.01,92,315484,买盘
10:50:22,34.26,-0.04,114,391868,卖盘
10:50:25,34.25,-0.01,97,332308,卖盘
10:50:28,34.24,-0.01,113,387187,卖盘
10:50:31,34.26,0.02,2,6852,卖盘
10:50:33,34.26,0.0,21,71946,卖盘
10:50:37,34.27,0.01,40,137060,买盘
10:50:40,34.25,-0.02,54,184950,卖盘
10:50:43,34.28,0.03,9,30846,买盘
10:50:45,34.25,-0.03,8,27402,卖盘
10:50:48,34.26,0.01,13,44545,卖盘
10:50:52,34.26,0.0,6,20556,买盘
10:50:55,34.26,0.0,34,116482,买盘
10:50:58,34.25,-0.01,13,44536,卖盘
10:51:01,34.24,-0.01,225,769525,卖盘
10:51:04,34.24,0.0,52,178040,买盘
10:51:13,34.24,0.0,1,3424,买盘
10:51:16,34.24,0.0,152,522133,买盘
10:51:19,34.24,0.0,82,280768,卖盘
10:51:22,34.25,0.01,33,113021,买盘
10:51:24,34.25,0.0,12,41098,卖盘
10:51:28,34.25,0.0,8,27400,中性盘
10:51:31,34.23,-0.02,283,968992,卖盘
10:51:34,34.26,0.03,3,10278,中性盘
10:51:37,34.26,0.0,12,41121,卖盘
10:51:40,34.26,0.0,1,3426,卖盘
10:51:43,34.27,0.01,45,154214,买盘
10:51:45,34.27,0.0,3,10281,卖盘
10:51:49,34.27,0.0,12,41126,卖盘
10:51:52,34.27,0.0,16,54844,卖盘
10:51:55,34.3,0.03,122,418353,买盘
10:51:58,34.3,0.0,12,41160,卖盘
10:52:01,34.3,0.0,55,188684,卖盘
10:52:04,34.31,0.01,28,96058,买盘
10:52:07,34.33,0.02,59,202464,买盘
10:52:10,34.33,0.0,1,3433,买盘
10:52:12,34.31,-0.02,78,267661,卖盘
10:52:16,34.31,0.0,61,209512,卖盘
10:52:18,34.33,0.02,73,250481,卖盘
10:52:22,34.33,0.0,3,10299,卖盘
10:52:28,34.34,0.01,16,54937,卖盘
10:52:31,34.34,0.0,20,68681,卖盘
10:52:34,34.33,-0.01,1,3433,卖盘
10:52:37,34.34,0.01,8,27466,买盘
10:52:39,34.38,0.04,390,1339843,买盘
10:52:43,34.36,-0.02,18,61839,买盘
10:52:46,34.39,0.03,689,2367344,买盘
10:52:48,34.34,-0.05,16,54944,卖盘
10:52:51,34.34,0.0,30,102997,买盘
10:52:55,34.34,0.0,59,202603,买盘
10:52:58,34.34,0.0,80,274823,卖盘
10:53:01,34.38,0.04,14,48118,买盘
10:53:04,34.37,-0.01,26,89383,卖盘
10:53:06,34.39,0.02,115,393387,买盘
10:53:10,34.38,-0.01,12,41256,卖盘
10:53:13,34.38,0.0,13,44694,卖盘
10:53:16,34.38,0.0,127,436685,卖盘
10:53:19,34.37,-0.01,9,30933,买盘
10:53:21,34.37,0.0,14,48113,买盘
10:53:25,34.37,0.0,12,41243,买盘
10:53:28,34.38,0.01,122,419383,买盘
10:53:31,34.38,0.0,11,37822,卖盘
10:53:34,34.38,0.0,2,8664,卖盘
10:53:37,34.39,0.01,11,37821,买盘
10:53:40,34.39,0.0,123,421107,买盘
10:53:42,34.38,-0.01,19,65322,中性盘
10:53:45,34.37,-0.01,8,27499,卖盘
10:53:49,34.37,0.0,7,24059,卖盘
10:53:52,34.38,0.01,21,72198,买盘
10:53:55,34.38,0.0,26,89378,买盘
10:53:58,34.37,-0.01,53,182188,卖盘
10:54:01,34.37,0.0,23,79069,卖盘
10:54:04,34.37,0.0,1305,4489356,卖盘
10:54:07,34.4,0.03,36,123756,中性盘
10:54:10,34.4,0.0,72,247662,卖盘
10:54:13,34.41,0.01,20,68805,买盘
10:54:16,34.4,-0.01,80,275203,卖盘
10:54:18,34.41,0.01,31,106667,买盘
10:54:22,34.4,-0.01,46,158274,卖盘
10:54:25,34.41,0.01,74,254580,中性盘
10:54:28,34.41,0.0,20,68821,卖盘
10:54:31,34.41,0.0,109,375069,卖盘
10:54:34,34.41,0.0,29,99809,卖盘
10:54:37,34.41,0.0,71,244322,卖盘
10:54:40,34.42,0.01,62,213357,买盘
10:54:42,34.42,0.0,30,103231,买盘
10:54:46,34.42,0.0,1022,3519612,买盘
10:54:49,34.44,0.02,23,78969,中性盘
10:54:52,34.45,0.01,28,96437,买盘
10:54:55,34.42,-0.03,56,192852,卖盘
10:54:58,34.44,0.02,16,55094,买盘
10:55:01,34.45,0.01,317,1091831,买盘
10:55:04,34.43,-0.02,22,75764,卖盘
10:55:07,34.43,0.0,22,76134,卖盘
10:55:10,34.43,0.0,11,37879,卖盘
10:55:13,34.43,0.0,19,65419,卖盘
10:55:16,34.42,-0.01,160,550872,卖盘
10:55:18,34.43,0.01,44,150870,买盘
10:55:22,34.42,-0.01,6,21031,卖盘
10:55:25,34.42,0.0,108,371834,卖盘
10:55:28,34.41,-0.01,62,213471,卖盘
10:55:31,34.4,-0.01,17,58481,卖盘
10:55:34,34.41,0.01,246,846723,买盘
10:55:37,34.41,0.0,20,68820,卖盘
10:55:40,34.4,-0.01,220,756829,卖盘
10:55:42,34.4,0.0,127,436880,买盘
10:55:46,34.4,0.0,6,20640,买盘
10:55:49,34.38,-0.02,1,3438,卖盘
10:55:52,34.4,0.02,11,37822,买盘
10:55:55,34.38,-0.02,12,41274,卖盘
10:56:01,34.41,0.03,351,1207448,买盘
10:56:04,34.4,-0.01,111,381928,卖盘
10:56:07,34.4,0.0,40,137628,卖盘
10:56:10,34.38,-0.02,140,481436,卖盘
10:56:13,34.38,0.0,36,123819,卖盘
10:56:15,34.38,0.0,114,391973,卖盘
10:56:19,34.4,0.02,29,99759,买盘
10:56:22,34.4,0.0,45,154797,买盘
10:56:25,34.4,0.0,7,24144,买盘
10:56:28,34.4,0.0,10,34400,买盘
10:56:30,34.4,0.0,61,209836,买盘
10:56:34,34.41,0.01,7,24087,买盘
10:56:37,34.4,-0.01,90,309636,卖盘
10:56:40,34.4,0.0,146,502242,卖盘
10:56:43,34.4,0.0,22,75679,买盘
10:56:46,34.39,-0.01,2,6879,卖盘
10:56:51,34.4,0.01,7,24080,买盘
10:56:55,34.4,0.0,261,897840,买盘
10:56:58,34.39,-0.01,19,65343,卖盘
10:57:01,34.4,0.01,58,199520,买盘
10:57:04,34.39,-0.01,115,395487,卖盘
10:57:07,34.39,0.0,114,390704,买盘
10:57:10,34.39,0.0,858,2951441,卖盘
10:57:12,34.4,0.01,158,543428,买盘
10:57:16,34.4,0.0,74,254560,卖盘
10:57:19,34.4,0.0,69,237360,卖盘
10:57:22,34.4,0.0,602,2070201,买盘
10:57:25,34.41,0.01,53,182361,买盘
10:57:28,34.4,-0.01,1,3440,卖盘
10:57:31,34.4,0.0,78,268401,卖盘
10:57:34,34.41,0.01,43,147998,卖盘
10:57:37,34.41,0.0,8,27528,卖盘
10:57:40,34.42,0.01,2,6884,买盘
10:57:42,34.42,0.0,108,371672,买盘
10:57:46,34.42,0.0,350,1204402,买盘
10:57:49,34.43,0.01,11,37875,买盘
10:57:52,34.42,-0.01,119,409621,卖盘
10:57:55,34.43,0.01,1,3443,卖盘
10:57:58,34.43,0.0,11,37873,卖盘
10:58:01,34.43,0.0,107,368401,卖盘
10:58:04,34.44,0.01,95,328664,买盘
10:58:06,34.44,0.0,151,520156,卖盘
10:58:10,34.44,0.0,19,65436,卖盘
10:58:13,34.43,-0.01,816,2811398,卖盘
10:58:16,34.44,0.01,101,347760,买盘
10:58:19,34.44,0.0,2,6888,卖盘
10:58:22,34.44,0.0,55,189420,卖盘
10:58:24,34.44,0.0,107,368558,卖盘
10:58:28,34.45,0.01,21,72334,买盘
10:58:31,34.45,0.0,7,24115,卖盘
10:58:33,34.45,0.0,131,451344,卖盘
10:58:37,34.45,0.0,11,37895,中性盘
10:58:40,34.45,0.0,66,227372,卖盘
10:58:43,34.46,0.01,179,616823,买盘
10:58:45,34.46,0.0,126,434175,买盘
10:58:49,34.46,0.0,173,596307,买盘
10:58:52,34.46,0.0,19,65465,卖盘
10:58:55,34.46,0.0,6,20679,买盘
10:58:57,34.46,0.0,4,13784,卖盘
10:59:00,34.47,0.01,78,268840,买盘
10:59:04,34.46,-0.01,32,110275,卖盘
10:59:07,34.48,0.02,212,730826,买盘
10:59:10,34.47,-0.01,24,82717,买盘
10:59:12,34.46,-0.01,82,282582,卖盘
10:59:16,34.46,0.0,13,44801,卖盘
10:59:19,34.46,0.0,795,2740780,卖盘
10:59:21,34.46,0.0,33,113720,卖盘
10:59:25,34.47,0.01,161,554822,买盘
10:59:28,34.47,0.0,225,775367,买盘
10:59:31,34.45,-0.02,8,27566,卖盘
10:59:34,34.45,0.0,52,179142,卖盘
10:59:36,34.46,0.01,68,234327,买盘
10:59:40,34.46,0.0,33,113714,买盘
10:59:43,34.45,-0.01,36,124027,卖盘
10:59:46,34.45,0.0,154,530476,卖盘
10:59:49,34.44,-0.01,12,41338,卖盘
10:59:52,34.45,0.01,8,27553,买盘
10:59:55,34.44,-0.01,6,20666,卖盘
10:59:57,34.43,-0.01,120,413172,卖盘
11:00:01,34.43,0.0,2,6886,买盘
11:00:04,34.42,-0.01,15,51642,卖盘
11:00:07,34.43,0.01,57,196211,买盘
11:00:10,34.42,-0.01,48,165217,卖盘
11:00:13,34.41,-0.01,87,299442,卖盘
11:00:16,34.42,0.01,12,41302,买盘
11:00:19,34.41,-0.01,45,155803,卖盘
11:00:22,34.41,0.0,4,13764,卖盘
11:00:25,34.41,0.0,143,492066,卖盘
11:00:28,34.41,0.0,3,10323,卖盘
11:00:31,34.42,0.01,43,147967,买盘
11:00:34,34.41,-0.01,26,89487,卖盘
11:00:36,34.42,0.01,183,629814,买盘
11:00:40,34.42,0.0,10,34420,卖盘
11:00:43,34.42,0.0,27,92934,卖盘
11:00:46,34.43,0.01,1,3443,买盘
11:00:48,34.41,-0.02,53,182425,卖盘
11:00:52,34.42,0.01,24,81682,中性盘
11:00:54,34.42,0.0,8,27536,买盘
11:01:01,34.41,-0.01,9,30974,卖盘
11:01:03,34.42,0.01,8,27536,买盘
11:01:07,34.41,-0.01,90,309710,卖盘
11:01:10,34.42,0.01,222,764177,买盘
11:01:13,34.41,-0.01,76,261924,卖盘
11:01:16,34.42,0.01,16,55071,中性盘
11:01:19,34.43,0.01,88,302974,买盘
11:01:25,34.42,-0.01,11,37863,卖盘
11:01:27,34.43,0.01,133,457908,买盘
11:01:30,34.43,0.0,53,182478,买盘
11:01:34,34.44,0.01,236,813477,买盘
11:01:37,34.44,0.0,250,860998,买盘
11:01:39,34.48,0.04,751,2587964,买盘
11:01:43,34.47,-0.01,22,75834,卖盘
11:01:46,34.47,0.0,348,1199889,卖盘
11:01:49,34.47,0.0,166,572357,卖盘
11:01:51,34.48,0.01,774,2668618,买盘
11:01:54,34.47,-0.01,518,1786006,卖盘
11:01:58,34.48,0.01,198,682687,买盘
11:02:01,34.48,0.0,43,148261,买盘
11:02:04,34.48,0.0,31,106884,买盘
11:02:07,34.47,-0.01,9,31024,卖盘
11:02:10,34.48,0.01,68,234463,买盘
11:02:13,34.48,0.0,108,372296,买盘
11:02:15,34.48,0.0,93,320649,买盘
11:02:19,34.49,0.01,10,34482,买盘
11:02:22,34.49,0.0,15,51732,买盘
11:02:25,34.48,-0.01,59,203444,卖盘
11:02:28,34.49,0.01,74,255224,买盘
11:02:30,34.49,0.0,45,155185,买盘
11:02:34,34.48,-0.01,38,131054,卖盘
11:02:36,34.49,0.01,159,548322,买盘
11:02:39,34.48,-0.01,16,55177,卖盘
11:02:43,34.48,0.0,1,3448,卖盘
11:02:46,34.49,0.01,239,824341,买盘
11:02:49,34.48,-0.01,32,110336,卖盘
11:02:51,34.49,0.01,7,24143,买盘
11:02:55,34.49,0.0,33,113816,买盘
11:02:58,34.49,0.0,10,34489,买盘
11:03:01,34.48,-0.01,13,44835,卖盘
11:03:04,34.48,0.0,36,124136,卖盘
11:03:07,34.48,0.0,67,231048,卖盘
11:03:10,34.48,0.0,248,855326,卖盘
11:03:13,34.48,0.0,303,1044941,卖盘
11:03:15,34.48,0.0,111,382728,卖盘
11:03:19,34.48,0.0,116,400038,卖盘
11:03:22,34.48,0.0,332,1144740,卖盘
11:03:25,34.49,0.01,778,2682362,买盘
11:03:28,34.49,0.0,91,314170,卖盘
11:03:31,34.49,0.0,5,17245,卖盘
11:03:33,34.48,-0.01,202,696697,卖盘
11:03:37,34.48,0.0,14,48278,卖盘
11:03:40,34.48,0.0,84,289697,卖盘
11:03:43,34.48,0.0,38,131031,卖盘
11:03:46,34.49,0.01,16,55178,买盘
11:03:49,34.47,-0.02,93,321389,卖盘
11:03:52,34.48,0.01,15,51720,买盘
11:03:55,34.47,-0.01,10,34482,卖盘
11:03:58,34.48,0.01,16,55168,买盘
11:04:01,34.48,0.0,55,189586,买盘
11:04:04,34.47,-0.01,23,79301,卖盘
11:04:07,34.48,0.01,48,165487,买盘
11:04:10,34.46,-0.02,103,354703,卖盘
11:04:13,34.46,0.0,14,48244,买盘
11:04:16,34.46,0.0,13,45142,买盘
11:04:19,34.46,0.0,3,10338,买盘
11:04:22,34.46,0.0,82,282571,买盘
11:04:25,34.45,-0.01,8,26636,卖盘
11:04:28,34.45,0.0,35,120575,卖盘
11:04:31,34.45,0.0,103,354773,卖盘
11:04:34,34.45,0.0,12,40028,买盘
11:04:36,34.43,-0.02,1,3443,卖盘
11:04:40,34.43,0.0,1,3443,卖盘
11:04:43,34.45,0.02,2,6890,买盘
11:04:46,34.45,0.0,19,65453,买盘
11:04:48,34.43,-0.02,102,351186,卖盘
11:04:52,34.44,0.01,26,89540,买盘
11:04:55,34.43,-0.01,169,583761,卖盘
11:04:58,34.43,0.0,10,34430,买盘
11:05:01,34.42,-0.01,6,20652,卖盘
11:05:03,34.42,0.0,127,437140,卖盘
11:05:07,34.42,0.0,18,61956,卖盘
11:05:09,34.42,0.0,102,351184,卖盘
11:05:13,34.41,-0.01,80,275346,卖盘
11:05:15,34.41,0.0,3,8568,卖盘
11:05:19,34.41,0.0,5,17205,卖盘
11:05:22,34.41,0.0,110,378520,卖盘
11:05:25,34.41,0.0,2,6882,卖盘
11:05:28,34.42,0.01,12,41295,买盘
11:05:31,34.41,-0.01,11,37852,卖盘
11:05:33,34.41,0.0,127,437008,卖盘
11:05:37,34.42,0.01,2,6884,买盘
11:05:40,34.42,0.0,23,78957,买盘
11:05:43,34.41,-0.01,3,10325,卖盘
11:05:45,34.41,0.0,2,6882,卖盘
11:05:49,34.41,0.0,42,144526,卖盘
11:05:51,34.41,0.0,12,41293,卖盘
11:05:54,34.41,0.0,16,55060,卖盘
11:05:58,34.41,0.0,4,13764,卖盘
11:06:01,34.41,0.0,17,58497,卖盘
11:06:04,34.42,0.01,33,113669,买盘
11:06:06,34.41,-0.01,10,34416,卖盘
11:06:09,34.42,0.01,4,13766,买盘
11:06:13,34.42,0.0,174,598718,买盘
11:06:16,34.42,0.0,130,447429,买盘
11:06:19,34.42,0.0,1,3442,卖盘
11:06:22,34.41,-0.01,43,147989,卖盘
11:06:24,34.42,0.01,7,24094,中性盘
11:06:28,34.42,0.0,65,223707,卖盘
11:06:31,34.42,0.0,17,58613,买盘
11:06:33,34.42,0.0,53,182433,卖盘
11:06:37,34.42,0.0,28,96276,卖盘
11:06:40,34.41,-0.01,13,44743,卖盘
11:06:43,34.42,0.01,40,137680,买盘
11:06:46,34.42,0.0,1,3442,买盘
11:06:52,34.41,-0.01,5,17205,卖盘
11:06:54,34.42,0.01,46,158400,买盘
11:06:58,34.45,0.03,215,740302,买盘
11:07:01,34.41,-0.04,6,20646,卖盘
11:07:04,34.41,0.0,17,58510,卖盘
11:07:07,34.42,0.01,5,17210,买盘
11:07:10,34.41,-0.01,82,282172,卖盘
11:07:13,34.41,0.0,26,89472,卖盘
11:07:16,34.42,0.01,8,27530,买盘
11:07:22,34.42,0.01,18,61956,买盘
11:07:25,34.42,0.0,20,68840,卖盘
11:07:28,34.42,0.0,27,92935,卖盘
11:07:31,34.43,0.01,2,6886,买盘
11:07:36,34.42,-0.01,14,48196,卖盘
11:07:40,34.42,0.0,41,141124,卖盘
11:07:43,34.42,0.0,13,44784,卖盘
11:07:45,34.42,0.0,119,409598,卖盘
11:07:49,34.42,0.0,24,82613,卖盘
11:07:52,34.43,0.01,28,96404,买盘
11:07:55,34.43,0.0,15,51645,卖盘
11:07:58,34.43,0.0,8,27544,卖盘
11:08:01,34.44,0.01,2,6888,买盘
11:08:03,34.43,-0.01,18,61976,卖盘
11:08:07,34.44,0.01,9,31030,买盘
11:08:10,34.43,-0.01,148,509606,卖盘
11:08:12,34.44,0.01,6,20664,买盘
11:08:16,34.43,-0.01,9,30990,卖盘
11:08:19,34.43,0.0,10,34430,卖盘
11:08:22,34.44,0.01,2,6888,买盘
11:08:25,34.44,0.0,3,10332,买盘
11:08:28,34.43,-0.01,18,61989,卖盘
11:08:31,34.43,0.0,36,124083,卖盘
11:08:33,34.43,0.0,56,192856,卖盘
11:08:37,34.44,0.01,9,30995,买盘
11:08:39,34.43,-0.01,1,3443,卖盘
11:08:43,34.43,0.0,17,58534,卖盘
11:08:45,34.43,0.0,28,96404,卖盘
11:08:49,34.44,0.01,7,24108,买盘
11:08:52,34.43,-0.01,3,10331,卖盘
11:08:55,34.44,0.01,18,61992,买盘
11:08:58,34.43,-0.01,66,227349,卖盘
11:09:01,34.44,0.01,75,258298,买盘
11:09:03,34.44,0.0,41,141205,卖盘
11:09:07,34.44,0.0,39,134322,卖盘
11:09:10,34.44,0.0,70,241080,卖盘
11:09:13,34.45,0.01,75,258303,买盘
11:09:16,34.44,-0.01,29,99904,卖盘
11:09:18,34.45,0.01,16,55108,买盘
11:09:22,34.44,-0.01,51,175648,卖盘
11:09:25,34.45,0.01,12,41340,买盘
11:09:28,34.44,-0.01,12,41338,卖盘
11:09:31,34.44,0.0,26,89548,卖盘
11:09:33,34.44,0.0,10,34447,卖盘
11:09:37,34.44,0.0,191,657957,卖盘
11:09:40,34.44,0.0,88,303142,卖盘
11:09:43,34.45,0.01,257,884607,买盘
11:09:46,34.46,0.01,384,1322759,买盘
11:09:49,34.45,-0.01,14,48230,卖盘
11:09:51,34.45,0.0,6,20670,卖盘
11:09:55,34.45,0.0,5,17225,卖盘
11:09:58,34.46,0.01,14,48244,买盘
11:10:00,34.45,-0.01,233,802703,卖盘
11:10:04,34.46,0.01,60,206757,买盘
11:10:06,34.46,0.0,28,96502,卖盘
11:10:10,34.47,0.01,374,1289153,买盘
11:10:13,34.47,0.0,2,6894,卖盘
11:10:16,34.47,0.0,6,20682,卖盘
11:10:19,34.48,0.01,28,96537,买盘
11:10:21,34.47,-0.01,3,10341,卖盘
11:10:24,34.47,0.0,41,141328,卖盘
11:10:28,34.47,0.0,6,20684,卖盘
11:10:30,34.48,0.01,14,48272,买盘
11:10:34,34.47,-0.01,25,86191,卖盘
11:10:37,34.47,0.0,9,31266,卖盘
11:10:40,34.48,0.01,56,193087,买盘
11:10:43,34.47,-0.01,27,93074,卖盘
11:10:45,34.48,0.01,19,65510,买盘
11:10:49,34.48,0.0,21,72407,买盘
11:10:52,34.48,0.0,244,841455,买盘
11:10:55,34.48,0.0,19,65515,买盘
11:10:58,34.48,0.0,39,134472,卖盘
11:11:03,34.48,0.0,6,20688,卖盘
11:11:07,34.49,0.01,8,27590,买盘
11:11:10,34.48,-0.01,167,575884,卖盘
11:11:13,34.48,0.0,25,86214,卖盘
11:11:15,34.48,0.0,270,931188,卖盘
11:11:19,34.49,0.01,303,1045047,买盘
11:11:22,34.48,-0.01,21,72408,卖盘
11:11:25,34.48,0.0,245,844890,卖盘
11:11:28,34.48,0.0,167,575820,卖盘
11:11:31,34.48,0.0,96,331096,卖盘
11:11:34,34.48,0.0,20,68977,卖盘
11:11:36,34.49,0.01,121,417324,买盘
11:11:40,34.48,-0.01,8,27584,卖盘
11:11:43,34.49,0.01,95,329138,买盘
11:11:46,34.49,0.0,30,103470,卖盘
11:11:49,34.5,0.01,77,265722,买盘
11:11:52,34.49,-0.01,158,544944,卖盘
11:11:55,34.5,0.01,6,20594,买盘
11:11:58,34.49,-0.01,12,41392,卖盘
11:12:01,34.49,0.0,15,51735,卖盘
11:12:03,34.49,0.0,79,272500,卖盘
11:12:07,34.49,0.0,15,51743,卖盘
11:12:10,34.49,0.0,117,403564,卖盘
11:12:13,34.5,0.01,161,555299,买盘
11:12:16,34.48,-0.02,34,117264,卖盘
11:12:19,34.48,0.0,15,51725,卖盘
11:12:21,34.48,0.0,177,610544,卖盘
11:12:25,34.5,0.02,210,724494,买盘
11:12:28,34.48,-0.02,12,41379,卖盘
11:12:30,34.48,0.0,50,172420,卖盘
11:12:34,34.49,0.01,22,75857,买盘
11:12:37,34.48,-0.01,72,248268,卖盘
11:12:39,34.49,0.01,45,155923,买盘
11:12:43,34.49,0.0,19,65524,买盘
11:12:46,34.48,-0.01,13,44834,卖盘
11:12:49,34.49,0.01,30,103465,买盘
11:12:52,34.48,-0.01,38,131053,卖盘
11:12:55,34.48,0.0,30,103457,卖盘
11:12:58,34.48,0.0,26,89656,卖盘
11:13:01,34.48,0.0,11,37928,卖盘
11:13:04,34.48,0.0,25,86324,卖盘
11:13:07,34.48,0.0,80,275842,卖盘
11:13:10,34.48,0.0,39,134482,卖盘
11:13:13,34.48,0.0,26,89648,卖盘
11:13:16,34.48,0.0,56,193099,卖盘
11:13:18,34.49,0.01,80,275847,买盘
11:13:21,34.48,-0.01,32,107886,卖盘
11:13:25,34.48,0.0,611,2107487,买盘
11:13:28,34.48,0.0,83,284909,卖盘
11:13:31,34.48,0.0,6,20687,买盘
11:13:34,34.47,-0.01,12,40684,卖盘
11:13:36,34.47,0.0,5,17235,卖盘
11:13:40,34.48,0.01,9,31030,买盘
11:13:43,34.48,0.0,31,106844,买盘
11:13:46,34.48,0.0,145,499950,买盘
11:13:49,34.48,0.0,34,117232,买盘
11:13:52,34.47,-0.01,6,20677,买盘
11:13:55,34.46,-0.01,2,6927,卖盘
11:13:58,34.47,0.01,39,134433,买盘
11:14:01,34.47,0.0,16,55154,卖盘
11:14:04,34.47,0.0,7,24129,卖盘
11:14:07,34.48,0.01,72,248148,买盘
11:14:09,34.47,-0.01,17,58599,中性盘
11:14:13,34.47,0.0,19,65492,买盘
11:14:18,34.46,-0.01,9,31121,卖盘
11:14:22,34.46,0.0,32,110299,卖盘
11:14:25,34.46,0.0,62,213658,卖盘
11:14:28,34.46,0.0,13,46280,卖盘
11:14:31,34.47,0.01,32,110304,买盘
11:14:34,34.46,-0.01,9,31014,卖盘
11:14:37,34.46,0.0,20,68920,卖盘
11:14:40,34.46,0.0,43,148180,卖盘
11:14:43,34.46,0.0,5,17781,卖盘
11:14:46,34.46,0.0,25,86152,卖盘
11:14:49,34.46,0.0,7,24122,卖盘
11:14:52,34.46,0.0,61,210211,卖盘
11:14:55,34.47,0.01,28,96513,买盘
11:14:58,34.46,-0.01,37,127520,卖盘
11:15:01,34.46,0.0,8,27568,卖盘
11:15:04,34.46,0.0,3,10338,卖盘
11:15:07,34.46,0.0,168,579038,卖盘
11:15:10,34.46,0.0,1,3446,卖盘
11:15:13,34.46,0.0,15,51691,卖盘
11:15:16,34.47,0.01,27,93066,买盘
11:15:19,34.46,-0.01,29,99934,卖盘
11:15:22,34.46,0.0,17,58585,卖盘
11:15:25,34.46,0.0,44,151624,卖盘
11:15:28,34.47,0.01,524,1803851,买盘
11:15:30,34.47,0.0,18,62046,卖盘
11:15:34,34.47,0.0,22,75834,卖盘
11:15:37,34.47,0.0,70,241290,卖盘
11:15:40,34.47,0.0,74,255078,卖盘
11:15:42,34.47,0.0,24,82728,卖盘
11:15:46,34.46,-0.01,8,27574,卖盘
11:15:49,34.47,0.01,17,57791,买盘
11:15:54,34.47,0.0,40,137909,卖盘
11:15:58,34.48,0.01,15,52891,买盘
11:16:01,34.47,-0.01,6,20687,卖盘
11:16:04,34.47,0.0,21,72387,卖盘
11:16:07,34.48,0.01,103,355074,买盘
11:16:10,34.47,-0.01,201,692999,卖盘
11:16:13,34.47,0.0,33,113775,卖盘
11:16:15,34.48,0.01,14,48263,买盘
11:16:19,34.47,-0.01,106,365384,卖盘
11:16:22,34.48,0.01,6,20788,买盘
11:16:24,34.48,0.0,21,72407,买盘
11:16:28,34.48,0.0,16,55951,买盘
11:16:31,34.47,-0.01,22,75855,卖盘
11:16:34,34.48,0.01,15,51720,买盘
11:16:37,34.47,-0.01,10,34472,卖盘
11:16:39,34.48,0.01,4,13789,买盘
11:16:42,34.48,0.0,193,665483,买盘
11:16:46,34.49,0.01,21,72416,买盘
11:16:48,34.48,-0.01,26,89648,卖盘
11:16:52,34.48,0.0,21,72408,卖盘
11:16:55,34.48,0.0,53,182746,卖盘
11:16:58,34.49,0.01,3,10347,买盘
11:17:00,34.48,-0.01,23,79321,卖盘
11:17:03,34.49,0.01,242,834652,买盘
11:17:07,34.48,-0.01,185,637885,卖盘
11:17:10,34.47,-0.01,57,196528,卖盘
11:17:13,34.47,0.0,702,2420845,卖盘
11:17:15,34.49,0.02,86,296610,买盘
11:17:19,34.49,0.0,6,20694,卖盘
11:17:22,34.49,0.0,2,6898,卖盘
11:17:25,34.49,0.0,6,20694,卖盘
11:17:28,34.49,0.0,194,669165,卖盘
11:17:31,34.49,0.0,410,1414491,卖盘
11:17:34,34.49,0.0,65,224215,卖盘
11:17:37,34.49,0.0,12,41491,卖盘
11:17:39,34.5,0.01,119,410545,买盘
11:17:43,34.49,-0.01,36,124165,卖盘
11:17:46,34.5,0.01,216,745184,买盘
11:17:49,34.5,0.0,35,120720,买盘
11:17:55,34.49,-0.01,17,58639,卖盘
11:17:57,34.49,0.0,20,68999,卖盘
11:18:01,34.49,0.0,3,10487,卖盘
11:18:04,34.49,0.0,22,75886,卖盘
11:18:06,34.5,0.01,102,351801,买盘
11:18:10,34.5,0.0,13,44850,买盘
11:18:13,34.49,-0.01,30,103470,卖盘
11:18:15,34.49,0.0,45,155233,卖盘
11:18:19,34.49,0.0,13,44840,卖盘
11:18:22,34.5,0.01,71,244896,买盘
11:18:25,34.49,-0.01,53,182797,卖盘
11:18:27,34.49,0.0,122,420537,卖盘
11:18:31,34.48,-0.01,28,96580,卖盘
11:18:34,34.49,0.01,5,17245,买盘
11:18:37,34.49,0.0,9,31033,买盘
11:18:40,34.49,0.0,55,189694,买盘
11:18:46,34.49,0.0,13,44837,买盘
11:18:49,34.48,-0.01,52,179343,卖盘
11:18:51,34.49,0.01,4,13899,买盘
11:18:55,34.48,-0.01,14,48284,卖盘
11:18:58,34.48,0.0,105,362041,卖盘
11:19:01,34.49,0.01,47,162101,买盘
11:19:04,34.48,-0.01,86,296534,卖盘
11:19:06,34.49,0.01,41,141374,买盘
11:19:10,34.48,-0.01,1,3448,卖盘
11:19:13,34.48,0.0,724,2497427,卖盘
11:19:16,34.5,0.02,4,13796,买盘
11:19:19,34.48,-0.02,30,103461,卖盘
11:19:22,34.48,0.0,1,3448,卖盘
11:19:28,34.48,0.0,10,34481,卖盘
11:19:31,34.49,0.01,25,86225,买盘
11:19:33,34.5,0.01,98,338058,买盘
11:19:40,34.49,-0.01,43,148328,买盘
11:19:43,34.49,0.0,14,48286,买盘
11:19:46,34.5,0.01,12,41393,买盘
11:19:49,34.5,0.0,7,24148,买盘
11:19:52,34.5,0.0,1,3450,买盘
11:19:55,34.49,-0.01,192,662214,卖盘
11:19:58,34.49,0.0,73,251833,卖盘
11:20:01,34.5,0.01,128,441539,买盘
11:20:04,34.49,-0.01,93,320759,卖盘
11:20:07,34.49,0.0,22,76058,卖盘
11:20:10,34.49,0.0,98,338002,卖盘
11:20:13,34.5,0.01,10,34497,买盘
11:20:16,34.49,-0.01,63,217344,卖盘
11:20:18,34.49,0.0,1,3449,卖盘
11:20:22,34.49,0.0,44,151769,卖盘
11:20:25,34.49,0.0,6,20694,卖盘
11:20:28,34.5,0.01,13,44849,买盘
11:20:31,34.5,0.0,14,48398,买盘
11:20:34,34.49,-0.01,26,89676,卖盘
11:20:36,34.5,0.01,24,82800,买盘
11:20:40,34.49,-0.01,4,13797,卖盘
11:20:42,34.49,0.0,10,34490,卖盘
11:20:46,34.5,0.01,6,20699,买盘
11:20:49,34.49,-0.01,30,103483,卖盘
11:20:52,34.49,0.0,461,1590446,卖盘
11:20:55,34.49,0.0,41,141587,卖盘
11:20:58,34.5,0.01,83,286350,买盘
11:21:01,34.49,-0.01,96,331191,卖盘
11:21:04,34.5,0.01,143,493264,买盘
11:21:07,34.49,-0.01,41,141422,卖盘
11:21:10,34.5,0.01,7,24150,买盘
11:21:13,34.49,-0.01,8,27592,卖盘
11:21:16,34.5,0.01,70,241432,买盘
11:21:19,34.5,0.0,2108,7270796,买盘
11:21:22,34.49,-0.01,73,253702,卖盘
11:21:24,34.5,0.01,291,1004236,中性盘
11:21:28,34.51,0.01,429,1480457,买盘
11:21:31,34.51,0.0,1321,4558769,买盘
11:21:34,34.51,0.0,116,400313,买盘
11:21:37,34.51,0.0,287,988703,买盘
11:21:40,34.52,0.01,76,262350,买盘
11:21:43,34.52,0.0,3,10355,买盘
11:21:46,34.52,0.0,275,949297,买盘
11:21:49,34.52,0.0,138,476372,买盘
11:21:53,34.52,0.0,72,248578,卖盘
11:21:55,34.52,0.0,120,414327,卖盘
11:21:58,34.52,0.0,30,103587,卖盘
11:22:01,34.53,0.01,63,217489,买盘
11:22:04,34.52,-0.01,230,794118,卖盘
11:22:07,34.52,0.0,161,555900,卖盘
11:22:10,34.53,0.01,55,189907,买盘
11:22:13,34.52,-0.01,7,24164,卖盘
11:22:16,34.53,0.01,94,324577,买盘
11:22:19,34.53,0.0,48,165744,买盘
11:22:22,34.53,0.0,62,214084,买盘
11:22:25,34.53,0.0,46,158835,买盘
11:22:28,34.53,0.0,80,276237,买盘
11:22:32,34.52,-0.01,31,107026,卖盘
11:22:34,34.52,0.0,8,27621,卖盘
11:22:37,34.53,0.01,141,486860,买盘
11:22:40,34.53,0.0,45,155384,买盘
11:22:43,34.53,0.0,42,145015,买盘
11:22:46,34.53,0.0,2,6905,买盘
11:22:49,34.53,0.0,86,296948,买盘
11:22:52,34.53,0.0,81,279687,买盘
11:22:55,34.53,0.0,2353,8126904,买盘
11:22:58,34.53,0.0,37,127758,买盘
11:23:01,34.53,0.0,129,445357,买盘
11:23:04,34.53,0.0,22,75953,买盘
11:23:08,34.53,0.0,37,127765,买盘
11:23:10,34.54,0.01,46,158848,买盘
11:23:13,34.53,-0.01,46,158873,卖盘
11:23:16,34.54,0.01,374,1291796,买盘
11:23:19,34.54,0.0,42,145072,卖盘
11:23:22,34.56,0.02,984,3399887,买盘
11:23:25,34.55,-0.01,92,317883,卖盘
11:23:28,34.58,0.03,503,1738711,买盘
11:23:31,34.58,0.0,31,107190,买盘
11:23:34,34.58,0.0,23,79492,买盘
11:23:37,34.58,0.0,684,2365573,买盘
11:23:40,34.59,0.01,610,2109957,买盘
11:23:44,34.59,0.0,103,356263,买盘
11:23:46,34.59,0.0,1251,4327378,买盘
11:23:48,34.6,0.01,835,2888741,买盘
11:23:53,34.6,0.0,255,882286,买盘
11:23:55,34.6,0.0,70,242191,买盘
11:23:58,34.6,0.0,38,131480,买盘
11:24:01,34.6,0.0,1630,5640195,买盘
11:24:04,34.63,0.03,467,1616455,买盘
11:24:07,34.6,-0.03,114,394486,卖盘
11:24:10,34.62,0.02,68,235358,买盘
11:24:13,34.62,0.0,33,114241,买盘
11:24:16,34.63,0.01,20,69251,买盘
11:24:20,34.63,0.0,130,450169,买盘
11:24:23,34.63,0.0,185,640642,买盘
11:24:25,34.62,-0.01,1398,4838092,卖盘
11:24:28,34.62,0.0,190,656698,买盘
11:24:32,34.62,0.0,99,342631,买盘
11:24:34,34.63,0.01,73,252691,买盘
11:24:38,34.62,-0.01,518,1793797,买盘
11:24:40,34.6,-0.02,38,131545,卖盘
11:24:43,34.61,0.01,86,298935,中性盘
11:24:46,34.62,0.01,111,384190,买盘
11:24:48,34.62,0.0,141,488144,卖盘
11:24:52,34.62,0.0,2021,7000437,卖盘
11:24:55,34.64,0.02,184,637310,买盘
11:24:58,34.62,-0.02,74,256228,卖盘
11:25:01,34.61,-0.01,95,328824,卖盘
11:25:04,34.62,0.01,100,346218,买盘
11:25:07,34.62,0.0,67,231954,买盘
11:25:10,34.62,0.0,22,76164,买盘
11:25:13,34.64,0.02,87,301275,买盘
11:25:16,34.62,-0.02,33,115808,卖盘
11:25:19,34.62,0.0,283,980177,卖盘
11:25:23,34.63,0.01,32,110816,买盘
11:25:25,34.62,-0.01,49,169672,卖盘
11:25:28,34.63,0.01,32,110800,买盘
11:25:31,34.63,0.0,18,62327,买盘
11:25:33,34.63,0.0,235,813824,买盘
11:25:38,34.64,0.01,34,117748,买盘
11:25:41,34.64,0.0,139,481586,买盘
11:25:43,34.63,-0.01,11,38093,卖盘
11:25:45,34.64,0.01,321,1111915,买盘
11:25:49,34.64,0.0,100,346329,买盘
11:25:53,34.64,0.0,67,232124,买盘
11:25:55,34.63,-0.01,101,349833,卖盘
11:25:57,34.65,0.02,10,34642,买盘
11:26:01,34.64,-0.01,126,436476,卖盘
11:26:04,34.6,-0.04,1383,4786459,卖盘
11:26:08,34.6,0.0,112,387520,买盘
11:26:10,34.6,0.0,169,584737,买盘
11:26:13,34.6,0.0,125,432500,买盘
11:26:16,34.6,0.0,125,432456,买盘
11:26:19,34.59,-0.01,34,117624,卖盘
11:26:23,34.59,0.0,25,86487,卖盘
11:26:25,34.59,0.0,34,117636,卖盘
11:26:28,34.65,0.06,1226,4246523,买盘
11:26:32,34.59,-0.06,86,297553,卖盘
11:26:33,34.65,0.06,149,518191,买盘
11:26:38,34.65,0.0,77,266838,卖盘
11:26:41,34.65,0.0,50,173276,卖盘
11:26:44,34.66,0.01,107,370784,买盘
11:26:46,34.65,-0.01,72,249485,卖盘
11:26:49,34.65,0.0,159,549044,卖盘
11:26:52,34.66,0.01,28,98043,卖盘
11:26:55,34.65,-0.01,39,135129,买盘
11:26:58,34.64,-0.01,45,155912,卖盘
11:27:01,34.65,0.01,83,287257,买盘
11:27:04,34.6,-0.05,12,41552,卖盘
11:27:07,34.64,0.04,5,17307,买盘
11:27:10,34.64,0.0,194,672012,买盘
11:27:13,34.64,0.0,25,86570,买盘
11:27:15,34.61,-0.03,19,65797,卖盘
11:27:19,34.61,0.0,505,1747795,卖盘
11:27:21,34.61,0.0,11,38070,买盘
11:27:25,34.61,0.0,163,564043,买盘
11:27:28,34.62,0.01,47,162720,卖盘
11:27:32,34.62,0.0,14,48468,卖盘
11:27:33,34.62,0.0,1,3462,卖盘
11:27:38,34.62,0.0,451,1561362,卖盘
11:27:40,34.62,0.0,106,366971,买盘
11:27:43,34.61,-0.01,14,46941,卖盘
11:27:46,34.62,0.01,20,69235,买盘
11:27:49,34.6,-0.02,75,261102,卖盘
11:27:52,34.6,0.0,3,10382,卖盘
11:27:55,34.61,0.01,303,1048848,买盘
11:27:58,34.6,-0.01,72,249207,卖盘
11:28:01,34.6,0.0,88,304480,卖盘
11:28:04,34.6,0.0,75,259500,卖盘
11:28:06,34.6,0.0,18,62288,卖盘
11:28:10,34.6,0.0,221,765051,卖盘
11:28:13,34.6,0.0,25,86502,卖盘
11:28:15,34.61,0.01,36,124596,买盘
11:28:19,34.61,0.0,79,273415,买盘
11:28:22,34.61,0.0,75,259516,买盘
11:28:25,34.61,0.0,11,38063,买盘
11:28:28,34.61,0.0,13,44988,买盘
11:28:30,34.61,0.0,19,65759,买盘
11:28:34,34.6,-0.01,112,387520,卖盘
11:28:36,34.6,0.0,64,220443,卖盘
11:28:43,34.59,-0.01,6,20169,卖盘
11:28:46,34.6,0.01,111,385100,买盘
11:28:49,34.6,0.0,69,238740,卖盘
11:28:51,34.6,0.0,14,47438,卖盘
11:28:55,34.6,0.0,18,62277,买盘
11:28:58,34.59,-0.01,82,283650,卖盘
11:29:01,34.6,0.01,8,27680,买盘
11:29:05,34.59,-0.01,201,695846,卖盘
11:29:07,34.58,-0.01,84,290298,卖盘
11:29:10,34.57,-0.01,54,186678,卖盘
11:29:12,34.56,-0.01,23,79493,卖盘
11:29:15,34.56,0.0,5,17280,卖盘
11:29:19,34.57,0.01,13,44933,买盘
11:29:22,34.58,0.01,24,82971,买盘
11:29:25,34.56,-0.02,125,432000,卖盘
11:29:31,34.57,0.01,5,17285,卖盘
11:29:33,34.55,-0.02,13,44924,卖盘
11:29:37,34.55,0.0,10,34585,卖盘
11:29:40,34.56,0.01,4,13824,买盘
11:29:42,34.55,-0.01,43,148565,卖盘
11:29:46,34.54,-0.01,1,3454,卖盘
11:29:49,34.54,0.0,29,100185,卖盘
11:29:51,34.54,0.0,7,24179,卖盘
11:29:55,34.55,0.01,23,79452,买盘
11:29:58,34.55,0.0,1,3662,买盘
11:30:01,34.55,0.0,90,310875,买盘
13:00:02,34.54,-0.01,532,1837566,卖盘
13:00:04,34.54,0.0,536,1851403,买盘
13:00:08,34.54,0.0,167,576730,买盘
13:00:10,34.52,-0.02,54,186684,卖盘
13:00:13,34.53,0.01,74,257395,买盘
13:00:16,34.52,-0.01,82,283122,卖盘
13:00:20,34.52,0.0,44,152138,卖盘
13:00:22,34.52,0.0,25,86325,卖盘
13:00:25,34.52,0.0,5,15465,卖盘
13:00:29,34.51,-0.01,148,510862,卖盘
13:00:32,34.51,0.0,51,177881,卖盘
13:00:34,34.51,0.0,22,74145,卖盘
13:00:38,34.51,0.0,94,326112,卖盘
13:00:40,34.51,0.0,38,129311,卖盘
13:00:44,34.51,0.0,18,63700,卖盘
13:00:46,34.52,0.01,1,3452,中性盘
13:00:49,34.52,0.0,2,6904,卖盘
13:00:53,34.51,-0.01,62,213997,卖盘
13:00:56,34.52,0.01,30,101617,买盘
13:00:58,34.5,-0.02,124,427810,卖盘
13:01:02,34.5,0.0,67,231311,卖盘
13:01:04,34.5,0.0,6,20701,卖盘
13:01:08,34.5,0.0,9,31052,卖盘
13:01:10,34.5,0.0,13,44860,卖盘
13:01:13,34.52,0.02,37,127684,买盘
13:01:16,34.5,-0.02,201,693450,卖盘
13:01:20,34.49,-0.01,61,210414,卖盘
13:01:23,34.49,0.0,28,96623,卖盘
13:01:25,34.49,0.0,8,27593,卖盘
13:01:31,34.49,0.0,51,175939,卖盘
13:01:38,34.49,0.0,16,55192,卖盘
13:01:40,34.49,0.0,9,31042,卖盘
13:01:44,34.49,0.0,15,51745,卖盘
13:01:46,34.49,0.0,47,163243,卖盘
13:01:49,34.49,0.0,39,134511,卖盘
13:01:52,34.49,0.0,17,58634,卖盘
13:01:56,34.49,0.0,4,12762,卖盘
13:01:58,34.48,-0.01,113,389105,卖盘
13:02:02,34.49,0.01,28,96547,买盘
13:02:04,34.48,-0.01,24,82794,卖盘
13:02:08,34.48,0.0,10,34480,卖盘
13:02:10,34.48,0.0,24,82752,卖盘
13:02:13,34.48,0.0,124,427614,卖盘
13:02:16,34.48,0.0,50,172400,卖盘
13:02:19,34.47,-0.01,160,551481,卖盘
13:02:23,34.45,-0.02,125,430874,卖盘
13:02:25,34.45,0.0,30,103350,卖盘
13:02:28,34.43,-0.02,86,295959,卖盘
13:02:31,34.42,-0.01,19,65366,卖盘
13:02:34,34.41,-0.01,23,79287,卖盘
13:02:37,34.4,-0.01,77,267033,卖盘
13:02:40,34.41,0.01,8,27702,卖盘
13:02:44,34.42,0.01,74,254725,买盘
13:02:46,34.42,0.0,57,195988,卖盘
13:02:49,34.42,0.0,21,72528,卖盘
13:02:52,34.42,0.0,33,113621,卖盘
13:02:56,34.42,0.0,49,168742,卖盘
13:02:58,34.41,-0.01,87,299347,卖盘
13:03:02,34.41,0.0,25,86165,卖盘
13:03:04,34.42,0.01,28,96376,买盘
13:03:08,34.42,0.0,62,213200,买盘
13:03:10,34.43,0.01,10,34429,中性盘
13:03:13,34.42,-0.01,113,388900,卖盘
13:03:16,34.42,0.0,100,344014,买盘
13:03:19,34.41,-0.01,17,58405,卖盘
13:03:23,34.42,0.01,22,75626,中性盘
13:03:25,34.43,0.01,13,44931,买盘
13:03:28,34.41,-0.02,290,997757,卖盘
13:03:32,34.43,0.02,92,316664,中性盘
13:03:34,34.43,0.0,36,123666,卖盘
13:03:37,34.43,0.0,20,68758,卖盘
13:03:40,34.4,-0.03,869,2989952,卖盘
13:03:43,34.4,0.0,93,319144,卖盘
13:03:46,34.37,-0.03,483,1661275,卖盘
13:03:49,34.35,-0.02,40,137541,卖盘
13:03:52,34.35,0.0,26,91783,卖盘
13:03:54,34.34,-0.01,52,176183,卖盘
13:03:58,34.33,-0.01,166,572439,卖盘
13:04:01,34.33,0.0,66,226517,卖盘
13:04:04,34.32,-0.01,126,429887,卖盘
13:04:08,34.32,0.0,82,281527,卖盘
13:04:10,34.32,0.0,126,432520,卖盘
13:04:13,34.29,-0.03,1046,3588682,卖盘
13:04:16,34.29,0.0,49,168519,卖盘
13:04:20,34.29,0.0,99,339237,买盘
13:04:22,34.26,-0.03,140,482378,卖盘
13:04:25,34.26,0.0,162,553394,卖盘
13:04:28,34.27,0.01,195,668366,买盘
13:04:32,34.3,0.03,143,490141,买盘
13:04:34,34.29,-0.01,40,137155,中性盘
13:04:38,34.28,-0.01,24,82305,卖盘
13:04:40,34.32,0.04,256,878088,买盘
13:04:44,34.35,0.03,185,634167,买盘
13:04:46,34.35,0.0,180,618274,买盘
13:04:49,34.37,0.02,33,113499,中性盘
13:04:53,34.37,0.0,5,17190,卖盘
13:04:55,34.41,0.04,10,34374,中性盘
13:04:58,34.38,-0.03,75,257718,中性盘
13:05:02,34.38,0.0,7,24065,买盘
13:05:03,34.38,0.0,39,134078,买盘
13:05:08,34.38,0.0,13,44694,卖盘
13:05:10,34.39,0.01,57,195945,买盘
13:05:13,34.38,-0.01,78,268180,卖盘
13:05:16,34.38,0.0,74,254365,中性盘
13:05:19,34.37,-0.01,30,103110,卖盘
13:05:22,34.35,-0.02,83,285199,卖盘
13:05:25,34.34,-0.01,28,96168,卖盘
13:05:28,34.38,0.04,184,632164,买盘
13:05:32,34.35,-0.03,48,164830,买盘
13:05:34,34.35,0.0,28,96171,买盘
13:05:37,34.34,-0.01,15,51513,卖盘
13:05:40,34.34,0.0,12,42229,卖盘
13:05:43,34.34,0.0,29,100861,买盘
13:05:46,34.34,0.0,33,110747,卖盘
13:05:49,34.34,0.0,8,27472,卖盘
13:05:52,34.34,0.0,13,44645,卖盘
13:05:55,34.33,-0.01,77,264668,卖盘
13:05:58,34.33,0.0,228,782663,买盘
13:06:02,34.31,-0.02,36,123534,卖盘
13:06:04,34.32,0.01,2,6864,买盘
13:06:07,34.31,-0.01,1,3637,卖盘
13:06:10,34.31,0.0,5,17155,卖盘
13:06:13,34.32,0.01,52,178456,买盘
13:06:16,34.32,0.0,21,72072,买盘
13:06:19,34.32,0.0,15,51480,买盘
13:06:22,34.32,0.0,22,75504,买盘
13:06:25,34.32,0.0,25,85797,买盘
13:06:27,34.32,0.0,32,109820,买盘
13:06:31,34.32,0.0,10,34320,卖盘
13:06:34,34.34,0.02,3,10299,买盘
13:06:38,34.33,-0.01,8,27464,中性盘
13:06:40,34.32,-0.01,6,20593,卖盘
13:06:43,34.33,0.01,31,106422,买盘
13:06:45,34.32,-0.01,12,41186,卖盘
13:06:49,34.33,0.01,25,87953,买盘
13:06:52,34.33,0.0,24,82383,中性盘
13:06:55,34.32,-0.01,164,563128,卖盘
13:06:58,34.33,0.01,28,96128,中性盘
13:07:01,34.33,0.0,32,109856,卖盘
13:07:04,34.34,0.01,4,13736,买盘
13:07:07,34.34,0.0,2,6868,买盘
13:07:10,34.33,-0.01,4,13732,卖盘
13:07:13,34.34,0.01,21,72106,买盘
13:07:16,34.33,-0.01,8,27465,卖盘
13:07:20,34.33,0.0,1,3433,卖盘
13:07:22,34.33,0.0,21,72198,卖盘
13:07:25,34.34,0.01,47,161397,买盘
13:07:28,34.34,0.0,19,65246,卖盘
13:07:31,34.34,0.0,88,302192,卖盘
13:07:34,34.33,-0.01,303,1040164,卖盘
13:07:37,34.33,0.0,165,565893,买盘
13:07:39,34.32,-0.01,107,365391,卖盘
13:07:43,34.32,0.0,91,312749,买盘
13:07:46,34.3,-0.02,137,471344,卖盘
13:07:48,34.3,0.0,163,559127,卖盘
13:07:51,34.3,0.0,54,185209,卖盘
13:07:55,34.31,0.01,130,444050,买盘
13:07:57,34.31,0.0,47,160982,卖盘
13:08:01,34.3,-0.01,10,34300,中性盘
13:08:04,34.28,-0.02,5,18719,卖盘
13:08:06,34.28,0.0,3,10288,卖盘
13:08:10,34.29,0.01,7,23997,中性盘
13:08:13,34.3,0.01,15,51426,买盘
13:08:16,34.28,-0.02,69,236541,卖盘
13:08:19,34.28,0.0,2,6856,卖盘
13:08:22,34.3,0.02,4,13720,买盘
13:08:25,34.26,-0.04,261,892182,卖盘
13:08:28,34.26,0.0,3,10278,买盘
13:08:31,34.27,0.01,94,322059,买盘
13:08:34,34.26,-0.01,3,10279,中性盘
13:08:36,34.3,0.04,48,166726,买盘
13:08:40,34.3,0.0,5,17150,卖盘
13:08:43,34.26,-0.04,113,385293,卖盘
13:08:46,34.3,0.04,5,17146,买盘
13:08:52,34.27,-0.03,2,8122,卖盘
13:08:55,34.28,0.01,72,246745,买盘
13:08:58,34.27,-0.01,25,85676,卖盘
13:09:01,34.28,0.01,18,61697,买盘
13:09:04,34.28,0.0,34,116552,卖盘
13:09:09,34.29,0.01,138,473058,买盘
13:09:13,34.28,-0.01,23,78859,卖盘
13:09:16,34.29,0.01,4,13715,买盘
13:09:19,34.29,0.0,68,233172,买盘
13:09:22,34.29,0.0,12,40290,卖盘
13:09:25,34.3,0.01,12,41149,买盘
13:09:27,34.3,0.0,35,120050,买盘
13:09:30,34.3,0.0,3,10290,买盘
13:09:34,34.3,0.0,61,209230,买盘
13:09:37,34.3,0.0,62,212644,买盘
13:09:39,34.3,0.0,53,183924,买盘
13:09:43,34.29,-0.01,104,356700,卖盘
13:09:46,34.31,0.02,5,17155,买盘
13:09:48,34.32,0.01,12,41184,买盘
13:09:51,34.32,0.0,11,37740,买盘
13:09:55,34.32,0.0,85,291633,买盘
13:09:58,34.32,0.0,11,37744,买盘
13:10:01,34.31,-0.01,6,20586,卖盘
13:10:04,34.32,0.01,12,39638,买盘
13:10:07,34.31,-0.01,56,192179,卖盘
13:10:09,34.32,0.01,55,188715,买盘
13:10:13,34.31,-0.01,1,3431,卖盘
13:10:16,34.32,0.01,22,75503,买盘
13:10:19,34.34,0.02,103,353594,买盘
13:10:22,34.32,-0.02,1,3432,中性盘
13:10:25,34.31,-0.01,17,58333,卖盘
13:10:28,34.31,0.0,10,34316,卖盘
13:10:31,34.32,0.01,6,20592,卖盘
13:10:34,34.33,0.01,72,247117,中性盘
13:10:37,34.33,0.0,37,127020,买盘
13:10:40,34.32,-0.01,4,13728,卖盘
13:10:43,34.32,0.0,13,44623,卖盘
13:10:49,34.33,0.01,53,181941,买盘
13:10:52,34.32,-0.01,17,58354,卖盘
13:10:55,34.32,0.0,184,632923,卖盘
13:10:58,34.33,0.01,68,233443,买盘
13:11:01,34.32,-0.01,41,140741,卖盘
13:11:04,34.33,0.01,174,597180,买盘
13:11:07,34.33,0.0,4,13730,买盘
13:11:10,34.33,0.0,17,58356,买盘
13:11:13,34.32,-0.01,144,492838,卖盘
13:11:15,34.31,-0.01,40,137252,卖盘
13:11:19,34.32,0.01,7,24024,买盘
13:11:25,34.3,-0.02,320,1099359,卖盘
13:11:28,34.29,-0.01,122,418507,卖盘
13:11:31,34.29,0.0,5,16116,卖盘
13:11:33,34.3,0.01,6,20580,买盘
13:11:37,34.3,0.0,25,85750,买盘
13:11:39,34.3,0.0,21,72023,买盘
13:11:43,34.3,0.0,13,44590,买盘
13:11:46,34.29,-0.01,6,20574,卖盘
13:11:49,34.3,0.01,2,6859,买盘
13:11:51,34.29,-0.01,80,274329,卖盘
13:11:55,34.29,0.0,5,17251,卖盘
13:11:57,34.29,0.0,165,565505,卖盘
13:12:01,34.3,0.01,21,72012,买盘
13:12:04,34.28,-0.02,30,102860,卖盘
13:12:06,34.29,0.01,77,264064,买盘
13:12:09,34.28,-0.01,9,30858,卖盘
13:12:13,34.27,-0.01,410,1405403,卖盘
13:12:16,34.27,0.0,4,13711,卖盘
13:12:18,34.27,0.0,2,6959,卖盘
13:12:22,34.26,-0.01,151,517401,卖盘
13:12:25,34.27,0.01,9,30843,卖盘
13:12:28,34.27,0.0,35,119941,卖盘
13:12:31,34.27,0.0,10,34270,买盘
13:12:34,34.27,0.0,14,47977,买盘
13:12:37,34.27,0.0,6,20557,买盘
13:12:40,34.26,-0.01,88,301524,卖盘
13:12:43,34.26,0.0,8,27408,卖盘
13:12:46,34.27,0.01,7,23988,买盘
13:12:51,34.26,-0.01,88,301503,卖盘
13:12:57,34.27,0.01,605,2072732,买盘
13:13:01,34.25,-0.02,55,188379,卖盘
13:13:04,34.25,0.0,69,236335,卖盘
13:13:07,34.26,0.01,24,82206,买盘
13:13:10,34.25,-0.01,40,137090,卖盘
13:13:12,34.25,0.0,26,89050,卖盘
13:13:16,34.25,0.0,16,54810,卖盘
13:13:18,34.25,0.0,25,85625,卖盘
13:13:22,34.25,0.0,16,54800,卖盘
13:13:24,34.25,0.0,11,37677,卖盘
13:13:28,34.25,0.0,6,20553,卖盘
13:13:31,34.25,0.0,13,44525,卖盘
13:13:34,34.25,0.0,13,44629,卖盘
13:13:37,34.25,0.0,3,10277,卖盘
13:13:40,34.25,0.0,214,732950,卖盘
13:13:43,34.25,0.0,186,636810,卖盘
13:13:46,34.24,-0.01,79,270632,卖盘
13:13:49,34.25,0.01,15,51375,买盘
13:13:51,34.24,-0.01,82,280778,卖盘
13:13:54,34.23,-0.01,375,1283732,卖盘
13:13:58,34.22,-0.01,55,188222,卖盘
13:14:00,34.22,0.0,97,332013,卖盘
13:14:03,34.22,0.0,11,37643,卖盘
13:14:07,34.23,0.01,52,177947,买盘
13:14:10,34.22,-0.01,458,1567277,卖盘
13:14:13,34.22,0.0,92,314783,买盘
13:14:15,34.22,0.0,47,160807,买盘
13:14:19,34.22,0.0,32,109492,买盘
13:14:21,34.22,0.0,50,171080,买盘
13:14:25,34.22,0.0,90,307978,买盘
13:14:28,34.21,-0.01,18,61591,卖盘
13:14:31,34.23,0.02,150,513148,买盘
13:14:34,34.23,0.0,157,537616,卖盘
13:14:36,34.24,0.01,15,51600,买盘
13:14:40,34.23,-0.01,10,34231,卖盘
13:14:43,34.24,0.01,36,123263,买盘
13:14:46,34.23,-0.01,9,30807,卖盘
13:14:49,34.24,0.01,103,352660,买盘
13:14:52,34.24,0.0,237,811396,买盘
13:14:55,34.24,0.0,57,195150,卖盘
13:14:58,34.23,-0.01,214,732560,卖盘
13:15:00,34.23,0.0,15,51345,买盘
13:15:04,34.23,0.0,2,6846,买盘
13:15:07,34.22,-0.01,17,58178,卖盘
13:15:09,34.22,0.0,25,85567,卖盘
13:15:13,34.23,0.01,12,41342,买盘
13:15:16,34.23,0.0,21,71883,买盘
13:15:19,34.23,0.0,195,667449,买盘
13:15:23,34.23,0.0,90,308037,卖盘
13:15:25,34.23,0.0,53,181419,卖盘
13:15:28,34.23,0.0,1,3423,卖盘
13:15:31,34.24,0.01,40,135186,买盘
13:15:35,34.23,-0.01,55,188278,卖盘
13:15:37,34.23,0.0,16,54768,买盘
13:15:40,34.23,0.0,5,17115,买盘
13:15:43,34.22,-0.01,37,126648,卖盘
13:15:46,34.23,0.01,36,123228,买盘
13:15:49,34.23,0.0,2,6846,买盘
13:15:52,34.22,-0.01,74,253229,卖盘
13:15:54,34.23,0.01,48,164304,买盘
13:15:58,34.23,0.0,102,349146,买盘
13:16:01,34.22,-0.01,32,109504,卖盘
13:16:04,34.22,0.0,147,503038,卖盘
13:16:07,34.22,0.0,54,184815,卖盘
13:16:10,34.22,0.0,36,123221,卖盘
13:16:13,34.23,0.01,30,102674,买盘
13:16:16,34.22,-0.01,42,143724,卖盘
13:16:19,34.23,0.01,5,17112,买盘
13:16:21,34.23,0.0,104,355894,买盘
13:16:25,34.23,0.0,17,58180,买盘
13:16:28,34.23,0.0,15,52879,买盘
13:16:31,34.23,0.0,33,112945,买盘
13:16:33,34.23,0.0,38,130068,买盘
13:16:37,34.23,0.0,47,160876,买盘
13:16:40,34.22,-0.01,115,393632,卖盘
13:16:43,34.23,0.01,137,467855,买盘
13:16:45,34.24,0.01,34,116416,买盘
13:16:48,34.25,0.01,28,95899,买盘
13:16:51,34.24,-0.01,76,260224,卖盘
13:16:55,34.24,0.0,11,37664,卖盘
13:16:58,34.25,0.01,100,342476,买盘
13:17:00,34.25,0.0,1,3563,卖盘
13:17:04,34.25,0.0,1,3425,卖盘
13:17:07,34.25,0.0,375,1284380,卖盘
13:17:10,34.26,0.01,39,133599,买盘
13:17:13,34.26,0.0,22,75360,买盘
13:17:19,34.26,0.01,7,23982,买盘
13:17:21,34.26,0.0,13,44537,买盘
13:17:25,34.25,-0.01,9,30830,卖盘
13:17:28,34.27,0.02,39,133644,买盘
13:17:31,34.26,-0.01,24,82224,卖盘
13:17:34,34.26,0.0,7,23982,卖盘
13:17:36,34.27,0.01,27,92529,买盘
13:17:39,34.26,-0.01,3,10346,卖盘
13:17:43,34.26,0.0,244,835886,卖盘
13:17:46,34.26,0.0,14,47964,买盘
13:17:48,34.26,0.0,40,137039,买盘
13:17:52,34.26,0.0,81,277435,买盘
13:17:56,34.26,0.0,66,226103,买盘
13:17:58,34.26,0.0,30,102780,买盘
13:18:01,34.26,0.0,34,116484,买盘
13:18:04,34.25,-0.01,22,75360,卖盘
13:18:08,34.26,0.01,19,65089,买盘
13:18:10,34.26,0.0,17,58242,买盘
13:18:13,34.25,-0.01,59,202076,卖盘
13:18:16,34.26,0.01,25,85637,买盘
13:18:18,34.25,-0.01,24,82201,卖盘
13:18:21,34.26,0.01,13,44535,买盘
13:18:25,34.26,0.0,9,30828,买盘
13:18:28,34.26,0.0,27,92501,买盘
13:18:34,34.26,0.0,96,328804,买盘
13:18:37,34.25,-0.01,133,455526,卖盘
13:18:40,34.25,0.0,49,167859,卖盘
13:18:44,34.25,0.0,4,13700,卖盘
13:18:46,34.25,0.0,27,92478,卖盘
13:18:50,34.24,-0.01,144,493171,卖盘
13:18:51,34.26,0.02,28,95928,买盘
13:18:56,34.27,0.01,3,10452,买盘
13:18:58,34.26,-0.01,11,37686,卖盘
13:19:01,34.26,0.0,11,37686,卖盘
13:19:04,34.27,0.01,17,58283,买盘
13:19:07,34.27,0.0,11,37687,买盘
13:19:10,34.27,0.0,202,692016,买盘
13:19:13,34.27,0.0,63,215896,买盘
13:19:16,34.25,-0.02,3,10275,卖盘
13:19:21,34.26,0.01,25,85649,买盘
13:19:25,34.25,-0.01,14,47958,卖盘
13:19:28,34.26,0.01,10,34259,买盘
13:19:32,34.26,0.0,24,82210,买盘
13:19:34,34.26,0.0,14,47964,卖盘
13:19:38,34.25,-0.01,20,68510,卖盘
13:19:40,34.26,0.01,3,10278,卖盘
13:19:44,34.27,0.01,45,154276,买盘
13:19:46,34.27,0.0,3,10281,卖盘
13:19:49,34.28,0.01,73,250174,买盘
13:19:53,34.27,-0.01,1,3427,卖盘
13:19:56,34.28,0.01,30,102840,买盘
13:19:58,34.28,0.0,34,116552,买盘
13:20:01,34.27,-0.01,4,13708,卖盘
13:20:04,34.28,0.01,5,17140,买盘
13:20:07,34.28,0.0,8,27418,买盘
13:20:10,34.28,0.0,139,476689,买盘
13:20:13,34.28,0.0,10,34281,卖盘
13:20:16,34.3,0.02,187,641087,买盘
13:20:20,34.31,0.01,18,61738,买盘
13:20:23,34.3,-0.01,9,30874,卖盘
13:20:25,34.31,0.01,15,51465,中性盘
13:20:28,34.31,0.0,23,78913,卖盘
13:20:32,34.31,0.0,42,144102,卖盘
13:20:34,34.3,-0.01,100,343328,卖盘
13:20:38,34.3,0.0,4,13720,卖盘
13:20:40,34.31,0.01,5,17151,买盘
13:20:43,34.3,-0.01,7,24013,卖盘
13:20:45,34.3,0.0,318,1090757,卖盘
13:20:49,34.3,0.0,76,260679,卖盘
13:20:53,34.3,0.0,89,305173,卖盘
13:20:56,34.31,0.01,47,161059,买盘
13:20:58,34.3,-0.01,31,106335,卖盘
13:21:01,34.3,0.0,19,65171,买盘
13:21:04,34.31,0.01,22,75477,买盘
13:21:08,34.3,-0.01,32,109793,卖盘
13:21:10,34.31,0.01,18,61758,卖盘
13:21:13,34.31,0.0,27,92637,卖盘
13:21:16,34.31,0.0,35,120085,卖盘
13:21:18,34.31,0.0,11,37741,卖盘
13:21:23,34.3,-0.01,20,68722,卖盘
13:21:25,34.31,0.01,16,54895,买盘
13:21:32,34.31,0.0,11,37741,买盘
13:21:34,34.3,-0.01,25,85751,卖盘
13:21:38,34.3,0.0,8,27440,卖盘
13:21:40,34.31,0.01,1,3431,买盘
13:21:43,34.3,-0.01,59,202370,卖盘
13:21:46,34.31,0.01,17,58326,买盘
13:21:49,34.3,-0.01,103,353359,卖盘
13:21:53,34.31,0.01,116,397919,买盘
13:21:56,34.31,0.0,33,113233,卖盘
13:21:58,34.31,0.0,56,192161,卖盘
13:22:01,34.31,0.0,6,20586,卖盘
13:22:04,34.31,0.0,9,30879,卖盘
13:22:08,34.32,0.01,14,48047,买盘
13:22:10,34.32,0.0,10,34320,买盘
13:22:13,34.32,0.0,18,61862,买盘
13:22:16,34.31,-0.01,2,6863,卖盘
13:22:18,34.33,0.02,159,545742,买盘
13:22:21,34.32,-0.01,4,13729,中性盘
13:22:25,34.32,0.0,30,102960,卖盘
13:22:28,34.32,0.0,5,17160,卖盘
13:22:30,34.31,-0.01,230,789223,卖盘
13:22:34,34.31,0.0,17,58318,买盘
13:22:38,34.3,-0.01,5,17189,卖盘
13:22:40,34.31,0.01,25,85769,买盘
13:22:44,34.3,-0.01,19,65170,卖盘
13:22:49,34.3,0.0,75,257250,卖盘
13:22:53,34.3,0.0,128,438966,卖盘
13:22:56,34.28,-0.02,7,24002,卖盘
13:22:58,34.3,0.02,15,51450,买盘
13:23:01,34.3,0.0,25,85750,买盘
13:23:04,34.29,-0.01,29,99457,卖盘
13:23:08,34.29,0.0,4,13713,买盘
13:23:10,34.28,-0.01,4,13712,卖盘
13:23:13,34.28,0.0,59,202252,卖盘
13:23:16,34.28,0.0,21,71988,卖盘
13:23:23,34.28,0.0,5,17140,卖盘
13:23:25,34.27,-0.01,132,452530,卖盘
13:23:28,34.27,0.0,7,23995,卖盘
13:23:30,34.28,0.01,36,123407,买盘
13:23:34,34.27,-0.01,35,119969,卖盘
13:23:38,34.28,0.01,17,58271,买盘
13:23:40,34.27,-0.01,5,17135,卖盘
13:23:44,34.27,0.0,18,61688,卖盘
13:23:46,34.27,0.0,7,23992,卖盘
13:23:48,34.27,0.0,173,592803,卖盘
13:23:52,34.27,0.0,6,20630,中性盘
13:23:56,34.27,0.0,2,6786,卖盘
13:23:58,34.26,-0.01,2,6852,卖盘
13:24:01,34.26,0.0,37,126787,卖盘
13:24:08,34.27,0.01,12,41114,买盘
13:24:10,34.26,-0.01,56,191868,卖盘
13:24:13,34.26,0.0,30,102804,卖盘
13:24:20,34.26,0.0,7,23984,卖盘
13:24:23,34.26,0.0,20,68520,卖盘
13:24:25,34.26,0.0,24,82234,卖盘
13:24:28,34.27,0.01,213,729742,买盘
13:24:30,34.26,-0.01,24,82236,卖盘
13:24:34,34.27,0.01,1,3427,买盘
13:24:38,34.27,0.0,7,23989,买盘
13:24:40,34.27,0.0,10,34262,买盘
13:24:43,34.26,-0.01,29,99355,卖盘
13:24:46,34.25,-0.01,88,301476,卖盘
13:24:49,34.26,0.01,30,102756,中性盘
13:24:53,34.26,0.0,3,10277,买盘
13:24:54,34.25,-0.01,5,17125,卖盘
13:24:58,34.25,0.0,6,20550,卖盘
13:25:00,34.25,0.0,2,6850,卖盘
13:25:04,34.25,0.0,29,99420,卖盘
13:25:06,34.26,0.01,5,17130,买盘
13:25:10,34.26,0.0,18,61662,买盘
13:25:13,34.25,-0.01,11,37675,卖盘
13:25:16,34.25,0.0,17,58225,卖盘
13:25:23,34.26,0.01,4,13704,买盘
13:25:25,34.26,0.0,54,184954,买盘
13:25:28,34.25,-0.01,7,23975,卖盘
13:25:32,34.25,0.0,27,92478,卖盘
13:25:34,34.25,0.0,15,51377,卖盘
13:25:36,34.26,0.01,69,236340,买盘
13:25:40,34.25,-0.01,7,23976,卖盘
13:25:44,34.25,0.0,8,27400,卖盘
13:25:46,34.25,0.0,90,308250,卖盘
13:25:49,34.25,0.0,184,630326,卖盘
13:25:53,34.25,0.0,7,23975,卖盘
13:25:56,34.25,0.0,2,6850,卖盘
13:25:58,34.25,0.0,22,75356,卖盘
13:26:04,34.26,0.01,30,102752,买盘
13:26:08,34.25,-0.01,136,465865,卖盘
13:26:09,34.25,0.0,54,185000,卖盘
13:26:13,34.25,0.0,7,23978,卖盘
13:26:16,34.25,0.0,9,30825,卖盘
13:26:23,34.25,0.0,4,13703,卖盘
13:26:25,34.26,0.01,196,671341,买盘
13:26:28,34.26,0.0,12,41112,卖盘
13:26:32,34.27,0.01,7,23983,买盘
13:26:34,34.26,-0.01,15,51397,卖盘
13:26:37,34.27,0.01,25,85657,买盘
13:26:40,34.27,0.0,33,113091,买盘
13:26:44,34.26,-0.01,13,44547,卖盘
13:26:46,34.26,0.0,76,260377,卖盘
13:26:49,34.26,0.0,38,130189,卖盘
13:26:53,34.27,0.01,49,167911,买盘
13:26:56,34.26,-0.01,35,119912,卖盘
13:26:58,34.27,0.01,9,30843,买盘
13:27:00,34.26,-0.01,4,13704,卖盘
13:27:04,34.26,0.0,34,116484,卖盘
13:27:08,34.28,0.02,29,99384,买盘
13:27:09,34.26,-0.02,13,44545,卖盘
13:27:13,34.26,0.0,4,13704,卖盘
13:27:18,34.27,0.01,28,95956,买盘
13:27:23,34.27,0.0,22,75394,卖盘
13:27:25,34.27,0.0,6,20562,卖盘
13:27:28,34.28,0.01,5,17136,买盘
13:27:32,34.28,0.0,5,17137,买盘
13:27:38,34.28,0.01,64,219392,买盘
13:27:41,34.28,0.0,1,3428,卖盘
13:27:44,34.28,0.0,33,113152,卖盘
13:27:45,34.29,0.01,110,377129,中性盘
13:27:48,34.3,0.01,11,37720,买盘
13:27:52,34.3,0.0,1,3430,买盘
13:27:56,34.29,-0.01,52,178310,卖盘
13:27:58,34.3,0.01,26,89167,买盘
13:28:02,34.29,-0.01,13,44584,卖盘
13:28:04,34.29,0.0,73,250331,卖盘
13:28:08,34.3,0.01,44,150895,买盘
13:28:11,34.29,-0.01,26,89179,卖盘
13:28:13,34.3,0.01,16,54879,买盘
13:28:16,34.3,0.0,81,277826,买盘
13:28:20,34.29,-0.01,20,68580,卖盘
13:28:23,34.28,-0.01,218,747608,卖盘
13:28:25,34.28,0.0,17,58289,卖盘
13:28:32,34.28,0.0,19,65132,卖盘
13:28:34,34.28,0.0,1,3428,卖盘
13:28:38,34.28,0.0,109,373654,卖盘
13:28:40,34.28,0.0,27,92557,卖盘
13:28:44,34.28,0.0,3,10286,卖盘
13:28:46,34.28,0.0,86,294809,卖盘
13:28:49,34.28,0.0,60,205730,卖盘
13:28:53,34.28,0.0,53,181736,卖盘
13:28:54,34.29,0.01,33,113151,买盘
13:28:58,34.29,0.0,13,44567,买盘
13:29:08,34.29,0.0,2,6858,买盘
13:29:11,34.28,-0.01,11,37780,卖盘
13:29:13,34.28,0.0,245,839748,卖盘
13:29:16,34.28,0.0,42,143974,买盘
13:29:20,34.28,0.0,7,23996,买盘
13:29:23,34.27,-0.01,15,51405,卖盘
13:29:25,34.28,0.01,4,13711,买盘
13:29:28,34.27,-0.01,9,30843,卖盘
13:29:32,34.28,0.01,4,13711,买盘
13:29:34,34.28,0.0,1,3428,买盘
13:29:38,34.27,-0.01,10,34377,卖盘
13:29:41,34.27,0.0,10,34270,卖盘
13:29:44,34.27,0.0,10,34270,卖盘
13:29:46,34.27,0.0,85,291304,卖盘
13:29:49,34.27,0.0,6,20562,卖盘
13:29:53,34.27,0.0,65,222755,卖盘
13:29:56,34.27,0.0,11,37697,卖盘
13:29:58,34.27,0.0,12,41124,卖盘
13:30:02,34.27,0.0,17,58368,卖盘
13:30:08,34.28,0.01,17,58276,买盘
13:30:11,34.28,0.0,13,44564,买盘
13:30:13,34.27,-0.01,64,219382,卖盘
13:30:16,34.27,0.0,20,68576,卖盘
13:30:19,34.27,0.0,5,17135,卖盘
13:30:23,34.27,0.0,15,51406,卖盘
13:30:25,34.27,0.0,2,6854,卖盘
13:30:28,34.27,0.0,34,116548,卖盘
13:30:32,34.27,0.0,57,195341,卖盘
13:30:34,34.28,0.01,32,109665,买盘
13:30:38,34.27,-0.01,11,37697,卖盘
13:30:41,34.27,0.0,13,44551,卖盘
13:30:44,34.28,0.01,76,260453,买盘
13:30:46,34.27,-0.01,109,373642,卖盘
13:30:49,34.27,0.0,11,37800,卖盘
13:30:53,34.27,0.0,63,215943,卖盘
13:30:55,34.27,0.0,31,106267,卖盘
13:30:58,34.27,0.0,7,23990,卖盘
13:31:00,34.27,0.0,30,102810,卖盘
13:31:04,34.27,0.0,50,171350,卖盘
13:31:08,34.27,0.0,5,17135,卖盘
13:31:10,34.27,0.0,35,119961,卖盘
13:31:16,34.28,0.01,31,106332,买盘
13:31:22,34.28,0.0,14,47992,买盘
13:31:25,34.28,0.0,2,6856,买盘
13:31:28,34.28,0.0,2,6856,买盘
13:31:31,34.28,0.0,4,13712,买盘
13:31:34,34.27,-0.01,18,61688,卖盘
13:31:38,34.27,0.0,8,27416,卖盘
13:31:41,34.27,0.0,5,17239,卖盘
13:31:44,34.27,0.0,114,390698,卖盘
13:31:46,34.27,0.0,24,82248,卖盘
13:31:49,34.27,0.0,3,10281,卖盘
13:31:53,34.28,0.01,19,65131,买盘
13:31:56,34.27,-0.01,5,17135,卖盘
13:31:58,34.28,0.01,33,113093,买盘
13:32:01,34.27,-0.01,42,143969,卖盘
13:32:04,34.27,0.0,32,109767,卖盘
13:32:08,34.27,0.0,7,23991,卖盘
13:32:10,34.27,0.0,109,373643,卖盘
13:32:13,34.28,0.01,12,41128,买盘
13:32:16,34.28,0.0,62,212499,买盘
13:32:20,34.27,-0.01,8,27416,卖盘
13:32:23,34.27,0.0,55,188510,卖盘
13:32:25,34.28,0.01,1,3428,买盘
13:32:28,34.27,-0.01,20,68557,卖盘
13:32:32,34.28,0.01,21,71987,买盘
13:32:34,34.28,0.0,35,119978,买盘
13:32:38,34.28,0.0,77,263956,卖盘
13:32:41,34.28,0.0,7,23996,卖盘
13:32:43,34.27,-0.01,152,520967,卖盘
13:32:46,34.28,0.01,5,17140,中性盘
13:32:49,34.28,0.0,69,236536,买盘
13:32:52,34.28,0.0,58,198772,卖盘
13:32:56,34.28,0.0,13,44572,卖盘
13:32:59,34.28,0.0,28,95994,卖盘
13:33:01,34.28,0.0,11,37708,卖盘
13:33:04,34.28,0.0,9,30854,卖盘
13:33:08,34.28,0.0,12,41136,卖盘
13:33:11,34.29,0.01,6,20571,买盘
13:33:13,34.28,-0.01,13,44564,卖盘
13:33:16,34.28,0.0,14,47997,卖盘
13:33:20,34.29,0.01,26,89325,买盘
13:33:23,34.29,0.0,7,23998,买盘
13:33:25,34.28,-0.01,6,20568,卖盘
13:33:28,34.28,0.0,8,27424,卖盘
13:33:32,34.29,0.01,4,13715,买盘
13:33:34,34.28,-0.01,58,198824,卖盘
13:33:38,34.29,0.01,2,6857,买盘
13:33:40,34.29,0.0,3,10285,买盘
13:33:44,34.28,-0.01,95,325762,卖盘
13:33:46,34.28,0.0,13,44564,卖盘
13:33:56,34.28,0.0,5,17140,卖盘
13:33:58,34.29,0.01,50,171440,买盘
13:34:02,34.28,-0.01,213,730165,卖盘
13:34:04,34.28,0.0,25,85691,卖盘
13:34:08,34.27,-0.01,32,109695,卖盘
13:34:11,34.28,0.01,3,10284,买盘
13:34:13,34.28,0.0,55,188540,买盘
13:34:16,34.28,0.0,6,20570,卖盘
13:34:20,34.28,0.0,3,10284,卖盘
13:34:23,34.28,0.0,49,167997,卖盘
13:34:25,34.28,0.0,16,54848,卖盘
13:34:34,34.28,0.0,17,58265,买盘
13:34:38,34.28,0.0,5,17140,买盘
13:34:40,34.27,-0.01,1,3427,卖盘
13:34:44,34.28,0.01,106,363298,买盘
13:34:46,34.28,0.0,15,51420,卖盘
13:34:49,34.28,0.0,16,54833,买盘
13:34:53,34.29,0.01,6,20570,买盘
13:34:55,34.3,0.01,96,329170,买盘
13:34:58,34.28,-0.02,19,65140,卖盘
13:35:02,34.28,0.0,5,17144,卖盘
13:35:04,34.3,0.02,15,51426,买盘
13:35:08,34.3,0.0,3,10288,买盘
13:35:10,34.28,-0.02,2,6857,卖盘
13:35:13,34.28,0.0,56,191968,卖盘
13:35:16,34.28,0.0,7,23999,卖盘
13:35:20,34.28,0.0,23,78868,卖盘
13:35:22,34.29,0.01,4,13715,买盘
13:35:25,34.3,0.01,29,99451,买盘
13:35:32,34.3,0.0,14,48018,买盘
13:35:34,34.3,0.0,11,37730,买盘
13:35:38,34.3,0.0,29,99470,买盘
13:35:40,34.3,0.0,38,130340,买盘
13:35:44,34.31,0.01,339,1162718,买盘
13:35:46,34.3,-0.01,29,99493,卖盘
13:35:56,34.31,0.01,46,157871,卖盘
13:35:58,34.32,0.01,16,54911,买盘
13:36:02,34.32,0.0,40,137280,买盘
13:36:05,34.32,0.0,14,48047,买盘
13:36:08,34.32,0.0,64,219647,买盘
13:36:11,34.32,0.0,33,113256,买盘
13:36:14,34.32,0.0,27,93003,买盘
13:36:17,34.32,0.0,71,243668,买盘
13:36:19,34.32,0.0,19,65208,买盘
13:36:23,34.32,0.0,29,99527,买盘
13:36:25,34.32,0.0,108,370655,买盘
13:36:29,34.33,0.01,32,109836,买盘
13:36:32,34.33,0.0,4,13732,买盘
13:36:35,34.34,0.01,20,68676,买盘
13:36:38,34.34,0.0,25,85845,买盘
13:36:41,34.32,-0.02,86,295160,卖盘
13:36:44,34.33,0.01,3,10298,卖盘
13:36:47,34.34,0.01,6,20604,买盘
13:36:49,34.34,0.0,24,82402,买盘
13:36:53,34.33,-0.01,8,27467,卖盘
13:36:56,34.34,0.01,84,285367,买盘
13:36:59,34.34,0.0,30,103047,卖盘
13:37:02,34.35,0.01,38,130530,买盘
13:37:04,34.35,0.0,35,120225,买盘
