time,price,change,volume,amount,type
09:25:03,32.47,-0.01,2646,8591562,买盘
09:30:01,32.47,0.0,162,525893,买盘
09:30:04,32.47,0.0,620,2012296,买盘
09:30:07,32.4,-0.07,382,1238776,卖盘
09:30:10,32.37,-0.03,131,423987,中性盘
09:30:13,32.33,-0.04,143,462604,卖盘
09:30:16,32.33,0.0,123,397785,卖盘
09:30:19,32.32,-0.01,188,607392,卖盘
09:30:22,32.28,-0.04,260,839842,卖盘
09:30:25,32.27,-0.01,111,358200,卖盘
09:30:28,32.24,-0.03,229,738534,卖盘
09:30:31,32.21,-0.03,93,299641,卖盘
09:30:34,32.23,0.02,174,560476,买盘
09:30:37,32.23,0.0,163,525184,买盘
09:30:40,32.23,0.0,281,905144,买盘
09:30:43,32.23,0.0,434,1397340,卖盘
09:30:46,32.18,-0.05,237,763863,卖盘
09:30:49,32.15,-0.03,164,527515,卖盘
09:30:51,32.15,0.0,185,595120,卖盘
09:30:55,32.16,0.01,83,266868,中性盘
09:30:58,32.17,0.01,138,443815,买盘
09:31:01,32.16,-0.01,102,328036,买盘
09:31:04,32.17,0.01,454,1460559,中性盘
09:31:07,32.18,0.01,245,788976,中性盘
09:31:10,32.18,0.0,292,939841,卖盘
09:31:13,32.18,0.0,121,389273,买盘
09:31:16,32.22,0.04,426,1371592,买盘
09:31:19,32.2,-0.02,346,1114185,卖盘
09:31:22,32.21,0.01,492,1584231,买盘
09:31:25,32.21,0.0,599,1927996,卖盘
09:31:28,32.22,0.01,227,730813,买盘
09:31:30,32.22,0.0,71,228720,买盘
09:31:34,32.21,-0.01,205,660228,卖盘
09:31:37,32.16,-0.05,843,2711751,卖盘
09:31:40,32.18,0.02,26,83676,卖盘
09:31:43,32.15,-0.03,234,752586,卖盘
09:31:46,32.13,-0.02,278,893347,卖盘
09:31:48,32.16,0.03,117,376357,卖盘
09:31:52,32.18,0.02,327,1051811,买盘
09:31:55,32.18,0.0,178,573004,卖盘
09:31:58,32.16,-0.02,81,261184,卖盘
09:32:01,32.15,-0.01,378,1215434,卖盘
09:32:03,32.16,0.01,115,369812,中性盘
09:32:07,32.18,0.02,117,374974,买盘
09:32:10,32.18,0.0,133,427924,买盘
09:32:12,32.18,0.0,306,985122,卖盘
09:32:16,32.18,0.0,183,588959,卖盘
09:32:19,32.18,0.0,85,273598,卖盘
09:32:22,32.18,0.0,272,875785,卖盘
09:32:25,32.26,0.08,677,2182531,买盘
09:32:28,32.26,0.0,97,314676,卖盘
09:32:31,32.27,0.01,252,813156,中性盘
09:32:34,32.27,0.0,76,245200,买盘
09:32:37,32.28,0.01,190,613299,买盘
09:32:40,32.25,-0.03,251,808971,卖盘
09:32:42,32.26,0.01,124,399875,买盘
09:32:46,32.26,0.0,87,281050,买盘
09:32:49,32.25,-0.01,30,96719,买盘
09:32:52,32.23,-0.02,227,731412,中性盘
09:32:55,32.25,0.02,27,87095,中性盘
09:32:58,32.26,0.01,60,193509,买盘
09:33:01,32.29,0.03,203,655887,买盘
09:33:04,32.29,0.0,62,200024,买盘
09:33:07,32.26,-0.03,216,697203,卖盘
09:33:10,32.29,0.03,70,223638,卖盘
09:33:13,32.33,0.04,30,96989,买盘
09:33:16,32.29,-0.04,31,100121,卖盘
09:33:19,32.31,0.02,22,71083,买盘
09:33:21,32.3,-0.01,147,474755,卖盘
09:33:25,32.29,-0.01,429,1385871,中性盘
09:33:28,32.3,0.01,128,413270,卖盘
09:33:31,32.28,-0.02,122,393899,卖盘
09:33:34,32.3,0.02,82,264818,买盘
09:33:37,32.3,0.0,134,432756,买盘
09:33:40,32.27,-0.03,391,1261937,卖盘
09:33:43,32.31,0.04,353,1139656,买盘
09:33:45,32.28,-0.03,83,267952,卖盘
09:33:49,32.28,0.0,381,1229621,卖盘
09:33:52,32.26,-0.02,91,293635,卖盘
09:33:55,32.28,0.02,99,319428,买盘
09:33:58,32.27,-0.01,240,774337,卖盘
09:34:01,32.25,-0.02,194,626991,卖盘
09:34:04,32.28,0.03,261,842199,买盘
09:34:07,32.28,0.0,289,932688,买盘
09:34:10,32.27,-0.01,62,200078,卖盘
09:34:13,32.25,-0.02,897,2894458,卖盘
09:34:16,32.23,-0.02,351,1132043,卖盘
09:34:19,32.24,0.01,367,1182900,中性盘
09:34:22,32.22,-0.02,150,481748,卖盘
09:34:25,32.21,-0.01,82,264187,卖盘
09:34:27,32.21,0.0,92,296310,卖盘
09:34:31,32.22,0.01,214,689433,买盘
09:34:33,32.22,0.0,52,167550,卖盘
09:34:37,32.23,0.01,280,902520,买盘
09:34:40,32.21,-0.02,132,425324,卖盘
09:34:43,32.21,0.0,48,154635,卖盘
09:34:45,32.22,0.01,21,67643,买盘
09:34:49,32.21,-0.01,38,122395,卖盘
09:34:52,32.22,0.01,103,331790,买盘
09:34:55,32.22,0.0,36,117347,卖盘
09:34:58,32.21,-0.01,184,591460,卖盘
09:35:00,32.21,0.0,51,164246,买盘
09:35:03,32.22,0.01,504,1621832,买盘
09:35:07,32.21,-0.01,109,351105,卖盘
09:35:10,32.21,0.0,121,389744,卖盘
09:35:13,32.22,0.01,100,322118,买盘
09:35:16,32.2,-0.02,695,2238180,卖盘
09:35:19,32.2,0.0,121,389962,买盘
09:35:22,32.2,0.0,88,283321,买盘
09:35:25,32.19,-0.01,124,398846,卖盘
09:35:28,32.2,0.01,429,1383098,买盘
09:35:31,32.18,-0.02,569,1832295,卖盘
09:35:34,32.21,0.03,209,672981,买盘
09:35:37,32.26,0.05,879,2832148,买盘
09:35:40,32.23,-0.03,294,948013,中性盘
09:35:43,32.27,0.04,169,544465,中性盘
09:35:46,32.26,-0.01,110,354913,卖盘
09:35:49,32.25,-0.01,41,132242,卖盘
09:35:52,32.26,0.01,90,291570,买盘
09:35:55,32.24,-0.02,194,625861,卖盘
09:35:58,32.24,0.0,158,507774,卖盘
09:36:01,32.23,-0.01,63,203033,中性盘
09:36:04,32.32,0.09,308,994179,买盘
09:36:07,32.33,0.01,146,471887,买盘
09:36:10,32.33,0.0,61,197536,卖盘
09:36:13,32.33,0.0,71,229433,买盘
09:36:15,32.31,-0.02,36,116309,卖盘
09:36:19,32.26,-0.05,327,1055397,卖盘
09:36:21,32.29,0.03,139,449216,中性盘
09:36:25,32.3,0.01,96,309842,中性盘
09:36:27,32.3,0.0,74,238922,买盘
09:36:31,32.27,-0.03,43,138741,中性盘
09:36:34,32.27,0.0,67,216289,卖盘
09:36:37,32.27,0.0,163,526224,卖盘
09:36:40,32.28,0.01,105,338972,中性盘
09:36:43,32.29,0.01,34,109755,买盘
09:36:46,32.28,-0.01,72,232434,卖盘
09:36:49,32.29,0.01,19,61336,买盘
09:36:52,32.3,0.01,50,161498,买盘
09:36:55,32.29,-0.01,34,109816,卖盘
09:36:58,32.29,0.0,42,135628,卖盘
09:37:01,32.3,0.01,552,1784100,买盘
09:37:04,32.32,0.02,248,800984,中性盘
09:37:07,32.34,0.02,163,525913,买盘
09:37:10,32.33,-0.01,506,1636785,卖盘
09:37:13,32.39,0.06,179,579242,买盘
09:37:16,32.39,0.0,103,334803,卖盘
09:37:18,32.37,-0.02,4,12946,买盘
09:37:22,32.38,0.01,15,48547,买盘
09:37:25,32.35,-0.03,47,152113,卖盘
09:37:28,32.35,0.0,182,588800,卖盘
09:37:31,32.33,-0.02,63,203194,卖盘
09:37:34,32.31,-0.02,118,379849,卖盘
09:37:37,32.34,0.03,266,859902,买盘
09:37:39,32.31,-0.03,90,290776,卖盘
09:37:43,32.31,0.0,168,542748,卖盘
09:37:45,32.31,0.0,76,245492,买盘
09:37:49,32.3,-0.01,674,2177095,卖盘
09:37:52,32.29,-0.01,248,802743,卖盘
09:37:55,32.29,0.0,140,450124,卖盘
09:37:58,32.27,-0.02,322,1039251,卖盘
09:38:01,32.28,0.01,103,332477,买盘
09:38:04,32.29,0.01,184,594001,买盘
09:38:06,32.28,-0.01,649,2095046,卖盘
09:38:10,32.28,0.0,212,684399,卖盘
09:38:12,32.29,0.01,132,426098,中性盘
09:38:16,32.28,-0.01,65,209870,卖盘
09:38:19,32.29,0.01,254,819672,买盘
09:38:22,32.27,-0.02,81,261417,卖盘
09:38:25,32.27,0.0,13,41958,卖盘
09:38:28,32.28,0.01,81,261239,买盘
09:38:30,32.28,0.0,81,261468,买盘
09:38:34,32.28,0.0,36,116213,卖盘
09:38:37,32.29,0.01,66,213058,买盘
09:38:39,32.29,0.0,198,639223,买盘
09:38:43,32.28,-0.01,74,238914,卖盘
09:38:46,32.27,-0.01,22,71008,卖盘
09:38:49,32.28,0.01,93,303045,买盘
09:38:51,32.28,0.0,28,90365,买盘
09:38:55,32.27,-0.01,113,362263,卖盘
09:38:58,32.26,-0.01,126,406057,卖盘
09:39:01,32.28,0.02,432,1394460,买盘
09:39:04,32.29,0.01,217,700610,买盘
09:39:06,32.3,0.01,36,116250,买盘
09:39:10,32.29,-0.01,192,620003,卖盘
09:39:13,32.3,0.01,66,215311,买盘
09:39:16,32.29,-0.01,492,1586472,卖盘
09:39:19,32.26,-0.03,240,774029,卖盘
09:39:21,32.22,-0.04,187,603709,卖盘
09:39:25,32.21,-0.01,77,247448,卖盘
09:39:28,32.21,0.0,91,293133,卖盘
09:39:31,32.21,0.0,454,1464465,买盘
09:39:34,32.21,0.0,120,386534,卖盘
09:39:37,32.24,0.03,139,447836,买盘
09:39:40,32.21,-0.03,171,550890,卖盘
09:39:43,32.22,0.01,151,486373,买盘
09:39:45,32.21,-0.01,229,737547,卖盘
09:39:49,32.2,-0.01,208,669878,卖盘
09:39:52,32.22,0.02,215,690914,买盘
09:39:54,32.2,-0.02,89,286624,卖盘
09:39:58,32.22,0.02,32,103083,买盘
09:40:01,32.2,-0.02,260,837319,卖盘
09:40:04,32.22,0.02,103,331800,买盘
09:40:07,32.22,0.0,304,979260,买盘
09:40:09,32.24,0.02,210,676555,买盘
09:40:13,32.24,0.0,47,151491,买盘
09:40:16,32.22,-0.02,42,135382,卖盘
09:40:19,32.24,0.02,90,289194,买盘
09:40:21,32.24,0.0,131,422577,卖盘
09:40:24,32.22,-0.02,364,1174200,卖盘
09:40:28,32.24,0.02,194,626125,中性盘
09:40:31,32.25,0.01,60,193389,中性盘
09:40:34,32.29,0.04,91,293651,买盘
09:40:37,32.26,-0.03,86,277620,卖盘
09:40:40,32.29,0.03,127,410124,买盘
09:40:43,32.29,0.0,190,613423,卖盘
09:40:46,32.3,0.01,78,251798,买盘
09:40:49,32.3,0.0,115,371289,买盘
09:40:51,32.29,-0.01,151,487671,卖盘
09:40:55,32.29,0.0,37,119404,买盘
09:40:58,32.31,0.02,40,129205,买盘
09:41:01,32.28,-0.03,3,12237,中性盘
09:41:04,32.32,0.04,62,200208,买盘
09:41:07,32.33,0.01,288,930398,买盘
09:41:10,32.3,-0.03,63,203467,卖盘
09:41:13,32.29,-0.01,79,255099,卖盘
09:41:16,32.29,0.0,102,329375,卖盘
09:41:19,32.29,0.0,90,289328,卖盘
09:41:22,32.3,0.01,23,74269,买盘
09:41:25,32.29,-0.01,73,235734,卖盘
09:41:28,32.29,0.0,49,158265,卖盘
09:41:31,32.29,0.0,77,248641,卖盘
09:41:34,32.29,0.0,60,193760,卖盘
09:41:36,32.3,0.01,297,959139,买盘
09:41:40,32.3,0.0,97,314595,买盘
09:41:43,32.29,-0.01,249,804063,卖盘
09:41:46,32.26,-0.03,63,203315,卖盘
09:41:49,32.28,0.02,15,48420,买盘
09:41:52,32.28,0.0,25,80700,卖盘
09:41:55,32.29,0.01,27,87163,买盘
09:41:58,32.28,-0.01,183,590555,买盘
09:42:00,32.28,0.0,52,166928,买盘
09:42:04,32.28,0.0,654,2111086,买盘
09:42:08,32.28,0.0,150,484038,卖盘
09:42:10,32.29,0.01,115,371227,买盘
09:42:13,32.29,0.0,74,238916,买盘
09:42:16,32.29,0.0,23,74262,买盘
09:42:19,32.28,-0.01,8,25824,中性盘
09:42:22,32.29,0.01,42,135606,买盘
09:42:24,32.28,-0.01,15,48421,卖盘
09:42:28,32.29,0.01,21,67797,买盘
09:42:31,32.29,0.0,118,381013,买盘
09:42:34,32.29,0.0,145,469369,买盘
09:42:36,32.27,-0.02,176,566772,卖盘
09:42:40,32.26,-0.01,178,574423,卖盘
09:42:43,32.28,0.02,98,316380,中性盘
09:42:46,32.27,-0.01,18,58101,卖盘
09:42:49,32.29,0.02,142,458454,买盘
09:42:52,32.29,0.0,79,254975,买盘
09:42:55,32.27,-0.02,54,174336,中性盘
09:42:58,32.3,0.03,228,735821,买盘
09:43:01,32.3,0.0,111,356781,买盘
09:43:04,32.3,0.0,234,756024,卖盘
09:43:07,32.31,0.01,125,403587,买盘
09:43:10,32.32,0.01,70,226205,买盘
09:43:13,32.29,-0.03,93,301454,卖盘
09:43:16,32.32,0.03,35,113116,买盘
09:43:19,32.32,0.0,22,71099,买盘
09:43:22,32.32,0.0,57,184195,买盘
09:43:25,32.31,-0.01,18,58160,中性盘
09:43:28,32.33,0.02,125,404011,买盘
09:43:31,32.33,0.0,72,232742,买盘
09:43:34,32.3,-0.03,344,1111442,卖盘
09:43:38,32.3,0.0,73,235784,买盘
09:43:40,32.3,0.0,128,413498,买盘
09:43:43,32.31,0.01,165,532666,买盘
09:43:46,32.3,-0.01,56,180958,卖盘
09:43:49,32.3,0.0,11,35530,卖盘
09:43:52,32.31,0.01,7,22612,买盘
09:43:55,32.3,-0.01,64,206720,卖盘
09:43:58,32.3,0.0,35,111963,买盘
09:44:01,32.3,0.0,16,51665,买盘
09:44:04,32.3,0.0,234,758464,买盘
09:44:07,32.3,0.0,113,365020,卖盘
09:44:10,32.3,0.0,266,859180,卖盘
09:44:13,32.3,0.0,209,674147,卖盘
09:44:16,32.28,-0.02,80,256633,卖盘
09:44:19,32.26,-0.02,80,259058,卖盘
09:44:22,32.25,-0.01,319,1028846,卖盘
09:44:25,32.26,0.01,59,190291,买盘
09:44:28,32.25,-0.01,310,1000624,卖盘
09:44:31,32.23,-0.02,88,283750,卖盘
09:44:34,32.23,0.0,151,486940,卖盘
09:44:37,32.26,0.03,110,354651,买盘
09:44:40,32.23,-0.03,124,399035,卖盘
09:44:43,32.22,-0.01,61,197832,卖盘
09:44:46,32.23,0.01,90,290007,买盘
09:44:49,32.23,0.0,29,93467,卖盘
09:44:52,32.22,-0.01,80,257835,卖盘
09:44:55,32.22,0.0,68,219805,卖盘
09:44:58,32.21,-0.01,61,196512,卖盘
09:45:01,32.22,0.01,30,96326,买盘
09:45:04,32.23,0.01,233,750181,买盘
09:45:08,32.25,0.02,59,190183,买盘
09:45:10,32.24,-0.01,57,183812,中性盘
09:45:13,32.25,0.01,30,96722,买盘
09:45:16,32.25,0.0,115,369492,买盘
09:45:19,32.25,0.0,47,151505,买盘
09:45:22,32.25,0.0,39,125773,买盘
09:45:25,32.23,-0.02,132,425489,卖盘
09:45:28,32.24,0.01,88,283702,卖盘
09:45:31,32.24,0.0,122,393349,买盘
09:45:34,32.24,0.0,43,138626,买盘
09:45:37,32.27,0.03,76,245140,买盘
09:45:40,32.28,0.01,33,106460,买盘
09:45:43,32.29,0.01,109,351720,买盘
09:45:46,32.28,-0.01,40,129038,卖盘
09:45:49,32.3,0.02,176,568403,买盘
09:45:52,32.29,-0.01,134,432522,买盘
09:45:54,32.27,-0.02,167,539275,卖盘
09:45:58,32.27,0.0,47,151669,卖盘
09:46:01,32.29,0.02,44,142017,买盘
09:46:03,32.3,0.01,224,725283,买盘
09:46:08,32.31,0.01,338,1091969,买盘
09:46:10,32.32,0.01,108,348984,买盘
09:46:13,32.33,0.01,264,853125,买盘
09:46:16,32.3,-0.03,121,390830,卖盘
09:46:19,32.31,0.01,136,439380,买盘
09:46:22,32.31,0.0,77,248761,买盘
09:46:25,32.31,0.0,54,174434,买盘
09:46:28,32.3,-0.01,88,284273,卖盘
09:46:31,32.31,0.01,50,161541,买盘
09:46:34,32.3,-0.01,112,361794,卖盘
09:46:38,32.3,0.0,144,465082,买盘
09:46:40,32.32,0.02,151,487900,买盘
09:46:43,32.32,0.0,27,87239,买盘
09:46:46,32.3,-0.02,129,416755,卖盘
09:46:49,32.3,0.0,41,132415,买盘
09:46:52,32.29,-0.01,31,100122,卖盘
09:46:55,32.3,0.01,26,83969,买盘
09:46:58,32.3,0.0,175,565216,买盘
09:47:01,32.3,0.0,36,116279,买盘
09:47:04,32.3,0.0,203,655652,买盘
09:47:07,32.3,0.0,98,315439,卖盘
09:47:10,32.31,0.01,73,235797,买盘
09:47:13,32.31,0.0,142,458692,买盘
09:47:16,32.3,-0.01,57,184130,卖盘
09:47:19,32.3,0.0,61,197048,卖盘
09:47:22,32.3,0.0,38,122733,买盘
09:47:25,32.29,-0.01,86,277764,卖盘
09:47:28,32.29,0.0,24,77502,卖盘
09:47:31,32.29,0.0,42,135622,卖盘
09:47:34,32.29,0.0,16,51659,买盘
09:47:38,32.29,0.0,35,113002,买盘
09:47:40,32.28,-0.01,130,419769,卖盘
09:47:43,32.27,-0.01,81,261458,卖盘
09:47:46,32.28,0.01,17,55371,买盘
09:47:49,32.28,0.0,34,109737,买盘
09:47:52,32.28,0.0,22,71006,买盘
09:47:55,32.27,-0.01,23,74227,卖盘
09:47:58,32.28,0.01,16,51648,买盘
09:48:01,32.27,-0.01,24,77452,卖盘
09:48:04,32.28,0.01,400,1290247,买盘
09:48:07,32.28,0.0,126,406524,买盘
09:48:10,32.25,-0.03,193,624147,卖盘
09:48:13,32.27,0.02,83,267797,买盘
09:48:16,32.25,-0.02,67,216103,卖盘
09:48:19,32.28,0.03,32,103286,买盘
09:48:23,32.26,-0.02,35,112959,卖盘
09:48:25,32.26,0.0,8,25814,卖盘
09:48:28,32.27,0.01,28,88312,买盘
09:48:31,32.26,-0.01,66,213005,卖盘
09:48:34,32.25,-0.01,285,919805,卖盘
09:48:37,32.27,0.02,39,125863,买盘
09:48:40,32.28,0.01,76,246455,买盘
09:48:43,32.25,-0.03,126,406684,卖盘
09:48:46,32.27,0.02,25,80671,中性盘
09:48:49,32.27,0.0,82,264617,买盘
09:48:52,32.28,0.01,46,148438,买盘
09:48:55,32.27,-0.01,59,190403,中性盘
09:48:58,32.26,-0.01,128,413241,卖盘
09:49:01,32.29,0.03,57,183953,买盘
09:49:04,32.3,0.01,548,1770398,买盘
09:49:08,32.29,-0.01,303,977129,卖盘
09:49:10,32.3,0.01,41,132463,中性盘
09:49:13,32.34,0.04,222,717858,买盘
09:49:16,32.29,-0.05,98,316580,卖盘
09:49:19,32.3,0.01,152,490959,买盘
09:49:22,32.3,0.0,114,368179,买盘
09:49:25,32.3,0.0,78,251934,买盘
09:49:28,32.3,0.0,76,245704,卖盘
09:49:32,32.35,0.05,260,840813,买盘
09:49:34,32.35,0.0,446,1442698,买盘
09:49:37,32.35,0.0,310,1002967,买盘
09:49:40,32.35,0.0,286,925243,买盘
09:49:43,32.3,-0.05,480,1551397,卖盘
09:49:46,32.32,0.02,347,1122820,卖盘
09:49:49,32.35,0.03,34,109990,买盘
09:49:53,32.38,0.03,490,1585136,买盘
09:49:56,32.36,-0.02,576,1864967,中性盘
09:49:58,32.35,-0.01,131,423456,中性盘
09:50:01,32.35,0.0,32,103525,卖盘
09:50:04,32.36,0.01,752,2435924,买盘
09:50:08,32.35,-0.01,137,443346,卖盘
09:50:10,32.38,0.03,74,239521,买盘
09:50:13,32.37,-0.01,45,145695,卖盘
09:50:16,32.37,0.0,67,216814,中性盘
09:50:19,32.38,0.01,47,152152,买盘
09:50:23,32.4,0.02,30,97114,买盘
09:50:25,32.38,-0.02,35,113309,买盘
09:50:28,32.36,-0.02,168,544543,卖盘
09:50:32,32.38,0.02,55,178043,买盘
09:50:34,32.35,-0.03,134,432427,卖盘
09:50:37,32.38,0.03,36,116474,买盘
09:50:40,32.36,-0.02,64,207193,卖盘
09:50:43,32.36,0.0,114,368915,卖盘
09:50:46,32.36,0.0,70,226541,卖盘
09:50:49,32.36,0.0,3,9708,买盘
09:50:53,32.36,0.0,14,44973,买盘
09:50:56,32.35,-0.01,63,204133,卖盘
09:50:58,32.34,-0.01,41,132611,卖盘
09:51:01,32.35,0.01,15,48525,买盘
09:51:04,32.35,0.0,91,294057,买盘
09:51:07,32.35,0.0,57,184421,卖盘
09:51:10,32.36,0.01,147,475635,买盘
09:51:13,32.35,-0.01,214,695154,卖盘
09:51:16,32.33,-0.02,200,646951,卖盘
09:51:20,32.36,0.03,7,22649,买盘
09:51:22,32.36,0.0,15,48540,买盘
09:51:25,32.35,-0.01,26,84109,卖盘
09:51:28,32.33,-0.02,111,359052,卖盘
09:51:32,32.35,0.02,8,25878,买盘
09:51:34,32.33,-0.02,18,58197,卖盘
09:51:37,32.33,0.0,12,37472,卖盘
09:51:40,32.35,0.02,120,388199,买盘
09:51:43,32.34,-0.01,26,84090,卖盘
09:51:46,32.3,-0.04,213,688242,卖盘
09:51:48,32.34,0.04,73,236081,买盘
09:51:53,32.34,0.0,32,103478,买盘
09:51:56,32.34,0.0,18,58205,买盘
09:51:58,32.33,-0.01,18,59269,卖盘
09:52:01,32.34,0.01,10,32335,买盘
09:52:04,32.34,0.0,182,588588,买盘
09:52:08,32.33,-0.01,39,126087,卖盘
09:52:10,32.34,0.01,82,265186,买盘
09:52:12,32.34,0.0,72,232843,买盘
09:52:16,32.33,-0.01,48,154728,卖盘
09:52:19,32.34,0.01,16,51734,中性盘
09:52:22,32.33,-0.01,153,494067,卖盘
09:52:25,32.32,-0.01,46,148455,卖盘
09:52:28,32.32,0.0,2,6464,卖盘
09:52:31,32.32,0.0,11,35562,卖盘
09:52:33,32.33,0.01,4,12932,买盘
09:52:38,32.3,-0.03,40,129822,卖盘
09:52:40,32.33,0.03,156,504252,买盘
09:52:43,32.32,-0.01,265,856459,中性盘
09:52:46,32.3,-0.02,76,245560,卖盘
09:52:49,32.3,0.0,20,64613,卖盘
09:52:52,32.27,-0.03,651,2103308,卖盘
09:52:56,32.3,0.03,23,74290,买盘
09:52:58,32.29,-0.01,49,158202,卖盘
09:53:01,32.3,0.01,55,177645,买盘
09:53:04,32.3,0.0,14,45210,买盘
09:53:08,32.31,0.01,70,226106,买盘
09:53:10,32.3,-0.01,78,251943,卖盘
09:53:13,32.31,0.01,71,229393,买盘
09:53:16,32.31,0.0,27,87222,买盘
09:53:19,32.3,-0.01,206,665386,卖盘
09:53:23,32.29,-0.01,136,439142,卖盘
09:53:25,32.26,-0.03,209,672094,卖盘
09:53:28,32.25,-0.01,459,1480303,卖盘
09:53:30,32.26,0.01,94,303162,买盘
09:53:34,32.26,0.0,92,296711,买盘
09:53:38,32.25,-0.01,183,590175,卖盘
09:53:40,32.25,0.0,126,406308,买盘
09:53:43,32.24,-0.01,119,385008,卖盘
09:53:46,32.25,0.01,172,554490,买盘
09:53:49,32.23,-0.02,52,167794,卖盘
09:53:52,32.22,-0.01,17,54788,卖盘
09:53:55,32.24,0.02,53,170095,买盘
09:53:58,32.25,0.01,115,370861,买盘
09:54:01,32.25,0.0,31,100415,买盘
09:54:03,32.25,0.0,416,1341871,买盘
09:54:08,32.25,0.0,101,325725,卖盘
09:54:10,32.26,0.01,34,109681,买盘
09:54:13,32.26,0.0,132,423963,买盘
09:54:16,32.25,-0.01,36,116111,卖盘
09:54:19,32.26,0.01,152,490211,买盘
09:54:22,32.25,-0.01,58,187056,卖盘
09:54:25,32.25,0.0,40,129015,卖盘
09:54:28,32.26,0.01,136,438692,买盘
09:54:32,32.26,0.0,291,938667,买盘
09:54:34,32.25,-0.01,82,264446,卖盘
09:54:37,32.24,-0.01,30,96756,卖盘
09:54:40,32.26,0.02,119,383808,买盘
09:54:43,32.26,0.0,52,167741,买盘
09:54:46,32.24,-0.02,117,377365,卖盘
09:54:49,32.25,0.01,48,156282,买盘
09:54:52,32.25,0.0,33,105538,买盘
09:54:56,32.24,-0.01,12,38754,卖盘
09:54:58,32.24,0.0,88,284542,卖盘
09:55:00,32.24,0.0,98,316103,买盘
09:55:04,32.24,0.0,49,157970,卖盘
09:55:08,32.25,0.01,178,572535,买盘
09:55:10,32.25,0.0,331,1069006,卖盘
09:55:13,32.24,-0.01,65,209560,卖盘
09:55:16,32.24,0.0,14,45145,卖盘
09:55:18,32.25,0.01,48,155691,买盘
09:55:22,32.24,-0.01,18,58239,卖盘
09:55:24,32.25,0.01,33,106415,买盘
09:55:29,32.25,0.0,21,67720,买盘
09:55:32,32.25,0.0,17,54818,买盘
09:55:34,32.25,0.0,6,19350,买盘
09:55:37,32.24,-0.01,16,51596,卖盘
09:55:39,32.24,0.0,31,98377,卖盘
09:55:43,32.25,0.01,258,832368,买盘
09:55:46,32.28,0.03,99,319222,买盘
09:55:49,32.27,-0.01,14,45152,买盘
09:55:53,32.25,-0.02,7,22576,卖盘
09:55:55,32.25,0.0,2,6451,卖盘
09:55:58,32.26,0.01,44,141901,买盘
09:56:01,32.24,-0.02,82,264396,卖盘
09:56:04,32.25,0.01,201,648590,卖盘
09:56:07,32.27,0.02,299,964481,买盘
09:56:10,32.27,0.0,4,12908,卖盘
09:56:13,32.27,0.0,103,332350,卖盘
09:56:16,32.28,0.01,42,135486,买盘
09:56:19,32.25,-0.03,7,23478,卖盘
09:56:22,32.25,0.0,7,22576,卖盘
09:56:25,32.25,0.0,44,140371,卖盘
09:56:28,32.26,0.01,19,61277,买盘
09:56:31,32.26,0.0,27,87080,买盘
09:56:34,32.26,0.0,104,335495,买盘
09:56:37,32.25,-0.01,160,516034,卖盘
09:56:40,32.25,0.0,1,3225,卖盘
09:56:43,32.27,0.02,19,61280,买盘
09:56:46,32.25,-0.02,20,65140,卖盘
09:56:49,32.25,0.0,45,146088,买盘
09:56:53,32.25,0.0,50,161243,买盘
09:56:56,32.24,-0.01,81,261200,卖盘
09:56:58,32.25,0.01,44,141893,买盘
09:57:00,32.25,0.0,15,48366,买盘
09:57:05,32.25,0.0,188,605650,买盘
09:57:07,32.24,-0.01,390,1257968,卖盘
09:57:10,32.24,0.0,24,77377,卖盘
09:57:13,32.25,0.01,310,1001144,买盘
09:57:16,32.28,0.03,359,1158313,买盘
09:57:19,32.24,-0.04,29,93499,卖盘
09:57:22,32.25,0.01,54,174110,卖盘
09:57:25,32.25,0.0,33,106444,卖盘
09:57:28,32.26,0.01,34,109649,买盘
09:57:31,32.26,0.0,12,38715,卖盘
09:57:34,32.27,0.01,5,16131,买盘
09:57:37,32.27,0.0,3,9681,买盘
09:57:40,32.26,-0.01,22,70976,卖盘
09:57:43,32.26,0.0,15,48390,卖盘
09:57:46,32.27,0.01,33,106468,买盘
09:57:49,32.27,0.0,25,80671,买盘
09:57:52,32.28,0.01,268,863581,买盘
09:57:55,32.28,0.0,98,316345,卖盘
09:57:58,32.29,0.01,30,96842,买盘
09:58:01,32.28,-0.01,23,74247,卖盘
09:58:04,32.29,0.01,216,697434,买盘
09:58:07,32.29,0.0,312,1007300,买盘
09:58:10,32.29,0.0,154,497266,卖盘
09:58:13,32.29,0.0,41,132391,卖盘
09:58:16,32.3,0.01,38,121937,买盘
09:58:18,32.28,-0.02,200,646546,卖盘
09:58:21,32.28,0.0,70,226480,买盘
09:58:25,32.27,-0.01,134,434191,卖盘
09:58:28,32.25,-0.02,31,99999,卖盘
09:58:31,32.27,0.02,3,9681,买盘
09:58:34,32.27,0.0,25,80675,买盘
09:58:37,32.25,-0.02,76,245117,卖盘
09:58:40,32.25,0.0,23,71305,卖盘
09:58:43,32.25,0.0,11,35477,卖盘
09:58:46,32.25,0.0,28,90305,卖盘
09:58:49,32.26,0.01,13,41933,买盘
09:58:52,32.24,-0.02,107,345086,卖盘
09:58:55,32.27,0.03,282,909591,买盘
09:58:58,32.25,-0.02,37,119295,卖盘
09:59:01,32.25,0.0,43,138640,中性盘
09:59:03,32.25,0.0,5,16125,卖盘
09:59:07,32.27,0.02,91,293656,买盘
09:59:09,32.27,0.0,46,148442,卖盘
09:59:13,32.27,0.0,560,1806681,卖盘
09:59:16,32.24,-0.03,132,425575,卖盘
09:59:19,32.25,0.01,13,41926,中性盘
09:59:22,32.27,0.02,52,167721,买盘
09:59:24,32.26,-0.01,55,177470,卖盘
09:59:28,32.26,0.0,3,9678,卖盘
09:59:31,32.28,0.02,51,164576,买盘
09:59:33,32.26,-0.02,6,19356,卖盘
09:59:36,32.26,0.0,2,7678,卖盘
09:59:39,32.25,-0.01,110,353603,卖盘
09:59:43,32.23,-0.02,75,243315,卖盘
09:59:46,32.24,0.01,19,61266,中性盘
09:59:48,32.23,-0.01,9,29009,卖盘
09:59:52,32.23,0.0,33,106371,卖盘
09:59:55,32.22,-0.01,106,342718,卖盘
09:59:58,32.23,0.01,79,254583,买盘
10:00:01,32.22,-0.01,63,202996,卖盘
10:00:04,32.23,0.01,171,550031,买盘
10:00:07,32.24,0.01,411,1325043,买盘
10:00:09,32.23,-0.01,203,654212,卖盘
10:00:13,32.22,-0.01,37,119221,卖盘
10:00:16,32.22,0.0,51,164350,卖盘
10:00:19,32.22,0.0,68,218711,卖盘
10:00:22,32.22,0.0,91,293122,买盘
10:00:24,32.21,-0.01,119,383356,卖盘
10:00:28,32.21,0.0,83,268516,卖盘
10:00:31,32.21,0.0,31,99858,卖盘
10:00:34,32.21,0.0,66,212599,卖盘
10:00:37,32.22,0.01,223,718358,买盘
10:00:40,32.22,0.0,35,112740,买盘
10:00:43,32.22,0.0,108,347873,买盘
10:00:46,32.22,0.0,194,624886,买盘
10:00:49,32.21,-0.01,88,283448,卖盘
10:00:52,32.22,0.01,44,141732,买盘
10:00:55,32.22,0.0,133,427804,买盘
10:00:58,32.21,-0.01,115,370418,卖盘
10:01:01,32.2,-0.01,234,753427,卖盘
10:01:03,32.2,0.0,275,885772,卖盘
10:01:07,32.21,0.01,730,2352071,买盘
10:01:10,32.2,-0.01,181,582826,卖盘
10:01:12,32.21,0.01,25,80505,买盘
10:01:16,32.2,-0.01,29,93401,卖盘
10:01:19,32.2,0.0,245,788227,卖盘
10:01:22,32.2,0.0,197,634341,卖盘
10:01:25,32.2,0.0,84,270520,卖盘
10:01:28,32.2,0.0,86,276971,卖盘
10:01:31,32.2,0.0,57,183567,卖盘
10:01:34,32.2,0.0,197,634392,卖盘
10:01:37,32.22,0.02,429,1381549,买盘
10:01:40,32.2,-0.02,217,699191,卖盘
10:01:43,32.2,0.0,105,338741,卖盘
10:01:46,32.2,0.0,90,289232,买盘
10:01:49,32.22,0.02,77,248049,买盘
10:01:52,32.22,0.0,47,151441,卖盘
10:01:55,32.24,0.02,87,280393,买盘
10:01:58,32.19,-0.05,107,346136,卖盘
10:02:01,32.22,0.03,54,173868,买盘
10:02:03,32.21,-0.01,201,647614,卖盘
10:02:06,32.23,0.02,367,1182831,买盘
10:02:10,32.23,0.0,4,12892,卖盘
10:02:12,32.23,0.0,149,480345,卖盘
10:02:16,32.23,0.0,38,122495,卖盘
10:02:19,32.23,0.0,29,93470,卖盘
10:02:22,32.23,0.0,140,451232,卖盘
10:02:25,32.22,-0.01,184,593006,卖盘
10:02:28,32.22,0.0,21,65196,卖盘
10:02:30,32.22,0.0,19,61221,卖盘
10:02:33,32.22,0.0,3,10536,卖盘
10:02:37,32.23,0.01,25,82179,买盘
10:02:40,32.21,-0.02,24,77307,卖盘
10:02:43,32.21,0.0,53,170733,卖盘
10:02:46,32.22,0.01,25,80544,买盘
10:02:49,32.21,-0.01,51,164271,卖盘
10:02:52,32.21,0.0,49,157825,卖盘
10:02:55,32.2,-0.01,38,120010,卖盘
10:02:58,32.21,0.01,16,51536,买盘
10:03:00,32.2,-0.01,59,190012,卖盘
10:03:04,32.21,0.01,115,370415,买盘
10:03:07,32.22,0.01,126,405895,买盘
10:03:10,32.22,0.0,125,402750,卖盘
10:03:12,32.22,0.0,30,97369,卖盘
10:03:16,32.23,0.01,477,1537286,买盘
10:03:19,32.25,0.02,171,551067,买盘
10:03:22,32.22,-0.03,30,97122,卖盘
10:03:24,32.22,0.0,15,48335,卖盘
10:03:27,32.23,0.01,53,170819,买盘
10:03:31,32.22,-0.01,28,90219,卖盘
10:03:34,32.21,-0.01,105,338365,卖盘
10:03:37,32.21,0.0,152,489654,卖盘
10:03:40,32.21,0.0,1,3221,卖盘
10:03:43,32.25,0.04,378,1219018,买盘
10:03:45,32.21,-0.04,43,138581,卖盘
10:03:49,32.21,0.0,25,80525,买盘
10:03:52,32.2,-0.01,71,228756,卖盘
10:03:55,32.2,0.0,41,131646,卖盘
10:03:57,32.24,0.04,58,186898,买盘
10:04:01,32.21,-0.03,29,93413,卖盘
10:04:04,32.23,0.02,35,112737,买盘
10:04:07,32.25,0.02,475,1531478,买盘
10:04:10,32.23,-0.02,609,1964287,卖盘
10:04:13,32.25,0.02,39,125758,中性盘
10:04:16,32.25,0.0,13,41925,买盘
10:04:19,32.23,-0.02,28,90249,卖盘
10:04:22,32.25,0.02,12,38678,买盘
10:04:25,32.25,0.0,40,129000,买盘
10:04:27,32.23,-0.02,45,145076,卖盘
10:04:30,32.24,0.01,37,119275,买盘
10:04:33,32.21,-0.03,349,1125176,卖盘
10:04:37,32.24,0.03,18,58032,买盘
10:04:40,32.24,0.0,29,93496,卖盘
10:04:43,32.24,0.0,76,245085,卖盘
10:04:46,32.25,0.01,18,58034,买盘
10:04:49,32.25,0.0,43,138675,买盘
10:04:52,32.24,-0.01,65,209567,卖盘
10:04:55,32.24,0.0,9,29725,卖盘
10:04:58,32.25,0.01,14,45139,买盘
10:05:00,32.24,-0.01,122,392642,卖盘
10:05:04,32.25,0.01,109,352228,买盘
10:05:07,32.26,0.01,415,1338735,买盘
10:05:09,32.26,0.0,95,306470,卖盘
10:05:13,32.26,0.0,71,229046,卖盘
10:05:15,32.25,-0.01,35,112867,卖盘
10:05:18,32.25,0.0,21,67720,买盘
10:05:22,32.24,-0.01,55,177324,卖盘
10:05:25,32.24,0.0,50,161219,卖盘
10:05:28,32.25,0.01,29,93515,买盘
10:05:31,32.24,-0.01,123,396662,卖盘
10:05:34,32.24,0.0,68,219211,卖盘
10:05:37,32.25,0.01,28,90283,买盘
10:05:40,32.24,-0.01,27,87021,中性盘
10:05:43,32.24,0.0,16,51574,买盘
10:05:46,32.25,0.01,83,267574,买盘
10:05:49,32.24,-0.01,53,170873,卖盘
10:05:52,32.24,0.0,53,170872,卖盘
10:05:55,32.25,0.01,17,54811,买盘
10:05:58,32.24,-0.01,25,80605,卖盘
10:06:00,32.24,0.0,49,157979,卖盘
10:06:04,32.25,0.01,353,1138324,买盘
10:06:07,32.25,0.0,132,425656,卖盘
10:06:10,32.25,0.0,50,161268,卖盘
10:06:13,32.25,0.0,70,225770,卖盘
10:06:15,32.25,0.0,15,48375,卖盘
10:06:19,32.26,0.01,319,1028815,买盘
10:06:22,32.23,-0.03,37,119251,卖盘
10:06:24,32.23,0.0,22,70904,买盘
10:06:28,32.23,0.0,20,64443,买盘
10:06:31,32.22,-0.01,51,166101,卖盘
10:06:34,32.23,0.01,13,40761,买盘
10:06:37,32.22,-0.01,124,398813,卖盘
10:06:40,32.21,-0.01,45,144978,卖盘
10:06:42,32.21,0.0,47,151405,卖盘
10:06:45,32.23,0.02,48,154664,买盘
10:06:49,32.22,-0.01,72,231943,卖盘
10:06:52,32.2,-0.02,22,70850,卖盘
10:06:54,32.21,0.01,16,51530,买盘
10:07:01,32.21,0.0,9,28989,买盘
10:07:04,32.22,0.01,203,654041,买盘
10:07:07,32.22,0.0,294,947137,买盘
10:07:10,32.22,0.0,72,231984,卖盘
10:07:12,32.22,0.0,25,80553,卖盘
10:07:16,32.22,0.0,73,234046,卖盘
10:07:19,32.21,-0.01,95,307274,卖盘
10:07:22,32.22,0.01,19,59947,中性盘
10:07:25,32.21,-0.01,34,109525,卖盘
10:07:28,32.23,0.02,9,28997,买盘
10:07:31,32.23,0.0,5,16115,买盘
10:07:33,32.2,-0.03,82,265374,卖盘
10:07:37,32.21,0.01,52,167475,买盘
10:07:40,32.2,-0.01,38,123060,卖盘
10:07:42,32.2,0.0,26,83731,卖盘
10:07:46,32.21,0.01,242,779686,买盘
10:07:49,32.22,0.01,104,334991,买盘
10:07:52,32.22,0.0,87,280314,卖盘
10:07:55,32.23,0.01,97,312545,买盘
10:07:58,32.22,-0.01,51,164322,卖盘
10:08:00,32.23,0.01,19,61221,买盘
10:08:04,32.23,0.0,188,606723,买盘
10:08:07,32.24,0.01,227,730322,买盘
10:08:10,32.23,-0.01,110,354530,卖盘
10:08:13,32.23,0.0,50,161199,卖盘
10:08:16,32.24,0.01,66,212720,买盘
10:08:18,32.24,0.0,166,535065,买盘
10:08:21,32.23,-0.01,19,61237,卖盘
10:08:24,32.23,0.0,5,16115,卖盘
10:08:27,32.23,0.0,7,23593,卖盘
10:08:31,32.23,0.0,58,186961,卖盘
10:08:34,32.23,0.0,5,16115,卖盘
10:08:37,32.23,0.0,16,51568,卖盘
10:08:40,32.23,0.0,49,157962,卖盘
10:08:43,32.22,-0.01,79,255227,卖盘
10:08:46,32.22,0.0,67,215875,卖盘
10:08:49,32.21,-0.01,109,350744,卖盘
10:08:51,32.21,0.0,25,80537,卖盘
10:08:55,32.22,0.01,43,138522,中性盘
10:08:58,32.22,0.0,9,28998,买盘
10:09:01,32.22,0.0,60,192907,买盘
10:09:03,32.22,0.0,47,151450,卖盘
10:09:07,32.23,0.01,285,918549,买盘
10:09:10,32.24,0.01,88,283591,买盘
10:09:12,32.22,-0.02,35,112793,卖盘
10:09:16,32.23,0.01,6,19333,中性盘
10:09:19,32.23,0.0,27,87016,买盘
10:09:22,32.23,0.0,90,289993,买盘
10:09:24,32.22,-0.01,56,180902,卖盘
10:09:28,32.22,0.0,22,70884,卖盘
10:09:31,32.23,0.01,7,22561,买盘
10:09:34,32.23,0.0,24,77347,买盘
10:09:37,32.23,0.0,68,219138,买盘
10:09:40,32.21,-0.02,242,779641,卖盘
10:09:43,32.21,0.0,38,122575,卖盘
10:09:46,32.22,0.01,28,90215,买盘
10:09:49,32.21,-0.01,182,586366,卖盘
10:09:52,32.22,0.01,278,895718,买盘
10:09:55,32.22,0.0,132,425326,卖盘
10:09:58,32.23,0.01,1,3223,买盘
10:10:01,32.22,-0.01,139,447963,卖盘
10:10:04,32.23,0.01,83,267388,买盘
10:10:07,32.24,0.01,456,1470144,买盘
10:10:10,32.23,-0.01,241,775523,卖盘
10:10:13,32.24,0.01,53,170824,中性盘
10:10:15,32.22,-0.02,57,185151,卖盘
10:10:18,32.24,0.02,38,122439,买盘
10:10:21,32.21,-0.03,29,93409,卖盘
10:10:24,32.24,0.03,49,157889,买盘
10:10:28,32.21,-0.03,136,438112,卖盘
10:10:31,32.22,0.01,98,315740,买盘
10:10:34,32.21,-0.01,24,77304,卖盘
10:10:37,32.22,0.01,28,90210,买盘
10:10:40,32.22,0.0,43,137735,买盘
10:10:42,32.21,-0.01,41,132064,卖盘
10:10:46,32.21,0.0,24,77304,卖盘
10:10:48,32.21,0.0,26,83752,卖盘
10:10:52,32.21,0.0,6,19326,卖盘
10:10:54,32.21,0.0,56,180397,卖盘
10:10:57,32.21,0.0,428,1378480,卖盘
10:11:01,32.2,-0.01,122,392864,卖盘
10:11:04,32.21,0.01,192,619359,买盘
10:11:07,32.2,-0.01,1296,4172221,卖盘
10:11:09,32.19,-0.01,136,437786,卖盘
10:11:13,32.2,0.01,136,437811,买盘
10:11:16,32.19,-0.01,141,453885,卖盘
10:11:18,32.19,0.0,112,360535,卖盘
10:11:22,32.19,0.0,1736,5588262,卖盘
10:11:25,32.19,0.0,407,1311645,买盘
10:11:28,32.2,0.01,26,81850,买盘
10:11:31,32.18,-0.02,71,228562,卖盘
10:11:34,32.19,0.01,2,6438,中性盘
10:11:37,32.18,-0.01,5,16090,卖盘
10:11:40,32.19,0.01,42,136769,买盘
10:11:42,32.19,0.0,24,77256,买盘
10:11:46,32.18,-0.01,548,1763564,卖盘
10:11:49,32.19,0.01,99,318679,中性盘
10:11:51,32.18,-0.01,545,1754179,卖盘
10:11:55,32.17,-0.01,148,476140,卖盘
10:11:57,32.17,0.0,98,315272,卖盘
10:12:01,32.18,0.01,103,331383,买盘
10:12:04,32.17,-0.01,228,733671,中性盘
10:12:07,32.19,0.02,390,1252586,买盘
10:12:10,32.18,-0.01,116,373291,卖盘
10:12:13,32.18,0.0,46,148047,卖盘
10:12:16,32.18,0.0,58,186662,卖盘
10:12:19,32.19,0.01,70,225300,卖盘
10:12:22,32.18,-0.01,114,369240,卖盘
10:12:25,32.17,-0.01,68,216826,卖盘
10:12:28,32.17,0.0,27,86871,卖盘
10:12:31,32.18,0.01,76,244500,买盘
10:12:34,32.17,-0.01,50,160240,卖盘
10:12:36,32.18,0.01,24,77226,买盘
10:12:40,32.17,-0.01,9,28953,卖盘
10:12:43,32.18,0.01,92,296051,买盘
10:12:46,32.17,-0.01,86,276663,卖盘
10:12:49,32.17,0.0,129,415592,卖盘
10:12:51,32.17,0.0,52,166685,卖盘
10:12:55,32.16,-0.01,234,752775,卖盘
10:12:58,32.16,0.0,94,302342,卖盘
10:13:01,32.17,0.01,35,112585,买盘
10:13:03,32.17,0.0,379,1219172,买盘
10:13:07,32.16,-0.01,1228,3949597,卖盘
10:13:09,32.16,0.0,68,218696,卖盘
10:13:13,32.17,0.01,144,463173,买盘
10:13:16,32.16,-0.01,142,456641,卖盘
10:13:18,32.18,0.02,51,164082,买盘
10:13:22,32.17,-0.01,19,61119,卖盘
10:13:25,32.18,0.01,133,427980,买盘
10:13:28,32.17,-0.01,34,109378,卖盘
10:13:31,32.17,0.0,81,260496,买盘
10:13:34,32.17,0.0,23,73991,买盘
10:13:37,32.17,0.0,332,1068015,买盘
10:13:40,32.17,0.0,298,958591,买盘
10:13:43,32.17,0.0,692,2225388,买盘
10:13:46,32.16,-0.01,198,636308,卖盘
10:13:49,32.16,0.0,185,594960,买盘
10:13:52,32.16,0.0,169,543486,买盘
10:13:55,32.16,0.0,103,331239,买盘
10:13:57,32.15,-0.01,155,498333,卖盘
10:14:01,32.15,0.0,46,147916,卖盘
10:14:04,32.15,0.0,331,1067393,卖盘
10:14:07,32.16,0.01,367,1177982,买盘
10:14:10,32.17,0.01,98,315183,买盘
10:14:13,32.16,-0.01,98,315168,卖盘
10:14:16,32.16,0.0,23,73968,卖盘
10:14:19,32.16,0.0,230,741931,卖盘
10:14:21,32.16,0.0,59,188775,买盘
10:14:25,32.16,0.0,19,61104,买盘
10:14:28,32.16,0.0,24,77184,买盘
10:14:31,32.16,0.0,104,334457,买盘
10:14:34,32.16,0.0,349,1122382,买盘
10:14:37,32.16,0.0,39,125393,买盘
10:14:39,32.16,0.0,644,2070504,买盘
10:14:43,32.15,-0.01,54,174501,卖盘
10:14:46,32.15,0.0,55,176850,卖盘
10:14:48,32.15,0.0,8,25720,买盘
10:14:52,32.15,0.0,22,70730,买盘
10:14:55,32.15,0.0,32,102902,买盘
10:14:58,32.16,0.01,44,141723,买盘
10:15:01,32.15,-0.01,71,228263,卖盘
10:15:04,32.15,0.0,199,639188,买盘
10:15:07,32.16,0.01,140,449156,买盘
10:15:10,32.16,0.0,130,418080,卖盘
10:15:16,32.16,0.0,3,9649,卖盘
10:15:19,32.16,0.0,72,231561,卖盘
10:15:22,32.16,0.0,522,1678750,卖盘
10:15:25,32.16,0.0,53,170476,卖盘
10:15:28,32.17,0.01,6,19299,买盘
10:15:31,32.17,0.0,49,158543,买盘
10:15:34,32.16,-0.01,35,112582,卖盘
10:15:37,32.16,0.0,30,96495,卖盘
10:15:39,32.17,0.01,7,22518,买盘
10:15:43,32.17,0.0,50,160552,买盘
10:15:46,32.17,0.0,118,379581,卖盘
10:15:49,32.17,0.0,173,556428,卖盘
10:15:52,32.17,0.0,23,73991,卖盘
10:15:55,32.17,0.0,36,115831,卖盘
10:15:58,32.17,0.0,8,25743,卖盘
10:16:01,32.17,0.0,18,57921,卖盘
10:16:04,32.18,0.01,207,665210,买盘
10:16:07,32.19,0.01,446,1435472,买盘
10:16:10,32.19,0.0,72,231768,卖盘
10:16:13,32.19,0.0,120,386161,卖盘
10:16:16,32.18,-0.01,46,147995,卖盘
10:16:19,32.17,-0.01,8,25741,卖盘
10:16:22,32.17,0.0,5,16087,卖盘
10:16:25,32.18,0.01,99,318557,卖盘
10:16:28,32.18,0.0,16,50616,买盘
10:16:31,32.19,0.01,18,58409,买盘
10:16:34,32.18,-0.01,4,12872,卖盘
10:16:36,32.18,0.0,21,67578,卖盘
10:16:40,32.19,0.01,8,25749,买盘
10:16:42,32.19,0.0,46,148066,买盘
10:16:46,32.19,0.0,12,38618,买盘
10:16:49,32.19,0.0,48,155291,买盘
10:16:52,32.18,-0.01,60,193080,卖盘
10:16:54,32.18,0.0,32,102994,卖盘
10:16:58,32.18,0.0,41,130651,卖盘
10:17:01,32.15,-0.03,1883,6055834,卖盘
10:17:03,32.15,0.0,162,519583,买盘
10:17:07,32.18,0.03,2143,6888325,买盘
10:17:10,32.15,-0.03,571,1835863,卖盘
10:17:13,32.13,-0.02,51,163951,卖盘
10:17:16,32.15,0.02,37,118955,买盘
10:17:19,32.16,0.01,16,51455,卖盘
10:17:22,32.15,-0.01,46,147892,卖盘
10:17:25,32.14,-0.01,43,138266,卖盘
10:17:28,32.15,0.01,46,147885,买盘
10:17:31,32.14,-0.01,108,347026,卖盘
10:17:34,32.15,0.01,51,163983,买盘
10:17:37,32.13,-0.02,4,13563,买盘
10:17:40,32.14,0.01,9,28918,卖盘
10:17:43,32.13,-0.01,60,192991,卖盘
10:17:45,32.14,0.01,17,54629,买盘
10:17:49,32.1,-0.04,2178,6992473,卖盘
10:17:52,32.1,0.0,218,699780,买盘
10:17:54,32.1,0.0,252,809250,买盘
10:17:58,32.1,0.0,84,269884,卖盘
10:18:00,32.1,0.0,55,176555,卖盘
10:18:04,32.1,0.0,606,1944453,卖盘
10:18:06,32.12,0.02,566,1816871,买盘
10:18:10,32.12,0.0,73,234477,卖盘
10:18:13,32.08,-0.04,344,1104531,卖盘
10:18:16,32.08,0.0,55,176440,买盘
10:18:19,32.08,0.0,25,80294,买盘
10:18:21,32.08,0.0,63,202094,买盘
10:18:24,32.08,0.0,26,83408,买盘
10:18:27,32.08,0.0,156,500316,买盘
10:18:30,32.08,0.0,37,118687,买盘
10:18:34,32.08,0.0,54,173213,买盘
10:18:37,32.08,0.0,83,266217,买盘
10:18:40,32.07,-0.01,36,117352,卖盘
10:18:42,32.07,0.0,83,266220,卖盘
10:18:46,32.07,0.0,296,949408,卖盘
10:18:48,32.07,0.0,155,497156,卖盘
10:18:52,32.07,0.0,226,724943,卖盘
10:18:55,32.08,0.01,381,1222070,买盘
10:18:58,32.08,0.0,812,2602676,买盘
10:19:01,32.09,0.01,112,361669,中性盘
10:19:04,32.08,-0.01,102,327302,卖盘
10:19:07,32.08,0.0,159,510073,卖盘
10:19:09,32.12,0.04,232,745195,买盘
10:19:13,32.12,0.0,53,170264,卖盘
10:19:16,32.13,0.01,19,61033,中性盘
10:19:19,32.12,-0.01,4,10214,卖盘
10:19:22,32.12,0.0,47,150965,卖盘
10:19:24,32.12,0.0,102,327652,卖盘
10:19:28,32.12,0.0,37,118867,卖盘
10:19:30,32.12,0.0,47,151007,卖盘
10:19:34,32.12,0.0,297,954024,卖盘
10:19:37,32.13,0.01,71,228115,买盘
10:19:40,32.12,-0.01,253,815351,卖盘
10:19:42,32.13,0.01,122,391789,卖盘
10:19:46,32.1,-0.03,80,256848,卖盘
10:19:49,32.12,0.02,6,19272,卖盘
10:19:52,32.12,0.0,34,109208,卖盘
10:19:55,32.12,0.0,41,131712,卖盘
10:19:58,32.13,0.01,35,112433,买盘
10:20:01,32.12,-0.01,16,51407,卖盘
10:20:03,32.13,0.01,76,242680,买盘
10:20:07,32.13,0.0,27,86751,卖盘
10:20:10,32.14,0.01,220,707273,买盘
10:20:13,32.13,-0.01,263,846322,卖盘
10:20:16,32.13,0.0,157,504688,卖盘
10:20:18,32.13,0.0,54,173517,买盘
10:20:22,32.13,0.0,3,9639,买盘
10:20:25,32.13,0.0,30,96390,买盘
10:20:28,32.1,-0.03,122,391803,卖盘
10:20:31,32.12,0.02,16,51392,买盘
10:20:34,32.12,0.0,59,189423,买盘
10:20:36,32.12,0.0,9,28908,买盘
10:20:40,32.11,-0.01,6,19266,卖盘
10:20:43,32.11,0.0,14,45046,买盘
10:20:45,32.1,-0.01,149,478437,卖盘
10:20:49,32.11,0.01,15,48161,买盘
10:20:52,32.12,0.01,254,815463,买盘
10:20:55,32.11,-0.01,50,160582,中性盘
10:20:58,32.13,0.02,75,240864,买盘
10:21:00,32.12,-0.01,40,127484,中性盘
10:21:03,32.13,0.01,140,450711,买盘
10:21:07,32.14,0.01,58,186357,买盘
10:21:10,32.14,0.0,290,931836,买盘
10:21:13,32.13,-0.01,338,1086160,卖盘
10:21:16,32.13,0.0,49,157680,卖盘
10:21:18,32.13,0.0,5,16065,买盘
10:21:22,32.12,-0.01,45,144540,卖盘
10:21:25,32.12,0.0,77,245791,买盘
10:21:28,32.12,0.0,18,57816,买盘
10:21:31,32.12,0.0,210,674520,买盘
10:21:34,32.11,-0.01,140,449676,卖盘
10:21:37,32.12,0.01,4,12850,中性盘
10:21:40,32.12,0.0,2,6425,卖盘
10:21:43,32.13,0.01,3,9639,买盘
10:21:46,32.12,-0.01,92,295495,卖盘
10:21:49,32.11,-0.01,275,884582,卖盘
10:21:51,32.11,0.0,34,109174,买盘
10:21:55,32.12,0.01,133,425559,买盘
10:21:58,32.12,0.0,23,73854,买盘
10:22:01,32.1,-0.02,73,234074,卖盘
10:22:04,32.11,0.01,237,760975,买盘
10:22:07,32.1,-0.01,188,603646,卖盘
10:22:09,32.11,0.01,15,49868,买盘
10:22:13,32.11,0.0,68,218348,卖盘
10:22:16,32.12,0.01,47,150923,买盘
10:22:18,32.12,0.0,22,70645,买盘
10:22:22,32.12,0.0,41,129884,买盘
10:22:25,32.12,0.0,52,167007,买盘
10:22:28,32.11,-0.01,9,28904,卖盘
10:22:31,32.12,0.01,107,343666,买盘
10:22:34,32.12,0.0,14,44959,买盘
10:22:37,32.11,-0.01,56,179823,卖盘
10:22:40,32.11,0.0,86,276186,卖盘
10:22:43,32.11,0.0,47,151204,卖盘
10:22:46,32.12,0.01,35,112409,买盘
10:22:49,32.12,0.0,209,671188,买盘
10:22:52,32.11,-0.01,47,150928,卖盘
10:22:55,32.11,0.0,1166,3743891,卖盘
10:22:57,32.11,0.0,93,298591,买盘
10:23:00,32.11,0.0,11,35321,买盘
10:23:04,32.11,0.0,238,765002,买盘
10:23:06,32.1,-0.01,89,285695,卖盘
10:23:10,32.1,0.0,759,2436993,卖盘
10:23:13,32.1,0.0,163,523238,卖盘
10:23:16,32.1,0.0,345,1108423,卖盘
10:23:19,32.1,0.0,1,3210,买盘
10:23:22,32.1,0.0,27,86670,买盘
10:23:25,32.1,0.0,78,249547,买盘
10:23:28,32.1,0.0,5,16050,买盘
10:23:30,32.1,0.0,40,128396,买盘
10:23:34,32.1,0.0,43,138020,买盘
10:23:37,32.1,0.0,149,478240,买盘
10:23:40,32.1,0.0,64,205949,买盘
10:23:42,32.1,0.0,28,89879,买盘
10:23:46,32.09,-0.01,257,824741,卖盘
10:23:49,32.1,0.01,15,48149,买盘
10:23:52,32.09,-0.01,220,705999,卖盘
10:23:55,32.09,0.0,508,1630983,卖盘
10:23:58,32.09,0.0,27,86649,卖盘
10:24:01,32.1,0.01,31,99513,卖盘
10:24:04,32.1,0.0,200,642182,卖盘
10:24:07,32.11,0.01,20,64218,买盘
10:24:09,32.13,0.02,308,989088,买盘
10:24:13,32.11,-0.02,37,118807,卖盘
10:24:16,32.11,0.0,199,638989,卖盘
10:24:19,32.12,0.01,102,327601,买盘
10:24:21,32.12,0.0,45,144583,卖盘
10:24:25,32.13,0.01,48,154182,买盘
10:24:27,32.13,0.0,61,195834,买盘
10:24:31,32.12,-0.01,47,151006,中性盘
10:24:33,32.12,0.0,3,9634,买盘
10:24:37,32.12,0.0,53,170205,买盘
10:24:39,32.11,-0.01,20,64225,卖盘
10:24:43,32.12,0.01,52,166983,买盘
10:24:46,32.11,-0.01,24,77086,卖盘
10:24:49,32.12,0.01,37,118813,买盘
10:24:51,32.11,-0.01,242,777298,卖盘
10:24:54,32.11,0.0,31,99540,买盘
10:24:58,32.11,0.0,133,427063,买盘
10:25:01,32.11,0.0,50,160549,买盘
10:25:04,32.11,0.0,184,590564,买盘
10:25:07,32.12,0.01,6,19272,买盘
10:25:10,32.12,0.0,126,404716,买盘
10:25:13,32.12,0.0,10,32121,卖盘
10:25:16,32.12,0.0,71,228052,卖盘
10:25:19,32.12,0.0,1,3212,卖盘
10:25:22,32.13,0.01,39,125307,买盘
10:25:24,32.12,-0.01,99,317990,卖盘
10:25:28,32.13,0.01,15,48195,买盘
10:25:31,32.13,0.0,8,25704,买盘
10:25:34,32.13,0.0,18,56283,买盘
10:25:37,32.12,-0.01,598,1921609,卖盘
10:25:40,32.15,0.03,7,22493,买盘
10:25:43,32.12,-0.03,403,1296067,卖盘
10:25:46,32.12,0.0,54,173448,买盘
10:25:48,32.12,0.0,80,255390,买盘
10:25:52,32.15,0.03,32,102869,买盘
10:25:58,32.13,-0.02,53,172614,卖盘
10:26:01,32.13,0.0,13,41772,买盘
10:26:04,32.14,0.01,161,516939,买盘
10:26:07,32.14,0.0,378,1214683,卖盘
10:26:10,32.14,0.0,536,1722190,买盘
10:26:13,32.13,-0.01,20,64791,卖盘
10:26:16,32.14,0.01,96,307957,买盘
10:26:19,32.13,-0.01,115,370138,卖盘
10:26:22,32.12,-0.01,76,243231,卖盘
10:26:24,32.13,0.01,8,25707,中性盘
10:26:28,32.11,-0.02,61,195972,卖盘
10:26:31,32.12,0.01,15,48180,卖盘
10:26:34,32.13,0.01,58,186257,买盘
10:26:37,32.12,-0.01,60,190845,中性盘
10:26:40,32.12,0.0,1,3212,卖盘
10:26:43,32.12,0.0,58,186321,卖盘
10:26:46,32.13,0.01,14,44980,买盘
10:26:49,32.12,-0.01,43,138116,卖盘
10:26:51,32.12,0.0,86,278158,卖盘
10:26:54,32.11,-0.01,45,144539,卖盘
10:26:58,32.11,0.0,53,170537,卖盘
10:27:01,32.12,0.01,16,51392,买盘
10:27:04,32.11,-0.01,330,1059897,卖盘
10:27:07,32.13,0.02,12,38549,买盘
10:27:10,32.13,0.0,215,689244,买盘
10:27:13,32.13,0.0,18,57834,卖盘
10:27:16,32.13,0.0,153,491589,卖盘
10:27:19,32.13,0.0,104,335662,卖盘
10:27:22,32.11,-0.02,26,83997,卖盘
10:27:25,32.11,0.0,267,855727,卖盘
10:27:27,32.1,-0.01,21,67430,卖盘
10:27:31,32.11,0.01,10,32110,买盘
10:27:33,32.1,-0.01,222,712643,卖盘
10:27:37,32.1,0.0,64,205439,卖盘
10:27:40,32.1,0.0,394,1265158,卖盘
10:27:42,32.1,0.0,20,64199,买盘
10:27:46,32.1,0.0,103,330630,买盘
10:27:49,32.09,-0.01,53,170084,卖盘
10:27:52,32.1,0.01,18,57777,买盘
10:27:54,32.1,0.0,11,35310,买盘
10:27:58,32.1,0.0,9,28889,买盘
10:28:00,32.1,0.0,253,810414,买盘
10:28:04,32.11,0.01,88,282482,买盘
10:28:08,32.1,-0.01,33,105930,卖盘
10:28:10,32.11,0.01,101,326492,买盘
10:28:13,32.11,0.0,23,73853,卖盘
10:28:16,32.12,0.01,55,176627,买盘
10:28:19,32.11,-0.01,2,6422,卖盘
10:28:22,32.11,0.0,110,353210,卖盘
10:28:25,32.13,0.02,217,697005,买盘
10:28:28,32.12,-0.01,9,28908,卖盘
10:28:31,32.13,0.01,4,12851,买盘
10:28:34,32.11,-0.02,292,937837,卖盘
10:28:37,32.12,0.01,96,308435,中性盘
10:28:40,32.12,0.0,22,70677,买盘
10:28:46,32.12,0.0,61,195891,买盘
10:28:49,32.11,-0.01,81,260094,卖盘
10:28:52,32.12,0.01,35,112416,买盘
10:28:55,32.11,-0.01,32,102763,卖盘
10:28:58,32.11,0.0,9,28899,卖盘
10:29:01,32.11,0.0,31,98793,卖盘
10:29:04,32.12,0.01,127,408918,买盘
10:29:07,32.13,0.01,182,584505,买盘
10:29:10,32.11,-0.02,369,1185291,卖盘
10:29:13,32.12,0.01,6,19271,中性盘
10:29:16,32.11,-0.01,187,600828,卖盘
10:29:19,32.11,0.0,18,57799,卖盘
10:29:23,32.13,0.02,12,38153,买盘
10:29:28,32.13,0.0,41,131695,买盘
10:29:31,32.11,-0.02,26,83516,卖盘
10:29:34,32.12,0.01,2,6424,买盘
10:29:38,32.12,0.0,63,202321,买盘
10:29:40,32.11,-0.01,22,70643,卖盘
10:29:43,32.12,0.01,14,43709,买盘
10:29:46,32.13,0.01,173,556372,买盘
10:29:49,32.12,-0.01,9,28908,卖盘
10:29:53,32.12,0.0,33,105996,卖盘
10:29:55,32.1,-0.02,45,144501,卖盘
10:29:58,32.11,0.01,48,154128,买盘
10:30:01,32.1,-0.01,42,134829,卖盘
10:30:04,32.11,0.01,97,310986,买盘
10:30:08,32.12,0.01,19,61026,买盘
10:30:10,32.12,0.0,204,655299,买盘
10:30:13,32.13,0.01,279,896397,买盘
10:30:16,32.13,0.0,112,359751,买盘
10:30:19,32.13,0.0,11,36752,买盘
10:30:21,32.11,-0.02,232,744144,卖盘
10:30:25,32.11,0.0,17,54587,买盘
10:30:28,32.11,0.0,23,73853,买盘
10:30:31,32.11,0.0,9,28899,买盘
10:30:34,32.11,0.0,95,305020,买盘
10:30:36,32.11,0.0,185,593888,买盘
10:30:40,32.1,-0.01,17,54579,卖盘
10:30:43,32.1,0.0,5,16053,卖盘
10:30:46,32.11,0.01,49,157318,买盘
10:30:50,32.1,-0.01,17,54576,卖盘
10:30:53,32.1,0.0,298,956586,卖盘
10:30:55,32.1,0.0,51,163685,买盘
10:30:58,32.09,-0.01,22,70600,卖盘
10:31:01,32.09,0.0,369,1184230,卖盘
10:31:04,32.1,0.01,123,394799,买盘
10:31:08,32.1,0.0,85,272850,卖盘
10:31:09,32.11,0.01,494,1585141,买盘
10:31:13,32.11,0.0,26,83486,卖盘
10:31:16,32.12,0.01,18,57816,买盘
10:31:18,32.11,-0.01,22,70642,卖盘
10:31:23,32.12,0.01,14,44968,买盘
10:31:25,32.11,-0.01,9,30156,卖盘
10:31:28,32.12,0.01,44,141307,买盘
10:31:30,32.11,-0.01,102,327361,卖盘
10:31:34,32.11,0.0,501,1608211,买盘
10:31:36,32.11,0.0,17,54584,买盘
10:31:40,32.1,-0.01,60,192636,卖盘
10:31:43,32.11,0.01,15,47193,买盘
10:31:46,32.1,-0.01,12,38527,卖盘
10:31:49,32.1,0.0,18,57780,卖盘
10:31:52,32.1,0.0,26,83467,卖盘
10:31:56,32.09,-0.01,225,722164,卖盘
10:31:58,32.09,0.0,70,227388,卖盘
10:32:01,32.1,0.01,19,60990,买盘
10:32:04,32.11,0.01,56,179742,买盘
10:32:08,32.1,-0.01,95,304953,卖盘
10:32:10,32.1,0.0,546,1753129,卖盘
10:32:13,32.1,0.0,16,51357,买盘
10:32:15,32.1,0.0,2,6420,买盘
10:32:23,32.09,-0.01,52,165759,卖盘
10:32:25,32.1,0.01,77,247105,买盘
10:32:28,32.1,0.0,9,28889,买盘
10:32:32,32.1,0.0,164,526279,买盘
10:32:34,32.09,-0.01,20,64185,卖盘
10:32:38,32.1,0.01,88,282410,买盘
10:32:40,32.1,0.0,2,6420,买盘
10:32:43,32.09,-0.01,20,62743,卖盘
10:32:46,32.09,0.0,21,67389,卖盘
10:32:49,32.1,0.01,234,750960,买盘
10:32:53,32.09,-0.01,19,60965,卖盘
10:32:56,32.1,0.01,541,1738469,买盘
10:32:58,32.08,-0.02,1092,3501643,卖盘
10:33:00,32.1,0.02,56,179672,买盘
10:33:04,32.09,-0.01,89,285527,买盘
10:33:08,32.09,0.0,10,32081,买盘
10:33:10,32.1,0.01,109,349756,买盘
10:33:13,32.07,-0.03,1221,3917011,卖盘
10:33:16,32.1,0.03,25,80204,买盘
10:33:19,32.08,-0.02,43,137919,卖盘
10:33:23,32.08,0.0,1052,3373209,买盘
10:33:24,32.07,-0.01,24,76962,卖盘
10:33:28,32.06,-0.01,175,560996,卖盘
10:33:32,32.05,-0.01,36,115415,卖盘
10:33:34,32.06,0.01,92,294896,买盘
10:33:38,32.06,0.0,99,316862,买盘
10:33:40,32.05,-0.01,2768,8871869,卖盘
10:33:43,32.04,-0.01,196,627808,卖盘
10:33:46,32.03,-0.01,15,48050,中性盘
10:33:49,32.02,-0.01,53,169746,卖盘
10:33:52,32.02,0.0,11,35224,卖盘
10:33:55,32.02,0.0,67,214538,卖盘
10:33:58,32.02,0.0,197,630050,卖盘
10:34:01,32.02,0.0,335,1072691,卖盘
10:34:03,32.02,0.0,265,848714,卖盘
10:34:08,32.02,0.0,45,144101,卖盘
10:34:10,32.04,0.02,147,471694,买盘
10:34:13,32.04,0.0,108,346032,卖盘
10:34:16,32.04,0.0,271,868284,卖盘
10:34:19,32.04,0.0,45,144180,卖盘
10:34:23,32.04,0.0,651,2085915,卖盘
10:34:25,32.03,-0.01,138,442052,卖盘
10:34:28,32.03,0.0,85,271830,卖盘
10:34:32,32.03,0.0,19,60857,买盘
10:34:34,32.02,-0.01,62,198558,卖盘
10:34:38,32.02,0.0,85,272266,卖盘
10:34:40,32.03,0.01,122,390736,中性盘
10:34:43,32.02,-0.01,167,534795,卖盘
10:34:46,32.02,0.0,520,1665086,卖盘
10:34:49,32.03,0.01,276,883762,买盘
10:34:53,32.01,-0.02,1270,4065484,卖盘
10:34:56,32.03,0.02,82,262582,买盘
10:34:58,32.01,-0.02,84,268906,卖盘
10:35:01,32.01,0.0,56,179285,卖盘
10:35:04,32.01,0.0,323,1034124,卖盘
10:35:08,32.02,0.01,264,845081,买盘
10:35:10,32.01,-0.01,825,2643399,卖盘
10:35:13,32.02,0.01,33,105665,中性盘
10:35:16,32.02,0.0,207,662142,卖盘
10:35:19,32.02,0.0,109,349059,卖盘
10:35:22,32.03,0.01,28,89662,中性盘
10:35:25,32.03,0.0,251,803821,买盘
10:35:29,32.02,-0.01,259,829395,卖盘
10:35:30,32.03,0.01,44,141340,中性盘
10:35:33,32.03,0.0,67,214142,买盘
10:35:38,32.02,-0.01,158,505917,卖盘
10:35:40,32.02,0.0,15,48038,卖盘
10:35:43,32.03,0.01,26,83258,买盘
10:35:46,32.03,0.0,54,172344,买盘
10:35:49,32.03,0.0,123,393960,买盘
10:35:53,32.03,0.0,86,275416,买盘
10:35:56,32.02,-0.01,362,1159129,卖盘
10:35:58,32.03,0.01,85,272219,买盘
10:36:01,32.03,0.0,88,281862,买盘
10:36:04,32.04,0.01,116,374017,买盘
10:36:08,32.02,-0.02,828,2649371,卖盘
10:36:10,32.03,0.01,128,412446,买盘
10:36:13,32.04,0.01,42,134554,买盘
10:36:16,32.04,0.0,459,1468142,买盘
10:36:20,32.05,0.01,602,1929318,买盘
10:36:23,32.06,0.01,2474,7931991,买盘
10:36:25,32.05,-0.01,68,218068,卖盘
10:36:28,32.06,0.01,113,359523,买盘
10:36:32,32.08,0.02,775,2487640,买盘
10:36:34,32.1,0.02,118,377400,买盘
10:36:38,32.08,-0.02,11,35288,卖盘
10:36:40,32.1,0.02,25,80208,买盘
10:36:44,32.11,0.01,336,1078529,买盘
10:36:46,32.1,-0.01,311,998244,卖盘
10:36:49,32.11,0.01,56,179772,买盘
10:36:52,32.1,-0.01,24,77059,卖盘
10:36:55,32.12,0.02,217,696864,买盘
10:36:58,32.11,-0.01,41,131672,卖盘
10:37:01,32.11,0.0,32,102754,卖盘
10:37:04,32.11,0.0,200,642200,买盘
10:37:07,32.11,0.0,21,67430,买盘
10:37:11,32.11,0.0,232,744945,买盘
10:37:13,32.11,0.0,135,433487,卖盘
10:37:19,32.12,0.01,60,192670,买盘
10:37:22,32.12,0.0,24,77065,买盘
10:37:25,32.11,-0.01,195,626145,卖盘
10:37:28,32.12,0.01,40,129083,买盘
10:37:31,32.11,-0.01,126,404587,卖盘
10:37:34,32.11,0.0,35,112398,中性盘
10:37:37,32.11,0.0,15,48161,买盘
10:37:40,32.1,-0.01,76,243972,卖盘
10:37:43,32.09,-0.01,46,147661,卖盘
10:37:46,32.09,0.0,15,48149,卖盘
10:37:49,32.09,0.0,67,214374,卖盘
10:37:56,32.09,0.0,22,70598,卖盘
10:37:58,32.09,0.0,3,9627,卖盘
10:38:01,32.09,0.0,63,202812,卖盘
10:38:04,32.08,-0.01,209,671996,卖盘
10:38:07,32.08,0.0,27,86622,卖盘
10:38:10,32.09,0.01,359,1152378,买盘
10:38:13,32.08,-0.01,24,77349,卖盘
10:38:16,32.08,0.0,70,224565,卖盘
10:38:19,32.08,0.0,165,527692,卖盘
10:38:22,32.09,0.01,262,842134,买盘
10:38:25,32.08,-0.01,12,38496,卖盘
10:38:28,32.08,0.0,82,263115,卖盘
10:38:32,32.08,0.0,212,680107,卖盘
10:38:34,32.08,0.0,14,43502,卖盘
10:38:37,32.09,0.01,37,118706,买盘
10:38:41,32.08,-0.01,24,76996,卖盘
10:38:43,32.09,0.01,5,16044,买盘
10:38:46,32.09,0.0,12,38501,买盘
10:38:49,32.08,-0.01,18,57745,卖盘
10:38:52,32.09,0.01,110,352941,买盘
10:38:55,32.08,-0.01,30,96265,卖盘
10:38:58,32.09,0.01,18,57107,买盘
10:39:01,32.08,-0.01,24,76995,卖盘
10:39:04,32.08,0.0,193,619324,卖盘
10:39:07,32.09,0.01,31,99471,买盘
10:39:10,32.09,0.0,98,316087,买盘
10:39:13,32.1,0.01,35,111899,买盘
10:39:16,32.1,0.0,33,105898,买盘
10:39:19,32.09,-0.01,231,741284,卖盘
10:39:22,32.1,0.01,5,16050,买盘
10:39:25,32.09,-0.01,56,179732,卖盘
10:39:28,32.1,0.01,16,51360,买盘
10:39:32,32.1,0.0,95,304571,买盘
10:39:34,32.09,-0.01,419,1344971,卖盘
10:39:38,32.1,0.01,194,622734,买盘
10:39:41,32.1,0.0,58,186163,买盘
10:39:43,32.09,-0.01,257,824713,卖盘
10:39:46,32.1,0.01,53,169938,买盘
10:39:49,32.09,-0.01,54,173331,卖盘
10:39:52,32.09,0.0,8,26060,卖盘
10:39:55,32.1,0.01,6,19260,买盘
10:39:58,32.1,0.0,390,1251355,买盘
10:40:01,32.09,-0.01,722,2318154,卖盘
10:40:04,32.1,0.01,213,684495,买盘
10:40:07,32.1,0.0,58,185374,卖盘
10:40:10,32.1,0.0,78,251151,卖盘
10:40:13,32.09,-0.01,535,1717349,卖盘
10:40:16,32.08,-0.01,122,391411,卖盘
10:40:19,32.09,0.01,12,38516,卖盘
10:40:21,32.11,0.02,23,73822,买盘
10:40:25,32.08,-0.03,7,21146,卖盘
10:40:28,32.08,0.0,24,76997,卖盘
10:40:31,32.09,0.01,25,80204,买盘
10:40:34,32.08,-0.01,1,3208,卖盘
10:40:38,32.08,0.0,325,1042067,卖盘
10:40:40,32.07,-0.01,44,141105,买盘
10:40:43,32.07,0.0,48,153917,买盘
10:40:46,32.07,0.0,20,64994,买盘
10:40:48,32.07,0.0,20,64131,买盘
10:40:53,32.07,0.0,37,118636,买盘
10:40:55,32.06,-0.01,132,423099,卖盘
10:40:58,32.07,0.01,23,72878,买盘
10:41:01,32.07,0.0,34,109034,买盘
10:41:04,32.08,0.01,75,241763,买盘
10:41:08,32.03,-0.05,264,846465,卖盘
10:41:10,32.08,0.05,23,73782,中性盘
10:41:13,32.08,0.0,19,60952,卖盘
10:41:16,32.08,0.0,50,160400,卖盘
10:41:19,32.09,0.01,411,1318487,买盘
10:41:22,32.08,-0.01,37,118696,卖盘
10:41:25,32.08,0.0,7,22456,卖盘
10:41:28,32.05,-0.03,196,628396,卖盘
10:41:30,32.05,0.0,64,205203,买盘
10:41:34,32.05,0.0,2,6410,买盘
10:41:37,32.05,0.0,48,153137,买盘
10:41:41,32.05,0.0,4,12817,买盘
10:41:43,32.05,0.0,11,35246,买盘
10:41:46,32.04,-0.01,16,51276,卖盘
10:41:48,32.05,0.01,32,102396,买盘
10:41:52,31.98,-0.07,12481,39941981,卖盘
10:41:56,32.0,0.02,2519,8059126,买盘
10:41:58,32.0,0.0,59,188751,买盘
10:42:01,32.0,0.0,218,697581,买盘
10:42:04,32.04,0.04,118,376168,买盘
10:42:06,32.04,0.0,34,108836,买盘
10:42:11,32.05,0.01,478,1532850,买盘
10:42:13,32.05,0.0,224,717920,卖盘
10:42:16,32.07,0.02,49,155746,买盘
10:42:19,32.05,-0.02,27,86518,卖盘
10:42:22,32.02,-0.03,44,140920,卖盘
10:42:25,32.03,0.01,12,38430,买盘
10:42:28,32.05,0.02,10,32023,买盘
10:42:32,32.03,-0.02,104,333109,卖盘
10:42:34,32.05,0.02,24,76915,买盘
10:42:37,32.05,0.0,15,48060,买盘
10:42:41,32.04,-0.01,4,12817,中性盘
10:42:43,32.02,-0.02,66,211451,卖盘
10:42:46,32.02,0.0,112,358424,卖盘
10:42:49,32.05,0.03,31,99327,买盘
10:42:52,32.05,0.0,13,41656,买盘
10:42:55,32.03,-0.02,86,275529,卖盘
10:42:58,32.04,0.01,28,92361,中性盘
10:43:01,32.04,0.0,46,144762,卖盘
10:43:04,32.04,0.0,209,669750,买盘
10:43:08,32.04,0.0,13,41650,买盘
10:43:10,32.05,0.01,440,1410893,买盘
10:43:13,32.05,0.0,249,799603,买盘
10:43:16,32.05,0.0,126,403775,买盘
10:43:19,32.05,0.0,18,57696,卖盘
10:43:22,32.06,0.01,124,397545,买盘
10:43:25,32.07,0.01,26,83367,买盘
10:43:27,32.06,-0.01,68,218027,卖盘
10:43:31,32.07,0.01,23,73746,买盘
10:43:34,32.06,-0.01,39,125067,卖盘
10:43:37,32.06,0.0,34,109011,卖盘
10:43:39,32.05,-0.01,142,455273,卖盘
10:43:43,32.07,0.02,119,381616,买盘
10:43:46,32.07,0.0,27,86577,买盘
10:43:49,32.06,-0.01,88,280536,卖盘
10:43:51,32.07,0.01,25,80173,买盘
10:43:55,32.06,-0.01,2,6412,卖盘
10:43:58,32.07,0.01,55,176385,买盘
10:44:01,32.07,0.0,45,144290,买盘
10:44:04,32.06,-0.01,309,990877,卖盘
10:44:07,32.06,0.0,38,121865,卖盘
10:44:10,32.07,0.01,375,1204749,买盘
10:44:13,32.07,0.0,191,612669,卖盘
10:44:15,32.07,0.0,21,67349,卖盘
10:44:19,32.08,0.01,43,137923,买盘
10:44:22,32.08,0.0,61,195650,买盘
10:44:25,32.08,0.0,7,22456,买盘
10:44:28,32.08,0.0,90,288720,买盘
10:44:31,32.08,0.0,23,73784,买盘
10:44:34,32.07,-0.01,322,1031319,卖盘
10:44:37,32.07,0.0,58,185003,买盘
10:44:40,32.07,0.0,206,660642,买盘
10:44:43,32.07,0.0,28,89772,买盘
10:44:46,32.07,0.0,7,22449,买盘
10:44:49,32.06,-0.01,256,820966,卖盘
10:44:52,32.07,0.01,11,35277,买盘
10:44:55,32.07,0.0,42,133889,买盘
10:44:58,32.07,0.0,10,32072,卖盘
10:45:01,32.07,0.0,16,51317,卖盘
10:45:04,32.08,0.01,283,907764,买盘
10:45:07,32.07,-0.01,62,198859,卖盘
10:45:09,32.08,0.01,11,35282,买盘
10:45:13,32.07,-0.01,586,1879878,卖盘
10:45:16,32.12,0.05,1772,5690195,买盘
10:45:19,32.13,0.01,54,173463,买盘
10:45:22,32.12,-0.01,54,173448,卖盘
10:45:25,32.12,0.0,11,35332,卖盘
10:45:28,32.12,0.0,46,147756,卖盘
10:45:31,32.13,0.01,7,22491,买盘
10:45:34,32.09,-0.04,418,1341281,卖盘
10:45:37,32.12,0.03,20,64236,买盘
10:45:40,32.09,-0.03,28,89852,卖盘
10:45:43,32.1,0.01,30,99230,中性盘
10:45:46,32.11,0.01,43,138096,卖盘
10:45:49,32.09,-0.02,208,664810,卖盘
10:45:52,32.1,0.01,3,9630,买盘
10:45:58,32.11,0.01,88,285391,买盘
10:46:01,32.11,0.0,21,67432,卖盘
10:46:04,32.11,0.0,198,635957,卖盘
10:46:06,32.12,0.01,48,154176,买盘
10:46:10,32.12,0.0,5,16058,买盘
10:46:13,32.13,0.01,235,753025,买盘
10:46:16,32.12,-0.01,38,122058,卖盘
10:46:18,32.13,0.01,88,282734,买盘
10:46:22,32.13,0.0,47,150974,买盘
10:46:25,32.13,0.0,127,408027,买盘
10:46:28,32.13,0.0,788,2531278,买盘
10:46:31,32.13,0.0,24,77104,买盘
10:46:34,32.12,-0.01,78,250557,卖盘
10:46:36,32.12,0.0,97,311660,卖盘
10:46:40,32.13,0.01,27,87987,买盘
10:46:43,32.13,0.0,50,160650,买盘
10:46:46,32.12,-0.01,22,70664,卖盘
10:46:48,32.12,0.0,77,247338,卖盘
10:46:52,32.13,0.01,1,3213,买盘
10:46:55,32.12,-0.01,65,209138,卖盘
10:46:58,32.13,0.01,22,70667,买盘
10:47:01,32.13,0.0,18,57834,买盘
10:47:04,32.13,0.0,208,668304,买盘
10:47:06,32.12,-0.01,58,186302,卖盘
10:47:10,32.13,0.01,2,6426,买盘
10:47:13,32.12,-0.01,573,1840996,卖盘
10:47:16,32.13,0.01,16,51403,买盘
10:47:19,32.13,0.0,37,118438,买盘
10:47:22,32.12,-0.01,2,6424,卖盘
10:47:28,32.14,0.02,458,1471564,买盘
10:47:31,32.14,0.0,48,154244,买盘
10:47:34,32.14,0.0,9,28924,买盘
10:47:37,32.14,0.0,20,64280,买盘
10:47:39,32.13,-0.01,34,110023,卖盘
10:47:43,32.14,0.01,283,909562,买盘
10:47:45,32.14,0.0,34,109254,买盘
10:47:49,32.13,-0.01,52,167083,卖盘
10:47:52,32.14,0.01,677,2175306,买盘
10:47:55,32.13,-0.01,253,812189,卖盘
10:47:57,32.13,0.0,112,359792,买盘
10:48:00,32.13,0.0,27,85558,买盘
10:48:03,32.13,0.0,249,800918,买盘
10:48:07,32.13,0.0,22,70686,卖盘
10:48:09,32.13,0.0,23,73903,卖盘
10:48:13,32.16,0.03,296,950002,买盘
10:48:16,32.16,0.0,45,147573,买盘
10:48:19,32.16,0.0,7,22506,买盘
10:48:22,32.15,-0.01,33,106096,卖盘
10:48:24,32.16,0.01,19,61086,买盘
10:48:28,32.15,-0.01,164,527264,卖盘
10:48:31,32.16,0.01,44,141479,买盘
10:48:33,32.15,-0.01,292,937560,卖盘
10:48:37,32.15,0.0,14,45010,买盘
10:48:40,32.2,0.05,2005,6451268,买盘
10:48:43,32.19,-0.01,15,48269,中性盘
10:48:46,32.2,0.01,39,125515,买盘
10:48:48,32.2,0.0,241,774957,买盘
10:48:52,32.2,0.0,21,67636,卖盘
10:48:55,32.21,0.01,10,32205,买盘
10:48:57,32.21,0.0,152,489445,买盘
10:49:01,32.2,-0.01,10,32208,卖盘
10:49:04,32.21,0.01,178,573348,买盘
10:49:06,32.21,0.0,33,106293,卖盘
10:49:10,32.2,-0.01,673,2168172,卖盘
10:49:13,32.23,0.03,507,1630992,买盘
10:49:16,32.19,-0.04,141,454226,卖盘
10:49:19,32.22,0.03,516,1660309,卖盘
10:49:22,32.18,-0.04,10,32194,中性盘
10:49:25,32.22,0.04,112,360805,买盘
10:49:28,32.2,-0.02,41,131973,中性盘
10:49:31,32.2,0.0,74,238295,卖盘
10:49:34,32.21,0.01,20,65269,买盘
10:49:36,32.22,0.01,473,1524537,买盘
10:49:39,32.21,-0.01,27,86425,卖盘
10:49:43,32.21,0.0,3,9663,买盘
10:49:46,32.19,-0.02,26,83737,卖盘
10:49:49,32.2,0.01,15,48293,买盘
10:49:52,32.18,-0.02,29,93322,卖盘
10:49:55,32.2,0.02,3,9660,买盘
10:49:57,32.2,0.0,48,156593,买盘
10:50:01,32.22,0.02,617,1987760,买盘
10:50:04,32.2,-0.02,28,90160,买盘
10:50:07,32.2,0.0,139,447684,卖盘
10:50:10,32.2,0.0,58,186760,卖盘
10:50:13,32.21,0.01,617,1987959,中性盘
10:50:16,32.2,-0.01,100,322129,卖盘
10:50:19,32.21,0.01,11,35429,买盘
10:50:22,32.21,0.0,10,29826,卖盘
10:50:25,32.21,0.0,125,402626,卖盘
10:50:28,32.21,0.0,16,52343,卖盘
10:50:31,32.21,0.0,66,214160,卖盘
10:50:33,32.21,0.0,204,656884,买盘
10:50:37,32.2,-0.01,44,141682,卖盘
10:50:40,32.19,-0.01,59,189978,卖盘
10:50:42,32.19,0.0,5,14582,卖盘
10:50:46,32.18,-0.01,16,53005,卖盘
10:50:48,32.21,0.03,308,989878,买盘
10:50:52,32.2,-0.01,181,582825,卖盘
10:50:54,32.21,0.01,430,1384602,买盘
10:50:58,32.2,-0.01,103,331666,卖盘
10:51:00,32.21,0.01,176,568567,买盘
10:51:04,32.21,0.0,95,305911,买盘
10:51:07,32.2,-0.01,20,64400,卖盘
10:51:10,32.2,0.0,35,112700,卖盘
10:51:12,32.21,0.01,211,677802,买盘
10:51:16,32.21,0.0,83,267343,卖盘
10:51:18,32.21,0.0,15,48317,卖盘
10:51:22,32.21,0.0,70,225470,卖盘
10:51:25,32.21,0.0,102,328542,卖盘
10:51:28,32.21,0.0,20,64423,卖盘
10:51:31,32.19,-0.02,305,982375,卖盘
10:51:34,32.21,0.02,10,32210,买盘
10:51:37,32.21,0.0,61,196481,买盘
10:51:40,32.21,0.0,21,67639,买盘
10:51:43,32.19,-0.02,32,104809,卖盘
10:51:46,32.19,0.0,56,180256,买盘
10:51:49,32.18,-0.01,100,318872,卖盘
10:51:52,32.17,-0.01,21,67569,卖盘
10:51:55,32.17,0.0,29,93298,卖盘
10:51:57,32.17,0.0,3,9653,卖盘
10:52:01,32.18,0.01,15,48269,买盘
10:52:04,32.17,-0.01,343,1103621,卖盘
10:52:07,32.18,0.01,15,49349,买盘
10:52:10,32.17,-0.01,24,77214,卖盘
10:52:13,32.17,0.0,519,1670134,卖盘
10:52:16,32.17,0.0,34,109385,卖盘
10:52:19,32.18,0.01,3,9654,买盘
10:52:22,32.17,-0.01,13,41821,卖盘
10:52:28,32.17,0.0,68,218470,卖盘
10:52:31,32.17,0.0,730,2349318,卖盘
10:52:34,32.17,0.0,66,211485,买盘
10:52:36,32.17,0.0,128,411883,卖盘
10:52:40,32.17,0.0,40,129517,卖盘
10:52:43,32.15,-0.02,2,6430,卖盘
10:52:46,32.15,0.0,19,60506,卖盘
10:52:49,32.15,0.0,44,141464,卖盘
10:52:52,32.16,0.01,86,277092,卖盘
10:52:55,32.15,-0.01,6,19290,买盘
10:52:58,32.15,0.0,6,19290,买盘
10:53:00,32.14,-0.01,18,57852,卖盘
10:53:04,32.16,0.02,14,44432,买盘
10:53:07,32.16,0.0,48,156036,买盘
10:53:09,32.16,0.0,11,35374,卖盘
10:53:13,32.18,0.02,165,529963,买盘
10:53:16,32.18,0.0,15,48274,买盘
10:53:19,32.19,0.01,13,41839,买盘
10:53:22,32.18,-0.01,206,662946,卖盘
10:53:25,32.19,0.01,546,1756507,买盘
10:53:28,32.18,-0.01,5,16090,卖盘
10:53:31,32.2,0.02,152,487411,买盘
10:53:33,32.19,-0.01,27,86914,卖盘
10:53:37,32.2,0.01,10,32197,买盘
10:53:39,32.19,-0.01,16,51504,卖盘
10:53:43,32.2,0.01,4,12880,买盘
10:53:46,32.2,0.0,33,108521,买盘
10:53:49,32.2,0.0,107,344535,买盘
10:53:52,32.19,-0.01,9,28971,卖盘
10:53:54,32.19,0.0,26,83694,卖盘
10:53:57,32.2,0.01,10,32198,买盘
10:54:01,32.19,-0.01,12,38635,卖盘
10:54:04,32.2,0.01,274,882278,买盘
10:54:07,32.2,0.0,24,77259,买盘
10:54:09,32.2,0.0,156,501663,买盘
10:54:13,32.2,0.0,195,627900,买盘
10:54:16,32.22,0.02,351,1130716,买盘
10:54:19,32.22,0.0,237,763274,买盘
10:54:22,32.22,0.0,7,22554,卖盘
10:54:25,32.22,0.0,22,70902,卖盘
10:54:26,32.23,0.01,111,357566,买盘
10:54:30,32.22,-0.01,9,28999,卖盘
10:54:34,32.23,0.01,303,976567,买盘
10:54:37,32.22,-0.01,213,686436,卖盘
10:54:40,32.23,0.01,93,299336,买盘
10:54:43,32.22,-0.01,1021,3290606,中性盘
10:54:45,32.23,0.01,100,322187,买盘
10:54:49,32.22,-0.01,449,1447211,卖盘
10:54:51,32.23,0.01,13,41880,买盘
10:54:55,32.21,-0.02,481,1549502,卖盘
10:54:58,32.21,0.0,108,348223,卖盘
10:55:01,32.2,-0.01,26,83737,卖盘
10:55:04,32.2,0.0,186,599104,卖盘
10:55:07,32.22,0.02,320,1030071,买盘
10:55:10,32.21,-0.01,339,1091659,卖盘
10:55:13,32.21,0.0,324,1043597,买盘
10:55:15,32.21,0.0,119,383301,卖盘
10:55:19,32.21,0.0,162,521937,卖盘
10:55:21,32.22,0.01,64,206264,中性盘
10:55:25,32.24,0.02,23,74098,买盘
10:55:28,32.23,-0.01,13,41897,中性盘
10:55:31,32.24,0.01,48,154752,买盘
10:55:34,32.25,0.01,641,2066712,买盘
10:55:37,32.23,-0.02,44,141812,中性盘
10:55:40,32.23,0.0,25,80582,卖盘
10:55:43,32.25,0.02,104,335400,买盘
10:55:46,32.24,-0.01,50,161215,卖盘
10:55:49,32.26,0.02,48,154803,买盘
10:55:52,32.25,-0.01,93,299916,卖盘
10:55:55,32.24,-0.01,301,970985,卖盘
10:55:57,32.25,0.01,69,222502,买盘
10:56:01,32.24,-0.01,29,93517,卖盘
10:56:04,32.25,0.01,403,1299555,买盘
10:56:07,32.25,0.0,45,145106,卖盘
10:56:10,32.24,-0.01,17,54809,卖盘
10:56:12,32.25,0.01,147,473930,买盘
10:56:16,32.24,-0.01,25,80602,卖盘
10:56:19,32.25,0.01,52,167649,买盘
10:56:22,32.25,0.0,232,748224,买盘
10:56:25,32.24,-0.01,194,625617,卖盘
10:56:28,32.26,0.02,1068,3444931,买盘
10:56:31,32.27,0.01,162,522626,买盘
10:56:34,32.26,-0.01,189,609714,卖盘
10:56:37,32.26,0.0,33,106526,卖盘
10:56:40,32.24,-0.02,117,377393,卖盘
10:56:43,32.26,0.02,10,32260,买盘
10:56:46,32.26,0.0,113,364432,买盘
10:56:49,32.26,0.0,41,132244,买盘
10:56:52,32.26,0.0,216,696678,买盘
10:56:55,32.24,-0.02,2,6448,买盘
10:56:58,32.23,-0.01,3,8735,卖盘
10:57:00,32.23,0.0,1,3223,卖盘
10:57:03,32.21,-0.02,335,1080825,卖盘
10:57:07,32.21,0.0,33,106293,买盘
10:57:09,32.21,0.0,8,25768,买盘
10:57:13,32.21,0.0,65,208431,买盘
10:57:16,32.2,-0.01,622,2003382,卖盘
10:57:19,32.26,0.06,219,706109,买盘
10:57:22,32.21,-0.05,119,383317,卖盘
10:57:25,32.21,0.0,93,299553,买盘
10:57:27,32.21,0.0,131,421951,买盘
10:57:30,32.21,0.0,70,225459,买盘
10:57:34,32.21,0.0,96,309166,买盘
10:57:37,32.21,0.0,35,112715,买盘
10:57:40,32.22,0.01,313,1009727,买盘
10:57:43,32.25,0.03,13,41902,买盘
10:57:46,32.2,-0.05,132,425297,卖盘
10:57:49,32.25,0.05,150,483590,买盘
10:57:52,32.22,-0.03,6,19332,买盘
10:57:55,32.22,0.0,50,161104,买盘
10:57:57,32.22,0.0,102,328644,卖盘
10:58:00,32.24,0.02,36,116060,买盘
10:58:04,32.24,0.0,160,515841,买盘
10:58:07,32.24,0.0,20,64481,卖盘
10:58:10,32.25,0.01,307,990025,买盘
10:58:13,32.24,-0.01,84,270816,买盘
10:58:16,32.25,0.01,287,925379,买盘
10:58:19,32.25,0.0,116,374060,买盘
10:58:22,32.25,0.0,345,1112291,买盘
10:58:25,32.24,-0.01,22,71161,卖盘
10:58:28,32.23,-0.01,245,789530,卖盘
10:58:31,32.24,0.01,141,454812,买盘
10:58:33,32.24,0.0,126,406184,卖盘
10:58:37,32.25,0.01,19,61274,买盘
10:58:40,32.23,-0.02,336,1083088,卖盘
10:58:43,32.22,-0.01,7,22560,卖盘
10:58:46,32.23,0.01,1,3223,买盘
10:58:49,32.22,-0.01,47,151095,卖盘
10:58:52,32.23,0.01,90,289984,买盘
10:58:55,32.24,0.01,68,219225,买盘
10:58:58,32.24,0.0,54,173996,买盘
10:59:01,32.23,-0.01,6,19338,卖盘
10:59:04,32.23,0.0,202,651227,卖盘
10:59:07,32.24,0.01,228,735778,买盘
10:59:10,32.23,-0.01,205,660875,中性盘
10:59:13,32.23,0.0,5,16117,买盘
10:59:16,32.23,0.0,26,83798,卖盘
10:59:18,32.23,0.0,33,106379,卖盘
10:59:22,32.23,0.0,261,841203,卖盘
10:59:24,32.24,0.01,26,84510,买盘
10:59:28,32.23,-0.01,130,419000,卖盘
10:59:31,32.23,0.0,211,680063,卖盘
10:59:34,32.23,0.0,9,27299,卖盘
10:59:36,32.23,0.0,24,77355,卖盘
10:59:40,32.23,0.0,123,396481,卖盘
10:59:42,32.25,0.02,336,1083269,买盘
10:59:46,32.23,-0.02,37,120218,卖盘
10:59:49,32.23,0.0,19,61237,买盘
10:59:52,32.22,-0.01,10,32220,卖盘
10:59:57,32.23,0.01,32,102167,买盘
11:00:00,32.23,0.0,20,64460,卖盘
11:00:04,32.25,0.02,70,225681,买盘
11:00:07,32.25,0.0,2,6450,买盘
11:00:09,32.25,0.0,44,141859,买盘
11:00:13,32.25,0.0,363,1170668,买盘
11:00:15,32.24,-0.01,15,48365,卖盘
11:00:22,32.25,0.01,46,149001,买盘
11:00:24,32.24,-0.01,51,164424,卖盘
11:00:27,32.24,0.0,10,30886,卖盘
11:00:31,32.23,-0.01,19,61920,卖盘
11:00:33,32.24,0.01,10,32240,买盘
11:00:37,32.23,-0.01,5,16116,卖盘
11:00:40,32.23,0.0,36,116033,卖盘
11:00:43,32.23,0.0,67,216560,卖盘
11:00:46,32.23,0.0,54,174063,卖盘
11:00:49,32.23,0.0,81,260488,卖盘
11:00:52,32.23,0.0,40,128911,买盘
11:00:55,32.22,-0.01,21,67663,卖盘
11:00:58,32.23,0.01,1,3223,买盘
11:01:01,32.22,-0.01,103,332673,卖盘
11:01:03,32.22,0.0,255,821793,卖盘
11:01:06,32.23,0.01,27,87001,买盘
11:01:10,32.23,0.0,9,29006,买盘
11:01:13,32.23,0.0,108,348664,买盘
11:01:15,32.24,0.01,30,96702,买盘
11:01:19,32.24,0.0,6,19342,买盘
11:01:22,32.24,0.0,10,31173,买盘
11:01:25,32.24,0.0,138,444911,买盘
11:01:28,32.24,0.0,297,957705,卖盘
11:01:31,32.25,0.01,58,187049,买盘
11:01:34,32.24,-0.01,532,1715582,卖盘
11:01:37,32.24,0.0,267,861066,买盘
11:01:39,32.24,0.0,262,844874,卖盘
11:01:43,32.25,0.01,18,58050,中性盘
11:01:46,32.25,0.0,80,258001,卖盘
11:01:48,32.25,0.0,21,67726,卖盘
11:01:52,32.26,0.01,497,1603305,买盘
11:01:54,32.26,0.0,227,732293,买盘
11:01:58,32.26,0.0,325,1048450,买盘
11:02:01,32.26,0.0,707,2279625,买盘
11:02:04,32.27,0.01,191,616356,买盘
11:02:07,32.28,0.01,331,1068426,买盘
11:02:10,32.28,0.0,109,351884,买盘
11:02:13,32.29,0.01,612,1976033,买盘
11:02:15,32.3,0.01,42,135621,买盘
11:02:18,32.3,0.0,147,474805,买盘
11:02:22,32.3,0.0,82,264831,买盘
11:02:25,32.3,0.0,9,29067,买盘
11:02:28,32.3,0.0,13,41987,买盘
11:02:31,32.3,0.0,2,6460,买盘
11:02:34,32.29,-0.01,31,100099,卖盘
11:02:36,32.29,0.0,267,862330,卖盘
11:02:40,32.29,0.0,77,250835,卖盘
11:02:42,32.29,0.0,34,109786,买盘
11:02:46,32.28,-0.01,6,17173,卖盘
11:02:49,32.28,0.0,7,22596,买盘
11:02:52,32.27,-0.01,6,19364,卖盘
11:02:54,32.26,-0.01,171,553457,卖盘
11:02:58,32.27,0.01,112,361423,买盘
11:03:01,32.27,0.0,8,25816,买盘
11:03:04,32.27,0.0,137,442107,买盘
11:03:07,32.28,0.01,48,154918,买盘
11:03:09,32.28,0.0,13,41964,买盘
11:03:13,32.28,0.0,429,1384812,买盘
11:03:16,32.28,0.0,24,77470,买盘
11:03:19,32.28,0.0,380,1225934,买盘
11:03:22,32.29,0.01,26,82900,买盘
11:03:24,32.29,0.0,27,87181,买盘
11:03:27,32.29,0.0,38,122681,买盘
11:03:31,32.28,-0.01,5,16143,卖盘
11:03:34,32.29,0.01,3,9686,买盘
11:03:37,32.28,-0.01,3,9685,卖盘
11:03:40,32.29,0.01,175,567502,买盘
11:03:43,32.29,0.0,126,406854,买盘
11:03:46,32.29,0.0,10,32290,买盘
11:03:49,32.29,0.0,138,445493,买盘
11:03:52,32.28,-0.01,44,142040,卖盘
11:03:55,32.29,0.01,277,892555,买盘
11:03:57,32.28,-0.01,11,36384,卖盘
11:04:01,32.28,0.0,60,191646,卖盘
11:04:04,32.29,0.01,443,1430479,买盘
11:04:07,32.26,-0.03,802,2590431,卖盘
11:04:10,32.26,0.0,98,316148,买盘
11:04:13,32.26,0.0,224,720437,买盘
11:04:15,32.26,0.0,4,12906,卖盘
11:04:18,32.29,0.03,27,87183,买盘
11:04:21,32.3,0.01,44,142092,买盘
11:04:24,32.28,-0.02,60,193713,卖盘
11:04:28,32.29,0.01,55,177574,买盘
11:04:30,32.3,0.01,224,723501,买盘
11:04:33,32.29,-0.01,187,603976,卖盘
11:04:37,32.3,0.01,98,316530,买盘
11:04:39,32.3,0.0,114,368220,买盘
11:04:43,32.29,-0.01,25,80738,卖盘
11:04:46,32.29,0.0,24,77496,卖盘
11:04:49,32.3,0.01,26,83976,买盘
11:04:52,32.29,-0.01,570,1841089,卖盘
11:04:54,32.3,0.01,129,417402,买盘
11:04:58,32.3,0.0,82,264837,买盘
11:05:00,32.29,-0.01,3,9688,卖盘
11:05:04,32.3,0.01,385,1243550,买盘
11:05:07,32.31,0.01,839,2710107,买盘
11:05:10,32.32,0.01,289,933940,买盘
11:05:13,32.33,0.01,92,297420,买盘
11:05:16,32.34,0.01,132,426888,买盘
11:05:19,32.35,0.01,81,261999,买盘
11:05:22,32.36,0.01,293,947909,买盘
11:05:25,32.36,0.0,240,776991,买盘
11:05:28,32.39,0.03,38,122974,买盘
11:05:31,32.37,-0.02,78,252449,卖盘
11:05:34,32.38,0.01,69,223311,买盘
11:05:36,32.39,0.01,48,155451,买盘
11:05:40,32.39,0.0,196,634837,买盘
11:05:42,32.39,0.0,90,291479,买盘
11:05:46,32.39,0.0,150,485843,卖盘
11:05:49,32.38,-0.01,97,314092,卖盘
11:05:52,32.37,-0.01,96,310905,卖盘
11:05:55,32.39,0.02,5,16189,买盘
11:05:58,32.38,-0.01,47,152211,买盘
11:06:00,32.38,0.0,17,55042,买盘
11:06:04,32.38,0.0,221,715576,买盘
11:06:07,32.39,0.01,177,573184,买盘
11:06:10,32.38,-0.01,55,178048,中性盘
11:06:13,32.38,0.0,57,184566,买盘
11:06:16,32.38,0.0,67,216946,卖盘
11:06:19,32.37,-0.01,60,194245,卖盘
11:06:22,32.36,-0.01,3,9709,卖盘
11:06:25,32.36,0.0,29,93848,卖盘
11:06:28,32.36,0.0,21,67960,卖盘
11:06:31,32.37,0.01,26,84137,买盘
11:06:34,32.37,0.0,10,32366,买盘
11:06:37,32.36,-0.01,29,93844,卖盘
11:06:40,32.37,0.01,31,99483,买盘
11:06:43,32.36,-0.01,192,621312,卖盘
11:06:46,32.37,0.01,46,150327,买盘
11:06:49,32.35,-0.02,6,18800,卖盘
11:06:52,32.35,0.0,36,116487,卖盘
11:06:55,32.35,0.0,2,6470,卖盘
11:06:58,32.35,0.0,38,124419,卖盘
11:07:01,32.35,0.0,66,212022,卖盘
11:07:04,32.36,0.01,228,737746,买盘
11:07:06,32.35,-0.01,5,16174,卖盘
11:07:10,32.35,0.0,163,527422,买盘
11:07:12,32.34,-0.01,13,42044,卖盘
11:07:15,32.34,0.0,40,129360,卖盘
11:07:19,32.34,0.0,3,9702,买盘
11:07:22,32.34,0.0,23,74381,买盘
11:07:28,32.33,-0.01,2,6467,卖盘
11:07:31,32.34,0.01,46,148743,买盘
11:07:33,32.33,-0.01,7,22637,卖盘
11:07:37,32.34,0.01,132,426863,买盘
11:07:39,32.34,0.0,78,252201,买盘
11:07:43,32.33,-0.01,44,142253,卖盘
11:07:46,32.34,0.01,17,54975,买盘
11:07:49,32.34,0.0,11,35574,买盘
11:07:52,32.33,-0.01,19,61364,卖盘
11:07:54,32.34,0.01,41,132573,买盘
11:07:58,32.34,0.0,17,54978,买盘
11:08:02,32.34,0.0,33,106713,买盘
11:08:04,32.35,0.01,231,747145,买盘
11:08:07,32.34,-0.01,14,45277,卖盘
11:08:10,32.35,0.01,1,3235,买盘
11:08:13,32.34,-0.01,36,116424,卖盘
11:08:17,32.34,0.0,22,73310,卖盘
11:08:19,32.34,0.0,15,48445,卖盘
11:08:22,32.33,-0.01,14,45262,卖盘
11:08:26,32.32,-0.01,1,3232,卖盘
11:08:28,32.33,0.01,20,64660,买盘
11:08:32,32.32,-0.01,48,155161,卖盘
11:08:38,32.31,-0.01,41,132471,卖盘
11:08:41,32.31,0.0,32,103414,卖盘
11:08:44,32.31,0.0,27,87239,卖盘
11:08:46,32.31,0.0,11,34175,买盘
11:08:50,32.3,-0.01,158,511663,卖盘
11:08:52,32.3,0.0,2,6460,买盘
11:08:55,32.3,0.0,51,164705,买盘
11:08:57,32.29,-0.01,25,80749,卖盘
11:09:01,32.29,0.0,139,448833,卖盘
11:09:03,32.3,0.01,193,623353,买盘
11:09:08,32.29,-0.01,83,267936,卖盘
11:09:10,32.3,0.01,122,393999,买盘
11:09:13,32.3,0.0,262,846258,买盘
11:09:16,32.3,0.0,33,106431,买盘
11:09:20,32.3,0.0,40,129185,买盘
11:09:23,32.29,-0.01,18,58126,卖盘
11:09:25,32.29,0.0,7,22603,买盘
11:09:28,32.29,0.0,69,222801,买盘
11:09:32,32.29,0.0,34,109791,买盘
11:09:35,32.29,0.0,46,148497,买盘
11:09:37,32.29,0.0,1,3229,买盘
11:09:41,32.29,0.0,12,38745,买盘
11:09:44,32.27,-0.02,199,642514,卖盘
11:09:45,32.27,0.0,31,99908,买盘
11:09:49,32.3,0.03,29,93628,买盘
11:09:53,32.3,0.0,9,29070,买盘
11:09:55,32.3,0.0,38,122711,买盘
11:09:57,32.3,0.0,19,61370,买盘
11:10:01,32.29,-0.01,67,214246,卖盘
11:10:05,32.3,0.01,276,891478,买盘
11:10:08,32.31,0.01,147,474797,买盘
11:10:10,32.31,0.0,55,177699,买盘
11:10:14,32.31,0.0,25,80770,买盘
11:10:17,32.33,0.02,111,360598,买盘
11:10:19,32.34,0.01,24,77605,买盘
11:10:23,32.35,0.01,284,917483,买盘
11:10:24,32.34,-0.01,287,928350,中性盘
11:10:28,32.35,0.01,171,553126,买盘
11:10:31,32.35,0.0,237,766695,买盘
11:10:35,32.35,0.0,162,524058,买盘
11:10:38,32.37,0.02,466,1507621,买盘
11:10:41,32.38,0.01,371,1200889,买盘
11:10:44,32.4,0.02,353,1143559,买盘
11:10:47,32.4,0.0,433,1401596,买盘
11:10:50,32.4,0.0,554,1794934,买盘
11:10:53,32.4,0.0,200,648120,买盘
11:10:56,32.43,0.03,128,415085,买盘
11:10:57,32.43,0.0,94,304847,买盘
11:11:02,32.45,0.02,146,473630,买盘
11:11:05,32.45,0.0,163,528819,买盘
11:11:07,32.44,-0.01,116,376398,卖盘
11:11:11,32.45,0.01,68,220709,买盘
11:11:14,32.46,0.01,111,360362,卖盘
11:11:16,32.44,-0.02,213,691120,卖盘
11:11:19,32.45,0.01,180,584267,中性盘
11:11:23,32.4,-0.05,50,162061,卖盘
11:11:26,32.44,0.04,23,74596,买盘
11:11:29,32.44,0.0,2,6488,买盘
11:11:30,32.44,0.0,34,110799,买盘
11:11:38,32.43,-0.01,21,68102,买盘
11:11:40,32.42,-0.01,6,18934,卖盘
11:11:43,32.43,0.01,154,499058,买盘
11:11:47,32.42,-0.01,15,50503,卖盘
11:11:50,32.4,-0.02,6,19445,卖盘
11:11:52,32.4,0.0,33,106920,卖盘
11:11:56,32.39,-0.01,38,123101,卖盘
11:11:58,32.39,0.0,1,3239,买盘
11:12:02,32.4,0.01,46,148996,买盘
11:12:04,32.4,0.0,64,207330,买盘
11:12:08,32.35,-0.05,217,702792,卖盘
11:12:11,32.39,0.04,23,72179,买盘
11:12:14,32.36,-0.03,3,9709,卖盘
11:12:16,32.39,0.03,100,323881,买盘
11:12:20,32.37,-0.02,7,22654,中性盘
11:12:23,32.37,0.0,27,87392,买盘
11:12:26,32.37,0.0,23,74451,买盘
11:12:28,32.37,0.0,12,38844,买盘
11:12:30,32.38,0.01,40,129488,买盘
11:12:35,32.39,0.01,43,139256,买盘
11:12:38,32.37,-0.02,103,333411,卖盘
11:12:41,32.37,0.0,21,67977,买盘
11:12:42,32.37,0.0,51,165052,买盘
11:12:47,32.38,0.01,3,9712,买盘
11:12:50,32.39,0.01,5,16185,买盘
11:12:53,32.38,-0.01,54,174823,卖盘
11:12:56,32.38,0.0,14,45306,买盘
11:13:02,32.36,-0.02,2,6472,卖盘
11:13:04,32.38,0.02,159,514712,买盘
11:13:08,32.38,0.0,191,618268,买盘
11:13:11,32.37,-0.01,34,110058,卖盘
11:13:14,32.36,-0.01,28,90635,中性盘
11:13:17,32.36,0.0,9,30088,买盘
11:13:19,32.37,0.01,57,184419,买盘
11:13:23,32.37,0.0,15,48549,买盘
11:13:25,32.36,-0.01,210,679638,卖盘
11:13:29,32.35,-0.01,9,29118,卖盘
11:13:31,32.36,0.01,1,3236,买盘
11:13:35,32.35,-0.01,27,88017,卖盘
11:13:38,32.36,0.01,33,106764,买盘
11:13:44,32.36,0.0,23,74426,买盘
11:13:47,32.36,0.0,85,275040,买盘
11:13:49,32.37,0.01,131,423912,买盘
11:13:51,32.37,0.0,9,29131,买盘
11:13:56,32.36,-0.01,103,331689,买盘
11:13:59,32.35,-0.01,47,152047,卖盘
11:14:02,32.35,0.0,59,190865,卖盘
11:14:04,32.36,0.01,124,401201,买盘
11:14:08,32.36,0.0,16,51776,买盘
11:14:11,32.35,-0.01,199,643784,卖盘
11:14:14,32.36,0.01,6,19414,买盘
11:14:16,32.36,0.0,94,305797,买盘
11:14:19,32.35,-0.01,28,90583,卖盘
11:14:23,32.36,0.01,11,35596,买盘
11:14:26,32.35,-0.01,60,194144,卖盘
11:14:28,32.36,0.01,7,22652,买盘
11:14:32,32.36,0.0,36,116475,买盘
11:14:35,32.36,0.0,38,122252,买盘
11:14:38,32.36,0.0,64,207104,买盘
11:14:41,32.36,0.0,47,152072,买盘
11:14:44,32.36,0.0,41,132694,卖盘
11:14:47,32.37,0.01,85,275143,买盘
11:14:50,32.37,0.0,31,100341,买盘
11:14:53,32.38,0.01,128,414351,买盘
11:14:56,32.38,0.0,53,171613,买盘
11:14:59,32.38,0.0,266,860954,买盘
11:15:02,32.38,0.0,41,132741,买盘
11:15:05,32.38,0.0,208,673536,买盘
11:15:08,32.39,0.01,78,252641,买盘
11:15:11,32.39,0.0,46,149013,卖盘
11:15:14,32.4,0.01,356,1153301,买盘
11:15:17,32.4,0.0,185,599377,买盘
11:15:20,32.4,0.0,67,217080,卖盘
11:15:23,32.43,0.03,187,606173,买盘
11:15:25,32.43,0.0,94,304821,买盘
11:15:29,32.44,0.01,134,434689,买盘
11:15:31,32.44,0.0,109,353693,卖盘
11:15:35,32.45,0.01,49,159041,买盘
11:15:37,32.45,0.0,37,120056,卖盘
11:15:41,32.45,0.0,53,171982,卖盘
11:15:44,32.46,0.01,74,240157,买盘
11:15:47,32.46,0.0,175,567958,买盘
11:15:50,32.44,-0.02,50,162236,卖盘
11:15:53,32.43,-0.01,493,1599611,卖盘
11:15:56,32.45,0.02,42,136284,买盘
11:15:59,32.4,-0.05,109,353473,卖盘
11:16:02,32.4,0.0,58,187920,买盘
11:16:04,32.44,0.04,86,278778,买盘
11:16:08,32.42,-0.02,6,19452,中性盘
11:16:11,32.42,0.0,19,61607,卖盘
11:16:14,32.43,0.01,19,61617,中性盘
11:16:17,32.43,0.0,123,398891,卖盘
11:16:20,32.43,0.0,38,125373,卖盘
11:16:23,32.43,0.0,3,9729,买盘
11:16:26,32.44,0.01,54,175130,买盘
11:16:29,32.43,-0.01,36,116658,买盘
11:16:32,32.41,-0.02,24,77762,中性盘
11:16:35,32.43,0.02,137,444287,买盘
11:16:38,32.42,-0.01,2,6484,卖盘
11:16:41,32.42,0.0,6,17119,卖盘
11:16:44,32.41,-0.01,70,226911,卖盘
11:16:47,32.41,0.0,68,220388,买盘
11:16:50,32.41,0.0,5,16205,买盘
11:16:53,32.41,0.0,12,38892,买盘
11:16:56,32.41,0.0,128,414830,买盘
11:16:59,32.41,0.0,52,168481,买盘
11:17:02,32.41,0.0,24,77777,买盘
11:17:05,32.41,0.0,224,725989,买盘
11:17:07,32.42,0.01,119,385702,买盘
11:17:11,32.42,0.0,30,97246,买盘
11:17:14,32.41,-0.01,74,241694,卖盘
11:17:17,32.41,0.0,20,64820,卖盘
11:17:20,32.41,0.0,52,168535,卖盘
11:17:23,32.42,0.01,3,9726,买盘
11:17:26,32.42,0.0,124,401276,买盘
11:17:29,32.41,-0.01,8,25928,买盘
11:17:32,32.41,0.0,1,3241,买盘
11:17:35,32.4,-0.01,32,103680,卖盘
11:17:38,32.4,0.0,31,100441,卖盘
11:17:41,32.4,0.0,26,84265,卖盘
11:17:43,32.39,-0.01,17,53814,卖盘
11:17:46,32.4,0.01,72,233335,买盘
11:17:50,32.4,0.0,26,84198,买盘
11:17:56,32.39,-0.01,3,9717,卖盘
11:17:59,32.4,0.01,112,362880,买盘
11:18:01,32.39,-0.01,74,241347,卖盘
11:18:05,32.4,0.01,212,686888,买盘
11:18:08,32.41,0.01,59,191209,买盘
11:18:10,32.38,-0.03,7,22668,卖盘
11:18:14,32.39,0.01,48,155457,买盘
11:18:17,32.4,0.01,29,93952,买盘
11:18:19,32.4,0.0,4,12960,买盘
11:18:23,32.39,-0.01,22,71258,卖盘
11:18:25,32.4,0.01,115,370718,买盘
11:18:29,32.39,-0.01,30,97173,卖盘
11:18:31,32.39,0.0,112,362768,买盘
11:18:35,32.38,-0.01,20,64760,卖盘
11:18:37,32.38,0.0,6,20723,卖盘
11:18:41,32.38,0.0,2,6476,卖盘
11:18:44,32.36,-0.02,3,10779,卖盘
11:18:47,32.39,0.03,42,136009,买盘
11:18:50,32.38,-0.01,3,9714,买盘
11:18:53,32.37,-0.01,4,12948,卖盘
11:18:56,32.37,0.0,25,80925,卖盘
11:18:59,32.37,0.0,14,45318,卖盘
11:19:02,32.37,0.0,25,80925,卖盘
11:19:05,32.38,0.01,207,670265,买盘
11:19:07,32.38,0.0,131,424201,卖盘
11:19:11,32.37,-0.01,21,67986,卖盘
11:19:14,32.37,0.0,8,25896,买盘
11:19:16,32.37,0.0,11,35607,卖盘
11:19:20,32.37,0.0,27,87161,卖盘
11:19:23,32.35,-0.02,29,93819,卖盘
11:19:26,32.39,0.04,85,275227,买盘
11:19:29,32.35,-0.04,22,71170,卖盘
11:19:32,32.35,0.0,49,158515,卖盘
11:19:35,32.36,0.01,8,25888,买盘
11:19:38,32.35,-0.01,59,190865,卖盘
11:19:40,32.35,0.0,105,339684,卖盘
11:19:43,32.33,-0.02,17,54969,卖盘
11:19:47,32.33,0.0,49,158033,卖盘
11:19:50,32.34,0.01,40,128892,卖盘
11:19:53,32.33,-0.01,10,32330,卖盘
11:19:56,32.33,0.0,79,255407,卖盘
11:19:59,32.31,-0.02,21,67097,卖盘
11:20:02,32.33,0.02,37,119621,中性盘
11:20:04,32.34,0.01,349,1128425,买盘
11:20:08,32.33,-0.01,12,38796,卖盘
11:20:11,32.33,0.0,41,132571,卖盘
11:20:14,32.33,0.0,19,61427,卖盘
11:20:20,32.33,0.0,14,44543,买盘
11:20:23,32.32,-0.01,62,200384,卖盘
11:20:26,32.31,-0.01,2,6462,卖盘
11:20:29,32.32,0.01,4,12928,买盘
11:20:32,32.31,-0.01,1,3231,卖盘
11:20:34,32.31,0.0,19,61389,卖盘
11:20:38,32.31,0.0,8,26559,卖盘
11:20:41,32.31,0.0,2,8273,买盘
11:20:44,32.33,0.02,315,1018104,买盘
11:20:47,32.32,-0.01,48,155135,卖盘
11:20:50,32.33,0.01,11,35563,买盘
11:20:53,32.33,0.0,14,45262,买盘
11:20:55,32.33,0.0,12,38791,买盘
11:20:59,32.33,0.0,37,119602,买盘
11:21:02,32.32,-0.01,12,38784,卖盘
11:21:05,32.33,0.01,243,783184,买盘
11:21:08,32.34,0.01,74,239300,买盘
11:21:11,32.34,0.0,26,84083,买盘
11:21:14,32.34,0.0,12,38814,卖盘
11:21:20,32.35,0.01,30,97030,买盘
11:21:23,32.34,-0.01,28,90553,卖盘
11:21:26,32.34,0.0,11,35573,中性盘
11:21:29,32.33,-0.01,10,32338,卖盘
11:21:32,32.34,0.01,1,3234,买盘
11:21:38,32.34,0.0,113,365430,买盘
11:21:41,32.33,-0.01,42,135786,卖盘
11:21:44,32.34,0.01,20,64680,买盘
11:21:50,32.34,0.0,26,85841,买盘
11:21:53,32.33,-0.01,23,74361,卖盘
11:21:56,32.34,0.01,63,203691,买盘
11:21:59,32.33,-0.01,55,176036,卖盘
11:22:02,32.33,0.0,10,32330,买盘
11:22:05,32.34,0.01,170,551438,买盘
11:22:07,32.34,0.0,60,193989,买盘
11:22:11,32.32,-0.02,48,153375,卖盘
11:22:13,32.32,0.0,2,6464,买盘
11:22:17,32.32,0.0,1,3232,买盘
11:22:20,32.32,0.0,3,9696,买盘
11:22:23,32.32,0.0,2,6464,买盘
11:22:26,32.32,0.0,42,135722,买盘
11:22:29,32.32,0.0,21,67871,买盘
11:22:32,32.32,0.0,11,35548,买盘
11:22:35,32.31,-0.01,16,51696,卖盘
11:22:37,32.3,-0.01,102,329476,卖盘
11:22:41,32.31,0.01,3,9693,买盘
11:22:44,32.31,0.0,79,255179,买盘
11:22:46,32.3,-0.01,22,71060,卖盘
11:22:50,32.31,0.01,3,9693,买盘
11:22:53,32.3,-0.01,15,49000,卖盘
11:22:56,32.31,0.01,522,1685468,买盘
11:22:59,32.3,-0.01,69,222293,卖盘
11:23:01,32.3,0.0,10,32300,买盘
11:23:05,32.3,0.0,84,271320,买盘
11:23:08,32.3,0.0,1,3230,卖盘
11:23:11,32.3,0.0,125,403621,卖盘
11:23:14,32.3,0.0,127,410310,卖盘
11:23:17,32.3,0.0,6,19574,卖盘
11:23:19,32.28,-0.02,28,90358,卖盘
11:23:23,32.28,0.0,3,9684,卖盘
11:23:26,32.28,0.0,1,3228,卖盘
11:23:32,32.28,0.0,33,108845,卖盘
11:23:37,32.28,0.0,13,41984,卖盘
11:23:43,32.27,-0.01,24,75130,卖盘
11:23:50,32.27,0.0,10,32263,买盘
11:23:53,32.26,-0.01,21,67746,卖盘
11:23:56,32.26,0.0,12,40551,卖盘
11:23:58,32.26,0.0,4,12905,卖盘
11:24:02,32.26,0.0,9,29036,卖盘
11:24:05,32.26,0.0,213,687321,卖盘
11:24:08,32.26,0.0,67,216142,卖盘
11:24:11,32.27,0.01,18,56300,买盘
11:24:14,32.25,-0.02,3,9679,卖盘
11:24:17,32.27,0.02,141,454967,买盘
11:24:20,32.27,0.0,4,12908,买盘
11:24:23,32.26,-0.01,58,187108,买盘
11:24:26,32.25,-0.01,129,416132,卖盘
11:24:28,32.26,0.01,53,170978,买盘
11:24:31,32.26,0.0,58,187109,卖盘
11:24:34,32.28,0.02,12,38716,买盘
11:24:38,32.25,-0.03,31,100023,卖盘
11:24:40,32.28,0.03,14,45192,买盘
11:24:44,32.28,0.0,74,238746,买盘
11:24:47,32.27,-0.01,9,29047,买盘
11:24:50,32.3,0.03,277,894612,买盘
11:24:53,32.29,-0.01,96,310072,中性盘
11:24:56,32.28,-0.01,67,216363,卖盘
11:24:59,32.28,0.0,37,119436,买盘
11:25:02,32.27,-0.01,29,93611,卖盘
11:25:04,32.3,0.03,180,581089,买盘
11:25:08,32.3,0.0,20,64597,买盘
11:25:11,32.29,-0.01,85,274530,卖盘
11:25:14,32.3,0.01,70,226100,卖盘
11:25:17,32.31,0.01,126,407074,买盘
11:25:20,32.33,0.02,30,96994,买盘
11:25:23,32.31,-0.02,23,74313,卖盘
11:25:25,32.33,0.02,33,106689,买盘
11:25:29,32.34,0.01,5,16166,买盘
11:25:32,32.33,-0.01,36,116388,卖盘
11:25:34,32.33,0.0,44,142252,买盘
11:25:38,32.33,0.0,12,38797,买盘
11:25:41,32.34,0.01,45,145517,买盘
11:25:43,32.33,-0.01,35,113155,卖盘
11:25:47,32.33,0.0,55,177787,买盘
11:25:50,32.34,0.01,38,122841,买盘
11:25:53,32.34,0.0,24,77593,买盘
11:25:55,32.34,0.0,36,116402,买盘
11:25:59,32.35,0.01,4,12940,买盘
11:26:02,32.35,0.0,22,71170,卖盘
11:26:05,32.36,0.01,155,501544,买盘
11:26:08,32.36,0.0,63,203870,卖盘
11:26:11,32.35,-0.01,10,32346,买盘
11:26:14,32.35,0.0,14,45290,卖盘
11:26:17,32.35,0.0,47,152045,卖盘
11:26:20,32.34,-0.01,12,38817,中性盘
11:26:26,32.33,-0.01,23,74381,卖盘
11:26:28,32.33,0.0,3,9699,卖盘
11:26:31,32.32,-0.01,7,23270,卖盘
11:26:35,32.32,0.0,7,22624,卖盘
11:26:38,32.31,-0.01,12,38772,卖盘
11:26:43,32.31,0.0,27,87237,卖盘
11:26:47,32.3,-0.01,5,16150,卖盘
11:26:50,32.3,0.0,21,67836,卖盘
11:26:53,32.3,0.0,5,16174,买盘
11:26:55,32.27,-0.03,15,48372,卖盘
11:27:01,32.26,-0.01,20,64522,卖盘
11:27:05,32.27,0.01,209,674442,买盘
11:27:07,32.26,-0.01,31,100008,卖盘
11:27:10,32.26,0.0,39,126814,卖盘
11:27:14,32.27,0.01,54,174205,买盘
11:27:17,32.26,-0.01,159,513064,卖盘
11:27:20,32.27,0.01,3,9681,买盘
11:27:23,32.26,-0.01,19,61294,卖盘
11:27:26,32.26,0.0,2,6452,卖盘
11:27:29,32.26,0.0,30,95555,卖盘
11:27:32,32.26,0.0,9,29037,卖盘
11:27:34,32.27,0.01,122,393672,买盘
11:27:37,32.26,-0.01,50,161525,卖盘
11:27:40,32.26,0.0,8,25808,买盘
11:27:44,32.26,0.0,3,9678,买盘
11:27:47,32.25,-0.01,192,619136,卖盘
11:27:50,32.24,-0.01,11,36660,卖盘
11:27:53,32.25,0.01,1,3225,买盘
11:27:56,32.24,-0.01,12,37495,卖盘
11:28:04,32.24,0.0,192,619008,买盘
11:28:08,32.24,0.0,48,154707,买盘
11:28:14,32.23,-0.01,2,6446,卖盘
11:28:16,32.24,0.01,66,213826,买盘
11:28:20,32.25,0.01,49,158003,买盘
11:28:23,32.25,0.0,63,203175,买盘
11:28:25,32.24,-0.01,15,48360,卖盘
11:28:28,32.24,0.0,60,193440,卖盘
11:28:32,32.24,0.0,70,225680,卖盘
11:28:35,32.23,-0.01,80,256823,卖盘
11:28:37,32.22,-0.01,56,180444,卖盘
11:28:41,32.21,-0.01,26,83746,卖盘
11:28:44,32.21,0.0,6,18327,卖盘
11:28:47,32.21,0.0,33,106293,卖盘
11:28:49,32.21,0.0,30,96640,卖盘
11:28:52,32.22,0.01,288,927455,买盘
11:28:56,32.21,-0.01,13,41869,买盘
11:28:59,32.2,-0.01,18,57962,卖盘
11:29:02,32.2,0.0,177,570553,卖盘
11:29:04,32.22,0.02,441,1419792,买盘
11:29:08,32.18,-0.04,3,9654,卖盘
11:29:11,32.19,0.01,3,9656,买盘
11:29:14,32.18,-0.01,42,135156,卖盘
11:29:17,32.18,0.0,53,170554,买盘
11:29:20,32.18,0.0,38,122305,卖盘
11:29:23,32.19,0.01,12,38628,买盘
11:29:26,32.18,-0.01,300,965485,卖盘
11:29:28,32.19,0.01,17,54715,中性盘
11:29:32,32.2,0.01,116,375437,买盘
11:29:34,32.19,-0.01,11,33414,买盘
11:29:41,32.18,-0.01,35,112664,卖盘
11:29:43,32.19,0.01,9,30967,买盘
11:29:47,32.18,-0.01,95,305717,卖盘
11:29:50,32.19,0.01,5,16095,买盘
11:29:52,32.19,0.0,8,25763,卖盘
11:29:56,32.19,0.0,38,122353,卖盘
11:29:59,32.19,0.0,3,6856,卖盘
11:30:02,32.19,0.0,2,9239,卖盘
13:00:02,32.17,-0.02,480,1542134,卖盘
13:00:04,32.12,-0.05,646,2077133,卖盘
13:00:08,32.12,0.0,166,534749,卖盘
13:00:11,32.12,0.0,190,610244,买盘
13:00:13,32.11,-0.01,65,208700,卖盘
13:00:17,32.11,0.0,160,512503,买盘
13:00:20,32.15,0.04,34,109248,买盘
13:00:23,32.13,-0.02,9,28943,卖盘
13:00:25,32.17,0.04,1,3217,买盘
13:00:32,32.14,-0.03,45,144632,卖盘
13:00:34,32.14,0.0,15,48216,卖盘
13:00:38,32.14,0.0,175,562857,卖盘
13:00:41,32.14,0.0,162,521031,卖盘
13:00:44,32.17,0.03,27,86859,买盘
13:00:47,32.14,-0.03,23,74689,卖盘
13:00:50,32.16,0.02,56,180068,中性盘
13:00:52,32.15,-0.01,36,115756,卖盘
13:00:55,32.16,0.01,87,279873,中性盘
13:00:59,32.18,0.02,91,292743,买盘
13:01:02,32.17,-0.01,129,415121,卖盘
13:01:05,32.2,0.03,62,199582,买盘
13:01:08,32.19,-0.01,35,112701,卖盘
13:01:11,32.21,0.02,65,209277,买盘
13:01:14,32.21,0.0,6,19328,买盘
13:01:17,32.19,-0.02,21,67607,卖盘
13:01:20,32.22,0.03,41,130839,中性盘
13:01:22,32.21,-0.01,90,289927,卖盘
13:01:26,32.21,0.0,24,77319,卖盘
13:01:29,32.22,0.01,39,125654,中性盘
13:01:32,32.24,0.02,53,170850,买盘
13:01:34,32.24,0.0,43,138632,买盘
13:01:38,32.22,-0.02,82,264282,卖盘
13:01:41,32.24,0.02,27,87048,买盘
13:01:44,32.24,0.0,26,83822,买盘
13:01:47,32.23,-0.01,48,154742,卖盘
13:01:49,32.23,0.0,90,290131,卖盘
13:01:53,32.24,0.01,10,32240,买盘
13:01:56,32.24,0.0,10,32240,买盘
13:01:59,32.23,-0.01,56,182104,卖盘
13:02:02,32.24,0.01,222,715726,买盘
13:02:05,32.24,0.0,11,35466,卖盘
13:02:08,32.27,0.03,129,416088,买盘
13:02:10,32.24,-0.03,22,70931,卖盘
13:02:13,32.25,0.01,13,41923,买盘
13:02:17,32.26,0.01,269,868061,中性盘
13:02:20,32.26,0.0,44,141944,卖盘
13:02:23,32.26,0.0,23,74201,卖盘
13:02:26,32.26,0.0,10,32257,卖盘
13:02:29,32.26,0.0,29,93554,卖盘
13:02:32,32.26,0.0,22,70972,卖盘
13:02:35,32.26,0.0,29,93557,卖盘
13:02:38,32.26,0.0,82,264533,卖盘
13:02:41,32.26,0.0,48,154859,买盘
13:02:44,32.27,0.01,64,205901,买盘
13:02:46,32.27,0.0,71,229152,卖盘
13:02:50,32.27,0.0,31,100041,卖盘
13:02:53,32.25,-0.02,14,45755,卖盘
13:02:58,32.25,0.0,6,19833,卖盘
13:03:02,32.26,0.01,3,9677,买盘
13:03:04,32.26,0.0,163,525259,买盘
13:03:08,32.26,0.0,59,190336,卖盘
13:03:11,32.26,0.0,37,119384,卖盘
13:03:14,32.25,-0.01,1,3225,卖盘
13:03:17,32.26,0.01,40,129040,买盘
13:03:20,32.27,0.01,30,96781,中性盘
13:03:25,32.27,0.0,5,16136,卖盘
13:03:29,32.27,0.0,33,106494,卖盘
13:03:32,32.27,0.0,5,16135,买盘
13:03:35,32.27,0.0,22,70119,买盘
13:03:37,32.27,0.0,48,154897,卖盘
13:03:40,32.27,0.0,174,561598,卖盘
13:03:44,32.3,0.03,206,665054,买盘
13:03:46,32.3,0.0,10,31727,买盘
13:03:50,32.27,-0.03,21,68316,卖盘
13:03:52,32.26,-0.01,1,3226,卖盘
13:03:56,32.26,0.0,1,3226,卖盘
13:03:59,32.27,0.01,284,917441,买盘
13:04:01,32.26,-0.01,130,419379,卖盘
13:04:05,32.25,-0.01,213,687305,卖盘
13:04:08,32.26,0.01,53,170968,买盘
13:04:11,32.27,0.01,331,1068066,买盘
13:04:14,32.27,0.0,6,19371,卖盘
13:04:16,32.3,0.03,419,1353085,买盘
13:04:20,32.29,-0.01,141,455321,卖盘
13:04:22,32.28,-0.01,1,3228,中性盘
13:04:26,32.28,0.0,5,16140,中性盘
13:04:28,32.28,0.0,131,422868,卖盘
13:04:32,32.27,-0.01,19,60412,卖盘
13:04:35,32.26,-0.01,22,72427,卖盘
13:04:38,32.26,0.0,11,35486,卖盘
13:04:41,32.26,0.0,47,151664,卖盘
13:04:44,32.25,-0.01,46,148388,卖盘
13:04:47,32.25,0.0,30,96750,买盘
13:04:49,32.25,0.0,24,77381,买盘
13:04:53,32.25,0.0,20,64482,买盘
13:04:56,32.24,-0.01,18,58032,卖盘
13:04:59,32.23,-0.01,3,8992,卖盘
13:05:01,32.24,0.01,2,6448,买盘
13:05:05,32.24,0.0,116,373984,买盘
13:05:08,32.23,-0.01,83,268270,卖盘
13:05:11,32.24,0.01,114,367518,买盘
13:05:14,32.24,0.0,15,48354,买盘
13:05:16,32.24,0.0,256,824651,买盘
13:05:20,32.25,0.01,72,232133,买盘
13:05:23,32.24,-0.01,160,516518,卖盘
13:05:25,32.22,-0.02,36,115992,卖盘
13:05:28,32.21,-0.01,3,9664,卖盘
13:05:32,32.21,0.0,5,16107,卖盘
13:05:35,32.21,0.0,20,64423,卖盘
13:05:38,32.21,0.0,24,77304,卖盘
13:05:40,32.21,0.0,19,61199,买盘
13:05:44,32.2,-0.01,1,3220,卖盘
13:05:47,32.2,0.0,4,12883,卖盘
13:05:49,32.2,0.0,63,202867,卖盘
13:05:52,32.2,0.0,23,74060,卖盘
13:05:56,32.2,0.0,12,36644,卖盘
13:05:58,32.2,0.0,27,88936,卖盘
13:06:02,32.2,0.0,41,129951,卖盘
13:06:05,32.2,0.0,95,305901,买盘
13:06:07,32.2,0.0,21,67620,卖盘
13:06:11,32.2,0.0,74,238280,卖盘
13:06:17,32.21,0.01,78,251162,买盘
13:06:19,32.21,0.0,40,128807,买盘
13:06:23,32.2,-0.01,21,67620,卖盘
13:06:25,32.2,0.0,72,231866,卖盘
13:06:28,32.21,0.01,113,363927,买盘
13:06:32,32.2,-0.01,13,41866,卖盘
13:06:35,32.2,0.0,60,193227,卖盘
13:06:37,32.2,0.0,12,38644,卖盘
13:06:41,32.21,0.01,30,96602,买盘
13:06:44,32.2,-0.01,195,628200,卖盘
13:06:47,32.23,0.03,19,61186,中性盘
13:06:50,32.24,0.01,34,109505,买盘
13:06:53,32.22,-0.02,18,58024,卖盘
13:06:55,32.22,0.0,41,132140,卖盘
13:06:59,32.22,0.0,40,128921,卖盘
13:07:02,32.22,0.0,14,46106,买盘
13:07:04,32.22,0.0,77,248130,卖盘
13:07:07,32.22,0.0,60,193372,卖盘
13:07:11,32.24,0.02,27,86996,买盘
13:07:14,32.22,-0.02,21,67668,卖盘
13:07:17,32.23,0.01,12,38676,买盘
13:07:20,32.24,0.01,82,264316,买盘
13:07:22,32.23,-0.01,32,103157,卖盘
13:07:26,32.23,0.0,78,251405,卖盘
13:07:28,32.23,0.0,40,128934,卖盘
13:07:31,32.23,0.0,35,111967,卖盘
13:07:35,32.23,0.0,59,190159,卖盘
13:07:37,32.23,0.0,13,43544,卖盘
13:07:41,32.23,0.0,68,219178,卖盘
13:07:43,32.23,0.0,11,35453,卖盘
13:07:47,32.23,0.0,1,3223,卖盘
13:07:50,32.24,0.01,78,250251,买盘
13:07:53,32.23,-0.01,27,87022,卖盘
13:07:56,32.23,0.0,19,61252,卖盘
13:07:59,32.23,0.0,29,93468,卖盘
13:08:02,32.24,0.01,201,649848,买盘
13:08:05,32.23,-0.01,42,134689,卖盘
13:08:08,32.22,-0.01,27,86997,卖盘
13:08:11,32.22,0.0,22,70895,卖盘
13:08:13,32.22,0.0,124,398726,卖盘
13:08:17,32.23,0.01,100,322977,买盘
13:08:19,32.24,0.01,105,338453,买盘
13:08:23,32.23,-0.01,34,109582,卖盘
13:08:26,32.23,0.0,28,90247,卖盘
13:08:28,32.23,0.0,73,235318,卖盘
13:08:32,32.23,0.0,14,45122,卖盘
13:08:35,32.23,0.0,11,35457,卖盘
13:08:37,32.23,0.0,27,88210,卖盘
13:08:40,32.23,0.0,279,899609,卖盘
13:08:44,32.23,0.0,32,103132,买盘
13:08:46,32.27,0.04,107,345138,买盘
13:08:50,32.22,-0.05,63,203000,卖盘
13:08:53,32.24,0.02,20,64487,卖盘
13:08:55,32.24,0.0,5,16120,卖盘
13:08:58,32.24,0.0,7,22583,卖盘
13:09:02,32.23,-0.01,10,29103,卖盘
13:09:05,32.24,0.01,84,270818,买盘
13:09:08,32.26,0.02,118,380626,买盘
13:09:10,32.24,-0.02,59,190249,卖盘
13:09:14,32.25,0.01,21,67706,买盘
13:09:17,32.25,0.0,197,635261,买盘
13:09:20,32.25,0.0,89,287029,卖盘
13:09:22,32.26,0.01,117,377440,买盘
13:09:26,32.25,-0.01,41,132258,卖盘
13:09:29,32.25,0.0,18,58050,卖盘
13:09:32,32.25,0.0,62,199960,卖盘
13:09:35,32.24,-0.01,7,22568,卖盘
13:09:37,32.23,-0.01,39,125750,卖盘
13:09:41,32.23,0.0,7,22571,卖盘
13:09:44,32.24,0.01,34,109588,买盘
13:09:47,32.25,0.01,108,348239,买盘
13:09:49,32.22,-0.03,43,138552,卖盘
13:09:53,32.21,-0.01,26,83752,卖盘
13:09:56,32.21,0.0,9,28987,买盘
13:09:59,32.2,-0.01,29,93380,卖盘
13:10:02,32.2,0.0,7,22545,卖盘
13:10:04,32.21,0.01,75,241576,买盘
13:10:07,32.2,-0.01,203,653789,卖盘
13:10:11,32.2,0.0,33,106260,卖盘
13:10:14,32.19,-0.01,4,12878,卖盘
13:10:16,32.2,0.01,52,167382,买盘
13:10:20,32.19,-0.01,85,273621,卖盘
13:10:23,32.19,0.0,7,22533,卖盘
13:10:26,32.19,0.0,200,643801,卖盘
13:10:29,32.16,-0.03,29,93277,卖盘
13:10:31,32.16,0.0,11,35384,卖盘
13:10:35,32.16,0.0,3,9649,卖盘
13:10:38,32.16,0.0,28,90054,卖盘
13:10:41,32.16,0.0,54,173665,卖盘
13:10:44,32.16,0.0,6,19300,卖盘
13:10:50,32.16,0.0,37,118992,卖盘
13:10:53,32.16,0.0,40,129697,买盘
13:10:56,32.16,0.0,18,57888,买盘
13:10:59,32.16,0.0,92,295899,买盘
13:11:02,32.16,0.0,74,238023,卖盘
13:11:05,32.18,0.02,181,584144,买盘
13:11:08,32.18,0.0,30,96519,卖盘
13:11:11,32.17,-0.01,72,231641,卖盘
13:11:14,32.18,0.01,20,64355,买盘
13:11:17,32.19,0.01,115,370169,买盘
13:11:20,32.19,0.0,44,141599,买盘
13:11:22,32.18,-0.01,216,695093,卖盘
13:11:26,32.18,0.0,9,28962,卖盘
13:11:29,32.18,0.0,34,109431,卖盘
13:11:32,32.18,0.0,15,45399,买盘
13:11:35,32.17,-0.01,53,170551,卖盘
13:11:37,32.17,0.0,18,57916,卖盘
13:11:40,32.17,0.0,33,106836,卖盘
13:11:43,32.17,0.0,7,21844,卖盘
13:11:47,32.18,0.01,501,1612190,买盘
13:11:49,32.17,-0.01,66,212259,中性盘
13:11:53,32.16,-0.01,7,22516,卖盘
13:11:56,32.16,0.0,112,360195,卖盘
13:11:59,32.17,0.01,46,147947,买盘
13:12:02,32.16,-0.01,199,640152,卖盘
13:12:05,32.17,0.01,150,482550,买盘
13:12:08,32.18,0.01,13,41824,买盘
13:12:11,32.17,-0.01,36,115812,卖盘
13:12:14,32.17,0.0,4,12868,卖盘
13:12:17,32.18,0.01,91,293526,买盘
13:12:20,32.18,0.0,44,141599,卖盘
13:12:23,32.19,0.01,83,267098,买盘
13:12:26,32.19,0.0,2,6438,买盘
13:12:29,32.2,0.01,128,411931,买盘
13:12:32,32.19,-0.01,34,109448,卖盘
13:12:35,32.2,0.01,2,6440,买盘
13:12:38,32.19,-0.01,23,74040,卖盘
13:12:41,32.19,0.0,16,51505,卖盘
13:12:43,32.19,0.0,28,90132,买盘
13:12:47,32.2,0.01,23,74060,买盘
13:12:50,32.19,-0.01,175,563709,卖盘
13:12:53,32.2,0.01,14,45067,买盘
13:12:55,32.19,-0.01,10,32191,卖盘
13:12:59,32.2,0.01,112,360594,买盘
13:13:02,32.18,-0.02,12,38619,卖盘
13:13:04,32.19,0.01,87,282114,买盘
13:13:08,32.19,0.0,1,3219,卖盘
13:13:11,32.19,0.0,67,215673,卖盘
13:13:13,32.19,0.0,34,109449,卖盘
13:13:17,32.2,0.01,80,257597,买盘
13:13:20,32.2,0.0,37,119144,卖盘
13:13:23,32.21,0.01,34,109483,买盘
13:13:26,32.21,0.0,92,296283,买盘
13:13:29,32.2,-0.01,12,38641,卖盘
13:13:32,32.2,0.0,218,701961,卖盘
13:13:35,32.19,-0.01,15,47385,卖盘
13:13:38,32.18,-0.01,17,54707,卖盘
13:13:40,32.19,0.01,170,547339,买盘
13:13:44,32.2,0.01,1,3220,买盘
13:13:47,32.18,-0.02,7,22531,卖盘
13:13:49,32.19,0.01,168,540888,买盘
13:13:52,32.19,0.0,11,35410,卖盘
13:13:56,32.19,0.0,38,122349,卖盘
13:13:59,32.2,0.01,63,202780,买盘
13:14:02,32.17,-0.03,22,70778,卖盘
13:14:05,32.19,0.02,249,801732,买盘
13:14:08,32.17,-0.02,47,151247,卖盘
13:14:11,32.17,0.0,29,93295,卖盘
13:14:14,32.19,0.02,3,9655,买盘
13:14:17,32.19,0.0,129,415311,买盘
13:14:20,32.19,0.0,91,292962,卖盘
13:14:23,32.19,0.0,116,373506,卖盘
13:14:25,32.2,0.01,128,412034,买盘
13:14:29,32.19,-0.01,22,70818,卖盘
13:14:32,32.2,0.01,36,115885,买盘
13:14:35,32.19,-0.01,15,48832,卖盘
13:14:38,32.19,0.0,2,6439,卖盘
13:14:40,32.2,0.01,76,244646,买盘
13:14:44,32.18,-0.02,16,51495,卖盘
13:14:46,32.18,0.0,53,170578,卖盘
13:14:50,32.2,0.02,12,38618,买盘
13:14:52,32.18,-0.02,21,67558,买盘
13:14:56,32.18,0.0,20,64348,买盘
13:14:58,32.16,-0.02,57,183361,卖盘
13:15:02,32.18,0.02,82,263837,买盘
13:15:04,32.19,0.01,18,57937,买盘
13:15:08,32.18,-0.01,10,32180,卖盘
13:15:11,32.18,0.0,36,115848,卖盘
13:15:14,32.18,0.0,21,67578,卖盘
13:15:17,32.19,0.01,75,241423,买盘
13:15:20,32.19,0.0,38,122325,卖盘
13:15:23,32.19,0.0,5,16096,卖盘
13:15:25,32.19,0.0,24,77256,卖盘
13:15:29,32.2,0.01,40,128762,买盘
13:15:32,32.19,-0.01,45,144855,卖盘
13:15:35,32.18,-0.01,100,321850,卖盘
13:15:38,32.18,0.0,10,32183,卖盘
13:15:41,32.18,0.0,35,112695,卖盘
13:15:44,32.18,0.0,1,3218,卖盘
13:15:46,32.18,0.0,52,167379,卖盘
13:15:50,32.18,0.0,36,115869,卖盘
13:15:53,32.2,0.02,106,341318,买盘
13:15:55,32.18,-0.02,145,466295,卖盘
13:15:59,32.18,0.0,210,676126,卖盘
13:16:01,32.19,0.01,50,160934,买盘
13:16:05,32.19,0.0,15,48285,卖盘
13:16:08,32.19,0.0,21,67599,卖盘
13:16:11,32.19,0.0,85,274262,卖盘
13:16:14,32.19,0.0,44,141636,卖盘
13:16:17,32.2,0.01,290,931186,买盘
13:16:20,32.19,-0.01,26,85661,卖盘
13:16:23,32.18,-0.01,20,64360,卖盘
13:16:26,32.18,0.0,11,34271,卖盘
13:16:29,32.18,0.0,157,506564,卖盘
13:16:32,32.18,0.0,35,112630,买盘
13:16:35,32.18,0.0,3,9654,买盘
13:16:38,32.18,0.0,16,51479,买盘
13:16:41,32.17,-0.01,48,154416,卖盘
13:16:43,32.17,0.0,12,38614,卖盘
13:16:47,32.17,0.0,13,41821,卖盘
13:16:50,32.17,0.0,70,225676,卖盘
13:16:53,32.17,0.0,38,122246,卖盘
13:16:55,32.17,0.0,3,9651,卖盘
13:16:59,32.17,0.0,34,107154,卖盘
13:17:02,32.17,0.0,74,238056,买盘
13:17:04,32.17,0.0,33,106164,卖盘
13:17:10,32.17,0.0,53,170510,卖盘
13:17:14,32.17,0.0,25,80426,卖盘
13:17:17,32.17,0.0,24,77229,卖盘
13:17:20,32.18,0.01,215,693980,买盘
13:17:23,32.18,0.0,3,9654,卖盘
13:17:26,32.2,0.02,123,395931,买盘
13:17:29,32.18,-0.02,72,231719,卖盘
13:17:32,32.18,0.0,32,102976,卖盘
13:17:35,32.2,0.02,5,16100,买盘
13:17:38,32.18,-0.02,15,46179,卖盘
13:17:40,32.17,-0.01,69,221993,卖盘
13:17:44,32.17,0.0,3,9651,卖盘
13:17:47,32.17,0.0,24,77304,卖盘
13:17:50,32.18,0.01,36,115818,买盘
13:17:53,32.17,-0.01,3,9651,卖盘
13:17:56,32.17,0.0,27,86763,卖盘
13:17:59,32.17,0.0,2,6433,卖盘
13:18:02,32.17,0.0,12,38604,买盘
13:18:04,32.17,0.0,94,302501,买盘
13:18:08,32.17,0.0,11,35387,卖盘
13:18:11,32.17,0.0,52,167284,卖盘
13:18:14,32.17,0.0,4,12869,卖盘
13:18:16,32.18,0.01,9,28962,买盘
13:18:20,32.19,0.01,122,392599,买盘
13:18:23,32.18,-0.01,62,199521,卖盘
13:18:25,32.18,0.0,4,14481,卖盘
13:18:29,32.18,0.0,2,6436,卖盘
13:18:32,32.18,0.0,380,1221531,卖盘
13:18:35,32.18,0.0,52,167308,买盘
13:18:38,32.18,0.0,17,54706,卖盘
13:18:41,32.18,0.0,12,38616,卖盘
13:18:44,32.18,0.0,4,12869,买盘
13:18:47,32.17,-0.01,6,19109,卖盘
13:18:50,32.17,0.0,40,128694,卖盘
13:18:52,32.17,0.0,29,93299,卖盘
13:18:55,32.17,0.0,22,70871,卖盘
13:18:58,32.19,0.02,117,376505,买盘
13:19:02,32.16,-0.03,10,32162,卖盘
13:19:05,32.17,0.01,66,213191,买盘
13:19:07,32.17,0.0,4,12870,卖盘
13:19:11,32.17,0.0,77,247710,卖盘
13:19:14,32.17,0.0,5,16085,卖盘
13:19:17,32.17,0.0,19,61123,卖盘
13:19:19,32.19,0.02,43,138377,买盘
13:19:22,32.18,-0.01,97,312146,卖盘
13:19:25,32.18,0.0,23,74014,卖盘
13:19:29,32.18,0.0,25,80450,卖盘
13:19:32,32.18,0.0,33,106197,卖盘
13:19:35,32.18,0.0,5,16090,卖盘
13:19:38,32.18,0.0,35,112645,卖盘
13:19:41,32.18,0.0,35,111730,卖盘
13:19:44,32.17,-0.01,1,3603,买盘
13:19:47,32.18,0.01,13,41831,买盘
13:19:50,32.19,0.01,23,73996,买盘
13:19:53,32.17,-0.02,28,90076,卖盘
13:19:56,32.17,0.0,38,122251,卖盘
13:19:58,32.17,0.0,17,54704,卖盘
13:20:01,32.17,0.0,54,173384,卖盘
13:20:04,32.17,0.0,226,727052,买盘
13:20:08,32.17,0.0,19,61123,买盘
13:20:11,32.16,-0.01,101,324840,卖盘
13:20:13,32.17,0.01,7,22519,中性盘
13:20:17,32.17,0.0,46,148025,卖盘
13:20:20,32.18,0.01,89,286760,买盘
13:20:23,32.18,0.0,56,180208,卖盘
13:20:26,32.18,0.0,98,315010,卖盘
13:20:28,32.17,-0.01,9,28953,卖盘
13:20:32,32.19,0.02,107,344352,买盘
13:20:35,32.19,0.0,26,83652,买盘
13:20:38,32.18,-0.01,42,135149,买盘
13:20:41,32.17,-0.01,18,57908,卖盘
13:20:44,32.18,0.01,16,53567,中性盘
13:20:47,32.17,-0.01,14,42947,卖盘
13:20:50,32.17,0.0,4,12867,买盘
13:20:52,32.16,-0.01,11,35386,卖盘
13:20:56,32.17,0.01,24,77185,买盘
13:20:58,32.16,-0.01,1,3216,卖盘
13:21:02,32.16,0.0,38,122218,卖盘
13:21:05,32.17,0.01,55,179029,买盘
13:21:08,32.17,0.0,30,96510,卖盘
13:21:11,32.17,0.0,108,347436,卖盘
13:21:14,32.17,0.0,14,45038,卖盘
13:21:17,32.17,0.0,45,142687,卖盘
13:21:20,32.17,0.0,56,182246,买盘
13:21:23,32.17,0.0,32,102944,卖盘
13:21:25,32.17,0.0,9,28953,卖盘
13:21:29,32.17,0.0,31,99727,卖盘
13:21:32,32.17,0.0,73,234852,卖盘
13:21:35,32.17,0.0,8,25737,卖盘
13:21:38,32.17,0.0,41,131897,卖盘
13:21:40,32.17,0.0,52,167285,卖盘
13:21:44,32.17,0.0,15,48266,卖盘
13:21:47,32.17,0.0,42,135371,卖盘
13:21:50,32.17,0.0,26,83645,卖盘
13:21:53,32.17,0.0,33,106161,卖盘
13:21:56,32.18,0.01,7,22523,买盘
13:21:59,32.17,-0.01,2,6434,卖盘
13:22:02,32.17,0.0,46,147982,卖盘
13:22:05,32.17,0.0,354,1139219,卖盘
13:22:08,32.17,0.0,18,57913,卖盘
13:22:11,32.17,0.0,29,93294,卖盘
13:22:14,32.17,0.0,39,125473,卖盘
13:22:17,32.18,0.01,7,22523,买盘
13:22:20,32.18,0.0,65,209173,买盘
13:22:22,32.17,-0.01,547,1759900,卖盘
13:22:26,32.18,0.01,71,228400,买盘
13:22:29,32.18,0.0,19,61155,卖盘
13:22:32,32.17,-0.01,4,12868,卖盘
13:22:35,32.17,0.0,35,112575,卖盘
13:22:38,32.16,-0.01,21,67556,卖盘
13:22:40,32.16,0.0,197,632394,卖盘
13:22:44,32.16,0.0,11,35376,买盘
13:22:50,32.16,0.0,236,757680,买盘
13:22:53,32.15,-0.01,15,48230,中性盘
13:22:56,32.14,-0.01,21,67494,卖盘
13:22:59,32.14,0.0,159,510999,卖盘
13:23:02,32.15,0.01,55,176798,买盘
13:23:04,32.15,0.0,38,122170,卖盘
13:23:08,32.14,-0.01,157,507427,卖盘
13:23:14,32.14,0.0,11,35354,买盘
13:23:17,32.14,0.0,1,3214,买盘
13:23:20,32.14,0.0,86,273687,买盘
13:23:22,32.14,0.0,68,218591,卖盘
13:23:26,32.14,0.0,151,485319,卖盘
13:23:29,32.14,0.0,45,144641,卖盘
13:23:32,32.15,0.01,40,128572,买盘
13:23:35,32.14,-0.01,22,70713,卖盘
13:23:38,32.17,0.03,127,408305,买盘
13:23:41,32.15,-0.02,49,157535,卖盘
13:23:43,32.15,0.0,3,9647,卖盘
13:23:46,32.15,0.0,87,279705,卖盘
13:23:49,32.16,0.01,61,196122,买盘
13:23:53,32.15,-0.01,49,157536,卖盘
13:23:55,32.15,0.0,2,6431,卖盘
13:23:59,32.15,0.0,11,35366,卖盘
13:24:01,32.16,0.01,71,228287,买盘
13:24:05,32.16,0.0,26,83617,卖盘
13:24:07,32.16,0.0,2,6433,卖盘
13:24:11,32.16,0.0,32,102915,卖盘
13:24:13,32.16,0.0,24,77185,卖盘
13:24:17,32.16,0.0,36,115793,卖盘
13:24:20,32.18,0.02,117,376360,买盘
13:24:23,32.17,-0.01,61,196237,卖盘
13:24:26,32.17,0.0,25,80425,卖盘
13:24:28,32.17,0.0,12,38604,卖盘
13:24:32,32.17,0.0,49,158579,卖盘
13:24:35,32.17,0.0,135,433365,卖盘
13:24:38,32.17,0.0,11,35377,买盘
13:24:41,32.16,-0.01,26,83616,卖盘
13:24:43,32.17,0.01,32,102942,买盘
13:24:46,32.16,-0.01,75,241205,卖盘
13:24:50,32.15,-0.01,68,218634,卖盘
13:24:53,32.15,0.0,22,71545,卖盘
13:24:56,32.15,0.0,1,3215,卖盘
13:24:58,32.15,0.0,23,73945,卖盘
13:25:02,32.16,0.01,155,498452,买盘
13:25:04,32.16,0.0,10,32160,卖盘
13:25:07,32.16,0.0,73,234768,卖盘
13:25:11,32.17,0.01,101,324865,买盘
13:25:14,32.14,-0.03,262,841520,卖盘
13:25:16,32.14,0.0,3,9642,卖盘
13:25:20,32.16,0.02,43,139060,买盘
13:25:23,32.15,-0.01,206,662293,卖盘
13:25:26,32.15,0.0,5,16078,卖盘
13:25:29,32.16,0.01,8,25723,买盘
13:25:31,32.16,0.0,58,186479,买盘
13:25:35,32.15,-0.01,11,35365,卖盘
13:25:38,32.16,0.01,84,270092,买盘
13:25:41,32.16,0.0,28,90026,买盘
13:25:44,32.15,-0.01,50,159947,卖盘
13:25:47,32.15,0.0,29,95286,买盘
13:25:50,32.16,0.01,9,28937,买盘
13:25:53,32.15,-0.01,65,208997,卖盘
13:25:56,32.15,0.0,11,35368,买盘
13:25:58,32.15,0.0,80,257145,买盘
13:26:02,32.15,0.0,118,379357,买盘
13:26:04,32.15,0.0,90,289417,卖盘
13:26:08,32.16,0.01,15,48241,买盘
13:26:11,32.16,0.0,3,9648,买盘
13:26:14,32.16,0.0,88,282996,买盘
13:26:17,32.17,0.01,29,93247,买盘
13:26:19,32.18,0.01,211,677512,买盘
13:26:23,32.18,0.0,52,167346,卖盘
13:26:26,32.18,0.0,61,197788,卖盘
13:26:29,32.17,-0.01,7,22522,卖盘
13:26:32,32.17,0.0,12,38604,买盘
13:26:34,32.18,0.01,54,172288,买盘
13:26:38,32.18,0.0,33,106194,卖盘
13:26:40,32.18,0.0,42,135165,卖盘
13:26:44,32.2,0.02,232,746806,买盘
13:26:47,32.18,-0.02,15,48274,买盘
13:26:49,32.16,-0.02,42,136571,卖盘
13:26:53,32.16,0.0,9,28943,买盘
13:26:55,32.16,0.0,13,41807,买盘
13:26:59,32.16,0.0,176,566030,买盘
13:27:02,32.16,0.0,36,115777,卖盘
13:27:05,32.17,0.01,152,488984,卖盘
13:27:07,32.17,0.0,16,51476,卖盘
13:27:10,32.17,0.0,19,61123,卖盘
13:27:14,32.18,0.01,93,297790,买盘
13:27:17,32.18,0.0,10,32180,卖盘
13:27:19,32.19,0.01,179,576274,买盘
13:27:22,32.19,0.0,38,122323,卖盘
13:27:29,32.2,0.01,7,22540,买盘
13:27:31,32.17,-0.03,317,1020108,卖盘
13:27:35,32.17,0.0,28,91501,卖盘
13:27:38,32.16,-0.01,7,22512,卖盘
13:27:40,32.17,0.01,6,19302,买盘
13:27:44,32.17,0.0,30,95076,买盘
13:27:47,32.2,0.03,47,151321,买盘
13:27:50,32.19,-0.01,44,141562,买盘
13:27:53,32.18,-0.01,3,9654,卖盘
13:27:56,32.18,0.0,22,70796,卖盘
13:27:59,32.18,0.0,1,3218,买盘
13:28:02,32.18,0.0,32,102976,买盘
13:28:05,32.18,0.0,39,125508,卖盘
13:28:08,32.19,0.01,3,9656,买盘
13:28:10,32.18,-0.01,201,646820,卖盘
13:28:13,32.17,-0.01,128,411887,卖盘
13:28:17,32.17,0.0,23,73991,卖盘
13:28:20,32.19,0.02,193,620756,买盘
13:28:23,32.17,-0.02,31,99767,卖盘
13:28:26,32.17,0.0,3,9652,卖盘
13:28:28,32.17,0.0,93,299181,卖盘
13:28:38,32.17,0.0,25,79749,卖盘
13:28:40,32.17,0.0,23,74011,卖盘
13:28:44,32.18,0.01,2,6436,买盘
13:28:50,32.18,0.0,23,73994,买盘
13:28:53,32.17,-0.01,37,119031,卖盘
13:28:56,32.17,0.0,23,74011,卖盘
13:28:59,32.18,0.01,1,3218,买盘
13:29:02,32.17,-0.01,35,114503,卖盘
13:29:05,32.18,0.01,151,485918,买盘
13:29:08,32.18,0.0,4,12872,卖盘
13:29:11,32.18,0.0,20,64360,卖盘
13:29:14,32.18,0.0,42,135157,卖盘
13:29:17,32.19,0.01,3,9655,买盘
13:29:19,32.2,0.01,136,437796,买盘
13:29:23,32.19,-0.01,61,196362,卖盘
13:29:25,32.19,0.0,33,106227,卖盘
13:29:29,32.19,0.0,10,32191,卖盘
13:29:32,32.2,0.01,3,9659,买盘
13:29:35,32.19,-0.01,226,727696,卖盘
13:29:38,32.2,0.01,26,83720,卖盘
13:29:41,32.2,0.0,6,19320,卖盘
13:29:43,32.2,0.0,25,80500,卖盘
13:29:48,32.2,0.0,111,357588,买盘
13:29:49,32.2,0.0,17,54739,卖盘
13:29:53,32.22,0.02,12,38664,买盘
13:29:56,32.2,-0.02,34,109541,卖盘
13:29:59,32.19,-0.01,7,22534,卖盘
13:30:02,32.2,0.01,7,22540,买盘
13:30:05,32.2,0.0,29,93380,买盘
13:30:07,32.2,0.0,30,96607,卖盘
13:30:14,32.2,0.0,5,16100,卖盘
13:30:17,32.2,0.0,24,77284,卖盘
13:30:20,32.21,0.01,74,238351,买盘
13:30:23,32.21,0.0,20,64425,卖盘
13:30:26,32.21,0.0,2,6442,卖盘
13:30:29,32.21,0.0,26,83751,卖盘
13:30:31,32.22,0.01,6,19327,买盘
13:30:35,32.21,-0.01,12,37621,卖盘
13:30:38,32.2,-0.01,397,1279577,卖盘
13:30:41,32.18,-0.02,31,99790,卖盘
13:30:43,32.17,-0.01,16,51472,卖盘
13:30:47,32.17,0.0,1,3217,卖盘
13:30:50,32.17,0.0,21,67557,卖盘
13:30:53,32.17,0.0,5,16088,卖盘
13:30:56,32.18,0.01,6,19307,买盘
13:30:59,32.17,-0.01,2,6435,卖盘
13:31:02,32.17,0.0,42,134508,卖盘
13:31:04,32.18,0.01,33,106195,买盘
13:31:08,32.18,0.0,54,173774,卖盘
13:31:11,32.18,0.0,45,144814,卖盘
13:31:13,32.18,0.0,39,125502,卖盘
13:31:18,32.18,0.0,1,3218,卖盘
13:31:20,32.2,0.02,129,415397,买盘
13:31:23,32.2,0.0,56,180324,卖盘
13:31:25,32.2,0.0,97,312340,卖盘
13:31:28,32.2,0.0,8,25760,卖盘
13:31:32,32.2,0.0,36,115920,卖盘
13:31:35,32.2,0.0,24,77280,卖盘
13:31:38,32.2,0.0,10,32201,卖盘
13:31:41,32.2,0.0,4,12880,卖盘
13:31:44,32.2,0.0,24,77280,卖盘
13:31:47,32.18,-0.02,11,34014,卖盘
13:31:53,32.2,0.02,7,22538,买盘
13:31:55,32.18,-0.02,27,86886,卖盘
13:31:58,32.19,0.01,2,6437,买盘
13:32:01,32.19,0.0,21,67597,买盘
13:32:05,32.19,0.0,13,41847,卖盘
13:32:07,32.19,0.0,31,99794,卖盘
13:32:10,32.19,0.0,160,515043,卖盘
13:32:14,32.18,-0.01,12,38616,卖盘
13:32:20,32.19,0.01,93,299893,买盘
13:32:24,32.19,0.0,146,469430,卖盘
13:32:25,32.18,-0.01,17,54706,卖盘
13:32:29,32.18,0.0,8,26903,卖盘
13:32:32,32.17,-0.01,22,71018,卖盘
13:32:35,32.18,0.01,3,9652,买盘
13:32:38,32.17,-0.01,2,6434,卖盘
13:32:41,32.17,0.0,74,238058,卖盘
13:32:44,32.17,0.0,2,6981,卖盘
13:32:46,32.18,0.01,6,19304,买盘
13:32:50,32.17,-0.01,115,370057,卖盘
13:32:53,32.17,0.0,24,77278,卖盘
13:32:56,32.16,-0.01,4,12865,卖盘
13:32:59,32.16,0.0,16,51471,卖盘
13:33:02,32.17,0.01,6,19238,买盘
13:33:04,32.17,0.0,25,80425,卖盘
13:33:12,32.17,0.0,36,115812,卖盘
13:33:13,32.17,0.0,28,90086,卖盘
13:33:17,32.17,0.0,3,9651,卖盘
13:33:19,32.19,0.02,104,334663,买盘
13:33:23,32.18,-0.01,19,61153,卖盘
13:33:26,32.18,0.0,64,205954,卖盘
13:33:29,32.18,0.0,8,25744,卖盘
13:33:32,32.18,0.0,4,12874,卖盘
13:33:35,32.19,0.01,1,3219,买盘
13:33:38,32.17,-0.02,131,421509,卖盘
13:33:41,32.17,0.0,221,711026,买盘
13:33:44,32.18,0.01,57,183413,买盘
13:33:46,32.18,0.0,26,83668,卖盘
13:33:50,32.19,0.01,5,16093,买盘
13:33:53,32.19,0.0,47,151293,买盘
13:33:56,32.18,-0.01,8,25745,卖盘
13:33:58,32.15,-0.03,100,321625,卖盘
13:34:01,32.17,0.02,15,48254,买盘
13:34:05,32.17,0.0,20,64340,卖盘
13:34:08,32.17,0.0,3,9652,卖盘
13:34:11,32.17,0.0,21,67557,卖盘
13:34:14,32.18,0.01,92,295971,买盘
13:34:16,32.17,-0.01,8,25736,卖盘
13:34:19,32.18,0.01,231,743463,买盘
13:34:24,32.18,0.0,22,70796,卖盘
13:34:26,32.18,0.0,41,131938,卖盘
13:34:29,32.18,0.0,32,102976,卖盘
13:34:33,32.18,0.0,22,70796,卖盘
13:34:35,32.18,0.0,12,38617,卖盘
13:34:38,32.19,0.01,33,106214,买盘
13:34:41,32.18,-0.01,53,170554,卖盘
13:34:44,32.18,0.0,28,90108,卖盘
13:34:48,32.18,0.0,8,25744,卖盘
13:34:49,32.19,0.01,6,19312,买盘
13:34:53,32.18,-0.01,28,88978,卖盘
13:34:56,32.18,0.0,10,31118,卖盘
13:35:02,32.19,0.01,3,9656,买盘
13:35:05,32.19,0.0,154,495726,买盘
13:35:08,32.19,0.0,47,151293,卖盘
13:35:11,32.18,-0.01,5,16092,卖盘
13:35:18,32.18,0.0,22,72791,卖盘
13:35:20,32.2,0.02,120,386672,买盘
13:35:24,32.19,-0.01,27,86913,卖盘
13:35:26,32.19,0.0,96,309026,卖盘
13:35:28,32.19,0.0,10,32182,买盘
13:35:35,32.18,-0.01,6,19313,卖盘
13:35:38,32.16,-0.02,14,45024,卖盘
13:35:41,32.16,0.0,4,12866,卖盘
13:35:44,32.16,0.0,145,463876,卖盘
13:35:48,32.16,0.0,5,16080,买盘
