time,price,change,volume,amount,type
09:25:02,31.9,0.12,2421,7722990,卖盘
09:30:02,31.8,-0.1,462,1472195,卖盘
09:30:05,31.9,0.1,802,2557684,买盘
09:30:08,31.9,0.0,152,484894,卖盘
09:30:11,31.92,0.02,36,114871,买盘
09:30:14,31.95,0.03,304,970287,买盘
09:30:16,31.9,-0.05,5,15950,中性盘
09:30:20,31.89,-0.01,221,705193,卖盘
09:30:22,31.9,0.01,311,992061,买盘
09:30:26,31.9,0.0,497,1586071,买盘
09:30:29,31.92,0.02,28,89400,卖盘
09:30:32,31.88,-0.04,117,373212,卖盘
09:30:35,31.9,0.02,187,596314,买盘
09:30:38,31.88,-0.02,116,369930,卖盘
09:30:41,31.9,0.02,179,570767,买盘
09:30:44,31.88,-0.02,27,86088,中性盘
09:30:47,31.88,0.0,73,232724,买盘
09:30:50,31.87,-0.01,99,315565,卖盘
09:30:53,31.87,0.0,74,235783,买盘
09:30:56,31.86,-0.01,33,105168,中性盘
09:30:58,31.82,-0.04,11,35012,卖盘
09:31:02,31.84,0.02,85,270492,买盘
09:31:05,31.8,-0.04,122,388052,卖盘
09:31:07,31.82,0.02,207,658353,买盘
09:31:11,31.84,0.02,522,1660259,买盘
09:31:14,31.79,-0.05,281,893527,卖盘
09:31:17,31.74,-0.05,152,483131,卖盘
09:31:20,31.72,-0.02,119,377855,卖盘
09:31:23,31.69,-0.03,103,326648,卖盘
09:31:25,31.69,0.0,146,462613,卖盘
09:31:28,31.65,-0.04,160,506967,卖盘
09:31:32,31.62,-0.03,74,234250,卖盘
09:31:35,31.64,0.02,106,335425,中性盘
09:31:38,31.64,0.0,112,354514,买盘
09:31:41,31.65,0.01,179,566475,买盘
09:31:44,31.64,-0.01,219,693500,卖盘
09:31:47,31.68,0.04,66,208895,买盘
09:31:49,31.68,0.0,115,364036,买盘
09:31:53,31.66,-0.02,45,142447,中性盘
09:31:56,31.65,-0.01,97,307134,卖盘
09:31:59,31.65,0.0,51,161411,买盘
09:32:02,31.63,-0.02,386,1220402,卖盘
09:32:05,31.65,0.02,140,442906,买盘
09:32:07,31.6,-0.05,105,331867,卖盘
09:32:11,31.64,0.04,350,1106080,买盘
09:32:14,31.64,0.0,144,455529,卖盘
09:32:17,31.64,0.0,62,195913,买盘
09:32:19,31.55,-0.09,71,224205,卖盘
09:32:23,31.55,0.0,151,476420,卖盘
09:32:26,31.54,-0.01,216,680994,卖盘
09:32:29,31.52,-0.02,112,353129,卖盘
09:32:32,31.5,-0.02,250,787842,卖盘
09:32:35,31.49,-0.01,461,1451907,卖盘
09:32:38,31.45,-0.04,189,594935,卖盘
09:32:41,31.48,0.03,215,675452,买盘
09:32:44,31.42,-0.06,148,465001,中性盘
09:32:46,31.4,-0.02,280,879751,卖盘
09:32:49,31.42,0.02,245,769862,买盘
09:32:53,31.44,0.02,69,216896,中性盘
09:32:56,31.43,-0.01,173,544142,卖盘
09:32:59,31.43,0.0,246,773394,卖盘
09:33:02,31.46,0.03,212,667371,买盘
09:33:05,31.45,-0.01,1204,3783093,卖盘
09:33:07,31.51,0.06,300,943246,买盘
09:33:11,31.45,-0.06,137,431129,卖盘
09:33:13,31.51,0.06,68,214051,买盘
09:33:17,31.45,-0.06,177,557103,卖盘
09:33:19,31.51,0.06,298,937233,买盘
09:33:22,31.46,-0.05,83,261156,卖盘
09:33:26,31.51,0.05,76,239451,买盘
09:33:29,31.5,-0.01,89,280289,买盘
09:33:32,31.5,0.0,348,1096299,买盘
09:33:35,31.5,0.0,42,132304,卖盘
09:33:37,31.5,0.0,86,270917,卖盘
09:33:41,31.5,0.0,352,1108813,卖盘
09:33:44,31.5,0.0,447,1408075,买盘
09:33:46,31.51,0.01,135,425312,卖盘
09:33:50,31.51,0.0,69,217422,买盘
09:33:53,31.49,-0.02,131,412628,卖盘
09:33:56,31.51,0.02,466,1467772,买盘
09:33:58,31.51,0.0,35,110285,卖盘
09:34:01,31.51,0.0,116,365565,卖盘
09:34:04,31.5,-0.01,117,368634,卖盘
09:34:08,31.49,-0.01,115,362161,卖盘
09:34:10,31.49,0.0,66,207788,买盘
09:34:13,31.47,-0.02,185,582319,卖盘
09:34:17,31.48,0.01,413,1299942,买盘
09:34:20,31.48,0.0,81,254944,买盘
09:34:22,31.48,0.0,539,1696430,买盘
09:34:25,31.45,-0.03,565,1777196,卖盘
09:34:29,31.45,0.0,70,220249,卖盘
09:34:32,31.44,-0.01,644,2024364,卖盘
09:34:35,31.46,0.02,48,151053,买盘
09:34:38,31.46,0.0,52,163600,卖盘
09:34:40,31.46,0.0,94,295724,买盘
09:34:44,31.48,0.02,169,531746,买盘
09:34:47,31.45,-0.03,862,2711131,卖盘
09:34:49,31.45,0.0,27,84939,卖盘
09:34:53,31.48,0.03,88,276882,买盘
09:34:56,31.45,-0.03,525,1651508,卖盘
09:34:59,31.44,-0.01,333,1047635,卖盘
09:35:02,31.48,0.04,416,1307899,买盘
09:35:04,31.41,-0.07,212,666200,卖盘
09:35:08,31.42,0.01,451,1416608,中性盘
09:35:10,31.41,-0.01,498,1563922,中性盘
09:35:13,31.38,-0.03,668,2097207,卖盘
09:35:17,31.36,-0.02,451,1414987,卖盘
09:35:19,31.35,-0.01,521,1632596,卖盘
09:35:22,31.3,-0.05,403,1261631,卖盘
09:35:26,31.3,0.0,630,1972017,卖盘
09:35:29,31.29,-0.01,523,1635915,卖盘
09:35:32,31.25,-0.04,449,1403811,卖盘
09:35:35,31.25,0.0,247,772187,卖盘
09:35:36,31.26,0.01,295,922033,中性盘
09:35:40,31.21,-0.05,147,459566,卖盘
09:35:44,31.28,0.07,269,841104,买盘
09:35:46,31.29,0.01,170,531911,买盘
09:35:49,31.31,0.02,525,1643362,买盘
09:35:50,31.31,0.0,520,1627237,卖盘
09:35:55,31.36,0.05,277,868260,买盘
09:35:58,31.34,-0.02,35,109666,买盘
09:36:02,31.35,0.01,160,501104,买盘
09:36:05,31.35,0.0,431,1351182,卖盘
09:36:07,31.35,0.0,562,1762881,卖盘
09:36:10,31.37,0.02,128,401367,卖盘
09:36:14,31.4,0.03,124,389507,买盘
09:36:17,31.45,0.05,65,204320,中性盘
09:36:19,31.42,-0.03,21,65975,中性盘
09:36:22,31.42,0.0,107,336187,买盘
09:36:25,31.42,0.0,253,794766,买盘
09:36:29,31.43,0.01,633,1991630,买盘
09:36:31,31.45,0.02,23,72330,中性盘
09:36:35,31.45,0.0,32,100661,卖盘
09:36:38,31.44,-0.01,169,531541,卖盘
09:36:40,31.43,-0.01,218,685480,卖盘
09:36:44,31.45,0.02,188,590941,买盘
09:36:47,31.43,-0.02,260,817316,卖盘
09:36:50,31.43,0.0,376,1181919,买盘
09:36:51,31.45,0.02,516,1622823,买盘
09:36:55,31.43,-0.02,40,125727,卖盘
09:36:59,31.43,0.0,80,251513,卖盘
09:37:00,31.44,0.01,85,267214,买盘
09:37:04,31.44,0.0,350,1100253,买盘
09:37:08,31.51,0.07,273,859026,买盘
09:37:10,31.55,0.04,248,781471,买盘
09:37:13,31.59,0.04,243,766119,买盘
09:37:17,31.51,-0.08,94,296188,卖盘
09:37:19,31.51,0.0,123,387776,买盘
09:37:22,31.5,-0.01,229,722009,卖盘
09:37:26,31.53,0.03,145,457779,中性盘
09:37:29,31.52,-0.01,3,9456,中性盘
09:37:31,31.53,0.01,50,157598,买盘
09:37:34,31.55,0.02,858,2707161,买盘
09:37:38,31.53,-0.02,143,450696,买盘
09:37:41,31.52,-0.01,26,81953,卖盘
09:37:43,31.52,0.0,95,299516,买盘
09:37:46,31.55,0.03,399,1258310,买盘
09:37:50,31.55,0.0,182,574214,卖盘
09:37:52,31.57,0.02,24,75737,买盘
09:37:55,31.57,0.0,66,208360,买盘
09:37:59,31.57,0.0,24,75778,卖盘
09:38:02,31.59,0.02,22,69508,买盘
09:38:03,31.59,0.0,81,255912,买盘
09:38:07,31.58,-0.01,127,401110,卖盘
09:38:10,31.59,0.01,90,284239,买盘
09:38:13,31.58,-0.01,79,249515,中性盘
09:38:16,31.59,0.01,112,353699,买盘
09:38:18,31.6,0.01,247,780511,买盘
09:38:21,31.61,0.01,26,82164,买盘
09:38:25,31.65,0.04,495,1565573,买盘
09:38:29,31.63,-0.02,39,123436,卖盘
09:38:30,31.61,-0.02,28,88574,卖盘
09:38:34,31.63,0.02,81,256142,买盘
09:38:37,31.63,0.0,119,376349,买盘
09:38:41,31.62,-0.01,570,1802721,买盘
09:38:43,31.62,0.0,183,578609,买盘
09:38:45,31.61,-0.01,53,168460,卖盘
09:38:50,31.61,0.0,106,335168,卖盘
09:38:52,31.65,0.04,102,322560,买盘
09:38:56,31.65,0.0,94,297422,买盘
09:38:57,31.65,0.0,286,905002,买盘
09:39:02,31.65,0.0,254,803906,买盘
09:39:04,31.64,-0.01,69,218378,中性盘
09:39:08,31.68,0.04,17,53851,买盘
09:39:10,31.66,-0.02,125,395645,中性盘
09:39:12,31.65,-0.01,23,72791,中性盘
09:39:16,31.62,-0.03,38,120183,卖盘
09:39:19,31.65,0.03,55,173972,买盘
09:39:23,31.65,0.0,97,306857,买盘
09:39:26,31.62,-0.03,70,221384,卖盘
09:39:28,31.62,0.0,164,518608,卖盘
09:39:31,31.61,-0.01,99,313013,卖盘
09:39:34,31.62,0.01,15,47430,买盘
09:39:38,31.61,-0.01,57,179260,卖盘
09:39:40,31.61,0.0,76,240192,买盘
09:39:44,31.61,0.0,32,101133,买盘
09:39:46,31.6,-0.01,115,363450,卖盘
09:39:49,31.6,0.0,80,252800,买盘
09:39:52,31.61,0.01,149,470882,买盘
09:39:55,31.59,-0.02,250,790002,卖盘
09:39:58,31.59,0.0,81,255939,卖盘
09:40:01,31.59,0.0,76,240084,买盘
09:40:04,31.6,0.01,151,477144,买盘
09:40:06,31.62,0.02,317,1001997,买盘
09:40:10,31.64,0.02,134,423609,买盘
09:40:13,31.62,-0.02,215,680298,卖盘
09:40:16,31.62,0.0,106,335320,卖盘
09:40:18,31.65,0.03,104,329276,中性盘
09:40:22,31.69,0.04,119,376459,买盘
09:40:25,31.64,-0.05,105,332568,中性盘
09:40:27,31.65,0.01,15,47471,买盘
09:40:31,31.65,0.0,222,702630,买盘
09:40:34,31.66,0.01,122,386064,买盘
09:40:37,31.69,0.03,65,205892,买盘
09:40:39,31.69,0.0,29,91825,买盘
09:40:43,31.69,0.0,8,25348,买盘
09:40:46,31.66,-0.03,46,145762,中性盘
09:40:49,31.66,0.0,89,282037,卖盘
09:40:52,31.68,0.02,78,247105,买盘
09:40:55,31.66,-0.02,19,60172,卖盘
09:40:58,31.68,0.02,200,633588,买盘
09:41:00,31.66,-0.02,69,218552,卖盘
09:41:03,31.66,0.0,89,281775,买盘
09:41:07,31.66,0.0,82,259684,卖盘
09:41:10,31.65,-0.01,335,1061456,卖盘
09:41:13,31.67,0.02,355,1125137,中性盘
09:41:15,31.72,0.05,57,180712,买盘
09:41:18,31.7,-0.02,61,193449,卖盘
09:41:22,31.71,0.01,58,183902,中性盘
09:41:25,31.71,0.0,712,2257057,买盘
09:41:27,31.69,-0.02,256,811651,卖盘
09:41:31,31.66,-0.03,108,342158,卖盘
09:41:34,31.67,0.01,303,959606,买盘
09:41:36,31.66,-0.01,392,1241791,中性盘
09:41:40,31.67,0.01,74,234315,中性盘
09:41:44,31.66,-0.01,63,199500,卖盘
09:41:46,31.65,-0.01,385,1219538,卖盘
09:41:49,31.65,0.0,181,572979,买盘
09:41:51,31.64,-0.01,42,132893,中性盘
09:41:55,31.63,-0.01,89,281546,卖盘
09:41:57,31.66,0.03,683,2161192,买盘
09:42:01,31.66,0.0,196,620468,买盘
09:42:04,31.66,0.0,52,164586,买盘
09:42:07,31.65,-0.01,46,145595,卖盘
09:42:10,31.66,0.01,123,389343,买盘
09:42:12,31.69,0.03,243,769359,买盘
09:42:16,31.66,-0.03,129,408376,卖盘
09:42:18,31.66,0.0,90,284942,买盘
09:42:21,31.65,-0.01,56,177284,卖盘
09:42:25,31.66,0.01,318,1006562,买盘
09:42:28,31.67,0.01,116,367302,买盘
09:42:30,31.67,0.0,12,38004,卖盘
09:42:34,31.67,0.0,224,709409,卖盘
09:42:36,31.67,0.0,129,408549,卖盘
09:42:40,31.66,-0.01,33,104509,卖盘
09:42:43,31.67,0.01,5,15835,买盘
09:42:46,31.66,-0.01,7,22162,卖盘
09:42:49,31.66,0.0,5,15831,卖盘
09:42:51,31.65,-0.01,595,1883195,卖盘
09:42:55,31.66,0.01,238,753503,买盘
09:42:58,31.66,0.0,231,731346,卖盘
09:43:01,31.67,0.01,126,398956,买盘
09:43:05,31.66,-0.01,2,6332,买盘
09:43:06,31.65,-0.01,36,113969,卖盘
09:43:10,31.67,0.02,635,2010745,买盘
09:43:13,31.7,0.03,920,2914790,买盘
09:43:15,31.74,0.04,126,399631,买盘
09:43:19,31.7,-0.04,220,697996,卖盘
09:43:22,31.75,0.05,55,174771,中性盘
09:43:25,31.78,0.03,96,304368,买盘
09:43:28,31.77,-0.01,79,251022,中性盘
09:43:31,31.78,0.01,42,133443,买盘
09:43:34,31.8,0.02,205,651382,买盘
09:43:36,31.72,-0.08,42,133343,卖盘
09:43:40,31.75,0.03,86,272961,买盘
09:43:43,31.72,-0.03,95,301451,卖盘
09:43:46,31.75,0.03,28,88882,买盘
09:43:48,31.75,0.0,118,374461,买盘
09:43:51,31.72,-0.03,6,19047,卖盘
09:43:56,31.75,0.03,46,146050,买盘
09:43:58,31.75,0.0,10,31750,买盘
09:44:01,31.75,0.0,80,254000,买盘
09:44:04,31.75,0.0,87,276198,买盘
09:44:07,31.74,-0.01,55,174536,中性盘
09:44:10,31.74,0.0,20,63470,买盘
09:44:13,31.75,0.01,285,904769,买盘
09:44:16,31.77,0.02,55,174680,买盘
09:44:18,31.78,0.01,97,308152,买盘
09:44:22,31.78,0.0,183,581249,买盘
09:44:25,31.78,0.0,725,2304065,买盘
09:44:28,31.78,0.0,17,54026,买盘
09:44:31,31.79,0.01,33,104889,买盘
09:44:33,31.79,0.0,148,470354,买盘
09:44:37,31.79,0.0,54,171645,买盘
09:44:40,31.79,0.0,93,295557,买盘
09:44:43,31.8,0.01,244,775696,买盘
09:44:46,31.8,0.0,9,28620,卖盘
09:44:48,31.8,0.0,11,34987,卖盘
09:44:51,31.79,-0.01,300,953819,卖盘
09:44:54,31.78,-0.01,236,750199,卖盘
09:44:58,31.77,-0.01,10,31778,卖盘
09:45:00,31.78,0.01,88,279664,买盘
09:45:04,31.77,-0.01,57,181137,卖盘
09:45:07,31.78,0.01,175,555895,买盘
09:45:09,31.76,-0.02,17,53994,卖盘
09:45:13,31.77,0.01,33,104794,买盘
09:45:15,31.77,0.0,9,28587,买盘
09:45:19,31.77,0.0,250,794245,买盘
09:45:21,31.78,0.01,2,6354,买盘
09:45:25,31.77,-0.01,203,644824,买盘
09:45:28,31.76,-0.01,19,60344,卖盘
09:45:31,31.77,0.01,23,73071,买盘
09:45:34,31.8,0.03,1121,3562295,买盘
09:45:36,31.8,0.0,51,162181,卖盘
09:45:40,31.8,0.0,318,1011240,卖盘
09:45:43,31.81,0.01,289,919023,买盘
09:45:45,31.78,-0.03,153,486674,卖盘
09:45:49,31.78,0.0,7,22246,买盘
09:45:52,31.8,0.02,551,1752141,买盘
09:45:55,31.8,0.0,165,524695,买盘
09:45:58,31.79,-0.01,133,422934,卖盘
09:46:00,31.79,0.0,112,356020,买盘
09:46:04,31.8,0.01,66,209850,买盘
09:46:06,31.79,-0.01,85,270282,卖盘
09:46:10,31.8,0.01,384,1221109,买盘
09:46:13,31.81,0.01,115,365697,买盘
09:46:16,31.81,0.0,3,9543,卖盘
09:46:19,31.8,-0.01,27,85881,卖盘
09:46:22,31.8,0.0,26,82684,卖盘
09:46:25,31.8,0.0,79,251265,卖盘
09:46:27,31.8,0.0,92,292570,卖盘
09:46:31,31.8,0.0,12,38160,买盘
09:46:34,31.8,0.0,5,15900,买盘
09:46:37,31.8,0.0,14,44509,买盘
09:46:40,31.8,0.0,64,203502,买盘
09:46:43,31.8,0.0,143,454605,买盘
09:46:46,31.79,-0.01,30,95391,卖盘
09:46:48,31.8,0.01,7,22257,买盘
09:46:52,31.8,0.0,171,543769,买盘
09:46:55,31.79,-0.01,168,534109,卖盘
09:46:58,31.79,0.0,10,31795,卖盘
09:47:01,31.8,0.01,104,330625,买盘
09:47:04,31.79,-0.01,147,467313,卖盘
09:47:07,31.8,0.01,56,178038,买盘
09:47:10,31.79,-0.01,164,521470,卖盘
09:47:13,31.79,0.0,24,76298,卖盘
09:47:16,31.79,0.0,15,47685,买盘
09:47:19,31.79,0.0,44,139866,买盘
09:47:22,31.78,-0.01,12,38146,卖盘
09:47:25,31.79,0.01,48,152572,买盘
09:47:28,31.78,-0.01,40,127118,买盘
09:47:31,31.78,0.0,315,1000658,卖盘
09:47:34,31.76,-0.02,5,15884,卖盘
09:47:37,31.77,0.01,3,9531,买盘
09:47:40,31.76,-0.01,77,244556,卖盘
09:47:43,31.75,-0.01,70,222306,卖盘
09:47:46,31.75,0.0,19,60338,卖盘
09:47:48,31.75,0.0,16,50811,卖盘
09:47:52,31.75,0.0,137,434976,卖盘
09:47:55,31.75,0.0,134,425504,卖盘
09:47:58,31.75,0.0,24,76202,卖盘
09:48:00,31.75,0.0,282,895357,卖盘
09:48:04,31.75,0.0,560,1778066,卖盘
09:48:07,31.76,0.01,57,180978,买盘
09:48:10,31.75,-0.01,248,787401,卖盘
09:48:13,31.75,0.0,182,577853,卖盘
09:48:16,31.75,0.0,40,127009,卖盘
09:48:19,31.75,0.0,4,12702,卖盘
09:48:22,31.75,0.0,74,234950,卖盘
09:48:25,31.75,0.0,104,330240,卖盘
09:48:27,31.75,0.0,15,47631,卖盘
09:48:31,31.76,0.01,690,2191440,买盘
09:48:34,31.76,0.0,54,171504,卖盘
09:48:36,31.76,0.0,7,22232,卖盘
09:48:39,31.75,-0.01,234,743314,卖盘
09:48:42,31.76,0.01,172,546159,买盘
09:48:45,31.76,0.0,674,2140616,买盘
09:48:49,31.77,0.01,501,1591092,买盘
09:48:51,31.77,0.0,182,578087,买盘
09:48:55,31.78,0.01,255,809982,买盘
09:48:58,31.77,-0.01,81,257353,卖盘
09:49:01,31.77,0.0,38,120726,卖盘
09:49:03,31.77,0.0,253,803830,卖盘
09:49:07,31.77,0.0,70,222393,买盘
09:49:10,31.77,0.0,37,117571,卖盘
09:49:12,31.77,0.0,15,47655,卖盘
09:49:16,31.79,0.02,303,963240,买盘
09:49:19,31.78,-0.01,13,41324,卖盘
09:49:22,31.77,-0.01,20,63566,卖盘
09:49:25,31.8,0.03,74,235240,买盘
09:49:28,31.78,-0.02,27,85823,卖盘
09:49:31,31.78,0.0,2,6356,卖盘
09:49:34,31.78,0.0,28,88986,卖盘
09:49:37,31.78,0.0,11,34964,卖盘
09:49:40,31.78,0.0,44,139800,卖盘
09:49:43,31.77,-0.01,10,31776,卖盘
09:49:46,31.77,0.0,31,98490,卖盘
09:49:49,31.77,0.0,18,57186,卖盘
09:49:53,31.77,0.0,97,308186,卖盘
09:49:55,31.77,0.0,195,619409,买盘
09:49:58,31.77,0.0,237,752780,卖盘
09:50:01,31.78,0.01,179,571821,买盘
09:50:04,31.78,0.0,356,1131099,买盘
09:50:06,31.78,0.0,51,162062,买盘
09:50:09,31.77,-0.01,37,116215,卖盘
09:50:13,31.77,0.0,62,196988,卖盘
09:50:16,31.77,0.0,132,419437,卖盘
09:50:19,31.78,0.01,159,505216,买盘
09:50:21,31.77,-0.01,264,838846,卖盘
09:50:25,31.8,0.03,661,2101938,买盘
09:50:28,31.81,0.01,254,807799,买盘
09:50:31,31.83,0.02,133,423200,买盘
09:50:34,31.84,0.01,255,811817,买盘
09:50:37,31.86,0.02,327,1041294,买盘
09:50:40,31.86,0.0,149,474621,买盘
09:50:43,31.87,0.01,158,503512,买盘
09:50:45,31.88,0.01,105,334663,买盘
09:50:49,31.88,0.0,88,280466,买盘
09:50:52,31.87,-0.01,121,385737,卖盘
09:50:55,31.88,0.01,237,755549,买盘
09:50:58,31.86,-0.02,137,436774,卖盘
09:51:00,31.89,0.03,118,376281,买盘
09:51:04,31.87,-0.02,112,357056,卖盘
09:51:07,31.88,0.01,68,216711,买盘
09:51:10,31.88,0.0,123,392051,买盘
09:51:13,31.89,0.01,189,602596,买盘
09:51:16,31.87,-0.02,164,522752,卖盘
09:51:18,31.87,0.0,140,446201,买盘
09:51:23,31.87,0.0,241,768118,卖盘
09:51:25,31.89,0.02,148,471997,买盘
09:51:28,31.88,-0.01,458,1460898,卖盘
09:51:31,31.9,0.02,42,133979,买盘
09:51:34,31.89,-0.01,307,979233,卖盘
09:51:37,31.9,0.01,589,1878999,买盘
09:51:40,31.92,0.02,151,481896,中性盘
09:51:43,31.93,0.01,70,223372,卖盘
09:51:46,31.93,0.0,124,395515,买盘
09:51:49,31.92,-0.01,15,47880,中性盘
09:51:53,31.92,0.0,19,60648,买盘
09:51:55,31.94,0.02,186,593702,买盘
09:51:58,31.94,0.0,209,667461,卖盘
09:52:01,31.92,-0.02,48,153247,卖盘
09:52:04,31.93,0.01,80,255380,买盘
09:52:07,31.89,-0.04,156,498059,卖盘
09:52:09,31.9,0.01,89,283908,中性盘
09:52:13,31.89,-0.01,19,60607,卖盘
09:52:16,31.9,0.01,51,162690,买盘
09:52:19,31.9,0.0,38,121216,买盘
09:52:22,31.9,0.0,30,95691,买盘
09:52:25,31.92,0.02,118,376451,买盘
09:52:28,31.88,-0.04,207,660306,卖盘
09:52:31,31.89,0.01,96,306016,买盘
09:52:34,31.88,-0.01,32,102026,卖盘
09:52:37,31.87,-0.01,105,334655,卖盘
09:52:40,31.86,-0.01,99,315603,卖盘
09:52:43,31.86,0.0,29,92396,卖盘
09:52:46,31.87,0.01,9,28683,买盘
09:52:49,31.86,-0.01,3,9560,卖盘
09:52:52,31.87,0.01,22,70100,买盘
09:52:55,31.87,0.0,84,267559,买盘
09:52:58,31.86,-0.01,71,226204,买盘
09:53:01,31.85,-0.01,19,60525,中性盘
09:53:04,31.82,-0.03,46,146372,买盘
09:53:07,31.82,0.0,17,54097,卖盘
09:53:13,31.82,0.0,57,181369,买盘
09:53:16,31.8,-0.02,8,25450,卖盘
09:53:19,31.81,0.01,43,136783,买盘
09:53:23,31.82,0.01,138,439006,买盘
09:53:25,31.82,0.0,26,82732,卖盘
09:53:27,31.83,0.01,21,66823,买盘
09:53:31,31.82,-0.01,15,47732,卖盘
09:53:34,31.83,0.01,56,178194,买盘
09:53:37,31.85,0.02,208,662107,买盘
09:53:40,31.85,0.0,15,47775,卖盘
09:53:43,31.85,0.0,126,401310,卖盘
09:53:45,31.83,-0.02,16,50942,卖盘
09:53:49,31.83,0.0,30,95499,卖盘
09:53:53,31.83,0.0,61,194219,中性盘
09:53:55,31.83,0.0,39,124136,买盘
09:53:58,31.83,0.0,18,57272,买盘
09:54:01,31.82,-0.01,25,79542,中性盘
09:54:04,31.82,0.0,36,114551,买盘
09:54:08,31.82,0.0,116,368984,买盘
09:54:10,31.82,0.0,35,111358,买盘
09:54:13,31.8,-0.02,28,89034,买盘
09:54:16,31.8,0.0,17,54060,买盘
09:54:19,31.8,0.0,292,928518,买盘
09:54:23,31.8,0.0,58,184440,卖盘
09:54:25,31.81,0.01,103,327575,买盘
09:54:28,31.82,0.01,20,63628,买盘
09:54:31,31.81,-0.01,14,44534,卖盘
09:54:34,31.81,0.0,71,225853,卖盘
09:54:36,31.81,0.0,55,174957,买盘
09:54:40,31.83,0.02,515,1638235,买盘
09:54:44,31.81,-0.02,159,505678,中性盘
09:54:46,31.81,0.0,156,496241,卖盘
09:54:49,31.81,0.0,79,251249,买盘
09:54:52,31.82,0.01,214,680862,买盘
09:54:55,31.83,0.01,26,82756,买盘
09:54:58,31.83,0.0,176,560105,买盘
09:55:01,31.82,-0.01,53,168646,卖盘
09:55:04,31.82,0.0,59,187736,中性盘
09:55:07,31.82,0.0,55,175010,买盘
09:55:10,31.81,-0.01,33,105000,卖盘
09:55:13,31.81,0.0,41,130421,卖盘
09:55:16,31.81,0.0,14,44530,买盘
09:55:19,31.8,-0.01,134,426155,卖盘
09:55:23,31.81,0.01,25,79525,买盘
09:55:25,31.82,0.01,265,843004,买盘
09:55:28,31.81,-0.01,8,25449,卖盘
09:55:30,31.82,0.01,68,216311,买盘
09:55:34,31.81,-0.01,271,861962,卖盘
09:55:38,31.81,0.0,14,44535,卖盘
09:55:40,31.8,-0.01,515,1637790,卖盘
09:55:43,31.81,0.01,63,200348,买盘
09:55:46,31.8,-0.01,214,680522,卖盘
09:55:50,31.8,0.0,75,238495,买盘
09:55:52,31.8,0.0,1,3180,买盘
09:55:55,31.78,-0.02,14,44508,卖盘
09:55:58,31.78,0.0,51,162169,卖盘
09:56:01,31.79,0.01,11,34969,中性盘
09:56:04,31.79,0.0,5,15895,买盘
09:56:08,31.78,-0.01,19,60394,卖盘
09:56:10,31.78,0.0,121,384636,卖盘
09:56:13,31.79,0.01,14,44506,买盘
09:56:16,31.78,-0.01,103,327452,卖盘
09:56:19,31.8,0.02,62,197108,买盘
09:56:22,31.8,0.0,219,696413,买盘
09:56:25,31.81,0.01,68,216308,买盘
09:56:28,31.84,0.03,296,941853,买盘
09:56:32,31.84,0.0,89,284213,买盘
09:56:33,31.84,0.0,120,381130,卖盘
09:56:38,31.84,0.0,24,76416,买盘
09:56:40,31.84,0.0,34,108234,买盘
09:56:44,31.81,-0.03,197,626807,卖盘
09:56:46,31.81,0.0,86,273566,买盘
09:56:49,31.81,0.0,153,486586,买盘
09:56:53,31.81,0.0,87,276747,买盘
09:56:55,31.81,0.0,49,155865,买盘
09:56:58,31.78,-0.03,361,1147684,卖盘
09:57:01,31.81,0.03,1,3181,中性盘
09:57:04,31.82,0.01,7,22273,中性盘
09:57:08,31.82,0.0,39,124117,卖盘
09:57:10,31.82,0.0,29,92298,卖盘
09:57:13,31.83,0.01,146,464693,买盘
09:57:16,31.82,-0.01,15,47731,卖盘
09:57:19,31.83,0.01,11,35013,买盘
09:57:23,31.82,-0.01,1,3182,卖盘
09:57:25,31.83,0.01,9,28647,买盘
09:57:28,31.83,0.0,23,73204,买盘
09:57:30,31.83,0.0,68,216444,买盘
09:57:35,31.83,0.0,45,143261,卖盘
09:57:38,31.84,0.01,37,117808,买盘
09:57:41,31.84,0.0,28,89146,买盘
09:57:44,31.85,0.01,188,598678,买盘
09:57:46,31.84,-0.01,24,76428,卖盘
09:57:49,31.85,0.01,14,44588,买盘
09:57:52,31.85,0.0,35,111475,买盘
09:57:55,31.85,0.0,108,343903,买盘
09:57:58,31.85,0.0,178,566895,买盘
09:58:01,31.87,0.02,57,181606,买盘
09:58:04,31.88,0.01,47,149834,买盘
09:58:08,31.87,-0.01,9,28683,卖盘
09:58:10,31.88,0.01,49,156189,买盘
09:58:13,31.88,0.0,157,500495,买盘
09:58:16,31.87,-0.01,74,235850,卖盘
09:58:18,31.88,0.01,57,181691,买盘
09:58:21,31.86,-0.02,29,92397,卖盘
09:58:24,31.87,0.01,17,54179,买盘
09:58:29,31.86,-0.01,82,261255,卖盘
09:58:32,31.87,0.01,43,137040,买盘
09:58:35,31.87,0.0,8,25496,买盘
09:58:38,31.86,-0.01,165,525690,卖盘
09:58:40,31.87,0.01,75,239012,买盘
09:58:44,31.87,0.0,134,427135,买盘
09:58:46,31.87,0.0,9,28684,卖盘
09:58:49,31.87,0.0,73,232650,卖盘
09:58:53,31.87,0.0,346,1103306,买盘
09:58:56,31.86,-0.01,144,458801,卖盘
09:58:59,31.86,0.0,74,235764,买盘
09:59:02,31.86,0.0,291,926921,买盘
09:59:08,31.86,0.0,87,277151,买盘
09:59:11,31.85,-0.01,229,728346,卖盘
09:59:13,31.85,0.0,192,611541,买盘
09:59:16,31.85,0.0,12,38220,买盘
09:59:19,31.85,0.0,544,1732655,买盘
09:59:23,31.85,0.0,27,86016,卖盘
09:59:26,31.85,0.0,15,47775,买盘
09:59:29,31.84,-0.01,11,35024,卖盘
09:59:32,31.84,0.0,74,235616,卖盘
09:59:35,31.83,-0.01,120,382004,卖盘
09:59:38,31.82,-0.01,74,235554,卖盘
09:59:41,31.83,0.01,72,229176,买盘
09:59:44,31.81,-0.02,235,747607,卖盘
09:59:48,31.8,-0.01,3,9541,卖盘
09:59:50,31.8,0.0,343,1091078,卖盘
09:59:53,31.81,0.01,191,607571,买盘
09:59:56,31.81,0.0,17,54082,卖盘
09:59:59,31.81,0.0,15,47722,卖盘
10:00:02,31.81,0.0,3,9543,卖盘
10:00:05,31.82,0.01,91,289480,买盘
10:00:08,31.81,-0.01,3,9545,卖盘
10:00:11,31.82,0.01,58,184549,买盘
10:00:14,31.83,0.01,67,213201,买盘
10:00:17,31.83,0.0,70,222810,卖盘
10:00:20,31.83,0.0,7,22281,卖盘
10:00:23,31.84,0.01,34,108235,买盘
10:00:25,31.83,-0.01,44,140050,卖盘
10:00:29,31.83,0.0,20,63646,买盘
10:00:32,31.82,-0.01,32,101845,卖盘
10:00:35,31.83,0.01,38,120948,买盘
10:00:38,31.81,-0.02,43,136785,卖盘
10:00:41,31.8,-0.01,60,190833,卖盘
10:00:44,31.8,0.0,39,124021,卖盘
10:00:47,31.81,0.01,148,470946,买盘
10:00:50,31.8,-0.01,59,187620,卖盘
10:00:53,31.8,0.0,31,98578,买盘
10:00:55,31.8,0.0,45,143099,买盘
10:00:58,31.78,-0.02,44,139896,卖盘
10:01:02,31.78,0.0,55,174800,卖盘
10:01:04,31.78,0.0,108,343235,卖盘
10:01:08,31.8,0.02,2,6360,买盘
10:01:11,31.79,-0.01,123,390910,卖盘
10:01:14,31.78,-0.01,54,171615,卖盘
10:01:17,31.81,0.03,107,340176,买盘
10:01:20,31.78,-0.03,173,550099,卖盘
10:01:26,31.81,0.03,2,6362,买盘
10:01:29,31.78,-0.03,70,222539,卖盘
10:01:32,31.77,-0.01,167,530628,卖盘
10:01:35,31.79,0.02,11,34972,中性盘
10:01:37,31.78,-0.01,83,265064,卖盘
10:01:41,31.78,0.0,27,85806,卖盘
10:01:44,31.78,0.0,49,155710,买盘
10:01:47,31.78,0.0,138,438579,买盘
10:01:50,31.78,0.0,13,41314,买盘
10:01:53,31.78,0.0,12,38136,卖盘
10:01:56,31.78,0.0,32,101713,卖盘
10:01:59,31.79,0.01,27,85830,买盘
10:02:02,31.79,0.0,8,25431,卖盘
10:02:05,31.8,0.01,31,97205,买盘
10:02:08,31.8,0.0,24,76307,买盘
10:02:11,31.8,0.0,28,89020,中性盘
10:02:13,31.77,-0.03,53,169798,卖盘
10:02:17,31.8,0.03,150,475231,买盘
10:02:20,31.77,-0.03,138,438525,卖盘
10:02:23,31.78,0.01,69,219263,中性盘
10:02:26,31.78,0.0,17,54025,买盘
10:02:29,31.8,0.02,36,114473,买盘
10:02:31,31.84,0.04,26,82774,买盘
10:02:35,31.78,-0.06,135,429114,卖盘
10:02:38,31.8,0.02,4,12718,中性盘
10:02:41,31.78,-0.02,5,15890,卖盘
10:02:44,31.78,0.0,65,206570,卖盘
10:02:47,31.78,0.0,158,502391,卖盘
10:02:50,31.79,0.01,3,9537,中性盘
10:02:52,31.79,0.0,78,247889,买盘
10:02:56,31.79,0.0,94,298713,买盘
10:02:59,31.78,-0.01,40,127097,中性盘
10:03:02,31.78,0.0,9,28602,买盘
10:03:05,31.78,0.0,188,597254,买盘
10:03:08,31.78,0.0,18,57204,买盘
10:03:11,31.77,-0.01,56,177967,卖盘
10:03:14,31.78,0.01,62,196990,买盘
10:03:16,31.78,0.0,210,667622,买盘
10:03:20,31.78,0.0,8,25424,卖盘
10:03:23,31.77,-0.01,122,387739,卖盘
10:03:26,31.77,0.0,40,127080,买盘
10:03:29,31.76,-0.01,27,85807,中性盘
10:03:31,31.75,-0.01,66,209575,卖盘
10:03:35,31.75,0.0,138,438222,卖盘
10:03:38,31.8,0.05,23,73108,买盘
10:03:40,31.8,0.0,3,9540,买盘
10:03:44,31.8,0.0,1,3180,买盘
10:03:47,31.81,0.01,100,318016,买盘
10:03:50,31.81,0.0,21,66803,卖盘
10:03:52,31.78,-0.03,31,98578,卖盘
10:03:56,31.82,0.04,30,95455,买盘
10:03:59,31.77,-0.05,341,1084219,卖盘
10:04:02,31.77,0.0,210,667036,卖盘
10:04:05,31.81,0.04,38,120910,中性盘
10:04:07,31.77,-0.04,125,397242,卖盘
10:04:10,31.82,0.05,180,571885,买盘
10:04:14,31.77,-0.05,59,187443,卖盘
10:04:17,31.81,0.04,57,181313,买盘
10:04:19,31.82,0.01,79,251354,买盘
10:04:22,31.81,-0.01,82,260893,卖盘
10:04:26,31.82,0.01,130,413465,买盘
10:04:29,31.8,-0.02,9,28620,中性盘
10:04:32,31.8,0.0,20,63618,买盘
10:04:35,31.77,-0.03,38,120847,卖盘
10:04:38,31.81,0.04,7,22243,买盘
10:04:41,31.75,-0.06,114,362088,卖盘
10:04:44,31.77,0.02,17,54009,中性盘
10:04:46,31.82,0.05,122,387944,买盘
10:04:50,31.8,-0.02,13,41349,中性盘
10:04:53,31.77,-0.03,11,34963,卖盘
10:04:56,31.81,0.04,16,50896,买盘
10:04:59,31.78,-0.03,18,57232,卖盘
10:05:02,31.78,0.0,17,54030,卖盘
10:05:05,31.8,0.02,7,22260,买盘
10:05:08,31.8,0.0,31,98520,买盘
10:05:11,31.8,0.0,15,47702,卖盘
10:05:13,31.82,0.02,45,143125,买盘
10:05:17,31.8,-0.02,139,442196,卖盘
10:05:19,31.81,0.01,3,9541,买盘
10:05:23,31.8,-0.01,51,162180,中性盘
10:05:26,31.81,0.01,4,12724,买盘
10:05:29,31.79,-0.02,173,550130,卖盘
10:05:32,31.79,0.0,30,95360,买盘
10:05:35,31.77,-0.02,30,95325,卖盘
10:05:37,31.78,0.01,83,263747,中性盘
10:05:44,31.8,0.02,136,432280,买盘
10:05:47,31.79,-0.01,133,422764,买盘
10:05:53,31.8,0.01,161,511848,买盘
10:05:56,31.78,-0.02,39,123932,卖盘
10:05:59,31.75,-0.03,9,28593,卖盘
10:06:02,31.77,0.02,24,76279,卖盘
10:06:04,31.78,0.01,166,527689,买盘
10:06:08,31.77,-0.01,21,66732,卖盘
10:06:11,31.78,0.01,6,19068,买盘
10:06:14,31.78,0.0,2,6356,买盘
10:06:17,31.8,0.02,139,441804,买盘
10:06:20,31.8,0.0,544,1729920,买盘
10:06:23,31.8,0.0,55,174919,卖盘
10:06:26,31.8,0.0,11,34986,卖盘
10:06:29,31.81,0.01,17,54068,买盘
10:06:32,31.8,-0.01,94,298922,卖盘
10:06:35,31.8,0.0,100,318000,卖盘
10:06:38,31.8,0.0,99,314822,卖盘
10:06:41,31.81,0.01,125,397548,买盘
10:06:44,31.81,0.0,58,184444,买盘
10:06:46,31.82,0.01,130,413572,买盘
10:06:50,31.81,-0.01,17,54067,中性盘
10:06:53,31.8,-0.01,24,76353,卖盘
10:06:56,31.81,0.01,4,12727,卖盘
10:06:58,31.82,0.01,64,203566,买盘
10:07:02,31.8,-0.02,4,12720,中性盘
10:07:05,31.79,-0.01,26,82669,卖盘
10:07:08,31.8,0.01,1,3180,买盘
10:07:11,31.79,-0.01,27,85854,卖盘
10:07:16,31.79,0.0,111,352979,卖盘
10:07:20,31.79,0.0,110,349732,卖盘
10:07:23,31.79,0.0,45,143068,卖盘
10:07:26,31.81,0.02,20,63615,买盘
10:07:29,31.81,0.0,5,15905,买盘
10:07:31,31.79,-0.02,43,136731,卖盘
10:07:35,31.8,0.01,62,197100,买盘
10:07:38,31.81,0.01,38,120825,买盘
10:07:41,31.78,-0.03,103,327426,卖盘
10:07:43,31.79,0.01,34,108054,买盘
10:07:46,31.81,0.02,143,454641,买盘
10:07:53,31.8,-0.01,27,85812,买盘
10:07:56,31.81,0.01,70,222670,买盘
10:07:59,31.81,0.0,105,334003,买盘
10:08:02,31.8,-0.01,38,120788,卖盘
10:08:05,31.8,0.0,52,165346,买盘
10:08:08,31.8,0.0,22,69957,买盘
10:08:11,31.8,0.0,41,130361,买盘
10:08:14,31.81,0.01,140,445153,买盘
10:08:17,31.81,0.0,82,260774,买盘
10:08:20,31.81,0.0,220,699905,卖盘
10:08:23,31.8,-0.01,116,368891,卖盘
10:08:26,31.81,0.01,8,25448,买盘
10:08:28,31.84,0.03,445,1416879,买盘
10:08:32,31.84,0.0,129,410741,买盘
10:08:35,31.85,0.01,222,707050,买盘
10:08:38,31.85,0.0,195,620922,买盘
10:08:41,31.83,-0.02,5,15915,卖盘
10:08:43,31.83,0.0,61,194165,卖盘
10:08:47,31.84,0.01,269,856496,买盘
10:08:49,31.85,0.01,165,525239,买盘
10:08:52,31.84,-0.01,194,617735,卖盘
10:08:56,31.86,0.02,2,6372,买盘
10:08:59,31.85,-0.01,14,44594,中性盘
10:09:01,31.86,0.01,192,611439,买盘
10:09:05,31.85,-0.01,50,159299,中性盘
10:09:08,31.86,0.01,45,143364,买盘
10:09:11,31.86,0.0,478,1522916,卖盘
10:09:14,31.86,0.0,162,515857,卖盘
10:09:17,31.87,0.01,143,455715,买盘
10:09:20,31.86,-0.01,10,31860,中性盘
10:09:22,31.85,-0.01,150,477756,卖盘
10:09:25,31.86,0.01,54,172024,买盘
10:09:28,31.86,0.0,18,57347,买盘
10:09:31,31.86,0.0,9,28673,买盘
10:09:35,31.86,0.0,1,3186,买盘
10:09:37,31.86,0.0,15,47790,买盘
10:09:41,31.86,0.0,86,273925,买盘
10:09:43,31.84,-0.02,8,25479,卖盘
10:09:47,31.85,0.01,129,410865,买盘
10:09:49,31.84,-0.01,154,490465,卖盘
10:09:53,31.84,0.0,61,194220,卖盘
10:09:56,31.84,0.0,4,12736,买盘
10:09:58,31.84,0.0,102,324668,买盘
10:10:01,31.83,-0.01,672,2139476,卖盘
10:10:05,31.84,0.01,74,235608,买盘
10:10:08,31.83,-0.01,16,50943,卖盘
10:10:10,31.83,0.0,60,190984,卖盘
10:10:14,31.83,0.0,60,190980,卖盘
10:10:17,31.84,0.01,209,665355,买盘
10:10:20,31.83,-0.01,11,35014,卖盘
10:10:23,31.84,0.01,95,302439,买盘
10:10:26,31.84,0.0,2,6368,买盘
10:10:29,31.83,-0.01,27,85965,卖盘
10:10:32,31.83,0.0,115,366045,卖盘
10:10:35,31.84,0.01,5,15919,买盘
10:10:38,31.82,-0.02,16,50127,卖盘
10:10:40,31.83,0.01,1,3183,买盘
10:10:44,31.83,0.0,45,143235,买盘
10:10:46,31.83,0.0,127,404240,买盘
10:10:50,31.82,-0.01,8,25456,卖盘
10:10:53,31.82,0.0,24,76367,买盘
10:10:56,31.81,-0.01,26,82712,卖盘
10:10:59,31.8,-0.01,5,15902,卖盘
10:11:01,31.82,0.02,171,543875,买盘
10:11:05,31.8,-0.02,9,28626,卖盘
10:11:08,31.81,0.01,6,19081,买盘
10:11:11,31.8,-0.01,126,400668,卖盘
10:11:14,31.8,0.0,1,3180,买盘
10:11:17,31.8,0.0,114,362505,买盘
10:11:20,31.8,0.0,61,193980,买盘
10:11:23,31.8,0.0,104,330536,买盘
10:11:25,31.8,0.0,644,2047846,买盘
10:11:29,31.81,0.01,2,6362,买盘
10:11:32,31.8,-0.01,112,356187,卖盘
10:11:35,31.81,0.01,9,28629,买盘
10:11:38,31.8,-0.01,6,19080,卖盘
10:11:41,31.81,0.01,16,50896,买盘
10:11:43,31.81,0.0,70,222614,买盘
10:11:47,31.8,-0.01,10,31800,卖盘
10:11:50,31.8,0.0,127,403986,卖盘
10:11:53,31.81,0.01,2,6362,买盘
10:11:56,31.8,-0.01,38,120848,卖盘
10:11:59,31.81,0.01,5,15905,买盘
10:12:02,31.8,-0.01,49,155823,卖盘
10:12:05,31.8,0.0,6,19080,卖盘
10:12:08,31.81,0.01,101,321281,买盘
10:12:11,31.8,-0.01,20,63605,卖盘
10:12:13,31.8,0.0,44,139920,卖盘
10:12:17,31.81,0.01,74,235394,买盘
10:12:20,31.8,-0.01,129,410471,卖盘
10:12:23,31.84,0.04,54,171822,买盘
10:12:25,31.81,-0.03,4,12730,中性盘
10:12:29,31.8,-0.01,13,41352,卖盘
10:12:34,31.81,0.01,2,6362,买盘
10:12:38,31.81,0.0,59,187673,买盘
10:12:41,31.81,0.0,1,3181,买盘
10:12:44,31.8,-0.01,37,117660,卖盘
10:12:47,31.8,0.0,35,111329,卖盘
10:12:50,31.82,0.02,107,340438,买盘
10:12:53,31.82,0.0,39,124074,卖盘
10:12:56,31.82,0.0,13,41366,卖盘
10:12:59,31.83,0.01,1,3183,买盘
10:13:01,31.82,-0.01,16,50914,卖盘
10:13:11,31.83,0.01,69,219577,买盘
10:13:14,31.82,-0.01,134,426273,买盘
10:13:16,31.8,-0.02,169,537570,卖盘
10:13:20,31.82,0.02,109,346757,买盘
10:13:23,31.81,-0.01,22,69985,买盘
10:13:26,31.81,0.0,7,22267,买盘
10:13:29,31.81,0.0,2,6362,买盘
10:13:32,31.8,-0.01,219,696422,卖盘
10:13:35,31.8,0.0,5,15900,买盘
10:13:38,31.79,-0.01,18,57222,卖盘
10:13:40,31.78,-0.01,66,209779,卖盘
10:13:43,31.78,0.0,54,171612,买盘
10:13:47,31.79,0.01,15,47672,买盘
10:13:50,31.78,-0.01,171,543601,卖盘
10:13:53,31.78,0.0,97,308269,卖盘
10:13:56,31.78,0.0,34,108057,卖盘
10:13:58,31.78,0.0,53,168435,卖盘
10:14:02,31.78,0.0,91,289199,卖盘
10:14:05,31.78,0.0,14,44496,卖盘
10:14:08,31.78,0.0,6,19068,卖盘
10:14:11,31.78,0.0,173,549799,卖盘
10:14:16,31.78,0.0,14,44492,卖盘
10:14:20,31.78,0.0,153,486432,卖盘
10:14:23,31.78,0.0,50,158904,卖盘
10:14:25,31.78,0.0,36,114408,卖盘
10:14:32,31.77,-0.01,54,171568,卖盘
10:14:34,31.78,0.01,78,247811,买盘
10:14:38,31.77,-0.01,5,15885,卖盘
10:14:41,31.76,-0.01,5,15880,卖盘
10:14:44,31.77,0.01,36,114366,买盘
10:14:47,31.77,0.0,31,98487,买盘
10:14:50,31.78,0.01,103,327248,买盘
10:14:51,31.76,-0.02,52,165219,卖盘
10:14:56,31.78,0.02,3,9532,中性盘
10:14:59,31.78,0.0,8,25425,卖盘
10:15:01,31.78,0.0,9,28602,买盘
10:15:05,31.78,0.0,41,130298,买盘
10:15:08,31.78,0.0,3,9534,卖盘
10:15:11,31.78,0.0,11,34962,卖盘
10:15:13,31.77,-0.01,38,120760,卖盘
10:15:17,31.78,0.01,1,3178,买盘
10:15:20,31.77,-0.01,69,219262,卖盘
10:15:23,31.78,0.01,22,69482,买盘
10:15:26,31.79,0.01,36,114422,买盘
10:15:29,31.78,-0.01,15,47658,中性盘
10:15:32,31.78,0.0,64,203346,买盘
10:15:35,31.78,0.0,26,82628,卖盘
10:15:38,31.78,0.0,51,162072,买盘
10:15:41,31.78,0.0,4,12712,买盘
10:15:44,31.78,0.0,56,177928,买盘
10:15:47,31.78,0.0,7,22245,买盘
10:15:53,31.77,-0.01,55,175149,卖盘
10:15:55,31.77,0.0,4,12708,买盘
10:16:02,31.77,0.0,102,324012,买盘
10:16:05,31.77,0.0,4,12708,买盘
10:16:08,31.75,-0.02,147,466737,卖盘
10:16:11,31.77,0.02,54,171504,买盘
10:16:14,31.74,-0.03,102,323942,卖盘
10:16:17,31.75,0.01,1,3175,买盘
10:16:20,31.74,-0.01,5,15870,卖盘
10:16:23,31.74,0.0,59,187266,卖盘
10:16:26,31.74,0.0,8,25392,买盘
10:16:29,31.73,-0.01,7,22211,卖盘
10:16:35,31.74,0.01,2,6347,买盘
10:16:38,31.74,0.0,35,111079,买盘
10:16:40,31.73,-0.01,20,63460,卖盘
10:16:43,31.74,0.01,112,355379,买盘
10:16:47,31.73,-0.01,49,155477,卖盘
10:16:50,31.72,-0.01,122,387095,卖盘
10:16:56,31.73,0.01,6,19038,买盘
10:17:02,31.73,0.0,102,323606,买盘
10:17:05,31.7,-0.03,144,456755,卖盘
10:17:08,31.7,0.0,4,12682,卖盘
10:17:10,31.71,0.01,6,19026,买盘
10:17:14,31.71,0.0,30,95102,买盘
10:17:17,31.71,0.0,1,3171,买盘
10:17:20,31.69,-0.02,103,326492,卖盘
10:17:23,31.7,0.01,22,69721,买盘
10:17:26,31.7,0.0,9,28530,买盘
10:17:29,31.68,-0.02,6,19012,卖盘
10:17:32,31.69,0.01,8,25352,买盘
10:17:35,31.69,0.0,32,101384,买盘
10:17:37,31.68,-0.01,24,76054,卖盘
10:17:41,31.69,0.01,51,161573,买盘
10:17:44,31.69,0.0,12,38026,买盘
10:17:47,31.68,-0.01,9,28512,中性盘
10:17:50,31.68,0.0,15,47520,买盘
10:17:53,31.67,-0.01,137,433880,卖盘
10:17:55,31.68,0.01,6,19008,买盘
10:17:58,31.68,0.0,14,44345,买盘
10:18:02,31.69,0.01,229,725462,买盘
10:18:05,31.69,0.0,41,129925,卖盘
10:18:08,31.69,0.0,7,22179,买盘
10:18:10,31.69,0.0,16,50696,买盘
10:18:14,31.69,0.0,267,846450,买盘
10:18:17,31.69,0.0,1,3169,卖盘
10:18:19,31.73,0.04,16,50768,买盘
10:18:23,31.69,-0.04,285,902984,卖盘
10:18:25,31.72,0.03,7,22198,买盘
10:18:28,31.72,0.0,14,44398,买盘
10:18:31,31.69,-0.03,17,53892,卖盘
10:18:35,31.68,-0.01,10,31681,卖盘
10:18:37,31.69,0.01,9,28521,买盘
10:18:40,31.68,-0.01,8,25346,卖盘
10:18:43,31.68,0.0,102,323136,卖盘
10:18:47,31.68,0.0,15,47520,买盘
10:18:50,31.68,0.0,2,6336,买盘
10:18:52,31.67,-0.01,1,3167,卖盘
10:18:55,31.67,0.0,47,148897,卖盘
10:18:58,31.68,0.01,12,38016,买盘
10:19:01,31.68,0.0,173,547937,买盘
10:19:05,31.66,-0.02,22,69680,卖盘
10:19:07,31.66,0.0,21,66488,卖盘
10:19:10,31.66,0.0,25,79160,卖盘
10:19:14,31.66,0.0,78,246948,卖盘
10:19:17,31.67,0.01,21,66488,买盘
10:19:20,31.66,-0.01,173,547723,卖盘
10:19:22,31.67,0.01,194,614328,买盘
10:19:25,31.68,0.01,6,19006,买盘
10:19:28,31.68,0.0,72,228029,买盘
10:19:31,31.67,-0.01,62,196354,卖盘
10:19:35,31.67,0.0,4,12669,卖盘
10:19:38,31.68,0.01,13,41178,买盘
10:19:41,31.68,0.0,11,34842,买盘
10:19:44,31.67,-0.01,16,50672,卖盘
10:19:47,31.67,0.0,2,6334,买盘
10:19:49,31.67,0.0,4,12668,买盘
10:19:53,31.67,0.0,158,500381,买盘
10:19:56,31.68,0.01,4,12672,买盘
10:19:58,31.67,-0.01,3,9501,卖盘
10:20:01,31.67,0.0,86,272426,卖盘
10:20:05,31.68,0.01,46,145730,买盘
10:20:08,31.68,0.0,11,34848,卖盘
10:20:10,31.68,0.0,52,164740,卖盘
10:20:14,31.68,0.0,45,142541,卖盘
10:20:17,31.67,-0.01,100,316705,卖盘
10:20:20,31.68,0.01,55,174192,买盘
10:20:23,31.67,-0.01,19,60172,卖盘
10:20:25,31.65,-0.02,47,148802,卖盘
10:20:29,31.64,-0.01,312,987635,卖盘
10:20:32,31.64,0.0,28,88588,买盘
10:20:33,31.62,-0.02,48,151792,卖盘
10:20:38,31.62,0.0,442,1397217,卖盘
10:20:41,31.6,-0.02,394,1245086,卖盘
10:20:44,31.58,-0.02,202,638076,卖盘
10:20:47,31.58,0.0,73,230520,卖盘
10:20:49,31.55,-0.03,76,239810,卖盘
10:20:52,31.55,0.0,131,413307,卖盘
10:20:56,31.55,0.0,50,157754,卖盘
10:20:59,31.55,0.0,43,135662,卖盘
10:21:01,31.52,-0.03,131,413064,卖盘
10:21:05,31.55,0.03,78,246025,买盘
10:21:08,31.55,0.0,72,227104,买盘
10:21:11,31.55,0.0,5,15775,买盘
10:21:14,31.52,-0.03,22,69367,卖盘
10:21:17,31.55,0.03,43,135598,买盘
10:21:20,31.53,-0.02,39,122996,卖盘
10:21:22,31.56,0.03,373,1176279,买盘
10:21:26,31.56,0.0,420,1325475,买盘
10:21:29,31.57,0.01,73,230391,买盘
10:21:31,31.55,-0.02,216,681778,卖盘
10:21:35,31.59,0.04,123,388261,买盘
10:21:37,31.56,-0.03,45,142052,卖盘
10:21:41,31.57,0.01,68,214644,买盘
10:21:44,31.57,0.0,100,315700,买盘
10:21:46,31.57,0.0,63,198883,买盘
10:21:49,31.58,0.01,27,85251,买盘
10:21:53,31.58,0.0,52,164177,买盘
10:21:56,31.57,-0.01,18,56840,中性盘
10:21:59,31.58,0.01,25,78930,买盘
10:22:02,31.58,0.0,123,388443,买盘
10:22:05,31.58,0.0,101,319014,卖盘
10:22:07,31.59,0.01,25,78928,买盘
10:22:11,31.59,0.0,17,53703,买盘
10:22:14,31.59,0.0,35,110534,买盘
10:22:17,31.59,0.0,74,233618,买盘
10:22:19,31.59,0.0,53,167412,买盘
10:22:23,31.59,0.0,22,69481,买盘
10:22:26,31.55,-0.04,63,198805,卖盘
10:22:29,31.59,0.04,5,15795,买盘
10:22:32,31.58,-0.01,32,100983,中性盘
10:22:35,31.55,-0.03,108,340755,卖盘
10:22:38,31.55,0.0,49,154595,买盘
10:22:41,31.55,0.0,23,72583,买盘
10:22:44,31.54,-0.01,22,69388,卖盘
10:22:47,31.54,0.0,65,205007,买盘
10:22:50,31.54,0.0,35,110373,买盘
10:22:52,31.53,-0.01,60,189180,卖盘
10:22:56,31.52,-0.01,30,94589,卖盘
10:22:58,31.53,0.01,56,176521,买盘
10:23:01,31.52,-0.01,146,460341,卖盘
10:23:05,31.53,0.01,78,245929,买盘
10:23:08,31.54,0.01,55,173426,买盘
10:23:11,31.54,0.0,38,119838,中性盘
10:23:13,31.52,-0.02,55,173391,卖盘
10:23:20,31.54,0.02,14,44152,买盘
10:23:23,31.52,-0.02,38,119838,卖盘
10:23:25,31.52,0.0,19,59888,买盘
10:23:29,31.52,0.0,5,15763,卖盘
10:23:32,31.55,0.03,7,22083,买盘
10:23:35,31.55,0.0,45,141887,买盘
10:23:38,31.53,-0.02,28,88282,卖盘
10:23:41,31.55,0.02,94,296528,卖盘
10:23:46,31.55,0.0,10,31550,买盘
10:23:50,31.55,0.0,13,41003,买盘
10:23:53,31.59,0.04,104,327986,买盘
10:23:56,31.55,-0.04,6,18930,卖盘
10:23:59,31.59,0.04,14,44222,买盘
10:24:02,31.55,-0.04,100,315800,卖盘
10:24:04,31.55,0.0,19,59977,卖盘
10:24:08,31.55,0.0,7,22101,卖盘
10:24:10,31.57,0.02,24,75752,中性盘
10:24:13,31.54,-0.03,40,126205,卖盘
10:24:17,31.55,0.01,12,37866,卖盘
10:24:20,31.57,0.02,15,47355,买盘
10:24:22,31.56,-0.01,92,290218,中性盘
10:24:26,31.57,0.01,17,53658,买盘
10:24:29,31.58,0.01,2,6316,买盘
10:24:32,31.58,0.0,10,31574,买盘
10:24:35,31.56,-0.02,39,123116,卖盘
10:24:37,31.56,0.0,10,31565,卖盘
10:24:41,31.56,0.0,21,66276,卖盘
10:24:43,31.58,0.02,100,315762,买盘
10:24:47,31.58,0.0,18,56844,卖盘
10:24:50,31.58,0.0,1,3158,卖盘
10:24:52,31.58,0.0,13,41057,卖盘
10:24:55,31.58,0.0,6,18950,卖盘
10:24:58,31.59,0.01,45,142111,买盘
10:25:01,31.59,0.0,116,366389,买盘
10:25:05,31.59,0.0,43,135837,卖盘
10:25:08,31.59,0.0,15,47385,卖盘
10:25:10,31.59,0.0,43,135853,卖盘
10:25:13,31.6,0.01,48,151679,买盘
10:25:16,31.59,-0.01,12,37909,卖盘
10:25:20,31.61,0.02,19,60053,买盘
10:25:23,31.6,-0.01,6,18965,卖盘
10:25:25,31.6,0.0,134,423573,卖盘
10:25:29,31.65,0.05,58,183340,买盘
10:25:34,31.63,-0.02,24,75917,卖盘
10:25:37,31.6,-0.03,165,521416,卖盘
10:25:40,31.6,0.0,6,18960,买盘
10:25:43,31.6,0.0,51,161112,买盘
10:25:46,31.6,0.0,28,88476,买盘
10:25:50,31.62,0.02,21,66374,买盘
10:25:51,31.6,-0.02,14,44240,卖盘
10:25:56,31.61,0.01,5,15803,中性盘
10:25:58,31.61,0.0,18,56898,卖盘
10:26:01,31.61,0.0,68,214940,买盘
10:26:03,31.62,0.01,13,41098,买盘
10:26:07,31.6,-0.02,10,31604,卖盘
10:26:11,31.62,0.02,12,37937,买盘
10:26:13,31.6,-0.02,5,15800,卖盘
10:26:16,31.6,0.0,3,9480,卖盘
10:26:19,31.62,0.02,11,34782,买盘
10:26:25,31.6,-0.02,150,474005,卖盘
10:26:28,31.62,0.02,6,18968,买盘
10:26:31,31.6,-0.02,219,692048,卖盘
10:26:34,31.6,0.0,6,18957,买盘
10:26:37,31.59,-0.01,55,173749,卖盘
10:26:40,31.59,0.0,38,120074,卖盘
10:26:43,31.59,0.0,51,161122,卖盘
10:26:49,31.59,0.0,12,37908,买盘
10:26:53,31.59,0.0,44,138955,买盘
10:26:56,31.58,-0.01,22,69491,卖盘
10:26:58,31.59,0.01,9,28431,买盘
10:27:01,31.6,0.01,287,906690,买盘
10:27:05,31.6,0.0,184,581390,买盘
10:27:07,31.6,0.0,86,271786,卖盘
10:27:10,31.6,0.0,14,44246,卖盘
10:27:12,31.61,0.01,32,101145,买盘
10:27:16,31.6,-0.01,119,376032,卖盘
10:27:22,31.6,0.0,4,12640,买盘
10:27:25,31.6,0.0,10,31600,买盘
10:27:27,31.59,-0.01,27,85294,卖盘
10:27:31,31.6,0.01,16,50560,买盘
10:27:34,31.6,0.0,108,341277,买盘
10:27:37,31.6,0.0,13,41077,买盘
10:27:40,31.6,0.0,7,22120,卖盘
10:27:43,31.6,0.0,58,183246,卖盘
10:27:46,31.6,0.0,2,6319,买盘
10:27:49,31.59,-0.01,80,252712,卖盘
10:27:52,31.59,0.0,18,56867,卖盘
10:27:55,31.6,0.01,65,205382,买盘
10:27:58,31.6,0.0,14,44240,卖盘
10:28:01,31.6,0.0,4,12642,卖盘
10:28:03,31.61,0.01,63,199143,买盘
10:28:07,31.61,0.0,2,6322,买盘
10:28:10,31.6,-0.01,24,75854,卖盘
10:28:13,31.61,0.01,9,28441,买盘
10:28:16,31.6,-0.01,1,3160,卖盘
10:28:19,31.61,0.01,27,85336,买盘
10:28:22,31.61,0.0,3,9483,买盘
10:28:25,31.61,0.0,163,515131,买盘
10:28:28,31.61,0.0,53,167533,卖盘
10:28:31,31.62,0.01,6,18972,买盘
10:28:37,31.61,-0.01,121,382593,卖盘
10:28:40,31.63,0.02,5,15815,买盘
10:28:42,31.62,-0.01,14,44257,卖盘
10:28:46,31.62,0.0,2,6324,买盘
10:28:49,31.62,0.0,21,66392,买盘
10:28:52,31.62,0.0,109,344559,买盘
10:28:55,31.61,-0.01,18,56906,卖盘
10:28:58,31.61,0.0,1,3161,卖盘
10:29:01,31.61,0.0,8,25295,卖盘
10:29:04,31.61,0.0,63,199204,卖盘
10:29:07,31.62,0.01,35,110673,卖盘
10:29:10,31.61,-0.01,58,183301,卖盘
10:29:13,31.61,0.0,5,15805,买盘
10:29:16,31.6,-0.01,5,15802,卖盘
10:29:22,31.61,0.01,11,34767,买盘
10:29:25,31.61,0.0,2,6322,买盘
10:29:28,31.61,0.0,54,170644,买盘
10:29:31,31.61,0.0,14,44247,买盘
10:29:34,31.6,-0.01,11,34765,卖盘
10:29:37,31.6,0.0,1,3160,卖盘
10:29:40,31.61,0.01,27,85327,买盘
10:29:43,31.6,-0.01,20,63200,卖盘
10:29:46,31.6,0.0,1,3160,卖盘
10:29:48,31.6,0.0,4,12640,卖盘
10:29:52,31.6,0.0,129,407640,卖盘
10:29:55,31.61,0.01,51,161211,买盘
10:29:58,31.62,0.01,40,125405,卖盘
10:30:01,31.63,0.01,7,22141,买盘
10:30:04,31.62,-0.01,211,667335,卖盘
10:30:07,31.63,0.01,1,3163,买盘
10:30:10,31.62,-0.01,52,164429,卖盘
10:30:13,31.62,0.0,13,41112,卖盘
10:30:16,31.62,0.0,14,44267,买盘
10:30:19,31.61,-0.01,14,44254,卖盘
10:30:21,31.61,0.0,32,102239,卖盘
10:30:25,31.62,0.01,59,186548,买盘
10:30:28,31.6,-0.02,92,290754,卖盘
10:30:31,31.62,0.02,13,41092,买盘
10:30:34,31.6,-0.02,50,158039,卖盘
10:30:37,31.62,0.02,101,319361,买盘
10:30:40,31.62,0.0,1,3162,买盘
10:30:42,31.61,-0.01,10,31610,买盘
10:30:46,31.61,0.0,34,107466,买盘
10:30:49,31.61,0.0,7,22122,买盘
10:30:53,31.61,0.0,19,60046,买盘
10:30:55,31.61,0.0,13,41093,买盘
10:30:58,31.6,-0.01,14,44252,卖盘
10:31:01,31.62,0.02,53,167586,买盘
10:31:04,31.62,0.0,28,87461,买盘
10:31:07,31.62,0.0,18,56920,卖盘
10:31:10,31.63,0.01,17,53771,买盘
10:31:13,31.62,-0.01,23,72729,卖盘
10:31:16,31.6,-0.02,59,186477,卖盘
10:31:19,31.61,0.01,1,3161,卖盘
10:31:23,31.61,0.0,9,28457,中性盘
10:31:24,31.63,0.02,312,985938,买盘
10:31:28,31.6,-0.03,85,268614,卖盘
10:31:31,31.62,0.02,9,28456,买盘
10:31:34,31.6,-0.02,411,1298749,卖盘
10:31:37,31.6,0.0,20,63232,卖盘
10:31:40,31.6,0.0,34,107446,卖盘
10:31:43,31.59,-0.01,52,164308,卖盘
10:31:46,31.58,-0.01,105,331693,卖盘
10:31:49,31.6,0.02,11,34760,买盘
10:31:53,31.59,-0.01,9,28430,中性盘
10:31:55,31.59,0.0,54,170538,买盘
10:31:58,31.58,-0.01,65,205270,卖盘
10:32:01,31.59,0.01,136,429551,买盘
10:32:04,31.58,-0.01,21,66318,卖盘
10:32:08,31.58,0.0,50,159321,卖盘
10:32:10,31.58,0.0,65,204921,卖盘
10:32:13,31.58,0.0,17,53686,买盘
10:32:16,31.58,0.0,6,18948,买盘
10:32:18,31.57,-0.01,145,457909,卖盘
10:32:23,31.58,0.01,155,489963,买盘
10:32:25,31.59,0.01,8,25272,卖盘
10:32:28,31.58,-0.01,61,192286,买盘
10:32:31,31.57,-0.01,6,18943,卖盘
10:32:34,31.6,0.03,106,334836,买盘
10:32:38,31.58,-0.02,55,173627,中性盘
10:32:40,31.58,0.0,4,12632,买盘
10:32:43,31.57,-0.01,34,107338,买盘
10:32:49,31.56,-0.01,52,164113,卖盘
10:32:53,31.56,0.0,62,195682,卖盘
10:32:55,31.57,0.01,9,28412,买盘
10:32:58,31.57,0.0,11,34727,买盘
10:33:01,31.57,0.0,85,268989,买盘
10:33:03,31.57,0.0,7,22099,卖盘
10:33:10,31.57,0.0,33,104193,卖盘
10:33:13,31.57,0.0,1,3157,买盘
10:33:16,31.56,-0.01,51,160956,卖盘
10:33:19,31.56,0.0,37,116772,卖盘
10:33:23,31.56,0.0,7,22092,买盘
10:33:25,31.55,-0.01,111,350225,卖盘
10:33:28,31.55,0.0,281,886555,卖盘
10:33:32,31.54,-0.01,73,230251,卖盘
10:33:34,31.55,0.01,28,88334,买盘
10:33:38,31.53,-0.02,7,22071,卖盘
10:33:40,31.53,0.0,1,3153,卖盘
10:33:43,31.53,0.0,107,337378,卖盘
10:33:46,31.53,0.0,49,154497,卖盘
10:33:49,31.54,0.01,5,15770,买盘
10:33:52,31.54,0.0,9,28383,买盘
10:33:55,31.54,0.0,147,463518,买盘
10:33:58,31.53,-0.01,86,271106,卖盘
10:34:01,31.53,0.0,56,176567,买盘
10:34:04,31.52,-0.01,13,40984,卖盘
10:34:08,31.53,0.01,311,980048,买盘
10:34:10,31.51,-0.02,23,72485,卖盘
10:34:13,31.5,-0.01,306,964108,卖盘
10:34:16,31.5,0.0,293,922951,卖盘
10:34:19,31.5,0.0,282,888311,卖盘
10:34:23,31.5,0.0,342,1077309,卖盘
10:34:25,31.5,0.0,118,371711,卖盘
10:34:28,31.51,0.01,142,447393,买盘
10:34:31,31.51,0.0,135,425393,买盘
10:34:34,31.51,0.0,31,97686,卖盘
10:34:38,31.52,0.01,5,15757,买盘
10:34:39,31.51,-0.01,55,173306,卖盘
10:34:43,31.51,0.0,19,59869,买盘
10:34:45,31.5,-0.01,68,214216,卖盘
10:34:50,31.51,0.01,61,192173,买盘
10:34:53,31.51,0.0,4,12604,买盘
10:34:55,31.51,0.0,79,248909,买盘
10:34:58,31.5,-0.01,9,28356,卖盘
10:35:02,31.51,0.01,167,526104,买盘
10:35:04,31.51,0.0,7,22057,买盘
10:35:07,31.5,-0.01,62,195316,卖盘
10:35:10,31.5,0.0,24,75610,卖盘
10:35:13,31.5,0.0,14,44097,买盘
10:35:16,31.49,-0.01,90,283500,卖盘
10:35:19,31.5,0.01,89,280350,中性盘
10:35:23,31.51,0.01,77,243100,买盘
10:35:25,31.51,0.0,61,192211,卖盘
10:35:28,31.52,0.01,64,201696,买盘
10:35:31,31.52,0.0,29,91408,卖盘
10:35:34,31.52,0.0,21,66186,买盘
10:35:38,31.52,0.0,83,261587,买盘
10:35:40,31.52,0.0,19,59888,买盘
10:35:44,31.52,0.0,6,18913,卖盘
10:35:46,31.52,0.0,23,72511,买盘
10:35:50,31.52,0.0,39,122869,买盘
10:35:52,31.52,0.0,8,25210,买盘
10:35:55,31.52,0.0,61,192272,买盘
10:35:58,31.52,0.0,29,91404,买盘
10:36:01,31.53,0.01,74,233308,买盘
10:36:04,31.54,0.01,157,495088,买盘
10:36:07,31.54,0.0,50,157700,买盘
10:36:10,31.55,0.01,70,220825,买盘
10:36:13,31.54,-0.01,50,157743,中性盘
10:36:16,31.56,0.02,60,189350,买盘
10:36:19,31.56,0.0,29,91521,买盘
10:36:23,31.57,0.01,64,201994,买盘
10:36:25,31.57,0.0,49,154693,卖盘
10:36:28,31.56,-0.01,37,116773,中性盘
10:36:32,31.58,0.02,46,145250,买盘
10:36:34,31.59,0.01,15,47385,买盘
10:36:37,31.6,0.01,141,445391,买盘
10:36:41,31.6,0.0,102,322320,买盘
10:36:44,31.58,-0.02,119,375818,卖盘
10:36:46,31.58,0.0,55,173598,买盘
10:36:50,31.58,0.0,69,217893,买盘
10:36:52,31.57,-0.01,6,18947,中性盘
10:36:55,31.57,0.0,5,15785,买盘
10:36:58,31.55,-0.02,40,126266,卖盘
10:37:02,31.55,0.0,8,25244,卖盘
10:37:04,31.57,0.02,53,167321,买盘
10:37:07,31.55,-0.02,26,82073,卖盘
10:37:10,31.55,0.0,29,91511,卖盘
10:37:14,31.53,-0.02,18,56780,卖盘
10:37:17,31.57,0.04,21,66277,买盘
10:37:20,31.55,-0.02,1,3155,中性盘
10:37:22,31.57,0.02,39,123108,买盘
10:37:25,31.57,0.0,11,34737,卖盘
10:37:29,31.57,0.0,55,173635,卖盘
10:37:32,31.57,0.0,19,59983,卖盘
10:37:35,31.58,0.01,17,53683,买盘
10:37:38,31.57,-0.01,22,69454,卖盘
10:37:41,31.57,0.0,20,63140,买盘
10:37:44,31.57,0.0,11,34727,买盘
10:37:46,31.57,0.0,6,18942,买盘
10:37:50,31.55,-0.02,30,94676,卖盘
10:37:52,31.58,0.03,125,393615,中性盘
10:37:56,31.58,0.0,18,56830,买盘
10:37:58,31.57,-0.01,10,31572,卖盘
10:38:01,31.58,0.01,1,3158,买盘
10:38:04,31.58,0.0,41,129478,买盘
10:38:08,31.58,0.0,19,60005,卖盘
10:38:10,31.59,0.01,54,170506,买盘
10:38:13,31.57,-0.02,33,104182,卖盘
10:38:17,31.58,0.01,34,107345,买盘
10:38:19,31.58,0.0,6,18947,买盘
10:38:22,31.58,0.0,5,15790,买盘
10:38:26,31.58,0.0,5,15790,买盘
10:38:29,31.57,-0.01,24,75783,卖盘
10:38:32,31.58,0.01,1,3158,买盘
10:38:35,31.57,-0.01,8,25256,卖盘
10:38:38,31.57,0.0,36,113658,卖盘
10:38:40,31.57,0.0,2,6314,卖盘
10:38:44,31.58,0.01,46,145264,买盘
10:38:47,31.56,-0.02,19,59970,卖盘
10:38:53,31.56,0.0,80,252491,卖盘
10:38:55,31.57,0.01,24,75749,买盘
10:38:58,31.56,-0.01,47,148349,卖盘
10:39:02,31.57,0.01,34,107335,买盘
10:39:08,31.57,0.0,2,6314,卖盘
10:39:11,31.57,0.0,19,59987,卖盘
10:39:19,31.57,0.0,8,25256,卖盘
10:39:22,31.58,0.01,13,41053,买盘
10:39:26,31.58,0.0,22,69475,买盘
10:39:29,31.58,0.0,68,214739,买盘
10:39:31,31.58,0.0,74,233708,卖盘
10:39:35,31.58,0.0,51,161010,中性盘
10:39:38,31.58,0.0,20,63160,买盘
10:39:44,31.58,0.0,13,41054,买盘
10:39:49,31.58,0.0,4,12632,买盘
10:39:53,31.58,0.0,15,47370,买盘
10:39:56,31.58,0.0,37,116836,买盘
10:39:58,31.57,-0.01,4,12628,卖盘
10:40:01,31.58,0.01,74,233683,买盘
10:40:05,31.59,0.01,50,157919,买盘
10:40:08,31.6,0.01,25,78976,买盘
10:40:11,31.6,0.0,76,240102,买盘
10:40:13,31.6,0.0,41,129896,买盘
10:40:17,31.59,-0.01,51,160811,卖盘
10:40:20,31.59,0.0,6,18949,买盘
10:40:23,31.59,0.0,26,82482,买盘
10:40:25,31.59,0.0,4,9953,卖盘
10:40:29,31.61,0.02,50,157996,买盘
10:40:32,31.62,0.01,17,53754,买盘
10:40:35,31.62,0.0,27,85374,卖盘
10:40:38,31.63,0.01,23,72740,买盘
10:40:41,31.64,0.01,84,265769,买盘
10:40:44,31.64,0.0,39,123365,买盘
10:40:47,31.63,-0.01,55,174044,卖盘
10:40:50,31.65,0.02,34,107605,买盘
10:40:53,31.65,0.0,49,156689,买盘
10:40:56,31.68,0.03,21,66528,卖盘
10:40:59,31.68,0.0,98,310311,卖盘
10:41:02,31.68,0.0,35,110883,买盘
10:41:05,31.69,0.01,85,269312,买盘
10:41:08,31.69,0.0,33,104567,卖盘
10:41:11,31.69,0.0,58,183814,卖盘
10:41:14,31.7,0.01,42,133105,买盘
10:41:17,31.69,-0.01,83,263037,中性盘
10:41:20,31.69,0.0,42,133097,买盘
10:41:23,31.65,-0.04,30,95082,卖盘
10:41:26,31.65,0.0,9,27019,买盘
10:41:28,31.68,0.03,7,22159,买盘
10:41:32,31.63,-0.05,6,18981,卖盘
10:41:35,31.63,0.0,10,31639,卖盘
10:41:38,31.63,0.0,16,50608,卖盘
10:41:41,31.64,0.01,49,154855,买盘
10:41:44,31.64,0.0,14,44280,买盘
10:41:47,31.62,-0.02,16,50603,中性盘
10:41:49,31.61,-0.01,108,341444,卖盘
10:41:53,31.63,0.02,11,34802,中性盘
10:41:55,31.63,0.0,4,12652,买盘
10:41:59,31.63,0.0,14,44277,买盘
10:42:02,31.64,0.01,37,117032,买盘
10:42:04,31.64,0.0,16,50624,买盘
10:42:08,31.65,0.01,13,41135,买盘
10:42:11,31.66,0.01,47,148782,买盘
10:42:14,31.67,0.01,45,142489,买盘
10:42:17,31.68,0.01,18,57005,买盘
10:42:20,31.67,-0.01,24,75993,卖盘
10:42:23,31.69,0.02,92,291330,买盘
10:42:26,31.69,0.0,2,6338,买盘
10:42:29,31.68,-0.01,27,85535,买盘
10:42:32,31.68,0.0,6,18992,买盘
10:42:35,31.67,-0.01,16,50665,中性盘
10:42:41,31.67,0.0,19,60164,买盘
10:42:43,31.67,0.0,3,9501,买盘
10:42:47,31.65,-0.02,4,12661,卖盘
10:42:50,31.66,0.01,40,126670,买盘
10:42:56,31.66,0.0,1,3166,卖盘
10:42:59,31.67,0.01,12,38004,卖盘
10:43:02,31.68,0.01,67,212234,买盘
10:43:05,31.64,-0.04,50,158308,卖盘
10:43:08,31.67,0.03,35,110845,买盘
10:43:11,31.67,0.0,5,15835,买盘
10:43:14,31.68,0.01,20,63355,买盘
10:43:17,31.65,-0.03,4,12660,卖盘
10:43:20,31.67,0.02,4,12662,买盘
10:43:23,31.65,-0.02,5,15829,卖盘
10:43:26,31.67,0.02,2,6334,买盘
10:43:29,31.65,-0.02,12,37996,卖盘
10:43:32,31.68,0.03,19,60179,买盘
10:43:35,31.68,0.0,16,50688,买盘
10:43:38,31.69,0.01,11,36345,买盘
10:43:40,31.69,0.0,2,6338,卖盘
10:43:44,31.67,-0.02,23,72884,卖盘
10:43:47,31.67,0.0,55,174126,卖盘
10:43:50,31.69,0.02,10,31690,买盘
10:43:52,31.65,-0.04,3,9495,卖盘
10:43:56,31.68,0.03,46,146521,中性盘
10:43:59,31.69,0.01,66,209154,买盘
10:44:02,31.7,0.01,97,307446,买盘
10:44:05,31.7,0.0,2,6339,买盘
10:44:08,31.7,0.0,116,367670,买盘
10:44:11,31.69,-0.01,5,15848,买盘
10:44:17,31.69,0.0,25,79203,买盘
10:44:20,31.68,-0.01,15,47530,卖盘
10:44:23,31.68,0.0,85,269290,卖盘
10:44:26,31.67,-0.01,8,25338,卖盘
10:44:29,31.67,0.0,50,158257,买盘
10:44:32,31.66,-0.01,10,31669,中性盘
10:44:38,31.67,0.01,26,82342,买盘
10:44:40,31.67,0.0,10,31670,买盘
10:44:44,31.66,-0.01,33,104491,卖盘
10:44:47,31.69,0.03,48,152049,买盘
10:44:50,31.66,-0.03,29,91838,卖盘
10:44:53,31.69,0.03,1,3169,买盘
10:44:56,31.69,0.0,8,25338,买盘
10:44:59,31.65,-0.04,5,15828,卖盘
10:45:05,31.67,0.02,8,25332,买盘
10:45:11,31.68,0.01,54,171001,买盘
10:45:14,31.67,-0.01,18,57006,买盘
10:45:17,31.66,-0.01,3,9499,卖盘
10:45:20,31.68,0.02,77,243861,买盘
10:45:26,31.67,-0.01,1,3167,买盘
10:45:29,31.67,0.0,3,9499,买盘
10:45:32,31.66,-0.01,10,31661,卖盘
10:45:34,31.66,0.0,20,63320,卖盘
10:45:37,31.66,0.0,7,22162,卖盘
10:45:41,31.66,0.0,35,110810,卖盘
10:45:44,31.66,0.0,1,3166,买盘
10:45:47,31.65,-0.01,6,18993,卖盘
10:45:50,31.65,0.0,18,56970,卖盘
10:45:52,31.65,0.0,68,213730,卖盘
10:45:56,31.64,-0.01,28,88595,卖盘
10:45:59,31.65,0.01,35,110757,买盘
10:46:02,31.63,-0.02,73,231002,卖盘
10:46:05,31.63,0.0,53,167639,买盘
10:46:08,31.63,0.0,1,3163,买盘
10:46:11,31.63,0.0,11,34783,买盘
10:46:14,31.62,-0.01,32,101184,买盘
10:46:16,31.62,0.0,45,142257,买盘
10:46:20,31.61,-0.01,1,3161,中性盘
10:46:23,31.61,0.0,4,12644,买盘
10:46:26,31.61,0.0,20,63220,买盘
10:46:29,31.62,0.01,36,113826,买盘
10:46:32,31.6,-0.02,64,202247,卖盘
10:46:35,31.6,0.0,41,129570,卖盘
10:46:38,31.6,0.0,1,3160,卖盘
10:46:41,31.61,0.01,32,101140,买盘
10:46:43,31.62,0.01,1,3162,买盘
10:46:50,31.61,-0.01,17,53737,卖盘
10:46:53,31.61,0.0,9,28452,中性盘
10:46:56,31.61,0.0,20,63220,买盘
10:46:59,31.62,0.01,41,129630,买盘
10:47:02,31.61,-0.01,7,22121,中性盘
10:47:05,31.62,0.01,12,37938,买盘
10:47:08,31.63,0.01,30,94886,买盘
10:47:11,31.63,0.0,7,22141,买盘
10:47:14,31.64,0.01,31,98068,买盘
10:47:16,31.65,0.01,57,181735,买盘
10:47:20,31.65,0.0,13,39657,卖盘
10:47:23,31.61,-0.04,41,129653,卖盘
10:47:26,31.63,0.02,29,91671,买盘
10:47:29,31.63,0.0,28,88564,买盘
10:47:32,31.61,-0.02,5,15809,卖盘
10:47:35,31.64,0.03,33,104322,买盘
10:47:38,31.64,0.0,2,6328,买盘
10:47:41,31.63,-0.01,22,69576,买盘
10:47:43,31.63,0.0,3,9489,买盘
10:47:46,31.63,0.0,2,6326,买盘
10:47:50,31.61,-0.02,2,6516,卖盘
10:47:53,31.63,0.02,2,6326,买盘
10:47:56,31.63,0.0,3,9489,买盘
10:47:58,31.63,0.0,52,164370,买盘
10:48:02,31.63,0.0,56,177122,买盘
10:48:08,31.62,-0.01,1,3162,买盘
10:48:11,31.62,0.0,10,31620,买盘
10:48:14,31.61,-0.01,3,9483,卖盘
10:48:17,31.61,0.0,7,22127,卖盘
10:48:25,31.61,0.0,3,9481,买盘
10:48:29,31.6,-0.01,47,148520,卖盘
10:48:32,31.6,0.0,10,31410,买盘
10:48:35,31.58,-0.02,19,60018,卖盘
10:48:38,31.59,0.01,9,28431,买盘
10:48:41,31.58,-0.01,50,157900,卖盘
10:48:44,31.58,0.0,6,18948,卖盘
10:48:47,31.58,0.0,12,37899,卖盘
10:48:50,31.59,0.01,55,173741,买盘
10:48:52,31.58,-0.01,4,12637,卖盘
10:48:56,31.58,0.0,20,63162,卖盘
10:48:59,31.6,0.02,23,72671,买盘
10:49:02,31.58,-0.02,58,183274,卖盘
10:49:05,31.6,0.02,49,154823,买盘
10:49:07,31.6,0.0,67,211590,买盘
10:49:10,31.58,-0.02,28,88411,卖盘
10:49:14,31.58,0.0,1,3158,买盘
10:49:17,31.56,-0.02,4,12624,卖盘
10:49:20,31.58,0.02,24,75792,买盘
10:49:23,31.56,-0.02,85,268148,卖盘
10:49:26,31.53,-0.03,128,404105,卖盘
10:49:29,31.55,0.02,4,12618,中性盘
10:49:32,31.55,0.0,25,78875,买盘
10:49:35,31.55,0.0,73,230315,买盘
10:49:38,31.58,0.03,29,91552,买盘
10:49:40,31.55,-0.03,6,18930,卖盘
10:49:44,31.58,0.03,20,63157,买盘
10:49:47,31.58,0.0,36,113655,买盘
10:49:50,31.58,0.0,23,72613,买盘
10:49:53,31.59,0.01,8,25268,买盘
10:49:56,31.6,0.01,173,546678,买盘
10:49:59,31.57,-0.03,18,56862,卖盘
10:50:02,31.57,0.0,108,340956,买盘
10:50:05,31.57,0.0,84,265188,卖盘
10:50:08,31.58,0.01,1,3158,买盘
10:50:11,31.58,0.0,43,135760,买盘
10:50:14,31.57,-0.01,13,41048,卖盘
10:50:20,31.58,0.01,18,56839,买盘
10:50:23,31.57,-0.01,2,6314,中性盘
10:50:25,31.56,-0.01,7,22095,卖盘
10:50:28,31.56,0.0,4,12625,卖盘
10:50:32,31.57,0.01,14,44186,买盘
10:50:35,31.55,-0.02,30,94662,卖盘
10:50:38,31.55,0.0,1,3155,买盘
10:50:41,31.54,-0.01,26,82004,卖盘
10:50:44,31.55,0.01,65,205053,买盘
10:50:47,31.54,-0.01,58,182881,中性盘
10:50:50,31.54,0.0,7,22080,买盘
10:50:53,31.54,0.0,10,31540,中性盘
10:50:55,31.53,-0.01,24,75680,卖盘
10:50:59,31.54,0.01,5,15767,买盘
10:51:02,31.54,0.0,58,182932,买盘
10:51:05,31.54,0.0,94,296461,买盘
10:51:08,31.54,0.0,12,37843,买盘
10:51:11,31.54,0.0,8,25232,买盘
10:51:14,31.54,0.0,22,69347,买盘
10:51:17,31.53,-0.01,300,946134,买盘
10:51:20,31.53,0.0,38,119813,买盘
10:51:23,31.52,-0.01,69,217540,卖盘
10:51:26,31.56,0.04,22,69418,买盘
10:51:28,31.57,0.01,92,290202,买盘
10:51:31,31.57,0.0,20,63092,卖盘
10:51:34,31.58,0.01,35,110521,买盘
10:51:37,31.57,-0.01,51,160908,卖盘
10:51:40,31.57,0.0,17,53669,买盘
10:51:44,31.58,0.01,20,63166,买盘
10:51:47,31.6,0.02,26,82148,买盘
10:51:50,31.6,0.0,20,63181,买盘
10:51:53,31.6,0.0,12,37918,买盘
10:51:55,31.59,-0.01,18,56862,中性盘
10:51:59,31.6,0.01,12,37905,买盘
10:52:02,31.6,0.0,40,126392,买盘
10:52:05,31.61,0.01,14,44249,买盘
10:52:08,31.61,0.0,63,199060,买盘
10:52:11,31.61,0.0,8,25288,买盘
10:52:14,31.61,0.0,35,110691,卖盘
10:52:17,31.64,0.03,17,53785,买盘
10:52:20,31.64,0.0,58,183531,买盘
10:52:22,31.64,0.0,21,66434,买盘
10:52:26,31.64,0.0,11,34804,买盘
10:52:29,31.64,0.0,25,79086,买盘
10:52:32,31.64,0.0,44,139227,买盘
10:52:35,31.61,-0.03,30,94868,卖盘
10:52:37,31.63,0.02,14,44262,买盘
10:52:40,31.61,-0.02,10,31612,卖盘
10:52:44,31.64,0.03,10,31631,买盘
10:52:47,31.64,0.0,10,31640,卖盘
10:52:50,31.59,-0.05,47,148491,卖盘
10:52:52,31.65,0.06,14,44256,买盘
10:52:56,31.63,-0.02,6,18978,卖盘
10:52:59,31.64,0.01,4,12656,买盘
10:53:01,31.64,0.0,17,53788,买盘
10:53:04,31.65,0.01,22,69623,买盘
10:53:08,31.65,0.0,25,79121,买盘
10:53:11,31.66,0.01,14,44319,买盘
10:53:14,31.68,0.02,31,98202,买盘
10:53:17,31.68,0.0,29,91856,买盘
10:53:20,31.68,0.0,8,25342,买盘
10:53:22,31.68,0.0,13,41184,买盘
10:53:26,31.61,-0.07,124,392213,卖盘
10:53:29,31.68,0.07,6,18973,买盘
10:53:32,31.67,-0.01,64,202388,买盘
10:53:34,31.6,-0.07,44,139086,卖盘
10:53:38,31.61,0.01,34,107628,卖盘
10:53:40,31.61,0.0,38,120118,买盘
10:53:44,31.61,0.0,28,88500,买盘
10:53:47,31.6,-0.01,12,37924,卖盘
10:53:50,31.6,0.0,14,44240,买盘
10:53:52,31.59,-0.01,1,3159,卖盘
10:53:56,31.6,0.01,2,6320,买盘
10:54:02,31.6,0.0,22,69519,买盘
10:54:04,31.61,0.01,57,180142,买盘
10:54:08,31.6,-0.01,30,94817,卖盘
10:54:10,31.61,0.01,19,60056,买盘
10:54:13,31.62,0.01,63,199030,买盘
10:54:17,31.61,-0.01,4,12644,中性盘
10:54:20,31.6,-0.01,17,53723,卖盘
10:54:23,31.6,0.0,8,25280,买盘
10:54:26,31.62,0.02,5,15807,买盘
10:54:29,31.62,0.0,9,28460,买盘
10:54:32,31.66,0.04,10,31659,买盘
10:54:35,31.62,-0.04,1,3162,卖盘
10:54:38,31.6,-0.02,28,88510,卖盘
10:54:41,31.59,-0.01,5,15795,中性盘
10:54:43,31.59,0.0,34,107409,买盘
10:54:47,31.59,0.0,12,37919,卖盘
10:54:50,31.58,-0.01,17,53686,买盘
10:54:52,31.58,0.0,44,138940,买盘
10:54:56,31.58,0.0,61,192524,买盘
10:54:58,31.57,-0.01,6,18942,中性盘
10:55:02,31.59,0.02,33,104230,买盘
10:55:05,31.65,0.06,68,215184,买盘
10:55:08,31.6,-0.05,18,56879,卖盘
10:55:11,31.59,-0.01,13,41068,中性盘
10:55:14,31.57,-0.02,28,88444,卖盘
10:55:16,31.66,0.09,47,148554,买盘
10:55:20,31.65,-0.01,10,31587,买盘
10:55:32,31.6,-0.05,23,72770,卖盘
10:55:35,31.6,0.0,6,18960,卖盘
10:55:38,31.59,-0.01,77,243204,卖盘
10:55:41,31.59,0.0,3,9476,买盘
10:55:44,31.59,0.0,2,6318,买盘
10:55:47,31.59,0.0,21,66336,买盘
10:55:50,31.58,-0.01,40,126350,卖盘
10:55:52,31.59,0.01,8,25273,卖盘
10:55:56,31.58,-0.01,25,78952,卖盘
10:55:59,31.58,0.0,32,101056,买盘
10:56:01,31.58,0.0,54,170532,买盘
10:56:05,31.58,0.0,17,53680,买盘
10:56:08,31.57,-0.01,16,50512,卖盘
10:56:11,31.57,0.0,5,15785,买盘
10:56:13,31.57,0.0,6,18942,买盘
10:56:17,31.57,0.0,4,12628,卖盘
10:56:19,31.57,0.0,80,252516,买盘
10:56:23,31.57,0.0,30,94731,卖盘
10:56:26,31.59,0.02,23,72652,买盘
10:56:29,31.59,0.0,97,306390,买盘
10:56:32,31.6,0.01,22,69496,买盘
10:56:35,31.58,-0.02,40,126278,卖盘
10:56:37,31.57,-0.01,21,66297,买盘
10:56:41,31.6,0.03,1,3160,买盘
10:56:44,31.6,0.0,2,6320,买盘
10:56:46,31.6,0.0,1,3160,买盘
10:56:49,31.6,0.0,1,3160,买盘
10:56:53,31.6,0.0,4,12634,买盘
10:56:55,31.6,0.0,18,56854,买盘
10:56:58,31.58,-0.02,4,12636,卖盘
10:57:02,31.6,0.02,95,300092,买盘
10:57:04,31.6,0.0,4,12640,卖盘
10:57:08,31.6,0.0,2,6321,卖盘
10:57:10,31.61,0.01,87,274990,买盘
10:57:13,31.61,0.0,14,44254,买盘
10:57:17,31.6,-0.01,18,56882,卖盘
10:57:19,31.61,0.01,11,34771,买盘
10:57:23,31.6,-0.01,48,151680,卖盘
10:57:25,31.6,0.0,4,12634,买盘
10:57:29,31.61,0.01,71,224390,买盘
10:57:32,31.61,0.0,144,455460,卖盘
10:57:35,31.61,0.0,10,31618,卖盘
10:57:38,31.6,-0.01,3,9480,买盘
10:57:41,31.6,0.0,1,3160,买盘
10:57:44,31.6,0.0,62,195802,买盘
10:57:47,31.6,0.0,15,47378,买盘
10:57:50,31.6,0.0,4,12640,买盘
10:57:53,31.6,0.0,2,6318,买盘
10:57:56,31.6,0.0,12,37912,买盘
10:57:59,31.58,-0.02,51,161058,卖盘
10:58:02,31.58,0.0,77,243166,买盘
10:58:05,31.58,0.0,4,12632,买盘
10:58:07,31.58,0.0,13,41054,买盘
10:58:11,31.58,0.0,10,31575,买盘
10:58:14,31.59,0.01,18,56850,买盘
10:58:17,31.59,0.0,18,56855,买盘
10:58:20,31.59,0.0,10,31586,买盘
10:58:23,31.58,-0.01,25,78965,卖盘
10:58:26,31.58,0.0,155,489492,卖盘
10:58:29,31.6,0.02,20,63163,买盘
10:58:32,31.6,0.0,6,18959,买盘
10:58:34,31.58,-0.02,36,113700,卖盘
10:58:44,31.6,0.02,6,18960,买盘
10:58:50,31.59,-0.01,1,3159,卖盘
10:58:53,31.59,0.0,3,9475,买盘
10:58:56,31.59,0.0,2,6318,买盘
10:58:59,31.59,0.0,11,34743,买盘
10:59:02,31.58,-0.01,104,328498,卖盘
10:59:05,31.59,0.01,17,53703,买盘
10:59:07,31.59,0.0,67,211603,卖盘
10:59:11,31.59,0.0,21,66339,卖盘
10:59:13,31.59,0.0,11,34749,买盘
10:59:17,31.59,0.0,13,41065,买盘
10:59:20,31.59,0.0,21,66321,买盘
10:59:22,31.57,-0.02,36,113682,卖盘
10:59:26,31.59,0.02,3,9477,买盘
10:59:29,31.59,0.0,19,60009,买盘
10:59:31,31.59,0.0,5,15795,买盘
10:59:34,31.59,0.0,40,126305,买盘
10:59:37,31.58,-0.01,5,15790,中性盘
10:59:41,31.58,0.0,3,9474,买盘
10:59:44,31.58,0.0,27,85241,买盘
10:59:47,31.57,-0.01,23,72611,卖盘
10:59:50,31.58,0.01,113,356645,买盘
10:59:53,31.55,-0.03,286,902297,卖盘
10:59:55,31.54,-0.01,22,69394,卖盘
10:59:59,31.53,-0.01,17,53605,卖盘
11:00:01,31.54,0.01,59,186085,买盘
11:00:04,31.53,-0.01,24,75693,卖盘
11:00:07,31.53,0.0,6,18923,卖盘
11:00:11,31.53,0.0,22,69372,卖盘
11:00:14,31.53,0.0,22,69381,卖盘
11:00:17,31.53,0.0,18,56756,卖盘
11:00:20,31.54,0.01,4,12616,买盘
11:00:22,31.54,0.0,32,100926,买盘
11:00:25,31.55,0.01,8,25236,买盘
11:00:29,31.54,-0.01,12,37848,卖盘
11:00:32,31.54,0.0,130,409971,卖盘
11:00:34,31.54,0.0,6,18924,买盘
11:00:38,31.54,0.0,37,116662,买盘
11:00:41,31.53,-0.01,7,22075,卖盘
11:00:44,31.54,0.01,12,37842,买盘
11:00:47,31.54,0.0,35,110376,买盘
11:00:50,31.54,0.0,9,28382,买盘
11:00:52,31.53,-0.01,88,277483,卖盘
11:00:56,31.53,0.0,14,44155,卖盘
11:00:59,31.54,0.01,2,6309,中性盘
11:01:01,31.55,0.01,56,176680,买盘
11:01:05,31.55,0.0,45,141963,买盘
11:01:07,31.55,0.0,34,107264,买盘
11:01:11,31.57,0.02,150,473266,买盘
11:01:14,31.55,-0.02,49,154595,卖盘
11:01:17,31.56,0.01,4,12624,中性盘
11:01:19,31.56,0.0,22,69417,买盘
11:01:23,31.56,0.0,16,50486,买盘
11:01:26,31.56,0.0,14,44184,买盘
11:01:29,31.54,-0.02,78,246083,卖盘
11:01:32,31.54,0.0,25,78849,买盘
11:01:35,31.53,-0.01,69,217589,卖盘
11:01:38,31.54,0.01,21,66234,买盘
11:01:40,31.54,0.0,15,47305,买盘
11:01:44,31.53,-0.01,11,34683,卖盘
11:01:46,31.53,0.0,5,15765,卖盘
11:01:50,31.54,0.01,22,69386,买盘
11:01:53,31.54,0.0,61,192315,买盘
11:01:56,31.54,0.0,3,9462,买盘
11:01:59,31.54,0.0,7,22078,买盘
11:02:02,31.53,-0.01,25,78837,买盘
11:02:05,31.55,0.02,30,94630,买盘
11:02:08,31.56,0.01,63,198927,卖盘
11:02:11,31.57,0.01,6,18942,买盘
11:02:16,31.56,-0.01,9,28408,卖盘
11:02:20,31.57,0.01,6,18937,买盘
11:02:26,31.58,0.01,4,12632,买盘
11:02:29,31.58,0.0,23,72634,买盘
11:02:32,31.58,0.0,5,15790,买盘
11:02:35,31.57,-0.01,76,239941,卖盘
11:02:38,31.58,0.01,47,148384,买盘
11:02:41,31.58,0.0,71,224228,买盘
11:02:44,31.58,0.0,8,25259,买盘
11:02:46,31.58,0.0,5,15790,买盘
11:02:50,31.58,0.0,20,63157,买盘
11:02:53,31.58,0.0,3,9474,卖盘
11:02:56,31.59,0.01,18,56852,买盘
11:02:59,31.59,0.0,15,47380,买盘
11:03:02,31.59,0.0,5,15794,买盘
11:03:05,31.6,0.01,21,66351,买盘
11:03:08,31.6,0.0,22,69512,买盘
11:03:10,31.6,0.0,26,82147,买盘
11:03:14,31.59,-0.01,52,164264,卖盘
11:03:17,31.6,0.01,24,75840,买盘
11:03:20,31.6,0.0,26,82160,买盘
11:03:23,31.61,0.01,13,41083,买盘
11:03:25,31.61,0.0,4,12644,买盘
11:03:29,31.61,0.0,7,22127,买盘
11:03:32,31.61,0.0,3,9483,买盘
11:03:35,31.61,0.0,5,15801,买盘
11:03:37,31.6,-0.01,6,18965,卖盘
11:03:40,31.6,0.0,42,132720,卖盘
11:03:44,31.61,0.01,17,53737,买盘
11:03:47,31.61,0.0,19,60059,买盘
11:03:50,31.62,0.01,125,395031,买盘
11:03:53,31.62,0.0,1,3162,买盘
11:03:56,31.58,-0.04,56,176960,卖盘
11:03:59,31.61,0.03,15,47413,买盘
11:04:02,31.62,0.01,54,170696,买盘
11:04:05,31.56,-0.06,55,173779,卖盘
11:04:08,31.6,0.04,9,28423,买盘
11:04:11,31.6,0.0,16,50560,买盘
11:04:17,31.6,0.0,5,15800,买盘
11:04:19,31.58,-0.02,14,44238,卖盘
11:04:24,31.58,0.0,152,480314,卖盘
11:04:26,31.58,0.0,10,31586,中性盘
11:04:29,31.59,0.01,12,37904,买盘
11:04:35,31.59,0.0,3,9477,买盘
11:04:37,31.59,0.0,40,126298,买盘
11:04:40,31.58,-0.01,57,179941,中性盘
11:04:43,31.58,0.0,2,6316,买盘
11:04:47,31.57,-0.01,2,6314,买盘
11:04:50,31.58,0.01,4,12632,买盘
11:04:56,31.58,0.0,36,113651,买盘
11:04:59,31.58,0.0,6,18947,买盘
11:05:02,31.57,-0.01,65,205258,中性盘
11:05:05,31.57,0.0,5,15785,卖盘
11:05:08,31.58,0.01,3,9473,买盘
11:05:10,31.58,0.0,9,28419,卖盘
11:05:14,31.58,0.0,7,22106,买盘
11:05:16,31.58,0.0,10,31580,买盘
11:05:19,31.58,0.0,4,12632,买盘
11:05:22,31.56,-0.02,49,154677,卖盘
11:05:25,31.56,0.0,13,41033,卖盘
11:05:29,31.56,0.0,9,28408,卖盘
11:05:32,31.56,0.0,7,22089,买盘
11:05:35,31.55,-0.01,27,85192,卖盘
11:05:38,31.54,-0.01,38,119887,卖盘
11:05:41,31.55,0.01,7,22091,卖盘
11:05:44,31.57,0.02,56,176766,买盘
11:05:47,31.56,-0.01,2,6312,中性盘
11:05:50,31.58,0.02,6,18937,买盘
11:05:53,31.58,0.0,19,60002,买盘
11:05:55,31.55,-0.03,4,14674,卖盘
11:05:57,31.56,0.01,5,15788,中性盘
11:06:02,31.58,0.02,27,85260,买盘
11:06:05,31.55,-0.03,55,173643,卖盘
11:06:08,31.56,0.01,24,75748,卖盘
11:06:10,31.56,0.0,33,104126,买盘
11:06:17,31.56,0.0,2,6312,买盘
11:06:20,31.56,0.0,8,25248,买盘
11:06:23,31.55,-0.01,7,22085,卖盘
11:06:25,31.56,0.01,73,230306,买盘
11:06:29,31.56,0.0,21,66263,买盘
11:06:31,31.55,-0.01,3,9465,卖盘
11:06:35,31.55,0.0,9,28395,卖盘
11:06:38,31.56,0.01,110,347160,买盘
11:06:40,31.59,0.03,10,31576,买盘
11:06:44,31.56,-0.03,1,3156,卖盘
11:06:46,31.56,0.0,82,258858,卖盘
11:06:50,31.58,0.02,60,189398,买盘
11:06:54,31.56,-0.02,3,9470,卖盘
11:06:56,31.58,0.02,8,25264,买盘
11:06:58,31.56,-0.02,8,25258,卖盘
11:07:02,31.6,0.04,198,625013,买盘
11:07:08,31.59,-0.01,4,12633,买盘
11:07:11,31.59,0.0,6,18954,买盘
11:07:17,31.59,0.0,173,546343,买盘
11:07:20,31.59,0.0,1,3159,买盘
11:07:23,31.59,0.0,16,50532,买盘
11:07:27,31.59,0.0,13,41053,买盘
11:07:28,31.59,0.0,67,211565,买盘
11:07:31,31.57,-0.02,243,767816,卖盘
11:07:35,31.6,0.03,8,25275,买盘
11:07:38,31.6,0.0,32,101114,买盘
11:07:41,31.57,-0.03,93,293768,卖盘
11:07:44,31.58,0.01,8,25264,中性盘
11:07:47,31.58,0.0,4,12629,买盘
11:07:50,31.57,-0.01,46,145263,卖盘
11:07:53,31.58,0.01,5,15790,买盘
11:07:56,31.58,0.0,24,75792,买盘
11:07:59,31.57,-0.01,8,25263,卖盘
11:08:03,31.59,0.02,31,97917,买盘
11:08:05,31.6,0.01,16,50545,买盘
11:08:08,31.6,0.0,6,18955,买盘
11:08:12,31.57,-0.03,110,347424,卖盘
11:08:14,31.6,0.03,29,91628,买盘
11:08:16,31.58,-0.02,7,22106,买盘
11:08:21,31.58,0.0,10,31575,卖盘
11:08:23,31.58,0.0,8,25264,买盘
11:08:27,31.58,0.0,1,3158,买盘
11:08:30,31.58,0.0,4,12632,买盘
11:08:33,31.63,0.05,51,161212,买盘
11:08:34,31.58,-0.05,39,123165,卖盘
11:08:38,31.62,0.04,3,9478,买盘
11:08:42,31.62,0.0,1,3162,买盘
11:08:44,31.62,0.0,21,66398,买盘
11:08:46,31.62,0.0,4,12639,买盘
11:08:50,31.59,-0.03,6,18954,卖盘
11:08:53,31.59,0.0,80,252680,卖盘
11:08:56,31.58,-0.01,7,22112,卖盘
11:08:59,31.59,0.01,21,66324,买盘
11:09:01,31.59,0.0,54,170586,买盘
11:09:05,31.58,-0.01,2,6316,卖盘
11:09:09,31.59,0.01,5,15795,买盘
11:09:11,31.58,-0.01,15,47384,卖盘
11:09:14,31.59,0.01,16,50544,买盘
11:09:16,31.59,0.0,2,6318,卖盘
11:09:21,31.59,0.0,4,12636,卖盘
11:09:23,31.62,0.03,14,44265,买盘
11:09:27,31.62,0.0,1,3162,买盘
11:09:33,31.61,-0.01,7,22133,卖盘
11:09:35,31.61,0.0,48,151799,卖盘
11:09:39,31.62,0.01,56,176971,中性盘
11:09:42,31.62,0.0,7,22134,买盘
11:09:50,31.59,-0.03,11,34755,卖盘
11:09:53,31.6,0.01,17,53708,买盘
11:09:55,31.6,0.0,24,75818,买盘
11:09:59,31.6,0.0,4,12640,买盘
11:10:02,31.59,-0.01,3,9477,卖盘
11:10:06,31.6,0.01,58,183277,买盘
11:10:09,31.6,0.0,10,31600,买盘
11:10:12,31.6,0.0,41,129559,买盘
11:10:13,31.59,-0.01,6,18958,卖盘
11:10:18,31.58,-0.01,83,262159,卖盘
11:10:19,31.6,0.02,36,113796,卖盘
11:10:23,31.6,0.0,43,135887,卖盘
11:10:27,31.59,-0.01,16,50546,卖盘
11:10:30,31.57,-0.02,15,47361,卖盘
11:10:33,31.57,0.0,39,123139,卖盘
11:10:34,31.58,0.01,31,97858,中性盘
11:10:38,31.56,-0.02,50,157786,卖盘
11:10:41,31.55,-0.01,12,37861,卖盘
11:10:46,31.58,0.03,104,328316,买盘
11:10:50,31.58,0.0,37,116846,卖盘
11:10:54,31.59,0.01,68,214748,买盘
11:10:56,31.57,-0.02,27,85268,卖盘
11:11:00,31.57,0.0,83,261920,买盘
11:11:06,31.57,0.0,53,167311,买盘
11:11:09,31.56,-0.01,35,110459,买盘
11:11:12,31.56,0.0,40,126251,中性盘
11:11:15,31.54,-0.02,88,275507,卖盘
11:11:17,31.56,0.02,53,167163,买盘
11:11:21,31.53,-0.03,20,63065,卖盘
11:11:23,31.54,0.01,38,119821,买盘
11:11:26,31.56,0.02,21,66238,买盘
11:11:28,31.56,0.0,7,22083,买盘
11:11:33,31.53,-0.03,14,44151,卖盘
11:11:35,31.53,0.0,7,22071,卖盘
11:11:38,31.52,-0.01,36,113507,卖盘
11:11:41,31.54,0.02,53,167066,中性盘
11:11:44,31.53,-0.01,37,116661,买盘
11:11:48,31.53,0.0,8,25224,卖盘
11:11:51,31.52,-0.01,12,37828,卖盘
11:11:53,31.53,0.01,18,56754,买盘
11:11:56,31.53,0.0,15,47291,买盘
11:11:59,31.53,0.0,5,15765,买盘
11:12:02,31.53,0.0,29,91434,买盘
11:12:05,31.53,0.0,10,31530,卖盘
11:12:09,31.55,0.02,32,100947,买盘
11:12:11,31.55,0.0,5,15771,买盘
11:12:15,31.53,-0.02,112,353140,卖盘
11:12:17,31.53,0.0,62,195486,卖盘
11:12:20,31.53,0.0,52,163960,卖盘
11:12:23,31.53,0.0,9,28379,卖盘
11:12:27,31.53,0.0,18,56755,卖盘
11:12:29,31.54,0.01,15,47299,买盘
11:12:32,31.54,0.0,44,138738,买盘
11:12:35,31.54,0.0,40,126145,买盘
11:12:38,31.54,0.0,74,233344,买盘
11:12:41,31.54,0.0,5,15770,买盘
11:12:44,31.54,0.0,5,15769,买盘
11:12:47,31.58,0.04,103,325068,买盘
11:12:50,31.59,0.01,41,129433,买盘
11:12:53,31.54,-0.05,6,18919,中性盘
11:12:57,31.54,0.0,9,28383,买盘
11:12:59,31.54,0.0,77,243187,买盘
11:13:00,31.59,0.05,163,514883,买盘
11:13:04,31.58,-0.01,52,163977,中性盘
11:13:08,31.56,-0.02,3,9468,中性盘
11:13:11,31.58,0.02,43,135815,买盘
11:13:14,31.58,0.0,2,6316,买盘
11:13:17,31.57,-0.01,6,18940,中性盘
11:13:20,31.56,-0.01,55,173580,卖盘
11:13:23,31.6,0.04,100,315856,买盘
11:13:26,31.58,-0.02,12,37896,卖盘
11:13:29,31.6,0.02,26,82150,买盘
11:13:33,31.58,-0.02,4,12632,卖盘
11:13:35,31.63,0.05,117,369864,买盘
11:13:39,31.6,-0.03,42,132720,卖盘
11:13:41,31.6,0.0,20,63184,卖盘
11:13:44,31.59,-0.01,3,9478,卖盘
11:13:47,31.6,0.01,53,167350,买盘
11:13:50,31.62,0.02,100,316152,买盘
11:13:53,31.59,-0.03,7,22116,卖盘
11:14:00,31.62,0.03,7,22131,买盘
11:14:00,31.61,-0.01,21,66376,买盘
11:14:05,31.61,0.0,14,44256,卖盘
11:14:08,31.61,0.0,38,120119,卖盘
11:14:11,31.61,0.0,65,205426,买盘
11:14:14,31.61,0.0,1,3161,买盘
11:14:17,31.6,-0.01,9,28440,买盘
11:14:19,31.6,0.0,5,15800,买盘
11:14:24,31.55,-0.05,54,170447,卖盘
11:14:29,31.59,0.04,6,18954,买盘
11:14:33,31.59,0.0,4,12636,买盘
11:14:35,31.55,-0.04,36,113580,卖盘
11:14:38,31.57,0.02,5,15786,中性盘
11:14:41,31.55,-0.02,36,113659,卖盘
11:14:44,31.58,0.03,6,18939,买盘
11:14:48,31.55,-0.03,7,22085,卖盘
11:14:50,31.55,0.0,18,56817,卖盘
11:14:52,31.55,0.0,16,50507,卖盘
11:14:56,31.58,0.03,6,18933,买盘
11:14:59,31.58,0.0,4,12632,买盘
11:15:02,31.58,0.0,47,148426,买盘
11:15:05,31.59,0.01,1,3159,买盘
11:15:08,31.6,0.01,51,160956,买盘
11:15:11,31.59,-0.01,42,132708,中性盘
11:15:14,31.59,0.0,3,9477,买盘
11:15:18,31.59,0.0,4,12621,买盘
11:15:20,31.58,-0.01,6,18953,卖盘
11:15:21,31.58,0.0,1,3158,卖盘
11:15:27,31.59,0.01,2,6318,买盘
11:15:29,31.6,0.01,24,75820,买盘
11:15:32,31.6,0.0,6,18955,买盘
11:15:35,31.59,-0.01,40,126360,卖盘
11:15:38,31.58,-0.01,12,37906,卖盘
11:15:41,31.58,0.0,15,47378,卖盘
11:15:44,31.57,-0.01,6,18943,卖盘
11:15:47,31.55,-0.02,4,12623,卖盘
11:15:48,31.57,0.02,53,167181,买盘
11:15:53,31.54,-0.03,5,15773,卖盘
11:15:56,31.54,0.0,7,22082,卖盘
11:15:59,31.54,0.0,3,9462,卖盘
11:16:02,31.56,0.02,24,75744,买盘
11:16:05,31.56,0.0,31,97836,卖盘
11:16:11,31.57,0.01,57,179934,买盘
11:16:17,31.56,-0.01,43,134541,卖盘
11:16:20,31.54,-0.02,31,97811,卖盘
11:16:23,31.54,0.0,19,59927,卖盘
11:16:26,31.55,0.01,1,3155,买盘
11:16:29,31.55,0.0,42,132489,买盘
11:16:30,31.54,-0.01,74,233396,卖盘
11:16:33,31.54,0.0,28,88313,卖盘
11:16:38,31.54,0.0,59,186087,卖盘
11:16:41,31.54,0.0,6,18927,卖盘
11:16:44,31.55,0.01,1,3155,买盘
11:16:47,31.54,-0.01,15,47310,卖盘
11:16:48,31.54,0.0,38,119837,卖盘
11:16:52,31.53,-0.01,228,719083,卖盘
11:16:56,31.53,0.0,127,400411,卖盘
11:16:59,31.51,-0.02,542,1707888,卖盘
11:17:02,31.53,0.02,95,299498,买盘
11:17:05,31.52,-0.01,6,18914,卖盘
11:17:08,31.52,0.0,31,97712,买盘
11:17:11,31.51,-0.01,145,456917,卖盘
11:17:13,31.5,-0.01,505,1590753,卖盘
11:17:17,31.5,0.0,216,679930,卖盘
11:17:20,31.5,0.0,60,188950,买盘
11:17:23,31.5,0.0,14,44087,买盘
11:17:26,31.49,-0.01,24,75590,卖盘
11:17:29,31.49,0.0,6,18894,买盘
11:17:32,31.49,0.0,319,1004714,买盘
11:17:35,31.48,-0.01,100,314864,卖盘
11:17:38,31.48,0.0,8,25188,卖盘
11:17:41,31.49,0.01,274,862561,买盘
11:17:44,31.49,0.0,128,403047,买盘
11:17:47,31.5,0.01,75,236718,买盘
11:17:50,31.5,0.0,65,204750,卖盘
11:17:52,31.5,0.0,10,31500,卖盘
11:17:54,31.5,0.0,161,506678,卖盘
11:17:59,31.51,0.01,220,693585,买盘
11:18:00,31.51,0.0,176,554454,买盘
11:18:05,31.49,-0.02,91,286170,卖盘
11:18:08,31.5,0.01,13,40950,买盘
11:18:11,31.5,0.0,397,1250505,买盘
11:18:14,31.5,0.0,13,40949,买盘
11:18:17,31.49,-0.01,32,100774,卖盘
11:18:20,31.49,0.0,30,94475,卖盘
11:18:23,31.49,0.0,7,22043,卖盘
11:18:26,31.49,0.0,1,3149,买盘
11:18:29,31.49,0.0,9,28341,买盘
11:18:32,31.48,-0.01,218,686324,卖盘
11:18:35,31.46,-0.02,280,881291,卖盘
11:18:36,31.46,0.0,281,883942,卖盘
11:18:41,31.44,-0.02,360,1132149,卖盘
11:18:43,31.43,-0.01,203,638097,卖盘
11:18:47,31.43,0.0,236,741753,卖盘
11:18:50,31.42,-0.01,241,757351,卖盘
11:18:53,31.42,0.0,173,543422,买盘
11:18:55,31.41,-0.01,73,229295,卖盘
11:18:59,31.41,0.0,73,229300,卖盘
11:19:02,31.42,0.01,17,53401,买盘
11:19:05,31.42,0.0,84,263903,买盘
11:19:08,31.41,-0.01,155,486870,卖盘
11:19:11,31.42,0.01,198,621959,买盘
11:19:14,31.41,-0.01,31,97372,中性盘
11:19:17,31.41,0.0,110,345542,卖盘
11:19:20,31.42,0.01,180,565253,买盘
11:19:23,31.42,0.0,11,34562,买盘
11:19:27,31.42,0.0,25,78530,买盘
11:19:28,31.41,-0.01,10,31416,卖盘
11:19:32,31.41,0.0,23,72260,卖盘
11:19:35,31.42,0.01,282,886036,买盘
11:19:38,31.43,0.01,300,942783,买盘
11:19:40,31.43,0.0,171,537453,卖盘
11:19:44,31.44,0.01,7,22003,买盘
11:19:45,31.4,-0.04,194,609533,卖盘
11:19:50,31.42,0.02,306,962045,中性盘
11:19:52,31.44,0.02,67,210633,买盘
11:19:56,31.43,-0.01,94,295522,卖盘
11:19:59,31.43,0.0,22,69142,买盘
11:20:02,31.43,0.0,110,345681,买盘
11:20:04,31.43,0.0,118,370771,买盘
11:20:08,31.43,0.0,35,110005,卖盘
11:20:11,31.43,0.0,12,37725,卖盘
11:20:14,31.44,0.01,36,113184,买盘
11:20:17,31.42,-0.02,261,820187,卖盘
11:20:20,31.42,0.0,124,389608,买盘
11:20:23,31.42,0.0,177,556134,买盘
11:20:26,31.42,0.0,65,204226,买盘
11:20:28,31.42,0.0,61,191648,买盘
11:20:32,31.42,0.0,44,138246,卖盘
11:20:35,31.43,0.01,15,47140,买盘
11:20:38,31.43,0.0,76,238798,卖盘
11:20:40,31.44,0.01,45,141471,买盘
11:20:44,31.44,0.0,69,216838,买盘
11:20:47,31.42,-0.02,384,1206563,卖盘
11:20:50,31.42,0.0,229,719472,买盘
11:20:52,31.42,0.0,122,383588,卖盘
11:20:56,31.45,0.03,58,182387,买盘
11:20:59,31.42,-0.03,247,776075,卖盘
11:21:02,31.42,0.0,87,273354,买盘
11:21:04,31.42,0.0,113,355005,买盘
11:21:07,31.42,0.0,23,72266,买盘
11:21:11,31.42,0.0,107,336144,买盘
11:21:13,31.41,-0.01,41,128784,卖盘
11:21:17,31.42,0.01,125,392731,买盘
11:21:20,31.42,0.0,10,31413,买盘
11:21:23,31.41,-0.01,25,78530,卖盘
11:21:26,31.42,0.01,79,248159,买盘
11:21:29,31.41,-0.01,37,116231,卖盘
11:21:32,31.41,0.0,37,116217,买盘
11:21:33,31.41,0.0,67,210447,买盘
11:21:38,31.43,0.02,44,138189,买盘
11:21:41,31.41,-0.02,13,40833,卖盘
11:21:44,31.43,0.02,142,446303,买盘
11:21:47,31.43,0.0,17,53431,卖盘
11:21:48,31.43,0.0,24,75432,买盘
11:21:53,31.41,-0.02,32,100546,卖盘
11:21:56,31.43,0.02,8,25137,买盘
11:21:59,31.42,-0.01,23,72286,卖盘
11:22:02,31.43,0.01,154,483917,买盘
11:22:04,31.41,-0.02,35,109960,卖盘
11:22:06,31.41,0.0,85,267015,卖盘
11:22:10,31.42,0.01,27,84838,中性盘
11:22:14,31.42,0.0,67,210489,买盘
11:22:17,31.43,0.01,60,188552,买盘
11:22:20,31.43,0.0,4,12572,卖盘
11:22:23,31.43,0.0,34,106862,卖盘
11:22:26,31.44,0.01,77,241966,买盘
11:22:29,31.43,-0.01,95,298585,卖盘
11:22:32,31.43,0.0,16,50294,买盘
11:22:35,31.41,-0.02,61,191662,卖盘
11:22:37,31.42,0.01,10,31420,中性盘
11:22:40,31.42,0.0,61,191676,买盘
11:22:44,31.43,0.01,22,69146,买盘
11:22:45,31.42,-0.01,33,103687,卖盘
11:22:49,31.43,0.01,85,267040,买盘
11:22:53,31.42,-0.01,179,562331,卖盘
11:22:56,31.42,0.0,10,31420,买盘
11:22:58,31.43,0.01,58,182246,买盘
11:23:00,31.44,0.01,72,226356,买盘
11:23:04,31.44,0.0,7,22008,买盘
11:23:08,31.44,0.0,16,50297,买盘
11:23:11,31.44,0.0,40,125754,买盘
11:23:14,31.44,0.0,15,47161,卖盘
11:23:16,31.43,-0.01,6,18858,卖盘
11:23:20,31.44,0.01,29,91156,买盘
11:23:22,31.43,-0.01,109,342593,卖盘
11:23:26,31.44,0.01,7,22008,买盘
11:23:28,31.44,0.0,106,333048,买盘
11:23:32,31.43,-0.01,50,157057,中性盘
11:23:35,31.44,0.01,74,232619,买盘
11:23:41,31.45,0.01,29,91195,买盘
11:23:43,31.44,-0.01,34,106914,卖盘
11:23:47,31.45,0.01,16,50319,买盘
11:23:49,31.45,0.0,41,128924,买盘
11:23:53,31.43,-0.02,110,345942,卖盘
11:23:56,31.45,0.02,52,163534,买盘
11:23:59,31.45,0.0,6,18870,买盘
11:24:02,31.44,-0.01,94,295523,卖盘
11:24:04,31.44,0.0,2,6288,买盘
11:24:08,31.45,0.01,8,25156,买盘
11:24:11,31.45,0.0,6,18869,买盘
11:24:13,31.45,0.0,86,270386,买盘
11:24:17,31.43,-0.02,37,116352,卖盘
11:24:20,31.44,0.01,7,22008,买盘
11:24:22,31.44,0.0,18,56589,买盘
11:24:26,31.43,-0.01,55,172867,卖盘
11:24:29,31.43,0.0,82,257729,卖盘
11:24:32,31.43,0.0,79,248301,卖盘
11:24:35,31.44,0.01,191,600326,买盘
11:24:38,31.43,-0.01,123,386613,卖盘
11:24:41,31.44,0.01,11,34583,买盘
11:24:44,31.43,-0.01,28,88015,卖盘
11:24:47,31.43,0.0,48,150864,卖盘
11:24:50,31.44,0.01,44,138293,买盘
11:24:52,31.44,0.0,51,160344,买盘
11:24:56,31.42,-0.02,132,414890,卖盘
11:25:02,31.44,0.02,83,260935,买盘
11:25:04,31.43,-0.01,18,56581,卖盘
11:25:08,31.43,0.0,206,647280,卖盘
11:25:11,31.43,0.0,36,113119,买盘
11:25:13,31.43,0.0,49,154007,买盘
11:25:16,31.43,0.0,83,260748,买盘
11:25:20,31.43,0.0,7,22001,买盘
11:25:23,31.43,0.0,198,622323,买盘
11:25:26,31.43,0.0,40,125738,卖盘
11:25:29,31.43,0.0,46,144566,买盘
11:25:32,31.41,-0.02,251,788462,卖盘
11:25:35,31.43,0.02,32,100520,中性盘
11:25:38,31.41,-0.02,67,210448,卖盘
11:25:41,31.42,0.01,248,778974,买盘
11:25:44,31.42,0.0,8,25136,买盘
11:25:47,31.41,-0.01,29,91093,卖盘
11:25:50,31.41,0.0,15,47115,卖盘
11:25:53,31.41,0.0,5,15709,卖盘
11:25:56,31.42,0.01,5,15710,买盘
11:25:59,31.42,0.0,24,75398,买盘
11:26:01,31.42,0.0,63,197940,买盘
11:26:05,31.41,-0.01,17,53398,卖盘
11:26:08,31.42,0.01,4,12568,买盘
11:26:10,31.42,0.0,54,169622,买盘
11:26:14,31.41,-0.01,232,728746,卖盘
11:26:16,31.42,0.01,37,116247,买盘
11:26:19,31.42,0.0,121,380062,买盘
11:26:23,31.41,-0.01,13,40839,卖盘
11:26:26,31.42,0.01,17,53409,买盘
11:26:28,31.41,-0.01,9,28269,卖盘
11:26:31,31.42,0.01,47,147639,买盘
11:26:34,31.41,-0.01,1,3141,卖盘
11:26:37,31.41,0.0,244,766288,卖盘
11:26:41,31.41,0.0,15,47115,卖盘
11:26:43,31.4,-0.01,231,725346,卖盘
11:26:47,31.4,0.0,2,6281,卖盘
11:26:50,31.41,0.01,30,94230,买盘
11:26:53,31.41,0.0,51,160191,买盘
11:26:56,31.4,-0.01,72,226091,卖盘
11:26:58,31.4,0.0,43,135026,卖盘
11:27:02,31.41,0.01,154,483713,买盘
11:27:05,31.4,-0.01,156,489886,卖盘
11:27:07,31.41,0.01,6,18846,买盘
11:27:11,31.41,0.0,29,91071,买盘
11:27:14,31.4,-0.01,41,128775,卖盘
11:27:17,31.41,0.01,21,65961,买盘
11:27:20,31.4,-0.01,4,12560,卖盘
11:27:23,31.41,0.01,16,50249,买盘
11:27:26,31.41,0.0,2,6282,买盘
11:27:29,31.4,-0.01,41,128740,卖盘
11:27:32,31.41,0.01,7,21984,买盘
11:27:35,31.41,0.0,41,128743,买盘
11:27:37,31.4,-0.01,123,386220,卖盘
11:27:41,31.41,0.01,30,94205,买盘
11:27:44,31.4,-0.01,3,9420,卖盘
11:27:47,31.4,0.0,48,150739,卖盘
11:27:50,31.4,0.0,10,31405,卖盘
11:27:53,31.4,0.0,154,483564,卖盘
11:27:56,31.41,0.01,18,56534,买盘
11:27:59,31.4,-0.01,36,113052,卖盘
11:28:02,31.41,0.01,67,210431,买盘
11:28:05,31.41,0.0,13,40828,买盘
11:28:08,31.41,0.0,11,34532,买盘
11:28:11,31.4,-0.01,45,141331,卖盘
11:28:14,31.41,0.01,49,153901,买盘
11:28:17,31.41,0.0,9,28266,买盘
11:28:20,31.4,-0.01,38,119303,卖盘
11:28:23,31.39,-0.01,8,25119,卖盘
11:28:26,31.4,0.01,14,43960,买盘
11:28:29,31.39,-0.01,8,25114,卖盘
11:28:32,31.39,0.0,34,106731,卖盘
11:28:35,31.39,0.0,85,266878,卖盘
11:28:37,31.4,0.01,38,119285,卖盘
11:28:41,31.4,0.0,4,12561,卖盘
11:28:43,31.39,-0.01,17,53377,卖盘
11:28:46,31.41,0.02,34,106789,买盘
11:28:50,31.41,0.0,4,12564,买盘
11:28:53,31.41,0.0,21,65949,买盘
11:28:56,31.4,-0.01,45,141336,卖盘
11:28:59,31.42,0.02,4,12566,买盘
11:29:02,31.42,0.0,37,116246,买盘
11:29:05,31.43,0.01,57,179085,买盘
11:29:08,31.42,-0.01,4,12568,卖盘
11:29:10,31.43,0.01,8,25143,买盘
11:29:14,31.41,-0.02,27,84828,卖盘
11:29:17,31.43,0.02,8,25136,买盘
11:29:20,31.4,-0.03,8,25122,卖盘
11:29:23,31.42,0.02,5,15702,买盘
11:29:26,31.4,-0.02,2,6282,卖盘
11:29:29,31.45,0.05,116,364617,买盘
11:29:32,31.45,0.0,19,59755,卖盘
11:29:35,31.41,-0.04,36,113076,卖盘
11:29:41,31.45,0.04,9,28305,中性盘
11:29:44,31.42,-0.03,3,9426,卖盘
11:29:47,31.45,0.03,36,113220,买盘
11:29:53,31.43,-0.02,1,3143,卖盘
11:29:56,31.46,0.03,1,3146,买盘
11:29:58,31.46,0.0,12,37745,买盘
13:00:02,31.45,-0.01,260,817606,卖盘
13:00:05,31.45,0.0,422,1327163,买盘
13:00:08,31.46,0.01,183,575544,买盘
13:00:11,31.46,0.0,71,223360,买盘
13:00:14,31.46,0.0,188,591449,买盘
13:00:17,31.47,0.01,22,69229,买盘
13:00:20,31.46,-0.01,139,437429,卖盘
13:00:23,31.47,0.01,231,726997,买盘
13:00:26,31.47,0.0,55,173123,卖盘
13:00:29,31.47,0.0,16,50353,卖盘
13:00:32,31.47,0.0,16,50353,卖盘
13:00:35,31.47,0.0,23,72381,卖盘
13:00:38,31.46,-0.01,50,157331,卖盘
13:00:44,31.48,0.02,316,994768,买盘
13:00:47,31.49,0.01,72,226724,买盘
13:00:50,31.5,0.01,146,459807,买盘
13:00:53,31.51,0.01,9,28348,买盘
13:00:56,31.49,-0.02,17,53546,卖盘
13:00:59,31.5,0.01,17,53550,买盘
13:01:02,31.5,0.0,75,236250,买盘
13:01:05,31.5,0.0,12,37803,卖盘
13:01:08,31.5,0.0,5,15751,卖盘
13:01:11,31.51,0.01,29,91377,买盘
13:01:14,31.55,0.04,10,31534,买盘
13:01:17,31.51,-0.04,4,12604,卖盘
13:01:19,31.51,0.0,19,59869,卖盘
13:01:23,31.55,0.04,23,72565,买盘
13:01:29,31.53,-0.02,6,18918,卖盘
13:01:31,31.53,0.0,50,157650,中性盘
13:01:35,31.53,0.0,14,44151,卖盘
13:01:38,31.52,-0.01,73,230056,卖盘
13:01:41,31.51,-0.01,20,63027,卖盘
13:01:44,31.51,0.0,2,6303,卖盘
13:01:47,31.51,0.0,14,44114,卖盘
13:01:53,31.5,-0.01,7,22050,卖盘
13:01:55,31.51,0.01,11,34653,买盘
13:01:59,31.51,0.0,1,3151,买盘
13:02:02,31.53,0.02,83,261587,买盘
13:02:05,31.53,0.0,12,37836,卖盘
13:02:08,31.54,0.01,3,9462,买盘
13:02:11,31.53,-0.01,68,214404,卖盘
13:02:14,31.53,0.0,76,239530,卖盘
13:02:17,31.53,0.0,1,3153,买盘
13:02:20,31.53,0.0,5,15765,买盘
13:02:26,31.53,0.0,3,9459,买盘
13:02:29,31.52,-0.01,10,31517,中性盘
13:02:32,31.53,0.01,2,6306,买盘
13:02:35,31.52,-0.01,6,18913,中性盘
13:02:38,31.53,0.01,37,116624,买盘
13:02:45,31.53,0.0,151,475915,买盘
13:02:48,31.53,0.0,8,25224,中性盘
13:02:50,31.53,0.0,4,12612,卖盘
13:02:53,31.53,0.0,12,37837,卖盘
13:02:56,31.53,0.0,8,27559,卖盘
13:02:59,31.53,0.0,26,81971,卖盘
13:03:02,31.54,0.01,53,167161,买盘
13:03:05,31.54,0.0,59,186086,卖盘
13:03:08,31.53,-0.01,31,97762,卖盘
13:03:11,31.53,0.0,34,107202,买盘
13:03:14,31.55,0.02,70,220824,买盘
13:03:17,31.56,0.01,63,198885,买盘
13:03:20,31.58,0.02,66,208428,买盘
13:03:23,31.58,0.0,19,59988,卖盘
13:03:26,31.58,0.0,25,78940,买盘
13:03:32,31.56,-0.02,4,12624,卖盘
13:03:35,31.56,0.0,35,110520,卖盘
13:03:38,31.58,0.02,38,119930,买盘
13:03:41,31.56,-0.02,4,12624,卖盘
13:03:44,31.56,0.0,1,3156,卖盘
13:03:47,31.56,0.0,2,6312,卖盘
13:03:50,31.57,0.01,1,3157,买盘
13:03:53,31.57,0.0,15,47355,买盘
13:03:56,31.58,0.01,102,322096,买盘
13:03:59,31.56,-0.02,18,56838,卖盘
13:04:03,31.59,0.03,30,94770,买盘
13:04:05,31.59,0.0,29,91611,卖盘
13:04:08,31.6,0.01,2,6319,买盘
13:04:14,31.6,0.0,37,116901,买盘
13:04:17,31.59,-0.01,6,18959,卖盘
13:04:20,31.6,0.01,4,12640,买盘
13:04:26,31.59,-0.01,7,22115,卖盘
13:04:29,31.6,0.01,32,101091,买盘
13:04:33,31.59,-0.01,9,28439,卖盘
13:04:35,31.59,0.0,70,221190,卖盘
13:04:38,31.6,0.01,47,148477,买盘
13:04:41,31.6,0.0,7,22120,买盘
13:04:44,31.6,0.0,20,63200,买盘
13:04:48,31.59,-0.01,8,25278,卖盘
13:04:50,31.6,0.01,7,22115,买盘
13:04:53,31.59,-0.01,19,60035,卖盘
13:04:56,31.59,0.0,6,18956,卖盘
13:04:59,31.59,0.0,12,37915,卖盘
13:05:02,31.6,0.01,20,63198,买盘
13:05:05,31.6,0.0,41,129560,卖盘
13:05:08,31.6,0.0,4,12640,卖盘
13:05:14,31.61,0.01,101,319166,买盘
13:05:18,31.61,0.0,20,63220,买盘
13:05:23,31.61,0.0,1,3161,买盘
13:05:26,31.6,-0.01,10,31601,卖盘
13:05:29,31.6,0.0,8,25282,卖盘
13:05:33,31.61,0.01,8,25281,买盘
13:05:35,31.6,-0.01,4,12640,卖盘
13:05:38,31.6,0.0,4,12643,卖盘
13:05:41,31.6,0.0,3,9480,卖盘
13:05:44,31.62,0.02,99,312961,买盘
13:05:48,31.62,0.0,7,22134,卖盘
13:05:50,31.62,0.0,6,18972,卖盘
13:05:53,31.62,0.0,27,85366,卖盘
13:05:56,31.63,0.01,10,31623,买盘
13:05:59,31.62,-0.01,27,85374,卖盘
13:06:02,31.63,0.01,100,316295,买盘
13:06:05,31.63,0.0,117,370245,卖盘
13:06:08,31.65,0.02,129,408273,买盘
13:06:11,31.65,0.0,60,189932,卖盘
13:06:14,31.65,0.0,43,136129,卖盘
13:06:18,31.65,0.0,38,120270,卖盘
13:06:20,31.68,0.03,120,380112,买盘
13:06:24,31.65,-0.03,218,690029,卖盘
13:06:26,31.67,0.02,50,158365,买盘
13:06:29,31.67,0.0,2,6334,中性盘
13:06:32,31.65,-0.02,59,186743,卖盘
13:06:35,31.68,0.03,100,316640,买盘
13:06:38,31.65,-0.03,7,22158,买盘
13:06:41,31.67,0.02,8,25336,卖盘
13:06:44,31.67,0.0,1,3167,卖盘
13:06:47,31.67,0.0,22,69674,卖盘
13:06:50,31.68,0.01,96,304033,买盘
13:06:53,31.67,-0.01,15,47445,中性盘
13:06:56,31.67,0.0,20,63340,中性盘
13:06:59,31.67,0.0,1,3167,买盘
13:07:03,31.67,0.0,25,79175,买盘
13:07:05,31.67,0.0,24,76018,卖盘
13:07:08,31.68,0.01,97,307219,买盘
13:07:14,31.68,0.0,10,31680,买盘
13:07:18,31.67,-0.01,5,15835,卖盘
13:07:20,31.68,0.01,15,47519,买盘
13:07:23,31.68,0.0,2,6336,买盘
13:07:26,31.67,-0.01,8,25338,卖盘
13:07:29,31.66,-0.01,70,221692,卖盘
13:07:33,31.66,0.0,4,12664,买盘
13:07:35,31.63,-0.03,1,3163,卖盘
13:07:38,31.66,0.03,6,18981,买盘
13:07:41,31.63,-0.03,5,15815,卖盘
13:07:44,31.66,0.03,48,151968,买盘
13:07:48,31.66,0.0,1,3166,买盘
13:07:50,31.66,0.0,19,60153,买盘
13:07:53,31.64,-0.02,18,56958,卖盘
13:07:56,31.65,0.01,10,31650,买盘
13:08:00,31.65,0.0,1,3165,买盘
13:08:03,31.65,0.0,44,139232,买盘
13:08:06,31.65,0.0,4,12660,卖盘
13:08:12,31.66,0.01,13,41147,买盘
13:08:14,31.65,-0.01,8,25325,卖盘
13:08:17,31.66,0.01,12,37990,买盘
13:08:24,31.66,0.0,5,15830,卖盘
13:08:26,31.67,0.01,21,66488,买盘
13:08:30,31.67,0.0,3,9501,买盘
13:08:33,31.67,0.0,9,28503,买盘
13:08:36,31.66,-0.01,11,34826,卖盘
13:08:38,31.67,0.01,51,161497,买盘
13:08:41,31.67,0.0,3,9501,买盘
13:08:48,31.66,-0.01,12,37992,买盘
13:08:50,31.66,0.0,59,186838,卖盘
13:08:54,31.66,0.0,13,41158,卖盘
13:08:56,31.67,0.01,3,9501,买盘
13:08:59,31.67,0.0,91,288214,买盘
13:09:03,31.67,0.0,65,205797,买盘
13:09:09,31.68,0.01,9,28506,买盘
13:09:11,31.67,-0.01,22,69674,卖盘
13:09:14,31.68,0.01,101,319875,买盘
13:09:17,31.67,-0.01,10,31670,卖盘
13:09:21,31.68,0.01,5,15836,买盘
13:09:24,31.67,-0.01,1,3167,卖盘
13:09:26,31.67,0.0,22,69695,卖盘
13:09:30,31.68,0.01,16,50680,买盘
13:09:33,31.68,0.0,2,6336,买盘
13:09:36,31.67,-0.01,4,12668,卖盘
13:09:38,31.67,0.0,25,79195,卖盘
13:09:42,31.68,0.01,5,15840,买盘
13:09:45,31.67,-0.01,16,50673,卖盘
13:09:47,31.67,0.0,53,167860,卖盘
13:09:51,31.67,0.0,5,15835,卖盘
13:09:54,31.68,0.01,10,31677,买盘
13:09:56,31.68,0.0,3,9504,买盘
13:10:00,31.67,-0.01,14,44350,卖盘
13:10:03,31.68,0.01,130,411835,买盘
13:10:06,31.67,-0.01,28,88676,卖盘
13:10:09,31.67,0.0,15,47514,卖盘
13:10:12,31.68,0.01,57,180567,买盘
13:10:14,31.67,-0.01,8,25343,卖盘
13:10:17,31.68,0.01,6,19008,买盘
13:10:21,31.67,-0.01,40,126700,卖盘
13:10:24,31.68,0.01,56,177357,买盘
13:10:27,31.66,-0.02,15,47503,卖盘
13:10:30,31.66,0.0,7,22164,卖盘
13:10:36,31.66,0.0,1,3166,卖盘
13:10:38,31.66,0.0,5,15830,卖盘
13:10:42,31.66,0.0,66,208961,卖盘
13:10:45,31.66,0.0,19,60154,卖盘
13:10:48,31.66,0.0,1,3166,买盘
13:10:51,31.65,-0.01,5,15825,卖盘
13:10:54,31.66,0.01,3,9498,买盘
13:10:57,31.65,-0.01,82,259532,卖盘
13:11:00,31.65,0.0,4,12659,买盘
13:11:03,31.65,0.0,125,395603,买盘
13:11:05,31.64,-0.01,11,34814,中性盘
13:11:09,31.63,-0.01,44,139190,卖盘
13:11:12,31.65,0.02,4,12660,买盘
13:11:15,31.65,0.0,4,12660,买盘
13:11:17,31.65,0.0,1,3165,买盘
13:11:21,31.63,-0.02,96,303654,卖盘
13:11:24,31.65,0.02,1,3165,买盘
13:11:27,31.63,-0.02,13,41121,卖盘
13:11:30,31.63,0.0,13,41125,卖盘
13:11:33,31.63,0.0,3,9489,卖盘
13:11:36,31.65,0.02,58,183570,买盘
13:11:39,31.66,0.01,199,629860,买盘
13:11:41,31.65,-0.01,47,148760,买盘
13:11:45,31.65,0.0,23,72795,卖盘
13:11:48,31.66,0.01,47,148802,买盘
13:11:51,31.66,0.0,17,53822,买盘
13:11:54,31.66,0.0,1,3166,买盘
13:11:57,31.65,-0.01,255,807324,卖盘
13:12:00,31.65,0.0,106,335527,买盘
13:12:03,31.66,0.01,47,148780,买盘
13:12:06,31.66,0.0,11,34826,卖盘
13:12:09,31.66,0.0,15,47490,卖盘
13:12:11,31.69,0.03,3,9507,买盘
13:12:14,31.67,-0.02,25,79197,卖盘
13:12:21,31.67,0.0,32,101397,卖盘
13:12:24,31.69,0.02,10,31690,买盘
13:12:27,31.67,-0.02,8,25340,卖盘
13:12:30,31.69,0.02,17,53852,买盘
13:12:33,31.69,0.0,2,6338,买盘
13:12:35,31.67,-0.02,1,3167,卖盘
13:12:39,31.67,0.0,4,12668,卖盘
13:12:42,31.7,0.03,205,649816,买盘
13:12:44,31.67,-0.03,47,148859,卖盘
13:12:47,31.68,0.01,46,145724,买盘
13:12:50,31.69,0.01,6,19009,买盘
13:12:54,31.68,-0.01,52,164831,卖盘
13:12:56,31.69,0.01,4,12677,买盘
13:13:00,31.68,-0.01,20,63370,卖盘
13:13:03,31.7,0.02,57,180628,买盘
13:13:06,31.7,0.0,11,34870,卖盘
13:13:08,31.71,0.01,9,28534,买盘
13:13:12,31.7,-0.01,39,123633,卖盘
13:13:15,31.71,0.01,4,12684,买盘
13:13:18,31.71,0.0,5,15855,买盘
13:13:21,31.71,0.0,22,69753,买盘
13:13:27,31.72,0.01,352,1116433,买盘
13:13:29,31.71,-0.01,46,145844,卖盘
13:13:33,31.7,-0.01,3,9512,卖盘
13:13:36,31.72,0.02,29,91950,买盘
13:13:38,31.71,-0.01,4,12684,卖盘
13:13:42,31.72,0.01,8,25376,买盘
13:13:48,31.72,0.0,75,237900,买盘
13:13:51,31.71,-0.01,194,615348,卖盘
13:13:54,31.71,0.0,5,15855,买盘
13:13:57,31.71,0.0,9,28534,买盘
13:14:00,31.7,-0.01,10,31706,卖盘
13:14:03,31.71,0.01,88,279026,买盘
13:14:06,31.71,0.0,54,171234,卖盘
13:14:09,31.72,0.01,192,608895,买盘
13:14:12,31.71,-0.01,1,3171,中性盘
13:14:15,31.71,0.0,14,44389,买盘
13:14:17,31.71,0.0,5,15855,买盘
13:14:21,31.7,-0.01,404,1281167,卖盘
13:14:23,31.7,0.0,15,47560,卖盘
13:14:27,31.72,0.02,39,123678,买盘
13:14:30,31.7,-0.02,5,15850,卖盘
13:14:33,31.7,0.0,5,15850,卖盘
13:14:36,31.71,0.01,5,15855,卖盘
13:14:39,31.71,0.0,4,12684,卖盘
13:14:42,31.71,0.0,2,6342,卖盘
13:14:45,31.71,0.0,12,38053,卖盘
13:14:48,31.71,0.0,2,6342,买盘
13:14:51,31.71,0.0,7,22197,买盘
13:14:53,31.71,0.0,12,38048,买盘
13:14:57,31.71,0.0,5,15855,买盘
13:15:00,31.71,0.0,1,3171,买盘
13:15:03,31.71,0.0,75,237825,买盘
13:15:06,31.71,0.0,10,31710,卖盘
13:15:09,31.71,0.0,4,12684,卖盘
13:15:11,31.72,0.01,55,174408,买盘
13:15:15,31.72,0.0,23,72953,买盘
13:15:18,31.72,0.0,38,120532,买盘
13:15:21,31.73,0.01,9,28551,买盘
13:15:23,31.72,-0.01,5,15864,卖盘
13:15:27,31.73,0.01,2,6346,买盘
13:15:30,31.72,-0.01,17,53925,卖盘
13:15:33,31.73,0.01,9,28552,买盘
13:15:36,31.73,0.0,2,6345,买盘
13:15:39,31.72,-0.01,10,31720,卖盘
13:15:42,31.73,0.01,11,34893,买盘
13:15:45,31.72,-0.01,8,25376,卖盘
13:15:48,31.72,0.0,28,88816,卖盘
13:15:53,31.72,0.0,40,126880,买盘
13:15:57,31.72,0.0,9,28547,买盘
13:15:59,31.71,-0.01,6,19026,卖盘
13:16:03,31.72,0.01,58,183937,买盘
13:16:06,31.72,0.0,14,44408,卖盘
13:16:09,31.73,0.01,16,50764,买盘
13:16:12,31.72,-0.01,10,31720,卖盘
13:16:15,31.72,0.0,24,76133,卖盘
13:16:18,31.72,0.0,4,12688,卖盘
13:16:21,31.73,0.01,3,9519,买盘
13:16:24,31.72,-0.01,7,22204,卖盘
13:16:26,31.75,0.03,262,831465,买盘
13:16:30,31.73,-0.02,146,463539,中性盘
13:16:33,31.75,0.02,18,57133,买盘
13:16:36,31.75,0.0,33,104775,买盘
13:16:39,31.72,-0.03,30,95192,卖盘
13:16:42,31.72,0.0,6,19035,卖盘
13:16:44,31.72,0.0,15,47591,卖盘
13:16:48,31.73,0.01,10,31730,买盘
13:16:50,31.75,0.02,73,231668,买盘
13:16:54,31.73,-0.02,2,6346,中性盘
13:16:57,31.74,0.01,10,31734,中性盘
13:17:00,31.73,-0.01,12,38079,卖盘
13:17:03,31.75,0.02,51,161849,买盘
13:17:06,31.74,-0.01,107,339619,卖盘
13:17:09,31.75,0.01,9,28567,买盘
13:17:12,31.74,-0.01,29,92046,卖盘
13:17:15,31.73,-0.01,12,38083,卖盘
13:17:18,31.74,0.01,1,3174,买盘
13:17:20,31.74,0.0,41,130128,买盘
13:17:24,31.74,0.0,2,6348,买盘
13:17:27,31.74,0.0,2,6348,买盘
13:17:29,31.74,0.0,23,73002,买盘
13:17:32,31.74,0.0,11,34917,卖盘
13:17:36,31.74,0.0,1,3174,买盘
13:17:39,31.74,0.0,4,12696,卖盘
13:17:42,31.75,0.01,3,9525,买盘
13:17:44,31.74,-0.01,13,41267,卖盘
13:17:47,31.75,0.01,11,34915,买盘
13:17:51,31.75,0.0,27,85725,买盘
13:17:53,31.75,0.0,5,15875,买盘
13:17:56,31.74,-0.01,11,34915,卖盘
13:18:00,31.74,0.0,36,114287,卖盘
13:18:02,31.74,0.0,125,396750,买盘
13:18:06,31.74,0.0,7,22218,买盘
13:18:09,31.74,0.0,4,12696,买盘
13:18:12,31.73,-0.01,4,12692,卖盘
13:18:15,31.74,0.01,5,15870,买盘
13:18:21,31.74,0.0,12,38088,买盘
13:18:24,31.73,-0.01,9,28557,卖盘
13:18:27,31.74,0.01,2,6348,买盘
13:18:36,31.73,-0.01,30,95214,卖盘
13:18:39,31.73,0.0,25,79345,卖盘
13:18:42,31.74,0.01,38,120612,买盘
13:18:44,31.73,-0.01,32,101537,卖盘
13:18:48,31.73,0.0,47,149131,卖盘
13:18:51,31.73,0.0,3,9519,卖盘
13:18:53,31.74,0.01,28,88872,买盘
13:18:56,31.74,0.0,61,193609,买盘
13:18:59,31.74,0.0,10,31740,卖盘
13:19:03,31.75,0.01,134,425439,买盘
13:19:06,31.75,0.0,2,6349,买盘
13:19:09,31.74,-0.01,33,104789,卖盘
13:19:12,31.76,0.02,28,88921,买盘
13:19:15,31.75,-0.01,47,149251,卖盘
13:19:18,31.75,0.0,65,206429,卖盘
13:19:20,31.77,0.02,56,177833,买盘
13:19:23,31.74,-0.03,76,241298,卖盘
13:19:27,31.76,0.02,7,22232,买盘
13:19:29,31.76,0.0,38,120688,买盘
13:19:33,31.76,0.0,17,53987,买盘
13:19:36,31.76,0.0,62,196912,买盘
13:19:39,31.76,0.0,18,57168,卖盘
13:19:42,31.76,0.0,12,38105,卖盘
13:19:45,31.77,0.01,2,6354,买盘
13:19:48,31.76,-0.01,4,12704,卖盘
13:19:51,31.76,0.0,83,262280,卖盘
13:19:53,31.76,0.0,23,73027,买盘
13:19:57,31.75,-0.01,7,22231,卖盘
13:20:00,31.76,0.01,308,978208,买盘
13:20:03,31.76,0.0,68,215968,买盘
13:20:06,31.78,0.02,790,2510416,买盘
13:20:09,31.76,-0.02,26,82608,卖盘
13:20:11,31.77,0.01,25,79425,买盘
13:20:15,31.77,0.0,27,85779,买盘
13:20:18,31.77,0.0,2,6354,买盘
13:20:20,31.77,0.0,12,38123,买盘
13:20:24,31.76,-0.01,174,552652,卖盘
13:20:27,31.76,0.0,7,22235,卖盘
13:20:29,31.76,0.0,38,120685,卖盘
13:20:32,31.76,0.0,2,6351,买盘
13:20:36,31.76,0.0,30,95280,买盘
13:20:39,31.76,0.0,25,79400,买盘
13:20:42,31.76,0.0,6,19052,买盘
13:20:45,31.76,0.0,8,25406,买盘
13:20:48,31.75,-0.01,211,669925,卖盘
13:20:51,31.76,0.01,2,6351,买盘
13:20:54,31.75,-0.01,81,257244,卖盘
13:20:57,31.76,0.01,18,57163,买盘
13:21:00,31.76,0.0,2,6352,买盘
13:21:03,31.76,0.0,123,390648,买盘
13:21:05,31.76,0.0,11,34936,买盘
13:21:09,31.75,-0.01,10,31750,卖盘
13:21:11,31.76,0.01,16,50802,买盘
13:21:14,31.75,-0.01,21,66680,卖盘
13:21:18,31.76,0.01,11,34936,买盘
13:21:21,31.75,-0.01,1,3175,卖盘
13:21:24,31.75,0.0,5,15875,卖盘
13:21:26,31.76,0.01,5,15880,买盘
13:21:30,31.76,0.0,226,717774,买盘
13:21:33,31.75,-0.01,42,134620,卖盘
13:21:39,31.75,0.0,18,57150,买盘
13:21:42,31.74,-0.01,12,38088,卖盘
13:21:45,31.75,0.01,3,9525,买盘
13:21:48,31.74,-0.01,13,41262,卖盘
13:21:50,31.75,0.01,4,12699,买盘
13:21:53,31.74,-0.01,12,38090,卖盘
13:21:57,31.73,-0.01,8,25390,卖盘
13:22:00,31.73,0.0,3,9519,卖盘
13:22:03,31.74,0.01,150,476070,买盘
13:22:06,31.73,-0.01,9,28557,中性盘
13:22:09,31.73,0.0,112,355367,买盘
13:22:11,31.73,0.0,7,22207,买盘
13:22:15,31.73,0.0,26,82479,买盘
13:22:21,31.72,-0.01,4,12688,卖盘
13:22:24,31.72,0.0,32,101505,卖盘
13:22:26,31.71,-0.01,34,107837,卖盘
13:22:30,31.71,0.0,14,44405,卖盘
13:22:33,31.72,0.01,227,720039,买盘
13:22:36,31.72,0.0,17,53924,卖盘
13:22:39,31.72,0.0,15,47580,卖盘
13:22:42,31.7,-0.02,190,602529,卖盘
13:22:45,31.7,0.0,9,28523,买盘
13:22:48,31.7,0.0,1,3170,买盘
13:22:51,31.69,-0.01,6,19014,卖盘
13:22:54,31.69,0.0,60,190140,卖盘
13:22:57,31.69,0.0,3,9508,卖盘
13:23:00,31.7,0.01,2,6340,买盘
13:23:03,31.7,0.0,124,393080,买盘
13:23:06,31.7,0.0,1,3170,买盘
13:23:12,31.7,0.0,5,15846,买盘
13:23:14,31.7,0.0,10,31700,买盘
13:23:17,31.69,-0.01,6,19014,卖盘
13:23:21,31.69,0.0,12,38028,卖盘
13:23:27,31.7,0.01,1,3170,买盘
13:23:30,31.7,0.0,11,34860,买盘
13:23:33,31.7,0.0,1,3170,买盘
13:23:36,31.7,0.0,2,6340,买盘
13:23:39,31.69,-0.01,10,31690,卖盘
13:23:41,31.69,0.0,16,50704,卖盘
13:23:44,31.69,0.0,2,6339,卖盘
13:23:47,31.69,0.0,30,95070,卖盘
13:23:51,31.69,0.0,3,9507,买盘
13:23:54,31.68,-0.01,32,101389,卖盘
13:23:57,31.69,0.01,1,3169,买盘
13:23:59,31.68,-0.01,2,6336,卖盘
13:24:03,31.69,0.01,195,617886,买盘
13:24:06,31.69,0.0,4,12674,买盘
13:24:09,31.68,-0.01,9,28514,卖盘
13:24:12,31.69,0.01,11,34851,买盘
13:24:14,31.69,0.0,8,25352,买盘
13:24:18,31.69,0.0,6,19010,买盘
13:24:21,31.67,-0.02,81,256566,卖盘
13:24:24,31.69,0.02,18,57015,买盘
13:24:27,31.69,0.0,7,22183,买盘
13:24:30,31.65,-0.04,170,536857,卖盘
13:24:33,31.68,0.03,3,9504,中性盘
13:24:35,31.67,-0.01,15,47505,卖盘
13:24:39,31.68,0.01,1,3168,买盘
13:24:41,31.67,-0.01,3,9501,卖盘
13:24:45,31.67,0.0,14,44334,买盘
13:24:48,31.66,-0.01,8,25328,卖盘
13:24:51,31.66,0.0,48,151968,卖盘
13:24:56,31.67,0.01,9,28498,买盘
13:24:59,31.66,-0.01,11,34827,卖盘
13:25:03,31.67,0.01,123,389541,买盘
13:25:05,31.67,0.0,1,3167,买盘
13:25:08,31.66,-0.01,1,3166,卖盘
13:25:12,31.67,0.01,6,18997,买盘
13:25:14,31.66,-0.01,37,117174,卖盘
13:25:17,31.66,0.0,10,31660,卖盘
13:25:21,31.66,0.0,42,132972,卖盘
13:25:23,31.6,-0.06,396,1254008,卖盘
13:25:27,31.6,0.0,128,403089,买盘
13:25:30,31.63,0.03,55,173871,中性盘
13:25:33,31.63,0.0,3,9489,买盘
13:25:36,31.61,-0.02,38,120184,卖盘
13:25:39,31.6,-0.01,10,31609,卖盘
13:25:42,31.63,0.03,75,237225,买盘
13:25:45,31.61,-0.02,4,12644,买盘
13:25:47,31.63,0.02,28,88564,买盘
13:25:51,31.63,0.0,1,3163,买盘
13:25:53,31.63,0.0,4,12652,卖盘
13:26:00,31.66,0.03,3,9498,买盘
13:26:03,31.61,-0.05,241,762471,卖盘
13:26:06,31.61,0.0,25,79025,买盘
13:26:09,31.61,0.0,1,3161,买盘
13:26:12,31.61,0.0,7,22123,买盘
13:26:15,31.63,0.02,73,230746,买盘
13:26:18,31.63,0.0,4,12652,卖盘
13:26:20,31.65,0.02,8,25306,买盘
13:26:24,31.65,0.0,10,31650,买盘
13:26:27,31.63,-0.02,3,9491,卖盘
13:26:33,31.64,0.01,3,9492,买盘
13:26:36,31.63,-0.01,25,79075,卖盘
13:26:39,31.63,0.0,7,22129,买盘
13:26:42,31.63,0.0,7,22141,买盘
13:26:44,31.63,0.0,3,9489,买盘
13:26:48,31.62,-0.01,9,28459,卖盘
13:26:50,31.62,0.0,2,6324,卖盘
13:26:53,31.61,-0.01,135,426792,卖盘
13:26:57,31.6,-0.01,26,82161,卖盘
13:27:03,31.6,0.0,73,230680,买盘
13:27:06,31.6,0.0,15,47402,卖盘
13:27:09,31.6,0.0,2,6320,卖盘
13:27:12,31.6,0.0,4,12640,卖盘
13:27:14,31.61,0.01,12,37932,买盘
13:27:18,31.61,0.0,86,271846,买盘
13:27:21,31.6,-0.01,204,644643,卖盘
13:27:24,31.61,0.01,17,53737,中性盘
13:27:27,31.6,-0.01,3,9482,卖盘
13:27:32,31.61,0.01,2,6322,买盘
13:27:36,31.61,0.0,23,72703,买盘
13:27:39,31.6,-0.01,6,18961,卖盘
13:27:41,31.6,0.0,5,15801,卖盘
13:27:45,31.6,0.0,1,3160,卖盘
13:27:47,31.61,0.01,78,246558,买盘
13:27:51,31.61,0.0,6,18966,卖盘
13:27:57,31.63,0.02,2,6326,买盘
13:28:00,31.63,0.0,24,75912,买盘
13:28:03,31.63,0.0,152,480716,买盘
13:28:06,31.63,0.0,1,3163,买盘
13:28:09,31.62,-0.01,8,25297,中性盘
13:28:12,31.62,0.0,9,28459,卖盘
13:28:15,31.63,0.01,33,104343,买盘
13:28:18,31.63,0.0,95,300485,买盘
13:28:21,31.64,0.01,6,18984,买盘
13:28:24,31.64,0.0,36,113897,买盘
13:28:26,31.64,0.0,4,12656,买盘
13:28:30,31.64,0.0,30,94920,买盘
13:28:33,31.65,0.01,6,18990,买盘
13:28:35,31.63,-0.02,201,635841,卖盘
13:28:38,31.63,0.0,12,37956,买盘
13:28:42,31.67,0.04,26,82282,买盘
13:28:45,31.65,-0.02,1,3165,卖盘
13:28:48,31.6,-0.05,171,540614,卖盘
13:28:51,31.6,0.0,162,511920,买盘
13:28:53,31.64,0.04,5,15820,买盘
13:28:57,31.62,-0.02,38,120156,买盘
13:28:59,31.62,0.0,1,3162,卖盘
13:29:02,31.62,0.0,47,148614,买盘
13:29:06,31.62,0.0,6,18972,卖盘
13:29:08,31.65,0.03,207,655134,买盘
13:29:12,31.62,-0.03,6,18978,卖盘
13:29:15,31.65,0.03,6,18990,买盘
13:29:24,31.64,-0.01,1,3164,买盘
13:29:27,31.64,0.0,2,6328,买盘
13:29:30,31.62,-0.02,4,12648,卖盘
13:29:33,31.62,0.0,5,15814,卖盘
13:29:36,31.64,0.02,39,123393,买盘
13:29:41,31.63,-0.01,6,18979,卖盘
13:29:47,31.64,0.01,11,34795,买盘
13:29:51,31.64,0.0,38,120232,买盘
13:29:54,31.64,0.0,9,28476,卖盘
13:29:57,31.64,0.0,12,37969,卖盘
13:30:00,31.65,0.01,1,3165,买盘
13:30:02,31.65,0.0,21,66461,买盘
13:30:06,31.65,0.0,4,12660,卖盘
13:30:09,31.65,0.0,8,25320,卖盘
13:30:11,31.65,0.0,6,18990,卖盘
13:30:14,31.66,0.01,19,60144,买盘
13:30:18,31.66,0.0,21,66486,买盘
13:30:21,31.66,0.0,2,6332,中性盘
13:30:24,31.67,0.01,5,15833,买盘
13:30:27,31.66,-0.01,10,31662,卖盘
13:30:30,31.67,0.01,3,9501,买盘
13:30:33,31.67,0.0,13,41161,买盘
13:30:36,31.66,-0.01,35,110810,卖盘
13:30:41,31.67,0.01,207,655881,买盘
13:30:44,31.67,0.0,10,31670,买盘
13:30:48,31.69,0.02,45,142605,买盘
13:30:51,31.69,0.0,20,63380,卖盘
13:30:54,31.7,0.01,35,110927,买盘
13:30:56,31.7,0.0,3,9510,买盘
13:30:59,31.7,0.0,1,3170,买盘
13:31:03,31.7,0.0,55,174340,买盘
13:31:05,31.7,0.0,5,15850,卖盘
13:31:09,31.71,0.01,6,19022,买盘
13:31:12,31.7,-0.01,24,76080,卖盘
13:31:15,31.7,0.0,9,28535,卖盘
13:31:18,31.71,0.01,67,212457,买盘
13:31:21,31.75,0.04,29,92031,买盘
13:31:24,31.73,-0.02,2,6344,中性盘
13:31:27,31.73,0.0,2,6346,买盘
13:31:29,31.71,-0.02,44,139544,卖盘
13:31:33,31.73,0.02,13,41249,买盘
13:31:35,31.73,0.0,1,3173,卖盘
13:31:41,31.73,0.0,4,12692,卖盘
13:31:45,31.73,0.0,178,564794,卖盘
13:31:48,31.75,0.02,61,193628,买盘
13:31:50,31.73,-0.02,5,15865,卖盘
13:31:53,31.73,0.0,102,323823,卖盘
13:31:56,31.73,0.0,6,19040,卖盘
13:32:00,31.76,0.03,27,85752,买盘
13:32:03,31.76,0.0,52,165150,买盘
13:32:05,31.76,0.0,13,41289,卖盘
13:32:09,31.76,0.0,95,301720,卖盘
13:32:12,31.76,0.0,45,142914,卖盘
13:32:15,31.75,-0.01,37,117492,卖盘
13:32:18,31.76,0.01,1,3176,买盘
13:32:21,31.74,-0.02,9,28567,卖盘
13:32:24,31.73,-0.01,5,15865,卖盘
13:32:26,31.73,0.0,16,50769,卖盘
13:32:30,31.71,-0.02,97,307760,卖盘
13:32:33,31.71,0.0,11,34894,卖盘
13:32:36,31.71,0.0,6,19026,卖盘
13:32:39,31.72,0.01,2,6343,买盘
13:32:42,31.71,-0.01,4,12684,卖盘
13:32:45,31.71,0.0,5,15858,卖盘
13:32:48,31.71,0.0,36,114166,卖盘
13:32:51,31.71,0.0,12,38052,卖盘
13:32:54,31.72,0.01,5,15860,买盘
13:32:56,31.71,-0.01,8,25370,卖盘
13:33:00,31.71,0.0,21,66591,卖盘
13:33:03,31.72,0.01,53,168116,买盘
13:33:06,31.72,0.0,54,171292,卖盘
13:33:09,31.72,0.0,6,19032,卖盘
13:33:12,31.73,0.01,18,57098,买盘
13:33:15,31.73,0.0,59,187128,买盘
13:33:18,31.73,0.0,1,3173,买盘
13:33:20,31.7,-0.03,26,82434,卖盘
13:33:24,31.66,-0.04,29,91904,卖盘
13:33:27,31.73,0.07,23,72839,买盘
13:33:29,31.73,0.0,12,38049,买盘
13:33:36,31.7,-0.03,12,38025,买盘
13:33:38,31.67,-0.03,7,22169,卖盘
13:33:42,31.67,0.0,6,19005,卖盘
13:33:44,31.68,0.01,1,3168,买盘
13:33:48,31.68,0.0,11,34848,买盘
13:33:51,31.65,-0.03,52,164644,卖盘
13:33:56,31.65,0.0,30,94936,卖盘
13:34:00,31.64,-0.01,24,75938,卖盘
13:34:03,31.64,0.0,128,404992,买盘
13:34:05,31.64,0.0,12,37968,买盘
13:34:09,31.64,0.0,3,9491,买盘
13:34:12,31.64,0.0,51,161364,买盘
13:34:14,31.65,0.01,52,164532,买盘
13:34:17,31.65,0.0,14,44318,卖盘
13:34:21,31.68,0.03,45,142517,买盘
13:34:24,31.68,0.0,2,6336,卖盘
13:34:30,31.68,0.0,25,79200,卖盘
13:34:32,31.68,0.0,1,3168,卖盘
13:34:36,31.69,0.01,36,114084,买盘
13:34:44,31.71,0.02,25,79244,买盘
13:34:47,31.7,-0.01,2,6340,卖盘
13:34:51,31.7,0.0,9,28530,卖盘
13:34:57,31.71,0.01,7,22197,买盘
13:35:03,31.71,0.0,34,107786,买盘
13:35:06,31.72,0.01,8,25370,买盘
13:35:08,31.71,-0.01,119,377349,卖盘
13:35:12,31.71,0.0,15,47566,卖盘
13:35:15,31.71,0.0,207,656596,买盘
13:35:18,31.71,0.0,17,53907,买盘
13:35:21,31.7,-0.01,2,6340,卖盘
13:35:23,31.71,0.01,13,41212,买盘
13:35:26,31.7,-0.01,24,76080,卖盘
13:35:30,31.69,-0.01,27,85564,卖盘
13:35:33,31.69,0.0,10,31690,卖盘
13:35:36,31.68,-0.01,25,79200,卖盘
13:35:38,31.69,0.01,8,25349,买盘
13:35:45,31.68,-0.01,6,19008,卖盘
13:35:48,31.68,0.0,2,6337,卖盘
13:35:51,31.64,-0.04,50,158245,卖盘
13:35:56,31.68,0.04,2,6336,买盘
13:36:00,31.68,0.0,8,25344,买盘
13:36:02,31.68,0.0,89,281952,买盘
13:36:06,31.69,0.01,43,136260,买盘
13:36:09,31.68,-0.01,59,186975,卖盘
13:36:12,31.69,0.01,38,120422,买盘
13:36:15,31.69,0.0,36,114090,买盘
13:36:18,31.69,0.0,7,22183,卖盘
13:36:20,31.75,0.06,65,206320,买盘
13:36:24,31.73,-0.02,22,69806,买盘
13:36:26,31.74,0.01,19,60323,卖盘
13:36:30,31.75,0.01,77,244464,买盘
13:36:33,31.75,0.0,11,35243,卖盘
13:36:35,31.75,0.0,30,95250,卖盘
13:36:39,31.76,0.01,14,44460,买盘
13:36:42,31.75,-0.01,15,47625,中性盘
13:36:44,31.74,-0.01,15,47608,买盘
13:36:48,31.72,-0.02,2,6346,卖盘
13:36:51,31.74,0.02,2,6348,买盘
13:36:54,31.73,-0.01,26,82499,卖盘
13:36:56,31.73,0.0,28,88866,卖盘
13:36:59,31.73,0.0,56,177743,中性盘
13:37:02,31.73,0.0,152,482548,买盘
13:37:06,31.75,0.02,25,79371,买盘
13:37:09,31.75,0.0,2,6350,买盘
13:37:11,31.74,-0.01,17,53972,卖盘
13:37:15,31.75,0.01,33,104752,买盘
13:37:17,31.74,-0.01,10,31745,卖盘
13:37:21,31.75,0.01,30,95250,买盘
13:37:23,31.75,0.0,8,25400,买盘
13:37:26,31.75,0.0,39,123843,买盘
13:37:30,31.78,0.03,58,184237,买盘
13:37:33,31.75,-0.03,73,231709,卖盘
13:37:39,31.75,0.0,91,288981,卖盘
13:37:41,31.75,0.0,5,15875,买盘
13:37:45,31.75,0.0,94,298430,买盘
13:37:47,31.75,0.0,35,111128,卖盘
13:37:51,31.75,0.0,27,85731,卖盘
13:37:53,31.78,0.03,10,31780,买盘
13:37:57,31.75,-0.03,5,15883,卖盘
13:37:58,31.77,0.02,23,73071,买盘
13:38:03,31.78,0.01,36,114374,买盘
13:38:05,31.77,-0.01,10,31775,卖盘
13:38:08,31.77,0.0,2,6354,卖盘
13:38:11,31.77,0.0,98,311347,卖盘
13:38:14,31.77,0.0,9,28593,卖盘
13:38:18,31.78,0.01,173,549774,买盘
13:38:20,31.75,-0.03,52,165194,卖盘
13:38:23,31.77,0.02,16,50836,中性盘
13:38:26,31.78,0.01,13,41308,买盘
13:38:29,31.77,-0.01,1,3177,卖盘
13:38:31,31.77,0.0,2,6354,买盘
13:38:36,31.77,0.0,15,47655,买盘
13:38:38,31.77,0.0,64,203328,买盘
13:38:42,31.77,0.0,9,28593,买盘
13:38:44,31.77,0.0,123,390810,买盘
13:38:47,31.77,0.0,9,28593,买盘
13:38:51,31.77,0.0,82,260576,买盘
13:38:54,31.75,-0.02,41,130223,卖盘
13:38:56,31.75,0.0,5,15877,卖盘
13:39:00,31.77,0.02,9,28593,卖盘
13:39:03,31.77,0.0,33,104841,买盘
13:39:05,31.77,0.0,175,556067,卖盘
13:39:08,31.77,0.0,7,22239,买盘
13:39:11,31.76,-0.01,12,38120,卖盘
13:39:14,31.76,0.0,17,54004,卖盘
13:39:18,31.77,0.01,20,63540,买盘
13:39:20,31.77,0.0,38,120754,卖盘
13:39:23,31.79,0.02,158,502107,买盘
13:39:26,31.76,-0.03,17,54002,卖盘
13:39:29,31.79,0.03,126,400445,买盘
13:39:32,31.79,0.0,2,6358,买盘
13:39:38,31.79,0.0,41,130334,买盘
13:39:41,31.77,-0.02,6,19062,卖盘
13:39:45,31.79,0.02,38,120789,买盘
13:39:46,31.77,-0.02,2,6355,卖盘
13:39:50,31.78,0.01,18,57201,买盘
13:39:53,31.77,-0.01,19,60375,卖盘
13:39:55,31.77,0.0,227,721181,卖盘
13:39:59,31.76,-0.01,37,117532,卖盘
13:40:02,31.78,0.02,162,514804,买盘
13:40:05,31.77,-0.01,21,66717,卖盘
13:40:08,31.77,0.0,16,50833,卖盘
13:40:11,31.77,0.0,5,15885,卖盘
13:40:15,31.78,0.01,6,19058,买盘
13:40:17,31.75,-0.03,27,85725,卖盘
13:40:21,31.75,0.0,91,288927,卖盘
13:40:23,31.76,0.01,127,403328,买盘
13:40:27,31.73,-0.03,7,22217,卖盘
13:40:29,31.73,0.0,1,3173,卖盘
13:40:32,31.73,0.0,29,92019,卖盘
13:40:35,31.75,0.02,11,34919,买盘
13:40:38,31.73,-0.02,8,25384,卖盘
13:40:41,31.75,0.02,59,187307,买盘
13:40:44,31.73,-0.02,10,31732,卖盘
13:40:48,31.73,0.0,9,28554,卖盘
13:40:50,31.72,-0.01,6,19035,卖盘
13:40:53,31.72,0.0,4,12689,卖盘
13:40:56,31.72,0.0,7,22206,卖盘
13:40:59,31.72,0.0,16,50752,卖盘
13:41:02,31.73,0.01,91,288738,买盘
13:41:08,31.75,0.02,39,123767,买盘
13:41:11,31.73,-0.02,5,15867,卖盘
13:41:16,31.74,0.01,13,41266,卖盘
13:41:17,31.75,0.01,7,22223,买盘
13:41:21,31.74,-0.01,1,3174,卖盘
13:41:23,31.74,0.0,4,12696,卖盘
13:41:25,31.75,0.01,18,57148,买盘
13:41:29,31.74,-0.01,2,6348,卖盘
13:41:33,31.74,0.0,3,9522,卖盘
13:41:36,31.74,0.0,6,19046,卖盘
13:41:37,31.74,0.0,13,41262,卖盘
13:41:40,31.72,-0.02,28,88842,卖盘
