time,price,change,volume,amount,type
09:25:04,30.35,0.29,4683,14214787,卖盘
09:30:01,30.37,0.02,1554,4717433,买盘
09:30:05,30.36,-0.01,3949,11985215,卖盘
09:30:08,30.34,-0.02,2415,7330162,卖盘
09:30:11,30.36,0.02,552,1675937,卖盘
09:30:14,30.37,0.01,1057,3208782,买盘
09:30:17,30.32,-0.05,633,1919983,卖盘
09:30:19,30.31,-0.01,3822,11588982,卖盘
09:30:22,30.3,-0.01,282,854431,中性盘
09:30:26,30.3,0.0,195,590786,买盘
09:30:29,30.28,-0.02,1569,4755616,中性盘
09:30:32,30.18,-0.1,208,628327,卖盘
09:30:35,30.28,0.1,343,1036476,买盘
09:30:38,30.2,-0.08,43,129812,卖盘
09:30:41,30.2,0.0,498,1503975,卖盘
09:30:44,30.21,0.01,1016,3070330,买盘
09:30:47,30.21,0.0,56,169351,卖盘
09:30:50,30.27,0.06,326,986059,买盘
09:30:53,30.21,-0.06,560,1693982,中性盘
09:30:55,30.18,-0.03,255,769506,卖盘
09:30:58,30.21,0.03,155,468175,买盘
09:31:02,30.18,-0.03,196,591410,卖盘
09:31:04,30.18,0.0,156,470800,买盘
09:31:07,30.17,-0.01,769,2322531,卖盘
09:31:11,30.2,0.03,93,280651,买盘
09:31:14,30.2,0.0,112,338070,买盘
09:31:17,30.2,0.0,100,302012,卖盘
09:31:20,30.2,0.0,65,196301,卖盘
09:31:23,30.2,0.0,573,1731232,卖盘
09:31:26,30.21,0.01,213,643286,买盘
09:31:29,30.22,0.01,139,420546,中性盘
09:31:31,30.27,0.05,429,1297283,买盘
09:31:35,30.22,-0.05,76,230889,卖盘
09:31:38,30.26,0.04,406,1227100,买盘
09:31:41,30.18,-0.08,89,268717,卖盘
09:31:44,30.21,0.03,95,287002,买盘
09:31:47,30.25,0.04,420,1269191,买盘
09:31:50,30.25,0.0,187,565435,卖盘
09:31:53,30.18,-0.07,368,1111777,卖盘
09:31:56,30.21,0.03,223,674415,中性盘
09:31:59,30.21,0.0,84,253864,卖盘
09:32:02,30.25,0.04,381,1151943,买盘
09:32:05,30.24,-0.01,428,1293958,中性盘
09:32:08,30.24,0.0,69,208580,买盘
09:32:11,30.2,-0.04,506,1529715,卖盘
09:32:14,30.24,0.04,217,656031,买盘
09:32:16,30.2,-0.04,216,652750,卖盘
09:32:19,30.25,0.05,197,595437,买盘
09:32:23,30.24,-0.01,249,753007,卖盘
09:32:26,30.22,-0.02,155,468380,买盘
09:32:29,30.21,-0.01,352,1063671,卖盘
09:32:32,30.21,0.0,198,598209,买盘
09:32:35,30.22,0.01,773,2335478,卖盘
09:32:38,30.2,-0.02,536,1619033,卖盘
09:32:41,30.2,0.0,255,770019,卖盘
09:32:44,30.22,0.02,780,2358252,买盘
09:32:47,30.2,-0.02,587,1771577,中性盘
09:32:50,30.21,0.01,202,610074,买盘
09:32:53,30.21,0.0,114,344455,买盘
09:32:55,30.2,-0.01,73,220522,卖盘
09:32:59,30.19,-0.01,294,887871,卖盘
09:33:01,30.18,-0.01,273,823996,卖盘
09:33:05,30.17,-0.01,396,1195033,卖盘
09:33:08,30.16,-0.01,246,742256,卖盘
09:33:11,30.17,0.01,250,754543,买盘
09:33:14,30.15,-0.02,1660,5006552,卖盘
09:33:17,30.14,-0.01,141,425074,卖盘
09:33:20,30.13,-0.01,80,241040,卖盘
09:33:23,30.12,-0.01,735,2213283,卖盘
09:33:26,30.1,-0.02,350,1053530,卖盘
09:33:29,30.09,-0.01,327,984425,卖盘
09:33:32,30.09,0.0,1241,3734072,卖盘
09:33:35,30.05,-0.04,992,2982593,卖盘
09:33:38,30.02,-0.03,114,342373,卖盘
09:33:41,30.05,0.03,197,591067,买盘
09:33:44,30.05,0.0,92,277192,买盘
09:33:47,30.02,-0.03,117,351290,卖盘
09:33:50,30.01,-0.01,983,2949985,卖盘
09:33:53,30.04,0.03,1877,5636158,买盘
09:33:55,30.03,-0.01,1212,3639464,中性盘
09:33:59,30.03,0.0,313,939585,卖盘
09:34:02,30.04,0.01,394,1183094,买盘
09:34:05,30.04,0.0,126,378540,买盘
09:34:08,30.05,0.01,740,2221122,买盘
09:34:11,30.05,0.0,53,159257,卖盘
09:34:14,30.05,0.0,84,252374,买盘
09:34:16,30.05,0.0,68,204315,买盘
09:34:20,30.05,0.0,412,1238009,买盘
09:34:23,30.03,-0.02,571,1715133,卖盘
09:34:26,30.03,0.0,95,285285,买盘
09:34:29,30.03,0.0,227,681677,买盘
09:34:32,30.03,0.0,148,444323,买盘
09:34:35,30.03,0.0,76,228202,买盘
09:34:38,30.02,-0.01,112,336299,卖盘
09:34:41,30.02,0.0,186,558372,卖盘
09:34:44,30.02,0.0,544,1633117,买盘
09:34:47,30.04,0.02,265,794883,买盘
09:34:50,30.03,-0.01,612,1838209,卖盘
09:34:53,30.03,0.0,222,666896,卖盘
09:34:56,30.04,0.01,65,195282,买盘
09:34:59,30.03,-0.01,1049,3150375,卖盘
09:35:02,30.03,0.0,239,717658,买盘
09:35:05,30.04,0.01,140,420552,买盘
09:35:08,30.04,0.0,66,198268,卖盘
09:35:10,30.03,-0.01,24,72092,卖盘
09:35:14,30.04,0.01,243,729585,买盘
09:35:17,30.03,-0.01,381,1144199,卖盘
09:35:20,30.03,0.0,562,1686933,买盘
09:35:22,30.03,0.0,662,1988019,买盘
09:35:26,30.04,0.01,504,1513645,买盘
09:35:28,30.03,-0.01,71,213225,卖盘
09:35:31,30.04,0.01,79,237323,买盘
09:35:35,30.04,0.0,282,847348,卖盘
09:35:38,30.04,0.0,136,408549,卖盘
09:35:41,30.03,-0.01,422,1267532,卖盘
09:35:44,30.04,0.01,1024,3075414,买盘
09:35:47,30.04,0.0,192,576619,买盘
09:35:50,30.03,-0.01,748,2245547,买盘
09:35:52,30.04,0.01,224,672673,买盘
09:35:56,30.04,0.0,436,1309570,卖盘
09:35:58,30.03,-0.01,919,2758834,卖盘
09:36:01,30.01,-0.02,1604,4812729,卖盘
09:36:05,30.0,-0.01,2060,6181335,卖盘
09:36:08,29.98,-0.02,804,2409926,卖盘
09:36:11,30.0,0.02,931,2788551,买盘
09:36:14,29.97,-0.03,1327,3973683,中性盘
09:36:17,29.97,0.0,377,1128770,买盘
09:36:19,29.92,-0.05,701,2099196,中性盘
09:36:23,29.9,-0.02,397,1187377,卖盘
09:36:26,29.89,-0.01,728,2176227,卖盘
09:36:28,29.87,-0.02,507,1514904,卖盘
09:36:32,29.84,-0.03,625,1866017,卖盘
09:36:35,29.81,-0.03,556,1658976,卖盘
09:36:37,29.82,0.01,438,1306063,中性盘
09:36:40,29.83,0.01,658,1963123,买盘
09:36:44,29.86,0.03,671,2002118,中性盘
09:36:47,29.87,0.01,478,1427402,买盘
09:36:50,29.87,0.0,829,2476817,卖盘
09:36:53,29.86,-0.01,783,2338927,卖盘
09:36:56,29.85,-0.01,317,946461,卖盘
09:36:59,29.85,0.0,158,471531,买盘
09:37:02,29.85,0.0,506,1510705,买盘
09:37:05,29.84,-0.01,321,958245,卖盘
09:37:08,29.85,0.01,699,2086360,买盘
09:37:10,29.84,-0.01,589,1758309,卖盘
09:37:14,29.85,0.01,239,713368,买盘
09:37:16,29.86,0.01,197,588016,买盘
09:37:20,29.86,0.0,479,1430980,卖盘
09:37:23,29.9,0.04,465,1389546,买盘
09:37:25,29.86,-0.04,44,131374,卖盘
09:37:29,29.89,0.03,96,286947,买盘
09:37:31,29.9,0.01,61,182358,卖盘
09:37:35,29.9,0.0,165,493373,卖盘
09:37:38,29.9,0.0,470,1404453,买盘
09:37:41,29.9,0.0,597,1782546,买盘
09:37:44,29.9,0.0,819,2445495,买盘
09:37:47,29.87,-0.03,663,1980572,卖盘
09:37:50,29.9,0.03,787,2351471,买盘
09:37:53,29.9,0.0,289,863922,卖盘
09:37:56,29.9,0.0,342,1021533,买盘
09:37:58,29.94,0.04,1159,3468746,买盘
09:38:01,29.9,-0.04,468,1400463,卖盘
09:38:05,29.9,0.0,194,580694,卖盘
09:38:08,29.91,0.01,783,2344140,卖盘
09:38:11,29.95,0.04,79,236562,买盘
09:38:14,29.94,-0.01,283,847535,卖盘
09:38:17,29.95,0.01,678,2028581,中性盘
09:38:19,29.94,-0.01,42,125735,卖盘
09:38:23,29.94,0.0,199,596048,买盘
09:38:26,29.94,0.0,219,655394,卖盘
09:38:29,29.94,0.0,58,173618,买盘
09:38:32,29.94,0.0,333,996799,买盘
09:38:35,29.94,0.0,82,245516,卖盘
09:38:37,29.92,-0.02,94,281395,卖盘
09:38:41,29.94,0.02,385,1152684,买盘
09:38:44,29.95,0.01,72,215640,买盘
09:38:47,29.96,0.01,35,104835,买盘
09:38:49,29.95,-0.01,65,194675,卖盘
09:38:53,29.95,0.0,424,1270003,卖盘
09:38:56,29.95,0.0,246,736610,买盘
09:38:59,29.92,-0.03,372,1113551,卖盘
09:39:02,29.94,0.02,828,2479138,买盘
09:39:05,29.94,0.0,214,640640,买盘
09:39:07,29.93,-0.01,313,936757,中性盘
09:39:11,29.91,-0.02,468,1400594,卖盘
09:39:13,29.92,0.01,628,1878899,中性盘
09:39:17,29.91,-0.01,370,1107356,卖盘
09:39:20,29.92,0.01,68,203452,中性盘
09:39:23,29.92,0.0,652,1951875,卖盘
09:39:26,29.92,0.0,283,847191,卖盘
09:39:29,29.94,0.02,81,242427,买盘
09:39:31,29.94,0.0,1240,3709435,买盘
09:39:36,29.94,0.0,52,155686,卖盘
09:39:38,29.94,0.0,148,443135,卖盘
09:39:41,29.94,0.0,276,826608,卖盘
09:39:44,29.92,-0.02,526,1574993,卖盘
09:39:47,29.94,0.02,205,613434,买盘
09:39:50,29.95,0.01,174,520943,买盘
09:39:53,29.95,0.0,65,194642,买盘
09:39:56,29.95,0.0,325,973767,卖盘
09:39:59,29.95,0.0,89,266555,卖盘
09:40:01,29.95,0.0,207,619924,买盘
09:40:05,29.96,0.01,72,215671,买盘
09:40:08,29.96,0.0,179,536384,卖盘
09:40:11,29.96,0.0,16,47936,卖盘
09:40:13,29.96,0.0,83,248669,卖盘
09:40:17,29.96,0.0,77,230650,买盘
09:40:20,29.96,0.0,158,473269,买盘
09:40:22,29.96,0.0,229,686121,买盘
09:40:25,29.95,-0.01,289,865639,卖盘
09:40:29,29.95,0.0,114,341429,买盘
09:40:32,29.96,0.01,1106,3313008,买盘
09:40:35,29.95,-0.01,388,1161709,买盘
09:40:38,29.94,-0.01,205,613902,中性盘
09:40:40,29.94,0.0,255,763270,买盘
09:40:44,29.93,-0.01,74,221475,卖盘
09:40:46,29.94,0.01,427,1278030,买盘
09:40:50,29.92,-0.02,312,933517,卖盘
09:40:53,29.93,0.01,103,308194,买盘
09:40:56,29.93,0.0,34,101731,买盘
09:40:59,29.93,0.0,142,424894,买盘
09:41:02,29.92,-0.01,112,335148,卖盘
09:41:05,29.92,0.0,1237,3699508,买盘
09:41:07,29.91,-0.01,151,451659,中性盘
09:41:10,29.91,0.0,148,442761,买盘
09:41:14,29.9,-0.01,430,1286599,卖盘
09:41:17,29.91,0.01,21,62800,买盘
09:41:20,29.89,-0.02,121,361772,卖盘
09:41:23,29.9,0.01,119,355865,买盘
09:41:25,29.9,0.0,47,140507,买盘
09:41:29,29.9,0.0,209,625140,买盘
09:41:32,29.9,0.0,31,92690,卖盘
09:41:35,29.9,0.0,53,158470,卖盘
09:41:38,29.9,0.0,80,239270,卖盘
09:41:40,29.91,0.01,146,436574,买盘
09:41:44,29.9,-0.01,188,562220,卖盘
09:41:47,29.9,0.0,50,149500,买盘
09:41:50,29.89,-0.01,54,161438,卖盘
09:41:53,29.9,0.01,132,394658,买盘
09:41:56,29.9,0.0,84,251147,卖盘
09:41:59,29.91,0.01,310,926682,买盘
09:42:01,29.89,-0.02,141,421623,卖盘
09:42:04,29.89,0.0,92,275036,卖盘
09:42:07,29.9,0.01,807,2411480,买盘
09:42:11,29.89,-0.01,6,17935,卖盘
09:42:14,29.9,0.01,67,200299,买盘
09:42:17,29.89,-0.01,315,941864,卖盘
09:42:20,29.89,0.0,74,221224,卖盘
09:42:23,29.9,0.01,24,71758,买盘
09:42:26,29.89,-0.01,238,711451,卖盘
09:42:29,29.89,0.0,39,116571,买盘
09:42:33,29.89,0.0,355,1061632,买盘
09:42:35,29.88,-0.01,129,385822,卖盘
09:42:38,29.9,0.02,88,263159,中性盘
09:42:40,29.89,-0.01,134,400637,卖盘
09:42:44,29.89,0.0,18,53818,卖盘
09:42:47,29.89,0.0,110,328790,卖盘
09:42:50,29.88,-0.01,162,484240,卖盘
09:42:53,29.88,0.0,113,337753,卖盘
09:42:56,29.88,0.0,934,2790869,卖盘
09:42:59,29.88,0.0,26,77693,卖盘
09:43:02,29.88,0.0,108,322608,买盘
09:43:04,29.87,-0.01,172,513908,卖盘
09:43:08,29.87,0.0,50,149357,卖盘
09:43:11,29.88,0.01,35,104564,买盘
09:43:14,29.87,-0.01,165,492963,卖盘
09:43:17,29.87,0.0,371,1108523,卖盘
09:43:20,29.87,0.0,1165,3480471,卖盘
09:43:23,29.87,0.0,29,86120,买盘
09:43:25,29.87,0.0,70,209604,卖盘
09:43:29,29.87,0.0,21,62721,买盘
09:43:32,29.87,0.0,450,1343800,买盘
09:43:34,29.87,0.0,184,549468,买盘
09:43:37,29.87,0.0,251,749689,买盘
09:43:41,29.87,0.0,96,286718,卖盘
09:43:44,29.87,0.0,58,173257,卖盘
09:43:47,29.86,-0.01,66,197139,卖盘
09:43:50,29.87,0.01,158,471844,买盘
09:43:53,29.87,0.0,428,1278043,买盘
09:43:56,29.87,0.0,72,215011,买盘
09:43:59,29.86,-0.01,703,2099429,卖盘
09:44:02,29.86,0.0,66,197033,买盘
09:44:05,29.86,0.0,334,997324,买盘
09:44:08,29.85,-0.01,142,423996,卖盘
09:44:11,29.86,0.01,189,564239,买盘
09:44:14,29.85,-0.01,116,346316,卖盘
09:44:17,29.85,0.0,111,331377,卖盘
09:44:20,29.86,0.01,242,722576,买盘
09:44:22,29.86,0.0,26,77638,卖盘
09:44:26,29.86,0.0,63,188118,卖盘
09:44:29,29.86,0.0,100,298531,卖盘
09:44:32,29.85,-0.01,209,624116,卖盘
09:44:35,29.86,0.01,68,203041,买盘
09:44:37,29.85,-0.01,58,173178,卖盘
09:44:41,29.85,0.0,26,77633,卖盘
09:44:44,29.86,0.01,382,1140313,买盘
09:44:47,29.86,0.0,136,406079,买盘
09:44:50,29.85,-0.01,356,1061596,卖盘
09:44:53,29.84,-0.01,31,92534,卖盘
09:44:56,29.85,0.01,823,2455419,买盘
09:44:59,29.85,0.0,10,29848,买盘
09:45:02,29.85,0.0,25,74606,买盘
09:45:05,29.84,-0.01,84,250711,卖盘
09:45:08,29.84,0.0,74,220827,卖盘
09:45:11,29.83,-0.01,53,158056,卖盘
09:45:14,29.84,0.01,408,1217455,买盘
09:45:17,29.83,-0.01,17,50726,卖盘
09:45:20,29.84,0.01,25,74600,买盘
09:45:23,29.84,0.0,86,256589,买盘
09:45:26,29.84,0.0,331,987383,买盘
09:45:29,29.83,-0.01,66,196899,卖盘
09:45:32,29.83,0.0,428,1277952,卖盘
09:45:35,29.83,0.0,166,494092,卖盘
09:45:38,29.83,0.0,98,294956,买盘
09:45:41,29.83,0.0,22,65626,买盘
09:45:44,29.83,0.0,63,187919,买盘
09:45:46,29.82,-0.01,135,402646,卖盘
09:45:50,29.83,0.01,185,551806,买盘
09:45:53,29.83,0.0,66,194486,买盘
09:45:56,29.82,-0.01,195,581512,卖盘
09:45:59,29.82,0.0,184,548735,卖盘
09:46:02,29.82,0.0,1306,3895284,卖盘
09:46:05,29.82,0.0,886,2642147,卖盘
09:46:08,29.83,0.01,542,1616342,买盘
09:46:11,29.82,-0.01,126,375853,卖盘
09:46:14,29.82,0.0,840,2504258,买盘
09:46:17,29.81,-0.01,1072,3195608,卖盘
09:46:20,29.81,0.0,3789,11291473,卖盘
09:46:22,29.8,-0.01,959,2859649,卖盘
09:46:26,29.79,-0.01,682,2029872,卖盘
09:46:29,29.78,-0.01,539,1607564,卖盘
09:46:32,29.77,-0.01,22,65526,卖盘
09:46:35,29.76,-0.01,1148,3418179,卖盘
09:46:38,29.75,-0.01,64,190470,卖盘
09:46:41,29.75,0.0,557,1654934,卖盘
09:46:44,29.74,-0.01,126,375291,卖盘
09:46:47,29.72,-0.02,540,1604631,卖盘
09:46:50,29.73,0.01,60,180773,中性盘
09:46:53,29.72,-0.01,138,407999,卖盘
09:46:56,29.72,0.0,240,713442,卖盘
09:46:59,29.72,0.0,187,555867,卖盘
09:47:02,29.72,0.0,203,603358,卖盘
09:47:05,29.73,0.01,681,2025490,买盘
09:47:08,29.74,0.01,546,1622885,买盘
09:47:11,29.73,-0.01,407,1210125,卖盘
09:47:14,29.74,0.01,119,353753,中性盘
09:47:17,29.73,-0.01,426,1266537,卖盘
09:47:20,29.74,0.01,445,1323123,买盘
09:47:23,29.74,0.0,410,1219051,买盘
09:47:26,29.75,0.01,420,1249085,买盘
09:47:29,29.74,-0.01,244,725637,卖盘
09:47:32,29.75,0.01,163,484837,买盘
09:47:35,29.74,-0.01,139,413469,卖盘
09:47:38,29.75,0.01,263,782501,买盘
09:47:41,29.76,0.01,354,1053239,买盘
09:47:44,29.76,0.0,176,523655,买盘
09:47:47,29.77,0.01,129,383905,买盘
09:47:50,29.77,0.0,106,314937,买盘
09:47:53,29.78,0.01,68,202450,买盘
09:47:56,29.77,-0.01,58,172668,卖盘
09:47:59,29.77,0.0,142,422970,卖盘
09:48:02,29.79,0.02,155,461880,中性盘
09:48:05,29.8,0.01,35,104266,买盘
09:48:08,29.8,0.0,222,661571,买盘
09:48:11,29.8,0.0,398,1186122,卖盘
09:48:14,29.8,0.0,70,210657,卖盘
09:48:17,29.81,0.01,200,596115,买盘
09:48:20,29.81,0.0,162,482298,买盘
09:48:23,29.81,0.0,133,396473,卖盘
09:48:26,29.82,0.01,334,995930,买盘
09:48:29,29.82,0.0,543,1619232,卖盘
09:48:32,29.83,0.01,1049,3126705,买盘
09:48:35,29.81,-0.02,154,459258,卖盘
09:48:38,29.83,0.02,68,202790,买盘
09:48:41,29.82,-0.01,170,506578,中性盘
09:48:44,29.82,0.0,110,327998,买盘
09:48:47,29.81,-0.01,20,59637,卖盘
09:48:50,29.82,0.01,92,274310,买盘
09:48:53,29.82,0.0,292,870324,买盘
09:48:56,29.81,-0.01,299,891276,卖盘
09:48:59,29.8,-0.01,563,1677847,卖盘
09:49:01,29.81,0.01,113,336763,买盘
09:49:05,29.8,-0.01,195,581248,卖盘
09:49:08,29.79,-0.01,163,485682,卖盘
09:49:11,29.8,0.01,130,387333,买盘
09:49:14,29.79,-0.01,146,434920,卖盘
09:49:17,29.79,0.0,290,864249,买盘
09:49:20,29.79,0.0,464,1381803,买盘
09:49:23,29.79,0.0,274,815782,买盘
09:49:26,29.77,-0.02,105,310134,中性盘
09:49:29,29.77,0.0,332,988121,买盘
09:49:32,29.77,0.0,189,564131,买盘
09:49:35,29.76,-0.01,55,164627,卖盘
09:49:38,29.76,0.0,210,624822,买盘
09:49:41,29.74,-0.02,948,2818584,卖盘
09:49:44,29.77,0.03,364,1082338,买盘
09:49:47,29.76,-0.01,86,256742,卖盘
09:49:50,29.76,0.0,82,244013,买盘
09:49:53,29.77,0.01,64,190464,买盘
09:49:56,29.77,0.0,70,208369,买盘
09:49:59,29.76,-0.01,90,267869,卖盘
09:50:02,29.76,0.0,107,318425,卖盘
09:50:05,29.76,0.0,142,423140,中性盘
09:50:08,29.76,0.0,142,422520,买盘
09:50:11,29.75,-0.01,293,870254,卖盘
09:50:15,29.76,0.01,103,306487,买盘
09:50:17,29.75,-0.01,53,157680,卖盘
09:50:20,29.75,0.0,160,477487,卖盘
09:50:23,29.76,0.01,272,808743,买盘
09:50:26,29.77,0.01,125,371955,买盘
09:50:29,29.74,-0.03,512,1522852,卖盘
09:50:32,29.75,0.01,67,199338,卖盘
09:50:35,29.76,0.01,110,327327,买盘
09:50:38,29.77,0.01,721,2145298,买盘
09:50:41,29.77,0.0,183,544791,卖盘
09:50:44,29.76,-0.01,82,244074,卖盘
09:50:47,29.77,0.01,45,133924,买盘
09:50:50,29.77,0.0,117,348307,买盘
09:50:53,29.76,-0.01,29,85791,卖盘
09:50:56,29.77,0.01,295,878531,买盘
09:50:59,29.76,-0.01,180,535694,买盘
09:51:02,29.76,0.0,33,98212,买盘
09:51:05,29.76,0.0,615,1829645,卖盘
09:51:08,29.75,-0.01,98,290826,买盘
09:51:11,29.75,0.0,117,348022,买盘
09:51:14,29.75,0.0,455,1353141,买盘
09:51:17,29.75,0.0,248,737554,买盘
09:51:20,29.75,0.0,65,193361,买盘
09:51:23,29.75,0.0,78,231979,中性盘
09:51:26,29.76,0.01,38,113076,买盘
09:51:29,29.76,0.0,677,2015447,买盘
09:51:32,29.75,-0.01,18,53550,卖盘
09:51:35,29.76,0.01,91,270805,买盘
09:51:38,29.76,0.0,41,122069,卖盘
09:51:41,29.76,0.0,67,199392,卖盘
09:51:44,29.76,0.0,260,773785,卖盘
09:51:47,29.76,0.0,96,285777,卖盘
09:51:50,29.76,0.0,20,59527,卖盘
09:51:53,29.76,0.0,100,297623,卖盘
09:51:56,29.77,0.01,97,288748,买盘
09:51:59,29.76,-0.01,147,437711,卖盘
09:52:02,29.76,0.0,174,517885,卖盘
09:52:05,29.77,0.01,60,178593,买盘
09:52:08,29.77,0.0,46,136928,买盘
09:52:11,29.77,0.0,133,395896,买盘
09:52:15,29.77,0.0,134,398896,买盘
09:52:17,29.78,0.01,275,818541,买盘
09:52:20,29.76,-0.02,751,2234201,卖盘
09:52:23,29.74,-0.02,351,1044229,卖盘
09:52:26,29.74,0.0,344,1023068,卖盘
09:52:30,29.77,0.03,1305,3881731,买盘
09:52:32,29.76,-0.01,460,1369271,卖盘
09:52:35,29.75,-0.01,885,2632047,中性盘
09:52:38,29.75,0.0,240,713973,卖盘
09:52:41,29.74,-0.01,148,437379,中性盘
09:52:44,29.75,0.01,25,74374,买盘
09:52:47,29.75,0.0,110,327200,买盘
09:52:50,29.74,-0.01,80,240723,卖盘
09:52:53,29.75,0.01,512,1522767,买盘
09:52:56,29.74,-0.01,163,484791,卖盘
09:52:59,29.74,0.0,101,300369,买盘
09:53:02,29.74,0.0,82,243859,买盘
09:53:05,29.72,-0.02,597,1774591,卖盘
09:53:08,29.74,0.02,64,190305,买盘
09:53:11,29.74,0.0,142,419784,买盘
09:53:14,29.74,0.0,146,434044,买盘
09:53:17,29.73,-0.01,1709,5080649,卖盘
09:53:20,29.75,0.02,371,1103280,买盘
09:53:23,29.73,-0.02,194,576961,卖盘
09:53:26,29.73,0.0,105,312153,买盘
09:53:29,29.73,0.0,124,368610,买盘
09:53:32,29.73,0.0,140,416147,买盘
09:53:35,29.72,-0.01,271,805561,卖盘
09:53:38,29.73,0.01,192,570716,中性盘
09:53:41,29.72,-0.01,2559,7601689,卖盘
09:53:44,29.72,0.0,1228,3647575,买盘
09:53:47,29.7,-0.02,119,353578,卖盘
09:53:50,29.71,0.01,215,637432,中性盘
09:53:53,29.71,0.0,261,775200,买盘
09:53:56,29.7,-0.01,240,712848,卖盘
09:53:57,29.7,0.0,116,344471,买盘
09:54:00,29.7,0.0,64,189365,买盘
09:54:03,29.7,0.0,127,377129,买盘
09:54:08,29.7,0.0,197,584990,买盘
09:54:11,29.7,0.0,390,1158201,买盘
09:54:14,29.7,0.0,615,1826507,买盘
09:54:17,29.69,-0.01,259,770995,卖盘
09:54:20,29.7,0.01,244,724754,中性盘
09:54:24,29.7,0.0,610,1811676,买盘
09:54:27,29.7,0.0,141,418793,卖盘
09:54:30,29.71,0.01,85,252500,中性盘
09:54:32,29.71,0.0,45,133695,卖盘
09:54:35,29.7,-0.01,132,392398,卖盘
09:54:38,29.72,0.02,260,772683,买盘
09:54:41,29.73,0.01,54,160539,买盘
09:54:44,29.73,0.0,50,148650,卖盘
09:54:47,29.72,-0.01,836,2486396,卖盘
09:54:50,29.73,0.01,100,297467,中性盘
09:54:52,29.72,-0.01,66,196262,卖盘
09:54:56,29.75,0.03,11,32707,买盘
09:54:59,29.74,-0.01,81,240890,卖盘
09:55:02,29.75,0.01,105,312313,买盘
09:55:05,29.74,-0.01,36,107060,中性盘
09:55:08,29.74,0.0,116,344969,买盘
09:55:11,29.75,0.01,238,707756,买盘
09:55:15,29.74,-0.01,33,98138,卖盘
09:55:17,29.74,0.0,57,169456,买盘
09:55:20,29.74,0.0,41,121912,买盘
09:55:23,29.74,0.0,118,350870,买盘
09:55:26,29.74,0.0,101,300361,买盘
09:55:29,29.74,0.0,321,954630,买盘
09:55:30,29.74,0.0,58,172464,买盘
09:55:35,29.74,0.0,14,41632,买盘
09:55:38,29.74,0.0,101,300316,买盘
09:55:41,29.74,0.0,134,398554,买盘
09:55:44,29.75,0.01,97,288445,买盘
09:55:47,29.74,-0.01,13,38662,卖盘
09:55:50,29.75,0.01,57,169553,买盘
09:55:53,29.74,-0.01,72,214130,卖盘
09:55:56,29.74,0.0,363,1079875,卖盘
09:55:59,29.75,0.01,30,88381,买盘
09:56:02,29.74,-0.01,143,425303,卖盘
09:56:05,29.75,0.01,111,330152,买盘
09:56:08,29.75,0.0,101,300419,买盘
09:56:11,29.74,-0.01,14,41109,卖盘
09:56:14,29.75,0.01,250,743593,买盘
09:56:17,29.75,0.0,9,26771,买盘
09:56:19,29.74,-0.01,154,459072,卖盘
09:56:23,29.75,0.01,57,169564,买盘
09:56:26,29.74,-0.01,124,367555,卖盘
09:56:29,29.74,0.0,71,211204,卖盘
09:56:32,29.74,0.0,44,130859,卖盘
09:56:35,29.74,0.0,23,68420,卖盘
09:56:38,29.75,0.01,103,306394,买盘
09:56:41,29.75,0.0,34,101729,买盘
09:56:45,29.74,-0.01,111,330214,卖盘
09:56:47,29.75,0.01,152,453407,买盘
09:56:50,29.74,-0.01,23,68409,卖盘
09:56:53,29.75,0.01,25,74375,买盘
09:56:56,29.75,0.0,35,102722,买盘
09:56:59,29.74,-0.01,494,1470565,卖盘
09:57:02,29.74,0.0,86,255297,卖盘
09:57:06,29.74,0.0,133,395541,买盘
09:57:08,29.73,-0.01,82,243840,卖盘
09:57:11,29.73,0.0,110,327129,卖盘
09:57:14,29.74,0.01,155,459730,买盘
09:57:16,29.74,0.0,56,166547,卖盘
09:57:20,29.74,0.0,110,327140,卖盘
09:57:23,29.74,0.0,33,98152,卖盘
09:57:26,29.74,0.0,98,291508,卖盘
09:57:29,29.74,0.0,312,928099,卖盘
09:57:32,29.74,0.0,186,553331,卖盘
09:57:35,29.75,0.01,326,969638,买盘
09:57:38,29.75,0.0,54,160650,卖盘
09:57:41,29.74,-0.01,273,812252,卖盘
09:57:44,29.76,0.02,220,654778,买盘
09:57:46,29.77,0.01,108,321456,买盘
09:57:50,29.76,-0.01,240,714290,卖盘
09:57:53,29.75,-0.01,27,80327,卖盘
09:57:56,29.75,0.0,33,98186,卖盘
09:57:58,29.76,0.01,394,1173638,买盘
09:58:02,29.76,0.0,75,223229,卖盘
09:58:05,29.77,0.01,330,982025,买盘
09:58:08,29.77,0.0,98,291559,买盘
09:58:11,29.76,-0.01,34,101180,卖盘
09:58:14,29.77,0.01,318,946481,买盘
09:58:17,29.76,-0.01,53,156559,卖盘
09:58:20,29.75,-0.01,43,127988,卖盘
09:58:23,29.76,0.01,83,247008,买盘
09:58:26,29.76,0.0,82,244033,卖盘
09:58:29,29.76,0.0,111,330336,卖盘
09:58:32,29.77,0.01,65,193494,买盘
09:58:35,29.77,0.0,209,622189,买盘
09:58:38,29.77,0.0,214,637070,卖盘
09:58:41,29.78,0.01,133,395956,买盘
09:58:44,29.77,-0.01,510,1518612,卖盘
09:58:47,29.78,0.01,23,68486,买盘
09:58:50,29.78,0.0,44,131015,买盘
09:58:53,29.77,-0.01,115,343266,卖盘
09:58:56,29.78,0.01,146,434756,买盘
09:58:59,29.78,0.0,267,795082,买盘
09:59:02,29.78,0.0,55,163790,买盘
09:59:04,29.77,-0.01,26,77415,卖盘
09:59:08,29.77,0.0,85,253053,卖盘
09:59:11,29.79,0.02,103,306776,买盘
09:59:13,29.78,-0.01,54,160848,卖盘
09:59:17,29.78,0.0,59,175743,卖盘
09:59:20,29.78,0.0,211,628419,卖盘
09:59:23,29.79,0.01,75,223418,买盘
09:59:26,29.79,0.0,19,57762,买盘
09:59:29,29.79,0.0,33,98281,买盘
09:59:31,29.79,0.0,72,214466,买盘
09:59:35,29.79,0.0,51,151929,买盘
09:59:38,29.79,0.0,419,1247291,买盘
09:59:41,29.79,0.0,58,172775,卖盘
09:59:44,29.78,-0.01,103,306822,卖盘
09:59:47,29.78,0.0,186,554221,卖盘
09:59:50,29.79,0.01,1,2979,买盘
09:59:53,29.79,0.0,33,98307,买盘
09:59:56,29.79,0.0,140,417007,买盘
09:59:58,29.79,0.0,123,364906,卖盘
10:00:02,29.78,-0.01,147,439921,卖盘
10:00:06,29.78,0.0,38,113181,买盘
10:00:06,29.79,0.01,82,244200,买盘
10:00:11,29.79,0.0,103,304022,买盘
10:00:14,29.78,-0.01,95,282907,卖盘
10:00:16,29.78,0.0,146,434661,买盘
10:00:20,29.78,0.0,150,446684,买盘
10:00:23,29.77,-0.01,121,360293,卖盘
10:00:26,29.78,0.01,111,330556,买盘
10:00:27,29.8,0.02,210,625603,买盘
10:00:32,29.79,-0.01,54,160895,买盘
10:00:35,29.79,0.0,145,432072,卖盘
10:00:38,29.8,0.01,82,244352,买盘
10:00:41,29.79,-0.01,3,8937,卖盘
10:00:44,29.8,0.01,12,35753,买盘
10:00:47,29.8,0.0,44,131100,买盘
10:00:50,29.79,-0.01,83,249717,卖盘
10:00:52,29.8,0.01,59,175820,买盘
10:00:56,29.79,-0.01,79,235650,卖盘
10:00:58,29.79,0.0,43,128101,卖盘
10:01:02,29.79,0.0,59,175793,卖盘
10:01:05,29.79,0.0,110,326540,卖盘
10:01:07,29.8,0.01,15,44688,买盘
10:01:11,29.8,0.0,45,134091,买盘
10:01:14,29.8,0.0,46,137065,买盘
10:01:17,29.8,0.0,20,59113,买盘
10:01:20,29.79,-0.01,93,277059,卖盘
10:01:23,29.77,-0.02,1053,3136040,卖盘
10:01:25,29.77,0.0,103,306759,买盘
10:01:29,29.75,-0.02,1447,4305830,卖盘
10:01:31,29.75,0.0,41,121965,买盘
10:01:34,29.75,0.0,310,923183,买盘
10:01:38,29.74,-0.01,583,1734026,卖盘
10:01:41,29.73,-0.01,544,1617330,卖盘
10:01:44,29.74,0.01,1329,3950833,买盘
10:01:46,29.71,-0.03,1434,4260580,卖盘
10:01:50,29.72,0.01,102,303134,中性盘
10:01:53,29.72,0.0,768,2285089,买盘
10:01:56,29.71,-0.01,259,769746,卖盘
10:01:59,29.72,0.01,57,169404,中性盘
10:02:02,29.73,0.01,88,261603,买盘
10:02:05,29.73,0.0,35,104036,买盘
10:02:08,29.73,0.0,95,282351,卖盘
10:02:11,29.73,0.0,48,142704,卖盘
10:02:13,29.73,0.0,66,196251,卖盘
10:02:17,29.74,0.01,94,279485,买盘
10:02:20,29.73,-0.01,32,95158,卖盘
10:02:22,29.73,0.0,75,222993,卖盘
10:02:26,29.73,0.0,81,240823,卖盘
10:02:28,29.74,0.01,39,115986,买盘
10:02:32,29.73,-0.01,252,749250,卖盘
10:02:35,29.74,0.01,103,306338,卖盘
10:02:38,29.75,0.01,17,50560,买盘
10:02:41,29.74,-0.01,217,645369,卖盘
10:02:43,29.75,0.01,61,179473,买盘
10:02:47,29.75,0.0,107,318274,买盘
10:02:50,29.75,0.0,488,1452187,买盘
10:02:53,29.75,0.0,602,1791150,买盘
10:02:55,29.74,-0.01,387,1150774,卖盘
10:02:58,29.74,0.0,52,154688,买盘
10:03:02,29.74,0.0,233,692944,卖盘
10:03:05,29.74,0.0,156,463938,买盘
10:03:08,29.74,0.0,47,139766,买盘
10:03:11,29.74,0.0,433,1288198,买盘
10:03:14,29.73,-0.01,68,202230,买盘
10:03:16,29.74,0.01,138,409476,买盘
10:03:20,29.74,0.0,29,86234,卖盘
10:03:22,29.74,0.0,197,585695,买盘
10:03:26,29.75,0.01,94,279527,买盘
10:03:29,29.73,-0.02,147,438036,卖盘
10:03:31,29.74,0.01,143,425153,买盘
10:03:35,29.74,0.0,66,196283,买盘
10:03:38,29.73,-0.01,102,303306,卖盘
10:03:41,29.74,0.01,97,288476,买盘
10:03:44,29.74,0.0,77,228963,买盘
10:03:47,29.74,0.0,68,202226,买盘
10:03:50,29.73,-0.01,181,537535,卖盘
10:03:53,29.74,0.01,89,264661,买盘
10:03:56,29.73,-0.01,456,1355763,卖盘
10:03:59,29.74,0.01,388,1153657,中性盘
10:04:01,29.74,0.0,27,80278,卖盘
10:04:04,29.74,0.0,269,800414,卖盘
10:04:08,29.73,-0.01,10,29733,卖盘
10:04:11,29.74,0.01,77,228957,买盘
10:04:14,29.74,0.0,323,960665,买盘
10:04:17,29.74,0.0,67,199287,卖盘
10:04:20,29.75,0.01,121,359858,买盘
10:04:23,29.74,-0.01,210,624625,中性盘
10:04:26,29.74,0.0,31,92197,卖盘
10:04:29,29.75,0.01,177,526529,买盘
10:04:31,29.75,0.0,24,71396,买盘
10:04:35,29.74,-0.01,42,124930,卖盘
10:04:38,29.74,0.0,243,723166,卖盘
10:04:40,29.75,0.01,52,154680,买盘
10:04:44,29.75,0.0,75,223116,买盘
10:04:47,29.75,0.0,167,496814,买盘
10:04:50,29.75,0.0,30,89237,买盘
10:04:53,29.75,0.0,53,157718,卖盘
10:04:55,29.75,0.0,314,934174,卖盘
10:04:58,29.75,0.0,62,184409,买盘
10:05:02,29.75,0.0,103,305187,买盘
10:05:04,29.75,0.0,142,422397,买盘
10:05:08,29.75,0.0,63,187413,买盘
10:05:11,29.75,0.0,182,541450,买盘
10:05:14,29.74,-0.01,126,374763,卖盘
10:05:17,29.75,0.01,167,496825,买盘
10:05:19,29.74,-0.01,70,208196,卖盘
10:05:23,29.75,0.01,37,110044,买盘
10:05:25,29.74,-0.01,64,190913,卖盘
10:05:28,29.75,0.01,5,14875,买盘
10:05:32,29.75,0.0,167,497604,买盘
10:05:35,29.75,0.0,775,2305620,买盘
10:05:38,29.75,0.0,382,1136267,卖盘
10:05:40,29.75,0.0,524,1558900,卖盘
10:05:44,29.76,0.01,40,119425,买盘
10:05:47,29.75,-0.01,67,199347,卖盘
10:05:50,29.76,0.01,9,26776,买盘
10:05:53,29.76,0.0,270,803520,买盘
10:05:56,29.78,0.02,370,1099633,买盘
10:05:59,29.76,-0.02,117,348162,卖盘
10:06:01,29.76,0.0,93,276745,买盘
10:06:04,29.76,0.0,701,2085664,买盘
10:06:08,29.76,0.0,84,252474,买盘
10:06:11,29.76,0.0,71,211253,买盘
10:06:14,29.76,0.0,215,640036,买盘
10:06:17,29.76,0.0,41,122016,卖盘
10:06:20,29.77,0.01,8,23816,卖盘
10:06:23,29.78,0.01,411,1223958,买盘
10:06:26,29.77,-0.01,133,396070,卖盘
10:06:29,29.77,0.0,95,282925,卖盘
10:06:31,29.79,0.02,71,211465,买盘
10:06:35,29.79,0.0,7,20853,卖盘
10:06:38,29.79,0.0,11,32769,卖盘
10:06:41,29.79,0.0,65,193640,卖盘
10:06:44,29.79,0.0,26,77455,卖盘
10:06:47,29.78,-0.01,48,142988,卖盘
10:06:49,29.8,0.02,967,2881504,买盘
10:06:53,29.8,0.0,31,92380,卖盘
10:06:55,29.8,0.0,391,1165561,卖盘
10:06:59,29.81,0.01,176,524636,买盘
10:07:02,29.82,0.01,232,691823,买盘
10:07:05,29.88,0.06,350,1044718,买盘
10:07:08,29.88,0.0,88,262944,卖盘
10:07:11,29.89,0.01,51,152389,买盘
10:07:14,29.88,-0.01,152,454181,卖盘
10:07:16,29.88,0.0,105,313691,买盘
10:07:20,29.86,-0.02,33,98538,中性盘
10:07:23,29.86,0.0,16,47776,买盘
10:07:26,29.86,0.0,71,211405,买盘
10:07:29,29.86,0.0,12,35832,买盘
10:07:32,29.85,-0.01,18,54324,卖盘
10:07:35,29.85,0.0,265,791189,买盘
10:07:37,29.84,-0.01,339,1011586,卖盘
10:07:41,29.84,0.0,191,569944,买盘
10:07:44,29.83,-0.01,108,322264,卖盘
10:07:47,29.84,0.01,27,80568,买盘
10:07:50,29.85,0.01,67,199988,买盘
10:07:52,29.85,0.0,54,160593,买盘
10:07:56,29.85,0.0,21,62695,卖盘
10:07:59,29.85,0.0,73,218503,卖盘
10:08:02,29.85,0.0,163,486555,买盘
10:08:05,29.85,0.0,131,391025,买盘
10:08:08,29.85,0.0,24,71640,买盘
10:08:10,29.84,-0.01,79,235253,卖盘
10:08:14,29.85,0.01,24,71640,买盘
10:08:17,29.84,-0.01,37,110444,卖盘
10:08:19,29.85,0.01,76,225856,买盘
10:08:23,29.85,0.0,147,438167,买盘
10:08:26,29.85,0.0,65,195553,卖盘
10:08:29,29.85,0.0,66,197010,卖盘
10:08:35,29.85,0.0,51,152268,卖盘
10:08:38,29.85,0.0,10,29850,卖盘
10:08:41,29.86,0.01,41,122407,买盘
10:08:44,29.85,-0.01,240,716449,卖盘
10:08:46,29.86,0.01,59,175851,买盘
10:08:50,29.85,-0.01,62,185130,卖盘
10:08:52,29.86,0.01,68,203048,买盘
10:08:55,29.86,0.0,64,191076,买盘
10:08:59,29.86,0.0,20,59719,买盘
10:09:02,29.86,0.0,53,158223,买盘
10:09:04,29.86,0.0,64,191084,买盘
10:09:08,29.85,-0.01,79,235874,卖盘
10:09:11,29.85,0.0,62,185133,卖盘
10:09:14,29.87,0.02,30,89610,买盘
10:09:16,29.89,0.02,1156,3454087,买盘
10:09:20,29.86,-0.03,82,244895,卖盘
10:09:23,29.87,0.01,34,101568,中性盘
10:09:26,29.87,0.0,16,47795,买盘
10:09:29,29.88,0.01,105,313642,买盘
10:09:31,29.87,-0.01,46,138029,卖盘
10:09:35,29.88,0.01,71,211462,买盘
10:09:38,29.87,-0.01,135,403168,中性盘
10:09:41,29.87,0.0,53,158306,买盘
10:09:44,29.87,0.0,21,62727,买盘
10:09:47,29.87,0.0,134,400258,卖盘
10:09:50,29.86,-0.01,57,170211,卖盘
10:09:53,29.87,0.01,155,462903,买盘
10:09:56,29.87,0.0,236,705006,买盘
10:09:59,29.86,-0.01,48,143353,卖盘
10:10:02,29.86,0.0,66,197100,卖盘
10:10:04,29.85,-0.01,251,749262,卖盘
10:10:08,29.86,0.01,181,540214,买盘
10:10:11,29.85,-0.01,413,1233210,卖盘
10:10:14,29.86,0.01,286,853477,买盘
10:10:17,29.83,-0.03,243,723470,卖盘
10:10:19,29.84,0.01,88,262556,买盘
10:10:23,29.83,-0.01,36,107389,卖盘
10:10:26,29.85,0.02,337,1007174,买盘
10:10:28,29.84,-0.01,106,314826,卖盘
10:10:32,29.85,0.01,69,205878,买盘
10:10:35,29.84,-0.01,42,125288,买盘
10:10:38,29.83,-0.01,31,92473,买盘
10:10:41,29.82,-0.01,26,77532,卖盘
10:10:44,29.83,0.01,185,551717,买盘
10:10:47,29.82,-0.01,70,208763,卖盘
10:10:50,29.83,0.01,20,59660,卖盘
10:10:53,29.83,0.0,121,360943,买盘
10:10:56,29.83,0.0,38,113354,卖盘
10:10:59,29.84,0.01,51,152134,买盘
10:11:02,29.83,-0.01,82,244637,卖盘
10:11:05,29.84,0.01,26,79892,买盘
10:11:08,29.84,0.0,5,14916,买盘
10:11:11,29.84,0.0,202,602603,买盘
10:11:14,29.84,0.0,267,795201,买盘
10:11:17,29.83,-0.01,97,289391,卖盘
10:11:20,29.83,0.0,20,59674,卖盘
10:11:23,29.83,0.0,38,113384,卖盘
10:11:26,29.84,0.01,2,5968,买盘
10:11:29,29.83,-0.01,5,14262,卖盘
10:11:32,29.84,0.01,179,534011,买盘
10:11:35,29.84,0.0,56,167070,买盘
10:11:38,29.84,0.0,61,182015,买盘
10:11:41,29.84,0.0,5,14920,买盘
10:11:44,29.83,-0.01,9,26848,卖盘
10:11:47,29.84,0.01,21,62664,买盘
10:11:50,29.84,0.0,3,8952,买盘
10:11:53,29.84,0.0,28,83525,买盘
10:11:55,29.83,-0.01,199,593957,卖盘
10:11:59,29.83,0.0,7,20883,卖盘
10:12:02,29.84,0.01,206,614428,买盘
10:12:04,29.83,-0.01,15,44753,中性盘
10:12:07,29.83,0.0,42,125286,中性盘
10:12:11,29.84,0.01,14,41775,买盘
10:12:14,29.83,-0.01,38,113387,卖盘
10:12:17,29.84,0.01,23,68631,买盘
10:12:20,29.84,0.0,19,56682,买盘
10:12:23,29.83,-0.01,7,21270,卖盘
10:12:25,29.83,0.0,742,2215267,卖盘
10:12:29,29.84,0.01,39,116374,买盘
10:12:32,29.84,0.0,9,26856,卖盘
10:12:35,29.83,-0.01,583,1739379,卖盘
10:12:37,29.83,0.0,26,79209,卖盘
10:12:41,29.84,0.01,19,56689,中性盘
10:12:44,29.83,-0.01,34,101429,卖盘
10:12:50,29.86,0.03,1,2986,买盘
10:12:52,29.84,-0.02,4,11938,卖盘
10:12:56,29.86,0.02,166,492889,买盘
10:12:59,29.86,0.0,26,77636,卖盘
10:13:02,29.86,0.0,31,92566,卖盘
10:13:04,29.86,0.0,143,427007,卖盘
10:13:08,29.86,0.0,42,125413,卖盘
10:13:11,29.86,0.0,96,289405,卖盘
10:13:14,29.88,0.02,285,851372,买盘
10:13:17,29.87,-0.01,99,295779,卖盘
10:13:19,29.88,0.01,29,86652,卖盘
10:13:23,29.88,0.0,137,409364,卖盘
10:13:26,29.87,-0.01,118,352485,卖盘
10:13:29,29.89,0.02,1320,3943816,买盘
10:13:32,29.89,0.0,92,274988,卖盘
10:13:34,29.88,-0.01,437,1306163,卖盘
10:13:38,29.9,0.02,270,807262,买盘
10:13:41,29.89,-0.01,13,38857,卖盘
10:13:44,29.9,0.01,49,146493,买盘
10:13:47,29.9,0.0,433,1294649,买盘
10:13:50,29.89,-0.01,47,140496,卖盘
10:13:53,29.89,0.0,167,497877,卖盘
10:13:56,29.89,0.0,80,239193,卖盘
10:13:59,29.89,0.0,200,597988,卖盘
10:14:02,29.9,0.01,52,155480,买盘
10:14:05,29.9,0.0,16,47830,买盘
10:14:08,29.89,-0.01,47,140484,卖盘
10:14:11,29.9,0.01,198,591898,买盘
10:14:13,29.9,0.0,43,128570,卖盘
10:14:17,29.9,0.0,50,149463,卖盘
10:14:20,29.9,0.0,45,134565,卖盘
10:14:23,29.91,0.01,20,59816,买盘
10:14:25,29.9,-0.01,119,355880,卖盘
10:14:29,29.9,0.0,33,98687,卖盘
10:14:32,29.9,0.0,13,38870,卖盘
10:14:34,29.91,0.01,50,149550,买盘
10:14:37,29.91,0.0,142,424622,买盘
10:14:41,29.9,-0.01,156,466503,卖盘
10:14:44,29.92,0.02,30,89750,买盘
10:14:47,29.91,-0.01,43,128613,买盘
10:14:50,29.92,0.01,10,29914,买盘
10:14:53,29.91,-0.01,54,161554,卖盘
10:14:55,29.92,0.01,420,1258136,买盘
10:14:59,29.92,0.0,92,275264,卖盘
10:15:02,29.92,0.0,11,32912,卖盘
10:15:05,29.92,0.0,4,11970,卖盘
10:15:08,29.93,0.01,62,185516,买盘
10:15:11,29.93,0.0,33,98769,买盘
10:15:14,29.93,0.0,13,38909,买盘
10:15:17,29.93,0.0,105,314265,买盘
10:15:20,29.93,0.0,70,209510,卖盘
10:15:23,29.94,0.01,17,50888,买盘
10:15:26,29.94,0.0,15,44904,买盘
10:15:29,29.94,0.0,180,538774,买盘
10:15:32,29.93,-0.01,636,1902865,卖盘
10:15:35,29.91,-0.02,66,197513,卖盘
10:15:38,29.93,0.02,228,682424,买盘
10:15:40,29.93,0.0,441,1319667,卖盘
10:15:44,29.94,0.01,1268,3796676,买盘
10:15:47,29.94,0.0,216,646717,卖盘
10:15:49,29.91,-0.03,546,1634294,卖盘
10:15:53,29.93,0.02,987,2951550,买盘
10:15:56,29.92,-0.01,130,388962,卖盘
10:15:59,29.91,-0.01,49,146614,中性盘
10:16:02,29.89,-0.02,74,219772,卖盘
10:16:04,29.9,0.01,2378,7120990,买盘
10:16:07,29.94,0.04,185,553287,买盘
10:16:10,29.91,-0.03,2,5982,中性盘
10:16:13,29.91,0.0,318,950833,卖盘
10:16:17,29.91,0.0,42,125616,买盘
10:16:20,29.9,-0.01,18,53823,卖盘
10:16:23,29.91,0.01,32,95709,买盘
10:16:26,29.92,0.01,769,2299351,买盘
10:16:29,29.91,-0.01,241,720635,中性盘
10:16:32,29.92,0.01,54,161562,买盘
10:16:35,29.91,-0.01,10,29913,卖盘
10:16:38,29.93,0.02,46,137667,买盘
10:16:41,29.94,0.01,118,353243,买盘
10:16:43,29.92,-0.02,57,170536,卖盘
10:16:47,29.93,0.01,15,44894,买盘
10:16:50,29.93,0.0,15,44895,卖盘
10:16:53,29.94,0.01,2028,6063497,中性盘
10:16:56,29.93,-0.01,75,224475,卖盘
10:16:59,29.92,-0.01,11,32916,中性盘
10:17:02,29.92,0.0,20,59840,买盘
10:17:05,29.9,-0.02,522,1562597,卖盘
10:17:07,29.92,0.02,9,26932,中性盘
10:17:11,29.9,-0.02,120,359056,卖盘
10:17:14,29.88,-0.02,32,97284,卖盘
10:17:16,29.9,0.02,234,699204,买盘
10:17:19,29.87,-0.03,475,1418825,卖盘
10:17:22,29.88,0.01,173,514233,中性盘
10:17:26,29.86,-0.02,252,755501,卖盘
10:17:29,29.88,0.02,198,591294,买盘
10:17:31,29.86,-0.02,123,367334,卖盘
10:17:35,29.86,0.0,11,32851,卖盘
10:17:38,29.86,0.0,143,427020,卖盘
10:17:41,29.87,0.01,73,217988,买盘
10:17:44,29.86,-0.01,71,209140,卖盘
10:17:47,29.86,0.0,32,95552,卖盘
10:17:50,29.86,0.0,110,328808,卖盘
10:17:53,29.86,0.0,42,127953,卖盘
10:17:56,29.87,0.01,348,1036780,买盘
10:17:59,29.87,0.0,51,152337,卖盘
10:18:02,29.87,0.0,23,68701,卖盘
10:18:05,29.87,0.0,6,17922,卖盘
10:18:08,29.88,0.01,58,173268,买盘
10:18:11,29.88,0.0,21,62737,买盘
10:18:14,29.88,0.0,180,537730,买盘
10:18:16,29.88,0.0,7,20916,买盘
10:18:20,29.88,0.0,38,113544,卖盘
10:18:23,29.88,0.0,34,101592,卖盘
10:18:26,29.88,0.0,42,125496,卖盘
10:18:28,29.88,0.0,87,259958,卖盘
10:18:32,29.88,0.0,47,140418,买盘
10:18:35,29.87,-0.01,11,34000,卖盘
10:18:37,29.88,0.01,48,143421,买盘
10:18:40,29.86,-0.02,1047,3128783,卖盘
10:18:44,29.86,0.0,41,119674,卖盘
10:18:46,29.85,-0.01,140,420653,卖盘
10:18:50,29.85,0.0,135,402906,买盘
10:18:53,29.84,-0.01,9,26860,卖盘
10:18:56,29.85,0.01,39,116404,买盘
10:18:58,29.85,0.0,118,352196,买盘
10:19:02,29.85,0.0,4,11940,买盘
10:19:05,29.84,-0.01,657,1960122,卖盘
10:19:07,29.84,0.0,25,74600,买盘
10:19:11,29.84,0.0,52,154150,买盘
10:19:14,29.83,-0.01,63,187954,卖盘
10:19:17,29.84,0.01,19,56696,买盘
10:19:20,29.84,0.0,11,32823,买盘
10:19:23,29.84,0.0,65,193960,买盘
10:19:25,29.83,-0.01,60,179030,卖盘
10:19:29,29.83,0.0,100,298316,卖盘
10:19:32,29.84,0.01,37,110373,买盘
10:19:35,29.84,0.0,148,441578,买盘
10:19:38,29.84,0.0,35,104437,买盘
10:19:41,29.84,0.0,52,155197,卖盘
10:19:44,29.84,0.0,36,107433,卖盘
10:19:46,29.85,0.01,44,131325,买盘
10:19:50,29.84,-0.01,76,226813,卖盘
10:19:53,29.84,0.0,40,119375,卖盘
10:19:56,29.85,0.01,29,86562,买盘
10:19:59,29.85,0.0,50,149230,买盘
10:20:01,29.85,0.0,61,182037,买盘
10:20:05,29.85,0.0,63,188043,买盘
10:20:07,29.84,-0.01,7,20894,卖盘
10:20:11,29.85,0.01,19,56715,卖盘
10:20:13,29.83,-0.02,263,784680,卖盘
10:20:16,29.83,0.0,23,69201,卖盘
10:20:19,29.85,0.02,235,701364,买盘
10:20:23,29.84,-0.01,48,143219,中性盘
10:20:26,29.83,-0.01,15,44745,卖盘
10:20:29,29.83,0.0,13,38779,卖盘
10:20:31,29.83,0.0,30,89492,卖盘
10:20:35,29.84,0.01,15,44210,买盘
10:20:38,29.84,0.0,30,89493,买盘
10:20:41,29.82,-0.02,159,474138,卖盘
10:20:44,29.82,0.0,40,119281,卖盘
10:20:46,29.82,0.0,2,6709,卖盘
10:20:50,29.82,0.0,1,2982,卖盘
10:20:52,29.82,0.0,144,429421,卖盘
10:20:56,29.82,0.0,232,692094,卖盘
10:20:59,29.82,0.0,34,101388,卖盘
10:21:01,29.82,0.0,121,360883,卖盘
10:21:05,29.83,0.01,187,555100,买盘
10:21:08,29.82,-0.01,76,226630,买盘
10:21:14,29.81,-0.01,37,110298,卖盘
10:21:16,29.82,0.01,22,65604,买盘
10:21:20,29.82,0.0,19,56655,买盘
10:21:23,29.82,0.0,31,92442,买盘
10:21:26,29.82,0.0,1,2982,买盘
10:21:29,29.81,-0.01,455,1356406,卖盘
10:21:32,29.81,0.0,123,366702,卖盘
10:21:34,29.82,0.01,338,1007588,买盘
10:21:38,29.8,-0.02,4570,13621426,卖盘
10:21:41,29.79,-0.01,67,199595,卖盘
10:21:44,29.8,0.01,232,691229,买盘
10:21:47,29.8,0.0,259,771772,买盘
10:21:50,29.8,0.0,109,324763,买盘
10:21:53,29.79,-0.01,147,437839,卖盘
10:21:56,29.78,-0.01,44,129610,卖盘
10:21:59,29.79,0.01,143,426029,买盘
10:22:02,29.8,0.01,582,1733099,买盘
10:22:05,29.8,0.0,207,616783,买盘
10:22:08,29.8,0.0,141,420157,买盘
10:22:11,29.79,-0.01,67,199644,中性盘
10:22:14,29.79,0.0,16,47662,买盘
10:22:17,29.78,-0.01,100,297874,卖盘
10:22:20,29.79,0.01,57,169783,买盘
10:22:23,29.79,0.0,129,384320,卖盘
10:22:25,29.8,0.01,1295,3859935,买盘
10:22:29,29.8,0.0,128,381457,卖盘
10:22:32,29.81,0.01,59,175848,买盘
10:22:35,29.82,0.01,136,405533,买盘
10:22:38,29.83,0.01,230,685571,买盘
10:22:40,29.82,-0.01,57,169970,卖盘
10:22:44,29.83,0.01,18,54764,买盘
10:22:47,29.82,-0.01,16,47715,卖盘
10:22:50,29.83,0.01,91,268972,买盘
10:22:56,29.84,0.01,368,1097978,买盘
10:22:59,29.84,0.0,108,322272,买盘
10:23:02,29.85,0.01,34,101485,买盘
10:23:05,29.84,-0.01,28,83552,卖盘
10:23:07,29.85,0.01,13,38802,买盘
10:23:11,29.84,-0.01,38,113400,卖盘
10:23:14,29.84,0.0,34,101456,卖盘
10:23:17,29.84,0.0,45,134282,卖盘
10:23:20,29.84,0.0,12,35819,卖盘
10:23:23,29.84,0.0,111,331238,卖盘
10:23:26,29.84,0.0,12,35447,买盘
10:23:29,29.84,0.0,3,8952,买盘
10:23:32,29.83,-0.01,87,259524,卖盘
10:23:35,29.83,0.0,17,51352,卖盘
10:23:38,29.83,0.0,31,92493,卖盘
10:23:41,29.83,0.0,4,11932,卖盘
10:23:44,29.83,0.0,11,33349,卖盘
10:23:47,29.83,0.0,110,328145,卖盘
10:23:50,29.83,0.0,18,53740,卖盘
10:23:53,29.84,0.01,26,77562,买盘
10:23:56,29.83,-0.01,24,71592,卖盘
10:23:59,29.83,0.0,2,5966,卖盘
10:24:02,29.83,0.0,6,17902,卖盘
10:24:05,29.83,0.0,33,98409,卖盘
10:24:07,29.83,0.0,25,74585,卖盘
10:24:10,29.84,0.01,31,92482,买盘
10:24:14,29.84,0.0,22,65818,买盘
10:24:17,29.83,-0.01,11,32815,卖盘
10:24:20,29.83,0.0,80,238640,卖盘
10:24:23,29.83,0.0,7,21750,卖盘
10:24:26,29.83,0.0,74,220742,卖盘
10:24:28,29.83,0.0,55,164393,卖盘
10:24:32,29.84,0.01,19,56685,买盘
10:24:35,29.83,-0.01,76,226713,卖盘
10:24:38,29.83,0.0,40,119202,卖盘
10:24:40,29.83,0.0,2,5967,卖盘
10:24:44,29.83,0.0,4,10530,卖盘
10:24:47,29.84,0.01,30,89520,买盘
10:24:50,29.84,0.0,42,125315,买盘
10:24:52,29.83,-0.01,204,608534,卖盘
10:24:56,29.84,0.01,112,333342,买盘
10:24:59,29.84,0.0,111,331224,买盘
10:25:02,29.84,0.0,127,378845,买盘
10:25:05,29.84,0.0,57,170081,买盘
10:25:07,29.84,0.0,100,298400,买盘
10:25:11,29.84,0.0,33,98472,卖盘
10:25:14,29.84,0.0,63,187992,卖盘
10:25:17,29.85,0.01,153,456538,买盘
10:25:19,29.84,-0.01,44,131297,中性盘
10:25:23,29.84,0.0,7,20888,买盘
10:25:25,29.83,-0.01,482,1437807,卖盘
10:25:29,29.83,0.0,112,335192,买盘
10:25:32,29.83,0.0,80,238640,买盘
10:25:35,29.82,-0.01,64,190848,卖盘
10:25:38,29.83,0.01,88,262729,买盘
10:25:41,29.82,-0.01,47,140164,卖盘
10:25:44,29.82,0.0,85,253473,卖盘
10:25:47,29.82,0.0,63,186255,卖盘
10:25:50,29.82,0.0,18,53691,卖盘
10:25:53,29.82,0.0,237,706932,卖盘
10:25:56,29.82,0.0,5,16278,买盘
10:25:59,29.81,-0.01,1,2981,卖盘
10:26:02,29.81,0.0,33,98376,卖盘
10:26:05,29.82,0.01,117,350130,买盘
10:26:08,29.8,-0.02,1360,4052094,卖盘
10:26:11,29.79,-0.01,4,12364,卖盘
10:26:14,29.79,0.0,229,682286,卖盘
10:26:17,29.79,0.0,1048,3122554,卖盘
10:26:20,29.79,0.0,26,77454,买盘
10:26:23,29.79,0.0,29,86391,买盘
10:26:26,29.79,0.0,305,908216,买盘
10:26:29,29.79,0.0,58,172886,卖盘
10:26:32,29.8,0.01,55,163856,买盘
10:26:35,29.82,0.02,77,229502,买盘
10:26:38,29.8,-0.02,261,777809,卖盘
10:26:41,29.82,0.02,94,280267,买盘
10:26:43,29.82,0.0,12,35785,卖盘
10:26:47,29.82,0.0,17,50694,卖盘
10:26:50,29.82,0.0,50,149129,卖盘
10:26:53,29.82,0.0,151,450311,卖盘
10:26:56,29.82,0.0,28,83514,卖盘
10:26:59,29.82,0.0,117,348894,卖盘
10:27:02,29.83,0.01,58,173013,买盘
10:27:05,29.83,0.0,51,152133,买盘
10:27:07,29.83,0.0,823,2455064,买盘
10:27:11,29.83,0.0,56,167048,卖盘
10:27:13,29.85,0.02,15,44775,买盘
10:27:17,29.83,-0.02,3,8949,卖盘
10:27:20,29.85,0.02,6,17908,买盘
10:27:23,29.84,-0.01,2,5967,中性盘
10:27:26,29.85,0.01,141,420849,买盘
10:27:28,29.83,-0.02,30,89495,卖盘
10:27:32,29.83,0.0,49,146228,卖盘
10:27:35,29.84,0.01,11,32827,卖盘
10:27:38,29.84,0.0,191,570085,卖盘
10:27:41,29.84,0.0,27,80583,卖盘
10:27:44,29.84,0.0,43,128909,卖盘
10:27:47,29.85,0.01,31,92535,买盘
10:27:50,29.85,0.0,23,68634,买盘
10:27:53,29.85,0.0,9,24293,买盘
10:27:56,29.85,0.0,181,540274,买盘
10:27:59,29.85,0.0,7,20895,买盘
10:28:01,29.84,-0.01,96,287656,卖盘
10:28:05,29.85,0.01,14,41790,买盘
10:28:08,29.85,0.0,89,265577,买盘
10:28:11,29.84,-0.01,32,95816,卖盘
10:28:13,29.85,0.01,176,525790,买盘
10:28:16,29.84,-0.01,34,101471,买盘
10:28:20,29.84,0.0,30,89520,卖盘
10:28:29,29.84,0.0,14,41776,卖盘
10:28:32,29.84,0.0,5,15875,卖盘
10:28:35,29.85,0.01,12,35820,买盘
10:28:38,29.84,-0.01,28,83552,卖盘
10:28:41,29.84,0.0,7,20889,卖盘
10:28:44,29.85,0.01,23,68655,买盘
10:28:46,29.85,0.0,116,346149,买盘
10:28:50,29.85,0.0,356,1062657,买盘
10:28:53,29.85,0.0,64,190611,买盘
10:28:56,29.84,-0.01,17,48432,卖盘
10:28:58,29.85,0.01,52,155220,买盘
10:29:02,29.85,0.0,3,8955,买盘
10:29:05,29.85,0.0,2,5970,买盘
10:29:08,29.84,-0.01,10,29840,卖盘
10:29:11,29.84,0.0,31,94176,卖盘
10:29:17,29.84,0.01,17,50728,买盘
10:29:20,29.83,-0.01,2,5876,卖盘
10:29:23,29.84,0.01,16,47734,买盘
10:29:29,29.84,0.0,66,196850,买盘
10:29:32,29.83,-0.01,93,277448,卖盘
10:29:35,29.83,0.0,27,80515,卖盘
10:29:41,29.83,0.0,28,83529,卖盘
10:29:44,29.83,0.0,27,80511,卖盘
10:29:47,29.84,0.01,187,557963,买盘
10:29:50,29.83,-0.01,17,50712,卖盘
10:29:52,29.83,0.0,6,17898,卖盘
10:29:56,29.84,0.01,302,900868,买盘
10:29:59,29.83,-0.01,144,429693,卖盘
10:30:02,29.83,0.0,44,131252,卖盘
10:30:05,29.84,0.01,2,5968,买盘
10:30:08,29.83,-0.01,16,47734,卖盘
10:30:10,29.83,0.0,11,32813,卖盘
10:30:13,29.84,0.01,15,44760,买盘
10:30:17,29.83,-0.01,3,7606,卖盘
10:30:20,29.84,0.01,34,101423,买盘
10:30:23,29.83,-0.01,158,471541,卖盘
10:30:25,29.83,0.0,12,35796,卖盘
10:30:32,29.83,0.0,148,441652,卖盘
10:30:34,29.83,0.0,37,110372,卖盘
10:30:38,29.83,0.0,15,44745,卖盘
10:30:41,29.84,0.01,43,128344,买盘
10:30:44,29.83,-0.01,27,80541,卖盘
10:30:47,29.85,0.02,21,62168,买盘
10:30:50,29.83,-0.02,304,907226,卖盘
10:30:52,29.86,0.03,128,381891,买盘
10:30:56,29.85,-0.01,95,283572,中性盘
10:30:59,29.86,0.01,470,1402960,买盘
10:31:02,29.86,0.0,130,388164,买盘
10:31:05,29.86,0.0,100,298564,买盘
10:31:11,29.86,0.0,98,292545,买盘
10:31:14,29.86,0.0,228,680788,买盘
10:31:16,29.86,0.0,71,212006,卖盘
10:31:20,29.86,0.0,5,14930,卖盘
10:31:23,29.87,0.01,37,110519,买盘
10:31:26,29.86,-0.01,44,131401,卖盘
10:31:29,29.87,0.01,106,316622,买盘
10:31:32,29.88,0.01,17,50796,买盘
10:31:35,29.88,0.0,38,113544,买盘
10:31:37,29.88,0.0,242,723083,买盘
10:31:41,29.88,0.0,253,755954,买盘
10:31:44,29.87,-0.01,1117,3338655,卖盘
10:31:46,29.9,0.03,658,1965586,买盘
10:31:50,29.88,-0.02,11,32868,卖盘
10:31:53,29.9,0.02,528,1578720,买盘
10:31:56,29.92,0.02,78,233337,买盘
10:31:58,29.9,-0.02,6,17940,卖盘
10:32:01,29.93,0.03,37,110714,买盘
10:32:04,29.93,0.0,21,62853,买盘
10:32:08,29.92,-0.01,3,8976,卖盘
10:32:10,29.93,0.01,6,17958,买盘
10:32:14,29.93,0.0,63,188549,买盘
10:32:17,29.92,-0.01,55,164588,卖盘
10:32:20,29.93,0.01,37,110741,买盘
10:32:23,29.93,0.0,50,149650,买盘
10:32:25,29.94,0.01,36,107750,买盘
10:32:29,29.93,-0.01,63,188569,卖盘
10:32:31,29.93,0.0,1,3083,卖盘
10:32:34,29.93,0.0,63,188522,卖盘
10:32:38,29.94,0.01,59,176615,买盘
10:32:40,29.93,-0.01,12,35927,卖盘
10:32:47,29.93,0.0,32,95790,卖盘
10:32:50,29.94,0.01,74,221643,买盘
10:32:53,29.94,0.0,57,170543,卖盘
10:32:56,29.93,-0.01,369,1104416,卖盘
10:32:58,29.93,0.0,47,140671,买盘
10:33:01,29.93,0.0,6,17958,买盘
10:33:05,29.93,0.0,16,47888,买盘
10:33:08,29.93,0.0,46,137672,买盘
10:33:11,29.92,-0.01,37,110704,卖盘
10:33:14,29.93,0.01,5,15952,买盘
10:33:17,29.93,0.0,41,122682,买盘
10:33:20,29.93,0.0,29,86773,买盘
10:33:23,29.92,-0.01,2,5984,卖盘
10:33:26,29.92,0.0,40,119685,卖盘
10:33:28,29.93,0.01,31,93870,买盘
10:33:32,29.93,0.0,10,29930,买盘
10:33:35,29.93,0.0,29,86797,买盘
10:33:38,29.93,0.0,6,17958,买盘
10:33:41,29.92,-0.01,1,2992,卖盘
10:33:44,29.93,0.01,36,107713,买盘
10:33:47,29.93,0.0,19,55608,买盘
10:33:50,29.93,0.0,1,2993,买盘
10:33:53,29.92,-0.01,3,8978,卖盘
10:33:56,29.93,0.01,11,32923,买盘
10:33:59,29.92,-0.01,112,336969,卖盘
10:34:01,29.92,0.0,40,116969,卖盘
10:34:05,29.92,0.0,7,20944,买盘
10:34:08,29.92,0.0,2,5984,买盘
10:34:11,29.9,-0.02,1727,5163866,卖盘
10:34:14,29.9,0.0,17,53202,买盘
10:34:17,29.9,0.0,10,29900,买盘
10:34:19,29.89,-0.01,10,29886,买盘
10:34:29,29.88,-0.01,44,129320,卖盘
10:34:32,29.88,0.0,20,59889,卖盘
10:34:35,29.88,0.0,45,134101,卖盘
10:34:38,29.89,0.01,339,1013507,买盘
10:34:41,29.89,0.0,15,44835,卖盘
10:34:47,29.89,0.0,5,14945,卖盘
10:34:53,29.89,0.0,49,146478,卖盘
10:34:56,29.9,0.01,5,14948,买盘
10:34:59,29.89,-0.01,2,5979,卖盘
10:35:02,29.9,0.01,4,11958,买盘
10:35:05,29.89,-0.01,8,26183,卖盘
10:35:08,29.9,0.01,1,2990,买盘
10:35:11,29.89,-0.01,34,101540,卖盘
10:35:14,29.89,0.0,20,59780,卖盘
10:35:17,29.9,0.01,35,104622,买盘
10:35:19,29.89,-0.01,26,77736,卖盘
10:35:23,29.89,0.0,226,675516,卖盘
10:35:25,29.89,0.0,41,122549,卖盘
10:35:29,29.89,0.0,47,138391,卖盘
10:35:32,29.89,0.0,164,490212,卖盘
10:35:35,29.89,0.0,35,104497,卖盘
10:35:37,29.9,0.01,5,14948,买盘
10:35:41,29.89,-0.01,49,146146,卖盘
10:35:44,29.89,0.0,356,1064404,买盘
10:35:47,29.89,0.0,1,2989,买盘
10:35:50,29.88,-0.01,7,20916,卖盘
10:35:56,29.88,0.0,212,634095,卖盘
10:35:59,29.89,0.01,1,2989,买盘
10:36:02,29.88,-0.01,80,239040,卖盘
10:36:06,29.89,0.01,12,35414,买盘
10:36:08,29.89,0.0,40,119553,买盘
10:36:11,29.89,0.0,6,17931,买盘
10:36:15,29.89,0.0,5,14945,买盘
10:36:20,29.89,0.0,33,98611,买盘
10:36:22,29.89,0.0,41,122529,买盘
10:36:26,29.88,-0.01,8,24711,卖盘
10:36:28,29.89,0.01,50,149414,买盘
10:36:32,29.88,-0.01,4,12101,卖盘
10:36:36,29.88,0.0,15,44830,卖盘
10:36:38,29.87,-0.01,39,115402,卖盘
10:36:41,29.88,0.01,19,56770,买盘
10:36:50,29.87,-0.01,108,322596,卖盘
10:36:53,29.87,0.0,80,238960,卖盘
10:36:56,29.88,0.01,48,143378,买盘
10:36:59,29.87,-0.01,98,293356,卖盘
10:37:02,29.87,0.0,15,44805,卖盘
10:37:06,29.87,0.0,3,8961,买盘
10:37:08,29.87,0.0,2,5974,买盘
10:37:11,29.86,-0.01,30,89580,卖盘
10:37:13,29.87,0.01,45,134415,买盘
10:37:17,29.86,-0.01,6,17916,卖盘
10:37:20,29.87,0.01,5,14932,买盘
10:37:23,29.87,0.0,5,14935,买盘
10:37:25,29.86,-0.01,16,47776,卖盘
10:37:30,29.86,0.0,35,104510,卖盘
10:37:32,29.86,0.0,19,56746,卖盘
10:37:36,29.87,0.01,22,65714,买盘
10:37:38,29.86,-0.01,395,1179470,卖盘
10:37:41,29.86,0.0,4,11944,买盘
10:37:44,29.86,0.0,47,140320,买盘
10:37:47,29.85,-0.01,31,92894,卖盘
10:37:50,29.86,0.01,8,23888,买盘
10:37:53,29.86,0.0,1,2986,买盘
10:37:56,29.85,-0.01,196,584702,卖盘
10:37:59,29.85,0.0,237,707443,买盘
10:38:02,29.85,0.0,50,149211,买盘
10:38:04,29.84,-0.01,64,190916,卖盘
10:38:08,29.85,0.01,3,8955,买盘
10:38:11,29.84,-0.01,30,89520,卖盘
10:38:15,29.84,0.0,5,14861,卖盘
10:38:17,29.84,0.0,19,56696,卖盘
10:38:20,29.84,0.0,60,179160,卖盘
10:38:23,29.84,0.0,63,187914,买盘
10:38:26,29.83,-0.01,7,20881,卖盘
10:38:30,29.83,0.0,30,89490,卖盘
10:38:32,29.83,0.0,31,92453,卖盘
10:38:36,29.84,0.01,6,17903,买盘
10:38:38,29.83,-0.01,28,84091,卖盘
10:38:41,29.83,0.0,5,14883,买盘
10:38:45,29.83,0.0,157,467760,买盘
10:38:47,29.82,-0.01,77,230268,卖盘
10:38:50,29.82,0.0,2,5964,卖盘
10:38:52,29.82,0.0,7,20874,卖盘
10:38:56,29.83,0.01,76,226658,买盘
10:38:58,29.82,-0.01,44,131230,卖盘
10:39:01,29.82,0.0,5,14910,卖盘
10:39:06,29.82,0.0,52,155077,卖盘
10:39:08,29.82,0.0,7,20908,卖盘
10:39:11,29.82,0.0,41,122263,卖盘
10:39:14,29.83,0.01,1,2983,买盘
10:39:17,29.82,-0.01,2,6769,卖盘
10:39:20,29.82,0.0,14,41750,卖盘
10:39:23,29.83,0.01,21,62641,买盘
10:39:26,29.82,-0.01,9,26842,卖盘
10:39:30,29.83,0.01,126,375255,买盘
10:39:31,29.84,0.01,74,220811,买盘
10:39:36,29.84,0.0,40,119343,买盘
10:39:38,29.84,0.0,2,5968,买盘
10:39:41,29.8,-0.04,801,2387541,卖盘
10:39:45,29.83,0.03,2,5966,卖盘
10:39:47,29.83,0.0,31,92479,买盘
10:39:50,29.81,-0.02,3,8943,卖盘
10:39:53,29.82,0.01,24,71568,买盘
10:40:00,29.82,0.0,1,2982,买盘
10:40:02,29.81,-0.01,30,90094,卖盘
10:40:05,29.81,0.0,69,205033,卖盘
10:40:08,29.81,0.0,6,17886,买盘
10:40:11,29.81,0.0,19,56639,买盘
10:40:15,29.81,0.0,164,489627,买盘
10:40:16,29.81,0.0,31,92417,卖盘
10:40:20,29.84,0.03,46,137293,买盘
10:40:22,29.83,-0.01,45,134276,卖盘
10:40:26,29.84,0.01,78,232762,买盘
10:40:32,29.85,0.01,28,83558,买盘
10:40:38,29.85,0.0,38,113368,买盘
10:40:41,29.83,-0.02,46,137230,中性盘
10:40:45,29.83,0.0,43,128269,卖盘
10:40:46,29.84,0.01,40,119346,买盘
10:40:50,29.83,-0.01,10,29830,中性盘
10:40:53,29.83,0.0,27,80541,卖盘
10:40:56,29.83,0.0,61,182112,卖盘
10:41:00,29.84,0.01,2,5968,买盘
10:41:02,29.84,0.0,25,74596,买盘
10:41:04,29.84,0.0,218,650339,买盘
10:41:08,29.84,0.0,76,226720,买盘
10:41:11,29.83,-0.01,64,190763,卖盘
10:41:15,29.83,0.0,319,951264,买盘
10:41:17,29.83,0.0,184,548698,买盘
10:41:20,29.82,-0.01,158,471167,卖盘
10:41:23,29.82,0.0,81,241089,卖盘
10:41:25,29.81,-0.01,56,166974,卖盘
10:41:30,29.81,0.0,155,462056,卖盘
10:41:32,29.81,0.0,37,110685,卖盘
10:41:35,29.8,-0.01,261,777819,卖盘
10:41:38,29.81,0.01,96,286084,买盘
10:41:40,29.8,-0.01,34,101320,卖盘
10:41:45,29.81,0.01,50,149031,买盘
10:41:47,29.8,-0.01,71,211580,卖盘
10:41:50,29.8,0.0,43,128140,卖盘
10:41:53,29.8,0.0,56,166860,买盘
10:41:56,29.8,0.0,64,190676,买盘
10:42:00,29.8,0.0,115,342599,买盘
10:42:01,29.79,-0.01,64,190657,卖盘
10:42:05,29.79,0.0,113,336806,卖盘
10:42:08,29.78,-0.01,7,20846,卖盘
10:42:11,29.79,0.01,5,15221,买盘
10:42:13,29.79,0.0,4,11916,买盘
10:42:16,29.79,0.0,154,458766,买盘
10:42:20,29.79,0.0,48,142973,买盘
10:42:23,29.78,-0.01,102,303788,卖盘
10:42:26,29.79,0.01,154,458795,买盘
10:42:28,29.79,0.0,69,205600,卖盘
10:42:32,29.79,0.0,27,80451,卖盘
10:42:35,29.79,0.0,69,205551,卖盘
10:42:37,29.81,0.02,40,119046,买盘
10:42:41,29.8,-0.01,66,196732,卖盘
10:42:45,29.8,0.0,8,23842,卖盘
10:42:50,29.8,0.0,10,29800,卖盘
10:42:53,29.82,0.02,1,2982,买盘
10:42:56,29.8,-0.02,41,122196,卖盘
10:42:58,29.79,-0.01,266,792859,卖盘
10:43:02,29.8,0.01,218,649634,买盘
10:43:05,29.8,0.0,116,346216,买盘
10:43:11,29.8,0.0,41,122219,卖盘
10:43:13,29.8,0.0,42,125172,卖盘
10:43:17,29.81,0.01,81,241440,中性盘
10:43:20,29.8,-0.01,26,77480,卖盘
10:43:24,29.82,0.02,179,533671,买盘
10:43:26,29.82,0.0,31,92442,买盘
10:43:28,29.82,0.0,23,68586,卖盘
10:43:32,29.83,0.01,335,999226,买盘
10:43:36,29.83,0.0,37,110371,卖盘
10:43:38,29.83,0.0,5,14915,卖盘
10:43:41,29.82,-0.01,237,706871,卖盘
10:43:45,29.81,-0.01,7,19020,卖盘
10:43:48,29.82,0.01,55,164010,买盘
10:43:50,29.81,-0.01,67,201586,卖盘
10:43:53,29.81,0.0,11,32791,买盘
10:43:56,29.81,0.0,31,92411,买盘
10:44:00,29.82,0.01,55,162117,买盘
10:44:02,29.81,-0.01,19,56639,卖盘
10:44:05,29.81,0.0,25,74525,卖盘
10:44:08,29.82,0.01,36,107317,买盘
10:44:11,29.82,0.0,4,11928,买盘
10:44:15,29.82,0.0,10,29820,买盘
10:44:17,29.82,0.0,13,38766,买盘
10:44:20,29.82,0.0,40,119566,买盘
10:44:24,29.81,-0.01,31,92412,卖盘
10:44:25,29.84,0.03,103,307138,买盘
10:44:30,29.82,-0.02,25,74550,卖盘
10:44:35,29.84,0.02,1,2984,买盘
10:44:41,29.82,-0.02,33,98418,卖盘
10:44:45,29.84,0.02,9,26856,买盘
10:44:47,29.84,0.0,16,47725,买盘
10:44:50,29.84,0.0,15,45509,买盘
10:44:53,29.84,0.0,25,74597,买盘
10:44:56,29.83,-0.01,13,38779,卖盘
10:45:00,29.84,0.01,39,115174,买盘
10:45:01,29.83,-0.01,29,87671,卖盘
10:45:05,29.83,0.0,8,23864,买盘
10:45:08,29.83,0.0,3,8949,买盘
10:45:15,29.82,-0.01,156,464419,卖盘
10:45:17,29.81,-0.01,144,430666,卖盘
10:45:20,29.81,0.0,157,467871,买盘
10:45:22,29.82,0.01,172,512720,买盘
10:45:26,29.82,0.0,145,432390,卖盘
10:45:30,29.82,0.0,74,220639,卖盘
10:45:32,29.82,0.0,37,110269,卖盘
10:45:36,29.82,0.0,4,11925,买盘
10:45:38,29.8,-0.02,72,214577,卖盘
10:45:41,29.81,0.01,70,208608,买盘
10:45:45,29.8,-0.01,30,89400,卖盘
10:45:47,29.8,0.0,16,47680,卖盘
10:45:50,29.8,0.0,44,129687,买盘
10:45:53,29.79,-0.01,117,348545,卖盘
10:45:56,29.79,0.0,181,539201,卖盘
10:46:00,29.79,0.0,178,530265,卖盘
10:46:02,29.79,0.0,25,74477,卖盘
10:46:05,29.79,0.0,88,261472,卖盘
10:46:08,29.8,0.01,326,970976,买盘
10:46:11,29.78,-0.02,411,1224864,卖盘
10:46:15,29.78,0.0,9,26802,买盘
10:46:17,29.78,0.0,29,86341,买盘
10:46:20,29.77,-0.01,2,5954,卖盘
10:46:24,29.78,0.01,11,32757,买盘
10:46:25,29.78,0.0,107,318939,买盘
10:46:30,29.78,0.0,72,214565,卖盘
10:46:32,29.8,0.02,29,86420,中性盘
10:46:36,29.79,-0.01,3,8938,卖盘
10:46:41,29.79,0.0,42,125121,卖盘
10:46:45,29.79,0.0,97,288963,买盘
10:46:48,29.78,-0.01,164,488464,卖盘
10:46:50,29.79,0.01,2,5959,中性盘
10:46:56,29.79,0.0,38,113202,买盘
10:47:00,29.79,0.0,83,245905,买盘
10:47:02,29.79,0.0,1,2979,买盘
10:47:05,29.79,0.0,68,202532,买盘
10:47:08,29.78,-0.01,99,294859,卖盘
10:47:11,29.79,0.01,21,62559,买盘
10:47:13,29.79,0.0,112,333648,卖盘
10:47:17,29.78,-0.01,370,1102703,卖盘
10:47:20,29.78,0.0,67,199520,买盘
10:47:24,29.78,0.0,10,29779,买盘
10:47:30,29.77,-0.01,15,44660,卖盘
10:47:32,29.78,0.01,12,34783,买盘
10:47:36,29.79,0.01,48,142915,买盘
10:47:38,29.79,0.0,19,56585,买盘
10:47:40,29.79,0.0,2,5957,买盘
10:47:45,29.79,0.0,98,291890,买盘
10:47:47,29.78,-0.01,61,181659,卖盘
10:47:50,29.79,0.01,57,169779,买盘
10:47:53,29.78,-0.01,32,95296,卖盘
10:48:00,29.79,0.01,72,214446,买盘
10:48:03,29.78,-0.01,87,259099,卖盘
10:48:05,29.79,0.01,103,306807,买盘
10:48:08,29.78,-0.01,59,175704,卖盘
10:48:11,29.79,0.01,14,41693,买盘
10:48:14,29.78,-0.01,42,125082,卖盘
10:48:17,29.79,0.01,58,172763,买盘
10:48:20,29.77,-0.02,1018,3033223,卖盘
10:48:22,29.77,0.0,80,238093,买盘
10:48:26,29.77,0.0,11,32747,买盘
10:48:30,29.77,0.0,78,232206,买盘
10:48:32,29.77,0.0,51,151826,买盘
10:48:36,29.77,0.0,6,17862,买盘
10:48:38,29.76,-0.01,47,139895,卖盘
10:48:45,29.76,0.0,330,982141,卖盘
10:48:47,29.76,0.0,8,23808,卖盘
10:48:50,29.77,0.01,30,88381,买盘
10:48:53,29.76,-0.01,46,136909,卖盘
10:48:56,29.77,0.01,41,122017,买盘
10:48:58,29.77,0.0,94,279778,买盘
10:49:02,29.77,0.0,293,872826,买盘
10:49:05,29.76,-0.01,131,389986,卖盘
10:49:08,29.78,0.02,25,74427,买盘
10:49:11,29.78,0.0,36,107190,买盘
10:49:13,29.77,-0.01,34,101218,卖盘
10:49:16,29.76,-0.01,44,130948,卖盘
10:49:20,29.77,0.01,111,330417,买盘
10:49:24,29.77,0.0,18,53586,买盘
10:49:25,29.77,0.0,63,187612,卖盘
10:49:30,29.77,0.0,16,47632,卖盘
10:49:32,29.77,0.0,26,77400,卖盘
10:49:36,29.78,0.01,33,98242,买盘
10:49:37,29.76,-0.02,106,315522,卖盘
10:49:41,29.78,0.02,100,297763,买盘
10:49:45,29.77,-0.01,6,17863,卖盘
10:49:47,29.77,0.0,114,339380,卖盘
10:49:50,29.78,0.01,6,17868,买盘
10:49:53,29.77,-0.01,31,92292,卖盘
10:49:56,29.78,0.01,6,17868,买盘
10:50:00,29.78,0.0,6,16465,买盘
10:50:02,29.78,0.0,20,59560,买盘
10:50:05,29.77,-0.01,4,11911,卖盘
10:50:08,29.77,0.0,8,23756,卖盘
10:50:12,29.78,0.01,1012,3011946,买盘
10:50:15,29.76,-0.02,6,18392,卖盘
10:50:17,29.77,0.01,17,50609,中性盘
10:50:20,29.76,-0.01,339,1008865,卖盘
10:50:24,29.77,0.01,338,1005893,买盘
10:50:26,29.78,0.01,288,858514,买盘
10:50:30,29.76,-0.02,325,966883,买盘
10:50:32,29.76,0.0,13,38688,卖盘
10:50:36,29.75,-0.01,78,232052,卖盘
10:50:37,29.76,0.01,147,437342,买盘
10:50:41,29.75,-0.01,73,217176,卖盘
10:50:45,29.75,0.0,126,374860,卖盘
10:50:47,29.75,0.0,27,80328,卖盘
10:50:50,29.76,0.01,8,23801,买盘
10:50:53,29.76,0.0,6,17852,买盘
10:50:56,29.75,-0.01,40,119030,卖盘
10:51:00,29.76,0.01,108,321330,买盘
10:51:02,29.75,-0.01,17,50584,卖盘
10:51:05,29.76,0.01,1,2976,买盘
10:51:08,29.76,0.0,65,193400,买盘
10:51:12,29.75,-0.01,106,315350,卖盘
10:51:14,29.75,0.0,61,181479,卖盘
10:51:17,29.75,0.0,2,5950,买盘
10:51:20,29.74,-0.01,42,124945,卖盘
10:51:23,29.75,0.01,123,365925,买盘
10:51:26,29.75,0.0,46,136845,买盘
10:51:30,29.75,0.0,39,114592,买盘
10:51:32,29.74,-0.01,589,1752197,卖盘
10:51:35,29.75,0.01,27,80309,买盘
10:51:38,29.74,-0.01,14,41636,卖盘
10:51:41,29.75,0.01,8,23800,买盘
10:51:45,29.74,-0.01,60,178447,卖盘
10:51:47,29.74,0.0,20,59600,卖盘
10:51:50,29.74,0.0,19,56512,卖盘
10:51:53,29.74,0.0,23,68405,卖盘
10:51:56,29.74,0.0,46,136813,卖盘
10:52:00,29.74,0.0,45,134060,卖盘
10:52:02,29.75,0.01,33,98148,买盘
10:52:06,29.75,0.0,356,1059086,买盘
10:52:08,29.75,0.0,71,211215,买盘
10:52:12,29.75,0.0,36,107100,卖盘
10:52:15,29.75,0.0,28,83301,卖盘
10:52:17,29.75,0.0,15,44625,卖盘
10:52:20,29.76,0.01,36,107110,买盘
10:52:24,29.75,-0.01,129,383793,卖盘
10:52:30,29.76,0.01,103,306858,买盘
10:52:32,29.76,0.0,132,392817,买盘
10:52:36,29.77,0.01,103,306490,买盘
10:52:38,29.76,-0.01,38,113095,卖盘
10:52:41,29.76,0.0,29,86321,卖盘
10:52:44,29.76,0.0,7,20833,卖盘
10:52:47,29.76,0.0,30,89280,卖盘
10:52:50,29.76,0.0,39,116076,卖盘
10:52:53,29.77,0.01,5,14885,买盘
10:52:56,29.77,0.0,158,470211,买盘
10:52:59,29.76,-0.01,1,2976,卖盘
10:53:02,29.76,0.0,454,1351782,卖盘
10:53:04,29.77,0.01,17,50593,买盘
10:53:08,29.77,0.0,20,59540,买盘
10:53:11,29.76,-0.01,135,401765,卖盘
10:53:15,29.76,0.0,50,148800,买盘
10:53:17,29.76,0.0,508,1511808,买盘
10:53:20,29.75,-0.01,636,1893053,卖盘
10:53:24,29.8,0.05,61,181525,买盘
10:53:26,29.76,-0.04,4,11907,卖盘
10:53:30,29.79,0.03,26,77401,买盘
10:53:36,29.76,-0.03,5,14880,卖盘
10:53:38,29.77,0.01,7,20841,卖盘
10:53:41,29.79,0.02,9,26811,买盘
10:53:43,29.79,0.0,18,53610,买盘
10:53:46,29.77,-0.02,2,5954,卖盘
10:53:50,29.79,0.02,24,71456,买盘
10:53:53,29.79,0.0,82,244692,买盘
10:53:56,29.77,-0.02,42,125104,卖盘
10:53:59,29.77,0.0,42,125034,卖盘
10:54:02,29.77,0.0,45,134025,卖盘
10:54:05,29.78,0.01,21,62626,买盘
10:54:08,29.77,-0.01,23,68491,卖盘
10:54:12,29.77,0.0,798,2375029,卖盘
10:54:15,29.77,0.0,32,95264,买盘
10:54:16,29.77,0.0,51,151827,买盘
10:54:20,29.76,-0.01,516,1536128,卖盘
10:54:23,29.77,0.01,25,74419,买盘
10:54:26,29.76,-0.01,68,202431,卖盘
10:54:29,29.77,0.01,19,56563,买盘
10:54:32,29.77,0.0,321,956238,买盘
10:54:35,29.77,0.0,24,71448,卖盘
10:54:38,29.78,0.01,1,2978,买盘
10:54:40,29.77,-0.01,26,77413,卖盘
10:54:45,29.77,0.0,174,517998,卖盘
10:54:47,29.77,0.0,34,101218,卖盘
10:54:50,29.78,0.01,63,187552,买盘
10:54:53,29.77,-0.01,4,11908,卖盘
10:54:56,29.77,0.0,83,246765,卖盘
10:54:59,29.78,0.01,80,238240,买盘
10:55:02,29.78,0.0,51,151836,买盘
10:55:06,29.78,0.0,5,14948,买盘
10:55:08,29.77,-0.01,71,211372,卖盘
10:55:11,29.77,0.0,2,5954,卖盘
10:55:15,29.77,0.0,34,101556,卖盘
10:55:16,29.78,0.01,16,46567,买盘
10:55:19,29.78,0.0,2,5956,买盘
10:55:24,29.78,0.0,6,17868,买盘
10:55:26,29.78,0.0,13,39159,买盘
10:55:29,29.78,0.0,6,17868,买盘
10:55:32,29.78,0.0,25,74449,买盘
10:55:34,29.78,0.0,21,62669,买盘
10:55:38,29.78,0.0,575,1712319,买盘
10:55:41,29.78,0.0,105,312766,卖盘
10:55:43,29.78,0.0,14,41693,卖盘
10:55:47,29.79,0.01,2,5958,买盘
10:55:50,29.78,-0.01,21,62555,卖盘
10:55:53,29.78,0.0,64,190642,卖盘
10:55:56,29.79,0.01,57,169796,买盘
10:55:59,29.79,0.0,14,41706,买盘
10:56:02,29.79,0.0,4,11916,买盘
10:56:05,29.78,-0.01,23,68506,卖盘
10:56:07,29.8,0.02,68,202584,买盘
10:56:17,29.8,0.0,76,226480,买盘
10:56:23,29.8,0.0,29,86420,买盘
10:56:26,29.8,0.0,407,1212843,买盘
10:56:29,29.8,0.0,47,140053,买盘
10:56:32,29.79,-0.01,26,77460,卖盘
10:56:36,29.79,0.0,81,241767,卖盘
10:56:41,29.8,0.01,56,165596,买盘
10:56:44,29.8,0.0,8,23840,卖盘
10:56:47,29.8,0.0,15,44701,卖盘
10:56:53,29.81,0.01,12,35767,买盘
10:56:56,29.81,0.0,13,38742,买盘
10:56:59,29.8,-0.01,24,71520,卖盘
10:57:02,29.81,0.01,17,50667,买盘
10:57:05,29.81,0.0,13,38750,买盘
10:57:08,29.8,-0.01,4,11920,卖盘
10:57:11,29.81,0.01,129,384549,买盘
10:57:13,29.8,-0.01,3,8942,卖盘
10:57:17,29.8,0.0,42,125200,卖盘
10:57:22,29.81,0.01,18,53657,买盘
10:57:26,29.81,0.0,6,17886,买盘
10:57:30,29.81,0.0,3,8943,买盘
10:57:32,29.81,0.0,1,2981,买盘
10:57:35,29.81,0.0,27,80462,买盘
10:57:38,29.81,0.0,22,65582,买盘
10:57:40,29.81,0.0,3,8943,买盘
10:57:44,29.81,0.0,79,235446,买盘
10:57:46,29.8,-0.01,264,786722,卖盘
10:57:50,29.8,0.0,114,339720,卖盘
10:57:53,29.8,0.0,201,600201,卖盘
10:57:56,29.8,0.0,130,387349,买盘
10:58:00,29.79,-0.01,26,77460,卖盘
10:58:02,29.79,0.0,27,80431,卖盘
10:58:05,29.8,0.01,109,324672,买盘
10:58:08,29.8,0.0,67,199586,买盘
10:58:11,29.79,-0.01,11,32772,卖盘
10:58:13,29.79,0.0,6,17874,卖盘
10:58:16,29.79,0.0,2,5958,卖盘
10:58:19,29.8,0.01,6,17875,买盘
10:58:23,29.78,-0.02,21,62539,卖盘
10:58:26,29.79,0.01,28,83025,卖盘
10:58:29,29.79,0.0,23,68517,卖盘
10:58:32,29.79,0.0,10,30177,卖盘
10:58:34,29.78,-0.01,55,163746,卖盘
10:58:37,29.77,-0.01,1013,3015812,卖盘
10:58:41,29.78,0.01,69,205514,中性盘
10:58:44,29.78,0.0,19,56583,中性盘
10:58:47,29.78,0.0,27,80416,卖盘
10:58:50,29.77,-0.01,13,38702,卖盘
10:58:53,29.77,0.0,37,110174,卖盘
10:58:56,29.78,0.01,106,315679,买盘
10:58:59,29.78,0.0,34,101224,买盘
10:59:02,29.77,-0.01,8,22542,卖盘
10:59:05,29.79,0.02,51,151926,买盘
10:59:08,29.79,0.0,2,5958,买盘
10:59:11,29.78,-0.01,1,2978,卖盘
10:59:13,29.79,0.01,57,169768,买盘
10:59:16,29.78,-0.01,15,44670,卖盘
10:59:20,29.79,0.01,18,53605,买盘
10:59:23,29.79,0.0,5,14891,买盘
10:59:26,29.78,-0.01,40,119139,卖盘
10:59:29,29.78,0.0,11,32758,卖盘
10:59:32,29.78,0.0,12,35737,卖盘
10:59:34,29.79,0.01,12,35741,买盘
10:59:38,29.78,-0.01,1,3692,卖盘
10:59:40,29.78,0.0,5,14890,卖盘
10:59:44,29.78,0.0,30,89340,卖盘
10:59:47,29.78,0.0,76,226416,卖盘
10:59:50,29.78,0.0,104,309928,卖盘
10:59:53,29.78,0.0,3,8932,买盘
10:59:56,29.78,0.0,39,116142,买盘
10:59:59,29.78,0.0,5,14890,买盘
11:00:02,29.78,0.0,571,1701253,买盘
11:00:04,29.78,0.0,33,98268,买盘
11:00:08,29.78,0.0,30,89312,买盘
11:00:11,29.78,0.0,32,95311,卖盘
11:00:14,29.78,0.0,17,50654,卖盘
11:00:17,29.78,0.0,2,5957,卖盘
11:00:20,29.78,0.0,92,273976,卖盘
11:00:23,29.78,0.0,61,181658,卖盘
11:00:26,29.78,0.0,31,92318,卖盘
11:00:29,29.78,0.0,19,56582,卖盘
11:00:32,29.78,0.0,53,158137,卖盘
11:00:34,29.78,0.0,42,125101,卖盘
11:00:37,29.78,0.0,24,71477,卖盘
11:00:40,29.78,0.0,57,169478,卖盘
11:00:44,29.77,-0.01,55,163743,卖盘
11:00:47,29.77,0.0,25,74431,卖盘
11:00:50,29.77,0.0,165,491369,卖盘
11:00:53,29.78,0.01,32,95265,买盘
11:00:56,29.78,0.0,49,145902,买盘
11:00:59,29.77,-0.01,16,47633,卖盘
11:01:01,29.77,0.0,36,107679,卖盘
11:01:04,29.78,0.01,25,74450,买盘
11:01:08,29.77,-0.01,11,32749,卖盘
11:01:11,29.78,0.01,320,952988,买盘
11:01:14,29.77,-0.01,13,38704,卖盘
11:01:17,29.78,0.01,65,193562,买盘
11:01:20,29.77,-0.01,568,1691620,卖盘
11:01:22,29.78,0.01,176,524085,买盘
11:01:26,29.77,-0.01,132,392557,卖盘
11:01:29,29.77,0.0,130,387009,买盘
11:01:31,29.77,0.0,114,339373,买盘
11:01:35,29.77,0.0,74,220288,买盘
11:01:38,29.78,0.01,73,217357,买盘
11:01:41,29.77,-0.01,39,116123,中性盘
11:01:43,29.77,0.0,55,163785,卖盘
11:01:47,29.78,0.01,2,5955,买盘
11:01:49,29.78,0.0,21,62527,买盘
11:01:53,29.78,0.0,1,2978,买盘
11:01:56,29.77,-0.01,9,26793,卖盘
11:01:58,29.77,0.0,5,14885,卖盘
11:02:02,29.78,0.01,31,92197,买盘
11:02:08,29.78,0.0,1,2978,买盘
11:02:11,29.78,0.0,26,77412,买盘
11:02:13,29.77,-0.01,3,8932,卖盘
11:02:17,29.78,0.01,113,336513,买盘
11:02:20,29.79,0.01,5,14892,买盘
11:02:23,29.77,-0.02,22,65496,卖盘
11:02:26,29.77,0.0,14,41684,卖盘
11:02:29,29.77,0.0,277,824754,卖盘
11:02:32,29.77,0.0,27,80379,买盘
11:02:35,29.77,0.0,57,169689,买盘
11:02:38,29.77,0.0,30,89310,买盘
11:02:41,29.77,0.0,14,41678,买盘
11:02:44,29.77,0.0,6,17862,买盘
11:02:47,29.77,0.0,4,11908,买盘
11:02:50,29.77,0.0,3,8931,买盘
11:02:56,29.77,0.0,51,151708,买盘
11:02:59,29.77,0.0,2,5954,卖盘
11:03:01,29.78,0.01,65,193535,买盘
11:03:05,29.77,-0.01,53,157781,卖盘
11:03:08,29.78,0.01,181,539009,买盘
11:03:11,29.78,0.0,1,2978,买盘
11:03:13,29.77,-0.01,6,17862,卖盘
11:03:17,29.77,0.0,15,44660,卖盘
11:03:20,29.78,0.01,11,32752,买盘
11:03:23,29.78,0.0,5,14890,买盘
11:03:26,29.78,0.0,4,12238,买盘
11:03:29,29.77,-0.01,11,32754,卖盘
11:03:32,29.78,0.01,36,107199,买盘
11:03:34,29.77,-0.01,7,20779,卖盘
11:03:38,29.78,0.01,401,1194173,买盘
11:03:41,29.78,0.0,17,50624,买盘
11:03:44,29.8,0.02,56,166836,买盘
11:03:46,29.79,-0.01,20,59580,卖盘
11:03:50,29.79,0.0,21,62559,卖盘
11:03:53,29.79,0.0,26,77454,卖盘
11:03:55,29.78,-0.01,97,288901,卖盘
11:03:59,29.78,0.0,40,119120,买盘
11:04:01,29.78,0.0,27,80406,买盘
11:04:05,29.77,-0.01,29,86336,卖盘
11:04:08,29.78,0.01,83,247262,买盘
11:04:10,29.77,-0.01,18,53593,卖盘
11:04:13,29.77,0.0,49,145883,卖盘
11:04:17,29.77,0.0,74,220298,卖盘
11:04:20,29.78,0.01,41,122116,买盘
11:04:23,29.77,-0.01,71,211397,卖盘
11:04:26,29.77,0.0,8,23816,卖盘
11:04:29,29.77,0.0,1,2977,卖盘
11:04:32,29.77,0.0,546,1625834,卖盘
11:04:35,29.77,0.0,18,53586,卖盘
11:04:38,29.78,0.01,3,8934,买盘
11:04:41,29.77,-0.01,12,35843,卖盘
11:04:47,29.77,0.0,74,220300,卖盘
11:04:50,29.77,0.0,207,616414,卖盘
11:04:52,29.77,0.0,61,180852,卖盘
11:04:55,29.76,-0.01,265,788682,卖盘
11:04:59,29.76,0.0,13,38689,卖盘
11:05:02,29.76,0.0,71,211353,卖盘
11:05:05,29.77,0.01,646,1922528,买盘
11:05:08,29.76,-0.01,47,139882,卖盘
11:05:11,29.76,0.0,639,1901664,卖盘
11:05:14,29.76,0.0,264,783884,卖盘
11:05:17,29.76,0.0,138,410749,卖盘
11:05:20,29.76,0.0,79,235146,卖盘
11:05:23,29.77,0.01,778,2315153,买盘
11:05:26,29.76,-0.01,260,773834,中性盘
11:05:29,29.77,0.01,474,1410445,买盘
11:05:32,29.76,-0.01,140,416737,卖盘
11:05:35,29.76,0.0,77,229151,买盘
11:05:38,29.75,-0.01,170,505920,卖盘
11:05:41,29.76,0.01,97,288672,卖盘
11:05:44,29.76,0.0,18,53568,买盘
11:05:47,29.75,-0.01,74,220150,卖盘
11:05:50,29.75,0.0,22,65452,卖盘
11:05:53,29.75,0.0,114,339151,卖盘
11:05:56,29.74,-0.01,542,1612042,卖盘
11:05:58,29.75,0.01,208,618729,买盘
11:06:02,29.74,-0.01,141,419471,卖盘
11:06:05,29.74,0.0,83,246914,卖盘
11:06:07,29.75,0.01,249,740580,买盘
11:06:11,29.74,-0.01,95,282633,卖盘
11:06:14,29.76,0.02,55,163667,买盘
11:06:16,29.76,0.0,52,154747,买盘
11:06:19,29.75,-0.01,85,252876,卖盘
11:06:23,29.75,0.0,113,336175,买盘
11:06:26,29.74,-0.01,23,68423,卖盘
11:06:29,29.74,0.0,322,957629,卖盘
11:06:32,29.75,0.01,62,184420,买盘
11:06:35,29.74,-0.01,331,984615,卖盘
11:06:38,29.74,0.0,21,62841,买盘
11:06:41,29.75,0.01,9,26773,买盘
11:06:43,29.74,-0.01,103,305940,卖盘
11:06:47,29.73,-0.01,256,761288,卖盘
11:06:50,29.73,0.0,79,234877,卖盘
11:06:56,29.73,0.0,116,344981,卖盘
11:06:59,29.74,0.01,226,672031,买盘
11:07:02,29.73,-0.01,102,303327,卖盘
11:07:05,29.74,0.01,21,62444,买盘
11:07:08,29.73,-0.01,23,68379,卖盘
11:07:11,29.73,0.0,37,110001,卖盘
11:07:14,29.74,0.01,5,14866,买盘
11:07:17,29.73,-0.01,1,5054,卖盘
11:07:19,29.73,0.0,96,285418,卖盘
11:07:23,29.74,0.01,11,32714,买盘
11:07:26,29.73,-0.01,20,59469,卖盘
11:07:28,29.73,0.0,138,410274,卖盘
11:07:32,29.74,0.01,58,172482,买盘
11:07:35,29.73,-0.01,663,1971438,卖盘
11:07:38,29.73,0.0,47,139799,卖盘
11:07:40,29.74,0.01,31,92188,买盘
11:07:43,29.74,0.0,107,318182,买盘
11:07:47,29.74,0.0,13,38662,买盘
11:07:50,29.73,-0.01,249,740278,卖盘
11:07:53,29.73,0.0,475,1410006,卖盘
11:07:56,29.73,0.0,41,121893,买盘
11:07:59,29.72,-0.01,15,44591,卖盘
11:08:01,29.73,0.01,123,365594,买盘
11:08:05,29.73,0.0,127,377569,买盘
11:08:08,29.72,-0.01,175,520137,卖盘
11:08:11,29.73,0.01,36,106993,买盘
11:08:14,29.73,0.0,4,11892,买盘
11:08:17,29.72,-0.01,125,371505,卖盘
11:08:20,29.73,0.01,175,520136,买盘
11:08:22,29.72,-0.01,11,32841,卖盘
11:08:25,29.73,0.01,34,101074,买盘
11:08:29,29.73,0.0,516,1533556,买盘
11:08:31,29.73,0.0,11,32693,买盘
11:08:35,29.73,0.0,206,612434,买盘
11:08:38,29.73,0.0,5,14863,买盘
11:08:41,29.73,0.0,1,2973,买盘
11:08:44,29.73,0.0,10,30174,买盘
11:08:47,29.72,-0.01,651,1934808,卖盘
11:08:50,29.73,0.01,6,17834,买盘
11:08:53,29.72,-0.01,51,151587,卖盘
11:08:56,29.72,0.0,149,442234,卖盘
11:08:58,29.72,0.0,56,166451,买盘
11:09:02,29.72,0.0,103,306175,买盘
11:09:04,29.72,0.0,61,181292,买盘
11:09:08,29.72,0.0,217,644750,买盘
11:09:10,29.72,0.0,22,65363,买盘
11:09:14,29.72,0.0,546,1622203,买盘
11:09:17,29.72,0.0,73,216907,买盘
11:09:20,29.72,0.0,297,882413,买盘
11:09:23,29.74,0.02,513,1524797,买盘
11:09:26,29.71,-0.03,111,329888,卖盘
11:09:29,29.72,0.01,39,115908,买盘
11:09:32,29.72,0.0,483,1435474,买盘
11:09:35,29.72,0.0,62,184264,买盘
11:09:38,29.71,-0.01,205,609159,卖盘
11:09:41,29.71,0.0,108,320880,卖盘
11:09:44,29.71,0.0,211,627024,卖盘
11:09:47,29.72,0.01,129,383294,中性盘
11:09:50,29.73,0.01,40,118904,买盘
11:09:53,29.72,-0.01,29,86189,中性盘
11:09:56,29.71,-0.01,80,237748,卖盘
11:09:59,29.71,0.0,1318,3916964,卖盘
11:10:01,29.72,0.01,252,748707,买盘
11:10:05,29.71,-0.01,30,89133,中性盘
11:10:08,29.71,0.0,130,386230,买盘
11:10:11,29.72,0.01,13,38627,买盘
11:10:14,29.72,0.0,36,106969,买盘
11:10:17,29.7,-0.02,2121,6299680,卖盘
11:10:20,29.72,0.02,16,47539,买盘
11:10:23,29.72,0.0,44,130762,买盘
11:10:26,29.74,0.02,227,673534,买盘
11:10:29,29.72,-0.02,628,1865892,卖盘
11:10:32,29.74,0.02,210,624488,买盘
11:10:35,29.74,0.0,100,297400,买盘
11:10:38,29.74,0.0,48,142752,买盘
11:10:41,29.74,0.0,15,44602,买盘
11:10:43,29.74,0.0,118,350710,买盘
11:10:49,29.72,-0.02,28,83238,卖盘
11:10:53,29.72,0.0,150,445873,卖盘
11:10:56,29.74,0.02,20,59454,买盘
11:10:59,29.74,0.0,18,54183,买盘
11:11:01,29.74,0.0,61,181400,买盘
11:11:05,29.73,-0.01,18,53513,卖盘
11:11:08,29.73,0.0,84,250131,卖盘
11:11:11,29.74,0.01,25,74314,买盘
11:11:14,29.73,-0.01,66,196277,卖盘
11:11:17,29.73,0.0,2,5947,卖盘
11:11:20,29.74,0.01,44,130853,买盘
11:11:23,29.74,0.0,19,56497,买盘
11:11:26,29.74,0.0,37,110002,买盘
11:11:29,29.74,0.0,55,163545,买盘
11:11:31,29.74,0.0,169,502000,买盘
11:11:35,29.74,0.0,133,395537,买盘
11:11:38,29.74,0.0,38,113012,买盘
11:11:41,29.74,0.0,296,880325,买盘
11:11:43,29.75,0.01,47,139807,买盘
11:11:47,29.74,-0.01,56,166590,卖盘
11:11:50,29.74,0.0,109,324255,卖盘
11:11:53,29.75,0.01,25,74365,买盘
11:11:56,29.74,-0.01,35,104087,卖盘
11:11:59,29.74,0.0,16,47589,买盘
11:12:02,29.74,0.0,44,130856,买盘
11:12:04,29.74,0.0,88,261736,买盘
11:12:08,29.74,0.0,8,23792,买盘
11:12:11,29.73,-0.01,64,190328,卖盘
11:12:14,29.74,0.01,51,151674,卖盘
11:12:17,29.74,0.0,19,56506,卖盘
11:12:20,29.74,0.0,2,5948,卖盘
11:12:23,29.74,0.0,9,26771,卖盘
11:12:26,29.74,0.0,25,74350,卖盘
11:12:29,29.74,0.0,10,29740,卖盘
11:12:32,29.75,0.01,5,14875,买盘
11:12:34,29.73,-0.02,80,237924,卖盘
11:12:38,29.74,0.01,8,23791,买盘
11:12:40,29.74,0.0,6,17844,买盘
11:12:44,29.73,-0.01,33,99329,卖盘
11:12:47,29.74,0.01,307,913003,买盘
11:12:49,29.73,-0.01,117,347846,卖盘
11:12:52,29.73,0.0,80,237841,卖盘
11:12:56,29.73,0.0,105,311572,卖盘
11:12:59,29.73,0.0,4,11890,买盘
11:13:01,29.73,0.0,147,437031,买盘
11:13:05,29.73,0.0,3,8919,买盘
11:13:08,29.73,0.0,6,17838,买盘
11:13:11,29.73,0.0,22,65404,买盘
11:13:13,29.73,0.0,3,8919,买盘
11:13:17,29.73,0.0,10,29727,买盘
11:13:20,29.73,0.0,10,29730,买盘
11:13:23,29.73,0.0,58,172391,买盘
11:13:26,29.73,0.0,15,44595,买盘
11:13:29,29.73,0.0,127,378116,买盘
11:13:32,29.74,0.01,5,14866,买盘
11:13:35,29.73,-0.01,141,419221,卖盘
11:13:38,29.73,0.0,54,160542,卖盘
11:13:40,29.73,0.0,50,148642,买盘
11:13:43,29.73,0.0,99,294327,买盘
11:13:47,29.73,0.0,2,5946,卖盘
11:13:50,29.74,0.01,3,8922,买盘
11:13:52,29.73,-0.01,22,65425,卖盘
11:13:56,29.73,0.0,72,214058,卖盘
11:13:59,29.73,0.0,91,270555,卖盘
11:14:01,29.73,0.0,6,17838,卖盘
11:14:05,29.74,0.01,46,136804,买盘
11:14:08,29.74,0.0,17,50558,买盘
11:14:11,29.72,-0.02,292,868719,卖盘
11:14:14,29.74,0.02,73,217031,买盘
11:14:17,29.74,0.0,136,404463,买盘
11:14:20,29.74,0.0,34,101144,卖盘
11:14:23,29.74,0.0,13,38662,卖盘
11:14:26,29.75,0.01,6,17849,买盘
11:14:28,29.75,0.0,38,110488,买盘
11:14:34,29.74,-0.01,248,737579,卖盘
11:14:38,29.73,-0.01,58,172492,卖盘
11:14:41,29.75,0.02,10,31202,买盘
11:14:44,29.74,-0.01,59,173999,卖盘
11:14:46,29.74,0.0,485,1443841,买盘
11:14:50,29.76,0.02,640,1904065,买盘
11:14:52,29.77,0.01,872,2595096,买盘
11:14:56,29.78,0.01,186,553780,买盘
11:14:58,29.79,0.01,697,2075815,买盘
11:15:02,29.79,0.0,24,71513,卖盘
11:15:05,29.8,0.01,220,655600,买盘
11:15:08,29.8,0.0,72,214559,买盘
11:15:11,29.79,-0.01,28,83428,卖盘
11:15:14,29.79,0.0,405,1206890,卖盘
11:15:17,29.78,-0.01,210,625612,卖盘
11:15:20,29.79,0.01,54,160866,买盘
11:15:23,29.8,0.01,148,440835,买盘
11:15:25,29.81,0.01,16,47695,买盘
11:15:29,29.79,-0.02,506,1508471,卖盘
11:15:32,29.83,0.04,121,360473,买盘
11:15:35,29.81,-0.02,72,214637,中性盘
11:15:38,29.81,0.0,153,456078,买盘
11:15:41,29.82,0.01,27,80509,买盘
11:15:44,29.8,-0.02,521,1552602,卖盘
11:15:47,29.82,0.02,27,80514,买盘
11:15:50,29.8,-0.02,51,152080,卖盘
11:15:56,29.82,0.02,48,143089,买盘
11:15:58,29.82,0.0,79,235469,买盘
11:16:02,29.81,-0.01,20,59613,中性盘
11:16:05,29.8,-0.01,168,500732,卖盘
11:16:08,29.8,0.0,11,32780,买盘
11:16:11,29.8,0.0,110,327800,买盘
11:16:13,29.82,0.02,134,399318,买盘
11:16:17,29.8,-0.02,98,292114,卖盘
11:16:20,29.8,0.0,2,5960,卖盘
11:16:23,29.82,0.02,129,384620,买盘
11:16:26,29.82,0.0,27,80514,买盘
11:16:28,29.82,0.0,36,107346,买盘
11:16:32,29.8,-0.02,113,336844,卖盘
11:16:35,29.81,0.01,155,462157,买盘
11:16:38,29.82,0.01,240,715644,买盘
11:16:41,29.82,0.0,189,563777,卖盘
11:16:44,29.82,0.0,29,86491,卖盘
11:16:47,29.83,0.01,97,289341,买盘
11:16:50,29.83,0.0,13,38775,买盘
11:16:52,29.83,0.0,11,32813,买盘
11:16:56,29.83,0.0,7,21775,买盘
11:16:59,29.83,0.0,18,53753,买盘
11:17:02,29.84,0.01,287,856122,买盘
11:17:05,29.83,-0.01,46,137255,卖盘
11:17:08,29.83,0.0,13,38781,卖盘
11:17:14,29.84,0.01,61,181998,买盘
11:17:17,29.84,0.0,33,98472,买盘
11:17:20,29.84,0.0,92,274502,买盘
11:17:23,29.84,0.0,54,161096,买盘
11:17:26,29.84,0.0,31,92484,买盘
11:17:29,29.84,0.0,191,569943,买盘
11:17:31,29.84,0.0,65,193947,买盘
11:17:35,29.84,0.0,90,268885,买盘
11:17:38,29.84,0.0,4,11936,买盘
11:17:41,29.82,-0.02,263,784132,卖盘
11:17:44,29.83,0.01,9,26845,买盘
11:17:46,29.83,0.0,22,65759,买盘
11:17:50,29.81,-0.02,10,29498,买盘
11:17:53,29.82,0.01,10,29819,买盘
11:17:56,29.81,-0.01,117,348779,卖盘
11:17:59,29.81,0.0,82,243699,卖盘
11:18:02,29.81,0.0,80,238404,买盘
11:18:05,29.81,0.0,42,125198,买盘
11:18:07,29.81,0.0,34,101334,买盘
11:18:10,29.81,0.0,11,32788,买盘
11:18:13,29.8,-0.01,1,2980,卖盘
11:18:17,29.81,0.01,96,286713,买盘
11:18:20,29.8,-0.01,15,44712,卖盘
11:18:23,29.81,0.01,126,375706,卖盘
11:18:25,29.81,0.0,26,77506,卖盘
11:18:29,29.82,0.01,72,214691,买盘
11:18:32,29.82,0.0,38,113297,买盘
11:18:34,29.81,-0.01,39,116297,卖盘
11:18:38,29.81,0.0,52,155045,卖盘
11:18:41,29.82,0.01,198,590268,买盘
11:18:43,29.81,-0.01,36,107323,卖盘
11:18:47,29.81,0.0,48,143056,买盘
11:18:50,29.81,0.0,15,44715,买盘
11:18:53,29.81,0.0,57,169954,买盘
11:18:56,29.81,0.0,1,2981,买盘
11:18:58,29.81,0.0,2,5961,买盘
11:19:02,29.8,-0.01,260,774278,卖盘
11:19:05,29.8,0.0,50,149000,买盘
11:19:08,29.8,0.0,38,113208,买盘
11:19:10,29.79,-0.01,4,12633,卖盘
11:19:14,29.78,-0.01,19,56597,卖盘
11:19:20,29.79,0.01,21,62559,卖盘
11:19:23,29.79,0.0,15,44692,买盘
11:19:26,29.78,-0.01,5,14890,卖盘
11:19:29,29.79,0.01,151,449005,买盘
11:19:31,29.79,0.0,95,282982,买盘
11:19:35,29.8,0.01,41,122178,买盘
11:19:37,29.8,0.0,57,169826,买盘
11:19:41,29.78,-0.02,112,333716,卖盘
11:19:44,29.8,0.02,105,312854,买盘
11:19:47,29.8,0.0,58,172840,买盘
11:19:50,29.8,0.0,100,298537,买盘
11:19:53,29.81,0.01,152,453112,买盘
11:19:55,29.81,0.0,58,172927,卖盘
11:20:02,29.81,0.0,32,95392,卖盘
11:20:05,29.81,0.0,150,447613,卖盘
11:20:08,29.81,0.0,2,5962,买盘
11:20:11,29.81,0.0,1,2981,买盘
11:20:14,29.78,-0.03,44,130771,卖盘
11:20:17,29.78,0.0,27,80422,卖盘
11:20:20,29.79,0.01,21,62560,中性盘
11:20:26,29.79,0.0,4,11915,买盘
11:20:28,29.79,0.0,4,11916,买盘
11:20:32,29.78,-0.01,25,74457,卖盘
11:20:35,29.79,0.01,29,86746,买盘
11:20:38,29.79,0.0,31,92344,买盘
11:20:41,29.78,-0.01,42,125077,卖盘
11:20:44,29.79,0.01,73,217467,买盘
11:20:47,29.79,0.0,3,8937,买盘
11:20:50,29.8,0.01,156,465105,买盘
11:20:56,29.8,0.0,58,172840,卖盘
11:20:58,29.8,0.0,8,23840,卖盘
11:21:02,29.8,0.0,62,184762,卖盘
11:21:05,29.8,0.0,19,56620,卖盘
11:21:08,29.8,0.0,37,110289,卖盘
11:21:11,29.8,0.0,123,366183,卖盘
11:21:14,29.8,0.0,4,11920,买盘
11:21:16,29.8,0.0,79,235390,买盘
11:21:20,29.79,-0.01,2,5989,卖盘
11:21:22,29.79,0.0,115,342554,卖盘
11:21:25,29.79,0.0,2,5958,买盘
11:21:29,29.79,0.0,45,134025,买盘
11:21:32,29.78,-0.01,3,8875,卖盘
11:21:38,29.79,0.01,106,315749,买盘
11:21:40,29.79,0.0,358,1066470,买盘
11:21:44,29.78,-0.01,4,11913,卖盘
11:21:47,29.79,0.01,48,142987,买盘
11:21:50,29.79,0.0,9,26811,买盘
11:21:53,29.79,0.0,1,2979,买盘
11:21:56,29.77,-0.02,128,381188,卖盘
11:21:59,29.79,0.02,19,55462,买盘
11:22:02,29.78,-0.01,32,95296,卖盘
11:22:05,29.79,0.01,78,232351,买盘
11:22:08,29.8,0.01,243,724095,买盘
11:22:11,29.79,-0.01,100,297994,卖盘
11:22:14,29.79,0.0,146,435079,卖盘
11:22:17,29.79,0.0,2,5959,卖盘
11:22:20,29.8,0.01,2,5960,买盘
11:22:26,29.8,0.0,141,420537,买盘
11:22:29,29.8,0.0,146,434720,卖盘
11:22:31,29.8,0.0,10,29800,买盘
11:22:34,29.8,0.0,71,211580,买盘
11:22:38,29.79,-0.01,27,80433,卖盘
11:22:41,29.79,0.0,9,26812,卖盘
11:22:44,29.8,0.01,70,208600,买盘
11:22:47,29.79,-0.01,165,491535,卖盘
11:22:50,29.78,-0.01,52,154879,卖盘
11:22:53,29.79,0.01,3,8937,买盘
11:22:56,29.79,0.0,96,285984,买盘
11:22:59,29.79,0.0,39,116180,买盘
11:23:01,29.79,0.0,16,47664,买盘
11:23:08,29.79,0.0,28,83412,买盘
11:23:11,29.78,-0.01,18,53621,卖盘
11:23:14,29.79,0.01,49,145971,买盘
11:23:17,29.78,-0.01,24,71480,卖盘
11:23:20,29.78,0.0,1,2978,卖盘
11:23:23,29.79,0.01,4,11915,买盘
11:23:26,29.79,0.0,62,184698,买盘
11:23:29,29.78,-0.01,20,59578,卖盘
11:23:31,29.78,0.0,5,14891,卖盘
11:23:35,29.79,0.01,52,154907,买盘
11:23:38,29.79,0.0,70,208529,买盘
11:23:41,29.79,0.0,5,14891,买盘
11:23:44,29.78,-0.01,44,131102,卖盘
11:23:46,29.79,0.01,21,62548,卖盘
11:23:50,29.79,0.0,54,160866,卖盘
11:23:53,29.8,0.01,79,235354,买盘
11:23:55,29.8,0.0,31,91929,买盘
11:23:59,29.8,0.0,46,137048,买盘
11:24:02,29.8,0.0,15,44700,买盘
11:24:05,29.8,0.0,16,47678,买盘
11:24:07,29.8,0.0,215,640682,买盘
11:24:11,29.8,0.0,61,181727,买盘
11:24:15,29.8,0.0,37,110259,买盘
11:24:17,29.79,-0.01,50,148960,卖盘
11:24:20,29.79,0.0,21,62559,卖盘
11:24:22,29.79,0.0,68,202593,卖盘
11:24:26,29.8,0.01,22,65555,买盘
11:24:28,29.79,-0.01,11,32769,卖盘
11:24:31,29.79,0.0,31,92349,卖盘
11:24:36,29.79,0.0,119,354483,卖盘
11:24:38,29.8,0.01,102,303865,买盘
11:24:40,29.79,-0.01,124,369395,买盘
11:24:44,29.79,0.0,29,86368,买盘
11:24:46,29.79,0.0,538,1602355,买盘
11:24:50,29.78,-0.01,15,44683,卖盘
11:24:53,29.79,0.01,48,142952,买盘
11:24:56,29.78,-0.01,157,467579,卖盘
11:24:58,29.78,0.0,62,184647,卖盘
11:25:02,29.77,-0.01,103,306708,卖盘
11:25:05,29.78,0.01,12,35736,买盘
11:25:09,29.78,0.0,27,80406,买盘
11:25:10,29.77,-0.01,13,39070,卖盘
11:25:14,29.77,0.0,229,681741,卖盘
11:25:17,29.78,0.01,94,279856,买盘
11:25:20,29.78,0.0,48,142913,买盘
11:25:23,29.77,-0.01,99,294931,卖盘
11:25:26,29.78,0.01,24,70948,买盘
11:25:30,29.77,-0.01,261,777140,中性盘
11:25:32,29.77,0.0,29,86315,买盘
11:25:35,29.77,0.0,86,255993,买盘
11:25:38,29.77,0.0,59,175622,买盘
11:25:41,29.76,-0.01,24,71424,卖盘
11:25:45,29.77,0.01,24,71447,买盘
11:25:46,29.77,0.0,44,130965,买盘
11:25:50,29.76,-0.01,20,59699,卖盘
11:25:53,29.76,0.0,96,285730,卖盘
11:25:56,29.76,0.0,30,89296,卖盘
11:26:00,29.77,0.01,4,11908,买盘
11:26:02,29.76,-0.01,30,89280,卖盘
11:26:05,29.76,0.0,12,35712,卖盘
11:26:09,29.76,0.0,50,148848,卖盘
11:26:10,29.76,0.0,118,351018,卖盘
11:26:14,29.76,0.0,75,223197,买盘
11:26:17,29.76,0.0,47,139872,买盘
11:26:20,29.75,-0.01,1,2975,卖盘
11:26:24,29.76,0.01,19,56529,买盘
11:26:25,29.76,0.0,13,40678,买盘
11:26:28,29.75,-0.01,83,247007,卖盘
11:26:32,29.75,0.0,762,2267642,卖盘
11:26:35,29.76,0.01,17,50591,买盘
11:26:38,29.75,-0.01,39,116041,卖盘
11:26:41,29.76,0.01,42,124978,买盘
11:26:45,29.76,0.0,121,357298,买盘
11:26:46,29.76,0.0,39,116060,卖盘
11:26:50,29.76,0.0,3,8928,卖盘
11:26:53,29.75,-0.01,7,20826,买盘
11:27:00,29.77,0.02,59,175640,买盘
11:27:02,29.77,0.0,6,17857,买盘
11:27:05,29.77,0.0,65,193479,买盘
11:27:09,29.77,0.0,10,29762,买盘
11:27:11,29.77,0.0,28,83356,买盘
11:27:13,29.76,-0.01,41,122026,卖盘
11:27:17,29.77,0.01,40,119080,买盘
11:27:20,29.77,0.0,32,95270,买盘
11:27:23,29.8,0.03,155,461733,买盘
11:27:26,29.77,-0.03,100,297904,卖盘
11:27:30,29.78,0.01,31,92375,中性盘
11:27:32,29.78,0.0,58,172724,买盘
11:27:35,29.77,-0.01,66,196482,卖盘
11:27:38,29.78,0.01,75,223348,买盘
11:27:41,29.78,0.0,44,131032,买盘
11:27:43,29.78,0.0,49,145904,买盘
11:27:47,29.77,-0.01,71,211437,卖盘
11:27:50,29.78,0.01,90,267986,买盘
11:27:53,29.8,0.02,63,187662,买盘
11:27:56,29.78,-0.02,11,32758,卖盘
11:28:00,29.78,0.0,47,139955,买盘
11:28:01,29.78,0.0,86,256132,买盘
11:28:05,29.79,0.01,3,8937,中性盘
11:28:08,29.79,0.0,2,5958,卖盘
11:28:10,29.78,-0.01,64,190669,卖盘
11:28:15,29.8,0.02,16,47666,买盘
11:28:16,29.8,0.0,8,23840,买盘
11:28:20,29.78,-0.02,29,86363,卖盘
11:28:24,29.79,0.01,17,50643,买盘
11:28:26,29.79,0.0,34,101275,买盘
11:28:28,29.78,-0.01,1062,3160472,卖盘
11:28:32,29.76,-0.02,67,199454,卖盘
11:28:36,29.78,0.02,45,136170,买盘
11:28:38,29.78,0.0,28,83367,买盘
11:28:41,29.77,-0.01,28,83383,卖盘
11:28:44,29.77,0.0,14,41677,中性盘
11:28:48,29.77,0.0,47,139920,买盘
11:28:50,29.77,0.0,50,148835,卖盘
11:28:53,29.76,-0.01,55,163694,卖盘
11:28:56,29.76,0.0,18,53570,卖盘
11:28:58,29.77,0.01,105,312545,买盘
11:29:02,29.76,-0.01,144,428594,卖盘
11:29:05,29.77,0.01,117,348308,买盘
11:29:09,29.76,-0.01,113,336424,卖盘
11:29:11,29.77,0.01,74,220325,卖盘
11:29:15,29.77,0.0,7,20840,卖盘
11:29:18,29.77,0.0,1,2977,卖盘
11:29:20,29.77,0.0,5,14885,卖盘
11:29:24,29.77,0.0,41,122092,卖盘
11:29:26,29.77,0.0,6,17862,卖盘
11:29:30,29.77,0.0,48,142925,卖盘
11:29:32,29.77,0.0,94,279868,卖盘
11:29:35,29.77,0.0,24,71448,买盘
11:29:38,29.76,-0.01,6,17859,卖盘
11:29:41,29.76,0.0,75,223232,卖盘
11:29:44,29.77,0.01,18,53572,买盘
11:29:48,29.77,0.0,79,235177,买盘
11:29:50,29.77,0.0,31,92257,买盘
11:29:53,29.77,0.0,538,1601626,买盘
11:29:56,29.77,0.0,51,151827,卖盘
11:30:00,29.77,0.0,39,116103,卖盘
13:00:03,29.81,0.04,1108,3300548,买盘
13:00:05,29.8,-0.01,128,381512,卖盘
13:00:09,29.81,0.01,1,2981,买盘
13:00:12,29.8,-0.01,10,29800,卖盘
13:00:15,29.81,0.01,4,11923,买盘
13:00:18,29.81,0.0,67,199727,买盘
13:00:21,29.81,0.0,10,29090,买盘
13:00:24,29.8,-0.01,14,41728,卖盘
13:00:27,29.81,0.01,17,51153,买盘
13:00:30,29.81,0.0,9,26829,买盘
13:00:33,29.8,-0.01,12,36272,卖盘
13:00:36,29.81,0.01,88,262300,买盘
13:00:39,29.8,-0.01,3,8940,卖盘
13:00:42,29.8,0.0,468,1394640,卖盘
13:00:45,29.8,0.0,26,77478,买盘
13:00:48,29.78,-0.02,55,161443,卖盘
13:00:50,29.8,0.02,3,8940,买盘
13:00:53,29.79,-0.01,22,65545,买盘
13:00:57,29.79,0.0,43,129107,买盘
13:01:00,29.79,0.0,50,148950,买盘
13:01:03,29.79,0.0,37,110222,买盘
13:01:06,29.78,-0.01,75,223382,卖盘
13:01:09,29.8,0.02,22,65539,买盘
13:01:12,29.79,-0.01,1,2979,卖盘
13:01:15,29.8,0.01,14,41710,买盘
13:01:17,29.79,-0.01,1,2979,卖盘
13:01:21,29.79,0.0,30,89364,卖盘
13:01:24,29.79,0.0,14,41706,买盘
13:01:27,29.79,0.0,2,5958,买盘
13:01:30,29.79,0.0,16,47664,买盘
13:01:33,29.78,-0.01,262,780241,卖盘
13:01:35,29.79,0.01,27,80433,买盘
13:01:39,29.79,0.0,76,226908,买盘
13:01:41,29.79,0.0,26,77440,买盘
13:01:45,29.79,0.0,44,131036,买盘
13:01:48,29.79,0.0,50,148950,买盘
13:01:51,29.79,0.0,17,50644,卖盘
13:01:54,29.79,0.0,284,845883,买盘
13:01:57,29.78,-0.01,8,23827,卖盘
13:02:00,29.79,0.01,67,199542,买盘
13:02:03,29.78,-0.01,8,23831,卖盘
13:02:06,29.78,0.0,58,172756,卖盘
13:02:08,29.79,0.01,14,41706,买盘
13:02:12,29.78,-0.01,32,95327,卖盘
13:02:15,29.78,0.0,3,8936,卖盘
13:02:18,29.79,0.01,5,14895,买盘
13:02:20,29.79,0.0,89,265130,买盘
13:02:23,29.79,0.0,104,309734,卖盘
13:02:27,29.79,0.0,44,131118,卖盘
13:02:30,29.79,0.0,17,50643,卖盘
13:02:32,29.79,0.0,15,44685,卖盘
13:02:35,29.79,0.0,40,119188,中性盘
13:02:39,29.79,0.0,6,17874,买盘
13:02:42,29.79,0.0,10,29790,买盘
13:02:45,29.79,0.0,14,41706,买盘
13:02:48,29.78,-0.01,38,113213,卖盘
13:02:56,29.8,0.02,3,8940,买盘
13:02:59,29.78,-0.02,11,32759,卖盘
13:03:03,29.8,0.02,48,143037,买盘
13:03:06,29.8,0.0,104,309890,买盘
13:03:08,29.78,-0.02,41,122158,卖盘
13:03:12,29.8,0.02,4,12187,买盘
13:03:15,29.79,-0.01,2,5959,中性盘
13:03:18,29.8,0.01,17,50645,买盘
13:03:21,29.79,-0.01,16,47664,买盘
13:03:24,29.79,0.0,15,44743,买盘
13:03:26,29.79,0.0,66,196614,买盘
13:03:30,29.79,0.0,15,44682,买盘
13:03:33,29.79,0.0,16,47661,买盘
13:03:36,29.78,-0.01,29,86448,卖盘
13:03:39,29.78,0.0,264,786192,卖盘
13:03:42,29.78,0.0,282,840196,卖盘
13:03:45,29.77,-0.01,262,779976,卖盘
13:03:47,29.78,0.01,71,211525,买盘
13:03:50,29.77,-0.01,13,38704,卖盘
13:03:54,29.78,0.01,535,1593593,买盘
13:03:57,29.77,-0.01,244,726451,卖盘
13:04:00,29.78,0.01,6,17871,卖盘
13:04:03,29.79,0.01,51,151901,买盘
13:04:06,29.77,-0.02,209,622204,卖盘
13:04:09,29.77,0.0,3,8933,卖盘
13:04:12,29.78,0.01,2,5956,买盘
13:04:15,29.77,-0.01,77,229292,卖盘
13:04:18,29.78,0.01,10,29779,买盘
13:04:20,29.77,-0.01,25,74437,卖盘
13:04:23,29.77,0.0,16,47643,卖盘
13:04:27,29.78,0.01,114,339382,买盘
13:04:30,29.77,-0.01,538,1601626,卖盘
13:04:33,29.77,0.0,16,47632,买盘
13:04:36,29.75,-0.02,301,895884,卖盘
13:04:38,29.76,0.01,15,44640,买盘
13:04:45,29.76,0.0,3,8926,买盘
13:04:47,29.76,0.0,1,2976,买盘
13:04:53,29.75,-0.01,5,14875,卖盘
13:04:56,29.76,0.01,20,59516,买盘
13:05:00,29.75,-0.01,1,2975,卖盘
13:05:02,29.76,0.01,43,127955,买盘
13:05:05,29.75,-0.01,43,127958,卖盘
13:05:09,29.75,0.0,20,59507,卖盘
13:05:11,29.75,0.0,1,2975,卖盘
13:05:15,29.75,0.0,234,694308,卖盘
13:05:18,29.76,0.01,4,11902,买盘
13:05:21,29.75,-0.01,10,29750,卖盘
13:05:23,29.76,0.01,94,279653,买盘
13:05:26,29.75,-0.01,21,62475,卖盘
13:05:30,29.76,0.01,3,8928,买盘
13:05:33,29.75,-0.01,18,53552,卖盘
13:05:36,29.75,0.0,87,258765,卖盘
13:05:39,29.76,0.01,15,44640,买盘
13:05:42,29.75,-0.01,11,32725,卖盘
13:05:45,29.75,0.0,4,11900,卖盘
13:05:48,29.75,0.0,216,642671,卖盘
13:05:51,29.76,0.01,1,2976,买盘
13:05:54,29.75,-0.01,79,235094,卖盘
13:05:57,29.75,0.0,16,47603,卖盘
13:06:00,29.75,0.0,24,71400,卖盘
13:06:03,29.75,0.0,4,11900,卖盘
13:06:05,29.75,0.0,153,455202,卖盘
13:06:09,29.75,0.0,82,244762,卖盘
13:06:12,29.76,0.01,21,62480,买盘
13:06:15,29.76,0.0,12,35703,买盘
13:06:18,29.75,-0.01,26,77364,卖盘
13:06:20,29.76,0.01,66,196563,买盘
13:06:24,29.75,-0.01,37,110106,卖盘
13:06:29,29.76,0.01,7,20826,买盘
13:06:33,29.75,-0.01,8,23804,卖盘
13:06:36,29.75,0.0,67,199365,卖盘
13:06:38,29.75,0.0,20,59500,卖盘
13:06:42,29.75,0.0,32,95215,卖盘
13:06:45,29.76,0.01,2,5951,买盘
13:06:48,29.76,0.0,1,2976,买盘
13:06:51,29.75,-0.01,47,139829,卖盘
13:06:54,29.75,0.0,14,41651,卖盘
13:06:57,29.75,0.0,11,33201,卖盘
13:07:00,29.76,0.01,18,53568,买盘
13:07:03,29.76,0.0,9,26782,买盘
13:07:06,29.75,-0.01,57,169630,卖盘
13:07:09,29.75,0.0,237,705551,卖盘
13:07:11,29.75,0.0,2,5950,买盘
13:07:14,29.75,0.0,7,20825,买盘
13:07:21,29.74,-0.01,85,253035,卖盘
13:07:24,29.75,0.01,15,44622,买盘
13:07:27,29.75,0.0,126,374829,买盘
13:07:30,29.75,0.0,58,172493,买盘
13:07:32,29.74,-0.01,14,41795,卖盘
13:07:36,29.75,0.01,30,89250,买盘
13:07:39,29.74,-0.01,4,11896,卖盘
13:07:42,29.75,0.01,46,136845,买盘
13:07:45,29.74,-0.01,16,44703,卖盘
13:07:47,29.74,0.0,36,107064,卖盘
13:07:50,29.74,0.0,4,11896,卖盘
13:07:54,29.74,0.0,3,8922,卖盘
13:07:57,29.75,0.01,23,68542,买盘
13:07:59,29.74,-0.01,18,53535,卖盘
13:08:03,29.74,0.0,82,243869,卖盘
13:08:05,29.74,0.0,287,855944,卖盘
13:08:08,29.73,-0.01,67,199404,卖盘
13:08:12,29.74,0.01,311,924614,买盘
13:08:15,29.74,0.0,3,8920,买盘
13:08:18,29.73,-0.01,22,65425,卖盘
13:08:21,29.73,0.0,101,300428,卖盘
13:08:24,29.73,0.0,82,243788,卖盘
13:08:26,29.73,0.0,11,32707,卖盘
13:08:30,29.73,0.0,16,47569,卖盘
13:08:33,29.73,0.0,23,65554,卖盘
13:08:36,29.73,0.0,147,437063,卖盘
13:08:38,29.73,0.0,40,121835,卖盘
13:08:42,29.73,0.0,109,323171,卖盘
13:08:45,29.73,0.0,15,44595,买盘
13:08:48,29.73,0.0,10,29730,买盘
13:08:51,29.72,-0.01,41,121862,卖盘
13:08:53,29.72,0.0,360,1068346,卖盘
13:08:57,29.72,0.0,119,353660,买盘
13:09:00,29.72,0.0,5,14860,买盘
13:09:03,29.71,-0.01,37,109927,卖盘
13:09:06,29.72,0.01,312,927064,买盘
13:09:08,29.71,-0.01,101,300223,卖盘
13:09:12,29.8,0.09,1992,5928080,买盘
13:09:15,29.8,0.0,30,89400,卖盘
13:09:18,29.8,0.0,32,95378,卖盘
13:09:21,29.81,0.01,2,5961,买盘
13:09:24,29.7,-0.11,2419,7189606,卖盘
13:09:27,29.8,0.1,42,125190,中性盘
13:09:29,29.72,-0.08,43,128098,卖盘
13:09:33,29.76,0.04,1,2976,买盘
13:09:35,29.8,0.04,71,211387,买盘
13:09:42,29.8,0.0,20,59540,买盘
13:09:44,29.72,-0.08,3,8918,卖盘
13:09:48,29.74,0.02,2,5950,中性盘
13:09:50,29.76,0.02,10,29748,买盘
13:09:54,29.74,-0.02,11,32714,卖盘
13:09:57,29.74,0.0,5,14878,卖盘
13:10:00,29.73,-0.01,166,493661,卖盘
13:10:02,29.72,-0.01,48,142699,卖盘
13:10:06,29.72,0.0,116,344920,卖盘
13:10:09,29.74,0.02,1,2974,买盘
13:10:12,29.73,-0.01,23,68381,卖盘
13:10:14,29.73,0.0,39,116052,买盘
13:10:18,29.73,0.0,50,148698,买盘
13:10:21,29.74,0.01,64,190306,买盘
13:10:24,29.77,0.03,35,104209,买盘
13:10:27,29.73,-0.04,47,139871,卖盘
13:10:29,29.74,0.01,6,17844,卖盘
13:10:33,29.73,-0.01,39,116004,卖盘
13:10:36,29.79,0.06,27,80418,买盘
13:10:38,29.78,-0.01,6,17866,买盘
13:10:42,29.74,-0.04,32,95168,卖盘
13:10:45,29.74,0.0,10,30342,卖盘
13:10:50,29.74,0.0,71,211262,卖盘
13:10:54,29.74,0.0,5,14871,卖盘
13:10:57,29.71,-0.03,2000,5943396,卖盘
13:11:00,29.74,0.03,29,86246,中性盘
13:11:03,29.74,0.0,12,35690,卖盘
13:11:05,29.74,0.0,80,237898,买盘
13:11:09,29.73,-0.01,9,26757,卖盘
13:11:12,29.72,-0.01,112,333185,卖盘
13:11:14,29.73,0.01,17,50541,买盘
13:11:18,29.73,0.0,3,8921,卖盘
13:11:20,29.74,0.01,54,160556,买盘
13:11:24,29.73,-0.01,13,38649,卖盘
13:11:26,29.73,0.0,45,133785,卖盘
13:11:29,29.74,0.01,12,35677,买盘
13:11:32,29.73,-0.01,13,38649,卖盘
13:11:36,29.74,0.01,49,145722,买盘
13:11:39,29.79,0.05,72,214342,买盘
13:11:42,29.73,-0.06,48,142707,卖盘
13:11:44,29.73,0.0,54,160548,买盘
13:11:48,29.73,0.0,37,110036,买盘
13:11:51,29.79,0.06,316,941322,买盘
13:11:54,29.73,-0.06,50,148922,卖盘
13:11:56,29.79,0.06,151,449584,中性盘
13:12:00,29.79,0.0,39,116182,卖盘
13:12:02,29.79,0.0,63,187564,买盘
13:12:09,29.79,0.0,85,253107,买盘
13:12:10,29.78,-0.01,76,226376,中性盘
13:12:15,29.79,0.01,32,95328,买盘
13:12:18,29.79,0.0,89,265081,买盘
13:12:24,29.78,-0.01,11,32760,中性盘
13:12:27,29.78,0.0,116,345491,买盘
13:12:30,29.78,0.0,25,74453,卖盘
13:12:33,29.77,-0.01,34,101282,卖盘
13:12:35,29.79,0.02,57,169773,买盘
13:12:39,29.79,0.0,1,2979,买盘
13:12:42,29.79,0.0,98,291940,买盘
13:12:45,29.79,0.0,34,101272,买盘
13:12:48,29.78,-0.01,19,56594,卖盘
13:12:51,29.78,0.0,43,128084,卖盘
13:12:54,29.79,0.01,150,446843,买盘
13:12:57,29.8,0.01,34,101315,买盘
13:13:00,29.79,-0.01,9,26811,卖盘
13:13:03,29.79,0.0,6,17875,卖盘
13:13:04,29.79,0.0,263,783636,卖盘
13:13:09,29.8,0.01,118,351615,买盘
13:13:10,29.8,0.0,10,29800,买盘
13:13:15,29.8,0.0,48,143033,买盘
13:13:18,29.79,-0.01,289,861418,卖盘
13:13:21,29.8,0.01,23,68539,卖盘
13:13:27,29.8,0.0,1,2980,买盘
13:13:29,29.79,-0.01,53,157887,卖盘
13:13:33,29.79,0.0,33,98339,卖盘
13:13:36,29.8,0.01,100,297987,买盘
13:13:39,29.79,-0.01,22,65541,卖盘
13:13:42,29.8,0.01,10,29800,买盘
13:13:45,29.8,0.0,4,11917,买盘
13:13:51,29.79,-0.01,68,202639,卖盘
13:13:54,29.79,0.0,71,211570,卖盘
13:13:55,29.79,0.0,263,783599,卖盘
13:14:00,29.79,0.0,60,178790,卖盘
13:14:03,29.77,-0.02,344,1024329,卖盘
13:14:06,29.77,0.0,130,386982,买盘
13:14:07,29.76,-0.01,59,175046,卖盘
13:14:12,29.77,0.01,61,181597,买盘
13:14:15,29.76,-0.01,14,41674,卖盘
13:14:18,29.76,0.0,37,110677,卖盘
13:14:20,29.76,0.0,1,2976,买盘
13:14:22,29.76,0.0,16,47612,买盘
13:14:33,29.76,0.0,4,11904,买盘
13:14:36,29.76,0.0,87,258882,买盘
13:14:39,29.75,-0.01,41,121744,卖盘
13:14:42,29.76,0.01,9,26780,买盘
13:14:45,29.76,0.0,36,107132,买盘
13:14:48,29.76,0.0,66,196411,买盘
13:14:51,29.76,0.0,9,26784,买盘
13:14:52,29.75,-0.01,29,86295,卖盘
13:14:57,29.76,0.01,168,502406,买盘
13:15:00,29.77,0.01,1,2977,买盘
13:15:03,29.76,-0.01,13,38688,卖盘
13:15:06,29.76,0.0,8,23808,卖盘
13:15:08,29.76,0.0,78,232199,卖盘
13:15:12,29.77,0.01,8,23816,买盘
13:15:15,29.77,0.0,44,130983,买盘
13:15:16,29.77,0.0,7,20839,买盘
13:15:21,29.77,0.0,86,255978,买盘
13:15:22,29.76,-0.01,5,14880,卖盘
13:15:27,29.77,0.01,66,194367,买盘
13:15:30,29.76,-0.01,31,92257,卖盘
13:15:33,29.76,0.0,70,208320,卖盘
13:15:35,29.76,0.0,9,26874,卖盘
13:15:39,29.77,0.01,93,276861,买盘
13:15:42,29.76,-0.01,2,5952,卖盘
13:15:45,29.76,0.0,4,11904,卖盘
13:15:48,29.76,0.0,27,80520,卖盘
13:15:51,29.76,0.0,1,2976,卖盘
13:15:54,29.76,0.0,8,23809,卖盘
13:15:57,29.77,0.01,3,8929,买盘
13:16:00,29.76,-0.01,8,23933,卖盘
13:16:03,29.76,0.0,41,122016,卖盘
13:16:06,29.77,0.01,62,184515,买盘
13:16:09,29.77,0.0,166,494179,买盘
13:16:12,29.75,-0.02,1133,3371360,卖盘
13:16:15,29.75,0.0,76,226100,买盘
13:16:16,29.74,-0.01,104,309329,卖盘
13:16:21,29.75,0.01,42,124890,买盘
13:16:24,29.75,0.0,108,321281,买盘
13:16:27,29.74,-0.01,94,279614,卖盘
13:16:29,29.74,0.0,124,368898,卖盘
13:16:33,29.73,-0.01,137,407525,卖盘
13:16:36,29.74,0.01,56,166518,买盘
13:16:39,29.73,-0.01,403,1198176,卖盘
13:16:42,29.73,0.0,106,315180,买盘
13:16:45,29.71,-0.02,784,2329829,卖盘
13:16:48,29.73,0.02,133,395407,买盘
13:16:51,29.73,0.0,33,98109,卖盘
13:16:54,29.72,-0.01,17,50540,卖盘
13:16:55,29.75,0.03,136,404510,买盘
13:17:00,29.73,-0.02,31,92221,中性盘
13:17:03,29.73,0.0,34,101120,卖盘
13:17:06,29.74,0.01,34,101111,中性盘
13:17:09,29.73,-0.01,173,514352,卖盘
13:17:12,29.73,0.0,40,118944,卖盘
13:17:15,29.73,0.0,177,526369,卖盘
13:17:18,29.74,0.01,7,20818,买盘
13:17:21,29.75,0.01,76,226062,买盘
13:17:22,29.72,-0.03,21,62433,卖盘
13:17:25,29.73,0.01,12,35676,买盘
13:17:28,29.75,0.02,29,86241,买盘
13:17:33,29.73,-0.02,52,154688,卖盘
13:17:36,29.72,-0.01,16,47585,卖盘
13:17:39,29.73,0.01,74,220132,中性盘
13:17:42,29.73,0.0,15,44595,买盘
13:17:45,29.73,0.0,47,139734,卖盘
13:17:47,29.73,0.0,2004,5954352,卖盘
13:17:51,29.72,-0.01,176,523072,中性盘
13:17:52,29.72,0.0,23,68356,买盘
13:17:57,29.71,-0.01,25,74285,卖盘
13:18:00,29.71,0.0,32,95095,卖盘
13:18:03,29.73,0.02,74,219930,买盘
13:18:04,29.71,-0.02,561,1666865,卖盘
13:18:09,29.73,0.02,95,282393,买盘
13:18:12,29.73,0.0,42,124861,买盘
13:18:14,29.72,-0.01,205,609073,卖盘
13:18:16,29.73,0.01,45,133781,买盘
13:18:21,29.74,0.01,37,109994,买盘
13:18:24,29.74,0.0,65,193300,买盘
13:18:27,29.75,0.01,198,589031,买盘
13:18:30,29.75,0.0,55,164036,买盘
13:18:33,29.78,0.03,75,223297,买盘
13:18:36,29.75,-0.03,18,53559,卖盘
13:18:40,29.79,0.04,82,244172,买盘
13:18:40,29.77,-0.02,77,229229,买盘
13:18:45,29.78,0.01,29,86359,买盘
13:18:48,29.78,0.0,32,95296,卖盘
13:18:50,29.79,0.01,104,309812,买盘
13:18:54,29.79,0.0,107,318753,买盘
13:18:57,29.78,-0.01,159,473602,卖盘
13:19:00,29.79,0.01,14,41706,买盘
13:19:03,29.78,-0.01,124,369385,卖盘
13:19:06,29.78,0.0,238,709536,卖盘
13:19:07,29.78,0.0,151,449826,卖盘
13:19:12,29.79,0.01,23,68517,买盘
13:19:15,29.79,0.0,23,68506,中性盘
13:19:18,29.8,0.01,8,23839,买盘
13:19:21,29.8,0.0,1,2980,买盘
13:19:24,29.79,-0.01,21,62559,卖盘
13:19:27,29.79,0.0,13,38733,卖盘
13:19:30,29.8,0.01,10,29800,买盘
13:19:33,29.78,-0.02,134,399156,卖盘
13:19:36,29.78,0.0,19,56024,卖盘
13:19:39,29.79,0.01,79,235331,买盘
13:19:40,29.79,0.0,31,92348,买盘
13:19:45,29.78,-0.01,2,5956,卖盘
13:19:48,29.78,0.0,26,77428,卖盘
13:19:51,29.77,-0.01,30,89327,卖盘
13:19:54,29.78,0.01,2,5956,买盘
13:19:57,29.77,-0.01,43,128022,卖盘
13:20:00,29.78,0.01,72,214358,买盘
13:20:01,29.78,0.0,1,2978,买盘
13:20:06,29.77,-0.01,38,113127,卖盘
13:20:08,29.78,0.01,46,137398,买盘
13:20:10,29.73,-0.05,798,2372629,卖盘
13:20:13,29.73,0.0,45,133785,买盘
13:20:18,29.72,-0.01,101,300272,卖盘
13:20:20,29.72,0.0,55,163465,卖盘
13:20:24,29.72,0.0,74,219986,卖盘
13:20:27,29.72,0.0,31,92135,卖盘
13:20:30,29.72,0.0,16,47850,卖盘
13:20:33,29.72,0.0,13,38642,卖盘
13:20:36,29.72,0.0,33,98076,卖盘
13:20:37,29.72,0.0,136,404443,卖盘
13:20:42,29.72,0.0,94,279404,卖盘
13:20:43,29.72,0.0,50,148616,卖盘
13:20:48,29.72,0.0,7,20809,卖盘
13:20:51,29.72,0.0,83,245434,卖盘
13:20:52,29.73,0.01,28,83241,买盘
13:20:57,29.73,0.0,291,864886,买盘
13:20:58,29.73,0.0,20,59458,买盘
13:21:03,29.72,-0.01,87,258590,卖盘
13:21:05,29.72,0.0,225,668880,卖盘
13:21:09,29.73,0.01,133,395347,买盘
13:21:12,29.73,0.0,176,523227,买盘
13:21:15,29.72,-0.01,95,282395,卖盘
13:21:18,29.78,0.06,750,2230628,买盘
13:21:21,29.73,-0.05,80,237990,卖盘
13:21:24,29.78,0.05,60,178680,买盘
13:21:27,29.73,-0.05,13,38704,卖盘
13:21:28,29.73,0.0,141,419769,卖盘
13:21:33,29.77,0.04,37,110089,买盘
13:21:36,29.74,-0.03,4,11896,中性盘
13:21:39,29.75,0.01,13,38687,卖盘
13:21:40,29.78,0.03,79,235137,买盘
13:21:45,29.71,-0.07,2462,7316593,卖盘
13:21:48,29.71,0.0,808,2400556,买盘
13:21:50,29.71,0.0,285,846710,买盘
13:21:54,29.73,0.02,91,270213,买盘
13:21:57,29.73,0.0,2,5946,卖盘
13:22:00,29.75,0.02,26,77314,买盘
13:22:03,29.73,-0.02,22,65445,卖盘
13:22:06,29.73,0.0,2,5946,卖盘
13:22:12,29.74,0.01,85,252789,买盘
13:22:13,29.73,-0.01,22,65436,卖盘
13:22:21,29.74,0.01,4,11900,卖盘
13:22:22,29.76,0.02,34,101170,买盘
13:22:27,29.77,0.01,24,71425,买盘
13:22:32,29.76,-0.01,7,20832,卖盘
13:22:36,29.77,0.01,35,104167,买盘
13:22:39,29.77,0.0,5,14885,买盘
13:22:42,29.77,0.0,152,452415,买盘
13:22:44,29.77,0.0,27,80356,买盘
13:22:48,29.77,0.0,79,235148,买盘
13:22:51,29.77,0.0,20,59540,买盘
13:22:57,29.77,0.0,16,47632,买盘
13:23:00,29.73,-0.04,416,1237705,卖盘
13:23:03,29.73,0.0,14,41612,买盘
13:23:06,29.73,0.0,1,2973,买盘
13:23:09,29.73,0.0,76,227998,买盘
13:23:10,29.73,0.0,42,124866,买盘
13:23:15,29.73,0.0,89,264597,买盘
13:23:18,29.72,-0.01,241,716342,卖盘
13:23:20,29.73,0.01,15,44593,买盘
13:23:27,29.72,-0.01,106,315032,卖盘
13:23:30,29.72,0.0,17,50501,卖盘
13:23:33,29.72,0.0,26,75189,卖盘
13:23:35,29.71,-0.01,32,95663,卖盘
13:23:39,29.71,0.0,11,32660,卖盘
13:23:40,29.72,0.01,50,148595,买盘
13:23:45,29.71,-0.01,33,98073,卖盘
13:23:48,29.71,0.0,8,23768,卖盘
13:23:51,29.71,0.0,1,3357,卖盘
13:23:54,29.71,0.0,12,35659,卖盘
13:23:56,29.71,0.0,44,130724,卖盘
13:24:00,29.72,0.01,20,59458,买盘
13:24:03,29.72,0.0,27,80244,买盘
13:24:06,29.72,0.0,69,205037,买盘
13:24:09,29.72,0.0,258,765881,买盘
13:24:12,29.73,0.01,110,326951,买盘
13:24:15,29.71,-0.02,84,249635,卖盘
13:24:18,29.72,0.01,32,95133,中性盘
13:24:21,29.72,0.0,34,101078,卖盘
13:24:24,29.73,0.01,42,124854,买盘
13:24:27,29.73,0.0,54,160542,买盘
13:24:30,29.73,0.0,391,1162443,买盘
13:24:33,29.73,0.0,181,538092,买盘
13:24:36,29.73,0.0,1114,3312149,买盘
13:24:39,29.73,0.0,7,20811,卖盘
13:24:40,29.73,0.0,373,1109073,卖盘
13:24:45,29.73,0.0,49,145785,卖盘
13:24:46,29.7,-0.03,5912,17563923,卖盘
13:24:51,29.7,0.0,82,243504,买盘
13:24:54,29.69,-0.01,67,198967,卖盘
13:24:56,29.69,0.0,483,1434033,卖盘
13:25:00,29.7,0.01,22,65336,买盘
13:25:03,29.69,-0.01,118,350348,卖盘
13:25:06,29.7,0.01,57,166922,买盘
13:25:08,29.69,-0.01,52,154410,卖盘
13:25:12,29.69,0.0,383,1137200,卖盘
13:25:13,29.69,0.0,197,585290,卖盘
13:25:18,29.7,0.01,88,261286,买盘
13:25:20,29.7,0.0,60,178151,买盘
13:25:22,29.69,-0.01,31,92041,卖盘
13:25:27,29.69,0.0,50,148421,卖盘
13:25:30,29.69,0.0,64,190050,卖盘
13:25:33,29.7,0.01,463,1375006,买盘
13:25:36,29.69,-0.01,132,391887,卖盘
13:25:39,29.7,0.01,41,121740,买盘
13:25:42,29.7,0.0,149,442492,买盘
13:25:45,29.69,-0.01,46,136574,卖盘
13:25:48,29.69,0.0,19,56424,卖盘
13:25:51,29.69,0.0,42,124701,卖盘
13:25:52,29.7,0.01,66,196006,买盘
13:25:57,29.69,-0.01,57,169233,卖盘
13:26:00,29.7,0.01,120,356294,买盘
13:26:03,29.69,-0.01,111,329559,卖盘
13:26:06,29.69,0.0,82,243440,卖盘
13:26:09,29.7,0.01,240,712568,买盘
13:26:10,29.69,-0.01,80,237556,卖盘
13:26:15,29.69,0.0,46,136547,卖盘
13:26:18,29.7,0.01,244,724459,买盘
13:26:21,29.69,-0.01,39,115811,卖盘
13:26:22,29.69,0.0,99,293931,卖盘
13:26:27,29.69,0.0,18,53838,卖盘
13:26:30,29.69,0.0,43,127670,卖盘
13:26:33,29.69,0.0,224,665574,卖盘
13:26:36,29.69,0.0,39,115985,卖盘
13:26:39,29.69,0.0,50,148433,买盘
13:26:42,29.69,0.0,116,344343,买盘
13:26:45,29.69,0.0,122,362218,买盘
13:26:46,29.69,0.0,24,71239,买盘
13:26:50,29.69,0.0,22,65317,买盘
13:26:54,29.69,0.0,13,38597,买盘
13:26:56,29.69,0.0,18,53430,买盘
13:27:00,29.69,0.0,145,430383,买盘
13:27:03,29.69,0.0,8,23752,买盘
13:27:06,29.68,-0.01,239,709391,卖盘
13:27:09,29.68,0.0,18,53424,卖盘
13:27:12,29.69,0.01,43,127667,买盘
13:27:15,29.69,0.0,62,184073,买盘
13:27:16,29.69,0.0,101,298668,买盘
13:27:21,29.69,0.0,34,100935,买盘
13:27:24,29.69,0.0,199,590690,买盘
13:27:27,29.68,-0.01,45,133592,卖盘
13:27:30,29.69,0.01,26,77182,买盘
13:27:33,29.69,0.0,280,831055,买盘
13:27:36,29.68,-0.01,23,68266,卖盘
13:27:37,29.68,0.0,54,160289,卖盘
13:27:42,29.69,0.01,52,154373,买盘
13:27:44,29.68,-0.01,123,365114,卖盘
13:27:48,29.69,0.01,46,136574,买盘
13:27:51,29.69,0.0,117,347273,买盘
13:27:54,29.68,-0.01,59,175163,卖盘
13:27:57,29.69,0.01,13,38597,中性盘
13:28:00,29.7,0.01,36,106914,买盘
13:28:03,29.68,-0.02,14,41559,卖盘
13:28:06,29.69,0.01,310,920173,卖盘
13:28:09,29.7,0.01,107,317698,买盘
13:28:12,29.69,-0.01,35,103915,中性盘
13:28:15,29.68,-0.01,159,472009,卖盘
13:28:18,29.69,0.01,48,142512,买盘
13:28:20,29.69,0.0,59,175137,买盘
13:28:24,29.68,-0.01,28,83126,卖盘
13:28:27,29.7,0.02,76,225657,买盘
13:28:30,29.7,0.0,413,1226598,买盘
13:28:33,29.69,-0.01,1031,3062013,卖盘
13:28:36,29.69,0.0,2069,6139854,卖盘
13:28:39,29.69,0.0,136,403819,卖盘
13:28:42,29.7,0.01,56,166337,买盘
13:28:44,29.68,-0.02,79,234549,卖盘
13:28:48,29.68,0.0,8,24315,买盘
13:28:51,29.68,0.0,26,77193,卖盘
13:28:54,29.69,0.01,67,198249,买盘
13:28:56,29.68,-0.01,65,192941,卖盘
13:29:00,29.68,0.0,16,48349,卖盘
13:29:03,29.69,0.01,44,130621,买盘
13:29:06,29.68,-0.01,71,210743,卖盘
13:29:09,29.68,0.0,19,56392,买盘
13:29:12,29.68,0.0,37,109816,买盘
13:29:15,29.68,0.0,292,866439,买盘
13:29:18,29.68,0.0,115,341317,买盘
13:29:21,29.69,0.01,111,329477,买盘
13:29:24,29.67,-0.02,35,103893,卖盘
13:29:27,29.69,0.02,48,142509,买盘
13:29:30,29.69,0.0,23,68282,买盘
13:29:33,29.7,0.01,161,478047,买盘
13:29:36,29.69,-0.01,58,172192,卖盘
13:29:39,29.69,0.0,28,83132,买盘
13:29:42,29.7,0.01,102,302920,买盘
13:29:45,29.69,-0.01,111,328900,卖盘
13:29:48,29.68,-0.01,12,35616,买盘
13:29:51,29.7,0.02,9,26730,买盘
13:29:54,29.7,0.0,12,35629,买盘
13:29:57,29.69,-0.01,124,368226,卖盘
13:30:00,29.69,0.0,120,356348,卖盘
13:30:03,29.69,0.0,20,59380,卖盘
13:30:06,29.7,0.01,136,405090,买盘
13:30:08,29.69,-0.01,39,115808,卖盘
13:30:12,29.7,0.01,58,172241,买盘
13:30:15,29.7,0.0,181,537570,买盘
13:30:18,29.7,0.0,462,1370810,买盘
13:30:21,29.69,-0.01,24,71257,卖盘
13:30:24,29.7,0.01,2,5940,买盘
13:30:27,29.7,0.0,66,195976,买盘
13:30:30,29.7,0.0,128,380125,买盘
13:30:33,29.7,0.0,30,89080,买盘
13:30:35,29.69,-0.01,122,362279,卖盘
13:30:37,29.7,0.01,92,273218,买盘
13:30:42,29.69,-0.01,199,590561,卖盘
13:30:45,29.68,-0.01,394,1169533,卖盘
13:30:48,29.69,0.01,68,201758,买盘
13:30:51,29.69,0.0,76,225605,买盘
13:30:54,29.69,0.0,46,136552,买盘
13:30:56,29.68,-0.01,295,876338,卖盘
13:31:00,29.68,0.0,110,326403,买盘
13:31:03,29.69,0.01,42,124674,买盘
13:31:06,29.68,-0.01,70,207743,买盘
13:31:09,29.68,0.0,48,143587,卖盘
13:31:12,29.68,0.0,15,44523,买盘
13:31:15,29.68,0.0,106,314682,卖盘
13:31:18,29.68,0.0,120,356164,卖盘
13:31:21,29.66,-0.02,2093,6208705,卖盘
13:31:24,29.68,0.02,68,201818,买盘
13:31:27,29.66,-0.02,174,516147,卖盘
13:31:29,29.66,0.0,233,689058,卖盘
13:31:33,29.65,-0.01,309,916247,卖盘
13:31:36,29.65,0.0,817,2422444,卖盘
13:31:39,29.66,0.01,393,1165501,买盘
13:31:41,29.66,0.0,279,827562,卖盘
13:31:45,29.65,-0.01,2464,7306555,卖盘
13:31:48,29.65,0.0,127,376454,买盘
13:31:51,29.64,-0.01,83,246087,卖盘
13:31:54,29.65,0.01,40,118573,买盘
13:31:57,29.63,-0.02,140,414964,卖盘
13:32:00,29.64,0.01,59,174877,中性盘
13:32:03,29.64,0.0,187,554116,卖盘
13:32:06,29.64,0.0,28,82966,买盘
13:32:08,29.63,-0.01,236,699278,卖盘
13:32:12,29.64,0.01,66,195538,买盘
13:32:15,29.64,0.0,104,308215,买盘
13:32:18,29.63,-0.01,30,88896,卖盘
13:32:21,29.63,0.0,70,207403,卖盘
13:32:23,29.64,0.01,79,234082,买盘
13:32:27,29.64,0.0,41,121498,买盘
13:32:30,29.64,0.0,50,148157,买盘
13:32:32,29.64,0.0,22,65189,买盘
13:32:36,29.62,-0.02,51,151119,卖盘
13:32:39,29.62,0.0,176,521319,卖盘
13:32:42,29.63,0.01,169,500608,买盘
13:32:45,29.63,0.0,143,423679,买盘
13:32:47,29.64,0.01,440,1303884,买盘
13:32:51,29.62,-0.02,87,257705,卖盘
13:32:53,29.63,0.01,39,115564,买盘
13:32:56,29.63,0.0,20,59260,卖盘
13:33:00,29.61,-0.02,1136,3364563,卖盘
13:33:03,29.62,0.01,117,346470,中性盘
13:33:06,29.61,-0.01,73,216215,卖盘
13:33:08,29.61,0.0,191,565626,卖盘
13:33:11,29.61,0.0,1067,3161747,卖盘
13:33:15,29.63,0.02,168,497631,买盘
13:33:18,29.61,-0.02,60,177715,卖盘
13:33:21,29.61,0.0,354,1048194,卖盘
13:33:24,29.62,0.01,20,59238,买盘
13:33:27,29.61,-0.01,104,307971,卖盘
13:33:30,29.61,0.0,89,263539,卖盘
13:33:33,29.62,0.01,218,645536,买盘
13:33:36,29.62,0.0,74,219135,买盘
13:33:39,29.61,-0.01,64,189512,卖盘
13:33:42,29.62,0.01,79,233940,买盘
13:33:45,29.61,-0.01,198,586356,卖盘
13:33:48,29.61,0.0,104,307978,卖盘
13:33:51,29.62,0.01,435,1288416,买盘
13:33:54,29.61,-0.01,153,453110,卖盘
13:33:56,29.61,0.0,58,171753,卖盘
13:34:00,29.61,0.0,25,74030,卖盘
13:34:03,29.6,-0.01,297,879348,卖盘
13:34:06,29.61,0.01,47,139163,卖盘
13:34:09,29.62,0.01,56,165831,买盘
13:34:11,29.6,-0.02,153,453011,卖盘
13:34:15,29.62,0.02,203,600988,买盘
13:34:18,29.61,-0.01,304,899940,中性盘
13:34:21,29.61,0.0,161,476720,卖盘
13:34:24,29.6,-0.01,127,375949,卖盘
13:34:27,29.62,0.02,206,610072,买盘
13:34:30,29.6,-0.02,170,503335,卖盘
13:34:32,29.62,0.02,127,376446,买盘
13:34:35,29.61,-0.01,29,85869,中性盘
13:34:39,29.62,0.01,354,1047907,买盘
13:34:42,29.61,-0.01,60,177642,卖盘
13:34:45,29.61,0.0,114,337554,买盘
13:34:48,29.61,0.0,74,219093,买盘
13:34:50,29.61,0.0,22,65142,买盘
13:34:53,29.62,0.01,47,139173,买盘
13:34:57,29.61,-0.01,22,65142,卖盘
13:34:59,29.62,0.01,98,290196,买盘
13:35:03,29.62,0.0,2,5924,买盘
13:35:06,29.62,0.0,58,171796,买盘
13:35:09,29.61,-0.01,175,518197,卖盘
13:35:11,29.61,0.0,146,432415,卖盘
13:35:15,29.62,0.01,72,213234,买盘
13:35:18,29.62,0.0,48,142164,买盘
13:35:21,29.62,0.0,49,145127,买盘
13:35:24,29.62,0.0,18,53312,买盘
13:35:26,29.63,0.01,41,121446,买盘
13:35:30,29.62,-0.01,18,53322,中性盘
13:35:33,29.62,0.0,5,14810,卖盘
13:35:35,29.63,0.01,41,121447,买盘
13:35:39,29.62,-0.01,40,118489,卖盘
13:35:42,29.63,0.01,7,20741,买盘
13:35:45,29.63,0.0,256,758534,买盘
13:35:47,29.64,0.01,27,80028,买盘
13:35:50,29.63,-0.01,70,207417,卖盘
13:35:54,29.63,0.0,6,17778,卖盘
13:35:56,29.63,0.0,8,23706,卖盘
13:36:00,29.63,0.0,335,992612,卖盘
13:36:03,29.62,-0.01,103,306562,卖盘
13:36:06,29.62,0.0,55,161471,卖盘
13:36:08,29.62,0.0,36,108086,买盘
13:36:12,29.62,0.0,12,35544,买盘
13:36:15,29.62,0.0,415,1227759,买盘
13:36:17,29.62,0.0,215,636915,卖盘
13:36:20,29.62,0.0,5,14810,卖盘
13:36:24,29.63,0.01,33,97754,买盘
13:36:27,29.62,-0.01,76,225112,卖盘
13:36:29,29.62,0.0,176,521313,卖盘
13:36:33,29.63,0.01,79,234075,买盘
