time,price,change,volume,amount,type
09:25:04,28.7,0.49,10064,28884369,卖盘
09:30:02,28.72,0.02,6449,18530644,买盘
09:30:05,28.71,-0.01,5316,15260068,卖盘
09:30:08,28.71,0.0,2474,7103490,卖盘
09:30:11,28.71,0.0,920,2642229,卖盘
09:30:14,28.69,-0.02,848,2434396,卖盘
09:30:17,28.69,0.0,235,674175,买盘
09:30:20,28.65,-0.04,87,249478,卖盘
09:30:22,28.64,-0.01,205,587311,卖盘
09:30:26,28.59,-0.05,393,1124723,卖盘
09:30:29,28.58,-0.01,310,886237,卖盘
09:30:32,28.57,-0.01,239,683019,卖盘
09:30:35,28.56,-0.01,110,314058,中性盘
09:30:38,28.51,-0.05,174,496233,卖盘
09:30:41,28.5,-0.01,381,1085928,卖盘
09:30:43,28.53,0.03,1206,3440418,买盘
09:30:46,28.5,-0.03,1417,4041448,卖盘
09:30:50,28.49,-0.01,97,276406,卖盘
09:30:53,28.49,0.0,418,1191173,买盘
09:30:56,28.48,-0.01,102,290494,卖盘
09:30:59,28.5,0.02,462,1316284,买盘
09:31:02,28.49,-0.01,130,369290,卖盘
09:31:05,28.51,0.02,812,2313589,买盘
09:31:08,28.51,0.0,409,1165806,买盘
09:31:10,28.51,0.0,163,464683,卖盘
09:31:13,28.53,0.02,476,1357732,买盘
09:31:16,28.53,0.0,219,624920,卖盘
09:31:20,28.53,0.0,422,1204629,卖盘
09:31:23,28.58,0.05,806,2305143,买盘
09:31:26,28.58,0.0,116,331504,卖盘
09:31:29,28.58,0.0,268,766028,卖盘
09:31:32,28.61,0.03,326,932122,买盘
09:31:35,28.62,0.01,130,371713,中性盘
09:31:38,28.69,0.07,812,2322507,买盘
09:31:41,28.6,-0.09,219,628053,卖盘
09:31:44,28.66,0.06,175,500955,中性盘
09:31:47,28.67,0.01,482,1382317,中性盘
09:31:50,28.66,-0.01,313,897591,中性盘
09:31:53,28.68,0.02,526,1507615,买盘
09:31:55,28.64,-0.04,215,616436,卖盘
09:31:59,28.62,-0.02,237,678493,卖盘
09:32:01,28.62,0.0,241,689666,中性盘
09:32:05,28.61,-0.01,379,1084058,卖盘
09:32:08,28.6,-0.01,529,1513175,中性盘
09:32:11,28.58,-0.02,475,1358257,卖盘
09:32:14,28.55,-0.03,508,1452173,卖盘
09:32:16,28.56,0.01,591,1687378,中性盘
09:32:20,28.55,-0.01,578,1650318,卖盘
09:32:23,28.51,-0.04,59,168273,卖盘
09:32:25,28.51,0.0,407,1160390,卖盘
09:32:29,28.5,-0.01,916,2610814,卖盘
09:32:32,28.46,-0.04,204,581419,卖盘
09:32:35,28.45,-0.01,559,1590381,卖盘
09:32:38,28.44,-0.01,438,1246019,卖盘
09:32:40,28.44,0.0,698,1985762,买盘
09:32:44,28.45,0.01,497,1413383,买盘
09:32:47,28.4,-0.05,439,1248114,卖盘
09:32:49,28.38,-0.02,413,1172526,卖盘
09:32:52,28.45,0.07,1221,3469363,买盘
09:32:56,28.4,-0.05,172,488869,卖盘
09:32:59,28.38,-0.02,376,1068414,卖盘
09:33:02,28.42,0.04,246,699142,买盘
09:33:05,28.45,0.03,778,2211395,买盘
09:33:08,28.45,0.0,794,2259235,买盘
09:33:11,28.45,0.0,475,1353038,卖盘
09:33:13,28.43,-0.02,341,970385,卖盘
09:33:17,28.44,0.01,1156,3293409,中性盘
09:33:20,28.44,0.0,305,868259,买盘
09:33:22,28.48,0.04,460,1310031,中性盘
09:33:26,28.46,-0.02,354,1007632,买盘
09:33:29,28.47,0.01,552,1572596,中性盘
09:33:32,28.49,0.02,291,828930,中性盘
09:33:35,28.49,0.0,392,1117429,卖盘
09:33:38,28.5,0.01,89,253703,中性盘
09:33:41,28.5,0.0,97,276509,卖盘
09:33:44,28.49,-0.01,171,487419,卖盘
09:33:47,28.52,0.03,179,510352,买盘
09:33:50,28.52,0.0,254,724333,买盘
09:33:53,28.51,-0.01,153,436201,卖盘
09:33:56,28.5,-0.01,1120,3193298,卖盘
09:33:59,28.49,-0.01,652,1859298,卖盘
09:34:01,28.52,0.03,747,2128188,买盘
09:34:05,28.49,-0.03,153,435991,卖盘
09:34:08,28.49,0.0,116,330414,买盘
09:34:10,28.47,-0.02,514,1464411,卖盘
09:34:14,28.46,-0.01,733,2087242,卖盘
09:34:17,28.45,-0.01,148,421125,卖盘
09:34:20,28.46,0.01,374,1064012,买盘
09:34:22,28.43,-0.03,204,580023,卖盘
09:34:26,28.43,0.0,565,1607100,卖盘
09:34:29,28.42,-0.01,336,955015,卖盘
09:34:32,28.43,0.01,414,1176752,买盘
09:34:35,28.4,-0.03,164,466045,卖盘
09:34:38,28.41,0.01,89,251813,买盘
09:34:40,28.4,-0.01,244,693056,卖盘
09:34:44,28.41,0.01,153,434623,中性盘
09:34:47,28.41,0.0,525,1491501,卖盘
09:34:50,28.41,0.0,1037,2947572,买盘
09:34:53,28.41,0.0,1011,2873540,买盘
09:34:56,28.4,-0.01,160,454416,卖盘
09:34:59,28.41,0.01,636,1806519,买盘
09:35:02,28.4,-0.01,1174,3332703,卖盘
09:35:05,28.4,0.0,372,1056136,买盘
09:35:08,28.4,0.0,204,579557,卖盘
09:35:10,28.42,0.02,282,801066,买盘
09:35:14,28.41,-0.01,115,326669,卖盘
09:35:17,28.41,0.0,155,440284,买盘
09:35:19,28.41,0.0,84,238642,卖盘
09:35:23,28.43,0.02,56,159137,买盘
09:35:25,28.43,0.0,72,204637,买盘
09:35:29,28.42,-0.01,84,238740,卖盘
09:35:31,28.43,0.01,171,486228,买盘
09:35:35,28.43,0.0,164,466432,卖盘
09:35:38,28.44,0.01,570,1621043,中性盘
09:35:41,28.47,0.03,293,833480,买盘
09:35:44,28.48,0.01,87,247576,买盘
09:35:47,28.46,-0.02,67,190773,卖盘
09:35:50,28.47,0.01,89,253390,买盘
09:35:52,28.48,0.01,141,401479,买盘
09:35:55,28.48,0.0,35,99658,买盘
09:35:59,28.46,-0.02,379,1078555,卖盘
09:36:02,28.47,0.01,183,521017,中性盘
09:36:05,28.46,-0.01,149,424074,卖盘
09:36:08,28.45,-0.01,261,742669,卖盘
09:36:11,28.44,-0.01,283,804946,卖盘
09:36:14,28.44,0.0,295,838772,买盘
09:36:17,28.42,-0.02,105,298518,卖盘
09:36:19,28.42,0.0,557,1583197,卖盘
09:36:23,28.42,0.0,747,2123396,卖盘
09:36:26,28.42,0.0,248,704642,买盘
09:36:29,28.41,-0.01,230,653448,卖盘
09:36:32,28.42,0.01,710,2017211,买盘
09:36:34,28.41,-0.01,851,2416970,买盘
09:36:38,28.39,-0.02,294,834727,卖盘
09:36:41,28.4,0.01,644,1829378,买盘
09:36:44,28.41,0.01,462,1311406,买盘
09:36:47,28.39,-0.02,292,828707,买盘
09:36:50,28.38,-0.01,106,300849,卖盘
09:36:52,28.39,0.01,370,1050230,买盘
09:36:56,28.39,0.0,262,743601,买盘
09:36:59,28.37,-0.02,272,771869,卖盘
09:37:02,28.37,0.0,146,414367,卖盘
09:37:05,28.37,0.0,302,857009,卖盘
09:37:08,28.36,-0.01,196,556143,卖盘
09:37:10,28.37,0.01,227,644063,买盘
09:37:14,28.35,-0.02,111,314915,卖盘
09:37:17,28.35,0.0,418,1185402,买盘
09:37:19,28.35,0.0,165,467799,买盘
09:37:23,28.34,-0.01,149,422192,买盘
09:37:26,28.32,-0.02,825,2336838,卖盘
09:37:29,28.31,-0.01,483,1368156,卖盘
09:37:32,28.34,0.03,434,1228439,买盘
09:37:35,28.31,-0.03,745,2111261,卖盘
09:37:38,28.31,0.0,196,554901,买盘
09:37:41,28.3,-0.01,472,1336058,卖盘
09:37:44,28.3,0.0,809,2290240,卖盘
09:37:47,28.3,0.0,88,248969,买盘
09:37:50,28.29,-0.01,125,353624,中性盘
09:37:52,28.29,0.0,497,1406496,买盘
09:37:56,28.28,-0.01,111,313980,卖盘
09:37:58,28.3,0.02,320,905552,买盘
09:38:02,28.3,0.0,136,384930,卖盘
09:38:05,28.3,0.0,103,291522,卖盘
09:38:08,28.3,0.0,69,195254,卖盘
09:38:11,28.32,0.02,113,319889,买盘
09:38:14,28.33,0.01,138,390776,买盘
09:38:17,28.31,-0.02,95,269054,卖盘
09:38:20,28.32,0.01,77,218099,卖盘
09:38:23,28.33,0.01,344,974587,买盘
09:38:26,28.34,0.01,152,430773,买盘
09:38:28,28.35,0.01,211,598090,买盘
09:38:32,28.35,0.0,85,240923,买盘
09:38:34,28.37,0.02,106,300575,买盘
09:38:38,28.36,-0.01,23,65228,卖盘
09:38:41,28.37,0.01,161,456745,买盘
09:38:44,28.38,0.01,66,187284,买盘
09:38:47,28.37,-0.01,77,218504,卖盘
09:38:50,28.38,0.01,569,1614364,买盘
09:38:53,28.38,0.0,190,539280,买盘
09:38:56,28.39,0.01,67,190156,中性盘
09:38:59,28.38,-0.01,221,627257,卖盘
09:39:01,28.38,0.0,171,485330,卖盘
09:39:04,28.38,0.0,269,763445,卖盘
09:39:08,28.37,-0.01,416,1180626,卖盘
09:39:11,28.37,0.0,258,731855,卖盘
09:39:14,28.38,0.01,339,961615,买盘
09:39:17,28.36,-0.02,282,799801,卖盘
09:39:19,28.36,0.0,384,1088919,买盘
09:39:23,28.35,-0.01,226,640492,中性盘
09:39:25,28.35,0.0,165,467714,买盘
09:39:29,28.34,-0.01,132,374196,卖盘
09:39:31,28.36,0.02,85,241053,中性盘
09:39:35,28.36,0.0,180,510402,卖盘
09:39:37,28.35,-0.01,63,178571,卖盘
09:39:41,28.36,0.01,213,603928,买盘
09:39:44,28.36,0.0,393,1114847,卖盘
09:39:47,28.37,0.01,114,323422,买盘
09:39:50,28.37,0.0,184,522200,卖盘
09:39:53,28.38,0.01,61,173118,买盘
09:39:56,28.4,0.02,43,122047,买盘
09:39:59,28.4,0.0,58,164656,买盘
09:40:02,28.4,0.0,245,695792,买盘
09:40:05,28.41,0.01,151,428917,买盘
09:40:08,28.41,0.0,136,386329,中性盘
09:40:10,28.42,0.01,74,210224,中性盘
09:40:14,28.42,0.0,72,204578,卖盘
09:40:17,28.41,-0.01,82,233026,卖盘
09:40:20,28.42,0.01,17,48328,中性盘
09:40:22,28.44,0.02,168,477725,买盘
09:40:26,28.44,0.0,421,1197213,买盘
09:40:29,28.43,-0.01,87,247366,卖盘
09:40:32,28.44,0.01,46,130804,买盘
09:40:35,28.45,0.01,200,568792,买盘
09:40:38,28.44,-0.01,321,912790,买盘
09:40:41,28.44,0.0,261,742264,卖盘
09:40:44,28.43,-0.01,210,597122,卖盘
09:40:47,28.41,-0.02,76,215980,卖盘
09:40:49,28.41,0.0,100,284029,买盘
09:40:53,28.39,-0.02,237,673249,卖盘
09:40:56,28.41,0.02,370,1050553,买盘
09:40:59,28.37,-0.04,302,856656,卖盘
09:41:01,28.39,0.02,353,1001267,买盘
09:41:05,28.35,-0.04,317,899094,卖盘
09:41:08,28.37,0.02,138,391507,买盘
09:41:11,28.37,0.0,87,246832,卖盘
09:41:14,28.36,-0.01,34,96422,买盘
09:41:17,28.35,-0.01,110,311850,卖盘
09:41:20,28.35,0.0,337,954970,买盘
09:41:23,28.35,0.0,151,428038,买盘
09:41:26,28.35,0.0,95,269224,买盘
09:41:29,28.34,-0.01,127,359796,中性盘
09:41:32,28.34,0.0,52,147323,买盘
09:41:35,28.33,-0.01,80,226724,中性盘
09:41:38,28.34,0.01,70,198327,中性盘
09:41:40,28.36,0.02,383,1085457,买盘
09:41:44,28.35,-0.01,8,22680,中性盘
09:41:47,28.36,0.01,107,303394,买盘
09:41:50,28.36,0.0,25,70907,卖盘
09:41:53,28.37,0.01,53,150351,买盘
09:41:56,28.37,0.0,84,238243,买盘
09:41:59,28.36,-0.01,89,252421,卖盘
09:42:01,28.36,0.0,70,198539,卖盘
09:42:05,28.36,0.0,282,799515,卖盘
09:42:08,28.36,0.0,91,258031,买盘
09:42:10,28.35,-0.01,77,218347,卖盘
09:42:13,28.37,0.02,416,1179326,买盘
09:42:17,28.36,-0.01,213,604069,卖盘
09:42:20,28.36,0.0,26,73749,卖盘
09:42:22,28.36,0.0,70,198536,卖盘
09:42:26,28.37,0.01,74,209874,买盘
09:42:28,28.36,-0.01,464,1316511,卖盘
09:42:32,28.37,0.01,53,150363,中性盘
09:42:35,28.37,0.0,106,300732,卖盘
09:42:38,28.36,-0.01,130,368706,卖盘
09:42:40,28.37,0.01,102,289315,买盘
09:42:44,28.36,-0.01,92,260938,卖盘
09:42:46,28.36,0.0,148,419823,卖盘
09:42:50,28.38,0.02,142,402866,买盘
09:42:53,28.37,-0.01,36,102123,卖盘
09:42:56,28.38,0.01,259,734808,买盘
09:42:59,28.36,-0.02,76,215543,卖盘
09:43:02,28.37,0.01,59,167338,买盘
09:43:05,28.36,-0.01,126,357392,卖盘
09:43:08,28.37,0.01,46,130475,买盘
09:43:11,28.36,-0.01,215,609951,卖盘
09:43:13,28.37,0.01,398,1128911,买盘
09:43:17,28.37,0.0,185,524847,卖盘
09:43:20,28.37,0.0,49,139013,卖盘
09:43:23,28.37,0.0,120,340410,买盘
09:43:26,28.36,-0.01,93,263670,卖盘
09:43:29,28.38,0.02,499,1415978,买盘
09:43:32,28.35,-0.03,76,215795,卖盘
09:43:35,28.37,0.02,191,541867,买盘
09:43:38,28.37,0.0,166,471021,卖盘
09:43:40,28.36,-0.01,266,754570,卖盘
09:43:44,28.35,-0.01,42,120789,卖盘
09:43:47,28.35,0.0,352,998206,卖盘
09:43:49,28.35,0.0,327,927269,卖盘
09:43:53,28.37,0.02,254,721223,买盘
09:43:56,28.37,0.0,55,156018,卖盘
09:43:59,28.36,-0.01,72,204206,卖盘
09:44:02,28.38,0.02,191,541870,买盘
09:44:04,28.37,-0.01,112,317774,卖盘
09:44:08,28.39,0.02,103,292296,买盘
09:44:11,28.39,0.0,70,198681,买盘
09:44:13,28.38,-0.01,37,105020,卖盘
09:44:17,28.38,0.0,98,278199,卖盘
09:44:20,28.38,0.0,70,198705,卖盘
09:44:23,28.39,0.01,27,76648,买盘
09:44:26,28.39,0.0,134,380424,买盘
09:44:29,28.38,-0.01,16,45423,卖盘
09:44:32,28.39,0.01,526,1493511,买盘
09:44:34,28.39,0.0,88,249822,买盘
09:44:38,28.39,0.0,82,232771,买盘
09:44:41,28.39,0.0,112,317967,买盘
09:44:43,28.39,0.0,103,292410,买盘
09:44:47,28.4,0.01,327,928520,买盘
09:44:50,28.41,0.01,15,42603,买盘
09:44:53,28.41,0.0,113,321021,买盘
09:44:55,28.41,0.0,110,312404,买盘
09:44:59,28.42,0.01,24,68195,买盘
09:45:02,28.42,0.0,50,142066,买盘
09:45:04,28.42,0.0,44,125023,买盘
09:45:08,28.41,-0.01,97,275644,卖盘
09:45:11,28.42,0.01,85,241537,买盘
09:45:14,28.41,-0.01,83,235883,卖盘
09:45:16,28.43,0.02,5,14215,买盘
09:45:20,28.42,-0.01,31,88122,卖盘
09:45:23,28.43,0.01,62,176266,买盘
09:45:26,28.44,0.01,73,207538,买盘
09:45:29,28.43,-0.01,60,170613,卖盘
09:45:32,28.44,0.01,30,85308,买盘
09:45:35,28.44,0.0,59,167757,买盘
09:45:38,28.44,0.0,15,42659,买盘
09:45:41,28.44,0.0,38,108070,买盘
09:45:43,28.44,0.0,66,187680,买盘
09:45:47,28.46,0.02,722,2051066,买盘
09:45:50,28.44,-0.02,180,511917,卖盘
09:45:53,28.44,0.0,257,730939,卖盘
09:45:56,28.44,0.0,246,699737,卖盘
09:45:59,28.46,0.02,208,591680,买盘
09:46:02,28.45,-0.01,19,54060,卖盘
09:46:05,28.46,0.01,169,480805,买盘
09:46:07,28.46,0.0,25,71140,买盘
09:46:11,28.45,-0.01,78,221947,卖盘
09:46:13,28.45,0.0,66,187739,卖盘
09:46:17,28.45,0.0,90,256064,卖盘
09:46:19,28.45,0.0,99,281681,买盘
09:46:23,28.46,0.01,84,238982,买盘
09:46:26,28.46,0.0,61,173524,买盘
09:46:29,28.45,-0.01,63,179234,买盘
09:46:32,28.45,0.0,199,566155,买盘
09:46:35,28.45,0.0,218,620183,买盘
09:46:38,28.46,0.01,39,110973,买盘
09:46:41,28.45,-0.01,15,42675,卖盘
09:46:44,28.45,0.0,244,694400,卖盘
09:46:47,28.46,0.01,201,572001,买盘
09:46:50,28.46,0.0,143,406893,卖盘
09:46:53,28.45,-0.01,31,88199,卖盘
09:46:56,28.46,0.01,119,338663,买盘
09:46:59,28.45,-0.01,349,992964,卖盘
09:47:02,28.46,0.01,78,222008,卖盘
09:47:04,28.46,0.0,68,193505,卖盘
09:47:07,28.46,0.0,83,236200,买盘
09:47:11,28.47,0.01,433,1232101,买盘
09:47:13,28.46,-0.01,225,640351,卖盘
09:47:17,28.46,0.0,154,438219,买盘
09:47:20,28.46,0.0,112,318664,买盘
09:47:23,28.45,-0.01,342,973438,中性盘
09:47:26,28.44,-0.01,75,213348,卖盘
09:47:29,28.45,0.01,418,1188702,买盘
09:47:32,28.45,0.0,547,1556215,卖盘
09:47:35,28.44,-0.01,67,190564,卖盘
09:47:38,28.45,0.01,98,278779,买盘
09:47:41,28.43,-0.02,78,221875,卖盘
09:47:44,28.43,0.0,55,156414,卖盘
09:47:46,28.43,0.0,76,216117,卖盘
09:47:50,28.43,0.0,49,139323,卖盘
09:47:52,28.43,0.0,69,196206,卖盘
09:47:56,28.44,0.01,335,952609,买盘
09:47:59,28.42,-0.02,290,824245,卖盘
09:48:02,28.41,-0.01,76,215937,卖盘
09:48:05,28.4,-0.01,68,193162,卖盘
09:48:08,28.4,0.0,408,1158720,卖盘
09:48:11,28.4,0.0,285,809297,买盘
09:48:14,28.39,-0.01,133,377618,卖盘
09:48:17,28.38,-0.01,149,422899,卖盘
09:48:20,28.38,0.0,161,456865,卖盘
09:48:23,28.38,0.0,328,931119,中性盘
09:48:26,28.38,0.0,171,485161,买盘
09:48:29,28.38,0.0,153,434158,买盘
09:48:32,28.38,0.0,199,564642,买盘
09:48:35,28.38,0.0,195,553628,卖盘
09:48:38,28.39,0.01,14,39749,卖盘
09:48:41,28.41,0.02,72,204487,买盘
09:48:44,28.4,-0.01,23,65330,卖盘
09:48:47,28.39,-0.01,69,195964,卖盘
09:48:53,28.41,0.02,14,39774,卖盘
09:48:55,28.42,0.01,24,68187,买盘
09:48:59,28.4,-0.02,218,619360,卖盘
09:49:02,28.41,0.01,33,93753,买盘
09:49:05,28.41,0.0,92,261354,买盘
09:49:08,28.4,-0.01,167,474296,卖盘
09:49:11,28.4,0.0,172,488480,卖盘
09:49:14,28.39,-0.01,69,195977,卖盘
09:49:17,28.41,0.02,539,1531237,买盘
09:49:20,28.4,-0.01,434,1231991,卖盘
09:49:23,28.38,-0.02,84,238473,卖盘
09:49:25,28.38,0.0,253,718087,卖盘
09:49:29,28.38,0.0,136,385995,卖盘
09:49:31,28.38,0.0,111,314955,买盘
09:49:34,28.38,0.0,173,490776,买盘
09:49:38,28.37,-0.01,146,414256,中性盘
09:49:41,28.38,0.01,228,646867,买盘
09:49:43,28.36,-0.02,185,524787,卖盘
09:49:46,28.37,0.01,60,170205,买盘
09:49:49,28.37,0.0,460,1305035,买盘
09:49:53,28.37,0.0,223,632780,卖盘
09:49:56,28.38,0.01,176,499443,中性盘
09:49:59,28.39,0.01,30,85146,买盘
09:50:01,28.39,0.0,53,150463,买盘
09:50:05,28.39,0.0,48,136236,买盘
09:50:08,28.38,-0.01,53,150457,卖盘
09:50:11,28.39,0.01,150,425822,买盘
09:50:13,28.38,-0.01,72,204356,卖盘
09:50:17,28.38,0.0,169,479667,卖盘
09:50:20,28.39,0.01,179,508156,买盘
09:50:23,28.39,0.0,64,181704,卖盘
09:50:26,28.39,0.0,66,187344,买盘
09:50:29,28.38,-0.01,61,173140,卖盘
09:50:32,28.38,0.0,68,193005,卖盘
09:50:35,28.38,0.0,726,2061024,卖盘
09:50:38,28.38,0.0,125,354850,卖盘
09:50:40,28.38,0.0,94,266765,买盘
09:50:45,28.39,0.01,131,371834,买盘
09:50:47,28.38,-0.01,13,36894,中性盘
09:50:50,28.39,0.01,233,661425,买盘
09:50:52,28.39,0.0,37,105018,买盘
09:50:56,28.39,0.0,106,300831,买盘
09:50:59,28.38,-0.01,117,332058,卖盘
09:51:02,28.39,0.01,216,612928,买盘
09:51:05,28.38,-0.01,72,204336,卖盘
09:51:08,28.38,0.0,132,374564,买盘
09:51:11,28.37,-0.01,295,836934,卖盘
09:51:15,28.36,-0.01,161,456638,卖盘
09:51:17,28.35,-0.01,396,1123883,卖盘
09:51:20,28.35,0.0,98,277865,卖盘
09:51:23,28.33,-0.02,564,1598376,卖盘
09:51:26,28.31,-0.02,456,1291496,卖盘
09:51:28,28.3,-0.01,1422,4026996,卖盘
09:51:32,28.31,0.01,799,2261294,买盘
09:51:35,28.28,-0.03,573,1621592,卖盘
09:51:38,28.28,0.0,226,639237,卖盘
09:51:41,28.27,-0.01,620,1753306,卖盘
09:51:44,28.27,0.0,320,904672,卖盘
09:51:47,28.26,-0.01,442,1249270,卖盘
09:51:50,28.27,0.01,180,508704,买盘
09:51:52,28.25,-0.02,321,906948,卖盘
09:51:55,28.26,0.01,1116,3153309,买盘
09:51:59,28.26,0.0,611,1726409,卖盘
09:52:02,28.26,0.0,103,291112,中性盘
09:52:04,28.27,0.01,236,666975,买盘
09:52:08,28.26,-0.01,162,457852,卖盘
09:52:11,28.27,0.01,328,927094,买盘
09:52:14,28.26,-0.01,101,285457,卖盘
09:52:17,28.27,0.01,331,935858,卖盘
09:52:20,28.25,-0.02,322,909886,卖盘
09:52:23,28.25,0.0,183,516885,买盘
09:52:26,28.26,0.01,483,1364348,买盘
09:52:28,28.26,0.0,396,1119433,买盘
09:52:32,28.28,0.02,274,774794,买盘
09:52:35,28.26,-0.02,125,353366,卖盘
09:52:38,28.27,0.01,252,712169,买盘
09:52:41,28.26,-0.01,97,274226,卖盘
09:52:45,28.23,-0.03,728,2056153,卖盘
09:52:47,28.27,0.04,363,1026033,买盘
09:52:50,28.22,-0.05,316,892568,卖盘
09:52:53,28.21,-0.01,600,1693198,卖盘
09:52:56,28.28,0.07,209,590907,买盘
09:53:00,28.28,0.0,82,231907,卖盘
09:53:02,28.28,0.0,16,45260,卖盘
09:53:05,28.28,0.0,66,186620,卖盘
09:53:08,28.28,0.0,13,36764,买盘
09:53:11,28.27,-0.01,56,158314,卖盘
09:53:13,28.27,0.0,246,695649,卖盘
09:53:17,28.27,0.0,102,288355,卖盘
09:53:20,28.27,0.0,115,325079,买盘
09:53:24,28.28,0.01,37,104632,买盘
09:53:27,28.27,-0.01,731,2066337,卖盘
09:53:30,28.28,0.01,80,226238,买盘
09:53:32,28.29,0.01,33,93345,买盘
09:53:36,28.28,-0.01,55,155565,卖盘
09:53:38,28.28,0.0,186,526014,卖盘
09:53:41,28.29,0.01,513,1450886,买盘
09:53:44,28.3,0.01,67,189498,买盘
09:53:48,28.3,0.0,82,231977,买盘
09:53:50,28.29,-0.01,8,22637,卖盘
09:53:53,28.3,0.01,8,22640,买盘
09:53:56,28.29,-0.01,65,183889,卖盘
09:53:59,28.3,0.01,394,1114752,买盘
09:54:02,28.29,-0.01,32,90552,中性盘
09:54:05,28.29,0.0,98,277320,卖盘
09:54:08,28.3,0.01,94,266018,买盘
09:54:12,28.3,0.0,351,993321,买盘
09:54:15,28.32,0.02,102,288679,买盘
09:54:17,28.32,0.0,370,1047191,卖盘
09:54:20,28.33,0.01,114,322896,买盘
09:54:24,28.31,-0.02,316,894417,卖盘
09:54:26,28.33,0.02,148,419288,买盘
09:54:29,28.32,-0.01,105,297428,卖盘
09:54:32,28.33,0.01,63,178451,买盘
09:54:35,28.33,0.0,216,611917,卖盘
09:54:38,28.32,-0.01,323,914658,卖盘
09:54:41,28.32,0.0,88,249279,买盘
09:54:44,28.34,0.02,83,235136,买盘
09:54:47,28.33,-0.01,36,102009,卖盘
09:54:50,28.33,0.0,237,671653,卖盘
09:54:53,28.33,0.0,383,1085087,卖盘
09:54:56,28.33,0.0,83,235106,买盘
09:55:00,28.32,-0.01,85,240780,卖盘
09:55:02,28.32,0.0,95,269110,卖盘
09:55:05,28.33,0.01,96,271880,买盘
09:55:08,28.33,0.0,401,1135616,买盘
09:55:10,28.33,0.0,417,1181410,买盘
09:55:15,28.32,-0.01,33,93458,卖盘
09:55:17,28.33,0.01,436,1234884,买盘
09:55:20,28.32,-0.01,325,920102,中性盘
09:55:24,28.31,-0.01,185,523808,买盘
09:55:26,28.33,0.02,225,637064,买盘
09:55:30,28.3,-0.03,126,356784,卖盘
09:55:32,28.33,0.03,889,2516385,买盘
09:55:36,28.3,-0.03,420,1188711,卖盘
09:55:38,28.32,0.02,91,257559,买盘
09:55:41,28.31,-0.01,131,370824,卖盘
09:55:44,28.3,-0.01,44,124530,卖盘
09:55:48,28.3,0.0,124,350932,卖盘
09:55:50,28.3,0.0,168,475424,买盘
09:55:53,28.3,0.0,111,314051,买盘
09:55:55,28.3,0.0,131,370651,买盘
09:55:59,28.29,-0.01,245,693157,卖盘
09:56:02,28.29,0.0,39,110339,卖盘
09:56:05,28.3,0.01,534,1510835,买盘
09:56:08,28.29,-0.01,231,653622,卖盘
09:56:11,28.29,0.0,458,1295778,买盘
09:56:14,28.28,-0.01,101,285750,卖盘
09:56:17,28.3,0.02,77,217909,买盘
09:56:20,28.3,0.0,107,302863,卖盘
09:56:23,28.3,0.0,95,268854,卖盘
09:56:26,28.3,0.0,46,130191,卖盘
09:56:29,28.3,0.0,132,373593,卖盘
09:56:32,28.29,-0.01,373,1055564,卖盘
09:56:36,28.29,0.0,203,574383,卖盘
09:56:38,28.29,0.0,89,251805,卖盘
09:56:40,28.29,0.0,202,571347,卖盘
09:56:44,28.28,-0.01,382,1080582,卖盘
09:56:48,28.28,0.0,89,251753,卖盘
09:56:50,28.28,0.0,421,1190636,卖盘
09:56:53,28.28,0.0,91,257290,买盘
09:56:56,28.28,0.0,101,285551,买盘
09:56:59,28.27,-0.01,101,285562,卖盘
09:57:02,28.28,0.01,110,310990,买盘
09:57:05,28.27,-0.01,108,305337,卖盘
09:57:08,28.28,0.01,528,1492689,买盘
09:57:12,28.27,-0.01,73,206419,卖盘
09:57:15,28.27,0.0,295,833803,卖盘
09:57:17,28.27,0.0,159,449351,买盘
09:57:20,28.27,0.0,273,771556,买盘
09:57:23,28.26,-0.01,431,1218271,卖盘
09:57:26,28.26,0.0,402,1136056,卖盘
09:57:29,28.26,0.0,351,991711,买盘
09:57:32,28.25,-0.01,641,1810876,卖盘
09:57:36,28.26,0.01,667,1885434,买盘
09:57:37,28.25,-0.01,202,570748,卖盘
09:57:41,28.26,0.01,80,226060,买盘
09:57:44,28.26,0.0,78,220388,买盘
09:57:48,28.25,-0.01,54,152554,卖盘
09:57:50,28.25,0.0,139,392785,买盘
09:57:53,28.25,0.0,46,129954,卖盘
09:57:56,28.25,0.0,142,401190,卖盘
09:58:00,28.26,0.01,176,497211,买盘
09:58:02,28.25,-0.01,72,203425,卖盘
09:58:05,28.26,0.01,85,240197,买盘
09:58:08,28.26,0.0,244,689523,买盘
09:58:12,28.27,0.01,196,553897,买盘
09:58:14,28.26,-0.01,458,1295064,卖盘
09:58:17,28.27,0.01,204,576702,买盘
09:58:20,28.27,0.0,712,2012298,买盘
09:58:23,28.27,0.0,47,132842,买盘
09:58:25,28.27,0.0,108,305245,买盘
09:58:29,28.27,0.0,49,138523,买盘
09:58:32,28.27,0.0,51,144177,买盘
09:58:35,28.27,0.0,144,407059,买盘
09:58:39,28.26,-0.01,175,494686,卖盘
09:58:41,28.28,0.02,44,124411,买盘
09:58:45,28.27,-0.01,78,220507,卖盘
09:58:47,28.27,0.0,14,39578,卖盘
09:58:50,28.27,0.0,139,393042,卖盘
09:58:53,28.27,0.0,68,192236,卖盘
09:58:56,28.28,0.01,61,172468,买盘
09:59:00,28.27,-0.01,607,1716576,卖盘
09:59:02,28.27,0.0,94,265779,卖盘
09:59:05,28.28,0.01,121,342196,买盘
09:59:08,28.28,0.0,128,361984,卖盘
09:59:11,28.28,0.0,13,36775,卖盘
09:59:15,28.29,0.01,23,65051,买盘
09:59:17,28.29,0.0,400,1131300,买盘
09:59:21,28.3,0.01,382,1080936,买盘
09:59:24,28.3,0.0,117,331115,卖盘
09:59:26,28.3,0.0,51,144337,卖盘
09:59:30,28.3,0.0,167,472406,卖盘
09:59:32,28.3,0.0,258,730018,买盘
09:59:36,28.3,0.0,27,76378,买盘
09:59:38,28.29,-0.01,41,116029,卖盘
09:59:41,28.3,0.01,57,161279,买盘
09:59:44,28.3,0.0,1119,3163233,买盘
09:59:48,28.29,-0.01,91,257226,卖盘
09:59:50,28.3,0.01,166,470941,买盘
09:59:53,28.29,-0.01,1554,4392438,卖盘
09:59:57,28.29,0.0,33,93287,买盘
10:00:00,28.25,-0.04,211,596073,卖盘
10:00:02,28.25,0.0,157,443683,买盘
10:00:05,28.25,0.0,131,370097,卖盘
10:00:09,28.24,-0.01,92,259871,卖盘
10:00:11,28.25,0.01,7,19775,买盘
10:00:14,28.24,-0.01,53,149693,卖盘
10:00:17,28.23,-0.01,389,1097610,卖盘
10:00:20,28.24,0.01,230,649516,买盘
10:00:24,28.23,-0.01,173,488445,卖盘
10:00:26,28.23,0.0,807,2277778,卖盘
10:00:29,28.24,0.01,692,1953100,买盘
10:00:32,28.22,-0.02,401,1131555,卖盘
10:00:35,28.21,-0.01,107,301983,卖盘
10:00:38,28.21,0.0,929,2620781,卖盘
10:00:40,28.19,-0.02,1694,4777030,卖盘
10:00:44,28.16,-0.03,500,1408880,卖盘
10:00:47,28.16,0.0,217,611063,卖盘
10:00:50,28.15,-0.01,467,1314713,卖盘
10:00:53,28.14,-0.01,644,1812425,卖盘
10:00:56,28.12,-0.02,286,804325,卖盘
10:01:00,28.13,0.01,170,478010,中性盘
10:01:02,28.13,0.0,345,969845,买盘
10:01:05,28.14,0.01,217,610512,买盘
10:01:09,28.13,-0.01,120,337629,卖盘
10:01:11,28.13,0.0,98,275680,卖盘
10:01:12,28.14,0.01,689,1938286,买盘
10:01:17,28.14,0.0,81,227915,买盘
10:01:20,28.15,0.01,306,860944,买盘
10:01:23,28.14,-0.01,253,711959,中性盘
10:01:26,28.14,0.0,103,289898,卖盘
10:01:29,28.14,0.0,43,121044,卖盘
10:01:32,28.15,0.01,95,267405,买盘
10:01:36,28.15,0.0,214,602366,买盘
10:01:38,28.15,0.0,236,664342,买盘
10:01:41,28.15,0.0,169,475709,买盘
10:01:42,28.15,0.0,205,577067,买盘
10:01:47,28.16,0.01,143,402559,买盘
10:01:50,28.17,0.01,185,521041,买盘
10:01:53,28.17,0.0,36,101379,买盘
10:01:56,28.17,0.0,46,129580,买盘
10:02:00,28.17,0.0,41,115497,买盘
10:02:02,28.16,-0.01,260,732253,卖盘
10:02:05,28.18,0.02,46,129619,买盘
10:02:08,28.18,0.0,5,14087,买盘
10:02:11,28.17,-0.01,614,1729700,卖盘
10:02:14,28.18,0.01,88,247974,买盘
10:02:17,28.17,-0.01,30,84537,卖盘
10:02:20,28.17,0.0,186,524027,卖盘
10:02:23,28.18,0.01,289,814138,买盘
10:02:26,28.18,0.0,146,411407,买盘
10:02:29,28.17,-0.01,29,81711,卖盘
10:02:32,28.18,0.01,28,78888,买盘
10:02:35,28.17,-0.01,573,1614183,卖盘
10:02:38,28.18,0.01,807,2273014,买盘
10:02:41,28.18,0.0,295,830885,中性盘
10:02:44,28.17,-0.01,122,343700,卖盘
10:02:47,28.17,0.0,48,135201,买盘
10:02:50,28.17,0.0,101,284516,买盘
10:02:53,28.18,0.01,136,383019,买盘
10:02:56,28.18,0.0,1334,3756689,买盘
10:02:57,28.18,0.0,124,349432,买盘
10:03:02,28.18,0.0,49,138094,卖盘
10:03:05,28.17,-0.01,209,588956,卖盘
10:03:08,28.18,0.01,107,301440,买盘
10:03:11,28.18,0.0,218,614289,买盘
10:03:13,28.17,-0.01,110,309919,卖盘
10:03:17,28.17,0.0,28,78881,卖盘
10:03:19,28.18,0.01,59,166262,买盘
10:03:20,28.18,0.0,150,422570,买盘
10:03:26,28.18,0.0,59,166245,买盘
10:03:28,28.18,0.0,60,169067,买盘
10:03:32,28.17,-0.01,157,442269,卖盘
10:03:34,28.17,0.0,88,247874,买盘
10:03:38,28.17,0.0,63,177459,买盘
10:03:41,28.17,0.0,152,428177,买盘
10:03:44,28.17,0.0,21,59148,买盘
10:03:47,28.16,-0.01,23,64788,卖盘
10:03:49,28.17,0.01,115,323934,买盘
10:03:53,28.16,-0.01,50,140825,卖盘
10:03:56,28.16,0.0,235,661797,卖盘
10:03:59,28.16,0.0,106,298601,卖盘
10:04:02,28.16,0.0,135,380279,卖盘
10:04:05,28.17,0.01,447,1259047,买盘
10:04:08,28.16,-0.01,48,135175,卖盘
10:04:10,28.17,0.01,403,1135752,买盘
10:04:14,28.16,-0.01,30,84497,卖盘
10:04:17,28.17,0.01,192,540698,买盘
10:04:20,28.17,0.0,91,256326,买盘
10:04:23,28.17,0.0,75,211218,买盘
10:04:25,28.16,-0.01,61,171779,卖盘
10:04:29,28.16,0.0,54,152092,卖盘
10:04:32,28.16,0.0,98,275996,卖盘
10:04:34,28.16,0.0,59,166193,卖盘
10:04:37,28.17,0.01,598,1683987,买盘
10:04:40,28.15,-0.02,760,2139560,卖盘
10:04:44,28.18,0.03,103,290101,买盘
10:04:47,28.17,-0.01,469,1321181,卖盘
10:04:50,28.17,0.0,261,735299,买盘
10:04:53,28.16,-0.01,324,912698,卖盘
10:04:56,28.17,0.01,215,605395,买盘
10:04:59,28.16,-0.01,173,487236,买盘
10:05:01,28.16,0.0,67,188671,买盘
10:05:04,28.17,0.01,184,518237,买盘
10:05:08,28.17,0.0,124,349338,卖盘
10:05:11,28.16,-0.01,92,259095,卖盘
10:05:13,28.16,0.0,94,264725,卖盘
10:05:16,28.16,0.0,82,231000,卖盘
10:05:20,28.16,0.0,123,346437,卖盘
10:05:23,28.17,0.01,34,95769,买盘
10:05:26,28.17,0.0,54,152098,卖盘
10:05:29,28.17,0.0,3,8452,卖盘
10:05:32,28.17,0.0,57,160578,卖盘
10:05:35,28.18,0.01,37,104260,买盘
10:05:38,28.18,0.0,60,169043,买盘
10:05:41,28.18,0.0,10,28178,买盘
10:05:44,28.17,-0.01,46,129586,卖盘
10:05:47,28.17,0.0,14,39451,卖盘
10:05:50,28.18,0.01,143,402945,买盘
10:05:52,28.18,0.0,21,59178,买盘
10:05:56,28.17,-0.01,170,479045,卖盘
10:05:59,28.17,0.0,537,1512736,卖盘
10:06:01,28.17,0.0,110,309861,买盘
10:06:05,28.17,0.0,176,495705,买盘
10:06:08,28.17,0.0,435,1225255,买盘
10:06:11,28.16,-0.01,363,1022352,卖盘
10:06:14,28.16,0.0,61,171772,买盘
10:06:17,28.16,0.0,6,16896,买盘
10:06:20,28.16,0.0,110,309731,买盘
10:06:23,28.17,0.01,142,400005,买盘
10:06:26,28.17,0.0,25,70539,卖盘
10:06:29,28.17,0.0,116,326779,卖盘
10:06:32,28.17,0.0,77,216913,卖盘
10:06:34,28.17,0.0,18,50706,卖盘
10:06:37,28.16,-0.01,16,45064,卖盘
10:06:41,28.16,0.0,8,22534,卖盘
10:06:44,28.17,0.01,52,146473,买盘
10:06:47,28.16,-0.01,18,50696,卖盘
10:06:50,28.16,0.0,83,233779,卖盘
10:06:52,28.17,0.01,79,222543,买盘
10:06:55,28.18,0.01,64,180343,买盘
10:06:59,28.17,-0.01,41,115509,卖盘
10:07:01,28.17,0.0,91,256370,卖盘
10:07:05,28.18,0.01,143,402934,买盘
10:07:08,28.18,0.0,216,608641,买盘
10:07:11,28.17,-0.01,12,33813,卖盘
10:07:14,28.18,0.01,55,154984,买盘
10:07:16,28.17,-0.01,108,304269,卖盘
10:07:20,28.18,0.01,266,749382,买盘
10:07:23,28.17,-0.01,195,549478,卖盘
10:07:25,28.17,0.0,1236,3481367,卖盘
10:07:29,28.17,0.0,75,211274,买盘
10:07:32,28.16,-0.01,43,121111,卖盘
10:07:35,28.17,0.01,127,357597,买盘
10:07:38,28.15,-0.02,330,928844,卖盘
10:07:40,28.14,-0.01,366,1029929,卖盘
10:07:44,28.14,0.0,55,154770,买盘
10:07:47,28.15,0.01,148,416406,买盘
10:07:50,28.14,-0.01,28,78786,买盘
10:07:53,28.14,0.0,374,1052115,买盘
10:07:55,28.14,0.0,29,81592,买盘
10:07:59,28.14,0.0,144,405140,买盘
10:08:02,28.14,0.0,231,649801,买盘
10:08:05,28.13,-0.01,119,334780,卖盘
10:08:08,28.13,0.0,31,87202,买盘
10:08:11,28.12,-0.01,324,911138,卖盘
10:08:13,28.13,0.01,635,1785839,买盘
10:08:17,28.13,0.0,78,219413,买盘
10:08:20,28.12,-0.01,101,284012,卖盘
10:08:23,28.12,0.0,75,210911,卖盘
10:08:26,28.11,-0.01,407,1144112,卖盘
10:08:29,28.14,0.03,209,587774,买盘
10:08:32,28.11,-0.03,278,781718,卖盘
10:08:35,28.15,0.04,45,126616,买盘
10:08:38,28.13,-0.02,9,25320,卖盘
10:08:41,28.13,0.0,17,47821,卖盘
10:08:44,28.13,0.0,44,123774,卖盘
10:08:47,28.14,0.01,29,81583,买盘
10:08:50,28.13,-0.01,45,126585,卖盘
10:08:53,28.13,0.0,79,222235,卖盘
10:08:56,28.13,0.0,143,402294,卖盘
10:08:58,28.13,0.0,147,413513,卖盘
10:09:02,28.13,0.0,133,374244,卖盘
10:09:05,28.14,0.01,51,143473,买盘
10:09:08,28.13,-0.01,38,106894,卖盘
10:09:11,28.13,0.0,168,472533,卖盘
10:09:14,28.13,0.0,14,39386,卖盘
10:09:16,28.13,0.0,134,376992,卖盘
10:09:20,28.14,0.01,38,106919,买盘
10:09:23,28.13,-0.01,104,292555,卖盘
10:09:25,28.13,0.0,144,405074,卖盘
10:09:28,28.13,0.0,24,67512,卖盘
10:09:31,28.13,0.0,118,331944,卖盘
10:09:35,28.13,0.0,12,33756,卖盘
10:09:38,28.13,0.0,14,39383,卖盘
10:09:41,28.14,0.01,190,534624,买盘
10:09:44,28.13,-0.01,444,1248820,卖盘
10:09:47,28.13,0.0,10,28132,卖盘
10:09:49,28.14,0.01,96,270127,买盘
10:09:53,28.13,-0.01,105,295371,卖盘
10:09:56,28.14,0.01,6,16884,买盘
10:09:59,28.14,0.0,170,478363,买盘
10:10:02,28.14,0.0,70,196935,买盘
10:10:05,28.13,-0.01,168,472606,卖盘
10:10:08,28.13,0.0,102,286915,卖盘
10:10:11,28.12,-0.01,21,59068,卖盘
10:10:14,28.13,0.01,23,64687,买盘
10:10:17,28.13,0.0,37,104052,买盘
10:10:20,28.13,0.0,83,233438,买盘
10:10:23,28.12,-0.01,32,90002,卖盘
10:10:25,28.13,0.01,339,953494,买盘
10:10:29,28.13,0.0,97,272781,买盘
10:10:31,28.12,-0.01,63,177187,卖盘
10:10:35,28.13,0.01,138,387994,买盘
10:10:37,28.12,-0.01,19,53424,买盘
10:10:41,28.11,-0.01,346,972705,卖盘
10:10:43,28.12,0.01,13,36556,买盘
10:10:47,28.12,0.0,24,67482,买盘
10:10:49,28.12,0.0,41,115287,买盘
10:10:53,28.11,-0.01,279,784353,卖盘
10:10:56,28.12,0.01,727,2043226,买盘
10:10:58,28.1,-0.02,401,1127166,卖盘
10:11:01,28.12,0.02,52,146183,中性盘
10:11:05,28.12,0.0,9,25310,中性盘
10:11:08,28.13,0.01,35,98448,买盘
10:11:11,28.11,-0.02,61,171509,卖盘
10:11:14,28.13,0.02,71,199689,买盘
10:11:16,28.12,-0.01,101,284017,卖盘
10:11:20,28.12,0.0,132,371078,买盘
10:11:23,28.13,0.01,48,134981,买盘
10:11:26,28.12,-0.01,48,134989,卖盘
10:11:29,28.13,0.01,78,219401,买盘
10:11:31,28.13,0.0,76,213767,买盘
10:11:35,28.12,-0.01,190,534281,卖盘
10:11:37,28.12,0.0,348,978366,卖盘
10:11:41,28.12,0.0,36,101234,卖盘
10:11:43,28.13,0.01,77,216601,买盘
10:11:47,28.13,0.0,17,47820,卖盘
10:11:50,28.14,0.01,7,19698,买盘
10:11:53,28.13,-0.01,90,253188,卖盘
10:11:56,28.14,0.01,690,1940003,买盘
10:11:59,28.13,-0.01,9,25325,卖盘
10:12:02,28.14,0.01,327,920022,买盘
10:12:05,28.13,-0.01,65,182869,买盘
10:12:08,28.13,0.0,106,298205,卖盘
10:12:11,28.13,0.0,100,281300,买盘
10:12:14,28.13,0.0,20,56254,买盘
10:12:16,28.12,-0.01,39,109676,卖盘
10:12:20,28.13,0.01,47,132211,买盘
10:12:23,28.13,0.0,35,98455,买盘
10:12:26,28.13,0.0,16,45002,买盘
10:12:29,28.13,0.0,16,45007,买盘
10:12:32,28.12,-0.01,50,140621,卖盘
10:12:35,28.12,0.0,75,210937,卖盘
10:12:38,28.12,0.0,147,413386,卖盘
10:12:41,28.13,0.01,82,230659,买盘
10:12:43,28.13,0.0,9,25317,买盘
10:12:47,28.13,0.0,79,222159,买盘
10:12:50,28.13,0.0,196,551391,买盘
10:12:53,28.14,0.01,25,70345,买盘
10:12:55,28.14,0.0,54,151956,买盘
10:12:58,28.14,0.0,39,109741,买盘
10:13:02,28.14,0.0,105,295468,买盘
10:13:05,28.14,0.0,111,312427,卖盘
10:13:07,28.15,0.01,426,1199016,买盘
10:13:11,28.14,-0.01,297,835987,卖盘
10:13:14,28.13,-0.01,142,398922,卖盘
10:13:16,28.16,0.03,218,613886,买盘
10:13:20,28.17,0.01,22,61955,买盘
10:13:23,28.18,0.01,139,391572,买盘
10:13:26,28.18,0.0,17,47906,买盘
10:13:29,28.14,-0.04,144,405479,卖盘
10:13:32,28.17,0.03,11,30987,买盘
10:13:34,28.16,-0.01,53,149300,卖盘
10:13:38,28.17,0.01,7,19719,买盘
10:13:41,28.17,0.0,130,366151,买盘
10:13:44,28.17,0.0,140,394311,买盘
10:13:47,28.16,-0.01,105,295684,卖盘
10:13:50,28.16,0.0,256,721097,买盘
10:13:53,28.16,0.0,9,25346,中性盘
10:13:56,28.17,0.01,23,64782,买盘
10:13:59,28.17,0.0,171,481662,买盘
10:14:02,28.15,-0.02,187,526585,卖盘
10:14:05,28.17,0.02,41,115474,买盘
10:14:08,28.17,0.0,304,856368,买盘
10:14:11,28.16,-0.01,48,135196,卖盘
10:14:14,28.17,0.01,7,19719,买盘
10:14:17,28.17,0.0,70,197151,买盘
10:14:19,28.17,0.0,36,101405,买盘
10:14:23,28.17,0.0,37,104229,买盘
10:14:26,28.17,0.0,112,315499,买盘
10:14:29,28.17,0.0,49,138023,买盘
10:14:32,28.17,0.0,20,56340,买盘
10:14:34,28.17,0.0,50,140822,买盘
10:14:38,28.17,0.0,51,143662,买盘
10:14:41,28.17,0.0,21,59157,买盘
10:14:44,28.16,-0.01,76,214078,卖盘
10:14:47,28.17,0.01,51,143667,买盘
10:14:49,28.17,0.0,89,250708,买盘
10:14:52,28.18,0.01,88,247932,买盘
10:14:55,28.18,0.0,48,135226,买盘
10:14:59,28.17,-0.01,213,599992,卖盘
10:15:02,28.18,0.01,115,324019,买盘
10:15:05,28.18,0.0,5,14087,买盘
10:15:07,28.18,0.0,138,388697,买盘
10:15:11,28.17,-0.01,92,259129,中性盘
10:15:13,28.17,0.0,84,236627,买盘
10:15:17,28.17,0.0,20,56340,买盘
10:15:20,28.17,0.0,32,90144,买盘
10:15:23,28.17,0.0,103,290107,买盘
10:15:25,28.18,0.01,126,355003,买盘
10:15:29,28.17,-0.01,74,208495,卖盘
10:15:31,28.17,0.0,66,185922,买盘
10:15:35,28.17,0.0,76,214070,买盘
10:15:38,28.17,0.0,8,22533,买盘
10:15:40,28.17,0.0,27,76041,买盘
10:15:44,28.17,0.0,168,473323,买盘
10:15:47,28.17,0.0,410,1154681,卖盘
10:15:50,28.17,0.0,54,152115,买盘
10:15:53,28.17,0.0,108,304236,买盘
10:15:56,28.17,0.0,41,115478,买盘
10:15:59,28.17,0.0,187,526793,中性盘
10:16:02,28.18,0.01,138,388849,买盘
10:16:05,28.18,0.0,213,600160,买盘
10:16:08,28.18,0.0,48,135263,买盘
10:16:11,28.17,-0.01,33,92988,卖盘
10:16:14,28.17,0.0,36,101418,卖盘
10:16:17,28.17,0.0,77,216974,卖盘
10:16:19,28.18,0.01,20,56360,买盘
10:16:23,28.18,0.0,185,521284,买盘
10:16:26,28.18,0.0,90,253583,买盘
10:16:29,28.18,0.0,63,177496,买盘
10:16:31,28.18,0.0,88,247984,买盘
10:16:35,28.18,0.0,86,242340,买盘
10:16:37,28.18,0.0,66,185964,买盘
10:16:41,28.18,0.0,46,129615,买盘
10:16:44,28.17,-0.01,305,859260,卖盘
10:16:47,28.18,0.01,251,707223,买盘
10:16:49,28.19,0.01,131,369162,买盘
10:16:52,28.18,-0.01,99,278996,中性盘
10:16:56,28.18,0.0,24,67645,卖盘
10:16:59,28.19,0.01,154,434115,买盘
10:17:02,28.18,-0.01,27,76101,卖盘
10:17:05,28.18,0.0,131,369198,卖盘
10:17:08,28.18,0.0,28,78929,卖盘
10:17:10,28.18,0.0,97,273367,卖盘
10:17:14,28.19,0.01,26,73294,买盘
10:17:17,28.18,-0.01,53,149359,卖盘
10:17:20,28.19,0.01,5,14095,买盘
10:17:23,28.18,-0.01,149,420023,卖盘
10:17:26,28.18,0.0,114,321266,卖盘
10:17:29,28.2,0.02,11,31011,买盘
10:17:32,28.2,0.0,68,191759,买盘
10:17:35,28.2,0.0,639,1801974,买盘
10:17:38,28.2,0.0,724,2041658,买盘
10:17:40,28.23,0.03,146,411951,买盘
10:17:44,28.22,-0.01,21,59269,卖盘
10:17:47,28.23,0.01,92,259739,买盘
10:17:49,28.23,0.0,71,200399,买盘
10:17:53,28.22,-0.01,360,1015515,卖盘
10:17:56,28.22,0.0,55,155210,买盘
10:17:58,28.22,0.0,81,228543,买盘
10:18:02,28.22,0.0,51,143918,买盘
10:18:05,28.21,-0.01,30,84643,卖盘
10:18:08,28.21,0.0,186,524794,卖盘
10:18:11,28.21,0.0,185,521842,买盘
10:18:14,28.2,-0.01,10,28206,卖盘
10:18:17,28.2,0.0,15,42309,卖盘
10:18:20,28.21,0.01,53,149513,买盘
10:18:22,28.2,-0.01,69,194638,卖盘
10:18:26,28.21,0.01,31,87451,买盘
10:18:29,28.21,0.0,53,149507,买盘
10:18:32,28.21,0.0,112,315952,买盘
10:18:35,28.2,-0.01,406,1144931,卖盘
10:18:38,28.21,0.01,44,124104,买盘
10:18:41,28.22,0.01,291,820938,买盘
10:18:44,28.22,0.0,110,310315,买盘
10:18:47,28.21,-0.01,70,197508,卖盘
10:18:50,28.22,0.01,25,70537,买盘
10:18:53,28.22,0.0,69,194707,买盘
10:18:56,28.22,0.0,9,25398,买盘
10:18:59,28.22,0.0,264,745019,买盘
10:19:02,28.22,0.0,90,254035,卖盘
10:19:05,28.23,0.01,20,56460,买盘
10:19:08,28.22,-0.01,52,146795,卖盘
10:19:11,28.23,0.01,50,141148,买盘
10:19:14,28.23,0.0,312,880687,买盘
10:19:17,28.22,-0.01,265,747888,卖盘
10:19:20,28.21,-0.01,1230,3470284,卖盘
10:19:23,28.22,0.01,65,183426,卖盘
10:19:26,28.22,0.0,49,138276,买盘
10:19:29,28.21,-0.01,7,19749,卖盘
10:19:31,28.22,0.01,877,2473631,买盘
10:19:35,28.21,-0.01,167,471196,中性盘
10:19:38,28.22,0.01,384,1083596,买盘
10:19:41,28.2,-0.02,130,366693,卖盘
10:19:44,28.2,0.0,142,400438,买盘
10:19:47,28.2,0.0,363,1023597,买盘
10:19:50,28.2,0.0,89,250923,买盘
10:19:53,28.2,0.0,13,36660,买盘
10:19:56,28.21,0.01,272,767030,买盘
10:19:59,28.2,-0.01,95,267961,卖盘
10:20:01,28.2,0.0,17,47946,卖盘
10:20:05,28.2,0.0,37,104368,卖盘
10:20:08,28.21,0.01,34,95910,买盘
10:20:11,28.21,0.0,43,121302,买盘
10:20:14,28.2,-0.01,117,329964,卖盘
10:20:17,28.2,0.0,91,256665,卖盘
10:20:19,28.2,0.0,71,200249,卖盘
10:20:23,28.21,0.01,228,642971,买盘
10:20:26,28.2,-0.01,151,425846,卖盘
10:20:29,28.2,0.0,113,318652,买盘
10:20:32,28.2,0.0,17,47933,买盘
10:20:35,28.19,-0.01,107,301665,卖盘
10:20:38,28.2,0.01,33,93045,买盘
10:20:40,28.2,0.0,258,727432,买盘
10:20:44,28.19,-0.01,64,180443,卖盘
10:20:46,28.19,0.0,119,335497,卖盘
10:20:50,28.2,0.01,166,468107,买盘
10:20:52,28.21,0.01,59,166393,买盘
10:20:56,28.2,-0.01,32,90244,卖盘
10:20:59,28.2,0.0,152,428769,卖盘
10:21:02,28.21,0.01,29,81794,买盘
10:21:04,28.2,-0.01,16,45128,卖盘
10:21:08,28.21,0.01,66,186149,买盘
10:21:10,28.2,-0.01,87,245343,卖盘
10:21:14,28.21,0.01,21,59227,买盘
10:21:17,28.21,0.0,30,84617,买盘
10:21:20,28.2,-0.01,15,42296,卖盘
10:21:22,28.2,0.0,37,104323,买盘
10:21:26,28.19,-0.01,47,132533,卖盘
10:21:29,28.21,0.02,287,809350,买盘
10:21:32,28.2,-0.01,121,341295,卖盘
10:21:34,28.2,0.0,208,586538,卖盘
10:21:38,28.2,0.0,117,329940,买盘
10:21:40,28.21,0.01,123,346847,买盘
10:21:44,28.2,-0.01,41,115648,中性盘
10:21:47,28.2,0.0,94,265146,卖盘
10:21:50,28.2,0.0,25,70500,买盘
10:21:52,28.2,0.0,67,188908,买盘
10:21:56,28.2,0.0,171,482162,买盘
10:21:59,28.2,0.0,54,152276,买盘
10:22:02,28.2,0.0,92,259434,买盘
10:22:05,28.19,-0.01,175,493308,卖盘
10:22:08,28.19,0.0,7,19729,买盘
10:22:11,28.18,-0.01,89,250851,卖盘
10:22:13,28.18,0.0,290,818202,卖盘
10:22:16,28.18,0.0,381,1072700,卖盘
10:22:20,28.18,0.0,6,16908,买盘
10:22:23,28.18,0.0,9,25361,买盘
10:22:25,28.17,-0.01,54,152171,卖盘
10:22:29,28.17,0.0,59,166203,卖盘
10:22:32,28.18,0.01,242,681843,买盘
10:22:34,28.16,-0.02,86,242212,卖盘
10:22:38,28.16,0.0,101,284547,卖盘
10:22:41,28.16,0.0,162,456233,卖盘
10:22:44,28.16,0.0,109,307032,卖盘
10:22:47,28.15,-0.01,179,504044,卖盘
10:22:50,28.16,0.01,2,5632,买盘
10:22:53,28.16,0.0,244,687926,买盘
10:22:56,28.16,0.0,10,28160,卖盘
10:22:58,28.15,-0.01,101,284411,卖盘
10:23:02,28.16,0.01,99,278861,买盘
10:23:05,28.16,0.0,18,50689,卖盘
10:23:07,28.18,0.02,21,59170,买盘
10:23:11,28.17,-0.01,36,101412,卖盘
10:23:14,28.18,0.01,511,1439991,买盘
10:23:17,28.16,-0.02,18,50703,卖盘
10:23:19,28.17,0.01,1,2817,买盘
10:23:23,28.17,0.0,67,188747,卖盘
10:23:26,28.17,0.0,36,101413,卖盘
10:23:29,28.18,0.01,30,84523,买盘
10:23:32,28.17,-0.01,5,14088,卖盘
10:23:35,28.19,0.02,78,219808,买盘
10:23:38,28.18,-0.01,23,64818,卖盘
10:23:41,28.19,0.01,67,188840,买盘
10:23:44,28.18,-0.01,65,183216,卖盘
10:23:47,28.19,0.01,26,73292,买盘
10:23:49,28.19,0.0,27,76107,买盘
10:23:53,28.17,-0.02,573,1614434,卖盘
10:23:56,28.17,0.0,46,129578,买盘
10:23:59,28.17,0.0,48,135208,买盘
10:24:01,28.17,0.0,68,191527,买盘
10:24:04,28.16,-0.01,69,194319,卖盘
10:24:08,28.17,0.01,38,107032,买盘
10:24:11,28.17,0.0,63,177465,买盘
10:24:14,28.18,0.01,116,326829,买盘
10:24:16,28.16,-0.02,232,653321,卖盘
10:24:19,28.17,0.01,1059,2983110,买盘
10:24:23,28.15,-0.02,547,1539676,卖盘
10:24:26,28.16,0.01,38,107019,中性盘
10:24:29,28.16,0.0,105,295726,卖盘
10:24:31,28.17,0.01,106,298532,买盘
10:24:35,28.17,0.0,63,177462,买盘
10:24:38,28.16,-0.01,44,123904,卖盘
10:24:41,28.17,0.01,104,292920,买盘
10:24:43,28.16,-0.01,8,22529,卖盘
10:24:47,28.16,0.0,27,76037,卖盘
10:24:50,28.16,0.0,112,315465,卖盘
10:24:53,28.16,0.0,18,50688,卖盘
10:24:55,28.16,0.0,81,228108,卖盘
10:24:59,28.16,0.0,132,371587,买盘
10:25:01,28.16,0.0,53,149248,买盘
10:25:05,28.15,-0.01,26,73210,卖盘
10:25:07,28.16,0.01,109,306907,买盘
10:25:11,28.16,0.0,119,335101,买盘
10:25:14,28.15,-0.01,55,154876,卖盘
10:25:17,28.15,0.0,231,650530,卖盘
10:25:20,28.16,0.01,32,90127,卖盘
10:25:22,28.16,0.0,458,1288742,卖盘
10:25:25,28.18,0.02,16,45080,买盘
10:25:29,28.17,-0.01,24,67615,卖盘
10:25:32,28.17,0.0,106,298675,卖盘
10:25:34,28.17,0.0,91,256422,卖盘
10:25:38,28.17,0.0,32,90153,卖盘
10:25:40,28.18,0.01,44,123981,买盘
10:25:44,28.18,0.0,32,90176,买盘
10:25:47,28.17,-0.01,138,388804,卖盘
10:25:50,28.17,0.0,21,59164,卖盘
10:25:53,28.18,0.01,33,92994,买盘
10:25:56,28.17,-0.01,41,115500,卖盘
10:25:59,28.18,0.01,6,16907,买盘
10:26:02,28.18,0.0,112,315590,买盘
10:26:05,28.16,-0.02,368,1036626,卖盘
10:26:08,28.17,0.01,31,87307,买盘
10:26:10,28.16,-0.01,37,104227,卖盘
10:26:14,28.17,0.01,94,264791,买盘
10:26:17,28.16,-0.01,57,160561,卖盘
10:26:19,28.17,0.01,47,132375,买盘
10:26:23,28.16,-0.01,71,199978,卖盘
10:26:26,28.17,0.01,79,222543,买盘
10:26:28,28.17,0.0,113,318321,买盘
10:26:32,28.17,0.0,71,200007,买盘
10:26:35,28.17,0.0,127,357747,买盘
10:26:37,28.17,0.0,31,87327,买盘
10:26:41,28.18,0.01,120,338049,买盘
10:26:44,28.18,0.0,63,177524,买盘
10:26:46,28.19,0.01,52,146569,买盘
10:26:50,28.19,0.0,36,101447,买盘
10:26:53,28.2,0.01,44,124019,买盘
10:26:55,28.2,0.0,14,39472,买盘
10:26:59,28.2,0.0,109,307298,买盘
10:27:02,28.19,-0.01,17,47935,卖盘
10:27:05,28.19,0.0,32,90212,卖盘
10:27:08,28.2,0.01,8,22555,买盘
10:27:11,28.2,0.0,92,259417,买盘
10:27:14,28.2,0.0,104,293280,买盘
10:27:17,28.21,0.01,127,358233,买盘
10:27:20,28.21,0.0,102,287728,买盘
10:27:23,28.21,0.0,73,205928,买盘
10:27:26,28.23,0.02,140,395064,买盘
10:27:28,28.21,-0.02,96,270879,卖盘
10:27:32,28.22,0.01,29,81837,买盘
10:27:35,28.21,-0.01,132,372503,卖盘
10:27:38,28.2,-0.01,427,1204616,卖盘
10:27:41,28.23,0.03,349,984292,买盘
10:27:44,28.19,-0.04,35,98768,卖盘
10:27:46,28.2,0.01,171,482474,买盘
10:27:50,28.19,-0.01,50,140954,卖盘
10:27:53,28.19,0.0,19,53565,卖盘
10:27:56,28.2,0.01,46,129740,卖盘
10:27:58,28.21,0.01,34,95913,买盘
10:28:02,28.21,0.0,34,95907,买盘
10:28:05,28.2,-0.01,65,183317,卖盘
10:28:08,28.21,0.01,20,56419,买盘
10:28:11,28.2,-0.01,76,214370,卖盘
10:28:14,28.21,0.01,78,220021,买盘
10:28:17,28.21,0.0,47,132587,买盘
10:28:19,28.22,0.01,108,304744,买盘
10:28:23,28.2,-0.02,52,146690,卖盘
10:28:26,28.21,0.01,20,56418,买盘
10:28:29,28.22,0.01,89,251098,买盘
10:28:32,28.21,-0.01,11,31040,卖盘
10:28:35,28.22,0.01,24,67711,买盘
10:28:38,28.21,-0.01,66,186250,卖盘
10:28:41,28.22,0.01,99,279334,买盘
10:28:44,28.22,0.0,40,112880,买盘
10:28:47,28.22,0.0,89,251144,买盘
10:28:50,28.22,0.0,48,135437,买盘
10:28:53,28.23,0.01,114,321745,买盘
10:28:56,28.22,-0.01,15,42339,卖盘
10:28:59,28.23,0.01,55,155265,买盘
10:29:02,28.22,-0.01,9,25404,卖盘
10:29:05,28.23,0.01,177,499525,买盘
10:29:08,28.23,0.0,75,211718,买盘
10:29:11,28.23,0.0,133,375440,买盘
10:29:15,28.23,0.0,57,160911,买盘
10:29:17,28.23,0.0,146,412155,买盘
10:29:20,28.23,0.0,85,239950,买盘
10:29:23,28.23,0.0,353,996409,买盘
10:29:26,28.23,0.0,193,544895,买盘
10:29:29,28.23,0.0,62,175081,卖盘
10:29:32,28.24,0.01,98,276748,买盘
10:29:34,28.24,0.0,167,471591,买盘
10:29:38,28.25,0.01,245,691979,买盘
10:29:41,28.25,0.0,43,121467,买盘
10:29:44,28.25,0.0,140,395567,买盘
10:29:47,28.25,0.0,101,285356,买盘
10:29:50,28.25,0.0,134,378552,买盘
10:29:53,28.25,0.0,24,67788,卖盘
10:29:56,28.27,0.02,153,432441,买盘
10:29:59,28.27,0.0,9,25433,买盘
10:30:03,28.27,0.0,55,155471,买盘
10:30:06,28.27,0.0,95,268519,买盘
10:30:09,28.26,-0.01,176,497541,卖盘
10:30:11,28.27,0.01,381,1076780,买盘
10:30:14,28.26,-0.01,94,265711,中性盘
10:30:17,28.26,0.0,19,53703,卖盘
10:30:21,28.25,-0.01,112,316490,卖盘
10:30:24,28.26,0.01,271,765810,买盘
10:30:26,28.26,0.0,45,127163,卖盘
10:30:28,28.24,-0.02,29,81931,卖盘
10:30:33,28.25,0.01,70,197741,买盘
10:30:35,28.25,0.0,75,211858,买盘
10:30:38,28.26,0.01,44,124296,买盘
10:30:41,28.25,-0.01,66,186458,中性盘
10:30:45,28.25,0.0,87,245801,买盘
10:30:47,28.24,-0.01,40,112985,卖盘
10:30:51,28.24,0.0,57,161044,卖盘
10:30:54,28.24,0.0,72,203388,卖盘
10:30:56,28.24,0.0,55,155325,卖盘
10:31:00,28.24,0.0,75,211805,卖盘
10:31:03,28.24,0.0,164,463244,卖盘
10:31:06,28.24,0.0,37,104490,买盘
10:31:09,28.24,0.0,138,389811,卖盘
10:31:12,28.24,0.0,97,273888,买盘
10:31:15,28.23,-0.01,48,135519,中性盘
10:31:18,28.23,0.0,37,104451,卖盘
10:31:21,28.24,0.01,386,1090056,买盘
10:31:24,28.24,0.0,29,81896,卖盘
10:31:26,28.26,0.02,30,84755,买盘
10:31:30,28.23,-0.03,115,326164,卖盘
10:31:33,28.23,0.0,23,64951,卖盘
10:31:36,28.23,0.0,2,5647,卖盘
10:31:38,28.24,0.01,53,149672,买盘
10:31:41,28.24,0.0,43,121429,买盘
10:31:45,28.23,-0.01,53,149655,卖盘
10:31:48,28.24,0.01,31,87544,买盘
10:31:51,28.24,0.0,37,104475,买盘
10:31:54,28.23,-0.01,66,186359,卖盘
10:31:57,28.23,0.0,27,76245,卖盘
10:32:00,28.23,0.0,113,319016,卖盘
10:32:02,28.23,0.0,27,76213,买盘
10:32:05,28.22,-0.01,13,36687,卖盘
10:32:09,28.22,0.0,201,567322,卖盘
10:32:11,28.22,0.0,184,517807,卖盘
10:32:15,28.22,0.0,145,409190,买盘
10:32:17,28.21,-0.01,25,70544,卖盘
10:32:21,28.22,0.01,115,324530,买盘
10:32:24,28.22,0.0,60,169270,买盘
10:32:26,28.22,0.0,128,361201,买盘
10:32:30,28.21,-0.01,63,177746,卖盘
10:32:32,28.21,0.0,700,1973254,卖盘
10:32:35,28.21,0.0,24,67704,买盘
10:32:39,28.2,-0.01,78,219980,中性盘
10:32:41,28.2,0.0,49,138141,买盘
10:32:45,28.2,0.0,49,138196,买盘
10:32:48,28.2,0.0,45,126900,卖盘
10:32:51,28.21,0.01,18,50761,买盘
10:32:53,28.21,0.0,13,36662,买盘
10:32:57,28.2,-0.01,147,414560,卖盘
10:33:00,28.2,0.0,20,56402,卖盘
10:33:02,28.21,0.01,67,188985,买盘
10:33:06,28.2,-0.01,18,50754,中性盘
10:33:09,28.21,0.01,78,219973,买盘
10:33:11,28.19,-0.02,288,811995,卖盘
10:33:15,28.19,0.0,34,95846,买盘
10:33:18,28.19,0.0,69,194511,买盘
10:33:21,28.18,-0.01,78,219879,卖盘
10:33:24,28.18,0.0,24,67632,卖盘
10:33:26,28.19,0.01,66,186054,买盘
10:33:29,28.18,-0.01,202,569292,卖盘
10:33:32,28.18,0.0,70,197281,卖盘
10:33:35,28.18,0.0,48,135265,卖盘
10:33:39,28.19,0.01,57,160683,买盘
10:33:42,28.18,-0.01,132,372107,卖盘
10:33:44,28.18,0.0,19,53552,卖盘
10:33:48,28.18,0.0,23,64814,卖盘
10:33:51,28.18,0.0,94,264930,卖盘
10:33:54,28.18,0.0,456,1284733,卖盘
10:33:57,28.18,0.0,18,50722,买盘
10:34:00,28.18,0.0,32,90147,买盘
10:34:03,28.18,0.0,50,140870,买盘
10:34:05,28.17,-0.01,59,166221,卖盘
10:34:09,28.17,0.0,7,19721,卖盘
10:34:12,28.17,0.0,50,140884,卖盘
10:34:15,28.17,0.0,33,92970,卖盘
10:34:18,28.18,0.01,241,679110,买盘
10:34:21,28.17,-0.01,183,515514,卖盘
10:34:24,28.19,0.02,54,152198,买盘
10:34:26,28.18,-0.01,35,98613,中性盘
10:34:30,28.17,-0.01,54,152161,卖盘
10:34:32,28.17,0.0,44,123990,卖盘
10:34:36,28.18,0.01,10,28180,卖盘
10:34:39,28.18,0.0,82,231102,卖盘
10:34:41,28.18,0.0,39,109902,买盘
10:34:45,28.18,0.0,31,87358,买盘
10:34:48,28.19,0.01,40,112710,买盘
10:34:50,28.18,-0.01,120,338206,中性盘
10:34:53,28.18,0.0,124,349313,卖盘
10:34:57,28.18,0.0,271,763465,卖盘
10:35:00,28.18,0.0,85,239510,卖盘
10:35:03,28.18,0.0,20,56360,买盘
10:35:06,28.18,0.0,33,92994,买盘
10:35:09,28.17,-0.01,8,22536,卖盘
10:35:11,28.17,0.0,41,115522,卖盘
10:35:15,28.18,0.01,345,971495,买盘
10:35:18,28.18,0.0,32,90176,买盘
10:35:21,28.18,0.0,13,36634,卖盘
10:35:24,28.18,0.0,146,411424,卖盘
10:35:27,28.17,-0.01,1,2817,卖盘
10:35:30,28.18,0.01,29,81722,买盘
10:35:33,28.18,0.0,8,22544,买盘
10:35:36,28.18,0.0,8,22538,买盘
10:35:39,28.18,0.0,29,81722,买盘
10:35:42,28.18,0.0,177,498787,买盘
10:35:45,28.17,-0.01,58,163438,卖盘
10:35:48,28.18,0.01,105,295905,买盘
10:35:51,28.18,0.0,30,84540,卖盘
10:35:54,28.18,0.0,51,143745,买盘
10:35:57,28.17,-0.01,230,647975,卖盘
10:35:59,28.17,0.0,29,81699,卖盘
10:36:03,28.18,0.01,27,76094,买盘
10:36:06,28.2,0.02,36,101478,买盘
10:36:08,28.18,-0.02,11,30992,买盘
10:36:12,28.18,0.0,162,456415,买盘
10:36:15,28.18,0.0,119,335356,买盘
10:36:18,28.18,0.0,50,140978,卖盘
10:36:21,28.18,0.0,75,211463,卖盘
10:36:24,28.2,0.02,46,129634,中性盘
10:36:27,28.21,0.01,15,42305,买盘
10:36:30,28.2,-0.01,56,157945,中性盘
10:36:33,28.19,-0.01,19,53578,卖盘
10:36:36,28.19,0.0,13,36652,卖盘
10:36:39,28.18,-0.01,34,95867,卖盘
10:36:42,28.18,0.0,38,107141,卖盘
10:36:44,28.19,0.01,18,50742,买盘
10:36:48,28.19,0.0,4,11276,买盘
10:36:51,28.19,0.0,25,70465,买盘
10:36:54,28.19,0.0,17,47917,买盘
10:36:57,28.18,-0.01,45,126818,卖盘
10:37:00,28.18,0.0,43,121212,卖盘
10:37:03,28.18,0.0,45,126837,卖盘
10:37:06,28.19,0.01,28,78932,买盘
10:37:09,28.2,0.01,101,284772,买盘
10:37:12,28.2,0.0,81,228420,买盘
10:37:15,28.2,0.0,32,90234,买盘
10:37:18,28.2,0.0,8,22560,买盘
10:37:21,28.19,-0.01,11,31017,卖盘
10:37:24,28.2,0.01,40,112770,买盘
10:37:27,28.19,-0.01,36,101501,卖盘
10:37:30,28.21,0.02,92,259497,买盘
10:37:33,28.21,0.0,18,50766,买盘
10:37:36,28.19,-0.02,31,87417,卖盘
10:37:39,28.2,0.01,55,155134,卖盘
10:37:42,28.21,0.01,44,124114,买盘
10:37:44,28.21,0.0,6,16926,买盘
10:37:48,28.2,-0.01,94,265080,卖盘
10:37:51,28.21,0.01,272,767168,买盘
10:37:53,28.19,-0.02,30,84584,卖盘
10:37:57,28.21,0.02,76,214386,买盘
10:38:00,28.19,-0.02,56,157892,卖盘
10:38:03,28.2,0.01,18,50746,买盘
10:38:05,28.19,-0.01,27,75791,卖盘
10:38:09,28.2,0.01,54,152280,买盘
10:38:12,28.19,-0.01,140,396467,卖盘
10:38:15,28.19,0.0,89,250480,卖盘
10:38:18,28.18,-0.01,44,124519,卖盘
10:38:20,28.18,0.0,6,15218,卖盘
10:38:24,28.19,0.01,26,73280,买盘
10:38:26,28.18,-0.01,13,36384,卖盘
10:38:30,28.19,0.01,17,47923,买盘
10:38:33,28.19,0.0,29,82741,买盘
10:38:36,28.2,0.01,28,78939,买盘
10:38:39,28.2,0.0,25,70500,买盘
10:38:42,28.2,0.0,33,94204,买盘
10:38:45,28.2,0.0,19,52159,买盘
10:38:48,28.2,0.0,31,88874,买盘
10:38:51,28.19,-0.01,22,61036,卖盘
10:38:53,28.2,0.01,233,656831,买盘
10:38:57,28.17,-0.03,617,1738255,卖盘
10:39:00,28.17,0.0,94,264911,卖盘
10:39:03,28.17,0.0,67,189441,卖盘
10:39:05,28.17,0.0,200,564326,卖盘
10:39:09,28.17,0.0,47,132389,买盘
10:39:12,28.17,0.0,179,502422,买盘
10:39:14,28.16,-0.01,30,84647,卖盘
10:39:18,28.17,0.01,25,70189,买盘
10:39:21,28.16,-0.01,21,58926,卖盘
10:39:24,28.17,0.01,37,104229,买盘
10:39:27,28.16,-0.01,23,66868,卖盘
10:39:30,28.17,0.01,36,100887,买盘
10:39:33,28.16,-0.01,26,73238,卖盘
10:39:36,28.17,0.01,25,70417,买盘
10:39:39,28.16,-0.01,71,200014,卖盘
10:39:42,28.17,0.01,53,149289,买盘
10:39:44,28.17,0.0,105,295754,买盘
10:39:47,28.17,0.0,51,143651,买盘
10:39:51,28.17,0.0,73,205574,买盘
10:39:54,28.17,0.0,94,264793,买盘
10:39:57,28.16,-0.01,327,920894,卖盘
10:39:59,28.16,0.0,113,317079,卖盘
10:40:03,28.17,0.01,140,394317,买盘
10:40:06,28.17,0.0,41,115512,买盘
10:40:09,28.17,0.0,31,89246,卖盘
10:40:12,28.17,0.0,70,196798,卖盘
10:40:15,28.17,0.0,26,73359,卖盘
10:40:18,28.17,0.0,35,98259,卖盘
10:40:21,28.16,-0.01,17,47946,卖盘
10:40:23,28.17,0.01,6,16899,买盘
10:40:27,28.17,0.0,57,160798,买盘
10:40:30,28.16,-0.01,221,621157,卖盘
10:40:33,28.17,0.01,39,109570,买盘
10:40:36,28.17,0.0,209,589141,买盘
10:40:39,28.17,0.0,76,214087,买盘
10:40:41,28.17,0.0,75,211242,买盘
10:40:45,28.16,-0.01,142,399913,卖盘
10:40:47,28.17,0.01,8,22534,买盘
10:40:51,28.18,0.01,81,229693,买盘
10:40:54,28.18,0.0,15,42264,买盘
10:40:57,28.17,-0.01,62,174661,卖盘
10:41:00,28.17,0.0,192,540208,卖盘
10:41:03,28.18,0.01,13,36625,买盘
10:41:06,28.16,-0.02,226,637404,卖盘
10:41:09,28.17,0.01,39,109853,买盘
10:41:12,28.17,0.0,77,216687,卖盘
10:41:15,28.18,0.01,3,8454,买盘
10:41:17,28.17,-0.01,210,591387,卖盘
10:41:20,28.17,0.0,44,123981,卖盘
10:41:23,28.18,0.01,16,45081,买盘
10:41:26,28.17,-0.01,38,107093,卖盘
10:41:30,28.18,0.01,74,208553,买盘
10:41:33,28.17,-0.01,72,202895,卖盘
10:41:36,28.17,0.0,32,90139,卖盘
10:41:39,28.18,0.01,168,471542,买盘
10:41:41,28.17,-0.01,185,521305,中性盘
10:41:45,28.17,0.0,30,84539,卖盘
10:41:48,28.18,0.01,34,95812,买盘
10:41:51,28.18,0.0,87,245159,买盘
10:41:54,28.18,0.0,48,135264,卖盘
10:41:57,28.17,-0.01,55,154980,卖盘
10:42:00,28.17,0.0,13,36631,卖盘
10:42:03,28.17,0.0,50,140838,卖盘
10:42:05,28.17,0.0,130,366118,买盘
10:42:08,28.17,0.0,23,64791,买盘
10:42:12,28.17,0.0,75,211275,买盘
10:42:14,28.17,0.0,69,194366,买盘
10:42:17,28.17,0.0,10,28174,卖盘
10:42:21,28.17,0.0,42,118314,卖盘
10:42:24,28.17,0.0,207,582918,买盘
10:42:27,28.17,0.0,44,123948,买盘
10:42:30,28.16,-0.01,30,84481,卖盘
10:42:33,28.17,0.01,84,236552,买盘
10:42:36,28.17,0.0,387,1089525,买盘
10:42:38,28.16,-0.01,21,59139,卖盘
10:42:42,28.16,0.0,71,199936,买盘
10:42:45,28.16,0.0,392,1104467,买盘
10:42:47,28.16,0.0,204,574355,买盘
10:42:51,28.15,-0.01,27,76031,卖盘
10:42:53,28.16,0.01,31,87296,买盘
10:42:57,28.16,0.0,40,112627,买盘
10:43:00,28.15,-0.01,66,185812,卖盘
10:43:02,28.15,0.0,104,292764,卖盘
10:43:05,28.15,0.0,90,253360,卖盘
10:43:09,28.15,0.0,184,517968,卖盘
10:43:11,28.15,0.0,228,642624,卖盘
10:43:15,28.15,0.0,103,289590,买盘
10:43:18,28.14,-0.01,5,14635,卖盘
10:43:21,28.14,0.0,54,151992,卖盘
10:43:24,28.15,0.01,1,2815,买盘
10:43:27,28.14,-0.01,169,474873,卖盘
10:43:30,28.14,0.0,48,135310,卖盘
10:43:33,28.14,0.0,19,51637,卖盘
10:43:36,28.14,0.0,43,122104,卖盘
10:43:38,28.14,0.0,23,64722,买盘
10:43:42,28.14,0.0,250,703927,买盘
10:43:45,28.14,0.0,117,327681,买盘
10:43:47,28.14,0.0,169,475516,买盘
10:43:51,28.14,0.0,52,146322,买盘
10:43:54,28.13,-0.01,95,267281,卖盘
10:43:57,28.12,-0.01,271,764021,卖盘
10:44:00,28.13,0.01,63,175946,买盘
10:44:03,28.12,-0.01,9,24606,卖盘
10:44:05,28.13,0.01,58,164539,买盘
10:44:09,28.12,-0.01,146,410158,卖盘
10:44:12,28.12,0.0,113,317468,买盘
10:44:15,28.11,-0.01,59,166563,卖盘
10:44:18,28.11,0.0,67,189112,卖盘
10:44:21,28.11,0.0,102,286393,卖盘
10:44:24,28.11,0.0,42,117283,卖盘
10:44:27,28.11,0.0,114,320739,卖盘
10:44:30,28.11,0.0,89,250436,卖盘
10:44:33,28.12,0.01,469,1318823,买盘
10:44:35,28.13,0.01,79,222547,买盘
10:44:39,28.12,-0.01,115,323389,卖盘
10:44:42,28.13,0.01,81,227801,买盘
10:44:45,28.12,-0.01,219,615962,卖盘
10:44:48,28.12,0.0,9,25309,卖盘
10:44:50,28.12,0.0,36,101234,卖盘
10:44:54,28.13,0.01,89,250357,买盘
10:44:57,28.12,-0.01,105,295315,卖盘
10:45:00,28.13,0.01,233,655202,买盘
10:45:03,28.13,0.0,146,410610,买盘
10:45:06,28.13,0.0,70,196859,卖盘
10:45:09,28.13,0.0,31,87203,买盘
10:45:12,28.14,0.01,51,143463,买盘
10:45:15,28.13,-0.01,36,101296,卖盘
10:45:18,28.12,-0.01,13,36171,卖盘
10:45:20,28.13,0.01,38,106865,买盘
10:45:23,28.13,0.0,33,93697,卖盘
10:45:27,28.13,0.0,10,28130,卖盘
10:45:29,28.14,0.01,151,424231,买盘
10:45:33,28.13,-0.01,29,81268,卖盘
10:45:36,28.13,0.0,273,768356,卖盘
10:45:39,28.14,0.01,36,99597,买盘
10:45:42,28.14,0.0,712,2003511,买盘
10:45:45,28.14,0.0,137,385507,买盘
10:45:48,28.13,-0.01,20,57469,卖盘
10:45:51,28.13,0.0,127,357286,卖盘
10:45:54,28.13,0.0,92,258825,卖盘
10:45:56,28.14,0.01,13,36578,买盘
10:46:00,28.13,-0.01,51,143465,卖盘
10:46:03,28.14,0.01,104,292575,买盘
10:46:06,28.14,0.0,275,773144,买盘
10:46:09,28.12,-0.02,83,233011,卖盘
10:46:12,28.13,0.01,597,1679275,买盘
10:46:14,28.11,-0.02,51,143709,卖盘
10:46:17,28.11,0.0,57,161432,卖盘
10:46:20,28.12,0.01,145,405617,买盘
10:46:23,28.12,0.0,29,81876,买盘
10:46:27,28.11,-0.01,196,550549,卖盘
10:46:30,28.11,0.0,345,970859,卖盘
10:46:33,28.11,0.0,250,703778,卖盘
10:46:36,28.11,0.0,108,302892,卖盘
10:46:39,28.12,0.01,23,64664,买盘
10:46:42,28.11,-0.01,603,1696497,卖盘
10:46:45,28.11,0.0,359,1007164,卖盘
10:46:47,28.11,0.0,31,88555,买盘
10:46:50,28.11,0.0,142,397445,买盘
10:46:53,28.11,0.0,30,84755,卖盘
10:46:56,28.11,0.0,217,610530,卖盘
10:46:59,28.11,0.0,553,1554483,买盘
10:47:03,28.11,0.0,65,181981,买盘
10:47:06,28.1,-0.01,459,1289266,卖盘
10:47:09,28.11,0.01,138,387837,买盘
10:47:12,28.11,0.0,312,876739,买盘
10:47:15,28.11,0.0,37,105413,买盘
10:47:17,28.11,0.0,64,180544,买盘
10:47:20,28.1,-0.01,297,832929,卖盘
10:47:24,28.1,0.0,151,425971,卖盘
10:47:27,28.1,0.0,748,2100817,卖盘
10:47:30,28.09,-0.01,126,352831,卖盘
10:47:33,28.09,0.0,147,415609,卖盘
10:47:35,28.09,0.0,103,286838,卖盘
10:47:39,28.09,0.0,88,248231,卖盘
10:47:41,28.09,0.0,130,365223,买盘
10:47:45,28.09,0.0,177,497080,买盘
10:47:48,28.1,0.01,105,296145,买盘
10:47:50,28.09,-0.01,47,130649,中性盘
10:47:54,28.09,0.0,14,39426,卖盘
10:47:57,28.09,0.0,25,69812,卖盘
10:48:00,28.09,0.0,88,246650,卖盘
10:48:02,28.09,0.0,56,157501,买盘
10:48:06,28.08,-0.01,99,279095,卖盘
10:48:08,28.1,0.02,138,387405,买盘
10:48:11,28.09,-0.01,93,260264,中性盘
10:48:15,28.09,0.0,143,401687,买盘
10:48:18,28.09,0.0,74,207828,买盘
10:48:20,28.08,-0.01,45,126412,卖盘
10:48:23,28.09,0.01,28,78661,买盘
10:48:27,28.08,-0.01,12,33704,卖盘
10:48:30,28.09,0.01,200,561647,买盘
10:48:32,28.09,0.0,14,40083,买盘
10:48:35,28.09,0.0,46,129206,买盘
10:48:39,28.08,-0.01,164,460649,卖盘
10:48:42,28.09,0.01,56,157302,买盘
10:48:45,28.08,-0.01,335,941113,卖盘
10:48:47,28.08,0.0,82,231667,卖盘
10:48:50,28.08,0.0,100,280886,卖盘
10:48:52,28.08,0.0,37,103912,卖盘
10:48:55,28.08,0.0,80,224649,卖盘
10:49:00,28.09,0.01,101,283634,买盘
10:49:03,28.09,0.0,18,50553,买盘
10:49:05,28.08,-0.01,217,609338,卖盘
10:49:08,28.09,0.01,45,126372,买盘
10:49:11,28.08,-0.01,57,160076,卖盘
10:49:14,28.08,0.0,75,208084,卖盘
10:49:18,28.08,0.0,73,207644,卖盘
10:49:18,28.08,0.0,11,28671,卖盘
10:49:23,28.09,0.01,44,123580,买盘
10:49:26,28.08,-0.01,66,185576,卖盘
10:49:29,28.09,0.01,27,75843,买盘
10:49:33,28.08,-0.01,9,25276,卖盘
10:49:36,28.09,0.01,65,182560,买盘
10:49:38,28.09,0.0,170,477524,买盘
10:49:42,28.09,0.0,100,280849,买盘
10:49:45,28.08,-0.01,50,140438,卖盘
10:49:47,28.08,0.0,12,33699,卖盘
10:49:50,28.09,0.01,16,44938,买盘
10:49:54,28.09,0.0,40,112329,买盘
10:49:56,28.08,-0.01,8,22466,卖盘
10:50:00,28.08,0.0,6,16852,卖盘
10:50:02,28.09,0.01,16,44938,买盘
10:50:05,28.08,-0.01,21,58970,卖盘
10:50:08,28.09,0.01,97,272416,买盘
10:50:11,28.09,0.0,94,263981,买盘
10:50:14,28.09,0.0,32,89888,买盘
10:50:18,28.09,0.0,21,58989,买盘
10:50:20,28.08,-0.01,68,192303,卖盘
10:50:23,28.09,0.01,58,162922,买盘
10:50:26,28.09,0.0,10,26207,买盘
10:50:29,28.09,0.0,62,174151,买盘
10:50:33,28.08,-0.01,24,68083,卖盘
10:50:35,28.08,0.0,164,460666,卖盘
10:50:38,28.09,0.01,37,103933,买盘
10:50:41,28.09,0.0,197,553326,买盘
10:50:44,28.09,0.0,17,47753,买盘
10:50:47,28.1,0.01,60,168555,买盘
10:50:48,28.1,0.0,6,16860,买盘
10:50:53,28.09,-0.01,7,19663,卖盘
10:50:59,28.1,0.01,10,28096,买盘
10:51:02,28.09,-0.01,34,95507,卖盘
10:51:05,28.1,0.01,44,123622,买盘
10:51:08,28.1,0.0,23,64630,买盘
10:51:11,28.1,0.0,159,446740,买盘
10:51:14,28.1,0.0,148,416693,买盘
10:51:17,28.11,0.01,104,292290,买盘
10:51:23,28.11,0.0,28,78708,买盘
10:51:26,28.11,0.0,45,126482,买盘
10:51:29,28.11,0.0,71,199577,买盘
10:51:33,28.11,0.0,611,1717519,买盘
10:51:35,28.1,-0.01,155,435646,卖盘
10:51:38,28.1,0.0,157,441285,卖盘
10:51:41,28.11,0.01,86,241715,买盘
10:51:43,28.11,0.0,137,385010,买盘
10:51:47,28.11,0.0,58,162987,买盘
10:51:50,28.11,0.0,44,122667,买盘
10:51:57,28.11,0.0,15,42157,买盘
10:52:00,28.1,-0.01,469,1317909,卖盘
10:52:05,28.1,0.0,41,114889,卖盘
10:52:09,28.1,0.0,65,182678,卖盘
10:52:12,28.11,0.01,59,167140,买盘
10:52:13,28.1,-0.01,104,293156,卖盘
10:52:17,28.1,0.0,50,140754,卖盘
10:52:20,28.1,0.0,37,101721,卖盘
10:52:23,28.11,0.01,86,241690,买盘
10:52:26,28.1,-0.01,23,64637,卖盘
10:52:29,28.11,0.01,84,236062,买盘
10:52:32,28.11,0.0,271,761676,买盘
10:52:35,28.1,-0.01,213,598707,卖盘
10:52:36,28.1,0.0,14,39348,卖盘
10:52:40,28.1,0.0,63,177085,卖盘
10:52:44,28.11,0.01,18,50590,买盘
10:52:47,28.1,-0.01,150,421504,卖盘
10:52:48,28.11,0.01,69,193951,买盘
10:52:53,28.11,0.0,122,342923,买盘
10:52:56,28.1,-0.01,44,123650,卖盘
10:52:59,28.1,0.0,19,53407,卖盘
10:53:02,28.1,0.0,139,390720,卖盘
10:53:05,28.1,0.0,11,30911,卖盘
10:53:08,28.11,0.01,41,115249,买盘
10:53:10,28.11,0.0,117,328827,买盘
10:53:14,28.1,-0.01,33,92730,卖盘
10:53:17,28.11,0.01,167,469437,买盘
10:53:20,28.11,0.0,1,2811,买盘
10:53:23,28.11,0.0,30,84302,买盘
10:53:26,28.11,0.0,22,61835,买盘
10:53:29,28.11,0.0,104,292340,买盘
10:53:32,28.11,0.0,49,137734,买盘
10:53:35,28.1,-0.01,27,75887,卖盘
10:53:36,28.11,0.01,78,219250,买盘
10:53:41,28.11,0.0,339,953375,买盘
10:53:45,28.11,0.0,24,67461,买盘
10:53:45,28.1,-0.01,86,241708,卖盘
10:53:50,28.11,0.01,104,292343,买盘
10:53:53,28.11,0.0,18,50581,买盘
10:53:55,28.11,0.0,9,25299,买盘
10:53:59,28.1,-0.01,18,51011,卖盘
10:54:02,28.11,0.01,142,399155,买盘
10:54:05,28.11,0.0,280,787072,买盘
10:54:08,28.11,0.0,9,25296,买盘
10:54:11,28.11,0.0,70,196762,买盘
10:54:14,28.1,-0.01,108,303482,卖盘
10:54:17,28.11,0.01,64,179864,买盘
10:54:20,28.1,-0.01,29,81512,卖盘
10:54:23,28.11,0.01,18,50598,买盘
10:54:25,28.1,-0.01,23,64636,卖盘
10:54:29,28.11,0.01,57,160224,买盘
10:54:32,28.11,0.0,150,421638,买盘
10:54:35,28.11,0.0,141,396224,买盘
10:54:38,28.11,0.0,21,59024,买盘
10:54:41,28.11,0.0,14,39354,买盘
10:54:44,28.11,0.0,33,92756,买盘
10:54:45,28.11,0.0,71,199536,买盘
10:54:50,28.1,-0.01,52,146155,卖盘
10:54:53,28.1,0.0,96,269849,卖盘
10:54:56,28.11,0.01,20,56220,买盘
10:54:59,28.11,0.0,106,297916,买盘
10:55:02,28.11,0.0,13,36542,买盘
10:55:05,28.11,0.0,47,132123,卖盘
10:55:10,28.12,0.01,86,241770,买盘
10:55:13,28.12,0.0,1,2812,买盘
10:55:16,28.12,0.0,49,137746,买盘
10:55:20,28.12,0.0,20,56240,买盘
10:55:23,28.12,0.0,16,44988,买盘
10:55:26,28.11,-0.01,137,385206,卖盘
10:55:29,28.12,0.01,33,92769,买盘
10:55:32,28.11,-0.01,50,140595,卖盘
10:55:35,28.12,0.01,29,81521,买盘
10:55:38,28.12,0.0,18,50606,买盘
10:55:41,28.12,0.0,25,70300,买盘
10:55:44,28.12,0.0,48,134976,买盘
10:55:47,28.12,0.0,30,84360,买盘
10:55:50,28.12,0.0,11,30924,买盘
10:55:53,28.11,-0.01,31,87142,卖盘
10:55:56,28.11,0.0,8,22495,卖盘
10:55:59,28.12,0.01,28,78729,买盘
10:56:02,28.11,-0.01,27,76403,卖盘
10:56:06,28.13,0.02,1212,3408152,买盘
10:56:08,28.13,0.0,81,227796,买盘
10:56:11,28.12,-0.01,56,157494,卖盘
10:56:14,28.12,0.0,3,8437,卖盘
10:56:17,28.13,0.01,36,101242,买盘
10:56:18,28.13,0.0,29,81577,买盘
10:56:22,28.13,0.0,373,1049167,买盘
10:56:26,28.13,0.0,59,165967,买盘
10:56:30,28.13,0.0,125,351625,买盘
10:56:32,28.14,0.01,29,81601,买盘
10:56:34,28.14,0.0,92,258798,买盘
10:56:38,28.14,0.0,62,174467,买盘
10:56:41,28.15,0.01,164,461416,买盘
10:56:42,28.14,-0.01,78,219545,卖盘
10:56:46,28.13,-0.01,49,137912,卖盘
10:56:50,28.14,0.01,9,25334,中性盘
10:56:53,28.15,0.01,1,2815,买盘
10:56:56,28.15,0.0,92,258911,买盘
10:56:59,28.14,-0.01,42,118268,卖盘
10:57:02,28.14,0.0,15,42210,卖盘
10:57:05,28.15,0.01,18,50670,买盘
10:57:08,28.15,0.0,19,53477,买盘
10:57:11,28.15,0.0,106,298389,买盘
10:57:12,28.16,0.01,43,121071,买盘
10:57:17,28.15,-0.01,20,56305,卖盘
10:57:18,28.16,0.01,68,191469,买盘
10:57:23,28.16,0.0,185,520920,买盘
10:57:26,28.16,0.0,53,149246,买盘
10:57:28,28.16,0.0,68,191458,买盘
10:57:32,28.16,0.0,93,261883,买盘
10:57:35,28.16,0.0,276,777783,买盘
10:57:38,28.16,0.0,24,67604,卖盘
10:57:40,28.16,0.0,101,284544,卖盘
10:57:44,28.18,0.02,35,98620,买盘
10:57:46,28.18,0.0,149,419836,买盘
10:57:50,28.18,0.0,19,53545,卖盘
10:57:53,28.17,-0.01,321,903457,卖盘
10:57:56,28.17,0.0,70,196994,卖盘
10:57:59,28.18,0.01,153,431065,买盘
10:58:02,28.18,0.0,330,930595,买盘
10:58:05,28.16,-0.02,405,1140341,卖盘
10:58:08,28.17,0.01,110,309820,买盘
10:58:10,28.16,-0.01,204,576352,卖盘
10:58:14,28.16,0.0,64,178738,卖盘
10:58:17,28.16,0.0,50,140812,买盘
10:58:20,28.17,0.01,51,143614,买盘
10:58:23,28.16,-0.01,149,419581,卖盘
10:58:26,28.16,0.0,120,337341,买盘
10:58:29,28.16,0.0,292,823321,卖盘
10:58:32,28.16,0.0,52,146466,卖盘
10:58:35,28.16,0.0,18,50688,卖盘
10:58:38,28.17,0.01,22,61974,买盘
10:58:41,28.17,0.0,268,754929,买盘
10:58:44,28.17,0.0,23,64791,卖盘
10:58:47,28.17,0.0,231,650642,买盘
10:58:50,28.17,0.0,10,28170,买盘
10:58:53,28.17,0.0,40,112664,买盘
10:58:56,28.16,-0.01,60,169019,卖盘
10:59:02,28.17,0.01,38,107061,中性盘
10:59:05,28.18,0.01,36,101420,买盘
10:59:08,28.17,-0.01,15,42259,卖盘
10:59:11,28.17,0.0,38,107076,卖盘
10:59:14,28.17,0.0,21,59171,卖盘
10:59:17,28.18,0.01,197,555142,买盘
10:59:20,28.18,0.0,90,253614,买盘
10:59:23,28.19,0.01,52,146518,买盘
10:59:25,28.18,-0.01,30,84563,中性盘
10:59:29,28.17,-0.01,53,149351,卖盘
10:59:32,28.18,0.01,8,22548,中性盘
10:59:34,28.18,0.0,26,73271,卖盘
10:59:38,28.19,0.01,70,198627,买盘
10:59:40,28.19,0.0,50,140904,买盘
10:59:44,28.19,0.0,41,115563,买盘
10:59:46,28.18,-0.01,13,36641,卖盘
10:59:50,28.18,0.0,12,33819,卖盘
10:59:53,28.18,0.0,54,152176,中性盘
10:59:56,28.18,0.0,57,160636,买盘
10:59:59,28.18,0.0,65,183162,买盘
11:00:01,28.17,-0.01,217,611596,卖盘
11:00:05,28.18,0.01,43,121145,买盘
11:00:08,28.18,0.0,79,222623,买盘
11:00:11,28.2,0.02,39,109959,买盘
11:00:14,28.18,-0.02,12,33592,卖盘
11:00:16,28.2,0.02,114,321423,买盘
11:00:20,28.19,-0.01,151,425660,中性盘
11:00:23,28.19,0.0,25,70454,买盘
11:00:25,28.18,-0.01,12,33819,卖盘
11:00:28,28.19,0.01,35,98662,买盘
11:00:32,28.18,-0.01,56,157849,卖盘
11:00:35,28.18,0.0,35,98630,卖盘
11:00:38,28.18,0.0,73,205760,卖盘
11:00:41,28.19,0.01,184,518563,买盘
11:00:44,28.19,0.0,137,386112,买盘
11:00:47,28.17,-0.02,169,475012,卖盘
11:00:49,28.18,0.01,72,202971,买盘
11:00:52,28.17,-0.01,69,195167,卖盘
11:00:56,28.16,-0.01,77,215318,卖盘
11:00:59,28.16,0.0,63,179551,卖盘
11:01:02,28.17,0.01,26,71427,买盘
11:01:05,28.17,0.0,73,206324,买盘
11:01:08,28.16,-0.01,51,143656,卖盘
11:01:11,28.17,0.01,279,785943,买盘
11:01:14,28.17,0.0,89,250713,买盘
11:01:16,28.17,0.0,87,245057,买盘
11:01:20,28.17,0.0,19,53517,买盘
11:01:23,28.17,0.0,28,78875,买盘
11:01:26,28.17,0.0,27,76033,买盘
11:01:29,28.17,0.0,14,39438,买盘
11:01:32,28.17,0.0,80,225352,买盘
11:01:35,28.17,0.0,74,208458,买盘
11:01:37,28.17,0.0,7,19719,卖盘
11:01:40,28.17,0.0,61,171860,卖盘
11:01:43,28.18,0.01,16,45075,买盘
11:01:47,28.18,0.0,649,1828882,买盘
11:01:50,28.17,-0.01,52,147556,卖盘
11:01:53,28.18,0.01,78,219791,买盘
11:01:56,28.17,-0.01,10,28170,卖盘
11:01:59,28.18,0.01,46,129628,买盘
11:02:02,28.18,0.0,546,1539335,买盘
11:02:04,28.18,0.0,26,73290,卖盘
11:02:08,28.17,-0.01,85,239573,卖盘
11:02:11,28.2,0.03,70,197396,卖盘
11:02:14,28.2,0.0,133,375057,买盘
11:02:16,28.18,-0.02,67,187626,卖盘
11:02:19,28.2,0.02,91,256612,买盘
11:02:23,28.18,-0.02,221,622821,卖盘
11:02:26,28.2,0.02,135,380636,买盘
11:02:28,28.18,-0.02,71,199010,卖盘
11:02:32,28.19,0.01,121,341030,买盘
11:02:35,28.17,-0.02,183,516939,卖盘
11:02:38,28.19,0.02,37,104291,买盘
11:02:41,28.19,0.0,85,239272,买盘
11:02:44,28.19,0.0,14,39458,买盘
11:02:47,28.18,-0.01,15,42272,卖盘
11:02:49,28.19,0.01,32,90204,买盘
11:02:52,28.19,0.0,183,515877,买盘
11:02:56,28.19,0.0,16,46711,卖盘
11:02:59,28.2,0.01,81,227013,买盘
11:03:01,28.19,-0.01,5,15562,卖盘
11:03:05,28.2,0.01,84,234995,买盘
11:03:08,28.2,0.0,63,177616,买盘
11:03:11,28.2,0.0,244,688975,买盘
11:03:14,28.2,0.0,98,277036,买盘
11:03:17,28.19,-0.01,45,126855,卖盘
11:03:19,28.2,0.01,107,301686,买盘
11:03:22,28.19,-0.01,71,200176,中性盘
11:03:25,28.19,0.0,3,8457,买盘
11:03:29,28.19,0.0,53,149388,买盘
11:03:32,28.18,-0.01,102,285026,卖盘
11:03:34,28.18,0.0,14,41007,卖盘
11:03:38,28.19,0.01,33,91947,买盘
11:03:40,28.19,0.0,24,68046,买盘
11:03:44,28.19,0.0,64,180689,买盘
11:03:47,28.18,-0.01,16,44196,卖盘
11:03:50,28.19,0.01,73,205770,买盘
11:03:53,28.18,-0.01,14,39462,卖盘
11:03:56,28.19,0.01,31,87382,买盘
11:03:59,28.19,0.0,75,211425,买盘
11:04:02,28.19,0.0,24,67653,买盘
11:04:05,28.18,-0.01,56,157849,卖盘
11:04:08,28.19,0.01,15,42285,买盘
11:04:10,28.19,0.0,132,372108,买盘
11:04:14,28.19,0.0,36,101474,卖盘
11:04:17,28.18,-0.01,59,166311,卖盘
11:04:19,28.19,0.01,33,93027,买盘
11:04:23,28.2,0.01,54,152228,买盘
11:04:26,28.19,-0.01,15,42287,卖盘
11:04:29,28.2,0.01,80,225571,买盘
11:04:32,28.2,0.0,39,109962,买盘
11:04:34,28.19,-0.01,193,544067,卖盘
11:04:37,28.19,0.0,34,95843,买盘
11:04:40,28.19,0.0,117,331094,买盘
11:04:44,28.19,0.0,21,59583,买盘
11:04:47,28.18,-0.01,306,861587,卖盘
11:04:50,28.18,0.0,245,691175,卖盘
11:04:53,28.18,0.0,23,64824,卖盘
11:04:56,28.18,0.0,230,648140,卖盘
11:04:59,28.19,0.01,142,400445,买盘
11:05:02,28.18,-0.01,43,121329,卖盘
11:05:05,28.18,0.0,631,1778787,卖盘
11:05:08,28.19,0.01,177,498920,买盘
11:05:11,28.18,-0.01,370,1042711,卖盘
11:05:14,28.18,0.0,98,276189,卖盘
11:05:17,28.18,0.0,117,328586,卖盘
11:05:19,28.17,-0.01,20,58039,卖盘
11:05:23,28.18,0.01,12,33806,买盘
11:05:26,28.17,-0.01,43,120934,卖盘
11:05:29,28.17,0.0,329,925159,卖盘
11:05:32,28.16,-0.01,222,626475,卖盘
11:05:35,28.18,0.02,186,523862,买盘
11:05:38,28.16,-0.02,64,178372,卖盘
11:05:41,28.16,0.0,323,911378,卖盘
11:05:44,28.16,0.0,273,766709,买盘
11:05:47,28.13,-0.03,157,443681,卖盘
11:05:50,28.13,0.0,167,468554,卖盘
11:05:53,28.13,0.0,64,180146,卖盘
11:05:56,28.14,0.01,44,123051,买盘
11:05:59,28.14,0.0,5,16037,买盘
11:06:02,28.13,-0.01,95,265443,卖盘
11:06:05,28.14,0.01,76,214244,买盘
11:06:08,28.14,0.0,37,104643,买盘
11:06:11,28.13,-0.01,308,867355,卖盘
11:06:14,28.12,-0.01,105,293911,卖盘
11:06:17,28.14,0.02,58,163162,买盘
11:06:20,28.13,-0.01,95,267305,卖盘
11:06:23,28.14,0.01,27,75973,买盘
11:06:29,28.13,-0.01,56,157529,卖盘
11:06:32,28.14,0.01,7,19697,买盘
11:06:34,28.13,-0.01,133,373229,卖盘
11:06:37,28.13,0.0,24,67512,卖盘
11:06:41,28.14,0.01,191,537314,买盘
11:06:44,28.13,-0.01,26,74404,卖盘
11:06:46,28.12,-0.01,207,583392,卖盘
11:06:50,28.13,0.01,41,115294,买盘
11:06:53,28.12,-0.01,6,17181,卖盘
11:06:56,28.12,0.0,60,167015,卖盘
11:06:59,28.12,0.0,4,10491,卖盘
11:07:02,28.12,0.0,20,56277,卖盘
11:07:05,28.13,0.01,268,755575,买盘
11:07:08,28.12,-0.01,33,90943,卖盘
11:07:11,28.13,0.01,23,64695,买盘
11:07:14,28.12,-0.01,55,154687,卖盘
11:07:17,28.13,0.01,77,217161,买盘
11:07:20,28.12,-0.01,107,300885,卖盘
11:07:23,28.12,0.0,95,267631,卖盘
11:07:26,28.12,0.0,10,28120,买盘
11:07:29,28.11,-0.01,471,1324724,卖盘
11:07:32,28.13,0.02,197,553979,买盘
11:07:35,28.12,-0.01,20,56233,中性盘
11:07:37,28.12,0.0,22,61864,买盘
11:07:41,28.12,0.0,43,120909,买盘
11:07:44,28.12,0.0,72,202462,买盘
11:07:47,28.12,0.0,46,129344,买盘
11:07:50,28.11,-0.01,137,385212,卖盘
11:07:52,28.12,0.01,11,30930,买盘
11:07:55,28.11,-0.01,178,500485,卖盘
11:07:58,28.11,0.0,131,368138,卖盘
11:08:02,28.11,0.0,51,143757,卖盘
11:08:05,28.12,0.01,144,404908,买盘
11:08:08,28.11,-0.01,20,57300,卖盘
11:08:11,28.12,0.01,111,312129,买盘
11:08:14,28.11,-0.01,66,185547,卖盘
11:08:17,28.11,0.0,22,61861,卖盘
11:08:20,28.12,0.01,31,84621,买盘
11:08:22,28.12,0.0,2,6607,买盘
11:08:26,28.11,-0.01,526,1479110,卖盘
11:08:28,28.11,0.0,305,856853,卖盘
11:08:32,28.1,-0.01,64,180368,卖盘
11:08:35,28.1,0.0,14,39200,卖盘
11:08:38,28.11,0.01,30,84659,买盘
11:08:41,28.1,-0.01,44,124091,卖盘
11:08:44,28.11,0.01,44,123662,买盘
11:08:47,28.1,-0.01,1,2810,卖盘
11:08:50,28.11,0.01,42,118058,买盘
11:08:53,28.1,-0.01,83,233304,卖盘
11:08:56,28.11,0.01,10,28110,买盘
11:08:59,28.1,-0.01,11,30918,卖盘
11:09:02,28.1,0.0,116,326061,卖盘
11:09:05,28.11,0.01,23,64653,买盘
11:09:07,28.11,0.0,22,61834,买盘
11:09:11,28.11,0.0,102,286636,买盘
11:09:14,28.1,-0.01,40,112408,卖盘
11:09:17,28.11,0.01,21,59031,买盘
11:09:19,28.1,-0.01,337,946432,卖盘
11:09:23,28.11,0.01,15,43954,买盘
11:09:26,28.1,-0.01,45,126487,卖盘
11:09:29,28.1,0.0,24,65821,卖盘
11:09:32,28.11,0.01,5,14055,买盘
11:09:35,28.1,-0.01,48,134853,卖盘
11:09:38,28.11,0.01,112,314821,买盘
11:09:40,28.11,0.0,63,178265,买盘
11:09:44,28.1,-0.01,19,53399,卖盘
11:09:47,28.1,0.0,84,236053,卖盘
11:09:50,28.11,0.01,1,2811,买盘
11:09:53,28.1,-0.01,98,275455,卖盘
11:09:55,28.1,0.0,4,11240,卖盘
11:09:58,28.11,0.01,142,399153,买盘
11:10:02,28.1,-0.01,161,452524,卖盘
11:10:05,28.1,0.0,71,199529,卖盘
11:10:08,28.11,0.01,42,118029,买盘
11:10:11,28.11,0.0,298,837570,买盘
11:10:13,28.1,-0.01,469,1315822,卖盘
11:10:17,28.1,0.0,155,435918,买盘
11:10:20,28.1,0.0,166,468193,买盘
11:10:23,28.1,0.0,90,250815,买盘
11:10:26,28.1,0.0,78,218609,买盘
11:10:29,28.09,-0.01,40,113837,卖盘
11:10:32,28.09,0.0,495,1389815,卖盘
11:10:35,28.09,0.0,91,255149,买盘
11:10:38,28.08,-0.01,64,180626,卖盘
11:10:41,28.09,0.01,31,86734,买盘
11:10:43,28.09,0.0,96,269828,买盘
11:10:47,28.08,-0.01,47,132797,卖盘
11:10:50,28.08,0.0,19,52285,卖盘
11:10:53,28.08,0.0,89,250729,卖盘
11:10:55,28.08,0.0,99,278848,卖盘
11:10:59,28.09,0.01,421,1180875,买盘
11:11:02,28.09,0.0,76,213485,卖盘
11:11:04,28.09,0.0,13,36518,卖盘
11:11:08,28.09,0.0,15,42135,卖盘
11:11:10,28.1,0.01,99,278155,买盘
11:11:14,28.11,0.01,414,1163475,买盘
11:11:17,28.12,0.01,49,137764,中性盘
11:11:20,28.11,-0.01,32,89956,卖盘
11:11:23,28.13,0.02,114,320570,买盘
11:11:26,28.11,-0.02,6,16869,卖盘
11:11:29,28.11,0.0,6,16870,卖盘
11:11:32,28.11,0.0,21,59034,卖盘
11:11:35,28.11,0.0,36,101202,卖盘
11:11:38,28.12,0.01,4,11248,中性盘
11:11:41,28.12,0.0,16,44992,买盘
11:11:44,28.12,0.0,27,75921,买盘
11:11:47,28.12,0.0,27,75920,买盘
11:11:49,28.13,0.01,36,101241,买盘
11:11:53,28.12,-0.01,17,47804,卖盘
11:11:56,28.13,0.01,115,323481,买盘
11:11:59,28.13,0.0,50,140650,买盘
11:12:02,28.13,0.0,33,92830,卖盘
11:12:05,28.13,0.0,46,129399,卖盘
11:12:08,28.13,0.0,11,30943,买盘
11:12:11,28.13,0.0,39,109696,买盘
11:12:14,28.12,-0.01,17,47812,卖盘
11:12:17,28.11,-0.01,117,328935,卖盘
11:12:20,28.12,0.01,35,98420,买盘
11:12:23,28.12,0.0,40,112459,买盘
11:12:25,28.12,0.0,52,146224,买盘
11:12:29,28.11,-0.01,391,1099103,卖盘
11:12:32,28.11,0.0,16,44985,卖盘
11:12:35,28.09,-0.02,1557,4376065,卖盘
11:12:37,28.11,0.02,78,219258,中性盘
11:12:41,28.11,0.0,92,258499,买盘
11:12:44,28.11,0.0,190,533678,买盘
11:12:47,28.09,-0.02,123,346284,卖盘
11:12:49,28.08,-0.01,26,71772,卖盘
11:12:53,28.08,0.0,134,377291,卖盘
11:12:56,28.09,0.01,762,2140133,买盘
11:12:59,28.08,-0.01,162,455501,卖盘
11:13:01,28.08,0.0,189,530152,卖盘
11:13:05,28.08,0.0,90,251807,卖盘
11:13:07,28.09,0.01,97,272848,买盘
11:13:11,28.09,0.0,704,1977715,买盘
11:13:14,28.08,-0.01,73,206073,卖盘
11:13:17,28.08,0.0,42,117936,买盘
11:13:20,28.07,-0.01,188,527660,卖盘
11:13:23,28.08,0.01,38,106841,买盘
11:13:26,28.07,-0.01,94,263251,卖盘
11:13:29,28.07,0.0,26,73182,卖盘
11:13:32,28.07,0.0,7,20154,卖盘
11:13:35,28.08,0.01,9,24734,买盘
11:13:38,28.07,-0.01,178,499680,卖盘
11:13:41,28.07,0.0,217,609792,卖盘
11:13:44,28.07,0.0,81,225520,卖盘
11:13:46,28.07,0.0,52,146359,卖盘
11:13:50,28.07,0.0,40,113702,卖盘
11:13:53,28.07,0.0,132,370380,卖盘
11:13:56,28.07,0.0,13,34864,卖盘
11:14:00,28.07,0.0,33,94918,卖盘
11:14:02,28.07,0.0,24,65515,卖盘
11:14:05,28.07,0.0,42,119384,卖盘
11:14:09,28.07,0.0,13,36497,卖盘
11:14:11,28.08,0.01,36,101076,买盘
11:14:14,28.08,0.0,37,103867,买盘
11:14:17,28.07,-0.01,46,129145,卖盘
11:14:20,28.08,0.01,23,64565,买盘
11:14:23,28.07,-0.01,29,81414,卖盘
11:14:26,28.07,0.0,102,286317,卖盘
11:14:28,28.08,0.01,8,22458,买盘
11:14:32,28.07,-0.01,222,623173,卖盘
11:14:35,28.07,0.0,36,100827,卖盘
11:14:37,28.07,0.0,33,92631,买盘
11:14:41,28.07,0.0,47,131910,买盘
11:14:44,28.06,-0.01,32,89814,卖盘
11:14:47,28.06,0.0,41,115084,卖盘
11:14:50,28.07,0.01,169,474605,买盘
11:14:53,28.07,0.0,80,223269,卖盘
11:14:56,28.07,0.0,100,280638,卖盘
11:14:59,28.07,0.0,26,72982,买盘
11:15:03,28.02,-0.05,3231,9061516,卖盘
11:15:05,28.02,0.0,106,296997,买盘
11:15:08,28.02,0.0,221,619210,买盘
11:15:11,28.01,-0.01,312,874013,卖盘
11:15:13,28.02,0.01,307,859928,买盘
11:15:17,28.01,-0.01,210,588312,卖盘
11:15:20,28.02,0.01,35,98070,买盘
11:15:23,28.04,0.02,11,30828,买盘
11:15:26,28.02,-0.02,94,263502,卖盘
11:15:29,28.02,0.0,65,182136,卖盘
11:15:32,28.02,0.0,4,11208,卖盘
11:15:34,28.03,0.01,23,64464,买盘
11:15:38,28.02,-0.01,242,678114,卖盘
11:15:40,28.02,0.0,63,176526,买盘
11:15:43,28.02,0.0,71,198942,买盘
11:15:47,28.03,0.01,135,378276,买盘
11:15:50,28.02,-0.01,20,56040,卖盘
11:15:53,28.03,0.01,182,510087,买盘
11:15:56,28.02,-0.01,72,200755,卖盘
11:16:00,28.02,0.0,61,170939,卖盘
11:16:02,28.03,0.01,44,123323,买盘
11:16:04,28.02,-0.01,305,854711,卖盘
11:16:08,28.02,0.0,21,58863,卖盘
11:16:11,28.03,0.01,64,179396,中性盘
11:16:15,28.04,0.01,46,128949,买盘
11:16:17,28.04,0.0,84,235536,买盘
11:16:21,28.05,0.01,19,53143,买盘
11:16:24,28.04,-0.01,23,64632,卖盘
11:16:25,28.05,0.01,91,255073,买盘
11:16:30,28.04,-0.01,6,16824,卖盘
11:16:31,28.05,0.01,152,426226,买盘
11:16:35,28.05,0.0,42,117769,买盘
11:16:38,28.05,0.0,66,185070,买盘
11:16:41,28.04,-0.01,116,325451,卖盘
11:16:45,28.05,0.01,191,535738,买盘
11:16:48,28.05,0.0,67,187901,买盘
11:16:50,28.04,-0.01,101,283298,卖盘
11:16:53,28.04,0.0,92,257987,卖盘
11:16:56,28.04,0.0,25,70100,买盘
11:17:00,28.03,-0.01,102,286002,卖盘
11:17:02,28.04,0.01,150,420600,买盘
11:17:05,28.04,0.0,82,229928,买盘
11:17:08,28.04,0.0,22,61688,买盘
11:17:11,28.05,0.01,35,98160,买盘
11:17:15,28.04,-0.01,35,98140,卖盘
11:17:17,28.03,-0.01,203,569062,卖盘
11:17:20,28.04,0.01,201,563446,买盘
11:17:24,28.05,0.01,84,235537,买盘
11:17:26,28.04,-0.01,67,187917,卖盘
11:17:30,28.05,0.01,37,103761,买盘
11:17:32,28.05,0.0,25,70116,买盘
11:17:35,28.04,-0.01,10,28046,卖盘
11:17:38,28.04,0.0,55,154235,卖盘
11:17:41,28.04,0.0,56,157073,卖盘
11:17:45,28.05,0.01,72,201953,买盘
11:17:47,28.06,0.01,85,238434,买盘
11:17:50,28.04,-0.02,37,103784,卖盘
11:17:53,28.05,0.01,47,131835,买盘
11:17:56,28.05,0.0,1,2805,卖盘
11:18:00,28.06,0.01,61,171108,买盘
11:18:01,28.06,0.0,21,58925,买盘
11:18:05,28.05,-0.01,19,53299,卖盘
11:18:08,28.05,0.0,126,353437,卖盘
11:18:12,28.05,0.0,97,272088,卖盘
11:18:14,28.05,0.0,44,123440,买盘
11:18:17,28.04,-0.01,83,232788,卖盘
11:18:20,28.04,0.0,94,263627,卖盘
11:18:24,28.04,0.0,123,344913,卖盘
11:18:26,28.04,0.0,46,128947,买盘
11:18:30,28.04,0.0,44,123361,买盘
11:18:32,28.04,0.0,25,70098,买盘
11:18:35,28.05,0.01,75,210331,买盘
11:18:37,28.04,-0.01,39,109327,卖盘
11:18:41,28.04,0.0,94,263531,卖盘
11:18:45,28.05,0.01,81,227176,买盘
11:18:48,28.05,0.0,54,151476,买盘
11:18:50,28.05,0.0,45,126244,卖盘
11:18:53,28.05,0.0,7,19635,卖盘
11:18:56,28.05,0.0,5,14027,卖盘
11:18:59,28.05,0.0,38,106590,卖盘
11:19:02,28.05,0.0,1,2805,买盘
11:19:05,28.05,0.0,8,22440,买盘
11:19:08,28.05,0.0,520,1458723,买盘
11:19:11,28.05,0.0,63,176681,买盘
11:19:15,28.05,0.0,46,129026,买盘
11:19:17,28.04,-0.01,26,72925,卖盘
11:19:20,28.04,0.0,139,389762,卖盘
11:19:24,28.04,0.0,39,109339,买盘
11:19:26,28.05,0.01,68,190694,买盘
11:19:29,28.04,-0.01,54,151416,卖盘
11:19:32,28.04,0.0,21,58884,买盘
11:19:36,28.04,0.0,51,143004,买盘
11:19:37,28.04,0.0,1,2804,买盘
11:19:41,28.03,-0.01,103,288803,卖盘
11:19:44,28.05,0.02,62,173866,买盘
11:19:47,28.04,-0.01,24,67296,卖盘
11:19:50,28.04,0.0,4,11217,卖盘
11:19:53,28.04,0.0,41,114976,卖盘
11:19:56,28.04,0.0,56,157044,卖盘
11:20:00,28.05,0.01,95,266475,买盘
11:20:01,28.05,0.0,81,227211,卖盘
11:20:05,28.05,0.0,50,140252,卖盘
11:20:08,28.05,0.0,18,50482,卖盘
11:20:11,28.04,-0.01,107,300062,卖盘
11:20:15,28.05,0.01,17,47671,买盘
11:20:17,28.04,-0.01,113,316860,卖盘
11:20:20,28.04,0.0,16,44872,卖盘
11:20:24,28.05,0.01,47,131826,买盘
11:20:26,28.05,0.0,19,53285,买盘
11:20:28,28.05,0.0,8,22435,买盘
11:20:32,28.04,-0.01,16,44864,卖盘
11:20:38,28.05,0.01,46,128996,买盘
11:20:41,28.05,0.0,75,210382,买盘
11:20:45,28.05,0.0,44,123440,卖盘
11:20:48,28.05,0.0,154,431977,卖盘
11:20:50,28.08,0.03,501,1406473,买盘
11:20:52,28.06,-0.02,19,53314,中性盘
11:20:56,28.06,0.0,68,190811,卖盘
11:20:58,28.1,0.04,253,709681,买盘
11:21:02,28.1,0.0,163,458706,卖盘
11:21:05,28.1,0.0,57,160170,卖盘
11:21:08,28.11,0.01,13,35971,买盘
11:21:11,28.11,0.0,76,214377,买盘
11:21:14,28.11,0.0,18,50471,买盘
11:21:17,28.08,-0.03,24,67563,卖盘
11:21:20,28.11,0.03,16,44967,买盘
11:21:24,28.09,-0.02,24,67410,中性盘
11:21:25,28.07,-0.02,20,56157,卖盘
11:21:30,28.08,0.01,19,53335,买盘
11:21:31,28.07,-0.01,18,50527,卖盘
11:21:35,28.07,0.0,19,53333,卖盘
11:21:38,28.08,0.01,79,221818,买盘
11:21:41,28.08,0.0,22,61772,买盘
11:21:45,28.07,-0.01,61,171260,卖盘
11:21:48,28.09,0.02,324,909291,买盘
11:21:50,28.07,-0.02,15,42119,卖盘
11:21:53,28.07,0.0,11,30882,卖盘
11:21:56,28.08,0.01,24,67384,买盘
11:22:00,28.05,-0.03,214,600326,卖盘
11:22:02,28.05,0.0,8,22440,买盘
11:22:05,28.04,-0.01,83,232739,卖盘
11:22:08,28.05,0.01,59,165489,买盘
11:22:12,28.04,-0.01,246,689797,卖盘
11:22:15,28.04,0.0,61,171049,买盘
11:22:17,28.04,0.0,37,103734,买盘
11:22:21,28.03,-0.01,93,260743,卖盘
11:22:24,28.04,0.01,66,184896,买盘
11:22:26,28.03,-0.01,17,47666,卖盘
11:22:30,28.03,0.0,86,241082,卖盘
11:22:32,28.03,0.0,3,8409,卖盘
11:22:35,28.03,0.0,41,114946,卖盘
11:22:38,28.04,0.01,215,602856,买盘
11:22:41,28.04,0.0,233,653171,买盘
11:22:45,28.04,0.0,1,2804,买盘
11:22:48,28.04,0.0,21,58873,买盘
11:22:50,28.03,-0.01,191,535554,卖盘
11:22:53,28.04,0.01,98,274769,买盘
11:22:56,28.04,0.0,36,100928,买盘
11:23:00,28.04,0.0,19,53274,买盘
11:23:02,28.04,0.0,12,33641,买盘
11:23:05,28.03,-0.01,94,263498,卖盘
11:23:08,28.03,0.0,43,120559,卖盘
11:23:12,28.03,0.0,48,134582,卖盘
11:23:15,28.04,0.01,47,131754,买盘
11:23:17,28.03,-0.01,15,42053,卖盘
11:23:20,28.04,0.01,67,187854,买盘
11:23:23,28.04,0.0,40,112147,买盘
11:23:26,28.03,-0.01,15,42046,卖盘
11:23:30,28.04,0.01,102,285979,买盘
11:23:32,28.04,0.0,9,25230,买盘
11:23:36,28.04,0.0,158,442983,买盘
11:23:38,28.04,0.0,49,137396,买盘
11:23:41,28.04,0.0,18,50487,卖盘
11:23:45,28.05,0.01,19,53294,买盘
11:23:48,28.05,0.0,39,109383,买盘
11:23:50,28.05,0.0,11,30853,买盘
11:23:53,28.05,0.0,9,25244,买盘
11:23:56,28.05,0.0,14,39259,买盘
11:24:00,28.04,-0.01,220,616895,卖盘
11:24:02,28.04,0.0,56,157019,买盘
11:24:05,28.04,0.0,66,185056,买盘
11:24:08,28.04,0.0,34,95329,买盘
11:24:12,28.04,0.0,331,927826,买盘
11:24:15,28.04,0.0,20,56075,买盘
11:24:17,28.04,0.0,92,257948,买盘
11:24:20,28.03,-0.01,135,378510,卖盘
11:24:23,28.04,0.01,6,16821,中性盘
11:24:26,28.04,0.0,17,47665,买盘
11:24:30,28.04,0.0,40,112153,买盘
11:24:32,28.03,-0.01,37,103722,卖盘
11:24:36,28.04,0.01,15,42060,买盘
11:24:38,28.05,0.01,16,44879,买盘
11:24:41,28.04,-0.01,23,64505,卖盘
11:24:45,28.04,0.0,108,302834,卖盘
11:24:48,28.05,0.01,33,92567,买盘
11:24:50,28.05,0.0,75,210304,买盘
11:24:53,28.04,-0.01,29,81336,卖盘
11:24:57,28.05,0.01,26,72924,买盘
11:25:00,28.04,-0.01,103,288815,卖盘
11:25:02,28.04,0.0,165,462660,卖盘
11:25:05,28.05,0.01,133,373030,买盘
11:25:08,28.05,0.0,26,72930,卖盘
11:25:11,28.06,0.01,32,89775,买盘
11:25:15,28.05,-0.01,23,64515,卖盘
11:25:17,28.06,0.01,128,359063,买盘
11:25:21,28.05,-0.01,9,25248,卖盘
11:25:23,28.05,0.0,28,78547,卖盘
11:25:26,28.05,0.0,27,75732,买盘
11:25:30,28.05,0.0,28,78538,买盘
11:25:32,28.05,0.0,63,176706,买盘
11:25:35,28.05,0.0,15,42075,卖盘
11:25:38,28.05,0.0,22,61710,卖盘
11:25:41,28.05,0.0,133,373127,卖盘
11:25:45,28.05,0.0,17,47686,卖盘
11:25:47,28.07,0.02,157,440524,买盘
11:25:50,28.05,-0.02,42,117838,卖盘
11:25:53,28.05,0.0,72,201960,买盘
11:25:57,28.05,0.0,26,72930,卖盘
11:26:00,28.06,0.01,17,47694,买盘
11:26:02,28.05,-0.01,27,75743,卖盘
11:26:05,28.05,0.0,5,14030,卖盘
11:26:08,28.05,0.0,51,143055,卖盘
11:26:12,28.06,0.01,43,120627,买盘
11:26:15,28.06,0.0,59,164728,买盘
11:26:17,28.06,0.0,20,56120,卖盘
11:26:21,28.06,0.0,58,163544,卖盘
11:26:24,28.06,0.0,63,176722,买盘
11:26:26,28.05,-0.01,23,64535,卖盘
11:26:30,28.05,0.0,29,81358,卖盘
11:26:32,28.05,0.0,83,232868,买盘
11:26:36,28.05,0.0,20,56100,卖盘
11:26:38,28.05,0.0,2,5610,卖盘
11:26:41,28.06,0.01,21,58917,买盘
11:26:45,28.06,0.0,20,56120,买盘
11:26:48,28.05,-0.01,10,28056,卖盘
11:26:50,28.06,0.01,6,16834,买盘
11:26:54,28.05,-0.01,31,86976,卖盘
11:26:57,28.05,0.0,54,151514,卖盘
11:27:00,28.06,0.01,48,134679,买盘
11:27:02,28.06,0.0,47,131865,买盘
11:27:05,28.05,-0.01,36,100982,卖盘
11:27:08,28.06,0.01,14,39280,买盘
11:27:12,28.05,-0.01,121,339535,卖盘
11:27:15,28.05,0.0,18,50490,卖盘
11:27:18,28.05,0.0,1,2805,卖盘
11:27:21,28.05,0.0,12,33668,卖盘
11:27:24,28.05,0.0,21,58918,卖盘
11:27:26,28.06,0.01,116,325489,买盘
11:27:30,28.06,0.0,70,196420,卖盘
11:27:32,28.06,0.0,28,78568,卖盘
11:27:36,28.06,0.0,1,2806,卖盘
11:27:38,28.06,0.0,21,58932,卖盘
11:27:41,28.07,0.01,12,33684,买盘
11:27:45,28.06,-0.01,11,30874,卖盘
11:27:48,28.07,0.01,121,339646,买盘
11:27:50,28.07,0.0,1,2807,卖盘
11:27:53,28.07,0.0,42,117894,卖盘
11:27:57,28.07,0.0,270,757890,卖盘
11:28:00,28.07,0.0,34,95436,卖盘
11:28:02,28.06,-0.01,33,92611,卖盘
11:28:05,28.06,0.0,17,47727,卖盘
11:28:08,28.08,0.02,140,393084,买盘
11:28:12,28.09,0.01,16,44938,买盘
11:28:15,28.08,-0.01,2,5616,卖盘
11:28:17,28.08,0.0,5,14040,卖盘
11:28:20,28.08,0.0,27,75835,卖盘
11:28:24,28.09,0.01,15,42128,买盘
11:28:26,28.09,0.0,135,379151,买盘
11:28:30,28.09,0.0,1,2809,卖盘
11:28:32,28.09,0.0,46,129214,卖盘
11:28:36,28.1,0.01,36,101107,买盘
11:28:38,28.1,0.0,2,5620,买盘
11:28:41,28.08,-0.02,81,228735,卖盘
11:28:44,28.08,0.0,11,30884,买盘
11:28:48,28.07,-0.01,187,525254,卖盘
11:28:50,28.07,0.0,29,81413,卖盘
11:28:53,28.08,0.01,4,11233,买盘
11:28:57,28.07,-0.01,212,593508,卖盘
11:29:00,28.09,0.02,56,158925,买盘
11:29:02,28.08,-0.01,6,16848,卖盘
11:29:05,28.08,0.0,53,146699,买盘
11:29:08,28.08,0.0,5,14040,买盘
11:29:12,28.08,0.0,30,84239,买盘
11:29:15,28.08,0.0,11,30884,买盘
11:29:18,28.08,0.0,23,64584,卖盘
11:29:21,28.07,-0.01,18,50537,卖盘
11:29:24,28.08,0.01,3,8424,卖盘
11:29:26,28.09,0.01,135,379321,买盘
11:29:30,28.09,0.0,28,78652,卖盘
11:29:32,28.1,0.01,1,2810,买盘
11:29:36,28.09,-0.01,9,25283,卖盘
11:29:38,28.1,0.01,7,19664,买盘
11:29:41,28.1,0.0,14,39340,买盘
11:29:45,28.1,0.0,22,61816,买盘
11:29:48,28.1,0.0,7,19667,买盘
11:29:50,28.1,0.0,33,92723,买盘
11:29:53,28.11,0.01,6,16866,买盘
11:29:57,28.11,0.0,33,92733,卖盘
11:30:00,28.12,0.01,13,36556,买盘
11:30:02,28.11,-0.01,2,5622,卖盘
13:00:02,28.11,0.0,3613,10140659,买盘
13:00:05,28.1,-0.01,371,1042696,卖盘
13:00:08,28.11,0.01,234,657735,买盘
13:00:11,28.14,0.03,100,281389,买盘
13:00:15,28.11,-0.03,613,1723560,卖盘
13:00:17,28.11,0.0,180,506382,卖盘
13:00:20,28.11,0.0,12,33774,卖盘
13:00:24,28.15,0.04,65,182925,买盘
13:00:26,28.12,-0.03,163,458670,卖盘
13:00:30,28.11,-0.01,19,53429,卖盘
13:00:32,28.11,0.0,15,42165,卖盘
13:00:35,28.12,0.01,37,104057,中性盘
13:00:38,28.15,0.03,65,182874,买盘
13:00:41,28.1,-0.05,712,2001448,卖盘
13:00:45,28.13,0.03,75,210907,中性盘
13:00:48,28.15,0.02,80,225134,买盘
13:00:50,28.13,-0.02,69,194103,卖盘
13:00:53,28.15,0.02,36,101330,买盘
13:00:56,28.13,-0.02,174,489591,卖盘
13:01:00,28.15,0.02,11,30965,买盘
13:01:02,28.16,0.01,214,602502,买盘
13:01:06,28.16,0.0,7,19710,买盘
13:01:09,28.16,0.0,200,562986,买盘
13:01:12,28.17,0.01,107,302381,买盘
13:01:15,28.15,-0.02,54,152026,卖盘
13:01:17,28.15,0.0,62,174547,卖盘
13:01:20,28.15,0.0,27,76014,买盘
13:01:24,28.16,0.01,16,45048,买盘
13:01:26,28.16,0.0,69,194304,卖盘
13:01:29,28.16,0.0,107,301456,卖盘
13:01:32,28.16,0.0,64,180305,卖盘
13:01:36,28.16,0.0,8,22533,卖盘
13:01:38,28.17,0.01,42,118339,买盘
13:01:41,28.14,-0.03,440,1238541,卖盘
13:01:44,28.18,0.04,32,90137,买盘
13:01:48,28.16,-0.02,51,143714,卖盘
13:01:50,28.17,0.01,11,30987,买盘
13:01:53,28.16,-0.01,12,33797,卖盘
13:01:57,28.14,-0.02,187,526437,卖盘
13:02:00,28.14,0.0,100,281449,卖盘
13:02:02,28.14,0.0,12,33788,卖盘
13:02:06,28.16,0.02,29,81637,买盘
13:02:08,28.14,-0.02,41,115367,买盘
13:02:12,28.14,0.0,37,104227,卖盘
13:02:15,28.14,0.0,105,295470,卖盘
13:02:18,28.17,0.03,5,14085,买盘
13:02:21,28.17,0.0,139,391554,卖盘
13:02:24,28.17,0.0,49,138034,卖盘
13:02:26,28.13,-0.04,210,590999,卖盘
13:02:30,28.17,0.04,7,19717,中性盘
13:02:32,28.15,-0.02,16,45035,卖盘
13:02:36,28.15,0.0,15,42212,买盘
13:02:38,28.15,0.0,38,106983,买盘
13:02:41,28.17,0.02,262,737478,买盘
13:02:45,28.17,0.0,15,42213,买盘
13:02:48,28.14,-0.03,7,19702,卖盘
13:02:53,28.15,0.01,6,16894,卖盘
13:02:56,28.15,0.0,32,90090,卖盘
13:03:00,28.16,0.01,7,19712,买盘
13:03:02,28.15,-0.01,26,73193,卖盘
13:03:06,28.17,0.02,361,1016767,买盘
13:03:08,28.17,0.0,19,53523,卖盘
13:03:12,28.18,0.01,23,64812,买盘
13:03:14,28.18,0.0,25,70432,买盘
13:03:17,28.18,0.0,3,8453,买盘
13:03:20,28.17,-0.01,129,363502,卖盘
13:03:24,28.18,0.01,21,59178,买盘
13:03:26,28.18,0.0,32,90175,买盘
13:03:30,28.17,-0.01,31,87333,卖盘
13:03:32,28.18,0.01,543,1530166,买盘
13:03:36,28.18,0.0,64,180385,买盘
13:03:38,28.18,0.0,25,70457,卖盘
13:03:42,28.19,0.01,28,78925,买盘
13:03:45,28.17,-0.02,157,442395,卖盘
13:03:48,28.18,0.01,4,11272,买盘
13:03:50,28.14,-0.04,296,833506,卖盘
13:03:53,28.16,0.02,20,56304,买盘
13:03:57,28.15,-0.01,45,126682,中性盘
13:03:59,28.15,0.0,10,28148,买盘
13:04:03,28.15,0.0,90,253251,买盘
13:04:06,28.15,0.0,77,216740,买盘
13:04:09,28.15,0.0,40,112582,买盘
13:04:12,28.15,0.0,22,61930,买盘
13:04:14,28.14,-0.01,72,202666,卖盘
13:04:17,28.14,0.0,148,416537,卖盘
13:04:20,28.15,0.01,63,177385,卖盘
13:04:23,28.18,0.03,34,95718,买盘
13:04:26,28.16,-0.02,39,109804,中性盘
13:04:32,28.16,0.0,9,25344,卖盘
13:04:36,28.17,0.01,5,14087,中性盘
13:04:39,28.15,-0.02,62,174582,卖盘
13:04:41,28.18,0.03,23,64813,买盘
13:04:45,28.18,0.0,18,50703,买盘
13:04:48,28.17,-0.01,5,14085,卖盘
13:04:51,28.16,-0.01,26,73238,卖盘
13:04:53,28.17,0.01,9,25354,中性盘
13:04:56,28.17,0.0,16,45072,卖盘
13:05:00,28.18,0.01,48,135167,买盘
13:05:02,28.17,-0.01,4,11268,中性盘
13:05:05,28.17,0.0,7,19717,买盘
13:05:08,28.16,-0.01,5,14080,卖盘
13:05:12,28.17,0.01,41,115479,买盘
13:05:15,28.16,-0.01,185,520898,卖盘
13:05:17,28.15,-0.01,184,518210,卖盘
13:05:21,28.15,0.0,343,965546,卖盘
13:05:23,28.15,0.0,64,180129,买盘
13:05:26,28.15,0.0,70,197012,买盘
13:05:30,28.15,0.0,15,42225,买盘
13:05:33,28.13,-0.02,146,410987,卖盘
13:05:36,28.15,0.02,2,5630,中性盘
13:05:38,28.15,0.0,28,78818,卖盘
13:05:42,28.15,0.0,40,112581,买盘
13:05:45,28.15,0.0,124,348959,买盘
13:05:48,28.14,-0.01,63,177297,中性盘
13:05:50,28.14,0.0,3,8442,卖盘
13:05:53,28.15,0.01,23,64745,中性盘
13:06:00,28.17,0.02,18,50672,买盘
13:06:02,28.15,-0.02,21,59121,卖盘
13:06:05,28.15,0.0,26,73218,卖盘
13:06:08,28.15,0.0,15,42229,卖盘
13:06:11,28.15,0.0,179,504191,卖盘
13:06:15,28.17,0.02,102,287260,买盘
13:06:18,28.16,-0.01,42,118267,买盘
13:06:20,28.15,-0.01,15,42227,卖盘
13:06:24,28.16,0.01,60,168910,买盘
13:06:27,28.15,-0.01,69,194235,卖盘
13:06:29,28.16,0.01,69,194291,买盘
13:06:32,28.16,0.0,73,205568,卖盘
13:06:36,28.14,-0.02,115,323702,卖盘
13:06:39,28.15,0.01,6,16890,卖盘
13:06:42,28.14,-0.01,99,278644,卖盘
13:06:45,28.16,0.02,59,166146,卖盘
13:06:47,28.13,-0.03,1126,3170524,卖盘
13:06:50,28.13,0.0,72,202536,买盘
13:06:54,28.14,0.01,23,65853,买盘
13:06:56,28.13,-0.01,110,309381,买盘
13:07:03,28.13,0.0,25,70325,卖盘
13:07:06,28.15,0.02,3,8445,买盘
13:07:08,28.14,-0.01,8,22512,卖盘
13:07:12,28.14,0.0,67,188589,卖盘
13:07:15,28.14,0.0,15,42210,卖盘
13:07:17,28.14,0.0,18,50656,卖盘
13:07:21,28.15,0.01,110,309645,买盘
13:07:24,28.15,0.0,340,956513,买盘
13:07:26,28.15,0.0,11,30964,买盘
13:07:30,28.15,0.0,34,95711,买盘
13:07:33,28.13,-0.02,89,250451,卖盘
13:07:36,28.14,0.01,34,95680,买盘
13:07:38,28.14,0.0,10,28140,买盘
13:07:42,28.14,0.0,48,135103,买盘
13:07:44,28.14,0.0,10,28142,卖盘
13:07:48,28.14,0.0,114,320896,卖盘
13:07:51,28.14,0.0,10,28140,卖盘
13:07:54,28.14,0.0,2,5628,卖盘
13:07:57,28.14,0.0,11,30954,卖盘
13:08:00,28.14,0.0,6,16884,卖盘
13:08:02,28.14,0.0,227,638982,卖盘
13:08:06,28.14,0.0,75,211060,卖盘
13:08:09,28.14,0.0,1,2814,卖盘
13:08:11,28.14,0.0,57,160441,卖盘
13:08:15,28.15,0.01,92,258965,买盘
13:08:18,28.15,0.0,20,56283,买盘
13:08:20,28.14,-0.01,117,329238,卖盘
13:08:24,28.14,0.0,81,227968,卖盘
13:08:27,28.15,0.01,218,613635,买盘
13:08:30,28.15,0.0,11,30965,卖盘
13:08:33,28.15,0.0,9,24857,卖盘
13:08:36,28.15,0.0,27,76483,卖盘
13:08:38,28.15,0.0,42,117728,买盘
13:08:42,28.16,0.01,240,675674,买盘
13:08:44,28.16,0.0,104,292821,买盘
13:08:48,28.16,0.0,5,14080,买盘
13:08:50,28.16,0.0,8,22528,卖盘
13:08:54,28.16,0.0,1,2816,卖盘
13:08:57,28.17,0.01,134,377367,买盘
13:08:59,28.18,0.01,143,402957,买盘
13:09:03,28.17,-0.01,39,109843,买盘
13:09:06,28.17,0.0,25,70427,卖盘
13:09:09,28.18,0.01,27,76086,买盘
13:09:12,28.18,0.0,52,146555,卖盘
13:09:15,28.19,0.01,72,202905,买盘
13:09:18,28.18,-0.01,63,177535,卖盘
13:09:21,28.19,0.01,34,95825,买盘
13:09:23,28.19,0.0,56,157760,买盘
13:09:27,28.17,-0.02,73,205645,卖盘
13:09:29,28.18,0.01,88,247983,买盘
13:09:33,28.17,-0.01,100,281606,买盘
13:09:36,28.17,0.0,79,222491,买盘
13:09:39,28.15,-0.02,13,36607,卖盘
13:09:41,28.17,0.02,55,154904,买盘
13:09:45,28.16,-0.01,76,214022,卖盘
13:09:48,28.15,-0.01,73,205508,卖盘
13:09:51,28.16,0.01,9,25346,买盘
13:09:54,28.16,0.0,5,14079,买盘
13:09:57,28.15,-0.01,314,884675,卖盘
13:10:00,28.15,0.0,43,121047,卖盘
13:10:03,28.15,0.0,38,106973,卖盘
13:10:06,28.15,0.0,11,30969,卖盘
13:10:09,28.18,0.03,129,363343,买盘
13:10:11,28.18,0.0,34,95829,卖盘
13:10:15,28.18,0.0,36,101455,卖盘
13:10:18,28.18,0.0,182,512881,卖盘
13:10:21,28.18,0.0,27,76094,卖盘
13:10:23,28.18,0.0,125,352004,买盘
13:10:26,28.19,0.01,94,264938,买盘
13:10:30,28.18,-0.01,54,152170,中性盘
13:10:33,28.18,0.0,25,70449,卖盘
13:10:36,28.18,0.0,16,45087,买盘
13:10:39,28.16,-0.02,36,101379,卖盘
13:10:42,28.19,0.03,163,458969,买盘
13:10:45,28.18,-0.01,27,76050,卖盘
13:10:48,28.17,-0.01,1,2817,买盘
13:10:51,28.16,-0.01,106,298405,卖盘
13:10:53,28.16,0.0,27,76031,卖盘
13:10:57,28.16,0.0,209,588353,买盘
13:11:00,28.17,0.01,64,180236,买盘
13:11:03,28.16,-0.01,10,28162,卖盘
13:11:06,28.17,0.01,62,174619,中性盘
13:11:08,28.17,0.0,18,50714,卖盘
13:11:11,28.19,0.02,67,188838,买盘
13:11:15,28.18,-0.01,38,107051,卖盘
13:11:18,28.17,-0.01,25,70429,卖盘
13:11:20,28.18,0.01,11,30998,卖盘
13:11:24,28.17,-0.01,33,92979,卖盘
13:11:27,28.19,0.02,79,222648,买盘
13:11:30,28.17,-0.02,29,81726,卖盘
13:11:32,28.2,0.03,83,233888,买盘
13:11:36,28.18,-0.02,19,53547,卖盘
13:11:39,28.17,-0.01,7,19719,买盘
13:11:42,28.17,0.0,38,107046,买盘
13:11:45,28.18,0.01,27,76066,买盘
13:11:48,28.17,-0.01,20,56340,卖盘
13:11:51,28.2,0.03,305,860067,买盘
13:11:53,28.19,-0.01,10,28186,中性盘
13:11:56,28.18,-0.01,3,8454,卖盘
13:12:00,28.18,0.0,2,5636,买盘
13:12:03,28.2,0.02,288,811813,买盘
13:12:06,28.18,-0.02,76,214268,卖盘
13:12:09,28.18,0.0,2,5638,卖盘
13:12:12,28.2,0.02,130,366660,买盘
13:12:15,28.19,-0.01,22,62027,卖盘
13:12:18,28.19,0.0,41,115573,卖盘
13:12:21,28.2,0.01,70,197381,买盘
13:12:24,28.19,-0.01,125,352374,中性盘
13:12:27,28.2,0.01,76,214187,买盘
13:12:30,28.18,-0.02,38,107089,卖盘
13:12:33,28.18,0.0,52,146559,卖盘
13:12:36,28.18,0.0,102,287476,卖盘
13:12:39,28.18,0.0,60,169090,卖盘
13:12:42,28.21,0.03,262,738381,买盘
13:12:44,28.17,-0.04,117,329577,卖盘
13:12:48,28.17,0.0,146,411148,买盘
13:12:51,28.18,0.01,202,568863,买盘
13:12:54,28.17,-0.01,15,42245,中性盘
13:12:57,28.18,0.01,82,231045,买盘
13:13:00,28.18,0.0,27,76086,卖盘
13:13:02,28.18,0.0,64,180354,卖盘
13:13:05,28.18,0.0,14,39460,卖盘
13:13:09,28.18,0.0,114,321171,卖盘
13:13:12,28.2,0.02,49,138173,买盘
13:13:15,28.18,-0.02,265,746978,卖盘
13:13:18,28.18,0.0,7,19726,买盘
13:13:20,28.18,0.0,120,338124,买盘
13:13:24,28.18,0.0,29,81672,买盘
13:13:26,28.17,-0.01,95,267650,卖盘
13:13:30,28.19,0.02,1,2819,买盘
13:13:32,28.19,0.0,28,78906,买盘
13:13:35,28.19,0.0,27,76113,买盘
13:13:38,28.19,0.0,11,31002,买盘
13:13:42,28.2,0.01,27,76140,买盘
13:13:45,28.19,-0.01,13,36646,中性盘
13:13:48,28.2,0.01,135,380635,买盘
13:13:51,28.2,0.0,14,39480,卖盘
13:13:54,28.2,0.0,10,28200,卖盘
13:13:57,28.2,0.0,19,53580,卖盘
13:14:00,28.21,0.01,136,383598,买盘
13:14:03,28.2,-0.01,41,115643,中性盘
13:14:06,28.2,0.0,4,11280,买盘
13:14:09,28.19,-0.01,10,28192,卖盘
13:14:12,28.2,0.01,61,171993,买盘
13:14:15,28.18,-0.02,93,262087,卖盘
13:14:18,28.18,0.0,75,211353,卖盘
13:14:21,28.17,-0.01,122,343684,卖盘
13:14:24,28.18,0.01,97,273262,买盘
13:14:27,28.17,-0.01,11,30995,卖盘
13:14:30,28.17,0.0,18,50690,买盘
13:14:33,28.17,0.0,64,180249,买盘
13:14:36,28.17,0.0,21,59151,买盘
13:14:39,28.16,-0.01,42,118289,卖盘
13:14:42,28.17,0.01,110,309833,卖盘
13:14:45,28.18,0.01,61,171795,中性盘
13:14:47,28.18,0.0,6,16908,买盘
13:14:51,28.17,-0.01,71,199940,卖盘
13:14:53,28.16,-0.01,60,169067,卖盘
13:14:56,28.17,0.01,3,8451,买盘
13:14:59,28.18,0.01,77,216911,买盘
13:15:03,28.17,-0.01,29,81696,卖盘
13:15:05,28.17,0.0,31,87326,买盘
13:15:09,28.17,0.0,3,8451,买盘
13:15:11,28.17,0.0,36,101412,买盘
13:15:15,28.17,0.0,124,349203,买盘
13:15:18,28.16,-0.01,83,233752,卖盘
13:15:21,28.15,-0.01,14,39421,卖盘
13:15:24,28.16,0.01,33,92924,买盘
13:15:27,28.16,0.0,38,107030,卖盘
13:15:30,28.17,0.01,33,92961,买盘
13:15:32,28.16,-0.01,30,86200,卖盘
13:15:36,28.16,0.0,63,177413,卖盘
13:15:38,28.16,0.0,62,174600,卖盘
13:15:42,28.18,0.02,26,73261,买盘
13:15:45,28.16,-0.02,67,188730,卖盘
13:15:48,28.17,0.01,16,45058,卖盘
13:15:51,28.16,-0.01,100,281602,卖盘
13:15:54,28.16,0.0,9,25344,卖盘
13:15:57,28.17,0.01,106,298594,买盘
13:16:00,28.16,-0.01,18,50696,卖盘
13:16:02,28.16,0.0,2,5632,卖盘
13:16:05,28.16,0.0,116,325070,卖盘
13:16:09,28.15,-0.01,48,136809,卖盘
13:16:11,28.16,0.01,57,160499,买盘
13:16:15,28.15,-0.01,116,326564,卖盘
13:16:18,28.16,0.01,41,115416,买盘
13:16:21,28.16,0.0,2,5632,买盘
13:16:24,28.16,0.0,10,28153,买盘
13:16:27,28.15,-0.01,116,324859,卖盘
13:16:30,28.15,0.0,39,109785,买盘
13:16:33,28.14,-0.01,8,22512,卖盘
13:16:36,28.14,0.0,16,45032,卖盘
13:16:39,28.14,0.0,19,53468,卖盘
13:16:42,28.15,0.01,53,149165,买盘
13:16:45,28.14,-0.01,9,25327,卖盘
13:16:48,28.14,0.0,23,64722,卖盘
13:16:51,28.14,0.0,30,84899,卖盘
13:16:54,28.15,0.01,62,174419,买盘
13:16:57,28.13,-0.02,111,312388,卖盘
13:16:59,28.14,0.01,4,11256,中性盘
13:17:06,28.14,0.0,48,135073,卖盘
13:17:09,28.14,0.0,12,33768,卖盘
13:17:11,28.15,0.01,23,64739,买盘
13:17:15,28.14,-0.01,33,92867,卖盘
13:17:18,28.14,0.0,237,667123,卖盘
13:17:20,28.15,0.01,16,45040,买盘
13:17:23,28.15,0.0,103,289946,买盘
13:17:27,28.15,0.0,29,82835,买盘
13:17:29,28.15,0.0,71,199866,卖盘
13:17:32,28.15,0.0,31,87267,卖盘
13:17:35,28.15,0.0,10,28153,卖盘
13:17:39,28.15,0.0,55,154825,卖盘
13:17:42,28.14,-0.01,140,394076,卖盘
13:17:45,28.16,0.02,63,177268,买盘
13:17:48,28.15,-0.01,48,135165,中性盘
13:17:50,28.14,-0.01,26,73171,卖盘
13:17:54,28.16,0.02,72,202710,买盘
13:17:56,28.14,-0.02,27,75993,卖盘
13:18:00,28.14,0.0,36,101338,卖盘
13:18:03,28.15,0.01,34,95703,买盘
13:18:06,28.15,0.0,26,73189,买盘
13:18:09,28.14,-0.01,68,191361,卖盘
13:18:12,28.15,0.01,54,152059,买盘
13:18:15,28.16,0.01,10,28158,卖盘
13:18:18,28.16,0.0,27,76054,卖盘
13:18:21,28.16,0.0,23,64757,卖盘
13:18:24,28.15,-0.01,18,50682,卖盘
13:18:27,28.18,0.03,5,14084,买盘
13:18:30,28.18,0.0,2,5636,卖盘
13:18:33,28.19,0.01,1,2819,买盘
13:18:35,28.18,-0.01,18,50727,卖盘
13:18:39,28.19,0.01,33,93004,买盘
13:18:42,28.19,0.0,25,70453,买盘
13:18:45,28.19,0.0,83,233685,买盘
13:18:48,28.19,0.0,30,84538,买盘
13:18:51,28.16,-0.03,3,8448,卖盘
13:18:54,28.18,0.02,1,2818,买盘
13:18:57,28.17,-0.01,47,132417,卖盘
13:19:00,28.18,0.01,8,22545,中性盘
13:19:03,28.18,0.0,2,5636,卖盘
13:19:05,28.19,0.01,5,14095,买盘
13:19:08,28.19,0.0,30,84563,买盘
13:19:11,28.18,-0.01,31,87384,卖盘
13:19:15,28.19,0.01,68,191701,买盘
13:19:18,28.19,0.0,29,79937,买盘
13:19:21,28.19,0.0,72,202924,卖盘
13:19:24,28.18,-0.01,249,702231,卖盘
13:19:27,28.18,0.0,49,138094,卖盘
13:19:29,28.19,0.01,79,222772,买盘
13:19:33,28.2,0.01,9,25372,中性盘
13:19:36,28.2,0.0,23,64862,卖盘
13:19:39,28.2,0.0,64,180480,卖盘
13:19:42,28.2,0.0,51,143820,买盘
13:19:45,28.2,0.0,50,141020,买盘
13:19:48,28.19,-0.01,1,2819,卖盘
13:19:50,28.2,0.01,53,149460,买盘
13:19:54,28.2,0.0,47,132547,卖盘
13:19:57,28.2,0.0,68,191707,卖盘
13:19:59,28.2,0.0,240,677151,卖盘
13:20:03,28.2,0.0,33,93045,买盘
13:20:05,28.2,0.0,25,70484,买盘
13:20:09,28.19,-0.01,104,293276,卖盘
13:20:12,28.2,0.01,33,93052,买盘
13:20:14,28.19,-0.01,35,98657,卖盘
13:20:18,28.19,0.0,56,157816,买盘
13:20:20,28.18,-0.01,30,84540,卖盘
13:20:23,28.19,0.01,10,28181,买盘
13:20:27,28.19,0.0,94,264935,买盘
13:20:29,28.17,-0.02,118,332388,卖盘
13:20:33,28.17,0.0,39,109867,卖盘
13:20:36,28.17,0.0,32,90162,卖盘
13:20:39,28.18,0.01,5,14090,买盘
13:20:42,28.18,0.0,21,59178,买盘
13:20:45,28.18,0.0,20,56354,买盘
13:20:48,28.18,0.0,96,270500,买盘
13:20:50,28.18,0.0,5,14090,卖盘
13:20:57,28.18,0.0,16,45088,卖盘
13:21:00,28.18,0.0,6,16908,卖盘
13:21:02,28.16,-0.02,122,343556,卖盘
13:21:06,28.15,-0.01,90,253424,卖盘
13:21:09,28.15,0.0,1,2815,卖盘
13:21:11,28.19,0.04,87,245032,买盘
13:21:15,28.16,-0.03,18,50693,卖盘
13:21:18,28.16,0.0,29,81112,卖盘
13:21:20,28.18,0.02,4,11269,买盘
13:21:24,28.17,-0.01,10,28161,买盘
13:21:27,28.17,0.0,30,84499,买盘
13:21:30,28.15,-0.02,103,290075,卖盘
13:21:33,28.16,0.01,7,19712,中性盘
13:21:35,28.16,0.0,32,90112,买盘
13:21:39,28.15,-0.01,533,1500397,卖盘
13:21:42,28.15,0.0,84,236505,卖盘
13:21:45,28.15,0.0,19,53474,买盘
13:21:54,28.17,0.02,9,25354,卖盘
13:22:00,28.17,0.0,21,59157,卖盘
13:22:02,28.18,0.01,7,19725,买盘
13:22:05,28.17,-0.01,19,53528,卖盘
13:22:09,28.18,0.01,23,64795,买盘
13:22:12,28.17,-0.01,57,160619,卖盘
13:22:14,28.17,0.0,32,90146,卖盘
13:22:18,28.17,0.0,54,152101,卖盘
13:22:24,28.17,0.0,35,98622,买盘
13:22:27,28.17,0.0,17,47881,买盘
13:22:33,28.17,0.0,1,2817,买盘
13:22:36,28.16,-0.01,11,30978,卖盘
13:22:39,28.16,0.0,7,19712,卖盘
13:22:41,28.16,0.0,68,191506,卖盘
13:22:45,28.17,0.01,105,295767,买盘
13:22:48,28.16,-0.01,37,104216,卖盘
13:22:51,28.17,0.01,6,16902,买盘
13:22:54,28.16,-0.01,185,520960,卖盘
13:22:57,28.16,0.0,19,53504,买盘
13:23:00,28.19,0.03,255,718566,买盘
13:23:03,28.19,0.0,56,157864,卖盘
13:23:05,28.19,0.0,1,2819,买盘
13:23:09,28.16,-0.03,1,2816,卖盘
13:23:12,28.18,0.02,19,53527,买盘
13:23:17,28.16,-0.02,33,92940,卖盘
13:23:20,28.18,0.02,189,532579,买盘
13:23:24,28.18,0.0,18,50725,卖盘
13:23:27,28.18,0.0,104,293012,买盘
13:23:29,28.18,0.0,8,22544,卖盘
13:23:33,28.18,0.0,8,22544,卖盘
13:23:36,28.19,0.01,4,11276,买盘
13:23:39,28.18,-0.01,1,2818,卖盘
13:23:42,28.19,0.01,32,90206,买盘
13:23:44,28.19,0.0,25,70476,卖盘
13:23:47,28.18,-0.01,81,228329,卖盘
13:23:51,28.18,0.0,15,42271,卖盘
13:23:53,28.19,0.01,8,22549,买盘
13:23:56,28.18,-0.01,12,33816,卖盘
13:24:00,28.19,0.01,93,262167,买盘
13:24:03,28.18,-0.01,81,228308,卖盘
13:24:06,28.18,0.0,19,53546,卖盘
13:24:09,28.19,0.01,30,84568,买盘
13:24:12,28.19,0.0,23,64837,买盘
13:24:14,28.18,-0.01,8,22544,卖盘
13:24:18,28.18,0.0,323,910677,卖盘
13:24:21,28.18,0.0,42,118366,卖盘
13:24:24,28.19,0.01,51,143762,买盘
13:24:26,28.19,0.0,6,16915,卖盘
13:24:29,28.19,0.0,30,84570,卖盘
13:24:33,28.19,0.0,8,22552,卖盘
13:24:36,28.19,0.0,23,64837,买盘
13:24:38,28.18,-0.01,58,163445,卖盘
13:24:41,28.2,0.02,81,228360,买盘
13:24:44,28.19,-0.01,3,8458,卖盘
13:24:48,28.19,0.0,25,70475,卖盘
13:24:50,28.19,0.0,8,22552,卖盘
13:24:54,28.19,0.0,11,31010,卖盘
13:24:56,28.19,0.0,5,14095,卖盘
13:25:03,28.19,0.0,33,93027,卖盘
13:25:06,28.18,-0.01,20,56365,卖盘
13:25:09,28.19,0.01,28,78932,买盘
13:25:12,28.18,-0.01,34,95840,卖盘
13:25:15,28.18,0.0,67,188806,卖盘
13:25:17,28.17,-0.01,190,535453,卖盘
13:25:20,28.19,0.02,19,53560,买盘
13:25:23,28.18,-0.01,25,70445,中性盘
13:25:26,28.17,-0.01,41,115504,卖盘
13:25:29,28.18,0.01,9,25362,买盘
13:25:33,28.18,0.0,36,101432,买盘
13:25:36,28.17,-0.01,12,33807,卖盘
13:25:39,28.18,0.01,96,270526,买盘
13:25:42,28.18,0.0,25,70450,买盘
13:25:44,28.18,0.0,32,90151,买盘
13:25:47,28.18,0.0,1,2818,买盘
13:25:51,28.18,0.0,6,16903,买盘
13:25:53,28.18,0.0,68,191558,买盘
13:25:55,28.18,0.0,29,81713,买盘
13:26:00,28.18,0.0,53,149354,买盘
13:26:03,28.17,-0.01,8,22536,卖盘
13:26:06,28.18,0.01,14,39443,买盘
13:26:09,28.17,-0.01,2,5634,中性盘
13:26:10,28.18,0.01,22,61977,买盘
13:26:15,28.16,-0.02,29,81675,卖盘
13:26:17,28.16,0.0,43,121123,卖盘
13:26:23,28.17,0.01,20,56322,买盘
13:26:26,28.16,-0.01,39,109853,卖盘
13:26:30,28.16,0.0,43,121096,卖盘
13:26:33,28.17,0.01,1,2817,买盘
13:26:36,28.16,-0.01,17,47876,卖盘
13:26:39,28.17,0.01,59,166203,买盘
13:26:40,28.17,0.0,61,171858,卖盘
13:26:44,28.18,0.01,18,50694,买盘
13:26:48,28.17,-0.01,8,22536,卖盘
13:26:51,28.17,0.0,3,8451,卖盘
13:26:52,28.17,0.0,9,25347,买盘
13:26:59,28.17,0.0,53,149298,买盘
13:27:03,28.16,-0.01,7,19712,卖盘
13:27:05,28.17,0.01,7,19716,买盘
13:27:09,28.17,0.0,16,45071,买盘
13:27:11,28.17,0.0,19,53522,买盘
13:27:15,28.17,0.0,9,25345,买盘
13:27:16,28.17,0.0,117,329575,买盘
13:27:20,28.16,-0.01,24,67587,卖盘
13:27:23,28.17,0.01,11,30980,买盘
13:27:27,28.17,0.0,20,56333,买盘
13:27:30,28.16,-0.01,9,25352,卖盘
13:27:32,28.16,0.0,4,11264,卖盘
13:27:36,28.17,0.01,39,109863,买盘
13:27:38,28.17,0.0,2,5635,卖盘
13:27:40,28.17,0.0,27,76076,卖盘
13:27:44,28.18,0.01,3,8452,买盘
13:27:48,28.17,-0.01,22,61974,卖盘
13:27:49,28.17,0.0,28,78879,卖盘
13:27:53,28.17,0.0,12,33815,卖盘
13:27:55,28.17,0.0,27,76077,卖盘
13:27:59,28.17,0.0,105,295809,卖盘
13:28:02,28.17,0.0,6,16902,买盘
13:28:05,28.17,0.0,24,67600,买盘
13:28:08,28.16,-0.01,27,76046,卖盘
13:28:11,28.16,0.0,19,53522,卖盘
13:28:14,28.16,0.0,13,36611,卖盘
13:28:16,28.16,0.0,15,42240,卖盘
13:28:20,28.16,0.0,187,526598,卖盘
13:28:23,28.16,0.0,21,59132,买盘
13:28:26,28.16,0.0,45,126720,买盘
13:28:29,28.15,-0.01,167,470115,卖盘
13:28:32,28.16,0.01,142,399867,买盘
13:28:35,28.16,0.0,80,225290,买盘
13:28:38,28.15,-0.01,34,95732,卖盘
13:28:41,28.16,0.01,26,73207,买盘
13:28:44,28.15,-0.01,17,47863,卖盘
13:28:47,28.16,0.01,50,140780,买盘
13:28:50,28.16,0.0,2,5631,买盘
13:28:54,28.16,0.0,8,22521,买盘
13:28:55,28.15,-0.01,18,50670,卖盘
13:28:59,28.15,0.0,54,151985,卖盘
13:29:03,28.14,-0.01,18,50654,卖盘
13:29:05,28.15,0.01,32,90052,买盘
13:29:08,28.14,-0.01,21,59114,卖盘
13:29:12,28.14,0.0,62,174498,卖盘
13:29:14,28.14,0.0,57,160399,卖盘
13:29:17,28.14,0.0,41,115392,卖盘
13:29:20,28.15,0.01,2,5629,买盘
13:29:23,28.15,0.0,13,36594,买盘
13:29:26,28.14,-0.01,26,73164,卖盘
13:29:30,28.14,0.0,84,236391,卖盘
13:29:32,28.15,0.01,104,292756,买盘
13:29:35,28.14,-0.01,95,267360,卖盘
13:29:38,28.13,-0.01,26,73151,卖盘
13:29:42,28.13,0.0,254,714820,卖盘
13:29:45,28.13,0.0,41,115359,卖盘
13:29:48,28.13,0.0,87,244763,卖盘
13:29:50,28.14,0.01,8,22512,买盘
13:29:53,28.14,0.0,3,8442,买盘
13:29:57,28.13,-0.01,12,33759,卖盘
13:29:59,28.14,0.01,22,61897,买盘
13:30:02,28.14,0.0,5,14070,买盘
13:30:06,28.13,-0.01,11,30947,卖盘
13:30:08,28.14,0.01,8,22507,买盘
13:30:12,28.14,0.0,46,129429,买盘
13:30:15,28.14,0.0,15,42204,卖盘
13:30:16,28.14,0.0,14,39396,卖盘
13:30:19,28.14,0.0,46,129475,卖盘
13:30:23,28.16,0.02,2,5632,买盘
13:30:26,28.15,-0.01,13,36594,卖盘
13:30:30,28.16,0.01,74,208353,买盘
13:30:32,28.14,-0.02,75,211186,卖盘
13:30:36,28.16,0.02,1,2816,买盘
13:30:39,28.15,-0.01,52,146380,卖盘
13:30:42,28.16,0.01,43,121062,买盘
13:30:45,28.15,-0.01,11,30958,买盘
13:30:48,28.14,-0.01,236,665201,卖盘
13:30:50,28.14,0.0,67,188543,卖盘
13:30:54,28.14,0.0,28,77695,卖盘
13:30:56,28.15,0.01,165,464185,买盘
13:31:00,28.15,0.0,42,118229,买盘
13:31:03,28.14,-0.01,4,11258,中性盘
13:31:04,28.14,0.0,30,84413,卖盘
13:31:08,28.13,-0.01,215,607234,卖盘
13:31:10,28.15,0.02,60,168225,买盘
13:31:13,28.15,0.0,100,281402,买盘
13:31:18,28.13,-0.02,13,36569,卖盘
13:31:20,28.14,0.01,11,30954,卖盘
13:31:23,28.15,0.01,8,21867,买盘
13:31:27,28.14,-0.01,50,140739,卖盘
13:31:29,28.13,-0.01,199,560055,卖盘
13:31:33,28.14,0.01,3,8442,中性盘
13:31:36,28.14,0.0,5,14070,买盘
13:31:38,28.13,-0.01,14,39404,卖盘
13:31:40,28.13,0.0,71,199791,卖盘
13:31:45,28.14,0.01,21,59095,中性盘
13:31:46,28.14,0.0,11,30964,卖盘
13:31:49,28.14,0.0,10,28142,卖盘
13:31:54,28.14,0.0,21,59094,卖盘
13:31:55,28.14,0.0,247,695058,卖盘
13:31:58,28.14,0.0,9,25325,买盘
13:32:01,28.14,0.0,2,5628,买盘
13:32:06,28.13,-0.01,17,47824,卖盘
13:32:09,28.13,0.0,7,19694,卖盘
13:32:12,28.14,0.01,35,98478,买盘
13:32:16,28.13,-0.01,73,205379,卖盘
13:32:16,28.14,0.01,9,25319,买盘
13:32:22,28.14,0.0,15,42203,买盘
13:32:27,28.14,0.0,103,289838,买盘
13:32:29,28.14,0.0,2,5627,买盘
13:32:33,28.13,-0.01,15,42203,卖盘
13:32:35,28.14,0.01,15,42200,买盘
13:32:39,28.14,0.0,26,73141,买盘
13:32:42,28.14,0.0,28,78790,买盘
13:32:45,28.13,-0.01,21,59075,卖盘
13:32:48,28.13,0.0,66,185711,卖盘
13:32:51,28.13,0.0,12,33766,卖盘
13:32:54,28.13,0.0,177,497910,卖盘
13:32:55,28.14,0.01,115,323602,买盘
13:33:01,28.13,-0.01,5,14065,卖盘
13:33:06,28.13,0.0,11,30947,卖盘
13:33:09,28.13,0.0,31,87203,卖盘
13:33:12,28.13,0.0,26,73162,卖盘
13:33:15,28.13,0.0,10,28130,卖盘
13:33:16,28.14,0.01,176,495264,买盘
13:33:21,28.14,0.0,41,115370,卖盘
13:33:24,28.15,0.01,3,8442,买盘
13:33:27,28.15,0.0,101,284315,买盘
13:33:30,28.14,-0.01,21,59094,卖盘
13:33:32,28.14,0.0,18,50652,买盘
13:33:35,28.14,0.0,3,8442,买盘
13:33:38,28.13,-0.01,23,64714,卖盘
13:33:42,28.14,0.01,57,160398,买盘
