time,price,change,volume,amount,type
09:25:04,33.05,0.22,3168,10470240,卖盘
09:30:02,33.0,-0.05,2887,9530162,卖盘
09:30:05,33.03,0.03,1771,5838467,买盘
09:30:09,32.9,-0.13,232,763737,卖盘
09:30:11,32.91,0.01,635,2089151,买盘
09:30:14,32.91,0.0,392,1290713,买盘
09:30:17,32.8,-0.11,379,1246385,卖盘
09:30:20,32.8,0.0,223,732942,卖盘
09:30:24,32.86,0.06,275,904104,买盘
09:30:26,32.9,0.04,192,630991,买盘
09:30:29,32.88,-0.02,581,1911024,卖盘
09:30:32,32.85,-0.03,148,486475,卖盘
09:30:36,32.85,0.0,133,436745,买盘
09:30:39,32.84,-0.01,290,952423,中性盘
09:30:41,32.83,-0.01,112,367875,中性盘
09:30:44,32.83,0.0,785,2586750,中性盘
09:30:47,32.81,-0.02,158,518446,卖盘
09:30:50,32.8,-0.01,913,2993380,卖盘
09:30:54,32.78,-0.02,325,1064255,中性盘
09:30:56,32.72,-0.06,87,284604,卖盘
09:30:59,32.7,-0.02,162,529836,卖盘
09:31:02,32.73,0.03,222,726146,买盘
09:31:05,32.71,-0.02,273,893076,卖盘
09:31:09,32.7,-0.01,633,2070060,卖盘
09:31:12,32.7,0.0,296,968863,卖盘
09:31:14,32.72,0.02,260,850184,买盘
09:31:17,32.72,0.0,415,1358041,卖盘
09:31:20,32.73,0.01,302,988451,买盘
09:31:23,32.73,0.0,298,975739,买盘
09:31:26,32.72,-0.01,430,1409071,卖盘
09:31:29,32.8,0.08,245,802029,买盘
09:31:32,32.8,0.0,208,681867,卖盘
09:31:35,32.73,-0.07,299,980741,卖盘
09:31:39,32.73,0.0,232,759512,卖盘
09:31:41,32.72,-0.01,1729,5657643,卖盘
09:31:44,32.71,-0.01,358,1171462,卖盘
09:31:48,32.76,0.05,382,1250228,买盘
09:31:50,32.76,0.0,144,472107,卖盘
09:31:54,32.76,0.0,382,1251579,卖盘
09:31:56,32.74,-0.02,839,2745125,卖盘
09:32:00,32.71,-0.03,469,1534135,中性盘
09:32:02,32.71,0.0,275,899642,卖盘
09:32:05,32.72,0.01,602,1969150,中性盘
09:32:09,32.71,-0.01,113,369659,卖盘
09:32:12,32.69,-0.02,142,464257,卖盘
09:32:14,32.67,-0.02,192,627470,卖盘
09:32:17,32.67,0.0,129,421446,卖盘
09:32:20,32.67,0.0,746,2436639,买盘
09:32:24,32.61,-0.06,434,1416648,卖盘
09:32:26,32.62,0.01,675,2201431,买盘
09:32:29,32.61,-0.01,664,2165539,卖盘
09:32:32,32.61,0.0,641,2091285,买盘
09:32:36,32.63,0.02,1295,4222232,买盘
09:32:39,32.6,-0.03,696,2267762,卖盘
09:32:41,32.61,0.01,441,1439658,买盘
09:32:44,32.61,0.0,88,287169,卖盘
09:32:48,32.61,0.0,243,793020,卖盘
09:32:51,32.62,0.01,53,172967,中性盘
09:32:53,32.63,0.01,255,833227,卖盘
09:32:56,32.7,0.07,116,379012,买盘
09:32:59,32.63,-0.07,100,326638,卖盘
09:33:02,32.74,0.11,532,1741907,买盘
09:33:06,32.74,0.0,52,170278,卖盘
09:33:08,32.76,0.02,248,812016,买盘
09:33:12,32.76,0.0,41,134270,买盘
09:33:14,32.72,-0.04,91,297809,卖盘
09:33:17,32.71,-0.01,94,307581,中性盘
09:33:20,32.72,0.01,107,349939,买盘
09:33:24,32.7,-0.02,400,1308919,卖盘
09:33:26,32.76,0.06,127,415596,买盘
09:33:29,32.72,-0.04,53,173753,卖盘
09:33:32,32.72,0.0,89,291228,卖盘
09:33:36,32.76,0.04,54,176890,买盘
09:33:38,32.78,0.02,35,114636,买盘
09:33:41,32.78,0.0,63,206272,买盘
09:33:44,32.76,-0.02,34,111394,卖盘
09:33:47,32.81,0.05,216,709707,买盘
09:33:50,32.78,-0.03,218,713509,卖盘
09:33:53,32.78,0.0,133,435977,卖盘
09:33:56,32.78,0.0,236,773483,卖盘
09:33:59,32.78,0.0,183,599703,买盘
09:34:02,32.76,-0.02,590,1932974,中性盘
09:34:06,32.78,0.02,366,1198776,卖盘
09:34:09,32.73,-0.05,939,3073282,卖盘
09:34:11,32.72,-0.01,548,1792617,卖盘
09:34:14,32.72,0.0,897,2933572,买盘
09:34:17,32.68,-0.04,936,3060583,卖盘
09:34:21,32.65,-0.03,375,1225322,卖盘
09:34:24,32.63,-0.02,566,1847710,卖盘
09:34:26,32.65,0.02,469,1529891,买盘
09:34:30,32.62,-0.03,1432,4672175,卖盘
09:34:32,32.65,0.03,1372,4481906,买盘
09:34:35,32.63,-0.02,231,753931,卖盘
09:34:38,32.7,0.07,111,362822,买盘
09:34:41,32.69,-0.01,227,742340,卖盘
09:34:44,32.7,0.01,230,751765,买盘
09:34:47,32.68,-0.02,277,905551,卖盘
09:34:51,32.68,0.0,30,97974,买盘
09:34:54,32.7,0.02,202,660311,买盘
09:34:56,32.68,-0.02,95,310290,中性盘
09:35:00,32.67,-0.01,880,2874965,中性盘
09:35:02,32.67,0.0,199,650152,买盘
09:35:06,32.7,0.03,73,238605,买盘
09:35:08,32.7,0.0,144,470832,买盘
09:35:12,32.7,0.0,111,362970,买盘
09:35:14,32.71,0.01,47,153739,买盘
09:35:17,32.7,-0.01,177,578971,卖盘
09:35:21,32.76,0.06,67,219427,买盘
09:35:23,32.75,-0.01,70,229272,卖盘
09:35:26,32.73,-0.02,92,301264,卖盘
09:35:29,32.78,0.05,243,795876,买盘
09:35:32,32.76,-0.02,577,1889292,卖盘
09:35:36,32.75,-0.01,242,792734,卖盘
09:35:39,32.75,0.0,149,487902,买盘
09:35:41,32.75,0.0,239,782107,买盘
09:35:44,32.78,0.03,293,959876,买盘
09:35:47,32.8,0.02,58,190208,买盘
09:35:50,32.8,0.0,62,203352,买盘
09:35:54,32.78,-0.02,117,383728,卖盘
09:35:56,32.78,0.0,515,1688204,卖盘
09:36:00,32.81,0.03,159,521435,买盘
09:36:03,32.82,0.01,679,2227114,买盘
09:36:05,32.81,-0.01,127,416727,中性盘
09:36:09,32.81,0.0,116,380690,卖盘
09:36:11,32.81,0.0,166,544745,卖盘
09:36:14,32.82,0.01,51,167370,中性盘
09:36:17,32.82,0.0,68,223173,卖盘
09:36:20,32.83,0.01,65,213354,买盘
09:36:24,32.81,-0.02,187,613729,卖盘
09:36:26,32.78,-0.03,159,521740,卖盘
09:36:29,32.82,0.04,150,491715,买盘
09:36:33,32.81,-0.01,88,288510,中性盘
09:36:36,32.8,-0.01,61,199998,中性盘
09:36:39,32.78,-0.02,59,193408,卖盘
09:36:41,32.78,0.0,128,419712,卖盘
09:36:44,32.77,-0.01,248,812681,卖盘
09:36:48,32.76,-0.01,148,484805,卖盘
09:36:50,32.75,-0.01,209,684432,卖盘
09:36:54,32.75,0.0,204,668132,买盘
09:36:56,32.76,0.01,104,340799,中性盘
09:37:00,32.76,0.0,74,242595,卖盘
09:37:02,32.79,0.03,127,416351,买盘
09:37:06,32.8,0.01,36,118069,买盘
09:37:09,32.79,-0.01,97,318067,卖盘
09:37:12,32.78,-0.01,338,1108214,卖盘
09:37:15,32.78,0.0,205,671980,买盘
09:37:18,32.77,-0.01,123,403107,卖盘
09:37:21,32.8,0.03,158,518012,买盘
09:37:24,32.77,-0.03,44,144189,卖盘
09:37:26,32.78,0.01,139,455449,买盘
09:37:29,32.78,0.0,38,124536,买盘
09:37:33,32.77,-0.01,168,550691,中性盘
09:37:36,32.77,0.0,89,291601,买盘
09:37:39,32.78,0.01,383,1256134,买盘
09:37:41,32.77,-0.01,178,583432,卖盘
09:37:45,32.78,0.01,77,252359,买盘
09:37:48,32.81,0.03,356,1167767,买盘
09:37:51,32.82,0.01,180,590724,买盘
09:37:54,32.83,0.01,916,3007438,买盘
09:37:57,32.84,0.01,1137,3734460,买盘
09:38:00,32.86,0.02,297,975803,买盘
09:38:02,32.88,0.02,32,105233,买盘
09:38:06,32.89,0.01,120,394673,买盘
09:38:09,32.9,0.01,48,157920,买盘
09:38:12,32.89,-0.01,280,921217,卖盘
09:38:14,32.95,0.06,12,39512,买盘
09:38:18,32.95,0.0,342,1126854,买盘
09:38:21,32.98,0.03,94,309909,买盘
09:38:23,32.98,0.0,517,1703073,买盘
09:38:26,32.95,-0.03,167,550285,卖盘
09:38:30,32.93,-0.02,181,596013,卖盘
09:38:33,32.93,0.0,468,1540278,买盘
09:38:36,32.92,-0.01,108,355590,卖盘
09:38:39,32.95,0.03,247,813778,买盘
09:38:41,32.89,-0.06,197,648315,卖盘
09:38:44,32.95,0.06,214,704374,买盘
09:38:47,32.94,-0.01,439,1445823,卖盘
09:38:50,32.94,0.0,107,352489,卖盘
09:38:54,32.94,0.0,111,365554,买盘
09:38:56,32.96,0.02,258,849895,买盘
09:39:00,32.94,-0.02,163,536978,卖盘
09:39:02,32.95,0.01,213,701894,买盘
09:39:06,32.95,0.0,415,1367776,卖盘
09:39:08,32.96,0.01,160,527385,买盘
09:39:12,32.96,0.0,109,359333,卖盘
09:39:15,32.97,0.01,36,118707,中性盘
09:39:17,32.96,-0.01,651,2145701,卖盘
09:39:21,32.97,0.01,83,273653,买盘
09:39:24,33.0,0.03,1684,5556010,买盘
09:39:26,33.0,0.0,112,369600,卖盘
09:39:30,33.0,0.0,253,834900,卖盘
09:39:32,32.99,-0.01,673,2218759,卖盘
09:39:35,32.97,-0.02,56,184518,中性盘
09:39:38,33.0,0.03,114,375853,买盘
09:39:41,32.95,-0.05,48,158212,卖盘
09:39:45,32.98,0.03,201,662654,买盘
09:39:48,32.96,-0.02,243,801247,卖盘
09:39:51,32.97,0.01,105,346147,买盘
09:39:54,32.97,0.0,130,428553,买盘
09:39:57,32.97,0.0,82,270392,卖盘
09:40:00,32.97,0.0,81,267045,卖盘
09:40:02,32.97,0.0,836,2757143,买盘
09:40:06,32.98,0.01,111,366077,买盘
09:40:09,32.98,0.0,281,926994,买盘
09:40:11,32.99,0.01,1081,3567065,买盘
09:40:15,33.02,0.03,363,1198005,买盘
09:40:18,32.97,-0.05,339,1118405,卖盘
09:40:21,33.02,0.05,421,1388249,买盘
09:40:24,33.03,0.01,137,452433,买盘
09:40:26,33.03,0.0,165,544989,买盘
09:40:30,33.02,-0.01,224,739955,卖盘
09:40:33,33.02,0.0,148,488668,买盘
09:40:36,33.02,0.0,139,458977,买盘
09:40:38,33.0,-0.02,541,1784114,卖盘
09:40:42,33.01,0.01,52,171626,买盘
09:40:45,32.95,-0.06,492,1621934,卖盘
09:40:48,32.97,0.02,153,504267,买盘
09:40:51,32.95,-0.02,109,359276,卖盘
09:40:53,32.94,-0.01,71,233935,卖盘
09:40:57,33.0,0.06,254,837654,买盘
09:40:59,32.99,-0.01,171,564276,卖盘
09:41:02,32.94,-0.05,436,1436176,卖盘
09:41:05,32.94,0.0,11,36252,买盘
09:41:09,32.98,0.04,423,1394055,买盘
09:41:12,32.98,0.0,369,1217052,买盘
09:41:15,33.0,0.02,455,1500893,买盘
09:41:18,33.01,0.01,384,1267500,买盘
09:41:21,33.01,0.0,189,623913,卖盘
09:41:24,33.0,-0.01,410,1353087,卖盘
09:41:26,32.99,-0.01,55,181444,卖盘
09:41:30,33.0,0.01,26,85796,买盘
09:41:33,33.0,0.0,144,475194,买盘
09:41:36,33.0,0.0,133,438666,买盘
09:41:39,33.0,0.0,295,973393,买盘
09:41:42,33.0,0.0,227,749088,买盘
09:41:45,33.02,0.02,233,768955,买盘
09:41:47,33.01,-0.01,167,551355,中性盘
09:41:51,33.0,-0.01,88,290571,卖盘
09:41:53,33.01,0.01,308,1016783,卖盘
09:41:56,33.03,0.02,56,184953,买盘
09:42:00,33.03,0.0,120,396455,卖盘
09:42:02,33.0,-0.03,613,2023481,卖盘
09:42:06,33.03,0.03,244,805376,买盘
09:42:09,33.01,-0.02,102,336765,卖盘
09:42:12,33.03,0.02,62,204750,买盘
09:42:15,33.02,-0.01,159,524918,买盘
09:42:18,33.01,-0.01,197,650163,中性盘
09:42:21,33.01,0.0,251,828610,卖盘
09:42:24,33.0,-0.01,260,858036,卖盘
09:42:26,33.0,0.0,79,260678,买盘
09:42:30,32.98,-0.02,153,504578,卖盘
09:42:32,32.97,-0.01,47,154933,中性盘
09:42:35,32.95,-0.02,302,995382,卖盘
09:42:39,32.94,-0.01,122,401958,卖盘
09:42:42,32.95,0.01,23,75767,买盘
09:42:45,32.94,-0.01,54,177887,中性盘
09:42:48,32.95,0.01,56,184486,买盘
09:42:51,32.92,-0.03,59,194309,卖盘
09:42:54,32.93,0.01,40,131692,买盘
09:42:56,32.93,0.0,110,362188,买盘
09:43:00,32.9,-0.03,239,786651,卖盘
09:43:02,32.92,0.02,353,1161635,买盘
09:43:06,32.92,0.0,285,938063,买盘
09:43:09,32.92,0.0,174,573109,买盘
09:43:11,32.94,0.02,21,69185,中性盘
09:43:14,32.95,0.01,193,635458,买盘
09:43:18,32.96,0.01,44,144978,买盘
09:43:21,32.95,-0.01,59,194474,中性盘
09:43:23,32.93,-0.02,38,125140,卖盘
09:43:26,32.95,0.02,22,72488,买盘
09:43:30,32.96,0.01,28,92294,买盘
09:43:33,32.95,-0.01,305,1005719,卖盘
09:43:36,32.97,0.02,40,131937,买盘
09:43:38,32.98,0.01,75,247329,买盘
09:43:42,33.02,0.04,273,900911,买盘
09:43:44,33.02,0.0,205,676858,买盘
09:43:48,33.03,0.01,135,445849,买盘
09:43:50,33.04,0.01,116,383157,买盘
09:43:54,33.02,-0.02,365,1205585,卖盘
09:43:57,33.01,-0.01,85,280710,卖盘
09:44:00,33.04,0.03,84,278898,买盘
09:44:02,33.01,-0.03,282,930242,卖盘
09:44:05,33.01,0.0,175,577772,卖盘
09:44:09,33.01,0.0,123,406408,卖盘
09:44:11,33.05,0.04,300,991372,买盘
09:44:15,33.04,-0.01,169,558438,卖盘
09:44:18,33.06,0.02,214,708576,买盘
09:44:21,33.05,-0.01,147,485963,买盘
09:44:24,33.05,0.0,812,2683170,卖盘
09:44:26,33.07,0.02,69,228142,买盘
09:44:30,33.06,-0.01,97,320699,卖盘
09:44:33,33.07,0.01,235,777032,买盘
09:44:36,33.06,-0.01,212,701099,卖盘
09:44:39,33.07,0.01,205,677942,中性盘
09:44:42,33.07,0.0,105,347320,卖盘
09:44:45,33.08,0.01,170,562240,买盘
09:44:48,33.08,0.0,272,899767,买盘
09:44:50,33.08,0.0,25,82711,卖盘
09:44:52,33.09,0.01,87,287815,买盘
09:44:57,33.09,0.0,143,473133,买盘
09:44:59,33.09,0.0,46,152213,买盘
09:45:02,33.08,-0.01,387,1280246,卖盘
09:45:06,33.09,0.01,60,198532,买盘
09:45:09,33.09,0.0,458,1515219,买盘
09:45:12,33.08,-0.01,103,340787,卖盘
09:45:15,33.08,0.0,48,158784,买盘
09:45:17,33.07,-0.01,204,674790,卖盘
09:45:21,33.06,-0.01,517,1710537,卖盘
09:45:23,33.05,-0.01,72,237985,卖盘
09:45:26,33.05,0.0,76,251184,卖盘
09:45:29,33.02,-0.03,172,567960,卖盘
09:45:32,33.05,0.03,41,135454,买盘
09:45:36,33.02,-0.03,54,178296,卖盘
09:45:39,33.01,-0.01,50,165046,卖盘
09:45:42,33.02,0.01,69,227775,买盘
09:45:45,33.01,-0.01,80,264028,中性盘
09:45:48,33.0,-0.01,119,392771,卖盘
09:45:50,33.0,0.0,38,125392,买盘
09:45:54,32.99,-0.01,23,75883,卖盘
09:45:56,33.0,0.01,223,735862,买盘
09:45:59,33.0,0.0,97,320164,卖盘
09:46:02,32.99,-0.01,67,221147,卖盘
09:46:04,33.0,0.01,59,194807,中性盘
09:46:08,33.0,0.0,59,194700,卖盘
09:46:12,33.02,0.02,88,290487,买盘
09:46:14,33.0,-0.02,106,349856,卖盘
09:46:17,33.0,0.0,159,524570,买盘
09:46:21,33.0,0.0,79,260664,买盘
09:46:24,33.0,0.0,83,273900,买盘
09:46:26,33.0,0.0,12,39600,卖盘
09:46:30,33.0,0.0,18,59402,卖盘
09:46:33,33.0,0.0,5,16503,卖盘
09:46:35,33.0,0.0,115,379491,买盘
09:46:39,33.0,0.0,17,56101,卖盘
09:46:42,33.0,0.0,79,260747,卖盘
09:46:45,32.99,-0.01,19,62687,卖盘
09:46:47,33.0,0.01,32,105600,买盘
09:46:51,32.99,-0.01,71,234293,卖盘
09:46:54,33.0,0.01,69,227650,买盘
09:46:57,33.01,0.01,125,412506,买盘
09:46:58,33.0,-0.01,21,69300,卖盘
09:47:02,33.0,0.0,29,95721,买盘
09:47:05,32.99,-0.01,76,250823,卖盘
09:47:08,33.0,0.01,75,247460,中性盘
09:47:12,32.99,-0.01,24,79180,中性盘
09:47:13,32.99,0.0,3,9897,买盘
09:47:17,32.98,-0.01,32,105544,卖盘
09:47:20,32.99,0.01,12,39585,买盘
09:47:24,32.99,0.0,64,211132,买盘
09:47:26,32.99,0.0,97,319956,卖盘
09:47:30,32.98,-0.01,17,56063,买盘
09:47:33,32.97,-0.01,58,191240,卖盘
09:47:36,32.98,0.01,41,135190,买盘
09:47:38,32.95,-0.03,159,524143,卖盘
09:47:41,32.97,0.02,36,118660,买盘
09:47:44,32.95,-0.02,55,181225,卖盘
09:47:48,32.95,0.0,134,441478,买盘
09:47:50,32.95,0.0,40,131800,卖盘
09:47:54,32.95,0.0,66,217387,卖盘
09:47:56,32.93,-0.02,424,1395236,中性盘
09:48:00,32.95,0.02,98,322786,买盘
09:48:02,32.95,0.0,175,576545,买盘
09:48:06,32.98,0.03,65,214334,买盘
09:48:08,32.95,-0.03,172,567052,卖盘
09:48:11,32.96,0.01,22,72512,中性盘
09:48:15,32.98,0.02,44,145080,买盘
09:48:17,32.95,-0.03,210,692063,卖盘
09:48:19,32.97,0.02,69,227532,卖盘
09:48:23,32.98,0.01,57,187959,买盘
09:48:26,32.98,0.0,18,59364,卖盘
09:48:29,32.97,-0.01,43,141780,卖盘
09:48:32,32.97,0.0,44,145068,卖盘
09:48:36,33.01,0.04,573,1890600,买盘
09:48:37,33.01,0.0,60,198060,卖盘
09:48:42,32.98,-0.03,24,79221,卖盘
09:48:44,33.0,0.02,67,221071,买盘
09:48:48,32.95,-0.05,40,131871,卖盘
09:48:51,32.96,0.01,155,511137,买盘
09:48:53,33.02,0.06,84,277267,买盘
09:48:56,33.02,0.0,129,425890,买盘
09:48:59,32.99,-0.03,107,353299,卖盘
09:49:02,33.04,0.05,191,630987,买盘
09:49:06,33.02,-0.02,186,614433,卖盘
09:49:08,33.01,-0.01,80,264357,卖盘
09:49:10,33.05,0.04,120,396315,买盘
09:49:14,33.07,0.02,98,323989,买盘
09:49:17,33.08,0.01,117,386938,买盘
09:49:20,33.09,0.01,285,942830,买盘
09:49:23,33.08,-0.01,196,648194,中性盘
09:49:25,33.08,0.0,152,502905,卖盘
09:49:29,33.09,0.01,73,241546,买盘
09:49:32,33.08,-0.01,385,1273968,卖盘
09:49:35,33.08,0.0,23,76105,卖盘
09:49:37,33.03,-0.05,551,1822718,卖盘
09:49:41,33.08,0.05,282,933276,买盘
09:49:45,33.07,-0.01,7,23149,买盘
09:49:47,33.02,-0.05,195,644294,卖盘
09:49:51,33.07,0.05,48,158767,买盘
09:49:53,33.07,0.0,55,181927,卖盘
09:49:56,33.07,0.0,31,102536,卖盘
09:49:59,33.08,0.01,39,128993,买盘
09:50:02,33.07,-0.01,182,602020,卖盘
09:50:05,33.08,0.01,30,99239,买盘
09:50:08,33.07,-0.01,120,396974,卖盘
09:50:11,33.07,0.0,81,267941,卖盘
09:50:14,33.07,0.0,78,257954,卖盘
09:50:17,33.09,0.02,55,181907,买盘
09:50:19,33.08,-0.01,92,304326,卖盘
09:50:24,33.07,-0.01,102,337360,卖盘
09:50:26,33.05,-0.02,47,155407,卖盘
09:50:29,33.07,0.02,22,72754,买盘
09:50:32,33.07,0.0,200,661547,买盘
09:50:34,33.07,0.0,30,99194,买盘
09:50:39,33.08,0.01,1126,3725414,买盘
09:50:41,33.09,0.01,314,1038763,买盘
09:50:44,33.09,0.0,282,933210,卖盘
09:50:47,33.09,0.0,299,989592,卖盘
09:50:50,33.09,0.0,373,1234307,卖盘
09:50:54,33.09,0.0,29,95960,买盘
09:50:56,33.09,0.0,260,860199,买盘
09:50:59,33.08,-0.01,120,396909,中性盘
09:51:02,33.08,0.0,85,281110,买盘
09:51:05,33.07,-0.01,152,502667,卖盘
09:51:08,33.05,-0.02,86,284293,卖盘
09:51:11,33.05,0.0,112,370161,卖盘
09:51:14,33.04,-0.01,86,284261,中性盘
09:51:16,33.04,0.0,42,138734,买盘
09:51:20,33.02,-0.02,26,85867,卖盘
09:51:23,33.03,0.01,21,69353,买盘
09:51:26,33.0,-0.03,76,250919,卖盘
09:51:28,33.03,0.03,110,363068,买盘
09:51:32,32.99,-0.04,48,158445,卖盘
09:51:35,32.99,0.0,23,75893,卖盘
09:51:38,32.99,0.0,51,168258,卖盘
09:51:41,32.98,-0.01,160,527712,卖盘
09:51:44,32.98,0.0,149,491435,卖盘
09:51:47,32.95,-0.03,129,425327,卖盘
09:51:50,32.97,0.02,60,197857,买盘
09:51:52,32.97,0.0,82,268795,买盘
09:51:56,32.92,-0.05,428,1411867,卖盘
09:51:59,32.97,0.05,318,1045859,买盘
09:52:01,32.95,-0.02,49,161499,卖盘
09:52:04,32.95,0.0,69,227355,卖盘
09:52:08,32.93,-0.02,138,454780,中性盘
09:52:10,32.98,0.05,4,13183,买盘
09:52:14,32.97,-0.01,45,148293,买盘
09:52:17,32.98,0.01,160,527683,买盘
09:52:19,32.99,0.01,247,816008,买盘
09:52:24,33.0,0.01,304,1003148,买盘
09:52:25,33.03,0.03,219,722785,买盘
09:52:30,33.02,-0.01,46,151832,中性盘
09:52:32,32.99,-0.03,12,39596,卖盘
09:52:35,33.0,0.01,29,95741,中性盘
09:52:37,33.0,0.0,25,82500,买盘
09:52:40,33.0,0.0,22,72598,买盘
09:52:43,33.0,0.0,390,1287663,买盘
09:52:47,33.0,0.0,16,52815,买盘
09:52:50,33.0,0.0,68,224386,卖盘
09:52:53,33.0,0.0,23,75890,买盘
09:52:56,33.0,0.0,12,39600,卖盘
09:52:59,32.99,-0.01,55,181535,卖盘
09:53:02,33.0,0.01,16,52790,买盘
09:53:04,33.0,0.0,100,330038,买盘
09:53:08,33.0,0.0,62,204600,买盘
09:53:10,33.0,0.0,45,148483,卖盘
09:53:14,33.0,0.0,65,214506,卖盘
09:53:17,33.0,0.0,74,244203,卖盘
09:53:20,33.01,0.01,96,316845,买盘
09:53:22,33.01,0.0,20,66024,卖盘
09:53:25,33.01,0.0,50,165088,卖盘
09:53:29,33.0,-0.01,55,181539,卖盘
09:53:31,33.0,0.0,3,9900,买盘
09:53:35,33.01,0.01,21,69317,买盘
09:53:38,33.0,-0.01,24,79200,买盘
09:53:41,32.99,-0.01,30,98981,卖盘
09:53:44,33.0,0.01,27,89120,卖盘
09:53:47,32.99,-0.01,55,181464,卖盘
09:53:50,33.0,0.01,74,244201,买盘
09:53:52,32.98,-0.02,13,42890,卖盘
09:53:55,33.0,0.02,19,62680,买盘
09:53:58,33.0,0.0,69,227629,买盘
09:54:02,33.0,0.0,21,69300,买盘
09:54:05,33.0,0.0,3,9900,买盘
09:54:08,33.0,0.0,2,6600,买盘
09:54:11,32.99,-0.01,13,42886,卖盘
09:54:13,32.99,0.0,72,237549,卖盘
09:54:17,33.0,0.01,4,13200,买盘
09:54:20,32.99,-0.01,19,62687,卖盘
09:54:22,32.99,0.0,39,128681,卖盘
09:54:26,32.98,-0.01,147,484996,卖盘
09:54:29,32.98,0.0,10,32983,卖盘
09:54:32,32.99,0.01,40,131948,买盘
09:54:35,32.98,-0.01,73,240756,卖盘
09:54:38,32.98,0.0,209,689285,卖盘
09:54:41,32.98,0.0,41,135206,卖盘
09:54:44,32.96,-0.02,129,425357,卖盘
09:54:47,32.96,0.0,10,32977,卖盘
09:54:50,32.96,0.0,215,709108,卖盘
09:54:52,32.98,0.02,80,263754,买盘
09:54:56,32.96,-0.02,230,758604,卖盘
09:54:59,32.98,0.02,90,296772,中性盘
09:55:02,32.99,0.01,109,359397,买盘
09:55:05,32.99,0.0,84,277044,卖盘
09:55:07,32.99,0.0,42,138559,卖盘
09:55:11,33.0,0.01,435,1435464,买盘
09:55:14,33.0,0.0,120,395964,买盘
09:55:17,33.0,0.0,198,653552,卖盘
09:55:19,33.02,0.02,142,468783,买盘
09:55:23,33.01,-0.01,150,495219,中性盘
09:55:26,33.01,0.0,144,475430,卖盘
09:55:29,33.02,0.01,284,937299,买盘
09:55:32,33.02,0.0,65,214618,买盘
09:55:34,33.02,0.0,41,135383,卖盘
09:55:38,33.0,-0.02,214,706294,卖盘
09:55:40,33.03,0.03,36,118847,买盘
09:55:44,33.03,0.0,34,112298,买盘
09:55:47,33.03,0.0,23,75986,卖盘
09:55:50,33.03,0.0,22,72666,卖盘
09:55:52,33.04,0.01,62,204845,买盘
09:55:56,33.03,-0.01,4,13212,卖盘
09:55:59,33.03,0.0,153,505465,卖盘
09:56:02,33.02,-0.01,52,171706,卖盘
09:56:05,33.02,0.0,69,227756,买盘
09:56:07,33.02,0.0,55,181598,买盘
09:56:11,33.02,0.0,60,198114,买盘
09:56:13,33.03,0.01,801,2646392,买盘
09:56:17,33.03,0.0,32,105685,卖盘
09:56:20,33.04,0.01,81,267558,买盘
09:56:23,33.02,-0.02,226,746546,卖盘
09:56:26,33.02,0.0,41,135364,卖盘
09:56:29,33.02,0.0,13,42925,买盘
09:56:32,33.03,0.01,36,118876,买盘
09:56:35,33.03,0.0,49,161847,买盘
09:56:38,33.0,-0.03,367,1211328,卖盘
09:56:40,33.03,0.03,135,445632,买盘
09:56:44,33.04,0.01,36,118942,买盘
09:56:47,33.03,-0.01,88,290694,卖盘
09:56:50,33.03,0.0,56,184939,买盘
09:56:53,33.01,-0.02,97,320413,卖盘
09:56:55,33.02,0.01,24,79256,中性盘
09:56:59,33.02,0.0,38,125498,买盘
09:57:02,33.02,0.0,6,19815,卖盘
09:57:05,33.03,0.01,17,56148,买盘
09:57:08,33.02,-0.01,124,409501,卖盘
09:57:10,33.01,-0.01,6,19807,卖盘
09:57:14,33.02,0.01,100,330200,买盘
09:57:17,33.02,0.0,306,1009829,买盘
09:57:20,33.01,-0.01,50,165040,买盘
09:57:22,33.01,0.0,79,260836,中性盘
09:57:26,33.01,0.0,36,118837,卖盘
09:57:28,33.02,0.01,130,429152,买盘
09:57:31,33.03,0.01,778,2569459,买盘
09:57:35,33.03,0.0,206,680426,卖盘
09:57:38,33.02,-0.01,41,135418,卖盘
09:57:41,33.04,0.02,21,69348,买盘
09:57:44,33.03,-0.01,293,967808,买盘
09:57:47,33.03,0.0,27,89179,买盘
09:57:50,33.01,-0.02,235,775816,卖盘
09:57:52,33.03,0.02,238,785874,买盘
09:57:56,33.03,0.0,80,264042,买盘
09:57:59,33.0,-0.03,151,498313,卖盘
09:58:02,33.03,0.03,106,350076,买盘
09:58:05,33.01,-0.02,65,214579,卖盘
09:58:08,33.03,0.02,101,333421,买盘
09:58:10,33.01,-0.02,20,66022,卖盘
09:58:14,33.01,0.0,102,336726,中性盘
09:58:17,33.01,0.0,26,85820,买盘
09:58:19,33.0,-0.01,354,1168304,卖盘
09:58:22,33.0,0.0,177,584168,买盘
09:58:26,33.0,0.0,390,1287260,卖盘
09:58:29,33.0,0.0,118,389501,卖盘
09:58:32,33.02,0.02,216,713072,买盘
09:58:35,33.01,-0.01,129,425921,卖盘
09:58:38,33.03,0.02,129,425853,买盘
09:58:41,33.01,-0.02,53,174979,卖盘
09:58:44,33.0,-0.01,167,551445,卖盘
09:58:47,33.02,0.02,36,118841,买盘
09:58:50,33.02,0.0,123,406058,买盘
09:58:53,33.03,0.01,141,465447,买盘
09:58:56,33.02,-0.01,33,108966,卖盘
09:58:59,33.03,0.01,483,1594030,买盘
09:59:02,33.02,-0.01,12,39619,中性盘
09:59:04,33.03,0.01,84,277401,买盘
09:59:07,33.02,-0.01,8,26409,买盘
09:59:11,33.02,0.0,22,72629,买盘
09:59:14,33.02,0.0,654,2159451,买盘
09:59:17,33.02,0.0,77,254256,卖盘
09:59:21,33.02,0.0,13,42926,卖盘
09:59:22,33.02,0.0,174,574558,卖盘
09:59:26,33.02,0.0,51,168390,买盘
09:59:29,33.02,0.0,78,257482,买盘
09:59:32,33.01,-0.01,567,1870899,卖盘
09:59:34,33.02,0.01,349,1152085,中性盘
09:59:38,32.99,-0.03,579,1912155,卖盘
09:59:41,33.01,0.02,209,689837,买盘
09:59:44,33.01,0.0,616,2032366,中性盘
09:59:47,33.0,-0.01,36,118820,卖盘
09:59:50,33.0,0.0,106,349807,卖盘
09:59:53,33.0,0.0,656,2164546,卖盘
09:59:56,33.0,0.0,387,1276984,买盘
09:59:59,32.98,-0.02,402,1326278,卖盘
10:00:02,33.01,0.03,540,1778413,买盘
10:00:05,33.0,-0.01,256,844837,卖盘
10:00:09,33.02,0.02,488,1610503,买盘
10:00:11,33.0,-0.02,272,899599,卖盘
10:00:14,33.0,0.0,453,1493711,买盘
10:00:17,33.01,0.01,596,1965049,买盘
10:00:19,33.01,0.0,283,934011,买盘
10:00:23,33.01,0.0,601,1981625,买盘
10:00:26,33.03,0.02,457,1509091,买盘
10:00:29,33.0,-0.03,337,1112625,卖盘
10:00:32,33.03,0.03,70,231145,买盘
10:00:35,33.0,-0.03,565,1867769,卖盘
10:00:38,33.0,0.0,131,432216,买盘
10:00:40,32.98,-0.02,217,715876,卖盘
10:00:45,33.0,0.02,276,910395,买盘
10:00:47,32.98,-0.02,244,804752,卖盘
10:00:51,32.98,0.0,153,504554,买盘
10:00:53,32.99,0.01,310,1022720,买盘
10:00:56,33.0,0.01,389,1282174,买盘
10:00:58,33.0,0.0,208,686079,买盘
10:01:03,33.0,0.0,247,814800,买盘
10:01:05,33.0,0.0,122,402395,卖盘
10:01:09,33.0,0.0,84,277220,卖盘
10:01:10,32.99,-0.01,130,429001,卖盘
10:01:14,33.0,0.01,376,1239955,卖盘
10:01:16,32.99,-0.01,60,197992,中性盘
10:01:20,32.97,-0.02,213,702758,卖盘
10:01:23,33.0,0.03,26,85800,买盘
10:01:25,32.99,-0.01,115,379485,中性盘
10:01:29,32.97,-0.02,141,464918,卖盘
10:01:32,32.96,-0.01,282,929929,卖盘
10:01:35,33.0,0.04,106,349495,买盘
10:01:37,33.0,0.0,357,1177107,买盘
10:01:42,33.0,0.0,92,303445,买盘
10:01:45,33.0,0.0,177,583976,买盘
10:01:46,33.0,0.0,160,527699,卖盘
10:01:49,33.0,0.0,134,442037,买盘
10:01:52,33.0,0.0,124,408874,买盘
10:01:56,32.97,-0.03,224,738506,买盘
10:01:59,33.0,0.03,84,277056,买盘
10:02:03,32.99,-0.01,88,290181,中性盘
10:02:05,33.0,0.01,49,161628,买盘
10:02:08,32.97,-0.03,47,155002,卖盘
10:02:12,32.99,0.02,103,339649,买盘
10:02:14,32.97,-0.02,100,329857,卖盘
10:02:17,32.99,0.02,66,217689,买盘
10:02:21,33.0,0.01,66,217734,买盘
10:02:23,32.98,-0.02,149,491356,卖盘
10:02:26,32.98,0.0,86,283609,买盘
10:02:29,32.99,0.01,124,408950,买盘
10:02:32,32.97,-0.02,146,481540,卖盘
10:02:35,32.96,-0.01,85,280212,卖盘
10:02:39,32.96,0.0,103,339502,卖盘
10:02:41,32.96,0.0,146,481129,买盘
10:02:44,32.94,-0.02,936,3083631,卖盘
10:02:47,32.97,0.03,192,632610,买盘
10:02:50,32.93,-0.04,153,503967,卖盘
10:02:54,32.97,0.04,100,329382,买盘
10:02:55,32.95,-0.02,102,335979,中性盘
10:02:59,32.95,0.0,69,227302,买盘
10:03:02,32.95,0.0,224,737968,买盘
10:03:05,32.95,0.0,420,1383576,买盘
10:03:09,32.94,-0.01,275,906466,卖盘
10:03:12,32.95,0.01,194,639199,中性盘
10:03:14,32.95,0.0,228,751195,买盘
10:03:17,32.95,0.0,33,108695,买盘
10:03:20,32.92,-0.03,616,2028382,卖盘
10:03:23,32.94,0.02,108,355655,买盘
10:03:26,32.94,0.0,386,1271485,买盘
10:03:29,32.95,0.01,115,378831,买盘
10:03:32,32.95,0.0,131,431526,买盘
10:03:35,32.93,-0.02,76,250340,卖盘
10:03:38,32.95,0.02,87,286550,买盘
10:03:41,32.95,0.0,76,250400,买盘
10:03:43,32.94,-0.01,104,342572,卖盘
10:03:47,32.94,0.0,107,352374,买盘
10:03:50,32.94,0.0,64,210792,买盘
10:03:53,32.93,-0.01,116,382005,卖盘
10:03:56,32.94,0.01,207,681726,买盘
10:03:59,32.94,0.0,111,365550,买盘
10:04:03,32.94,0.0,114,375473,买盘
10:04:05,32.95,0.01,291,958685,买盘
10:04:09,32.95,0.0,155,510725,卖盘
10:04:11,32.95,0.0,77,253717,卖盘
10:04:14,32.95,0.0,150,494430,卖盘
10:04:18,32.94,-0.01,187,616218,卖盘
10:04:20,32.95,0.01,239,787378,中性盘
10:04:23,32.97,0.02,132,435198,买盘
10:04:26,32.97,0.0,116,382359,买盘
10:04:29,32.95,-0.02,121,398779,卖盘
10:04:32,32.97,0.02,123,405514,买盘
10:04:36,32.99,0.02,130,428568,买盘
10:04:39,32.96,-0.03,187,616109,卖盘
10:04:41,32.98,0.02,87,286809,买盘
10:04:44,32.98,0.0,339,1117833,买盘
10:04:47,32.99,0.01,240,791741,买盘
10:04:49,32.98,-0.01,652,2149677,卖盘
10:04:54,32.95,-0.03,24,79095,卖盘
10:04:56,32.95,0.0,116,382339,买盘
10:04:58,32.95,0.0,112,369152,买盘
10:05:02,32.99,0.04,78,257070,买盘
10:05:05,32.99,0.0,135,444914,卖盘
10:05:07,32.95,-0.04,81,267008,卖盘
10:05:11,32.95,0.0,75,247224,买盘
10:05:14,32.99,0.04,202,665975,买盘
10:05:17,32.95,-0.04,169,556840,卖盘
10:05:19,32.99,0.04,80,263684,买盘
10:05:24,32.99,0.0,107,352587,买盘
10:05:26,32.94,-0.05,108,355955,卖盘
10:05:30,32.99,0.05,81,267016,买盘
10:05:32,32.99,0.0,42,138418,买盘
10:05:36,32.97,-0.02,58,191164,中性盘
10:05:39,32.97,0.0,10,32968,买盘
10:05:41,32.97,0.0,75,247225,买盘
10:05:45,32.97,0.0,48,158220,买盘
10:05:47,32.97,0.0,266,877492,买盘
10:05:50,32.97,0.0,311,1024879,卖盘
10:05:54,32.97,0.0,31,102207,买盘
10:05:56,32.94,-0.03,67,220837,卖盘
10:05:59,32.94,0.0,366,1205740,卖盘
10:06:02,32.94,0.0,217,714797,卖盘
10:06:05,32.95,0.01,173,569942,买盘
10:06:08,32.95,0.0,191,629159,买盘
10:06:10,32.93,-0.02,505,1663394,卖盘
10:06:15,32.94,0.01,154,507287,中性盘
10:06:18,32.92,-0.02,107,352354,卖盘
10:06:21,32.94,0.02,73,240422,买盘
10:06:24,32.95,0.01,137,451196,买盘
10:06:25,32.94,-0.01,333,1096113,卖盘
10:06:29,32.92,-0.02,198,651878,卖盘
10:06:32,32.9,-0.02,115,378373,卖盘
10:06:36,32.9,0.0,600,1973904,卖盘
10:06:39,32.9,0.0,111,365148,买盘
10:06:41,32.9,0.0,92,302558,买盘
10:06:45,32.9,0.0,87,286145,买盘
10:06:47,32.88,-0.02,42,138172,中性盘
10:06:50,32.89,0.01,18,59189,买盘
10:06:54,32.88,-0.01,51,167652,买盘
10:06:56,32.87,-0.01,360,1183373,卖盘
10:07:00,32.87,0.0,109,358284,卖盘
10:07:02,32.87,0.0,193,634309,买盘
10:07:04,32.87,0.0,122,400973,买盘
10:07:09,32.87,0.0,128,420751,卖盘
10:07:11,32.88,0.01,251,825086,买盘
10:07:14,32.88,0.0,161,529301,买盘
10:07:17,32.88,0.0,165,542380,卖盘
10:07:21,32.87,-0.01,103,338650,卖盘
10:07:24,32.88,0.01,89,292634,买盘
10:07:26,32.88,0.0,53,174269,卖盘
10:07:29,32.88,0.0,183,601706,卖盘
10:07:33,32.88,0.0,52,170982,卖盘
10:07:36,32.87,-0.01,93,305754,卖盘
10:07:39,32.88,0.01,87,286028,买盘
10:07:41,32.87,-0.01,108,355027,卖盘
10:07:44,32.87,0.0,147,483149,买盘
10:07:47,32.87,0.0,118,387802,买盘
10:07:50,32.85,-0.02,869,2854974,卖盘
10:07:54,32.86,0.01,352,1156498,买盘
10:07:56,32.87,0.01,241,792165,买盘
10:07:59,32.88,0.01,362,1190204,买盘
10:08:02,32.88,0.0,296,973334,卖盘
10:08:06,32.89,0.01,351,1154404,买盘
10:08:09,32.89,0.0,47,154592,卖盘
10:08:10,32.9,0.01,41,134899,买盘
10:08:14,32.89,-0.01,274,901186,卖盘
10:08:17,32.89,0.0,51,167710,买盘
10:08:20,32.89,0.0,56,184178,买盘
10:08:24,32.9,0.01,30,98693,买盘
10:08:26,32.89,-0.01,83,272987,卖盘
10:08:29,32.89,0.0,228,749475,卖盘
10:08:32,32.89,0.0,214,703980,卖盘
10:08:36,32.9,0.01,136,447262,买盘
10:08:38,32.9,0.0,261,858656,买盘
10:08:42,32.88,-0.02,29,95382,卖盘
10:08:45,32.89,0.01,39,128293,卖盘
10:08:48,32.9,0.01,51,167774,买盘
10:08:50,32.9,0.0,24,78952,卖盘
10:08:54,32.9,0.0,33,108568,卖盘
10:08:56,32.89,-0.01,164,539548,卖盘
10:09:00,32.88,-0.01,153,503066,卖盘
10:09:03,32.88,0.0,101,332103,买盘
10:09:05,32.89,0.01,85,279510,买盘
10:09:08,32.89,0.0,9,29594,买盘
10:09:12,32.88,-0.01,37,121666,卖盘
10:09:14,32.9,0.02,58,190759,买盘
10:09:18,32.9,0.0,205,674083,买盘
10:09:20,32.9,0.0,132,434280,买盘
10:09:24,32.9,0.0,39,128285,买盘
10:09:26,32.9,0.0,80,263159,买盘
10:09:29,32.9,0.0,64,210503,买盘
10:09:32,32.89,-0.01,53,174352,卖盘
10:09:36,32.89,0.0,9,29601,买盘
10:09:39,32.9,0.01,44,144722,买盘
10:09:42,32.89,-0.01,64,210496,卖盘
10:09:44,32.89,0.0,209,687201,买盘
10:09:48,32.88,-0.01,38,124976,卖盘
10:09:51,32.89,0.01,33,108523,买盘
10:09:54,32.9,0.01,297,976913,买盘
10:09:56,32.9,0.0,11,36186,卖盘
10:10:00,32.89,-0.01,257,845630,卖盘
10:10:03,32.91,0.02,85,279695,买盘
10:10:05,32.91,0.0,115,378465,买盘
10:10:09,32.92,0.01,26,85592,买盘
10:10:12,32.91,-0.01,132,434447,卖盘
10:10:15,32.92,0.01,51,167892,买盘
10:10:17,32.93,0.01,53,174498,买盘
10:10:21,32.91,-0.02,160,526618,卖盘
10:10:24,32.91,0.0,27,88857,买盘
10:10:27,32.91,0.0,24,78984,买盘
10:10:29,32.91,0.0,27,88857,买盘
10:10:32,32.91,0.0,37,121761,买盘
10:10:36,32.9,-0.01,99,325670,卖盘
10:10:39,32.9,0.0,3,9870,买盘
10:10:41,32.91,0.01,93,305852,买盘
10:10:45,32.9,-0.01,19,62509,买盘
10:10:48,32.9,0.0,8,26326,买盘
10:10:51,32.9,0.0,44,144740,买盘
10:10:53,32.9,0.0,13,42770,卖盘
10:10:56,32.89,-0.01,108,355235,卖盘
10:11:00,32.89,0.0,22,72350,买盘
10:11:03,32.89,0.0,86,282854,买盘
10:11:05,32.89,0.0,75,246659,买盘
10:11:08,32.9,0.01,15,49340,买盘
10:11:11,32.88,-0.02,160,526216,卖盘
10:11:15,32.9,0.02,93,305805,买盘
10:11:21,32.9,0.0,8,26313,买盘
10:11:24,32.89,-0.01,35,115062,中性盘
10:11:26,32.87,-0.02,194,637665,卖盘
10:11:30,32.87,0.0,142,466745,买盘
10:11:33,32.86,-0.01,7,23005,卖盘
10:11:36,32.85,-0.01,380,1248484,卖盘
10:11:39,32.86,0.01,22,72281,中性盘
10:11:42,32.85,-0.01,192,630775,卖盘
10:11:45,32.85,0.0,57,187268,买盘
10:11:48,32.85,0.0,43,141213,买盘
10:11:51,32.84,-0.01,125,410531,卖盘
10:11:54,32.85,0.01,111,364559,买盘
10:11:56,32.84,-0.01,75,246228,中性盘
10:12:00,32.84,0.0,83,272593,买盘
10:12:03,32.84,0.0,116,380895,买盘
10:12:06,32.85,0.01,349,1146263,买盘
10:12:09,32.84,-0.01,538,1766825,卖盘
10:12:12,32.83,-0.01,164,538387,卖盘
10:12:14,32.83,0.0,35,114904,买盘
10:12:18,32.83,0.0,137,449833,买盘
10:12:21,32.83,0.0,6,19699,卖盘
10:12:24,32.83,0.0,36,118196,卖盘
10:12:27,32.83,0.0,110,358959,卖盘
10:12:30,32.85,0.02,144,472976,买盘
10:12:33,32.86,0.01,115,377806,买盘
10:12:36,32.86,0.0,33,108406,买盘
10:12:38,32.86,0.0,139,456616,买盘
10:12:42,32.86,0.0,3,9858,买盘
10:12:45,32.86,0.0,50,164280,买盘
10:12:48,32.86,0.0,246,808333,买盘
10:12:51,32.87,0.01,9,29577,买盘
10:12:54,32.87,0.0,11,36155,买盘
10:12:57,32.87,0.0,36,118305,买盘
10:13:00,32.86,-0.01,345,1133694,卖盘
10:13:03,32.87,0.01,138,453572,买盘
10:13:06,32.87,0.0,160,525920,买盘
10:13:09,32.87,0.0,71,233378,卖盘
10:13:11,32.88,0.01,115,378056,买盘
10:13:14,32.88,0.0,11,36164,买盘
10:13:18,32.86,-0.02,112,368139,卖盘
10:13:21,32.87,0.01,62,203794,买盘
10:13:23,32.87,0.0,145,476600,买盘
10:13:27,32.87,0.0,61,200507,买盘
10:13:30,32.86,-0.01,210,690149,卖盘
10:13:33,32.86,0.0,148,486434,卖盘
10:13:36,32.86,0.0,115,377948,卖盘
10:13:39,32.86,0.0,56,184028,卖盘
10:13:42,32.86,0.0,171,561909,卖盘
10:13:45,32.86,0.0,58,190585,买盘
10:13:48,32.86,0.0,155,509331,买盘
10:13:51,32.86,0.0,1,3286,卖盘
10:13:54,32.86,0.0,77,253046,卖盘
10:13:56,32.85,-0.01,204,670230,卖盘
10:13:59,32.85,0.0,64,210238,买盘
10:14:03,32.85,0.0,146,479610,买盘
10:14:05,32.85,0.0,241,791671,买盘
10:14:09,32.84,-0.01,50,164235,卖盘
10:14:12,32.85,0.01,18,59130,卖盘
10:14:15,32.86,0.01,32,105135,买盘
10:14:17,32.85,-0.01,312,1024808,卖盘
10:14:21,32.85,0.0,54,177390,卖盘
10:14:24,32.86,0.01,56,183970,买盘
10:14:27,32.86,0.0,2,6572,买盘
10:14:30,32.86,0.0,114,374535,买盘
10:14:33,32.86,0.0,167,548732,买盘
10:14:35,32.86,0.0,53,174192,卖盘
10:14:39,32.86,0.0,83,272802,卖盘
10:14:42,32.88,0.02,179,591383,买盘
10:14:45,32.89,0.01,235,772685,买盘
10:14:48,32.88,-0.01,227,746585,卖盘
10:14:51,32.89,0.01,53,174317,买盘
10:14:53,32.87,-0.02,83,272893,卖盘
10:14:56,32.88,0.01,31,101928,买盘
10:15:00,32.88,0.0,28,92064,买盘
10:15:03,32.88,0.0,218,713795,买盘
10:15:06,32.88,0.0,103,341519,买盘
10:15:09,32.88,0.0,11,36168,卖盘
10:15:11,32.89,0.01,88,289432,买盘
10:15:15,32.88,-0.01,54,177599,卖盘
10:15:17,32.89,0.01,55,180891,买盘
10:15:24,32.89,0.0,32,105248,买盘
10:15:27,32.88,-0.01,121,397857,卖盘
10:15:30,32.89,0.01,188,618302,买盘
10:15:32,32.9,0.01,81,266474,买盘
10:15:36,32.89,-0.01,6,19734,中性盘
10:15:38,32.89,0.0,9,29604,卖盘
10:15:42,32.89,0.0,36,118434,卖盘
10:15:45,32.89,0.0,21,69069,卖盘
10:15:48,32.89,0.0,68,223652,卖盘
10:15:51,32.88,-0.01,26,85509,卖盘
10:15:54,32.9,0.02,344,1131417,买盘
10:15:57,32.89,-0.01,5,16445,卖盘
10:16:00,32.89,0.0,33,108540,卖盘
10:16:02,32.89,0.0,144,473725,卖盘
10:16:06,32.89,0.0,48,157868,买盘
10:16:09,32.89,0.0,209,687395,买盘
10:16:11,32.88,-0.01,6,19733,卖盘
10:16:15,32.88,0.0,25,82209,卖盘
10:16:18,32.88,0.0,33,108504,卖盘
10:16:21,32.89,0.01,52,171023,买盘
10:16:23,32.89,0.0,163,536107,买盘
10:16:27,32.89,0.0,558,1835817,卖盘
10:16:30,32.89,0.0,51,167745,卖盘
10:16:33,32.89,0.0,77,253257,买盘
10:16:36,32.91,0.02,94,309341,买盘
10:16:39,32.9,-0.01,50,164499,中性盘
10:16:42,32.9,0.0,188,618549,买盘
10:16:45,32.91,0.01,184,605544,买盘
10:16:48,32.91,0.0,262,862491,卖盘
10:16:51,32.91,0.0,133,437759,卖盘
10:16:54,32.92,0.01,144,474048,买盘
10:16:57,32.92,0.0,89,292976,买盘
10:17:00,32.92,0.0,328,1079776,买盘
10:17:02,32.91,-0.01,505,1662597,卖盘
10:17:05,32.91,0.0,136,446253,买盘
10:17:09,32.92,0.01,188,618828,买盘
10:17:12,32.94,0.02,23,75756,买盘
10:17:15,32.93,-0.01,54,177888,卖盘
10:17:18,32.93,0.0,51,168043,卖盘
10:17:21,32.95,0.02,151,497532,买盘
10:17:24,32.95,0.0,111,365745,买盘
10:17:27,32.95,0.0,61,200995,买盘
10:17:30,32.95,0.0,14,46130,卖盘
10:17:33,32.95,0.0,70,230687,卖盘
10:17:36,32.95,0.0,8,26360,卖盘
10:17:39,32.96,0.01,20,65920,买盘
10:17:42,32.96,0.0,120,395470,卖盘
10:17:44,32.97,0.01,57,187926,买盘
10:17:48,32.96,-0.01,33,108780,卖盘
10:17:51,32.97,0.01,38,125256,买盘
10:17:54,32.97,0.0,28,92316,买盘
10:17:57,32.97,0.0,66,217581,买盘
10:17:59,32.96,-0.01,59,194499,卖盘
10:18:03,32.97,0.01,176,580268,买盘
10:18:06,32.96,-0.01,129,425276,卖盘
10:18:08,32.98,0.02,520,1715352,买盘
10:18:12,32.99,0.01,121,399271,中性盘
10:18:14,32.99,0.0,27,89074,卖盘
10:18:18,32.99,0.0,40,131999,卖盘
10:18:21,32.99,0.0,30,98998,卖盘
10:18:24,33.0,0.01,51,168267,买盘
10:18:27,33.0,0.0,14,46196,买盘
10:18:29,32.99,-0.01,22,72593,卖盘
10:18:33,33.0,0.01,212,699598,买盘
10:18:36,32.99,-0.01,22,72579,卖盘
10:18:39,32.98,-0.01,6,19790,卖盘
10:18:41,32.97,-0.01,105,346219,卖盘
10:18:45,32.99,0.02,61,201235,买盘
10:18:47,32.97,-0.02,46,151714,卖盘
10:18:51,32.99,0.02,34,112121,买盘
10:18:54,32.98,-0.01,32,105567,中性盘
10:18:57,32.96,-0.02,52,171466,卖盘
10:19:00,32.96,0.0,4,13185,卖盘
10:19:03,32.98,0.02,52,171487,买盘
10:19:06,32.99,0.01,63,207777,买盘
10:19:09,32.98,-0.01,95,313387,中性盘
10:19:12,32.96,-0.02,61,201105,卖盘
10:19:15,32.96,0.0,18,59336,卖盘
10:19:18,32.96,0.0,23,75824,卖盘
10:19:21,32.96,0.0,44,145072,卖盘
10:19:24,32.96,0.0,57,187910,卖盘
10:19:27,32.96,0.0,127,418587,卖盘
10:19:29,32.95,-0.01,224,738080,卖盘
10:19:33,32.93,-0.02,488,1607577,卖盘
10:19:36,32.94,0.01,2,6588,中性盘
10:19:39,32.93,-0.01,23,75756,卖盘
10:19:42,32.92,-0.01,132,434651,卖盘
10:19:45,32.92,0.0,3,9876,买盘
10:19:48,32.9,-0.02,117,385032,卖盘
10:19:51,32.91,0.01,6,19746,中性盘
10:19:54,32.91,0.0,45,148095,买盘
10:19:56,32.9,-0.01,5,16450,卖盘
10:20:00,32.91,0.01,29,95433,买盘
10:20:03,32.9,-0.01,118,388329,卖盘
10:20:06,32.9,0.0,57,187544,卖盘
10:20:09,32.91,0.01,214,704272,买盘
10:20:12,32.92,0.01,30,98750,买盘
10:20:15,32.91,-0.01,4,13167,卖盘
10:20:18,32.91,0.0,35,115185,卖盘
10:20:20,32.92,0.01,61,200783,买盘
10:20:24,32.91,-0.01,26,85574,卖盘
10:20:27,32.92,0.01,5,16460,卖盘
10:20:30,32.92,0.0,4,13168,卖盘
10:20:33,32.92,0.0,22,72428,卖盘
10:20:36,32.92,0.0,16,52676,卖盘
10:20:39,32.92,0.0,420,1382420,卖盘
10:20:42,32.91,-0.01,815,2679460,中性盘
10:20:44,32.91,0.0,1,3291,买盘
10:20:48,32.9,-0.01,11,36184,买盘
10:20:51,32.91,0.01,20,65812,买盘
10:20:54,32.9,-0.01,1,3290,中性盘
10:20:56,32.91,0.01,32,105255,买盘
10:21:00,32.87,-0.04,841,2761508,卖盘
10:21:03,32.86,-0.01,50,164400,买盘
10:21:06,32.86,0.0,25,82207,卖盘
10:21:09,32.91,0.05,116,381754,买盘
10:21:12,32.91,0.0,11,36201,卖盘
10:21:15,32.91,0.0,29,95439,卖盘
10:21:18,32.92,0.01,51,167852,买盘
10:21:21,32.91,-0.01,5,16455,卖盘
10:21:24,32.91,0.0,196,645101,卖盘
10:21:27,32.89,-0.02,9,29617,中性盘
10:21:30,32.86,-0.03,90,295797,卖盘
10:21:32,32.89,0.03,9,29589,买盘
10:21:36,32.86,-0.03,4,13146,卖盘
10:21:38,32.85,-0.01,99,325284,卖盘
10:21:42,32.88,0.03,2,6576,买盘
10:21:45,32.88,0.0,63,206911,买盘
10:21:48,32.85,-0.03,18,59183,卖盘
10:21:51,32.85,0.0,26,85414,卖盘
10:21:53,32.85,0.0,27,88701,买盘
10:21:56,32.84,-0.01,50,164265,卖盘
10:22:00,32.84,0.0,24,78836,卖盘
10:22:03,32.88,0.04,55,180757,买盘
10:22:06,32.86,-0.02,63,207081,卖盘
10:22:09,32.88,0.02,111,364947,买盘
10:22:12,32.88,0.0,15,49320,卖盘
10:22:14,32.88,0.0,38,124936,买盘
10:22:17,32.86,-0.02,9,29584,中性盘
10:22:21,32.88,0.02,53,174258,买盘
10:22:23,32.88,0.0,38,125783,买盘
10:22:27,32.87,-0.01,162,532579,卖盘
10:22:30,32.88,0.01,167,549091,买盘
10:22:33,32.88,0.0,222,729729,买盘
10:22:36,32.87,-0.01,24,78893,卖盘
10:22:39,32.86,-0.01,89,292459,卖盘
10:22:42,32.85,-0.01,346,1137157,卖盘
10:22:45,32.84,-0.01,178,583886,卖盘
10:22:48,32.85,0.01,28,91976,买盘
10:22:51,32.85,0.0,1128,3709074,买盘
10:22:54,32.87,0.02,30,98565,中性盘
10:22:57,32.87,0.0,34,111753,卖盘
10:23:00,32.86,-0.01,18,59148,卖盘
10:23:03,32.87,0.01,70,230067,买盘
10:23:06,32.86,-0.01,131,430537,卖盘
10:23:09,32.87,0.01,34,111749,买盘
10:23:12,32.87,0.0,15,49305,卖盘
10:23:15,32.87,0.0,16,52597,卖盘
10:23:18,32.9,0.03,48,157846,买盘
10:23:21,32.89,-0.01,14,46051,中性盘
10:23:24,32.9,0.01,12,39470,买盘
10:23:26,32.9,0.0,5,16442,买盘
10:23:30,32.88,-0.02,6,19728,卖盘
10:23:33,32.9,0.02,48,157897,买盘
10:23:36,32.89,-0.01,1,3289,买盘
10:23:39,32.88,-0.01,100,328706,卖盘
10:23:42,32.89,0.01,32,105233,买盘
10:23:44,32.88,-0.01,16,52609,卖盘
10:23:47,32.88,0.0,28,92091,卖盘
10:23:50,32.88,0.0,80,262971,买盘
10:23:54,32.88,0.0,17,55888,买盘
10:23:57,32.88,0.0,1,3288,买盘
10:24:00,32.88,0.0,20,65757,买盘
10:24:03,32.88,0.0,107,351843,买盘
10:24:05,32.88,0.0,15,49312,卖盘
10:24:09,32.89,0.01,116,381494,买盘
10:24:12,32.89,0.0,33,108506,买盘
10:24:15,32.89,0.0,44,144704,买盘
10:24:17,32.88,-0.01,11,36168,卖盘
10:24:21,32.89,0.01,19,62484,买盘
10:24:23,32.89,0.0,27,88783,买盘
10:24:27,32.88,-0.01,37,121666,卖盘
10:24:30,32.88,0.0,84,276262,卖盘
10:24:33,32.89,0.01,225,739978,买盘
10:24:35,32.89,0.0,60,197386,卖盘
10:24:39,32.88,-0.01,126,414367,卖盘
10:24:42,32.9,0.02,10,32886,买盘
10:24:44,32.88,-0.02,8,26304,卖盘
10:24:48,32.88,0.0,11,36176,卖盘
10:24:51,32.89,0.01,12,39458,买盘
10:24:54,32.89,0.0,76,249908,买盘
10:24:57,32.89,0.0,15,49323,买盘
10:25:00,32.87,-0.02,3,9862,卖盘
10:25:03,32.89,0.02,142,467060,买盘
10:25:06,32.9,0.01,69,227006,买盘
10:25:09,32.9,0.0,137,450729,买盘
10:25:12,32.89,-0.01,7,23027,卖盘
10:25:14,32.9,0.01,3,9870,买盘
10:25:18,32.89,-0.01,2,6578,卖盘
10:25:21,32.89,0.0,14,46046,买盘
10:25:23,32.89,0.0,11,36179,买盘
10:25:27,32.89,0.0,4,13156,买盘
10:25:29,32.88,-0.01,121,397868,卖盘
10:25:33,32.89,0.01,51,167691,买盘
10:25:35,32.87,-0.02,42,138078,卖盘
10:25:39,32.87,0.0,97,318839,卖盘
10:25:41,32.85,-0.02,171,561770,卖盘
10:25:45,32.88,0.03,136,447077,买盘
10:25:48,32.85,-0.03,8,26294,中性盘
10:25:54,32.84,-0.01,65,213479,卖盘
10:25:57,32.87,0.03,54,177367,买盘
10:26:00,32.84,-0.03,55,180625,卖盘
10:26:02,32.85,0.01,48,157705,买盘
10:26:06,32.84,-0.01,70,229946,卖盘
10:26:09,32.85,0.01,142,466467,买盘
10:26:12,32.84,-0.01,148,486066,卖盘
10:26:15,32.83,-0.01,161,528654,卖盘
10:26:18,32.83,0.0,215,704782,卖盘
10:26:21,32.81,-0.02,286,938637,卖盘
10:26:24,32.81,0.0,645,2116355,卖盘
10:26:27,32.8,-0.01,183,600352,卖盘
10:26:29,32.8,0.0,258,846274,卖盘
10:26:33,32.8,0.0,11,36084,卖盘
10:26:35,32.8,0.0,151,495280,卖盘
10:26:39,32.8,0.0,140,459197,卖盘
10:26:42,32.77,-0.03,766,2511491,卖盘
10:26:45,32.77,0.0,112,367024,卖盘
10:26:48,32.77,0.0,27,88479,买盘
10:26:51,32.77,0.0,31,101587,买盘
10:26:54,32.77,0.0,75,245712,买盘
10:26:56,32.75,-0.02,114,373442,卖盘
10:27:00,32.76,0.01,7,22931,买盘
10:27:03,32.77,0.01,94,307982,买盘
10:27:05,32.77,0.0,17,55702,买盘
10:27:09,32.77,0.0,216,707784,买盘
10:27:12,32.77,0.0,116,380156,卖盘
10:27:15,32.77,0.0,201,659238,卖盘
10:27:18,32.77,0.0,310,1016610,卖盘
10:27:21,32.8,0.03,50,163999,买盘
10:27:24,32.8,0.0,205,672394,买盘
10:27:27,32.83,0.03,62,203530,买盘
10:27:30,32.82,-0.01,58,190400,中性盘
10:27:33,32.8,-0.02,61,200256,卖盘
10:27:35,32.79,-0.01,81,265824,卖盘
10:27:39,32.84,0.05,189,620049,买盘
10:27:42,32.8,-0.04,18,59038,中性盘
10:27:45,32.8,0.0,28,91940,卖盘
10:27:47,32.84,0.04,69,226482,买盘
10:27:51,32.83,-0.01,5,16415,中性盘
10:27:54,32.84,0.01,196,643552,买盘
10:27:57,32.82,-0.02,85,278902,卖盘
10:28:00,32.84,0.02,58,190519,买盘
10:28:03,32.85,0.01,70,229950,买盘
10:28:06,32.85,0.0,4,13141,卖盘
10:28:09,32.85,0.0,265,870774,卖盘
10:28:12,32.86,0.01,32,105120,买盘
10:28:15,32.86,0.0,18,59147,买盘
10:28:17,32.84,-0.02,7,22990,卖盘
10:28:21,32.84,0.0,4,13136,卖盘
10:28:24,32.84,0.0,47,154361,买盘
10:28:27,32.85,0.01,24,78840,买盘
10:28:29,32.83,-0.02,23,75527,卖盘
10:28:33,32.84,0.01,12,39408,买盘
10:28:36,32.83,-0.01,58,190417,卖盘
10:28:39,32.83,0.0,1,3283,买盘
10:28:42,32.83,0.0,21,70049,买盘
10:28:45,32.83,0.0,20,65650,买盘
10:28:48,32.83,0.0,61,200983,买盘
10:28:51,32.83,0.0,22,72227,卖盘
10:28:54,32.84,0.01,15,49246,买盘
10:28:57,32.83,-0.01,12,39404,卖盘
10:29:00,32.83,0.0,90,295500,卖盘
10:29:03,32.84,0.01,80,262718,买盘
10:29:06,32.85,0.01,72,235710,买盘
10:29:09,32.85,0.0,119,390892,买盘
10:29:12,32.84,-0.01,35,114957,中性盘
10:29:15,32.85,0.01,1,3285,买盘
10:29:18,32.85,0.0,11,36130,买盘
10:29:20,32.85,0.0,48,157677,买盘
10:29:24,32.84,-0.01,235,771800,卖盘
10:29:27,32.84,0.0,19,62394,买盘
10:29:29,32.84,0.0,4,13136,买盘
10:29:33,32.83,-0.01,77,252851,卖盘
10:29:35,32.8,-0.03,1229,4032691,卖盘
10:29:39,32.79,-0.01,146,478738,卖盘
10:29:41,32.79,0.0,26,85254,买盘
10:29:45,32.79,0.0,60,196743,卖盘
10:29:48,32.79,0.0,61,200058,卖盘
10:29:51,32.8,0.01,65,213140,买盘
10:29:54,32.8,0.0,16,52480,买盘
10:29:57,32.79,-0.01,42,137724,卖盘
10:29:59,32.8,0.01,40,131179,买盘
10:30:03,32.79,-0.01,83,272157,买盘
10:30:05,32.79,0.0,21,68850,买盘
10:30:09,32.79,0.0,58,190161,买盘
10:30:12,32.79,0.0,14,45907,卖盘
10:30:14,32.8,0.01,63,206636,买盘
10:30:18,32.79,-0.01,190,623195,卖盘
10:30:21,32.79,0.0,27,88548,卖盘
10:30:23,32.8,0.01,469,1539423,买盘
10:30:27,32.82,0.02,35,114806,买盘
10:30:30,32.8,-0.02,9,29520,卖盘
10:30:33,32.82,0.02,561,1840094,买盘
10:30:36,32.83,0.01,154,504593,买盘
10:30:38,32.82,-0.01,9,29538,中性盘
10:30:42,32.8,-0.02,11,36075,买盘
10:30:44,32.79,-0.01,25,81986,卖盘
10:30:48,32.79,0.0,192,629587,卖盘
10:30:51,32.79,0.0,9,29516,卖盘
10:30:54,32.8,0.01,45,147600,买盘
10:30:57,32.82,0.02,14,45942,买盘
10:31:00,32.8,-0.02,5,16400,卖盘
10:31:03,32.8,0.0,91,298726,卖盘
10:31:06,32.8,0.0,3,9843,卖盘
10:31:09,32.8,0.0,314,1030521,卖盘
10:31:12,32.8,0.0,45,147618,卖盘
10:31:15,32.8,0.0,7,22960,卖盘
10:31:18,32.8,0.0,11,36080,买盘
10:31:21,32.8,0.0,6,19680,买盘
10:31:24,32.8,0.0,55,180392,买盘
10:31:27,32.8,0.0,28,91845,买盘
10:31:30,32.8,0.0,11,36080,卖盘
10:31:32,32.8,0.0,14,45920,卖盘
10:31:35,32.8,0.0,135,442763,卖盘
10:31:39,32.8,0.0,46,150875,买盘
10:31:42,32.8,0.0,6,19680,买盘
10:31:44,32.8,0.0,111,364069,买盘
10:31:47,32.8,0.0,69,226318,买盘
10:31:51,32.8,0.0,74,242720,买盘
10:31:54,32.8,0.0,18,59035,买盘
10:31:57,32.8,0.0,55,180387,买盘
10:32:00,32.79,-0.01,9,29511,卖盘
10:32:03,32.79,0.0,232,761221,卖盘
10:32:05,32.79,0.0,65,213135,买盘
10:32:09,32.79,0.0,169,553669,买盘
10:32:12,32.79,0.0,49,161158,卖盘
10:32:15,32.79,0.0,19,62287,买盘
10:32:18,32.79,0.0,9,29511,买盘
10:32:21,32.79,0.0,15,49184,买盘
10:32:24,32.79,0.0,68,222480,买盘
10:32:27,32.8,0.01,15,48766,买盘
10:32:30,32.79,-0.01,19,62301,卖盘
10:32:33,32.79,0.0,462,1514634,买盘
10:32:36,32.78,-0.01,99,324588,卖盘
10:32:39,32.79,0.01,6,19675,卖盘
10:32:42,32.79,0.0,22,72141,卖盘
10:32:44,32.8,0.01,9,29520,买盘
10:32:47,32.8,0.0,13,42640,卖盘
10:32:51,32.8,0.0,8,26247,卖盘
10:32:53,32.81,0.01,56,183719,买盘
10:32:56,32.8,-0.01,2,6560,卖盘
10:33:00,32.8,0.0,25,82010,卖盘
10:33:03,32.81,0.01,18,59058,买盘
10:33:06,32.79,-0.02,156,511716,卖盘
10:33:08,32.82,0.03,146,479156,买盘
10:33:12,32.82,0.0,1,3282,买盘
10:33:14,32.8,-0.02,13,42648,卖盘
10:33:17,32.82,0.02,13,42666,买盘
10:33:21,32.81,-0.01,7,22970,卖盘
10:33:24,32.8,-0.01,43,141079,卖盘
10:33:27,32.81,0.01,113,370494,中性盘
10:33:29,32.8,-0.01,19,62335,卖盘
10:33:33,32.78,-0.02,122,400126,卖盘
10:33:36,32.82,0.04,8,26256,买盘
10:33:38,32.81,-0.01,10,32806,买盘
10:33:42,32.8,-0.01,26,85283,卖盘
10:33:45,32.8,0.0,13,42651,卖盘
10:33:48,32.8,0.0,46,150885,卖盘
10:33:51,32.81,0.01,88,288728,买盘
10:33:54,32.81,0.0,15,49215,卖盘
10:33:57,32.81,0.0,5,16405,卖盘
10:33:59,32.81,0.0,4,13124,卖盘
10:34:03,32.82,0.01,110,360993,买盘
10:34:06,32.82,0.0,31,101742,买盘
10:34:09,32.83,0.01,90,295470,买盘
10:34:12,32.83,0.0,21,68943,卖盘
10:34:14,32.83,0.0,8,26264,卖盘
10:34:18,32.83,0.0,61,200247,卖盘
10:34:21,32.83,0.0,12,39396,卖盘
10:34:24,32.83,0.0,39,128069,卖盘
10:34:27,32.81,-0.02,366,1201152,卖盘
10:34:32,32.83,0.02,143,469198,买盘
10:34:36,32.83,0.0,11,36113,买盘
10:34:39,32.82,-0.01,5,16410,卖盘
10:34:42,32.81,-0.01,12,39374,卖盘
10:34:45,32.81,0.0,14,45934,卖盘
10:34:47,32.81,0.0,148,485588,买盘
10:34:50,32.81,0.0,11,36090,买盘
10:34:54,32.8,-0.01,45,147623,卖盘
10:34:56,32.81,0.01,28,91871,中性盘
10:35:00,32.82,0.01,159,521642,买盘
10:35:03,32.82,0.0,127,416894,卖盘
10:35:05,32.81,-0.01,81,265840,卖盘
10:35:09,32.81,0.0,188,616995,卖盘
10:35:12,32.83,0.02,75,246131,买盘
10:35:14,32.8,-0.03,146,479057,卖盘
10:35:18,32.8,0.0,7,22960,买盘
10:35:20,32.79,-0.01,9,29514,卖盘
10:35:24,32.8,0.01,136,445973,买盘
10:35:26,32.8,0.0,33,108248,买盘
10:35:29,32.79,-0.01,18,59022,卖盘
10:35:33,32.79,0.0,115,376979,买盘
10:35:35,32.78,-0.01,95,311360,卖盘
10:35:38,32.77,-0.01,183,599691,卖盘
10:35:42,32.76,-0.01,220,720767,卖盘
10:35:45,32.76,0.0,13,42586,买盘
10:35:48,32.76,0.0,3,9827,买盘
10:35:51,32.76,0.0,169,553505,买盘
10:35:54,32.75,-0.01,62,203069,卖盘
10:35:56,32.75,0.0,405,1326394,卖盘
10:35:59,32.75,0.0,3,9825,买盘
10:36:03,32.74,-0.01,161,527199,卖盘
10:36:05,32.74,0.0,54,176798,卖盘
10:36:09,32.75,0.01,189,618925,买盘
10:36:12,32.75,0.0,89,291475,卖盘
10:36:15,32.75,0.0,34,111350,卖盘
10:36:18,32.75,0.0,81,265342,卖盘
10:36:20,32.76,0.01,15,49140,买盘
10:36:24,32.77,0.01,433,1418538,买盘
10:36:26,32.76,-0.01,194,635735,卖盘
10:36:29,32.78,0.02,153,501361,买盘
10:36:33,32.76,-0.02,108,353849,卖盘
10:36:36,32.77,0.01,18,58989,卖盘
10:36:39,32.77,0.0,32,104871,卖盘
10:36:42,32.76,-0.01,38,124513,卖盘
10:36:45,32.76,0.0,9,29493,卖盘
10:36:47,32.78,0.02,4,13112,买盘
10:36:51,32.77,-0.01,27,88479,卖盘
10:36:53,32.78,0.01,159,521408,买盘
10:36:57,32.78,0.0,17,55737,卖盘
10:37:00,32.78,0.0,2,6558,卖盘
10:37:03,32.78,0.0,88,288630,卖盘
10:37:06,32.8,0.02,19,62310,买盘
10:37:09,32.81,0.01,205,674178,买盘
10:37:12,32.8,-0.01,1,3280,卖盘
10:37:15,32.81,0.01,37,121397,买盘
10:37:18,32.8,-0.01,1,3280,卖盘
10:37:21,32.81,0.01,4,13123,买盘
10:37:24,32.8,-0.01,35,114824,卖盘
10:37:27,32.81,0.01,4,13124,卖盘
10:37:29,32.82,0.01,52,170663,买盘
10:37:33,32.82,0.0,159,521733,买盘
10:37:35,32.82,0.0,9,29535,买盘
10:37:39,32.8,-0.02,15,49222,卖盘
10:37:42,32.81,0.01,11,36089,买盘
10:37:45,32.82,0.01,23,75474,买盘
10:37:48,32.82,0.0,3,9846,买盘
10:37:51,32.82,0.0,21,68921,买盘
10:37:54,32.82,0.0,27,88614,买盘
10:37:56,32.81,-0.01,29,95170,卖盘
10:38:03,32.81,0.0,114,374118,卖盘
10:38:06,32.82,0.01,64,210048,买盘
10:38:09,32.82,0.0,161,528401,买盘
10:38:12,32.81,-0.01,20,65633,卖盘
10:38:14,32.82,0.01,12,39384,买盘
10:38:18,32.81,-0.01,1,3281,卖盘
10:38:20,32.83,0.02,303,994689,买盘
10:38:23,32.83,0.0,56,183839,买盘
10:38:27,32.83,0.0,1,3283,卖盘
10:38:29,32.82,-0.01,191,627241,卖盘
10:38:33,32.82,0.0,126,413568,卖盘
10:38:36,32.84,0.02,45,147800,卖盘
10:38:39,32.84,0.0,7,22988,卖盘
10:38:42,32.82,-0.02,5,16414,卖盘
10:38:45,32.82,0.0,52,170766,卖盘
10:38:47,32.84,0.02,6,19704,买盘
10:38:50,32.83,-0.01,6,19698,卖盘
10:38:54,32.84,0.01,66,216745,买盘
10:38:56,32.84,0.0,18,59112,卖盘
10:39:00,32.84,0.0,1,3284,买盘
10:39:03,32.84,0.0,15,49263,买盘
10:39:05,32.84,0.0,251,822169,卖盘
10:39:09,32.85,0.01,213,699626,买盘
10:39:12,32.84,-0.01,23,75531,买盘
10:39:14,32.84,0.0,12,39408,买盘
10:39:18,32.84,0.0,10,32839,买盘
10:39:21,32.84,0.0,35,114941,卖盘
10:39:24,32.82,-0.02,237,778102,卖盘
10:39:26,32.84,0.02,15,49273,中性盘
10:39:29,32.82,-0.02,104,341393,卖盘
10:39:33,32.85,0.03,3,9853,买盘
10:39:35,32.84,-0.01,12,39408,买盘
10:39:38,32.84,0.0,10,32840,买盘
10:39:42,32.82,-0.02,14,45950,卖盘
10:39:44,32.84,0.02,18,59101,买盘
10:39:48,32.82,-0.02,22,72213,卖盘
10:39:51,32.84,0.02,21,68964,买盘
10:39:54,32.83,-0.01,13,42680,中性盘
10:39:57,32.82,-0.01,24,78792,卖盘
10:39:59,32.84,0.02,10,32840,买盘
10:40:03,32.84,0.0,86,282421,买盘
10:40:05,32.84,0.0,59,193726,买盘
10:40:08,32.85,0.01,36,118239,买盘
10:40:11,32.85,0.0,84,275858,买盘
10:40:15,32.84,-0.01,11,36124,卖盘
10:40:18,32.85,0.01,29,95265,买盘
10:40:21,32.84,-0.01,150,492738,卖盘
10:40:24,32.85,0.01,209,686565,买盘
10:40:27,32.85,0.0,34,111680,买盘
10:40:29,32.84,-0.01,119,390812,卖盘
10:40:33,32.85,0.01,46,151110,买盘
10:40:36,32.84,-0.01,19,62410,卖盘
10:40:39,32.85,0.01,37,121515,买盘
10:40:42,32.85,0.0,11,36135,买盘
10:40:45,32.85,0.0,22,72264,买盘
10:40:48,32.85,0.0,72,236518,买盘
10:40:51,32.84,-0.01,121,397364,卖盘
10:40:54,32.84,0.0,12,39407,买盘
10:40:57,32.83,-0.01,104,341453,卖盘
10:41:00,32.82,-0.01,53,173998,卖盘
10:41:03,32.83,0.01,241,791306,买盘
10:41:05,32.83,0.0,42,137886,买盘
10:41:09,32.83,0.0,34,111621,买盘
10:41:12,32.83,0.0,127,416941,买盘
10:41:15,32.83,0.0,3,9851,卖盘
10:41:18,32.84,0.01,1,3284,买盘
10:41:20,32.83,-0.01,107,351296,卖盘
10:41:23,32.83,0.0,16,52534,卖盘
10:41:26,32.83,0.0,67,219996,卖盘
10:41:30,32.83,0.0,122,400545,卖盘
10:41:32,32.84,0.01,4,13136,买盘
10:41:36,32.84,0.0,35,114923,买盘
10:41:39,32.84,0.0,106,348104,买盘
10:41:42,32.84,0.0,50,164184,买盘
10:41:45,32.83,-0.01,95,311885,卖盘
10:41:47,32.83,0.0,23,75509,买盘
10:41:51,32.83,0.0,18,59094,买盘
10:41:53,32.83,0.0,18,59093,买盘
10:41:57,32.83,0.0,26,85358,买盘
10:42:00,32.82,-0.01,14,45961,卖盘
10:42:03,32.82,0.0,327,1073428,卖盘
10:42:05,32.83,0.01,35,114905,买盘
10:42:09,32.83,0.0,50,164130,买盘
10:42:12,32.83,0.0,157,515436,买盘
10:42:15,32.83,0.0,8,26264,卖盘
10:42:18,32.84,0.01,7,22988,买盘
10:42:21,32.83,-0.01,25,82092,卖盘
10:42:24,32.83,0.0,30,98497,卖盘
10:42:27,32.84,0.01,43,141208,买盘
10:42:30,32.84,0.0,119,390694,买盘
10:42:33,32.84,0.0,19,62386,买盘
10:42:36,32.83,-0.01,29,95233,卖盘
10:42:39,32.84,0.01,22,72248,买盘
10:42:42,32.84,0.0,69,226541,买盘
10:42:45,32.84,0.0,36,118193,买盘
10:42:48,32.83,-0.01,102,334966,卖盘
10:42:51,32.84,0.01,44,144492,买盘
10:42:54,32.83,-0.01,15,49255,卖盘
10:42:57,32.83,0.0,263,863463,卖盘
10:43:00,32.84,0.01,84,275854,买盘
10:43:03,32.84,0.0,114,374457,卖盘
10:43:05,32.84,0.0,5,16424,卖盘
10:43:09,32.85,0.01,122,400731,买盘
10:43:12,32.85,0.0,193,634004,买盘
10:43:15,32.85,0.0,125,410621,买盘
10:43:18,32.85,0.0,63,206955,买盘
10:43:21,32.86,0.01,71,233251,买盘
10:43:24,32.85,-0.01,28,91963,中性盘
10:43:26,32.86,0.01,3,9858,买盘
10:43:30,32.86,0.0,110,361250,买盘
10:43:33,32.84,-0.02,27,88689,卖盘
10:43:36,32.84,0.0,35,114940,买盘
10:43:39,32.85,0.01,22,72265,买盘
10:43:42,32.84,-0.01,15,49273,中性盘
10:43:45,32.84,0.0,86,282434,卖盘
10:43:48,32.84,0.0,29,95245,卖盘
10:43:51,32.85,0.01,21,68980,买盘
10:43:54,32.84,-0.01,24,78831,卖盘
10:43:56,32.85,0.01,26,85410,买盘
10:43:59,32.83,-0.02,79,259466,卖盘
10:44:03,32.84,0.01,79,259447,买盘
10:44:06,32.85,0.01,35,114972,买盘
10:44:09,32.85,0.0,5,16423,买盘
10:44:12,32.85,0.0,165,542023,买盘
10:44:15,32.85,0.0,15,49273,买盘
10:44:18,32.85,0.0,14,45988,买盘
10:44:21,32.85,0.0,13,42708,买盘
10:44:24,32.84,-0.01,29,95261,卖盘
10:44:26,32.85,0.01,27,88698,买盘
10:44:30,32.86,0.01,120,394163,买盘
10:44:33,32.86,0.0,46,151156,买盘
10:44:36,32.86,0.0,11,36146,买盘
10:44:39,32.86,0.0,234,768909,买盘
10:44:42,32.86,0.0,53,174120,卖盘
10:44:45,32.87,0.01,11,36157,买盘
10:44:51,32.87,0.0,45,147913,买盘
10:44:54,32.86,-0.01,104,341804,卖盘
10:44:57,32.87,0.01,28,92036,买盘
10:45:00,32.87,0.0,27,88737,买盘
10:45:03,32.87,0.0,74,243235,买盘
10:45:06,32.86,-0.01,31,101879,卖盘
10:45:09,32.88,0.02,27,88756,买盘
10:45:12,32.87,-0.01,37,121644,卖盘
10:45:15,32.87,0.0,150,493063,卖盘
10:45:18,32.87,0.0,3,9859,买盘
10:45:21,32.87,0.0,20,65740,买盘
10:45:24,32.87,0.0,43,141336,买盘
10:45:27,32.85,-0.02,139,456729,卖盘
10:45:30,32.86,0.01,20,65735,中性盘
10:45:33,32.86,0.0,3,9860,卖盘
10:45:35,32.86,0.0,21,69016,卖盘
10:45:39,32.87,0.01,18,59160,买盘
10:45:42,32.87,0.0,12,39444,买盘
10:45:45,32.87,0.0,12,39442,买盘
10:45:47,32.87,0.0,25,82175,买盘
10:45:51,32.87,0.0,18,59156,买盘
10:45:53,32.87,0.0,21,69021,买盘
10:45:57,32.87,0.0,3,9859,买盘
10:46:00,32.87,0.0,13,42731,买盘
10:46:03,32.87,0.0,121,397727,买盘
10:46:05,32.87,0.0,22,72304,买盘
10:46:09,32.87,0.0,3,9861,卖盘
10:46:12,32.88,0.01,128,420864,买盘
10:46:15,32.86,-0.02,181,594899,卖盘
10:46:17,32.88,0.02,97,318819,买盘
10:46:21,32.87,-0.01,19,62463,卖盘
10:46:24,32.85,-0.02,95,312347,卖盘
10:46:26,32.85,0.0,205,673768,卖盘
10:46:30,32.87,0.02,12,39442,中性盘
10:46:33,32.87,0.0,56,184070,买盘
10:46:36,32.87,0.0,25,82187,卖盘
10:46:39,32.87,0.0,5,16435,卖盘
10:46:42,32.87,0.0,53,174241,卖盘
10:46:45,32.88,0.01,19,62471,买盘
10:46:47,32.88,0.0,115,378020,买盘
10:46:51,32.87,-0.01,24,78910,卖盘
10:46:54,32.88,0.01,28,92044,买盘
10:46:57,32.88,0.0,117,384769,买盘
10:47:00,32.88,0.0,4,13152,买盘
10:47:03,32.88,0.0,91,299290,卖盘
10:47:09,32.89,0.01,17,55908,买盘
10:47:12,32.89,0.0,152,499953,买盘
10:47:15,32.88,-0.01,87,286119,卖盘
10:47:19,32.88,0.0,29,95352,买盘
10:47:21,32.86,-0.02,78,256391,卖盘
10:47:23,32.87,0.01,17,55879,买盘
10:47:27,32.86,-0.01,41,134731,中性盘
10:47:30,32.85,-0.01,18,59147,卖盘
10:47:33,32.85,0.0,43,141271,卖盘
10:47:36,32.84,-0.01,235,771820,卖盘
10:47:39,32.84,0.0,17,55828,买盘
10:47:42,32.84,0.0,373,1224407,买盘
10:47:45,32.83,-0.01,33,108366,卖盘
10:47:48,32.82,-0.01,9,29545,卖盘
10:47:51,32.83,0.01,11,36113,买盘
10:47:54,32.83,0.0,67,219940,买盘
10:47:57,32.83,0.0,39,128035,买盘
10:48:00,32.82,-0.01,16,52523,卖盘
10:48:03,32.83,0.01,95,311885,买盘
10:48:09,32.83,0.0,37,121452,买盘
10:48:12,32.83,0.0,283,929088,买盘
10:48:15,32.83,0.0,9,29546,买盘
10:48:19,32.82,-0.01,25,82071,卖盘
10:48:20,32.83,0.01,31,101754,买盘
10:48:24,32.83,0.0,37,121434,买盘
10:48:27,32.83,0.0,153,502048,买盘
10:48:30,32.81,-0.02,30,98440,卖盘
10:48:33,32.83,0.02,7,22977,买盘
10:48:36,32.83,0.0,9,29545,买盘
10:48:39,32.82,-0.01,9,29539,卖盘
10:48:42,32.83,0.01,54,177269,买盘
10:48:45,32.82,-0.01,14,45948,卖盘
10:48:48,32.82,0.0,2,6564,卖盘
10:48:51,32.82,0.0,13,42677,卖盘
10:48:54,32.83,0.01,21,68942,买盘
10:48:56,32.82,-0.01,56,183828,卖盘
10:49:00,32.82,0.0,14,45960,卖盘
10:49:03,32.82,0.0,125,410352,卖盘
10:49:06,32.82,0.0,2,6564,卖盘
10:49:08,32.83,0.01,12,39396,买盘
10:49:12,32.83,0.0,201,659859,买盘
10:49:15,32.83,0.0,15,49234,买盘
10:49:18,32.84,0.01,96,315154,买盘
10:49:21,32.84,0.0,15,49260,卖盘
10:49:24,32.83,-0.01,335,1099824,卖盘
10:49:27,32.83,0.0,43,141168,买盘
10:49:30,32.83,0.0,15,49245,买盘
10:49:31,32.83,0.0,2,6566,买盘
10:49:36,32.82,-0.01,10,32828,卖盘
10:49:39,32.83,0.01,2,6565,买盘
10:49:40,32.83,0.0,30,98490,买盘
10:49:48,32.82,-0.01,14,45958,卖盘
10:49:51,32.82,0.0,2,6564,卖盘
10:49:54,32.83,0.01,23,75509,买盘
10:49:57,32.83,0.0,58,190399,买盘
10:50:00,32.82,-0.01,24,78768,卖盘
10:50:03,32.83,0.01,95,311880,买盘
10:50:09,32.82,-0.01,51,167392,卖盘
10:50:12,32.85,0.03,193,633628,买盘
10:50:15,32.82,-0.03,4,13129,卖盘
10:50:19,32.83,0.01,1,3283,买盘
10:50:21,32.82,-0.01,10,32822,卖盘
10:50:24,32.86,0.04,8,26285,买盘
10:50:27,32.82,-0.04,95,311934,卖盘
10:50:30,32.85,0.03,19,62430,卖盘
10:50:33,32.85,0.0,11,36138,卖盘
10:50:36,32.85,0.0,13,42708,卖盘
10:50:39,32.85,0.0,7,22995,卖盘
10:50:41,32.86,0.01,30,98562,买盘
10:50:49,32.86,0.0,13,42713,买盘
10:50:51,32.86,0.0,12,39411,买盘
10:50:54,32.85,-0.01,11,36133,买盘
10:50:56,32.85,0.0,12,39420,买盘
10:51:00,32.85,0.0,6,19710,卖盘
10:51:03,32.86,0.01,80,262880,买盘
10:51:06,32.84,-0.02,51,167522,卖盘
10:51:09,32.84,0.0,10,32840,买盘
10:51:12,32.86,0.02,106,348110,买盘
10:51:15,32.84,-0.02,7,22988,卖盘
10:51:18,32.84,0.0,9,29564,卖盘
10:51:24,32.83,-0.01,96,315205,卖盘
10:51:27,32.84,0.01,16,52556,中性盘
10:51:33,32.84,0.0,3,9852,买盘
10:51:36,32.82,-0.02,48,157583,卖盘
10:51:39,32.83,0.01,3,9849,买盘
10:51:42,32.83,0.0,5,16415,买盘
10:51:43,32.83,0.0,8,26264,买盘
10:51:48,32.82,-0.01,33,108306,卖盘
10:51:51,32.82,0.0,1,3282,卖盘
10:51:54,32.83,0.01,471,1545057,买盘
10:51:57,32.83,0.0,10,32821,买盘
10:52:00,32.8,-0.03,92,301762,卖盘
10:52:03,32.8,0.0,83,272240,买盘
10:52:04,32.79,-0.01,7,22956,卖盘
10:52:08,32.8,0.01,8,26233,买盘
10:52:12,32.83,0.03,150,492061,买盘
10:52:15,32.83,0.0,5,16414,买盘
10:52:21,32.82,-0.01,5,16410,卖盘
10:52:23,32.8,-0.02,65,213271,卖盘
10:52:27,32.8,0.0,13,42640,买盘
10:52:33,32.8,0.0,145,475647,买盘
10:52:35,32.82,0.02,3,9844,买盘
10:52:39,32.82,0.0,7,22974,买盘
10:52:42,32.82,0.0,9,29538,买盘
10:52:45,32.79,-0.03,156,511679,卖盘
10:52:48,32.8,0.01,4,13120,买盘
10:52:51,32.8,0.0,97,320741,买盘
10:52:53,32.8,0.0,2,6560,卖盘
10:52:57,32.8,0.0,62,203360,卖盘
10:53:00,32.81,0.01,39,127929,买盘
10:53:02,32.81,0.0,51,167329,卖盘
10:53:06,32.82,0.01,642,2105886,买盘
10:53:09,32.8,-0.02,2,6561,卖盘
10:53:12,32.82,0.02,124,406997,买盘
10:53:15,32.82,0.0,18,59076,卖盘
10:53:17,32.83,0.01,27,88641,卖盘
10:53:21,32.83,0.0,9,29547,卖盘
10:53:24,32.82,-0.01,101,331484,卖盘
10:53:27,32.82,0.0,6,19691,买盘
10:53:30,32.82,0.0,15,49230,买盘
10:53:33,32.83,0.01,9,29545,买盘
10:53:36,32.83,0.0,7,22979,买盘
10:53:38,32.83,0.0,5,16414,买盘
10:53:42,32.83,0.0,19,62374,买盘
10:53:45,32.83,0.0,13,42678,买盘
10:53:48,32.83,0.0,2,6566,买盘
10:53:51,32.83,0.0,9,29547,中性盘
10:53:53,32.84,0.01,32,105088,买盘
10:53:57,32.84,0.0,129,423608,买盘
10:54:01,32.85,0.01,18,59120,买盘
10:54:03,32.85,0.0,74,243090,买盘
10:54:06,32.86,0.01,18,59148,买盘
10:54:09,32.85,-0.01,127,417245,卖盘
10:54:11,32.87,0.02,175,575223,买盘
10:54:15,32.89,0.02,207,680545,买盘
10:54:18,32.89,0.0,71,233499,买盘
10:54:21,32.9,0.01,49,161192,买盘
10:54:24,32.91,0.01,566,1862371,买盘
10:54:27,32.93,0.02,262,862571,买盘
10:54:30,32.94,0.01,62,204195,买盘
10:54:31,32.95,0.01,80,263540,买盘
10:54:36,32.95,0.0,202,665781,买盘
10:54:39,32.96,0.01,179,590150,中性盘
10:54:42,32.94,-0.02,65,214235,卖盘
10:54:44,32.97,0.03,324,1067540,买盘
10:54:48,32.96,-0.01,2,6592,买盘
10:54:51,32.93,-0.03,30,98836,卖盘
10:54:54,32.93,0.0,14,46102,买盘
10:54:57,32.95,0.02,70,230537,买盘
10:55:00,32.95,0.0,25,82385,卖盘
10:55:03,32.95,0.0,6,19761,买盘
10:55:06,32.93,-0.02,168,553224,卖盘
10:55:09,32.92,-0.01,14,46117,卖盘
10:55:12,32.96,0.04,36,118620,买盘
10:55:15,32.95,-0.01,25,82365,中性盘
10:55:17,32.93,-0.02,5,16465,卖盘
10:55:21,32.93,0.0,33,108688,卖盘
10:55:24,32.94,0.01,163,536934,中性盘
10:55:27,32.96,0.02,10,32944,买盘
10:55:30,32.96,0.0,11,36252,买盘
10:55:32,32.96,0.0,4,13182,买盘
10:55:36,32.96,0.0,7,23072,买盘
10:55:39,32.95,-0.01,5,16475,卖盘
10:55:42,32.94,-0.01,10,32948,卖盘
10:55:44,32.94,0.0,73,240470,卖盘
10:55:48,32.95,0.01,404,1331120,买盘
10:55:51,32.95,0.0,19,62603,买盘
10:55:54,32.94,-0.01,29,95527,买盘
10:55:57,32.93,-0.01,20,65879,卖盘
10:55:59,32.94,0.01,142,467609,买盘
10:56:03,32.94,0.0,121,398538,买盘
10:56:06,32.94,0.0,17,55990,买盘
10:56:09,32.93,-0.01,9,29640,卖盘
10:56:11,32.95,0.02,163,536942,买盘
10:56:15,32.94,-0.01,46,151540,卖盘
10:56:18,32.94,0.0,9,29644,买盘
10:56:20,32.94,0.0,22,72459,买盘
10:56:23,32.92,-0.02,83,273287,卖盘
10:56:27,32.93,0.01,47,154738,买盘
10:56:30,32.93,0.0,4,13172,买盘
10:56:33,32.92,-0.01,210,691520,卖盘
10:56:36,32.93,0.01,16,52686,买盘
10:56:39,32.93,0.0,4,13172,卖盘
10:56:42,32.92,-0.01,14,46097,卖盘
10:56:45,32.93,0.01,45,148192,买盘
10:56:48,32.93,0.0,199,655307,卖盘
10:56:51,32.92,-0.01,15,49385,卖盘
10:56:54,32.93,0.01,300,987900,买盘
10:56:57,32.92,-0.01,23,75737,卖盘
10:57:00,32.92,0.0,6,19756,卖盘
10:57:03,32.91,-0.01,90,296365,卖盘
10:57:06,32.93,0.02,137,450887,买盘
10:57:09,32.93,0.0,432,1421921,买盘
10:57:12,32.92,-0.01,32,105366,买盘
10:57:15,32.93,0.01,46,151469,买盘
10:57:18,32.93,0.0,90,296321,买盘
10:57:21,32.93,0.0,271,892304,买盘
10:57:24,32.93,0.0,76,250268,买盘
10:57:27,32.94,0.01,351,1154551,买盘
10:57:30,32.95,0.01,26,85649,买盘
10:57:33,32.95,0.0,26,85670,买盘
10:57:36,32.95,0.0,31,102144,买盘
10:57:39,32.9,-0.05,260,856088,卖盘
10:57:41,32.95,0.05,16,52721,中性盘
10:57:44,32.94,-0.01,9,29654,中性盘
10:57:48,32.95,0.01,16,52707,买盘
10:57:53,32.95,0.0,112,368838,买盘
10:57:57,32.95,0.0,96,316312,买盘
10:58:00,32.95,0.0,3,9885,买盘
10:58:03,32.95,0.0,49,161435,买盘
10:58:06,32.95,0.0,11,36252,卖盘
10:58:09,32.96,0.01,204,671938,买盘
10:58:12,32.96,0.0,23,75785,买盘
10:58:14,32.96,0.0,69,227387,买盘
10:58:18,32.93,-0.03,195,642523,卖盘
10:58:21,32.93,0.0,209,688537,卖盘
10:58:23,32.95,0.02,9,29660,中性盘
10:58:27,32.95,0.0,11,36248,买盘
10:58:30,32.94,-0.01,4,13179,卖盘
10:58:32,32.95,0.01,14,46130,买盘
10:58:36,32.94,-0.01,10,32949,卖盘
10:58:39,32.95,0.01,17,56010,买盘
10:58:42,32.95,0.0,12,39537,买盘
10:58:45,32.95,0.0,9,29655,买盘
10:58:48,32.94,-0.01,56,184500,卖盘
10:58:51,32.94,0.0,6,19764,卖盘
10:58:54,32.94,0.0,29,95532,卖盘
10:58:57,32.95,0.01,19,62605,买盘
10:59:00,32.95,0.0,8,26359,买盘
10:59:03,32.95,0.0,96,316317,买盘
10:59:06,32.93,-0.02,117,385307,卖盘
10:59:09,32.93,0.0,236,777148,卖盘
10:59:12,32.93,0.0,12,39531,卖盘
10:59:15,32.93,0.0,151,497334,卖盘
10:59:18,32.94,0.01,5,16470,买盘
10:59:21,32.93,-0.01,165,543482,卖盘
10:59:24,32.95,0.02,3,9885,买盘
10:59:27,32.94,-0.01,32,105431,卖盘
10:59:29,32.95,0.01,8,26357,买盘
10:59:33,32.94,-0.01,6,19767,卖盘
10:59:36,32.95,0.01,70,230584,买盘
10:59:38,32.95,0.0,106,349057,卖盘
10:59:42,32.95,0.0,25,82375,卖盘
10:59:44,32.96,0.01,22,72501,买盘
10:59:48,32.95,-0.01,18,59310,卖盘
10:59:51,32.92,-0.03,49,161412,卖盘
10:59:53,32.95,0.03,102,335909,买盘
10:59:57,32.95,0.0,35,115359,卖盘
11:00:00,32.96,0.01,137,451170,买盘
11:00:02,32.95,-0.01,9,29654,中性盘
11:00:06,32.96,0.01,25,82396,买盘
11:00:08,32.95,-0.01,101,332759,卖盘
11:00:12,32.96,0.01,12,39552,买盘
11:00:15,32.95,-0.01,56,184577,卖盘
11:00:17,32.92,-0.03,101,332611,卖盘
11:00:21,32.97,0.05,111,365471,买盘
11:00:23,32.96,-0.01,47,154890,中性盘
11:00:27,32.93,-0.03,19,62618,卖盘
11:00:30,32.93,0.0,1,3293,卖盘
11:00:33,32.96,0.03,107,352568,买盘
11:00:36,32.96,0.0,31,102170,买盘
11:00:39,32.96,0.0,103,339247,买盘
11:00:42,32.96,0.0,61,201051,买盘
11:00:44,32.95,-0.01,14,46131,卖盘
11:00:48,32.95,0.0,13,42842,卖盘
11:00:51,32.95,0.0,180,593015,卖盘
11:00:54,32.96,0.01,171,563312,买盘
11:00:57,32.93,-0.03,115,378740,卖盘
11:01:00,32.95,0.02,27,88965,买盘
11:01:03,32.95,0.0,53,174663,买盘
11:01:05,32.96,0.01,223,734885,买盘
11:01:08,32.95,-0.01,62,204339,卖盘
11:01:12,32.96,0.01,11,36252,买盘
11:01:15,32.96,0.0,116,382316,买盘
11:01:18,32.96,0.0,28,92288,买盘
11:01:21,32.94,-0.02,609,2006235,卖盘
11:01:24,32.96,0.02,12,39546,买盘
11:01:27,32.96,0.0,27,88982,买盘
11:01:30,32.93,-0.03,109,359151,卖盘
11:01:32,32.95,0.02,38,125231,卖盘
11:01:36,32.96,0.01,25,82395,买盘
11:01:39,32.95,-0.01,100,329501,卖盘
11:01:42,32.97,0.02,2,6593,买盘
11:01:45,32.96,-0.01,12,39560,卖盘
11:01:48,32.96,0.0,125,412007,卖盘
11:01:51,32.96,0.0,18,59328,买盘
11:01:54,32.96,0.0,7,23072,买盘
11:01:56,32.95,-0.01,93,306449,卖盘
11:02:00,32.95,0.0,27,88967,买盘
11:02:03,32.95,0.0,18,59326,中性盘
11:02:06,32.95,0.0,13,42846,中性盘
11:02:09,32.93,-0.02,111,365543,卖盘
11:02:11,32.93,0.0,16,52733,卖盘
11:02:15,32.96,0.03,199,655904,买盘
11:02:17,32.96,0.0,10,32954,买盘
11:02:21,32.95,-0.01,210,691560,卖盘
11:02:24,32.95,0.0,51,168050,买盘
11:02:27,32.96,0.01,21,69211,买盘
11:02:29,32.95,-0.01,20,65901,卖盘
11:02:33,32.95,0.0,65,214178,卖盘
11:02:35,32.96,0.01,106,349375,买盘
11:02:39,32.96,0.0,29,95583,买盘
11:02:41,32.96,0.0,35,115360,卖盘
11:02:45,32.96,0.0,171,563575,买盘
11:02:48,32.95,-0.01,10,32955,卖盘
11:02:51,32.95,0.0,2,6590,卖盘
11:02:54,32.96,0.01,20,65919,买盘
11:02:57,32.96,0.0,116,382059,买盘
11:03:00,32.95,-0.01,32,105463,卖盘
11:03:03,32.95,0.0,9,29658,卖盘
11:03:06,32.93,-0.02,118,388657,卖盘
11:03:09,32.93,0.0,52,171440,卖盘
11:03:12,32.93,0.0,11,36250,卖盘
11:03:15,32.97,0.04,142,467677,买盘
11:03:18,32.93,-0.04,166,546973,卖盘
11:03:21,32.97,0.04,1,3297,买盘
11:03:23,32.96,-0.01,112,368701,中性盘
11:03:27,32.97,0.01,133,438419,买盘
11:03:30,32.97,0.0,6,19779,买盘
11:03:33,32.96,-0.01,33,108738,中性盘
11:03:36,32.96,0.0,29,95578,买盘
11:03:39,32.96,0.0,117,385748,卖盘
11:03:42,32.97,0.01,17,56033,买盘
11:03:44,32.93,-0.04,516,1699337,卖盘
11:03:47,32.98,0.05,56,184663,买盘
11:03:51,32.96,-0.02,3,9890,卖盘
11:03:54,32.97,0.01,5,16485,买盘
11:03:57,32.95,-0.02,202,665727,卖盘
11:03:59,32.93,-0.02,184,606811,卖盘
11:04:02,32.97,0.04,22,72540,买盘
11:04:06,32.97,0.0,24,79138,卖盘
11:04:09,32.98,0.01,124,408948,买盘
11:04:11,32.97,-0.01,123,405338,买盘
11:04:15,32.97,0.0,36,118717,卖盘
11:04:18,32.95,-0.02,182,599963,卖盘
11:04:21,32.95,0.0,7,23065,卖盘
11:04:23,32.98,0.03,208,685215,买盘
11:04:27,32.98,0.0,13,42873,买盘
11:04:30,32.98,0.0,86,283627,买盘
11:04:33,32.97,-0.01,124,408527,卖盘
11:04:35,32.97,0.0,22,72546,卖盘
11:04:39,32.98,0.01,94,310011,买盘
11:04:42,32.95,-0.03,114,375845,卖盘
11:04:44,32.98,0.03,13,42864,买盘
11:04:48,32.98,0.0,33,108828,买盘
11:04:51,32.98,0.0,7,23088,卖盘
11:04:54,32.97,-0.01,105,346263,卖盘
11:04:57,32.97,0.0,9,29673,买盘
11:05:00,32.97,0.0,16,52752,买盘
11:05:03,32.98,0.01,101,333057,买盘
11:05:06,32.97,-0.01,17,56060,卖盘
11:05:09,32.98,0.01,70,230860,买盘
11:05:11,32.97,-0.01,8,26382,卖盘
11:05:15,32.98,0.01,42,138508,买盘
11:05:18,32.98,0.0,241,794718,买盘
11:05:20,32.99,0.01,154,508014,买盘
11:05:24,32.98,-0.01,11,36279,卖盘
11:05:27,32.99,0.01,123,405667,买盘
11:05:29,32.98,-0.01,221,728992,卖盘
11:05:32,32.98,0.0,44,145112,买盘
11:05:36,32.98,0.0,29,95640,买盘
11:05:38,32.97,-0.01,109,359480,卖盘
11:05:42,32.98,0.01,65,214370,买盘
11:05:45,32.98,0.0,29,95642,卖盘
11:05:48,32.99,0.01,84,277113,买盘
11:05:51,32.98,-0.01,523,1725212,卖盘
11:05:54,33.0,0.02,12,39591,买盘
11:05:57,32.98,-0.02,232,765193,卖盘
11:06:00,33.0,0.02,486,1603786,买盘
11:06:03,32.99,-0.01,16,52783,中性盘
11:06:06,32.99,0.0,6,19799,卖盘
11:06:08,33.0,0.01,379,1250698,买盘
11:06:12,33.0,0.0,118,389392,买盘
11:06:15,33.0,0.0,238,785378,买盘
11:06:18,32.98,-0.02,262,864496,卖盘
11:06:20,33.0,0.02,308,1016359,买盘
11:06:24,32.99,-0.01,1124,3709197,卖盘
11:06:27,33.02,0.03,1094,3610547,买盘
11:06:30,33.02,0.0,24,79248,卖盘
11:06:33,33.02,0.0,21,69349,卖盘
11:06:36,33.03,0.01,193,637478,买盘
11:06:39,33.04,0.01,525,1734354,买盘
11:06:42,33.05,0.01,60,198287,买盘
11:06:45,33.04,-0.01,18,59472,卖盘
11:06:47,33.05,0.01,248,819626,买盘
11:06:51,33.05,0.0,169,558545,买盘
11:06:54,33.05,0.0,301,994797,买盘
11:06:57,33.06,0.01,317,1047688,买盘
11:07:00,33.05,-0.01,171,565314,卖盘
11:07:03,33.05,0.0,93,307378,卖盘
11:07:06,33.05,0.0,867,2865842,卖盘
11:07:08,33.07,0.02,292,965263,买盘
11:07:11,33.05,-0.02,38,125556,中性盘
11:07:15,33.03,-0.02,113,373256,卖盘
11:07:18,33.05,0.02,427,1410976,买盘
11:07:21,33.05,0.0,37,122248,买盘
11:07:23,33.03,-0.02,10,33029,买盘
11:07:27,33.03,0.0,33,109016,买盘
11:07:30,33.03,0.0,178,588110,卖盘
11:07:33,33.03,0.0,20,66048,中性盘
11:07:36,33.03,0.0,32,105710,买盘
11:07:39,33.04,0.01,171,565043,买盘
11:07:42,33.04,0.0,75,247801,卖盘
11:07:45,33.04,0.0,44,145348,买盘
11:07:48,33.04,0.0,143,472501,卖盘
11:07:50,33.04,0.0,121,399862,卖盘
11:07:54,33.04,0.0,44,145397,卖盘
11:07:57,33.03,-0.01,60,198244,卖盘
11:08:00,33.03,0.0,97,320522,卖盘
11:08:03,33.01,-0.02,202,666847,卖盘
11:08:06,33.04,0.03,18,59472,买盘
11:08:09,33.03,-0.01,139,459249,买盘
11:08:11,33.02,-0.01,13,42940,卖盘
11:08:14,33.0,-0.02,151,498491,卖盘
11:08:18,33.04,0.04,111,366445,买盘
11:08:20,33.03,-0.01,11,36320,买盘
11:08:24,33.02,-0.01,34,112299,卖盘
11:08:26,33.02,0.0,15,49541,卖盘
11:08:30,33.04,0.02,93,307212,买盘
11:08:33,33.03,-0.01,25,82562,买盘
11:08:35,33.04,0.01,322,1063490,买盘
11:08:39,33.04,0.0,48,158542,买盘
11:08:42,33.02,-0.02,13,42937,卖盘
11:08:45,33.0,-0.02,149,491790,卖盘
11:08:48,33.03,0.03,233,769011,买盘
11:08:51,33.03,0.0,162,535236,卖盘
11:08:54,33.03,0.0,15,49546,卖盘
11:08:56,33.03,0.0,101,333612,卖盘
11:08:59,33.04,0.01,177,584775,买盘
11:09:03,33.04,0.0,67,221333,买盘
11:09:06,33.04,0.0,31,102424,卖盘
11:09:09,33.03,-0.01,214,707159,卖盘
11:09:12,33.05,0.02,5,16524,买盘
11:09:15,33.02,-0.03,94,310427,卖盘
11:09:18,33.05,0.03,47,155229,买盘
11:09:20,33.05,0.0,60,198300,买盘
11:09:24,33.05,0.0,5,16519,买盘
11:09:26,33.02,-0.03,18,59481,卖盘
11:09:30,33.01,-0.01,320,1056695,卖盘
11:09:32,33.01,0.0,37,122136,买盘
11:09:36,33.01,0.0,16,52826,买盘
11:09:38,33.02,0.01,31,102411,买盘
11:09:42,33.02,0.0,50,165100,卖盘
11:09:45,33.02,0.0,6,19812,卖盘
11:09:48,33.04,0.02,20,66064,买盘
11:09:50,33.02,-0.02,32,105753,卖盘
11:09:54,33.04,0.02,49,161859,卖盘
11:09:57,33.0,-0.04,107,353224,卖盘
11:09:59,33.02,0.02,27,89206,卖盘
11:10:02,33.04,0.02,2,6608,买盘
11:10:06,33.02,-0.02,112,369707,卖盘
11:10:09,33.04,0.02,105,346870,买盘
11:10:12,33.04,0.0,21,69380,买盘
11:10:15,33.02,-0.02,218,719860,卖盘
11:10:18,33.04,0.02,26,85899,买盘
11:10:21,33.0,-0.04,180,594404,卖盘
11:10:24,33.04,0.04,35,115630,买盘
11:10:27,33.03,-0.01,24,79270,中性盘
11:10:30,33.04,0.01,129,426206,买盘
11:10:33,33.04,0.0,738,2436455,买盘
11:10:36,33.04,0.0,8,26432,卖盘
11:10:39,33.05,0.01,299,988173,买盘
11:10:42,33.05,0.0,28,92531,买盘
11:10:45,33.02,-0.03,119,393045,卖盘
11:10:48,33.02,0.0,13,42926,买盘
11:10:51,33.02,0.0,103,340214,买盘
11:10:54,33.02,0.0,421,1389342,买盘
11:10:57,33.02,0.0,6,19812,卖盘
11:11:00,33.04,0.02,52,171800,买盘
11:11:02,33.04,0.0,16,52864,卖盘
11:11:06,33.02,-0.02,118,389727,卖盘
11:11:09,33.04,0.02,189,624456,卖盘
11:11:12,33.04,0.0,20,66080,买盘
11:11:15,33.0,-0.04,624,2059480,卖盘
11:11:18,33.03,0.03,32,105743,中性盘
11:11:21,33.04,0.01,101,333778,买盘
11:11:24,33.02,-0.02,120,396325,卖盘
11:11:27,33.04,0.02,21,69384,买盘
11:11:29,33.05,0.01,249,822863,买盘
11:11:33,33.05,0.0,38,125616,卖盘
11:11:35,33.06,0.01,109,359866,买盘
11:11:39,33.06,0.0,95,314028,买盘
11:11:42,33.01,-0.05,43,142092,卖盘
11:11:45,33.0,-0.01,511,1686366,卖盘
11:11:48,33.06,0.06,31,102480,买盘
11:11:51,33.06,0.0,142,468126,买盘
11:11:53,33.06,0.0,33,109098,卖盘
11:11:57,33.08,0.02,1391,4600836,买盘
11:12:00,33.08,0.0,29,95932,卖盘
11:12:03,33.08,0.0,4,13232,卖盘
11:12:06,33.09,0.01,501,1657309,买盘
11:12:08,33.09,0.0,754,2494285,买盘
11:12:12,33.09,0.0,320,1058851,买盘
11:12:15,33.08,-0.01,6,19846,卖盘
11:12:18,33.0,-0.08,361,1192019,卖盘
11:12:21,33.08,0.08,476,1575201,买盘
11:12:24,33.07,-0.01,129,426019,中性盘
11:12:27,33.07,0.0,9,29763,买盘
11:12:30,33.08,0.01,372,1230551,买盘
11:12:33,33.0,-0.08,105,346631,卖盘
11:12:36,33.08,0.08,65,215031,中性盘
11:12:39,33.08,0.0,234,774068,买盘
11:12:42,33.07,-0.01,10,33070,中性盘
11:12:45,33.08,0.01,33,109148,买盘
11:12:47,33.08,0.0,40,132313,买盘
11:12:50,33.03,-0.05,120,396825,卖盘
11:12:54,33.03,0.0,18,59492,买盘
11:12:57,33.03,0.0,7,23138,卖盘
11:12:59,33.06,0.03,145,478889,中性盘
11:13:03,33.05,-0.01,13,42972,中性盘
11:13:08,33.05,0.0,161,531542,买盘
11:13:12,33.05,0.0,8,26440,买盘
11:13:15,33.02,-0.03,3,9906,卖盘
11:13:18,33.02,0.0,140,462378,卖盘
11:13:21,33.05,0.03,64,211517,买盘
11:13:24,33.02,-0.03,12,39645,卖盘
11:13:26,33.05,0.03,14,46259,买盘
11:13:30,33.05,0.0,76,251174,买盘
11:13:33,33.01,-0.04,106,350018,卖盘
11:13:35,33.05,0.04,1,3305,买盘
11:13:39,33.06,0.01,76,251215,买盘
11:13:42,33.03,-0.03,108,356409,中性盘
11:13:45,33.03,0.0,3,9909,买盘
11:13:50,33.01,-0.02,157,518189,卖盘
11:13:54,33.02,0.01,7,23113,买盘
11:13:57,33.02,0.0,10,33025,买盘
11:14:00,33.03,0.01,140,461908,买盘
11:14:03,33.03,0.0,1,3303,卖盘
11:14:06,33.05,0.02,3,9911,买盘
11:14:09,33.06,0.01,48,158647,买盘
11:14:12,33.06,0.0,110,363316,买盘
11:14:15,33.05,-0.01,10,33048,卖盘
11:14:18,33.05,0.0,29,95835,买盘
11:14:20,33.03,-0.02,103,340326,卖盘
11:14:24,33.03,0.0,9,29727,买盘
11:14:27,33.0,-0.03,219,722949,卖盘
11:14:30,33.03,0.03,50,165150,买盘
11:14:32,33.02,-0.01,4,13210,买盘
11:14:36,33.03,0.01,762,2516512,买盘
11:14:39,33.05,0.02,65,214813,买盘
11:14:42,33.05,0.0,22,72708,卖盘
11:14:45,32.96,-0.09,1042,3436991,卖盘
11:14:48,32.96,0.0,16,52846,卖盘
11:14:50,33.05,0.09,113,373465,买盘
11:14:54,33.05,0.0,50,165250,买盘
11:14:57,33.05,0.0,56,185080,买盘
11:14:59,33.02,-0.03,4,13208,卖盘
11:15:03,33.02,0.0,14,46240,卖盘
11:15:06,32.96,-0.06,103,339579,卖盘
11:15:09,33.02,0.06,1,3302,中性盘
11:15:11,33.02,0.0,13,42888,买盘
11:15:14,33.02,0.0,5,16491,买盘
11:15:18,33.02,0.0,123,405544,买盘
11:15:21,32.99,-0.03,13,42903,中性盘
11:15:24,32.96,-0.03,30,98894,卖盘
11:15:27,33.0,0.04,16,52802,买盘
11:15:29,32.96,-0.04,51,168105,卖盘
11:15:33,32.99,0.03,105,346005,买盘
11:15:36,32.96,-0.03,8,26374,中性盘
11:15:39,32.96,0.0,35,115375,买盘
11:15:42,32.99,0.03,10,32984,买盘
11:15:45,32.99,0.0,205,675115,买盘
11:15:48,32.99,0.0,19,62644,买盘
11:15:51,32.96,-0.03,1,3296,中性盘
11:15:53,32.96,0.0,113,372074,中性盘
11:15:57,32.92,-0.04,35,115240,卖盘
11:16:00,32.95,0.03,9,29660,中性盘
11:16:02,32.96,0.01,66,217518,买盘
11:16:06,32.98,0.02,128,421873,买盘
11:16:09,32.98,0.0,14,46174,卖盘
11:16:15,32.98,0.0,125,412179,卖盘
11:16:18,32.99,0.01,50,164944,买盘
11:16:21,32.98,-0.01,16,52783,卖盘
11:16:24,32.96,-0.02,115,378989,卖盘
11:16:27,32.97,0.01,13,42882,中性盘
11:16:30,32.97,0.0,16,52758,卖盘
11:16:33,32.97,0.0,30,98910,买盘
11:16:35,32.97,0.0,101,332997,卖盘
11:16:39,32.98,0.01,23,75840,买盘
11:16:42,32.98,0.0,18,59364,买盘
11:16:45,32.92,-0.06,101,332717,卖盘
11:16:48,32.98,0.06,8,26379,买盘
11:16:50,32.91,-0.07,100,329114,卖盘
11:16:54,32.97,0.06,9,29673,买盘
11:16:57,32.9,-0.07,360,1184545,卖盘
11:16:59,32.91,0.01,102,335770,中性盘
11:17:03,32.92,0.01,46,151432,买盘
11:17:06,32.97,0.05,4,13188,买盘
11:17:09,32.97,0.0,41,135142,买盘
11:17:12,32.91,-0.06,814,2678797,卖盘
11:17:15,32.95,0.04,12,39528,买盘
11:17:17,32.99,0.04,62,204469,买盘
11:17:21,32.95,-0.04,121,398391,卖盘
11:17:24,32.97,0.02,7,23079,买盘
11:17:27,32.97,0.0,1,3297,买盘
11:17:30,32.98,0.01,108,355678,买盘
11:17:33,32.98,0.0,20,65957,买盘
11:17:36,32.98,0.0,16,52775,卖盘
11:17:38,32.98,0.0,11,36278,卖盘
11:17:41,32.99,0.01,9,29691,买盘
11:17:45,32.98,-0.01,23,75869,卖盘
11:17:48,32.98,0.0,65,214405,卖盘
11:17:51,32.93,-0.05,118,388794,卖盘
11:17:54,32.93,0.0,11,36268,卖盘
11:17:57,32.98,0.05,122,402356,买盘
11:18:00,32.93,-0.05,151,497498,卖盘
11:18:03,32.99,0.06,508,1676473,买盘
11:18:05,32.99,0.0,8,26412,卖盘
11:18:09,32.98,-0.01,48,158313,卖盘
11:18:12,33.02,0.04,107,352521,中性盘
11:18:15,33.01,-0.01,1,3301,中性盘
11:18:18,33.02,0.01,44,145282,买盘
11:18:20,32.92,-0.1,303,997508,卖盘
11:18:24,32.99,0.07,13,42887,中性盘
11:18:27,32.99,0.0,66,217725,买盘
11:18:30,33.01,0.02,7,23097,买盘
11:18:33,32.99,-0.02,2,6598,中性盘
11:18:36,32.99,0.0,9,29689,买盘
11:18:39,32.99,0.0,137,451293,买盘
11:18:42,32.97,-0.02,3,9889,中性盘
11:18:45,32.99,0.02,3,9897,买盘
11:18:48,32.99,0.0,139,458026,买盘
11:18:50,32.93,-0.06,2,6588,中性盘
11:18:54,32.97,0.04,31,102221,买盘
11:18:56,32.99,0.02,11,36275,买盘
11:18:59,32.93,-0.06,101,332464,卖盘
11:19:03,32.97,0.04,8,26380,卖盘
11:19:05,32.97,0.0,53,174733,买盘
11:19:09,32.97,0.0,107,352363,买盘
11:19:11,32.97,0.0,10,32962,买盘
11:19:14,32.97,0.0,3,9891,买盘
11:19:18,32.98,0.01,26,85748,买盘
11:19:23,32.98,0.0,31,102231,买盘
11:19:27,32.97,-0.01,36,118712,卖盘
11:19:29,32.98,0.01,3,9894,买盘
11:19:32,32.97,-0.01,23,75834,卖盘
11:19:36,32.98,0.01,61,201138,买盘
11:19:39,32.98,0.0,16,52782,卖盘
11:19:42,32.99,0.01,7,23091,买盘
11:19:44,32.99,0.0,13,42876,买盘
11:19:48,32.98,-0.01,89,293550,卖盘
11:19:50,32.99,0.01,11,36289,买盘
11:19:54,32.99,0.0,10,32989,买盘
11:19:57,32.99,0.0,23,75876,买盘
11:20:00,32.99,0.0,36,118764,卖盘
11:20:03,32.99,0.0,3,9897,买盘
11:20:06,32.99,0.0,16,52784,买盘
11:20:12,32.99,0.0,44,145160,卖盘
11:20:15,32.99,0.0,20,65982,卖盘
11:20:18,33.0,0.01,96,316799,买盘
11:20:21,33.0,0.0,15,49500,买盘
11:20:24,33.0,0.0,24,79185,买盘
11:20:27,32.99,-0.01,94,310131,卖盘
11:20:30,32.97,-0.02,46,151703,卖盘
11:20:33,32.97,0.0,23,75838,卖盘
11:20:36,32.97,0.0,6,19788,卖盘
11:20:39,32.97,0.0,57,187998,卖盘
11:20:41,32.97,0.0,9,29687,卖盘
11:20:45,32.97,0.0,4,13190,卖盘
11:20:48,32.95,-0.02,30,98889,卖盘
11:20:50,32.95,0.0,7,23079,卖盘
11:20:54,32.93,-0.02,53,174587,卖盘
11:20:57,32.93,0.0,125,411625,卖盘
11:20:59,32.93,0.0,11,36223,买盘
11:21:03,32.99,0.06,31,102097,买盘
11:21:06,32.93,-0.06,96,316122,卖盘
11:21:09,32.93,0.0,25,82325,中性盘
11:21:11,32.95,0.02,19,62635,中性盘
11:21:15,32.95,0.0,10,32971,中性盘
11:21:18,32.99,0.04,7,23091,买盘
11:21:20,32.99,0.0,25,82475,买盘
11:21:24,32.98,-0.01,13,42874,中性盘
11:21:26,32.98,0.0,20,65963,中性盘
11:21:33,32.95,-0.03,26,85703,卖盘
11:21:39,32.98,0.03,8,26384,买盘
11:21:42,32.98,0.0,12,39576,买盘
11:21:45,32.95,-0.03,50,164750,卖盘
11:21:48,32.98,0.03,17,56060,买盘
11:21:51,32.95,-0.03,41,135075,卖盘
11:21:53,32.98,0.03,6,19788,买盘
11:21:57,32.98,0.0,42,138432,买盘
11:21:59,32.95,-0.03,2,6590,卖盘
11:22:03,32.98,0.03,3,9894,买盘
11:22:05,32.98,0.0,18,59364,买盘
11:22:08,32.95,-0.03,50,164810,卖盘
11:22:12,32.98,0.03,8,26384,买盘
11:22:15,32.98,0.0,3,9894,买盘
11:22:18,32.98,0.0,11,36273,买盘
11:22:20,32.95,-0.03,1,3295,卖盘
11:22:24,32.97,0.02,6,19781,中性盘
11:22:27,32.99,0.02,374,1233719,买盘
11:22:30,32.99,0.0,23,75880,卖盘
11:22:32,32.99,0.0,12,39588,卖盘
11:22:35,33.0,0.01,7,23100,买盘
11:22:39,33.0,0.0,7,23100,买盘
11:22:42,33.0,0.0,545,1798499,买盘
11:22:44,32.99,-0.01,5,16495,卖盘
11:22:48,32.99,0.0,28,92394,卖盘
11:22:51,33.0,0.01,21,69300,买盘
11:22:54,32.99,-0.01,11,36296,卖盘
11:22:57,32.99,0.0,17,56098,卖盘
11:23:00,32.99,0.0,14,46189,卖盘
11:23:03,32.99,0.0,30,98995,卖盘
11:23:06,32.99,0.0,18,59399,卖盘
11:23:09,33.0,0.01,25,82498,买盘
11:23:12,33.0,0.0,8,26400,买盘
11:23:15,33.0,0.0,25,82478,买盘
11:23:18,33.0,0.0,27,89080,买盘
11:23:21,33.0,0.0,3,9900,买盘
11:23:24,33.0,0.0,10,33000,买盘
11:23:27,33.0,0.0,269,887672,买盘
11:23:30,33.0,0.0,10,32999,买盘
11:23:33,33.0,0.0,2,6600,买盘
11:23:36,33.0,0.0,22,72581,买盘
11:23:39,32.99,-0.01,104,343199,卖盘
11:23:42,33.0,0.01,41,135299,买盘
11:23:45,33.0,0.0,14,46197,买盘
11:23:47,33.0,0.0,85,280498,买盘
11:23:51,32.99,-0.01,1,3299,卖盘
11:23:54,32.99,0.0,78,257367,卖盘
11:23:57,33.0,0.01,122,402597,买盘
11:23:59,33.0,0.0,47,155059,买盘
11:24:03,32.99,-0.01,11,36293,卖盘
11:24:06,33.0,0.01,361,1191375,买盘
11:24:09,33.0,0.0,29,95723,卖盘
11:24:12,33.0,0.0,35,115528,卖盘
11:24:15,33.0,0.0,231,762300,卖盘
11:24:18,33.02,0.02,11,36322,买盘
11:24:21,33.0,-0.02,11,36316,卖盘
11:24:23,33.02,0.02,17,56128,买盘
11:24:27,33.02,0.0,26,85832,买盘
11:24:33,33.02,0.0,34,112218,买盘
11:24:36,33.01,-0.01,29,95723,中性盘
11:24:39,33.01,0.0,29,95748,卖盘
11:24:42,33.02,0.01,14,46221,买盘
11:24:45,33.02,0.0,15,49526,买盘
11:24:48,33.01,-0.01,18,59425,卖盘
11:24:51,33.02,0.01,7,23114,买盘
11:24:54,33.02,0.0,8,26415,买盘
11:24:57,33.02,0.0,27,89143,买盘
11:25:00,33.01,-0.01,2,6602,卖盘
11:25:03,33.01,0.0,37,122151,卖盘
11:25:06,33.02,0.01,36,118850,买盘
11:25:09,33.01,-0.01,35,115567,卖盘
11:25:12,33.02,0.01,12,39618,买盘
11:25:15,33.01,-0.01,16,52816,卖盘
11:25:17,33.01,0.0,22,72643,卖盘
11:25:21,33.01,0.0,1,3301,卖盘
11:25:24,33.02,0.01,8,26414,买盘
11:25:27,33.02,0.0,16,52829,买盘
11:25:30,33.01,-0.01,2,6602,卖盘
11:25:32,33.02,0.01,3,9906,买盘
11:25:36,33.02,0.0,186,614137,买盘
11:25:39,33.0,-0.02,15,49527,卖盘
11:25:42,33.01,0.01,32,105631,买盘
11:25:44,33.02,0.01,24,79229,买盘
11:25:48,33.02,0.0,38,125476,买盘
11:25:51,33.02,0.0,1,3302,卖盘
11:25:54,33.02,0.0,1,3302,卖盘
11:25:57,33.02,0.0,77,254259,卖盘
11:26:00,33.05,0.03,595,1964945,买盘
11:26:03,33.02,-0.03,245,810763,卖盘
11:26:06,33.02,0.0,15,49536,卖盘
11:26:09,33.03,0.01,32,105783,中性盘
11:26:12,33.03,0.0,35,115605,卖盘
11:26:15,33.02,-0.01,42,138799,卖盘
11:26:18,33.05,0.03,9,29743,中性盘
11:26:21,33.03,-0.02,6,19820,卖盘
11:26:24,33.03,0.0,11,36349,卖盘
11:26:27,33.04,0.01,12,39648,买盘
11:26:30,33.04,0.0,7,23128,买盘
11:26:32,33.02,-0.02,289,954434,卖盘
11:26:36,33.02,0.0,3,9906,买盘
11:26:39,33.03,0.01,25,82571,买盘
11:26:42,33.02,-0.01,10,33028,中性盘
11:26:45,33.04,0.02,12,39638,买盘
11:26:51,33.01,-0.03,45,148581,卖盘
11:26:54,33.02,0.01,15,49538,中性盘
11:26:57,33.04,0.02,1,3304,买盘
11:27:00,33.03,-0.01,12,39646,卖盘
11:27:03,33.04,0.01,4,13216,买盘
11:27:06,33.03,-0.01,16,52848,卖盘
11:27:09,33.04,0.01,50,165200,买盘
11:27:12,33.04,0.0,22,72684,买盘
11:27:15,33.04,0.0,2,6607,买盘
11:27:18,33.04,0.0,25,82598,买盘
11:27:21,33.04,0.0,5,16516,买盘
11:27:24,33.04,0.0,13,42952,买盘
11:27:26,33.04,0.0,12,39647,买盘
11:27:30,33.03,-0.01,131,432693,卖盘
11:27:33,33.05,0.02,1021,3372890,买盘
11:27:35,33.05,0.0,15,49583,卖盘
11:27:39,33.05,0.0,54,178516,卖盘
11:27:41,33.06,0.01,12,39666,买盘
11:27:45,33.06,0.0,15,49588,买盘
11:27:47,33.06,0.0,45,148763,买盘
11:27:51,33.06,0.0,9,29753,买盘
11:27:54,33.05,-0.01,61,201662,卖盘
11:27:57,33.06,0.01,13,42970,买盘
11:28:00,33.06,0.0,1,3306,买盘
11:28:03,33.05,-0.01,23,76017,卖盘
11:28:06,33.05,0.0,10,33057,卖盘
11:28:09,33.07,0.02,247,816690,买盘
11:28:12,33.07,0.0,74,244696,买盘
11:28:15,33.07,0.0,10,33070,买盘
11:28:18,33.07,0.0,788,2607141,卖盘
11:28:21,33.1,0.03,56,185293,买盘
11:28:24,33.08,-0.02,103,340623,中性盘
11:28:27,33.08,0.0,48,158806,卖盘
11:28:30,33.09,0.01,24,79418,卖盘
11:28:33,33.1,0.01,55,182041,买盘
11:28:36,33.09,-0.01,35,115839,卖盘
11:28:39,33.1,0.01,1009,3339780,买盘
11:28:42,33.09,-0.01,12,39715,卖盘
11:28:45,33.09,0.0,7,23165,卖盘
11:28:47,33.09,0.0,582,1926410,买盘
11:28:51,33.1,0.01,1291,4273208,买盘
11:28:53,33.11,0.01,143,473380,买盘
11:28:57,33.12,0.01,36,119203,买盘
11:29:00,33.12,0.0,301,996880,买盘
11:29:03,33.11,-0.01,86,284772,卖盘
11:29:05,33.1,-0.01,370,1224719,卖盘
11:29:09,33.12,0.02,321,1063117,买盘
11:29:11,33.11,-0.01,9,29802,中性盘
11:29:14,33.12,0.01,77,255013,买盘
11:29:17,33.1,-0.02,87,288051,卖盘
11:29:21,33.1,0.0,49,162190,卖盘
11:29:24,33.11,0.01,28,92702,买盘
11:29:27,33.11,0.0,59,195348,买盘
11:29:30,33.1,-0.01,191,632206,卖盘
11:29:33,33.11,0.01,89,294575,买盘
11:29:35,33.1,-0.01,35,115865,卖盘
11:29:39,33.1,0.0,5,16550,卖盘
11:29:42,33.1,0.0,101,334316,卖盘
11:29:44,33.1,0.0,7,23172,卖盘
11:29:48,33.1,0.0,13,43032,卖盘
11:29:51,33.1,0.0,26,86080,卖盘
11:29:54,33.1,0.0,47,155595,卖盘
11:29:57,33.1,0.0,64,211894,卖盘
11:30:00,33.1,0.0,101,334349,卖盘
13:00:01,33.12,0.02,2475,8196436,买盘
13:00:04,33.11,-0.01,1421,4706061,卖盘
13:00:06,33.14,0.03,901,2984338,买盘
13:00:10,33.14,0.0,73,241918,买盘
13:00:13,33.13,-0.01,191,632952,中性盘
13:00:16,33.14,0.01,32,106036,买盘
13:00:19,33.14,0.0,140,463956,买盘
13:00:22,33.13,-0.01,76,251846,卖盘
13:00:25,33.13,0.0,138,457279,卖盘
13:00:28,33.14,0.01,29,96106,买盘
13:00:30,33.14,0.0,57,188898,买盘
13:00:33,33.15,0.01,170,563528,买盘
13:00:36,33.14,-0.01,147,487271,卖盘
13:00:40,33.14,0.0,240,795593,卖盘
13:00:43,33.14,0.0,217,719353,卖盘
13:00:46,33.15,0.01,82,271840,买盘
13:00:48,33.16,0.01,105,348167,买盘
13:00:52,33.14,-0.02,551,1826557,卖盘
13:00:55,33.15,0.01,94,311647,中性盘
13:00:58,33.13,-0.02,42,139195,卖盘
13:01:01,33.15,0.02,4,13260,买盘
13:01:04,33.15,0.0,57,188959,买盘
13:01:07,33.15,0.0,13,43094,卖盘
13:01:10,33.15,0.0,24,79582,卖盘
13:01:13,33.13,-0.02,431,1428128,卖盘
13:01:15,33.13,0.0,71,235173,买盘
13:01:19,33.13,0.0,31,102698,买盘
13:01:22,33.11,-0.02,5,16555,卖盘
13:01:25,33.13,0.02,23,76180,买盘
13:01:28,33.12,-0.01,33,109319,卖盘
13:01:31,33.11,-0.01,580,1920408,卖盘
13:01:34,33.12,0.01,8,26501,买盘
13:01:37,33.12,0.0,61,202042,卖盘
13:01:40,33.12,0.0,52,172225,卖盘
13:01:42,33.13,0.01,106,351117,买盘
13:01:45,33.13,0.0,7,23190,买盘
13:01:48,33.14,0.01,24,79529,买盘
13:01:52,33.14,0.0,182,603407,卖盘
13:01:55,33.15,0.01,4,13258,中性盘
13:01:58,33.14,-0.01,21,69626,卖盘
13:02:01,33.16,0.02,202,669828,买盘
13:02:03,33.15,-0.01,34,112707,中性盘
13:02:07,33.16,0.01,38,126008,买盘
13:02:09,33.17,0.01,65,215542,买盘
13:02:13,33.15,-0.02,1,3315,卖盘
13:02:15,33.17,0.02,59,195645,买盘
13:02:19,33.17,0.0,56,185709,买盘
13:02:22,33.16,-0.01,177,587039,卖盘
13:02:25,33.16,0.0,115,381389,卖盘
13:02:28,33.18,0.02,337,1118008,买盘
13:02:31,33.17,-0.01,29,96190,中性盘
13:02:34,33.18,0.01,80,265403,买盘
13:02:37,33.17,-0.01,15,49767,卖盘
13:02:40,33.18,0.01,59,195762,买盘
13:02:43,33.18,0.0,56,185808,买盘
13:02:46,33.19,0.01,60,199134,买盘
13:02:48,33.18,-0.01,50,165941,卖盘
13:02:52,33.2,0.02,1874,6221300,买盘
13:02:55,33.21,0.01,151,501457,买盘
13:02:57,33.2,-0.01,94,312234,卖盘
13:03:01,33.23,0.03,34,112938,买盘
13:03:04,33.22,-0.01,6,19934,中性盘
13:03:06,33.23,0.01,587,1948972,买盘
13:03:10,33.23,0.0,513,1705279,买盘
13:03:12,33.23,0.0,48,159548,卖盘
13:03:16,33.23,0.0,32,106356,卖盘
13:03:19,33.26,0.03,466,1549865,买盘
13:03:22,33.26,0.0,264,878068,卖盘
13:03:25,33.27,0.01,9,29941,买盘
13:03:27,33.27,0.0,134,445802,买盘
13:03:30,33.27,0.0,295,981260,买盘
13:03:34,33.24,-0.03,220,731864,卖盘
13:03:37,33.27,0.03,62,206240,中性盘
13:03:40,33.23,-0.04,74,245946,卖盘
13:03:43,33.28,0.05,1121,3730269,买盘
13:03:45,33.25,-0.03,53,176237,中性盘
13:03:48,33.27,0.02,29,96471,买盘
13:03:52,33.25,-0.02,188,625150,中性盘
13:03:55,33.25,0.0,36,119797,卖盘
13:03:58,33.25,0.0,46,153001,卖盘
13:04:00,33.25,0.0,58,192852,卖盘
13:04:04,33.25,0.0,241,801324,买盘
13:04:07,33.27,0.02,840,2796128,买盘
13:04:09,33.22,-0.05,140,465244,卖盘
13:04:13,33.26,0.04,82,272739,买盘
13:04:16,33.25,-0.01,57,189565,卖盘
13:04:18,33.25,0.0,32,106403,卖盘
13:04:22,33.25,0.0,213,708325,卖盘
13:04:25,33.26,0.01,55,182881,买盘
13:04:28,33.22,-0.04,25,83099,卖盘
13:04:31,33.25,0.03,21,69808,买盘
13:04:34,33.26,0.01,102,339151,买盘
13:04:37,33.25,-0.01,101,335660,卖盘
13:04:40,33.25,0.0,90,299256,卖盘
13:04:42,33.25,0.0,39,129682,买盘
13:04:46,33.2,-0.05,199,661223,卖盘
13:04:49,33.2,0.0,18,59760,买盘
13:04:52,33.2,0.0,51,169318,买盘
13:04:55,33.2,0.0,13,43160,买盘
13:04:58,33.2,0.0,24,79680,卖盘
13:05:01,33.2,0.0,5,16600,买盘
13:05:04,33.19,-0.01,338,1122111,卖盘
13:05:07,33.2,0.01,20,66412,买盘
13:05:10,33.2,0.0,20,66400,卖盘
13:05:12,33.22,0.02,216,717100,买盘
13:05:16,33.22,0.0,3,9969,卖盘
13:05:19,33.22,0.0,4,13288,卖盘
13:05:21,33.25,0.03,296,983672,买盘
13:05:24,33.24,-0.01,5,16620,中性盘
13:05:28,33.25,0.01,53,176225,买盘
13:05:31,33.25,0.0,299,993460,买盘
13:05:33,33.24,-0.01,62,206125,买盘
13:05:37,33.2,-0.04,203,674400,卖盘
13:05:40,33.25,0.05,47,156225,买盘
13:05:43,33.25,0.0,72,239397,买盘
13:05:46,33.25,0.0,15,49876,卖盘
13:05:49,33.25,0.0,145,482152,卖盘
13:05:52,33.25,0.0,25,83138,卖盘
13:05:54,33.25,0.0,27,89776,卖盘
13:05:58,33.25,0.0,118,392353,卖盘
13:06:01,33.25,0.0,94,312558,卖盘
13:06:04,33.24,-0.01,172,572032,卖盘
13:06:07,33.21,-0.03,111,368807,卖盘
13:06:10,33.24,0.03,12,39888,买盘
13:06:13,33.21,-0.03,146,485042,卖盘
13:06:16,33.24,0.03,4,13298,卖盘
13:06:19,33.21,-0.03,11,36534,卖盘
13:06:22,33.21,0.0,220,730643,卖盘
13:06:25,33.25,0.04,31,103049,买盘
13:06:28,33.25,0.0,147,488678,买盘
13:06:31,33.24,-0.01,31,103042,卖盘
13:06:34,33.24,0.0,101,335522,买盘
13:06:37,33.24,0.0,8,26592,买盘
13:06:40,33.21,-0.03,216,717502,卖盘
13:06:43,33.24,0.03,69,229352,买盘
13:06:46,33.23,-0.01,7,23262,中性盘
13:06:49,33.2,-0.03,124,411843,卖盘
13:06:52,33.23,0.03,19,63146,中性盘
13:06:55,33.24,0.01,38,126299,买盘
13:06:57,33.2,-0.04,240,796805,卖盘
13:07:00,33.2,0.0,10,33200,买盘
13:07:04,33.2,0.0,20,66398,买盘
13:07:07,33.2,0.0,100,332000,卖盘
13:07:10,33.2,0.0,98,325362,卖盘
13:07:13,33.19,-0.01,153,507906,卖盘
13:07:16,33.19,0.0,18,59741,买盘
13:07:19,33.2,0.01,61,202486,买盘
13:07:22,33.16,-0.04,106,351622,卖盘
13:07:25,33.19,0.03,73,242174,买盘
13:07:28,33.19,0.0,3,9957,中性盘
13:07:31,33.2,0.01,308,1022544,买盘
13:07:34,33.19,-0.01,24,79665,中性盘
13:07:36,33.16,-0.03,510,1692092,卖盘
13:07:39,33.17,0.01,15,49749,中性盘
13:07:43,33.16,-0.01,35,116123,卖盘
13:07:46,33.15,-0.01,150,497433,卖盘
13:07:48,33.15,0.0,1,3315,卖盘
13:07:52,33.12,-0.03,109,361134,卖盘
13:07:55,33.17,0.05,7,23217,买盘
13:07:58,33.17,0.0,19,62983,买盘
13:08:01,33.11,-0.06,300,993565,卖盘
13:08:03,33.17,0.06,139,461051,买盘
13:08:07,33.17,0.0,10,33168,买盘
13:08:10,33.15,-0.02,234,775732,卖盘
13:08:13,33.15,0.0,42,139288,卖盘
13:08:15,33.15,0.0,23,76267,卖盘
13:08:19,33.16,0.01,105,348055,中性盘
13:08:21,33.15,-0.01,10,33148,买盘
13:08:25,33.15,0.0,172,569980,买盘
13:08:27,33.12,-0.03,62,205475,卖盘
13:08:31,33.15,0.03,32,105994,中性盘
13:08:33,33.12,-0.03,403,1334895,卖盘
13:08:37,33.16,0.04,8,26524,买盘
13:08:40,33.16,0.0,9,29838,买盘
13:08:43,33.16,0.0,264,874822,买盘
13:08:46,33.13,-0.03,39,129294,卖盘
13:08:49,33.14,0.01,11,36454,买盘
13:08:52,33.14,0.0,210,695462,买盘
13:08:55,33.12,-0.02,1,3312,中性盘
13:08:57,33.13,0.01,38,125848,买盘
13:09:01,33.1,-0.03,201,665490,卖盘
13:09:03,33.13,0.03,54,178902,买盘
13:09:07,33.13,0.0,2,6626,卖盘
13:09:10,33.13,0.0,219,725235,卖盘
13:09:13,33.12,-0.01,37,122543,中性盘
13:09:16,33.12,0.0,22,72860,买盘
13:09:19,33.12,0.0,406,1343899,卖盘
13:09:21,33.13,0.01,4,13252,买盘
13:09:25,33.12,-0.01,1,3312,卖盘
13:09:28,33.12,0.0,209,692079,卖盘
13:09:34,33.13,0.01,9,29817,买盘
13:09:36,33.12,-0.01,229,758373,卖盘
13:09:39,33.12,0.0,19,62927,买盘
13:09:43,33.14,0.02,327,1083275,买盘
13:09:46,33.14,0.0,1,3314,买盘
13:09:49,33.14,0.0,85,281689,买盘
13:09:52,33.11,-0.03,332,1099818,卖盘
13:09:55,33.17,0.06,121,401134,买盘
13:09:58,33.14,-0.03,1,3314,卖盘
13:10:01,33.17,0.03,224,741980,买盘
13:10:04,33.15,-0.02,40,132620,卖盘
13:10:10,33.14,-0.01,1,3314,卖盘
13:10:13,33.15,0.01,37,122655,买盘
13:10:15,33.12,-0.03,206,682509,卖盘
13:10:19,33.15,0.03,6,19888,买盘
13:10:21,33.11,-0.04,229,758497,卖盘
13:10:31,33.1,-0.01,250,827536,卖盘
13:10:34,33.1,0.0,366,1211459,买盘
13:10:37,33.09,-0.01,9,29784,卖盘
13:10:40,33.1,0.01,350,1158500,买盘
13:10:43,33.1,0.0,3,9930,卖盘
13:10:49,33.1,0.0,204,675240,卖盘
13:10:52,33.15,0.05,39,129224,买盘
13:10:55,33.12,-0.03,17,56330,卖盘
13:11:00,33.15,0.03,208,688539,买盘
13:11:04,33.09,-0.06,1,3309,卖盘
13:11:07,33.16,0.07,109,361385,买盘
13:11:10,33.14,-0.02,103,340871,卖盘
13:11:13,33.14,0.0,173,572686,买盘
13:11:16,33.11,-0.03,14,46390,卖盘
13:11:18,33.14,0.03,2,6628,买盘
13:11:22,33.14,0.0,130,430389,买盘
13:11:25,33.13,-0.01,37,122491,买盘
13:11:28,33.17,0.04,111,367879,买盘
13:11:30,33.16,-0.01,117,388081,卖盘
13:11:34,33.17,0.01,128,423913,买盘
13:11:40,33.12,-0.05,35,115935,卖盘
13:11:43,33.15,0.03,19,62982,买盘
13:11:46,33.13,-0.02,6,19881,卖盘
13:11:49,33.13,0.0,132,437118,卖盘
13:11:52,33.13,0.0,13,43067,买盘
13:11:55,33.1,-0.03,157,519936,卖盘
13:11:58,33.12,0.02,18,59664,中性盘
13:12:01,33.15,0.03,30,99418,买盘
13:12:04,33.11,-0.04,162,536333,卖盘
13:12:07,33.1,-0.01,41,135761,卖盘
13:12:10,33.1,0.0,180,596032,卖盘
13:12:13,33.1,0.0,611,2022624,卖盘
13:12:16,33.11,0.01,25,82779,中性盘
13:12:19,33.11,0.0,11,36422,卖盘
13:12:22,33.11,0.0,46,152341,卖盘
13:12:25,33.12,0.01,13,43055,中性盘
13:12:27,33.09,-0.03,166,549395,卖盘
13:12:31,33.09,0.0,14,46326,买盘
13:12:33,33.09,0.0,51,168782,买盘
13:12:40,33.08,-0.01,170,562455,卖盘
13:12:43,33.1,0.02,11,36410,买盘
13:12:45,33.08,-0.02,8,26474,卖盘
13:12:49,33.1,0.02,118,390329,买盘
13:12:52,33.1,0.0,57,188669,买盘
13:12:55,33.07,-0.03,102,337356,卖盘
13:12:57,33.08,0.01,8,26467,卖盘
13:13:01,33.08,0.0,1,3308,买盘
13:13:04,33.07,-0.01,110,363819,卖盘
13:13:07,33.07,0.0,37,122459,卖盘
13:13:10,33.07,0.0,7,23153,卖盘
13:13:12,33.09,0.02,130,429858,买盘
13:13:16,33.1,0.01,25,82750,买盘
13:13:19,33.06,-0.04,103,340555,卖盘
13:13:22,33.1,0.04,22,72814,买盘
13:13:25,33.09,-0.01,56,185460,卖盘
13:13:28,33.09,0.0,13,43018,卖盘
13:13:31,33.09,0.0,17,56268,卖盘
13:13:34,33.09,0.0,87,288035,卖盘
13:13:37,33.14,0.05,1,3314,买盘
13:13:40,33.1,-0.04,14,46384,卖盘
13:13:43,33.14,0.04,9,29826,买盘
13:13:46,33.14,0.0,1,3314,中性盘
13:13:49,33.14,0.0,9,29826,卖盘
13:13:51,33.14,0.0,8,26512,买盘
13:14:00,33.1,-0.04,6,19876,卖盘
13:14:04,33.14,0.04,55,182270,买盘
13:14:07,33.15,0.01,128,424320,买盘
13:14:10,33.13,-0.02,148,489900,卖盘
13:14:13,33.16,0.03,6,19895,买盘
13:14:16,33.15,-0.01,9,29835,卖盘
13:14:19,33.15,0.0,2,6631,卖盘
13:14:21,33.16,0.01,66,218799,买盘
13:14:25,33.15,-0.01,11,36467,卖盘
13:14:28,33.15,0.0,3,9945,卖盘
13:14:31,33.16,0.01,139,460884,买盘
13:14:34,33.15,-0.01,47,155835,卖盘
13:14:36,33.15,0.0,52,172382,卖盘
13:14:39,33.15,0.0,22,72930,卖盘
13:14:42,33.15,0.0,73,242525,卖盘
13:14:45,33.11,-0.04,13,43073,卖盘
13:14:52,33.15,0.04,209,692835,买盘
13:14:55,33.15,0.0,12,39780,买盘
13:14:58,33.11,-0.04,1,3311,卖盘
13:15:04,33.12,0.01,50,165609,卖盘
13:15:07,33.12,0.0,2,6624,买盘
13:15:10,33.11,-0.01,10,33111,卖盘
13:15:13,33.12,0.01,22,72864,买盘
13:15:16,33.11,-0.01,18,59608,卖盘
13:15:19,33.11,0.0,29,96047,卖盘
13:15:21,33.13,0.02,37,122545,买盘
13:15:25,33.13,0.0,9,29809,买盘
13:15:28,33.13,0.0,55,182163,买盘
13:15:30,33.13,0.0,46,152396,买盘
13:15:34,33.13,0.0,1,3313,卖盘
13:15:36,33.14,0.01,98,324772,买盘
13:15:40,33.14,0.0,8,26512,买盘
13:15:42,33.12,-0.02,154,510176,卖盘
13:15:46,33.13,0.01,12,39763,买盘
13:15:49,33.14,0.01,38,125932,买盘
13:15:51,33.14,0.0,24,79536,买盘
13:15:55,33.14,0.0,6,19883,买盘
13:16:01,33.13,-0.01,2,6626,买盘
13:16:03,33.14,0.01,54,178951,买盘
13:16:07,33.14,0.0,12,39768,买盘
13:16:09,33.14,0.0,18,59640,买盘
13:16:13,33.14,0.0,76,251864,买盘
13:16:15,33.14,0.0,52,172327,买盘
13:16:18,33.14,0.0,11,36454,买盘
13:16:21,33.14,0.0,2,6628,卖盘
13:16:25,33.1,-0.04,858,2840955,卖盘
13:16:28,33.1,0.0,32,105919,买盘
13:16:31,33.1,0.0,12,39720,买盘
13:16:34,33.1,0.0,77,254870,买盘
13:16:37,33.1,0.0,253,837428,买盘
13:16:39,33.13,0.03,168,556217,买盘
13:16:46,33.14,0.01,11,36453,买盘
13:16:49,33.13,-0.01,2,6626,卖盘
13:16:52,33.13,0.0,51,168963,卖盘
13:16:55,33.13,0.0,7,23191,卖盘
13:16:58,33.13,0.0,23,76229,卖盘
13:17:00,33.14,0.01,46,152443,中性盘
13:17:04,33.14,0.0,21,68526,买盘
13:17:07,33.14,0.0,34,112676,卖盘
13:17:10,33.14,0.0,9,29826,卖盘
13:17:13,33.15,0.01,20,66283,买盘
13:17:16,33.15,0.0,11,36465,买盘
13:17:18,33.15,0.0,10,33150,买盘
13:17:22,33.14,-0.01,7,23198,卖盘
13:17:25,33.15,0.01,16,53040,买盘
13:17:31,33.14,-0.01,2,6629,卖盘
13:17:34,33.15,0.01,36,119339,买盘
13:17:37,33.15,0.0,5,16572,买盘
13:17:39,33.15,0.0,415,1375724,买盘
13:17:43,33.14,-0.01,49,162409,卖盘
13:17:46,33.15,0.01,60,198856,买盘
13:17:49,33.15,0.0,13,43094,买盘
13:17:52,33.15,0.0,51,169065,买盘
13:17:55,33.14,-0.01,3,9943,卖盘
13:17:58,33.15,0.01,100,331441,买盘
13:18:01,33.14,-0.01,39,129263,卖盘
13:18:04,33.14,0.0,20,66280,卖盘
13:18:07,33.14,0.0,5,16570,卖盘
13:18:10,33.16,0.02,509,1686908,买盘
13:18:12,33.16,0.0,29,96701,卖盘
13:18:16,33.16,0.0,23,76268,买盘
13:18:18,33.15,-0.01,33,109395,卖盘
13:18:22,33.16,0.01,34,112745,买盘
13:18:25,33.16,0.0,19,62473,买盘
13:18:28,33.16,0.0,13,43640,卖盘
13:18:31,33.17,0.01,75,248762,买盘
13:18:36,33.16,-0.01,22,72952,卖盘
13:18:39,33.17,0.01,51,169167,买盘
13:18:43,33.17,0.0,31,102827,买盘
13:18:46,33.17,0.0,14,46433,买盘
13:18:49,33.17,0.0,23,75759,买盘
13:18:52,33.17,0.0,3,9951,卖盘
13:18:55,33.18,0.01,1,3318,买盘
13:18:58,33.18,0.0,68,225602,买盘
13:19:01,33.18,0.0,10,33173,买盘
13:19:04,33.18,0.0,28,92881,买盘
13:19:07,33.18,0.0,109,361662,买盘
13:19:10,33.18,0.0,29,96201,买盘
13:19:13,33.18,0.0,150,497752,买盘
13:19:16,33.19,0.01,24,79655,买盘
13:19:21,33.18,-0.01,14,46453,卖盘
13:19:25,33.19,0.01,2,6638,买盘
13:19:28,33.19,0.0,26,86284,买盘
13:19:31,33.19,0.0,1,3319,买盘
13:19:34,33.18,-0.01,88,292020,卖盘
13:19:37,33.2,0.02,108,358456,买盘
13:19:39,33.19,-0.01,3,9956,买盘
13:19:42,33.15,-0.04,352,1167712,卖盘
13:19:46,33.18,0.03,71,235424,买盘
13:19:49,33.18,0.0,27,89592,卖盘
13:19:52,33.19,0.01,30,99566,买盘
13:19:54,33.18,-0.01,6,19909,中性盘
13:19:58,33.19,0.01,56,185839,买盘
13:20:00,33.18,-0.01,12,39819,卖盘
13:20:04,33.19,0.01,138,457882,买盘
13:20:07,33.18,-0.01,5,16590,卖盘
13:20:10,33.18,0.0,2,6637,卖盘
13:20:13,33.19,0.01,26,86294,买盘
13:20:16,33.19,0.0,98,325058,卖盘
13:20:21,33.18,-0.01,30,99426,买盘
13:20:28,33.18,0.0,31,102860,买盘
13:20:31,33.18,0.0,40,132717,卖盘
13:20:34,33.18,0.0,9,29853,卖盘
13:20:37,33.18,0.0,40,132615,买盘
13:20:39,33.18,0.0,7,23220,买盘
13:20:42,33.18,0.0,21,69638,买盘
13:20:46,33.18,0.0,16,53072,买盘
13:20:49,33.15,-0.03,10,33154,卖盘
13:20:52,33.15,0.0,21,69615,卖盘
13:20:54,33.15,0.0,1,3315,卖盘
13:20:58,33.16,0.01,25,82894,买盘
13:21:01,33.15,-0.01,13,43095,卖盘
13:21:06,33.15,0.0,2,6630,卖盘
13:21:10,33.15,0.0,62,205542,卖盘
13:21:13,33.15,0.0,11,36474,卖盘
13:21:15,33.16,0.01,11,36476,买盘
13:21:19,33.16,0.0,24,79584,买盘
13:21:21,33.16,0.0,2,6633,卖盘
13:21:24,33.16,0.0,9,29844,卖盘
13:21:28,33.17,0.01,1,3317,买盘
13:21:31,33.17,0.0,6,19897,买盘
13:21:33,33.16,-0.01,33,109428,卖盘
13:21:36,33.16,0.0,30,99480,卖盘
13:21:40,33.17,0.01,8,26534,买盘
13:21:42,33.17,0.0,32,106144,买盘
13:21:46,33.16,-0.01,59,195657,卖盘
13:21:49,33.16,0.0,21,69637,卖盘
13:21:52,33.17,0.01,27,89559,买盘
13:21:54,33.17,0.0,174,577136,卖盘
13:21:58,33.18,0.01,57,189091,买盘
13:22:01,33.17,-0.01,72,238824,卖盘
13:22:04,33.17,0.0,65,215625,卖盘
13:22:06,33.17,0.0,33,108870,卖盘
13:22:10,33.17,0.0,40,132681,卖盘
13:22:13,33.17,0.0,21,70263,卖盘
13:22:16,33.17,0.0,8,26536,买盘
13:22:18,33.16,-0.01,4,13266,卖盘
13:22:22,33.17,0.01,1,3317,买盘
13:22:24,33.17,0.0,14,46438,买盘
13:22:27,33.16,-0.01,61,202287,卖盘
13:22:31,33.16,0.0,32,106112,卖盘
13:22:34,33.16,0.0,62,205603,卖盘
13:22:37,33.16,0.0,9,29844,买盘
13:22:39,33.14,-0.02,292,967971,卖盘
13:22:43,33.12,-0.02,98,324709,卖盘
13:22:46,33.13,0.01,35,115917,买盘
13:22:49,33.12,-0.01,231,765244,买盘
13:22:50,33.11,-0.01,19,62933,卖盘
13:22:54,33.13,0.02,24,79500,买盘
13:22:58,33.11,-0.02,39,129129,卖盘
13:23:01,33.11,0.0,72,238473,卖盘
13:23:04,33.12,0.01,24,79508,卖盘
13:23:06,33.13,0.01,23,76185,买盘
13:23:09,33.13,0.0,166,549785,卖盘
13:23:12,33.13,0.0,100,331303,卖盘
13:23:16,33.13,0.0,44,145772,卖盘
13:23:19,33.13,0.0,55,182215,中性盘
13:23:24,33.12,-0.01,6,19875,卖盘
13:23:28,33.12,0.0,24,79488,卖盘
13:23:30,33.12,0.0,36,119256,卖盘
13:23:34,33.12,0.0,68,225216,卖盘
13:23:37,33.12,0.0,7,23188,卖盘
13:23:40,33.13,0.01,6,19874,买盘
13:23:43,33.12,-0.01,9,29808,中性盘
13:23:45,33.12,0.0,8,26503,卖盘
13:23:49,33.11,-0.01,57,188755,卖盘
13:23:52,33.13,0.02,100,331294,买盘
13:23:54,33.13,0.0,5,16565,买盘
13:23:57,33.1,-0.03,506,1675080,卖盘
13:24:01,33.13,0.03,31,102703,买盘
13:24:03,33.13,0.0,75,248448,买盘
13:24:06,33.13,0.0,111,367743,买盘
13:24:09,33.11,-0.02,150,496872,卖盘
13:24:13,33.11,0.0,18,59595,买盘
13:24:16,33.11,0.0,3,9933,买盘
13:24:19,33.1,-0.01,124,410549,卖盘
13:24:22,33.1,0.0,15,49664,卖盘
13:24:24,33.13,0.03,502,1662396,买盘
13:24:27,33.13,0.0,15,49695,卖盘
13:24:31,33.13,0.0,3,9939,卖盘
13:24:33,33.13,0.0,155,513515,卖盘
13:24:40,33.13,0.0,8,26492,买盘
13:24:42,33.11,-0.02,25,82787,卖盘
13:24:45,33.1,-0.01,42,139079,卖盘
13:24:48,33.1,0.0,12,39723,卖盘
13:24:51,33.11,0.01,2,6623,卖盘
13:24:57,33.1,-0.01,112,370760,卖盘
13:25:01,33.13,0.03,32,106012,买盘
13:25:04,33.13,0.0,46,152356,买盘
13:25:09,33.13,0.0,42,139088,买盘
13:25:12,33.11,-0.02,17,56290,中性盘
13:25:16,33.12,0.01,10,33119,买盘
13:25:19,33.11,-0.01,27,89397,卖盘
13:25:21,33.11,0.0,2,6622,买盘
13:25:24,33.12,0.01,14,46357,买盘
13:25:26,33.1,-0.02,2,6622,卖盘
13:25:30,33.1,0.0,101,334310,卖盘
13:25:32,33.11,0.01,2,6622,买盘
13:25:37,33.11,0.0,7,23176,买盘
13:25:39,33.1,-0.01,12,39721,卖盘
13:25:43,33.1,0.0,50,165500,卖盘
13:25:45,33.1,0.0,14,46352,卖盘
13:25:48,33.12,0.02,23,76152,买盘
13:25:51,33.11,-0.01,15,49676,卖盘
13:25:54,33.11,0.0,3,9933,卖盘
13:25:57,33.11,0.0,1,3311,卖盘
13:26:00,33.11,0.0,53,175505,卖盘
13:26:03,33.11,0.0,24,79471,买盘
13:26:06,33.1,-0.01,19,62907,卖盘
13:26:09,33.1,0.0,2,6620,卖盘
13:26:12,33.1,0.0,31,102610,卖盘
13:26:16,33.11,0.01,9,29799,买盘
13:26:18,33.1,-0.01,22,72832,卖盘
13:26:21,33.1,0.0,14,46351,卖盘
13:26:23,33.1,0.0,8,26480,卖盘
13:26:27,33.1,0.0,137,453471,卖盘
13:26:30,33.09,-0.01,200,661805,卖盘
13:26:33,33.1,0.01,24,79439,买盘
13:26:36,33.09,-0.01,6,19857,卖盘
13:26:39,33.09,0.0,45,148905,卖盘
13:26:42,33.09,0.0,7,23169,卖盘
13:26:46,33.09,0.0,37,122441,卖盘
13:26:48,33.09,0.0,10,33090,买盘
13:26:51,33.08,-0.01,22,72778,卖盘
13:26:54,33.08,0.0,2,6616,卖盘
13:26:57,33.08,0.0,9,29772,卖盘
13:27:00,33.09,0.01,95,314280,买盘
13:27:04,33.08,-0.01,42,138955,卖盘
13:27:06,33.08,0.0,32,105859,卖盘
13:27:09,33.09,0.01,31,102550,买盘
13:27:12,33.08,-0.01,11,36392,卖盘
13:27:15,33.08,0.0,27,89326,卖盘
13:27:21,33.08,0.0,27,89316,卖盘
13:27:24,33.08,0.0,20,66160,卖盘
13:27:27,33.08,0.0,80,264640,卖盘
13:27:31,33.07,-0.01,52,172014,卖盘
13:27:32,33.08,0.01,237,784185,中性盘
13:27:36,33.07,-0.01,5,16536,卖盘
13:27:39,33.08,0.01,36,119087,买盘
13:27:46,33.07,-0.01,12,39689,卖盘
13:27:48,33.07,0.0,7,23150,卖盘
13:27:50,33.08,0.01,10,33072,买盘
13:27:54,33.08,0.0,4,13230,买盘
13:27:58,33.07,-0.01,10,33070,卖盘
13:28:00,33.07,0.0,39,128994,卖盘
13:28:03,33.07,0.0,33,109148,卖盘
13:28:10,33.06,-0.01,1,3306,卖盘
13:28:12,33.06,0.0,46,152082,卖盘
13:28:15,33.05,-0.01,136,449566,卖盘
13:28:18,33.06,0.01,5,16530,买盘
13:28:21,33.05,-0.01,407,1345149,卖盘
13:28:24,33.06,0.01,242,799860,买盘
13:28:26,33.02,-0.04,339,1120673,卖盘
13:28:30,33.04,0.02,9,29733,买盘
13:28:33,33.04,0.0,65,214722,买盘
13:28:35,33.04,0.0,50,165200,买盘
13:28:39,33.04,0.0,24,79296,买盘
13:28:43,33.05,0.01,15,49563,买盘
13:28:45,33.04,-0.01,54,178333,卖盘
13:28:48,33.04,0.0,31,102421,卖盘
13:28:50,33.02,-0.02,9,29722,卖盘
13:28:54,33.04,0.02,9,29743,卖盘
13:28:57,33.05,0.01,10,33050,买盘
13:29:00,33.06,0.01,31,102466,买盘
13:29:03,33.05,-0.01,16,52874,卖盘
13:29:06,33.04,-0.01,1,3304,卖盘
13:29:10,33.05,0.01,23,75996,买盘
13:29:12,33.05,0.0,30,99132,买盘
13:29:15,33.05,0.0,27,89213,买盘
13:29:18,33.04,-0.01,22,72697,卖盘
13:29:21,33.04,0.0,50,165220,卖盘
13:29:24,33.04,0.0,3,9912,卖盘
13:29:27,33.05,0.01,39,128888,买盘
13:29:30,33.05,0.0,1,3305,卖盘
13:29:33,33.05,0.0,23,76015,买盘
13:29:36,33.05,0.0,22,72710,买盘
13:29:39,33.02,-0.03,92,303890,卖盘
13:29:42,33.05,0.03,12,39660,买盘
13:29:45,33.06,0.01,29,95873,买盘
13:29:48,33.05,-0.01,52,171874,卖盘
13:29:51,33.05,0.0,19,62809,卖盘
13:29:54,33.05,0.0,65,214836,卖盘
13:29:57,33.04,-0.01,15,49572,卖盘
13:29:59,33.03,-0.01,17,56172,卖盘
13:30:03,33.05,0.02,33,109037,买盘
13:30:06,33.03,-0.02,5,16515,卖盘
13:30:09,33.04,0.01,14,46256,买盘
13:30:11,33.03,-0.01,22,72667,卖盘
13:30:15,33.04,0.01,39,128827,买盘
13:30:18,33.03,-0.01,28,92508,卖盘
13:30:22,33.03,0.0,28,92484,买盘
13:30:24,33.05,0.02,6,19828,买盘
13:30:27,33.04,-0.01,18,59477,卖盘
13:30:30,33.06,0.02,44,145460,买盘
13:30:33,33.05,-0.01,59,195008,卖盘
13:30:36,33.05,0.0,15,49560,买盘
13:30:39,33.05,0.0,9,29741,买盘
13:30:41,33.05,0.0,26,85939,买盘
13:30:46,33.06,0.01,14,46280,买盘
13:30:48,33.06,0.0,7,23142,买盘
13:30:52,33.05,-0.01,45,148729,卖盘
13:30:54,33.05,0.0,117,386685,卖盘
13:30:57,33.05,0.0,71,234625,买盘
13:31:00,33.05,0.0,119,393295,买盘
13:31:02,33.05,0.0,24,79315,买盘
13:31:06,33.04,-0.01,47,155283,卖盘
13:31:09,33.04,0.0,9,29736,买盘
13:31:12,33.04,0.0,5,16520,买盘
13:31:15,33.04,0.0,15,49560,买盘
13:31:17,33.04,0.0,23,75981,买盘
13:31:21,33.04,0.0,9,29731,买盘
13:31:24,33.04,0.0,9,29731,买盘
13:31:27,33.04,0.0,78,257631,中性盘
13:31:30,33.05,0.01,30,99147,买盘
13:31:32,33.04,-0.01,28,92517,卖盘
13:31:36,33.05,0.01,20,66084,买盘
13:31:39,33.04,-0.01,7,23133,卖盘
13:31:42,33.05,0.01,11,36355,买盘
13:31:45,33.03,-0.02,32,105735,卖盘
13:31:47,33.04,0.01,5,16520,买盘
13:31:52,33.04,0.0,7,23127,买盘
13:31:54,33.04,0.0,17,56168,买盘
13:31:57,33.04,0.0,5,16520,买盘
13:32:03,33.03,-0.01,43,142067,卖盘
13:32:06,33.03,0.0,158,521978,卖盘
13:32:09,33.03,0.0,79,260941,卖盘
13:32:12,33.03,0.0,83,274230,卖盘
13:32:15,33.03,0.0,50,165150,买盘
13:32:18,33.03,0.0,12,39633,买盘
13:32:21,33.03,0.0,5,16511,买盘
13:32:24,33.05,0.02,58,191576,买盘
13:32:26,33.02,-0.03,52,171727,卖盘
13:32:30,33.05,0.03,16,52868,买盘
13:32:33,33.05,0.0,33,109356,买盘
13:32:36,33.05,0.0,48,158629,卖盘
13:32:39,33.03,-0.02,8,26424,买盘
13:32:42,33.03,0.0,6,19818,买盘
13:32:44,33.03,0.0,1,3303,卖盘
13:32:48,33.05,0.02,29,95807,买盘
13:32:52,33.05,0.0,3,9911,买盘
13:32:55,33.05,0.0,15,49575,买盘
13:32:57,33.03,-0.02,3,9909,卖盘
13:33:00,33.03,0.0,2,6606,买盘
13:33:03,33.03,0.0,13,42939,买盘
13:33:06,33.03,0.0,25,82556,买盘
13:33:09,33.03,0.0,15,49536,卖盘
13:33:15,33.03,0.0,13,42957,卖盘
13:33:19,33.03,0.0,2,6606,卖盘
13:33:21,33.05,0.02,9,29745,买盘
13:33:24,33.03,-0.02,25,82587,卖盘
13:33:28,33.05,0.02,75,247875,买盘
13:33:29,33.06,0.01,12,39668,买盘
13:33:34,33.05,-0.01,19,62809,卖盘
13:33:36,33.05,0.0,108,356940,卖盘
13:33:39,33.03,-0.02,10,33040,卖盘
13:33:42,33.04,0.01,7,23128,买盘
13:33:45,33.04,0.0,13,42952,买盘
13:33:48,33.04,0.0,18,59461,买盘
13:33:51,33.03,-0.01,6,19819,卖盘
13:33:54,33.04,0.01,61,201537,买盘
13:33:58,33.04,0.0,1,3304,卖盘
13:34:01,33.04,0.0,3,9912,卖盘
13:34:04,33.04,0.0,36,118963,卖盘
13:34:06,33.03,-0.01,10,33031,卖盘
13:34:08,33.04,0.01,1,3304,买盘
13:34:13,33.04,0.0,28,92512,买盘
13:34:14,33.03,-0.01,158,521879,卖盘
13:34:18,33.03,0.0,3,9909,买盘
13:34:22,33.01,-0.02,77,254250,卖盘
13:34:24,33.03,0.02,40,132120,买盘
13:34:28,33.01,-0.02,35,115541,卖盘
13:34:30,33.02,0.01,40,132045,中性盘
13:34:33,33.02,0.0,50,165094,买盘
13:34:36,33.01,-0.01,3,9905,卖盘
13:34:40,33.01,0.0,23,75923,卖盘
13:34:42,33.02,0.01,266,878042,买盘
13:34:46,33.0,-0.02,913,3014167,卖盘
13:34:48,33.0,0.0,544,1795206,卖盘
13:34:51,33.0,0.0,1057,3486668,卖盘
13:34:55,32.98,-0.02,590,1946571,卖盘
13:34:56,32.97,-0.01,40,131893,卖盘
13:34:59,32.97,0.0,9,29673,卖盘
13:35:03,32.99,0.02,339,1118133,买盘
13:35:06,32.99,0.0,141,465161,卖盘
13:35:09,32.96,-0.03,28,92307,卖盘
13:35:13,32.97,0.01,12,39564,买盘
13:35:15,32.96,-0.01,137,451859,卖盘
13:35:19,32.96,0.0,27,89005,卖盘
13:35:22,32.95,-0.01,5,16475,卖盘
13:35:25,32.96,0.01,115,379120,买盘
13:35:26,32.97,0.01,3,9891,中性盘
13:35:29,32.96,-0.01,1,3296,卖盘
13:35:34,32.99,0.03,74,243995,买盘
13:35:37,32.97,-0.02,13,42858,中性盘
