time,price,change,volume,amount,type
09:25:04,28.89,0.1,2098,6061122,卖盘
09:30:02,28.86,-0.03,1609,4645047,卖盘
09:30:05,28.89,0.03,1219,3520960,买盘
09:30:08,28.86,-0.03,102,294614,卖盘
09:30:10,28.88,0.02,529,1528021,卖盘
09:30:14,28.88,0.0,202,585461,卖盘
09:30:17,28.89,0.01,94,271510,买盘
09:30:20,28.89,0.0,251,724807,买盘
09:30:23,28.88,-0.01,70,202012,买盘
09:30:26,28.85,-0.03,61,176016,卖盘
09:30:28,28.84,-0.01,49,141349,中性盘
09:30:30,28.86,0.02,141,406808,买盘
09:30:35,28.83,-0.03,82,236535,卖盘
09:30:37,28.83,0.0,94,270949,买盘
09:30:41,28.83,0.0,139,400521,买盘
09:30:44,28.83,0.0,40,115318,卖盘
09:30:45,28.83,0.0,54,155690,卖盘
09:30:48,28.83,0.0,122,351749,卖盘
09:30:53,28.84,0.01,99,285539,中性盘
09:30:55,28.83,-0.01,109,314265,卖盘
09:30:59,28.84,0.01,64,184622,中性盘
09:31:00,28.84,0.0,18,51922,卖盘
09:31:05,28.84,0.0,151,435449,卖盘
09:31:07,28.84,0.0,189,544956,买盘
09:31:11,28.83,-0.01,35,100930,中性盘
09:31:14,28.83,0.0,57,164318,卖盘
09:31:17,28.83,0.0,26,74954,买盘
09:31:20,28.82,-0.01,63,181638,卖盘
09:31:23,28.81,-0.01,66,190206,卖盘
09:31:25,28.82,0.01,32,92224,买盘
09:31:29,28.81,-0.01,113,325663,卖盘
09:31:32,28.81,0.0,336,966240,卖盘
09:31:35,28.82,0.01,259,746350,买盘
09:31:38,28.81,-0.01,279,803754,卖盘
09:31:40,28.82,0.01,54,155578,买盘
09:31:44,28.83,0.01,317,913580,买盘
09:31:47,28.81,-0.02,146,420875,卖盘
09:31:50,28.82,0.01,312,898642,中性盘
09:31:52,28.81,-0.01,167,481127,卖盘
09:31:56,28.81,0.0,176,507039,买盘
09:31:59,28.82,0.01,585,1685456,买盘
09:32:02,28.81,-0.01,48,138321,中性盘
09:32:05,28.81,0.0,268,772011,卖盘
09:32:08,28.83,0.02,32,92221,买盘
09:32:11,28.82,-0.01,163,469725,卖盘
09:32:14,28.81,-0.01,33,95075,卖盘
09:32:17,28.81,0.0,157,452405,卖盘
09:32:18,28.81,0.0,95,273737,买盘
09:32:23,28.81,0.0,188,541653,卖盘
09:32:26,28.83,0.02,195,562077,买盘
09:32:29,28.83,0.0,50,144122,卖盘
09:32:32,28.83,0.0,6,17298,卖盘
09:32:34,28.83,0.0,65,187392,卖盘
09:32:37,28.83,0.0,132,380487,买盘
09:32:40,28.84,0.01,420,1210601,买盘
09:32:44,28.83,-0.01,39,113084,卖盘
09:32:47,28.82,-0.01,108,310640,卖盘
09:32:50,28.82,0.0,161,464002,买盘
09:32:52,28.83,0.01,361,1040224,买盘
09:32:56,28.82,-0.01,58,167163,卖盘
09:32:59,28.82,0.0,352,1013903,卖盘
09:33:02,28.83,0.01,41,118137,买盘
09:33:05,28.8,-0.03,165,475373,卖盘
09:33:08,28.81,0.01,49,141169,买盘
09:33:11,28.82,0.01,106,305438,买盘
09:33:14,28.82,0.0,29,83569,买盘
09:33:17,28.82,0.0,110,316952,中性盘
09:33:20,28.82,0.0,10,28820,买盘
09:33:23,28.81,-0.01,65,187266,卖盘
09:33:26,28.82,0.01,53,152718,买盘
09:33:29,28.81,-0.01,34,97979,卖盘
09:33:30,28.82,0.01,67,193067,买盘
09:33:35,28.82,0.0,229,659850,买盘
09:33:38,28.82,0.0,67,193094,买盘
09:33:40,28.82,0.0,139,400598,卖盘
09:33:44,28.82,0.0,46,132572,卖盘
09:33:47,28.82,0.0,141,406345,卖盘
09:33:50,28.82,0.0,125,360321,买盘
09:33:53,28.82,0.0,33,95090,买盘
09:33:56,28.82,0.0,37,106599,买盘
09:33:59,28.82,0.0,109,314112,买盘
09:34:02,28.82,0.0,94,270937,卖盘
09:34:04,28.82,0.0,136,391952,卖盘
09:34:07,28.83,0.01,91,262325,买盘
09:34:11,28.82,-0.01,66,190225,卖盘
09:34:14,28.82,0.0,145,418107,卖盘
09:34:16,28.83,0.01,91,262391,中性盘
09:34:20,28.83,0.0,181,521677,买盘
09:34:23,28.83,0.0,43,123949,买盘
09:34:26,28.83,0.0,110,317098,买盘
09:34:29,28.82,-0.01,74,213298,卖盘
09:34:32,28.82,0.0,92,265127,卖盘
09:34:34,28.82,0.0,129,371667,买盘
09:34:38,28.82,0.0,54,155560,买盘
09:34:41,28.81,-0.01,8,23048,卖盘
09:34:44,28.81,0.0,175,504049,买盘
09:34:47,28.82,0.01,63,181550,买盘
09:34:50,28.82,0.0,191,550366,买盘
09:34:53,28.81,-0.01,388,1118209,卖盘
09:34:56,28.81,0.0,28,80673,卖盘
09:35:00,28.82,0.01,23,66270,买盘
09:35:02,28.82,0.0,98,282382,买盘
09:35:05,28.81,-0.01,204,587743,卖盘
09:35:08,28.81,0.0,101,290981,买盘
09:35:10,28.81,0.0,29,83549,买盘
09:35:14,28.81,0.0,221,636759,卖盘
09:35:16,28.81,0.0,339,976455,卖盘
09:35:18,28.8,-0.01,247,711406,卖盘
09:35:23,28.8,0.0,517,1489074,卖盘
09:35:26,28.8,0.0,324,932856,买盘
09:35:29,28.79,-0.01,380,1094117,卖盘
09:35:32,28.8,0.01,67,192935,买盘
09:35:34,28.8,0.0,84,241911,买盘
09:35:38,28.79,-0.01,182,523978,卖盘
09:35:41,28.79,0.0,98,282162,卖盘
09:35:44,28.79,0.0,193,555651,卖盘
09:35:47,28.8,0.01,441,1270080,买盘
09:35:50,28.8,0.0,138,397386,卖盘
09:35:53,28.8,0.0,184,529894,买盘
09:35:55,28.8,0.0,18,51837,买盘
09:35:59,28.79,-0.01,1038,2988248,卖盘
09:36:00,28.77,-0.02,249,716480,卖盘
09:36:05,28.75,-0.02,322,925949,卖盘
09:36:08,28.72,-0.03,48,137896,卖盘
09:36:11,28.74,0.02,7,20115,买盘
09:36:14,28.74,0.0,32,91942,买盘
09:36:16,28.74,0.0,54,155142,买盘
09:36:20,28.72,-0.02,78,224088,卖盘
09:36:22,28.73,0.01,22,63201,买盘
09:36:26,28.73,0.0,190,545770,买盘
09:36:29,28.72,-0.01,162,465171,卖盘
09:36:32,28.72,0.0,39,112007,买盘
09:36:35,28.73,0.01,360,1034232,买盘
09:36:38,28.71,-0.02,84,241256,卖盘
09:36:41,28.73,0.02,111,319254,买盘
09:36:44,28.73,0.0,26,74705,卖盘
09:36:47,28.74,0.01,369,1060156,买盘
09:36:50,28.74,0.0,51,146552,买盘
09:36:53,28.75,0.01,98,281728,买盘
09:36:55,28.74,-0.01,36,103499,卖盘
09:36:59,28.75,0.01,1,2875,买盘
09:37:02,28.75,0.0,15,43127,买盘
09:37:05,28.71,-0.04,127,364381,卖盘
09:37:08,28.72,0.01,382,1099680,买盘
09:37:11,28.72,0.0,5,14365,卖盘
09:37:14,28.75,0.03,16,46021,中性盘
09:37:16,28.77,0.02,74,212846,买盘
09:37:19,28.74,-0.03,66,189784,卖盘
09:37:23,28.75,0.01,99,284617,买盘
09:37:25,28.76,0.01,180,517591,买盘
09:37:28,28.76,0.0,16,46008,卖盘
09:37:30,28.77,0.01,249,715882,买盘
09:37:35,28.76,-0.01,86,247346,买盘
09:37:38,28.76,0.0,25,71890,卖盘
09:37:41,28.76,0.0,14,40264,买盘
09:37:44,28.76,0.0,47,135199,买盘
09:37:46,28.76,0.0,139,399661,买盘
09:37:50,28.76,0.0,23,66148,卖盘
09:37:52,28.76,0.0,18,51769,卖盘
09:37:55,28.76,0.0,4,11506,卖盘
09:37:59,28.76,0.0,18,51769,卖盘
09:38:02,28.76,0.0,23,66160,卖盘
09:38:05,28.76,0.0,58,166815,卖盘
09:38:08,28.77,0.01,119,342185,买盘
09:38:11,28.76,-0.01,27,77652,卖盘
09:38:14,28.76,0.0,45,129411,买盘
09:38:17,28.76,0.0,123,353624,买盘
09:38:20,28.76,0.0,19,54632,买盘
09:38:21,28.76,0.0,32,92027,买盘
09:38:25,28.76,0.0,395,1135881,买盘
09:38:29,28.76,0.0,14,40264,卖盘
09:38:32,28.76,0.0,40,115040,买盘
09:38:35,28.75,-0.01,186,534843,卖盘
09:38:38,28.76,0.01,83,238779,买盘
09:38:41,28.75,-0.01,30,86279,卖盘
09:38:42,28.77,0.02,64,184085,买盘
09:38:47,28.75,-0.02,28,80510,卖盘
09:38:50,28.77,0.02,112,322111,买盘
09:38:53,28.75,-0.02,30,86276,卖盘
09:38:56,28.76,0.01,90,258828,买盘
09:38:59,28.77,0.01,103,296299,买盘
09:39:02,28.77,0.0,108,310716,买盘
09:39:04,28.76,-0.01,184,529355,卖盘
09:39:08,28.77,0.01,8,23016,中性盘
09:39:11,28.76,-0.01,220,632810,卖盘
09:39:14,28.76,0.0,13,37388,买盘
09:39:17,28.76,0.0,23,66131,买盘
09:39:20,28.75,-0.01,33,94886,卖盘
09:39:23,28.76,0.01,18,51768,买盘
09:39:26,28.76,0.0,90,258827,买盘
09:39:28,28.77,0.01,104,299120,买盘
09:39:32,28.76,-0.01,66,189816,中性盘
09:39:34,28.76,0.0,74,212824,卖盘
09:39:36,28.77,0.01,10,28770,买盘
09:39:41,28.77,0.0,22,63275,买盘
09:39:44,28.77,0.0,123,353761,买盘
09:39:47,28.77,0.0,27,77679,买盘
09:39:50,28.77,0.0,39,112201,买盘
09:39:53,28.77,0.0,32,92064,买盘
09:39:56,28.76,-0.01,38,109309,卖盘
09:39:58,28.77,0.01,33,94931,买盘
09:40:02,28.77,0.0,219,629943,买盘
09:40:05,28.78,0.01,333,958124,买盘
09:40:08,28.78,0.0,2,5756,买盘
09:40:10,28.77,-0.01,78,224407,卖盘
09:40:14,28.78,0.01,18,51787,买盘
09:40:17,28.77,-0.01,7,20145,卖盘
09:40:19,28.79,0.02,723,2081098,买盘
09:40:23,28.78,-0.01,104,299413,中性盘
09:40:26,28.79,0.01,27,77720,买盘
09:40:28,28.78,-0.01,110,316504,卖盘
09:40:30,28.78,0.0,58,166941,卖盘
09:40:35,28.78,0.0,25,71950,买盘
09:40:38,28.77,-0.01,71,204308,卖盘
09:40:41,28.78,0.01,50,143900,买盘
09:40:44,28.78,0.0,24,69057,买盘
09:40:46,28.78,0.0,75,215816,买盘
09:40:49,28.78,0.0,54,155412,买盘
09:40:53,28.77,-0.01,99,284851,卖盘
09:40:56,28.78,0.01,228,656195,买盘
09:40:59,28.78,0.0,33,94961,买盘
09:41:02,28.79,0.01,349,1004730,买盘
09:41:05,28.78,-0.01,19,54683,中性盘
09:41:08,28.77,-0.01,100,287794,卖盘
09:41:14,28.78,0.01,47,135266,卖盘
09:41:17,28.78,0.0,106,304965,买盘
09:41:20,28.79,0.01,213,614011,买盘
09:41:22,28.79,0.0,31,89249,卖盘
09:41:26,28.79,0.0,19,54701,卖盘
09:41:29,28.79,0.0,18,51822,卖盘
09:41:32,28.8,0.01,11,31672,买盘
09:41:34,28.8,0.0,17,48954,买盘
09:41:38,28.79,-0.01,365,1049328,卖盘
09:41:41,28.79,0.0,34,97886,买盘
09:41:42,28.78,-0.01,43,123760,卖盘
09:41:47,28.79,0.01,140,403058,买盘
09:41:50,28.79,0.0,64,184256,买盘
09:41:53,28.8,0.01,24,69115,买盘
09:41:56,28.79,-0.01,24,69096,卖盘
09:41:57,28.79,0.0,60,172766,卖盘
09:42:02,28.79,0.0,189,544277,卖盘
09:42:05,28.79,0.0,164,472175,买盘
09:42:08,28.79,0.0,178,512359,买盘
09:42:11,28.79,0.0,49,141056,买盘
09:42:14,28.79,0.0,135,388521,买盘
09:42:17,28.8,0.01,36,103652,买盘
09:42:20,28.79,-0.01,10,28794,卖盘
09:42:21,28.79,0.0,7,20153,卖盘
09:42:26,28.8,0.01,51,146880,买盘
09:42:29,28.8,0.0,71,204467,买盘
09:42:32,28.78,-0.02,327,941447,卖盘
09:42:34,28.8,0.02,40,115126,买盘
09:42:41,28.8,0.0,56,161318,卖盘
09:42:43,28.82,0.02,73,210337,买盘
09:42:47,28.81,-0.01,43,123883,卖盘
09:42:50,28.82,0.01,31,89331,买盘
09:42:53,28.81,-0.01,88,253588,卖盘
09:42:56,28.82,0.01,128,368807,中性盘
09:42:58,28.82,0.0,31,89362,卖盘
09:43:02,28.83,0.01,23,66307,买盘
09:43:05,28.83,0.0,11,31713,买盘
09:43:07,28.83,0.0,11,31712,卖盘
09:43:11,28.83,0.0,16,46128,买盘
09:43:14,28.83,0.0,3,8649,买盘
09:43:16,28.83,0.0,19,54777,买盘
09:43:20,28.83,0.0,119,342919,买盘
09:43:23,28.82,-0.01,11,31707,卖盘
09:43:25,28.8,-0.02,51,146976,卖盘
09:43:28,28.82,0.02,23,66299,买盘
09:43:32,28.82,0.0,35,100870,买盘
09:43:35,28.83,0.01,98,282522,买盘
09:43:38,28.83,0.0,55,158565,买盘
09:43:41,28.83,0.0,59,170097,买盘
09:43:44,28.84,0.01,340,980319,买盘
09:43:47,28.84,0.0,228,657752,卖盘
09:43:50,28.85,0.01,59,170175,买盘
09:43:52,28.85,0.0,76,219332,卖盘
09:43:56,28.85,0.0,10,28857,卖盘
09:43:59,28.87,0.02,60,173148,买盘
09:44:02,28.87,0.0,120,346431,买盘
09:44:05,28.87,0.0,151,435937,买盘
09:44:08,28.86,-0.01,53,153011,卖盘
09:44:11,28.87,0.01,39,112593,买盘
09:44:14,28.87,0.0,95,274118,卖盘
09:44:17,28.87,0.0,46,132801,买盘
09:44:20,28.86,-0.01,72,207792,卖盘
09:44:23,28.87,0.01,132,380997,买盘
09:44:26,28.87,0.0,149,429922,买盘
09:44:29,28.86,-0.01,22,63493,中性盘
09:44:32,28.86,0.0,41,118308,买盘
09:44:35,28.85,-0.01,96,276973,卖盘
09:44:38,28.85,0.0,45,129834,卖盘
09:44:41,28.86,0.01,50,144272,买盘
09:44:44,28.85,-0.01,44,126940,买盘
09:44:47,28.84,-0.01,72,207666,卖盘
09:44:50,28.84,0.0,54,155719,卖盘
09:44:53,28.83,-0.01,76,219143,卖盘
09:44:56,28.83,0.0,5,14415,买盘
09:44:59,28.83,0.0,95,273837,买盘
09:45:01,28.81,-0.02,141,406267,卖盘
09:45:05,28.83,0.02,178,512855,买盘
09:45:07,28.83,0.0,15,43239,买盘
09:45:10,28.82,-0.01,16,46123,卖盘
09:45:13,28.84,0.02,25,72091,买盘
09:45:17,28.83,-0.01,71,205625,卖盘
09:45:20,28.84,0.01,65,187439,买盘
09:45:23,28.84,0.0,415,1196127,卖盘
09:45:26,28.8,-0.04,243,700112,卖盘
09:45:29,28.84,0.04,11,31724,买盘
09:45:32,28.84,0.0,29,83636,卖盘
09:45:35,28.82,-0.02,196,565205,卖盘
09:45:38,28.84,0.02,49,141262,买盘
09:45:41,28.84,0.0,65,187436,买盘
09:45:44,28.85,0.01,147,424012,买盘
09:45:47,28.83,-0.02,9,25955,卖盘
09:45:50,28.83,0.0,107,308587,卖盘
09:45:53,28.84,0.01,35,100959,买盘
09:45:55,28.84,0.0,11,31724,买盘
09:45:58,28.84,0.0,163,470274,卖盘
09:46:01,28.86,0.02,10,28850,买盘
09:46:04,28.85,-0.01,98,282725,卖盘
09:46:08,28.86,0.01,74,213496,买盘
09:46:11,28.85,-0.01,49,141364,卖盘
09:46:14,28.86,0.01,184,530806,买盘
09:46:17,28.86,0.0,59,170306,卖盘
09:46:20,28.86,0.0,172,496392,卖盘
09:46:22,28.86,0.0,97,279879,买盘
09:46:26,28.86,0.0,165,476174,买盘
09:46:28,28.85,-0.01,151,435650,卖盘
09:46:31,28.84,-0.01,87,250922,卖盘
09:46:35,28.84,0.0,120,346028,买盘
09:46:38,28.82,-0.02,74,213302,卖盘
09:46:40,28.83,0.01,119,342963,买盘
09:46:44,28.83,0.0,60,172961,卖盘
09:46:47,28.84,0.01,96,276736,买盘
09:46:49,28.81,-0.03,167,481180,卖盘
09:46:53,28.81,0.0,68,195856,买盘
09:46:56,28.83,0.02,227,654471,买盘
09:46:59,28.84,0.01,37,106672,买盘
09:47:02,28.81,-0.03,51,147030,卖盘
09:47:05,28.83,0.02,23,66314,卖盘
09:47:08,28.83,0.0,41,118179,卖盘
09:47:10,28.83,0.0,50,144122,买盘
09:47:14,28.81,-0.02,54,155592,卖盘
09:47:17,28.83,0.02,26,74922,买盘
09:47:20,28.83,0.0,64,184399,买盘
09:47:23,28.83,0.0,22,63403,买盘
09:47:26,28.83,0.0,106,305385,买盘
09:47:29,28.83,0.0,17,49000,买盘
09:47:32,28.82,-0.01,6,17292,卖盘
09:47:34,28.81,-0.01,128,368759,卖盘
09:47:38,28.81,0.0,48,138256,买盘
09:47:41,28.81,0.0,30,86426,买盘
09:47:44,28.82,0.01,86,247819,买盘
09:47:47,28.82,0.0,16,46116,卖盘
09:47:50,28.82,0.0,11,31702,卖盘
09:47:53,28.82,0.0,91,262273,卖盘
09:47:56,28.83,0.01,86,247877,买盘
09:47:59,28.82,-0.01,75,216158,卖盘
09:48:02,28.82,0.0,137,394854,卖盘
09:48:05,28.83,0.01,38,109532,买盘
09:48:08,28.82,-0.01,196,564941,卖盘
09:48:11,28.82,0.0,41,118127,买盘
09:48:14,28.82,0.0,136,391758,买盘
09:48:17,28.81,-0.01,33,95076,卖盘
09:48:20,28.82,0.01,14,40339,买盘
09:48:23,28.82,0.0,14,40347,买盘
09:48:26,28.8,-0.02,59,169956,卖盘
09:48:29,28.81,0.01,228,656661,买盘
09:48:32,28.81,0.0,38,109478,买盘
09:48:34,28.81,0.0,44,126750,买盘
09:48:38,28.8,-0.01,66,189133,卖盘
09:48:41,28.8,0.0,274,789119,买盘
09:48:44,28.8,0.0,53,152646,买盘
09:48:47,28.79,-0.01,99,286069,卖盘
09:48:50,28.8,0.01,18,51843,卖盘
09:48:52,28.8,0.0,116,334121,卖盘
09:48:55,28.8,0.0,167,480855,买盘
09:49:00,28.8,0.0,58,167032,买盘
09:49:01,28.81,0.01,37,106539,买盘
09:49:04,28.81,0.0,240,691596,买盘
09:49:08,28.81,0.0,16,46117,卖盘
09:49:11,28.82,0.01,1,2882,中性盘
09:49:13,28.82,0.0,15,43235,卖盘
09:49:17,28.82,0.0,168,484143,买盘
09:49:20,28.82,0.0,9,25938,中性盘
09:49:23,28.82,0.0,117,337251,卖盘
09:49:26,28.83,0.01,45,129735,买盘
09:49:28,28.83,0.0,25,72075,买盘
09:49:32,28.83,0.0,170,488535,买盘
09:49:35,28.82,-0.01,215,619936,买盘
09:49:38,28.83,0.01,28,80724,卖盘
09:49:41,28.83,0.0,20,57660,卖盘
09:49:44,28.84,0.01,592,1707637,买盘
09:49:47,28.84,0.0,433,1249017,卖盘
09:49:50,28.86,0.02,46,132738,买盘
09:49:52,28.84,-0.02,132,380928,卖盘
09:49:56,28.84,0.0,32,92318,卖盘
09:49:58,28.84,0.0,260,749746,卖盘
09:50:02,28.82,-0.02,73,210464,卖盘
09:50:05,28.83,0.01,140,403497,买盘
09:50:07,28.81,-0.02,244,704695,卖盘
09:50:11,28.82,0.01,71,204624,卖盘
09:50:15,28.82,0.0,126,363014,买盘
09:50:17,28.83,0.01,112,322774,买盘
09:50:20,28.82,-0.01,63,181549,卖盘
09:50:23,28.8,-0.02,203,584828,卖盘
09:50:26,28.8,0.0,325,935988,卖盘
09:50:29,28.79,-0.01,238,685333,卖盘
09:50:31,28.78,-0.01,319,917441,卖盘
09:50:34,28.77,-0.01,602,1732558,卖盘
09:50:38,28.77,0.0,204,586911,卖盘
09:50:41,28.77,0.0,309,888702,买盘
09:50:44,28.77,0.0,76,218606,买盘
09:50:47,28.76,-0.01,40,115062,卖盘
09:50:50,28.76,0.0,38,109317,卖盘
09:50:53,28.76,0.0,156,448598,卖盘
09:50:56,28.77,0.01,6,17258,买盘
09:51:00,28.76,-0.01,33,94908,卖盘
09:51:02,28.77,0.01,17,48899,买盘
09:51:05,28.77,0.0,140,402647,买盘
09:51:08,28.77,0.0,16,46031,买盘
09:51:11,28.77,0.0,107,307778,买盘
09:51:14,28.77,0.0,45,129460,买盘
09:51:17,28.77,0.0,64,184110,买盘
09:51:20,28.77,0.0,92,264684,买盘
09:51:23,28.77,0.0,25,71937,卖盘
09:51:25,28.78,0.01,44,126615,买盘
09:51:30,28.79,0.01,270,777331,买盘
09:51:32,28.79,0.0,282,811886,卖盘
09:51:35,28.78,-0.01,34,97922,卖盘
09:51:38,28.8,0.02,10,28800,买盘
09:51:41,28.82,0.02,164,472269,买盘
09:51:44,28.84,0.02,258,743852,买盘
09:51:47,28.8,-0.04,16,46086,卖盘
09:51:50,28.84,0.04,218,628610,买盘
09:51:53,28.84,0.0,4,11536,买盘
09:51:56,28.84,0.0,39,112476,卖盘
09:52:00,28.84,0.0,230,663548,卖盘
09:52:02,28.85,0.01,121,349071,买盘
09:52:05,28.85,0.0,123,354748,买盘
09:52:08,28.84,-0.01,208,599559,卖盘
09:52:11,28.82,-0.02,19,54778,中性盘
09:52:15,28.81,-0.01,26,74894,中性盘
09:52:17,28.78,-0.03,29,83516,卖盘
09:52:20,28.79,0.01,39,112280,买盘
09:52:23,28.79,0.0,24,69096,买盘
09:52:26,28.76,-0.03,1099,3162137,卖盘
09:52:29,28.76,0.0,52,149549,买盘
09:52:32,28.76,0.0,490,1408946,买盘
09:52:35,28.76,0.0,513,1475385,买盘
09:52:38,28.82,0.06,156,449185,买盘
09:52:41,28.82,0.0,129,371510,卖盘
09:52:45,28.81,-0.01,2,5763,中性盘
09:52:45,28.81,0.0,40,115179,卖盘
09:52:50,28.81,0.0,154,443348,卖盘
09:52:53,28.79,-0.02,16,46071,中性盘
09:52:56,28.81,0.02,122,351261,买盘
09:52:59,28.81,0.0,359,1034125,买盘
09:53:02,28.78,-0.03,16,46080,卖盘
09:53:05,28.79,0.01,67,192850,买盘
09:53:08,28.79,0.0,28,80595,买盘
09:53:12,28.78,-0.01,13,37424,卖盘
09:53:15,28.79,0.01,45,129555,买盘
09:53:17,28.78,-0.01,249,716716,卖盘
09:53:20,28.8,0.02,8,23040,买盘
09:53:23,28.81,0.01,20,57596,买盘
09:53:26,28.81,0.0,4,11524,买盘
09:53:29,28.81,0.0,229,659379,买盘
09:53:32,28.81,0.0,26,74905,买盘
09:53:36,28.8,-0.01,22,63375,卖盘
09:53:38,28.8,0.0,61,175683,买盘
09:53:41,28.8,0.0,65,187199,买盘
09:53:45,28.8,0.0,23,66240,买盘
09:53:45,28.8,0.0,11,31680,买盘
09:53:50,28.8,0.0,53,152640,买盘
09:53:53,28.79,-0.01,59,169888,卖盘
09:53:56,28.8,0.01,63,181438,买盘
09:54:00,28.8,0.0,30,86400,买盘
09:54:02,28.8,0.0,43,123840,买盘
09:54:05,28.8,0.0,173,498024,买盘
09:54:06,28.79,-0.01,72,207299,中性盘
09:54:10,28.78,-0.01,72,207271,卖盘
09:54:15,28.79,0.01,35,100765,买盘
09:54:17,28.79,0.0,27,77732,买盘
09:54:20,28.8,0.01,25,71998,买盘
09:54:23,28.8,0.0,20,57600,买盘
09:54:26,28.79,-0.01,66,190038,卖盘
09:54:30,28.79,0.0,72,207342,卖盘
09:54:32,28.8,0.01,175,504606,买盘
09:54:36,28.8,0.0,7,20158,买盘
09:54:38,28.8,0.0,26,74870,买盘
09:54:41,28.8,0.0,18,51840,买盘
09:54:42,28.79,-0.01,90,259113,卖盘
09:54:47,28.79,0.0,15,43188,卖盘
09:54:50,28.8,0.01,42,120960,买盘
09:54:53,28.79,-0.01,223,642116,卖盘
09:54:56,28.79,0.0,83,238929,买盘
09:54:59,28.8,0.01,26,74855,买盘
09:55:02,28.8,0.0,23,66240,买盘
09:55:05,28.79,-0.01,99,285157,卖盘
09:55:08,28.8,0.01,43,123785,卖盘
09:55:10,28.8,0.0,7,20160,卖盘
09:55:15,28.79,-0.01,17,48943,卖盘
09:55:17,28.79,0.0,41,118044,卖盘
09:55:20,28.79,0.0,63,181413,卖盘
09:55:23,28.78,-0.01,132,379965,卖盘
09:55:26,28.79,0.01,37,106543,卖盘
09:55:30,28.79,0.0,57,164104,卖盘
09:55:32,28.8,0.01,7,20160,买盘
09:55:36,28.8,0.0,3,8639,买盘
09:55:38,28.8,0.0,13,37436,买盘
09:55:41,28.8,0.0,4,11517,买盘
09:55:42,28.79,-0.01,38,109419,卖盘
09:55:47,28.79,0.0,174,500873,卖盘
09:55:50,28.8,0.01,40,115171,买盘
09:55:53,28.78,-0.02,37,106528,卖盘
09:55:56,28.79,0.01,47,135283,买盘
09:55:59,28.8,0.01,30,86358,买盘
09:56:00,28.79,-0.01,21,60459,卖盘
09:56:03,28.78,-0.01,52,149681,卖盘
09:56:08,28.79,0.01,37,106522,买盘
09:56:11,28.78,-0.01,41,118030,卖盘
09:56:14,28.8,0.02,22,63358,买盘
09:56:17,28.8,0.0,3,8639,买盘
09:56:20,28.79,-0.01,46,132440,卖盘
09:56:23,28.8,0.01,12,34560,买盘
09:56:26,28.79,-0.01,31,89257,卖盘
09:56:28,28.79,0.0,11,31669,卖盘
09:56:32,28.8,0.01,162,466554,买盘
09:56:36,28.8,0.0,23,66222,买盘
09:56:38,28.8,0.0,124,356949,买盘
09:56:40,28.79,-0.01,26,74866,卖盘
09:56:42,28.79,0.0,24,69103,卖盘
09:56:49,28.78,-0.01,55,158342,卖盘
09:56:53,28.8,0.02,8,23038,买盘
09:56:55,28.79,-0.01,46,132416,卖盘
09:56:59,28.79,0.0,111,319469,买盘
09:57:02,28.8,0.01,22,63359,买盘
09:57:05,28.79,-0.01,3,8637,卖盘
09:57:08,28.8,0.01,30,86394,买盘
09:57:10,28.8,0.0,1,2880,买盘
09:57:15,28.79,-0.01,23,66230,卖盘
09:57:17,28.8,0.01,10,28800,买盘
09:57:18,28.8,0.0,96,276466,买盘
09:57:23,28.81,0.01,128,368759,买盘
09:57:26,28.8,-0.01,137,394531,卖盘
09:57:28,28.79,-0.01,146,420446,卖盘
09:57:32,28.81,0.02,32,92192,买盘
09:57:35,28.81,0.0,35,100830,买盘
09:57:36,28.8,-0.01,21,60496,卖盘
09:57:41,28.81,0.01,17,48973,买盘
09:57:44,28.8,-0.01,15,43213,卖盘
09:57:47,28.81,0.01,10,28810,买盘
09:57:50,28.81,0.0,6,17286,买盘
09:57:52,28.8,-0.01,34,97924,卖盘
09:57:56,28.81,0.01,1,2881,买盘
09:57:59,28.81,0.0,184,530180,卖盘
09:58:02,28.83,0.02,15,43237,买盘
09:58:05,28.83,0.0,11,31713,买盘
09:58:08,28.82,-0.01,61,175820,卖盘
09:58:11,28.82,0.0,23,66304,卖盘
09:58:12,28.84,0.02,41,118234,买盘
09:58:17,28.84,0.0,26,74984,买盘
09:58:20,28.81,-0.03,197,567661,卖盘
09:58:23,28.82,0.01,56,161428,卖盘
09:58:25,28.84,0.02,15,43255,买盘
09:58:29,28.84,0.0,57,164328,买盘
09:58:32,28.84,0.0,18,51912,买盘
09:58:33,28.84,0.0,150,432600,买盘
09:58:38,28.83,-0.01,10,28833,卖盘
09:58:41,28.84,0.01,41,118224,买盘
09:58:42,28.83,-0.01,7,20186,卖盘
09:58:47,28.84,0.01,47,135548,买盘
09:58:50,28.83,-0.01,22,63442,卖盘
09:58:53,28.84,0.01,96,276834,买盘
09:58:56,28.84,0.0,37,106708,买盘
09:58:59,28.84,0.0,9,25956,买盘
09:59:02,28.84,0.0,6,17304,买盘
09:59:05,28.84,0.0,24,69199,买盘
09:59:06,28.83,-0.01,42,121124,卖盘
09:59:11,28.84,0.01,128,369041,买盘
09:59:12,28.84,0.0,19,54778,买盘
09:59:17,28.84,0.0,12,34605,买盘
09:59:18,28.83,-0.01,89,256592,卖盘
09:59:23,28.83,0.0,45,129745,卖盘
09:59:25,28.83,0.0,40,115332,卖盘
09:59:29,28.83,0.0,124,357592,卖盘
09:59:32,28.83,0.0,16,46131,卖盘
09:59:33,28.83,0.0,20,57660,卖盘
09:59:38,28.83,0.0,10,28833,卖盘
09:59:41,28.83,0.0,125,360390,卖盘
09:59:44,28.83,0.0,5,14415,买盘
09:59:47,28.83,0.0,136,392106,买盘
09:59:50,28.84,0.01,59,170153,买盘
09:59:53,28.83,-0.01,87,250826,卖盘
09:59:56,28.83,0.0,21,60546,卖盘
09:59:59,28.83,0.0,46,132621,卖盘
10:00:02,28.83,0.0,140,403630,卖盘
10:00:05,28.83,0.0,34,98022,卖盘
10:00:06,28.83,0.0,47,135501,买盘
10:00:10,28.82,-0.01,117,337194,卖盘
10:00:12,28.82,0.0,25,72055,卖盘
10:00:17,28.82,0.0,34,97988,买盘
10:00:23,28.81,-0.01,87,250736,卖盘
10:00:25,28.82,0.01,9,25938,买盘
10:00:30,28.83,0.01,22,63393,买盘
10:00:32,28.81,-0.02,22,63391,卖盘
10:00:35,28.82,0.01,1,2882,买盘
10:00:38,28.83,0.01,69,198852,买盘
10:00:41,28.82,-0.01,92,265145,卖盘
10:00:44,28.82,0.0,28,80696,卖盘
10:00:45,28.83,0.01,19,54759,买盘
10:00:49,28.81,-0.02,101,291057,卖盘
10:00:52,28.82,0.01,43,123929,买盘
10:00:56,28.81,-0.01,215,619773,卖盘
10:00:59,28.81,0.0,18,51858,卖盘
10:01:00,28.82,0.01,21,60504,买盘
10:01:05,28.82,0.0,50,144100,买盘
10:01:06,28.82,0.0,8,23054,买盘
10:01:11,28.82,0.0,40,115243,买盘
10:01:14,28.81,-0.01,59,170020,卖盘
10:01:17,28.82,0.01,14,40343,买盘
10:01:20,28.82,0.0,1,2882,买盘
10:01:23,28.82,0.0,15,43230,买盘
10:01:26,28.82,0.0,64,184448,买盘
10:01:29,28.83,0.01,77,221976,买盘
10:01:32,28.82,-0.01,315,908027,卖盘
10:01:35,28.83,0.01,613,1766671,买盘
10:01:36,28.82,-0.01,13,37466,卖盘
10:01:40,28.82,0.0,358,1032062,卖盘
10:01:44,28.8,-0.02,520,1497865,卖盘
10:01:45,28.82,0.02,2,5763,买盘
10:01:49,28.8,-0.02,36,103710,卖盘
10:01:53,28.82,0.02,6,17292,买盘
10:01:55,28.8,-0.02,60,172860,卖盘
10:01:57,28.82,0.02,6,17292,中性盘
10:02:02,28.8,-0.02,6,17280,卖盘
10:02:05,28.8,0.0,3,8640,卖盘
10:02:08,28.82,0.02,29,83570,买盘
10:02:11,28.81,-0.01,417,1201745,卖盘
10:02:14,28.81,0.0,30,86429,卖盘
10:02:17,28.81,0.0,58,167098,买盘
10:02:18,28.8,-0.01,39,112330,卖盘
10:02:21,28.81,0.01,3,8643,买盘
10:02:26,28.81,0.0,69,198789,买盘
10:02:28,28.8,-0.01,400,1152291,卖盘
10:02:30,28.81,0.01,14,40335,买盘
10:02:35,28.82,0.01,48,138335,买盘
10:02:38,28.83,0.01,381,1098023,买盘
10:02:40,28.82,-0.01,38,109514,卖盘
10:02:44,28.83,0.01,18,51894,买盘
10:02:47,28.82,-0.01,34,98012,卖盘
10:02:50,28.82,0.0,291,839183,卖盘
10:02:53,28.83,0.01,11,31712,买盘
10:02:55,28.83,0.0,351,1012230,卖盘
10:02:59,28.83,0.0,272,784176,买盘
10:03:02,28.84,0.01,88,253771,买盘
10:03:05,28.83,-0.01,139,400750,卖盘
10:03:08,28.84,0.01,12,34607,买盘
10:03:11,28.84,0.0,143,412289,买盘
10:03:14,28.82,-0.02,139,400695,卖盘
10:03:17,28.82,0.0,105,302547,卖盘
10:03:20,28.82,0.0,6,17292,卖盘
10:03:23,28.83,0.01,40,115320,买盘
10:03:26,28.82,-0.01,13,37472,卖盘
10:03:29,28.83,0.01,23,66293,买盘
10:03:32,28.84,0.01,151,435407,买盘
10:03:35,28.81,-0.03,49,141247,卖盘
10:03:38,28.82,0.01,56,161344,买盘
10:03:40,28.81,-0.01,7,20167,卖盘
10:03:44,28.81,0.0,17,48977,卖盘
10:03:47,28.82,0.01,3,8646,买盘
10:03:50,28.82,0.0,3,8646,买盘
10:03:53,28.82,0.0,10,28820,买盘
10:03:56,28.81,-0.01,74,213204,卖盘
10:03:59,28.82,0.01,20,57622,买盘
10:04:02,28.81,-0.01,55,158419,卖盘
10:04:05,28.82,0.01,150,432039,买盘
10:04:08,28.82,0.0,6,17290,买盘
10:04:13,28.81,-0.01,5,14406,卖盘
10:04:17,28.82,0.01,21,60522,买盘
10:04:20,28.82,0.0,24,69168,买盘
10:04:23,28.81,-0.01,34,97968,卖盘
10:04:26,28.82,0.01,11,31702,买盘
10:04:29,28.81,-0.01,123,354370,卖盘
10:04:30,28.81,0.0,35,99639,买盘
10:04:33,28.81,0.0,17,48989,卖盘
10:04:38,28.82,0.01,36,103727,买盘
10:04:41,28.82,0.0,40,116505,卖盘
10:04:44,28.82,0.0,117,336993,买盘
10:04:47,28.82,0.0,1,2882,买盘
10:04:50,28.82,0.0,33,95089,买盘
10:04:53,28.82,0.0,150,432079,买盘
10:04:56,28.81,-0.01,83,239122,中性盘
10:04:59,28.82,0.01,38,109455,买盘
10:05:02,28.81,-0.01,10,28810,卖盘
10:05:05,28.8,-0.01,44,126761,卖盘
10:05:06,28.82,0.02,7,20170,买盘
10:05:11,28.81,-0.01,10,28813,中性盘
10:05:14,28.8,-0.01,196,564479,卖盘
10:05:17,28.8,0.0,30,86400,买盘
10:05:20,28.8,0.0,4,11520,买盘
10:05:23,28.79,-0.01,322,927278,卖盘
10:05:26,28.8,0.01,24,69140,中性盘
10:05:29,28.81,0.01,3,8640,买盘
10:05:32,28.8,-0.01,6,17280,卖盘
10:05:35,28.8,0.0,40,115224,卖盘
10:05:36,28.81,0.01,39,112321,买盘
10:05:41,28.8,-0.01,150,431907,卖盘
10:05:44,28.81,0.01,63,181454,买盘
10:05:47,28.81,0.0,11,31691,买盘
10:05:50,28.81,0.0,67,193027,买盘
10:05:53,28.81,0.0,4,11524,买盘
10:05:56,28.8,-0.01,55,158443,卖盘
10:05:59,28.8,0.0,3,8640,卖盘
10:06:02,28.81,0.01,16,46096,卖盘
10:06:03,28.82,0.01,39,112398,买盘
10:06:07,28.82,0.0,30,86449,买盘
10:06:11,28.8,-0.02,106,305452,卖盘
10:06:14,28.8,0.0,82,236160,卖盘
10:06:17,28.8,0.0,20,57601,买盘
10:06:20,28.8,0.0,15,43205,卖盘
10:06:23,28.81,0.01,9,25929,买盘
10:06:26,28.8,-0.01,119,342721,卖盘
10:06:29,28.8,0.0,145,417483,买盘
10:06:32,28.79,-0.01,27,77759,卖盘
10:06:35,28.8,0.01,28,80634,买盘
10:06:37,28.81,0.01,34,97935,买盘
10:06:40,28.81,0.0,64,184319,买盘
10:06:43,28.8,-0.01,17,48960,卖盘
10:06:47,28.81,0.01,6,17286,买盘
10:06:50,28.81,0.0,10,28810,买盘
10:06:53,28.81,0.0,14,40325,买盘
10:06:56,28.8,-0.01,84,241944,卖盘
10:06:59,28.8,0.0,93,267862,卖盘
10:07:02,28.8,0.0,40,115202,卖盘
10:07:05,28.8,0.0,81,233333,卖盘
10:07:08,28.81,0.01,79,227535,买盘
10:07:10,28.81,0.0,10,28808,买盘
10:07:14,28.81,0.0,5,14405,买盘
10:07:17,28.8,-0.01,104,299524,卖盘
10:07:20,28.8,0.0,100,288010,卖盘
10:07:21,28.8,0.0,42,120944,买盘
10:07:26,28.8,0.0,87,250542,买盘
10:07:32,28.8,0.0,47,135381,卖盘
10:07:35,28.8,0.0,77,221762,卖盘
10:07:38,28.81,0.01,16,46096,买盘
10:07:41,28.8,-0.01,20,57600,卖盘
10:07:43,28.81,0.01,122,351361,买盘
10:07:45,28.81,0.0,28,80651,买盘
10:07:50,28.81,0.0,19,54739,买盘
10:07:52,28.81,0.0,36,103716,买盘
10:07:55,28.81,0.0,8,23048,卖盘
10:07:57,28.82,0.01,209,601114,买盘
10:08:05,28.8,-0.02,119,342850,卖盘
10:08:06,28.83,0.03,18,51866,买盘
10:08:11,28.81,-0.02,10,28811,卖盘
10:08:14,28.81,0.0,41,118133,卖盘
10:08:16,28.83,0.02,7,20181,买盘
10:08:18,28.82,-0.01,11,31702,中性盘
10:08:23,28.83,0.01,29,83600,买盘
10:08:28,28.82,-0.01,4,11528,卖盘
10:08:32,28.82,0.0,37,106666,卖盘
10:08:34,28.83,0.01,10,28830,买盘
10:08:38,28.83,0.0,122,351728,买盘
10:08:41,28.83,0.0,90,259555,卖盘
10:08:44,28.84,0.01,18,51912,买盘
10:08:47,28.83,-0.01,55,158615,卖盘
10:08:49,28.84,0.01,297,856547,买盘
10:08:53,28.83,-0.01,276,796118,卖盘
10:08:56,28.85,0.02,144,415434,买盘
10:08:57,28.85,0.0,55,158668,买盘
10:09:02,28.85,0.0,63,181752,买盘
10:09:05,28.84,-0.01,50,144203,卖盘
10:09:08,28.84,0.0,42,121128,买盘
10:09:11,28.84,0.0,359,1034979,买盘
10:09:14,28.82,-0.02,84,242164,卖盘
10:09:16,28.84,0.02,158,455603,买盘
10:09:18,28.84,0.0,25,72102,卖盘
10:09:23,28.85,0.01,132,380820,买盘
10:09:26,28.85,0.0,5,14425,卖盘
10:09:29,28.85,0.0,1,2885,卖盘
10:09:32,28.86,0.01,316,911968,买盘
10:09:35,28.87,0.01,57,164496,买盘
10:09:36,28.86,-0.01,10,28860,卖盘
10:09:41,28.87,0.01,11,31757,买盘
10:09:44,28.87,0.0,623,1797805,买盘
10:09:47,28.88,0.01,358,1033538,买盘
10:09:50,28.86,-0.02,50,144299,买盘
10:09:53,28.86,0.0,15,43290,买盘
10:09:56,28.87,0.01,523,1509408,买盘
10:09:59,28.86,-0.01,24,69275,卖盘
10:10:02,28.86,0.0,565,1631138,卖盘
10:10:04,28.88,0.02,275,794084,买盘
10:10:08,28.86,-0.02,190,548341,卖盘
10:10:10,28.86,0.0,624,1801736,卖盘
10:10:14,28.86,0.0,139,401228,卖盘
10:10:17,28.86,0.0,219,632207,卖盘
10:10:18,28.86,0.0,130,375214,卖盘
10:10:23,28.87,0.01,220,635157,买盘
10:10:26,28.86,-0.01,242,698452,卖盘
10:10:29,28.86,0.0,70,202018,买盘
10:10:32,28.86,0.0,83,239521,买盘
10:10:35,28.85,-0.01,11,31740,卖盘
10:10:38,28.86,0.01,34,98096,买盘
10:10:41,28.86,0.0,27,77922,买盘
10:10:44,28.86,0.0,120,346216,买盘
10:10:47,28.86,0.0,350,1009825,买盘
10:10:50,28.85,-0.01,34,98096,卖盘
10:10:53,28.86,0.01,142,409691,买盘
10:10:56,28.85,-0.01,76,219293,卖盘
10:10:59,28.85,0.0,305,879951,买盘
10:11:02,28.85,0.0,20,57699,买盘
10:11:05,28.85,0.0,45,129825,买盘
10:11:08,28.85,0.0,112,323103,买盘
10:11:11,28.84,-0.01,18,51913,卖盘
10:11:14,28.85,0.01,17,49037,买盘
10:11:17,28.84,-0.01,188,542196,卖盘
10:11:20,28.84,0.0,5,14420,买盘
10:11:23,28.83,-0.01,156,449791,卖盘
10:11:26,28.82,-0.01,125,360371,卖盘
10:11:29,28.84,0.02,28,80735,买盘
10:11:32,28.84,0.0,16,46143,买盘
10:11:35,28.83,-0.01,3,8649,卖盘
10:11:38,28.83,0.0,593,1709066,卖盘
10:11:41,28.82,-0.01,85,245662,买盘
10:11:44,28.84,0.02,115,331447,买盘
10:11:47,28.84,0.0,51,147084,买盘
10:11:50,28.84,0.0,11,31721,卖盘
10:11:53,28.84,0.0,6,17304,卖盘
10:11:56,28.84,0.0,7,20193,卖盘
10:11:57,28.84,0.0,34,98056,卖盘
10:12:02,28.83,-0.01,14,40374,卖盘
10:12:04,28.84,0.01,14,40365,买盘
10:12:08,28.84,0.0,15,43259,买盘
10:12:11,28.83,-0.01,4,11532,卖盘
10:12:14,28.83,0.0,33,95154,卖盘
10:12:16,28.83,0.0,294,847889,卖盘
10:12:20,28.84,0.01,592,1707331,买盘
10:12:23,28.85,0.01,338,975110,买盘
10:12:26,28.85,0.0,211,608701,买盘
10:12:29,28.84,-0.01,203,585792,卖盘
10:12:30,28.87,0.03,26,75037,买盘
10:12:34,28.87,0.0,86,248262,买盘
10:12:36,28.87,0.0,306,883254,买盘
10:12:40,28.86,-0.01,31,89490,卖盘
10:12:44,28.86,0.0,557,1608472,卖盘
10:12:45,28.87,0.01,23,66369,买盘
10:12:49,28.85,-0.02,24,69258,卖盘
10:12:53,28.87,0.02,46,132797,买盘
10:12:56,28.87,0.0,26,75058,买盘
10:12:59,28.86,-0.01,280,808616,卖盘
10:13:02,28.87,0.01,73,210704,买盘
10:13:05,28.87,0.0,13,37531,买盘
10:13:08,28.88,0.01,13,37536,买盘
10:13:10,28.87,-0.01,1,2887,卖盘
10:13:14,28.87,0.0,16,46192,卖盘
10:13:16,28.87,0.0,20,57740,买盘
10:13:18,28.88,0.01,62,179053,买盘
10:13:23,28.87,-0.01,72,207934,卖盘
10:13:26,28.88,0.01,70,202160,买盘
10:13:29,28.87,-0.01,6,17327,卖盘
10:13:32,28.88,0.01,134,386989,买盘
10:13:35,28.87,-0.01,113,326256,卖盘
10:13:38,28.88,0.01,50,144400,买盘
10:13:41,28.89,0.01,26,75090,买盘
10:13:43,28.88,-0.01,173,499539,卖盘
10:13:47,28.88,0.0,61,176168,买盘
10:13:50,28.88,0.0,44,127084,卖盘
10:13:53,28.88,0.0,43,124180,卖盘
10:13:56,28.88,0.0,3,8663,买盘
10:13:59,28.88,0.0,10,28880,买盘
10:14:02,28.88,0.0,101,291692,买盘
10:14:05,28.89,0.01,104,300254,买盘
10:14:08,28.88,-0.01,169,488155,卖盘
10:14:11,28.88,0.0,67,193491,买盘
10:14:14,28.88,0.0,15,43320,买盘
10:14:16,28.88,0.0,319,920687,买盘
10:14:18,28.88,0.0,30,86617,买盘
10:14:23,28.87,-0.01,20,57748,卖盘
10:14:26,28.88,0.01,43,124172,买盘
10:14:29,28.88,0.0,42,121279,买盘
10:14:30,28.86,-0.02,16,46176,卖盘
10:14:35,28.86,0.0,54,155867,卖盘
10:14:38,28.86,0.0,4,11544,买盘
10:14:41,28.86,0.0,90,259706,买盘
10:14:43,28.85,-0.01,114,328891,卖盘
10:14:47,28.86,0.01,4,11543,买盘
10:14:50,28.86,0.0,8,23088,买盘
10:14:53,28.86,0.0,32,92351,卖盘
10:14:56,28.86,0.0,25,72150,买盘
10:14:57,28.86,0.0,37,107563,买盘
10:15:02,28.86,0.0,25,72833,卖盘
10:15:05,28.86,0.0,46,132792,卖盘
10:15:08,28.86,0.0,35,101024,卖盘
10:15:11,28.87,0.01,118,340650,中性盘
10:15:14,28.87,0.0,9,25983,卖盘
10:15:17,28.86,-0.01,97,279995,卖盘
10:15:23,28.87,0.01,10,28870,买盘
10:15:26,28.86,-0.01,41,118332,卖盘
10:15:29,28.87,0.01,8,23096,买盘
10:15:32,28.86,-0.01,254,733158,卖盘
10:15:34,28.87,0.01,56,161617,中性盘
10:15:38,28.86,-0.01,177,509442,卖盘
10:15:40,28.87,0.01,60,173149,买盘
10:15:43,28.86,-0.01,29,83699,中性盘
10:15:47,28.86,0.0,28,80791,买盘
10:15:50,28.85,-0.01,367,1060268,卖盘
10:15:53,28.85,0.0,46,131267,卖盘
10:15:56,28.84,-0.01,218,628723,卖盘
10:15:59,28.84,0.0,47,135515,卖盘
10:16:02,28.84,0.0,65,187482,买盘
10:16:05,28.85,0.01,51,147134,买盘
10:16:06,28.85,0.0,3,8655,买盘
10:16:11,28.85,0.0,40,115370,买盘
10:16:13,28.85,0.0,185,533690,买盘
10:16:17,28.85,0.0,42,121190,卖盘
10:16:18,28.86,0.01,16,46164,买盘
10:16:21,28.85,-0.01,30,86560,卖盘
10:16:26,28.86,0.01,37,106769,买盘
10:16:29,28.86,0.0,296,854548,卖盘
10:16:32,28.86,0.0,5,14430,卖盘
10:16:34,28.86,0.0,100,288600,卖盘
10:16:41,28.87,0.01,7,20208,买盘
10:16:44,28.86,-0.01,72,207807,卖盘
10:16:47,28.87,0.01,20,57722,买盘
10:16:50,28.86,-0.01,97,279891,中性盘
10:16:52,28.87,0.01,26,75060,买盘
10:16:55,28.87,0.0,111,320209,买盘
10:16:59,28.87,0.0,45,129900,买盘
10:17:02,28.86,-0.01,65,187634,中性盘
10:17:05,28.86,0.0,9,25974,买盘
10:17:08,28.86,0.0,28,80808,买盘
10:17:10,28.86,0.0,4,11544,买盘
10:17:14,28.86,0.0,31,89456,买盘
10:17:17,28.86,0.0,23,66362,买盘
10:17:23,28.85,-0.01,12,34620,卖盘
10:17:26,28.85,0.0,20,57700,卖盘
10:17:29,28.85,0.0,14,40399,卖盘
10:17:32,28.85,0.0,1,2885,卖盘
10:17:35,28.85,0.0,56,161574,卖盘
10:17:41,28.85,0.0,61,176012,卖盘
10:17:44,28.85,0.0,3,8657,卖盘
10:17:47,28.85,0.0,64,184640,卖盘
10:17:50,28.85,0.0,8,23080,买盘
10:17:52,28.85,0.0,19,54798,买盘
10:17:55,28.85,0.0,3,8655,买盘
10:17:59,28.85,0.0,54,155440,买盘
10:18:02,28.85,0.0,102,294270,卖盘
10:18:05,28.85,0.0,23,66355,卖盘
10:18:08,28.85,0.0,75,216389,卖盘
10:18:13,28.86,0.01,50,144276,买盘
10:18:17,28.85,-0.01,26,75010,卖盘
10:18:18,28.86,0.01,20,57720,买盘
10:18:21,28.86,0.0,37,106760,买盘
10:18:26,28.86,0.0,1,2886,买盘
10:18:29,28.86,0.0,100,288577,买盘
10:18:32,28.86,0.0,116,334775,买盘
10:18:35,28.86,0.0,171,493501,买盘
10:18:36,28.86,0.0,267,770727,卖盘
10:18:41,28.86,0.0,101,291566,卖盘
10:18:43,28.86,0.0,99,285799,卖盘
10:18:47,28.88,0.02,30,86629,买盘
10:18:50,28.87,-0.01,22,63514,中性盘
10:18:52,28.87,0.0,10,28870,卖盘
10:18:56,28.87,0.0,57,164546,卖盘
10:18:59,28.87,0.0,43,124145,卖盘
10:19:00,28.88,0.01,33,95296,买盘
10:19:05,28.87,-0.01,38,109707,卖盘
10:19:08,28.87,0.0,118,340565,买盘
10:19:10,28.88,0.01,62,179048,买盘
10:19:13,28.88,0.0,34,98176,买盘
10:19:17,28.88,0.0,29,83730,买盘
10:19:20,28.87,-0.01,313,903943,卖盘
10:19:21,28.88,0.01,86,248365,买盘
10:19:26,28.89,0.01,464,1340036,买盘
10:19:29,28.87,-0.02,215,620872,卖盘
10:19:32,28.87,0.0,169,487903,卖盘
10:19:34,28.86,-0.01,28,80819,卖盘
10:19:38,28.88,0.02,30,86617,买盘
10:19:41,28.88,0.0,14,40427,买盘
10:19:44,28.88,0.0,20,57758,买盘
10:19:47,28.87,-0.01,29,83747,卖盘
10:19:49,28.87,0.0,15,43305,卖盘
10:19:52,28.88,0.01,1,2888,买盘
10:19:56,28.88,0.0,33,95298,买盘
10:20:02,28.88,0.0,186,537167,买盘
10:20:05,28.87,-0.01,582,1681367,卖盘
10:20:08,28.89,0.02,191,551796,买盘
10:20:11,28.9,0.01,497,1436311,买盘
10:20:14,28.9,0.0,240,693600,买盘
10:20:17,28.92,0.02,215,621569,买盘
10:20:18,28.92,0.0,203,587024,买盘
10:20:23,28.93,0.01,508,1469644,买盘
10:20:25,28.94,0.01,480,1388987,买盘
10:20:28,28.92,-0.02,152,439828,卖盘
10:20:32,28.94,0.02,102,295188,买盘
10:20:35,28.94,0.0,104,300947,买盘
10:20:38,28.94,0.0,51,147543,买盘
10:20:41,28.92,-0.02,200,578566,卖盘
10:20:44,28.92,0.0,151,436691,买盘
10:20:47,28.92,0.0,45,130123,买盘
10:20:50,28.92,0.0,63,182174,买盘
10:20:53,28.91,-0.01,39,112754,卖盘
10:20:56,28.91,0.0,65,187941,卖盘
10:20:57,28.91,0.0,26,75172,卖盘
10:21:02,28.92,0.01,99,286284,买盘
10:21:04,28.91,-0.01,167,482939,卖盘
10:21:08,28.92,0.01,146,422212,买盘
10:21:11,28.92,0.0,207,598585,买盘
10:21:14,28.92,0.0,80,231360,买盘
10:21:17,28.92,0.0,5,14460,卖盘
10:21:18,28.92,0.0,104,300795,卖盘
10:21:21,28.93,0.01,69,199577,买盘
10:21:26,28.93,0.0,214,618974,买盘
10:21:28,28.93,0.0,192,555293,买盘
10:21:32,28.93,0.0,82,237224,买盘
10:21:35,28.93,0.0,122,352917,买盘
10:21:36,28.92,-0.01,42,121501,卖盘
10:21:41,28.93,0.01,223,645131,买盘
10:21:44,28.93,0.0,70,202498,买盘
10:21:47,28.92,-0.01,172,497585,卖盘
10:21:50,28.94,0.02,101,292194,买盘
10:21:53,28.93,-0.01,105,303777,卖盘
10:21:56,28.93,0.0,7,20251,卖盘
10:21:59,28.94,0.01,93,269071,买盘
10:22:02,28.93,-0.01,286,827619,卖盘
10:22:05,28.94,0.01,163,471719,买盘
10:22:08,28.95,0.01,40,115796,买盘
10:22:11,28.96,0.01,649,1878842,买盘
10:22:13,28.95,-0.01,26,75270,卖盘
10:22:16,28.96,0.01,219,634224,买盘
10:22:20,28.96,0.0,64,185334,买盘
10:22:23,28.97,0.01,160,463454,买盘
10:22:26,28.96,-0.01,428,1239882,卖盘
10:22:29,28.98,0.02,127,368022,买盘
10:22:32,28.98,0.0,55,159390,买盘
10:22:35,28.96,-0.02,184,533141,卖盘
10:22:38,28.97,0.01,176,509797,中性盘
10:22:41,28.97,0.0,64,185407,买盘
10:22:44,28.97,0.0,127,367983,买盘
10:22:47,28.98,0.01,183,530207,买盘
10:22:50,28.97,-0.01,19,55049,卖盘
10:22:53,28.97,0.0,102,295546,卖盘
10:22:56,28.97,0.0,166,480978,卖盘
10:22:59,28.97,0.0,222,643146,卖盘
10:23:02,28.97,0.0,127,368009,买盘
10:23:05,28.96,-0.01,52,150632,卖盘
10:23:08,28.96,0.0,56,162177,卖盘
10:23:11,28.97,0.01,31,89799,买盘
10:23:14,28.97,0.0,179,518539,买盘
10:23:17,28.97,0.0,63,182469,买盘
10:23:20,28.97,0.0,48,139044,买盘
10:23:23,28.97,0.0,54,156412,买盘
10:23:26,28.97,0.0,63,182485,买盘
10:23:28,28.97,0.0,404,1170419,买盘
10:23:32,28.97,0.0,62,179636,买盘
10:23:35,28.97,0.0,50,144860,卖盘
10:23:36,28.97,0.0,78,225936,买盘
10:23:41,28.97,0.0,46,133256,买盘
10:23:44,28.96,-0.01,98,283876,卖盘
10:23:47,28.97,0.01,127,369681,买盘
10:23:50,28.97,0.0,36,104292,卖盘
10:23:53,28.97,0.0,158,457748,卖盘
10:23:55,28.97,0.0,203,588223,卖盘
10:23:59,28.97,0.0,51,147790,卖盘
10:24:02,28.97,0.0,101,292611,卖盘
10:24:05,28.98,0.01,52,150666,买盘
10:24:08,28.98,0.0,70,202824,买盘
10:24:11,28.98,0.0,300,868982,买盘
10:24:13,28.96,-0.02,146,422824,卖盘
10:24:17,28.96,0.0,41,118735,买盘
10:24:20,28.96,0.0,24,69504,买盘
10:24:23,28.97,0.01,11,31859,买盘
10:24:25,28.96,-0.01,40,115867,卖盘
10:24:29,28.96,0.0,3,8688,卖盘
10:24:32,28.97,0.01,28,81104,买盘
10:24:35,28.96,-0.01,54,156412,卖盘
10:24:38,28.97,0.01,81,234651,买盘
10:24:41,28.96,-0.01,85,246220,卖盘
10:24:44,28.96,0.0,56,162218,卖盘
10:24:45,28.97,0.01,53,153527,买盘
10:24:50,28.96,-0.01,11,31858,卖盘
10:24:53,28.96,0.0,79,228839,卖盘
10:24:56,28.96,0.0,14,40557,卖盘
10:24:59,28.97,0.01,180,521455,买盘
10:25:00,28.96,-0.01,29,83985,卖盘
10:25:05,28.96,0.0,116,335942,卖盘
10:25:08,28.96,0.0,63,182488,卖盘
10:25:11,28.96,0.0,5,14480,卖盘
10:25:13,28.96,0.0,147,425736,卖盘
10:25:17,28.96,0.0,182,527134,卖盘
10:25:20,28.95,-0.01,10,28955,卖盘
10:25:23,28.96,0.01,158,457537,买盘
10:25:26,28.97,0.01,123,356262,买盘
10:25:29,28.95,-0.02,35,101338,卖盘
10:25:32,28.96,0.01,86,249045,买盘
10:25:35,28.96,0.0,110,318453,买盘
10:25:38,28.95,-0.01,60,173745,卖盘
10:25:41,28.96,0.01,130,376439,买盘
10:25:44,28.97,0.01,43,124562,买盘
10:25:47,28.96,-0.01,87,251969,卖盘
10:25:50,28.96,0.0,10,28960,卖盘
10:25:53,28.97,0.01,47,136149,买盘
10:25:55,28.96,-0.01,16,46336,卖盘
10:25:59,28.96,0.0,79,228819,卖盘
10:26:02,28.96,0.0,84,243300,卖盘
10:26:05,28.96,0.0,18,52139,卖盘
10:26:08,28.96,0.0,180,521280,卖盘
10:26:11,28.97,0.01,929,2691884,买盘
10:26:14,28.96,-0.01,125,362140,卖盘
10:26:17,28.97,0.01,158,457639,买盘
10:26:20,28.95,-0.02,121,350367,卖盘
10:26:23,28.96,0.01,44,127468,卖盘
10:26:26,28.96,0.0,27,78207,卖盘
10:26:29,28.97,0.01,34,98494,中性盘
10:26:30,28.96,-0.01,48,139014,卖盘
10:26:35,28.97,0.01,234,677813,买盘
10:26:38,28.97,0.0,5,14485,买盘
10:26:41,28.97,0.0,57,165127,买盘
10:26:42,28.97,0.0,27,78213,买盘
10:26:45,28.97,0.0,14,40558,买盘
10:26:50,28.96,-0.01,8,23173,卖盘
10:26:53,28.96,0.0,198,573447,卖盘
10:26:56,28.96,0.0,25,72407,卖盘
10:26:59,28.97,0.01,624,1808061,买盘
10:27:02,28.97,0.0,116,336050,买盘
10:27:05,28.96,-0.01,7,20272,卖盘
10:27:08,28.97,0.01,54,156386,买盘
10:27:11,28.97,0.0,39,112982,买盘
10:27:14,28.99,0.02,212,614273,买盘
10:27:17,28.98,-0.01,26,75328,买盘
10:27:20,28.98,0.0,118,341883,买盘
10:27:23,28.97,-0.01,20,57940,卖盘
10:27:26,28.98,0.01,77,223145,买盘
10:27:28,28.98,0.0,3,8694,买盘
10:27:32,28.98,0.0,68,197064,买盘
10:27:34,28.98,0.0,292,846014,买盘
10:27:38,28.98,0.0,80,231843,卖盘
10:27:41,28.96,-0.02,212,614173,卖盘
10:27:44,28.97,0.01,131,379634,中性盘
10:27:45,28.97,0.0,9,26080,卖盘
10:27:53,28.98,0.01,17,49266,买盘
10:27:56,28.97,-0.01,13,37669,卖盘
10:27:59,28.97,0.0,9,26073,卖盘
10:28:00,28.97,0.0,33,95631,卖盘
10:28:05,28.98,0.01,65,188338,买盘
10:28:06,28.98,0.0,42,121708,买盘
10:28:11,28.97,-0.01,10,28976,卖盘
10:28:14,28.98,0.01,33,95634,买盘
10:28:17,28.98,0.0,48,138376,买盘
10:28:20,28.97,-0.01,143,415009,卖盘
10:28:23,28.96,-0.01,259,750456,卖盘
10:28:25,28.97,0.01,46,133262,买盘
10:28:29,28.96,-0.01,25,72420,卖盘
10:28:32,28.96,0.0,44,127462,卖盘
10:28:34,28.96,0.0,18,52128,卖盘
10:28:41,28.96,0.0,46,133260,卖盘
10:28:44,28.96,0.0,17,49232,卖盘
10:28:47,28.97,0.01,35,99239,买盘
10:28:50,28.97,0.0,133,385178,买盘
10:28:53,28.97,0.0,32,92674,买盘
10:28:56,28.97,0.0,35,101995,买盘
10:28:59,28.96,-0.01,102,295433,卖盘
10:29:00,28.97,0.01,10,28962,买盘
10:29:04,28.96,-0.01,5,14480,卖盘
10:29:06,28.96,0.0,23,65942,卖盘
10:29:10,28.97,0.01,5,14485,买盘
10:29:14,28.96,-0.01,256,741624,卖盘
10:29:17,28.97,0.01,40,115864,买盘
10:29:20,28.97,0.0,20,57940,买盘
10:29:22,28.96,-0.01,502,1455993,卖盘
10:29:26,28.96,0.0,21,60814,买盘
10:29:29,28.95,-0.01,159,459128,卖盘
10:29:32,28.97,0.02,230,666075,买盘
10:29:36,28.97,0.0,206,596374,买盘
10:29:36,28.95,-0.02,90,261844,卖盘
10:29:41,28.96,0.01,14,39352,买盘
10:29:42,28.97,0.01,12,34764,买盘
10:29:45,28.95,-0.02,57,165091,卖盘
10:29:50,28.96,0.01,101,292562,买盘
10:29:52,28.98,0.02,74,214401,买盘
10:29:56,28.96,-0.02,121,350387,卖盘
10:29:59,28.97,0.01,8,23172,买盘
10:30:02,28.97,0.0,6,17379,买盘
10:30:05,28.97,0.0,136,393796,买盘
10:30:08,28.98,0.01,30,86937,买盘
10:30:11,28.97,-0.01,37,107189,卖盘
10:30:14,28.97,0.0,231,669333,卖盘
10:30:17,28.97,0.0,101,292663,卖盘
10:30:20,28.97,0.0,20,57940,卖盘
10:30:23,28.97,0.0,6,17093,卖盘
10:30:26,28.98,0.01,31,89838,买盘
10:30:29,28.97,-0.01,35,101408,卖盘
10:30:32,28.98,0.01,449,1301025,买盘
10:30:35,28.98,0.0,258,747662,买盘
10:30:38,28.98,0.0,171,495708,买盘
10:30:41,28.99,0.01,313,907371,买盘
10:30:44,29.0,0.01,688,1995321,买盘
10:30:47,28.98,-0.02,1261,3655460,卖盘
10:30:50,28.99,0.01,250,725383,买盘
10:30:53,29.0,0.01,68,197166,买盘
10:30:56,29.0,0.0,613,1777796,买盘
10:30:59,29.0,0.0,165,478652,卖盘
10:31:00,29.02,0.02,55,159548,买盘
10:31:05,29.0,-0.02,410,1188694,卖盘
10:31:06,29.01,0.01,33,95756,卖盘
10:31:10,29.01,0.0,192,557030,卖盘
10:31:14,29.02,0.01,55,159635,中性盘
10:31:17,29.03,0.01,118,342370,买盘
10:31:18,29.01,-0.02,37,107396,卖盘
10:31:23,29.02,0.01,147,426705,中性盘
10:31:26,29.02,0.0,128,371536,卖盘
10:31:29,29.02,0.0,82,237964,买盘
10:31:30,29.02,0.0,6,17411,买盘
10:31:35,29.02,0.0,71,206074,买盘
10:31:36,29.02,0.0,42,121902,卖盘
10:31:41,29.02,0.0,69,200238,卖盘
10:31:42,29.02,0.0,179,519476,买盘
10:31:47,29.02,0.0,125,362807,买盘
10:31:50,29.02,0.0,105,304685,买盘
10:31:52,29.02,0.0,103,298882,卖盘
10:31:56,29.02,0.0,161,467205,买盘
10:31:59,29.02,0.0,20,58042,买盘
10:32:02,29.03,0.01,113,328036,买盘
10:32:05,29.02,-0.01,165,478862,卖盘
10:32:08,29.01,-0.01,196,568720,卖盘
10:32:10,29.02,0.01,93,269866,买盘
10:32:12,29.02,0.0,47,136394,买盘
10:32:17,29.02,0.0,122,353941,买盘
10:32:20,29.02,0.0,91,264030,买盘
10:32:21,29.03,0.01,264,766230,买盘
10:32:26,29.03,0.0,58,168273,买盘
10:32:29,29.03,0.0,177,513516,买盘
10:32:30,29.02,-0.01,93,269964,卖盘
10:32:34,29.02,0.0,19,56007,买盘
10:32:36,29.02,0.0,53,153806,买盘
10:32:41,29.02,0.0,46,133474,买盘
10:32:42,29.02,0.0,29,84141,买盘
10:32:45,29.02,0.0,50,145100,买盘
10:32:50,29.02,0.0,103,298902,买盘
10:32:53,29.02,0.0,93,269878,买盘
10:32:56,29.02,0.0,187,542673,买盘
10:32:57,29.01,-0.01,72,208930,卖盘
10:33:00,29.01,0.0,233,675986,卖盘
10:33:04,29.01,0.0,22,63822,买盘
10:33:08,29.01,0.0,36,104435,买盘
10:33:11,29.0,-0.01,310,899005,卖盘
10:33:12,29.01,0.01,20,58020,买盘
10:33:17,29.0,-0.01,24,69607,卖盘
10:33:20,29.01,0.01,82,237846,买盘
10:33:21,29.0,-0.01,165,478587,卖盘
10:33:26,29.0,0.0,67,194330,卖盘
10:33:28,29.01,0.01,59,171130,买盘
10:33:32,29.0,-0.01,24,69600,买盘
10:33:34,29.0,0.0,40,116000,买盘
10:33:38,29.0,0.0,3,8700,买盘
10:33:41,29.0,0.0,129,373927,买盘
10:33:44,29.0,0.0,47,136289,买盘
10:33:47,29.0,0.0,103,298060,买盘
10:33:50,29.0,0.0,23,66716,卖盘
10:33:53,29.0,0.0,30,87000,卖盘
10:33:55,29.0,0.0,37,107324,卖盘
10:33:59,29.0,0.0,15,43500,卖盘
10:34:02,29.0,0.0,152,440819,卖盘
10:34:04,29.0,0.0,304,881678,卖盘
10:34:08,28.98,-0.02,88,255182,卖盘
10:34:10,29.0,0.02,52,150082,买盘
10:34:15,28.98,-0.02,24,69574,卖盘
10:34:17,28.99,0.01,2,5422,中性盘
10:34:20,29.0,0.01,6,17400,买盘
10:34:21,29.0,0.0,140,405686,买盘
10:34:26,29.0,0.0,48,139160,买盘
10:34:29,29.0,0.0,12,34796,买盘
10:34:32,28.99,-0.01,45,130486,卖盘
10:34:35,28.99,0.0,22,63768,买盘
10:34:38,28.99,0.0,41,118876,买盘
10:34:40,28.99,0.0,41,118859,买盘
10:34:43,28.98,-0.01,19,55078,卖盘
10:34:45,28.98,0.0,62,179704,卖盘
10:34:50,28.98,0.0,25,72450,卖盘
10:34:52,28.98,0.0,147,425979,卖盘
10:34:55,28.98,0.0,6,17387,买盘
10:34:57,28.98,0.0,34,98532,买盘
10:35:00,28.98,0.0,64,185451,买盘
10:35:05,28.97,-0.01,43,124596,卖盘
10:35:08,28.97,0.0,9,26080,卖盘
10:35:11,28.97,0.0,91,263730,卖盘
10:35:14,28.97,0.0,22,63739,卖盘
10:35:17,28.98,0.01,34,98524,买盘
10:35:18,28.98,0.0,14,40565,买盘
10:35:23,28.97,-0.01,5,14485,卖盘
10:35:26,28.97,0.0,83,240484,卖盘
10:35:29,28.97,0.0,11,31870,卖盘
10:35:32,28.97,0.0,36,104304,卖盘
10:35:36,28.98,0.01,46,133298,买盘
10:35:36,28.98,0.0,15,43462,买盘
10:35:41,28.98,0.0,16,46368,买盘
10:35:44,28.98,0.0,48,139103,买盘
10:35:47,28.97,-0.01,24,69551,卖盘
10:35:49,28.97,0.0,34,98524,卖盘
10:35:53,28.97,0.0,23,66644,卖盘
10:35:56,28.98,0.01,8,23183,买盘
10:35:59,28.97,-0.01,28,81139,卖盘
10:36:02,28.97,0.0,207,599746,卖盘
10:36:05,28.98,0.01,136,394126,买盘
10:36:08,28.99,0.01,31,89866,买盘
10:36:11,28.99,0.0,36,104364,买盘
10:36:14,28.98,-0.01,102,295596,卖盘
10:36:17,28.98,0.0,15,43468,买盘
10:36:20,28.97,-0.01,45,130378,卖盘
10:36:23,28.98,0.01,74,214450,买盘
10:36:25,28.98,0.0,15,43470,买盘
10:36:28,28.98,0.0,73,211545,卖盘
10:36:30,28.98,0.0,90,260890,买盘
10:36:36,28.96,-0.02,111,321533,卖盘
10:36:36,28.98,0.02,5,14489,买盘
10:36:41,28.98,0.0,36,104318,买盘
10:36:44,28.98,0.0,4,11592,买盘
10:36:47,28.99,0.01,91,263743,买盘
10:36:50,28.97,-0.02,27,78250,卖盘
10:36:53,28.98,0.01,6,17388,买盘
10:37:00,28.98,0.0,10,28972,买盘
10:37:02,28.98,0.0,75,217325,买盘
10:37:05,28.98,0.0,23,66654,买盘
10:37:08,28.98,0.0,32,92718,买盘
10:37:12,28.96,-0.02,102,295413,卖盘
10:37:13,28.97,0.01,59,170923,买盘
10:37:17,28.98,0.01,23,66635,买盘
10:37:23,28.97,-0.01,34,98498,买盘
10:37:25,28.98,0.01,23,66640,买盘
10:37:28,28.97,-0.01,5,14486,卖盘
10:37:32,28.97,0.0,96,278114,卖盘
10:37:34,28.97,0.0,64,185469,卖盘
10:37:38,28.98,0.01,34,98509,买盘
10:37:40,28.97,-0.01,42,121712,卖盘
10:37:44,28.98,0.01,40,115919,买盘
10:37:47,28.99,0.01,85,246361,买盘
10:37:50,28.98,-0.01,23,66670,中性盘
10:37:53,28.98,0.0,1,2898,卖盘
10:37:56,28.98,0.0,1,2898,卖盘
10:38:00,28.99,0.01,44,127522,买盘
10:38:02,28.98,-0.01,47,136206,卖盘
10:38:05,28.97,-0.01,122,353492,卖盘
10:38:08,28.97,0.0,6,17382,买盘
10:38:12,28.97,0.0,72,208584,买盘
10:38:15,28.96,-0.01,10,28960,卖盘
10:38:17,28.96,0.0,1,3851,卖盘
10:38:20,28.97,0.01,13,37661,买盘
10:38:23,28.96,-0.01,123,356208,卖盘
10:38:26,28.96,0.0,6,17377,买盘
10:38:28,28.97,0.01,10,28968,中性盘
10:38:32,28.96,-0.01,30,86888,卖盘
10:38:34,28.97,0.01,38,110057,买盘
10:38:38,28.97,0.0,63,182510,买盘
10:38:41,28.97,0.0,4,11588,买盘
10:38:45,28.97,0.0,1,2897,买盘
10:38:47,28.96,-0.01,141,408420,卖盘
10:38:50,28.97,0.01,162,469241,中性盘
10:38:53,28.97,0.0,52,150644,卖盘
10:38:56,28.97,0.0,11,31868,买盘
10:38:59,28.97,0.0,4,11588,买盘
10:39:02,28.96,-0.01,8,21725,卖盘
10:39:06,28.97,0.01,15,43445,买盘
10:39:08,28.97,0.0,25,72425,买盘
10:39:10,28.96,-0.01,10,28960,卖盘
10:39:15,28.98,0.02,41,118802,买盘
10:39:17,28.97,-0.01,7,20274,中性盘
10:39:20,28.97,0.0,134,388067,买盘
10:39:23,28.97,0.0,118,341752,卖盘
10:39:26,28.96,-0.01,79,230235,卖盘
10:39:29,28.95,-0.01,187,541399,卖盘
10:39:32,28.94,-0.01,100,289476,卖盘
10:39:35,28.96,0.02,49,140456,买盘
10:39:38,28.96,0.0,112,324534,卖盘
10:39:45,28.97,0.01,28,81116,卖盘
10:39:47,28.96,-0.01,254,735461,卖盘
10:39:50,28.96,0.0,17,49226,买盘
10:39:53,28.97,0.01,28,81107,买盘
10:39:56,28.97,0.0,31,89829,卖盘
10:40:00,28.93,-0.04,206,596040,卖盘
10:40:02,28.96,0.03,2,5792,卖盘
10:40:05,28.94,-0.02,11,31827,买盘
10:40:08,28.97,0.03,65,188169,买盘
10:40:15,28.95,-0.02,31,89749,卖盘
10:40:17,28.95,0.0,4,11580,卖盘
10:40:20,28.96,0.01,30,86880,买盘
10:40:23,28.96,0.0,2,5792,买盘
10:40:26,28.95,-0.01,14,40530,卖盘
10:40:29,28.96,0.01,32,92672,买盘
10:40:32,28.95,-0.01,8,23163,卖盘
10:40:35,28.96,0.01,68,196872,买盘
10:40:36,28.96,0.0,4,11582,买盘
10:40:41,28.93,-0.03,117,338586,卖盘
10:40:44,28.95,0.02,3,8685,中性盘
10:40:47,28.96,0.01,56,162140,买盘
10:40:50,28.93,-0.03,17,49226,卖盘
10:40:52,28.95,0.02,2,5790,中性盘
10:40:56,28.95,0.0,119,344399,买盘
10:40:57,28.95,0.0,19,55005,卖盘
10:41:00,28.95,0.0,3,8685,买盘
10:41:08,28.94,-0.01,28,81049,卖盘
10:41:11,28.95,0.01,6,17369,买盘
10:41:15,28.95,0.0,2,5790,买盘
10:41:17,28.95,0.0,14,40523,买盘
10:41:20,28.94,-0.01,92,266282,卖盘
10:41:23,28.94,0.0,177,512238,买盘
10:41:25,28.94,0.0,13,37615,买盘
10:41:28,28.94,0.0,181,523813,买盘
10:41:32,28.94,0.0,84,243096,卖盘
10:41:36,28.94,0.0,5,14473,卖盘
10:41:38,28.94,0.0,5,14470,卖盘
10:41:41,28.94,0.0,1,2894,卖盘
10:41:45,28.94,0.0,16,46304,卖盘
10:41:47,28.95,0.01,271,784089,买盘
10:41:50,28.95,0.0,8,23159,买盘
10:41:53,28.95,0.0,5,14472,买盘
10:41:56,28.95,0.0,1,2895,买盘
10:42:00,28.95,0.0,14,40530,买盘
10:42:02,28.94,-0.01,10,28940,卖盘
10:42:08,28.94,0.0,51,147626,卖盘
10:42:10,28.95,0.01,105,303893,买盘
10:42:15,28.95,0.0,71,205538,买盘
10:42:17,28.94,-0.01,51,147613,卖盘
10:42:20,28.96,0.02,50,144786,买盘
10:42:23,28.95,-0.01,23,66585,中性盘
10:42:26,28.95,0.0,28,81060,买盘
10:42:30,28.96,0.01,13,37637,买盘
10:42:32,28.96,0.0,106,306976,买盘
10:42:36,28.96,0.0,37,107152,卖盘
10:42:41,28.96,0.0,58,167992,卖盘
10:42:44,28.96,0.0,10,28960,卖盘
10:42:47,28.96,0.0,1,2896,卖盘
10:42:50,28.96,0.0,127,367902,卖盘
10:42:53,28.96,0.0,163,472048,卖盘
10:42:56,28.96,0.0,126,364858,卖盘
10:43:00,28.97,0.01,37,107164,买盘
10:43:02,28.97,0.0,330,955965,买盘
10:43:05,28.96,-0.01,55,159300,卖盘
10:43:08,28.98,0.02,21,60857,买盘
10:43:15,28.97,-0.01,13,37662,卖盘
10:43:17,28.97,0.0,15,43455,卖盘
10:43:20,28.97,0.0,3,8691,买盘
10:43:23,28.98,0.01,44,127469,买盘
10:43:26,28.98,0.0,5,14487,买盘
10:43:32,28.98,0.0,1,2898,买盘
10:43:36,28.97,-0.01,69,199906,卖盘
10:43:38,28.97,0.0,21,60852,买盘
10:43:41,28.97,0.0,12,34767,卖盘
10:43:45,28.98,0.01,22,63756,买盘
10:43:47,28.98,0.0,4,11591,买盘
10:43:50,28.97,-0.01,16,46352,卖盘
10:43:52,28.97,0.0,55,159340,买盘
10:43:56,28.96,-0.01,126,364972,卖盘
10:44:00,28.97,0.01,2,5794,中性盘
10:44:02,28.98,0.01,5,14490,买盘
10:44:05,28.97,-0.01,23,66631,卖盘
10:44:08,28.97,0.0,36,104292,买盘
10:44:11,28.97,0.0,12,34764,买盘
10:44:14,28.97,0.0,2,5794,买盘
10:44:20,28.97,0.0,86,249142,买盘
10:44:30,28.97,0.0,143,414271,买盘
10:44:32,28.96,-0.01,30,86880,卖盘
10:44:36,28.97,0.01,8,23170,买盘
10:44:38,28.96,-0.01,100,289653,卖盘
10:44:41,28.96,0.0,19,55024,卖盘
10:44:44,28.96,0.0,23,66613,卖盘
10:44:47,28.97,0.01,30,86910,买盘
10:44:50,28.96,-0.01,25,72410,卖盘
10:44:53,28.97,0.01,19,55041,买盘
10:44:56,28.97,0.0,76,220146,买盘
10:45:00,28.95,-0.02,113,327248,卖盘
10:45:02,28.97,0.02,28,81116,卖盘
10:45:05,28.97,0.0,54,156436,买盘
10:45:08,28.96,-0.01,154,446024,卖盘
10:45:12,28.97,0.01,23,66609,中性盘
10:45:14,28.97,0.0,27,78219,买盘
10:45:17,28.97,0.0,37,107180,买盘
10:45:20,28.96,-0.01,9,26065,卖盘
10:45:23,28.95,-0.01,5,14476,卖盘
10:45:26,28.96,0.01,20,57920,买盘
10:45:29,28.96,0.0,20,57920,买盘
10:45:33,28.97,0.01,3,8691,买盘
10:45:36,28.97,0.0,21,60827,买盘
10:45:38,28.96,-0.01,5,14480,卖盘
10:45:41,28.96,0.0,13,37649,卖盘
10:45:44,28.95,-0.01,105,304094,卖盘
10:45:47,28.97,0.02,11,31867,买盘
10:45:50,28.96,-0.01,3,8688,卖盘
10:45:53,28.97,0.01,20,57940,买盘
10:45:56,28.97,0.0,2,5794,买盘
10:46:02,28.96,-0.01,2,5792,卖盘
10:46:05,28.97,0.01,22,63734,买盘
10:46:08,28.96,-0.01,47,136112,卖盘
10:46:11,28.97,0.01,17,49249,买盘
10:46:14,28.97,0.0,126,365012,买盘
10:46:17,28.96,-0.01,9,26068,卖盘
10:46:18,28.96,0.0,13,37649,卖盘
10:46:23,28.96,0.0,3,8688,卖盘
10:46:26,28.96,0.0,42,121632,卖盘
10:46:29,28.96,0.0,42,121632,买盘
10:46:36,28.96,0.0,3,8688,买盘
10:46:38,28.97,0.01,169,489440,买盘
10:46:42,28.97,0.0,6,17379,买盘
10:46:42,28.97,0.0,10,28965,买盘
10:46:47,28.97,0.0,83,240451,买盘
10:46:48,28.97,0.0,4,11588,买盘
10:46:53,28.97,0.0,22,63722,买盘
10:46:56,28.97,0.0,5,14485,买盘
10:46:59,28.97,0.0,4,11588,买盘
10:47:05,28.97,0.0,11,31867,买盘
10:47:14,28.97,0.0,8,23176,买盘
10:47:17,28.97,0.0,5,14485,买盘
10:47:18,28.97,0.0,75,217275,买盘
10:47:23,28.96,-0.01,292,845824,卖盘
10:47:26,28.97,0.01,24,69528,卖盘
10:47:30,28.96,-0.01,315,912776,卖盘
10:47:32,28.98,0.02,5,14490,买盘
10:47:34,28.97,-0.01,29,83996,中性盘
10:47:38,28.96,-0.01,8,23176,卖盘
10:47:40,28.97,0.01,12,34753,买盘
10:47:44,28.97,0.0,105,304085,买盘
10:47:47,28.96,-0.01,12,34757,卖盘
10:47:50,28.96,0.0,108,312768,卖盘
10:47:53,28.97,0.01,5,14485,买盘
10:47:56,28.97,0.0,54,156460,买盘
10:47:59,28.97,0.0,1,2897,买盘
10:48:02,28.97,0.0,102,295492,买盘
10:48:05,28.97,0.0,14,40558,买盘
10:48:08,28.98,0.01,44,127504,买盘
10:48:11,28.97,-0.01,4,11588,卖盘
10:48:12,28.97,0.0,28,81116,卖盘
10:48:17,28.97,0.0,11,31868,卖盘
10:48:20,28.97,0.0,6,17382,卖盘
10:48:23,28.98,0.01,44,127506,买盘
10:48:25,28.97,-0.01,13,37661,卖盘
10:48:29,28.97,0.0,84,243427,卖盘
10:48:32,28.98,0.01,108,312984,买盘
10:48:35,28.98,0.0,25,72450,卖盘
10:48:38,28.99,0.01,39,113024,买盘
10:48:41,28.99,0.0,90,260899,买盘
10:48:44,28.99,0.0,3,8697,买盘
10:48:47,28.99,0.0,3,8697,买盘
10:48:50,28.98,-0.01,53,153594,卖盘
10:48:52,28.99,0.01,18,52181,买盘
10:48:58,28.99,0.0,105,304346,买盘
10:49:02,28.98,-0.01,107,310093,卖盘
10:49:05,28.99,0.01,22,63777,买盘
10:49:08,28.98,-0.01,74,214496,卖盘
10:49:11,28.99,0.01,43,124655,买盘
10:49:14,28.98,-0.01,19,55071,卖盘
10:49:17,28.98,0.0,158,458008,卖盘
10:49:20,28.97,-0.01,18,52160,卖盘
10:49:23,28.98,0.01,64,185472,买盘
10:49:26,28.98,0.0,46,133291,买盘
10:49:29,28.98,0.0,2,5796,中性盘
10:49:32,28.99,0.01,35,101439,买盘
10:49:35,28.98,-0.01,5,14490,中性盘
10:49:38,28.98,0.0,9,26080,买盘
10:49:41,28.99,0.01,7,20293,买盘
10:49:43,28.98,-0.01,1,2898,卖盘
10:49:47,28.98,0.0,122,353568,卖盘
10:49:49,28.98,0.0,9,26082,卖盘
10:49:53,28.99,0.01,44,127528,买盘
10:49:55,28.98,-0.01,48,139104,卖盘
10:49:59,28.98,0.0,4,11592,买盘
10:50:02,28.97,-0.01,5,14485,卖盘
10:50:05,28.98,0.01,41,118817,买盘
10:50:11,28.97,-0.01,20,57947,卖盘
10:50:12,28.98,0.01,8,23183,买盘
10:50:17,28.98,0.0,99,286902,买盘
10:50:20,28.98,0.0,42,121740,买盘
10:50:23,28.98,0.0,119,344751,买盘
10:50:26,28.98,0.0,2,5796,买盘
10:50:29,28.98,0.0,46,133308,买盘
10:50:31,28.97,-0.01,9,26078,卖盘
10:50:34,28.97,0.0,8,23177,卖盘
10:50:38,28.98,0.01,12,34776,买盘
10:50:41,28.97,-0.01,5,14485,卖盘
10:50:44,28.98,0.01,20,57950,买盘
10:50:47,28.97,-0.01,24,69528,卖盘
10:50:50,28.97,0.0,3,8691,卖盘
10:50:53,28.97,0.0,33,95628,卖盘
10:50:56,28.97,0.0,6,17355,卖盘
10:50:57,28.97,0.0,16,46352,卖盘
10:51:02,28.98,0.01,20,57945,买盘
10:51:05,28.98,0.0,37,107221,买盘
10:51:08,28.98,0.0,25,72434,买盘
10:51:10,28.97,-0.01,58,168033,卖盘
10:51:14,28.98,0.01,13,37672,买盘
10:51:17,28.97,-0.01,32,92708,卖盘
10:51:20,28.97,0.0,3,8691,买盘
10:51:22,28.97,0.0,25,72422,买盘
10:51:26,28.96,-0.01,22,63723,卖盘
10:51:29,28.97,0.01,10,28970,买盘
10:51:32,28.96,-0.01,1,2896,卖盘
10:51:34,28.96,0.0,42,121632,卖盘
10:51:41,28.97,0.01,22,63722,买盘
10:51:43,28.96,-0.01,88,254855,卖盘
10:51:47,28.96,0.0,9,26064,买盘
10:51:50,28.96,0.0,116,335859,买盘
10:51:53,28.95,-0.01,16,46320,卖盘
10:51:59,28.95,0.0,31,89745,卖盘
10:52:02,28.95,0.0,31,89745,卖盘
10:52:05,28.95,0.0,6,17370,卖盘
10:52:08,28.95,0.0,24,69480,买盘
10:52:10,28.95,0.0,49,141855,买盘
10:52:14,28.95,0.0,29,83955,买盘
10:52:17,28.94,-0.01,81,234473,卖盘
10:52:20,28.96,0.02,7,20272,买盘
10:52:23,28.95,-0.01,10,28942,卖盘
10:52:26,28.95,0.0,6,17370,买盘
10:52:29,28.94,-0.01,100,289429,卖盘
10:52:32,28.94,0.0,3,8684,卖盘
10:52:38,28.94,0.0,5,14470,卖盘
10:52:40,28.94,0.0,43,124442,卖盘
10:52:44,28.95,0.01,55,159207,买盘
10:52:46,28.94,-0.01,78,225756,卖盘
10:52:50,28.93,-0.01,14,40510,卖盘
10:52:56,28.93,0.0,5,14465,卖盘
10:52:59,28.94,0.01,20,57880,买盘
10:53:01,28.93,-0.01,6,17358,卖盘
10:53:05,28.95,0.02,5,14473,买盘
10:53:07,28.94,-0.01,8,23149,中性盘
10:53:11,28.94,0.0,124,358886,卖盘
10:53:14,28.94,0.0,20,57879,买盘
10:53:17,28.93,-0.01,113,326917,卖盘
10:53:20,28.94,0.01,41,118619,买盘
10:53:23,28.95,0.01,51,147600,买盘
10:53:25,28.94,-0.01,10,28940,卖盘
10:53:30,28.94,0.0,114,330020,卖盘
10:53:32,28.94,0.0,3,8682,卖盘
10:53:38,28.95,0.01,6,17368,买盘
10:53:41,28.94,-0.01,242,700557,卖盘
10:53:44,28.95,0.01,7,20264,中性盘
10:53:47,28.94,-0.01,42,121555,卖盘
10:53:49,28.95,0.01,21,60811,买盘
10:53:52,28.95,0.0,6,17370,买盘
10:53:55,28.94,-0.01,42,121583,卖盘
10:54:01,28.94,0.0,1,2894,卖盘
10:54:05,28.94,0.0,14,40519,卖盘
10:54:07,28.95,0.01,8,23160,买盘
10:54:11,28.95,0.0,37,107115,买盘
10:54:14,28.95,0.0,8,23157,买盘
10:54:17,28.95,0.0,64,185325,买盘
10:54:20,28.94,-0.01,38,109977,卖盘
10:54:22,28.95,0.01,13,37631,买盘
10:54:25,28.94,-0.01,22,63675,卖盘
10:54:29,28.95,0.01,15,43425,买盘
10:54:32,28.95,0.0,23,66578,买盘
10:54:35,28.96,0.01,20,57898,买盘
10:54:38,28.94,-0.02,66,191049,卖盘
10:54:41,28.94,0.0,42,121585,卖盘
10:54:44,28.96,0.02,130,376258,买盘
10:54:47,28.95,-0.01,2,5791,卖盘
10:54:50,28.96,0.01,33,95538,买盘
10:54:53,28.96,0.0,1,2896,买盘
10:54:55,28.96,0.0,11,31855,买盘
10:54:59,28.96,0.0,14,40544,买盘
10:55:02,28.96,0.0,10,28960,买盘
10:55:05,28.96,0.0,6,17372,买盘
10:55:08,28.95,-0.01,5,14475,卖盘
10:55:10,28.96,0.01,260,752957,买盘
10:55:14,28.96,0.0,141,408264,买盘
10:55:17,28.96,0.0,1,2896,卖盘
10:55:20,28.97,0.01,70,202721,买盘
10:55:23,28.97,0.0,42,121663,买盘
10:55:26,28.97,0.0,1,2897,买盘
10:55:28,28.97,0.0,69,199893,买盘
10:55:32,28.97,0.0,31,89806,买盘
10:55:35,28.97,0.0,31,89807,买盘
10:55:43,28.97,0.0,35,101390,买盘
10:55:47,28.96,-0.01,5,14480,卖盘
10:55:50,28.96,0.0,30,86880,卖盘
10:55:52,28.97,0.01,9,26067,买盘
10:55:56,28.96,-0.01,64,185351,卖盘
10:55:59,28.97,0.01,7,20279,买盘
10:56:02,28.97,0.0,9,26066,买盘
10:56:04,28.96,-0.01,5,14484,卖盘
10:56:07,28.97,0.01,8,23176,买盘
10:56:11,28.96,-0.01,25,72420,卖盘
10:56:14,28.96,0.0,13,37657,卖盘
10:56:17,28.95,-0.01,100,289597,卖盘
10:56:19,28.97,0.02,91,263567,买盘
10:56:26,28.95,-0.02,8,23163,卖盘
10:56:29,28.97,0.02,69,199878,买盘
10:56:32,28.97,0.0,41,118766,买盘
10:56:35,28.96,-0.01,22,63691,中性盘
10:56:38,28.95,-0.01,1,2895,卖盘
10:56:41,28.96,0.01,17,49231,买盘
10:56:43,28.95,-0.01,6,17370,卖盘
10:56:47,28.95,0.0,5,14475,卖盘
10:56:50,28.95,0.0,47,136065,卖盘
10:56:53,28.95,0.0,27,78165,卖盘
10:56:59,28.96,0.01,24,69504,买盘
10:57:01,28.95,-0.01,6,17370,卖盘
10:57:05,28.96,0.01,19,55014,买盘
10:57:07,28.96,0.0,5,14480,买盘
10:57:10,28.96,0.0,9,26064,买盘
10:57:14,28.95,-0.01,9,26058,卖盘
10:57:17,28.95,0.0,1,2895,卖盘
10:57:20,28.95,0.0,47,136075,卖盘
10:57:23,28.96,0.01,24,69484,买盘
10:57:26,28.96,0.0,12,34747,买盘
10:57:29,28.96,0.0,100,289529,买盘
10:57:32,28.95,-0.01,7,20268,卖盘
10:57:34,28.96,0.01,29,83984,买盘
10:57:38,28.96,0.0,31,89766,买盘
10:57:41,28.95,-0.01,28,81081,卖盘
10:57:47,28.93,-0.02,106,306714,卖盘
10:57:50,28.95,0.02,31,89745,中性盘
10:57:53,28.96,0.01,32,92668,买盘
10:57:56,28.94,-0.02,4,11582,卖盘
10:57:58,28.96,0.02,50,144780,买盘
10:58:02,28.95,-0.01,22,63701,卖盘
10:58:05,28.95,0.0,22,63690,买盘
10:58:07,28.95,0.0,105,303874,买盘
10:58:11,28.95,0.0,1,2895,买盘
10:58:14,28.94,-0.01,10,28940,卖盘
10:58:17,28.94,0.0,6,17364,卖盘
10:58:20,28.95,0.01,62,179451,买盘
10:58:26,28.94,-0.01,16,46316,卖盘
10:58:29,28.94,0.0,65,188174,卖盘
10:58:32,28.94,0.0,11,31840,卖盘
10:58:35,28.95,0.01,4,11580,买盘
10:58:38,28.94,-0.01,35,101319,卖盘
10:58:41,28.94,0.0,5,14470,卖盘
10:58:50,28.94,0.0,53,153382,卖盘
10:58:59,28.94,0.0,28,81059,卖盘
10:59:02,28.95,0.01,4,11580,买盘
10:59:10,28.95,0.0,22,63690,买盘
10:59:14,28.93,-0.02,205,593099,卖盘
10:59:16,28.94,0.01,9,26046,卖盘
10:59:20,28.94,0.0,105,303853,卖盘
10:59:23,28.95,0.01,141,408095,买盘
10:59:26,28.95,0.0,14,40522,买盘
10:59:29,28.94,-0.01,1,2894,中性盘
10:59:35,28.93,-0.01,31,89689,卖盘
10:59:38,28.92,-0.01,102,295020,卖盘
10:59:44,28.94,0.02,33,95502,买盘
10:59:47,28.94,0.0,194,561406,买盘
10:59:50,28.94,0.0,386,1117083,买盘
10:59:53,28.94,0.0,68,196776,卖盘
10:59:56,28.95,0.01,16,46305,买盘
10:59:59,28.95,0.0,34,98427,买盘
11:00:02,28.93,-0.02,7,20251,卖盘
11:00:05,28.92,-0.01,12,34709,卖盘
11:00:08,28.92,0.0,1,2892,卖盘
11:00:11,28.94,0.02,7,20257,中性盘
11:00:14,28.94,0.0,5,14470,买盘
11:00:17,28.94,0.0,37,107083,卖盘
11:00:20,28.95,0.01,90,260529,买盘
11:00:22,28.93,-0.02,32,92577,卖盘
11:00:26,28.94,0.01,3,8682,卖盘
11:00:29,28.94,0.0,18,52092,买盘
11:00:32,28.95,0.01,28,81056,买盘
11:00:35,28.93,-0.02,20,57860,卖盘
11:00:37,28.93,0.0,18,52077,卖盘
11:00:40,28.94,0.01,3,8682,买盘
11:00:44,28.93,-0.01,14,40508,卖盘
11:00:47,28.93,0.0,10,28939,卖盘
11:00:49,28.92,-0.01,267,772302,卖盘
11:00:52,28.93,0.01,321,928879,卖盘
11:00:56,28.95,0.02,2,5790,买盘
11:00:59,28.95,0.0,114,329917,买盘
11:01:01,28.94,-0.01,20,57880,卖盘
11:01:05,28.94,0.0,9,26046,卖盘
11:01:07,28.95,0.01,30,86850,买盘
11:01:10,28.94,-0.01,46,133128,卖盘
11:01:14,28.94,0.0,14,40516,卖盘
11:01:17,28.94,0.0,6,17368,卖盘
11:01:20,28.93,-0.01,159,460158,卖盘
11:01:23,28.93,0.0,35,101287,卖盘
11:01:26,28.93,0.0,4,11578,卖盘
11:01:29,28.93,0.0,28,81052,卖盘
11:01:32,28.94,0.01,10,28940,买盘
11:01:34,28.93,-0.01,122,353062,卖盘
11:01:37,28.94,0.01,11,31834,中性盘
11:01:41,28.94,0.0,5,14470,卖盘
11:01:43,28.94,0.0,13,37622,卖盘
11:01:47,28.94,0.0,2,5788,卖盘
11:01:49,28.94,0.0,7,20258,买盘
11:01:53,28.94,0.0,107,309628,买盘
11:01:56,28.94,0.0,12,34728,买盘
11:02:01,28.93,-0.01,114,329912,卖盘
11:02:05,28.93,0.0,57,164934,卖盘
11:02:08,28.94,0.01,2,5788,卖盘
11:02:11,28.93,-0.01,49,141831,卖盘
11:02:14,28.94,0.01,21,60786,中性盘
11:02:17,28.94,0.0,6,17364,买盘
11:02:20,28.94,0.0,44,127336,买盘
11:02:23,28.93,-0.01,31,89683,卖盘
11:02:25,28.92,-0.01,107,309522,卖盘
11:02:29,28.92,0.0,56,162026,卖盘
11:02:35,28.93,0.01,3,8679,买盘
11:02:38,28.92,-0.01,102,294995,卖盘
11:02:41,28.92,0.0,35,101220,卖盘
11:02:44,28.92,0.0,17,49164,卖盘
11:02:47,28.92,0.0,128,370299,卖盘
11:02:50,28.92,0.0,28,80983,卖盘
11:02:53,28.94,0.02,166,480103,买盘
11:02:56,28.92,-0.02,21,60726,中性盘
11:02:59,28.92,0.0,11,31812,买盘
11:03:02,28.92,0.0,3,8676,买盘
11:03:05,28.93,0.01,40,115698,买盘
11:03:08,28.92,-0.01,22,63626,卖盘
11:03:11,28.93,0.01,34,98362,买盘
11:03:14,28.93,0.0,44,127332,卖盘
11:03:17,28.93,0.0,37,107044,卖盘
11:03:20,28.95,0.02,43,124475,买盘
11:03:23,28.95,0.0,77,222804,买盘
11:03:26,28.94,-0.01,5,14468,中性盘
11:03:28,28.95,0.01,101,292312,买盘
11:03:32,28.95,0.0,23,66546,买盘
11:03:35,28.94,-0.01,38,110008,卖盘
11:03:38,28.94,0.0,22,63670,卖盘
11:03:44,28.95,0.01,15,43425,买盘
11:03:47,28.94,-0.01,22,63668,卖盘
11:03:50,28.94,0.0,51,147594,卖盘
11:03:53,28.92,-0.02,131,378960,卖盘
11:03:56,28.94,0.02,22,63666,买盘
11:03:58,28.92,-0.02,100,289204,卖盘
11:04:02,28.93,0.01,23,66539,卖盘
11:04:07,28.93,0.0,40,115748,卖盘
11:04:11,28.94,0.01,45,130176,买盘
11:04:13,28.93,-0.01,11,31823,中性盘
11:04:16,28.93,0.0,3,8679,买盘
11:04:20,28.93,0.0,54,156222,买盘
11:04:22,28.92,-0.01,35,101225,卖盘
11:04:26,28.92,0.0,17,49168,卖盘
11:04:29,28.94,0.02,43,124382,买盘
11:04:31,28.94,0.0,12,34724,买盘
11:04:38,28.93,-0.01,2,5786,买盘
11:04:41,28.92,-0.01,4,11568,卖盘
11:04:44,28.93,0.01,10,28927,买盘
11:04:47,28.93,0.0,27,78134,买盘
11:04:50,28.93,0.0,21,62681,买盘
11:04:52,28.92,-0.01,43,124394,卖盘
11:04:56,28.92,0.0,129,373122,卖盘
11:04:59,28.93,0.01,3,8679,中性盘
11:05:01,28.92,-0.01,57,164844,卖盘
11:05:08,28.93,0.01,15,43390,买盘
11:05:11,28.92,-0.01,63,182226,卖盘
11:05:14,28.92,0.0,1,2892,卖盘
11:05:17,28.92,0.0,43,124356,卖盘
11:05:20,28.93,0.01,82,237146,买盘
11:05:23,28.91,-0.02,71,203364,卖盘
11:05:25,28.92,0.01,15,43380,买盘
11:05:29,28.92,0.0,125,361400,买盘
11:05:31,28.93,0.01,212,613201,买盘
11:05:35,28.91,-0.02,13,37594,卖盘
11:05:38,28.93,0.02,61,176432,买盘
11:05:41,28.93,0.0,223,644706,买盘
11:05:44,28.91,-0.02,16,46272,卖盘
11:05:47,28.91,0.0,14,40970,卖盘
11:05:50,28.91,0.0,21,60711,买盘
11:05:52,28.9,-0.01,30,86700,卖盘
11:05:56,28.91,0.01,33,95379,买盘
11:05:58,28.9,-0.01,16,46240,卖盘
11:06:02,28.9,0.0,19,54915,卖盘
11:06:05,28.91,0.01,22,63602,买盘
11:06:07,28.9,-0.01,21,60694,卖盘
11:06:10,28.9,0.0,213,615572,卖盘
11:06:14,28.91,0.01,11,31801,买盘
11:06:17,28.9,-0.01,477,1378533,卖盘
11:06:20,28.9,0.0,30,86690,买盘
11:06:23,28.89,-0.01,27,78028,卖盘
11:06:26,28.9,0.01,28,80919,买盘
11:06:29,28.9,0.0,85,245647,买盘
11:06:32,28.89,-0.01,26,75124,卖盘
11:06:35,28.89,0.0,50,144450,卖盘
11:06:38,28.89,0.0,1,2889,卖盘
11:06:40,28.89,0.0,59,170507,卖盘
11:06:44,28.89,0.0,18,52008,卖盘
11:06:46,28.89,0.0,21,60669,卖盘
11:06:50,28.89,0.0,34,98248,卖盘
11:06:53,28.89,0.0,6,17334,卖盘
11:06:56,28.89,0.0,30,86670,卖盘
11:06:58,28.89,0.0,25,72225,买盘
11:07:02,28.87,-0.02,200,577594,卖盘
11:07:05,28.89,0.02,9,25999,买盘
11:07:08,28.89,0.0,9,26001,买盘
11:07:11,28.88,-0.01,17,49101,卖盘
11:07:14,28.88,0.0,20,57760,卖盘
11:07:17,28.88,0.0,80,231040,卖盘
11:07:20,28.87,-0.01,15,43319,卖盘
11:07:23,28.88,0.01,16,46203,买盘
11:07:26,28.87,-0.01,27,77965,卖盘
11:07:29,28.87,0.0,124,358018,卖盘
11:07:32,28.87,0.0,12,34644,卖盘
11:07:34,28.87,0.0,27,77972,卖盘
11:07:38,28.88,0.01,20,57744,买盘
11:07:41,28.87,-0.01,90,259864,卖盘
11:07:44,28.86,-0.01,112,323250,卖盘
11:07:47,28.87,0.01,25,72163,买盘
11:07:50,28.88,0.01,46,132818,买盘
11:07:53,28.87,-0.01,13,37526,买盘
11:07:56,28.87,0.0,11,31757,买盘
11:07:58,28.87,0.0,8,23093,买盘
11:08:02,28.87,0.0,12,34644,买盘
11:08:05,28.86,-0.01,68,196287,卖盘
11:08:08,28.86,0.0,55,158756,卖盘
11:08:11,28.86,0.0,1,2886,卖盘
11:08:14,28.87,0.01,85,245314,买盘
11:08:17,28.87,0.0,31,89497,买盘
11:08:20,28.86,-0.01,165,476232,卖盘
11:08:22,28.87,0.01,28,80832,买盘
11:08:26,28.87,0.0,5,14434,买盘
11:08:29,28.88,0.01,31,89487,买盘
11:08:32,28.87,-0.01,2,5775,卖盘
11:08:35,28.87,0.0,369,1065390,卖盘
11:08:38,28.88,0.01,28,80878,买盘
11:08:41,28.89,0.01,25,72209,买盘
11:08:44,28.88,-0.01,18,51984,卖盘
11:08:47,28.88,0.0,7,20216,卖盘
11:08:50,28.88,0.0,12,34646,买盘
11:08:53,28.89,0.01,30,86642,买盘
11:08:56,28.89,0.0,32,92448,卖盘
11:08:59,28.89,0.0,60,173340,卖盘
11:09:02,28.88,-0.01,43,124212,卖盘
11:09:05,28.89,0.01,1,2889,买盘
11:09:07,28.89,0.0,74,213777,买盘
11:09:10,28.88,-0.01,33,95327,卖盘
11:09:14,28.88,0.0,2,5776,卖盘
11:09:17,28.9,0.02,570,1647041,买盘
11:09:20,28.9,0.0,29,83824,卖盘
11:09:23,28.91,0.01,11,31800,买盘
11:09:25,28.9,-0.01,2,5780,卖盘
11:09:29,28.9,0.0,62,179231,卖盘
11:09:32,28.91,0.01,10,28910,买盘
11:09:34,28.9,-0.01,1,2890,卖盘
11:09:38,28.89,-0.01,102,294758,卖盘
11:09:41,28.89,0.0,19,54927,卖盘
11:09:44,28.9,0.01,11,31790,买盘
11:09:47,28.9,0.0,125,361250,买盘
11:09:50,28.89,-0.01,4,11556,卖盘
11:09:53,28.9,0.01,1,2890,买盘
11:09:58,28.9,0.0,104,300559,买盘
11:10:05,28.89,-0.01,11,31789,卖盘
11:10:08,28.9,0.01,7,20227,买盘
11:10:11,28.89,-0.01,103,297523,卖盘
11:10:13,28.9,0.01,29,83810,买盘
11:10:16,28.9,0.0,3,8670,买盘
11:10:19,28.9,0.0,13,37570,买盘
11:10:23,28.9,0.0,31,89577,买盘
11:10:26,28.89,-0.01,4,11557,卖盘
11:10:28,28.89,0.0,142,410371,买盘
11:10:31,28.89,0.0,5,14444,买盘
11:10:35,28.89,0.0,3,8667,买盘
11:10:37,28.9,0.01,94,271584,买盘
11:10:41,28.89,-0.01,24,69336,卖盘
11:10:47,28.88,-0.01,15,43325,卖盘
11:10:50,28.88,0.0,158,456448,卖盘
11:10:53,28.87,-0.01,51,147287,卖盘
11:10:56,28.88,0.01,7,20215,买盘
11:10:58,28.88,0.0,22,63536,买盘
11:11:01,28.88,0.0,40,115520,买盘
11:11:05,28.88,0.0,16,46208,买盘
11:11:11,28.88,0.0,18,51984,买盘
11:11:14,28.88,0.0,48,138633,买盘
11:11:20,28.89,0.01,18,51998,买盘
11:11:23,28.88,-0.01,5,14440,卖盘
11:11:29,28.89,0.01,18,52006,买盘
11:11:35,28.89,0.0,3,8667,卖盘
11:11:38,28.89,0.0,546,1577917,卖盘
11:11:40,28.9,0.01,4,11558,买盘
11:11:44,28.89,-0.01,130,375507,卖盘
11:11:47,28.9,0.01,26,75140,买盘
11:11:50,28.91,0.01,39,112749,买盘
11:11:53,28.91,0.0,16,46243,买盘
11:11:55,28.92,0.01,30,86720,买盘
11:11:59,28.92,0.0,9,26028,买盘
11:12:02,28.91,-0.01,39,112749,卖盘
11:12:05,28.91,0.0,59,170532,卖盘
11:12:08,28.92,0.01,47,135922,买盘
11:12:14,28.9,-0.02,31,89590,卖盘
11:12:17,28.91,0.01,8,23127,买盘
11:12:20,28.92,0.01,64,185016,买盘
11:12:23,28.91,-0.01,9,26026,卖盘
11:12:25,28.92,0.01,9,26028,买盘
11:12:29,28.92,0.0,10,28920,买盘
11:12:35,28.9,-0.02,71,205220,卖盘
11:12:38,28.9,0.0,1,2890,买盘
11:12:41,28.9,0.0,3,8670,买盘
11:12:45,28.9,0.0,17,49130,买盘
11:12:47,28.89,-0.01,2,5778,卖盘
11:12:53,28.9,0.01,50,144500,买盘
11:12:56,28.9,0.0,1,2890,买盘
11:13:00,28.89,-0.01,4,11556,卖盘
11:13:02,28.89,0.0,20,57780,卖盘
11:13:09,28.89,0.0,11,31789,卖盘
11:13:15,28.89,0.0,2,5778,卖盘
11:13:17,28.88,-0.01,102,294659,卖盘
11:13:20,28.89,0.01,33,95337,买盘
11:13:22,28.9,0.01,37,106900,买盘
11:13:26,28.89,-0.01,47,135783,中性盘
11:13:29,28.9,0.01,13,37567,买盘
11:13:32,28.9,0.0,26,75107,买盘
11:13:41,28.89,-0.01,11,31789,卖盘
11:13:48,28.9,0.01,10,28900,买盘
11:13:53,28.9,0.0,18,52020,买盘
11:13:57,28.89,-0.01,25,72230,卖盘
11:14:00,28.89,0.0,28,80904,卖盘
11:14:01,28.89,0.0,24,69335,买盘
11:14:05,28.89,0.0,5,14445,买盘
11:14:08,28.89,0.0,10,28890,卖盘
11:14:12,28.89,0.0,1,2889,卖盘
11:14:17,28.9,0.01,21,60689,买盘
11:14:23,28.9,0.0,2,5780,买盘
11:14:26,28.9,0.0,190,549093,买盘
11:14:30,28.9,0.0,21,60700,卖盘
11:14:33,28.9,0.0,1,2890,卖盘
11:14:35,28.9,0.0,377,1089530,卖盘
11:14:38,28.89,-0.01,36,104038,卖盘
11:14:41,28.9,0.01,2,5780,买盘
11:14:45,28.9,0.0,14,40457,买盘
11:14:49,28.89,-0.01,101,291789,卖盘
11:14:52,28.88,-0.01,88,254171,卖盘
11:14:56,28.89,0.01,2,5778,中性盘
11:14:58,28.93,0.04,636,1838622,买盘
11:15:03,28.9,-0.03,31,89662,卖盘
11:15:05,28.9,0.0,18,52020,卖盘
11:15:08,28.9,0.0,11,31790,买盘
11:15:15,28.9,0.0,1,2890,买盘
11:15:20,28.9,0.0,36,104040,买盘
11:15:22,28.9,0.0,3,8670,买盘
11:15:25,28.89,-0.01,38,109794,卖盘
11:15:30,28.88,-0.01,238,687503,卖盘
11:15:33,28.88,0.0,16,46208,买盘
11:15:35,28.87,-0.01,6,17325,卖盘
11:15:39,28.87,0.0,192,553926,卖盘
11:15:41,28.9,0.03,9,26004,买盘
11:15:48,28.89,-0.01,10,28890,卖盘
11:15:51,28.89,0.0,26,75132,卖盘
11:15:54,28.89,0.0,1,2889,卖盘
11:15:57,28.9,0.01,5,14450,买盘
11:16:00,28.9,0.0,20,57800,买盘
11:16:09,28.9,0.0,9,26010,买盘
11:16:10,28.89,-0.01,1,2889,卖盘
11:16:15,28.9,0.01,1,2890,买盘
11:16:18,28.89,-0.01,28,80910,卖盘
11:16:21,28.9,0.01,10,28898,买盘
11:16:27,28.9,0.0,14,40460,买盘
11:16:30,28.88,-0.02,166,479623,卖盘
11:16:33,28.9,0.02,17,49130,买盘
11:16:35,28.9,0.0,28,80920,买盘
11:16:37,28.89,-0.01,31,89559,卖盘
11:16:42,28.9,0.01,2,5779,买盘
11:16:45,28.9,0.0,21,60690,买盘
11:16:46,28.9,0.0,8,23120,买盘
11:16:51,28.9,0.0,16,46240,买盘
11:16:54,28.9,0.0,212,612680,买盘
11:16:57,28.9,0.0,42,121380,买盘
11:17:00,28.9,0.0,32,92491,卖盘
11:17:06,28.91,0.01,18,54348,买盘
11:17:09,28.9,-0.01,24,69360,卖盘
11:17:10,28.91,0.01,30,86726,买盘
11:17:15,28.9,-0.01,5,14450,卖盘
11:17:18,28.91,0.01,37,106937,买盘
11:17:20,28.91,0.0,34,98294,买盘
11:17:24,28.91,0.0,5,14455,买盘
11:17:25,28.91,0.0,3,8673,买盘
11:17:28,28.9,-0.01,122,352691,卖盘
11:17:33,28.9,0.0,2,5781,卖盘
11:17:36,28.9,0.0,37,105023,卖盘
11:17:39,28.9,0.0,1,2890,卖盘
11:17:42,28.9,0.0,108,312127,卖盘
11:17:45,28.91,0.01,3,8673,买盘
11:17:48,28.9,-0.01,30,86700,卖盘
11:17:51,28.91,0.01,16,46256,买盘
11:17:57,28.9,-0.01,44,127160,卖盘
11:18:00,28.9,0.0,1,2890,卖盘
11:18:01,28.88,-0.02,204,589277,卖盘
11:18:05,28.9,0.02,23,66470,卖盘
11:18:09,28.9,0.0,73,210970,买盘
11:18:12,28.89,-0.01,25,72249,卖盘
11:18:13,28.9,0.01,22,63580,买盘
11:18:18,28.9,0.0,104,300560,买盘
11:18:21,28.9,0.0,9,26010,买盘
11:18:22,28.91,0.01,10,28898,买盘
11:18:30,28.89,-0.02,113,326623,卖盘
11:18:32,28.9,0.01,1,2890,卖盘
11:18:36,28.89,-0.01,128,369871,卖盘
11:18:37,28.91,0.02,6,17346,买盘
11:18:42,28.9,-0.01,3,8670,卖盘
11:18:48,28.88,-0.02,248,716349,卖盘
11:18:51,28.9,0.02,41,118530,卖盘
11:18:52,28.9,0.0,8,23118,买盘
11:19:00,28.9,0.0,25,72250,买盘
11:19:06,28.89,-0.01,24,69350,卖盘
11:19:10,28.89,0.0,2,5778,卖盘
11:19:15,28.89,0.0,35,101115,卖盘
11:19:18,28.9,0.01,81,234020,买盘
11:19:21,28.89,-0.01,100,288900,卖盘
11:19:22,28.9,0.01,5,14450,买盘
11:19:29,28.89,-0.01,9,26001,卖盘
11:19:33,28.89,0.0,1,2889,买盘
11:19:36,28.89,0.0,39,112671,买盘
11:19:39,28.89,0.0,11,31779,买盘
11:19:42,28.89,0.0,50,144450,买盘
11:19:47,28.88,-0.01,101,291688,卖盘
11:19:50,28.89,0.01,36,104004,买盘
11:19:54,28.88,-0.01,73,210858,卖盘
11:20:00,28.89,0.01,8,23108,买盘
11:20:01,28.89,0.0,2,5778,买盘
11:20:06,28.89,0.0,29,83781,买盘
11:20:12,28.89,0.0,29,83781,买盘
11:20:14,28.89,0.0,63,181964,买盘
11:20:18,28.88,-0.01,186,537168,卖盘
11:20:21,28.89,0.01,14,40446,买盘
11:20:22,28.88,-0.01,23,66048,卖盘
11:20:30,28.88,0.0,8,23104,买盘
11:20:32,28.87,-0.01,24,69302,卖盘
11:20:36,28.88,0.01,153,441714,买盘
11:20:42,28.87,-0.01,1,2887,卖盘
11:20:45,28.88,0.01,11,32249,买盘
11:20:48,28.88,0.0,30,86640,买盘
11:20:54,28.88,0.0,2,5775,买盘
11:20:57,28.88,0.0,8,23104,买盘
11:21:00,28.88,0.0,238,687229,买盘
11:21:03,28.88,0.0,36,104001,卖盘
11:21:15,28.88,0.0,12,34658,卖盘
11:21:18,28.88,0.0,51,147403,卖盘
11:21:20,28.88,0.0,2,5775,买盘
11:21:24,28.88,0.0,27,77976,买盘
11:21:27,28.88,0.0,76,219373,买盘
11:21:30,28.89,0.01,219,632690,买盘
11:21:34,28.88,-0.01,9,25992,卖盘
11:21:39,28.89,0.01,41,118449,卖盘
11:21:42,28.88,-0.01,41,118448,卖盘
11:21:45,28.89,0.01,1,2889,买盘
11:21:48,28.88,-0.01,3,8664,卖盘
11:21:51,28.89,0.01,1,2889,买盘
11:21:54,28.88,-0.01,143,412984,卖盘
11:21:57,28.88,0.0,1,2888,卖盘
11:21:58,28.88,0.0,34,98222,卖盘
11:22:05,28.88,0.0,28,80867,卖盘
11:22:08,28.88,0.0,44,127082,卖盘
11:22:15,28.88,0.0,20,57760,卖盘
11:22:18,28.89,0.01,5,14444,买盘
11:22:21,28.88,-0.01,33,95304,卖盘
11:22:24,28.88,0.0,18,51984,买盘
11:22:27,28.88,0.0,131,378328,买盘
11:22:30,28.88,0.0,134,387117,卖盘
11:22:32,28.89,0.01,10,28890,买盘
11:22:35,28.89,0.0,1,2889,买盘
11:22:39,28.88,-0.01,8,23104,卖盘
11:22:45,28.89,0.01,154,444773,买盘
11:22:48,28.88,-0.01,169,488072,卖盘
11:22:51,28.88,0.0,210,606485,买盘
11:22:54,28.88,0.0,4,11552,卖盘
11:22:57,28.89,0.01,252,728027,买盘
11:23:00,28.89,0.0,3,8667,卖盘
11:23:03,28.9,0.01,113,326570,买盘
11:23:06,28.89,-0.01,49,141600,卖盘
11:23:09,28.89,0.0,328,947918,卖盘
11:23:12,28.9,0.01,105,303450,买盘
11:23:14,28.91,0.01,327,945384,买盘
11:23:17,28.93,0.02,218,630412,买盘
11:23:20,28.93,0.0,24,69432,买盘
11:23:27,28.91,-0.02,37,106978,卖盘
11:23:30,28.93,0.02,5,14465,买盘
11:23:33,28.92,-0.01,33,95439,卖盘
11:23:36,28.9,-0.02,44,127214,卖盘
11:23:37,28.92,0.02,40,115680,买盘
11:23:42,28.92,0.0,2,5784,买盘
11:23:45,28.92,0.0,115,332680,买盘
11:23:48,28.91,-0.01,119,344012,卖盘
11:23:50,28.9,-0.01,49,141658,卖盘
11:23:53,28.91,0.01,20,57820,买盘
11:23:57,28.91,0.0,173,500143,买盘
11:24:00,28.91,0.0,5,14455,卖盘
11:24:03,28.92,0.01,13,37585,买盘
11:24:06,28.92,0.0,20,57840,买盘
11:24:08,28.91,-0.01,10,28910,卖盘
11:24:12,28.92,0.01,7,20244,买盘
11:24:15,28.91,-0.01,12,34692,卖盘
11:24:18,28.91,0.0,30,86730,卖盘
11:24:20,28.92,0.01,40,115680,买盘
11:24:24,28.92,0.0,2,5783,买盘
11:24:27,28.92,0.0,5,14460,买盘
11:24:30,28.92,0.0,56,161952,买盘
11:24:33,28.92,0.0,7,20244,买盘
11:24:35,28.92,0.0,22,63624,买盘
11:24:39,28.92,0.0,65,187977,买盘
11:24:45,28.92,0.0,32,92535,买盘
11:24:48,28.92,0.0,100,289200,卖盘
11:24:51,28.93,0.01,36,104118,买盘
11:24:54,28.93,0.0,202,584051,买盘
11:24:56,28.93,0.0,27,78101,买盘
11:25:00,28.93,0.0,42,121480,买盘
11:25:03,28.9,-0.03,3,8670,卖盘
11:25:05,28.93,0.03,16,46287,买盘
11:25:09,28.93,0.0,67,193831,买盘
11:25:12,28.92,-0.01,20,57840,买盘
11:25:15,28.92,0.0,8,23134,买盘
11:25:18,28.92,0.0,25,72298,买盘
11:25:21,28.9,-0.02,164,474226,卖盘
11:25:24,28.92,0.02,1,2892,买盘
11:25:30,28.9,-0.02,138,398894,卖盘
11:25:33,28.92,0.02,2,5784,买盘
11:25:35,28.92,0.0,105,303658,买盘
11:25:39,28.92,0.0,19,54914,买盘
11:25:42,28.9,-0.02,56,161840,卖盘
11:25:43,28.9,0.0,2,5780,买盘
11:25:48,28.9,0.0,161,465290,买盘
11:25:51,28.89,-0.01,1,2889,卖盘
11:25:54,28.9,0.01,46,132940,买盘
11:25:57,28.9,0.0,4,11560,买盘
11:26:00,28.91,0.01,11,31800,买盘
11:26:03,28.89,-0.02,50,144456,卖盘
11:26:09,28.9,0.01,42,121407,卖盘
11:26:12,28.91,0.01,2009,5799355,买盘
11:26:15,28.91,0.0,43,124284,买盘
11:26:18,28.91,0.0,23,66475,买盘
11:26:21,28.9,-0.01,50,144479,买盘
11:26:24,28.9,0.0,6,17340,买盘
11:26:26,28.89,-0.01,19,54909,卖盘
11:26:30,28.89,0.0,10,28890,卖盘
11:26:33,28.9,0.01,4,11560,买盘
11:26:35,28.89,-0.01,38,109790,卖盘
11:26:38,28.89,0.0,7,20223,买盘
11:26:42,28.89,0.0,7,20223,买盘
11:26:45,28.89,0.0,10,28890,买盘
11:26:51,28.89,0.0,103,297538,买盘
11:26:54,28.89,0.0,6,17334,买盘
11:26:57,28.89,0.0,27,78003,买盘
11:27:00,28.89,0.0,2,5778,买盘
11:27:03,28.88,-0.01,3,8664,卖盘
11:27:06,28.89,0.01,1,2889,买盘
11:27:11,28.89,0.0,32,92443,买盘
11:27:14,28.89,0.0,14,40446,买盘
11:27:18,28.89,0.0,47,135763,买盘
11:27:21,28.89,0.0,45,130005,买盘
11:27:22,28.89,0.0,85,245565,卖盘
11:27:27,28.9,0.01,11,31789,买盘
11:27:30,28.89,-0.01,28,80892,卖盘
11:27:33,28.89,0.0,64,184896,买盘
11:27:36,28.88,-0.01,109,314900,卖盘
11:27:39,28.9,0.02,36,104037,买盘
11:27:41,28.88,-0.02,111,320606,卖盘
11:27:44,28.89,0.01,12,34660,卖盘
11:27:47,28.89,0.0,47,135799,卖盘
11:27:50,28.89,0.0,3,8667,卖盘
11:27:53,28.9,0.01,21,60675,买盘
11:27:56,28.88,-0.02,120,346676,卖盘
11:28:00,28.88,0.0,17,49124,卖盘
11:28:06,28.89,0.01,16,46224,买盘
11:28:08,28.89,0.0,7,20223,买盘
11:28:11,28.88,-0.01,105,303252,卖盘
11:28:14,28.89,0.01,41,118469,卖盘
11:28:17,28.89,0.0,3,8667,卖盘
11:28:20,28.89,0.0,1,2889,卖盘
11:28:23,28.9,0.01,2,5780,买盘
11:28:27,28.9,0.0,23,66469,买盘
11:28:29,28.88,-0.02,70,202204,卖盘
11:28:33,28.89,0.01,12,34668,卖盘
11:28:39,28.89,0.0,27,78003,买盘
11:28:44,28.88,-0.01,110,317680,卖盘
11:28:48,28.89,0.01,107,309107,买盘
11:29:00,28.88,-0.01,100,288800,卖盘
11:29:03,28.89,0.01,25,72222,买盘
11:29:11,28.89,0.0,16,46224,买盘
11:29:21,28.89,0.0,30,86670,买盘
11:29:23,28.89,0.0,15,43335,买盘
11:29:25,28.9,0.01,20,57774,买盘
11:29:30,28.89,-0.01,13,37569,卖盘
11:29:33,28.9,0.01,1,2890,买盘
11:29:39,28.89,-0.01,154,444906,卖盘
11:29:41,28.89,0.0,12,34667,买盘
11:29:43,28.89,0.0,3,8667,买盘
11:29:47,28.89,0.0,135,389891,买盘
11:29:53,28.89,0.0,8,23112,买盘
11:29:56,28.89,0.0,4,11556,买盘
11:29:58,28.89,0.0,11,31779,买盘
13:00:03,28.87,-0.02,1725,4981683,卖盘
13:00:06,28.88,0.01,654,1888652,买盘
13:00:07,28.88,0.0,32,92416,买盘
13:00:12,28.87,-0.01,18,51967,卖盘
13:00:20,28.88,0.01,62,179006,买盘
13:00:27,28.87,-0.01,57,164563,卖盘
13:00:31,28.87,0.0,35,101045,卖盘
13:00:36,28.87,0.0,85,245395,卖盘
13:00:37,28.87,0.0,139,401293,卖盘
13:00:42,28.87,0.0,5,14435,卖盘
13:00:45,28.87,0.0,15,43305,卖盘
13:00:50,28.88,0.01,60,173230,买盘
13:00:54,28.87,-0.01,69,199203,卖盘
13:00:55,28.88,0.01,14,40430,买盘
13:01:00,28.87,-0.01,20,57740,卖盘
13:01:03,28.88,0.01,20,57758,买盘
13:01:05,28.87,-0.01,15,43315,卖盘
13:01:08,28.88,0.01,5,14440,买盘
13:01:11,28.87,-0.01,217,626495,卖盘
13:01:15,28.88,0.01,14,40431,买盘
13:01:17,28.87,-0.01,1,2887,卖盘
13:01:21,28.88,0.01,3,8664,买盘
13:01:22,28.87,-0.01,16,46201,卖盘
13:01:27,28.87,0.0,12,34646,卖盘
13:01:29,28.88,0.01,24,69312,买盘
13:01:33,28.88,0.0,3,8664,买盘
13:01:36,28.88,0.0,29,83735,买盘
13:01:42,28.87,-0.01,3,8661,卖盘
13:01:45,28.88,0.01,15,43320,买盘
13:01:50,28.88,0.0,22,63529,买盘
13:01:52,28.87,-0.01,169,487905,卖盘
13:01:57,28.88,0.01,116,334908,买盘
13:02:00,28.87,-0.01,175,505225,卖盘
13:02:02,28.88,0.01,3,8664,买盘
13:02:11,28.88,0.0,25,72200,买盘
13:02:14,28.88,0.0,68,196384,买盘
13:02:16,28.88,0.0,4,11552,买盘
13:02:20,28.87,-0.01,106,306027,卖盘
13:02:23,28.88,0.01,35,101080,买盘
13:02:26,28.88,0.0,3,8664,买盘
13:02:33,28.88,0.0,6,17328,买盘
13:02:36,28.87,-0.01,5,14435,卖盘
13:02:38,28.87,0.0,42,121254,卖盘
13:02:41,28.87,0.0,1,2887,卖盘
13:02:47,28.88,0.01,83,239622,买盘
13:02:53,28.87,-0.01,100,288700,卖盘
13:02:57,28.87,0.0,2,5774,卖盘
13:03:02,28.87,0.0,22,63516,卖盘
13:03:08,28.87,0.0,10,28870,卖盘
13:03:11,28.87,0.0,112,323346,卖盘
13:03:15,28.86,-0.01,110,317572,卖盘
13:03:17,28.88,0.02,27,77954,买盘
13:03:19,28.87,-0.01,3,8661,卖盘
13:03:23,28.87,0.0,7,20209,卖盘
13:03:26,28.87,0.0,81,233810,卖盘
13:03:32,28.87,0.0,4,11546,买盘
13:03:36,28.87,0.0,3,8661,买盘
13:03:38,28.87,0.0,21,60627,买盘
13:03:42,28.86,-0.01,5,14433,卖盘
13:03:44,28.86,0.0,30,86580,卖盘
13:03:48,28.86,0.0,1,2886,卖盘
13:03:51,28.87,0.01,1,2887,买盘
13:03:53,28.86,-0.01,113,326118,卖盘
13:03:56,28.86,0.0,5,14429,买盘
13:04:00,28.86,0.0,167,481945,买盘
13:04:07,28.85,-0.01,1,2885,卖盘
13:04:18,28.86,0.01,3,8658,买盘
13:04:21,28.85,-0.01,4,11540,卖盘
13:04:23,28.85,0.0,282,813601,卖盘
13:04:27,28.86,0.01,22,63474,买盘
13:04:29,28.86,0.0,71,204903,买盘
13:04:32,28.85,-0.01,21,60586,卖盘
13:04:36,28.85,0.0,58,167330,卖盘
13:04:38,28.86,0.01,2,5772,买盘
13:04:41,28.86,0.0,10,28854,买盘
13:04:44,28.85,-0.01,220,634703,卖盘
13:04:47,28.86,0.01,29,83693,买盘
13:04:53,28.86,0.0,4,11544,买盘
13:04:56,28.86,0.0,72,207726,买盘
13:05:03,28.86,0.0,31,89466,买盘
13:05:04,28.85,-0.01,40,115402,卖盘
13:05:07,28.86,0.01,43,124098,买盘
13:05:11,28.86,0.0,6,17316,买盘
13:05:15,28.86,0.0,10,28860,买盘
13:05:17,28.85,-0.01,3,8657,卖盘
13:05:19,28.86,0.01,31,89466,买盘
13:05:22,28.86,0.0,15,43290,买盘
13:05:26,28.85,-0.01,122,351979,卖盘
13:05:32,28.86,0.01,1,2886,卖盘
13:05:37,28.87,0.01,8,23096,买盘
13:05:41,28.86,-0.01,50,144300,卖盘
13:05:44,28.86,0.0,35,101010,卖盘
13:05:47,28.87,0.01,45,129904,买盘
13:05:52,28.87,0.0,30,86610,买盘
13:05:56,28.87,0.0,16,46192,买盘
13:05:59,28.87,0.0,19,54844,买盘
13:06:02,28.87,0.0,6,17322,买盘
13:06:05,28.87,0.0,2,5774,买盘
13:06:11,28.87,0.0,2,5774,买盘
13:06:14,28.87,0.0,14,40418,买盘
13:06:17,28.87,0.0,10,28870,买盘
13:06:20,28.87,0.0,5,14435,买盘
13:06:26,28.87,0.0,109,314577,买盘
13:06:28,28.86,-0.01,41,118331,卖盘
13:06:32,28.87,0.01,30,86585,买盘
13:06:35,28.86,-0.01,5,14430,卖盘
13:06:37,28.87,0.01,23,66401,买盘
13:06:41,28.87,0.0,3,8661,买盘
13:06:44,28.87,0.0,2,5773,买盘
13:06:47,28.86,-0.01,32,92379,卖盘
13:06:52,28.86,0.0,5,14430,卖盘
13:06:59,28.87,0.01,5,14435,买盘
13:07:02,28.86,-0.01,8,23088,卖盘
13:07:08,28.86,0.0,60,173160,卖盘
13:07:14,28.86,0.0,107,308802,卖盘
13:07:17,28.86,0.0,21,60606,买盘
13:07:21,28.86,0.0,95,274102,买盘
13:07:23,28.86,0.0,10,28859,买盘
13:07:26,28.86,0.0,4,11544,买盘
13:07:32,28.86,0.0,1,2886,买盘
13:07:35,28.86,0.0,1,2886,买盘
13:07:41,28.86,0.0,21,60603,买盘
13:07:44,28.86,0.0,54,155812,买盘
13:07:47,28.86,0.0,2,5772,买盘
13:07:50,28.86,0.0,173,499183,买盘
13:07:53,28.87,0.01,38,109637,买盘
13:07:56,28.87,0.0,5,14432,买盘
13:07:59,28.85,-0.02,117,337580,卖盘
13:08:02,28.85,0.0,3,8655,买盘
13:08:05,28.85,0.0,13,37505,买盘
13:08:07,28.86,0.01,104,299940,买盘
13:08:11,28.87,0.01,1,2887,买盘
13:08:14,28.86,-0.01,3,8660,卖盘
13:08:20,28.87,0.01,37,106819,买盘
13:08:24,28.87,0.0,5,14435,买盘
13:08:25,28.86,-0.01,2,5773,卖盘
13:08:29,28.86,0.0,111,320452,卖盘
13:08:31,28.86,0.0,40,115440,卖盘
13:08:36,28.85,-0.01,43,124088,卖盘
13:08:37,28.87,0.02,15,43295,买盘
13:08:42,28.86,-0.01,3,8658,买盘
13:08:44,28.86,0.0,59,170305,买盘
13:08:47,28.85,-0.01,2,5771,卖盘
13:08:49,28.86,0.01,2,5772,买盘
13:08:56,28.86,0.0,2,5772,买盘
13:09:03,28.86,0.0,110,317460,买盘
13:09:09,28.86,0.0,1,2886,卖盘
13:09:11,28.86,0.0,10,28866,卖盘
13:09:15,28.87,0.01,11,31757,买盘
13:09:17,28.87,0.0,66,190489,买盘
13:09:27,28.87,0.0,9,25983,买盘
13:09:31,28.87,0.0,3,8661,卖盘
13:09:35,28.87,0.0,3,8661,卖盘
13:09:38,28.87,0.0,54,155898,卖盘
13:09:41,28.87,0.0,37,106831,买盘
13:09:44,28.87,0.0,17,49079,买盘
13:09:47,28.86,-0.01,100,288606,卖盘
13:09:50,28.87,0.01,1,2887,中性盘
13:09:58,28.87,0.0,53,153011,卖盘
13:10:01,28.88,0.01,29,83740,买盘
13:10:06,28.88,0.0,83,239624,买盘
13:10:08,28.88,0.0,20,57760,买盘
13:10:12,28.88,0.0,41,118408,买盘
13:10:16,28.88,0.0,24,69312,买盘
13:10:19,28.88,0.0,21,60648,买盘
13:10:23,28.88,0.0,66,190608,买盘
13:10:26,28.88,0.0,32,92416,买盘
13:10:29,28.88,0.0,3,8664,买盘
13:10:32,28.88,0.0,259,747955,买盘
13:10:36,28.88,0.0,21,60641,买盘
13:10:38,28.88,0.0,68,196321,买盘
13:10:41,28.88,0.0,20,57760,买盘
13:10:45,28.88,0.0,3,8663,买盘
13:10:48,28.87,-0.01,43,124141,卖盘
13:10:51,28.87,0.0,1,2887,买盘
13:10:53,28.88,0.01,33,95282,买盘
13:10:57,28.88,0.0,111,320384,买盘
13:11:00,28.87,-0.01,1,2887,卖盘
13:11:02,28.88,0.01,57,164609,买盘
13:11:04,28.87,-0.01,1,2887,中性盘
13:11:08,28.88,0.01,1,2888,买盘
13:11:10,28.88,0.0,2,5776,买盘
13:11:13,28.87,-0.01,11,31757,卖盘
13:11:17,28.87,0.0,34,98158,卖盘
13:11:22,28.88,0.01,138,398443,买盘
13:11:25,28.86,-0.02,123,355076,卖盘
13:11:29,28.87,0.01,1,2887,卖盘
13:11:32,28.88,0.01,17,49096,买盘
13:11:35,28.88,0.0,59,170386,买盘
13:11:39,28.88,0.0,4,11552,买盘
13:11:42,28.88,0.0,16,46208,买盘
13:11:45,28.88,0.0,7,20216,买盘
13:11:46,28.88,0.0,15,43320,买盘
13:11:51,28.88,0.0,8,23104,买盘
13:11:53,28.88,0.0,131,378298,买盘
13:11:57,28.86,-0.02,148,427166,卖盘
13:12:00,28.86,0.0,4,11544,买盘
13:12:01,28.86,0.0,13,37518,买盘
13:12:05,28.86,0.0,46,132755,买盘
13:12:12,28.86,0.0,3,8658,卖盘
13:12:18,28.87,0.01,11,31757,买盘
13:12:21,28.87,0.0,8,23096,买盘
13:12:24,28.87,0.0,5,14435,买盘
13:12:27,28.87,0.0,8,23095,买盘
13:12:30,28.87,0.0,48,138574,买盘
13:12:33,28.86,-0.01,6,17321,卖盘
13:12:36,28.87,0.01,9,25978,买盘
13:12:39,28.87,0.0,25,72175,买盘
13:12:42,28.87,0.0,40,115445,买盘
13:12:45,28.87,0.0,2,5774,买盘
13:12:50,28.87,0.0,28,80814,买盘
13:12:54,28.87,0.0,18,51956,买盘
13:12:57,28.86,-0.01,100,288600,卖盘
13:12:59,28.86,0.0,1,2886,卖盘
13:13:03,28.86,0.0,14,40404,卖盘
13:13:12,28.86,0.0,57,164502,卖盘
13:13:15,28.86,0.0,20,57720,买盘
13:13:20,28.86,0.0,3,8658,买盘
13:13:23,28.87,0.01,5,14435,买盘
13:13:27,28.86,-0.01,20,57720,卖盘
13:13:36,28.86,0.0,1,2886,卖盘
13:13:44,28.86,0.0,38,109668,卖盘
13:13:46,28.86,0.0,20,57720,卖盘
13:13:50,28.86,0.0,121,349206,卖盘
13:13:54,28.86,0.0,29,83699,卖盘
13:13:57,28.87,0.01,10,28867,买盘
13:14:00,28.87,0.0,82,236696,买盘
13:14:08,28.87,0.0,19,54837,买盘
13:14:12,28.87,0.0,21,60627,买盘
13:14:15,28.87,0.0,10,28862,买盘
13:14:18,28.87,0.0,12,34644,买盘
13:14:21,28.86,-0.01,63,181818,卖盘
13:14:24,28.86,0.0,13,37518,卖盘
13:14:27,28.87,0.01,22,63508,买盘
13:14:30,28.85,-0.02,136,392496,卖盘
13:14:36,28.86,0.01,7,20204,卖盘
13:14:42,28.86,0.0,17,49065,卖盘
13:14:45,28.86,0.0,8,23093,卖盘
13:14:48,28.87,0.01,23,66396,买盘
13:14:51,28.86,-0.01,2,5772,卖盘
13:14:54,28.87,0.01,30,86601,买盘
13:15:03,28.86,-0.01,10,28860,卖盘
13:15:06,28.87,0.01,18,51966,买盘
13:15:09,28.86,-0.01,35,101010,卖盘
13:15:10,28.87,0.01,2,5773,买盘
13:15:15,28.87,0.0,28,80828,买盘
13:15:16,28.86,-0.01,142,409814,卖盘
13:15:24,28.87,0.01,96,277152,买盘
13:15:27,28.87,0.0,2,5773,买盘
13:15:30,28.86,-0.01,13,37529,卖盘
13:15:33,28.87,0.01,12,34637,买盘
13:15:36,28.87,0.0,15,43303,买盘
13:15:38,28.87,0.0,3,8661,买盘
13:15:40,28.87,0.0,18,51956,买盘
13:15:45,28.87,0.0,17,49068,买盘
13:15:46,28.87,0.0,9,25983,买盘
13:15:50,28.87,0.0,12,34644,买盘
13:15:54,28.87,0.0,52,150078,买盘
13:15:56,28.87,0.0,68,196293,买盘
13:16:00,28.87,0.0,30,86610,买盘
13:16:02,28.87,0.0,104,300156,卖盘
13:16:06,28.88,0.01,2,5776,买盘
13:16:09,28.88,0.0,1,2888,买盘
13:16:12,28.88,0.0,1,2888,买盘
13:16:15,28.87,-0.01,33,95276,卖盘
13:16:18,28.87,0.0,16,46192,买盘
13:16:21,28.87,0.0,1,2887,买盘
13:16:24,28.87,0.0,9,25983,买盘
13:16:26,28.87,0.0,43,124141,买盘
13:16:33,28.87,0.0,41,118331,买盘
13:16:36,28.86,-0.01,42,121213,卖盘
13:16:38,28.86,0.0,1,2886,买盘
13:16:41,28.87,0.01,15,43301,买盘
13:16:45,28.85,-0.02,108,311586,卖盘
13:16:48,28.86,0.01,6,17319,中性盘
13:16:51,28.86,0.0,1,2886,买盘
13:16:52,28.86,0.0,11,31746,买盘
13:16:57,28.86,0.0,32,92352,买盘
13:16:58,28.86,0.0,73,210719,买盘
13:17:05,28.88,0.02,26,75039,买盘
13:17:09,28.88,0.0,31,89526,买盘
13:17:12,28.88,0.0,1,2888,买盘
13:17:15,28.87,-0.01,33,95280,卖盘
13:17:18,28.87,0.0,49,141426,买盘
13:17:21,28.87,0.0,40,115480,买盘
13:17:24,28.87,0.0,5,14435,买盘
13:17:27,28.87,0.0,7,20207,买盘
13:17:30,28.87,0.0,21,60607,买盘
13:17:33,28.87,0.0,15,43305,买盘
13:17:36,28.87,0.0,123,355001,买盘
13:17:38,28.88,0.01,154,444599,买盘
13:17:42,28.88,0.0,2,5775,买盘
13:17:45,28.88,0.0,1,2888,买盘
13:17:48,28.87,-0.01,2,5774,卖盘
13:17:54,28.88,0.01,2,5776,买盘
13:17:56,28.88,0.0,10,28880,买盘
13:18:00,28.87,-0.01,35,101045,卖盘
13:18:03,28.87,0.0,61,176128,卖盘
13:18:06,28.87,0.0,5,14435,卖盘
13:18:09,28.87,0.0,46,132847,卖盘
13:18:10,28.87,0.0,2,5774,卖盘
13:18:13,28.88,0.01,1,2888,买盘
13:18:16,28.87,-0.01,21,60633,卖盘
13:18:21,28.88,0.01,2,5776,买盘
13:18:24,28.87,-0.01,1,2887,卖盘
13:18:33,28.87,0.0,5,14435,卖盘
13:18:36,28.87,0.0,67,193473,卖盘
13:18:38,28.87,0.0,7,20209,卖盘
13:18:42,28.88,0.01,37,106820,买盘
13:18:46,28.88,0.0,16,46207,买盘
13:18:51,28.88,0.0,79,228152,买盘
13:18:52,28.88,0.0,1,2888,买盘
13:18:56,28.88,0.0,142,410096,买盘
13:18:58,28.88,0.0,81,233927,买盘
13:19:01,28.88,0.0,22,63530,买盘
13:19:06,28.88,0.0,7,20216,买盘
13:19:09,28.88,0.0,146,421546,买盘
13:19:12,28.87,-0.01,26,75102,卖盘
13:19:16,28.89,0.02,1,2889,买盘
13:19:20,28.89,0.0,1,2889,买盘
13:19:24,28.88,-0.01,36,103968,卖盘
13:19:27,28.88,0.0,12,34657,卖盘
13:19:32,28.89,0.01,27,78001,买盘
13:19:35,28.89,0.0,3,8667,买盘
13:19:38,28.87,-0.02,84,242509,卖盘
13:19:41,28.89,0.02,23,66409,买盘
13:19:45,28.89,0.0,46,132894,买盘
13:19:48,28.88,-0.01,1,2888,卖盘
13:19:54,28.89,0.01,11,31779,买盘
13:19:56,28.89,0.0,24,69326,买盘
13:20:00,28.9,0.01,285,823437,买盘
13:20:03,28.89,-0.01,76,219639,卖盘
13:20:06,28.9,0.01,77,222530,买盘
13:20:09,28.89,-0.01,42,121338,卖盘
13:20:15,28.9,0.01,25,72250,买盘
13:20:18,28.9,0.0,36,104040,买盘
13:20:21,28.9,0.0,52,150280,买盘
13:20:24,28.9,0.0,72,208079,买盘
13:20:27,28.9,0.0,2,5780,买盘
13:20:28,28.9,0.0,6,17340,买盘
13:20:33,28.9,0.0,100,289000,买盘
13:20:35,28.9,0.0,194,560554,买盘
13:20:38,28.9,0.0,176,508523,买盘
13:20:42,28.9,0.0,16,46240,买盘
13:20:45,28.89,-0.01,1,2889,卖盘
13:20:48,28.9,0.01,49,141576,买盘
13:20:51,28.9,0.0,851,2459390,买盘
13:20:54,28.91,0.01,35,101164,买盘
13:20:57,28.92,0.01,7,20244,买盘
13:20:58,28.91,-0.01,12,34692,卖盘
13:21:06,28.92,0.01,8,23136,买盘
13:21:09,28.92,0.0,10,28920,买盘
13:21:12,28.91,-0.01,45,130095,卖盘
13:21:18,28.91,0.0,76,219781,卖盘
13:21:21,28.91,0.0,38,109859,卖盘
13:21:24,28.91,0.0,47,135901,卖盘
13:21:25,28.92,0.01,37,106981,买盘
13:21:30,28.92,0.0,3,8676,买盘
13:21:33,28.92,0.0,84,242864,买盘
13:21:36,28.93,0.01,66,190921,买盘
13:21:45,28.93,0.0,64,185152,买盘
13:21:47,28.93,0.0,29,83925,卖盘
13:21:51,28.94,0.01,25,72350,买盘
13:21:54,28.94,0.0,125,361563,买盘
13:22:00,28.94,0.0,7,20258,买盘
13:22:01,28.94,0.0,42,121513,买盘
13:22:06,28.93,-0.01,39,112827,买盘
13:22:08,28.92,-0.01,112,323998,卖盘
13:22:10,28.91,-0.01,51,147458,卖盘
13:22:15,28.92,0.01,26,75211,中性盘
13:22:16,28.92,0.0,5,14460,买盘
13:22:20,28.91,-0.01,16,46261,卖盘
13:22:22,28.92,0.01,2,5784,卖盘
13:22:27,28.92,0.0,1,2892,卖盘
13:22:30,28.92,0.0,22,63624,买盘
13:22:32,28.93,0.01,2,5786,买盘
13:22:36,28.93,0.0,101,292130,买盘
13:22:39,28.91,-0.02,20,57856,卖盘
13:22:41,28.92,0.01,27,78084,中性盘
13:22:45,28.92,0.0,3,8676,买盘
13:22:46,28.92,0.0,32,92555,买盘
13:22:50,28.92,0.0,19,54944,买盘
13:22:54,28.93,0.01,46,133075,买盘
13:22:57,28.92,-0.01,72,208189,中性盘
13:23:00,28.92,0.0,8,23132,买盘
13:23:03,28.91,-0.01,6,17349,卖盘
13:23:08,28.92,0.01,44,127248,买盘
13:23:12,28.91,-0.01,105,303555,卖盘
13:23:13,28.92,0.01,2,5784,买盘
13:23:18,28.92,0.0,87,251604,买盘
13:23:20,28.92,0.0,38,109871,买盘
13:23:24,28.92,0.0,34,98324,买盘
13:23:25,28.91,-0.01,150,433750,卖盘
13:23:28,28.92,0.01,10,28920,买盘
13:23:33,28.91,-0.01,38,109891,卖盘
13:23:36,28.91,0.0,35,101186,卖盘
13:23:39,28.91,0.0,34,98323,卖盘
13:23:42,28.91,0.0,24,69384,卖盘
13:23:48,28.91,0.0,1,2891,卖盘
13:23:51,28.91,0.0,3,8673,卖盘
13:23:54,28.91,0.0,49,141691,卖盘
13:23:57,28.91,0.0,20,57820,卖盘
13:23:58,28.91,0.0,16,46257,卖盘
13:24:03,28.92,0.01,1,2892,买盘
13:24:06,28.91,-0.01,17,49147,卖盘
13:24:09,28.92,0.01,130,375860,买盘
13:24:12,28.91,-0.01,27,78058,卖盘
13:24:13,28.91,0.0,20,57820,卖盘
13:24:18,28.91,0.0,1,2891,卖盘
13:24:21,28.91,0.0,42,121422,卖盘
13:24:24,28.91,0.0,40,115660,卖盘
13:24:27,28.91,0.0,1,2891,卖盘
13:24:30,28.92,0.01,108,312234,买盘
13:24:32,28.9,-0.02,107,309291,卖盘
13:24:35,28.91,0.01,12,34692,卖盘
13:24:39,28.91,0.0,44,127204,买盘
13:24:42,28.9,-0.01,1,2890,卖盘
13:24:45,28.9,0.0,8,23123,卖盘
13:24:48,28.9,0.0,166,479740,卖盘
13:24:52,28.91,0.01,41,118514,买盘
13:24:57,28.9,-0.01,5,14450,卖盘
13:25:00,28.89,-0.01,35,101131,卖盘
13:25:01,28.9,0.01,5,14451,中性盘
13:25:06,28.9,0.0,9,26018,中性盘
13:25:09,28.91,0.01,26,75164,买盘
13:25:16,28.91,0.0,19,54929,买盘
13:25:21,28.9,-0.01,2,5780,卖盘
13:25:24,28.91,0.01,26,75166,买盘
13:25:27,28.91,0.0,3,8673,买盘
13:25:30,28.91,0.0,86,248590,买盘
13:25:33,28.89,-0.02,19,54904,卖盘
13:25:38,28.88,-0.01,965,2787374,卖盘
13:25:42,28.88,0.0,36,103968,买盘
13:25:44,28.87,-0.01,9,25987,卖盘
13:25:46,28.88,0.01,112,323356,买盘
13:25:54,28.88,0.0,2,5775,买盘
13:25:57,28.88,0.0,7,20216,买盘
13:26:00,28.88,0.0,10,28880,买盘
13:26:03,28.88,0.0,44,127072,买盘
13:26:05,28.9,0.02,45,130048,买盘
13:26:09,28.89,-0.01,13,37545,中性盘
13:26:12,28.88,-0.01,31,89528,卖盘
13:26:13,28.88,0.0,5,14440,买盘
13:26:18,28.9,0.02,5,14448,买盘
13:26:21,28.88,-0.02,3,8666,卖盘
13:26:24,28.87,-0.01,50,144378,卖盘
13:26:25,28.88,0.01,39,112632,买盘
13:26:30,28.87,-0.01,9,25988,卖盘
13:26:33,28.88,0.01,2,5776,买盘
13:26:35,28.87,-0.01,11,31762,卖盘
13:26:39,28.88,0.01,11,31768,买盘
13:26:41,28.88,0.0,29,83752,买盘
13:26:45,28.88,0.0,11,31768,买盘
13:26:51,28.89,0.01,24,69308,买盘
13:26:52,28.88,-0.01,47,135746,卖盘
13:26:57,28.88,0.0,8,23104,买盘
13:27:00,28.88,0.0,22,63532,买盘
13:27:01,28.88,0.0,105,303140,买盘
13:27:06,28.88,0.0,7,20215,买盘
13:27:09,28.9,0.02,152,438848,买盘
13:27:12,28.89,-0.01,1,2889,卖盘
13:27:13,28.9,0.01,46,132940,买盘
13:27:20,28.9,0.0,3,8670,买盘
13:27:22,28.89,-0.01,17,49129,卖盘
13:27:30,28.89,0.0,4,11556,卖盘
13:27:33,28.9,0.01,47,135830,买盘
13:27:36,28.9,0.0,74,213835,买盘
13:27:39,28.9,0.0,41,118453,买盘
13:27:42,28.9,0.0,51,148629,买盘
13:27:48,28.91,0.01,20,57820,买盘
13:27:51,28.9,-0.01,5,14450,卖盘
13:27:54,28.91,0.01,19,54929,买盘
13:27:57,28.9,-0.01,8,23126,卖盘
13:28:00,28.9,0.0,44,127202,卖盘
13:28:01,28.9,0.0,54,156062,卖盘
13:28:05,28.91,0.01,35,101173,买盘
13:28:09,28.9,-0.01,18,52031,卖盘
13:28:10,28.91,0.01,25,72275,买盘
13:28:13,28.92,0.01,39,112744,买盘
13:28:16,28.91,-0.01,28,80970,卖盘
13:28:21,28.91,0.0,45,130095,卖盘
13:28:24,28.92,0.01,25,72288,买盘
13:28:27,28.91,-0.01,134,387426,卖盘
13:28:28,28.91,0.0,19,54929,卖盘
13:28:33,28.92,0.01,60,173500,买盘
13:28:36,28.91,-0.01,6,17346,卖盘
13:28:39,28.92,0.01,9,26025,买盘
13:28:42,28.91,-0.01,220,636020,卖盘
13:28:44,28.91,0.0,69,199497,卖盘
13:28:48,28.92,0.01,43,124328,买盘
13:28:51,28.92,0.0,218,630455,买盘
13:28:54,28.92,0.0,44,127245,买盘
13:28:57,28.92,0.0,4,11568,买盘
13:29:00,28.92,0.0,122,352811,买盘
13:29:03,28.91,-0.01,338,977461,卖盘
13:29:05,28.92,0.01,101,292052,买盘
13:29:09,28.92,0.0,380,1098959,买盘
13:29:10,28.92,0.0,12,34701,买盘
13:29:15,28.92,0.0,47,135885,买盘
13:29:18,28.92,0.0,47,135924,买盘
13:29:21,28.92,0.0,56,161924,买盘
13:29:27,28.92,0.0,120,346940,买盘
13:29:30,28.92,0.0,306,884794,买盘
13:29:32,28.92,0.0,51,147520,卖盘
13:29:35,28.92,0.0,23,66516,卖盘
13:29:38,28.92,0.0,41,118579,卖盘
13:29:42,28.92,0.0,47,135930,卖盘
13:29:45,28.92,0.0,200,578400,卖盘
13:29:46,28.92,0.0,22,63629,卖盘
13:29:51,28.92,0.0,4,11568,卖盘
13:29:54,28.92,0.0,61,176462,卖盘
13:29:57,28.92,0.0,31,89682,卖盘
13:30:00,28.92,0.0,102,294984,卖盘
13:30:03,28.92,0.0,2,5785,卖盘
13:30:06,28.92,0.0,5,14460,卖盘
13:30:09,28.92,0.0,1,2892,卖盘
13:30:12,28.94,0.02,33,95462,买盘
13:30:15,28.93,-0.01,7,20251,中性盘
13:30:18,28.94,0.01,48,138908,买盘
13:30:21,28.93,-0.01,1,2893,卖盘
13:30:27,28.93,0.0,74,214087,卖盘
13:30:28,28.93,0.0,59,170646,买盘
13:30:32,28.93,0.0,38,109934,买盘
13:30:35,28.92,-0.01,6,17353,卖盘
13:30:38,28.92,0.0,6,17352,卖盘
13:30:42,28.93,0.01,3,8679,买盘
13:30:44,28.93,0.0,85,245871,买盘
13:30:48,28.92,-0.01,38,109918,卖盘
13:30:51,28.93,0.01,39,112792,买盘
13:30:54,28.92,-0.01,1,2892,卖盘
13:30:58,28.92,0.0,27,78110,卖盘
13:31:01,28.92,0.0,83,240050,卖盘
13:31:06,28.91,-0.01,169,488674,卖盘
13:31:08,28.92,0.01,33,95436,买盘
13:31:10,28.91,-0.01,44,127209,卖盘
13:31:15,28.92,0.01,12,34704,买盘
13:31:18,28.92,0.0,3,8674,买盘
13:31:20,28.93,0.01,31,89646,买盘
13:31:24,28.93,0.0,7,20250,买盘
13:31:27,28.93,0.0,43,124396,买盘
13:31:30,28.93,0.0,25,72315,买盘
13:31:33,28.93,0.0,5,14463,买盘
13:31:35,28.93,0.0,4,11572,买盘
13:31:39,28.93,0.0,46,133078,买盘
13:31:45,28.93,0.0,23,66538,买盘
13:31:48,28.93,0.0,8,23144,买盘
13:31:54,28.93,0.0,9,26037,买盘
13:31:57,28.93,0.0,112,323981,买盘
13:31:58,28.91,-0.02,131,378855,卖盘
13:32:03,28.91,0.0,1,2891,卖盘
13:32:06,28.93,0.02,1,2893,卖盘
13:32:08,28.92,-0.01,52,150412,卖盘
13:32:12,28.92,0.0,66,190872,买盘
13:32:13,28.92,0.0,83,240031,买盘
13:32:18,28.91,-0.01,1,2891,卖盘
13:32:20,28.92,0.01,1,2892,买盘
13:32:24,28.92,0.0,2,5783,买盘
13:32:27,28.92,0.0,5,14460,买盘
13:32:30,28.92,0.0,111,320907,买盘
13:32:33,28.93,0.01,164,474194,买盘
13:32:36,28.91,-0.02,38,109887,卖盘
13:32:39,28.92,0.01,3,8676,中性盘
13:32:42,28.93,0.01,16,46288,买盘
13:32:45,28.93,0.0,48,138864,买盘
13:32:48,28.93,0.0,40,115681,买盘
13:32:50,28.93,0.0,117,338400,买盘
13:32:54,28.93,0.0,3,8679,买盘
13:32:57,28.93,0.0,23,66539,买盘
13:33:00,28.91,-0.02,98,283467,卖盘
13:33:03,28.92,0.01,3,8677,中性盘
13:33:06,28.93,0.01,75,216908,买盘
13:33:09,28.94,0.01,6,17364,买盘
13:33:12,28.93,-0.01,37,107046,卖盘
13:33:15,28.94,0.01,40,115756,买盘
13:33:21,28.94,0.0,27,78131,买盘
13:33:24,28.93,-0.01,88,254636,卖盘
13:33:27,28.94,0.01,14,40516,买盘
13:33:28,28.93,-0.01,18,52088,卖盘
13:33:33,28.93,0.0,15,43395,卖盘
13:33:35,28.93,0.0,1,2893,卖盘
13:33:39,28.93,0.0,121,350053,卖盘
13:33:42,28.94,0.01,57,164889,买盘
13:33:45,28.93,-0.01,5,14465,买盘
13:33:48,28.93,0.0,1,2893,买盘
13:33:54,28.94,0.01,353,1021415,买盘
13:33:56,28.92,-0.02,82,237256,卖盘
13:33:58,28.92,0.0,51,147574,卖盘
13:34:01,28.92,0.0,1,2892,卖盘
13:34:06,28.94,0.02,6,17364,买盘
13:34:09,28.94,0.0,10,28938,买盘
13:34:12,28.94,0.0,5,14470,买盘
13:34:15,28.95,0.01,40,115771,买盘
13:34:18,28.94,-0.01,24,69456,中性盘
13:34:20,28.94,0.0,36,104184,卖盘
13:34:24,28.94,0.0,7,20259,卖盘
13:34:27,28.95,0.01,13,37628,买盘
13:34:30,28.95,0.0,18,52106,买盘
13:34:33,28.95,0.0,1,2895,买盘
13:34:35,28.93,-0.02,100,289351,卖盘
13:34:39,28.95,0.02,17,49210,买盘
13:34:41,28.95,0.0,23,66584,买盘
13:34:45,28.94,-0.01,2,5788,卖盘
13:34:48,28.95,0.01,43,123964,买盘
13:34:51,28.94,-0.01,11,32076,卖盘
13:34:54,28.95,0.01,13,37630,买盘
13:34:56,28.95,0.0,7,20265,买盘
13:35:00,28.94,-0.01,10,28940,卖盘
13:35:03,28.94,0.0,1,2894,卖盘
13:35:06,28.94,0.0,55,159174,卖盘
13:35:09,28.93,-0.01,22,63666,卖盘
13:35:12,28.94,0.01,1,2894,买盘
13:35:15,28.93,-0.01,101,292121,卖盘
13:35:18,28.94,0.01,30,86818,买盘
13:35:20,28.93,-0.01,1,2893,卖盘
13:35:24,28.93,0.0,156,451328,卖盘
13:35:27,28.93,0.0,5,14468,买盘
13:35:30,28.93,0.0,8,23144,卖盘
13:35:33,28.93,0.0,38,109934,卖盘
13:35:36,28.93,0.0,50,144652,卖盘
13:35:39,28.93,0.0,15,43395,买盘
13:35:42,28.93,0.0,40,115720,买盘
13:35:45,28.94,0.01,42,121505,买盘
13:35:48,28.94,0.0,36,104179,买盘
13:35:54,28.92,-0.02,18,52056,卖盘
13:35:57,28.92,0.0,28,80996,卖盘
13:36:00,28.93,0.01,1,2893,买盘
13:36:03,28.92,-0.01,1,2892,卖盘
13:36:09,28.92,0.0,1,2892,卖盘
13:36:12,28.92,0.0,1,2892,卖盘
13:36:15,28.92,0.0,1,2892,卖盘
13:36:18,28.92,0.0,65,187980,卖盘
13:36:20,28.92,0.0,128,370200,卖盘
13:36:24,28.93,0.01,94,271921,买盘
13:36:27,28.93,0.0,141,407912,买盘
13:36:33,28.93,0.0,1,2893,卖盘
13:36:36,28.93,0.0,16,46288,卖盘
13:36:38,28.93,0.0,8,23151,卖盘
13:36:42,28.93,0.0,23,66539,卖盘
13:36:45,28.94,0.01,192,555536,买盘
13:36:48,28.93,-0.01,35,101289,中性盘
13:36:51,28.94,0.01,12,34718,买盘
13:36:54,28.94,0.0,6,17362,买盘
13:36:56,28.93,-0.01,72,208287,中性盘
13:37:00,28.94,0.01,34,98396,买盘
13:37:03,28.93,-0.01,2,5786,卖盘
13:37:06,28.92,-0.01,22,63645,卖盘
13:37:08,28.94,0.02,12,34728,买盘
13:37:12,28.93,-0.01,5,14465,卖盘
13:37:13,28.93,0.0,34,98382,卖盘
13:37:18,28.95,0.02,676,1956882,买盘
13:37:21,28.93,-0.02,13,37607,中性盘
13:37:22,28.94,0.01,11,31842,中性盘
13:37:27,28.93,-0.01,234,677111,卖盘
13:37:31,28.95,0.02,2,5788,买盘
13:37:33,28.94,-0.01,7,20263,中性盘
13:37:36,28.95,0.01,29,83949,买盘
13:37:39,28.95,0.0,24,69479,买盘
13:37:42,28.95,0.0,139,402340,买盘
13:37:45,28.93,-0.02,5,14472,卖盘
13:37:48,28.95,0.02,23,66585,买盘
13:37:54,28.94,-0.01,5,14467,买盘
13:37:57,28.95,0.01,45,130274,买盘
13:38:00,28.94,-0.01,25,72374,中性盘
13:38:03,28.95,0.01,8,23157,买盘
13:38:06,28.93,-0.02,106,306841,卖盘
13:38:08,28.95,0.02,4,11580,中性盘
13:38:10,28.95,0.0,1,2895,卖盘
13:38:15,28.94,-0.01,54,156333,卖盘
13:38:18,28.94,0.0,487,1410650,卖盘
13:38:21,28.95,0.01,50,144761,买盘
13:38:22,28.95,0.0,14,40530,卖盘
13:38:27,28.96,0.01,40,115790,买盘
13:38:30,28.96,0.0,7,20267,买盘
13:38:33,28.95,-0.01,76,220020,卖盘
13:38:36,28.95,0.0,22,63690,买盘
13:38:38,28.95,0.0,24,69480,买盘
13:38:42,28.95,0.0,35,101325,卖盘
13:38:45,28.95,0.0,30,86849,买盘
13:38:46,28.93,-0.02,153,442784,卖盘
13:38:51,28.96,0.03,10,28953,买盘
13:38:54,28.95,-0.01,25,72399,卖盘
13:38:56,28.95,0.0,74,214248,卖盘
13:39:00,28.96,0.01,51,147693,买盘
13:39:03,28.96,0.0,4,11584,卖盘
13:39:06,28.97,0.01,48,139043,买盘
13:39:09,28.97,0.0,21,60837,买盘
13:39:12,28.97,0.0,7,20273,买盘
13:39:15,28.97,0.0,8,23176,买盘
13:39:18,28.96,-0.01,5,14484,卖盘
13:39:21,28.97,0.01,36,104289,买盘
13:39:24,28.98,0.01,242,701206,买盘
13:39:27,28.97,-0.01,34,98529,中性盘
13:39:30,28.97,0.0,4,11588,卖盘
13:39:33,28.98,0.01,129,373784,买盘
13:39:36,28.98,0.0,29,84037,买盘
13:39:38,28.98,0.0,5,14489,买盘
13:39:40,28.97,-0.01,2,5794,卖盘
13:39:45,28.98,0.01,63,182480,买盘
13:39:48,28.98,0.0,16,46366,买盘
13:39:51,28.97,-0.01,22,63734,卖盘
13:39:54,28.97,0.0,24,69528,买盘
13:39:57,28.97,0.0,82,237554,买盘
13:39:58,28.98,0.01,114,330331,买盘
13:40:01,28.98,0.0,60,173877,买盘
13:40:06,28.97,-0.01,55,159344,卖盘
13:40:09,28.98,0.01,53,153544,买盘
13:40:12,28.97,-0.01,14,40571,卖盘
13:40:13,28.98,0.01,18,52164,买盘
13:40:16,28.98,0.0,2,5796,买盘
13:40:21,28.98,0.0,70,202844,买盘
13:40:24,28.97,-0.01,132,382514,卖盘
13:40:25,28.98,0.01,15,43467,买盘
13:40:29,28.97,-0.01,49,141969,卖盘
13:40:33,28.97,0.0,102,295520,卖盘
13:40:36,28.98,0.01,21,60852,买盘
13:40:39,28.98,0.0,55,159390,买盘
13:40:45,28.97,-0.01,31,89821,卖盘
13:40:46,28.97,0.0,37,107191,卖盘
13:40:51,28.97,0.0,4,11588,卖盘
13:40:54,28.98,0.01,12,34772,买盘
13:40:57,28.98,0.0,15,43469,买盘
13:41:00,28.97,-0.01,32,92735,卖盘
13:41:01,28.97,0.0,20,57940,卖盘
13:41:05,28.96,-0.01,150,434527,卖盘
13:41:09,28.98,0.02,93,269501,买盘
13:41:18,28.96,-0.02,28,81124,卖盘
13:41:21,28.97,0.01,4,11588,买盘
13:41:24,28.95,-0.02,106,306904,卖盘
13:41:30,28.97,0.02,64,185379,买盘
13:41:33,28.96,-0.01,23,66597,卖盘
13:41:39,28.97,0.01,1,2897,买盘
13:41:42,28.96,-0.01,17,49232,卖盘
13:41:45,28.97,0.01,26,75321,买盘
13:41:48,28.95,-0.02,609,1763341,卖盘
13:41:51,28.94,-0.01,36,104189,卖盘
13:41:57,28.95,0.01,186,538725,买盘
13:42:00,28.97,0.02,287,831416,买盘
13:42:03,28.93,-0.04,417,1206896,卖盘
13:42:05,28.96,0.03,2,5791,中性盘
13:42:09,28.96,0.0,3,8689,卖盘
13:42:12,28.97,0.01,4,11586,买盘
13:42:15,28.96,-0.01,11,31856,卖盘
13:42:18,28.96,0.0,43,124528,买盘
13:42:21,28.95,-0.01,76,220020,卖盘
13:42:22,28.95,0.0,122,353018,卖盘
13:42:27,28.96,0.01,18,52116,买盘
13:42:30,28.94,-0.02,4,11576,卖盘
13:42:33,28.93,-0.01,26,75234,卖盘
13:42:35,28.94,0.01,8,23152,买盘
13:42:39,28.95,0.01,85,246126,买盘
13:42:42,28.96,0.01,38,110048,买盘
13:42:45,28.94,-0.02,1,2894,中性盘
13:42:46,28.96,0.02,202,584607,买盘
13:42:51,28.96,0.0,31,89773,买盘
13:42:54,28.94,-0.02,41,118654,中性盘
13:42:57,28.94,0.0,24,69455,买盘
13:43:00,28.94,0.0,43,124437,买盘
13:43:09,28.94,0.0,4,11576,卖盘
13:43:12,28.94,0.0,37,107078,卖盘
13:43:15,28.94,0.0,172,497769,卖盘
13:43:16,28.94,0.0,7,20258,买盘
13:43:20,28.95,0.01,38,109985,买盘
13:43:24,28.94,-0.01,8,23159,卖盘
13:43:27,28.94,0.0,12,34728,卖盘
13:43:30,28.94,0.0,20,57885,卖盘
13:43:32,28.94,0.0,4,11576,买盘
13:43:36,28.94,0.0,10,28940,买盘
13:43:39,28.93,-0.01,238,688588,卖盘
13:43:42,28.95,0.02,32,92608,买盘
13:43:51,28.95,0.0,113,326956,买盘
13:43:54,28.95,0.0,77,222911,买盘
13:43:57,28.93,-0.02,73,211240,卖盘
13:44:00,28.92,-0.01,49,141747,卖盘
13:44:03,28.93,0.01,2,5786,中性盘
13:44:06,28.93,0.0,41,118643,买盘
13:44:09,28.94,0.01,22,63662,买盘
13:44:12,28.94,0.0,20,57880,买盘
13:44:15,28.94,0.0,106,306730,卖盘
13:44:18,28.94,0.0,4,11578,卖盘
13:44:21,28.94,0.0,67,193901,卖盘
13:44:24,28.94,0.0,5,14469,买盘
13:44:25,28.94,0.0,2,5788,买盘
13:44:28,28.94,0.0,24,69456,买盘
13:44:33,28.94,0.0,8,23152,买盘
13:44:36,28.93,-0.01,18,52076,卖盘
13:44:39,28.93,0.0,322,931549,卖盘
13:44:42,28.94,0.01,141,407890,买盘
13:44:44,28.94,0.0,13,37622,买盘
13:44:46,28.93,-0.01,35,101283,中性盘
13:44:50,28.93,0.0,4,11575,卖盘
13:44:52,28.93,0.0,96,277728,卖盘
13:44:57,28.94,0.01,26,75244,买盘
13:45:00,28.94,0.0,25,72328,买盘
13:45:05,28.94,0.0,13,37612,买盘
13:45:09,28.93,-0.01,7,20254,卖盘
13:45:12,28.94,0.01,20,57880,买盘
13:45:15,28.94,0.0,19,54986,买盘
13:45:18,28.95,0.01,3,8683,买盘
13:45:21,28.94,-0.01,43,124462,卖盘
13:45:24,28.95,0.01,1,2895,买盘
13:45:25,28.94,-0.01,116,335706,卖盘
13:45:28,28.94,0.0,2,5788,卖盘
13:45:33,28.94,0.0,68,196792,卖盘
13:45:36,28.94,0.0,7,20258,买盘
13:45:39,28.95,0.01,17,49208,买盘
13:45:41,28.93,-0.02,105,303767,卖盘
13:45:45,28.94,0.01,7,20257,买盘
13:45:48,28.94,0.0,34,98396,买盘
13:45:51,28.94,0.0,4,11575,买盘
13:45:54,28.94,0.0,23,66551,买盘
13:45:58,28.93,-0.01,1,2893,卖盘
13:46:05,28.93,0.0,123,355842,卖盘
13:46:09,28.93,0.0,203,587305,卖盘
13:46:12,28.94,0.01,6,17364,买盘
13:46:13,28.93,-0.01,64,185153,卖盘
13:46:18,28.93,0.0,47,135971,卖盘
13:46:21,28.94,0.01,23,66561,买盘
13:46:22,28.93,-0.01,120,347160,卖盘
13:46:27,28.93,0.0,40,115722,卖盘
13:46:28,28.93,0.0,50,144650,卖盘
13:46:32,28.93,0.0,160,462888,卖盘
13:46:36,28.93,0.0,36,104172,卖盘
13:46:39,28.93,0.0,15,43395,卖盘
13:46:45,28.94,0.01,125,361649,买盘
13:46:48,28.92,-0.02,195,564050,卖盘
13:46:50,28.93,0.01,44,127257,买盘
13:46:52,28.93,0.0,2,5786,买盘
13:46:57,28.92,-0.01,7,20246,卖盘
13:47:00,28.92,0.0,21,60752,卖盘
13:47:03,28.93,0.01,31,89653,买盘
13:47:06,28.93,0.0,123,355739,买盘
13:47:08,28.93,0.0,2,5786,买盘
13:47:13,28.92,-0.01,146,422243,卖盘
13:47:15,28.92,0.0,26,75192,买盘
