time,price,change,volume,amount,type
09:25:04,32.39,-0.3,4678,15152042,卖盘
09:30:03,32.36,-0.03,1021,3304357,卖盘
09:30:06,32.36,0.0,1305,4224176,买盘
09:30:09,32.34,-0.02,324,1047756,中性盘
09:30:10,32.33,-0.01,467,1510004,卖盘
09:30:13,32.32,-0.01,414,1338157,卖盘
09:30:17,32.32,0.0,255,823995,买盘
09:30:20,32.28,-0.04,596,1925242,卖盘
09:30:23,32.26,-0.02,396,1278671,卖盘
09:30:27,32.25,-0.01,148,477368,卖盘
09:30:29,32.23,-0.02,232,748091,卖盘
09:30:32,32.22,-0.01,165,531860,卖盘
09:30:36,32.22,0.0,464,1494746,卖盘
09:30:39,32.24,0.02,1112,3587152,买盘
09:30:40,32.23,-0.01,1396,4509772,卖盘
09:30:44,32.27,0.04,385,1240439,买盘
09:30:47,32.27,0.0,119,383786,卖盘
09:30:50,32.3,0.03,135,435975,中性盘
09:30:54,32.25,-0.05,149,481032,卖盘
09:30:56,32.25,0.0,242,780872,卖盘
09:31:00,32.28,0.03,37,119458,中性盘
09:31:02,32.32,0.04,81,261582,买盘
09:31:05,32.3,-0.02,255,823735,卖盘
09:31:08,32.31,0.01,114,368343,中性盘
09:31:11,32.36,0.05,386,1248036,买盘
09:31:14,32.35,-0.01,795,2569243,卖盘
09:31:17,32.34,-0.01,150,485201,卖盘
09:31:19,32.35,0.01,175,565850,买盘
09:31:23,32.33,-0.02,120,388038,卖盘
09:31:26,32.34,0.01,77,248927,买盘
09:31:28,32.34,0.0,48,155197,买盘
09:31:32,32.32,-0.02,150,484891,卖盘
09:31:35,32.33,0.01,118,381421,买盘
09:31:38,32.33,0.0,380,1228561,买盘
09:31:40,32.33,0.0,316,1021705,卖盘
09:31:44,32.33,0.0,91,294169,买盘
09:31:47,32.34,0.01,608,1967292,买盘
09:31:50,32.39,0.05,692,2240145,买盘
09:31:53,32.39,0.0,972,3147257,买盘
09:31:56,32.45,0.06,258,837458,买盘
09:31:59,32.39,-0.06,149,482524,卖盘
09:32:01,32.47,0.08,228,739967,买盘
09:32:05,32.45,-0.02,154,499705,卖盘
09:32:08,32.41,-0.04,164,532167,卖盘
09:32:11,32.42,0.01,90,291998,卖盘
09:32:14,32.45,0.03,207,671034,中性盘
09:32:17,32.41,-0.04,228,739031,卖盘
09:32:20,32.4,-0.01,211,683728,卖盘
09:32:22,32.4,0.0,236,764767,卖盘
09:32:26,32.41,0.01,459,1486793,买盘
09:32:30,32.4,-0.01,182,589611,卖盘
09:32:32,32.42,0.02,257,832701,买盘
09:32:34,32.43,0.01,211,683302,买盘
09:32:38,32.37,-0.06,271,875385,中性盘
09:32:41,32.37,0.0,121,391495,买盘
09:32:44,32.36,-0.01,60,194131,卖盘
09:32:47,32.33,-0.03,161,520528,卖盘
09:32:50,32.34,0.01,212,685063,买盘
09:32:53,32.36,0.02,58,187637,买盘
09:32:56,32.35,-0.01,59,190915,卖盘
09:32:59,32.35,0.0,24,77640,卖盘
09:33:01,32.39,0.04,155,503270,买盘
09:33:05,32.4,0.01,739,2393194,买盘
09:33:08,32.41,0.01,32,103687,买盘
09:33:10,32.41,0.0,55,178232,买盘
09:33:14,32.41,0.0,31,100484,卖盘
09:33:17,32.42,0.01,38,123182,买盘
09:33:19,32.41,-0.01,102,330598,卖盘
09:33:23,32.42,0.01,99,320911,买盘
09:33:26,32.42,0.0,156,505611,买盘
09:33:29,32.41,-0.01,32,103720,卖盘
09:33:32,32.42,0.01,23,74563,买盘
09:33:35,32.42,0.0,158,512140,买盘
09:33:38,32.43,0.01,404,1308658,买盘
09:33:41,32.42,-0.01,320,1038125,卖盘
09:33:44,32.4,-0.02,143,463566,卖盘
09:33:47,32.4,0.0,114,369360,买盘
09:33:50,32.4,0.0,55,178197,买盘
09:33:53,32.4,0.0,120,388730,买盘
09:33:56,32.4,0.0,90,291599,买盘
09:33:58,32.4,0.0,102,330429,买盘
09:34:01,32.42,0.02,327,1059438,买盘
09:34:05,32.4,-0.02,220,713105,卖盘
09:34:08,32.4,0.0,1043,3379419,卖盘
09:34:10,32.39,-0.01,141,456599,卖盘
09:34:14,32.37,-0.02,218,705932,卖盘
09:34:17,32.39,0.02,170,550519,中性盘
09:34:20,32.36,-0.03,214,692586,卖盘
09:34:23,32.36,0.0,206,666508,买盘
09:34:26,32.35,-0.01,150,485172,卖盘
09:34:28,32.35,0.0,285,921762,买盘
09:34:32,32.34,-0.01,276,892671,卖盘
09:34:35,32.35,0.01,379,1225670,买盘
09:34:38,32.34,-0.01,174,562895,买盘
09:34:40,32.31,-0.03,277,895226,卖盘
09:34:44,32.32,0.01,44,142213,中性盘
09:34:47,32.31,-0.01,426,1377568,卖盘
09:34:50,32.3,-0.01,438,1415165,卖盘
09:34:53,32.31,0.01,270,872252,买盘
09:34:56,32.29,-0.02,284,917504,卖盘
09:34:59,32.33,0.04,373,1205649,买盘
09:35:02,32.33,0.0,254,821169,买盘
09:35:05,32.34,0.01,628,2030769,卖盘
09:35:08,32.34,0.0,52,168168,卖盘
09:35:11,32.35,0.01,144,465756,买盘
09:35:14,32.36,0.01,217,702145,买盘
09:35:16,32.37,0.01,150,485327,买盘
09:35:20,32.39,0.02,129,417695,买盘
09:35:22,32.4,0.01,44,142508,买盘
09:35:26,32.41,0.01,126,408170,买盘
09:35:28,32.44,0.03,133,431151,买盘
09:35:32,32.43,-0.01,74,240017,卖盘
09:35:35,32.44,0.01,46,149219,买盘
09:35:37,32.45,0.01,84,272538,买盘
09:35:41,32.4,-0.05,372,1205783,卖盘
09:35:44,32.4,0.0,123,398457,买盘
09:35:47,32.39,-0.01,74,239672,中性盘
09:35:50,32.4,0.01,591,1913888,买盘
09:35:53,32.39,-0.01,121,391974,中性盘
09:35:56,32.39,0.0,139,450264,卖盘
09:35:59,32.39,0.0,87,281872,卖盘
09:36:02,32.43,0.04,467,1513145,买盘
09:36:04,32.43,0.0,216,700368,买盘
09:36:07,32.43,0.0,92,298169,卖盘
09:36:11,32.42,-0.01,25,81064,卖盘
09:36:13,32.43,0.01,24,77844,中性盘
09:36:17,32.43,0.0,21,68115,卖盘
09:36:20,32.42,-0.01,126,408723,卖盘
09:36:22,32.43,0.01,27,87590,中性盘
09:36:25,32.45,0.02,61,197926,买盘
09:36:29,32.45,0.0,19,61648,买盘
09:36:31,32.45,0.0,247,801517,买盘
09:36:35,32.46,0.01,146,473819,买盘
09:36:38,32.47,0.01,10,32470,买盘
09:36:41,32.46,-0.01,189,613553,卖盘
09:36:44,32.48,0.02,47,152656,买盘
09:36:47,32.48,0.0,65,211119,买盘
09:36:50,32.48,0.0,55,178629,买盘
09:36:52,32.48,0.0,730,2371666,买盘
09:36:56,32.49,0.01,124,403518,买盘
09:36:59,32.49,0.0,114,370343,买盘
09:37:01,32.48,-0.01,438,1423048,卖盘
09:37:05,32.49,0.01,140,454855,买盘
09:37:07,32.5,0.01,113,367197,买盘
09:37:11,32.51,0.01,103,334775,买盘
09:37:14,32.5,-0.01,86,279529,卖盘
09:37:17,32.54,0.04,140,455135,买盘
09:37:20,32.54,0.0,96,312326,买盘
09:37:23,32.54,0.0,53,172407,卖盘
09:37:26,32.54,0.0,22,71595,卖盘
09:37:29,32.55,0.01,26,84623,买盘
09:37:32,32.54,-0.01,95,309167,卖盘
09:37:35,32.56,0.02,236,768323,买盘
09:37:38,32.56,0.0,105,341908,卖盘
09:37:41,32.57,0.01,16,52108,买盘
09:37:43,32.55,-0.02,113,367865,卖盘
09:37:47,32.55,0.0,220,716486,卖盘
09:37:49,32.56,0.01,68,221433,中性盘
09:37:52,32.57,0.01,59,192163,中性盘
09:37:56,32.56,-0.01,129,420409,卖盘
09:37:59,32.5,-0.06,792,2577166,卖盘
09:38:02,32.54,0.04,506,1646179,买盘
09:38:05,32.53,-0.01,118,383858,中性盘
09:38:08,32.54,0.01,81,263578,买盘
09:38:11,32.58,0.04,189,615177,买盘
09:38:14,32.55,-0.03,38,123607,中性盘
09:38:17,32.55,0.0,55,178973,卖盘
09:38:20,32.54,-0.01,52,169199,中性盘
09:38:23,32.54,0.0,38,123666,卖盘
09:38:26,32.55,0.01,73,237620,买盘
09:38:28,32.54,-0.01,186,605229,卖盘
09:38:32,32.54,0.0,78,253811,买盘
09:38:35,32.56,0.02,54,175747,买盘
09:38:38,32.55,-0.01,63,205128,卖盘
09:38:40,32.54,-0.01,53,172505,卖盘
09:38:43,32.54,0.0,21,68336,卖盘
09:38:47,32.54,0.0,23,74860,卖盘
09:38:50,32.53,-0.01,161,523897,卖盘
09:38:53,32.55,0.02,315,1025210,买盘
09:38:55,32.54,-0.01,47,152957,卖盘
09:38:59,32.55,0.01,215,700034,卖盘
09:39:02,32.57,0.02,19,61871,买盘
09:39:05,32.57,0.0,202,657911,买盘
09:39:07,32.58,0.01,103,335865,买盘
09:39:10,32.6,0.02,129,420398,买盘
09:39:13,32.59,-0.01,188,612768,卖盘
09:39:17,32.62,0.03,130,423764,买盘
09:39:20,32.63,0.01,114,371927,买盘
09:39:23,32.65,0.02,41,133849,买盘
09:39:26,32.65,0.0,45,146892,买盘
09:39:28,32.66,0.01,22,70914,买盘
09:39:32,32.65,-0.01,37,120823,卖盘
09:39:35,32.66,0.01,15,48983,买盘
09:39:38,32.66,0.0,157,512732,买盘
09:39:41,32.67,0.01,31,101254,买盘
09:39:44,32.66,-0.01,55,179644,卖盘
09:39:47,32.67,0.01,12,39201,买盘
09:39:49,32.67,0.0,135,440919,买盘
09:39:53,32.66,-0.01,166,542258,卖盘
09:39:56,32.66,0.0,95,310300,卖盘
09:39:59,32.67,0.01,152,496476,买盘
09:40:02,32.67,0.0,212,692504,买盘
09:40:04,32.65,-0.02,352,1149678,卖盘
09:40:08,32.63,-0.02,219,714917,卖盘
09:40:11,32.66,0.03,36,117571,买盘
09:40:14,32.6,-0.06,209,681978,卖盘
09:40:17,32.64,0.04,133,434137,买盘
09:40:20,32.64,0.0,62,202388,卖盘
09:40:23,32.59,-0.05,271,883811,卖盘
09:40:26,32.64,0.05,21,68530,买盘
09:40:29,32.59,-0.05,89,290123,卖盘
09:40:32,32.58,-0.01,109,355197,卖盘
09:40:35,32.59,0.01,32,104288,买盘
09:40:38,32.58,-0.01,277,902770,卖盘
09:40:41,32.58,0.0,19,61902,买盘
09:40:44,32.58,0.0,102,332255,买盘
09:40:46,32.58,0.0,21,68416,买盘
09:40:50,32.58,0.0,48,156365,买盘
09:40:53,32.58,0.0,20,65145,买盘
09:40:56,32.57,-0.01,80,260586,卖盘
09:40:59,32.57,0.0,32,104224,卖盘
09:41:02,32.58,0.01,84,273600,买盘
09:41:05,32.57,-0.01,12,39091,卖盘
09:41:07,32.58,0.01,97,316023,买盘
09:41:11,32.58,0.0,96,312730,买盘
09:41:14,32.59,0.01,87,283464,买盘
09:41:17,32.6,0.01,45,146700,买盘
09:41:20,32.63,0.03,25,81532,买盘
09:41:22,32.63,0.0,63,205520,买盘
09:41:25,32.62,-0.01,24,78296,卖盘
09:41:29,32.62,0.0,11,35885,卖盘
09:41:32,32.62,0.0,33,107668,卖盘
09:41:35,32.63,0.01,64,208826,买盘
09:41:38,32.61,-0.02,218,710920,卖盘
09:41:41,32.61,0.0,22,71751,中性盘
09:41:44,32.6,-0.01,55,179369,卖盘
09:41:46,32.61,0.01,70,228311,买盘
09:41:50,32.62,0.01,8,26091,买盘
09:41:53,32.58,-0.04,241,785813,卖盘
09:41:56,32.61,0.03,38,123926,卖盘
09:41:59,32.59,-0.02,70,228105,卖盘
09:42:02,32.6,0.01,156,508537,买盘
09:42:05,32.58,-0.02,74,241128,卖盘
09:42:08,32.58,0.0,78,254262,卖盘
09:42:10,32.58,0.0,105,342226,卖盘
09:42:14,32.59,0.01,50,162909,中性盘
09:42:17,32.59,0.0,5,16295,卖盘
09:42:19,32.58,-0.01,20,65167,卖盘
09:42:23,32.59,0.01,13,42366,卖盘
09:42:26,32.59,0.0,10,32589,买盘
09:42:28,32.58,-0.01,75,244353,卖盘
09:42:32,32.59,0.01,63,205317,买盘
09:42:35,32.58,-0.01,7,22806,卖盘
09:42:38,32.59,0.01,140,456249,买盘
09:42:41,32.58,-0.01,38,123830,卖盘
09:42:44,32.6,0.02,25,81467,买盘
09:42:47,32.6,0.0,12,39118,买盘
09:42:50,32.59,-0.01,13,42357,中性盘
09:42:53,32.59,0.0,9,29331,卖盘
09:42:56,32.59,0.0,244,795156,卖盘
09:42:59,32.58,-0.01,189,615612,卖盘
09:43:02,32.58,0.0,131,427054,卖盘
09:43:04,32.6,0.02,45,146693,买盘
09:43:08,32.6,0.0,118,384544,买盘
09:43:11,32.59,-0.01,91,296631,卖盘
09:43:14,32.6,0.01,121,394596,中性盘
09:43:17,32.62,0.02,99,322938,买盘
09:43:20,32.59,-0.03,119,387846,卖盘
09:43:23,32.6,0.01,41,133633,买盘
09:43:26,32.58,-0.02,6,19548,卖盘
09:43:29,32.6,0.02,265,863900,买盘
09:43:32,32.61,0.01,8,26083,买盘
09:43:34,32.6,-0.01,166,541160,卖盘
09:43:37,32.62,0.02,295,961750,买盘
09:43:40,32.6,-0.02,113,368398,中性盘
09:43:43,32.62,0.02,92,300030,买盘
09:43:47,32.6,-0.02,424,1382277,卖盘
09:43:50,32.62,0.02,13,42402,买盘
09:43:52,32.59,-0.03,432,1408137,卖盘
09:43:56,32.62,0.03,10,32614,买盘
09:43:59,32.62,0.0,65,212030,买盘
09:44:02,32.62,0.0,139,453547,卖盘
09:44:05,32.64,0.02,115,375305,买盘
09:44:08,32.63,-0.01,127,414473,卖盘
09:44:10,32.64,0.01,9,29376,买盘
09:44:14,32.64,0.0,2,6528,买盘
09:44:17,32.65,0.01,274,894502,买盘
09:44:20,32.65,0.0,331,1080414,买盘
09:44:23,32.65,0.0,19,62041,卖盘
09:44:26,32.66,0.01,191,623800,买盘
09:44:28,32.66,0.0,57,186150,买盘
09:44:32,32.66,0.0,19,62064,卖盘
09:44:35,32.67,0.01,558,1822986,买盘
09:44:38,32.68,0.01,50,163390,买盘
09:44:40,32.68,0.0,74,241826,买盘
09:44:44,32.68,0.0,25,81695,买盘
09:44:47,32.68,0.0,31,101303,买盘
09:44:50,32.67,-0.01,39,127447,卖盘
09:44:53,32.68,0.01,71,232028,买盘
09:44:56,32.69,0.01,124,405190,买盘
09:44:59,32.69,0.0,38,124192,买盘
09:45:02,32.68,-0.01,287,938155,卖盘
09:45:04,32.69,0.01,103,336696,买盘
09:45:08,32.67,-0.02,229,748472,卖盘
09:45:10,32.69,0.02,90,294169,买盘
09:45:14,32.68,-0.01,14,45763,卖盘
09:45:17,32.69,0.01,59,192869,买盘
09:45:20,32.7,0.01,60,196143,买盘
09:45:23,32.69,-0.01,65,212486,卖盘
09:45:25,32.69,0.0,102,333418,买盘
09:45:29,32.69,0.0,82,268058,卖盘
09:45:31,32.68,-0.01,203,663546,卖盘
09:45:35,32.69,0.01,416,1359865,买盘
09:45:38,32.68,-0.01,96,313752,中性盘
09:45:41,32.67,-0.01,365,1192909,卖盘
09:45:43,32.67,0.0,134,437853,卖盘
09:45:47,32.65,-0.02,99,323349,卖盘
09:45:49,32.67,0.02,478,1562124,买盘
09:45:52,32.65,-0.02,114,372270,卖盘
09:45:56,32.66,0.01,18,58779,买盘
09:45:59,32.65,-0.01,60,195850,卖盘
09:46:01,32.65,0.0,114,372221,买盘
09:46:05,32.65,0.0,48,156726,卖盘
09:46:08,32.66,0.01,58,189423,买盘
09:46:11,32.65,-0.01,72,235107,卖盘
09:46:13,32.65,0.0,77,251415,卖盘
09:46:17,32.65,0.0,110,359150,买盘
09:46:20,32.65,0.0,23,75092,买盘
09:46:23,32.65,0.0,33,107724,买盘
09:46:26,32.65,0.0,45,146921,买盘
09:46:29,32.64,-0.01,25,81604,卖盘
09:46:31,32.64,0.0,14,45696,买盘
09:46:35,32.64,0.0,20,65280,买盘
09:46:38,32.64,0.0,20,65280,买盘
09:46:41,32.64,0.0,21,68544,卖盘
09:46:44,32.64,0.0,145,473255,卖盘
09:46:46,32.65,0.01,149,486473,买盘
09:46:49,32.64,-0.01,7,22852,卖盘
09:46:53,32.65,0.01,57,186055,买盘
09:46:56,32.65,0.0,102,332949,买盘
09:46:59,32.64,-0.01,106,345984,卖盘
09:47:02,32.64,0.0,134,437463,买盘
09:47:05,32.65,0.01,30,97930,买盘
09:47:08,32.65,0.0,141,460272,买盘
09:47:11,32.65,0.0,47,153434,买盘
09:47:13,32.65,0.0,31,101215,买盘
09:47:17,32.64,-0.01,20,65282,卖盘
09:47:20,32.65,0.01,84,274183,买盘
09:47:23,32.65,0.0,97,316705,买盘
09:47:26,32.65,0.0,10,32649,买盘
09:47:29,32.64,-0.01,4,13057,卖盘
09:47:32,32.65,0.01,1725,5631235,买盘
09:47:34,32.66,0.01,502,1640030,中性盘
09:47:38,32.67,0.01,120,392154,买盘
09:47:40,32.68,0.01,157,513066,买盘
09:47:44,32.68,0.0,538,1757254,买盘
09:47:47,32.68,0.0,47,153591,买盘
09:47:49,32.68,0.0,6,19608,买盘
09:47:53,32.66,-0.02,234,764329,卖盘
09:47:56,32.66,0.0,11,35924,买盘
09:47:59,32.66,0.0,272,888352,买盘
09:48:02,32.67,0.01,63,205778,买盘
09:48:05,32.67,0.0,90,294038,买盘
09:48:08,32.68,0.01,116,379053,买盘
09:48:11,32.65,-0.03,504,1645981,卖盘
09:48:14,32.69,0.04,224,732110,买盘
09:48:17,32.69,0.0,16,52302,买盘
09:48:20,32.69,0.0,26,84980,买盘
09:48:23,32.69,0.0,4,13076,买盘
09:48:26,32.68,-0.01,114,372555,卖盘
09:48:28,32.68,0.0,16,52288,买盘
09:48:32,32.68,0.0,22,71896,买盘
09:48:34,32.67,-0.01,25,81699,卖盘
09:48:38,32.68,0.01,95,310460,买盘
09:48:41,32.68,0.0,97,316996,买盘
09:48:44,32.68,0.0,126,411758,买盘
09:48:47,32.68,0.0,83,271238,买盘
09:48:50,32.68,0.0,3,9804,买盘
09:48:53,32.68,0.0,158,516346,买盘
09:48:55,32.68,0.0,182,594953,卖盘
09:48:58,32.69,0.01,14,45760,买盘
09:49:01,32.69,0.0,159,519769,买盘
09:49:05,32.68,-0.01,99,323596,卖盘
09:49:08,32.69,0.01,151,493585,买盘
09:49:11,32.68,-0.01,35,114386,卖盘
09:49:14,32.68,0.0,183,598188,卖盘
09:49:17,32.69,0.01,81,264786,买盘
09:49:20,32.68,-0.01,152,496750,卖盘
09:49:23,32.68,0.0,15,49033,卖盘
09:49:26,32.69,0.01,107,349783,买盘
09:49:28,32.68,-0.01,176,575329,卖盘
09:49:32,32.68,0.0,161,526157,卖盘
09:49:34,32.67,-0.01,279,911624,卖盘
09:49:37,32.67,0.0,574,1875975,卖盘
09:49:41,32.69,0.02,121,395324,买盘
09:49:44,32.66,-0.03,43,140458,卖盘
09:49:47,32.67,0.01,9,29403,买盘
09:49:50,32.67,0.0,53,173153,买盘
09:49:53,32.67,0.0,33,107821,卖盘
09:49:55,32.67,0.0,21,68614,卖盘
09:49:59,32.67,0.0,127,415020,卖盘
09:50:02,32.67,0.0,155,506526,卖盘
09:50:04,32.68,0.01,63,205880,买盘
09:50:08,32.68,0.0,171,558828,买盘
09:50:10,32.67,-0.01,218,712240,卖盘
09:50:14,32.66,-0.01,63,205820,卖盘
09:50:16,32.66,0.0,67,218837,卖盘
09:50:20,32.66,0.0,48,156768,买盘
09:50:23,32.66,0.0,65,212269,买盘
09:50:26,32.67,0.01,267,872382,买盘
09:50:29,32.67,0.0,32,104510,中性盘
09:50:32,32.65,-0.02,289,943624,卖盘
09:50:35,32.67,0.02,20,65322,买盘
09:50:38,32.66,-0.01,48,156764,中性盘
09:50:40,32.66,0.0,115,375590,卖盘
09:50:44,32.66,0.0,6,19593,买盘
09:50:47,32.66,0.0,51,166548,买盘
09:50:50,32.66,0.0,18,58777,买盘
09:50:53,32.65,-0.01,647,2112140,卖盘
09:50:55,32.65,0.0,53,173093,卖盘
09:50:59,32.64,-0.01,391,1277575,卖盘
09:51:01,32.64,0.0,142,463488,买盘
09:51:04,32.64,0.0,41,132518,买盘
09:51:08,32.64,0.0,60,195842,卖盘
09:51:14,32.64,0.0,51,166487,卖盘
09:51:17,32.65,0.01,61,199151,买盘
09:51:19,32.64,-0.01,9,29379,卖盘
09:51:23,32.65,0.01,33,107719,买盘
09:51:26,32.64,-0.01,51,166464,卖盘
09:51:29,32.65,0.01,146,476677,买盘
09:51:32,32.64,-0.01,17,55504,卖盘
09:51:35,32.64,0.0,50,164506,卖盘
09:51:37,32.63,-0.01,425,1386801,卖盘
09:51:41,32.64,0.01,187,610172,买盘
09:51:43,32.63,-0.01,18,58740,卖盘
09:51:47,32.64,0.01,46,150102,买盘
09:51:50,32.63,-0.01,36,117474,卖盘
09:51:53,32.61,-0.02,192,626233,卖盘
09:51:56,32.63,0.02,258,841790,买盘
09:51:59,32.6,-0.03,502,1637146,卖盘
09:52:02,32.61,0.01,31,101087,中性盘
09:52:05,32.61,0.0,129,420692,卖盘
09:52:07,32.6,-0.01,127,414050,卖盘
09:52:11,32.6,0.0,276,899902,卖盘
09:52:13,32.61,0.01,318,1036960,买盘
09:52:17,32.59,-0.02,185,603181,卖盘
09:52:20,32.59,0.0,55,179273,卖盘
09:52:22,32.59,0.0,2,6517,买盘
09:52:25,32.58,-0.01,71,231354,卖盘
09:52:29,32.58,0.0,140,455929,买盘
09:52:32,32.55,-0.03,53,172538,卖盘
09:52:35,32.57,0.02,65,211597,中性盘
09:52:38,32.58,0.01,85,276834,买盘
09:52:41,32.55,-0.03,150,488358,卖盘
09:52:43,32.58,0.03,195,635100,买盘
09:52:47,32.56,-0.02,30,97706,中性盘
09:52:50,32.55,-0.01,59,192079,卖盘
09:52:53,32.58,0.03,123,400503,买盘
09:52:55,32.55,-0.03,17,55341,中性盘
09:52:59,32.55,0.0,253,823900,买盘
09:53:02,32.57,0.02,308,1003439,中性盘
09:53:04,32.55,-0.02,180,585925,卖盘
09:53:08,32.58,0.03,313,1018947,买盘
09:53:11,32.59,0.01,66,215065,买盘
09:53:13,32.58,-0.01,140,456161,卖盘
09:53:16,32.59,0.01,47,153169,卖盘
09:53:19,32.6,0.01,90,293270,买盘
09:53:23,32.59,-0.01,7,22817,中性盘
09:53:26,32.58,-0.01,276,899339,卖盘
09:53:29,32.58,0.0,7,22806,买盘
09:53:32,32.57,-0.01,33,107500,卖盘
09:53:34,32.57,0.0,22,71655,卖盘
09:53:38,32.58,0.01,36,117284,买盘
09:53:41,32.57,-0.01,25,81429,中性盘
09:53:44,32.58,0.01,122,397476,买盘
09:53:47,32.58,0.0,21,68401,买盘
09:53:50,32.57,-0.01,13,42341,卖盘
09:53:53,32.57,0.0,75,244305,卖盘
09:53:56,32.58,0.01,12,39091,中性盘
09:53:59,32.59,0.01,22,71697,买盘
09:54:02,32.59,0.0,214,697301,买盘
09:54:05,32.59,0.0,70,228013,买盘
09:54:08,32.58,-0.01,28,91232,卖盘
09:54:11,32.59,0.01,109,355217,买盘
09:54:14,32.59,0.0,16,52142,买盘
09:54:17,32.59,0.0,9,29331,买盘
09:54:20,32.59,0.0,9,29328,买盘
09:54:23,32.59,0.0,117,381299,买盘
09:54:26,32.59,0.0,39,127071,买盘
09:54:28,32.59,0.0,22,70656,买盘
09:54:31,32.59,0.0,4,13036,卖盘
09:54:34,32.59,0.0,24,78216,卖盘
09:54:38,32.6,0.01,70,228198,买盘
09:54:41,32.59,-0.01,52,169517,卖盘
09:54:44,32.6,0.01,108,352072,买盘
09:54:47,32.6,0.0,3,9778,买盘
09:54:50,32.59,-0.01,2,6519,卖盘
09:54:53,32.6,0.01,7,22820,买盘
09:54:56,32.6,0.0,37,120600,买盘
09:54:59,32.6,0.0,11,35850,买盘
09:55:02,32.6,0.0,156,508550,买盘
09:55:05,32.59,-0.01,168,547659,卖盘
09:55:08,32.6,0.01,17,55416,买盘
09:55:11,32.6,0.0,260,847383,买盘
09:55:14,32.61,0.01,75,244524,买盘
09:55:17,32.6,-0.01,55,179301,卖盘
09:55:20,32.61,0.01,5,16305,买盘
09:55:23,32.61,0.0,49,159756,买盘
09:55:25,32.63,0.02,110,358866,买盘
09:55:29,32.64,0.01,11,35895,买盘
09:55:32,32.64,0.0,14,45696,买盘
09:55:35,32.63,-0.01,33,107682,卖盘
09:55:38,32.63,0.0,53,172943,卖盘
09:55:40,32.63,0.0,65,212150,卖盘
09:55:44,32.63,0.0,22,71807,卖盘
09:55:46,32.64,0.01,6,19579,买盘
09:55:50,32.64,0.0,41,133812,买盘
09:55:53,32.66,0.02,476,1555962,买盘
09:55:56,32.66,0.0,22,71842,买盘
09:55:59,32.66,0.0,27,88185,买盘
09:56:01,32.68,0.02,44,143754,买盘
09:56:05,32.68,0.0,7,22871,买盘
09:56:08,32.67,-0.01,5,16339,卖盘
09:56:11,32.67,0.0,31,101277,卖盘
09:56:14,32.68,0.01,35,114380,买盘
09:56:17,32.68,0.0,126,411768,买盘
09:56:20,32.68,0.0,29,94761,买盘
09:56:23,32.67,-0.01,50,163377,卖盘
09:56:26,32.67,0.0,22,71875,卖盘
09:56:28,32.67,0.0,17,55546,卖盘
09:56:32,32.68,0.01,5,16340,买盘
09:56:35,32.67,-0.01,17,55543,卖盘
09:56:37,32.67,0.0,18,58812,卖盘
09:56:40,32.69,0.02,340,1111170,买盘
09:56:44,32.67,-0.02,204,664606,卖盘
09:56:47,32.68,0.01,45,147029,中性盘
09:56:50,32.67,-0.01,158,518167,卖盘
09:56:53,32.67,0.0,52,169884,买盘
09:56:56,32.67,0.0,14,45737,买盘
09:56:59,32.68,0.01,13,41560,买盘
09:57:02,32.68,0.0,137,447714,买盘
09:57:08,32.68,0.0,9,29409,买盘
09:57:11,32.68,0.0,77,251636,买盘
09:57:14,32.69,0.01,32,104598,买盘
09:57:16,32.68,-0.01,5,16342,卖盘
09:57:20,32.68,0.0,38,124195,卖盘
09:57:29,32.69,0.01,7,22879,买盘
09:57:32,32.69,0.0,61,199362,买盘
09:57:35,32.69,0.0,15,49032,买盘
09:57:38,32.68,-0.01,1,3268,卖盘
09:57:40,32.68,0.0,120,392276,卖盘
09:57:44,32.69,0.01,620,2026773,买盘
09:57:47,32.7,0.01,61,199418,买盘
09:57:50,32.71,0.01,1537,5026167,买盘
09:57:52,32.72,0.01,504,1648977,买盘
09:57:56,32.73,0.01,223,729721,买盘
09:57:59,32.74,0.01,18,58932,买盘
09:58:02,32.74,0.0,412,1348886,买盘
09:58:05,32.76,0.02,579,1896046,买盘
09:58:08,32.75,-0.01,75,245706,卖盘
09:58:11,32.78,0.03,84,275288,买盘
09:58:14,32.78,0.0,332,1087970,买盘
09:58:17,32.78,0.0,254,832135,买盘
09:58:19,32.78,0.0,151,494953,买盘
09:58:23,32.8,0.02,783,2567085,买盘
09:58:26,32.8,0.0,281,921643,买盘
09:58:29,32.79,-0.01,550,1803945,卖盘
09:58:32,32.82,0.03,108,354305,买盘
09:58:35,32.81,-0.01,76,249484,卖盘
09:58:38,32.84,0.03,304,997648,买盘
09:58:41,32.83,-0.01,219,718691,卖盘
09:58:43,32.84,0.01,187,613850,买盘
09:58:47,32.84,0.0,24,78785,买盘
09:58:50,32.83,-0.01,176,577713,卖盘
09:58:52,32.83,0.0,20,65658,买盘
09:58:56,32.83,0.0,200,656651,买盘
09:58:59,32.83,0.0,748,2456250,卖盘
09:59:01,32.83,0.0,333,1093196,卖盘
09:59:05,32.84,0.01,371,1217948,中性盘
09:59:07,32.84,0.0,37,121492,买盘
09:59:11,32.84,0.0,268,880315,卖盘
09:59:14,32.85,0.01,469,1541134,买盘
09:59:18,32.86,0.01,179,588102,买盘
09:59:21,32.85,-0.01,294,966090,卖盘
09:59:23,32.85,0.0,389,1278192,买盘
09:59:26,32.84,-0.01,95,312034,卖盘
09:59:29,32.85,0.01,147,482885,买盘
09:59:31,32.85,0.0,264,867194,买盘
09:59:35,32.85,0.0,118,387736,卖盘
09:59:38,32.86,0.01,379,1244905,买盘
09:59:41,32.84,-0.02,22,72266,卖盘
09:59:44,32.84,0.0,276,906690,卖盘
09:59:46,32.83,-0.01,406,1333393,卖盘
09:59:49,32.84,0.01,252,827531,买盘
09:59:53,32.84,0.0,40,131360,卖盘
09:59:56,32.85,0.01,42,137925,买盘
09:59:59,32.82,-0.03,315,1034533,卖盘
10:00:02,32.83,0.01,172,563958,卖盘
10:00:05,32.83,0.0,39,128038,买盘
10:00:08,32.83,0.0,190,623812,卖盘
10:00:11,32.83,0.0,16,52540,卖盘
10:00:13,32.83,0.0,85,279058,卖盘
10:00:17,32.81,-0.02,239,785418,卖盘
10:00:21,32.83,0.02,41,134572,买盘
10:00:23,32.81,-0.02,141,462859,卖盘
10:00:25,32.83,0.02,20,65651,买盘
10:00:28,32.83,0.0,870,2854172,买盘
10:00:32,32.83,0.0,86,282300,买盘
10:00:34,32.81,-0.02,21,68904,卖盘
10:00:37,32.79,-0.02,119,390265,卖盘
10:00:41,32.78,-0.01,88,288492,卖盘
10:00:44,32.78,0.0,19,62290,卖盘
10:00:47,32.77,-0.01,31,101591,卖盘
10:00:50,32.77,0.0,191,625708,买盘
10:00:53,32.77,0.0,25,81891,买盘
10:00:56,32.75,-0.02,14,45867,卖盘
10:00:59,32.77,0.02,296,969493,买盘
10:01:02,32.78,0.01,93,304904,买盘
10:01:04,32.78,0.0,17,55726,卖盘
10:01:08,32.8,0.02,111,363926,买盘
10:01:12,32.79,-0.01,15,49183,中性盘
10:01:15,32.78,-0.01,283,928190,卖盘
10:01:17,32.8,0.02,75,245947,买盘
10:01:21,32.79,-0.01,30,98370,卖盘
10:01:23,32.79,0.0,8,26239,卖盘
10:01:26,32.79,0.0,17,55757,卖盘
10:01:29,32.8,0.01,83,272201,买盘
10:01:32,32.8,0.0,63,206637,买盘
10:01:34,32.8,0.0,299,980720,买盘
10:01:39,32.81,0.01,99,324782,买盘
10:01:41,32.8,-0.01,60,196801,卖盘
10:01:45,32.81,0.01,5,16403,买盘
10:01:47,32.8,-0.01,15,49203,卖盘
10:01:50,32.8,0.0,33,108243,卖盘
10:01:52,32.8,0.0,50,164013,卖盘
10:01:56,32.81,0.01,12,39366,买盘
10:01:59,32.79,-0.02,85,278867,卖盘
10:02:02,32.81,0.02,156,511832,买盘
10:02:04,32.81,0.0,156,511837,卖盘
10:02:08,32.81,0.0,7,22970,卖盘
10:02:12,32.81,0.0,124,406844,卖盘
10:02:15,32.81,0.0,207,679173,卖盘
10:02:16,32.82,0.01,83,272400,买盘
10:02:20,32.82,0.0,67,219894,卖盘
10:02:23,32.82,0.0,123,403601,卖盘
10:02:25,32.81,-0.01,567,1861880,卖盘
10:02:29,32.85,0.04,301,988679,买盘
10:02:32,32.84,-0.01,3,9854,中性盘
10:02:35,32.84,0.0,45,147778,买盘
10:02:39,32.85,0.01,131,429513,买盘
10:02:42,32.85,0.0,17,55847,卖盘
10:02:44,32.86,0.01,27,88721,买盘
10:02:47,32.86,0.0,11,36140,买盘
10:02:50,32.86,0.0,39,128150,买盘
10:02:53,32.86,0.0,146,479689,买盘
10:02:57,32.86,0.0,64,210251,买盘
10:02:58,32.86,0.0,86,282586,买盘
10:03:02,32.86,0.0,67,220160,买盘
10:03:05,32.86,0.0,24,78864,卖盘
10:03:08,32.86,0.0,31,101867,卖盘
10:03:11,32.86,0.0,252,828091,卖盘
10:03:14,32.88,0.02,937,3080612,买盘
10:03:17,32.86,-0.02,121,397817,卖盘
10:03:21,32.86,0.0,65,213610,卖盘
10:03:24,32.87,0.01,86,282679,买盘
10:03:26,32.86,-0.01,194,637635,卖盘
10:03:30,32.86,0.0,149,489676,卖盘
10:03:32,32.87,0.01,121,397691,买盘
10:03:34,32.87,0.0,46,151180,买盘
10:03:37,32.87,0.0,330,1085174,卖盘
10:03:41,32.86,-0.01,78,256361,卖盘
10:03:43,32.88,0.02,15,49304,买盘
10:03:47,32.87,-0.01,12,39454,卖盘
10:03:50,32.87,0.0,26,85485,卖盘
10:03:52,32.88,0.01,22,72330,买盘
10:03:56,32.87,-0.01,92,302431,卖盘
10:03:58,32.88,0.01,217,713388,买盘
10:04:02,32.88,0.0,139,456960,买盘
10:04:05,32.87,-0.01,186,611563,卖盘
10:04:08,32.88,0.01,15,49320,买盘
10:04:12,32.87,-0.01,77,253094,卖盘
10:04:15,32.87,0.0,211,693562,卖盘
10:04:16,32.85,-0.02,111,364760,卖盘
10:04:21,32.86,0.01,1,3286,买盘
10:04:23,32.86,0.0,23,75581,买盘
10:04:25,32.83,-0.03,365,1198620,卖盘
10:04:30,32.81,-0.02,327,1072863,卖盘
10:04:32,32.81,0.0,54,177259,买盘
10:04:35,32.81,0.0,17,55777,买盘
10:04:39,32.78,-0.03,210,688698,卖盘
10:04:41,32.81,0.03,25,82012,买盘
10:04:45,32.79,-0.02,203,665645,卖盘
10:04:48,32.8,0.01,203,665557,买盘
10:04:50,32.8,0.0,22,72159,买盘
10:04:53,32.8,0.0,14,45920,卖盘
10:04:56,32.8,0.0,5,16400,买盘
10:04:59,32.8,0.0,106,347425,买盘
10:05:03,32.8,0.0,153,501684,买盘
10:05:05,32.8,0.0,99,324720,卖盘
10:05:07,32.77,-0.03,13,42625,中性盘
10:05:11,32.76,-0.01,72,235924,卖盘
10:05:15,32.77,0.01,20,65574,中性盘
10:05:17,32.76,-0.01,29,95085,卖盘
10:05:21,32.77,0.01,7,22938,买盘
10:05:22,32.77,0.0,18,58975,买盘
10:05:25,32.77,0.0,25,81945,买盘
10:05:30,32.77,0.0,40,131080,卖盘
10:05:32,32.78,0.01,17,55715,买盘
10:05:36,32.77,-0.01,118,386657,卖盘
10:05:37,32.77,0.0,11,36047,买盘
10:05:42,32.76,-0.01,17,55707,卖盘
10:05:45,32.77,0.01,20,65540,买盘
10:05:46,32.76,-0.01,32,104832,卖盘
10:05:50,32.76,0.0,64,209635,买盘
10:05:52,32.75,-0.01,36,117903,卖盘
10:05:56,32.76,0.01,80,262071,买盘
10:05:58,32.75,-0.01,6,19650,买盘
10:06:01,32.75,0.0,18,58955,买盘
10:06:05,32.75,0.0,47,153941,卖盘
10:06:09,32.75,0.0,280,916904,卖盘
10:06:11,32.75,0.0,15,49125,买盘
10:06:15,32.75,0.0,8,26200,买盘
10:06:17,32.76,0.01,173,566663,买盘
10:06:20,32.77,0.01,3,9830,买盘
10:06:23,32.77,0.0,73,239152,买盘
10:06:27,32.78,0.01,112,367085,买盘
10:06:28,32.78,0.0,7,22944,买盘
10:06:32,32.78,0.0,4,13110,买盘
10:06:35,32.77,-0.01,9,29494,卖盘
10:06:38,32.78,0.01,48,157334,买盘
10:06:40,32.78,0.0,13,42612,买盘
10:06:44,32.77,-0.01,34,111426,卖盘
10:06:48,32.78,0.01,392,1284019,买盘
10:06:50,32.78,0.0,92,301512,买盘
10:06:54,32.78,0.0,65,213015,买盘
10:06:57,32.77,-0.01,71,232733,卖盘
10:06:59,32.78,0.01,30,98318,买盘
10:07:01,32.78,0.0,121,396637,买盘
10:07:05,32.78,0.0,31,101618,卖盘
10:07:09,32.79,0.01,104,340865,买盘
10:07:11,32.79,0.0,19,62300,买盘
10:07:14,32.79,0.0,24,78673,买盘
10:07:16,32.79,0.0,8,26231,买盘
10:07:21,32.79,0.0,21,68849,买盘
10:07:24,32.8,0.01,167,547753,买盘
10:07:27,32.79,-0.01,11,36073,卖盘
10:07:30,32.8,0.01,94,308318,买盘
10:07:33,32.81,0.01,91,298461,买盘
10:07:36,32.77,-0.04,310,1016427,卖盘
10:07:38,32.81,0.04,25,81933,买盘
10:07:42,32.8,-0.01,35,114818,卖盘
10:07:44,32.79,-0.01,26,85269,卖盘
10:07:48,32.8,0.01,24,78721,中性盘
10:07:51,32.8,0.0,28,91843,卖盘
10:07:54,32.8,0.0,20,65599,买盘
10:07:55,32.8,0.0,40,131171,中性盘
10:08:00,32.79,-0.01,103,337790,卖盘
10:08:03,32.8,0.01,40,131200,买盘
10:08:06,32.8,0.0,16,52480,买盘
10:08:07,32.8,0.0,15,49198,买盘
10:08:12,32.8,0.0,20,65600,买盘
10:08:15,32.78,-0.02,450,1475522,卖盘
10:08:18,32.77,-0.01,223,731168,卖盘
10:08:21,32.79,0.02,13,42625,买盘
10:08:23,32.79,0.0,14,45899,买盘
10:08:25,32.77,-0.02,8,26224,卖盘
10:08:29,32.77,0.0,9,29503,卖盘
10:08:33,32.79,0.02,49,160669,买盘
10:08:36,32.79,0.0,74,242539,买盘
10:08:39,32.79,0.0,4,13116,买盘
10:08:42,32.78,-0.01,21,68856,卖盘
10:08:45,32.79,0.01,17,55729,买盘
10:08:48,32.78,-0.01,36,118011,卖盘
10:08:51,32.79,0.01,49,160664,买盘
10:08:53,32.79,0.0,24,78696,卖盘
10:08:57,32.79,0.0,30,98386,卖盘
10:08:58,32.79,0.0,20,65584,卖盘
10:09:03,32.8,0.01,40,131196,买盘
10:09:05,32.8,0.0,9,29516,买盘
10:09:09,32.8,0.0,40,131161,买盘
10:09:12,32.8,0.0,44,144314,买盘
10:09:13,32.8,0.0,14,45913,买盘
10:09:18,32.79,-0.01,34,111496,卖盘
10:09:20,32.79,0.0,362,1186996,卖盘
10:09:24,32.8,0.01,3,9838,买盘
10:09:27,32.8,0.0,12,39351,买盘
10:09:30,32.8,0.0,69,226268,买盘
10:09:33,32.8,0.0,68,223009,买盘
10:09:36,32.8,0.0,60,196796,买盘
10:09:39,32.8,0.0,16,52471,买盘
10:09:40,32.79,-0.01,64,209880,卖盘
10:09:45,32.8,0.01,54,177120,买盘
10:09:46,32.8,0.0,50,163958,买盘
10:09:51,32.79,-0.01,17,55753,卖盘
10:09:54,32.79,0.0,10,32790,卖盘
10:09:57,32.79,0.0,1,3279,卖盘
10:10:00,32.79,0.0,13,42630,卖盘
10:10:01,32.8,0.01,182,596950,买盘
10:10:05,32.8,0.0,20,65590,买盘
10:10:09,32.79,-0.01,7,22958,卖盘
10:10:12,32.81,0.02,256,839681,买盘
10:10:15,32.8,-0.01,8,26240,卖盘
10:10:16,32.8,0.0,48,157471,卖盘
10:10:21,32.8,0.0,82,268960,卖盘
10:10:24,32.81,0.01,121,396999,买盘
10:10:27,32.8,-0.01,196,642926,卖盘
10:10:29,32.81,0.01,29,95149,中性盘
10:10:33,32.81,0.0,12,39372,卖盘
10:10:36,32.81,0.0,60,196903,卖盘
10:10:39,32.81,0.0,25,82026,卖盘
10:10:42,32.82,0.01,58,190345,买盘
10:10:45,32.82,0.0,3,9846,卖盘
10:10:54,32.82,0.0,13,42669,卖盘
10:10:56,32.83,0.01,22,72215,买盘
10:11:00,32.83,0.0,203,666286,买盘
10:11:03,32.82,-0.01,473,1552518,卖盘
10:11:06,32.83,0.01,34,111590,买盘
10:11:09,32.84,0.01,4,13133,买盘
10:11:12,32.84,0.0,32,105085,买盘
10:11:15,32.84,0.0,3,9852,买盘
10:11:18,32.84,0.0,45,147754,买盘
10:11:21,32.83,-0.01,61,200291,卖盘
10:11:23,32.84,0.01,35,114908,买盘
10:11:27,32.83,-0.01,116,380834,卖盘
10:11:30,32.84,0.01,53,174038,买盘
10:11:33,32.83,-0.01,45,147735,卖盘
10:11:36,32.83,0.0,109,357915,卖盘
10:11:37,32.84,0.01,6,19701,买盘
10:11:42,32.83,-0.01,41,134617,卖盘
10:11:43,32.84,0.01,45,147737,买盘
10:11:46,32.84,0.0,90,295511,买盘
10:11:51,32.83,-0.01,221,725665,卖盘
10:11:54,32.83,0.0,21,68943,卖盘
10:11:58,32.84,0.01,19,62386,买盘
10:12:03,32.83,-0.01,144,472895,卖盘
10:12:06,32.84,0.01,65,213454,买盘
10:12:07,32.84,0.0,19,62396,买盘
10:12:12,32.83,-0.01,27,88658,卖盘
10:12:15,32.83,0.0,22,72238,卖盘
10:12:18,32.84,0.01,6,19704,买盘
10:12:21,32.84,0.0,32,105088,买盘
10:12:23,32.83,-0.01,3,9849,卖盘
10:12:25,32.84,0.01,77,252800,买盘
10:12:28,32.83,-0.01,50,164150,卖盘
10:12:32,32.83,0.0,70,229835,卖盘
10:12:36,32.84,0.01,50,164191,买盘
10:12:38,32.83,-0.01,65,213395,卖盘
10:12:42,32.83,0.0,80,262706,卖盘
10:12:45,32.83,0.0,180,590940,买盘
10:12:48,32.84,0.01,5,16417,买盘
10:12:51,32.84,0.0,95,311980,买盘
10:12:52,32.83,-0.01,12,39402,卖盘
10:12:57,32.84,0.01,19,62392,买盘
10:13:00,32.84,0.0,30,98516,买盘
10:13:03,32.84,0.0,180,591118,买盘
10:13:06,32.84,0.0,51,167486,买盘
10:13:09,32.85,0.01,56,183917,买盘
10:13:12,32.85,0.0,32,105090,买盘
10:13:15,32.84,-0.01,15,49260,卖盘
10:13:18,32.85,0.01,98,323330,买盘
10:13:20,32.85,0.0,30,98533,买盘
10:13:24,32.85,0.0,43,141242,买盘
10:13:25,32.85,0.0,25,82125,买盘
10:13:30,32.85,0.0,44,144539,买盘
10:13:33,32.85,0.0,6,19710,买盘
10:13:35,32.84,-0.01,89,292328,卖盘
10:13:39,32.84,0.0,132,433569,卖盘
10:13:41,32.85,0.01,36,118258,买盘
10:13:45,32.84,-0.01,4,13139,卖盘
10:13:48,32.84,0.0,28,91960,卖盘
10:13:51,32.84,0.0,8,26273,卖盘
10:13:54,32.85,0.01,229,752038,买盘
10:13:56,32.84,-0.01,14,45976,卖盘
10:14:00,32.85,0.01,5,16425,买盘
10:14:03,32.84,-0.01,146,479601,卖盘
10:14:06,32.85,0.01,82,269345,买盘
10:14:12,32.85,0.0,116,380962,买盘
10:14:15,32.85,0.0,90,295561,买盘
10:14:18,32.85,0.0,207,679994,买盘
10:14:21,32.84,-0.01,25,82105,卖盘
10:14:24,32.85,0.01,70,229933,买盘
10:14:27,32.85,0.0,12,39415,买盘
10:14:29,32.85,0.0,76,249643,买盘
10:14:33,32.85,0.0,46,151071,买盘
10:14:36,32.85,0.0,30,98550,买盘
10:14:37,32.85,0.0,25,82129,卖盘
10:14:42,32.86,0.01,36,118262,买盘
10:14:45,32.85,-0.01,1,3285,卖盘
10:14:48,32.85,0.0,19,62423,卖盘
10:14:51,32.86,0.01,25,82147,买盘
10:14:54,32.85,-0.01,128,420565,卖盘
10:14:57,32.86,0.01,41,134724,买盘
10:14:58,32.86,0.0,29,95291,买盘
10:15:03,32.85,-0.01,262,860806,卖盘
10:15:06,32.85,0.0,96,315360,买盘
10:15:09,32.86,0.01,344,1130046,买盘
10:15:11,32.85,-0.01,51,167537,卖盘
10:15:15,32.85,0.0,9,29565,卖盘
10:15:18,32.86,0.01,54,177422,买盘
10:15:21,32.85,-0.01,10,32850,卖盘
10:15:22,32.85,0.0,13,42705,卖盘
10:15:27,32.85,0.0,29,95272,卖盘
10:15:30,32.84,-0.01,29,95264,卖盘
10:15:33,32.86,0.02,210,689853,买盘
10:15:35,32.86,0.0,112,367961,买盘
10:15:39,32.86,0.0,24,78841,买盘
10:15:41,32.86,0.0,65,213585,买盘
10:15:45,32.86,0.0,123,404075,买盘
10:15:46,32.85,-0.01,41,134721,卖盘
10:15:51,32.86,0.01,15,49290,买盘
10:15:54,32.86,0.0,14,46002,买盘
10:15:57,32.86,0.0,32,105150,买盘
10:16:00,32.85,-0.01,19,62418,卖盘
10:16:03,32.86,0.01,136,446894,买盘
10:16:06,32.86,0.0,84,276019,买盘
10:16:09,32.85,-0.01,31,101849,卖盘
10:16:12,32.86,0.01,12,39432,买盘
10:16:15,32.86,0.0,90,295740,买盘
10:16:16,32.86,0.0,300,985551,卖盘
10:16:21,32.86,0.0,93,305628,卖盘
10:16:22,32.86,0.0,107,351524,买盘
10:16:25,32.86,0.0,49,160986,买盘
10:16:30,32.85,-0.01,95,312084,卖盘
10:16:33,32.85,0.0,148,486185,卖盘
10:16:36,32.84,-0.01,48,157673,卖盘
10:16:39,32.85,0.01,39,128115,买盘
10:16:42,32.84,-0.01,20,65694,卖盘
10:16:45,32.84,0.0,18,59115,卖盘
10:16:46,32.84,0.0,75,246330,卖盘
10:16:51,32.85,0.01,33,108384,买盘
10:16:54,32.85,0.0,50,164221,买盘
10:16:57,32.84,-0.01,67,220043,卖盘
10:17:00,32.84,0.0,8,26270,买盘
10:17:01,32.84,0.0,84,275856,买盘
10:17:06,32.84,0.0,156,512244,卖盘
10:17:07,32.83,-0.01,31,101805,卖盘
10:17:10,32.84,0.01,5,16420,买盘
10:17:15,32.84,0.0,77,251346,卖盘
10:17:18,32.85,0.01,42,137951,买盘
10:17:21,32.84,-0.01,11,36117,中性盘
10:17:24,32.84,0.0,6,19699,买盘
10:17:25,32.83,-0.01,5,16415,卖盘
10:17:30,32.83,0.0,10,32830,买盘
10:17:33,32.83,0.0,25,82072,买盘
10:17:36,32.82,-0.01,114,374168,卖盘
10:17:39,32.83,0.01,27,88635,买盘
10:17:42,32.83,0.0,6,19698,卖盘
10:17:45,32.83,0.0,1,3283,卖盘
10:17:48,32.84,0.01,56,183895,买盘
10:17:51,32.83,-0.01,41,134605,卖盘
10:17:54,32.83,0.0,7,22982,卖盘
10:17:57,32.83,0.0,6,19698,卖盘
10:17:58,32.83,0.0,4,13132,卖盘
10:18:03,32.84,0.01,144,472890,买盘
10:18:05,32.83,-0.01,20,65673,中性盘
10:18:09,32.83,0.0,114,374257,买盘
10:18:10,32.83,0.0,15,49258,卖盘
10:18:15,32.83,0.0,27,88645,卖盘
10:18:18,32.83,0.0,95,311944,卖盘
10:18:21,32.84,0.01,203,666452,买盘
10:18:27,32.84,0.0,61,200276,买盘
10:18:30,32.83,-0.01,89,292259,卖盘
10:18:33,32.84,0.01,25,82099,买盘
10:18:36,32.84,0.0,14,45976,买盘
10:18:39,32.83,-0.01,59,193735,卖盘
10:18:42,32.83,0.0,20,65679,卖盘
10:18:45,32.84,0.01,6,19703,买盘
10:18:46,32.83,-0.01,35,114935,卖盘
10:18:51,32.83,0.0,36,118190,卖盘
10:18:54,32.84,0.01,60,196990,买盘
10:18:57,32.84,0.0,14,45969,买盘
10:18:58,32.83,-0.01,2,6566,卖盘
10:19:01,32.84,0.01,289,948956,买盘
10:19:06,32.84,0.0,57,187137,买盘
10:19:09,32.84,0.0,36,118224,买盘
10:19:12,32.84,0.0,37,121490,买盘
10:19:14,32.83,-0.01,58,190419,卖盘
10:19:18,32.83,0.0,90,295503,卖盘
10:19:21,32.83,0.0,33,108339,卖盘
10:19:24,32.83,0.0,540,1773310,卖盘
10:19:27,32.83,0.0,111,364419,卖盘
10:19:30,32.83,0.0,9,29550,卖盘
10:19:32,32.83,0.0,16,52528,买盘
10:19:35,32.83,0.0,49,160833,买盘
10:19:39,32.83,0.0,43,141167,买盘
10:19:42,32.82,-0.01,35,114883,卖盘
10:19:45,32.81,-0.01,73,239598,卖盘
10:19:48,32.84,0.03,180,590969,买盘
10:19:51,32.82,-0.02,14,45958,卖盘
10:19:54,32.82,0.0,13,42666,买盘
10:19:57,32.81,-0.01,43,141103,卖盘
10:19:58,32.82,0.01,32,105014,买盘
10:20:03,32.84,0.02,353,1158453,买盘
10:20:06,32.83,-0.01,25,82087,中性盘
10:20:09,32.82,-0.01,140,459642,卖盘
10:20:12,32.84,0.02,49,160891,买盘
10:20:15,32.82,-0.02,16,52520,卖盘
10:20:18,32.83,0.01,37,121492,买盘
10:20:20,32.84,0.01,12,39403,买盘
10:20:24,32.83,-0.01,1,3283,卖盘
10:20:27,32.83,0.0,3,9849,卖盘
10:20:30,32.83,0.0,30,98514,卖盘
10:20:33,32.83,0.0,65,213395,卖盘
10:20:36,32.82,-0.01,30,98487,卖盘
10:20:39,32.83,0.01,45,147733,买盘
10:20:42,32.83,0.0,116,380819,买盘
10:20:43,32.83,0.0,168,551534,买盘
10:20:48,32.83,0.0,294,965202,买盘
10:20:51,32.84,0.01,27,88629,买盘
10:20:54,32.82,-0.02,18,59080,卖盘
10:20:57,32.84,0.02,14,45958,买盘
10:21:00,32.82,-0.02,7,22974,卖盘
10:21:02,32.84,0.02,145,476174,买盘
10:21:06,32.84,0.0,30,98510,买盘
10:21:07,32.82,-0.02,121,397239,卖盘
10:21:12,32.82,0.0,56,183792,买盘
10:21:13,32.83,0.01,150,492245,买盘
10:21:21,32.82,-0.01,6,19696,卖盘
10:21:24,32.83,0.01,69,226525,买盘
10:21:27,32.83,0.0,76,249454,买盘
10:21:30,32.82,-0.01,1,3282,卖盘
10:21:32,32.82,0.0,7,22978,卖盘
10:21:35,32.83,0.01,37,121457,买盘
10:21:39,32.82,-0.01,46,151010,卖盘
10:21:42,32.82,0.0,37,121452,卖盘
10:21:44,32.82,0.0,1,3282,买盘
10:21:48,32.8,-0.02,78,255883,卖盘
10:21:51,32.81,0.01,1,3281,卖盘
10:21:57,32.81,0.0,6,19687,卖盘
10:22:00,32.82,0.01,93,305066,买盘
10:22:03,32.82,0.0,20,65639,买盘
10:22:06,32.82,0.0,17,55793,买盘
10:22:09,32.82,0.0,46,150966,买盘
10:22:12,32.81,-0.01,170,557861,卖盘
10:22:15,32.82,0.01,144,472590,买盘
10:22:18,32.81,-0.01,36,118137,卖盘
10:22:21,32.81,0.0,20,65620,卖盘
10:22:23,32.82,0.01,4,13128,买盘
10:22:27,32.81,-0.01,44,144364,卖盘
10:22:30,32.81,0.0,38,124678,买盘
10:22:33,32.81,0.0,4,13122,买盘
10:22:36,32.8,-0.01,63,206654,卖盘
10:22:39,32.8,0.0,50,164037,卖盘
10:22:41,32.81,0.01,32,104988,买盘
10:22:48,32.81,0.0,10,32810,买盘
10:22:51,32.8,-0.01,25,82000,卖盘
10:22:53,32.8,0.0,24,78725,卖盘
10:22:57,32.8,0.0,104,341126,卖盘
10:23:00,32.81,0.01,27,88576,买盘
10:23:03,32.8,-0.01,188,616777,卖盘
10:23:05,32.81,0.01,107,350999,买盘
10:23:08,32.8,-0.01,140,459238,卖盘
10:23:12,32.82,0.02,67,219806,买盘
10:23:15,32.81,-0.01,52,170615,卖盘
10:23:18,32.82,0.01,6,19690,买盘
10:23:21,32.81,-0.01,19,62339,卖盘
10:23:24,32.81,0.0,1,3281,买盘
10:23:27,32.8,-0.01,10,32800,卖盘
10:23:33,32.81,0.01,28,91868,买盘
10:23:36,32.8,-0.01,148,485469,卖盘
10:23:38,32.8,0.0,77,252560,买盘
10:23:42,32.8,0.0,23,75420,买盘
10:23:45,32.8,0.0,1,3280,买盘
10:23:48,32.79,-0.01,40,131160,卖盘
10:23:51,32.78,-0.01,11,36067,卖盘
10:23:53,32.78,0.0,1,3278,卖盘
10:23:57,32.78,0.0,2,6556,卖盘
10:23:58,32.76,-0.02,200,655509,卖盘
10:24:03,32.79,0.03,7,22949,买盘
10:24:06,32.78,-0.01,14,45905,卖盘
10:24:09,32.79,0.01,7,22951,买盘
10:24:12,32.79,0.0,42,137718,买盘
10:24:15,32.78,-0.01,155,508098,卖盘
10:24:18,32.78,0.0,2,6556,买盘
10:24:20,32.78,0.0,30,98338,买盘
10:24:24,32.78,0.0,85,278507,买盘
10:24:29,32.78,0.0,29,95054,买盘
10:24:33,32.78,0.0,2,6556,卖盘
10:24:39,32.79,0.01,51,167215,买盘
10:24:42,32.78,-0.01,66,216348,卖盘
10:24:45,32.77,-0.01,8,26216,卖盘
10:24:48,32.78,0.01,8,26218,买盘
10:24:51,32.78,0.0,11,36048,买盘
10:24:54,32.78,0.0,13,42604,买盘
10:24:57,32.78,0.0,13,42602,买盘
10:24:58,32.78,0.0,9,29501,买盘
10:25:02,32.78,0.0,120,393343,买盘
10:25:06,32.79,0.01,32,104910,买盘
10:25:09,32.79,0.0,7,22952,买盘
10:25:12,32.79,0.0,50,163929,买盘
10:25:15,32.79,0.0,31,101627,买盘
10:25:17,32.78,-0.01,22,72116,卖盘
10:25:21,32.79,0.01,35,114736,买盘
10:25:24,32.79,0.0,35,114772,买盘
10:25:27,32.79,0.0,21,68859,卖盘
10:25:30,32.8,0.01,179,587090,买盘
10:25:33,32.8,0.0,249,816719,买盘
10:25:36,32.79,-0.01,57,188268,卖盘
10:25:39,32.79,0.0,11,36070,卖盘
10:25:42,32.8,0.01,50,164000,买盘
10:25:45,32.82,0.02,21,68908,买盘
10:25:47,32.8,-0.02,40,131223,卖盘
10:25:51,32.8,0.0,19,62320,卖盘
10:25:53,32.8,0.0,32,105030,卖盘
10:25:56,32.81,0.01,4,13124,买盘
10:26:00,32.81,0.0,57,186994,买盘
10:26:02,32.81,0.0,29,95149,买盘
10:26:09,32.81,0.0,17,55777,卖盘
10:26:12,32.81,0.0,23,75470,卖盘
10:26:14,32.82,0.01,169,554608,买盘
10:26:18,32.81,-0.01,35,114858,卖盘
10:26:20,32.82,0.01,14,45938,买盘
10:26:23,32.81,-0.01,32,105022,卖盘
10:26:26,32.81,0.0,17,55777,卖盘
10:26:30,32.81,0.0,83,272351,卖盘
10:26:33,32.81,0.0,296,971081,卖盘
10:26:35,32.81,0.0,60,196860,买盘
10:26:39,32.81,0.0,5,16405,买盘
10:26:41,32.81,0.0,35,114830,买盘
10:26:44,32.81,0.0,23,75442,买盘
10:26:47,32.8,-0.01,11,36090,卖盘
10:26:51,32.78,-0.02,211,691995,卖盘
10:26:53,32.8,0.02,40,131225,中性盘
10:26:57,32.8,0.0,1,3280,买盘
10:27:00,32.8,0.0,101,331279,买盘
10:27:02,32.79,-0.01,134,439517,卖盘
10:27:05,32.79,0.0,47,154154,卖盘
10:27:09,32.76,-0.03,85,278634,卖盘
10:27:11,32.79,0.03,2,6558,中性盘
10:27:15,32.78,-0.01,5,16398,卖盘
10:27:17,32.76,-0.02,117,383370,卖盘
10:27:21,32.75,-0.01,9,29490,卖盘
10:27:24,32.78,0.03,30,98340,买盘
10:27:27,32.78,0.0,9,29494,买盘
10:27:30,32.78,0.0,13,42607,买盘
10:27:32,32.78,0.0,4,13112,买盘
10:27:36,32.77,-0.01,32,104887,卖盘
10:27:38,32.77,0.0,24,78637,卖盘
10:27:41,32.77,0.0,8,26211,买盘
10:27:44,32.78,0.01,7,22945,买盘
10:27:47,32.76,-0.02,307,1005567,卖盘
10:27:51,32.77,0.01,4,13105,买盘
10:27:53,32.77,0.0,38,124503,买盘
10:28:00,32.76,-0.01,317,1038830,中性盘
10:28:03,32.78,0.02,103,337615,买盘
10:28:05,32.75,-0.03,355,1162841,卖盘
10:28:08,32.76,0.01,11,36030,中性盘
10:28:11,32.77,0.01,21,68799,买盘
10:28:14,32.77,0.0,3,9830,买盘
10:28:17,32.76,-0.01,65,212940,卖盘
10:28:21,32.76,0.0,5,16380,卖盘
10:28:22,32.75,-0.01,33,108107,卖盘
10:28:27,32.76,0.01,5,16380,买盘
10:28:30,32.76,0.0,5,16380,买盘
10:28:32,32.75,-0.01,136,444059,卖盘
10:28:36,32.75,0.0,17,55675,买盘
10:28:39,32.74,-0.01,7,22923,卖盘
10:28:42,32.74,0.0,2,6549,卖盘
10:28:44,32.74,0.0,10,32740,卖盘
10:28:47,32.74,0.0,13,42562,卖盘
10:28:50,32.74,0.0,8,26192,卖盘
10:28:52,32.74,0.0,89,291421,卖盘
10:28:56,32.74,0.0,29,94946,卖盘
10:29:00,32.74,0.0,42,137508,卖盘
10:29:02,32.74,0.0,119,389606,买盘
10:29:05,32.74,0.0,26,85137,卖盘
10:29:09,32.74,0.0,6,19644,卖盘
10:29:12,32.74,0.0,19,62210,卖盘
10:29:14,32.74,0.0,1,3274,买盘
10:29:16,32.74,0.0,9,29465,买盘
10:29:19,32.73,-0.01,11,36004,卖盘
10:29:23,32.73,0.0,12,39276,卖盘
10:29:26,32.73,0.0,2,6546,卖盘
10:29:29,32.73,0.0,17,55650,卖盘
10:29:32,32.74,0.01,63,206254,买盘
10:29:35,32.74,0.0,7,22918,卖盘
10:29:39,32.74,0.0,25,81851,卖盘
10:29:41,32.74,0.0,22,72041,卖盘
10:29:44,32.74,0.0,10,32740,卖盘
10:29:46,32.75,0.01,49,160445,买盘
10:29:51,32.75,0.0,3,9823,买盘
10:29:53,32.74,-0.01,110,360142,卖盘
10:29:57,32.74,0.0,19,62213,卖盘
10:29:59,32.75,0.01,127,417293,买盘
10:30:02,32.76,0.01,122,399671,买盘
10:30:05,32.77,0.01,5,16381,买盘
10:30:09,32.77,0.0,5,16385,卖盘
10:30:11,32.77,0.0,4,13108,卖盘
10:30:14,32.77,0.0,18,58988,卖盘
10:30:18,32.76,-0.01,322,1054572,卖盘
10:30:21,32.76,0.0,4,13104,买盘
10:30:23,32.76,0.0,56,183454,买盘
10:30:27,32.75,-0.01,11,36025,卖盘
10:30:30,32.76,0.01,1,3276,买盘
10:30:32,32.76,0.0,7,22926,买盘
10:30:35,32.76,0.0,38,124465,买盘
10:30:38,32.76,0.0,141,461903,买盘
10:30:41,32.75,-0.01,54,176900,卖盘
10:30:45,32.76,0.01,15,49130,买盘
10:30:47,32.75,-0.01,5,16378,卖盘
10:30:50,32.75,0.0,284,928758,卖盘
10:30:53,32.75,0.0,74,242306,买盘
10:30:57,32.75,0.0,20,65498,买盘
10:30:59,32.75,0.0,1,3275,买盘
10:31:03,32.76,0.01,48,158550,买盘
10:31:05,32.76,0.0,8,26201,买盘
10:31:09,32.75,-0.01,2,6550,卖盘
10:31:12,32.76,0.01,90,294768,买盘
10:31:14,32.76,0.0,25,81900,买盘
10:31:18,32.75,-0.01,30,98250,卖盘
10:31:21,32.76,0.01,3,9828,买盘
10:31:22,32.75,-0.01,39,127755,卖盘
10:31:26,32.75,0.0,37,119833,卖盘
10:31:30,32.75,0.0,12,39289,买盘
10:31:32,32.76,0.01,6,19654,买盘
10:31:35,32.76,0.0,13,42578,买盘
10:31:39,32.75,-0.01,20,65500,卖盘
10:31:41,32.75,0.0,125,409237,卖盘
10:31:44,32.75,0.0,30,98250,买盘
10:31:46,32.75,0.0,1,3275,买盘
10:31:50,32.72,-0.03,229,749406,卖盘
10:31:53,32.75,0.03,31,101523,买盘
10:31:57,32.72,-0.03,135,441776,卖盘
10:31:59,32.74,0.02,15,49095,中性盘
10:32:02,32.73,-0.01,141,461760,中性盘
10:32:05,32.75,0.02,34,111286,买盘
10:32:09,32.73,-0.02,2,6547,卖盘
10:32:12,32.74,0.01,13,42562,买盘
10:32:14,32.73,-0.01,7,22919,卖盘
10:32:17,32.73,0.0,51,166923,卖盘
10:32:19,32.73,0.0,12,39276,买盘
10:32:22,32.73,0.0,35,114555,买盘
10:32:26,32.73,0.0,4,13090,买盘
10:32:29,32.73,0.0,51,166923,买盘
10:32:32,32.72,-0.01,212,693669,卖盘
10:32:36,32.74,0.02,9,29458,买盘
10:32:39,32.73,-0.01,25,81825,卖盘
10:32:41,32.73,0.0,33,108009,卖盘
10:32:44,32.73,0.0,18,58914,卖盘
10:32:46,32.72,-0.01,191,624952,卖盘
10:32:50,32.72,0.0,458,1498257,卖盘
10:32:53,32.71,-0.01,58,189770,卖盘
10:32:57,32.71,0.0,45,147195,卖盘
10:33:00,32.69,-0.02,375,1226241,卖盘
10:33:02,32.71,0.02,242,791346,买盘
10:33:05,32.7,-0.01,56,183113,买盘
10:33:07,32.71,0.01,26,85022,买盘
10:33:12,32.69,-0.02,18,58855,卖盘
10:33:14,32.7,0.01,98,320377,买盘
10:33:16,32.7,0.0,9,29430,买盘
10:33:20,32.69,-0.01,252,823701,卖盘
10:33:23,32.67,-0.02,81,264723,卖盘
10:33:26,32.67,0.0,93,303834,卖盘
10:33:30,32.68,0.01,133,434719,买盘
10:33:32,32.67,-0.01,90,294014,卖盘
10:33:34,32.66,-0.01,49,160149,卖盘
10:33:38,32.68,0.02,59,192750,买盘
10:33:40,32.66,-0.02,35,114330,卖盘
10:33:44,32.66,0.0,5,16330,卖盘
10:33:47,32.68,0.02,223,728430,买盘
10:33:50,32.66,-0.02,109,355938,中性盘
10:33:53,32.65,-0.01,134,437604,卖盘
10:33:56,32.67,0.02,5,16331,买盘
10:33:59,32.63,-0.04,167,545038,卖盘
10:34:02,32.64,0.01,165,538711,中性盘
10:34:05,32.65,0.01,141,460364,买盘
10:34:08,32.65,0.0,9,29379,买盘
10:34:11,32.65,0.0,196,639747,买盘
10:34:14,32.63,-0.02,104,339373,卖盘
10:34:16,32.64,0.01,59,192566,买盘
10:34:20,32.64,0.0,306,998485,买盘
10:34:22,32.64,0.0,79,257811,买盘
10:34:26,32.63,-0.01,51,166414,卖盘
10:34:30,32.62,-0.01,39,127253,卖盘
10:34:33,32.63,0.01,114,371847,买盘
10:34:35,32.62,-0.01,18,58729,卖盘
10:34:37,32.62,0.0,158,515396,买盘
10:34:41,32.62,0.0,44,143527,卖盘
10:34:44,32.62,0.0,14,45668,卖盘
10:34:47,32.62,0.0,122,397918,卖盘
10:34:49,32.62,0.0,13,42406,卖盘
10:34:52,32.62,0.0,47,153345,卖盘
10:34:57,32.62,0.0,56,182677,卖盘
10:34:59,32.63,0.01,94,307062,买盘
10:35:02,32.63,0.0,462,1507504,买盘
10:35:05,32.65,0.02,22,71827,买盘
10:35:08,32.64,-0.01,12,39172,卖盘
10:35:11,32.65,0.01,70,228544,买盘
10:35:14,32.65,0.0,41,133844,买盘
10:35:17,32.64,-0.01,108,352619,卖盘
10:35:20,32.66,0.02,6,19590,买盘
10:35:22,32.65,-0.01,65,212285,卖盘
10:35:25,32.66,0.01,3,9798,卖盘
10:35:30,32.66,0.0,1,3266,中性盘
10:35:35,32.68,0.02,88,287296,买盘
10:35:37,32.68,0.0,1,3268,卖盘
10:35:41,32.65,-0.03,40,130649,卖盘
10:35:45,32.65,0.0,13,42442,买盘
10:35:47,32.64,-0.01,2,6528,卖盘
10:35:50,32.65,0.01,17,55499,买盘
10:35:53,32.65,0.0,89,290564,买盘
10:35:56,32.65,0.0,24,78360,买盘
10:35:59,32.67,0.02,11,35927,买盘
10:36:01,32.67,0.0,31,101277,卖盘
10:36:05,32.68,0.01,20,65358,买盘
10:36:08,32.67,-0.01,4,13069,卖盘
10:36:11,32.67,0.0,25,81675,卖盘
10:36:14,32.68,0.01,2,6536,买盘
10:36:16,32.68,0.0,16,52276,买盘
10:36:20,32.67,-0.01,56,182955,卖盘
10:36:23,32.68,0.01,74,241819,买盘
10:36:26,32.68,0.0,12,39215,买盘
10:36:29,32.67,-0.01,11,35945,卖盘
10:36:32,32.67,0.0,10,32670,卖盘
10:36:34,32.68,0.01,5,16340,买盘
10:36:38,32.69,0.01,6,19609,买盘
10:36:41,32.68,-0.01,15,49020,卖盘
10:36:44,32.68,0.0,4,13072,卖盘
10:36:47,32.69,0.01,91,297364,买盘
10:36:52,32.69,0.0,44,143822,买盘
10:36:56,32.68,-0.01,4,13072,卖盘
10:36:58,32.68,0.0,4,13074,卖盘
10:37:03,32.69,0.01,137,447847,买盘
10:37:05,32.7,0.01,12,39234,买盘
10:37:07,32.7,0.0,5,16350,买盘
10:37:11,32.69,-0.01,1,3269,卖盘
10:37:14,32.69,0.0,8,26152,卖盘
10:37:17,32.69,0.0,17,55573,卖盘
10:37:20,32.7,0.01,3,9810,买盘
10:37:23,32.69,-0.01,130,424970,卖盘
10:37:26,32.67,-0.02,34,111120,卖盘
10:37:32,32.68,0.01,8,26144,卖盘
10:37:35,32.68,0.0,2,6536,卖盘
10:37:37,32.69,0.01,3,9805,买盘
10:37:41,32.69,0.0,7,22879,买盘
10:37:44,32.69,0.0,27,88238,买盘
10:37:47,32.69,0.0,106,346435,买盘
10:37:50,32.68,-0.01,7,22877,卖盘
10:37:52,32.68,0.0,113,369319,卖盘
10:37:56,32.68,0.0,8,26144,卖盘
10:37:59,32.69,0.01,14,45763,买盘
10:38:02,32.69,0.0,150,490337,买盘
10:38:04,32.69,0.0,100,326823,买盘
10:38:08,32.69,0.0,110,359537,卖盘
10:38:11,32.69,0.0,67,219023,买盘
10:38:13,32.7,0.01,11,35967,买盘
10:38:16,32.69,-0.01,10,32692,卖盘
10:38:20,32.69,0.0,102,333438,卖盘
10:38:23,32.7,0.01,98,320392,买盘
10:38:26,32.69,-0.01,54,176533,卖盘
10:38:29,32.7,0.01,18,58855,买盘
10:38:32,32.7,0.0,6,19620,买盘
10:38:34,32.69,-0.01,26,85016,卖盘
10:38:38,32.7,0.01,9,29430,买盘
10:38:41,32.69,-0.01,20,65380,卖盘
10:38:44,32.7,0.01,14,45776,买盘
10:38:47,32.7,0.0,69,225619,买盘
10:38:50,32.69,-0.01,74,241906,卖盘
10:38:53,32.7,0.01,43,140607,买盘
10:38:56,32.69,-0.01,82,268061,卖盘
10:38:58,32.7,0.01,85,277838,买盘
10:39:02,32.69,-0.01,176,575449,卖盘
10:39:05,32.69,0.0,33,107880,买盘
10:39:08,32.69,0.0,40,130760,买盘
10:39:11,32.69,0.0,20,65375,买盘
10:39:13,32.68,-0.01,19,62098,卖盘
10:39:16,32.69,0.01,8,26149,中性盘
10:39:20,32.69,0.0,122,398914,卖盘
10:39:23,32.69,0.0,59,192880,买盘
10:39:25,32.68,-0.01,316,1032977,卖盘
10:39:29,32.69,0.01,21,68646,买盘
10:39:32,32.68,-0.01,52,169937,卖盘
10:39:35,32.69,0.01,78,254974,买盘
10:39:38,32.69,0.0,43,140529,买盘
10:39:41,32.68,-0.01,70,228801,卖盘
10:39:44,32.68,0.0,13,42496,卖盘
10:39:47,32.68,0.0,13,42485,卖盘
10:39:50,32.68,0.0,66,215688,卖盘
10:39:53,32.68,0.0,27,88236,卖盘
10:39:55,32.68,0.0,135,441180,卖盘
10:39:59,32.67,-0.01,26,84942,卖盘
10:40:01,32.68,0.01,147,480384,买盘
10:40:05,32.67,-0.01,55,179675,卖盘
10:40:08,32.67,0.0,13,42463,买盘
10:40:11,32.66,-0.01,4,13064,卖盘
10:40:14,32.67,0.01,4,13068,买盘
10:40:17,32.66,-0.01,7,22864,卖盘
10:40:20,32.66,0.0,41,133906,卖盘
10:40:23,32.66,0.0,46,150220,卖盘
10:40:26,32.66,0.0,4,13064,买盘
10:40:29,32.66,0.0,21,68584,买盘
10:40:32,32.65,-0.01,61,199165,卖盘
10:40:35,32.66,0.01,36,117553,买盘
10:40:38,32.66,0.0,4,13061,买盘
10:40:41,32.65,-0.01,3,9795,卖盘
10:40:44,32.65,0.0,5,16325,卖盘
10:40:46,32.65,0.0,5,16323,买盘
10:40:50,32.65,0.0,60,195871,买盘
10:40:53,32.65,0.0,28,91419,买盘
10:40:56,32.64,-0.01,100,326400,卖盘
10:40:58,32.64,0.0,10,32640,买盘
10:41:02,32.64,0.0,87,283965,买盘
10:41:05,32.66,0.02,98,319981,买盘
10:41:08,32.66,0.0,25,81629,买盘
10:41:11,32.66,0.0,8,26124,买盘
10:41:14,32.63,-0.03,499,1628527,卖盘
10:41:17,32.66,0.03,24,78381,买盘
10:41:23,32.65,-0.01,42,137117,买盘
10:41:26,32.65,0.0,15,48965,买盘
10:41:28,32.65,0.0,16,52240,买盘
10:41:32,32.65,0.0,3,9795,卖盘
10:41:35,32.65,0.0,18,58770,卖盘
10:41:38,32.66,0.01,10,32652,买盘
10:41:41,32.66,0.0,106,346196,买盘
10:41:44,32.65,-0.01,13,42445,卖盘
10:41:47,32.65,0.0,8,26121,卖盘
10:41:52,32.67,0.02,73,238426,买盘
10:41:56,32.67,0.0,23,75141,买盘
10:41:59,32.67,0.0,13,42469,买盘
10:42:02,32.67,0.0,103,336501,买盘
10:42:05,32.68,0.01,77,251623,买盘
10:42:07,32.68,0.0,17,55548,买盘
10:42:11,32.67,-0.01,73,238513,卖盘
10:42:14,32.67,0.0,298,973583,卖盘
10:42:17,32.66,-0.01,246,803643,卖盘
10:42:20,32.67,0.01,1,3267,卖盘
10:42:23,32.67,0.0,14,45738,卖盘
10:42:26,32.67,0.0,40,130671,买盘
10:42:29,32.67,0.0,10,32670,买盘
10:42:32,32.67,0.0,3,9799,买盘
10:42:35,32.66,-0.01,20,65337,卖盘
10:42:38,32.66,0.0,1,3266,卖盘
10:42:41,32.67,0.01,18,58802,买盘
10:42:44,32.67,0.0,60,195972,买盘
10:42:47,32.66,-0.01,4,13064,卖盘
10:42:53,32.65,-0.01,2,6530,卖盘
10:42:56,32.66,0.01,35,114310,买盘
10:42:58,32.66,0.0,38,124088,买盘
10:43:01,32.66,0.0,23,75128,卖盘
10:43:05,32.67,0.01,14,45727,买盘
10:43:07,32.66,-0.01,1,3266,卖盘
10:43:11,32.67,0.01,91,297307,买盘
10:43:14,32.67,0.0,6,19602,卖盘
10:43:20,32.67,0.0,49,160116,卖盘
10:43:23,32.67,0.0,182,594613,卖盘
10:43:26,32.68,0.01,38,124182,买盘
10:43:29,32.68,0.0,13,42491,买盘
10:43:32,32.68,0.0,4,13072,卖盘
10:43:35,32.7,0.02,567,1853730,买盘
10:43:38,32.71,0.01,949,3103279,买盘
10:43:41,32.71,0.0,137,448063,买盘
10:43:44,32.71,0.0,141,461096,买盘
10:43:47,32.7,-0.01,1,3270,卖盘
10:43:50,32.69,-0.01,1,3269,卖盘
10:43:52,32.69,0.0,6,19619,卖盘
10:43:56,32.7,0.01,48,156958,买盘
10:43:59,32.69,-0.01,16,52304,卖盘
10:44:01,32.69,0.0,148,483952,卖盘
10:44:05,32.7,0.01,34,111148,买盘
10:44:08,32.69,-0.01,18,58852,卖盘
10:44:11,32.69,0.0,2,6538,卖盘
10:44:14,32.7,0.01,2,6540,买盘
10:44:22,32.69,-0.01,17,55573,卖盘
10:44:26,32.7,0.01,31,101370,买盘
10:44:28,32.7,0.0,13,42510,买盘
10:44:32,32.7,0.0,39,127528,买盘
10:44:34,32.7,0.0,22,71938,买盘
10:44:37,32.7,0.0,8,26160,买盘
10:44:41,32.7,0.0,57,186390,买盘
10:44:44,32.71,0.01,100,327046,买盘
10:44:47,32.71,0.0,88,287773,买盘
10:44:50,32.7,-0.01,226,739019,买盘
10:44:53,32.7,0.0,42,137340,买盘
10:44:56,32.71,0.01,31,101397,买盘
10:44:58,32.71,0.0,32,104672,买盘
10:45:02,32.72,0.01,261,853608,买盘
10:45:05,32.71,-0.01,126,412114,卖盘
10:45:08,32.69,-0.02,22,71933,卖盘
10:45:10,32.7,0.01,5,16349,买盘
10:45:13,32.69,-0.01,8,26158,卖盘
10:45:17,32.7,0.01,5,16349,买盘
10:45:19,32.71,0.01,55,179883,买盘
10:45:23,32.71,0.0,25,81775,卖盘
10:45:25,32.72,0.01,584,1909516,买盘
10:45:29,32.7,-0.02,37,120958,卖盘
10:45:31,32.72,0.02,36,117787,买盘
10:45:34,32.72,0.0,17,55620,买盘
10:45:38,32.71,-0.01,3,9814,卖盘
10:45:41,32.72,0.01,1,3272,买盘
10:45:44,32.71,-0.01,29,94859,卖盘
10:45:47,32.71,0.0,4,13081,中性盘
10:45:50,32.7,-0.01,2,6540,卖盘
10:45:53,32.72,0.02,31,101379,买盘
10:45:59,32.71,-0.01,7,22897,买盘
10:46:02,32.71,0.0,179,585424,买盘
10:46:05,32.71,0.0,157,513424,卖盘
10:46:08,32.71,0.0,6,19626,买盘
10:46:11,32.69,-0.02,3,9809,卖盘
10:46:14,32.7,0.01,1,3270,中性盘
10:46:16,32.71,0.01,15,49059,买盘
10:46:22,32.69,-0.02,15,49035,卖盘
10:46:26,32.7,0.01,9,29428,买盘
10:46:28,32.69,-0.01,16,52314,卖盘
10:46:32,32.69,0.0,6,19614,卖盘
10:46:34,32.7,0.01,36,117698,买盘
10:46:37,32.69,-0.01,116,379204,卖盘
10:46:41,32.69,0.0,30,98070,买盘
10:46:44,32.68,-0.01,16,52288,卖盘
10:46:47,32.68,0.0,21,68628,卖盘
10:46:49,32.68,0.0,5,16340,卖盘
10:46:53,32.68,0.0,102,333336,卖盘
10:46:56,32.68,0.0,14,45752,买盘
10:46:59,32.67,-0.01,81,264627,卖盘
10:47:01,32.68,0.01,130,424840,买盘
10:47:05,32.67,-0.01,408,1332937,卖盘
10:47:08,32.67,0.0,34,111078,买盘
10:47:11,32.67,0.0,31,101277,买盘
10:47:14,32.66,-0.01,1,3266,卖盘
10:47:17,32.67,0.01,33,107783,买盘
10:47:20,32.67,0.0,8,26135,买盘
10:47:22,32.66,-0.01,15,48990,卖盘
10:47:29,32.66,0.0,42,137177,卖盘
10:47:32,32.66,0.0,7,22862,卖盘
10:47:34,32.65,-0.01,59,192672,卖盘
10:47:38,32.65,0.0,3,9795,卖盘
10:47:41,32.66,0.01,8,26121,买盘
10:47:44,32.65,-0.01,74,241610,卖盘
10:47:47,32.65,0.0,23,75115,卖盘
10:47:50,32.65,0.0,47,153455,卖盘
10:47:56,32.65,0.0,110,359154,卖盘
10:47:58,32.65,0.0,16,52240,卖盘
10:48:02,32.66,0.01,140,457106,买盘
10:48:05,32.65,-0.01,43,140403,卖盘
10:48:08,32.65,0.0,78,254710,卖盘
10:48:11,32.66,0.01,10,32655,买盘
10:48:14,32.65,-0.01,38,124040,卖盘
10:48:17,32.65,0.0,4,13060,买盘
10:48:19,32.64,-0.01,24,78351,卖盘
10:48:23,32.65,0.01,68,221972,买盘
10:48:26,32.64,-0.01,18,58752,卖盘
10:48:29,32.64,0.0,10,32640,买盘
10:48:32,32.64,0.0,520,1696780,买盘
10:48:35,32.63,-0.01,106,345897,卖盘
10:48:38,32.63,0.0,21,68523,卖盘
10:48:41,32.64,0.01,44,143610,买盘
10:48:44,32.63,-0.01,37,120732,卖盘
10:48:50,32.63,0.0,367,1196793,买盘
10:48:53,32.63,0.0,27,88095,买盘
10:48:56,32.61,-0.02,2,6522,卖盘
10:48:59,32.6,-0.01,43,140211,卖盘
10:49:02,32.62,0.02,131,427286,买盘
10:49:05,32.61,-0.01,62,202181,买盘
10:49:07,32.61,0.0,363,1183398,买盘
10:49:10,32.6,-0.01,40,130400,买盘
10:49:13,32.59,-0.01,94,306346,卖盘
10:49:20,32.58,-0.01,34,110775,卖盘
10:49:23,32.58,0.0,129,420295,卖盘
10:49:25,32.58,0.0,20,65165,卖盘
10:49:29,32.58,0.0,32,104256,卖盘
10:49:32,32.58,0.0,1,3258,买盘
10:49:35,32.58,0.0,13,42354,买盘
10:49:38,32.58,0.0,5,16290,买盘
10:49:40,32.57,-0.01,63,205192,卖盘
10:49:44,32.56,-0.01,91,296316,卖盘
10:49:47,32.56,0.0,10,32564,中性盘
10:49:50,32.56,0.0,7,22792,买盘
10:49:53,32.55,-0.01,5,16275,卖盘
10:49:56,32.55,0.0,84,273440,卖盘
10:49:59,32.55,0.0,90,292963,卖盘
10:50:02,32.56,0.01,67,218138,买盘
10:50:05,32.56,0.0,122,397213,卖盘
10:50:08,32.52,-0.04,317,1031167,卖盘
10:50:11,32.55,0.03,46,149730,买盘
10:50:14,32.54,-0.01,226,734785,中性盘
10:50:17,32.51,-0.03,2,5919,卖盘
10:50:20,32.54,0.03,9,29286,买盘
10:50:23,32.53,-0.01,88,286177,卖盘
10:50:25,32.53,0.0,20,65059,买盘
10:50:29,32.54,0.01,54,175626,买盘
10:50:32,32.53,-0.01,16,52035,中性盘
10:50:34,32.54,0.01,66,214750,买盘
10:50:37,32.55,0.01,120,390541,买盘
10:50:41,32.56,0.01,96,312521,买盘
10:50:43,32.57,0.01,152,494972,买盘
10:50:47,32.57,0.0,207,674159,买盘
10:50:50,32.55,-0.02,230,748880,卖盘
10:50:53,32.58,0.03,191,622278,买盘
10:50:56,32.58,0.0,112,364896,买盘
10:50:59,32.58,0.0,182,592991,买盘
10:51:02,32.61,0.03,71,231281,买盘
10:51:05,32.6,-0.01,35,114087,买盘
10:51:07,32.6,0.0,63,205399,卖盘
10:51:10,32.61,0.01,6,19564,买盘
10:51:14,32.63,0.02,36,117401,买盘
10:51:16,32.58,-0.05,276,899294,卖盘
10:51:20,32.64,0.06,5,16316,买盘
10:51:23,32.62,-0.02,18,58725,卖盘
10:51:26,32.63,0.01,14,45670,中性盘
10:51:29,32.63,0.0,69,225116,买盘
10:51:32,32.63,0.0,44,143553,买盘
10:51:35,32.63,0.0,21,68518,买盘
10:51:38,32.63,0.0,9,29364,买盘
10:51:41,32.62,-0.01,17,55465,卖盘
10:51:44,32.62,0.0,90,293639,卖盘
10:51:47,32.63,0.01,45,146797,买盘
10:51:50,32.63,0.0,9,29367,买盘
10:51:53,32.62,-0.01,37,120695,卖盘
10:51:56,32.63,0.01,5,16315,买盘
10:51:59,32.63,0.0,8,26103,买盘
10:52:02,32.63,0.0,132,430716,买盘
10:52:05,32.63,0.0,62,202291,买盘
10:52:08,32.62,-0.01,32,104398,卖盘
10:52:11,32.63,0.01,21,68523,卖盘
10:52:14,32.64,0.01,4,13053,买盘
10:52:17,32.65,0.01,19,62017,买盘
10:52:20,32.65,0.0,36,117515,买盘
10:52:23,32.65,0.0,39,127322,卖盘
10:52:25,32.65,0.0,18,58775,卖盘
10:52:29,32.66,0.01,3,9798,买盘
10:52:32,32.65,-0.01,11,35923,卖盘
10:52:35,32.66,0.01,14,45724,买盘
10:52:38,32.65,-0.01,2,6530,卖盘
10:52:44,32.65,0.0,49,159986,卖盘
10:52:46,32.66,0.01,30,97979,买盘
10:52:49,32.66,0.0,17,55510,买盘
10:52:52,32.66,0.0,8,26123,买盘
10:52:56,32.65,-0.01,1,3265,卖盘
10:52:58,32.66,0.01,145,473433,买盘
10:53:02,32.65,-0.01,161,525650,中性盘
10:53:05,32.65,0.0,87,284016,买盘
10:53:07,32.63,-0.02,160,522245,卖盘
10:53:11,32.63,0.0,199,649384,卖盘
10:53:14,32.62,-0.01,412,1344571,卖盘
10:53:16,32.63,0.01,52,169676,买盘
10:53:23,32.62,-0.01,26,84815,卖盘
10:53:26,32.62,0.0,13,42406,卖盘
10:53:29,32.63,0.01,6,19578,买盘
10:53:32,32.63,0.0,14,45669,买盘
10:53:35,32.63,0.0,16,52208,买盘
10:53:38,32.62,-0.01,51,166412,卖盘
10:53:41,32.62,0.0,8,26096,卖盘
10:53:43,32.61,-0.01,19,61977,卖盘
10:53:47,32.61,0.0,11,35872,卖盘
10:53:53,32.62,0.01,15,48930,买盘
10:53:56,32.62,0.0,14,45666,买盘
10:53:59,32.62,0.0,32,104376,买盘
10:54:02,32.63,0.01,91,296825,买盘
10:54:05,32.63,0.0,518,1688940,买盘
10:54:08,32.61,-0.02,6,19566,卖盘
10:54:11,32.61,0.0,30,97830,卖盘
10:54:14,32.62,0.01,15,48919,买盘
10:54:17,32.62,0.0,6,19570,买盘
10:54:20,32.61,-0.01,37,120675,卖盘
10:54:25,32.62,0.01,99,322884,买盘
10:54:29,32.61,-0.01,97,316281,中性盘
10:54:32,32.61,0.0,9,29349,买盘
10:54:35,32.61,0.0,15,48915,买盘
10:54:38,32.6,-0.01,18,58680,卖盘
10:54:41,32.6,0.0,1,3260,卖盘
10:54:44,32.61,0.01,14,45641,买盘
10:54:47,32.61,0.0,2,6521,买盘
10:54:50,32.6,-0.01,7,22820,卖盘
10:54:53,32.61,0.01,8,26085,买盘
10:54:59,32.6,-0.01,69,224940,卖盘
10:55:02,32.61,0.01,126,410884,买盘
10:55:05,32.61,0.0,13,42393,卖盘
10:55:08,32.61,0.0,182,593559,卖盘
10:55:10,32.61,0.0,8,26087,买盘
10:55:14,32.61,0.0,72,234724,买盘
10:55:17,32.61,0.0,143,466311,买盘
10:55:20,32.62,0.01,124,404374,买盘
10:55:23,32.6,-0.02,160,521691,卖盘
10:55:26,32.62,0.02,18,58690,买盘
10:55:29,32.6,-0.02,57,185827,卖盘
10:55:32,32.61,0.01,30,97802,买盘
10:55:35,32.6,-0.01,166,541396,卖盘
10:55:38,32.61,0.01,13,42393,卖盘
10:55:41,32.61,0.0,12,39132,卖盘
10:55:44,32.61,0.0,10,32610,卖盘
10:55:47,32.62,0.01,77,251167,买盘
10:55:49,32.62,0.0,97,316427,买盘
10:55:53,32.64,0.02,57,185994,买盘
10:55:56,32.66,0.02,42,137135,买盘
10:55:59,32.67,0.01,25,81656,买盘
10:56:02,32.67,0.0,3,9801,买盘
10:56:04,32.66,-0.01,16,52259,卖盘
10:56:08,32.66,0.0,2,6532,卖盘
10:56:10,32.67,0.01,22,71874,买盘
10:56:14,32.66,-0.01,5,16334,卖盘
10:56:17,32.66,0.0,3,9800,卖盘
10:56:20,32.67,0.01,34,111068,买盘
10:56:23,32.67,0.0,1,3267,买盘
10:56:29,32.67,0.0,107,349467,买盘
10:56:32,32.67,0.0,21,68598,买盘
10:56:35,32.65,-0.02,38,124127,卖盘
10:56:37,32.65,0.0,4,13060,卖盘
10:56:41,32.63,-0.02,77,251341,卖盘
10:56:44,32.66,0.03,4,13064,买盘
10:56:47,32.66,0.0,1,3266,买盘
10:56:50,32.66,0.0,205,669328,买盘
10:56:53,32.65,-0.01,139,453878,卖盘
10:56:55,32.65,0.0,16,52240,买盘
10:56:59,32.61,-0.04,84,274068,卖盘
10:57:02,32.64,0.03,17,55484,买盘
10:57:04,32.64,0.0,144,470016,卖盘
10:57:08,32.63,-0.01,26,84821,卖盘
10:57:11,32.61,-0.02,29,94581,卖盘
10:57:15,32.62,0.01,2,6524,买盘
10:57:17,32.61,-0.01,78,254362,卖盘
10:57:20,32.61,0.0,20,65220,卖盘
10:57:23,32.61,0.0,37,120657,买盘
10:57:25,32.61,0.0,24,78264,卖盘
10:57:29,32.6,-0.01,800,2608258,卖盘
10:57:31,32.61,0.01,18,58705,中性盘
10:57:34,32.62,0.01,32,104366,买盘
10:57:38,32.61,-0.01,50,163070,卖盘
10:57:40,32.62,0.01,30,97885,卖盘
10:57:43,32.62,0.0,9,29362,卖盘
10:57:46,32.6,-0.02,415,1353046,卖盘
10:57:50,32.6,0.0,193,629180,买盘
10:57:56,32.61,0.01,1,3261,卖盘
10:57:58,32.61,0.0,5,16306,卖盘
10:58:02,32.62,0.01,39,127218,买盘
10:58:05,32.63,0.01,13,42418,买盘
10:58:08,32.63,0.0,30,97870,买盘
10:58:11,32.62,-0.01,15,48930,卖盘
10:58:14,32.6,-0.02,405,1320556,卖盘
10:58:17,32.59,-0.01,182,593055,卖盘
10:58:20,32.59,0.0,13,42367,买盘
10:58:23,32.59,0.0,34,110805,买盘
10:58:29,32.58,-0.01,104,338842,卖盘
10:58:32,32.58,0.0,28,91224,卖盘
10:58:35,32.58,0.0,145,472478,卖盘
10:58:38,32.59,0.01,7,22813,买盘
10:58:41,32.58,-0.01,24,78192,卖盘
10:58:44,32.57,-0.01,52,169364,卖盘
10:58:47,32.57,0.0,1,3257,买盘
10:58:50,32.57,0.0,10,32570,买盘
10:58:53,32.57,0.0,57,185643,买盘
10:58:56,32.54,-0.03,374,1217436,卖盘
10:58:58,32.54,0.0,25,81350,买盘
10:59:01,32.54,0.0,158,514108,买盘
10:59:05,32.55,0.01,163,530372,买盘
10:59:07,32.53,-0.02,53,172417,卖盘
10:59:11,32.54,0.01,55,178981,中性盘
10:59:14,32.55,0.01,98,318920,买盘
10:59:16,32.55,0.0,15,48817,买盘
10:59:20,32.54,-0.01,45,146391,卖盘
10:59:23,32.54,0.0,41,133409,买盘
10:59:26,32.53,-0.01,5,16268,卖盘
10:59:30,32.54,0.01,54,175714,买盘
10:59:31,32.54,0.0,150,487955,买盘
10:59:35,32.54,0.0,147,478251,买盘
10:59:38,32.54,0.0,98,318858,买盘
10:59:41,32.53,-0.01,184,598571,卖盘
10:59:43,32.53,0.0,4,13012,买盘
10:59:47,32.52,-0.01,12,39031,卖盘
10:59:49,32.53,0.01,63,204894,买盘
10:59:53,32.52,-0.01,74,240648,卖盘
10:59:56,32.52,0.0,312,1014332,买盘
11:00:00,32.52,0.0,139,452004,买盘
11:00:01,32.52,0.0,150,487791,买盘
11:00:05,32.52,0.0,51,165850,买盘
11:00:08,32.52,0.0,35,113816,买盘
11:00:11,32.52,0.0,76,247145,买盘
11:00:15,32.52,0.0,15,48780,买盘
11:00:17,32.52,0.0,120,390190,买盘
11:00:20,32.52,0.0,33,107292,买盘
11:00:23,32.52,0.0,8,26016,买盘
11:00:26,32.52,0.0,28,91043,买盘
11:00:30,32.52,0.0,153,497412,买盘
11:00:32,32.52,0.0,61,198303,买盘
11:00:35,32.51,-0.01,296,962043,卖盘
11:00:38,32.51,0.0,16,52016,买盘
11:00:40,32.5,-0.01,12,39000,卖盘
11:00:45,32.5,0.0,199,646751,卖盘
11:00:46,32.51,0.01,81,263302,买盘
11:00:50,32.5,-0.01,12,39000,卖盘
11:00:53,32.5,0.0,90,292500,卖盘
11:00:56,32.51,0.01,47,152778,买盘
11:01:00,32.51,0.0,143,464787,买盘
11:01:02,32.52,0.01,360,1170358,买盘
11:01:05,32.52,0.0,120,390121,买盘
11:01:08,32.51,-0.01,47,152797,卖盘
11:01:12,32.51,0.0,17,55281,卖盘
11:01:15,32.52,0.01,126,409740,买盘
11:01:17,32.51,-0.01,340,1105425,卖盘
11:01:20,32.51,0.0,68,221030,买盘
11:01:22,32.52,0.01,116,377216,买盘
11:01:26,32.52,0.0,151,490834,买盘
11:01:30,32.52,0.0,77,250385,中性盘
11:01:32,32.51,-0.01,91,295877,卖盘
11:01:35,32.53,0.02,179,582273,买盘
11:01:38,32.52,-0.01,56,182164,卖盘
11:01:40,32.55,0.03,44,143142,买盘
11:01:45,32.54,-0.01,52,169179,卖盘
11:01:48,32.55,0.01,350,1138648,买盘
11:01:50,32.53,-0.02,40,130134,卖盘
11:01:53,32.55,0.02,156,507548,买盘
11:01:56,32.55,0.0,17,55348,卖盘
11:02:00,32.55,0.0,105,341775,买盘
11:02:01,32.57,0.02,98,319177,买盘
11:02:05,32.58,0.01,98,319246,买盘
11:02:08,32.58,0.0,31,100986,卖盘
11:02:12,32.58,0.0,15,48856,买盘
11:02:17,32.55,-0.03,46,149732,卖盘
11:02:20,32.56,0.01,5,16281,中性盘
11:02:23,32.55,-0.01,15,48836,卖盘
11:02:25,32.56,0.01,53,172521,买盘
11:02:30,32.56,0.0,100,325600,买盘
11:02:32,32.55,-0.01,24,78120,卖盘
11:02:35,32.56,0.01,123,400487,买盘
11:02:37,32.56,0.0,44,143225,买盘
11:02:41,32.55,-0.01,86,279930,卖盘
11:02:45,32.55,0.0,1,3255,买盘
11:02:48,32.55,0.0,167,543500,买盘
11:02:50,32.55,0.0,142,462174,买盘
11:02:53,32.54,-0.01,225,732410,卖盘
11:02:56,32.56,0.02,15,48820,买盘
11:03:00,32.55,-0.01,115,374237,买盘
11:03:01,32.55,0.0,141,458947,买盘
11:03:05,32.55,0.0,36,117193,卖盘
11:03:08,32.55,0.0,40,130200,卖盘
11:03:11,32.55,0.0,13,42312,买盘
11:03:15,32.55,0.0,40,130189,买盘
11:03:17,32.55,0.0,512,1665592,买盘
11:03:20,32.55,0.0,26,84616,买盘
11:03:23,32.54,-0.01,177,575653,卖盘
11:03:26,32.52,-0.02,182,591896,卖盘
11:03:28,32.53,0.01,43,139869,买盘
11:03:32,32.52,-0.01,76,247083,买盘
11:03:36,32.51,-0.01,105,341418,卖盘
11:03:38,32.52,0.01,56,182092,买盘
11:03:42,32.51,-0.01,98,318606,卖盘
11:03:45,32.52,0.01,27,87794,买盘
11:03:48,32.52,0.0,89,289379,买盘
11:03:50,32.51,-0.01,6,19509,卖盘
11:03:53,32.51,0.0,35,113789,卖盘
11:03:56,32.51,0.0,88,286098,卖盘
11:04:00,32.51,0.0,98,318598,买盘
11:04:01,32.51,0.0,252,819180,买盘
11:04:05,32.51,0.0,140,455038,买盘
11:04:08,32.51,0.0,244,793123,买盘
11:04:12,32.51,0.0,114,370566,卖盘
11:04:15,32.51,0.0,106,344546,卖盘
11:04:16,32.51,0.0,188,611143,卖盘
11:04:20,32.51,0.0,7,22757,买盘
11:04:23,32.5,-0.01,110,357502,卖盘
11:04:26,32.5,0.0,36,117005,卖盘
11:04:29,32.51,0.01,100,325028,买盘
11:04:32,32.51,0.0,29,94266,买盘
11:04:35,32.5,-0.01,122,396500,卖盘
11:04:38,32.49,-0.01,67,217699,卖盘
11:04:40,32.48,-0.01,51,165699,卖盘
11:04:45,32.48,0.0,164,532683,卖盘
11:04:46,32.49,0.01,3,9745,买盘
11:04:50,32.48,-0.01,43,139675,卖盘
11:04:53,32.5,0.02,355,1153470,买盘
11:04:56,32.5,0.0,54,175507,卖盘
11:05:00,32.5,0.0,160,520000,卖盘
11:05:02,32.48,-0.02,263,854527,卖盘
11:05:05,32.49,0.01,15,48749,中性盘
11:05:08,32.5,0.01,11,35746,买盘
11:05:11,32.49,-0.01,83,269667,卖盘
11:05:15,32.49,0.0,83,269661,卖盘
11:05:17,32.49,0.0,57,185193,卖盘
11:05:20,32.48,-0.01,100,324811,卖盘
11:05:23,32.47,-0.01,45,146152,卖盘
11:05:26,32.48,0.01,82,266336,买盘
11:05:30,32.48,0.0,553,1796852,买盘
11:05:32,32.48,0.0,25,81228,卖盘
11:05:36,32.48,0.0,20,64988,卖盘
11:05:38,32.5,0.02,111,360689,买盘
11:05:41,32.51,0.01,37,120271,买盘
11:05:45,32.5,-0.01,164,532931,卖盘
11:05:48,32.48,-0.02,92,298816,卖盘
11:05:50,32.49,0.01,83,269663,买盘
11:05:53,32.49,0.0,8,25996,卖盘
11:05:56,32.5,0.01,10,32500,买盘
11:06:01,32.5,0.0,242,786488,买盘
11:06:05,32.5,0.0,35,113750,买盘
11:06:09,32.5,0.0,74,240500,买盘
11:06:12,32.5,0.0,47,152750,买盘
11:06:15,32.5,0.0,51,165748,买盘
11:06:17,32.51,0.01,146,474506,买盘
11:06:20,32.52,0.01,66,214576,买盘
11:06:22,32.54,0.02,25,81323,买盘
11:06:26,32.54,0.0,3,9763,卖盘
11:06:30,32.54,0.0,72,234303,卖盘
11:06:32,32.54,0.0,24,78097,卖盘
11:06:35,32.55,0.01,32,104156,买盘
11:06:38,32.55,0.0,47,152910,买盘
11:06:41,32.55,0.0,92,299460,买盘
11:06:45,32.55,0.0,1,3255,卖盘
11:06:48,32.55,0.0,2,6510,卖盘
11:06:50,32.56,0.01,4,13024,买盘
11:06:56,32.55,-0.01,58,188831,卖盘
11:07:00,32.55,0.0,213,693415,卖盘
11:07:02,32.56,0.01,138,449311,买盘
11:07:05,32.55,-0.01,173,563175,卖盘
11:07:09,32.53,-0.02,38,123649,卖盘
11:07:12,32.54,0.01,2,6508,中性盘
11:07:15,32.54,0.0,51,165954,卖盘
11:07:17,32.54,0.0,2,6508,买盘
11:07:21,32.53,-0.01,58,188682,卖盘
11:07:23,32.53,0.0,20,65063,卖盘
11:07:26,32.52,-0.01,23,74802,卖盘
11:07:30,32.52,0.0,1,3252,卖盘
11:07:32,32.53,0.01,255,829498,买盘
11:07:36,32.53,0.0,67,217912,买盘
11:07:37,32.53,0.0,129,419509,买盘
11:07:41,32.52,-0.01,31,100817,卖盘
11:07:45,32.52,0.0,13,42276,买盘
11:07:48,32.52,0.0,13,42274,买盘
11:07:50,32.51,-0.01,42,136545,卖盘
11:07:53,32.52,0.01,219,711966,买盘
11:07:56,32.52,0.0,125,406425,买盘
11:08:00,32.52,0.0,55,178854,买盘
11:08:02,32.52,0.0,136,442255,买盘
11:08:05,32.51,-0.01,173,562509,卖盘
11:08:09,32.52,0.01,205,666512,买盘
11:08:12,32.53,0.01,82,266699,买盘
11:08:15,32.52,-0.01,73,237397,卖盘
11:08:17,32.52,0.0,32,104066,卖盘
11:08:20,32.52,0.0,41,133332,卖盘
11:08:23,32.52,0.0,113,367505,卖盘
11:08:26,32.52,0.0,126,409744,买盘
11:08:30,32.53,0.01,305,992086,买盘
11:08:32,32.53,0.0,75,243975,买盘
11:08:36,32.54,0.01,19,61818,买盘
11:08:38,32.53,-0.01,168,546406,卖盘
11:08:41,32.53,0.0,28,91058,买盘
11:08:45,32.53,0.0,1,3253,买盘
11:08:48,32.53,0.0,44,143130,买盘
11:08:50,32.53,0.0,67,217931,卖盘
11:08:52,32.53,0.0,81,263483,买盘
11:08:56,32.54,0.01,62,201696,买盘
11:09:00,32.53,-0.01,27,87829,卖盘
11:09:02,32.53,0.0,208,676707,买盘
11:09:05,32.55,0.02,13,42305,买盘
11:09:09,32.54,-0.01,140,455442,卖盘
11:09:10,32.53,-0.01,4,13014,中性盘
11:09:15,32.52,-0.01,37,120344,卖盘
11:09:17,32.53,0.01,59,191929,中性盘
11:09:20,32.52,-0.01,17,55292,卖盘
11:09:22,32.52,0.0,22,71547,卖盘
11:09:26,32.53,0.01,4,13011,买盘
11:09:30,32.52,-0.01,18,58536,卖盘
11:09:32,32.52,0.0,115,373980,卖盘
11:09:36,32.52,0.0,43,139836,买盘
11:09:37,32.52,0.0,5,16259,买盘
11:09:42,32.51,-0.01,77,250355,卖盘
11:09:45,32.51,0.0,113,367363,卖盘
11:09:48,32.51,0.0,108,351200,卖盘
11:09:51,32.51,0.0,212,689022,卖盘
11:09:54,32.5,-0.01,51,165799,卖盘
11:09:56,32.5,0.0,386,1254503,卖盘
11:10:00,32.5,0.0,42,136540,卖盘
11:10:01,32.52,0.02,219,711896,买盘
11:10:06,32.52,0.0,29,94292,买盘
11:10:07,32.5,-0.02,32,104030,卖盘
11:10:12,32.51,0.01,2,6502,买盘
11:10:13,32.5,-0.01,64,208010,卖盘
11:10:18,32.51,0.01,30,97509,买盘
11:10:20,32.5,-0.01,67,217750,卖盘
11:10:24,32.51,0.01,42,136533,买盘
11:10:26,32.51,0.0,6,19506,买盘
11:10:30,32.51,0.0,58,188505,买盘
11:10:32,32.5,-0.01,192,624091,卖盘
11:10:36,32.5,0.0,71,230806,卖盘
11:10:37,32.5,0.0,60,195012,卖盘
11:10:42,32.5,0.0,104,338035,卖盘
11:10:45,32.51,0.01,319,1037053,买盘
11:10:47,32.51,0.0,79,256892,卖盘
11:10:51,32.52,0.01,19,61780,中性盘
11:10:53,32.51,-0.01,81,263331,卖盘
11:10:56,32.52,0.01,38,123581,卖盘
11:11:00,32.52,0.0,27,87799,买盘
11:11:02,32.53,0.01,135,439033,买盘
11:11:06,32.52,-0.01,47,152874,卖盘
11:11:09,32.53,0.01,82,266669,买盘
11:11:12,32.52,-0.01,3,9756,中性盘
11:11:15,32.52,0.0,131,426012,买盘
11:11:18,32.53,0.01,95,309035,买盘
11:11:20,32.53,0.0,42,136627,卖盘
11:11:23,32.53,0.0,19,61807,卖盘
11:11:26,32.53,0.0,70,227720,卖盘
11:11:30,32.53,0.0,8,26024,买盘
11:11:33,32.52,-0.01,42,136587,卖盘
11:11:36,32.52,0.0,59,191920,卖盘
11:11:42,32.52,0.0,26,84553,卖盘
11:11:45,32.52,0.0,3,9756,卖盘
11:11:48,32.53,0.01,229,744932,买盘
11:11:51,32.53,0.0,5,16265,买盘
11:11:54,32.52,-0.01,95,308998,卖盘
11:11:57,32.53,0.01,70,227708,买盘
11:12:00,32.53,0.0,58,188695,买盘
11:12:03,32.54,0.01,86,279803,买盘
11:12:05,32.54,0.0,119,387204,买盘
11:12:09,32.53,-0.01,85,276543,卖盘
11:12:11,32.54,0.01,53,172421,买盘
11:12:15,32.54,0.0,100,325408,买盘
11:12:18,32.54,0.0,29,94364,买盘
11:12:21,32.53,-0.01,56,182181,卖盘
11:12:23,32.53,0.0,88,286264,卖盘
11:12:26,32.53,0.0,37,120353,卖盘
11:12:30,32.53,0.0,59,191926,买盘
11:12:33,32.52,-0.01,5,16261,卖盘
11:12:36,32.52,0.0,29,94321,卖盘
11:12:39,32.52,0.0,6,19513,卖盘
11:12:42,32.52,0.0,10,32520,卖盘
11:12:48,32.52,0.0,77,250423,卖盘
11:12:51,32.53,0.01,13,42286,买盘
11:12:54,32.52,-0.01,305,991865,卖盘
11:12:56,32.52,0.0,47,152848,卖盘
11:13:00,32.53,0.01,151,491118,买盘
11:13:03,32.53,0.0,257,835909,买盘
11:13:06,32.52,-0.01,53,172377,卖盘
11:13:08,32.52,0.0,30,97560,买盘
11:13:12,32.52,0.0,29,94308,买盘
11:13:15,32.52,0.0,96,312111,买盘
11:13:21,32.51,-0.01,32,104033,卖盘
11:13:23,32.52,0.01,21,68290,买盘
11:13:25,32.52,0.0,198,643834,买盘
11:13:30,32.52,0.0,88,286131,买盘
11:13:32,32.51,-0.01,495,1608973,卖盘
11:13:35,32.51,0.0,33,107284,买盘
11:13:42,32.5,-0.01,134,435547,卖盘
11:13:45,32.51,0.01,47,152804,卖盘
11:13:47,32.51,0.0,12,39012,卖盘
11:13:50,32.52,0.01,30,97543,买盘
11:13:53,32.51,-0.01,13,42264,卖盘
11:13:57,32.51,0.0,115,373870,卖盘
11:13:59,32.51,0.0,77,250328,卖盘
11:14:02,32.51,0.0,150,487648,买盘
11:14:06,32.5,-0.01,177,575298,卖盘
11:14:09,32.5,0.0,43,139750,买盘
11:14:12,32.49,-0.01,67,217693,卖盘
11:14:15,32.49,0.0,2,6498,卖盘
11:14:17,32.49,0.0,52,168948,卖盘
11:14:20,32.49,0.0,78,253366,买盘
11:14:24,32.49,0.0,219,711319,买盘
11:14:26,32.48,-0.01,52,168911,卖盘
11:14:30,32.48,0.0,157,509972,卖盘
11:14:32,32.48,0.0,83,269529,买盘
11:14:36,32.47,-0.01,125,405893,卖盘
11:14:38,32.47,0.0,109,354021,卖盘
11:14:41,32.48,0.01,105,341010,买盘
11:14:45,32.48,0.0,155,503436,买盘
11:14:48,32.48,0.0,145,470899,卖盘
11:14:51,32.48,0.0,13,42217,买盘
11:14:53,32.47,-0.01,52,168852,卖盘
11:14:56,32.47,0.0,96,311854,买盘
11:15:00,32.47,0.0,9,30978,卖盘
11:15:02,32.48,0.01,58,188383,买盘
11:15:05,32.48,0.0,131,425946,卖盘
11:15:09,32.53,0.05,11,35783,买盘
11:15:12,32.53,0.0,127,412807,买盘
11:15:15,32.52,-0.01,201,652884,卖盘
11:15:17,32.48,-0.04,47,152678,卖盘
11:15:21,32.51,0.03,3,9751,买盘
11:15:23,32.5,-0.01,48,155965,卖盘
11:15:27,32.49,-0.01,23,74727,卖盘
11:15:30,32.48,-0.01,248,805706,卖盘
11:15:35,32.48,0.0,60,194916,卖盘
11:15:39,32.48,0.0,83,269586,卖盘
11:15:42,32.48,0.0,19,61714,卖盘
11:15:44,32.48,0.0,170,552160,卖盘
11:15:48,32.48,0.0,87,282576,买盘
11:15:51,32.47,-0.01,15,48715,卖盘
11:15:54,32.46,-0.01,71,228783,卖盘
11:15:56,32.48,0.02,191,621935,买盘
11:16:00,32.47,-0.01,28,90925,卖盘
11:16:03,32.47,0.0,152,493674,卖盘
11:16:05,32.48,0.01,80,259804,买盘
11:16:09,32.47,-0.01,12,38972,卖盘
11:16:12,32.47,0.0,164,532565,卖盘
11:16:15,32.47,0.0,53,172127,卖盘
11:16:17,32.48,0.01,22,71453,买盘
11:16:21,32.48,0.0,87,282655,买盘
11:16:24,32.48,0.0,3,9744,中性盘
11:16:30,32.51,0.03,63,204834,中性盘
11:16:33,32.52,0.01,2,6503,买盘
11:16:35,32.51,-0.01,19,61786,卖盘
11:16:39,32.52,0.01,11,35762,买盘
11:16:42,32.51,-0.01,53,172309,卖盘
11:16:45,32.52,0.01,139,451908,买盘
11:16:48,32.51,-0.01,76,247080,卖盘
11:16:51,32.45,-0.06,1211,3932414,卖盘
11:16:53,32.5,0.05,1,3250,中性盘
11:16:56,32.5,0.0,12,39000,买盘
11:17:00,32.5,0.0,4,13000,买盘
11:17:03,32.47,-0.03,149,484206,卖盘
11:17:06,32.48,0.01,11,35728,中性盘
11:17:09,32.49,0.01,13,42239,卖盘
11:17:12,32.49,0.0,73,237182,卖盘
11:17:14,32.48,-0.01,45,146192,卖盘
11:17:18,32.49,0.01,28,90946,买盘
11:17:21,32.48,-0.01,8,25984,卖盘
11:17:24,32.48,0.0,43,139665,卖盘
11:17:27,32.48,0.0,2,6497,卖盘
11:17:30,32.49,0.01,3,9747,买盘
11:17:33,32.49,0.0,99,321608,买盘
11:17:36,32.49,0.0,18,58482,买盘
11:17:39,32.48,-0.01,5,16240,卖盘
11:17:42,32.48,0.0,114,370274,卖盘
11:17:45,32.48,0.0,22,71460,卖盘
11:17:48,32.49,0.01,3006,9746654,买盘
11:17:51,32.48,-0.01,200,648541,中性盘
11:17:54,32.42,-0.06,9,29184,卖盘
11:17:57,32.42,0.0,25,81145,卖盘
11:18:03,32.41,-0.01,227,736532,卖盘
11:18:06,32.42,0.01,23,74594,中性盘
11:18:09,32.45,0.03,106,343505,买盘
11:18:12,32.43,-0.02,2,6486,卖盘
11:18:15,32.43,0.0,10,32425,卖盘
11:18:18,32.42,-0.01,39,126438,卖盘
11:18:21,32.42,0.0,2,6484,买盘
11:18:24,32.42,0.0,46,149096,买盘
11:18:27,32.41,-0.01,188,609479,卖盘
11:18:30,32.43,0.02,57,184791,买盘
11:18:33,32.42,-0.01,92,298343,卖盘
11:18:36,32.42,0.0,3,9726,卖盘
11:18:39,32.43,0.01,11,35674,卖盘
11:18:42,32.42,-0.01,67,217216,卖盘
11:18:45,32.43,0.01,19,61604,买盘
11:18:48,32.43,0.0,79,256150,买盘
11:18:51,32.42,-0.01,35,113498,卖盘
11:18:54,32.43,0.01,95,308044,买盘
11:18:57,32.45,0.02,143,463774,买盘
11:19:00,32.43,-0.02,105,340515,卖盘
11:19:03,32.46,0.03,545,1767408,买盘
11:19:06,32.45,-0.01,43,139573,中性盘
11:19:08,32.45,0.0,1,3245,卖盘
11:19:12,32.45,0.0,13,42207,卖盘
11:19:15,32.45,0.0,5,16225,卖盘
11:19:18,32.47,0.02,6,19474,买盘
11:19:21,32.45,-0.02,4,12980,卖盘
11:19:24,32.47,0.02,5,16235,买盘
11:19:27,32.43,-0.04,207,671404,卖盘
11:19:30,32.44,0.01,121,392488,中性盘
11:19:33,32.45,0.01,7,22715,买盘
11:19:36,32.47,0.02,26,84422,买盘
11:19:39,32.47,0.0,23,74668,买盘
11:19:42,32.45,-0.02,6,19472,卖盘
11:19:45,32.45,0.0,103,334239,卖盘
11:19:48,32.45,0.0,16,51920,卖盘
11:19:51,32.47,0.02,21,68185,买盘
11:19:54,32.47,0.0,1,3247,买盘
11:19:57,32.46,-0.01,21,68168,卖盘
11:20:00,32.47,0.01,48,155855,买盘
11:20:03,32.47,0.0,213,691609,买盘
11:20:06,32.47,0.0,77,249998,买盘
11:20:09,32.45,-0.02,669,2171011,卖盘
11:20:12,32.45,0.0,52,168724,买盘
11:20:15,32.45,0.0,18,58406,买盘
11:20:18,32.45,0.0,11,35695,买盘
11:20:21,32.44,-0.01,399,1294655,卖盘
11:20:24,32.45,0.01,40,129796,买盘
11:20:26,32.46,0.01,16,51921,买盘
11:20:29,32.46,0.0,5,16230,买盘
11:20:33,32.46,0.0,24,77890,买盘
11:20:36,32.47,0.01,28,90886,买盘
11:20:39,32.47,0.0,34,110398,买盘
11:20:42,32.46,-0.01,111,360352,卖盘
11:20:45,32.47,0.01,22,71432,买盘
11:20:50,32.46,-0.01,719,2333716,卖盘
11:20:54,32.46,0.0,281,912118,买盘
11:20:57,32.46,0.0,73,236956,买盘
11:21:00,32.45,-0.01,119,386184,卖盘
11:21:03,32.46,0.01,172,558302,买盘
11:21:06,32.46,0.0,32,103854,买盘
11:21:09,32.46,0.0,19,61669,买盘
11:21:12,32.46,0.0,32,103848,买盘
11:21:15,32.46,0.0,43,139565,买盘
11:21:18,32.45,-0.01,23,74649,卖盘
11:21:21,32.46,0.01,255,827715,买盘
11:21:24,32.45,-0.01,75,243405,卖盘
11:21:27,32.46,0.01,18,58424,买盘
11:21:30,32.45,-0.01,7,22717,卖盘
11:21:32,32.46,0.01,1,3246,买盘
11:21:35,32.44,-0.02,295,957257,卖盘
11:21:38,32.45,0.01,48,155742,买盘
11:21:42,32.46,0.01,71,230447,买盘
11:21:45,32.45,-0.01,56,181731,卖盘
11:21:47,32.45,0.0,7,22716,卖盘
11:21:51,32.45,0.0,37,120081,卖盘
11:21:54,32.45,0.0,16,51920,买盘
11:21:57,32.46,0.01,202,655679,买盘
11:22:00,32.45,-0.01,42,136321,中性盘
11:22:03,32.46,0.01,14,45433,买盘
11:22:05,32.45,-0.01,63,204469,卖盘
11:22:09,32.46,0.01,432,1402272,买盘
11:22:12,32.46,0.0,131,425226,买盘
11:22:15,32.47,0.01,13,42204,买盘
11:22:18,32.46,-0.01,4,12985,卖盘
11:22:20,32.47,0.01,4,12988,买盘
11:22:24,32.47,0.0,723,2347455,买盘
11:22:27,32.5,0.03,148,480693,买盘
11:22:30,32.51,0.01,40,130011,买盘
11:22:33,32.52,0.01,14,45524,买盘
11:22:36,32.52,0.0,15,48778,买盘
11:22:39,32.51,-0.01,9,29259,中性盘
11:22:41,32.51,0.0,54,175561,卖盘
11:22:45,32.51,0.0,2,6503,卖盘
11:22:47,32.52,0.01,12,39022,买盘
11:22:51,32.52,0.0,5,16256,买盘
11:22:53,32.52,0.0,29,94308,买盘
11:22:57,32.52,0.0,10,32520,买盘
11:23:00,32.52,0.0,60,195123,卖盘
11:23:03,32.54,0.02,5,16266,买盘
11:23:05,32.54,0.0,43,139922,买盘
11:23:09,32.54,0.0,27,87858,卖盘
11:23:12,32.54,0.0,122,397034,卖盘
11:23:15,32.55,0.01,1,3255,买盘
11:23:18,32.55,0.0,7,22783,买盘
11:23:21,32.55,0.0,34,110654,买盘
11:23:23,32.54,-0.01,8,26033,卖盘
11:23:27,32.54,0.0,26,84604,买盘
11:23:29,32.54,0.0,33,107382,买盘
11:23:33,32.53,-0.01,244,793737,卖盘
11:23:36,32.53,0.0,37,120353,买盘
11:23:38,32.53,0.0,37,120355,买盘
11:23:42,32.52,-0.01,9,29275,卖盘
11:23:45,32.53,0.01,104,338312,买盘
11:23:48,32.52,-0.01,5,16262,卖盘
11:23:51,32.54,0.02,26,84602,买盘
11:23:54,32.54,0.0,13,42302,买盘
11:23:57,32.54,0.0,16,52059,买盘
11:23:59,32.54,0.0,17,55318,买盘
11:24:03,32.56,0.02,102,332056,买盘
11:24:06,32.55,-0.01,6,19530,卖盘
11:24:09,32.56,0.01,9,29304,买盘
11:24:11,32.56,0.0,1,3256,买盘
11:24:15,32.56,0.0,188,612124,买盘
11:24:17,32.56,0.0,16,52096,买盘
11:24:20,32.58,0.02,27,87939,买盘
11:24:24,32.57,-0.01,13,42333,中性盘
11:24:27,32.56,-0.01,10,32566,卖盘
11:24:30,32.6,0.04,133,433509,买盘
11:24:33,32.6,0.0,200,651970,买盘
11:24:35,32.61,0.01,10,32610,买盘
11:24:39,32.61,0.0,25,81523,买盘
11:24:42,32.63,0.02,35,114197,买盘
11:24:45,32.61,-0.02,17,55447,卖盘
11:24:48,32.61,0.0,2,6522,卖盘
11:24:51,32.62,0.01,9,29352,买盘
11:24:54,32.62,0.0,8,26096,买盘
11:24:57,32.62,0.0,29,94598,买盘
11:25:00,32.61,-0.01,6,19567,卖盘
11:25:03,32.63,0.02,17,55460,买盘
11:25:06,32.62,-0.01,4,13048,卖盘
11:25:09,32.63,0.01,16,52203,买盘
11:25:12,32.63,0.0,12,39154,买盘
11:25:14,32.63,0.0,50,163150,买盘
11:25:18,32.61,-0.02,399,1301431,卖盘
11:25:20,32.61,0.0,7,22830,卖盘
11:25:24,32.62,0.01,80,260960,买盘
11:25:27,32.6,-0.02,8,26080,卖盘
11:25:29,32.61,0.01,11,35872,卖盘
11:25:32,32.61,0.0,2,6522,卖盘
11:25:35,32.62,0.01,19,61974,买盘
11:25:38,32.61,-0.01,16,52177,卖盘
11:25:42,32.62,0.01,29,94598,买盘
11:25:45,32.62,0.0,29,94589,买盘
11:25:48,32.62,0.0,8,26091,买盘
11:25:50,32.62,0.0,119,388177,买盘
11:25:54,32.61,-0.01,74,241364,卖盘
11:25:57,32.62,0.01,7,22828,买盘
11:25:59,32.61,-0.01,11,35876,卖盘
11:26:02,32.62,0.01,54,176148,买盘
11:26:06,32.62,0.0,3,9786,卖盘
11:26:09,32.63,0.01,22,71775,买盘
11:26:11,32.63,0.0,10,32626,买盘
11:26:14,32.62,-0.01,2,6524,卖盘
11:26:18,32.62,0.0,4,13048,卖盘
11:26:21,32.63,0.01,11,35883,买盘
11:26:24,32.62,-0.01,5,16310,卖盘
11:26:27,32.62,0.0,10,32621,卖盘
11:26:30,32.62,0.0,10,32621,卖盘
11:26:33,32.63,0.01,118,385034,买盘
11:26:35,32.63,0.0,31,101141,买盘
11:26:39,32.63,0.0,30,97883,买盘
11:26:42,32.63,0.0,95,309923,买盘
11:26:45,32.62,-0.01,46,150055,卖盘
11:26:47,32.61,-0.01,4,13044,卖盘
11:26:51,32.61,0.0,12,39132,卖盘
11:26:53,32.6,-0.01,473,1541982,卖盘
11:26:57,32.59,-0.01,58,189068,卖盘
11:27:00,32.59,0.0,24,78216,买盘
11:27:03,32.59,0.0,79,257461,买盘
11:27:06,32.59,0.0,16,52146,卖盘
11:27:09,32.6,0.01,23,74980,买盘
11:27:12,32.59,-0.01,4,13037,卖盘
11:27:15,32.59,0.0,5,16295,卖盘
11:27:18,32.6,0.01,18,58674,买盘
11:27:21,32.6,0.0,202,658520,买盘
11:27:24,32.61,0.01,433,1411231,买盘
11:27:26,32.61,0.0,16,52166,买盘
11:27:30,32.61,0.0,21,68480,买盘
11:27:33,32.62,0.01,410,1335363,买盘
11:27:36,32.63,0.01,44,143562,买盘
11:27:39,32.64,0.01,74,241486,买盘
11:27:42,32.64,0.0,12,39164,买盘
11:27:44,32.63,-0.01,91,296933,卖盘
11:27:48,32.64,0.01,11,35903,买盘
11:27:51,32.63,-0.01,14,45678,中性盘
11:27:57,32.64,0.01,3,9790,买盘
11:27:59,32.64,0.0,5,16316,买盘
11:28:03,32.64,0.0,133,434112,买盘
11:28:06,32.63,-0.01,17,55486,卖盘
11:28:09,32.64,0.01,35,114226,买盘
11:28:11,32.64,0.0,3,9791,买盘
11:28:18,32.64,0.0,7,22843,买盘
11:28:20,32.64,0.0,1,3264,买盘
11:28:23,32.62,-0.02,47,153360,卖盘
11:28:27,32.63,0.01,5,16315,买盘
11:28:29,32.63,0.0,10,32630,买盘
11:28:33,32.62,-0.01,12,41068,卖盘
11:28:36,32.62,0.0,32,104386,买盘
11:28:38,32.62,0.0,7,20908,买盘
11:28:42,32.62,0.0,13,42408,卖盘
11:28:44,32.62,0.0,16,54116,买盘
11:28:48,32.63,0.01,11,35891,卖盘
11:28:50,32.61,-0.02,1,3261,卖盘
11:28:54,32.61,0.0,5,16305,卖盘
11:28:57,32.62,0.01,23,75026,买盘
11:29:00,32.63,0.01,299,975492,买盘
11:29:03,32.63,0.0,134,435320,买盘
11:29:06,32.63,0.0,23,75046,卖盘
11:29:09,32.63,0.0,6,19578,卖盘
11:29:12,32.64,0.01,15,48955,买盘
11:29:15,32.63,-0.01,10,32626,卖盘
11:29:18,32.63,0.0,1,3263,买盘
11:29:21,32.63,0.0,7,22837,买盘
11:29:24,32.62,-0.01,35,114032,卖盘
11:29:27,32.62,0.0,5,16310,卖盘
11:29:30,32.63,0.01,9,29363,买盘
11:29:32,32.63,0.0,9,29361,卖盘
11:29:36,32.63,0.0,11,35883,中性盘
11:29:38,32.64,0.01,11,35900,买盘
11:29:41,32.64,0.0,27,88128,买盘
11:29:44,32.63,-0.01,1,3263,卖盘
11:29:48,32.64,0.01,22,71797,买盘
11:29:51,32.63,-0.01,20,65265,卖盘
11:29:54,32.63,0.0,2,6526,买盘
11:29:57,32.62,-0.01,24,78306,卖盘
11:30:00,32.62,0.0,59,192515,卖盘
13:00:00,32.63,0.01,1,3263,买盘
13:00:03,32.63,0.0,1340,4370333,买盘
13:00:06,32.65,0.02,254,829291,买盘
13:00:09,32.64,-0.01,734,2394361,中性盘
13:00:12,32.6,-0.04,51,166372,卖盘
13:00:14,32.65,0.05,14,45676,买盘
13:00:18,32.6,-0.05,27,88023,卖盘
13:00:21,32.61,0.01,106,345563,买盘
13:00:24,32.57,-0.04,213,696239,卖盘
13:00:27,32.55,-0.02,135,439670,卖盘
13:00:30,32.55,0.0,92,299523,买盘
13:00:33,32.53,-0.02,130,423094,卖盘
13:00:36,32.53,0.0,175,569233,卖盘
13:00:38,32.52,-0.01,111,361126,中性盘
13:00:42,32.57,0.05,178,578747,买盘
13:00:45,32.51,-0.06,16,52020,中性盘
13:00:48,32.51,0.0,92,299105,买盘
13:00:50,32.5,-0.01,119,386881,卖盘
13:00:54,32.47,-0.03,209,678964,卖盘
13:00:57,32.48,0.01,129,418990,买盘
13:00:59,32.48,0.0,64,207878,卖盘
13:01:03,32.49,0.01,35,113701,买盘
13:01:06,32.48,-0.01,105,341091,卖盘
13:01:08,32.52,0.04,81,263293,买盘
13:01:11,32.48,-0.04,195,633761,卖盘
13:01:15,32.48,0.0,1,3248,卖盘
13:01:18,32.52,0.04,29,94287,买盘
13:01:21,32.52,0.0,97,315444,买盘
13:01:23,32.52,0.0,293,951616,卖盘
13:01:27,32.53,0.01,13,42289,中性盘
13:01:29,32.49,-0.04,47,152842,卖盘
13:01:33,32.49,0.0,41,133209,买盘
13:01:36,32.47,-0.02,41,133165,卖盘
13:01:42,32.56,0.09,30,97680,买盘
13:01:45,32.46,-0.1,69,224031,卖盘
13:01:47,32.49,0.03,100,324607,卖盘
13:01:51,32.46,-0.03,370,1201080,卖盘
13:01:53,32.46,0.0,195,633216,卖盘
13:02:00,32.47,0.01,2,6494,卖盘
13:02:03,32.54,0.07,152,494454,买盘
13:02:06,32.49,-0.05,25,81305,卖盘
13:02:09,32.45,-0.04,215,697990,卖盘
13:02:12,32.52,0.07,15,48762,买盘
13:02:15,32.53,0.01,13,42289,买盘
13:02:17,32.53,0.0,14,45542,买盘
13:02:20,32.52,-0.01,59,191879,卖盘
13:02:24,32.53,0.01,9,29277,买盘
13:02:27,32.53,0.0,24,78059,买盘
13:02:29,32.52,-0.01,261,847480,卖盘
13:02:33,32.53,0.01,14,45539,买盘
13:02:36,32.46,-0.07,147,477534,卖盘
13:02:38,32.53,0.07,15,48791,买盘
13:02:42,32.48,-0.05,2,6496,卖盘
13:02:45,32.53,0.05,17,55296,买盘
13:02:48,32.53,0.0,189,613556,买盘
13:02:50,32.53,0.0,10,32530,买盘
13:02:54,32.47,-0.06,2,6494,卖盘
13:02:57,32.5,0.03,116,377304,中性盘
13:03:00,32.53,0.03,56,182168,买盘
13:03:03,32.54,0.01,132,429401,买盘
13:03:05,32.54,0.0,19,61821,买盘
13:03:09,32.54,0.0,13,42300,买盘
13:03:12,32.52,-0.02,52,169158,卖盘
13:03:14,32.52,0.0,19,61778,买盘
13:03:18,32.52,0.0,21,68250,买盘
13:03:24,32.44,-0.08,1157,3754915,卖盘
13:03:27,32.45,0.01,5,16229,卖盘
13:03:33,32.46,0.01,38,123335,买盘
13:03:39,32.45,-0.01,194,629563,卖盘
13:03:42,32.46,0.01,34,110360,买盘
13:03:45,32.43,-0.03,511,1658508,卖盘
13:03:48,32.46,0.03,66,214254,卖盘
13:03:51,32.52,0.06,18,58506,买盘
13:03:53,32.52,0.0,6,19512,卖盘
13:03:59,32.46,-0.06,11,35712,卖盘
13:04:03,32.53,0.07,23,74798,买盘
13:04:05,32.53,0.0,6,19520,中性盘
13:04:09,32.53,0.0,67,217962,卖盘
13:04:12,32.52,-0.01,147,478099,卖盘
13:04:15,32.52,0.0,50,162682,卖盘
13:04:21,32.52,0.0,20,65064,卖盘
13:04:23,32.52,0.0,13,42276,卖盘
13:04:26,32.52,0.0,8,26016,卖盘
13:04:30,32.52,0.0,7,22765,卖盘
13:04:33,32.52,0.0,4,13009,卖盘
13:04:35,32.53,0.01,11,35783,买盘
13:04:39,32.53,0.0,7,22771,卖盘
13:04:42,32.45,-0.08,446,1448957,卖盘
13:04:47,32.54,0.09,40,130130,买盘
13:04:50,32.51,-0.03,3,9751,中性盘
13:04:53,32.47,-0.04,11,35717,卖盘
13:04:56,32.47,0.0,30,97388,卖盘
13:05:00,32.53,0.06,19,61807,买盘
13:05:03,32.53,0.0,41,133373,卖盘
13:05:06,32.54,0.01,29,94353,买盘
13:05:08,32.55,0.01,59,191990,买盘
13:05:12,32.47,-0.08,179,582090,卖盘
13:05:14,32.53,0.06,11,35801,卖盘
13:05:17,32.53,0.0,1,3253,买盘
13:05:21,32.48,-0.05,1,3248,卖盘
13:05:24,32.53,0.05,11,35736,买盘
13:05:26,32.53,0.0,5,16265,买盘
13:05:30,32.52,-0.01,9,29274,中性盘
13:05:33,32.48,-0.04,86,279434,卖盘
13:05:36,32.46,-0.02,332,1077809,卖盘
13:05:39,32.52,0.06,5,16263,中性盘
13:05:42,32.52,0.0,4,13008,卖盘
13:05:45,32.53,0.01,11,35774,买盘
13:05:48,32.47,-0.06,52,169058,卖盘
13:05:51,32.52,0.05,7,22759,买盘
13:05:54,32.52,0.0,25,81282,买盘
13:06:00,32.52,0.0,3,9755,买盘
13:06:03,32.52,0.0,41,133318,买盘
13:06:06,32.52,0.0,41,133332,卖盘
13:06:08,32.52,0.0,99,321948,卖盘
13:06:12,32.52,0.0,28,91056,买盘
13:06:15,32.53,0.01,2,6506,买盘
13:06:17,32.53,0.0,96,312288,买盘
13:06:21,32.52,-0.01,37,120325,卖盘
13:06:24,32.52,0.0,3,9756,卖盘
13:06:27,32.52,0.0,4,13008,卖盘
13:06:30,32.52,0.0,12,39024,卖盘
13:06:33,32.52,0.0,595,1932046,卖盘
13:06:36,32.45,-0.07,115,373476,卖盘
13:06:38,32.52,0.07,12,38998,买盘
13:06:42,32.52,0.0,8,26016,买盘
13:06:45,32.53,0.01,59,191918,买盘
13:06:48,32.52,-0.01,2,6504,卖盘
13:06:51,32.51,-0.01,24,78036,卖盘
13:06:54,32.51,0.0,5,16255,买盘
13:06:56,32.5,-0.01,11,35757,卖盘
13:07:00,32.46,-0.04,107,347563,卖盘
13:07:02,32.52,0.06,44,143094,买盘
13:07:06,32.52,0.0,33,107316,卖盘
13:07:09,32.52,0.0,10,32527,卖盘
13:07:12,32.45,-0.07,236,766747,卖盘
13:07:14,32.52,0.07,17,55299,中性盘
13:07:18,32.52,0.0,16,52021,买盘
13:07:21,32.52,0.0,36,116926,卖盘
13:07:24,32.52,0.0,73,236926,买盘
13:07:27,32.46,-0.06,12,38982,卖盘
13:07:30,32.52,0.06,16,52032,买盘
13:07:36,32.51,-0.01,67,217911,卖盘
13:07:42,32.51,0.0,2,6502,卖盘
13:07:45,32.51,0.0,11,35761,卖盘
13:07:48,32.52,0.01,43,139830,买盘
13:07:51,32.52,0.0,128,416347,卖盘
13:07:54,32.55,0.03,48,156140,买盘
13:07:56,32.55,0.0,58,188788,买盘
13:08:00,32.55,0.0,40,130200,买盘
13:08:02,32.55,0.0,63,205145,买盘
13:08:06,32.58,0.03,59,192112,买盘
13:08:09,32.6,0.02,3,9778,买盘
13:08:12,32.6,0.0,8,26074,买盘
13:08:15,32.6,0.0,112,364833,买盘
13:08:18,32.58,-0.02,25,81468,卖盘
13:08:21,32.55,-0.03,18,58620,卖盘
13:08:24,32.55,0.0,5,16281,卖盘
13:08:27,32.58,0.03,10,32580,买盘
13:08:30,32.55,-0.03,37,120513,卖盘
13:08:32,32.58,0.03,5,16280,买盘
13:08:36,32.58,0.0,98,319035,买盘
13:08:39,32.58,0.0,26,84708,买盘
13:08:42,32.58,0.0,36,117310,卖盘
13:08:45,32.58,0.0,1,3258,卖盘
13:08:48,32.59,0.01,12,39105,买盘
13:08:50,32.59,0.0,30,97742,卖盘
13:08:54,32.6,0.01,34,110826,买盘
13:08:57,32.58,-0.02,10,32589,卖盘
13:09:03,32.59,0.01,131,426929,买盘
13:09:06,32.59,0.0,30,97770,卖盘
13:09:09,32.59,0.0,16,52144,卖盘
13:09:12,32.59,0.0,86,280358,卖盘
13:09:14,32.59,0.0,65,211835,卖盘
13:09:18,32.59,0.0,35,114065,买盘
13:09:21,32.59,0.0,15,48885,买盘
13:09:24,32.59,0.0,37,120578,买盘
13:09:27,32.59,0.0,5,16295,卖盘
13:09:30,32.59,0.0,6,19557,卖盘
13:09:33,32.59,0.0,21,68451,卖盘
13:09:36,32.59,0.0,36,117325,卖盘
13:09:39,32.6,0.01,44,143435,买盘
13:09:42,32.59,-0.01,5,16296,卖盘
13:09:45,32.59,0.0,12,39115,卖盘
13:09:47,32.6,0.01,10,32600,买盘
13:09:51,32.59,-0.01,29,94511,卖盘
13:09:53,32.59,0.0,11,35856,中性盘
13:09:57,32.6,0.01,38,123874,买盘
13:10:03,32.6,0.0,31,101048,买盘
13:10:06,32.61,0.01,61,198891,买盘
13:10:08,32.61,0.0,1,3261,买盘
13:10:11,32.61,0.0,16,52172,买盘
13:10:15,32.6,-0.01,4,13042,卖盘
13:10:18,32.61,0.01,54,176094,买盘
13:10:21,32.61,0.0,45,146745,卖盘
13:10:24,32.6,-0.01,56,182603,卖盘
13:10:26,32.62,0.02,8,26094,买盘
13:10:29,32.6,-0.02,121,394469,卖盘
13:10:33,32.63,0.03,14,45674,买盘
13:10:36,32.62,-0.01,30,97860,卖盘
13:10:38,32.63,0.01,14,45677,买盘
13:10:41,32.63,0.0,11,35888,买盘
13:10:45,32.63,0.0,40,130520,买盘
13:10:48,32.63,0.0,58,189245,买盘
13:10:51,32.63,0.0,40,130491,卖盘
13:10:54,32.63,0.0,12,39156,卖盘
13:10:57,32.63,0.0,6,19576,买盘
13:10:59,32.64,0.01,42,137046,买盘
13:11:03,32.63,-0.01,1,3263,卖盘
13:11:06,32.63,0.0,51,166419,卖盘
13:11:09,32.64,0.01,38,124026,买盘
13:11:12,32.63,-0.01,48,156647,卖盘
13:11:14,32.64,0.01,6,19584,买盘
13:11:18,32.64,0.0,7,22844,买盘
13:11:21,32.63,-0.01,91,296994,卖盘
13:11:24,32.64,0.01,32,104422,买盘
13:11:27,32.63,-0.01,5,16315,卖盘
13:11:29,32.64,0.01,47,153408,买盘
13:11:33,32.64,0.0,11,35897,买盘
13:11:35,32.63,-0.01,130,424190,卖盘
13:11:38,32.63,0.0,19,61997,买盘
13:11:42,32.63,0.0,6,19578,买盘
13:11:44,32.62,-0.01,6,19572,卖盘
13:11:48,32.63,0.01,2,6526,买盘
13:11:51,32.62,-0.01,12,39144,卖盘
13:11:54,32.61,-0.01,5,16306,卖盘
13:12:00,32.62,0.01,134,436996,买盘
13:12:03,32.63,0.01,20,65245,买盘
13:12:06,32.62,-0.01,31,101122,卖盘
13:12:09,32.63,0.01,38,123973,买盘
13:12:12,32.62,-0.01,34,110908,卖盘
13:12:15,32.62,0.0,78,254453,卖盘
13:12:17,32.61,-0.01,4,13045,卖盘
13:12:21,32.6,-0.01,49,159758,卖盘
13:12:23,32.6,0.0,31,101060,卖盘
13:12:27,32.6,0.0,89,290140,卖盘
13:12:29,32.61,0.01,65,211904,买盘
13:12:32,32.6,-0.01,43,140194,卖盘
13:12:35,32.61,0.01,105,342322,买盘
13:12:39,32.61,0.0,150,489114,卖盘
13:12:42,32.6,-0.01,20,65200,卖盘
13:12:45,32.59,-0.01,18,58675,卖盘
13:12:48,32.6,0.01,7,22816,买盘
13:12:51,32.59,-0.01,39,127107,卖盘
13:12:54,32.59,0.0,33,107527,卖盘
13:13:00,32.58,-0.01,48,156384,卖盘
13:13:03,32.59,0.01,32,104288,买盘
13:13:06,32.59,0.0,36,117324,卖盘
13:13:08,32.59,0.0,81,263979,卖盘
13:13:12,32.59,0.0,30,97770,卖盘
13:13:15,32.58,-0.01,214,697212,卖盘
13:13:18,32.57,-0.01,10,32563,卖盘
13:13:20,32.56,-0.01,9,29312,卖盘
13:13:24,32.56,0.0,3,9768,卖盘
13:13:27,32.56,0.0,15,48840,卖盘
13:13:30,32.57,0.01,17,55369,买盘
13:13:32,32.57,0.0,7,22799,卖盘
13:13:36,32.58,0.01,45,146577,买盘
13:13:39,32.58,0.0,6,19547,买盘
13:13:42,32.58,0.0,30,97740,买盘
13:13:44,32.57,-0.01,6,19542,卖盘
13:13:48,32.58,0.01,56,182448,买盘
13:13:51,32.57,-0.01,103,335545,卖盘
13:13:54,32.57,0.0,4,13029,卖盘
13:13:56,32.59,0.02,44,143354,买盘
13:13:59,32.6,0.01,88,286880,买盘
13:14:03,32.61,0.01,90,293448,买盘
13:14:06,32.6,-0.01,68,221718,卖盘
13:14:12,32.62,0.02,232,756775,买盘
13:14:15,32.61,-0.01,209,681757,卖盘
13:14:18,32.62,0.01,156,508869,买盘
13:14:21,32.62,0.0,72,234848,买盘
13:14:24,32.63,0.01,154,502174,买盘
13:14:27,32.63,0.0,23,75047,买盘
13:14:30,32.63,0.0,28,91359,买盘
13:14:33,32.63,0.0,40,130520,买盘
13:14:36,32.63,0.0,62,202271,买盘
13:14:39,32.62,-0.01,37,120728,卖盘
13:14:41,32.63,0.01,63,205569,买盘
13:14:45,32.63,0.0,13,42419,买盘
13:14:48,32.63,0.0,27,88119,卖盘
13:14:51,32.63,0.0,95,309944,卖盘
13:14:54,32.63,0.0,14,45682,买盘
13:14:57,32.62,-0.01,15,48941,卖盘
13:15:00,32.63,0.01,7,22836,买盘
13:15:03,32.63,0.0,129,420925,买盘
13:15:06,32.64,0.01,174,567876,买盘
13:15:09,32.64,0.0,48,156671,买盘
13:15:12,32.64,0.0,208,678812,买盘
13:15:15,32.65,0.01,10,32646,买盘
13:15:18,32.65,0.0,513,1674935,买盘
13:15:21,32.64,-0.01,79,257982,卖盘
13:15:24,32.66,0.02,68,222065,买盘
13:15:26,32.66,0.0,26,84916,买盘
13:15:30,32.66,0.0,47,153502,买盘
13:15:33,32.62,-0.04,220,717915,卖盘
13:15:35,32.65,0.03,18,58770,买盘
13:15:39,32.65,0.0,30,97950,买盘
13:15:42,32.65,0.0,66,215536,买盘
13:15:45,32.64,-0.01,24,78353,卖盘
13:15:48,32.65,0.01,24,78355,买盘
13:15:51,32.64,-0.01,29,94656,卖盘
13:15:54,32.64,0.0,6,19584,卖盘
13:15:57,32.64,0.0,29,94681,卖盘
13:16:00,32.65,0.01,29,94657,买盘
13:16:03,32.65,0.0,83,270995,买盘
13:16:06,32.65,0.0,44,143661,卖盘
13:16:09,32.65,0.0,13,42445,卖盘
13:16:12,32.65,0.0,4,13060,卖盘
13:16:14,32.66,0.01,8,26128,买盘
13:16:18,32.65,-0.01,6,19590,卖盘
13:16:21,32.65,0.0,33,107745,卖盘
13:16:23,32.64,-0.01,11,35914,卖盘
13:16:30,32.64,0.0,6,19584,卖盘
13:16:35,32.65,0.01,67,218726,买盘
13:16:39,32.64,-0.01,6,19585,卖盘
13:16:42,32.65,0.01,37,120803,买盘
13:16:45,32.65,0.0,10,32650,买盘
13:16:48,32.65,0.0,15,48961,买盘
13:16:51,32.64,-0.01,32,104448,卖盘
13:16:54,32.65,0.01,19,62035,买盘
13:16:57,32.64,-0.01,4,13056,卖盘
13:17:03,32.65,0.01,73,238345,买盘
13:17:06,32.65,0.0,154,502912,卖盘
13:17:09,32.66,0.01,46,150235,买盘
13:17:12,32.65,-0.01,25,81643,卖盘
13:17:15,32.65,0.0,35,114301,卖盘
13:17:17,32.66,0.01,8,26127,买盘
13:17:21,32.66,0.0,49,159989,买盘
13:17:24,32.66,0.0,16,52245,买盘
13:17:27,32.65,-0.01,32,104504,卖盘
13:17:30,32.65,0.0,7,22856,卖盘
13:17:33,32.66,0.01,25,81646,买盘
13:17:36,32.65,-0.01,63,205727,卖盘
13:17:39,32.67,0.02,111,362541,买盘
13:17:42,32.67,0.0,160,522715,买盘
13:17:45,32.66,-0.01,517,1688108,卖盘
13:17:48,32.67,0.01,29,94726,买盘
13:17:51,32.66,-0.01,29,94738,卖盘
13:17:54,32.67,0.01,10,32658,买盘
13:17:57,32.67,0.0,21,68607,卖盘
13:17:59,32.67,0.0,59,192781,卖盘
13:18:03,32.68,0.01,156,509800,买盘
13:18:06,32.68,0.0,63,205855,买盘
13:18:09,32.67,-0.01,23,75158,卖盘
13:18:11,32.67,0.0,15,49013,卖盘
13:18:15,32.67,0.0,31,101307,卖盘
13:18:18,32.67,0.0,10,32677,卖盘
13:18:21,32.67,0.0,38,124147,卖盘
13:18:24,32.67,0.0,34,111100,卖盘
13:18:27,32.67,0.0,6,19602,卖盘
13:18:30,32.67,0.0,4,13068,卖盘
13:18:33,32.67,0.0,5,16335,卖盘
13:18:36,32.67,0.0,52,169907,卖盘
13:18:39,32.68,0.01,125,408495,买盘
13:18:42,32.67,-0.01,5,16338,卖盘
13:18:44,32.69,0.02,31,101318,买盘
13:18:48,32.67,-0.02,13,42487,卖盘
13:18:51,32.69,0.02,41,133969,买盘
13:18:55,32.68,-0.01,11,35948,中性盘
13:18:57,32.68,0.0,24,78442,卖盘
13:19:00,32.69,0.01,133,434777,买盘
13:19:02,32.68,-0.01,3,9805,卖盘
13:19:06,32.69,0.01,46,150339,买盘
13:19:09,32.69,0.0,24,78456,买盘
13:19:11,32.68,-0.01,71,232079,卖盘
13:19:15,32.68,0.0,46,150367,卖盘
13:19:18,32.69,0.01,25,81725,买盘
13:19:20,32.68,-0.01,48,156873,卖盘
13:19:24,32.69,0.01,6,19610,买盘
13:19:27,32.69,0.0,10,32688,买盘
13:19:30,32.69,0.0,16,52302,买盘
13:19:32,32.68,-0.01,16,52294,卖盘
13:19:36,32.69,0.01,48,156880,买盘
13:19:39,32.69,0.0,6,19612,买盘
13:19:41,32.68,-0.01,4,13072,卖盘
13:19:45,32.68,0.0,52,169966,卖盘
13:19:48,32.67,-0.01,11,35943,卖盘
13:19:51,32.67,0.0,33,107811,卖盘
13:19:57,32.67,0.0,8,26143,卖盘
13:20:00,32.68,0.01,176,575120,买盘
13:20:03,32.67,-0.01,96,313694,卖盘
13:20:06,32.66,-0.01,10,32669,卖盘
13:20:08,32.66,0.0,9,29398,卖盘
13:20:11,32.66,0.0,5,16332,卖盘
13:20:15,32.68,0.02,30,98040,买盘
13:20:17,32.65,-0.03,69,225356,卖盘
13:20:21,32.67,0.02,250,816514,买盘
13:20:26,32.67,0.0,6,19602,卖盘
13:20:30,32.67,0.0,8,26136,卖盘
13:20:33,32.68,0.01,24,78430,买盘
13:20:35,32.67,-0.01,293,957130,卖盘
13:20:39,32.67,0.0,15,49005,卖盘
13:20:42,32.67,0.0,34,111077,卖盘
13:20:45,32.67,0.0,62,202554,买盘
13:20:48,32.65,-0.02,6,19596,卖盘
13:20:51,32.66,0.01,36,117584,中性盘
13:20:54,32.66,0.0,24,78399,买盘
13:20:57,32.66,0.0,7,22862,卖盘
13:21:02,32.67,0.01,149,486783,买盘
13:21:06,32.66,-0.01,22,71852,卖盘
13:21:10,32.66,0.0,16,52255,买盘
13:21:15,32.67,0.01,54,176391,买盘
13:21:18,32.67,0.0,111,362670,买盘
13:21:21,32.68,0.01,348,1137301,买盘
13:21:25,32.68,0.0,281,918262,卖盘
13:21:27,32.68,0.0,180,588418,卖盘
13:21:30,32.68,0.0,252,823711,卖盘
13:21:33,32.69,0.01,90,294182,买盘
13:21:36,32.7,0.01,1066,3485744,买盘
13:21:39,32.72,0.02,66,215933,买盘
13:21:42,32.71,-0.01,172,562612,卖盘
13:21:48,32.72,0.01,5,16360,买盘
13:21:52,32.69,-0.03,45,147162,卖盘
13:21:54,32.71,0.02,1060,3463261,买盘
13:21:57,32.71,0.0,22,71960,买盘
13:21:59,32.7,-0.01,2,6540,卖盘
13:22:03,32.71,0.01,110,359837,买盘
13:22:06,32.72,0.01,58,189747,买盘
13:22:08,32.72,0.0,20,65439,买盘
13:22:12,32.71,-0.01,17,55618,卖盘
13:22:16,32.71,0.0,180,588785,卖盘
13:22:18,32.7,-0.01,44,143923,卖盘
13:22:21,32.7,0.0,39,127536,卖盘
13:22:25,32.71,0.01,5,16354,买盘
13:22:27,32.7,-0.01,54,176580,卖盘
13:22:30,32.7,0.0,15,49045,买盘
13:22:33,32.69,-0.01,28,91558,卖盘
13:22:36,32.7,0.01,30,98071,买盘
13:22:39,32.7,0.0,15,49045,买盘
13:22:42,32.7,0.0,25,81750,买盘
13:22:45,32.69,-0.01,242,791098,卖盘
13:22:48,32.69,0.0,24,78433,买盘
13:22:54,32.67,-0.02,3,9803,卖盘
13:22:57,32.68,0.01,22,71896,卖盘
13:23:00,32.67,-0.01,14,45748,卖盘
13:23:02,32.68,0.01,82,267976,买盘
13:23:06,32.68,0.0,64,209152,卖盘
13:23:09,32.69,0.01,14,45766,买盘
13:23:12,32.68,-0.01,37,120919,卖盘
13:23:15,32.68,0.0,71,232007,买盘
13:23:18,32.67,-0.01,3,9802,卖盘
13:23:22,32.67,0.0,72,235224,卖盘
13:23:25,32.67,0.0,79,258143,卖盘
13:23:27,32.68,0.01,27,88236,买盘
13:23:30,32.67,-0.01,45,147036,卖盘
13:23:33,32.68,0.01,31,101304,买盘
13:23:36,32.68,0.0,44,143754,买盘
13:23:39,32.67,-0.01,9,29403,卖盘
13:23:42,32.66,-0.01,40,130675,卖盘
13:23:45,32.67,0.01,2,6534,买盘
13:23:48,32.67,0.0,3,9800,买盘
13:23:52,32.65,-0.02,19,62054,卖盘
13:23:54,32.66,0.01,2,6532,买盘
13:23:57,32.66,0.0,26,84916,买盘
13:24:00,32.67,0.01,6,19594,买盘
13:24:03,32.67,0.0,75,245025,买盘
13:24:06,32.67,0.0,57,186219,卖盘
13:24:09,32.67,0.0,42,137214,卖盘
13:24:12,32.66,-0.01,73,238455,卖盘
13:24:15,32.65,-0.01,6,19592,卖盘
13:24:21,32.64,-0.01,20,65299,卖盘
13:24:25,32.64,0.0,11,35910,卖盘
13:24:27,32.65,0.01,14,45710,买盘
13:24:30,32.64,-0.01,35,114240,卖盘
13:24:33,32.65,0.01,26,84880,买盘
13:24:36,32.64,-0.01,101,329684,卖盘
13:24:40,32.64,0.0,21,68544,卖盘
13:24:41,32.65,0.01,6,19586,买盘
13:24:45,32.64,-0.01,8,26112,卖盘
13:24:48,32.64,0.0,35,114240,买盘
13:24:52,32.63,-0.01,4,13052,卖盘
13:24:55,32.64,0.01,19,62016,买盘
13:24:57,32.63,-0.01,2,6526,卖盘
13:25:00,32.63,0.0,4,13052,卖盘
13:25:03,32.64,0.01,15,48960,买盘
13:25:06,32.64,0.0,36,117504,卖盘
13:25:09,32.64,0.0,6,19585,卖盘
13:25:12,32.65,0.01,11,35915,买盘
13:25:16,32.65,0.0,69,225285,买盘
13:25:18,32.65,0.0,68,221981,买盘
13:25:22,32.64,-0.01,31,101184,卖盘
13:25:25,32.65,0.01,6,19590,买盘
13:25:28,32.64,-0.01,4,13056,卖盘
13:25:30,32.64,0.0,2,6528,卖盘
13:25:33,32.65,0.01,18,58768,买盘
13:25:36,32.65,0.0,33,107745,卖盘
13:25:40,32.65,0.0,1,3265,卖盘
13:25:42,32.66,0.01,12,39187,买盘
13:25:45,32.65,-0.01,5,16325,卖盘
13:25:48,32.65,0.0,13,42457,卖盘
13:25:52,32.65,0.0,31,101215,卖盘
13:25:54,32.65,0.0,14,45719,卖盘
13:25:58,32.65,0.0,12,39180,卖盘
13:26:00,32.66,0.01,14,45724,买盘
13:26:04,32.66,0.0,20,65320,卖盘
13:26:06,32.66,0.0,11,35935,卖盘
13:26:10,32.67,0.01,31,101247,买盘
13:26:12,32.66,-0.01,10,32661,卖盘
13:26:16,32.66,0.0,2,6532,卖盘
13:26:18,32.67,0.01,2,6534,买盘
13:26:21,32.66,-0.01,30,97981,卖盘
13:26:24,32.67,0.01,44,143744,买盘
13:26:28,32.66,-0.01,5,16334,卖盘
13:26:30,32.67,0.01,14,45734,买盘
13:26:33,32.67,0.0,44,143738,买盘
13:26:36,32.67,0.0,37,120879,卖盘
13:26:40,32.67,0.0,39,127439,卖盘
13:26:42,32.66,-0.01,135,440950,卖盘
13:26:45,32.66,0.0,2,6532,买盘
13:26:48,32.65,-0.01,9,29388,卖盘
13:26:52,32.65,0.0,27,88155,卖盘
13:26:53,32.65,0.0,25,81640,卖盘
13:26:58,32.65,0.0,9,29390,卖盘
13:27:00,32.66,0.01,138,450704,买盘
13:27:04,32.66,0.0,72,235151,买盘
13:27:06,32.66,0.0,41,133906,卖盘
13:27:09,32.66,0.0,192,627446,卖盘
13:27:12,32.68,0.02,75,245098,买盘
13:27:16,32.67,-0.01,137,447690,卖盘
13:27:18,32.67,0.0,91,297383,卖盘
13:27:21,32.67,0.0,219,715760,卖盘
13:27:25,32.68,0.01,10,32676,买盘
13:27:27,32.69,0.01,115,375935,买盘
13:27:30,32.69,0.0,91,297479,买盘
13:27:33,32.69,0.0,60,196134,买盘
13:27:36,32.69,0.0,82,268017,买盘
13:27:40,32.69,0.0,19,62110,买盘
13:27:42,32.68,-0.01,66,215703,卖盘
13:27:45,32.67,-0.01,87,284321,卖盘
13:27:48,32.67,0.0,5,16335,买盘
13:27:52,32.66,-0.01,35,114316,卖盘
13:27:55,32.66,0.0,10,32664,卖盘
13:27:57,32.67,0.01,34,111078,买盘
13:28:00,32.67,0.0,54,176414,买盘
13:28:04,32.68,0.01,3,9804,买盘
13:28:06,32.67,-0.01,34,111080,卖盘
13:28:10,32.68,0.01,9,29417,中性盘
13:28:12,32.69,0.01,41,134003,买盘
13:28:16,32.68,-0.01,30,98068,卖盘
13:28:18,32.68,0.0,13,42487,卖盘
13:28:21,32.69,0.01,134,438017,买盘
13:28:25,32.69,0.0,2,6538,买盘
13:28:27,32.68,-0.01,9,29414,卖盘
13:28:30,32.68,0.0,210,686289,卖盘
13:28:34,32.69,0.01,16,52304,买盘
13:28:36,32.68,-0.01,36,117651,卖盘
13:28:40,32.69,0.01,3,9805,买盘
13:28:42,32.69,0.0,2,6538,买盘
13:28:45,32.68,-0.01,6,19610,卖盘
13:28:48,32.69,0.01,55,179793,买盘
13:28:52,32.68,-0.01,30,98040,卖盘
13:28:55,32.68,0.0,5,16341,卖盘
13:28:58,32.69,0.01,66,215754,买盘
13:29:01,32.69,0.0,90,294208,买盘
13:29:04,32.69,0.0,61,199405,卖盘
13:29:06,32.69,0.0,15,49035,买盘
13:29:10,32.69,0.0,17,55570,买盘
13:29:13,32.68,-0.01,36,117658,卖盘
13:29:16,32.68,0.0,43,140524,卖盘
13:29:19,32.69,0.01,162,529578,买盘
13:29:22,32.69,0.0,62,202678,卖盘
13:29:25,32.69,0.0,12,39228,卖盘
13:29:27,32.69,0.0,1,3269,卖盘
13:29:30,32.69,0.0,38,124226,卖盘
13:29:33,32.7,0.01,21,68663,买盘
13:29:36,32.69,-0.01,42,137308,卖盘
13:29:40,32.69,0.0,94,307286,卖盘
13:29:43,32.69,0.0,1,3269,卖盘
13:29:46,32.69,0.0,13,42497,卖盘
13:29:48,32.69,0.0,95,310555,买盘
13:29:52,32.69,0.0,30,98071,卖盘
13:29:55,32.69,0.0,7,22883,卖盘
13:29:57,32.67,-0.02,58,189540,卖盘
13:30:00,32.68,0.01,11,35948,买盘
13:30:04,32.68,0.0,24,78432,买盘
13:30:07,32.68,0.0,35,114380,卖盘
13:30:10,32.68,0.0,1,3268,卖盘
13:30:13,32.68,0.0,17,55567,卖盘
13:30:16,32.68,0.0,32,104591,卖盘
13:30:19,32.68,0.0,2,6536,卖盘
13:30:21,32.69,0.01,31,101310,买盘
13:30:24,32.69,0.0,9,29417,买盘
13:30:30,32.68,-0.01,9,29412,卖盘
13:30:33,32.69,0.01,88,287666,买盘
13:30:37,32.68,-0.01,49,160152,卖盘
13:30:39,32.68,0.0,2,6536,卖盘
13:30:42,32.68,0.0,4,13072,卖盘
13:30:45,32.69,0.01,241,787829,买盘
13:30:48,32.69,0.0,78,254982,买盘
13:30:51,32.68,-0.01,57,186313,卖盘
13:30:55,32.68,0.0,8,26144,卖盘
13:30:57,32.7,0.02,903,2952806,买盘
13:31:01,32.7,0.0,102,333556,买盘
13:31:04,32.71,0.01,15,49052,买盘
13:31:07,32.7,-0.01,128,418654,卖盘
13:31:09,32.7,0.0,56,183171,卖盘
13:31:13,32.71,0.01,115,376154,买盘
13:31:15,32.72,0.01,99,323897,买盘
13:31:19,32.71,-0.01,67,219189,中性盘
13:31:22,32.72,0.01,164,536403,买盘
13:31:25,32.71,-0.01,122,399104,卖盘
13:31:27,32.71,0.0,69,225695,买盘
13:31:30,32.7,-0.01,65,212550,卖盘
13:31:33,32.71,0.01,51,166778,买盘
13:31:37,32.69,-0.02,105,343248,卖盘
13:31:40,32.69,0.0,73,238649,卖盘
13:31:42,32.69,0.0,25,81733,卖盘
13:31:46,32.69,0.0,95,310563,卖盘
13:31:49,32.69,0.0,177,578633,卖盘
13:31:51,32.69,0.0,56,183065,卖盘
13:31:54,32.68,-0.01,47,153639,卖盘
13:32:01,32.68,0.0,22,71896,卖盘
13:32:04,32.7,0.02,52,169990,买盘
13:32:07,32.69,-0.01,14,45766,卖盘
13:32:10,32.69,0.0,81,264789,卖盘
13:32:13,32.69,0.0,8,26152,卖盘
13:32:18,32.69,0.0,60,196140,卖盘
13:32:21,32.69,0.0,34,111151,卖盘
13:32:25,32.7,0.01,34,111176,买盘
13:32:27,32.7,0.0,4,13080,买盘
13:32:30,32.69,-0.01,8,26154,卖盘
13:32:33,32.69,0.0,116,379221,卖盘
13:32:37,32.69,0.0,24,78457,卖盘
13:32:40,32.68,-0.01,12,39223,卖盘
13:32:42,32.68,0.0,3,9804,卖盘
13:32:45,32.69,0.01,19,62110,买盘
13:32:49,32.68,-0.01,6,19609,卖盘
13:32:52,32.68,0.0,38,124184,卖盘
13:32:55,32.69,0.01,38,124217,买盘
13:32:58,32.68,-0.01,24,78432,卖盘
13:33:01,32.69,0.01,52,169988,买盘
13:33:04,32.69,0.0,138,451119,买盘
13:33:07,32.68,-0.01,34,111142,卖盘
13:33:09,32.68,0.0,32,104576,卖盘
13:33:15,32.68,0.0,13,42486,卖盘
13:33:19,32.69,0.01,23,75184,买盘
13:33:21,32.68,-0.01,79,258227,卖盘
13:33:25,32.68,0.0,262,856592,卖盘
13:33:27,32.7,0.02,12,39238,买盘
13:33:30,32.7,0.0,27,88279,买盘
13:33:34,32.69,-0.01,101,330297,卖盘
13:33:37,32.7,0.01,104,340165,中性盘
13:33:40,32.71,0.01,54,176550,买盘
13:33:43,32.7,-0.01,76,248565,中性盘
13:33:46,32.71,0.01,48,156976,买盘
13:33:49,32.71,0.0,66,215883,买盘
13:33:52,32.69,-0.02,68,222422,卖盘
13:33:55,32.72,0.03,90,294329,买盘
13:33:57,32.71,-0.01,75,245398,卖盘
13:34:00,32.72,0.01,92,301012,买盘
13:34:03,32.72,0.0,59,193056,买盘
13:34:06,32.7,-0.02,226,739456,卖盘
13:34:10,32.7,0.0,24,78480,买盘
13:34:13,32.71,0.01,5,16355,买盘
13:34:15,32.71,0.0,9,29439,买盘
13:34:18,32.7,-0.01,34,111180,卖盘
13:34:21,32.7,0.0,104,340080,买盘
13:34:24,32.7,0.0,5,16350,卖盘
13:34:28,32.7,0.0,13,42509,买盘
13:34:31,32.7,0.0,128,418459,买盘
13:34:34,32.69,-0.01,43,140576,卖盘
13:34:37,32.7,0.01,39,127531,卖盘
13:34:40,32.69,-0.01,5,16346,卖盘
13:34:42,32.69,0.0,2,6538,卖盘
13:34:48,32.69,0.0,4,13076,卖盘
13:34:55,32.7,0.01,35,114419,买盘
13:34:57,32.7,0.0,6,19616,买盘
13:35:01,32.7,0.0,64,209280,买盘
13:35:04,32.7,0.0,2,6540,卖盘
13:35:06,32.7,0.0,5,16350,卖盘
13:35:10,32.7,0.0,29,94830,卖盘
13:35:13,32.7,0.0,12,39240,卖盘
13:35:16,32.7,0.0,18,58860,卖盘
13:35:19,32.7,0.0,70,228900,卖盘
13:35:22,32.7,0.0,15,49050,买盘
13:35:25,32.7,0.0,1,3270,买盘
13:35:28,32.7,0.0,13,42507,买盘
13:35:31,32.7,0.0,16,52320,买盘
13:35:34,32.7,0.0,2,6539,买盘
13:35:36,32.69,-0.01,141,460931,卖盘
13:35:40,32.7,0.01,40,130771,买盘
13:35:42,32.7,0.0,7,22890,买盘
13:35:46,32.69,-0.01,4,13076,卖盘
13:35:49,32.69,0.0,2,6539,卖盘
13:35:52,32.69,0.0,125,408625,卖盘
13:35:55,32.7,0.01,250,817259,买盘
13:35:58,32.69,-0.01,12,39228,卖盘
13:36:00,32.69,0.0,271,885898,卖盘
13:36:04,32.69,0.0,101,330169,买盘
13:36:06,32.68,-0.01,89,290852,卖盘
13:36:10,32.68,0.0,33,107846,卖盘
13:36:13,32.68,0.0,110,359481,卖盘
13:36:15,32.68,0.0,72,235276,卖盘
13:36:18,32.68,0.0,1,3268,买盘
13:36:22,32.67,-0.01,4,13068,卖盘
13:36:25,32.66,-0.01,42,137171,卖盘
13:36:28,32.66,0.0,2,6532,买盘
13:36:30,32.66,0.0,1,3266,买盘
13:36:34,32.65,-0.01,61,199176,卖盘
13:36:36,32.65,0.0,51,166515,卖盘
13:36:39,32.65,0.0,11,35920,卖盘
13:36:43,32.66,0.01,15,48976,买盘
13:36:46,32.65,-0.01,13,42446,卖盘
13:36:49,32.64,-0.01,25,81620,卖盘
13:36:51,32.65,0.01,1,3265,卖盘
13:36:54,32.64,-0.01,3,9792,卖盘
13:36:57,32.65,0.01,6,19590,买盘
13:37:01,32.65,0.0,135,440768,买盘
13:37:04,32.65,0.0,2,6530,卖盘
13:37:06,32.65,0.0,46,150199,卖盘
13:37:10,32.66,0.01,5,16326,买盘
13:37:12,32.65,-0.01,4,13060,卖盘
13:37:15,32.65,0.0,10,32650,卖盘
13:37:19,32.65,0.0,7,22855,卖盘
13:37:21,32.65,0.0,23,75112,卖盘
13:37:25,32.64,-0.01,23,75093,卖盘
13:37:27,32.64,0.0,2,6528,卖盘
13:37:31,32.64,0.0,2,6528,卖盘
13:37:34,32.65,0.01,6,19585,买盘
13:37:37,32.65,0.0,31,101186,买盘
13:37:40,32.64,-0.01,39,127301,卖盘
13:37:43,32.64,0.0,28,91392,卖盘
13:37:46,32.64,0.0,10,32640,卖盘
13:37:49,32.64,0.0,3,9792,卖盘
13:37:51,32.64,0.0,55,179520,卖盘
13:37:54,32.64,0.0,10,32640,买盘
13:37:58,32.64,0.0,108,352525,买盘
13:38:00,32.64,0.0,4,13059,卖盘
13:38:04,32.65,0.01,136,444039,买盘
13:38:06,32.64,-0.01,43,140354,卖盘
13:38:09,32.63,-0.01,8,26104,卖盘
13:38:12,32.64,0.01,71,231742,买盘
13:38:16,32.64,0.0,2,6528,买盘
13:38:18,32.64,0.0,10,32636,买盘
