time,price,change,volume,amount,type
09:25:05,33.47,0.06,980,3280060,卖盘
09:30:00,33.47,0.0,61,204125,买盘
09:30:03,33.48,0.01,495,1656863,买盘
09:30:06,33.48,0.0,372,1245563,卖盘
09:30:09,33.48,0.0,74,247727,卖盘
09:30:12,33.49,0.01,212,710084,买盘
09:30:14,33.5,0.01,428,1433420,买盘
09:30:18,33.51,0.01,595,1993458,买盘
09:30:21,33.51,0.0,259,868375,卖盘
09:30:24,33.55,0.04,128,429085,买盘
09:30:27,33.55,0.0,49,164337,买盘
09:30:30,33.57,0.02,69,231611,买盘
09:30:33,33.53,-0.04,48,161017,卖盘
09:30:36,33.52,-0.01,72,241392,卖盘
09:30:38,33.52,0.0,459,1540065,买盘
09:30:41,33.55,0.03,245,822268,买盘
09:30:44,33.53,-0.02,157,526695,卖盘
09:30:48,33.54,0.01,245,821190,卖盘
09:30:51,33.55,0.01,129,432710,买盘
09:30:54,33.54,-0.01,142,476400,中性盘
09:30:57,33.55,0.01,81,271622,中性盘
09:31:00,33.52,-0.03,113,378763,中性盘
09:31:03,33.52,0.0,248,831549,卖盘
09:31:06,33.55,0.03,99,331990,中性盘
09:31:08,33.52,-0.03,522,1749763,卖盘
09:31:12,33.54,0.02,157,526595,买盘
09:31:15,33.54,0.0,243,814897,买盘
09:31:18,33.53,-0.01,81,271570,买盘
09:31:21,33.53,0.0,96,321808,买盘
09:31:24,33.51,-0.02,189,633540,卖盘
09:31:26,33.52,0.01,203,680349,买盘
09:31:30,33.5,-0.02,74,247918,卖盘
09:31:33,33.5,0.0,1333,4465555,卖盘
09:31:35,33.46,-0.04,335,1121403,卖盘
09:31:39,33.46,0.0,620,2075464,卖盘
09:31:42,33.42,-0.04,132,441195,卖盘
09:31:45,33.41,-0.01,424,1419390,卖盘
09:31:47,33.39,-0.02,187,624490,卖盘
09:31:51,33.39,0.0,64,213711,卖盘
09:31:54,33.38,-0.01,745,2490646,卖盘
09:31:57,33.45,0.07,125,417582,买盘
09:31:59,33.49,0.04,82,274227,买盘
09:32:02,33.5,0.01,560,1875338,买盘
09:32:06,33.46,-0.04,137,458696,卖盘
09:32:09,33.49,0.03,36,120562,卖盘
09:32:12,33.49,0.0,30,100463,买盘
09:32:15,33.49,0.0,61,204345,卖盘
09:32:18,33.5,0.01,104,348397,买盘
09:32:21,33.5,0.0,125,418736,买盘
09:32:23,33.5,0.0,118,395298,买盘
09:32:27,33.5,0.0,408,1366516,卖盘
09:32:30,33.52,0.02,270,904846,买盘
09:32:33,33.5,-0.02,469,1572189,卖盘
09:32:36,33.5,0.0,254,850865,买盘
09:32:39,33.51,0.01,205,687066,买盘
09:32:42,33.53,0.02,139,465911,买盘
09:32:44,33.51,-0.02,176,590067,卖盘
09:32:48,33.53,0.02,165,553227,买盘
09:32:51,33.53,0.0,55,184412,卖盘
09:32:54,33.55,0.02,398,1335194,买盘
09:32:57,33.55,0.0,96,322058,买盘
09:33:00,33.53,-0.02,169,566466,卖盘
09:33:03,33.51,-0.02,57,191088,卖盘
09:33:05,33.53,0.02,15,50284,买盘
09:33:09,33.51,-0.02,41,137465,卖盘
09:33:12,33.53,0.02,145,486121,买盘
09:33:15,33.53,0.0,68,227937,买盘
09:33:18,33.51,-0.02,16,53624,中性盘
09:33:21,33.51,0.0,36,120648,卖盘
09:33:24,33.51,0.0,63,211182,卖盘
09:33:26,33.5,-0.01,12,40214,卖盘
09:33:30,33.52,0.02,55,184333,买盘
09:33:32,33.51,-0.01,91,304914,卖盘
09:33:36,33.51,0.0,188,630140,卖盘
09:33:39,33.51,0.0,230,770884,卖盘
09:33:42,33.51,0.0,35,117280,中性盘
09:33:45,33.5,-0.01,30,100508,卖盘
09:33:48,33.5,0.0,116,388612,卖盘
09:33:51,33.5,0.0,224,750324,卖盘
09:33:54,33.5,0.0,386,1293346,卖盘
09:33:57,33.48,-0.02,77,257947,卖盘
09:34:00,33.47,-0.01,52,174050,卖盘
09:34:03,33.48,0.01,581,1945391,买盘
09:34:06,33.48,0.0,251,840514,卖盘
09:34:09,33.49,0.01,128,428625,中性盘
09:34:12,33.49,0.0,263,880800,卖盘
09:34:15,33.49,0.0,375,1255877,买盘
09:34:18,33.49,0.0,218,730091,卖盘
09:34:21,33.47,-0.02,153,512243,卖盘
09:34:24,33.48,0.01,185,619382,买盘
09:34:26,33.47,-0.01,69,230931,卖盘
09:34:30,33.46,-0.01,76,254350,卖盘
09:34:33,33.44,-0.02,69,230858,卖盘
09:34:36,33.42,-0.02,24,80222,卖盘
09:34:39,33.41,-0.01,13,43449,卖盘
09:34:42,33.41,0.0,101,337572,买盘
09:34:45,33.43,0.02,216,721970,买盘
09:34:48,33.41,-0.02,97,324226,卖盘
09:34:51,33.42,0.01,89,297377,买盘
09:34:54,33.41,-0.01,27,90215,卖盘
09:34:57,33.42,0.01,54,180447,买盘
09:35:00,33.42,0.0,87,290680,买盘
09:35:03,33.42,0.0,482,1610014,买盘
09:35:06,33.42,0.0,305,1019263,卖盘
09:35:09,33.44,0.02,88,294190,买盘
09:35:12,33.42,-0.02,69,230710,卖盘
09:35:14,33.44,0.02,19,63531,买盘
09:35:18,33.44,0.0,33,110316,买盘
09:35:21,33.44,0.0,34,113696,卖盘
09:35:23,33.44,0.0,27,90280,买盘
09:35:27,33.44,0.0,113,377870,买盘
09:35:30,33.44,0.0,89,297651,卖盘
09:35:32,33.46,0.02,81,270993,中性盘
09:35:36,33.44,-0.02,27,90296,卖盘
09:35:39,33.46,0.02,10,33457,买盘
09:35:42,33.48,0.02,131,438308,买盘
09:35:45,33.46,-0.02,61,204136,中性盘
09:35:48,33.47,0.01,44,147299,中性盘
09:35:51,33.47,0.0,10,33466,买盘
09:35:55,33.46,-0.01,57,190825,卖盘
09:35:57,33.47,0.01,12,40164,卖盘
09:36:00,33.47,0.0,138,461838,买盘
09:36:03,33.48,0.01,591,1978596,买盘
09:36:06,33.47,-0.01,145,485444,卖盘
09:36:09,33.45,-0.02,320,1070770,卖盘
09:36:12,33.43,-0.02,530,1772408,卖盘
09:36:15,33.41,-0.02,359,1199643,卖盘
09:36:18,33.39,-0.02,269,897910,卖盘
09:36:21,33.33,-0.06,113,376896,卖盘
09:36:24,33.33,0.0,83,276668,卖盘
09:36:27,33.31,-0.02,60,199890,卖盘
09:36:30,33.3,-0.01,213,709454,卖盘
09:36:32,33.31,0.01,383,1275507,买盘
09:36:35,33.31,0.0,427,1422829,买盘
09:36:39,33.31,0.0,113,376564,卖盘
09:36:41,33.32,0.01,82,273199,中性盘
09:36:45,33.34,0.02,37,123313,买盘
09:36:48,33.33,-0.01,172,573277,卖盘
09:36:51,33.34,0.01,133,443211,买盘
09:36:54,33.34,0.0,122,406667,买盘
09:36:57,33.34,0.0,74,246685,买盘
09:36:59,33.33,-0.01,35,116664,卖盘
09:37:03,33.35,0.02,295,983464,买盘
09:37:06,33.35,0.0,95,317036,卖盘
09:37:08,33.35,0.0,132,440254,卖盘
09:37:12,33.35,0.0,27,90051,卖盘
09:37:15,33.35,0.0,105,350239,卖盘
09:37:18,33.36,0.01,8,26688,中性盘
09:37:21,33.36,0.0,33,110059,卖盘
09:37:24,33.36,0.0,12,40032,卖盘
09:37:27,33.39,0.03,4,13347,买盘
09:37:30,33.36,-0.03,24,80070,卖盘
09:37:33,33.37,0.01,52,173484,中性盘
09:37:35,33.36,-0.01,72,240328,卖盘
09:37:39,33.36,0.0,12,40042,卖盘
09:37:42,33.38,0.02,3,10012,买盘
09:37:45,33.37,-0.01,8,26696,卖盘
09:37:48,33.37,0.0,32,106802,卖盘
09:37:51,33.37,0.0,14,46722,卖盘
09:37:54,33.36,-0.01,85,283642,卖盘
09:37:57,33.36,0.0,74,246884,卖盘
09:38:00,33.36,0.0,352,1174296,卖盘
09:38:03,33.37,0.01,310,1034430,买盘
09:38:06,33.36,-0.01,389,1297988,卖盘
09:38:09,33.36,0.0,106,353629,卖盘
09:38:12,33.35,-0.01,266,887345,卖盘
09:38:15,33.35,0.0,94,313491,卖盘
09:38:18,33.35,0.0,74,246703,买盘
09:38:21,33.33,-0.02,36,120036,卖盘
09:38:24,33.33,0.0,66,219999,买盘
09:38:27,33.32,-0.01,6,19994,卖盘
09:38:30,33.32,0.0,55,183270,卖盘
09:38:32,33.32,0.0,106,353107,中性盘
09:38:36,33.31,-0.01,176,586309,卖盘
09:38:39,33.32,0.01,79,263157,买盘
09:38:41,33.3,-0.02,68,226544,卖盘
09:38:45,33.3,0.0,77,256507,卖盘
09:38:48,33.3,0.0,34,113240,卖盘
09:38:51,33.3,0.0,11,36637,卖盘
09:38:54,33.3,0.0,6,19980,卖盘
09:38:57,33.31,0.01,48,159863,买盘
09:39:00,33.31,0.0,66,219823,买盘
09:39:03,33.32,0.01,396,1319067,买盘
09:39:06,33.31,-0.01,345,1149400,卖盘
09:39:09,33.31,0.0,78,259818,卖盘
09:39:12,33.31,0.0,86,286491,卖盘
09:39:14,33.31,0.0,52,173214,卖盘
09:39:17,33.32,0.01,15,49973,买盘
09:39:21,33.31,-0.01,22,73302,卖盘
09:39:24,33.31,0.0,361,1202699,卖盘
09:39:26,33.31,0.0,200,666348,买盘
09:39:30,33.32,0.01,127,423195,中性盘
09:39:34,33.32,0.0,133,443225,卖盘
09:39:36,33.32,0.0,63,209932,卖盘
09:39:39,33.35,0.03,100,333282,买盘
09:39:42,33.34,-0.01,20,66662,中性盘
09:39:45,33.34,0.0,13,43339,买盘
09:39:47,33.34,0.0,19,63343,买盘
09:39:50,33.34,0.0,59,196702,买盘
09:39:54,33.34,0.0,60,200030,买盘
09:39:56,33.34,0.0,38,126680,买盘
09:40:00,33.33,-0.01,88,293344,卖盘
09:40:03,33.35,0.02,414,1380459,买盘
09:40:06,33.35,0.0,126,420210,卖盘
09:40:09,33.35,0.0,46,153423,卖盘
09:40:12,33.34,-0.01,34,113376,卖盘
09:40:15,33.34,0.0,307,1023546,卖盘
09:40:19,33.34,0.0,146,486806,卖盘
09:40:21,33.36,0.02,183,610318,买盘
09:40:24,33.36,0.0,23,76728,卖盘
09:40:27,33.36,0.0,41,136776,卖盘
09:40:30,33.35,-0.01,178,593913,卖盘
09:40:34,33.36,0.01,102,340206,买盘
09:40:36,33.35,-0.01,4,13340,卖盘
09:40:39,33.35,0.0,195,650420,卖盘
09:40:42,33.35,0.0,195,650231,买盘
09:40:45,33.34,-0.01,131,436801,卖盘
09:40:48,33.33,-0.01,189,630119,卖盘
09:40:51,33.34,0.01,86,286658,买盘
09:40:54,33.33,-0.01,211,703303,卖盘
09:40:57,33.33,0.0,126,419980,卖盘
09:41:00,33.34,0.01,117,389967,买盘
09:41:03,33.34,0.0,278,926836,买盘
09:41:06,33.34,0.0,366,1220244,卖盘
09:41:09,33.35,0.01,222,740267,买盘
09:41:13,33.34,-0.01,74,246754,卖盘
09:41:14,33.33,-0.01,118,393314,卖盘
09:41:19,33.35,0.02,272,906627,买盘
09:41:21,33.34,-0.01,24,80032,卖盘
09:41:23,33.33,-0.01,60,200000,卖盘
09:41:26,33.33,0.0,75,250026,卖盘
09:41:30,33.34,0.01,19,63332,买盘
09:41:34,33.33,-0.01,44,146657,卖盘
09:41:35,33.32,-0.01,93,309892,卖盘
09:41:39,33.33,0.01,47,156615,买盘
09:41:41,33.32,-0.01,45,149940,卖盘
09:41:44,33.32,0.0,40,133280,卖盘
09:41:47,33.32,0.0,14,46648,卖盘
09:41:52,33.32,0.0,216,719889,卖盘
09:41:54,33.33,0.01,126,419947,卖盘
09:41:56,33.33,0.0,52,173267,买盘
09:42:00,33.32,-0.01,24,79971,卖盘
09:42:04,33.33,0.01,121,403288,买盘
09:42:07,33.33,0.0,68,226647,卖盘
09:42:09,33.34,0.01,49,163339,买盘
09:42:13,33.33,-0.01,25,83325,卖盘
09:42:15,33.33,0.0,23,76659,卖盘
09:42:18,33.33,0.0,3,9999,卖盘
09:42:21,33.33,0.0,85,283312,卖盘
09:42:24,33.33,0.0,63,209990,卖盘
09:42:27,33.34,0.01,43,143338,买盘
09:42:30,33.34,0.0,18,59995,买盘
09:42:34,33.34,0.0,165,550099,买盘
09:42:36,33.34,0.0,30,100020,卖盘
09:42:39,33.35,0.01,70,233440,买盘
09:42:42,33.34,-0.01,11,36674,卖盘
09:42:46,33.34,0.0,206,686641,卖盘
09:42:49,33.33,-0.01,26,86669,卖盘
09:42:51,33.35,0.02,119,396807,买盘
09:42:54,33.35,0.0,18,60030,卖盘
09:42:57,33.35,0.0,5,16675,卖盘
09:43:01,33.35,0.0,15,50035,卖盘
09:43:03,33.37,0.02,289,964089,买盘
09:43:06,33.36,-0.01,88,293568,卖盘
09:43:09,33.36,0.0,57,190173,卖盘
09:43:12,33.36,0.0,17,56715,卖盘
09:43:14,33.36,0.0,13,43368,卖盘
09:43:19,33.36,0.0,12,40026,买盘
09:43:21,33.35,-0.01,33,110076,卖盘
09:43:24,33.36,0.01,11,36697,买盘
09:43:27,33.35,-0.01,127,423586,卖盘
09:43:29,33.36,0.01,47,156765,买盘
09:43:32,33.36,0.0,102,340197,买盘
09:43:36,33.36,0.0,30,100070,买盘
09:43:39,33.35,-0.01,25,83397,卖盘
09:43:43,33.35,0.0,6,20011,卖盘
09:43:46,33.36,0.01,87,290223,买盘
09:43:49,33.36,0.0,22,73373,买盘
09:43:52,33.35,-0.01,36,120061,卖盘
09:43:54,33.36,0.01,185,617124,买盘
09:43:57,33.35,-0.01,569,1897621,卖盘
09:44:00,33.34,-0.01,78,260111,卖盘
09:44:04,33.35,0.01,218,726985,买盘
09:44:06,33.35,0.0,49,163415,卖盘
09:44:10,33.36,0.01,65,216796,买盘
09:44:13,33.35,-0.01,274,913790,卖盘
09:44:16,33.34,-0.01,372,1240407,卖盘
09:44:19,33.33,-0.01,325,1083497,卖盘
09:44:21,33.33,0.0,240,799970,卖盘
09:44:25,33.32,-0.01,15,49987,卖盘
09:44:27,33.32,0.0,150,499800,卖盘
09:44:31,33.32,0.0,91,303213,卖盘
09:44:34,33.32,0.0,113,376530,卖盘
09:44:37,33.33,0.01,20,66644,买盘
09:44:39,33.32,-0.01,71,236586,卖盘
09:44:42,33.33,0.01,104,346586,买盘
09:44:46,33.32,-0.01,117,389845,卖盘
09:44:47,33.32,0.0,76,253232,卖盘
09:44:50,33.31,-0.01,262,872738,卖盘
09:44:54,33.32,0.01,131,436425,买盘
09:44:57,33.31,-0.01,74,246494,卖盘
09:45:00,33.31,0.0,186,619577,卖盘
09:45:03,33.32,0.01,400,1332764,买盘
09:45:06,33.32,0.0,123,409839,卖盘
09:45:10,33.32,0.0,63,209967,卖盘
09:45:12,33.32,0.0,151,503132,卖盘
09:45:16,33.33,0.01,67,223264,买盘
09:45:19,33.33,0.0,63,209917,买盘
09:45:22,33.32,-0.01,67,223297,卖盘
09:45:25,33.32,0.0,82,273218,卖盘
09:45:26,33.31,-0.01,35,116592,卖盘
09:45:31,33.32,0.01,67,223236,买盘
09:45:34,33.31,-0.01,69,229848,卖盘
09:45:36,33.3,-0.01,77,256510,卖盘
09:45:39,33.32,0.02,26,86645,中性盘
09:45:41,33.33,0.01,121,403291,买盘
09:45:45,33.34,0.01,61,203306,买盘
09:45:49,33.33,-0.01,48,159947,买盘
09:45:51,33.33,0.0,16,53326,买盘
09:45:55,33.32,-0.01,120,399844,卖盘
09:45:57,33.32,0.0,40,133283,卖盘
09:45:59,33.32,0.0,18,59980,卖盘
09:46:04,33.34,0.02,148,493319,买盘
09:46:07,33.34,0.0,59,196839,卖盘
09:46:09,33.34,0.0,91,303481,卖盘
09:46:12,33.34,0.0,24,80026,卖盘
09:46:16,33.34,0.0,84,280075,卖盘
09:46:19,33.34,0.0,21,70015,卖盘
09:46:22,33.34,0.0,68,226753,卖盘
09:46:24,33.35,0.01,62,206755,买盘
09:46:27,33.34,-0.01,5,16671,卖盘
09:46:29,33.35,0.01,86,286781,买盘
09:46:33,33.35,0.0,62,206761,买盘
09:46:37,33.35,0.0,52,173412,买盘
09:46:40,33.35,0.0,16,53356,买盘
09:46:42,33.35,0.0,21,70034,买盘
09:46:46,33.35,0.0,61,203434,买盘
09:46:49,33.35,0.0,63,210098,买盘
09:46:52,33.35,0.0,35,116725,买盘
09:46:54,33.35,0.0,2,6670,卖盘
09:46:56,33.35,0.0,3,10006,卖盘
09:47:00,33.35,0.0,9,30017,卖盘
09:47:04,33.35,0.0,385,1284340,卖盘
09:47:06,33.36,0.01,59,196779,买盘
09:47:09,33.35,-0.01,4,13338,中性盘
09:47:12,33.34,-0.01,112,373628,卖盘
09:47:16,33.34,0.0,30,100087,卖盘
09:47:19,33.34,0.0,104,346758,卖盘
09:47:22,33.35,0.01,111,370076,中性盘
09:47:24,33.34,-0.01,14,46667,买盘
09:47:26,33.36,0.02,6,20010,买盘
09:47:29,33.36,0.0,26,86733,买盘
09:47:34,33.34,-0.02,17,56692,卖盘
09:47:37,33.34,0.0,4,13337,卖盘
09:47:41,33.35,0.01,28,93378,买盘
09:47:46,33.36,0.01,10,33359,买盘
09:47:48,33.35,-0.01,146,486927,卖盘
09:47:52,33.35,0.0,41,136746,卖盘
09:47:54,33.35,0.0,12,40026,卖盘
09:47:56,33.35,0.0,7,23347,卖盘
09:48:01,33.36,0.01,19,63378,买盘
09:48:02,33.37,0.01,300,1002203,买盘
09:48:05,33.38,0.01,304,1014711,买盘
09:48:09,33.37,-0.01,47,156859,卖盘
09:48:12,33.38,0.01,112,373618,买盘
09:48:14,33.37,-0.01,30,100126,中性盘
09:48:19,33.36,-0.01,1,3336,卖盘
09:48:21,33.38,0.02,4,13349,买盘
09:48:24,33.36,-0.02,7,22952,卖盘
09:48:28,33.36,0.0,18,60048,卖盘
09:48:29,33.37,0.01,19,63411,买盘
09:48:34,33.37,0.0,13,43382,卖盘
09:48:36,33.38,0.01,28,93460,买盘
09:48:39,33.37,-0.01,63,210286,卖盘
09:48:42,33.37,0.0,3,10012,卖盘
09:48:45,33.38,0.01,5,16689,买盘
09:48:49,33.38,0.0,6,20030,卖盘
09:48:52,33.38,0.0,53,176919,卖盘
09:48:54,33.37,-0.01,37,123501,卖盘
09:48:57,33.37,0.0,23,76770,卖盘
09:49:01,33.38,0.01,6,20026,中性盘
09:49:02,33.39,0.01,150,500829,买盘
09:49:07,33.39,0.0,37,123546,卖盘
09:49:10,33.39,0.0,52,173663,卖盘
09:49:12,33.39,0.0,14,46749,卖盘
09:49:16,33.39,0.0,333,1111957,卖盘
09:49:19,33.39,0.0,39,130194,买盘
09:49:22,33.38,-0.01,47,157128,卖盘
09:49:24,33.38,0.0,589,1967313,卖盘
09:49:27,33.38,0.0,142,473831,卖盘
09:49:31,33.37,-0.01,23,76767,卖盘
09:49:34,33.37,0.0,145,483874,卖盘
09:49:37,33.37,0.0,38,126795,买盘
09:49:40,33.37,0.0,27,90105,买盘
09:49:42,33.36,-0.01,30,100097,卖盘
09:49:44,33.36,0.0,47,156816,卖盘
09:49:48,33.37,0.01,73,243598,买盘
09:49:52,33.36,-0.01,14,46704,卖盘
09:49:55,33.36,0.0,37,123834,卖盘
09:49:58,33.36,0.0,6,20013,买盘
09:50:01,33.35,-0.01,36,120091,卖盘
09:50:04,33.37,0.02,132,440041,买盘
09:50:05,33.37,0.0,32,106784,卖盘
09:50:10,33.37,0.0,121,403799,卖盘
09:50:12,33.37,0.0,16,53397,卖盘
09:50:16,33.38,0.01,75,250280,买盘
09:50:19,33.37,-0.01,98,327041,卖盘
09:50:22,33.37,0.0,112,373758,卖盘
09:50:25,33.37,0.0,13,43373,买盘
09:50:26,33.36,-0.01,28,93408,卖盘
09:50:31,33.36,0.0,16,53380,卖盘
09:50:34,33.36,0.0,9,30028,卖盘
09:50:37,33.36,0.0,15,50053,卖盘
09:50:40,33.37,0.01,27,90085,买盘
09:50:42,33.36,-0.01,47,156833,卖盘
09:50:46,33.37,0.01,20,66730,买盘
09:50:48,33.36,-0.01,9,30026,卖盘
09:50:52,33.36,0.0,14,46712,卖盘
09:50:55,33.36,0.0,26,86738,卖盘
09:50:57,33.37,0.01,40,133463,买盘
09:51:01,33.36,-0.01,16,53377,卖盘
09:51:04,33.36,0.0,145,483837,卖盘
09:51:07,33.37,0.01,141,470486,买盘
09:51:10,33.37,0.0,43,143511,卖盘
09:51:13,33.37,0.0,7,23359,卖盘
09:51:16,33.38,0.01,55,183577,买盘
09:51:19,33.37,-0.01,13,43383,卖盘
09:51:22,33.37,0.0,5,16685,卖盘
09:51:25,33.37,0.0,45,149932,卖盘
09:51:26,33.38,0.01,128,427242,买盘
09:51:29,33.37,-0.01,22,73694,卖盘
09:51:33,33.36,-0.01,7,23358,卖盘
09:51:37,33.37,0.01,21,69810,买盘
09:51:40,33.37,0.0,18,60076,卖盘
09:51:43,33.37,0.0,8,26696,卖盘
09:51:46,33.37,0.0,33,110148,卖盘
09:51:49,33.38,0.01,99,330454,买盘
09:51:52,33.37,-0.01,47,157106,卖盘
09:51:55,33.36,-0.01,45,150174,卖盘
09:51:58,33.38,0.02,6,20024,买盘
09:52:01,33.36,-0.02,40,133471,卖盘
09:52:04,33.37,0.01,24,80082,中性盘
09:52:07,33.38,0.01,167,557412,买盘
09:52:10,33.38,0.0,33,110174,卖盘
09:52:13,33.38,0.0,148,494155,卖盘
09:52:16,33.39,0.01,100,333953,买盘
09:52:17,33.37,-0.02,26,86795,卖盘
09:52:22,33.38,0.01,7,23371,中性盘
09:52:24,33.39,0.01,4,13355,买盘
09:52:28,33.38,-0.01,18,60095,卖盘
09:52:31,33.39,0.01,11,36722,买盘
09:52:34,33.38,-0.01,32,106842,卖盘
09:52:37,33.38,0.0,67,223653,卖盘
09:52:39,33.38,0.0,32,106808,买盘
09:52:43,33.37,-0.01,108,360434,卖盘
09:52:46,33.37,0.0,78,260243,买盘
09:52:48,33.36,-0.01,64,213916,卖盘
09:52:52,33.36,0.0,26,86724,买盘
09:52:54,33.35,-0.01,44,146778,卖盘
09:52:56,33.35,0.0,15,50030,卖盘
09:53:01,33.35,0.0,14,46699,卖盘
09:53:02,33.35,0.0,159,530388,卖盘
09:53:07,33.35,0.0,316,1053736,卖盘
09:53:10,33.35,0.0,51,170137,卖盘
09:53:13,33.36,0.01,16,53372,买盘
09:53:16,33.36,0.0,6,20017,卖盘
09:53:19,33.35,-0.01,40,133406,卖盘
09:53:22,33.35,0.0,30,100074,卖盘
09:53:25,33.36,0.01,33,110429,中性盘
09:53:26,33.36,0.0,35,115567,买盘
09:53:31,33.35,-0.01,27,90060,买盘
09:53:32,33.35,0.0,11,36686,卖盘
09:53:36,33.35,0.0,17,56687,买盘
09:53:39,33.34,-0.01,122,406768,卖盘
09:53:43,33.34,0.0,2,6668,卖盘
09:53:46,33.34,0.0,172,573325,买盘
09:53:48,33.32,-0.02,107,356530,卖盘
09:53:52,33.31,-0.01,354,1179246,卖盘
09:53:55,33.3,-0.01,1113,3706443,卖盘
09:53:58,33.3,0.0,1893,6303690,卖盘
09:54:00,33.27,-0.03,80,266249,卖盘
09:54:04,33.25,-0.02,447,1487419,卖盘
09:54:06,33.28,0.03,547,1822883,买盘
09:54:10,33.26,-0.02,130,432503,卖盘
09:54:13,33.26,0.0,56,186309,买盘
09:54:15,33.28,0.02,140,465982,买盘
09:54:19,33.26,-0.02,73,242978,卖盘
09:54:22,33.26,0.0,22,73177,卖盘
09:54:24,33.26,0.0,86,285154,卖盘
09:54:28,33.26,0.0,128,425744,卖盘
09:54:29,33.26,0.0,136,452395,卖盘
09:54:34,33.26,0.0,42,139733,卖盘
09:54:37,33.26,0.0,43,143028,卖盘
09:54:40,33.26,0.0,79,262828,卖盘
09:54:43,33.26,0.0,73,242837,卖盘
09:54:45,33.26,0.0,104,345904,卖盘
09:54:48,33.27,0.01,52,173000,买盘
09:54:52,33.26,-0.01,27,89822,卖盘
09:54:55,33.25,-0.01,258,859041,卖盘
09:54:58,33.26,0.01,17,56529,买盘
09:55:01,33.25,-0.01,262,871176,卖盘
09:55:04,33.25,0.0,510,1692752,卖盘
09:55:07,33.27,0.02,299,997364,买盘
09:55:10,33.26,-0.01,37,123076,中性盘
09:55:13,33.25,-0.01,85,282630,卖盘
09:55:16,33.26,0.01,25,83150,卖盘
09:55:19,33.27,0.01,35,116427,买盘
09:55:21,33.25,-0.02,19,63179,卖盘
09:55:25,33.27,0.02,88,292724,买盘
09:55:28,33.26,-0.01,19,63197,卖盘
09:55:31,33.27,0.01,8,26612,买盘
09:55:34,33.27,0.0,225,748547,买盘
09:55:37,33.26,-0.01,9,29934,卖盘
09:55:40,33.26,0.0,60,199576,卖盘
09:55:41,33.27,0.01,44,146376,买盘
09:55:45,33.26,-0.01,22,73172,卖盘
09:55:48,33.27,0.01,71,235289,买盘
09:55:51,33.27,0.0,8,26616,卖盘
09:55:55,33.27,0.0,16,53238,卖盘
09:55:57,33.28,0.01,27,89840,买盘
09:56:01,33.27,-0.01,3,9983,卖盘
09:56:04,33.28,0.01,169,562411,买盘
09:56:07,33.28,0.0,190,632318,买盘
09:56:09,33.29,0.01,44,146472,买盘
09:56:13,33.28,-0.01,14,46595,卖盘
09:56:16,33.29,0.01,11,36614,买盘
09:56:19,33.28,-0.01,47,156457,卖盘
09:56:22,33.28,0.0,18,59915,卖盘
09:56:25,33.29,0.01,88,292871,买盘
09:56:26,33.29,0.0,117,389395,买盘
09:56:30,33.29,0.0,26,86566,卖盘
09:56:33,33.3,0.01,45,149844,买盘
09:56:37,33.29,-0.01,7,23309,卖盘
09:56:40,33.29,0.0,325,1082238,卖盘
09:56:42,33.29,0.0,31,103224,卖盘
09:56:44,33.3,0.01,99,329624,买盘
09:56:49,33.29,-0.01,3,9987,卖盘
09:56:52,33.29,0.0,1,3329,卖盘
09:56:55,33.3,0.01,84,279718,买盘
09:56:58,33.29,-0.01,20,66585,卖盘
09:57:01,33.3,0.01,10,33300,买盘
09:57:04,33.29,-0.01,141,469509,卖盘
09:57:07,33.3,0.01,155,516151,买盘
09:57:09,33.3,0.0,87,289755,卖盘
09:57:13,33.29,-0.01,246,819165,卖盘
09:57:15,33.3,0.01,7,23309,买盘
09:57:19,33.3,0.0,59,196470,买盘
09:57:22,33.29,-0.01,4,13316,卖盘
09:57:24,33.3,0.01,33,109887,买盘
09:57:28,33.29,-0.01,17,56593,卖盘
09:57:30,33.3,0.01,48,159815,买盘
09:57:33,33.31,0.01,355,1182097,买盘
09:57:37,33.28,-0.03,11,36626,卖盘
09:57:40,33.29,0.01,6,19979,卖盘
09:57:46,33.27,-0.02,290,965852,卖盘
09:57:48,33.27,0.0,1,3327,买盘
09:57:52,33.26,-0.01,10,33265,卖盘
09:57:55,33.26,0.0,4,13307,卖盘
09:57:56,33.27,0.01,14,46574,买盘
09:58:01,33.26,-0.01,74,246124,卖盘
09:58:04,33.26,0.0,166,552255,卖盘
09:58:06,33.28,0.02,176,584601,买盘
09:58:09,33.27,-0.01,65,216288,卖盘
09:58:13,33.27,0.0,6,19962,卖盘
09:58:15,33.27,0.0,27,89829,卖盘
09:58:18,33.27,0.0,24,79893,卖盘
09:58:22,33.27,0.0,44,146466,卖盘
09:58:24,33.28,0.01,17,56561,买盘
09:58:28,33.28,0.0,17,56576,卖盘
09:58:30,33.28,0.0,21,69888,卖盘
09:58:34,33.28,0.0,25,83185,卖盘
09:58:36,33.27,-0.01,12,39933,卖盘
09:58:40,33.28,0.01,4,13311,买盘
09:58:42,33.27,-0.01,17,56560,卖盘
09:58:45,33.27,0.0,28,93180,卖盘
09:58:49,33.28,0.01,31,103143,买盘
09:58:51,33.27,-0.01,144,479089,卖盘
09:58:54,33.25,-0.02,503,1672893,卖盘
09:58:58,33.27,0.02,121,402559,买盘
09:59:01,33.27,0.0,113,376038,卖盘
09:59:03,33.27,0.0,355,1181281,卖盘
09:59:07,33.28,0.01,38,126466,买盘
09:59:09,33.28,0.0,58,193676,卖盘
09:59:12,33.28,0.0,100,332800,卖盘
09:59:15,33.28,0.0,61,203008,卖盘
09:59:19,33.29,0.01,27,89863,买盘
09:59:21,33.28,-0.01,122,406036,卖盘
09:59:24,33.29,0.01,66,219712,买盘
09:59:27,33.29,0.0,42,139854,卖盘
09:59:30,33.29,0.0,58,193085,卖盘
09:59:34,33.29,0.0,1,3329,卖盘
09:59:37,33.29,0.0,1,3329,卖盘
09:59:40,33.29,0.0,34,113203,卖盘
09:59:42,33.29,0.0,39,129863,卖盘
09:59:46,33.29,0.0,7,23303,卖盘
09:59:49,33.28,-0.01,118,392821,卖盘
09:59:52,33.28,0.0,1,3328,卖盘
09:59:55,33.28,0.0,6,19968,卖盘
09:59:58,33.28,0.0,60,199685,卖盘
10:00:00,33.29,0.01,77,256317,买盘
10:00:04,33.29,0.0,130,432756,买盘
10:00:07,33.27,-0.02,312,1038889,卖盘
10:00:10,33.3,0.03,20,66586,买盘
10:00:12,33.29,-0.01,97,322909,买盘
10:00:15,33.29,0.0,38,126532,卖盘
10:00:18,33.3,0.01,161,536076,买盘
10:00:21,33.31,0.01,666,2218257,买盘
10:00:25,33.34,0.03,762,2539683,买盘
10:00:26,33.37,0.03,433,1442241,买盘
10:00:31,33.38,0.01,79,263697,买盘
10:00:33,33.39,0.01,94,313859,买盘
10:00:36,33.39,0.0,37,124535,买盘
10:00:40,33.4,0.01,10,33397,买盘
10:00:43,33.39,-0.01,19,63441,卖盘
10:00:45,33.4,0.01,77,257149,买盘
10:00:49,33.4,0.0,55,183698,买盘
10:00:51,33.4,0.0,7,23380,卖盘
10:00:54,33.38,-0.02,197,657655,卖盘
10:00:57,33.38,0.0,18,60084,买盘
10:01:00,33.36,-0.02,1,3336,卖盘
10:01:02,33.36,0.0,151,503992,卖盘
10:01:05,33.38,0.02,355,1184988,买盘
10:01:10,33.38,0.0,118,393904,卖盘
10:01:12,33.38,0.0,162,540756,卖盘
10:01:16,33.38,0.0,7,23366,买盘
10:01:18,33.36,-0.02,3,10008,卖盘
10:01:21,33.36,0.0,2,6672,卖盘
10:01:24,33.36,0.0,73,243594,卖盘
10:01:27,33.36,0.0,57,190192,卖盘
10:01:30,33.36,0.0,20,66720,买盘
10:01:33,33.37,0.01,282,940974,买盘
10:01:36,33.36,-0.01,138,460502,卖盘
10:01:39,33.33,-0.03,2,6669,卖盘
10:01:42,33.33,0.0,8,26676,卖盘
10:01:44,33.36,0.03,48,160085,买盘
10:01:49,33.33,-0.03,12,40028,卖盘
10:01:51,33.33,0.0,1,3333,买盘
10:01:55,33.32,-0.01,10,33320,卖盘
10:01:57,33.33,0.01,7,23330,买盘
10:02:00,33.32,-0.01,29,96662,卖盘
10:02:03,33.34,0.02,6,20002,买盘
10:02:07,33.34,0.0,41,136734,卖盘
10:02:09,33.36,0.02,21,70054,买盘
10:02:12,33.36,0.0,26,86728,买盘
10:02:15,33.34,-0.02,104,346742,卖盘
10:02:17,33.34,0.0,15,50011,卖盘
10:02:21,33.34,0.0,1,3334,卖盘
10:02:24,33.34,0.0,3,10002,卖盘
10:02:28,33.35,0.01,38,126763,买盘
10:02:33,33.36,0.01,489,1631303,买盘
10:02:36,33.36,0.0,14,46705,卖盘
10:02:39,33.36,0.0,1,3336,卖盘
10:02:42,33.37,0.01,11,36704,买盘
10:02:45,33.35,-0.02,45,149281,卖盘
10:02:48,33.37,0.02,69,230251,买盘
10:02:51,33.35,-0.02,32,106721,卖盘
10:02:55,33.36,0.01,11,36694,买盘
10:02:57,33.36,0.0,105,350274,买盘
10:03:00,33.36,0.0,2,6672,买盘
10:03:03,33.36,0.0,33,110087,买盘
10:03:06,33.36,0.0,285,951026,卖盘
10:03:09,33.36,0.0,5,16680,卖盘
10:03:12,33.36,0.0,72,240212,卖盘
10:03:15,33.36,0.0,21,70076,卖盘
10:03:17,33.37,0.01,55,183516,买盘
10:03:21,33.36,-0.01,35,116784,卖盘
10:03:24,33.37,0.01,5,16684,买盘
10:03:28,33.36,-0.01,1,3336,卖盘
10:03:30,33.36,0.0,15,50043,卖盘
10:03:34,33.37,0.01,3,10011,买盘
10:03:36,33.36,-0.01,14,46717,卖盘
10:03:39,33.36,0.0,41,136813,卖盘
10:03:41,33.36,0.0,4,13344,卖盘
10:03:45,33.36,0.0,12,40032,卖盘
10:03:47,33.36,0.0,1,3336,卖盘
10:03:51,33.36,0.0,11,36705,卖盘
10:03:55,33.37,0.01,9,30031,买盘
10:03:57,33.37,0.0,13,43378,买盘
10:04:00,33.36,-0.01,6,20016,卖盘
10:04:03,33.37,0.01,173,577259,买盘
10:04:05,33.36,-0.01,238,794191,卖盘
10:04:08,33.36,0.0,10,33360,卖盘
10:04:12,33.36,0.0,22,73412,卖盘
10:04:14,33.36,0.0,52,173503,卖盘
10:04:17,33.36,0.0,3,10008,买盘
10:04:21,33.36,0.0,2,6672,买盘
10:04:24,33.35,-0.01,13,43365,卖盘
10:04:27,33.36,0.01,6,20015,买盘
10:04:30,33.35,-0.01,9,30015,卖盘
10:04:33,33.35,0.0,2,6670,卖盘
10:04:36,33.35,0.0,3,10005,卖盘
10:04:41,33.35,0.0,8,26683,卖盘
10:04:45,33.35,0.0,2,6670,卖盘
10:04:48,33.36,0.01,59,196817,买盘
10:04:51,33.35,-0.01,19,63367,卖盘
10:04:55,33.34,-0.01,1,3334,卖盘
10:04:57,33.34,0.0,10,33348,卖盘
10:05:00,33.34,0.0,2,6668,卖盘
10:05:03,33.33,-0.01,140,466864,卖盘
10:05:05,33.35,0.02,71,236804,买盘
10:05:09,33.35,0.0,3,10005,卖盘
10:05:12,33.35,0.0,95,316826,卖盘
10:05:14,33.35,0.0,15,50023,卖盘
10:05:18,33.33,-0.02,21,69993,卖盘
10:05:21,33.33,0.0,9,29997,卖盘
10:05:23,33.35,0.02,306,1020544,买盘
10:05:27,33.34,-0.01,4,13336,中性盘
10:05:30,33.35,0.01,8,26671,买盘
10:05:33,33.35,0.0,54,180068,买盘
10:05:36,33.33,-0.02,35,116661,卖盘
10:05:38,33.33,0.0,12,39996,卖盘
10:05:42,33.32,-0.01,44,146618,卖盘
10:05:45,33.31,-0.01,41,136578,卖盘
10:05:48,33.31,0.0,12,39972,卖盘
10:05:51,33.3,-0.01,62,206460,卖盘
10:05:54,33.3,0.0,93,309697,卖盘
10:05:58,33.3,0.0,55,183151,卖盘
10:06:00,33.3,0.0,135,449632,卖盘
10:06:03,33.29,-0.01,149,496295,卖盘
10:06:06,33.32,0.03,322,1072815,买盘
10:06:09,33.29,-0.03,36,119860,卖盘
10:06:12,33.3,0.01,56,186573,买盘
10:06:14,33.3,0.0,32,106536,买盘
10:06:17,33.3,0.0,4,13319,买盘
10:06:21,33.29,-0.01,79,263042,卖盘
10:06:24,33.29,0.0,39,129831,卖盘
10:06:26,33.29,0.0,23,76567,卖盘
10:06:30,33.3,0.01,196,652666,买盘
10:06:33,33.31,0.01,54,179810,买盘
10:06:36,33.3,-0.01,10,33300,卖盘
10:06:39,33.31,0.01,4,13324,买盘
10:06:42,33.31,0.0,11,36640,买盘
10:06:45,33.3,-0.01,33,109911,卖盘
10:06:48,33.31,0.01,46,153185,买盘
10:06:51,33.3,-0.01,2,6660,卖盘
10:06:54,33.3,0.0,32,106591,卖盘
10:06:57,33.31,0.01,5,16654,买盘
10:07:00,33.31,0.0,6,19982,买盘
10:07:03,33.31,0.0,146,486306,买盘
10:07:06,33.32,0.01,73,243179,买盘
10:07:09,33.32,0.0,56,186551,买盘
10:07:12,33.32,0.0,4,13325,买盘
10:07:14,33.31,-0.01,2,6662,卖盘
10:07:18,33.31,0.0,6,19986,卖盘
10:07:21,33.31,0.0,4,13325,卖盘
10:07:24,33.32,0.01,27,89942,买盘
10:07:27,33.32,0.0,3,9995,买盘
10:07:29,33.31,-0.01,56,186572,卖盘
10:07:33,33.32,0.01,17,56641,买盘
10:07:36,33.31,-0.01,100,333106,卖盘
10:07:38,33.31,0.0,46,153230,卖盘
10:07:41,33.31,0.0,70,233176,卖盘
10:07:45,33.31,0.0,15,49971,卖盘
10:07:48,33.3,-0.01,142,472860,卖盘
10:07:51,33.29,-0.01,22,73238,卖盘
10:07:54,33.29,0.0,15,49937,卖盘
10:07:57,33.3,0.01,28,93237,买盘
10:07:59,33.29,-0.01,21,69910,卖盘
10:08:03,33.3,0.01,151,502808,买盘
10:08:06,33.31,0.01,22,73278,买盘
10:08:09,33.32,0.01,138,459698,买盘
10:08:11,33.31,-0.01,11,36644,卖盘
10:08:15,33.31,0.0,43,143263,卖盘
10:08:17,33.32,0.01,2,6663,买盘
10:08:21,33.31,-0.01,5,16655,卖盘
10:08:24,33.32,0.01,4,13328,买盘
10:08:26,33.32,0.0,55,183258,买盘
10:08:30,33.32,0.0,7,23320,买盘
10:08:33,33.31,-0.01,29,96607,卖盘
10:08:36,33.31,0.0,45,149887,卖盘
10:08:39,33.3,-0.01,3,9991,卖盘
10:08:42,33.31,0.01,11,36634,买盘
10:08:44,33.3,-0.01,1,3330,卖盘
10:08:48,33.3,0.0,3,9990,卖盘
10:08:50,33.31,0.01,25,83268,买盘
10:08:54,33.3,-0.01,1,3330,卖盘
10:08:57,33.3,0.0,15,49950,卖盘
10:09:00,33.3,0.0,57,189812,卖盘
10:09:02,33.29,-0.01,157,522920,卖盘
10:09:06,33.31,0.02,107,356390,买盘
10:09:08,33.31,0.0,24,79944,卖盘
10:09:11,33.32,0.01,12,39982,买盘
10:09:15,33.31,-0.01,23,76613,卖盘
10:09:18,33.31,0.0,4,13324,卖盘
10:09:21,33.31,0.0,51,169916,卖盘
10:09:23,33.31,0.0,2,6662,卖盘
10:09:27,33.31,0.0,40,133239,买盘
10:09:30,33.31,0.0,10,33310,买盘
10:09:32,33.3,-0.01,6,19983,卖盘
10:09:36,33.3,0.0,2,6660,卖盘
10:09:39,33.31,0.01,2,6661,买盘
10:09:42,33.3,-0.01,74,246471,卖盘
10:09:45,33.3,0.0,11,36630,买盘
10:09:48,33.3,0.0,4,13320,买盘
10:09:51,33.31,0.01,17,56620,买盘
10:09:54,33.3,-0.01,4,13320,卖盘
10:09:56,33.3,0.0,4,13321,卖盘
10:10:00,33.29,-0.01,117,389586,卖盘
10:10:02,33.3,0.01,45,149848,买盘
10:10:05,33.3,0.0,54,179871,卖盘
10:10:09,33.3,0.0,64,213120,卖盘
10:10:12,33.3,0.0,2,6660,卖盘
10:10:15,33.3,0.0,2,6660,卖盘
10:10:17,33.3,0.0,120,399600,卖盘
10:10:21,33.3,0.0,101,336390,卖盘
10:10:24,33.29,-0.01,57,189777,卖盘
10:10:27,33.3,0.01,21,69910,买盘
10:10:30,33.29,-0.01,42,139818,卖盘
10:10:33,33.29,0.0,8,26632,卖盘
10:10:36,33.29,0.0,8,26632,卖盘
10:10:39,33.29,0.0,9,29961,卖盘
10:10:41,33.29,0.0,17,56600,卖盘
10:10:45,33.29,0.0,75,249747,卖盘
10:10:47,33.29,0.0,39,129862,卖盘
10:10:51,33.29,0.0,6,19974,卖盘
10:10:53,33.29,0.0,13,43269,买盘
10:10:57,33.29,0.0,82,272899,买盘
10:11:00,33.28,-0.01,34,113154,卖盘
10:11:03,33.28,0.0,165,549237,卖盘
10:11:06,33.29,0.01,96,319581,买盘
10:11:08,33.29,0.0,84,279656,卖盘
10:11:11,33.29,0.0,6,19974,卖盘
10:11:15,33.29,0.0,4,13316,卖盘
10:11:18,33.29,0.0,13,43277,卖盘
10:11:20,33.29,0.0,35,116518,卖盘
10:11:24,33.29,0.0,14,46606,卖盘
10:11:27,33.29,0.0,5,16645,卖盘
10:11:33,33.29,0.0,7,23307,卖盘
10:11:36,33.29,0.0,9,29966,卖盘
10:11:42,33.29,0.0,35,116519,卖盘
10:11:45,33.29,0.0,20,66580,买盘
10:11:48,33.28,-0.01,3,9984,卖盘
10:11:50,33.29,0.01,244,812040,买盘
10:11:54,33.28,-0.01,12,39938,卖盘
10:11:57,33.28,0.0,127,422680,卖盘
10:11:59,33.29,0.01,34,113169,买盘
10:12:03,33.28,-0.01,168,559221,卖盘
10:12:06,33.29,0.01,220,732380,买盘
10:12:08,33.29,0.0,73,243070,卖盘
10:12:12,33.29,0.0,7,23303,卖盘
10:12:15,33.3,0.01,1,3330,买盘
10:12:18,33.29,-0.01,65,216441,卖盘
10:12:20,33.29,0.0,190,632493,卖盘
10:12:23,33.29,0.0,3,9986,买盘
10:12:26,33.28,-0.01,14,46595,卖盘
10:12:30,33.29,0.01,112,372745,买盘
10:12:33,33.29,0.0,37,123172,买盘
10:12:35,33.29,0.0,4,13316,买盘
10:12:39,33.28,-0.01,56,186391,卖盘
10:12:42,33.29,0.01,42,139804,买盘
10:12:45,33.28,-0.01,10,33280,卖盘
10:12:48,33.28,0.0,2,6656,卖盘
10:12:51,33.29,0.01,107,356198,买盘
10:12:54,33.28,-0.01,1563,5201664,卖盘
10:12:57,33.28,0.0,34,113144,买盘
10:13:00,33.28,0.0,57,189672,买盘
10:13:02,33.28,0.0,73,242944,买盘
10:13:06,33.29,0.01,446,1484716,买盘
10:13:09,33.3,0.01,41,136512,买盘
10:13:12,33.29,-0.01,10,33290,卖盘
10:13:14,33.29,0.0,13,43277,卖盘
10:13:18,33.3,0.01,49,163154,买盘
10:13:20,33.29,-0.01,8,26633,卖盘
10:13:24,33.3,0.01,30,99900,买盘
10:13:27,33.29,-0.01,158,525993,卖盘
10:13:30,33.29,0.0,22,73236,买盘
10:13:33,33.29,0.0,18,59921,买盘
10:13:36,33.28,-0.01,14,46599,卖盘
10:13:39,33.28,0.0,1,3328,卖盘
10:13:42,33.28,0.0,111,369379,卖盘
10:13:45,33.27,-0.01,3,9982,卖盘
10:13:48,33.27,0.0,127,422548,卖盘
10:13:51,33.27,0.0,4,13309,卖盘
10:13:53,33.28,0.01,21,69884,买盘
10:13:56,33.28,0.0,212,705524,买盘
10:13:59,33.28,0.0,53,176382,买盘
10:14:03,33.27,-0.01,138,459244,卖盘
10:14:06,33.28,0.01,280,931840,买盘
10:14:08,33.28,0.0,41,136468,卖盘
10:14:15,33.28,0.0,93,309504,卖盘
10:14:18,33.27,-0.01,36,119786,卖盘
10:14:20,33.28,0.01,4,13310,买盘
10:14:24,33.28,0.0,12,39925,买盘
10:14:27,33.28,0.0,14,46592,买盘
10:14:29,33.28,0.0,51,169678,买盘
10:14:32,33.27,-0.01,66,219582,卖盘
10:14:36,33.26,-0.01,200,665200,买盘
10:14:39,33.28,0.02,30,99815,买盘
10:14:42,33.27,-0.01,5,16635,卖盘
10:14:45,33.27,0.0,1,3327,卖盘
10:14:48,33.27,0.0,32,106464,买盘
10:14:51,33.26,-0.01,76,252786,卖盘
10:14:54,33.26,0.0,324,1077639,卖盘
10:14:56,33.26,0.0,63,209538,卖盘
10:15:00,33.26,0.0,37,122431,卖盘
10:15:03,33.25,-0.01,124,412461,卖盘
10:15:06,33.27,0.02,354,1178368,买盘
10:15:09,33.25,-0.02,325,1080975,卖盘
10:15:12,33.25,0.0,18,59850,买盘
10:15:15,33.25,0.0,20,66498,买盘
10:15:18,33.24,-0.01,157,522023,卖盘
10:15:21,33.25,0.01,180,598152,买盘
10:15:24,33.25,0.0,51,169575,买盘
10:15:27,33.25,0.0,2,6650,卖盘
10:15:30,33.26,0.01,46,152996,买盘
10:15:33,33.26,0.0,181,601926,买盘
10:15:36,33.25,-0.01,51,169625,卖盘
10:15:39,33.25,0.0,149,495547,卖盘
10:15:42,33.26,0.01,37,123062,买盘
10:15:44,33.26,0.0,147,489060,卖盘
10:15:48,33.27,0.01,45,149715,买盘
10:15:51,33.27,0.0,9,29943,卖盘
10:15:53,33.28,0.01,58,193012,买盘
10:15:56,33.27,-0.01,100,332703,卖盘
10:16:00,33.28,0.01,126,419318,买盘
10:16:03,33.28,0.0,53,176384,买盘
10:16:06,33.29,0.01,653,2173734,买盘
10:16:09,33.29,0.0,97,322888,买盘
10:16:12,33.29,0.0,72,239690,买盘
10:16:15,33.3,0.01,14,46610,买盘
10:16:18,33.29,-0.01,3,9988,卖盘
10:16:21,33.3,0.01,6,19980,买盘
10:16:24,33.3,0.0,13,43287,买盘
10:16:27,33.3,0.0,13,43289,买盘
10:16:30,33.3,0.0,9,29970,买盘
10:16:32,33.3,0.0,18,59938,买盘
10:16:39,33.3,0.0,2,6660,买盘
10:16:42,33.3,0.0,25,83247,买盘
10:16:45,33.29,-0.01,102,339558,卖盘
10:16:48,33.29,0.0,2,6659,卖盘
10:16:52,33.3,0.01,88,293038,买盘
10:16:54,33.3,0.0,531,1768226,买盘
10:16:57,33.3,0.0,23,76590,卖盘
10:17:00,33.3,0.0,41,136564,卖盘
10:17:03,33.31,0.01,171,569601,买盘
10:17:06,33.31,0.0,221,736120,买盘
10:17:09,33.31,0.0,64,213184,卖盘
10:17:11,33.31,0.0,479,1595618,卖盘
10:17:15,33.31,0.0,7,23319,卖盘
10:17:18,33.32,0.01,37,123282,买盘
10:17:21,33.31,-0.01,137,456347,卖盘
10:17:23,33.35,0.04,1562,5206927,买盘
10:17:27,33.35,0.0,19,63365,卖盘
10:17:30,33.32,-0.03,298,993821,卖盘
10:17:33,33.35,0.03,20,66698,买盘
10:17:38,33.33,-0.02,6,19998,卖盘
10:17:42,33.33,0.0,1,3333,买盘
10:17:45,33.34,0.01,18,59997,买盘
10:17:48,33.33,-0.01,11,36672,卖盘
10:17:51,33.33,0.0,4,13332,卖盘
10:17:54,33.33,0.0,6,19998,卖盘
10:17:56,33.35,0.02,76,253433,买盘
10:18:02,33.35,0.0,120,400198,买盘
10:18:06,33.35,0.0,48,160080,买盘
10:18:09,33.36,0.01,775,2585106,买盘
10:18:12,33.35,-0.01,20,66700,卖盘
10:18:15,33.36,0.01,58,193488,买盘
10:18:18,33.36,0.0,58,193488,买盘
10:18:21,33.36,0.0,158,526983,买盘
10:18:24,33.36,0.0,31,103414,买盘
10:18:27,33.36,0.0,15,50040,买盘
10:18:30,33.36,0.0,24,80064,买盘
10:18:32,33.36,0.0,62,206832,买盘
10:18:36,33.35,-0.01,47,156781,卖盘
10:18:39,33.36,0.01,345,1150618,买盘
10:18:42,33.35,-0.01,20,66707,卖盘
10:18:45,33.36,0.01,83,276817,买盘
10:18:48,33.36,0.0,8,26686,买盘
10:18:51,33.35,-0.01,277,923795,卖盘
10:18:53,33.35,0.0,5,16675,买盘
10:18:56,33.34,-0.01,2,6668,卖盘
10:18:59,33.35,0.01,29,96715,买盘
10:19:03,33.34,-0.01,132,440206,卖盘
10:19:05,33.35,0.01,90,300148,买盘
10:19:08,33.35,0.0,453,1510758,买盘
10:19:12,33.35,0.0,23,76725,卖盘
10:19:15,33.35,0.0,2,6670,卖盘
10:19:18,33.36,0.01,74,246834,买盘
10:19:21,33.35,-0.01,3,10005,卖盘
10:19:24,33.35,0.0,20,66710,卖盘
10:19:27,33.35,0.0,524,1747187,卖盘
10:19:29,33.35,0.0,129,430118,买盘
10:19:33,33.35,0.0,3,10005,中性盘
10:19:36,33.35,0.0,1,3335,卖盘
10:19:39,33.36,0.01,2,6672,买盘
10:19:42,33.36,0.0,69,230165,买盘
10:19:44,33.35,-0.01,53,176755,卖盘
10:19:48,33.35,0.0,4,13340,买盘
10:19:51,33.34,-0.01,15,50023,卖盘
10:19:54,33.35,0.01,41,136735,买盘
10:19:57,33.35,0.0,9,30248,买盘
10:20:00,33.35,0.0,159,530251,买盘
10:20:03,33.35,0.0,165,550028,买盘
10:20:06,33.34,-0.01,20,66693,卖盘
10:20:09,33.35,0.01,276,920685,买盘
10:20:12,33.35,0.0,7,23345,卖盘
10:20:15,33.35,0.0,135,450303,卖盘
10:20:18,33.36,0.01,60,200140,买盘
10:20:21,33.35,-0.01,34,113394,卖盘
10:20:24,33.35,0.0,4,13340,卖盘
10:20:27,33.35,0.0,80,266567,卖盘
10:20:30,33.35,0.0,18,60030,买盘
10:20:33,33.35,0.0,2,6670,买盘
10:20:35,33.34,-0.01,2,6668,卖盘
10:20:39,33.35,0.01,28,93380,买盘
10:20:42,33.35,0.0,38,126730,买盘
10:20:45,33.34,-0.01,40,133368,卖盘
10:20:48,33.35,0.01,25,83370,买盘
10:20:51,33.34,-0.01,3,10002,卖盘
10:20:54,33.35,0.01,159,530265,买盘
10:20:57,33.34,-0.01,130,433713,卖盘
10:21:00,33.35,0.01,5,16675,卖盘
10:21:03,33.36,0.01,132,440338,买盘
10:21:06,33.36,0.0,69,230154,买盘
10:21:08,33.35,-0.01,518,1727834,卖盘
10:21:12,33.37,0.02,69,230249,买盘
10:21:15,33.37,0.0,37,123463,买盘
10:21:18,33.37,0.0,56,186872,买盘
10:21:21,33.36,-0.01,4,13344,卖盘
10:21:30,33.36,0.0,218,727464,卖盘
10:21:33,33.36,0.0,10,33360,卖盘
10:21:36,33.37,0.01,4,13348,买盘
10:21:39,33.37,0.0,52,173524,买盘
10:21:42,33.36,-0.01,2,6672,卖盘
10:21:45,33.37,0.01,21,70074,买盘
10:21:48,33.35,-0.02,50,166776,卖盘
10:21:51,33.37,0.02,44,146733,买盘
10:21:54,33.36,-0.01,4,13344,中性盘
10:21:57,33.36,0.0,2,6672,买盘
10:22:00,33.35,-0.01,26,86714,卖盘
10:22:03,33.37,0.02,171,570520,买盘
10:22:06,33.37,0.0,11,36713,卖盘
10:22:09,33.37,0.0,351,1171621,卖盘
10:22:12,33.37,0.0,114,380528,卖盘
10:22:15,33.37,0.0,11,36715,卖盘
10:22:17,33.38,0.01,65,216970,买盘
10:22:21,33.38,0.0,86,287012,买盘
10:22:24,33.38,0.0,7,23361,买盘
10:22:27,33.38,0.0,35,116828,买盘
10:22:30,33.37,-0.01,14,46731,卖盘
10:22:33,33.38,0.01,232,774416,买盘
10:22:36,33.38,0.0,90,300420,买盘
10:22:39,33.38,0.0,4,13350,买盘
10:22:42,33.37,-0.01,117,390502,卖盘
10:22:45,33.37,0.0,24,80088,买盘
10:22:48,33.37,0.0,13,43379,买盘
10:22:51,33.37,0.0,109,363738,买盘
10:22:54,33.38,0.01,2,6676,买盘
10:23:00,33.38,0.0,44,146869,买盘
10:23:04,33.38,0.0,140,467320,买盘
10:23:06,33.38,0.0,14,46732,买盘
10:23:08,33.38,0.0,215,717670,买盘
10:23:12,33.38,0.0,79,263702,卖盘
10:23:15,33.38,0.0,38,126846,卖盘
10:23:17,33.39,0.01,17,56749,买盘
10:23:21,33.38,-0.01,54,180252,卖盘
10:23:24,33.39,0.01,25,83475,买盘
10:23:27,33.39,0.0,5,16695,买盘
10:23:30,33.38,-0.01,170,567575,卖盘
10:23:33,33.39,0.01,162,540916,买盘
10:23:36,33.37,-0.02,195,650908,卖盘
10:23:39,33.38,0.01,10,33380,卖盘
10:23:42,33.38,0.0,35,116830,买盘
10:23:45,33.38,0.0,38,126841,买盘
10:23:51,33.38,0.0,41,136888,卖盘
10:23:54,33.38,0.0,17,56761,卖盘
10:23:57,33.39,0.01,18,60102,买盘
10:24:00,33.39,0.0,76,253764,买盘
10:24:03,33.39,0.0,179,597681,买盘
10:24:06,33.39,0.0,107,357251,买盘
10:24:09,33.4,0.01,293,978328,买盘
10:24:12,33.39,-0.01,51,170320,卖盘
10:24:19,33.4,0.01,28,93518,买盘
10:24:21,33.39,-0.01,1,3339,卖盘
10:24:24,33.39,0.0,524,1749236,卖盘
10:24:27,33.39,0.0,56,186980,买盘
10:24:30,33.39,0.0,49,163611,买盘
10:24:34,33.38,-0.01,18,60080,中性盘
10:24:36,33.38,0.0,8,26704,买盘
10:24:39,33.38,0.0,23,76772,买盘
10:24:42,33.39,0.01,513,1712767,买盘
10:24:45,33.38,-0.01,3,10014,卖盘
10:24:49,33.39,0.01,32,106848,买盘
10:24:51,33.38,-0.01,143,477334,卖盘
10:24:54,33.38,0.0,10,33379,买盘
10:24:57,33.38,0.0,6,20028,买盘
10:25:00,33.37,-0.01,157,523911,卖盘
10:25:03,33.37,0.0,123,410451,买盘
10:25:06,33.37,0.0,58,193546,买盘
10:25:09,33.38,0.01,125,417132,买盘
10:25:12,33.37,-0.01,28,93440,卖盘
10:25:18,33.38,0.01,8,26704,买盘
10:25:21,33.37,-0.01,178,593998,卖盘
10:25:24,33.38,0.01,222,741034,买盘
10:25:27,33.37,-0.01,314,1047818,卖盘
10:25:30,33.37,0.0,7,23359,买盘
10:25:33,33.37,0.0,6,20020,买盘
10:25:36,33.37,0.0,87,290319,买盘
10:25:39,33.37,0.0,37,123469,买盘
10:25:45,33.37,0.0,7,23361,卖盘
10:25:49,33.38,0.01,33,110154,买盘
10:25:51,33.38,0.0,468,1562165,买盘
10:25:54,33.38,0.0,8,26704,卖盘
10:25:57,33.39,0.01,2,6678,买盘
10:26:00,33.39,0.0,1012,3379600,买盘
10:26:04,33.4,0.01,87,290576,买盘
10:26:06,33.41,0.01,304,1015649,买盘
10:26:09,33.42,0.01,468,1563643,买盘
10:26:12,33.42,0.0,61,203826,买盘
10:26:15,33.42,0.0,6,20050,买盘
10:26:19,33.42,0.0,155,518008,买盘
10:26:21,33.43,0.01,333,1112962,买盘
10:26:24,33.44,0.01,279,932925,买盘
10:26:27,33.41,-0.03,20,66833,卖盘
10:26:30,33.43,0.02,57,190598,卖盘
10:26:33,33.44,0.01,237,792528,买盘
10:26:36,33.44,0.0,41,137104,买盘
10:26:39,33.43,-0.01,118,394485,卖盘
10:26:42,33.44,0.01,11,36784,买盘
10:26:45,33.43,-0.01,35,117027,卖盘
10:26:49,33.43,0.0,27,90261,买盘
10:26:51,33.43,0.0,285,952752,买盘
10:26:54,33.44,0.01,98,327683,买盘
10:26:57,33.44,0.0,34,113683,买盘
10:27:00,33.43,-0.01,9,30088,卖盘
10:27:04,33.44,0.01,246,822622,买盘
10:27:06,33.45,0.01,48,160557,买盘
10:27:09,33.45,0.0,220,735897,买盘
10:27:12,33.45,0.0,121,404745,卖盘
10:27:15,33.46,0.01,46,153891,买盘
10:27:18,33.45,-0.01,427,1428315,卖盘
10:27:21,33.44,-0.01,33,110384,卖盘
10:27:24,33.45,0.01,255,852973,买盘
10:27:27,33.45,0.0,23,76935,买盘
10:27:30,33.45,0.0,4,13378,买盘
10:27:33,33.45,0.0,61,204045,买盘
10:27:36,33.44,-0.01,300,1003243,卖盘
10:27:39,33.44,0.0,11,36784,卖盘
10:27:43,33.43,-0.01,903,3019743,卖盘
10:27:45,33.43,0.0,20,66871,卖盘
10:27:49,33.43,0.0,73,244026,卖盘
10:27:52,33.43,0.0,9,30090,卖盘
10:27:54,33.42,-0.01,36,120408,卖盘
10:27:57,33.44,0.02,108,361002,买盘
10:28:04,33.44,0.0,64,214031,买盘
10:28:06,33.45,0.01,41,137138,买盘
10:28:09,33.44,-0.01,612,2047116,中性盘
10:28:12,33.44,0.0,18,60177,卖盘
10:28:16,33.45,0.01,168,561952,买盘
10:28:19,33.45,0.0,6,20073,卖盘
10:28:21,33.45,0.0,4,13380,卖盘
10:28:24,33.45,0.0,45,150529,卖盘
10:28:27,33.45,0.0,78,260867,买盘
10:28:30,33.45,0.0,13,43485,买盘
10:28:36,33.45,0.0,13,43483,买盘
10:28:40,33.45,0.0,38,127099,买盘
10:28:42,33.44,-0.01,29,96986,卖盘
10:28:45,33.44,0.0,14,46816,卖盘
10:28:49,33.44,0.0,31,103645,买盘
10:28:52,33.43,-0.01,3,10029,卖盘
10:28:54,33.44,0.01,24,80247,买盘
10:28:57,33.44,0.0,8,26752,买盘
10:29:00,33.44,0.0,6,20064,买盘
10:29:03,33.43,-0.01,133,444738,卖盘
10:29:06,33.44,0.01,87,290961,买盘
10:29:09,33.45,0.01,270,902980,买盘
10:29:12,33.44,-0.01,41,137104,卖盘
10:29:15,33.44,0.0,170,568480,卖盘
10:29:18,33.44,0.0,32,107028,卖盘
10:29:21,33.45,0.01,23,76933,买盘
10:29:24,33.44,-0.01,57,190627,卖盘
10:29:27,33.45,0.01,9,30102,买盘
10:29:30,33.44,-0.01,12,40137,卖盘
10:29:34,33.45,0.01,356,1190820,买盘
10:29:36,33.45,0.0,37,123763,买盘
10:29:39,33.45,0.0,174,582030,买盘
10:29:42,33.46,0.01,73,244182,买盘
10:29:45,33.45,-0.01,3,10035,中性盘
10:29:49,33.46,0.01,457,1528869,买盘
10:29:51,33.46,0.0,9,30110,买盘
10:29:54,33.46,0.0,10,33451,买盘
10:29:57,33.45,-0.01,28,93670,卖盘
10:30:00,33.45,0.0,47,157215,买盘
10:30:04,33.45,0.0,213,712485,买盘
10:30:06,33.43,-0.02,355,1187352,卖盘
10:30:09,33.46,0.03,27,90336,买盘
10:30:12,33.46,0.0,55,184017,买盘
10:30:15,33.46,0.0,187,625702,买盘
10:30:18,33.46,0.0,170,568820,买盘
10:30:21,33.48,0.02,173,579106,买盘
10:30:24,33.48,0.0,40,133915,买盘
10:30:28,33.47,-0.01,119,398293,卖盘
10:30:30,33.47,0.0,57,190779,买盘
10:30:34,33.45,-0.02,1020,3412003,卖盘
10:30:36,33.46,0.01,28,93690,卖盘
10:30:40,33.45,-0.01,10,33456,卖盘
10:30:42,33.45,0.0,42,140426,买盘
10:30:45,33.45,0.0,6,20070,买盘
10:30:49,33.45,0.0,17,56861,买盘
10:30:52,33.45,0.0,20,66900,买盘
10:30:54,33.45,0.0,16,53516,买盘
10:30:57,33.44,-0.01,71,237476,卖盘
10:31:00,33.45,0.01,81,270932,买盘
10:31:03,33.46,0.01,129,431623,买盘
10:31:06,33.45,-0.01,12,40143,卖盘
10:31:09,33.46,0.01,743,2485878,买盘
10:31:12,33.46,0.0,45,150570,卖盘
10:31:15,33.46,0.0,22,73621,卖盘
10:31:19,33.46,0.0,19,63574,卖盘
10:31:21,33.47,0.01,21,70287,买盘
10:31:24,33.46,-0.01,25,83650,中性盘
10:31:27,33.44,-0.02,347,1160505,卖盘
10:31:30,33.45,0.01,99,331222,买盘
10:31:34,33.43,-0.02,61,203985,卖盘
10:31:36,33.43,0.0,77,257490,卖盘
10:31:40,33.43,0.0,114,381242,卖盘
10:31:42,33.43,0.0,78,260806,卖盘
10:31:48,33.42,-0.01,46,153761,卖盘
10:31:52,33.43,0.01,25,83588,卖盘
10:31:54,33.43,0.0,5,16715,卖盘
10:31:57,33.43,0.0,27,90280,卖盘
10:32:00,33.43,0.0,2,6686,卖盘
10:32:04,33.44,0.01,102,341078,买盘
10:32:06,33.43,-0.01,129,431362,卖盘
10:32:09,33.43,0.0,371,1240018,卖盘
10:32:12,33.44,0.01,45,150461,买盘
10:32:16,33.44,0.0,1,3344,买盘
10:32:19,33.44,0.0,34,113696,买盘
10:32:21,33.43,-0.01,2,6686,卖盘
10:32:24,33.43,0.0,21,70220,卖盘
10:32:28,33.44,0.01,18,60190,买盘
10:32:30,33.43,-0.01,211,705384,卖盘
10:32:34,33.44,0.01,9,30090,买盘
10:32:36,33.44,0.0,226,755526,买盘
10:32:40,33.44,0.0,2,6688,买盘
10:32:42,33.43,-0.01,31,103620,卖盘
10:32:45,33.43,0.0,12,40114,买盘
10:32:48,33.43,0.0,4,13372,买盘
10:32:52,33.41,-0.02,100,334129,卖盘
10:32:57,33.42,0.01,2,6684,买盘
10:33:00,33.42,0.0,31,103602,买盘
10:33:04,33.42,0.0,124,414414,买盘
10:33:06,33.42,0.0,17,56802,买盘
10:33:09,33.42,0.0,108,360936,买盘
10:33:12,33.42,0.0,63,210546,卖盘
10:33:16,33.42,0.0,5,16710,卖盘
10:33:19,33.42,0.0,22,73525,卖盘
10:33:21,33.42,0.0,100,334200,卖盘
10:33:24,33.42,0.0,2,6684,卖盘
10:33:27,33.42,0.0,7,23394,卖盘
10:33:30,33.43,0.01,129,431183,买盘
10:33:33,33.41,-0.02,28,93572,卖盘
10:33:36,33.42,0.01,6,20052,买盘
10:33:40,33.42,0.0,15,50125,买盘
10:33:42,33.41,-0.01,39,130299,卖盘
10:33:49,33.41,0.0,58,193833,卖盘
10:33:52,33.42,0.01,135,451170,买盘
10:33:54,33.43,0.01,3,10027,买盘
10:33:57,33.42,-0.01,106,354253,卖盘
10:34:00,33.42,0.0,1,3342,卖盘
10:34:04,33.43,0.01,367,1226632,买盘
10:34:06,33.43,0.0,12,40111,买盘
10:34:09,33.43,0.0,194,648542,买盘
10:34:12,33.43,0.0,14,46802,卖盘
10:34:16,33.43,0.0,149,498107,卖盘
10:34:18,33.43,0.0,30,100290,买盘
10:34:21,33.42,-0.01,92,307529,卖盘
10:34:24,33.42,0.0,47,157074,卖盘
10:34:28,33.43,0.01,15,50139,买盘
10:34:34,33.41,-0.02,111,370861,卖盘
10:34:36,33.4,-0.01,60,200474,卖盘
10:34:39,33.41,0.01,6,20046,买盘
10:34:42,33.4,-0.01,53,177046,卖盘
10:34:45,33.41,0.01,81,270588,买盘
10:34:49,33.42,0.01,70,233872,买盘
10:34:52,33.41,-0.01,16,53456,卖盘
10:34:54,33.41,0.0,3,10023,卖盘
10:34:57,33.41,0.0,60,200428,卖盘
10:35:00,33.4,-0.01,206,688146,卖盘
10:35:03,33.41,0.01,180,601380,买盘
10:35:06,33.42,0.01,17,56807,买盘
10:35:09,33.42,0.0,603,2015345,买盘
10:35:12,33.42,0.0,9,30078,卖盘
10:35:16,33.42,0.0,9,30081,卖盘
10:35:19,33.42,0.0,27,89733,卖盘
10:35:21,33.42,0.0,10,33420,买盘
10:35:24,33.42,0.0,30,100242,买盘
10:35:28,33.41,-0.01,1,3341,卖盘
10:35:30,33.42,0.01,2,6684,买盘
10:35:34,33.42,0.0,63,210495,买盘
10:35:36,33.42,0.0,96,320828,买盘
10:35:40,33.4,-0.02,124,414270,卖盘
10:35:42,33.4,0.0,53,177020,卖盘
10:35:45,33.4,0.0,3,10021,卖盘
10:35:49,33.4,0.0,24,80193,卖盘
10:35:52,33.39,-0.01,16,53439,卖盘
10:35:54,33.39,0.0,3,10017,卖盘
10:35:57,33.4,0.01,24,80160,买盘
10:36:00,33.39,-0.01,8,26714,卖盘
10:36:03,33.38,-0.01,158,527705,卖盘
10:36:07,33.4,0.02,16,53443,中性盘
10:36:09,33.41,0.01,115,384214,买盘
10:36:12,33.42,0.01,5,16710,买盘
10:36:16,33.41,-0.01,28,93561,卖盘
10:36:18,33.41,0.0,103,344125,卖盘
10:36:21,33.42,0.01,128,427769,买盘
10:36:24,33.42,0.0,11,36762,卖盘
10:36:28,33.42,0.0,29,96918,卖盘
10:36:30,33.43,0.01,107,357597,买盘
10:36:34,33.42,-0.01,4,13369,卖盘
10:36:36,33.42,0.0,21,70182,卖盘
10:36:39,33.43,0.01,1,3343,买盘
10:36:42,33.43,0.0,46,153740,买盘
10:36:45,33.43,0.0,12,40111,买盘
10:36:49,33.42,-0.01,10,33420,卖盘
10:36:52,33.42,0.0,35,117003,卖盘
10:36:54,33.42,0.0,8,26736,卖盘
10:36:57,33.42,0.0,30,100258,买盘
10:37:00,33.42,0.0,39,130323,买盘
10:37:03,33.41,-0.01,132,441131,卖盘
10:37:07,33.42,0.01,80,267347,买盘
10:37:09,33.42,0.0,265,885628,买盘
10:37:12,33.42,0.0,39,130334,买盘
10:37:15,33.41,-0.01,6,20046,卖盘
10:37:19,33.42,0.01,14,46788,买盘
10:37:21,33.42,0.0,1,3342,买盘
10:37:24,33.42,0.0,102,340787,买盘
10:37:28,33.42,0.0,13,43443,买盘
10:37:30,33.42,0.0,126,421092,买盘
10:37:34,33.42,0.0,22,73524,买盘
10:37:37,33.42,0.0,7,23390,买盘
10:37:40,33.42,0.0,48,160416,买盘
10:37:42,33.42,0.0,25,83550,卖盘
10:37:45,33.42,0.0,36,120345,卖盘
10:37:49,33.43,0.01,174,581680,买盘
10:37:51,33.42,-0.01,52,173825,卖盘
10:37:54,33.42,0.0,3,10026,卖盘
10:37:57,33.42,0.0,6,20057,卖盘
10:38:01,33.42,0.0,10,33420,卖盘
10:38:04,33.43,0.01,147,491409,买盘
10:38:07,33.43,0.0,26,86897,买盘
10:38:09,33.43,0.0,256,855786,买盘
10:38:12,33.43,0.0,43,143780,卖盘
10:38:16,33.43,0.0,34,113662,卖盘
10:38:21,33.43,0.0,41,137063,卖盘
10:38:24,33.43,0.0,20,66860,卖盘
10:38:28,33.43,0.0,19,63517,买盘
10:38:30,33.42,-0.01,320,1069758,卖盘
10:38:34,33.44,0.02,47,157143,买盘
10:38:36,33.43,-0.01,100,334250,买盘
10:38:40,33.43,0.0,4,13372,买盘
10:38:42,33.43,0.0,72,240666,买盘
10:38:45,33.43,0.0,23,76886,买盘
10:38:49,33.43,0.0,36,120323,买盘
10:38:52,33.43,0.0,1,3343,买盘
10:38:54,33.42,-0.01,5,16710,卖盘
10:38:57,33.43,0.01,1,3343,买盘
10:39:00,33.43,0.0,74,247382,买盘
10:39:03,33.43,0.0,167,558267,买盘
10:39:07,33.43,0.0,11,36769,买盘
10:39:09,33.42,-0.01,287,959154,卖盘
10:39:12,33.43,0.01,118,394474,买盘
10:39:16,33.42,-0.01,20,66840,卖盘
10:39:19,33.43,0.01,165,551493,买盘
10:39:21,33.42,-0.01,6,20055,卖盘
10:39:24,33.43,0.01,27,90252,买盘
10:39:28,33.42,-0.01,271,906131,买盘
10:39:30,33.41,-0.01,32,106930,卖盘
10:39:34,33.43,0.02,29,96940,买盘
10:39:36,33.43,0.0,22,73522,卖盘
10:39:39,33.42,-0.01,55,183764,中性盘
10:39:42,33.4,-0.02,209,698678,卖盘
10:39:45,33.43,0.03,6,20056,买盘
10:39:49,33.43,0.0,12,40115,买盘
10:39:51,33.43,0.0,8,26744,买盘
10:39:54,33.42,-0.01,4,13368,卖盘
10:39:57,33.43,0.01,164,548254,买盘
10:40:00,33.42,-0.01,104,347669,卖盘
10:40:04,33.43,0.01,128,427901,买盘
10:40:07,33.42,-0.01,27,90236,卖盘
10:40:09,33.43,0.01,81,270777,买盘
10:40:12,33.43,0.0,209,698868,卖盘
10:40:16,33.44,0.01,21,70221,买盘
10:40:19,33.44,0.0,333,1113248,买盘
10:40:22,33.44,0.0,9,30089,买盘
10:40:24,33.43,-0.01,10,33437,卖盘
10:40:27,33.44,0.01,200,668800,买盘
10:40:30,33.43,-0.01,142,474765,卖盘
10:40:34,33.43,0.0,66,220638,买盘
10:40:37,33.43,0.0,78,260834,卖盘
10:40:40,33.45,0.02,346,1157366,买盘
10:40:42,33.44,-0.01,32,107008,卖盘
10:40:45,33.45,0.01,105,351225,买盘
10:40:49,33.45,0.0,46,153870,买盘
10:40:52,33.45,0.0,51,170593,买盘
10:40:54,33.45,0.0,303,1013690,买盘
10:40:57,33.46,0.01,73,244254,买盘
10:41:00,33.46,0.0,105,351320,买盘
10:41:03,33.47,0.01,59,197473,买盘
10:41:07,33.47,0.0,56,187431,买盘
10:41:09,33.47,0.0,700,2342897,买盘
10:41:12,33.49,0.02,261,873951,买盘
10:41:15,33.49,0.0,212,710110,买盘
10:41:19,33.5,0.01,703,2355042,买盘
10:41:21,33.52,0.02,567,1899802,买盘
10:41:25,33.52,0.0,148,496082,买盘
10:41:28,33.52,0.0,159,532964,买盘
10:41:31,33.54,0.02,89,298418,买盘
10:41:33,33.53,-0.01,44,147574,中性盘
10:41:37,33.53,0.0,16,53656,卖盘
10:41:40,33.54,0.01,33,110681,买盘
10:41:42,33.53,-0.01,39,130777,卖盘
10:41:45,33.54,0.01,95,318657,买盘
10:41:49,33.55,0.01,73,244878,买盘
10:41:52,33.55,0.0,128,429436,买盘
10:41:54,33.55,0.0,96,322052,买盘
10:41:57,33.55,0.0,75,251614,买盘
10:42:00,33.54,-0.01,517,1734140,卖盘
10:42:04,33.56,0.02,40,134210,买盘
10:42:07,33.54,-0.02,376,1261336,卖盘
10:42:10,33.56,0.02,611,2049667,买盘
10:42:13,33.55,-0.01,70,234907,中性盘
10:42:16,33.55,0.0,28,93937,卖盘
10:42:19,33.53,-0.02,45,150970,卖盘
10:42:22,33.5,-0.03,535,1792693,卖盘
10:42:24,33.5,0.0,59,197650,买盘
10:42:28,33.49,-0.01,55,184157,卖盘
10:42:30,33.49,0.0,25,83725,买盘
10:42:34,33.47,-0.02,73,244415,卖盘
10:42:37,33.48,0.01,24,80362,中性盘
10:42:40,33.5,0.02,296,991590,买盘
10:42:42,33.5,0.0,183,613004,买盘
10:42:45,33.5,0.0,10,33506,卖盘
10:42:49,33.54,0.04,87,291584,买盘
10:42:52,33.5,-0.04,10,33500,卖盘
10:42:54,33.49,-0.01,128,428756,卖盘
10:42:57,33.47,-0.02,601,2012826,卖盘
10:43:00,33.51,0.04,15,50263,买盘
10:43:04,33.5,-0.01,17,56965,卖盘
10:43:07,33.5,0.0,74,247876,卖盘
10:43:09,33.51,0.01,83,278131,买盘
10:43:12,33.51,0.0,28,93828,买盘
10:43:16,33.51,0.0,3,10053,买盘
10:43:19,33.5,-0.01,209,700225,卖盘
10:43:22,33.54,0.04,492,1650121,买盘
10:43:24,33.54,0.0,36,120738,买盘
10:43:28,33.53,-0.01,1,3353,卖盘
10:43:30,33.53,0.0,1,3353,卖盘
10:43:33,33.53,0.0,51,171011,卖盘
10:43:37,33.53,0.0,51,171008,买盘
10:43:40,33.53,0.0,69,231413,买盘
10:43:42,33.52,-0.01,12,40224,卖盘
10:43:45,33.53,0.01,286,958773,买盘
10:43:52,33.52,-0.01,11,36871,买盘
10:43:54,33.52,0.0,49,164255,买盘
10:43:57,33.51,-0.01,16,53622,卖盘
10:44:00,33.52,0.01,39,130728,买盘
10:44:04,33.52,0.0,438,1468490,买盘
10:44:06,33.51,-0.01,257,861462,卖盘
10:44:09,33.53,0.02,36,120638,买盘
10:44:13,33.51,-0.02,22,73746,卖盘
10:44:16,33.5,-0.01,253,847681,卖盘
10:44:19,33.54,0.04,958,3212673,买盘
10:44:22,33.53,-0.01,4,13412,中性盘
10:44:24,33.5,-0.03,11,36863,卖盘
10:44:28,33.51,0.01,8,26808,买盘
10:44:30,33.51,0.0,27,90474,买盘
10:44:33,33.51,0.0,16,53621,卖盘
10:44:37,33.52,0.01,53,177634,买盘
10:44:40,33.52,0.0,29,97208,买盘
10:44:42,33.52,0.0,2,6703,买盘
10:44:45,33.52,0.0,43,144095,买盘
10:44:49,33.52,0.0,2,6704,买盘
10:44:52,33.51,-0.01,24,80446,卖盘
10:44:55,33.52,0.01,6,20112,买盘
10:44:57,33.51,-0.01,59,197736,卖盘
10:45:01,33.51,0.0,39,130700,卖盘
10:45:04,33.49,-0.02,547,1832044,卖盘
10:45:06,33.49,0.0,31,103870,买盘
10:45:09,33.49,0.0,2,6698,卖盘
10:45:12,33.51,0.02,14,46914,买盘
10:45:16,33.51,0.0,10,33510,买盘
10:45:18,33.5,-0.01,4,13402,中性盘
10:45:21,33.51,0.01,22,73722,买盘
10:45:25,33.51,0.0,801,2681461,买盘
10:45:28,33.47,-0.04,16,53590,卖盘
10:45:30,33.49,0.02,24,80409,卖盘
10:45:34,33.51,0.02,40,134017,买盘
10:45:37,33.49,-0.02,15,50243,卖盘
10:45:42,33.49,0.0,46,154054,买盘
10:45:45,33.49,0.0,42,140629,买盘
10:45:49,33.48,-0.01,7,23438,卖盘
10:45:51,33.48,0.0,2,6696,卖盘
10:45:57,33.48,0.0,2,6697,卖盘
10:46:00,33.48,0.0,213,713300,卖盘
10:46:04,33.49,0.01,67,224377,买盘
10:46:07,33.5,0.01,109,365051,买盘
10:46:09,33.49,-0.01,48,160790,卖盘
10:46:12,33.5,0.01,223,747050,买盘
10:46:15,33.49,-0.01,422,1413088,卖盘
10:46:18,33.5,0.01,20,67000,买盘
10:46:21,33.49,-0.01,20,66995,卖盘
10:46:25,33.5,0.01,4,13397,买盘
10:46:30,33.47,-0.03,20,66975,中性盘
10:46:34,33.5,0.03,62,207593,买盘
10:46:37,33.47,-0.03,6,20092,中性盘
10:46:39,33.47,0.0,48,160630,卖盘
10:46:42,33.47,0.0,8,26776,买盘
10:46:45,33.47,0.0,39,130496,买盘
10:46:49,33.43,-0.04,241,805738,卖盘
10:46:51,33.47,0.04,76,254127,买盘
10:46:54,33.43,-0.04,29,96947,买盘
10:46:57,33.43,0.0,3,10033,卖盘
10:47:00,33.47,0.04,2,6694,买盘
10:47:04,33.47,0.0,143,478621,买盘
10:47:07,33.47,0.0,3,10041,买盘
10:47:10,33.43,-0.04,6,20066,卖盘
10:47:13,33.5,0.07,235,786070,买盘
10:47:15,33.48,-0.02,10,33480,中性盘
10:47:22,33.47,-0.01,5,16738,卖盘
10:47:24,33.47,0.0,329,1101163,卖盘
10:47:28,33.48,0.01,24,80352,买盘
10:47:30,33.47,-0.01,92,307891,卖盘
10:47:34,33.47,0.0,36,120482,买盘
10:47:37,33.47,0.0,56,187408,买盘
10:47:40,33.45,-0.02,35,117075,卖盘
10:47:42,33.47,0.02,30,100327,买盘
10:47:45,33.47,0.0,50,167238,买盘
10:47:49,33.47,0.0,18,60244,买盘
10:47:52,33.41,-0.06,22,73522,卖盘
10:47:54,33.42,0.01,5,16715,中性盘
10:47:57,33.42,0.0,59,197178,买盘
10:48:00,33.41,-0.01,89,297349,卖盘
10:48:04,33.42,0.01,7,23394,买盘
10:48:07,33.42,0.0,13,43444,买盘
10:48:09,33.45,0.03,195,651579,买盘
10:48:13,33.45,0.0,290,970050,买盘
10:48:16,33.42,-0.03,2,6687,卖盘
10:48:22,33.45,0.03,15,50175,买盘
10:48:25,33.45,0.0,1,3345,买盘
10:48:28,33.42,-0.03,51,170442,卖盘
10:48:30,33.45,0.03,35,117059,买盘
10:48:34,33.45,0.0,43,143835,买盘
10:48:37,33.42,-0.03,19,63499,卖盘
10:48:40,33.41,-0.01,27,90261,卖盘
10:48:43,33.44,0.03,10,33440,买盘
10:48:46,33.44,0.0,48,160430,买盘
10:48:49,33.42,-0.02,1,3342,卖盘
10:48:52,33.44,0.02,17,56828,买盘
10:48:55,33.44,0.0,9,30096,买盘
10:48:58,33.43,-0.01,56,187203,中性盘
10:49:00,33.43,0.0,2,6686,卖盘
10:49:04,33.43,0.0,141,471499,卖盘
10:49:07,33.43,0.0,10,33437,卖盘
10:49:10,33.44,0.01,6,20064,买盘
10:49:13,33.45,0.01,52,173888,买盘
10:49:16,33.44,-0.01,24,80274,卖盘
10:49:19,33.45,0.01,13,43485,买盘
10:49:22,33.44,-0.01,12,40138,卖盘
10:49:25,33.45,0.01,26,86966,买盘
10:49:28,33.45,0.0,16,53513,买盘
10:49:31,33.44,-0.01,1,3344,卖盘
10:49:33,33.44,0.0,16,53519,卖盘
10:49:37,33.44,0.0,227,759088,卖盘
10:49:40,33.44,0.0,42,140448,买盘
10:49:43,33.43,-0.01,7,25241,卖盘
10:49:46,33.43,0.0,31,103607,买盘
10:49:49,33.43,0.0,6,20058,买盘
10:49:52,33.43,0.0,2,6686,买盘
10:49:55,33.42,-0.01,1,3342,卖盘
10:50:01,33.41,-0.01,104,345731,卖盘
10:50:04,33.42,0.01,122,407724,买盘
10:50:07,33.43,0.01,281,939335,买盘
10:50:10,33.43,0.0,3,10029,卖盘
10:50:13,33.45,0.02,209,698904,买盘
10:50:16,33.45,0.0,2,6690,买盘
10:50:18,33.44,-0.01,1,3344,卖盘
10:50:22,33.45,0.01,9,30105,买盘
10:50:25,33.44,-0.01,21,70232,卖盘
10:50:28,33.45,0.01,199,665655,买盘
10:50:31,33.46,0.01,19,63565,买盘
10:50:34,33.47,0.01,8,26771,买盘
10:50:36,33.45,-0.02,39,130506,卖盘
10:50:40,33.45,0.0,5,16727,卖盘
10:50:43,33.44,-0.01,20,66901,卖盘
10:50:45,33.44,0.0,35,117049,卖盘
10:50:49,33.45,0.01,5,16722,买盘
10:50:52,33.45,0.0,13,43484,买盘
10:50:55,33.45,0.0,7,23415,买盘
10:50:58,33.44,-0.01,22,73589,卖盘
10:51:01,33.44,0.0,21,70234,卖盘
10:51:04,33.45,0.01,131,438195,买盘
10:51:07,33.44,-0.01,14,46816,卖盘
10:51:10,33.43,-0.01,29,96955,卖盘
10:51:13,33.44,0.01,71,237425,买盘
10:51:16,33.45,0.01,10,33450,买盘
10:51:19,33.45,0.0,15,50175,买盘
10:51:22,33.45,0.0,1,3345,买盘
10:51:25,33.45,0.0,13,43484,买盘
10:51:27,33.45,0.0,221,739045,买盘
10:51:31,33.45,0.0,34,113692,买盘
10:51:34,33.44,-0.01,100,334492,买盘
10:51:37,33.47,0.03,39,130463,买盘
10:51:40,33.45,-0.02,45,150543,中性盘
10:51:43,33.45,0.0,1,3345,买盘
10:51:46,33.43,-0.02,35,117061,卖盘
10:51:48,33.47,0.04,7,23429,买盘
10:51:52,33.47,0.0,29,97053,买盘
10:51:58,33.46,-0.01,2,6692,卖盘
10:52:00,33.47,0.01,14,46858,买盘
10:52:04,33.47,0.0,92,307922,买盘
10:52:07,33.48,0.01,23,76985,买盘
10:52:10,33.47,-0.01,11,36817,卖盘
10:52:12,33.48,0.01,238,796824,买盘
10:52:19,33.47,-0.01,13,43521,卖盘
10:52:22,33.47,0.0,57,190786,卖盘
10:52:24,33.48,0.01,28,93744,买盘
10:52:31,33.48,0.0,76,254447,买盘
10:52:34,33.48,0.0,16,53567,买盘
10:52:36,33.47,-0.01,26,87030,卖盘
10:52:40,33.47,0.0,63,210861,卖盘
10:52:45,33.47,0.0,35,117120,买盘
10:52:51,33.47,0.0,6,20081,买盘
10:52:58,33.47,0.0,13,43511,买盘
10:53:04,33.47,0.0,133,445132,买盘
10:53:07,33.48,0.01,53,177370,买盘
10:53:10,33.46,-0.02,4,13384,卖盘
10:53:13,33.48,0.02,164,549071,买盘
10:53:16,33.48,0.0,23,77005,卖盘
10:53:19,33.49,0.01,14,46886,买盘
10:53:22,33.49,0.0,14,46876,买盘
10:53:25,33.48,-0.01,6,20088,卖盘
10:53:28,33.49,0.01,15,50230,买盘
10:53:31,33.48,-0.01,76,254485,卖盘
10:53:34,33.48,0.0,3,10044,买盘
10:53:37,33.47,-0.01,17,56920,卖盘
10:53:40,33.48,0.01,37,123902,中性盘
10:53:42,33.48,0.0,8,26784,买盘
10:53:46,33.48,0.0,63,210924,买盘
10:53:49,33.49,0.01,27,90422,买盘
10:53:52,33.51,0.02,210,703503,买盘
10:53:55,33.51,0.0,216,725157,买盘
10:53:58,33.5,-0.01,1252,4195076,卖盘
10:54:01,33.53,0.03,23,77099,买盘
10:54:04,33.54,0.01,166,556606,买盘
10:54:06,33.51,-0.03,564,1890780,卖盘
10:54:10,33.51,0.0,5,16761,卖盘
10:54:13,33.54,0.03,21,70434,买盘
10:54:16,33.51,-0.03,210,703704,卖盘
10:54:18,33.51,0.0,30,100530,买盘
10:54:21,33.5,-0.01,2,6700,卖盘
10:54:24,33.51,0.01,1055,3531780,买盘
10:54:28,33.51,0.0,9,30159,买盘
10:54:31,33.5,-0.01,4,13403,卖盘
10:54:34,33.51,0.01,77,257957,买盘
10:54:37,33.51,0.0,189,633306,买盘
10:54:39,33.51,0.0,57,190957,买盘
10:54:43,33.5,-0.01,15,50256,卖盘
10:54:45,33.51,0.01,59,197680,买盘
10:54:49,33.51,0.0,2,6702,买盘
10:54:52,33.51,0.0,29,97152,买盘
10:54:54,33.51,0.0,77,257986,买盘
10:54:58,33.51,0.0,9,30159,买盘
10:55:01,33.5,-0.01,46,154100,卖盘
10:55:03,33.5,0.0,47,157458,卖盘
10:55:07,33.49,-0.01,261,874117,卖盘
10:55:09,33.48,-0.01,105,351619,卖盘
10:55:13,33.5,0.02,118,395186,买盘
10:55:16,33.49,-0.01,485,1624432,卖盘
10:55:18,33.48,-0.01,600,2010213,卖盘
10:55:22,33.49,0.01,8,26797,中性盘
10:55:25,33.48,-0.01,150,502200,卖盘
10:55:28,33.48,0.0,1,3348,买盘
10:55:30,33.46,-0.02,60,200770,卖盘
10:55:34,33.48,0.02,38,127187,买盘
10:55:37,33.47,-0.01,39,130533,卖盘
10:55:40,33.46,-0.01,42,140567,卖盘
10:55:43,33.47,0.01,14,46858,中性盘
10:55:46,33.47,0.0,67,224249,卖盘
10:55:49,33.47,0.0,14,46859,卖盘
10:55:52,33.46,-0.01,19,63584,卖盘
10:55:55,33.46,0.0,10,33460,卖盘
10:55:58,33.46,0.0,2,6692,卖盘
10:56:01,33.46,0.0,10,33465,卖盘
10:56:04,33.47,0.01,93,311271,买盘
10:56:07,33.46,-0.01,183,612362,卖盘
10:56:09,33.47,0.01,9,30114,买盘
10:56:13,33.47,0.0,27,90369,买盘
10:56:16,33.47,0.0,228,763116,卖盘
10:56:18,33.48,0.01,4,13392,买盘
10:56:22,33.47,-0.01,6,20082,卖盘
10:56:25,33.47,0.0,105,351435,卖盘
10:56:31,33.47,0.0,1,3347,卖盘
10:56:34,33.47,0.0,6,20082,卖盘
10:56:37,33.47,0.0,503,1684023,卖盘
10:56:40,33.48,0.01,67,224312,买盘
10:56:43,33.48,0.0,5,16740,卖盘
10:56:45,33.49,0.01,20,66967,买盘
10:56:49,33.48,-0.01,43,143964,卖盘
10:56:51,33.49,0.01,8,26792,买盘
10:56:55,33.48,-0.01,12,40186,卖盘
10:56:57,33.49,0.01,28,93772,买盘
10:57:01,33.49,0.0,5,16743,买盘
10:57:04,33.49,0.0,68,227732,买盘
10:57:06,33.49,0.0,6,20097,卖盘
10:57:09,33.49,0.0,17,56940,卖盘
10:57:13,33.49,0.0,293,981547,卖盘
10:57:15,33.49,0.0,5,16748,卖盘
10:57:18,33.49,0.0,12,40188,卖盘
10:57:22,33.5,0.01,73,244550,买盘
10:57:25,33.5,0.0,28,93801,卖盘
10:57:28,33.5,0.0,119,398652,卖盘
10:57:31,33.5,0.0,10,33499,买盘
10:57:33,33.5,0.0,207,693139,买盘
10:57:39,33.5,0.0,11,36849,买盘
10:57:43,33.49,-0.01,21,70348,卖盘
10:57:46,33.5,0.01,1,3350,买盘
10:57:48,33.5,0.0,36,120538,买盘
10:57:52,33.49,-0.01,27,90438,卖盘
10:57:55,33.49,0.0,13,43544,卖盘
10:57:57,33.47,-0.02,79,264470,卖盘
10:58:00,33.47,0.0,50,167350,卖盘
10:58:03,33.48,0.01,1,3348,买盘
10:58:06,33.48,0.0,104,348258,卖盘
10:58:10,33.48,0.0,6,20088,卖盘
10:58:13,33.49,0.01,10,33485,买盘
10:58:15,33.49,0.0,113,378444,卖盘
10:58:21,33.49,0.0,482,1614420,卖盘
10:58:24,33.49,0.0,9,30141,买盘
10:58:30,33.49,0.0,63,210962,买盘
10:58:33,33.49,0.0,2,6697,买盘
10:58:36,33.49,0.0,33,110499,买盘
10:58:40,33.48,-0.01,94,314712,卖盘
10:58:43,33.48,0.0,13,43524,买盘
10:58:45,33.48,0.0,12,40174,买盘
10:58:48,33.47,-0.01,38,127196,卖盘
10:58:52,33.48,0.01,50,167352,买盘
10:58:55,33.48,0.0,2,6695,买盘
10:59:01,33.47,-0.01,32,107124,卖盘
10:59:04,33.47,0.0,222,743034,卖盘
10:59:05,33.47,0.0,16,53552,买盘
10:59:10,33.47,0.0,10,33470,买盘
10:59:12,33.47,0.0,185,619195,买盘
10:59:18,33.47,0.0,1,3347,卖盘
10:59:22,33.48,0.01,4,13392,买盘
10:59:25,33.48,0.0,14,46862,买盘
10:59:28,33.47,-0.01,12,40174,卖盘
10:59:31,33.47,0.0,15,50205,卖盘
10:59:37,33.48,0.01,50,167400,买盘
10:59:40,33.48,0.0,7,23434,买盘
10:59:43,33.47,-0.01,3,10041,卖盘
10:59:45,33.47,0.0,15,50205,卖盘
10:59:49,33.48,0.01,30,100411,买盘
10:59:52,33.47,-0.01,117,391599,卖盘
10:59:54,33.47,0.0,19,63593,卖盘
11:00:00,33.47,0.0,21,70282,买盘
11:00:03,33.47,0.0,122,408334,买盘
11:00:06,33.47,0.0,22,73634,买盘
11:00:10,33.47,0.0,2,6694,卖盘
11:00:12,33.47,0.0,169,565808,卖盘
11:00:15,33.47,0.0,19,63607,卖盘
11:00:18,33.47,0.0,12,40166,卖盘
11:00:22,33.47,0.0,10,33470,卖盘
11:00:25,33.47,0.0,39,130539,卖盘
11:00:37,33.47,0.0,20,66940,卖盘
11:00:39,33.47,0.0,3,10041,卖盘
11:00:43,33.47,0.0,45,150615,卖盘
11:00:45,33.46,-0.01,1,3346,卖盘
11:00:49,33.46,0.0,40,133851,卖盘
11:00:52,33.46,0.0,17,56876,卖盘
11:00:54,33.46,0.0,7,23422,买盘
11:00:57,33.46,0.0,7,23420,买盘
11:01:01,33.46,0.0,16,53536,买盘
11:01:04,33.46,0.0,71,237566,买盘
11:01:06,33.47,0.01,41,137223,买盘
11:01:09,33.46,-0.01,8,26768,卖盘
11:01:12,33.47,0.01,81,271107,买盘
11:01:15,33.48,0.01,188,629424,买盘
11:01:18,33.47,-0.01,19,63610,卖盘
11:01:24,33.48,0.01,10,33480,卖盘
11:01:28,33.49,0.01,411,1376439,买盘
11:01:30,33.49,0.0,4,13396,卖盘
11:01:33,33.49,0.0,105,351650,卖盘
11:01:39,33.49,0.0,2,6698,卖盘
11:01:42,33.49,0.0,11,36839,卖盘
11:01:48,33.49,0.0,76,254552,卖盘
11:01:50,33.49,0.0,75,251175,卖盘
11:01:54,33.49,0.0,25,83725,买盘
11:01:57,33.49,0.0,17,56933,买盘
11:02:00,33.49,0.0,89,298061,买盘
11:02:03,33.49,0.0,112,375088,买盘
11:02:06,33.49,0.0,16,53584,卖盘
11:02:09,33.49,0.0,60,200888,买盘
11:02:11,33.49,0.0,56,187516,买盘
11:02:14,33.49,0.0,32,107168,卖盘
11:02:19,33.5,0.01,95,318240,买盘
11:02:21,33.5,0.0,11,36850,买盘
11:02:24,33.49,-0.01,201,673149,卖盘
11:02:27,33.49,0.0,103,344949,卖盘
11:02:31,33.49,0.0,7,23443,买盘
11:02:33,33.49,0.0,10,33490,买盘
11:02:36,33.48,-0.01,20,66960,卖盘
11:02:39,33.48,0.0,1,3348,卖盘
11:02:41,33.49,0.01,9,30141,买盘
11:02:45,33.49,0.0,113,378437,买盘
11:02:48,33.49,0.0,29,97095,买盘
11:02:51,33.49,0.0,10,33490,卖盘
11:02:54,33.5,0.01,34,113864,买盘
11:03:01,33.5,0.0,34,113895,买盘
11:03:03,33.5,0.0,142,475700,买盘
11:03:06,33.5,0.0,14,46900,买盘
11:03:10,33.5,0.0,3,10049,买盘
11:03:12,33.5,0.0,108,362166,买盘
11:03:15,33.51,0.01,50,167527,买盘
11:03:18,33.5,-0.01,10,33500,卖盘
11:03:21,33.51,0.01,14,46912,买盘
11:03:24,33.5,-0.01,27,90470,卖盘
11:03:27,33.5,0.0,14,46904,卖盘
11:03:30,33.5,0.0,229,766782,卖盘
11:03:39,33.5,0.0,24,80399,买盘
11:03:42,33.49,-0.01,13,43549,卖盘
11:03:45,33.5,0.01,13,43540,买盘
11:03:48,33.48,-0.02,56,187541,卖盘
11:03:51,33.5,0.02,28,93793,买盘
11:03:54,33.48,-0.02,1,3348,卖盘
11:03:57,33.49,0.01,11,36839,买盘
11:04:01,33.49,0.0,12,40188,买盘
11:04:03,33.49,0.0,67,224404,买盘
11:04:06,33.48,-0.01,149,498941,卖盘
11:04:10,33.48,0.0,7,23442,卖盘
11:04:12,33.5,0.02,220,736998,买盘
11:04:15,33.49,-0.01,14,46885,卖盘
11:04:18,33.49,0.0,8,26788,买盘
11:04:21,33.5,0.01,48,160783,买盘
11:04:23,33.48,-0.02,201,672964,卖盘
11:04:27,33.49,0.01,7,23443,卖盘
11:04:30,33.5,0.01,11,36844,买盘
11:04:33,33.5,0.0,12,40200,买盘
11:04:35,33.49,-0.01,219,733631,卖盘
11:04:38,33.5,0.01,35,117250,买盘
11:04:42,33.5,0.0,18,60300,买盘
11:04:48,33.5,0.0,40,133971,买盘
11:04:51,33.5,0.0,52,174200,买盘
11:04:54,33.5,0.0,7,23449,买盘
11:04:56,33.5,0.0,4,13400,买盘
11:05:01,33.5,0.0,17,56943,买盘
11:05:03,33.5,0.0,157,525950,买盘
11:05:06,33.5,0.0,18,60300,买盘
11:05:09,33.49,-0.01,7,23449,卖盘
11:05:12,33.5,0.01,65,218118,买盘
11:05:15,33.51,0.01,7,23455,买盘
11:05:17,33.5,-0.01,5,16750,卖盘
11:05:21,33.51,0.01,17,56965,买盘
11:05:24,33.51,0.0,22,73710,买盘
11:05:27,33.5,-0.01,3,10050,卖盘
11:05:30,33.51,0.01,9,30159,买盘
11:05:33,33.51,0.0,53,177602,买盘
11:05:36,33.51,0.0,17,56967,买盘
11:05:38,33.51,0.0,300,1005300,买盘
11:05:42,33.5,-0.01,26,87123,卖盘
11:05:45,33.51,0.01,14,46914,买盘
11:05:48,33.51,0.0,104,348471,买盘
11:05:52,33.51,0.0,16,53616,买盘
11:05:54,33.51,0.0,46,154145,买盘
11:05:57,33.51,0.0,77,258027,买盘
11:06:00,33.51,0.0,209,700364,卖盘
11:06:03,33.52,0.01,11,36872,买盘
11:06:06,33.52,0.0,6,20110,买盘
11:06:09,33.52,0.0,43,144112,买盘
11:06:11,33.52,0.0,17,56984,买盘
11:06:15,33.52,0.0,57,191064,买盘
11:06:18,33.53,0.01,13,43588,买盘
11:06:21,33.52,-0.01,43,144149,卖盘
11:06:24,33.53,0.01,32,107296,买盘
11:06:27,33.52,-0.01,57,191090,卖盘
11:06:30,33.53,0.01,34,113999,买盘
11:06:33,33.52,-0.01,54,181025,卖盘
11:06:36,33.53,0.01,61,204494,买盘
11:06:39,33.53,0.0,17,56994,买盘
11:06:42,33.53,0.0,82,274927,买盘
11:06:45,33.52,-0.01,13,43577,卖盘
11:06:48,33.53,0.01,138,462517,买盘
11:06:51,33.51,-0.02,94,315021,卖盘
11:06:54,33.51,0.0,101,338500,卖盘
11:06:57,33.52,0.01,17,56980,买盘
11:07:00,33.51,-0.01,41,137400,卖盘
11:07:03,33.51,0.0,41,137420,卖盘
11:07:06,33.51,0.0,37,123995,卖盘
11:07:09,33.51,0.0,35,117316,卖盘
11:07:12,33.51,0.0,58,194394,卖盘
11:07:15,33.51,0.0,121,405471,卖盘
11:07:17,33.51,0.0,1,3351,买盘
11:07:21,33.51,0.0,39,130668,买盘
11:07:24,33.5,-0.01,6,20100,卖盘
11:07:27,33.5,0.0,37,123984,卖盘
11:07:30,33.5,0.0,130,435552,卖盘
11:07:33,33.5,0.0,121,405349,买盘
11:07:36,33.5,0.0,5,16751,卖盘
11:07:39,33.5,0.0,10,33508,卖盘
11:07:42,33.51,0.01,28,93821,买盘
11:07:45,33.5,-0.01,18,60300,卖盘
11:07:48,33.49,-0.01,30,100476,卖盘
11:07:51,33.5,0.01,26,87092,买盘
11:07:57,33.5,0.0,5,16746,买盘
11:08:00,33.5,0.0,24,80381,买盘
11:08:03,33.5,0.0,135,452250,买盘
11:08:06,33.49,-0.01,29,97124,卖盘
11:08:12,33.5,0.01,21,70350,买盘
11:08:15,33.48,-0.02,318,1065136,卖盘
11:08:18,33.48,0.0,27,90396,买盘
11:08:21,33.48,0.0,11,36828,买盘
11:08:27,33.48,0.0,6,20085,买盘
11:08:30,33.47,-0.01,1,3347,卖盘
11:08:33,33.47,0.0,44,147285,卖盘
11:08:36,33.47,0.0,19,63593,卖盘
11:08:39,33.47,0.0,9,30123,卖盘
11:08:42,33.47,0.0,29,97074,卖盘
11:08:46,33.47,0.0,45,150615,卖盘
11:08:49,33.47,0.0,29,97063,卖盘
11:08:52,33.48,0.01,15,50217,买盘
11:08:57,33.48,0.0,8,26784,买盘
11:09:03,33.48,0.0,146,488806,买盘
11:09:06,33.48,0.0,40,133890,买盘
11:09:09,33.47,-0.01,1,3347,卖盘
11:09:12,33.48,0.01,24,80346,买盘
11:09:15,33.45,-0.03,397,1328652,卖盘
11:09:19,33.47,0.02,10,33470,买盘
11:09:21,33.47,0.0,13,43511,买盘
11:09:24,33.45,-0.02,32,107040,卖盘
11:09:27,33.47,0.02,36,120432,买盘
11:09:33,33.44,-0.03,80,267576,卖盘
11:09:35,33.45,0.01,15,50161,中性盘
11:09:39,33.45,0.0,1,3345,买盘
11:09:43,33.45,0.0,31,103675,买盘
11:09:46,33.45,0.0,24,80268,买盘
11:09:48,33.45,0.0,39,130455,卖盘
11:09:52,33.46,0.01,13,43498,买盘
11:09:54,33.45,-0.01,3,10035,卖盘
11:09:57,33.45,0.0,8,26761,卖盘
11:10:00,33.45,0.0,1,3345,卖盘
11:10:03,33.45,0.0,166,555410,卖盘
11:10:06,33.46,0.01,125,418164,买盘
11:10:09,33.45,-0.01,36,120443,卖盘
11:10:12,33.46,0.01,19,63566,买盘
11:10:16,33.46,0.0,265,886690,买盘
11:10:18,33.44,-0.02,5,16723,卖盘
11:10:21,33.45,0.01,16,53520,买盘
11:10:24,33.45,0.0,37,123765,买盘
11:10:27,33.45,0.0,9,30105,卖盘
11:10:31,33.45,0.0,11,36795,买盘
11:10:33,33.46,0.01,10,33460,买盘
11:10:36,33.45,-0.01,31,103701,卖盘
11:10:39,33.45,0.0,70,234180,卖盘
11:10:42,33.46,0.01,21,70259,买盘
11:10:45,33.46,0.0,18,60215,买盘
11:10:49,33.44,-0.02,29,96988,卖盘
11:10:51,33.46,0.02,4,13383,买盘
11:10:54,33.46,0.0,14,46834,买盘
11:10:57,33.44,-0.02,60,200647,卖盘
11:11:00,33.44,0.0,36,120397,卖盘
11:11:04,33.45,0.01,136,454914,买盘
11:11:06,33.45,0.0,5,16725,中性盘
11:11:09,33.45,0.0,152,508261,买盘
11:11:13,33.45,0.0,12,40137,买盘
11:11:15,33.44,-0.01,1,3344,卖盘
11:11:19,33.45,0.01,12,40140,买盘
11:11:21,33.45,0.0,123,411422,买盘
11:11:24,33.44,-0.01,105,351132,卖盘
11:11:30,33.45,0.01,10,33450,买盘
11:11:34,33.45,0.0,13,43485,买盘
11:11:37,33.44,-0.01,1,3344,卖盘
11:11:40,33.45,0.01,11,36794,买盘
11:11:43,33.45,0.0,11,36795,买盘
11:11:45,33.44,-0.01,5,16720,卖盘
11:11:49,33.44,0.0,147,491570,卖盘
11:11:52,33.45,0.01,22,73590,买盘
11:11:54,33.45,0.0,1,3345,买盘
11:11:57,33.44,-0.01,6,20064,卖盘
11:12:03,33.45,0.01,190,635550,买盘
11:12:06,33.45,0.0,31,103670,买盘
11:12:09,33.44,-0.01,11,36794,卖盘
11:12:12,33.45,0.01,12,40140,买盘
11:12:15,33.45,0.0,215,719175,买盘
11:12:19,33.44,-0.01,16,53515,卖盘
11:12:22,33.45,0.01,2,6690,卖盘
11:12:24,33.46,0.01,8,26768,买盘
11:12:34,33.46,0.0,15,50188,买盘
11:12:36,33.45,-0.01,19,63556,卖盘
11:12:40,33.46,0.01,5,16730,买盘
11:12:42,33.45,-0.01,20,66912,卖盘
11:12:49,33.45,0.0,23,76944,卖盘
11:12:51,33.46,0.01,33,110399,买盘
11:12:54,33.45,-0.01,2,6690,卖盘
11:12:58,33.46,0.01,36,120456,买盘
11:13:00,33.45,-0.01,2,6690,卖盘
11:13:04,33.46,0.01,124,414904,买盘
11:13:07,33.46,0.0,16,53534,买盘
11:13:09,33.46,0.0,40,133871,买盘
11:13:13,33.46,0.0,5,16730,买盘
11:13:15,33.46,0.0,41,137186,买盘
11:13:22,33.47,0.01,4,13388,买盘
11:13:25,33.46,-0.01,154,515300,卖盘
11:13:27,33.47,0.01,11,36815,买盘
11:13:31,33.47,0.0,5,16735,买盘
11:13:40,33.46,-0.01,1,3346,卖盘
11:13:43,33.46,0.0,9,30119,卖盘
11:13:46,33.47,0.01,7,23424,买盘
11:13:49,33.46,-0.01,2,6692,卖盘
11:13:52,33.47,0.01,31,103710,买盘
11:13:55,33.47,0.0,5,16735,买盘
11:13:58,33.47,0.0,3,10038,买盘
11:14:01,33.45,-0.02,149,498405,卖盘
11:14:04,33.45,0.0,134,448230,买盘
11:14:07,33.45,0.0,6,20070,买盘
11:14:10,33.45,0.0,83,277725,买盘
11:14:13,33.44,-0.01,1,3344,卖盘
11:14:16,33.45,0.01,101,337852,买盘
11:14:22,33.45,0.0,2,6690,卖盘
11:14:25,33.45,0.0,78,260910,卖盘
11:14:28,33.45,0.0,5,16725,买盘
11:14:31,33.45,0.0,5,16725,买盘
11:14:34,33.44,-0.01,1,3344,卖盘
11:14:37,33.47,0.03,142,475180,买盘
11:14:40,33.44,-0.03,11,36790,卖盘
11:14:46,33.44,0.0,10,33446,卖盘
11:14:49,33.45,0.01,5,16725,买盘
11:14:52,33.44,-0.01,30,100323,卖盘
11:14:55,33.44,0.0,1,3344,卖盘
11:14:57,33.45,0.01,2,6690,买盘
11:15:01,33.45,0.0,170,566880,买盘
11:15:03,33.42,-0.03,194,650214,卖盘
11:15:07,33.42,0.0,5,16716,卖盘
11:15:13,33.44,0.02,13,43472,买盘
11:15:16,33.44,0.0,54,180576,买盘
11:15:19,33.44,0.0,1,3344,卖盘
11:15:22,33.47,0.03,5,16735,买盘
11:15:24,33.44,-0.03,22,73568,卖盘
11:15:28,33.44,0.0,222,742237,卖盘
11:15:40,33.43,-0.01,2,6686,卖盘
11:15:43,33.43,0.0,23,76897,卖盘
11:15:46,33.44,0.01,18,60192,买盘
11:15:49,33.42,-0.02,3,10028,卖盘
11:15:52,33.42,0.0,26,86892,卖盘
11:15:55,33.43,0.01,21,70203,买盘
11:16:01,33.42,-0.01,5,16710,卖盘
11:16:03,33.43,0.01,123,411189,买盘
11:16:07,33.42,-0.01,170,568332,卖盘
11:16:13,33.42,0.0,2,6684,卖盘
11:16:16,33.44,0.02,111,371079,买盘
11:16:19,33.43,-0.01,4,13372,卖盘
11:16:22,33.43,0.0,5,16715,卖盘
11:16:24,33.43,0.0,26,86918,卖盘
11:16:27,33.44,0.01,6,20064,买盘
11:16:31,33.43,-0.01,44,147092,卖盘
11:16:34,33.43,0.0,57,190551,卖盘
11:16:36,33.42,-0.01,2,6684,卖盘
11:16:40,33.42,0.0,1,3342,卖盘
11:16:42,33.41,-0.01,300,1002324,卖盘
11:16:46,33.42,0.01,6,20053,中性盘
11:16:49,33.42,0.0,1,3342,买盘
11:16:52,33.42,0.0,27,90208,买盘
11:16:55,33.4,-0.02,154,514443,卖盘
11:16:57,33.41,0.01,2,6682,中性盘
11:17:01,33.4,-0.01,41,136940,卖盘
11:17:04,33.41,0.01,129,430989,买盘
11:17:07,33.4,-0.01,4,13363,卖盘
11:17:10,33.4,0.0,20,66816,卖盘
11:17:16,33.4,0.0,236,788475,卖盘
11:17:19,33.4,0.0,212,708082,卖盘
11:17:22,33.41,0.01,3,10023,买盘
11:17:25,33.4,-0.01,1,3340,卖盘
11:17:27,33.4,0.0,90,300600,卖盘
11:17:31,33.4,0.0,3,10020,卖盘
11:17:34,33.4,0.0,1,3340,卖盘
11:17:36,33.4,0.0,2,6680,卖盘
11:17:40,33.41,0.01,13,43432,买盘
11:17:46,33.39,-0.02,108,360718,卖盘
11:17:49,33.39,0.0,39,130228,卖盘
11:17:52,33.38,-0.01,34,113495,卖盘
11:17:55,33.38,0.0,52,173626,卖盘
11:17:58,33.38,0.0,81,270378,卖盘
11:18:01,33.37,-0.01,10,33371,卖盘
11:18:03,33.38,0.01,127,423927,买盘
11:18:06,33.37,-0.01,11,36716,卖盘
11:18:10,33.38,0.01,1,3338,买盘
11:18:13,33.37,-0.01,7,23360,卖盘
11:18:16,33.38,0.01,268,894565,买盘
11:18:18,33.39,0.01,14,46734,买盘
11:18:21,33.38,-0.01,1,3338,中性盘
11:18:25,33.38,0.0,12,40055,买盘
11:18:28,33.37,-0.01,5,16686,卖盘
11:18:31,33.37,0.0,97,323780,卖盘
11:18:34,33.37,0.0,15,50059,卖盘
11:18:37,33.38,0.01,171,570777,买盘
11:18:40,33.37,-0.01,4,13350,卖盘
11:18:43,33.37,0.0,8,26702,卖盘
11:18:46,33.37,0.0,3,10011,卖盘
11:18:49,33.37,0.0,3,10011,卖盘
11:18:52,33.37,0.0,32,106784,卖盘
11:18:55,33.36,-0.01,201,670631,卖盘
11:18:58,33.37,0.01,2,6674,中性盘
11:19:01,33.36,-0.01,87,290272,卖盘
11:19:04,33.38,0.02,138,460410,买盘
11:19:07,33.38,0.0,4,13352,买盘
11:19:10,33.37,-0.01,2,6672,中性盘
11:19:13,33.37,0.0,6,20022,买盘
11:19:15,33.37,0.0,3,10011,买盘
11:19:19,33.37,0.0,5,16685,卖盘
11:19:21,33.37,0.0,4,13348,卖盘
11:19:25,33.37,0.0,42,140160,卖盘
11:19:28,33.37,0.0,13,43384,卖盘
11:19:31,33.37,0.0,8,26696,卖盘
11:19:34,33.38,0.01,2,6676,买盘
11:19:36,33.37,-0.01,159,530588,卖盘
11:19:40,33.37,0.0,49,163513,卖盘
11:19:43,33.37,0.0,175,583976,卖盘
11:19:46,33.37,0.0,7,23359,买盘
11:19:49,33.35,-0.02,7,23345,卖盘
11:19:52,33.35,0.0,34,113394,卖盘
11:19:55,33.35,0.0,2,6670,卖盘
11:19:57,33.36,0.01,4,13344,买盘
11:20:01,33.35,-0.01,39,130075,卖盘
11:20:04,33.36,0.01,361,1204296,买盘
11:20:07,33.36,0.0,73,243532,卖盘
11:20:10,33.36,0.0,107,356957,卖盘
11:20:13,33.36,0.0,396,1321058,卖盘
11:20:16,33.37,0.01,312,1041049,买盘
11:20:18,33.35,-0.02,20,66700,卖盘
11:20:22,33.37,0.02,321,1070867,买盘
11:20:25,33.35,-0.02,136,453600,卖盘
11:20:28,33.36,0.01,22,73403,卖盘
11:20:31,33.36,0.0,14,46708,买盘
11:20:37,33.35,-0.01,3,10006,卖盘
11:20:43,33.36,0.01,14,46703,买盘
11:20:46,33.35,-0.01,49,163428,卖盘
11:20:49,33.35,0.0,3,10007,卖盘
11:20:52,33.36,0.01,32,106725,买盘
11:20:55,33.35,-0.01,15,50025,卖盘
11:21:01,33.35,0.0,66,220110,卖盘
11:21:04,33.36,0.01,242,807230,买盘
11:21:07,33.36,0.0,2,6672,买盘
11:21:09,33.35,-0.01,2,6670,卖盘
11:21:16,33.36,0.01,259,864024,买盘
11:21:21,33.37,0.01,2,6673,买盘
11:21:24,33.36,-0.01,14,46704,卖盘
11:21:28,33.36,0.0,37,123439,卖盘
11:21:31,33.37,0.01,1,3337,买盘
11:21:34,33.36,-0.01,17,56718,卖盘
11:21:37,33.37,0.01,6,20021,买盘
11:21:40,33.37,0.0,35,116765,买盘
11:21:43,33.36,-0.01,32,106752,卖盘
11:21:49,33.37,0.01,7,23359,买盘
11:21:52,33.36,-0.01,28,93408,卖盘
11:21:55,33.37,0.01,11,36703,买盘
11:21:58,33.37,0.0,10,33370,买盘
11:22:01,33.37,0.0,7,23359,买盘
11:22:04,33.37,0.0,152,507224,买盘
11:22:07,33.37,0.0,43,143455,买盘
11:22:10,33.37,0.0,37,123469,买盘
11:22:13,33.37,0.0,10,33369,买盘
11:22:16,33.37,0.0,66,220238,买盘
11:22:19,33.37,0.0,52,173524,卖盘
11:22:22,33.38,0.01,6,20028,买盘
11:22:28,33.37,-0.01,17,56729,卖盘
11:22:30,33.38,0.01,52,173571,买盘
11:22:34,33.38,0.0,2,6676,买盘
11:22:37,33.37,-0.01,18,60066,卖盘
11:22:40,33.38,0.01,14,46721,买盘
11:22:42,33.38,0.0,138,460612,买盘
11:22:46,33.38,0.0,6,20028,买盘
11:22:48,33.37,-0.01,2,6674,卖盘
11:22:52,33.37,0.0,38,126806,卖盘
11:22:55,33.38,0.01,37,123506,买盘
11:22:58,33.37,-0.01,22,73414,卖盘
11:23:01,33.37,0.0,5,16689,卖盘
11:23:04,33.38,0.01,123,410574,买盘
11:23:07,33.38,0.0,8,26704,买盘
11:23:10,33.38,0.0,88,293714,买盘
11:23:13,33.36,-0.02,242,807338,卖盘
11:23:16,33.39,0.03,275,918111,买盘
11:23:18,33.38,-0.01,6,20028,中性盘
11:23:21,33.38,0.0,5,16689,买盘
11:23:25,33.36,-0.02,2,6673,卖盘
11:23:27,33.37,0.01,16,53408,卖盘
11:23:31,33.36,-0.01,300,1000898,卖盘
11:23:34,33.37,0.01,3,10011,中性盘
11:23:36,33.39,0.02,105,350588,买盘
11:23:39,33.37,-0.02,1,3337,卖盘
11:23:45,33.37,0.0,1,3337,卖盘
11:23:49,33.39,0.02,5,16695,买盘
11:23:52,33.36,-0.03,28,93424,卖盘
11:23:54,33.38,0.02,4,13352,卖盘
11:23:58,33.36,-0.02,16,53391,卖盘
11:24:01,33.39,0.03,5,16695,买盘
11:24:04,33.39,0.0,124,414036,买盘
11:24:07,33.38,-0.01,5,16690,卖盘
11:24:13,33.38,0.0,1,3338,买盘
11:24:16,33.38,0.0,25,83450,买盘
11:24:19,33.38,0.0,1,3338,卖盘
11:24:22,33.39,0.01,28,93479,买盘
11:24:28,33.38,-0.01,60,200338,卖盘
11:24:31,33.39,0.01,3,10017,买盘
11:24:34,33.4,0.01,6,20038,买盘
11:24:37,33.39,-0.01,18,60102,卖盘
11:24:40,33.39,0.0,1,3339,卖盘
11:24:43,33.39,0.0,5,16695,卖盘
11:24:45,33.4,0.01,6,20040,买盘
11:24:52,33.4,0.0,29,96833,买盘
11:24:55,33.39,-0.01,45,150262,卖盘
11:25:01,33.38,-0.01,207,690974,卖盘
11:25:04,33.39,0.01,104,347256,买盘
11:25:07,33.4,0.01,9,30060,买盘
11:25:12,33.39,-0.01,2,6678,卖盘
11:25:16,33.4,0.01,145,484298,买盘
11:25:22,33.4,0.0,1,3340,买盘
11:25:25,33.4,0.0,2,6679,买盘
11:25:28,33.4,0.0,5,16700,买盘
11:25:31,33.4,0.0,2,6680,买盘
11:25:34,33.4,0.0,4,13360,买盘
11:25:37,33.39,-0.01,2,6678,卖盘
11:25:40,33.39,0.0,6,20037,卖盘
11:25:43,33.4,0.01,12,40080,买盘
11:25:45,33.4,0.0,26,86840,买盘
11:25:49,33.4,0.0,24,80160,卖盘
11:25:52,33.4,0.0,29,96860,卖盘
11:25:58,33.4,0.0,10,33406,卖盘
11:26:01,33.4,0.0,44,146967,卖盘
11:26:03,33.4,0.0,124,414283,卖盘
11:26:07,33.41,0.01,21,70143,买盘
11:26:09,33.4,-0.01,1,3340,卖盘
11:26:16,33.41,0.01,114,380874,买盘
11:26:19,33.4,-0.01,2,6680,卖盘
11:26:22,33.41,0.01,2,6682,买盘
11:26:24,33.41,0.0,6,20046,买盘
11:26:27,33.4,-0.01,7,23380,卖盘
11:26:31,33.4,0.0,7,23386,卖盘
11:26:34,33.4,0.0,2,6680,卖盘
11:26:36,33.41,0.01,21,70142,买盘
11:26:43,33.4,-0.01,22,73480,卖盘
11:26:52,33.4,0.0,39,130262,卖盘
11:26:57,33.4,0.0,1,3340,卖盘
11:27:01,33.4,0.0,3,10020,卖盘
11:27:04,33.41,0.01,63,210483,买盘
11:27:07,33.42,0.01,3,10026,买盘
11:27:16,33.42,0.0,74,247307,买盘
11:27:22,33.42,0.0,2,6684,买盘
11:27:25,33.41,-0.01,32,106922,卖盘
11:27:33,33.42,0.01,3,10026,买盘
11:27:37,33.41,-0.01,2,6683,卖盘
11:27:43,33.41,0.0,1,3341,卖盘
11:27:46,33.41,0.0,7,23389,卖盘
11:27:49,33.41,0.0,2,6682,卖盘
11:27:52,33.41,0.0,41,136994,卖盘
11:27:58,33.41,0.0,4,13367,卖盘
11:28:04,33.41,0.0,143,477899,卖盘
11:28:06,33.41,0.0,72,240553,卖盘
11:28:10,33.41,0.0,15,50115,买盘
11:28:16,33.41,0.0,61,203801,买盘
11:28:19,33.41,0.0,16,53458,卖盘
11:28:22,33.42,0.01,4,13367,买盘
11:28:25,33.42,0.0,4,13368,买盘
11:28:28,33.42,0.0,7,23394,买盘
11:28:31,33.42,0.0,6,20051,买盘
11:28:37,33.41,-0.01,18,60138,卖盘
11:28:40,33.42,0.01,2,6684,买盘
11:28:43,33.42,0.0,9,30076,买盘
11:28:45,33.42,0.0,1,3342,买盘
11:28:52,33.42,0.0,4,13368,买盘
11:28:55,33.42,0.0,47,157046,买盘
11:28:57,33.42,0.0,4,13368,买盘
11:29:01,33.42,0.0,3,10026,买盘
11:29:04,33.41,-0.01,133,444484,卖盘
11:29:07,33.41,0.0,32,106918,卖盘
11:29:10,33.4,-0.01,155,517703,卖盘
11:29:13,33.42,0.02,164,547768,买盘
11:29:16,33.42,0.0,156,520087,买盘
11:29:19,33.42,0.0,31,103631,卖盘
11:29:22,33.43,0.01,1,3343,买盘
11:29:25,33.42,-0.01,6,20056,卖盘
11:29:27,33.42,0.0,18,60156,卖盘
11:29:34,33.43,0.01,2,6686,买盘
11:29:36,33.43,0.0,47,157119,买盘
11:29:40,33.43,0.0,65,217295,买盘
11:29:42,33.43,0.0,4,13372,买盘
11:29:46,33.44,0.01,9,30090,买盘
11:29:49,33.43,-0.01,3,10030,卖盘
11:29:55,33.43,0.0,38,127038,卖盘
11:29:58,33.43,0.0,2,6686,买盘
11:30:01,33.42,-0.01,45,150471,卖盘
13:00:01,33.42,0.0,512,1713153,卖盘
13:00:04,33.44,0.02,191,638852,中性盘
13:00:06,33.45,0.01,25,83607,买盘
13:00:10,33.44,-0.01,2,6688,卖盘
13:00:13,33.45,0.01,33,110385,买盘
13:00:15,33.45,0.0,153,510581,买盘
13:00:19,33.47,0.02,26,86995,买盘
13:00:21,33.46,-0.01,8,26768,中性盘
13:00:25,33.47,0.01,3,10039,买盘
13:00:28,33.47,0.0,115,384904,买盘
13:00:30,33.48,0.01,165,552418,买盘
13:00:34,33.48,0.0,19,63596,买盘
13:00:36,33.47,-0.01,20,66942,卖盘
13:00:40,33.47,0.0,24,80328,卖盘
13:00:42,33.47,0.0,8,26774,买盘
13:00:46,33.48,0.01,3,10044,买盘
13:00:52,33.48,0.0,233,780084,买盘
13:00:55,33.47,-0.01,8,26780,中性盘
13:00:58,33.48,0.01,23,76988,买盘
13:01:01,33.48,0.0,388,1297944,买盘
13:01:04,33.48,0.0,193,645770,买盘
13:01:07,33.48,0.0,32,107132,买盘
13:01:16,33.48,0.0,16,53555,买盘
13:01:19,33.47,-0.01,12,40164,卖盘
13:01:25,33.47,0.0,339,1134634,卖盘
13:01:28,33.47,0.0,2,6694,买盘
13:01:31,33.46,-0.01,2,6692,买盘
13:01:33,33.46,0.0,9,30114,买盘
13:01:37,33.46,0.0,51,170551,买盘
13:01:42,33.44,-0.02,1,3344,卖盘
13:01:49,33.46,0.02,57,190703,买盘
13:01:52,33.44,-0.02,1,3344,卖盘
13:01:57,33.45,0.01,8,26760,买盘
13:02:01,33.44,-0.01,90,301001,卖盘
13:02:04,33.45,0.01,30,100350,买盘
13:02:07,33.46,0.01,36,120423,买盘
13:02:12,33.45,-0.01,2,6691,卖盘
13:02:16,33.46,0.01,152,508592,买盘
13:02:19,33.45,-0.01,20,66912,卖盘
13:02:22,33.46,0.01,3,10040,卖盘
13:02:24,33.47,0.01,3,10040,买盘
13:02:31,33.47,0.0,14,46841,买盘
13:02:34,33.47,0.0,1,3347,买盘
13:02:37,33.46,-0.01,3,10038,买盘
13:02:43,33.45,-0.01,50,167250,卖盘
13:02:46,33.45,0.0,5,16728,卖盘
13:02:48,33.45,0.0,108,361316,卖盘
13:02:55,33.46,0.01,2,6692,买盘
13:02:57,33.46,0.0,79,264285,买盘
13:03:01,33.46,0.0,82,274310,买盘
13:03:04,33.45,-0.01,124,414903,中性盘
13:03:07,33.45,0.0,10,33448,买盘
13:03:10,33.45,0.0,84,280897,买盘
13:03:13,33.45,0.0,1,3345,买盘
13:03:16,33.45,0.0,212,709118,买盘
13:03:18,33.45,0.0,2,6689,买盘
13:03:22,33.45,0.0,11,36795,买盘
13:03:24,33.45,0.0,2,6690,买盘
13:03:28,33.45,0.0,3,10035,买盘
13:03:31,33.45,0.0,5,16723,买盘
13:03:36,33.44,-0.01,48,160498,卖盘
13:03:40,33.43,-0.01,9,30088,卖盘
13:03:43,33.43,0.0,13,43460,卖盘
13:03:46,33.44,0.01,64,214016,买盘
13:03:49,33.44,0.0,11,36784,买盘
13:03:51,33.44,0.0,15,50157,买盘
13:03:55,33.44,0.0,19,63529,买盘
13:03:58,33.44,0.0,145,484830,买盘
13:04:01,33.44,0.0,72,240714,买盘
13:04:04,33.45,0.01,69,230750,买盘
13:04:07,33.45,0.0,27,90297,买盘
13:04:13,33.44,-0.01,9,30103,卖盘
13:04:15,33.45,0.01,187,625513,买盘
13:04:19,33.45,0.0,4,13377,买盘
13:04:22,33.45,0.0,29,97005,买盘
13:04:25,33.45,0.0,174,581970,买盘
13:04:27,33.46,0.01,31,103725,买盘
13:04:31,33.46,0.0,5,16730,买盘
13:04:33,33.46,0.0,3,10038,买盘
13:04:37,33.46,0.0,50,167282,买盘
13:04:40,33.47,0.01,11,36807,买盘
13:04:43,33.47,0.0,12,40156,买盘
13:04:49,33.46,-0.01,1,3346,卖盘
13:04:55,33.47,0.01,56,187432,买盘
13:04:58,33.46,-0.01,3,10039,卖盘
13:05:01,33.46,0.0,57,190730,卖盘
13:05:04,33.47,0.01,61,204167,买盘
13:05:07,33.48,0.01,235,786777,买盘
13:05:10,33.48,0.0,2,6695,买盘
13:05:13,33.47,-0.01,1,3347,卖盘
13:05:16,33.48,0.01,213,713123,买盘
13:05:19,33.48,0.0,16,53572,卖盘
13:05:22,33.49,0.01,76,254524,买盘
13:05:25,33.48,-0.01,103,344845,卖盘
13:05:28,33.48,0.0,6,20088,买盘
13:05:31,33.48,0.0,45,150658,买盘
13:05:33,33.47,-0.01,87,291275,卖盘
13:05:37,33.48,0.01,60,200880,买盘
13:05:40,33.48,0.0,27,90379,买盘
13:05:42,33.48,0.0,44,147310,买盘
13:05:46,33.48,0.0,15,50220,买盘
13:05:49,33.48,0.0,7,23436,买盘
13:05:52,33.48,0.0,293,980497,买盘
13:05:55,33.48,0.0,207,693036,卖盘
13:05:57,33.48,0.0,128,429013,卖盘
13:06:00,33.49,0.01,98,327612,买盘
13:06:04,33.48,-0.01,118,395064,中性盘
13:06:07,33.49,0.01,32,107140,买盘
13:06:09,33.48,-0.01,26,87048,卖盘
13:06:13,33.48,0.0,3,10044,买盘
13:06:16,33.48,0.0,44,147312,买盘
13:06:19,33.48,0.0,3,10045,卖盘
13:06:21,33.48,0.0,2,6696,卖盘
13:06:25,33.48,0.0,302,1011098,卖盘
13:06:28,33.49,0.01,42,140620,买盘
13:06:30,33.48,-0.01,3,10045,卖盘
13:06:34,33.48,0.0,47,157359,卖盘
13:06:37,33.48,0.0,42,140616,买盘
13:06:40,33.47,-0.01,41,137227,卖盘
13:06:43,33.46,-0.01,10,33461,卖盘
13:06:45,33.47,0.01,10,33463,买盘
13:06:48,33.47,0.0,10,33463,买盘
13:06:52,33.47,0.0,49,164003,买盘
13:06:55,33.48,0.01,7,23435,买盘
13:06:58,33.48,0.0,121,405107,买盘
13:07:00,33.46,-0.02,42,140542,卖盘
13:07:04,33.48,0.02,130,435240,买盘
13:07:07,33.48,0.0,23,76984,买盘
13:07:09,33.47,-0.01,5,16739,卖盘
13:07:15,33.48,0.01,233,780084,买盘
13:07:19,33.47,-0.01,76,254372,卖盘
13:07:22,33.47,0.0,8,26776,买盘
13:07:24,33.47,0.0,1,3347,买盘
13:07:28,33.47,0.0,2,6694,买盘
13:07:31,33.46,-0.01,3,10038,卖盘
13:07:34,33.46,0.0,4,13386,卖盘
13:07:37,33.47,0.01,66,220882,买盘
13:07:40,33.47,0.0,4,13388,买盘
13:07:43,33.46,-0.01,28,93712,卖盘
13:07:46,33.45,-0.01,14,46836,卖盘
13:07:49,33.47,0.02,1,3347,买盘
13:07:52,33.45,-0.02,69,230928,卖盘
13:07:58,33.45,0.0,7,23418,卖盘
13:08:01,33.45,0.0,36,120420,卖盘
13:08:04,33.45,0.0,155,518632,卖盘
13:08:06,33.45,0.0,24,80288,卖盘
13:08:10,33.45,0.0,39,130426,卖盘
13:08:12,33.45,0.0,6,20070,买盘
13:08:16,33.45,0.0,44,147213,买盘
13:08:19,33.45,0.0,93,311085,卖盘
13:08:22,33.45,0.0,3,10035,卖盘
13:08:25,33.46,0.01,2,6692,买盘
13:08:28,33.45,-0.01,20,66918,卖盘
13:08:31,33.46,0.01,2,6691,买盘
13:08:34,33.45,-0.01,60,200667,卖盘
13:08:37,33.45,0.0,47,157215,买盘
13:08:40,33.45,0.0,11,36787,买盘
13:08:43,33.45,0.0,24,80280,买盘
13:08:46,33.45,0.0,5,16725,买盘
13:08:49,33.44,-0.01,51,170583,卖盘
13:08:52,33.43,-0.01,6,20058,卖盘
13:08:55,33.44,0.01,26,86944,买盘
13:08:58,33.44,0.0,6,20064,买盘
13:09:01,33.44,0.0,47,157138,买盘
13:09:04,33.44,0.0,122,407968,买盘
13:09:07,33.44,0.0,10,33439,买盘
13:09:10,33.43,-0.01,66,220640,卖盘
13:09:13,33.44,0.01,227,759087,买盘
13:09:16,33.44,0.0,142,474853,买盘
13:09:22,33.45,0.01,10,33450,买盘
13:09:25,33.45,0.0,8,26755,买盘
13:09:28,33.45,0.0,44,147180,买盘
13:09:31,33.44,-0.01,102,341090,卖盘
13:09:34,33.44,0.0,1,3344,卖盘
13:09:37,33.45,0.01,42,140490,买盘
13:09:40,33.45,0.0,6,20070,买盘
13:09:43,33.45,0.0,78,260900,买盘
13:09:46,33.44,-0.01,14,46816,卖盘
13:09:49,33.45,0.01,65,217425,买盘
13:09:52,33.45,0.0,10,33442,买盘
13:09:55,33.45,0.0,14,46821,买盘
13:09:57,33.44,-0.01,13,43481,卖盘
13:10:01,33.44,0.0,77,257538,卖盘
13:10:04,33.45,0.01,208,695842,买盘
13:10:07,33.45,0.0,127,424815,买盘
13:10:10,33.45,0.0,20,66930,买盘
13:10:17,33.45,0.0,57,190633,买盘
13:10:19,33.45,0.0,2,6690,卖盘
13:10:22,33.46,0.01,54,180639,买盘
13:10:28,33.45,-0.01,44,147191,卖盘
13:10:31,33.46,0.01,3,10037,买盘
13:10:34,33.46,0.0,6,20076,买盘
13:10:37,33.45,-0.01,276,923321,卖盘
13:10:40,33.45,0.0,34,113730,买盘
13:10:43,33.45,0.0,3,10035,买盘
13:10:50,33.46,0.01,7,23426,卖盘
13:10:52,33.46,0.0,1,3346,卖盘
13:10:55,33.47,0.01,5,16735,买盘
13:10:58,33.47,0.0,4,13388,买盘
13:11:01,33.46,-0.01,5,16733,卖盘
13:11:04,33.47,0.01,161,538837,买盘
13:11:07,33.47,0.0,43,143921,买盘
13:11:10,33.46,-0.01,18,60236,卖盘
13:11:14,33.47,0.01,44,147267,买盘
13:11:16,33.47,0.0,243,813291,买盘
13:11:19,33.47,0.0,11,36817,卖盘
13:11:22,33.48,0.01,15,50211,买盘
13:11:25,33.47,-0.01,4,13390,卖盘
13:11:29,33.48,0.01,161,539028,买盘
13:11:32,33.48,0.0,6,20088,买盘
13:11:35,33.48,0.0,372,1245085,买盘
13:11:37,33.48,0.0,65,217619,买盘
13:11:40,33.48,0.0,51,170746,买盘
13:11:44,33.48,0.0,67,224309,买盘
13:11:46,33.47,-0.01,3,10042,卖盘
13:11:49,33.48,0.01,6,20088,买盘
13:11:52,33.48,0.0,1,3348,买盘
13:11:55,33.48,0.0,15,50220,买盘
13:11:59,33.48,0.0,19,63610,卖盘
13:12:01,33.49,0.01,7,23434,买盘
13:12:05,33.49,0.0,27,90397,买盘
13:12:07,33.48,-0.01,24,80357,卖盘
13:12:10,33.48,0.0,105,351579,卖盘
13:12:14,33.49,0.01,16,53574,买盘
13:12:17,33.49,0.0,356,1192158,买盘
13:12:19,33.47,-0.02,12,40170,卖盘
13:12:26,33.49,0.02,20,66962,买盘
13:12:28,33.49,0.0,11,36839,买盘
13:12:31,33.48,-0.01,1,3348,卖盘
13:12:34,33.48,0.0,102,341502,卖盘
13:12:38,33.48,0.0,1,3348,买盘
13:12:40,33.48,0.0,46,154010,买盘
13:12:44,33.47,-0.01,59,197528,卖盘
13:12:47,33.48,0.01,7,23436,买盘
13:12:50,33.48,0.0,66,220975,买盘
13:12:52,33.48,0.0,7,23430,买盘
13:12:56,33.48,0.0,16,53568,买盘
13:12:59,33.48,0.0,15,50220,卖盘
13:13:01,33.48,0.0,7,23438,卖盘
13:13:05,33.49,0.01,291,974521,买盘
13:13:08,33.48,-0.01,17,56917,卖盘
13:13:10,33.49,0.01,70,234430,买盘
13:13:14,33.48,-0.01,5,16744,卖盘
13:13:17,33.49,0.01,95,318158,买盘
13:13:20,33.5,0.01,17,56934,买盘
13:13:23,33.49,-0.01,68,227734,卖盘
13:13:25,33.49,0.0,218,730082,卖盘
13:13:29,33.5,0.01,1,3350,买盘
13:13:32,33.5,0.0,5,16750,买盘
13:13:35,33.5,0.0,3,10050,买盘
13:13:38,33.49,-0.01,15,50249,卖盘
13:13:41,33.5,0.01,115,385250,买盘
13:13:44,33.5,0.0,68,227769,买盘
13:13:47,33.49,-0.01,31,103849,卖盘
13:13:49,33.5,0.01,17,56948,买盘
13:13:52,33.5,0.0,201,673350,买盘
13:13:56,33.5,0.0,214,716891,买盘
13:13:58,33.5,0.0,80,267991,买盘
13:14:01,33.5,0.0,60,200997,买盘
13:14:04,33.5,0.0,120,402037,买盘
13:14:08,33.5,0.0,48,160808,卖盘
13:14:10,33.5,0.0,41,137381,买盘
13:14:14,33.5,0.0,3,10050,卖盘
13:14:16,33.5,0.0,31,103850,买盘
13:14:20,33.5,0.0,10,33498,买盘
13:14:23,33.5,0.0,3,10048,买盘
13:14:26,33.5,0.0,44,147400,买盘
13:14:29,33.5,0.0,7,23450,买盘
13:14:31,33.48,-0.02,608,2035712,卖盘
13:14:34,33.48,0.0,5,16673,卖盘
13:14:38,33.47,-0.01,27,90381,卖盘
13:14:41,33.49,0.02,95,318195,买盘
13:14:44,33.48,-0.01,213,713481,中性盘
13:14:47,33.47,-0.01,3,10042,卖盘
13:14:52,33.48,0.01,22,73656,买盘
13:14:55,33.48,0.0,10,33479,买盘
13:14:58,33.47,-0.01,12,40174,卖盘
13:15:02,33.47,0.0,8,26776,卖盘
13:15:04,33.47,0.0,138,462010,卖盘
13:15:07,33.49,0.02,26,87030,买盘
13:15:10,33.49,0.0,39,130611,买盘
13:15:14,33.48,-0.01,4,13393,中性盘
13:15:17,33.47,-0.01,31,103757,卖盘
13:15:20,33.48,0.01,11,36828,买盘
13:15:23,33.48,0.0,4,13392,卖盘
13:15:26,33.48,0.0,5,16743,卖盘
13:15:28,33.48,0.0,6,20088,卖盘
13:15:32,33.49,0.01,1,3349,买盘
13:15:35,33.49,0.0,3,10045,买盘
13:15:37,33.48,-0.01,114,381732,卖盘
13:15:41,33.49,0.01,246,823652,买盘
13:15:43,33.49,0.0,8,26791,买盘
13:15:46,33.49,0.0,3,10047,买盘
13:15:50,33.48,-0.01,2,6696,卖盘
13:15:56,33.49,0.01,35,117215,买盘
13:15:58,33.48,-0.01,80,267909,卖盘
13:16:02,33.48,0.0,189,632943,卖盘
13:16:04,33.48,0.0,153,512367,卖盘
13:16:07,33.49,0.01,29,97103,买盘
13:16:11,33.49,0.0,4,13396,买盘
13:16:14,33.48,-0.01,46,154051,卖盘
13:16:17,33.48,0.0,25,83700,卖盘
13:16:19,33.49,0.01,119,398528,买盘
13:16:23,33.49,0.0,23,77027,卖盘
13:16:26,33.5,0.01,8,26793,买盘
13:16:29,33.5,0.0,1,3350,买盘
13:16:32,33.5,0.0,10,33500,买盘
13:16:35,33.5,0.0,56,187596,买盘
13:16:37,33.49,-0.01,25,83727,卖盘
13:16:41,33.5,0.01,3,10050,买盘
13:16:44,33.5,0.0,58,194300,买盘
13:16:46,33.49,-0.01,30,100470,卖盘
13:16:52,33.5,0.01,536,1795082,买盘
13:16:56,33.49,-0.01,17,56949,卖盘
13:16:59,33.49,0.0,3,10049,卖盘
13:17:02,33.49,0.0,69,231081,卖盘
13:17:05,33.48,-0.01,518,1735142,卖盘
13:17:08,33.49,0.01,11,36844,中性盘
13:17:11,33.49,0.0,27,90423,买盘
13:17:17,33.48,-0.01,119,398519,卖盘
13:17:19,33.5,0.02,56,187601,买盘
13:17:23,33.5,0.0,55,184250,卖盘
13:17:26,33.51,0.01,5,16755,买盘
13:17:29,33.5,-0.01,64,214402,卖盘
13:17:32,33.5,0.0,265,887750,卖盘
13:17:35,33.5,0.0,82,274683,买盘
13:17:37,33.5,0.0,12,40200,买盘
13:17:41,33.5,0.0,14,46899,买盘
13:17:44,33.49,-0.01,90,301499,卖盘
13:17:47,33.5,0.01,47,157450,买盘
13:17:50,33.49,-0.01,9,30144,卖盘
13:17:53,33.49,0.0,39,130633,卖盘
13:17:56,33.5,0.01,40,134000,买盘
13:17:59,33.5,0.0,16,53600,买盘
13:18:01,33.5,0.0,19,63647,买盘
13:18:05,33.49,-0.01,166,556059,卖盘
13:18:08,33.5,0.01,15,50249,买盘
13:18:10,33.5,0.0,21,70350,买盘
13:18:14,33.5,0.0,3,10048,买盘
13:18:16,33.49,-0.01,71,237820,卖盘
13:18:20,33.5,0.01,274,917905,买盘
13:18:23,33.49,-0.01,19,63646,卖盘
13:18:25,33.51,0.02,1,3351,买盘
13:18:29,33.5,-0.01,2,6700,买盘
13:18:32,33.51,0.01,101,338408,买盘
13:18:34,33.49,-0.02,13,43542,卖盘
13:18:37,33.5,0.01,21,70350,买盘
13:18:41,33.5,0.0,24,80400,买盘
13:18:44,33.49,-0.01,9,30142,卖盘
13:18:47,33.5,0.01,49,164149,买盘
13:18:53,33.5,0.0,35,117233,买盘
13:18:56,33.49,-0.01,74,247899,卖盘
13:19:02,33.49,0.0,50,167479,卖盘
13:19:04,33.51,0.02,119,398651,买盘
13:19:08,33.5,-0.01,27,90454,卖盘
13:19:10,33.5,0.0,1,3350,卖盘
13:19:14,33.52,0.02,544,1822945,买盘
13:19:16,33.51,-0.01,63,211120,卖盘
13:19:20,33.5,-0.01,18,60321,卖盘
13:19:23,33.51,0.01,25,83788,卖盘
13:19:26,33.51,0.0,108,361942,卖盘
13:19:29,33.52,0.01,14,46926,买盘
13:19:31,33.51,-0.01,905,3032014,卖盘
13:19:35,33.51,0.0,31,103881,卖盘
13:19:41,33.52,0.01,16,53627,买盘
13:19:44,33.51,-0.01,1,3351,卖盘
13:19:47,33.52,0.01,45,150840,买盘
13:19:50,33.51,-0.01,7,23463,卖盘
13:19:53,33.52,0.01,70,234638,买盘
13:19:56,33.5,-0.02,513,1718907,卖盘
13:19:59,33.5,0.0,30,100508,卖盘
13:20:02,33.52,0.02,12,40224,买盘
13:20:05,33.5,-0.02,31,103851,卖盘
13:20:08,33.51,0.01,3,10053,买盘
13:20:10,33.51,0.0,12,40212,买盘
13:20:14,33.51,0.0,88,294888,买盘
13:20:16,33.5,-0.01,89,298249,卖盘
13:20:19,33.5,0.0,153,512564,卖盘
13:20:23,33.52,0.02,16,53632,买盘
13:20:26,33.5,-0.02,554,1856022,卖盘
13:20:29,33.51,0.01,181,606393,买盘
13:20:32,33.51,0.0,61,204390,卖盘
13:20:35,33.51,0.0,11,36852,中性盘
13:20:37,33.51,0.0,5,16752,买盘
13:20:41,33.51,0.0,202,676719,买盘
13:20:44,33.51,0.0,3,10052,买盘
13:20:47,33.51,0.0,41,137391,买盘
13:20:50,33.51,0.0,3,10052,买盘
13:20:52,33.51,0.0,11,36861,买盘
13:20:56,33.5,-0.01,445,1490895,卖盘
13:20:59,33.5,0.0,14,46904,卖盘
13:21:02,33.51,0.01,13,43563,买盘
13:21:05,33.51,0.0,83,278099,买盘
13:21:08,33.51,0.0,81,271399,买盘
13:21:11,33.51,0.0,13,43562,买盘
13:21:14,33.5,-0.01,363,1216050,卖盘
13:21:17,33.5,0.0,166,556100,买盘
13:21:20,33.51,0.01,197,660033,买盘
13:21:23,33.51,0.0,13,43558,买盘
13:21:26,33.51,0.0,2,6702,买盘
13:21:29,33.51,0.0,92,308298,买盘
13:21:31,33.5,-0.01,48,160814,卖盘
13:21:35,33.5,0.0,2,6701,卖盘
13:21:37,33.51,0.01,22,73722,买盘
13:21:41,33.51,0.0,16,53616,买盘
13:21:44,33.5,-0.01,10,33507,卖盘
13:21:47,33.51,0.01,45,150795,买盘
13:21:50,33.51,0.0,40,134040,买盘
13:21:53,33.51,0.0,19,63659,买盘
13:21:56,33.52,0.01,60,201061,买盘
13:21:59,33.52,0.0,30,100560,买盘
13:22:02,33.52,0.0,33,110590,买盘
13:22:05,33.51,-0.01,35,117290,卖盘
13:22:07,33.52,0.01,60,201102,买盘
13:22:11,33.52,0.0,31,103912,买盘
13:22:14,33.51,-0.01,29,97184,卖盘
13:22:17,33.51,0.0,89,298239,买盘
13:22:19,33.51,0.0,15,50265,买盘
13:22:23,33.5,-0.01,62,207761,卖盘
13:22:26,33.51,0.01,55,184305,买盘
13:22:29,33.51,0.0,12,40203,买盘
13:22:32,33.51,0.0,18,60318,买盘
13:22:35,33.5,-0.01,21,70352,卖盘
13:22:38,33.5,0.0,14,46912,卖盘
13:22:41,33.5,0.0,23,77071,卖盘
13:22:44,33.51,0.01,300,1005300,买盘
13:22:46,33.51,0.0,159,532759,买盘
13:22:50,33.51,0.0,1,3351,卖盘
13:22:52,33.52,0.01,57,191064,买盘
13:22:56,33.52,0.0,26,87152,买盘
13:23:02,33.52,0.0,34,113958,买盘
13:23:05,33.51,-0.01,142,475809,卖盘
13:23:08,33.48,-0.03,13,43552,买盘
13:23:11,33.51,0.03,96,321618,买盘
13:23:17,33.51,0.0,25,83756,买盘
13:23:20,33.51,0.0,65,217785,买盘
13:23:23,33.51,0.0,61,204409,买盘
13:23:28,33.51,0.0,9,30155,买盘
13:23:32,33.5,-0.01,15,50263,卖盘
13:23:34,33.51,0.01,80,268079,买盘
13:23:38,33.51,0.0,9,30159,买盘
13:23:40,33.51,0.0,32,107201,买盘
13:23:44,33.5,-0.01,2330,7813196,中性盘
13:23:47,33.51,0.01,45,150951,卖盘
13:23:50,33.5,-0.01,31,103862,卖盘
13:23:53,33.51,0.01,82,274777,买盘
13:23:56,33.51,0.0,16,53636,卖盘
13:23:58,33.5,-0.01,13,43555,卖盘
13:24:01,33.55,0.05,13,43608,买盘
13:24:05,33.51,-0.04,2,6702,卖盘
13:24:08,33.54,0.03,34,113946,买盘
13:24:10,33.54,0.0,16,53662,买盘
13:24:14,33.52,-0.02,608,2039615,卖盘
13:24:17,33.52,0.0,50,167681,买盘
13:24:20,33.52,0.0,33,110592,卖盘
13:24:22,33.52,0.0,3,10056,买盘
13:24:28,33.52,0.0,2,6704,卖盘
13:24:32,33.55,0.03,12,40249,买盘
13:24:35,33.54,-0.01,61,204504,卖盘
13:24:38,33.54,0.0,32,107328,卖盘
13:24:40,33.54,0.0,298,999505,买盘
13:24:44,33.54,0.0,72,241486,买盘
13:24:47,33.54,0.0,63,211302,买盘
13:24:50,33.54,0.0,45,150920,买盘
13:24:53,33.54,0.0,20,67080,买盘
13:24:55,33.54,0.0,72,241478,买盘
13:24:59,33.53,-0.01,40,134151,卖盘
13:25:02,33.54,0.01,134,449435,买盘
13:25:04,33.53,-0.01,33,110645,卖盘
13:25:08,33.53,0.0,65,217947,买盘
13:25:11,33.53,0.0,1027,3445227,卖盘
13:25:13,33.53,0.0,31,103921,卖盘
13:25:17,33.53,0.0,57,191160,卖盘
13:25:20,33.54,0.01,56,187785,买盘
13:25:22,33.54,0.0,6,20129,卖盘
13:25:25,33.55,0.01,66,221430,买盘
13:25:29,33.55,0.0,4,13420,买盘
13:25:32,33.55,0.0,63,211354,买盘
13:25:35,33.56,0.01,133,446289,买盘
13:25:37,33.56,0.0,10,33560,买盘
13:25:41,33.56,0.0,127,426197,买盘
13:25:43,33.55,-0.01,98,328790,卖盘
13:25:47,33.56,0.01,60,201360,买盘
13:25:50,33.56,0.0,791,2654094,买盘
13:25:52,33.54,-0.02,83,278435,卖盘
13:25:56,33.55,0.01,11,36896,买盘
13:25:59,33.55,0.0,51,171086,买盘
13:26:02,33.55,0.0,36,120780,买盘
13:26:05,33.54,-0.01,94,315346,卖盘
13:26:08,33.55,0.01,76,254908,买盘
13:26:11,33.55,0.0,10,33550,卖盘
13:26:14,33.56,0.01,12,40272,买盘
13:26:16,33.56,0.0,53,177867,买盘
13:26:20,33.55,-0.01,121,406017,卖盘
13:26:23,33.56,0.01,21,70476,买盘
13:26:26,33.56,0.0,91,305322,买盘
13:26:28,33.55,-0.01,11,36905,中性盘
13:26:32,33.54,-0.01,51,171063,卖盘
13:26:35,33.55,0.01,43,144226,买盘
13:26:38,33.55,0.0,17,57035,买盘
13:26:40,33.55,0.0,46,154316,买盘
13:26:43,33.55,0.0,17,57035,买盘
13:26:47,33.54,-0.01,189,633908,卖盘
13:26:50,33.54,0.0,13,43602,买盘
13:26:53,33.54,0.0,92,308568,买盘
13:26:55,33.54,0.0,42,140868,买盘
13:26:59,33.54,0.0,21,70434,买盘
13:27:02,33.53,-0.01,18,60366,卖盘
13:27:05,33.53,0.0,24,80475,卖盘
13:27:07,33.54,0.01,1534,5147262,买盘
13:27:11,33.53,-0.01,49,164371,卖盘
13:27:14,33.52,-0.01,63,211223,卖盘
13:27:17,33.53,0.01,64,214607,买盘
13:27:20,33.53,0.0,109,365389,买盘
13:27:22,33.52,-0.01,52,174327,卖盘
13:27:26,33.51,-0.01,52,174323,卖盘
13:27:29,33.52,0.01,2,6705,中性盘
13:27:32,33.53,0.01,65,217853,买盘
13:27:35,33.5,-0.03,233,780804,卖盘
13:27:38,33.5,0.0,63,211078,买盘
13:27:41,33.5,0.0,129,432254,卖盘
13:27:44,33.52,0.02,36,120672,买盘
13:27:46,33.5,-0.02,38,127320,卖盘
13:27:50,33.5,0.0,16,53587,买盘
13:27:53,33.5,0.0,25,83745,买盘
13:27:56,33.5,0.0,5,16750,买盘
13:27:59,33.5,0.0,39,130629,买盘
13:28:02,33.5,0.0,4,13400,买盘
13:28:05,33.49,-0.01,145,485738,卖盘
13:28:07,33.5,0.01,58,194254,买盘
13:28:11,33.5,0.0,96,321599,买盘
13:28:14,33.5,0.0,82,274700,买盘
13:28:17,33.52,0.02,1,3352,买盘
13:28:20,33.5,-0.02,32,107200,卖盘
13:28:26,33.5,0.0,7,23460,卖盘
13:28:29,33.5,0.0,213,713574,卖盘
13:28:32,33.48,-0.02,88,294823,卖盘
13:28:35,33.52,0.04,3,10052,买盘
13:28:38,33.51,-0.01,13,43563,买盘
13:28:41,33.51,0.0,25,83774,买盘
13:28:44,33.51,0.0,71,237916,买盘
13:28:47,33.51,0.0,23,77073,买盘
13:28:50,33.53,0.02,200,670465,买盘
13:28:53,33.51,-0.02,6,20105,卖盘
13:28:56,33.55,0.04,313,1049562,买盘
13:28:58,33.51,-0.04,20,67050,卖盘
13:29:02,33.53,0.02,14,46922,卖盘
13:29:04,33.51,-0.02,2,6704,卖盘
13:29:08,33.53,0.02,41,137446,买盘
13:29:11,33.54,0.01,15,50301,买盘
13:29:14,33.53,-0.01,9,30170,中性盘
13:29:17,33.53,0.0,8,26824,卖盘
13:29:20,33.53,0.0,31,103944,卖盘
13:29:25,33.54,0.01,51,171053,买盘
13:29:29,33.53,-0.01,44,147568,卖盘
13:29:31,33.53,0.0,109,365447,卖盘
13:29:35,33.52,-0.01,4,13408,买盘
13:29:38,33.52,0.0,425,1423863,买盘
13:29:41,33.52,0.0,5,16760,买盘
13:29:44,33.5,-0.02,627,2102121,卖盘
13:29:47,33.51,0.01,8,26808,中性盘
13:29:49,33.51,0.0,11,36862,卖盘
13:29:52,33.53,0.02,193,647094,买盘
13:29:56,33.52,-0.01,1,3352,中性盘
13:29:59,33.51,-0.01,2,6702,卖盘
13:30:01,33.51,0.0,34,113936,卖盘
13:30:04,33.51,0.0,1,3351,买盘
13:30:08,33.51,0.0,83,278066,买盘
13:30:11,33.51,0.0,59,197707,买盘
13:30:17,33.51,0.0,11,36861,买盘
13:30:20,33.5,-0.01,31,103850,卖盘
13:30:23,33.5,0.0,34,113900,卖盘
13:30:26,33.5,0.0,29,97150,卖盘
13:30:29,33.5,0.0,50,167513,卖盘
13:30:32,33.5,0.0,51,170851,买盘
13:30:35,33.5,0.0,103,345057,卖盘
13:30:38,33.49,-0.01,84,281327,卖盘
13:30:40,33.5,0.01,40,134000,买盘
13:30:43,33.49,-0.01,1,3349,卖盘
13:30:47,33.49,0.0,55,184205,卖盘
13:30:49,33.48,-0.01,13,43541,卖盘
13:30:53,33.48,0.0,2,6696,卖盘
13:30:56,33.49,0.01,11,36838,中性盘
13:30:59,33.49,0.0,18,60276,买盘
13:31:02,33.49,0.0,96,321416,买盘
13:31:04,33.49,0.0,192,643001,买盘
13:31:08,33.48,-0.01,93,311390,卖盘
13:31:11,33.48,0.0,92,308076,卖盘
13:31:14,33.49,0.01,74,247826,买盘
13:31:17,33.48,-0.01,23,77004,卖盘
13:31:20,33.49,0.01,272,910913,买盘
13:31:23,33.49,0.0,6,20094,卖盘
13:31:26,33.49,0.0,1,3349,卖盘
13:31:29,33.5,0.01,14,46900,买盘
13:31:32,33.49,-0.01,5,16746,卖盘
13:31:35,33.5,0.01,13,43541,买盘
13:31:38,33.5,0.0,14,46898,买盘
13:31:41,33.5,0.0,12,40192,买盘
13:31:44,33.49,-0.01,12,40188,卖盘
13:31:46,33.5,0.01,28,93782,买盘
13:31:50,33.49,-0.01,15,50249,卖盘
13:31:52,33.5,0.01,9,30150,买盘
13:31:55,33.5,0.0,7,23447,买盘
13:31:59,33.49,-0.01,531,1778833,卖盘
13:32:01,33.5,0.01,146,489012,买盘
13:32:04,33.5,0.0,169,566158,买盘
13:32:08,33.5,0.0,37,123955,卖盘
13:32:10,33.5,0.0,13,43561,卖盘
13:32:13,33.51,0.01,6,20103,买盘
13:32:17,33.51,0.0,179,599829,买盘
13:32:20,33.52,0.01,231,774082,买盘
13:32:23,33.51,-0.01,7,23457,卖盘
13:32:26,33.52,0.01,9,30164,买盘
13:32:29,33.5,-0.02,508,1701917,卖盘
13:32:32,33.5,0.0,41,137344,买盘
13:32:35,33.52,0.02,4,13405,买盘
13:32:38,33.51,-0.01,10,33506,卖盘
13:32:40,33.5,-0.01,20,67001,卖盘
13:32:43,33.52,0.02,27,90480,买盘
13:32:46,33.51,-0.01,2,6702,中性盘
13:32:49,33.5,-0.01,43,144083,卖盘
13:32:53,33.51,0.01,1,3351,卖盘
13:32:56,33.51,0.0,1,3351,卖盘
13:32:58,33.52,0.01,22,73734,买盘
13:33:02,33.53,0.01,283,948611,买盘
13:33:05,33.52,-0.01,20,67035,中性盘
13:33:07,33.52,0.0,56,187731,卖盘
13:33:11,33.52,0.0,5,16764,卖盘
13:33:14,33.53,0.01,14,46942,买盘
13:33:16,33.52,-0.01,10,33529,卖盘
13:33:20,33.52,0.0,50,167617,卖盘
13:33:23,33.51,-0.01,27,90487,卖盘
13:33:25,33.52,0.01,4,13408,买盘
13:33:29,33.52,0.0,33,110614,买盘
13:33:32,33.51,-0.01,16,53620,卖盘
13:33:34,33.51,0.0,7,23461,卖盘
13:33:38,33.52,0.01,31,103912,买盘
13:33:41,33.52,0.0,8,26815,买盘
13:33:43,33.51,-0.01,11,36870,卖盘
13:33:47,33.52,0.01,12,40219,买盘
13:33:49,33.51,-0.01,21,70389,卖盘
13:33:53,33.52,0.01,21,70392,买盘
13:33:56,33.52,0.0,16,53623,买盘
13:33:59,33.52,0.0,24,80445,买盘
13:34:01,33.51,-0.01,2,6702,卖盘
13:34:04,33.52,0.01,70,234638,买盘
13:34:08,33.5,-0.02,91,304969,卖盘
13:34:10,33.51,0.01,50,167559,中性盘
13:34:13,33.5,-0.01,16,53608,卖盘
13:34:16,33.51,0.01,9,30159,买盘
13:34:20,33.51,0.0,29,97179,买盘
13:34:22,33.5,-0.01,46,154114,卖盘
13:34:26,33.51,0.01,29,97174,买盘
13:34:29,33.51,0.0,24,80424,买盘
13:34:31,33.51,0.0,10,33510,买盘
13:34:35,33.5,-0.01,117,392032,卖盘
13:34:37,33.51,0.01,232,777431,买盘
13:34:41,33.51,0.0,44,147444,买盘
13:34:43,33.51,0.0,70,234568,买盘
13:34:46,33.51,0.0,40,134036,买盘
13:34:50,33.51,0.0,20,67020,买盘
13:34:53,33.5,-0.01,3,10052,卖盘
13:34:56,33.5,0.0,40,134038,卖盘
13:34:58,33.51,0.01,15,50265,买盘
13:35:02,33.51,0.0,4,13404,买盘
13:35:05,33.51,0.0,60,201056,买盘
13:35:08,33.51,0.0,88,294889,买盘
13:35:11,33.52,0.01,26,87136,买盘
13:35:13,33.51,-0.01,56,187666,卖盘
13:35:16,33.51,0.0,12,40222,卖盘
13:35:20,33.51,0.0,198,663664,卖盘
13:35:22,33.52,0.01,4,13408,买盘
13:35:26,33.51,-0.01,111,372059,卖盘
13:35:29,33.52,0.01,90,301680,买盘
13:35:31,33.51,-0.01,66,221187,卖盘
13:35:35,33.52,0.01,29,97230,中性盘
13:35:38,33.53,0.01,18,60354,买盘
13:35:40,33.52,-0.01,73,244700,卖盘
13:35:43,33.52,0.0,123,412296,买盘
13:35:46,33.52,0.0,43,144136,买盘
13:35:49,33.53,0.01,6,20117,买盘
13:35:53,33.52,-0.01,2,6704,卖盘
13:35:56,33.53,0.01,42,140826,买盘
13:35:58,33.53,0.0,143,479479,买盘
13:36:01,33.53,0.0,405,1358274,买盘
13:36:04,33.53,0.0,230,771383,卖盘
13:36:08,33.53,0.0,458,1535351,卖盘
13:36:11,33.54,0.01,26,87180,中性盘
13:36:13,33.55,0.01,7,23484,买盘
13:36:20,33.55,0.0,11,36905,买盘
13:36:23,33.54,-0.01,48,160992,卖盘
13:36:25,33.54,0.0,95,318704,买盘
13:36:28,33.55,0.01,55,184494,买盘
13:36:31,33.55,0.0,1,3355,买盘
13:36:35,33.54,-0.01,72,241517,卖盘
13:36:37,33.55,0.01,78,261647,买盘
13:36:40,33.54,-0.01,69,231493,卖盘
13:36:44,33.54,0.0,201,674154,卖盘
13:36:47,33.54,0.0,29,97266,买盘
13:36:49,33.54,0.0,26,87195,买盘
13:36:53,33.54,0.0,128,429303,买盘
13:36:55,33.54,0.0,19,63724,买盘
13:36:58,33.54,0.0,210,704225,买盘
13:37:01,33.53,-0.01,89,298475,卖盘
13:37:04,33.54,0.01,2,6707,买盘
13:37:07,33.53,-0.01,15,50295,买盘
13:37:10,33.53,0.0,78,261485,买盘
13:37:14,33.52,-0.01,30,100562,卖盘
13:37:16,33.5,-0.02,281,941473,卖盘
13:37:20,33.5,0.0,149,499162,卖盘
13:37:22,33.49,-0.01,342,1145618,卖盘
13:37:26,33.5,0.01,130,435433,买盘
13:37:29,33.5,0.0,169,566114,买盘
13:37:32,33.5,0.0,41,137350,卖盘
13:37:34,33.5,0.0,22,73701,卖盘
13:37:38,33.51,0.01,7,23452,买盘
13:37:40,33.5,-0.01,23,77050,卖盘
13:37:44,33.5,0.0,1016,3404100,卖盘
13:37:47,33.51,0.01,32,107211,买盘
13:37:49,33.51,0.0,16,53616,买盘
13:37:52,33.5,-0.01,3,10051,卖盘
13:37:55,33.51,0.01,18,60351,买盘
13:37:59,33.51,0.0,34,113934,卖盘
13:38:02,33.51,0.0,60,201060,卖盘
13:38:03,33.52,0.01,141,472591,买盘
13:38:08,33.52,0.0,356,1193579,买盘
13:38:10,33.51,-0.01,27,90477,卖盘
13:38:14,33.51,0.0,19,63669,卖盘
13:38:16,33.53,0.02,52,174272,买盘
13:38:20,33.51,-0.02,41,137423,卖盘
13:38:22,33.51,0.0,19,63669,买盘
13:38:25,33.5,-0.01,6,20104,卖盘
13:38:28,33.51,0.01,310,1038654,买盘
13:38:32,33.53,0.02,261,874969,买盘
13:38:35,33.51,-0.02,5,16757,中性盘
13:38:38,33.5,-0.01,71,237853,卖盘
13:38:40,33.5,0.0,123,412015,买盘
13:38:49,33.5,0.0,85,284762,卖盘
13:38:52,33.51,0.01,10,33510,买盘
13:38:55,33.5,-0.01,1027,3441791,卖盘
13:38:58,33.51,0.01,18,60318,中性盘
13:39:02,33.51,0.0,54,180957,卖盘
13:39:04,33.52,0.01,60,201052,买盘
13:39:07,33.52,0.0,16,53632,买盘
13:39:09,33.55,0.03,527,1767116,买盘
13:39:13,33.51,-0.04,140,469078,中性盘
13:39:16,33.51,0.0,66,221166,买盘
13:39:19,33.5,-0.01,675,2261416,卖盘
13:39:22,33.5,0.0,75,251318,卖盘
13:39:26,33.5,0.0,26,87100,卖盘
13:39:31,33.51,0.01,73,244694,卖盘
13:39:34,33.51,0.0,4,13404,卖盘
13:39:37,33.52,0.01,17,56984,买盘
13:39:40,33.51,-0.01,13,43563,卖盘
13:39:44,33.51,0.0,1,3351,卖盘
13:39:47,33.51,0.0,11,36861,卖盘
13:39:49,33.51,0.0,17,56967,买盘
13:39:53,33.51,0.0,4,13404,买盘
13:39:55,33.5,-0.01,119,398718,卖盘
13:39:58,33.5,0.0,444,1487398,卖盘
13:40:02,33.5,0.0,187,626414,买盘
13:40:04,33.49,-0.01,318,1065162,卖盘
13:40:07,33.49,0.0,114,381851,卖盘
13:40:10,33.5,0.01,96,321513,买盘
13:40:14,33.49,-0.01,25,83725,卖盘
13:40:16,33.5,0.01,4,13398,买盘
13:40:19,33.49,-0.01,14,46898,卖盘
13:40:22,33.49,0.0,615,2060190,卖盘
13:40:25,33.48,-0.01,44,147321,卖盘
13:40:28,33.49,0.01,24,80375,买盘
13:40:31,33.48,-0.01,30,100440,卖盘
13:40:34,33.48,0.0,40,133935,卖盘
13:40:36,33.49,0.01,51,170779,买盘
13:40:39,33.48,-0.01,54,180792,卖盘
13:40:43,33.49,0.01,11,36829,买盘
13:40:47,33.48,-0.01,262,877194,卖盘
13:40:49,33.49,0.01,219,733363,买盘
13:40:51,33.47,-0.02,40,133918,卖盘
13:40:55,33.47,0.0,11,36817,卖盘
13:40:58,33.48,0.01,41,137247,买盘
13:41:01,33.47,-0.01,6,20084,中性盘
13:41:05,33.48,0.01,337,1128248,买盘
13:41:07,33.49,0.01,65,217623,买盘
13:41:09,33.48,-0.01,53,177454,卖盘
13:41:14,33.48,0.0,1,3348,卖盘
13:41:16,33.48,0.0,91,304726,卖盘
13:41:19,33.49,0.01,33,110497,买盘
13:41:22,33.49,0.0,263,880787,买盘
13:41:24,33.49,0.0,29,97121,卖盘
13:41:28,33.49,0.0,22,73678,卖盘
13:41:30,33.49,0.0,3,10047,卖盘
13:41:34,33.5,0.01,54,180878,买盘
13:41:37,33.5,0.0,63,211050,买盘
13:41:40,33.5,0.0,20,67000,买盘
13:41:43,33.49,-0.01,32,107189,卖盘
13:41:46,33.5,0.01,6,20100,买盘
13:41:49,33.5,0.0,27,90450,买盘
13:41:52,33.49,-0.01,102,341657,卖盘
13:41:55,33.49,0.0,51,170818,卖盘
13:41:59,33.5,0.01,40,133987,买盘
13:42:01,33.5,0.0,6,20099,买盘
13:42:04,33.49,-0.01,168,562778,卖盘
13:42:07,33.5,0.01,21,70349,买盘
13:42:10,33.49,-0.01,39,130611,卖盘
13:42:13,33.5,0.01,3,10050,买盘
13:42:16,33.49,-0.01,2,6698,卖盘
13:42:19,33.5,0.01,20,67000,买盘
13:42:22,33.5,0.0,215,720250,买盘
13:42:28,33.5,0.0,23,77050,卖盘
13:42:31,33.5,0.0,65,217750,卖盘
13:42:34,33.49,-0.01,51,170832,卖盘
13:42:37,33.5,0.01,23,77044,买盘
13:42:39,33.5,0.0,295,988174,买盘
13:42:43,33.49,-0.01,1,3349,卖盘
