time,price,change,volume,amount,type
09:25:03,32.03,-0.3,2006,6426691,卖盘
09:30:02,32.06,0.03,2177,6993106,买盘
09:30:05,32.05,-0.01,654,2095958,卖盘
09:30:08,32.05,0.0,139,445765,卖盘
09:30:11,32.05,0.0,110,352557,卖盘
09:30:14,32.05,0.0,663,2126244,卖盘
09:30:17,32.05,0.0,310,993261,买盘
09:30:20,32.05,0.0,148,472900,买盘
09:30:23,32.05,0.0,123,393388,买盘
09:30:25,32.04,-0.01,44,141001,中性盘
09:30:29,32.03,-0.01,317,1015492,卖盘
09:30:32,32.01,-0.02,645,2065934,卖盘
09:30:35,32.01,0.0,346,1107771,卖盘
09:30:38,32.01,0.0,493,1578126,卖盘
09:30:41,32.0,-0.01,808,2586384,卖盘
09:30:43,32.0,0.0,833,2665657,卖盘
09:30:47,32.0,0.0,562,1799125,卖盘
09:30:50,31.96,-0.04,243,776940,卖盘
09:30:53,31.95,-0.01,146,467835,卖盘
09:30:56,31.96,0.01,246,786060,买盘
09:30:59,31.93,-0.03,203,648732,卖盘
09:31:02,31.95,0.02,285,910731,中性盘
09:31:05,31.96,0.01,874,2795187,买盘
09:31:08,31.96,0.0,515,1645870,卖盘
09:31:11,31.95,-0.01,142,454027,卖盘
09:31:14,31.96,0.01,197,629826,买盘
09:31:17,31.96,0.0,613,1958737,买盘
09:31:20,31.96,0.0,106,337574,买盘
09:31:22,31.98,0.02,469,1500674,中性盘
09:31:26,32.01,0.03,630,2016448,买盘
09:31:29,32.03,0.02,947,3033205,买盘
09:31:32,32.04,0.01,117,374814,买盘
09:31:35,32.05,0.01,293,938912,买盘
09:31:38,32.06,0.01,184,590033,买盘
09:31:41,32.07,0.01,800,2565424,买盘
09:31:44,32.11,0.04,15,48154,买盘
09:31:47,32.16,0.05,141,452843,买盘
09:31:50,32.1,-0.06,50,160683,中性盘
09:31:53,32.11,0.01,195,626044,买盘
09:31:56,32.1,-0.01,14,44951,卖盘
09:31:59,32.14,0.04,58,186510,中性盘
09:32:02,32.16,0.02,36,115766,买盘
09:32:04,32.16,0.0,97,311906,买盘
09:32:08,32.2,0.04,170,547045,买盘
09:32:10,32.2,0.0,260,837201,卖盘
09:32:14,32.21,0.01,86,276927,买盘
09:32:17,32.2,-0.01,6,19323,卖盘
09:32:20,32.21,0.01,129,415638,买盘
09:32:24,32.21,0.0,143,460868,卖盘
09:32:26,32.21,0.0,185,595997,卖盘
09:32:30,32.21,0.0,207,666947,卖盘
09:32:33,32.21,0.0,457,1472446,买盘
09:32:35,32.18,-0.03,79,254095,卖盘
09:32:38,32.21,0.03,195,628598,买盘
09:32:41,32.2,-0.01,45,144792,中性盘
09:32:45,32.19,-0.01,61,196398,卖盘
09:32:47,32.18,-0.01,380,1223745,中性盘
09:32:51,32.2,0.02,47,151296,买盘
09:32:52,32.19,-0.01,45,144846,中性盘
09:32:55,32.2,0.01,19,61169,买盘
09:32:59,32.19,-0.01,38,122301,卖盘
09:33:03,32.2,0.01,477,1535070,买盘
09:33:04,32.19,-0.01,302,972174,卖盘
09:33:08,32.16,-0.03,89,286466,卖盘
09:33:11,32.16,0.0,155,498290,卖盘
09:33:14,32.15,-0.01,84,270137,卖盘
09:33:18,32.15,0.0,54,173640,买盘
09:33:21,32.14,-0.01,48,154306,卖盘
09:33:22,32.11,-0.03,42,134947,卖盘
09:33:26,32.08,-0.03,456,1462395,卖盘
09:33:30,32.1,0.02,61,195703,买盘
09:33:32,32.08,-0.02,83,266373,卖盘
09:33:35,32.08,0.0,66,211830,卖盘
09:33:39,32.08,0.0,69,221385,卖盘
09:33:41,32.08,0.0,55,176438,卖盘
09:33:43,32.08,0.0,97,311212,买盘
09:33:47,32.07,-0.01,91,291892,卖盘
09:33:49,32.0,-0.07,2914,9326247,卖盘
09:33:52,32.01,0.01,222,710623,买盘
09:33:55,32.07,0.06,34,109014,买盘
09:33:59,32.03,-0.04,58,185815,中性盘
09:34:03,32.07,0.04,700,2244760,买盘
09:34:06,32.02,-0.05,432,1382758,卖盘
09:34:08,32.03,0.01,151,483389,买盘
09:34:11,32.02,-0.01,46,147275,中性盘
09:34:14,32.01,-0.01,391,1252055,卖盘
09:34:17,32.02,0.01,133,426174,中性盘
09:34:21,32.01,-0.01,288,923119,卖盘
09:34:24,32.05,0.04,92,294675,买盘
09:34:26,32.01,-0.04,132,425428,卖盘
09:34:30,32.01,0.0,190,608319,卖盘
09:34:33,32.01,0.0,85,272129,卖盘
09:34:35,32.02,0.01,77,244150,中性盘
09:34:37,32.02,0.0,85,272180,卖盘
09:34:40,32.05,0.03,197,631039,买盘
09:34:43,32.06,0.01,108,346047,买盘
09:34:48,32.03,-0.03,304,973586,中性盘
09:34:51,32.02,-0.01,351,1125442,卖盘
09:34:53,32.02,0.0,127,406834,卖盘
09:34:56,32.06,0.04,244,781751,买盘
09:34:58,32.06,0.0,520,1666928,买盘
09:35:03,32.07,0.01,940,3016933,买盘
09:35:05,32.1,0.03,603,1935369,买盘
09:35:09,32.07,-0.03,175,561234,卖盘
09:35:11,32.14,0.07,130,418034,买盘
09:35:15,32.1,-0.04,415,1332520,卖盘
09:35:18,32.1,0.0,123,394830,买盘
09:35:20,32.08,-0.02,370,1184879,卖盘
09:35:23,32.1,0.02,226,725174,买盘
09:35:27,32.12,0.02,41,131614,中性盘
09:35:29,32.12,0.0,8,25704,卖盘
09:35:33,32.14,0.02,663,2129200,买盘
09:35:35,32.14,0.0,171,549573,买盘
09:35:39,32.12,-0.02,120,385626,卖盘
09:35:41,32.12,0.0,133,427428,卖盘
09:35:45,32.1,-0.02,614,1973723,卖盘
09:35:48,32.15,0.05,242,776822,买盘
09:35:51,32.13,-0.02,78,250671,卖盘
09:35:54,32.09,-0.04,224,719295,卖盘
09:35:56,32.12,0.03,182,584292,买盘
09:35:59,32.12,0.0,150,481800,买盘
09:36:03,32.12,0.0,113,362790,买盘
09:36:06,32.15,0.03,291,934703,买盘
09:36:07,32.12,-0.03,386,1240243,卖盘
09:36:11,32.12,0.0,294,944331,卖盘
09:36:15,32.07,-0.05,347,1114205,卖盘
09:36:18,32.1,0.03,152,487970,买盘
09:36:21,32.08,-0.02,69,221428,卖盘
09:36:24,32.07,-0.01,103,329999,卖盘
09:36:26,32.1,0.03,593,1903377,买盘
09:36:30,32.06,-0.04,93,299705,卖盘
09:36:32,32.06,0.0,363,1163858,卖盘
09:36:35,32.06,0.0,92,294865,买盘
09:36:39,32.06,0.0,201,644334,买盘
09:36:42,32.06,0.0,271,868575,买盘
09:36:45,32.06,0.0,108,346302,买盘
09:36:48,32.07,0.01,64,205189,买盘
09:36:49,32.06,-0.01,128,410389,卖盘
09:36:53,32.06,0.0,60,190992,卖盘
09:36:56,32.06,0.0,172,551296,卖盘
09:37:00,32.06,0.0,1130,3617397,买盘
09:37:03,32.07,0.01,109,349474,买盘
09:37:05,32.06,-0.01,51,163508,卖盘
09:37:09,32.06,0.0,675,2164265,卖盘
09:37:11,32.06,0.0,329,1054774,卖盘
09:37:15,32.06,0.0,170,544975,买盘
09:37:18,32.06,0.0,258,827291,买盘
09:37:20,32.05,-0.01,277,887929,卖盘
09:37:24,32.05,0.0,641,2054927,卖盘
09:37:27,32.06,0.01,195,625462,中性盘
09:37:30,32.1,0.04,411,1318298,买盘
09:37:33,32.05,-0.05,860,2756684,卖盘
09:37:39,32.06,0.01,122,391290,卖盘
09:37:41,32.08,0.02,142,455803,买盘
09:37:45,32.07,-0.01,35,112254,卖盘
09:37:48,32.08,0.01,87,279008,买盘
09:37:51,32.07,-0.01,34,109059,卖盘
09:37:53,32.08,0.01,136,436288,买盘
09:37:57,32.1,0.02,88,282369,买盘
09:38:00,32.08,-0.02,158,506855,卖盘
09:38:01,32.1,0.02,186,596801,买盘
09:38:04,32.1,0.0,6,19260,卖盘
09:38:08,32.12,0.02,124,398062,买盘
09:38:12,32.1,-0.02,6,19262,卖盘
09:38:15,32.12,0.02,20,64232,买盘
09:38:18,32.1,-0.02,485,1556858,卖盘
09:38:20,32.1,0.0,94,301761,卖盘
09:38:23,32.1,0.0,28,89880,卖盘
09:38:25,32.12,0.02,76,243964,买盘
09:38:30,32.1,-0.02,4,12840,买盘
09:38:32,32.1,0.0,147,471835,买盘
09:38:35,32.12,0.02,2,6422,买盘
09:38:39,32.12,0.0,190,609902,买盘
09:38:42,32.09,-0.03,152,487901,卖盘
09:38:44,32.1,0.01,59,189338,买盘
09:38:48,32.1,0.0,18,57776,买盘
09:38:51,32.1,0.0,309,991890,买盘
09:38:54,32.1,0.0,50,160500,卖盘
09:38:57,32.1,0.0,512,1643520,卖盘
09:39:00,32.09,-0.01,86,275992,卖盘
09:39:02,32.1,0.01,464,1489101,买盘
09:39:06,32.1,0.0,18,57775,买盘
09:39:09,32.08,-0.02,244,782835,卖盘
09:39:11,32.1,0.02,182,584220,买盘
09:39:15,32.09,-0.01,59,189356,卖盘
09:39:18,32.1,0.01,85,272774,买盘
09:39:21,32.09,-0.01,189,606680,卖盘
09:39:24,32.09,0.0,100,320861,卖盘
09:39:27,32.08,-0.01,178,571337,卖盘
09:39:30,32.09,0.01,115,369090,卖盘
09:39:33,32.09,0.0,29,93062,卖盘
09:39:35,32.1,0.01,50,160497,买盘
09:39:39,32.09,-0.01,172,552118,卖盘
09:39:42,32.1,0.01,255,818259,买盘
09:39:45,32.1,0.0,28,89871,买盘
09:39:47,32.09,-0.01,25,80230,中性盘
09:39:50,32.09,0.0,364,1168017,卖盘
09:39:53,32.08,-0.01,261,837703,卖盘
09:39:57,32.09,0.01,79,253478,中性盘
09:40:00,32.09,0.0,327,1049301,买盘
09:40:03,32.09,0.0,304,978643,买盘
09:40:05,32.1,0.01,462,1483016,买盘
09:40:09,32.08,-0.02,56,179670,卖盘
09:40:12,32.08,0.0,185,593480,卖盘
09:40:15,32.09,0.01,108,346569,买盘
09:40:18,32.08,-0.01,44,141206,卖盘
09:40:21,32.09,0.01,146,468379,买盘
09:40:23,32.09,0.0,73,234257,买盘
09:40:26,32.08,-0.01,174,555895,卖盘
09:40:30,32.08,0.0,193,619165,卖盘
09:40:33,32.09,0.01,23,73807,买盘
09:40:35,32.09,0.0,26,83428,卖盘
09:40:39,32.08,-0.01,166,532625,卖盘
09:40:45,32.08,0.0,44,141166,卖盘
09:40:47,32.09,0.01,19,60971,买盘
09:40:51,32.09,0.0,4,12836,买盘
09:40:54,32.09,0.0,116,372241,买盘
09:40:57,32.09,0.0,181,580956,卖盘
09:41:00,32.09,0.0,175,561609,卖盘
09:41:03,32.1,0.01,172,553417,买盘
09:41:06,32.12,0.02,112,358231,买盘
09:41:09,32.1,-0.02,624,2003091,卖盘
09:41:12,32.12,0.02,3,9632,中性盘
09:41:14,32.12,0.0,2,6424,卖盘
09:41:18,32.12,0.0,9,28913,卖盘
09:41:21,32.13,0.01,15,48195,买盘
09:41:22,32.14,0.01,83,266651,买盘
09:41:27,32.13,-0.01,133,427329,卖盘
09:41:30,32.15,0.02,412,1324864,买盘
09:41:33,32.14,-0.01,107,343989,卖盘
09:41:35,32.16,0.02,9,28936,买盘
09:41:38,32.15,-0.01,107,344009,卖盘
09:41:41,32.16,0.01,16,51453,买盘
09:41:45,32.16,0.0,71,228329,卖盘
09:41:48,32.16,0.0,16,51462,卖盘
09:41:51,32.16,0.0,156,503415,卖盘
09:41:54,32.17,0.01,83,267003,买盘
09:41:56,32.17,0.0,73,234795,买盘
09:41:58,32.16,-0.01,32,102915,卖盘
09:42:03,32.17,0.01,99,316807,买盘
09:42:06,32.15,-0.02,272,874365,卖盘
09:42:09,32.16,0.01,90,289424,买盘
09:42:12,32.17,0.01,58,186532,卖盘
09:42:15,32.17,0.0,8,25738,卖盘
09:42:18,32.15,-0.02,172,553212,卖盘
09:42:21,32.15,0.0,7,22517,卖盘
09:42:24,32.18,0.03,105,337816,买盘
09:42:27,32.15,-0.03,213,686804,卖盘
09:42:30,32.15,0.0,132,424382,卖盘
09:42:33,32.15,0.0,91,292573,卖盘
09:42:36,32.14,-0.01,407,1308436,卖盘
09:42:38,32.15,0.01,76,245083,中性盘
09:42:42,32.13,-0.02,252,807866,卖盘
09:42:44,32.14,0.01,82,263507,买盘
09:42:47,32.12,-0.02,88,282682,卖盘
09:42:51,32.12,0.0,101,324412,卖盘
09:42:54,32.11,-0.01,28,89915,卖盘
09:42:57,32.1,-0.01,4,12843,卖盘
09:43:00,32.1,0.0,255,818558,卖盘
09:43:03,32.1,0.0,105,336995,买盘
09:43:06,32.1,0.0,210,674100,买盘
09:43:09,32.11,0.01,183,587373,买盘
09:43:12,32.09,-0.02,28,92093,中性盘
09:43:15,32.1,0.01,7,22476,卖盘
09:43:17,32.11,0.01,45,144444,买盘
09:43:21,32.1,-0.01,137,439780,卖盘
09:43:23,32.1,0.0,38,122002,卖盘
09:43:26,32.1,0.0,166,532860,卖盘
09:43:30,32.1,0.0,38,121980,买盘
09:43:33,32.1,0.0,31,99497,买盘
09:43:36,32.1,0.0,12,38519,买盘
09:43:38,32.1,0.0,190,609896,买盘
09:43:42,32.1,0.0,26,83459,卖盘
09:43:45,32.11,0.01,137,439752,买盘
09:43:48,32.1,-0.01,3,9630,卖盘
09:43:50,32.1,0.0,144,462113,买盘
09:43:54,32.1,0.0,93,298530,卖盘
09:43:57,32.1,0.0,24,77041,卖盘
09:44:00,32.09,-0.01,35,112335,卖盘
09:44:02,32.1,0.01,132,423673,买盘
09:44:05,32.09,-0.01,200,641998,卖盘
09:44:09,32.09,0.0,242,776636,卖盘
09:44:12,32.1,0.01,245,786446,买盘
09:44:14,32.1,0.0,71,227910,卖盘
09:44:18,32.1,0.0,79,253595,卖盘
09:44:20,32.09,-0.01,161,514447,卖盘
09:44:23,32.1,0.01,30,96286,买盘
09:44:27,32.09,-0.01,18,57753,中性盘
09:44:30,32.09,0.0,212,680128,买盘
09:44:33,32.09,0.0,97,311207,买盘
09:44:36,32.09,0.0,3,9627,买盘
09:44:39,32.09,0.0,163,522915,买盘
09:44:42,32.09,0.0,76,243810,买盘
09:44:44,32.09,0.0,79,253448,买盘
09:44:48,32.07,-0.02,217,695735,卖盘
09:44:50,32.07,0.0,11,35278,卖盘
09:44:52,32.07,0.0,350,1124413,卖盘
09:44:57,32.07,0.0,635,2035957,卖盘
09:45:00,32.07,0.0,47,150729,买盘
09:45:03,32.06,-0.01,148,474415,买盘
09:45:06,32.05,-0.01,1174,3761158,卖盘
09:45:09,32.05,0.0,674,2160050,买盘
09:45:11,32.04,-0.01,12,41280,中性盘
09:45:15,32.03,-0.01,235,750234,买盘
09:45:17,32.04,0.01,421,1348584,买盘
09:45:20,32.03,-0.01,33,105699,卖盘
09:45:24,32.04,0.01,394,1262033,买盘
09:45:27,32.03,-0.01,159,509640,卖盘
09:45:30,32.03,0.0,185,592202,卖盘
09:45:33,32.03,0.0,100,320292,买盘
09:45:36,32.02,-0.01,12,38433,卖盘
09:45:39,32.02,0.0,104,333034,卖盘
09:45:41,32.02,0.0,186,595990,卖盘
09:45:45,32.03,0.01,77,246591,买盘
09:45:47,32.02,-0.01,312,999565,卖盘
09:45:50,32.02,0.0,229,733315,卖盘
09:45:54,32.04,0.02,270,863779,买盘
09:45:57,32.02,-0.02,10,32021,卖盘
09:46:00,32.02,0.0,62,198524,买盘
09:46:03,32.03,0.01,1049,3357574,买盘
09:46:06,32.03,0.0,486,1555789,卖盘
09:46:09,32.03,0.0,320,1026895,卖盘
09:46:10,32.03,0.0,234,749565,卖盘
09:46:14,32.01,-0.02,456,1457915,卖盘
09:46:18,32.04,0.03,203,650312,买盘
09:46:20,32.03,-0.01,1097,3511819,卖盘
09:46:24,32.03,0.0,141,451624,卖盘
09:46:26,32.03,0.0,28,89672,买盘
09:46:30,32.03,0.0,267,855116,中性盘
09:46:33,32.05,0.02,238,762749,买盘
09:46:35,32.05,0.0,65,208275,买盘
09:46:39,32.04,-0.01,11,35247,卖盘
09:46:41,32.04,0.0,176,564015,卖盘
09:46:45,32.05,0.01,58,185506,买盘
09:46:48,32.05,0.0,21,67689,卖盘
09:46:50,32.05,0.0,67,214798,中性盘
09:46:54,32.05,0.0,65,210761,买盘
09:46:57,32.05,0.0,33,105805,卖盘
09:46:59,32.05,0.0,64,205146,卖盘
09:47:02,32.07,0.02,86,275671,买盘
09:47:06,32.06,-0.01,144,461668,卖盘
09:47:08,32.07,0.01,4,12828,买盘
09:47:12,32.06,-0.01,39,125042,卖盘
09:47:14,32.07,0.01,139,445642,买盘
09:47:17,32.07,0.0,67,214965,买盘
09:47:21,32.06,-0.01,447,1433792,卖盘
09:47:23,32.07,0.01,29,93005,卖盘
09:47:27,32.07,0.0,21,67367,卖盘
09:47:29,32.08,0.01,45,144367,买盘
09:47:32,32.07,-0.01,75,240573,卖盘
09:47:36,32.08,0.01,45,144375,中性盘
09:47:37,32.09,0.01,66,211794,买盘
09:47:42,32.11,0.02,42,133959,买盘
09:47:44,32.11,0.0,12,38532,卖盘
09:47:47,32.07,-0.04,229,735464,卖盘
09:47:50,32.08,0.01,160,512259,买盘
09:47:54,32.08,0.0,90,288721,买盘
09:47:57,32.1,0.02,1,3210,卖盘
09:47:59,32.1,0.0,33,105933,卖盘
09:48:03,32.11,0.01,37,118802,买盘
09:48:05,32.11,0.0,2,6422,卖盘
09:48:08,32.13,0.02,36,115614,买盘
09:48:11,32.14,0.01,226,726091,买盘
09:48:14,32.15,0.01,218,700859,买盘
09:48:17,32.16,0.01,149,479172,买盘
09:48:20,32.17,0.01,71,228410,买盘
09:48:22,32.18,0.01,130,418320,买盘
09:48:26,32.19,0.01,145,466736,买盘
09:48:29,32.18,-0.01,187,601904,卖盘
09:48:33,32.19,0.01,155,498946,买盘
09:48:35,32.2,0.01,164,528033,买盘
09:48:39,32.2,0.0,1035,3332690,买盘
09:48:41,32.2,0.0,264,850080,买盘
09:48:45,32.21,0.01,337,1085163,买盘
09:48:48,32.21,0.0,175,563731,卖盘
09:48:50,32.22,0.01,78,251345,卖盘
09:48:54,32.23,0.01,320,1031353,买盘
09:48:57,32.24,0.01,88,283677,买盘
09:48:59,32.25,0.01,24,77390,买盘
09:49:03,32.26,0.01,581,1873967,买盘
09:49:06,32.26,0.0,170,548579,卖盘
09:49:08,32.26,0.0,82,264537,卖盘
09:49:12,32.27,0.01,685,2210458,买盘
09:49:14,32.26,-0.01,128,413421,卖盘
09:49:17,32.29,0.03,1288,4159920,买盘
09:49:20,32.29,0.0,311,1004855,买盘
09:49:23,32.29,0.0,224,723296,卖盘
09:49:26,32.29,0.0,116,374528,买盘
09:49:29,32.28,-0.01,355,1145568,卖盘
09:49:32,32.28,0.0,813,2625777,买盘
09:49:35,32.27,-0.01,67,216234,卖盘
09:49:39,32.27,0.0,107,345442,卖盘
09:49:41,32.27,0.0,24,77448,买盘
09:49:44,32.26,-0.01,94,303250,卖盘
09:49:48,32.27,0.01,123,396903,买盘
09:49:50,32.27,0.0,70,225904,卖盘
09:49:53,32.26,-0.01,206,664549,卖盘
09:49:56,32.25,-0.01,59,189890,卖盘
09:49:59,32.24,-0.01,592,1908673,卖盘
09:50:02,32.22,-0.02,169,544469,卖盘
09:50:06,32.24,0.02,606,1952213,买盘
09:50:07,32.2,-0.04,230,741410,卖盘
09:50:11,32.23,0.03,12,38665,买盘
09:50:14,32.22,-0.01,51,164318,中性盘
09:50:17,32.2,-0.02,113,364156,卖盘
09:50:20,32.2,0.0,13,41866,卖盘
09:50:24,32.2,0.0,37,119176,卖盘
09:50:27,32.21,0.01,123,396347,中性盘
09:50:29,32.21,0.0,50,161049,卖盘
09:50:32,32.2,-0.01,34,109492,卖盘
09:50:36,32.22,0.02,118,380093,买盘
09:50:38,32.22,0.0,59,190049,买盘
09:50:41,32.22,0.0,16,51546,买盘
09:50:44,32.21,-0.01,47,151387,卖盘
09:50:46,32.22,0.01,47,151388,买盘
09:50:50,32.2,-0.02,132,425079,卖盘
09:50:53,32.2,0.0,291,937151,卖盘
09:50:57,32.2,0.0,38,122360,卖盘
09:51:00,32.19,-0.01,162,521638,卖盘
09:51:02,32.2,0.01,42,135216,买盘
09:51:06,32.2,0.0,154,495880,卖盘
09:51:07,32.21,0.01,180,579679,买盘
09:51:11,32.2,-0.01,21,67626,卖盘
09:51:15,32.2,0.0,86,276920,卖盘
09:51:17,32.2,0.0,6,19320,买盘
09:51:20,32.19,-0.01,19,61161,卖盘
09:51:22,32.2,0.01,132,425031,买盘
09:51:29,32.2,0.0,181,583274,卖盘
09:51:31,32.19,-0.01,24,77272,卖盘
09:51:35,32.21,0.02,18,57964,买盘
09:51:38,32.21,0.0,51,164300,卖盘
09:51:42,32.2,-0.01,43,138465,卖盘
09:51:44,32.22,0.02,3,9666,卖盘
09:51:47,32.22,0.0,8,25776,卖盘
09:51:49,32.23,0.01,38,122474,买盘
09:51:53,32.22,-0.01,122,393155,卖盘
09:51:56,32.22,0.0,314,1012274,卖盘
09:51:59,32.23,0.01,193,622229,买盘
09:52:02,32.25,0.02,161,521003,买盘
09:52:05,32.25,0.0,80,258387,买盘
09:52:08,32.25,0.0,104,335410,卖盘
09:52:11,32.26,0.01,35,112895,买盘
09:52:14,32.26,0.0,161,519389,买盘
09:52:18,32.26,0.0,3,9678,卖盘
09:52:20,32.26,0.0,52,167834,卖盘
09:52:26,32.28,0.02,96,309890,买盘
09:52:29,32.28,0.0,76,245328,卖盘
09:52:31,32.3,0.02,1076,3474630,买盘
09:52:34,32.29,-0.01,49,158211,买盘
09:52:38,32.28,-0.01,49,158172,中性盘
09:52:41,32.27,-0.01,38,121755,卖盘
09:52:43,32.27,0.0,8,25823,卖盘
09:52:47,32.28,0.01,122,393816,买盘
09:52:50,32.27,-0.01,26,83908,卖盘
09:52:53,32.28,0.01,110,355086,买盘
09:52:56,32.28,0.0,43,138782,卖盘
09:52:59,32.29,0.01,141,455202,买盘
09:53:02,32.29,0.0,76,245403,买盘
09:53:05,32.29,0.0,160,516633,买盘
09:53:08,32.29,0.0,34,109786,卖盘
09:53:11,32.3,0.01,439,1417963,买盘
09:53:14,32.29,-0.01,515,1663395,卖盘
09:53:16,32.3,0.01,38,122746,买盘
09:53:20,32.31,0.01,150,484645,买盘
09:53:23,32.29,-0.02,457,1475898,卖盘
09:53:27,32.31,0.02,83,268068,买盘
09:53:29,32.3,-0.01,83,268123,买盘
09:53:31,32.3,0.0,5,16150,卖盘
09:53:34,32.3,0.0,48,155050,买盘
09:53:38,32.29,-0.01,33,106560,卖盘
09:53:41,32.28,-0.01,330,1065416,卖盘
09:53:43,32.28,0.0,71,229662,卖盘
09:53:46,32.28,0.0,31,100060,买盘
09:53:50,32.29,0.01,226,729575,买盘
09:53:52,32.27,-0.02,91,294181,卖盘
09:53:55,32.27,0.0,29,93036,卖盘
09:53:59,32.28,0.01,56,181306,买盘
09:54:01,32.28,0.0,86,277552,买盘
09:54:05,32.29,0.01,371,1197944,买盘
09:54:08,32.29,0.0,34,109785,卖盘
09:54:11,32.28,-0.01,138,445495,卖盘
09:54:14,32.28,0.0,14,45192,买盘
09:54:17,32.3,0.02,11,35517,买盘
09:54:20,32.28,-0.02,16,51658,中性盘
09:54:23,32.27,-0.01,15,48404,卖盘
09:54:25,32.27,0.0,2,6454,买盘
09:54:29,32.27,0.0,115,370957,买盘
09:54:31,32.27,0.0,2,6454,卖盘
09:54:35,32.27,0.0,49,155582,中性盘
09:54:38,32.27,0.0,65,212295,卖盘
09:54:41,32.27,0.0,6,19361,买盘
09:54:44,32.26,-0.01,17,54843,卖盘
09:54:47,32.26,0.0,50,161309,卖盘
09:54:50,32.26,0.0,22,70972,卖盘
09:54:53,32.26,0.0,3,9678,买盘
09:54:56,32.26,0.0,48,154845,买盘
09:54:59,32.26,0.0,74,238656,买盘
09:55:02,32.25,-0.01,284,915878,卖盘
09:55:04,32.26,0.01,104,335507,买盘
09:55:08,32.24,-0.02,162,522218,卖盘
09:55:11,32.22,-0.02,2,6446,卖盘
09:55:14,32.22,0.0,10,32220,买盘
09:55:17,32.21,-0.01,16,51536,卖盘
09:55:20,32.2,-0.01,125,402518,卖盘
09:55:23,32.21,0.01,56,180462,中性盘
09:55:25,32.2,-0.01,19,61198,卖盘
09:55:29,32.22,0.02,60,193297,买盘
09:55:32,32.21,-0.01,40,128843,中性盘
09:55:35,32.21,0.0,64,206094,买盘
09:55:41,32.22,0.01,29,93418,买盘
09:55:44,32.22,0.0,54,173938,买盘
09:55:47,32.21,-0.01,310,998320,卖盘
09:55:50,32.22,0.01,17,54774,买盘
09:55:53,32.22,0.0,34,109538,卖盘
09:55:56,32.22,0.0,173,555236,中性盘
09:55:59,32.17,-0.05,56,180152,卖盘
09:56:02,32.17,0.0,42,135097,买盘
09:56:04,32.18,0.01,70,225257,买盘
09:56:08,32.18,0.0,35,112630,卖盘
09:56:11,32.18,0.0,4,12872,卖盘
09:56:13,32.21,0.03,29,93394,买盘
09:56:20,32.18,-0.03,63,202864,卖盘
09:56:23,32.18,0.0,7,22526,卖盘
09:56:26,32.21,0.03,1,3221,买盘
09:56:29,32.19,-0.02,57,182378,卖盘
09:56:31,32.2,0.01,52,167440,买盘
09:56:35,32.2,0.0,62,199640,买盘
09:56:38,32.2,0.0,53,170660,买盘
09:56:40,32.2,0.0,43,138446,卖盘
09:56:44,32.21,0.01,31,99851,买盘
09:56:47,32.2,-0.01,30,96600,卖盘
09:56:49,32.2,0.0,29,93388,卖盘
09:56:52,32.2,0.0,30,96600,买盘
09:56:56,32.2,0.0,6,19320,买盘
09:56:59,32.2,0.0,123,397251,买盘
09:57:02,32.21,0.01,85,273775,买盘
09:57:05,32.21,0.0,95,305995,买盘
09:57:08,32.21,0.0,27,86967,卖盘
09:57:11,32.21,0.0,19,61199,卖盘
09:57:14,32.22,0.01,55,177213,买盘
09:57:20,32.23,0.01,8,25784,买盘
09:57:23,32.22,-0.01,3,9667,卖盘
09:57:26,32.23,0.01,74,238449,买盘
09:57:29,32.23,0.0,13,40384,买盘
09:57:32,32.23,0.0,16,51568,卖盘
09:57:38,32.21,-0.02,140,451770,卖盘
09:57:41,32.23,0.02,19,61238,卖盘
09:57:44,32.24,0.01,7,22566,买盘
09:57:47,32.23,-0.01,23,74129,卖盘
09:57:50,32.24,0.01,20,63121,买盘
09:57:53,32.23,-0.01,11,35463,卖盘
09:57:55,32.24,0.01,14,45123,买盘
09:57:59,32.23,-0.01,15,49698,卖盘
09:58:02,32.24,0.01,120,386841,买盘
09:58:05,32.23,-0.01,120,386840,卖盘
09:58:08,32.21,-0.02,30,97735,卖盘
09:58:11,32.22,0.01,56,180573,买盘
09:58:14,32.21,-0.01,5,16108,卖盘
09:58:17,32.21,0.0,9,28997,卖盘
09:58:19,32.22,0.01,1,3222,买盘
09:58:22,32.21,-0.01,3,9663,卖盘
09:58:27,32.22,0.01,67,215866,买盘
09:58:29,32.22,0.0,21,67662,买盘
09:58:32,32.21,-0.01,43,138503,卖盘
09:58:35,32.22,0.01,30,96659,买盘
09:58:38,32.21,-0.01,143,460604,卖盘
09:58:40,32.22,0.01,158,509053,买盘
09:58:43,32.21,-0.01,76,244863,卖盘
09:58:47,32.21,0.0,30,96630,卖盘
09:58:53,32.21,0.0,110,354310,买盘
09:58:56,32.21,0.0,25,80509,买盘
09:58:59,32.2,-0.01,215,692305,卖盘
09:59:02,32.21,0.01,85,273775,买盘
09:59:05,32.21,0.0,160,515357,买盘
09:59:08,32.2,-0.01,206,660197,卖盘
09:59:11,32.19,-0.01,42,135599,卖盘
09:59:14,32.2,0.01,60,193255,买盘
09:59:17,32.2,0.0,19,61176,卖盘
09:59:19,32.2,0.0,5,16100,买盘
09:59:23,32.19,-0.01,19,61934,卖盘
09:59:26,32.18,-0.01,1,3218,卖盘
09:59:28,32.17,-0.01,94,302471,卖盘
09:59:32,32.16,-0.01,92,295915,卖盘
09:59:34,32.16,0.0,1,3216,买盘
09:59:38,32.15,-0.01,44,141463,卖盘
09:59:41,32.15,0.0,12,38587,卖盘
09:59:44,32.16,0.01,241,774860,买盘
09:59:46,32.15,-0.01,20,64316,卖盘
09:59:50,32.15,0.0,361,1160615,卖盘
09:59:53,32.16,0.01,21,67516,买盘
09:59:56,32.16,0.0,8,25727,买盘
09:59:59,32.16,0.0,13,41800,买盘
10:00:02,32.16,0.0,164,527280,买盘
10:00:05,32.17,0.01,201,646607,买盘
10:00:08,32.16,-0.01,52,167268,卖盘
10:00:11,32.17,0.01,30,96510,卖盘
10:00:14,32.18,0.01,37,119066,买盘
10:00:17,32.2,0.02,132,425005,买盘
10:00:20,32.22,0.02,205,660326,买盘
10:00:23,32.19,-0.03,363,1168499,卖盘
10:00:26,32.21,0.02,15,48315,买盘
10:00:29,32.23,0.02,8,25784,买盘
10:00:32,32.23,0.0,58,186921,买盘
10:00:34,32.22,-0.01,49,157896,中性盘
10:00:38,32.23,0.01,115,370674,买盘
10:00:41,32.24,0.01,29,93223,买盘
10:00:44,32.24,0.0,382,1231939,卖盘
10:00:47,32.25,0.01,373,1203363,卖盘
10:00:50,32.27,0.02,191,616410,买盘
10:00:53,32.27,0.0,232,748660,买盘
10:00:56,32.27,0.0,37,119434,卖盘
10:00:59,32.27,0.0,19,61323,卖盘
10:01:02,32.28,0.01,88,284055,买盘
10:01:05,32.29,0.01,1104,3564498,买盘
10:01:08,32.29,0.0,14,45196,买盘
10:01:11,32.28,-0.01,27,87161,卖盘
10:01:14,32.29,0.01,156,503717,买盘
10:01:17,32.29,0.0,10,32807,买盘
10:01:20,32.3,0.01,12,38760,买盘
10:01:23,32.28,-0.02,175,564454,卖盘
10:01:26,32.28,0.0,65,209820,买盘
10:01:29,32.28,0.0,15,48419,买盘
10:01:31,32.28,0.0,55,177570,买盘
10:01:35,32.27,-0.01,2,6455,卖盘
10:01:38,32.28,0.01,37,119441,卖盘
10:01:41,32.28,0.0,17,54875,买盘
10:01:44,32.28,0.0,43,138789,买盘
10:01:47,32.28,0.0,96,308790,买盘
10:01:50,32.27,-0.01,30,96834,卖盘
10:01:53,32.27,0.0,6,19684,卖盘
10:01:56,32.29,0.02,22,71028,买盘
10:01:59,32.28,-0.01,314,1012638,卖盘
10:02:02,32.28,0.0,26,83925,买盘
10:02:05,32.28,0.0,470,1517248,卖盘
10:02:08,32.28,0.0,7,22596,卖盘
10:02:11,32.27,-0.01,65,209755,买盘
10:02:14,32.27,0.0,22,70993,买盘
10:02:17,32.28,0.01,38,122632,买盘
10:02:19,32.28,0.0,2,6456,买盘
10:02:23,32.27,-0.01,5,16135,卖盘
10:02:26,32.28,0.01,1,3228,买盘
10:02:29,32.28,0.0,10,32278,买盘
10:02:31,32.3,0.02,1684,5439420,买盘
10:02:35,32.31,0.01,144,465251,买盘
10:02:38,32.31,0.0,163,526754,买盘
10:02:41,32.3,-0.01,723,2334081,卖盘
10:02:44,32.3,0.0,57,186058,买盘
10:02:47,32.3,0.0,8,25839,买盘
10:02:50,32.3,0.0,135,436340,买盘
10:02:53,32.3,0.0,39,125970,买盘
10:02:55,32.3,0.0,33,106578,买盘
10:02:59,32.29,-0.01,1,3229,卖盘
10:03:02,32.3,0.01,101,326221,买盘
10:03:04,32.3,0.0,444,1434117,买盘
10:03:08,32.3,0.0,47,151741,买盘
10:03:11,32.3,0.0,24,77503,买盘
10:03:13,32.29,-0.01,38,122732,卖盘
10:03:17,32.29,0.0,169,545709,卖盘
10:03:20,32.29,0.0,49,158211,买盘
10:03:23,32.3,0.01,31,100127,买盘
10:03:26,32.3,0.0,60,193790,买盘
10:03:29,32.29,-0.01,25,80739,卖盘
10:03:31,32.3,0.01,555,1792640,买盘
10:03:34,32.29,-0.01,17,54894,卖盘
10:03:38,32.3,0.01,45,144664,买盘
10:03:40,32.29,-0.01,45,145307,卖盘
10:03:44,32.29,0.0,24,77496,买盘
10:03:46,32.29,0.0,20,64574,买盘
10:03:50,32.29,0.0,6,19374,买盘
10:03:52,32.29,0.0,22,71040,卖盘
10:03:56,32.29,0.0,30,96879,卖盘
10:03:59,32.3,0.01,7,22608,买盘
10:04:01,32.3,0.0,108,348817,买盘
10:04:05,32.3,0.0,64,204745,买盘
10:04:07,32.31,0.01,44,142124,买盘
10:04:11,32.29,-0.02,181,586553,卖盘
10:04:14,32.3,0.01,205,662082,买盘
10:04:17,32.3,0.0,6,19380,买盘
10:04:20,32.3,0.0,6,19379,买盘
10:04:23,32.29,-0.01,77,247796,卖盘
10:04:26,32.28,-0.01,64,206852,买盘
10:04:29,32.3,0.02,27,87209,买盘
10:04:32,32.29,-0.01,409,1319511,卖盘
10:04:35,32.3,0.01,28,90827,买盘
10:04:38,32.25,-0.05,38,122231,买盘
10:04:41,32.3,0.05,25,80734,买盘
10:04:44,32.29,-0.01,23,74267,卖盘
10:04:47,32.29,0.0,31,100776,买盘
10:04:50,32.29,0.0,9,29061,买盘
10:04:55,32.26,-0.03,21,67747,卖盘
10:04:59,32.26,0.0,53,171048,卖盘
10:05:02,32.26,0.0,316,1019216,买盘
10:05:04,32.26,0.0,115,370950,买盘
10:05:08,32.26,0.0,15,48395,卖盘
10:05:10,32.26,0.0,10,32260,卖盘
10:05:14,32.28,0.02,52,167820,买盘
10:05:17,32.28,0.0,140,451870,买盘
10:05:23,32.28,0.0,12,38734,买盘
10:05:25,32.26,-0.02,15,48394,卖盘
10:05:29,32.28,0.02,20,64542,买盘
10:05:32,32.27,-0.01,18,58086,中性盘
10:05:35,32.28,0.01,31,100056,买盘
10:05:38,32.28,0.0,10,32280,买盘
10:05:41,32.28,0.0,30,96826,买盘
10:05:44,32.28,0.0,38,122664,买盘
10:05:47,32.28,0.0,59,190432,买盘
10:05:49,32.28,0.0,30,96840,卖盘
10:05:53,32.28,0.0,15,48420,卖盘
10:05:56,32.28,0.0,30,96851,卖盘
10:05:59,32.29,0.01,7,22603,买盘
10:06:02,32.28,-0.01,199,642567,卖盘
10:06:05,32.27,-0.01,52,167845,卖盘
10:06:08,32.29,0.02,118,381017,买盘
10:06:11,32.28,-0.01,12,38741,卖盘
10:06:14,32.29,0.01,7,22596,买盘
10:06:17,32.27,-0.02,110,356003,卖盘
10:06:20,32.29,0.02,61,196958,买盘
10:06:22,32.26,-0.03,103,331333,卖盘
10:06:26,32.26,0.0,207,667782,买盘
10:06:29,32.27,0.01,26,84899,买盘
10:06:32,32.29,0.02,100,322527,买盘
10:06:35,32.26,-0.03,273,880442,中性盘
10:06:38,32.26,0.0,5,16130,卖盘
10:06:41,32.29,0.03,40,129119,买盘
10:06:44,32.29,0.0,5,16145,买盘
10:06:47,32.27,-0.02,16,51632,卖盘
10:06:50,32.27,0.0,91,293767,卖盘
10:06:52,32.27,0.0,11,35497,卖盘
10:06:56,32.29,0.02,54,174340,买盘
10:06:59,32.27,-0.02,158,509982,卖盘
10:07:02,32.28,0.01,135,434734,买盘
10:07:05,32.28,0.0,53,171113,卖盘
10:07:08,32.29,0.01,146,471434,买盘
10:07:11,32.29,0.0,33,106557,卖盘
10:07:14,32.29,0.0,18,58127,卖盘
10:07:17,32.28,-0.01,126,406920,卖盘
10:07:19,32.29,0.01,21,67822,买盘
10:07:23,32.29,0.0,39,125928,卖盘
10:07:25,32.28,-0.01,45,145285,卖盘
10:07:29,32.28,0.0,2,7651,卖盘
10:07:31,32.29,0.01,24,77476,买盘
10:07:34,32.28,-0.01,35,112823,卖盘
10:07:38,32.28,0.0,7,22596,买盘
10:07:41,32.28,0.0,5,16140,买盘
10:07:44,32.27,-0.01,7,22589,卖盘
10:07:46,32.28,0.01,41,132335,买盘
10:07:50,32.27,-0.01,39,125872,卖盘
10:07:53,32.28,0.01,16,51648,买盘
10:07:56,32.28,0.0,22,70995,买盘
10:07:59,32.27,-0.01,86,277534,卖盘
10:08:02,32.27,0.0,95,306565,买盘
10:08:05,32.27,0.0,3,9679,买盘
10:08:08,32.26,-0.01,202,651768,卖盘
10:08:11,32.26,0.0,9,29034,卖盘
10:08:14,32.26,0.0,43,138723,卖盘
10:08:17,32.27,0.01,80,258266,买盘
10:08:20,32.26,-0.01,237,764438,卖盘
10:08:23,32.26,0.0,33,106458,买盘
10:08:26,32.25,-0.01,73,234903,卖盘
10:08:28,32.25,0.0,123,397300,卖盘
10:08:32,32.25,0.0,150,483165,买盘
10:08:35,32.25,0.0,116,374105,卖盘
10:08:38,32.25,0.0,95,306375,卖盘
10:08:40,32.25,0.0,33,106425,卖盘
10:08:44,32.26,0.01,291,938556,买盘
10:08:47,32.26,0.0,84,270983,买盘
10:08:49,32.25,-0.01,186,599944,卖盘
10:08:52,32.25,0.0,41,130827,卖盘
10:08:56,32.25,0.0,76,245085,买盘
10:08:58,32.25,0.0,67,216132,卖盘
10:09:02,32.26,0.01,208,670968,买盘
10:09:05,32.26,0.0,4,12904,买盘
10:09:08,32.26,0.0,231,746584,买盘
10:09:10,32.26,0.0,32,101812,卖盘
10:09:14,32.24,-0.02,77,248327,卖盘
10:09:17,32.26,0.02,68,219385,买盘
10:09:19,32.25,-0.01,278,896489,卖盘
10:09:23,32.25,0.0,164,529014,卖盘
10:09:26,32.26,0.01,387,1248144,买盘
10:09:28,32.26,0.0,70,225819,买盘
10:09:31,32.26,0.0,88,283832,买盘
10:09:35,32.25,-0.01,73,235486,卖盘
10:09:38,32.25,0.0,185,596804,买盘
10:09:44,32.24,-0.01,38,124593,卖盘
10:09:47,32.25,0.01,9,29023,中性盘
10:09:50,32.26,0.01,67,216084,买盘
10:09:53,32.26,0.0,16,51616,卖盘
10:09:55,32.24,-0.02,235,757530,卖盘
10:09:59,32.23,-0.01,28,90264,卖盘
10:10:01,32.25,0.02,107,345027,买盘
10:10:05,32.26,0.01,18,58068,买盘
10:10:08,32.26,0.0,43,138718,卖盘
10:10:11,32.27,0.01,429,1384279,买盘
10:10:13,32.26,-0.01,31,100026,卖盘
10:10:16,32.27,0.01,172,553237,买盘
10:10:20,32.27,0.0,107,345289,卖盘
10:10:23,32.25,-0.02,117,377992,买盘
10:10:25,32.27,0.02,9,29037,买盘
10:10:29,32.25,-0.02,49,159283,卖盘
10:10:32,32.25,0.0,13,41932,买盘
10:10:34,32.26,0.01,6,19354,买盘
10:10:38,32.25,-0.01,2,6450,中性盘
10:10:41,32.26,0.01,123,396601,买盘
10:10:44,32.25,-0.01,30,96770,中性盘
10:10:47,32.26,0.01,42,134233,买盘
10:10:49,32.26,0.0,33,107712,卖盘
10:10:53,32.24,-0.02,29,93530,卖盘
10:10:56,32.26,0.02,37,119353,买盘
10:10:59,32.26,0.0,13,41938,卖盘
10:11:02,32.27,0.01,90,290416,买盘
10:11:05,32.27,0.0,50,161336,买盘
10:11:08,32.28,0.01,126,405023,买盘
10:11:11,32.28,0.0,190,613038,买盘
10:11:14,32.26,-0.02,27,87130,卖盘
10:11:17,32.26,0.0,189,611336,卖盘
10:11:20,32.26,0.0,22,70972,买盘
10:11:23,32.27,0.01,102,327537,买盘
10:11:26,32.26,-0.01,165,532365,卖盘
10:11:29,32.28,0.02,99,319455,买盘
10:11:35,32.28,0.0,65,209678,买盘
10:11:38,32.28,0.0,5,16140,买盘
10:11:41,32.27,-0.01,128,413723,卖盘
10:11:44,32.27,0.0,209,673566,卖盘
10:11:47,32.26,-0.01,41,132284,卖盘
10:11:50,32.26,0.0,9,29034,买盘
10:11:53,32.26,0.0,25,80649,买盘
10:11:56,32.26,0.0,136,438737,买盘
10:11:59,32.25,-0.01,97,312919,卖盘
10:12:02,32.26,0.01,53,170978,买盘
10:12:05,32.26,0.0,93,300018,卖盘
10:12:08,32.27,0.01,216,697032,买盘
10:12:10,32.26,-0.01,81,261310,卖盘
10:12:14,32.27,0.01,73,235500,买盘
10:12:16,32.26,-0.01,89,287124,卖盘
10:12:20,32.27,0.01,9,29105,买盘
10:12:23,32.26,-0.01,47,151631,卖盘
10:12:26,32.27,0.01,168,541824,买盘
10:12:29,32.27,0.0,44,141941,买盘
10:12:31,32.27,0.0,25,80675,买盘
10:12:35,32.26,-0.01,92,296827,卖盘
10:12:37,32.27,0.01,64,206524,买盘
10:12:41,32.27,0.0,69,222669,卖盘
10:12:43,32.27,0.0,44,142013,卖盘
10:12:46,32.28,0.01,39,125887,买盘
10:12:50,32.27,-0.01,41,132307,买盘
10:12:53,32.26,-0.01,31,100022,卖盘
10:12:55,32.27,0.01,62,200074,买盘
10:12:59,32.27,0.0,91,293623,买盘
10:13:01,32.27,0.0,81,261387,买盘
10:13:04,32.27,0.0,97,313018,买盘
10:13:07,32.27,0.0,60,193646,卖盘
10:13:11,32.27,0.0,60,193675,卖盘
10:13:14,32.27,0.0,256,826121,卖盘
10:13:17,32.27,0.0,174,561644,卖盘
10:13:20,32.28,0.01,593,1914139,买盘
10:13:23,32.29,0.01,123,397084,买盘
10:13:26,32.28,-0.01,26,83944,卖盘
10:13:29,32.29,0.01,70,225985,买盘
10:13:32,32.29,0.0,44,142075,买盘
10:13:35,32.29,0.0,232,749118,买盘
10:13:38,32.29,0.0,71,229259,买盘
10:13:41,32.28,-0.01,412,1328757,卖盘
10:13:43,32.29,0.01,156,503676,买盘
10:13:46,32.28,-0.01,28,90388,卖盘
10:13:53,32.29,0.01,108,348701,买盘
10:13:56,32.29,0.0,33,106556,买盘
10:13:59,32.29,0.0,21,68568,买盘
10:14:02,32.29,0.0,129,416541,买盘
10:14:05,32.28,-0.01,37,119463,卖盘
10:14:08,32.29,0.01,338,1091397,买盘
10:14:10,32.28,-0.01,53,171125,卖盘
10:14:14,32.28,0.0,144,465332,卖盘
10:14:17,32.27,-0.01,57,183981,卖盘
10:14:20,32.27,0.0,211,680909,卖盘
10:14:23,32.27,0.0,25,80681,卖盘
10:14:26,32.28,0.01,31,100051,买盘
10:14:29,32.28,0.0,29,93592,买盘
10:14:32,32.28,0.0,33,106503,买盘
10:14:35,32.27,-0.01,528,1704796,卖盘
10:14:41,32.28,0.01,107,345331,卖盘
10:14:44,32.28,0.0,67,217974,卖盘
10:14:47,32.28,0.0,6,19368,买盘
10:14:50,32.27,-0.01,19,61325,卖盘
10:14:53,32.28,0.01,16,51648,买盘
10:14:56,32.28,0.0,3,9684,卖盘
10:14:59,32.28,0.0,43,138821,卖盘
10:15:01,32.28,0.0,955,3083910,买盘
10:15:05,32.28,0.0,232,748696,买盘
10:15:08,32.28,0.0,296,955287,买盘
10:15:10,32.28,0.0,179,576134,卖盘
10:15:14,32.26,-0.02,49,158145,卖盘
10:15:17,32.28,0.02,42,135576,买盘
10:15:23,32.26,-0.02,15,48390,卖盘
10:15:25,32.27,0.01,31,100051,中性盘
10:15:28,32.28,0.01,22,69530,买盘
10:15:32,32.28,0.0,45,145226,买盘
10:15:35,32.29,0.01,61,196905,买盘
10:15:38,32.3,0.01,87,280943,买盘
10:15:43,32.28,-0.02,15,48430,卖盘
10:15:47,32.29,0.01,62,200192,买盘
10:15:50,32.29,0.0,20,64580,买盘
10:15:52,32.3,0.01,48,154993,买盘
10:15:56,32.3,0.0,388,1253230,买盘
10:15:59,32.3,0.0,45,145317,买盘
10:16:02,32.29,-0.01,14,45218,中性盘
10:16:05,32.29,0.0,1,3229,卖盘
10:16:08,32.3,0.01,208,671838,买盘
10:16:11,32.29,-0.01,96,310009,卖盘
10:16:14,32.29,0.0,25,80730,卖盘
10:16:17,32.3,0.01,31,102035,买盘
10:16:20,32.29,-0.01,35,113049,卖盘
10:16:23,32.29,0.0,31,100099,卖盘
10:16:26,32.3,0.01,29,94004,买盘
10:16:29,32.3,0.0,25,80730,买盘
10:16:32,32.29,-0.01,25,80740,卖盘
10:16:35,32.29,0.0,11,35519,买盘
10:16:37,32.29,0.0,16,51664,买盘
10:16:41,32.29,0.0,187,603610,买盘
10:16:44,32.29,0.0,54,174363,买盘
10:16:46,32.28,-0.01,27,87164,卖盘
10:16:50,32.28,0.0,8,25824,买盘
10:16:53,32.29,0.01,47,151702,买盘
10:16:55,32.29,0.0,65,209880,买盘
10:16:59,32.29,0.0,25,78768,买盘
10:17:02,32.31,0.02,324,1046423,买盘
10:17:05,32.3,-0.01,107,345600,卖盘
10:17:08,32.3,0.0,47,151810,买盘
10:17:11,32.3,0.0,306,988559,卖盘
10:17:14,32.3,0.0,275,888621,卖盘
10:17:17,32.31,0.01,71,229467,中性盘
10:17:19,32.3,-0.01,377,1218403,卖盘
10:17:23,32.31,0.01,65,210061,买盘
10:17:26,32.31,0.0,27,87240,卖盘
10:17:29,32.3,-0.01,79,255225,卖盘
10:17:32,32.32,0.02,26,83998,买盘
10:17:35,32.32,0.0,107,345822,买盘
10:17:37,32.31,-0.01,115,371571,卖盘
10:17:41,32.3,-0.01,440,1421276,卖盘
10:17:47,32.3,0.0,127,410101,买盘
10:17:50,32.28,-0.02,18,58136,卖盘
10:17:53,32.29,0.01,2,6459,中性盘
10:17:56,32.3,0.01,26,83979,买盘
10:17:59,32.28,-0.02,150,486761,卖盘
10:18:02,32.3,0.02,86,277876,买盘
10:18:08,32.3,0.0,100,322999,买盘
10:18:11,32.3,0.0,151,487730,卖盘
10:18:17,32.3,0.0,59,190612,卖盘
10:18:20,32.3,0.0,8,25842,卖盘
10:18:23,32.31,0.01,4,12924,买盘
10:18:25,32.31,0.0,33,106622,买盘
10:18:28,32.3,-0.01,158,510381,卖盘
10:18:32,32.3,0.0,58,187373,卖盘
10:18:35,32.3,0.0,12,38760,买盘
10:18:38,32.3,0.0,11,35530,买盘
10:18:40,32.3,0.0,187,603804,买盘
10:18:43,32.29,-0.01,30,96876,中性盘
10:18:47,32.28,-0.01,7,22596,卖盘
10:18:49,32.29,0.01,41,132389,买盘
10:18:53,32.28,-0.01,15,48434,卖盘
10:18:56,32.28,0.0,246,794114,卖盘
10:18:58,32.28,0.0,318,1026520,卖盘
10:19:02,32.29,0.01,272,876583,买盘
10:19:05,32.28,-0.01,19,61328,中性盘
10:19:08,32.28,0.0,104,335610,买盘
10:19:11,32.27,-0.01,96,309849,卖盘
10:19:14,32.29,0.02,29,93641,买盘
10:19:17,32.29,0.0,16,51651,买盘
10:19:20,32.29,0.0,6,19373,买盘
10:19:23,32.29,0.0,8,25832,买盘
10:19:26,32.27,-0.02,310,999163,卖盘
10:19:29,32.27,0.0,2,7683,买盘
10:19:32,32.29,0.02,212,684511,买盘
10:19:35,32.28,-0.01,15,48415,买盘
10:19:38,32.28,0.0,4,12911,买盘
10:19:40,32.29,0.01,63,203293,买盘
10:19:44,32.27,-0.02,4,12908,买盘
10:19:46,32.27,0.0,10,32270,买盘
10:19:49,32.26,-0.01,3,9678,卖盘
10:19:53,32.27,0.01,4,12908,买盘
10:19:56,32.26,-0.01,32,103234,卖盘
10:19:59,32.27,0.01,41,132282,买盘
10:20:01,32.27,0.0,102,329125,买盘
10:20:05,32.27,0.0,45,145183,卖盘
10:20:08,32.28,0.01,48,154951,买盘
10:20:11,32.28,0.0,26,83928,卖盘
10:20:14,32.28,0.0,3,9685,卖盘
10:20:17,32.28,0.0,54,174312,卖盘
10:20:23,32.28,0.0,29,93612,卖盘
10:20:26,32.28,0.0,15,48426,卖盘
10:20:29,32.28,0.0,85,274382,卖盘
10:20:32,32.28,0.0,89,286468,卖盘
10:20:35,32.29,0.01,34,110678,买盘
10:20:41,32.28,-0.01,39,125862,买盘
10:20:44,32.27,-0.01,9,29048,卖盘
10:20:47,32.27,0.0,57,183939,卖盘
10:20:49,32.26,-0.01,14,45164,卖盘
10:20:52,32.26,0.0,2,6453,卖盘
10:20:56,32.27,0.01,4,12908,买盘
10:20:59,32.25,-0.02,438,1413636,卖盘
10:21:02,32.27,0.02,103,332356,买盘
10:21:05,32.27,0.0,49,158073,买盘
10:21:07,32.27,0.0,171,551761,买盘
10:21:11,32.26,-0.01,17,54857,卖盘
10:21:14,32.27,0.01,120,387228,买盘
10:21:17,32.26,-0.01,3,9678,卖盘
10:21:20,32.27,0.01,5,16135,买盘
10:21:23,32.27,0.0,32,103264,买盘
10:21:26,32.27,0.0,145,467815,买盘
10:21:29,32.27,0.0,25,78562,买盘
10:21:31,32.27,0.0,1,3227,买盘
10:21:34,32.27,0.0,41,132286,买盘
10:21:38,32.27,0.0,12,38714,买盘
10:21:41,32.27,0.0,62,199986,买盘
10:21:43,32.27,0.0,3,9681,买盘
10:21:47,32.25,-0.02,8,25806,卖盘
10:21:50,32.27,0.02,46,148437,买盘
10:21:53,32.27,0.0,31,100037,买盘
10:21:55,32.25,-0.02,738,2379993,卖盘
10:21:58,32.24,-0.01,243,783651,卖盘
10:22:02,32.25,0.01,172,554629,买盘
10:22:05,32.25,0.0,3,9674,买盘
10:22:08,32.25,0.0,98,316050,买盘
10:22:10,32.27,0.02,90,290252,买盘
10:22:14,32.27,0.0,43,138761,买盘
10:22:17,32.27,0.0,9,29033,买盘
10:22:20,32.26,-0.01,13,41937,买盘
10:22:22,32.26,0.0,5,16130,买盘
10:22:26,32.25,-0.01,31,99984,卖盘
10:22:29,32.26,0.01,16,51601,买盘
10:22:32,32.26,0.0,20,64504,买盘
10:22:35,32.26,0.0,38,122585,买盘
10:22:38,32.26,0.0,42,135481,买盘
10:22:41,32.25,-0.01,17,54825,卖盘
10:22:44,32.25,0.0,28,90302,卖盘
10:22:47,32.26,0.01,29,93537,买盘
10:22:50,32.25,-0.01,36,116133,卖盘
10:22:53,32.25,0.0,6,19350,卖盘
10:22:56,32.26,0.01,6,19353,买盘
10:22:59,32.24,-0.02,59,190189,买盘
10:23:01,32.24,0.0,92,296700,卖盘
10:23:05,32.25,0.01,1,3225,买盘
10:23:07,32.25,0.0,13,41923,买盘
10:23:11,32.25,0.0,35,112457,卖盘
10:23:14,32.26,0.01,26,83855,买盘
10:23:17,32.26,0.0,31,100005,买盘
10:23:20,32.25,-0.01,23,74176,卖盘
10:23:23,32.25,0.0,3,9675,卖盘
10:23:25,32.25,0.0,65,210059,卖盘
10:23:29,32.24,-0.01,20,64485,卖盘
10:23:32,32.24,0.0,14,45138,卖盘
10:23:35,32.24,0.0,5,16120,卖盘
10:23:38,32.25,0.01,5,16125,买盘
10:23:41,32.25,0.0,9,29021,买盘
10:23:44,32.25,0.0,1,3225,买盘
10:23:46,32.25,0.0,79,254724,买盘
10:23:50,32.25,0.0,55,177353,买盘
10:23:52,32.24,-0.01,53,170916,卖盘
10:23:56,32.25,0.01,21,67725,买盘
10:23:59,32.24,-0.01,27,87048,卖盘
10:24:02,32.25,0.01,186,599749,买盘
10:24:04,32.24,-0.01,41,132200,卖盘
10:24:08,32.25,0.01,155,499811,买盘
10:24:10,32.25,0.0,33,106421,买盘
10:24:14,32.23,-0.02,113,366912,卖盘
10:24:17,32.24,0.01,6,19344,买盘
10:24:19,32.23,-0.01,328,1057341,卖盘
10:24:23,32.24,0.01,231,744908,中性盘
10:24:25,32.23,-0.01,258,831756,卖盘
10:24:29,32.23,0.0,119,383656,卖盘
10:24:32,32.26,0.03,102,328988,买盘
10:24:34,32.26,0.0,115,370697,买盘
10:24:38,32.26,0.0,57,183872,买盘
10:24:41,32.26,0.0,87,280662,买盘
10:24:44,32.24,-0.02,11,35454,买盘
10:24:47,32.23,-0.01,35,112885,买盘
10:24:53,32.24,0.01,4,12896,买盘
10:24:56,32.23,-0.01,9,29008,卖盘
10:24:58,32.24,0.01,21,67670,买盘
10:25:01,32.24,0.0,28,89047,买盘
10:25:05,32.26,0.02,30,96777,买盘
10:25:08,32.26,0.0,143,461620,买盘
10:25:11,32.26,0.0,1,3226,卖盘
10:25:14,32.26,0.0,80,258138,卖盘
10:25:17,32.27,0.01,135,435223,买盘
10:25:20,32.27,0.0,58,187138,买盘
10:25:22,32.26,-0.01,47,151656,卖盘
10:25:26,32.27,0.01,87,280749,买盘
10:25:28,32.27,0.0,53,171031,买盘
10:25:32,32.22,-0.05,622,2004946,卖盘
10:25:35,32.26,0.04,57,183859,卖盘
10:25:38,32.26,0.0,84,271065,买盘
10:25:41,32.2,-0.06,1500,4830273,卖盘
10:25:46,32.22,0.02,97,312678,卖盘
10:25:50,32.2,-0.02,156,503653,卖盘
10:25:53,32.2,0.0,12,38640,买盘
10:25:55,32.2,0.0,3,9659,买盘
10:25:59,32.2,0.0,64,206077,买盘
10:26:02,32.18,-0.02,279,898080,卖盘
10:26:05,32.19,0.01,102,328253,买盘
10:26:08,32.2,0.01,74,237016,买盘
10:26:11,32.2,0.0,27,86940,卖盘
10:26:14,32.2,0.0,8,25760,卖盘
10:26:20,32.22,0.02,40,128903,买盘
10:26:23,32.25,0.03,82,264332,买盘
10:26:26,32.25,0.0,113,364393,买盘
10:26:29,32.26,0.01,419,1351262,买盘
10:26:32,32.27,0.01,626,2017448,买盘
10:26:35,32.27,0.0,113,363535,买盘
10:26:38,32.26,-0.01,39,125777,卖盘
10:26:41,32.26,0.0,31,100037,买盘
10:26:43,32.26,0.0,11,36551,卖盘
10:26:47,32.25,-0.01,4,12900,买盘
10:26:50,32.23,-0.02,7,22557,中性盘
10:26:53,32.22,-0.01,3,9664,中性盘
10:26:56,32.23,0.01,6,19337,买盘
10:26:59,32.2,-0.03,18,57972,卖盘
10:27:02,32.21,0.01,33,106274,中性盘
10:27:05,32.2,-0.01,86,276995,卖盘
10:27:08,32.2,0.0,10,32200,买盘
10:27:11,32.2,0.0,17,54740,卖盘
10:27:17,32.2,0.0,235,756700,卖盘
10:27:20,32.21,0.01,26,83738,买盘
10:27:23,32.2,-0.01,185,595726,卖盘
10:27:25,32.2,0.0,42,135240,买盘
10:27:29,32.19,-0.01,13,40633,卖盘
10:27:32,32.2,0.01,19,61165,买盘
10:27:35,32.19,-0.01,1,3219,卖盘
10:27:38,32.19,0.0,1,4443,买盘
10:27:41,32.18,-0.01,12,38616,卖盘
10:27:43,32.18,0.0,10,32180,卖盘
10:27:47,32.19,0.01,32,103008,买盘
10:27:50,32.19,0.0,3,9655,买盘
10:27:53,32.18,-0.01,72,231696,卖盘
10:27:58,32.15,-0.03,1303,4190212,卖盘
10:28:02,32.16,0.01,37,119009,中性盘
10:28:05,32.16,0.0,64,205882,卖盘
10:28:08,32.17,0.01,8,25730,中性盘
10:28:11,32.17,0.0,88,283132,卖盘
10:28:14,32.18,0.01,321,1032997,买盘
10:28:17,32.18,0.0,87,278750,卖盘
10:28:20,32.19,0.01,206,663100,中性盘
10:28:23,32.18,-0.01,58,186720,卖盘
10:28:26,32.19,0.01,41,131967,买盘
10:28:29,32.2,0.01,118,379896,买盘
10:28:32,32.19,-0.01,22,70817,卖盘
10:28:35,32.2,0.01,211,681268,买盘
10:28:38,32.21,0.01,8,25762,买盘
10:28:41,32.22,0.01,51,164288,买盘
10:28:44,32.21,-0.01,12,38662,中性盘
10:28:47,32.21,0.0,19,61199,卖盘
10:28:50,32.22,0.01,3,9245,买盘
10:28:53,32.22,0.0,26,83761,买盘
10:28:55,32.22,0.0,29,93438,买盘
10:28:58,32.22,0.0,26,83755,买盘
10:29:02,32.22,0.0,792,2550668,买盘
10:29:05,32.22,0.0,93,299675,买盘
10:29:09,32.22,0.0,22,70879,卖盘
10:29:11,32.2,-0.02,288,927900,卖盘
10:29:14,32.22,0.02,34,109551,卖盘
10:29:17,32.2,-0.02,3,9664,卖盘
10:29:20,32.2,0.0,64,206130,卖盘
10:29:23,32.21,0.01,31,99849,买盘
10:29:25,32.21,0.0,105,338205,买盘
10:29:29,32.2,-0.01,64,206499,卖盘
10:29:32,32.2,0.0,16,51505,买盘
10:29:35,32.21,0.01,90,289851,买盘
10:29:37,32.22,0.01,209,673315,买盘
10:29:41,32.22,0.0,86,277073,买盘
10:29:44,32.21,-0.01,148,476853,卖盘
10:29:47,32.21,0.0,39,125653,卖盘
10:29:50,32.22,0.01,43,138535,买盘
10:29:53,32.22,0.0,5,16108,买盘
10:29:56,32.21,-0.01,7,22548,卖盘
10:29:59,32.22,0.01,19,61209,买盘
10:30:02,32.22,0.0,92,296408,买盘
10:30:08,32.22,0.0,215,692219,买盘
10:30:10,32.22,0.0,10,32220,卖盘
10:30:14,32.2,-0.02,347,1116977,卖盘
10:30:17,32.21,0.01,21,67641,中性盘
10:30:20,32.23,0.02,10,32228,买盘
10:30:23,32.22,-0.01,6,19332,卖盘
10:30:26,32.21,-0.01,17,54793,卖盘
10:30:28,32.21,0.0,2,6442,卖盘
10:30:32,32.21,0.0,37,119150,卖盘
10:30:35,32.21,0.0,2,6442,买盘
10:30:38,32.21,0.0,12,38651,买盘
10:30:41,32.2,-0.01,1,3220,卖盘
10:30:43,32.2,0.0,6,19320,卖盘
10:30:47,32.21,0.01,22,70860,买盘
10:30:50,32.21,0.0,1,3221,买盘
10:30:53,32.21,0.0,4,12884,买盘
10:30:56,32.2,-0.01,10,32201,卖盘
10:30:58,32.21,0.01,6,19326,买盘
10:31:02,32.21,0.0,52,167542,买盘
10:31:05,32.21,0.0,57,183586,卖盘
10:31:08,32.22,0.01,83,267369,买盘
10:31:10,32.22,0.0,72,231985,卖盘
10:31:14,32.22,0.0,74,238428,卖盘
10:31:17,32.23,0.01,207,667125,买盘
10:31:20,32.23,0.0,1,3223,卖盘
10:31:23,32.23,0.0,15,48345,卖盘
10:31:27,32.23,0.0,2,6446,卖盘
10:31:29,32.25,0.02,709,2286293,买盘
10:31:32,32.25,0.0,37,119325,卖盘
10:31:35,32.25,0.0,62,199951,卖盘
10:31:38,32.25,0.0,19,61275,卖盘
10:31:41,32.23,-0.02,1,3223,卖盘
10:31:47,32.24,0.01,19,61260,买盘
10:31:50,32.24,0.0,10,32238,买盘
10:31:56,32.24,0.0,5,16120,卖盘
10:31:59,32.23,-0.01,1,3223,卖盘
10:32:02,32.24,0.01,235,757431,买盘
10:32:05,32.24,0.0,59,190236,卖盘
10:32:09,32.21,-0.03,117,377264,卖盘
10:32:12,32.24,0.03,29,93498,中性盘
10:32:14,32.26,0.02,16,51604,买盘
10:32:17,32.26,0.0,6,19348,买盘
10:32:20,32.24,-0.02,5,16120,卖盘
10:32:23,32.24,0.0,42,135466,卖盘
10:32:27,32.24,0.0,72,232249,卖盘
10:32:32,32.24,0.0,39,125748,卖盘
10:32:36,32.24,0.0,49,158090,卖盘
10:32:38,32.24,0.0,160,515841,卖盘
10:32:42,32.24,0.0,142,457757,买盘
10:32:48,32.23,-0.01,2,6446,买盘
10:32:51,32.23,0.0,18,58013,买盘
10:32:53,32.22,-0.01,10,32220,卖盘
10:32:57,32.22,0.0,35,111738,卖盘
10:33:00,32.21,-0.01,9,28992,卖盘
10:33:03,32.22,0.01,91,293186,买盘
10:33:06,32.21,-0.01,26,84104,卖盘
10:33:09,32.2,-0.01,288,927464,卖盘
10:33:11,32.2,0.0,187,602342,卖盘
10:33:15,32.2,0.0,114,367107,卖盘
10:33:18,32.2,0.0,69,222182,卖盘
10:33:20,32.2,0.0,22,70843,卖盘
10:33:24,32.2,0.0,6,19320,卖盘
10:33:26,32.21,0.01,26,83721,买盘
10:33:30,32.2,-0.01,64,206081,卖盘
10:33:33,32.2,0.0,120,387958,卖盘
10:33:36,32.19,-0.01,94,302586,卖盘
10:33:38,32.18,-0.01,7,22526,卖盘
10:33:41,32.18,0.0,28,90104,卖盘
10:33:45,32.18,0.0,20,64360,卖盘
10:33:48,32.18,0.0,19,60921,卖盘
10:33:51,32.18,0.0,46,148028,卖盘
10:33:53,32.18,0.0,24,77233,卖盘
10:33:57,32.18,0.0,20,64361,卖盘
10:33:59,32.18,0.0,44,141615,卖盘
10:34:03,32.18,0.0,93,299350,卖盘
10:34:06,32.18,0.0,84,270313,卖盘
10:34:09,32.18,0.0,37,119066,卖盘
10:34:11,32.19,0.01,74,238175,买盘
10:34:15,32.19,0.0,87,280111,卖盘
10:34:18,32.2,0.01,161,518408,买盘
10:34:21,32.19,-0.01,94,302664,卖盘
10:34:24,32.19,0.0,38,122353,卖盘
10:34:27,32.19,0.0,44,141638,卖盘
10:34:30,32.19,0.0,19,61161,卖盘
10:34:33,32.19,0.0,43,138417,卖盘
10:34:36,32.19,0.0,6,19314,卖盘
10:34:39,32.19,0.0,32,103008,卖盘
10:34:42,32.19,0.0,60,193143,卖盘
10:34:45,32.19,0.0,86,276835,卖盘
10:34:48,32.19,0.0,15,48641,卖盘
10:34:51,32.19,0.0,38,122322,卖盘
10:34:53,32.19,0.0,14,44712,卖盘
10:34:56,32.18,-0.01,36,115883,卖盘
10:35:00,32.19,0.01,65,209291,买盘
10:35:03,32.19,0.0,177,569934,卖盘
10:35:06,32.18,-0.01,20,64379,卖盘
10:35:09,32.2,0.02,28,90134,买盘
10:35:12,32.18,-0.02,197,634112,卖盘
10:35:15,32.2,0.02,11,35413,买盘
10:35:18,32.19,-0.01,143,460211,卖盘
10:35:21,32.18,-0.01,19,61142,卖盘
10:35:24,32.19,0.01,15,48285,买盘
10:35:26,32.18,-0.01,9,28962,卖盘
10:35:30,32.18,0.0,132,424873,卖盘
10:35:33,32.18,0.0,40,128724,卖盘
10:35:36,32.18,0.0,44,141577,买盘
10:35:38,32.18,0.0,3,9652,买盘
10:35:42,32.18,0.0,26,83643,买盘
10:35:45,32.18,0.0,30,96539,买盘
10:35:47,32.17,-0.01,37,119041,卖盘
10:35:51,32.18,0.01,62,197872,买盘
10:35:54,32.18,0.0,13,43475,卖盘
10:35:57,32.19,0.01,1,3219,卖盘
10:36:00,32.18,-0.01,14,45052,买盘
10:36:02,32.19,0.01,108,345902,买盘
10:36:05,32.2,0.01,77,247921,买盘
10:36:08,32.2,0.0,126,405714,买盘
10:36:12,32.19,-0.01,351,1130190,卖盘
10:36:15,32.19,0.0,176,568580,卖盘
10:36:18,32.2,0.01,28,90165,中性盘
10:36:21,32.21,0.01,14,45085,买盘
10:36:24,32.2,-0.01,3,9661,中性盘
10:36:27,32.19,-0.01,18,57962,卖盘
10:36:30,32.2,0.01,43,138464,中性盘
10:36:33,32.2,0.0,43,138489,卖盘
10:36:36,32.2,0.0,130,418585,买盘
10:36:39,32.2,0.0,37,119122,买盘
10:36:42,32.19,-0.01,119,383161,卖盘
10:36:45,32.23,0.04,94,302898,买盘
10:36:48,32.22,-0.01,14,45098,中性盘
10:36:51,32.22,0.0,28,90166,买盘
10:36:53,32.2,-0.02,240,772909,卖盘
10:36:57,32.2,0.0,9,28979,买盘
10:37:00,32.19,-0.01,205,659931,卖盘
10:37:03,32.2,0.01,389,1252580,买盘
10:37:06,32.2,0.0,65,209321,卖盘
10:37:09,32.2,0.0,34,109567,卖盘
10:37:11,32.25,0.05,635,2046044,买盘
10:37:14,32.24,-0.01,43,138658,中性盘
10:37:18,32.24,0.0,43,138672,卖盘
10:37:21,32.25,0.01,45,145115,买盘
10:37:24,32.24,-0.01,50,161266,卖盘
10:37:27,32.25,0.01,224,722409,中性盘
10:37:30,32.24,-0.01,220,709318,卖盘
10:37:32,32.24,0.0,12,38688,买盘
10:37:36,32.23,-0.01,3,9443,卖盘
10:37:38,32.24,0.01,3,9670,买盘
10:37:41,32.23,-0.01,7,22567,卖盘
10:37:45,32.23,0.0,31,100180,卖盘
10:37:48,32.24,0.01,26,83821,买盘
10:37:51,32.23,-0.01,9,29007,卖盘
10:37:54,32.24,0.01,152,490079,买盘
10:37:57,32.24,0.0,2,6448,卖盘
10:38:00,32.24,0.0,1,3224,卖盘
10:38:03,32.26,0.02,74,238615,买盘
10:38:06,32.25,-0.01,33,106442,卖盘
10:38:09,32.26,0.01,310,999479,买盘
10:38:11,32.26,0.0,85,274202,买盘
10:38:15,32.25,-0.01,202,651636,卖盘
10:38:18,32.26,0.01,54,174206,买盘
10:38:21,32.26,0.0,22,70972,买盘
10:38:24,32.23,-0.03,128,413847,卖盘
10:38:27,32.23,0.0,32,103136,买盘
10:38:30,32.23,0.0,6,19338,买盘
10:38:32,32.22,-0.01,12,37186,卖盘
10:38:36,32.23,0.01,18,57986,买盘
10:38:39,32.23,0.0,98,315671,买盘
10:38:42,32.23,0.0,50,161122,买盘
10:38:45,32.23,0.0,25,80575,卖盘
10:38:48,32.25,0.02,9,29011,买盘
10:38:51,32.23,-0.02,1,3223,卖盘
10:38:54,32.22,-0.01,46,148258,卖盘
10:38:57,32.23,0.01,98,315766,买盘
10:39:00,32.23,0.0,12,38667,买盘
10:39:03,32.24,0.01,58,186974,中性盘
10:39:05,32.23,-0.01,113,365126,卖盘
10:39:09,32.22,-0.01,12,38664,卖盘
10:39:11,32.23,0.01,199,642793,买盘
10:39:15,32.22,-0.01,140,449692,卖盘
10:39:18,32.22,0.0,4,12888,买盘
10:39:21,32.21,-0.01,5,16105,卖盘
10:39:24,32.22,0.01,641,2064330,买盘
10:39:26,32.21,-0.01,28,90196,中性盘
10:39:30,32.2,-0.01,229,738861,卖盘
10:39:33,32.2,0.0,31,99820,买盘
10:39:35,32.19,-0.01,24,77257,卖盘
10:39:38,32.18,-0.01,360,1157344,卖盘
10:39:42,32.18,0.0,18,57924,买盘
10:39:45,32.18,0.0,23,74013,买盘
10:39:47,32.18,0.0,70,225241,买盘
10:39:51,32.18,0.0,15,48265,买盘
10:39:53,32.16,-0.02,236,759079,卖盘
10:39:56,32.18,0.02,25,78966,买盘
10:40:00,32.18,0.0,1,3218,卖盘
10:40:03,32.18,0.0,35,112626,卖盘
10:40:05,32.18,0.0,16,51489,卖盘
10:40:09,32.17,-0.01,51,165589,卖盘
10:40:11,32.2,0.03,114,365297,买盘
10:40:14,32.19,-0.01,85,273615,卖盘
10:40:18,32.19,0.0,58,187477,卖盘
10:40:21,32.19,0.0,48,154612,卖盘
10:40:24,32.18,-0.01,14,45057,中性盘
10:40:26,32.2,0.02,325,1046022,买盘
10:40:29,32.17,-0.03,43,138353,卖盘
10:40:33,32.18,0.01,11,35398,中性盘
10:40:36,32.17,-0.01,26,83657,卖盘
10:40:39,32.17,0.0,35,113192,卖盘
10:40:42,32.17,0.0,95,305615,买盘
10:40:45,32.15,-0.02,500,1607591,卖盘
10:40:48,32.16,0.01,30,96463,中性盘
10:40:51,32.15,-0.01,4,12860,卖盘
10:40:53,32.15,0.0,115,369732,卖盘
10:40:57,32.16,0.01,222,713718,买盘
10:41:00,32.14,-0.02,100,321400,卖盘
10:41:03,32.15,0.01,82,263630,买盘
10:41:06,32.13,-0.02,124,398512,卖盘
10:41:09,32.14,0.01,5,16070,中性盘
10:41:12,32.14,0.0,93,298902,买盘
10:41:15,32.15,0.01,21,67503,买盘
10:41:17,32.14,-0.01,129,414622,卖盘
10:41:21,32.14,0.0,92,295705,卖盘
10:41:24,32.12,-0.02,71,228073,卖盘
10:41:27,32.13,0.01,24,77111,买盘
10:41:30,32.12,-0.01,47,150999,卖盘
10:41:33,32.13,0.01,45,144560,买盘
10:41:36,32.13,0.0,112,359822,买盘
10:41:39,32.13,0.0,98,314820,买盘
10:41:42,32.12,-0.01,16,51398,卖盘
10:41:44,32.12,0.0,31,99574,卖盘
10:41:47,32.13,0.01,50,160640,买盘
10:41:51,32.12,-0.01,253,812677,卖盘
10:41:53,32.13,0.01,22,70679,中性盘
10:41:56,32.14,0.01,488,1567055,买盘
10:42:00,32.13,-0.01,708,2272939,中性盘
10:42:02,32.12,-0.01,251,805768,卖盘
10:42:06,32.12,0.0,48,154194,卖盘
10:42:09,32.13,0.01,18,57826,买盘
10:42:11,32.13,0.0,355,1138341,买盘
10:42:14,32.15,0.02,97,311778,买盘
10:42:18,32.14,-0.01,43,138219,中性盘
10:42:21,32.15,0.01,126,405059,买盘
10:42:24,32.15,0.0,4,12860,买盘
10:42:26,32.16,0.01,31,99668,买盘
10:42:30,32.15,-0.01,35,112510,买盘
10:42:33,32.16,0.01,3,9646,买盘
10:42:36,32.15,-0.01,23,73948,卖盘
10:42:39,32.16,0.01,2,6432,卖盘
10:42:42,32.16,0.0,20,64328,卖盘
10:42:45,32.17,0.01,19,61122,买盘
10:42:48,32.18,0.01,6,19303,买盘
10:42:51,32.18,0.0,49,157669,买盘
10:42:54,32.18,0.0,16,51487,买盘
10:42:57,32.18,0.0,28,90103,买盘
10:43:00,32.18,0.0,58,186644,卖盘
10:43:02,32.18,0.0,4,12872,买盘
10:43:05,32.18,0.0,76,244568,卖盘
10:43:09,32.18,0.0,1,3218,卖盘
10:43:12,32.19,0.01,30,96570,买盘
10:43:15,32.19,0.0,13,41853,卖盘
10:43:18,32.2,0.01,149,479694,买盘
10:43:21,32.2,0.0,50,160982,买盘
10:43:23,32.2,0.0,64,206019,买盘
10:43:27,32.18,-0.02,76,244631,卖盘
10:43:30,32.18,0.0,38,122331,卖盘
10:43:33,32.19,0.01,14,45065,买盘
10:43:35,32.18,-0.01,15,48270,卖盘
10:43:39,32.17,-0.01,84,270311,卖盘
10:43:42,32.18,0.01,24,77224,买盘
10:43:45,32.18,0.0,34,109380,买盘
10:43:47,32.18,0.0,118,379718,买盘
10:43:51,32.16,-0.02,3,9648,卖盘
10:43:54,32.17,0.01,6,19299,中性盘
10:44:00,32.16,-0.01,1,3216,卖盘
10:44:03,32.16,0.0,89,286305,卖盘
10:44:05,32.16,0.0,21,67537,卖盘
10:44:09,32.16,0.0,3,9648,卖盘
10:44:12,32.17,0.01,88,283045,买盘
10:44:15,32.17,0.0,1,3217,买盘
10:44:18,32.17,0.0,13,41822,卖盘
10:44:21,32.18,0.01,18,57907,买盘
10:44:24,32.18,0.0,14,45052,买盘
10:44:27,32.16,-0.02,1,3216,卖盘
10:44:30,32.16,0.0,2,6432,卖盘
10:44:33,32.16,0.0,1,3216,卖盘
10:44:36,32.16,0.0,29,93264,卖盘
10:44:38,32.17,0.01,11,35387,买盘
10:44:42,32.16,-0.01,161,517802,卖盘
10:44:44,32.16,0.0,29,93263,卖盘
10:44:48,32.15,-0.01,9,28942,卖盘
10:44:50,32.17,0.02,157,504956,买盘
10:44:54,32.15,-0.02,8,25720,卖盘
10:44:56,32.16,0.01,9,28948,中性盘
10:44:59,32.16,0.0,170,546661,买盘
10:45:03,32.16,0.0,26,83614,卖盘
10:45:06,32.16,0.0,3,9648,卖盘
10:45:08,32.16,0.0,39,125424,卖盘
10:45:12,32.16,0.0,97,312045,卖盘
10:45:14,32.17,0.01,8,25736,买盘
10:45:18,32.17,0.0,54,173712,买盘
10:45:21,32.16,-0.01,40,128701,卖盘
10:45:24,32.17,0.01,4,12868,买盘
10:45:27,32.16,-0.01,83,266956,卖盘
10:45:30,32.16,0.0,79,254064,买盘
10:45:33,32.18,0.02,71,228433,买盘
10:45:36,32.16,-0.02,7,22838,卖盘
10:45:39,32.16,0.0,37,118978,买盘
10:45:42,32.16,0.0,15,48240,卖盘
10:45:44,32.18,0.02,31,99783,中性盘
10:45:48,32.2,0.02,10,32197,买盘
10:45:51,32.2,0.0,92,296217,买盘
10:45:54,32.21,0.01,223,718078,买盘
10:45:57,32.21,0.0,43,138489,买盘
10:45:59,32.21,0.0,120,386506,买盘
10:46:03,32.2,-0.01,126,405823,卖盘
10:46:06,32.2,0.0,5,16100,卖盘
10:46:09,32.2,0.0,22,70850,卖盘
10:46:11,32.2,0.0,151,486500,卖盘
10:46:15,32.2,0.0,69,222312,卖盘
10:46:18,32.21,0.01,45,144944,中性盘
10:46:21,32.21,0.0,30,96615,买盘
10:46:24,32.2,-0.01,5,16100,卖盘
10:46:26,32.21,0.01,98,315627,买盘
10:46:30,32.2,-0.01,84,270481,卖盘
10:46:33,32.2,0.0,170,547230,买盘
10:46:36,32.19,-0.01,3,9657,买盘
10:46:38,32.2,0.01,26,83670,买盘
10:46:42,32.2,0.0,2,6439,买盘
10:46:45,32.19,-0.01,3,9657,卖盘
10:46:48,32.2,0.01,2,6440,买盘
10:46:51,32.19,-0.01,39,125497,卖盘
10:46:54,32.2,0.01,12,38638,买盘
10:46:57,32.19,-0.01,19,61161,卖盘
10:47:00,32.17,-0.02,1,3217,卖盘
10:47:03,32.19,0.02,63,202797,买盘
10:47:06,32.19,0.0,62,199575,卖盘
10:47:09,32.17,-0.02,15,48255,卖盘
10:47:12,32.19,0.02,74,238204,买盘
10:47:14,32.19,0.0,38,122322,卖盘
10:47:18,32.19,0.0,14,45062,买盘
10:47:21,32.17,-0.02,15,48255,卖盘
10:47:24,32.17,0.0,5,16092,卖盘
10:47:26,32.19,0.02,11,35409,买盘
10:47:30,32.18,-0.01,8,25744,卖盘
10:47:35,32.19,0.01,7,22527,买盘
10:47:39,32.18,-0.01,21,67581,卖盘
10:47:41,32.19,0.01,28,90131,买盘
10:47:45,32.19,0.0,39,125540,买盘
10:47:48,32.18,-0.01,34,109413,卖盘
10:47:51,32.18,0.0,31,99758,卖盘
10:47:57,32.17,-0.01,3,9651,卖盘
10:48:03,32.18,0.01,158,508359,买盘
10:48:06,32.18,0.0,48,154494,卖盘
10:48:08,32.2,0.02,77,247917,买盘
10:48:12,32.2,0.0,84,270472,买盘
10:48:15,32.2,0.0,21,67620,卖盘
10:48:18,32.21,0.01,45,144931,买盘
10:48:20,32.21,0.0,35,112735,买盘
10:48:24,32.2,-0.01,3,9660,卖盘
10:48:27,32.2,0.0,90,289849,卖盘
10:48:30,32.21,0.01,30,96624,买盘
10:48:33,32.2,-0.01,10,32200,卖盘
10:48:36,32.21,0.01,39,125619,买盘
10:48:38,32.2,-0.01,115,370422,卖盘
10:48:42,32.21,0.01,59,190012,买盘
10:48:45,32.21,0.0,12,38652,卖盘
10:48:48,32.21,0.0,50,161097,卖盘
10:48:51,32.21,0.0,6,19326,卖盘
10:48:53,32.21,0.0,19,61207,卖盘
10:48:57,32.21,0.0,10,32210,卖盘
10:49:00,32.21,0.0,3,9663,卖盘
10:49:02,32.22,0.01,83,267419,买盘
10:49:06,32.22,0.0,13,41875,买盘
10:49:09,32.2,-0.02,188,605484,卖盘
10:49:12,32.2,0.0,11,35420,买盘
10:49:15,32.2,0.0,103,331660,卖盘
10:49:18,32.19,-0.01,336,1081599,卖盘
10:49:21,32.19,0.0,138,444222,买盘
10:49:24,32.18,-0.01,621,1998998,卖盘
10:49:27,32.19,0.01,222,714409,买盘
10:49:30,32.19,0.0,26,83669,买盘
10:49:32,32.18,-0.01,282,907499,卖盘
10:49:35,32.18,0.0,107,344425,卖盘
10:49:39,32.18,0.0,17,54706,卖盘
10:49:42,32.18,0.0,7,22527,卖盘
10:49:44,32.19,0.01,279,897749,买盘
10:49:48,32.17,-0.02,9,28961,卖盘
10:49:51,32.19,0.02,78,251036,买盘
10:49:54,32.18,-0.01,1,3218,中性盘
10:49:57,32.17,-0.01,17,54689,卖盘
10:50:00,32.18,0.01,6,19303,买盘
10:50:02,32.17,-0.01,80,257436,卖盘
10:50:06,32.18,0.01,14,45052,买盘
10:50:09,32.16,-0.02,234,754253,卖盘
10:50:12,32.17,0.01,25,80424,买盘
10:50:15,32.17,0.0,1,3217,卖盘
10:50:18,32.19,0.02,50,160882,买盘
10:50:21,32.17,-0.02,37,119044,卖盘
10:50:24,32.17,0.0,20,64340,卖盘
10:50:27,32.18,0.01,112,360394,买盘
10:50:30,32.17,-0.01,2,6435,卖盘
10:50:33,32.18,0.01,43,138359,买盘
10:50:35,32.18,0.0,207,665926,买盘
10:50:39,32.17,-0.01,22,70775,卖盘
10:50:42,32.15,-0.02,615,1977897,卖盘
10:50:45,32.17,0.02,8,25732,买盘
10:50:47,32.15,-0.02,3,9649,卖盘
10:50:50,32.15,0.0,286,917528,卖盘
10:50:53,32.13,-0.02,12,38578,卖盘
10:50:57,32.1,-0.03,1536,4931884,卖盘
10:51:00,32.15,0.05,64,205603,买盘
10:51:03,32.1,-0.05,122,391689,中性盘
10:51:06,32.1,0.0,217,696534,买盘
10:51:09,32.09,-0.01,361,1158627,卖盘
10:51:12,32.08,-0.01,1046,3356687,卖盘
10:51:15,32.1,0.02,22,70595,中性盘
10:51:18,32.1,0.0,12,40707,卖盘
10:51:20,32.09,-0.01,56,179763,卖盘
10:51:23,32.08,-0.01,43,138217,卖盘
10:51:27,32.09,0.01,69,221421,中性盘
10:51:30,32.08,-0.01,45,144399,卖盘
10:51:33,32.08,0.0,26,83408,卖盘
10:51:35,32.09,0.01,69,221382,买盘
10:51:38,32.08,-0.01,41,131528,卖盘
10:51:42,32.08,0.0,439,1405909,卖盘
10:51:45,32.08,0.0,12,38496,买盘
10:51:48,32.07,-0.01,3,9623,卖盘
10:51:51,32.08,0.01,103,330416,买盘
10:51:54,32.07,-0.01,122,391269,卖盘
10:51:57,32.07,0.0,162,519446,卖盘
10:52:00,32.06,-0.01,5,16035,卖盘
10:52:02,32.08,0.02,106,340024,买盘
10:52:05,32.07,-0.01,120,384936,卖盘
10:52:08,32.09,0.02,180,577498,买盘
10:52:12,32.09,0.0,166,535097,买盘
10:52:15,32.1,0.01,173,555310,买盘
10:52:17,32.09,-0.01,86,276019,卖盘
10:52:21,32.1,0.01,96,308415,中性盘
10:52:23,32.1,0.0,33,105937,卖盘
10:52:27,32.14,0.04,29,93131,买盘
10:52:30,32.12,-0.02,44,141362,中性盘
10:52:33,32.1,-0.02,35,112434,卖盘
10:52:36,32.1,0.0,31,99536,卖盘
10:52:38,32.11,0.01,14,44944,中性盘
10:52:42,32.1,-0.01,27,86685,卖盘
10:52:45,32.12,0.02,9,28911,卖盘
10:52:48,32.11,-0.01,6,19267,中性盘
10:52:51,32.11,0.0,38,122014,买盘
10:52:54,32.11,0.0,17,54587,买盘
10:52:57,32.11,0.0,64,205504,卖盘
10:53:00,32.12,0.01,54,173420,买盘
10:53:03,32.13,0.01,56,179926,买盘
10:53:06,32.13,0.0,6,19278,卖盘
10:53:09,32.13,0.0,61,196022,卖盘
10:53:11,32.14,0.01,719,2310192,买盘
10:53:15,32.15,0.01,7,22505,卖盘
10:53:17,32.17,0.02,108,347436,买盘
10:53:21,32.18,0.01,82,263842,买盘
10:53:24,32.2,0.02,250,805771,买盘
10:53:27,32.21,0.01,386,1242996,买盘
10:53:30,32.2,-0.01,113,363968,中性盘
10:53:33,32.21,0.01,38,122380,买盘
10:53:36,32.2,-0.01,142,457308,卖盘
10:53:39,32.21,0.01,69,222135,买盘
10:53:41,32.2,-0.01,20,64411,卖盘
10:53:45,32.2,0.0,33,106263,卖盘
10:53:48,32.2,0.0,25,80512,卖盘
10:53:51,32.2,0.0,13,41860,卖盘
10:53:54,32.2,0.0,19,61197,卖盘
10:53:57,32.22,0.02,12,38653,买盘
10:54:00,32.2,-0.02,41,132037,卖盘
10:54:03,32.22,0.02,94,301057,买盘
10:54:06,32.22,0.0,14,45105,卖盘
10:54:09,32.22,0.0,9,29002,卖盘
10:54:12,32.23,0.01,278,895921,买盘
10:54:15,32.23,0.0,28,90230,买盘
10:54:18,32.22,-0.01,29,93422,中性盘
10:54:21,32.2,-0.02,100,322070,卖盘
10:54:24,32.23,0.03,56,180487,卖盘
10:54:26,32.21,-0.02,37,121269,卖盘
10:54:30,32.21,0.0,20,62391,卖盘
10:54:33,32.21,0.0,20,64420,买盘
10:54:35,32.23,0.02,9,28989,卖盘
10:54:39,32.19,-0.04,183,589256,卖盘
10:54:41,32.2,0.01,69,222193,中性盘
10:54:45,32.19,-0.01,9,31224,卖盘
10:54:48,32.19,0.0,16,51504,买盘
10:54:50,32.19,0.0,10,32190,买盘
10:54:53,32.19,0.0,6,19314,买盘
10:54:57,32.18,-0.01,19,61142,卖盘
10:55:00,32.18,0.0,10,32180,卖盘
10:55:02,32.19,0.01,19,59938,买盘
10:55:06,32.18,-0.01,64,206013,卖盘
10:55:09,32.18,0.0,14,45059,卖盘
10:55:11,32.18,0.0,16,51488,买盘
10:55:15,32.19,0.01,9,28971,买盘
10:55:18,32.18,-0.01,30,96542,卖盘
10:55:21,32.2,0.02,10,32190,买盘
10:55:23,32.19,-0.01,3,9657,卖盘
10:55:26,32.19,0.0,13,41857,卖盘
10:55:30,32.19,0.0,79,254312,卖盘
10:55:33,32.18,-0.01,2,6437,卖盘
10:55:35,32.18,0.0,2577,8277398,卖盘
10:55:39,32.18,0.0,61,196258,买盘
10:55:42,32.09,-0.09,6,19244,中性盘
10:55:45,32.11,0.02,6,19266,卖盘
10:55:48,32.17,0.06,4,12853,买盘
10:55:51,32.11,-0.06,9,28900,卖盘
10:55:54,32.11,0.0,2,6423,卖盘
10:55:57,32.1,-0.01,20,64244,卖盘
10:56:00,32.17,0.07,2,6434,买盘
10:56:02,32.11,-0.06,41,131634,买盘
10:56:06,32.11,0.0,2,6422,卖盘
10:56:08,32.11,0.0,19,61009,卖盘
10:56:11,32.17,0.06,75,241113,买盘
10:56:15,32.11,-0.06,315,1013349,卖盘
10:56:18,32.11,0.0,86,276145,卖盘
10:56:21,32.11,0.0,21,67430,买盘
10:56:24,32.11,0.0,227,728897,买盘
10:56:26,32.17,0.06,37,119942,买盘
10:56:30,32.1,-0.07,80,255812,卖盘
10:56:32,32.1,0.0,42,134820,买盘
10:56:36,32.1,0.0,177,568170,买盘
10:56:39,32.1,0.0,3,9629,买盘
10:56:41,32.1,0.0,338,1085975,买盘
10:56:45,32.14,0.04,15,48156,买盘
10:56:48,32.11,-0.03,2,6422,卖盘
10:56:51,32.1,-0.01,9,28906,卖盘
10:56:53,32.11,0.01,4,12844,卖盘
10:57:00,32.15,0.04,27,86772,买盘
10:57:03,32.11,-0.04,130,417665,卖盘
10:57:06,32.13,0.02,28,89926,买盘
10:57:09,32.11,-0.02,90,288990,卖盘
10:57:12,32.11,0.0,18,57798,卖盘
10:57:14,32.12,0.01,211,677903,买盘
10:57:18,32.12,0.0,61,195877,买盘
10:57:20,32.12,0.0,23,73877,卖盘
10:57:24,32.12,0.0,4,12849,卖盘
10:57:26,32.12,0.0,1,3212,卖盘
10:57:30,32.13,0.01,27,86749,买盘
10:57:33,32.12,-0.01,2,6424,卖盘
10:57:35,32.12,0.0,48,154213,卖盘
10:57:39,32.12,0.0,18,57832,卖盘
10:57:42,32.12,0.0,529,1698433,卖盘
10:57:45,32.11,-0.01,22,70642,中性盘
10:57:47,32.1,-0.01,52,166925,卖盘
10:57:51,32.11,0.01,20,64216,买盘
10:57:54,32.11,0.0,29,93104,买盘
10:57:57,32.1,-0.01,19,60995,卖盘
10:57:59,32.1,0.0,150,481506,卖盘
10:58:03,32.1,0.0,267,857260,卖盘
10:58:06,32.11,0.01,23,73853,卖盘
10:58:09,32.12,0.01,37,118818,买盘
10:58:12,32.11,-0.01,26,83463,中性盘
10:58:15,32.1,-0.01,191,613458,卖盘
10:58:18,32.13,0.03,116,372417,买盘
10:58:20,32.11,-0.02,20,64219,中性盘
10:58:24,32.1,-0.01,195,625962,卖盘
10:58:27,32.1,0.0,49,157250,买盘
10:58:30,32.09,-0.01,110,353001,卖盘
10:58:33,32.09,0.0,213,683522,卖盘
10:58:36,32.08,-0.01,144,461952,卖盘
10:58:39,32.06,-0.02,116,371918,卖盘
10:58:41,32.06,0.0,24,76956,卖盘
10:58:45,32.07,0.01,15,48104,买盘
10:58:47,32.06,-0.01,87,278982,卖盘
10:58:51,32.07,0.01,127,407190,买盘
10:58:54,32.06,-0.01,128,410389,卖盘
10:58:57,32.06,0.0,69,221214,卖盘
10:59:00,32.07,0.01,29,92999,买盘
10:59:03,32.08,0.01,112,359248,买盘
10:59:05,32.08,0.0,78,250219,卖盘
10:59:09,32.07,-0.01,29,93004,卖盘
10:59:12,32.08,0.01,154,494178,买盘
10:59:15,32.1,0.02,51,163688,买盘
10:59:18,32.13,0.03,53,170113,买盘
10:59:20,32.1,-0.03,34,109148,卖盘
10:59:24,32.1,0.0,7,22470,买盘
10:59:27,32.09,-0.01,19,60979,卖盘
10:59:30,32.1,0.01,202,648350,买盘
10:59:32,32.1,0.0,19,60990,卖盘
10:59:36,32.1,0.0,2,6421,卖盘
10:59:39,32.13,0.03,85,272943,买盘
10:59:42,32.1,-0.03,33,105930,卖盘
10:59:45,32.1,0.0,5,16050,卖盘
10:59:48,32.11,0.01,21,67416,中性盘
10:59:51,32.12,0.01,350,1123529,买盘
10:59:54,32.1,-0.02,223,715810,卖盘
10:59:57,32.09,-0.01,311,997917,卖盘
10:59:59,32.08,-0.01,113,362504,卖盘
11:00:03,32.07,-0.01,214,686396,卖盘
11:00:06,32.08,0.01,36,115481,中性盘
11:00:08,32.09,0.01,181,580512,买盘
11:00:12,32.08,-0.01,345,1106135,中性盘
11:00:15,32.08,0.0,15,48120,卖盘
11:00:18,32.08,0.0,90,288723,卖盘
11:00:21,32.08,0.0,6,19248,卖盘
11:00:24,32.09,0.01,5,16045,中性盘
11:00:27,32.12,0.03,36,115556,买盘
11:00:30,32.14,0.02,70,224840,买盘
11:00:33,32.08,-0.06,122,391607,卖盘
11:00:36,32.14,0.06,18,57832,买盘
11:00:39,32.14,0.0,18,57848,买盘
11:00:42,32.08,-0.06,160,513665,卖盘
11:00:45,32.08,0.0,256,821348,卖盘
11:00:48,32.1,0.02,11,35302,买盘
11:00:51,32.1,0.0,12,38520,买盘
11:00:53,32.1,0.0,35,112464,卖盘
11:00:56,32.1,0.0,3,9634,卖盘
11:01:00,32.14,0.04,68,218469,买盘
11:01:03,32.14,0.0,11,35355,买盘
11:01:05,32.1,-0.04,227,729126,卖盘
11:01:09,32.14,0.04,10,32142,卖盘
11:01:12,32.1,-0.04,21,67410,卖盘
11:01:15,32.13,0.03,9,28917,买盘
11:01:17,32.13,0.0,11,35344,卖盘
11:01:21,32.14,0.01,27,86767,买盘
11:01:24,32.13,-0.01,183,587985,卖盘
11:01:27,32.11,-0.02,1,3211,卖盘
11:01:30,32.11,0.0,43,139469,卖盘
11:01:32,32.1,-0.01,119,382027,卖盘
11:01:36,32.11,0.01,74,237700,中性盘
11:01:39,32.11,0.0,26,83492,卖盘
11:01:42,32.13,0.02,22,70650,买盘
11:01:45,32.11,-0.02,15,48165,卖盘
11:01:48,32.13,0.02,184,590715,买盘
11:01:51,32.13,0.0,9,28909,买盘
11:01:54,32.11,-0.02,29,93142,卖盘
11:01:57,32.1,-0.01,115,369166,卖盘
11:02:00,32.11,0.01,11,35319,中性盘
11:02:03,32.11,0.0,253,812217,买盘
11:02:05,32.1,-0.01,35,112383,卖盘
11:02:09,32.11,0.01,49,157338,买盘
11:02:12,32.11,0.0,39,125213,买盘
11:02:15,32.11,0.0,24,77064,买盘
11:02:18,32.1,-0.01,226,725616,卖盘
11:02:21,32.11,0.01,21,67418,买盘
11:02:24,32.1,-0.01,13,41740,卖盘
11:02:27,32.11,0.01,31,99541,买盘
11:02:30,32.11,0.0,21,67431,卖盘
11:02:33,32.1,-0.01,238,764067,卖盘
11:02:35,32.11,0.01,523,1678873,买盘
11:02:39,32.1,-0.01,38,120691,卖盘
11:02:42,32.09,-0.01,77,247096,卖盘
11:02:44,32.08,-0.01,58,186121,卖盘
11:02:48,32.09,0.01,26,83434,中性盘
11:02:51,32.09,0.0,28,89852,买盘
11:02:53,32.09,0.0,157,503697,中性盘
11:02:56,32.08,-0.01,141,452357,卖盘
11:03:00,32.07,-0.01,199,638556,卖盘
11:03:03,32.08,0.01,72,231007,买盘
11:03:06,32.06,-0.02,145,465042,卖盘
11:03:08,32.06,0.0,222,712460,卖盘
11:03:12,32.09,0.03,72,231037,买盘
11:03:15,32.1,0.01,89,285407,买盘
11:03:18,32.06,-0.04,907,2908931,卖盘
11:03:20,32.11,0.05,28,89806,买盘
11:03:24,32.07,-0.04,63,202074,卖盘
11:03:27,32.1,0.03,6,19256,买盘
11:03:30,32.08,-0.02,18,56045,卖盘
11:03:33,32.07,-0.01,30,96218,卖盘
11:03:36,32.07,0.0,157,505166,卖盘
11:03:38,32.06,-0.01,34,109004,卖盘
11:03:42,32.08,0.02,74,237306,买盘
11:03:45,32.06,-0.02,40,128248,卖盘
11:03:48,32.06,0.0,13,41680,卖盘
11:03:50,32.07,0.01,27,86587,买盘
11:03:54,32.06,-0.01,181,580283,卖盘
11:03:57,32.05,-0.01,212,679649,卖盘
11:04:00,32.05,0.0,29,92945,卖盘
11:04:03,32.05,0.0,111,355842,卖盘
11:04:06,32.08,0.03,157,503581,买盘
11:04:08,32.08,0.0,192,615413,买盘
11:04:11,32.06,-0.02,67,214847,卖盘
11:04:15,32.08,0.02,233,747439,买盘
11:04:18,32.08,0.0,70,224561,卖盘
11:04:21,32.08,0.0,144,461918,卖盘
11:04:24,32.06,-0.02,125,400908,卖盘
11:04:26,32.08,0.02,104,333609,买盘
11:04:30,32.07,-0.01,10,32075,卖盘
11:04:33,32.08,0.01,217,695896,买盘
11:04:36,32.08,0.0,56,179587,买盘
11:04:39,32.06,-0.02,136,436117,卖盘
11:04:42,32.05,-0.01,128,410272,卖盘
11:04:45,32.05,0.0,31,99387,卖盘
11:04:48,32.06,0.01,25,79106,中性盘
11:04:51,32.07,0.01,86,275684,买盘
11:04:53,32.06,-0.01,44,141106,卖盘
11:04:56,32.05,-0.01,88,282041,卖盘
11:05:00,32.05,0.0,52,167008,卖盘
11:05:03,32.06,0.01,80,256500,卖盘
11:05:06,32.05,-0.01,140,448837,卖盘
11:05:09,32.06,0.01,74,237209,中性盘
11:05:12,32.05,-0.01,2,6410,卖盘
11:05:15,32.07,0.02,66,211608,买盘
11:05:18,32.06,-0.01,178,570796,卖盘
11:05:21,32.08,0.02,53,169956,买盘
11:05:24,32.07,-0.01,57,182828,卖盘
11:05:27,32.08,0.01,41,131510,买盘
11:05:30,32.07,-0.01,22,70554,卖盘
11:05:33,32.07,0.0,19,60934,卖盘
11:05:36,32.08,0.01,236,758228,买盘
11:05:39,32.09,0.01,99,317666,买盘
11:05:42,32.09,0.0,24,76994,买盘
11:05:45,32.09,0.0,82,263115,买盘
11:05:48,32.09,0.0,111,356160,买盘
11:05:51,32.09,0.0,69,221400,买盘
11:05:53,32.09,0.0,6,19258,买盘
11:05:57,32.09,0.0,23,73807,卖盘
11:06:00,32.09,0.0,7,22463,卖盘
11:06:03,32.1,0.01,150,481497,买盘
11:06:06,32.09,-0.01,174,558548,卖盘
11:06:08,32.08,-0.01,216,692186,卖盘
11:06:12,32.08,0.0,40,128330,卖盘
11:06:15,32.08,0.0,226,725407,卖盘
11:06:18,32.08,0.0,76,243686,卖盘
11:06:21,32.08,0.0,27,86617,买盘
11:06:24,32.08,0.0,113,362606,卖盘
11:06:27,32.08,0.0,26,83414,卖盘
11:06:30,32.08,0.0,86,275912,卖盘
11:06:33,32.06,-0.02,80,256540,卖盘
11:06:36,32.05,-0.01,113,362258,卖盘
11:06:38,32.07,0.02,14,44902,卖盘
11:06:41,32.07,0.0,102,327176,卖盘
11:06:45,32.07,0.0,36,115456,卖盘
11:06:47,32.07,0.0,7,22451,卖盘
11:06:51,32.08,0.01,65,208515,买盘
11:06:54,32.07,-0.01,19,60949,卖盘
11:06:57,32.07,0.0,121,388048,卖盘
11:07:00,32.09,0.02,97,311272,买盘
11:07:03,32.07,-0.02,178,571084,卖盘
11:07:06,32.07,0.0,33,105806,买盘
11:07:09,32.06,-0.01,11,35269,卖盘
11:07:12,32.07,0.01,82,262968,买盘
11:07:15,32.07,0.0,70,224491,买盘
11:07:18,32.08,0.01,30,96234,买盘
11:07:21,32.09,0.01,58,186028,买盘
11:07:24,32.09,0.0,9,28877,买盘
11:07:27,32.09,0.0,59,189301,买盘
11:07:30,32.1,0.01,66,211818,买盘
11:07:33,32.1,0.0,12,38703,买盘
11:07:36,32.16,0.06,128,411203,买盘
11:07:39,32.12,-0.04,2,6424,中性盘
11:07:42,32.12,0.0,7,22504,卖盘
11:07:44,32.18,0.06,73,234767,买盘
11:07:48,32.16,-0.02,19,60693,买盘
11:07:51,32.19,0.03,154,495724,买盘
11:07:53,32.18,-0.01,481,1547493,卖盘
11:07:57,32.16,-0.02,119,382846,卖盘
11:08:00,32.12,-0.04,30,96476,卖盘
11:08:03,32.16,0.04,97,311950,买盘
11:08:06,32.16,0.0,15,48239,买盘
11:08:08,32.18,0.02,15,48243,买盘
11:08:12,32.16,-0.02,7,22512,卖盘
11:08:15,32.18,0.02,90,289591,买盘
11:08:17,32.18,0.0,113,363634,卖盘
11:08:21,32.18,0.0,18,57924,卖盘
11:08:24,32.19,0.01,39,125507,买盘
11:08:27,32.18,-0.01,9,28967,中性盘
11:08:29,32.19,0.01,31,99775,买盘
11:08:33,32.13,-0.06,177,569378,卖盘
11:08:36,32.19,0.06,8,25747,买盘
11:08:39,32.18,-0.01,22,70796,中性盘
11:08:41,32.18,0.0,17,54706,买盘
11:08:45,32.12,-0.06,29,93190,卖盘
11:08:48,32.13,0.01,72,231236,买盘
11:08:51,32.13,0.0,18,57834,卖盘
11:08:57,32.12,-0.01,27,86778,卖盘
11:09:00,32.17,0.05,19,61058,买盘
11:09:03,32.18,0.01,80,257424,买盘
11:09:06,32.14,-0.04,5,16082,卖盘
11:09:09,32.11,-0.03,114,366203,卖盘
11:09:12,32.15,0.04,7,22500,卖盘
11:09:15,32.16,0.01,52,167228,买盘
11:09:18,32.16,0.0,51,164030,卖盘
11:09:21,32.16,0.0,21,67550,卖盘
11:09:24,32.16,0.0,17,54673,卖盘
11:09:27,32.16,0.0,23,73967,卖盘
11:09:30,32.16,0.0,164,527588,买盘
11:09:33,32.18,0.02,118,379555,买盘
11:09:36,32.18,0.0,91,292832,买盘
11:09:39,32.18,0.0,84,270154,买盘
11:09:42,32.16,-0.02,101,324815,卖盘
11:09:45,32.16,0.0,26,83600,买盘
11:09:48,32.15,-0.01,85,273295,卖盘
11:09:50,32.14,-0.01,37,118954,卖盘
11:09:54,32.15,0.01,9,28931,买盘
11:09:57,32.14,-0.01,9,28926,卖盘
11:10:00,32.14,0.0,12,38577,卖盘
11:10:02,32.15,0.01,98,315065,买盘
11:10:09,32.14,-0.01,149,478958,卖盘
11:10:12,32.16,0.02,47,151137,买盘
11:10:15,32.14,-0.02,201,646348,卖盘
11:10:18,32.14,0.0,6,19285,卖盘
11:10:21,32.14,0.0,2,6428,卖盘
11:10:24,32.14,0.0,41,131790,卖盘
11:10:27,32.14,0.0,17,54644,卖盘
11:10:30,32.15,0.01,31,99654,买盘
11:10:33,32.14,-0.01,24,77147,卖盘
11:10:36,32.14,0.0,23,73927,卖盘
11:10:39,32.14,0.0,36,115734,卖盘
11:10:42,32.14,0.0,35,112511,卖盘
11:10:44,32.14,0.0,26,83564,卖盘
11:10:47,32.14,0.0,45,144630,卖盘
11:10:50,32.13,-0.01,29,93430,卖盘
11:10:57,32.13,0.0,12,38567,卖盘
11:11:00,32.13,0.0,27,86768,卖盘
11:11:03,32.14,0.01,25,80350,买盘
11:11:06,32.14,0.0,11,35357,卖盘
11:11:09,32.15,0.01,349,1121416,买盘
11:11:12,32.13,-0.02,4,12852,卖盘
11:11:14,32.14,0.01,48,154276,买盘
11:11:18,32.15,0.01,107,344004,买盘
11:11:21,32.15,0.0,24,77160,卖盘
11:11:24,32.15,0.0,8,25725,卖盘
11:11:27,32.16,0.01,18,57878,买盘
11:11:30,32.16,0.0,11,34797,买盘
11:11:33,32.15,-0.01,118,379266,卖盘
11:11:36,32.14,-0.01,2,6430,卖盘
11:11:38,32.14,0.0,1,3214,卖盘
11:11:41,32.15,0.01,10,32155,卖盘
11:11:45,32.16,0.01,21,67521,买盘
11:11:48,32.16,0.0,38,122171,买盘
11:11:51,32.15,-0.01,21,67534,中性盘
11:11:54,32.16,0.01,8,25725,买盘
11:11:57,32.16,0.0,55,176863,买盘
11:12:00,32.16,0.0,8,25728,卖盘
11:12:03,32.14,-0.02,159,511405,卖盘
11:12:06,32.14,0.0,23,73962,卖盘
11:12:09,32.14,0.0,2,6428,卖盘
11:12:11,32.17,0.03,106,341002,买盘
11:12:15,32.17,0.0,105,337755,买盘
11:12:18,32.15,-0.02,1,3215,卖盘
11:12:21,32.15,0.0,4,12860,卖盘
11:12:23,32.15,0.0,8,25727,卖盘
11:12:27,32.15,0.0,18,57875,卖盘
11:12:30,32.15,0.0,42,135038,卖盘
11:12:33,32.14,-0.01,94,302116,卖盘
11:12:36,32.14,0.0,59,190207,卖盘
11:12:39,32.14,0.0,5,16070,买盘
11:12:41,32.15,0.01,3,9643,买盘
11:12:44,32.13,-0.02,15,48195,卖盘
11:12:48,32.13,0.0,202,649031,卖盘
11:12:51,32.13,0.0,111,356662,卖盘
11:12:54,32.13,0.0,86,276388,卖盘
11:12:57,32.13,0.0,42,134962,卖盘
11:13:00,32.12,-0.01,289,928289,卖盘
11:13:02,32.13,0.01,29,93175,买盘
11:13:06,32.13,0.0,9,28918,卖盘
11:13:09,32.12,-0.01,101,324234,卖盘
11:13:12,32.14,0.02,128,411207,卖盘
11:13:15,32.14,0.0,87,279647,买盘
11:13:18,32.14,0.0,36,115733,卖盘
11:13:19,32.14,0.0,14,45000,卖盘
11:13:24,32.14,0.0,3,9643,卖盘
11:13:27,32.15,0.01,34,109281,买盘
11:13:30,32.14,-0.01,101,324614,卖盘
11:13:33,32.13,-0.01,8,25710,中性盘
11:13:36,32.13,0.0,46,147926,卖盘
11:13:39,32.14,0.01,5,16067,买盘
11:13:42,32.13,-0.01,2,6586,卖盘
11:13:45,32.15,0.02,99,318155,买盘
11:13:48,32.14,-0.01,160,514394,中性盘
11:13:50,32.14,0.0,43,138231,卖盘
11:13:52,32.14,0.0,61,196113,卖盘
11:13:56,32.15,0.01,34,109290,买盘
11:14:00,32.14,-0.01,66,212160,卖盘
11:14:03,32.16,0.02,35,112557,买盘
11:14:06,32.16,0.0,45,144735,卖盘
11:14:08,32.15,-0.01,25,80389,卖盘
11:14:12,32.17,0.02,6,19298,买盘
11:14:15,32.16,-0.01,138,443931,卖盘
11:14:18,32.15,-0.01,6,19291,卖盘
11:14:20,32.16,0.01,15,48226,买盘
11:14:23,32.17,0.01,67,215443,买盘
11:14:27,32.15,-0.02,3,9645,卖盘
11:14:30,32.15,0.0,19,61100,卖盘
11:14:33,32.15,0.0,1,3215,卖盘
11:14:36,32.15,0.0,97,311962,卖盘
11:14:38,32.15,0.0,108,347220,卖盘
11:14:42,32.15,0.0,6,19290,买盘
11:14:44,32.14,-0.01,19,61069,卖盘
11:14:46,32.13,-0.01,1,3213,卖盘
11:14:50,32.13,0.0,16,51408,卖盘
11:14:53,32.15,0.02,59,189663,买盘
11:14:56,32.15,0.0,36,116091,卖盘
11:15:00,32.18,0.03,117,376399,买盘
11:15:03,32.18,0.0,118,379690,买盘
11:15:06,32.18,0.0,1,3218,卖盘
11:15:09,32.18,0.0,46,148057,卖盘
11:15:12,32.18,0.0,47,151259,卖盘
11:15:14,32.19,0.01,179,576198,买盘
11:15:17,32.19,0.0,60,193896,卖盘
11:15:20,32.2,0.01,38,122355,买盘
11:15:22,32.19,-0.01,8,25751,卖盘
11:15:27,32.19,0.0,7,22533,卖盘
11:15:30,32.18,-0.01,13,41105,买盘
11:15:33,32.19,0.01,11,35409,买盘
11:15:36,32.19,0.0,188,605171,买盘
11:15:39,32.18,-0.01,10,32183,卖盘
11:15:42,32.19,0.01,5,15129,买盘
11:15:43,32.18,-0.01,27,87857,卖盘
11:15:46,32.19,0.01,46,148049,买盘
11:15:50,32.17,-0.02,4,12870,卖盘
11:15:53,32.19,0.02,18,57928,买盘
11:15:56,32.17,-0.02,2,6435,卖盘
11:15:59,32.18,0.01,1,3218,买盘
11:16:03,32.17,-0.01,90,289610,卖盘
11:16:06,32.17,0.0,17,54704,卖盘
11:16:08,32.17,0.0,1,3217,卖盘
11:16:11,32.18,0.01,18,57915,买盘
11:16:14,32.18,0.0,67,215606,买盘
11:16:16,32.18,0.0,17,54706,卖盘
11:16:19,32.18,0.0,12,38624,卖盘
11:16:22,32.18,0.0,11,35399,卖盘
11:16:26,32.18,0.0,660,2122258,卖盘
11:16:30,32.16,-0.02,28,90094,中性盘
11:16:33,32.15,-0.01,4,12860,卖盘
11:16:35,32.17,0.02,6,19298,买盘
11:16:38,32.15,-0.02,1,3215,卖盘
11:16:42,32.15,0.0,50,160756,卖盘
11:16:44,32.15,0.0,50,162095,卖盘
11:16:47,32.14,-0.01,28,88498,卖盘
11:16:50,32.13,-0.01,36,115702,卖盘
11:16:53,32.13,0.0,1,3213,卖盘
11:17:00,32.13,0.0,9,28918,卖盘
11:17:02,32.14,0.01,72,231408,买盘
11:17:06,32.14,0.0,1,3214,卖盘
11:17:08,32.14,0.0,12,38571,卖盘
11:17:11,32.14,0.0,30,96438,卖盘
11:17:14,32.15,0.01,46,149366,买盘
11:17:17,32.15,0.0,22,70730,卖盘
11:17:20,32.15,0.0,133,426084,卖盘
11:17:24,32.15,0.0,9,28935,买盘
11:17:26,32.13,-0.02,18,58912,卖盘
11:17:30,32.15,0.02,14,45008,买盘
11:17:32,32.13,-0.02,54,173726,卖盘
11:17:35,32.13,0.0,3,9639,卖盘
11:17:38,32.13,0.0,3,9639,卖盘
11:17:44,32.13,0.0,2,6426,卖盘
11:17:47,32.13,0.0,38,122486,卖盘
11:17:53,32.13,0.0,32,102849,卖盘
11:17:57,32.13,0.0,78,250774,卖盘
11:17:59,32.13,0.0,130,417934,卖盘
11:18:02,32.14,0.01,198,636328,中性盘
11:18:05,32.13,-0.01,31,99603,卖盘
11:18:07,32.15,0.02,17,54648,买盘
11:18:11,32.13,-0.02,35,112518,卖盘
11:18:14,32.15,0.02,323,1038056,买盘
11:18:17,32.13,-0.02,23,73902,卖盘
11:18:20,32.13,0.0,31,99631,卖盘
11:18:23,32.13,0.0,1,3213,卖盘
11:18:30,32.14,0.01,6,19284,买盘
11:18:32,32.13,-0.01,17,54627,卖盘
11:18:36,32.13,0.0,11,35344,卖盘
11:18:38,32.13,0.0,25,80349,卖盘
11:18:40,32.14,0.01,3,9640,中性盘
11:18:43,32.15,0.01,37,118955,买盘
11:18:47,32.13,-0.02,69,221757,卖盘
11:18:49,32.14,0.01,3,9640,买盘
11:18:52,32.14,0.0,32,102876,买盘
11:18:56,32.15,0.01,34,107599,买盘
11:19:01,32.16,0.01,35,112558,买盘
11:19:05,32.16,0.0,25,80400,卖盘
11:19:11,32.16,0.0,14,45256,卖盘
11:19:14,32.17,0.01,76,244243,买盘
11:19:17,32.16,-0.01,32,102897,买盘
11:19:20,32.16,0.0,3,9648,卖盘
11:19:23,32.16,0.0,32,102943,卖盘
11:19:26,32.15,-0.01,103,332881,卖盘
11:19:29,32.15,0.0,11,35365,买盘
11:19:32,32.14,-0.01,3,9642,卖盘
11:19:35,32.14,0.0,2,5368,卖盘
11:19:37,32.14,0.0,40,128597,卖盘
11:19:41,32.14,0.0,11,35354,卖盘
11:19:43,32.15,0.01,5,16074,买盘
11:19:47,32.14,-0.01,19,61066,卖盘
11:19:50,32.14,0.0,6,19284,卖盘
11:19:53,32.14,0.0,25,81426,卖盘
11:19:56,32.13,-0.01,144,462675,卖盘
11:19:59,32.12,-0.01,4,11631,卖盘
11:20:02,32.13,0.01,40,127106,买盘
11:20:05,32.12,-0.01,52,167061,卖盘
11:20:08,32.12,0.0,3,9636,卖盘
11:20:10,32.12,0.0,18,57816,卖盘
11:20:14,32.13,0.01,8,25703,买盘
11:20:16,32.14,0.01,82,263533,买盘
11:20:19,32.15,0.01,101,324615,买盘
11:20:22,32.15,0.0,62,199293,买盘
11:20:26,32.14,-0.01,27,87430,卖盘
11:20:28,32.14,0.0,167,536888,卖盘
11:20:32,32.15,0.01,149,479484,买盘
11:20:34,32.15,0.0,100,321504,卖盘
11:20:38,32.15,0.0,109,350435,卖盘
11:20:44,32.15,0.0,47,151115,卖盘
11:20:46,32.15,0.0,43,138245,卖盘
11:20:50,32.14,-0.01,162,520364,卖盘
11:20:53,32.13,-0.01,39,126044,卖盘
11:21:02,32.14,0.01,116,372707,买盘
11:21:05,32.14,0.0,18,57852,卖盘
11:21:08,32.15,0.01,13,42136,买盘
11:21:11,32.15,0.0,72,231070,买盘
11:21:14,32.12,-0.03,276,887317,卖盘
11:21:17,32.15,0.03,182,585109,买盘
11:21:19,32.16,0.01,144,463063,买盘
11:21:23,32.18,0.02,178,573416,买盘
11:21:26,32.19,0.01,491,1580149,买盘
11:21:29,32.18,-0.01,63,202792,卖盘
11:21:31,32.2,0.02,120,386361,买盘
11:21:35,32.2,0.0,42,135238,买盘
11:21:37,32.2,0.0,384,1235028,买盘
11:21:41,32.13,-0.07,8,25747,中性盘
11:21:44,32.18,0.05,73,234990,买盘
11:21:47,32.13,-0.05,17,54646,卖盘
11:21:49,32.13,0.0,26,83604,卖盘
11:21:52,32.13,0.0,3,9639,卖盘
11:21:57,32.17,0.04,2,6434,卖盘
11:21:59,32.18,0.01,10,32177,买盘
11:22:02,32.16,-0.02,99,318399,卖盘
11:22:05,32.14,-0.02,6,17492,卖盘
11:22:08,32.16,0.02,11,35369,买盘
11:22:11,32.16,0.0,108,347054,买盘
11:22:16,32.16,0.0,298,958313,买盘
11:22:23,32.13,-0.03,1,3213,卖盘
11:22:26,32.14,0.01,1117,3586823,中性盘
11:22:29,32.12,-0.02,46,147816,卖盘
11:22:32,32.12,0.0,42,134900,买盘
11:22:35,32.12,0.0,13,41754,买盘
11:22:40,32.1,-0.02,57,182982,卖盘
11:22:44,32.12,0.02,9,28908,买盘
11:22:47,32.13,0.01,541,1737313,买盘
11:22:50,32.13,0.0,10,32131,卖盘
11:22:52,32.14,0.01,3,9640,买盘
11:22:56,32.13,-0.01,1,3213,卖盘
11:22:59,32.12,-0.01,81,260252,卖盘
11:23:02,32.13,0.01,23,73897,买盘
11:23:05,32.13,0.0,10,32136,卖盘
11:23:07,32.14,0.01,5,16066,买盘
11:23:10,32.14,0.0,2,6427,买盘
11:23:17,32.15,0.01,145,466174,买盘
11:23:20,32.15,0.0,85,273275,卖盘
11:23:23,32.15,0.0,5,16075,卖盘
11:23:26,32.16,0.01,56,180047,买盘
11:23:29,32.16,0.0,15,48240,卖盘
11:23:32,32.16,0.0,16,51456,卖盘
11:23:38,32.15,-0.01,2,6430,卖盘
11:23:41,32.16,0.01,13,43666,买盘
11:23:43,32.15,-0.01,1,3215,卖盘
11:23:47,32.15,0.0,15,48225,卖盘
11:23:50,32.15,0.0,25,78510,卖盘
11:23:53,32.13,-0.02,152,488419,卖盘
11:23:56,32.16,0.03,74,237819,买盘
11:23:59,32.13,-0.03,12,38556,卖盘
11:24:02,32.15,0.02,25,80370,买盘
11:24:08,32.16,0.01,19,61104,买盘
11:24:10,32.15,-0.01,2,6430,卖盘
11:24:14,32.16,0.01,191,613593,买盘
11:24:16,32.16,0.0,77,249498,买盘
11:24:19,32.13,-0.03,81,258593,卖盘
11:24:23,32.13,0.0,42,134946,买盘
11:24:26,32.13,0.0,5,16064,买盘
11:24:29,32.11,-0.02,95,306299,卖盘
11:24:32,32.12,0.01,28,89963,中性盘
11:24:35,32.11,-0.01,112,359842,卖盘
11:24:38,32.13,0.02,43,138148,买盘
11:24:40,32.11,-0.02,8,25699,卖盘
11:24:43,32.12,0.01,14,44973,买盘
11:24:47,32.11,-0.01,47,150986,卖盘
11:24:49,32.13,0.02,8,25702,买盘
11:24:53,32.11,-0.02,5,16057,卖盘
11:24:56,32.11,0.0,16,51376,卖盘
11:24:58,32.11,0.0,1,3211,卖盘
11:25:02,32.12,0.01,2,6424,买盘
11:25:05,32.12,0.0,240,770717,卖盘
11:25:07,32.1,-0.02,225,722481,卖盘
11:25:11,32.11,0.01,4,12844,卖盘
11:25:13,32.11,0.0,101,324287,卖盘
11:25:17,32.12,0.01,112,359744,买盘
11:25:20,32.12,0.0,305,979190,卖盘
11:25:22,32.11,-0.01,5,16055,卖盘
11:25:26,32.11,0.0,11,35329,卖盘
11:25:32,32.11,0.0,26,83584,买盘
11:25:35,32.12,0.01,60,192989,买盘
11:25:38,32.18,0.06,30,96534,买盘
11:25:41,32.18,0.0,52,167294,买盘
11:25:44,32.17,-0.01,5,16070,中性盘
11:25:47,32.18,0.01,96,308926,买盘
11:25:50,32.18,0.0,61,196301,卖盘
11:25:53,32.12,-0.06,12,38544,卖盘
11:25:56,32.12,0.0,19,61043,卖盘
11:25:59,32.17,0.05,7,22509,买盘
11:26:02,32.18,0.01,105,337717,买盘
11:26:05,32.18,0.0,3,9653,卖盘
11:26:08,32.11,-0.07,2,6422,卖盘
11:26:13,32.11,0.0,66,211927,卖盘
11:26:17,32.11,0.0,133,427063,买盘
11:26:20,32.1,-0.01,44,141250,卖盘
11:26:23,32.11,0.01,13,41742,买盘
11:26:26,32.1,-0.01,1,3210,卖盘
11:26:29,32.1,0.0,201,645213,卖盘
11:26:32,32.1,0.0,10,32106,卖盘
11:26:35,32.11,0.01,25,80275,买盘
11:26:37,32.12,0.01,199,638215,买盘
11:26:41,32.12,0.0,22,70664,卖盘
11:26:44,32.12,0.0,65,208783,卖盘
11:26:47,32.15,0.03,9,28927,买盘
11:26:50,32.12,-0.03,22,70670,卖盘
11:26:52,32.14,0.02,6,19284,中性盘
11:26:56,32.14,0.0,5,16070,中性盘
11:26:58,32.15,0.01,18,57867,买盘
11:27:01,32.15,0.0,217,697021,买盘
11:27:04,32.15,0.0,71,228265,卖盘
11:27:08,32.14,-0.01,23,73924,买盘
11:27:12,32.11,-0.03,1,3211,卖盘
11:27:14,32.1,-0.01,94,301789,卖盘
11:27:17,32.13,0.03,311,998937,买盘
11:27:20,32.12,-0.01,25,80276,中性盘
11:27:24,32.12,0.0,19,61042,卖盘
11:27:25,32.12,0.0,1,3212,卖盘
11:27:29,32.1,-0.02,37,118786,卖盘
11:27:31,32.1,0.0,8,25685,卖盘
11:27:35,32.12,0.02,12,38540,买盘
11:27:38,32.1,-0.02,18,57810,卖盘
11:27:42,32.13,0.03,10,32123,买盘
11:27:43,32.1,-0.03,5,16050,卖盘
11:27:47,32.1,0.0,13,41730,卖盘
11:27:50,32.12,0.02,44,141282,买盘
11:27:53,32.1,-0.02,30,96336,卖盘
11:27:57,32.12,0.02,10,32114,买盘
11:27:59,32.13,0.01,9,28905,买盘
11:28:02,32.13,0.0,79,253825,买盘
11:28:05,32.1,-0.03,9,28904,卖盘
11:28:12,32.1,0.0,50,160500,卖盘
11:28:14,32.12,0.02,63,202248,买盘
11:28:17,32.12,0.0,83,266596,买盘
11:28:20,32.12,0.0,56,179794,买盘
11:28:23,32.12,0.0,3,9635,买盘
11:28:27,32.12,0.0,52,167018,买盘
11:28:29,32.1,-0.02,205,658050,卖盘
11:28:32,32.1,0.0,176,565057,卖盘
11:28:35,32.1,0.0,145,466940,卖盘
11:28:38,32.1,0.0,36,115560,买盘
11:28:41,32.09,-0.01,1,3209,卖盘
11:28:44,32.1,0.01,84,269623,买盘
11:28:47,32.1,0.0,42,133504,买盘
11:28:50,32.1,0.0,102,327420,卖盘
11:28:53,32.1,0.0,53,170600,卖盘
11:28:55,32.16,0.06,107,344085,买盘
11:28:59,32.12,-0.04,1,3212,卖盘
11:29:02,32.1,-0.02,207,664986,卖盘
11:29:05,32.1,0.0,148,475080,卖盘
11:29:08,32.12,0.02,35,112440,买盘
11:29:11,32.1,-0.02,27,86686,卖盘
11:29:13,32.1,0.0,9,28890,卖盘
11:29:17,32.12,0.02,1,3212,买盘
11:29:20,32.12,0.0,18,57816,卖盘
11:29:23,32.12,0.0,70,224848,卖盘
11:29:26,32.12,0.0,14,44978,卖盘
11:29:28,32.12,0.0,3,9636,卖盘
11:29:32,32.12,0.0,5,16060,卖盘
11:29:35,32.12,0.0,1,3212,卖盘
11:29:38,32.12,0.0,7,22484,卖盘
11:29:42,32.12,0.0,42,134946,卖盘
11:29:44,32.12,0.0,20,64252,卖盘
11:29:47,32.14,0.02,47,151056,买盘
11:29:49,32.12,-0.02,15,48186,卖盘
11:29:53,32.12,0.0,168,539929,卖盘
11:29:57,32.13,0.01,20,64244,中性盘
11:29:59,32.14,0.01,4,12868,中性盘
13:00:00,32.12,-0.02,621,1993609,卖盘
13:00:04,32.1,-0.02,534,1713901,卖盘
13:00:07,32.08,-0.02,245,786195,卖盘
13:00:09,32.07,-0.01,65,208459,卖盘
13:00:12,32.07,0.0,62,198850,卖盘
13:00:16,32.08,0.01,138,442665,买盘
13:00:18,32.08,0.0,80,256640,卖盘
13:00:22,32.09,0.01,70,224565,买盘
13:00:24,32.07,-0.02,71,227698,卖盘
13:00:27,32.08,0.01,40,128295,买盘
13:00:30,32.07,-0.01,1,3207,买盘
13:00:33,32.07,0.0,52,166764,买盘
13:00:37,32.06,-0.01,2,6412,卖盘
13:00:40,32.06,0.0,100,320643,卖盘
13:00:42,32.06,0.0,17,54503,卖盘
13:00:45,32.05,-0.01,110,352685,卖盘
13:00:48,32.06,0.01,64,205158,买盘
13:00:51,32.06,0.0,164,525626,买盘
13:00:54,32.05,-0.01,122,391015,卖盘
13:00:57,32.05,0.0,10,32050,卖盘
13:01:04,32.03,-0.02,319,1022168,卖盘
13:01:06,32.03,0.0,102,326720,卖盘
13:01:09,32.04,0.01,45,144168,买盘
13:01:12,32.03,-0.01,2,6406,卖盘
13:01:16,32.04,0.01,71,227484,买盘
13:01:18,32.04,0.0,4,12816,卖盘
13:01:20,32.04,0.0,24,76896,卖盘
13:01:24,32.04,0.0,60,192274,卖盘
13:01:28,32.04,0.0,50,160229,卖盘
13:01:30,32.05,0.01,27,86509,买盘
13:01:33,32.04,-0.01,44,140986,卖盘
13:01:37,32.03,-0.01,229,733497,卖盘
13:01:40,32.03,0.0,54,172972,买盘
13:01:42,32.03,0.0,44,140937,卖盘
13:01:45,32.02,-0.01,51,163342,卖盘
13:01:48,32.02,0.0,2,6404,卖盘
13:01:51,32.03,0.01,10,32021,买盘
13:01:54,32.02,-0.01,58,185736,卖盘
13:01:57,32.03,0.01,113,361879,买盘
13:02:00,32.02,-0.01,17,54447,卖盘
13:02:04,32.03,0.01,88,281854,买盘
13:02:07,32.02,-0.01,85,272190,卖盘
13:02:09,32.02,0.0,686,2196538,卖盘
13:02:12,32.01,-0.01,98,313712,卖盘
13:02:16,32.02,0.01,137,438622,买盘
13:02:18,32.01,-0.01,191,611541,卖盘
13:02:22,32.01,0.0,171,547408,卖盘
13:02:24,32.01,0.0,3,9604,卖盘
13:02:28,32.01,0.0,23,73625,卖盘
13:02:30,32.02,0.01,53,169699,买盘
13:02:33,32.01,-0.01,45,144050,卖盘
13:02:37,32.01,0.0,1618,5177883,卖盘
13:02:39,32.0,-0.01,75,240007,卖盘
13:02:42,32.0,0.0,111,355205,卖盘
13:02:45,32.0,0.0,148,473604,卖盘
13:02:48,32.0,0.0,148,473633,卖盘
13:02:51,32.0,0.0,88,281611,卖盘
13:02:54,32.0,0.0,45,144000,卖盘
13:02:57,32.0,0.0,27,86400,卖盘
13:03:00,32.0,0.0,13,41604,卖盘
13:03:04,32.0,0.0,431,1379280,卖盘
13:03:07,32.0,0.0,68,217609,卖盘
13:03:09,32.01,0.01,204,652832,买盘
13:03:12,32.0,-0.01,53,169603,卖盘
13:03:15,32.01,0.01,300,960220,买盘
13:03:18,32.01,0.0,147,470547,卖盘
13:03:21,32.01,0.0,39,124845,卖盘
13:03:24,32.02,0.01,99,316963,买盘
13:03:28,32.02,0.0,21,67230,买盘
13:03:30,32.02,0.0,65,208125,买盘
13:03:33,32.02,0.0,1153,3690769,买盘
13:03:37,32.01,-0.01,151,483513,卖盘
13:03:40,32.02,0.01,1291,4131905,买盘
13:03:42,32.0,-0.02,1270,4064784,卖盘
13:03:45,32.0,0.0,317,1014784,卖盘
13:03:48,32.01,0.01,212,678697,买盘
13:03:51,32.01,0.0,98,313792,卖盘
13:03:54,32.03,0.02,33,105724,中性盘
13:03:57,32.02,-0.01,159,508969,中性盘
13:04:00,32.01,-0.01,52,166463,卖盘
13:04:04,32.02,0.01,26,83249,买盘
13:04:07,32.02,0.0,6,19215,卖盘
13:04:09,32.02,0.0,37,118487,卖盘
13:04:12,32.03,0.01,22,70465,买盘
13:04:15,32.03,0.0,58,185742,买盘
13:04:18,32.05,0.02,162,519049,买盘
13:04:21,32.05,0.0,116,371772,买盘
13:04:24,32.06,0.01,83,266085,买盘
13:04:28,32.06,0.0,13,41678,卖盘
13:04:30,32.07,0.01,8,25655,买盘
13:04:33,32.04,-0.03,300,961593,卖盘
13:04:37,32.05,0.01,42,134599,中性盘
13:04:40,32.04,-0.01,58,185832,卖盘
13:04:42,32.04,0.0,87,278786,卖盘
13:04:45,32.05,0.01,43,137814,买盘
13:04:48,32.05,0.0,14,44870,卖盘
13:04:52,32.05,0.0,2,6410,卖盘
13:04:54,32.06,0.01,111,355864,买盘
13:04:57,32.06,0.0,33,105798,卖盘
13:05:00,32.05,-0.01,87,278896,卖盘
13:05:04,32.06,0.01,96,307780,买盘
13:05:06,32.08,0.02,55,176378,买盘
13:05:09,32.07,-0.01,113,362424,卖盘
13:05:12,32.08,0.01,7,22456,卖盘
13:05:15,32.08,0.0,122,391376,卖盘
13:05:18,32.08,0.0,143,458744,买盘
13:05:21,32.08,0.0,1027,3296349,卖盘
13:05:24,32.08,0.0,68,218184,卖盘
13:05:28,32.08,0.0,209,670597,卖盘
13:05:30,32.08,0.0,18,57744,卖盘
13:05:33,32.08,0.0,68,218144,卖盘
13:05:36,32.08,0.0,60,192480,卖盘
13:05:40,32.07,-0.01,22,70557,卖盘
13:05:42,32.09,0.02,129,413896,买盘
13:05:45,32.09,0.0,19,60971,卖盘
13:05:48,32.1,0.01,101,324203,买盘
13:05:51,32.1,0.0,19,60973,买盘
13:05:54,32.1,0.0,393,1261559,买盘
13:05:57,32.1,0.0,31,98162,卖盘
13:06:00,32.1,0.0,7,22470,卖盘
13:06:04,32.1,0.0,87,279346,卖盘
13:06:07,32.1,0.0,131,420510,卖盘
13:06:10,32.1,0.0,54,173408,卖盘
13:06:12,32.13,0.03,142,456149,买盘
13:06:15,32.11,-0.02,11,35321,卖盘
13:06:18,32.14,0.03,125,401631,买盘
13:06:21,32.13,-0.01,7,22491,卖盘
13:06:24,32.11,-0.02,260,835346,卖盘
13:06:28,32.11,0.0,38,122018,卖盘
13:06:30,32.11,0.0,30,96379,卖盘
13:06:37,32.12,0.01,2,6424,买盘
13:06:39,32.11,-0.01,137,439847,卖盘
13:06:43,32.11,0.0,25,80257,买盘
13:06:48,32.11,0.0,18,57796,买盘
13:06:51,32.1,-0.01,7,22470,卖盘
13:06:53,32.11,0.01,38,122013,买盘
13:06:57,32.1,-0.01,46,147660,卖盘
13:07:00,32.11,0.01,75,240824,买盘
13:07:04,32.12,0.01,78,250536,买盘
13:07:07,32.11,-0.01,25,80280,卖盘
13:07:09,32.11,0.0,19,61018,卖盘
13:07:12,32.11,0.0,14,44954,卖盘
13:07:15,32.11,0.0,107,343582,卖盘
13:07:18,32.12,0.01,148,475342,买盘
13:07:21,32.12,0.0,5,16060,买盘
13:07:24,32.12,0.0,12,38544,卖盘
13:07:28,32.13,0.01,8,25704,买盘
13:07:30,32.13,0.0,7,22491,买盘
13:07:33,32.12,-0.01,12,38544,卖盘
13:07:36,32.13,0.01,4,12852,买盘
13:07:39,32.13,0.0,20,64255,买盘
13:07:42,32.12,-0.01,2,6424,卖盘
13:07:45,32.13,0.01,7,22491,买盘
13:07:50,32.13,0.0,38,122075,买盘
13:07:54,32.13,0.0,8,25704,买盘
13:07:57,32.13,0.0,45,144559,买盘
13:08:00,32.12,-0.01,3,9636,买盘
13:08:04,32.12,0.0,102,327622,买盘
13:08:06,32.12,0.0,31,99554,买盘
13:08:09,32.12,0.0,4,12848,买盘
13:08:11,32.12,0.0,5,16057,买盘
13:08:15,32.12,0.0,6,19271,买盘
13:08:18,32.11,-0.01,99,317987,卖盘
13:08:21,32.11,0.0,274,880062,卖盘
13:08:24,32.11,0.0,231,741928,卖盘
13:08:28,32.11,0.0,200,642299,卖盘
13:08:30,32.11,0.0,25,80275,卖盘
13:08:33,32.12,0.01,4,12845,买盘
13:08:36,32.11,-0.01,7,22477,卖盘
13:08:39,32.11,0.0,15,48165,买盘
13:08:42,32.11,0.0,40,128431,买盘
13:08:45,32.11,0.0,124,398156,买盘
13:08:48,32.09,-0.02,35,112348,卖盘
13:08:51,32.1,0.01,39,125181,买盘
13:08:54,32.12,0.02,140,449582,买盘
13:08:57,32.1,-0.02,138,443097,卖盘
13:09:00,32.12,0.02,152,488121,买盘
13:09:02,32.11,-0.01,255,819010,卖盘
13:09:06,32.14,0.03,502,1612977,买盘
13:09:09,32.12,-0.02,103,330866,中性盘
13:09:12,32.14,0.02,65,208917,买盘
13:09:14,32.15,0.01,42,135004,买盘
13:09:18,32.15,0.0,65,208973,买盘
13:09:22,32.16,0.01,55,176871,买盘
13:09:24,32.16,0.0,23,73968,买盘
13:09:28,32.16,0.0,55,176912,卖盘
13:09:29,32.17,0.01,44,141524,买盘
13:09:33,32.18,0.01,59,189848,买盘
13:09:36,32.17,-0.01,7,22522,中性盘
13:09:40,32.16,-0.01,25,80409,卖盘
13:09:43,32.18,0.02,32,102964,买盘
13:09:45,32.18,0.0,54,173772,买盘
13:09:47,32.18,0.0,68,218770,买盘
13:09:54,32.18,0.0,46,148002,买盘
13:09:58,32.17,-0.01,11,35386,买盘
13:09:59,32.18,0.01,74,238091,买盘
13:10:04,32.17,-0.01,83,267089,中性盘
13:10:05,32.18,0.01,47,151238,中性盘
13:10:09,32.19,0.01,24,77246,买盘
13:10:13,32.19,0.0,14,45048,买盘
13:10:15,32.18,-0.01,4,12870,买盘
13:10:18,32.18,0.0,41,131938,买盘
13:10:21,32.18,0.0,4,12875,卖盘
13:10:24,32.18,0.0,1,3218,卖盘
13:10:26,32.18,0.0,67,215628,卖盘
13:10:30,32.18,0.0,7,22528,卖盘
13:10:33,32.19,0.01,21,67596,买盘
13:10:37,32.18,-0.01,393,1264980,卖盘
13:10:39,32.18,0.0,117,376410,买盘
13:10:42,32.17,-0.01,14,45029,中性盘
13:10:45,32.18,0.01,47,151229,买盘
13:10:48,32.17,-0.01,1,3217,买盘
13:10:50,32.17,0.0,22,70765,买盘
13:10:54,32.17,0.0,41,131897,买盘
13:10:57,32.17,0.0,43,138358,买盘
13:11:00,32.17,0.0,124,398821,买盘
13:11:03,32.16,-0.01,174,559685,卖盘
13:11:06,32.17,0.01,17,54677,买盘
13:11:09,32.16,-0.01,2,6432,卖盘
13:11:12,32.17,0.01,5,16085,买盘
13:11:15,32.17,0.0,42,135103,买盘
13:11:18,32.17,0.0,79,254140,买盘
13:11:21,32.17,0.0,16,51472,卖盘
13:11:23,32.17,0.0,54,173728,卖盘
13:11:28,32.18,0.01,13,41824,买盘
13:11:30,32.18,0.0,5,16086,买盘
13:11:33,32.18,0.0,56,180197,买盘
13:11:36,32.17,-0.01,32,102925,卖盘
13:11:39,32.16,-0.01,20,64320,卖盘
13:11:42,32.17,0.01,2,6433,买盘
13:11:45,32.16,-0.01,9,28948,卖盘
13:11:48,32.16,0.0,9,28944,卖盘
13:11:50,32.16,0.0,13,41817,卖盘
13:11:53,32.16,0.0,26,83623,卖盘
13:11:57,32.16,0.0,23,73975,卖盘
13:11:59,32.16,0.0,1,3216,卖盘
13:12:02,32.17,0.01,132,424616,买盘
13:12:06,32.16,-0.01,15,48245,卖盘
13:12:08,32.17,0.01,32,102901,买盘
13:12:12,32.16,-0.01,16,51454,买盘
13:12:15,32.15,-0.01,1,3215,卖盘
13:12:17,32.15,0.0,89,286205,卖盘
13:12:20,32.15,0.0,12,38580,买盘
13:12:27,32.15,0.0,13,41795,买盘
13:12:32,32.14,-0.01,35,112490,卖盘
13:12:36,32.15,0.01,15,48223,买盘
13:12:39,32.14,-0.01,35,112490,卖盘
13:12:45,32.13,-0.01,24,77103,买盘
13:12:48,32.12,-0.01,52,167024,卖盘
13:12:51,32.12,0.0,8,25703,卖盘
13:12:54,32.13,0.01,98,314875,买盘
13:12:57,32.13,0.0,24,77126,卖盘
13:12:59,32.14,0.01,64,205564,买盘
13:13:03,32.14,0.0,49,157473,买盘
13:13:06,32.14,0.0,9,28927,卖盘
13:13:08,32.14,0.0,34,109276,卖盘
13:13:12,32.15,0.01,50,160716,买盘
13:13:15,32.13,-0.02,21,67486,卖盘
13:13:18,32.15,0.02,82,263627,买盘
13:13:21,32.14,-0.01,71,228189,买盘
13:13:24,32.14,0.0,12,38566,买盘
13:13:27,32.13,-0.01,31,99632,卖盘
13:13:30,32.11,-0.02,26,83494,卖盘
13:13:33,32.14,0.03,21,67484,买盘
13:13:36,32.13,-0.01,18,57824,卖盘
13:13:38,32.12,-0.01,39,125281,卖盘
13:13:42,32.13,0.01,30,96390,买盘
13:13:45,32.13,0.0,4,12850,买盘
13:13:48,32.12,-0.01,25,80305,卖盘
13:13:51,32.14,0.02,44,141363,买盘
13:13:54,32.13,-0.01,15,48181,中性盘
13:13:57,32.12,-0.01,333,1069715,卖盘
13:14:00,32.14,0.02,216,693687,买盘
13:14:03,32.12,-0.02,242,777915,中性盘
13:14:06,32.11,-0.01,173,555663,卖盘
13:14:09,32.11,0.0,34,109203,卖盘
13:14:12,32.12,0.01,3,9634,中性盘
13:14:15,32.11,-0.01,20,64225,卖盘
13:14:18,32.08,-0.03,273,876580,卖盘
13:14:21,32.08,0.0,82,263095,卖盘
13:14:24,32.09,0.01,4,12836,买盘
13:14:27,32.08,-0.01,7,22461,卖盘
13:14:30,32.09,0.01,5,16042,买盘
13:14:33,32.08,-0.01,103,330427,卖盘
13:14:36,32.08,0.0,37,118700,卖盘
13:14:39,32.07,-0.01,128,410532,卖盘
13:14:42,32.07,0.0,108,347704,卖盘
13:14:45,32.07,0.0,29,92978,买盘
13:14:48,32.07,0.0,27,86589,买盘
13:14:51,32.07,0.0,2,6414,买盘
13:14:54,32.07,0.0,8,25652,买盘
13:14:56,32.06,-0.01,17,54516,卖盘
13:15:00,32.06,0.0,14,44893,卖盘
13:15:02,32.06,0.0,212,679749,卖盘
13:15:05,32.06,0.0,54,173130,卖盘
13:15:09,32.07,0.01,79,253344,买盘
13:15:12,32.06,-0.01,38,121857,卖盘
13:15:15,32.07,0.01,18,57716,买盘
13:15:18,32.07,0.0,150,479703,买盘
13:15:21,32.07,0.0,118,378396,卖盘
13:15:23,32.07,0.0,10,32070,卖盘
13:15:27,32.07,0.0,7,22449,买盘
13:15:30,32.07,0.0,4,12828,买盘
13:15:33,32.06,-0.01,44,141129,卖盘
13:15:35,32.08,0.02,8,25662,买盘
13:15:39,32.07,-0.01,10,32075,卖盘
13:15:42,32.07,0.0,13,41691,卖盘
13:15:44,32.08,0.01,16,51328,买盘
13:15:48,32.08,0.0,1,3208,买盘
13:15:51,32.08,0.0,7,22454,买盘
13:15:54,32.08,0.0,18,57738,买盘
13:15:57,32.08,0.0,23,73784,买盘
13:16:00,32.08,0.0,2,6415,买盘
13:16:03,32.08,0.0,140,449109,买盘
13:16:06,32.08,0.0,37,118688,买盘
13:16:09,32.09,0.01,314,1006869,买盘
13:16:12,32.06,-0.03,53,170003,卖盘
13:16:15,32.08,0.02,1,3208,中性盘
13:16:17,32.08,0.0,128,410642,买盘
13:16:21,32.08,0.0,1,3208,卖盘
13:16:24,32.09,0.01,8,25670,买盘
13:16:27,32.09,0.0,18,57761,买盘
13:16:30,32.08,-0.01,1,3208,卖盘
13:16:33,32.08,0.0,42,134741,卖盘
13:16:36,32.09,0.01,22,70578,买盘
13:16:39,32.09,0.0,1,3209,买盘
13:16:42,32.09,0.0,41,131564,买盘
13:16:45,32.09,0.0,59,189329,买盘
13:16:48,32.08,-0.01,26,83409,卖盘
13:16:54,32.09,0.01,14,44923,买盘
13:17:00,32.09,0.0,105,336782,买盘
13:17:03,32.08,-0.01,89,285589,卖盘
13:17:06,32.08,0.0,34,109072,买盘
13:17:09,32.08,0.0,3,9623,买盘
13:17:12,32.09,0.01,132,423377,买盘
13:17:14,32.08,-0.01,203,650878,卖盘
13:17:18,32.07,-0.01,73,234119,中性盘
13:17:21,32.08,0.01,17,54532,买盘
13:17:24,32.08,0.0,29,93004,买盘
13:17:27,32.07,-0.01,12,38485,卖盘
13:17:30,32.06,-0.01,59,189209,卖盘
13:17:33,32.07,0.01,38,121856,卖盘
13:17:36,32.07,0.0,73,234111,买盘
13:17:39,32.07,0.0,45,144305,买盘
13:17:42,32.07,0.0,17,54504,买盘
13:17:48,32.07,0.0,53,169929,买盘
13:17:50,32.05,-0.02,295,947107,卖盘
13:17:54,32.05,0.0,108,346215,卖盘
13:17:57,32.05,0.0,113,362176,卖盘
13:17:59,32.05,0.0,68,217945,卖盘
13:18:02,32.06,0.01,108,346207,买盘
13:18:06,32.05,-0.01,14,44860,买盘
13:18:09,32.05,0.0,4,12820,买盘
13:18:12,32.05,0.0,72,230738,买盘
13:18:15,32.04,-0.01,21,67291,卖盘
13:18:18,32.05,0.01,66,211475,买盘
13:18:21,32.05,0.0,26,83326,买盘
13:18:23,32.04,-0.01,153,490227,卖盘
13:18:27,32.03,-0.01,16,51248,卖盘
13:18:29,32.04,0.01,24,76895,买盘
13:18:33,32.04,0.0,5,16020,买盘
13:18:36,32.04,0.0,17,54453,买盘
13:18:39,32.03,-0.01,6,19220,卖盘
13:18:42,32.04,0.01,57,182614,买盘
13:18:48,32.03,-0.01,2,6406,卖盘
13:18:50,32.03,0.0,298,954496,卖盘
13:18:54,32.03,0.0,5,16015,买盘
13:18:57,32.03,0.0,113,361848,买盘
13:19:00,32.03,0.0,30,96061,买盘
13:19:03,32.02,-0.01,139,445163,卖盘
13:19:06,32.02,0.0,5,16012,卖盘
13:19:09,32.01,-0.01,398,1273988,卖盘
13:19:12,32.0,-0.01,89,284887,卖盘
13:19:15,32.01,0.01,100,320042,买盘
13:19:18,32.02,0.01,107,342578,买盘
13:19:21,32.02,0.0,43,137695,卖盘
13:19:23,32.02,0.0,43,137686,卖盘
13:19:27,32.02,0.0,7,22414,卖盘
13:19:30,32.02,0.0,10,32020,卖盘
13:19:33,32.02,0.0,5,16010,买盘
13:19:36,32.02,0.0,8,25616,买盘
13:19:39,32.01,-0.01,7,22411,卖盘
13:19:42,32.01,0.0,265,848275,卖盘
13:19:45,32.01,0.0,105,336106,卖盘
13:19:48,32.02,0.01,41,131255,买盘
13:19:50,32.02,0.0,13,41615,买盘
13:19:53,32.02,0.0,118,377719,买盘
13:19:57,32.02,0.0,22,70424,买盘
13:20:00,32.01,-0.01,34,108834,卖盘
13:20:03,32.02,0.01,106,339412,买盘
13:20:05,32.02,0.0,105,336122,买盘
13:20:09,32.0,-0.02,88,281671,卖盘
13:20:12,32.01,0.01,801,2563290,买盘
13:20:14,32.0,-0.01,791,2531226,卖盘
13:20:17,32.01,0.01,390,1246940,买盘
13:20:21,32.01,0.0,96,307297,卖盘
13:20:24,32.02,0.01,87,279858,买盘
13:20:27,32.03,0.01,266,851526,买盘
13:20:30,32.02,-0.01,342,1095327,买盘
13:20:33,32.03,0.01,1420,4546589,买盘
13:20:36,32.05,0.02,122,391038,买盘
13:20:39,32.06,0.01,182,583496,买盘
13:20:42,32.04,-0.02,67,214792,卖盘
13:20:45,32.05,0.01,1,3205,中性盘
13:20:48,32.03,-0.02,172,551113,卖盘
13:20:51,32.05,0.02,33,105800,中性盘
13:20:54,32.07,0.02,4,12822,买盘
13:20:56,32.07,0.0,9,28847,买盘
13:21:00,32.06,-0.01,5,16033,卖盘
13:21:03,32.07,0.01,86,275796,买盘
13:21:05,32.06,-0.01,6,19241,卖盘
13:21:09,32.07,0.01,56,179591,买盘
13:21:12,32.07,0.0,10,32069,买盘
13:21:15,32.07,0.0,11,35287,卖盘
13:21:17,32.08,0.01,62,198888,买盘
13:21:21,32.08,0.0,29,93042,卖盘
13:21:24,32.08,0.0,9,28878,卖盘
13:21:27,32.08,0.0,81,259950,卖盘
13:21:29,32.1,0.02,33,105922,买盘
13:21:32,32.09,-0.01,15,48138,卖盘
13:21:35,32.1,0.01,76,243988,买盘
13:21:39,32.1,0.0,4,12841,卖盘
13:21:42,32.1,0.0,5,16050,卖盘
13:21:45,32.1,0.0,1,3210,卖盘
13:21:48,32.11,0.01,34,109174,买盘
13:21:50,32.1,-0.01,2,6421,卖盘
13:21:53,32.1,0.0,12,38531,卖盘
13:21:57,32.1,0.0,37,118770,卖盘
13:21:59,32.11,0.01,3,9633,买盘
13:22:03,32.1,-0.01,93,298617,卖盘
13:22:06,32.1,0.0,66,211875,卖盘
13:22:08,32.11,0.01,1,3211,买盘
13:22:12,32.1,-0.01,7,22476,卖盘
13:22:15,32.1,0.0,6,19264,卖盘
13:22:18,32.1,0.0,136,436601,卖盘
13:22:21,32.1,0.0,63,202204,买盘
13:22:24,32.1,0.0,5,16050,买盘
13:22:26,32.09,-0.01,1,3209,卖盘
13:22:29,32.09,0.0,65,208585,卖盘
13:22:32,32.09,0.0,27,86623,买盘
13:22:36,32.09,0.0,1,3209,买盘
13:22:39,32.09,0.0,21,67389,买盘
13:22:41,32.09,0.0,47,150778,买盘
13:22:45,32.08,-0.01,117,375337,卖盘
13:22:48,32.09,0.01,50,160383,买盘
13:22:51,32.09,0.0,4,12836,买盘
13:22:54,32.08,-0.01,2,6415,买盘
13:22:56,32.08,0.0,14,44912,买盘
13:23:00,32.08,0.0,7,22455,买盘
13:23:02,32.08,0.0,71,227768,买盘
13:23:06,32.08,0.0,43,137919,卖盘
13:23:09,32.08,0.0,29,93032,买盘
13:23:12,32.08,0.0,38,121903,买盘
13:23:15,32.08,0.0,2,6416,买盘
13:23:18,32.08,0.0,62,198895,买盘
13:23:20,32.08,0.0,33,105864,卖盘
13:23:24,32.09,0.01,4,12836,买盘
13:23:27,32.08,-0.01,1,3208,卖盘
13:23:29,32.08,0.0,15,48131,卖盘
13:23:32,32.08,0.0,78,250235,卖盘
13:23:35,32.08,0.0,16,51334,卖盘
13:23:39,32.09,0.01,7,22462,买盘
13:23:42,32.08,-0.01,9,28876,卖盘
13:23:44,32.09,0.01,910,2920528,买盘
13:23:48,32.09,0.0,278,892002,买盘
13:23:51,32.09,0.0,92,295218,买盘
13:23:54,32.09,0.0,84,269503,买盘
13:23:57,32.09,0.0,17,54553,卖盘
13:24:00,32.09,0.0,41,131569,卖盘
13:24:03,32.09,0.0,79,253588,卖盘
13:24:06,32.09,0.0,52,166904,卖盘
13:24:08,32.09,0.0,9,28881,卖盘
13:24:12,32.09,0.0,1115,3580735,卖盘
13:24:15,32.09,0.0,22,70598,卖盘
13:24:18,32.09,0.0,91,291985,买盘
13:24:21,32.12,0.03,77,247219,买盘
13:24:24,32.1,-0.02,132,423720,卖盘
13:24:27,32.11,0.01,2,6422,买盘
13:24:29,32.12,0.01,134,430274,买盘
13:24:33,32.12,0.0,81,260159,买盘
13:24:35,32.12,0.0,96,308342,买盘
13:24:38,32.1,-0.02,218,700153,卖盘
13:24:42,32.09,-0.01,162,520107,卖盘
13:24:44,32.12,0.03,167,536099,买盘
13:24:48,32.1,-0.02,10,32101,中性盘
13:24:51,32.1,0.0,24,77058,卖盘
13:24:54,32.11,0.01,37,118795,买盘
13:24:57,32.11,0.0,29,93118,买盘
13:24:59,32.11,0.0,81,260091,卖盘
13:25:03,32.12,0.01,258,828684,买盘
13:25:06,32.11,-0.01,38,122026,卖盘
13:25:09,32.11,0.0,6,19266,买盘
13:25:12,32.12,0.01,290,931256,买盘
13:25:15,32.11,-0.01,2,6422,卖盘
13:25:18,32.11,0.0,33,105967,买盘
13:25:21,32.12,0.01,132,423950,买盘
13:25:24,32.11,-0.01,12,38542,卖盘
13:25:27,32.12,0.01,45,144532,买盘
13:25:30,32.11,-0.01,76,244082,卖盘
13:25:33,32.12,0.01,165,529980,买盘
13:25:36,32.12,0.0,8,25696,卖盘
13:25:39,32.12,0.0,11,35332,卖盘
13:25:42,32.13,0.01,35,112428,买盘
13:25:45,32.13,0.0,12,38549,买盘
13:25:48,32.13,0.0,18,57823,买盘
13:25:50,32.12,-0.01,30,96360,卖盘
13:25:54,32.13,0.01,9,28916,买盘
13:25:57,32.13,0.0,28,89953,买盘
13:25:59,32.12,-0.01,19,61032,卖盘
13:26:03,32.13,0.01,95,305221,买盘
13:26:06,32.12,-0.01,21,67462,卖盘
13:26:09,32.13,0.01,61,195989,买盘
13:26:12,32.13,0.0,9,28917,卖盘
13:26:15,32.13,0.0,2,6426,卖盘
13:26:18,32.14,0.01,31,99634,买盘
13:26:21,32.14,0.0,115,369577,卖盘
13:26:24,32.13,-0.01,6,19282,卖盘
13:26:27,32.13,0.0,225,722929,卖盘
13:26:30,32.12,-0.01,260,835146,卖盘
13:26:33,32.11,-0.01,72,231181,卖盘
13:26:35,32.1,-0.01,301,966242,卖盘
13:26:39,32.08,-0.02,122,391384,卖盘
13:26:42,32.08,0.0,238,763754,卖盘
13:26:44,32.11,0.03,68,218205,买盘
13:26:48,32.1,-0.01,31,99452,买盘
13:26:51,32.1,0.0,43,138030,卖盘
13:26:53,32.11,0.01,6,19265,买盘
13:26:57,32.11,0.0,3,9631,买盘
13:27:00,32.1,-0.01,63,202261,卖盘
13:27:03,32.11,0.01,127,407797,买盘
13:27:06,32.11,0.0,39,125229,卖盘
13:27:09,32.11,0.0,55,176605,卖盘
13:27:11,32.11,0.0,25,80280,卖盘
13:27:14,32.11,0.0,15,48165,卖盘
13:27:17,32.12,0.01,161,517132,买盘
13:27:21,32.12,0.0,20,64241,卖盘
13:27:24,32.11,-0.01,75,240874,卖盘
13:27:27,32.12,0.01,8,25694,买盘
13:27:30,32.1,-0.02,72,231177,卖盘
13:27:33,32.12,0.02,34,109183,买盘
13:27:36,32.11,-0.01,5,16055,卖盘
13:27:39,32.12,0.01,112,359619,买盘
13:27:41,32.1,-0.02,35,112350,卖盘
13:27:45,32.1,0.0,15,48155,卖盘
13:27:48,32.11,0.01,3,9633,买盘
13:27:51,32.1,-0.01,63,202234,卖盘
13:27:54,32.1,0.0,1,3210,卖盘
13:27:57,32.11,0.01,54,173394,买盘
13:28:02,32.12,0.01,105,337232,买盘
13:28:06,32.12,0.0,11,35328,卖盘
13:28:12,32.11,-0.01,34,109175,卖盘
13:28:18,32.12,0.01,86,276193,买盘
13:28:21,32.12,0.0,63,202356,卖盘
13:28:24,32.12,0.0,157,504416,买盘
13:28:27,32.13,0.01,448,1440087,买盘
13:28:30,32.12,-0.01,82,263429,卖盘
13:28:33,32.11,-0.01,126,404860,卖盘
13:28:36,32.11,0.0,44,141329,买盘
13:28:39,32.12,0.01,12,38536,买盘
13:28:42,32.1,-0.02,30,96306,卖盘
13:28:45,32.11,0.01,10,32114,卖盘
13:28:47,32.11,0.0,65,208715,卖盘
13:28:51,32.1,-0.01,49,157326,卖盘
13:28:54,32.11,0.01,11,35323,中性盘
13:28:57,32.11,0.0,72,231257,卖盘
13:28:59,32.11,0.0,3,9637,卖盘
13:29:03,32.15,0.04,105,337491,买盘
13:29:05,32.14,-0.01,25,80346,买盘
13:29:08,32.14,0.0,105,337308,买盘
13:29:12,32.11,-0.03,79,253613,买盘
13:29:15,32.12,0.01,11,35322,买盘
13:29:18,32.12,0.0,2,6424,卖盘
13:29:21,32.15,0.03,62,199208,买盘
13:29:23,32.13,-0.02,5,16065,卖盘
13:29:27,32.13,0.0,7,22491,卖盘
13:29:30,32.15,0.02,304,977358,买盘
13:29:33,32.13,-0.02,80,257122,卖盘
13:29:36,32.13,0.0,9,28920,卖盘
13:29:39,32.14,0.01,6,19283,买盘
13:29:41,32.14,0.0,40,128567,买盘
13:29:45,32.14,0.0,17,54638,卖盘
13:29:48,32.14,0.0,53,170342,卖盘
13:29:51,32.14,0.0,35,112493,卖盘
13:29:53,32.14,0.0,133,427405,卖盘
13:29:57,32.13,-0.01,42,134976,卖盘
13:29:59,32.13,0.0,7,22491,卖盘
13:30:03,32.13,0.0,213,684663,卖盘
13:30:06,32.14,0.01,58,186388,买盘
13:30:09,32.13,-0.01,57,183142,卖盘
13:30:12,32.14,0.01,2,6428,买盘
13:30:15,32.12,-0.02,28,89963,卖盘
13:30:18,32.13,0.01,3,9638,买盘
13:30:21,32.14,0.01,146,469105,买盘
13:30:24,32.13,-0.01,2,6426,卖盘
13:30:26,32.13,0.0,7,22491,卖盘
13:30:30,32.13,0.0,2,6426,卖盘
13:30:33,32.13,0.0,2,6426,卖盘
13:30:36,32.14,0.01,60,192839,买盘
13:30:39,32.14,0.0,140,449886,买盘
13:30:41,32.14,0.0,4,12855,买盘
13:30:45,32.13,-0.01,8,25704,卖盘
13:30:48,32.15,0.02,54,173557,买盘
13:30:50,32.13,-0.02,21,67490,卖盘
13:30:57,32.13,0.0,6,19282,卖盘
13:31:00,32.13,0.0,13,41776,卖盘
13:31:03,32.13,0.0,124,398499,卖盘
13:31:05,32.13,0.0,12,38560,卖盘
13:31:09,32.14,0.01,9,28925,买盘
13:31:12,32.14,0.0,1,3214,买盘
13:31:15,32.13,-0.01,4,12852,卖盘
13:31:17,32.14,0.01,13,41773,买盘
13:31:21,32.13,-0.01,88,282826,卖盘
13:31:24,32.13,0.0,1111,3569649,卖盘
13:31:27,32.13,0.0,1,3213,买盘
13:31:29,32.12,-0.01,57,183086,卖盘
13:31:33,32.11,-0.01,82,263368,卖盘
13:31:36,32.1,-0.01,90,288928,卖盘
13:31:39,32.1,0.0,183,587430,卖盘
13:31:42,32.08,-0.02,212,680307,卖盘
13:31:45,32.08,0.0,70,224556,卖盘
13:31:48,32.07,-0.01,80,256560,卖盘
13:31:51,32.07,0.0,38,121857,卖盘
13:31:53,32.07,0.0,15,48091,买盘
13:31:57,32.06,-0.01,45,144283,卖盘
13:31:59,32.06,0.0,1,3206,买盘
13:32:03,32.06,0.0,89,285326,买盘
13:32:06,32.05,-0.01,68,217947,卖盘
13:32:09,32.05,0.0,40,128200,买盘
13:32:12,32.04,-0.01,2,6408,卖盘
13:32:15,32.04,0.0,29,92921,卖盘
13:32:17,32.04,0.0,2,6408,卖盘
13:32:21,32.05,0.01,179,573696,买盘
13:32:24,32.05,0.0,7,22438,卖盘
13:32:27,32.05,0.0,26,83334,卖盘
13:32:29,32.05,0.0,6,19230,卖盘
13:32:33,32.05,0.0,39,125014,卖盘
13:32:36,32.06,0.01,106,339815,买盘
13:32:38,32.06,0.0,178,570668,卖盘
13:32:42,32.06,0.0,10,32060,卖盘
13:32:45,32.06,0.0,26,83356,卖盘
13:32:48,32.07,0.01,54,173163,买盘
13:32:51,32.06,-0.01,16,51300,卖盘
13:32:53,32.07,0.01,4,12825,买盘
13:32:57,32.06,-0.01,13,41689,卖盘
13:33:00,32.07,0.01,13,41686,买盘
13:33:03,32.07,0.0,38,121858,买盘
13:33:05,32.07,0.0,2,6414,卖盘
13:33:09,32.08,0.01,55,176407,买盘
13:33:12,32.1,0.02,199,638611,买盘
13:33:15,32.13,0.03,90,288946,买盘
13:33:18,32.1,-0.03,35,112313,买盘
13:33:21,32.1,0.0,9,28890,买盘
13:33:24,32.1,0.0,3,9630,卖盘
13:33:27,32.1,0.0,1,3210,卖盘
13:33:30,32.11,0.01,1,3211,买盘
13:33:33,32.11,0.0,5,16054,买盘
13:33:36,32.11,0.0,28,89892,买盘
13:33:39,32.11,0.0,98,314678,买盘
13:33:43,32.11,0.0,3,9633,卖盘
13:33:45,32.12,0.01,51,163812,买盘
13:33:47,32.11,-0.01,27,86705,卖盘
13:33:51,32.13,0.02,20,64239,买盘
13:33:54,32.12,-0.01,11,35332,卖盘
13:33:57,32.12,0.0,5,16060,卖盘
13:34:00,32.12,0.0,12,38543,买盘
13:34:03,32.13,0.01,54,173496,买盘
13:34:05,32.12,-0.01,79,253777,卖盘
13:34:09,32.12,0.0,524,1683594,卖盘
13:34:12,32.12,0.0,30,96362,卖盘
13:34:15,32.14,0.02,47,151004,买盘
13:34:17,32.12,-0.02,61,195932,买盘
13:34:21,32.13,0.01,45,144585,买盘
13:34:27,32.13,0.0,12,38559,卖盘
13:34:30,32.14,0.01,7,22498,买盘
13:34:36,32.13,-0.01,3,9639,卖盘
13:34:39,32.14,0.01,1,3214,买盘
13:34:42,32.14,0.0,35,112480,买盘
13:34:45,32.13,-0.01,27,86776,卖盘
13:34:48,32.13,0.0,358,1150254,卖盘
13:34:51,32.12,-0.01,94,301970,卖盘
13:34:54,32.12,0.0,30,96360,卖盘
13:34:57,32.13,0.01,1,3213,买盘
13:34:59,32.13,0.0,5,16062,买盘
13:35:03,32.13,0.0,156,501219,买盘
13:35:06,32.13,0.0,2,6426,卖盘
13:35:08,32.14,0.01,12,38563,买盘
13:35:12,32.14,0.0,7,22496,买盘
13:35:15,32.13,-0.01,2,6426,卖盘
13:35:19,32.13,0.0,9,28917,卖盘
13:35:21,32.15,0.02,547,1758423,买盘
13:35:24,32.15,0.0,79,253985,卖盘
13:35:27,32.16,0.01,134,430939,买盘
13:35:30,32.15,-0.01,111,356969,卖盘
13:35:33,32.15,0.0,533,1713954,卖盘
13:35:36,32.14,-0.01,4,12859,卖盘
13:35:39,32.17,0.03,361,1160685,买盘
13:35:42,32.17,0.0,10,32143,买盘
13:35:45,32.15,-0.02,36,115740,卖盘
13:35:47,32.15,0.0,5,16075,卖盘
13:35:51,32.16,0.01,13,41800,买盘
13:35:54,32.16,0.0,55,176877,买盘
13:35:57,32.15,-0.01,624,2006801,卖盘
13:36:02,32.14,-0.01,146,469326,卖盘
13:36:06,32.15,0.01,40,128571,买盘
13:36:09,32.13,-0.02,273,877149,卖盘
13:36:11,32.14,0.01,73,234591,买盘
13:36:15,32.15,0.01,42,135025,买盘
13:36:18,32.15,0.0,97,311855,卖盘
13:36:21,32.16,0.01,116,373045,买盘
13:36:24,32.15,-0.01,269,865100,卖盘
13:36:27,32.14,-0.01,72,231476,卖盘
13:36:30,32.13,-0.01,145,465930,卖盘
13:36:33,32.13,0.0,217,697225,卖盘
13:36:36,32.13,0.0,148,475441,卖盘
13:36:38,32.13,0.0,83,266599,卖盘
13:36:42,32.11,-0.02,91,292246,卖盘
13:36:45,32.11,0.0,460,1477755,卖盘
13:36:49,32.12,0.01,53,170169,买盘
13:36:51,32.12,0.0,4,12845,买盘
13:36:55,32.11,-0.01,4,12844,卖盘
13:36:57,32.11,0.0,2,6422,卖盘
13:36:59,32.11,0.0,1,3211,卖盘
13:37:03,32.12,0.01,28,89925,买盘
13:37:06,32.13,0.01,7,22487,买盘
13:37:08,32.12,-0.01,4,12848,卖盘
13:37:12,32.13,0.01,113,363069,买盘
13:37:17,32.12,-0.01,35,112421,卖盘
13:37:21,32.12,0.0,252,809658,卖盘
13:37:24,32.12,0.0,42,134920,卖盘
13:37:26,32.12,0.0,46,147753,卖盘
13:37:30,32.12,0.0,2,6424,买盘
13:37:33,32.12,0.0,29,93130,买盘
13:37:36,32.13,0.01,170,546183,买盘
13:37:39,32.14,0.01,11,35346,买盘
13:37:43,32.11,-0.03,154,494747,卖盘
13:37:45,32.12,0.01,4,12845,中性盘
