time,price,change,volume,amount,type
09:25:04,29.75,0.0,3417,10165575,卖盘
09:30:00,29.79,0.04,836,2487250,买盘
09:30:03,29.75,-0.04,1962,5844342,中性盘
09:30:06,29.75,0.0,1208,3594883,卖盘
09:30:09,29.75,0.0,1258,3742590,卖盘
09:30:12,29.73,-0.02,487,1448351,卖盘
09:30:15,29.72,-0.01,816,2426948,卖盘
09:30:18,29.71,-0.01,372,1105128,卖盘
09:30:21,29.68,-0.03,173,513649,卖盘
09:30:24,29.66,-0.02,126,373790,卖盘
09:30:27,29.66,0.0,164,486434,卖盘
09:30:29,29.63,-0.03,896,2656784,卖盘
09:30:32,29.62,-0.01,51,151058,卖盘
09:30:36,29.6,-0.02,95,281280,卖盘
09:30:39,29.61,0.01,165,488436,中性盘
09:30:42,29.61,0.0,716,2119700,买盘
09:30:45,29.62,0.01,491,1453698,买盘
09:30:48,29.6,-0.02,224,663376,卖盘
09:30:51,29.6,0.0,144,426277,卖盘
09:30:54,29.6,0.0,337,997792,卖盘
09:30:57,29.61,0.01,168,497328,买盘
09:31:00,29.6,-0.01,275,814060,卖盘
09:31:03,29.6,0.0,524,1551074,卖盘
09:31:06,29.61,0.01,317,938359,买盘
09:31:08,29.6,-0.01,562,1663560,卖盘
09:31:12,29.57,-0.03,377,1115497,卖盘
09:31:15,29.56,-0.01,228,674450,卖盘
09:31:18,29.56,0.0,390,1152990,卖盘
09:31:20,29.55,-0.01,70,206867,卖盘
09:31:23,29.55,0.0,981,2898969,卖盘
09:31:26,29.53,-0.02,225,664597,卖盘
09:31:30,29.52,-0.01,278,821040,卖盘
09:31:33,29.52,0.0,84,247980,卖盘
09:31:35,29.53,0.01,451,1331309,买盘
09:31:38,29.52,-0.01,309,912110,卖盘
09:31:41,29.51,-0.01,595,1756024,卖盘
09:31:45,29.51,0.0,790,2332615,卖盘
09:31:48,29.52,0.01,345,1018210,中性盘
09:31:51,29.52,0.0,232,684827,卖盘
09:31:54,29.5,-0.02,339,1000155,卖盘
09:31:57,29.53,0.03,813,2399776,买盘
09:32:00,29.52,-0.01,728,2149098,卖盘
09:32:03,29.52,0.0,201,593333,卖盘
09:32:06,29.52,0.0,637,1880502,买盘
09:32:09,29.52,0.0,461,1361032,买盘
09:32:12,29.53,0.01,813,2399444,买盘
09:32:15,29.51,-0.02,622,1837395,卖盘
09:32:18,29.51,0.0,199,587397,卖盘
09:32:21,29.52,0.01,271,800377,卖盘
09:32:24,29.52,0.0,188,555171,卖盘
09:32:26,29.55,0.03,146,431365,买盘
09:32:30,29.53,-0.02,321,948424,卖盘
09:32:33,29.52,-0.01,123,363278,卖盘
09:32:35,29.52,0.0,325,959703,卖盘
09:32:39,29.59,0.07,249,735690,买盘
09:32:42,29.53,-0.06,194,572954,卖盘
09:32:45,29.5,-0.03,2794,8244335,卖盘
09:32:48,29.47,-0.03,711,2096443,卖盘
09:32:51,29.44,-0.03,923,2718526,卖盘
09:32:54,29.42,-0.02,236,694606,卖盘
09:32:57,29.42,0.0,739,2175948,卖盘
09:33:00,29.42,0.0,521,1532652,卖盘
09:33:03,29.38,-0.04,678,1993632,卖盘
09:33:06,29.37,-0.01,334,981625,卖盘
09:33:09,29.36,-0.01,143,420060,卖盘
09:33:11,29.36,0.0,293,860455,卖盘
09:33:15,29.42,0.06,1760,5174792,买盘
09:33:17,29.42,0.0,334,982657,卖盘
09:33:21,29.4,-0.02,121,355971,卖盘
09:33:24,29.4,0.0,143,420618,卖盘
09:33:27,29.41,0.01,83,243978,买盘
09:33:30,29.41,0.0,319,937900,买盘
09:33:33,29.41,0.0,375,1102496,买盘
09:33:35,29.41,0.0,192,564530,买盘
09:33:39,29.39,-0.02,338,993888,卖盘
09:33:42,29.4,0.01,232,682226,中性盘
09:33:45,29.41,0.01,242,711625,买盘
09:33:47,29.41,0.0,208,611754,卖盘
09:33:51,29.42,0.01,316,929605,买盘
09:33:53,29.44,0.02,329,968320,买盘
09:33:57,29.42,-0.02,182,535703,卖盘
09:34:00,29.43,0.01,73,214778,中性盘
09:34:03,29.42,-0.01,207,609183,卖盘
09:34:06,29.44,0.02,308,906651,买盘
09:34:08,29.44,0.0,192,565135,买盘
09:34:12,29.44,0.0,179,526997,买盘
09:34:15,29.44,0.0,112,329696,买盘
09:34:18,29.45,0.01,71,209033,中性盘
09:34:21,29.45,0.0,67,197466,卖盘
09:34:24,29.46,0.01,239,703953,中性盘
09:34:26,29.47,0.01,75,220918,买盘
09:34:30,29.46,-0.01,110,324056,卖盘
09:34:33,29.47,0.01,101,297557,买盘
09:34:36,29.47,0.0,232,683614,买盘
09:34:39,29.46,-0.01,262,772099,卖盘
09:34:42,29.47,0.01,58,170900,买盘
09:34:45,29.5,0.03,1704,5027719,买盘
09:34:48,29.5,0.0,193,569350,卖盘
09:34:51,29.5,0.0,191,563512,卖盘
09:34:54,29.5,0.0,210,619612,卖盘
09:34:57,29.51,0.01,222,653713,买盘
09:35:00,29.47,-0.04,557,1642599,卖盘
09:35:03,29.49,0.02,229,675082,买盘
09:35:06,29.47,-0.02,298,878471,卖盘
09:35:09,29.49,0.02,505,1489090,买盘
09:35:12,29.48,-0.01,224,660304,中性盘
09:35:15,29.48,0.0,121,356776,卖盘
09:35:18,29.5,0.02,87,256538,买盘
09:35:20,29.48,-0.02,254,748842,卖盘
09:35:24,29.48,0.0,249,734253,卖盘
09:35:27,29.49,0.01,367,1081999,买盘
09:35:30,29.49,0.0,107,315560,买盘
09:35:33,29.49,0.0,328,967202,卖盘
09:35:36,29.49,0.0,76,224087,买盘
09:35:38,29.49,0.0,371,1093827,买盘
09:35:42,29.48,-0.01,243,716567,卖盘
09:35:45,29.49,0.01,787,2320203,买盘
09:35:48,29.49,0.0,206,607354,买盘
09:35:51,29.48,-0.01,261,769593,卖盘
09:35:54,29.5,0.02,287,846322,买盘
09:35:57,29.5,0.0,450,1326952,买盘
09:35:59,29.49,-0.01,153,451167,卖盘
09:36:03,29.49,0.0,147,433451,卖盘
09:36:05,29.49,0.0,253,746250,买盘
09:36:09,29.5,0.01,133,392245,中性盘
09:36:11,29.48,-0.02,166,489446,卖盘
09:36:15,29.47,-0.01,2117,6236411,卖盘
09:36:17,29.45,-0.02,331,974804,买盘
09:36:20,29.44,-0.01,499,1469149,卖盘
09:36:24,29.44,0.0,567,1669060,卖盘
09:36:27,29.44,0.0,140,412035,买盘
09:36:30,29.44,0.0,171,503304,买盘
09:36:33,29.43,-0.01,423,1244896,卖盘
09:36:35,29.49,0.06,666,1963013,买盘
09:36:39,29.49,0.0,376,1108824,卖盘
09:36:42,29.49,0.0,465,1371571,卖盘
09:36:44,29.49,0.0,317,934982,卖盘
09:36:48,29.5,0.01,675,1990256,买盘
09:36:51,29.45,-0.05,520,1531442,卖盘
09:36:54,29.5,0.05,352,1037697,买盘
09:36:57,29.49,-0.01,320,943690,卖盘
09:37:00,29.45,-0.04,759,2237180,卖盘
09:37:03,29.46,0.01,180,530296,卖盘
09:37:06,29.49,0.03,407,1200028,买盘
09:37:09,29.47,-0.02,73,215131,买盘
09:37:12,29.49,0.02,172,506919,买盘
09:37:15,29.47,-0.02,27,79575,中性盘
09:37:18,29.47,0.0,247,728375,卖盘
09:37:21,29.47,0.0,109,321248,卖盘
09:37:24,29.47,0.0,151,445157,卖盘
09:37:27,29.48,0.01,129,380331,中性盘
09:37:30,29.48,0.0,139,409880,卖盘
09:37:32,29.49,0.01,166,489489,买盘
09:37:36,29.49,0.0,56,165122,买盘
09:37:38,29.49,0.0,74,218237,卖盘
09:37:41,29.49,0.0,186,548542,卖盘
09:37:45,29.49,0.0,60,176938,卖盘
09:37:48,29.5,0.01,63,185791,买盘
09:37:51,29.49,-0.01,55,162216,卖盘
09:37:54,29.49,0.0,132,389213,卖盘
09:37:57,29.49,0.0,86,253605,买盘
09:38:00,29.49,0.0,65,191652,买盘
09:38:02,29.48,-0.01,147,433406,卖盘
09:38:06,29.49,0.01,287,846111,买盘
09:38:09,29.5,0.01,831,2450678,买盘
09:38:12,29.5,0.0,453,1336530,卖盘
09:38:15,29.5,0.0,202,595837,卖盘
09:38:18,29.5,0.0,41,120956,卖盘
09:38:20,29.5,0.0,53,156397,卖盘
09:38:24,29.5,0.0,44,129831,卖盘
09:38:27,29.52,0.02,107,315770,买盘
09:38:30,29.51,-0.01,82,241982,卖盘
09:38:33,29.52,0.01,12,35424,买盘
09:38:36,29.52,0.0,310,915305,买盘
09:38:39,29.51,-0.01,52,153463,卖盘
09:38:42,29.53,0.02,177,522562,买盘
09:38:45,29.55,0.02,55,162471,买盘
09:38:48,29.58,0.03,213,629395,买盘
09:38:51,29.55,-0.03,134,395787,卖盘
09:38:53,29.55,0.0,60,177214,卖盘
09:38:57,29.57,0.02,126,372564,买盘
09:38:59,29.57,0.0,93,275025,卖盘
09:39:03,29.57,0.0,67,198174,卖盘
09:39:05,29.59,0.02,104,307715,买盘
09:39:09,29.6,0.01,76,224878,买盘
09:39:12,29.58,-0.02,192,568234,卖盘
09:39:14,29.6,0.02,71,210047,中性盘
09:39:18,29.64,0.04,109,322627,买盘
09:39:20,29.58,-0.06,128,378815,卖盘
09:39:24,29.63,0.05,236,698135,买盘
09:39:27,29.57,-0.06,128,378777,卖盘
09:39:30,29.6,0.03,105,310809,卖盘
09:39:33,29.6,0.0,93,275241,买盘
09:39:36,29.63,0.03,226,669188,买盘
09:39:39,29.63,0.0,115,340597,卖盘
09:39:42,29.6,-0.03,98,290149,卖盘
09:39:45,29.63,0.03,97,287324,买盘
09:39:48,29.62,-0.01,73,216280,中性盘
09:39:51,29.63,0.01,263,779388,买盘
09:39:54,29.64,0.01,172,509776,买盘
09:39:57,29.64,0.0,176,521729,卖盘
09:39:59,29.66,0.02,32,94881,买盘
09:40:02,29.66,0.0,40,118619,买盘
09:40:06,29.64,-0.02,300,889757,卖盘
09:40:09,29.66,0.02,122,361698,中性盘
09:40:12,29.65,-0.01,106,314293,卖盘
09:40:15,29.64,-0.01,153,453574,卖盘
09:40:18,29.64,0.0,84,248952,买盘
09:40:21,29.63,-0.01,256,758843,卖盘
09:40:24,29.64,0.01,86,254875,中性盘
09:40:26,29.63,-0.01,71,210409,卖盘
09:40:30,29.61,-0.02,144,426606,卖盘
09:40:33,29.61,0.0,481,1424468,卖盘
09:40:36,29.61,0.0,244,722666,卖盘
09:40:39,29.62,0.01,135,399746,买盘
09:40:42,29.63,0.01,427,1264618,买盘
09:40:45,29.6,-0.03,63,186492,卖盘
09:40:48,29.61,0.01,35,103626,买盘
09:40:50,29.61,0.0,7,20722,买盘
09:40:54,29.61,0.0,51,150999,买盘
09:40:56,29.61,0.0,39,115490,卖盘
09:41:00,29.6,-0.01,372,1101639,卖盘
09:41:02,29.6,0.0,176,520962,卖盘
09:41:05,29.6,0.0,37,109527,卖盘
09:41:08,29.61,0.01,352,1041942,买盘
09:41:12,29.61,0.0,96,284179,买盘
09:41:15,29.6,-0.01,211,624735,中性盘
09:41:18,29.6,0.0,28,82880,卖盘
09:41:20,29.61,0.01,26,76973,买盘
09:41:24,29.61,0.0,92,272399,买盘
09:41:27,29.61,0.0,72,213192,卖盘
09:41:30,29.61,0.0,11,32571,卖盘
09:41:32,29.61,0.0,9,26653,卖盘
09:41:36,29.61,0.0,148,438279,卖盘
09:41:39,29.61,0.0,38,112518,卖盘
09:41:42,29.61,0.0,114,337583,卖盘
09:41:45,29.61,0.0,39,115480,卖盘
09:41:47,29.61,0.0,22,65138,买盘
09:41:51,29.61,0.0,12,35532,买盘
09:41:54,29.61,0.0,35,103602,买盘
09:41:57,29.6,-0.01,42,124343,卖盘
09:42:00,29.61,0.01,105,310900,买盘
09:42:03,29.6,-0.01,318,941575,卖盘
09:42:06,29.6,0.0,76,224973,卖盘
09:42:09,29.6,0.0,80,236812,卖盘
09:42:12,29.58,-0.02,390,1154052,卖盘
09:42:15,29.6,0.02,36,106515,买盘
09:42:18,29.59,-0.01,46,136070,中性盘
09:42:21,29.59,0.0,73,215980,买盘
09:42:24,29.59,0.0,36,106506,买盘
09:42:26,29.58,-0.01,41,121290,卖盘
09:42:30,29.58,0.0,70,207060,卖盘
09:42:32,29.59,0.01,56,165690,买盘
09:42:36,29.58,-0.01,263,777966,卖盘
09:42:39,29.58,0.0,37,109441,卖盘
09:42:42,29.57,-0.01,159,470282,卖盘
09:42:45,29.57,0.0,148,437670,卖盘
09:42:48,29.57,0.0,47,138955,买盘
09:42:51,29.56,-0.01,39,115285,卖盘
09:42:53,29.56,0.0,52,153714,卖盘
09:42:57,29.55,-0.01,202,597209,卖盘
09:43:00,29.56,0.01,30,88668,买盘
09:43:03,29.56,0.0,57,168463,买盘
09:43:05,29.56,0.0,348,1028688,买盘
09:43:09,29.56,0.0,154,455094,买盘
09:43:12,29.55,-0.01,31,91605,中性盘
09:43:15,29.55,0.0,25,73860,买盘
09:43:18,29.54,-0.01,92,271804,卖盘
09:43:21,29.54,0.0,60,177247,卖盘
09:43:24,29.54,0.0,11,32498,卖盘
09:43:27,29.51,-0.03,136,401607,卖盘
09:43:30,29.51,0.0,39,115170,卖盘
09:43:32,29.51,0.0,103,303955,卖盘
09:43:35,29.51,0.0,20,59042,卖盘
09:43:39,29.51,0.0,148,436795,卖盘
09:43:42,29.51,0.0,218,643417,卖盘
09:43:45,29.51,0.0,78,230154,卖盘
09:43:47,29.52,0.01,118,348213,买盘
09:43:51,29.51,-0.01,193,569600,卖盘
09:43:54,29.51,0.0,82,241950,卖盘
09:43:57,29.5,-0.01,93,274415,卖盘
09:44:00,29.5,0.0,45,132788,卖盘
09:44:02,29.51,0.01,84,247868,买盘
09:44:06,29.5,-0.01,20,59010,卖盘
09:44:09,29.5,0.0,83,244885,卖盘
09:44:12,29.51,0.01,139,410102,买盘
09:44:15,29.5,-0.01,240,708125,卖盘
09:44:17,29.51,0.01,90,265610,买盘
09:44:21,29.5,-0.01,452,1333540,卖盘
09:44:24,29.51,0.01,38,112138,买盘
09:44:27,29.52,0.01,141,416198,买盘
09:44:30,29.51,-0.01,44,129844,卖盘
09:44:33,29.52,0.01,159,469378,买盘
09:44:36,29.52,0.0,36,106292,卖盘
09:44:39,29.53,0.01,116,342557,买盘
09:44:41,29.53,0.0,57,168321,卖盘
09:44:45,29.54,0.01,28,82712,买盘
09:44:48,29.53,-0.01,111,327783,卖盘
09:44:51,29.54,0.01,154,454763,买盘
09:44:54,29.53,-0.01,38,112230,卖盘
09:44:57,29.54,0.01,87,256993,买盘
09:45:00,29.53,-0.01,20,59060,卖盘
09:45:03,29.54,0.01,58,171332,买盘
09:45:06,29.53,-0.01,99,292439,卖盘
09:45:09,29.53,0.0,98,289446,卖盘
09:45:12,29.53,0.0,71,209669,卖盘
09:45:15,29.54,0.01,60,177223,买盘
09:45:18,29.54,0.0,33,97469,买盘
09:45:21,29.53,-0.01,46,135864,卖盘
09:45:24,29.53,0.0,44,129932,卖盘
09:45:26,29.52,-0.01,88,259847,卖盘
09:45:30,29.53,0.01,122,360257,买盘
09:45:32,29.53,0.0,213,628979,买盘
09:45:36,29.53,0.0,36,106309,卖盘
09:45:38,29.53,0.0,26,76778,卖盘
09:45:42,29.53,0.0,60,177185,中性盘
09:45:45,29.54,0.01,189,558334,买盘
09:45:48,29.54,0.0,93,274722,卖盘
09:45:51,29.55,0.01,9,26589,买盘
09:45:53,29.54,-0.01,33,97487,卖盘
09:45:56,29.54,0.0,99,292458,卖盘
09:46:00,29.53,-0.01,40,118135,卖盘
09:46:03,29.54,0.01,255,753270,买盘
09:46:06,29.53,-0.01,46,135851,卖盘
09:46:09,29.53,0.0,39,115167,卖盘
09:46:12,29.53,0.0,103,304155,卖盘
09:46:15,29.53,0.0,132,389738,买盘
09:46:17,29.54,0.01,148,437043,买盘
09:46:21,29.52,-0.02,87,256855,卖盘
09:46:24,29.54,0.02,62,183079,买盘
09:46:27,29.53,-0.01,12,35436,中性盘
09:46:30,29.53,0.0,38,112206,买盘
09:46:33,29.53,0.0,224,661443,买盘
09:46:36,29.52,-0.01,156,460538,卖盘
09:46:38,29.53,0.01,258,761637,买盘
09:46:41,29.53,0.0,207,611157,买盘
09:46:45,29.53,0.0,162,478278,卖盘
09:46:48,29.52,-0.01,89,262809,卖盘
09:46:51,29.52,0.0,81,239144,卖盘
09:46:54,29.53,0.01,54,159446,买盘
09:46:57,29.52,-0.01,27,79720,卖盘
09:47:00,29.52,0.0,183,540224,卖盘
09:47:03,29.51,-0.01,39,115094,卖盘
09:47:06,29.51,0.0,209,616768,卖盘
09:47:10,29.51,0.0,33,97384,卖盘
09:47:12,29.51,0.0,389,1147781,卖盘
09:47:15,29.5,-0.01,102,300936,卖盘
09:47:18,29.51,0.01,19,56063,买盘
09:47:21,29.51,0.0,34,100315,买盘
09:47:24,29.5,-0.01,34,100332,卖盘
09:47:26,29.5,0.0,289,852561,卖盘
09:47:30,29.5,0.0,601,1772964,卖盘
09:47:33,29.5,0.0,403,1188820,卖盘
09:47:36,29.48,-0.02,490,1444746,卖盘
09:47:39,29.47,-0.01,164,483325,卖盘
09:47:42,29.46,-0.01,217,639306,卖盘
09:47:45,29.45,-0.01,371,1092632,卖盘
09:47:47,29.46,0.01,661,1946669,买盘
09:47:51,29.45,-0.01,250,736030,卖盘
09:47:54,29.44,-0.01,46,135406,卖盘
09:47:57,29.43,-0.01,37,108907,卖盘
09:48:00,29.44,0.01,62,182481,买盘
09:48:02,29.43,-0.01,218,641595,卖盘
09:48:06,29.42,-0.01,116,341380,卖盘
09:48:08,29.43,0.01,505,1485835,买盘
09:48:11,29.41,-0.02,162,476599,卖盘
09:48:15,29.41,0.0,121,355930,卖盘
09:48:18,29.4,-0.01,1219,3585088,卖盘
09:48:21,29.41,0.01,292,858554,买盘
09:48:25,29.41,0.0,268,788143,买盘
09:48:27,29.42,0.01,457,1343952,买盘
09:48:29,29.4,-0.02,490,1441334,卖盘
09:48:33,29.41,0.01,62,182361,卖盘
09:48:35,29.41,0.0,207,608847,卖盘
09:48:38,29.41,0.0,101,297098,卖盘
09:48:42,29.41,0.0,139,408899,卖盘
09:48:44,29.43,0.02,308,906182,买盘
09:48:47,29.43,0.0,149,438642,卖盘
09:48:51,29.43,0.0,10,29430,卖盘
09:48:54,29.43,0.0,103,303129,卖盘
09:48:56,29.43,0.0,30,88316,卖盘
09:49:00,29.42,-0.01,115,338388,卖盘
09:49:03,29.45,0.03,72,211881,买盘
09:49:06,29.44,-0.01,14,41232,卖盘
09:49:09,29.44,0.0,244,718141,卖盘
09:49:12,29.43,-0.01,156,459161,卖盘
09:49:16,29.42,-0.01,121,356017,卖盘
09:49:17,29.43,0.01,282,830170,中性盘
09:49:21,29.43,0.0,372,1094348,卖盘
09:49:24,29.43,0.0,49,144217,卖盘
09:49:27,29.42,-0.01,85,250081,卖盘
09:49:30,29.43,0.01,52,153018,买盘
09:49:33,29.43,0.0,74,217764,买盘
09:49:36,29.43,0.0,131,385496,买盘
09:49:40,29.42,-0.01,470,1383210,卖盘
09:49:42,29.42,0.0,279,820876,卖盘
09:49:45,29.42,0.0,111,326513,买盘
09:49:48,29.43,0.01,195,573730,买盘
09:49:50,29.43,0.0,108,317894,卖盘
09:49:55,29.43,0.0,79,232507,卖盘
09:49:57,29.43,0.0,80,235453,卖盘
09:50:00,29.43,0.0,85,250180,卖盘
09:50:03,29.4,-0.03,4694,13801966,卖盘
09:50:06,29.39,-0.01,237,696719,卖盘
09:50:10,29.38,-0.01,566,1663036,卖盘
09:50:12,29.38,0.0,216,634628,卖盘
09:50:14,29.38,0.0,2791,8199983,卖盘
09:50:18,29.37,-0.01,1103,3239338,卖盘
09:50:21,29.37,0.0,927,2721772,买盘
09:50:25,29.36,-0.01,625,1834748,卖盘
09:50:27,29.36,0.0,2114,6204645,买盘
09:50:30,29.35,-0.01,937,2750109,卖盘
09:50:33,29.34,-0.01,1741,5106583,卖盘
09:50:36,29.33,-0.01,784,2298167,中性盘
09:50:39,29.3,-0.03,181,530431,卖盘
09:50:41,29.32,0.02,453,1327654,买盘
09:50:44,29.31,-0.01,375,1098956,中性盘
09:50:48,29.31,0.0,377,1105203,买盘
09:50:50,29.31,0.0,181,530599,卖盘
09:50:54,29.31,0.0,256,750551,卖盘
09:50:57,29.32,0.01,206,603887,买盘
09:50:59,29.32,0.0,1391,4076984,买盘
09:51:02,29.32,0.0,357,1046457,买盘
09:51:06,29.32,0.0,25,73314,卖盘
09:51:10,29.32,0.0,209,612746,卖盘
09:51:12,29.33,0.01,148,434051,买盘
09:51:15,29.34,0.01,227,665769,买盘
09:51:18,29.33,-0.01,154,451662,卖盘
09:51:21,29.33,0.0,149,436967,买盘
09:51:24,29.33,0.0,41,120251,买盘
09:51:27,29.33,0.0,48,140818,卖盘
09:51:30,29.34,0.01,52,152562,买盘
09:51:32,29.34,0.0,169,495722,买盘
09:51:36,29.33,-0.01,757,2220303,卖盘
09:51:40,29.33,0.0,338,991215,买盘
09:51:42,29.33,0.0,253,742024,买盘
09:51:45,29.33,0.0,323,947186,买盘
09:51:48,29.33,0.0,714,2094112,买盘
09:51:51,29.33,0.0,142,416486,卖盘
09:51:54,29.34,0.01,603,1769170,买盘
09:51:56,29.34,0.0,427,1253154,卖盘
09:52:00,29.35,0.01,84,246512,中性盘
09:52:03,29.36,0.01,56,164335,买盘
09:52:06,29.36,0.0,157,460695,买盘
09:52:09,29.36,0.0,285,836717,买盘
09:52:12,29.35,-0.01,147,431538,卖盘
09:52:15,29.36,0.01,141,413976,卖盘
09:52:18,29.38,0.02,114,334777,买盘
09:52:21,29.37,-0.01,70,205610,中性盘
09:52:25,29.37,0.0,49,143923,卖盘
09:52:27,29.38,0.01,104,305458,买盘
09:52:30,29.38,0.0,104,305489,买盘
09:52:33,29.37,-0.01,269,790286,卖盘
09:52:36,29.38,0.01,149,437723,买盘
09:52:40,29.38,0.0,160,472604,买盘
09:52:42,29.38,0.0,47,138086,卖盘
09:52:45,29.38,0.0,142,417218,卖盘
09:52:48,29.38,0.0,129,379044,卖盘
09:52:51,29.38,0.0,100,293878,卖盘
09:52:54,29.39,0.01,90,264466,买盘
09:52:57,29.39,0.0,63,185138,卖盘
09:53:00,29.39,0.0,274,805286,卖盘
09:53:04,29.39,0.0,617,1813383,卖盘
09:53:06,29.39,0.0,295,866766,买盘
09:53:09,29.39,0.0,262,769936,买盘
09:53:12,29.39,0.0,437,1283987,买盘
09:53:15,29.38,-0.01,767,2250977,卖盘
09:53:18,29.38,0.0,451,1324743,买盘
09:53:21,29.38,0.0,231,678506,买盘
09:53:24,29.38,0.0,395,1160195,买盘
09:53:28,29.37,-0.01,329,966296,中性盘
09:53:30,29.38,0.01,212,622641,买盘
09:53:33,29.38,0.0,598,1756664,卖盘
09:53:36,29.36,-0.02,87,255435,卖盘
09:53:40,29.36,0.0,162,475622,买盘
09:53:42,29.39,0.03,196,575610,买盘
09:53:45,29.36,-0.03,102,299422,卖盘
09:53:48,29.36,0.0,100,293606,卖盘
09:53:51,29.37,0.01,59,173261,买盘
09:53:54,29.36,-0.01,379,1112767,卖盘
09:53:57,29.37,0.01,238,698807,买盘
09:54:00,29.37,0.0,185,543289,买盘
09:54:02,29.37,0.0,166,487503,买盘
09:54:06,29.37,0.0,337,989580,买盘
09:54:09,29.37,0.0,156,458096,买盘
09:54:12,29.37,0.0,60,176220,卖盘
09:54:15,29.37,0.0,53,155661,卖盘
09:54:18,29.37,0.0,68,199761,卖盘
09:54:21,29.38,0.01,77,226216,买盘
09:54:24,29.37,-0.01,18,52871,卖盘
09:54:28,29.38,0.01,71,208588,买盘
09:54:30,29.38,0.0,31,91079,卖盘
09:54:33,29.38,0.0,95,279054,卖盘
09:54:36,29.37,-0.01,110,323132,卖盘
09:54:39,29.39,0.02,29,85209,买盘
09:54:42,29.39,0.0,336,987466,买盘
09:54:45,29.39,0.0,443,1301831,卖盘
09:54:48,29.39,0.0,241,708276,买盘
09:54:51,29.38,-0.01,4119,12109647,卖盘
09:54:55,29.38,0.0,593,1741904,买盘
09:54:57,29.37,-0.01,324,953532,卖盘
09:54:59,29.37,0.0,149,437686,卖盘
09:55:02,29.37,0.0,100,293711,卖盘
09:55:05,29.38,0.01,27,79318,买盘
09:55:09,29.37,-0.01,41,120451,卖盘
09:55:12,29.39,0.02,303,890224,买盘
09:55:16,29.39,0.0,126,370314,卖盘
09:55:18,29.39,0.0,61,179307,卖盘
09:55:21,29.4,0.01,49,144037,买盘
09:55:25,29.4,0.0,59,173454,买盘
09:55:27,29.4,0.0,40,117575,买盘
09:55:30,29.39,-0.01,77,226358,卖盘
09:55:33,29.39,0.0,186,546688,卖盘
09:55:36,29.39,0.0,128,376144,买盘
09:55:40,29.38,-0.01,49,144005,卖盘
09:55:41,29.38,0.0,74,217468,卖盘
09:55:45,29.38,0.0,210,617014,卖盘
09:55:48,29.38,0.0,108,317367,买盘
09:55:52,29.39,0.01,126,370289,买盘
09:55:54,29.39,0.0,62,182218,卖盘
09:55:59,29.4,0.01,29,85252,买盘
09:56:03,29.39,-0.01,74,217517,卖盘
09:56:06,29.39,0.0,23,67597,卖盘
09:56:10,29.4,0.01,13,38209,买盘
09:56:12,29.39,-0.01,300,881676,卖盘
09:56:15,29.38,-0.01,142,417257,卖盘
09:56:18,29.39,0.01,92,270359,买盘
09:56:22,29.39,0.0,82,240990,买盘
09:56:24,29.39,0.0,64,188066,买盘
09:56:26,29.38,-0.01,37,108712,卖盘
09:56:30,29.36,-0.02,1228,3606826,卖盘
09:56:33,29.38,0.02,122,358495,卖盘
09:56:36,29.37,-0.01,213,625453,卖盘
09:56:40,29.36,-0.01,37,108652,卖盘
09:56:42,29.36,0.0,130,381784,卖盘
09:56:45,29.37,0.01,89,261319,买盘
09:56:48,29.36,-0.01,258,757721,卖盘
09:56:51,29.37,0.01,53,155636,中性盘
09:56:53,29.36,-0.01,197,578427,卖盘
09:56:57,29.37,0.01,65,190848,卖盘
09:57:00,29.37,0.0,218,639898,买盘
09:57:02,29.37,0.0,105,308370,买盘
09:57:05,29.37,0.0,169,496142,买盘
09:57:09,29.35,-0.02,42,123291,卖盘
09:57:12,29.36,0.01,134,393393,买盘
09:57:16,29.36,0.0,49,143831,买盘
09:57:17,29.38,0.02,302,886864,买盘
09:57:21,29.37,-0.01,34,99858,卖盘
09:57:25,29.38,0.01,178,522963,买盘
09:57:27,29.38,0.0,600,1763596,卖盘
09:57:30,29.4,0.02,551,1619797,买盘
09:57:33,29.39,-0.01,99,290926,卖盘
09:57:36,29.39,0.0,42,123482,卖盘
09:57:39,29.4,0.01,10,29400,中性盘
09:57:42,29.41,0.01,139,408712,买盘
09:57:45,29.41,0.0,87,255788,买盘
09:57:48,29.41,0.0,105,308748,买盘
09:57:52,29.41,0.0,48,141168,卖盘
09:57:55,29.41,0.0,52,152947,卖盘
09:57:57,29.42,0.01,23,67659,买盘
09:58:00,29.4,-0.02,167,491155,卖盘
09:58:04,29.41,0.01,89,261714,买盘
09:58:06,29.4,-0.01,110,323490,卖盘
09:58:09,29.41,0.01,31,91153,买盘
09:58:12,29.4,-0.01,302,888154,卖盘
09:58:16,29.39,-0.01,353,1037821,卖盘
09:58:18,29.4,0.01,169,496772,买盘
09:58:21,29.4,0.0,183,538162,买盘
09:58:24,29.41,0.01,19,55865,买盘
09:58:27,29.41,0.0,255,749924,买盘
09:58:30,29.4,-0.01,74,217587,卖盘
09:58:33,29.41,0.01,292,858712,买盘
09:58:36,29.41,0.0,372,1094018,买盘
09:58:40,29.41,0.0,206,605777,卖盘
09:58:42,29.42,0.01,90,264723,买盘
09:58:45,29.41,-0.01,432,1270530,卖盘
09:58:48,29.41,0.0,111,326512,卖盘
09:58:52,29.43,0.02,97,285390,买盘
09:58:55,29.42,-0.01,37,108863,卖盘
09:58:57,29.43,0.01,247,726910,买盘
09:59:00,29.43,0.0,43,126549,卖盘
09:59:03,29.43,0.0,179,526887,卖盘
09:59:06,29.45,0.02,174,512371,买盘
09:59:08,29.45,0.0,10,29450,卖盘
09:59:12,29.45,0.0,31,91307,卖盘
09:59:16,29.43,-0.02,536,1578130,卖盘
09:59:18,29.43,0.0,138,406164,卖盘
09:59:20,29.43,0.0,66,194298,卖盘
09:59:24,29.44,0.01,84,247283,买盘
09:59:26,29.43,-0.01,135,397397,卖盘
09:59:30,29.42,-0.01,778,2289614,卖盘
09:59:33,29.43,0.01,303,891538,买盘
09:59:36,29.43,0.0,67,197150,买盘
09:59:40,29.43,0.0,126,370724,买盘
09:59:42,29.42,-0.01,256,753279,卖盘
09:59:45,29.42,0.0,159,467834,卖盘
09:59:48,29.42,0.0,94,276623,卖盘
09:59:52,29.42,0.0,83,244207,卖盘
09:59:55,29.42,0.0,111,326602,买盘
09:59:57,29.43,0.01,15,44125,买盘
10:00:00,29.42,-0.01,107,314877,买盘
10:00:04,29.42,0.0,73,214785,卖盘
10:00:06,29.41,-0.01,81,238255,卖盘
10:00:10,29.41,0.0,544,1599903,卖盘
10:00:12,29.41,0.0,226,664508,买盘
10:00:16,29.4,-0.01,165,485107,卖盘
10:00:18,29.4,0.0,1098,3228132,卖盘
10:00:21,29.41,0.01,714,2098990,买盘
10:00:25,29.41,0.0,237,696619,买盘
10:00:28,29.4,-0.01,173,508477,买盘
10:00:30,29.39,-0.01,44,129345,卖盘
10:00:33,29.4,0.01,69,202837,买盘
10:00:36,29.4,0.0,132,387985,买盘
10:00:40,29.39,-0.01,65,191045,卖盘
10:00:42,29.4,0.01,185,543873,买盘
10:00:45,29.39,-0.01,743,2184303,卖盘
10:00:48,29.38,-0.01,189,555345,卖盘
10:00:52,29.38,0.0,73,214574,卖盘
10:00:55,29.39,0.01,100,293882,买盘
10:00:57,29.39,0.0,64,188068,买盘
10:01:00,29.38,-0.01,41,120460,卖盘
10:01:04,29.38,0.0,71,208645,卖盘
10:01:06,29.38,0.0,92,270362,卖盘
10:01:10,29.39,0.01,395,1160537,买盘
10:01:12,29.39,0.0,115,337912,买盘
10:01:16,29.39,0.0,30,88156,买盘
10:01:18,29.38,-0.01,111,326133,卖盘
10:01:21,29.39,0.01,99,290901,买盘
10:01:25,29.39,0.0,66,193997,中性盘
10:01:30,29.39,0.0,24,70538,卖盘
10:01:33,29.39,0.0,62,182250,卖盘
10:01:36,29.4,0.01,20,58789,买盘
10:01:40,29.4,0.0,21,61721,买盘
10:01:41,29.4,0.0,69,202844,买盘
10:01:45,29.39,-0.01,213,626069,卖盘
10:01:49,29.39,0.0,114,335074,卖盘
10:01:50,29.39,0.0,109,320392,卖盘
10:01:55,29.4,0.01,261,767329,买盘
10:01:56,29.4,0.0,34,99960,卖盘
10:02:00,29.4,0.0,36,105855,卖盘
10:02:03,29.4,0.0,395,1161332,卖盘
10:02:06,29.39,-0.01,416,1222923,卖盘
10:02:08,29.4,0.01,264,776127,买盘
10:02:12,29.39,-0.01,338,994528,卖盘
10:02:16,29.39,0.0,152,446774,卖盘
10:02:17,29.39,0.0,210,617210,卖盘
10:02:20,29.39,0.0,119,349808,卖盘
10:02:25,29.38,-0.01,218,639494,卖盘
10:02:26,29.39,0.01,22,64642,买盘
10:02:30,29.39,0.0,513,1507701,买盘
10:02:33,29.38,-0.01,194,570025,卖盘
10:02:36,29.39,0.01,143,420256,买盘
10:02:38,29.39,0.0,676,1987916,买盘
10:02:42,29.39,0.0,154,452606,卖盘
10:02:45,29.39,0.0,120,352680,卖盘
10:02:48,29.39,0.0,938,2755494,卖盘
10:02:52,29.39,0.0,108,317363,买盘
10:02:55,29.39,0.0,337,990434,买盘
10:02:57,29.38,-0.01,62,182157,卖盘
10:03:00,29.38,0.0,40,117522,卖盘
10:03:04,29.38,0.0,115,337906,卖盘
10:03:06,29.38,0.0,461,1354811,卖盘
10:03:10,29.39,0.01,194,570087,买盘
10:03:12,29.39,0.0,43,126357,买盘
10:03:16,29.37,-0.02,1642,4823499,卖盘
10:03:20,29.38,0.01,146,428864,买盘
10:03:21,29.38,0.0,1306,3835762,买盘
10:03:25,29.38,0.0,2272,6671060,买盘
10:03:27,29.36,-0.02,354,1039788,卖盘
10:03:30,29.35,-0.01,124,364004,卖盘
10:03:33,29.38,0.03,174,510999,买盘
10:03:36,29.36,-0.02,112,328972,卖盘
10:03:40,29.36,0.0,58,170288,中性盘
10:03:42,29.38,0.02,33,96930,买盘
10:03:45,29.36,-0.02,660,1937650,卖盘
10:03:45,29.36,0.0,33,96887,卖盘
10:03:51,29.36,0.0,65,190840,买盘
10:03:55,29.37,0.01,35,102776,买盘
10:03:57,29.37,0.0,51,149787,卖盘
10:04:00,29.38,0.01,35,102817,买盘
10:04:03,29.36,-0.02,72,211460,卖盘
10:04:06,29.36,0.0,132,387560,卖盘
10:04:09,29.36,0.0,23,67531,卖盘
10:04:12,29.37,0.01,354,1039853,买盘
10:04:16,29.37,0.0,86,252582,卖盘
10:04:18,29.37,0.0,79,232033,卖盘
10:04:21,29.38,0.01,150,440687,买盘
10:04:25,29.38,0.0,227,666926,卖盘
10:04:27,29.38,0.0,60,176280,卖盘
10:04:30,29.39,0.01,133,390766,买盘
10:04:33,29.38,-0.01,108,317346,卖盘
10:04:36,29.38,0.0,9,26442,卖盘
10:04:40,29.38,0.0,17,49956,卖盘
10:04:42,29.39,0.01,1,2939,买盘
10:04:45,29.39,0.0,44,129308,买盘
10:04:45,29.38,-0.01,71,208601,卖盘
10:04:51,29.39,0.01,56,164565,买盘
10:04:53,29.39,0.0,50,146950,买盘
10:04:57,29.39,0.0,292,857958,买盘
10:05:00,29.39,0.0,612,1799199,卖盘
10:05:04,29.39,0.0,121,354561,卖盘
10:05:06,29.4,0.01,358,1052461,买盘
10:05:10,29.4,0.0,31,91148,卖盘
10:05:12,29.41,0.01,12,35284,买盘
10:05:15,29.4,-0.01,52,152918,卖盘
10:05:18,29.41,0.01,132,388154,买盘
10:05:21,29.41,0.0,129,379343,买盘
10:05:24,29.41,0.0,68,199988,卖盘
10:05:27,29.42,0.01,271,797065,买盘
10:05:30,29.41,-0.01,51,149993,卖盘
10:05:33,29.42,0.01,211,620762,买盘
10:05:35,29.42,0.0,596,1752882,卖盘
10:05:39,29.42,0.0,103,302876,买盘
10:05:42,29.41,-0.01,40,117663,中性盘
10:05:45,29.41,0.0,58,170625,卖盘
10:05:49,29.43,0.02,90,264762,买盘
10:05:51,29.42,-0.01,78,229508,中性盘
10:05:55,29.42,0.0,77,226457,卖盘
10:05:58,29.43,0.01,71,208932,买盘
10:06:00,29.43,0.0,129,379647,买盘
10:06:04,29.42,-0.01,46,135331,卖盘
10:06:06,29.41,-0.01,70,205932,卖盘
10:06:09,29.41,0.0,30,88255,卖盘
10:06:12,29.42,0.01,29,85316,买盘
10:06:15,29.43,0.01,248,729659,买盘
10:06:18,29.41,-0.02,79,232340,卖盘
10:06:21,29.43,0.02,66,194172,买盘
10:06:24,29.42,-0.01,21,61782,卖盘
10:06:27,29.42,0.0,25,73550,卖盘
10:06:28,29.43,0.01,31,91203,买盘
10:06:33,29.43,0.0,345,1015329,买盘
10:06:36,29.43,0.0,113,332585,卖盘
10:06:39,29.43,0.0,27,79461,卖盘
10:06:42,29.44,0.01,30,88320,买盘
10:06:45,29.44,0.0,263,774118,买盘
10:06:48,29.44,0.0,197,579950,卖盘
10:06:51,29.44,0.0,61,179611,买盘
10:06:54,29.44,0.0,59,173731,卖盘
10:06:57,29.45,0.01,408,1201555,买盘
10:07:00,29.45,0.0,116,341564,卖盘
10:07:03,29.45,0.0,46,135470,卖盘
10:07:06,29.46,0.01,37,108985,买盘
10:07:09,29.45,-0.01,8,23565,卖盘
10:07:12,29.45,0.0,166,489016,卖盘
10:07:12,29.45,0.0,98,288671,卖盘
10:07:17,29.46,0.01,223,656894,买盘
10:07:20,29.47,0.01,61,179691,买盘
10:07:25,29.46,-0.01,18,53028,卖盘
10:07:27,29.47,0.01,46,135522,买盘
10:07:30,29.47,0.0,79,232745,买盘
10:07:33,29.48,0.01,231,680776,买盘
10:07:35,29.46,-0.02,71,209208,卖盘
10:07:39,29.48,0.02,103,303638,买盘
10:07:42,29.48,0.0,90,265271,买盘
10:07:45,29.47,-0.01,37,109029,卖盘
10:07:48,29.47,0.0,96,282916,卖盘
10:07:51,29.46,-0.01,207,609941,卖盘
10:07:55,29.47,0.01,143,421409,买盘
10:07:57,29.46,-0.01,347,1022386,卖盘
10:08:00,29.46,0.0,119,350583,卖盘
10:08:03,29.45,-0.01,25,73635,卖盘
10:08:06,29.46,0.01,52,153173,买盘
10:08:09,29.46,0.0,352,1036982,买盘
10:08:10,29.45,-0.01,91,268002,卖盘
10:08:15,29.45,0.0,47,138451,卖盘
10:08:18,29.45,0.0,177,521358,卖盘
10:08:21,29.46,0.01,44,129613,买盘
10:08:24,29.46,0.0,80,235655,买盘
10:08:27,29.45,-0.01,15,44183,卖盘
10:08:30,29.46,0.01,64,188510,买盘
10:08:33,29.45,-0.01,5,14725,卖盘
10:08:35,29.46,0.01,49,144341,买盘
10:08:39,29.45,-0.01,463,1363539,卖盘
10:08:42,29.45,0.0,186,547799,卖盘
10:08:44,29.45,0.0,90,265092,卖盘
10:08:45,29.47,0.02,265,780618,买盘
10:08:51,29.46,-0.01,111,327040,卖盘
10:08:54,29.46,0.0,14,41244,卖盘
10:09:00,29.46,0.0,43,126715,卖盘
10:09:03,29.46,0.0,10,29460,卖盘
10:09:05,29.47,0.01,188,553934,买盘
10:09:06,29.46,-0.01,53,156144,卖盘
10:09:12,29.46,0.0,61,179706,卖盘
10:09:15,29.46,0.0,86,253398,卖盘
10:09:18,29.45,-0.01,1107,3262220,卖盘
10:09:21,29.46,0.01,165,486012,卖盘
10:09:24,29.46,0.0,48,141394,买盘
10:09:27,29.46,0.0,42,123712,买盘
10:09:30,29.46,0.0,43,126655,买盘
10:09:33,29.45,-0.01,15,44182,卖盘
10:09:35,29.45,0.0,65,191476,卖盘
10:09:39,29.46,0.01,64,188531,买盘
10:09:42,29.45,-0.01,18,53014,卖盘
10:09:45,29.44,-0.01,138,406413,卖盘
10:09:48,29.45,0.01,49,144297,买盘
10:09:51,29.46,0.01,169,497691,买盘
10:09:54,29.45,-0.01,84,247380,卖盘
10:09:57,29.45,0.0,75,220875,卖盘
10:10:00,29.46,0.01,89,262143,买盘
10:10:03,29.45,-0.01,48,141387,卖盘
10:10:06,29.46,0.01,90,265083,买盘
10:10:09,29.46,0.0,24,70686,买盘
10:10:12,29.45,-0.01,40,117812,卖盘
10:10:15,29.45,0.0,75,220935,卖盘
10:10:18,29.46,0.01,162,477247,买盘
10:10:20,29.46,0.0,82,241567,卖盘
10:10:21,29.47,0.01,464,1367361,买盘
10:10:25,29.46,-0.01,151,444930,卖盘
10:10:30,29.45,-0.01,65,191553,卖盘
10:10:33,29.45,0.0,1026,3026072,卖盘
10:10:36,29.46,0.01,351,1034166,中性盘
10:10:39,29.47,0.01,21,61887,中性盘
10:10:42,29.48,0.01,4,11792,中性盘
10:10:45,29.46,-0.02,57,168018,卖盘
10:10:45,29.47,0.01,4,11789,中性盘
10:10:50,29.46,-0.01,167,492125,卖盘
10:10:54,29.48,0.02,55,162071,买盘
10:10:57,29.47,-0.01,105,309497,卖盘
10:11:00,29.5,0.03,30,88427,买盘
10:11:03,29.48,-0.02,68,200502,卖盘
10:11:06,29.47,-0.01,38,112050,卖盘
10:11:09,29.49,0.02,44,129705,买盘
10:11:10,29.49,0.0,32,94339,买盘
10:11:14,29.48,-0.01,22,64856,卖盘
10:11:18,29.48,0.0,51,150348,卖盘
10:11:21,29.49,0.01,52,153347,买盘
10:11:24,29.5,0.01,544,1604328,买盘
10:11:27,29.5,0.0,193,569350,卖盘
10:11:28,29.51,0.01,80,236001,买盘
10:11:33,29.5,-0.01,40,118001,卖盘
10:11:36,29.5,0.0,83,244903,卖盘
10:11:39,29.5,0.0,177,522243,卖盘
10:11:42,29.51,0.01,74,218370,买盘
10:11:45,29.51,0.0,14,41314,卖盘
10:11:48,29.51,0.0,99,292151,卖盘
10:11:51,29.51,0.0,440,1298559,卖盘
10:11:54,29.52,0.01,93,274432,买盘
10:11:56,29.52,0.0,74,218421,买盘
10:12:00,29.52,0.0,369,1089760,买盘
10:12:03,29.5,-0.02,94,277405,卖盘
10:12:06,29.52,0.02,35,103320,卖盘
10:12:09,29.51,-0.01,82,242097,卖盘
10:12:12,29.51,0.0,44,129885,卖盘
10:12:15,29.51,0.0,43,126942,卖盘
10:12:18,29.5,-0.01,530,1564022,卖盘
10:12:21,29.51,0.01,123,362929,买盘
10:12:24,29.5,-0.01,83,244882,卖盘
10:12:27,29.5,0.0,43,126861,卖盘
10:12:30,29.5,0.0,475,1401922,卖盘
10:12:32,29.51,0.01,148,436640,买盘
10:12:36,29.5,-0.01,15,44251,卖盘
10:12:39,29.5,0.0,113,333401,卖盘
10:12:42,29.5,0.0,204,601804,卖盘
10:12:45,29.5,0.0,124,365834,卖盘
10:12:48,29.5,0.0,143,421875,卖盘
10:12:50,29.51,0.01,418,1233536,买盘
10:12:54,29.51,0.0,72,212472,卖盘
10:12:57,29.51,0.0,32,94432,卖盘
10:13:00,29.49,-0.02,250,737547,卖盘
10:13:03,29.49,0.0,48,141554,卖盘
10:13:05,29.49,0.0,117,345166,卖盘
10:13:09,29.51,0.02,116,342298,买盘
10:13:12,29.48,-0.03,146,430604,卖盘
10:13:15,29.48,0.0,80,235928,卖盘
10:13:18,29.48,0.0,83,244686,卖盘
10:13:21,29.47,-0.01,119,350803,卖盘
10:13:23,29.47,0.0,17,50110,卖盘
10:13:26,29.48,0.01,147,433340,买盘
10:13:29,29.48,0.0,165,486369,卖盘
10:13:33,29.47,-0.01,58,170947,卖盘
10:13:36,29.5,0.03,518,1527657,买盘
10:13:39,29.48,-0.02,88,259577,卖盘
10:13:42,29.48,0.0,74,218108,卖盘
10:13:44,29.5,0.02,290,854760,买盘
10:13:48,29.48,-0.02,68,200404,中性盘
10:13:51,29.47,-0.01,86,253424,卖盘
10:13:54,29.48,0.01,532,1569112,买盘
10:13:57,29.47,-0.01,32,94356,卖盘
10:14:00,29.47,0.0,280,825395,买盘
10:14:03,29.5,0.03,182,536351,买盘
10:14:06,29.5,0.0,184,542800,卖盘
10:14:08,29.5,0.0,47,138650,卖盘
10:14:11,29.48,-0.02,17,50118,卖盘
10:14:15,29.5,0.02,91,268276,买盘
10:14:18,29.48,-0.02,43,126758,中性盘
10:14:20,29.47,-0.01,119,350797,卖盘
10:14:24,29.48,0.01,30,88421,买盘
10:14:27,29.48,0.0,80,235834,买盘
10:14:30,29.48,0.0,55,162141,卖盘
10:14:33,29.49,0.01,83,244739,买盘
10:14:35,29.48,-0.01,102,300730,卖盘
10:14:38,29.48,0.0,99,291852,卖盘
10:14:42,29.48,0.0,51,150360,卖盘
10:14:44,29.49,0.01,48,141539,买盘
10:14:48,29.49,0.0,23,67815,买盘
10:14:51,29.49,0.0,89,262402,买盘
10:14:53,29.48,-0.01,88,259459,卖盘
10:14:57,29.47,-0.01,84,247664,卖盘
10:15:00,29.49,0.02,68,200508,买盘
10:15:03,29.48,-0.01,23,67806,卖盘
10:15:06,29.48,0.0,53,156276,卖盘
10:15:08,29.48,0.0,5,14740,卖盘
10:15:12,29.49,0.01,34,100254,买盘
10:15:14,29.49,0.0,45,132695,买盘
10:15:18,29.48,-0.01,47,138568,卖盘
10:15:21,29.47,-0.01,154,453977,卖盘
10:15:23,29.49,0.02,41,120869,买盘
10:15:27,29.48,-0.01,80,235894,中性盘
10:15:30,29.47,-0.01,59,173874,卖盘
10:15:33,29.48,0.01,17,50116,买盘
10:15:36,29.48,0.0,182,536495,买盘
10:15:39,29.47,-0.01,49,144409,卖盘
10:15:42,29.48,0.01,59,173888,买盘
10:15:45,29.47,-0.01,65,191591,卖盘
10:15:48,29.47,0.0,76,224017,卖盘
10:15:51,29.48,0.01,486,1432651,买盘
10:15:54,29.46,-0.02,260,766253,卖盘
10:15:56,29.46,0.0,172,506761,卖盘
10:16:00,29.45,-0.01,86,253329,卖盘
10:16:03,29.45,0.0,93,273927,卖盘
10:16:06,29.45,0.0,285,839383,卖盘
10:16:08,29.45,0.0,163,480136,卖盘
10:16:12,29.45,0.0,83,244437,卖盘
10:16:15,29.46,0.01,196,579000,买盘
10:16:18,29.46,0.0,46,135516,卖盘
10:16:21,29.46,0.0,508,1496597,卖盘
10:16:24,29.45,-0.01,103,303373,卖盘
10:16:27,29.45,0.0,88,259198,卖盘
10:16:30,29.46,0.01,136,400621,买盘
10:16:33,29.45,-0.01,69,203243,卖盘
10:16:36,29.45,0.0,76,223859,卖盘
10:16:38,29.46,0.01,44,129608,买盘
10:16:42,29.46,0.0,258,759821,买盘
10:16:45,29.45,-0.01,494,1453206,卖盘
10:16:48,29.44,-0.01,157,462223,卖盘
10:16:50,29.44,0.0,93,273829,卖盘
10:16:53,29.44,0.0,64,188451,卖盘
10:16:56,29.44,0.0,84,247348,卖盘
10:17:00,29.44,0.0,45,132480,卖盘
10:17:03,29.45,0.01,25,73614,买盘
10:17:06,29.45,0.0,87,256214,买盘
10:17:09,29.44,-0.01,19,55936,卖盘
10:17:12,29.44,0.0,29,85394,卖盘
10:17:15,29.45,0.01,297,874545,买盘
10:17:18,29.45,0.0,138,406273,买盘
10:17:21,29.43,-0.02,156,459227,卖盘
10:17:24,29.44,0.01,54,158945,中性盘
10:17:26,29.43,-0.01,70,206071,卖盘
10:17:30,29.44,0.01,35,103031,中性盘
10:17:33,29.44,0.0,14,41216,卖盘
10:17:36,29.45,0.01,69,203178,买盘
10:17:38,29.44,-0.01,57,167808,卖盘
10:17:42,29.45,0.01,78,229703,买盘
10:17:45,29.44,-0.01,61,179616,卖盘
10:17:48,29.44,0.0,80,235539,卖盘
10:17:51,29.44,0.0,130,382749,卖盘
10:17:54,29.44,0.0,41,120709,卖盘
10:17:57,29.43,-0.01,74,217879,卖盘
10:18:00,29.43,0.0,39,114797,卖盘
10:18:03,29.43,0.0,19,55925,卖盘
10:18:05,29.43,0.0,77,226666,卖盘
10:18:09,29.43,0.0,19,55922,卖盘
10:18:12,29.44,0.01,258,759536,买盘
10:18:15,29.44,0.0,158,465119,卖盘
10:18:18,29.44,0.0,57,167778,买盘
10:18:21,29.44,0.0,38,111872,买盘
10:18:24,29.43,-0.01,28,82405,卖盘
10:18:27,29.44,0.01,446,1313025,买盘
10:18:30,29.44,0.0,34,100096,卖盘
10:18:33,29.44,0.0,78,229695,卖盘
10:18:36,29.44,0.0,63,185507,卖盘
10:18:39,29.44,0.0,36,105991,卖盘
10:18:42,29.45,0.01,179,527420,买盘
10:18:45,29.46,0.01,12,35341,买盘
10:18:48,29.45,-0.01,8,23560,卖盘
10:18:51,29.46,0.01,94,276870,买盘
10:18:54,29.45,-0.01,35,103091,卖盘
10:18:57,29.45,0.0,39,114889,卖盘
10:18:59,29.45,0.0,107,315165,卖盘
10:19:03,29.45,0.0,56,164956,卖盘
10:19:05,29.46,0.01,33,97212,买盘
10:19:09,29.45,-0.01,80,235621,卖盘
10:19:11,29.46,0.01,33,97212,买盘
10:19:14,29.46,0.0,25,73637,买盘
10:19:18,29.46,0.0,183,539066,买盘
10:19:21,29.46,0.0,138,406475,卖盘
10:19:24,29.46,0.0,87,256303,卖盘
10:19:27,29.46,0.0,10,29460,卖盘
10:19:30,29.46,0.0,76,223918,卖盘
10:19:33,29.47,0.01,3,8840,买盘
10:19:36,29.46,-0.01,22,64813,卖盘
10:19:38,29.47,0.01,15,44199,买盘
10:19:42,29.47,0.0,37,109024,买盘
10:19:45,29.46,-0.01,29,85451,卖盘
10:19:47,29.47,0.01,43,126693,买盘
10:19:51,29.47,0.0,94,276952,买盘
10:19:54,29.46,-0.01,61,179706,卖盘
10:19:57,29.46,0.0,55,162039,卖盘
10:20:00,29.45,-0.01,38,111946,卖盘
10:20:03,29.47,0.02,16,47141,买盘
10:20:06,29.47,0.0,34,100170,买盘
10:20:09,29.46,-0.01,33,97223,卖盘
10:20:12,29.46,0.0,27,79552,卖盘
10:20:14,29.46,0.0,5,14730,卖盘
10:20:18,29.47,0.01,11,32408,买盘
10:20:21,29.46,-0.01,124,365341,卖盘
10:20:24,29.46,0.0,42,123732,卖盘
10:20:27,29.46,0.0,61,179741,卖盘
10:20:30,29.47,0.01,30,88397,买盘
10:20:33,29.46,-0.01,102,300547,卖盘
10:20:36,29.46,0.0,155,456581,买盘
10:20:38,29.46,0.0,146,430070,买盘
10:20:41,29.45,-0.01,94,276851,卖盘
10:20:45,29.45,0.0,38,111916,卖盘
10:20:48,29.45,0.0,101,297502,卖盘
10:20:50,29.45,0.0,83,244439,卖盘
10:20:54,29.45,0.0,24,70692,卖盘
10:20:57,29.46,0.01,137,403562,买盘
10:21:00,29.45,-0.01,66,194392,卖盘
10:21:02,29.45,0.0,64,188522,卖盘
10:21:06,29.45,0.0,30,88358,卖盘
10:21:09,29.45,0.0,169,497754,卖盘
10:21:12,29.45,0.0,56,164932,卖盘
10:21:15,29.45,0.0,140,412321,卖盘
10:21:18,29.45,0.0,406,1195766,卖盘
10:21:21,29.46,0.01,265,780526,买盘
10:21:23,29.44,-0.02,110,323671,卖盘
10:21:27,29.44,0.0,212,624260,卖盘
10:21:30,29.44,0.0,165,485867,卖盘
10:21:33,29.44,0.0,84,247325,卖盘
10:21:36,29.45,0.01,163,479963,买盘
10:21:39,29.44,-0.01,67,197268,卖盘
10:21:42,29.44,0.0,61,179608,卖盘
10:21:45,29.43,-0.01,397,1168706,卖盘
10:21:47,29.43,0.0,103,303175,卖盘
10:21:51,29.43,0.0,93,273717,卖盘
10:21:54,29.43,0.0,35,103006,卖盘
10:21:57,29.44,0.01,99,291423,买盘
10:22:00,29.43,-0.01,109,320849,卖盘
10:22:03,29.43,0.0,74,217784,卖盘
10:22:06,29.43,0.0,8,23544,卖盘
10:22:09,29.43,0.0,35,103038,卖盘
10:22:12,29.43,0.0,15,44147,卖盘
10:22:15,29.43,0.0,122,359096,卖盘
10:22:18,29.43,0.0,73,214872,卖盘
10:22:21,29.44,0.01,98,288444,买盘
10:22:24,29.43,-0.01,51,150096,卖盘
10:22:27,29.43,0.0,48,141296,卖盘
10:22:30,29.44,0.01,15,44154,买盘
10:22:32,29.43,-0.01,12,35317,卖盘
10:22:35,29.43,0.0,118,347375,卖盘
10:22:39,29.43,0.0,66,194269,卖盘
10:22:42,29.43,0.0,47,138352,卖盘
10:22:45,29.44,0.01,102,300227,买盘
10:22:48,29.43,-0.01,99,291389,卖盘
10:22:51,29.43,0.0,91,267813,卖盘
10:22:54,29.43,0.0,15,44152,卖盘
10:22:57,29.44,0.01,72,211953,买盘
10:23:00,29.43,-0.01,5,14715,卖盘
10:23:03,29.43,0.0,97,285475,卖盘
10:23:06,29.43,0.0,30,88301,卖盘
10:23:09,29.44,0.01,56,164856,买盘
10:23:11,29.44,0.0,57,167783,买盘
10:23:14,29.44,0.0,43,126555,买盘
10:23:18,29.43,-0.01,132,388517,卖盘
10:23:21,29.43,0.0,241,709437,卖盘
10:23:24,29.43,0.0,24,70632,卖盘
10:23:27,29.43,0.0,92,270790,卖盘
10:23:30,29.42,-0.01,103,303040,卖盘
10:23:33,29.42,0.0,44,129463,卖盘
10:23:36,29.42,0.0,60,176553,卖盘
10:23:39,29.42,0.0,46,135335,卖盘
10:23:42,29.42,0.0,19,55898,卖盘
10:23:45,29.42,0.0,6,17652,卖盘
10:23:48,29.43,0.01,92,270715,买盘
10:23:51,29.42,-0.01,44,129454,卖盘
10:23:54,29.42,0.0,107,314805,卖盘
10:23:56,29.42,0.0,75,220683,卖盘
10:24:00,29.42,0.0,35,102983,卖盘
10:24:02,29.42,0.0,23,67666,卖盘
10:24:06,29.42,0.0,16,47072,卖盘
10:24:09,29.42,0.0,98,288348,卖盘
10:24:12,29.42,0.0,39,114742,卖盘
10:24:15,29.42,0.0,58,170666,卖盘
10:24:17,29.42,0.0,353,1038537,卖盘
10:24:21,29.41,-0.01,92,270580,卖盘
10:24:23,29.41,0.0,28,82350,卖盘
10:24:27,29.41,0.0,86,252981,卖盘
10:24:29,29.41,0.0,19,55879,卖盘
10:24:33,29.41,0.0,168,494092,卖盘
10:24:36,29.42,0.01,143,420634,买盘
10:24:39,29.42,0.0,32,94137,买盘
10:24:42,29.41,-0.01,47,138235,卖盘
10:24:45,29.41,0.0,20,58822,卖盘
10:24:48,29.41,0.0,60,176491,卖盘
10:24:50,29.41,0.0,44,129404,卖盘
10:24:53,29.41,0.0,82,241178,卖盘
10:24:57,29.41,0.0,88,258866,卖盘
10:25:00,29.41,0.0,94,276475,卖盘
10:25:03,29.41,0.0,21,61761,卖盘
10:25:06,29.42,0.01,126,370669,买盘
10:25:08,29.41,-0.01,173,508823,卖盘
10:25:12,29.41,0.0,58,170579,卖盘
10:25:15,29.41,0.0,97,285304,卖盘
10:25:18,29.41,0.0,74,217666,卖盘
10:25:21,29.41,0.0,31,91171,卖盘
10:25:23,29.41,0.0,118,347082,卖盘
10:25:27,29.41,0.0,69,202960,卖盘
10:25:30,29.41,0.0,20,58825,卖盘
10:25:32,29.41,0.0,17,49999,卖盘
10:25:36,29.41,0.0,87,255919,卖盘
10:25:39,29.41,0.0,167,491185,卖盘
10:25:42,29.41,0.0,214,629386,卖盘
10:25:45,29.41,0.0,139,408875,卖盘
10:25:48,29.41,0.0,119,350026,卖盘
10:25:51,29.41,0.0,36,105876,卖盘
10:25:54,29.41,0.0,316,929468,卖盘
10:25:57,29.41,0.0,184,541186,卖盘
10:26:00,29.41,0.0,118,347090,卖盘
10:26:02,29.41,0.0,37,108817,卖盘
10:26:06,29.41,0.0,55,161772,卖盘
10:26:09,29.42,0.01,68,200046,买盘
10:26:12,29.41,-0.01,67,197057,卖盘
10:26:14,29.42,0.01,21,61774,买盘
10:26:18,29.41,-0.01,68,200024,卖盘
10:26:20,29.41,0.0,139,408884,卖盘
10:26:24,29.41,0.0,102,299989,卖盘
10:26:26,29.41,0.0,98,288223,卖盘
10:26:30,29.41,0.0,294,864700,卖盘
10:26:33,29.41,0.0,75,220580,卖盘
10:26:36,29.41,0.0,109,320644,卖盘
10:26:39,29.41,0.0,77,226492,卖盘
10:26:42,29.41,0.0,30,88232,卖盘
10:26:45,29.41,0.0,107,314767,卖盘
10:26:48,29.41,0.0,160,470697,卖盘
10:26:50,29.41,0.0,37,108826,卖盘
10:26:54,29.41,0.0,145,426510,卖盘
10:26:57,29.42,0.01,102,300039,买盘
10:27:00,29.42,0.0,352,1035545,买盘
10:27:02,29.41,-0.01,169,497090,卖盘
10:27:05,29.41,0.0,128,376495,卖盘
10:27:09,29.42,0.01,108,317721,买盘
10:27:11,29.41,-0.01,96,282416,卖盘
10:27:15,29.43,0.02,53,155925,买盘
10:27:17,29.42,-0.01,27,79434,卖盘
10:27:20,29.42,0.0,21,61782,卖盘
10:27:23,29.43,0.01,94,276581,买盘
10:27:27,29.43,0.0,49,144190,买盘
10:27:30,29.43,0.0,15,44145,买盘
10:27:33,29.43,0.0,75,220718,买盘
10:27:35,29.42,-0.01,37,108872,卖盘
10:27:39,29.43,0.01,48,141263,买盘
10:27:42,29.43,0.0,19,55906,买盘
10:27:45,29.43,0.0,34,100034,买盘
10:27:48,29.42,-0.01,60,176556,卖盘
10:27:51,29.42,0.0,90,264822,卖盘
10:27:53,29.42,0.0,128,376626,卖盘
10:27:57,29.43,0.01,37,108868,买盘
10:28:00,29.43,0.0,90,264870,买盘
10:28:03,29.43,0.0,48,141240,买盘
10:28:06,29.43,0.0,41,120651,买盘
10:28:09,29.42,-0.01,72,211865,卖盘
10:28:11,29.43,0.01,58,170684,买盘
10:28:15,29.42,-0.01,9,26481,卖盘
10:28:17,29.43,0.01,163,479680,买盘
10:28:21,29.42,-0.01,115,338357,卖盘
10:28:23,29.43,0.01,255,750453,买盘
10:28:27,29.43,0.0,16,47088,卖盘
10:28:29,29.43,0.0,39,114777,卖盘
10:28:32,29.43,0.0,262,771266,卖盘
10:28:36,29.44,0.01,82,241397,买盘
10:28:39,29.44,0.0,5,14720,卖盘
10:28:42,29.44,0.0,6,17664,卖盘
10:28:45,29.44,0.0,18,52992,卖盘
10:28:48,29.44,0.0,60,176688,卖盘
10:28:51,29.45,0.01,74,217925,买盘
10:28:53,29.44,-0.01,75,220804,卖盘
10:28:57,29.44,0.0,677,1993003,卖盘
10:28:59,29.44,0.0,128,376828,卖盘
10:29:02,29.43,-0.01,81,238435,卖盘
10:29:05,29.44,0.01,222,653514,买盘
10:29:09,29.43,-0.01,87,256107,卖盘
10:29:12,29.44,0.01,32,94184,买盘
10:29:15,29.43,-0.01,13,38261,卖盘
10:29:18,29.43,0.0,93,273783,卖盘
10:29:20,29.43,0.0,90,264921,卖盘
10:29:23,29.44,0.01,150,443544,买盘
10:29:27,29.44,0.0,37,108928,卖盘
10:29:29,29.43,-0.01,16,47093,卖盘
10:29:33,29.44,0.01,65,191348,买盘
10:29:36,29.44,0.0,25,73594,买盘
10:29:39,29.44,0.0,72,211968,买盘
10:29:42,29.44,0.0,35,103069,卖盘
10:29:44,29.44,0.0,24,70656,卖盘
10:29:48,29.44,0.0,70,206100,卖盘
10:29:51,29.44,0.0,72,211989,卖盘
10:29:54,29.44,0.0,124,365074,卖盘
10:29:57,29.43,-0.01,38,111868,卖盘
10:30:00,29.43,0.0,160,470955,卖盘
10:30:03,29.44,0.01,128,376740,买盘
10:30:06,29.43,-0.01,211,621006,卖盘
10:30:09,29.43,0.0,141,415076,卖盘
10:30:12,29.44,0.01,428,1258009,买盘
10:30:14,29.43,-0.01,207,609364,卖盘
10:30:17,29.44,0.01,42,123648,买盘
10:30:21,29.44,0.0,7,20612,卖盘
10:30:24,29.44,0.0,241,709658,卖盘
10:30:26,29.44,0.0,15,44167,卖盘
10:30:30,29.45,0.01,6,17670,中性盘
10:30:33,29.45,0.0,23,67735,卖盘
10:30:36,29.46,0.01,3,8838,买盘
10:30:39,29.46,0.0,84,247459,买盘
10:30:42,29.46,0.0,230,677564,买盘
10:30:44,29.45,-0.01,124,365280,卖盘
10:30:48,29.46,0.01,40,117840,中性盘
10:30:50,29.46,0.0,24,70704,卖盘
10:30:54,29.46,0.0,163,480288,卖盘
10:30:56,29.47,0.01,44,129655,买盘
10:30:59,29.46,-0.01,108,318168,卖盘
10:31:02,29.46,0.0,55,162030,卖盘
10:31:06,29.46,0.0,17,50083,卖盘
10:31:09,29.47,0.01,151,444942,买盘
10:31:12,29.46,-0.01,56,165011,卖盘
10:31:15,29.46,0.0,17,50082,卖盘
10:31:18,29.46,0.0,18,53028,卖盘
10:31:21,29.46,0.0,177,521478,卖盘
10:31:24,29.46,0.0,85,250410,卖盘
10:31:27,29.47,0.01,80,235753,买盘
10:31:30,29.47,0.0,78,229844,买盘
10:31:33,29.48,0.01,257,757535,买盘
10:31:35,29.46,-0.02,107,315394,卖盘
10:31:39,29.47,0.01,55,162139,中性盘
10:31:42,29.49,0.02,164,483543,买盘
10:31:45,29.49,0.0,61,179889,卖盘
10:31:48,29.47,-0.02,232,684077,卖盘
10:31:51,29.47,0.0,63,185703,卖盘
10:31:53,29.48,0.01,17,50116,中性盘
10:31:57,29.47,-0.01,106,312558,卖盘
10:31:59,29.47,0.0,62,182799,卖盘
10:32:03,29.47,0.0,36,106112,卖盘
10:32:06,29.47,0.0,44,129690,卖盘
10:32:09,29.49,0.02,155,457066,买盘
10:32:12,29.48,-0.01,44,129720,卖盘
10:32:15,29.47,-0.01,63,185743,卖盘
10:32:18,29.47,0.0,56,165075,卖盘
10:32:20,29.47,0.0,33,97257,卖盘
10:32:24,29.47,0.0,22,64850,卖盘
10:32:27,29.47,0.0,70,206296,卖盘
10:32:30,29.47,0.0,158,465758,卖盘
10:32:33,29.48,0.01,26,76650,买盘
10:32:35,29.48,0.0,2,5897,卖盘
10:32:39,29.48,0.0,3,8844,卖盘
10:32:41,29.49,0.01,14,41285,买盘
10:32:45,29.49,0.0,80,235889,买盘
10:32:48,29.48,-0.01,33,97284,卖盘
10:32:50,29.48,0.0,55,162175,卖盘
10:32:53,29.48,0.0,71,209317,卖盘
10:32:56,29.48,0.0,19,56020,卖盘
10:32:59,29.48,0.0,120,353832,卖盘
10:33:03,29.48,0.0,30,88440,卖盘
10:33:05,29.48,0.0,27,79601,卖盘
10:33:09,29.49,0.01,42,123847,买盘
10:33:12,29.49,0.0,17,50126,买盘
10:33:14,29.48,-0.01,26,76669,卖盘
10:33:19,29.47,-0.01,108,318439,卖盘
10:33:22,29.47,0.0,72,212262,卖盘
10:33:24,29.48,0.01,20,58958,卖盘
10:33:27,29.48,0.0,62,182732,卖盘
10:33:30,29.47,-0.01,58,170977,卖盘
10:33:33,29.47,0.0,62,182759,卖盘
10:33:36,29.47,0.0,23,67789,卖盘
10:33:40,29.48,0.01,43,126763,买盘
10:33:43,29.48,0.0,30,88434,买盘
10:33:46,29.47,-0.01,63,185696,卖盘
10:33:47,29.47,0.0,173,509979,卖盘
10:33:50,29.47,0.0,76,224008,卖盘
10:33:54,29.47,0.0,45,132617,卖盘
10:33:57,29.47,0.0,79,232819,卖盘
10:34:00,29.48,0.01,66,194545,买盘
10:34:04,29.47,-0.01,80,235825,卖盘
10:34:05,29.47,0.0,11,32417,卖盘
10:34:10,29.47,0.0,54,159169,卖盘
10:34:13,29.47,0.0,13,38311,卖盘
10:34:16,29.47,0.0,69,203343,卖盘
10:34:19,29.47,0.0,752,2216451,卖盘
10:34:22,29.48,0.01,252,742861,买盘
10:34:24,29.47,-0.01,124,365520,卖盘
10:34:27,29.47,0.0,144,424401,卖盘
10:34:30,29.48,0.01,106,312424,买盘
10:34:34,29.47,-0.01,38,111986,卖盘
10:34:37,29.48,0.01,176,518848,买盘
10:34:40,29.48,0.0,91,268268,卖盘
10:34:43,29.47,-0.01,292,860545,卖盘
10:34:46,29.46,-0.01,122,359421,卖盘
10:34:47,29.46,0.0,88,259294,卖盘
10:34:50,29.46,0.0,237,698368,卖盘
10:34:55,29.46,0.0,441,1299236,卖盘
10:34:56,29.46,0.0,644,1897210,卖盘
10:35:01,29.44,-0.02,327,962845,卖盘
10:35:04,29.44,0.0,352,1036302,卖盘
10:35:07,29.42,-0.02,407,1198186,卖盘
10:35:08,29.42,0.0,352,1035664,卖盘
10:35:13,29.41,-0.01,98,288298,卖盘
10:35:16,29.41,0.0,108,317702,卖盘
10:35:17,29.41,0.0,18,52946,卖盘
10:35:22,29.41,0.0,94,276493,卖盘
10:35:25,29.41,0.0,57,167639,卖盘
10:35:28,29.41,0.0,125,367625,卖盘
10:35:31,29.41,0.0,95,279457,卖盘
10:35:34,29.42,0.01,48,141198,买盘
10:35:35,29.42,0.0,120,352942,买盘
10:35:40,29.41,-0.01,142,417720,卖盘
10:35:43,29.43,0.02,285,838663,买盘
10:35:46,29.43,0.0,17,50031,卖盘
10:35:52,29.43,0.0,15,44145,卖盘
10:35:53,29.44,0.01,25,73594,买盘
10:35:58,29.43,-0.01,58,170694,卖盘
10:35:59,29.44,0.01,84,247282,买盘
10:36:04,29.44,0.0,26,76544,买盘
10:36:07,29.44,0.0,43,126567,买盘
10:36:10,29.43,-0.01,43,126581,卖盘
10:36:12,29.43,0.0,10,29431,卖盘
10:36:16,29.43,0.0,25,73575,卖盘
10:36:19,29.43,0.0,10,29430,卖盘
10:36:20,29.42,-0.01,202,594485,卖盘
10:36:23,29.42,0.0,20,58848,卖盘
10:36:28,29.42,0.0,11,32362,卖盘
10:36:31,29.43,0.01,40,117714,买盘
10:36:34,29.43,0.0,86,253079,买盘
10:36:37,29.42,-0.01,15,44136,卖盘
10:36:40,29.43,0.01,55,161841,买盘
10:36:43,29.43,0.0,104,305969,买盘
10:36:46,29.42,-0.01,29,85318,卖盘
10:36:48,29.42,0.0,5,14710,卖盘
10:36:50,29.42,0.0,86,253077,卖盘
10:36:55,29.42,0.0,73,214766,卖盘
10:36:58,29.42,0.0,117,344232,卖盘
10:37:00,29.42,0.0,277,815074,卖盘
10:37:04,29.42,0.0,73,214728,卖盘
10:37:05,29.42,0.0,23,67647,买盘
10:37:10,29.42,0.0,68,200036,买盘
10:37:13,29.41,-0.01,282,829386,卖盘
10:37:16,29.41,0.0,174,511740,卖盘
10:37:19,29.41,0.0,91,267682,卖盘
10:37:22,29.41,0.0,64,188244,卖盘
10:37:25,29.41,0.0,125,367675,卖盘
10:37:26,29.41,0.0,119,349985,卖盘
10:37:31,29.41,0.0,79,232371,卖盘
10:37:34,29.41,0.0,23,67643,卖盘
10:37:37,29.41,0.0,169,497032,卖盘
10:37:38,29.41,0.0,73,214724,卖盘
10:37:41,29.41,0.0,23,67644,卖盘
10:37:46,29.41,0.0,29,85299,卖盘
10:37:49,29.42,0.01,14,41184,买盘
10:37:52,29.41,-0.01,73,214725,卖盘
10:37:55,29.41,0.0,225,661740,卖盘
10:37:58,29.42,0.01,59,173534,买盘
10:38:01,29.41,-0.01,173,508881,卖盘
10:38:04,29.41,0.0,81,238266,卖盘
10:38:07,29.42,0.01,28,82363,买盘
10:38:10,29.41,-0.01,44,129435,卖盘
10:38:13,29.41,0.0,73,214745,卖盘
10:38:16,29.41,0.0,20,58820,卖盘
10:38:19,29.42,0.01,3,8825,买盘
10:38:22,29.41,-0.01,51,150023,卖盘
10:38:25,29.41,0.0,19,55879,卖盘
10:38:28,29.42,0.01,82,241178,买盘
10:38:30,29.41,-0.01,45,132381,卖盘
10:38:34,29.41,0.0,85,249988,卖盘
10:38:37,29.41,0.0,55,161756,卖盘
10:38:40,29.41,0.0,38,111758,卖盘
10:38:41,29.41,0.0,85,250017,卖盘
10:38:45,29.41,0.0,159,467621,卖盘
10:38:49,29.4,-0.01,58,170520,卖盘
10:38:52,29.4,0.0,59,173499,卖盘
10:38:55,29.41,0.01,26,76451,买盘
10:38:58,29.41,0.0,79,232274,买盘
10:39:01,29.41,0.0,557,1638112,买盘
10:39:02,29.4,-0.01,123,361637,卖盘
10:39:05,29.4,0.0,110,323400,卖盘
10:39:10,29.4,0.0,39,114660,卖盘
10:39:13,29.4,0.0,121,355830,卖盘
10:39:16,29.4,0.0,31,91140,卖盘
10:39:18,29.4,0.0,20,58804,卖盘
10:39:22,29.4,0.0,48,141153,卖盘
10:39:25,29.41,0.01,197,579245,买盘
10:39:26,29.4,-0.01,96,282240,卖盘
10:39:30,29.41,0.01,40,117632,买盘
10:39:34,29.4,-0.01,72,211724,卖盘
10:39:37,29.4,0.0,118,347007,卖盘
10:39:40,29.4,0.0,166,488043,卖盘
10:39:43,29.4,0.0,103,302862,卖盘
10:39:46,29.4,0.0,99,291113,卖盘
10:39:49,29.4,0.0,113,332281,卖盘
10:39:52,29.4,0.0,70,205839,卖盘
10:39:55,29.41,0.01,42,123484,买盘
10:39:58,29.41,0.0,65,191106,买盘
10:40:01,29.41,0.0,69,202910,买盘
10:40:04,29.4,-0.01,6,17640,卖盘
10:40:07,29.4,0.0,15,44100,卖盘
10:40:09,29.41,0.01,12,35290,买盘
10:40:13,29.4,-0.01,75,220553,卖盘
10:40:16,29.4,0.0,24,70568,卖盘
10:40:19,29.41,0.01,33,97039,买盘
10:40:20,29.4,-0.01,62,182325,卖盘
10:40:25,29.4,0.0,39,114675,卖盘
10:40:28,29.4,0.0,402,1182205,卖盘
10:40:30,29.41,0.01,364,1070196,买盘
10:40:32,29.4,-0.01,74,217570,卖盘
10:40:37,29.4,0.0,86,252888,卖盘
10:40:40,29.4,0.0,38,111731,卖盘
10:40:43,29.4,0.0,62,182315,卖盘
10:40:45,29.4,0.0,56,164670,卖盘
10:40:49,29.4,0.0,4,11760,卖盘
10:40:50,29.4,0.0,65,191135,卖盘
10:40:55,29.4,0.0,81,238143,卖盘
10:40:58,29.4,0.0,86,252850,卖盘
10:41:01,29.4,0.0,117,344078,卖盘
10:41:04,29.4,0.0,183,538054,卖盘
10:41:07,29.4,0.0,135,396900,卖盘
10:41:09,29.4,0.0,35,102901,卖盘
10:41:13,29.4,0.0,73,214656,卖盘
10:41:16,29.4,0.0,50,147001,卖盘
10:41:19,29.4,0.0,4,11760,卖盘
10:41:22,29.4,0.0,200,588034,卖盘
10:41:23,29.41,0.01,56,164657,买盘
10:41:26,29.4,-0.01,2064,6067930,卖盘
10:41:31,29.38,-0.02,466,1369196,卖盘
10:41:32,29.38,0.0,117,343765,卖盘
10:41:37,29.38,0.0,230,675753,卖盘
10:41:40,29.37,-0.01,90,264342,卖盘
10:41:43,29.37,0.0,66,193875,卖盘
10:41:46,29.37,0.0,106,311370,卖盘
10:41:49,29.37,0.0,48,140986,卖盘
10:41:52,29.37,0.0,102,299640,卖盘
10:41:55,29.38,0.01,511,1501307,买盘
10:41:58,29.37,-0.01,147,431747,卖盘
10:42:01,29.38,0.01,272,798916,买盘
10:42:04,29.38,0.0,88,258458,买盘
10:42:07,29.37,-0.01,17,49936,卖盘
10:42:10,29.38,0.01,21,61694,买盘
10:42:13,29.37,-0.01,54,158631,卖盘
10:42:16,29.38,0.01,79,232027,买盘
10:42:18,29.37,-0.01,134,393677,卖盘
10:42:21,29.38,0.01,74,217381,买盘
10:42:25,29.39,0.01,862,2533012,买盘
10:42:28,29.39,0.0,103,302717,卖盘
10:42:31,29.4,0.01,40,117575,买盘
10:42:34,29.4,0.0,34,99945,买盘
10:42:37,29.4,0.0,105,308600,买盘
10:42:38,29.39,-0.01,52,152857,卖盘
10:42:43,29.4,0.01,48,141105,买盘
10:42:46,29.39,-0.01,42,123465,卖盘
10:42:49,29.4,0.01,142,417348,买盘
10:42:52,29.39,-0.01,81,238101,卖盘
10:42:55,29.39,0.0,29,85231,卖盘
10:42:58,29.4,0.01,62,182223,买盘
10:43:00,29.4,0.0,120,352779,买盘
10:43:04,29.39,-0.01,111,327763,卖盘
10:43:07,29.39,0.0,74,217523,卖盘
10:43:10,29.4,0.01,33,97014,买盘
10:43:13,29.39,-0.01,47,138174,卖盘
10:43:15,29.39,0.0,28,82309,卖盘
10:43:19,29.4,0.01,25,73490,买盘
10:43:20,29.4,0.0,56,164621,买盘
10:43:25,29.39,-0.01,50,146950,卖盘
10:43:28,29.4,0.01,301,884653,买盘
10:43:31,29.39,-0.01,134,393888,卖盘
10:43:32,29.4,0.01,96,282187,买盘
10:43:37,29.4,0.0,44,129338,买盘
10:43:38,29.39,-0.01,2,5878,卖盘
10:43:41,29.4,0.01,49,144053,买盘
10:43:46,29.39,-0.01,14,41148,卖盘
10:43:49,29.39,0.0,136,399709,卖盘
10:43:51,29.39,0.0,68,199891,卖盘
10:43:53,29.4,0.01,35,102876,买盘
10:43:58,29.39,-0.01,85,249815,卖盘
10:44:01,29.4,0.01,63,185206,买盘
10:44:04,29.4,0.0,24,70551,买盘
10:44:07,29.39,-0.01,19,55843,卖盘
10:44:10,29.4,0.01,43,126407,买盘
10:44:13,29.39,-0.01,118,346834,卖盘
10:44:16,29.39,0.0,38,111685,卖盘
10:44:19,29.39,0.0,60,176340,卖盘
10:44:22,29.39,0.0,51,149920,卖盘
10:44:25,29.39,0.0,29,85236,卖盘
10:44:28,29.39,0.0,71,208679,卖盘
10:44:31,29.39,0.0,10,29395,买盘
10:44:34,29.38,-0.01,91,267425,卖盘
10:44:36,29.38,0.0,25,73460,卖盘
10:44:40,29.39,0.01,31,91094,买盘
10:44:43,29.38,-0.01,95,279155,卖盘
10:44:46,29.38,0.0,22,64637,卖盘
10:44:47,29.39,0.01,10,29385,买盘
10:44:52,29.38,-0.01,40,117552,卖盘
10:44:55,29.38,0.0,14,41132,卖盘
10:44:57,29.38,0.0,65,190971,卖盘
10:45:01,29.38,0.0,32,94016,卖盘
10:45:04,29.38,0.0,62,182188,卖盘
10:45:07,29.38,0.0,216,634728,卖盘
10:45:10,29.38,0.0,40,117520,卖盘
10:45:13,29.39,0.01,76,223332,买盘
10:45:15,29.39,0.0,105,308498,买盘
10:45:19,29.38,-0.01,19,55824,卖盘
10:45:22,29.38,0.0,94,276225,卖盘
10:45:25,29.38,0.0,24,70512,卖盘
10:45:28,29.38,0.0,93,273252,卖盘
10:45:31,29.37,-0.01,1237,3634687,卖盘
10:45:34,29.38,0.01,135,396636,中性盘
10:45:37,29.38,0.0,87,255556,买盘
10:45:40,29.37,-0.01,109,320187,卖盘
10:45:43,29.37,0.0,39,114575,卖盘
10:45:46,29.37,0.0,19,55810,卖盘
10:45:47,29.38,0.01,82,240867,买盘
10:45:51,29.37,-0.01,64,188012,卖盘
10:45:55,29.38,0.01,200,587600,买盘
10:45:56,29.38,0.0,87,255606,卖盘
10:46:01,29.38,0.0,13,38194,卖盘
10:46:04,29.38,0.0,9,26444,卖盘
10:46:07,29.39,0.01,62,182218,买盘
10:46:09,29.39,0.0,22,64639,买盘
10:46:12,29.38,-0.01,59,173392,卖盘
10:46:16,29.38,0.0,9,26444,卖盘
10:46:17,29.39,0.01,2,5877,买盘
10:46:22,29.38,-0.01,161,473091,卖盘
10:46:25,29.38,0.0,273,802116,卖盘
10:46:28,29.38,0.0,69,200969,卖盘
10:46:30,29.39,0.01,34,99915,买盘
10:46:34,29.38,-0.01,79,232143,卖盘
10:46:37,29.39,0.01,13,38195,买盘
10:46:40,29.38,-0.01,100,293800,卖盘
10:46:43,29.39,0.01,92,270383,买盘
10:46:46,29.38,-0.01,55,161637,卖盘
10:46:49,29.39,0.01,2,5877,买盘
10:46:52,29.39,0.0,33,96987,买盘
10:46:53,29.39,0.0,27,79345,买盘
10:46:58,29.38,-0.01,63,185095,卖盘
10:47:00,29.39,0.01,130,381946,买盘
10:47:03,29.39,0.0,34,99924,买盘
10:47:10,29.39,0.0,34,99914,买盘
10:47:13,29.38,-0.01,29,85202,卖盘
10:47:16,29.38,0.0,44,129294,卖盘
10:47:18,29.39,0.01,71,208605,买盘
10:47:21,29.39,0.0,117,343749,买盘
10:47:23,29.38,-0.01,284,834392,卖盘
10:47:28,29.39,0.01,208,611159,买盘
10:47:31,29.37,-0.02,1022,3001865,卖盘
10:47:33,29.39,0.02,67,196905,买盘
10:47:37,29.38,-0.01,16,47019,卖盘
10:47:40,29.37,-0.01,113,331891,卖盘
10:47:43,29.38,0.01,1,2938,买盘
10:47:46,29.37,-0.01,37,108701,卖盘
10:47:49,29.38,0.01,7,20564,买盘
10:47:50,29.37,-0.01,5,14689,卖盘
10:47:53,29.37,0.0,54,158641,卖盘
10:47:57,29.37,0.0,304,892880,卖盘
10:48:01,29.38,0.01,55,161569,买盘
10:48:04,29.38,0.0,71,208577,买盘
10:48:10,29.37,-0.01,16,46992,卖盘
10:48:12,29.38,0.01,59,173342,买盘
10:48:16,29.37,-0.01,286,839956,卖盘
10:48:18,29.37,0.0,107,314195,卖盘
10:48:21,29.37,0.0,85,249645,买盘
10:48:25,29.36,-0.01,75,220234,卖盘
10:48:28,29.36,0.0,1081,3173847,卖盘
10:48:31,29.36,0.0,88,258397,卖盘
10:48:33,29.35,-0.01,627,1840865,卖盘
10:48:36,29.35,0.0,62,182027,卖盘
10:48:40,29.35,0.0,110,322888,卖盘
10:48:41,29.37,0.02,702,2061435,买盘
10:48:45,29.37,0.0,135,396495,卖盘
10:48:47,29.38,0.01,12,35254,买盘
10:48:51,29.38,0.0,73,214411,买盘
10:48:55,29.38,0.0,52,152757,买盘
10:48:58,29.37,-0.01,15,44057,卖盘
10:49:01,29.38,0.01,67,196792,买盘
10:49:04,29.38,0.0,54,158647,买盘
10:49:07,29.37,-0.01,41,120434,卖盘
10:49:10,29.37,0.0,13,38182,卖盘
10:49:12,29.38,0.01,32,94016,买盘
10:49:16,29.38,0.0,32,94016,买盘
10:49:21,29.37,-0.01,60,176228,卖盘
10:49:25,29.37,0.0,106,311356,卖盘
10:49:28,29.37,0.0,642,1885603,卖盘
10:49:30,29.37,0.0,42,123369,卖盘
10:49:34,29.38,0.01,49,143949,买盘
10:49:37,29.36,-0.02,549,1612029,卖盘
10:49:40,29.35,-0.01,98,287668,卖盘
10:49:41,29.35,0.0,431,1265337,卖盘
10:49:46,29.35,0.0,101,296480,卖盘
10:49:49,29.35,0.0,106,311120,卖盘
10:49:51,29.35,0.0,146,428519,卖盘
10:49:53,29.35,0.0,111,325847,卖盘
10:49:57,29.35,0.0,75,220126,卖盘
10:50:01,29.35,0.0,143,419805,卖盘
10:50:03,29.36,0.01,2421,7105678,买盘
10:50:07,29.34,-0.02,806,2365731,卖盘
10:50:10,29.33,-0.01,287,842066,卖盘
10:50:13,29.34,0.01,195,571962,中性盘
10:50:16,29.34,0.0,63,184813,买盘
10:50:19,29.33,-0.01,42,123193,卖盘
10:50:21,29.34,0.01,119,349112,买盘
10:50:25,29.33,-0.01,64,187751,卖盘
10:50:28,29.33,0.0,107,313834,卖盘
10:50:31,29.33,0.0,38,111455,卖盘
10:50:33,29.33,0.0,49,143732,卖盘
10:50:37,29.33,0.0,176,516241,卖盘
10:50:40,29.33,0.0,41,120258,卖盘
10:50:43,29.32,-0.01,2405,7052604,卖盘
10:50:46,29.33,0.01,355,1040943,中性盘
10:50:48,29.33,0.0,10,29330,买盘
10:50:51,29.33,0.0,106,310724,买盘
10:50:53,29.32,-0.01,140,410513,卖盘
10:50:57,29.32,0.0,310,908781,卖盘
10:51:01,29.32,0.0,25,73296,买盘
10:51:04,29.32,0.0,92,269735,买盘
10:51:06,29.32,0.0,42,123144,买盘
10:51:09,29.31,-0.01,819,2400506,卖盘
10:51:12,29.31,0.0,291,853055,卖盘
10:51:16,29.31,0.0,2934,8597254,卖盘
10:51:19,29.31,0.0,162,474705,买盘
10:51:22,29.31,0.0,177,518654,买盘
10:51:24,29.3,-0.01,137,401451,卖盘
10:51:27,29.3,0.0,665,1948480,卖盘
10:51:30,29.3,0.0,162,474673,卖盘
10:51:34,29.3,0.0,278,814585,卖盘
10:51:36,29.31,0.01,1053,3085884,买盘
10:51:40,29.31,0.0,255,747405,卖盘
10:51:43,29.3,-0.01,96,281371,卖盘
10:51:45,29.31,0.01,177,518786,买盘
10:51:49,29.31,0.0,45,131896,卖盘
10:51:51,29.31,0.0,86,252066,卖盘
10:51:54,29.32,0.01,45,131929,买盘
10:51:57,29.31,-0.01,39,114342,卖盘
10:52:00,29.31,0.0,437,1281222,卖盘
10:52:04,29.32,0.01,62,181764,买盘
10:52:07,29.32,0.0,238,697750,买盘
10:52:09,29.32,0.0,58,170056,买盘
10:52:12,29.33,0.01,85,249243,买盘
10:52:15,29.33,0.0,49,143753,卖盘
10:52:18,29.34,0.01,3,8800,中性盘
10:52:21,29.34,0.0,77,225913,买盘
10:52:25,29.35,0.01,40,117389,买盘
10:52:27,29.35,0.0,80,234725,买盘
10:52:30,29.34,-0.01,72,211253,卖盘
10:52:33,29.35,0.01,72,211317,买盘
10:52:37,29.35,0.0,14,41090,买盘
10:52:39,29.35,0.0,185,542922,卖盘
10:52:43,29.36,0.01,51,149689,买盘
10:52:45,29.36,0.0,99,290656,买盘
10:52:48,29.36,0.0,246,722020,买盘
10:52:51,29.35,-0.01,1,2935,卖盘
10:52:54,29.36,0.01,19,55782,买盘
10:52:58,29.36,0.0,119,349367,卖盘
10:53:00,29.36,0.0,105,308308,卖盘
10:53:04,29.36,0.0,160,469760,买盘
10:53:06,29.37,0.01,126,370060,买盘
10:53:10,29.37,0.0,27,79299,中性盘
10:53:12,29.38,0.01,65,190934,买盘
10:53:16,29.38,0.0,193,566984,买盘
10:53:18,29.39,0.01,162,476118,买盘
10:53:21,29.39,0.0,66,193974,卖盘
10:53:25,29.39,0.0,11,32329,卖盘
10:53:27,29.4,0.01,3,8820,买盘
10:53:31,29.4,0.0,73,214569,买盘
10:53:33,29.39,-0.01,144,423250,卖盘
10:53:36,29.4,0.01,41,120539,买盘
10:53:39,29.4,0.0,76,223390,买盘
10:53:42,29.4,0.0,32,94049,买盘
10:53:45,29.4,0.0,37,108778,买盘
10:53:48,29.38,-0.02,56,164573,卖盘
10:53:51,29.4,0.02,15,44100,买盘
10:53:55,29.39,-0.01,29,85231,卖盘
10:53:57,29.39,0.0,54,158739,卖盘
10:54:00,29.39,0.0,142,417338,卖盘
10:54:03,29.39,0.0,4,11756,买盘
10:54:06,29.39,0.0,33,96987,买盘
10:54:09,29.38,-0.01,20,58760,卖盘
10:54:13,29.39,0.01,161,473037,买盘
10:54:13,29.39,0.0,59,173401,买盘
10:54:18,29.39,0.0,57,167469,买盘
10:54:24,29.39,0.0,24,70529,买盘
10:54:28,29.39,0.0,58,170461,买盘
10:54:30,29.39,0.0,79,232122,买盘
10:54:33,29.39,0.0,1,2939,买盘
10:54:37,29.36,-0.03,991,2909517,卖盘
10:54:37,29.36,0.0,1,2936,买盘
10:54:43,29.36,0.0,35,102760,买盘
10:54:45,29.36,0.0,222,651791,买盘
10:54:46,29.36,0.0,74,217060,买盘
10:54:51,29.34,-0.02,50,146700,买盘
10:54:52,29.34,0.0,4,11736,买盘
10:54:58,29.34,0.0,100,293400,买盘
10:55:00,29.34,0.0,268,786263,买盘
10:55:03,29.34,0.0,63,184841,卖盘
10:55:06,29.34,0.0,3,8802,买盘
10:55:09,29.34,0.0,10,29340,卖盘
10:55:12,29.34,0.0,20,58685,卖盘
10:55:15,29.35,0.01,34,99789,买盘
10:55:18,29.35,0.0,2,5870,买盘
10:55:21,29.34,-0.01,1,2934,卖盘
10:55:25,29.35,0.01,21,61625,买盘
10:55:27,29.35,0.0,54,158484,买盘
10:55:28,29.34,-0.01,66,193656,卖盘
10:55:33,29.35,0.01,23,67500,买盘
10:55:36,29.35,0.0,41,120334,买盘
10:55:39,29.35,0.0,17,49890,买盘
10:55:42,29.35,0.0,12,35220,买盘
10:55:44,29.35,0.0,95,278824,买盘
10:55:48,29.35,0.0,40,117399,买盘
10:55:50,29.35,0.0,60,176094,买盘
10:55:54,29.34,-0.01,185,542863,卖盘
10:55:57,29.35,0.01,42,123268,买盘
10:55:58,29.35,0.0,84,246488,买盘
10:56:03,29.35,0.0,27,79245,买盘
10:56:06,29.34,-0.01,86,252406,卖盘
10:56:08,29.35,0.01,39,114462,买盘
10:56:13,29.34,-0.01,17,49882,卖盘
10:56:16,29.35,0.01,97,284695,买盘
10:56:18,29.35,0.0,48,140879,买盘
10:56:21,29.35,0.0,1,2935,卖盘
10:56:24,29.35,0.0,9,26416,卖盘
10:56:27,29.35,0.0,14,41090,卖盘
10:56:30,29.35,0.0,68,199580,卖盘
10:56:31,29.36,0.01,2,5872,买盘
10:56:36,29.36,0.0,46,135056,买盘
10:56:39,29.35,-0.01,15,44029,卖盘
10:56:40,29.35,0.0,57,167295,卖盘
10:56:45,29.35,0.0,42,123306,卖盘
10:56:51,29.36,0.01,89,261302,买盘
10:56:54,29.36,0.0,10,29360,卖盘
10:57:01,29.36,0.0,54,158544,卖盘
10:57:03,29.37,0.01,40,117454,买盘
10:57:06,29.36,-0.01,40,117474,卖盘
10:57:12,29.36,0.0,124,364167,卖盘
10:57:15,29.36,0.0,12,35232,卖盘
10:57:18,29.36,0.0,51,149769,卖盘
10:57:21,29.37,0.01,16,46990,买盘
10:57:24,29.36,-0.01,13,38169,卖盘
10:57:27,29.37,0.01,245,719562,买盘
10:57:30,29.37,0.0,367,1077539,买盘
10:57:32,29.36,-0.01,6,17619,卖盘
10:57:36,29.36,0.0,136,399329,卖盘
10:57:39,29.36,0.0,8,23488,卖盘
10:57:42,29.35,-0.01,261,766045,卖盘
10:57:45,29.35,0.0,21,61635,买盘
10:57:48,29.34,-0.01,200,586907,卖盘
10:57:51,29.36,0.02,216,634130,买盘
10:57:54,29.36,0.0,42,123312,卖盘
10:57:57,29.36,0.0,4,11744,卖盘
10:58:00,29.36,0.0,60,176160,卖盘
10:58:03,29.36,0.0,10,29360,卖盘
10:58:07,29.35,-0.01,41,120373,卖盘
10:58:09,29.36,0.01,9,26424,买盘
10:58:12,29.36,0.0,2,5872,买盘
10:58:15,29.36,0.0,19,55772,买盘
10:58:18,29.36,0.0,45,132118,买盘
10:58:21,29.35,-0.01,5,14675,卖盘
10:58:22,29.35,0.0,10,29352,卖盘
10:58:27,29.35,0.0,103,302338,卖盘
10:58:28,29.35,0.0,67,196655,卖盘
10:58:33,29.35,0.0,24,70440,卖盘
10:58:36,29.35,0.0,147,431481,卖盘
10:58:39,29.35,0.0,20,58705,卖盘
10:58:42,29.35,0.0,88,258296,卖盘
10:58:48,29.35,0.0,45,132108,卖盘
10:58:50,29.36,0.01,50,146753,买盘
10:58:53,29.35,-0.01,118,346342,卖盘
10:58:56,29.35,0.0,48,140918,卖盘
10:59:00,29.36,0.01,90,264176,买盘
10:59:03,29.35,-0.01,108,316990,卖盘
10:59:06,29.35,0.0,41,120369,卖盘
10:59:09,29.35,0.0,50,146750,卖盘
10:59:12,29.34,-0.01,21,61621,卖盘
10:59:15,29.34,0.0,36,105649,卖盘
10:59:18,29.35,0.01,86,252410,买盘
10:59:21,29.35,0.0,14,41088,买盘
10:59:24,29.34,-0.01,9,26406,卖盘
10:59:27,29.35,0.01,47,137935,买盘
10:59:30,29.34,-0.01,74,217138,卖盘
10:59:33,29.35,0.01,9,26413,买盘
10:59:36,29.35,0.0,61,179031,买盘
10:59:39,29.34,-0.01,80,234799,卖盘
10:59:42,29.35,0.01,16,46960,买盘
10:59:45,29.34,-0.01,326,956486,卖盘
10:59:48,29.34,0.0,245,718863,卖盘
10:59:51,29.34,0.0,21,61627,卖盘
10:59:54,29.34,0.0,23,67487,卖盘
10:59:57,29.34,0.0,56,164340,卖盘
11:00:00,29.34,0.0,63,184842,卖盘
11:00:03,29.34,0.0,36,105630,卖盘
11:00:06,29.34,0.0,48,140878,卖盘
11:00:09,29.34,0.0,38,111515,卖盘
11:00:12,29.38,0.04,848,2490302,买盘
11:00:15,29.38,0.0,99,290862,卖盘
11:00:16,29.38,0.0,5,14691,卖盘
11:00:21,29.39,0.01,1,2939,买盘
11:00:24,29.38,-0.01,9,26443,卖盘
11:00:27,29.39,0.01,33,96987,买盘
11:00:30,29.38,-0.01,125,367312,卖盘
11:00:33,29.39,0.01,23,67575,买盘
11:00:36,29.39,0.0,49,144011,买盘
11:00:39,29.38,-0.01,23,67574,卖盘
11:00:42,29.38,0.0,31,91107,卖盘
11:00:45,29.39,0.01,138,405582,买盘
11:00:47,29.4,0.01,29,85260,买盘
11:00:50,29.39,-0.01,201,590739,卖盘
11:00:54,29.39,0.0,26,76424,卖盘
11:00:57,29.4,0.01,136,399943,买盘
11:00:58,29.39,-0.01,65,191050,卖盘
11:01:01,29.4,0.01,11,32339,中性盘
11:01:06,29.4,0.0,92,270422,买盘
11:01:09,29.39,-0.01,113,332117,卖盘
11:01:12,29.4,0.01,41,120536,买盘
11:01:15,29.39,-0.01,18,52905,卖盘
11:01:18,29.4,0.01,33,97020,买盘
11:01:20,29.42,0.02,233,685292,买盘
11:01:24,29.42,0.0,64,188288,卖盘
11:01:25,29.42,0.0,22,64724,卖盘
11:01:30,29.42,0.0,259,761984,卖盘
11:01:32,29.42,0.0,493,1450407,卖盘
11:01:35,29.42,0.0,44,129428,买盘
11:01:37,29.42,0.0,2,5884,买盘
11:01:42,29.41,-0.01,1,2941,中性盘
11:01:45,29.41,0.0,36,105876,买盘
11:01:48,29.4,-0.01,34,99993,卖盘
11:01:51,29.41,0.01,1,2941,买盘
11:01:54,29.4,-0.01,8,23520,卖盘
11:01:57,29.4,0.0,74,217633,卖盘
11:01:58,29.4,0.0,190,558542,卖盘
11:02:03,29.39,-0.01,30,88171,卖盘
11:02:05,29.4,0.01,52,152880,买盘
11:02:09,29.39,-0.01,3,8818,卖盘
11:02:11,29.4,0.01,6,17639,买盘
11:02:15,29.4,0.0,50,146967,买盘
11:02:18,29.4,0.0,97,285170,买盘
11:02:21,29.39,-0.01,41,120517,卖盘
11:02:24,29.39,0.0,15,44091,卖盘
11:02:25,29.4,0.01,109,320358,买盘
11:02:28,29.39,-0.01,8,23515,卖盘
11:02:33,29.39,0.0,38,111682,买盘
11:02:36,29.39,0.0,34,99926,买盘
11:02:39,29.39,0.0,6,17634,买盘
11:02:42,29.38,-0.01,6,17630,卖盘
11:02:45,29.38,0.0,20,58760,卖盘
11:02:48,29.38,0.0,110,323212,卖盘
11:02:51,29.38,0.0,62,182201,卖盘
11:02:54,29.38,0.0,96,281982,卖盘
11:02:57,29.39,0.01,53,155734,买盘
11:03:00,29.39,0.0,3,8817,卖盘
11:03:03,29.38,-0.01,116,340821,卖盘
11:03:06,29.38,0.0,33,96954,买盘
11:03:07,29.38,0.0,1,2938,买盘
11:03:12,29.38,0.0,8,23504,买盘
11:03:15,29.38,0.0,24,70455,买盘
11:03:18,29.36,-0.02,48,141020,卖盘
11:03:20,29.38,0.02,44,129186,买盘
11:03:24,29.38,0.0,130,381938,买盘
11:03:25,29.38,0.0,5,14690,卖盘
11:03:28,29.38,0.0,51,149838,卖盘
11:03:33,29.38,0.0,6,17631,卖盘
11:03:36,29.39,0.01,59,173385,买盘
11:03:39,29.39,0.0,25,73459,买盘
11:03:47,29.38,-0.01,94,276206,卖盘
11:03:51,29.38,0.0,20,58762,卖盘
11:03:54,29.39,0.01,1,2939,买盘
11:03:57,29.39,0.0,57,167513,买盘
11:04:00,29.39,0.0,6,19276,买盘
11:04:03,29.38,-0.01,53,155714,卖盘
11:04:06,29.39,0.01,54,158705,买盘
11:04:09,29.38,-0.01,47,138132,卖盘
11:04:12,29.39,0.01,5,14692,买盘
11:04:15,29.38,-0.01,206,604854,卖盘
11:04:18,29.37,-0.01,131,384154,卖盘
11:04:21,29.36,-0.01,63,185007,卖盘
11:04:26,29.37,0.01,42,123354,卖盘
11:04:30,29.36,-0.01,233,684327,卖盘
11:04:33,29.37,0.01,28,82226,买盘
11:04:35,29.36,-0.01,70,205522,卖盘
11:04:39,29.37,0.01,34,99858,买盘
11:04:42,29.37,0.0,388,1139501,买盘
11:04:44,29.38,0.01,116,340699,买盘
11:04:51,29.38,0.0,33,96954,买盘
11:04:57,29.38,0.0,59,173323,买盘
11:04:59,29.38,0.0,4,11752,买盘
11:05:03,29.38,0.0,67,196793,买盘
11:05:06,29.38,0.0,32,94016,买盘
11:05:09,29.38,0.0,154,452357,买盘
11:05:15,29.38,0.0,35,102803,买盘
11:05:18,29.37,-0.01,53,155696,卖盘
11:05:20,29.37,0.0,103,302514,卖盘
11:05:24,29.37,0.0,42,123374,卖盘
11:05:27,29.38,0.01,321,943091,买盘
11:05:29,29.38,0.0,1,2938,卖盘
11:05:33,29.38,0.0,110,323179,卖盘
11:05:36,29.38,0.0,52,152757,卖盘
11:05:39,29.39,0.01,53,155766,买盘
11:05:42,29.38,-0.01,7,20572,卖盘
11:05:47,29.38,0.0,39,114616,卖盘
11:05:51,29.39,0.01,104,305637,买盘
11:05:54,29.39,0.0,15,44075,买盘
11:05:57,29.38,-0.01,124,364345,卖盘
11:06:00,29.38,0.0,307,902504,卖盘
11:06:02,29.38,0.0,96,283709,卖盘
11:06:06,29.41,0.03,61,179401,买盘
11:06:09,29.39,-0.02,172,505420,卖盘
11:06:12,29.4,0.01,67,196904,中性盘
11:06:15,29.4,0.0,15,44103,卖盘
11:06:18,29.4,0.0,46,134676,卖盘
11:06:21,29.39,-0.01,22,65266,卖盘
11:06:24,29.39,0.0,5,14694,买盘
11:06:27,29.39,0.0,163,479048,买盘
11:06:29,29.38,-0.01,101,296802,卖盘
11:06:33,29.38,0.0,62,182156,卖盘
11:06:36,29.38,0.0,27,79328,卖盘
11:06:39,29.39,0.01,75,220419,买盘
11:06:42,29.38,-0.01,53,155765,卖盘
11:06:45,29.39,0.01,82,240991,买盘
11:06:48,29.39,0.0,332,974959,买盘
11:06:51,29.38,-0.01,106,311527,卖盘
11:06:54,29.39,0.01,47,138159,中性盘
11:06:57,29.4,0.01,120,352716,买盘
11:06:59,29.39,-0.01,114,335046,卖盘
11:07:03,29.38,-0.01,101,296731,卖盘
11:07:06,29.38,0.0,12,35254,买盘
11:07:08,29.38,0.0,46,135148,买盘
11:07:12,29.38,0.0,26,76388,买盘
11:07:14,29.37,-0.01,8,22592,卖盘
11:07:18,29.37,0.0,112,328984,卖盘
11:07:21,29.37,0.0,56,164491,卖盘
11:07:23,29.37,0.0,75,220291,卖盘
11:07:26,29.37,0.0,227,666750,卖盘
11:07:30,29.38,0.01,131,384635,买盘
11:07:33,29.37,-0.01,31,91025,中性盘
11:07:36,29.36,-0.01,24,70473,卖盘
11:07:39,29.37,0.01,42,123352,买盘
11:07:42,29.36,-0.01,154,452148,卖盘
11:07:45,29.36,0.0,37,108632,卖盘
11:07:47,29.35,-0.01,95,279522,卖盘
11:07:51,29.36,0.01,84,246640,中性盘
11:07:54,29.35,-0.01,89,261292,卖盘
11:07:57,29.35,0.0,67,196692,卖盘
11:08:00,29.35,0.0,655,1922962,卖盘
11:08:03,29.35,0.0,115,337576,卖盘
11:08:05,29.35,0.0,17,49901,卖盘
11:08:08,29.35,0.0,214,628131,卖盘
11:08:12,29.35,0.0,28,82186,卖盘
11:08:14,29.35,0.0,135,396275,卖盘
11:08:17,29.35,0.0,200,587036,卖盘
11:08:21,29.35,0.0,185,542990,卖盘
11:08:24,29.35,0.0,35,102738,卖盘
11:08:27,29.36,0.01,41,120369,买盘
11:08:30,29.35,-0.01,149,437334,卖盘
11:08:33,29.35,0.0,72,211358,买盘
11:08:36,29.35,0.0,49,143815,买盘
11:08:39,29.34,-0.01,678,1989337,卖盘
11:08:42,29.35,0.01,129,378500,买盘
11:08:45,29.34,-0.01,104,305156,卖盘
11:08:48,29.35,0.01,244,716275,买盘
11:08:51,29.34,-0.01,44,129112,卖盘
11:08:54,29.34,0.0,50,146721,卖盘
11:08:57,29.35,0.01,105,308142,买盘
11:09:00,29.34,-0.01,160,469456,卖盘
11:09:03,29.34,0.0,202,592678,卖盘
11:09:06,29.33,-0.01,247,724621,卖盘
11:09:09,29.33,0.0,139,407732,卖盘
11:09:11,29.33,0.0,116,340260,卖盘
11:09:15,29.33,0.0,70,205352,卖盘
11:09:18,29.33,0.0,142,416597,卖盘
11:09:21,29.34,0.01,360,1056240,买盘
11:09:24,29.34,0.0,47,137898,买盘
11:09:27,29.35,0.01,558,1637501,买盘
11:09:30,29.35,0.0,110,322850,卖盘
11:09:32,29.35,0.0,114,334590,卖盘
11:09:36,29.36,0.01,83,243607,买盘
11:09:39,29.35,-0.01,110,322888,卖盘
11:09:42,29.36,0.01,161,472466,买盘
11:09:45,29.35,-0.01,58,170241,中性盘
11:09:48,29.34,-0.01,93,270826,卖盘
11:09:51,29.34,0.0,44,129110,卖盘
11:09:54,29.33,-0.01,215,630843,卖盘
11:09:57,29.34,0.01,116,340339,中性盘
11:10:00,29.34,0.0,234,686614,卖盘
11:10:03,29.34,0.0,94,275819,卖盘
11:10:06,29.34,0.0,79,231792,卖盘
11:10:09,29.34,0.0,234,688126,卖盘
11:10:12,29.34,0.0,24,70419,卖盘
11:10:15,29.34,0.0,28,82154,卖盘
11:10:18,29.34,0.0,118,346297,卖盘
11:10:21,29.34,0.0,149,437168,卖盘
11:10:23,29.34,0.0,20,58682,卖盘
11:10:27,29.34,0.0,87,255311,卖盘
11:10:30,29.34,0.0,223,654340,卖盘
11:10:33,29.35,0.01,343,1006448,买盘
11:10:36,29.35,0.0,168,492925,买盘
11:10:38,29.34,-0.01,57,167280,卖盘
11:10:42,29.34,0.0,111,325775,卖盘
11:10:45,29.35,0.01,75,220120,买盘
11:10:48,29.35,0.0,207,607377,买盘
11:10:51,29.35,0.0,4,11739,买盘
11:10:54,29.35,0.0,215,631025,买盘
11:10:57,29.35,0.0,90,264061,买盘
11:11:00,29.34,-0.01,330,968496,卖盘
11:11:03,29.35,0.01,321,941946,买盘
11:11:06,29.35,0.0,162,475443,卖盘
11:11:09,29.35,0.0,85,249475,卖盘
11:11:12,29.36,0.01,3,8808,买盘
11:11:15,29.36,0.0,10,29360,买盘
11:11:17,29.36,0.0,49,143851,买盘
11:11:20,29.35,-0.01,31,90985,卖盘
11:11:24,29.31,-0.04,3838,11255889,卖盘
11:11:26,29.31,0.0,480,1407204,卖盘
11:11:30,29.31,0.0,589,1727333,卖盘
11:11:33,29.34,0.03,125,366570,买盘
11:11:36,29.32,-0.02,153,448640,卖盘
11:11:39,29.32,0.0,206,603879,卖盘
11:11:42,29.32,0.0,210,615555,买盘
11:11:45,29.31,-0.01,74,216929,卖盘
11:11:48,29.32,0.01,82,240400,买盘
11:11:51,29.32,0.0,221,647910,买盘
11:11:55,29.32,0.0,181,530684,卖盘
11:11:57,29.32,0.0,183,536452,卖盘
11:12:00,29.32,0.0,199,583468,买盘
11:12:03,29.32,0.0,88,258016,买盘
11:12:05,29.32,0.0,56,164192,卖盘
11:12:08,29.32,0.0,163,477916,卖盘
11:12:11,29.33,0.01,29,85057,买盘
11:12:15,29.33,0.0,33,96779,买盘
11:12:18,29.32,-0.01,496,1454170,卖盘
11:12:21,29.31,-0.01,349,1022981,卖盘
11:12:24,29.32,0.01,141,413299,买盘
11:12:26,29.31,-0.01,43,126054,卖盘
11:12:30,29.31,0.0,182,533528,卖盘
11:12:33,29.32,0.01,86,252148,买盘
11:12:36,29.32,0.0,65,190526,买盘
11:12:39,29.32,0.0,106,310742,买盘
11:12:42,29.31,-0.01,28,82086,卖盘
11:12:45,29.31,0.0,101,296042,卖盘
11:12:47,29.31,0.0,337,987816,卖盘
11:12:51,29.31,0.0,125,366428,卖盘
11:12:54,29.32,0.01,307,900124,买盘
11:12:56,29.32,0.0,123,360623,买盘
11:13:00,29.32,0.0,169,495508,卖盘
11:13:03,29.32,0.0,180,527760,卖盘
11:13:05,29.33,0.01,195,571876,买盘
11:13:09,29.33,0.0,36,105588,买盘
11:13:12,29.33,0.0,65,190586,买盘
11:13:15,29.33,0.0,125,366616,买盘
11:13:18,29.33,0.0,135,395881,买盘
11:13:21,29.33,0.0,39,114385,买盘
11:13:24,29.33,0.0,56,164217,买盘
11:13:27,29.32,-0.01,267,782916,卖盘
11:13:30,29.32,0.0,159,466200,卖盘
11:13:32,29.32,0.0,60,175974,卖盘
11:13:36,29.33,0.01,119,348968,买盘
11:13:38,29.33,0.0,253,741843,买盘
11:13:42,29.32,-0.01,209,612791,卖盘
11:13:45,29.32,0.0,103,302026,卖盘
11:13:48,29.32,0.0,98,287378,卖盘
11:13:51,29.32,0.0,83,243393,卖盘
11:13:54,29.32,0.0,29,85951,卖盘
11:13:57,29.32,0.0,23,67440,卖盘
11:14:00,29.32,0.0,400,1173133,卖盘
11:14:03,29.32,0.0,56,164247,卖盘
11:14:05,29.32,0.0,104,304906,卖盘
11:14:08,29.32,0.0,250,732866,买盘
11:14:12,29.33,0.01,583,1708823,买盘
11:14:15,29.31,-0.02,108,316593,卖盘
11:14:17,29.31,0.0,92,269714,卖盘
11:14:21,29.31,0.0,234,685900,卖盘
11:14:24,29.32,0.01,51,149530,买盘
11:14:26,29.31,-0.01,118,345963,卖盘
11:14:30,29.31,0.0,536,1571056,卖盘
11:14:33,29.31,0.0,192,562783,卖盘
11:14:36,29.31,0.0,111,325345,卖盘
11:14:38,29.31,0.0,94,275568,卖盘
11:14:42,29.32,0.01,111,325450,买盘
11:14:45,29.32,0.0,4,11728,买盘
11:14:48,29.32,0.0,203,595031,买盘
11:14:51,29.32,0.0,4,11726,买盘
11:14:57,29.31,-0.01,15,43971,卖盘
11:15:00,29.31,0.0,307,899981,卖盘
11:15:03,29.3,-0.01,164,480658,卖盘
11:15:06,29.3,0.0,78,228563,卖盘
11:15:08,29.31,0.01,293,858783,买盘
11:15:12,29.3,-0.01,92,269651,卖盘
11:15:15,29.3,0.0,53,155307,卖盘
11:15:18,29.31,0.01,76,222725,买盘
11:15:21,29.31,0.0,109,319466,买盘
11:15:24,29.31,0.0,20,58616,买盘
11:15:27,29.3,-0.01,419,1227740,卖盘
11:15:30,29.31,0.01,348,1019859,买盘
11:15:32,29.3,-0.01,194,568509,卖盘
11:15:36,29.31,0.01,518,1518164,买盘
11:15:39,29.31,0.0,195,571595,卖盘
11:15:42,29.31,0.0,152,445521,卖盘
11:15:44,29.31,0.0,12,35181,卖盘
11:15:48,29.32,0.01,3,8796,买盘
11:15:51,29.32,0.0,5,14660,买盘
11:15:53,29.32,0.0,90,263801,买盘
11:15:57,29.32,0.0,80,234554,买盘
11:15:59,29.32,0.0,528,1548037,买盘
11:16:03,29.32,0.0,117,343044,卖盘
11:16:06,29.32,0.0,5,14662,卖盘
11:16:09,29.32,0.0,76,222845,卖盘
11:16:12,29.33,0.01,52,152516,买盘
11:16:14,29.33,0.0,60,175938,买盘
11:16:18,29.33,0.0,18,52788,买盘
11:16:21,29.33,0.0,94,275614,买盘
11:16:24,29.32,-0.01,2,5864,卖盘
11:16:27,29.33,0.01,64,187667,买盘
11:16:29,29.32,-0.01,130,381168,卖盘
11:16:33,29.33,0.01,69,202377,买盘
11:16:36,29.33,0.0,28,82118,买盘
11:16:39,29.33,0.0,315,923640,买盘
11:16:42,29.32,-0.01,101,296185,卖盘
11:16:45,29.32,0.0,55,161291,卖盘
11:16:48,29.32,0.0,78,228702,卖盘
11:16:50,29.33,0.01,46,134892,买盘
11:16:54,29.32,-0.01,86,252185,卖盘
11:16:56,29.32,0.0,38,108809,卖盘
11:17:00,29.33,0.01,107,313822,买盘
11:17:06,29.33,0.0,10,29330,买盘
11:17:09,29.32,-0.01,745,2186987,卖盘
11:17:11,29.31,-0.01,126,369335,卖盘
11:17:15,29.31,0.0,123,360531,卖盘
11:17:18,29.32,0.01,73,214002,买盘
11:17:21,29.31,-0.01,114,334168,卖盘
11:17:24,29.31,0.0,21,61557,卖盘
11:17:27,29.31,0.0,35,102608,卖盘
11:17:29,29.31,0.0,32,93806,卖盘
11:17:33,29.31,0.0,285,835593,卖盘
11:17:35,29.32,0.01,36,105534,买盘
11:17:38,29.31,-0.01,109,319531,卖盘
11:17:42,29.31,0.0,110,322460,卖盘
11:17:44,29.31,0.0,20,58638,卖盘
11:17:47,29.31,0.0,273,799538,卖盘
11:17:51,29.31,0.0,14,41034,卖盘
11:17:53,29.31,0.0,36,105539,卖盘
11:17:56,29.32,0.01,14,41048,买盘
11:18:00,29.31,-0.01,81,237467,卖盘
11:18:03,29.31,0.0,18,52764,卖盘
11:18:05,29.32,0.01,57,167118,买盘
11:18:09,29.31,-0.01,142,416210,卖盘
11:18:12,29.32,0.01,31,90891,买盘
11:18:15,29.32,0.0,67,196393,买盘
11:18:18,29.31,-0.01,108,316589,卖盘
11:18:21,29.32,0.01,50,146193,买盘
11:18:24,29.32,0.0,16,46912,买盘
11:18:26,29.32,0.0,28,82088,买盘
11:18:30,29.31,-0.01,64,187609,卖盘
11:18:33,29.31,0.0,44,128997,卖盘
11:18:35,29.31,0.0,123,361441,卖盘
11:18:39,29.31,0.0,323,946976,卖盘
11:18:42,29.32,0.01,111,325713,买盘
11:18:45,29.31,-0.01,10,29319,卖盘
11:18:47,29.32,0.01,31,90892,买盘
11:18:50,29.32,0.0,27,79164,买盘
11:18:54,29.32,0.0,40,117279,买盘
11:18:56,29.32,0.0,28,82096,买盘
11:19:00,29.31,-0.01,47,137793,卖盘
11:19:03,29.31,0.0,486,1424489,卖盘
11:19:06,29.32,0.01,65,190555,买盘
11:19:08,29.31,-0.01,90,263790,卖盘
11:19:12,29.31,0.0,52,152442,卖盘
11:19:15,29.32,0.01,123,360616,买盘
11:19:18,29.32,0.0,122,357683,买盘
11:19:20,29.32,0.0,143,419240,买盘
11:19:24,29.32,0.0,73,214036,买盘
11:19:26,29.31,-0.01,10,29319,卖盘
11:19:30,29.31,0.0,134,392795,卖盘
11:19:33,29.31,0.0,11,32251,卖盘
11:19:36,29.32,0.01,288,844203,买盘
11:19:38,29.32,0.0,79,231628,卖盘
11:19:42,29.33,0.01,4,11729,买盘
11:19:45,29.32,-0.01,97,284404,卖盘
11:19:48,29.32,0.0,142,416356,卖盘
11:19:51,29.32,0.0,139,407658,卖盘
11:19:54,29.32,0.0,49,143668,卖盘
11:19:57,29.32,0.0,174,510053,买盘
11:20:00,29.32,0.0,37,108482,买盘
11:20:03,29.31,-0.01,99,290183,卖盘
11:20:05,29.31,0.0,62,181762,卖盘
11:20:09,29.32,0.01,128,375243,买盘
11:20:12,29.32,0.0,102,299030,买盘
11:20:15,29.31,-0.01,60,174240,卖盘
11:20:18,29.31,0.0,223,653798,卖盘
11:20:21,29.31,0.0,93,272655,卖盘
11:20:24,29.31,0.0,134,392791,卖盘
11:20:27,29.32,0.01,81,237462,买盘
11:20:30,29.31,-0.01,207,606860,卖盘
11:20:33,29.32,0.01,82,240408,买盘
11:20:35,29.32,0.0,2,5864,卖盘
11:20:39,29.33,0.01,87,255087,买盘
11:20:42,29.32,-0.01,2,5864,卖盘
11:20:45,29.33,0.01,3,8798,买盘
11:20:48,29.32,-0.01,31,90893,卖盘
11:20:51,29.32,0.0,71,208211,卖盘
11:20:53,29.32,0.0,67,196446,卖盘
11:20:57,29.32,0.0,83,243365,卖盘
11:21:00,29.32,0.0,128,375329,卖盘
11:21:03,29.32,0.0,133,389272,卖盘
11:21:06,29.32,0.0,18,52776,卖盘
11:21:09,29.33,0.01,223,653976,买盘
11:21:11,29.32,-0.01,29,85028,卖盘
11:21:14,29.32,0.0,78,228720,卖盘
11:21:18,29.32,0.0,105,307876,卖盘
11:21:21,29.32,0.0,97,285591,卖盘
11:21:24,29.31,-0.01,191,559863,卖盘
11:21:27,29.31,0.0,41,120198,卖盘
11:21:29,29.32,0.01,95,278504,中性盘
11:21:32,29.31,-0.01,69,202297,卖盘
11:21:36,29.32,0.01,47,137775,买盘
11:21:39,29.32,0.0,126,369378,买盘
11:21:41,29.31,-0.01,38,111383,卖盘
11:21:45,29.31,0.0,80,234492,卖盘
11:21:48,29.32,0.01,33,96746,买盘
11:21:50,29.31,-0.01,141,413324,卖盘
11:21:54,29.32,0.01,6,17589,买盘
11:21:57,29.32,0.0,143,419149,买盘
11:22:00,29.32,0.0,48,140728,买盘
11:22:03,29.32,0.0,61,178818,买盘
11:22:06,29.32,0.0,23,67436,买盘
11:22:08,29.32,0.0,171,501304,买盘
11:22:12,29.32,0.0,228,668390,买盘
11:22:15,29.31,-0.01,97,284354,卖盘
11:22:18,29.32,0.01,114,334168,买盘
11:22:21,29.31,-0.01,88,257989,卖盘
11:22:24,29.32,0.01,302,885464,买盘
11:22:27,29.32,0.0,89,260948,卖盘
11:22:30,29.32,0.0,16,46912,卖盘
11:22:33,29.33,0.01,6,17595,买盘
11:22:36,29.33,0.0,8,23461,买盘
11:22:39,29.32,-0.01,197,577673,卖盘
11:22:41,29.33,0.01,16,46928,买盘
11:22:45,29.34,0.01,163,478054,买盘
11:22:48,29.32,-0.02,2,5864,卖盘
11:22:50,29.34,0.02,108,316870,买盘
11:22:54,29.34,0.0,33,96822,买盘
11:22:56,29.33,-0.01,4,11735,卖盘
11:23:00,29.34,0.01,102,299238,买盘
11:23:03,29.34,0.0,46,134962,买盘
11:23:06,29.33,-0.01,25,73335,卖盘
11:23:09,29.34,0.01,97,284542,中性盘
11:23:12,29.33,-0.01,68,199476,卖盘
11:23:14,29.34,0.01,71,208296,买盘
11:23:18,29.34,0.0,13,38141,买盘
11:23:21,29.33,-0.01,46,134952,卖盘
11:23:23,29.34,0.01,4,11734,买盘
11:23:27,29.34,0.0,4,11736,买盘
11:23:30,29.34,0.0,16,45644,买盘
11:23:33,29.33,-0.01,55,161353,卖盘
11:23:36,29.34,0.01,60,175989,买盘
11:23:40,29.32,-0.02,108,316760,卖盘
11:23:41,29.33,0.01,51,151204,中性盘
11:23:45,29.32,-0.01,50,145067,卖盘
11:23:48,29.33,0.01,35,102651,买盘
11:23:51,29.33,0.0,55,161298,买盘
11:23:53,29.33,0.0,14,42645,买盘
11:23:57,29.33,0.0,14,41060,卖盘
11:23:59,29.33,0.0,44,129050,买盘
11:24:03,29.33,0.0,158,463331,买盘
11:24:05,29.32,-0.01,110,322558,卖盘
11:24:09,29.33,0.01,136,398772,买盘
11:24:11,29.31,-0.02,1221,3579136,卖盘
11:24:14,29.31,0.0,100,293113,卖盘
11:24:18,29.31,0.0,167,489479,卖盘
11:24:21,29.33,0.02,67,196491,买盘
11:24:24,29.32,-0.01,42,123140,中性盘
11:24:26,29.31,-0.01,36,105527,卖盘
11:24:30,29.32,0.01,98,287275,买盘
11:24:33,29.31,-0.01,179,524454,卖盘
11:24:35,29.31,0.0,11,32242,卖盘
11:24:39,29.32,0.01,160,468979,买盘
11:24:42,29.32,0.0,52,152455,买盘
11:24:45,29.32,0.0,45,131924,买盘
11:24:48,29.32,0.0,17,49844,买盘
11:24:51,29.32,0.0,59,172988,买盘
11:24:54,29.32,0.0,63,184710,买盘
11:24:57,29.31,-0.01,69,202242,卖盘
11:24:59,29.31,0.0,233,682923,卖盘
11:25:02,29.31,0.0,168,492447,卖盘
11:25:05,29.31,0.0,59,172929,卖盘
11:25:09,29.31,0.0,147,430894,卖盘
11:25:12,29.31,0.0,88,257993,卖盘
11:25:15,29.32,0.01,39,114348,买盘
11:25:18,29.32,0.0,8,23450,买盘
11:25:21,29.31,-0.01,64,187630,卖盘
11:25:24,29.31,0.0,67,196380,卖盘
11:25:26,29.31,0.0,141,413386,卖盘
11:25:30,29.31,0.0,29,84999,卖盘
11:25:33,29.31,0.0,43,126066,卖盘
11:25:36,29.31,0.0,28,82078,卖盘
11:25:39,29.31,0.0,262,768129,卖盘
11:25:42,29.33,0.02,267,781626,买盘
11:25:45,29.32,-0.01,47,137836,卖盘
11:25:48,29.32,0.0,19,55708,卖盘
11:25:51,29.34,0.02,72,211150,买盘
11:25:53,29.35,0.01,65,190771,买盘
11:25:57,29.32,-0.03,64,187742,卖盘
11:26:00,29.34,0.02,14,41079,卖盘
11:26:03,29.35,0.01,33,96855,买盘
11:26:10,29.34,-0.01,52,152568,卖盘
11:26:12,29.34,0.0,49,143804,卖盘
11:26:14,29.35,0.01,20,58699,买盘
11:26:18,29.34,-0.01,77,225919,卖盘
11:26:20,29.34,0.0,46,134998,卖盘
11:26:23,29.35,0.01,250,733735,买盘
11:26:27,29.36,0.01,52,152648,买盘
11:26:30,29.36,0.0,20,58712,买盘
11:26:32,29.36,0.0,63,184966,买盘
11:26:36,29.35,-0.01,5,14677,卖盘
11:26:38,29.35,0.0,54,158490,卖盘
11:26:42,29.36,0.01,32,93952,买盘
11:26:45,29.35,-0.01,101,297531,卖盘
11:26:48,29.36,0.01,2,5872,买盘
11:26:50,29.36,0.0,56,164401,买盘
11:26:57,29.36,0.0,4,11742,买盘
11:27:00,29.36,0.0,26,76328,买盘
11:27:03,29.36,0.0,50,146800,买盘
11:27:06,29.35,-0.01,91,267155,卖盘
11:27:09,29.35,0.0,113,331660,卖盘
11:27:11,29.36,0.01,145,425628,买盘
11:27:15,29.35,-0.01,99,290630,卖盘
11:27:18,29.36,0.01,1,2936,买盘
11:27:21,29.36,0.0,104,305341,买盘
11:27:24,29.36,0.0,65,190828,买盘
11:27:26,29.35,-0.01,37,108628,卖盘
11:27:30,29.35,0.0,512,1502720,卖盘
11:27:33,29.35,0.0,140,410962,卖盘
11:27:36,29.36,0.01,147,431393,买盘
11:27:38,29.35,-0.01,200,586853,卖盘
11:27:42,29.35,0.0,39,114464,买盘
11:27:45,29.34,-0.01,16,46958,卖盘
11:27:48,29.35,0.01,12,35220,买盘
11:27:52,29.35,0.0,38,111530,买盘
11:27:55,29.35,0.0,9,26415,买盘
11:27:56,29.35,0.0,30,88040,买盘
11:28:00,29.35,0.0,28,82172,买盘
11:28:03,29.34,-0.01,33,96854,卖盘
11:28:06,29.35,0.01,35,102692,买盘
11:28:09,29.34,-0.01,75,220073,卖盘
11:28:12,29.35,0.01,35,102723,买盘
11:28:14,29.35,0.0,10,29350,买盘
11:28:18,29.34,-0.01,38,111492,卖盘
11:28:20,29.34,0.0,39,114460,卖盘
11:28:24,29.34,0.0,36,105646,卖盘
11:28:27,29.34,0.0,4,11738,卖盘
11:28:30,29.35,0.01,11,32277,买盘
11:28:33,29.35,0.0,34,99790,买盘
11:28:36,29.34,-0.01,6,18223,卖盘
11:28:39,29.34,0.0,11,32284,卖盘
11:28:42,29.37,0.03,2013,5911282,买盘
11:28:45,29.35,-0.02,415,1219198,卖盘
11:28:48,29.38,0.03,170,499293,中性盘
11:28:50,29.4,0.02,40,117595,买盘
11:28:55,29.4,0.0,23,67620,卖盘
11:28:56,29.39,-0.01,1,2939,卖盘
11:29:00,29.4,0.01,8,23517,买盘
11:29:04,29.4,0.0,58,170517,买盘
11:29:06,29.4,0.0,10,29400,买盘
11:29:10,29.4,0.0,10,29400,买盘
11:29:12,29.4,0.0,87,255726,买盘
11:29:16,29.39,-0.01,57,167516,卖盘
11:29:17,29.39,0.0,79,232180,买盘
11:29:22,29.39,0.0,72,211609,卖盘
11:29:25,29.38,-0.01,68,199823,卖盘
11:29:26,29.39,0.01,12,35268,买盘
11:29:30,29.38,-0.01,10,29381,卖盘
11:29:32,29.39,0.01,87,255642,买盘
11:29:36,29.39,0.0,90,264494,买盘
11:29:39,29.38,-0.01,82,240936,卖盘
11:29:42,29.38,0.0,107,314402,卖盘
11:29:45,29.38,0.0,40,117524,卖盘
11:29:48,29.38,0.0,41,120466,卖盘
11:29:52,29.39,0.01,107,314433,买盘
11:29:53,29.38,-0.01,24,70518,卖盘
11:29:57,29.38,0.0,26,76391,卖盘
11:30:00,29.39,0.01,2,5878,买盘
13:00:01,29.39,0.0,266,781542,买盘
13:00:04,29.39,0.0,1167,3430607,买盘
13:00:07,29.4,0.01,43,126388,买盘
13:00:10,29.4,0.0,222,652497,买盘
13:00:13,29.39,-0.01,171,502171,卖盘
13:00:15,29.38,-0.01,717,2106722,卖盘
13:00:17,29.38,0.0,303,890638,买盘
13:00:20,29.38,0.0,250,734503,卖盘
13:00:24,29.4,0.02,89,261590,买盘
13:00:28,29.38,-0.02,26,76390,卖盘
13:00:31,29.38,0.0,21,61902,卖盘
13:00:34,29.36,-0.02,316,925794,买盘
13:00:37,29.35,-0.01,659,1934630,卖盘
13:00:40,29.35,0.0,495,1452837,卖盘
13:00:43,29.34,-0.01,256,753430,卖盘
13:00:45,29.34,0.0,345,1012230,卖盘
13:00:49,29.32,-0.02,580,1701133,卖盘
13:00:50,29.33,0.01,191,560390,中性盘
13:00:55,29.33,0.0,36,105709,卖盘
13:00:58,29.34,0.01,25,73252,买盘
13:01:01,29.33,-0.01,28,82127,中性盘
13:01:04,29.32,-0.01,145,424586,卖盘
13:01:07,29.33,0.01,4,11732,买盘
13:01:10,29.32,-0.01,32,93849,卖盘
13:01:13,29.33,0.01,108,316700,买盘
13:01:15,29.32,-0.01,13,38126,卖盘
13:01:17,29.33,0.01,5,14429,买盘
13:01:22,29.33,0.0,2,5866,买盘
13:01:25,29.32,-0.01,174,510229,卖盘
13:01:28,29.32,0.0,11,32252,卖盘
13:01:31,29.33,0.01,5,14665,买盘
13:01:34,29.32,-0.01,247,724243,卖盘
13:01:37,29.33,0.01,823,2412745,买盘
13:01:40,29.32,-0.01,204,597595,中性盘
13:01:41,29.33,0.01,118,345933,买盘
13:01:45,29.33,0.0,6,17597,买盘
13:01:49,29.31,-0.02,59,172945,卖盘
13:01:52,29.33,0.02,17,49829,买盘
13:01:55,29.32,-0.01,87,255166,卖盘
13:01:58,29.32,0.0,10,29318,卖盘
13:02:01,29.31,-0.01,79,231627,卖盘
13:02:04,29.32,0.01,170,497823,买盘
13:02:10,29.32,0.0,62,181783,买盘
13:02:13,29.31,-0.01,102,299010,卖盘
13:02:15,29.32,0.01,37,108474,买盘
13:02:19,29.31,-0.01,148,433812,卖盘
13:02:22,29.32,0.01,20,58640,买盘
13:02:23,29.31,-0.01,65,190557,卖盘
13:02:28,29.31,0.0,8,23448,卖盘
13:02:31,29.31,0.0,300,879302,卖盘
13:02:33,29.32,0.01,45,131932,买盘
13:02:37,29.31,-0.01,14,41034,卖盘
13:02:40,29.31,0.0,63,184662,卖盘
13:02:43,29.32,0.01,117,342983,买盘
13:02:46,29.31,-0.01,1,2931,卖盘
13:02:47,29.32,0.01,144,422091,买盘
13:02:50,29.31,-0.01,4,13717,卖盘
13:02:55,29.32,0.01,464,1360447,买盘
13:02:58,29.32,0.0,11,32252,卖盘
13:03:01,29.32,0.0,11,32252,卖盘
13:03:04,29.33,0.01,76,222900,买盘
13:03:07,29.33,0.0,1,2933,买盘
13:03:10,29.33,0.0,67,196475,买盘
13:03:13,29.33,0.0,108,316710,买盘
13:03:16,29.33,0.0,2,5865,买盘
13:03:19,29.33,0.0,12,35195,买盘
13:03:22,29.33,0.0,24,70392,买盘
13:03:25,29.32,-0.01,53,155443,卖盘
13:03:28,29.33,0.01,106,310886,买盘
13:03:31,29.33,0.0,10,29330,卖盘
13:03:34,29.33,0.0,25,73331,卖盘
13:03:37,29.33,0.0,3,8799,卖盘
13:03:40,29.34,0.01,6,17603,买盘
13:03:43,29.33,-0.01,61,178946,卖盘
13:03:46,29.32,-0.01,194,568948,卖盘
13:03:49,29.33,0.01,30,88020,卖盘
13:03:52,29.33,0.0,5,14665,卖盘
13:03:53,29.33,0.0,108,316816,卖盘
13:03:56,29.33,0.0,6,17598,买盘
13:04:00,29.33,0.0,33,96789,买盘
13:04:04,29.33,0.0,42,123179,买盘
13:04:07,29.33,0.0,11,32263,买盘
13:04:09,29.33,0.0,27,79179,买盘
13:04:12,29.33,0.0,63,184777,买盘
13:04:16,29.33,0.0,184,539618,买盘
13:04:19,29.33,0.0,25,73325,买盘
13:04:20,29.33,0.0,11,32262,买盘
13:04:25,29.33,0.0,114,334362,买盘
13:04:28,29.33,0.0,43,126108,买盘
13:04:30,29.33,0.0,5,14665,买盘
13:04:34,29.33,0.0,73,214101,买盘
13:04:37,29.32,-0.01,30,87970,卖盘
13:04:40,29.33,0.01,5,14665,买盘
13:04:43,29.33,0.0,126,369554,买盘
13:04:46,29.32,-0.01,108,316695,卖盘
13:04:49,29.33,0.01,24,70388,买盘
13:04:50,29.33,0.0,24,70392,买盘
13:04:55,29.32,-0.01,34,99721,卖盘
13:04:56,29.33,0.01,3,8797,买盘
13:05:01,29.33,0.0,28,82124,买盘
13:05:04,29.32,-0.01,238,697849,卖盘
13:05:07,29.32,0.0,13,38128,卖盘
13:05:08,29.33,0.01,9,26394,买盘
13:05:13,29.32,-0.01,13,38122,卖盘
13:05:15,29.32,0.0,101,296180,卖盘
13:05:17,29.32,0.0,45,131950,卖盘
13:05:22,29.32,0.0,32,93844,卖盘
13:05:25,29.33,0.01,38,109162,买盘
13:05:28,29.33,0.0,14,41050,买盘
13:05:31,29.32,-0.01,23,67449,卖盘
13:05:34,29.33,0.01,17,49853,买盘
13:05:37,29.32,-0.01,43,126114,卖盘
13:05:40,29.33,0.01,7,20531,买盘
13:05:41,29.33,0.0,58,170114,买盘
13:05:46,29.32,-0.01,93,272715,卖盘
13:05:49,29.33,0.01,19,55727,买盘
13:05:52,29.33,0.0,4,11732,买盘
13:05:55,29.32,-0.01,82,240495,卖盘
13:05:56,29.32,0.0,3,8796,卖盘
13:06:01,29.32,0.0,214,627469,卖盘
13:06:04,29.33,0.01,52,152500,买盘
13:06:07,29.33,0.0,8,23461,买盘
13:06:10,29.32,-0.01,101,296132,卖盘
13:06:13,29.32,0.0,1,2932,卖盘
13:06:16,29.32,0.0,100,293233,卖盘
13:06:17,29.32,0.0,4,11731,卖盘
13:06:22,29.32,0.0,20,58656,卖盘
13:06:23,29.32,0.0,49,145317,卖盘
13:06:28,29.33,0.01,61,178894,买盘
13:06:30,29.33,0.0,58,170102,买盘
13:06:33,29.33,0.0,41,120245,买盘
13:06:36,29.33,0.0,12,35195,买盘
13:06:40,29.33,0.0,26,76258,买盘
13:06:43,29.33,0.0,56,164248,买盘
13:06:46,29.33,0.0,121,354840,买盘
13:06:49,29.32,-0.01,37,108519,卖盘
13:06:52,29.33,0.01,24,70390,买盘
13:06:53,29.33,0.0,45,131985,买盘
13:06:56,29.33,0.0,37,108521,买盘
13:07:01,29.33,0.0,227,665799,买盘
13:07:04,29.32,-0.01,13,38121,卖盘
13:07:07,29.32,0.0,46,134910,卖盘
13:07:10,29.33,0.01,3,8799,卖盘
13:07:13,29.34,0.01,4,11736,买盘
13:07:16,29.34,0.0,93,272807,买盘
13:07:19,29.33,-0.01,3,8799,卖盘
13:07:22,29.33,0.0,9,26405,卖盘
13:07:25,29.34,0.01,33,96822,买盘
13:07:26,29.33,-0.01,12,35196,卖盘
13:07:31,29.34,0.01,22,64548,买盘
13:07:34,29.34,0.0,88,258177,买盘
13:07:40,29.33,-0.01,29,85074,卖盘
13:07:42,29.34,0.01,56,164293,买盘
13:07:45,29.34,0.0,90,264008,买盘
13:07:49,29.35,0.01,70,205448,买盘
13:07:50,29.34,-0.01,6,17608,卖盘
13:07:55,29.35,0.01,73,214215,买盘
13:07:58,29.34,-0.01,4,11739,卖盘
13:08:01,29.34,0.0,24,70418,卖盘
13:08:04,29.34,0.0,164,481179,卖盘
13:08:06,29.34,0.0,94,275796,买盘
13:08:09,29.34,0.0,4,11736,买盘
13:08:13,29.34,0.0,21,61614,买盘
13:08:16,29.34,0.0,105,308008,买盘
13:08:19,29.33,-0.01,11,32264,卖盘
13:08:22,29.34,0.01,12,35208,买盘
13:08:23,29.33,-0.01,41,121024,卖盘
13:08:28,29.33,0.0,56,164273,卖盘
13:08:31,29.33,0.0,56,164254,卖盘
13:08:34,29.34,0.01,62,181898,买盘
13:08:40,29.33,-0.01,23,67128,卖盘
13:08:43,29.34,0.01,6,17604,买盘
13:08:46,29.33,-0.01,97,284544,卖盘
13:08:49,29.34,0.01,10,29331,买盘
13:08:52,29.33,-0.01,37,108545,卖盘
13:08:55,29.34,0.01,486,1425785,买盘
13:08:58,29.33,-0.01,95,278272,卖盘
13:09:00,29.33,0.0,104,305035,卖盘
13:09:04,29.34,0.01,52,152559,买盘
13:09:07,29.33,-0.01,201,589733,卖盘
13:09:10,29.33,0.0,28,82133,卖盘
13:09:13,29.33,0.0,7,20535,卖盘
13:09:16,29.33,0.0,94,275745,卖盘
13:09:22,29.33,0.0,66,193578,卖盘
13:09:25,29.33,0.0,46,134951,卖盘
13:09:28,29.33,0.0,24,70392,卖盘
13:09:31,29.33,0.0,10,28920,卖盘
13:09:34,29.34,0.01,45,132019,买盘
13:09:36,29.33,-0.01,3,8799,卖盘
13:09:40,29.34,0.01,3,8802,买盘
13:09:43,29.33,-0.01,17,49865,卖盘
13:09:46,29.33,0.0,532,1560808,卖盘
13:09:49,29.33,0.0,53,155449,卖盘
13:09:52,29.33,0.0,8,23469,卖盘
13:09:53,29.34,0.01,40,117360,买盘
13:09:58,29.34,0.0,4,11736,买盘
13:10:01,29.33,-0.01,77,225841,卖盘
13:10:04,29.33,0.0,130,381292,卖盘
13:10:07,29.33,0.0,106,310934,卖盘
13:10:10,29.33,0.0,77,225843,卖盘
13:10:12,29.33,0.0,104,305062,卖盘
13:10:15,29.33,0.0,165,483978,卖盘
13:10:17,29.33,0.0,7,20533,卖盘
13:10:20,29.34,0.01,36,105589,买盘
13:10:25,29.33,-0.01,43,126152,卖盘
13:10:28,29.33,0.0,16,46932,卖盘
13:10:31,29.33,0.0,1,2933,卖盘
13:10:34,29.33,0.0,16,46928,卖盘
13:10:36,29.33,0.0,49,142900,卖盘
13:10:40,29.34,0.01,27,79197,买盘
13:10:43,29.34,0.0,16,46930,买盘
13:10:45,29.33,-0.01,114,334405,卖盘
13:10:49,29.33,0.0,58,170114,卖盘
13:10:52,29.34,0.01,78,228829,买盘
13:10:53,29.34,0.0,235,689287,买盘
13:11:01,29.34,0.0,158,463569,买盘
13:11:04,29.33,-0.01,89,262298,卖盘
13:11:07,29.33,0.0,69,201701,买盘
13:11:08,29.33,0.0,81,237573,买盘
13:11:12,29.33,0.0,17,49851,买盘
13:11:16,29.33,0.0,83,243439,买盘
13:11:19,29.32,-0.01,67,196446,卖盘
13:11:20,29.33,0.01,58,169790,买盘
13:11:25,29.32,-0.01,14,41050,卖盘
13:11:26,29.32,0.0,88,258072,卖盘
13:11:31,29.33,0.01,26,76245,买盘
13:11:33,29.33,0.0,24,70369,买盘
13:11:36,29.33,0.0,41,120253,买盘
13:11:40,29.32,-0.01,14,41050,卖盘
13:11:43,29.33,0.01,248,727383,买盘
13:11:46,29.32,-0.01,83,243388,卖盘
13:11:49,29.32,0.0,48,140745,卖盘
13:11:52,29.32,0.0,18,52783,卖盘
13:11:55,29.32,0.0,6,17592,卖盘
13:11:58,29.32,0.0,61,178910,卖盘
13:12:01,29.32,0.0,90,263885,卖盘
13:12:04,29.32,0.0,12,35187,卖盘
13:12:07,29.32,0.0,35,104617,卖盘
13:12:09,29.33,0.01,143,419419,买盘
13:12:15,29.32,-0.01,104,304978,卖盘
13:12:19,29.33,0.01,14,41061,买盘
13:12:22,29.32,-0.01,10,29321,卖盘
13:12:25,29.33,0.01,45,131973,买盘
13:12:26,29.32,-0.01,41,120241,卖盘
13:12:30,29.33,0.01,41,120241,买盘
13:12:34,29.33,0.0,71,208233,买盘
13:12:36,29.33,0.0,36,104940,买盘
13:12:39,29.33,0.0,2,5866,买盘
13:12:43,29.33,0.0,25,73315,买盘
13:12:46,29.32,-0.01,90,263917,卖盘
13:12:49,29.33,0.01,14,41057,买盘
13:12:52,29.33,0.0,21,61592,买盘
13:12:55,29.33,0.0,10,29330,买盘
13:12:56,29.33,0.0,72,211161,买盘
13:13:01,29.33,0.0,11,32262,买盘
13:13:04,29.32,-0.01,39,114380,卖盘
13:13:07,29.33,0.01,85,249297,买盘
13:13:10,29.33,0.0,251,735945,买盘
13:13:13,29.32,-0.01,11,32258,卖盘
13:13:16,29.32,0.0,124,363641,卖盘
13:13:17,29.33,0.01,63,184776,买盘
13:13:22,29.33,0.0,2,5866,买盘
13:13:25,29.33,0.0,35,102654,买盘
13:13:28,29.33,0.0,14,41062,买盘
13:13:31,29.33,0.0,445,1303911,买盘
13:13:34,29.33,0.0,61,178931,卖盘
13:13:40,29.34,0.01,6,17603,买盘
13:13:41,29.33,-0.01,50,146650,卖盘
13:13:46,29.34,0.01,34,99756,买盘
13:13:47,29.33,-0.01,89,261068,卖盘
13:13:52,29.33,0.0,40,117320,卖盘
13:13:53,29.33,0.0,28,82139,卖盘
13:13:58,29.34,0.01,34,99756,买盘
13:14:00,29.34,0.0,24,70407,买盘
13:14:02,29.33,-0.01,22,64527,卖盘
13:14:07,29.33,0.0,87,255216,卖盘
13:14:10,29.34,0.01,37,108554,买盘
13:14:13,29.33,-0.01,20,58663,卖盘
13:14:15,29.34,0.01,70,205348,买盘
13:14:19,29.34,0.0,98,287480,买盘
13:14:20,29.33,-0.01,40,117341,卖盘
13:14:25,29.33,0.0,515,1511750,卖盘
13:14:28,29.33,0.0,73,214105,买盘
13:14:31,29.33,0.0,2,5866,买盘
13:14:33,29.32,-0.01,72,211169,卖盘
13:14:37,29.32,0.0,51,147483,卖盘
13:14:39,29.37,0.05,1295,3803926,买盘
13:14:41,29.37,0.0,139,408243,卖盘
13:14:45,29.37,0.0,22,64614,卖盘
13:14:47,29.37,0.0,90,262656,卖盘
13:14:52,29.37,0.0,4,12685,买盘
13:14:58,29.37,0.0,33,96921,买盘
13:15:01,29.36,-0.01,10,29360,买盘
13:15:04,29.33,-0.03,8,23466,卖盘
13:15:07,29.33,0.0,62,181991,卖盘
13:15:10,29.34,0.01,4,11736,买盘
13:15:12,29.34,0.0,2,5868,买盘
13:15:16,29.34,0.0,72,211247,买盘
13:15:19,29.34,0.0,70,205314,买盘
13:15:22,29.34,0.0,6,17604,买盘
13:15:25,29.33,-0.01,3,8801,卖盘
13:15:28,29.34,0.01,110,322740,买盘
13:15:31,29.34,0.0,19,55735,买盘
13:15:34,29.33,-0.01,30,88013,卖盘
13:15:37,29.34,0.01,35,102688,买盘
13:15:40,29.34,0.0,10,29340,买盘
13:15:43,29.34,0.0,11,32274,买盘
13:15:46,29.34,0.0,38,111489,买盘
13:15:47,29.34,0.0,73,214129,买盘
13:15:52,29.34,0.0,23,67464,买盘
13:15:53,29.33,-0.01,361,1058861,卖盘
13:15:56,29.32,-0.01,242,708995,卖盘
13:16:01,29.33,0.01,9,26397,买盘
13:16:04,29.32,-0.01,140,410611,卖盘
13:16:06,29.33,0.01,86,252238,买盘
13:16:09,29.33,0.0,26,76255,买盘
13:16:13,29.33,0.0,5,14663,买盘
13:16:16,29.33,0.0,64,187712,买盘
13:16:19,29.32,-0.01,95,278581,卖盘
13:16:20,29.33,0.01,40,117320,买盘
13:16:24,29.33,0.0,95,278631,买盘
13:16:28,29.32,-0.01,37,108684,卖盘
13:16:31,29.32,0.0,23,67446,卖盘
13:16:34,29.33,0.01,12,35196,买盘
13:16:36,29.33,0.0,250,733238,买盘
13:16:40,29.32,-0.01,35,102645,卖盘
13:16:43,29.33,0.01,18,52794,买盘
13:16:46,29.33,0.0,60,175980,买盘
13:16:48,29.32,-0.01,81,237499,卖盘
13:16:52,29.33,0.01,11,32262,买盘
13:16:55,29.32,-0.01,8,23456,卖盘
13:16:56,29.32,0.0,72,211175,卖盘
13:17:01,29.32,0.0,5,14660,卖盘
13:17:04,29.33,0.01,29,85040,买盘
13:17:07,29.33,0.0,84,246355,买盘
13:17:10,29.32,-0.01,16,46926,卖盘
13:17:13,29.32,0.0,26,78372,卖盘
13:17:16,29.33,0.01,30,87990,买盘
13:17:19,29.32,-0.01,55,161262,卖盘
13:17:20,29.32,0.0,61,178910,卖盘
13:17:25,29.33,0.01,26,76256,买盘
13:17:28,29.33,0.0,210,615853,买盘
13:17:30,29.33,0.0,35,102643,买盘
13:17:34,29.33,0.0,108,316748,买盘
13:17:37,29.33,0.0,8,23457,买盘
13:17:40,29.33,0.0,53,155438,买盘
13:17:43,29.33,0.0,41,120253,买盘
13:17:45,29.32,-0.01,1,2932,卖盘
13:17:49,29.32,0.0,30,87988,卖盘
13:17:52,29.33,0.01,68,199391,买盘
13:17:55,29.33,0.0,16,46928,买盘
13:17:58,29.32,-0.01,1,2932,卖盘
13:18:01,29.33,0.01,59,172273,买盘
13:18:04,29.33,0.0,28,82124,买盘
13:18:07,29.33,0.0,53,155439,买盘
13:18:10,29.33,0.0,18,52792,买盘
13:18:13,29.33,0.0,177,519141,买盘
13:18:16,29.33,0.0,34,99711,买盘
13:18:17,29.33,0.0,19,55727,买盘
13:18:20,29.33,0.0,116,340162,买盘
13:18:25,29.33,0.0,26,76250,买盘
13:18:28,29.33,0.0,44,129052,买盘
13:18:31,29.32,-0.01,41,121172,卖盘
13:18:34,29.33,0.01,39,114387,卖盘
13:18:36,29.33,0.0,32,93873,卖盘
13:18:40,29.34,0.01,3,8802,买盘
13:18:43,29.33,-0.01,1,2933,卖盘
13:18:46,29.33,0.0,13,38129,卖盘
13:18:49,29.33,0.0,20,58669,卖盘
13:18:52,29.34,0.01,103,302120,买盘
13:18:55,29.34,0.0,346,1015162,买盘
13:18:56,29.33,-0.01,39,114390,卖盘
13:19:01,29.34,0.01,5,14670,买盘
13:19:04,29.33,-0.01,16,46941,卖盘
13:19:06,29.33,0.0,10,29330,卖盘
13:19:09,29.34,0.01,16,46944,买盘
13:19:13,29.33,-0.01,23,67460,卖盘
13:19:15,29.33,0.0,3,8800,卖盘
13:19:19,29.33,0.0,66,193590,卖盘
13:19:20,29.33,0.0,2,5866,卖盘
13:19:25,29.33,0.0,37,108533,卖盘
13:19:28,29.34,0.01,97,284547,买盘
13:19:30,29.34,0.0,37,107047,买盘
13:19:34,29.34,0.0,7,20538,买盘
13:19:37,29.34,0.0,42,123219,买盘
13:19:40,29.33,-0.01,23,67479,卖盘
13:19:43,29.34,0.01,3,8802,买盘
13:19:49,29.32,-0.02,418,1227513,卖盘
13:19:52,29.33,0.01,7,20531,买盘
13:19:58,29.33,0.0,78,228774,买盘
13:20:00,29.33,0.0,73,213953,买盘
13:20:02,29.33,0.0,88,258044,买盘
13:20:07,29.33,0.0,109,319636,买盘
13:20:10,29.32,-0.01,9,26396,卖盘
13:20:13,29.32,0.0,152,445666,卖盘
13:20:15,29.32,0.0,219,641884,卖盘
13:20:17,29.33,0.01,85,249260,买盘
13:20:20,29.33,0.0,64,187658,买盘
13:20:25,29.33,0.0,15,43991,买盘
13:20:28,29.33,0.0,54,158368,买盘
13:20:31,29.33,0.0,17,49523,买盘
13:20:34,29.33,0.0,78,228764,买盘
13:20:37,29.33,0.0,53,155428,买盘
13:20:40,29.32,-0.01,367,1076103,卖盘
13:20:43,29.32,0.0,43,126088,卖盘
13:20:46,29.33,0.01,41,119937,买盘
13:20:48,29.33,0.0,107,313764,买盘
13:20:50,29.33,0.0,85,249250,买盘
13:20:55,29.32,-0.01,35,102623,卖盘
13:20:56,29.32,0.0,49,143701,卖盘
13:21:00,29.33,0.01,130,380849,买盘
13:21:04,29.32,-0.01,103,301996,卖盘
13:21:07,29.32,0.0,57,167159,卖盘
13:21:10,29.32,0.0,23,67440,卖盘
13:21:12,29.32,0.0,25,73300,卖盘
13:21:16,29.32,0.0,61,178706,卖盘
13:21:19,29.32,0.0,109,319626,卖盘
13:21:22,29.32,0.0,12,35194,卖盘
13:21:24,29.33,0.01,3,8799,买盘
13:21:28,29.33,0.0,37,108520,买盘
13:21:30,29.33,0.0,101,295900,买盘
13:21:34,29.32,-0.01,18,52776,卖盘
13:21:36,29.33,0.01,56,164232,买盘
13:21:40,29.33,0.0,4,11730,买盘
13:21:43,29.33,0.0,30,87990,买盘
13:21:46,29.32,-0.01,15,43601,卖盘
13:21:47,29.32,0.0,96,281514,卖盘
13:21:51,29.33,0.01,16,46926,买盘
13:21:55,29.33,0.0,140,410620,买盘
13:21:58,29.33,0.0,36,105588,买盘
13:22:00,29.33,0.0,14,41062,买盘
13:22:04,29.32,-0.01,56,164196,卖盘
13:22:07,29.32,0.0,95,278573,卖盘
13:22:09,29.33,0.01,23,67459,买盘
13:22:13,29.32,-0.01,11,32260,卖盘
13:22:16,29.32,0.0,6,17273,卖盘
13:22:19,29.32,0.0,90,263917,卖盘
13:22:21,29.32,0.0,56,164236,卖盘
13:22:24,29.32,0.0,46,134872,卖盘
13:22:26,29.33,0.01,33,96789,买盘
13:22:30,29.32,-0.01,7,23227,卖盘
13:22:34,29.33,0.01,34,99691,买盘
13:22:36,29.32,-0.01,46,134905,卖盘
13:22:40,29.32,0.0,26,76233,卖盘
13:22:41,29.33,0.01,22,64526,买盘
13:22:45,29.32,-0.01,39,114382,卖盘
13:22:49,29.33,0.01,14,41060,买盘
13:22:50,29.33,0.0,150,439805,买盘
13:22:55,29.32,-0.01,38,111416,卖盘
13:22:58,29.32,0.0,166,486864,卖盘
13:23:01,29.33,0.01,36,105108,买盘
13:23:04,29.33,0.0,10,29325,买盘
13:23:06,29.33,0.0,43,126110,买盘
13:23:10,29.33,0.0,134,392908,买盘
13:23:16,29.32,-0.01,8,23133,卖盘
13:23:18,29.32,0.0,52,152514,卖盘
13:23:22,29.33,0.01,68,199386,买盘
13:23:24,29.32,-0.01,52,152484,卖盘
13:23:27,29.32,0.0,38,111452,卖盘
13:23:31,29.32,0.0,37,108188,卖盘
13:23:34,29.33,0.01,124,363604,买盘
13:23:37,29.32,-0.01,7,20524,卖盘
13:23:39,29.33,0.01,6,17597,买盘
13:23:43,29.33,0.0,93,272726,买盘
13:23:46,29.32,-0.01,4,11405,卖盘
13:23:48,29.33,0.01,84,246360,买盘
13:23:50,29.32,-0.01,58,170060,卖盘
13:23:54,29.33,0.01,2,5866,买盘
13:23:57,29.33,0.0,154,451682,买盘
13:24:00,29.33,0.0,48,140772,买盘
13:24:04,29.32,-0.01,208,609880,卖盘
13:24:06,29.32,0.0,43,126083,卖盘
13:24:10,29.33,0.01,54,158382,买盘
13:24:12,29.33,0.0,40,117320,买盘
13:24:19,29.33,0.0,367,1076077,买盘
13:24:22,29.32,-0.01,62,181787,卖盘
13:24:24,29.32,0.0,22,64504,卖盘
13:24:28,29.33,0.01,66,192550,买盘
13:24:31,29.32,-0.01,18,52776,卖盘
13:24:33,29.32,0.0,15,43982,卖盘
13:24:36,29.32,0.0,25,73317,卖盘
13:24:40,29.33,0.01,46,134917,买盘
13:24:41,29.32,-0.01,16,46914,卖盘
13:24:48,29.33,0.01,50,146649,买盘
13:24:51,29.33,0.0,77,225767,买盘
13:24:55,29.32,-0.01,3,11054,卖盘
13:24:58,29.33,0.01,37,108516,买盘
13:25:01,29.33,0.0,59,172994,买盘
13:25:02,29.33,0.0,252,738972,买盘
13:25:06,29.32,-0.01,20,58938,卖盘
13:25:09,29.33,0.01,64,187706,买盘
13:25:12,29.31,-0.02,99,290179,卖盘
13:25:16,29.32,0.01,68,199414,买盘
13:25:18,29.33,0.01,727,2130460,买盘
13:25:22,29.33,0.0,67,196511,卖盘
13:25:25,29.34,0.01,8,23470,买盘
13:25:26,29.34,0.0,37,108557,买盘
13:25:30,29.34,0.0,4,11736,买盘
13:25:33,29.33,-0.01,32,93856,卖盘
13:25:35,29.34,0.01,41,120286,买盘
13:25:39,29.33,-0.01,5,14667,卖盘
13:25:41,29.33,0.0,2,5867,卖盘
13:25:46,29.34,0.01,10,29340,买盘
13:25:48,29.34,0.0,36,105624,买盘
13:25:51,29.33,-0.01,130,381327,卖盘
13:25:54,29.33,0.0,24,70398,卖盘
13:25:57,29.34,0.01,50,146694,买盘
13:26:07,29.33,-0.01,70,205372,卖盘
13:26:09,29.34,0.01,8,23471,买盘
13:26:12,29.33,-0.01,1,2933,卖盘
13:26:16,29.34,0.01,16,46944,买盘
13:26:18,29.34,0.0,56,165124,买盘
13:26:21,29.33,-0.01,56,164250,卖盘
13:26:24,29.34,0.01,11,32274,买盘
13:26:27,29.34,0.0,54,158425,买盘
13:26:28,29.33,-0.01,8,23464,卖盘
13:26:33,29.34,0.01,22,64528,买盘
13:26:36,29.34,0.0,301,883126,买盘
13:26:40,29.34,0.0,63,184809,买盘
13:26:42,29.32,-0.02,919,2695267,卖盘
13:26:46,29.32,0.0,54,158328,买盘
13:26:48,29.32,0.0,40,117280,买盘
13:26:50,29.32,0.0,63,184662,买盘
13:26:55,29.32,0.0,83,243286,买盘
13:26:57,29.32,0.0,71,208172,买盘
13:27:00,29.32,0.0,17,49838,买盘
13:27:03,29.32,0.0,40,116548,买盘
13:27:06,29.31,-0.01,216,633303,卖盘
13:27:09,29.31,0.0,51,149518,卖盘
13:27:11,29.32,0.01,5,14660,买盘
13:27:15,29.32,0.0,2,5864,买盘
13:27:18,29.31,-0.01,93,272410,卖盘
13:27:21,29.32,0.01,45,131919,买盘
13:27:24,29.32,0.0,95,278454,买盘
13:27:28,29.32,0.0,67,196444,买盘
13:27:31,29.32,0.0,296,867872,买盘
13:27:34,29.32,0.0,292,855933,买盘
13:27:36,29.31,-0.01,54,157934,卖盘
13:27:40,29.32,0.01,48,140725,买盘
13:27:42,29.32,0.0,102,299042,买盘
13:27:45,29.32,0.0,11,32247,买盘
13:27:48,29.32,0.0,37,108484,买盘
13:27:51,29.32,0.0,112,327892,买盘
13:27:54,29.32,0.0,17,49842,买盘
13:27:57,29.32,0.0,118,345894,买盘
13:28:00,29.32,0.0,50,146600,买盘
13:28:04,29.32,0.0,115,337170,买盘
13:28:06,29.31,-0.01,136,398389,卖盘
13:28:09,29.32,0.01,114,334239,买盘
13:28:12,29.31,-0.01,165,483766,卖盘
13:28:14,29.31,0.0,18,52772,卖盘
13:28:18,29.32,0.01,64,187638,买盘
13:28:21,29.32,0.0,74,216533,买盘
13:28:24,29.32,0.0,149,436868,买盘
13:28:26,29.32,0.0,122,357647,买盘
13:28:30,29.32,0.0,160,469012,买盘
13:28:34,29.31,-0.01,60,175885,卖盘
13:28:36,29.32,0.01,1980,5805119,买盘
13:28:39,29.33,0.01,837,2456422,买盘
13:28:41,29.33,0.0,32,93850,买盘
13:28:47,29.33,0.0,15,43999,卖盘
13:28:50,29.34,0.01,58,170116,买盘
13:28:55,29.33,-0.01,2,5866,卖盘
13:28:57,29.34,0.01,97,284548,买盘
13:29:00,29.34,0.0,29,85086,买盘
13:29:03,29.34,0.0,48,140796,买盘
13:29:05,29.34,0.0,50,146683,买盘
13:29:10,29.33,-0.01,39,114394,卖盘
13:29:12,29.34,0.01,59,173106,买盘
13:29:14,29.34,0.0,26,76284,买盘
13:29:18,29.34,0.0,32,93888,买盘
13:29:21,29.34,0.0,160,469384,买盘
13:29:24,29.34,0.0,23,67482,卖盘
13:29:27,29.35,0.01,5,14675,买盘
13:29:30,29.35,0.0,40,117399,买盘
13:29:33,29.35,0.0,99,290565,买盘
13:29:36,29.35,0.0,51,149704,卖盘
13:29:39,29.35,0.0,17,49895,卖盘
13:29:42,29.36,0.01,2,5872,买盘
13:29:44,29.36,0.0,21,61656,买盘
13:29:48,29.36,0.0,54,158544,买盘
13:29:50,29.36,0.0,159,466671,买盘
13:29:54,29.36,0.0,31,91009,买盘
13:29:57,29.36,0.0,99,290664,买盘
13:30:00,29.35,-0.01,171,501927,卖盘
13:30:03,29.35,0.0,88,258307,卖盘
13:30:05,29.34,-0.01,30,88031,卖盘
13:30:09,29.35,0.01,50,146790,中性盘
13:30:12,29.36,0.01,50,146800,买盘
13:30:18,29.36,0.0,71,208437,买盘
13:30:21,29.36,0.0,76,223075,买盘
13:30:24,29.36,0.0,62,182018,买盘
13:30:26,29.36,0.0,39,114502,买盘
13:30:29,29.36,0.0,12,35226,买盘
13:30:33,29.35,-0.01,21,61643,卖盘
13:30:36,29.36,0.01,41,120365,买盘
13:30:39,29.36,0.0,74,217255,买盘
13:30:42,29.36,0.0,13,38165,买盘
13:30:45,29.36,0.0,46,135056,买盘
13:30:48,29.36,0.0,25,73400,卖盘
13:30:51,29.36,0.0,55,161468,卖盘
13:30:54,29.37,0.01,4,11748,买盘
13:30:57,29.37,0.0,5,14681,买盘
13:30:59,29.36,-0.01,54,158577,卖盘
13:31:02,29.36,0.0,3,6636,卖盘
13:31:05,29.37,0.01,4,11748,买盘
13:31:10,29.36,-0.01,54,158581,卖盘
13:31:12,29.37,0.01,27,79294,买盘
13:31:15,29.37,0.0,7,20558,买盘
13:31:18,29.36,-0.01,242,712723,卖盘
13:31:21,29.36,0.0,7,20552,买盘
13:31:23,29.35,-0.01,1,2935,卖盘
13:31:27,29.36,0.01,56,164121,买盘
13:31:30,29.36,0.0,23,67528,买盘
13:31:33,29.35,-0.01,1,2935,卖盘
13:31:35,29.35,0.0,30,88050,卖盘
13:31:39,29.36,0.01,48,140921,买盘
13:31:42,29.36,0.0,215,630714,买盘
13:31:45,29.35,-0.01,42,123299,卖盘
13:31:48,29.36,0.01,47,137992,买盘
13:31:52,29.35,-0.01,116,340523,卖盘
13:31:55,29.35,0.0,19,53812,卖盘
13:31:57,29.36,0.01,57,167351,买盘
13:32:00,29.35,-0.01,88,260879,卖盘
13:32:02,29.35,0.0,9,26410,买盘
13:32:06,29.35,0.0,178,522430,买盘
13:32:09,29.34,-0.01,63,184896,卖盘
13:32:12,29.35,0.01,58,170230,买盘
13:32:15,29.34,-0.01,1,2934,卖盘
13:32:18,29.35,0.01,41,120333,买盘
13:32:21,29.34,-0.01,69,202450,卖盘
13:32:24,29.35,0.01,14,41085,买盘
13:32:26,29.35,0.0,7,20545,买盘
13:32:30,29.35,0.0,39,114465,买盘
13:32:33,29.34,-0.01,13,38142,卖盘
13:32:36,29.35,0.01,29,85104,买盘
13:32:38,29.34,-0.01,45,132065,卖盘
13:32:42,29.35,0.01,5,14674,买盘
13:32:45,29.35,0.0,72,211306,买盘
13:32:47,29.35,0.0,239,698883,买盘
13:32:51,29.35,0.0,16,46960,卖盘
13:32:54,29.34,-0.01,52,152599,卖盘
13:32:57,29.36,0.02,63,184937,买盘
13:33:00,29.35,-0.01,43,126205,卖盘
13:33:03,29.36,0.01,64,189512,买盘
13:33:10,29.36,0.0,86,252447,买盘
13:33:12,29.35,-0.01,3,8805,卖盘
13:33:14,29.35,0.0,1,2935,卖盘
13:33:18,29.36,0.01,371,1089256,买盘
13:33:20,29.35,-0.01,66,193716,卖盘
13:33:25,29.36,0.01,41,120374,买盘
13:33:27,29.37,0.01,34,99857,买盘
13:33:29,29.36,-0.01,12,35232,卖盘
13:33:33,29.37,0.01,37,108657,买盘
13:33:36,29.36,-0.01,17,49916,卖盘
13:33:39,29.36,0.0,13,38170,卖盘
13:33:42,29.37,0.01,32,93984,买盘
13:33:45,29.36,-0.01,16,46976,卖盘
13:33:47,29.37,0.01,51,149775,买盘
13:33:50,29.36,-0.01,5,15033,卖盘
13:33:55,29.37,0.01,73,214612,买盘
13:33:57,29.37,0.0,23,67546,买盘
13:34:00,29.37,0.0,55,161534,买盘
13:34:06,29.36,-0.01,11,32296,卖盘
13:34:09,29.37,0.01,57,167402,买盘
13:34:12,29.37,0.0,6,17622,买盘
13:34:18,29.37,0.0,61,179151,买盘
13:34:20,29.33,-0.04,1882,5521084,卖盘
13:34:25,29.33,0.0,24,70392,买盘
13:34:27,29.33,0.0,38,111454,买盘
