time,price,change,volume,amount,type
09:25:04,28.14,0.0,1297,3650377,卖盘
09:30:03,28.14,0.0,1958,5512924,卖盘
09:30:06,28.14,0.0,699,1967801,买盘
09:30:08,28.11,-0.03,308,865724,卖盘
09:30:12,28.08,-0.03,159,445638,中性盘
09:30:15,28.05,-0.03,48,134699,卖盘
09:30:18,28.05,0.0,190,533086,卖盘
09:30:21,28.11,0.06,796,2236768,买盘
09:30:22,28.11,0.0,91,255801,卖盘
09:30:25,28.15,0.04,167,468971,买盘
09:30:30,28.17,0.02,52,146248,买盘
09:30:33,28.17,0.0,64,180294,卖盘
09:30:36,28.17,0.0,22,61990,卖盘
09:30:39,28.14,-0.03,583,1641150,卖盘
09:30:42,28.17,0.03,73,205601,买盘
09:30:45,28.18,0.01,152,428086,买盘
09:30:48,28.17,-0.01,315,888029,中性盘
09:30:50,28.2,0.03,90,255025,买盘
09:30:54,28.18,-0.02,39,109900,卖盘
09:30:55,28.18,0.0,11,31001,卖盘
09:31:00,28.2,0.02,62,174795,中性盘
09:31:02,28.18,-0.02,355,1001088,卖盘
09:31:06,28.2,0.02,158,445515,买盘
09:31:09,28.2,0.0,65,183302,买盘
09:31:12,28.23,0.03,190,536196,买盘
09:31:15,28.23,0.0,50,141161,卖盘
09:31:17,28.22,-0.01,81,228712,卖盘
09:31:21,28.22,0.0,120,338846,卖盘
09:31:24,28.24,0.02,77,217443,买盘
09:31:27,28.25,0.01,105,296551,买盘
09:31:30,28.25,0.0,63,177961,买盘
09:31:33,28.27,0.02,80,226009,买盘
09:31:36,28.26,-0.01,85,240211,卖盘
09:31:39,28.25,-0.01,479,1353813,卖盘
09:31:41,28.27,0.02,54,152553,买盘
09:31:44,28.25,-0.02,181,511312,买盘
09:31:48,28.26,0.01,64,180788,买盘
09:31:51,28.27,0.01,503,1420324,买盘
09:31:54,28.26,-0.01,255,720525,卖盘
09:31:57,28.26,0.0,132,372947,卖盘
09:32:00,28.27,0.01,384,1084977,买盘
09:32:03,28.28,0.01,190,537097,买盘
09:32:06,28.25,-0.03,111,313642,卖盘
09:32:09,28.25,0.0,275,776853,卖盘
09:32:12,28.23,-0.02,225,635395,卖盘
09:32:15,28.25,0.02,221,625296,买盘
09:32:18,28.25,0.0,380,1073391,买盘
09:32:20,28.23,-0.02,43,121357,买盘
09:32:24,28.22,-0.01,151,426180,卖盘
09:32:27,28.22,0.0,98,276638,卖盘
09:32:30,28.23,0.01,167,471327,买盘
09:32:33,28.21,-0.02,188,530612,卖盘
09:32:36,28.23,0.02,142,400717,买盘
09:32:39,28.23,0.0,370,1044440,买盘
09:32:42,28.23,0.0,62,174962,买盘
09:32:45,28.22,-0.01,121,341447,中性盘
09:32:48,28.22,0.0,807,2278521,卖盘
09:32:51,28.23,0.01,47,132681,卖盘
09:32:54,28.23,0.0,552,1559121,卖盘
09:32:57,28.25,0.02,23,64966,买盘
09:33:00,28.25,0.0,81,228831,卖盘
09:33:03,28.24,-0.01,883,2494842,卖盘
09:33:05,28.26,0.02,156,441066,中性盘
09:33:09,28.31,0.05,860,2433222,买盘
09:33:12,28.26,-0.05,91,257408,卖盘
09:33:15,28.3,0.04,215,608450,中性盘
09:33:18,28.3,0.0,58,164164,卖盘
09:33:20,28.3,0.0,86,243418,卖盘
09:33:22,28.3,0.0,29,82075,卖盘
09:33:27,28.31,0.01,92,260436,买盘
09:33:30,28.3,-0.01,129,365176,卖盘
09:33:33,28.31,0.01,51,144383,中性盘
09:33:36,28.3,-0.01,201,568984,卖盘
09:33:38,28.31,0.01,63,178331,中性盘
09:33:42,28.31,0.0,103,291565,卖盘
09:33:44,28.33,0.02,507,1436047,买盘
09:33:48,28.32,-0.01,315,892271,卖盘
09:33:51,28.32,0.0,593,1680231,卖盘
09:33:54,28.32,0.0,121,342680,卖盘
09:33:57,28.32,0.0,727,2058835,卖盘
09:34:00,28.35,0.03,360,1020419,买盘
09:34:03,28.34,-0.01,231,654744,卖盘
09:34:06,28.35,0.01,132,374104,买盘
09:34:09,28.35,0.0,124,351550,卖盘
09:34:12,28.36,0.01,126,356420,买盘
09:34:15,28.35,-0.01,204,578463,卖盘
09:34:17,28.36,0.01,406,1151412,中性盘
09:34:20,28.37,0.01,755,2141808,买盘
09:34:24,28.36,-0.01,383,1086637,卖盘
09:34:27,28.37,0.01,1438,4082469,买盘
09:34:30,28.39,0.02,62,175937,中性盘
09:34:33,28.4,0.01,351,996820,买盘
09:34:35,28.4,0.0,215,610632,卖盘
09:34:39,28.38,-0.02,357,1013575,卖盘
09:34:41,28.39,0.01,51,144778,中性盘
09:34:45,28.41,0.02,656,1862977,买盘
09:34:47,28.4,-0.01,185,525404,卖盘
09:34:51,28.4,0.0,542,1539048,卖盘
09:34:54,28.4,0.0,138,391839,买盘
09:34:57,28.38,-0.02,203,576369,卖盘
09:35:00,28.4,0.02,78,221486,买盘
09:35:03,28.4,0.0,280,794798,买盘
09:35:06,28.38,-0.02,205,582082,卖盘
09:35:08,28.38,0.0,364,1032968,卖盘
09:35:12,28.39,0.01,1061,3011363,买盘
09:35:14,28.35,-0.04,299,848107,卖盘
09:35:18,28.36,0.01,565,1601877,买盘
09:35:20,28.35,-0.01,326,925303,卖盘
09:35:24,28.33,-0.02,104,294638,卖盘
09:35:27,28.33,0.0,105,297561,卖盘
09:35:29,28.34,0.01,268,759298,买盘
09:35:32,28.32,-0.02,272,770726,卖盘
09:35:36,28.32,0.0,57,161430,卖盘
09:35:38,28.32,0.0,218,617413,卖盘
09:35:42,28.32,0.0,566,1604144,买盘
09:35:45,28.31,-0.01,99,280408,卖盘
09:35:48,28.32,0.01,371,1050649,买盘
09:35:50,28.32,0.0,111,314363,卖盘
09:35:54,28.32,0.0,103,291696,卖盘
09:35:57,28.32,0.0,98,277557,卖盘
09:35:59,28.32,0.0,89,251947,买盘
09:36:03,28.32,0.0,376,1064359,买盘
09:36:06,28.3,-0.02,342,967984,卖盘
09:36:08,28.3,0.0,79,223476,买盘
09:36:11,28.3,0.0,40,113067,买盘
09:36:15,28.3,0.0,534,1511202,买盘
09:36:17,28.3,0.0,228,645251,买盘
09:36:20,28.3,0.0,171,483998,卖盘
09:36:24,28.3,0.0,332,939750,卖盘
09:36:26,28.31,0.01,569,1610809,买盘
09:36:30,28.31,0.0,701,1984869,买盘
09:36:33,28.31,0.0,172,487155,卖盘
09:36:34,28.31,0.0,287,812631,卖盘
09:36:38,28.33,0.02,69,195421,中性盘
09:36:42,28.34,0.01,132,374004,买盘
09:36:45,28.32,-0.02,116,328634,卖盘
09:36:47,28.32,0.0,35,99127,卖盘
09:36:50,28.33,0.01,60,169968,买盘
09:36:54,28.32,-0.01,10,28324,卖盘
09:36:56,28.31,-0.01,238,673873,卖盘
09:37:00,28.3,-0.01,42,118887,卖盘
09:37:02,28.33,0.03,325,920117,买盘
09:37:06,28.31,-0.02,52,147234,中性盘
09:37:07,28.3,-0.01,568,1606987,卖盘
09:37:12,28.3,0.0,1328,3758913,卖盘
09:37:16,28.29,-0.01,121,342134,卖盘
09:37:17,28.24,-0.05,348,983121,卖盘
09:37:21,28.31,0.07,524,1482088,买盘
09:37:23,28.28,-0.03,238,673623,卖盘
09:37:26,28.28,0.0,3,8484,买盘
09:37:29,28.26,-0.02,12,33894,卖盘
09:37:32,28.24,-0.02,58,163902,卖盘
09:37:35,28.29,0.05,105,296625,买盘
09:37:39,28.26,-0.03,23,65006,卖盘
09:37:42,28.23,-0.03,228,643798,卖盘
09:37:45,28.23,0.0,5,14115,买盘
09:37:47,28.26,0.03,13,34478,买盘
09:37:49,28.25,-0.01,13,36730,卖盘
09:37:54,28.25,0.0,132,375169,卖盘
09:37:55,28.25,0.0,39,110175,买盘
09:38:00,28.25,0.0,40,112979,买盘
09:38:03,28.26,0.01,228,641879,买盘
09:38:05,28.24,-0.02,211,598407,卖盘
09:38:08,28.25,0.01,100,282449,买盘
09:38:12,28.25,0.0,178,500590,买盘
09:38:15,28.25,0.0,30,84752,卖盘
09:38:17,28.24,-0.01,54,152524,卖盘
09:38:20,28.26,0.02,33,93222,买盘
09:38:23,28.25,-0.01,46,129960,卖盘
09:38:26,28.26,0.01,118,333488,买盘
09:38:29,28.25,-0.01,219,618881,卖盘
09:38:33,28.26,0.01,176,497268,买盘
09:38:35,28.25,-0.01,118,333350,卖盘
09:38:39,28.24,-0.01,350,990374,卖盘
09:38:41,28.25,0.01,325,917010,买盘
09:38:43,28.23,-0.02,113,316923,卖盘
09:38:47,28.25,0.02,102,288009,中性盘
09:38:50,28.25,0.0,62,175150,卖盘
09:38:52,28.24,-0.01,29,81915,卖盘
09:38:57,28.27,0.03,143,404096,买盘
09:38:59,28.25,-0.02,172,486138,卖盘
09:39:03,28.25,0.0,238,672350,卖盘
09:39:05,28.25,0.0,13,36715,买盘
09:39:09,28.2,-0.05,795,2244828,卖盘
09:39:11,28.25,0.05,331,932443,买盘
09:39:13,28.23,-0.02,73,205094,卖盘
09:39:17,28.26,0.03,276,780575,买盘
09:39:20,28.24,-0.02,232,654115,卖盘
09:39:24,28.21,-0.03,58,163618,中性盘
09:39:27,28.21,0.0,15,42309,买盘
09:39:29,28.21,0.0,6,16926,买盘
09:39:33,28.21,0.0,24,67704,买盘
09:39:35,28.21,0.0,18,50769,买盘
09:39:38,28.2,-0.01,72,203064,卖盘
09:39:41,28.21,0.01,39,109985,买盘
09:39:44,28.21,0.0,89,251069,买盘
09:39:47,28.22,0.01,25,70541,中性盘
09:39:51,28.21,-0.01,23,64887,卖盘
09:39:54,28.21,0.0,228,643188,卖盘
09:39:56,28.2,-0.01,281,792380,卖盘
09:39:59,28.21,0.01,43,121289,买盘
09:40:02,28.23,0.02,109,307536,买盘
09:40:04,28.21,-0.02,105,296259,卖盘
09:40:08,28.2,-0.01,44,124080,卖盘
09:40:11,28.21,0.01,77,217329,买盘
09:40:14,28.21,0.0,52,146692,卖盘
09:40:17,28.2,-0.01,274,772750,卖盘
09:40:20,28.24,0.04,131,369835,买盘
09:40:23,28.24,0.0,63,177844,卖盘
09:40:25,28.2,-0.04,320,902623,卖盘
09:40:28,28.2,0.0,11,31020,买盘
09:40:32,28.2,0.0,274,772446,买盘
09:40:35,28.19,-0.01,75,211419,卖盘
09:40:38,28.19,0.0,44,124054,买盘
09:40:41,28.18,-0.01,85,239658,卖盘
09:40:44,28.18,0.0,130,366362,卖盘
09:40:46,28.18,0.0,94,264920,卖盘
09:40:50,28.18,0.0,36,101476,卖盘
09:40:53,28.17,-0.01,434,1221919,卖盘
09:40:56,28.15,-0.02,33,92905,卖盘
09:40:59,28.15,0.0,689,1942288,买盘
09:41:02,28.13,-0.02,150,422186,卖盘
09:41:05,28.15,0.02,174,489791,买盘
09:41:08,28.15,0.0,58,163320,买盘
09:41:10,28.15,0.0,421,1185123,卖盘
09:41:13,28.15,0.0,13,36595,卖盘
09:41:17,28.15,0.0,92,258980,卖盘
09:41:20,28.15,0.0,29,81677,卖盘
09:41:22,28.16,0.01,89,250634,买盘
09:41:26,28.17,0.01,10,28176,中性盘
09:41:29,28.17,0.0,11,30987,卖盘
09:41:32,28.18,0.01,31,87358,买盘
09:41:35,28.18,0.0,29,81713,买盘
09:41:38,28.17,-0.01,24,67617,卖盘
09:41:41,28.17,0.0,18,50710,卖盘
09:41:44,28.17,0.0,100,281705,卖盘
09:41:47,28.17,0.0,177,498609,买盘
09:41:50,28.18,0.01,25,70418,买盘
09:41:52,28.17,-0.01,39,109849,买盘
09:41:56,28.18,0.01,49,138045,买盘
09:41:59,28.17,-0.01,12,33799,卖盘
09:42:02,28.17,0.0,38,107067,买盘
09:42:05,28.16,-0.01,166,467720,卖盘
09:42:07,28.17,0.01,1039,2929291,卖盘
09:42:10,28.17,0.0,67,188756,卖盘
09:42:14,28.17,0.0,57,160564,卖盘
09:42:17,28.17,0.0,597,1681150,买盘
09:42:20,28.2,0.03,122,343719,买盘
09:42:23,28.17,-0.03,11,30997,卖盘
09:42:26,28.18,0.01,38,107048,买盘
09:42:29,28.17,-0.01,59,166203,卖盘
09:42:32,28.17,0.0,61,171868,卖盘
09:42:34,28.18,0.01,40,112685,买盘
09:42:38,28.18,0.0,41,115528,买盘
09:42:41,28.17,-0.01,59,166257,卖盘
09:42:44,28.2,0.03,575,1621183,买盘
09:42:47,28.2,0.0,31,87421,卖盘
09:42:50,28.19,-0.01,32,90239,卖盘
09:42:52,28.2,0.01,28,78938,买盘
09:42:56,28.19,-0.01,6,16914,中性盘
09:42:59,28.18,-0.01,28,78904,卖盘
09:43:02,28.21,0.03,137,386199,买盘
09:43:05,28.18,-0.03,61,172051,卖盘
09:43:08,28.18,0.0,17,47920,卖盘
09:43:11,28.2,0.02,29,81746,买盘
09:43:14,28.21,0.01,26,73324,买盘
09:43:16,28.21,0.0,10,28206,买盘
09:43:20,28.2,-0.01,35,98711,卖盘
09:43:22,28.2,0.0,12,33843,卖盘
09:43:26,28.2,0.0,317,893940,卖盘
09:43:28,28.19,-0.01,52,146599,卖盘
09:43:32,28.19,0.0,32,90221,买盘
09:43:35,28.2,0.01,20,56395,买盘
09:43:38,28.19,-0.01,131,369179,买盘
09:43:41,28.19,0.0,561,1581994,卖盘
09:43:44,28.19,0.0,4,11275,买盘
09:43:46,28.19,0.0,34,95844,买盘
09:43:50,28.19,0.0,69,194522,买盘
09:43:53,28.2,0.01,203,574409,买盘
09:43:56,28.2,0.0,11,31020,卖盘
09:43:59,28.21,0.01,43,121270,买盘
09:44:02,28.22,0.01,141,397752,买盘
09:44:05,28.2,-0.02,270,760974,卖盘
09:44:08,28.2,0.0,132,372417,卖盘
09:44:11,28.2,0.0,80,224077,卖盘
09:44:14,28.2,0.0,555,1566623,买盘
09:44:17,28.2,0.0,93,260659,卖盘
09:44:19,28.16,-0.04,148,416900,卖盘
09:44:23,28.19,0.03,1,2819,中性盘
09:44:26,28.2,0.01,28,78939,买盘
09:44:29,28.2,0.0,3,8460,买盘
09:44:31,28.18,-0.02,74,208587,卖盘
09:44:34,28.17,-0.01,1,2817,卖盘
09:44:38,28.2,0.03,464,1309906,买盘
09:44:41,28.2,0.0,20,56400,卖盘
09:44:44,28.2,0.0,72,203040,卖盘
09:44:46,28.2,0.0,101,283292,卖盘
09:44:49,28.2,0.0,1,2820,买盘
09:44:53,28.19,-0.01,21,59204,卖盘
09:44:56,28.2,0.01,6,16920,买盘
09:44:59,28.19,-0.01,38,107142,卖盘
09:45:02,28.2,0.01,136,383500,买盘
09:45:05,28.2,0.0,38,107152,买盘
09:45:08,28.19,-0.01,39,109931,卖盘
09:45:11,28.19,0.0,5,14095,买盘
09:45:13,28.19,0.0,2,5638,买盘
09:45:17,28.19,0.0,20,56380,买盘
09:45:19,28.19,0.0,152,428468,买盘
09:45:23,28.18,-0.01,12,33825,卖盘
09:45:26,28.18,0.0,83,233894,卖盘
09:45:29,28.18,0.0,21,59165,买盘
09:45:32,28.18,0.0,37,104266,买盘
09:45:34,28.18,0.0,6,16907,买盘
09:45:38,28.18,0.0,52,146485,买盘
09:45:41,28.17,-0.01,48,135224,卖盘
09:45:47,28.17,0.0,176,495858,卖盘
09:45:50,28.18,0.01,16,45088,买盘
09:45:53,28.17,-0.01,7,19722,卖盘
09:45:56,28.17,0.0,203,572049,卖盘
09:45:59,28.18,0.01,563,1586532,买盘
09:46:02,28.18,0.0,460,1296572,卖盘
09:46:04,28.18,0.0,29,81739,卖盘
09:46:08,28.19,0.01,267,752673,买盘
09:46:11,28.19,0.0,35,98690,卖盘
09:46:14,28.2,0.01,168,475283,买盘
09:46:17,28.21,0.01,44,124124,买盘
09:46:20,28.2,-0.01,177,499204,卖盘
09:46:23,28.2,0.0,686,1935026,卖盘
09:46:26,28.22,0.02,61,172206,买盘
09:46:28,28.21,-0.01,23,64930,卖盘
09:46:32,28.23,0.02,614,1734304,买盘
09:46:35,28.24,0.01,23,64918,买盘
09:46:38,28.21,-0.03,119,336021,卖盘
09:46:41,28.22,0.01,14,39514,中性盘
09:46:44,28.24,0.02,1,2824,买盘
09:46:47,28.24,0.0,8,22592,卖盘
09:46:50,28.25,0.01,205,579108,买盘
09:46:52,28.24,-0.01,345,974593,卖盘
09:46:56,28.24,0.0,22,61289,买盘
09:46:59,28.24,0.0,2,5647,买盘
09:47:01,28.23,-0.01,23,64942,卖盘
09:47:05,28.25,0.02,115,324803,买盘
09:47:08,28.23,-0.02,50,141181,卖盘
09:47:11,28.23,0.0,7,19767,卖盘
09:47:14,28.24,0.01,5,14120,买盘
09:47:17,28.24,0.0,7,19768,买盘
09:47:19,28.24,0.0,135,381239,买盘
09:47:23,28.23,-0.01,89,252074,卖盘
09:47:26,28.22,-0.01,70,197639,卖盘
09:47:29,28.22,0.0,13,36686,卖盘
09:47:32,28.23,0.01,18,50814,买盘
09:47:35,28.23,0.0,115,324569,卖盘
09:47:38,28.23,0.0,8,22584,买盘
09:47:41,28.22,-0.01,28,79034,卖盘
09:47:44,28.23,0.01,191,539017,买盘
09:47:47,28.23,0.0,22,62100,买盘
09:47:50,28.2,-0.03,1085,3061880,卖盘
09:47:53,28.23,0.03,463,1307103,买盘
09:47:56,28.22,-0.01,54,152419,卖盘
09:47:59,28.2,-0.02,45,127718,卖盘
09:48:02,28.22,0.02,3,8466,买盘
09:48:05,28.22,0.0,130,366860,买盘
09:48:08,28.2,-0.02,89,250995,卖盘
09:48:11,28.2,0.0,87,245350,卖盘
09:48:13,28.19,-0.01,47,132523,卖盘
09:48:17,28.2,0.01,42,118423,买盘
09:48:20,28.19,-0.01,186,524363,卖盘
09:48:22,28.19,0.0,23,64837,卖盘
09:48:26,28.19,0.0,44,123998,买盘
09:48:28,28.18,-0.01,27,76096,卖盘
09:48:32,28.19,0.01,48,135294,买盘
09:48:35,28.18,-0.01,226,636868,卖盘
09:48:38,28.18,0.0,149,419913,买盘
09:48:40,28.18,0.0,33,92972,买盘
09:48:44,28.18,0.0,41,115531,买盘
09:48:47,28.17,-0.01,107,301440,卖盘
09:48:50,28.18,0.01,99,278887,买盘
09:48:53,28.17,-0.01,7,19719,中性盘
09:48:56,28.18,0.01,70,197193,买盘
09:48:59,28.17,-0.01,98,276127,卖盘
09:49:02,28.17,0.0,95,267704,卖盘
09:49:05,28.18,0.01,268,755437,买盘
09:49:08,28.18,0.0,97,273449,卖盘
09:49:11,28.19,0.01,81,228334,买盘
09:49:14,28.19,0.0,62,174824,卖盘
09:49:17,28.2,0.01,183,516060,买盘
09:49:20,28.18,-0.02,117,329868,卖盘
09:49:22,28.2,0.02,39,109980,买盘
09:49:25,28.2,0.0,31,87420,买盘
09:49:29,28.2,0.0,389,1096783,买盘
09:49:32,28.2,0.0,28,78962,卖盘
09:49:34,28.2,0.0,10,28200,卖盘
09:49:37,28.2,0.0,97,273641,卖盘
09:49:41,28.2,0.0,4,11284,卖盘
09:49:44,28.22,0.02,8,22572,买盘
09:49:47,28.2,-0.02,10,28200,卖盘
09:49:50,28.22,0.02,13,36676,买盘
09:49:53,28.22,0.0,24,67712,买盘
09:49:55,28.23,0.01,34,95933,买盘
09:49:59,28.22,-0.01,16,45140,中性盘
09:50:02,28.23,0.01,86,242745,买盘
09:50:05,28.22,-0.01,50,141158,中性盘
09:50:07,28.21,-0.01,63,177759,卖盘
09:50:11,28.22,0.01,51,143922,买盘
09:50:14,28.24,0.02,23,64934,买盘
09:50:17,28.22,-0.02,40,112880,卖盘
09:50:20,28.23,0.01,9,25406,买盘
09:50:23,28.22,-0.01,189,533717,卖盘
09:50:26,28.23,0.01,20,56453,卖盘
09:50:29,28.23,0.0,18,50808,买盘
09:50:34,28.23,0.0,27,76223,买盘
09:50:38,28.23,0.0,30,84702,卖盘
09:50:41,28.23,0.0,40,112907,卖盘
09:50:44,28.23,0.0,3,8469,卖盘
09:50:47,28.22,-0.01,80,225908,卖盘
09:50:50,28.22,0.0,16,45162,卖盘
09:50:53,28.23,0.01,22,62107,中性盘
09:50:56,28.23,0.0,1,2823,买盘
09:50:59,28.23,0.0,22,62106,买盘
09:51:02,28.24,0.01,118,333202,买盘
09:51:05,28.23,-0.01,585,1652335,中性盘
09:51:08,28.22,-0.01,65,183442,卖盘
09:51:11,28.22,0.0,7,19754,买盘
09:51:14,28.23,0.01,112,316133,买盘
09:51:16,28.23,0.0,29,81867,卖盘
09:51:20,28.23,0.0,23,64930,卖盘
09:51:23,28.23,0.0,3,8469,卖盘
09:51:26,28.23,0.0,1031,2912494,卖盘
09:51:28,28.23,0.0,53,149676,卖盘
09:51:32,28.24,0.01,10,28240,买盘
09:51:35,28.23,-0.01,91,256923,卖盘
09:51:38,28.24,0.01,30,84694,买盘
09:51:40,28.24,0.0,46,129899,买盘
09:51:44,28.24,0.0,97,273928,买盘
09:51:47,28.24,0.0,84,237217,卖盘
09:51:50,28.24,0.0,109,307817,卖盘
09:51:53,28.25,0.01,252,711876,买盘
09:51:56,28.24,-0.01,41,115822,卖盘
09:51:59,28.25,0.01,191,539575,买盘
09:52:02,28.25,0.0,148,416096,卖盘
09:52:04,28.25,0.0,51,144094,卖盘
09:52:08,28.25,0.0,20,56508,卖盘
09:52:10,28.27,0.02,44,124316,买盘
09:52:14,28.25,-0.02,48,135625,卖盘
09:52:17,28.27,0.02,4,11302,买盘
09:52:19,28.25,-0.02,187,529973,卖盘
09:52:23,28.26,0.01,24,67830,中性盘
09:52:26,28.27,0.01,51,144155,买盘
09:52:29,28.27,0.0,39,110225,买盘
09:52:32,28.26,-0.01,40,113051,卖盘
09:52:35,28.26,0.0,41,115898,卖盘
09:52:38,28.27,0.01,8,22616,买盘
09:52:41,28.26,-0.01,39,110229,卖盘
09:52:44,28.27,0.01,106,299667,买盘
09:52:47,28.26,-0.01,23,65013,卖盘
09:52:50,28.26,0.0,7,19785,卖盘
09:52:53,28.26,0.0,43,121533,卖盘
09:52:56,28.26,0.0,112,316533,卖盘
09:52:59,28.26,0.0,11,31087,卖盘
09:53:02,28.26,0.0,17,48044,卖盘
09:53:05,28.26,0.0,175,494682,卖盘
09:53:07,28.27,0.01,55,155438,买盘
09:53:10,28.26,-0.01,57,161088,卖盘
09:53:14,28.26,0.0,39,110229,卖盘
09:53:17,28.27,0.01,38,107403,买盘
09:53:19,28.27,0.0,129,364584,买盘
09:53:23,28.25,-0.02,32,90431,卖盘
09:53:25,28.26,0.01,1,2826,买盘
09:53:29,28.25,-0.01,267,755038,卖盘
09:53:32,28.25,0.0,57,161020,买盘
09:53:35,28.26,0.01,258,728964,买盘
09:53:38,28.24,-0.02,52,146877,卖盘
09:53:41,28.25,0.01,45,127118,中性盘
09:53:43,28.27,0.02,295,833833,买盘
09:53:47,28.25,-0.02,36,101739,卖盘
09:53:50,28.25,0.0,21,59335,卖盘
09:53:53,28.26,0.01,23,64998,买盘
09:53:56,28.26,0.0,57,161082,买盘
09:53:59,28.26,0.0,425,1201821,卖盘
09:54:02,28.26,0.0,469,1326339,卖盘
09:54:05,28.3,0.04,695,1965929,买盘
09:54:08,28.31,0.01,517,1462716,买盘
09:54:11,28.3,-0.01,235,665108,卖盘
09:54:14,28.3,0.0,72,203761,卖盘
09:54:17,28.3,0.0,35,99059,卖盘
09:54:19,28.31,0.01,56,158494,买盘
09:54:23,28.3,-0.01,162,458434,卖盘
09:54:26,28.28,-0.02,309,874274,卖盘
09:54:28,28.3,0.02,48,135840,买盘
09:54:31,28.3,0.0,82,232009,买盘
09:54:35,28.3,0.0,48,135836,买盘
09:54:38,28.29,-0.01,35,99025,卖盘
09:54:40,28.29,0.0,13,36778,卖盘
09:54:43,28.29,0.0,20,56580,买盘
09:54:46,28.29,0.0,11,31117,买盘
09:54:50,28.29,0.0,2,5658,卖盘
09:54:52,28.28,-0.01,161,455497,卖盘
09:54:56,28.29,0.01,82,231970,买盘
09:54:59,28.29,0.0,42,118793,买盘
09:55:02,28.29,0.0,187,529146,买盘
09:55:05,28.29,0.0,3,8487,卖盘
09:55:08,28.29,0.0,37,104673,卖盘
09:55:11,28.3,0.01,316,894179,买盘
09:55:13,28.3,0.0,36,101880,卖盘
09:55:17,28.31,0.01,236,668090,买盘
09:55:19,28.31,0.0,39,110383,买盘
09:55:22,28.31,0.0,69,195339,买盘
09:55:26,28.31,0.0,11,31148,卖盘
09:55:28,28.31,0.0,40,113245,卖盘
09:55:32,28.31,0.0,9,25479,卖盘
09:55:35,28.32,0.01,32,90623,买盘
09:55:37,28.31,-0.01,88,249134,卖盘
09:55:41,28.3,-0.01,101,285846,卖盘
09:55:44,28.3,0.0,61,172630,买盘
09:55:47,28.3,0.0,39,110353,买盘
09:55:50,28.3,0.0,31,87730,买盘
09:55:53,28.3,0.0,60,169800,买盘
09:55:56,28.29,-0.01,42,118859,卖盘
09:55:59,28.3,0.01,40,113200,买盘
09:56:02,28.3,0.0,31,87730,买盘
09:56:05,28.3,0.0,76,215050,买盘
09:56:08,28.3,0.0,175,495248,买盘
09:56:11,28.29,-0.01,80,226417,卖盘
09:56:14,28.29,0.0,420,1188283,卖盘
09:56:17,28.31,0.02,132,373663,买盘
09:56:20,28.31,0.0,16,45287,买盘
09:56:22,28.28,-0.03,416,1176733,卖盘
09:56:26,28.28,0.0,121,342179,买盘
09:56:28,28.28,0.0,47,132916,买盘
09:56:31,28.28,0.0,318,899850,买盘
09:56:35,28.3,0.02,95,268831,买盘
09:56:38,28.3,0.0,8,22636,买盘
09:56:41,28.3,0.0,32,90559,买盘
09:56:44,28.3,0.0,50,141482,买盘
09:56:47,28.29,-0.01,433,1225371,卖盘
09:56:50,28.3,0.01,125,353734,买盘
09:56:54,28.29,-0.01,343,970663,卖盘
09:56:56,28.3,0.01,143,404656,买盘
09:56:59,28.3,0.0,30,84885,买盘
09:57:02,28.31,0.01,234,662287,买盘
09:57:05,28.31,0.0,79,223649,卖盘
09:57:08,28.31,0.0,7,19817,卖盘
09:57:10,28.31,0.0,10,28310,卖盘
09:57:14,28.31,0.0,19,53789,卖盘
09:57:17,28.32,0.01,23,65136,买盘
09:57:20,28.3,-0.02,360,1018929,卖盘
09:57:23,28.31,0.01,66,186846,买盘
09:57:26,28.31,0.0,30,84930,卖盘
09:57:29,28.3,-0.01,32,90589,卖盘
09:57:32,28.3,0.0,113,319800,卖盘
09:57:34,28.31,0.01,65,184001,买盘
09:57:38,28.31,0.0,35,99084,卖盘
09:57:41,28.31,0.0,106,300180,买盘
09:57:44,28.31,0.0,36,101940,卖盘
09:57:47,28.31,0.0,34,96256,卖盘
09:57:50,28.31,0.0,18,50958,买盘
09:57:52,28.31,0.0,232,656807,卖盘
09:57:55,28.3,-0.01,72,203828,卖盘
09:57:59,28.31,0.01,17,48127,买盘
09:58:02,28.31,0.0,11,31135,买盘
09:58:05,28.31,0.0,51,144342,买盘
09:58:09,28.3,-0.01,73,206602,卖盘
09:58:11,28.3,0.0,92,260380,卖盘
09:58:14,28.3,0.0,22,64266,买盘
09:58:17,28.3,0.0,51,144316,买盘
09:58:20,28.29,-0.01,49,138663,卖盘
09:58:23,28.29,0.0,31,87708,卖盘
09:58:25,28.29,0.0,526,1486629,卖盘
09:58:29,28.28,-0.01,146,413208,卖盘
09:58:32,28.28,0.0,12,33941,卖盘
09:58:35,28.29,0.01,235,664914,买盘
09:58:38,28.29,0.0,68,192492,卖盘
09:58:41,28.31,0.02,135,382128,买盘
09:58:44,28.31,0.0,110,311410,卖盘
09:58:47,28.31,0.0,15,42465,卖盘
09:58:50,28.31,0.0,55,155705,卖盘
09:58:53,28.31,0.0,111,314300,买盘
09:58:56,28.31,0.0,73,206647,卖盘
09:58:59,28.29,-0.02,304,860902,卖盘
09:59:02,28.31,0.02,73,206661,买盘
09:59:05,28.3,-0.01,7,19811,中性盘
09:59:09,28.31,0.01,9,25471,买盘
09:59:11,28.31,0.0,75,212287,买盘
09:59:13,28.31,0.0,19,53788,买盘
09:59:17,28.31,0.0,9,25476,买盘
09:59:19,28.3,-0.01,69,195279,卖盘
09:59:24,28.31,0.01,22,62281,买盘
09:59:25,28.3,-0.01,15,42450,卖盘
09:59:29,28.3,0.0,4,11320,买盘
09:59:32,28.29,-0.01,17,48108,卖盘
09:59:34,28.3,0.01,37,104710,买盘
09:59:37,28.3,0.0,8,22640,买盘
09:59:41,28.3,0.0,10,28297,买盘
09:59:44,28.3,0.0,21,59425,买盘
09:59:48,28.3,0.0,133,376454,买盘
09:59:50,28.29,-0.01,40,113221,卖盘
09:59:52,28.3,0.01,7,19812,中性盘
09:59:56,28.3,0.0,27,76418,买盘
09:59:59,28.3,0.0,29,82093,卖盘
10:00:02,28.31,0.01,44,124519,买盘
10:00:05,28.31,0.0,126,356677,买盘
10:00:08,28.31,0.0,45,127379,买盘
10:00:12,28.3,-0.01,39,110374,卖盘
10:00:14,28.3,0.0,171,484019,卖盘
10:00:18,28.29,-0.01,95,268796,卖盘
10:00:20,28.3,0.01,28,79226,买盘
10:00:23,28.3,0.0,28,79216,买盘
10:00:25,28.3,0.0,44,124520,买盘
10:00:29,28.29,-0.01,39,110331,卖盘
10:00:32,28.29,0.0,13,36772,买盘
10:00:35,28.27,-0.02,105,296947,卖盘
10:00:37,28.29,0.02,29,82055,买盘
10:00:41,28.27,-0.02,32,90487,卖盘
10:00:44,28.27,0.0,31,87678,卖盘
10:00:46,28.28,0.01,21,59377,买盘
10:00:49,28.28,0.0,6,16968,中性盘
10:00:53,28.27,-0.01,27,76329,卖盘
10:00:56,28.28,0.01,76,214869,买盘
10:01:00,28.27,-0.01,21,59395,卖盘
10:01:02,28.27,0.0,8,22619,卖盘
10:01:05,28.28,0.01,489,1383510,买盘
10:01:09,28.3,0.02,134,379143,买盘
10:01:11,28.29,-0.01,8,22634,买盘
10:01:14,28.3,0.01,83,234813,买盘
10:01:17,28.3,0.0,23,65089,买盘
10:01:20,28.27,-0.03,72,203619,卖盘
10:01:22,28.28,0.01,24,67870,买盘
10:01:26,28.3,0.02,25,70727,买盘
10:01:29,28.3,0.0,37,104659,买盘
10:01:33,28.3,0.0,10,28300,买盘
10:01:36,28.3,0.0,8,22633,买盘
10:01:39,28.3,0.0,31,87721,买盘
10:01:41,28.3,0.0,9,25468,买盘
10:01:44,28.3,0.0,121,344076,买盘
10:01:48,28.3,0.0,41,116061,卖盘
10:01:50,28.3,0.0,64,181122,卖盘
10:01:52,28.3,0.0,210,594459,卖盘
10:01:55,28.31,0.01,70,196461,买盘
10:02:00,28.3,-0.01,10,28306,买盘
10:02:02,28.31,0.01,179,508303,买盘
10:02:05,28.31,0.0,115,325565,卖盘
10:02:09,28.31,0.0,90,253106,卖盘
10:02:12,28.31,0.0,143,404811,买盘
10:02:14,28.31,0.0,38,107578,买盘
10:02:16,28.3,-0.01,4,11320,卖盘
10:02:21,28.29,-0.01,57,161276,卖盘
10:02:24,28.3,0.01,62,175449,买盘
10:02:26,28.31,0.01,30,84867,买盘
10:02:29,28.31,0.0,29,82062,买盘
10:02:32,28.28,-0.03,16,45260,卖盘
10:02:35,28.31,0.03,80,226261,买盘
10:02:38,28.31,0.0,35,99059,买盘
10:02:41,28.31,0.0,4,11324,买盘
10:02:44,28.3,-0.01,21,59430,卖盘
10:02:48,28.29,-0.01,117,331032,卖盘
10:02:50,28.28,-0.01,51,144273,卖盘
10:02:54,28.3,0.02,25,70719,中性盘
10:02:57,28.3,0.0,23,65102,买盘
10:03:00,28.3,0.0,7,19810,买盘
10:03:01,28.29,-0.01,16,45264,卖盘
10:03:05,28.28,-0.01,23,65048,卖盘
10:03:09,28.3,0.02,7,19810,买盘
10:03:12,28.31,0.01,59,166955,买盘
10:03:14,28.29,-0.02,94,266019,卖盘
10:03:16,28.3,0.01,37,104692,买盘
10:03:20,28.3,0.0,6,16980,买盘
10:03:24,28.3,0.0,23,65075,买盘
10:03:26,28.3,0.0,16,45270,买盘
10:03:29,28.31,0.01,81,229206,买盘
10:03:32,28.3,-0.01,61,172650,卖盘
10:03:36,28.31,0.01,102,288670,买盘
10:03:39,28.3,-0.01,127,359516,卖盘
10:03:41,28.3,0.0,74,209480,卖盘
10:03:44,28.3,0.0,50,141514,卖盘
10:03:48,28.3,0.0,270,764277,买盘
10:03:49,28.3,0.0,261,738651,卖盘
10:03:54,28.28,-0.02,906,2562800,卖盘
10:03:57,28.3,0.02,76,215035,买盘
10:04:00,28.31,0.01,104,294281,买盘
10:04:02,28.29,-0.02,16,45267,卖盘
10:04:05,28.3,0.01,14,39613,买盘
10:04:09,28.31,0.01,181,512395,买盘
10:04:10,28.31,0.0,24,67944,卖盘
10:04:14,28.31,0.0,39,110409,卖盘
10:04:18,28.31,0.0,19,53789,卖盘
10:04:21,28.32,0.01,35,99108,买盘
10:04:24,28.32,0.0,216,611640,买盘
10:04:26,28.32,0.0,54,152934,卖盘
10:04:29,28.31,-0.01,265,750251,卖盘
10:04:32,28.33,0.02,422,1195467,买盘
10:04:36,28.31,-0.02,24,67962,卖盘
10:04:39,28.33,0.02,275,779075,买盘
10:04:41,28.34,0.01,37,104822,买盘
10:04:44,28.33,-0.01,8,22664,卖盘
10:04:48,28.34,0.01,21,59504,买盘
10:04:51,28.34,0.0,87,246506,买盘
10:04:54,28.33,-0.01,824,2335626,卖盘
10:04:57,28.33,0.0,36,102001,卖盘
10:05:00,28.34,0.01,468,1326534,买盘
10:05:01,28.34,0.0,54,155007,卖盘
10:05:05,28.34,0.0,16,45344,买盘
10:05:09,28.34,0.0,9,25506,卖盘
10:05:11,28.34,0.0,166,470608,卖盘
10:05:15,28.34,0.0,21,59514,卖盘
10:05:18,28.34,0.0,14,39676,买盘
10:05:20,28.34,0.0,215,609137,买盘
10:05:24,28.34,0.0,139,393923,买盘
10:05:25,28.34,0.0,68,192712,买盘
10:05:29,28.34,0.0,15,42510,卖盘
10:05:32,28.35,0.01,311,881672,买盘
10:05:36,28.34,-0.01,6,17004,买盘
10:05:39,28.36,0.02,874,2478033,买盘
10:05:42,28.35,-0.01,25,70865,买盘
10:05:44,28.35,0.0,69,195608,卖盘
10:05:48,28.35,0.0,9,25515,买盘
10:05:51,28.34,-0.01,212,601008,卖盘
10:05:54,28.34,0.0,72,204105,卖盘
10:05:57,28.35,0.01,254,720154,买盘
10:05:59,28.35,0.0,22,62371,卖盘
10:06:03,28.36,0.01,14,39703,买盘
10:06:04,28.36,0.0,20,56704,买盘
10:06:08,28.35,-0.01,107,303408,卖盘
10:06:12,28.36,0.01,249,706144,买盘
10:06:15,28.37,0.01,140,397027,买盘
10:06:17,28.37,0.0,22,62401,买盘
10:06:24,28.37,0.0,310,879460,买盘
10:06:25,28.35,-0.02,609,1727124,卖盘
10:06:29,28.35,0.0,100,283573,卖盘
10:06:32,28.36,0.01,198,561544,买盘
10:06:36,28.35,-0.01,35,99235,卖盘
10:06:39,28.35,0.0,716,2029864,卖盘
10:06:41,28.35,0.0,45,127575,买盘
10:06:44,28.35,0.0,24,68040,买盘
10:06:47,28.35,0.0,166,470599,买盘
10:06:51,28.34,-0.01,2,5668,卖盘
10:06:54,28.34,0.0,29,82200,卖盘
10:06:57,28.35,0.01,53,150238,买盘
10:06:59,28.35,0.0,101,286247,买盘
10:07:01,28.34,-0.01,42,119028,买盘
10:07:08,28.34,0.0,9,25503,买盘
10:07:12,28.33,-0.01,507,1436756,卖盘
10:07:14,28.33,0.0,26,73683,卖盘
10:07:17,28.34,0.01,155,439254,买盘
10:07:21,28.33,-0.01,50,141690,卖盘
10:07:24,28.33,0.0,287,813322,卖盘
10:07:26,28.34,0.01,113,320242,买盘
10:07:29,28.35,0.01,104,294746,买盘
10:07:32,28.33,-0.02,78,221047,卖盘
10:07:36,28.34,0.01,28,79330,买盘
10:07:39,28.35,0.01,75,212551,买盘
10:07:41,28.34,-0.01,20,56680,卖盘
10:07:44,28.34,0.0,9,25512,卖盘
10:07:48,28.34,0.0,40,113361,卖盘
10:07:50,28.35,0.01,35,99205,买盘
10:07:52,28.34,-0.01,170,481932,卖盘
10:07:57,28.34,0.0,15,42517,卖盘
10:07:59,28.34,0.0,21,59514,卖盘
10:08:05,28.34,0.0,17,48189,卖盘
10:08:12,28.35,0.01,319,904315,买盘
10:08:14,28.34,-0.01,230,651929,卖盘
10:08:17,28.35,0.01,33,93531,买盘
10:08:20,28.35,0.0,99,280618,买盘
10:08:24,28.34,-0.01,23,65182,中性盘
10:08:25,28.34,0.0,78,221007,买盘
10:08:29,28.34,0.0,56,158710,买盘
10:08:33,28.34,0.0,102,289068,卖盘
10:08:36,28.35,0.01,386,1094258,买盘
10:08:39,28.35,0.0,40,113400,买盘
10:08:41,28.35,0.0,45,127543,买盘
10:08:45,28.35,0.0,5,14175,买盘
10:08:48,28.34,-0.01,63,178588,卖盘
10:08:50,28.34,0.0,6,17004,卖盘
10:08:54,28.34,0.0,302,856159,卖盘
10:08:57,28.35,0.01,301,853320,买盘
10:09:00,28.35,0.0,158,447830,买盘
10:09:02,28.35,0.0,5,14175,买盘
10:09:06,28.35,0.0,125,354321,买盘
10:09:09,28.35,0.0,9,25509,买盘
10:09:12,28.35,0.0,118,334528,买盘
10:09:14,28.35,0.0,28,79375,买盘
10:09:17,28.35,0.0,288,815944,买盘
10:09:20,28.35,0.0,5,14175,买盘
10:09:24,28.34,-0.01,127,359917,卖盘
10:09:26,28.34,0.0,55,155872,卖盘
10:09:30,28.34,0.0,1337,3790880,卖盘
10:09:33,28.35,0.01,163,462105,买盘
10:09:36,28.35,0.0,80,226800,卖盘
10:09:39,28.36,0.01,88,249538,买盘
10:09:41,28.35,-0.01,51,144602,卖盘
10:09:44,28.36,0.01,320,905686,买盘
10:09:48,28.36,0.0,120,340320,卖盘
10:09:51,28.37,0.01,22,62393,买盘
10:09:54,28.37,0.0,272,771642,买盘
10:09:57,28.36,-0.01,18,51048,卖盘
10:09:59,28.38,0.02,751,2130588,买盘
10:10:02,28.37,-0.01,87,246870,卖盘
10:10:05,28.37,0.0,4,11348,卖盘
10:10:09,28.37,0.0,17,48229,卖盘
10:10:12,28.37,0.0,163,462589,卖盘
10:10:15,28.38,0.01,967,2744337,买盘
10:10:18,28.38,0.0,42,119206,卖盘
10:10:21,28.38,0.0,24,68112,卖盘
10:10:23,28.39,0.01,111,315116,买盘
10:10:27,28.39,0.0,122,346309,买盘
10:10:30,28.38,-0.01,343,973776,卖盘
10:10:33,28.39,0.01,80,227092,买盘
10:10:36,28.4,0.01,1423,4040538,买盘
10:10:39,28.4,0.0,424,1204132,买盘
10:10:41,28.4,0.0,959,2723483,买盘
10:10:45,28.4,0.0,843,2395476,买盘
10:10:48,28.4,0.0,218,619122,卖盘
10:10:51,28.42,0.02,1513,4296532,买盘
10:10:53,28.41,-0.01,39,110791,中性盘
10:10:57,28.41,0.0,118,335293,卖盘
10:11:00,28.42,0.01,29,82416,买盘
10:11:02,28.41,-0.01,19,53985,卖盘
10:11:06,28.42,0.01,105,298379,买盘
10:11:09,28.41,-0.01,263,747352,卖盘
10:11:12,28.42,0.01,972,2762112,买盘
10:11:14,28.41,-0.01,191,542629,卖盘
10:11:18,28.41,0.0,13,36933,买盘
10:11:21,28.41,0.0,689,1957819,买盘
10:11:24,28.42,0.01,336,956260,买盘
10:11:26,28.41,-0.01,224,634983,卖盘
10:11:29,28.4,-0.01,113,321027,卖盘
10:11:33,28.4,0.0,65,184604,买盘
10:11:36,28.4,0.0,23,65320,买盘
10:11:39,28.4,0.0,16,45439,买盘
10:11:42,28.39,-0.01,130,369160,卖盘
10:11:44,28.4,0.01,69,195935,买盘
10:11:47,28.4,0.0,90,255587,买盘
10:11:51,28.4,0.0,760,2157781,卖盘
10:11:53,28.39,-0.01,5,14195,中性盘
10:11:57,28.4,0.01,24,68143,买盘
10:12:00,28.39,-0.01,63,178836,卖盘
10:12:03,28.38,-0.01,800,2270412,卖盘
10:12:06,28.38,0.0,182,516572,卖盘
10:12:09,28.38,0.0,32,90827,卖盘
10:12:12,28.38,0.0,36,102170,卖盘
10:12:15,28.39,0.01,21,59605,买盘
10:12:18,28.39,0.0,580,1646118,买盘
10:12:21,28.39,0.0,218,618801,买盘
10:12:24,28.38,-0.01,59,167440,买盘
10:12:27,28.37,-0.01,20,56758,卖盘
10:12:30,28.38,0.01,84,238375,买盘
10:12:32,28.38,0.0,14,39730,买盘
10:12:36,28.37,-0.01,22,62414,卖盘
10:12:39,28.38,0.01,39,110662,买盘
10:12:41,28.38,0.0,37,104999,买盘
10:12:45,28.38,0.0,3,8512,买盘
10:12:48,28.36,-0.02,17,48234,卖盘
10:12:51,28.37,0.01,49,139021,买盘
10:12:54,28.37,0.0,11,31208,卖盘
10:12:57,28.38,0.01,21,59587,买盘
10:12:59,28.37,-0.01,12,34047,卖盘
10:13:03,28.38,0.01,58,164597,买盘
10:13:05,28.37,-0.01,81,229797,卖盘
10:13:08,28.38,0.01,55,156080,买盘
10:13:11,28.37,-0.01,94,266700,卖盘
10:13:15,28.38,0.01,38,107824,买盘
10:13:18,28.38,0.0,140,397191,买盘
10:13:20,28.37,-0.01,29,82273,卖盘
10:13:24,28.37,0.0,11,31207,买盘
10:13:27,28.37,0.0,24,68088,买盘
10:13:29,28.38,0.01,86,244003,买盘
10:13:33,28.37,-0.01,40,113447,买盘
10:13:36,28.37,0.0,14,39728,买盘
10:13:39,28.37,0.0,14,39718,卖盘
10:13:42,28.38,0.01,32,90816,买盘
10:13:44,28.37,-0.01,46,130512,卖盘
10:13:48,28.37,0.0,45,127671,卖盘
10:13:51,28.38,0.01,57,161724,买盘
10:13:53,28.37,-0.01,23,65270,卖盘
10:13:57,28.37,0.0,100,283773,卖盘
10:14:00,28.38,0.01,67,190085,买盘
10:14:03,28.37,-0.01,19,53908,卖盘
10:14:06,28.37,0.0,12,34044,卖盘
10:14:09,28.38,0.01,18,51084,买盘
10:14:12,28.38,0.0,3,8514,买盘
10:14:15,28.37,-0.01,53,150392,卖盘
10:14:18,28.38,0.01,34,96491,买盘
10:14:20,28.38,0.0,58,164602,买盘
10:14:24,28.38,0.0,12,34053,买盘
10:14:27,28.38,0.0,77,218516,买盘
10:14:29,28.38,0.0,29,82302,买盘
10:14:33,28.38,0.0,214,607326,买盘
10:14:35,28.38,0.0,67,190124,买盘
10:14:38,28.37,-0.01,29,82297,卖盘
10:14:41,28.38,0.01,108,306502,买盘
10:14:44,28.37,-0.01,40,113489,卖盘
10:14:48,28.38,0.01,39,110672,买盘
10:14:50,28.37,-0.01,23,65263,卖盘
10:14:54,28.38,0.01,411,1166462,买盘
10:14:57,28.38,0.0,150,425761,卖盘
10:14:59,28.38,0.0,54,153286,卖盘
10:15:03,28.39,0.01,112,317882,买盘
10:15:06,28.38,-0.01,21,59617,卖盘
10:15:09,28.39,0.01,13,36907,买盘
10:15:12,28.39,0.0,37,105021,买盘
10:15:15,28.39,0.0,35,99357,买盘
10:15:18,28.39,0.0,91,258347,买盘
10:15:21,28.39,0.0,37,105022,买盘
10:15:23,28.39,0.0,239,678520,买盘
10:15:26,28.39,0.0,43,122064,买盘
10:15:30,28.39,0.0,18,51102,买盘
10:15:32,28.39,0.0,30,85168,买盘
10:15:36,28.39,0.0,64,181672,买盘
10:15:39,28.39,0.0,18,51102,买盘
10:15:41,28.39,0.0,35,99365,买盘
10:15:45,28.39,0.0,45,127730,买盘
10:15:48,28.38,-0.01,33,93657,卖盘
10:15:51,28.39,0.01,16,45422,买盘
10:15:54,28.39,0.0,126,357663,买盘
10:15:57,28.39,0.0,168,476943,买盘
10:16:00,28.39,0.0,12,34079,卖盘
10:16:03,28.39,0.0,58,164681,卖盘
10:16:06,28.4,0.01,849,2411040,买盘
10:16:08,28.4,0.0,232,658966,卖盘
10:16:12,28.4,0.0,179,508403,卖盘
10:16:15,28.4,0.0,209,593646,买盘
10:16:18,28.4,0.0,180,511200,买盘
10:16:20,28.4,0.0,65,184600,买盘
10:16:24,28.4,0.0,58,164680,买盘
10:16:27,28.39,-0.01,64,181748,卖盘
10:16:30,28.4,0.01,188,533903,买盘
10:16:32,28.4,0.0,85,241393,卖盘
10:16:36,28.4,0.0,42,119280,卖盘
10:16:39,28.4,0.0,79,224372,卖盘
10:16:42,28.41,0.01,117,332310,买盘
10:16:44,28.41,0.0,124,352164,买盘
10:16:48,28.4,-0.01,28,79520,卖盘
10:16:51,28.4,0.0,32,90875,卖盘
10:16:54,28.39,-0.01,379,1076180,卖盘
10:16:57,28.39,0.0,127,360730,卖盘
10:17:00,28.4,0.01,36,102239,买盘
10:17:03,28.39,-0.01,34,96557,卖盘
10:17:06,28.4,0.01,22,62470,买盘
10:17:09,28.39,-0.01,24,68142,卖盘
10:17:12,28.39,0.0,33,93687,买盘
10:17:18,28.39,0.0,20,56775,买盘
10:17:21,28.38,-0.01,17,48260,卖盘
10:17:24,28.38,0.0,69,195835,卖盘
10:17:27,28.38,0.0,28,79481,卖盘
10:17:30,28.39,0.01,33,93673,买盘
10:17:33,28.39,0.0,22,62445,买盘
10:17:36,28.38,-0.01,115,326378,卖盘
10:17:38,28.38,0.0,36,102168,卖盘
10:17:42,28.39,0.01,197,558959,买盘
10:17:45,28.38,-0.01,39,110720,中性盘
10:17:48,28.39,0.01,50,141897,买盘
10:17:51,28.37,-0.02,17,48239,卖盘
10:17:54,28.37,0.0,37,104988,卖盘
10:17:57,28.37,0.0,181,513705,卖盘
10:17:59,28.38,0.01,10,28380,中性盘
10:18:03,28.37,-0.01,26,73763,卖盘
10:18:06,28.37,0.0,13,36884,卖盘
10:18:09,28.38,0.01,3,8513,买盘
10:18:12,28.37,-0.01,10,28370,卖盘
10:18:15,28.37,0.0,13,36881,卖盘
10:18:18,28.37,0.0,6,17023,卖盘
10:18:20,28.37,0.0,106,300722,卖盘
10:18:24,28.37,0.0,138,391564,卖盘
10:18:27,28.37,0.0,146,414232,卖盘
10:18:30,28.37,0.0,13,36873,买盘
10:18:32,28.37,0.0,24,68088,买盘
10:18:36,28.36,-0.01,16,45383,卖盘
10:18:39,28.36,0.0,16,45378,卖盘
10:18:42,28.37,0.01,120,340350,买盘
10:18:45,28.36,-0.01,78,221235,卖盘
10:18:48,28.36,0.0,24,68064,卖盘
10:18:51,28.36,0.0,23,65228,卖盘
10:18:54,28.36,0.0,15,42545,卖盘
10:18:57,28.36,0.0,77,218372,卖盘
10:19:00,28.37,0.01,696,1973030,买盘
10:19:03,28.33,-0.04,81,229502,卖盘
10:19:06,28.36,0.03,65,184268,买盘
10:19:09,28.33,-0.03,24,67992,卖盘
10:19:12,28.34,0.01,12,34016,买盘
10:19:15,28.33,-0.01,29,83978,卖盘
10:19:18,28.33,0.0,69,195454,买盘
10:19:21,28.33,0.0,127,359791,买盘
10:19:24,28.33,0.0,6,16998,买盘
10:19:27,28.32,-0.01,24,67968,卖盘
10:19:30,28.33,0.01,367,1037878,买盘
10:19:33,28.33,0.0,80,226680,卖盘
10:19:36,28.34,0.01,2,5668,买盘
10:19:39,28.34,0.0,113,320142,买盘
10:19:41,28.33,-0.01,2,5666,卖盘
10:19:44,28.33,0.0,37,104852,卖盘
10:19:47,28.33,0.0,134,379632,卖盘
10:19:51,28.31,-0.02,100,283128,卖盘
10:19:54,28.33,0.02,19,53821,买盘
10:19:57,28.33,0.0,15,42495,买盘
10:20:00,28.34,0.01,297,841513,买盘
10:20:02,28.34,0.0,41,116194,卖盘
10:20:05,28.34,0.0,18,51012,卖盘
10:20:09,28.34,0.0,7,19843,卖盘
10:20:12,28.34,0.0,5,14174,卖盘
10:20:15,28.35,0.01,51,144580,买盘
10:20:18,28.35,0.0,73,206903,买盘
10:20:21,28.35,0.0,22,62358,买盘
10:20:24,28.35,0.0,24,68040,买盘
10:20:27,28.34,-0.01,18,51021,卖盘
10:20:30,28.35,0.01,16,45345,买盘
10:20:32,28.34,-0.01,115,325910,卖盘
10:20:35,28.35,0.01,369,1045856,买盘
10:20:39,28.35,0.0,18,50997,买盘
10:20:42,28.35,0.0,18,51020,买盘
10:20:45,28.35,0.0,47,133235,买盘
10:20:48,28.34,-0.01,15,42515,卖盘
10:20:50,28.35,0.01,31,87873,买盘
10:20:54,28.35,0.0,1,2835,买盘
10:20:57,28.34,-0.01,18,51023,卖盘
10:21:00,28.35,0.01,51,144544,买盘
10:21:03,28.35,0.0,9,25512,买盘
10:21:09,28.35,0.0,25,70865,买盘
10:21:12,28.34,-0.01,29,82197,卖盘
10:21:15,28.34,0.0,44,124716,卖盘
10:21:18,28.33,-0.01,143,405251,卖盘
10:21:21,28.34,0.01,58,164355,中性盘
10:21:24,28.34,0.0,41,116207,卖盘
10:21:27,28.34,0.0,33,93539,卖盘
10:21:29,28.34,0.0,31,87872,卖盘
10:21:33,28.34,0.0,18,51012,卖盘
10:21:36,28.34,0.0,7,19840,卖盘
10:21:38,28.34,0.0,22,62348,卖盘
10:21:42,28.34,0.0,33,93524,卖盘
10:21:45,28.34,0.0,60,170040,卖盘
10:21:48,28.34,0.0,33,93522,买盘
10:21:50,28.34,0.0,109,308827,买盘
10:21:54,28.33,-0.01,26,73667,卖盘
10:21:57,28.33,0.0,16,45336,卖盘
10:22:00,28.33,0.0,13,36830,卖盘
10:22:03,28.33,0.0,124,351150,买盘
10:22:06,28.34,0.01,63,178513,买盘
10:22:08,28.32,-0.02,1,3597,卖盘
10:22:12,28.32,0.0,2,4900,买盘
10:22:15,28.32,0.0,6,16992,买盘
10:22:18,28.32,0.0,14,39648,买盘
10:22:20,28.32,0.0,8,22656,买盘
10:22:24,28.31,-0.01,55,155725,卖盘
10:22:27,28.32,0.01,111,315117,买盘
10:22:30,28.32,0.0,34,96288,卖盘
10:22:32,28.32,0.0,7,19824,卖盘
10:22:35,28.32,0.0,11,31152,卖盘
10:22:39,28.32,0.0,17,48144,卖盘
10:22:41,28.33,0.01,10,28323,买盘
10:22:45,28.32,-0.01,122,345614,卖盘
10:22:47,28.32,0.0,87,246358,卖盘
10:22:51,28.32,0.0,13,36816,买盘
10:22:54,28.32,0.0,7,19824,卖盘
10:22:57,28.32,0.0,1,2832,买盘
10:23:00,28.3,-0.02,312,883086,卖盘
10:23:02,28.3,0.0,29,82106,卖盘
10:23:06,28.32,0.02,4,11327,买盘
10:23:09,28.32,0.0,23,65117,买盘
10:23:12,28.31,-0.01,57,161344,中性盘
10:23:15,28.31,0.0,13,36803,卖盘
10:23:18,28.32,0.01,29,82128,买盘
10:23:20,28.32,0.0,33,93455,买盘
10:23:23,28.31,-0.01,15,42471,卖盘
10:23:27,28.32,0.01,33,93455,买盘
10:23:30,28.31,-0.01,241,682277,卖盘
10:23:32,28.32,0.01,19,53803,买盘
10:23:36,28.31,-0.01,102,288764,卖盘
10:23:39,28.31,0.0,11,31144,卖盘
10:23:42,28.32,0.01,266,753309,买盘
10:23:44,28.32,0.0,28,79296,卖盘
10:23:48,28.33,0.01,56,158597,买盘
10:23:51,28.33,0.0,21,59493,买盘
10:23:53,28.32,-0.01,30,84965,卖盘
10:23:56,28.33,0.01,15,42488,买盘
10:24:00,28.32,-0.01,54,152964,卖盘
10:24:03,28.32,0.0,12,33994,卖盘
10:24:06,28.32,0.0,2,5664,卖盘
10:24:09,28.33,0.01,18,50994,买盘
10:24:11,28.33,0.0,56,158604,买盘
10:24:14,28.33,0.0,113,320026,买盘
10:24:18,28.32,-0.01,67,189749,卖盘
10:24:21,28.32,0.0,151,427732,卖盘
10:24:24,28.32,0.0,102,288882,卖盘
10:24:27,28.31,-0.01,91,257667,卖盘
10:24:29,28.31,0.0,80,226503,卖盘
10:24:33,28.31,0.0,275,778617,卖盘
10:24:36,28.31,0.0,50,141550,卖盘
10:24:38,28.31,0.0,40,113242,卖盘
10:24:42,28.31,0.0,63,178366,卖盘
10:24:45,28.3,-0.01,108,305742,卖盘
10:24:47,28.31,0.01,17,48121,买盘
10:24:50,28.31,0.0,22,62282,买盘
10:24:54,28.31,0.0,30,84930,买盘
10:24:57,28.3,-0.01,23,65104,卖盘
10:25:00,28.31,0.01,94,266023,买盘
10:25:03,28.3,-0.01,85,240550,卖盘
10:25:06,28.3,0.0,105,297153,卖盘
10:25:09,28.3,0.0,20,57647,卖盘
10:25:12,28.3,0.0,9,25470,卖盘
10:25:14,28.3,0.0,12,33960,买盘
10:25:17,28.29,-0.01,21,59425,卖盘
10:25:21,28.29,0.0,41,116050,卖盘
10:25:24,28.29,0.0,10,28291,卖盘
10:25:26,28.3,0.01,10,28293,买盘
10:25:29,28.29,-0.01,18,50924,卖盘
10:25:33,28.29,0.0,27,76385,卖盘
10:25:36,28.29,0.0,58,164088,卖盘
10:25:39,28.29,0.0,3,8487,卖盘
10:25:41,28.29,0.0,86,243294,卖盘
10:25:45,28.29,0.0,51,144316,卖盘
10:25:48,28.29,0.0,34,96190,买盘
10:25:51,28.3,0.01,33,93390,买盘
10:25:54,28.29,-0.01,23,65067,卖盘
10:25:57,28.29,0.0,33,93358,卖盘
10:25:59,28.29,0.0,53,149906,卖盘
10:26:02,28.29,0.0,175,495232,卖盘
10:26:08,28.29,0.0,27,76405,卖盘
10:26:12,28.29,0.0,223,630887,卖盘
10:26:14,28.3,0.01,8,22640,买盘
10:26:18,28.29,-0.01,34,96219,卖盘
10:26:21,28.29,0.0,44,124515,卖盘
10:26:23,28.3,0.01,13,36790,买盘
10:26:26,28.3,0.0,121,342339,买盘
10:26:29,28.29,-0.01,35,99040,卖盘
10:26:33,28.29,0.0,14,39606,卖盘
10:26:36,28.29,0.0,16,45264,卖盘
10:26:39,28.29,0.0,5,14147,卖盘
10:26:41,28.3,0.01,13,36790,买盘
10:26:44,28.3,0.0,31,87730,买盘
10:26:47,28.29,-0.01,4,11316,卖盘
10:26:51,28.3,0.01,77,217840,买盘
10:26:54,28.3,0.0,50,141470,买盘
10:26:57,28.29,-0.01,5,14145,卖盘
10:26:59,28.3,0.01,5,14150,买盘
10:27:03,28.3,0.0,52,147152,买盘
10:27:06,28.29,-0.01,12,33955,卖盘
10:27:08,28.3,0.01,46,130180,买盘
10:27:12,28.29,-0.01,142,401773,卖盘
10:27:13,28.29,0.0,27,76403,卖盘
10:27:20,28.3,0.01,12,33960,买盘
10:27:24,28.3,0.0,10,28295,买盘
10:27:26,28.3,0.0,7,19810,买盘
10:27:30,28.3,0.0,66,186780,买盘
10:27:32,28.3,0.0,180,509384,买盘
10:27:35,28.3,0.0,35,99050,买盘
10:27:39,28.3,0.0,7,19810,卖盘
10:27:42,28.3,0.0,22,62260,卖盘
10:27:45,28.31,0.01,36,101911,买盘
10:27:47,28.3,-0.01,2,5660,卖盘
10:27:49,28.3,0.0,78,220736,卖盘
10:27:54,28.3,0.0,2,5659,买盘
10:27:56,28.3,0.0,150,424417,买盘
10:27:59,28.31,0.01,393,1112501,买盘
10:28:03,28.3,-0.01,161,455509,买盘
10:28:05,28.3,0.0,58,164140,买盘
10:28:08,28.31,0.01,13,36792,买盘
10:28:11,28.3,-0.01,37,104711,卖盘
10:28:15,28.3,0.0,12,33967,卖盘
10:28:17,28.3,0.0,11,31133,卖盘
10:28:21,28.31,0.01,166,468899,买盘
10:28:24,28.3,-0.01,57,161345,卖盘
10:28:27,28.31,0.01,69,193967,买盘
10:28:29,28.33,0.02,9,25497,买盘
10:28:32,28.33,0.0,15,42493,买盘
10:28:36,28.33,0.0,12,33996,买盘
10:28:38,28.33,0.0,98,277632,买盘
10:28:41,28.32,-0.01,95,269077,卖盘
10:28:44,28.33,0.01,64,181340,买盘
10:28:50,28.32,-0.01,2,5664,中性盘
10:28:53,28.33,0.01,9,25496,买盘
10:28:56,28.33,0.0,4,11332,买盘
10:28:59,28.33,0.0,11,31163,买盘
10:29:03,28.33,0.0,37,104808,买盘
10:29:06,28.33,0.0,6,17001,买盘
10:29:08,28.32,-0.01,8,22662,卖盘
10:29:11,28.33,0.01,16,45328,买盘
10:29:14,28.33,0.0,4,11332,买盘
10:29:20,28.33,0.0,117,331461,买盘
10:29:24,28.33,0.0,15,42495,卖盘
10:29:26,28.33,0.0,187,529672,卖盘
10:29:30,28.33,0.0,88,249260,买盘
10:29:31,28.32,-0.01,32,90638,卖盘
10:29:36,28.33,0.01,19,53827,买盘
10:29:37,28.33,0.0,41,116153,买盘
10:29:42,28.33,0.0,15,42496,卖盘
10:29:44,28.33,0.0,32,90656,卖盘
10:29:47,28.34,0.01,32,90688,买盘
10:29:50,28.33,-0.01,2,5666,卖盘
10:29:53,28.33,0.0,5,14165,卖盘
10:29:57,28.34,0.01,30,85003,买盘
10:29:59,28.34,0.0,91,257857,买盘
10:30:02,28.32,-0.02,30,84974,卖盘
10:30:05,28.33,0.01,13,36827,买盘
10:30:08,28.32,-0.01,39,110485,卖盘
10:30:11,28.33,0.01,90,254847,买盘
10:30:13,28.35,0.02,220,623491,买盘
10:30:18,28.34,-0.01,33,93493,中性盘
10:30:20,28.34,0.0,1,2834,买盘
10:30:23,28.33,-0.01,2,5666,卖盘
10:30:27,28.33,0.0,27,76510,卖盘
10:30:29,28.35,0.02,163,461965,买盘
10:30:32,28.34,-0.01,68,192745,卖盘
10:30:35,28.35,0.01,100,283500,买盘
10:30:38,28.35,0.0,754,2141103,买盘
10:30:41,28.35,0.0,116,326908,卖盘
10:30:44,28.34,-0.01,74,211804,卖盘
10:30:47,28.35,0.01,101,286346,买盘
10:30:49,28.36,0.01,36,102151,中性盘
10:30:52,28.35,-0.01,1134,3219840,卖盘
10:30:56,28.38,0.03,76,215749,中性盘
10:30:59,28.38,0.0,62,176060,卖盘
10:31:03,28.38,0.0,58,164688,卖盘
10:31:06,28.4,0.02,103,292500,买盘
10:31:08,28.39,-0.01,201,570797,卖盘
10:31:10,28.4,0.01,459,1303551,买盘
10:31:14,28.4,0.0,129,366429,卖盘
10:31:17,28.4,0.0,223,633527,卖盘
10:31:20,28.4,0.0,976,2773470,卖盘
10:31:23,28.42,0.02,157,446144,买盘
10:31:25,28.42,0.0,562,1597174,买盘
10:31:28,28.42,0.0,73,207502,卖盘
10:31:32,28.44,0.02,1131,3215732,买盘
10:31:35,28.43,-0.01,3,8530,中性盘
10:31:38,28.45,0.02,155,440741,买盘
10:31:41,28.45,0.0,1,2845,买盘
10:31:44,28.44,-0.01,20,56887,中性盘
10:31:47,28.45,0.01,36,102413,买盘
10:31:50,28.45,0.0,124,352723,买盘
10:31:53,28.45,0.0,1462,4159385,买盘
10:31:56,28.45,0.0,81,230445,卖盘
10:31:58,28.44,-0.01,48,134862,卖盘
10:32:02,28.44,0.0,79,224740,买盘
10:32:05,28.45,0.01,48,136514,买盘
10:32:08,28.44,-0.01,26,73958,中性盘
10:32:12,28.44,0.0,12,34129,买盘
10:32:14,28.45,0.01,300,853560,买盘
10:32:17,28.45,0.0,68,193944,卖盘
10:32:19,28.45,0.0,166,472283,卖盘
10:32:23,28.45,0.0,189,537347,卖盘
10:32:27,28.45,0.0,375,1067191,卖盘
10:32:28,28.45,0.0,141,401247,卖盘
10:32:33,28.45,0.0,138,392795,卖盘
10:32:35,28.46,0.01,32,91064,中性盘
10:32:38,28.47,0.01,75,213438,买盘
10:32:41,28.46,-0.01,246,700333,中性盘
10:32:44,28.47,0.01,72,204965,买盘
10:32:47,28.46,-0.01,80,227708,卖盘
10:32:50,28.46,0.0,6,17076,买盘
10:32:53,28.47,0.01,457,1300905,买盘
10:32:55,28.47,0.0,66,187841,买盘
10:32:58,28.46,-0.01,46,130938,卖盘
10:33:02,28.46,0.0,131,372948,卖盘
10:33:05,28.47,0.01,228,649116,买盘
10:33:08,28.47,0.0,78,222069,卖盘
10:33:11,28.46,-0.01,68,193583,卖盘
10:33:13,28.47,0.01,633,1801178,买盘
10:33:17,28.46,-0.01,34,96762,卖盘
10:33:20,28.46,0.0,269,765298,买盘
10:33:23,28.44,-0.02,286,814088,卖盘
10:33:26,28.43,-0.01,39,110961,卖盘
10:33:29,28.46,0.03,157,446786,买盘
10:33:31,28.43,-0.03,207,589030,卖盘
10:33:35,28.43,0.0,48,136492,卖盘
10:33:38,28.45,0.02,10,28448,买盘
10:33:41,28.45,0.0,90,256053,买盘
10:33:44,28.46,0.01,63,179262,买盘
10:33:47,28.45,-0.01,135,384075,卖盘
10:33:49,28.46,0.01,231,657417,买盘
10:33:53,28.45,-0.01,34,96740,卖盘
10:33:55,28.45,0.0,706,2008620,卖盘
10:33:58,28.45,0.0,86,244658,买盘
10:34:01,28.44,-0.01,31,88194,卖盘
10:34:05,28.45,0.01,10,28450,买盘
10:34:08,28.44,-0.01,28,79652,卖盘
10:34:11,28.44,0.0,121,344233,卖盘
10:34:13,28.45,0.01,30,85321,买盘
10:34:17,28.45,0.0,189,537691,买盘
10:34:20,28.45,0.0,103,293039,买盘
10:34:23,28.45,0.0,131,372606,卖盘
10:34:26,28.44,-0.01,25,71101,卖盘
10:34:28,28.45,0.01,33,93857,买盘
10:34:32,28.44,-0.01,182,517651,卖盘
10:34:35,28.43,-0.01,244,693788,卖盘
10:34:37,28.45,0.02,261,742513,买盘
10:34:41,28.45,0.0,180,512191,卖盘
10:34:44,28.45,0.0,57,162165,卖盘
10:34:47,28.46,0.01,85,241827,买盘
10:34:50,28.45,-0.01,9,25598,中性盘
10:34:52,28.45,0.0,20,56900,买盘
10:34:56,28.44,-0.01,16,45504,卖盘
10:34:58,28.45,0.01,135,384125,买盘
10:35:02,28.45,0.0,16,45520,卖盘
10:35:04,28.44,-0.01,117,332821,卖盘
10:35:08,28.43,-0.01,21,59720,卖盘
10:35:11,28.44,0.01,1470,4184191,买盘
10:35:15,28.42,-0.02,98,278642,卖盘
10:35:17,28.44,0.02,4,12628,卖盘
10:35:20,28.44,0.0,26,73950,卖盘
10:35:23,28.44,0.0,24,68257,卖盘
10:35:26,28.45,0.01,63,179226,买盘
10:35:29,28.45,0.0,4,11379,买盘
10:35:32,28.44,-0.01,28,79632,卖盘
10:35:34,28.44,0.0,4,11376,买盘
10:35:38,28.44,0.0,3,8532,买盘
10:35:41,28.44,0.0,16,45504,买盘
10:35:44,28.43,-0.01,13,36966,卖盘
10:35:46,28.43,0.0,75,213285,卖盘
10:35:50,28.44,0.01,16,45514,中性盘
10:35:52,28.45,0.01,7,19909,买盘
10:35:56,28.43,-0.02,30,84039,卖盘
10:35:59,28.45,0.02,110,312638,买盘
10:36:02,28.45,0.0,213,605963,买盘
10:36:05,28.43,-0.02,108,307086,卖盘
10:36:08,28.43,0.0,29,82447,买盘
10:36:11,28.42,-0.01,77,218902,卖盘
10:36:14,28.43,0.01,16,45488,买盘
10:36:17,28.43,0.0,9,25586,买盘
10:36:20,28.43,0.0,26,73918,买盘
10:36:23,28.44,0.01,11,31274,买盘
10:36:26,28.43,-0.01,85,241654,卖盘
10:36:29,28.44,0.01,53,150732,买盘
10:36:32,28.44,0.0,22,62568,买盘
10:36:35,28.43,-0.01,38,108051,卖盘
10:36:38,28.44,0.01,62,176285,买盘
10:36:41,28.42,-0.02,118,335495,卖盘
10:36:43,28.43,0.01,10,28430,中性盘
10:36:47,28.44,0.01,67,190578,买盘
10:36:50,28.44,0.0,28,79649,卖盘
10:36:52,28.44,0.0,56,159280,卖盘
10:36:55,28.45,0.01,42,119466,买盘
10:36:59,28.45,0.0,49,139390,买盘
10:37:02,28.45,0.0,49,139379,买盘
10:37:05,28.44,-0.01,14,39818,卖盘
10:37:08,28.45,0.01,20,56890,买盘
10:37:11,28.44,-0.01,32,91028,卖盘
10:37:14,28.45,0.01,15,42662,买盘
10:37:17,28.45,0.0,38,108110,买盘
10:37:20,28.44,-0.01,67,190569,卖盘
10:37:22,28.45,0.01,52,149192,买盘
10:37:26,28.45,0.0,88,250360,卖盘
10:37:28,28.46,0.01,194,552095,买盘
10:37:32,28.46,0.0,8,22768,买盘
10:37:35,28.44,-0.02,91,258836,卖盘
10:37:38,28.44,0.0,59,167830,买盘
10:37:41,28.45,0.01,15,42662,买盘
10:37:44,28.45,0.0,27,76814,买盘
10:37:47,28.43,-0.02,124,352703,卖盘
10:37:50,28.45,0.02,33,93879,买盘
10:37:53,28.45,0.0,25,71124,买盘
10:37:56,28.46,0.01,24,68294,买盘
10:37:58,28.46,0.0,2,5691,买盘
10:38:02,28.45,-0.01,31,88212,卖盘
10:38:05,28.46,0.01,16,45527,买盘
10:38:08,28.45,-0.01,21,59747,卖盘
10:38:11,28.46,0.01,166,472351,买盘
10:38:14,28.46,0.0,47,133739,买盘
10:38:17,28.44,-0.02,409,1163937,卖盘
10:38:20,28.46,0.02,84,239049,买盘
10:38:23,28.46,0.0,179,509451,卖盘
10:38:26,28.44,-0.02,109,310154,卖盘
10:38:29,28.46,0.02,45,128034,买盘
10:38:32,28.46,0.0,74,210552,买盘
10:38:38,28.45,-0.01,39,110955,卖盘
10:38:40,28.46,0.01,34,96750,买盘
10:38:44,28.45,-0.01,40,113813,卖盘
10:38:47,28.46,0.01,110,313045,买盘
10:38:49,28.45,-0.01,145,412600,卖盘
10:38:53,28.45,0.0,9,25605,卖盘
10:38:56,28.46,0.01,214,608926,买盘
10:38:59,28.46,0.0,20,56915,买盘
10:39:02,28.46,0.0,38,108141,买盘
10:39:05,28.46,0.0,12,34142,买盘
10:39:08,28.46,0.0,2,5692,买盘
10:39:10,28.46,0.0,105,298791,买盘
10:39:14,28.46,0.0,16,45536,买盘
10:39:16,28.46,0.0,14,39841,买盘
10:39:19,28.46,0.0,105,298830,买盘
10:39:23,28.46,0.0,6,17076,卖盘
10:39:26,28.46,0.0,69,196365,卖盘
10:39:29,28.47,0.01,77,219202,买盘
10:39:32,28.46,-0.01,367,1044839,中性盘
10:39:35,28.46,0.0,16,45542,卖盘
10:39:38,28.47,0.01,253,718624,买盘
10:39:41,28.47,0.0,124,353064,卖盘
10:39:44,28.47,0.0,37,105339,卖盘
10:39:46,28.47,0.0,217,618001,卖盘
10:39:50,28.48,0.01,261,743085,买盘
10:39:52,28.46,-0.02,49,139517,卖盘
10:39:55,28.48,0.02,9,25630,买盘
10:39:59,28.47,-0.01,14,39859,卖盘
10:40:02,28.48,0.01,18,51264,买盘
10:40:05,28.49,0.01,1484,4227061,买盘
10:40:08,28.49,0.0,18,51263,买盘
10:40:11,28.49,0.0,61,173705,买盘
10:40:14,28.49,0.0,110,313330,买盘
10:40:17,28.49,0.0,20,56974,买盘
10:40:20,28.48,-0.01,104,296288,卖盘
10:40:22,28.48,0.0,69,196576,卖盘
10:40:26,28.48,0.0,313,891635,卖盘
10:40:29,28.49,0.01,174,495714,买盘
10:40:32,28.49,0.0,29,82621,买盘
10:40:35,28.49,0.0,4,11396,卖盘
10:40:38,28.49,0.0,2058,5865254,卖盘
10:40:41,28.5,0.01,3873,11038094,买盘
10:40:44,28.52,0.02,489,1394562,买盘
10:40:47,28.53,0.01,254,724521,买盘
10:40:50,28.54,0.01,214,610876,买盘
10:40:53,28.55,0.01,134,382452,买盘
10:40:56,28.55,0.0,32,91348,买盘
10:40:58,28.55,0.0,618,1764456,买盘
10:41:01,28.55,0.0,86,245587,卖盘
10:41:04,28.55,0.0,135,385529,卖盘
10:41:08,28.53,-0.02,1245,3554089,卖盘
10:41:11,28.57,0.04,430,1227239,买盘
10:41:13,28.55,-0.02,96,274085,卖盘
10:41:16,28.52,-0.03,41,117023,卖盘
10:41:20,28.57,0.05,23,65711,买盘
10:41:23,28.56,-0.01,101,288544,卖盘
10:41:26,28.57,0.01,519,1483229,买盘
10:41:29,28.57,0.0,246,702916,买盘
10:41:32,28.58,0.01,697,1991727,买盘
10:41:35,28.56,-0.02,18,51399,买盘
10:41:38,28.58,0.02,248,708542,买盘
10:41:40,28.58,0.0,219,625898,卖盘
10:41:44,28.58,0.0,31,88568,买盘
10:41:46,28.58,0.0,134,382955,买盘
10:41:50,28.58,0.0,76,217195,买盘
10:41:53,28.58,0.0,252,720163,买盘
10:41:56,28.58,0.0,218,622822,买盘
10:41:59,28.58,0.0,53,151505,买盘
10:42:01,28.58,0.0,600,1715361,卖盘
10:42:05,28.59,0.01,689,1970301,中性盘
10:42:08,28.6,0.01,1306,3737420,买盘
10:42:10,28.61,0.01,196,560715,买盘
10:42:14,28.6,-0.01,71,203174,卖盘
10:42:17,28.61,0.01,55,157355,卖盘
10:42:20,28.62,0.01,175,500876,买盘
10:42:22,28.62,0.0,32,91589,卖盘
10:42:25,28.63,0.01,221,632547,买盘
10:42:29,28.63,0.0,93,266193,买盘
10:42:32,28.62,-0.01,349,999111,卖盘
10:42:35,28.64,0.02,771,2206859,买盘
10:42:38,28.65,0.01,154,441076,买盘
10:42:41,28.64,-0.01,269,771617,卖盘
10:42:44,28.64,0.0,87,249230,卖盘
10:42:47,28.65,0.01,250,716235,买盘
10:42:50,28.64,-0.01,331,948253,卖盘
10:42:53,28.65,0.01,323,925328,买盘
10:42:56,28.66,0.01,203,581875,买盘
10:42:58,28.66,0.0,46,131796,买盘
10:43:02,28.66,0.0,222,636202,买盘
10:43:05,28.66,0.0,57,163356,买盘
10:43:08,28.66,0.0,525,1504668,买盘
10:43:11,28.66,0.0,464,1329848,卖盘
10:43:13,28.67,0.01,63,180614,买盘
10:43:16,28.67,0.0,84,240830,卖盘
10:43:19,28.67,0.0,194,556384,卖盘
10:43:23,28.67,0.0,67,192102,卖盘
10:43:26,28.68,0.01,963,2761971,买盘
10:43:29,28.68,0.0,142,407271,卖盘
10:43:32,28.69,0.01,155,444662,买盘
10:43:35,28.69,0.0,162,464721,买盘
10:43:38,28.68,-0.01,175,502054,卖盘
10:43:41,28.69,0.01,278,797512,买盘
10:43:44,28.68,-0.01,433,1241920,卖盘
10:43:47,28.69,0.01,239,685529,买盘
10:43:50,28.69,0.0,810,2323881,买盘
10:43:53,28.69,0.0,224,642664,卖盘
10:43:56,28.69,0.0,464,1331236,卖盘
10:43:59,28.69,0.0,40,114741,买盘
10:44:01,28.7,0.01,833,2389692,买盘
10:44:05,28.69,-0.01,1822,5228859,卖盘
10:44:07,28.69,0.0,662,1898954,卖盘
10:44:11,28.69,0.0,332,952357,买盘
10:44:14,28.68,-0.01,512,1468521,卖盘
10:44:17,28.67,-0.01,214,613776,卖盘
10:44:19,28.68,0.01,360,1032679,买盘
10:44:23,28.68,0.0,359,1029383,买盘
10:44:25,28.67,-0.01,196,561954,卖盘
10:44:29,28.67,0.0,100,286695,买盘
10:44:32,28.7,0.03,2745,7874486,买盘
10:44:34,28.7,0.0,625,1793753,卖盘
10:44:38,28.67,-0.03,449,1288311,卖盘
10:44:41,28.67,0.0,141,404242,买盘
10:44:44,28.67,0.0,460,1318507,买盘
10:44:47,28.66,-0.01,197,564710,卖盘
10:44:50,28.66,0.0,103,295261,卖盘
10:44:52,28.67,0.01,289,828284,买盘
10:44:56,28.67,0.0,406,1163611,买盘
10:44:59,28.67,0.0,310,888624,买盘
10:45:02,28.67,0.0,86,246476,买盘
10:45:05,28.66,-0.01,93,266553,买盘
10:45:08,28.66,0.0,133,381269,买盘
10:45:11,28.66,0.0,64,183413,卖盘
10:45:15,28.66,0.0,466,1335319,买盘
10:45:17,28.65,-0.01,616,1764913,卖盘
10:45:21,28.66,0.01,198,567384,买盘
10:45:22,28.66,0.0,199,570278,买盘
10:45:26,28.65,-0.01,109,312305,卖盘
10:45:29,28.65,0.0,199,570194,卖盘
10:45:31,28.65,0.0,176,504051,卖盘
10:45:35,28.64,-0.01,34,97398,卖盘
10:45:38,28.64,0.0,374,1071334,卖盘
10:45:41,28.64,0.0,249,713311,卖盘
10:45:44,28.63,-0.01,78,223430,卖盘
10:45:46,28.64,0.01,22,62993,买盘
10:45:50,28.64,0.0,91,260583,买盘
10:45:52,28.63,-0.01,146,418046,卖盘
10:45:56,28.63,0.0,121,346502,卖盘
10:45:58,28.63,0.0,52,148822,买盘
10:46:01,28.62,-0.01,54,154557,买盘
10:46:05,28.62,0.0,14,40069,买盘
10:46:08,28.62,0.0,174,497863,买盘
10:46:12,28.62,0.0,69,197465,买盘
10:46:14,28.62,0.0,222,635300,买盘
10:46:16,28.61,-0.01,130,371912,卖盘
10:46:20,28.6,-0.01,73,208844,卖盘
10:46:23,28.6,0.0,164,469110,卖盘
10:46:26,28.6,0.0,116,331777,卖盘
10:46:29,28.6,0.0,66,188729,卖盘
10:46:33,28.6,0.0,69,197305,买盘
10:46:36,28.6,0.0,17,48605,买盘
10:46:38,28.6,0.0,55,157222,买盘
10:46:40,28.58,-0.02,9,25736,中性盘
10:46:44,28.6,0.02,66,188625,买盘
10:46:48,28.59,-0.01,72,205853,中性盘
10:46:51,28.6,0.01,117,334543,买盘
10:46:54,28.57,-0.03,249,712050,卖盘
10:46:57,28.59,0.02,111,317285,买盘
10:46:58,28.6,0.01,590,1687276,买盘
10:47:03,28.6,0.0,106,303160,卖盘
10:47:06,28.61,0.01,148,423102,买盘
10:47:08,28.6,-0.01,105,300348,卖盘
10:47:12,28.6,0.0,35,100094,买盘
10:47:15,28.6,0.0,44,125788,买盘
10:47:18,28.59,-0.01,107,305957,卖盘
10:47:21,28.59,0.0,380,1086703,卖盘
10:47:24,28.59,0.0,41,117258,卖盘
10:47:27,28.6,0.01,137,391761,买盘
10:47:30,28.59,-0.01,127,363181,卖盘
10:47:33,28.59,0.0,221,631760,卖盘
10:47:36,28.58,-0.01,31,88644,卖盘
10:47:39,28.59,0.01,105,300294,卖盘
10:47:42,28.59,0.0,59,168629,买盘
10:47:45,28.6,0.01,312,892258,买盘
10:47:48,28.58,-0.02,15,42870,卖盘
10:47:51,28.58,0.0,151,431424,卖盘
10:47:54,28.59,0.01,76,217283,买盘
10:47:57,28.59,0.0,72,205829,买盘
10:48:00,28.58,-0.01,39,111516,卖盘
10:48:03,28.58,0.0,267,763172,卖盘
10:48:06,28.59,0.01,57,162963,买盘
10:48:09,28.58,-0.01,22,62892,卖盘
10:48:12,28.58,0.0,88,251517,卖盘
10:48:15,28.58,0.0,29,82877,买盘
10:48:16,28.58,0.0,270,771660,买盘
10:48:21,28.58,0.0,38,108598,买盘
10:48:24,28.58,0.0,260,742664,买盘
10:48:27,28.57,-0.01,37,105715,中性盘
10:48:30,28.57,0.0,26,74282,中性盘
10:48:33,28.54,-0.03,83,236961,卖盘
10:48:36,28.56,0.02,469,1340331,买盘
10:48:39,28.57,0.01,6,17141,买盘
10:48:40,28.57,0.0,18,51426,买盘
10:48:45,28.56,-0.01,191,545307,中性盘
10:48:48,28.56,0.0,37,105694,卖盘
10:48:49,28.58,0.02,312,891418,买盘
10:48:54,28.57,-0.01,180,514319,卖盘
10:48:57,28.56,-0.01,12,34274,卖盘
10:49:00,28.58,0.02,18,51431,买盘
10:49:03,28.53,-0.05,336,959290,卖盘
10:49:06,28.6,0.07,596,1703459,买盘
10:49:09,28.6,0.0,21,60048,卖盘
10:49:12,28.59,-0.01,194,554650,卖盘
10:49:15,28.57,-0.02,5,14285,买盘
10:49:18,28.56,-0.01,13,37130,卖盘
10:49:21,28.57,0.01,112,319909,买盘
10:49:24,28.58,0.01,7,20004,买盘
10:49:27,28.57,-0.01,14,39998,卖盘
10:49:30,28.6,0.03,308,880624,买盘
10:49:33,28.58,-0.02,266,760711,卖盘
10:49:34,28.57,-0.01,30,85739,卖盘
10:49:39,28.58,0.01,28,80024,买盘
10:49:40,28.58,0.0,28,80023,买盘
10:49:45,28.58,0.0,31,88597,买盘
10:49:48,28.59,0.01,84,240042,买盘
10:49:51,28.6,0.01,43,122944,买盘
10:49:54,28.6,0.0,74,211612,买盘
10:49:55,28.59,-0.01,32,91497,卖盘
10:50:00,28.59,0.0,121,345962,卖盘
10:50:01,28.59,0.0,155,443236,卖盘
10:50:06,28.6,0.01,46,131546,买盘
10:50:09,28.59,-0.01,117,334563,卖盘
10:50:10,28.59,0.0,41,117219,买盘
10:50:15,28.59,0.0,305,871645,买盘
10:50:18,28.59,0.0,57,162957,买盘
10:50:21,28.59,0.0,81,231574,买盘
10:50:24,28.57,-0.02,42,120046,卖盘
10:50:27,28.59,0.02,32,91449,买盘
10:50:30,28.59,0.0,283,809094,买盘
10:50:33,28.59,0.0,8,22869,买盘
10:50:36,28.59,0.0,59,168672,买盘
10:50:39,28.59,0.0,17,48602,买盘
10:50:40,28.59,0.0,94,268751,买盘
10:50:45,28.6,0.01,110,314404,买盘
10:50:48,28.58,-0.02,77,220096,卖盘
10:50:49,28.59,0.01,39,111471,买盘
10:50:54,28.58,-0.01,56,160106,中性盘
10:50:57,28.6,0.02,59,168624,买盘
10:50:59,28.59,-0.01,79,225891,卖盘
10:51:03,28.59,0.0,9,25731,卖盘
10:51:04,28.59,0.0,64,182936,买盘
10:51:09,28.59,0.0,32,91508,买盘
10:51:12,28.59,0.0,817,2337832,买盘
10:51:15,28.57,-0.02,76,217207,卖盘
10:51:16,28.58,0.01,16,45729,中性盘
10:51:21,28.59,0.01,45,128645,买盘
10:51:24,28.58,-0.01,17,48588,卖盘
10:51:27,28.58,0.0,105,299989,买盘
10:51:30,28.58,0.0,125,357065,买盘
10:51:33,28.57,-0.01,27,77151,卖盘
10:51:36,28.59,0.02,5,14292,买盘
10:51:37,28.59,0.0,26,74324,买盘
10:51:42,28.59,0.0,41,117212,买盘
10:51:45,28.59,0.0,20,57169,买盘
10:51:46,28.58,-0.01,53,151473,中性盘
10:51:51,28.57,-0.01,41,117191,卖盘
10:51:54,28.58,0.01,7,20008,中性盘
10:51:57,28.59,0.01,58,165769,买盘
10:52:00,28.58,-0.01,31,88598,中性盘
10:52:01,28.59,0.01,115,326881,买盘
10:52:06,28.58,-0.01,21,60022,卖盘
10:52:09,28.57,-0.01,220,628582,卖盘
10:52:12,28.58,0.01,108,308595,中性盘
10:52:14,28.58,0.0,31,88589,买盘
10:52:18,28.58,0.0,42,121829,买盘
10:52:21,28.58,0.0,63,180004,买盘
10:52:24,28.57,-0.01,12,34290,中性盘
10:52:25,28.57,0.0,213,608415,买盘
10:52:30,28.57,0.0,40,114280,买盘
10:52:33,28.57,0.0,16,45715,买盘
10:52:36,28.58,0.01,20,57151,买盘
10:52:39,28.58,0.0,63,179966,买盘
10:52:42,28.56,-0.02,28,80016,卖盘
10:52:45,28.58,0.02,6,17148,买盘
10:52:48,28.58,0.0,72,205756,买盘
10:52:49,28.58,0.0,70,200045,买盘
10:52:54,28.58,0.0,75,214318,买盘
10:52:57,28.58,0.0,97,277166,卖盘
10:53:00,28.59,0.01,53,151453,买盘
10:53:03,28.59,0.0,16,45744,买盘
10:53:06,28.59,0.0,65,185828,买盘
10:53:09,28.59,0.0,50,142884,买盘
10:53:12,28.59,0.0,28,80051,买盘
10:53:14,28.58,-0.01,89,254446,卖盘
10:53:18,28.58,0.0,15,42865,买盘
10:53:21,28.58,0.0,19,54302,买盘
10:53:24,28.58,0.0,51,145758,买盘
10:53:25,28.59,0.01,36,102897,买盘
10:53:30,28.57,-0.02,257,734357,卖盘
10:53:33,28.57,0.0,59,168563,买盘
10:53:36,28.57,0.0,165,471399,买盘
10:53:39,28.56,-0.01,235,671185,卖盘
10:53:40,28.56,0.0,99,282755,卖盘
10:53:45,28.56,0.0,139,397020,买盘
10:53:46,28.56,0.0,72,205632,买盘
10:53:51,28.55,-0.01,548,1564904,卖盘
10:53:54,28.56,0.01,51,145641,买盘
10:53:55,28.55,-0.01,114,325568,卖盘
10:54:00,28.55,0.0,93,265473,买盘
10:54:03,28.55,0.0,59,168445,买盘
10:54:06,28.53,-0.02,80,228305,卖盘
10:54:09,28.53,0.0,32,91313,卖盘
10:54:12,28.55,0.02,105,299632,买盘
10:54:15,28.54,-0.01,28,79912,卖盘
10:54:18,28.53,-0.01,110,313914,卖盘
10:54:19,28.53,0.0,68,194063,卖盘
10:54:24,28.54,0.01,117,333825,买盘
10:54:27,28.53,-0.01,10,28530,买盘
10:54:29,28.52,-0.01,464,1323421,卖盘
10:54:33,28.53,0.01,46,131216,买盘
10:54:36,28.52,-0.01,32,91258,买盘
10:54:39,28.52,0.0,78,222456,买盘
10:54:42,28.52,0.0,177,504834,卖盘
10:54:44,28.53,0.01,17,48492,买盘
10:54:48,28.52,-0.01,66,188232,卖盘
10:54:51,28.53,0.01,35,99842,买盘
10:54:54,28.53,0.0,367,1046949,买盘
10:54:57,28.52,-0.01,62,176874,卖盘
10:55:00,28.53,0.01,23,65610,中性盘
10:55:03,28.51,-0.02,66,188244,卖盘
10:55:05,28.55,0.04,375,1070551,买盘
10:55:09,28.54,-0.01,153,436800,卖盘
10:55:12,28.52,-0.02,26,72659,卖盘
10:55:14,28.54,0.02,15,42824,中性盘
10:55:18,28.55,0.01,30,85595,买盘
10:55:21,28.56,0.01,8,22842,买盘
10:55:22,28.55,-0.01,8,22836,买盘
10:55:27,28.55,0.0,26,74255,买盘
10:55:30,28.57,0.02,35,99977,买盘
10:55:33,28.57,0.0,1,2857,买盘
10:55:36,28.56,-0.01,35,99961,卖盘
10:55:39,28.57,0.01,7,19999,买盘
10:55:41,28.56,-0.01,40,114261,卖盘
10:55:44,28.56,0.0,3,8568,买盘
10:55:46,28.56,0.0,1057,3014670,买盘
10:55:51,28.51,-0.05,86,245479,卖盘
10:55:54,28.53,0.02,1032,2941484,买盘
10:55:57,28.56,0.03,49,139848,买盘
10:56:00,28.5,-0.06,1073,3058640,卖盘
10:56:03,28.54,0.04,78,222415,中性盘
10:56:06,28.5,-0.04,258,737217,卖盘
10:56:08,28.5,0.0,45,128238,买盘
10:56:12,28.5,0.0,26,74091,买盘
10:56:14,28.5,0.0,39,111147,买盘
10:56:18,28.5,0.0,6,17100,买盘
10:56:19,28.5,0.0,124,353323,买盘
10:56:24,28.49,-0.01,126,358992,卖盘
10:56:27,28.5,0.01,83,236478,买盘
10:56:29,28.49,-0.01,28,79774,卖盘
10:56:32,28.49,0.0,1,2849,买盘
10:56:36,28.48,-0.01,188,535556,卖盘
10:56:39,28.49,0.01,41,116779,买盘
10:56:42,28.49,0.0,22,62678,买盘
10:56:45,28.49,0.0,15,42730,买盘
10:56:48,28.49,0.0,106,301891,买盘
10:56:51,28.49,0.0,24,68376,买盘
10:56:54,28.49,0.0,42,119648,买盘
10:56:57,28.47,-0.02,1061,3020095,卖盘
10:57:00,28.49,0.02,95,270611,买盘
10:57:03,28.49,0.0,19,54113,买盘
10:57:06,28.48,-0.01,7,19936,中性盘
10:57:09,28.4,-0.08,1011,2872990,卖盘
10:57:12,28.5,0.1,39,111111,买盘
10:57:15,28.4,-0.1,323,918136,卖盘
10:57:18,28.42,0.02,705,2002354,买盘
10:57:21,28.49,0.07,110,312571,买盘
10:57:24,28.47,-0.02,2,5694,买盘
10:57:27,28.47,0.0,57,162285,买盘
10:57:30,28.45,-0.02,112,318552,卖盘
10:57:36,28.46,0.01,65,184860,买盘
10:57:39,28.43,-0.03,29,82463,卖盘
10:57:42,28.46,0.03,61,173575,买盘
10:57:45,28.44,-0.02,41,116626,卖盘
10:57:48,28.46,0.02,11,31304,买盘
10:57:49,28.47,0.01,27,76869,买盘
10:57:57,28.47,0.0,2046,5816027,买盘
10:58:00,28.45,-0.02,67,190530,中性盘
10:58:03,28.4,-0.05,578,1641639,卖盘
10:58:06,28.4,0.0,333,945720,买盘
10:58:09,28.4,0.0,238,676091,买盘
10:58:12,28.41,0.01,102,289973,卖盘
10:58:15,28.41,0.0,41,116496,卖盘
10:58:20,28.42,0.01,41,116626,卖盘
10:58:24,28.43,0.01,15,42637,中性盘
10:58:27,28.46,0.03,20,56895,买盘
10:58:30,28.44,-0.02,74,210534,卖盘
10:58:33,28.46,0.02,38,108138,买盘
10:58:36,28.46,0.0,208,591961,卖盘
10:58:39,28.44,-0.02,34,96719,卖盘
10:58:42,28.46,0.02,30,85392,中性盘
10:58:45,28.46,0.0,168,478101,卖盘
10:58:48,28.45,-0.01,123,348026,卖盘
10:58:51,28.46,0.01,64,182135,买盘
10:58:54,28.46,0.0,53,150858,卖盘
10:58:56,28.47,0.01,77,219219,买盘
10:59:00,28.46,-0.01,50,142333,卖盘
10:59:03,28.47,0.01,27,76882,卖盘
10:59:06,28.47,0.0,19,54104,卖盘
10:59:09,28.48,0.01,18,51253,买盘
10:59:12,28.45,-0.03,177,503788,卖盘
10:59:14,28.45,0.0,149,423827,买盘
10:59:18,28.45,0.0,77,219032,买盘
10:59:21,28.45,0.0,70,199116,买盘
10:59:24,28.45,0.0,196,557586,买盘
10:59:27,28.43,-0.02,45,127963,卖盘
10:59:30,28.45,0.02,37,105255,买盘
10:59:32,28.45,0.0,255,725341,买盘
10:59:36,28.47,0.02,6,17074,买盘
10:59:38,28.47,0.0,17,48399,买盘
10:59:42,28.45,-0.02,61,173617,卖盘
10:59:45,28.43,-0.02,11,31295,卖盘
10:59:48,28.45,0.02,5,14225,中性盘
10:59:51,28.45,0.0,1011,2872192,卖盘
10:59:54,28.43,-0.02,26,73950,中性盘
10:59:56,28.4,-0.03,725,2059028,卖盘
11:00:00,28.41,0.01,327,929002,买盘
11:00:02,28.44,0.03,4,11374,中性盘
11:00:05,28.43,-0.01,12,34112,卖盘
11:00:09,28.42,-0.01,49,139234,中性盘
11:00:12,28.41,-0.01,314,892147,卖盘
11:00:15,28.41,0.0,183,520061,卖盘
11:00:18,28.42,0.01,122,346746,中性盘
11:00:21,28.41,-0.01,307,872335,卖盘
11:00:24,28.41,0.0,142,403393,买盘
11:00:26,28.41,0.0,24,68177,买盘
11:00:30,28.41,0.0,128,363626,买盘
11:00:33,28.42,0.01,139,394915,买盘
11:00:36,28.43,0.01,68,193299,买盘
11:00:39,28.43,0.0,66,187679,卖盘
11:00:42,28.45,0.02,1029,2923596,买盘
11:00:44,28.44,-0.01,106,301551,卖盘
11:00:47,28.46,0.02,15,42678,买盘
11:00:51,28.45,-0.01,105,298818,卖盘
11:00:54,28.45,0.0,44,125150,买盘
11:00:57,28.45,0.0,57,162209,买盘
11:01:00,28.42,-0.03,143,406631,卖盘
11:01:03,28.41,-0.01,83,235907,卖盘
11:01:05,28.44,0.03,100,284306,买盘
11:01:08,28.45,0.01,33,93860,买盘
11:01:12,28.47,0.02,42,119517,买盘
11:01:15,28.47,0.0,4,11387,买盘
11:01:18,28.45,-0.02,108,307432,卖盘
11:01:20,28.46,0.01,69,196374,买盘
11:01:24,28.47,0.01,131,372895,买盘
11:01:27,28.48,0.01,81,230596,买盘
11:01:30,28.48,0.0,18,51262,买盘
11:01:33,28.48,0.0,14,39867,买盘
11:01:36,28.48,0.0,207,589554,买盘
11:01:39,28.48,0.0,18,51270,卖盘
11:01:42,28.48,0.0,99,281919,卖盘
11:01:45,28.47,-0.01,66,187959,卖盘
11:01:48,28.48,0.01,2062,5876427,买盘
11:01:51,28.48,0.0,684,1946156,买盘
11:01:53,28.49,0.01,79,225014,买盘
11:01:57,28.49,0.0,177,504268,卖盘
11:02:00,28.49,0.0,18,51284,卖盘
11:02:03,28.5,0.01,44,125391,买盘
11:02:05,28.51,0.01,66,187504,买盘
11:02:08,28.52,0.01,146,418204,买盘
11:02:11,28.5,-0.02,118,336576,卖盘
11:02:14,28.49,-0.01,84,239999,卖盘
11:02:18,28.48,-0.01,109,309923,卖盘
11:02:21,28.47,-0.01,69,196418,卖盘
11:02:24,28.48,0.01,83,236582,中性盘
11:02:27,28.47,-0.01,138,392835,卖盘
11:02:29,28.52,0.05,28,79735,买盘
11:02:32,28.5,-0.02,41,116858,卖盘
11:02:36,28.5,0.0,14,39906,买盘
11:02:39,28.5,0.0,20,57003,卖盘
11:02:41,28.51,0.01,79,225231,买盘
11:02:45,28.52,0.01,27,77012,买盘
11:02:48,28.52,0.0,46,131217,买盘
11:02:51,28.52,0.0,25,71310,卖盘
11:02:54,28.52,0.0,123,351020,卖盘
11:02:57,28.54,0.02,71,202648,买盘
11:03:00,28.54,0.0,590,1682656,买盘
11:03:03,28.54,0.0,83,236816,买盘
11:03:06,28.53,-0.01,101,288168,中性盘
11:03:09,28.5,-0.03,61,174022,卖盘
11:03:12,28.51,0.01,114,325038,买盘
11:03:15,28.53,0.02,62,176802,买盘
11:03:18,28.53,0.0,25,71289,买盘
11:03:21,28.51,-0.02,556,1586913,卖盘
11:03:24,28.51,0.0,79,225349,卖盘
11:03:27,28.51,0.0,9,25659,买盘
11:03:30,28.5,-0.01,434,1237117,卖盘
11:03:32,28.51,0.01,130,370523,买盘
11:03:36,28.53,0.02,62,176779,买盘
11:03:39,28.51,-0.02,34,96946,卖盘
11:03:42,28.51,0.0,20,57058,卖盘
11:03:45,28.51,0.0,1,2851,卖盘
11:03:47,28.51,0.0,21,59877,卖盘
11:03:51,28.53,0.02,23,65609,买盘
11:03:53,28.51,-0.02,94,267916,卖盘
11:03:56,28.53,0.02,69,196780,买盘
11:03:59,28.53,0.0,214,610502,买盘
11:04:03,28.53,0.0,22,62757,买盘
11:04:06,28.51,-0.02,2,5702,买盘
11:04:09,28.51,0.0,18,51316,买盘
11:04:12,28.51,0.0,16,45616,买盘
11:04:14,28.51,0.0,55,156843,卖盘
11:04:17,28.51,0.0,38,108371,买盘
11:04:21,28.53,0.02,52,148326,买盘
11:04:23,28.5,-0.03,267,761659,卖盘
11:04:27,28.5,0.0,135,384750,买盘
11:04:29,28.49,-0.01,283,806542,卖盘
11:04:32,28.49,0.0,61,173847,卖盘
11:04:35,28.49,0.0,119,339176,卖盘
11:04:39,28.51,0.02,34,96934,买盘
11:04:42,28.53,0.02,30,85590,买盘
11:04:45,28.51,-0.02,40,114063,卖盘
11:04:48,28.51,0.0,33,94083,买盘
11:04:50,28.51,0.0,5,14255,买盘
11:04:54,28.53,0.02,4,11409,买盘
11:04:57,28.51,-0.02,35,99851,卖盘
11:05:00,28.51,0.0,40,114082,卖盘
11:05:03,28.53,0.02,23,65618,买盘
11:05:05,28.53,0.0,29,82756,卖盘
11:05:09,28.51,-0.02,35,99811,卖盘
11:05:11,28.51,0.0,16,45644,卖盘
11:05:15,28.53,0.02,24,68472,买盘
11:05:18,28.54,0.01,203,579388,买盘
11:05:21,28.53,-0.01,217,619060,卖盘
11:05:24,28.53,0.0,67,191149,买盘
11:05:27,28.5,-0.03,746,2126282,卖盘
11:05:30,28.54,0.04,610,1740343,买盘
11:05:33,28.53,-0.01,9,25677,中性盘
11:05:36,28.52,-0.01,39,111248,卖盘
11:05:38,28.52,0.0,55,156898,卖盘
11:05:42,28.54,0.02,166,473754,买盘
11:05:45,28.54,0.0,4,11416,卖盘
11:05:48,28.54,0.0,103,293963,卖盘
11:05:51,28.55,0.01,117,334035,买盘
11:05:53,28.54,-0.01,127,362590,卖盘
11:05:57,28.56,0.02,54,154224,买盘
11:05:59,28.55,-0.01,18,51388,卖盘
11:06:03,28.55,0.0,98,279701,买盘
11:06:06,28.55,0.0,15,42825,买盘
11:06:09,28.55,0.0,18,51388,买盘
11:06:11,28.56,0.01,271,773884,买盘
11:06:15,28.55,-0.01,19,54245,卖盘
11:06:17,28.55,0.0,56,159905,买盘
11:06:20,28.56,0.01,73,208314,买盘
11:06:24,28.56,0.0,49,139979,卖盘
11:06:26,28.56,0.0,28,79968,卖盘
11:06:30,28.56,0.0,7,19993,卖盘
11:06:33,28.56,0.0,23,65703,卖盘
11:06:36,28.56,0.0,24,68734,卖盘
11:06:39,28.56,0.0,4,11426,买盘
11:06:41,28.57,0.01,299,854044,买盘
11:06:45,28.57,0.0,9,25705,买盘
11:06:48,28.57,0.0,811,2315973,买盘
11:06:50,28.55,-0.02,43,122783,卖盘
11:06:54,28.56,0.01,27,77098,买盘
11:06:57,28.57,0.01,120,342727,买盘
11:07:00,28.57,0.0,34,97112,买盘
11:07:03,28.56,-0.01,26,74276,卖盘
11:07:06,28.56,0.0,32,91402,卖盘
11:07:09,28.56,0.0,21,59981,卖盘
11:07:11,28.56,0.0,26,74244,买盘
11:07:15,28.56,0.0,5,14280,买盘
11:07:18,28.55,-0.01,42,119949,卖盘
11:07:21,28.56,0.01,11,31415,买盘
11:07:24,28.56,0.0,70,199900,买盘
11:07:27,28.55,-0.01,4,11423,卖盘
11:07:30,28.56,0.01,53,151368,买盘
11:07:33,28.55,-0.01,125,356956,卖盘
11:07:36,28.55,0.0,3,8565,买盘
11:07:39,28.55,0.0,2,5710,买盘
11:07:42,28.55,0.0,27,77085,买盘
11:07:45,28.55,0.0,12,34260,买盘
11:07:48,28.53,-0.02,283,807658,卖盘
11:07:51,28.55,0.02,100,285366,买盘
11:07:54,28.54,-0.01,8,22826,中性盘
11:07:57,28.54,0.0,3,8563,买盘
11:07:59,28.55,0.01,31,88497,买盘
11:08:02,28.55,0.0,431,1228821,买盘
11:08:06,28.54,-0.01,15,42805,卖盘
11:08:09,28.52,-0.02,4,11408,卖盘
11:08:12,28.54,0.02,10,28534,买盘
11:08:15,28.5,-0.04,80,228040,卖盘
11:08:18,28.55,0.05,238,679311,买盘
11:08:20,28.55,0.0,30,85599,买盘
11:08:24,28.54,-0.01,25,71350,中性盘
11:08:27,28.54,0.0,6,17129,卖盘
11:08:30,28.54,0.0,466,1330068,卖盘
11:08:32,28.53,-0.01,43,122687,卖盘
11:08:36,28.53,0.0,13,37075,买盘
11:08:38,28.53,0.0,16,45648,买盘
11:08:41,28.53,0.0,80,228240,买盘
11:08:45,28.53,0.0,4,11412,买盘
11:08:48,28.51,-0.02,12,34228,卖盘
11:08:50,28.51,0.0,32,91242,卖盘
11:08:54,28.53,0.02,59,168275,买盘
11:08:57,28.53,0.0,25,71282,买盘
11:09:00,28.53,0.0,167,476241,买盘
11:09:03,28.51,-0.02,36,102682,卖盘
11:09:06,28.5,-0.01,40,114035,卖盘
11:09:09,28.53,0.03,563,1605710,买盘
11:09:12,28.54,0.01,60,171201,买盘
11:09:15,28.5,-0.04,300,855264,卖盘
11:09:18,28.52,0.02,60,171172,买盘
11:09:21,28.5,-0.02,240,684237,卖盘
11:09:23,28.5,0.0,15,42750,买盘
11:09:27,28.5,0.0,30,85496,买盘
11:09:30,28.5,0.0,6,17100,买盘
11:09:33,28.49,-0.01,72,205160,卖盘
11:09:35,28.49,0.0,8,22792,卖盘
11:09:39,28.49,0.0,18,51281,买盘
11:09:42,28.49,0.0,49,139591,买盘
11:09:45,28.46,-0.03,65,185033,卖盘
11:09:48,28.48,0.02,32,91080,买盘
11:09:51,28.49,0.01,53,150984,买盘
11:09:54,28.49,0.0,46,131050,买盘
11:09:57,28.49,0.0,9,25640,买盘
11:09:59,28.5,0.01,33,94042,买盘
11:10:03,28.49,-0.01,33,94042,卖盘
11:10:06,28.49,0.0,66,188058,卖盘
11:10:09,28.49,0.0,50,142451,买盘
11:10:11,28.5,0.01,204,581390,买盘
11:10:14,28.5,0.0,210,598500,买盘
11:10:18,28.51,0.01,84,239484,买盘
11:10:21,28.52,0.01,115,327976,买盘
11:10:24,28.53,0.01,79,225382,买盘
11:10:27,28.53,0.0,89,253917,买盘
11:10:30,28.53,0.0,106,302254,买盘
11:10:33,28.52,-0.01,87,248185,卖盘
11:10:36,28.53,0.01,91,259687,买盘
11:10:39,28.54,0.01,9,25686,买盘
11:10:42,28.54,0.0,304,867912,卖盘
11:10:45,28.55,0.01,300,856519,买盘
11:10:48,28.55,0.0,146,416969,卖盘
11:10:51,28.56,0.01,9,25697,买盘
11:10:54,28.56,0.0,59,168497,买盘
11:10:57,28.57,0.01,51,145659,买盘
11:11:00,28.57,0.0,166,474257,买盘
11:11:03,28.57,0.0,39,111419,买盘
11:11:05,28.58,0.01,274,783054,买盘
11:11:09,28.55,-0.03,142,405571,卖盘
11:11:12,28.55,0.0,457,1304726,买盘
11:11:15,28.52,-0.03,41,117012,卖盘
11:11:18,28.55,0.03,78,222503,买盘
11:11:21,28.56,0.01,15,42798,中性盘
11:11:23,28.56,0.0,23,65706,买盘
11:11:27,28.53,-0.03,24,68509,卖盘
11:11:30,28.57,0.04,72,205477,买盘
11:11:33,28.51,-0.06,123,350867,卖盘
11:11:36,28.52,0.01,98,279527,买盘
11:11:39,28.54,0.02,6,17125,中性盘
11:11:41,28.55,0.01,12,34270,买盘
11:11:44,28.55,0.0,45,128492,卖盘
11:11:48,28.56,0.01,178,508368,买盘
11:11:51,28.56,0.0,127,362705,买盘
11:11:54,28.55,-0.01,55,157050,卖盘
11:11:57,28.57,0.02,119,339864,买盘
11:12:00,28.58,0.01,152,434279,买盘
11:12:02,28.56,-0.02,99,282894,卖盘
11:12:06,28.56,0.0,137,391532,卖盘
11:12:09,28.57,0.01,91,260053,中性盘
11:12:12,28.59,0.02,2937,8398207,买盘
11:12:15,28.59,0.0,174,497380,买盘
11:12:18,28.6,0.01,309,883731,买盘
11:12:21,28.6,0.0,77,220170,买盘
11:12:24,28.6,0.0,57,163005,买盘
11:12:27,28.61,0.01,139,397562,买盘
11:12:30,28.6,-0.01,67,191626,买盘
11:12:33,28.6,0.0,56,160184,卖盘
11:12:35,28.6,0.0,127,363214,卖盘
11:12:38,28.6,0.0,48,137276,买盘
11:12:41,28.6,0.0,187,534674,买盘
11:12:45,28.6,0.0,5,14300,买盘
11:12:48,28.6,0.0,13,37169,买盘
11:12:51,28.6,0.0,64,183040,买盘
11:12:54,28.6,0.0,39,111525,买盘
11:12:57,28.59,-0.01,13,37174,中性盘
11:13:00,28.59,0.0,36,102957,买盘
11:13:02,28.59,0.0,29,82912,中性盘
11:13:06,28.6,0.01,98,280238,买盘
11:13:08,28.59,-0.01,17,48617,中性盘
11:13:12,28.58,-0.01,38,108649,卖盘
11:13:15,28.58,0.0,20,57190,买盘
11:13:17,28.6,0.02,156,446138,买盘
11:13:21,28.6,0.0,31,88646,买盘
11:13:24,28.57,-0.03,115,328714,卖盘
11:13:27,28.59,0.02,43,122937,买盘
11:13:29,28.57,-0.02,23,65744,卖盘
11:13:33,28.6,0.03,320,915128,买盘
11:13:35,28.58,-0.02,19,54304,中性盘
11:13:39,28.59,0.01,33,94293,买盘
11:13:42,28.59,0.0,32,91483,买盘
11:13:45,28.59,0.0,6,17154,买盘
11:13:48,28.58,-0.01,37,105760,卖盘
11:13:51,28.59,0.01,34,97183,买盘
11:13:54,28.6,0.01,42,120095,买盘
11:13:57,28.6,0.0,31,88635,买盘
11:14:00,28.58,-0.02,86,245894,卖盘
11:14:03,28.6,0.02,44,125838,买盘
11:14:06,28.59,-0.01,2,5718,买盘
11:14:09,28.58,-0.01,301,860554,卖盘
11:14:12,28.59,0.01,31,88639,买盘
11:14:15,28.58,-0.01,29,82897,卖盘
11:14:18,28.59,0.01,15,42873,买盘
11:14:21,28.57,-0.02,65,185726,卖盘
11:14:23,28.58,0.01,35,100060,中性盘
11:14:27,28.59,0.01,47,134340,买盘
11:14:30,28.59,0.0,23,65756,买盘
11:14:33,28.59,0.0,139,397378,买盘
11:14:35,28.59,0.0,241,689019,买盘
11:14:38,28.59,0.0,22,62908,卖盘
11:14:42,28.6,0.01,139,397503,买盘
11:14:45,28.59,-0.01,24,68636,卖盘
11:14:48,28.59,0.0,2,5718,买盘
11:14:51,28.59,0.0,102,291524,买盘
11:14:54,28.59,0.0,35,100021,买盘
11:14:57,28.59,0.0,15,42883,买盘
11:14:59,28.58,-0.01,39,111500,卖盘
11:15:02,28.56,-0.02,154,440062,卖盘
11:15:05,28.56,0.0,32,91458,买盘
11:15:08,28.55,-0.01,500,1427513,卖盘
11:15:12,28.56,0.01,23,65718,卖盘
11:15:15,28.57,0.01,22,62834,卖盘
11:15:17,28.58,0.01,15,42870,买盘
11:15:24,28.57,-0.01,59,168602,卖盘
11:15:29,28.57,0.0,59,168612,卖盘
11:15:33,28.57,0.0,27,77155,卖盘
11:15:36,28.56,-0.01,100,285579,卖盘
11:15:39,28.56,0.0,2,5712,买盘
11:15:42,28.58,0.02,55,157121,买盘
11:15:45,28.57,-0.01,55,157136,卖盘
11:15:47,28.58,0.01,12,34286,买盘
11:15:51,28.58,0.0,38,108591,买盘
11:15:54,28.57,-0.01,18,50712,卖盘
11:15:56,28.57,0.0,98,279926,买盘
11:16:00,28.57,0.0,7,19998,买盘
11:16:03,28.57,0.0,41,117165,卖盘
11:16:06,28.56,-0.01,52,149276,卖盘
11:16:09,28.57,0.01,18,51420,买盘
11:16:12,28.56,-0.01,60,171360,卖盘
11:16:14,28.56,0.0,58,165648,买盘
11:16:18,28.56,0.0,160,456821,买盘
11:16:23,28.56,0.0,26,74247,买盘
11:16:27,28.56,0.0,44,125633,买盘
11:16:30,28.56,0.0,35,99941,买盘
11:16:33,28.55,-0.01,24,68537,卖盘
11:16:35,28.55,0.0,63,179917,卖盘
11:16:39,28.55,0.0,38,108499,卖盘
11:16:42,28.55,0.0,53,151341,卖盘
11:16:45,28.55,0.0,39,111367,卖盘
11:16:48,28.56,0.01,26,74232,买盘
11:16:51,28.56,0.0,48,137065,买盘
11:16:54,28.55,-0.01,12,34260,卖盘
11:16:56,28.54,-0.01,16,45680,卖盘
11:17:00,28.56,0.02,43,122792,买盘
11:17:03,28.56,0.0,111,316856,买盘
11:17:06,28.55,-0.01,20,57100,卖盘
11:17:08,28.56,0.01,72,205611,买盘
11:17:12,28.54,-0.02,136,388413,卖盘
11:17:15,28.56,0.02,13,37128,买盘
11:17:18,28.57,0.01,44,125661,买盘
11:17:21,28.57,0.0,60,170694,买盘
11:17:24,28.58,0.01,103,294299,买盘
11:17:27,28.56,-0.02,49,139986,卖盘
11:17:29,28.56,0.0,4,11428,卖盘
11:17:33,28.56,0.0,20,57120,买盘
11:17:35,28.58,0.02,19,54288,买盘
11:17:39,28.58,0.0,14,40008,买盘
11:17:42,28.57,-0.01,72,205767,卖盘
11:17:45,28.59,0.02,43,122905,买盘
11:17:47,28.55,-0.04,118,337686,卖盘
11:17:50,28.56,0.01,65,184913,买盘
11:17:54,28.58,0.02,19,54302,买盘
11:17:57,28.57,-0.01,4,11430,中性盘
11:18:00,28.58,0.01,43,122895,买盘
11:18:03,28.59,0.01,13,37167,买盘
11:18:06,28.59,0.0,246,703223,买盘
11:18:08,28.56,-0.03,51,145718,卖盘
11:18:12,28.58,0.02,31,88607,买盘
11:18:15,28.57,-0.01,63,179985,卖盘
11:18:18,28.57,0.0,18,51426,买盘
11:18:20,28.57,0.0,29,82840,买盘
11:18:23,28.56,-0.01,55,157110,卖盘
11:18:27,28.56,0.0,65,186353,卖盘
11:18:30,28.56,0.0,135,385368,买盘
11:18:33,28.56,0.0,21,59976,买盘
11:18:36,28.56,0.0,75,214153,买盘
11:18:39,28.53,-0.03,427,1218508,卖盘
11:18:42,28.55,0.02,111,316730,买盘
11:18:45,28.55,0.0,67,191285,卖盘
11:18:48,28.55,0.0,1,2855,买盘
11:18:50,28.54,-0.01,250,713678,卖盘
11:18:54,28.54,0.0,10,28540,卖盘
11:18:57,28.54,0.0,104,296820,卖盘
11:18:59,28.54,0.0,63,179753,中性盘
11:19:03,28.55,0.01,62,176967,买盘
11:19:06,28.54,-0.01,720,2053806,卖盘
11:19:09,28.55,0.01,8,22834,买盘
11:19:12,28.55,0.0,103,294027,买盘
11:19:15,28.54,-0.01,12,32311,卖盘
11:19:18,28.55,0.01,17,48535,买盘
11:19:21,28.55,0.0,108,310267,买盘
11:19:23,28.54,-0.01,41,117027,买盘
11:19:27,28.55,0.01,40,114828,买盘
11:19:30,28.55,0.0,68,194171,卖盘
11:19:33,28.56,0.01,21,59976,买盘
11:19:36,28.55,-0.01,73,208506,卖盘
11:19:39,28.56,0.01,1,2856,中性盘
11:19:41,28.57,0.01,52,148529,买盘
11:19:45,28.57,0.0,4,11428,买盘
11:19:47,28.57,0.0,2,5713,买盘
11:19:51,28.56,-0.01,235,671274,卖盘
11:19:54,28.56,0.0,21,59976,买盘
11:19:56,28.58,0.02,47,131537,买盘
11:20:00,28.58,0.0,2,5716,买盘
11:20:02,28.57,-0.01,19,54294,卖盘
11:20:06,28.58,0.01,56,160024,买盘
11:20:09,28.58,0.0,79,225782,买盘
11:20:11,28.58,0.0,194,554490,卖盘
11:20:15,28.58,0.0,42,120036,买盘
11:20:17,28.58,0.0,73,208584,买盘
11:20:21,28.58,0.0,83,237172,买盘
11:20:23,28.58,0.0,42,120036,买盘
11:20:27,28.58,0.0,44,125750,买盘
11:20:29,28.58,0.0,54,154324,买盘
11:20:33,28.55,-0.03,269,770376,卖盘
11:20:36,28.58,0.03,313,891606,买盘
11:20:39,28.59,0.01,97,277267,买盘
11:20:42,28.59,0.0,86,245874,买盘
11:20:45,28.6,0.01,165,471656,买盘
11:20:48,28.58,-0.02,15,42891,卖盘
11:20:51,28.6,0.02,219,626338,买盘
11:20:54,28.6,0.0,83,237377,买盘
11:20:57,28.6,0.0,40,114392,买盘
11:21:00,28.59,-0.01,202,577683,卖盘
11:21:03,28.6,0.01,103,294580,买盘
11:21:05,28.6,0.0,24,68640,买盘
11:21:09,28.6,0.0,405,1158297,买盘
11:21:12,28.6,0.0,190,543346,买盘
11:21:15,28.6,0.0,98,280271,买盘
11:21:17,28.6,0.0,531,1518659,买盘
11:21:21,28.6,0.0,43,122967,买盘
11:21:24,28.6,0.0,93,265980,买盘
11:21:27,28.6,0.0,123,351775,买盘
11:21:30,28.59,-0.01,39,111530,卖盘
11:21:33,28.6,0.01,247,706420,买盘
11:21:36,28.6,0.0,24,68636,买盘
11:21:39,28.59,-0.01,135,385958,卖盘
11:21:42,28.6,0.01,100,285970,买盘
11:21:45,28.6,0.0,49,140104,买盘
11:21:48,28.6,0.0,1,2860,买盘
11:21:51,28.6,0.0,64,183032,买盘
11:21:53,28.6,0.0,121,345995,买盘
11:21:57,28.6,0.0,106,303160,买盘
11:21:59,28.58,-0.02,38,108619,卖盘
11:22:02,28.59,0.01,62,177306,卖盘
11:22:05,28.59,0.0,15,42890,卖盘
11:22:09,28.6,0.01,68,194473,买盘
11:22:12,28.6,0.0,42,120119,买盘
11:22:15,28.61,0.01,167,478417,买盘
11:22:18,28.61,0.0,82,235952,买盘
11:22:21,28.61,0.0,165,471915,买盘
11:22:24,28.6,-0.01,17,48632,卖盘
11:22:26,28.61,0.01,72,205985,买盘
11:22:30,28.61,0.0,13,37182,买盘
11:22:33,28.61,0.0,131,374810,买盘
11:22:35,28.61,0.0,42,120178,卖盘
11:22:38,28.61,0.0,42,120191,卖盘
11:22:42,28.62,0.01,247,706893,买盘
11:22:45,28.61,-0.01,43,123061,卖盘
11:22:48,28.62,0.01,99,283308,买盘
11:22:50,28.62,0.0,105,300429,买盘
11:22:54,28.62,0.0,80,228997,买盘
11:22:57,28.62,0.0,15,42930,买盘
11:23:00,28.63,0.01,80,229018,买盘
11:23:02,28.63,0.0,87,249123,买盘
11:23:05,28.64,0.01,13,37223,买盘
11:23:08,28.62,-0.02,336,961795,卖盘
11:23:12,28.62,0.0,105,300473,买盘
11:23:15,28.62,0.0,28,80128,买盘
11:23:18,28.61,-0.01,39,111617,卖盘
11:23:21,28.62,0.01,101,289062,买盘
11:23:24,28.62,0.0,34,97276,买盘
11:23:27,28.62,0.0,79,226040,买盘
11:23:30,28.61,-0.01,130,372055,卖盘
11:23:33,28.63,0.02,122,349101,买盘
11:23:36,28.62,-0.01,5,14310,中性盘
11:23:39,28.63,0.01,26,74413,买盘
11:23:42,28.6,-0.03,301,861113,卖盘
11:23:45,28.6,0.0,300,855798,卖盘
11:23:48,28.6,0.0,80,228800,买盘
11:23:50,28.59,-0.01,217,620618,卖盘
11:23:54,28.61,0.02,252,722924,买盘
11:23:57,28.61,0.0,108,308892,买盘
11:24:00,28.63,0.02,27,77262,买盘
11:24:02,28.61,-0.02,54,154457,中性盘
11:24:06,28.63,0.02,32,91597,买盘
11:24:08,28.62,-0.01,30,85872,卖盘
11:24:12,28.63,0.01,143,409402,买盘
11:24:14,28.63,0.0,128,366458,买盘
11:24:18,28.6,-0.03,243,695206,卖盘
11:24:21,28.6,0.0,30,85800,买盘
11:24:24,28.6,0.0,31,88658,买盘
11:24:26,28.6,0.0,127,363219,买盘
11:24:30,28.6,0.0,758,2167863,买盘
11:24:32,28.6,0.0,471,1347060,买盘
11:24:35,28.6,0.0,35,100080,买盘
11:24:38,28.6,0.0,2409,6889740,买盘
11:24:41,28.63,0.03,84,240345,买盘
11:24:44,28.63,0.0,250,715144,买盘
11:24:48,28.62,-0.01,101,289054,卖盘
11:24:50,28.63,0.01,353,1010387,买盘
11:24:53,28.62,-0.01,18,51522,中性盘
11:24:56,28.62,0.0,63,180307,卖盘
11:24:59,28.62,0.0,23,65828,买盘
11:25:03,28.6,-0.02,446,1276785,卖盘
11:25:06,28.64,0.04,62,177532,买盘
11:25:09,28.63,-0.01,27,77270,中性盘
11:25:11,28.64,0.01,105,300646,买盘
11:25:14,28.63,-0.01,65,186139,卖盘
11:25:17,28.63,0.0,42,120190,买盘
11:25:21,28.61,-0.02,56,160300,卖盘
11:25:23,28.63,0.02,69,197537,买盘
11:25:26,28.62,-0.01,107,306347,卖盘
11:25:29,28.62,0.0,56,160345,卖盘
11:25:33,28.63,0.01,38,108794,买盘
11:25:35,28.64,0.01,61,174674,买盘
11:25:38,28.63,-0.01,51,146048,卖盘
11:25:41,28.64,0.01,1570,4497163,买盘
11:25:45,28.63,-0.01,35,100219,卖盘
11:25:47,28.63,0.0,136,389387,卖盘
11:25:50,28.64,0.01,89,254893,买盘
11:25:53,28.64,0.0,90,257760,卖盘
11:25:57,28.64,0.0,87,249149,买盘
11:25:59,28.63,-0.01,14,40086,卖盘
11:26:03,28.65,0.02,172,492685,买盘
11:26:06,28.64,-0.01,21,60144,卖盘
11:26:09,28.64,0.0,41,117443,卖盘
11:26:11,28.64,0.0,109,312239,卖盘
11:26:15,28.65,0.01,29,83075,买盘
11:26:17,28.65,0.0,126,360978,买盘
11:26:21,28.65,0.0,94,269299,买盘
11:26:23,28.64,-0.01,111,317935,卖盘
11:26:26,28.64,0.0,61,174744,卖盘
11:26:29,28.64,0.0,32,91667,卖盘
11:26:33,28.65,0.01,168,481167,买盘
11:26:35,28.65,0.0,48,137511,买盘
11:26:38,28.64,-0.01,253,724817,中性盘
11:26:41,28.65,0.01,54,154692,买盘
11:26:45,28.64,-0.01,53,151835,卖盘
11:26:47,28.64,0.0,161,461255,卖盘
11:26:49,28.65,0.01,85,243498,买盘
11:26:53,28.65,0.0,14,40100,买盘
11:26:57,28.65,0.0,73,209116,买盘
11:26:57,28.64,-0.01,70,200513,卖盘
11:27:02,28.64,0.0,91,260641,卖盘
11:27:06,28.64,0.0,71,203374,卖盘
11:27:08,28.64,0.0,61,174736,买盘
11:27:11,28.64,0.0,43,123142,买盘
11:27:14,28.63,-0.01,115,329297,卖盘
11:27:17,28.64,0.01,153,438297,买盘
11:27:19,28.65,0.01,115,329450,买盘
11:27:23,28.64,-0.01,21,60138,中性盘
11:27:25,28.66,0.02,169,484161,买盘
11:27:30,28.64,-0.02,50,143182,中性盘
11:27:32,28.64,0.0,41,117421,买盘
11:27:36,28.64,0.0,46,131763,卖盘
11:27:38,28.64,0.0,63,180422,买盘
11:27:42,28.64,0.0,80,229095,买盘
11:27:43,28.63,-0.01,68,194724,卖盘
11:27:47,28.64,0.01,280,801909,买盘
11:27:50,28.64,0.0,51,146034,买盘
11:27:52,28.63,-0.01,41,117397,卖盘
11:27:56,28.64,0.01,87,249139,买盘
11:28:00,28.63,-0.01,103,294973,卖盘
11:28:03,28.63,0.0,28,80176,卖盘
11:28:05,28.63,0.0,130,372300,卖盘
11:28:08,28.63,0.0,109,312166,卖盘
11:28:11,28.63,0.0,54,154642,卖盘
11:28:14,28.65,0.02,136,389521,买盘
11:28:17,28.63,-0.02,145,415328,卖盘
11:28:20,28.64,0.01,46,131754,买盘
11:28:24,28.65,0.01,232,664253,买盘
11:28:26,28.63,-0.02,27,77301,中性盘
11:28:29,28.63,0.0,42,120247,买盘
11:28:32,28.62,-0.01,142,406698,卖盘
11:28:35,28.62,0.0,31,88779,卖盘
11:28:38,28.62,0.0,52,148941,卖盘
11:28:41,28.65,0.03,23,65865,买盘
11:28:44,28.62,-0.03,43,123099,卖盘
11:28:46,28.63,0.01,198,566984,买盘
11:28:50,28.63,0.0,92,263382,卖盘
11:28:54,28.62,-0.01,25,71550,卖盘
11:28:56,28.63,0.01,75,214687,买盘
11:28:59,28.63,0.0,25,71565,买盘
11:29:02,28.63,0.0,66,188949,买盘
11:29:05,28.61,-0.02,230,658251,卖盘
11:29:07,28.61,0.0,75,214567,卖盘
11:29:11,28.62,0.01,235,672164,买盘
11:29:14,28.61,-0.01,11,31471,卖盘
11:29:17,28.63,0.02,47,133975,买盘
11:29:20,28.64,0.01,79,226192,买盘
11:29:23,28.61,-0.03,94,269689,卖盘
11:29:27,28.62,0.01,27,77273,买盘
11:29:32,28.62,0.0,6,16629,买盘
11:29:34,28.63,0.01,8,22904,买盘
11:29:38,28.62,-0.01,6,17715,卖盘
11:29:41,28.62,0.0,67,191812,买盘
11:29:44,28.62,0.0,18,51533,中性盘
11:29:47,28.61,-0.01,118,337914,卖盘
11:29:50,28.64,0.03,41,117371,买盘
11:29:53,28.61,-0.03,10,28610,卖盘
11:29:56,28.64,0.03,3,8592,买盘
11:29:59,28.64,0.0,15,42927,买盘
13:00:01,28.64,0.0,10,28640,买盘
13:00:04,28.67,0.03,3803,10895616,买盘
13:00:07,28.68,0.01,274,785559,买盘
13:00:10,28.67,-0.01,45,129020,卖盘
13:00:13,28.66,-0.01,581,1666240,卖盘
13:00:16,28.67,0.01,8,22936,卖盘
13:00:19,28.66,-0.01,128,366859,卖盘
13:00:20,28.67,0.01,261,749885,买盘
13:00:25,28.67,0.0,49,140453,买盘
13:00:28,28.64,-0.03,128,366895,卖盘
13:00:31,28.67,0.03,102,292431,买盘
13:00:32,28.67,0.0,238,682330,买盘
13:00:37,28.65,-0.02,67,192082,卖盘
13:00:40,28.65,0.0,45,128923,卖盘
13:00:43,28.66,0.01,90,257877,买盘
13:00:45,28.65,-0.01,18,51570,卖盘
13:00:49,28.66,0.01,127,363928,买盘
13:00:52,28.65,-0.01,144,412768,卖盘
13:00:55,28.66,0.01,435,1247024,买盘
13:00:58,28.67,0.01,125,358405,买盘
13:01:01,28.68,0.01,99,283888,买盘
13:01:03,28.67,-0.01,84,240822,中性盘
13:01:07,28.67,0.0,238,682026,买盘
13:01:10,28.66,-0.01,225,644663,买盘
13:01:12,28.68,0.02,313,896694,买盘
13:01:14,28.64,-0.04,112,320758,中性盘
13:01:19,28.66,0.02,183,524326,买盘
13:01:21,28.67,0.01,190,544594,买盘
13:01:25,28.66,-0.01,60,171941,卖盘
13:01:28,28.66,0.0,21,60192,卖盘
13:01:31,28.68,0.02,198,567584,买盘
13:01:34,28.67,-0.01,149,427288,中性盘
13:01:36,28.68,0.01,36,103230,买盘
13:01:39,28.66,-0.02,22,63077,中性盘
13:01:43,28.65,-0.01,86,246390,买盘
13:01:44,28.65,0.0,70,200574,买盘
13:01:47,28.66,0.01,21,60202,买盘
13:01:51,28.66,0.0,49,140445,买盘
13:01:54,28.66,0.0,91,260820,卖盘
13:01:58,28.67,0.01,28,80270,买盘
13:02:00,28.66,-0.01,46,131850,卖盘
13:02:04,28.67,0.01,172,493013,买盘
13:02:07,28.66,-0.01,49,140475,中性盘
13:02:09,28.66,0.0,54,154762,买盘
13:02:13,28.66,0.0,77,220665,买盘
13:02:15,28.67,0.01,60,171988,买盘
13:02:18,28.67,0.0,15,42996,买盘
13:02:20,28.67,0.0,137,392793,买盘
13:02:24,28.68,0.01,64,183538,买盘
13:02:28,28.67,-0.01,32,91740,卖盘
13:02:31,28.67,0.0,25,71675,买盘
13:02:32,28.67,0.0,72,206479,买盘
13:02:37,28.68,0.01,63,180621,买盘
13:02:40,28.67,-0.01,68,194956,卖盘
13:02:42,28.67,0.0,69,197796,买盘
13:02:46,28.66,-0.01,8,22933,卖盘
13:02:48,28.67,0.01,24,68796,买盘
13:02:50,28.68,0.01,269,771160,买盘
13:02:54,28.67,-0.01,37,106073,中性盘
13:02:56,28.68,0.01,69,197826,买盘
13:03:01,28.68,0.0,35,100375,买盘
13:03:02,28.67,-0.01,66,189272,卖盘
13:03:06,28.68,0.01,65,186372,买盘
13:03:10,28.68,0.0,71,203563,买盘
13:03:12,28.67,-0.01,151,432999,卖盘
13:03:16,28.67,0.0,30,86014,买盘
13:03:18,28.66,-0.01,74,212158,卖盘
13:03:21,28.68,0.02,166,475997,买盘
13:03:25,28.67,-0.01,107,306788,卖盘
13:03:27,28.67,0.0,56,160564,卖盘
13:03:29,28.68,0.01,102,292536,买盘
13:03:33,28.67,-0.01,187,536206,卖盘
13:03:37,28.68,0.01,162,464574,买盘
13:03:39,28.67,-0.01,74,212201,买盘
13:03:42,28.68,0.01,28,80300,买盘
13:03:45,28.68,0.0,151,432948,买盘
13:03:48,28.68,0.0,193,553368,买盘
13:03:51,28.67,-0.01,23,65939,中性盘
13:03:54,28.68,0.01,20,57343,买盘
13:03:57,28.68,0.0,88,252383,买盘
13:04:01,28.68,0.0,8,22944,买盘
13:04:02,28.67,-0.01,35,100377,卖盘
13:04:07,28.68,0.01,41,117585,买盘
13:04:09,28.67,-0.01,7,20073,卖盘
13:04:13,28.68,0.01,29,83172,买盘
13:04:15,28.68,0.0,35,100349,买盘
13:04:18,28.67,-0.01,10,28670,卖盘
13:04:21,28.67,0.0,146,418722,卖盘
13:04:24,28.67,0.0,1019,2923289,卖盘
13:04:28,28.67,0.0,136,390138,卖盘
13:04:30,28.69,0.02,67,192138,买盘
13:04:32,28.67,-0.02,54,154878,卖盘
13:04:37,28.67,0.0,10,28674,卖盘
13:04:40,28.67,0.0,35,100345,卖盘
13:04:42,28.67,0.0,46,131874,买盘
13:04:45,28.66,-0.01,11,31526,卖盘
13:04:48,28.66,0.0,4,11464,卖盘
13:04:51,28.67,0.01,118,338401,买盘
13:04:55,28.69,0.02,63,180667,买盘
13:04:56,28.68,-0.01,4,11475,中性盘
13:05:01,28.69,0.01,62,177862,买盘
13:05:04,28.67,-0.02,43,123311,卖盘
13:05:06,28.66,-0.01,10,28669,卖盘
13:05:09,28.66,0.0,61,174880,卖盘
13:05:12,28.67,0.01,97,278141,买盘
13:05:15,28.67,0.0,18,51606,卖盘
13:05:18,28.66,-0.01,19,54465,卖盘
13:05:21,28.67,0.01,151,432917,卖盘
13:05:24,28.68,0.01,174,499028,买盘
13:05:27,28.69,0.01,364,1044202,买盘
13:05:29,28.68,-0.01,399,1144857,中性盘
13:05:33,28.67,-0.01,25,71675,卖盘
13:05:36,28.67,0.0,74,212156,卖盘
13:05:39,28.67,0.0,2,5734,卖盘
13:05:42,28.68,0.01,42,120448,买盘
13:05:45,28.68,0.0,232,664896,卖盘
13:05:48,28.69,0.01,15,43023,中性盘
13:05:51,28.7,0.01,171,490715,买盘
13:05:53,28.7,0.0,50,143491,买盘
13:05:56,28.7,0.0,9,25825,买盘
13:06:01,28.7,0.0,30,86057,买盘
13:06:03,28.7,0.0,9,25824,买盘
13:06:06,28.68,-0.02,10,28680,买盘
13:06:09,28.67,-0.01,207,593963,卖盘
13:06:13,28.7,0.03,298,855252,买盘
13:06:15,28.68,-0.02,404,1159471,卖盘
13:06:18,28.68,0.0,11,31557,卖盘
13:06:21,28.69,0.01,159,456232,买盘
13:06:24,28.69,0.0,1,2869,卖盘
13:06:27,28.69,0.0,24,68836,买盘
13:06:30,28.69,0.0,11,31549,买盘
13:06:33,28.69,0.0,162,464886,买盘
13:06:35,28.67,-0.02,116,332634,卖盘
13:06:39,28.68,0.01,5,14340,中性盘
13:06:42,28.68,0.0,49,140508,买盘
13:06:45,28.67,-0.01,20,57359,卖盘
13:06:48,28.68,0.01,5,14340,买盘
13:06:51,28.67,-0.01,182,521978,卖盘
13:06:54,28.67,0.0,20,57367,卖盘
13:06:57,28.68,0.01,17,48754,买盘
13:07:00,28.67,-0.01,94,270392,卖盘
13:07:03,28.67,0.0,42,119584,买盘
13:07:06,28.68,0.01,122,350682,买盘
13:07:10,28.68,0.0,32,91763,买盘
13:07:12,28.68,0.0,29,83158,买盘
13:07:15,28.68,0.0,227,651033,买盘
13:07:18,28.68,0.0,5,14340,买盘
13:07:21,28.69,0.01,414,1186872,买盘
13:07:24,28.68,-0.01,306,878720,卖盘
13:07:27,28.68,0.0,149,427324,买盘
13:07:30,28.68,0.0,9,25812,买盘
13:07:33,28.68,0.0,27,77434,买盘
13:07:35,28.67,-0.01,7,20072,卖盘
13:07:40,28.67,0.0,2,5734,卖盘
13:07:42,28.67,0.0,70,200696,卖盘
13:07:45,28.67,0.0,29,83151,买盘
13:07:48,28.66,-0.01,14,40137,卖盘
13:07:51,28.66,0.0,176,504592,卖盘
13:07:53,28.67,0.01,59,169147,买盘
13:07:57,28.67,0.0,61,174878,买盘
13:08:00,28.68,0.01,109,312591,买盘
13:08:03,28.67,-0.01,18,51615,买盘
13:08:06,28.6,-0.07,1336,3822712,卖盘
13:08:09,28.6,0.0,167,477600,买盘
13:08:12,28.6,0.0,579,1655940,买盘
13:08:15,28.61,0.01,29,82954,买盘
13:08:17,28.6,-0.01,55,157324,卖盘
13:08:21,28.65,0.05,22,63001,买盘
13:08:24,28.6,-0.05,1014,2900847,卖盘
13:08:27,28.6,0.0,25,71508,卖盘
13:08:30,28.6,0.0,82,234518,买盘
13:08:33,28.6,0.0,26,74439,卖盘
13:08:35,28.64,0.04,11,31501,中性盘
13:08:37,28.64,0.0,11,31501,买盘
13:08:42,28.65,0.01,169,484179,买盘
13:08:45,28.64,-0.01,8,22912,卖盘
13:08:48,28.64,0.0,2,5728,买盘
13:08:51,28.63,-0.01,152,435549,卖盘
13:08:54,28.66,0.03,31,88796,买盘
13:08:57,28.65,-0.01,12,34369,中性盘
13:09:00,28.65,0.0,2,5730,买盘
13:09:03,28.64,-0.01,41,117434,中性盘
13:09:06,28.64,0.0,264,755844,中性盘
13:09:08,28.64,0.0,33,94541,卖盘
13:09:12,28.64,0.0,13,37243,卖盘
13:09:14,28.64,0.0,9,25780,卖盘
13:09:18,28.64,0.0,17,48695,卖盘
13:09:21,28.66,0.02,143,409780,买盘
13:09:24,28.65,-0.01,2,5730,中性盘
13:09:30,28.64,-0.01,410,1174451,卖盘
13:09:33,28.65,0.01,237,679223,卖盘
13:09:36,28.64,-0.01,21,60137,卖盘
13:09:39,28.64,0.0,5,14320,买盘
13:09:42,28.65,0.01,29,83041,买盘
13:09:45,28.64,-0.01,22,63008,卖盘
13:09:48,28.64,0.0,3,8592,买盘
13:09:51,28.63,-0.01,133,381089,卖盘
13:09:54,28.63,0.0,18,51534,卖盘
13:09:57,28.63,0.0,14,40072,买盘
13:10:00,28.63,0.0,5,14315,买盘
13:10:03,28.63,0.0,19,54416,中性盘
13:10:06,28.63,0.0,14,40106,卖盘
13:10:09,28.64,0.01,41,117444,中性盘
13:10:12,28.63,-0.01,23,65851,卖盘
13:10:14,28.62,-0.01,29,83019,卖盘
13:10:17,28.63,0.01,66,188920,买盘
13:10:21,28.63,0.0,159,455212,买盘
13:10:24,28.63,0.0,170,486660,买盘
13:10:27,28.62,-0.01,21,60122,卖盘
13:10:30,28.63,0.01,53,151748,卖盘
13:10:33,28.64,0.01,14,40085,买盘
13:10:36,28.64,0.0,106,303491,卖盘
13:10:42,28.63,-0.01,129,369394,卖盘
13:10:44,28.65,0.02,27,77329,买盘
13:10:51,28.66,0.01,94,269305,买盘
13:10:54,28.67,0.01,127,364085,买盘
13:10:57,28.68,0.01,64,183469,买盘
13:11:00,28.66,-0.02,13,37268,卖盘
13:11:03,28.68,0.02,13,37272,买盘
13:11:06,28.68,0.0,891,2554444,买盘
13:11:09,28.68,0.0,67,192187,卖盘
13:11:12,28.68,0.0,106,304078,卖盘
13:11:14,28.68,0.0,7,20080,卖盘
13:11:17,28.68,0.0,29,83192,卖盘
13:11:21,28.68,0.0,135,387302,卖盘
13:11:23,28.68,0.0,38,108999,卖盘
13:11:27,28.68,0.0,17,48758,卖盘
13:11:29,28.69,0.01,138,395912,买盘
13:11:32,28.68,-0.01,67,193043,卖盘
13:11:36,28.68,0.0,183,524844,买盘
13:11:39,28.68,0.0,24,68832,买盘
13:11:42,28.68,0.0,46,131928,买盘
13:11:45,28.67,-0.01,2,5734,卖盘
13:11:48,28.69,0.02,454,1302428,买盘
13:11:51,28.69,0.0,183,524938,买盘
13:11:54,28.67,-0.02,77,220840,卖盘
13:11:56,28.67,0.0,9,25797,买盘
13:12:00,28.68,0.01,71,203596,买盘
13:12:03,28.66,-0.02,14,40130,卖盘
13:12:06,28.67,0.01,21,60215,买盘
13:12:09,28.67,0.0,30,85998,买盘
13:12:12,28.68,0.01,12,34416,买盘
13:12:14,28.68,0.0,28,80307,买盘
13:12:18,28.67,-0.01,26,74542,卖盘
13:12:21,28.69,0.02,126,361342,买盘
13:12:24,28.68,-0.01,42,120494,买盘
13:12:26,28.67,-0.01,4,11468,卖盘
13:12:30,28.68,0.01,31,88908,买盘
13:12:32,28.68,0.0,30,86040,买盘
13:12:36,28.68,0.0,9,25810,买盘
13:12:39,28.67,-0.01,64,183517,卖盘
13:12:42,28.67,0.0,30,86030,卖盘
13:12:45,28.66,-0.01,3,8598,卖盘
13:12:47,28.66,0.0,77,220828,卖盘
13:12:50,28.68,0.02,166,476045,买盘
13:12:53,28.67,-0.01,20,57345,卖盘
13:12:56,28.67,0.0,6,17204,卖盘
13:13:00,28.68,0.01,678,1944498,买盘
13:13:03,28.69,0.01,242,694210,买盘
13:13:05,28.68,-0.01,139,398734,卖盘
13:13:09,28.69,0.01,120,344256,买盘
13:13:12,28.69,0.0,131,375839,买盘
13:13:15,28.69,0.0,76,217179,买盘
13:13:18,28.7,0.01,41,118457,买盘
13:13:21,28.69,-0.01,57,163529,卖盘
13:13:23,28.69,0.0,307,880772,买盘
13:13:27,28.7,0.01,22,63128,买盘
13:13:30,28.7,0.0,820,2353396,买盘
13:13:33,28.7,0.0,783,2247177,买盘
13:13:36,28.69,-0.01,135,387448,卖盘
13:13:39,28.7,0.01,349,1000716,买盘
13:13:41,28.7,0.0,31,88981,卖盘
13:13:45,28.7,0.0,26,74620,卖盘
13:13:48,28.7,0.0,100,287085,卖盘
13:13:51,28.7,0.0,165,473682,卖盘
13:13:54,28.7,0.0,50,143540,卖盘
13:13:57,28.71,0.01,33,94713,买盘
13:14:00,28.7,-0.01,12,34450,卖盘
13:14:03,28.71,0.01,164,470800,买盘
13:14:06,28.7,-0.01,51,146392,卖盘
13:14:09,28.71,0.01,109,312934,买盘
13:14:12,28.7,-0.01,30,86123,卖盘
13:14:15,28.72,0.02,614,1763101,买盘
13:14:18,28.71,-0.01,58,166463,买盘
13:14:21,28.7,-0.01,12,34448,卖盘
13:14:23,28.71,0.01,166,476699,买盘
13:14:27,28.71,0.0,9,25839,买盘
13:14:30,28.72,0.01,28,80395,买盘
13:14:33,28.71,-0.01,97,278501,卖盘
13:14:36,28.71,0.0,8,22969,卖盘
13:14:39,28.71,0.0,209,600191,卖盘
13:14:42,28.71,0.0,28,80406,卖盘
13:14:45,28.71,0.0,44,126354,卖盘
13:14:48,28.72,0.01,15,43080,买盘
13:14:51,28.72,0.0,28,80405,买盘
13:14:54,28.71,-0.01,186,534207,卖盘
13:14:57,28.73,0.02,34,97651,买盘
13:15:00,28.73,0.0,9,25851,买盘
13:15:03,28.73,0.0,9,25857,买盘
13:15:05,28.72,-0.01,20,57455,卖盘
13:15:09,28.73,0.01,79,226956,买盘
13:15:12,28.72,-0.01,45,129276,卖盘
13:15:15,28.73,0.01,970,2786519,买盘
13:15:18,28.74,0.01,308,885168,买盘
13:15:21,28.74,0.0,327,939775,买盘
13:15:24,28.74,0.0,111,318993,买盘
13:15:26,28.73,-0.01,439,1261751,卖盘
13:15:30,28.73,0.0,18,51723,卖盘
13:15:33,28.74,0.01,47,135076,买盘
13:15:36,28.74,0.0,50,143680,买盘
13:15:39,28.74,0.0,63,181032,买盘
13:15:41,28.74,0.0,52,149451,卖盘
13:15:45,28.74,0.0,37,106339,卖盘
13:15:47,28.75,0.01,235,675612,买盘
13:15:50,28.75,0.0,160,459999,买盘
13:15:54,28.75,0.0,241,692859,买盘
13:15:57,28.75,0.0,27,77607,买盘
13:15:59,28.74,-0.01,12,34490,卖盘
13:16:03,28.75,0.01,19,54625,买盘
13:16:06,28.74,-0.01,38,109244,卖盘
13:16:09,28.75,0.01,100,287423,买盘
13:16:12,28.75,0.0,158,454065,买盘
13:16:14,28.75,0.0,10,28740,买盘
13:16:18,28.75,0.0,30,86243,买盘
13:16:21,28.75,0.0,43,123618,买盘
13:16:24,28.74,-0.01,208,597782,卖盘
13:16:27,28.74,0.0,506,1454438,买盘
13:16:30,28.73,-0.01,23,66085,卖盘
13:16:33,28.73,0.0,24,68969,卖盘
13:16:35,28.74,0.01,20,57471,买盘
13:16:39,28.74,0.0,74,212636,买盘
13:16:42,28.73,-0.01,36,103428,中性盘
13:16:45,28.72,-0.01,29,83288,卖盘
13:16:48,28.73,0.01,41,117785,买盘
13:16:50,28.73,0.0,24,68942,买盘
13:16:54,28.73,0.0,141,405069,买盘
13:16:57,28.73,0.0,44,126406,卖盘
13:16:59,28.72,-0.01,2,5744,买盘
13:17:03,28.72,0.0,10,28720,买盘
13:17:06,28.71,-0.01,33,94743,卖盘
13:17:09,28.72,0.01,23,66048,买盘
13:17:12,28.72,0.0,29,83288,卖盘
13:17:15,28.71,-0.01,22,63181,卖盘
13:17:17,28.72,0.01,73,209624,买盘
13:17:21,28.72,0.0,16,45950,买盘
13:17:23,28.72,0.0,220,631791,买盘
13:17:27,28.71,-0.01,16,45956,卖盘
13:17:30,28.72,0.01,3,8615,买盘
13:17:33,28.72,0.0,40,114876,买盘
13:17:36,28.71,-0.01,11,31587,卖盘
13:17:38,28.71,0.0,107,307199,卖盘
13:17:42,28.7,-0.01,60,172238,卖盘
13:17:45,28.71,0.01,4,11484,卖盘
13:17:50,28.71,0.0,10,28710,买盘
13:17:54,28.71,0.0,150,430648,买盘
13:17:57,28.71,0.0,26,74648,卖盘
13:17:59,28.71,0.0,25,71780,卖盘
13:18:03,28.7,-0.01,80,229659,卖盘
13:18:05,28.71,0.01,5,14355,买盘
13:18:09,28.7,-0.01,70,200939,卖盘
13:18:12,28.71,0.01,16,45936,买盘
13:18:14,28.7,-0.01,36,103348,卖盘
13:18:17,28.71,0.01,6,17222,买盘
13:18:20,28.71,0.0,55,157875,买盘
13:18:24,28.7,-0.01,114,327280,卖盘
13:18:27,28.71,0.01,8,22968,买盘
13:18:30,28.7,-0.01,39,111959,卖盘
13:18:33,28.7,0.0,195,559668,卖盘
13:18:36,28.7,0.0,39,111950,卖盘
13:18:39,28.7,0.0,15,43054,卖盘
13:18:41,28.7,0.0,27,77509,卖盘
13:18:45,28.7,0.0,103,296543,卖盘
13:18:48,28.7,0.0,46,131149,买盘
13:18:51,28.71,0.01,53,152134,买盘
13:18:54,28.71,0.0,115,330142,买盘
13:18:56,28.72,0.01,16,45939,买盘
13:18:59,28.72,0.0,3,8615,买盘
13:19:02,28.71,-0.01,24,68915,卖盘
13:19:05,28.71,0.0,50,143570,卖盘
13:19:09,28.72,0.01,34,97644,买盘
13:19:12,28.71,-0.01,58,166556,卖盘
13:19:15,28.72,0.01,40,114880,买盘
13:19:17,28.72,0.0,30,86137,买盘
13:19:20,28.72,0.0,129,370433,买盘
13:19:24,28.72,0.0,128,367609,买盘
13:19:27,28.73,0.01,169,485482,买盘
13:19:29,28.73,0.0,7,20113,卖盘
13:19:33,28.74,0.01,46,132204,买盘
13:19:36,28.73,-0.01,26,74699,卖盘
13:19:38,28.72,-0.01,47,135032,卖盘
13:19:42,28.73,0.01,14,40222,买盘
13:19:45,28.73,0.0,1,2873,买盘
13:19:48,28.73,0.0,19,54587,买盘
13:19:50,28.73,0.0,49,140753,买盘
13:19:53,28.73,0.0,119,341903,买盘
13:19:56,28.73,0.0,8,22984,买盘
13:20:00,28.73,0.0,36,103429,买盘
13:20:03,28.73,0.0,79,227036,卖盘
13:20:05,28.72,-0.01,18,51713,卖盘
13:20:08,28.74,0.02,35,100588,买盘
13:20:12,28.74,0.0,31,89088,买盘
13:20:14,28.73,-0.01,12,34481,卖盘
13:20:17,28.73,0.0,60,172410,卖盘
13:20:20,28.74,0.01,26,74721,买盘
13:20:23,28.75,0.01,150,431144,买盘
13:20:26,28.74,-0.01,1,2874,中性盘
13:20:30,28.73,-0.01,4,11492,卖盘
13:20:33,28.74,0.01,8,22992,买盘
13:20:36,28.73,-0.01,29,83321,卖盘
13:20:38,28.74,0.01,4,11496,买盘
13:20:42,28.74,0.0,102,293136,买盘
13:20:45,28.74,0.0,40,114955,买盘
13:20:47,28.73,-0.01,21,60344,卖盘
13:20:50,28.74,0.01,22,63228,买盘
13:20:54,28.74,0.0,144,413914,买盘
13:20:56,28.75,0.01,29,83350,买盘
13:21:00,28.75,0.0,14,40238,买盘
13:21:02,28.75,0.0,34,97735,买盘
13:21:06,28.75,0.0,1,2875,买盘
13:21:09,28.74,-0.01,38,109239,卖盘
13:21:12,28.75,0.01,59,169614,买盘
13:21:15,28.74,-0.01,2,5748,卖盘
13:21:18,28.74,0.0,27,77598,卖盘
13:21:21,28.75,0.01,48,137980,买盘
13:21:24,28.75,0.0,142,408248,买盘
13:21:26,28.75,0.0,51,146576,买盘
13:21:30,28.74,-0.01,75,215612,卖盘
13:21:33,28.74,0.0,25,71866,卖盘
13:21:36,28.74,0.0,13,37373,卖盘
13:21:39,28.74,0.0,33,94852,卖盘
13:21:42,28.74,0.0,16,45999,卖盘
13:21:45,28.74,0.0,8,22997,卖盘
13:21:47,28.74,0.0,51,146579,卖盘
13:21:51,28.75,0.01,29,83367,买盘
13:21:54,28.75,0.0,171,491616,买盘
13:21:56,28.74,-0.01,133,382222,卖盘
13:21:59,28.74,0.0,18,51732,买盘
13:22:02,28.74,0.0,17,48858,买盘
13:22:06,28.73,-0.01,48,137951,卖盘
13:22:09,28.73,0.0,33,94811,卖盘
13:22:11,28.73,0.0,91,261515,卖盘
13:22:14,28.73,0.0,43,123544,卖盘
13:22:18,28.74,0.01,6,17242,买盘
13:22:21,28.74,0.0,24,68976,买盘
13:22:24,28.73,-0.01,228,655245,卖盘
13:22:26,28.73,0.0,72,206956,卖盘
13:22:30,28.73,0.0,53,152269,卖盘
13:22:33,28.73,0.0,49,140792,卖盘
13:22:36,28.73,0.0,84,241370,卖盘
13:22:39,28.73,0.0,54,155162,卖盘
13:22:42,28.73,0.0,115,330471,卖盘
13:22:45,28.72,-0.01,184,528619,卖盘
13:22:47,28.73,0.01,55,157997,买盘
13:22:50,28.72,-0.01,342,982237,卖盘
13:22:54,28.73,0.01,156,448146,买盘
13:22:57,28.73,0.0,14,40208,买盘
13:22:59,28.7,-0.03,77,221114,卖盘
13:23:03,28.72,0.02,12,34465,卖盘
13:23:06,28.72,0.0,14,40208,买盘
13:23:12,28.71,-0.01,47,134951,买盘
13:23:14,28.7,-0.01,62,177998,卖盘
13:23:18,28.7,0.0,28,80395,卖盘
13:23:20,28.72,0.02,24,68920,买盘
13:23:23,28.73,0.01,115,330323,买盘
13:23:26,28.7,-0.03,23,66018,卖盘
13:23:30,28.7,0.0,5,14350,卖盘
13:23:33,28.71,0.01,12,34452,买盘
13:23:36,28.72,0.01,7,20098,买盘
13:23:39,28.71,-0.01,14,40192,买盘
13:23:41,28.7,-0.01,31,88973,卖盘
13:23:45,28.7,0.0,127,364542,卖盘
13:23:48,28.71,0.01,27,77517,买盘
13:23:51,28.71,0.0,35,100485,卖盘
13:23:54,28.71,0.0,34,97636,卖盘
13:23:57,28.72,0.01,163,468051,买盘
13:24:00,28.71,-0.01,13,37323,中性盘
13:24:03,28.72,0.01,11,31582,买盘
13:24:06,28.71,-0.01,4,11484,买盘
13:24:09,28.7,-0.01,13,37312,卖盘
13:24:11,28.71,0.01,86,246871,买盘
13:24:14,28.7,-0.01,12,34440,卖盘
13:24:17,28.7,0.0,7,20093,卖盘
13:24:21,28.71,0.01,39,111959,买盘
13:24:24,28.71,0.0,23,66032,买盘
13:24:26,28.7,-0.01,137,393401,卖盘
13:24:29,28.7,0.0,50,143547,卖盘
13:24:33,28.7,0.0,21,60284,卖盘
13:24:36,28.71,0.01,41,117700,买盘
13:24:39,28.7,-0.01,41,117672,卖盘
13:24:41,28.7,0.0,21,60285,卖盘
13:24:45,28.7,0.0,69,198040,卖盘
13:24:48,28.71,0.01,324,930163,买盘
13:24:51,28.7,-0.01,33,94725,卖盘
13:24:54,28.71,0.01,33,94718,买盘
13:24:57,28.71,0.0,119,341649,买盘
13:25:00,28.71,0.0,39,111932,买盘
13:25:03,28.7,-0.01,22,63149,卖盘
13:25:09,28.7,0.0,21,60273,卖盘
13:25:12,28.71,0.01,68,195208,买盘
13:25:14,28.7,-0.01,66,189440,卖盘
13:25:18,28.7,0.0,14,40188,卖盘
13:25:21,28.71,0.01,36,103347,买盘
13:25:23,28.7,-0.01,35,100446,卖盘
13:25:26,28.7,0.0,178,510860,买盘
13:25:30,28.7,0.0,14,40176,买盘
13:25:32,28.7,0.0,81,232470,买盘
13:25:36,28.7,0.0,55,157850,卖盘
13:25:39,28.7,0.0,329,944530,卖盘
13:25:42,28.7,0.0,37,106205,卖盘
13:25:45,28.7,0.0,110,315700,卖盘
13:25:48,28.7,0.0,8,22960,卖盘
13:25:51,28.7,0.0,21,60270,卖盘
13:25:54,28.7,0.0,70,200965,卖盘
13:25:57,28.71,0.01,292,838448,买盘
13:26:00,28.72,0.01,87,249758,中性盘
13:26:03,28.73,0.01,43,123519,买盘
13:26:06,28.71,-0.02,7,20097,卖盘
13:26:09,28.71,0.0,30,86130,卖盘
13:26:12,28.73,0.02,214,614804,买盘
13:26:15,28.72,-0.01,16,45948,中性盘
13:26:17,28.71,-0.01,20,57420,卖盘
13:26:21,28.72,0.01,23,66055,买盘
13:26:24,28.72,0.0,8,22970,买盘
13:26:27,28.71,-0.01,119,341867,卖盘
13:26:29,28.71,0.0,23,66034,卖盘
13:26:33,28.71,0.0,30,86145,卖盘
13:26:36,28.71,0.0,111,318786,卖盘
13:26:39,28.71,0.0,16,45939,卖盘
13:26:42,28.71,0.0,6,17230,卖盘
13:26:45,28.71,0.0,16,45938,卖盘
13:26:49,28.72,0.01,48,137854,买盘
13:26:51,28.72,0.0,4,11488,买盘
13:26:54,28.72,0.0,37,106261,买盘
13:26:57,28.73,0.01,104,298766,买盘
13:27:00,28.72,-0.01,16,45943,卖盘
13:27:03,28.72,0.0,11,31587,买盘
13:27:06,28.71,-0.01,40,114840,卖盘
13:27:09,28.72,0.01,16,45942,买盘
13:27:12,28.72,0.0,61,175187,买盘
13:27:15,28.73,0.01,210,603273,买盘
13:27:18,28.72,-0.01,6,17229,卖盘
13:27:21,28.72,0.0,17,48822,买盘
13:27:24,28.72,0.0,51,146470,卖盘
13:27:27,28.72,0.0,356,1022424,买盘
13:27:32,28.71,-0.01,35,100510,卖盘
13:27:36,28.72,0.01,20,57440,买盘
13:27:39,28.72,0.0,11,31582,买盘
13:27:42,28.72,0.0,128,367511,买盘
13:27:45,28.72,0.0,19,54563,买盘
13:27:48,28.71,-0.01,3,8613,卖盘
13:27:51,28.72,0.01,45,129220,买盘
13:27:54,28.72,0.0,7,20099,买盘
13:27:57,28.72,0.0,122,350347,买盘
13:28:00,28.72,0.0,8,22969,买盘
13:28:03,28.71,-0.01,30,86128,买盘
13:28:08,28.7,-0.01,176,505370,卖盘
13:28:12,28.72,0.02,43,123456,买盘
13:28:15,28.72,0.0,11,31582,买盘
13:28:18,28.71,-0.01,16,45945,卖盘
13:28:21,28.72,0.01,84,241190,买盘
13:28:24,28.71,-0.01,5,14355,中性盘
13:28:27,28.71,0.0,143,410573,买盘
13:28:30,28.72,0.01,37,106229,买盘
13:28:33,28.72,0.0,101,290070,买盘
13:28:36,28.7,-0.02,57,163607,卖盘
13:28:39,28.7,0.0,46,132049,卖盘
13:28:41,28.72,0.02,31,88996,买盘
13:28:45,28.71,-0.01,13,37318,买盘
13:28:47,28.72,0.01,146,419127,买盘
13:28:50,28.72,0.0,50,143523,买盘
13:28:54,28.7,-0.02,15,43061,卖盘
13:28:56,28.7,0.0,130,373352,卖盘
13:28:59,28.72,0.02,12,34452,买盘
13:29:03,28.7,-0.02,22,63165,卖盘
13:29:05,28.7,0.0,65,186566,卖盘
13:29:08,28.71,0.01,14,40191,买盘
13:29:12,28.71,0.0,18,51678,买盘
13:29:15,28.71,0.0,38,109101,卖盘
13:29:18,28.7,-0.01,162,464970,卖盘
13:29:20,28.71,0.01,27,77514,中性盘
13:29:24,28.71,0.0,5,14355,买盘
13:29:27,28.71,0.0,34,97617,买盘
13:29:30,28.71,0.0,188,539748,买盘
13:29:32,28.71,0.0,37,106241,卖盘
13:29:36,28.71,0.0,35,100485,卖盘
13:29:39,28.71,0.0,5,14352,买盘
13:29:41,28.71,0.0,15,43065,买盘
13:29:45,28.71,0.0,5,14351,买盘
13:29:48,28.71,0.0,175,502371,买盘
13:29:51,28.72,0.01,50,143564,买盘
13:29:54,28.71,-0.01,68,195228,卖盘
13:29:57,28.72,0.01,133,381946,买盘
13:30:00,28.7,-0.02,14,40186,卖盘
13:30:03,28.71,0.01,12,34452,买盘
13:30:06,28.7,-0.01,82,235342,卖盘
13:30:09,28.71,0.01,58,166518,买盘
13:30:11,28.71,0.0,51,146421,买盘
13:30:15,28.71,0.0,15,43051,买盘
13:30:18,28.7,-0.01,36,103323,卖盘
13:30:20,28.71,0.01,23,66032,买盘
13:30:24,28.71,0.0,153,439112,买盘
13:30:27,28.72,0.01,157,450722,买盘
13:30:30,28.7,-0.02,74,212382,卖盘
13:30:34,28.71,0.01,14,40194,买盘
13:30:36,28.71,0.0,7,20096,买盘
13:30:39,28.71,0.0,57,163647,买盘
13:30:42,28.72,0.01,28,80407,买盘
13:30:45,28.7,-0.02,544,1561812,卖盘
13:30:48,28.7,0.0,28,80360,卖盘
13:30:51,28.71,0.01,14,40194,买盘
13:30:54,28.71,0.0,32,91849,买盘
13:30:57,28.7,-0.01,231,662957,卖盘
13:31:00,28.7,0.0,64,183630,买盘
13:31:02,28.7,0.0,10,28700,买盘
13:31:06,28.7,0.0,8,22960,买盘
13:31:09,28.69,-0.01,507,1454584,卖盘
13:31:12,28.7,0.01,167,479278,买盘
13:31:14,28.71,0.01,103,295577,买盘
13:31:17,28.69,-0.02,6,17217,中性盘
13:31:20,28.69,0.0,31,88939,买盘
13:31:23,28.68,-0.01,52,149145,卖盘
13:31:27,28.7,0.02,143,410327,买盘
13:31:30,28.69,-0.01,165,473506,买盘
13:31:33,28.68,-0.01,15,43026,卖盘
13:31:35,28.68,0.0,20,57360,卖盘
13:31:39,28.69,0.01,11,31558,买盘
13:31:41,28.68,-0.01,9,25812,卖盘
13:31:45,28.68,0.0,55,157745,卖盘
13:31:47,28.68,0.0,302,866442,卖盘
13:31:51,28.7,0.02,252,723221,买盘
13:31:54,28.7,0.0,3,8608,买盘
13:31:57,28.7,0.0,194,556542,买盘
13:31:59,28.67,-0.03,25,71730,卖盘
13:32:03,28.69,0.02,8,22945,买盘
13:32:05,28.68,-0.01,3,8603,卖盘
13:32:09,28.68,0.0,3,8604,卖盘
13:32:12,28.69,0.01,38,109002,买盘
13:32:15,28.68,-0.01,42,120487,卖盘
13:32:17,28.67,-0.01,14,40149,卖盘
13:32:21,28.67,0.0,3,8602,卖盘
13:32:24,28.68,0.01,23,65963,买盘
13:32:27,28.69,0.01,139,398665,买盘
13:32:30,28.68,-0.01,20,57357,中性盘
13:32:33,28.67,-0.01,33,94625,卖盘
13:32:36,28.69,0.02,62,177828,买盘
13:32:38,28.68,-0.01,14,40152,卖盘
13:32:41,28.69,0.01,20,57374,买盘
13:32:44,28.68,-0.01,149,427432,卖盘
13:32:48,28.69,0.01,6,17209,买盘
13:32:51,28.69,0.0,135,387312,买盘
13:32:53,28.68,-0.01,27,77444,卖盘
13:32:57,28.69,0.01,46,131955,买盘
13:33:00,28.69,0.0,157,450408,买盘
13:33:03,28.7,0.01,35,100399,买盘
13:33:06,28.67,-0.03,31,88909,卖盘
13:33:09,28.68,0.01,25,71700,买盘
13:33:12,28.68,0.0,90,258120,买盘
13:33:15,28.67,-0.01,38,108967,卖盘
13:33:18,28.67,0.0,33,94643,卖盘
13:33:20,28.67,0.0,34,97497,卖盘
13:33:23,28.67,0.0,126,361356,卖盘
13:33:27,28.68,0.01,200,573515,买盘
13:33:29,28.67,-0.01,44,126148,卖盘
13:33:33,28.68,0.01,36,103226,买盘
13:33:36,28.67,-0.01,23,65941,卖盘
13:33:39,28.67,0.0,37,106079,买盘
13:33:42,28.67,0.0,25,71672,买盘
13:33:45,28.66,-0.01,23,65937,卖盘
13:33:48,28.67,0.01,25,71653,买盘
13:33:51,28.67,0.0,367,1051887,买盘
13:33:54,28.67,0.0,114,326863,买盘
13:33:57,28.68,0.01,56,160581,买盘
13:34:00,28.67,-0.01,173,496023,卖盘
13:34:02,28.68,0.01,40,114750,卖盘
13:34:06,28.68,0.0,26,74570,卖盘
13:34:09,28.69,0.01,42,120479,买盘
13:34:12,28.68,-0.01,23,65979,卖盘
13:34:14,28.68,0.0,37,106148,卖盘
13:34:17,28.68,0.0,14,40150,卖盘
13:34:20,28.68,0.0,19,54492,买盘
13:34:23,28.68,0.0,13,37284,买盘
13:34:26,28.68,0.0,9,25812,买盘
13:34:30,28.69,0.01,120,344269,买盘
