time,price,change,volume,amount,type
09:25:00,32.2,0.68,13167,42398545,卖盘
09:30:00,32.27,0.07,148,476985,买盘
09:30:03,32.26,-0.01,5257,16958951,卖盘
09:30:07,32.28,0.02,3010,9717928,买盘
09:30:10,32.29,0.01,1324,4274145,买盘
09:30:12,32.32,0.03,190,613696,中性盘
09:30:13,32.35,0.03,307,992308,买盘
09:30:19,32.33,-0.02,588,1900900,中性盘
09:30:22,32.33,0.0,539,1741007,买盘
09:30:24,32.37,0.04,1266,4096206,买盘
09:30:27,32.3,-0.07,522,1685219,卖盘
09:30:30,32.29,-0.01,322,1039914,中性盘
09:30:33,32.3,0.01,2067,6676306,买盘
09:30:36,32.34,0.04,245,791969,中性盘
09:30:40,32.26,-0.08,547,1765945,卖盘
09:30:42,32.25,-0.01,453,1461659,卖盘
09:30:45,32.33,0.08,424,1368617,买盘
09:30:48,32.28,-0.05,192,620240,中性盘
09:30:51,32.26,-0.02,148,477431,卖盘
09:30:52,32.27,0.01,788,2544473,买盘
09:30:57,32.26,-0.01,130,419595,卖盘
09:31:00,32.3,0.04,272,877759,买盘
09:31:03,32.26,-0.04,813,2625060,买盘
09:31:07,32.25,-0.01,600,1935525,卖盘
09:31:09,32.26,0.01,238,767900,中性盘
09:31:13,32.24,-0.02,369,1190024,卖盘
09:31:15,32.23,-0.01,676,2179280,卖盘
09:31:19,32.25,0.02,1119,3607259,买盘
09:31:22,32.24,-0.01,427,1376538,买盘
09:31:24,32.24,0.0,920,2966494,买盘
09:31:27,32.23,-0.01,777,2505090,卖盘
09:31:30,32.23,0.0,584,1882821,卖盘
09:31:33,32.24,0.01,385,1240771,买盘
09:31:37,32.22,-0.02,839,2703070,卖盘
09:31:39,32.21,-0.01,445,1433524,卖盘
09:31:42,32.22,0.01,1303,4197141,买盘
09:31:45,32.21,-0.01,2228,7176887,卖盘
09:31:47,32.21,0.0,1546,4979471,卖盘
09:31:51,32.22,0.01,3123,10056365,买盘
09:31:52,32.22,0.0,1509,4862023,卖盘
09:31:57,32.22,0.0,917,2951704,卖盘
09:32:00,32.18,-0.04,1424,4587152,卖盘
09:32:03,32.19,0.01,785,2527334,中性盘
09:32:07,32.18,-0.01,539,1735351,卖盘
09:32:09,32.19,0.01,235,756190,中性盘
09:32:12,32.19,0.0,953,3069121,买盘
09:32:15,32.15,-0.04,822,2642979,卖盘
09:32:18,32.11,-0.04,255,819528,卖盘
09:32:22,32.14,0.03,28,89953,买盘
09:32:25,32.14,0.0,787,2526054,买盘
09:32:27,32.06,-0.08,350,1124625,卖盘
09:32:30,32.1,0.04,58,186162,买盘
09:32:33,32.1,0.0,250,802094,买盘
09:32:36,32.05,-0.05,301,965366,卖盘
09:32:39,32.05,0.0,1360,4362341,卖盘
09:32:42,32.13,0.08,867,2781848,买盘
09:32:45,32.11,-0.02,442,1420108,卖盘
09:32:48,32.08,-0.03,209,670745,卖盘
09:32:52,32.14,0.06,214,687253,买盘
09:32:54,32.11,-0.03,266,853919,中性盘
09:32:58,32.09,-0.02,297,953285,卖盘
09:33:00,32.09,0.0,134,430048,卖盘
09:33:03,32.09,0.0,432,1386608,卖盘
09:33:06,32.07,-0.02,402,1289934,卖盘
09:33:09,32.0,-0.07,2207,7068565,卖盘
09:33:12,32.0,0.0,3698,11833744,买盘
09:33:15,32.05,0.05,223,715581,卖盘
09:33:18,32.09,0.04,246,789464,买盘
09:33:21,32.1,0.01,334,1072171,买盘
09:33:24,32.11,0.01,282,905440,买盘
09:33:27,32.13,0.02,485,1556893,买盘
09:33:30,32.05,-0.08,181,581182,卖盘
09:33:33,32.13,0.08,490,1573770,买盘
09:33:37,32.14,0.01,280,899750,买盘
09:33:39,32.12,-0.02,169,542839,买盘
09:33:42,32.14,0.02,198,635999,买盘
09:33:46,32.12,-0.02,250,802825,卖盘
09:33:48,32.1,-0.02,431,1384206,卖盘
09:33:51,32.09,-0.01,421,1352235,卖盘
09:33:55,32.15,0.06,591,1897557,买盘
09:33:57,32.1,-0.05,564,1809831,中性盘
09:34:01,32.12,0.02,280,898967,中性盘
09:34:03,32.15,0.03,114,366383,买盘
09:34:07,32.12,-0.03,160,514079,卖盘
09:34:09,32.15,0.03,177,568493,买盘
09:34:12,32.15,0.0,1069,3431157,买盘
09:34:15,32.05,-0.1,165,529592,卖盘
09:34:16,32.12,0.07,665,2133709,买盘
09:34:20,32.15,0.03,74,237816,买盘
09:34:25,32.15,0.0,255,819969,卖盘
09:34:27,32.16,0.01,269,864826,买盘
09:34:30,32.12,-0.04,514,1648943,卖盘
09:34:33,32.12,0.0,110,353315,买盘
09:34:36,32.12,0.0,357,1145198,买盘
09:34:39,32.1,-0.02,199,638719,卖盘
09:34:42,32.06,-0.04,127,407642,卖盘
09:34:45,32.1,0.04,259,831456,买盘
09:34:49,32.06,-0.04,364,1167395,卖盘
09:34:51,32.07,0.01,27,86612,中性盘
09:34:54,32.06,-0.01,462,1481243,卖盘
09:34:57,32.05,-0.01,389,1247681,卖盘
09:35:00,32.06,0.01,101,323905,中性盘
09:35:03,32.05,-0.01,693,2221749,卖盘
09:35:06,32.1,0.05,823,2638427,买盘
09:35:09,32.06,-0.04,402,1288475,卖盘
09:35:12,32.09,0.03,406,1301650,买盘
09:35:15,32.1,0.01,930,2983937,买盘
09:35:18,32.1,0.0,350,1123448,买盘
09:35:21,32.12,0.02,791,2537853,买盘
09:35:22,32.1,-0.02,193,619909,卖盘
09:35:27,32.11,0.01,179,574915,中性盘
09:35:30,32.11,0.0,225,722663,卖盘
09:35:33,32.13,0.02,52,167024,买盘
09:35:37,32.13,0.0,148,475484,中性盘
09:35:39,32.11,-0.02,92,295516,卖盘
09:35:41,32.11,0.0,102,327606,卖盘
09:35:45,32.13,0.02,225,722924,买盘
09:35:48,32.13,0.0,539,1731137,买盘
09:35:49,32.13,0.0,279,896192,买盘
09:35:54,32.13,0.0,747,2399601,卖盘
09:35:57,32.08,-0.05,207,664283,卖盘
09:36:00,32.07,-0.01,1153,3698677,卖盘
09:36:03,32.07,0.0,1019,3270757,买盘
09:36:06,32.07,0.0,1511,4860055,卖盘
09:36:08,32.07,0.0,67,215064,卖盘
09:36:12,32.08,0.01,58,186214,中性盘
09:36:15,32.07,-0.01,141,452516,卖盘
09:36:18,32.13,0.06,153,491454,买盘
09:36:20,32.11,-0.02,213,683769,买盘
09:36:24,32.12,0.01,127,407607,中性盘
09:36:27,32.15,0.03,207,664886,买盘
09:36:30,32.1,-0.05,167,536333,买盘
09:36:32,32.11,0.01,291,934793,中性盘
09:36:34,32.15,0.04,260,835506,买盘
09:36:39,32.15,0.0,32,102874,买盘
09:36:42,32.14,-0.01,543,1745363,中性盘
09:36:45,32.14,0.0,385,1238071,卖盘
09:36:46,32.14,0.0,176,565618,卖盘
09:36:51,32.16,0.02,111,356856,买盘
09:36:54,32.13,-0.03,71,227446,中性盘
09:36:56,32.12,-0.01,190,610970,卖盘
09:36:58,32.12,0.0,197,632747,买盘
09:37:01,32.1,-0.02,797,2558751,卖盘
09:37:06,32.1,0.0,245,786489,买盘
09:37:09,32.09,-0.01,209,670788,卖盘
09:37:12,32.11,0.02,217,696531,买盘
09:37:15,32.09,-0.02,829,2661657,卖盘
09:37:17,32.11,0.02,594,1906294,买盘
09:37:21,32.11,0.0,657,2108683,卖盘
09:37:24,32.08,-0.03,311,998361,卖盘
09:37:27,32.1,0.02,491,1574511,买盘
09:37:30,32.1,0.0,529,1698396,买盘
09:37:33,32.1,0.0,358,1149389,卖盘
09:37:36,32.12,0.02,348,1117719,买盘
09:37:39,32.13,0.01,186,597539,买盘
09:37:42,32.12,-0.01,152,488307,卖盘
09:37:45,32.13,0.01,241,774132,买盘
09:37:48,32.13,0.0,204,655092,买盘
09:37:51,32.13,0.0,57,183115,买盘
09:37:54,32.12,-0.01,119,382286,卖盘
09:37:58,32.13,0.01,171,549433,买盘
09:38:00,32.12,-0.01,415,1333381,卖盘
09:38:01,32.14,0.02,161,517376,买盘
09:38:06,32.15,0.01,141,453129,买盘
09:38:09,32.14,-0.01,222,713578,卖盘
09:38:12,32.15,0.01,202,649400,买盘
09:38:15,32.14,-0.01,304,977499,卖盘
09:38:18,32.16,0.02,94,302224,中性盘
09:38:21,32.16,0.0,224,720735,卖盘
09:38:23,32.18,0.02,81,260685,买盘
09:38:27,32.18,0.0,122,392581,买盘
09:38:30,32.18,0.0,184,591997,卖盘
09:38:33,32.17,-0.01,366,1178010,卖盘
09:38:36,32.17,0.0,139,447178,卖盘
09:38:37,32.18,0.01,651,2094021,买盘
09:38:42,32.18,0.0,187,602023,买盘
09:38:45,32.19,0.01,295,949636,买盘
09:38:47,32.19,0.0,35,112684,卖盘
09:38:50,32.19,0.0,238,766215,卖盘
09:38:54,32.18,-0.01,87,280048,卖盘
09:38:57,32.2,0.02,161,518263,买盘
09:39:00,32.19,-0.01,185,595454,买盘
09:39:03,32.19,0.0,131,421653,买盘
09:39:06,32.18,-0.01,140,450458,中性盘
09:39:09,32.18,0.0,65,209168,买盘
09:39:12,32.17,-0.01,300,964943,卖盘
09:39:15,32.17,0.0,308,990574,卖盘
09:39:18,32.17,0.0,192,617420,买盘
09:39:20,32.14,-0.03,64,205702,卖盘
09:39:24,32.15,0.01,108,347210,买盘
09:39:27,32.15,0.0,180,578517,买盘
09:39:28,32.15,0.0,86,276422,卖盘
09:39:33,32.13,-0.02,62,199250,中性盘
09:39:36,32.15,0.02,63,202488,买盘
09:39:39,32.15,0.0,28,89972,买盘
09:39:42,32.14,-0.01,124,398505,买盘
09:39:45,32.1,-0.04,513,1647793,卖盘
09:39:48,32.13,0.03,433,1390285,买盘
09:39:51,32.12,-0.01,40,128492,卖盘
09:39:54,32.12,0.0,79,253663,卖盘
09:39:57,32.1,-0.02,37,118770,买盘
09:40:00,32.09,-0.01,102,327336,卖盘
09:40:03,32.09,0.0,104,333794,卖盘
09:40:06,32.1,0.01,236,757418,买盘
09:40:09,32.09,-0.01,828,2658295,卖盘
09:40:11,32.12,0.03,96,308216,买盘
09:40:15,32.11,-0.01,181,581196,卖盘
09:40:18,32.11,0.0,42,134862,卖盘
09:40:21,32.11,0.0,71,228022,卖盘
09:40:24,32.1,-0.01,151,484873,卖盘
09:40:27,32.1,0.0,382,1226827,卖盘
09:40:30,32.12,0.02,281,902290,买盘
09:40:33,32.1,-0.02,176,568088,卖盘
09:40:36,32.1,0.0,215,690305,卖盘
09:40:38,32.11,0.01,314,1007960,买盘
09:40:42,32.1,-0.01,149,478434,卖盘
09:40:44,32.13,0.03,652,2092008,买盘
09:40:48,32.15,0.02,234,753542,买盘
09:40:51,32.11,-0.04,230,737915,卖盘
09:40:54,32.13,0.02,97,311623,买盘
09:40:57,32.11,-0.02,57,183049,中性盘
09:40:58,32.13,0.02,116,373666,买盘
09:41:02,32.15,0.02,115,369541,买盘
09:41:06,32.15,0.0,146,469262,买盘
09:41:09,32.15,0.0,83,266735,买盘
09:41:12,32.11,-0.04,131,420814,卖盘
09:41:14,32.15,0.04,282,906204,买盘
09:41:18,32.14,-0.01,462,1484346,中性盘
09:41:20,32.15,0.01,218,700887,买盘
09:41:24,32.16,0.01,293,942250,买盘
09:41:27,32.13,-0.03,272,874643,卖盘
09:41:29,32.15,0.02,62,199330,买盘
09:41:33,32.16,0.01,270,868088,买盘
09:41:36,32.17,0.01,249,801023,买盘
09:41:39,32.17,0.0,436,1403039,卖盘
09:41:42,32.18,0.01,265,852952,中性盘
09:41:45,32.18,0.0,303,975380,卖盘
09:41:48,32.25,0.07,1671,5385013,买盘
09:41:51,32.2,-0.05,688,2217088,卖盘
09:41:54,32.26,0.06,107,344795,买盘
09:41:57,32.19,-0.07,162,521739,卖盘
09:41:58,32.22,0.03,166,535037,卖盘
09:42:03,32.25,0.03,94,303100,买盘
09:42:06,32.22,-0.03,14,45138,卖盘
09:42:09,32.25,0.03,217,699384,买盘
09:42:11,32.25,0.0,23,74115,买盘
09:42:15,32.23,-0.02,222,715388,中性盘
09:42:18,32.25,0.02,210,676527,买盘
09:42:21,32.25,0.0,263,847962,买盘
09:42:24,32.23,-0.02,102,328765,卖盘
09:42:27,32.23,0.0,48,154693,买盘
09:42:30,32.23,0.0,90,290083,买盘
09:42:32,32.22,-0.01,344,1108616,卖盘
09:42:36,32.23,0.01,333,1073019,买盘
09:42:39,32.22,-0.01,299,963657,卖盘
09:42:42,32.25,0.03,636,2050633,买盘
09:42:44,32.21,-0.04,177,570290,卖盘
09:42:48,32.22,0.01,84,270686,中性盘
09:42:50,32.23,0.01,110,354476,买盘
09:42:54,32.23,0.0,645,2078781,买盘
09:42:57,32.23,0.0,127,409402,卖盘
09:43:00,32.23,0.0,1069,3445345,卖盘
09:43:02,32.23,0.0,64,206267,买盘
09:43:06,32.24,0.01,79,254637,买盘
09:43:08,32.23,-0.01,34,109582,卖盘
09:43:12,32.24,0.01,96,309425,买盘
09:43:15,32.23,-0.01,806,2599174,卖盘
09:43:18,32.24,0.01,183,589834,买盘
09:43:21,32.23,-0.01,44,141839,卖盘
09:43:24,32.24,0.01,127,409293,买盘
09:43:27,32.24,0.0,75,241793,买盘
09:43:29,32.23,-0.01,317,1021486,中性盘
09:43:33,32.21,-0.02,358,1153584,卖盘
09:43:36,32.23,0.02,345,1111272,买盘
09:43:39,32.2,-0.03,186,599154,卖盘
09:43:42,32.21,0.01,135,434663,买盘
09:43:45,32.21,0.0,290,933807,买盘
09:43:48,32.2,-0.01,235,756427,卖盘
09:43:50,32.2,0.0,178,572964,买盘
09:43:54,32.19,-0.01,387,1245758,中性盘
09:43:56,32.16,-0.03,135,434428,卖盘
09:44:00,32.19,0.03,250,804527,买盘
09:44:03,32.17,-0.02,44,141528,中性盘
09:44:05,32.18,0.01,178,572658,买盘
09:44:09,32.18,0.0,29,93316,买盘
09:44:12,32.17,-0.01,93,299129,卖盘
09:44:15,32.17,0.0,139,447143,买盘
09:44:18,32.19,0.02,215,691866,买盘
09:44:21,32.19,0.0,92,296102,买盘
09:44:23,32.17,-0.02,144,463350,卖盘
09:44:27,32.18,0.01,62,199548,中性盘
09:44:30,32.18,0.0,121,389313,买盘
09:44:32,32.19,0.01,100,321811,买盘
09:44:36,32.19,0.0,84,270358,买盘
09:44:38,32.19,0.0,50,160976,卖盘
09:44:42,32.18,-0.01,111,357296,卖盘
09:44:44,32.19,0.01,154,495773,买盘
09:44:48,32.19,0.0,164,527977,卖盘
09:44:51,32.19,0.0,72,231768,卖盘
09:44:54,32.2,0.01,46,148099,买盘
09:44:56,32.19,-0.01,41,132009,卖盘
09:45:00,32.2,0.01,143,460340,买盘
09:45:03,32.19,-0.01,249,801567,卖盘
09:45:06,32.19,0.0,107,343898,买盘
09:45:09,32.19,0.0,54,173825,买盘
09:45:12,32.18,-0.01,76,244588,卖盘
09:45:15,32.19,0.01,114,366895,买盘
09:45:18,32.18,-0.01,32,103476,卖盘
09:45:21,32.19,0.01,74,238183,买盘
09:45:24,32.17,-0.02,68,218835,卖盘
09:45:27,32.19,0.02,99,318645,买盘
09:45:30,32.19,0.0,109,350709,买盘
09:45:33,32.18,-0.01,58,186609,买盘
09:45:36,32.17,-0.01,148,476211,卖盘
09:45:39,32.17,0.0,130,418234,卖盘
09:45:42,32.16,-0.01,34,109377,卖盘
09:45:45,32.17,0.01,541,1739596,买盘
09:45:47,32.16,-0.01,131,421396,中性盘
09:45:51,32.14,-0.02,45,144724,卖盘
09:45:53,32.14,0.0,565,1818073,卖盘
09:45:57,32.14,0.0,55,176814,买盘
09:46:00,32.13,-0.01,92,295709,卖盘
09:46:02,32.13,0.0,68,218507,卖盘
09:46:05,32.1,-0.03,348,1116221,卖盘
09:46:09,32.09,-0.01,213,683688,卖盘
09:46:12,32.1,0.01,116,372360,买盘
09:46:15,32.1,0.0,237,760584,买盘
09:46:17,32.09,-0.01,187,600094,卖盘
09:46:21,32.09,0.0,927,2974160,买盘
09:46:24,32.06,-0.03,926,2970310,卖盘
09:46:26,32.06,0.0,657,2106527,卖盘
09:46:30,32.06,0.0,535,1715301,卖盘
09:46:33,32.07,0.01,132,423414,中性盘
09:46:36,32.1,0.03,677,2174032,买盘
09:46:39,32.06,-0.04,387,1240508,卖盘
09:46:42,32.07,0.01,147,471332,买盘
09:46:45,32.1,0.03,64,206619,买盘
09:46:48,32.07,-0.03,71,227670,卖盘
09:46:51,32.06,-0.01,44,141047,卖盘
09:46:54,32.07,0.01,19,60917,买盘
09:46:56,32.07,0.0,132,423319,买盘
09:46:58,32.05,-0.02,78,250070,卖盘
09:47:03,32.05,0.0,51,163488,卖盘
09:47:06,32.05,0.0,103,330121,卖盘
09:47:09,32.05,0.0,97,310885,买盘
09:47:12,32.06,0.01,139,445574,买盘
09:47:15,32.06,0.0,154,493497,买盘
09:47:18,32.05,-0.01,150,480852,卖盘
09:47:21,32.07,0.02,143,458594,买盘
09:47:24,32.08,0.01,92,295082,买盘
09:47:27,32.03,-0.05,717,2298170,卖盘
09:47:30,32.07,0.04,93,298313,中性盘
09:47:33,32.1,0.03,177,567945,买盘
09:47:36,32.05,-0.05,103,330354,卖盘
09:47:38,32.06,0.01,172,551536,中性盘
09:47:41,32.06,0.0,90,288553,买盘
09:47:45,32.08,0.02,172,551488,买盘
09:47:48,32.06,-0.02,263,843312,卖盘
09:47:51,32.06,0.0,143,458432,买盘
09:47:54,32.08,0.02,71,227725,买盘
09:47:57,32.07,-0.01,55,176436,中性盘
09:47:58,32.05,-0.02,284,910916,卖盘
09:48:03,32.08,0.03,76,243905,中性盘
09:48:06,32.09,0.01,274,879679,中性盘
09:48:08,32.1,0.01,72,231049,买盘
09:48:12,32.08,-0.02,58,186110,卖盘
09:48:15,32.09,0.01,152,487919,买盘
09:48:18,32.1,0.01,294,942968,买盘
09:48:21,32.1,0.0,28,89866,卖盘
09:48:24,32.08,-0.02,50,160490,卖盘
09:48:27,32.09,0.01,46,147654,中性盘
09:48:30,32.09,0.0,86,275963,卖盘
09:48:33,32.1,0.01,6,19255,买盘
09:48:36,32.09,-0.01,84,269605,卖盘
09:48:38,32.1,0.01,41,131600,买盘
09:48:42,32.11,0.01,6,19265,中性盘
09:48:45,32.09,-0.02,170,545726,卖盘
09:48:47,32.1,0.01,56,179788,买盘
09:48:51,32.1,0.0,104,333894,卖盘
09:48:54,32.1,0.0,13,41728,买盘
09:48:57,32.08,-0.02,227,728360,卖盘
09:49:00,32.09,0.01,15,48147,买盘
09:49:03,32.09,0.0,10,32090,买盘
09:49:05,32.09,0.0,106,340132,买盘
09:49:09,32.09,0.0,14,44924,买盘
09:49:12,32.09,0.0,435,1395862,卖盘
09:49:15,32.09,0.0,36,115504,中性盘
09:49:18,32.08,-0.01,60,192482,中性盘
09:49:21,32.08,0.0,58,186057,买盘
09:49:24,32.08,0.0,51,163609,卖盘
09:49:27,32.08,0.0,224,718254,买盘
09:49:30,32.07,-0.01,483,1549261,卖盘
09:49:33,32.07,0.0,482,1546305,买盘
09:49:35,32.06,-0.01,35,112244,卖盘
09:49:39,32.1,0.04,521,1670790,买盘
09:49:42,32.1,0.0,282,904427,卖盘
09:49:45,32.1,0.0,138,442980,卖盘
09:49:48,32.1,0.0,302,969020,卖盘
09:49:50,32.07,-0.03,320,1027182,卖盘
09:49:54,32.05,-0.02,233,747110,卖盘
09:49:57,32.07,0.02,428,1372860,中性盘
09:50:00,32.07,0.0,73,233967,买盘
09:50:03,32.07,0.0,2068,6620631,买盘
09:50:06,32.07,0.0,27,86587,卖盘
09:50:08,32.04,-0.03,150,480840,卖盘
09:50:12,32.04,0.0,30,96120,买盘
09:50:14,32.01,-0.03,72,230498,卖盘
09:50:18,32.04,0.03,81,259522,买盘
09:50:21,32.05,0.01,174,557636,买盘
09:50:24,32.04,-0.01,47,150580,卖盘
09:50:27,32.05,0.01,756,2424133,买盘
09:50:30,32.05,0.0,132,423060,卖盘
09:50:33,32.08,0.03,64,205205,买盘
09:50:36,32.05,-0.03,623,1996748,卖盘
09:50:38,32.1,0.05,627,2010737,买盘
09:50:42,32.08,-0.02,343,1101080,卖盘
09:50:45,32.08,0.0,94,301683,卖盘
09:50:48,32.11,0.03,221,709493,买盘
09:50:51,32.08,-0.03,49,157299,卖盘
09:50:54,32.1,0.02,78,250346,买盘
09:50:57,32.12,0.02,296,950630,买盘
09:51:00,32.1,-0.02,682,2189580,卖盘
09:51:03,32.1,0.0,186,597648,卖盘
09:51:05,32.13,0.03,37,118866,中性盘
09:51:09,32.13,0.0,68,218485,卖盘
09:51:12,32.13,0.0,6,19278,卖盘
09:51:15,32.12,-0.01,81,260249,卖盘
09:51:18,32.13,0.01,65,208817,买盘
09:51:21,32.13,0.0,47,151008,卖盘
09:51:23,32.12,-0.01,52,167042,卖盘
09:51:27,32.13,0.01,112,359825,买盘
09:51:30,32.12,-0.01,151,485022,卖盘
09:51:33,32.12,0.0,30,96349,买盘
09:51:36,32.1,-0.02,74,237598,卖盘
09:51:38,32.1,0.0,52,166956,卖盘
09:51:42,32.1,0.0,171,548910,卖盘
09:51:45,32.11,0.01,28,89904,买盘
09:51:48,32.09,-0.02,23,73821,卖盘
09:51:51,32.1,0.01,50,160500,买盘
09:51:54,32.11,0.01,23,73850,买盘
09:51:57,32.11,0.0,349,1120853,买盘
09:52:00,32.11,0.0,90,288939,卖盘
09:52:03,32.11,0.0,66,211990,卖盘
09:52:06,32.08,-0.03,193,619253,卖盘
09:52:09,32.08,0.0,163,522900,买盘
09:52:12,32.06,-0.02,15,48110,卖盘
09:52:14,32.08,0.02,533,1709735,买盘
09:52:18,32.08,0.0,43,137960,卖盘
09:52:20,32.07,-0.01,51,163593,卖盘
09:52:24,32.1,0.03,157,503448,买盘
09:52:26,32.1,0.0,50,160452,卖盘
09:52:29,32.08,-0.02,936,2997485,买盘
09:52:32,32.1,0.02,368,1180364,买盘
09:52:36,32.09,-0.01,20,64114,中性盘
09:52:38,32.07,-0.02,388,1244204,买盘
09:52:41,32.05,-0.02,465,1488303,中性盘
09:52:45,32.04,-0.01,399,1277626,卖盘
09:52:48,32.04,0.0,16,51311,卖盘
09:52:51,32.07,0.03,349,1119386,买盘
09:52:54,32.04,-0.03,19,60876,卖盘
09:52:57,32.1,0.06,99,317675,买盘
09:52:59,32.1,0.0,218,699406,卖盘
09:53:03,32.06,-0.04,33,105796,卖盘
09:53:06,32.08,0.02,113,362370,买盘
09:53:08,32.08,0.0,28,89752,买盘
09:53:12,32.06,-0.02,39,125064,卖盘
09:53:14,32.05,-0.01,45,144241,卖盘
09:53:18,32.04,-0.01,174,557583,卖盘
09:53:21,32.04,0.0,147,471354,卖盘
09:53:24,32.05,0.01,59,189178,卖盘
09:53:27,32.04,-0.01,321,1028484,卖盘
09:53:30,32.04,0.0,161,515866,卖盘
09:53:33,32.04,0.0,334,1069151,卖盘
09:53:35,32.01,-0.03,42,134442,买盘
09:53:39,32.04,0.03,35,112140,买盘
09:53:42,32.0,-0.04,161,515783,卖盘
09:53:45,32.02,0.02,19,60844,中性盘
09:53:48,32.02,0.0,86,275372,买盘
09:53:51,32.02,0.0,23,73646,卖盘
09:53:53,32.02,0.0,38,121699,卖盘
09:53:57,32.02,0.0,402,1287040,卖盘
09:53:59,32.0,-0.02,330,1056175,卖盘
09:54:03,32.01,0.01,59,188851,中性盘
09:54:06,32.01,0.0,79,252824,买盘
09:54:09,32.0,-0.01,108,345664,卖盘
09:54:12,32.01,0.01,130,416009,中性盘
09:54:15,32.01,0.0,147,470440,买盘
09:54:18,32.0,-0.01,741,2372256,卖盘
09:54:20,32.0,0.0,117,374503,卖盘
09:54:24,32.02,0.02,547,1750505,买盘
09:54:27,32.02,0.0,84,268909,卖盘
09:54:30,32.0,-0.02,79,252879,卖盘
09:54:33,32.02,0.02,72,230525,买盘
09:54:36,32.0,-0.02,686,2195449,卖盘
09:54:39,32.0,0.0,79,252800,卖盘
09:54:42,32.0,0.0,205,656183,卖盘
09:54:45,32.0,0.0,40,128000,卖盘
09:54:48,32.0,0.0,1298,4152624,买盘
09:54:50,32.02,0.02,807,2581698,买盘
09:54:53,31.99,-0.03,977,3125456,卖盘
09:54:56,31.99,0.0,2962,9475463,卖盘
09:54:59,31.97,-0.02,358,1144535,卖盘
09:55:03,31.98,0.01,306,977533,买盘
09:55:06,31.94,-0.04,57,182007,卖盘
09:55:09,31.96,0.02,123,392827,买盘
09:55:12,31.95,-0.01,38,121278,买盘
09:55:15,31.94,-0.01,1617,5170033,卖盘
09:55:18,31.93,-0.01,32,102139,中性盘
09:55:21,31.94,0.01,259,827365,买盘
09:55:24,31.9,-0.04,600,1914249,卖盘
09:55:27,31.94,0.04,104,331939,买盘
09:55:30,31.9,-0.04,365,1164444,卖盘
09:55:33,31.9,0.0,274,874061,卖盘
09:55:36,31.9,0.0,70,223296,买盘
09:55:38,31.89,-0.01,56,178637,卖盘
09:55:41,31.88,-0.01,30,95685,卖盘
09:55:45,31.89,0.01,55,175410,中性盘
09:55:47,31.89,0.0,259,826086,买盘
09:55:51,31.89,0.0,106,338018,买盘
09:55:53,31.89,0.0,51,162639,卖盘
09:55:56,31.88,-0.01,69,220066,卖盘
09:56:00,31.88,0.0,193,615451,卖盘
09:56:03,31.88,0.0,60,191309,卖盘
09:56:06,31.9,0.02,141,449667,买盘
09:56:09,31.9,0.0,2,6379,买盘
09:56:11,31.89,-0.01,321,1023947,卖盘
09:56:15,31.89,0.0,110,350821,卖盘
09:56:18,31.9,0.01,39,124408,买盘
09:56:21,31.9,0.0,305,972960,卖盘
09:56:23,31.9,0.0,57,181840,卖盘
09:56:27,31.91,0.01,110,350938,买盘
09:56:30,31.9,-0.01,140,446687,卖盘
09:56:32,31.91,0.01,44,140423,卖盘
09:56:36,31.91,0.0,75,239385,卖盘
09:56:39,31.93,0.02,12,38313,买盘
09:56:42,31.91,-0.02,39,124477,卖盘
09:56:44,31.92,0.01,35,111723,中性盘
09:56:48,31.91,-0.01,14,44686,卖盘
09:56:51,31.92,0.01,42,134060,买盘
09:56:53,31.91,-0.01,54,172328,卖盘
09:56:57,31.93,0.02,24,76618,买盘
09:57:00,31.92,-0.01,108,344713,卖盘
09:57:03,31.94,0.02,161,514064,买盘
09:57:06,31.93,-0.01,60,191511,中性盘
09:57:09,31.93,0.0,41,130909,卖盘
09:57:12,31.94,0.01,21,67036,买盘
09:57:15,31.93,-0.01,43,137287,卖盘
09:57:18,31.93,0.0,24,76625,买盘
09:57:20,31.93,0.0,58,185168,买盘
09:57:24,31.93,0.0,341,1089093,买盘
09:57:27,31.93,0.0,93,296905,卖盘
09:57:30,31.93,0.0,70,223476,卖盘
09:57:33,31.94,0.01,91,290565,买盘
09:57:35,31.93,-0.01,29,92587,买盘
09:57:39,31.92,-0.01,71,226636,卖盘
09:57:42,31.91,-0.01,61,194711,卖盘
09:57:45,31.91,0.0,256,817043,卖盘
09:57:48,31.92,0.01,31,98952,买盘
09:57:51,31.92,0.0,138,440486,买盘
09:57:54,31.93,0.01,100,319298,买盘
09:57:56,31.92,-0.01,137,437362,卖盘
09:58:00,31.92,0.0,136,434329,卖盘
09:58:03,31.94,0.02,230,734399,买盘
09:58:06,31.93,-0.01,198,632336,卖盘
09:58:09,31.94,0.01,47,150102,买盘
09:58:12,31.94,0.0,91,290616,买盘
09:58:15,31.93,-0.01,220,702470,卖盘
09:58:18,31.94,0.01,34,108589,买盘
09:58:21,31.93,-0.01,136,434352,卖盘
09:58:23,31.93,0.0,68,217162,卖盘
09:58:27,31.95,0.02,331,1057534,买盘
09:58:30,31.93,-0.02,231,737591,卖盘
09:58:33,31.94,0.01,290,926450,买盘
09:58:36,31.94,0.0,321,1025353,卖盘
09:58:39,31.95,0.01,272,868666,买盘
09:58:42,31.95,0.0,460,1469682,买盘
09:58:45,31.98,0.03,402,1284299,买盘
09:58:48,31.99,0.01,319,1020420,买盘
09:58:54,31.94,-0.05,436,1393534,卖盘
09:58:56,31.94,0.0,47,150279,卖盘
09:59:00,31.98,0.04,100,319513,买盘
09:59:02,31.95,-0.03,46,146970,中性盘
09:59:06,31.94,-0.01,120,383162,卖盘
09:59:09,31.92,-0.02,132,421486,卖盘
09:59:11,31.97,0.05,96,306521,买盘
09:59:14,31.94,-0.03,312,996519,卖盘
09:59:18,31.94,0.0,118,376714,买盘
09:59:21,31.95,0.01,11,35145,买盘
09:59:23,31.94,-0.01,64,204416,卖盘
09:59:27,31.95,0.01,139,443782,买盘
09:59:30,31.94,-0.01,20,63874,卖盘
09:59:33,31.94,0.0,139,443827,买盘
09:59:36,31.94,0.0,94,300045,买盘
09:59:39,31.93,-0.01,10,31930,卖盘
09:59:42,31.95,0.02,298,951786,买盘
09:59:45,31.9,-0.05,147,469167,卖盘
09:59:48,31.93,0.03,72,229824,买盘
09:59:50,31.9,-0.03,169,539459,卖盘
09:59:54,31.91,0.01,23,73375,中性盘
09:59:57,31.92,0.01,119,379644,买盘
10:00:00,31.9,-0.02,170,542382,卖盘
10:00:03,31.94,0.04,93,296881,买盘
10:00:06,31.95,0.01,365,1166008,买盘
10:00:09,31.94,-0.01,45,143790,卖盘
10:00:12,31.95,0.01,160,510741,卖盘
10:00:15,31.91,-0.04,58,185080,卖盘
10:00:18,31.92,0.01,392,1252625,中性盘
10:00:20,31.97,0.05,286,913363,买盘
10:00:24,31.95,-0.02,52,166182,中性盘
10:00:27,31.91,-0.04,357,1139512,卖盘
10:00:30,31.92,0.01,159,507488,买盘
10:00:33,31.92,0.0,143,456828,卖盘
10:00:36,31.9,-0.02,266,848779,卖盘
10:00:39,31.92,0.02,15,47877,卖盘
10:00:42,31.95,0.03,154,491612,买盘
10:00:45,31.94,-0.01,364,1161817,中性盘
10:00:48,31.95,0.01,233,744360,买盘
10:00:51,31.93,-0.02,130,415167,卖盘
10:00:53,31.93,0.0,20,63850,买盘
10:00:56,31.91,-0.02,64,204230,卖盘
10:01:00,31.92,0.01,117,373464,中性盘
10:01:03,31.93,0.01,516,1646889,买盘
10:01:06,31.92,-0.01,88,280824,卖盘
10:01:08,31.93,0.01,109,348019,买盘
10:01:12,31.93,0.0,45,143652,买盘
10:01:15,31.91,-0.02,228,727632,卖盘
10:01:18,31.91,0.0,14,44674,买盘
10:01:21,31.92,0.01,55,175664,卖盘
10:01:24,31.94,0.02,5,15970,卖盘
10:01:27,31.94,0.0,128,408693,卖盘
10:01:30,31.94,0.0,16,51102,买盘
10:01:33,31.94,0.0,132,421608,买盘
10:01:36,31.91,-0.03,132,421288,卖盘
10:01:39,31.93,0.02,37,118131,买盘
10:01:41,31.94,0.01,11,35124,买盘
10:01:45,31.93,-0.01,31,99004,中性盘
10:01:48,31.94,0.01,240,766342,买盘
10:01:51,31.93,-0.01,69,220346,卖盘
10:01:53,31.94,0.01,5,15970,买盘
10:01:57,31.91,-0.03,264,841429,卖盘
10:02:00,31.94,0.03,73,233202,中性盘
10:02:03,31.94,0.0,32,102198,买盘
10:02:06,31.9,-0.04,352,1123677,卖盘
10:02:09,31.94,0.04,118,376562,买盘
10:02:12,31.94,0.0,88,281073,卖盘
10:02:15,31.94,0.0,36,114984,卖盘
10:02:18,31.91,-0.03,260,829675,卖盘
10:02:21,31.93,0.02,111,354521,中性盘
10:02:24,31.9,-0.03,85,271234,卖盘
10:02:27,31.94,0.04,313,998601,买盘
10:02:30,31.9,-0.04,122,389368,卖盘
10:02:32,31.91,0.01,37,118175,中性盘
10:02:36,31.89,-0.02,285,909394,卖盘
10:02:39,31.94,0.05,10,31940,买盘
10:02:42,31.91,-0.03,52,165902,卖盘
10:02:45,31.89,-0.02,185,590203,卖盘
10:02:48,31.91,0.02,131,418019,买盘
10:02:51,31.9,-0.01,82,261634,买盘
10:02:54,31.91,0.01,9,28719,中性盘
10:02:57,31.9,-0.01,194,618756,卖盘
10:02:59,31.9,0.0,107,341384,买盘
10:03:03,31.9,0.0,203,647747,卖盘
10:03:06,31.9,0.0,311,992196,卖盘
10:03:08,31.93,0.03,3,9578,买盘
10:03:11,31.94,0.01,96,306482,买盘
10:03:15,31.9,-0.04,288,919188,卖盘
10:03:17,31.9,0.0,19,60656,卖盘
10:03:21,31.9,0.0,78,248870,卖盘
10:03:24,31.92,0.02,15,47875,买盘
10:03:27,31.9,-0.02,332,1059408,卖盘
10:03:30,31.92,0.02,89,284090,卖盘
10:03:34,31.92,0.0,65,207465,卖盘
10:03:36,31.9,-0.02,210,669992,卖盘
10:03:39,31.9,0.0,39,124446,卖盘
10:03:42,31.95,0.05,161,513935,买盘
10:03:45,31.9,-0.05,234,746516,卖盘
10:03:48,31.91,0.01,137,437058,卖盘
10:03:51,31.91,0.0,47,150001,卖盘
10:03:53,31.9,-0.01,17,54232,卖盘
10:03:56,31.94,0.04,338,1078894,买盘
10:04:00,31.92,-0.02,33,105356,卖盘
10:04:03,31.9,-0.02,504,1607967,卖盘
10:04:06,31.9,0.0,200,637725,买盘
10:04:09,31.9,0.0,74,236059,买盘
10:04:12,31.89,-0.01,51,162641,中性盘
10:04:15,31.9,0.01,222,707826,买盘
10:04:18,31.88,-0.02,131,417762,卖盘
10:04:21,31.9,0.02,15,47826,中性盘
10:04:24,31.92,0.02,212,676379,买盘
10:04:27,31.87,-0.05,349,1112500,卖盘
10:04:30,31.88,0.01,51,162675,中性盘
10:04:33,31.89,0.01,141,449658,买盘
10:04:35,31.88,-0.01,245,780728,卖盘
10:04:38,31.88,0.0,73,232727,买盘
10:04:42,31.89,0.01,105,334640,买盘
10:04:44,31.86,-0.03,261,831601,卖盘
10:04:48,31.88,0.02,49,156212,买盘
10:04:51,31.87,-0.01,140,446246,卖盘
10:04:54,31.87,0.0,20,63734,卖盘
10:04:56,31.86,-0.01,223,710538,卖盘
10:05:00,31.86,0.0,16,50977,卖盘
10:05:03,31.87,0.01,101,321877,买盘
10:05:06,31.86,-0.01,474,1510164,卖盘
10:05:08,31.86,0.0,160,509765,卖盘
10:05:11,31.87,0.01,134,426972,买盘
10:05:15,31.86,-0.01,442,1409195,卖盘
10:05:18,31.85,-0.01,99,315366,卖盘
10:05:21,31.85,0.0,1073,3417550,卖盘
10:05:23,31.84,-0.01,56,178308,卖盘
10:05:26,31.84,0.0,230,732106,买盘
10:05:31,31.83,-0.01,24,76393,卖盘
10:05:33,31.83,0.0,88,280104,买盘
10:05:36,31.83,0.0,3234,10285233,买盘
10:05:39,31.82,-0.01,49,155901,卖盘
10:05:42,31.79,-0.03,282,896843,卖盘
10:05:44,31.77,-0.02,241,766045,卖盘
10:05:48,31.8,0.03,93,295830,中性盘
10:05:51,31.8,0.0,275,874433,卖盘
10:05:54,31.8,0.0,460,1462800,卖盘
10:05:57,31.8,0.0,172,546970,卖盘
10:06:00,31.8,0.0,33,104935,买盘
10:06:03,31.8,0.0,130,413370,买盘
10:06:06,31.79,-0.01,37,117614,中性盘
10:06:09,31.79,0.0,34,108068,买盘
10:06:12,31.79,0.0,110,349787,卖盘
10:06:16,31.79,0.0,630,2003326,卖盘
10:06:18,31.78,-0.01,174,553336,卖盘
10:06:20,31.77,-0.01,276,877227,卖盘
10:06:24,31.8,0.03,179,568848,中性盘
10:06:27,31.78,-0.02,1,3178,卖盘
10:06:30,31.96,0.18,1943,6189518,买盘
10:06:34,31.78,-0.18,49,155734,买盘
10:06:36,31.8,0.02,198,629545,买盘
10:06:39,31.81,0.01,179,569297,中性盘
10:06:42,31.81,0.0,81,257664,卖盘
10:06:45,31.81,0.0,125,397629,卖盘
10:06:48,31.81,0.0,278,884478,买盘
10:06:52,31.81,0.0,24,76377,卖盘
10:06:54,31.8,-0.01,84,267178,卖盘
10:06:57,31.8,0.0,266,845704,买盘
10:07:00,31.8,0.0,321,1021056,卖盘
10:07:03,31.8,0.0,112,356165,卖盘
10:07:06,31.8,0.0,229,728250,卖盘
10:07:09,31.81,0.01,157,499417,中性盘
10:07:12,31.85,0.04,66,210161,买盘
10:07:16,31.81,-0.04,428,1361283,卖盘
10:07:17,31.8,-0.01,441,1403448,卖盘
10:07:22,31.81,0.01,38,120855,买盘
10:07:24,31.82,0.01,190,604296,买盘
10:07:27,31.8,-0.02,199,632836,卖盘
10:07:30,31.8,0.0,29,92220,买盘
10:07:33,31.79,-0.01,304,966657,卖盘
10:07:36,31.8,0.01,284,902746,买盘
10:07:38,31.78,-0.02,62,197108,卖盘
10:07:42,31.79,0.01,40,127160,买盘
10:07:46,31.78,-0.01,74,235172,卖盘
10:07:48,31.78,0.0,382,1213815,买盘
10:07:52,31.78,0.0,72,228857,买盘
10:07:54,31.77,-0.01,216,686236,卖盘
10:07:57,31.75,-0.02,940,2985059,卖盘
10:07:59,31.77,0.02,184,584287,买盘
10:08:04,31.74,-0.03,139,441213,中性盘
10:08:07,31.76,0.02,405,1285667,买盘
10:08:10,31.73,-0.03,109,345965,卖盘
10:08:12,31.76,0.03,124,393602,买盘
10:08:16,31.74,-0.02,299,949750,卖盘
10:08:19,31.74,0.0,391,1241226,卖盘
10:08:22,31.76,0.02,45,142849,中性盘
10:08:24,31.76,0.0,492,1561676,买盘
10:08:27,31.74,-0.02,287,911323,卖盘
10:08:31,31.75,0.01,188,596797,卖盘
10:08:33,31.76,0.01,93,295343,买盘
10:08:36,31.75,-0.01,91,288955,卖盘
10:08:39,31.77,0.02,156,495368,买盘
10:08:42,31.77,0.0,12,38124,卖盘
10:08:46,31.77,0.0,58,184266,卖盘
10:08:49,31.76,-0.01,60,190560,卖盘
10:08:51,31.76,0.0,16,50816,买盘
10:08:55,31.75,-0.01,275,873295,卖盘
10:08:57,31.77,0.02,130,412889,买盘
10:09:01,31.77,0.0,149,473193,买盘
10:09:03,31.77,0.0,626,1989861,买盘
10:09:06,31.77,0.0,37,117549,卖盘
10:09:09,31.8,0.03,118,374948,买盘
10:09:12,31.79,-0.01,231,734621,中性盘
10:09:15,31.8,0.01,177,562976,买盘
10:09:19,31.79,-0.01,490,1558353,卖盘
10:09:21,31.78,-0.01,52,165328,卖盘
10:09:25,31.78,0.0,251,797835,卖盘
10:09:28,31.8,0.02,114,362476,买盘
10:09:31,31.79,-0.01,166,527734,卖盘
10:09:33,31.79,0.0,163,518209,卖盘
10:09:36,31.8,0.01,82,260703,买盘
10:09:40,31.79,-0.01,305,969787,卖盘
10:09:42,31.8,0.01,134,426117,买盘
10:09:46,31.8,0.0,128,406934,买盘
10:09:48,31.79,-0.01,138,438745,卖盘
10:09:52,31.79,0.0,170,540506,买盘
10:09:54,31.79,0.0,161,512811,卖盘
10:09:58,31.8,0.01,2,6360,买盘
10:10:00,31.8,0.0,39,124055,卖盘
10:10:03,31.82,0.02,142,452144,卖盘
10:10:07,31.85,0.03,9,28665,卖盘
10:10:09,31.86,0.01,20,63708,买盘
10:10:12,31.86,0.0,48,152918,买盘
10:10:16,31.86,0.0,111,353803,卖盘
10:10:18,31.85,-0.01,94,299303,卖盘
10:10:22,31.85,0.0,20,63700,买盘
10:10:25,31.85,0.0,135,430039,买盘
10:10:28,31.86,0.01,116,369485,买盘
10:10:31,31.87,0.01,20,63728,买盘
10:10:33,31.85,-0.02,82,261040,卖盘
10:10:37,31.85,0.0,13,41405,买盘
10:10:40,31.85,0.0,120,382192,买盘
10:10:43,31.86,0.01,19,60521,买盘
10:10:46,31.86,0.0,10,31860,买盘
10:10:49,31.85,-0.01,68,216550,卖盘
10:10:51,31.83,-0.02,123,391854,卖盘
10:10:54,31.83,0.0,32,101915,卖盘
10:11:01,31.86,0.03,47,149712,买盘
10:11:04,31.86,0.0,21,66887,买盘
10:11:07,31.85,-0.01,4,12740,卖盘
10:11:10,31.85,0.0,57,181545,卖盘
10:11:12,31.86,0.01,8,25484,买盘
10:11:15,31.85,-0.01,77,245314,卖盘
10:11:19,31.86,0.01,67,213410,中性盘
10:11:22,31.85,-0.01,103,328090,卖盘
10:11:25,31.86,0.01,22,70096,中性盘
10:11:27,31.85,-0.01,53,168829,卖盘
10:11:31,31.87,0.02,19,60566,中性盘
10:11:34,31.89,0.02,221,704669,买盘
10:11:36,31.89,0.0,198,631422,买盘
10:11:40,31.89,0.0,2,6378,卖盘
10:11:42,31.89,0.0,2,6378,卖盘
10:11:45,31.89,0.0,73,232832,卖盘
10:11:49,31.89,0.0,158,503794,买盘
10:11:52,31.88,-0.01,55,175361,卖盘
10:11:54,31.88,0.0,3,9564,买盘
10:11:57,31.88,0.0,72,229475,买盘
10:11:59,31.87,-0.01,46,146604,卖盘
10:12:04,31.88,0.01,63,200834,买盘
10:12:07,31.88,0.0,24,76493,买盘
10:12:09,31.87,-0.01,82,261277,卖盘
10:12:13,31.86,-0.01,47,149778,卖盘
10:12:16,31.87,0.01,14,44608,买盘
10:12:19,31.85,-0.02,60,191121,卖盘
10:12:21,31.86,0.01,28,89222,卖盘
10:12:23,31.86,0.0,31,98766,买盘
10:12:28,31.86,0.0,109,347180,买盘
10:12:31,31.85,-0.01,6,19110,卖盘
10:12:34,31.85,0.0,48,152924,卖盘
10:12:36,31.85,0.0,54,172036,卖盘
10:12:40,31.85,0.0,76,242064,卖盘
10:12:43,31.86,0.01,76,242078,买盘
10:12:45,31.86,0.0,3,9558,卖盘
10:12:49,31.86,0.0,39,124244,卖盘
10:12:52,31.85,-0.01,114,363095,卖盘
10:12:54,31.85,0.0,57,181597,卖盘
10:12:58,31.87,0.02,217,691288,买盘
10:13:00,31.85,-0.02,68,216598,卖盘
10:13:04,31.86,0.01,17,54159,买盘
10:13:07,31.85,-0.01,93,296294,卖盘
10:13:10,31.85,0.0,14,44590,卖盘
10:13:12,31.86,0.01,71,226151,买盘
10:13:16,31.86,0.0,102,324891,买盘
10:13:19,31.85,-0.01,16,50960,中性盘
10:13:22,31.85,0.0,15,47767,买盘
10:13:24,31.85,0.0,20,63700,买盘
10:13:28,31.85,0.0,5,15925,买盘
10:13:31,31.84,-0.01,23,73232,卖盘
10:13:34,31.85,0.01,433,1379080,买盘
10:13:37,31.84,-0.01,124,394862,卖盘
10:13:39,31.84,0.0,35,111440,买盘
10:13:43,31.84,0.0,116,369302,买盘
10:13:46,31.85,0.01,349,1111755,买盘
10:13:52,31.83,-0.02,126,401146,卖盘
10:13:55,31.85,0.02,42,133804,中性盘
10:13:58,31.87,0.02,49,156131,买盘
10:13:58,31.83,-0.04,361,1150414,卖盘
10:14:03,31.83,0.0,8,25464,卖盘
10:14:07,31.83,0.0,77,245143,卖盘
10:14:09,31.87,0.04,36,114729,买盘
10:14:13,31.87,0.0,48,152977,卖盘
10:14:16,31.87,0.0,472,1504516,卖盘
10:14:18,31.87,0.0,135,430303,卖盘
10:14:22,31.88,0.01,166,529151,买盘
10:14:24,31.86,-0.02,10,31860,买盘
10:14:28,31.88,0.02,163,519524,买盘
10:14:30,31.88,0.0,49,156212,卖盘
10:14:33,31.89,0.01,19,60566,买盘
10:14:36,31.86,-0.03,9,28674,卖盘
10:14:40,31.88,0.02,74,235848,买盘
10:14:42,31.88,0.0,56,178400,买盘
10:14:44,31.88,0.0,49,156184,买盘
10:14:48,31.86,-0.02,332,1058638,卖盘
10:14:50,31.85,-0.01,127,404769,卖盘
10:14:55,31.86,0.01,17,54162,中性盘
10:14:58,31.86,0.0,97,308992,买盘
10:15:00,31.86,0.0,69,219853,卖盘
10:15:04,31.88,0.02,89,283732,买盘
10:15:07,31.89,0.01,13,41457,买盘
10:15:09,31.88,-0.01,74,235814,卖盘
10:15:12,31.88,0.0,85,270980,卖盘
10:15:15,31.88,0.0,5,15942,卖盘
10:15:18,31.89,0.01,24,76537,买盘
10:15:21,31.89,0.0,40,127560,卖盘
10:15:25,31.89,0.0,44,140328,卖盘
10:15:27,31.88,-0.01,119,379372,卖盘
10:15:31,31.86,-0.02,57,181642,卖盘
10:15:33,31.88,0.02,7,22316,买盘
10:15:37,31.88,0.0,53,168940,买盘
10:15:39,31.85,-0.03,94,299418,卖盘
10:15:41,31.85,0.0,67,213329,买盘
10:15:44,31.85,0.0,10,31850,买盘
10:15:48,31.85,0.0,29,92365,买盘
10:15:50,31.84,-0.01,174,554142,卖盘
10:15:54,31.85,0.01,114,363083,买盘
10:15:57,31.86,0.01,115,366274,买盘
10:16:00,31.86,0.0,99,315320,买盘
10:16:03,31.86,0.0,17,54162,卖盘
10:16:06,31.85,-0.01,304,968418,卖盘
10:16:09,31.86,0.01,18,57348,买盘
10:16:13,31.86,0.0,197,627416,买盘
10:16:15,31.85,-0.01,2,6371,卖盘
10:16:18,31.85,0.0,31,98738,买盘
10:16:20,31.85,0.0,268,853915,卖盘
10:16:25,31.85,0.0,60,191046,中性盘
10:16:27,31.85,0.0,15,47775,买盘
10:16:31,31.83,-0.02,67,213331,卖盘
10:16:33,31.86,0.03,1,3186,买盘
10:16:36,31.84,-0.02,26,82784,卖盘
10:16:39,31.84,0.0,67,213272,卖盘
10:16:42,31.85,0.01,55,175124,买盘
10:16:45,31.85,0.0,19,60522,买盘
10:16:48,31.86,0.01,23,73255,买盘
10:16:51,31.85,-0.01,117,372433,卖盘
10:16:54,31.83,-0.02,71,226104,卖盘
10:16:57,31.83,0.0,25,79599,卖盘
10:17:00,31.84,0.01,176,560694,中性盘
10:17:03,31.84,0.0,1,3184,买盘
10:17:06,31.84,0.0,53,168697,买盘
10:17:12,31.83,-0.01,1,3183,买盘
10:17:15,31.83,0.0,62,197313,买盘
10:17:18,31.83,0.0,11,35014,卖盘
10:17:20,31.83,0.0,14,44562,卖盘
10:17:25,31.82,-0.01,91,289646,卖盘
10:17:26,31.82,0.0,177,563224,卖盘
10:17:30,31.82,0.0,23,73179,买盘
10:17:33,31.82,0.0,7,22274,买盘
10:17:36,31.82,0.0,36,114525,买盘
10:17:39,31.82,0.0,32,101812,买盘
10:17:41,31.82,0.0,767,2439864,买盘
10:17:45,31.82,0.0,33,104980,买盘
10:17:48,31.81,-0.01,31,98611,卖盘
10:17:51,31.82,0.01,29,92253,买盘
10:17:54,31.82,0.0,45,143146,买盘
10:17:57,31.82,0.0,38,120913,买盘
10:18:00,31.82,0.0,12,38177,买盘
10:18:03,31.81,-0.01,21,66812,卖盘
10:18:06,31.82,0.01,222,706377,买盘
10:18:09,31.82,0.0,12,38184,买盘
10:18:12,31.83,0.01,14,44557,买盘
10:18:14,31.84,0.01,62,197328,买盘
10:18:18,31.82,-0.02,1,3182,卖盘
10:18:21,31.84,0.02,10,31840,买盘
10:18:23,31.86,0.02,17,54138,买盘
10:18:27,31.83,-0.03,10,31838,卖盘
10:18:30,31.84,0.01,21,66871,卖盘
10:18:33,31.84,0.0,7,22300,卖盘
10:18:36,31.86,0.02,104,331042,买盘
10:18:39,31.87,0.01,261,831760,买盘
10:18:42,31.87,0.0,110,350463,卖盘
10:18:45,31.87,0.0,12,38241,买盘
10:18:51,31.88,0.01,90,286900,买盘
10:18:54,31.89,0.01,88,280631,买盘
10:18:57,31.89,0.0,21,66954,买盘
10:19:00,31.88,-0.01,227,723677,卖盘
10:19:02,31.89,0.01,9,28698,买盘
10:19:06,31.88,-0.01,24,76517,卖盘
10:19:09,31.89,0.01,72,229608,买盘
10:19:12,31.9,0.01,43,137120,买盘
10:19:15,31.89,-0.01,4,12757,卖盘
10:19:17,31.9,0.01,171,545490,买盘
10:19:21,31.9,0.0,104,331734,买盘
10:19:24,31.91,0.01,158,504172,买盘
10:19:26,31.91,0.0,30,95730,买盘
10:19:29,31.9,-0.01,101,322258,卖盘
10:19:35,31.91,0.01,31,98921,买盘
10:19:39,31.9,-0.01,211,673299,卖盘
10:19:42,31.9,0.0,21,66990,卖盘
10:19:45,31.91,0.01,9,28720,卖盘
10:19:47,31.92,0.01,59,188275,买盘
10:19:51,31.91,-0.01,80,255329,卖盘
10:19:54,31.92,0.01,19,60645,买盘
10:19:57,31.92,0.0,105,335200,买盘
10:20:00,31.91,-0.01,56,178741,卖盘
10:20:03,31.92,0.01,46,146832,买盘
10:20:09,31.91,-0.01,387,1235300,卖盘
10:20:12,31.91,0.0,55,175508,卖盘
10:20:18,31.92,0.01,11,35104,买盘
10:20:21,31.91,-0.01,30,95730,卖盘
10:20:23,31.93,0.02,84,268124,买盘
10:20:27,31.92,-0.01,18,57453,买盘
10:20:30,31.91,-0.01,28,89351,卖盘
10:20:33,31.92,0.01,3,9576,买盘
10:20:36,31.92,0.0,131,418149,买盘
10:20:38,31.92,0.0,67,213921,卖盘
10:20:42,31.92,0.0,50,159571,买盘
10:20:45,31.92,0.0,68,217070,卖盘
10:20:48,31.92,0.0,15,47880,卖盘
10:20:50,31.92,0.0,48,153221,卖盘
10:20:54,31.93,0.01,121,386352,买盘
10:20:56,31.92,-0.01,27,86185,卖盘
10:20:59,31.92,0.0,62,197931,卖盘
10:21:02,31.93,0.01,12,38315,中性盘
10:21:06,31.92,-0.01,68,217088,卖盘
10:21:08,31.92,0.0,140,447144,卖盘
10:21:12,31.93,0.01,60,191506,买盘
10:21:15,31.95,0.02,46,146922,买盘
10:21:18,31.94,-0.01,1,3194,中性盘
10:21:21,31.95,0.01,194,619736,买盘
10:21:24,31.95,0.0,459,1466447,买盘
10:21:27,31.94,-0.01,39,124566,卖盘
10:21:30,31.93,-0.01,91,290686,卖盘
10:21:33,31.95,0.02,23,73464,买盘
10:21:36,31.95,0.0,27,86274,卖盘
10:21:39,31.95,0.0,17,54323,卖盘
10:21:41,31.93,-0.02,211,673746,卖盘
10:21:45,31.94,0.01,29,92609,买盘
10:21:48,31.92,-0.02,5,15960,卖盘
10:21:51,31.95,0.03,70,223549,买盘
10:21:54,31.96,0.01,589,1882327,买盘
10:21:56,31.94,-0.02,65,207396,中性盘
10:21:59,31.92,-0.02,76,242689,中性盘
10:22:03,31.92,0.0,20,63840,卖盘
10:22:06,31.95,0.03,16,51112,买盘
10:22:09,31.95,0.0,666,2128521,买盘
10:22:11,31.93,-0.02,33,105363,卖盘
10:22:15,31.96,0.03,23,73502,买盘
10:22:18,31.93,-0.03,262,836956,卖盘
10:22:21,31.96,0.03,41,130949,买盘
10:22:24,31.96,0.0,114,364328,买盘
10:22:27,31.95,-0.01,3,9585,买盘
10:22:30,31.95,0.0,92,293926,买盘
10:22:33,31.93,-0.02,88,281029,卖盘
10:22:36,31.93,0.0,11,35123,买盘
10:22:39,31.93,0.0,439,1402307,买盘
10:22:42,31.95,0.02,120,383378,买盘
10:22:45,31.94,-0.01,7,22358,中性盘
10:22:48,31.94,0.0,29,92627,卖盘
10:22:51,31.94,0.0,12,38328,买盘
10:22:53,31.95,0.01,88,281078,买盘
10:22:57,31.95,0.0,14,44730,买盘
10:23:00,31.95,0.0,33,105433,买盘
10:23:03,31.94,-0.01,404,1290521,卖盘
10:23:06,31.95,0.01,13,41535,卖盘
10:23:09,31.96,0.01,1,3196,买盘
10:23:11,31.96,0.0,50,159800,买盘
10:23:15,31.96,0.0,14,44734,买盘
10:23:17,31.96,0.0,44,140627,买盘
10:23:21,31.97,0.01,2,6394,买盘
10:23:24,31.96,-0.01,62,198203,卖盘
10:23:27,31.97,0.01,11,35166,买盘
10:23:30,31.97,0.0,42,134243,买盘
10:23:33,31.97,0.0,41,131090,买盘
10:23:36,31.97,0.0,27,86333,卖盘
10:23:39,31.97,0.0,1331,4257486,卖盘
10:23:42,31.98,0.01,53,169489,买盘
10:23:45,31.98,0.0,10,31985,卖盘
10:23:48,31.98,0.0,274,876511,卖盘
10:23:51,31.99,0.01,38,121521,买盘
10:23:53,31.97,-0.02,73,233428,卖盘
10:23:57,31.97,0.0,106,338882,买盘
10:24:00,31.97,0.0,23,73525,买盘
10:24:03,31.97,0.0,49,156653,买盘
10:24:06,31.98,0.01,54,172666,买盘
10:24:08,31.98,0.0,14,44772,卖盘
10:24:12,31.99,0.01,47,150307,买盘
10:24:15,32.0,0.01,631,2018954,买盘
10:24:18,31.98,-0.02,590,1885700,卖盘
10:24:21,31.99,0.01,45,143875,买盘
10:24:24,31.98,-0.01,14,44777,中性盘
10:24:27,32.0,0.02,593,1897024,买盘
10:24:30,31.97,-0.03,33,105528,卖盘
10:24:32,31.99,0.02,83,265471,中性盘
10:24:36,31.99,0.0,161,515069,卖盘
10:24:39,31.96,-0.03,138,441441,卖盘
10:24:42,31.96,0.0,245,784067,卖盘
10:24:45,31.99,0.03,10,31978,买盘
10:24:48,31.98,-0.01,110,351466,买盘
10:24:51,31.96,-0.02,72,230081,卖盘
10:24:54,31.98,0.02,245,782903,买盘
10:24:57,31.97,-0.01,75,239682,买盘
10:25:00,31.93,-0.04,39,124610,卖盘
10:25:03,31.99,0.06,314,1003758,买盘
10:25:06,31.95,-0.04,201,643579,卖盘
10:25:09,31.95,0.0,8,25566,卖盘
10:25:11,31.95,0.0,68,217260,卖盘
10:25:15,31.95,0.0,95,303533,卖盘
10:25:18,31.98,0.03,93,297223,买盘
10:25:21,31.94,-0.04,37,118184,卖盘
10:25:27,31.96,0.02,28,89532,卖盘
10:25:30,31.94,-0.02,83,265253,卖盘
10:25:39,31.93,-0.01,61,194828,卖盘
10:25:42,31.94,0.01,53,169267,买盘
10:25:44,31.94,0.0,256,817438,买盘
10:25:48,31.94,0.0,88,281077,卖盘
10:25:50,31.98,0.04,356,1137572,买盘
10:25:53,31.94,-0.04,3,9582,卖盘
10:25:57,31.94,0.0,52,166041,买盘
10:26:00,31.9,-0.04,191,609598,卖盘
10:26:03,31.9,0.0,536,1709875,卖盘
10:26:06,31.9,0.0,151,481717,卖盘
10:26:09,31.9,0.0,107,341430,卖盘
10:26:12,31.9,0.0,51,162724,卖盘
10:26:15,31.9,0.0,66,210577,卖盘
10:26:18,31.9,0.0,4,12763,卖盘
10:26:21,31.9,0.0,85,271154,卖盘
10:26:24,31.9,0.0,45,143570,卖盘
10:26:27,31.9,0.0,7,22330,卖盘
10:26:30,31.89,-0.01,84,268007,卖盘
10:26:33,31.9,0.01,20,63782,中性盘
10:26:36,31.89,-0.01,3,9567,买盘
10:26:38,31.9,0.01,10,31900,买盘
10:26:42,31.9,0.0,56,178589,买盘
10:26:45,31.9,0.0,12,38278,买盘
10:26:48,31.89,-0.01,12,38268,卖盘
10:26:50,31.89,0.0,42,133938,卖盘
10:26:54,31.91,0.02,65,207346,买盘
10:26:57,31.91,0.0,30,95705,买盘
10:27:00,31.9,-0.01,26,82941,卖盘
10:27:03,31.9,0.0,20,63800,卖盘
10:27:06,31.9,0.0,16,51037,买盘
10:27:09,31.89,-0.01,9,28701,卖盘
10:27:12,31.88,-0.01,74,235985,卖盘
10:27:15,31.89,0.01,20,63763,买盘
10:27:17,31.91,0.02,396,1263142,买盘
10:27:20,31.9,-0.01,59,188211,卖盘
10:27:24,31.9,0.0,3,9570,卖盘
10:27:27,31.91,0.01,148,472268,买盘
10:27:30,31.91,0.0,7,22345,卖盘
10:27:33,31.91,0.0,6,19150,卖盘
10:27:36,31.94,0.03,2,6387,买盘
10:27:39,31.92,-0.02,4,12768,买盘
10:27:42,31.92,0.0,39,124451,买盘
10:27:44,31.91,-0.01,58,185112,卖盘
10:27:48,31.91,0.0,72,229890,卖盘
10:27:51,31.92,0.01,15,47880,买盘
10:27:54,31.92,0.0,33,105316,买盘
10:27:57,31.92,0.0,3,9576,卖盘
10:28:00,31.97,0.05,174,556034,买盘
10:28:02,31.95,-0.02,85,271509,中性盘
10:28:06,31.95,0.0,20,63936,卖盘
10:28:12,31.97,0.02,111,354853,买盘
10:28:15,31.96,-0.01,11,35157,卖盘
10:28:18,31.98,0.02,10,31966,买盘
10:28:21,31.97,-0.01,7,22379,卖盘
10:28:24,31.98,0.01,41,131053,买盘
10:28:27,31.96,-0.02,25,79906,卖盘
10:28:30,31.95,-0.01,53,169411,卖盘
10:28:33,31.96,0.01,4,12781,中性盘
10:28:36,31.96,0.0,13,41539,买盘
10:28:39,31.95,-0.01,65,207678,卖盘
10:28:42,31.97,0.02,52,166194,买盘
10:28:45,31.97,0.0,84,268542,买盘
10:28:48,31.97,0.0,27,86319,卖盘
10:28:51,31.97,0.0,38,121486,卖盘
10:28:53,31.98,0.01,356,1137838,买盘
10:28:57,31.99,0.01,208,665059,买盘
10:28:59,31.98,-0.01,37,118327,卖盘
10:29:03,31.98,0.0,3,9594,卖盘
10:29:06,31.99,0.01,8,25590,买盘
10:29:09,31.98,-0.01,105,335890,卖盘
10:29:12,31.98,0.0,24,76748,卖盘
10:29:14,31.98,0.0,15,47969,中性盘
10:29:18,31.97,-0.01,4,12788,卖盘
10:29:21,31.98,0.01,37,118302,买盘
10:29:24,31.97,-0.01,5,15985,卖盘
10:29:29,31.97,0.0,378,1209007,卖盘
10:29:32,31.98,0.01,1,3198,中性盘
10:29:35,31.97,-0.01,71,227060,卖盘
10:29:39,31.99,0.02,49,156663,买盘
10:29:42,31.99,0.0,23,73557,买盘
10:29:45,31.97,-0.02,16,51167,卖盘
10:29:47,31.99,0.02,34,108724,买盘
10:29:51,31.98,-0.01,5,15990,卖盘
10:29:54,31.97,-0.01,194,620903,卖盘
10:29:56,31.96,-0.01,74,236561,卖盘
10:30:00,31.98,0.02,1,3198,买盘
10:30:06,31.96,-0.02,27,86294,卖盘
10:30:08,31.96,0.0,12,38352,卖盘
10:30:12,31.96,0.0,1,3196,卖盘
10:30:15,31.95,-0.01,18,57516,卖盘
10:30:18,31.97,0.02,48,153425,买盘
10:30:21,31.96,-0.01,11,35153,卖盘
10:30:24,31.97,0.01,11,35156,买盘
10:30:27,31.97,0.0,24,76706,买盘
10:30:30,31.96,-0.01,29,92706,卖盘
10:30:33,31.96,0.0,21,67116,卖盘
10:30:36,31.97,0.01,96,306823,买盘
10:30:39,31.95,-0.02,48,153360,卖盘
10:30:42,31.98,0.03,99,316564,买盘
10:30:44,31.95,-0.03,13,41539,卖盘
10:30:48,31.96,0.01,50,159829,买盘
10:30:51,31.96,0.0,155,495579,卖盘
10:30:53,31.96,0.0,3,9588,卖盘
10:30:57,31.96,0.0,19,60734,卖盘
10:30:59,31.94,-0.02,410,1310065,卖盘
10:31:03,31.93,-0.01,5,15965,卖盘
10:31:06,31.94,0.01,12,38314,买盘
10:31:09,31.94,0.0,60,191572,买盘
10:31:12,31.94,0.0,38,121330,买盘
10:31:15,31.94,0.0,24,76654,买盘
10:31:18,31.94,0.0,39,124486,买盘
10:31:20,31.93,-0.01,6,19158,中性盘
10:31:24,31.93,0.0,9,28725,买盘
10:31:30,31.92,-0.01,42,134027,中性盘
10:31:33,31.9,-0.02,103,328570,卖盘
10:31:35,31.92,0.02,13,41496,买盘
10:31:39,31.9,-0.02,32,102080,卖盘
10:31:42,31.9,0.0,5,15950,卖盘
10:31:45,31.91,0.01,19,60628,买盘
10:31:48,31.9,-0.01,21,66990,卖盘
10:31:50,31.91,0.01,57,181862,买盘
10:31:54,31.9,-0.01,57,181831,卖盘
10:31:57,31.91,0.01,76,242516,买盘
10:32:00,31.89,-0.02,115,366184,卖盘
10:32:03,31.9,0.01,1,3190,买盘
10:32:06,31.9,0.0,10,31900,买盘
10:32:09,31.89,-0.01,38,121182,卖盘
10:32:11,31.89,0.0,11,35089,卖盘
10:32:15,31.9,0.01,12,38280,买盘
10:32:18,31.89,-0.01,45,143543,卖盘
10:32:21,31.9,0.01,28,89305,买盘
10:32:24,31.91,0.01,1,3191,买盘
10:32:27,31.9,-0.01,32,102066,卖盘
10:32:30,31.89,-0.01,48,153073,卖盘
10:32:32,31.9,0.01,4,12760,买盘
10:32:36,31.89,-0.01,106,338139,卖盘
10:32:39,31.91,0.02,172,548439,买盘
10:32:42,31.93,0.02,20,63840,买盘
10:32:45,31.93,0.0,27,86183,买盘
10:32:48,31.9,-0.03,15,47865,卖盘
10:32:51,31.92,0.02,40,127658,中性盘
10:32:53,31.9,-0.02,17,54257,卖盘
10:32:56,31.93,0.03,5,15963,买盘
10:33:00,31.93,0.0,46,146756,买盘
10:33:03,31.91,-0.02,18,57442,卖盘
10:33:05,31.9,-0.01,16,51054,卖盘
10:33:09,31.93,0.03,36,114849,买盘
10:33:12,31.9,-0.03,6,19140,卖盘
10:33:14,31.9,0.0,15,47886,卖盘
10:33:18,31.92,0.02,23,73414,买盘
10:33:21,31.92,0.0,44,140362,买盘
10:33:23,31.9,-0.02,12,38280,卖盘
10:33:27,31.92,0.02,23,73380,买盘
10:33:30,31.89,-0.03,36,114852,卖盘
10:33:33,31.9,0.01,17,54232,卖盘
10:33:36,31.9,0.0,4,12760,卖盘
10:33:39,31.9,0.0,24,76560,卖盘
10:33:42,31.9,0.0,14,44660,卖盘
10:33:45,31.92,0.02,1,3192,买盘
10:33:48,31.92,0.0,13,41496,买盘
10:33:50,31.9,-0.02,25,79750,卖盘
10:33:54,31.91,0.01,63,201033,中性盘
10:33:57,31.9,-0.01,10,31900,卖盘
10:34:00,31.9,0.0,35,111650,卖盘
10:34:03,31.9,0.0,2,6380,卖盘
10:34:05,31.91,0.01,29,92536,买盘
10:34:08,31.91,0.0,21,67011,卖盘
10:34:12,31.92,0.01,26,82968,买盘
10:34:17,31.92,0.0,8,25536,买盘
10:34:21,31.92,0.0,21,67028,买盘
10:34:24,31.92,0.0,5,15960,买盘
10:34:27,31.92,0.0,57,181903,买盘
10:34:30,31.92,0.0,11,35112,买盘
10:34:33,31.9,-0.02,16,51055,卖盘
10:34:36,31.91,0.01,46,146800,卖盘
10:34:39,31.92,0.01,4,12768,卖盘
10:34:42,31.93,0.01,13,41496,买盘
10:34:45,31.92,-0.01,27,86184,卖盘
10:34:47,31.91,-0.01,47,149945,卖盘
10:34:51,31.91,0.0,16,51055,买盘
10:34:57,31.92,0.01,45,143567,买盘
10:35:00,31.9,-0.02,15,47856,卖盘
10:35:03,31.92,0.02,1,3192,买盘
10:35:06,31.91,-0.01,41,130831,卖盘
10:35:09,31.92,0.01,14,44688,买盘
10:35:11,31.91,-0.01,13,41483,卖盘
10:35:15,31.9,-0.01,93,296817,卖盘
10:35:17,31.92,0.02,33,105291,买盘
10:35:21,31.91,-0.01,28,89337,中性盘
10:35:24,31.9,-0.01,22,70200,卖盘
10:35:27,31.9,0.0,37,118030,卖盘
10:35:30,31.91,0.01,6,19144,买盘
10:35:33,31.91,0.0,6,19145,买盘
10:35:36,31.9,-0.01,37,118030,卖盘
10:35:39,31.9,0.0,38,121234,卖盘
10:35:42,31.9,0.0,71,226490,卖盘
10:35:45,31.9,0.0,109,347726,卖盘
10:35:48,31.9,0.0,62,197780,卖盘
10:35:50,31.91,0.01,173,551945,买盘
10:35:54,31.89,-0.02,162,516799,卖盘
10:35:56,31.89,0.0,68,216857,卖盘
10:36:03,31.91,0.02,6,19141,买盘
10:36:06,31.9,-0.01,33,105211,卖盘
10:36:09,31.89,-0.01,10,31882,中性盘
10:36:12,31.88,-0.01,25,79713,卖盘
10:36:15,31.88,0.0,24,76526,卖盘
10:36:18,31.88,0.0,49,156215,卖盘
10:36:20,31.88,0.0,37,118606,卖盘
10:36:24,31.88,0.0,3,9564,买盘
10:36:27,31.88,0.0,43,137051,买盘
10:36:29,31.88,0.0,40,127520,买盘
10:36:33,31.88,0.0,10,31880,买盘
10:36:36,31.86,-0.02,86,274047,卖盘
10:36:39,31.88,0.02,68,216695,买盘
10:36:42,31.87,-0.01,24,76488,买盘
10:36:45,31.86,-0.01,102,325131,卖盘
10:36:47,31.87,0.01,165,525657,买盘
10:36:50,31.86,-0.01,24,76459,卖盘
10:36:54,31.86,0.0,2,6372,买盘
10:36:57,31.86,0.0,51,162445,买盘
10:36:59,31.86,0.0,42,133777,买盘
10:37:03,31.86,0.0,18,57348,买盘
10:37:06,31.86,0.0,102,324882,买盘
10:37:12,31.86,0.0,18,57345,买盘
10:37:14,31.85,-0.01,13,41410,卖盘
10:37:18,31.86,0.01,58,184781,买盘
10:37:20,31.86,0.0,121,385421,卖盘
10:37:24,31.85,-0.01,6,19110,卖盘
10:37:27,31.85,0.0,47,149706,卖盘
10:37:30,31.86,0.01,20,63720,买盘
10:37:33,31.86,0.0,25,79640,买盘
10:37:36,31.86,0.0,103,328081,卖盘
10:37:39,31.86,0.0,14,44604,卖盘
10:37:42,31.88,0.02,14,44624,买盘
10:37:45,31.86,-0.02,28,88557,卖盘
10:37:48,31.89,0.03,37,117891,买盘
10:37:50,31.89,0.0,72,229546,买盘
10:37:54,31.88,-0.01,5,15940,卖盘
10:37:57,31.88,0.0,48,153024,卖盘
10:38:00,31.89,0.01,6,19131,买盘
10:38:02,31.88,-0.01,33,105224,卖盘
10:38:06,31.89,0.01,86,274220,卖盘
10:38:09,31.89,0.0,8,25512,卖盘
10:38:12,31.91,0.02,46,146741,买盘
10:38:15,31.91,0.0,238,759456,买盘
10:38:17,31.92,0.01,26,82967,买盘
10:38:21,31.89,-0.03,63,200964,卖盘
10:38:24,31.92,0.03,4,12768,买盘
10:38:30,31.91,-0.01,8,25528,卖盘
10:38:33,31.92,0.01,338,1078881,买盘
10:38:36,31.89,-0.03,5,15946,卖盘
10:38:38,31.91,0.02,9,28715,买盘
10:38:42,31.91,0.0,6,19146,买盘
10:38:45,31.9,-0.01,71,226531,卖盘
10:38:48,31.91,0.01,68,216988,买盘
10:38:51,31.91,0.0,61,194630,卖盘
10:38:53,31.9,-0.01,7,22330,卖盘
10:38:57,31.9,0.0,4,12760,卖盘
10:39:00,31.9,0.0,10,31900,卖盘
10:39:03,31.9,0.0,10,31900,卖盘
10:39:06,31.9,0.0,22,70180,卖盘
10:39:08,31.89,-0.01,30,95695,卖盘
10:39:11,31.91,0.02,138,440307,买盘
10:39:18,31.9,-0.01,34,108488,中性盘
10:39:21,31.9,0.0,69,220069,卖盘
10:39:24,31.91,0.01,1,3191,买盘
10:39:27,31.89,-0.02,43,137149,卖盘
10:39:30,31.91,0.02,17,53344,买盘
10:39:33,31.89,-0.02,77,245678,卖盘
10:39:36,31.88,-0.01,106,339028,卖盘
10:39:39,31.88,0.0,2,6376,卖盘
10:39:42,31.92,0.04,18,57422,买盘
10:39:44,31.89,-0.03,29,92472,中性盘
10:39:47,31.88,-0.01,57,181723,卖盘
10:39:51,31.9,0.02,89,283769,买盘
10:39:54,31.9,0.0,20,63800,卖盘
10:39:57,31.88,-0.02,30,95691,卖盘
10:40:00,31.9,0.02,4,12760,卖盘
10:40:03,31.89,-0.01,115,366788,卖盘
10:40:06,31.89,0.0,31,98859,卖盘
10:40:09,31.89,0.0,4,12756,卖盘
10:40:12,31.87,-0.02,62,197660,卖盘
10:40:15,31.9,0.03,86,274333,买盘
10:40:17,31.89,-0.01,122,389179,卖盘
10:40:20,31.87,-0.02,88,280518,卖盘
10:40:24,31.88,0.01,7,22318,中性盘
10:40:27,31.89,0.01,32,101986,买盘
10:40:30,31.89,0.0,9,28701,买盘
10:40:33,31.88,-0.01,12,38248,中性盘
10:40:36,31.86,-0.02,106,337775,卖盘
10:40:42,31.87,0.01,24,76482,买盘
10:40:48,31.86,-0.01,48,153600,卖盘
10:40:51,31.87,0.01,24,75805,买盘
10:40:53,31.86,-0.01,8,25493,卖盘
10:40:57,31.86,0.0,100,318668,卖盘
10:41:02,31.87,0.01,71,226328,买盘
10:41:06,31.85,-0.02,86,274637,卖盘
10:41:09,31.88,0.03,29,91764,买盘
10:41:11,31.88,0.0,12,38256,卖盘
10:41:15,31.88,0.0,15,47820,卖盘
10:41:17,31.91,0.03,43,137114,买盘
10:41:20,31.9,-0.01,73,232737,中性盘
10:41:23,31.9,0.0,5,15954,卖盘
10:41:27,31.9,0.0,37,118030,卖盘
10:41:30,31.9,0.0,15,47850,卖盘
10:41:33,31.9,0.0,17,54900,卖盘
10:41:36,31.86,-0.04,32,102000,卖盘
10:41:39,31.89,0.03,39,124408,卖盘
10:41:42,31.88,-0.01,26,82879,卖盘
10:41:48,31.88,0.0,67,213530,买盘
10:41:51,31.88,0.0,62,197600,卖盘
10:41:54,31.88,0.0,11,35052,卖盘
10:41:57,31.86,-0.02,34,108329,卖盘
10:41:59,31.88,0.02,1,3188,卖盘
10:42:02,31.87,-0.01,7,22309,卖盘
10:42:06,31.86,-0.01,92,293174,卖盘
10:42:08,31.89,0.03,21,66963,买盘
10:42:12,31.89,0.0,1,3189,卖盘
10:42:15,31.89,0.0,4,12756,卖盘
10:42:17,31.87,-0.02,32,102012,卖盘
10:42:21,31.87,0.0,3,9561,卖盘
10:42:24,31.87,0.0,7,22310,卖盘
10:42:27,31.87,0.0,53,168915,卖盘
10:42:36,31.87,0.0,61,194369,卖盘
10:42:39,31.86,-0.01,44,140185,卖盘
10:42:42,31.87,0.01,13,41431,买盘
10:42:45,31.87,0.0,92,293147,买盘
10:42:47,31.86,-0.01,25,79663,卖盘
10:42:51,31.88,0.02,66,210280,买盘
10:42:57,31.86,-0.02,30,95572,卖盘
10:43:00,31.89,0.03,95,302917,买盘
10:43:03,31.89,0.0,3,9567,卖盘
10:43:06,31.86,-0.03,104,331340,卖盘
10:43:09,31.86,0.0,17,54207,卖盘
10:43:12,31.9,0.04,77,245530,买盘
10:43:15,31.86,-0.04,8,25506,卖盘
10:43:18,31.86,0.0,27,86034,卖盘
10:43:21,31.87,0.01,63,200796,卖盘
10:43:24,31.9,0.03,74,235361,买盘
10:43:30,31.91,0.01,91,290381,买盘
10:43:33,31.91,0.0,10,31901,买盘
10:43:36,31.91,0.0,61,194651,卖盘
10:43:39,31.91,0.0,5,15955,卖盘
10:43:42,31.91,0.0,9,28720,卖盘
10:43:45,31.91,0.0,14,44675,卖盘
10:43:48,31.91,0.0,10,31918,卖盘
10:43:51,31.9,-0.01,65,207409,卖盘
10:43:54,31.92,0.02,13,41481,买盘
10:43:57,31.91,-0.01,4,12761,中性盘
10:44:00,31.9,-0.01,56,178640,卖盘
10:44:03,31.91,0.01,15,47858,买盘
10:44:06,31.91,0.0,90,287132,买盘
10:44:09,31.91,0.0,12,38288,卖盘
10:44:12,31.92,0.01,104,331965,买盘
10:44:15,31.91,-0.01,10,31910,卖盘
10:44:18,31.92,0.01,2,6383,买盘
10:44:21,31.91,-0.01,62,197842,卖盘
10:44:24,31.92,0.01,6,19150,买盘
10:44:27,31.91,-0.01,73,232996,卖盘
10:44:29,31.92,0.01,14,44689,买盘
10:44:35,31.92,0.0,92,293664,卖盘
10:44:39,31.92,0.0,2,6384,卖盘
10:44:42,31.93,0.01,8,25544,买盘
10:44:45,31.92,-0.01,34,108528,卖盘
10:44:48,31.92,0.0,45,143672,卖盘
10:44:51,31.92,0.0,43,137256,卖盘
10:44:53,31.92,0.0,2,6384,买盘
10:44:56,31.91,-0.01,40,127642,卖盘
10:45:00,31.91,0.0,9,28726,卖盘
10:45:03,31.91,0.0,18,57438,卖盘
10:45:06,31.9,-0.01,38,121224,卖盘
10:45:12,31.9,0.0,4,12762,卖盘
10:45:15,31.88,-0.02,40,127571,卖盘
10:45:18,31.9,0.02,5,15948,中性盘
10:45:21,31.9,0.0,15,47847,卖盘
10:45:24,31.91,0.01,71,226506,买盘
10:45:27,31.88,-0.03,48,153057,卖盘
10:45:30,31.9,0.02,6,19140,买盘
10:45:33,31.88,-0.02,7,22319,卖盘
10:45:36,31.9,0.02,107,341260,买盘
10:45:40,31.9,0.0,41,130790,卖盘
10:45:42,31.88,-0.02,8,25510,卖盘
10:45:46,31.9,0.02,15,47836,买盘
10:45:48,31.9,0.0,36,114747,买盘
10:45:52,31.87,-0.03,17,54190,卖盘
10:45:54,31.87,0.0,6,19122,卖盘
10:45:56,31.86,-0.01,45,143397,卖盘
10:46:00,31.88,0.02,25,79678,买盘
10:46:03,31.87,-0.01,8,25498,卖盘
10:46:06,31.86,-0.01,37,117886,卖盘
10:46:09,31.88,0.02,200,637538,买盘
10:46:12,31.88,0.0,8,25490,买盘
10:46:15,31.87,-0.01,8,25490,买盘
10:46:18,31.86,-0.01,37,117883,卖盘
10:46:21,31.86,0.0,43,136998,卖盘
10:46:23,31.86,0.0,17,54156,买盘
10:46:26,31.86,0.0,165,525842,买盘
10:46:29,31.9,0.04,13,41432,买盘
10:46:33,31.86,-0.04,5,15930,卖盘
10:46:36,31.86,0.0,92,293119,卖盘
10:46:40,31.86,0.0,7,22302,卖盘
10:46:42,31.86,0.0,1,3186,卖盘
10:46:46,31.89,0.03,2,6378,买盘
10:46:48,31.9,0.01,35,111519,买盘
10:46:51,31.86,-0.04,21,66906,卖盘
10:46:53,31.87,0.01,128,407912,买盘
10:46:57,31.85,-0.02,61,194362,卖盘
10:47:01,31.87,0.02,4,12750,卖盘
10:47:04,31.89,0.02,6,19126,买盘
10:47:06,31.87,-0.02,162,516622,卖盘
10:47:08,31.9,0.03,62,197780,买盘
10:47:12,31.9,0.0,14,44660,卖盘
10:47:14,31.9,0.0,3,9570,卖盘
10:47:18,31.9,0.0,34,108462,卖盘
10:47:21,31.9,0.0,57,181830,卖盘
10:47:24,31.91,0.01,7,22334,买盘
10:47:26,31.9,-0.01,53,169084,卖盘
10:47:30,31.9,0.0,4,12760,卖盘
10:47:32,31.9,0.0,2,6380,卖盘
10:47:36,31.91,0.01,92,293482,买盘
10:47:39,31.9,-0.01,156,497640,卖盘
10:47:42,31.89,-0.01,58,185014,卖盘
10:47:44,31.9,0.01,23,73353,买盘
10:47:48,31.87,-0.03,39,124299,卖盘
10:47:51,31.87,0.0,54,172098,卖盘
10:47:54,31.86,-0.01,7,22302,卖盘
10:47:57,31.9,0.04,86,274159,买盘
10:48:00,31.86,-0.04,63,200663,卖盘
10:48:04,31.86,0.0,16,50977,中性盘
10:48:06,31.86,0.0,92,293119,卖盘
10:48:09,31.87,0.01,9,28681,中性盘
10:48:12,31.87,0.0,12,38244,卖盘
10:48:16,31.86,-0.01,31,98778,卖盘
10:48:18,31.87,0.01,44,140193,中性盘
10:48:21,31.87,0.0,3,9561,买盘
10:48:23,31.87,0.0,4,12745,买盘
10:48:28,31.87,0.0,2,6374,买盘
10:48:31,31.86,-0.01,2,6372,卖盘
10:48:33,31.87,0.01,11,35057,买盘
10:48:36,31.85,-0.02,152,484279,卖盘
10:48:40,31.85,0.0,11,35043,卖盘
10:48:42,31.86,0.01,1,3186,买盘
10:48:44,31.86,0.0,10,31860,买盘
10:48:48,31.85,-0.01,210,668853,卖盘
10:48:52,31.86,0.01,132,420563,买盘
10:48:54,31.86,0.0,51,162494,卖盘
10:48:57,31.86,0.0,7,22307,卖盘
10:49:01,31.86,0.0,19,60534,卖盘
10:49:04,31.87,0.01,29,92421,买盘
10:49:06,31.87,0.0,88,280397,买盘
10:49:09,31.87,0.0,19,60544,买盘
10:49:13,31.87,0.0,20,63724,买盘
10:49:16,31.87,0.0,13,41419,买盘
10:49:17,31.88,0.01,30,95607,买盘
10:49:21,31.88,0.0,148,471712,卖盘
10:49:24,31.85,-0.03,29,92392,卖盘
10:49:28,31.86,0.01,33,105110,买盘
10:49:30,31.86,0.0,9,28674,买盘
10:49:33,31.86,0.0,44,140184,买盘
10:49:36,31.85,-0.01,107,340797,卖盘
10:49:40,31.85,0.0,15,47786,卖盘
10:49:43,31.86,0.01,5,15930,买盘
10:49:46,31.85,-0.01,15,47775,卖盘
10:49:48,31.89,0.04,76,242183,买盘
10:49:51,31.85,-0.04,15,47779,卖盘
10:49:53,31.85,0.0,10,31842,买盘
10:49:57,31.84,-0.01,39,124180,卖盘
10:50:01,31.85,0.01,78,248430,买盘
10:50:04,31.85,0.0,32,101920,买盘
10:50:07,31.84,-0.01,98,312068,卖盘
10:50:10,31.84,0.0,23,73242,卖盘
10:50:13,31.86,0.02,13,41413,买盘
10:50:16,31.86,0.0,26,82819,买盘
10:50:19,31.85,-0.01,46,146533,卖盘
10:50:21,31.85,0.0,3,9556,卖盘
10:50:25,31.86,0.01,16,50961,买盘
10:50:26,31.85,-0.01,66,210225,卖盘
10:50:29,31.86,0.01,23,73267,买盘
10:50:32,31.86,0.0,13,41408,买盘
10:50:37,31.84,-0.02,109,347149,卖盘
10:50:40,31.86,0.02,9,28660,买盘
10:50:43,31.87,0.01,34,108331,买盘
10:50:45,31.84,-0.03,69,219745,卖盘
10:50:49,31.85,0.01,30,95535,买盘
10:50:52,31.84,-0.01,80,254731,卖盘
10:50:55,31.85,0.01,47,149694,买盘
10:50:56,31.85,0.0,56,178289,买盘
10:51:01,31.85,0.0,30,95550,买盘
10:51:03,31.83,-0.02,33,105049,卖盘
10:51:07,31.85,0.02,113,359766,买盘
10:51:10,31.85,0.0,24,76432,买盘
10:51:13,31.85,0.0,65,206966,买盘
10:51:16,31.84,-0.01,26,82798,中性盘
10:51:17,31.84,0.0,34,108269,卖盘
10:51:22,31.85,0.01,123,391601,买盘
10:51:25,31.84,-0.01,19,60510,卖盘
10:51:26,31.85,0.01,47,149658,买盘
10:51:31,31.85,0.0,38,121010,买盘
10:51:36,31.82,-0.03,62,197348,卖盘
10:51:40,31.85,0.03,74,235630,买盘
10:51:46,31.85,0.0,23,73255,买盘
10:51:48,31.85,0.0,121,385353,买盘
10:51:52,31.84,-0.01,44,140099,卖盘
10:51:55,31.85,0.01,44,140100,买盘
10:51:58,31.84,-0.01,39,124140,买盘
10:52:01,31.84,0.0,21,66859,买盘
10:52:04,31.84,0.0,8,25474,卖盘
10:52:07,31.84,0.0,93,296112,卖盘
10:52:08,31.84,0.0,11,35026,卖盘
10:52:13,31.84,0.0,25,79614,卖盘
10:52:14,31.84,0.0,5,15920,卖盘
10:52:18,31.85,0.01,115,366240,买盘
10:52:22,31.84,-0.01,544,1732596,卖盘
10:52:25,31.86,0.02,100,318480,买盘
10:52:28,31.86,0.0,53,168813,买盘
10:52:31,31.85,-0.01,2,6370,卖盘
10:52:32,31.86,0.01,18,57340,买盘
10:52:37,31.85,-0.01,99,315321,卖盘
10:52:40,31.86,0.01,14,44603,买盘
10:52:43,31.86,0.0,8,25488,卖盘
10:52:46,31.86,0.0,32,101952,卖盘
10:52:47,31.86,0.0,34,108326,卖盘
10:52:51,31.86,0.0,61,194372,卖盘
10:52:55,31.86,0.0,11,35044,买盘
10:52:58,31.86,0.0,64,203852,买盘
10:53:00,31.86,0.0,7,22302,买盘
10:53:04,31.85,-0.01,6,19110,卖盘
10:53:07,31.85,0.0,91,289838,卖盘
10:53:10,31.85,0.0,8,25480,卖盘
10:53:13,31.85,0.0,139,442720,卖盘
10:53:14,31.85,0.0,3,9557,卖盘
10:53:19,31.86,0.01,203,646758,卖盘
10:53:21,31.86,0.0,20,63716,买盘
10:53:23,31.86,0.0,12,38221,买盘
10:53:28,31.86,0.0,27,86013,买盘
10:53:31,31.86,0.0,4,12741,买盘
10:53:37,31.85,-0.01,61,194287,卖盘
10:53:40,31.86,0.01,179,570292,买盘
10:53:46,31.86,0.0,42,133837,卖盘
10:53:49,31.87,0.01,7,22307,买盘
10:53:51,31.86,-0.01,78,248509,卖盘
10:53:55,31.87,0.01,14,44618,买盘
10:53:56,31.87,0.0,7,22303,买盘
10:54:01,31.87,0.0,26,82852,买盘
10:54:04,31.87,0.0,1,3506,买盘
10:54:07,31.87,0.0,57,181612,卖盘
10:54:08,31.87,0.0,2,6374,卖盘
10:54:16,31.88,0.01,29,92445,买盘
10:54:18,31.88,0.0,73,232610,买盘
10:54:22,31.87,-0.01,15,47805,中性盘
10:54:25,31.87,0.0,13,41426,买盘
10:54:28,31.87,0.0,50,159315,买盘
10:54:31,31.86,-0.01,1,3186,卖盘
10:54:34,31.86,0.0,2,6372,卖盘
10:54:37,31.86,0.0,112,356498,卖盘
10:54:38,31.86,0.0,5,15926,卖盘
10:54:43,31.86,0.0,7,22302,买盘
10:54:44,31.85,-0.01,27,86004,卖盘
10:54:49,31.86,0.01,32,101923,买盘
10:54:51,31.87,0.01,108,344379,买盘
10:54:53,31.87,0.0,102,325243,卖盘
10:54:57,31.85,-0.02,31,98775,卖盘
10:55:03,31.89,0.04,1,3189,买盘
10:55:07,31.88,-0.01,92,293298,卖盘
10:55:09,31.87,-0.01,200,637596,卖盘
10:55:12,31.86,-0.01,11,35062,卖盘
10:55:16,31.89,0.03,35,111609,买盘
10:55:19,31.9,0.01,38,121195,买盘
10:55:21,31.89,-0.01,47,149883,卖盘
10:55:25,31.89,0.0,1,3189,买盘
10:55:28,31.87,-0.02,57,181740,卖盘
10:55:31,31.91,0.04,104,331798,买盘
10:55:37,31.87,-0.04,56,178491,卖盘
10:55:40,31.87,0.0,57,181663,买盘
10:55:43,31.87,0.0,2,6374,卖盘
10:55:45,31.87,0.0,20,63799,卖盘
10:55:49,31.86,-0.01,32,101952,卖盘
10:55:51,31.91,0.05,85,270947,卖盘
10:55:55,31.91,0.0,14,44674,买盘
10:55:56,31.86,-0.05,46,146634,卖盘
10:56:01,31.92,0.06,7,22338,买盘
10:56:03,31.92,0.0,17,54253,买盘
10:56:07,31.87,-0.05,87,277269,卖盘
10:56:08,31.9,0.03,5,15950,买盘
10:56:13,31.9,0.0,32,102064,买盘
10:56:15,31.9,0.0,4,12760,卖盘
10:56:19,31.9,0.0,34,108460,卖盘
10:56:22,31.9,0.0,66,210551,卖盘
10:56:25,31.87,-0.03,292,931247,卖盘
10:56:28,31.89,0.02,94,299788,买盘
10:56:31,31.88,-0.01,6,19128,卖盘
10:56:34,31.87,-0.01,108,344255,卖盘
10:56:37,31.89,0.02,102,325177,中性盘
10:56:38,31.91,0.02,11,35085,买盘
10:56:42,31.89,-0.02,6,19134,卖盘
10:56:46,31.89,0.0,24,76534,中性盘
10:56:49,31.9,0.01,130,414573,中性盘
10:56:52,31.89,-0.01,61,194529,卖盘
10:56:55,31.89,0.0,11,35079,卖盘
10:56:58,31.9,0.01,35,111598,买盘
10:57:01,31.88,-0.02,5,15943,卖盘
10:57:07,31.87,-0.01,94,299665,卖盘
10:57:08,31.89,0.02,6,19132,买盘
10:57:13,31.88,-0.01,11,35076,中性盘
10:57:14,31.87,-0.01,36,114798,卖盘
10:57:19,31.87,0.0,49,156175,卖盘
10:57:21,31.87,0.0,19,60557,卖盘
10:57:25,31.87,0.0,6,19122,买盘
10:57:27,31.87,0.0,43,137004,买盘
10:57:31,31.86,-0.01,1,3186,卖盘
10:57:37,31.86,0.0,88,280368,卖盘
10:57:39,31.86,0.0,23,73298,卖盘
10:57:46,31.86,0.0,24,76464,卖盘
10:57:49,31.87,0.01,78,248569,买盘
10:57:52,31.88,0.01,80,254924,买盘
10:57:54,31.86,-0.02,3,9558,卖盘
10:57:57,31.86,0.0,71,226174,卖盘
10:58:01,31.85,-0.01,72,229323,卖盘
10:58:03,31.84,-0.01,20,63691,卖盘
10:58:07,31.85,0.01,87,277010,买盘
10:58:10,31.85,0.0,12,38220,买盘
10:58:12,31.85,0.0,55,175212,买盘
10:58:14,31.84,-0.01,18,57324,卖盘
10:58:19,31.86,0.02,36,114654,买盘
10:58:21,31.84,-0.02,98,312114,卖盘
10:58:25,31.84,0.0,14,44600,卖盘
10:58:28,31.85,0.01,7,22291,买盘
10:58:31,31.84,-0.01,42,133728,卖盘
10:58:36,31.84,0.0,22,70038,买盘
10:58:40,31.84,0.0,7,22288,买盘
10:58:45,31.83,-0.01,31,98703,卖盘
10:58:49,31.83,0.0,377,1200304,卖盘
10:58:52,31.82,-0.01,17,54098,卖盘
10:58:55,31.83,0.01,9,28647,买盘
10:58:58,31.85,0.02,133,423343,买盘
10:59:02,31.85,0.0,6,19110,卖盘
10:59:07,31.85,0.0,50,159250,卖盘
10:59:08,31.86,0.01,46,146513,买盘
10:59:12,31.85,-0.01,20,63700,卖盘
10:59:15,31.83,-0.02,45,143321,卖盘
10:59:19,31.83,0.0,11,35031,卖盘
10:59:21,31.85,0.02,37,117845,买盘
10:59:27,31.85,0.0,36,114593,买盘
10:59:31,31.83,-0.02,32,101856,卖盘
10:59:33,31.85,0.02,250,795850,买盘
10:59:36,31.83,-0.02,42,133696,卖盘
10:59:40,31.83,0.0,31,98687,卖盘
10:59:42,31.83,0.0,51,162433,卖盘
10:59:45,31.85,0.02,6,19105,买盘
10:59:48,31.85,0.0,44,140107,买盘
10:59:51,31.84,-0.01,16,50944,卖盘
10:59:57,31.85,0.01,234,745253,买盘
11:00:01,31.85,0.0,17,54145,卖盘
11:00:04,31.85,0.0,34,108290,卖盘
11:00:07,31.85,0.0,38,121031,卖盘
11:00:10,31.86,0.01,2,6372,买盘
11:00:13,31.85,-0.01,1,3185,卖盘
11:00:15,31.86,0.01,13,41416,买盘
11:00:18,31.85,-0.01,86,273914,卖盘
11:00:20,31.85,0.0,10,31850,卖盘
11:00:24,31.86,0.01,102,324972,买盘
11:00:27,31.86,0.0,54,172044,卖盘
11:00:30,31.86,0.0,24,76465,卖盘
11:00:33,31.86,0.0,6,19116,卖盘
11:00:36,31.85,-0.01,69,219784,卖盘
11:00:40,31.85,0.0,23,73257,卖盘
11:00:42,31.86,0.01,3,9558,买盘
11:00:45,31.85,-0.01,15,47775,卖盘
11:00:48,31.85,0.0,201,640339,卖盘
11:00:51,31.86,0.01,11,35046,中性盘
11:00:54,31.86,0.0,10,31860,买盘
11:00:57,31.85,-0.01,117,372620,卖盘
11:01:01,31.88,0.03,31,98781,买盘
11:01:03,31.88,0.0,55,175340,买盘
11:01:07,31.88,0.0,39,124332,卖盘
11:01:09,31.88,0.0,7,22316,卖盘
11:01:15,31.88,0.0,35,111591,卖盘
11:01:18,31.9,0.02,241,768720,买盘
11:01:21,31.88,-0.02,79,251856,卖盘
11:01:24,31.88,0.0,1,3188,卖盘
11:01:27,31.89,0.01,95,302868,中性盘
11:01:31,31.88,-0.01,14,44638,卖盘
11:01:34,31.88,0.0,11,35068,卖盘
11:01:36,31.88,0.0,89,283743,卖盘
11:01:39,31.89,0.01,16,51019,买盘
11:01:42,31.88,-0.01,7,22316,卖盘
11:01:45,31.88,0.0,3,9564,卖盘
11:01:48,31.88,0.0,40,127525,卖盘
11:01:51,31.88,0.0,106,337928,卖盘
11:01:54,31.88,0.0,27,86073,买盘
11:01:57,31.88,0.0,37,117888,买盘
11:02:04,31.87,-0.01,26,82862,卖盘
11:02:06,31.87,0.0,75,239027,卖盘
11:02:12,31.87,0.0,8,25503,卖盘
11:02:15,31.87,0.0,98,312523,卖盘
11:02:18,31.88,0.01,38,121111,中性盘
11:02:21,31.91,0.03,47,149814,买盘
11:02:26,31.91,0.0,40,127504,买盘
11:02:30,31.88,-0.03,7,22315,中性盘
11:02:32,31.87,-0.01,55,175285,卖盘
11:02:37,31.9,0.03,102,325251,买盘
11:02:39,31.9,0.0,36,114839,买盘
11:02:41,31.88,-0.02,17,54196,卖盘
11:02:45,31.88,0.0,6,19128,卖盘
11:02:48,31.9,0.02,63,200924,买盘
11:02:50,31.91,0.01,6,19141,买盘
11:02:54,31.88,-0.03,120,382740,卖盘
11:02:57,31.9,0.02,56,178552,买盘
11:03:00,31.88,-0.02,7,22326,卖盘
11:03:02,31.9,0.02,27,86128,买盘
11:03:06,31.9,0.0,48,153120,卖盘
11:03:09,31.9,0.0,11,35093,卖盘
11:03:12,31.91,0.01,12,38281,买盘
11:03:15,31.9,-0.01,44,140386,卖盘
11:03:17,31.91,0.01,31,98893,买盘
11:03:24,31.91,0.0,20,63817,买盘
11:03:27,31.91,0.0,48,153123,买盘
11:03:30,31.9,-0.01,6,19142,卖盘
11:03:33,31.9,0.0,2,6380,卖盘
11:03:36,31.91,0.01,102,325382,买盘
11:03:39,31.91,0.0,27,86140,买盘
11:03:41,31.9,-0.01,2,6380,卖盘
11:03:45,31.92,0.02,649,2071483,买盘
11:03:47,31.93,0.01,123,392704,买盘
11:03:50,31.92,-0.01,10,31920,卖盘
11:03:54,31.93,0.01,3,9579,买盘
11:03:57,31.92,-0.01,30,95780,卖盘
11:04:00,31.93,0.01,15,47895,买盘
11:04:02,31.93,0.0,168,535527,买盘
11:04:05,31.93,0.0,8,25544,卖盘
11:04:12,31.94,0.01,10,31940,买盘
11:04:15,31.93,-0.01,15,47895,卖盘
11:04:18,31.94,0.01,29,92625,买盘
11:04:20,31.94,0.0,692,2210177,买盘
11:04:23,31.94,0.0,39,124529,买盘
11:04:27,31.94,0.0,47,150074,买盘
11:04:29,31.94,0.0,168,536429,买盘
11:04:33,31.93,-0.01,42,134129,卖盘
11:04:36,31.94,0.01,38,121314,买盘
11:04:39,31.92,-0.02,474,1513954,卖盘
11:04:42,31.92,0.0,7,22345,卖盘
11:04:45,31.94,0.02,65,207610,买盘
11:04:47,31.93,-0.01,44,140453,中性盘
11:04:51,31.94,0.01,93,297023,买盘
11:04:54,31.95,0.01,28,89452,买盘
11:04:57,31.94,-0.01,50,159700,卖盘
11:05:00,31.95,0.01,49,156521,买盘
11:05:03,31.94,-0.01,43,137340,买盘
11:05:06,31.94,0.0,67,213999,卖盘
11:05:09,31.94,0.0,22,70268,卖盘
11:05:12,31.94,0.0,70,223584,卖盘
11:05:15,31.95,0.01,13,41535,买盘
11:05:17,31.95,0.0,62,198034,买盘
11:05:21,31.95,0.0,220,702719,买盘
11:05:24,31.95,0.0,43,137385,卖盘
11:05:27,31.94,-0.01,118,376963,卖盘
11:05:30,31.94,0.0,5,15970,买盘
11:05:33,31.94,0.0,18,57492,买盘
11:05:36,31.93,-0.01,36,114956,卖盘
11:05:39,31.94,0.01,37,118143,买盘
11:05:41,31.93,-0.01,20,63860,卖盘
11:05:45,31.92,-0.01,11,35122,卖盘
11:05:48,31.92,0.0,57,181946,卖盘
11:05:51,31.92,0.0,223,712710,卖盘
11:05:54,31.92,0.0,55,175564,买盘
11:05:57,31.91,-0.01,58,185000,卖盘
11:06:00,31.93,0.02,117,373417,买盘
11:06:03,31.91,-0.02,152,484916,卖盘
11:06:06,31.91,0.0,44,140444,卖盘
11:06:09,31.92,0.01,5,15956,中性盘
11:06:12,31.92,0.0,5,15960,卖盘
11:06:14,31.91,-0.01,25,79794,卖盘
11:06:17,31.91,0.0,103,328677,卖盘
11:06:21,31.93,0.02,3,9577,买盘
11:06:23,31.93,0.0,17,54281,买盘
11:06:27,31.93,0.0,62,197918,卖盘
11:06:29,31.91,-0.02,57,181897,卖盘
11:06:36,31.91,0.0,65,207481,卖盘
11:06:39,31.91,0.0,47,149977,卖盘
11:06:41,31.88,-0.03,13,41473,卖盘
11:06:45,31.91,0.03,27,86132,买盘
11:06:48,31.9,-0.01,61,194517,中性盘
11:06:50,31.9,0.0,11,35090,买盘
11:06:54,31.91,0.01,19,60613,买盘
11:06:57,31.87,-0.04,61,194500,卖盘
11:07:00,31.9,0.03,3,9570,卖盘
11:07:03,31.91,0.01,85,271234,买盘
11:07:06,31.91,0.0,43,137213,卖盘
11:07:08,31.91,0.0,14,44700,卖盘
11:07:11,31.91,0.0,74,236134,卖盘
11:07:15,31.93,0.02,25,79823,买盘
11:07:18,31.93,0.0,63,201077,买盘
11:07:24,31.93,0.0,28,89404,买盘
11:07:27,31.91,-0.02,44,140425,卖盘
11:07:29,31.93,0.02,43,137287,买盘
11:07:36,31.91,-0.02,44,140444,卖盘
11:07:39,31.93,0.02,19,60667,买盘
11:07:41,31.92,-0.01,4,12768,卖盘
11:07:47,31.93,0.01,56,178762,买盘
11:07:50,31.93,0.0,25,79825,买盘
11:07:54,31.94,0.01,15,47908,买盘
11:07:57,31.93,-0.01,44,140494,卖盘
11:08:03,31.94,0.01,424,1354245,买盘
11:08:06,31.93,-0.01,67,213951,卖盘
11:08:08,31.94,0.01,15,47909,买盘
11:08:12,31.93,-0.01,15,47895,卖盘
11:08:15,31.94,0.01,15,47910,买盘
11:08:18,31.93,-0.01,53,169246,卖盘
11:08:21,31.93,0.0,9,28739,卖盘
11:08:23,31.93,0.0,15,47902,卖盘
11:08:26,31.93,0.0,19,60680,卖盘
11:08:30,31.93,0.0,40,127743,卖盘
11:08:33,31.93,0.0,14,44702,卖盘
11:08:36,31.92,-0.01,22,70242,卖盘
11:08:39,31.92,0.0,12,38306,卖盘
11:08:42,31.93,0.01,33,105369,买盘
11:08:45,31.93,0.0,8,25537,买盘
11:08:48,31.93,0.0,132,421476,买盘
11:08:54,31.94,0.01,3,9581,买盘
11:08:57,31.94,0.0,13,41522,买盘
11:09:00,31.94,0.0,4,12776,买盘
11:09:03,31.94,0.0,309,986959,买盘
11:09:06,31.95,0.01,3,9584,买盘
11:09:09,31.95,0.0,11,35135,买盘
11:09:12,31.95,0.0,144,460080,买盘
11:09:15,31.95,0.0,7,22362,卖盘
11:09:17,31.95,0.0,79,252447,卖盘
11:09:21,31.95,0.0,5,15979,卖盘
11:09:24,31.96,0.01,16,51121,买盘
11:09:27,31.95,-0.01,70,223685,卖盘
11:09:29,31.95,0.0,6,19175,卖盘
11:09:33,31.97,0.02,14,44757,买盘
11:09:35,31.98,0.01,141,450754,买盘
11:09:39,31.97,-0.01,21,67130,中性盘
11:09:42,31.95,-0.02,52,166188,卖盘
11:09:45,31.94,-0.01,44,140577,卖盘
11:09:48,31.97,0.03,96,306777,买盘
11:09:51,31.94,-0.03,61,194834,买盘
11:09:53,31.94,0.0,25,79850,买盘
11:09:57,31.94,0.0,74,236296,买盘
11:10:00,31.94,0.0,4,12774,买盘
11:10:02,31.98,0.04,421,1344726,买盘
11:10:05,31.94,-0.04,34,108596,卖盘
11:10:09,31.93,-0.01,16,51083,卖盘
11:10:12,31.94,0.01,54,172466,买盘
11:10:15,31.93,-0.01,26,83005,卖盘
11:10:18,31.94,0.01,31,98980,买盘
11:10:21,31.91,-0.03,19,60683,中性盘
11:10:24,31.91,0.0,1,3191,买盘
11:10:27,31.93,0.02,65,207459,中性盘
11:10:33,31.93,0.0,34,108520,买盘
11:10:36,31.93,0.0,39,124434,买盘
11:10:39,31.9,-0.03,11,35097,卖盘
11:10:42,31.93,0.03,13,41509,买盘
11:10:45,31.91,-0.02,1,3191,卖盘
11:10:48,31.93,0.02,57,181915,买盘
11:10:51,31.94,0.01,20,63847,买盘
11:10:57,31.92,-0.02,34,108516,中性盘
11:11:00,31.94,0.02,8,25548,买盘
11:11:03,31.95,0.01,14,44730,买盘
11:11:05,31.95,0.0,36,115020,卖盘
11:11:09,31.95,0.0,398,1271658,卖盘
11:11:12,31.92,-0.03,22,70230,卖盘
11:11:15,31.92,0.0,51,162792,卖盘
11:11:18,31.95,0.03,41,130854,买盘
11:11:24,31.94,-0.01,13,41520,买盘
11:11:27,31.89,-0.05,32,102078,卖盘
11:11:30,31.94,0.05,1,3194,中性盘
11:11:33,31.94,0.0,12,38328,卖盘
11:11:35,31.89,-0.05,31,98865,卖盘
11:11:39,31.89,0.0,6,19134,卖盘
11:11:42,31.94,0.05,2,6388,买盘
11:11:45,31.9,-0.04,42,133979,卖盘
11:11:48,31.9,0.0,55,175425,卖盘
11:11:50,31.89,-0.01,57,181788,卖盘
11:11:54,31.88,-0.01,202,643976,卖盘
11:11:57,31.87,-0.01,46,146615,卖盘
11:11:59,31.87,0.0,5,15939,卖盘
11:12:03,31.9,0.03,193,615148,买盘
11:12:06,31.86,-0.04,370,1179558,卖盘
11:12:09,31.9,0.04,21,66946,买盘
11:12:12,31.86,-0.04,5,15930,卖盘
11:12:18,31.86,0.0,83,264487,卖盘
11:12:24,31.9,0.04,39,124310,买盘
11:12:27,31.9,0.0,80,255091,买盘
11:12:30,31.92,0.02,1,3192,买盘
11:12:33,31.9,-0.02,64,204160,卖盘
11:12:36,31.86,-0.04,45,143394,卖盘
11:12:39,31.86,0.0,280,892186,卖盘
11:12:41,31.87,0.01,26,82913,卖盘
11:12:45,31.87,0.0,32,101984,买盘
11:12:48,31.87,0.0,63,200753,卖盘
11:12:51,31.86,-0.01,217,691420,卖盘
11:12:54,31.86,0.0,8,25488,卖盘
11:12:57,31.85,-0.01,116,369590,卖盘
11:13:00,31.85,0.0,70,222952,卖盘
11:13:02,31.87,0.02,69,219804,买盘
11:13:06,31.86,-0.01,326,1038636,卖盘
11:13:09,31.87,0.01,44,140188,买盘
11:13:12,31.86,-0.01,23,73278,卖盘
11:13:15,31.87,0.01,20,63721,买盘
11:13:17,31.9,0.03,195,621774,买盘
11:13:21,31.9,0.0,365,1164353,卖盘
11:13:23,31.89,-0.01,187,596457,卖盘
11:13:27,31.86,-0.03,52,165672,卖盘
11:13:30,31.88,0.02,40,127466,中性盘
11:13:33,31.88,0.0,177,564457,卖盘
11:13:36,31.88,0.0,27,86076,卖盘
11:13:38,31.88,0.0,43,137106,卖盘
11:13:42,31.88,0.0,14,44632,卖盘
11:13:44,31.9,0.02,78,248685,买盘
11:13:48,31.9,0.0,12,38250,买盘
11:13:51,31.87,-0.03,1,3187,卖盘
11:13:54,31.87,0.0,10,31880,卖盘
11:13:57,31.87,0.0,18,57349,买盘
11:14:00,31.87,0.0,8,25490,买盘
11:14:03,31.87,0.0,20,63732,买盘
11:14:06,31.87,0.0,17,54173,买盘
11:14:09,31.86,-0.01,10,31862,卖盘
11:14:12,31.87,0.01,1,3187,卖盘
11:14:15,31.87,0.0,4,12748,卖盘
11:14:18,31.87,0.0,8,25500,卖盘
11:14:21,31.87,0.0,3,9561,卖盘
11:14:24,31.86,-0.01,17,54162,卖盘
11:14:27,31.86,0.0,43,136967,卖盘
11:14:30,31.87,0.01,5,15933,买盘
11:14:33,31.87,0.0,10,31870,买盘
11:14:36,31.86,-0.01,36,114696,卖盘
11:14:39,31.86,0.0,22,70103,卖盘
11:14:42,31.85,-0.01,4,12740,卖盘
11:14:45,31.85,0.0,41,130615,卖盘
11:14:48,31.84,-0.01,43,136946,卖盘
11:14:57,31.85,0.01,32,101890,买盘
11:15:00,31.85,0.0,3,9554,买盘
11:15:03,31.83,-0.02,334,1063254,卖盘
11:15:05,31.82,-0.01,32,101849,卖盘
11:15:09,31.83,0.01,15,47745,买盘
11:15:15,31.82,-0.01,53,168672,卖盘
11:15:17,31.83,0.01,24,76378,买盘
11:15:21,31.83,0.0,44,140022,买盘
11:15:24,31.82,-0.01,7,22276,卖盘
11:15:26,31.83,0.01,129,410503,买盘
11:15:30,31.84,0.01,17,54125,买盘
11:15:33,31.83,-0.01,5,15911,买盘
11:15:35,31.81,-0.02,51,162255,卖盘
11:15:38,31.83,0.02,85,270568,卖盘
11:15:42,31.82,-0.01,2,6364,买盘
11:15:45,31.81,-0.01,10,31810,卖盘
11:15:48,31.81,0.0,45,143175,卖盘
11:15:51,31.82,0.01,22,70004,买盘
11:15:54,31.84,0.02,8,25468,买盘
11:15:57,31.84,0.0,48,152843,卖盘
11:16:02,31.85,0.01,17,54145,买盘
11:16:06,31.85,0.0,60,191100,卖盘
11:16:09,31.85,0.0,8,25480,卖盘
11:16:12,31.86,0.01,2,6372,买盘
11:16:15,31.85,-0.01,11,35036,卖盘
11:16:17,31.86,0.01,40,127414,买盘
11:16:20,31.87,0.01,23,73301,买盘
11:16:24,31.86,-0.01,5,15931,卖盘
11:16:27,31.87,0.01,57,181625,买盘
11:16:30,31.87,0.0,29,92451,卖盘
11:16:32,31.87,0.0,17,54192,卖盘
11:16:36,31.86,-0.01,52,165727,卖盘
11:16:38,31.86,0.0,5,15931,卖盘
11:16:42,31.89,0.03,102,325196,买盘
11:16:44,31.86,-0.03,51,162610,卖盘
11:16:48,31.86,0.0,23,73278,卖盘
11:16:51,31.9,0.04,34,108460,买盘
11:16:53,31.9,0.0,4,12760,卖盘
11:16:56,31.92,0.02,87,277626,买盘
11:17:00,31.92,0.0,91,290722,卖盘
11:17:03,31.96,0.04,35,111860,中性盘
11:17:06,31.94,-0.02,26,83044,卖盘
11:17:09,31.94,0.0,12,38328,卖盘
11:17:12,31.96,0.02,3,9588,买盘
11:17:15,31.96,0.0,37,118252,卖盘
11:17:17,31.92,-0.04,37,118122,卖盘
11:17:21,31.92,0.0,8,25544,卖盘
11:17:24,31.96,0.04,19,60696,买盘
11:17:26,31.91,-0.05,41,130869,卖盘
11:17:33,31.96,0.05,1,3196,买盘
11:17:36,31.91,-0.05,28,89398,卖盘
11:17:39,31.96,0.05,38,121339,买盘
11:17:41,31.96,0.0,28,89488,买盘
11:17:45,31.95,-0.01,54,172530,卖盘
11:17:47,31.95,0.0,38,122720,卖盘
11:17:51,31.95,0.0,5,15975,卖盘
11:17:54,31.96,0.01,12,38350,买盘
11:17:57,31.95,-0.01,573,1829284,卖盘
11:18:00,31.95,0.0,55,177035,买盘
11:18:03,31.92,-0.03,31,97732,卖盘
11:18:06,31.96,0.04,102,325971,买盘
11:18:08,31.96,0.0,35,111848,卖盘
11:18:12,31.96,0.0,6,19176,买盘
11:18:14,31.96,0.0,42,134232,买盘
11:18:18,31.96,0.0,52,166192,卖盘
11:18:21,31.96,0.0,5,15983,卖盘
11:18:24,31.96,0.0,237,757452,卖盘
11:18:30,31.96,0.0,9,28748,买盘
11:18:33,31.96,0.0,34,108640,买盘
11:18:35,31.96,0.0,8,25568,买盘
11:18:39,31.94,-0.02,21,67074,卖盘
11:18:47,31.94,0.0,2,6388,卖盘
11:18:50,31.93,-0.01,101,322779,卖盘
11:18:54,31.96,0.03,4,12783,买盘
11:18:57,31.94,-0.02,1,3194,卖盘
11:19:00,31.96,0.02,17,54332,买盘
11:19:03,31.95,-0.01,50,159750,卖盘
11:19:04,31.95,0.0,7,22365,卖盘
11:19:09,31.95,0.0,102,325890,卖盘
11:19:12,31.95,0.0,86,274740,卖盘
11:19:15,31.95,0.0,141,450495,买盘
11:19:18,31.95,0.0,84,268380,卖盘
11:19:21,31.95,0.0,241,769995,卖盘
11:19:24,31.95,0.0,103,329135,卖盘
11:19:27,31.95,0.0,127,405744,卖盘
11:19:30,31.95,0.0,110,351356,买盘
11:19:33,31.96,0.01,330,1054868,买盘
11:19:36,31.94,-0.02,36,114984,卖盘
11:19:39,31.95,0.01,14,44729,买盘
11:19:45,31.95,0.0,40,127800,买盘
11:19:47,31.93,-0.02,39,124545,卖盘
11:19:51,31.95,0.02,6,19170,买盘
11:19:56,32.0,0.05,1348,4311768,买盘
11:20:00,32.0,0.0,860,2751945,买盘
11:20:03,32.0,0.0,919,2940596,买盘
11:20:06,31.92,-0.08,108,344701,卖盘
11:20:08,31.95,0.03,28,89460,中性盘
11:20:11,31.95,0.0,56,178953,卖盘
11:20:15,31.95,0.0,1,3195,卖盘
11:20:17,31.95,0.0,36,115020,卖盘
11:20:20,31.97,0.02,9,28759,买盘
11:20:27,31.95,-0.02,28,89460,卖盘
11:20:30,31.95,0.0,8,25560,卖盘
11:20:33,31.96,0.01,3,9588,买盘
11:20:36,31.95,-0.01,34,108630,卖盘
11:20:39,31.96,0.01,7,22366,买盘
11:20:42,31.96,0.0,20,63920,买盘
11:20:45,31.96,0.0,21,67116,买盘
11:20:48,31.97,0.01,89,284398,买盘
11:20:51,31.96,-0.01,43,137460,卖盘
11:20:53,31.97,0.01,12,38363,买盘
11:20:57,31.96,-0.01,35,111866,卖盘
11:21:00,31.98,0.02,35,111916,买盘
11:21:03,31.98,0.0,50,159900,卖盘
11:21:06,31.98,0.0,45,143910,卖盘
11:21:09,31.98,0.0,11,35178,卖盘
11:21:12,31.98,0.0,23,73567,卖盘
11:21:15,31.98,0.0,13,41574,卖盘
11:21:17,31.99,0.01,37,118339,买盘
11:21:21,31.98,-0.01,17,54376,卖盘
11:21:24,31.99,0.01,15,47983,买盘
11:21:26,31.98,-0.01,31,99138,卖盘
11:21:30,31.99,0.01,15,47983,买盘
11:21:35,31.96,-0.03,72,230285,卖盘
11:21:39,31.98,0.02,1,3198,卖盘
11:21:42,31.99,0.01,18,57582,买盘
11:21:45,31.98,-0.01,12,38376,卖盘
11:21:48,31.99,0.01,34,108729,买盘
11:21:51,32.0,0.01,214,684594,买盘
11:21:54,31.99,-0.01,44,140781,卖盘
11:21:57,31.97,-0.02,196,627101,卖盘
11:21:59,31.97,0.0,16,51152,买盘
11:22:03,31.97,0.0,75,239775,买盘
11:22:06,31.96,-0.01,74,236583,卖盘
11:22:08,32.0,0.04,15,47983,买盘
11:22:12,31.99,-0.01,28,89564,买盘
11:22:15,31.96,-0.03,33,105517,卖盘
11:22:18,31.96,0.0,12,38352,卖盘
11:22:24,31.99,0.03,23,73575,买盘
11:22:27,31.96,-0.03,42,134276,卖盘
11:22:30,31.97,0.01,7,22379,卖盘
11:22:33,31.97,0.0,9,28773,卖盘
11:22:35,31.99,0.02,52,166245,买盘
11:22:39,31.96,-0.03,7,22373,卖盘
11:22:42,31.95,-0.01,52,166140,卖盘
11:22:45,31.97,0.02,86,274895,买盘
11:22:48,31.97,0.0,51,163047,卖盘
11:22:51,31.99,0.02,21,67156,买盘
11:22:53,31.98,-0.01,17,54350,买盘
11:22:57,31.98,0.0,60,191869,买盘
11:23:00,31.97,-0.01,40,127890,卖盘
11:23:02,31.96,-0.01,146,466758,卖盘
11:23:06,31.95,-0.01,78,249297,卖盘
11:23:12,31.97,0.02,18,57537,买盘
11:23:14,31.95,-0.02,11,35145,卖盘
11:23:18,31.97,0.02,30,95858,买盘
11:23:21,31.97,0.0,21,67135,中性盘
11:23:23,31.95,-0.02,31,99047,卖盘
11:23:27,31.98,0.03,13,41574,买盘
11:23:30,31.97,-0.01,20,63940,卖盘
11:23:33,31.95,-0.02,12,38360,卖盘
11:23:38,31.98,0.03,3,9594,买盘
11:23:42,31.97,-0.01,13,41561,卖盘
11:23:47,31.97,0.0,14,44758,买盘
11:23:54,31.97,0.0,16,51152,买盘
11:23:57,31.97,0.0,2,6394,买盘
11:23:59,31.95,-0.02,24,76720,卖盘
11:24:03,31.97,0.02,15,47955,买盘
11:24:09,31.97,0.0,25,79925,买盘
11:24:12,31.96,-0.01,1,3196,卖盘
11:24:15,31.96,0.0,12,38362,卖盘
11:24:18,31.97,0.01,13,41561,买盘
11:24:21,31.95,-0.02,268,856328,卖盘
11:24:24,31.95,0.0,288,920161,买盘
11:24:27,31.95,0.0,53,169343,卖盘
11:24:30,31.96,0.01,16,51149,卖盘
11:24:32,31.97,0.01,1,3197,买盘
11:24:35,31.95,-0.02,34,108648,卖盘
11:24:39,31.97,0.02,150,479546,买盘
11:24:42,31.98,0.01,6,19188,买盘
11:24:44,31.97,-0.01,2,6394,卖盘
11:24:48,31.97,0.0,41,131029,卖盘
11:24:51,31.97,0.0,19,60729,买盘
11:24:54,31.97,0.0,5,15985,买盘
11:24:57,31.95,-0.02,38,121413,卖盘
11:25:00,31.96,0.01,10,31960,中性盘
11:25:06,31.96,0.0,33,105468,卖盘
11:25:09,31.96,0.0,13,41553,卖盘
11:25:18,31.93,-0.03,33,105429,卖盘
11:25:20,31.96,0.03,6,19176,买盘
11:25:24,31.96,0.0,49,156564,买盘
11:25:26,31.95,-0.01,30,95850,卖盘
11:25:30,31.95,0.0,127,405885,卖盘
11:25:33,31.96,0.01,6,19176,买盘
11:25:36,31.95,-0.01,119,380291,卖盘
11:25:39,31.97,0.02,13,41561,买盘
11:25:42,31.96,-0.01,59,188564,卖盘
11:25:46,31.96,0.0,7,22372,买盘
11:25:48,31.96,0.0,57,182136,买盘
11:25:51,31.94,-0.02,555,1773311,卖盘
11:25:54,31.94,0.0,16,51104,卖盘
11:25:57,31.93,-0.01,52,166078,卖盘
11:26:03,31.95,0.02,67,214065,买盘
11:26:06,31.96,0.01,51,162966,买盘
11:26:18,31.97,0.01,108,345243,买盘
11:26:21,31.97,0.0,9,28773,卖盘
11:26:27,31.98,0.01,69,220622,买盘
11:26:30,31.98,0.0,20,63960,卖盘
11:26:36,31.98,0.0,898,2873021,卖盘
11:26:39,32.0,0.02,877,2806396,买盘
11:26:42,32.0,0.0,933,2985591,买盘
11:26:45,31.99,-0.01,60,191973,卖盘
11:26:48,32.0,0.01,1102,3526207,买盘
11:26:51,31.96,-0.04,90,287612,卖盘
11:26:54,31.99,0.03,132,422008,买盘
11:26:57,31.99,0.0,44,140685,卖盘
11:27:01,31.96,-0.03,8,25589,卖盘
11:27:03,32.0,0.04,13,41600,买盘
11:27:06,32.0,0.0,44,140748,买盘
11:27:09,31.96,-0.04,237,758364,卖盘
11:27:12,32.01,0.05,13,41605,买盘
11:27:15,32.0,-0.01,5,15997,中性盘
11:27:18,32.0,0.0,42,134293,中性盘
11:27:21,31.98,-0.02,8,25574,卖盘
11:27:24,32.0,0.02,36,115136,买盘
11:27:27,31.99,-0.01,33,105478,中性盘
11:27:30,32.0,0.01,113,361596,买盘
11:27:33,31.99,-0.01,24,76770,买盘
11:27:35,32.0,0.01,112,358338,买盘
11:27:39,32.0,0.0,2,6400,卖盘
11:27:42,32.01,0.01,13,41613,买盘
11:27:45,31.96,-0.05,29,92790,卖盘
11:27:48,32.01,0.05,32,102333,买盘
11:27:52,31.97,-0.04,1,3197,中性盘
11:27:54,31.97,0.0,2,6394,卖盘
11:27:57,31.96,-0.01,36,115091,卖盘
11:28:00,31.96,0.0,24,76796,卖盘
11:28:06,31.96,0.0,81,259052,卖盘
11:28:09,32.0,0.04,15,48000,买盘
11:28:15,31.97,-0.03,7,22379,卖盘
11:28:18,31.99,0.02,42,134312,买盘
11:28:21,31.99,0.0,13,41587,买盘
11:28:24,32.01,0.02,17,54408,买盘
11:28:27,32.0,-0.01,37,118408,买盘
11:28:29,31.99,-0.01,2,6398,卖盘
11:28:33,32.0,0.01,43,137599,买盘
11:28:36,32.0,0.0,20,64000,卖盘
11:28:39,32.0,0.0,14,44813,卖盘
11:28:43,32.0,0.0,6,19200,卖盘
11:28:46,32.01,0.01,6,19206,买盘
11:28:48,32.01,0.0,33,105629,买盘
11:28:51,32.02,0.01,13,41620,买盘
11:28:54,32.02,0.0,6,19212,买盘
11:28:57,32.01,-0.01,74,236890,卖盘
11:29:01,32.02,0.01,13,41620,买盘
11:29:03,32.02,0.0,42,134474,买盘
11:29:06,32.02,0.0,14,44824,买盘
11:29:09,32.02,0.0,55,176074,买盘
11:29:13,32.01,-0.01,19,60829,卖盘
11:29:16,32.01,0.0,24,76844,卖盘
11:29:18,32.02,0.01,31,99272,买盘
11:29:21,32.02,0.0,24,76861,卖盘
11:29:24,32.01,-0.01,60,192117,卖盘
11:29:27,32.01,0.0,67,214444,卖盘
11:29:30,32.01,0.0,9,28809,买盘
11:29:33,32.0,-0.01,37,118400,卖盘
11:29:36,31.99,-0.01,38,121562,卖盘
11:29:40,32.0,0.01,8,25600,买盘
11:29:43,31.99,-0.01,4,12796,卖盘
11:29:46,31.99,0.0,49,156764,卖盘
11:29:48,32.0,0.01,23,73588,买盘
11:29:51,32.0,0.0,13,41600,买盘
11:29:54,31.99,-0.01,6,19194,卖盘
11:29:57,32.0,0.01,56,179170,买盘
11:30:01,32.0,0.0,9,28796,买盘
13:00:01,32.0,0.0,435,1390851,买盘
13:00:04,32.02,0.02,830,2656306,买盘
13:00:07,32.0,-0.02,17,54400,卖盘
13:00:09,32.01,0.01,116,371422,中性盘
13:00:12,32.02,0.01,69,220927,买盘
13:00:16,32.02,0.0,14,44828,卖盘
13:00:19,32.02,0.0,1,3202,卖盘
13:00:21,32.03,0.01,18,57654,买盘
13:00:25,32.02,-0.01,37,118474,卖盘
13:00:28,32.02,0.0,2,6404,卖盘
13:00:31,32.03,0.01,33,105685,买盘
13:00:33,32.02,-0.01,50,160112,卖盘
13:00:37,32.02,0.0,92,294603,卖盘
13:00:39,32.02,0.0,25,80065,卖盘
13:00:42,32.0,-0.02,63,201722,卖盘
13:00:46,32.0,0.0,43,137716,卖盘
13:00:48,32.0,0.0,9,28802,卖盘
13:00:52,32.01,0.01,8,25608,卖盘
13:00:54,32.01,0.0,51,163257,卖盘
13:00:57,32.01,0.0,3,9603,卖盘
13:01:01,32.01,0.0,2,6402,卖盘
13:01:03,32.03,0.02,150,480311,买盘
13:01:06,32.01,-0.02,7,22409,卖盘
13:01:10,32.01,0.0,4,12801,中性盘
13:01:13,32.0,-0.01,562,1798437,卖盘
13:01:16,31.98,-0.02,872,2789783,卖盘
13:01:18,31.98,0.0,38,121551,卖盘
13:01:22,31.98,0.0,63,201490,卖盘
13:01:25,31.98,0.0,24,76752,卖盘
13:01:28,31.97,-0.01,42,134346,卖盘
13:01:31,31.97,0.0,10,31976,卖盘
13:01:34,31.98,0.01,80,255790,买盘
13:01:36,31.96,-0.02,11,35165,卖盘
13:01:40,31.97,0.01,16,51152,买盘
13:01:42,31.98,0.01,41,131056,买盘
13:01:46,31.96,-0.02,42,134279,卖盘
13:01:49,31.97,0.01,41,131111,中性盘
13:01:52,31.97,0.0,62,198256,中性盘
13:01:54,31.97,0.0,278,888835,卖盘
13:01:57,31.97,0.0,76,243029,卖盘
13:02:01,31.97,0.0,5,15985,卖盘
13:02:03,31.97,0.0,203,649144,卖盘
13:02:06,31.97,0.0,25,79944,卖盘
13:02:10,31.97,0.0,274,876139,卖盘
13:02:13,31.96,-0.01,56,178990,卖盘
13:02:16,31.98,0.02,110,351743,买盘
13:02:19,31.96,-0.02,160,511504,卖盘
13:02:21,31.96,0.0,24,76709,卖盘
13:02:25,31.96,0.0,547,1748737,卖盘
13:02:27,31.96,0.0,241,770448,卖盘
13:02:31,31.96,0.0,76,242945,卖盘
13:02:33,31.96,0.0,98,313182,卖盘
13:02:37,31.96,0.0,29,92707,卖盘
13:02:39,31.96,0.0,22,70329,中性盘
13:02:42,31.95,-0.01,49,156568,卖盘
13:02:46,31.95,0.0,26,83088,卖盘
13:02:49,31.95,0.0,30,95863,卖盘
13:02:52,31.95,0.0,216,690326,卖盘
13:02:54,31.95,0.0,50,159768,卖盘
13:02:58,31.95,0.0,163,520813,卖盘
13:03:01,31.93,-0.02,23,73467,卖盘
13:03:04,31.95,0.02,573,1830765,买盘
13:03:07,31.96,0.01,1,3196,中性盘
13:03:09,31.97,0.01,35,111877,买盘
13:03:12,31.97,0.0,57,182151,买盘
13:03:19,31.95,-0.02,44,140611,卖盘
13:03:22,31.95,0.0,39,124619,卖盘
13:03:25,31.96,0.01,40,127823,买盘
13:03:28,31.95,-0.01,89,284373,卖盘
13:03:31,31.95,0.0,32,102252,卖盘
13:03:34,31.95,0.0,136,434599,卖盘
13:03:37,31.95,0.0,24,76694,卖盘
13:03:40,31.96,0.01,70,224772,买盘
13:03:43,31.95,-0.01,258,824328,卖盘
13:03:46,31.93,-0.02,159,506877,卖盘
13:03:49,31.95,0.02,61,194809,买盘
13:03:52,31.91,-0.04,57,181916,卖盘
13:03:54,31.93,0.02,42,134036,买盘
13:03:58,31.92,-0.01,47,150065,卖盘
13:04:01,31.93,0.01,126,402228,买盘
13:04:04,31.95,0.02,318,1016970,买盘
13:04:07,31.95,0.0,33,105435,卖盘
13:04:09,31.95,0.0,80,255604,卖盘
13:04:13,31.95,0.0,40,127800,卖盘
13:04:16,31.95,0.0,29,92673,卖盘
13:04:19,31.95,0.0,22,70291,卖盘
13:04:21,31.96,0.01,76,242895,买盘
13:04:25,31.96,0.0,19,60710,买盘
13:04:28,31.98,0.02,111,354823,买盘
13:04:31,31.96,-0.02,51,162999,买盘
13:04:34,31.96,0.0,2,6391,买盘
13:04:37,31.96,0.0,30,95875,买盘
13:04:40,31.95,-0.01,15,47925,卖盘
13:04:43,31.96,0.01,66,208803,买盘
13:04:46,31.95,-0.01,36,115038,卖盘
13:04:49,31.95,0.0,16,51120,卖盘
13:04:52,31.95,0.0,35,111841,卖盘
13:04:55,31.95,0.0,22,70311,卖盘
13:04:58,31.96,0.01,10,31959,买盘
13:05:01,31.96,0.0,19,60724,卖盘
13:05:04,31.96,0.0,31,99080,卖盘
13:05:09,31.97,0.01,37,118276,买盘
13:05:12,31.96,-0.01,3,9588,卖盘
13:05:15,31.97,0.01,9,28767,买盘
13:05:19,31.97,0.0,78,249366,买盘
13:05:21,31.97,0.0,23,73544,中性盘
13:05:24,31.97,0.0,39,124683,卖盘
13:05:28,31.97,0.0,20,63959,卖盘
13:05:31,31.98,0.01,49,156690,买盘
13:05:34,31.98,0.0,62,198232,买盘
13:05:37,31.98,0.0,11,35158,买盘
13:05:39,31.98,0.0,97,310182,买盘
13:05:43,31.95,-0.03,67,214147,卖盘
13:05:46,31.95,0.0,42,134225,卖盘
13:05:48,31.95,0.0,23,74606,卖盘
13:05:52,31.95,0.0,44,140645,卖盘
13:05:55,31.97,0.02,39,124613,买盘
13:05:58,31.97,0.0,53,169401,买盘
13:06:01,31.97,0.0,36,115070,买盘
13:06:04,31.92,-0.05,41,130952,卖盘
13:06:07,31.93,0.01,25,79927,卖盘
13:06:09,31.94,0.01,1,3194,卖盘
13:06:13,31.92,-0.02,41,130903,卖盘
13:06:16,31.98,0.06,55,175854,买盘
13:06:19,31.93,-0.05,13,41519,卖盘
13:06:22,31.92,-0.01,67,213940,卖盘
13:06:24,31.93,0.01,247,788985,买盘
13:06:28,31.93,0.0,22,70246,卖盘
13:06:31,31.93,0.0,50,159654,卖盘
13:06:34,31.93,0.0,145,463514,卖盘
13:06:37,31.93,0.0,22,70257,卖盘
13:06:39,31.94,0.01,44,140552,中性盘
13:06:43,31.97,0.03,78,249182,买盘
13:06:45,31.97,0.0,6,19182,卖盘
13:06:49,31.99,0.02,70,223883,买盘
13:06:52,31.95,-0.04,64,204568,卖盘
13:06:55,31.98,0.03,168,538440,买盘
13:06:57,31.98,0.0,7,22386,卖盘
13:07:01,31.98,0.0,67,214329,买盘
13:07:03,31.98,0.0,45,143778,买盘
13:07:06,31.98,0.0,15,47971,卖盘
13:07:09,31.96,-0.02,3,9589,卖盘
13:07:12,31.92,-0.04,188,601389,卖盘
13:07:16,31.92,0.0,3,9576,卖盘
13:07:19,31.95,0.03,30,95940,卖盘
13:07:21,31.92,-0.03,76,243233,卖盘
13:07:25,31.91,-0.01,157,502028,卖盘
13:07:31,32.0,0.09,301,962993,买盘
13:07:34,32.0,0.0,137,438189,买盘
13:07:37,31.98,-0.02,4,12771,中性盘
13:07:40,31.98,0.0,49,156731,中性盘
13:07:43,31.98,0.0,46,147128,卖盘
13:07:46,31.99,0.01,13,41576,中性盘
13:07:49,31.98,-0.01,18,57567,卖盘
13:07:51,31.98,0.0,15,47970,卖盘
13:07:55,31.98,0.0,268,857490,卖盘
13:07:58,31.98,0.0,57,180208,卖盘
13:08:00,31.99,0.01,37,118351,中性盘
13:08:04,31.99,0.0,140,448075,中性盘
13:08:06,31.98,-0.01,3,9594,中性盘
13:08:10,31.98,0.0,12,38386,卖盘
13:08:13,31.92,-0.06,273,873545,卖盘
13:08:15,31.98,0.06,10,31980,中性盘
13:08:18,31.98,0.0,2,6396,卖盘
13:08:22,31.93,-0.05,22,70310,卖盘
13:08:24,32.01,0.08,214,684648,买盘
13:08:28,31.98,-0.03,131,418862,中性盘
13:08:31,31.99,0.01,25,79975,卖盘
13:08:34,31.99,0.0,30,95970,卖盘
13:08:37,32.0,0.01,80,256000,买盘
13:08:40,32.0,0.0,34,108800,卖盘
13:08:43,32.0,0.0,35,112000,卖盘
13:08:45,32.0,0.0,1,3200,卖盘
13:08:49,32.0,0.0,3,9600,卖盘
13:08:52,32.0,0.0,28,89600,卖盘
13:08:55,32.0,0.0,38,121602,卖盘
13:08:58,32.0,0.0,170,544000,卖盘
13:09:01,32.0,0.0,74,237859,买盘
13:09:03,32.0,0.0,44,140634,买盘
13:09:07,32.0,0.0,30,96000,买盘
13:09:10,31.94,-0.06,30,94728,卖盘
13:09:13,32.0,0.06,169,541624,买盘
13:09:16,32.0,0.0,15,48000,卖盘
13:09:19,32.0,0.0,7,22400,卖盘
13:09:22,32.0,0.0,66,211200,卖盘
13:09:25,32.0,0.0,13,41600,卖盘
13:09:28,31.99,-0.01,3,9599,卖盘
13:09:31,32.0,0.01,13,41600,买盘
13:09:34,31.99,-0.01,1,3199,卖盘
13:09:36,32.0,0.01,119,380802,买盘
13:09:40,31.99,-0.01,214,684777,卖盘
13:09:43,31.97,-0.02,5,15993,卖盘
13:09:45,31.99,0.02,10,31990,买盘
13:09:49,31.97,-0.02,19,60743,卖盘
13:09:52,31.98,0.01,12,38365,中性盘
13:09:55,31.99,0.01,73,233512,买盘
13:09:57,32.0,0.01,12,38393,买盘
13:10:01,31.99,-0.01,12,38388,卖盘
13:10:03,31.99,0.0,52,164753,卖盘
13:10:07,31.99,0.0,27,85893,卖盘
13:10:10,31.99,0.0,7,22393,卖盘
13:10:13,31.98,-0.01,14,44781,中性盘
13:10:16,31.99,0.01,2,6398,中性盘
13:10:22,31.97,-0.02,47,150292,卖盘
13:10:25,31.99,0.02,25,79973,中性盘
13:10:28,31.99,0.0,10,31990,卖盘
13:10:31,31.99,0.0,11,35189,卖盘
13:10:34,31.99,0.0,45,143955,卖盘
13:10:37,31.99,0.0,2,6399,卖盘
13:10:39,31.99,0.0,22,70378,卖盘
13:10:43,31.99,0.0,49,156751,卖盘
13:10:46,31.99,0.0,3,9597,卖盘
13:10:49,31.99,0.0,102,326398,卖盘
13:10:52,31.99,0.0,52,166348,卖盘
13:10:55,31.99,0.0,4,12796,卖盘
13:10:58,32.01,0.02,370,1184013,买盘
13:11:00,32.0,-0.01,11,35200,卖盘
13:11:04,32.01,0.01,40,128004,买盘
13:11:06,32.01,0.0,16,51214,买盘
13:11:10,32.01,0.0,77,247531,买盘
13:11:13,32.01,0.0,75,240035,买盘
13:11:16,32.0,-0.01,200,640100,卖盘
13:11:19,32.01,0.01,143,457714,买盘
13:11:22,32.02,0.01,73,233670,买盘
13:11:24,32.03,0.01,92,294589,买盘
13:11:28,32.02,-0.01,31,99280,卖盘
13:11:31,32.02,0.0,38,121664,买盘
13:11:33,32.03,0.01,123,393847,买盘
13:11:37,32.04,0.01,123,393970,买盘
13:11:40,32.04,0.0,135,432318,买盘
13:11:42,32.02,-0.02,152,486940,卖盘
13:11:45,32.04,0.02,18,57658,买盘
13:11:49,32.02,-0.02,12,38425,卖盘
13:11:52,32.03,0.01,51,163278,买盘
13:11:55,32.03,0.0,106,339503,买盘
13:11:58,32.04,0.01,135,432494,买盘
13:12:00,32.04,0.0,71,229090,卖盘
13:12:03,32.05,0.01,124,395344,买盘
13:12:07,32.04,-0.01,8,25633,卖盘
13:12:09,32.05,0.01,489,1567270,买盘
13:12:12,32.06,0.01,80,256420,买盘
13:12:16,32.06,0.0,1,3206,买盘
13:12:18,32.06,0.0,16,51294,买盘
13:12:21,32.06,0.0,62,198758,买盘
13:12:25,32.07,0.01,198,634754,买盘
13:12:28,32.07,0.0,11,35269,买盘
13:12:31,32.07,0.0,36,115440,买盘
13:12:34,32.06,-0.01,37,118623,卖盘
13:12:37,32.08,0.02,53,169975,买盘
13:12:40,32.07,-0.01,14,44899,中性盘
13:12:43,32.06,-0.01,1166,3741907,卖盘
13:12:46,32.1,0.04,489,1569662,买盘
13:12:49,32.1,0.0,93,298513,买盘
13:12:52,32.1,0.0,72,231133,卖盘
13:12:55,32.1,0.0,39,125195,卖盘
13:12:57,32.11,0.01,229,735247,买盘
13:13:01,32.11,0.0,129,414281,买盘
13:13:04,32.11,0.0,132,423743,买盘
13:13:06,32.11,0.0,99,317889,卖盘
13:13:10,32.11,0.0,26,83476,卖盘
13:13:13,32.11,0.0,131,420641,买盘
13:13:16,32.1,-0.01,146,468789,卖盘
13:13:19,32.1,0.0,105,337052,卖盘
13:13:22,32.1,0.0,84,269640,买盘
13:13:24,32.08,-0.02,56,181295,卖盘
13:13:28,32.09,0.01,14,43316,买盘
13:13:31,32.06,-0.03,42,135570,卖盘
13:13:34,32.07,0.01,54,174365,中性盘
13:13:37,32.07,0.0,1,3207,买盘
13:13:39,32.06,-0.01,32,102605,卖盘
13:13:43,32.07,0.01,74,237284,买盘
13:13:46,32.07,0.0,41,131467,买盘
13:13:49,32.07,0.0,9,28863,卖盘
13:13:52,32.05,-0.02,6,19235,卖盘
13:13:55,32.06,0.01,33,105766,买盘
13:13:57,32.05,-0.01,1,3205,卖盘
13:14:01,32.06,0.01,22,70520,买盘
13:14:04,32.06,0.0,63,201930,买盘
13:14:07,32.05,-0.01,154,493601,卖盘
13:14:09,32.05,0.0,35,112207,卖盘
13:14:13,32.03,-0.02,81,259567,卖盘
13:14:16,32.05,0.02,23,73706,买盘
13:14:19,32.04,-0.01,10,32045,中性盘
13:14:21,32.04,0.0,15,48048,买盘
13:14:25,32.04,0.0,19,60871,买盘
13:14:28,32.03,-0.01,9,28828,卖盘
13:14:31,32.04,0.01,52,166595,买盘
13:14:34,32.04,0.0,10,32032,买盘
13:14:37,32.04,0.0,6,19223,买盘
13:14:40,32.03,-0.01,54,172974,卖盘
13:14:43,32.03,0.0,21,67263,卖盘
13:14:46,32.02,-0.01,367,1172804,卖盘
13:14:48,32.05,0.03,25,80087,买盘
13:14:52,32.07,0.02,182,586145,买盘
13:14:55,32.04,-0.03,132,422998,卖盘
13:14:58,32.08,0.04,67,214880,买盘
13:15:01,32.05,-0.03,118,378504,卖盘
13:15:04,32.05,0.0,65,208457,卖盘
13:15:07,32.08,0.03,92,292694,买盘
13:15:10,32.05,-0.03,25,80175,卖盘
13:15:13,32.08,0.03,8,25664,中性盘
13:15:16,32.08,0.0,18,57738,买盘
13:15:19,32.09,0.01,18,57760,买盘
13:15:21,32.05,-0.04,40,128278,卖盘
13:15:24,32.08,0.03,54,173184,中性盘
13:15:27,32.08,0.0,11,35295,卖盘
13:15:31,32.04,-0.04,44,141158,卖盘
13:15:33,32.06,0.02,40,128148,买盘
13:15:37,32.06,0.0,38,121825,买盘
13:15:40,32.05,-0.01,11,35264,卖盘
13:15:43,32.05,0.0,62,198722,卖盘
13:15:46,32.05,0.0,28,89766,卖盘
13:15:49,32.05,0.0,1,3205,卖盘
13:15:52,32.05,0.0,138,442321,卖盘
13:15:54,32.05,0.0,32,102554,卖盘
13:15:58,32.05,0.0,56,179490,买盘
13:16:01,32.05,0.0,132,423174,卖盘
13:16:04,32.06,0.01,351,1125275,买盘
13:16:07,32.06,0.0,14,44886,卖盘
13:16:10,32.08,0.02,20,64154,买盘
13:16:13,32.09,0.01,96,307896,买盘
13:16:16,32.09,0.0,27,86639,买盘
13:16:19,32.08,-0.01,34,109074,卖盘
13:16:22,32.06,-0.02,270,866493,卖盘
13:16:25,32.06,0.0,29,93025,卖盘
13:16:28,32.08,0.02,35,112284,卖盘
13:16:31,32.08,0.0,21,67376,中性盘
13:16:33,32.08,0.0,54,173216,卖盘
13:16:36,32.09,0.01,15,48132,买盘
13:16:40,32.08,-0.01,30,96248,卖盘
13:16:43,32.06,-0.02,64,205321,卖盘
13:16:46,32.08,0.02,20,64160,买盘
13:16:49,32.09,0.01,32,102688,卖盘
13:16:52,32.08,-0.01,55,176503,卖盘
13:16:55,32.08,0.0,9,28872,卖盘
13:16:58,32.07,-0.01,15,48132,卖盘
13:17:01,32.09,0.02,24,77017,卖盘
13:17:03,32.08,-0.01,58,186071,卖盘
13:17:07,32.08,0.0,232,744681,卖盘
13:17:10,32.08,0.0,9,28873,卖盘
13:17:12,32.09,0.01,61,195692,买盘
13:17:15,32.09,0.0,17,54561,卖盘
13:17:19,32.1,0.01,72,231056,买盘
13:17:22,32.08,-0.02,87,279159,卖盘
13:17:25,32.08,0.0,28,89847,卖盘
13:17:28,32.1,0.02,6,19255,买盘
13:17:30,32.08,-0.02,152,487753,卖盘
13:17:34,32.1,0.02,85,272740,买盘
13:17:37,32.09,-0.01,11,35299,中性盘
13:17:40,32.09,0.0,14,44926,卖盘
13:17:43,32.08,-0.01,58,186076,卖盘
13:17:46,32.1,0.02,92,295211,买盘
13:17:48,32.09,-0.01,20,64189,中性盘
13:17:52,32.08,-0.01,24,77002,卖盘
13:17:55,32.09,0.01,48,153980,买盘
13:17:58,32.08,-0.01,27,86639,卖盘
13:18:01,32.08,0.0,35,112291,卖盘
13:18:04,32.08,0.0,88,282360,卖盘
13:18:06,32.08,0.0,92,295173,卖盘
13:18:10,32.09,0.01,24,77016,买盘
13:18:13,32.09,0.0,45,144405,卖盘
13:18:16,32.09,0.0,44,141223,卖盘
13:18:18,32.09,0.0,2,6418,卖盘
13:18:22,32.09,0.0,65,208621,卖盘
13:18:25,32.09,0.0,63,202187,卖盘
13:18:28,32.09,0.0,11,35309,卖盘
13:18:30,32.1,0.01,131,420390,买盘
13:18:33,32.1,0.0,125,401146,买盘
13:18:36,32.09,-0.01,244,783218,中性盘
13:18:40,32.09,0.0,81,259919,买盘
13:18:43,32.09,0.0,69,221387,买盘
13:18:46,32.08,-0.01,34,109085,卖盘
13:18:48,32.09,0.01,2,6418,中性盘
13:18:52,32.1,0.01,31,99483,买盘
13:18:54,32.09,-0.01,62,198979,卖盘
13:18:58,32.09,0.0,16,51344,卖盘
13:19:01,32.09,0.0,26,83433,买盘
13:19:03,32.08,-0.01,62,198926,卖盘
13:19:06,32.09,0.01,42,134770,买盘
13:19:12,32.08,-0.01,47,150779,卖盘
13:19:16,32.08,0.0,23,73792,卖盘
13:19:19,32.08,0.0,5,16040,卖盘
13:19:21,32.08,0.0,20,64161,卖盘
13:19:25,32.09,0.01,31,99473,买盘
13:19:28,32.08,-0.01,2,6416,卖盘
13:19:31,32.08,0.0,14,44915,卖盘
13:19:37,32.09,0.01,11,35299,买盘
13:19:40,32.09,0.0,6,19251,买盘
13:19:43,32.09,0.0,14,44914,买盘
13:19:46,32.08,-0.01,11,35294,卖盘
13:19:49,32.08,0.0,26,83432,卖盘
13:19:52,32.09,0.01,27,86632,买盘
13:19:55,32.1,0.01,27,86638,买盘
13:19:57,32.1,0.0,27,86647,买盘
13:20:01,32.08,-0.02,29,93065,卖盘
13:20:04,32.09,0.01,30,96270,买盘
13:20:07,32.1,0.01,292,937292,买盘
13:20:09,32.1,0.0,51,163709,买盘
13:20:13,32.1,0.0,33,105919,卖盘
13:20:15,32.11,0.01,40,128408,买盘
13:20:19,32.11,0.0,87,279356,买盘
13:20:21,32.09,-0.02,49,157284,卖盘
13:20:25,32.1,0.01,36,115539,中性盘
13:20:28,32.09,-0.01,14,44926,卖盘
13:20:31,32.1,0.01,79,253555,买盘
13:20:34,32.11,0.01,58,186188,买盘
13:20:36,32.11,0.0,9,28895,买盘
13:20:40,32.1,-0.01,6,19262,中性盘
13:20:43,32.09,-0.01,67,215034,卖盘
13:20:46,32.1,0.01,10,32096,买盘
13:20:49,32.1,0.0,44,141232,买盘
13:20:52,32.1,0.0,40,128412,卖盘
13:20:54,32.1,0.0,160,513600,卖盘
13:20:58,32.11,0.01,203,651821,买盘
13:21:00,32.1,-0.01,21,67415,卖盘
13:21:04,32.1,0.0,66,211878,卖盘
13:21:07,32.11,0.01,71,227980,买盘
13:21:09,32.1,-0.01,15,48163,卖盘
13:21:13,32.11,0.01,64,205455,买盘
13:21:16,32.11,0.0,23,73863,买盘
13:21:19,32.11,0.0,7,22477,卖盘
13:21:22,32.12,0.01,42,134866,买盘
13:21:25,32.11,-0.01,34,109174,卖盘
13:21:27,32.11,0.0,118,379004,卖盘
13:21:31,32.13,0.02,878,2820247,买盘
13:21:34,32.12,-0.01,95,305122,卖盘
13:21:36,32.13,0.01,43,138126,买盘
13:21:40,32.15,0.02,749,2407189,买盘
13:21:42,32.14,-0.01,104,334263,卖盘
13:21:46,32.15,0.01,46,147826,买盘
13:21:49,32.15,0.0,630,2025444,买盘
13:21:52,32.15,0.0,103,331148,买盘
13:21:55,32.15,0.0,165,530601,卖盘
13:21:58,32.16,0.01,110,353750,买盘
13:22:01,32.17,0.01,205,659372,买盘
13:22:04,32.17,0.0,87,279889,卖盘
13:22:07,32.18,0.01,326,1048706,买盘
13:22:10,32.2,0.02,992,3192733,买盘
13:22:13,32.18,-0.02,100,321812,卖盘
13:22:15,32.18,0.0,474,1525352,卖盘
13:22:19,32.17,-0.01,156,501873,卖盘
13:22:21,32.16,-0.01,50,160872,卖盘
13:22:25,32.18,0.02,94,302453,买盘
13:22:27,32.18,0.0,26,83665,买盘
13:22:31,32.17,-0.01,312,1004277,卖盘
13:22:34,32.18,0.01,43,138317,中性盘
13:22:37,32.18,0.0,50,160809,买盘
13:22:39,32.16,-0.02,38,122216,卖盘
13:22:43,32.15,-0.01,549,1765081,卖盘
13:22:45,32.15,0.0,387,1245290,卖盘
13:22:49,32.16,0.01,15,48236,中性盘
13:22:52,32.12,-0.04,112,360073,卖盘
13:22:54,32.18,0.06,63,202524,买盘
13:22:58,32.12,-0.06,6,19274,卖盘
13:23:01,32.15,0.03,4,12862,买盘
13:23:04,32.12,-0.03,45,144569,卖盘
13:23:07,32.16,0.04,181,581875,买盘
13:23:10,32.16,0.0,34,109344,卖盘
13:23:12,32.16,0.0,50,160757,卖盘
13:23:16,32.14,-0.02,13,41803,卖盘
13:23:19,32.17,0.03,26,83641,买盘
13:23:21,32.15,-0.02,255,820371,中性盘
13:23:25,32.16,0.01,60,192974,中性盘
13:23:28,32.15,-0.01,96,311090,卖盘
13:23:30,32.17,0.02,10,32170,中性盘
13:23:33,32.15,-0.02,120,385909,卖盘
13:23:37,32.16,0.01,79,254037,买盘
13:23:39,32.16,0.0,122,391928,买盘
13:23:42,32.15,-0.01,63,202599,卖盘
13:23:46,32.17,0.02,45,144709,买盘
13:23:48,32.16,-0.01,17,54672,卖盘
13:23:51,32.16,0.0,64,205874,卖盘
13:23:55,32.16,0.0,66,212258,卖盘
13:23:58,32.17,0.01,31,99724,买盘
13:24:01,32.17,0.0,191,614437,买盘
13:24:04,32.19,0.02,761,2449008,买盘
13:24:06,32.17,-0.02,5,16085,中性盘
13:24:10,32.17,0.0,25,80425,卖盘
13:24:13,32.17,0.0,29,93297,卖盘
13:24:15,32.18,0.01,36,115815,中性盘
13:24:18,32.17,-0.01,16,51473,卖盘
13:24:21,32.18,0.01,6,19304,买盘
13:24:25,32.17,-0.01,53,170506,卖盘
13:24:28,32.18,0.01,100,321790,买盘
13:24:30,32.18,0.0,12,38616,卖盘
13:24:34,32.18,0.0,69,222044,卖盘
13:24:36,32.18,0.0,1,3218,买盘
13:24:39,32.18,0.0,110,353978,买盘
13:24:43,32.16,-0.02,35,112566,卖盘
13:24:46,32.18,0.02,56,180208,买盘
13:24:48,32.18,0.0,32,102938,买盘
13:24:51,32.16,-0.02,36,115802,卖盘
13:24:55,32.17,0.01,47,151245,中性盘
13:24:57,32.18,0.01,28,90104,买盘
13:25:01,32.18,0.0,632,2034226,买盘
13:25:03,32.16,-0.02,34,109369,卖盘
13:25:06,32.16,0.0,111,357276,卖盘
13:25:12,32.17,0.01,34,109365,买盘
13:25:15,32.16,-0.01,74,238037,卖盘
13:25:18,32.16,0.0,1,3216,卖盘
13:25:21,32.17,0.01,80,257338,买盘
13:25:24,32.17,0.0,101,324870,买盘
13:25:28,32.17,0.0,905,2911189,买盘
13:25:31,32.16,-0.01,66,212268,卖盘
13:25:34,32.16,0.0,86,276576,卖盘
13:25:36,32.16,0.0,286,920065,卖盘
13:25:40,32.16,0.0,2,6432,买盘
13:25:43,32.14,-0.02,108,347191,卖盘
13:25:46,32.14,0.0,112,360051,卖盘
13:25:49,32.14,0.0,11,35352,买盘
13:25:52,32.13,-0.01,83,266681,卖盘
13:25:55,32.12,-0.01,137,440098,卖盘
13:25:58,32.13,0.01,32,102776,买盘
13:26:00,32.13,0.0,39,125265,买盘
13:26:03,32.11,-0.02,144,462394,卖盘
13:26:06,32.11,0.0,1,3211,卖盘
13:26:10,32.13,0.02,87,279464,买盘
13:26:12,32.12,-0.01,74,237696,卖盘
13:26:16,32.12,0.0,103,330836,卖盘
13:26:18,32.12,0.0,12,38552,卖盘
13:26:21,32.12,0.0,70,224886,卖盘
13:26:24,32.11,-0.01,155,497755,卖盘
13:26:27,32.11,0.0,2,6423,卖盘
13:26:31,32.11,0.0,63,202370,卖盘
13:26:33,32.11,0.0,64,205507,卖盘
13:26:36,32.11,0.0,33,105963,卖盘
13:26:39,32.11,0.0,7,22483,卖盘
13:26:43,32.11,0.0,49,157343,卖盘
13:26:46,32.12,0.01,9,28908,买盘
13:26:49,32.11,-0.01,1,3211,卖盘
13:26:51,32.09,-0.02,52,167711,卖盘
13:26:54,32.09,0.0,19,60971,卖盘
13:26:56,32.1,0.01,14,44948,卖盘
13:27:00,32.11,0.01,3,9631,买盘
13:27:04,32.1,-0.01,46,147638,卖盘
13:27:06,32.09,-0.01,13,41723,卖盘
13:27:10,32.11,0.02,214,687098,买盘
13:27:13,32.09,-0.02,86,276096,卖盘
13:27:15,32.1,0.01,20,64215,中性盘
13:27:18,32.09,-0.01,14,44926,卖盘
13:27:21,32.09,0.0,46,147657,卖盘
13:27:25,32.09,0.0,47,150845,卖盘
13:27:28,32.09,0.0,26,83463,卖盘
13:27:30,32.12,0.03,9,28907,买盘
13:27:34,32.1,-0.02,53,170101,中性盘
13:27:36,32.1,0.0,9,28898,卖盘
13:27:40,32.12,0.02,9,28898,买盘
13:27:42,32.09,-0.03,41,131596,卖盘
13:27:45,32.1,0.01,14,44934,买盘
13:27:49,32.1,0.0,14,44937,买盘
13:27:52,32.09,-0.01,18,57767,卖盘
13:27:55,32.1,0.01,37,118743,买盘
13:27:57,32.09,-0.01,119,381105,卖盘
13:28:01,32.09,0.0,26,83432,买盘
13:28:04,32.08,-0.01,33,105865,卖盘
13:28:07,32.09,0.01,24,77016,买盘
13:28:09,32.09,0.0,135,433986,买盘
13:28:13,32.1,0.01,50,160457,买盘
13:28:16,32.09,-0.01,40,128360,卖盘
13:28:18,32.1,0.01,341,1094579,买盘
13:28:22,32.09,-0.01,26,83435,卖盘
13:28:25,32.09,0.0,80,256779,卖盘
13:28:27,32.12,0.03,22,70625,买盘
13:28:30,32.1,-0.02,11,35310,卖盘
13:28:33,32.12,0.02,57,182972,买盘
13:28:36,32.12,0.0,10,32120,买盘
13:28:40,32.12,0.0,8,25686,买盘
13:28:43,32.12,0.0,116,372593,买盘
13:28:46,32.12,0.0,48,154219,卖盘
13:28:49,32.13,0.01,12,38552,买盘
13:28:52,32.12,-0.01,27,86726,卖盘
13:28:55,32.11,-0.01,41,131694,卖盘
13:28:58,32.12,0.01,90,289167,中性盘
13:29:01,32.13,0.01,5,16065,买盘
13:29:04,32.11,-0.02,87,279460,卖盘
13:29:07,32.11,0.0,131,420881,卖盘
13:29:10,32.12,0.01,12,38544,买盘
13:29:13,32.12,0.0,315,1012266,卖盘
13:29:16,32.13,0.01,17,54610,买盘
13:29:18,32.14,0.01,14,44992,中性盘
13:29:25,32.13,-0.01,17,54622,卖盘
13:29:26,32.14,0.01,52,167088,买盘
13:29:31,32.14,0.0,2,6427,买盘
13:29:34,32.14,0.0,18,57841,买盘
13:29:36,32.13,-0.01,24,77117,卖盘
13:29:40,32.13,0.0,12,38556,卖盘
13:29:43,32.13,0.0,19,61054,卖盘
13:29:46,32.14,0.01,11,35344,买盘
13:29:49,32.13,-0.01,29,93198,卖盘
13:29:52,32.13,0.0,29,93188,卖盘
13:29:53,32.13,0.0,35,112466,卖盘
13:29:57,32.14,0.01,23,73901,买盘
13:30:01,32.13,-0.01,229,735780,卖盘
13:30:02,32.13,0.0,11,35343,买盘
13:30:07,32.12,-0.01,6,19276,卖盘
13:30:10,32.13,0.01,210,674731,买盘
13:30:13,32.13,0.0,108,347102,卖盘
13:30:15,32.14,0.01,12,38566,买盘
13:30:19,32.13,-0.01,90,289170,卖盘
13:30:22,32.13,0.0,159,510867,买盘
13:30:25,32.12,-0.01,332,1066390,卖盘
13:30:31,32.12,0.0,63,202344,买盘
13:30:32,32.11,-0.01,47,150918,卖盘
13:30:37,32.11,0.0,36,115609,卖盘
13:30:40,32.11,0.0,171,549235,卖盘
13:30:41,32.11,0.0,105,337224,卖盘
13:30:46,32.12,0.01,33,105994,买盘
13:30:47,32.12,0.0,14,44964,买盘
13:30:52,32.12,0.0,7,22484,买盘
13:30:55,32.11,-0.01,41,131657,卖盘
13:30:58,32.12,0.01,37,118822,买盘
13:30:59,32.12,0.0,54,173438,买盘
13:31:04,32.12,0.0,50,160584,卖盘
13:31:07,32.12,0.0,37,118844,卖盘
13:31:10,32.13,0.01,163,523720,买盘
13:31:13,32.12,-0.01,141,453013,卖盘
13:31:16,32.13,0.01,57,183146,中性盘
13:31:19,32.14,0.01,170,546368,买盘
13:31:22,32.15,0.01,21,67499,买盘
13:31:25,32.14,-0.01,127,408178,卖盘
13:31:28,32.14,0.0,30,96421,卖盘
13:31:31,32.15,0.01,39,125353,买盘
13:31:34,32.14,-0.01,59,189628,卖盘
13:31:36,32.14,0.0,34,109292,卖盘
13:31:40,32.13,-0.01,191,613824,卖盘
13:31:43,32.13,0.0,102,327842,卖盘
13:31:44,32.14,0.01,3,9642,买盘
13:31:49,32.13,-0.01,144,462672,卖盘
13:31:52,32.12,-0.01,41,131706,卖盘
13:31:55,32.12,0.0,27,86724,卖盘
13:31:58,32.13,0.01,34,109236,买盘
13:32:01,32.12,-0.01,14,44981,卖盘
13:32:04,32.13,0.01,128,411197,买盘
13:32:05,32.11,-0.02,12,38543,卖盘
13:32:10,32.13,0.02,145,465890,买盘
13:32:13,32.13,0.0,47,151011,卖盘
13:32:16,32.13,0.0,29,93184,卖盘
13:32:19,32.11,-0.02,182,584466,卖盘
13:32:21,32.1,-0.01,9,28898,卖盘
13:32:25,32.11,0.01,74,237577,买盘
13:32:28,32.1,-0.01,150,481775,卖盘
13:32:31,32.1,0.0,6,19261,卖盘
13:32:34,32.1,0.0,249,800079,卖盘
13:32:37,32.14,0.04,18,57825,买盘
13:32:38,32.11,-0.03,18,57798,卖盘
13:32:41,32.14,0.03,39,125256,买盘
13:32:46,32.14,0.0,25,80298,买盘
13:32:49,32.12,-0.02,12,38552,卖盘
13:32:52,32.12,0.0,27,86703,买盘
13:32:55,32.11,-0.01,54,173414,卖盘
13:32:58,32.11,0.0,7,22481,卖盘
13:33:04,32.11,0.0,102,327581,卖盘
13:33:07,32.1,-0.01,27,86700,卖盘
13:33:10,32.11,0.01,223,716051,买盘
13:33:13,32.1,-0.01,44,141252,卖盘
13:33:14,32.11,0.01,276,886249,买盘
13:33:19,32.11,0.0,3,9633,卖盘
13:33:21,32.11,0.0,30,96335,卖盘
13:33:25,32.11,0.0,57,183043,卖盘
13:33:28,32.11,0.0,34,109200,卖盘
13:33:31,32.11,0.0,12,38539,卖盘
13:33:32,32.11,0.0,54,173407,卖盘
13:33:37,32.11,0.0,20,64220,卖盘
13:33:40,32.1,-0.01,642,2061184,卖盘
13:33:43,32.1,0.0,81,260074,卖盘
13:33:44,32.12,0.02,11,35332,买盘
13:33:49,32.11,-0.01,30,96325,买盘
13:33:51,32.11,0.0,9,28899,卖盘
13:33:53,32.12,0.01,55,176568,买盘
13:33:56,32.1,-0.02,9,28896,卖盘
13:33:59,32.1,0.0,601,1929210,卖盘
13:34:04,32.09,-0.01,110,353103,卖盘
13:34:07,32.1,0.01,1,3210,买盘
13:34:10,32.1,0.0,99,317785,买盘
13:34:13,32.1,0.0,103,330634,卖盘
13:34:16,32.11,0.01,25,80261,买盘
13:34:17,32.11,0.0,117,375630,买盘
13:34:21,32.11,0.0,57,182995,买盘
13:34:24,32.1,-0.01,29,93095,卖盘
13:34:26,32.1,0.0,15,48150,卖盘
13:34:31,32.1,0.0,6,19264,卖盘
13:34:34,32.1,0.0,14,44941,卖盘
13:34:36,32.11,0.01,124,398146,买盘
13:34:40,32.1,-0.01,5,16054,卖盘
13:34:43,32.11,0.01,18,57788,买盘
13:34:46,32.1,-0.01,41,131613,卖盘
13:34:49,32.11,0.01,5,16055,买盘
13:34:52,32.11,0.0,95,305032,买盘
13:34:55,32.1,-0.01,16,51367,卖盘
13:34:58,32.11,0.01,5,16051,中性盘
13:35:01,32.11,0.0,17,54576,买盘
13:35:04,32.12,0.01,13,41744,买盘
13:35:07,32.1,-0.02,11,35310,卖盘
13:35:10,32.11,0.01,80,256876,买盘
13:35:13,32.11,0.0,11,35328,卖盘
13:35:16,32.12,0.01,21,67435,买盘
13:35:19,32.11,-0.01,65,208777,卖盘
13:35:22,32.11,0.0,133,427161,卖盘
13:35:25,32.11,0.0,21,67438,卖盘
13:35:28,32.12,0.01,116,372592,买盘
13:35:31,32.12,0.0,10,32127,卖盘
13:35:34,32.13,0.01,43,138119,买盘
13:35:37,32.12,-0.01,277,889724,卖盘
13:35:40,32.11,-0.01,83,266540,卖盘
13:35:43,32.12,0.01,65,208717,买盘
13:35:44,32.13,0.01,268,860770,买盘
13:35:49,32.13,0.0,68,218425,买盘
13:35:52,32.12,-0.01,47,150964,卖盘
13:35:55,32.13,0.01,33,106006,买盘
13:35:58,32.13,0.0,35,112434,买盘
13:36:01,32.13,0.0,101,324413,买盘
13:36:04,32.12,-0.01,51,163821,卖盘
13:36:07,32.13,0.01,64,205601,买盘
13:36:10,32.13,0.0,232,745411,买盘
13:36:13,32.12,-0.01,41,131693,卖盘
13:36:16,32.12,0.0,27,86724,卖盘
13:36:19,32.12,0.0,33,106002,卖盘
13:36:22,32.12,0.0,58,186297,卖盘
13:36:24,32.12,0.0,31,99572,卖盘
13:36:26,32.12,0.0,22,70671,卖盘
13:36:31,32.12,0.0,81,260247,卖盘
13:36:34,32.13,0.01,39,125269,买盘
13:36:37,32.13,0.0,32,102790,买盘
13:36:40,32.12,-0.01,21,67452,卖盘
13:36:43,32.12,0.0,42,134904,卖盘
13:36:46,32.12,0.0,15,48181,卖盘
13:36:48,32.12,0.0,60,192766,卖盘
13:36:51,32.12,0.0,31,99572,卖盘
13:36:55,32.12,0.0,64,205538,卖盘
13:36:58,32.12,0.0,8,25702,卖盘
13:37:01,32.12,0.0,310,995720,卖盘
13:37:04,32.12,0.0,53,170237,卖盘
13:37:07,32.12,0.0,24,77090,卖盘
13:37:10,32.12,0.0,334,1073053,卖盘
13:37:12,32.12,0.0,111,356590,卖盘
13:37:16,32.11,-0.01,110,353303,卖盘
13:37:19,32.11,0.0,101,324324,卖盘
13:37:22,32.12,0.01,168,539584,买盘
13:37:24,32.12,0.0,84,269808,卖盘
13:37:28,32.1,-0.02,113,362908,卖盘
13:37:31,32.12,0.02,9,28908,中性盘
13:37:33,32.12,0.0,43,138039,买盘
13:37:37,32.12,0.0,45,144518,买盘
13:37:40,32.1,-0.02,23,73842,卖盘
13:37:43,32.1,0.0,43,138031,卖盘
13:37:46,32.1,0.0,91,292224,卖盘
