time,price,change,volume,amount,type
09:25:04,31.5,-0.01,1291,4066650,卖盘
09:30:02,31.45,-0.05,758,2384730,卖盘
09:30:05,31.5,0.05,380,1195996,买盘
09:30:08,31.46,-0.04,141,444019,卖盘
09:30:10,31.53,0.07,117,368491,买盘
09:30:14,31.53,0.0,115,362301,买盘
09:30:17,31.53,0.0,94,296596,买盘
09:30:20,31.59,0.06,79,249476,买盘
09:30:22,31.59,0.0,13,41035,买盘
09:30:26,31.59,0.0,81,255863,买盘
09:30:28,31.54,-0.05,22,69415,卖盘
09:30:32,31.59,0.05,5,15795,买盘
09:30:35,31.59,0.0,87,274822,买盘
09:30:38,31.58,-0.01,35,110489,中性盘
09:30:41,31.59,0.01,5,15795,买盘
09:30:44,31.59,0.0,44,138989,买盘
09:30:47,31.59,0.0,53,167387,买盘
09:30:49,31.57,-0.02,95,300081,卖盘
09:30:53,31.6,0.03,79,249540,买盘
09:30:56,31.62,0.02,167,527715,买盘
09:30:59,31.62,0.0,14,44242,买盘
09:31:02,31.62,0.0,567,1790724,买盘
09:31:05,31.65,0.03,249,787332,买盘
09:31:08,31.63,-0.02,161,509720,卖盘
09:31:11,31.67,0.04,48,151916,买盘
09:31:13,31.68,0.01,102,322952,买盘
09:31:17,31.69,0.01,220,697132,买盘
09:31:20,31.69,0.0,149,472228,卖盘
09:31:23,31.71,0.02,121,383562,买盘
09:31:26,31.72,0.01,215,681804,买盘
09:31:29,31.71,-0.01,117,371084,卖盘
09:31:32,31.72,0.01,86,272786,买盘
09:31:35,31.71,-0.01,540,1712146,卖盘
09:31:38,31.64,-0.07,36,114191,卖盘
09:31:40,31.69,0.05,67,212345,买盘
09:31:43,31.71,0.02,104,329713,中性盘
09:31:47,31.71,0.0,142,450450,卖盘
09:31:50,31.73,0.02,143,453700,买盘
09:31:53,31.73,0.0,136,431521,买盘
09:31:55,31.73,0.0,203,643859,卖盘
09:31:59,31.71,-0.02,211,669615,中性盘
09:32:02,31.69,-0.02,63,199682,中性盘
09:32:04,31.72,0.03,131,415530,买盘
09:32:08,31.7,-0.02,90,285410,卖盘
09:32:10,31.68,-0.02,168,532474,卖盘
09:32:14,31.65,-0.03,295,934292,卖盘
09:32:17,31.66,0.01,261,826808,买盘
09:32:19,31.62,-0.04,65,205614,卖盘
09:32:23,31.62,0.0,114,360938,卖盘
09:32:25,31.65,0.03,134,423942,买盘
09:32:28,31.66,0.01,79,249819,买盘
09:32:32,31.62,-0.04,82,259458,中性盘
09:32:35,31.64,0.02,39,123364,买盘
09:32:38,31.65,0.01,36,113940,买盘
09:32:41,31.63,-0.02,84,265826,卖盘
09:32:44,31.62,-0.01,117,370070,卖盘
09:32:47,31.66,0.04,151,477825,买盘
09:32:49,31.69,0.03,162,513188,买盘
09:32:53,31.72,0.03,641,2032428,买盘
09:32:56,31.69,-0.03,601,1906015,卖盘
09:32:59,31.75,0.06,403,1277955,买盘
09:33:01,31.73,-0.02,141,447320,中性盘
09:33:05,31.79,0.06,487,1544523,买盘
09:33:06,31.72,-0.07,267,846424,中性盘
09:33:11,31.79,0.07,496,1574124,买盘
09:33:14,31.79,0.0,228,724401,买盘
09:33:16,31.76,-0.03,213,676796,中性盘
09:33:19,31.75,-0.01,116,368104,中性盘
09:33:23,31.76,0.01,45,142869,买盘
09:33:25,31.73,-0.03,43,136462,卖盘
09:33:29,31.75,0.02,39,123792,买盘
09:33:32,31.73,-0.02,82,260268,卖盘
09:33:34,31.69,-0.04,48,152202,卖盘
09:33:38,31.68,-0.01,44,139407,卖盘
09:33:41,31.69,0.01,43,136267,买盘
09:33:44,31.69,0.0,87,275690,买盘
09:33:47,31.69,0.0,69,218745,买盘
09:33:49,31.69,0.0,37,117262,卖盘
09:33:52,31.65,-0.04,422,1336731,卖盘
09:33:55,31.65,0.0,121,382965,买盘
09:33:59,31.62,-0.03,82,259338,卖盘
09:34:02,31.6,-0.02,189,597456,卖盘
09:34:05,31.61,0.01,137,433063,买盘
09:34:08,31.62,0.01,72,227600,买盘
09:34:11,31.6,-0.02,48,151735,卖盘
09:34:14,31.6,0.0,11,34760,买盘
09:34:17,31.64,0.04,278,878693,买盘
09:34:20,31.66,0.02,128,405122,买盘
09:34:23,31.63,-0.03,208,657805,卖盘
09:34:26,31.62,-0.01,50,158087,中性盘
09:34:29,31.63,0.01,53,167621,买盘
09:34:32,31.62,-0.01,90,284563,买盘
09:34:34,31.63,0.01,52,164451,买盘
09:34:37,31.62,-0.01,130,411029,中性盘
09:34:41,31.63,0.01,92,290961,买盘
09:34:44,31.65,0.02,77,243588,买盘
09:34:47,31.69,0.04,38,120326,买盘
09:34:50,31.68,-0.01,15,47499,卖盘
09:34:53,31.67,-0.01,34,107676,买盘
09:34:56,31.65,-0.02,192,607958,卖盘
09:34:59,31.65,0.0,25,79125,买盘
09:35:02,31.69,0.04,423,1338775,买盘
09:35:05,31.69,0.0,60,190038,买盘
09:35:06,31.67,-0.02,46,145656,卖盘
09:35:11,31.69,0.02,64,202742,买盘
09:35:14,31.68,-0.01,36,114046,中性盘
09:35:17,31.69,0.01,92,291579,买盘
09:35:20,31.69,0.0,28,88700,卖盘
09:35:23,31.69,0.0,58,183792,买盘
09:35:25,31.69,0.0,61,193309,卖盘
09:35:29,31.68,-0.01,85,269413,卖盘
09:35:30,31.67,-0.01,41,129892,卖盘
09:35:35,31.68,0.01,36,114067,买盘
09:35:37,31.68,0.0,14,44352,卖盘
09:35:41,31.68,0.0,24,76032,买盘
09:35:44,31.68,0.0,28,88704,买盘
09:35:47,31.67,-0.01,80,253361,卖盘
09:35:50,31.68,0.01,75,237586,买盘
09:35:53,31.67,-0.01,77,243910,买盘
09:35:56,31.66,-0.01,45,142483,卖盘
09:35:59,31.66,0.0,210,664710,买盘
09:36:01,31.63,-0.03,158,500024,卖盘
09:36:05,31.62,-0.01,98,310117,卖盘
09:36:08,31.63,0.01,6,18982,卖盘
09:36:11,31.62,-0.01,15,47434,卖盘
09:36:14,31.62,0.0,20,63232,买盘
09:36:17,31.6,-0.02,34,107477,卖盘
09:36:20,31.62,0.02,11,34782,买盘
09:36:23,31.62,0.0,133,420317,买盘
09:36:26,31.6,-0.02,137,432929,卖盘
09:36:29,31.59,-0.01,47,148493,卖盘
09:36:32,31.6,0.01,37,116919,买盘
09:36:35,31.59,-0.01,17,53707,卖盘
09:36:37,31.59,0.0,27,85308,中性盘
09:36:41,31.58,-0.01,26,82112,卖盘
09:36:44,31.58,0.0,26,82078,买盘
09:36:47,31.57,-0.01,15,47355,买盘
09:36:53,31.56,-0.01,127,400826,卖盘
09:36:56,31.54,-0.02,138,435375,卖盘
09:36:58,31.54,0.0,44,138802,卖盘
09:37:02,31.53,-0.01,51,160814,卖盘
09:37:04,31.52,-0.01,175,551864,卖盘
09:37:08,31.54,0.02,68,214381,买盘
09:37:11,31.52,-0.02,159,501024,卖盘
09:37:14,31.5,-0.02,463,1458498,卖盘
09:37:17,31.48,-0.02,74,232994,卖盘
09:37:20,31.46,-0.02,109,342926,卖盘
09:37:23,31.47,0.01,149,468674,中性盘
09:37:26,31.43,-0.04,147,462490,卖盘
09:37:29,31.45,0.02,54,169777,中性盘
09:37:32,31.46,0.01,92,289451,买盘
09:37:35,31.46,0.0,90,283172,卖盘
09:37:38,31.46,0.0,10,31459,买盘
09:37:41,31.47,0.01,53,166794,卖盘
09:37:44,31.51,0.04,476,1496986,买盘
09:37:47,31.47,-0.04,102,321200,中性盘
09:37:50,31.52,0.05,50,157511,买盘
09:37:53,31.5,-0.02,136,428583,中性盘
09:37:56,31.51,0.01,108,340198,买盘
09:37:59,31.57,0.06,91,286647,买盘
09:38:01,31.49,-0.08,45,141718,卖盘
09:38:05,31.57,0.08,77,243204,买盘
09:38:06,31.57,0.0,23,72615,卖盘
09:38:11,31.59,0.02,80,252718,买盘
09:38:14,31.58,-0.01,36,113719,卖盘
09:38:16,31.57,-0.01,98,309510,卖盘
09:38:20,31.57,0.0,71,224117,卖盘
09:38:22,31.52,-0.05,31,97852,中性盘
09:38:26,31.57,0.05,55,173522,买盘
09:38:29,31.56,-0.01,23,72589,买盘
09:38:32,31.51,-0.05,11,34681,卖盘
09:38:35,31.56,0.05,7,22082,买盘
09:38:38,31.54,-0.02,24,75696,买盘
09:38:41,31.54,0.0,3,9461,买盘
09:38:43,31.53,-0.01,3,9461,卖盘
09:38:47,31.54,0.01,7,22077,买盘
09:38:50,31.53,-0.01,3,9459,卖盘
09:38:53,31.53,0.0,15,47295,卖盘
09:38:55,31.52,-0.01,57,179690,卖盘
09:38:59,31.52,0.0,159,501168,买盘
09:39:02,31.52,0.0,21,66176,买盘
09:39:04,31.51,-0.01,92,289982,卖盘
09:39:08,31.52,0.01,24,75638,买盘
09:39:11,31.51,-0.01,55,173320,卖盘
09:39:14,31.52,0.01,34,107160,买盘
09:39:17,31.52,0.0,7,22064,买盘
09:39:20,31.51,-0.01,66,207986,卖盘
09:39:23,31.52,0.01,66,208004,买盘
09:39:28,31.5,-0.02,241,758836,卖盘
09:39:32,31.5,0.0,11,34650,买盘
09:39:35,31.5,0.0,7,22050,买盘
09:39:38,31.5,0.0,91,286700,卖盘
09:39:41,31.5,0.0,584,1836706,卖盘
09:39:44,31.47,-0.03,14,44072,卖盘
09:39:47,31.48,0.01,39,122748,买盘
09:39:49,31.48,0.0,1,3148,卖盘
09:39:53,31.49,0.01,7,22043,买盘
09:39:56,31.48,-0.01,10,31481,卖盘
09:39:59,31.49,0.01,73,229736,买盘
09:40:02,31.48,-0.01,32,100733,卖盘
09:40:05,31.48,0.0,66,207771,买盘
09:40:08,31.43,-0.05,341,1072182,卖盘
09:40:11,31.47,0.04,12,37764,中性盘
09:40:13,31.46,-0.01,34,106965,卖盘
09:40:17,31.45,-0.01,9,28310,卖盘
09:40:20,31.45,0.0,19,59758,卖盘
09:40:23,31.46,0.01,142,446628,买盘
09:40:26,31.4,-0.06,1031,3238900,卖盘
09:40:28,31.4,0.0,25,78500,买盘
09:40:32,31.39,-0.01,136,427035,卖盘
09:40:34,31.45,0.06,166,521395,买盘
09:40:38,31.42,-0.03,55,172972,中性盘
09:40:41,31.47,0.05,87,273536,买盘
09:40:44,31.47,0.0,516,1621254,买盘
09:40:46,31.47,0.0,40,125842,买盘
09:40:50,31.47,0.0,72,226579,买盘
09:40:53,31.37,-0.1,304,955125,卖盘
09:40:55,31.39,0.02,3,9425,中性盘
09:40:59,31.37,-0.02,678,2125953,卖盘
09:41:02,31.38,0.01,120,376604,中性盘
09:41:05,31.39,0.01,426,1337209,买盘
09:41:08,31.49,0.1,129,405546,买盘
09:41:11,31.49,0.0,705,2215201,买盘
09:41:14,31.56,0.07,262,826107,买盘
09:41:17,31.54,-0.02,126,397087,买盘
09:41:20,31.43,-0.11,228,716656,卖盘
09:41:23,31.46,0.03,4,12584,买盘
09:41:26,31.45,-0.01,117,368353,卖盘
09:41:29,31.47,0.02,4,12583,买盘
09:41:32,31.51,0.04,522,1639965,买盘
09:41:35,31.4,-0.11,1062,3334869,卖盘
09:41:38,31.51,0.11,370,1161860,买盘
09:41:41,31.46,-0.05,5,15730,买盘
09:41:44,31.47,0.01,556,1746662,买盘
09:41:46,31.44,-0.03,16,50316,卖盘
09:41:50,31.45,0.01,129,405650,买盘
09:41:53,31.45,0.0,78,245297,买盘
09:41:56,31.45,0.0,115,361675,买盘
09:41:59,31.45,0.0,13,40885,买盘
09:42:02,31.45,0.0,102,320785,买盘
09:42:04,31.38,-0.07,523,1642101,卖盘
09:42:08,31.45,0.07,69,216923,买盘
09:42:10,31.42,-0.03,58,182377,卖盘
09:42:14,31.45,0.03,35,110067,买盘
09:42:17,31.4,-0.05,146,458620,卖盘
09:42:20,31.43,0.03,70,219929,中性盘
09:42:23,31.38,-0.05,194,609080,卖盘
09:42:26,31.38,0.0,329,1032427,卖盘
09:42:29,31.4,0.02,84,263671,买盘
09:42:32,31.41,0.01,2,6282,卖盘
09:42:35,31.42,0.01,405,1271067,买盘
09:42:37,31.41,-0.01,176,552468,中性盘
09:42:41,31.4,-0.01,80,251155,中性盘
09:42:44,31.4,0.0,33,103676,中性盘
09:42:47,31.4,0.0,27,84780,买盘
09:42:50,31.4,0.0,14,43953,买盘
09:42:53,31.39,-0.01,416,1304913,卖盘
09:42:55,31.4,0.01,38,119316,买盘
09:42:59,31.44,0.04,53,166494,买盘
09:43:02,31.42,-0.02,313,982680,卖盘
09:43:05,31.45,0.03,60,188574,买盘
09:43:08,31.43,-0.02,13,40859,卖盘
09:43:11,31.46,0.03,158,496990,买盘
09:43:14,31.45,-0.01,60,188672,中性盘
09:43:17,31.48,0.03,143,449953,买盘
09:43:20,31.48,0.0,190,597920,买盘
09:43:22,31.5,0.02,41,129116,买盘
09:43:26,31.49,-0.01,3,9447,卖盘
09:43:29,31.49,0.0,170,534749,买盘
09:43:31,31.47,-0.02,22,69266,卖盘
09:43:35,31.46,-0.01,58,182477,卖盘
09:43:38,31.47,0.01,27,84951,买盘
09:43:41,31.47,0.0,8,25171,中性盘
09:43:44,31.46,-0.01,5,15730,卖盘
09:43:47,31.45,-0.01,111,348877,卖盘
09:43:49,31.46,0.01,6,18872,买盘
09:43:53,31.46,0.0,2,6292,买盘
09:43:56,31.44,-0.02,314,986085,卖盘
09:43:59,31.44,0.0,6,18864,买盘
09:44:02,31.43,-0.01,85,267344,中性盘
09:44:05,31.48,0.05,232,729178,买盘
09:44:08,31.45,-0.03,53,166636,中性盘
09:44:11,31.44,-0.01,5,15722,中性盘
09:44:14,31.43,-0.01,29,91148,卖盘
09:44:16,31.44,0.01,50,157132,买盘
09:44:20,31.44,0.0,75,235797,买盘
09:44:23,31.44,0.0,205,643567,买盘
09:44:26,31.44,0.0,48,150845,买盘
09:44:29,31.43,-0.01,38,119435,卖盘
09:44:32,31.43,0.0,218,684187,买盘
09:44:34,31.43,0.0,8,25116,买盘
09:44:38,31.43,0.0,1,3143,买盘
09:44:41,31.42,-0.01,218,684240,卖盘
09:44:44,31.42,0.0,7,21995,买盘
09:44:47,31.42,0.0,14,43975,买盘
09:44:50,31.42,0.0,5,15707,买盘
09:44:53,31.42,0.0,2,6284,买盘
09:44:56,31.45,0.03,200,628871,买盘
09:44:58,31.48,0.03,116,364847,买盘
09:45:02,31.48,0.0,46,144679,买盘
09:45:05,31.48,0.0,87,273866,买盘
09:45:08,31.48,0.0,209,657423,买盘
09:45:11,31.48,0.0,7,22036,买盘
09:45:13,31.46,-0.02,37,116440,卖盘
09:45:17,31.46,0.0,236,742078,买盘
09:45:20,31.45,-0.01,28,88064,卖盘
09:45:23,31.45,0.0,25,78625,买盘
09:45:26,31.45,0.0,2,6290,买盘
09:45:29,31.4,-0.05,121,379999,卖盘
09:45:32,31.43,0.03,8,25144,买盘
09:45:35,31.44,0.01,180,565831,买盘
09:45:37,31.44,0.0,5,15720,卖盘
09:45:41,31.44,0.0,18,56592,卖盘
09:45:44,31.44,0.0,42,132050,卖盘
09:45:47,31.44,0.0,130,408240,买盘
09:45:50,31.45,0.01,153,481095,买盘
09:45:53,31.4,-0.05,223,700338,卖盘
09:45:56,31.41,0.01,34,106761,中性盘
09:45:58,31.41,0.0,7,21987,买盘
09:46:01,31.4,-0.01,95,298329,卖盘
09:46:04,31.4,0.0,135,423900,买盘
09:46:07,31.41,0.01,142,445886,买盘
09:46:11,31.4,-0.01,31,97340,卖盘
09:46:14,31.4,0.0,100,314006,卖盘
09:46:17,31.4,0.0,7,21977,买盘
09:46:20,31.38,-0.02,529,1660342,卖盘
09:46:23,31.37,-0.01,94,294899,卖盘
09:46:25,31.37,0.0,58,181896,买盘
09:46:28,31.36,-0.01,235,736823,卖盘
09:46:32,31.36,0.0,121,379292,买盘
09:46:35,31.35,-0.01,213,667649,中性盘
09:46:38,31.33,-0.02,294,921148,卖盘
09:46:41,31.32,-0.01,22,68915,卖盘
09:46:44,31.33,0.01,15,46995,买盘
09:46:47,31.3,-0.03,1657,5188001,卖盘
09:46:50,31.31,0.01,666,2084647,买盘
09:46:52,31.3,-0.01,708,2216249,卖盘
09:46:56,31.3,0.0,143,447579,买盘
09:46:59,31.3,0.0,101,316130,买盘
09:47:02,31.3,0.0,41,128322,买盘
09:47:05,31.31,0.01,228,713628,买盘
09:47:08,31.32,0.01,82,256671,买盘
09:47:11,31.33,0.01,366,1146379,买盘
09:47:14,31.32,-0.01,58,181649,中性盘
09:47:17,31.33,0.01,81,253692,买盘
09:47:19,31.32,-0.01,13,40719,中性盘
09:47:22,31.31,-0.01,350,1095694,卖盘
09:47:26,31.32,0.01,268,839489,买盘
09:47:29,31.31,-0.01,22,70741,卖盘
09:47:32,31.32,0.01,24,75153,买盘
09:47:35,31.31,-0.01,176,551077,卖盘
09:47:38,31.3,-0.01,121,378801,卖盘
09:47:40,31.31,0.01,105,328705,中性盘
09:47:44,31.31,0.0,143,447731,买盘
09:47:46,31.31,0.0,105,328698,买盘
09:47:50,31.33,0.02,221,692049,买盘
09:47:53,31.32,-0.01,108,338219,买盘
09:47:56,31.3,-0.02,126,394509,卖盘
09:47:59,31.32,0.02,115,359872,买盘
09:48:02,31.3,-0.02,88,275471,卖盘
09:48:05,31.3,0.0,155,485171,买盘
09:48:08,31.31,0.01,28,87659,买盘
09:48:11,31.29,-0.02,330,1032632,卖盘
09:48:14,31.28,-0.01,607,1898410,卖盘
09:48:17,31.28,0.0,37,115734,买盘
09:48:20,31.27,-0.01,546,1706593,中性盘
09:48:23,31.28,0.01,518,1618853,买盘
09:48:25,31.28,0.0,47,146998,买盘
09:48:29,31.28,0.0,35,109456,买盘
09:48:32,31.27,-0.01,38,118844,卖盘
09:48:34,31.28,0.01,57,178263,买盘
09:48:38,31.28,0.0,340,1063279,买盘
09:48:41,31.27,-0.01,181,566008,卖盘
09:48:44,31.27,0.0,85,265747,买盘
09:48:47,31.26,-0.01,79,246899,中性盘
09:48:50,31.26,0.0,11,34385,买盘
09:48:53,31.25,-0.01,111,346850,卖盘
09:48:56,31.25,0.0,67,209361,买盘
09:48:59,31.26,0.01,381,1190304,买盘
09:49:02,31.25,-0.01,180,562605,中性盘
09:49:05,31.26,0.01,165,515770,买盘
09:49:08,31.26,0.0,73,228201,卖盘
09:49:11,31.27,0.01,52,162578,买盘
09:49:14,31.26,-0.01,481,1504047,卖盘
09:49:17,31.28,0.02,217,678545,买盘
09:49:20,31.27,-0.01,650,2033023,卖盘
09:49:23,31.28,0.01,43,134505,中性盘
09:49:25,31.3,0.02,145,453753,买盘
09:49:29,31.33,0.03,153,479046,买盘
09:49:32,31.34,0.01,269,842490,买盘
09:49:35,31.34,0.0,214,670348,买盘
09:49:38,31.34,0.0,221,692236,买盘
09:49:41,31.36,0.02,372,1166181,买盘
09:49:44,31.37,0.01,406,1273253,买盘
09:49:47,31.38,0.01,327,1025881,买盘
09:49:50,31.38,0.0,367,1151108,买盘
09:49:52,31.38,0.0,251,787591,买盘
09:49:56,31.38,0.0,293,919361,买盘
09:49:59,31.38,0.0,221,693481,买盘
09:50:03,31.38,0.0,350,1098111,买盘
09:50:05,31.37,-0.01,105,329385,中性盘
09:50:07,31.36,-0.01,143,448409,卖盘
09:50:11,31.35,-0.01,61,191217,买盘
09:50:14,31.34,-0.01,42,131618,中性盘
09:50:18,31.35,0.01,113,354142,买盘
09:50:20,31.32,-0.03,55,172338,卖盘
09:50:23,31.32,0.0,2,6264,卖盘
09:50:26,31.32,0.0,9,28183,买盘
09:50:29,31.32,0.0,133,416532,买盘
09:50:32,31.32,0.0,111,347646,买盘
09:50:35,31.33,0.01,347,1086889,买盘
09:50:38,31.34,0.01,282,883702,买盘
09:50:41,31.34,0.0,153,479493,买盘
09:50:44,31.35,0.01,278,871186,买盘
09:50:47,31.31,-0.04,854,2674553,卖盘
09:50:50,31.35,0.04,165,516963,买盘
09:50:53,31.36,0.01,209,655222,买盘
09:50:56,31.34,-0.02,234,733688,卖盘
09:50:59,31.36,0.02,99,310464,买盘
09:51:03,31.37,0.01,589,1847497,买盘
09:51:05,31.38,0.01,120,375989,买盘
09:51:08,31.37,-0.01,97,304720,卖盘
09:51:11,31.37,0.0,8,25095,买盘
09:51:14,31.36,-0.01,85,266665,卖盘
09:51:18,31.38,0.02,35,109829,买盘
09:51:20,31.37,-0.01,38,119211,卖盘
09:51:23,31.38,0.01,3,9414,买盘
09:51:26,31.38,0.0,14,43931,买盘
09:51:29,31.36,-0.02,263,824953,卖盘
09:51:33,31.36,0.0,49,153662,中性盘
09:51:35,31.36,0.0,52,163072,买盘
09:51:38,31.35,-0.01,104,326095,卖盘
09:51:41,31.35,0.0,107,335690,卖盘
09:51:48,31.36,0.01,28,87808,卖盘
09:51:53,31.36,0.0,40,125488,卖盘
09:51:56,31.38,0.02,25,78440,买盘
09:51:59,31.36,-0.02,10,31360,卖盘
09:52:02,31.37,0.01,29,90961,卖盘
09:52:05,31.36,-0.01,81,254173,卖盘
09:52:08,31.36,0.0,40,125440,卖盘
09:52:11,31.36,0.0,8,25086,买盘
09:52:14,31.36,0.0,110,344939,买盘
09:52:18,31.36,0.0,20,62712,买盘
09:52:20,31.36,0.0,29,90944,卖盘
09:52:23,31.36,0.0,88,275949,买盘
09:52:26,31.37,0.01,30,94088,买盘
09:52:29,31.37,0.0,80,250882,买盘
09:52:33,31.36,-0.01,26,81541,中性盘
09:52:35,31.35,-0.01,87,272780,卖盘
09:52:38,31.35,0.0,37,115995,买盘
09:52:41,31.35,0.0,98,307239,买盘
09:52:44,31.34,-0.01,113,354238,卖盘
09:52:47,31.33,-0.01,167,523282,中性盘
09:52:50,31.38,0.05,47,147430,买盘
09:52:53,31.38,0.0,36,112544,买盘
09:52:56,31.35,-0.03,109,341828,卖盘
09:52:59,31.37,0.02,34,106683,买盘
09:53:03,31.36,-0.01,53,166339,卖盘
09:53:05,31.4,0.04,157,492733,买盘
09:53:08,31.37,-0.03,11,34522,卖盘
09:53:11,31.37,0.0,17,53332,卖盘
09:53:14,31.4,0.03,51,160135,买盘
09:53:17,31.39,-0.01,22,69076,卖盘
09:53:20,31.41,0.02,39,122488,中性盘
09:53:23,31.42,0.01,10,31411,买盘
09:53:26,31.41,-0.01,24,75370,买盘
09:53:29,31.4,-0.01,3,9420,卖盘
09:53:32,31.4,0.0,21,65940,卖盘
09:53:38,31.4,0.0,22,69086,卖盘
09:53:41,31.41,0.01,29,91081,买盘
09:53:44,31.4,-0.01,168,527521,卖盘
09:53:48,31.4,0.0,1,3140,买盘
09:53:50,31.4,0.0,19,59660,买盘
09:53:53,31.39,-0.01,34,106754,卖盘
09:53:56,31.4,0.01,44,138165,买盘
09:53:59,31.4,0.0,6,18845,卖盘
09:54:03,31.4,0.0,23,72227,卖盘
09:54:05,31.41,0.01,41,128778,买盘
09:54:08,31.41,0.0,72,226158,卖盘
09:54:11,31.4,-0.01,61,191526,卖盘
09:54:14,31.4,0.0,13,40813,买盘
09:54:18,31.36,-0.04,121,379682,卖盘
09:54:20,31.35,-0.01,61,191259,卖盘
09:54:23,31.4,0.05,357,1119712,买盘
09:54:26,31.4,0.0,84,263736,买盘
09:54:29,31.39,-0.01,38,119232,中性盘
09:54:33,31.38,-0.01,60,188269,中性盘
09:54:36,31.38,0.0,20,62760,买盘
09:54:38,31.39,0.01,75,235373,买盘
09:54:41,31.34,-0.05,202,633392,卖盘
09:54:44,31.39,0.05,116,363836,买盘
09:54:47,31.31,-0.08,361,1131332,卖盘
09:54:50,31.34,0.03,163,510770,中性盘
09:54:53,31.34,0.0,651,2039099,买盘
09:54:56,31.39,0.05,33,103582,中性盘
09:54:59,31.39,0.0,54,169458,买盘
09:55:03,31.38,-0.01,145,454846,中性盘
09:55:05,31.38,0.0,83,260534,卖盘
09:55:08,31.39,0.01,72,225927,买盘
09:55:12,31.39,0.0,209,655847,买盘
09:55:14,31.39,0.0,135,423672,买盘
09:55:18,31.38,-0.01,9,28242,卖盘
09:55:21,31.39,0.01,376,1180108,买盘
09:55:23,31.4,0.01,156,489840,买盘
09:55:26,31.43,0.03,155,486802,买盘
09:55:29,31.39,-0.04,214,672000,卖盘
09:55:32,31.44,0.05,385,1209376,买盘
09:55:36,31.41,-0.03,134,420872,卖盘
09:55:38,31.41,0.0,339,1064564,卖盘
09:55:41,31.41,0.0,27,84805,买盘
09:55:44,31.42,0.01,124,389542,买盘
09:55:48,31.4,-0.02,502,1576403,卖盘
09:55:50,31.44,0.04,133,418027,买盘
09:55:53,31.44,0.0,269,845536,买盘
09:55:56,31.42,-0.02,376,1181658,卖盘
09:55:59,31.43,0.01,91,286011,买盘
09:56:03,31.44,0.01,81,254595,买盘
09:56:05,31.46,0.02,120,377337,买盘
09:56:08,31.43,-0.03,255,801684,卖盘
09:56:12,31.44,0.01,356,1118504,中性盘
09:56:14,31.43,-0.01,20,62860,买盘
09:56:17,31.43,0.0,48,150855,买盘
09:56:20,31.43,0.0,159,499466,卖盘
09:56:23,31.43,0.0,38,119446,卖盘
09:56:26,31.48,0.05,50,157313,买盘
09:56:29,31.43,-0.05,24,75432,买盘
09:56:33,31.41,-0.02,159,499526,卖盘
09:56:36,31.41,0.0,75,235575,买盘
09:56:38,31.41,0.0,39,122495,卖盘
09:56:41,31.4,-0.01,87,273277,卖盘
09:56:44,31.41,0.01,63,197833,买盘
09:56:47,31.41,0.0,57,179073,卖盘
09:56:50,31.41,0.0,60,188457,买盘
09:56:53,31.41,0.0,65,204153,买盘
09:56:56,31.41,0.0,55,172708,买盘
09:56:59,31.4,-0.01,39,122483,卖盘
09:57:03,31.41,0.01,85,266894,买盘
09:57:05,31.4,-0.01,93,292024,卖盘
09:57:08,31.39,-0.01,165,518181,卖盘
09:57:12,31.39,0.0,56,175793,卖盘
09:57:14,31.4,0.01,69,216586,买盘
09:57:17,31.36,-0.04,342,1073432,卖盘
09:57:20,31.36,0.0,70,219522,卖盘
09:57:23,31.38,0.02,129,404763,买盘
09:57:26,31.36,-0.02,42,131717,卖盘
09:57:29,31.36,0.0,98,307422,卖盘
09:57:33,31.39,0.03,208,652549,买盘
09:57:36,31.36,-0.03,55,172548,卖盘
09:57:39,31.39,0.03,15,47090,卖盘
09:57:41,31.39,0.0,42,130205,卖盘
09:57:44,31.4,0.01,35,109874,买盘
09:57:48,31.4,0.0,38,119282,买盘
09:57:50,31.36,-0.04,8,25097,卖盘
09:57:53,31.39,0.03,92,288721,买盘
09:57:56,31.36,-0.03,43,135425,卖盘
09:58:00,31.33,-0.03,60,188150,卖盘
09:58:03,31.4,0.07,156,489780,买盘
09:58:06,31.33,-0.07,56,175642,卖盘
09:58:08,31.33,0.0,23,73288,卖盘
09:58:11,31.4,0.07,39,122430,买盘
09:58:14,31.42,0.02,86,269110,买盘
09:58:18,31.4,-0.02,47,147638,卖盘
09:58:21,31.4,0.0,12,37680,卖盘
09:58:23,31.44,0.04,259,811643,买盘
09:58:27,31.35,-0.09,55,172769,卖盘
09:58:29,31.4,0.05,47,147421,买盘
09:58:33,31.35,-0.05,44,138134,卖盘
09:58:35,31.39,0.04,45,141479,卖盘
09:58:39,31.39,0.0,10,31395,卖盘
09:58:42,31.4,0.01,3,9420,卖盘
09:58:44,31.45,0.05,4,12570,买盘
09:58:48,31.4,-0.05,9,28261,卖盘
09:58:50,31.4,0.0,71,222942,卖盘
09:58:53,31.39,-0.01,27,84763,卖盘
09:58:56,31.39,0.0,23,72213,卖盘
09:59:03,31.4,0.01,112,351678,买盘
09:59:06,31.38,-0.02,29,91024,卖盘
09:59:08,31.36,-0.02,140,439077,卖盘
09:59:12,31.35,-0.01,61,191265,卖盘
09:59:15,31.35,0.0,224,702347,卖盘
09:59:18,31.35,0.0,138,432566,买盘
09:59:21,31.35,0.0,68,213180,卖盘
09:59:24,31.35,0.0,206,645512,卖盘
09:59:27,31.36,0.01,5,15678,买盘
09:59:29,31.36,0.0,32,100348,买盘
09:59:33,31.35,-0.01,97,304106,卖盘
09:59:35,31.36,0.01,38,119166,买盘
09:59:39,31.35,-0.01,2,6271,卖盘
09:59:42,31.37,0.02,5,15685,中性盘
09:59:44,31.36,-0.01,13,40782,卖盘
09:59:48,31.38,0.02,20,62760,中性盘
09:59:51,31.38,0.0,24,75294,买盘
09:59:54,31.37,-0.01,8,25105,中性盘
09:59:57,31.36,-0.01,93,291653,卖盘
09:59:59,31.36,0.0,15,47042,买盘
10:00:02,31.37,0.01,4,12548,买盘
10:00:06,31.37,0.0,6,18819,买盘
10:00:09,31.37,0.0,26,81552,买盘
10:00:14,31.37,0.0,130,407682,买盘
10:00:18,31.37,0.0,100,313700,买盘
10:00:21,31.38,0.01,53,166267,买盘
10:00:24,31.37,-0.01,32,100384,卖盘
10:00:27,31.38,0.01,17,53346,买盘
10:00:29,31.38,0.0,9,28238,买盘
10:00:33,31.38,0.0,38,119243,买盘
10:00:36,31.38,0.0,44,138072,中性盘
10:00:38,31.38,0.0,54,169452,买盘
10:00:41,31.37,-0.01,154,483098,卖盘
10:00:45,31.36,-0.01,198,621095,卖盘
10:00:47,31.35,-0.01,19,59568,卖盘
10:00:51,31.35,0.0,9,28221,卖盘
10:00:54,31.36,0.01,4,12544,买盘
10:01:00,31.36,0.0,16,50172,买盘
10:01:03,31.36,0.0,63,197564,买盘
10:01:05,31.36,0.0,58,181927,买盘
10:01:08,31.36,0.0,130,407682,卖盘
10:01:12,31.36,0.0,49,153664,卖盘
10:01:13,31.36,0.0,135,423192,卖盘
10:01:18,31.35,-0.01,40,125420,中性盘
10:01:21,31.34,-0.01,498,1560140,卖盘
10:01:23,31.3,-0.04,614,1922223,卖盘
10:01:27,31.3,0.0,44,138865,卖盘
10:01:30,31.3,0.0,13,40683,买盘
10:01:32,31.3,0.0,84,262875,买盘
10:01:36,31.3,0.0,136,425662,买盘
10:01:38,31.31,0.01,69,215999,卖盘
10:01:41,31.3,-0.01,6,18785,卖盘
10:01:45,31.3,0.0,64,200326,卖盘
10:01:47,31.3,0.0,12,37588,卖盘
10:01:51,31.31,0.01,11,34440,中性盘
10:01:53,31.3,-0.01,28,87672,卖盘
10:01:57,31.29,-0.01,314,982801,卖盘
10:02:00,31.29,0.0,9,28170,卖盘
10:02:02,31.29,0.0,64,200390,卖盘
10:02:05,31.34,0.05,57,178638,买盘
10:02:09,31.34,0.0,6,18804,卖盘
10:02:11,31.34,0.0,32,100289,卖盘
10:02:14,31.34,0.0,33,103432,卖盘
10:02:18,31.34,0.0,59,184843,买盘
10:02:20,31.33,-0.01,3,9399,卖盘
10:02:24,31.34,0.01,108,338472,买盘
10:02:26,31.34,0.0,3,9402,卖盘
10:02:32,31.34,0.0,26,81485,卖盘
10:02:36,31.34,0.0,51,159834,卖盘
10:02:39,31.33,-0.01,52,162945,卖盘
10:02:41,31.32,-0.01,48,150346,卖盘
10:02:44,31.31,-0.01,66,206694,卖盘
10:02:47,31.32,0.01,27,84557,买盘
10:02:50,31.31,-0.01,4,12524,卖盘
10:02:53,31.31,0.0,9,28184,卖盘
10:02:57,31.31,0.0,23,72025,卖盘
10:02:59,31.31,0.0,122,381982,卖盘
10:03:03,31.31,0.0,35,109596,卖盘
10:03:05,31.32,0.01,260,814234,买盘
10:03:09,31.32,0.0,21,65772,卖盘
10:03:12,31.33,0.01,138,432308,买盘
10:03:13,31.33,0.0,163,510682,买盘
10:03:17,31.34,0.01,55,172357,买盘
10:03:20,31.34,0.0,38,119092,卖盘
10:03:24,31.4,0.06,137,429919,买盘
10:03:27,31.4,0.0,111,348413,买盘
10:03:30,31.39,-0.01,53,166414,卖盘
10:03:33,31.39,0.0,131,411294,卖盘
10:03:36,31.39,0.0,27,84779,卖盘
10:03:38,31.44,0.05,170,533788,买盘
10:03:41,31.4,-0.04,3,9424,卖盘
10:03:47,31.4,0.0,32,100532,卖盘
10:03:51,31.43,0.03,141,442886,买盘
10:03:53,31.44,0.01,154,483503,买盘
10:03:57,31.43,-0.01,29,91141,买盘
10:04:00,31.43,0.0,8,25134,买盘
10:04:02,31.43,0.0,23,72289,买盘
10:04:05,31.43,0.0,149,468307,买盘
10:04:08,31.43,0.0,1,3143,买盘
10:04:11,31.42,-0.01,27,84834,卖盘
10:04:14,31.43,0.01,48,150932,中性盘
10:04:17,31.43,0.0,67,210609,卖盘
10:04:20,31.43,0.0,44,138306,卖盘
10:04:23,31.43,0.0,18,56551,买盘
10:04:27,31.43,0.0,21,66001,买盘
10:04:32,31.4,-0.03,11,34554,卖盘
10:04:35,31.43,0.03,81,254376,买盘
10:04:38,31.42,-0.01,5,15710,中性盘
10:04:42,31.43,0.01,32,100571,买盘
10:04:45,31.43,0.0,15,47140,买盘
10:04:47,31.42,-0.01,10,31429,卖盘
10:04:51,31.4,-0.02,47,147624,卖盘
10:04:53,31.39,-0.01,43,135037,卖盘
10:04:57,31.42,0.03,32,100539,买盘
10:04:59,31.43,0.01,34,106835,买盘
10:05:02,31.42,-0.01,47,147600,中性盘
10:05:05,31.43,0.01,120,377250,买盘
10:05:08,31.42,-0.01,22,69139,卖盘
10:05:11,31.4,-0.02,60,188510,卖盘
10:05:13,31.4,0.0,32,100480,买盘
10:05:17,31.4,0.0,61,191620,卖盘
10:05:20,31.42,0.02,66,207250,买盘
10:05:23,31.42,0.0,3,9422,买盘
10:05:26,31.4,-0.02,380,1193262,卖盘
10:05:29,31.39,-0.01,90,282521,卖盘
10:05:33,31.39,0.0,112,351625,卖盘
10:05:35,31.39,0.0,71,222869,买盘
10:05:38,31.39,0.0,25,78465,买盘
10:05:41,31.38,-0.01,20,62760,中性盘
10:05:44,31.38,0.0,39,122382,买盘
10:05:47,31.36,-0.02,39,122338,卖盘
10:05:51,31.35,-0.01,66,206911,卖盘
10:05:54,31.34,-0.01,101,316546,卖盘
10:05:56,31.35,0.01,3,9405,买盘
10:05:59,31.34,-0.01,73,228837,卖盘
10:06:03,31.34,0.0,76,238180,买盘
10:06:05,31.33,-0.01,185,579646,卖盘
10:06:07,31.32,-0.01,264,826657,卖盘
10:06:12,31.32,0.0,5,15660,买盘
10:06:15,31.33,0.01,968,3030425,买盘
10:06:17,31.32,-0.01,69,215940,中性盘
10:06:20,31.31,-0.01,71,222200,中性盘
10:06:24,31.31,0.0,168,525744,买盘
10:06:26,31.3,-0.01,37,115819,中性盘
10:06:30,31.31,0.01,11,34440,买盘
10:06:31,31.31,0.0,92,288057,买盘
10:06:35,31.31,0.0,10,31317,卖盘
10:06:39,31.32,0.01,40,125279,买盘
10:06:42,31.32,0.0,47,147202,买盘
10:06:44,31.32,0.0,7,21924,卖盘
10:06:47,31.33,0.01,851,2664038,买盘
10:06:50,31.3,-0.03,67,209816,卖盘
10:06:53,31.31,0.01,55,172301,买盘
10:06:56,31.3,-0.01,228,713871,卖盘
10:06:59,31.33,0.03,15,46995,买盘
10:07:02,31.33,0.0,100,313265,买盘
10:07:05,31.33,0.0,25,78319,卖盘
10:07:08,31.33,0.0,250,782736,买盘
10:07:11,31.33,0.0,63,197300,买盘
10:07:14,31.32,-0.01,9,28191,中性盘
10:07:16,31.32,0.0,10,31316,买盘
10:07:21,31.32,0.0,74,231714,买盘
10:07:23,31.33,0.01,198,620290,买盘
10:07:25,31.31,-0.02,215,673450,卖盘
10:07:29,31.34,0.03,69,216162,买盘
10:07:32,31.33,-0.01,3,9400,卖盘
10:07:35,31.33,0.0,54,169117,买盘
10:07:37,31.33,0.0,52,162912,买盘
10:07:41,31.33,0.0,4,12530,中性盘
10:07:44,31.33,0.0,7,21931,买盘
10:07:47,31.32,-0.01,22,68927,卖盘
10:07:50,31.35,0.03,167,523296,买盘
10:07:54,31.32,-0.03,28,87711,卖盘
10:07:57,31.33,0.01,11,34462,买盘
10:07:59,31.33,0.0,16,50128,买盘
10:08:02,31.33,0.0,43,134716,买盘
10:08:04,31.33,0.0,29,90863,卖盘
10:08:07,31.34,0.01,1,3134,中性盘
10:08:10,31.34,0.0,8,25078,中性盘
10:08:14,31.34,0.0,16,50159,卖盘
10:08:17,31.35,0.01,6,18810,买盘
10:08:20,31.33,-0.02,54,169238,卖盘
10:08:23,31.35,0.02,58,181811,买盘
10:08:26,31.33,-0.02,7,21937,卖盘
10:08:29,31.34,0.01,5,15670,买盘
10:08:32,31.34,0.0,44,137889,买盘
10:08:35,31.35,0.01,149,467027,买盘
10:08:38,31.33,-0.02,316,990157,卖盘
10:08:41,31.36,0.03,1,3136,买盘
10:08:44,31.35,-0.01,3,9405,卖盘
10:08:47,31.35,0.0,180,564118,卖盘
10:08:50,31.33,-0.02,74,231910,卖盘
10:08:53,31.32,-0.01,108,338306,卖盘
10:08:56,31.31,-0.01,222,695088,卖盘
10:08:59,31.31,0.0,74,231707,卖盘
10:09:01,31.31,0.0,76,237898,买盘
10:09:04,31.3,-0.01,79,247348,卖盘
10:09:08,31.3,0.0,3,9390,卖盘
10:09:11,31.31,0.01,5,15655,买盘
10:09:14,31.3,-0.01,418,1308549,卖盘
10:09:17,31.3,0.0,266,832580,卖盘
10:09:20,31.3,0.0,28,87637,买盘
10:09:23,31.3,0.0,62,194011,买盘
10:09:26,31.3,0.0,6,18780,买盘
10:09:29,31.29,-0.01,32,100148,卖盘
10:09:33,31.29,0.0,46,143935,卖盘
10:09:35,31.29,0.0,244,763440,卖盘
10:09:38,31.29,0.0,178,556808,买盘
10:09:41,31.29,0.0,24,75093,买盘
10:09:44,31.29,0.0,63,197095,买盘
10:09:47,31.29,0.0,49,153321,买盘
10:09:50,31.31,0.02,179,560246,买盘
10:09:53,31.31,0.0,81,253559,买盘
10:09:56,31.31,0.0,71,222251,买盘
10:09:59,31.31,0.0,149,466467,买盘
10:10:01,31.3,-0.01,312,976573,卖盘
10:10:05,31.3,0.0,372,1164359,买盘
10:10:08,31.3,0.0,49,153380,卖盘
10:10:11,31.31,0.01,2,6261,买盘
10:10:14,31.31,0.0,12,37569,买盘
10:10:16,31.31,0.0,17,53221,买盘
10:10:20,31.31,0.0,92,287995,买盘
10:10:23,31.31,0.0,87,272348,买盘
10:10:26,31.31,0.0,53,165894,买盘
10:10:29,31.31,0.0,37,115846,买盘
10:10:32,31.31,0.0,6,18786,买盘
10:10:35,31.3,-0.01,3,9390,卖盘
10:10:38,31.31,0.01,20,62620,买盘
10:10:41,31.32,0.01,36,112746,买盘
10:10:44,31.33,0.01,29,90842,买盘
10:10:47,31.32,-0.01,37,115936,卖盘
10:10:53,31.33,0.01,61,191059,买盘
10:10:55,31.32,-0.01,84,263162,卖盘
10:10:59,31.39,0.07,142,445175,买盘
10:11:02,31.34,-0.05,2,6272,中性盘
10:11:04,31.34,0.0,81,254153,卖盘
10:11:08,31.34,0.0,3,9402,卖盘
10:11:10,31.36,0.02,2,6272,中性盘
10:11:14,31.36,0.0,13,40768,卖盘
10:11:16,31.36,0.0,3,9410,卖盘
10:11:20,31.36,0.0,9,28229,卖盘
10:11:22,31.35,-0.01,46,144243,卖盘
10:11:26,31.37,0.02,1,3137,买盘
10:11:29,31.36,-0.01,30,94080,买盘
10:11:31,31.36,0.0,9,28218,买盘
10:11:35,31.34,-0.02,1,3134,卖盘
10:11:38,31.36,0.02,29,90933,买盘
10:11:41,31.34,-0.02,50,156705,卖盘
10:11:44,31.35,0.01,1,3135,买盘
10:11:46,31.35,0.0,12,37620,买盘
10:11:50,31.35,0.0,58,181855,买盘
10:11:53,31.34,-0.01,63,197449,卖盘
10:11:56,31.34,0.0,208,651922,卖盘
10:11:59,31.34,0.0,4,12538,中性盘
10:12:02,31.34,0.0,21,65819,买盘
10:12:05,31.35,0.01,30,94046,买盘
10:12:08,31.34,-0.01,124,388739,卖盘
10:12:11,31.34,0.0,48,150432,卖盘
10:12:13,31.34,0.0,11,34482,卖盘
10:12:17,31.33,-0.01,113,354056,卖盘
10:12:20,31.34,0.01,20,62680,买盘
10:12:22,31.35,0.01,81,253827,买盘
10:12:26,31.34,-0.01,12,37619,中性盘
10:12:29,31.35,0.01,5,15672,买盘
10:12:32,31.35,0.0,3,9403,买盘
10:12:37,31.34,-0.01,66,206844,卖盘
10:12:41,31.35,0.01,79,247610,买盘
10:12:44,31.34,-0.01,10,31340,中性盘
10:12:47,31.33,-0.01,9,28203,卖盘
10:12:50,31.34,0.01,8,25072,买盘
10:12:53,31.33,-0.01,107,335334,卖盘
10:12:55,31.34,0.01,14,43866,中性盘
10:12:58,31.34,0.0,95,297727,卖盘
10:13:02,31.33,-0.01,16,50138,卖盘
10:13:05,31.35,0.02,45,141031,买盘
10:13:08,31.35,0.0,2,6270,买盘
10:13:10,31.35,0.0,26,81510,买盘
10:13:14,31.35,0.0,20,62700,卖盘
10:13:20,31.35,0.0,4,12540,卖盘
10:13:23,31.35,0.0,78,244536,卖盘
10:13:26,31.35,0.0,26,81496,卖盘
10:13:28,31.35,0.0,11,34486,卖盘
10:13:32,31.35,0.0,4,12540,卖盘
10:13:37,31.36,0.01,10,31360,买盘
10:13:41,31.36,0.0,2,6272,买盘
10:13:44,31.35,-0.01,80,250800,卖盘
10:13:46,31.34,-0.01,78,244474,卖盘
10:13:50,31.33,-0.01,99,310185,卖盘
10:13:53,31.32,-0.01,86,269373,卖盘
10:13:56,31.3,-0.02,424,1327411,卖盘
10:13:58,31.3,0.0,93,291094,卖盘
10:14:02,31.3,0.0,86,269180,买盘
10:14:04,31.29,-0.01,9,28162,卖盘
10:14:08,31.29,0.0,11,34428,卖盘
10:14:10,31.3,0.01,3,9389,买盘
10:14:14,31.29,-0.01,113,353578,卖盘
10:14:17,31.27,-0.02,298,932287,卖盘
10:14:19,31.28,0.01,10,31280,买盘
10:14:22,31.27,-0.01,91,284558,卖盘
10:14:26,31.25,-0.02,3001,9379595,卖盘
10:14:28,31.25,0.0,69,215705,卖盘
10:14:31,31.24,-0.01,86,268725,卖盘
10:14:35,31.24,0.0,13,40614,卖盘
10:14:38,31.25,0.01,87,271866,买盘
10:14:41,31.25,0.0,160,499843,买盘
10:14:44,31.25,0.0,140,437459,买盘
10:14:47,31.24,-0.01,51,159352,卖盘
10:14:49,31.25,0.01,5,15622,中性盘
10:14:52,31.24,-0.01,194,606281,卖盘
10:14:56,31.25,0.01,32,99972,买盘
10:14:59,31.24,-0.01,100,312465,卖盘
10:15:01,31.25,0.01,145,453032,买盘
10:15:04,31.25,0.0,22,68750,卖盘
10:15:07,31.25,0.0,96,300005,卖盘
10:15:11,31.25,0.0,12,37506,卖盘
10:15:14,31.25,0.0,154,481254,卖盘
10:15:16,31.25,0.0,4,12500,买盘
10:15:19,31.25,0.0,105,328104,买盘
10:15:23,31.23,-0.02,551,1721010,卖盘
10:15:26,31.24,0.01,89,278069,买盘
10:15:29,31.24,0.0,51,159368,卖盘
10:15:32,31.25,0.01,53,165654,卖盘
10:15:38,31.26,0.01,1423,4442735,买盘
10:15:41,31.25,-0.01,16,49999,中性盘
10:15:43,31.25,0.0,92,287502,买盘
10:15:47,31.26,0.01,11,34376,买盘
10:15:50,31.26,0.0,29,90621,买盘
10:15:53,31.25,-0.01,10,31255,卖盘
10:15:56,31.25,0.0,155,484392,卖盘
10:15:59,31.25,0.0,18,56258,买盘
10:16:01,31.26,0.01,37,115662,买盘
10:16:08,31.27,0.01,17,53143,买盘
10:16:11,31.26,-0.01,1,3126,卖盘
10:16:14,31.27,0.01,16,50032,买盘
10:16:17,31.26,-0.01,77,240725,卖盘
10:16:20,31.27,0.01,20,62540,买盘
10:16:22,31.26,-0.01,88,275157,卖盘
10:16:26,31.26,0.0,57,178215,卖盘
10:16:29,31.27,0.01,33,103221,卖盘
10:16:32,31.27,0.0,3,9381,卖盘
10:16:35,31.27,0.0,24,75051,卖盘
10:16:37,31.27,0.0,13,40661,卖盘
10:16:41,31.28,0.01,41,128215,买盘
10:16:43,31.28,0.0,44,137630,买盘
10:16:47,31.28,0.0,20,62558,买盘
10:16:49,31.27,-0.01,7,21890,卖盘
10:16:53,31.28,0.01,45,140759,买盘
10:16:56,31.29,0.01,86,269045,买盘
10:16:59,31.29,0.0,7,21907,卖盘
10:17:01,31.29,0.0,22,68853,卖盘
10:17:05,31.31,0.02,57,178416,买盘
10:17:08,31.3,-0.01,61,190971,卖盘
10:17:11,31.32,0.02,37,115883,买盘
10:17:14,31.31,-0.01,4,12524,卖盘
10:17:17,31.31,0.0,3,9395,卖盘
10:17:20,31.32,0.01,97,303664,买盘
10:17:23,31.3,-0.02,63,197219,卖盘
10:17:26,31.3,0.0,17,53210,卖盘
10:17:29,31.3,0.0,2,6259,买盘
10:17:35,31.3,0.0,59,184662,买盘
10:17:37,31.3,0.0,49,153322,买盘
10:17:41,31.28,-0.02,128,400418,卖盘
10:17:44,31.28,0.0,7,21896,买盘
10:17:46,31.27,-0.01,27,84448,卖盘
10:17:50,31.28,0.01,13,40652,买盘
10:17:53,31.27,-0.01,52,162604,卖盘
10:17:56,31.27,0.0,48,150063,卖盘
10:17:59,31.28,0.01,180,562585,买盘
10:18:02,31.26,-0.02,17,53149,卖盘
10:18:04,31.27,0.01,84,262740,中性盘
10:18:08,31.27,0.0,85,265854,买盘
10:18:11,31.27,0.0,17,53159,买盘
10:18:14,31.26,-0.01,89,278214,卖盘
10:18:16,31.26,0.0,64,200062,买盘
10:18:20,31.26,0.0,26,81276,买盘
10:18:23,31.25,-0.01,13,40636,卖盘
10:18:25,31.26,0.01,62,193764,买盘
10:18:28,31.25,-0.01,93,290714,卖盘
10:18:32,31.27,0.02,147,459632,买盘
10:18:35,31.26,-0.01,6,18752,中性盘
10:18:38,31.26,0.0,32,100047,卖盘
10:18:41,31.26,0.0,14,43775,卖盘
10:18:44,31.27,0.01,5,15635,买盘
10:18:47,31.27,0.0,113,353211,买盘
10:18:50,31.26,-0.01,68,212581,卖盘
10:18:53,31.26,0.0,43,134446,卖盘
10:18:56,31.26,0.0,63,196886,买盘
10:18:59,31.26,0.0,52,162540,买盘
10:19:01,31.27,0.01,51,159431,买盘
10:19:05,31.27,0.0,19,59413,买盘
10:19:08,31.27,0.0,4,12509,卖盘
10:19:11,31.28,0.01,35,109480,买盘
10:19:13,31.28,0.0,19,59417,买盘
10:19:17,31.28,0.0,9,28148,买盘
10:19:20,31.28,0.0,100,312781,买盘
10:19:23,31.28,0.0,131,409768,买盘
10:19:26,31.27,-0.01,57,178239,卖盘
10:19:29,31.27,0.0,56,175166,卖盘
10:19:31,31.28,0.01,29,90712,买盘
10:19:35,31.27,-0.01,46,143885,卖盘
10:19:38,31.28,0.01,9,28152,买盘
10:19:41,31.29,0.01,94,294016,买盘
10:19:44,31.28,-0.01,17,53188,中性盘
10:19:46,31.29,0.01,4,12513,买盘
10:19:53,31.29,0.0,49,153320,买盘
10:19:56,31.29,0.0,114,356648,买盘
10:19:59,31.29,0.0,16,50061,买盘
10:20:02,31.3,0.01,66,206503,买盘
10:20:05,31.3,0.0,14,43811,买盘
10:20:08,31.29,-0.01,36,112676,卖盘
10:20:11,31.31,0.02,46,144032,买盘
10:20:13,31.31,0.0,413,1292122,中性盘
10:20:17,31.3,-0.01,25,78249,卖盘
10:20:19,31.3,0.0,19,59469,买盘
10:20:23,31.3,0.0,13,40690,买盘
10:20:26,31.3,0.0,75,234678,买盘
10:20:29,31.3,0.0,48,150239,买盘
10:20:32,31.3,0.0,213,666687,买盘
10:20:35,31.3,0.0,4,12522,卖盘
10:20:38,31.31,0.01,12,37572,买盘
10:20:41,31.31,0.0,24,75124,买盘
10:20:44,31.39,0.08,73,228891,买盘
10:20:46,31.32,-0.07,2,6264,卖盘
10:20:50,31.37,0.05,10,31361,买盘
10:20:53,31.35,-0.02,13,40970,中性盘
10:20:55,31.35,0.0,56,175595,卖盘
10:20:58,31.37,0.02,3,9409,买盘
10:21:02,31.36,-0.01,6,18820,中性盘
10:21:05,31.36,0.0,91,285467,卖盘
10:21:08,31.37,0.01,36,112932,卖盘
10:21:10,31.37,0.0,31,97252,卖盘
10:21:13,31.36,-0.01,14,43909,卖盘
10:21:16,31.37,0.01,5,15685,买盘
10:21:20,31.35,-0.02,80,250624,卖盘
10:21:23,31.35,0.0,72,225714,买盘
10:21:25,31.31,-0.04,131,410441,卖盘
10:21:28,31.3,-0.01,505,1580973,卖盘
10:21:32,31.3,0.0,55,172149,买盘
10:21:35,31.29,-0.01,90,281672,卖盘
10:21:38,31.29,0.0,28,87627,买盘
10:21:41,31.28,-0.01,41,128289,卖盘
10:21:44,31.24,-0.04,1020,3188340,卖盘
10:21:47,31.3,0.06,108,338007,买盘
10:21:49,31.3,0.0,46,143956,买盘
10:21:52,31.29,-0.01,8,23783,卖盘
10:21:56,31.29,0.0,62,194002,卖盘
10:21:59,31.29,0.0,6,18776,卖盘
10:22:02,31.3,0.01,115,359926,买盘
10:22:05,31.29,-0.01,168,526925,卖盘
10:22:08,31.29,0.0,17,53193,买盘
10:22:11,31.27,-0.02,6,18762,卖盘
10:22:14,31.27,0.0,37,115699,买盘
10:22:17,31.27,0.0,11,34394,买盘
10:22:19,31.27,0.0,9,28141,买盘
10:22:23,31.27,0.0,73,228202,买盘
10:22:26,31.27,0.0,72,225088,买盘
10:22:29,31.26,-0.01,27,84413,卖盘
10:22:32,31.26,0.0,36,112540,卖盘
10:22:35,31.27,0.01,242,756695,买盘
10:22:38,31.25,-0.02,121,378315,卖盘
10:22:41,31.25,0.0,149,465655,卖盘
10:22:43,31.26,0.01,7,21884,卖盘
10:22:46,31.27,0.01,13,40651,买盘
10:22:50,31.27,0.0,80,250159,买盘
10:22:53,31.29,0.02,20,63570,买盘
10:22:56,31.27,-0.02,103,322046,卖盘
10:22:59,31.26,-0.01,6,18756,卖盘
10:23:02,31.27,0.01,62,193880,买盘
10:23:05,31.28,0.01,44,137589,中性盘
10:23:08,31.29,0.01,18,56319,买盘
10:23:10,31.29,0.0,25,78222,买盘
10:23:17,31.29,0.0,4,12514,买盘
10:23:20,31.36,0.07,1345,4213307,买盘
10:23:22,31.36,0.0,8,25089,卖盘
10:23:26,31.37,0.01,140,439119,买盘
10:23:29,31.36,-0.01,29,90945,卖盘
10:23:32,31.37,0.01,47,147438,买盘
10:23:35,31.38,0.01,34,106690,买盘
10:23:37,31.37,-0.01,289,906793,卖盘
10:23:41,31.42,0.05,348,1093917,买盘
10:23:44,31.42,0.0,643,2017038,买盘
10:23:46,31.41,-0.01,44,138197,中性盘
10:23:49,31.4,-0.01,54,169609,中性盘
10:23:53,31.4,0.0,2,6280,买盘
10:23:56,31.37,-0.03,53,166299,卖盘
10:23:59,31.39,0.02,2,6277,买盘
10:24:02,31.39,0.0,59,185198,买盘
10:24:05,31.38,-0.01,42,131837,卖盘
10:24:07,31.4,0.02,1,3140,买盘
10:24:10,31.4,0.0,113,354815,买盘
10:24:14,31.39,-0.01,54,169536,卖盘
10:24:17,31.4,0.01,75,235461,买盘
10:24:20,31.39,-0.01,109,342155,卖盘
10:24:23,31.39,0.0,116,364123,买盘
10:24:26,31.38,-0.01,109,342094,卖盘
10:24:29,31.38,0.0,105,329512,卖盘
10:24:32,31.37,-0.01,38,119237,卖盘
10:24:35,31.37,0.0,9,28241,卖盘
10:24:38,31.37,0.0,7,21965,卖盘
10:24:41,31.38,0.01,12,37656,买盘
10:24:44,31.37,-0.01,30,94117,卖盘
10:24:46,31.38,0.01,1,3138,买盘
10:24:50,31.38,0.0,46,144337,买盘
10:24:53,31.39,0.01,81,254191,买盘
10:24:56,31.37,-0.02,57,178814,卖盘
10:24:58,31.38,0.01,19,59622,买盘
10:25:01,31.38,0.0,52,163174,买盘
10:25:05,31.38,0.0,31,97278,卖盘
10:25:08,31.38,0.0,22,69051,卖盘
10:25:11,31.38,0.0,28,87891,卖盘
10:25:14,31.38,0.0,7,21971,卖盘
10:25:16,31.39,0.01,829,2601521,买盘
10:25:20,31.39,0.0,77,241675,买盘
10:25:23,31.38,-0.01,160,502137,卖盘
10:25:26,31.38,0.0,136,426745,买盘
10:25:28,31.37,-0.01,82,257247,卖盘
10:25:32,31.36,-0.01,20,62739,卖盘
10:25:35,31.38,0.02,76,238464,买盘
10:25:38,31.37,-0.01,2,6273,中性盘
10:25:41,31.36,-0.01,117,367012,卖盘
10:25:44,31.36,0.0,22,69007,卖盘
10:25:47,31.37,0.01,83,260414,买盘
10:25:50,31.37,0.0,2,6274,买盘
10:25:53,31.36,-0.01,80,250870,买盘
10:25:55,31.35,-0.01,160,501676,卖盘
10:25:59,31.33,-0.02,52,162916,卖盘
10:26:02,31.34,0.01,8,25075,卖盘
10:26:04,31.34,0.0,94,294689,卖盘
10:26:07,31.34,0.0,1,3134,卖盘
10:26:13,31.35,0.01,15,47013,买盘
10:26:17,31.34,-0.01,55,172423,卖盘
10:26:20,31.34,0.0,52,162981,卖盘
10:26:23,31.34,0.0,16,50156,中性盘
10:26:26,31.33,-0.01,24,75192,卖盘
10:26:29,31.31,-0.02,262,820870,卖盘
10:26:32,31.31,0.0,118,369460,卖盘
10:26:35,31.3,-0.01,177,554058,卖盘
10:26:38,31.3,0.0,254,795696,卖盘
10:26:41,31.3,0.0,199,623041,买盘
10:26:44,31.3,0.0,6,18784,卖盘
10:26:47,31.3,0.0,5,15650,卖盘
10:26:50,31.32,0.02,4,12526,中性盘
10:26:53,31.34,0.02,107,334998,买盘
10:26:56,31.32,-0.02,70,219374,卖盘
10:26:59,31.34,0.02,67,209816,买盘
10:27:01,31.34,0.0,74,231913,买盘
10:27:05,31.34,0.0,118,369812,卖盘
10:27:08,31.34,0.0,6,18804,卖盘
10:27:11,31.36,0.02,3,9408,买盘
10:27:14,31.34,-0.02,93,291482,卖盘
10:27:17,31.33,-0.01,17,53269,卖盘
10:27:20,31.34,0.01,31,97143,买盘
10:27:22,31.31,-0.03,7,21927,卖盘
10:27:26,31.34,0.03,31,97077,买盘
10:27:29,31.31,-0.03,51,159687,卖盘
10:27:32,31.31,0.0,98,306848,卖盘
10:27:35,31.34,0.03,5,15668,买盘
10:27:37,31.33,-0.01,18,56398,卖盘
10:27:41,31.31,-0.02,6,18796,卖盘
10:27:44,31.33,0.02,5,15665,买盘
10:27:47,31.31,-0.02,1,3131,卖盘
10:27:50,31.33,0.02,12,37576,买盘
10:27:52,31.33,0.0,303,948697,买盘
10:27:56,31.31,-0.02,11,34453,卖盘
10:27:58,31.3,-0.01,56,175343,卖盘
10:28:02,31.31,0.01,92,287975,卖盘
10:28:05,31.33,0.02,85,266305,买盘
10:28:08,31.31,-0.02,3,9393,卖盘
10:28:11,31.33,0.02,5,15662,买盘
10:28:14,31.32,-0.01,1028,3226848,买盘
10:28:17,31.39,0.07,51,160089,买盘
10:28:20,31.32,-0.07,7,21926,卖盘
10:28:22,31.33,0.01,23,72059,中性盘
10:28:26,31.32,-0.01,41,128426,卖盘
10:28:28,31.32,0.0,65,203581,卖盘
10:28:32,31.32,0.0,23,72051,卖盘
10:28:34,31.34,0.02,40,125321,买盘
10:28:38,31.34,0.0,3,9402,卖盘
10:28:41,31.34,0.0,5,15686,卖盘
10:28:43,31.38,0.04,3,9412,买盘
10:28:47,31.34,-0.04,20,62702,卖盘
10:28:49,31.39,0.05,20,62774,买盘
10:28:53,31.35,-0.04,4,12548,卖盘
10:28:56,31.35,0.0,11,34485,卖盘
10:28:59,31.34,-0.01,52,163012,卖盘
10:29:02,31.35,0.01,12,37643,买盘
10:29:05,31.39,0.04,87,273057,买盘
10:29:10,31.35,-0.04,3,9405,卖盘
10:29:14,31.35,0.0,8,25101,卖盘
10:29:17,31.38,0.03,12,37653,买盘
10:29:20,31.35,-0.03,30,94050,卖盘
10:29:22,31.36,0.01,4,12548,中性盘
10:29:26,31.38,0.02,39,122318,买盘
10:29:29,31.35,-0.03,66,206939,卖盘
10:29:32,31.35,0.0,2,6271,卖盘
10:29:35,31.36,0.01,1,3136,买盘
10:29:38,31.36,0.0,17,53310,买盘
10:29:41,31.38,0.02,14,43901,买盘
10:29:44,31.35,-0.03,58,181787,卖盘
10:29:46,31.38,0.03,37,116106,买盘
10:29:50,31.38,0.0,5,15690,卖盘
10:29:53,31.38,0.0,13,40803,卖盘
10:29:56,31.39,0.01,24,75318,中性盘
10:29:59,31.36,-0.03,51,160029,卖盘
10:30:02,31.37,0.01,48,150576,买盘
10:30:04,31.37,0.0,13,40792,卖盘
10:30:08,31.37,0.0,38,119211,卖盘
10:30:11,31.37,0.0,23,72169,卖盘
10:30:13,31.39,0.02,10,31390,买盘
10:30:17,31.37,-0.02,3,9411,卖盘
10:30:20,31.34,-0.03,711,2228521,卖盘
10:30:22,31.39,0.05,224,703010,买盘
10:30:26,31.35,-0.04,16,50179,卖盘
10:30:29,31.35,0.0,179,561587,卖盘
10:30:32,31.34,-0.01,32,100310,卖盘
10:30:35,31.35,0.01,17,53283,买盘
10:30:38,31.35,0.0,110,344846,买盘
10:30:41,31.35,0.0,24,74551,卖盘
10:30:44,31.35,0.0,1,3135,卖盘
10:30:47,31.37,0.02,8,25096,买盘
10:30:50,31.37,0.0,4,12545,买盘
10:30:53,31.36,-0.01,6,18818,卖盘
10:30:55,31.37,0.01,133,417049,买盘
10:30:58,31.36,-0.01,58,181842,中性盘
10:31:02,31.36,0.0,40,125439,买盘
10:31:05,31.36,0.0,5,15680,卖盘
10:31:07,31.37,0.01,25,78401,买盘
10:31:11,31.37,0.0,56,175631,买盘
10:31:14,31.36,-0.01,1,3136,卖盘
10:31:16,31.37,0.01,9,28231,买盘
10:31:20,31.37,0.0,54,169382,买盘
10:31:22,31.37,0.0,7,21954,买盘
10:31:26,31.37,0.0,30,94085,买盘
10:31:29,31.35,-0.02,51,159921,卖盘
10:31:32,31.36,0.01,4,12547,中性盘
10:31:35,31.35,-0.01,6,18815,卖盘
10:31:38,31.35,0.0,32,100358,卖盘
10:31:41,31.37,0.02,21,65851,买盘
10:31:44,31.35,-0.02,7,21949,卖盘
10:31:47,31.37,0.02,1,3137,买盘
10:31:49,31.37,0.0,2,6274,卖盘
10:31:53,31.35,-0.02,299,937494,卖盘
10:31:55,31.35,0.0,3,9407,卖盘
10:31:59,31.35,0.0,53,166870,卖盘
10:32:02,31.35,0.0,85,266475,买盘
10:32:05,31.34,-0.01,9,28211,卖盘
10:32:08,31.35,0.01,11,34485,买盘
10:32:11,31.34,-0.01,10,31340,卖盘
10:32:14,31.34,0.0,61,191222,卖盘
10:32:17,31.34,0.0,10,31340,卖盘
10:32:20,31.34,0.0,70,219359,买盘
10:32:22,31.33,-0.01,37,115923,卖盘
10:32:26,31.32,-0.01,41,128432,卖盘
10:32:29,31.32,0.0,59,184794,卖盘
10:32:32,31.32,0.0,104,325733,卖盘
10:32:35,31.32,0.0,22,68904,卖盘
10:32:38,31.35,0.03,454,1422512,买盘
10:32:40,31.32,-0.03,402,1258852,卖盘
10:32:44,31.34,0.02,14,43861,买盘
10:32:46,31.32,-0.02,14,43848,卖盘
10:32:50,31.32,0.0,18,56398,卖盘
10:32:53,31.34,0.02,1,3134,买盘
10:32:56,31.32,-0.02,6,18792,卖盘
10:32:59,31.33,0.01,116,363440,中性盘
10:33:02,31.32,-0.01,107,335138,卖盘
10:33:05,31.31,-0.01,10,31318,卖盘
10:33:08,31.32,0.01,22,68904,买盘
10:33:10,31.32,0.0,9,28184,买盘
10:33:13,31.32,0.0,25,78298,买盘
10:33:17,31.32,0.0,58,181750,买盘
10:33:20,31.32,0.0,25,78291,卖盘
10:33:23,31.32,0.0,10,31320,卖盘
10:33:26,31.32,0.0,24,75168,卖盘
10:33:29,31.31,-0.01,263,823573,卖盘
10:33:35,31.33,0.02,20,62663,卖盘
10:33:38,31.32,-0.01,58,181668,卖盘
10:33:41,31.32,0.0,57,178524,买盘
10:33:44,31.33,0.01,20,62639,中性盘
10:33:47,31.32,-0.01,111,347781,卖盘
10:33:50,31.31,-0.01,35,109591,卖盘
10:33:53,31.31,0.0,20,62621,卖盘
10:33:56,31.32,0.01,30,93957,买盘
10:33:59,31.31,-0.01,556,1740404,卖盘
10:34:02,31.31,0.0,30,93941,卖盘
10:34:04,31.33,0.02,39,122187,买盘
10:34:08,31.31,-0.02,93,291334,卖盘
10:34:11,31.3,-0.01,14,44527,卖盘
10:34:14,31.33,0.03,8,25048,买盘
10:34:17,31.31,-0.02,22,68861,中性盘
10:34:20,31.31,0.0,11,34441,买盘
10:34:22,31.3,-0.01,8,25045,卖盘
10:34:25,31.31,0.01,37,115814,买盘
10:34:29,31.29,-0.02,82,256612,卖盘
10:34:32,31.3,0.01,34,106389,买盘
10:34:35,31.29,-0.01,69,215966,卖盘
10:34:38,31.29,0.0,93,290998,卖盘
10:34:41,31.3,0.01,7,21906,买盘
10:34:44,31.29,-0.01,39,122068,卖盘
10:34:47,31.29,0.0,21,65710,卖盘
10:34:50,31.29,0.0,9,28167,卖盘
10:34:53,31.3,0.01,381,1192668,买盘
10:34:56,31.3,0.0,505,1580650,卖盘
10:34:59,31.27,-0.03,633,1980586,卖盘
10:35:02,31.3,0.03,13,40710,买盘
10:35:05,31.31,0.01,85,266289,卖盘
10:35:08,31.27,-0.04,124,388090,卖盘
10:35:11,31.31,0.04,1,3131,中性盘
10:35:14,31.31,0.0,8,25036,买盘
10:35:16,31.28,-0.03,1,3128,卖盘
10:35:20,31.27,-0.01,106,331464,卖盘
10:35:23,31.27,0.0,22,68802,卖盘
10:35:25,31.27,0.0,25,78175,卖盘
10:35:29,31.26,-0.01,211,659798,卖盘
10:35:32,31.28,0.02,15,46901,买盘
10:35:35,31.27,-0.01,9,28145,中性盘
10:35:38,31.26,-0.01,139,434589,卖盘
10:35:41,31.28,0.02,35,109478,买盘
10:35:47,31.27,-0.01,93,290841,卖盘
10:35:50,31.27,0.0,28,87556,买盘
10:35:53,31.26,-0.01,9,28136,卖盘
10:35:56,31.26,0.0,46,143822,卖盘
10:35:59,31.25,-0.01,255,797103,卖盘
10:36:02,31.27,0.02,27,84414,买盘
10:36:05,31.27,0.0,29,90682,买盘
10:36:08,31.27,0.0,190,594092,卖盘
10:36:11,31.27,0.0,1,3127,卖盘
10:36:14,31.27,0.0,1,3127,卖盘
10:36:17,31.27,0.0,76,237668,中性盘
10:36:20,31.26,-0.01,7,21886,卖盘
10:36:23,31.26,0.0,28,87553,卖盘
10:36:26,31.26,0.0,25,78150,卖盘
10:36:28,31.26,0.0,123,384518,卖盘
10:36:32,31.26,0.0,113,353187,买盘
10:36:35,31.26,0.0,82,256330,买盘
10:36:38,31.26,0.0,283,884480,卖盘
10:36:41,31.26,0.0,38,118805,卖盘
10:36:44,31.27,0.01,1,3127,买盘
10:36:47,31.26,-0.01,114,356369,卖盘
10:36:50,31.28,0.02,12,37514,买盘
10:36:54,31.31,0.03,155,485095,买盘
10:36:56,31.3,-0.01,72,225409,卖盘
10:36:59,31.26,-0.04,121,378270,卖盘
10:37:02,31.26,0.0,59,184437,卖盘
10:37:05,31.27,0.01,54,168850,买盘
10:37:08,31.28,0.01,39,121957,买盘
10:37:10,31.32,0.04,16,50089,买盘
10:37:14,31.33,0.01,77,241221,买盘
10:37:17,31.35,0.02,288,902852,买盘
10:37:20,31.36,0.01,103,323022,中性盘
10:37:23,31.39,0.03,187,586937,买盘
10:37:26,31.37,-0.02,33,103565,卖盘
10:37:29,31.38,0.01,56,175728,卖盘
10:37:32,31.37,-0.01,85,266708,卖盘
10:37:36,31.39,0.02,50,156908,买盘
10:37:38,31.38,-0.01,15,47067,中性盘
10:37:40,31.38,0.0,52,163171,买盘
10:37:44,31.39,0.01,2,6278,买盘
10:37:46,31.36,-0.03,102,320065,卖盘
10:37:50,31.39,0.03,87,273028,买盘
10:37:53,31.36,-0.03,9,28236,卖盘
10:37:55,31.38,0.02,15,47066,买盘
10:37:59,31.38,0.0,24,75272,买盘
10:38:02,31.38,0.0,131,410976,买盘
10:38:05,31.38,0.0,25,78444,买盘
10:38:08,31.36,-0.02,10,31360,卖盘
10:38:11,31.36,0.0,24,75270,买盘
10:38:14,31.35,-0.01,511,1601989,卖盘
10:38:18,31.36,0.01,105,329280,买盘
10:38:21,31.36,0.0,20,62704,买盘
10:38:23,31.36,0.0,14,43903,买盘
10:38:25,31.35,-0.01,55,172425,卖盘
10:38:30,31.36,0.01,52,163042,买盘
10:38:32,31.31,-0.05,51,159724,卖盘
10:38:35,31.35,0.04,40,125386,买盘
10:38:38,31.31,-0.04,19,59507,卖盘
10:38:41,31.35,0.04,49,153478,买盘
10:38:44,31.31,-0.04,26,81403,卖盘
10:38:48,31.35,0.04,45,140960,买盘
10:38:50,31.31,-0.04,97,303677,卖盘
10:38:53,31.36,0.05,163,510468,买盘
10:38:56,31.31,-0.05,60,187900,卖盘
10:38:58,31.3,-0.01,39,122073,卖盘
10:39:03,31.31,0.01,520,1630386,买盘
10:39:05,31.31,0.0,5,15662,卖盘
10:39:09,31.3,-0.01,88,275453,卖盘
10:39:11,31.31,0.01,6,18784,买盘
10:39:14,31.3,-0.01,200,626083,卖盘
10:39:18,31.32,0.02,63,197335,中性盘
10:39:20,31.32,0.0,3,9406,卖盘
10:39:25,31.32,0.0,36,112735,卖盘
10:39:28,31.31,-0.01,15,46972,卖盘
10:39:32,31.31,0.0,58,181597,买盘
10:39:34,31.32,0.01,55,172259,买盘
10:39:38,31.31,-0.01,78,244218,卖盘
10:39:41,31.32,0.01,68,212973,买盘
10:39:44,31.34,0.02,11,34467,买盘
10:39:50,31.34,0.0,66,206764,卖盘
10:39:53,31.32,-0.02,7,21936,卖盘
10:39:56,31.34,0.02,10,31340,买盘
10:39:59,31.34,0.0,47,147251,买盘
10:40:03,31.32,-0.02,98,306936,卖盘
10:40:04,31.29,-0.03,191,598054,卖盘
10:40:09,31.32,0.03,52,162930,买盘
10:40:11,31.29,-0.03,6,18774,卖盘
10:40:14,31.32,0.03,1,3132,买盘
10:40:18,31.29,-0.03,89,278507,卖盘
10:40:19,31.32,0.03,72,225504,买盘
10:40:23,31.32,0.0,27,84564,卖盘
10:40:26,31.35,0.03,2,6267,买盘
10:40:29,31.32,-0.03,41,128412,卖盘
10:40:31,31.32,0.0,72,225525,卖盘
10:40:36,31.32,0.0,907,2844289,卖盘
10:40:38,31.33,0.01,14,43888,卖盘
10:40:42,31.35,0.02,110,344661,买盘
10:40:44,31.35,0.0,14,43884,买盘
10:40:48,31.35,0.0,299,936554,买盘
10:40:50,31.33,-0.02,7,21929,卖盘
10:40:53,31.33,0.0,13,40726,买盘
10:40:56,31.32,-0.01,30,93975,卖盘
10:40:59,31.33,0.01,33,103360,买盘
10:41:03,31.33,0.0,155,485564,买盘
10:41:06,31.31,-0.02,10,31312,卖盘
10:41:09,31.32,0.01,21,65773,卖盘
10:41:11,31.32,0.0,10,31319,买盘
10:41:15,31.35,0.03,27,84635,买盘
10:41:18,31.34,-0.01,13,40732,买盘
10:41:20,31.33,-0.01,35,109626,卖盘
10:41:23,31.32,-0.01,12,37595,中性盘
10:41:26,31.33,0.01,1337,4183936,买盘
10:41:29,31.3,-0.03,27,84520,卖盘
10:41:33,31.31,0.01,94,294263,买盘
10:41:36,31.31,0.0,15,46964,买盘
10:41:38,31.3,-0.01,13,40696,卖盘
10:41:42,31.31,0.01,25,78270,买盘
10:41:44,31.3,-0.01,79,247335,卖盘
10:41:47,31.3,0.0,15,46964,卖盘
10:41:51,31.3,0.0,143,447731,卖盘
10:41:53,31.32,0.02,10,31311,买盘
10:41:56,31.32,0.0,5,15663,中性盘
10:41:59,31.35,0.03,83,260044,买盘
10:42:03,31.32,-0.03,123,385201,卖盘
10:42:06,31.35,0.03,2,6270,买盘
10:42:09,31.35,0.0,113,353937,买盘
10:42:11,31.34,-0.01,20,62688,卖盘
10:42:15,31.35,0.01,66,206906,买盘
10:42:18,31.35,0.0,85,266559,卖盘
10:42:21,31.36,0.01,4,12544,买盘
10:42:23,31.35,-0.01,30,94076,卖盘
10:42:26,31.36,0.01,61,191272,买盘
10:42:28,31.37,0.01,74,232101,买盘
10:42:32,31.38,0.01,74,232075,买盘
10:42:36,31.38,0.0,24,75305,买盘
10:42:38,31.38,0.0,4,12552,买盘
10:42:41,31.39,0.01,19,59622,买盘
10:42:45,31.38,-0.01,180,564939,卖盘
10:42:48,31.4,0.02,26,81639,买盘
10:42:50,31.39,-0.01,188,590188,卖盘
10:42:53,31.38,-0.01,14,43966,卖盘
10:42:57,31.41,0.03,6,18843,买盘
10:43:02,31.39,-0.02,60,188384,卖盘
10:43:04,31.4,0.01,92,288963,卖盘
10:43:08,31.41,0.01,2,6282,卖盘
10:43:11,31.41,0.0,146,458633,卖盘
10:43:15,31.41,0.0,19,59680,中性盘
10:43:18,31.4,-0.01,129,405063,卖盘
10:43:20,31.4,0.0,29,91073,买盘
10:43:23,31.4,0.0,13,40828,中性盘
10:43:26,31.41,0.01,47,147567,买盘
10:43:32,31.38,-0.03,10,31384,卖盘
10:43:35,31.4,0.02,54,169466,买盘
10:43:39,31.39,-0.01,14,43946,中性盘
10:43:41,31.38,-0.01,7,21970,卖盘
10:43:45,31.39,0.01,14,43946,买盘
10:43:47,31.39,0.0,31,97308,买盘
10:43:51,31.39,0.0,16,50215,买盘
10:43:53,31.38,-0.01,20,62764,卖盘
10:43:57,31.39,0.01,16,50224,买盘
10:43:59,31.35,-0.04,198,621290,卖盘
10:44:03,31.38,0.03,15,47078,卖盘
10:44:04,31.38,0.0,69,216526,买盘
10:44:08,31.39,0.01,4,12553,买盘
10:44:11,31.39,0.0,2,6278,卖盘
10:44:15,31.38,-0.01,6,18828,卖盘
10:44:18,31.38,0.0,79,247987,卖盘
10:44:21,31.35,-0.03,193,605163,卖盘
10:44:23,31.41,0.06,78,244830,买盘
10:44:27,31.39,-0.02,36,112857,买盘
10:44:30,31.35,-0.04,1,3135,中性盘
10:44:32,31.35,0.0,1,3135,买盘
10:44:35,31.38,0.03,59,184972,卖盘
10:44:38,31.39,0.01,10,31366,买盘
10:44:41,31.34,-0.05,19,59582,卖盘
10:44:45,31.37,0.03,1,3137,卖盘
10:44:46,31.38,0.01,6,18825,买盘
10:44:53,31.38,0.0,76,238430,买盘
10:44:55,31.37,-0.01,31,97247,卖盘
10:45:00,31.37,0.0,23,72141,买盘
10:45:03,31.37,0.0,13,40779,买盘
10:45:06,31.38,0.01,182,570883,买盘
10:45:09,31.39,0.01,28,87850,买盘
10:45:12,31.39,0.0,27,84770,卖盘
10:45:15,31.38,-0.01,10,31385,卖盘
10:45:18,31.4,0.02,13,40812,买盘
10:45:21,31.4,0.0,198,621720,买盘
10:45:24,31.39,-0.01,82,257442,卖盘
10:45:27,31.39,0.0,67,210311,买盘
10:45:30,31.38,-0.01,30,94169,卖盘
10:45:33,31.39,0.01,40,125546,买盘
10:45:35,31.4,0.01,60,188282,买盘
10:45:39,31.4,0.0,23,72200,买盘
10:45:41,31.39,-0.01,10,31391,卖盘
10:45:45,31.4,0.01,27,84780,买盘
10:45:48,31.4,0.0,31,97336,卖盘
10:45:51,31.4,0.0,2,6280,买盘
10:45:53,31.41,0.01,25,78515,买盘
10:45:57,31.41,0.0,63,197883,买盘
10:46:00,31.41,0.0,21,65960,买盘
10:46:03,31.41,0.0,29,91089,买盘
10:46:05,31.42,0.01,94,295281,买盘
10:46:09,31.42,0.0,10,31415,买盘
10:46:12,31.42,0.0,22,69124,中性盘
10:46:14,31.42,0.0,27,84836,卖盘
10:46:17,31.41,-0.01,23,72256,卖盘
10:46:21,31.43,0.02,17,53426,买盘
10:46:24,31.41,-0.02,41,128822,卖盘
10:46:27,31.42,0.01,27,84810,买盘
10:46:28,31.42,0.0,22,69105,买盘
10:46:33,31.43,0.01,44,138248,买盘
10:46:36,31.43,0.0,156,490179,买盘
10:46:39,31.42,-0.01,41,128794,买盘
10:46:42,31.42,0.0,23,72266,卖盘
10:46:45,31.43,0.01,12,37711,买盘
10:46:47,31.43,0.0,53,166609,卖盘
10:46:51,31.44,0.01,3,9432,买盘
10:46:53,31.44,0.0,9,28293,买盘
10:46:57,31.44,0.0,19,59723,买盘
10:47:00,31.44,0.0,8,25149,买盘
10:47:02,31.44,0.0,68,213792,买盘
10:47:06,31.42,-0.02,1168,3670017,卖盘
10:47:09,31.45,0.03,24,75431,买盘
10:47:12,31.42,-0.03,58,182286,卖盘
10:47:14,31.42,0.0,26,81697,卖盘
10:47:18,31.43,0.01,34,106868,买盘
10:47:20,31.43,0.0,4,12572,买盘
10:47:23,31.43,0.0,54,169690,买盘
10:47:27,31.41,-0.02,51,160253,卖盘
10:47:30,31.41,0.0,55,172831,卖盘
10:47:32,31.41,0.0,8,25141,卖盘
10:47:36,31.4,-0.01,49,153866,卖盘
10:47:39,31.41,0.01,8,25127,买盘
10:47:42,31.41,0.0,4,12563,买盘
10:47:44,31.41,0.0,16,50242,买盘
10:47:48,31.4,-0.01,223,700221,卖盘
10:47:51,31.39,-0.01,70,219799,卖盘
10:47:54,31.4,0.01,43,135020,买盘
10:47:57,31.45,0.05,707,2222377,买盘
10:47:59,31.39,-0.06,13,40832,卖盘
10:48:03,31.4,0.01,27,84779,中性盘
10:48:06,31.42,0.02,135,423930,买盘
10:48:09,31.43,0.01,130,408610,买盘
10:48:12,31.43,0.0,98,308104,卖盘
10:48:15,31.45,0.02,61,191741,买盘
10:48:17,31.44,-0.01,30,94322,卖盘
10:48:21,31.44,0.0,5,15721,卖盘
10:48:23,31.43,-0.01,39,122576,卖盘
10:48:27,31.43,0.0,35,110005,买盘
10:48:30,31.43,0.0,23,72285,买盘
10:48:33,31.43,0.0,75,235723,买盘
10:48:36,31.41,-0.02,84,263915,卖盘
10:48:39,31.42,0.01,39,122561,卖盘
10:48:42,31.43,0.01,25,78552,中性盘
10:48:45,31.42,-0.01,63,197947,卖盘
10:48:47,31.42,0.0,56,175952,买盘
10:48:51,31.42,0.0,23,72254,买盘
10:48:54,31.42,0.0,59,185361,买盘
10:48:57,31.42,0.0,80,251359,买盘
10:49:00,31.4,-0.02,197,618776,卖盘
10:49:03,31.41,0.01,112,351720,买盘
10:49:06,31.4,-0.01,129,405082,卖盘
10:49:09,31.4,0.0,95,298225,卖盘
10:49:12,31.4,0.0,21,65957,中性盘
10:49:15,31.4,0.0,34,106762,买盘
10:49:17,31.4,0.0,37,116180,卖盘
10:49:20,31.4,0.0,2,6280,买盘
10:49:23,31.4,0.0,80,251187,买盘
10:49:27,31.42,0.02,157,491246,买盘
10:49:29,31.42,0.0,21,65942,买盘
10:49:33,31.42,0.0,140,439634,买盘
10:49:36,31.4,-0.02,99,312537,卖盘
10:49:39,31.42,0.02,33,101897,卖盘
10:49:42,31.42,0.0,38,119379,买盘
10:49:45,31.41,-0.01,11,34559,卖盘
10:49:48,31.4,-0.01,23,72245,卖盘
10:49:51,31.42,0.02,17,53411,买盘
10:49:54,31.42,0.0,205,644110,买盘
10:49:57,31.42,0.0,75,235626,买盘
10:50:00,31.42,0.0,66,207406,卖盘
10:50:02,31.43,0.01,98,308003,买盘
10:50:05,31.43,0.0,110,345713,买盘
10:50:09,31.41,-0.02,307,964638,卖盘
10:50:12,31.44,0.03,27,84874,买盘
10:50:14,31.44,0.0,10,31433,买盘
10:50:18,31.44,0.0,17,53445,买盘
10:50:20,31.44,0.0,304,956245,买盘
10:50:24,31.46,0.02,10,31468,中性盘
10:50:27,31.47,0.01,27,84921,买盘
10:50:30,31.44,-0.03,35,110112,卖盘
10:50:32,31.47,0.03,64,201408,买盘
10:50:35,31.47,0.0,60,188819,买盘
10:50:38,31.46,-0.01,312,981952,买盘
10:50:42,31.49,0.03,231,727416,买盘
10:50:45,31.5,0.01,1198,3773558,买盘
10:50:48,31.49,-0.01,182,573287,卖盘
10:50:51,31.49,0.0,5,15749,中性盘
10:50:54,31.5,0.01,100,314989,买盘
10:50:57,31.5,0.0,150,472501,卖盘
10:50:59,31.49,-0.01,36,113398,中性盘
10:51:02,31.47,-0.02,30,94474,卖盘
10:51:06,31.51,0.04,229,721378,买盘
10:51:09,31.49,-0.02,78,245605,中性盘
10:51:12,31.47,-0.02,60,188909,卖盘
10:51:15,31.47,0.0,97,305512,卖盘
10:51:18,31.49,0.02,1,3149,买盘
10:51:21,31.47,-0.02,3,9441,卖盘
10:51:23,31.49,0.02,34,107010,买盘
10:51:27,31.49,0.0,57,179393,买盘
10:51:30,31.47,-0.02,12,37764,卖盘
10:51:32,31.47,0.0,7,22036,卖盘
10:51:36,31.47,0.0,33,103874,卖盘
10:51:39,31.45,-0.02,67,210848,卖盘
10:51:42,31.49,0.04,10,31490,买盘
10:51:44,31.45,-0.04,10,31450,卖盘
10:51:48,31.48,0.03,59,185707,买盘
10:51:50,31.47,-0.01,38,119588,买盘
10:51:54,31.45,-0.02,19,59755,买盘
10:51:57,31.45,0.0,33,103814,中性盘
10:52:03,31.47,0.02,65,204517,买盘
10:52:06,31.48,0.01,90,283308,买盘
10:52:09,31.47,-0.01,64,201337,卖盘
10:52:12,31.46,-0.01,19,59792,卖盘
10:52:14,31.48,0.02,224,705144,买盘
10:52:18,31.48,0.0,3,9445,卖盘
10:52:20,31.49,0.01,8,25188,买盘
10:52:24,31.48,-0.01,28,88170,卖盘
10:52:27,31.49,0.01,52,163723,买盘
10:52:30,31.49,0.0,23,72423,买盘
10:52:32,31.48,-0.01,27,85016,卖盘
10:52:36,31.48,0.0,30,94441,卖盘
10:52:39,31.51,0.03,587,1848889,买盘
10:52:42,31.49,-0.02,85,267661,卖盘
10:52:45,31.48,-0.01,11,34628,卖盘
10:52:48,31.49,0.01,12,37788,买盘
10:52:51,31.51,0.02,345,1086909,买盘
10:52:53,31.51,0.0,536,1688899,买盘
10:52:56,31.48,-0.03,221,695800,卖盘
10:53:00,31.48,0.0,12,37776,买盘
10:53:03,31.47,-0.01,36,113325,卖盘
10:53:06,31.48,0.01,90,283320,买盘
10:53:09,31.48,0.0,69,217155,买盘
10:53:11,31.47,-0.01,9,28323,卖盘
10:53:14,31.47,0.0,13,40911,买盘
10:53:17,31.47,0.0,32,100676,买盘
10:53:20,31.47,0.0,31,97556,买盘
10:53:24,31.46,-0.01,5,15731,卖盘
10:53:27,31.47,0.01,53,166761,买盘
10:53:30,31.47,0.0,4,12587,买盘
10:53:33,31.46,-0.01,35,110134,卖盘
10:53:35,31.47,0.01,48,151017,买盘
10:53:39,31.46,-0.01,64,201338,卖盘
10:53:42,31.45,-0.01,19,59755,卖盘
10:53:48,31.47,0.02,54,169924,买盘
10:53:51,31.47,0.0,29,91249,买盘
10:53:53,31.47,0.0,10,31470,买盘
10:53:57,31.47,0.0,6,18882,买盘
10:54:00,31.47,0.0,58,182526,买盘
10:54:02,31.45,-0.02,156,490674,卖盘
10:54:06,31.45,0.0,82,257890,买盘
10:54:08,31.45,0.0,32,100625,买盘
10:54:12,31.45,0.0,57,179251,买盘
10:54:15,31.44,-0.01,56,176087,卖盘
10:54:18,31.44,0.0,8,25152,买盘
10:54:21,31.42,-0.02,536,1684145,卖盘
10:54:24,31.44,0.02,81,254570,买盘
10:54:26,31.44,0.0,28,88012,卖盘
10:54:29,31.4,-0.04,996,3127988,卖盘
10:54:33,31.4,0.0,66,207250,卖盘
10:54:36,31.42,0.02,66,207372,买盘
10:54:38,31.4,-0.02,203,637417,卖盘
10:54:45,31.4,0.0,27,84773,买盘
10:54:48,31.4,0.0,4,12560,买盘
10:54:51,31.4,0.0,16,50240,买盘
10:54:54,31.39,-0.01,59,185256,卖盘
10:54:57,31.4,0.01,51,160129,买盘
10:54:59,31.4,0.0,10,31400,买盘
10:55:02,31.4,0.0,307,963978,买盘
10:55:05,31.4,0.0,15,47108,卖盘
10:55:09,31.4,0.0,51,160141,卖盘
10:55:12,31.4,0.0,1,3140,卖盘
10:55:15,31.41,0.01,10,31410,买盘
10:55:18,31.39,-0.02,99,310838,卖盘
10:55:20,31.4,0.01,6,18843,中性盘
10:55:24,31.4,0.0,22,69080,卖盘
10:55:27,31.39,-0.01,23,72197,卖盘
10:55:30,31.4,0.01,461,1447529,买盘
10:55:33,31.4,0.0,109,342260,买盘
10:55:36,31.4,0.0,14,43960,卖盘
10:55:39,31.41,0.01,65,204111,买盘
10:55:42,31.41,0.0,49,153909,买盘
10:55:47,31.41,0.0,10,31410,买盘
10:55:50,31.4,-0.01,39,122470,卖盘
10:55:54,31.41,0.01,6,18846,买盘
10:55:57,31.41,0.0,8,25128,买盘
10:56:00,31.41,0.0,6,18849,卖盘
10:56:03,31.42,0.01,72,226214,买盘
10:56:06,31.42,0.0,4,12568,卖盘
10:56:09,31.41,-0.01,2241,7036894,卖盘
10:56:12,31.4,-0.01,32,100491,卖盘
10:56:14,31.4,0.0,6,18845,卖盘
10:56:17,31.38,-0.02,204,640354,卖盘
10:56:21,31.37,-0.01,32,100415,卖盘
10:56:24,31.37,0.0,3,9411,卖盘
10:56:27,31.37,0.0,44,138048,卖盘
10:56:30,31.4,0.03,804,2522989,买盘
10:56:33,31.4,0.0,38,119320,卖盘
10:56:35,31.4,0.0,25,78500,卖盘
10:56:39,31.4,0.0,50,157000,卖盘
10:56:41,31.41,0.01,20,62819,买盘
10:56:45,31.4,-0.01,29,91060,卖盘
10:56:47,31.41,0.01,10,31410,买盘
10:56:51,31.4,-0.01,10,31405,卖盘
10:56:54,31.4,0.0,20,62817,卖盘
10:56:57,31.41,0.01,6,18843,买盘
10:57:00,31.42,0.01,2,6284,买盘
10:57:03,31.42,0.0,68,213655,买盘
10:57:05,31.41,-0.01,53,166487,卖盘
10:57:09,31.41,0.0,40,125653,卖盘
10:57:15,31.41,0.0,4,12562,买盘
10:57:17,31.4,-0.01,3,9420,卖盘
10:57:21,31.41,0.01,10,31410,买盘
10:57:24,31.4,-0.01,4,12560,卖盘
10:57:26,31.41,0.01,25,78501,买盘
10:57:30,31.41,0.0,4,12561,买盘
10:57:33,31.41,0.0,5,15703,买盘
10:57:35,31.4,-0.01,12,37690,卖盘
10:57:39,31.4,0.0,13,40822,卖盘
10:57:42,31.41,0.01,142,445977,买盘
10:57:45,31.41,0.0,9,28271,卖盘
10:57:48,31.4,-0.01,2,6280,卖盘
10:57:50,31.4,0.0,3,9420,卖盘
10:57:53,31.41,0.01,3,9423,买盘
10:57:56,31.4,-0.01,19,59660,卖盘
10:57:59,31.41,0.01,58,182167,买盘
10:58:03,31.41,0.0,29,91084,买盘
10:58:06,31.43,0.02,329,1032550,买盘
10:58:09,31.39,-0.04,51,160111,卖盘
10:58:12,31.41,0.02,19,59675,中性盘
10:58:15,31.4,-0.01,19,59667,中性盘
10:58:17,31.41,0.01,58,182178,买盘
10:58:21,31.41,0.0,1,3141,卖盘
10:58:24,31.43,0.02,13,40854,买盘
10:58:27,31.41,-0.02,23,72247,卖盘
10:58:30,31.41,0.0,3,9425,卖盘
10:58:33,31.41,0.0,17,53401,卖盘
10:58:36,31.43,0.02,6,18850,买盘
10:58:41,31.42,-0.01,60,188476,卖盘
10:58:45,31.42,0.0,4,12568,卖盘
10:58:47,31.42,0.0,157,493828,卖盘
10:58:54,31.44,0.02,7,22008,卖盘
10:59:00,31.44,0.0,2,6288,买盘
10:59:03,31.42,-0.02,5,15716,卖盘
10:59:06,31.44,0.02,78,245232,买盘
10:59:09,31.43,-0.01,8,25144,中性盘
10:59:12,31.43,0.0,47,147721,卖盘
10:59:15,31.43,0.0,51,160336,卖盘
10:59:17,31.44,0.01,50,157200,买盘
10:59:21,31.44,0.0,1,3144,卖盘
10:59:23,31.45,0.01,9,28298,中性盘
10:59:26,31.44,-0.01,25,78624,卖盘
10:59:30,31.47,0.03,103,324061,买盘
10:59:33,31.47,0.0,7,22017,买盘
10:59:36,31.44,-0.03,11,34594,卖盘
10:59:38,31.46,0.02,3,9438,卖盘
10:59:42,31.47,0.01,102,320832,买盘
10:59:48,31.46,-0.01,10,31455,买盘
10:59:50,31.45,-0.01,39,122735,卖盘
10:59:54,31.45,0.0,12,37748,卖盘
10:59:57,31.48,0.03,34,107032,买盘
10:59:59,31.47,-0.01,4,12588,中性盘
11:00:02,31.48,0.01,19,59810,买盘
11:00:06,31.48,0.0,146,459608,买盘
11:00:08,31.47,-0.01,30,94432,卖盘
11:00:11,31.49,0.02,148,465919,买盘
11:00:15,31.48,-0.01,9,28337,卖盘
11:00:18,31.49,0.01,15,47223,买盘
11:00:21,31.48,-0.01,13,40935,卖盘
11:00:23,31.49,0.01,15,47225,买盘
11:00:26,31.5,0.01,528,1662982,买盘
11:00:29,31.51,0.01,21,66151,买盘
11:00:32,31.5,-0.01,545,1716786,卖盘
11:00:36,31.5,0.0,10,31504,买盘
11:00:39,31.5,0.0,7,22050,买盘
11:00:42,31.47,-0.03,46,144807,卖盘
11:00:44,31.49,0.02,40,125971,卖盘
11:00:48,31.51,0.02,300,945221,买盘
11:00:50,31.51,0.0,9,28359,买盘
11:00:54,31.47,-0.04,26,81875,卖盘
11:00:56,31.5,0.03,58,182698,买盘
11:01:00,31.51,0.01,86,270913,买盘
11:01:03,31.5,-0.01,36,113413,卖盘
11:01:05,31.51,0.01,170,535663,买盘
11:01:08,31.51,0.0,11,34664,卖盘
11:01:12,31.52,0.01,65,204832,买盘
11:01:14,31.51,-0.01,422,1330394,卖盘
11:01:18,31.51,0.0,53,166988,买盘
11:01:21,31.51,0.0,8,25220,卖盘
11:01:24,31.52,0.01,28,88297,中性盘
11:01:27,31.52,0.0,29,91408,卖盘
11:01:30,31.51,-0.01,61,192295,卖盘
11:01:33,31.52,0.01,11,34674,中性盘
11:01:35,31.53,0.01,26,81960,买盘
11:01:39,31.5,-0.03,2,6300,卖盘
11:01:41,31.51,0.01,50,157502,中性盘
11:01:44,31.52,0.01,1,3152,买盘
11:01:48,31.52,0.0,61,192272,买盘
11:01:50,31.51,-0.01,12,37817,卖盘
11:01:53,31.52,0.01,8,25211,买盘
11:01:56,31.55,0.03,317,999762,买盘
11:02:00,31.52,-0.03,7,22064,买盘
11:02:03,31.52,0.0,8,25219,卖盘
11:02:05,31.53,0.01,77,242781,买盘
11:02:09,31.52,-0.01,14,44135,卖盘
11:02:12,31.51,-0.01,56,176490,卖盘
11:02:15,31.52,0.01,16,50439,中性盘
11:02:17,31.53,0.01,2,6305,买盘
11:02:21,31.53,0.0,51,160803,买盘
11:02:24,31.53,0.0,14,44142,卖盘
11:02:26,31.54,0.01,99,312169,买盘
11:02:29,31.53,-0.01,4,12613,卖盘
11:02:33,31.53,0.0,4,12615,卖盘
11:02:35,31.54,0.01,3,9462,买盘
11:02:39,31.53,-0.01,223,703336,卖盘
11:02:41,31.54,0.01,224,706275,买盘
11:02:45,31.54,0.0,10,31534,买盘
11:02:48,31.53,-0.01,216,681427,卖盘
11:02:50,31.53,0.0,1,3153,卖盘
11:02:53,31.54,0.01,16,50464,卖盘
11:02:56,31.54,0.0,2,6307,买盘
11:03:00,31.53,-0.01,13,40996,卖盘
11:03:01,31.54,0.01,101,318548,买盘
11:03:05,31.53,-0.01,15,47307,卖盘
11:03:09,31.53,0.0,109,343768,卖盘
11:03:11,31.54,0.01,215,678025,买盘
11:03:15,31.53,-0.01,78,245978,卖盘
11:03:18,31.53,0.0,74,233321,买盘
11:03:21,31.53,0.0,272,858049,买盘
11:03:24,31.55,0.02,119,375421,买盘
11:03:26,31.54,-0.01,71,223912,卖盘
11:03:30,31.56,0.02,57,179866,买盘
11:03:33,31.54,-0.02,4,12615,中性盘
11:03:36,31.54,0.0,3,9464,卖盘
11:03:39,31.55,0.01,3,9465,买盘
11:03:41,31.53,-0.02,56,176657,卖盘
11:03:44,31.55,0.02,2,6308,中性盘
11:03:48,31.55,0.0,1,3155,买盘
11:03:51,31.53,-0.02,43,135580,卖盘
11:03:53,31.53,0.0,4,12612,卖盘
11:03:56,31.55,0.02,108,340767,买盘
11:04:00,31.53,-0.02,5,15764,中性盘
11:04:01,31.56,0.03,228,719398,买盘
11:04:05,31.55,-0.01,20,63057,中性盘
11:04:09,31.55,0.0,11,34705,卖盘
11:04:12,31.53,-0.02,49,154507,卖盘
11:04:15,31.53,0.0,20,63107,卖盘
11:04:18,31.55,0.02,1,3155,中性盘
11:04:20,31.55,0.0,29,91420,买盘
11:04:24,31.55,0.0,4,12618,买盘
11:04:27,31.53,-0.02,32,100910,卖盘
11:04:29,31.53,0.0,2,6308,卖盘
11:04:32,31.55,0.02,14,44154,买盘
11:04:36,31.53,-0.02,2,6306,卖盘
11:04:39,31.53,0.0,8,25226,卖盘
11:04:41,31.52,-0.01,52,163931,卖盘
11:04:44,31.53,0.01,6,18921,买盘
11:04:47,31.54,0.01,2,6307,中性盘
11:04:50,31.53,-0.01,14,44153,卖盘
11:04:53,31.53,0.0,26,82014,卖盘
11:04:57,31.51,-0.02,2,6304,卖盘
11:04:59,31.53,0.02,7,22073,卖盘
11:05:03,31.54,0.01,17,53616,买盘
11:05:06,31.54,0.0,66,208165,卖盘
11:05:09,31.54,0.0,1,3154,卖盘
11:05:12,31.51,-0.03,30,94530,卖盘
11:05:15,31.51,0.0,2,6302,买盘
11:05:17,31.5,-0.01,2,6300,卖盘
11:05:21,31.5,0.0,3,9452,卖盘
11:05:23,31.51,0.01,8,25203,买盘
11:05:27,31.5,-0.01,56,176405,卖盘
11:05:30,31.51,0.01,11,34661,买盘
11:05:33,31.54,0.03,36,113522,买盘
11:05:36,31.54,0.0,17,53619,卖盘
11:05:38,31.54,0.0,7,22078,卖盘
11:05:42,31.51,-0.03,61,192245,卖盘
11:05:45,31.51,0.0,4,12604,卖盘
11:05:47,31.54,0.03,64,201903,买盘
11:05:51,31.53,-0.01,4,12612,卖盘
11:05:53,31.51,-0.02,24,75688,卖盘
11:05:56,31.54,0.03,25,78847,买盘
11:06:00,31.54,0.0,67,211339,卖盘
11:06:02,31.54,0.0,11,34694,卖盘
11:06:05,31.54,0.0,5,15770,卖盘
11:06:09,31.54,0.0,1,3154,卖盘
11:06:12,31.54,0.0,51,160854,卖盘
11:06:15,31.53,-0.01,24,75691,卖盘
11:06:17,31.54,0.01,4,12614,买盘
11:06:24,31.53,-0.01,5,15768,卖盘
11:06:27,31.53,0.0,30,94579,卖盘
11:06:30,31.55,0.02,102,321726,买盘
11:06:32,31.53,-0.02,1,3153,买盘
11:06:34,31.51,-0.02,5,15755,卖盘
11:06:38,31.53,0.02,2,6306,买盘
11:06:42,31.52,-0.01,56,176531,卖盘
11:06:44,31.51,-0.01,2,6304,卖盘
11:06:47,31.53,0.02,3,9455,买盘
11:06:50,31.53,0.0,7,22067,买盘
11:06:54,31.53,0.0,4,12612,买盘
11:06:57,31.52,-0.01,12,39495,卖盘
11:06:59,31.52,0.0,9,28374,卖盘
11:07:03,31.53,0.01,60,189270,卖盘
11:07:05,31.55,0.02,77,242928,买盘
11:07:08,31.53,-0.02,4,12607,买盘
11:07:11,31.51,-0.02,106,334160,卖盘
11:07:14,31.53,0.02,9,28368,买盘
11:07:17,31.53,0.0,5,15765,卖盘
11:07:20,31.53,0.0,1,3153,卖盘
11:07:22,31.53,0.0,20,63072,卖盘
11:07:26,31.53,0.0,46,145038,卖盘
11:07:29,31.53,0.0,22,69366,买盘
11:07:32,31.51,-0.02,2,6302,卖盘
11:07:35,31.55,0.04,59,186101,买盘
11:07:38,31.51,-0.04,3,9453,卖盘
11:07:41,31.51,0.0,72,226921,卖盘
11:07:45,31.51,0.0,6,18926,卖盘
11:07:47,31.51,0.0,12,37812,卖盘
11:07:49,31.54,0.03,1,3154,买盘
11:07:53,31.51,-0.03,68,214281,卖盘
11:07:57,31.51,0.0,1,3151,卖盘
11:08:00,31.52,0.01,4,12608,买盘
11:08:02,31.52,0.0,9,28371,卖盘
11:08:05,31.53,0.01,26,81973,买盘
11:08:08,31.53,0.0,45,141886,卖盘
11:08:12,31.51,-0.02,149,469713,卖盘
11:08:14,31.51,0.0,3,9453,卖盘
11:08:16,31.52,0.01,4,12606,买盘
11:08:20,31.52,0.0,6,18909,买盘
11:08:23,31.52,0.0,5,15760,买盘
11:08:26,31.52,0.0,40,126045,买盘
11:08:29,31.5,-0.02,96,302496,卖盘
11:08:32,31.51,0.01,15,47268,买盘
11:08:35,31.51,0.0,1,3151,买盘
11:08:38,31.5,-0.01,2,6300,卖盘
11:08:41,31.5,0.0,7,22054,卖盘
11:08:45,31.51,0.01,53,166957,买盘
11:08:48,31.52,0.01,302,951321,买盘
11:08:50,31.51,-0.01,37,116571,卖盘
11:08:53,31.52,0.01,84,264706,买盘
11:08:56,31.5,-0.02,1,3150,卖盘
11:08:59,31.5,0.0,9,28357,卖盘
11:09:02,31.5,0.0,21,66145,中性盘
11:09:05,31.51,0.01,24,75624,买盘
11:09:11,31.51,0.0,2,6302,卖盘
11:09:13,31.51,0.0,56,176456,卖盘
11:09:17,31.5,-0.01,3,9452,卖盘
11:09:20,31.5,0.0,2,6300,卖盘
11:09:23,31.5,0.0,7,22056,卖盘
11:09:27,31.5,0.0,27,85050,卖盘
11:09:29,31.5,0.0,96,302400,卖盘
11:09:31,31.51,0.01,37,116585,买盘
11:09:35,31.51,0.0,165,519892,买盘
11:09:38,31.51,0.0,8,25202,买盘
11:09:44,31.5,-0.01,52,163800,卖盘
11:09:46,31.5,0.0,6,18900,卖盘
11:09:53,31.5,0.0,54,170101,卖盘
11:09:56,31.5,0.0,23,72450,买盘
11:09:59,31.5,0.0,112,352781,卖盘
11:10:02,31.5,0.0,88,277203,卖盘
11:10:05,31.5,0.0,127,400127,卖盘
11:10:07,31.5,0.0,16,50402,卖盘
11:10:11,31.5,0.0,31,97651,卖盘
11:10:14,31.5,0.0,78,245700,卖盘
11:10:17,31.49,-0.01,2,6298,卖盘
11:10:20,31.49,0.0,7,22046,卖盘
11:10:23,31.5,0.01,5,15750,买盘
11:10:26,31.49,-0.01,229,721127,卖盘
11:10:28,31.48,-0.01,39,122802,卖盘
11:10:32,31.49,0.01,10,31487,买盘
11:10:35,31.48,-0.01,116,365168,卖盘
11:10:38,31.47,-0.01,166,522676,卖盘
11:10:41,31.48,0.01,124,390432,中性盘
11:10:44,31.49,0.01,90,283313,买盘
11:10:49,31.48,-0.01,8,25182,买盘
11:10:52,31.47,-0.01,4,12588,卖盘
11:10:56,31.47,0.0,41,129027,卖盘
11:10:59,31.47,0.0,4,12590,卖盘
11:11:02,31.48,0.01,31,97587,买盘
11:11:05,31.48,0.0,52,163696,卖盘
11:11:08,31.47,-0.01,48,151056,卖盘
11:11:10,31.47,0.0,1,3147,卖盘
11:11:14,31.46,-0.01,12,37764,卖盘
11:11:17,31.46,0.0,4,12584,买盘
11:11:20,31.48,0.02,63,198250,买盘
11:11:23,31.48,0.0,2,6296,卖盘
11:11:26,31.48,0.0,127,399796,卖盘
11:11:28,31.48,0.0,104,327392,卖盘
11:11:32,31.45,-0.03,3,9436,卖盘
11:11:35,31.45,0.0,25,78664,卖盘
11:11:38,31.45,0.0,4,12580,卖盘
11:11:41,31.48,0.03,5,15740,买盘
11:11:44,31.45,-0.03,51,160408,卖盘
11:11:47,31.46,0.01,3,9438,卖盘
11:11:55,31.48,0.02,65,204616,买盘
11:11:59,31.46,-0.02,9,28324,卖盘
11:12:02,31.49,0.03,181,569888,买盘
11:12:05,31.47,-0.02,17,53531,卖盘
11:12:08,31.47,0.0,5,15739,卖盘
11:12:10,31.47,0.0,2,6294,卖盘
11:12:13,31.47,0.0,52,163644,卖盘
11:12:17,31.47,0.0,3,9441,卖盘
11:12:20,31.48,0.01,18,56662,买盘
11:12:23,31.48,0.0,151,475339,卖盘
11:12:26,31.47,-0.01,77,242319,卖盘
11:12:29,31.46,-0.01,1,3146,卖盘
11:12:31,31.46,0.0,5,15730,卖盘
11:12:34,31.47,0.01,36,113292,买盘
11:12:41,31.46,-0.01,2,6292,卖盘
11:12:44,31.48,0.02,114,358705,买盘
11:12:47,31.48,0.0,2,6296,中性盘
11:12:50,31.47,-0.01,31,97545,卖盘
11:12:53,31.46,-0.01,21,66086,卖盘
11:12:56,31.46,0.0,85,267410,卖盘
11:12:58,31.46,0.0,2,6292,买盘
11:13:02,31.46,0.0,76,239094,买盘
11:13:04,31.46,0.0,12,37747,卖盘
11:13:08,31.48,0.02,29,91265,买盘
11:13:11,31.48,0.0,1,3148,卖盘
11:13:14,31.46,-0.02,60,188845,卖盘
11:13:17,31.46,0.0,4,12583,买盘
11:13:20,31.46,0.0,4,12584,买盘
11:13:23,31.45,-0.01,17,53480,卖盘
11:13:26,31.45,0.0,24,75480,卖盘
11:13:28,31.45,0.0,11,34595,卖盘
11:13:35,31.46,0.01,23,72357,买盘
11:13:37,31.46,0.0,6,18876,卖盘
11:13:41,31.46,0.0,1,3146,卖盘
11:13:44,31.46,0.0,63,198201,卖盘
11:13:47,31.47,0.01,5,15732,买盘
11:13:50,31.46,-0.01,5,15730,卖盘
11:13:52,31.46,0.0,11,34609,卖盘
11:13:56,31.47,0.01,12,37753,买盘
11:13:59,31.47,0.0,2,6294,买盘
11:14:02,31.47,0.0,11,34613,买盘
11:14:08,31.48,0.01,24,75530,买盘
11:14:11,31.47,-0.01,61,192020,卖盘
11:14:14,31.46,-0.01,40,125866,卖盘
11:14:17,31.46,0.0,1,3146,买盘
11:14:20,31.46,0.0,4,12582,买盘
11:14:23,31.46,0.0,7,22017,买盘
11:14:26,31.46,0.0,42,132106,买盘
11:14:28,31.46,0.0,2,6292,卖盘
11:14:32,31.46,0.0,1,3146,卖盘
11:14:35,31.47,0.01,5,15732,买盘
11:14:41,31.47,0.0,13,40899,买盘
11:14:44,31.47,0.0,15,47203,买盘
11:14:47,31.47,0.0,61,191871,买盘
11:14:50,31.47,0.0,2,6294,买盘
11:14:53,31.47,0.0,6,18880,买盘
11:14:56,31.47,0.0,4,12582,买盘
11:14:59,31.47,0.0,3,9443,卖盘
11:15:02,31.47,0.0,5,15731,买盘
11:15:05,31.47,0.0,9,28323,买盘
11:15:08,31.47,0.0,24,75528,卖盘
11:15:14,31.5,0.03,74,233070,买盘
11:15:16,31.5,0.0,141,444150,卖盘
11:15:19,31.5,0.0,4,12600,买盘
11:15:23,31.5,0.0,3,9450,买盘
11:15:26,31.47,-0.03,26,81832,卖盘
11:15:29,31.48,0.01,7,22040,卖盘
11:15:32,31.51,0.03,2,6302,买盘
11:15:35,31.47,-0.04,13,40913,卖盘
11:15:37,31.47,0.0,2,6295,卖盘
11:15:41,31.5,0.03,5,15748,买盘
11:15:44,31.48,-0.02,4,12591,买盘
11:15:47,31.47,-0.01,54,169910,卖盘
11:15:49,31.48,0.01,2,6296,卖盘
11:15:53,31.48,0.0,2,6296,买盘
11:15:56,31.5,0.02,15,47250,买盘
11:15:58,31.5,0.0,3,9448,买盘
11:16:02,31.5,0.0,33,103925,买盘
11:16:05,31.48,-0.02,6,18888,中性盘
11:16:07,31.48,0.0,13,40946,卖盘
11:16:11,31.5,0.02,48,151200,买盘
11:16:14,31.51,0.01,5,15752,买盘
11:16:17,31.52,0.01,76,239455,买盘
11:16:19,31.51,-0.01,2,6303,卖盘
11:16:23,31.51,0.0,6,18907,卖盘
11:16:26,31.51,0.0,34,107135,卖盘
11:16:29,31.52,0.01,37,116610,买盘
11:16:35,31.54,0.02,51,160812,买盘
11:16:41,31.54,0.0,1,3154,买盘
11:16:44,31.52,-0.02,5,15766,卖盘
11:16:46,31.53,0.01,55,173324,中性盘
11:16:50,31.54,0.01,89,280700,买盘
11:16:53,31.53,-0.01,7,22071,卖盘
11:16:56,31.52,-0.01,20,63038,卖盘
11:16:59,31.53,0.01,14,44142,买盘
11:17:02,31.53,0.0,6,18918,买盘
11:17:04,31.53,0.0,80,252232,买盘
11:17:08,31.53,0.0,7,22062,买盘
11:17:11,31.53,0.0,6,18918,买盘
11:17:13,31.53,0.0,3,9459,卖盘
11:17:17,31.51,-0.02,57,179665,卖盘
11:17:20,31.53,0.02,5,15763,买盘
11:17:23,31.53,0.0,11,34671,买盘
11:17:26,31.54,0.01,71,223820,买盘
11:17:28,31.51,-0.03,6,18908,卖盘
11:17:32,31.53,0.02,5,15765,中性盘
11:17:35,31.54,0.01,12,37831,买盘
11:17:40,31.52,-0.02,9,28373,卖盘
11:17:44,31.54,0.02,5,15768,买盘
11:17:46,31.52,-0.02,52,163912,卖盘
11:17:49,31.51,-0.01,7,22062,卖盘
11:17:52,31.52,0.01,2,6304,买盘
11:17:55,31.53,0.01,10,31525,买盘
11:18:01,31.53,0.0,13,40988,卖盘
11:18:05,31.54,0.01,17,53607,买盘
11:18:08,31.53,-0.01,13,40989,卖盘
11:18:13,31.54,0.01,12,37843,买盘
11:18:17,31.53,-0.01,71,223857,卖盘
11:18:20,31.52,-0.01,8,25223,卖盘
11:18:22,31.54,0.02,53,167158,买盘
11:18:26,31.53,-0.01,28,88246,中性盘
11:18:29,31.53,0.0,4,12614,卖盘
11:18:31,31.52,-0.01,5,15760,买盘
11:18:35,31.55,0.03,105,331172,买盘
11:18:38,31.51,-0.04,2,6302,卖盘
11:18:41,31.5,-0.01,800,2520016,卖盘
11:18:44,31.51,0.01,19,59859,中性盘
11:18:47,31.48,-0.03,29,91348,卖盘
11:18:53,31.49,0.01,2,6298,中性盘
11:18:56,31.49,0.0,30,94478,卖盘
11:18:59,31.49,0.0,5,15744,买盘
11:19:02,31.49,0.0,68,214132,买盘
11:19:05,31.47,-0.02,56,176328,卖盘
11:19:08,31.49,0.02,2,6299,中性盘
11:19:10,31.49,0.0,10,31483,卖盘
11:19:14,31.49,0.0,55,173094,买盘
11:19:17,31.45,-0.04,52,163576,卖盘
11:19:20,31.45,0.0,5,15725,买盘
11:19:26,31.44,-0.01,74,232674,卖盘
11:19:29,31.47,0.03,2,6294,买盘
11:19:32,31.45,-0.02,153,480940,中性盘
11:19:38,31.43,-0.02,4,12572,中性盘
11:19:41,31.42,-0.01,7,22000,卖盘
11:19:44,31.43,0.01,6,18855,买盘
11:19:47,31.42,-0.01,50,157140,卖盘
11:19:50,31.44,0.02,1,3144,买盘
11:19:52,31.43,-0.01,9,28286,买盘
11:19:56,31.44,0.01,5,15717,买盘
11:19:59,31.44,0.0,6,18865,买盘
11:20:02,31.45,0.01,30,94350,买盘
11:20:05,31.45,0.0,14,44030,卖盘
11:20:08,31.45,0.0,45,141525,卖盘
11:20:11,31.45,0.0,1,3145,买盘
11:20:13,31.44,-0.01,3,9434,卖盘
11:20:17,31.46,0.02,57,179208,买盘
11:20:20,31.45,-0.01,3,9435,中性盘
11:20:22,31.45,0.0,13,40885,卖盘
11:20:25,31.45,0.0,26,81734,卖盘
11:20:29,31.43,-0.02,1,3143,卖盘
11:20:31,31.44,0.01,4,12576,中性盘
11:20:35,31.44,0.0,3,9432,买盘
11:20:38,31.43,-0.01,5,15715,卖盘
11:20:44,31.44,0.01,2,6288,买盘
11:20:47,31.43,-0.01,55,172897,卖盘
11:20:53,31.45,0.02,5,15723,买盘
11:20:55,31.45,0.0,2,6290,买盘
11:20:59,31.42,-0.03,17,53441,卖盘
11:21:02,31.45,0.03,7,19931,买盘
11:21:11,31.45,0.0,12,39817,卖盘
11:21:14,31.46,0.01,3,9434,买盘
11:21:17,31.43,-0.03,51,160308,卖盘
11:21:20,31.43,0.0,1,3143,卖盘
11:21:23,31.43,0.0,93,292299,卖盘
11:21:26,31.43,0.0,40,125685,买盘
11:21:29,31.43,0.0,7,22001,卖盘
11:21:32,31.43,0.0,8,25144,买盘
11:21:35,31.43,0.0,2,6286,卖盘
11:21:37,31.45,0.02,5,15725,买盘
11:21:40,31.42,-0.03,94,295393,卖盘
11:21:44,31.44,0.02,5,15716,中性盘
11:21:47,31.45,0.01,7,22020,卖盘
11:21:50,31.43,-0.02,1,3143,买盘
11:21:53,31.42,-0.01,33,103711,卖盘
11:21:56,31.42,0.0,4,12570,卖盘
11:21:59,31.43,0.01,50,157062,买盘
11:22:02,31.44,0.01,23,72295,买盘
11:22:04,31.44,0.0,4,12576,卖盘
11:22:11,31.46,0.02,4,12584,买盘
11:22:14,31.46,0.0,6,18877,中性盘
11:22:17,31.43,-0.03,59,185470,卖盘
11:22:19,31.43,0.0,50,157302,卖盘
11:22:23,31.47,0.04,3,9441,买盘
11:22:26,31.47,0.0,52,163544,买盘
11:22:29,31.47,0.0,4,12576,买盘
11:22:35,31.47,0.0,29,91263,买盘
11:22:38,31.44,-0.03,5,15726,卖盘
11:22:40,31.47,0.03,7,22029,买盘
11:22:43,31.47,0.0,1,1070,卖盘
11:22:47,31.44,-0.03,54,169778,买盘
11:22:50,31.47,0.03,7,22023,中性盘
11:22:53,31.48,0.01,28,88133,买盘
11:22:55,31.47,-0.01,1,3147,中性盘
11:22:58,31.45,-0.02,9,28319,中性盘
11:23:02,31.47,0.02,10,31467,买盘
11:23:08,31.48,0.01,2,6296,买盘
11:23:11,31.47,-0.01,4,12588,卖盘
11:23:14,31.48,0.01,16,50360,买盘
11:23:17,31.47,-0.01,48,151057,卖盘
11:23:20,31.49,0.02,3,9446,买盘
11:23:23,31.47,-0.02,10,31486,卖盘
11:23:25,31.47,0.0,24,75528,卖盘
11:23:29,31.5,0.03,8,25198,买盘
11:23:34,31.49,-0.01,3,9447,卖盘
11:23:38,31.48,-0.01,13,40944,卖盘
11:23:41,31.47,-0.01,9,28324,卖盘
11:23:44,31.45,-0.02,1,3145,卖盘
11:23:47,31.49,0.04,38,119648,买盘
11:23:50,31.45,-0.04,52,163540,卖盘
11:23:53,31.45,0.0,5,15729,卖盘
11:23:56,31.47,0.02,18,56651,买盘
11:23:58,31.47,0.0,5,15737,卖盘
11:24:02,31.49,0.02,6,18891,买盘
11:24:04,31.49,0.0,3,9447,买盘
11:24:08,31.49,0.0,12,37788,卖盘
11:24:11,31.5,0.01,10,31495,买盘
11:24:14,31.49,-0.01,63,198388,卖盘
11:24:17,31.48,-0.01,98,308600,卖盘
11:24:20,31.48,0.0,10,31485,卖盘
11:24:23,31.48,0.0,21,66108,买盘
11:24:26,31.48,0.0,32,100703,买盘
11:24:29,31.45,-0.03,6,18885,卖盘
11:24:32,31.47,0.02,1,3147,买盘
11:24:35,31.47,0.0,17,53479,买盘
11:24:38,31.45,-0.02,2,6292,卖盘
11:24:41,31.47,0.02,4,12582,买盘
11:24:50,31.45,-0.02,55,172991,卖盘
11:24:53,31.48,0.03,7,22034,买盘
11:24:55,31.47,-0.01,1,3147,中性盘
11:24:59,31.48,0.01,8,25178,买盘
11:25:03,31.47,-0.01,21,66051,中性盘
11:25:05,31.47,0.0,72,226588,买盘
11:25:07,31.47,0.0,1,3147,卖盘
11:25:11,31.47,0.0,2,6294,卖盘
11:25:14,31.48,0.01,8,25182,买盘
11:25:18,31.48,0.0,55,173010,买盘
11:25:20,31.45,-0.03,50,157250,卖盘
11:25:23,31.45,0.0,6,18872,卖盘
11:25:25,31.45,0.0,22,69190,卖盘
11:25:29,31.45,0.0,17,53475,卖盘
11:25:32,31.47,0.02,5,15735,买盘
11:25:34,31.45,-0.02,9,28305,卖盘
11:25:38,31.47,0.02,7,22029,买盘
11:25:41,31.45,-0.02,7,22015,卖盘
11:25:44,31.45,0.0,9,28315,卖盘
11:25:47,31.45,0.0,14,44029,卖盘
11:25:50,31.45,0.0,70,220090,买盘
11:25:56,31.45,0.0,16,50326,卖盘
11:25:58,31.44,-0.01,27,84957,卖盘
11:26:02,31.47,0.03,6,18882,买盘
11:26:08,31.47,0.0,5,15736,卖盘
11:26:11,31.48,0.01,6,18888,买盘
11:26:14,31.48,0.0,5,15740,买盘
11:26:16,31.47,-0.01,17,53504,卖盘
11:26:20,31.49,0.02,57,179392,买盘
11:26:23,31.47,-0.02,10,31472,卖盘
11:26:26,31.49,0.02,61,192088,买盘
11:26:32,31.48,-0.01,7,22032,买盘
11:26:35,31.54,0.06,839,2644107,买盘
11:26:38,31.48,-0.06,6,18893,中性盘
11:26:41,31.49,0.01,5,15745,卖盘
11:26:44,31.53,0.04,8,25224,买盘
11:26:47,31.53,0.0,5,15756,买盘
11:26:49,31.53,0.0,67,211009,买盘
11:26:53,31.53,0.0,9,28352,买盘
11:26:56,31.53,0.0,6,18917,买盘
11:26:59,31.53,0.0,3,9459,买盘
11:27:02,31.53,0.0,33,104051,买盘
11:27:05,31.53,0.0,17,53601,卖盘
11:27:08,31.53,0.0,37,116666,卖盘
11:27:11,31.54,0.01,9,28384,买盘
11:27:13,31.53,-0.01,8,25227,卖盘
11:27:18,31.5,-0.03,37,116663,卖盘
11:27:20,31.5,0.0,55,173254,买盘
11:27:23,31.54,0.04,236,744324,买盘
11:27:26,31.54,0.0,33,104082,卖盘
11:27:29,31.54,0.0,49,154546,卖盘
11:27:32,31.54,0.0,6,18920,买盘
11:27:35,31.5,-0.04,1,3150,卖盘
11:27:38,31.54,0.04,8,25220,买盘
11:27:44,31.48,-0.06,17,53551,卖盘
11:27:48,31.5,0.02,2,6300,卖盘
11:27:50,31.5,0.0,55,173160,买盘
11:27:53,31.51,0.01,6,18903,卖盘
11:27:56,31.53,0.02,5,15765,买盘
11:27:58,31.5,-0.03,9,28356,卖盘
11:28:01,31.52,0.02,86,271159,买盘
11:28:08,31.52,0.0,4,12608,买盘
11:28:12,31.5,-0.02,6,18898,卖盘
11:28:14,31.48,-0.02,8,25184,买盘
11:28:20,31.48,0.0,56,176408,卖盘
11:28:23,31.52,0.04,1,3152,中性盘
11:28:26,31.53,0.01,9,28373,买盘
11:28:33,31.53,0.0,9,28370,买盘
11:28:35,31.54,0.01,8,25227,买盘
11:28:38,31.49,-0.05,12,37808,卖盘
11:28:41,31.48,-0.01,3,9454,卖盘
11:28:44,31.53,0.05,8,25209,买盘
11:28:50,31.48,-0.05,59,185770,卖盘
11:28:53,31.5,0.02,2,6300,中性盘
11:28:56,31.52,0.02,5,15752,买盘
11:28:59,31.53,0.01,2,6306,买盘
11:29:03,31.53,0.0,61,192328,买盘
11:29:05,31.53,0.0,20,63060,卖盘
11:29:08,31.54,0.01,5,15770,买盘
11:29:12,31.53,-0.01,4,12612,卖盘
11:29:14,31.54,0.01,11,34688,买盘
11:29:18,31.53,-0.01,47,148191,卖盘
11:29:20,31.49,-0.04,10,31510,卖盘
11:29:23,31.49,0.0,10,31490,买盘
11:29:26,31.48,-0.01,31,97615,卖盘
11:29:29,31.49,0.01,11,34639,买盘
11:29:33,31.48,-0.01,23,72470,卖盘
11:29:38,31.49,0.01,6,18894,卖盘
11:29:41,31.53,0.04,25,78825,买盘
11:29:46,31.49,-0.04,26,81974,卖盘
11:29:50,31.51,0.02,28,88270,中性盘
11:29:53,31.49,-0.02,53,166899,卖盘
11:29:56,31.53,0.04,44,138731,买盘
11:29:59,31.48,-0.05,43,135523,卖盘
13:00:00,31.48,0.0,6,18894,卖盘
13:00:03,31.5,0.02,350,1102089,买盘
13:00:06,31.5,0.0,489,1538453,买盘
13:00:09,31.48,-0.02,12,37794,中性盘
13:00:12,31.48,0.0,47,148001,卖盘
13:00:13,31.48,0.0,90,283381,卖盘
13:00:16,31.48,0.0,36,113329,卖盘
13:00:21,31.48,0.0,16,50369,买盘
13:00:24,31.48,0.0,34,107022,卖盘
13:00:27,31.48,0.0,68,214032,买盘
13:00:30,31.48,0.0,2,6296,买盘
13:00:33,31.46,-0.02,10,31472,卖盘
13:00:36,31.48,0.02,3,9444,买盘
13:00:39,31.48,0.0,2,6296,买盘
13:00:42,31.46,-0.02,13,40898,卖盘
13:00:45,31.46,0.0,10,31470,卖盘
13:00:48,31.48,0.02,6,18888,买盘
13:00:51,31.48,0.0,19,59812,卖盘
13:00:53,31.46,-0.02,60,188764,卖盘
13:00:57,31.46,0.0,21,66066,卖盘
13:01:00,31.46,0.0,4,12584,买盘
13:01:01,31.5,0.04,13,40926,买盘
13:01:06,31.48,-0.02,2,6296,中性盘
13:01:09,31.48,0.0,3,9444,卖盘
13:01:12,31.48,0.0,64,201473,卖盘
13:01:15,31.48,0.0,9,28338,中性盘
13:01:18,31.46,-0.02,13,40927,卖盘
13:01:21,31.46,0.0,10,31466,卖盘
13:01:24,31.46,0.0,59,185631,卖盘
13:01:30,31.46,0.0,11,34626,卖盘
13:01:33,31.48,0.02,5,15740,买盘
13:01:41,31.47,-0.01,10,31470,卖盘
13:01:48,31.46,-0.01,15,47195,卖盘
13:01:51,31.47,0.01,153,481210,买盘
13:01:54,31.45,-0.02,17,53497,卖盘
13:01:57,31.45,0.0,1,3145,买盘
13:02:00,31.45,0.0,2,6290,买盘
13:02:03,31.46,0.01,41,128934,买盘
13:02:06,31.45,-0.01,4,14185,卖盘
13:02:08,31.46,0.01,1,3146,卖盘
13:02:12,31.46,0.0,74,232804,卖盘
13:02:15,31.45,-0.01,1,3145,卖盘
13:02:18,31.45,0.0,21,66053,卖盘
13:02:24,31.45,0.0,53,166685,卖盘
13:02:27,31.45,0.0,145,456025,卖盘
13:02:30,31.46,0.01,1,3146,买盘
13:02:33,31.46,0.0,6,18876,买盘
13:02:36,31.46,0.0,14,44035,买盘
13:02:42,31.46,0.0,4,12584,买盘
13:02:44,31.45,-0.01,154,484331,卖盘
13:02:48,31.45,0.0,11,34600,卖盘
13:02:54,31.43,-0.02,30,92735,卖盘
13:02:56,31.43,0.0,4,12571,买盘
13:03:00,31.43,0.0,22,69139,买盘
13:03:03,31.45,0.02,25,80207,买盘
13:03:05,31.46,0.01,2,6292,买盘
13:03:08,31.45,-0.01,4,12580,卖盘
13:03:11,31.45,0.0,106,333371,卖盘
13:03:18,31.46,0.01,5,15730,买盘
13:03:21,31.46,0.0,6,18872,买盘
13:03:24,31.45,-0.01,54,169830,卖盘
13:03:27,31.46,0.01,12,37744,买盘
13:03:29,31.43,-0.03,24,75490,卖盘
13:03:32,31.45,0.02,5,15725,买盘
13:03:39,31.43,-0.02,13,40859,卖盘
13:03:41,31.43,0.0,5,15715,卖盘
13:03:45,31.43,0.0,13,40859,卖盘
13:03:47,31.45,0.02,5,15725,买盘
13:03:50,31.45,0.0,3,9435,买盘
13:03:54,31.48,0.03,562,1768124,买盘
13:04:00,31.46,-0.02,4,12583,买盘
13:04:03,31.42,-0.04,88,276828,卖盘
13:04:06,31.48,0.06,211,663904,买盘
13:04:14,31.46,-0.02,4,12584,卖盘
13:04:18,31.48,0.02,11,33076,买盘
13:04:21,31.46,-0.02,1,3146,卖盘
13:04:24,31.43,-0.03,48,151006,卖盘
13:04:27,31.43,0.0,1,3143,卖盘
13:04:30,31.46,0.03,1,3146,买盘
13:04:33,31.46,0.0,15,47163,买盘
13:04:36,31.43,-0.03,9,28305,卖盘
13:04:39,31.46,0.03,1,3146,买盘
13:04:42,31.43,-0.03,26,81718,卖盘
13:04:48,31.43,0.0,10,31445,卖盘
13:04:50,31.43,0.0,20,62917,卖盘
13:04:53,31.42,-0.01,54,169707,卖盘
13:04:57,31.43,0.01,5,15717,中性盘
13:04:59,31.43,0.0,17,53421,买盘
13:05:03,31.45,0.02,28,88009,买盘
13:05:09,31.43,-0.02,5,15715,卖盘
13:05:12,31.43,0.0,31,97433,卖盘
13:05:18,31.43,0.0,14,44008,卖盘
13:05:21,31.43,0.0,6,18858,卖盘
13:05:24,31.43,0.0,54,169723,卖盘
13:05:27,31.43,0.0,15,47149,卖盘
13:05:30,31.43,0.0,4,12572,卖盘
13:05:33,31.43,0.0,6,18858,卖盘
13:05:36,31.42,-0.01,10,31435,卖盘
13:05:39,31.42,0.0,3,9429,卖盘
13:05:42,31.42,0.0,4,12568,卖盘
13:05:45,31.44,0.02,1,3144,买盘
13:05:47,31.44,0.0,6,18864,买盘
13:05:51,31.44,0.0,5,15720,买盘
13:05:54,31.42,-0.02,67,210514,卖盘
13:05:59,31.42,0.0,5,15712,卖盘
13:06:03,31.42,0.0,93,292371,卖盘
13:06:05,31.42,0.0,48,150826,卖盘
13:06:15,31.42,0.0,2,6284,卖盘
13:06:18,31.44,0.02,5,15720,买盘
13:06:20,31.42,-0.02,15,47134,卖盘
13:06:24,31.42,0.0,51,160242,卖盘
13:06:26,31.42,0.0,5,15710,卖盘
13:06:33,31.44,0.02,6,18864,买盘
13:06:38,31.42,-0.02,3,9426,卖盘
13:06:42,31.44,0.02,3,9432,买盘
13:06:48,31.42,-0.02,16,50282,卖盘
13:06:54,31.42,0.0,55,172810,卖盘
13:06:57,31.42,0.0,13,40846,卖盘
13:07:00,31.44,0.02,6,18856,买盘
13:07:03,31.44,0.0,25,78560,买盘
13:07:06,31.43,-0.01,13,40859,卖盘
13:07:08,31.43,0.0,11,34576,卖盘
13:07:12,31.43,0.0,88,276655,卖盘
13:07:15,31.43,0.0,52,163436,卖盘
13:07:17,31.43,0.0,5,15715,买盘
13:07:24,31.43,0.0,76,238803,买盘
13:07:33,31.42,-0.01,33,103692,卖盘
13:07:36,31.42,0.0,1,3142,卖盘
13:07:42,31.42,0.0,69,216849,卖盘
13:07:45,31.42,0.0,10,31423,卖盘
13:07:48,31.41,-0.01,19,59685,卖盘
13:07:51,31.41,0.0,1,3141,卖盘
13:07:54,31.41,0.0,55,172763,卖盘
13:07:56,31.42,0.01,4,12565,买盘
13:08:00,31.42,0.0,3,9425,买盘
13:08:03,31.42,0.0,91,285915,买盘
13:08:06,31.41,-0.01,6,18849,卖盘
13:08:09,31.41,0.0,8,25128,卖盘
13:08:12,31.4,-0.01,236,741575,卖盘
13:08:18,31.4,0.0,81,254337,买盘
13:08:21,31.4,0.0,5,15700,买盘
13:08:24,31.4,0.0,1,3140,买盘
13:08:27,31.39,-0.01,55,172645,卖盘
13:08:30,31.4,0.01,16,50237,买盘
13:08:33,31.39,-0.01,95,298205,卖盘
13:08:36,31.38,-0.01,39,122419,卖盘
13:08:39,31.38,0.0,4,12553,卖盘
13:08:42,31.39,0.01,6,18829,买盘
13:08:45,31.38,-0.01,2,6277,卖盘
13:08:48,31.39,0.01,5,15695,买盘
13:08:51,31.38,-0.01,65,203972,卖盘
13:08:54,31.38,0.0,27,84752,卖盘
13:08:56,31.38,0.0,77,241627,卖盘
13:08:59,31.39,0.01,2,6278,买盘
13:09:03,31.39,0.0,80,251117,买盘
13:09:06,31.38,-0.01,156,489536,卖盘
13:09:08,31.38,0.0,74,232207,买盘
13:09:12,31.37,-0.01,21,65897,卖盘
13:09:14,31.37,0.0,50,156869,卖盘
13:09:18,31.38,0.01,5,15690,中性盘
13:09:21,31.38,0.0,1,3138,卖盘
13:09:24,31.38,0.0,9,28242,卖盘
13:09:26,31.37,-0.01,51,160000,卖盘
13:09:33,31.38,0.01,5,15690,买盘
13:09:36,31.37,-0.01,12,37644,卖盘
13:09:42,31.38,0.01,8,25104,买盘
13:09:45,31.37,-0.01,24,75318,卖盘
13:09:48,31.38,0.01,23,72174,买盘
13:09:53,31.39,0.01,1,3139,买盘
13:09:57,31.37,-0.02,56,175689,卖盘
13:10:00,31.38,0.01,2,6276,买盘
13:10:03,31.39,0.01,10,31381,买盘
13:10:06,31.39,0.0,3,9417,买盘
13:10:09,31.38,-0.01,100,313820,卖盘
13:10:14,31.37,-0.01,84,263541,卖盘
13:10:18,31.37,0.0,79,247848,卖盘
13:10:21,31.38,0.01,5,15690,买盘
13:10:27,31.37,-0.01,55,172535,卖盘
13:10:30,31.37,0.0,165,517605,卖盘
13:10:32,31.36,-0.01,52,163132,卖盘
13:10:39,31.38,0.02,5,15689,买盘
13:10:42,31.38,0.0,14,43922,买盘
13:10:45,31.38,0.0,3,9412,买盘
13:10:48,31.38,0.0,14,43932,买盘
13:10:51,31.37,-0.01,10,31370,卖盘
13:10:53,31.37,0.0,1,3137,卖盘
13:10:56,31.38,0.01,47,147409,买盘
13:11:00,31.38,0.0,12,37656,买盘
13:11:02,31.37,-0.01,106,332518,中性盘
13:11:06,31.37,0.0,9,28232,买盘
13:11:08,31.37,0.0,1,3137,买盘
13:11:12,31.36,-0.01,100,313600,卖盘
13:11:15,31.36,0.0,11,34503,卖盘
13:11:18,31.37,0.01,164,514468,买盘
13:11:24,31.37,0.0,4,12548,卖盘
13:11:27,31.37,0.0,79,247823,卖盘
13:11:30,31.36,-0.01,34,106625,卖盘
13:11:32,31.37,0.01,5,15685,买盘
13:11:36,31.36,-0.01,3,9408,卖盘
13:11:39,31.36,0.0,2,6272,卖盘
13:11:44,31.37,0.01,12,37635,买盘
13:11:48,31.36,-0.01,210,658565,卖盘
13:11:51,31.36,0.0,5,15682,卖盘
13:11:53,31.37,0.01,129,404568,买盘
13:11:56,31.36,-0.01,51,159890,买盘
13:12:00,31.37,0.01,4,12546,买盘
13:12:03,31.37,0.0,188,589656,买盘
13:12:06,31.36,-0.01,11,34499,卖盘
13:12:09,31.36,0.0,5,15681,卖盘
13:12:12,31.36,0.0,1,3136,卖盘
13:12:15,31.36,0.0,6,18818,卖盘
13:12:18,31.36,0.0,19,59589,卖盘
13:12:21,31.36,0.0,19,59597,卖盘
13:12:24,31.36,0.0,14,43904,卖盘
13:12:27,31.36,0.0,51,159941,卖盘
13:12:30,31.36,0.0,68,213248,卖盘
13:12:33,31.35,-0.01,7,21951,卖盘
13:12:42,31.35,0.0,7,21945,卖盘
13:12:45,31.35,0.0,1,3135,卖盘
13:12:48,31.36,0.01,5,15680,买盘
13:12:51,31.35,-0.01,121,379443,卖盘
13:12:54,31.35,0.0,4,12540,卖盘
13:12:57,31.35,0.0,160,501600,卖盘
13:13:00,31.36,0.01,2,6272,买盘
13:13:03,31.35,-0.01,81,254012,卖盘
13:13:06,31.35,0.0,55,172428,卖盘
13:13:09,31.35,0.0,53,166155,卖盘
13:13:12,31.35,0.0,6,18815,卖盘
13:13:15,31.36,0.01,6,18812,买盘
13:13:18,31.35,-0.01,1,3135,卖盘
13:13:24,31.35,0.0,101,316635,卖盘
13:13:27,31.35,0.0,52,163020,卖盘
13:13:30,31.35,0.0,39,122290,卖盘
13:13:33,31.35,0.0,9,28215,卖盘
13:13:36,31.35,0.0,17,53295,买盘
13:13:39,31.35,0.0,49,153614,卖盘
13:13:42,31.35,0.0,4,12540,买盘
13:13:45,31.35,0.0,5,15675,买盘
13:13:48,31.34,-0.01,3,9402,卖盘
13:13:51,31.35,0.01,17,53293,买盘
13:13:54,31.34,-0.01,6,18804,卖盘
13:13:57,31.35,0.01,95,297731,买盘
13:14:00,31.34,-0.01,16,50151,卖盘
13:14:03,31.34,0.0,139,435725,卖盘
13:14:06,31.34,0.0,6,18337,卖盘
13:14:08,31.34,0.0,8,25076,卖盘
13:14:12,31.35,0.01,18,56425,买盘
13:14:15,31.34,-0.01,13,40742,卖盘
13:14:18,31.35,0.01,5,15675,买盘
13:14:21,31.34,-0.01,3,9402,卖盘
13:14:24,31.34,0.0,102,319669,卖盘
13:14:27,31.34,0.0,75,235068,卖盘
13:14:29,31.35,0.01,318,996915,买盘
13:14:33,31.35,0.0,3,9405,卖盘
13:14:36,31.35,0.0,10,31350,卖盘
13:14:39,31.36,0.01,11,34496,买盘
13:14:42,31.35,-0.01,12,37631,卖盘
13:14:45,31.35,0.0,33,103476,卖盘
13:14:48,31.36,0.01,46,144250,买盘
13:14:51,31.35,-0.01,23,72117,卖盘
13:14:54,31.35,0.0,25,78397,卖盘
13:14:57,31.36,0.01,61,191240,买盘
13:15:00,31.36,0.0,17,53310,买盘
13:15:03,31.35,-0.01,85,266553,卖盘
13:15:06,31.35,0.0,7,21948,卖盘
13:15:08,31.36,0.01,13,40767,买盘
13:15:12,31.37,0.01,228,715012,买盘
13:15:17,31.37,0.0,55,172519,买盘
13:15:21,31.36,-0.01,21,65859,卖盘
13:15:24,31.37,0.01,24,75287,买盘
13:15:26,31.36,-0.01,298,934548,卖盘
13:15:30,31.36,0.0,31,97242,卖盘
13:15:33,31.37,0.01,15,47055,买盘
13:15:36,31.36,-0.01,38,119197,卖盘
13:15:42,31.38,0.02,85,266693,买盘
13:15:45,31.37,-0.01,6,18827,卖盘
13:15:48,31.37,0.0,100,313700,卖盘
13:15:51,31.36,-0.01,3,9408,卖盘
13:15:54,31.37,0.01,6,18822,买盘
13:15:57,31.36,-0.01,92,288550,卖盘
13:16:00,31.36,0.0,16,50178,卖盘
13:16:03,31.37,0.01,87,272917,买盘
13:16:06,31.37,0.0,2,6274,买盘
13:16:09,31.37,0.0,5,15685,买盘
13:16:12,31.36,-0.01,8,25093,卖盘
13:16:15,31.37,0.01,39,122341,买盘
13:16:21,31.37,0.0,2,6274,买盘
13:16:24,31.36,-0.01,9,28229,卖盘
13:16:26,31.36,0.0,157,492359,卖盘
13:16:29,31.37,0.01,10,31367,买盘
13:16:33,31.36,-0.01,84,263425,卖盘
13:16:36,31.36,0.0,69,216383,买盘
13:16:39,31.36,0.0,2,6272,买盘
13:16:42,31.36,0.0,6,18816,买盘
13:16:45,31.35,-0.01,78,244604,卖盘
13:16:47,31.35,0.0,50,156799,卖盘
13:16:57,31.36,0.01,31,97190,买盘
13:17:00,31.35,-0.01,59,184972,卖盘
13:17:03,31.35,0.0,54,169317,卖盘
13:17:06,31.36,0.01,21,65861,卖盘
13:17:08,31.37,0.01,102,319873,买盘
13:17:12,31.37,0.0,155,486085,买盘
13:17:15,31.36,-0.01,1,3136,卖盘
13:17:18,31.36,0.0,6,18816,卖盘
13:17:20,31.37,0.01,22,69002,买盘
13:17:24,31.36,-0.01,62,194432,卖盘
13:17:27,31.38,0.02,66,206999,买盘
13:17:30,31.35,-0.03,67,210058,卖盘
13:17:32,31.35,0.0,1,3135,卖盘
13:17:36,31.36,0.01,3,9408,买盘
13:17:38,31.35,-0.01,10,31356,卖盘
13:17:41,31.35,0.0,2,6270,卖盘
13:17:45,31.36,0.01,6,18816,买盘
13:17:51,31.35,-0.01,6,18811,卖盘
13:17:54,31.36,0.01,90,282166,买盘
13:18:00,31.35,-0.01,111,347992,卖盘
13:18:03,31.36,0.01,115,360637,买盘
13:18:06,31.36,0.0,4,12547,卖盘
13:18:09,31.37,0.01,1,3137,买盘
13:18:12,31.36,-0.01,4,12545,卖盘
13:18:15,31.36,0.0,10,31369,卖盘
13:18:18,31.37,0.01,13,40777,买盘
13:18:21,31.37,0.0,1,3137,买盘
13:18:24,31.36,-0.01,15,47060,卖盘
13:18:27,31.36,0.0,2,6273,卖盘
13:18:30,31.37,0.01,46,144262,卖盘
13:18:33,31.37,0.0,25,78425,卖盘
13:18:36,31.37,0.0,13,40780,买盘
13:18:42,31.37,0.0,5,15685,买盘
13:18:45,31.36,-0.01,4,12545,卖盘
13:18:47,31.36,0.0,2,6273,卖盘
13:18:51,31.37,0.01,62,194494,买盘
13:18:54,31.37,0.0,25,78425,卖盘
13:18:57,31.37,0.0,9,28233,买盘
13:19:00,31.37,0.0,58,181895,买盘
13:19:03,31.37,0.0,71,222727,买盘
13:19:06,31.37,0.0,10,31373,卖盘
13:19:09,31.37,0.0,49,153698,卖盘
13:19:12,31.38,0.01,5,15690,买盘
13:19:15,31.38,0.0,35,109830,买盘
13:19:18,31.37,-0.01,3,9411,卖盘
13:19:21,31.37,0.0,2,6274,卖盘
13:19:30,31.37,0.0,60,188227,卖盘
13:19:33,31.38,0.01,286,897451,买盘
13:19:36,31.37,-0.01,12,37645,卖盘
13:19:42,31.36,-0.01,32,100383,卖盘
13:19:45,31.37,0.01,33,103521,买盘
13:19:47,31.38,0.01,36,112933,买盘
13:19:51,31.37,-0.01,5,15685,中性盘
13:19:54,31.37,0.0,1,3137,卖盘
13:19:57,31.38,0.01,41,128628,买盘
13:20:00,31.38,0.0,49,153715,买盘
13:20:03,31.38,0.0,92,288692,买盘
13:20:06,31.37,-0.01,4,12551,卖盘
13:20:09,31.38,0.01,4,12552,买盘
13:20:12,31.38,0.0,1,3138,买盘
13:20:15,31.38,0.0,10,31377,买盘
13:20:18,31.37,-0.01,74,232229,卖盘
13:20:21,31.38,0.01,62,194559,中性盘
13:20:24,31.39,0.01,262,822325,买盘
13:20:27,31.39,0.0,4,12556,卖盘
13:20:30,31.39,0.0,50,156950,卖盘
13:20:36,31.39,0.0,48,150672,卖盘
13:20:39,31.39,0.0,103,323317,卖盘
13:20:42,31.39,0.0,16,50239,卖盘
13:20:45,31.4,0.01,6,18839,买盘
13:20:48,31.39,-0.01,26,81637,卖盘
13:20:50,31.39,0.0,323,1014097,卖盘
13:20:54,31.39,0.0,7,21973,卖盘
13:21:00,31.37,-0.02,79,247988,卖盘
13:21:03,31.39,0.02,101,317039,买盘
13:21:05,31.39,0.0,4,12559,卖盘
13:21:09,31.39,0.0,2,6278,卖盘
13:21:12,31.39,0.0,6,18839,卖盘
13:21:14,31.4,0.01,45,141300,买盘
13:21:17,31.39,-0.01,61,191479,卖盘
13:21:21,31.38,-0.01,1,3138,卖盘
13:21:24,31.38,0.0,9,28250,卖盘
13:21:27,31.39,0.01,1,3139,买盘
13:21:29,31.37,-0.02,51,160014,卖盘
13:21:33,31.38,0.01,2,6276,卖盘
13:21:36,31.37,-0.01,1,3137,卖盘
13:21:39,31.38,0.01,1,3138,买盘
13:21:42,31.37,-0.01,25,78462,卖盘
13:21:45,31.37,0.0,8,25102,卖盘
13:21:48,31.38,0.01,1,3138,买盘
13:21:54,31.37,-0.01,9,28233,卖盘
13:21:57,31.38,0.01,2,6276,卖盘
13:22:00,31.37,-0.01,57,178850,卖盘
13:22:03,31.39,0.02,78,244842,买盘
13:22:06,31.37,-0.02,5,15691,卖盘
13:22:09,31.37,0.0,1,3137,卖盘
13:22:12,31.39,0.02,7,21971,买盘
13:22:15,31.39,0.0,3,9417,卖盘
13:22:18,31.39,0.0,1,3139,卖盘
13:22:24,31.39,0.0,48,150672,卖盘
13:22:30,31.37,-0.02,57,178819,卖盘
13:22:33,31.37,0.0,1,3137,卖盘
13:22:36,31.37,0.0,7,21959,卖盘
13:22:39,31.37,0.0,3,9411,卖盘
13:22:42,31.37,0.0,1,3137,卖盘
13:22:45,31.38,0.01,7,21966,买盘
13:22:48,31.37,-0.01,3,9411,卖盘
13:22:51,31.37,0.0,1,3137,卖盘
13:22:54,31.37,0.0,8,25096,卖盘
13:22:57,31.37,0.0,12,37644,卖盘
13:22:59,31.37,0.0,65,203912,卖盘
13:23:03,31.38,0.01,52,163175,买盘
13:23:06,31.39,0.01,58,182036,买盘
13:23:09,31.39,0.0,1,3139,买盘
13:23:12,31.38,-0.01,10,31380,卖盘
13:23:15,31.38,0.0,11,34517,买盘
13:23:21,31.37,-0.01,19,59603,卖盘
13:23:24,31.37,0.0,52,163124,卖盘
13:23:27,31.37,0.0,57,178809,卖盘
13:23:30,31.36,-0.01,89,279148,卖盘
13:23:36,31.35,-0.01,1,3135,卖盘
13:23:39,31.36,0.01,3,9408,买盘
13:23:42,31.35,-0.01,6,18810,卖盘
13:23:45,31.36,0.01,8,25085,买盘
13:23:48,31.36,0.0,2,6271,中性盘
13:23:50,31.35,-0.01,5,15675,卖盘
13:23:54,31.35,0.0,65,203775,卖盘
13:23:57,31.35,0.0,2,6270,卖盘
13:24:00,31.35,0.0,65,203792,卖盘
13:24:03,31.36,0.01,83,260283,买盘
13:24:06,31.35,-0.01,7,21947,卖盘
13:24:09,31.35,0.0,10,31350,卖盘
13:24:12,31.35,0.0,45,141075,卖盘
13:24:15,31.36,0.01,5,15680,买盘
13:24:18,31.35,-0.01,54,169295,卖盘
13:24:21,31.35,0.0,17,53294,买盘
13:24:24,31.35,0.0,150,470250,买盘
13:24:26,31.35,0.0,4,12540,卖盘
13:24:30,31.35,0.0,70,219452,卖盘
13:24:36,31.35,0.0,81,253935,卖盘
13:24:39,31.35,0.0,511,1602965,卖盘
13:24:42,31.35,0.0,10,31350,卖盘
13:24:45,31.38,0.03,1,3138,买盘
13:24:48,31.38,0.0,3,9414,买盘
13:24:51,31.36,-0.02,3,9408,卖盘
13:24:54,31.36,0.0,8,25088,卖盘
13:25:00,31.36,0.0,10,31374,卖盘
13:25:03,31.38,0.02,130,407811,买盘
13:25:05,31.38,0.0,3,9414,买盘
13:25:09,31.36,-0.02,18,56482,中性盘
13:25:12,31.35,-0.01,2,6270,卖盘
13:25:15,31.38,0.03,32,100407,买盘
13:25:18,31.35,-0.03,5,15677,卖盘
13:25:21,31.38,0.03,4,12552,买盘
13:25:25,31.37,-0.01,5,15682,卖盘
13:25:26,31.36,-0.01,8,25088,卖盘
13:25:31,31.38,0.02,8,25104,买盘
13:25:33,31.37,-0.01,52,163041,中性盘
13:25:36,31.39,0.02,20,62778,买盘
13:25:39,31.37,-0.02,6,18822,卖盘
13:25:45,31.37,0.0,8,25106,卖盘
13:25:49,31.39,0.02,17,53359,买盘
13:25:57,31.38,-0.01,3,9414,卖盘
13:25:59,31.39,0.01,13,40804,买盘
13:26:04,31.37,-0.02,45,141190,卖盘
13:26:05,31.38,0.01,14,43933,买盘
13:26:09,31.38,0.0,10,31380,买盘
13:26:11,31.38,0.0,5,15690,卖盘
13:26:15,31.38,0.0,1,3138,买盘
13:26:19,31.37,-0.01,3,9411,卖盘
13:26:21,31.37,0.0,39,122350,卖盘
13:26:24,31.37,0.0,63,197631,卖盘
13:26:27,31.36,-0.01,129,404715,卖盘
13:26:30,31.36,0.0,6,18819,卖盘
13:26:33,31.35,-0.01,52,163021,卖盘
13:26:36,31.38,0.03,51,160033,买盘
13:26:39,31.37,-0.01,4,12548,卖盘
13:26:43,31.37,0.0,15,47055,卖盘
13:26:45,31.37,0.0,2,6273,买盘
13:26:49,31.38,0.01,8,25104,买盘
13:26:51,31.36,-0.02,2,6272,卖盘
13:26:54,31.36,0.0,1,3136,卖盘
13:26:58,31.37,0.01,1,3137,买盘
13:26:59,31.37,0.0,3,9411,买盘
13:27:04,31.36,-0.01,52,163073,卖盘
13:27:07,31.38,0.02,397,1244626,买盘
13:27:09,31.35,-0.03,16,50184,卖盘
13:27:12,31.37,0.02,8,25098,卖盘
13:27:14,31.37,0.0,6,18822,卖盘
13:27:18,31.37,0.0,4,12548,买盘
13:27:25,31.37,0.0,3,9411,卖盘
13:27:27,31.35,-0.02,20,62700,卖盘
13:27:30,31.38,0.03,2,6276,买盘
13:27:33,31.35,-0.03,49,153615,卖盘
13:27:36,31.35,0.0,17,53331,卖盘
13:27:39,31.36,0.01,2,6271,中性盘
13:27:45,31.35,-0.01,8,25081,卖盘
13:27:49,31.35,0.0,48,150521,卖盘
13:27:52,31.36,0.01,6,18814,买盘
13:27:58,31.36,0.0,2,6272,卖盘
13:27:59,31.36,0.0,20,62724,卖盘
13:28:03,31.37,0.01,142,445368,买盘
13:28:06,31.36,-0.01,5,15683,中性盘
13:28:09,31.35,-0.01,5,15676,卖盘
13:28:13,31.36,0.01,11,34496,买盘
13:28:15,31.36,0.0,19,59584,卖盘
13:28:18,31.37,0.01,26,81562,买盘
13:28:22,31.36,-0.01,3,9408,卖盘
13:28:23,31.36,0.0,4,12544,卖盘
13:28:26,31.36,0.0,21,65856,卖盘
13:28:30,31.36,0.0,10,31367,卖盘
13:28:33,31.36,0.0,49,153664,卖盘
13:28:36,31.38,0.02,64,200812,买盘
13:28:43,31.37,-0.01,9,28238,卖盘
13:28:45,31.38,0.01,3,9413,买盘
13:28:52,31.38,0.0,19,59621,买盘
13:28:55,31.37,-0.01,3,9411,卖盘
13:28:58,31.37,0.0,7,21959,卖盘
13:29:01,31.38,0.01,5,15689,买盘
13:29:03,31.38,0.0,127,398453,买盘
13:29:07,31.37,-0.01,4,12552,买盘
13:29:13,31.38,0.01,3,9414,买盘
13:29:15,31.38,0.0,8,25101,买盘
13:29:18,31.38,0.0,3,9410,买盘
13:29:24,31.38,0.0,1,3138,买盘
13:29:28,31.38,0.0,6,18818,买盘
13:29:30,31.38,0.0,8,25102,买盘
13:29:34,31.36,-0.02,49,153668,卖盘
13:29:36,31.36,0.0,33,103548,卖盘
13:29:39,31.36,0.0,8,25088,卖盘
13:29:43,31.38,0.02,7,21966,买盘
13:29:45,31.36,-0.02,7,21952,卖盘
13:29:48,31.36,0.0,73,229054,卖盘
13:29:52,31.36,0.0,1,3136,卖盘
13:29:55,31.38,0.02,24,75312,买盘
13:29:57,31.36,-0.02,7,21952,卖盘
13:30:00,31.38,0.02,8,25092,买盘
13:30:04,31.38,0.0,99,310627,买盘
13:30:06,31.38,0.0,7,21971,卖盘
13:30:09,31.38,0.0,2,6276,卖盘
13:30:13,31.38,0.0,20,62760,卖盘
13:30:14,31.38,0.0,37,116133,卖盘
13:30:22,31.39,0.01,11,34526,买盘
13:30:25,31.39,0.0,6,18833,买盘
13:30:28,31.39,0.0,24,75331,买盘
13:30:30,31.38,-0.01,13,40796,卖盘
13:30:34,31.38,0.0,57,178867,卖盘
13:30:36,31.39,0.01,7,21972,买盘
13:30:40,31.39,0.0,17,53356,买盘
13:30:42,31.38,-0.01,26,81605,卖盘
13:30:46,31.36,-0.02,114,357736,卖盘
13:30:49,31.38,0.02,23,72176,买盘
13:30:51,31.36,-0.02,7,21962,卖盘
13:30:54,31.38,0.02,5,15690,中性盘
13:30:58,31.39,0.01,26,81609,买盘
13:31:00,31.38,-0.01,47,147486,卖盘
13:31:03,31.37,-0.01,89,279271,卖盘
13:31:06,31.37,0.0,15,47055,买盘
13:31:10,31.37,0.0,3,9410,买盘
13:31:12,31.37,0.0,9,28233,买盘
13:31:16,31.36,-0.01,11,34504,卖盘
13:31:19,31.36,0.0,9,28232,卖盘
13:31:22,31.37,0.01,5,15685,买盘
13:31:24,31.36,-0.01,18,56464,卖盘
13:31:28,31.37,0.01,4,12548,买盘
13:31:30,31.38,0.01,11,34513,买盘
13:31:34,31.37,-0.01,53,166261,卖盘
13:31:37,31.37,0.0,9,28233,卖盘
13:31:40,31.36,-0.01,21,65886,卖盘
13:31:43,31.36,0.0,66,207040,卖盘
13:31:45,31.36,0.0,17,53322,卖盘
13:31:49,31.37,0.01,10,31367,买盘
13:31:51,31.37,0.0,28,87829,买盘
13:31:55,31.37,0.0,1,3137,卖盘
13:31:58,31.37,0.0,16,50192,卖盘
13:32:01,31.37,0.0,7,21962,卖盘
13:32:04,31.37,0.0,130,407887,卖盘
13:32:07,31.38,0.01,11,34515,买盘
13:32:10,31.38,0.0,15,47060,买盘
13:32:12,31.37,-0.01,31,97274,卖盘
13:32:15,31.38,0.01,6,18828,买盘
13:32:19,31.38,0.0,5,15690,买盘
13:32:22,31.38,0.0,7,21963,买盘
13:32:24,31.38,0.0,23,72173,买盘
13:32:31,31.38,0.0,27,84726,买盘
13:32:34,31.38,0.0,19,59622,买盘
13:32:37,31.38,0.0,102,319996,卖盘
13:32:40,31.38,0.0,1,3138,卖盘
13:32:43,31.39,0.01,68,213452,买盘
13:32:46,31.39,0.0,18,56498,买盘
13:32:49,31.39,0.0,3,9416,买盘
13:32:52,31.38,-0.01,9,28245,卖盘
13:32:55,31.39,0.01,22,69048,买盘
13:32:57,31.38,-0.01,3,9414,卖盘
13:33:01,31.39,0.01,40,125543,买盘
13:33:04,31.38,-0.01,82,257396,卖盘
13:33:07,31.38,0.0,67,210258,卖盘
13:33:09,31.39,0.01,2,6278,中性盘
13:33:13,31.39,0.0,2,6278,卖盘
13:33:15,31.4,0.01,19,59658,买盘
13:33:19,31.39,-0.01,9,28256,卖盘
13:33:21,31.39,0.0,1,3139,卖盘
13:33:24,31.4,0.01,8,25117,买盘
13:33:31,31.4,0.0,5,15697,买盘
13:33:33,31.39,-0.01,41,128699,卖盘
13:33:37,31.4,0.01,72,225968,买盘
13:33:40,31.39,-0.01,14,43957,卖盘
13:33:43,31.4,0.01,10,31396,买盘
13:33:46,31.4,0.0,2,6279,买盘
13:33:49,31.4,0.0,31,97340,买盘
13:33:52,31.39,-0.01,25,78476,卖盘
13:33:55,31.4,0.01,26,81633,买盘
13:33:57,31.4,0.0,29,91060,买盘
13:34:00,31.4,0.0,65,204093,买盘
13:34:03,31.4,0.0,86,270037,买盘
13:34:07,31.4,0.0,77,241724,买盘
13:34:09,31.4,0.0,9,28260,买盘
13:34:13,31.39,-0.01,55,172698,卖盘
13:34:16,31.39,0.0,1,3139,卖盘
13:34:19,31.4,0.01,225,706500,买盘
13:34:22,31.4,0.0,29,91060,买盘
13:34:24,31.4,0.0,64,201010,卖盘
13:34:27,31.4,0.0,1,3140,卖盘
13:34:30,31.41,0.01,4,12564,买盘
13:34:33,31.4,-0.01,14,43972,卖盘
13:34:37,31.4,0.0,58,182122,卖盘
13:34:40,31.41,0.01,12,37690,买盘
13:34:42,31.41,0.0,28,87948,买盘
13:34:46,31.4,-0.01,3,9420,卖盘
13:34:49,31.4,0.0,2,6281,卖盘
13:34:55,31.41,0.01,17,53390,买盘
13:34:58,31.4,-0.01,3,9420,卖盘
13:35:01,31.41,0.01,13,40822,买盘
13:35:04,31.41,0.0,131,411464,买盘
13:35:07,31.41,0.0,114,358024,买盘
13:35:10,31.41,0.0,17,53394,买盘
13:35:13,31.41,0.0,12,37692,卖盘
13:35:16,31.42,0.01,3,9424,买盘
13:35:19,31.41,-0.01,3,9423,卖盘
13:35:21,31.41,0.0,7,21993,卖盘
13:35:24,31.42,0.01,8,25136,买盘
13:35:28,31.42,0.0,4,12568,买盘
13:35:31,31.42,0.0,10,31417,买盘
13:35:34,31.42,0.0,9,28274,买盘
13:35:37,31.41,-0.01,91,285869,卖盘
13:35:43,31.41,0.0,9,28274,卖盘
13:35:46,31.41,0.0,106,332951,卖盘
13:35:48,31.42,0.01,1,3142,买盘
13:35:52,31.41,-0.01,36,113076,卖盘
13:35:54,31.41,0.0,7,21992,卖盘
13:35:57,31.42,0.01,26,81691,买盘
13:36:00,31.4,-0.02,52,163331,卖盘
13:36:04,31.41,0.01,65,204165,买盘
13:36:07,31.42,0.01,112,351828,买盘
13:36:09,31.41,-0.01,15,47120,卖盘
13:36:13,31.41,0.0,34,106794,买盘
13:36:15,31.41,0.0,10,31410,买盘
13:36:19,31.42,0.01,92,288983,买盘
13:36:22,31.4,-0.02,4,12566,卖盘
13:36:25,31.4,0.0,17,53394,卖盘
13:36:28,31.41,0.01,11,34555,中性盘
13:36:31,31.41,0.0,23,72240,买盘
13:36:34,31.41,0.0,2,6282,买盘
13:36:36,31.4,-0.01,129,405137,卖盘
13:36:40,31.41,0.01,17,53396,中性盘
13:36:43,31.4,-0.01,1,3140,卖盘
13:36:49,31.4,0.0,4,12560,卖盘
13:36:52,31.4,0.0,2,6280,卖盘
13:36:54,31.41,0.01,96,301446,买盘
13:36:58,31.4,-0.01,13,40824,卖盘
13:37:00,31.41,0.01,3,9422,买盘
13:37:04,31.41,0.0,78,244998,买盘
13:37:06,31.4,-0.01,104,326617,卖盘
13:37:09,31.41,0.01,15,47117,买盘
13:37:13,31.4,-0.01,2,6280,卖盘
13:37:15,31.41,0.01,3,9423,买盘
13:37:19,31.41,0.0,16,50255,买盘
13:37:20,31.4,-0.01,4,12560,卖盘
13:37:24,31.41,0.01,6,18845,买盘
13:37:27,31.4,-0.01,3,9420,卖盘
13:37:31,31.4,0.0,4,12561,卖盘
13:37:34,31.4,0.0,4,12562,卖盘
13:37:37,31.4,0.0,53,166426,卖盘
13:37:40,31.41,0.01,10,31410,买盘
13:37:42,31.4,-0.01,3,9420,卖盘
13:37:45,31.4,0.0,7,21985,卖盘
13:37:48,31.4,0.0,3,9420,卖盘
13:37:52,31.41,0.01,2,6282,买盘
13:37:54,31.41,0.0,20,62811,买盘
13:37:57,31.4,-0.01,1,3140,卖盘
13:38:01,31.41,0.01,7,21982,买盘
13:38:03,31.41,0.0,52,163332,买盘
13:38:07,31.4,-0.01,135,424101,卖盘
13:38:09,31.41,0.01,4,12564,中性盘
13:38:11,31.42,0.01,16,50271,买盘
13:38:15,31.41,-0.01,3,9423,卖盘
13:38:18,31.41,0.0,2,6282,卖盘
13:38:21,31.42,0.01,5,15710,买盘
13:38:24,31.42,0.0,13,40846,买盘
13:38:27,31.41,-0.01,4,12564,卖盘
13:38:31,31.41,0.0,12,37692,卖盘
13:38:33,31.41,0.0,7,21988,卖盘
13:38:37,31.4,-0.01,91,285807,卖盘
13:38:40,31.42,0.02,12,37703,买盘
13:38:43,31.41,-0.01,15,47120,卖盘
13:38:48,31.41,0.0,3,9423,卖盘
13:38:52,31.41,0.0,4,12567,卖盘
13:38:54,31.41,0.0,7,21992,卖盘
13:38:57,31.41,0.0,6,18846,卖盘
13:39:01,31.42,0.01,13,40840,买盘
13:39:03,31.42,0.0,106,333052,买盘
13:39:06,31.42,0.0,83,260786,买盘
13:39:09,31.41,-0.01,56,175896,卖盘
13:39:12,31.41,0.0,35,109937,卖盘
13:39:15,31.41,0.0,2,6282,买盘
13:39:19,31.41,0.0,4,12564,买盘
13:39:21,31.4,-0.01,3,9420,卖盘
13:39:25,31.4,0.0,1,3140,卖盘
13:39:27,31.4,0.0,13,40832,卖盘
13:39:29,31.4,0.0,3,9420,卖盘
13:39:34,31.4,0.0,17,53382,卖盘
13:39:36,31.4,0.0,46,144440,卖盘
13:39:39,31.41,0.01,15,47115,买盘
13:39:42,31.4,-0.01,3,9422,卖盘
13:39:45,31.4,0.0,4,12560,卖盘
13:39:48,31.41,0.01,11,34551,买盘
13:39:54,31.41,0.0,190,597012,买盘
13:39:57,31.41,0.0,2,6282,卖盘
13:40:01,31.43,0.02,37,116279,买盘
13:40:02,31.43,0.0,21,66003,买盘
13:40:05,31.43,0.0,63,198059,卖盘
13:40:09,31.43,0.0,55,172865,卖盘
13:40:12,31.44,0.01,17,53447,买盘
13:40:15,31.43,-0.01,15,47145,卖盘
13:40:18,31.44,0.01,11,34577,买盘
13:40:21,31.43,-0.01,1,3143,卖盘
13:40:27,31.43,0.0,13,40869,卖盘
13:40:30,31.43,0.0,1,3143,卖盘
13:40:33,31.44,0.01,19,59733,买盘
13:40:36,31.44,0.0,23,72306,买盘
13:40:39,31.43,-0.01,57,179151,卖盘
13:40:42,31.44,0.01,16,50301,买盘
13:40:44,31.43,-0.01,10,31439,卖盘
13:40:51,31.43,0.0,9,28287,卖盘
13:40:53,31.44,0.01,40,125760,买盘
13:40:56,31.44,0.0,7,22008,买盘
13:40:59,31.44,0.0,43,135189,买盘
13:41:03,31.44,0.0,41,128903,买盘
13:41:05,31.45,0.01,5,15722,买盘
13:41:09,31.43,-0.02,46,144622,卖盘
13:41:11,31.44,0.01,18,56602,卖盘
13:41:15,31.44,0.0,4,12576,卖盘
13:41:18,31.45,0.01,35,110058,买盘
13:41:21,31.44,-0.01,4,12576,卖盘
13:41:23,31.44,0.0,10,31445,卖盘
13:41:27,31.44,0.0,53,166632,卖盘
13:41:30,31.43,-0.01,16,50305,卖盘
13:41:33,31.43,0.0,8,25148,卖盘
13:41:36,31.43,0.0,1,3143,卖盘
13:41:39,31.43,0.0,50,157150,卖盘
13:41:42,31.43,0.0,15,47155,卖盘
13:41:45,31.43,0.0,23,72290,卖盘
13:41:48,31.43,0.0,30,94294,卖盘
13:41:51,31.41,-0.02,5,15705,卖盘
13:41:53,31.44,0.03,28,88009,买盘
13:41:57,31.41,-0.03,7,21987,卖盘
13:42:00,31.43,0.02,29,91130,卖盘
13:42:03,31.44,0.01,40,125746,买盘
13:42:06,31.44,0.0,56,176067,卖盘
13:42:09,31.42,-0.02,15,47143,卖盘
13:42:12,31.43,0.01,16,50284,买盘
13:42:15,31.42,-0.01,14,43997,卖盘
13:42:18,31.41,-0.01,58,182186,卖盘
13:42:21,31.42,0.01,10,31419,卖盘
13:42:24,31.42,0.0,3,9426,卖盘
13:42:27,31.42,0.0,13,40857,卖盘
13:42:31,31.42,0.0,5,15710,卖盘
13:42:33,31.42,0.0,9,28285,卖盘
13:42:36,31.43,0.01,18,56573,买盘
13:42:39,31.42,-0.01,55,172793,卖盘
13:42:42,31.42,0.0,7,21990,买盘
13:42:48,31.42,0.0,5,15710,买盘
13:42:51,31.4,-0.02,4,12562,卖盘
13:42:54,31.42,0.02,2,6282,买盘
13:42:57,31.42,0.0,12,37704,买盘
13:43:00,31.42,0.0,17,53396,买盘
13:43:03,31.42,0.0,34,106822,买盘
13:43:07,31.42,0.0,21,65985,卖盘
13:43:09,31.4,-0.02,55,172801,卖盘
13:43:11,31.43,0.03,5,15715,买盘
13:43:15,31.43,0.0,8,25134,买盘
