time,price,change,volume,amount,type
09:25:04,33.63,-0.09,796,2678226,卖盘
09:30:03,33.53,-0.1,985,3307274,卖盘
09:30:06,33.52,-0.01,250,839987,中性盘
09:30:09,33.48,-0.04,481,1612423,卖盘
09:30:12,33.48,0.0,216,726055,买盘
09:30:15,33.53,0.05,247,825000,中性盘
09:30:18,33.53,0.0,28,95819,卖盘
09:30:21,33.51,-0.02,7,23466,卖盘
09:30:23,33.6,0.09,136,454148,买盘
09:30:26,33.61,0.01,38,128991,中性盘
09:30:30,33.61,0.0,20,67217,卖盘
09:30:33,33.6,-0.01,246,826118,卖盘
09:30:36,33.54,-0.06,20,69362,卖盘
09:30:39,33.56,0.02,122,409702,买盘
09:30:42,33.55,-0.01,27,90581,买盘
09:30:45,33.54,-0.01,238,799104,卖盘
09:30:48,33.56,0.02,133,445298,卖盘
09:30:51,33.55,-0.01,16,52293,中性盘
09:30:53,33.55,0.0,40,135575,买盘
09:30:57,33.53,-0.02,32,107329,卖盘
09:31:00,33.54,0.01,60,201000,买盘
09:31:03,33.55,0.01,342,1147436,卖盘
09:31:06,33.55,0.0,203,680568,买盘
09:31:09,33.59,0.04,74,248492,买盘
09:31:12,33.6,0.01,183,615762,买盘
09:31:15,33.6,0.0,108,363232,卖盘
09:31:17,33.62,0.02,53,175643,买盘
09:31:21,33.61,-0.01,181,608725,卖盘
09:31:24,33.63,0.02,548,1842072,买盘
09:31:27,33.65,0.02,162,546962,买盘
09:31:29,33.67,0.02,22,74037,买盘
09:31:33,33.66,-0.01,49,164064,卖盘
09:31:36,33.66,0.0,170,572295,卖盘
09:31:38,33.68,0.02,38,129130,买盘
09:31:41,33.68,0.0,19,61375,卖盘
09:31:45,33.66,-0.02,231,779519,卖盘
09:31:48,33.65,-0.01,53,178794,卖盘
09:31:51,33.64,-0.01,32,108997,卖盘
09:31:54,33.62,-0.02,103,345073,卖盘
09:31:57,33.64,0.02,64,216401,买盘
09:32:00,33.61,-0.03,10,31463,卖盘
09:32:03,33.6,-0.01,209,702822,卖盘
09:32:06,33.61,0.01,91,306854,中性盘
09:32:09,33.63,0.02,28,94125,买盘
09:32:11,33.62,-0.01,114,383702,卖盘
09:32:15,33.61,-0.01,156,523892,卖盘
09:32:18,33.61,0.0,180,605576,买盘
09:32:21,33.6,-0.01,65,216440,卖盘
09:32:24,33.61,0.01,87,292326,买盘
09:32:27,33.6,-0.01,20,69090,卖盘
09:32:30,33.61,0.01,46,152962,买盘
09:32:32,33.59,-0.02,185,621597,卖盘
09:32:35,33.59,0.0,59,199630,卖盘
09:32:39,33.59,0.0,71,238615,卖盘
09:32:42,33.59,0.0,22,73913,卖盘
09:32:45,33.59,0.0,12,38797,卖盘
09:32:47,33.59,0.0,32,107488,卖盘
09:32:51,33.59,0.0,60,202497,卖盘
09:32:53,33.59,0.0,102,343631,卖盘
09:32:57,33.59,0.0,25,85071,买盘
09:33:00,33.58,-0.01,8,26864,卖盘
09:33:02,33.59,0.01,36,119301,买盘
09:33:05,33.58,-0.01,100,335800,卖盘
09:33:09,33.58,0.0,103,346369,卖盘
09:33:12,33.58,0.0,530,1778435,买盘
09:33:15,33.59,0.01,242,812930,买盘
09:33:18,33.59,0.0,96,322937,买盘
09:33:21,33.59,0.0,104,348832,买盘
09:33:23,33.61,0.02,48,160796,买盘
09:33:26,33.58,-0.03,316,1061489,卖盘
09:33:30,33.6,0.02,7,24365,中性盘
09:33:33,33.61,0.01,96,322651,买盘
09:33:36,33.61,0.0,9,28941,卖盘
09:33:39,33.61,0.0,8,25548,卖盘
09:33:41,33.62,0.01,120,403574,买盘
09:33:45,33.62,0.0,19,64375,买盘
09:33:47,33.67,0.05,57,193244,买盘
09:33:50,33.68,0.01,16,53870,买盘
09:33:53,33.64,-0.04,14,47496,卖盘
09:33:57,33.62,-0.02,16,51828,卖盘
09:34:00,33.67,0.05,17,59167,买盘
09:34:03,33.64,-0.03,105,353606,中性盘
09:34:06,33.64,0.0,48,160725,卖盘
09:34:08,33.67,0.03,2,8521,中性盘
09:34:12,33.64,-0.03,111,373120,卖盘
09:34:15,33.64,0.0,5,16693,卖盘
09:34:18,33.67,0.03,12,40404,中性盘
09:34:21,33.64,-0.03,10,34202,卖盘
09:34:23,33.67,0.03,63,212059,买盘
09:34:27,33.64,-0.03,151,505595,卖盘
09:34:30,33.67,0.03,72,242264,买盘
09:34:33,33.61,-0.06,200,672344,卖盘
09:34:36,33.67,0.06,70,235753,买盘
09:34:39,33.67,0.0,180,605975,买盘
09:34:41,33.63,-0.04,42,141274,卖盘
09:34:45,33.66,0.03,126,423855,买盘
09:34:48,33.65,-0.01,12,40388,中性盘
09:34:50,33.65,0.0,23,77829,卖盘
09:34:54,33.66,0.01,15,50108,买盘
09:34:57,33.63,-0.03,54,181627,卖盘
09:34:59,33.62,-0.01,33,111171,卖盘
09:35:02,33.63,0.01,21,71949,买盘
09:35:06,33.63,0.0,29,96113,买盘
09:35:08,33.63,0.0,604,2028761,买盘
09:35:12,33.63,0.0,125,420058,卖盘
09:35:15,33.6,-0.03,80,268891,卖盘
09:35:18,33.62,0.02,272,911647,买盘
09:35:20,33.6,-0.02,197,661317,买盘
09:35:24,33.6,0.0,123,415574,卖盘
09:35:27,33.6,0.0,91,305554,买盘
09:35:29,33.57,-0.03,12,40249,卖盘
09:35:33,33.6,0.03,308,1034678,买盘
09:35:36,33.55,-0.05,13,43603,中性盘
09:35:39,33.53,-0.02,260,872473,卖盘
09:35:41,33.53,0.0,77,257452,买盘
09:35:45,33.56,0.03,11,36896,中性盘
09:35:47,33.55,-0.01,57,190389,中性盘
09:35:51,33.53,-0.02,10,33412,卖盘
09:35:54,33.55,0.02,10,33539,买盘
09:35:57,33.53,-0.02,8,27299,卖盘
09:36:00,33.52,-0.01,208,697393,卖盘
09:36:03,33.54,0.02,8,26838,卖盘
09:36:05,33.54,0.0,16,55037,卖盘
09:36:09,33.55,0.01,207,694365,买盘
09:36:12,33.52,-0.03,73,243402,卖盘
09:36:14,33.54,0.02,146,491297,买盘
09:36:18,33.52,-0.02,414,1387992,卖盘
09:36:21,33.55,0.03,47,157007,买盘
09:36:23,33.55,0.0,227,761053,卖盘
09:36:26,33.56,0.01,19,64199,买盘
09:36:30,33.56,0.0,129,433334,卖盘
09:36:31,33.55,-0.01,75,251524,卖盘
09:36:35,33.55,0.0,257,861041,买盘
09:36:39,33.59,0.04,92,310215,买盘
09:36:41,33.59,0.0,71,238125,买盘
09:36:44,33.56,-0.03,2,6410,中性盘
09:36:48,33.59,0.03,25,81522,买盘
09:36:49,33.59,0.0,20,69369,买盘
09:36:54,33.53,-0.06,64,212655,卖盘
09:36:56,33.55,0.02,63,210818,买盘
09:36:59,33.56,0.01,54,181683,买盘
09:37:03,33.56,0.0,25,83397,买盘
09:37:05,33.56,0.0,8,26848,买盘
09:37:08,33.59,0.03,56,188110,买盘
09:37:15,33.56,0.0,100,334432,卖盘
09:37:17,33.56,0.0,11,38362,卖盘
09:37:20,33.55,-0.01,113,377524,卖盘
09:37:24,33.55,0.0,49,166166,买盘
09:37:26,33.55,0.0,5,16440,卖盘
09:37:29,33.54,-0.01,138,463019,卖盘
09:37:32,33.53,-0.01,23,77140,卖盘
09:37:35,33.58,0.05,181,607750,买盘
09:37:38,33.56,-0.02,126,422856,卖盘
09:37:41,33.55,-0.01,413,1384391,卖盘
09:37:44,33.55,0.0,91,305329,卖盘
09:37:47,33.55,0.0,197,660957,卖盘
09:37:49,33.53,-0.02,374,1255242,卖盘
09:37:54,33.54,0.01,1061,3556613,卖盘
09:37:56,33.5,-0.04,1298,4349154,卖盘
09:37:59,33.5,0.0,1183,3963059,卖盘
09:38:02,33.5,0.0,1051,3523261,卖盘
09:38:05,33.5,0.0,865,2897544,卖盘
09:38:09,33.52,0.02,809,2710226,买盘
09:38:11,33.5,-0.02,953,3193279,卖盘
09:38:14,33.5,0.0,643,2151378,卖盘
09:38:17,33.49,-0.01,1711,5731806,卖盘
09:38:21,33.49,0.0,1523,5089867,卖盘
09:38:23,33.49,0.0,150,504683,卖盘
09:38:26,33.42,-0.07,162,540827,中性盘
09:38:29,33.46,0.04,158,527423,中性盘
09:38:32,33.38,-0.08,111,370536,中性盘
09:38:35,33.46,0.08,131,437628,买盘
09:38:38,33.46,0.0,138,460971,买盘
09:38:41,33.41,-0.05,24,80181,中性盘
09:38:44,33.38,-0.03,125,415345,卖盘
09:38:47,33.4,0.02,36,120310,中性盘
09:38:50,33.4,0.0,45,151302,买盘
09:38:53,33.42,0.02,184,613551,买盘
09:38:56,33.42,0.0,11,36762,卖盘
09:38:58,33.43,0.01,310,1036043,中性盘
09:39:01,33.46,0.03,137,458433,买盘
09:39:06,33.45,-0.01,271,906749,卖盘
09:39:08,33.46,0.01,214,715842,中性盘
09:39:11,33.47,0.01,109,364804,买盘
09:39:14,33.48,0.01,80,267715,买盘
09:39:17,33.46,-0.02,54,182979,中性盘
09:39:20,33.49,0.03,198,662698,买盘
09:39:22,33.48,-0.01,37,123471,卖盘
09:39:27,33.48,0.0,124,415221,卖盘
09:39:29,33.5,0.02,99,329301,买盘
09:39:32,33.51,0.01,9,33073,买盘
09:39:35,33.5,-0.01,141,472398,卖盘
09:39:38,33.52,0.02,72,238945,买盘
09:39:41,33.54,0.02,181,606931,买盘
09:39:44,33.52,-0.02,88,295085,卖盘
09:39:46,33.51,-0.01,125,418981,卖盘
09:39:49,33.52,0.01,53,177668,买盘
09:39:53,33.52,0.0,8,27756,卖盘
09:39:55,33.52,0.0,93,311741,卖盘
09:39:59,33.54,0.02,90,300453,卖盘
09:40:01,33.52,-0.02,445,1495468,卖盘
09:40:05,33.52,0.0,99,331472,卖盘
09:40:08,33.55,0.03,337,1129138,买盘
09:40:11,33.53,-0.02,218,728486,买盘
09:40:13,33.5,-0.03,413,1386009,卖盘
09:40:17,33.49,-0.01,148,495664,卖盘
09:40:20,33.5,0.01,95,317745,买盘
09:40:23,33.47,-0.03,205,685041,卖盘
09:40:26,33.47,0.0,475,1589338,卖盘
09:40:29,33.49,0.02,27,92762,买盘
09:40:32,33.48,-0.01,6,19488,卖盘
09:40:35,33.49,0.01,32,107164,买盘
09:40:38,33.49,0.0,138,461592,卖盘
09:40:41,33.49,0.0,30,99284,卖盘
09:40:44,33.49,0.0,18,62726,卖盘
09:40:47,33.5,0.01,45,149148,买盘
09:40:50,33.49,-0.01,50,167423,中性盘
09:40:53,33.48,-0.01,232,776940,卖盘
09:40:56,33.48,0.0,115,387369,卖盘
09:40:59,33.48,0.0,114,381690,卖盘
09:41:02,33.5,0.02,824,2758405,买盘
09:41:05,33.5,0.0,153,511485,买盘
09:41:08,33.49,-0.01,20,66983,卖盘
09:41:11,33.49,0.0,64,214199,买盘
09:41:14,33.47,-0.02,119,399788,卖盘
09:41:17,33.48,0.01,44,147914,买盘
09:41:21,33.48,0.0,281,939374,买盘
09:41:23,33.47,-0.01,147,492418,卖盘
09:41:26,33.48,0.01,186,624001,买盘
09:41:29,33.47,-0.01,78,259583,卖盘
09:41:32,33.48,0.01,164,548971,买盘
09:41:35,33.47,-0.01,120,401749,卖盘
09:41:38,33.49,0.02,345,1156152,买盘
09:41:41,33.45,-0.04,131,438374,卖盘
09:41:44,33.45,0.0,125,418198,卖盘
09:41:47,33.45,0.0,273,913858,卖盘
09:41:50,33.46,0.01,101,336776,中性盘
09:41:53,33.45,-0.01,299,1001235,买盘
09:41:56,33.47,0.02,83,276984,中性盘
09:41:59,33.47,0.0,74,247422,卖盘
09:42:02,33.48,0.01,507,1695421,买盘
09:42:05,33.48,0.0,216,723172,卖盘
09:42:08,33.48,0.0,223,748791,卖盘
09:42:11,33.49,0.01,49,164798,买盘
09:42:14,33.5,0.01,259,867630,买盘
09:42:17,33.5,0.0,89,296851,卖盘
09:42:20,33.51,0.01,38,127413,买盘
09:42:23,33.5,-0.01,36,121328,卖盘
09:42:26,33.54,0.04,169,567361,买盘
09:42:29,33.53,-0.01,51,171045,卖盘
09:42:32,33.55,0.02,10,33550,买盘
09:42:36,33.53,-0.02,148,496457,卖盘
09:42:38,33.55,0.02,213,714506,买盘
09:42:41,33.56,0.01,319,1069532,买盘
09:42:44,33.55,-0.01,96,321381,卖盘
09:42:47,33.55,0.0,45,151938,买盘
09:42:51,33.55,0.0,52,172725,买盘
09:42:54,33.55,0.0,57,191235,买盘
09:42:56,33.53,-0.02,202,678685,卖盘
09:42:59,33.53,0.0,43,145724,卖盘
09:43:03,33.53,0.0,5,15092,卖盘
09:43:05,33.54,0.01,50,167695,买盘
09:43:08,33.54,0.0,134,448894,买盘
09:43:12,33.53,-0.01,510,1709691,卖盘
09:43:14,33.54,0.01,212,709074,买盘
09:43:17,33.53,-0.01,70,236089,买盘
09:43:20,33.53,0.0,126,422593,卖盘
09:43:24,33.53,0.0,35,117355,卖盘
09:43:27,33.55,0.02,58,195037,买盘
09:43:30,33.53,-0.02,140,469369,卖盘
09:43:32,33.53,0.0,329,1101283,买盘
09:43:35,33.55,0.02,234,784417,买盘
09:43:39,33.51,-0.04,124,415647,卖盘
09:43:40,33.5,-0.01,131,441685,卖盘
09:43:44,33.51,0.01,336,1125630,中性盘
09:43:48,33.5,-0.01,123,409101,卖盘
09:43:50,33.53,0.03,277,927797,买盘
09:43:54,33.46,-0.07,38,127256,卖盘
09:43:57,33.45,-0.01,337,1129771,卖盘
09:43:59,33.45,0.0,139,463764,卖盘
09:44:03,33.46,0.01,113,378206,买盘
09:44:06,33.48,0.02,123,411572,买盘
09:44:09,33.46,-0.02,795,2660032,卖盘
09:44:12,33.46,0.0,99,331349,卖盘
09:44:15,33.49,0.03,33,110463,买盘
09:44:17,33.49,0.0,135,450924,买盘
09:44:21,33.49,0.0,55,184198,卖盘
09:44:24,33.49,0.0,45,152455,卖盘
09:44:27,33.5,0.01,398,1331900,买盘
09:44:30,33.5,0.0,25,82137,买盘
09:44:33,33.5,0.0,110,370912,买盘
09:44:36,33.5,0.0,186,623187,卖盘
09:44:39,33.55,0.05,18,60179,买盘
09:44:41,33.55,0.0,8,26840,卖盘
09:44:45,33.55,0.0,30,101242,买盘
09:44:47,33.5,-0.05,115,385501,卖盘
09:44:51,33.55,0.05,26,86854,买盘
09:44:54,33.55,0.0,4,13420,卖盘
09:44:57,33.52,-0.03,69,231923,卖盘
09:45:00,33.55,0.03,13,43213,卖盘
09:45:03,33.51,-0.04,6,20106,卖盘
09:45:05,33.53,0.02,22,74101,中性盘
09:45:09,33.53,0.0,38,127470,卖盘
09:45:12,33.55,0.02,13,44054,卖盘
09:45:14,33.55,0.0,33,110742,卖盘
09:45:17,33.55,0.0,39,130880,卖盘
09:45:21,33.55,0.0,31,102730,卖盘
09:45:24,33.55,0.0,54,181165,卖盘
09:45:27,33.55,0.0,133,444435,卖盘
09:45:29,33.56,0.01,28,94232,买盘
09:45:32,33.53,-0.03,16,52839,卖盘
09:45:36,33.56,0.03,184,619425,买盘
09:45:39,33.56,0.0,7,23794,买盘
09:45:42,33.56,0.0,82,274938,卖盘
09:45:44,33.56,0.0,37,122657,买盘
09:45:48,33.56,0.0,514,1722086,买盘
09:45:51,33.55,-0.01,27,90878,中性盘
09:45:53,33.5,-0.05,30,100326,卖盘
09:45:57,33.51,0.01,5,17129,卖盘
09:46:00,33.53,0.02,4,14582,买盘
09:46:03,33.52,-0.01,21,70771,卖盘
09:46:06,33.53,0.01,36,120679,买盘
09:46:09,33.53,0.0,98,328594,买盘
09:46:11,33.52,-0.01,8,26823,卖盘
09:46:15,33.53,0.01,15,48884,买盘
09:46:18,33.51,-0.02,113,380302,卖盘
09:46:21,33.51,0.0,57,189559,买盘
09:46:24,33.47,-0.04,503,1683604,卖盘
09:46:26,33.5,0.03,153,511927,买盘
09:46:30,33.5,0.0,194,649905,卖盘
09:46:33,33.51,0.01,76,254526,买盘
09:46:36,33.5,-0.01,18,60134,卖盘
09:46:39,33.51,0.01,68,227855,买盘
09:46:41,33.52,0.01,23,77717,买盘
09:46:44,33.51,-0.01,39,130053,卖盘
09:46:47,33.5,-0.01,39,130658,卖盘
09:46:50,33.49,-0.01,102,341830,卖盘
09:46:54,33.49,0.0,167,558253,卖盘
09:46:57,33.47,-0.02,161,538954,卖盘
09:47:00,33.49,0.02,160,537053,买盘
09:47:03,33.43,-0.06,1084,3627121,买盘
09:47:05,33.44,0.01,767,2562919,买盘
09:47:08,33.45,0.01,192,641505,买盘
09:47:12,33.41,-0.04,201,671601,卖盘
09:47:14,33.41,0.0,234,784220,卖盘
09:47:17,33.4,-0.01,174,581179,卖盘
09:47:21,33.4,0.0,168,561207,卖盘
09:47:24,33.4,0.0,104,346735,卖盘
09:47:26,33.41,0.01,279,931877,卖盘
09:47:30,33.41,0.0,156,519125,卖盘
09:47:33,33.38,-0.03,577,1926244,卖盘
09:47:36,33.41,0.03,281,937854,买盘
09:47:39,33.41,0.0,197,660365,买盘
09:47:41,33.41,0.0,63,210339,买盘
09:47:45,33.36,-0.05,32,105118,卖盘
09:47:47,33.4,0.04,88,293504,中性盘
09:47:51,33.4,0.0,6,20040,买盘
09:47:54,33.36,-0.04,33,112083,卖盘
09:47:56,33.41,0.05,20,66783,买盘
09:48:00,33.41,0.0,85,283872,买盘
09:48:03,33.41,0.0,101,336964,买盘
09:48:06,33.43,0.02,79,263873,买盘
09:48:09,33.41,-0.02,28,93554,卖盘
09:48:12,33.44,0.03,19,62055,买盘
09:48:15,33.41,-0.03,232,775163,卖盘
09:48:18,33.41,0.0,118,394407,卖盘
09:48:21,33.44,0.03,122,407692,买盘
09:48:23,33.43,-0.01,35,117008,卖盘
09:48:27,33.43,0.0,6,19258,卖盘
09:48:29,33.45,0.02,37,123708,买盘
09:48:32,33.43,-0.02,22,73547,卖盘
09:48:36,33.45,0.02,92,308002,买盘
09:48:39,33.44,-0.01,47,157200,卖盘
09:48:41,33.44,0.0,7,26284,买盘
09:48:45,33.45,0.01,29,94592,买盘
09:48:48,33.43,-0.02,67,223538,卖盘
09:48:51,33.45,0.02,76,254667,买盘
09:48:54,33.45,0.0,102,343127,买盘
09:48:57,33.45,0.0,146,488354,买盘
09:49:00,33.45,0.0,7,22373,买盘
09:49:03,33.43,-0.02,244,814559,卖盘
09:49:06,33.45,0.02,184,615480,买盘
09:49:12,33.45,0.0,24,80280,卖盘
09:49:15,33.45,0.0,1,3345,卖盘
09:49:18,33.46,0.01,28,95495,卖盘
09:49:20,33.46,0.0,15,50190,卖盘
09:49:24,33.46,0.0,24,79461,卖盘
09:49:26,33.46,0.0,16,54370,买盘
09:49:29,33.46,0.0,11,35798,买盘
09:49:33,33.45,-0.01,21,70245,卖盘
09:49:36,33.45,0.0,35,116250,卖盘
09:49:39,33.45,0.0,137,461233,卖盘
09:49:42,33.49,0.04,46,151725,买盘
09:49:45,33.45,-0.04,25,83631,卖盘
09:49:48,33.46,0.01,12,39824,中性盘
09:49:51,33.46,0.0,11,38278,卖盘
09:49:53,33.46,0.0,10,33460,卖盘
09:49:57,33.45,-0.01,235,784392,卖盘
09:50:00,33.45,0.0,150,502551,买盘
09:50:03,33.44,-0.01,126,422370,卖盘
09:50:06,33.45,0.01,133,444485,买盘
09:50:09,33.48,0.03,18,60219,买盘
09:50:11,33.44,-0.04,611,2042940,卖盘
09:50:15,33.45,0.01,20,67292,买盘
09:50:17,33.43,-0.02,22,73755,卖盘
09:50:21,33.44,0.01,3,10034,卖盘
09:50:23,33.43,-0.01,19,63937,卖盘
09:50:27,33.44,0.01,17,57118,中性盘
09:50:30,33.44,0.0,27,88716,卖盘
09:50:33,33.44,0.0,17,58804,卖盘
09:50:36,33.44,0.0,6,18292,卖盘
09:50:38,33.44,0.0,122,408074,卖盘
09:50:42,33.45,0.01,50,167249,买盘
09:50:45,33.44,-0.01,9,31741,卖盘
09:50:51,33.44,0.0,72,240880,卖盘
09:50:54,33.44,0.0,7,23522,卖盘
09:50:57,33.44,0.0,9,30357,卖盘
09:51:00,33.44,0.0,12,39675,卖盘
09:51:02,33.46,0.02,105,349044,中性盘
09:51:06,33.47,0.01,15,50196,买盘
09:51:09,33.47,0.0,65,217545,买盘
09:51:12,33.47,0.0,64,217121,买盘
09:51:15,33.47,0.0,45,148339,卖盘
09:51:18,33.48,0.01,16,53573,买盘
09:51:21,33.48,0.0,12,40169,卖盘
09:51:23,33.49,0.01,43,145648,买盘
09:51:27,33.5,0.01,7,23446,买盘
09:51:30,33.49,-0.01,11,35208,卖盘
09:51:33,33.5,0.01,86,288836,买盘
09:51:36,33.52,0.02,104,349141,买盘
09:51:39,33.52,0.0,41,137467,买盘
09:51:41,33.55,0.03,16,52316,买盘
09:51:45,33.55,0.0,23,77164,买盘
09:51:48,33.53,-0.02,25,85056,卖盘
09:51:50,33.54,0.01,8,26128,买盘
09:51:57,33.54,0.0,21,70434,卖盘
09:52:00,33.55,0.01,18,59512,买盘
09:52:03,33.54,-0.01,95,318970,卖盘
09:52:05,33.54,0.0,27,91308,卖盘
09:52:09,33.55,0.01,45,150961,买盘
09:52:12,33.55,0.0,12,40965,卖盘
09:52:14,33.55,0.0,98,328080,卖盘
09:52:18,33.55,0.0,22,74842,买盘
09:52:21,33.54,-0.01,99,330362,卖盘
09:52:24,33.52,-0.02,229,767973,卖盘
09:52:27,33.51,-0.01,111,373411,卖盘
09:52:30,33.48,-0.03,87,289639,卖盘
09:52:33,33.48,0.0,172,576825,卖盘
09:52:36,33.47,-0.01,40,132628,卖盘
09:52:39,33.49,0.02,136,455267,买盘
09:52:42,33.48,-0.01,16,56146,买盘
09:52:44,33.49,0.01,11,36829,买盘
09:52:48,33.47,-0.02,129,431952,卖盘
09:52:51,33.45,-0.02,14,45010,卖盘
09:52:54,33.45,0.0,14,48595,卖盘
09:52:56,33.45,0.0,4,13380,卖盘
09:53:00,33.47,0.02,33,110407,买盘
09:53:03,33.47,0.0,74,247082,买盘
09:53:06,33.48,0.01,168,561694,买盘
09:53:09,33.5,0.02,165,553337,买盘
09:53:12,33.5,0.0,8,27635,买盘
09:53:15,33.49,-0.01,15,50235,卖盘
09:53:18,33.49,0.0,9,27902,卖盘
09:53:21,33.5,0.01,10,34295,买盘
09:53:24,33.49,-0.01,5,16745,买盘
09:53:26,33.48,-0.01,21,68646,卖盘
09:53:30,33.49,0.01,21,70314,买盘
09:53:33,33.49,0.0,9,30742,买盘
09:53:36,33.49,0.0,43,146429,买盘
09:53:39,33.48,-0.01,101,338215,卖盘
09:53:42,33.5,0.02,27,90423,买盘
09:53:44,33.5,0.0,69,231146,买盘
09:53:48,33.5,0.0,14,46889,卖盘
09:53:51,33.49,-0.01,12,38523,卖盘
09:53:53,33.48,-0.01,10,33088,卖盘
09:53:57,33.5,0.02,6,20100,买盘
09:54:00,33.48,-0.02,20,68741,卖盘
09:54:03,33.49,0.01,43,144002,买盘
09:54:06,33.51,0.02,141,472356,买盘
09:54:08,33.5,-0.01,13,43550,卖盘
09:54:12,33.5,0.0,20,66933,卖盘
09:54:15,33.51,0.01,166,556121,买盘
09:54:18,33.5,-0.01,5,14503,卖盘
09:54:21,33.5,0.0,6,20099,买盘
09:54:23,33.5,0.0,2,7704,买盘
09:54:27,33.49,-0.01,18,60283,卖盘
09:54:30,33.5,0.01,32,106894,买盘
09:54:33,33.49,-0.01,21,70336,卖盘
09:54:36,33.49,0.0,28,93783,卖盘
09:54:38,33.49,0.0,120,403203,卖盘
09:54:41,33.5,0.01,15,48877,买盘
09:54:44,33.5,0.0,18,61502,卖盘
09:54:51,33.5,0.0,9,30188,卖盘
09:54:54,33.51,0.01,32,104896,买盘
09:54:57,33.5,-0.01,11,36850,买盘
09:55:00,33.5,0.0,1,4590,卖盘
09:55:03,33.52,0.02,15,51726,买盘
09:55:06,33.5,-0.02,19,63650,买盘
09:55:09,33.5,0.0,14,45627,卖盘
09:55:11,33.49,-0.01,8,25691,卖盘
09:55:15,33.5,0.01,17,59322,买盘
09:55:18,33.5,0.0,41,137889,卖盘
09:55:21,33.51,0.01,10,33503,买盘
09:55:24,33.48,-0.03,139,462654,卖盘
09:55:27,33.5,0.02,75,252565,买盘
09:55:30,33.48,-0.02,40,133966,卖盘
09:55:33,33.48,0.0,9,29230,卖盘
09:55:36,33.5,0.02,9,32152,买盘
09:55:38,33.51,0.01,211,706959,买盘
09:55:41,33.51,0.0,1,503,卖盘
09:55:44,33.51,0.0,23,79083,卖盘
09:55:47,33.51,0.0,2,6937,卖盘
09:55:51,33.52,0.01,50,165933,买盘
09:55:54,33.49,-0.03,101,339798,卖盘
09:55:57,33.51,0.02,1,3351,中性盘
09:55:59,33.49,-0.02,15,50235,卖盘
09:56:02,33.5,0.01,10,34875,卖盘
09:56:05,33.5,0.0,60,201041,卖盘
09:56:09,33.51,0.01,20,67019,买盘
09:56:12,33.5,-0.01,26,84094,卖盘
09:56:15,33.51,0.01,49,164170,买盘
09:56:17,33.5,-0.01,10,34444,卖盘
09:56:21,33.51,0.01,5,16755,买盘
09:56:24,33.5,-0.01,26,87737,卖盘
09:56:27,33.5,0.0,43,143678,卖盘
09:56:30,33.5,0.0,313,1049588,卖盘
09:56:33,33.5,0.0,29,97533,卖盘
09:56:35,33.5,0.0,45,148172,卖盘
09:56:39,33.5,0.0,95,318249,买盘
09:56:42,33.49,-0.01,12,40195,卖盘
09:56:45,33.49,0.0,139,468324,卖盘
09:56:48,33.5,0.01,5,16750,买盘
09:56:51,33.49,-0.01,73,244209,卖盘
09:56:53,33.48,-0.01,23,74479,卖盘
09:56:56,33.49,0.01,11,36839,买盘
09:57:00,33.48,-0.01,9,32853,卖盘
09:57:03,33.5,0.02,37,123414,买盘
09:57:06,33.49,-0.01,284,951274,卖盘
09:57:09,33.49,0.0,6,20094,卖盘
09:57:15,33.5,0.01,15,49681,卖盘
09:57:18,33.51,0.01,17,58128,买盘
09:57:21,33.5,-0.01,105,352022,卖盘
09:57:24,33.49,-0.01,17,54234,卖盘
09:57:27,33.5,0.01,31,104453,买盘
09:57:30,33.49,-0.01,16,54088,卖盘
09:57:33,33.5,0.01,26,87100,中性盘
09:57:35,33.51,0.01,4,13403,买盘
09:57:39,33.52,0.01,124,415477,买盘
09:57:42,33.51,-0.01,17,56971,卖盘
09:57:45,33.5,-0.01,4,13067,卖盘
09:57:48,33.51,0.01,8,26808,买盘
09:57:51,33.5,-0.01,12,40200,卖盘
09:57:53,33.5,0.0,2,6666,卖盘
09:57:57,33.5,0.0,9,30151,卖盘
09:57:59,33.5,0.0,9,29085,卖盘
09:58:03,33.5,0.0,27,92795,卖盘
09:58:06,33.52,0.02,1,3352,买盘
09:58:09,33.52,0.0,163,544490,买盘
09:58:12,33.5,-0.02,17,56954,中性盘
09:58:15,33.5,0.0,10,33502,卖盘
09:58:18,33.52,0.02,58,195608,买盘
09:58:21,33.51,-0.01,4,13401,买盘
09:58:24,33.51,0.0,25,82990,买盘
09:58:27,33.5,-0.01,48,160844,卖盘
09:58:29,33.5,0.0,10,34073,卖盘
09:58:33,33.51,0.01,26,85213,买盘
09:58:36,33.5,-0.01,17,59533,卖盘
09:58:39,33.51,0.01,19,63669,买盘
09:58:42,33.51,0.0,4,13404,卖盘
09:58:45,33.51,0.0,43,143672,卖盘
09:58:48,33.51,0.0,8,26815,卖盘
09:58:51,33.51,0.0,24,79374,卖盘
09:58:54,33.52,0.01,4,13408,买盘
09:58:56,33.52,0.0,55,184172,买盘
09:58:59,33.51,-0.01,383,1283188,卖盘
09:59:02,33.52,0.01,8,26816,卖盘
09:59:05,33.52,0.0,6,23365,卖盘
09:59:09,33.52,0.0,134,448465,卖盘
09:59:11,33.52,0.0,89,298412,卖盘
09:59:15,33.52,0.0,37,121577,卖盘
09:59:18,33.51,-0.01,10,36195,卖盘
09:59:20,33.51,0.0,19,61459,卖盘
09:59:24,33.5,-0.01,308,1033843,买盘
09:59:27,33.49,-0.01,96,322375,卖盘
09:59:30,33.49,0.0,49,164165,卖盘
09:59:32,33.48,-0.01,38,126632,卖盘
09:59:36,33.48,0.0,11,36838,卖盘
09:59:39,33.5,0.02,98,328579,买盘
09:59:41,33.49,-0.01,16,53569,中性盘
09:59:45,33.48,-0.01,119,398483,卖盘
09:59:48,33.49,0.01,14,46889,买盘
09:59:51,33.47,-0.02,6,20092,卖盘
09:59:54,33.46,-0.01,74,245046,卖盘
09:59:57,33.49,0.03,82,274571,买盘
09:59:59,33.46,-0.03,81,271018,卖盘
10:00:02,33.46,0.0,402,1348557,卖盘
10:00:06,33.49,0.03,372,1245422,买盘
10:00:09,33.46,-0.03,77,256824,卖盘
10:00:11,33.47,0.01,8,27010,卖盘
10:00:15,33.47,0.0,25,83675,卖盘
10:00:18,33.48,0.01,15,50209,买盘
10:00:21,33.47,-0.01,4,13455,卖盘
10:00:24,33.47,0.0,24,80261,卖盘
10:00:27,33.46,-0.01,7,24395,卖盘
10:00:29,33.46,0.0,3,9838,卖盘
10:00:33,33.48,0.02,336,1124378,买盘
10:00:36,33.46,-0.02,68,228106,卖盘
10:00:39,33.46,0.0,59,194772,买盘
10:00:42,33.46,0.0,30,100380,卖盘
10:00:48,33.46,0.0,20,67756,卖盘
10:00:51,33.47,0.01,7,23425,买盘
10:00:54,33.46,-0.01,13,45038,卖盘
10:00:57,33.47,0.01,20,64546,买盘
10:01:00,33.47,0.0,4,12952,买盘
10:01:03,33.48,0.01,27,90375,买盘
10:01:06,33.49,0.01,276,924293,买盘
10:01:09,33.48,-0.01,38,129970,卖盘
10:01:12,33.48,0.0,10,31313,卖盘
10:01:15,33.48,0.0,3,10685,卖盘
10:01:18,33.49,0.01,3,9544,中性盘
10:01:21,33.49,0.0,18,60265,买盘
10:01:24,33.49,0.0,7,25112,买盘
10:01:27,33.47,-0.02,72,240416,卖盘
10:01:30,33.48,0.01,8,27520,中性盘
10:01:33,33.48,0.0,51,170732,买盘
10:01:36,33.47,-0.01,4,11112,卖盘
10:01:39,33.45,-0.02,125,418422,卖盘
10:01:41,33.44,-0.01,6,20502,卖盘
10:01:45,33.45,0.01,6,21875,买盘
10:01:51,33.43,-0.02,80,265176,卖盘
10:01:54,33.43,0.0,18,60891,卖盘
10:01:57,33.43,0.0,2,6787,卖盘
10:01:59,33.44,0.01,6,20832,买盘
10:02:03,33.44,0.0,527,1761019,买盘
10:02:06,33.45,0.01,202,675399,买盘
10:02:09,33.45,0.0,140,469137,卖盘
10:02:12,33.45,0.0,28,93660,卖盘
10:02:14,33.45,0.0,7,23245,卖盘
10:02:21,33.44,-0.01,10,34487,卖盘
10:02:24,33.45,0.01,21,70245,买盘
10:02:27,33.45,0.0,20,65176,买盘
10:02:30,33.44,-0.01,6,21235,卖盘
10:02:32,33.45,0.01,36,118124,买盘
10:02:36,33.45,0.0,32,107036,买盘
10:02:39,33.45,0.0,57,190650,买盘
10:02:42,33.47,0.02,8,26764,买盘
10:02:45,33.45,-0.02,4,13689,卖盘
10:02:48,33.45,0.0,23,77617,卖盘
10:02:51,33.46,0.01,3,10038,买盘
10:02:54,33.45,-0.01,21,69356,卖盘
10:02:57,33.45,0.0,3,12213,卖盘
10:03:00,33.45,0.0,13,43485,卖盘
10:03:02,33.47,0.02,34,113796,买盘
10:03:06,33.48,0.01,77,257762,买盘
10:03:09,33.49,0.01,10,33490,买盘
10:03:12,33.48,-0.01,26,87326,卖盘
10:03:15,33.5,0.02,36,120568,买盘
10:03:18,33.49,-0.01,2,4086,卖盘
10:03:21,33.48,-0.01,41,139920,卖盘
10:03:24,33.49,0.01,19,63631,买盘
10:03:26,33.48,-0.01,102,341496,卖盘
10:03:30,33.47,-0.01,105,348505,卖盘
10:03:33,33.48,0.01,10,33479,中性盘
10:03:36,33.47,-0.01,39,131017,卖盘
10:03:38,33.47,0.0,1,3347,卖盘
10:03:42,33.48,0.01,4,16069,中性盘
10:03:44,33.48,0.0,16,51191,卖盘
10:03:51,33.48,0.0,12,42628,卖盘
10:03:54,33.48,0.0,43,143897,卖盘
10:03:57,33.48,0.0,634,2121292,买盘
10:04:00,33.47,-0.01,122,406327,卖盘
10:04:03,33.47,0.0,38,127210,买盘
10:04:05,33.48,0.01,341,1143659,买盘
10:04:09,33.48,0.0,131,438548,卖盘
10:04:12,33.48,0.0,9,30197,买盘
10:04:17,33.46,-0.02,12,40153,卖盘
10:04:21,33.46,0.0,4,13184,卖盘
10:04:24,33.48,0.02,19,63593,买盘
10:04:27,33.45,-0.03,291,974156,卖盘
10:04:30,33.45,0.0,1,3345,买盘
10:04:33,33.46,0.01,30,100364,买盘
10:04:36,33.46,0.0,8,26761,买盘
10:04:39,33.46,0.0,26,85173,买盘
10:04:42,33.46,0.0,15,50185,买盘
10:04:45,33.45,-0.01,19,63391,卖盘
10:04:51,33.45,0.0,24,81821,卖盘
10:04:54,33.45,0.0,30,98421,卖盘
10:04:57,33.45,0.0,3,10035,卖盘
10:05:00,33.45,0.0,21,72622,卖盘
10:05:03,33.45,0.0,48,158945,买盘
10:05:05,33.46,0.01,62,207978,买盘
10:05:09,33.46,0.0,30,100380,卖盘
10:05:12,33.47,0.01,134,448365,买盘
10:05:15,33.46,-0.01,4,14391,卖盘
10:05:18,33.46,0.0,8,23862,卖盘
10:05:21,33.46,0.0,10,33460,卖盘
10:05:24,33.47,0.01,107,358117,买盘
10:05:27,33.47,0.0,9,30125,卖盘
10:05:29,33.47,0.0,1,3347,卖盘
10:05:32,33.48,0.01,23,76989,买盘
10:05:36,33.47,-0.01,59,199182,卖盘
10:05:38,33.48,0.01,89,297972,买盘
10:05:42,33.49,0.01,332,1111663,买盘
10:05:45,33.5,0.01,71,237794,买盘
10:05:48,33.49,-0.01,65,217724,卖盘
10:05:51,33.49,0.0,90,302815,买盘
10:05:54,33.49,0.0,63,211000,买盘
10:05:56,33.5,0.01,64,214374,买盘
10:06:00,33.5,0.0,13,40568,买盘
10:06:03,33.5,0.0,150,502496,买盘
10:06:05,33.5,0.0,137,459528,买盘
10:06:09,33.5,0.0,287,961842,卖盘
10:06:12,33.5,0.0,132,442201,卖盘
10:06:15,33.5,0.0,3,9581,卖盘
10:06:18,33.51,0.01,33,110570,买盘
10:06:21,33.5,-0.01,105,351750,卖盘
10:06:23,33.51,0.01,17,59505,买盘
10:06:27,33.5,-0.01,15,50250,卖盘
10:06:29,33.5,0.0,3,10050,买盘
10:06:33,33.5,0.0,27,89711,买盘
10:06:36,33.5,0.0,95,318243,买盘
10:06:39,33.49,-0.01,40,134553,卖盘
10:06:42,33.49,0.0,24,80788,卖盘
10:06:45,33.5,0.01,30,100498,买盘
10:06:47,33.48,-0.02,35,117191,卖盘
10:06:51,33.49,0.01,3,9042,中性盘
10:06:53,33.5,0.01,33,110540,买盘
10:06:56,33.49,-0.01,15,49899,买盘
10:06:59,33.48,-0.01,1,4788,卖盘
10:07:02,33.49,0.01,174,582713,买盘
10:07:06,33.49,0.0,50,167446,买盘
10:07:09,33.49,0.0,107,358347,卖盘
10:07:12,33.49,0.0,19,63637,卖盘
10:07:15,33.5,0.01,9,30143,买盘
10:07:18,33.49,-0.01,12,39359,卖盘
10:07:20,33.5,0.01,1,3350,买盘
10:07:24,33.49,-0.01,33,109631,卖盘
10:07:27,33.5,0.01,261,874007,买盘
10:07:30,33.49,-0.01,2,6698,卖盘
10:07:33,33.5,0.01,31,102978,买盘
10:07:35,33.5,0.0,32,107101,买盘
10:07:39,33.5,0.0,21,70353,卖盘
10:07:44,33.5,0.0,19,63985,卖盘
10:07:48,33.51,0.01,24,80410,买盘
10:07:51,33.51,0.0,6,22382,买盘
10:07:54,33.51,0.0,14,44098,买盘
10:07:57,33.5,-0.01,39,130952,卖盘
10:08:00,33.5,0.0,10,33397,买盘
10:08:02,33.5,0.0,156,524158,买盘
10:08:05,33.5,0.0,258,865228,买盘
10:08:09,33.49,-0.01,16,53585,中性盘
10:08:12,33.49,0.0,43,144014,卖盘
10:08:15,33.49,0.0,19,63631,买盘
10:08:17,33.48,-0.01,17,57466,卖盘
10:08:21,33.48,0.0,17,54137,卖盘
10:08:23,33.49,0.01,11,36839,买盘
10:08:26,33.48,-0.01,6,20188,卖盘
10:08:30,33.48,0.0,17,56919,卖盘
10:08:33,33.49,0.01,8,29367,买盘
10:08:36,33.48,-0.01,35,114631,卖盘
10:08:39,33.48,0.0,21,70319,卖盘
10:08:41,33.48,0.0,293,982037,卖盘
10:08:45,33.48,0.0,127,424684,卖盘
10:08:48,33.48,0.0,472,1581227,卖盘
10:08:50,33.47,-0.01,189,630913,卖盘
10:08:54,33.46,-0.01,50,168717,卖盘
10:08:57,33.45,-0.01,79,262871,卖盘
10:08:59,33.46,0.01,27,91722,买盘
10:09:03,33.46,0.0,80,269072,买盘
10:09:06,33.41,-0.05,213,711057,卖盘
10:09:09,33.47,0.06,221,741076,买盘
10:09:11,33.47,0.0,32,105095,卖盘
10:09:15,33.48,0.01,243,813218,买盘
10:09:18,33.47,-0.01,17,56899,中性盘
10:09:21,33.42,-0.05,2,7186,卖盘
10:09:24,33.45,0.03,12,40150,中性盘
10:09:27,33.45,0.0,16,54012,买盘
10:09:29,33.42,-0.03,17,55946,卖盘
10:09:33,33.42,0.0,29,97461,卖盘
10:09:35,33.42,0.0,342,1142653,卖盘
10:09:39,33.45,0.03,36,120390,买盘
10:09:42,33.42,-0.03,17,56843,卖盘
10:09:45,33.48,0.06,158,528645,买盘
10:09:50,33.42,-0.06,12,40106,卖盘
10:09:54,33.45,0.03,20,66868,买盘
10:09:57,33.44,-0.01,2,5652,中性盘
10:10:00,33.42,-0.02,58,194884,买盘
10:10:03,33.42,0.0,123,411466,买盘
10:10:05,33.41,-0.01,283,945482,卖盘
10:10:09,33.41,0.0,332,1107996,买盘
10:10:11,33.38,-0.03,440,1469416,卖盘
10:10:15,33.41,0.03,26,88344,中性盘
10:10:18,33.39,-0.02,2,6678,卖盘
10:10:21,33.39,0.0,57,190322,卖盘
10:10:23,33.38,-0.01,18,59183,卖盘
10:10:26,33.38,0.0,22,73428,卖盘
10:10:30,33.39,0.01,22,73924,买盘
10:10:33,33.37,-0.02,51,169727,卖盘
10:10:36,33.38,0.01,114,380987,买盘
10:10:39,33.37,-0.01,19,64210,卖盘
10:10:42,33.38,0.01,34,113462,买盘
10:10:45,33.38,0.0,377,1258219,买盘
10:10:48,33.37,-0.01,20,66744,卖盘
10:10:50,33.37,0.0,445,1484543,买盘
10:10:54,33.37,0.0,17,55011,买盘
10:10:57,33.36,-0.01,45,150138,卖盘
10:10:59,33.38,0.02,182,607334,买盘
10:11:02,33.38,0.0,88,293746,买盘
10:11:06,33.38,0.0,45,150210,卖盘
10:11:09,33.39,0.01,179,597681,买盘
10:11:12,33.4,0.01,221,738823,买盘
10:11:15,33.42,0.02,386,1290117,买盘
10:11:18,33.42,0.0,4,13368,卖盘
10:11:21,33.42,0.0,9,30078,卖盘
10:11:24,33.44,0.02,6,20064,买盘
10:11:27,33.44,0.0,23,76523,买盘
10:11:30,33.44,0.0,55,183871,买盘
10:11:33,33.44,0.0,4,13581,中性盘
10:11:36,33.45,0.01,44,147144,买盘
10:11:39,33.44,-0.01,28,93632,卖盘
10:11:42,33.45,0.01,11,36456,买盘
10:11:45,33.45,0.0,6,20070,买盘
10:11:48,33.44,-0.01,24,80603,卖盘
10:11:51,33.43,-0.01,4,11770,卖盘
10:11:54,33.4,-0.03,237,793374,卖盘
10:11:56,33.39,-0.01,2,5410,卖盘
10:11:59,33.4,0.01,526,1757724,买盘
10:12:03,33.4,0.0,283,943883,买盘
10:12:06,33.42,0.02,7,23394,中性盘
10:12:09,33.43,0.01,236,788839,买盘
10:12:12,33.43,0.0,60,200580,卖盘
10:12:15,33.43,0.0,323,1079829,卖盘
10:12:18,33.43,0.0,13,43065,卖盘
10:12:21,33.43,0.0,124,414532,卖盘
10:12:24,33.42,-0.01,30,100694,卖盘
10:12:27,33.43,0.01,380,1269960,买盘
10:12:30,33.4,-0.03,6,21862,卖盘
10:12:32,33.4,0.0,118,394026,卖盘
10:12:36,33.42,0.02,497,1657719,买盘
10:12:39,33.42,0.0,33,111956,卖盘
10:12:42,33.39,-0.03,74,247195,卖盘
10:12:45,33.38,-0.01,89,297121,买盘
10:12:48,33.37,-0.01,71,236994,卖盘
10:12:51,33.41,0.04,326,1087876,买盘
10:12:54,33.37,-0.04,64,213706,卖盘
10:12:56,33.39,0.02,2377,7927807,中性盘
10:13:00,33.37,-0.02,15,50060,卖盘
10:13:02,33.4,0.03,762,2542410,买盘
10:13:06,33.4,0.0,44,145186,卖盘
10:13:09,33.39,-0.01,686,2292780,卖盘
10:13:12,33.4,0.01,193,643774,买盘
10:13:15,33.37,-0.03,237,791402,卖盘
10:13:18,33.37,0.0,13,41442,买盘
10:13:21,33.35,-0.02,26,88657,卖盘
10:13:24,33.37,0.02,92,305509,买盘
10:13:27,33.34,-0.03,49,163400,卖盘
10:13:30,33.35,0.01,37,123398,卖盘
10:13:32,33.35,0.0,515,1717148,卖盘
10:13:35,33.33,-0.02,89,296774,卖盘
10:13:38,33.36,0.03,44,146784,卖盘
10:13:41,33.35,-0.01,139,463571,卖盘
10:13:45,33.35,0.0,37,124811,卖盘
10:13:48,33.32,-0.03,912,3040737,卖盘
10:13:51,33.35,0.03,29,95944,中性盘
10:13:54,33.33,-0.02,54,180025,中性盘
10:13:57,33.32,-0.01,204,680070,卖盘
10:14:00,33.32,0.0,11,36319,买盘
10:14:03,33.33,0.01,1336,4449686,买盘
10:14:05,33.33,0.0,23,76659,买盘
10:14:08,33.35,0.02,211,703685,买盘
10:14:12,33.35,0.0,235,783726,卖盘
10:14:15,33.35,0.0,135,450315,卖盘
10:14:18,33.32,-0.03,363,1210239,卖盘
10:14:21,33.35,0.03,15,50019,卖盘
10:14:24,33.35,0.0,54,179990,买盘
10:14:26,33.32,-0.03,153,509821,卖盘
10:14:30,33.33,0.01,5,16669,卖盘
10:14:33,33.33,0.0,18,59835,卖盘
10:14:36,33.33,0.0,30,100324,卖盘
10:14:39,33.33,0.0,46,153402,卖盘
10:14:42,33.35,0.02,11,36676,买盘
10:14:45,33.34,-0.01,26,86686,卖盘
10:14:48,33.35,0.01,21,70020,买盘
10:14:51,33.34,-0.01,30,99907,卖盘
10:14:53,33.33,-0.01,259,863584,卖盘
10:14:57,33.34,0.01,146,486645,卖盘
10:15:00,33.34,0.0,13,43343,卖盘
10:15:03,33.34,0.0,162,540113,买盘
10:15:06,33.35,0.01,39,130009,买盘
10:15:09,33.35,0.0,292,973559,卖盘
10:15:12,33.34,-0.01,134,446437,卖盘
10:15:15,33.35,0.01,100,333423,买盘
10:15:18,33.34,-0.01,171,570625,卖盘
10:15:21,33.33,-0.01,222,740109,卖盘
10:15:24,33.34,0.01,86,286671,卖盘
10:15:26,33.34,0.0,125,416379,买盘
10:15:30,33.33,-0.01,6,19999,中性盘
10:15:32,33.32,-0.01,381,1267351,卖盘
10:15:36,33.3,-0.02,32,108676,卖盘
10:15:39,33.3,0.0,430,1432304,卖盘
10:15:42,33.3,0.0,27,87338,买盘
10:15:45,33.29,-0.01,107,358792,卖盘
10:15:48,33.29,0.0,253,841981,买盘
10:15:51,33.29,0.0,5,14312,买盘
10:15:53,33.27,-0.02,166,554610,卖盘
10:15:57,33.27,0.0,86,286088,买盘
10:16:00,33.25,-0.02,1630,5420476,卖盘
10:16:02,33.26,0.01,143,475618,中性盘
10:16:06,33.26,0.0,653,2171286,买盘
10:16:09,33.24,-0.02,880,2926147,卖盘
10:16:11,33.25,0.01,3187,10590523,买盘
10:16:15,33.23,-0.02,111,368918,卖盘
10:16:17,33.23,0.0,590,1959834,买盘
10:16:21,33.22,-0.01,145,481713,中性盘
10:16:23,33.22,0.0,283,940452,买盘
10:16:27,33.21,-0.01,85,282346,卖盘
10:16:29,33.21,0.0,177,587928,卖盘
10:16:32,33.23,0.02,385,1279290,买盘
10:16:36,33.24,0.01,180,598295,中性盘
10:16:39,33.23,-0.01,364,1209246,卖盘
10:16:41,33.23,0.0,103,342269,买盘
10:16:45,33.23,0.0,120,398621,买盘
10:16:48,33.23,0.0,128,425261,买盘
10:16:50,33.22,-0.01,121,401906,卖盘
10:16:54,33.22,0.0,48,159467,卖盘
10:16:57,33.23,0.01,227,753777,卖盘
10:16:59,33.21,-0.02,138,458410,卖盘
10:17:03,33.21,0.0,186,616252,卖盘
10:17:06,33.24,0.03,136,451883,买盘
10:17:09,33.23,-0.01,141,468549,卖盘
10:17:11,33.24,0.01,174,578208,买盘
10:17:15,33.24,0.0,203,674684,买盘
10:17:18,33.24,0.0,327,1086942,卖盘
10:17:21,33.24,0.0,331,1100250,买盘
10:17:24,33.23,-0.01,151,501911,卖盘
10:17:27,33.25,0.02,35,117724,买盘
10:17:29,33.24,-0.01,124,411583,卖盘
10:17:33,33.25,0.01,377,1253368,买盘
10:17:36,33.25,0.0,145,482250,买盘
10:17:38,33.25,0.0,1125,3739323,卖盘
10:17:42,33.2,-0.05,1252,4157847,卖盘
10:17:45,33.22,0.02,70,232597,中性盘
10:17:48,33.21,-0.01,319,1059838,卖盘
10:17:51,33.21,0.0,237,786867,买盘
10:17:54,33.22,0.01,758,2516707,买盘
10:17:56,33.19,-0.03,407,1351107,卖盘
10:18:00,33.17,-0.02,307,1019405,卖盘
10:18:03,33.18,0.01,144,477864,中性盘
10:18:06,33.17,-0.01,56,185758,卖盘
10:18:09,33.17,0.0,638,2113804,买盘
10:18:11,33.17,0.0,251,832607,卖盘
10:18:15,33.17,0.0,291,965546,卖盘
10:18:18,33.17,0.0,421,1396093,卖盘
10:18:21,33.16,-0.01,388,1285919,卖盘
10:18:23,33.16,0.0,118,393594,卖盘
10:18:27,33.17,0.01,624,2065230,买盘
10:18:30,33.15,-0.02,158,525935,卖盘
10:18:32,33.15,0.0,61,200190,买盘
10:18:35,33.13,-0.02,122,404185,卖盘
10:18:38,33.13,0.0,147,486959,买盘
10:18:41,33.13,0.0,132,437289,买盘
10:18:45,33.12,-0.01,126,417405,卖盘
10:18:47,33.13,0.01,2082,6892299,卖盘
10:18:51,33.2,0.07,776,2574119,买盘
10:18:53,33.2,0.0,299,992680,卖盘
10:18:56,33.15,-0.05,636,2106994,卖盘
10:18:59,33.18,0.03,36,119361,中性盘
10:19:03,33.16,-0.02,157,520884,中性盘
10:19:06,33.16,0.0,497,1648030,卖盘
10:19:08,33.18,0.02,848,2811855,买盘
10:19:12,33.16,-0.02,606,2010440,卖盘
10:19:14,33.16,0.0,595,1975085,卖盘
10:19:18,33.18,0.02,599,1986402,买盘
10:19:21,33.17,-0.01,88,292281,卖盘
10:19:24,33.17,0.0,51,169157,买盘
10:19:27,33.17,0.0,322,1068050,买盘
10:19:30,33.17,0.0,551,1826798,卖盘
10:19:32,33.17,0.0,32,106152,卖盘
10:19:36,33.17,0.0,326,1081233,卖盘
10:19:39,33.18,0.01,583,1932720,买盘
10:19:42,33.15,-0.03,189,626643,中性盘
10:19:45,33.13,-0.02,403,1334072,卖盘
10:19:48,33.13,0.0,53,175589,买盘
10:19:51,33.17,0.04,261,864651,买盘
10:19:54,33.13,-0.04,142,472296,卖盘
10:19:57,33.11,-0.02,262,867763,卖盘
10:20:00,33.13,0.02,100,331440,买盘
10:20:03,33.15,0.02,83,275115,买盘
10:20:06,33.13,-0.02,137,453998,卖盘
10:20:09,33.15,0.02,69,228629,买盘
10:20:12,33.15,0.0,197,653013,卖盘
10:20:15,33.16,0.01,79,261886,买盘
10:20:18,33.15,-0.01,137,454197,卖盘
10:20:21,33.15,0.0,532,1763590,卖盘
10:20:24,33.15,0.0,810,2684288,买盘
10:20:27,33.14,-0.01,123,407761,中性盘
10:20:30,33.13,-0.01,167,552982,卖盘
10:20:32,33.13,0.0,343,1136612,买盘
10:20:36,33.13,0.0,42,139211,卖盘
10:20:39,33.14,0.01,140,463883,中性盘
10:20:41,33.15,0.01,153,507004,中性盘
10:20:45,33.16,0.01,87,288291,买盘
10:20:47,33.15,-0.01,14,46413,卖盘
10:20:51,33.16,0.01,60,198937,买盘
10:20:54,33.16,0.0,43,142572,买盘
10:20:57,33.15,-0.01,197,651336,卖盘
10:21:00,33.16,0.01,163,540399,买盘
10:21:03,33.17,0.01,277,918450,买盘
10:21:06,33.16,-0.01,143,474226,卖盘
10:21:09,33.17,0.01,103,341635,买盘
10:21:12,33.18,0.01,572,1896975,中性盘
10:21:15,33.16,-0.02,161,533911,卖盘
10:21:18,33.18,0.02,244,809124,买盘
10:21:21,33.16,-0.02,104,344907,卖盘
10:21:23,33.15,-0.01,121,401152,卖盘
10:21:27,33.18,0.03,90,298506,买盘
10:21:30,33.18,0.0,22,73228,卖盘
10:21:33,33.18,0.0,28,92873,卖盘
10:21:36,33.16,-0.02,81,270331,卖盘
10:21:39,33.19,0.03,82,272040,买盘
10:21:42,33.19,0.0,169,560570,买盘
10:21:45,33.18,-0.01,20,66363,卖盘
10:21:48,33.19,0.01,18,59729,买盘
10:21:51,33.18,-0.01,29,96245,中性盘
10:21:54,33.19,0.01,36,119496,卖盘
10:21:56,33.18,-0.01,54,179207,卖盘
10:22:00,33.19,0.01,40,131286,买盘
10:22:03,33.19,0.0,61,202450,买盘
10:22:06,33.19,0.0,54,179228,卖盘
10:22:09,33.2,0.01,81,268920,买盘
10:22:12,33.2,0.0,97,322045,卖盘
10:22:14,33.2,0.0,20,67198,卖盘
10:22:18,33.21,0.01,40,132810,买盘
10:22:21,33.21,0.0,60,199238,买盘
10:22:24,33.21,0.0,13,41511,买盘
10:22:27,33.21,0.0,102,338745,卖盘
10:22:28,33.21,0.0,37,122878,卖盘
10:22:33,33.21,0.0,39,129520,卖盘
10:22:36,33.21,0.0,145,481559,卖盘
10:22:39,33.22,0.01,30,99662,卖盘
10:22:42,33.22,0.0,83,275726,卖盘
10:22:45,33.21,-0.01,153,508226,卖盘
10:22:48,33.21,0.0,121,401857,卖盘
10:22:51,33.19,-0.02,500,1660765,卖盘
10:22:54,33.2,0.01,201,665917,买盘
10:22:57,33.19,-0.01,327,1085941,卖盘
10:23:00,33.19,0.0,180,596021,买盘
10:23:03,33.19,0.0,236,785383,买盘
10:23:06,33.17,-0.02,27,89578,中性盘
10:23:09,33.19,0.02,87,288619,买盘
10:23:12,33.17,-0.02,518,1718286,卖盘
10:23:15,33.19,0.02,292,968551,中性盘
10:23:18,33.16,-0.03,124,411247,卖盘
10:23:19,33.17,0.01,36,116871,买盘
10:23:24,33.17,0.0,36,120195,买盘
10:23:26,33.18,0.01,19,63026,买盘
10:23:30,33.18,0.0,370,1225907,买盘
10:23:33,33.18,0.0,49,162584,卖盘
10:23:36,33.17,-0.01,138,460630,卖盘
10:23:39,33.17,0.0,43,142601,买盘
10:23:42,33.15,-0.02,103,341515,卖盘
10:23:45,33.15,0.0,114,376983,卖盘
10:23:48,33.15,0.0,59,195588,卖盘
10:23:51,33.17,0.02,121,400158,买盘
10:23:54,33.15,-0.02,88,291828,卖盘
10:23:57,33.16,0.01,94,311650,卖盘
10:24:00,33.18,0.02,168,557291,买盘
10:24:03,33.17,-0.01,39,129338,买盘
10:24:06,33.17,0.0,67,222239,卖盘
10:24:09,33.18,0.01,75,248836,买盘
10:24:11,33.18,0.0,25,82950,卖盘
10:24:15,33.19,0.01,122,404847,买盘
10:24:17,33.18,-0.01,166,550796,卖盘
10:24:21,33.19,0.01,62,205731,买盘
10:24:24,33.18,-0.01,228,756510,卖盘
10:24:25,33.18,0.0,89,295064,卖盘
10:24:30,33.18,0.0,198,656991,卖盘
10:24:32,33.18,0.0,33,109759,卖盘
10:24:35,33.2,0.02,94,311700,买盘
10:24:39,33.17,-0.03,132,438119,卖盘
10:24:42,33.18,0.01,49,162567,买盘
10:24:45,33.17,-0.01,125,414648,卖盘
10:24:48,33.18,0.01,48,159266,买盘
10:24:51,33.17,-0.01,67,222256,卖盘
10:24:54,33.18,0.01,18,60052,买盘
10:24:56,33.16,-0.02,87,288580,卖盘
10:25:00,33.18,0.02,10,33310,买盘
10:25:04,33.16,-0.02,161,533899,卖盘
10:25:05,33.18,0.02,3,9954,中性盘
10:25:09,33.19,0.01,236,782771,买盘
10:25:12,33.19,0.0,126,418194,卖盘
10:25:15,33.19,0.0,12,39828,卖盘
10:25:17,33.19,0.0,232,768748,卖盘
10:25:21,33.2,0.01,83,277509,买盘
10:25:24,33.19,-0.01,224,743135,中性盘
10:25:27,33.18,-0.01,31,102110,卖盘
10:25:30,33.18,0.0,18,59720,买盘
10:25:33,33.18,0.0,76,252119,买盘
10:25:36,33.18,0.0,529,1756747,买盘
10:25:39,33.16,-0.02,138,455490,卖盘
10:25:42,33.16,0.0,106,351528,买盘
10:25:44,33.18,0.02,440,1458645,买盘
10:25:48,33.17,-0.01,119,394552,卖盘
10:25:51,33.18,0.01,38,126036,买盘
10:25:53,33.18,0.0,3,9952,买盘
10:25:57,33.16,-0.02,120,397924,卖盘
10:26:00,33.18,0.02,291,964976,买盘
10:26:03,33.16,-0.02,140,464596,中性盘
10:26:06,33.18,0.02,11,36500,买盘
10:26:09,33.19,0.01,164,546082,买盘
10:26:12,33.19,0.0,28,92932,卖盘
10:26:15,33.19,0.0,51,169269,卖盘
10:26:17,33.15,-0.04,546,1810598,卖盘
10:26:21,33.18,0.03,35,116065,买盘
10:26:23,33.15,-0.03,4,12603,卖盘
10:26:27,33.15,0.0,59,195575,卖盘
10:26:30,33.15,0.0,96,319811,买盘
10:26:33,33.15,0.0,131,434268,卖盘
10:26:36,33.13,-0.02,778,2577138,卖盘
10:26:39,33.17,0.04,39,128066,中性盘
10:26:42,33.15,-0.02,204,676043,卖盘
10:26:45,33.13,-0.02,9,30365,卖盘
10:26:48,33.17,0.04,50,165750,买盘
10:26:50,33.13,-0.04,91,301492,卖盘
10:26:54,33.13,0.0,21,69600,卖盘
10:26:57,33.15,0.02,42,138630,中性盘
10:27:01,33.15,0.0,18,62720,卖盘
10:27:03,33.16,0.01,29,96159,买盘
10:27:06,33.14,-0.02,1128,3737671,卖盘
10:27:09,33.16,0.02,20,66299,买盘
10:27:12,33.15,-0.01,24,76779,卖盘
10:27:15,33.15,0.0,224,742355,买盘
10:27:17,33.15,0.0,100,331500,买盘
10:27:21,33.14,-0.01,155,513865,卖盘
10:27:24,33.15,0.01,84,278404,中性盘
10:27:28,33.15,0.0,53,175685,卖盘
10:27:30,33.15,0.0,28,92798,卖盘
10:27:33,33.15,0.0,117,387831,买盘
10:27:36,33.15,0.0,61,202202,买盘
10:27:38,33.14,-0.01,51,169056,卖盘
10:27:42,33.16,0.02,97,321496,买盘
10:27:45,33.16,0.0,18,59680,买盘
10:27:48,33.14,-0.02,281,931274,卖盘
10:27:50,33.14,0.0,25,84717,卖盘
10:27:54,33.14,0.0,79,261786,卖盘
10:27:56,33.14,0.0,26,86164,买盘
10:28:00,33.13,-0.01,113,375271,卖盘
10:28:03,33.15,0.02,38,125959,买盘
10:28:05,33.15,0.0,43,142545,卖盘
10:28:08,33.16,0.01,287,951455,买盘
10:28:12,33.16,0.0,11,36476,卖盘
10:28:15,33.16,0.0,72,238752,卖盘
10:28:18,33.15,-0.01,238,789193,卖盘
10:28:21,33.15,0.0,41,134594,买盘
10:28:24,33.14,-0.01,105,348006,卖盘
10:28:27,33.15,0.01,25,81480,买盘
10:28:30,33.15,0.0,466,1544621,买盘
10:28:33,33.14,-0.01,106,351378,卖盘
10:28:36,33.14,0.0,29,97868,买盘
10:28:39,33.15,0.01,11,36465,买盘
10:28:42,33.14,-0.01,28,92803,卖盘
10:28:45,33.15,0.01,23,76226,买盘
10:28:48,33.15,0.0,917,3035365,买盘
10:28:51,33.15,0.0,62,205042,买盘
10:28:54,33.14,-0.01,19,62968,卖盘
10:28:57,33.14,0.0,179,592976,卖盘
10:29:00,33.12,-0.02,31,102742,卖盘
10:29:03,33.14,0.02,104,344951,买盘
10:29:06,33.13,-0.01,341,1128857,卖盘
10:29:09,33.13,0.0,304,1007279,买盘
10:29:12,33.14,0.01,448,1484225,买盘
10:29:15,33.12,-0.02,80,264593,卖盘
10:29:18,33.12,0.0,72,238426,买盘
10:29:21,33.12,0.0,359,1188666,买盘
10:29:24,33.12,0.0,3177,10519401,买盘
10:29:26,33.1,-0.02,495,1636581,卖盘
10:29:30,33.08,-0.02,505,1670580,卖盘
10:29:33,33.07,-0.01,157,520449,卖盘
10:29:36,33.07,0.0,331,1094046,买盘
10:29:39,33.06,-0.01,503,1662161,中性盘
10:29:42,33.05,-0.01,94,309122,卖盘
10:29:45,33.05,0.0,74,245494,买盘
10:29:48,33.05,0.0,131,432856,买盘
10:29:50,33.04,-0.01,61,201570,卖盘
10:29:53,33.04,0.0,241,796400,卖盘
10:29:57,33.05,0.01,143,472617,买盘
10:30:00,33.04,-0.01,1361,4496137,卖盘
10:30:03,33.08,0.04,304,1005071,买盘
10:30:06,33.04,-0.04,473,1563989,卖盘
10:30:09,33.09,0.05,470,1554599,买盘
10:30:11,33.08,-0.01,425,1406280,卖盘
10:30:15,33.08,0.0,247,817084,卖盘
10:30:18,33.08,0.0,99,327292,卖盘
10:30:21,33.08,0.0,63,207683,买盘
10:30:24,33.05,-0.03,435,1437440,卖盘
10:30:27,33.05,0.0,334,1103760,卖盘
10:30:30,33.08,0.03,27,88295,买盘
10:30:33,33.05,-0.03,342,1131079,卖盘
10:30:35,33.07,0.02,170,562157,买盘
10:30:39,33.05,-0.02,150,495920,卖盘
10:30:42,33.05,0.0,169,557755,卖盘
10:30:45,33.05,0.0,243,802935,卖盘
10:30:48,33.05,0.0,556,1836640,买盘
10:30:50,33.03,-0.02,239,789970,卖盘
10:30:54,33.03,0.0,114,377634,买盘
10:30:57,33.02,-0.01,66,217958,卖盘
10:31:00,33.03,0.01,514,1697329,买盘
10:31:03,33.03,0.0,882,2913048,买盘
10:31:06,33.03,0.0,1468,4847211,买盘
10:31:08,33.04,0.01,658,2173426,买盘
10:31:12,33.04,0.0,277,915216,卖盘
10:31:15,33.04,0.0,527,1740435,卖盘
10:31:17,33.03,-0.01,181,598370,卖盘
10:31:20,33.03,0.0,2639,8710531,卖盘
10:31:24,33.04,0.01,1053,3476797,买盘
10:31:27,33.03,-0.01,596,1968655,卖盘
10:31:30,33.04,0.01,520,1717583,买盘
10:31:33,33.03,-0.01,304,1004143,卖盘
10:31:36,33.01,-0.02,1351,4460089,卖盘
10:31:38,33.01,0.0,122,402800,买盘
10:31:42,33.01,0.0,51,170634,买盘
10:31:44,33.0,-0.01,685,2260619,卖盘
10:31:48,33.0,0.0,114,376237,卖盘
10:31:51,33.01,0.01,239,788969,买盘
10:31:54,33.01,0.0,346,1142147,卖盘
10:31:57,33.01,0.0,172,567776,卖盘
10:31:59,33.01,0.0,808,2664907,卖盘
10:32:03,33.02,0.01,155,511654,买盘
10:32:06,33.01,-0.01,246,812022,中性盘
10:32:09,33.02,0.01,117,385892,买盘
10:32:12,33.01,-0.01,654,2159393,卖盘
10:32:15,33.03,0.02,660,2178722,买盘
10:32:18,33.01,-0.02,508,1679375,卖盘
10:32:21,33.01,0.0,426,1404428,卖盘
10:32:24,33.01,0.0,455,1503639,买盘
10:32:27,33.01,0.0,5283,17432881,买盘
10:32:30,33.01,0.0,227,748511,买盘
10:32:32,33.0,-0.01,1180,3892044,卖盘
10:32:36,33.0,0.0,77,253272,买盘
10:32:39,32.97,-0.03,308,1016682,卖盘
10:32:41,33.0,0.03,163,537637,买盘
10:32:44,32.95,-0.05,962,3171763,卖盘
10:32:48,32.96,0.01,350,1153311,买盘
10:32:51,32.95,-0.01,347,1143532,卖盘
10:32:54,32.95,0.0,112,369027,买盘
10:32:57,32.95,0.0,85,280048,买盘
10:33:00,32.97,0.02,229,754496,买盘
10:33:03,32.95,-0.02,1651,5439404,卖盘
10:33:06,32.94,-0.01,878,2892102,卖盘
10:33:09,32.95,0.01,304,1001389,买盘
10:33:12,32.94,-0.01,441,1452315,卖盘
10:33:15,32.93,-0.01,917,3019184,卖盘
10:33:18,32.94,0.01,87,286570,买盘
10:33:21,32.95,0.01,74,243782,买盘
10:33:24,32.92,-0.03,541,1781155,卖盘
10:33:27,32.92,0.0,143,470589,买盘
10:33:30,32.92,0.0,277,912027,买盘
10:33:33,32.92,0.0,523,1721287,买盘
10:33:36,32.92,0.0,2015,6629672,买盘
10:33:39,32.9,-0.02,1214,3992138,卖盘
10:33:42,32.89,-0.01,1221,4017968,中性盘
10:33:45,32.88,-0.01,430,1412473,卖盘
10:33:48,32.85,-0.03,135,443348,中性盘
10:33:51,32.82,-0.03,129,423696,卖盘
10:33:54,32.81,-0.01,95,311897,卖盘
10:33:57,32.82,0.01,77,252783,买盘
10:34:00,32.84,0.02,124,406957,买盘
10:34:02,32.81,-0.03,508,1667400,卖盘
10:34:06,32.82,0.01,351,1151992,买盘
10:34:09,32.84,0.02,918,3013950,买盘
10:34:12,32.85,0.01,406,1333782,买盘
10:34:15,32.85,0.0,145,476481,卖盘
10:34:18,32.85,0.0,276,905198,买盘
10:34:21,32.87,0.02,142,466852,中性盘
10:34:23,32.91,0.04,250,822439,买盘
10:34:26,32.9,-0.01,214,704189,卖盘
10:34:29,32.86,-0.04,885,2911195,卖盘
10:34:32,32.9,0.04,487,1602589,买盘
10:34:36,32.91,0.01,324,1068433,买盘
10:34:39,32.91,0.0,94,309354,卖盘
10:34:41,32.91,0.0,127,418008,卖盘
10:34:45,32.92,0.01,574,1888838,买盘
10:34:48,32.92,0.0,85,279798,卖盘
10:34:51,32.93,0.01,105,345711,买盘
10:34:54,32.92,-0.01,194,638507,卖盘
10:34:57,32.92,0.0,111,365434,卖盘
10:35:00,32.94,0.02,93,306202,买盘
10:35:03,32.93,-0.01,208,684885,买盘
10:35:06,32.93,0.0,212,698160,卖盘
10:35:09,32.94,0.01,121,398536,买盘
10:35:12,32.94,0.0,371,1222120,买盘
10:35:15,32.94,0.0,295,973644,卖盘
10:35:18,32.96,0.02,896,2948985,买盘
10:35:21,32.92,-0.04,323,1063417,卖盘
10:35:24,32.94,0.02,382,1257607,买盘
10:35:26,32.92,-0.02,84,276584,卖盘
10:35:30,32.92,0.0,143,470736,买盘
10:35:33,32.92,0.0,524,1726014,买盘
10:35:35,32.92,0.0,240,790519,买盘
10:35:39,32.92,0.0,92,303009,卖盘
10:35:41,32.93,0.01,90,296312,中性盘
10:35:45,32.92,-0.01,182,599157,卖盘
10:35:48,32.92,0.0,75,246908,卖盘
10:35:51,32.93,0.01,191,628672,买盘
10:35:54,32.93,0.0,100,329227,买盘
10:35:57,32.92,-0.01,161,530034,买盘
10:36:00,32.92,0.0,1397,4597833,卖盘
10:36:03,32.92,0.0,503,1656168,买盘
10:36:05,32.92,0.0,110,361337,卖盘
10:36:09,32.92,0.0,109,358023,买盘
10:36:11,32.95,0.03,2164,7127943,买盘
10:36:15,32.95,0.0,307,1009706,卖盘
10:36:18,32.95,0.0,298,982122,卖盘
10:36:21,32.91,-0.04,211,694620,卖盘
10:36:24,32.93,0.02,59,194313,买盘
10:36:27,32.93,0.0,70,230457,买盘
10:36:29,32.93,0.0,52,171194,买盘
10:36:32,32.92,-0.01,70,230446,卖盘
10:36:36,32.93,0.01,16,52700,中性盘
10:36:38,32.93,0.0,18,61029,卖盘
10:36:42,32.93,0.0,225,739231,卖盘
10:36:44,32.95,0.02,134,441299,买盘
10:36:48,32.94,-0.01,59,195156,卖盘
10:36:51,32.94,0.0,101,331963,卖盘
10:36:54,32.95,0.01,379,1248709,买盘
10:36:57,32.95,0.0,116,383667,买盘
10:37:00,32.94,-0.01,144,472418,卖盘
10:37:02,32.95,0.01,112,369866,买盘
10:37:05,32.96,0.01,198,652388,买盘
10:37:09,32.96,0.0,29,95584,卖盘
10:37:12,32.97,0.01,190,626430,买盘
10:37:15,32.97,0.0,435,1434193,卖盘
10:37:17,32.97,0.0,203,669034,买盘
10:37:21,32.96,-0.01,61,203152,卖盘
10:37:23,32.96,0.0,216,711933,买盘
10:37:27,32.95,-0.01,160,525146,卖盘
10:37:30,32.96,0.01,60,197702,买盘
10:37:33,32.96,0.0,26,85666,买盘
10:37:36,32.95,-0.01,85,280035,卖盘
10:37:39,32.93,-0.02,327,1077276,卖盘
10:37:41,32.94,0.01,189,621514,中性盘
10:37:45,32.93,-0.01,749,2467197,卖盘
10:37:48,32.94,0.01,794,2615941,买盘
10:37:51,32.93,-0.01,239,786137,卖盘
10:37:54,32.92,-0.01,60,197536,卖盘
10:37:56,32.93,0.01,374,1231971,买盘
10:38:00,32.93,0.0,245,804968,买盘
10:38:03,32.94,0.01,230,757182,买盘
10:38:06,32.94,0.0,151,497242,买盘
10:38:09,32.91,-0.03,176,579359,卖盘
10:38:12,32.93,0.02,615,2025778,中性盘
10:38:15,32.92,-0.01,232,764072,卖盘
10:38:18,32.92,0.0,26,85580,买盘
10:38:21,32.92,0.0,37,120988,卖盘
10:38:24,32.92,0.0,21,69137,卖盘
10:38:26,32.93,0.01,13,42809,中性盘
10:38:30,32.92,-0.01,67,220619,卖盘
10:38:32,32.94,0.02,302,996303,买盘
10:38:36,32.93,-0.01,14,46094,卖盘
10:38:39,32.93,0.0,132,434678,卖盘
10:38:42,32.94,0.01,32,105321,买盘
10:38:45,32.92,-0.02,75,246977,卖盘
10:38:47,32.94,0.02,26,85613,买盘
10:38:51,32.94,0.0,43,141608,买盘
10:38:53,32.92,-0.02,254,836859,卖盘
10:38:57,32.94,0.02,128,421428,买盘
10:39:00,32.93,-0.01,20,65866,卖盘
10:39:03,32.91,-0.02,792,2607299,卖盘
10:39:06,32.94,0.03,26,85638,买盘
10:39:09,32.91,-0.03,120,395812,卖盘
10:39:12,32.94,0.03,193,635718,买盘
10:39:15,32.94,0.0,43,141642,卖盘
10:39:18,32.95,0.01,186,612696,买盘
10:39:21,32.93,-0.02,305,1004626,卖盘
10:39:24,32.95,0.02,531,1747784,买盘
10:39:27,32.92,-0.03,405,1335839,卖盘
10:39:30,32.95,0.03,29,95555,买盘
10:39:32,32.93,-0.02,80,263460,卖盘
10:39:35,32.94,0.01,74,243727,中性盘
10:39:39,32.95,0.01,250,823674,买盘
10:39:41,32.94,-0.01,738,2431702,卖盘
10:39:45,32.93,-0.01,26,85275,卖盘
10:39:47,32.95,0.02,86,283215,买盘
10:39:51,32.94,-0.01,62,204202,卖盘
10:39:53,32.94,0.0,278,915645,卖盘
10:39:57,32.94,0.0,704,2316974,买盘
10:40:00,32.92,-0.02,210,691225,中性盘
10:40:03,32.92,0.0,120,394735,买盘
10:40:06,32.92,0.0,183,602646,卖盘
10:40:08,32.91,-0.01,320,1052472,卖盘
10:40:12,32.93,0.02,262,862791,买盘
10:40:15,32.9,-0.03,659,2169200,卖盘
10:40:17,32.9,0.0,985,3240674,卖盘
10:40:20,32.93,0.03,1142,3759834,买盘
10:40:24,32.9,-0.03,167,549467,卖盘
10:40:26,32.9,0.0,218,716234,卖盘
10:40:30,32.9,0.0,122,401383,卖盘
10:40:33,32.9,0.0,338,1110934,卖盘
10:40:36,32.9,0.0,123,405045,买盘
10:40:39,32.9,0.0,735,2417176,买盘
10:40:42,32.9,0.0,124,408368,买盘
10:40:45,32.89,-0.01,429,1412029,卖盘
10:40:48,32.89,0.0,138,451539,买盘
10:40:51,32.87,-0.02,48,157869,卖盘
10:40:54,32.89,0.02,163,535665,中性盘
10:40:57,32.86,-0.03,151,496418,卖盘
10:41:00,32.88,0.02,50,164343,买盘
10:41:02,32.86,-0.02,676,2221608,卖盘
10:41:06,32.87,0.01,24,78895,中性盘
10:41:09,32.86,-0.01,513,1686144,卖盘
10:41:12,32.88,0.02,76,249915,中性盘
10:41:15,32.88,0.0,236,776176,卖盘
10:41:18,32.86,-0.02,920,3024585,卖盘
10:41:21,32.88,0.02,72,238348,买盘
10:41:24,32.88,0.0,142,466848,买盘
10:41:27,32.87,-0.01,2214,7284615,中性盘
10:41:29,32.88,0.01,271,891123,中性盘
10:41:32,32.88,0.0,35,115084,卖盘
10:41:36,32.9,0.02,217,713800,买盘
10:41:39,32.9,0.0,130,428194,卖盘
10:41:42,32.89,-0.01,275,904752,卖盘
10:41:45,32.9,0.01,331,1085975,买盘
10:41:48,32.9,0.0,528,1735962,买盘
10:41:51,32.89,-0.01,48,157840,中性盘
10:41:54,32.88,-0.01,62,203896,卖盘
10:41:57,32.89,0.01,83,272922,买盘
10:42:00,32.88,-0.01,21,70926,卖盘
10:42:03,32.89,0.01,31,101945,买盘
10:42:06,32.89,0.0,177,582191,卖盘
10:42:09,32.89,0.0,40,130709,卖盘
10:42:12,32.9,0.01,85,279650,买盘
10:42:14,32.9,0.0,44,144761,卖盘
10:42:18,32.9,0.0,341,1121892,卖盘
10:42:21,32.91,0.01,63,207299,买盘
10:42:24,32.9,-0.01,297,977260,卖盘
10:42:26,32.9,0.0,23,75668,买盘
10:42:30,32.9,0.0,366,1202934,买盘
10:42:33,32.9,0.0,87,286230,买盘
10:42:36,32.9,0.0,26,86444,买盘
10:42:38,32.89,-0.01,244,801123,卖盘
10:42:42,32.89,0.0,13,42757,买盘
10:42:44,32.89,0.0,242,797707,买盘
10:42:48,32.89,0.0,23,75664,卖盘
10:42:51,32.89,0.0,3,9869,卖盘
10:42:54,32.9,0.01,78,256607,买盘
10:42:56,32.9,0.0,11,36189,买盘
10:42:59,32.89,-0.01,327,1076443,卖盘
10:43:03,32.9,0.01,220,721859,买盘
10:43:06,32.9,0.0,393,1292892,卖盘
10:43:08,32.9,0.0,638,2099010,卖盘
10:43:12,32.91,0.01,452,1487264,买盘
10:43:14,32.9,-0.01,525,1727686,卖盘
10:43:18,32.9,0.0,20,66143,卖盘
10:43:21,32.92,0.02,69,227124,买盘
10:43:24,32.91,-0.01,167,549617,卖盘
10:43:26,32.95,0.04,3189,10497632,买盘
10:43:30,32.9,-0.05,416,1368340,卖盘
10:43:33,32.9,0.0,150,494453,买盘
10:43:36,32.9,0.0,106,348720,买盘
10:43:39,32.9,0.0,421,1385241,买盘
10:43:42,32.88,-0.02,822,2701642,卖盘
10:43:45,32.88,0.0,85,279475,买盘
10:43:48,32.88,0.0,324,1065296,买盘
10:43:51,32.9,0.02,203,667792,买盘
10:43:54,32.89,-0.01,13,42757,中性盘
10:43:57,32.88,-0.01,64,210432,卖盘
10:44:00,32.9,0.02,86,282776,买盘
10:44:03,32.9,0.0,47,154106,买盘
10:44:06,32.9,0.0,148,486801,买盘
10:44:09,32.89,-0.01,38,125001,卖盘
10:44:11,32.9,0.01,283,932934,买盘
10:44:15,32.89,-0.01,482,1584351,卖盘
10:44:17,32.89,0.0,12,39468,买盘
10:44:21,32.89,0.0,275,904458,买盘
10:44:24,32.89,0.0,26,85514,买盘
10:44:27,32.89,0.0,60,197325,买盘
10:44:30,32.89,0.0,48,158562,买盘
10:44:32,32.88,-0.01,134,439888,卖盘
10:44:36,32.88,0.0,487,1601206,卖盘
10:44:38,32.88,0.0,60,198955,买盘
10:44:42,32.88,0.0,28,92051,买盘
10:44:45,32.88,0.0,135,443877,买盘
10:44:48,32.88,0.0,232,762815,买盘
10:44:50,32.88,0.0,1,3288,买盘
10:44:54,32.88,0.0,51,167673,买盘
10:44:57,32.88,0.0,60,195066,买盘
10:44:59,32.88,0.0,384,1261931,买盘
10:45:02,32.89,0.01,91,299213,买盘
10:45:06,32.87,-0.02,265,871318,卖盘
10:45:09,32.88,0.01,74,243269,买盘
10:45:11,32.87,-0.01,659,2169362,卖盘
10:45:15,32.87,0.0,50,164385,卖盘
10:45:18,32.88,0.01,17,56181,买盘
10:45:21,32.88,0.0,28,92054,买盘
10:45:23,32.88,0.0,143,470080,买盘
10:45:26,32.88,0.0,154,504749,买盘
10:45:30,32.87,-0.01,265,871260,卖盘
10:45:33,32.89,0.02,377,1239448,买盘
10:45:36,32.87,-0.02,102,334786,卖盘
10:45:39,32.87,0.0,391,1286779,买盘
10:45:42,32.87,0.0,52,170924,买盘
10:45:45,32.87,0.0,62,203797,买盘
10:45:48,32.87,0.0,528,1734229,买盘
10:45:51,32.87,0.0,82,269477,买盘
10:45:53,32.86,-0.01,135,442637,卖盘
10:45:57,32.86,0.0,450,1478337,买盘
10:46:00,32.85,-0.01,857,2816291,卖盘
10:46:03,32.86,0.01,164,539033,卖盘
10:46:06,32.86,0.0,47,154439,买盘
10:46:09,32.86,0.0,17,55859,买盘
10:46:11,32.87,0.01,460,1512474,买盘
10:46:14,32.87,0.0,36,118298,买盘
10:46:18,32.86,-0.01,29,95307,卖盘
10:46:21,32.86,0.0,720,2363843,卖盘
10:46:24,32.87,0.01,45,147882,买盘
10:46:27,32.87,0.0,36,118332,买盘
10:46:30,32.89,0.02,463,1522225,买盘
10:46:33,32.87,-0.02,233,765693,卖盘
10:46:36,32.86,-0.01,561,1844517,卖盘
10:46:38,32.86,0.0,53,174158,买盘
10:46:42,32.85,-0.01,214,702009,卖盘
10:46:45,32.86,0.01,35,115007,中性盘
10:46:47,32.85,-0.01,124,407354,卖盘
10:46:51,32.86,0.01,42,138005,买盘
10:46:54,32.85,-0.01,138,453417,卖盘
10:46:57,32.86,0.01,24,78863,买盘
10:46:59,32.86,0.0,309,1015374,卖盘
10:47:02,32.85,-0.01,1078,3541685,卖盘
10:47:06,32.85,0.0,177,581445,买盘
10:47:09,32.85,0.0,338,1111687,买盘
10:47:12,32.85,0.0,623,2045928,买盘
10:47:14,32.85,0.0,1120,3679091,卖盘
10:47:17,32.86,0.01,38,124842,买盘
10:47:21,32.86,0.0,408,1340281,买盘
10:47:24,32.83,-0.03,1612,5290638,卖盘
10:47:27,32.82,-0.01,25,82062,卖盘
10:47:30,32.86,0.04,1002,3290388,买盘
10:47:33,32.81,-0.05,353,1161190,卖盘
10:47:36,32.85,0.04,32,105049,买盘
10:47:39,32.81,-0.04,549,1802305,卖盘
10:47:41,32.8,-0.01,1980,6495037,卖盘
10:47:45,32.8,0.0,1870,6131215,卖盘
10:47:48,32.79,-0.01,510,1672155,卖盘
10:47:50,32.77,-0.02,527,1727199,卖盘
10:47:54,32.77,0.0,195,638898,买盘
10:47:57,32.75,-0.02,2553,8352476,卖盘
10:48:00,32.7,-0.05,85,278090,卖盘
10:48:03,32.7,0.0,376,1229803,买盘
10:48:06,32.7,0.0,968,3171683,卖盘
10:48:09,32.76,0.06,124,405679,买盘
10:48:12,32.71,-0.05,997,3264667,卖盘
10:48:15,32.73,0.02,94,307692,中性盘
10:48:18,32.78,0.05,107,350218,买盘
10:48:20,32.76,-0.02,249,815730,卖盘
10:48:24,32.78,0.02,40,131068,买盘
10:48:27,32.78,0.0,86,281762,买盘
10:48:30,32.76,-0.02,834,2732289,卖盘
10:48:33,32.78,0.02,52,170458,卖盘
10:48:36,32.78,0.0,247,809717,卖盘
10:48:38,32.78,0.0,196,642487,卖盘
10:48:42,32.78,0.0,8,26222,买盘
10:48:45,32.76,-0.02,113,370275,卖盘
10:48:48,32.78,0.02,804,2633456,买盘
10:48:50,32.78,0.0,89,291597,买盘
10:48:54,32.76,-0.02,70,229344,卖盘
10:48:57,32.76,0.0,47,153986,卖盘
10:49:00,32.76,0.0,59,193273,卖盘
10:49:03,32.77,0.01,196,642097,买盘
10:49:06,32.75,-0.02,310,1015287,卖盘
10:49:09,32.75,0.0,207,677916,买盘
10:49:12,32.76,0.01,267,871441,买盘
10:49:14,32.76,0.0,154,505477,买盘
10:49:18,32.75,-0.01,216,707368,卖盘
10:49:21,32.76,0.01,41,134291,买盘
10:49:24,32.75,-0.01,720,2357724,卖盘
10:49:27,32.76,0.01,114,373324,买盘
10:49:30,32.75,-0.01,214,700852,卖盘
10:49:33,32.77,0.02,50,163810,买盘
10:49:36,32.75,-0.02,93,304600,卖盘
10:49:39,32.76,0.01,150,491389,卖盘
10:49:42,32.78,0.02,351,1152144,买盘
10:49:45,32.78,0.0,78,254818,卖盘
10:49:48,32.78,0.0,40,131126,卖盘
10:49:51,32.79,0.01,34,111468,买盘
10:49:54,32.79,0.0,53,173784,买盘
10:49:57,32.78,-0.01,92,301585,卖盘
10:50:00,32.8,0.02,45,147590,买盘
10:50:02,32.8,0.0,75,245947,买盘
10:50:05,32.79,-0.01,407,1332630,卖盘
10:50:09,32.79,0.0,108,357116,卖盘
10:50:12,32.8,0.01,209,685289,买盘
10:50:15,32.8,0.0,426,1394566,买盘
10:50:18,32.79,-0.01,300,983635,卖盘
10:50:20,32.79,0.0,136,448220,买盘
10:50:23,32.79,0.0,231,757273,买盘
10:50:27,32.78,-0.01,123,402736,卖盘
10:50:30,32.78,0.0,179,586649,买盘
10:50:33,32.78,0.0,55,180251,买盘
10:50:36,32.78,0.0,75,243320,买盘
10:50:39,32.77,-0.01,48,157525,卖盘
10:50:42,32.77,0.0,415,1360102,卖盘
10:50:45,32.77,0.0,49,162324,卖盘
10:50:47,32.78,0.01,1772,5801971,买盘
10:50:51,32.78,0.0,113,372110,买盘
10:50:54,32.77,-0.01,34,111435,卖盘
10:50:57,32.76,-0.01,35,114693,卖盘
10:51:00,32.77,0.01,22,72090,买盘
10:51:03,32.77,0.0,131,429287,买盘
10:51:06,32.75,-0.02,157,514248,卖盘
10:51:09,32.77,0.02,94,308284,买盘
10:51:11,32.77,0.0,197,645660,买盘
10:51:14,32.78,0.01,70,229393,买盘
10:51:17,32.77,-0.01,137,448529,卖盘
10:51:21,32.78,0.01,101,331055,买盘
10:51:24,32.78,0.0,1011,3312612,买盘
10:51:27,32.75,-0.03,403,1320235,卖盘
10:51:30,32.75,0.0,54,176846,买盘
10:51:32,32.75,0.0,177,577897,买盘
10:51:36,32.75,0.0,133,435528,买盘
10:51:39,32.78,0.03,335,1097166,买盘
10:51:42,32.75,-0.03,195,638633,卖盘
10:51:45,32.75,0.0,175,573282,卖盘
10:51:48,32.76,0.01,8,26209,中性盘
10:51:51,32.75,-0.01,235,770631,卖盘
10:51:53,32.77,0.02,5,16379,买盘
10:51:57,32.76,-0.01,578,1892964,中性盘
10:51:59,32.76,0.0,73,241160,买盘
10:52:03,32.75,-0.01,179,584627,卖盘
10:52:05,32.76,0.01,29,94984,买盘
10:52:09,32.76,0.0,14,45862,买盘
10:52:12,32.77,0.01,411,1346503,买盘
10:52:15,32.77,0.0,100,327701,卖盘
10:52:18,32.77,0.0,234,765769,卖盘
10:52:21,32.77,0.0,8,26215,买盘
10:52:24,32.76,-0.01,23,75370,卖盘
10:52:27,32.76,0.0,24,80661,卖盘
10:52:30,32.76,0.0,76,246947,卖盘
10:52:33,32.75,-0.01,35,116419,卖盘
10:52:36,32.75,0.0,94,306339,卖盘
10:52:38,32.77,0.02,128,421386,买盘
10:52:42,32.76,-0.01,10,32763,卖盘
10:52:45,32.76,0.0,28,91730,卖盘
10:52:47,32.76,0.0,70,227289,卖盘
10:52:51,32.76,0.0,12,39310,买盘
10:52:54,32.75,-0.01,19,62229,卖盘
10:52:57,32.76,0.01,53,175069,买盘
10:53:00,32.75,-0.01,344,1124949,卖盘
10:53:03,32.75,0.0,246,808281,买盘
10:53:05,32.75,0.0,143,465577,买盘
10:53:08,32.74,-0.01,44,144072,卖盘
10:53:12,32.75,0.01,638,2089883,买盘
10:53:15,32.75,0.0,75,245579,卖盘
10:53:17,32.76,0.01,3,11138,买盘
10:53:21,32.75,-0.01,54,175540,卖盘
10:53:24,32.75,0.0,33,108075,买盘
10:53:26,32.76,0.01,90,294748,买盘
10:53:29,32.75,-0.01,91,297940,中性盘
10:53:32,32.75,0.0,48,157206,卖盘
10:53:36,32.75,0.0,93,306887,买盘
10:53:39,32.75,0.0,61,199756,买盘
10:53:41,32.73,-0.02,367,1201301,卖盘
10:53:45,32.75,0.02,56,183353,买盘
10:53:47,32.75,0.0,36,117859,买盘
10:53:51,32.75,0.0,25,81837,买盘
10:53:54,32.74,-0.01,103,337073,卖盘
10:53:57,32.75,0.01,244,798668,买盘
10:54:00,32.74,-0.01,74,242278,卖盘
10:54:03,32.74,0.0,614,2009031,买盘
10:54:06,32.74,0.0,29,94955,卖盘
10:54:09,32.74,0.0,12,37916,卖盘
10:54:12,32.75,0.01,588,1926576,买盘
10:54:15,32.75,0.0,77,251302,卖盘
10:54:18,32.74,-0.01,83,271732,卖盘
10:54:21,32.74,0.0,12,39288,买盘
10:54:24,32.73,-0.01,312,1021191,卖盘
10:54:27,32.73,0.0,45,147306,买盘
10:54:30,32.72,-0.01,11,36002,卖盘
10:54:33,32.73,0.01,50,163642,买盘
10:54:35,32.73,0.0,11,36003,买盘
10:54:39,32.75,0.02,254,833033,买盘
10:54:41,32.75,0.0,104,340610,卖盘
10:54:45,32.73,-0.02,24,77146,卖盘
10:54:48,32.73,0.0,9,29471,卖盘
10:54:50,32.75,0.02,29,94969,买盘
10:54:54,32.73,-0.02,92,302449,卖盘
10:54:56,32.73,0.0,80,260573,卖盘
10:54:59,32.72,-0.01,29,94910,卖盘
10:55:03,32.73,0.01,25,83101,买盘
10:55:06,32.75,0.02,70,229127,买盘
10:55:09,32.73,-0.02,50,163674,卖盘
10:55:12,32.75,0.02,508,1663567,买盘
10:55:15,32.74,-0.01,37,121111,中性盘
10:55:18,32.74,0.0,39,127697,买盘
10:55:20,32.75,0.01,782,2559042,买盘
10:55:24,32.76,0.01,351,1149517,买盘
10:55:27,32.75,-0.01,26,85140,中性盘
10:55:30,32.74,-0.01,50,163732,卖盘
10:55:32,32.74,0.0,64,209607,卖盘
10:55:36,32.76,0.02,11,36026,买盘
10:55:39,32.76,0.0,10,32760,买盘
10:55:42,32.75,-0.01,17,55680,卖盘
10:55:44,32.76,0.01,40,133532,买盘
10:55:48,32.75,-0.01,114,373383,卖盘
10:55:51,32.76,0.01,3,9828,买盘
10:55:54,32.75,-0.01,34,111364,卖盘
10:55:57,32.75,0.0,27,86574,卖盘
10:56:00,32.76,0.01,65,212884,买盘
10:56:03,32.76,0.0,145,474428,买盘
10:56:06,32.74,-0.02,522,1709183,卖盘
10:56:09,32.76,0.02,108,353810,买盘
10:56:12,32.77,0.01,176,577576,买盘
10:56:15,32.77,0.0,92,301484,卖盘
10:56:17,32.77,0.0,854,2798136,卖盘
10:56:21,32.78,0.01,10,32775,买盘
10:56:24,32.77,-0.01,74,242497,卖盘
10:56:26,32.77,0.0,130,426621,买盘
10:56:30,32.77,0.0,54,175760,买盘
10:56:33,32.77,0.0,114,373570,买盘
10:56:35,32.76,-0.01,28,91741,卖盘
10:56:39,32.77,0.01,62,203407,买盘
10:56:42,32.76,-0.01,266,872169,卖盘
10:56:45,32.75,-0.01,93,304640,卖盘
10:56:48,32.76,0.01,42,137610,买盘
10:56:51,32.76,0.0,69,226030,卖盘
10:56:54,32.75,-0.01,60,196530,卖盘
10:56:57,32.76,0.01,162,530715,买盘
10:57:00,32.77,0.01,126,410863,买盘
10:57:02,32.77,0.0,179,586552,买盘
10:57:06,32.75,-0.02,234,766765,卖盘
10:57:09,32.75,0.0,81,265269,买盘
10:57:12,32.75,0.0,99,323905,买盘
10:57:15,32.76,0.01,17,55691,买盘
10:57:18,32.76,0.0,14,45864,买盘
10:57:21,32.75,-0.01,249,815536,卖盘
10:57:24,32.77,0.02,275,900833,买盘
10:57:27,32.76,-0.01,28,91728,卖盘
10:57:29,32.76,0.0,19,64378,卖盘
10:57:32,32.76,0.0,20,65525,卖盘
10:57:36,32.77,0.01,89,291579,买盘
10:57:39,32.76,-0.01,82,267515,卖盘
10:57:42,32.76,0.0,48,157248,买盘
10:57:45,32.76,0.0,44,144126,买盘
10:57:48,32.75,-0.01,309,1013804,卖盘
10:57:51,32.75,0.0,47,152637,卖盘
10:57:54,32.75,0.0,90,294838,卖盘
10:57:56,32.75,0.0,112,366883,卖盘
10:57:59,32.76,0.01,70,228018,买盘
10:58:03,32.75,-0.01,166,544165,卖盘
10:58:05,32.75,0.0,183,599390,卖盘
10:58:09,32.76,0.01,270,886296,买盘
10:58:12,32.76,0.0,160,523006,买盘
10:58:15,32.76,0.0,60,196599,卖盘
10:58:18,32.76,0.0,4,13104,卖盘
10:58:21,32.77,0.01,19,62252,买盘
10:58:24,32.76,-0.01,350,1146648,卖盘
10:58:26,32.76,0.0,192,630212,卖盘
10:58:30,32.77,0.01,205,671747,买盘
10:58:33,32.77,0.0,55,177545,中性盘
10:58:36,32.78,0.01,115,376784,买盘
10:58:39,32.78,0.0,4,13111,买盘
10:58:42,32.77,-0.01,22,73966,卖盘
10:58:45,32.77,0.0,61,199954,卖盘
10:58:48,32.77,0.0,122,399794,卖盘
10:58:50,32.76,-0.01,62,201565,卖盘
10:58:54,32.77,0.01,59,194587,买盘
10:58:57,32.77,0.0,50,163849,买盘
10:58:59,32.76,-0.01,158,517659,卖盘
10:59:03,32.77,0.01,239,783560,买盘
10:59:06,32.77,0.0,100,326581,买盘
10:59:08,32.76,-0.01,32,104862,卖盘
10:59:12,32.77,0.01,521,1707316,买盘
10:59:14,32.77,0.0,78,255592,卖盘
10:59:18,32.77,0.0,14,45878,卖盘
10:59:21,32.78,0.01,25,81950,买盘
10:59:23,32.77,-0.01,118,385997,卖盘
10:59:27,32.77,0.0,49,160570,买盘
10:59:29,32.78,0.01,569,1865023,买盘
10:59:33,32.78,0.0,2,6556,卖盘
10:59:36,32.78,0.0,49,162966,卖盘
10:59:39,32.78,0.0,14,45905,卖盘
10:59:42,32.78,0.0,47,152398,卖盘
10:59:45,32.79,0.01,368,1206666,买盘
10:59:48,32.79,0.0,542,1777537,买盘
10:59:51,32.81,0.02,326,1069398,买盘
10:59:54,32.84,0.03,190,623889,买盘
10:59:57,32.81,-0.03,13,42672,卖盘
11:00:00,32.83,0.02,10,34044,中性盘
11:00:03,32.8,-0.03,176,577880,买盘
11:00:06,32.83,0.03,136,446184,卖盘
11:00:10,32.81,-0.02,315,1034747,卖盘
11:00:12,32.84,0.03,388,1273308,买盘
11:00:15,32.83,-0.01,498,1635644,卖盘
11:00:18,32.84,0.01,96,315189,买盘
11:00:21,32.83,-0.01,388,1273806,卖盘
11:00:24,32.83,0.0,94,308601,卖盘
11:00:26,32.84,0.01,358,1172861,买盘
11:00:30,32.82,-0.02,254,836278,卖盘
11:00:33,32.81,-0.01,29,95174,卖盘
11:00:36,32.82,0.01,529,1735303,买盘
11:00:39,32.82,0.0,211,692488,买盘
11:00:41,32.82,0.0,94,308450,买盘
11:00:45,32.81,-0.01,130,424354,卖盘
11:00:48,32.85,0.04,251,824301,买盘
11:00:51,32.84,-0.01,131,430236,卖盘
11:00:54,32.84,0.0,13,42692,卖盘
11:00:57,32.84,0.0,130,426933,卖盘
11:00:59,32.84,0.0,26,84933,卖盘
11:01:03,32.86,0.02,116,381534,买盘
11:01:06,32.85,-0.01,28,91999,卖盘
11:01:08,32.84,-0.01,45,147936,卖盘
11:01:12,32.85,0.01,22,72884,中性盘
11:01:15,32.87,0.02,244,801766,买盘
11:01:18,32.86,-0.01,5,16432,卖盘
11:01:21,32.87,0.01,379,1245400,买盘
11:01:24,32.86,-0.01,90,297148,卖盘
11:01:27,32.86,0.0,133,434904,买盘
11:01:29,32.86,0.0,77,253018,买盘
11:01:33,32.86,0.0,54,177432,买盘
11:01:36,32.85,-0.01,108,355287,卖盘
11:01:39,32.85,0.0,66,216791,买盘
11:01:42,32.85,0.0,76,250675,买盘
11:01:46,32.85,0.0,43,141831,买盘
11:01:48,32.85,0.0,125,410612,卖盘
11:01:51,32.86,0.01,7,21523,买盘
11:01:54,32.85,-0.01,274,899924,卖盘
11:01:57,32.86,0.01,81,266091,买盘
11:02:01,32.84,-0.02,69,226680,卖盘
11:02:03,32.85,0.01,33,109360,买盘
11:02:06,32.84,-0.01,145,476326,卖盘
11:02:09,32.85,0.01,55,180696,中性盘
11:02:12,32.84,-0.01,103,338259,卖盘
11:02:16,32.84,0.0,650,2132877,卖盘
11:02:18,32.83,-0.01,23,75519,中性盘
11:02:21,32.82,-0.01,320,1050073,卖盘
11:02:24,32.81,-0.01,43,140598,卖盘
11:02:26,32.8,-0.01,85,279355,卖盘
11:02:30,32.8,0.0,23,75459,卖盘
11:02:33,32.8,0.0,213,698650,卖盘
11:02:36,32.79,-0.01,100,328083,卖盘
11:02:39,32.81,0.02,202,662796,买盘
11:02:42,32.78,-0.03,296,972940,卖盘
11:02:45,32.77,-0.01,230,753775,卖盘
11:02:48,32.77,0.0,103,337589,卖盘
11:02:51,32.77,0.0,32,104869,卖盘
11:02:54,32.78,0.01,113,370340,卖盘
11:02:57,32.77,-0.01,91,298277,卖盘
11:02:59,32.78,0.01,45,145562,卖盘
11:03:03,32.79,0.01,106,347590,买盘
11:03:06,32.78,-0.01,94,308170,卖盘
11:03:09,32.79,0.01,11,36069,买盘
11:03:12,32.79,0.0,52,171513,买盘
11:03:15,32.79,0.0,286,937795,买盘
11:03:18,32.79,0.0,271,888609,卖盘
11:03:21,32.78,-0.01,148,485249,卖盘
11:03:24,32.77,-0.01,75,245846,卖盘
11:03:27,32.78,0.01,169,553836,买盘
11:03:30,32.78,0.0,7,21599,买盘
11:03:33,32.77,-0.01,35,114705,卖盘
11:03:36,32.78,0.01,22,71908,买盘
11:03:38,32.78,0.0,49,160608,买盘
11:03:42,32.77,-0.01,59,194427,卖盘
11:03:45,32.78,0.01,61,199945,买盘
11:03:48,32.78,0.0,479,1570713,买盘
11:03:51,32.77,-0.01,254,832390,卖盘
11:03:54,32.78,0.01,77,252405,中性盘
11:03:57,32.78,0.0,36,118008,卖盘
11:04:00,32.78,0.0,113,370502,卖盘
11:04:03,32.78,0.0,144,472033,买盘
11:04:06,32.78,0.0,81,265520,买盘
11:04:09,32.79,0.01,305,999952,买盘
11:04:12,32.78,-0.01,74,242566,买盘
11:04:15,32.79,0.01,236,771844,买盘
11:04:18,32.79,0.0,21,68859,卖盘
11:04:21,32.79,0.0,302,990258,卖盘
11:04:23,32.78,-0.01,149,491068,卖盘
11:04:26,32.79,0.01,115,377084,买盘
11:04:31,32.78,-0.01,80,262249,卖盘
11:04:33,32.78,0.0,131,429447,卖盘
11:04:36,32.78,0.0,63,205621,卖盘
11:04:39,32.79,0.01,23,75404,买盘
11:04:42,32.78,-0.01,52,170457,卖盘
11:04:46,32.78,0.0,30,99196,卖盘
11:04:48,32.78,0.0,72,236078,卖盘
11:04:51,32.79,0.01,36,115485,买盘
11:04:54,32.78,-0.01,37,122444,卖盘
11:04:57,32.78,0.0,19,62284,卖盘
11:04:59,32.78,0.0,22,72121,卖盘
11:05:03,32.78,0.0,151,495368,卖盘
11:05:06,32.78,0.0,51,167185,卖盘
11:05:09,32.78,0.0,37,121290,卖盘
11:05:12,32.78,0.0,15,49173,卖盘
11:05:15,32.78,0.0,615,2017547,卖盘
11:05:18,32.79,0.01,26,85241,买盘
11:05:21,32.78,-0.01,7,22950,卖盘
11:05:24,32.79,0.01,315,1033066,买盘
11:05:27,32.78,-0.01,28,91163,卖盘
11:05:31,32.79,0.01,46,150812,买盘
11:05:33,32.78,-0.01,67,219627,卖盘
11:05:36,32.79,0.01,18,59016,买盘
11:05:39,32.78,-0.01,26,85401,卖盘
11:05:42,32.79,0.01,11,36062,买盘
11:05:45,32.78,-0.01,498,1630062,卖盘
11:05:48,32.79,0.01,35,115208,买盘
11:05:51,32.79,0.0,44,144259,买盘
11:05:54,32.79,0.0,123,403129,买盘
11:05:57,32.78,-0.01,14,45904,卖盘
11:06:01,32.78,0.0,17,55730,卖盘
11:06:03,32.77,-0.01,203,666754,卖盘
11:06:06,32.78,0.01,3,11145,卖盘
11:06:08,32.78,0.0,48,156036,卖盘
11:06:12,32.77,-0.01,29,95061,卖盘
11:06:15,32.78,0.01,151,496238,买盘
11:06:18,32.78,0.0,26,85428,卖盘
11:06:21,32.79,0.01,5,16393,买盘
11:06:24,32.78,-0.01,429,1406272,卖盘
11:06:27,32.79,0.01,7,22948,买盘
11:06:29,32.78,-0.01,47,152575,卖盘
11:06:33,32.78,0.0,47,155574,买盘
11:06:36,32.78,0.0,46,150796,卖盘
11:06:39,32.78,0.0,17,55731,卖盘
11:06:42,32.78,0.0,33,108202,卖盘
11:06:46,32.79,0.01,10,32785,买盘
11:06:48,32.79,0.0,33,107540,卖盘
11:06:51,32.79,0.0,125,409826,卖盘
11:06:54,32.8,0.01,31,101679,买盘
11:06:57,32.79,-0.01,21,68859,卖盘
11:07:00,32.79,0.0,117,383646,卖盘
11:07:03,32.79,0.0,137,449778,卖盘
11:07:06,32.8,0.01,15,49194,买盘
11:07:08,32.79,-0.01,28,91826,卖盘
11:07:12,32.79,0.0,258,845782,卖盘
11:07:16,32.79,0.0,424,1389529,卖盘
11:07:18,32.79,0.0,59,193468,卖盘
11:07:21,32.8,0.01,26,84543,买盘
11:07:24,32.79,-0.01,102,335178,卖盘
11:07:26,32.78,-0.01,45,147528,卖盘
11:07:31,32.78,0.0,27,88516,卖盘
11:07:33,32.79,0.01,23,75973,买盘
11:07:36,32.78,-0.01,254,830627,卖盘
11:07:39,32.78,0.0,11,36064,卖盘
11:07:42,32.78,0.0,30,100151,卖盘
11:07:45,32.77,-0.01,367,1203095,卖盘
11:07:48,32.78,0.01,182,596440,买盘
11:07:52,32.77,-0.01,45,147605,卖盘
11:07:54,32.77,0.0,1,3277,卖盘
11:07:57,32.76,-0.01,461,1510953,卖盘
11:08:00,32.77,0.01,387,1268065,买盘
11:08:03,32.76,-0.01,72,235837,中性盘
11:08:06,32.76,0.0,109,357086,卖盘
11:08:09,32.75,-0.01,17,54151,卖盘
11:08:12,32.76,0.01,563,1844814,买盘
11:08:15,32.77,0.01,1093,3579355,买盘
11:08:17,32.78,0.01,164,538605,买盘
11:08:21,32.77,-0.01,245,802418,买盘
11:08:24,32.75,-0.02,58,188612,卖盘
11:08:27,32.75,0.0,223,730283,买盘
11:08:31,32.76,0.01,281,921913,买盘
11:08:33,32.75,-0.01,81,263973,卖盘
11:08:36,32.75,0.0,37,122519,买盘
11:08:40,32.75,0.0,57,186604,卖盘
11:08:42,32.76,0.01,46,150678,买盘
11:08:46,32.77,0.01,34,111358,买盘
11:08:48,32.75,-0.02,25,82985,卖盘
11:08:52,32.75,0.0,13,42583,卖盘
11:08:54,32.75,0.0,14,43132,卖盘
11:08:56,32.75,0.0,261,854757,卖盘
11:09:01,32.75,0.0,217,710489,卖盘
11:09:03,32.75,0.0,116,379902,买盘
11:09:06,32.75,0.0,93,304587,卖盘
11:09:09,32.75,0.0,17,55675,买盘
11:09:12,32.76,0.01,66,216153,买盘
11:09:16,32.76,0.0,1182,3873891,卖盘
11:09:17,32.74,-0.02,143,468162,卖盘
11:09:21,32.75,0.01,24,78596,买盘
11:09:24,32.74,-0.01,230,752830,卖盘
11:09:28,32.74,0.0,56,183327,买盘
11:09:31,32.73,-0.01,101,330624,卖盘
11:09:34,32.74,0.01,111,363406,买盘
11:09:36,32.73,-0.01,30,98199,卖盘
11:09:39,32.74,0.01,13,42553,买盘
11:09:42,32.74,0.0,46,150560,买盘
11:09:45,32.74,0.0,219,715780,买盘
11:09:48,32.73,-0.01,3,9819,中性盘
11:09:52,32.74,0.01,108,353585,买盘
11:09:54,32.74,0.0,45,147332,卖盘
11:09:57,32.73,-0.01,492,1610801,卖盘
11:10:01,32.74,0.01,71,232384,买盘
11:10:03,32.73,-0.01,351,1148937,卖盘
11:10:06,32.73,0.0,235,768960,买盘
11:10:09,32.73,0.0,23,75278,买盘
11:10:12,32.73,0.0,355,1161671,买盘
11:10:16,32.71,-0.02,1172,3836734,卖盘
11:10:18,32.71,0.0,3489,11410140,卖盘
11:10:21,32.7,-0.01,685,2240039,卖盘
11:10:24,32.69,-0.01,2690,8796547,卖盘
11:10:27,32.69,0.0,1250,4085034,卖盘
11:10:31,32.68,-0.01,412,1346446,卖盘
11:10:33,32.68,0.0,58,191337,卖盘
11:10:36,32.69,0.01,97,315402,买盘
11:10:40,32.69,0.0,364,1189555,买盘
11:10:42,32.67,-0.02,140,459052,卖盘
11:10:45,32.68,0.01,444,1450397,买盘
11:10:48,32.66,-0.02,578,1888716,卖盘
11:10:51,32.66,0.0,229,748252,卖盘
11:10:54,32.67,0.01,129,421258,中性盘
11:10:57,32.66,-0.01,444,1449732,卖盘
11:11:00,32.67,0.01,103,334997,买盘
11:11:04,32.66,-0.01,327,1068363,卖盘
11:11:06,32.67,0.01,236,770636,买盘
11:11:09,32.66,-0.01,110,359342,卖盘
11:11:12,32.7,0.04,1158,3785218,买盘
11:11:15,32.68,-0.02,670,2191691,卖盘
11:11:18,32.67,-0.01,106,346304,卖盘
11:11:21,32.67,0.0,513,1676557,卖盘
11:11:24,32.67,0.0,156,509684,卖盘
11:11:27,32.68,0.01,35,114366,买盘
11:11:31,32.67,-0.01,34,112472,卖盘
11:11:33,32.68,0.01,123,400159,买盘
11:11:36,32.67,-0.01,160,522808,卖盘
11:11:39,32.68,0.01,122,398746,买盘
11:11:42,32.68,0.0,83,271244,卖盘
11:11:46,32.64,-0.04,1143,3733159,卖盘
11:11:48,32.67,0.03,46,150308,卖盘
11:11:52,32.6,-0.07,1252,4083904,卖盘
11:11:54,32.65,0.05,98,320137,卖盘
11:11:57,32.67,0.02,139,453908,卖盘
11:12:00,32.64,-0.03,27,87871,中性盘
11:12:03,32.65,0.01,269,877848,买盘
11:12:06,32.67,0.02,431,1408154,买盘
11:12:09,32.61,-0.06,108,352515,卖盘
11:12:12,32.64,0.03,21,68525,买盘
11:12:15,32.65,0.01,43,140457,买盘
11:12:17,32.67,0.02,2745,8952265,买盘
11:12:21,32.61,-0.06,835,2722218,卖盘
11:12:24,32.6,-0.01,234,762812,卖盘
11:12:28,32.6,0.0,928,3025275,买盘
11:12:31,32.59,-0.01,1557,5075373,卖盘
11:12:33,32.59,0.0,425,1385057,买盘
11:12:36,32.59,0.0,844,2750390,买盘
11:12:39,32.58,-0.01,104,338830,买盘
11:12:42,32.57,-0.01,382,1243898,卖盘
11:12:45,32.57,0.0,520,1692717,买盘
11:12:48,32.55,-0.02,382,1243863,卖盘
11:12:52,32.55,0.0,319,1038336,买盘
11:12:54,32.55,0.0,562,1829274,买盘
11:12:57,32.54,-0.01,567,1845307,卖盘
11:13:00,32.55,0.01,1565,5092116,买盘
11:13:03,32.54,-0.01,445,1447939,买盘
11:13:05,32.54,0.0,1246,4052516,卖盘
11:13:09,32.54,0.0,383,1245945,卖盘
11:13:12,32.54,0.0,236,767716,买盘
11:13:15,32.54,0.0,1172,3813148,买盘
11:13:18,32.54,0.0,357,1161733,买盘
11:13:21,32.52,-0.02,966,3142124,卖盘
11:13:24,32.53,0.01,548,1782103,买盘
11:13:27,32.54,0.01,701,2279954,买盘
11:13:31,32.53,-0.01,1301,4230107,卖盘
11:13:33,32.53,0.0,219,712505,卖盘
11:13:36,32.53,0.0,193,627881,卖盘
11:13:40,32.54,0.01,1193,3879919,买盘
11:13:42,32.54,0.0,164,533568,买盘
11:13:45,32.56,0.02,487,1584571,买盘
11:13:48,32.56,0.0,139,452801,卖盘
11:13:51,32.58,0.02,90,293194,买盘
11:13:54,32.58,0.0,366,1191879,买盘
11:13:57,32.56,-0.02,106,345282,卖盘
11:14:01,32.56,0.0,295,960811,卖盘
11:14:02,32.58,0.02,329,1073365,买盘
11:14:06,32.56,-0.02,401,1304304,卖盘
11:14:09,32.58,0.02,417,1357519,买盘
11:14:12,32.58,0.0,64,208434,买盘
11:14:14,32.58,0.0,515,1679342,买盘
11:14:18,32.58,0.0,165,537590,卖盘
11:14:21,32.58,0.0,421,1370701,卖盘
11:14:24,32.59,0.01,694,2260853,买盘
11:14:27,32.58,-0.01,179,583288,卖盘
11:14:29,32.59,0.01,72,234605,买盘
11:14:33,32.6,0.01,283,922485,买盘
11:14:35,32.6,0.0,422,1376351,买盘
11:14:39,32.63,0.03,203,661976,买盘
11:14:42,32.63,0.0,248,809179,买盘
11:14:44,32.64,0.01,217,708186,买盘
11:14:48,32.67,0.03,73,238373,买盘
11:14:50,32.65,-0.02,160,522374,卖盘
11:14:54,32.65,0.0,347,1133191,卖盘
11:14:57,32.67,0.02,152,496282,买盘
11:15:00,32.67,0.0,174,568123,买盘
11:15:02,32.68,0.01,69,225484,买盘
11:15:05,32.67,-0.01,296,967463,卖盘
11:15:08,32.65,-0.02,118,384636,卖盘
11:15:11,32.65,0.0,151,493817,买盘
11:15:14,32.65,0.0,836,2731413,卖盘
11:15:17,32.65,0.0,201,655533,卖盘
11:15:21,32.65,0.0,106,346559,买盘
11:15:24,32.64,-0.01,69,225262,中性盘
11:15:26,32.65,0.01,628,2047674,买盘
11:15:30,32.63,-0.02,225,736495,卖盘
11:15:33,32.66,0.03,190,618453,买盘
11:15:36,32.65,-0.01,43,141931,卖盘
11:15:39,32.65,0.0,136,444529,卖盘
11:15:42,32.66,0.01,359,1171489,买盘
11:15:45,32.64,-0.02,127,414686,卖盘
11:15:48,32.66,0.02,55,179619,中性盘
11:15:51,32.65,-0.01,103,336375,卖盘
11:15:54,32.66,0.01,40,130611,中性盘
11:15:57,32.63,-0.03,425,1390466,卖盘
11:16:00,32.66,0.03,56,182907,中性盘
11:16:02,32.62,-0.04,383,1250180,卖盘
11:16:06,32.59,-0.03,915,2981033,卖盘
11:16:09,32.6,0.01,233,759580,买盘
11:16:12,32.6,0.0,165,537816,买盘
11:16:14,32.6,0.0,991,3231092,买盘
11:16:18,32.6,0.0,92,302037,卖盘
11:16:21,32.6,0.0,198,645559,卖盘
11:16:23,32.6,0.0,330,1075884,卖盘
11:16:27,32.62,0.02,56,182574,买盘
11:16:29,32.6,-0.02,133,433657,卖盘
11:16:32,32.64,0.04,99,323002,买盘
11:16:36,32.64,0.0,80,260976,买盘
11:16:39,32.62,-0.02,40,129028,卖盘
11:16:42,32.62,0.0,14,44746,卖盘
11:16:45,32.64,0.02,147,479803,买盘
11:16:47,32.6,-0.04,1267,4131977,卖盘
11:16:51,32.64,0.04,36,117516,中性盘
11:16:53,32.64,0.0,119,388323,买盘
11:16:56,32.64,0.0,152,496022,买盘
11:16:59,32.63,-0.01,32,104832,卖盘
11:17:03,32.63,0.0,165,538458,买盘
11:17:06,32.64,0.01,319,1040472,买盘
11:17:09,32.64,0.0,25,81533,买盘
11:17:12,32.64,0.0,18,58752,卖盘
11:17:14,32.65,0.01,778,2537952,买盘
11:17:17,32.65,0.0,46,150193,卖盘
11:17:21,32.64,-0.01,614,2003161,卖盘
11:17:23,32.65,0.01,21,68947,买盘
11:17:26,32.65,0.0,116,378184,买盘
11:17:30,32.65,0.0,19,62030,买盘
11:17:33,32.59,-0.06,343,1120451,卖盘
11:17:36,32.59,0.0,40,130360,买盘
11:17:39,32.59,0.0,92,299828,买盘
11:17:41,32.59,0.0,135,439029,买盘
11:17:45,32.59,0.0,440,1434621,买盘
11:17:47,32.59,0.0,732,2385468,买盘
11:17:51,32.59,0.0,84,271588,买盘
11:17:53,32.61,0.02,27,87988,买盘
11:17:57,32.59,-0.02,20,65194,卖盘
11:18:00,32.6,0.01,18,58665,卖盘
11:18:03,32.6,0.0,45,146700,买盘
11:18:06,32.61,0.01,66,215217,买盘
11:18:08,32.6,-0.01,100,326008,卖盘
11:18:12,32.6,0.0,297,967859,卖盘
11:18:14,32.6,0.0,688,2245221,买盘
11:18:18,32.59,-0.01,309,1005078,卖盘
11:18:21,32.59,0.0,40,130359,买盘
11:18:24,32.6,0.01,694,2263956,买盘
11:18:26,32.59,-0.01,202,656387,卖盘
11:18:30,32.59,0.0,59,193139,买盘
11:18:33,32.58,-0.01,92,299794,卖盘
11:18:36,32.57,-0.01,231,752534,卖盘
11:18:39,32.58,0.01,51,166174,买盘
11:18:41,32.58,0.0,25,81471,卖盘
11:18:44,32.57,-0.01,396,1291026,卖盘
11:18:48,32.57,0.0,68,221476,买盘
11:18:50,32.57,0.0,105,341985,买盘
11:18:54,32.56,-0.01,443,1442609,卖盘
11:18:57,32.57,0.01,56,181537,买盘
11:19:00,32.56,-0.01,47,153877,卖盘
11:19:03,32.57,0.01,196,637440,买盘
11:19:06,32.55,-0.02,177,576494,卖盘
11:19:08,32.57,0.02,7,22799,卖盘
11:19:12,32.56,-0.01,24,78165,卖盘
11:19:14,32.58,0.02,217,706701,买盘
11:19:18,32.58,0.0,30,97752,卖盘
11:19:20,32.6,0.02,26,84717,买盘
11:19:24,32.58,-0.02,432,1407549,卖盘
11:19:27,32.6,0.02,129,419383,买盘
11:19:30,32.6,0.0,115,374782,卖盘
11:19:32,32.61,0.01,162,527455,买盘
11:19:36,32.58,-0.03,89,290087,卖盘
11:19:38,32.59,0.01,41,133648,买盘
11:19:42,32.58,-0.01,213,695524,卖盘
11:19:45,32.57,-0.01,205,667794,卖盘
11:19:48,32.58,0.01,51,166150,买盘
11:19:51,32.57,-0.01,397,1292904,卖盘
11:19:54,32.58,0.01,165,537376,买盘
11:19:57,32.58,0.0,52,169374,买盘
11:20:00,32.56,-0.02,384,1250389,卖盘
11:20:02,32.57,0.01,294,957703,买盘
11:20:06,32.58,0.01,110,358199,买盘
11:20:08,32.58,0.0,19,61878,买盘
11:20:12,32.58,0.0,79,257368,买盘
11:20:15,32.58,0.0,461,1501053,买盘
11:20:18,32.58,0.0,42,136836,卖盘
11:20:21,32.58,0.0,399,1300561,卖盘
11:20:24,32.57,-0.01,63,205214,卖盘
11:20:26,32.58,0.01,81,263640,买盘
11:20:30,32.57,-0.01,238,775283,卖盘
11:20:33,32.58,0.01,460,1498025,买盘
11:20:36,32.56,-0.02,148,481982,卖盘
11:20:38,32.57,0.01,34,110747,买盘
11:20:42,32.57,0.0,41,133540,买盘
11:20:45,32.57,0.0,134,436341,卖盘
11:20:48,32.57,0.0,138,449357,买盘
11:20:50,32.57,0.0,206,670791,买盘
11:20:54,32.56,-0.01,120,390863,卖盘
11:20:57,32.56,0.0,23,74893,买盘
11:21:00,32.56,0.0,228,742489,买盘
11:21:03,32.57,0.01,115,374648,买盘
11:21:06,32.56,-0.01,264,859661,卖盘
11:21:08,32.56,0.0,42,136819,卖盘
11:21:12,32.57,0.01,4,13029,卖盘
11:21:14,32.58,0.01,437,1424584,买盘
11:21:18,32.59,0.01,54,173788,买盘
11:21:20,32.58,-0.01,70,228082,卖盘
11:21:24,32.58,0.0,314,1023558,卖盘
11:21:27,32.58,0.0,85,276923,买盘
11:21:30,32.58,0.0,97,315952,买盘
11:21:33,32.58,0.0,36,117284,买盘
11:21:36,32.57,-0.01,157,510675,卖盘
11:21:39,32.58,0.01,39,127070,卖盘
11:21:42,32.57,-0.01,576,1876288,卖盘
11:21:45,32.57,0.0,55,179166,卖盘
11:21:48,32.58,0.01,49,159607,买盘
11:21:51,32.58,0.0,51,167313,卖盘
11:21:54,32.57,-0.01,78,254037,卖盘
11:21:57,32.57,0.0,136,442934,买盘
11:22:00,32.58,0.01,61,198685,买盘
11:22:03,32.57,-0.01,150,488675,卖盘
11:22:05,32.57,0.0,303,986816,卖盘
11:22:09,32.57,0.0,23,74919,买盘
11:22:11,32.57,0.0,139,452840,卖盘
11:22:15,32.58,0.01,237,771994,买盘
11:22:18,32.58,0.0,257,837506,卖盘
11:22:20,32.58,0.0,226,736021,卖盘
11:22:24,32.58,0.0,337,1097953,卖盘
11:22:26,32.59,0.01,71,231329,买盘
11:22:30,32.58,-0.01,813,2650156,卖盘
11:22:32,32.59,0.01,39,127066,中性盘
11:22:35,32.59,0.0,115,374789,卖盘
11:22:38,32.6,0.01,171,558250,买盘
11:22:42,32.6,0.0,76,247762,卖盘
11:22:45,32.6,0.0,211,685534,卖盘
11:22:48,32.61,0.01,60,195655,买盘
11:22:50,32.59,-0.02,365,1189914,卖盘
11:22:54,32.59,0.0,144,469306,买盘
11:22:57,32.6,0.01,24,78220,买盘
11:23:00,32.6,0.0,59,192337,买盘
11:23:03,32.61,0.01,122,397380,买盘
11:23:06,32.59,-0.02,297,968147,卖盘
11:23:08,32.61,0.02,40,130374,中性盘
11:23:11,32.62,0.01,24,77798,买盘
11:23:15,32.62,0.0,471,1536159,买盘
11:23:18,32.62,0.0,23,75026,卖盘
11:23:21,32.62,0.0,404,1317854,卖盘
11:23:24,32.61,-0.01,80,260952,卖盘
11:23:27,32.62,0.01,466,1519231,买盘
11:23:30,32.6,-0.02,73,238445,中性盘
11:23:33,32.6,0.0,145,472692,买盘
11:23:36,32.62,0.02,480,1564907,买盘
11:23:38,32.6,-0.02,32,104324,卖盘
11:23:42,32.61,0.01,6,19566,卖盘
11:23:45,32.61,0.0,463,1509274,卖盘
11:23:48,32.61,0.0,15,48913,买盘
11:23:51,32.61,0.0,27,88042,买盘
11:23:54,32.61,0.0,303,987772,买盘
11:23:56,32.6,-0.01,29,94553,卖盘
11:24:00,32.61,0.01,24,78263,买盘
11:24:03,32.61,0.0,256,834684,买盘
11:24:06,32.6,-0.01,58,189092,卖盘
11:24:09,32.6,0.0,103,336845,买盘
11:24:12,32.61,0.01,181,590179,买盘
11:24:14,32.62,0.01,450,1467365,买盘
11:24:17,32.62,0.0,52,169624,卖盘
11:24:21,32.62,0.0,34,110908,卖盘
11:24:24,32.62,0.0,297,968815,卖盘
11:24:27,32.62,0.0,27,88071,买盘
11:24:29,32.6,-0.02,370,1206323,卖盘
11:24:33,32.6,0.0,356,1160560,买盘
11:24:35,32.6,0.0,29,95606,买盘
11:24:39,32.6,0.0,87,282932,买盘
11:24:42,32.6,0.0,76,247744,买盘
11:24:44,32.6,0.0,206,671516,买盘
11:24:48,32.6,0.0,49,160257,买盘
11:24:51,32.59,-0.01,194,630753,卖盘
11:24:54,32.6,0.01,43,140172,买盘
11:24:57,32.6,0.0,224,730074,买盘
11:25:00,32.6,0.0,244,795254,买盘
11:25:03,32.6,0.0,135,440096,买盘
11:25:06,32.58,-0.02,226,736589,卖盘
11:25:09,32.59,0.01,15,48111,卖盘
11:25:11,32.6,0.01,32,104320,卖盘
11:25:15,32.6,0.0,157,511797,卖盘
11:25:18,32.62,0.02,194,632644,买盘
11:25:20,32.61,-0.01,18,58698,卖盘
11:25:24,32.62,0.01,385,1255487,买盘
11:25:26,32.61,-0.01,19,62939,卖盘
11:25:29,32.62,0.01,81,264147,买盘
11:25:33,32.61,-0.01,71,231943,卖盘
11:25:36,32.61,0.0,98,319581,卖盘
11:25:39,32.61,0.0,15,49451,卖盘
11:25:42,32.61,0.0,113,368530,卖盘
11:25:45,32.62,0.01,116,378342,买盘
11:25:48,32.62,0.0,15,48926,买盘
11:25:50,32.62,0.0,29,93162,买盘
11:25:53,32.61,-0.01,70,229775,卖盘
11:25:57,32.61,0.0,105,342489,卖盘
11:26:00,32.62,0.01,29,94598,买盘
11:26:03,32.62,0.0,183,595505,买盘
11:26:06,32.62,0.0,50,163100,卖盘
11:26:09,32.62,0.0,34,110909,卖盘
11:26:11,32.63,0.01,75,244716,买盘
11:26:15,32.62,-0.01,165,538249,卖盘
11:26:18,32.63,0.01,276,900585,买盘
11:26:21,32.63,0.0,123,401349,卖盘
11:26:23,32.63,0.0,381,1243210,卖盘
11:26:27,32.64,0.01,35,114194,买盘
11:26:30,32.64,0.0,87,284039,买盘
11:26:33,32.64,0.0,31,101182,买盘
11:26:35,32.64,0.0,235,767033,买盘
11:26:39,32.64,0.0,28,91395,卖盘
11:26:42,32.65,0.01,48,156720,买盘
11:26:45,32.65,0.0,59,192595,买盘
11:26:48,32.65,0.0,38,124076,买盘
11:26:51,32.65,0.0,46,150220,卖盘
11:26:54,32.65,0.0,277,904437,卖盘
11:26:57,32.64,-0.01,309,1008672,卖盘
11:27:00,32.66,0.02,19,62250,中性盘
11:27:03,32.67,0.01,42,137218,中性盘
11:27:05,32.68,0.01,42,137242,买盘
11:27:09,32.68,0.0,29,94770,买盘
11:27:12,32.68,0.0,65,212410,买盘
11:27:15,32.68,0.0,49,160135,卖盘
11:27:18,32.68,0.0,626,2046354,卖盘
11:27:21,32.69,0.01,45,147104,买盘
11:27:24,32.67,-0.02,350,1143821,卖盘
11:27:27,32.69,0.02,13,42496,买盘
11:27:30,32.69,0.0,226,738267,买盘
11:27:33,32.68,-0.01,50,164105,买盘
11:27:36,32.69,0.01,110,359514,买盘
11:27:39,32.69,0.0,6,19611,买盘
11:27:42,32.69,0.0,27,88259,买盘
11:27:45,32.68,-0.01,90,294133,卖盘
11:27:47,32.68,0.0,33,107842,买盘
11:27:51,32.68,0.0,204,666413,买盘
11:27:53,32.67,-0.01,104,339213,中性盘
11:27:57,32.69,0.02,268,875957,买盘
11:28:00,32.68,-0.01,45,147042,卖盘
11:28:03,32.7,0.02,31,100623,买盘
11:28:05,32.68,-0.02,130,424962,卖盘
11:28:09,32.69,0.01,39,128583,买盘
11:28:12,32.69,0.0,58,189589,买盘
11:28:15,32.68,-0.01,117,382351,卖盘
11:28:17,32.69,0.01,195,636584,买盘
11:28:21,32.69,0.0,19,62111,卖盘
11:28:23,32.68,-0.01,432,1413042,卖盘
11:28:27,32.69,0.01,183,597398,买盘
11:28:30,32.67,-0.02,60,196442,卖盘
11:28:32,32.68,0.01,63,205801,买盘
11:28:36,32.67,-0.01,43,140519,卖盘
11:28:39,32.67,0.0,21,68623,卖盘
11:28:42,32.68,0.01,9,29411,买盘
11:28:45,32.67,-0.01,48,156846,卖盘
11:28:48,32.68,0.01,68,222221,买盘
11:28:51,32.68,0.0,7,22874,买盘
11:28:54,32.68,0.0,29,94760,买盘
11:28:57,32.67,-0.01,83,271170,卖盘
11:29:00,32.68,0.01,28,91503,买盘
11:29:03,32.67,-0.01,246,804331,卖盘
11:29:06,32.67,0.0,57,186222,卖盘
11:29:09,32.68,0.01,95,310428,买盘
11:29:12,32.67,-0.01,37,120882,卖盘
11:29:15,32.67,0.0,109,356161,卖盘
11:29:17,32.69,0.02,178,580458,买盘
11:29:21,32.68,-0.01,30,98049,卖盘
11:29:24,32.68,0.0,298,973864,卖盘
11:29:27,32.69,0.01,11,35953,买盘
11:29:29,32.68,-0.01,433,1416318,卖盘
11:29:32,32.68,0.0,19,62674,买盘
11:29:36,32.68,0.0,116,377145,买盘
11:29:38,32.68,0.0,12,39218,中性盘
11:29:42,32.68,0.0,9,29417,卖盘
11:29:45,32.69,0.01,53,173215,买盘
11:29:47,32.7,0.01,17,56750,买盘
11:29:50,32.69,-0.01,34,111146,卖盘
11:29:54,32.69,0.0,34,111137,卖盘
11:29:56,32.7,0.01,10,32689,买盘
11:30:00,32.7,0.0,97,317185,买盘
13:00:00,32.7,0.0,992,3241778,买盘
13:00:03,32.71,0.01,1790,5856029,买盘
13:00:06,32.7,-0.01,190,621474,卖盘
13:00:09,32.72,0.02,85,276984,买盘
13:00:11,32.72,0.0,114,372911,买盘
13:00:14,32.72,0.0,681,2226889,买盘
13:00:18,32.72,0.0,214,699185,卖盘
13:00:22,32.72,0.0,574,1879240,卖盘
13:00:24,32.72,0.0,327,1069535,买盘
13:00:26,32.7,-0.02,83,273058,卖盘
13:00:30,32.7,0.0,105,343390,卖盘
13:00:33,32.7,0.0,47,153108,卖盘
13:00:36,32.72,0.02,35,114837,买盘
13:00:39,32.7,-0.02,360,1177200,卖盘
13:00:42,32.7,0.0,11,35424,卖盘
13:00:45,32.7,0.0,8,26328,卖盘
13:00:48,32.7,0.0,176,575622,卖盘
13:00:51,32.71,0.01,53,171570,卖盘
13:00:53,32.7,-0.01,6,21621,卖盘
13:00:56,32.72,0.02,109,356637,买盘
13:01:00,32.7,-0.02,144,470118,卖盘
13:01:03,32.71,0.01,271,887333,买盘
13:01:06,32.71,0.0,37,121029,卖盘
13:01:12,32.72,0.01,33,107975,买盘
13:01:15,32.72,0.0,278,909613,买盘
13:01:18,32.72,0.0,12,39269,卖盘
13:01:20,32.72,0.0,9,29448,卖盘
13:01:24,32.72,0.0,546,1784889,卖盘
13:01:27,32.72,0.0,8,26176,卖盘
13:01:30,32.71,-0.01,73,238838,卖盘
13:01:33,32.72,0.01,38,124336,中性盘
13:01:36,32.72,0.0,29,94528,买盘
13:01:38,32.73,0.01,14,45816,买盘
13:01:42,32.73,0.0,101,330860,买盘
13:01:45,32.73,0.0,163,533278,买盘
13:01:48,32.72,-0.01,91,297655,中性盘
13:01:51,32.73,0.01,80,262552,买盘
13:01:53,32.72,-0.01,39,126890,卖盘
13:01:57,32.71,-0.01,12,39261,卖盘
13:02:00,32.72,0.01,41,134147,买盘
13:02:03,32.72,0.0,199,651762,买盘
13:02:06,32.73,0.01,36,117151,买盘
13:02:09,32.72,-0.01,48,157130,卖盘
13:02:12,32.73,0.01,1434,4689946,买盘
13:02:14,32.72,-0.01,34,111266,卖盘
13:02:18,32.73,0.01,80,261770,买盘
13:02:21,32.72,-0.01,82,268304,卖盘
13:02:23,32.72,0.0,423,1384996,卖盘
13:02:27,32.72,0.0,67,219250,卖盘
13:02:30,32.72,0.0,76,248682,卖盘
13:02:33,32.73,0.01,25,81843,买盘
13:02:35,32.72,-0.01,59,191629,卖盘
13:02:38,32.73,0.01,53,173468,买盘
13:02:41,32.73,0.0,76,248742,卖盘
13:02:45,32.73,0.0,235,769152,买盘
13:02:48,32.72,-0.01,100,327268,卖盘
13:02:51,32.74,0.02,9,29460,买盘
13:02:53,32.73,-0.01,23,75280,中性盘
13:02:57,32.74,0.01,9,29462,买盘
13:03:00,32.73,-0.01,309,1011068,卖盘
13:03:03,32.72,-0.01,205,671675,卖盘
13:03:05,32.72,0.0,176,576563,卖盘
13:03:08,32.72,0.0,49,160381,卖盘
13:03:12,32.73,0.01,25,81821,买盘
13:03:15,32.73,0.0,316,1034385,买盘
13:03:18,32.74,0.01,3,9821,买盘
13:03:21,32.72,-0.02,578,1891315,卖盘
13:03:24,32.72,0.0,58,189775,买盘
13:03:27,32.72,0.0,13,42531,买盘
13:03:30,32.72,0.0,178,582907,买盘
13:03:32,32.72,0.0,76,248672,卖盘
13:03:36,32.73,0.01,16,52362,买盘
13:03:39,32.73,0.0,31,100527,买盘
13:03:41,32.72,-0.01,18,58896,卖盘
13:03:44,32.72,0.0,73,238856,卖盘
13:03:48,32.73,0.01,117,383941,买盘
13:03:51,32.73,0.0,9,29454,买盘
13:03:54,32.71,-0.02,50,163573,卖盘
13:03:57,32.73,0.02,171,559523,买盘
13:04:00,32.72,-0.01,116,379557,卖盘
13:04:02,32.73,0.01,155,507286,买盘
13:04:05,32.72,-0.01,56,181806,卖盘
13:04:09,32.73,0.01,13,44631,买盘
13:04:12,32.75,0.02,1788,5853245,买盘
13:04:15,32.75,0.0,494,1617861,卖盘
13:04:17,32.75,0.0,13,42582,卖盘
13:04:21,32.73,-0.02,73,240283,卖盘
13:04:23,32.74,0.01,3,9822,中性盘
13:04:27,32.75,0.01,58,189931,买盘
13:04:29,32.73,-0.02,62,202692,卖盘
13:04:33,32.76,0.03,253,827499,买盘
13:04:36,32.76,0.0,90,294766,买盘
13:04:39,32.76,0.0,29,94988,买盘
13:04:42,32.8,0.04,323,1059106,买盘
13:04:45,32.77,-0.03,4,13108,卖盘
13:04:48,32.76,-0.01,11,36039,卖盘
13:04:50,32.79,0.03,188,616462,买盘
13:04:53,32.8,0.01,118,387040,买盘
13:04:57,32.81,0.01,29,95133,买盘
13:05:00,32.85,0.04,525,1723946,买盘
13:05:02,32.81,-0.04,147,482296,中性盘
13:05:06,32.83,0.02,629,2066413,买盘
13:05:08,32.82,-0.01,20,65669,中性盘
13:05:12,32.82,0.0,163,533565,卖盘
13:05:15,32.84,0.02,107,351127,卖盘
13:05:17,32.86,0.02,82,269495,买盘
13:05:21,32.84,-0.02,547,1796389,卖盘
13:05:23,32.83,-0.01,145,476100,卖盘
13:05:27,32.82,-0.01,33,109281,中性盘
13:05:30,32.83,0.01,103,337329,买盘
13:05:33,32.81,-0.02,15,49229,中性盘
13:05:35,32.82,0.01,255,836471,买盘
13:05:39,32.8,-0.02,21,68903,卖盘
13:05:42,32.79,-0.01,456,1496847,卖盘
13:05:44,32.82,0.03,301,987631,买盘
13:05:48,32.8,-0.02,21,68887,卖盘
13:05:51,32.81,0.01,38,124636,买盘
13:05:54,32.79,-0.02,38,124639,卖盘
13:05:56,32.8,0.01,150,493248,买盘
13:06:00,32.8,0.0,55,180411,卖盘
13:06:03,32.8,0.0,131,429802,卖盘
13:06:06,32.8,0.0,558,1830250,卖盘
13:06:09,32.81,0.01,301,987519,买盘
13:06:12,32.81,0.0,202,662559,买盘
13:06:14,32.78,-0.03,39,127891,卖盘
13:06:18,32.8,0.02,60,196806,买盘
13:06:21,32.8,0.0,19,62322,卖盘
13:06:24,32.8,0.0,652,2138586,卖盘
13:06:27,32.8,0.0,39,127918,买盘
13:06:30,32.78,-0.02,96,314434,卖盘
13:06:32,32.76,-0.02,267,874179,卖盘
13:06:35,32.76,0.0,95,311148,买盘
13:06:39,32.75,-0.01,523,1712993,卖盘
13:06:42,32.77,0.02,238,779587,买盘
13:06:45,32.77,0.0,93,305157,卖盘
13:06:48,32.77,0.0,104,340808,卖盘
13:06:51,32.77,0.0,27,88488,卖盘
13:06:54,32.77,0.0,22,72103,卖盘
13:06:57,32.77,0.0,194,635839,卖盘
13:07:00,32.78,0.01,18,58993,买盘
13:07:03,32.77,-0.01,156,510396,卖盘
13:07:06,32.78,0.01,131,429374,买盘
13:07:09,32.78,0.0,417,1366584,买盘
13:07:11,32.78,0.0,88,288435,买盘
13:07:15,32.77,-0.01,72,236865,卖盘
13:07:17,32.8,0.03,166,544192,买盘
13:07:21,32.8,0.0,94,308177,买盘
13:07:25,32.8,0.0,328,1075264,买盘
13:07:27,32.78,-0.02,589,1930586,卖盘
13:07:29,32.77,-0.01,8,26223,卖盘
13:07:32,32.78,0.01,73,239292,买盘
13:07:36,32.78,0.0,95,311414,买盘
13:07:39,32.78,0.0,61,199953,买盘
13:07:42,32.79,0.01,59,193413,买盘
13:07:45,32.78,-0.01,204,669269,卖盘
13:07:48,32.78,0.0,64,208614,卖盘
13:07:51,32.78,0.0,18,59006,卖盘
13:07:54,32.77,-0.01,353,1156490,卖盘
13:07:57,32.79,0.02,382,1252541,买盘
13:08:00,32.8,0.01,228,747710,买盘
13:08:03,32.8,0.0,311,1022498,卖盘
13:08:07,32.8,0.0,161,528083,卖盘
13:08:09,32.8,0.0,31,101682,卖盘
13:08:12,32.81,0.01,17,55762,买盘
13:08:14,32.8,-0.01,8,26243,卖盘
13:08:18,32.82,0.02,122,399070,买盘
13:08:22,32.81,-0.01,329,1079455,卖盘
13:08:24,32.81,0.0,191,627886,卖盘
13:08:27,32.8,-0.01,49,160731,卖盘
13:08:30,32.8,0.0,93,303927,卖盘
13:08:34,32.8,0.0,442,1448584,卖盘
13:08:35,32.79,-0.01,101,331807,卖盘
13:08:39,32.8,0.01,8,26240,买盘
13:08:42,32.79,-0.01,19,61862,卖盘
13:08:46,32.78,-0.01,76,249129,卖盘
13:08:48,32.78,0.0,107,353237,卖盘
13:08:51,32.8,0.02,38,124636,买盘
13:08:55,32.79,-0.01,28,91820,卖盘
13:08:57,32.79,0.0,67,219674,买盘
13:09:01,32.78,-0.01,103,337795,卖盘
13:09:03,32.79,0.01,216,708440,买盘
13:09:06,32.78,-0.01,62,203265,卖盘
13:09:09,32.78,0.0,128,419603,卖盘
13:09:12,32.78,0.0,14,43106,卖盘
13:09:15,32.78,0.0,68,222952,卖盘
13:09:18,32.79,0.01,372,1219788,买盘
13:09:21,32.8,0.01,143,471821,买盘
13:09:25,32.79,-0.01,327,1072446,卖盘
13:09:27,32.8,0.01,132,432713,买盘
13:09:29,32.8,0.0,15,49185,买盘
13:09:33,32.78,-0.02,71,230356,卖盘
13:09:36,32.77,-0.01,382,1251836,卖盘
13:09:40,32.78,0.01,24,78665,买盘
13:09:41,32.77,-0.01,42,137674,卖盘
13:09:45,32.77,0.0,65,213796,卖盘
13:09:48,32.77,0.0,36,117974,卖盘
13:09:51,32.77,0.0,15,50599,卖盘
13:09:54,32.78,0.01,28,91764,买盘
13:09:57,32.77,-0.01,85,276957,卖盘
13:10:00,32.77,0.0,11,36046,买盘
13:10:03,32.77,0.0,153,501381,买盘
13:10:06,32.75,-0.02,320,1048692,卖盘
13:10:09,32.75,0.0,320,1048301,卖盘
13:10:12,32.74,-0.01,3,9824,卖盘
13:10:14,32.75,0.01,99,324223,买盘
13:10:18,32.75,0.0,569,1863182,买盘
13:10:22,32.76,0.01,217,709582,买盘
13:10:23,32.75,-0.01,165,542066,卖盘
13:10:26,32.75,0.0,1,3275,买盘
13:10:30,32.74,-0.01,52,170254,卖盘
13:10:33,32.74,0.0,129,422363,卖盘
13:10:36,32.75,0.01,61,199755,买盘
13:10:39,32.75,0.0,25,81864,买盘
13:10:41,32.74,-0.01,29,93538,卖盘
13:10:45,32.74,0.0,119,391313,卖盘
13:10:49,32.73,-0.01,222,726666,卖盘
13:10:51,32.74,0.01,15,49105,中性盘
13:10:53,32.73,-0.01,43,140742,卖盘
13:10:58,32.73,0.0,126,412400,买盘
13:11:00,32.73,0.0,39,127651,卖盘
13:11:02,32.73,0.0,189,618720,卖盘
13:11:06,32.73,0.0,151,494223,卖盘
13:11:10,32.73,0.0,60,196385,卖盘
13:11:12,32.73,0.0,8,26186,卖盘
13:11:16,32.72,-0.01,115,376379,卖盘
13:11:18,32.73,0.01,64,209473,买盘
13:11:21,32.73,0.0,197,644863,卖盘
13:11:25,32.73,0.0,98,318791,卖盘
13:11:26,32.74,0.01,59,193139,买盘
13:11:30,32.74,0.0,92,301151,买盘
13:11:33,32.74,0.0,121,396049,买盘
13:11:37,32.72,-0.02,234,766372,卖盘
13:11:39,32.73,0.01,57,186535,买盘
13:11:41,32.74,0.01,633,2071998,买盘
13:11:44,32.74,0.0,24,78567,买盘
13:11:48,32.75,0.01,219,718385,买盘
13:11:52,32.75,0.0,45,147351,买盘
13:11:54,32.75,0.0,105,343855,买盘
13:11:58,32.75,0.0,41,134240,买盘
13:12:00,32.74,-0.01,9,29465,中性盘
13:12:03,32.75,0.01,77,252154,买盘
13:12:06,32.75,0.0,142,464908,买盘
13:12:09,32.75,0.0,38,124448,买盘
13:12:13,32.74,-0.01,33,108035,卖盘
13:12:15,32.74,0.0,305,997992,中性盘
13:12:19,32.75,0.01,23,75321,买盘
13:12:21,32.74,-0.01,131,428898,卖盘
13:12:24,32.75,0.01,61,199773,买盘
13:12:27,32.75,0.0,43,141533,买盘
13:12:30,32.75,0.0,239,782888,买盘
13:12:33,32.75,0.0,72,235752,买盘
13:12:37,32.74,-0.01,12,39288,卖盘
13:12:39,32.74,0.0,11,36022,卖盘
13:12:42,32.75,0.01,225,734693,买盘
13:12:46,32.74,-0.01,20,65480,卖盘
13:12:49,32.75,0.01,28,91674,买盘
13:12:51,32.74,-0.01,9,31206,卖盘
13:12:54,32.75,0.01,26,82546,买盘
13:12:56,32.74,-0.01,57,187739,卖盘
13:13:01,32.75,0.01,12,39294,买盘
13:13:03,32.74,-0.01,230,753145,卖盘
13:13:06,32.74,0.0,112,367785,卖盘
13:13:09,32.74,0.0,11,36023,卖盘
13:13:13,32.74,0.0,22,70367,卖盘
13:13:16,32.74,0.0,10,32745,卖盘
13:13:17,32.75,0.01,308,1008687,买盘
13:13:22,32.74,-0.01,67,219398,卖盘
13:13:25,32.73,-0.01,38,124374,卖盘
13:13:27,32.72,-0.01,36,117478,卖盘
13:13:31,32.74,0.02,22,72012,买盘
13:13:32,32.73,-0.01,13,42558,卖盘
13:13:36,32.75,0.02,73,239740,买盘
13:13:39,32.75,0.0,27,88413,卖盘
13:13:41,32.74,-0.01,7,22919,卖盘
13:13:46,32.74,0.0,63,205542,卖盘
13:13:47,32.73,-0.01,3,9819,卖盘
13:13:52,32.74,0.01,6,19641,买盘
13:13:55,32.73,-0.01,1,3273,卖盘
13:13:58,32.73,0.0,14,47800,卖盘
13:14:00,32.73,0.0,39,127231,卖盘
13:14:04,32.73,0.0,161,527110,卖盘
13:14:06,32.73,0.0,21,68733,卖盘
13:14:09,32.72,-0.01,58,188292,卖盘
13:14:13,32.73,0.01,73,239484,买盘
13:14:15,32.72,-0.01,2,6545,卖盘
13:14:19,32.73,0.01,120,394295,买盘
13:14:21,32.73,0.0,74,242208,卖盘
13:14:24,32.73,0.0,32,105424,卖盘
13:14:27,32.73,0.0,5,16365,卖盘
13:14:31,32.73,0.0,13,40356,卖盘
13:14:33,32.73,0.0,24,78555,卖盘
13:14:36,32.73,0.0,21,69355,卖盘
13:14:40,32.72,-0.01,56,182637,卖盘
13:14:43,32.73,0.01,2,6547,中性盘
13:14:46,32.73,0.0,166,543298,买盘
13:14:49,32.73,0.0,25,81827,卖盘
13:14:51,32.73,0.0,1,3273,卖盘
13:14:55,32.73,0.0,18,58917,卖盘
13:14:57,32.74,0.01,18,58916,买盘
13:15:01,32.73,-0.01,12,40782,卖盘
13:15:02,32.73,0.0,161,527076,卖盘
13:15:07,32.73,0.0,69,225837,卖盘
13:15:10,32.73,0.0,298,973044,卖盘
13:15:12,32.72,-0.01,282,923759,卖盘
13:15:16,32.72,0.0,102,333750,卖盘
13:15:18,32.73,0.01,89,291068,买盘
13:15:21,32.73,0.0,111,363306,卖盘
13:15:23,32.74,0.01,7,23403,买盘
13:15:27,32.73,-0.01,46,150590,卖盘
13:15:29,32.73,0.0,49,160547,卖盘
13:15:34,32.73,0.0,17,56723,卖盘
13:15:36,32.73,0.0,12,39802,卖盘
13:15:39,32.73,0.0,31,101463,卖盘
13:15:43,32.73,0.0,33,106470,卖盘
13:15:46,32.74,0.01,4,13094,买盘
13:15:48,32.74,0.0,21,68737,买盘
13:15:52,32.74,0.0,23,75807,买盘
13:15:55,32.74,0.0,8,24649,买盘
13:15:56,32.74,0.0,3,9821,买盘
13:15:59,32.73,-0.01,18,58915,卖盘
13:16:02,32.73,0.0,215,706033,卖盘
13:16:07,32.73,0.0,29,94917,卖盘
13:16:10,32.73,0.0,13,42556,卖盘
13:16:13,32.73,0.0,18,58914,卖盘
13:16:16,32.73,0.0,9,28671,卖盘
13:16:19,32.74,0.01,208,680992,买盘
13:16:21,32.73,-0.01,61,199653,卖盘
13:16:25,32.73,0.0,23,75283,卖盘
13:16:28,32.73,0.0,15,47660,卖盘
13:16:31,32.73,0.0,47,154475,卖盘
13:16:34,32.73,0.0,46,150558,卖盘
13:16:37,32.74,0.01,45,147564,买盘
13:16:40,32.73,-0.01,5,16365,卖盘
13:16:41,32.73,0.0,2,6546,卖盘
13:16:44,32.73,0.0,22,72012,卖盘
13:16:48,32.74,0.01,52,172067,买盘
13:16:51,32.74,0.0,29,94944,买盘
13:16:53,32.74,0.0,1,3274,买盘
13:16:58,32.74,0.0,373,1220859,买盘
13:17:01,32.74,0.0,17,54209,买盘
13:17:03,32.73,-0.01,151,494355,卖盘
13:17:06,32.73,0.0,43,141069,卖盘
13:17:08,32.73,0.0,26,85101,卖盘
13:17:13,32.73,0.0,68,221528,卖盘
13:17:16,32.72,-0.01,7,22913,卖盘
13:17:19,32.72,0.0,337,1103280,卖盘
13:17:21,32.73,0.01,64,209864,卖盘
13:17:23,32.73,0.0,8,26184,卖盘
13:17:28,32.74,0.01,1,3274,买盘
13:17:31,32.74,0.0,24,78556,买盘
13:17:32,32.73,-0.01,17,54605,卖盘
13:17:36,32.73,0.0,27,90639,卖盘
13:17:38,32.73,0.0,19,62199,卖盘
13:17:43,32.73,0.0,18,58914,卖盘
13:17:46,32.73,0.0,2,5237,卖盘
13:17:49,32.73,0.0,15,49099,卖盘
13:17:52,32.73,0.0,30,98847,卖盘
13:17:55,32.73,0.0,15,49098,卖盘
13:17:57,32.74,0.01,12,39288,买盘
13:18:01,32.73,-0.01,18,58916,卖盘
13:18:04,32.74,0.01,140,458351,买盘
13:18:07,32.73,-0.01,32,104736,卖盘
13:18:08,32.73,0.0,20,65205,卖盘
13:18:12,32.73,0.0,95,310944,卖盘
13:18:16,32.73,0.0,90,293850,卖盘
13:18:19,32.73,0.0,117,383661,买盘
13:18:22,32.74,0.01,11,36004,买盘
13:18:23,32.74,0.0,1,3274,买盘
13:18:28,32.73,-0.01,42,137466,卖盘
13:18:29,32.73,0.0,5,16369,卖盘
13:18:32,32.73,0.0,15,49096,卖盘
13:18:37,32.73,0.0,41,134213,卖盘
13:18:40,32.74,0.01,12,37707,买盘
13:18:43,32.74,0.0,18,60786,买盘
13:18:46,32.74,0.0,64,208624,买盘
13:18:48,32.73,-0.01,89,291134,卖盘
13:18:52,32.73,0.0,21,68729,买盘
13:18:53,32.72,-0.01,22,73697,卖盘
13:18:58,32.72,0.0,15,49572,卖盘
13:18:59,32.73,0.01,20,65445,买盘
13:19:04,32.72,-0.01,135,440533,卖盘
13:19:06,32.73,0.01,125,409263,买盘
13:19:10,32.73,0.0,90,292542,卖盘
13:19:12,32.73,0.0,71,235461,卖盘
13:19:15,32.73,0.0,30,96980,卖盘
13:19:19,32.72,-0.01,253,828270,卖盘
13:19:22,32.73,0.01,41,134170,买盘
13:19:24,32.72,-0.01,8,26602,卖盘
13:19:28,32.73,0.01,2,6546,买盘
13:19:31,32.73,0.0,16,52359,买盘
13:19:34,32.72,-0.01,46,150531,卖盘
13:19:37,32.73,0.01,48,157259,买盘
13:19:38,32.73,0.0,59,193105,买盘
13:19:43,32.72,-0.01,58,190087,卖盘
13:19:46,32.72,0.0,10,32722,卖盘
13:19:49,32.72,0.0,126,412293,卖盘
13:19:52,32.72,0.0,152,494763,卖盘
13:19:55,32.72,0.0,11,36155,卖盘
13:19:57,32.72,0.0,11,37266,买盘
13:19:59,32.72,0.0,15,49067,买盘
13:20:04,32.72,0.0,149,487514,买盘
13:20:07,32.71,-0.01,46,150475,卖盘
13:20:10,32.72,0.01,60,196319,买盘
13:20:12,32.71,-0.01,10,33201,卖盘
13:20:16,32.71,0.0,121,395821,卖盘
13:20:19,32.72,0.01,262,857392,买盘
13:20:21,32.73,0.01,1,3273,买盘
13:20:25,32.71,-0.02,464,1517884,卖盘
13:20:28,32.72,0.01,3,9816,买盘
13:20:33,32.71,-0.01,24,78519,卖盘
13:20:37,32.71,0.0,10,33634,卖盘
13:20:40,32.71,0.0,96,314017,卖盘
13:20:43,32.72,0.01,52,169245,买盘
13:20:46,32.72,0.0,19,62159,买盘
13:20:49,32.71,-0.01,159,520814,卖盘
13:20:52,32.72,0.01,4,13084,买盘
13:20:53,32.7,-0.02,135,441453,卖盘
13:20:58,32.71,0.01,94,304964,买盘
13:21:01,32.71,0.0,81,264897,买盘
13:21:04,32.71,0.0,51,166821,买盘
13:21:07,32.71,0.0,33,107944,卖盘
13:21:08,32.71,0.0,13,42523,卖盘
13:21:13,32.72,0.01,29,94867,买盘
13:21:14,32.72,0.0,32,105688,买盘
13:21:19,32.72,0.0,340,1112610,买盘
13:21:21,32.71,-0.01,93,304279,卖盘
13:21:25,32.72,0.01,17,55624,中性盘
13:21:28,32.71,-0.01,15,49065,卖盘
13:21:31,32.72,0.01,5,16359,买盘
13:21:34,32.71,-0.01,38,124300,卖盘
13:21:36,32.72,0.01,29,94879,买盘
13:21:38,32.71,-0.01,12,39252,卖盘
13:21:43,32.71,0.0,14,45799,卖盘
13:21:46,32.72,0.01,48,155910,买盘
13:21:49,32.72,0.0,101,332727,买盘
13:21:51,32.71,-0.01,46,147662,中性盘
13:21:55,32.7,-0.01,38,127326,卖盘
13:21:58,32.71,0.01,3,9813,卖盘
13:22:01,32.71,0.0,2,6542,卖盘
13:22:04,32.72,0.01,434,1418321,买盘
13:22:06,32.71,-0.01,39,127575,卖盘
13:22:08,32.71,0.0,6,19627,买盘
13:22:13,32.72,0.01,8,26176,买盘
13:22:16,32.71,-0.01,154,503618,卖盘
13:22:19,32.71,0.0,572,1871705,买盘
13:22:21,32.71,0.0,73,238785,卖盘
13:22:25,32.72,0.01,10,32711,买盘
13:22:27,32.72,0.0,43,140695,买盘
13:22:31,32.74,0.02,7,22908,买盘
13:22:34,32.74,0.0,31,101468,买盘
13:22:37,32.74,0.0,26,85116,买盘
13:22:40,32.72,-0.02,27,88345,卖盘
13:22:41,32.74,0.02,19,63291,买盘
13:22:46,32.72,-0.02,10,32720,卖盘
13:22:49,32.73,0.01,19,61972,中性盘
13:22:52,32.72,-0.01,32,104719,卖盘
13:22:55,32.74,0.02,216,706496,买盘
13:22:58,32.75,0.01,5,16375,买盘
13:23:01,32.74,-0.01,19,62206,卖盘
13:23:04,32.75,0.01,127,415925,买盘
13:23:07,32.75,0.0,29,94953,买盘
13:23:10,32.74,-0.01,2,6549,卖盘
13:23:13,32.74,0.0,67,219407,卖盘
13:23:14,32.75,0.01,16,52946,买盘
13:23:19,32.75,0.0,412,1348722,买盘
13:23:21,32.75,0.0,68,222593,买盘
13:23:25,32.75,0.0,99,324782,卖盘
13:23:28,32.74,-0.01,2,6549,卖盘
13:23:31,32.75,0.01,59,192668,买盘
13:23:34,32.75,0.0,39,127733,卖盘
13:23:36,32.75,0.0,12,37303,卖盘
13:23:38,32.76,0.01,52,170351,买盘
13:23:42,32.76,0.0,187,612612,买盘
13:23:46,32.75,-0.01,38,125605,卖盘
13:23:49,32.75,0.0,22,73461,卖盘
13:23:52,32.75,0.0,67,219425,买盘
13:23:54,32.74,-0.01,19,62217,卖盘
13:23:58,32.74,0.0,22,72029,卖盘
13:24:01,32.74,0.0,31,101523,卖盘
13:24:04,32.75,0.01,133,435571,买盘
13:24:06,32.73,-0.02,50,161482,卖盘
13:24:10,32.75,0.02,29,94970,买盘
13:24:13,32.75,0.0,53,173574,买盘
13:24:16,32.75,0.0,24,78586,买盘
13:24:19,32.76,0.01,319,1045888,买盘
13:24:22,32.75,-0.01,90,296072,卖盘
13:24:25,32.75,0.0,70,229252,卖盘
13:24:28,32.77,0.02,4,13107,买盘
13:24:29,32.76,-0.01,32,104819,卖盘
13:24:34,32.76,0.0,24,78624,卖盘
13:24:36,32.75,-0.01,11,36031,卖盘
13:24:40,32.77,0.02,118,386642,买盘
13:24:43,32.75,-0.02,126,412853,卖盘
13:24:44,32.76,0.01,18,58959,买盘
13:24:49,32.75,-0.01,109,356982,卖盘
13:24:52,32.75,0.0,94,307014,卖盘
13:24:55,32.75,0.0,15,48248,卖盘
13:24:58,32.76,0.01,11,36034,买盘
13:25:01,32.76,0.0,53,173615,买盘
13:25:04,32.76,0.0,150,491376,买盘
13:25:06,32.76,0.0,74,242394,买盘
13:25:10,32.76,0.0,108,353742,买盘
13:25:13,32.76,0.0,47,153973,卖盘
13:25:16,32.76,0.0,38,124492,卖盘
13:25:19,32.77,0.01,327,1071578,买盘
13:25:22,32.77,0.0,93,304345,卖盘
13:25:23,32.77,0.0,35,114702,卖盘
13:25:28,32.78,0.01,2,6555,买盘
13:25:29,32.78,0.0,44,144559,买盘
13:25:34,32.77,-0.01,11,36048,卖盘
13:25:37,32.77,0.0,61,200389,卖盘
13:25:40,32.78,0.01,15,49170,买盘
13:25:43,32.77,-0.01,29,95650,卖盘
13:25:46,32.78,0.01,14,45883,买盘
13:25:47,32.77,-0.01,127,416189,卖盘
13:25:52,32.77,0.0,126,413019,卖盘
13:25:54,32.77,0.0,63,205770,卖盘
13:25:58,32.78,0.01,19,62266,买盘
13:26:00,32.77,-0.01,46,150786,卖盘
13:26:02,32.77,0.0,151,494966,卖盘
13:26:07,32.77,0.0,134,439119,卖盘
13:26:10,32.78,0.01,70,229182,买盘
13:26:13,32.77,-0.01,159,521191,卖盘
13:26:14,32.76,-0.01,8,26215,卖盘
13:26:19,32.78,0.02,113,370240,买盘
13:26:21,32.76,-0.02,480,1573032,卖盘
13:26:24,32.76,0.0,38,124488,买盘
13:26:28,32.75,-0.01,185,607644,卖盘
13:26:29,32.75,0.0,116,379900,买盘
13:26:34,32.74,-0.01,13,40275,卖盘
13:26:36,32.74,0.0,9,29473,卖盘
13:26:40,32.75,0.01,77,252657,买盘
13:26:43,32.74,-0.01,205,671305,卖盘
13:26:46,32.74,0.0,123,402715,卖盘
13:26:49,32.74,0.0,180,589886,卖盘
13:26:52,32.74,0.0,99,322645,卖盘
13:26:55,32.75,0.01,51,168911,买盘
13:26:58,32.75,0.0,17,55673,买盘
13:27:00,32.75,0.0,51,167005,买盘
13:27:02,32.74,-0.01,368,1205913,卖盘
13:27:07,32.74,0.0,26,85117,买盘
13:27:08,32.74,0.0,88,288112,买盘
13:27:13,32.73,-0.01,212,691989,卖盘
13:27:16,32.73,0.0,276,903600,卖盘
13:27:19,32.74,0.01,337,1102388,买盘
13:27:22,32.75,0.01,72,235730,买盘
13:27:24,32.74,-0.01,45,147333,卖盘
13:27:28,32.75,0.01,184,605031,买盘
13:27:29,32.75,0.0,108,351930,买盘
13:27:34,32.76,0.01,17,55679,买盘
13:27:37,32.75,-0.01,22,72050,卖盘
13:27:40,32.76,0.01,21,68780,买盘
13:27:41,32.76,0.0,73,239144,买盘
13:27:46,32.76,0.0,15,49128,买盘
13:27:48,32.75,-0.01,124,406105,卖盘
13:27:52,32.76,0.01,21,70564,买盘
13:27:55,32.75,-0.01,49,160484,卖盘
13:27:58,32.75,0.0,61,198408,卖盘
13:28:01,32.76,0.01,44,144123,买盘
13:28:04,32.76,0.0,191,625707,买盘
13:28:07,32.76,0.0,41,134291,买盘
13:28:10,32.76,0.0,22,72053,买盘
13:28:12,32.75,-0.01,121,396382,卖盘
13:28:14,32.76,0.01,33,109455,买盘
13:28:19,32.76,0.0,233,763206,买盘
13:28:21,32.76,0.0,86,281736,卖盘
13:28:23,32.76,0.0,24,78627,卖盘
13:28:27,32.76,0.0,13,43177,卖盘
13:28:31,32.77,0.01,20,65540,买盘
13:28:34,32.77,0.0,78,253613,买盘
13:28:37,32.76,-0.01,6,19658,卖盘
13:28:40,32.76,0.0,3,11009,卖盘
13:28:43,32.76,0.0,111,363718,卖盘
13:28:46,32.76,0.0,19,62253,卖盘
13:28:48,32.77,0.01,197,646071,买盘
13:28:52,32.77,0.0,27,88479,卖盘
13:28:53,32.77,0.0,130,426010,卖盘
13:28:58,32.77,0.0,1,3277,卖盘
13:29:00,32.77,0.0,34,109668,卖盘
13:29:02,32.78,0.01,120,394535,买盘
13:29:07,32.79,0.01,51,165933,买盘
13:29:08,32.78,-0.01,5,17637,卖盘
13:29:13,32.77,-0.01,68,222962,卖盘
13:29:16,32.77,0.0,25,81925,卖盘
13:29:17,32.78,0.01,148,485017,买盘
13:29:22,32.78,0.0,82,268800,卖盘
13:29:25,32.79,0.01,12,39338,买盘
13:29:28,32.78,-0.01,33,108189,卖盘
13:29:31,32.79,0.01,300,983012,买盘
13:29:34,32.8,0.01,27,88550,买盘
13:29:36,32.79,-0.01,13,42629,卖盘
13:29:40,32.79,0.0,47,154144,卖盘
13:29:43,32.79,0.0,648,2125819,卖盘
13:29:46,32.79,0.0,9,29510,买盘
13:29:49,32.79,0.0,186,609776,买盘
13:29:52,32.79,0.0,78,255761,买盘
13:29:55,32.79,0.0,36,118232,买盘
13:29:58,32.79,0.0,3,9835,买盘
13:30:01,32.79,0.0,116,380349,买盘
13:30:02,32.79,0.0,395,1294166,买盘
13:30:07,32.79,0.0,79,259016,买盘
13:30:10,32.8,0.01,10,32797,买盘
13:30:13,32.8,0.0,23,75421,买盘
13:30:16,32.79,-0.01,210,688599,卖盘
13:30:19,32.8,0.01,268,878943,买盘
13:30:22,32.81,0.01,154,505647,买盘
13:30:25,32.8,-0.01,120,393603,卖盘
13:30:27,32.8,0.0,9,29527,卖盘
13:30:31,32.8,0.0,3,9841,卖盘
13:30:34,32.81,0.01,217,710261,买盘
13:30:37,32.8,-0.01,15,49211,卖盘
13:30:40,32.8,0.0,43,143048,卖盘
13:30:43,32.8,0.0,163,534664,卖盘
13:30:46,32.81,0.01,42,138399,买盘
13:30:48,32.8,-0.01,194,636411,卖盘
13:30:51,32.81,0.01,15,49212,买盘
13:30:55,32.8,-0.01,30,98403,卖盘
13:30:57,32.8,0.0,7,22964,卖盘
13:31:01,32.8,0.0,31,99914,卖盘
13:31:04,32.8,0.0,169,556312,卖盘
13:31:07,32.8,0.0,91,298480,卖盘
13:31:08,32.81,0.01,64,209932,买盘
13:31:13,32.81,0.0,216,708696,买盘
13:31:14,32.81,0.0,93,302081,卖盘
13:31:19,32.8,-0.01,22,72180,卖盘
13:31:22,32.81,0.01,814,2670411,买盘
13:31:25,32.81,0.0,13,42643,买盘
13:31:28,32.81,0.0,8,26245,买盘
13:31:29,32.8,-0.01,123,404769,卖盘
13:31:34,32.8,0.0,379,1242621,买盘
13:31:37,32.78,-0.02,5,16394,卖盘
13:31:40,32.79,0.01,49,160634,买盘
13:31:42,32.79,0.0,153,501773,买盘
13:31:46,32.78,-0.01,10,32780,卖盘
13:31:49,32.78,0.0,110,360590,卖盘
