time,price,change,volume,amount,type
09:25:04,33.3,-0.25,6935,23093983,卖盘
09:30:02,33.39,0.09,834,2783245,买盘
09:30:05,33.4,0.01,414,1381413,中性盘
09:30:08,33.45,0.05,295,985586,买盘
09:30:12,33.43,-0.02,115,384014,中性盘
09:30:14,33.44,0.01,531,1775967,卖盘
09:30:17,33.47,0.03,201,672097,买盘
09:30:20,33.5,0.03,657,2198900,买盘
09:30:24,33.48,-0.02,156,521846,中性盘
09:30:26,33.5,0.02,85,284702,买盘
09:30:30,33.55,0.05,696,2334204,买盘
09:30:32,33.57,0.02,51,171199,买盘
09:30:36,33.57,0.0,198,664519,卖盘
09:30:38,33.56,-0.01,126,423133,卖盘
09:30:42,33.57,0.01,353,1185313,中性盘
09:30:45,33.59,0.02,64,214914,买盘
09:30:47,33.58,-0.01,297,997175,卖盘
09:30:50,33.56,-0.02,109,366033,卖盘
09:30:54,33.57,0.01,247,829007,买盘
09:30:57,33.57,0.0,178,597433,买盘
09:31:00,33.59,0.02,622,2087796,买盘
09:31:03,33.55,-0.04,226,758774,卖盘
09:31:06,33.57,0.02,157,526803,买盘
09:31:09,33.57,0.0,162,543709,买盘
09:31:12,33.56,-0.01,210,704868,卖盘
09:31:14,33.56,0.0,406,1362537,卖盘
09:31:18,33.56,0.0,287,963107,买盘
09:31:21,33.56,0.0,420,1409439,买盘
09:31:24,33.58,0.02,161,540552,买盘
09:31:26,33.59,0.01,413,1386721,买盘
09:31:30,33.6,0.01,258,866680,买盘
09:31:32,33.61,0.01,380,1276981,买盘
09:31:36,33.66,0.05,143,481252,买盘
09:31:39,33.66,0.0,301,1013436,买盘
09:31:42,33.68,0.02,228,767919,买盘
09:31:45,33.7,0.02,169,569690,买盘
09:31:48,33.73,0.03,94,317084,买盘
09:31:50,33.7,-0.03,347,1170028,卖盘
09:31:54,33.75,0.05,268,903008,中性盘
09:31:56,33.74,-0.01,233,786411,卖盘
09:32:00,33.75,0.01,111,374545,买盘
09:32:02,33.72,-0.03,454,1531615,卖盘
09:32:06,33.74,0.02,140,472384,卖盘
09:32:09,33.74,0.0,394,1329860,买盘
09:32:11,33.76,0.02,370,1248638,买盘
09:32:15,33.75,-0.01,216,729320,卖盘
09:32:17,33.75,0.0,281,948540,卖盘
09:32:21,33.78,0.03,536,1809858,买盘
09:32:24,33.72,-0.06,237,799520,卖盘
09:32:26,33.74,0.02,409,1379109,买盘
09:32:30,33.75,0.01,442,1491550,买盘
09:32:32,33.74,-0.01,341,1150366,卖盘
09:32:35,33.75,0.01,540,1820894,买盘
09:32:39,33.75,0.0,353,1191344,卖盘
09:32:42,33.74,-0.01,224,755561,卖盘
09:32:45,33.74,0.0,179,603923,买盘
09:32:48,33.72,-0.02,195,657569,卖盘
09:32:50,33.74,0.02,216,728554,买盘
09:32:54,33.7,-0.04,217,731539,卖盘
09:32:57,33.7,0.0,134,451614,卖盘
09:32:59,33.7,0.0,67,225718,买盘
09:33:02,33.66,-0.04,355,1195384,卖盘
09:33:05,33.66,0.0,52,175025,买盘
09:33:09,33.68,0.02,89,299831,买盘
09:33:12,33.7,0.02,365,1229721,买盘
09:33:14,33.68,-0.02,93,313327,卖盘
09:33:18,33.7,0.02,145,488612,买盘
09:33:21,33.7,0.0,153,515737,卖盘
09:33:24,33.72,0.02,193,650487,买盘
09:33:26,33.7,-0.02,329,1108871,卖盘
09:33:30,33.7,0.0,106,357202,买盘
09:33:33,33.7,0.0,269,906267,买盘
09:33:36,33.69,-0.01,186,626478,卖盘
09:33:38,33.68,-0.01,102,343616,中性盘
09:33:42,33.68,0.0,62,208734,买盘
09:33:45,33.68,0.0,109,367017,中性盘
09:33:48,33.66,-0.02,267,898487,中性盘
09:33:50,33.64,-0.02,82,275863,中性盘
09:33:54,33.63,-0.01,35,117745,卖盘
09:33:56,33.6,-0.03,267,897220,卖盘
09:34:00,33.6,0.0,114,383210,卖盘
09:34:03,33.6,0.0,93,312634,卖盘
09:34:05,33.6,0.0,56,188175,卖盘
09:34:09,33.64,0.04,351,1179980,买盘
09:34:11,33.62,-0.02,376,1264715,中性盘
09:34:15,33.66,0.04,94,316400,买盘
09:34:18,33.67,0.01,158,531852,买盘
09:34:21,33.63,-0.04,85,286037,卖盘
09:34:23,33.67,0.04,130,437739,买盘
09:34:26,33.66,-0.01,163,548860,卖盘
09:34:29,33.66,0.0,3064,10262660,卖盘
09:34:33,33.66,0.0,117,393745,卖盘
09:34:35,33.62,-0.04,51,171482,卖盘
09:34:39,33.64,0.02,380,1278578,买盘
09:34:41,33.66,0.02,229,770498,买盘
09:34:45,33.58,-0.08,33,111028,卖盘
09:34:48,33.5,-0.08,125,419565,卖盘
09:34:50,33.6,0.1,977,3273050,买盘
09:34:54,33.62,0.02,62,208386,买盘
09:34:56,33.6,-0.02,261,876408,中性盘
09:34:59,33.65,0.05,214,719542,买盘
09:35:03,33.65,0.0,743,2494214,买盘
09:35:05,33.6,-0.05,195,655065,中性盘
09:35:09,33.6,0.0,255,856768,卖盘
09:35:12,33.6,0.0,60,201565,买盘
09:35:15,33.6,0.0,304,1021410,买盘
09:35:18,33.6,0.0,534,1794212,买盘
09:35:21,33.58,-0.02,641,2153272,卖盘
09:35:24,33.59,0.01,146,490308,买盘
09:35:26,33.58,-0.01,182,611402,卖盘
09:35:29,33.6,0.02,869,2920946,买盘
09:35:33,33.61,0.01,182,611583,买盘
09:35:36,33.6,-0.01,234,786435,卖盘
09:35:39,33.6,0.0,59,198243,卖盘
09:35:42,33.61,0.01,139,467129,买盘
09:35:43,33.61,0.0,26,87390,卖盘
09:35:48,33.61,0.0,38,127720,卖盘
09:35:50,33.61,0.0,136,457370,卖盘
09:35:54,33.63,0.02,22,73970,中性盘
09:35:57,33.63,0.0,41,137906,卖盘
09:36:00,33.64,0.01,83,279174,中性盘
09:36:03,33.64,0.0,394,1325060,卖盘
09:36:06,33.64,0.0,111,373450,卖盘
09:36:09,33.64,0.0,94,316232,卖盘
09:36:12,33.64,0.0,103,346510,卖盘
09:36:15,33.64,0.0,685,2303519,买盘
09:36:17,33.65,0.01,247,830940,买盘
09:36:20,33.64,-0.01,116,390258,中性盘
09:36:23,33.6,-0.04,92,309380,卖盘
09:36:26,33.59,-0.01,85,285150,卖盘
09:36:29,33.63,0.04,56,188166,买盘
09:36:33,33.58,-0.05,213,715189,卖盘
09:36:35,33.61,0.03,27,90625,中性盘
09:36:39,33.6,-0.01,41,137736,卖盘
09:36:42,33.55,-0.05,154,516843,卖盘
09:36:44,33.6,0.05,65,218022,买盘
09:36:48,33.58,-0.02,18,60384,买盘
09:36:51,33.6,0.02,199,668049,买盘
09:36:54,33.56,-0.04,25,83890,中性盘
09:36:56,33.52,-0.04,121,405975,卖盘
09:37:00,33.52,0.0,22,73757,卖盘
09:37:02,33.55,0.03,99,332075,买盘
09:37:06,33.48,-0.07,363,1215152,卖盘
09:37:08,33.55,0.07,184,617270,买盘
09:37:12,33.53,-0.02,99,331560,中性盘
09:37:15,33.53,0.0,7,23471,卖盘
09:37:18,33.52,-0.01,68,227994,卖盘
09:37:21,33.52,0.0,35,117258,卖盘
09:37:24,33.53,0.01,109,365328,买盘
09:37:26,33.52,-0.01,85,284866,中性盘
09:37:29,33.51,-0.01,29,97222,中性盘
09:37:33,33.51,0.0,56,187665,卖盘
09:37:35,33.48,-0.03,15,50244,卖盘
09:37:39,33.48,0.0,242,809363,卖盘
09:37:42,33.49,0.01,185,620142,买盘
09:37:44,33.46,-0.03,271,907057,卖盘
09:37:48,33.44,-0.02,116,387707,卖盘
09:37:50,33.43,-0.01,93,310802,卖盘
09:37:53,33.41,-0.02,26,86908,中性盘
09:37:56,33.41,0.0,35,116961,卖盘
09:38:00,33.41,0.0,27,90229,卖盘
09:38:03,33.42,0.01,50,167099,买盘
09:38:06,33.42,0.0,447,1493953,卖盘
09:38:08,33.44,0.02,209,698613,买盘
09:38:11,33.43,-0.01,228,762066,卖盘
09:38:14,33.43,0.0,426,1423782,卖盘
09:38:17,33.43,0.0,60,200611,卖盘
09:38:20,33.44,0.01,96,321024,买盘
09:38:24,33.45,0.01,97,324535,买盘
09:38:26,33.48,0.03,185,619267,买盘
09:38:29,33.48,0.0,110,368729,买盘
09:38:32,33.5,0.02,214,716557,买盘
09:38:35,33.52,0.02,120,402032,买盘
09:38:38,33.52,0.0,33,110588,买盘
09:38:41,33.51,-0.01,59,197745,中性盘
09:38:44,33.55,0.04,320,1072730,买盘
09:38:48,33.54,-0.01,364,1221218,卖盘
09:38:50,33.55,0.01,75,251708,中性盘
09:38:54,33.55,0.0,306,1026626,卖盘
09:38:56,33.57,0.02,16,53714,卖盘
09:39:00,33.55,-0.02,87,291952,卖盘
09:39:02,33.6,0.05,371,1245552,买盘
09:39:06,33.53,-0.07,28,93909,卖盘
09:39:09,33.54,0.01,33,110643,买盘
09:39:12,33.53,-0.01,110,368896,卖盘
09:39:15,33.52,-0.01,249,834462,卖盘
09:39:17,33.49,-0.03,166,556154,中性盘
09:39:21,33.52,0.03,66,221040,买盘
09:39:23,33.5,-0.02,42,140699,卖盘
09:39:26,33.5,0.0,220,736806,买盘
09:39:30,33.5,0.0,150,502424,买盘
09:39:33,33.48,-0.02,48,160755,卖盘
09:39:36,33.5,0.02,101,338274,买盘
09:39:39,33.48,-0.02,42,140623,卖盘
09:39:41,33.5,0.02,60,200897,买盘
09:39:45,33.49,-0.01,41,137310,卖盘
09:39:47,33.49,0.0,274,917253,卖盘
09:39:50,33.47,-0.02,209,699076,卖盘
09:39:54,33.49,0.02,146,488923,卖盘
09:39:56,33.49,0.0,63,210929,买盘
09:39:59,33.45,-0.04,153,511991,卖盘
09:40:02,33.48,0.03,105,351548,买盘
09:40:05,33.48,0.0,235,786913,卖盘
09:40:08,33.5,0.02,579,1939452,买盘
09:40:12,33.47,-0.03,130,435386,卖盘
09:40:14,33.5,0.03,186,622997,买盘
09:40:17,33.47,-0.03,631,2112415,卖盘
09:40:20,33.44,-0.03,345,1154201,卖盘
09:40:23,33.47,0.03,52,174028,买盘
09:40:25,33.47,0.0,96,321311,买盘
09:40:28,33.47,0.0,189,632591,买盘
09:40:33,33.47,0.0,105,351566,卖盘
09:40:36,33.47,0.0,49,164007,卖盘
09:40:39,33.48,0.01,70,234365,买盘
09:40:41,33.48,0.0,164,548926,卖盘
09:40:45,33.48,0.0,35,117180,买盘
09:40:48,33.5,0.02,403,1349850,买盘
09:40:51,33.48,-0.02,113,378361,中性盘
09:40:53,33.49,0.01,57,190837,买盘
09:40:55,33.48,-0.01,81,271208,卖盘
09:40:59,33.48,0.0,105,351543,卖盘
09:41:02,33.49,0.01,146,488922,买盘
09:41:05,33.49,0.0,42,140680,卖盘
09:41:08,33.49,0.0,30,100479,卖盘
09:41:11,33.5,0.01,263,881051,买盘
09:41:13,33.49,-0.01,324,1085538,卖盘
09:41:16,33.54,0.05,434,1453996,买盘
09:41:20,33.55,0.01,373,1250056,买盘
09:41:22,33.57,0.02,221,741159,买盘
09:41:25,33.57,0.0,46,154388,买盘
09:41:29,33.6,0.03,427,1433038,买盘
09:41:31,33.61,0.01,890,2990459,买盘
09:41:34,33.62,0.01,182,611742,买盘
09:41:38,33.62,0.0,107,359786,买盘
09:41:41,33.62,0.0,335,1127038,卖盘
09:41:45,33.61,-0.01,364,1224685,卖盘
09:41:47,33.61,0.0,662,2223621,卖盘
09:41:51,33.62,0.01,131,440290,买盘
09:41:53,33.62,0.0,245,823287,买盘
09:41:57,33.61,-0.01,79,265654,买盘
09:41:59,33.64,0.03,65,218607,中性盘
09:42:02,33.61,-0.03,138,464224,卖盘
09:42:05,33.64,0.03,104,349667,买盘
09:42:08,33.65,0.01,106,356558,买盘
09:42:11,33.59,-0.06,303,1018295,卖盘
09:42:14,33.59,0.0,23,77253,买盘
09:42:17,33.57,-0.02,54,181364,卖盘
09:42:20,33.59,0.02,166,557252,买盘
09:42:23,33.56,-0.03,241,808800,卖盘
09:42:26,33.55,-0.01,38,127496,卖盘
09:42:29,33.52,-0.03,77,258373,卖盘
09:42:32,33.52,0.0,15,50279,买盘
09:42:36,33.55,0.03,172,576544,买盘
09:42:38,33.51,-0.04,219,734100,卖盘
09:42:41,33.52,0.01,18,60320,中性盘
09:42:44,33.51,-0.01,81,271499,卖盘
09:42:47,33.51,0.0,103,345100,买盘
09:42:50,33.5,-0.01,243,814121,卖盘
09:42:53,33.5,0.0,79,264711,卖盘
09:42:56,33.5,0.0,198,663476,卖盘
09:42:59,33.52,0.02,92,308372,买盘
09:43:02,33.54,0.02,18,60372,买盘
09:43:05,33.55,0.01,63,211317,买盘
09:43:07,33.55,0.0,75,251625,买盘
09:43:11,33.55,0.0,722,2419949,卖盘
09:43:14,33.55,0.0,63,211423,卖盘
09:43:17,33.56,0.01,278,933167,中性盘
09:43:20,33.57,0.01,200,671214,买盘
09:43:23,33.56,-0.01,129,433089,卖盘
09:43:26,33.57,0.01,30,100685,买盘
09:43:29,33.57,0.0,212,711434,买盘
09:43:32,33.56,-0.01,222,744926,卖盘
09:43:35,33.58,0.02,43,144369,买盘
09:43:38,33.55,-0.03,212,711548,卖盘
09:43:41,33.55,0.0,43,144263,买盘
09:43:47,33.54,-0.01,18,60376,卖盘
09:43:50,33.54,0.0,132,442713,买盘
09:43:53,33.53,-0.01,193,646926,中性盘
09:43:56,33.52,-0.01,6,20107,买盘
09:43:59,33.5,-0.02,418,1400473,卖盘
09:44:03,33.53,0.03,67,224582,买盘
09:44:04,33.52,-0.01,348,1166391,卖盘
09:44:08,33.52,0.0,14,46928,买盘
09:44:11,33.52,0.0,276,924851,卖盘
09:44:14,33.5,-0.02,7,23450,卖盘
09:44:18,33.53,0.03,184,616818,买盘
09:44:20,33.55,0.02,336,1126197,买盘
09:44:24,33.5,-0.05,802,2688181,卖盘
09:44:26,33.54,0.04,456,1527681,买盘
09:44:29,33.56,0.02,98,328704,买盘
09:44:31,33.56,0.0,8,26835,买盘
09:44:35,33.55,-0.01,24,80478,中性盘
09:44:39,33.56,0.01,71,238234,买盘
09:44:41,33.52,-0.04,738,2473407,卖盘
09:44:44,33.52,0.0,165,552788,买盘
09:44:47,33.52,0.0,70,234640,买盘
09:44:49,33.52,0.0,192,643394,买盘
09:44:54,33.52,0.0,46,154203,买盘
09:44:56,33.53,0.01,254,851082,中性盘
09:44:59,33.53,0.0,40,134123,卖盘
09:45:03,33.53,0.0,92,308438,卖盘
09:45:05,33.53,0.0,11,36883,中性盘
09:45:08,33.54,0.01,10,33538,买盘
09:45:11,33.52,-0.02,74,248052,卖盘
09:45:14,33.52,0.0,97,325140,卖盘
09:45:16,33.52,0.0,106,355323,买盘
09:45:20,33.52,0.0,42,140794,卖盘
09:45:23,33.53,0.01,8,26825,卖盘
09:45:25,33.53,0.0,5,16765,买盘
09:45:30,33.5,-0.03,282,944966,卖盘
09:45:32,33.52,0.02,13,43576,买盘
09:45:35,33.52,0.0,397,1330092,买盘
09:45:38,33.52,0.0,325,1089052,买盘
09:45:41,33.52,0.0,98,328480,卖盘
09:45:44,33.52,0.0,4,13407,买盘
09:45:47,33.51,-0.01,266,891584,卖盘
09:45:49,33.51,0.0,47,157514,卖盘
09:45:53,33.54,0.03,54,181058,买盘
09:45:56,33.53,-0.01,34,113972,卖盘
09:45:59,33.48,-0.05,502,1681529,卖盘
09:46:02,33.51,0.03,138,462175,买盘
09:46:05,33.53,0.02,124,415502,买盘
09:46:08,33.53,0.0,3,10059,买盘
09:46:11,33.52,-0.01,140,469292,卖盘
09:46:14,33.53,0.01,52,174340,买盘
09:46:17,33.54,0.01,22,73766,买盘
09:46:20,33.52,-0.02,59,197783,卖盘
09:46:23,33.53,0.01,709,2376234,卖盘
09:46:26,33.58,0.05,293,983457,买盘
09:46:30,33.54,-0.04,332,1113297,卖盘
09:46:33,33.53,-0.01,20,67069,卖盘
09:46:35,33.58,0.05,23,77132,买盘
09:46:38,33.58,0.0,22,73807,买盘
09:46:41,33.54,-0.04,3,10070,卖盘
09:46:44,33.54,0.0,6,20126,卖盘
09:46:48,33.55,0.01,61,204717,卖盘
09:46:50,33.54,-0.01,439,1472106,卖盘
09:46:54,33.58,0.04,22,73831,买盘
09:46:57,33.55,-0.03,10,33560,卖盘
09:46:59,33.54,-0.01,116,389127,卖盘
09:47:02,33.55,0.01,17,57035,中性盘
09:47:06,33.54,-0.01,99,333307,卖盘
09:47:08,33.57,0.03,273,916148,买盘
09:47:11,33.58,0.01,320,1074164,买盘
09:47:14,33.56,-0.02,16,53682,中性盘
09:47:17,33.56,0.0,41,137573,卖盘
09:47:20,33.53,-0.03,325,1090052,卖盘
09:47:23,33.54,0.01,236,791169,买盘
09:47:25,33.58,0.04,476,1596840,买盘
09:47:29,33.56,-0.02,534,1790378,卖盘
09:47:31,33.51,-0.05,103,345225,卖盘
09:47:35,33.51,0.0,261,874373,卖盘
09:47:38,33.5,-0.01,115,384031,卖盘
09:47:41,33.48,-0.02,367,1228694,卖盘
09:47:44,33.47,-0.01,224,749562,中性盘
09:47:48,33.45,-0.02,232,776145,卖盘
09:47:49,33.44,-0.01,116,387996,卖盘
09:47:53,33.45,0.01,91,304451,中性盘
09:47:56,33.45,0.0,32,107040,卖盘
09:47:59,33.46,0.01,41,137158,中性盘
09:48:02,33.46,0.0,354,1184333,买盘
09:48:05,33.47,0.01,98,327953,买盘
09:48:07,33.46,-0.01,54,180700,卖盘
09:48:11,33.46,0.0,370,1238108,卖盘
09:48:14,33.46,0.0,94,314649,卖盘
09:48:17,33.47,0.01,65,217534,买盘
09:48:20,33.47,0.0,194,649193,卖盘
09:48:23,33.48,0.01,97,324592,中性盘
09:48:26,33.48,0.0,138,461983,卖盘
09:48:29,33.48,0.0,148,495409,卖盘
09:48:32,33.48,0.0,350,1171169,卖盘
09:48:35,33.47,-0.01,153,512234,卖盘
09:48:38,33.48,0.01,175,585551,买盘
09:48:41,33.46,-0.02,150,501866,卖盘
09:48:43,33.45,-0.01,394,1317910,卖盘
09:48:47,33.42,-0.03,494,1650506,卖盘
09:48:50,33.4,-0.02,355,1186065,卖盘
09:48:53,33.42,0.02,112,374202,买盘
09:48:56,33.42,0.0,267,891899,买盘
09:49:00,33.41,-0.01,445,1486366,中性盘
09:49:01,33.42,0.01,317,1058942,买盘
09:49:04,33.41,-0.01,149,497840,卖盘
09:49:08,33.42,0.01,338,1129319,买盘
09:49:11,33.4,-0.02,614,2051227,卖盘
09:49:14,33.38,-0.02,109,363983,卖盘
09:49:17,33.39,0.01,165,550962,中性盘
09:49:19,33.37,-0.02,203,677603,卖盘
09:49:23,33.37,0.0,623,2078032,卖盘
09:49:26,33.34,-0.03,96,320108,中性盘
09:49:29,33.35,0.01,434,1446691,中性盘
09:49:32,33.32,-0.03,447,1489273,卖盘
09:49:35,33.32,0.0,209,696458,买盘
09:49:38,33.34,0.02,567,1888934,买盘
09:49:41,33.31,-0.03,337,1123174,卖盘
09:49:44,33.32,0.01,194,646323,卖盘
09:49:46,33.33,0.01,256,852948,买盘
09:49:50,33.32,-0.01,446,1486147,卖盘
09:49:53,33.33,0.01,110,366545,买盘
09:49:56,33.32,-0.01,579,1930297,卖盘
09:49:59,33.34,0.02,203,676898,中性盘
09:50:02,33.34,0.0,278,926865,买盘
09:50:05,33.37,0.03,214,714050,买盘
09:50:08,33.37,0.0,393,1311441,卖盘
09:50:11,33.38,0.01,324,1080841,买盘
09:50:14,33.37,-0.01,114,380398,买盘
09:50:17,33.37,0.0,20,66718,买盘
09:50:20,33.33,-0.04,723,2410466,卖盘
09:50:23,33.32,-0.01,711,2369749,卖盘
09:50:25,33.32,0.0,42,140002,卖盘
09:50:29,33.32,0.0,486,1619519,卖盘
09:50:32,33.32,0.0,479,1595673,买盘
09:50:35,33.32,0.0,207,689585,买盘
09:50:38,33.29,-0.03,3369,11219301,卖盘
09:50:41,33.29,0.0,226,752192,买盘
09:50:44,33.28,-0.01,334,1111617,中性盘
09:50:47,33.27,-0.01,174,578909,卖盘
09:50:50,33.25,-0.02,819,2723976,卖盘
09:50:53,33.26,0.01,4,13307,中性盘
09:50:56,33.26,0.0,948,3152132,卖盘
09:50:58,33.25,-0.01,134,445550,中性盘
09:51:01,33.24,-0.01,206,684674,中性盘
09:51:04,33.24,0.0,324,1076983,买盘
09:51:08,33.25,0.01,339,1126863,买盘
09:51:11,33.25,0.0,332,1103288,买盘
09:51:14,33.25,0.0,279,927379,买盘
09:51:17,33.25,0.0,352,1169737,买盘
09:51:19,33.22,-0.03,532,1767863,卖盘
09:51:23,33.23,0.01,250,830935,中性盘
09:51:25,33.24,0.01,678,2253381,买盘
09:51:29,33.24,0.0,691,2295982,买盘
09:51:32,33.22,-0.02,571,1897028,卖盘
09:51:35,33.23,0.01,120,398692,买盘
09:51:38,33.22,-0.01,152,504998,卖盘
09:51:41,33.22,0.0,803,2666748,买盘
09:51:44,33.22,0.0,96,318903,买盘
09:51:47,33.22,0.0,627,2081814,买盘
09:51:49,33.21,-0.01,345,1145559,卖盘
09:51:52,33.2,-0.01,72,239093,卖盘
09:51:56,33.21,0.01,18,59774,买盘
09:51:59,33.2,-0.01,237,786858,卖盘
09:52:02,33.21,0.01,483,1603709,买盘
09:52:05,33.2,-0.01,812,2695192,卖盘
09:52:07,33.2,0.0,78,258930,买盘
09:52:11,33.2,0.0,171,567705,买盘
09:52:13,33.2,0.0,649,2155630,买盘
09:52:17,33.21,0.01,362,1201648,买盘
09:52:19,33.2,-0.01,231,766930,卖盘
09:52:23,33.2,0.0,172,571064,卖盘
09:52:26,33.2,0.0,496,1647038,卖盘
09:52:29,33.21,0.01,338,1122377,买盘
09:52:32,33.21,0.0,457,1518038,卖盘
09:52:35,33.25,0.04,48,159550,买盘
09:52:38,33.23,-0.02,389,1293136,卖盘
09:52:41,33.23,0.0,541,1799259,卖盘
09:52:44,33.24,0.01,262,871106,卖盘
09:52:47,33.26,0.02,35,116404,买盘
09:52:50,33.26,0.0,83,276035,卖盘
09:52:53,33.27,0.01,39,129755,买盘
09:52:55,33.3,0.03,444,1476517,买盘
09:52:59,33.26,-0.04,121,402863,卖盘
09:53:02,33.27,0.01,227,755685,卖盘
09:53:05,33.3,0.03,164,545849,买盘
09:53:07,33.3,0.0,296,985633,买盘
09:53:11,33.29,-0.01,157,522795,卖盘
09:53:14,33.3,0.01,935,3112127,买盘
09:53:17,33.3,0.0,173,575898,买盘
09:53:20,33.26,-0.04,157,522477,卖盘
09:53:23,33.26,0.0,206,685032,卖盘
09:53:26,33.25,-0.01,235,781599,卖盘
09:53:28,33.25,0.0,84,279288,卖盘
09:53:32,33.25,0.0,53,176112,买盘
09:53:35,33.18,-0.07,2570,8526721,卖盘
09:53:37,33.18,0.0,986,3273641,买盘
09:53:41,33.19,0.01,227,754581,卖盘
09:53:44,33.19,0.0,612,2030970,卖盘
09:53:47,33.22,0.03,205,680187,买盘
09:53:50,33.22,0.0,180,597612,买盘
09:53:53,33.18,-0.04,56,185856,卖盘
09:53:55,33.19,0.01,63,209188,买盘
09:53:59,33.22,0.03,389,1291623,买盘
09:54:02,33.19,-0.03,265,879726,卖盘
09:54:05,33.15,-0.04,1238,4107460,卖盘
09:54:08,33.18,0.03,971,3218910,买盘
09:54:11,33.15,-0.03,219,726274,卖盘
09:54:13,33.19,0.04,84,278687,买盘
09:54:17,33.15,-0.04,168,556968,卖盘
09:54:20,33.19,0.04,174,577010,买盘
09:54:23,33.15,-0.04,143,474082,卖盘
09:54:26,33.13,-0.02,891,2955202,卖盘
09:54:28,33.15,0.02,96,318241,中性盘
09:54:32,33.15,0.0,264,875181,买盘
09:54:34,33.15,0.0,111,367999,买盘
09:54:38,33.16,0.01,710,2353125,买盘
09:54:41,33.16,0.0,37,122704,卖盘
09:54:44,33.13,-0.03,333,1103834,卖盘
09:54:46,33.15,0.02,325,1077214,买盘
09:54:50,33.16,0.01,198,656819,买盘
09:54:52,33.12,-0.04,131,433422,买盘
09:54:56,33.11,-0.01,923,3056714,卖盘
09:54:59,33.13,0.02,427,1414034,买盘
09:55:02,33.14,0.01,240,796272,买盘
09:55:05,33.15,0.01,174,576669,买盘
09:55:08,33.14,-0.01,233,772241,卖盘
09:55:11,33.14,0.0,249,825310,卖盘
09:55:14,33.15,0.01,106,351427,卖盘
09:55:17,33.14,-0.01,723,2396456,卖盘
09:55:20,33.15,0.01,200,662878,买盘
09:55:23,33.13,-0.02,694,2300160,卖盘
09:55:26,33.14,0.01,170,563408,中性盘
09:55:29,33.15,0.01,189,626413,买盘
09:55:32,33.17,0.02,132,437622,买盘
09:55:35,33.13,-0.04,442,1464132,卖盘
09:55:38,33.13,0.0,250,829655,买盘
09:55:41,33.14,0.01,64,212179,卖盘
09:55:43,33.13,-0.01,236,782140,卖盘
09:55:46,33.12,-0.01,463,1532902,卖盘
09:55:50,33.14,0.02,126,418461,买盘
09:55:53,33.14,0.0,303,1003672,买盘
09:55:55,33.14,0.0,99,328055,买盘
09:55:59,33.12,-0.02,123,407568,卖盘
09:56:01,33.13,0.01,343,1136286,买盘
09:56:05,33.15,0.02,420,1391776,买盘
09:56:07,33.14,-0.01,1095,3630069,卖盘
09:56:11,33.15,0.01,439,1456111,卖盘
09:56:14,33.12,-0.03,522,1729723,卖盘
09:56:17,33.13,0.01,412,1364604,买盘
09:56:20,33.12,-0.01,960,3179580,卖盘
09:56:23,33.12,0.0,527,1745356,买盘
09:56:25,33.13,0.01,305,1010405,买盘
09:56:29,33.12,-0.01,1293,4285172,卖盘
09:56:32,33.13,0.01,109,361149,买盘
09:56:35,33.13,0.0,280,927516,中性盘
09:56:38,33.12,-0.01,783,2593944,卖盘
09:56:40,33.12,0.0,544,1801750,买盘
09:56:44,33.13,0.01,513,1699435,买盘
09:56:46,33.14,0.01,51,168985,买盘
09:56:50,33.13,-0.01,776,2570829,卖盘
09:56:53,33.13,0.0,465,1540493,买盘
09:56:56,33.13,0.0,259,858123,卖盘
09:56:59,33.13,0.0,124,411036,卖盘
09:57:02,33.15,0.02,140,464098,买盘
09:57:05,33.19,0.04,118,391262,买盘
09:57:08,33.19,0.0,299,992220,买盘
09:57:11,33.18,-0.01,280,929133,卖盘
09:57:14,33.19,0.01,64,212407,买盘
09:57:17,33.18,-0.01,221,733382,卖盘
09:57:20,33.19,0.01,254,843072,中性盘
09:57:23,33.19,0.0,299,992155,卖盘
09:57:26,33.2,0.01,103,341805,买盘
09:57:29,33.19,-0.01,210,696988,卖盘
09:57:32,33.2,0.01,65,215748,买盘
09:57:35,33.2,0.0,157,521262,买盘
09:57:38,33.18,-0.02,313,1038378,卖盘
09:57:41,33.18,0.0,36,119434,买盘
09:57:44,33.16,-0.02,289,958395,卖盘
09:57:47,33.16,0.0,128,424312,买盘
09:57:50,33.16,0.0,78,258642,买盘
09:57:53,33.15,-0.01,109,361236,中性盘
09:57:55,33.13,-0.02,166,550013,卖盘
09:57:59,33.13,0.0,168,556584,卖盘
09:58:02,33.14,0.01,260,861476,买盘
09:58:05,33.14,0.0,342,1133393,买盘
09:58:08,33.14,0.0,72,238611,卖盘
09:58:11,33.14,0.0,34,112677,卖盘
09:58:14,33.15,0.01,124,410996,买盘
09:58:17,33.11,-0.04,1553,5143014,卖盘
09:58:20,33.11,0.0,694,2297583,买盘
09:58:23,33.1,-0.01,856,2833812,卖盘
09:58:26,33.11,0.01,625,2069089,买盘
09:58:29,33.11,0.0,578,1913405,买盘
09:58:32,33.11,0.0,979,3240651,卖盘
09:58:36,33.11,0.0,152,501978,卖盘
09:58:38,33.11,0.0,121,402017,买盘
09:58:41,33.11,0.0,104,344380,卖盘
09:58:44,33.1,-0.01,224,741590,卖盘
09:58:47,33.11,0.01,136,450342,买盘
09:58:50,33.13,0.02,128,423803,买盘
09:58:54,33.1,-0.03,299,988442,卖盘
09:58:56,33.1,0.0,287,951256,买盘
09:58:59,33.1,0.0,74,244947,卖盘
09:59:02,33.12,0.02,174,576124,买盘
09:59:05,33.12,0.0,296,980241,买盘
09:59:09,33.12,0.0,347,1149401,卖盘
09:59:12,33.13,0.01,355,1176016,买盘
09:59:14,33.14,0.01,408,1351748,买盘
09:59:17,33.14,0.0,388,1286164,卖盘
09:59:20,33.16,0.02,528,1750247,买盘
09:59:23,33.17,0.01,303,1004268,买盘
09:59:26,33.18,0.01,262,869370,买盘
09:59:29,33.2,0.02,471,1563476,买盘
09:59:32,33.2,0.0,402,1333634,买盘
09:59:36,33.18,-0.02,88,291906,卖盘
09:59:39,33.18,0.0,50,165897,买盘
09:59:41,33.18,0.0,161,533997,买盘
09:59:44,33.18,0.0,132,437964,买盘
09:59:48,33.18,0.0,326,1081582,买盘
09:59:50,33.19,0.01,208,690163,买盘
09:59:54,33.18,-0.01,37,122766,买盘
09:59:56,33.18,0.0,221,733383,卖盘
09:59:59,33.19,0.01,118,391596,买盘
10:00:02,33.19,0.0,73,242331,买盘
10:00:05,33.21,0.02,249,826621,买盘
10:00:09,33.22,0.01,367,1218788,买盘
10:00:11,33.23,0.01,678,2251070,买盘
10:00:14,33.23,0.0,15,49845,卖盘
10:00:17,33.23,0.0,30,99679,卖盘
10:00:20,33.22,-0.01,57,189397,卖盘
10:00:24,33.23,0.01,100,332221,买盘
10:00:26,33.23,0.0,24,79752,买盘
10:00:29,33.23,0.0,101,335600,买盘
10:00:32,33.23,0.0,457,1518222,买盘
10:00:36,33.23,0.0,26,86402,买盘
10:00:38,33.22,-0.01,50,166113,卖盘
10:00:41,33.23,0.01,33,109655,买盘
10:00:44,33.22,-0.01,101,335592,卖盘
10:00:48,33.23,0.01,65,216015,卖盘
10:00:50,33.24,0.01,154,511660,买盘
10:00:54,33.24,0.0,234,777471,买盘
10:00:56,33.24,0.0,48,159541,卖盘
10:00:59,33.24,0.0,5,16618,卖盘
10:01:02,33.25,0.01,176,585083,买盘
10:01:05,33.26,0.01,198,658298,买盘
10:01:09,33.26,0.0,12,39912,卖盘
10:01:12,33.26,0.0,109,362534,卖盘
10:01:14,33.26,0.0,36,119760,卖盘
10:01:17,33.27,0.01,164,545474,买盘
10:01:20,33.26,-0.01,80,266065,卖盘
10:01:23,33.26,0.0,34,113082,买盘
10:01:26,33.26,0.0,156,518801,买盘
10:01:29,33.26,0.0,51,169633,卖盘
10:01:32,33.27,0.01,128,425791,买盘
10:01:36,33.26,-0.01,74,246175,卖盘
10:01:38,33.27,0.01,97,322633,买盘
10:01:41,33.26,-0.01,25,83159,卖盘
10:01:44,33.27,0.01,128,425843,买盘
10:01:47,33.26,-0.01,39,129738,卖盘
10:01:50,33.27,0.01,235,781714,买盘
10:01:54,33.27,0.0,256,851534,买盘
10:01:56,33.26,-0.01,14,46575,卖盘
10:02:00,33.27,0.01,113,375859,买盘
10:02:02,33.26,-0.01,189,628806,卖盘
10:02:05,33.29,0.03,136,452454,买盘
10:02:08,33.29,0.0,47,156453,买盘
10:02:12,33.29,0.0,41,136453,买盘
10:02:14,33.28,-0.01,27,89873,卖盘
10:02:17,33.28,0.0,200,665606,卖盘
10:02:20,33.28,0.0,172,572424,卖盘
10:02:23,33.28,0.0,44,146445,卖盘
10:02:26,33.27,-0.01,50,166380,卖盘
10:02:29,33.28,0.01,87,289477,买盘
10:02:32,33.28,0.0,30,99826,买盘
10:02:35,33.27,-0.01,161,535720,卖盘
10:02:39,33.27,0.0,71,236176,卖盘
10:02:41,33.27,0.0,17,56557,买盘
10:02:44,33.26,-0.01,83,276087,卖盘
10:02:47,33.26,0.0,485,1613117,卖盘
10:02:50,33.27,0.01,267,887594,买盘
10:02:54,33.25,-0.02,190,631511,中性盘
10:02:56,33.26,0.01,53,176278,中性盘
10:03:00,33.29,0.03,453,1507335,买盘
10:03:02,33.29,0.0,190,632631,卖盘
10:03:05,33.31,0.02,184,612794,买盘
10:03:08,33.31,0.0,9,29985,卖盘
10:03:11,33.31,0.0,289,962719,卖盘
10:03:14,33.33,0.02,5,16665,买盘
10:03:17,33.32,-0.01,108,359790,卖盘
10:03:21,33.33,0.01,94,313203,买盘
10:03:24,33.33,0.0,120,399774,买盘
10:03:26,33.31,-0.02,12,39981,中性盘
10:03:29,33.32,0.01,57,189905,买盘
10:03:32,33.33,0.01,82,273250,买盘
10:03:35,33.3,-0.03,18,59949,卖盘
10:03:39,33.3,0.0,56,186468,买盘
10:03:41,33.28,-0.02,305,1015140,卖盘
10:03:45,33.3,0.02,67,223020,买盘
10:03:48,33.29,-0.01,191,635774,卖盘
10:03:50,33.3,0.01,111,369377,买盘
10:03:54,33.3,0.0,208,691989,买盘
10:03:56,33.26,-0.04,15,49896,卖盘
10:03:59,33.26,0.0,201,668651,卖盘
10:04:03,33.29,0.03,63,209764,买盘
10:04:05,33.3,0.01,195,649311,买盘
10:04:08,33.31,0.01,15,49961,买盘
10:04:12,33.3,-0.01,82,273118,卖盘
10:04:14,33.3,0.0,324,1076841,卖盘
10:04:17,33.31,0.01,131,436256,中性盘
10:04:20,33.3,-0.01,418,1391945,卖盘
10:04:24,33.3,0.0,192,639361,卖盘
10:04:27,33.3,0.0,98,326315,买盘
10:04:29,33.29,-0.01,141,469432,卖盘
10:04:33,33.29,0.0,28,93224,卖盘
10:04:36,33.29,0.0,386,1285137,卖盘
10:04:39,33.29,0.0,282,938779,卖盘
10:04:42,33.29,0.0,64,212982,买盘
10:04:44,33.28,-0.01,71,236284,卖盘
10:04:48,33.28,0.0,2,6656,卖盘
10:04:51,33.26,-0.02,181,602104,卖盘
10:04:53,33.29,0.03,228,758369,买盘
10:04:56,33.26,-0.03,39,129772,中性盘
10:05:00,33.28,0.02,73,242797,买盘
10:05:03,33.26,-0.02,64,212864,买盘
10:05:06,33.27,0.01,153,509011,买盘
10:05:08,33.27,0.0,1,3327,卖盘
10:05:12,33.27,0.0,32,106464,卖盘
10:05:15,33.27,0.0,63,209613,卖盘
10:05:18,33.27,0.0,61,202955,卖盘
10:05:21,33.28,0.01,32,106471,买盘
10:05:24,33.28,0.0,445,1480621,买盘
10:05:27,33.28,0.0,26,86529,卖盘
10:05:30,33.27,-0.01,21,69885,卖盘
10:05:32,33.27,0.0,193,642111,卖盘
10:05:35,33.26,-0.01,25,83174,卖盘
10:05:39,33.26,0.0,143,475630,卖盘
10:05:41,33.27,0.01,9,29942,买盘
10:05:45,33.27,0.0,26,86502,买盘
10:05:48,33.26,-0.01,27,89803,卖盘
10:05:51,33.26,0.0,13,43233,卖盘
10:05:53,33.27,0.01,246,818011,买盘
10:05:57,33.25,-0.02,71,236076,卖盘
10:06:00,33.25,0.0,100,332513,卖盘
10:06:03,33.26,0.01,181,601968,买盘
10:06:06,33.25,-0.01,466,1550292,卖盘
10:06:09,33.25,0.0,27,89785,卖盘
10:06:12,33.26,0.01,104,345908,买盘
10:06:15,33.26,0.0,42,139715,卖盘
10:06:18,33.26,0.0,79,262754,卖盘
10:06:21,33.26,0.0,53,176287,卖盘
10:06:24,33.26,0.0,245,814887,卖盘
10:06:27,33.26,0.0,47,156334,卖盘
10:06:29,33.26,0.0,60,199561,卖盘
10:06:32,33.26,0.0,36,119758,卖盘
10:06:36,33.26,0.0,82,272757,卖盘
10:06:39,33.27,0.01,80,266160,买盘
10:06:42,33.27,0.0,147,488989,卖盘
10:06:45,33.28,0.01,28,93156,买盘
10:06:48,33.27,-0.01,103,342721,卖盘
10:06:51,33.28,0.01,115,382596,买盘
10:06:54,33.27,-0.01,81,269335,买盘
10:06:57,33.25,-0.02,1,3325,卖盘
10:06:59,33.25,0.0,37,123081,卖盘
10:07:03,33.26,0.01,283,941177,买盘
10:07:06,33.27,0.01,398,1323965,买盘
10:07:08,33.23,-0.04,431,1432259,卖盘
10:07:11,33.26,0.03,94,312517,买盘
10:07:15,33.26,0.0,127,422393,买盘
10:07:18,33.26,0.0,81,269399,卖盘
10:07:21,33.26,0.0,173,575253,买盘
10:07:24,33.25,-0.01,203,674699,卖盘
10:07:27,33.25,0.0,125,415682,卖盘
10:07:29,33.26,0.01,150,498798,买盘
10:07:33,33.25,-0.01,87,289281,卖盘
10:07:35,33.25,0.0,80,266057,卖盘
10:07:39,33.25,0.0,151,502165,卖盘
10:07:42,33.26,0.01,83,276100,中性盘
10:07:44,33.27,0.01,257,854801,买盘
10:07:48,33.25,-0.02,375,1247207,卖盘
10:07:51,33.28,0.03,127,422602,买盘
10:07:54,33.25,-0.03,288,957915,卖盘
10:07:57,33.23,-0.02,187,621833,中性盘
10:08:00,33.24,0.01,93,309224,中性盘
10:08:03,33.23,-0.01,255,847668,卖盘
10:08:06,33.25,0.02,188,625068,买盘
10:08:08,33.23,-0.02,125,415595,卖盘
10:08:12,33.23,0.0,118,392266,卖盘
10:08:14,33.25,0.02,622,2067316,中性盘
10:08:17,33.25,0.0,50,166302,卖盘
10:08:21,33.23,-0.02,189,628374,卖盘
10:08:24,33.25,0.02,146,485447,买盘
10:08:27,33.24,-0.01,103,342409,卖盘
10:08:30,33.24,0.0,251,834561,卖盘
10:08:33,33.26,0.02,73,242710,买盘
10:08:36,33.25,-0.01,74,246101,卖盘
10:08:39,33.25,0.0,214,711529,卖盘
10:08:42,33.25,0.0,69,229421,买盘
10:08:45,33.25,0.0,123,408958,买盘
10:08:48,33.25,0.0,121,402304,买盘
10:08:51,33.24,-0.01,415,1379123,卖盘
10:08:54,33.25,0.01,235,781189,买盘
10:08:57,33.24,-0.01,122,405646,卖盘
10:08:59,33.24,0.0,33,109697,卖盘
10:09:03,33.26,0.02,159,528825,买盘
10:09:05,33.26,0.0,330,1097579,买盘
10:09:09,33.26,0.0,412,1370330,卖盘
10:09:12,33.26,0.0,150,499047,卖盘
10:09:14,33.27,0.01,144,479073,买盘
10:09:17,33.26,-0.01,50,166325,卖盘
10:09:21,33.24,-0.02,433,1439575,卖盘
10:09:24,33.27,0.03,106,352492,买盘
10:09:27,33.26,-0.01,20,66536,中性盘
10:09:30,33.27,0.01,27,89819,买盘
10:09:33,33.27,0.0,61,202934,买盘
10:09:36,33.27,0.0,224,745341,买盘
10:09:39,33.27,0.0,156,519051,买盘
10:09:42,33.26,-0.01,538,1789704,卖盘
10:09:45,33.27,0.01,86,286282,中性盘
10:09:48,33.27,0.0,207,688997,卖盘
10:09:51,33.3,0.03,54,179820,买盘
10:09:54,33.32,0.02,961,3200201,买盘
10:09:57,33.38,0.06,758,2529449,买盘
10:10:00,33.33,-0.05,59,196875,卖盘
10:10:02,33.4,0.07,112,373625,买盘
10:10:05,33.4,0.0,157,524449,买盘
10:10:08,33.4,0.0,75,250542,卖盘
10:10:12,33.4,0.0,124,414189,卖盘
10:10:15,33.4,0.0,38,126950,卖盘
10:10:18,33.4,0.0,396,1322697,卖盘
10:10:21,33.4,0.0,198,661323,卖盘
10:10:24,33.35,-0.05,118,393937,卖盘
10:10:27,33.34,-0.01,76,253457,卖盘
10:10:30,33.34,0.0,116,386796,卖盘
10:10:33,33.38,0.04,44,146851,买盘
10:10:36,33.38,0.0,37,123394,买盘
10:10:39,33.35,-0.03,52,173420,卖盘
10:10:42,33.38,0.03,52,173556,买盘
10:10:45,33.38,0.0,61,203487,买盘
10:10:48,33.36,-0.02,18,60048,中性盘
10:10:51,33.35,-0.01,71,236878,卖盘
10:10:54,33.38,0.03,198,660327,买盘
10:10:56,33.35,-0.03,45,150112,中性盘
10:11:00,33.33,-0.02,35,116661,卖盘
10:11:03,33.37,0.04,71,236689,买盘
10:11:06,33.37,0.0,11,36697,中性盘
10:11:09,33.38,0.01,35,116828,买盘
10:11:12,33.38,0.0,47,156886,卖盘
10:11:15,33.39,0.01,34,113514,买盘
10:11:18,33.38,-0.01,13,43397,卖盘
10:11:21,33.38,0.0,66,220308,卖盘
10:11:24,33.38,0.0,222,740875,买盘
10:11:27,33.37,-0.01,266,887647,卖盘
10:11:29,33.37,0.0,25,83425,买盘
10:11:33,33.37,0.0,20,66730,买盘
10:11:36,33.36,-0.01,140,467041,卖盘
10:11:38,33.37,0.01,104,346950,买盘
10:11:42,33.35,-0.02,171,570297,卖盘
10:11:45,33.35,0.0,90,300144,买盘
10:11:48,33.34,-0.01,155,516867,中性盘
10:11:50,33.35,0.01,24,79985,买盘
10:11:54,33.33,-0.02,238,792978,中性盘
10:11:56,33.35,0.02,82,273570,买盘
10:12:00,33.35,0.0,13,43369,卖盘
10:12:03,33.38,0.03,59,196826,买盘
10:12:06,33.35,-0.03,33,110143,卖盘
10:12:08,33.37,0.02,24,80087,中性盘
10:12:12,33.37,0.0,5,16685,买盘
10:12:15,33.36,-0.01,15,50052,卖盘
10:12:17,33.37,0.01,90,300288,买盘
10:12:21,33.37,0.0,370,1234479,买盘
10:12:24,33.37,0.0,103,343704,卖盘
10:12:27,33.36,-0.01,3,10008,卖盘
10:12:30,33.36,0.0,13,43379,卖盘
10:12:32,33.37,0.01,146,487194,买盘
10:12:36,33.37,0.0,84,280340,卖盘
10:12:39,33.37,0.0,56,186899,卖盘
10:12:42,33.38,0.01,25,83430,买盘
10:12:44,33.37,-0.01,2,6674,卖盘
10:12:48,33.38,0.01,40,133516,买盘
10:12:51,33.38,0.0,58,193599,买盘
10:12:53,33.36,-0.02,293,977582,卖盘
10:12:57,33.36,0.0,47,156788,买盘
10:13:00,33.35,-0.01,77,256852,卖盘
10:13:03,33.35,0.0,290,967276,卖盘
10:13:06,33.38,0.03,253,844329,买盘
10:13:08,33.36,-0.02,312,1041444,卖盘
10:13:12,33.37,0.01,17,56729,卖盘
10:13:15,33.39,0.02,57,190287,买盘
10:13:18,33.37,-0.02,163,544133,卖盘
10:13:20,33.37,0.0,15,50055,买盘
10:13:23,33.35,-0.02,432,1440909,卖盘
10:13:27,33.35,0.0,11,36700,卖盘
10:13:30,33.37,0.02,11,36707,买盘
10:13:33,33.37,0.0,11,36704,买盘
10:13:36,33.37,0.0,4,13344,买盘
10:13:38,33.37,0.0,18,60066,买盘
10:13:42,33.37,0.0,8,26696,买盘
10:13:45,33.36,-0.01,17,56725,卖盘
10:13:48,33.37,0.01,46,153471,买盘
10:13:50,33.36,-0.01,42,140141,卖盘
10:13:54,33.36,0.0,209,697113,卖盘
10:13:57,33.37,0.01,30,100107,买盘
10:14:00,33.36,-0.01,24,80085,卖盘
10:14:03,33.37,0.01,51,170171,买盘
10:14:05,33.36,-0.01,62,206834,卖盘
10:14:09,33.38,0.02,216,720847,买盘
10:14:12,33.38,0.0,3,10012,买盘
10:14:15,33.37,-0.01,4,13348,卖盘
10:14:18,33.37,0.0,156,520573,卖盘
10:14:21,33.37,0.0,23,76753,卖盘
10:14:23,33.37,0.0,66,220265,卖盘
10:14:27,33.37,0.0,13,43381,卖盘
10:14:30,33.38,0.01,14,46722,买盘
10:14:32,33.37,-0.01,51,170193,卖盘
10:14:36,33.36,-0.01,12,40043,卖盘
10:14:39,33.36,0.0,40,133460,卖盘
10:14:42,33.35,-0.01,245,817164,卖盘
10:14:45,33.34,-0.01,1,3334,卖盘
10:14:48,33.35,0.01,20,66698,买盘
10:14:50,33.32,-0.03,118,393342,卖盘
10:14:54,33.35,0.03,205,682903,买盘
10:14:57,33.32,-0.03,4,13334,中性盘
10:15:00,33.35,0.03,29,96702,买盘
10:15:02,33.34,-0.01,37,123354,买盘
10:15:05,33.34,0.0,73,243414,卖盘
10:15:09,33.36,0.02,65,216841,买盘
10:15:12,33.36,0.0,1,3336,卖盘
10:15:14,33.34,-0.02,293,977348,卖盘
10:15:18,33.35,0.01,3,10003,中性盘
10:15:21,33.36,0.01,35,116728,买盘
10:15:24,33.36,0.0,193,643229,买盘
10:15:27,33.35,-0.01,6,20010,买盘
10:15:30,33.34,-0.01,1,3334,买盘
10:15:33,33.31,-0.03,11,36666,卖盘
10:15:36,33.35,0.04,1,3335,买盘
10:15:39,33.31,-0.04,26,86668,卖盘
10:15:42,33.35,0.04,1,3335,买盘
10:15:44,33.35,0.0,4,13337,买盘
10:15:48,33.35,0.0,27,90025,买盘
10:15:51,33.34,-0.01,6,20005,卖盘
10:15:53,33.34,0.0,181,603472,卖盘
10:15:57,33.34,0.0,9,30011,卖盘
10:16:00,33.34,0.0,166,553473,卖盘
10:16:03,33.36,0.02,119,396888,买盘
10:16:06,33.34,-0.02,240,800197,卖盘
10:16:08,33.35,0.01,83,276731,买盘
10:16:12,33.36,0.01,19,63366,买盘
10:16:15,33.34,-0.02,140,466887,卖盘
10:16:18,33.38,0.04,361,1204742,买盘
10:16:21,33.39,0.01,160,534132,买盘
10:16:24,33.38,-0.01,204,680695,卖盘
10:16:27,33.39,0.01,4,13355,买盘
10:16:30,33.36,-0.03,24,80123,卖盘
10:16:33,33.38,0.02,2,6676,中性盘
10:16:36,33.39,0.01,1,3339,买盘
10:16:38,33.39,0.0,28,93490,买盘
10:16:42,33.37,-0.02,8,26706,卖盘
10:16:45,33.39,0.02,1,3339,买盘
10:16:48,33.38,-0.01,11,36718,卖盘
10:16:51,33.38,0.0,169,563775,卖盘
10:16:53,33.39,0.01,64,213688,买盘
10:16:57,33.39,0.0,1,3339,买盘
10:17:03,33.39,0.0,171,571131,卖盘
10:17:06,33.4,0.01,43,143619,买盘
10:17:09,33.39,-0.01,471,1573134,卖盘
10:17:11,33.39,0.0,160,534315,卖盘
10:17:15,33.39,0.0,43,143574,买盘
10:17:18,33.37,-0.02,94,313744,卖盘
10:17:21,33.33,-0.04,168,560007,卖盘
10:17:23,33.35,0.02,63,210079,买盘
10:17:27,33.36,0.01,181,603646,中性盘
10:17:30,33.37,0.01,126,420459,买盘
10:17:33,33.38,0.01,64,213628,买盘
10:17:36,33.39,0.01,17,56759,买盘
10:17:38,33.4,0.01,202,674674,买盘
10:17:42,33.41,0.01,144,480986,买盘
10:17:45,33.43,0.02,141,472893,买盘
10:17:48,33.41,-0.02,158,527981,卖盘
10:17:51,33.41,0.0,41,137006,卖盘
10:17:54,33.38,-0.03,385,1283963,卖盘
10:17:56,33.41,0.03,72,242140,买盘
10:18:00,33.41,0.0,5,16693,买盘
10:18:03,33.44,0.03,152,507946,买盘
10:18:09,33.43,-0.01,78,260771,买盘
10:18:12,33.43,0.0,156,521536,卖盘
10:18:15,33.44,0.01,147,491432,买盘
10:18:18,33.43,-0.01,253,845783,卖盘
10:18:21,33.42,-0.01,159,531532,卖盘
10:18:23,33.44,0.02,474,1584791,买盘
10:18:27,33.44,0.0,26,86944,卖盘
10:18:30,33.44,0.0,13,43479,卖盘
10:18:32,33.43,-0.01,136,454723,卖盘
10:18:36,33.44,0.01,4,13374,买盘
10:18:39,33.45,0.01,18,60197,买盘
10:18:42,33.44,-0.01,10,33440,卖盘
10:18:44,33.44,0.0,10,33438,买盘
10:18:47,33.44,0.0,2,6688,买盘
10:18:54,33.43,-0.01,21,70222,卖盘
10:18:57,33.44,0.01,106,354463,买盘
10:19:00,33.44,0.0,26,86944,买盘
10:19:03,33.43,-0.01,307,1026465,卖盘
10:19:05,33.43,0.0,103,344324,买盘
10:19:09,33.43,0.0,58,193896,买盘
10:19:12,33.43,0.0,7,23402,卖盘
10:19:15,33.44,0.01,336,1123284,买盘
10:19:18,33.42,-0.02,319,1066199,卖盘
10:19:21,33.44,0.02,24,80255,买盘
10:19:24,33.44,0.0,133,444551,买盘
10:19:27,33.43,-0.01,10,33429,中性盘
10:19:32,33.43,0.0,61,203898,卖盘
10:19:36,33.43,0.0,1,3343,买盘
10:19:39,33.43,0.0,26,86916,买盘
10:19:42,33.43,0.0,82,274168,买盘
10:19:44,33.42,-0.01,20,66846,卖盘
10:19:48,33.42,0.0,2,6686,卖盘
10:19:51,33.44,0.02,11,36777,买盘
10:19:54,33.43,-0.01,137,457998,卖盘
10:19:57,33.42,-0.01,16,53484,卖盘
10:20:00,33.42,0.0,100,334200,买盘
10:20:03,33.43,0.01,59,197183,买盘
10:20:06,33.42,-0.01,49,163783,卖盘
10:20:09,33.43,0.01,70,234041,买盘
10:20:12,33.43,0.0,27,90261,卖盘
10:20:15,33.43,0.0,99,330957,卖盘
10:20:18,33.43,0.0,25,83576,卖盘
10:20:21,33.44,0.01,8,26751,买盘
10:20:24,33.42,-0.02,194,648511,卖盘
10:20:26,33.42,0.0,4,13368,卖盘
10:20:30,33.43,0.01,2,6686,买盘
10:20:33,33.42,-0.01,30,100261,卖盘
10:20:36,33.41,-0.01,65,217173,卖盘
10:20:39,33.43,0.02,38,127023,买盘
10:20:42,33.43,0.0,14,46802,买盘
10:20:45,33.41,-0.02,30,100221,卖盘
10:20:48,33.42,0.01,1,3342,买盘
10:20:51,33.43,0.01,26,86875,买盘
10:20:54,33.41,-0.02,58,193764,卖盘
10:20:57,33.41,0.0,16,53456,买盘
10:21:00,33.43,0.02,17,56828,买盘
10:21:03,33.44,0.01,177,591685,买盘
10:21:05,33.44,0.0,42,140389,买盘
10:21:09,33.44,0.0,153,511627,买盘
10:21:12,33.44,0.0,68,227421,卖盘
10:21:15,33.4,-0.04,139,464652,卖盘
10:21:17,33.44,0.04,16,53484,买盘
10:21:21,33.44,0.0,3,10029,买盘
10:21:24,33.4,-0.04,158,527951,卖盘
10:21:27,33.44,0.04,41,137100,中性盘
10:21:29,33.44,0.0,22,73510,卖盘
10:21:33,33.41,-0.03,10,33413,卖盘
10:21:36,33.45,0.04,98,327465,买盘
10:21:39,33.41,-0.04,52,173928,卖盘
10:21:42,33.45,0.04,28,93648,买盘
10:21:45,33.44,-0.01,90,300897,买盘
10:21:48,33.45,0.01,59,197346,买盘
10:21:51,33.46,0.01,114,381370,买盘
10:21:54,33.46,0.0,109,364512,买盘
10:21:57,33.45,-0.01,15,50175,中性盘
10:22:00,33.46,0.01,86,287753,买盘
10:22:03,33.47,0.01,41,137210,买盘
10:22:06,33.49,0.02,341,1141516,买盘
10:22:09,33.5,0.01,362,1212581,买盘
10:22:12,33.5,0.0,862,2886571,买盘
10:22:15,33.48,-0.02,213,713291,卖盘
10:22:18,33.48,0.0,149,498914,卖盘
10:22:21,33.48,0.0,28,93744,买盘
10:22:23,33.46,-0.02,118,394921,卖盘
10:22:27,33.46,0.0,25,83650,买盘
10:22:30,33.46,0.0,1,3346,买盘
10:22:35,33.43,-0.03,150,501739,卖盘
10:22:39,33.46,0.03,5,16729,买盘
10:22:42,33.45,-0.01,31,103695,买盘
10:22:45,33.41,-0.04,46,153728,卖盘
10:22:48,33.41,0.0,24,80172,卖盘
10:22:51,33.43,0.02,11,36771,买盘
10:22:54,33.4,-0.03,67,223940,卖盘
10:22:57,33.43,0.03,2,6686,卖盘
10:23:00,33.45,0.02,76,254137,买盘
10:23:03,33.41,-0.04,686,2292424,卖盘
10:23:06,33.46,0.05,67,224025,买盘
10:23:09,33.46,0.0,52,173979,买盘
10:23:12,33.47,0.01,8,26776,卖盘
10:23:15,33.46,-0.01,254,849896,卖盘
10:23:18,33.46,0.0,394,1318402,卖盘
10:23:21,33.45,-0.01,167,558779,卖盘
10:23:24,33.43,-0.02,203,679206,卖盘
10:23:27,33.42,-0.01,69,230761,卖盘
10:23:30,33.42,0.0,57,190824,卖盘
10:23:33,33.45,0.03,8,26754,中性盘
10:23:36,33.45,0.0,240,802026,卖盘
10:23:39,33.45,0.0,39,130472,卖盘
10:23:42,33.47,0.02,4,13383,买盘
10:23:45,33.45,-0.02,99,331225,卖盘
10:23:47,33.45,0.0,2,6692,卖盘
10:23:51,33.46,0.01,125,418421,中性盘
10:23:54,33.47,0.01,30,100431,中性盘
10:23:57,33.47,0.0,101,338156,卖盘
10:24:02,33.49,0.02,103,344921,买盘
10:24:05,33.49,0.0,92,308032,买盘
10:24:09,33.5,0.01,223,746792,买盘
10:24:12,33.5,0.0,4,13399,买盘
10:24:14,33.49,-0.01,324,1085079,卖盘
10:24:18,33.5,0.01,81,271343,买盘
10:24:21,33.5,0.0,12,40196,买盘
10:24:24,33.5,0.0,50,167501,卖盘
10:24:27,33.49,-0.01,128,428732,卖盘
10:24:29,33.48,-0.01,13,43535,卖盘
10:24:33,33.49,0.01,69,231081,买盘
10:24:36,33.47,-0.02,137,458507,卖盘
10:24:39,33.47,0.0,3,10041,卖盘
10:24:41,33.49,0.02,338,1131911,买盘
10:24:44,33.47,-0.02,37,123865,卖盘
10:24:48,33.47,0.0,20,66952,卖盘
10:24:50,33.46,-0.01,33,110437,卖盘
10:24:54,33.48,0.02,56,187468,买盘
10:24:57,33.45,-0.03,176,589005,卖盘
10:25:00,33.45,0.0,29,97001,买盘
10:25:03,33.45,0.0,169,565225,买盘
10:25:06,33.45,0.0,202,676012,买盘
10:25:09,33.46,0.01,12,40144,买盘
10:25:12,33.45,-0.01,198,662340,卖盘
10:25:15,33.45,0.0,275,919878,卖盘
10:25:18,33.45,0.0,119,398105,买盘
10:25:21,33.46,0.01,17,56875,买盘
10:25:24,33.45,-0.01,57,190665,卖盘
10:25:26,33.44,-0.01,7,23413,卖盘
10:25:30,33.44,0.0,401,1341147,卖盘
10:25:33,33.43,-0.01,4,13375,卖盘
10:25:36,33.45,0.02,21,70245,买盘
10:25:39,33.44,-0.01,14,46824,卖盘
10:25:42,33.45,0.01,55,184002,买盘
10:25:45,33.45,0.0,26,86970,卖盘
10:25:48,33.45,0.0,11,36796,卖盘
10:25:51,33.45,0.0,122,408091,卖盘
10:25:54,33.46,0.01,138,461638,买盘
10:25:57,33.46,0.0,9,30116,卖盘
10:25:59,33.45,-0.01,235,786298,卖盘
10:26:03,33.46,0.01,128,428642,中性盘
10:26:06,33.47,0.01,6,20083,卖盘
10:26:09,33.48,0.01,383,1282089,买盘
10:26:11,33.48,0.0,51,170756,卖盘
10:26:15,33.48,0.0,26,87048,卖盘
10:26:18,33.48,0.0,9,30134,卖盘
10:26:20,33.48,0.0,20,66961,卖盘
10:26:24,33.48,0.0,13,43524,卖盘
10:26:27,33.49,0.01,119,398250,买盘
10:26:30,33.48,-0.01,4,13389,中性盘
10:26:33,33.48,0.0,1,3348,中性盘
10:26:36,33.49,0.01,60,200937,买盘
10:26:39,33.45,-0.04,122,408168,卖盘
10:26:42,33.46,0.01,12,40150,中性盘
10:26:45,33.46,0.0,75,250948,买盘
10:26:48,33.46,0.0,60,200712,买盘
10:26:50,33.46,0.0,3,10036,买盘
10:26:57,33.44,-0.02,155,518329,卖盘
10:27:00,33.44,0.0,4,13376,买盘
10:27:03,33.44,0.0,138,461471,买盘
10:27:06,33.44,0.0,98,327722,买盘
10:27:08,33.45,0.01,16,53520,买盘
10:27:11,33.46,0.01,5,16726,买盘
10:27:15,33.45,-0.01,6,20072,卖盘
10:27:17,33.45,0.0,28,93661,卖盘
10:27:20,33.47,0.02,135,451703,买盘
10:27:24,33.45,-0.02,240,803125,卖盘
10:27:27,33.48,0.03,40,133850,买盘
10:27:30,33.48,0.0,17,56910,买盘
10:27:32,33.52,0.04,794,2659749,买盘
10:27:36,33.53,0.01,299,1001762,买盘
10:27:39,33.51,-0.02,3,10051,中性盘
10:27:41,33.5,-0.01,233,780554,卖盘
10:27:45,33.5,0.0,131,438954,买盘
10:27:47,33.5,0.0,88,294822,卖盘
10:27:51,33.48,-0.02,119,398483,卖盘
10:27:54,33.5,0.02,149,499015,买盘
10:27:56,33.46,-0.04,38,127148,卖盘
10:28:00,33.46,0.0,21,70268,卖盘
10:28:03,33.46,0.0,1056,3534099,卖盘
10:28:06,33.49,0.03,33,110488,中性盘
10:28:09,33.48,-0.01,1377,4608767,卖盘
10:28:12,33.47,-0.01,263,880456,中性盘
10:28:15,33.47,0.0,72,240984,买盘
10:28:18,33.45,-0.02,76,254270,卖盘
10:28:21,33.44,-0.01,284,949704,卖盘
10:28:24,33.43,-0.01,313,1046933,卖盘
10:28:26,33.44,0.01,23,76929,中性盘
10:28:30,33.42,-0.02,201,671837,卖盘
10:28:33,33.4,-0.02,155,518125,卖盘
10:28:36,33.4,0.0,63,210459,卖盘
10:28:39,33.44,0.04,255,852385,买盘
10:28:42,33.44,0.0,272,909769,卖盘
10:28:45,33.46,0.02,379,1266862,买盘
10:28:48,33.44,-0.02,192,641283,买盘
10:28:51,33.44,0.0,12,40122,买盘
10:28:54,33.44,0.0,9,30076,买盘
10:28:57,33.44,0.0,7,23398,买盘
10:29:00,33.43,-0.01,7,23406,卖盘
10:29:03,33.45,0.02,122,407967,买盘
10:29:06,33.41,-0.04,166,555088,卖盘
10:29:09,33.44,0.03,568,1898846,买盘
10:29:12,33.45,0.01,21,70245,中性盘
10:29:14,33.45,0.0,11,36796,卖盘
10:29:18,33.46,0.01,135,451592,买盘
10:29:20,33.46,0.0,7,23422,卖盘
10:29:24,33.47,0.01,82,274330,买盘
10:29:27,33.46,-0.01,103,344636,卖盘
10:29:30,33.45,-0.01,105,351342,卖盘
10:29:33,33.46,0.01,23,76948,买盘
10:29:36,33.44,-0.02,63,210729,卖盘
10:29:39,33.44,0.0,59,197336,卖盘
10:29:44,33.44,0.0,328,1097401,中性盘
10:29:48,33.44,0.0,4,13374,中性盘
10:29:50,33.44,0.0,57,190636,买盘
10:29:54,33.44,0.0,6,20064,卖盘
10:29:57,33.46,0.02,22,73576,买盘
10:30:00,33.46,0.0,3,10036,买盘
10:30:03,33.49,0.03,5,16736,买盘
10:30:05,33.48,-0.01,20,66927,买盘
10:30:09,33.48,0.0,8,26785,买盘
10:30:12,33.49,0.01,36,120564,买盘
10:30:14,33.49,0.0,125,418625,买盘
10:30:18,33.49,0.0,25,83726,卖盘
10:30:20,33.5,0.01,31,103838,买盘
10:30:24,33.5,0.0,91,304816,买盘
10:30:27,33.49,-0.01,351,1175192,卖盘
10:30:29,33.49,0.0,9,30138,买盘
10:30:33,33.49,0.0,44,147354,买盘
10:30:36,33.5,0.01,10,33493,买盘
10:30:39,33.48,-0.02,15,50234,卖盘
10:30:42,33.48,0.0,7,23446,卖盘
10:30:45,33.5,0.02,77,257940,买盘
10:30:48,33.48,-0.02,4,13392,卖盘
10:30:51,33.5,0.02,4,13396,买盘
10:30:54,33.48,-0.02,28,93798,卖盘
10:30:57,33.48,0.0,27,90396,卖盘
10:30:59,33.49,0.01,117,391907,买盘
10:31:03,33.5,0.01,17,56935,买盘
10:31:06,33.51,0.01,6,20103,买盘
10:31:09,33.5,-0.01,4,13400,卖盘
10:31:12,33.5,0.0,14,46906,卖盘
10:31:15,33.5,0.0,129,432110,卖盘
10:31:18,33.51,0.01,65,217795,买盘
10:31:20,33.51,0.0,2,6702,卖盘
10:31:24,33.53,0.02,37,124022,买盘
10:31:27,33.51,-0.02,240,804267,卖盘
10:31:30,33.55,0.04,417,1398759,买盘
10:31:33,33.53,-0.02,113,378790,中性盘
10:31:36,33.55,0.02,79,265037,买盘
10:31:39,33.55,0.0,117,392528,买盘
10:31:42,33.55,0.0,57,191235,卖盘
10:31:45,33.55,0.0,52,174460,卖盘
10:31:48,33.55,0.0,117,392579,卖盘
10:31:51,33.54,-0.01,151,506578,卖盘
10:31:54,33.54,0.0,158,530006,卖盘
10:31:57,33.54,0.0,6,20128,卖盘
10:31:59,33.54,0.0,86,288476,卖盘
10:32:02,33.55,0.01,133,446113,买盘
10:32:06,33.53,-0.02,76,254901,卖盘
10:32:09,33.57,0.04,757,2540569,买盘
10:32:11,33.55,-0.02,34,114064,中性盘
10:32:15,33.54,-0.01,199,667571,卖盘
10:32:18,33.54,0.0,43,144248,卖盘
10:32:20,33.54,0.0,111,372328,买盘
10:32:24,33.53,-0.01,135,452655,卖盘
10:32:27,33.53,0.0,55,184414,买盘
10:32:30,33.53,0.0,92,308428,买盘
10:32:33,33.5,-0.03,176,589717,卖盘
10:32:36,33.5,0.0,205,686755,买盘
10:32:39,33.5,0.0,220,736991,买盘
10:32:42,33.5,0.0,51,170778,买盘
10:32:45,33.51,0.01,88,294798,买盘
10:32:48,33.48,-0.03,10,33486,卖盘
10:32:50,33.49,0.01,18,60281,买盘
10:32:54,33.49,0.0,133,445717,买盘
10:32:57,33.52,0.03,28,93845,买盘
10:33:03,33.51,-0.01,5,16755,卖盘
10:33:06,33.51,0.0,50,167550,卖盘
10:33:09,33.51,0.0,372,1246918,卖盘
10:33:12,33.51,0.0,192,643552,卖盘
10:33:15,33.5,-0.01,188,629960,卖盘
10:33:18,33.53,0.03,82,274758,买盘
10:33:21,33.51,-0.02,25,83757,买盘
10:33:23,33.51,0.0,27,90478,买盘
10:33:27,33.52,0.01,5,16758,买盘
10:33:30,33.51,-0.01,84,281486,卖盘
10:33:33,33.52,0.01,15,50280,买盘
10:33:35,33.52,0.0,4,13408,卖盘
10:33:39,33.51,-0.01,40,134078,卖盘
10:33:42,33.51,0.0,7,23457,卖盘
10:33:45,33.5,-0.01,20,67015,卖盘
10:33:46,33.51,0.01,27,90475,买盘
10:33:51,33.51,0.0,56,187650,买盘
10:33:54,33.5,-0.01,122,408700,卖盘
10:33:57,33.5,0.0,49,164148,买盘
10:34:00,33.5,0.0,5,16747,买盘
10:34:03,33.5,0.0,127,425449,买盘
10:34:06,33.48,-0.02,453,1517056,卖盘
10:34:09,33.5,0.02,247,827415,买盘
10:34:12,33.5,0.0,25,83767,卖盘
10:34:15,33.51,0.01,53,177596,买盘
10:34:18,33.51,0.0,277,928081,买盘
10:34:21,33.53,0.02,94,314973,买盘
10:34:24,33.51,-0.02,19,63659,中性盘
10:34:27,33.53,0.02,31,103920,买盘
10:34:29,33.49,-0.04,36,120578,卖盘
10:34:33,33.48,-0.01,46,154044,卖盘
10:34:36,33.48,0.0,2,6698,卖盘
10:34:39,33.5,0.02,1,3350,买盘
10:34:42,33.49,-0.01,43,144007,卖盘
10:34:45,33.48,-0.01,10,33496,卖盘
10:34:46,33.49,0.01,11,36829,买盘
10:34:51,33.48,-0.01,29,97092,卖盘
10:34:54,33.48,0.0,22,73656,卖盘
10:34:57,33.48,0.0,12,40176,卖盘
10:34:59,33.48,0.0,30,100509,卖盘
10:35:03,33.5,0.02,26,87088,买盘
10:35:04,33.48,-0.02,139,465642,卖盘
10:35:08,33.51,0.03,139,465664,买盘
10:35:12,33.47,-0.04,361,1208930,卖盘
10:35:15,33.47,0.0,123,411783,卖盘
10:35:18,33.46,-0.01,49,163981,卖盘
10:35:21,33.48,0.02,216,722940,买盘
10:35:24,33.47,-0.01,4,13386,中性盘
10:35:27,33.47,0.0,133,444847,买盘
10:35:29,33.45,-0.02,12,40148,卖盘
10:35:33,33.45,0.0,31,103695,卖盘
10:35:36,33.48,0.03,11,36824,买盘
10:35:39,33.44,-0.04,25,83633,卖盘
10:35:42,33.47,0.03,31,103691,买盘
10:35:45,33.44,-0.03,16,53515,卖盘
10:35:48,33.44,0.0,3,10032,中性盘
10:35:51,33.44,0.0,8,26752,卖盘
10:35:54,33.44,0.0,43,143803,卖盘
10:35:57,33.44,0.0,3,10032,买盘
10:35:59,33.43,-0.01,3,10029,卖盘
10:36:03,33.45,0.02,82,274228,买盘
10:36:06,33.44,-0.01,23,76931,卖盘
10:36:09,33.45,0.01,36,120418,买盘
10:36:12,33.46,0.01,45,150537,买盘
10:36:15,33.46,0.0,5,16729,买盘
10:36:18,33.45,-0.01,311,1040295,卖盘
10:36:21,33.45,0.0,13,43485,卖盘
10:36:24,33.45,0.0,13,43486,卖盘
10:36:27,33.45,0.0,142,474994,卖盘
10:36:30,33.46,0.01,23,76951,买盘
10:36:33,33.46,0.0,42,140484,买盘
10:36:36,33.46,0.0,14,46844,卖盘
10:36:39,33.45,-0.01,16,53527,卖盘
10:36:42,33.46,0.01,44,147200,买盘
10:36:45,33.45,-0.01,2,6690,中性盘
10:36:48,33.45,0.0,3,10034,买盘
10:36:51,33.44,-0.01,9,30098,卖盘
10:36:52,33.44,0.0,4,13376,卖盘
10:36:57,33.44,0.0,2,6689,卖盘
10:37:00,33.44,0.0,6,20064,卖盘
10:37:03,33.44,0.0,131,438310,卖盘
10:37:06,33.45,0.01,33,110413,卖盘
10:37:09,33.46,0.01,107,358017,买盘
10:37:12,33.46,0.0,17,56883,卖盘
10:37:15,33.47,0.01,53,177391,买盘
10:37:18,33.47,0.0,8,26776,卖盘
10:37:21,33.47,0.0,36,120492,卖盘
10:37:24,33.47,0.0,2,6695,卖盘
10:37:27,33.48,0.01,25,83698,买盘
10:37:30,33.47,-0.01,28,93742,卖盘
10:37:33,33.48,0.01,19,63602,买盘
10:37:36,33.47,-0.01,105,351460,卖盘
10:37:39,33.48,0.01,6,20085,买盘
10:37:42,33.47,-0.01,113,378214,卖盘
10:37:45,33.48,0.01,45,150655,买盘
10:37:48,33.48,0.0,35,117180,买盘
10:37:51,33.48,0.0,111,371579,买盘
10:37:53,33.48,0.0,30,100438,买盘
10:37:57,33.47,-0.01,308,1030884,卖盘
10:38:00,33.48,0.01,27,90393,买盘
10:38:03,33.48,0.0,145,485440,买盘
10:38:06,33.47,-0.01,2,6694,卖盘
10:38:09,33.48,0.01,159,532285,买盘
10:38:12,33.5,0.02,66,220991,买盘
10:38:15,33.48,-0.02,3,10044,卖盘
10:38:18,33.48,0.0,105,351540,卖盘
10:38:21,33.48,0.0,21,70309,卖盘
10:38:24,33.48,0.0,55,184163,卖盘
10:38:27,33.48,0.0,28,93742,买盘
10:38:30,33.48,0.0,260,870141,买盘
10:38:31,33.47,-0.01,27,90334,中性盘
10:38:36,33.48,0.01,20,66943,买盘
10:38:39,33.49,0.01,2,6697,买盘
10:38:40,33.47,-0.02,49,163981,卖盘
10:38:45,33.48,0.01,2,6696,买盘
10:38:48,33.47,-0.01,21,70288,卖盘
10:38:50,33.47,0.0,3,10041,买盘
10:38:52,33.47,0.0,61,204161,买盘
10:38:57,33.46,-0.01,19,63575,卖盘
10:38:59,33.47,0.01,22,73626,买盘
10:39:03,33.46,-0.01,22,73612,买盘
10:39:06,33.47,0.01,5,16732,买盘
10:39:09,33.47,0.0,180,602353,买盘
10:39:12,33.47,0.0,12,40166,卖盘
10:39:15,33.47,0.0,11,36819,卖盘
10:39:18,33.47,0.0,108,361481,卖盘
10:39:21,33.47,0.0,48,160671,卖盘
10:39:24,33.47,0.0,21,70287,卖盘
10:39:27,33.47,0.0,12,40164,卖盘
10:39:29,33.47,0.0,1,3347,买盘
10:39:33,33.47,0.0,23,76961,买盘
10:39:42,33.46,-0.01,21,70268,卖盘
10:39:45,33.46,0.0,33,110418,卖盘
10:39:46,33.46,0.0,3,10040,卖盘
10:39:51,33.46,0.0,18,60232,卖盘
10:39:54,33.45,-0.01,14,46843,卖盘
10:40:00,33.46,0.01,1,3346,买盘
10:40:03,33.45,-0.01,378,1262203,卖盘
10:40:06,33.41,-0.04,17,56800,卖盘
10:40:08,33.44,0.03,21,70220,买盘
10:40:12,33.45,0.01,43,143796,买盘
10:40:15,33.44,-0.01,49,163856,卖盘
10:40:18,33.44,0.0,20,66890,卖盘
10:40:21,33.45,0.01,219,732383,买盘
10:40:24,33.44,-0.01,19,63536,卖盘
10:40:27,33.44,0.0,21,70222,买盘
10:40:30,33.41,-0.03,6,20049,卖盘
10:40:33,33.44,0.03,33,110295,买盘
10:40:36,33.44,0.0,102,341086,买盘
10:40:39,33.45,0.01,13,43479,买盘
10:40:42,33.43,-0.02,270,902151,卖盘
10:40:45,33.44,0.01,22,73563,中性盘
10:40:48,33.43,-0.01,19,63527,卖盘
10:40:51,33.44,0.01,24,80248,中性盘
10:40:54,33.44,0.0,37,123692,买盘
10:40:57,33.43,-0.01,7,23401,卖盘
10:40:59,33.44,0.01,63,210632,买盘
10:41:04,33.45,0.01,154,515116,买盘
10:41:06,33.45,0.0,7,23415,卖盘
10:41:09,33.45,0.0,3,10035,中性盘
10:41:12,33.47,0.02,218,729429,买盘
10:41:15,33.47,0.0,29,97036,买盘
10:41:16,33.47,0.0,1,3347,买盘
10:41:21,33.46,-0.01,2,6692,卖盘
10:41:24,33.45,-0.01,27,90325,卖盘
10:41:27,33.47,0.02,16,53552,买盘
10:41:30,33.45,-0.02,504,1688137,卖盘
10:41:33,33.45,0.0,3,10035,卖盘
10:41:36,33.47,0.02,32,107116,买盘
10:41:39,33.47,0.0,12,40170,卖盘
10:41:42,33.47,0.0,65,217555,卖盘
10:41:45,33.5,0.03,3,10050,买盘
10:41:47,33.5,0.0,1,3350,买盘
10:41:51,33.47,-0.03,2,6694,卖盘
10:41:53,33.48,0.01,13,43514,买盘
10:42:00,33.48,0.0,1,3348,买盘
10:42:03,33.48,0.0,34,113832,买盘
10:42:06,33.48,0.0,73,244404,卖盘
10:42:09,33.47,-0.01,49,164034,卖盘
10:42:12,33.5,0.03,180,602506,买盘
10:42:14,33.45,-0.05,163,545498,卖盘
10:42:18,33.45,0.0,107,357916,卖盘
10:42:20,33.45,0.0,54,180655,卖盘
10:42:24,33.45,0.0,182,608791,卖盘
10:42:27,33.45,0.0,53,177285,买盘
10:42:30,33.44,-0.01,8,26759,卖盘
10:42:33,33.45,0.01,44,147146,中性盘
10:42:36,33.44,-0.01,7,23408,卖盘
10:42:39,33.45,0.01,3,10033,买盘
10:42:42,33.45,0.0,35,117056,买盘
10:42:45,33.45,0.0,3,10035,买盘
10:42:48,33.45,0.0,18,60201,买盘
10:42:51,33.45,0.0,4,13380,买盘
10:42:54,33.44,-0.01,12,40128,卖盘
10:42:57,33.44,0.0,3,10031,买盘
10:43:04,33.44,0.0,62,207328,买盘
10:43:05,33.44,0.0,9,30102,卖盘
10:43:09,33.44,0.0,7,24278,卖盘
10:43:11,33.44,0.0,230,769312,卖盘
10:43:15,33.44,0.0,19,63536,卖盘
10:43:18,33.44,0.0,200,668800,卖盘
10:43:21,33.45,0.01,21,70243,买盘
10:43:24,33.45,0.0,52,173891,买盘
10:43:27,33.44,-0.01,30,99455,卖盘
10:43:33,33.44,0.0,39,131256,买盘
10:43:36,33.44,0.0,3,10033,卖盘
10:43:42,33.43,-0.01,77,256614,卖盘
10:43:44,33.43,0.0,2,6686,买盘
10:43:48,33.43,0.0,1,3343,买盘
10:43:51,33.43,0.0,3,10029,买盘
10:43:54,33.43,0.0,12,40106,买盘
10:43:57,33.43,0.0,22,73545,买盘
10:44:00,33.43,0.0,2,6686,买盘
10:44:03,33.43,0.0,21,71070,买盘
10:44:06,33.43,0.0,3,10029,卖盘
10:44:09,33.43,0.0,2,6686,卖盘
10:44:12,33.44,0.01,4,13376,买盘
10:44:14,33.45,0.01,77,257505,买盘
10:44:23,33.45,0.0,1,3345,买盘
10:44:27,33.45,0.0,246,822668,买盘
10:44:30,33.44,-0.01,35,117042,卖盘
10:44:33,33.45,0.01,2,6690,买盘
10:44:36,33.44,-0.01,8,26752,卖盘
10:44:39,33.45,0.01,15,50172,买盘
10:44:42,33.45,0.0,5,16725,买盘
10:44:48,33.44,-0.01,17,56848,卖盘
10:44:50,33.44,0.0,1,3344,卖盘
10:44:54,33.44,0.0,6,20065,卖盘
10:44:57,33.45,0.01,103,344435,买盘
10:44:59,33.44,-0.01,23,76912,卖盘
10:45:03,33.44,0.0,131,438188,卖盘
10:45:09,33.44,0.0,65,217360,卖盘
10:45:12,33.45,0.01,118,394683,买盘
10:45:14,33.44,-0.01,11,36786,卖盘
10:45:18,33.43,-0.01,132,441403,卖盘
10:45:21,33.44,0.01,22,73563,买盘
10:45:24,33.43,-0.01,2,6687,卖盘
10:45:27,33.43,0.0,8,26744,卖盘
10:45:30,33.43,0.0,57,190539,卖盘
10:45:33,33.43,0.0,5,16714,买盘
10:45:36,33.42,-0.01,5,16710,卖盘
10:45:38,33.42,0.0,10,33420,卖盘
10:45:42,33.43,0.01,27,90245,买盘
10:45:48,33.41,-0.02,300,1002300,卖盘
10:45:51,33.42,0.01,34,113625,买盘
10:45:54,33.41,-0.01,112,374144,卖盘
10:45:57,33.4,-0.01,3,10021,卖盘
10:46:00,33.41,0.01,3,10022,买盘
10:46:03,33.41,0.0,921,3076255,买盘
10:46:05,33.41,0.0,104,347500,卖盘
10:46:08,33.41,0.0,24,80184,买盘
10:46:12,33.41,0.0,58,193765,买盘
10:46:15,33.42,0.01,30,100232,买盘
10:46:18,33.43,0.01,482,1610680,买盘
10:46:21,33.43,0.0,5,16709,买盘
10:46:24,33.41,-0.02,6,20046,卖盘
10:46:30,33.41,0.0,12,40093,卖盘
10:46:33,33.42,0.01,3,10026,买盘
10:46:35,33.42,0.0,11,36752,买盘
10:46:38,33.41,-0.01,4,13365,卖盘
10:46:42,33.41,0.0,33,110256,卖盘
10:46:44,33.4,-0.01,50,167014,卖盘
10:46:51,33.41,0.01,4,13361,买盘
10:46:54,33.41,0.0,30,100230,买盘
10:46:57,33.4,-0.01,5,16700,卖盘
10:46:59,33.4,0.0,10,33401,卖盘
10:47:03,33.41,0.01,130,434327,买盘
10:47:06,33.4,-0.01,47,156980,卖盘
10:47:09,33.4,0.0,52,175350,卖盘
10:47:12,33.38,-0.02,313,1045249,卖盘
10:47:15,33.38,0.0,17,55076,买盘
10:47:18,33.38,0.0,12,40056,卖盘
10:47:21,33.4,0.02,34,113475,买盘
10:47:24,33.38,-0.02,8,26699,卖盘
10:47:27,33.38,0.0,1,3338,买盘
10:47:29,33.37,-0.01,513,1713552,卖盘
10:47:33,33.38,0.01,26,86787,买盘
10:47:36,33.37,-0.01,20,66742,卖盘
10:47:39,33.36,-0.01,18,60048,卖盘
10:47:42,33.36,0.0,4,13344,卖盘
10:47:45,33.36,0.0,26,86740,卖盘
10:47:48,33.35,-0.01,42,140080,卖盘
10:47:51,33.35,0.0,21,70046,卖盘
10:47:54,33.36,0.01,1,3336,买盘
10:47:57,33.33,-0.03,56,186737,卖盘
10:47:59,33.35,0.02,5,16675,中性盘
10:48:02,33.35,0.0,68,226781,买盘
10:48:06,33.35,0.0,5,16675,卖盘
10:48:09,33.35,0.0,10,33350,卖盘
10:48:12,33.36,0.01,263,877339,买盘
10:48:15,33.37,0.01,35,116771,买盘
10:48:17,33.36,-0.01,31,103422,卖盘
10:48:21,33.36,0.0,44,146842,卖盘
10:48:23,33.36,0.0,3,10011,卖盘
10:48:27,33.37,0.01,3,10010,买盘
10:48:30,33.36,-0.01,4,13345,卖盘
10:48:33,33.38,0.02,102,338696,买盘
10:48:36,33.37,-0.01,16,53399,卖盘
10:48:39,33.37,0.0,17,56729,卖盘
10:48:42,33.38,0.01,381,1271415,卖盘
10:48:45,33.37,-0.01,129,432117,卖盘
10:48:48,33.33,-0.04,86,285093,卖盘
10:48:51,33.38,0.05,33,110149,买盘
10:48:54,33.38,0.0,40,133466,买盘
10:48:57,33.38,0.0,2,6676,买盘
10:49:03,33.38,0.0,29,96792,买盘
10:49:06,33.38,0.0,15,50071,卖盘
10:49:08,33.38,0.0,5,16691,卖盘
10:49:12,33.4,0.02,125,417491,买盘
10:49:15,33.4,0.0,129,430862,卖盘
10:49:18,33.38,-0.02,22,73459,卖盘
10:49:21,33.39,0.01,19,63465,中性盘
10:49:24,33.4,0.01,32,106860,买盘
10:49:27,33.41,0.01,19,63467,买盘
10:49:30,33.4,-0.01,88,293953,中性盘
10:49:33,33.41,0.01,17,56797,买盘
10:49:36,33.4,-0.01,14,46762,卖盘
10:49:42,33.39,-0.01,288,961803,卖盘
10:49:48,33.39,0.0,12,40068,买盘
10:49:51,33.39,0.0,22,73458,买盘
10:49:57,33.39,0.0,87,290521,买盘
10:50:00,33.4,0.01,8,26713,买盘
10:50:03,33.4,0.0,112,374080,买盘
10:50:09,33.4,0.0,6,20040,卖盘
10:50:12,33.41,0.01,217,724983,买盘
10:50:15,33.41,0.0,56,187057,买盘
10:50:18,33.4,-0.01,19,63461,卖盘
10:50:21,33.4,0.0,162,541219,卖盘
10:50:23,33.4,0.0,20,66801,卖盘
10:50:27,33.4,0.0,47,156938,买盘
10:50:30,33.35,-0.05,407,1357983,卖盘
10:50:33,33.35,0.0,488,1627492,卖盘
10:50:36,33.42,0.07,323,1078311,买盘
10:50:39,33.42,0.0,15,50095,买盘
10:50:42,33.35,-0.07,446,1487461,卖盘
10:50:45,33.35,0.0,51,170130,卖盘
10:50:47,33.36,0.01,4,13347,卖盘
10:50:50,33.37,0.01,3,10011,卖盘
10:50:53,33.37,0.0,2,6674,卖盘
10:50:56,33.37,0.0,4,13348,卖盘
10:51:00,33.35,-0.02,6,20014,卖盘
10:51:03,33.36,0.01,15,50040,买盘
10:51:06,33.37,0.01,11,36704,买盘
10:51:08,33.37,0.0,114,380350,卖盘
10:51:12,33.37,0.0,68,226866,卖盘
10:51:15,33.37,0.0,30,100116,卖盘
10:51:18,33.39,0.02,16,53424,买盘
10:51:21,33.39,0.0,26,86805,卖盘
10:51:24,33.37,-0.02,19,63415,卖盘
10:51:27,33.4,0.03,14,46754,买盘
10:51:30,33.39,-0.01,24,80136,卖盘
10:51:33,33.39,0.0,11,36729,卖盘
10:51:35,33.39,0.0,107,357266,买盘
10:51:38,33.37,-0.02,22,73431,卖盘
10:51:41,33.37,0.0,421,1404952,卖盘
10:51:45,33.38,0.01,29,96781,买盘
10:51:48,33.37,-0.01,57,190209,卖盘
10:51:51,33.38,0.01,3,10012,买盘
10:51:53,33.36,-0.02,150,499961,卖盘
10:51:56,33.37,0.01,39,130141,买盘
10:52:00,33.37,0.0,11,36707,卖盘
10:52:02,33.38,0.01,42,140168,买盘
10:52:06,33.36,-0.02,169,564475,卖盘
10:52:08,33.38,0.02,37,123444,买盘
10:52:12,33.38,0.0,122,406759,买盘
10:52:15,33.36,-0.02,208,694583,卖盘
10:52:18,33.36,0.0,5,16680,卖盘
10:52:21,33.37,0.01,9,30027,买盘
10:52:24,33.36,-0.01,13,43368,卖盘
10:52:27,33.36,0.0,36,120096,卖盘
10:52:30,33.36,0.0,1,3336,买盘
10:52:32,33.35,-0.01,4,13341,卖盘
10:52:36,33.35,0.0,3,10005,卖盘
10:52:39,33.35,0.0,10,33350,卖盘
10:52:42,33.34,-0.01,125,416834,卖盘
10:52:44,33.34,0.0,1,3334,买盘
10:52:47,33.34,0.0,13,43341,买盘
10:52:51,33.33,-0.01,124,413295,卖盘
10:52:54,33.31,-0.02,196,654722,卖盘
10:52:57,33.32,0.01,7,23321,中性盘
10:53:00,33.31,-0.01,111,369805,卖盘
10:53:03,33.3,-0.01,437,1455340,卖盘
10:53:06,33.29,-0.01,118,392945,卖盘
10:53:08,33.29,0.0,23,76567,买盘
10:53:12,33.29,0.0,140,466060,买盘
10:53:15,33.3,0.01,11,36628,买盘
10:53:17,33.29,-0.01,177,589291,卖盘
10:53:21,33.32,0.03,90,298250,买盘
10:53:24,33.32,0.0,135,448156,卖盘
10:53:27,33.32,0.0,30,99961,卖盘
10:53:30,33.32,0.0,20,69805,卖盘
10:53:33,33.32,0.0,10,33320,买盘
10:53:36,33.32,0.0,19,63306,买盘
10:53:39,33.32,0.0,59,196522,买盘
10:53:42,33.28,-0.04,120,399571,卖盘
10:53:45,33.29,0.01,13,43277,买盘
10:53:48,33.29,0.0,3,9987,买盘
10:53:51,33.28,-0.01,3,9984,卖盘
10:53:54,33.28,0.0,7,23298,卖盘
10:53:57,33.28,0.0,8,26624,卖盘
10:54:00,33.28,0.0,68,226310,卖盘
10:54:03,33.29,0.01,152,505900,买盘
10:54:06,33.28,-0.01,12,39937,卖盘
10:54:09,33.28,0.0,51,169729,卖盘
10:54:12,33.29,0.01,232,769158,买盘
10:54:14,33.28,-0.01,316,1054400,卖盘
10:54:18,33.26,-0.02,64,209790,卖盘
10:54:21,33.28,0.02,61,202961,中性盘
10:54:24,33.29,0.01,9,29958,买盘
10:54:27,33.29,0.0,43,143081,买盘
10:54:30,33.29,0.0,73,242879,买盘
10:54:33,33.29,0.0,110,365903,买盘
10:54:36,33.28,-0.01,36,119832,中性盘
10:54:38,33.27,-0.01,55,183005,卖盘
10:54:42,33.26,-0.01,111,369303,卖盘
10:54:45,33.26,0.0,60,199560,买盘
10:54:48,33.26,0.0,357,1187382,买盘
10:54:51,33.29,0.03,38,126480,买盘
10:54:53,33.29,0.0,650,2162429,买盘
10:54:57,33.3,0.01,32,106536,买盘
10:54:59,33.3,0.0,86,286356,卖盘
10:55:03,33.31,0.01,20,66608,买盘
10:55:06,33.29,-0.02,122,406258,卖盘
10:55:09,33.3,0.01,26,86601,买盘
10:55:12,33.29,-0.01,82,273002,卖盘
10:55:15,33.3,0.01,10,33307,卖盘
10:55:18,33.3,0.0,315,1048950,卖盘
10:55:20,33.31,0.01,29,96576,买盘
10:55:24,33.31,0.0,4,13325,卖盘
10:55:27,33.31,0.0,122,406382,卖盘
10:55:29,33.31,0.0,120,399659,卖盘
10:55:33,33.32,0.01,18,59946,买盘
10:55:36,33.32,0.0,15,49977,买盘
10:55:39,33.32,0.0,2,6664,买盘
10:55:42,33.29,-0.03,203,675933,卖盘
10:55:44,33.29,0.0,42,139818,买盘
10:55:54,33.28,-0.01,53,176348,卖盘
10:55:57,33.28,0.0,16,53248,买盘
10:56:00,33.28,0.0,25,83200,买盘
10:56:03,33.28,0.0,41,136450,买盘
10:56:06,33.29,0.01,10,33290,买盘
10:56:09,33.28,-0.01,24,79879,卖盘
10:56:12,33.29,0.01,157,522653,买盘
10:56:15,33.29,0.0,43,143148,卖盘
10:56:18,33.29,0.0,38,126504,卖盘
10:56:21,33.29,0.0,18,59924,卖盘
10:56:24,33.3,0.01,5,16648,买盘
10:56:27,33.29,-0.01,173,575920,卖盘
10:56:29,33.29,0.0,35,116525,卖盘
10:56:33,33.29,0.0,16,53275,卖盘
10:56:36,33.29,0.0,55,183146,卖盘
10:56:39,33.3,0.01,55,183132,买盘
10:56:42,33.28,-0.02,376,1251447,卖盘
10:56:45,33.29,0.01,1,3329,中性盘
10:56:48,33.28,-0.01,25,83222,卖盘
10:56:51,33.29,0.01,9,29961,买盘
10:56:54,33.3,0.01,3,9988,买盘
10:56:57,33.29,-0.01,379,1260334,卖盘
10:56:59,33.28,-0.01,19,63246,中性盘
10:57:03,33.29,0.01,9,29954,买盘
10:57:09,33.28,-0.01,110,366113,卖盘
10:57:12,33.3,0.02,267,889110,买盘
10:57:15,33.3,0.0,2,6660,卖盘
10:57:18,33.3,0.0,23,76612,卖盘
10:57:21,33.32,0.02,24,79926,买盘
10:57:24,33.32,0.0,54,179928,买盘
10:57:27,33.3,-0.02,19,63271,卖盘
10:57:30,33.32,0.02,12,39984,买盘
10:57:33,33.32,0.0,13,43299,买盘
10:57:35,33.3,-0.02,4,13320,卖盘
10:57:39,33.32,0.02,10,33310,买盘
10:57:42,33.32,0.0,394,1312166,买盘
10:57:45,33.31,-0.01,5,16657,卖盘
10:57:51,33.33,0.02,1,3333,买盘
10:57:54,33.32,-0.01,67,223290,卖盘
10:58:00,33.31,-0.01,109,363169,卖盘
10:58:03,33.32,0.01,131,436620,卖盘
10:58:06,33.32,0.0,33,109966,卖盘
10:58:09,33.31,-0.01,45,149955,卖盘
10:58:12,33.33,0.02,210,699930,买盘
10:58:15,33.34,0.01,101,336556,买盘
10:58:17,33.33,-0.01,1,3333,卖盘
10:58:24,33.31,-0.02,127,423171,卖盘
10:58:27,33.34,0.03,1,3334,买盘
10:58:30,33.33,-0.01,1,3333,买盘
10:58:33,33.32,-0.01,9,29988,卖盘
10:58:36,33.32,0.0,66,219933,卖盘
10:58:39,33.32,0.0,67,223248,卖盘
10:58:41,33.3,-0.02,225,749633,卖盘
10:58:45,33.31,0.01,104,346424,买盘
10:58:48,33.31,0.0,54,179874,买盘
10:58:51,33.31,0.0,95,316426,卖盘
10:58:54,33.32,0.01,4,13326,买盘
10:58:57,33.32,0.0,88,293130,买盘
10:59:00,33.31,-0.01,1,3331,卖盘
10:59:02,33.33,0.02,116,386513,买盘
10:59:06,33.32,-0.01,7,23324,卖盘
10:59:09,33.33,0.01,4,13329,买盘
10:59:12,33.33,0.0,90,299911,买盘
10:59:14,33.33,0.0,227,756591,卖盘
10:59:18,33.33,0.0,4,13332,卖盘
10:59:20,33.33,0.0,3,10001,中性盘
10:59:24,33.34,0.01,2,6668,买盘
10:59:29,33.34,0.0,3,10000,买盘
10:59:33,33.34,0.0,21,70014,买盘
10:59:36,33.34,0.0,9,30006,买盘
10:59:39,33.34,0.0,31,103343,买盘
10:59:42,33.32,-0.02,108,359914,卖盘
10:59:45,33.32,0.0,104,346528,买盘
10:59:48,33.32,0.0,19,63308,买盘
10:59:51,33.32,0.0,24,79966,买盘
10:59:54,33.32,0.0,60,199870,买盘
10:59:57,33.31,-0.01,3,9993,中性盘
11:00:00,33.31,0.0,7,23317,买盘
11:00:03,33.32,0.01,4,13325,买盘
11:00:06,33.31,-0.01,12,39972,卖盘
11:00:09,33.31,0.0,30,99930,卖盘
11:00:12,33.32,0.01,272,906185,买盘
11:00:14,33.31,-0.01,61,203240,卖盘
11:00:17,33.31,0.0,39,129917,卖盘
11:00:21,33.31,0.0,33,109943,卖盘
11:00:24,33.31,0.0,27,89937,卖盘
11:00:27,33.31,0.0,41,136586,卖盘
11:00:30,33.31,0.0,94,313135,卖盘
11:00:33,33.33,0.02,2,6664,买盘
11:00:35,33.33,0.0,5,16661,买盘
11:00:42,33.3,-0.03,250,832611,卖盘
11:00:44,33.29,-0.01,39,129858,卖盘
11:00:48,33.29,0.0,21,69909,卖盘
11:00:51,33.3,0.01,95,316350,买盘
11:00:53,33.29,-0.01,28,93212,卖盘
11:00:57,33.29,0.0,2,6658,买盘
11:01:00,33.29,0.0,2,6658,买盘
11:01:03,33.29,0.0,113,376177,买盘
11:01:09,33.29,0.0,3,9988,卖盘
11:01:12,33.3,0.01,45,149848,买盘
11:01:14,33.32,0.02,3,9994,买盘
11:01:18,33.3,-0.02,13,43292,卖盘
11:01:21,33.32,0.02,2,6664,中性盘
11:01:24,33.33,0.01,42,139982,买盘
11:01:27,33.33,0.0,24,79992,买盘
11:01:30,33.33,0.0,4,13332,卖盘
11:01:33,33.33,0.0,5,16665,卖盘
11:01:36,33.34,0.01,1,3334,买盘
11:01:39,33.34,0.0,2,6668,买盘
11:01:42,33.32,-0.02,108,359943,卖盘
11:01:45,33.32,0.0,2,6664,买盘
11:01:48,33.32,0.0,30,99960,买盘
11:01:54,33.31,-0.01,5,16657,卖盘
11:01:57,33.32,0.01,3,9995,买盘
11:01:59,33.31,-0.01,2,6662,卖盘
11:02:03,33.32,0.01,189,629721,买盘
11:02:06,33.32,0.0,5,16660,买盘
11:02:09,33.32,0.0,10,33320,买盘
11:02:11,33.32,0.0,220,732920,买盘
11:02:14,33.3,-0.02,152,506313,卖盘
11:02:17,33.32,0.02,5,16660,买盘
11:02:24,33.3,-0.02,36,119880,卖盘
11:02:26,33.3,0.0,68,226440,买盘
11:02:30,33.29,-0.01,100,332968,卖盘
11:02:32,33.3,0.01,5,16650,买盘
11:02:36,33.31,0.01,61,203134,买盘
11:02:38,33.3,-0.01,10,33300,卖盘
11:02:42,33.31,0.01,126,419674,买盘
11:02:44,33.29,-0.02,156,519368,卖盘
11:02:47,33.29,0.0,7,23303,买盘
11:02:51,33.29,0.0,18,59922,买盘
11:02:54,33.29,0.0,1,3329,买盘
11:02:57,33.29,0.0,2,6658,买盘
11:03:00,33.28,-0.01,151,502529,卖盘
11:03:02,33.28,0.0,181,602508,卖盘
11:03:06,33.28,0.0,22,73216,卖盘
11:03:09,33.29,0.01,3,9985,买盘
11:03:12,33.29,0.0,128,426104,买盘
11:03:15,33.3,0.01,14,46620,买盘
11:03:18,33.3,0.0,122,406259,买盘
11:03:20,33.31,0.01,74,246457,买盘
11:03:24,33.3,-0.01,9,29972,卖盘
11:03:27,33.3,0.0,17,56610,卖盘
11:03:30,33.3,0.0,29,96591,卖盘
11:03:32,33.31,0.01,46,153197,买盘
11:03:36,33.3,-0.01,7,23315,卖盘
11:03:38,33.3,0.0,53,176542,卖盘
11:03:42,33.31,0.01,34,113252,买盘
11:03:44,33.31,0.0,103,343038,卖盘
11:03:48,33.29,-0.02,359,1195399,卖盘
11:03:51,33.29,0.0,18,59926,买盘
11:03:54,33.31,0.02,2,6662,中性盘
11:03:57,33.31,0.0,5,16657,卖盘
11:04:03,33.32,0.01,51,169926,买盘
11:04:06,33.33,0.01,20,66642,买盘
11:04:09,33.32,-0.01,15,49980,卖盘
11:04:12,33.33,0.01,187,623271,买盘
11:04:15,33.33,0.0,41,136653,卖盘
11:04:18,33.34,0.01,5,16666,买盘
11:04:24,33.34,0.0,2,6667,买盘
11:04:27,33.34,0.0,10,33338,买盘
11:04:30,33.34,0.0,16,53344,买盘
11:04:33,33.34,0.0,34,113338,买盘
11:04:38,33.33,-0.01,5,16667,卖盘
11:04:42,33.32,-0.01,337,1123123,卖盘
11:04:48,33.31,-0.01,4,13326,卖盘
11:04:50,33.32,0.01,26,86632,买盘
11:04:53,33.31,-0.01,23,76614,卖盘
11:04:56,33.32,0.01,13,43316,买盘
11:05:00,33.31,-0.01,7,23322,卖盘
11:05:02,33.33,0.02,182,606313,买盘
11:05:06,33.32,-0.01,16,53314,卖盘
11:05:09,33.33,0.01,1,3333,买盘
11:05:11,33.33,0.0,43,143317,买盘
11:05:15,33.33,0.0,14,46662,卖盘
11:05:18,33.33,0.0,114,379963,卖盘
11:05:21,33.33,0.0,42,139986,卖盘
11:05:24,33.34,0.01,79,263342,买盘
11:05:27,33.34,0.0,16,53344,买盘
11:05:30,33.34,0.0,9,30000,买盘
11:05:33,33.34,0.0,4,13334,买盘
11:05:35,33.33,-0.01,10,33333,卖盘
11:05:41,33.32,-0.01,243,809779,卖盘
11:05:45,33.32,0.0,19,63308,买盘
11:05:47,33.32,0.0,4,13328,买盘
11:05:51,33.3,-0.02,100,333004,卖盘
11:05:53,33.3,0.0,1,3330,买盘
11:05:57,33.3,0.0,4,13318,买盘
11:06:00,33.3,0.0,2,6660,买盘
11:06:03,33.3,0.0,131,436230,买盘
11:06:06,33.3,0.0,12,39958,买盘
11:06:09,33.3,0.0,7,23310,中性盘
11:06:11,33.3,0.0,34,113189,中性盘
11:06:15,33.3,0.0,37,123212,买盘
11:06:18,33.3,0.0,2,6660,卖盘
11:06:21,33.3,0.0,13,43290,卖盘
11:06:24,33.3,0.0,6,19981,卖盘
11:06:27,33.3,0.0,7,23313,卖盘
11:06:30,33.31,0.01,1,3331,买盘
11:06:33,33.31,0.0,216,719294,买盘
11:06:36,33.31,0.0,2,6662,买盘
11:06:39,33.31,0.0,6,19984,买盘
11:06:42,33.29,-0.02,412,1371554,卖盘
11:06:45,33.29,0.0,31,103198,买盘
11:06:48,33.28,-0.01,35,116482,卖盘
11:06:51,33.28,0.0,3,9985,卖盘
11:06:54,33.28,0.0,99,329557,卖盘
11:06:57,33.28,0.0,40,133077,买盘
11:07:00,33.27,-0.01,14,46579,卖盘
11:07:03,33.28,0.01,218,725502,买盘
11:07:06,33.28,0.0,101,336128,买盘
11:07:08,33.28,0.0,36,119807,卖盘
11:07:12,33.29,0.01,19,63239,买盘
11:07:15,33.3,0.01,219,729073,买盘
11:07:18,33.31,0.01,27,89929,买盘
11:07:21,33.32,0.01,127,423150,买盘
11:07:24,33.35,0.03,178,593469,买盘
11:07:27,33.35,0.0,175,583462,买盘
11:07:30,33.35,0.0,130,433548,买盘
11:07:33,33.35,0.0,154,513579,买盘
11:07:36,33.35,0.0,137,456887,买盘
11:07:39,33.37,0.02,57,190160,买盘
11:07:42,33.33,-0.04,209,696887,卖盘
11:07:45,33.33,0.0,64,213311,买盘
11:07:48,33.33,0.0,28,93324,买盘
11:07:50,33.33,0.0,47,156651,买盘
11:07:54,33.33,0.0,5,16664,买盘
11:07:57,33.34,0.01,64,213314,买盘
11:07:59,33.34,0.0,47,156663,买盘
11:08:03,33.33,-0.01,6,19998,卖盘
11:08:06,33.34,0.01,10,33340,买盘
11:08:09,33.34,0.0,10,33338,买盘
11:08:12,33.34,0.0,14,46676,买盘
11:08:15,33.36,0.02,56,186747,买盘
11:08:18,33.34,-0.02,35,116757,卖盘
11:08:20,33.34,0.0,308,1026900,卖盘
11:08:24,33.37,0.03,2,6674,买盘
11:08:27,33.35,-0.02,5,16675,卖盘
11:08:29,33.37,0.02,5,16681,买盘
11:08:33,33.37,0.0,1,3337,买盘
11:08:38,33.36,-0.01,18,60060,卖盘
11:08:42,33.34,-0.02,269,897110,卖盘
11:08:44,33.33,-0.01,4,13334,卖盘
11:08:51,33.34,0.01,329,1096584,买盘
11:08:54,33.34,0.0,11,36674,买盘
11:08:59,33.34,0.0,2,6668,买盘
11:09:03,33.34,0.0,96,320062,买盘
11:09:06,33.33,-0.01,172,573350,卖盘
11:09:09,33.32,-0.01,203,677197,卖盘
11:09:11,33.35,0.03,9,30021,中性盘
11:09:14,33.37,0.02,121,403777,买盘
11:09:18,33.37,0.0,25,83426,卖盘
11:09:21,33.38,0.01,162,540618,买盘
11:09:24,33.37,-0.01,3,10011,卖盘
11:09:27,33.37,0.0,65,216905,卖盘
11:09:30,33.37,0.0,11,36705,买盘
11:09:36,33.36,-0.01,2,6672,中性盘
11:09:42,33.34,-0.02,274,913703,卖盘
11:09:45,33.33,-0.01,37,123356,卖盘
11:09:48,33.34,0.01,11,36674,买盘
11:09:50,33.34,0.0,44,146689,买盘
11:09:54,33.33,-0.01,1,3333,卖盘
11:09:57,33.36,0.03,26,86699,买盘
11:10:00,33.34,-0.02,21,70032,卖盘
11:10:03,33.38,0.04,56,186870,买盘
11:10:05,33.35,-0.03,76,253609,卖盘
11:10:09,33.35,0.0,2,6670,卖盘
11:10:12,33.36,0.01,51,170135,买盘
11:10:15,33.37,0.01,118,393681,买盘
11:10:18,33.34,-0.03,204,680475,卖盘
11:10:21,33.36,0.02,2,6673,中性盘
11:10:27,33.37,0.01,1,3337,买盘
11:10:29,33.36,-0.01,5,16681,卖盘
11:10:32,33.37,0.01,109,363732,买盘
11:10:38,33.38,0.01,2,6676,买盘
11:10:42,33.36,-0.02,152,507160,卖盘
11:10:45,33.36,0.0,5,16680,买盘
11:10:48,33.36,0.0,61,203496,买盘
11:10:50,33.36,0.0,31,103416,买盘
11:10:53,33.35,-0.01,5,16676,卖盘
11:10:57,33.36,0.01,196,653756,买盘
11:10:59,33.36,0.0,57,190127,买盘
11:11:03,33.37,0.01,55,183492,买盘
11:11:06,33.36,-0.01,38,126783,卖盘
11:11:09,33.38,0.02,1,3338,买盘
11:11:12,33.37,-0.01,2,6674,卖盘
11:11:15,33.38,0.01,31,103478,买盘
11:11:18,33.39,0.01,75,250351,买盘
11:11:21,33.39,0.0,2,6678,买盘
11:11:24,33.38,-0.01,20,66770,卖盘
11:11:27,33.39,0.01,37,123536,买盘
11:11:30,33.39,0.0,2,6678,买盘
11:11:33,33.38,-0.01,6,20028,卖盘
11:11:36,33.38,0.0,2,6676,卖盘
11:11:39,33.39,0.01,64,213694,买盘
11:11:42,33.37,-0.02,255,851146,卖盘
11:11:44,33.37,0.0,44,146828,买盘
11:11:48,33.37,0.0,7,23355,买盘
11:11:51,33.37,0.0,78,260286,买盘
11:11:54,33.38,0.01,7,23362,买盘
11:12:00,33.38,0.0,6,20029,卖盘
11:12:03,33.38,0.0,128,427389,卖盘
11:12:06,33.36,-0.02,96,320361,卖盘
11:12:08,33.35,-0.01,3,10007,卖盘
11:12:12,33.36,0.01,23,76728,买盘
11:12:14,33.36,0.0,117,390312,买盘
11:12:18,33.36,0.0,314,1047264,卖盘
11:12:21,33.37,0.01,16,53377,买盘
11:12:24,33.37,0.0,8,26696,买盘
11:12:29,33.37,0.0,6,20022,买盘
11:12:33,33.36,-0.01,29,96746,卖盘
11:12:36,33.37,0.01,1,3337,买盘
11:12:39,33.37,0.0,5,16685,买盘
11:12:42,33.35,-0.02,313,1044024,卖盘
11:12:45,33.35,0.0,23,76705,买盘
11:12:48,33.34,-0.01,3,10003,卖盘
11:12:51,33.35,0.01,29,96715,买盘
11:12:54,33.34,-0.01,4,13337,卖盘
11:12:56,33.34,0.0,5,16670,卖盘
11:12:59,33.35,0.01,5,16675,买盘
11:13:03,33.36,0.01,38,126740,买盘
11:13:06,33.35,-0.01,3,10005,卖盘
11:13:08,33.35,0.0,22,73399,卖盘
11:13:11,33.36,0.01,10,33355,中性盘
11:13:15,33.36,0.0,11,36696,买盘
11:13:18,33.36,0.0,197,657192,卖盘
11:13:20,33.36,0.0,12,40032,买盘
11:13:23,33.35,-0.01,1,3335,卖盘
11:13:27,33.35,0.0,4,13342,卖盘
11:13:33,33.35,0.0,243,810450,卖盘
11:13:36,33.35,0.0,11,36685,买盘
11:13:39,33.34,-0.01,57,190040,卖盘
11:13:42,33.32,-0.02,320,1066498,卖盘
11:13:45,33.33,0.01,87,289828,买盘
11:13:47,33.3,-0.03,93,309760,卖盘
11:13:51,33.3,0.0,1,3330,买盘
11:13:53,33.28,-0.02,27,89865,卖盘
11:13:57,33.27,-0.01,2,6654,卖盘
11:14:00,33.3,0.03,13,43290,卖盘
11:14:02,33.31,0.01,27,89940,买盘
11:14:05,33.33,0.02,2,6666,买盘
11:14:09,33.33,0.0,62,206562,买盘
11:14:12,33.31,-0.02,41,136624,卖盘
11:14:15,33.33,0.02,247,823247,买盘
11:14:18,33.32,-0.01,3,9996,卖盘
11:14:21,33.32,0.0,154,513280,卖盘
11:14:24,33.32,0.0,1,3332,卖盘
11:14:27,33.35,0.03,1,3335,买盘
11:14:29,33.35,0.0,11,36681,买盘
11:14:32,33.35,0.0,3,10001,买盘
11:14:39,33.35,0.0,1,3335,买盘
11:14:42,33.32,-0.03,204,679807,卖盘
11:14:44,33.32,0.0,140,466470,买盘
11:14:48,33.32,0.0,29,96628,买盘
11:14:51,33.32,0.0,13,43315,买盘
11:14:54,33.32,0.0,2,6664,卖盘
11:14:56,33.33,0.01,2,6666,买盘
11:15:03,33.34,0.01,49,163335,买盘
11:15:05,33.34,0.0,7,23333,买盘
11:15:08,33.34,0.0,26,86678,买盘
11:15:12,33.33,-0.01,17,56661,卖盘
11:15:15,33.34,0.01,99,330066,买盘
11:15:18,33.34,0.0,4,13337,卖盘
11:15:21,33.33,-0.01,102,340054,卖盘
11:15:24,33.33,0.0,43,143391,卖盘
11:15:27,33.34,0.01,79,263420,中性盘
11:15:29,33.34,0.0,3,10002,买盘
11:15:33,33.33,-0.01,2,6667,卖盘
11:15:36,33.33,0.0,126,419961,卖盘
11:15:39,33.32,-0.01,9,29996,卖盘
11:15:42,33.32,0.0,74,246568,卖盘
11:15:45,33.3,-0.02,4,13323,卖盘
11:15:48,33.32,0.02,32,106624,买盘
11:15:51,33.31,-0.01,2,6662,卖盘
11:15:53,33.3,-0.01,68,226475,卖盘
11:15:57,33.3,0.0,1,3330,买盘
11:15:59,33.3,0.0,47,156507,买盘
11:16:03,33.32,0.02,29,96585,买盘
11:16:06,33.32,0.0,100,333200,买盘
11:16:09,33.31,-0.01,23,76635,卖盘
11:16:12,33.32,0.01,20,66628,买盘
11:16:15,33.32,0.0,194,646408,买盘
11:16:17,33.31,-0.01,44,146568,卖盘
11:16:21,33.32,0.01,13,43316,买盘
11:16:23,33.31,-0.01,3,9993,卖盘
11:16:27,33.33,0.02,14,46649,买盘
11:16:30,33.31,-0.02,11,36653,卖盘
11:16:32,33.33,0.02,1,3333,买盘
11:16:36,33.32,-0.01,2,6664,卖盘
11:16:38,33.32,0.0,10,33324,卖盘
11:16:42,33.33,0.01,2,6666,买盘
11:16:44,33.32,-0.01,9,29990,卖盘
11:16:48,33.32,0.0,2,6664,卖盘
11:16:51,33.33,0.01,33,109987,买盘
11:16:53,33.33,0.0,23,76649,买盘
11:16:57,33.32,-0.01,6,19994,卖盘
11:17:00,33.32,0.0,4,13330,卖盘
11:17:02,33.33,0.01,158,526594,买盘
11:17:06,33.33,0.0,12,39997,卖盘
11:17:09,33.34,0.01,37,123360,买盘
11:17:12,33.34,0.0,3,10003,卖盘
11:17:14,33.35,0.01,118,393530,买盘
11:17:18,33.35,0.0,58,193399,买盘
11:17:21,33.35,0.0,6,20012,卖盘
11:17:30,33.35,0.0,11,36691,卖盘
11:17:33,33.35,0.0,2,6670,卖盘
11:17:36,33.36,0.01,1,3336,买盘
11:17:39,33.36,0.0,8,26688,买盘
11:17:42,33.36,0.0,22,73390,买盘
11:17:44,33.35,-0.01,10,33352,卖盘
11:17:48,33.36,0.01,52,173470,买盘
11:17:50,33.35,-0.01,31,103413,卖盘
11:17:54,33.35,0.0,205,683677,卖盘
11:17:57,33.36,0.01,5,16678,买盘
11:17:59,33.36,0.0,99,330264,买盘
11:18:03,33.37,0.01,44,146803,买盘
11:18:06,33.35,-0.02,140,467004,卖盘
11:18:09,33.35,0.0,38,126728,买盘
11:18:12,33.36,0.01,28,93381,买盘
11:18:15,33.35,-0.01,230,767224,中性盘
11:18:18,33.35,0.0,3,10005,卖盘
11:18:21,33.34,-0.01,107,356783,卖盘
11:18:24,33.33,-0.01,100,333305,卖盘
11:18:27,33.36,0.03,23,76708,买盘
11:18:30,33.35,-0.01,107,356659,中性盘
11:18:33,33.34,-0.01,2,6669,卖盘
11:18:36,33.35,0.01,5,16675,买盘
11:18:39,33.32,-0.03,102,339865,卖盘
11:18:45,33.34,0.02,3,10000,买盘
11:18:48,33.34,0.0,7,23336,买盘
11:18:51,33.33,-0.01,35,116682,卖盘
11:18:57,33.32,-0.01,91,303213,卖盘
11:18:59,33.31,-0.01,4,13325,卖盘
11:19:03,33.33,0.02,150,499910,买盘
11:19:06,33.32,-0.01,6,19994,卖盘
11:19:09,33.33,0.01,29,96655,买盘
11:19:11,33.32,-0.01,2,6664,卖盘
11:19:15,33.33,0.01,159,529947,买盘
11:19:18,33.32,-0.01,72,239973,卖盘
11:19:21,33.33,0.01,1,3333,买盘
11:19:24,33.33,0.0,4,13330,买盘
11:19:29,33.32,-0.01,63,209923,卖盘
11:19:33,33.31,-0.01,3,9994,卖盘
11:19:42,33.31,0.0,4,13326,卖盘
11:19:44,33.31,0.0,6,19990,卖盘
11:19:50,33.32,0.01,73,243226,买盘
11:19:54,33.28,-0.04,134,446248,卖盘
11:19:57,33.31,0.03,47,158323,卖盘
11:20:00,33.32,0.01,2,4897,买盘
11:20:03,33.32,0.0,191,637960,卖盘
11:20:06,33.29,-0.03,6,18219,卖盘
11:20:09,33.31,0.02,40,133197,买盘
11:20:12,33.31,0.0,11,36635,买盘
11:20:15,33.31,0.0,60,201611,买盘
11:20:18,33.31,0.0,139,461231,卖盘
11:20:21,33.3,-0.01,22,73261,卖盘
11:20:24,33.3,0.0,27,89887,买盘
11:20:27,33.29,-0.01,2,6658,卖盘
11:20:30,33.3,0.01,5,16648,买盘
11:20:36,33.29,-0.01,6,19978,卖盘
11:20:39,33.29,0.0,24,79918,卖盘
11:20:42,33.29,0.0,11,36620,卖盘
11:20:45,33.29,0.0,19,63265,卖盘
11:20:47,33.29,0.0,32,106532,卖盘
11:20:50,33.3,0.01,44,146498,买盘
11:20:54,33.31,0.01,27,89937,买盘
11:21:00,33.31,0.0,28,93244,买盘
11:21:02,33.31,0.0,93,309785,买盘
11:21:09,33.31,0.0,53,176563,卖盘
11:21:11,33.31,0.0,27,89938,卖盘
11:21:15,33.32,0.01,155,516436,买盘
11:21:18,33.32,0.0,36,119930,买盘
11:21:20,33.32,0.0,16,53306,买盘
11:21:24,33.32,0.0,111,369814,买盘
11:21:26,33.33,0.01,43,143318,买盘
11:21:30,33.34,0.01,223,743328,买盘
11:21:33,33.33,-0.01,42,140024,卖盘
11:21:36,33.35,0.02,41,136727,买盘
11:21:39,33.35,0.0,192,640175,买盘
11:21:42,33.36,0.01,29,96714,买盘
11:21:45,33.36,0.0,32,106750,买盘
11:21:48,33.36,0.0,10,33355,买盘
11:21:51,33.36,0.0,6,20016,买盘
11:21:54,33.36,0.0,43,143446,买盘
11:21:56,33.36,0.0,7,23352,卖盘
11:22:00,33.37,0.01,1,3337,买盘
11:22:03,33.37,0.0,97,323687,买盘
11:22:06,33.37,0.0,2,6674,卖盘
11:22:09,33.38,0.01,24,80109,买盘
11:22:12,33.37,-0.01,14,46719,卖盘
11:22:15,33.37,0.0,263,877879,卖盘
11:22:18,33.37,0.0,4,13348,卖盘
11:22:21,33.37,0.0,3,10013,卖盘
11:22:24,33.37,0.0,88,293658,卖盘
11:22:27,33.37,0.0,44,146845,卖盘
11:22:29,33.37,0.0,15,50055,卖盘
11:22:33,33.38,0.01,91,303753,买盘
11:22:36,33.37,-0.01,18,60066,卖盘
11:22:38,33.37,0.0,19,63403,卖盘
11:22:42,33.37,0.0,5,16688,卖盘
11:22:45,33.37,0.0,46,153523,卖盘
11:22:48,33.38,0.01,6,20028,买盘
11:22:51,33.38,0.0,17,56738,买盘
11:22:53,33.37,-0.01,16,53395,卖盘
11:22:57,33.37,0.0,39,130200,卖盘
11:23:00,33.38,0.01,8,26704,中性盘
11:23:03,33.39,0.01,42,140238,买盘
11:23:06,33.39,0.0,53,176967,卖盘
11:23:09,33.39,0.0,22,73479,卖盘
11:23:12,33.39,0.0,3,10017,卖盘
11:23:15,33.4,0.01,195,651276,买盘
11:23:18,33.39,-0.01,7,23378,卖盘
11:23:21,33.39,0.0,6,20035,卖盘
11:23:24,33.4,0.01,292,975278,买盘
11:23:27,33.41,0.01,82,273914,买盘
11:23:30,33.39,-0.02,466,1556291,卖盘
11:23:32,33.39,0.0,35,116865,买盘
11:23:36,33.38,-0.01,6,20029,卖盘
11:23:39,33.38,0.0,11,36718,卖盘
11:23:42,33.37,-0.01,90,300363,卖盘
11:23:45,33.37,0.0,5,16688,卖盘
11:23:48,33.37,0.0,34,113458,卖盘
11:23:50,33.37,0.0,58,193546,卖盘
11:23:54,33.36,-0.01,46,153518,卖盘
11:23:57,33.38,0.02,32,106799,买盘
11:24:00,33.36,-0.02,21,70056,卖盘
11:24:03,33.35,-0.01,147,490500,卖盘
11:24:06,33.37,0.02,23,76733,买盘
11:24:09,33.37,0.0,17,56717,买盘
11:24:11,33.37,0.0,6,20017,买盘
11:24:15,33.38,0.01,142,473812,买盘
11:24:18,33.37,-0.01,2,6674,卖盘
11:24:21,33.38,0.01,98,327068,买盘
11:24:24,33.38,0.0,13,43393,买盘
11:24:27,33.38,0.0,45,150195,卖盘
11:24:29,33.37,-0.01,226,754179,卖盘
11:24:32,33.37,0.0,44,146826,买盘
11:24:36,33.37,0.0,24,80110,买盘
11:24:39,33.37,0.0,3,10010,中性盘
11:24:41,33.36,-0.01,49,163488,卖盘
11:24:48,33.35,-0.01,117,390291,卖盘
11:24:51,33.36,0.01,45,150079,买盘
11:24:54,33.35,-0.01,2,6670,卖盘
11:24:57,33.36,0.01,29,96720,买盘
11:25:03,33.35,-0.01,57,190093,买盘
11:25:06,33.35,0.0,15,50025,卖盘
11:25:09,33.36,0.01,42,140091,买盘
11:25:12,33.35,-0.01,68,226842,卖盘
11:25:15,33.36,0.01,112,373632,中性盘
11:25:18,33.36,0.0,21,70076,卖盘
11:25:21,33.37,0.01,44,146811,买盘
11:25:24,33.37,0.0,71,236986,卖盘
11:25:27,33.38,0.01,29,96775,买盘
11:25:30,33.37,-0.01,40,133481,卖盘
11:25:34,33.37,0.0,16,53392,卖盘
11:25:36,33.37,0.0,1,3337,买盘
11:25:39,33.36,-0.01,129,430366,卖盘
11:25:42,33.36,0.0,6,20021,卖盘
11:25:45,33.36,0.0,35,116790,卖盘
11:25:49,33.36,0.0,2,6672,卖盘
11:25:51,33.36,0.0,59,196825,卖盘
11:25:54,33.36,0.0,16,53381,卖盘
11:25:57,33.36,0.0,33,110088,卖盘
11:25:59,33.35,-0.01,68,226864,卖盘
11:26:04,33.37,0.02,152,507165,买盘
11:26:06,33.36,-0.01,10,33360,买盘
11:26:09,33.37,0.01,22,73400,买盘
11:26:12,33.35,-0.02,63,210111,卖盘
11:26:15,33.35,0.0,218,727053,买盘
11:26:19,33.34,-0.01,11,36683,卖盘
11:26:21,33.34,0.0,53,176703,卖盘
11:26:24,33.35,0.01,7,23342,买盘
11:26:27,33.34,-0.01,43,143362,卖盘
11:26:30,33.32,-0.02,100,333286,卖盘
11:26:33,33.32,0.0,47,156614,卖盘
11:26:36,33.32,0.0,53,176600,卖盘
11:26:39,33.3,-0.02,162,539634,卖盘
11:26:42,33.34,0.04,2,6668,买盘
11:26:45,33.3,-0.04,9,29970,卖盘
11:26:47,33.3,0.0,1,3330,买盘
11:26:50,33.29,-0.01,6,19978,卖盘
11:26:54,33.29,0.0,14,46618,卖盘
11:26:57,33.29,0.0,5,16647,卖盘
11:27:00,33.29,0.0,49,163155,卖盘
11:27:02,33.29,0.0,155,516109,卖盘
11:27:06,33.3,0.01,42,139842,买盘
11:27:12,33.3,0.0,15,49939,买盘
11:27:15,33.3,0.0,168,559438,买盘
11:27:19,33.29,-0.01,57,189791,卖盘
11:27:20,33.3,0.01,21,69938,卖盘
11:27:24,33.31,0.01,5,16651,买盘
11:27:27,33.29,-0.02,16,53279,卖盘
11:27:30,33.3,0.01,35,116550,买盘
11:27:34,33.3,0.0,54,179854,卖盘
11:27:36,33.31,0.01,77,256439,卖盘
11:27:39,33.3,-0.01,2,6661,卖盘
11:27:42,33.32,0.02,3,9993,买盘
11:27:45,33.31,-0.01,65,216458,买盘
11:27:47,33.3,-0.01,19,63270,卖盘
11:27:51,33.3,0.0,23,76590,卖盘
11:27:54,33.31,0.01,11,36631,买盘
11:27:56,33.3,-0.01,20,66604,卖盘
11:28:00,33.3,0.0,36,119913,卖盘
11:28:03,33.3,0.0,201,669436,卖盘
11:28:06,33.3,0.0,52,173109,买盘
11:28:09,33.3,0.0,122,406151,买盘
11:28:12,33.29,-0.01,44,146479,中性盘
11:28:15,33.3,0.01,195,649341,买盘
11:28:19,33.3,0.0,33,109858,买盘
11:28:20,33.3,0.0,54,179785,买盘
11:28:24,33.29,-0.01,7,23305,卖盘
11:28:27,33.3,0.01,80,266355,买盘
11:28:30,33.29,-0.01,13,43282,卖盘
11:28:32,33.29,0.0,13,43277,卖盘
11:28:36,33.3,0.01,73,243021,买盘
11:28:39,33.3,0.0,70,233099,买盘
11:28:42,33.3,0.0,63,209765,买盘
11:28:45,33.31,0.01,23,76610,买盘
11:28:49,33.3,-0.01,75,249754,卖盘
11:28:52,33.3,0.0,14,46620,买盘
11:28:54,33.29,-0.01,23,76572,卖盘
11:28:56,33.29,0.0,38,126504,卖盘
11:29:00,33.3,0.01,17,56600,买盘
11:29:02,33.29,-0.01,217,722537,卖盘
11:29:06,33.29,0.0,67,223033,卖盘
11:29:09,33.3,0.01,29,96570,买盘
11:29:12,33.29,-0.01,58,193084,卖盘
11:29:15,33.29,0.0,32,106528,买盘
11:29:17,33.29,0.0,16,53264,卖盘
11:29:21,33.29,0.0,21,69913,卖盘
11:29:24,33.3,0.01,4,13320,买盘
11:29:27,33.29,-0.01,21,69910,卖盘
11:29:30,33.3,0.01,40,133197,买盘
11:29:32,33.3,0.0,30,99896,买盘
11:29:36,33.29,-0.01,13,43279,卖盘
11:29:39,33.3,0.01,32,106543,买盘
11:29:42,33.3,0.0,37,123194,买盘
11:29:45,33.3,0.0,203,675809,买盘
11:29:49,33.29,-0.01,74,246356,卖盘
11:29:52,33.28,-0.01,51,169776,卖盘
11:29:56,33.28,0.0,11,36609,卖盘
11:30:01,33.28,0.0,2,6656,买盘
13:00:01,33.26,-0.02,310,1031394,卖盘
13:00:04,33.27,0.01,809,2691370,买盘
13:00:07,33.27,0.0,71,236167,买盘
13:00:10,33.27,0.0,212,705280,买盘
13:00:13,33.25,-0.02,384,1277549,卖盘
13:00:16,33.28,0.03,311,1034929,买盘
13:00:19,33.28,0.0,19,63232,卖盘
13:00:22,33.28,0.0,26,86532,卖盘
13:00:25,33.28,0.0,40,133128,卖盘
13:00:26,33.28,0.0,1,3328,卖盘
13:00:31,33.28,0.0,1,3328,卖盘
13:00:34,33.29,0.01,77,256280,买盘
13:00:37,33.29,0.0,14,46603,买盘
13:00:40,33.28,-0.01,1,3328,卖盘
13:00:41,33.28,0.0,34,113156,卖盘
13:00:46,33.28,0.0,3,9984,卖盘
13:00:49,33.29,0.01,97,322912,买盘
13:00:50,33.3,0.01,874,2909713,买盘
13:00:55,33.3,0.0,327,1088864,买盘
13:00:58,33.3,0.0,465,1548902,卖盘
13:01:01,33.31,0.01,127,423318,中性盘
13:01:02,33.34,0.03,127,423418,买盘
13:01:07,33.35,0.01,566,1886761,买盘
13:01:10,33.35,0.0,157,522846,买盘
13:01:13,33.31,-0.04,26,86611,卖盘
13:01:16,33.31,0.0,236,785916,买盘
13:01:19,33.35,0.04,49,163369,买盘
13:01:22,33.34,-0.01,53,176743,中性盘
13:01:25,33.31,-0.03,82,273217,卖盘
13:01:28,33.31,0.0,387,1289251,卖盘
13:01:31,33.34,0.03,25,83339,买盘
13:01:34,33.33,-0.01,55,183311,中性盘
13:01:37,33.33,0.0,108,359986,买盘
13:01:40,33.31,-0.02,202,672902,卖盘
13:01:41,33.32,0.01,42,139942,中性盘
13:01:44,33.3,-0.02,74,246471,卖盘
13:01:48,33.3,0.0,10,33300,买盘
13:01:52,33.29,-0.01,2,6658,卖盘
13:01:54,33.29,0.0,92,308969,卖盘
13:01:58,33.29,0.0,54,177071,卖盘
13:02:01,33.27,-0.02,347,1154805,卖盘
13:02:04,33.28,0.01,134,446009,买盘
13:02:07,33.28,0.0,57,189706,卖盘
13:02:10,33.28,0.0,9,29945,买盘
13:02:12,33.28,0.0,5,16634,买盘
13:02:16,33.28,0.0,250,831972,买盘
13:02:19,33.29,0.01,36,119810,买盘
13:02:21,33.28,-0.01,5,16640,卖盘
13:02:25,33.28,0.0,135,449284,卖盘
13:02:28,33.28,0.0,47,156414,卖盘
13:02:31,33.29,0.01,86,286215,买盘
13:02:34,33.26,-0.03,11,36589,卖盘
13:02:36,33.27,0.01,7,23289,中性盘
13:02:40,33.27,0.0,2,6654,卖盘
13:02:43,33.26,-0.01,9,29946,卖盘
13:02:46,33.25,-0.01,41,136353,卖盘
13:02:49,33.25,0.0,5,16628,卖盘
13:02:52,33.26,0.01,11,36586,买盘
13:02:54,33.25,-0.01,7,23275,卖盘
13:02:58,33.26,0.01,140,465637,买盘
13:03:01,33.25,-0.01,27,89789,卖盘
13:03:04,33.28,0.03,92,306089,买盘
13:03:07,33.27,-0.01,43,143083,卖盘
13:03:10,33.25,-0.02,324,1077860,卖盘
13:03:12,33.28,0.03,1045,3473689,买盘
13:03:16,33.28,0.0,42,139674,买盘
13:03:19,33.28,0.0,9,29953,卖盘
13:03:21,33.28,0.0,80,266375,卖盘
13:03:25,33.28,0.0,33,109827,卖盘
13:03:28,33.28,0.0,11,36617,卖盘
13:03:31,33.28,0.0,28,93184,卖盘
13:03:32,33.28,0.0,50,166400,卖盘
13:03:37,33.29,0.01,3,9986,买盘
13:03:40,33.29,0.0,11,36613,买盘
13:03:41,33.28,-0.01,13,43268,卖盘
13:03:44,33.28,0.0,174,579073,卖盘
13:03:48,33.28,0.0,387,1287936,卖盘
13:03:52,33.27,-0.01,8,26616,中性盘
13:03:55,33.25,-0.02,3,9977,卖盘
13:03:58,33.25,0.0,12,39908,卖盘
13:04:01,33.22,-0.03,129,428918,卖盘
13:04:04,33.27,0.05,90,299430,买盘
13:04:07,33.28,0.01,23,76541,买盘
13:04:09,33.28,0.0,40,133111,买盘
13:04:12,33.27,-0.01,13,43251,卖盘
13:04:16,33.28,0.01,79,262906,买盘
13:04:19,33.28,0.0,1,3328,卖盘
13:04:21,33.28,0.0,28,93184,卖盘
13:04:25,33.28,0.0,136,452609,卖盘
13:04:27,33.28,0.0,79,262947,卖盘
13:04:34,33.28,0.0,45,149760,卖盘
13:04:37,33.29,0.01,8,26629,买盘
13:04:40,33.27,-0.02,14,46590,卖盘
13:04:43,33.28,0.01,31,103168,买盘
13:04:46,33.25,-0.03,109,362624,卖盘
13:04:48,33.25,0.0,41,136325,买盘
13:04:52,33.25,0.0,11,36569,买盘
13:04:55,33.25,0.0,35,116377,买盘
13:04:58,33.27,0.02,3,9981,买盘
13:05:01,33.25,-0.02,9,29939,卖盘
13:05:04,33.28,0.03,129,429270,买盘
13:05:07,33.27,-0.01,9,29943,买盘
13:05:10,33.27,0.0,39,129778,买盘
13:05:13,33.27,0.0,2,6654,卖盘
13:05:16,33.29,0.02,16,53264,买盘
13:05:18,33.3,0.01,186,619377,买盘
13:05:22,33.29,-0.01,64,213116,卖盘
13:05:24,33.31,0.02,84,279708,买盘
13:05:28,33.31,0.0,5,16655,买盘
13:05:30,33.31,0.0,7,23317,买盘
13:05:34,33.3,-0.01,5,16650,卖盘
13:05:36,33.31,0.01,12,39963,买盘
13:05:39,33.3,-0.01,24,79908,买盘
13:05:43,33.29,-0.01,138,459438,卖盘
13:05:46,33.3,0.01,185,615871,买盘
13:05:49,33.29,-0.01,165,549395,卖盘
13:05:52,33.27,-0.02,7,23301,卖盘
13:05:55,33.29,0.02,147,489359,买盘
13:05:58,33.29,0.0,70,233029,买盘
13:06:00,33.29,0.0,58,193084,买盘
13:06:04,33.31,0.02,197,655861,买盘
13:06:07,33.3,-0.01,24,79928,卖盘
13:06:09,33.31,0.01,133,442997,买盘
13:06:12,33.3,-0.01,145,482983,卖盘
13:06:16,33.33,0.03,264,879908,买盘
13:06:18,33.3,-0.03,214,713035,卖盘
13:06:22,33.35,0.05,462,1540313,买盘
13:06:25,33.33,-0.02,47,156648,买盘
13:06:28,33.3,-0.03,139,462909,卖盘
13:06:31,33.33,0.03,7,23328,买盘
13:06:34,33.33,0.0,117,389881,买盘
13:06:37,33.33,0.0,83,276761,卖盘
13:06:40,33.35,0.02,29,96657,买盘
13:06:43,33.33,-0.02,11,36663,买盘
13:06:46,33.3,-0.03,107,356332,卖盘
13:06:49,33.31,0.01,5,16655,中性盘
13:06:52,33.32,0.01,173,576436,买盘
13:06:55,33.32,0.0,8,26655,中性盘
13:06:58,33.32,0.0,1,3332,买盘
13:07:00,33.32,0.0,30,99938,买盘
13:07:03,33.32,0.0,112,373218,买盘
13:07:07,33.33,0.01,30,99981,中性盘
13:07:10,33.32,-0.01,3,9997,卖盘
13:07:12,33.33,0.01,257,856203,买盘
13:07:15,33.31,-0.02,51,169881,中性盘
13:07:18,33.33,0.02,4,13329,买盘
13:07:22,33.32,-0.01,6,19990,买盘
13:07:25,33.31,-0.01,1,3331,卖盘
13:07:28,33.32,0.01,318,1059266,买盘
13:07:31,33.32,0.0,4,13325,买盘
13:07:34,33.32,0.0,92,306495,买盘
13:07:37,33.32,0.0,47,156612,卖盘
13:07:40,33.31,-0.01,49,163248,卖盘
13:07:42,33.31,0.0,95,316445,买盘
13:07:46,33.3,-0.01,21,69950,卖盘
13:07:52,33.31,0.01,16,53288,买盘
13:07:55,33.3,-0.01,2,6660,卖盘
13:07:58,33.31,0.01,330,1099155,买盘
13:08:00,33.3,-0.01,18,59953,卖盘
13:08:04,33.32,0.02,121,403106,买盘
13:08:07,33.33,0.01,27,89986,买盘
13:08:09,33.32,-0.01,3,9996,卖盘
13:08:13,33.32,0.0,36,119952,卖盘
13:08:16,33.32,0.0,37,123279,买盘
13:08:19,33.33,0.01,5,16662,买盘
13:08:22,33.34,0.01,181,603275,买盘
13:08:24,33.32,-0.02,6,19992,卖盘
13:08:28,33.33,0.01,155,516462,买盘
13:08:30,33.32,-0.01,2,6664,卖盘
13:08:36,33.33,0.01,34,113290,买盘
13:08:40,33.33,0.0,58,193262,买盘
13:08:43,33.3,-0.03,193,642978,卖盘
13:08:46,33.3,0.0,11,36630,买盘
13:08:49,33.3,0.0,87,289721,买盘
13:08:52,33.31,0.01,4,13320,买盘
13:08:55,33.31,0.0,60,199859,买盘
13:08:57,33.29,-0.02,5,16645,卖盘
13:09:01,33.29,0.0,27,89890,卖盘
13:09:04,33.31,0.02,302,1005966,买盘
13:09:07,33.31,0.0,2,6662,卖盘
13:09:10,33.33,0.02,31,103312,买盘
13:09:13,33.33,0.0,21,69989,买盘
13:09:16,33.33,0.0,106,353307,买盘
13:09:18,33.33,0.0,5,16665,卖盘
13:09:22,33.34,0.01,22,73328,买盘
13:09:24,33.33,-0.01,17,56663,卖盘
13:09:30,33.34,0.01,21,69994,买盘
13:09:34,33.33,-0.01,209,696599,卖盘
13:09:37,33.33,0.0,45,149991,卖盘
13:09:39,33.33,0.0,2,6664,买盘
13:09:46,33.33,0.0,201,669537,买盘
13:09:49,33.32,-0.01,13,43304,买盘
13:09:52,33.29,-0.03,68,226485,卖盘
13:09:55,33.29,0.0,2,6658,卖盘
13:09:58,33.31,0.02,4,13325,中性盘
13:10:01,33.29,-0.02,21,69912,卖盘
13:10:03,33.31,0.02,49,163220,中性盘
13:10:07,33.32,0.01,24,79966,买盘
13:10:09,33.31,-0.01,7,23320,卖盘
13:10:12,33.31,0.0,73,243215,卖盘
13:10:16,33.32,0.01,119,396505,买盘
13:10:18,33.31,-0.01,163,543004,卖盘
13:10:21,33.31,0.0,140,466340,买盘
13:10:28,33.31,0.0,10,33310,买盘
13:10:30,33.3,-0.01,25,83247,中性盘
13:10:34,33.29,-0.01,34,113186,卖盘
13:10:37,33.29,0.0,39,129868,卖盘
13:10:40,33.3,0.01,9,29965,买盘
13:10:43,33.3,0.0,95,316243,买盘
13:10:45,33.29,-0.01,236,785706,中性盘
13:10:48,33.3,0.01,7,23304,买盘
13:10:52,33.29,-0.01,330,1098570,卖盘
13:10:55,33.29,0.0,14,46600,买盘
13:10:58,33.29,0.0,5,16645,买盘
13:11:01,33.28,-0.01,21,69889,卖盘
13:11:04,33.29,0.01,144,479374,买盘
13:11:07,33.29,0.0,151,502392,买盘
13:11:10,33.29,0.0,20,66580,买盘
13:11:15,33.28,-0.01,111,369402,买盘
13:11:19,33.29,0.01,3,9986,买盘
13:11:22,33.28,-0.01,4,13314,卖盘
13:11:25,33.29,0.01,298,992030,买盘
13:11:28,33.29,0.0,86,286294,买盘
13:11:30,33.3,0.01,4,13320,买盘
13:11:34,33.29,-0.01,32,106528,卖盘
13:11:37,33.3,0.01,4,13318,买盘
13:11:40,33.3,0.0,520,1730979,买盘
13:11:43,33.28,-0.02,2,6657,卖盘
13:11:45,33.26,-0.02,161,535784,卖盘
13:11:49,33.28,0.02,4,13312,买盘
13:11:51,33.25,-0.03,41,136329,卖盘
13:11:55,33.28,0.03,29,96429,买盘
13:11:58,33.25,-0.03,45,149643,卖盘
13:12:01,33.25,0.0,7,23275,买盘
13:12:04,33.29,0.04,590,1962036,买盘
13:12:07,33.25,-0.04,38,126385,中性盘
13:12:10,33.25,0.0,6,19948,买盘
13:12:12,33.3,0.05,524,1743500,买盘
13:12:16,33.3,0.0,18,59866,买盘
13:12:19,33.31,0.01,40,133221,买盘
13:12:22,33.31,0.0,35,116559,买盘
13:12:25,33.3,-0.01,46,153175,买盘
13:12:28,33.31,0.01,26,86604,买盘
13:12:31,33.28,-0.03,7,23311,卖盘
13:12:34,33.3,0.02,1,3330,中性盘
13:12:37,33.3,0.0,9,29962,买盘
13:12:40,33.29,-0.01,2,6658,买盘
13:12:43,33.29,0.0,4,13314,买盘
13:12:46,33.29,0.0,181,602377,买盘
13:12:49,33.28,-0.01,14,46597,卖盘
13:12:51,33.29,0.01,2,6658,买盘
13:12:54,33.29,0.0,48,159748,买盘
13:12:57,33.25,-0.04,1004,3339109,卖盘
13:13:01,33.27,0.02,10,33283,中性盘
13:13:04,33.25,-0.02,138,459287,卖盘
13:13:07,33.27,0.02,4,13308,中性盘
13:13:10,33.27,0.0,20,66540,买盘
13:13:13,33.27,0.0,66,219462,买盘
13:13:16,33.27,0.0,7,23283,买盘
13:13:19,33.27,0.0,14,46579,买盘
13:13:22,33.27,0.0,3,9981,卖盘
13:13:25,33.28,0.01,339,1127871,买盘
13:13:28,33.27,-0.01,52,173004,卖盘
13:13:34,33.27,0.0,5,16635,买盘
13:13:37,33.26,-0.01,8,26612,卖盘
13:13:40,33.27,0.01,2,6654,买盘
13:13:42,33.26,-0.01,57,189589,卖盘
13:13:46,33.25,-0.01,113,375743,卖盘
13:13:49,33.25,0.0,53,176225,买盘
13:13:51,33.22,-0.03,159,528260,卖盘
13:13:55,33.25,0.03,8,26600,买盘
13:13:58,33.25,0.0,9,29922,买盘
13:14:01,33.24,-0.01,82,272571,卖盘
13:14:04,33.24,0.0,161,535290,卖盘
13:14:07,33.25,0.01,8,26600,中性盘
13:14:10,33.24,-0.01,55,182874,卖盘
13:14:13,33.24,0.0,1,3324,买盘
13:14:15,33.24,0.0,18,59832,买盘
13:14:19,33.25,0.01,147,488633,买盘
13:14:22,33.25,0.0,293,974076,买盘
13:14:24,33.24,-0.01,13,43212,中性盘
13:14:28,33.26,0.02,34,113060,买盘
13:14:31,33.26,0.0,36,119736,买盘
13:14:34,33.26,0.0,85,282708,买盘
13:14:37,33.26,0.0,1058,3514059,买盘
13:14:39,33.25,-0.01,125,415642,中性盘
13:14:43,33.25,0.0,18,59840,买盘
13:14:46,33.2,-0.05,157,521583,卖盘
13:14:49,33.25,0.05,299,993948,买盘
13:14:51,33.2,-0.05,57,189298,卖盘
13:14:55,33.23,0.03,4,13293,买盘
13:14:57,33.24,0.01,8,26592,买盘
13:15:01,33.22,-0.02,95,315694,卖盘
13:15:04,33.23,0.01,129,428754,买盘
13:15:07,33.2,-0.03,184,610902,卖盘
13:15:10,33.2,0.0,58,192643,卖盘
13:15:13,33.23,0.03,11,36541,买盘
13:15:15,33.21,-0.02,32,106272,卖盘
13:15:18,33.24,0.03,151,501801,买盘
13:15:22,33.23,-0.01,128,425394,卖盘
13:15:25,33.23,0.0,16,53168,卖盘
13:15:28,33.23,0.0,24,79754,卖盘
13:15:31,33.24,0.01,5,16620,买盘
13:15:34,33.23,-0.01,282,937179,卖盘
13:15:37,33.23,0.0,9,29913,卖盘
13:15:40,33.23,0.0,20,66460,卖盘
13:15:42,33.24,0.01,412,1369480,买盘
13:15:46,33.25,0.01,202,671379,买盘
13:15:49,33.23,-0.02,34,113000,卖盘
13:15:51,33.23,0.0,227,754252,卖盘
13:15:55,33.23,0.0,20,66458,买盘
13:16:01,33.23,0.0,32,106314,买盘
13:16:04,33.21,-0.02,185,614662,卖盘
13:16:07,33.23,0.02,5,16614,买盘
13:16:09,33.23,0.0,27,89721,买盘
13:16:13,33.23,0.0,15,49833,买盘
13:16:16,33.22,-0.01,30,99677,卖盘
13:16:19,33.23,0.01,321,1066686,买盘
13:16:21,33.24,0.01,139,462003,买盘
13:16:25,33.25,0.01,187,621696,买盘
13:16:28,33.25,0.0,62,206138,买盘
13:16:30,33.25,0.0,29,96425,买盘
13:16:34,33.25,0.0,3,9973,买盘
13:16:36,33.25,0.0,14,46545,买盘
13:16:39,33.24,-0.01,70,232679,买盘
13:16:43,33.25,0.01,26,86436,买盘
13:16:46,33.25,0.0,209,694579,买盘
13:16:49,33.25,0.0,147,488766,买盘
13:16:52,33.25,0.0,48,159599,买盘
13:16:55,33.24,-0.01,229,761412,卖盘
13:16:58,33.25,0.01,67,222770,买盘
13:17:00,33.25,0.0,336,1117205,买盘
13:17:04,33.26,0.01,45,149608,买盘
13:17:07,33.26,0.0,17,56537,买盘
13:17:10,33.25,-0.01,37,123048,卖盘
13:17:13,33.26,0.01,8,26608,买盘
13:17:16,33.26,0.0,10,33260,卖盘
13:17:19,33.28,0.02,22,73197,买盘
13:17:22,33.28,0.0,20,66551,买盘
13:17:25,33.28,0.0,4,13312,买盘
13:17:28,33.27,-0.01,2,6654,卖盘
13:17:31,33.28,0.01,14,46590,买盘
13:17:34,33.28,0.0,26,86530,买盘
13:17:37,33.28,0.0,44,146432,买盘
13:17:40,33.29,0.01,35,116513,买盘
13:17:43,33.28,-0.01,9,29955,卖盘
13:17:45,33.29,0.01,178,592389,买盘
13:17:49,33.29,0.0,19,63250,买盘
13:17:52,33.29,0.0,42,139789,买盘
13:17:54,33.29,0.0,11,36619,买盘
13:17:58,33.29,0.0,5,16645,买盘
13:18:01,33.29,0.0,23,76556,买盘
13:18:04,33.28,-0.01,640,2129703,卖盘
13:18:06,33.28,0.0,21,69881,买盘
13:18:10,33.26,-0.02,217,721874,卖盘
13:18:13,33.26,0.0,31,103106,买盘
13:18:15,33.26,0.0,76,252775,买盘
13:18:19,33.26,0.0,289,961214,买盘
13:18:22,33.26,0.0,32,106421,买盘
13:18:24,33.25,-0.01,8,26600,卖盘
13:18:31,33.26,0.01,3,9978,买盘
13:18:34,33.26,0.0,28,93118,买盘
13:18:36,33.25,-0.01,35,116375,卖盘
13:18:42,33.26,0.01,1,3326,买盘
13:18:46,33.25,-0.01,4,13302,卖盘
13:18:49,33.25,0.0,45,149627,卖盘
13:18:52,33.25,0.0,3,9975,买盘
13:18:55,33.25,0.0,1,3325,买盘
13:18:58,33.25,0.0,15,49872,买盘
13:19:01,33.25,0.0,14,46548,买盘
13:19:04,33.25,0.0,181,601785,买盘
13:19:07,33.24,-0.01,7,23269,卖盘
13:19:10,33.25,0.01,5,16623,买盘
13:19:13,33.26,0.01,388,1290354,买盘
13:19:16,33.26,0.0,4,13303,买盘
13:19:19,33.26,0.0,312,1037712,买盘
13:19:22,33.28,0.02,90,299453,买盘
13:19:24,33.29,0.01,56,186357,买盘
13:19:27,33.28,-0.01,85,282954,卖盘
13:19:31,33.28,0.0,14,46594,卖盘
13:19:34,33.28,0.0,18,59904,卖盘
13:19:37,33.28,0.0,2,6656,买盘
13:19:43,33.29,0.01,4,13313,买盘
13:19:46,33.29,0.0,97,322913,买盘
13:19:49,33.29,0.0,98,326242,买盘
13:19:52,33.3,0.01,162,539337,买盘
13:19:54,33.3,0.0,142,472859,买盘
13:19:58,33.29,-0.01,33,109888,卖盘
13:20:04,33.3,0.01,166,552755,买盘
13:20:07,33.31,0.01,809,2693966,买盘
13:20:09,33.31,0.0,17,56619,买盘
13:20:12,33.31,0.0,32,106592,买盘
13:20:16,33.33,0.02,163,542983,买盘
13:20:19,33.33,0.0,113,376609,买盘
13:20:22,33.33,0.0,5,16665,卖盘
13:20:25,33.34,0.01,8,26667,买盘
13:20:28,33.34,0.0,13,43332,买盘
13:20:31,33.34,0.0,17,56678,买盘
13:20:33,33.34,0.0,81,270003,买盘
13:20:36,33.34,0.0,3,10001,买盘
13:20:39,33.34,0.0,1,3334,买盘
13:20:43,33.34,0.0,14,46667,买盘
13:20:46,33.34,0.0,4,13336,买盘
13:20:49,33.33,-0.01,32,106657,卖盘
13:20:52,33.33,0.0,28,93337,卖盘
13:20:55,33.34,0.01,75,250047,买盘
13:20:57,33.34,0.0,2,6668,买盘
13:21:01,33.34,0.0,66,220044,买盘
13:21:04,33.33,-0.01,205,683400,卖盘
13:21:07,33.31,-0.02,149,496552,卖盘
13:21:10,33.33,0.02,2,6666,买盘
13:21:13,33.33,0.0,415,1382500,买盘
13:21:16,33.33,0.0,15,49962,买盘
13:21:19,33.33,0.0,187,623271,买盘
13:21:22,33.34,0.01,5,16667,买盘
13:21:25,33.33,-0.01,24,80001,卖盘
13:21:28,33.34,0.01,130,433319,买盘
13:21:31,33.34,0.0,2,6667,买盘
13:21:34,33.33,-0.01,27,89993,卖盘
13:21:37,33.33,0.0,16,53328,买盘
13:21:40,33.33,0.0,1,3333,买盘
13:21:43,33.32,-0.01,8,26658,卖盘
13:21:46,33.33,0.01,48,159984,买盘
13:21:49,33.32,-0.01,11,36653,卖盘
13:21:52,33.33,0.01,8,26661,买盘
13:21:55,33.32,-0.01,20,66640,卖盘
13:21:58,33.33,0.01,29,96634,买盘
13:22:01,33.33,0.0,56,186529,买盘
13:22:04,33.32,-0.01,28,93296,中性盘
13:22:07,33.29,-0.03,278,925931,卖盘
13:22:10,33.28,-0.01,20,66585,卖盘
13:22:13,33.3,0.02,5,16653,中性盘
13:22:15,33.31,0.01,5,16652,买盘
13:22:19,33.31,0.0,193,642883,买盘
13:22:22,33.3,-0.01,28,93244,卖盘
13:22:25,33.3,0.0,34,113220,买盘
13:22:28,33.3,0.0,1,3330,买盘
13:22:31,33.3,0.0,1,3330,买盘
13:22:34,33.29,-0.01,8,26634,卖盘
13:22:36,33.3,0.01,44,146452,买盘
13:22:40,33.3,0.0,3,9988,买盘
13:22:42,33.28,-0.02,35,116516,卖盘
13:22:46,33.28,0.0,5,16640,买盘
13:22:48,33.28,0.0,20,66560,买盘
13:22:52,33.28,0.0,6,19968,买盘
13:22:54,33.28,0.0,2,6656,买盘
13:22:58,33.28,0.0,17,56576,买盘
13:23:01,33.28,0.0,7,23296,买盘
13:23:04,33.27,-0.01,133,442620,卖盘
13:23:07,33.27,0.0,76,252852,卖盘
13:23:13,33.27,0.0,35,116473,卖盘
13:23:15,33.27,0.0,7,23291,卖盘
13:23:19,33.28,0.01,294,978403,买盘
13:23:22,33.27,-0.01,4,13310,卖盘
13:23:25,33.29,0.02,12,39937,买盘
13:23:28,33.29,0.0,114,379370,买盘
13:23:31,33.28,-0.01,11,36612,卖盘
13:23:33,33.29,0.01,130,432699,卖盘
13:23:36,33.29,0.0,158,526087,买盘
13:23:40,33.3,0.01,40,133181,买盘
13:23:42,33.29,-0.01,36,119874,卖盘
13:23:46,33.3,0.01,96,319680,买盘
13:23:49,33.3,0.0,443,1475630,买盘
13:23:51,33.32,0.02,203,675903,买盘
13:23:55,33.3,-0.02,3,9994,卖盘
13:23:57,33.29,-0.01,366,1218447,卖盘
13:24:01,33.31,0.02,45,149817,买盘
13:24:04,33.29,-0.02,31,103204,卖盘
13:24:07,33.29,0.0,89,296369,卖盘
13:24:09,33.32,0.03,118,392964,买盘
13:24:13,33.31,-0.01,10,33316,卖盘
13:24:15,33.29,-0.02,200,665813,卖盘
13:24:18,33.32,0.03,97,323204,买盘
13:24:22,33.32,0.0,3,9997,卖盘
13:24:25,33.32,0.0,20,66640,卖盘
13:24:28,33.33,0.01,1,3333,买盘
13:24:31,33.3,-0.03,476,1585931,卖盘
13:24:34,33.31,0.01,28,93268,买盘
13:24:37,33.31,0.0,89,296488,买盘
13:24:40,33.3,-0.01,56,186535,卖盘
13:24:43,33.3,0.0,16,53291,卖盘
13:24:46,33.3,0.0,77,256491,卖盘
13:24:48,33.3,0.0,112,372970,卖盘
13:24:52,33.31,0.01,5,16655,买盘
13:24:55,33.31,0.0,16,53296,买盘
13:24:58,33.3,-0.01,97,323010,卖盘
13:25:01,33.31,0.01,15,49962,买盘
13:25:04,33.31,0.0,24,79924,买盘
13:25:07,33.31,0.0,101,336367,买盘
13:25:10,33.31,0.0,4,13324,买盘
13:25:13,33.3,-0.01,123,409613,卖盘
13:25:15,33.3,0.0,154,512982,卖盘
13:25:18,33.33,0.03,13,43322,买盘
13:25:25,33.33,0.0,9,29997,买盘
13:25:28,33.33,0.0,2,6666,买盘
13:25:31,33.33,0.0,23,76659,买盘
13:25:34,33.33,0.0,316,1053044,买盘
13:25:37,33.33,0.0,6,19998,买盘
13:25:40,33.33,0.0,6,19998,买盘
13:25:43,33.32,-0.01,149,496495,卖盘
13:25:46,33.33,0.01,7,23331,买盘
13:25:48,33.32,-0.01,16,53326,卖盘
13:25:52,33.33,0.01,1,3333,买盘
13:25:55,33.33,0.0,102,339966,买盘
13:25:57,33.33,0.0,35,116655,买盘
13:26:01,33.32,-0.01,112,373207,卖盘
13:26:04,33.32,0.0,135,450078,卖盘
13:26:07,33.3,-0.02,326,1086203,卖盘
13:26:09,33.32,0.02,9,29988,买盘
13:26:13,33.32,0.0,6,19992,买盘
13:26:15,33.3,-0.02,122,406304,卖盘
13:26:19,33.32,0.02,278,926258,买盘
13:26:22,33.32,0.0,17,56634,买盘
13:26:24,33.31,-0.01,22,73302,卖盘
13:26:28,33.31,0.0,163,543132,中性盘
13:26:30,33.32,0.01,84,279888,卖盘
13:26:34,33.33,0.01,151,503437,买盘
13:26:37,33.35,0.02,35,116721,买盘
13:26:40,33.34,-0.01,8,26669,买盘
13:26:42,33.33,-0.01,14,46666,中性盘
13:26:46,33.33,0.0,7,23331,卖盘
13:26:48,33.34,0.01,10,33340,买盘
13:26:51,33.34,0.0,13,43340,买盘
13:26:54,33.33,-0.01,15,49999,卖盘
13:26:57,33.34,0.01,8,26672,买盘
13:27:00,33.34,0.0,35,116658,买盘
13:27:04,33.33,-0.01,156,520077,卖盘
13:27:07,33.28,-0.05,130,432965,卖盘
13:27:09,33.28,0.0,6,19976,卖盘
13:27:12,33.32,0.04,9,29974,买盘
13:27:16,33.33,0.01,2,6666,买盘
13:27:18,33.33,0.0,26,86656,买盘
13:27:22,33.33,0.0,28,93324,卖盘
13:27:25,33.33,0.0,214,713266,卖盘
13:27:28,33.3,-0.03,22,73307,卖盘
13:27:30,33.33,0.03,5,16657,买盘
13:27:34,33.33,0.0,22,73281,买盘
13:27:37,33.33,0.0,4,13326,中性盘
13:27:39,33.33,0.0,10,33330,买盘
13:27:42,33.3,-0.03,20,66603,卖盘
13:27:46,33.33,0.03,19,63291,买盘
13:27:48,33.3,-0.03,9,29975,卖盘
13:27:52,33.3,0.0,28,93288,卖盘
13:27:54,33.3,0.0,8,26640,卖盘
13:27:58,33.3,0.0,4,13322,卖盘
13:28:01,33.31,0.01,102,339662,买盘
13:28:03,33.31,0.0,94,313114,买盘
13:28:07,33.3,-0.01,54,179860,卖盘
13:28:09,33.3,0.0,60,199801,卖盘
13:28:12,33.3,0.0,51,169830,买盘
13:28:15,33.3,0.0,3,9988,买盘
13:28:19,33.3,0.0,25,83250,买盘
13:28:22,33.31,0.01,41,136551,买盘
13:28:24,33.3,-0.01,6,19980,卖盘
13:28:28,33.31,0.01,12,39971,买盘
13:28:31,33.31,0.0,140,466338,买盘
13:28:33,33.31,0.0,166,552827,买盘
13:28:36,33.3,-0.01,167,556349,卖盘
13:28:39,33.31,0.01,2,6662,买盘
13:28:42,33.3,-0.01,12,39962,卖盘
13:28:45,33.31,0.01,3,9993,买盘
13:28:48,33.32,0.01,31,103261,买盘
13:28:52,33.3,-0.02,11,36637,卖盘
13:28:54,33.31,0.01,120,399668,卖盘
13:28:58,33.3,-0.01,50,166500,卖盘
13:29:01,33.31,0.01,128,426365,买盘
13:29:03,33.3,-0.01,142,472951,卖盘
13:29:07,33.3,0.0,22,73260,买盘
13:29:10,33.29,-0.01,20,66598,卖盘
13:29:12,33.3,0.01,35,116550,买盘
13:29:16,33.33,0.03,55,183209,买盘
13:29:18,33.33,0.0,162,539945,买盘
13:29:22,33.31,-0.02,107,356608,卖盘
13:29:24,33.31,0.0,247,822677,卖盘
13:29:27,33.33,0.02,6,19990,买盘
13:29:31,33.31,-0.02,60,200022,卖盘
13:29:34,33.32,0.01,2,6664,中性盘
13:29:37,33.34,0.02,5,16666,买盘
13:29:40,33.32,-0.02,3,9996,卖盘
13:29:43,33.32,0.0,8,26657,卖盘
13:29:48,33.33,0.01,4,13330,买盘
13:29:54,33.31,-0.02,87,289882,卖盘
13:29:57,33.31,0.0,202,673245,卖盘
13:30:00,33.32,0.01,4,13326,买盘
13:30:02,33.32,0.0,119,396542,买盘
13:30:06,33.32,0.0,20,66640,卖盘
13:30:09,33.33,0.01,13,43326,买盘
13:30:14,33.33,0.0,1,3333,买盘
13:30:16,33.32,-0.01,4,13330,卖盘
13:30:17,33.33,0.01,223,743259,买盘
13:30:22,33.33,0.0,84,279970,买盘
13:30:24,33.34,0.01,93,310019,买盘
13:30:27,33.33,-0.01,41,136689,卖盘
13:30:29,33.34,0.01,27,90018,买盘
13:30:33,33.34,0.0,46,153347,买盘
13:30:37,33.34,0.0,34,113330,买盘
13:30:39,33.34,0.0,46,153353,买盘
13:30:43,33.34,0.0,10,33338,买盘
13:30:45,33.33,-0.01,8,26668,卖盘
13:30:49,33.32,-0.01,229,763207,卖盘
13:30:55,33.33,0.01,10,33330,中性盘
13:30:58,33.33,0.0,8,26664,买盘
13:31:01,33.33,0.0,5,16663,买盘
13:31:03,33.33,0.0,129,429957,买盘
13:31:07,33.33,0.0,134,446620,买盘
13:31:10,33.33,0.0,3,9999,买盘
13:31:12,33.33,0.0,5,16663,买盘
13:31:15,33.33,0.0,3,9997,买盘
13:31:19,33.33,0.0,230,766590,买盘
13:31:22,33.32,-0.01,22,73321,卖盘
13:31:25,33.32,0.0,4,13329,卖盘
13:31:26,33.33,0.01,9,29994,买盘
13:31:29,33.33,0.0,146,486504,买盘
13:31:34,33.33,0.0,45,149966,买盘
13:31:37,33.33,0.0,285,949705,买盘
13:31:43,33.32,-0.01,12,39984,买盘
13:31:46,33.32,0.0,89,296546,买盘
13:31:49,33.29,-0.03,349,1162558,卖盘
13:31:50,33.32,0.03,73,243237,买盘
13:31:55,33.32,0.0,136,453181,卖盘
13:31:58,33.33,0.01,42,139984,买盘
13:32:01,33.33,0.0,36,120009,买盘
13:32:02,33.32,-0.01,152,506675,卖盘
13:32:07,33.34,0.02,546,1820360,买盘
13:32:10,33.32,-0.02,336,1120086,卖盘
13:32:13,33.32,0.0,31,103292,买盘
13:32:16,33.32,0.0,2,6664,买盘
13:32:17,33.32,0.0,459,1529389,买盘
13:32:22,33.33,0.01,4,13330,买盘
13:32:25,33.32,-0.01,12,39987,卖盘
13:32:28,33.32,0.0,125,416524,卖盘
13:32:31,33.32,0.0,105,349867,卖盘
13:32:34,33.33,0.01,6,19998,中性盘
13:32:37,33.34,0.01,200,666787,买盘
13:32:39,33.33,-0.01,6,19993,买盘
13:32:43,33.33,0.0,3,9999,买盘
13:32:46,33.32,-0.01,124,413286,卖盘
13:32:49,33.33,0.01,92,306637,中性盘
13:32:52,33.34,0.01,46,153322,买盘
13:32:55,33.33,-0.01,4,13332,卖盘
13:32:56,33.33,0.0,221,736528,卖盘
13:33:01,33.33,0.0,79,263308,卖盘
13:33:02,33.33,0.0,258,860045,卖盘
13:33:10,33.33,0.0,100,333300,买盘
13:33:13,33.33,0.0,88,293305,买盘
13:33:16,33.34,0.01,142,473424,买盘
13:33:19,33.34,0.0,350,1166799,买盘
13:33:22,33.35,0.01,41,136710,买盘
13:33:24,33.35,0.0,608,2027471,买盘
13:33:28,33.34,-0.01,2,6668,卖盘
13:33:31,33.34,0.0,248,827030,卖盘
13:33:34,33.34,0.0,746,2487875,卖盘
13:33:37,33.36,0.02,239,797095,买盘
13:33:40,33.37,0.01,819,2732897,买盘
13:33:43,33.4,0.03,156,520961,买盘
13:33:44,33.39,-0.01,504,1682017,卖盘
13:33:49,33.4,0.01,156,521035,买盘
13:33:52,33.39,-0.01,690,2304791,卖盘
13:33:54,33.41,0.02,18,60139,买盘
13:33:58,33.42,0.01,19,63493,买盘
13:34:00,33.4,-0.02,586,1956127,卖盘
13:34:02,33.43,0.03,279,931941,买盘
13:34:07,33.4,-0.03,88,294164,卖盘
13:34:13,33.42,0.02,114,380863,买盘
13:34:16,33.42,0.0,5,16704,买盘
13:34:19,33.42,0.0,89,297434,买盘
13:34:22,33.43,0.01,6,20057,买盘
13:34:25,33.43,0.0,39,130340,买盘
13:34:28,33.42,-0.01,16,53483,卖盘
13:34:29,33.42,0.0,15,50137,卖盘
13:34:34,33.42,0.0,13,43447,卖盘
13:34:37,33.43,0.01,18,60174,买盘
13:34:40,33.43,0.0,19,63515,买盘
13:34:43,33.43,0.0,16,53485,买盘
13:34:46,33.43,0.0,70,234010,买盘
13:34:47,33.43,0.0,5,16715,买盘
13:34:52,33.43,0.0,521,1741199,买盘
13:34:54,33.42,-0.01,109,364281,卖盘
13:34:58,33.42,0.0,6,20052,买盘
13:35:01,33.4,-0.02,39,130275,卖盘
13:35:04,33.4,0.0,136,454232,买盘
13:35:07,33.4,0.0,54,180254,买盘
13:35:10,33.4,0.0,14,46756,买盘
13:35:13,33.38,-0.02,4,13352,卖盘
13:35:16,33.39,0.01,98,327311,中性盘
13:35:19,33.4,0.01,419,1399142,买盘
13:35:22,33.38,-0.02,11,36730,卖盘
13:35:25,33.38,0.0,50,166928,卖盘
13:35:26,33.39,0.01,2,6678,买盘
13:35:31,33.39,0.0,208,694215,买盘
13:35:34,33.38,-0.01,12,40061,卖盘
13:35:37,33.39,0.01,20,66775,买盘
13:35:39,33.38,-0.01,11,36724,卖盘
13:35:43,33.39,0.01,484,1617033,买盘
13:35:46,33.36,-0.03,6,20019,卖盘
13:35:48,33.37,0.01,6,20022,中性盘
13:35:52,33.37,0.0,13,43381,买盘
13:35:55,33.36,-0.01,100,333600,卖盘
13:35:58,33.38,0.02,7,23361,买盘
13:36:01,33.36,-0.02,26,86750,卖盘
13:36:04,33.37,0.01,79,263624,买盘
13:36:07,33.37,0.0,63,210231,卖盘
13:36:09,33.37,0.0,9,30027,买盘
13:36:11,33.36,-0.01,9,30025,中性盘
13:36:16,33.35,-0.01,35,116725,卖盘
13:36:19,33.35,0.0,40,133403,卖盘
13:36:22,33.36,0.01,124,413667,卖盘
13:36:25,33.36,0.0,90,300246,卖盘
13:36:28,33.37,0.01,57,190154,买盘
13:36:31,33.36,-0.01,62,206834,卖盘
13:36:34,33.36,0.0,28,93408,卖盘
13:36:37,33.37,0.01,18,60049,买盘
13:36:39,33.36,-0.01,27,90074,卖盘
13:36:43,33.36,0.0,29,96744,卖盘
13:36:46,33.36,0.0,36,120102,卖盘
13:36:48,33.36,0.0,10,33360,卖盘
13:36:52,33.37,0.01,8,26690,买盘
13:36:55,33.36,-0.01,11,36696,卖盘
13:36:58,33.35,-0.01,52,171319,卖盘
13:37:01,33.34,-0.01,76,253463,卖盘
13:37:04,33.33,-0.01,174,580082,卖盘
13:37:07,33.33,0.0,12,39997,卖盘
13:37:09,33.33,0.0,22,73326,卖盘
13:37:13,33.34,0.01,17,56663,买盘
13:37:14,33.33,-0.01,17,56663,卖盘
13:37:17,33.34,0.01,50,166698,买盘
13:37:22,33.34,0.0,15,50010,卖盘
13:37:25,33.36,0.02,12,40022,买盘
13:37:26,33.34,-0.02,91,303394,卖盘
13:37:31,33.33,-0.01,80,266710,卖盘
13:37:34,33.34,0.01,13,43342,中性盘
13:37:37,33.33,-0.01,22,73342,卖盘
