time,price,change,volume,amount,type
09:25:03,33.35,-0.12,7832,26119720,买盘
09:30:00,33.3,-0.05,1201,4003253,卖盘
09:30:05,33.22,-0.08,1025,3412452,卖盘
09:30:07,33.25,0.03,537,1786174,中性盘
09:30:10,33.3,0.05,668,2222377,买盘
09:30:13,33.22,-0.08,617,2053598,卖盘
09:30:15,33.27,0.05,216,718366,买盘
09:30:19,33.27,0.0,501,1667316,卖盘
09:30:22,33.26,-0.01,258,858352,卖盘
09:30:25,33.25,-0.01,279,927716,卖盘
09:30:27,33.24,-0.01,177,588107,卖盘
09:30:31,33.25,0.01,61,202796,买盘
09:30:34,33.26,0.01,288,957734,买盘
09:30:37,33.24,-0.02,61,202773,中性盘
09:30:40,33.25,0.01,480,1594865,中性盘
09:30:43,33.24,-0.01,166,551797,卖盘
09:30:46,33.2,-0.04,163,541714,卖盘
09:30:49,33.24,0.04,128,425507,买盘
09:30:52,33.24,0.0,85,282496,卖盘
09:30:55,33.24,0.0,218,723980,卖盘
09:30:57,33.21,-0.03,76,252407,中性盘
09:31:01,33.24,0.03,114,378936,买盘
09:31:04,33.24,0.0,196,651565,卖盘
09:31:06,33.25,0.01,313,1040462,中性盘
09:31:10,33.24,-0.01,171,568491,卖盘
09:31:14,33.24,0.0,550,1827554,卖盘
09:31:16,33.23,-0.01,191,634624,中性盘
09:31:20,33.21,-0.02,73,242466,卖盘
09:31:22,33.23,0.02,59,195995,买盘
09:31:25,33.22,-0.01,151,501506,卖盘
09:31:28,33.21,-0.01,325,1078976,卖盘
09:31:32,33.22,0.01,222,737054,买盘
09:31:33,33.21,-0.01,110,365267,中性盘
09:31:38,33.2,-0.01,61,202488,卖盘
09:31:40,33.2,0.0,84,278879,买盘
09:31:44,33.2,0.0,60,199174,买盘
09:31:46,33.2,0.0,90,298718,买盘
09:31:49,33.19,-0.01,77,255570,卖盘
09:31:52,33.19,0.0,158,524402,买盘
09:31:55,33.18,-0.01,545,1808232,卖盘
09:31:57,33.19,0.01,600,1991208,买盘
09:32:01,33.19,0.0,900,2987814,卖盘
09:32:04,33.2,0.01,774,2568498,卖盘
09:32:08,33.22,0.02,196,650951,买盘
09:32:10,33.22,0.0,743,2466999,买盘
09:32:13,33.19,-0.03,189,627360,卖盘
09:32:15,33.19,0.0,18,59749,卖盘
09:32:18,33.19,0.0,233,773404,卖盘
09:32:22,33.2,0.01,194,643939,买盘
09:32:25,33.18,-0.02,115,381664,卖盘
09:32:28,33.17,-0.01,470,1559618,卖盘
09:32:32,33.18,0.01,96,318464,卖盘
09:32:35,33.18,0.0,285,945357,买盘
09:32:37,33.17,-0.01,899,2980655,中性盘
09:32:41,33.17,0.0,208,689896,买盘
09:32:43,33.17,0.0,189,626870,买盘
09:32:45,33.19,0.02,161,534285,买盘
09:32:50,33.18,-0.01,164,544254,卖盘
09:32:51,33.2,0.02,161,534308,买盘
09:32:55,33.2,0.0,103,341787,买盘
09:32:59,33.18,-0.02,193,640493,卖盘
09:33:02,33.19,0.01,118,391602,买盘
09:33:05,33.19,0.0,964,3199488,卖盘
09:33:07,33.18,-0.01,371,1231123,卖盘
09:33:10,33.16,-0.02,1413,4684964,卖盘
09:33:14,33.18,0.02,847,2808645,买盘
09:33:17,33.15,-0.03,420,1392234,卖盘
09:33:18,33.14,-0.01,366,1213515,卖盘
09:33:21,33.15,0.01,88,291620,买盘
09:33:26,33.13,-0.02,222,735519,卖盘
09:33:29,33.13,0.0,103,341147,买盘
09:33:32,33.13,0.0,314,1039762,买盘
09:33:34,33.11,-0.02,220,728787,卖盘
09:33:37,33.11,0.0,180,596198,卖盘
09:33:40,33.11,0.0,243,804666,卖盘
09:33:42,33.1,-0.01,261,864037,卖盘
09:33:47,33.1,0.0,345,1141983,卖盘
09:33:48,33.09,-0.01,321,1062390,卖盘
09:33:52,33.09,0.0,216,714647,卖盘
09:33:55,33.08,-0.01,164,542575,卖盘
09:33:58,33.08,0.0,193,638312,买盘
09:34:01,33.08,0.0,312,1032041,买盘
09:34:04,33.09,0.01,234,774122,买盘
09:34:07,33.08,-0.01,301,995769,卖盘
09:34:10,33.09,0.01,208,688196,买盘
09:34:12,33.09,0.0,211,698188,买盘
09:34:16,33.07,-0.02,609,2014546,卖盘
09:34:18,33.07,0.0,125,413375,买盘
09:34:23,33.07,0.0,117,386893,买盘
09:34:25,33.06,-0.01,229,756995,卖盘
09:34:29,33.03,-0.03,642,2121256,卖盘
09:34:30,33.02,-0.01,537,1773437,卖盘
09:34:35,33.01,-0.01,283,934505,卖盘
09:34:36,33.02,0.01,199,657098,卖盘
09:34:41,33.03,0.01,128,422844,中性盘
09:34:44,33.02,-0.01,165,544857,卖盘
09:34:47,33.02,0.0,109,359938,卖盘
09:34:50,33.03,0.01,236,779310,买盘
09:34:52,33.03,0.0,402,1327569,买盘
09:34:56,33.02,-0.01,523,1727425,卖盘
09:34:58,33.04,0.02,274,905105,买盘
09:35:02,33.01,-0.03,1394,4603792,卖盘
09:35:05,33.02,0.01,137,452365,买盘
09:35:06,33.01,-0.01,924,3050522,卖盘
09:35:10,33.0,-0.01,1310,4323011,卖盘
09:35:14,33.0,0.0,164,541190,买盘
09:35:17,33.0,0.0,282,930498,买盘
09:35:20,32.99,-0.01,64,211178,卖盘
09:35:21,32.99,0.0,154,508075,卖盘
09:35:26,32.98,-0.01,138,455195,卖盘
09:35:28,32.97,-0.01,66,217647,卖盘
09:35:30,32.97,0.0,99,326521,卖盘
09:35:35,32.98,0.01,105,346197,买盘
09:35:38,32.97,-0.01,268,883679,卖盘
09:35:41,32.98,0.01,198,652898,买盘
09:35:44,32.99,0.01,182,600391,买盘
09:35:46,32.99,0.0,518,1709334,卖盘
09:35:48,33.01,0.02,1693,5587260,买盘
09:35:52,33.05,0.04,371,1225020,买盘
09:35:56,33.0,-0.05,225,743331,卖盘
09:35:57,33.03,0.03,215,710027,买盘
09:36:00,33.03,0.0,243,803538,买盘
09:36:05,33.04,0.01,303,1001104,中性盘
09:36:08,33.04,0.0,234,773209,卖盘
09:36:11,33.05,0.01,342,1129997,中性盘
09:36:14,33.04,-0.01,530,1751802,卖盘
09:36:17,33.04,0.0,255,842550,卖盘
09:36:20,33.04,0.0,309,1020968,卖盘
09:36:23,33.05,0.01,349,1153319,买盘
09:36:26,33.04,-0.01,641,2117923,卖盘
09:36:29,33.04,0.0,738,2438349,买盘
09:36:32,33.04,0.0,370,1222443,买盘
09:36:35,33.04,0.0,447,1477511,卖盘
09:36:38,33.05,0.01,474,1565933,买盘
09:36:41,33.04,-0.01,131,432882,卖盘
09:36:44,33.06,0.02,790,2609561,买盘
09:36:45,33.05,-0.01,339,1119665,中性盘
09:36:50,33.04,-0.01,178,588167,卖盘
09:36:52,33.03,-0.01,379,1252241,卖盘
09:36:56,33.02,-0.01,238,785787,卖盘
09:36:59,33.03,0.01,129,426176,卖盘
09:37:02,33.04,0.01,240,792840,买盘
09:37:05,33.04,0.0,1036,3422947,卖盘
09:37:08,33.02,-0.02,267,882043,卖盘
09:37:11,33.01,-0.01,248,818250,卖盘
09:37:14,33.01,0.0,234,772374,买盘
09:37:17,33.01,0.0,246,811818,买盘
09:37:20,33.0,-0.01,275,907504,卖盘
09:37:23,32.99,-0.01,379,1250095,卖盘
09:37:26,32.97,-0.02,220,725721,卖盘
09:37:29,32.98,0.01,107,352895,中性盘
09:37:30,32.98,0.0,63,207775,中性盘
09:37:35,32.97,-0.01,188,619885,卖盘
09:37:36,32.95,-0.02,963,3173893,卖盘
09:37:41,32.96,0.01,93,306498,买盘
09:37:44,32.97,0.01,111,365828,买盘
09:37:47,32.95,-0.02,127,418400,卖盘
09:37:50,32.94,-0.01,187,616014,中性盘
09:37:53,32.96,0.02,605,1993369,买盘
09:37:56,32.94,-0.02,448,1476469,卖盘
09:37:59,32.97,0.03,279,919678,买盘
09:38:02,32.98,0.01,89,293280,买盘
09:38:05,32.97,-0.01,362,1193858,买盘
09:38:08,32.96,-0.01,524,1728632,卖盘
09:38:10,32.99,0.03,205,676243,买盘
09:38:14,32.99,0.0,467,1541143,买盘
09:38:17,33.0,0.01,270,891850,中性盘
09:38:20,32.98,-0.02,176,581229,卖盘
09:38:22,32.99,0.01,35,115489,买盘
09:38:26,33.02,0.03,75,247491,买盘
09:38:28,33.02,0.0,20,66004,买盘
09:38:32,32.97,-0.05,214,706050,卖盘
09:38:35,32.99,0.02,158,521022,买盘
09:38:36,32.98,-0.01,205,676230,卖盘
09:38:41,32.98,0.0,51,168187,买盘
09:38:42,32.98,0.0,80,263839,买盘
09:38:47,32.99,0.01,36,118739,买盘
09:38:50,32.98,-0.01,70,230870,卖盘
09:38:53,32.99,0.01,189,623346,买盘
09:38:56,32.99,0.0,265,874050,买盘
09:38:59,32.99,0.0,315,1039186,买盘
09:39:00,32.99,0.0,677,2234023,卖盘
09:39:04,32.99,0.0,356,1174558,卖盘
09:39:08,32.99,0.0,505,1666361,卖盘
09:39:11,32.98,-0.01,821,2708206,卖盘
09:39:14,32.98,0.0,156,514442,买盘
09:39:17,32.97,-0.01,222,731971,卖盘
09:39:20,32.97,0.0,349,1150368,买盘
09:39:23,32.97,0.0,140,461520,买盘
09:39:26,32.97,0.0,100,329651,买盘
09:39:28,32.97,0.0,140,461524,买盘
09:39:32,32.97,0.0,91,300030,买盘
09:39:35,32.97,0.0,152,501175,卖盘
09:39:38,32.97,0.0,101,333003,卖盘
09:39:41,32.97,0.0,85,280252,卖盘
09:39:42,32.98,0.01,385,1269376,买盘
09:39:47,32.97,-0.01,639,2107003,卖盘
09:39:48,32.97,0.0,282,929740,卖盘
09:39:53,32.98,0.01,220,725363,买盘
09:39:56,32.97,-0.01,253,834070,买盘
09:39:57,32.97,0.0,445,1466854,卖盘
09:40:02,32.97,0.0,173,570321,买盘
09:40:04,32.97,0.0,850,2802472,卖盘
09:40:08,32.96,-0.01,1264,4166013,卖盘
09:40:11,32.94,-0.02,397,1308209,卖盘
09:40:14,32.93,-0.01,534,1758981,卖盘
09:40:17,32.92,-0.01,278,915036,卖盘
09:40:20,32.92,0.0,959,3155370,买盘
09:40:21,32.91,-0.01,492,1618751,中性盘
09:40:26,32.9,-0.01,264,868609,卖盘
09:40:28,32.9,0.0,100,328990,买盘
09:40:32,32.89,-0.01,2122,6982042,卖盘
09:40:35,32.9,0.01,174,572451,买盘
09:40:38,32.91,0.01,237,779951,买盘
09:40:41,32.93,0.02,139,457654,买盘
09:40:42,32.93,0.0,53,174495,买盘
09:40:45,32.93,0.0,59,194331,卖盘
09:40:50,32.94,0.01,45,148209,买盘
09:40:53,32.95,0.01,469,1545052,买盘
09:40:55,32.96,0.01,201,662358,买盘
09:40:59,32.97,0.01,188,619681,买盘
09:41:02,32.97,0.0,63,207684,买盘
09:41:05,32.98,0.01,118,389051,买盘
09:41:08,32.98,0.0,116,382548,买盘
09:41:11,32.98,0.0,93,306652,买盘
09:41:14,32.99,0.01,225,742176,买盘
09:41:16,32.99,0.0,187,616892,买盘
09:41:20,33.0,0.01,158,521399,买盘
09:41:23,33.0,0.0,459,1514608,买盘
09:41:26,33.01,0.01,168,554590,买盘
09:41:28,33.01,0.0,666,2198127,卖盘
09:41:32,33.01,0.0,83,274040,卖盘
09:41:35,33.01,0.0,66,217904,卖盘
09:41:38,33.03,0.02,585,1931259,买盘
09:41:40,33.02,-0.01,110,363221,卖盘
09:41:44,33.02,0.0,84,277351,买盘
09:41:47,33.0,-0.02,1306,4310924,卖盘
09:41:48,32.99,-0.01,101,333322,卖盘
09:41:53,33.01,0.02,49,161721,买盘
09:41:56,33.0,-0.01,148,488415,卖盘
09:41:59,33.01,0.01,7,23106,买盘
09:42:02,33.01,0.0,496,1637272,买盘
09:42:05,33.01,0.0,150,495152,卖盘
09:42:08,33.01,0.0,325,1072877,卖盘
09:42:10,33.01,0.0,129,425777,买盘
09:42:14,33.01,0.0,77,254185,买盘
09:42:16,33.01,0.0,78,257466,买盘
09:42:20,33.01,0.0,35,115532,买盘
09:42:23,33.0,-0.01,69,227764,卖盘
09:42:25,33.01,0.01,22,72622,买盘
09:42:29,33.0,-0.01,79,260778,卖盘
09:42:32,33.01,0.01,103,339918,买盘
09:42:35,33.0,-0.01,199,656779,卖盘
09:42:38,33.01,0.01,79,260752,买盘
09:42:40,33.01,0.0,24,79221,买盘
09:42:44,33.0,-0.01,945,3118541,卖盘
09:42:47,33.0,0.0,167,551114,卖盘
09:42:50,33.0,0.0,22,72583,买盘
09:42:53,33.0,0.0,666,2197182,买盘
09:42:56,32.99,-0.01,154,508059,卖盘
09:42:57,32.99,0.0,194,639853,买盘
09:43:02,32.99,0.0,291,959837,买盘
09:43:04,32.99,0.0,408,1346002,买盘
09:43:08,32.99,0.0,919,3031821,卖盘
09:43:11,32.98,-0.01,150,494719,卖盘
09:43:12,32.97,-0.01,156,514355,卖盘
09:43:17,32.97,0.0,167,550630,卖盘
09:43:20,32.97,0.0,204,672406,买盘
09:43:21,32.97,0.0,69,227475,买盘
09:43:26,32.97,0.0,172,566937,买盘
09:43:28,32.96,-0.01,133,438377,卖盘
09:43:32,32.96,0.0,44,145037,卖盘
09:43:35,32.93,-0.03,315,1037954,卖盘
09:43:38,32.96,0.03,38,125200,买盘
09:43:41,32.93,-0.03,103,339228,卖盘
09:43:44,32.92,-0.01,100,329270,卖盘
09:43:47,32.92,0.0,251,826358,卖盘
09:43:50,32.92,0.0,204,671588,买盘
09:43:53,32.92,0.0,423,1392527,卖盘
09:43:56,32.93,0.01,82,269948,买盘
09:43:59,32.93,0.0,390,1284258,买盘
09:44:02,32.94,0.01,105,345777,买盘
09:44:05,32.94,0.0,52,171310,卖盘
09:44:06,32.94,0.0,342,1126551,卖盘
09:44:11,32.94,0.0,315,1037615,卖盘
09:44:14,32.95,0.01,421,1387045,买盘
09:44:17,32.95,0.0,119,392124,卖盘
09:44:20,32.95,0.0,165,543675,卖盘
09:44:22,32.95,0.0,99,326210,买盘
09:44:26,32.95,0.0,209,688668,卖盘
09:44:29,32.95,0.0,83,273485,买盘
09:44:31,32.94,-0.01,37,121904,卖盘
09:44:34,32.95,0.01,182,599540,买盘
09:44:38,32.94,-0.01,634,2088422,卖盘
09:44:41,32.94,0.0,134,441413,卖盘
09:44:44,32.94,0.0,34,111995,买盘
09:44:47,32.93,-0.01,167,549959,卖盘
09:44:50,32.93,0.0,89,292996,买盘
09:44:53,32.93,0.0,209,688046,买盘
09:44:56,32.93,0.0,797,2623014,买盘
09:44:59,32.91,-0.02,54,177735,卖盘
09:45:02,32.92,0.01,183,602336,买盘
09:45:04,32.92,0.0,655,2156265,买盘
09:45:08,32.9,-0.02,233,766828,卖盘
09:45:11,32.91,0.01,642,2112207,买盘
09:45:14,32.91,0.0,150,493526,买盘
09:45:16,32.9,-0.01,335,1102150,卖盘
09:45:20,32.9,0.0,889,2924362,买盘
09:45:23,32.9,0.0,234,769734,买盘
09:45:26,32.89,-0.01,53,174336,卖盘
09:45:29,32.89,0.0,807,2653300,买盘
09:45:32,32.89,0.0,30,98664,买盘
09:45:35,32.89,0.0,42,138129,买盘
09:45:38,32.88,-0.01,273,897679,卖盘
09:45:41,32.89,0.01,76,249934,买盘
09:45:44,32.88,-0.01,39,128232,卖盘
09:45:47,32.88,0.0,52,170970,买盘
09:45:50,32.88,0.0,56,184110,买盘
09:45:52,32.88,0.0,32,105203,买盘
09:45:56,32.87,-0.01,314,1032131,卖盘
09:45:59,32.86,-0.01,153,502856,卖盘
09:46:02,32.87,0.01,89,292484,买盘
09:46:05,32.87,0.0,270,887555,买盘
09:46:08,32.87,0.0,619,2034763,卖盘
09:46:11,32.88,0.01,109,360754,买盘
09:46:14,32.88,0.0,177,581875,买盘
09:46:17,32.88,0.0,640,2104267,买盘
09:46:18,32.89,0.01,37,121691,买盘
09:46:23,32.88,-0.01,598,1967348,卖盘
09:46:26,32.88,0.0,459,1509329,卖盘
09:46:29,32.9,0.02,23,75659,买盘
09:46:32,32.89,-0.01,190,625116,卖盘
09:46:35,32.9,0.01,84,276281,买盘
09:46:38,32.89,-0.01,202,664388,卖盘
09:46:41,32.89,0.0,294,966786,买盘
09:46:44,32.89,0.0,33,108520,买盘
09:46:47,32.89,0.0,86,282805,买盘
09:46:50,32.88,-0.01,1134,3728684,卖盘
09:46:53,32.89,0.01,178,585431,买盘
09:46:56,32.89,0.0,539,1772776,卖盘
09:46:59,32.89,0.0,730,2401429,卖盘
09:47:02,32.9,0.01,62,203949,买盘
09:47:05,32.9,0.0,127,417830,买盘
09:47:08,32.9,0.0,1338,4402748,卖盘
09:47:11,32.9,0.0,687,2260387,卖盘
09:47:14,32.91,0.01,92,302767,中性盘
09:47:17,32.92,0.01,432,1421516,买盘
09:47:20,32.92,0.0,73,240266,买盘
09:47:22,32.92,0.0,777,2558062,买盘
09:47:25,32.93,0.01,75,246955,买盘
09:47:29,32.92,-0.01,179,589336,卖盘
09:47:32,32.93,0.01,148,487292,买盘
09:47:35,32.92,-0.01,446,1468395,中性盘
09:47:38,32.93,0.01,258,849396,买盘
09:47:40,32.93,0.0,11,36223,卖盘
09:47:44,32.94,0.01,8,26348,买盘
09:47:47,32.95,0.01,297,978511,买盘
09:47:50,32.95,0.0,76,250420,卖盘
09:47:52,32.95,0.0,33,108735,卖盘
09:47:56,32.96,0.01,234,771258,买盘
09:47:59,32.94,-0.02,124,408545,卖盘
09:48:02,32.95,0.01,200,658987,买盘
09:48:04,32.95,0.0,250,823770,买盘
09:48:08,32.95,0.0,178,586526,卖盘
09:48:11,32.97,0.02,1333,4396139,买盘
09:48:13,33.0,0.03,111,366300,买盘
09:48:17,32.95,-0.05,143,471312,卖盘
09:48:20,32.95,0.0,39,128505,买盘
09:48:23,32.95,0.0,42,138388,买盘
09:48:26,32.95,0.0,60,197690,买盘
09:48:29,32.95,0.0,114,375527,买盘
09:48:30,32.95,0.0,147,484253,卖盘
09:48:34,32.95,0.0,17,56016,卖盘
09:48:38,32.95,0.0,96,316319,卖盘
09:48:41,32.95,0.0,15,49425,买盘
09:48:44,32.96,0.01,86,283378,买盘
09:48:46,32.94,-0.02,150,494222,卖盘
09:48:50,32.95,0.01,51,168066,卖盘
09:48:53,32.95,0.0,158,520625,卖盘
09:48:56,32.96,0.01,93,306521,买盘
09:48:59,32.95,-0.01,96,316320,卖盘
09:49:01,32.96,0.01,105,346078,买盘
09:49:05,32.96,0.0,27,88997,卖盘
09:49:08,32.96,0.0,4,13184,卖盘
09:49:10,32.97,0.01,72,237375,买盘
09:49:14,32.97,0.0,6,19782,买盘
09:49:17,32.97,0.0,249,820733,买盘
09:49:20,32.97,0.0,34,112089,买盘
09:49:23,32.97,0.0,52,171444,买盘
09:49:25,32.97,0.0,67,220852,买盘
09:49:29,32.96,-0.01,202,665800,卖盘
09:49:32,32.96,0.0,99,326338,卖盘
09:49:34,32.97,0.01,335,1104472,买盘
09:49:38,32.98,0.01,199,656140,买盘
09:49:41,32.99,0.01,33,108841,买盘
09:49:44,32.99,0.0,34,112187,卖盘
09:49:47,32.99,0.0,70,230928,卖盘
09:49:49,32.99,0.0,34,112166,卖盘
09:49:53,32.97,-0.02,170,560528,卖盘
09:49:56,32.97,0.0,60,197851,卖盘
09:49:59,32.97,0.0,44,145088,卖盘
09:50:02,32.99,0.02,182,600284,买盘
09:50:05,32.99,0.0,333,1098108,买盘
09:50:07,33.0,0.01,187,616920,买盘
09:50:10,32.99,-0.01,231,762114,卖盘
09:50:14,32.99,0.0,31,102267,买盘
09:50:17,32.96,-0.03,92,303334,卖盘
09:50:20,32.98,0.02,37,122056,买盘
09:50:23,32.97,-0.01,25,82431,卖盘
09:50:26,32.96,-0.01,97,319711,卖盘
09:50:29,32.96,0.0,308,1014890,买盘
09:50:32,32.95,-0.01,128,421676,卖盘
09:50:35,32.95,0.0,127,418292,买盘
09:50:38,32.95,0.0,118,388612,买盘
09:50:41,32.95,0.0,43,141683,买盘
09:50:44,32.95,0.0,182,599690,买盘
09:50:47,32.93,-0.02,152,500787,卖盘
09:50:50,32.96,0.03,88,290040,买盘
09:50:53,32.97,0.01,58,191215,买盘
09:50:56,32.95,-0.02,198,652385,卖盘
09:50:59,32.97,0.02,81,266962,买盘
09:51:02,32.96,-0.01,90,296634,卖盘
09:51:05,32.96,0.0,140,461450,卖盘
09:51:08,32.97,0.01,80,263728,买盘
09:51:11,32.97,0.0,40,131907,卖盘
09:51:14,32.98,0.01,131,431851,买盘
09:51:17,32.97,-0.01,177,583478,卖盘
09:51:20,32.97,0.0,81,267017,买盘
09:51:23,32.99,0.02,158,520999,买盘
09:51:26,32.98,-0.01,53,174794,卖盘
09:51:29,32.98,0.0,48,158309,卖盘
09:51:31,32.98,0.0,69,227615,卖盘
09:51:35,32.98,0.0,26,85746,买盘
09:51:38,32.97,-0.01,34,112123,卖盘
09:51:40,32.97,0.0,41,135177,卖盘
09:51:44,32.97,0.0,62,204368,买盘
09:51:46,32.97,0.0,108,355998,买盘
09:51:50,32.97,0.0,60,197804,买盘
09:51:52,32.97,0.0,46,151661,买盘
09:51:56,32.97,0.0,45,148365,买盘
09:51:59,32.97,0.0,597,1968828,卖盘
09:52:02,32.98,0.01,162,534307,买盘
09:52:04,32.99,0.01,634,2092132,卖盘
09:52:07,33.0,0.01,128,422310,买盘
09:52:11,33.01,0.01,446,1471760,买盘
09:52:14,33.0,-0.01,5,16502,卖盘
09:52:17,33.0,0.0,1003,3310629,卖盘
09:52:20,32.99,-0.01,161,531265,卖盘
09:52:23,33.0,0.01,38,125413,中性盘
09:52:26,32.99,-0.01,115,379427,卖盘
09:52:29,32.99,0.0,181,597052,卖盘
09:52:32,32.99,0.0,180,593822,买盘
09:52:35,33.0,0.01,145,478317,买盘
09:52:38,33.0,0.0,54,178163,买盘
09:52:41,33.0,0.0,26,85800,买盘
09:52:43,33.01,0.01,30,99003,买盘
09:52:47,33.01,0.0,63,207901,买盘
09:52:50,33.02,0.01,14,46228,买盘
09:52:53,33.02,0.0,53,174925,买盘
09:52:56,33.01,-0.01,57,188162,卖盘
09:52:59,33.01,0.0,73,241038,买盘
09:53:02,33.02,0.01,89,293782,买盘
09:53:04,33.02,0.0,75,247650,买盘
09:53:07,33.03,0.01,225,743353,买盘
09:53:10,33.02,-0.01,41,135401,卖盘
09:53:14,33.02,0.0,29,95784,卖盘
09:53:16,33.02,0.0,43,142012,卖盘
09:53:20,33.03,0.01,20,66057,买盘
09:53:23,33.03,0.0,175,578023,买盘
09:53:26,33.03,0.0,58,191556,买盘
09:53:29,33.03,0.0,86,284020,买盘
09:53:31,33.04,0.01,52,171807,买盘
09:53:35,33.04,0.0,33,109022,买盘
09:53:38,33.04,0.0,61,201544,买盘
09:53:40,33.04,0.0,3,9912,卖盘
09:53:44,33.04,0.0,222,733673,卖盘
09:53:47,33.03,-0.01,270,891915,卖盘
09:53:49,33.02,-0.01,70,231176,卖盘
09:53:52,33.03,0.01,73,241182,中性盘
09:53:56,33.04,0.01,55,181686,买盘
09:53:59,33.04,0.0,110,360426,买盘
09:54:01,33.04,0.0,176,584536,卖盘
09:54:05,33.04,0.0,536,1770501,买盘
09:54:08,33.04,0.0,67,221380,卖盘
09:54:11,33.05,0.01,39,128865,买盘
09:54:14,33.04,-0.01,285,941611,卖盘
09:54:17,33.04,0.0,242,799511,买盘
09:54:20,33.04,0.0,58,191567,买盘
09:54:23,33.03,-0.01,65,214667,中性盘
09:54:26,33.01,-0.02,34,112261,卖盘
09:54:29,33.02,0.01,30,99083,买盘
09:54:32,33.02,0.0,14,46228,买盘
09:54:34,33.02,0.0,9,29718,买盘
09:54:38,33.03,0.01,67,221295,买盘
09:54:41,33.02,-0.01,85,280685,卖盘
09:54:44,33.03,0.01,116,383166,买盘
09:54:47,33.03,0.0,136,449083,中性盘
09:54:50,33.04,0.01,27,89196,买盘
09:54:53,33.04,0.0,33,108982,卖盘
09:54:56,33.03,-0.01,60,198196,中性盘
09:54:59,33.01,-0.02,166,548104,卖盘
09:55:02,33.01,0.0,66,217895,买盘
09:55:05,33.04,0.03,233,769411,买盘
09:55:08,33.04,0.0,448,1480177,卖盘
09:55:11,33.01,-0.03,70,231061,卖盘
09:55:14,33.0,-0.01,43,141900,卖盘
09:55:17,33.04,0.04,95,313622,买盘
09:55:19,33.0,-0.04,326,1075825,卖盘
09:55:23,33.01,0.01,39,128739,买盘
09:55:26,33.01,0.0,135,445723,卖盘
09:55:28,33.01,0.0,111,366622,买盘
09:55:32,33.0,-0.01,41,135328,卖盘
09:55:34,33.0,0.0,20,66000,卖盘
09:55:38,33.0,0.0,20,66000,买盘
09:55:41,32.99,-0.01,45,148465,卖盘
09:55:44,33.0,0.01,484,1596686,买盘
09:55:47,32.99,-0.01,265,874120,卖盘
09:55:50,32.99,0.0,578,1906260,买盘
09:55:53,32.99,0.0,319,1052067,买盘
09:55:56,32.97,-0.02,202,665975,卖盘
09:55:59,32.96,-0.01,37,121960,卖盘
09:56:02,32.96,0.0,77,253723,买盘
09:56:05,32.97,0.01,49,161526,买盘
09:56:08,32.97,0.0,65,214337,卖盘
09:56:10,32.97,0.0,181,596782,卖盘
09:56:14,32.98,0.01,53,174765,买盘
09:56:17,32.99,0.01,206,679376,买盘
09:56:20,32.99,0.0,710,2342236,买盘
09:56:23,33.0,0.01,70,230977,买盘
09:56:26,32.99,-0.01,707,2332987,卖盘
09:56:29,33.01,0.02,570,1881358,买盘
09:56:32,33.02,0.01,1229,4056443,买盘
09:56:35,33.0,-0.02,898,2964300,卖盘
09:56:38,33.0,0.0,357,1178132,卖盘
09:56:41,33.01,0.01,134,442452,卖盘
09:56:43,33.0,-0.01,141,465630,卖盘
09:56:47,33.02,0.02,442,1458634,卖盘
09:56:49,33.01,-0.01,35,115527,中性盘
09:56:53,33.0,-0.01,67,221153,卖盘
09:56:56,33.01,0.01,51,168349,买盘
09:56:59,32.99,-0.02,1180,3893481,卖盘
09:57:02,33.02,0.03,28,92443,买盘
09:57:05,33.01,-0.01,650,2146259,卖盘
09:57:07,33.01,0.0,24,79242,卖盘
09:57:11,33.0,-0.01,145,478600,卖盘
09:57:14,32.98,-0.02,41,135238,卖盘
09:57:16,32.98,0.0,66,217668,买盘
09:57:20,32.98,0.0,749,2470179,买盘
09:57:23,32.98,0.0,13,42874,买盘
09:57:26,33.0,0.02,25,82462,买盘
09:57:28,33.0,0.0,81,267095,买盘
09:57:31,32.98,-0.02,66,217645,卖盘
09:57:35,32.98,0.0,14,46172,卖盘
09:57:38,32.99,0.01,17,56083,买盘
09:57:41,32.99,0.0,15,49485,买盘
09:57:44,32.98,-0.01,46,151718,卖盘
09:57:47,32.98,0.0,170,560547,卖盘
09:57:49,32.98,0.0,41,135218,卖盘
09:57:53,32.98,0.0,35,115395,买盘
09:57:56,32.95,-0.03,72,237370,卖盘
09:57:59,32.98,0.03,27,89046,买盘
09:58:01,32.98,0.0,40,130160,买盘
09:58:05,32.99,0.01,716,2362041,买盘
09:58:08,32.99,0.0,208,686192,卖盘
09:58:11,33.0,0.01,26,85797,买盘
09:58:14,33.0,0.0,35,115487,买盘
09:58:17,32.99,-0.01,30,98970,卖盘
09:58:20,33.0,0.01,15,49500,买盘
09:58:23,33.0,0.0,512,1687825,买盘
09:58:25,32.98,-0.02,21,69275,中性盘
09:58:28,32.98,0.0,48,158253,买盘
09:58:31,32.98,0.0,5,16490,买盘
09:58:35,32.98,0.0,106,349580,买盘
09:58:38,32.98,0.0,52,171496,卖盘
09:58:40,32.98,0.0,112,369376,卖盘
09:58:44,32.98,0.0,15,49473,卖盘
09:58:47,32.98,0.0,24,79157,卖盘
09:58:50,32.99,0.01,178,587095,买盘
09:58:53,32.99,0.0,25,82474,买盘
09:58:56,32.95,-0.04,50,164876,卖盘
09:58:59,32.98,0.03,16,52768,中性盘
09:59:02,32.99,0.01,40,131946,买盘
09:59:05,32.98,-0.01,166,547446,买盘
09:59:08,32.98,0.0,24,79155,卖盘
09:59:11,32.98,0.0,68,224266,卖盘
09:59:14,32.98,0.0,59,194612,卖盘
09:59:17,32.99,0.01,8,26388,买盘
09:59:20,32.99,0.0,67,220990,买盘
09:59:22,32.98,-0.01,25,82469,卖盘
09:59:25,32.99,0.01,10,32981,买盘
09:59:28,33.0,0.01,121,399145,买盘
09:59:32,32.99,-0.01,24,79176,卖盘
09:59:35,32.99,0.0,10,32990,卖盘
09:59:37,33.0,0.01,41,135280,买盘
09:59:40,32.99,-0.01,238,785164,卖盘
09:59:44,32.99,0.0,67,221033,卖盘
09:59:47,32.98,-0.01,150,494841,卖盘
09:59:50,32.97,-0.01,385,1269796,卖盘
09:59:53,32.99,0.02,36,118794,买盘
09:59:56,32.99,0.0,28,92372,卖盘
09:59:59,32.99,0.0,34,112153,买盘
10:00:02,32.99,0.0,168,554146,买盘
10:00:05,32.98,-0.01,306,1009050,中性盘
10:00:08,32.99,0.01,151,498195,买盘
10:00:11,32.98,-0.01,51,168210,卖盘
10:00:13,32.98,0.0,24,79159,卖盘
10:00:17,32.98,0.0,67,220966,卖盘
10:00:20,32.99,0.01,60,197907,买盘
10:00:23,32.99,0.0,23,75870,买盘
10:00:26,32.99,0.0,5,16493,中性盘
10:00:29,32.99,0.0,21,69296,买盘
10:00:32,32.98,-0.01,5,16494,卖盘
10:00:35,32.99,0.01,25,82457,中性盘
10:00:38,32.99,0.0,136,448554,买盘
10:00:40,32.99,0.0,36,118764,买盘
10:00:44,32.98,-0.01,9,29685,卖盘
10:00:47,33.0,0.02,269,887684,买盘
10:00:50,32.99,-0.01,80,263981,卖盘
10:00:53,32.99,0.0,70,230931,卖盘
10:00:56,32.98,-0.01,61,201183,卖盘
10:00:59,32.99,0.01,19,62678,买盘
10:01:02,32.99,0.0,67,221033,买盘
10:01:05,32.99,0.0,542,1788579,卖盘
10:01:08,32.99,0.0,170,560892,卖盘
10:01:11,33.0,0.01,238,785400,买盘
10:01:14,33.0,0.0,34,112200,卖盘
10:01:16,33.01,0.01,3,9903,买盘
10:01:20,33.01,0.0,273,901163,买盘
10:01:23,33.0,-0.01,174,574364,卖盘
10:01:25,33.01,0.01,28,92447,买盘
10:01:29,33.0,-0.01,19,62710,卖盘
10:01:31,33.01,0.01,28,92443,买盘
10:01:35,33.01,0.0,23,75911,买盘
10:01:38,33.01,0.0,17,56103,买盘
10:01:41,33.02,0.01,261,861508,买盘
10:01:44,33.0,-0.02,12,39600,卖盘
10:01:47,33.01,0.01,19,62713,买盘
10:01:50,33.02,0.01,141,465637,买盘
10:01:53,33.01,-0.01,7,23109,卖盘
10:01:56,33.02,0.01,6,19811,买盘
10:01:59,33.02,0.0,35,115565,买盘
10:02:02,33.01,-0.01,13,42921,卖盘
10:02:05,33.03,0.02,264,871776,买盘
10:02:08,33.04,0.01,49,161857,买盘
10:02:11,33.03,-0.01,48,158556,卖盘
10:02:14,33.04,0.01,7,23122,买盘
10:02:16,33.04,0.0,18,59472,买盘
10:02:20,33.04,0.0,54,178404,买盘
10:02:23,33.03,-0.01,154,508944,卖盘
10:02:26,33.04,0.01,3,9914,中性盘
10:02:29,33.03,-0.01,369,1221122,卖盘
10:02:32,33.03,0.0,188,619152,卖盘
10:02:34,33.03,0.0,34,114571,买盘
10:02:38,33.04,0.01,44,145354,买盘
10:02:40,33.03,-0.01,33,109001,卖盘
10:02:44,33.02,-0.01,17,56134,卖盘
10:02:46,33.04,0.02,48,158571,买盘
10:02:49,33.04,0.0,43,142055,买盘
10:02:53,33.03,-0.01,16,52848,卖盘
10:02:55,33.04,0.01,10,33040,买盘
10:02:59,33.04,0.0,12,39645,买盘
10:03:02,33.04,0.0,87,287437,买盘
10:03:04,33.05,0.01,253,836150,买盘
10:03:08,33.05,0.0,37,122286,卖盘
10:03:11,33.04,-0.01,135,446130,卖盘
10:03:13,33.05,0.01,56,185036,中性盘
10:03:17,33.05,0.0,55,181757,买盘
10:03:20,33.05,0.0,178,588211,卖盘
10:03:23,33.05,0.0,85,280921,买盘
10:03:26,33.06,0.01,80,264420,买盘
10:03:29,33.06,0.0,313,1034561,买盘
10:03:32,33.07,0.01,43,142177,买盘
10:03:35,33.06,-0.01,386,1276116,卖盘
10:03:38,33.06,0.0,28,92595,卖盘
10:03:41,33.07,0.01,338,1117717,买盘
10:03:44,33.07,0.0,55,181887,买盘
10:03:47,33.08,0.01,10,33080,买盘
10:03:50,33.07,-0.01,16,52922,卖盘
10:03:53,33.07,0.0,189,625103,卖盘
10:03:55,33.08,0.01,89,294402,买盘
10:03:59,33.08,0.0,84,277867,买盘
10:04:02,33.07,-0.01,138,456484,卖盘
10:04:04,33.09,0.02,231,764144,买盘
10:04:08,33.1,0.01,107,354107,买盘
10:04:10,33.09,-0.01,19,62873,卖盘
10:04:14,33.08,-0.01,37,122428,卖盘
10:04:17,33.09,0.01,60,198530,买盘
10:04:20,33.08,-0.01,22,72797,卖盘
10:04:22,33.09,0.01,49,162094,买盘
10:04:26,33.1,0.01,107,354066,买盘
10:04:28,33.09,-0.01,29,95977,卖盘
10:04:32,33.1,0.01,19,62890,买盘
10:04:35,33.1,0.0,5,16550,买盘
10:04:38,33.1,0.0,171,565949,买盘
10:04:41,33.09,-0.01,63,208497,卖盘
10:04:44,33.1,0.01,124,410389,买盘
10:04:47,33.09,-0.01,37,122432,卖盘
10:04:50,33.09,0.0,79,261425,买盘
10:04:53,33.1,0.01,749,2479084,买盘
10:04:56,33.1,0.0,29,95983,买盘
10:05:02,33.1,0.0,232,767918,买盘
10:05:04,33.1,0.0,304,1006240,买盘
10:05:08,33.1,0.0,409,1354161,卖盘
10:05:11,33.1,0.0,242,798547,卖盘
10:05:14,33.11,0.01,120,397411,卖盘
10:05:17,33.12,0.01,22,72854,买盘
10:05:19,33.12,0.0,9,29812,卖盘
10:05:23,33.14,0.02,12,39756,买盘
10:05:26,33.13,-0.01,336,1113186,卖盘
10:05:29,33.12,-0.01,162,536747,卖盘
10:05:32,33.14,0.02,86,284841,买盘
10:05:35,33.13,-0.01,42,139159,中性盘
10:05:38,33.1,-0.03,252,836823,卖盘
10:05:41,33.13,0.03,185,609918,买盘
10:05:44,33.13,0.0,48,158981,买盘
10:05:47,33.12,-0.01,11,36434,中性盘
10:05:50,33.11,-0.01,11,36422,卖盘
10:05:53,33.1,-0.01,33,109249,卖盘
10:05:56,33.1,0.0,49,162190,卖盘
10:05:59,33.1,0.0,125,413734,买盘
10:06:02,33.1,0.0,134,443539,买盘
10:06:05,33.1,0.0,514,1701198,买盘
10:06:08,33.08,-0.02,376,1244193,卖盘
10:06:11,33.11,0.03,51,168850,买盘
10:06:14,33.11,0.0,12,39732,卖盘
10:06:16,33.11,0.0,144,476786,卖盘
10:06:20,33.11,0.0,121,400645,卖盘
10:06:23,33.09,-0.02,678,2244485,卖盘
10:06:26,33.08,-0.01,62,205161,卖盘
10:06:29,33.1,0.02,30,99303,买盘
10:06:32,33.1,0.0,61,201874,买盘
10:06:35,33.1,0.0,16,52962,卖盘
10:06:37,33.09,-0.01,24,79438,卖盘
10:06:41,33.1,0.01,185,612287,买盘
10:06:44,33.08,-0.02,29,95981,卖盘
10:06:47,33.08,0.0,39,129028,卖盘
10:06:50,33.1,0.02,152,502849,买盘
10:06:53,33.1,0.0,17,56270,买盘
10:06:55,33.1,0.0,293,969830,买盘
10:06:59,33.09,-0.01,126,417006,卖盘
10:07:02,33.1,0.01,230,761171,买盘
10:07:05,33.11,0.01,522,1728062,买盘
10:07:08,33.11,0.0,150,496789,卖盘
10:07:11,33.11,0.0,485,1605908,卖盘
10:07:13,33.12,0.01,109,361008,买盘
10:07:17,33.11,-0.01,533,1765110,卖盘
10:07:20,33.1,-0.01,148,489953,卖盘
10:07:23,33.1,0.0,106,350860,买盘
10:07:25,33.1,0.0,36,119160,买盘
10:07:29,33.1,0.0,167,552739,买盘
10:07:31,33.1,0.0,187,618920,买盘
10:07:35,33.09,-0.01,167,552767,中性盘
10:07:38,33.1,0.01,179,592442,买盘
10:07:41,33.11,0.01,3,9932,买盘
10:07:44,33.11,0.0,39,129095,买盘
10:07:47,33.11,0.0,3,9933,买盘
10:07:50,33.11,0.0,61,201920,买盘
10:07:53,33.1,-0.01,55,182054,卖盘
10:07:56,33.1,0.0,18,59577,买盘
10:07:59,33.1,0.0,39,129090,买盘
10:08:01,33.1,0.0,717,2373266,买盘
10:08:05,33.11,0.01,351,1162146,买盘
10:08:07,33.12,0.01,11,36428,买盘
10:08:11,33.11,-0.01,65,215268,卖盘
10:08:13,33.13,0.02,272,900632,买盘
10:08:20,33.12,-0.01,95,314655,卖盘
10:08:23,33.09,-0.03,646,2139421,卖盘
10:08:26,33.11,0.02,13,43039,中性盘
10:08:29,33.12,0.01,13,43054,买盘
10:08:32,33.11,-0.01,28,92725,卖盘
10:08:35,33.12,0.01,6,19872,买盘
10:08:38,33.11,-0.01,38,125852,卖盘
10:08:41,33.12,0.01,16,52991,买盘
10:08:43,33.11,-0.01,8,26488,卖盘
10:08:47,33.12,0.01,3,9936,买盘
10:08:49,33.12,0.0,10,33120,买盘
10:08:53,33.11,-0.01,36,119216,卖盘
10:08:56,33.12,0.01,28,92730,买盘
10:08:59,33.1,-0.02,54,178754,卖盘
10:09:02,33.1,0.0,166,549500,卖盘
10:09:05,33.1,0.0,172,569155,买盘
10:09:08,33.1,0.0,478,1582181,买盘
10:09:11,33.1,0.0,46,152209,买盘
10:09:14,33.09,-0.01,108,357290,买盘
10:09:16,33.06,-0.03,86,284400,卖盘
10:09:20,33.1,0.04,125,413367,买盘
10:09:23,33.08,-0.02,96,317632,卖盘
10:09:26,33.08,0.0,45,148836,买盘
10:09:29,33.08,0.0,47,155402,买盘
10:09:32,33.08,0.0,19,62852,买盘
10:09:35,33.07,-0.01,109,360491,卖盘
10:09:38,33.07,0.0,84,277830,卖盘
10:09:41,33.07,0.0,12,39683,买盘
10:09:44,33.06,-0.01,117,386809,卖盘
10:09:47,33.06,0.0,27,89264,卖盘
10:09:50,33.06,0.0,31,102514,卖盘
10:09:53,33.05,-0.01,29,95878,卖盘
10:09:56,33.05,0.0,21,69432,卖盘
10:09:59,33.06,0.01,6,19836,买盘
10:10:02,33.05,-0.01,14,46281,卖盘
10:10:05,33.06,0.01,58,191748,买盘
10:10:07,33.08,0.02,174,575467,买盘
10:10:10,33.07,-0.01,32,106286,卖盘
10:10:14,33.09,0.02,2,6618,买盘
10:10:17,33.08,-0.01,1,3308,卖盘
10:10:20,33.08,0.0,10,33080,卖盘
10:10:22,33.08,0.0,27,89337,卖盘
10:10:25,33.07,-0.01,142,469701,卖盘
10:10:28,33.08,0.01,37,122417,卖盘
10:10:32,33.09,0.01,23,76089,买盘
10:10:35,33.08,-0.01,42,138976,卖盘
10:10:37,33.07,-0.01,393,1299631,卖盘
10:10:41,33.07,0.0,15,49605,买盘
10:10:44,33.07,0.0,6,19842,买盘
10:10:47,33.06,-0.01,216,713667,卖盘
10:10:49,33.06,0.0,37,122322,买盘
10:10:53,33.06,0.0,34,112404,买盘
10:10:56,33.05,-0.01,21,69406,卖盘
10:10:59,33.06,0.01,38,125618,买盘
10:11:01,33.06,0.0,21,69426,买盘
10:11:05,33.06,0.0,131,433086,买盘
10:11:07,33.06,0.0,336,1111324,买盘
10:11:10,33.07,0.01,31,102517,买盘
10:11:14,33.07,0.0,86,284349,买盘
10:11:17,33.06,-0.01,73,241360,卖盘
10:11:20,33.06,0.0,86,284343,卖盘
10:11:23,33.06,0.0,27,88842,卖盘
10:11:26,33.06,0.0,1,3306,买盘
10:11:29,33.05,-0.01,167,551955,卖盘
10:11:32,33.05,0.0,109,360245,买盘
10:11:35,33.04,-0.01,101,333781,卖盘
10:11:38,33.05,0.01,161,532105,买盘
10:11:41,33.05,0.0,34,112357,买盘
10:11:44,33.04,-0.01,13,42965,卖盘
10:11:46,33.05,0.01,12,39659,中性盘
10:11:49,33.04,-0.01,16,52872,卖盘
10:11:53,33.06,0.02,47,155382,买盘
10:11:55,33.06,0.0,32,105792,买盘
10:11:58,33.05,-0.01,10,33051,卖盘
10:12:02,33.05,0.0,68,224737,买盘
10:12:05,33.05,0.0,129,426339,买盘
10:12:07,33.05,0.0,322,1064220,买盘
10:12:11,33.06,0.01,17,56198,买盘
10:12:14,33.02,-0.04,590,1948980,卖盘
10:12:17,33.02,0.0,43,142060,卖盘
10:12:20,33.04,0.02,16,52854,买盘
10:12:23,33.05,0.01,77,254391,买盘
10:12:25,33.03,-0.02,81,267495,卖盘
10:12:29,33.04,0.01,22,72668,买盘
10:12:32,33.03,-0.01,114,376639,卖盘
10:12:35,33.03,0.0,14,46239,买盘
10:12:38,33.05,0.02,105,346793,买盘
10:12:41,33.01,-0.04,311,1026781,卖盘
10:12:44,33.01,0.0,36,118836,买盘
10:12:47,33.01,0.0,9,29709,买盘
10:12:50,33.0,-0.01,1651,5448298,卖盘
10:12:52,33.01,0.01,226,745814,买盘
10:12:55,32.99,-0.02,154,508215,卖盘
10:12:58,33.01,0.02,101,333335,买盘
10:13:02,33.01,0.0,127,419227,买盘
10:13:05,33.0,-0.01,17,56105,卖盘
10:13:08,33.01,0.01,128,422524,买盘
10:13:11,33.02,0.01,201,663504,买盘
10:13:14,33.02,0.0,4,13208,买盘
10:13:20,33.02,0.0,5,16510,卖盘
10:13:23,33.01,-0.01,456,1505444,卖盘
10:13:26,33.02,0.01,33,108953,卖盘
10:13:29,33.04,0.02,67,221292,买盘
10:13:31,33.04,0.0,14,46256,买盘
10:13:35,33.04,0.0,57,188213,卖盘
10:13:38,33.0,-0.04,15,49528,卖盘
10:13:41,33.05,0.05,13,42960,买盘
10:13:44,33.04,-0.01,61,201514,买盘
10:13:47,33.01,-0.03,11,36331,卖盘
10:13:50,33.04,0.03,4,13215,买盘
10:13:53,33.0,-0.04,374,1234261,卖盘
10:13:56,33.0,0.0,9,29720,卖盘
10:13:59,33.02,0.02,8,26416,中性盘
10:14:02,33.02,0.0,143,472167,买盘
10:14:05,33.02,0.0,16,52827,买盘
10:14:08,33.03,0.01,117,386358,买盘
10:14:11,33.02,-0.01,14,46236,卖盘
10:14:13,33.02,0.0,373,1231654,卖盘
10:14:17,33.04,0.02,41,135457,买盘
10:14:20,33.02,-0.02,28,92454,卖盘
10:14:23,33.04,0.02,20,66078,买盘
10:14:25,33.02,-0.02,111,366465,卖盘
10:14:29,33.03,0.01,47,155276,卖盘
10:14:32,33.04,0.01,20,66080,买盘
10:14:34,33.02,-0.02,26,85881,卖盘
10:14:38,33.04,0.02,12,39648,买盘
10:14:41,33.04,0.0,10,33040,买盘
10:14:44,33.04,0.0,53,175021,买盘
10:14:47,33.04,0.0,28,92470,买盘
10:14:50,33.04,0.0,9,29736,买盘
10:14:53,33.04,0.0,19,62776,买盘
10:14:55,33.03,-0.01,5,16519,卖盘
10:14:59,33.04,0.01,7,23128,买盘
10:15:02,33.04,0.0,217,716885,买盘
10:15:05,33.02,-0.02,52,171758,卖盘
10:15:08,33.04,0.02,21,69384,买盘
10:15:11,33.05,0.01,19,62795,买盘
10:15:14,33.04,-0.01,4,13219,卖盘
10:15:17,33.04,0.0,323,1067205,卖盘
10:15:20,33.05,0.01,478,1579650,买盘
10:15:23,33.0,-0.05,308,1016670,卖盘
10:15:26,33.0,0.0,74,244245,买盘
10:15:30,33.0,0.0,46,151973,卖盘
10:15:32,33.05,0.05,25,82570,买盘
10:15:35,33.0,-0.05,50,165026,卖盘
10:15:38,33.03,0.03,36,118822,买盘
10:15:41,33.03,0.0,4,13212,买盘
10:15:44,33.03,0.0,16,52848,买盘
10:15:47,33.03,0.0,3,9909,买盘
10:15:50,33.0,-0.03,279,920655,卖盘
10:15:53,32.98,-0.02,167,550898,卖盘
10:15:55,33.0,0.02,15,49498,买盘
10:15:59,33.0,0.0,53,174890,买盘
10:16:02,32.99,-0.01,158,521230,卖盘
10:16:04,32.98,-0.01,30,98959,卖盘
10:16:06,32.99,0.01,174,574027,买盘
10:16:12,33.0,0.01,178,587380,买盘
10:16:15,33.0,0.0,53,174891,买盘
10:16:17,32.99,-0.01,483,1593436,卖盘
10:16:20,33.0,0.01,38,125368,买盘
10:16:23,33.0,0.0,86,283775,买盘
10:16:26,33.0,0.0,101,333250,买盘
10:16:29,32.99,-0.01,141,465162,卖盘
10:16:32,32.99,0.0,107,352993,买盘
10:16:35,32.98,-0.01,1,3298,卖盘
10:16:38,32.99,0.01,15,49479,买盘
10:16:39,32.99,0.0,17,56081,买盘
10:16:44,32.98,-0.01,36,118739,卖盘
10:16:47,32.98,0.0,32,105523,买盘
10:16:50,32.98,0.0,51,168203,买盘
10:16:51,32.95,-0.03,704,2319962,卖盘
10:16:56,32.95,0.0,96,316320,买盘
10:16:59,32.93,-0.02,50,164677,卖盘
10:17:02,32.97,0.04,446,1469914,买盘
10:17:05,32.97,0.0,23,75831,买盘
10:17:08,32.97,0.0,614,2024358,买盘
10:17:11,32.96,-0.01,180,593098,卖盘
10:17:14,32.97,0.01,153,504443,卖盘
10:17:15,32.97,0.0,180,593460,卖盘
10:17:20,32.98,0.01,86,283564,买盘
10:17:23,32.98,0.0,167,550692,买盘
10:17:26,32.97,-0.01,34,112110,中性盘
10:17:27,32.97,0.0,74,243978,买盘
10:17:30,32.97,0.0,91,300057,卖盘
10:17:35,32.97,0.0,7,23079,买盘
10:17:38,32.95,-0.02,16,52741,卖盘
10:17:41,32.96,0.01,24,79115,卖盘
10:17:44,32.96,0.0,13,42853,买盘
10:17:47,32.95,-0.01,130,428195,卖盘
10:17:50,32.95,0.0,42,138405,买盘
10:17:53,32.95,0.0,28,92275,买盘
10:17:56,32.93,-0.02,86,284976,卖盘
10:17:59,32.93,0.0,65,214070,买盘
10:18:02,32.95,0.02,510,1679235,买盘
10:18:03,32.92,-0.03,61,200816,卖盘
10:18:08,32.95,0.03,782,2572426,买盘
10:18:09,32.95,0.0,117,387263,卖盘
10:18:14,32.93,-0.02,944,3107531,卖盘
10:18:16,32.92,-0.01,6,19763,中性盘
10:18:20,32.9,-0.02,496,1632210,卖盘
10:18:23,32.95,0.05,21,69195,买盘
10:18:26,32.95,0.0,10,32938,买盘
10:18:29,32.95,0.0,292,960894,买盘
10:18:32,32.92,-0.03,29,95476,中性盘
10:18:33,32.92,0.0,60,197490,买盘
10:18:38,32.88,-0.04,1099,3614656,卖盘
10:18:41,32.88,0.0,98,322224,买盘
10:18:44,32.9,0.02,19,62507,买盘
10:18:47,32.9,0.0,41,134854,买盘
10:18:50,32.87,-0.03,143,470188,卖盘
10:18:51,32.88,0.01,386,1268919,卖盘
10:18:56,32.9,0.02,231,759736,买盘
10:18:59,32.9,0.0,196,644653,买盘
10:19:02,32.9,0.0,10,32900,买盘
10:19:05,32.9,0.0,149,490197,买盘
10:19:06,32.86,-0.04,1360,4471144,卖盘
10:19:11,32.87,0.01,30,98630,买盘
10:19:14,32.88,0.01,576,1892660,卖盘
10:19:17,32.88,0.0,79,259606,买盘
10:19:20,32.88,0.0,21,69033,买盘
10:19:23,32.86,-0.02,231,759116,卖盘
10:19:26,32.85,-0.01,521,1711426,卖盘
10:19:29,32.85,0.0,151,496034,买盘
10:19:32,32.86,0.01,51,167559,买盘
10:19:35,32.85,-0.01,731,2400229,卖盘
10:19:38,32.85,0.0,82,269408,卖盘
10:19:41,32.85,0.0,33,108423,卖盘
10:19:42,32.86,0.01,133,436898,买盘
10:19:47,32.85,-0.01,58,190540,卖盘
10:19:50,32.86,0.01,27,88712,买盘
10:19:53,32.85,-0.01,37,121574,中性盘
10:19:56,32.86,0.01,249,818170,买盘
10:19:57,32.86,0.0,344,1130230,卖盘
10:20:02,32.88,0.02,64,210398,买盘
10:20:05,32.88,0.0,34,111818,卖盘
10:20:08,32.88,0.0,604,1987152,卖盘
10:20:11,32.88,0.0,32,105278,卖盘
10:20:12,32.88,0.0,402,1322545,卖盘
10:20:17,32.9,0.02,70,230300,中性盘
10:20:20,32.91,0.01,318,1046137,买盘
10:20:23,32.9,-0.01,17,55939,卖盘
10:20:26,32.91,0.01,78,256642,卖盘
10:20:32,32.91,0.0,44,144820,卖盘
10:20:35,32.9,-0.01,146,480383,卖盘
10:20:38,32.88,-0.02,75,246722,卖盘
10:20:41,32.9,0.02,29,95390,买盘
10:20:44,32.9,0.0,62,203893,买盘
10:20:48,33.0,0.1,1867,6151539,买盘
10:20:50,32.85,-0.15,610,2009121,卖盘
10:20:53,32.88,0.03,118,388680,中性盘
10:20:56,32.87,-0.01,266,874565,卖盘
10:20:59,32.87,0.0,63,207084,买盘
10:21:02,32.9,0.03,41,134844,买盘
10:21:04,32.9,0.0,32,105280,卖盘
10:21:08,32.98,0.08,338,1114572,中性盘
10:21:11,32.9,-0.08,473,1558383,卖盘
10:21:14,32.87,-0.03,63,207317,卖盘
10:21:16,32.87,0.0,36,118532,卖盘
10:21:18,32.97,0.1,77,253474,买盘
10:21:23,32.9,-0.07,323,1061799,中性盘
10:21:26,32.95,0.05,234,769854,买盘
10:21:29,32.87,-0.08,44,144924,卖盘
10:21:32,32.9,0.03,62,203863,买盘
10:21:35,32.87,-0.03,71,233340,卖盘
10:21:38,32.87,0.0,81,266196,买盘
10:21:41,32.87,0.0,55,180766,买盘
10:21:44,32.87,0.0,50,164356,卖盘
10:21:47,32.88,0.01,34,111759,买盘
10:21:50,32.88,0.0,37,121641,买盘
10:21:53,32.88,0.0,58,190663,买盘
10:21:56,32.88,0.0,95,312291,买盘
10:21:57,32.87,-0.01,38,124942,卖盘
10:22:02,32.88,0.01,241,792296,买盘
10:22:05,32.88,0.0,18,59214,中性盘
10:22:08,32.93,0.05,882,2901555,买盘
10:22:10,32.93,0.0,72,237128,买盘
10:22:14,32.9,-0.03,78,256874,卖盘
10:22:17,32.94,0.04,195,642214,买盘
10:22:19,32.93,-0.01,509,1673425,中性盘
10:22:23,32.93,0.0,58,190936,买盘
10:22:26,32.93,0.0,7,23045,买盘
10:22:29,32.93,0.0,16,52680,买盘
10:22:32,32.9,-0.03,165,542899,卖盘
10:22:35,32.93,0.03,319,1049543,买盘
10:22:38,32.92,-0.01,43,141554,中性盘
10:22:41,32.9,-0.02,28,92120,卖盘
10:22:44,32.9,0.0,95,312588,卖盘
10:22:47,32.92,0.02,26,85588,买盘
10:22:48,32.92,0.0,35,115156,买盘
10:22:53,32.9,-0.02,18,59244,卖盘
10:22:55,32.92,0.02,30,98738,卖盘
10:22:59,32.92,0.0,25,82300,买盘
10:23:02,32.92,0.0,335,1103064,买盘
10:23:05,32.9,-0.02,234,770054,卖盘
10:23:08,32.9,0.0,280,921260,买盘
10:23:11,32.94,0.04,207,681882,买盘
10:23:14,32.94,0.0,15,49410,卖盘
10:23:17,32.95,0.01,3,9885,买盘
10:23:20,32.94,-0.01,3,9883,卖盘
10:23:23,32.95,0.01,76,250360,买盘
10:23:26,32.94,-0.01,19,62586,卖盘
10:23:29,32.94,0.0,9,29646,买盘
10:23:32,32.93,-0.01,18,59283,卖盘
10:23:35,32.94,0.01,28,92232,买盘
10:23:38,32.94,0.0,28,92231,买盘
10:23:41,32.9,-0.04,168,552862,卖盘
10:23:44,32.94,0.04,35,115290,买盘
10:23:47,32.91,-0.03,5,16465,卖盘
10:23:50,32.95,0.04,56,184512,买盘
10:23:53,32.95,0.0,64,210684,买盘
10:23:56,32.91,-0.04,5,16464,卖盘
10:24:00,33.0,0.09,1000,3297267,买盘
10:24:01,32.94,-0.06,49,161403,买盘
10:24:05,32.98,0.04,38,125318,买盘
10:24:06,33.0,0.02,141,465025,买盘
10:24:10,32.99,-0.01,32,105537,中性盘
10:24:14,33.0,0.01,6,19800,买盘
10:24:17,32.98,-0.02,59,194607,卖盘
10:24:20,33.0,0.02,21,69298,买盘
10:24:23,33.0,0.0,34,112171,买盘
10:24:26,33.0,0.0,157,517816,买盘
10:24:29,32.99,-0.01,117,385933,中性盘
10:24:32,32.99,0.0,42,138558,卖盘
10:24:35,33.0,0.01,214,706106,买盘
10:24:38,32.99,-0.01,11,36299,卖盘
10:24:41,32.99,0.0,17,56083,卖盘
10:24:44,32.98,-0.01,19,62677,卖盘
10:24:47,32.99,0.01,12,39588,买盘
10:24:50,32.99,0.0,44,145139,卖盘
10:24:53,33.0,0.01,51,168244,买盘
10:24:56,32.98,-0.02,5,16490,卖盘
10:24:57,32.99,0.01,8,26392,买盘
10:25:01,32.99,0.0,83,273771,买盘
10:25:05,32.98,-0.01,218,719078,卖盘
10:25:08,32.99,0.01,381,1256818,买盘
10:25:11,32.99,0.0,105,346400,卖盘
10:25:14,32.99,0.0,29,95657,买盘
10:25:17,32.97,-0.02,13,42871,卖盘
10:25:20,32.99,0.02,34,112154,买盘
10:25:23,32.97,-0.02,16,52753,卖盘
10:25:26,32.97,0.0,17,56038,买盘
10:25:29,32.96,-0.01,47,154928,卖盘
10:25:31,32.96,0.0,48,158181,买盘
10:25:35,32.95,-0.01,81,266952,卖盘
10:25:38,32.95,0.0,22,72490,卖盘
10:25:40,32.95,0.0,116,382222,卖盘
10:25:43,32.95,0.0,29,95555,卖盘
10:25:47,32.95,0.0,58,191075,买盘
10:25:50,32.94,-0.01,2,6588,卖盘
10:25:53,32.94,0.0,29,95502,买盘
10:25:56,32.92,-0.02,1,3292,中性盘
10:25:59,32.93,0.01,40,131734,买盘
10:26:02,32.93,0.0,76,250196,买盘
10:26:05,32.93,0.0,31,102086,卖盘
10:26:08,32.95,0.02,94,309629,买盘
10:26:11,32.94,-0.01,304,1001340,卖盘
10:26:13,32.93,-0.01,38,125150,卖盘
10:26:17,32.94,0.01,18,59289,中性盘
10:26:20,32.93,-0.01,13,42809,卖盘
10:26:23,32.92,-0.01,38,125132,卖盘
10:26:26,32.92,0.0,37,121806,卖盘
10:26:29,32.91,-0.01,76,250111,卖盘
10:26:32,32.9,-0.01,32,105285,卖盘
10:26:35,32.91,0.01,53,174409,买盘
10:26:38,32.9,-0.01,40,131614,卖盘
10:26:41,32.9,0.0,77,253330,卖盘
10:26:44,32.9,0.0,111,365211,卖盘
10:26:46,32.89,-0.01,25,82225,卖盘
10:26:50,32.89,0.0,28,92092,买盘
10:26:53,32.89,0.0,55,180894,买盘
10:26:56,32.89,0.0,9,29601,买盘
10:26:59,32.88,-0.01,80,263121,卖盘
10:27:01,32.89,0.01,56,184182,买盘
10:27:04,32.89,0.0,31,101964,卖盘
10:27:08,32.9,0.01,376,1237024,买盘
10:27:11,32.89,-0.01,288,947501,卖盘
10:27:14,32.89,0.0,299,983434,卖盘
10:27:17,32.89,0.0,75,246675,买盘
10:27:20,32.89,0.0,69,226894,买盘
10:27:23,32.89,0.0,100,328898,买盘
10:27:26,32.9,0.01,39,128264,买盘
10:27:29,32.9,0.0,63,207219,买盘
10:27:31,32.89,-0.01,121,397982,卖盘
10:27:35,32.9,0.01,46,151339,买盘
10:27:38,32.9,0.0,209,685308,买盘
10:27:40,32.9,0.0,111,365038,买盘
10:27:44,32.89,-0.01,20,65794,卖盘
10:27:47,32.9,0.01,5,16450,买盘
10:27:50,32.9,0.0,28,92108,买盘
10:27:53,32.9,0.0,17,55929,买盘
10:27:55,32.9,0.0,307,1010030,买盘
10:27:59,32.9,0.0,24,78960,买盘
10:28:02,32.9,0.0,53,174348,买盘
10:28:04,32.9,0.0,207,681025,买盘
10:28:08,32.91,0.01,22,72402,买盘
10:28:10,32.91,0.0,77,253525,卖盘
10:28:14,32.93,0.02,57,187749,中性盘
10:28:17,32.95,0.02,82,270063,买盘
10:28:20,32.91,-0.04,61,200831,卖盘
10:28:23,32.91,0.0,11,36206,卖盘
10:28:26,32.92,0.01,45,148171,中性盘
10:28:29,32.91,-0.01,47,154688,卖盘
10:28:32,32.93,0.02,35,115253,中性盘
10:28:34,32.93,0.0,25,82325,买盘
10:28:38,32.93,0.0,27,88891,买盘
10:28:41,32.92,-0.01,62,204116,买盘
10:28:44,32.92,0.0,22,72423,买盘
10:28:47,32.93,0.01,4,13175,卖盘
10:28:49,32.94,0.01,17,55997,买盘
10:28:53,32.93,-0.01,41,135013,卖盘
10:28:56,32.93,0.0,119,391895,卖盘
10:28:59,32.93,0.0,133,437855,买盘
10:29:02,32.91,-0.02,847,2787868,卖盘
10:29:05,32.92,0.01,118,388366,买盘
10:29:08,32.92,0.0,564,1855811,买盘
10:29:11,32.91,-0.01,46,151379,卖盘
10:29:14,32.9,-0.01,233,766739,卖盘
10:29:17,32.89,-0.01,102,335479,卖盘
10:29:20,32.91,0.02,212,697527,买盘
10:29:23,32.9,-0.01,107,351951,中性盘
10:29:26,32.89,-0.01,58,190784,卖盘
10:29:29,32.89,0.0,176,579007,卖盘
10:29:32,32.91,0.02,34,111863,买盘
10:29:34,32.91,0.0,25,82275,买盘
10:29:38,32.9,-0.01,107,352142,卖盘
10:29:41,32.91,0.01,28,92141,卖盘
10:29:43,32.91,0.0,23,75687,买盘
10:29:47,32.89,-0.02,416,1368310,卖盘
10:29:50,32.91,0.02,4,13164,买盘
10:29:53,32.91,0.0,65,213889,卖盘
10:29:55,32.88,-0.03,207,680823,卖盘
10:29:59,32.91,0.03,84,276393,买盘
10:30:01,32.94,0.03,132,437129,买盘
10:30:05,32.94,0.0,48,155519,卖盘
10:30:07,32.88,-0.06,791,2603783,卖盘
10:30:11,32.86,-0.02,311,1022554,卖盘
10:30:14,32.88,0.02,151,496468,买盘
10:30:17,32.88,0.0,369,1212691,买盘
10:30:20,32.85,-0.03,80,262842,卖盘
10:30:23,32.88,0.03,314,1031902,买盘
10:30:26,32.9,0.02,214,703844,买盘
10:30:29,32.88,-0.02,231,759593,卖盘
10:30:32,32.9,0.02,29,95398,买盘
10:30:34,32.9,0.0,125,411363,买盘
10:30:38,32.88,-0.02,29,95399,卖盘
10:30:40,32.89,0.01,147,483352,中性盘
10:30:43,32.88,-0.01,7,23018,卖盘
10:30:47,32.89,0.01,83,272865,买盘
10:30:50,32.88,-0.01,2,6576,卖盘
10:30:56,32.86,-0.02,31,101884,卖盘
10:30:59,32.86,0.0,213,699918,卖盘
10:31:02,32.86,0.0,156,512581,买盘
10:31:05,32.85,-0.01,412,1355395,卖盘
10:31:08,32.88,0.03,311,1022151,买盘
10:31:10,32.88,0.0,30,98640,卖盘
10:31:13,32.89,0.01,153,503086,买盘
10:31:17,32.88,-0.01,94,309077,卖盘
10:31:20,32.89,0.01,4,13153,买盘
10:31:23,32.89,0.0,62,203879,买盘
10:31:26,32.88,-0.01,21,69058,卖盘
10:31:29,32.88,0.0,107,351878,卖盘
10:31:31,32.88,0.0,57,187418,卖盘
10:31:34,32.88,0.0,46,151264,卖盘
10:31:38,32.89,0.01,25,82211,买盘
10:31:41,32.88,-0.01,192,631300,卖盘
10:31:46,32.88,0.0,23,75624,买盘
10:31:49,32.88,0.0,314,1032558,买盘
10:31:53,32.87,-0.01,65,213648,卖盘
10:31:59,32.87,0.0,66,217005,卖盘
10:32:02,32.88,0.01,149,489902,买盘
10:32:05,32.89,0.01,89,292631,买盘
10:32:08,32.89,0.0,70,230219,买盘
10:32:10,32.88,-0.01,414,1361633,卖盘
10:32:14,32.88,0.0,37,121651,买盘
10:32:17,32.88,0.0,30,98640,买盘
10:32:20,32.87,-0.01,23,75603,卖盘
10:32:23,32.87,0.0,12,39438,买盘
10:32:26,32.87,0.0,27,88749,买盘
10:32:28,32.86,-0.01,29,95309,卖盘
10:32:32,32.87,0.01,21,69027,买盘
10:32:35,32.86,-0.01,29,95318,卖盘
10:32:38,32.86,0.0,37,121597,卖盘
10:32:41,32.86,0.0,44,144614,卖盘
10:32:44,32.87,0.01,47,154456,买盘
10:32:47,32.86,-0.01,90,295547,卖盘
10:32:50,32.87,0.01,39,128193,买盘
10:32:53,32.87,0.0,159,522640,卖盘
10:32:56,32.87,0.0,77,253099,卖盘
10:32:59,32.87,0.0,306,1005788,卖盘
10:33:02,32.87,0.0,158,519280,买盘
10:33:05,32.85,-0.02,677,2224026,卖盘
10:33:08,32.86,0.01,149,489593,买盘
10:33:11,32.87,0.01,13,42720,买盘
10:33:13,32.87,0.0,38,124873,买盘
10:33:17,32.87,0.0,31,101885,买盘
10:33:20,32.86,-0.01,565,1856555,卖盘
10:33:22,32.86,0.0,44,144555,买盘
10:33:26,32.85,-0.01,97,318656,卖盘
10:33:29,32.86,0.01,11,36145,买盘
10:33:32,32.85,-0.01,273,895173,卖盘
10:33:35,32.84,-0.01,82,269350,卖盘
10:33:38,32.84,0.0,52,170798,卖盘
10:33:41,32.85,0.01,51,167498,买盘
10:33:44,32.84,-0.01,92,302166,卖盘
10:33:47,32.85,0.01,81,266044,买盘
10:33:49,32.84,-0.01,50,164170,买盘
10:33:53,32.84,0.0,45,147777,买盘
10:33:56,32.84,0.0,546,1792589,买盘
10:33:58,32.84,0.0,113,370992,买盘
10:34:01,32.84,0.0,191,627120,买盘
10:34:05,32.82,-0.02,35,114896,卖盘
10:34:08,32.83,0.01,25,82061,买盘
10:34:11,32.85,0.02,407,1336971,买盘
10:34:14,32.85,0.0,56,183961,卖盘
10:34:17,32.85,0.0,109,358099,卖盘
10:34:20,32.85,0.0,12,39420,卖盘
10:34:23,32.85,0.0,42,137974,卖盘
10:34:26,32.85,0.0,61,200402,卖盘
10:34:29,32.86,0.01,34,111694,买盘
10:34:32,32.86,0.0,30,98578,买盘
10:34:35,32.85,-0.01,127,417209,卖盘
10:34:37,32.87,0.02,86,282603,买盘
10:34:40,32.87,0.0,92,302372,买盘
10:34:44,32.86,-0.01,202,663753,卖盘
10:34:47,32.87,0.01,142,466475,买盘
10:34:49,32.85,-0.02,29,95300,卖盘
10:34:53,32.85,0.0,45,147860,卖盘
10:34:56,32.85,0.0,61,200385,卖盘
10:34:59,32.85,0.0,40,131400,买盘
10:35:02,32.85,0.0,110,361350,买盘
10:35:04,32.85,0.0,33,108408,卖盘
10:35:07,32.85,0.0,16,52561,卖盘
10:35:11,32.86,0.01,136,446901,买盘
10:35:14,32.87,0.01,110,361468,买盘
10:35:17,32.87,0.0,136,446901,买盘
10:35:20,32.86,-0.01,97,318757,卖盘
10:35:23,32.85,-0.01,127,417338,卖盘
10:35:26,32.87,0.02,13,42731,买盘
10:35:29,32.86,-0.01,4,13144,卖盘
10:35:31,32.87,0.01,8,26290,买盘
10:35:35,32.87,0.0,41,134765,买盘
10:35:38,32.87,0.0,99,325321,买盘
10:35:40,32.86,-0.01,37,121582,中性盘
10:35:44,32.87,0.01,45,147895,买盘
10:35:47,32.86,-0.01,17,55872,中性盘
10:35:49,32.85,-0.01,99,325217,卖盘
10:35:53,32.85,0.0,54,177379,买盘
10:35:55,32.85,0.0,33,108405,买盘
10:35:59,32.84,-0.01,152,499189,卖盘
10:36:02,32.84,0.0,35,114940,买盘
10:36:05,32.85,0.01,108,354679,买盘
10:36:08,32.85,0.0,91,298937,买盘
10:36:11,32.85,0.0,586,1925389,卖盘
10:36:14,32.85,0.0,202,663572,卖盘
10:36:17,32.85,0.0,148,486179,买盘
10:36:19,32.85,0.0,16,52560,买盘
10:36:23,32.84,-0.01,42,137940,卖盘
10:36:25,32.85,0.01,52,170804,买盘
10:36:29,32.85,0.0,140,459767,买盘
10:36:32,32.85,0.0,128,420365,买盘
10:36:35,32.84,-0.01,67,220021,中性盘
10:36:37,32.83,-0.01,20,65678,卖盘
10:36:41,32.82,-0.01,456,1496764,卖盘
10:36:44,32.84,0.02,24,78813,买盘
10:36:46,32.84,0.0,52,170768,买盘
10:36:50,32.82,-0.02,377,1237334,卖盘
10:36:52,32.82,0.0,87,285532,买盘
10:36:56,32.82,0.0,86,282232,买盘
10:36:58,32.81,-0.01,695,2280568,卖盘
10:37:02,32.82,0.01,181,594311,中性盘
10:37:05,32.81,-0.01,124,406930,卖盘
10:37:07,32.83,0.02,68,223179,买盘
10:37:10,32.82,-0.01,208,682658,卖盘
10:37:14,32.83,0.01,56,183802,买盘
10:37:17,32.82,-0.01,24,78785,卖盘
10:37:20,32.83,0.01,22,72226,卖盘
10:37:23,32.83,0.0,34,111626,卖盘
10:37:26,32.82,-0.01,178,584315,卖盘
10:37:28,32.84,0.02,20,65669,买盘
10:37:32,32.83,-0.01,30,98517,卖盘
10:37:35,32.84,0.01,26,85374,卖盘
10:37:37,32.83,-0.01,86,282343,卖盘
10:37:41,32.84,0.01,65,213360,买盘
10:37:44,32.84,0.0,115,377578,卖盘
10:37:47,32.84,0.0,37,122267,买盘
10:37:50,32.83,-0.01,13,42681,卖盘
10:37:53,32.84,0.01,26,85369,买盘
10:37:56,32.84,0.0,50,164173,买盘
10:37:59,32.83,-0.01,23,75519,卖盘
10:38:02,32.83,0.0,221,725707,卖盘
10:38:05,32.83,0.0,41,134643,卖盘
10:38:08,32.84,0.01,63,206863,买盘
10:38:11,32.84,0.0,127,418714,买盘
10:38:14,32.83,-0.01,253,829228,卖盘
10:38:17,32.84,0.01,28,93594,买盘
10:38:20,32.83,-0.01,51,167469,卖盘
10:38:23,32.84,0.01,104,339790,中性盘
10:38:26,32.84,0.0,63,206831,买盘
10:38:29,32.84,0.0,99,325064,买盘
10:38:32,32.81,-0.03,450,1476616,卖盘
10:38:35,32.82,0.01,22,72206,中性盘
10:38:38,32.82,0.0,45,147688,买盘
10:38:40,32.81,-0.01,37,121421,卖盘
10:38:44,32.81,0.0,12,39372,卖盘
10:38:47,32.81,0.0,155,508584,卖盘
10:38:50,32.82,0.01,7,22970,买盘
10:38:53,32.82,0.0,14,45945,买盘
10:38:56,32.82,0.0,78,255991,买盘
10:38:59,32.82,0.0,50,164070,买盘
10:39:01,32.82,0.0,127,416812,买盘
10:39:05,32.82,0.0,20,65631,买盘
10:39:08,32.82,0.0,198,649846,买盘
10:39:11,32.83,0.01,172,564668,买盘
10:39:13,32.83,0.0,56,183877,卖盘
10:39:17,32.83,0.0,11,36118,卖盘
10:39:20,32.84,0.01,79,259436,买盘
10:39:22,32.84,0.0,3,9851,买盘
10:39:25,32.84,0.0,35,114940,买盘
10:39:29,32.83,-0.01,79,259388,卖盘
10:39:32,32.84,0.01,31,101802,买盘
10:39:35,32.84,0.0,50,164167,买盘
10:39:37,32.83,-0.01,71,233113,卖盘
10:39:41,32.84,0.01,32,105088,中性盘
10:39:44,32.84,0.0,11,36120,买盘
10:39:47,32.84,0.0,58,190452,买盘
10:39:50,32.84,0.0,36,118195,买盘
10:39:53,32.84,0.0,31,101785,买盘
10:39:56,32.84,0.0,76,249527,买盘
10:39:59,32.83,-0.01,142,466192,卖盘
10:40:02,32.84,0.01,58,190415,买盘
10:40:05,32.83,-0.01,31,101793,卖盘
10:40:08,32.83,0.0,196,643615,卖盘
10:40:11,32.84,0.01,280,919519,买盘
10:40:13,32.83,-0.01,60,197019,卖盘
10:40:17,32.84,0.01,38,124787,买盘
10:40:20,32.84,0.0,13,42692,买盘
10:40:23,32.84,0.0,20,65680,买盘
10:40:25,32.84,0.0,233,765172,买盘
10:40:28,32.84,0.0,60,197035,买盘
10:40:32,32.83,-0.01,12,39396,卖盘
10:40:35,32.84,0.01,32,105072,买盘
10:40:38,32.84,0.0,33,108366,买盘
10:40:41,32.83,-0.01,7,22985,卖盘
10:40:44,32.83,0.0,27,88663,卖盘
10:40:46,32.83,0.0,23,75525,卖盘
10:40:50,32.84,0.01,23,75529,买盘
10:40:53,32.83,-0.01,19,62385,卖盘
10:40:56,32.83,0.0,76,249508,卖盘
10:40:59,32.83,0.0,36,118198,卖盘
10:41:02,32.84,0.01,227,745374,买盘
10:41:04,32.84,0.0,59,193707,买盘
10:41:08,32.83,-0.01,46,151034,卖盘
10:41:11,32.85,0.02,151,495809,买盘
10:41:13,32.84,-0.01,17,55828,卖盘
10:41:16,32.84,0.0,11,36124,卖盘
10:41:20,32.85,0.01,55,180625,买盘
10:41:23,32.85,0.0,20,65687,买盘
10:41:26,32.84,-0.01,37,121534,卖盘
10:41:29,32.84,0.0,77,252914,卖盘
10:41:32,32.85,0.01,19,62414,买盘
10:41:34,32.84,-0.01,82,269290,卖盘
10:41:38,32.85,0.01,12,39420,买盘
10:41:41,32.85,0.0,4,13139,买盘
10:41:43,32.85,0.0,67,220075,买盘
10:41:47,32.85,0.0,50,164232,买盘
10:41:49,32.84,-0.01,32,105088,卖盘
10:41:53,32.84,0.0,35,114963,卖盘
10:41:56,32.84,0.0,210,689649,卖盘
10:41:59,32.84,0.0,14,45986,卖盘
10:42:02,32.85,0.01,147,482882,买盘
10:42:05,32.84,-0.01,34,111674,卖盘
10:42:08,32.84,0.0,40,131387,卖盘
10:42:10,32.85,0.01,373,1225241,买盘
10:42:14,32.85,0.0,13,42705,买盘
10:42:17,32.84,-0.01,41,134657,卖盘
10:42:19,32.83,-0.01,23,75527,卖盘
10:42:23,32.85,0.02,37,121545,中性盘
10:42:26,32.84,-0.01,15,49255,卖盘
10:42:29,32.85,0.01,47,154396,中性盘
10:42:32,32.84,-0.01,29,95243,卖盘
10:42:35,32.85,0.01,20,65687,买盘
10:42:37,32.84,-0.01,21,68975,卖盘
10:42:41,32.84,0.0,43,141254,卖盘
10:42:43,32.84,0.0,76,249627,卖盘
10:42:47,32.85,0.01,23,75549,买盘
10:42:50,32.85,0.0,345,1132690,中性盘
10:42:53,32.85,0.0,133,437050,卖盘
10:42:55,32.84,-0.01,12,39401,中性盘
10:42:59,32.82,-0.02,22,72244,卖盘
10:43:02,32.81,-0.01,515,1690332,卖盘
10:43:05,32.81,0.0,554,1817756,卖盘
10:43:08,32.8,-0.01,126,413376,卖盘
10:43:11,32.81,0.01,517,1696393,买盘
10:43:13,32.81,0.0,40,131251,卖盘
10:43:17,32.81,0.0,60,196870,卖盘
10:43:20,32.81,0.0,103,338075,卖盘
10:43:23,32.81,0.0,6,19686,卖盘
10:43:26,32.81,0.0,35,114844,卖盘
10:43:29,32.81,0.0,189,620167,卖盘
10:43:32,32.81,0.0,28,91874,卖盘
10:43:35,32.81,0.0,42,137836,卖盘
10:43:38,32.83,0.02,121,396971,买盘
10:43:41,32.8,-0.03,45,147602,卖盘
10:43:44,32.8,0.0,20,65619,卖盘
10:43:46,32.81,0.01,18,59055,买盘
10:43:50,32.8,-0.01,11,36089,卖盘
10:43:53,32.8,0.0,43,141051,卖盘
10:43:56,32.81,0.01,13,42642,买盘
10:43:58,32.8,-0.01,51,167301,卖盘
10:44:02,32.81,0.01,135,442932,买盘
10:44:05,32.8,-0.01,46,150884,卖盘
10:44:07,32.8,0.0,67,219816,卖盘
10:44:11,32.81,0.01,199,652905,买盘
10:44:14,32.81,0.0,110,360915,卖盘
10:44:17,32.81,0.0,67,219850,卖盘
10:44:19,32.81,0.0,69,226450,卖盘
10:44:22,32.8,-0.01,84,275546,卖盘
10:44:26,32.8,0.0,67,219776,卖盘
10:44:28,32.81,0.01,43,141073,买盘
10:44:32,32.81,0.0,24,78740,买盘
10:44:35,32.81,0.0,26,85306,卖盘
10:44:38,32.81,0.0,17,55779,卖盘
10:44:41,32.81,0.0,5,16411,卖盘
10:44:43,32.8,-0.01,286,938143,卖盘
10:44:47,32.8,0.0,126,413355,卖盘
10:44:50,32.8,0.0,36,118109,卖盘
10:44:53,32.8,0.0,10,32804,卖盘
10:44:56,32.8,0.0,28,91840,卖盘
10:44:58,32.81,0.01,147,482205,买盘
10:45:01,32.83,0.02,112,367435,买盘
10:45:05,32.79,-0.04,2197,7206183,卖盘
10:45:08,32.77,-0.02,829,2717395,卖盘
10:45:11,32.78,0.01,900,2949767,买盘
10:45:14,32.75,-0.03,468,1532914,卖盘
10:45:16,32.76,0.01,152,497855,买盘
10:45:19,32.75,-0.01,32,104824,卖盘
10:45:23,32.76,0.01,110,360247,买盘
10:45:26,32.75,-0.01,130,425574,中性盘
10:45:29,32.72,-0.03,59,193173,卖盘
10:45:31,32.73,0.01,133,435270,买盘
10:45:35,32.71,-0.02,267,873460,卖盘
10:45:38,32.7,-0.01,52,170078,卖盘
10:45:41,32.71,0.01,181,592002,买盘
10:45:43,32.71,0.0,156,510130,买盘
10:45:47,32.71,0.0,395,1291684,买盘
10:45:50,32.7,-0.01,569,1860674,卖盘
10:45:53,32.7,0.0,455,1487851,卖盘
10:45:56,32.71,0.01,459,1501022,买盘
10:45:59,32.7,-0.01,96,313999,中性盘
10:46:02,32.7,0.0,156,510197,卖盘
10:46:05,32.7,0.0,50,163480,买盘
10:46:08,32.71,0.01,156,510101,买盘
10:46:11,32.71,0.0,420,1373817,买盘
10:46:13,32.72,0.01,209,683826,买盘
10:46:17,32.7,-0.02,534,1746677,卖盘
10:46:20,32.73,0.03,39,127576,中性盘
10:46:23,32.71,-0.02,42,137348,中性盘
10:46:25,32.71,0.0,32,104679,卖盘
10:46:29,32.71,0.0,52,170062,买盘
10:46:32,32.7,-0.01,88,287768,卖盘
10:46:34,32.71,0.01,91,297606,买盘
10:46:38,32.72,0.01,281,919066,买盘
10:46:41,32.72,0.0,50,163565,买盘
10:46:44,32.71,-0.01,93,304210,卖盘
10:46:47,32.71,0.0,43,140642,卖盘
10:46:50,32.71,0.0,54,176619,买盘
10:46:53,32.71,0.0,60,196263,买盘
10:46:56,32.71,0.0,103,336826,买盘
10:46:59,32.71,0.0,113,369579,买盘
10:47:02,32.7,-0.01,184,601804,卖盘
10:47:05,32.7,0.0,109,356429,卖盘
10:47:07,32.7,0.0,28,91551,买盘
10:47:11,32.7,0.0,122,398918,买盘
10:47:14,32.71,0.01,55,179859,买盘
10:47:17,32.7,-0.01,824,2694521,卖盘
10:47:20,32.68,-0.02,1506,4922347,卖盘
10:47:23,32.7,0.02,43,140612,卖盘
10:47:26,32.7,0.0,420,1373020,买盘
10:47:29,32.7,0.0,419,1368850,买盘
10:47:32,32.69,-0.01,39,127442,买盘
10:47:35,32.68,-0.01,101,330013,卖盘
10:47:38,32.69,0.01,353,1153658,买盘
10:47:41,32.69,0.0,137,447854,卖盘
10:47:44,32.69,0.0,151,493623,卖盘
10:47:47,32.69,0.0,35,114418,卖盘
10:47:50,32.69,0.0,215,702836,买盘
10:47:53,32.67,-0.02,103,336441,中性盘
10:47:56,32.66,-0.01,91,297218,卖盘
10:47:58,32.66,0.0,66,215597,买盘
10:48:01,32.66,0.0,93,303738,买盘
10:48:05,32.65,-0.01,796,2599059,卖盘
10:48:08,32.66,0.01,62,202469,买盘
10:48:11,32.66,0.0,87,284122,买盘
10:48:14,32.66,0.0,43,140438,卖盘
10:48:17,32.66,0.0,51,166606,卖盘
10:48:19,32.67,0.01,85,277620,买盘
10:48:23,32.67,0.0,56,182911,买盘
10:48:26,32.67,0.0,16,52271,买盘
10:48:29,32.69,0.02,43,140489,买盘
10:48:32,32.67,-0.02,49,160086,卖盘
10:48:35,32.67,0.0,22,71877,卖盘
10:48:38,32.68,0.01,14,45750,中性盘
10:48:41,32.68,0.0,68,222175,买盘
10:48:44,32.67,-0.01,137,447586,卖盘
10:48:47,32.67,0.0,52,169886,卖盘
10:48:50,32.67,0.0,546,1783262,买盘
10:48:53,32.68,0.01,299,976771,买盘
10:48:56,32.66,-0.02,199,650003,卖盘
10:48:59,32.67,0.01,349,1140190,买盘
10:49:01,32.67,0.0,819,2675795,卖盘
10:49:04,32.67,0.0,112,365905,卖盘
10:49:07,32.68,0.01,24,78424,买盘
10:49:11,32.68,0.0,606,1980367,买盘
10:49:14,32.67,-0.01,64,209135,卖盘
10:49:16,32.67,0.0,34,111132,卖盘
10:49:19,32.68,0.01,24,78449,中性盘
10:49:23,32.7,0.02,18,58831,买盘
10:49:26,32.69,-0.01,2,6537,中性盘
10:49:29,32.68,-0.01,36,117665,卖盘
10:49:32,32.68,0.0,91,297431,卖盘
10:49:35,32.7,0.02,133,434656,买盘
10:49:37,32.7,0.0,22,71930,买盘
10:49:41,32.69,-0.01,60,196161,中性盘
10:49:44,32.69,0.0,1,3269,卖盘
10:49:49,32.69,0.0,68,222293,卖盘
10:49:53,32.7,0.01,105,343182,买盘
10:49:56,32.68,-0.02,16,52294,卖盘
10:49:59,32.69,0.01,47,153639,买盘
10:50:02,32.69,0.0,75,245164,买盘
10:50:05,32.69,0.0,193,630815,卖盘
10:50:08,32.69,0.0,87,284413,买盘
10:50:11,32.7,0.01,267,872878,买盘
10:50:14,32.69,-0.01,71,232107,卖盘
10:50:17,32.69,0.0,35,114416,卖盘
10:50:20,32.7,0.01,477,1559342,买盘
10:50:23,32.7,0.0,35,114433,买盘
10:50:26,32.69,-0.01,8,26152,中性盘
10:50:28,32.69,0.0,264,862773,买盘
10:50:32,32.69,0.0,145,473976,买盘
10:50:34,32.7,0.01,86,281131,买盘
10:50:38,32.68,-0.02,52,169963,卖盘
10:50:41,32.69,0.01,14,45754,买盘
10:50:44,32.68,-0.01,100,326810,卖盘
10:50:47,32.68,0.0,35,114370,买盘
10:50:50,32.7,0.02,40,130707,买盘
10:50:53,32.68,-0.02,37,120898,卖盘
10:50:56,32.68,0.0,46,150319,卖盘
10:50:58,32.68,0.0,20,65380,卖盘
10:51:02,32.69,0.01,39,127481,买盘
10:51:05,32.67,-0.02,223,728787,卖盘
10:51:08,32.69,0.02,98,320341,买盘
10:51:11,32.69,0.0,180,588412,买盘
10:51:14,32.69,0.0,5,16347,卖盘
10:51:17,32.7,0.01,116,379207,买盘
10:51:19,32.69,-0.01,230,751873,卖盘
10:51:22,32.7,0.01,21,68654,买盘
10:51:26,32.69,-0.01,24,78458,卖盘
10:51:29,32.68,-0.01,77,251711,卖盘
10:51:32,32.69,0.01,26,84999,中性盘
10:51:34,32.68,-0.01,33,107866,卖盘
10:51:38,32.69,0.01,90,294203,买盘
10:51:41,32.69,0.0,56,183063,买盘
10:51:44,32.69,0.0,17,55561,买盘
10:51:47,32.68,-0.01,19,62092,卖盘
10:51:50,32.68,0.0,82,267996,卖盘
10:51:53,32.69,0.01,103,336632,买盘
10:51:56,32.68,-0.01,69,225493,卖盘
10:51:58,32.68,0.0,135,441207,卖盘
10:52:01,32.69,0.01,141,460913,买盘
10:52:05,32.69,0.0,94,307218,买盘
10:52:08,32.67,-0.02,425,1388585,卖盘
10:52:11,32.69,0.02,25,81713,买盘
10:52:14,32.69,0.0,31,101315,买盘
10:52:17,32.67,-0.02,546,1784256,卖盘
10:52:20,32.68,0.01,24,78443,卖盘
10:52:22,32.68,0.0,281,918122,卖盘
10:52:26,32.68,0.0,53,173161,中性盘
10:52:29,32.68,0.0,354,1156393,卖盘
10:52:32,32.68,0.0,655,2138505,买盘
10:52:35,32.65,-0.03,60,195920,卖盘
10:52:38,32.65,0.0,45,146958,买盘
10:52:41,32.65,0.0,103,336372,卖盘
10:52:44,32.64,-0.01,165,538579,卖盘
10:52:47,32.74,0.1,2097,6859212,买盘
10:52:49,32.65,-0.09,44,144011,中性盘
10:52:53,32.63,-0.02,398,1298853,卖盘
10:52:56,32.63,0.0,703,2292660,买盘
10:52:59,32.62,-0.01,66,215334,卖盘
10:53:02,32.62,0.0,112,365305,买盘
10:53:05,32.62,0.0,1449,4724144,买盘
10:53:07,32.6,-0.02,435,1417733,中性盘
10:53:11,32.62,0.02,348,1135014,买盘
10:53:14,32.63,0.01,178,580655,买盘
10:53:16,32.7,0.07,520,1698907,买盘
10:53:19,32.7,0.0,87,284500,卖盘
10:53:23,32.62,-0.08,1583,5176285,卖盘
10:53:26,32.65,0.03,11,35926,中性盘
10:53:29,32.63,-0.02,170,555288,卖盘
10:53:32,32.62,-0.01,75,244763,卖盘
10:53:35,32.62,0.0,79,257724,卖盘
10:53:38,32.6,-0.02,405,1320566,卖盘
10:53:41,32.62,0.02,218,710706,买盘
10:53:43,32.62,0.0,6,19572,卖盘
10:53:47,32.63,0.01,73,238177,买盘
10:53:50,32.63,0.0,72,234880,中性盘
10:53:53,32.61,-0.02,101,329292,卖盘
10:53:56,32.6,-0.01,203,661992,卖盘
10:53:59,32.6,0.0,60,195622,卖盘
10:54:02,32.6,0.0,189,616123,买盘
10:54:05,32.59,-0.01,113,368305,卖盘
10:54:07,32.59,0.0,437,1423892,卖盘
10:54:11,32.59,0.0,327,1065496,买盘
10:54:14,32.59,0.0,217,707244,卖盘
10:54:17,32.58,-0.01,254,827815,卖盘
10:54:20,32.56,-0.02,137,446153,卖盘
10:54:23,32.56,0.0,82,267066,卖盘
10:54:26,32.55,-0.01,201,654272,卖盘
10:54:29,32.55,0.0,129,419833,买盘
10:54:32,32.52,-0.03,145,471682,卖盘
10:54:35,32.53,0.01,549,1785477,中性盘
10:54:38,32.52,-0.01,956,3109016,卖盘
10:54:41,32.52,0.0,912,2965916,卖盘
10:54:44,32.51,-0.01,151,490944,卖盘
10:54:47,32.51,0.0,239,777036,卖盘
10:54:50,32.5,-0.01,294,955725,卖盘
10:54:53,32.51,0.01,408,1326047,买盘
10:54:55,32.5,-0.01,539,1751767,卖盘
10:54:58,32.5,0.0,526,1709553,卖盘
10:55:02,32.5,0.0,616,2002180,卖盘
10:55:05,32.5,0.0,508,1652163,买盘
10:55:07,32.5,0.0,93,302293,卖盘
10:55:11,32.51,0.01,795,2582950,买盘
10:55:14,32.5,-0.01,140,456213,卖盘
10:55:17,32.5,0.0,569,1848870,卖盘
10:55:20,32.5,0.0,269,874328,卖盘
10:55:23,32.52,0.02,222,721491,买盘
10:55:26,32.52,0.0,401,1303842,买盘
10:55:29,32.5,-0.02,198,643803,卖盘
10:55:32,32.52,0.02,402,1307148,买盘
10:55:35,32.5,-0.02,444,1443493,卖盘
10:55:37,32.5,0.0,103,334764,卖盘
10:55:41,32.51,0.01,180,585004,中性盘
10:55:44,32.53,0.02,110,357672,买盘
10:55:47,32.53,0.0,102,331612,买盘
10:55:50,32.47,-0.06,974,3164122,卖盘
10:55:53,32.5,0.03,318,1033664,卖盘
10:55:56,32.52,0.02,185,601280,买盘
10:55:59,32.53,0.01,85,276379,买盘
10:56:01,32.5,-0.03,589,1912845,卖盘
10:56:05,32.5,0.0,47,152745,买盘
10:56:08,32.49,-0.01,17,55244,卖盘
10:56:11,32.5,0.01,116,377003,买盘
10:56:14,32.53,0.03,138,448503,买盘
10:56:17,32.52,-0.01,147,477779,中性盘
10:56:20,32.51,-0.01,18,58528,中性盘
10:56:23,32.5,-0.01,241,783354,卖盘
10:56:25,32.52,0.02,36,117011,买盘
10:56:30,32.52,0.0,32,104032,买盘
10:56:32,32.51,-0.01,41,133311,卖盘
10:56:35,32.52,0.01,220,715116,买盘
10:56:38,32.5,-0.02,49,159281,卖盘
10:56:41,32.55,0.05,817,2658247,买盘
10:56:44,32.55,0.0,143,465465,卖盘
10:56:47,32.55,0.0,7,22785,卖盘
10:56:50,32.55,0.0,92,299497,卖盘
10:56:53,32.55,0.0,189,615198,卖盘
10:56:56,32.56,0.01,408,1328395,买盘
10:56:59,32.56,0.0,176,573056,卖盘
10:57:02,32.58,0.02,54,175906,买盘
10:57:05,32.56,-0.02,177,576495,卖盘
10:57:08,32.58,0.02,241,784523,买盘
10:57:11,32.58,0.0,51,166130,买盘
10:57:14,32.58,0.0,214,697213,卖盘
10:57:17,32.58,0.0,17,55386,卖盘
10:57:19,32.58,0.0,46,149882,卖盘
10:57:23,32.55,-0.03,1556,5066933,卖盘
10:57:25,32.59,0.04,69,224804,买盘
10:57:29,32.59,0.0,24,78210,买盘
10:57:32,32.55,-0.04,111,361372,卖盘
10:57:35,32.59,0.04,38,123741,买盘
10:57:38,32.56,-0.03,6,19536,卖盘
10:57:41,32.56,0.0,44,143323,中性盘
10:57:44,32.59,0.03,72,234557,买盘
10:57:47,32.58,-0.01,134,436591,卖盘
10:57:50,32.58,0.0,153,498509,买盘
10:57:53,32.58,0.0,69,224802,买盘
10:57:56,32.58,0.0,82,267151,买盘
10:57:59,32.58,0.0,46,149862,买盘
10:58:02,32.57,-0.01,355,1156776,卖盘
10:58:05,32.57,0.0,24,78164,买盘
10:58:08,32.55,-0.02,55,179062,卖盘
10:58:11,32.57,0.02,81,262882,买盘
10:58:13,32.57,0.0,33,107481,卖盘
10:58:17,32.57,0.0,22,71655,卖盘
10:58:20,32.58,0.01,539,1755557,买盘
10:58:23,32.57,-0.01,30,98635,卖盘
10:58:26,32.58,0.01,42,135895,买盘
10:58:28,32.58,0.0,85,276887,买盘
10:58:32,32.56,-0.02,36,118129,买盘
10:58:34,32.57,0.01,17,55353,买盘
10:58:38,32.58,0.01,54,175850,买盘
10:58:40,32.57,-0.01,12,39090,中性盘
10:58:44,32.55,-0.02,47,153043,卖盘
10:58:47,32.57,0.02,50,162843,买盘
10:58:50,32.56,-0.01,23,74902,卖盘
10:58:53,32.57,0.01,214,696891,买盘
10:58:56,32.57,0.0,328,1067893,买盘
10:58:59,32.56,-0.01,20,65126,卖盘
10:59:01,32.58,0.02,242,788230,买盘
10:59:05,32.57,-0.01,28,91199,中性盘
10:59:07,32.57,0.0,2,6514,卖盘
10:59:11,32.58,0.01,62,201985,买盘
10:59:14,32.58,0.0,573,1866755,买盘
10:59:16,32.58,0.0,193,628794,买盘
10:59:20,32.58,0.0,268,873144,卖盘
10:59:23,32.58,0.0,127,413766,卖盘
10:59:25,32.59,0.01,246,801476,买盘
10:59:29,32.59,0.0,22,71692,买盘
10:59:31,32.59,0.0,27,87981,买盘
10:59:35,32.58,-0.01,27,87971,卖盘
10:59:37,32.59,0.01,31,101012,买盘
10:59:41,32.59,0.0,45,146639,买盘
10:59:44,32.59,0.0,369,1202886,买盘
10:59:47,32.6,0.01,29,94516,中性盘
10:59:50,32.6,0.0,230,749825,买盘
10:59:52,32.6,0.0,136,443552,卖盘
10:59:56,32.63,0.03,36,117461,中性盘
11:00:00,32.63,0.0,12,39149,卖盘
11:00:02,32.64,0.01,81,264383,买盘
11:00:05,32.64,0.0,16,52225,卖盘
11:00:08,32.64,0.0,37,120796,卖盘
11:00:10,32.64,0.0,48,156715,卖盘
11:00:15,32.65,0.01,32,104500,卖盘
11:00:16,32.67,0.02,27,88165,买盘
11:00:20,32.67,0.0,23,75147,买盘
11:00:22,32.67,0.0,259,845712,买盘
11:00:26,32.65,-0.02,94,307017,卖盘
11:00:29,32.68,0.03,126,411735,买盘
11:00:32,32.68,0.0,32,104576,卖盘
11:00:35,32.68,0.0,123,401915,卖盘
11:00:37,32.69,0.01,17,55572,买盘
11:00:41,32.68,-0.01,12,39227,卖盘
11:00:44,32.69,0.01,17,55569,买盘
11:00:47,32.68,-0.01,15,49028,卖盘
11:00:50,32.69,0.01,38,124221,买盘
11:00:52,32.68,-0.01,125,408538,卖盘
11:00:56,32.7,0.02,68,222287,买盘
11:00:59,32.68,-0.02,26,84990,卖盘
11:01:02,32.68,0.0,28,91504,卖盘
11:01:05,32.68,0.0,50,163417,卖盘
11:01:08,32.69,0.01,3,9806,买盘
11:01:11,32.69,0.0,71,232122,买盘
11:01:15,32.7,0.01,70,228835,买盘
11:01:17,32.7,0.0,203,663608,买盘
11:01:20,32.7,0.0,14,45777,买盘
11:01:23,32.7,0.0,214,699697,买盘
11:01:26,32.7,0.0,27,88287,买盘
11:01:29,32.7,0.0,101,330259,买盘
11:01:31,32.7,0.0,26,85016,买盘
11:01:35,32.69,-0.01,152,496906,卖盘
11:01:38,32.71,0.02,1,3271,卖盘
11:01:41,32.71,0.0,98,320570,卖盘
11:01:43,32.71,0.0,61,199565,卖盘
11:01:47,32.73,0.02,11,35993,买盘
11:01:50,32.73,0.0,33,108005,买盘
11:01:52,32.72,-0.01,14,45815,卖盘
11:01:56,32.73,0.01,50,163652,卖盘
11:02:00,32.72,-0.01,211,690331,卖盘
11:02:02,32.73,0.01,171,559430,买盘
11:02:05,32.72,-0.01,103,337013,卖盘
11:02:08,32.7,-0.02,67,219140,卖盘
11:02:11,32.73,0.03,217,710164,买盘
11:02:14,32.73,0.0,265,867469,买盘
11:02:17,32.76,0.03,233,760943,买盘
11:02:20,32.74,-0.02,20,65477,卖盘
11:02:23,32.73,-0.01,30,98200,卖盘
11:02:26,32.73,0.0,1,3273,卖盘
11:02:29,32.76,0.03,253,828707,买盘
11:02:32,32.76,0.0,18,58973,卖盘
11:02:35,32.76,0.0,48,157248,卖盘
11:02:38,32.76,0.0,4,13104,卖盘
11:02:41,32.73,-0.03,487,1594815,卖盘
11:02:45,32.77,0.04,166,543757,买盘
11:02:47,32.77,0.0,93,304744,买盘
11:02:50,32.77,0.0,30,98304,买盘
11:02:53,32.77,0.0,216,707831,买盘
11:02:56,32.78,0.01,49,160565,买盘
11:03:00,32.77,-0.01,309,1011461,中性盘
11:03:02,32.78,0.01,140,458900,买盘
11:03:05,32.74,-0.04,79,258761,卖盘
11:03:08,32.76,0.02,17,55691,买盘
11:03:11,32.76,0.0,183,599498,买盘
11:03:14,32.76,0.0,137,448812,买盘
11:03:17,32.76,0.0,2,6552,卖盘
11:03:20,32.77,0.01,7,22933,买盘
11:03:23,32.77,0.0,132,432459,买盘
11:03:26,32.77,0.0,90,294849,买盘
11:03:28,32.77,0.0,18,58969,买盘
11:03:32,32.77,0.0,74,242457,买盘
11:03:35,32.77,0.0,210,688070,买盘
11:03:38,32.76,-0.01,291,953690,卖盘
11:03:41,32.74,-0.02,251,822066,卖盘
11:03:43,32.76,0.02,46,150661,买盘
11:03:48,32.74,-0.02,19,62226,中性盘
11:03:50,32.76,0.02,15,49139,买盘
11:03:53,32.76,0.0,56,183336,买盘
11:03:56,32.76,0.0,2,6552,中性盘
11:04:00,32.77,0.01,84,275246,买盘
11:04:02,32.77,0.0,166,543964,买盘
11:04:05,32.76,-0.01,22,72083,卖盘
11:04:08,32.76,0.0,40,131057,卖盘
11:04:10,32.72,-0.04,156,510579,卖盘
11:04:13,32.76,0.04,97,317786,买盘
11:04:17,32.77,0.01,119,389909,买盘
11:04:20,32.77,0.0,13,42600,买盘
11:04:23,32.77,0.0,211,691445,买盘
11:04:26,32.77,0.0,126,412814,卖盘
11:04:30,32.77,0.0,187,612770,卖盘
11:04:32,32.77,0.0,59,193330,买盘
11:04:35,32.76,-0.01,40,131066,卖盘
11:04:37,32.76,0.0,77,252300,卖盘
11:04:41,32.77,0.01,88,288325,买盘
11:04:45,32.78,0.01,69,226083,买盘
11:04:50,32.78,0.0,59,193338,买盘
11:04:53,32.78,0.0,52,170452,买盘
11:04:56,32.77,-0.01,10,32775,卖盘
11:04:59,32.78,0.01,29,95046,买盘
11:05:01,32.78,0.0,189,619417,买盘
11:05:05,32.77,-0.01,19,62276,买盘
11:05:08,32.77,0.0,12,39324,买盘
11:05:12,32.77,0.0,30,98305,买盘
11:05:15,32.77,0.0,157,514492,买盘
11:05:17,32.77,0.0,29,95035,卖盘
11:05:20,32.77,0.0,6,19662,卖盘
11:05:22,32.77,0.0,30,98325,卖盘
11:05:26,32.78,0.01,84,275350,买盘
11:05:30,32.79,0.01,106,347518,买盘
11:05:32,32.79,0.0,7,22953,买盘
11:05:35,32.77,-0.02,42,137660,卖盘
11:05:38,32.78,0.01,14,45891,买盘
11:05:41,32.78,0.0,55,180310,买盘
11:05:45,32.78,0.0,2,6555,买盘
11:05:48,32.78,0.0,5,16390,卖盘
11:05:50,32.79,0.01,11,36064,买盘
11:05:53,32.78,-0.01,522,1710742,卖盘
11:05:56,32.78,0.0,1,3278,买盘
11:06:00,32.78,0.0,146,478726,卖盘
11:06:01,32.77,-0.01,154,504870,卖盘
11:06:05,32.79,0.02,22,72122,中性盘
11:06:11,32.79,0.0,62,203145,买盘
11:06:15,32.79,0.0,205,672195,买盘
11:06:17,32.79,0.0,3,9837,卖盘
11:06:20,32.79,0.0,1,3279,卖盘
11:06:23,32.8,0.01,33,108223,买盘
11:06:26,32.8,0.0,7,22960,买盘
11:06:30,32.79,-0.01,67,219697,卖盘
11:06:32,32.79,0.0,27,88547,卖盘
11:06:35,32.76,-0.03,228,747408,卖盘
11:06:38,32.76,0.0,48,157248,买盘
11:06:40,32.76,0.0,69,226034,买盘
11:06:45,32.77,0.01,48,157250,买盘
11:06:48,32.76,-0.01,48,157245,卖盘
11:06:50,32.75,-0.01,9,29475,卖盘
11:06:53,32.75,0.0,52,170327,卖盘
11:06:56,32.76,0.01,23,75333,买盘
11:06:58,32.75,-0.01,42,137550,卖盘
11:07:02,32.75,0.0,137,448672,买盘
11:07:05,32.75,0.0,18,58950,买盘
11:07:08,32.75,0.0,39,127715,买盘
11:07:12,32.74,-0.01,32,104793,卖盘
11:07:15,32.74,0.0,63,206267,买盘
11:07:16,32.74,0.0,12,39291,卖盘
11:07:20,32.74,0.0,84,275034,卖盘
11:07:23,32.76,0.02,20,65520,买盘
11:07:26,32.76,0.0,28,91678,买盘
11:07:29,32.74,-0.02,13,42566,卖盘
11:07:32,32.74,0.0,33,108059,卖盘
11:07:35,32.75,0.01,35,114599,买盘
11:07:37,32.75,0.0,10,32747,买盘
11:07:41,32.75,0.0,272,890781,买盘
11:07:45,32.75,0.0,67,219420,买盘
11:07:48,32.75,0.0,74,242350,卖盘
11:07:50,32.75,0.0,23,75331,卖盘
11:07:53,32.76,0.01,49,160513,买盘
11:07:56,32.75,-0.01,59,193225,卖盘
11:08:00,32.75,0.0,37,121186,卖盘
11:08:02,32.75,0.0,136,445400,买盘
11:08:05,32.75,0.0,29,94970,买盘
11:08:08,32.75,0.0,10,32744,买盘
11:08:12,32.75,0.0,77,252174,买盘
11:08:15,32.75,0.0,297,972957,卖盘
11:08:17,32.75,0.0,142,465117,卖盘
11:08:20,32.76,0.01,48,157248,买盘
11:08:23,32.76,0.0,44,144144,卖盘
11:08:26,32.76,0.0,20,65522,卖盘
11:08:28,32.76,0.0,49,160524,卖盘
11:08:32,32.77,0.01,38,124498,买盘
11:08:35,32.78,0.01,16,52434,买盘
11:08:38,32.77,-0.01,1,3277,卖盘
11:08:40,32.78,0.01,24,78659,买盘
11:08:45,32.78,0.0,171,560538,买盘
11:08:47,32.79,0.01,33,108178,买盘
11:08:50,32.79,0.0,199,652648,买盘
11:08:53,32.8,0.01,101,331280,买盘
11:08:56,32.8,0.0,187,613341,买盘
11:09:00,32.8,0.0,101,331252,买盘
11:09:02,32.79,-0.01,82,268874,买盘
11:09:05,32.8,0.01,37,121340,买盘
11:09:09,32.8,0.0,1388,4552623,买盘
11:09:12,32.81,0.01,219,718368,买盘
11:09:15,32.83,0.02,11,36111,买盘
11:09:17,32.85,0.02,126,413879,买盘
11:09:20,32.86,0.01,17,55845,买盘
11:09:23,32.86,0.0,16,52551,买盘
11:09:26,32.85,-0.01,82,269419,卖盘
11:09:28,32.85,0.0,18,59151,卖盘
11:09:32,32.86,0.01,8,26289,中性盘
11:09:36,32.86,0.0,5,16430,卖盘
11:09:38,32.88,0.02,138,453684,买盘
11:09:41,32.88,0.0,242,795696,买盘
11:09:45,32.88,0.0,77,253177,卖盘
11:09:48,32.87,-0.01,20,65751,卖盘
11:09:50,32.88,0.01,116,381407,买盘
11:09:53,32.88,0.0,59,193970,买盘
11:09:56,32.87,-0.01,24,78888,买盘
11:09:59,32.89,0.02,83,272867,买盘
11:10:02,32.89,0.0,126,414390,买盘
11:10:05,32.89,0.0,6,19736,卖盘
11:10:08,32.9,0.01,6,19735,买盘
11:10:12,32.9,0.0,22,72372,买盘
11:10:15,32.89,-0.01,335,1102109,卖盘
11:10:17,32.89,0.0,9,29601,买盘
11:10:20,32.9,0.01,17,55915,买盘
11:10:24,32.9,0.0,70,233286,买盘
11:10:25,32.9,0.0,19,62511,卖盘
11:10:30,32.91,0.01,24,78968,买盘
11:10:32,32.9,-0.01,91,296370,卖盘
11:10:35,32.89,-0.01,51,167743,卖盘
11:10:38,32.88,-0.01,85,279438,卖盘
11:10:41,32.89,0.01,77,253239,买盘
11:10:45,32.89,0.0,219,720299,买盘
11:10:48,32.87,-0.02,89,292567,卖盘
11:10:50,32.88,0.01,8,26310,中性盘
11:10:53,32.89,0.01,22,72338,买盘
11:10:56,32.89,0.0,18,59192,买盘
11:11:00,32.88,-0.01,22,72323,卖盘
11:11:02,32.88,0.0,38,124934,买盘
11:11:05,32.88,0.0,51,167691,卖盘
11:11:09,32.89,0.01,22,72344,买盘
11:11:12,32.88,-0.01,31,101928,卖盘
11:11:15,32.88,0.0,365,1200455,卖盘
11:11:17,32.88,0.0,26,85492,买盘
11:11:20,32.87,-0.01,65,213674,卖盘
11:11:23,32.88,0.01,16,52608,买盘
11:11:26,32.88,0.0,2,6575,买盘
11:11:30,32.86,-0.02,129,423969,卖盘
11:11:32,32.88,0.02,37,121643,买盘
11:11:35,32.86,-0.02,1,3286,卖盘
11:11:38,32.85,-0.01,23,75570,卖盘
11:11:41,32.88,0.03,49,161038,买盘
11:11:45,32.88,0.0,3,9862,买盘
11:11:48,32.88,0.0,72,236610,买盘
11:11:50,32.88,0.0,36,118358,买盘
11:11:53,32.88,0.0,38,124918,买盘
11:11:56,32.81,-0.07,131,430226,卖盘
11:12:00,32.81,0.0,40,131242,买盘
11:12:02,32.84,0.03,73,239722,买盘
11:12:05,32.84,0.0,134,440014,买盘
11:12:08,32.84,0.0,19,62370,买盘
11:12:12,32.81,-0.03,27,88602,卖盘
11:12:15,32.86,0.05,40,131362,买盘
11:12:17,32.86,0.0,157,515904,卖盘
11:12:20,32.86,0.0,31,101866,卖盘
11:12:24,32.86,0.0,24,78874,卖盘
11:12:26,32.87,0.01,16,52577,买盘
11:12:30,32.87,0.0,28,92032,买盘
11:12:32,32.87,0.0,1,3287,卖盘
11:12:36,32.87,0.0,36,118332,卖盘
11:12:38,32.88,0.01,13,42740,买盘
11:12:41,32.87,-0.01,15,49313,卖盘
11:12:45,32.87,0.0,22,72324,卖盘
11:12:47,32.87,0.0,49,161065,卖盘
11:12:50,32.87,0.0,9,29587,卖盘
11:12:53,32.86,-0.01,202,663995,卖盘
11:13:00,32.86,0.0,15,49293,卖盘
11:13:02,32.87,0.01,51,167636,买盘
11:13:05,32.86,-0.01,323,1061680,卖盘
11:13:09,32.86,0.0,2,6572,买盘
11:13:12,32.85,-0.01,18,59149,卖盘
11:13:15,32.86,0.01,267,877358,中性盘
11:13:17,32.87,0.01,2,6574,买盘
11:13:20,32.87,0.0,13,42719,买盘
11:13:23,32.87,0.0,19,62443,买盘
11:13:26,32.88,0.01,13,42741,买盘
11:13:30,32.88,0.0,4,13149,买盘
11:13:32,32.87,-0.01,19,62453,卖盘
11:13:35,32.86,-0.01,119,391077,卖盘
11:13:38,32.86,0.0,4,13144,买盘
11:13:41,32.85,-0.01,9,29565,卖盘
11:13:45,32.86,0.01,111,364706,买盘
11:13:48,32.86,0.0,377,1238820,买盘
11:13:50,32.86,0.0,3,9858,买盘
11:13:53,32.84,-0.02,77,252901,卖盘
11:13:56,32.84,0.0,13,42692,买盘
11:13:59,32.84,0.0,8,26272,买盘
11:14:02,32.84,0.0,98,324815,买盘
11:14:05,32.84,0.0,23,75532,卖盘
11:14:08,32.88,0.04,165,539242,买盘
11:14:12,32.84,-0.04,50,164087,中性盘
11:14:15,32.89,0.05,100,331793,买盘
11:14:17,32.88,-0.01,54,177554,卖盘
11:14:20,32.88,0.0,6,19728,卖盘
11:14:23,32.88,0.0,69,226906,卖盘
11:14:26,32.89,0.01,136,447229,买盘
11:14:30,32.88,-0.01,35,115082,卖盘
11:14:32,32.89,0.01,60,197281,买盘
11:14:36,32.89,0.0,15,49335,买盘
11:14:38,32.88,-0.01,88,286188,卖盘
11:14:41,32.84,-0.04,7,22992,卖盘
11:14:45,32.85,0.01,29,95294,中性盘
11:14:47,32.85,0.0,20,65695,买盘
11:14:50,32.88,0.03,109,358116,买盘
11:14:53,32.89,0.01,2,6578,买盘
11:14:56,32.88,-0.01,12,39456,卖盘
11:15:00,32.89,0.01,102,335476,买盘
11:15:02,32.89,0.0,148,486742,买盘
11:15:05,32.89,0.0,24,78929,买盘
11:15:09,32.89,0.0,26,85513,买盘
11:15:12,32.85,-0.04,718,2360770,卖盘
11:15:15,32.88,0.03,255,840975,买盘
11:15:17,32.88,0.0,198,651031,卖盘
11:15:20,32.85,-0.03,68,220990,卖盘
11:15:23,32.88,0.03,37,121635,买盘
11:15:26,32.85,-0.03,28,92061,卖盘
11:15:30,32.88,0.03,29,95273,买盘
11:15:32,32.85,-0.03,12,39422,卖盘
11:15:36,32.85,0.0,30,98571,卖盘
11:15:38,32.87,0.02,22,72309,买盘
11:15:42,32.87,0.0,5,16437,卖盘
11:15:44,32.87,0.0,12,39443,卖盘
11:15:48,32.87,0.0,3,9860,买盘
11:15:50,32.87,0.0,25,82167,买盘
11:15:53,32.87,0.0,15,49305,买盘
11:15:56,32.86,-0.01,35,115022,卖盘
11:15:59,32.86,0.0,58,190588,卖盘
11:16:02,32.87,0.01,54,177498,买盘
11:16:05,32.87,0.0,11,36157,卖盘
11:16:09,32.89,0.02,435,1430340,买盘
11:16:12,32.89,0.0,1,3289,买盘
11:16:15,32.89,0.0,251,827182,买盘
11:16:17,32.89,0.0,1021,3359069,卖盘
11:16:20,32.92,0.03,133,437574,买盘
11:16:22,32.89,-0.03,59,194106,卖盘
11:16:26,32.91,0.02,7,23032,买盘
11:16:29,32.91,0.0,30,98716,买盘
11:16:32,32.9,-0.01,1,3290,卖盘
11:16:36,32.9,0.0,16,52650,卖盘
11:16:38,32.91,0.01,11,36201,买盘
11:16:41,32.9,-0.01,11,36191,卖盘
11:16:44,32.91,0.01,25,82270,买盘
11:16:47,32.9,-0.01,42,138221,卖盘
11:16:50,32.9,0.0,62,203983,卖盘
11:16:53,32.9,0.0,135,444203,卖盘
11:16:56,32.9,0.0,51,167835,买盘
11:17:00,32.92,0.02,135,444288,买盘
11:17:02,32.9,-0.02,10,32895,买盘
11:17:05,32.92,0.02,46,151388,买盘
11:17:08,32.9,-0.02,28,92126,卖盘
11:17:12,32.9,0.0,1,3290,卖盘
11:17:14,32.92,0.02,35,115186,买盘
11:17:17,32.91,-0.01,13,42783,卖盘
11:17:20,32.92,0.01,47,154689,买盘
11:17:23,32.91,-0.01,51,167885,卖盘
11:17:26,32.91,0.0,14,46086,卖盘
11:17:29,32.92,0.01,110,362070,买盘
11:17:32,32.92,0.0,62,204102,买盘
11:17:35,32.92,0.0,44,144842,买盘
11:17:38,32.92,0.0,190,625435,买盘
11:17:41,32.92,0.0,93,305967,买盘
11:17:45,32.92,0.0,580,1909239,卖盘
11:17:47,32.93,0.01,36,118514,买盘
11:17:49,32.92,-0.01,4,13168,卖盘
11:17:53,32.93,0.01,37,121837,买盘
11:17:55,32.93,0.0,14,46098,买盘
11:18:00,32.93,0.0,27,88890,买盘
11:18:02,32.93,0.0,37,121841,买盘
11:18:05,32.93,0.0,9,29637,卖盘
11:18:07,32.93,0.0,39,128427,卖盘
11:18:11,32.94,0.01,106,349162,买盘
11:18:14,32.94,0.0,53,174557,买盘
11:18:20,32.95,0.01,8,26355,买盘
11:18:23,32.96,0.01,147,484412,买盘
11:18:26,32.96,0.0,24,79104,买盘
11:18:30,32.96,0.0,210,692076,卖盘
11:18:32,32.97,0.01,21,69233,买盘
11:18:36,32.96,-0.01,95,313172,卖盘
11:18:37,32.96,0.0,5,16480,买盘
11:18:41,32.96,0.0,29,95579,买盘
11:18:44,32.96,0.0,88,291171,买盘
11:18:47,32.96,0.0,2,6592,卖盘
11:18:49,32.97,0.01,64,211003,买盘
11:18:53,32.98,0.01,24,79130,买盘
11:18:55,32.97,-0.01,33,108823,卖盘
11:19:00,32.97,0.0,40,131912,卖盘
11:19:02,32.98,0.01,161,530957,买盘
11:19:05,32.98,0.0,50,164882,买盘
11:19:08,32.99,0.01,104,342998,买盘
11:19:10,32.98,-0.01,113,370347,卖盘
11:19:14,32.98,0.0,93,306689,中性盘
11:19:17,32.99,0.01,232,765336,买盘
11:19:20,32.98,-0.01,78,257272,卖盘
11:19:22,32.99,0.01,28,92362,买盘
11:19:26,32.99,0.0,57,188003,买盘
11:19:29,32.98,-0.01,22,72562,卖盘
11:19:32,32.98,0.0,24,79156,卖盘
11:19:35,32.98,0.0,25,82463,卖盘
11:19:38,32.98,0.0,55,181402,卖盘
11:19:41,32.98,0.0,84,277032,卖盘
11:19:44,32.98,0.0,59,194593,卖盘
11:19:47,32.99,0.01,11,36284,买盘
11:19:49,32.98,-0.01,62,204476,卖盘
11:19:53,32.98,0.0,91,300158,卖盘
11:19:56,32.97,-0.01,42,138487,卖盘
11:19:59,32.97,0.0,59,194538,卖盘
11:20:01,32.98,0.01,53,174794,买盘
11:20:05,32.98,0.0,42,138516,卖盘
11:20:08,32.98,0.0,8,26384,卖盘
11:20:11,32.99,0.01,43,141823,买盘
11:20:14,32.98,-0.01,317,1045768,卖盘
11:20:16,32.99,0.01,71,234204,买盘
11:20:20,32.98,-0.01,19,62662,卖盘
11:20:23,32.98,0.0,70,230794,买盘
11:20:26,32.99,0.01,31,102237,买盘
11:20:29,32.98,-0.01,35,115431,卖盘
11:20:32,32.98,0.0,5,16490,买盘
11:20:35,32.97,-0.01,48,158269,卖盘
11:20:38,32.97,0.0,25,82425,卖盘
11:20:40,32.97,0.0,113,372652,卖盘
11:20:44,32.97,0.0,59,196844,卖盘
11:20:47,32.94,-0.03,64,210954,卖盘
11:20:50,32.95,0.01,9,29656,中性盘
11:20:53,32.94,-0.01,39,128486,卖盘
11:20:56,32.97,0.03,235,774691,买盘
11:20:58,32.94,-0.03,20,65880,卖盘
11:21:01,32.95,0.01,34,112041,买盘
11:21:05,32.95,0.0,96,316333,卖盘
11:21:08,32.96,0.01,392,1290710,买盘
11:21:11,32.94,-0.02,62,204127,卖盘
11:21:13,32.95,0.01,53,172323,买盘
11:21:17,32.96,0.01,24,80741,买盘
11:21:20,32.95,-0.01,348,1146661,卖盘
11:21:23,32.95,0.0,15,49426,卖盘
11:21:26,32.96,0.01,31,102172,买盘
11:21:29,32.95,-0.01,96,314675,卖盘
11:21:32,32.96,0.01,23,75797,卖盘
11:21:34,32.96,0.0,46,151597,买盘
11:21:38,32.95,-0.01,5,16475,中性盘
11:21:41,32.96,0.01,38,125219,买盘
11:21:44,32.96,0.0,10,32960,买盘
11:21:47,32.95,-0.01,9,29658,卖盘
11:21:50,32.94,-0.01,4,13177,卖盘
11:21:53,32.95,0.01,19,62600,买盘
11:21:56,32.92,-0.03,67,220738,卖盘
11:21:59,32.95,0.03,50,164747,买盘
11:22:02,32.95,0.0,160,527182,买盘
11:22:04,32.97,0.02,131,431790,买盘
11:22:08,32.94,-0.03,12,39519,中性盘
11:22:12,32.96,0.02,33,108646,买盘
11:22:14,32.96,0.0,344,1133413,买盘
11:22:17,32.97,0.01,31,102088,买盘
11:22:19,32.91,-0.06,46,151365,中性盘
11:22:23,32.95,0.04,128,423353,买盘
11:22:26,32.93,-0.02,38,125141,中性盘
11:22:28,32.93,0.0,49,161292,买盘
11:22:32,32.9,-0.03,35,115181,卖盘
11:22:35,32.93,0.03,16,52690,中性盘
11:22:38,32.9,-0.03,48,157920,卖盘
11:22:40,32.91,0.01,1,3291,买盘
11:22:44,32.93,0.02,70,230387,买盘
11:22:47,32.91,-0.02,33,108643,卖盘
11:22:49,32.91,0.0,6,19746,卖盘
11:22:53,32.91,0.0,103,339043,卖盘
11:22:55,32.89,-0.02,132,432684,卖盘
11:22:59,32.89,0.0,46,151304,卖盘
11:23:01,32.9,0.01,115,379903,买盘
11:23:05,32.9,0.0,139,457310,卖盘
11:23:08,32.91,0.01,191,628578,买盘
11:23:10,32.91,0.0,27,88857,卖盘
11:23:14,32.92,0.01,74,243605,买盘
11:23:17,32.93,0.01,47,154733,买盘
11:23:20,32.93,0.0,14,46092,卖盘
11:23:23,32.93,0.0,4,13172,买盘
11:23:26,32.93,0.0,15,49394,买盘
11:23:29,32.92,-0.01,13,42808,卖盘
11:23:32,32.93,0.01,1,3293,买盘
11:23:35,32.93,0.0,44,144892,买盘
11:23:37,32.93,0.0,10,32936,卖盘
11:23:41,32.93,0.0,56,184458,卖盘
11:23:44,32.93,0.0,17,55991,卖盘
11:23:47,32.93,0.0,34,111963,卖盘
11:23:49,32.93,0.0,21,69153,卖盘
11:23:53,32.94,0.01,41,135045,买盘
11:23:55,32.93,-0.01,32,105386,卖盘
11:23:59,32.92,-0.01,45,148147,卖盘
11:24:02,32.93,0.01,149,490656,买盘
11:24:05,32.92,-0.01,33,108655,卖盘
11:24:08,32.92,0.0,23,75729,卖盘
11:24:11,32.92,0.0,53,174518,卖盘
11:24:13,32.93,0.01,109,358873,买盘
11:24:17,32.93,0.0,6,19758,卖盘
11:24:20,32.93,0.0,2,6586,卖盘
11:24:23,32.93,0.0,7,23051,卖盘
11:24:26,32.94,0.01,14,46116,买盘
11:24:29,32.94,0.0,33,108692,买盘
11:24:32,32.93,-0.01,15,49395,卖盘
11:24:34,32.94,0.01,32,105407,买盘
11:24:41,32.93,-0.01,144,474207,卖盘
11:24:44,32.92,-0.01,15,49379,买盘
11:24:47,32.92,0.0,8,26336,买盘
11:24:50,32.91,-0.01,7,23037,卖盘
11:24:53,32.92,0.01,50,164570,买盘
11:24:56,32.87,-0.05,48,157881,卖盘
11:24:59,32.9,0.03,6,19744,中性盘
11:25:02,32.94,0.04,15,49391,买盘
11:25:05,32.94,0.0,33,108702,卖盘
11:25:08,32.94,0.0,42,138352,卖盘
11:25:10,32.94,0.0,25,82350,卖盘
11:25:14,32.94,0.0,35,115290,卖盘
11:25:17,32.95,0.01,167,550198,买盘
11:25:20,32.95,0.0,3,9884,买盘
11:25:23,32.94,-0.01,3,9882,卖盘
11:25:26,32.9,-0.04,124,408261,卖盘
11:25:29,32.9,0.0,22,72378,买盘
11:25:32,32.9,0.0,2,6580,买盘
11:25:34,32.89,-0.01,21,69065,中性盘
11:25:38,32.88,-0.01,28,92107,卖盘
11:25:41,32.9,0.02,55,180948,买盘
11:25:44,32.88,-0.02,8,26304,卖盘
11:25:47,32.89,0.01,10,32890,买盘
11:25:50,32.88,-0.01,60,197239,卖盘
11:25:53,32.88,0.0,19,62458,买盘
11:25:55,32.88,0.0,18,59194,卖盘
11:26:01,32.88,0.0,63,207143,买盘
11:26:05,32.85,-0.03,242,793668,卖盘
11:26:08,32.89,0.04,153,504274,买盘
11:26:10,32.85,-0.04,45,147882,卖盘
11:26:14,32.86,0.01,3,9857,中性盘
11:26:17,32.88,0.02,62,203865,买盘
11:26:20,32.88,0.0,3,9864,卖盘
11:26:22,32.88,0.0,27,88776,卖盘
11:26:26,32.89,0.01,32,105231,买盘
11:26:29,32.88,-0.01,38,124944,卖盘
11:26:31,32.88,0.0,17,55896,卖盘
11:26:35,32.89,0.01,50,164411,买盘
11:26:37,32.88,-0.01,5,16442,卖盘
11:26:40,32.88,0.0,23,75624,卖盘
11:26:43,32.88,0.0,6,19733,卖盘
11:26:47,32.89,0.01,54,177564,买盘
11:26:50,32.89,0.0,38,124989,买盘
11:26:55,32.89,0.0,75,246635,卖盘
11:26:59,32.89,0.0,13,42757,卖盘
11:27:02,32.89,0.0,19,62491,买盘
11:27:05,32.89,0.0,36,118430,卖盘
11:27:07,32.89,0.0,10,32890,卖盘
11:27:11,32.89,0.0,27,88805,卖盘
11:27:14,32.89,0.0,3,9867,卖盘
11:27:17,32.9,0.01,159,523102,买盘
11:27:20,32.89,-0.01,28,92102,卖盘
11:27:22,32.89,0.0,45,148006,卖盘
11:27:26,32.89,0.0,39,128281,卖盘
11:27:29,32.9,0.01,82,269770,买盘
11:27:32,32.9,0.0,6,19736,买盘
11:27:35,32.9,0.0,15,49350,买盘
11:27:38,32.9,0.0,12,39480,卖盘
11:27:41,32.9,0.0,10,32900,卖盘
11:27:44,32.9,0.0,5,16455,卖盘
11:27:47,32.92,0.02,20,65850,中性盘
11:27:50,32.93,0.01,27,88898,买盘
11:27:53,32.93,0.0,34,111930,买盘
11:27:56,32.93,0.0,46,151442,买盘
11:27:59,32.92,-0.01,31,102055,卖盘
11:28:02,32.93,0.01,49,161351,买盘
11:28:05,32.93,0.0,27,88912,卖盘
11:28:08,32.94,0.01,17,54863,买盘
11:28:17,32.94,0.0,213,701605,买盘
11:28:19,32.94,0.0,1,3294,买盘
11:28:23,32.94,0.0,55,181120,买盘
11:28:26,32.93,-0.01,33,108681,卖盘
11:28:29,32.93,0.0,17,55983,卖盘
11:28:31,32.93,0.0,41,135013,卖盘
11:28:35,32.94,0.01,19,62578,买盘
11:28:38,32.93,-0.01,10,32934,卖盘
11:28:40,32.94,0.01,1,3294,买盘
11:28:44,32.93,-0.01,10,32930,卖盘
11:28:47,32.93,0.0,60,197591,卖盘
11:28:50,32.94,0.01,85,281031,买盘
11:28:53,32.92,-0.02,21,69132,卖盘
11:28:55,32.91,-0.01,39,128394,卖盘
11:28:59,32.91,0.0,48,157948,卖盘
11:29:02,32.9,-0.01,184,605808,卖盘
11:29:05,32.89,-0.01,150,493350,卖盘
11:29:08,32.88,-0.01,22,72336,卖盘
11:29:11,32.87,-0.01,27,88759,卖盘
11:29:13,32.86,-0.01,4,13144,卖盘
11:29:17,32.88,0.02,31,101891,买盘
11:29:19,32.88,0.0,2,6576,卖盘
11:29:23,32.88,0.0,6,19730,中性盘
11:29:25,32.88,0.0,22,72328,买盘
11:29:29,32.87,-0.01,271,890796,卖盘
11:29:32,32.88,0.01,20,65760,中性盘
11:29:35,32.88,0.0,17,55890,买盘
11:29:44,32.88,0.0,7,23011,买盘
11:29:47,32.88,0.0,63,207091,买盘
11:29:50,32.88,0.0,7,23016,买盘
11:29:53,32.87,-0.01,55,180785,卖盘
11:29:56,32.87,0.0,145,476250,买盘
11:29:59,32.88,0.01,26,85483,买盘
13:00:02,32.83,-0.05,696,2285345,卖盘
13:00:06,32.8,-0.03,284,932828,卖盘
13:00:08,32.87,0.07,31,101802,买盘
13:00:11,32.85,-0.02,65,213642,卖盘
13:00:14,32.88,0.03,62,203835,买盘
13:00:17,32.89,0.01,12,39457,买盘
13:00:18,32.88,-0.01,5,16440,卖盘
13:00:23,32.89,0.01,8,26305,买盘
13:00:26,32.89,0.0,10,32890,买盘
13:00:27,32.9,0.01,14,46051,买盘
13:00:32,32.9,0.0,6,19739,买盘
13:00:35,32.89,-0.01,33,108537,卖盘
13:00:38,32.89,0.0,205,674073,卖盘
13:00:41,32.89,0.0,18,59201,买盘
13:00:45,32.89,0.0,40,131530,买盘
13:00:47,32.88,-0.01,32,105226,卖盘
13:00:50,32.88,0.0,3,9866,卖盘
13:00:54,32.88,0.0,104,342052,卖盘
13:00:56,32.89,0.01,13,42754,买盘
13:00:59,32.88,-0.01,45,147997,卖盘
13:01:02,32.89,0.01,75,246654,买盘
13:01:06,32.89,0.0,255,838520,卖盘
13:01:08,32.9,0.01,20,65800,买盘
13:01:12,32.85,-0.05,93,305765,卖盘
13:01:13,32.85,0.0,277,909925,买盘
13:01:17,32.9,0.05,86,282583,买盘
13:01:20,32.85,-0.05,1,3285,卖盘
13:01:22,32.86,0.01,9,29578,中性盘
13:01:26,32.89,0.03,2,6578,中性盘
13:01:29,32.85,-0.04,25,82139,卖盘
13:01:32,32.85,0.0,2,6570,买盘
13:01:35,32.85,0.0,28,91977,买盘
13:01:42,32.86,0.01,1,3286,买盘
13:01:44,32.85,-0.01,8,26287,卖盘
13:01:47,32.85,0.0,2,6573,卖盘
13:01:49,32.88,0.03,8,26304,买盘
13:01:53,32.88,0.0,2,6576,卖盘
13:01:56,32.89,0.01,27,88802,买盘
13:01:59,32.89,0.0,2,6578,买盘
13:02:01,32.89,0.0,81,266379,买盘
13:02:05,32.89,0.0,23,75647,卖盘
13:02:09,32.9,0.01,33,108569,买盘
13:02:11,32.9,0.0,31,101981,买盘
13:02:13,32.9,0.0,961,3155934,买盘
13:02:17,32.86,-0.04,15,49290,中性盘
13:02:20,32.86,0.0,20,65720,买盘
13:02:23,32.82,-0.04,23,75572,卖盘
13:02:29,32.86,0.04,24,78864,卖盘
13:02:32,32.86,0.0,8,26290,卖盘
13:02:35,32.86,0.0,19,62434,卖盘
13:02:38,32.87,0.01,47,154457,买盘
13:02:41,32.86,-0.01,12,39428,中性盘
13:02:44,32.82,-0.04,2,6564,卖盘
13:02:47,32.86,0.04,19,62398,买盘
13:02:52,32.81,-0.05,4,13139,卖盘
13:02:56,32.86,0.05,35,114975,买盘
13:03:02,32.86,0.0,148,486328,卖盘
13:03:04,32.82,-0.04,12,39392,卖盘
13:03:08,32.82,0.0,28,91978,卖盘
13:03:10,32.82,0.0,4,13128,卖盘
13:03:15,32.86,0.04,55,180662,买盘
13:03:17,32.87,0.01,40,131478,买盘
13:03:20,32.89,0.02,136,447246,买盘
13:03:23,32.89,0.0,7,23023,卖盘
13:03:26,32.89,0.0,7,23025,卖盘
13:03:29,32.9,0.01,11,36190,买盘
13:03:32,32.89,-0.01,58,190762,卖盘
13:03:35,32.9,0.01,5,16447,买盘
13:03:38,32.9,0.0,75,246741,买盘
13:03:40,32.89,-0.01,7,23023,卖盘
13:03:43,32.89,0.0,150,493350,卖盘
13:03:47,32.9,0.01,25,82247,买盘
13:03:49,32.89,-0.01,5,16447,卖盘
13:03:53,32.89,0.0,6,19734,卖盘
13:03:55,32.89,0.0,5,16445,卖盘
13:03:58,32.89,0.0,15,49347,卖盘
13:04:02,32.89,0.0,76,249926,买盘
13:04:05,32.89,0.0,22,72373,卖盘
13:04:08,32.9,0.01,52,171074,买盘
13:04:11,32.89,-0.01,3,9869,卖盘
13:04:14,32.89,0.0,76,249963,卖盘
13:04:17,32.89,0.0,16,52634,卖盘
13:04:20,32.9,0.01,7,23030,买盘
13:04:23,32.89,-0.01,1,3421,卖盘
13:04:25,32.9,0.01,159,523092,买盘
13:04:29,32.89,-0.01,15,48162,卖盘
13:04:32,32.89,0.0,13,42768,卖盘
13:04:35,32.89,0.0,4,14044,卖盘
13:04:38,32.89,0.0,46,150342,卖盘
13:04:44,32.89,0.0,22,72530,卖盘
13:04:47,32.89,0.0,18,57640,卖盘
13:04:53,32.89,0.0,25,82259,卖盘
13:04:56,32.89,0.0,157,518050,卖盘
13:04:59,32.89,0.0,16,50860,卖盘
13:05:02,32.89,0.0,151,496825,卖盘
13:05:05,32.89,0.0,4,13159,卖盘
13:05:08,32.9,0.01,37,121730,买盘
13:05:11,32.89,-0.01,4,13156,卖盘
13:05:14,32.9,0.01,188,618512,买盘
13:05:17,32.89,-0.01,44,144748,卖盘
13:05:20,32.89,0.0,14,46046,卖盘
13:05:23,32.89,0.0,45,146907,卖盘
13:05:26,32.89,0.0,5,16447,卖盘
13:05:29,32.89,0.0,46,153214,卖盘
13:05:32,32.87,-0.02,3,9372,卖盘
13:05:35,32.89,0.02,28,92322,买盘
13:05:38,32.89,0.0,14,45323,买盘
13:05:41,32.89,0.0,2,6578,买盘
13:05:44,32.89,0.0,1,3289,买盘
13:05:47,32.87,-0.02,15,49327,卖盘
13:05:50,32.87,0.0,12,40662,卖盘
13:05:56,32.86,-0.01,18,59176,卖盘
13:05:58,32.87,0.01,14,46018,中性盘
13:06:02,32.87,0.0,128,420667,买盘
13:06:05,32.87,0.0,4,13148,买盘
13:06:08,32.83,-0.04,33,108459,卖盘
13:06:11,32.87,0.04,12,39444,买盘
13:06:13,32.83,-0.04,1,3283,卖盘
13:06:17,32.87,0.04,51,167633,买盘
13:06:20,32.87,0.0,47,154525,卖盘
13:06:23,32.87,0.0,18,59169,卖盘
13:06:26,32.87,0.0,216,709992,卖盘
13:06:29,32.88,0.01,21,68645,买盘
13:06:32,32.87,-0.01,23,75995,卖盘
13:06:35,32.83,-0.04,29,95319,卖盘
13:06:38,32.86,0.03,11,36152,买盘
13:06:41,32.83,-0.03,13,42685,卖盘
13:06:45,32.85,0.02,7,22997,中性盘
13:06:47,32.85,0.0,20,64397,卖盘
13:06:51,32.85,0.0,3,11169,卖盘
13:06:52,32.83,-0.02,5,16415,卖盘
13:06:57,32.83,0.0,2,6566,卖盘
13:06:59,32.83,0.0,10,33343,卖盘
13:07:02,32.83,0.0,150,492682,卖盘
13:07:05,32.85,0.02,27,88645,买盘
13:07:08,32.84,-0.01,26,85394,中性盘
13:07:11,32.85,0.01,2,6569,买盘
13:07:15,32.83,-0.02,17,55811,卖盘
13:07:17,32.87,0.04,84,275973,买盘
13:07:20,32.89,0.02,662,2175948,买盘
13:07:23,32.89,0.0,16,52490,卖盘
13:07:26,32.89,0.0,7,23911,卖盘
13:07:28,32.88,-0.01,291,954362,卖盘
13:07:32,32.88,0.0,33,108459,卖盘
13:07:36,32.9,0.02,31,101969,买盘
13:07:38,32.88,-0.02,101,332068,卖盘
13:07:41,32.88,0.0,66,217037,卖盘
13:07:45,32.89,0.01,9,29601,中性盘
13:07:46,32.89,0.0,2,6578,买盘
13:07:50,32.88,-0.01,33,108515,卖盘
13:07:53,32.88,0.0,1,3288,卖盘
13:07:58,32.89,0.01,161,529436,买盘
13:08:02,32.88,-0.01,151,498684,卖盘
13:08:06,32.89,0.01,7,23022,买盘
13:08:09,32.88,-0.01,196,644507,卖盘
13:08:14,32.89,0.01,1,3289,卖盘
13:08:17,32.9,0.01,305,1003450,买盘
13:08:20,32.91,0.01,1,3291,买盘
13:08:23,32.9,-0.01,12,39480,卖盘
13:08:25,32.9,0.0,37,121730,卖盘
13:08:30,32.91,0.01,39,128349,买盘
13:08:31,32.92,0.01,43,141543,买盘
13:08:36,32.91,-0.01,3,9874,卖盘
13:08:38,32.92,0.01,13,42806,卖盘
13:08:40,32.91,-0.01,13,42792,卖盘
13:08:45,32.92,0.01,10,32913,买盘
13:08:48,32.91,-0.01,4,13166,卖盘
13:08:50,32.92,0.01,19,62542,买盘
13:08:53,32.91,-0.01,6,19749,卖盘
13:08:56,32.93,0.02,207,681523,买盘
13:09:00,32.91,-0.02,11,36211,卖盘
13:09:03,32.93,0.02,41,134957,买盘
13:09:05,32.92,-0.01,10,32924,卖盘
13:09:08,32.93,0.01,23,75739,买盘
13:09:10,32.93,0.0,15,49391,买盘
13:09:15,32.93,0.0,10,32923,买盘
13:09:16,32.93,0.0,273,898979,买盘
13:09:20,32.93,0.0,416,1369232,买盘
13:09:23,32.92,-0.01,33,108627,买盘
13:09:26,32.92,0.0,23,75716,买盘
13:09:30,32.92,0.0,60,197520,卖盘
13:09:32,32.91,-0.01,18,59241,卖盘
13:09:35,32.92,0.01,15,49376,买盘
13:09:38,32.92,0.0,212,697704,买盘
13:09:40,32.92,0.0,5,16456,买盘
13:09:45,32.91,-0.01,89,292983,卖盘
13:09:46,32.91,0.0,2,6582,卖盘
13:09:50,32.91,0.0,16,52669,卖盘
13:09:56,32.91,0.0,26,85571,卖盘
13:10:00,32.91,0.0,15,49376,卖盘
13:10:02,32.92,0.01,133,437817,买盘
13:10:06,32.92,0.0,5,16460,卖盘
13:10:08,32.92,0.0,39,128418,卖盘
13:10:18,32.93,0.01,318,1045462,买盘
13:10:20,32.93,0.0,15,49408,卖盘
13:10:23,32.93,0.0,65,214045,卖盘
13:10:27,32.94,0.01,36,118580,买盘
13:10:30,32.94,0.0,22,74167,买盘
13:10:32,32.94,0.0,8,26346,买盘
13:10:36,32.92,-0.02,4,13168,卖盘
13:10:37,32.93,0.01,18,59266,买盘
13:10:41,32.92,-0.01,21,69151,卖盘
13:10:45,32.92,0.0,3,9876,卖盘
13:10:48,32.93,0.01,3,9879,买盘
13:10:51,32.92,-0.01,26,85617,卖盘
13:10:54,32.92,0.0,7,23044,卖盘
13:10:57,32.93,0.01,10,32926,买盘
13:10:58,32.93,0.0,12,39515,买盘
13:11:02,32.94,0.01,60,197573,买盘
13:11:06,32.94,0.0,20,65870,买盘
13:11:09,32.94,0.0,2,6588,卖盘
13:11:10,32.94,0.0,13,42832,卖盘
13:11:15,32.91,-0.03,184,605804,卖盘
13:11:18,32.92,0.01,163,537036,卖盘
13:11:20,32.92,0.0,39,128384,买盘
13:11:22,32.92,0.0,23,75716,买盘
13:11:27,32.92,0.0,21,69132,买盘
13:11:30,32.92,0.0,18,59256,卖盘
13:11:32,32.94,0.02,18,59295,买盘
13:11:35,32.92,-0.02,36,118581,卖盘
13:11:38,32.95,0.03,10,32945,买盘
13:11:42,32.94,-0.01,1,3294,买盘
13:11:45,32.92,-0.02,1,3292,卖盘
13:11:48,32.92,0.0,6,19762,卖盘
13:11:51,32.94,0.02,30,98807,买盘
13:11:54,32.94,0.0,3,9882,买盘
13:11:56,32.95,0.01,19,62589,买盘
13:12:00,32.95,0.0,13,42826,买盘
13:12:03,32.94,-0.01,143,471140,卖盘
13:12:05,32.94,0.0,44,144973,卖盘
13:12:09,32.91,-0.03,223,734119,卖盘
13:12:12,32.9,-0.01,103,338974,卖盘
13:12:14,32.95,0.05,5,16464,买盘
13:12:18,32.94,-0.01,58,191067,买盘
13:12:20,32.95,0.01,76,250361,买盘
13:12:24,32.95,0.0,64,210845,买盘
13:12:27,32.94,-0.01,24,79057,卖盘
13:12:30,32.94,0.0,21,69184,卖盘
13:12:33,32.95,0.01,14,46130,买盘
13:12:36,32.95,0.0,7,23061,买盘
13:12:39,32.95,0.0,12,39540,买盘
13:12:40,32.94,-0.01,1,3294,卖盘
13:12:45,32.94,0.0,40,131764,卖盘
13:12:48,32.94,0.0,8,26353,卖盘
13:12:51,32.95,0.01,41,135095,买盘
13:12:54,32.94,-0.01,5,16470,卖盘
13:12:57,32.95,0.01,15,49415,买盘
13:13:00,32.94,-0.01,142,467889,卖盘
13:13:02,32.95,0.01,144,474454,买盘
13:13:06,32.96,0.01,24,79101,买盘
13:13:09,32.95,-0.01,16,52720,卖盘
13:13:12,32.95,0.0,10,32950,卖盘
13:13:15,32.95,0.0,6,19770,卖盘
13:13:17,32.96,0.01,134,441664,买盘
13:13:21,32.96,0.0,12,39552,卖盘
13:13:23,32.96,0.0,9,29664,卖盘
13:13:27,32.96,0.0,3,9889,卖盘
13:13:30,32.96,0.0,26,85706,卖盘
13:13:32,32.96,0.0,7,23076,卖盘
13:13:36,32.97,0.01,21,69221,买盘
13:13:39,32.96,-0.01,17,56032,卖盘
13:13:42,32.96,0.0,15,49450,卖盘
13:13:45,32.97,0.01,5,16483,买盘
13:13:48,32.96,-0.01,86,283529,卖盘
13:13:51,32.96,0.0,56,184587,卖盘
13:13:54,32.96,0.0,3,9888,中性盘
13:13:57,32.96,0.0,26,85717,卖盘
13:14:00,32.97,0.01,40,131852,中性盘
13:14:03,32.97,0.0,159,524224,卖盘
13:14:06,32.96,-0.01,88,290132,卖盘
13:14:09,32.97,0.01,105,346037,买盘
13:14:12,32.94,-0.03,41,135120,卖盘
13:14:15,32.94,0.0,4,13177,卖盘
13:14:17,32.96,0.02,62,204309,买盘
13:14:21,32.95,-0.01,261,859996,卖盘
13:14:23,32.95,0.0,14,46130,中性盘
13:14:27,32.92,-0.03,14,46121,卖盘
13:14:30,32.92,0.0,38,125129,卖盘
13:14:33,32.94,0.02,8,26350,买盘
13:14:36,32.92,-0.02,15,49380,卖盘
13:14:39,32.92,0.0,10,32932,买盘
13:14:42,32.94,0.02,13,42818,买盘
13:14:45,32.92,-0.02,18,59256,卖盘
13:14:48,32.91,-0.01,17,55961,卖盘
13:14:50,32.91,0.0,12,39492,买盘
13:14:54,32.9,-0.01,5,16451,卖盘
13:14:56,32.9,0.0,1,3290,卖盘
13:15:00,32.9,0.0,31,102012,卖盘
13:15:03,32.91,0.01,194,638362,买盘
13:15:06,32.91,0.0,23,75681,买盘
13:15:09,32.9,-0.01,12,39480,卖盘
13:15:11,32.9,0.0,18,59230,卖盘
13:15:15,32.9,0.0,14,46061,卖盘
13:15:18,32.9,0.0,252,827746,买盘
13:15:20,32.9,0.0,46,151364,卖盘
13:15:24,32.9,0.0,27,88806,买盘
13:15:30,32.9,0.0,20,65792,买盘
13:15:33,32.88,-0.02,101,333778,卖盘
13:15:36,32.88,0.0,13,42743,买盘
13:15:39,32.87,-0.01,4,13148,卖盘
13:15:42,32.88,0.01,64,210432,买盘
13:15:48,32.87,-0.01,102,335274,卖盘
13:15:51,32.87,0.0,12,39455,卖盘
13:15:57,32.87,0.0,6,19722,卖盘
13:16:00,32.88,0.01,10,32880,买盘
13:16:03,32.86,-0.02,203,667373,卖盘
13:16:06,32.87,0.01,24,78869,买盘
13:16:09,32.85,-0.02,8,26294,卖盘
13:16:15,32.86,0.01,6,19716,卖盘
13:16:18,32.87,0.01,165,542321,买盘
13:16:21,32.88,0.01,1,3288,买盘
13:16:24,32.87,-0.01,8,26296,卖盘
13:16:26,32.88,0.01,2,6576,买盘
13:16:30,32.88,0.0,10,32880,买盘
13:16:33,32.87,-0.01,88,289258,卖盘
13:16:36,32.88,0.01,41,134801,买盘
13:16:42,32.88,0.0,33,108500,买盘
13:16:47,32.86,-0.02,78,256374,卖盘
13:16:50,32.87,0.01,13,42734,买盘
13:16:54,32.87,0.0,7,23005,买盘
13:16:57,32.85,-0.02,25,82141,卖盘
13:17:00,32.87,0.02,10,32869,买盘
13:17:03,32.86,-0.01,36,118279,买盘
13:17:06,32.87,0.01,75,246470,买盘
13:17:09,32.86,-0.01,13,42718,卖盘
13:17:12,32.86,0.0,34,111734,卖盘
13:17:14,32.86,0.0,28,92034,卖盘
13:17:18,32.85,-0.01,201,660601,卖盘
13:17:20,32.85,0.0,77,252945,卖盘
13:17:24,32.85,0.0,4,13140,买盘
13:17:27,32.85,0.0,48,157719,卖盘
13:17:30,32.84,-0.01,22,72269,卖盘
13:17:33,32.86,0.02,61,200324,买盘
13:17:35,32.84,-0.02,60,197042,卖盘
13:17:39,32.84,0.0,48,157632,买盘
13:17:42,32.84,0.0,34,111677,买盘
13:17:45,32.86,0.02,18,59137,买盘
13:17:48,32.84,-0.02,20,65692,卖盘
13:17:51,32.84,0.0,17,55850,卖盘
13:17:53,32.86,0.02,3,9856,买盘
13:17:59,32.85,-0.01,23,75566,卖盘
13:18:02,32.86,0.01,78,256290,买盘
13:18:05,32.87,0.01,36,118322,买盘
13:18:09,32.87,0.0,6,19722,卖盘
13:18:12,32.88,0.01,29,95352,买盘
13:18:15,32.87,-0.01,33,108500,卖盘
13:18:18,32.87,0.0,220,723357,卖盘
13:18:21,32.88,0.01,9,29592,买盘
13:18:27,32.88,0.0,5,16440,卖盘
13:18:30,32.89,0.01,10,32890,买盘
13:18:33,32.89,0.0,1,3289,买盘
13:18:36,32.88,-0.01,6,19729,卖盘
13:18:39,32.88,0.0,2,6576,卖盘
13:18:42,32.89,0.01,47,154582,买盘
13:18:45,32.88,-0.01,9,29592,卖盘
13:18:48,32.88,0.0,7,23021,卖盘
13:18:50,32.89,0.01,36,118404,买盘
13:18:54,32.89,0.0,35,115115,卖盘
13:19:00,32.9,0.01,91,299385,买盘
13:19:02,32.9,0.0,61,200694,卖盘
13:19:06,32.92,0.02,39,128318,买盘
13:19:09,32.9,-0.02,21,69090,卖盘
13:19:12,32.92,0.02,13,42796,买盘
13:19:18,32.93,0.01,32,105374,买盘
13:19:21,32.93,0.0,16,52689,卖盘
13:19:24,32.95,0.02,11,36243,买盘
13:19:30,32.95,0.0,11,36234,买盘
13:19:33,32.94,-0.01,125,411660,卖盘
13:19:36,32.94,0.0,1,3294,买盘
13:19:39,32.93,-0.01,4,13172,卖盘
13:19:42,32.93,0.0,23,75768,卖盘
13:19:45,32.93,0.0,13,42814,卖盘
13:19:47,32.94,0.01,109,359152,中性盘
13:19:50,32.94,0.0,38,125189,卖盘
13:19:54,32.93,-0.01,56,184471,卖盘
13:19:57,32.93,0.0,4,13172,卖盘
13:20:00,32.93,0.0,23,75761,卖盘
13:20:03,32.94,0.01,138,454572,买盘
13:20:06,32.93,-0.01,26,85631,卖盘
13:20:09,32.93,0.0,3,9881,卖盘
13:20:11,32.93,0.0,48,158101,卖盘
13:20:15,32.92,-0.01,12,39521,卖盘
13:20:17,32.94,0.02,42,138333,买盘
13:20:24,32.94,0.0,30,98831,卖盘
13:20:27,32.94,0.0,11,36243,卖盘
13:20:30,32.95,0.01,23,75785,买盘
13:20:33,32.94,-0.01,31,102130,卖盘
13:20:36,32.94,0.0,30,98820,卖盘
13:20:39,32.95,0.01,39,128519,买盘
13:20:42,32.95,0.0,10,32950,卖盘
13:20:45,32.94,-0.01,57,187811,卖盘
13:20:47,32.95,0.01,22,72479,买盘
13:20:50,32.95,0.0,14,46130,卖盘
13:20:53,32.95,0.0,12,39534,买盘
13:20:56,32.95,0.0,6,19770,卖盘
13:21:03,32.96,0.01,68,224067,买盘
13:21:09,32.95,-0.01,12,39541,卖盘
13:21:12,32.96,0.01,79,260360,买盘
13:21:14,32.96,0.0,1,3296,卖盘
13:21:18,32.97,0.01,77,253847,买盘
13:21:21,32.97,0.0,18,59347,卖盘
13:21:23,32.97,0.0,38,125286,卖盘
13:21:26,32.97,0.0,39,128578,卖盘
13:21:33,32.96,-0.01,12,39563,卖盘
13:21:36,32.96,0.0,8,26369,卖盘
13:21:39,32.96,0.0,135,445206,卖盘
13:21:42,32.97,0.01,16,52752,中性盘
13:21:45,32.97,0.0,12,39558,买盘
13:21:48,32.97,0.0,9,29673,买盘
13:21:50,32.96,-0.01,62,204363,卖盘
13:21:54,32.96,0.0,19,62634,卖盘
13:21:57,32.96,0.0,7,23072,卖盘
13:22:02,32.96,0.0,116,382338,买盘
13:22:06,32.96,0.0,11,36257,卖盘
13:22:09,32.96,0.0,56,184586,卖盘
13:22:12,32.96,0.0,23,75803,买盘
13:22:15,32.96,0.0,3,9888,买盘
13:22:18,32.96,0.0,7,23072,买盘
13:22:21,32.96,0.0,7,23073,卖盘
13:22:27,32.97,0.01,3,9891,买盘
13:22:30,32.96,-0.01,6,19776,卖盘
13:22:33,32.97,0.01,11,36267,买盘
13:22:36,32.97,0.0,2,6594,买盘
13:22:39,32.97,0.0,58,191212,买盘
13:22:42,32.96,-0.01,14,46157,卖盘
13:22:44,32.97,0.01,3,9891,买盘
13:22:47,32.97,0.0,285,939626,买盘
13:22:51,32.97,0.0,251,827585,卖盘
13:22:53,32.97,0.0,14,46160,卖盘
13:22:57,32.97,0.0,15,49467,卖盘
13:23:00,32.97,0.0,4,13188,卖盘
13:23:03,32.97,0.0,180,593624,卖盘
13:23:06,32.98,0.01,41,135215,买盘
13:23:09,32.99,0.01,3,9896,买盘
13:23:11,32.98,-0.01,105,346300,卖盘
13:23:15,32.98,0.0,32,105536,买盘
13:23:18,32.99,0.01,194,639814,买盘
13:23:21,32.98,-0.01,10,32980,卖盘
13:23:23,32.98,0.0,9,29682,卖盘
13:23:26,33.0,0.02,1123,3704995,买盘
13:23:30,33.0,0.0,64,211142,买盘
13:23:33,32.99,-0.01,83,273889,卖盘
13:23:36,32.99,0.0,13,42899,中性盘
13:23:39,32.99,0.0,7,23093,卖盘
13:23:42,32.99,0.0,27,89086,卖盘
13:23:45,33.0,0.01,3,9900,买盘
13:23:48,32.99,-0.01,9,29697,卖盘
13:23:51,32.99,0.0,400,1319980,卖盘
13:23:54,32.99,0.0,15,49499,卖盘
13:23:57,33.0,0.01,66,217771,买盘
13:24:00,33.0,0.0,34,112185,买盘
13:24:03,33.0,0.0,545,1798488,买盘
13:24:06,33.0,0.0,173,570889,买盘
13:24:09,33.0,0.0,103,338475,卖盘
13:24:12,33.01,0.01,27,89106,买盘
13:24:15,33.01,0.0,36,118834,买盘
13:24:18,33.01,0.0,579,1911299,买盘
13:24:21,33.01,0.0,54,178330,卖盘
13:24:24,33.03,0.02,30,99067,买盘
13:24:27,33.03,0.0,37,122181,买盘
13:24:30,33.02,-0.01,4,13208,卖盘
13:24:32,33.02,0.0,19,62756,卖盘
13:24:35,33.02,0.0,16,52844,卖盘
13:24:39,33.04,0.02,57,188277,买盘
13:24:42,33.04,0.0,104,343612,买盘
13:24:45,33.04,0.0,14,46252,买盘
13:24:48,33.05,0.01,321,1059555,买盘
13:24:50,33.04,-0.01,11,36344,中性盘
13:24:54,33.0,-0.04,13,42927,卖盘
13:24:57,33.04,0.04,19,62772,买盘
13:25:00,33.01,-0.03,3,9909,中性盘
13:25:03,33.05,0.04,16,52858,买盘
13:25:06,33.04,-0.01,254,838778,卖盘
13:25:09,33.03,-0.01,111,366790,中性盘
13:25:12,33.01,-0.02,39,128840,卖盘
13:25:15,33.04,0.03,28,92512,买盘
13:25:18,33.01,-0.03,459,1516527,卖盘
13:25:21,33.04,0.03,350,1156750,买盘
13:25:24,33.03,-0.01,8,26426,买盘
13:25:27,33.01,-0.02,26,85889,卖盘
13:25:30,33.01,0.0,3,9907,卖盘
13:25:33,33.0,-0.01,50,165076,卖盘
13:25:36,33.0,0.0,23,75900,买盘
13:25:39,33.0,0.0,505,1667224,买盘
13:25:42,33.01,0.01,22,72626,中性盘
13:25:45,33.03,0.02,170,561510,买盘
13:25:47,33.0,-0.03,124,409227,卖盘
13:25:50,32.99,-0.01,16,52799,卖盘
13:25:54,33.0,0.01,35,115484,买盘
13:25:57,32.99,-0.01,12,39588,卖盘
13:26:00,33.0,0.01,191,630300,买盘
13:26:03,33.03,0.03,129,426066,买盘
13:26:06,33.01,-0.02,15,49531,卖盘
13:26:08,33.02,0.01,12,39616,买盘
13:26:12,33.0,-0.02,381,1257412,卖盘
13:26:15,33.02,0.02,10,33024,中性盘
13:26:17,33.03,0.01,471,1555706,买盘
13:26:21,33.03,0.0,206,680464,卖盘
13:26:23,33.03,0.0,11,36337,卖盘
13:26:27,33.04,0.01,8,26427,买盘
13:26:30,33.03,-0.01,101,333603,卖盘
13:26:33,33.03,0.0,120,396385,卖盘
13:26:36,33.03,0.0,4,13212,买盘
13:26:39,33.02,-0.01,181,597666,卖盘
13:26:42,33.02,0.0,31,102362,买盘
13:26:45,33.02,0.0,151,498602,买盘
13:26:47,33.02,0.0,46,151886,买盘
13:26:51,33.01,-0.01,30,99052,卖盘
13:26:54,33.02,0.01,120,396230,买盘
13:26:56,33.02,0.0,68,224503,买盘
13:26:59,33.02,0.0,263,868107,买盘
13:27:02,33.02,0.0,145,478785,买盘
13:27:06,33.01,-0.01,12,39615,卖盘
13:27:09,33.0,-0.01,4,13200,卖盘
13:27:11,33.01,0.01,20,66015,买盘
13:27:15,33.01,0.0,23,75923,买盘
13:27:17,33.01,0.0,197,650297,买盘
13:27:21,33.01,0.0,59,194799,卖盘
13:27:24,33.01,0.0,63,208021,卖盘
13:27:26,33.03,0.02,484,1595880,买盘
13:27:30,33.02,-0.01,26,85843,卖盘
13:27:33,33.02,0.0,4,13211,中性盘
13:27:36,33.02,0.0,4,13208,卖盘
13:27:39,33.02,0.0,7,23116,卖盘
13:27:41,33.02,0.0,32,105675,卖盘
13:27:45,33.02,0.0,27,89167,卖盘
13:27:48,33.02,0.0,5,16510,卖盘
13:27:51,33.02,0.0,279,921534,卖盘
13:27:54,33.02,0.0,33,108994,卖盘
13:27:57,33.02,0.0,54,178343,卖盘
13:27:59,33.03,0.01,3,9909,买盘
13:28:03,33.02,-0.01,133,439298,卖盘
13:28:05,33.03,0.01,39,128811,买盘
13:28:09,33.03,0.0,12,39636,买盘
13:28:12,33.04,0.01,214,706999,买盘
13:28:15,33.03,-0.01,13,42947,卖盘
13:28:18,33.04,0.01,487,1608841,买盘
13:28:21,33.05,0.01,46,152030,买盘
13:28:24,33.04,-0.01,16,52864,卖盘
13:28:26,33.05,0.01,136,449346,买盘
13:28:30,33.04,-0.01,33,109033,卖盘
13:28:33,33.05,0.01,16,52875,买盘
13:28:36,33.04,-0.01,254,839214,卖盘
13:28:39,33.04,0.0,155,512272,卖盘
13:28:42,33.04,0.0,73,241188,买盘
13:28:44,33.04,0.0,5,16520,买盘
13:28:47,33.03,-0.01,16,52853,卖盘
13:28:50,33.04,0.01,505,1667846,买盘
13:28:54,33.03,-0.01,71,234490,中性盘
13:28:56,33.03,0.0,2,6606,买盘
13:29:00,33.02,-0.01,4,13208,卖盘
13:29:02,33.0,-0.02,331,1094884,卖盘
13:29:06,33.0,0.0,10,33015,卖盘
13:29:09,33.02,0.02,55,181610,买盘
13:29:12,33.03,0.01,17,56134,买盘
13:29:18,33.03,0.0,300,989857,买盘
13:29:21,33.01,-0.02,259,855400,卖盘
13:29:23,33.0,-0.01,293,967976,卖盘
13:29:27,33.0,0.0,19,62700,买盘
13:29:29,33.0,0.0,10,33000,买盘
13:29:33,33.0,0.0,175,577500,买盘
13:29:36,32.99,-0.01,10,32990,卖盘
13:29:39,33.0,0.01,6,19800,买盘
13:29:42,33.0,0.0,164,540025,买盘
13:29:44,33.0,0.0,6,19799,卖盘
13:29:51,32.99,-0.01,14,46188,卖盘
13:29:54,33.0,0.01,78,257372,买盘
13:29:57,32.99,-0.01,16,53816,卖盘
13:30:00,32.99,0.0,2,6598,买盘
13:30:02,33.0,0.01,33,108876,买盘
13:30:06,33.0,0.0,7,23095,买盘
13:30:09,32.99,-0.01,12,39588,卖盘
13:30:12,33.0,0.01,25,82485,买盘
13:30:15,33.0,0.0,243,800857,买盘
13:30:17,33.0,0.0,220,725992,买盘
13:30:21,33.0,0.0,220,726000,卖盘
13:30:23,33.0,0.0,52,171600,买盘
13:30:27,33.0,0.0,8,26394,买盘
13:30:30,33.0,0.0,7,23095,买盘
13:30:33,33.0,0.0,13,42900,买盘
13:30:36,33.0,0.0,3,9900,买盘
13:30:39,33.0,0.0,25,82480,买盘
13:30:42,33.0,0.0,14,46196,买盘
13:30:45,33.0,0.0,69,227700,买盘
13:30:48,33.0,0.0,10,32996,买盘
13:30:51,33.0,0.0,29,95700,买盘
13:30:54,33.0,0.0,25,82499,买盘
13:30:57,33.0,0.0,14,46193,买盘
13:30:59,33.0,0.0,32,105583,买盘
13:31:02,33.02,0.02,113,372901,买盘
13:31:06,33.0,-0.02,5,16500,卖盘
13:31:12,33.02,0.02,16,52827,买盘
13:31:15,33.01,-0.01,10,33012,卖盘
13:31:18,33.02,0.01,51,168402,买盘
13:31:21,33.03,0.01,1,3303,买盘
13:31:24,33.03,0.0,245,809231,买盘
13:31:27,33.03,0.0,5,16514,买盘
13:31:30,33.03,0.0,2,6606,买盘
13:31:32,33.03,0.0,25,82572,买盘
13:31:36,33.02,-0.01,22,72646,卖盘
13:31:39,33.03,0.01,7,23117,买盘
13:31:42,33.03,0.0,102,336892,买盘
13:31:45,33.03,0.0,1,3303,买盘
13:31:48,33.02,-0.01,15,49542,卖盘
13:31:50,33.02,0.0,136,449098,卖盘
13:31:54,33.03,0.01,3,9909,买盘
13:31:57,33.03,0.0,467,1542039,买盘
13:31:59,33.02,-0.01,15,49530,卖盘
13:32:03,33.03,0.01,307,1013838,买盘
13:32:05,33.07,0.04,1392,4600769,买盘
13:32:09,33.07,0.0,35,115317,卖盘
13:32:12,33.02,-0.05,15,49530,卖盘
13:32:15,33.02,0.0,55,181701,卖盘
13:32:17,33.07,0.05,25,82609,买盘
13:32:21,33.07,0.0,3,9919,买盘
13:32:24,33.05,-0.02,1,3305,卖盘
13:32:27,33.07,0.02,30,99192,买盘
13:32:30,33.07,0.0,42,138827,买盘
13:32:33,33.07,0.0,4,13226,买盘
13:32:36,33.05,-0.02,29,95884,卖盘
13:32:39,33.06,0.01,5,16534,中性盘
13:32:42,33.08,0.02,235,777240,买盘
13:32:45,33.08,0.0,9,29768,买盘
13:32:48,33.07,-0.01,7,23149,卖盘
13:32:50,33.07,0.0,382,1263166,卖盘
13:32:54,33.08,0.01,16,52903,买盘
13:32:57,33.07,-0.01,7,23149,买盘
13:33:00,33.05,-0.02,350,1156750,卖盘
13:33:03,33.08,0.03,285,942402,买盘
13:33:06,33.05,-0.03,418,1381719,卖盘
13:33:09,33.06,0.01,88,290845,买盘
13:33:12,33.07,0.01,9,29763,卖盘
13:33:15,33.07,0.0,70,231493,卖盘
13:33:17,33.08,0.01,20,66155,买盘
13:33:21,33.07,-0.01,552,1825996,卖盘
13:33:24,33.07,0.0,22,72764,卖盘
13:33:27,33.07,0.0,14,46299,卖盘
13:33:30,33.05,-0.02,98,323957,卖盘
13:33:33,33.08,0.03,3,9924,买盘
13:33:35,33.08,0.0,217,717715,买盘
13:33:39,33.08,0.0,13,43000,买盘
13:33:42,33.07,-0.01,23,76067,卖盘
13:33:45,33.08,0.01,10,33080,买盘
13:33:48,33.07,-0.01,112,370411,卖盘
13:33:51,33.07,0.0,7,23147,买盘
13:33:53,33.07,0.0,10,33070,买盘
13:33:57,33.05,-0.02,27,89269,卖盘
13:34:00,33.07,0.02,19,62831,买盘
13:34:02,33.07,0.0,181,598463,买盘
13:34:05,33.06,-0.01,113,373685,卖盘
13:34:09,33.06,0.0,37,122292,买盘
13:34:11,33.07,0.01,143,472868,买盘
13:34:14,33.06,-0.01,19,62808,中性盘
13:34:18,33.06,0.0,92,304265,卖盘
13:34:21,33.08,0.02,47,155902,买盘
13:34:24,33.08,0.0,9,29772,卖盘
13:34:27,33.08,0.0,6,19848,卖盘
13:34:30,33.08,0.0,34,112474,卖盘
13:34:32,33.08,0.0,186,615375,卖盘
13:34:36,33.09,0.01,16,52943,买盘
13:34:39,33.08,-0.01,289,956015,卖盘
13:34:41,33.08,0.0,304,1005223,卖盘
13:34:45,33.08,0.0,126,416686,买盘
13:34:51,33.08,0.0,12,39679,买盘
13:34:54,33.08,0.0,178,588822,买盘
13:34:57,33.06,-0.02,18,59521,卖盘
13:35:00,33.07,0.01,10,33070,买盘
13:35:02,33.06,-0.01,228,753980,卖盘
13:35:06,33.06,0.0,46,152115,卖盘
13:35:09,33.06,0.0,45,148770,卖盘
13:35:12,33.06,0.0,657,2170817,买盘
