time,price,change,volume,amount,type
09:25:03,33.69,0.42,2468,8315804,买盘
09:30:01,33.69,0.0,1431,4817793,卖盘
09:30:03,33.61,-0.08,1973,6645022,卖盘
09:30:07,33.64,0.03,508,1710206,中性盘
09:30:10,33.65,0.01,67,228503,买盘
09:30:13,33.61,-0.04,736,2472924,卖盘
09:30:16,33.61,0.0,123,413742,买盘
09:30:19,33.61,0.0,107,359714,买盘
09:30:22,33.6,-0.01,636,2136601,卖盘
09:30:25,33.6,0.0,319,1071510,买盘
09:30:28,33.56,-0.04,235,789000,卖盘
09:30:31,33.59,0.03,105,352329,买盘
09:30:33,33.58,-0.01,386,1296874,中性盘
09:30:37,33.53,-0.05,31,104025,卖盘
09:30:40,33.53,0.0,154,516345,卖盘
09:30:43,33.55,0.02,85,285088,买盘
09:30:46,33.55,0.0,188,630351,买盘
09:30:49,33.5,-0.05,264,885488,卖盘
09:30:52,33.52,0.02,80,268078,买盘
09:30:55,33.51,-0.01,172,576468,中性盘
09:30:58,33.48,-0.03,140,468886,卖盘
09:31:01,33.49,0.01,100,334812,买盘
09:31:04,33.47,-0.02,962,3221846,卖盘
09:31:07,33.48,0.01,279,935476,中性盘
09:31:10,33.47,-0.01,59,197533,卖盘
09:31:13,33.58,0.11,196,658445,买盘
09:31:16,33.5,-0.08,225,753788,卖盘
09:31:19,33.5,0.0,76,255697,卖盘
09:31:22,33.5,0.0,70,234602,卖盘
09:31:25,33.5,0.0,96,321598,卖盘
09:31:28,33.5,0.0,114,382042,买盘
09:31:31,33.5,0.0,178,596062,买盘
09:31:34,33.48,-0.02,44,147358,中性盘
09:31:37,33.48,0.0,53,177395,买盘
09:31:40,33.48,0.0,110,368039,买盘
09:31:43,33.48,0.0,50,167409,买盘
09:31:46,33.48,0.0,54,180752,买盘
09:31:49,33.48,0.0,68,227664,买盘
09:31:52,33.49,0.01,43,144007,买盘
09:31:54,33.49,0.0,72,241176,卖盘
09:31:58,33.5,0.01,84,281360,买盘
09:32:01,33.5,0.0,186,623296,买盘
09:32:04,33.52,0.02,238,797565,买盘
09:32:07,33.53,0.01,184,617089,买盘
09:32:10,33.55,0.02,151,506599,买盘
09:32:13,33.57,0.02,123,412758,买盘
09:32:16,33.57,0.0,74,248427,买盘
09:32:19,33.59,0.02,242,812507,买盘
09:32:22,33.59,0.0,105,352724,买盘
09:32:25,33.6,0.01,139,467032,买盘
09:32:28,33.6,0.0,56,188110,买盘
09:32:31,33.59,-0.01,363,1219067,卖盘
09:32:34,33.59,0.0,173,581381,买盘
09:32:37,33.58,-0.01,77,258198,卖盘
09:32:40,33.58,0.0,64,214907,买盘
09:32:43,33.55,-0.03,771,2585517,卖盘
09:32:46,33.56,0.01,154,516464,买盘
09:32:49,33.5,-0.06,1151,3856750,卖盘
09:32:52,33.53,0.03,13,43829,中性盘
09:32:54,33.55,0.02,21,70423,中性盘
09:32:58,33.55,0.0,88,295249,卖盘
09:33:01,33.5,-0.05,640,2147623,卖盘
09:33:04,33.55,0.05,796,2669501,买盘
09:33:07,33.53,-0.02,32,107531,卖盘
09:33:10,33.54,0.01,156,522844,买盘
09:33:13,33.52,-0.02,21,70371,中性盘
09:33:16,33.49,-0.03,247,827251,卖盘
09:33:19,33.48,-0.01,931,3120425,卖盘
09:33:22,33.52,0.04,83,278641,买盘
09:33:25,33.47,-0.05,48,160396,卖盘
09:33:28,33.44,-0.03,97,324471,卖盘
09:33:31,33.53,0.09,764,2556230,买盘
09:33:34,33.46,-0.07,147,492019,卖盘
09:33:37,33.44,-0.02,557,1863297,卖盘
09:33:40,33.47,0.03,281,940760,中性盘
09:33:43,33.46,-0.01,700,2342018,卖盘
09:33:47,33.47,0.01,11,36817,买盘
09:33:49,33.47,0.0,162,542240,买盘
09:33:52,33.46,-0.01,115,384813,卖盘
09:33:55,33.46,0.0,31,103746,卖盘
09:33:58,33.48,0.02,292,977263,买盘
09:34:01,33.48,0.0,118,395063,买盘
09:34:04,33.51,0.03,317,1061850,买盘
09:34:07,33.5,-0.01,785,2629204,中性盘
09:34:10,33.5,0.0,85,282127,买盘
09:34:13,33.48,-0.02,110,368488,卖盘
09:34:16,33.49,0.01,5,16747,中性盘
09:34:19,33.49,0.0,168,562768,卖盘
09:34:22,33.5,0.01,340,1138980,买盘
09:34:25,33.5,0.0,34,113884,买盘
09:34:28,33.5,0.0,182,609671,买盘
09:34:31,33.49,-0.01,188,629795,卖盘
09:34:34,33.58,0.09,324,1086534,买盘
09:34:37,33.51,-0.07,28,93815,卖盘
09:34:40,33.5,-0.01,31,103857,卖盘
09:34:43,33.51,0.01,122,408919,买盘
09:34:46,33.5,-0.01,142,475702,卖盘
09:34:49,33.5,0.0,406,1359386,买盘
09:34:52,33.49,-0.01,98,327996,买盘
09:34:55,33.49,0.0,9,30133,买盘
09:34:58,33.45,-0.04,508,1698637,卖盘
09:35:01,33.43,-0.02,116,387733,卖盘
09:35:04,33.44,0.01,612,2045927,买盘
09:35:07,33.43,-0.01,196,655247,卖盘
09:35:10,33.42,-0.01,54,180428,卖盘
09:35:13,33.41,-0.01,177,591274,中性盘
09:35:16,33.39,-0.02,110,367338,卖盘
09:35:19,33.42,0.03,171,571324,买盘
09:35:22,33.42,0.0,146,487898,买盘
09:35:25,33.42,0.0,64,213817,卖盘
09:35:28,33.42,0.0,18,62165,卖盘
09:35:32,33.41,-0.01,18,60152,中性盘
09:35:34,33.39,-0.02,242,808863,卖盘
09:35:37,33.43,0.04,129,431228,买盘
09:35:40,33.42,-0.01,34,113628,中性盘
09:35:43,33.4,-0.02,92,307472,卖盘
09:35:46,33.42,0.02,14,46779,买盘
09:35:49,33.43,0.01,153,511836,买盘
09:35:52,33.42,-0.01,14,46792,卖盘
09:35:55,33.43,0.01,36,120316,买盘
09:35:58,33.42,-0.01,29,96927,卖盘
09:36:01,33.43,0.01,18,60174,买盘
09:36:05,33.43,0.0,282,942745,买盘
09:36:08,33.43,0.0,33,110321,卖盘
09:36:10,33.43,0.0,74,247439,卖盘
09:36:13,33.43,0.0,4,13373,卖盘
09:36:17,33.44,0.01,13,43472,买盘
09:36:22,33.44,0.0,102,341157,卖盘
09:36:25,33.45,0.01,61,204042,买盘
09:36:28,33.45,0.0,54,180628,买盘
09:36:32,33.45,0.0,89,297704,买盘
09:36:35,33.45,0.0,60,200693,买盘
09:36:37,33.47,0.02,79,264350,买盘
09:36:40,33.47,0.0,61,204184,买盘
09:36:43,33.46,-0.01,9,30117,卖盘
09:36:47,33.46,0.0,51,170680,卖盘
09:36:49,33.48,0.02,67,224311,买盘
09:36:52,33.47,-0.01,154,515432,卖盘
09:36:55,33.47,0.0,6,20081,卖盘
09:36:58,33.47,0.0,5,16734,买盘
09:37:01,33.47,0.0,60,200774,买盘
09:37:04,33.47,0.0,201,672903,买盘
09:37:08,33.48,0.01,5,16737,买盘
09:37:10,33.47,-0.01,96,321394,卖盘
09:37:13,33.49,0.02,64,214318,买盘
09:37:16,33.5,0.01,96,318932,买盘
09:37:19,33.5,0.0,140,468978,买盘
09:37:22,33.49,-0.01,62,207684,卖盘
09:37:25,33.5,0.01,71,237847,买盘
09:37:28,33.5,0.0,208,696610,买盘
09:37:31,33.49,-0.01,60,203612,中性盘
09:37:34,33.5,0.01,73,244546,买盘
09:37:37,33.5,0.0,127,425437,买盘
09:37:40,33.5,0.0,6,20100,买盘
09:37:43,33.5,0.0,50,167499,买盘
09:37:46,33.5,0.0,27,90446,买盘
09:37:49,33.5,0.0,125,418740,买盘
09:37:52,33.51,0.01,22,73706,买盘
09:37:55,33.5,-0.01,47,157446,卖盘
09:37:58,33.5,0.0,110,366427,买盘
09:38:02,33.49,-0.01,148,495531,中性盘
09:38:04,33.49,0.0,628,2103739,卖盘
09:38:08,33.48,-0.01,16,53006,卖盘
09:38:10,33.48,0.0,32,107703,买盘
09:38:13,33.48,0.0,28,93179,卖盘
09:38:17,33.48,0.0,51,171342,买盘
09:38:19,33.49,0.01,181,605501,买盘
09:38:22,33.44,-0.05,215,719485,卖盘
09:38:25,33.44,0.0,6,20083,卖盘
09:38:28,33.47,0.03,1,3347,中性盘
09:38:31,33.47,0.0,21,70285,中性盘
09:38:34,33.44,-0.03,25,83648,卖盘
09:38:37,33.44,0.0,19,63548,卖盘
09:38:40,33.43,-0.01,70,233980,卖盘
09:38:43,33.42,-0.01,44,147060,卖盘
09:38:47,33.42,0.0,13,43446,卖盘
09:38:49,33.43,0.01,164,547958,买盘
09:38:52,33.4,-0.03,228,764131,卖盘
09:38:56,33.39,-0.01,60,200349,中性盘
09:38:58,33.38,-0.01,16,52174,卖盘
09:39:02,33.38,0.0,71,236955,买盘
09:39:05,33.38,0.0,547,1825996,买盘
09:39:08,33.38,0.0,322,1074836,卖盘
09:39:10,33.37,-0.01,50,166880,中性盘
09:39:13,33.37,0.0,171,570387,卖盘
09:39:17,33.31,-0.06,181,603363,卖盘
09:39:19,33.35,0.04,179,596684,买盘
09:39:22,33.33,-0.02,18,59996,中性盘
09:39:25,33.35,0.02,75,250063,买盘
09:39:28,33.38,0.03,156,520514,买盘
09:39:32,33.38,0.0,185,617522,卖盘
09:39:35,33.3,-0.08,285,950491,卖盘
09:39:37,33.34,0.04,19,63304,买盘
09:39:40,33.34,0.0,63,209886,买盘
09:39:43,33.31,-0.03,236,784508,中性盘
09:39:46,33.31,0.0,89,296385,买盘
09:39:49,33.28,-0.03,96,320488,卖盘
09:39:52,33.3,0.02,57,189755,买盘
09:39:55,33.28,-0.02,30,100299,卖盘
09:39:58,33.28,0.0,88,292797,买盘
09:40:01,33.27,-0.01,145,481942,卖盘
09:40:05,33.28,0.01,210,699238,买盘
09:40:07,33.28,0.0,221,735807,卖盘
09:40:10,33.27,-0.01,416,1383341,卖盘
09:40:13,33.35,0.08,36,119986,买盘
09:40:16,33.3,-0.05,19,63304,卖盘
09:40:19,33.3,0.0,34,113240,卖盘
09:40:22,33.37,0.07,68,226522,买盘
09:40:25,33.36,-0.01,4,13339,买盘
09:40:28,33.35,-0.01,10,33355,中性盘
09:40:31,33.36,0.01,47,156772,买盘
09:40:35,33.35,-0.01,126,420097,卖盘
09:40:37,33.32,-0.03,84,279875,中性盘
09:40:40,33.36,0.04,29,96696,买盘
09:40:43,33.35,-0.01,107,356835,卖盘
09:40:47,33.33,-0.02,7,24412,卖盘
09:40:49,33.35,0.02,93,310163,买盘
09:40:52,33.32,-0.03,35,115539,卖盘
09:40:56,33.33,0.01,38,126624,买盘
09:40:58,33.33,0.0,24,79988,买盘
09:41:01,33.32,-0.01,73,243255,卖盘
09:41:04,33.33,0.01,581,1937282,买盘
09:41:07,33.31,-0.02,114,379953,卖盘
09:41:10,33.31,0.0,15,49989,卖盘
09:41:13,33.31,0.0,26,86609,卖盘
09:41:17,33.31,0.0,17,56627,买盘
09:41:19,33.32,0.01,27,89955,买盘
09:41:22,33.3,-0.02,35,116586,卖盘
09:41:25,33.3,0.0,118,392964,卖盘
09:41:28,33.3,0.0,115,382975,卖盘
09:41:31,33.31,0.01,66,219904,中性盘
09:41:35,33.3,-0.01,50,166549,卖盘
09:41:37,33.3,0.0,240,799439,卖盘
09:41:40,33.33,0.03,99,329776,买盘
09:41:43,33.32,-0.01,120,399840,卖盘
09:41:46,33.3,-0.02,80,266525,卖盘
09:41:49,33.29,-0.01,51,169829,卖盘
09:41:52,33.3,0.01,27,89910,买盘
09:41:55,33.3,0.0,37,123209,买盘
09:41:58,33.3,0.0,133,442963,买盘
09:42:01,33.31,0.01,49,163262,中性盘
09:42:05,33.31,0.0,248,826075,买盘
09:42:07,33.33,0.02,18,59993,买盘
09:42:10,33.36,0.03,34,113396,买盘
09:42:13,33.36,0.0,25,83419,卖盘
09:42:17,33.36,0.0,10,33360,卖盘
09:42:19,33.36,0.0,81,270132,买盘
09:42:21,33.34,-0.02,16,53352,中性盘
09:42:25,33.33,-0.01,13,43337,卖盘
09:42:28,33.34,0.01,103,342079,卖盘
09:42:30,33.36,0.02,19,63385,中性盘
09:42:35,33.37,0.01,73,243587,买盘
09:42:37,33.37,0.0,55,183535,买盘
09:42:40,33.35,-0.02,148,493711,卖盘
09:42:43,33.35,0.0,5,16675,买盘
09:42:47,33.35,0.0,40,133400,买盘
09:42:49,33.35,0.0,153,510193,买盘
09:42:52,33.36,0.01,10,33361,买盘
09:42:55,33.35,-0.01,11,36688,卖盘
09:42:58,33.35,0.0,2,6671,卖盘
09:43:01,33.37,0.02,20,66709,买盘
09:43:05,33.37,0.0,217,723936,买盘
09:43:07,33.37,0.0,44,146836,卖盘
09:43:09,33.39,0.02,128,427369,买盘
09:43:13,33.4,0.01,23,76818,买盘
09:43:16,33.43,0.03,21,70179,买盘
09:43:19,33.46,0.03,74,247559,买盘
09:43:22,33.45,-0.01,111,371424,卖盘
09:43:25,33.45,0.0,259,867549,买盘
09:43:29,33.48,0.03,172,575817,买盘
09:43:31,33.45,-0.03,239,799693,卖盘
09:43:33,33.49,0.04,183,612174,中性盘
09:43:37,33.49,0.0,144,481848,买盘
09:43:40,33.49,0.0,117,391689,卖盘
09:43:43,33.49,0.0,16,53884,买盘
09:43:46,33.49,0.0,58,194193,买盘
09:43:49,33.46,-0.03,1,3449,卖盘
09:43:52,33.47,0.01,11,36814,买盘
09:43:54,33.47,0.0,27,90348,买盘
09:43:58,33.43,-0.04,99,329478,卖盘
09:44:01,33.45,0.02,73,244199,买盘
09:44:05,33.46,0.01,125,419744,买盘
09:44:08,33.46,0.0,14,46848,卖盘
09:44:10,33.46,0.0,30,100380,卖盘
09:44:12,33.48,0.02,62,207487,买盘
09:44:16,33.48,0.0,6,20081,买盘
09:44:19,33.48,0.0,7,23430,买盘
09:44:21,33.46,-0.02,93,311195,卖盘
09:44:25,33.47,0.01,112,374955,买盘
09:44:29,33.46,-0.01,117,391502,卖盘
09:44:31,33.46,0.0,47,157270,卖盘
09:44:34,33.46,0.0,9,30119,卖盘
09:44:37,33.46,0.0,233,779619,卖盘
09:44:39,33.45,-0.01,270,901683,卖盘
09:44:43,33.4,-0.05,24,81047,卖盘
09:44:45,33.48,0.08,267,894959,买盘
09:44:49,33.39,-0.09,36,118069,卖盘
09:44:52,33.38,-0.01,14,46684,卖盘
09:44:55,33.38,0.0,30,100116,卖盘
09:44:58,33.37,-0.01,50,166898,卖盘
09:45:01,33.39,0.02,12,40061,买盘
09:45:05,33.39,0.0,329,1098535,买盘
09:45:07,33.39,0.0,18,60102,卖盘
09:45:10,33.39,0.0,126,420733,卖盘
09:45:13,33.39,0.0,154,514071,卖盘
09:45:17,33.39,0.0,140,467336,买盘
09:45:19,33.39,0.0,77,257237,买盘
09:45:22,33.38,-0.01,171,571505,卖盘
09:45:25,33.39,0.01,12,40076,中性盘
09:45:28,33.39,0.0,17,56770,卖盘
09:45:31,33.39,0.0,44,146929,卖盘
09:45:34,33.4,0.01,104,347338,买盘
09:45:37,33.39,-0.01,20,66768,买盘
09:45:40,33.4,0.01,136,454179,买盘
09:45:43,33.38,-0.02,3,10014,卖盘
09:45:45,33.39,0.01,5,16693,买盘
09:45:49,33.39,0.0,112,373805,买盘
09:45:52,33.39,0.0,8,26710,买盘
09:45:56,33.35,-0.04,170,567327,卖盘
09:45:58,33.35,0.0,47,156045,卖盘
09:46:01,33.33,-0.02,135,449915,卖盘
09:46:05,33.37,0.04,303,1011519,买盘
09:46:08,33.38,0.01,133,443829,买盘
09:46:10,33.38,0.0,4,13352,买盘
09:46:13,33.37,-0.01,170,567290,卖盘
09:46:16,33.37,0.0,7,23359,买盘
09:46:19,33.37,0.0,104,346848,买盘
09:46:22,33.36,-0.01,13,43380,中性盘
09:46:24,33.37,0.01,25,83423,买盘
09:46:29,33.37,0.0,139,462952,买盘
09:46:31,33.33,-0.04,29,96696,卖盘
09:46:34,33.35,0.02,41,136747,买盘
09:46:37,33.35,0.0,232,773670,买盘
09:46:40,33.35,0.0,54,180172,买盘
09:46:43,33.38,0.03,34,113440,买盘
09:46:46,33.38,0.0,20,66758,买盘
09:46:48,33.39,0.01,200,667560,买盘
09:46:52,33.36,-0.03,232,773721,卖盘
09:46:55,33.37,0.01,120,400299,卖盘
09:46:58,33.4,0.03,113,377059,买盘
09:47:01,33.38,-0.02,88,293789,卖盘
09:47:04,33.4,0.02,36,121767,买盘
09:47:08,33.42,0.02,23,76875,买盘
09:47:10,33.47,0.05,340,1135292,买盘
09:47:12,33.44,-0.03,4,13380,卖盘
09:47:16,33.45,0.01,27,90334,卖盘
09:47:18,33.45,0.0,21,70242,买盘
09:47:22,33.45,0.0,23,79142,买盘
09:47:25,33.44,-0.01,6,20069,卖盘
09:47:28,33.45,0.01,577,1927450,买盘
09:47:31,33.45,0.0,89,297683,买盘
09:47:34,33.4,-0.05,32,106881,卖盘
09:47:36,33.41,0.01,29,96887,买盘
09:47:40,33.45,0.04,117,391188,买盘
09:47:43,33.4,-0.05,14,47236,卖盘
09:47:46,33.41,0.01,1,3341,卖盘
09:47:49,33.44,0.03,110,364792,买盘
09:47:52,33.4,-0.04,32,106919,卖盘
09:47:55,33.39,-0.01,60,200341,卖盘
09:47:58,33.37,-0.02,89,297102,卖盘
09:48:02,33.37,0.0,40,133477,买盘
09:48:04,33.37,0.0,189,630693,买盘
09:48:07,33.39,0.02,140,467232,买盘
09:48:10,33.38,-0.01,7,23368,卖盘
09:48:13,33.4,0.02,57,190367,买盘
09:48:16,33.4,0.0,12,40075,买盘
09:48:19,33.4,0.0,7,23380,买盘
09:48:21,33.39,-0.01,11,36739,卖盘
09:48:24,33.41,0.02,54,180362,买盘
09:48:28,33.39,-0.02,166,554500,卖盘
09:48:34,33.44,0.05,83,277489,买盘
09:48:37,33.4,-0.04,33,110225,卖盘
09:48:40,33.44,0.04,137,457733,买盘
09:48:43,33.39,-0.05,83,277208,卖盘
09:48:46,33.4,0.01,7,23388,卖盘
09:48:48,33.42,0.02,12,40100,买盘
09:48:52,33.42,0.0,7,23394,买盘
09:48:55,33.39,-0.03,28,93517,卖盘
09:48:58,33.38,-0.01,153,510865,卖盘
09:49:01,33.41,0.03,77,257139,买盘
09:49:04,33.42,0.01,46,153769,买盘
09:49:07,33.43,0.01,3,10027,中性盘
09:49:10,33.42,-0.01,257,858894,卖盘
09:49:13,33.44,0.02,9,30094,买盘
09:49:16,33.42,-0.02,137,457898,卖盘
09:49:19,33.43,0.01,5,16715,中性盘
09:49:22,33.43,0.0,17,56831,买盘
09:49:25,33.44,0.01,74,247434,买盘
09:49:28,33.42,-0.02,137,457960,卖盘
09:49:31,33.42,0.0,34,115763,买盘
09:49:34,33.42,0.0,55,183799,买盘
09:49:37,33.42,0.0,82,274043,买盘
09:49:40,33.41,-0.01,120,400951,中性盘
09:49:43,33.4,-0.01,210,701789,卖盘
09:49:46,33.4,0.0,22,73520,卖盘
09:49:49,33.42,0.02,155,517649,买盘
09:49:52,33.42,0.0,10,33416,买盘
09:49:55,33.4,-0.02,140,467613,卖盘
09:49:58,33.4,0.0,120,400836,卖盘
09:50:01,33.38,-0.02,130,434020,卖盘
09:50:04,33.39,0.01,687,2293517,中性盘
09:50:06,33.38,-0.01,15,47944,卖盘
09:50:10,33.36,-0.02,141,470728,卖盘
09:50:13,33.38,0.02,7,23348,中性盘
09:50:16,33.36,-0.02,20,66733,卖盘
09:50:19,33.35,-0.01,130,433553,卖盘
09:50:21,33.33,-0.02,116,386631,卖盘
09:50:25,33.32,-0.01,141,469828,卖盘
09:50:28,33.32,0.0,188,626141,买盘
09:50:30,33.29,-0.03,263,875692,卖盘
09:50:34,33.27,-0.02,297,988320,卖盘
09:50:36,33.27,0.0,480,1596765,卖盘
09:50:40,33.23,-0.04,489,1625521,卖盘
09:50:43,33.2,-0.03,156,517980,卖盘
09:50:46,33.2,0.0,246,816752,卖盘
09:50:48,33.15,-0.05,474,1571914,卖盘
09:50:52,33.13,-0.02,230,762330,买盘
09:50:55,33.13,0.0,301,997426,卖盘
09:50:58,33.15,0.02,79,261922,中性盘
09:51:00,33.13,-0.02,190,629531,买盘
09:51:04,33.14,0.01,355,1176218,卖盘
09:51:07,33.19,0.05,146,484119,中性盘
09:51:10,33.21,0.02,202,670090,买盘
09:51:13,33.21,0.0,98,325425,买盘
09:51:15,33.22,0.01,314,1043088,买盘
09:51:18,33.22,0.0,101,335688,卖盘
09:51:22,33.27,0.05,51,169680,买盘
09:51:25,33.25,-0.02,132,439097,卖盘
09:51:28,33.27,0.02,33,112051,买盘
09:51:31,33.26,-0.01,59,196263,买盘
09:51:34,33.27,0.01,41,136398,买盘
09:51:37,33.25,-0.02,153,508905,卖盘
09:51:40,33.26,0.01,231,765851,中性盘
09:51:43,33.26,0.0,11,36847,买盘
09:51:46,33.25,-0.01,48,159542,卖盘
09:51:49,33.22,-0.03,207,687436,卖盘
09:51:52,33.21,-0.01,59,196187,卖盘
09:51:55,33.2,-0.01,267,886424,卖盘
09:51:58,33.16,-0.04,70,232156,卖盘
09:52:01,33.16,0.0,84,278520,卖盘
09:52:04,33.19,0.03,1003,3326614,买盘
09:52:06,33.19,0.0,366,1214457,卖盘
09:52:10,33.2,0.01,278,922008,买盘
09:52:13,33.16,-0.04,180,597110,卖盘
09:52:16,33.17,0.01,58,192446,中性盘
09:52:19,33.17,0.0,36,119402,卖盘
09:52:22,33.16,-0.01,170,563863,卖盘
09:52:25,33.15,-0.01,328,1087422,卖盘
09:52:28,33.14,-0.01,238,788743,中性盘
09:52:31,33.13,-0.01,505,1672876,卖盘
09:52:34,33.12,-0.01,847,2804275,卖盘
09:52:37,33.11,-0.01,169,559391,中性盘
09:52:40,33.08,-0.03,458,1514212,卖盘
09:52:42,33.08,0.0,605,1998371,买盘
09:52:46,33.03,-0.05,156,515346,卖盘
09:52:49,33.04,0.01,2202,7267855,买盘
09:52:52,32.99,-0.05,458,1510498,卖盘
09:52:55,32.99,0.0,206,679130,买盘
09:52:58,33.0,0.01,107,352910,买盘
09:53:01,33.0,0.0,79,260651,买盘
09:53:04,33.0,0.0,491,1620301,买盘
09:53:07,33.04,0.04,109,359837,买盘
09:53:10,33.04,0.0,687,2268020,卖盘
09:53:13,33.05,0.01,73,241255,买盘
09:53:15,33.03,-0.02,677,2237437,卖盘
09:53:19,33.04,0.01,141,466053,买盘
09:53:21,33.07,0.03,6,19862,中性盘
09:53:25,33.07,0.0,32,107429,卖盘
09:53:28,33.07,0.0,12,39683,卖盘
09:53:31,33.07,0.0,58,191830,买盘
09:53:34,33.07,0.0,39,128973,买盘
09:53:37,33.03,-0.04,498,1643848,卖盘
09:53:40,33.07,0.04,96,317429,买盘
09:53:43,33.05,-0.02,182,602176,卖盘
09:53:46,33.06,0.01,57,188374,买盘
09:53:49,33.04,-0.02,45,148441,卖盘
09:53:51,33.05,0.01,173,572060,买盘
09:53:55,33.05,0.0,132,436407,卖盘
09:53:58,33.05,0.0,167,551958,卖盘
09:54:01,33.06,0.01,82,271058,买盘
09:54:04,33.06,0.0,260,859618,买盘
09:54:06,33.08,0.02,343,1134331,买盘
09:54:10,33.11,0.03,333,1102823,买盘
09:54:13,33.08,-0.03,64,211718,卖盘
09:54:16,33.08,0.0,12,39707,卖盘
09:54:19,33.12,0.04,283,937311,买盘
09:54:22,33.1,-0.02,42,139054,中性盘
09:54:25,33.09,-0.01,680,2250240,卖盘
09:54:28,33.07,-0.02,146,481442,卖盘
09:54:31,33.07,0.0,292,965567,卖盘
09:54:34,33.06,-0.01,324,1071051,中性盘
09:54:37,33.01,-0.05,300,990571,卖盘
09:54:40,33.0,-0.01,436,1439529,卖盘
09:54:43,33.0,0.0,1100,3629432,卖盘
09:54:46,32.98,-0.02,210,692810,卖盘
09:54:49,32.99,0.01,135,445270,买盘
09:54:52,32.98,-0.01,329,1084457,中性盘
09:54:55,32.98,0.0,292,962532,买盘
09:54:57,32.97,-0.01,92,303763,中性盘
09:55:01,32.97,0.0,154,507696,买盘
09:55:04,32.97,0.0,233,768631,买盘
09:55:07,32.97,0.0,109,359281,买盘
09:55:10,32.99,0.02,307,1011989,买盘
09:55:13,32.97,-0.02,157,517762,卖盘
09:55:16,32.97,0.0,150,494694,卖盘
09:55:19,32.98,0.01,170,560630,买盘
09:55:22,32.99,0.01,106,349581,买盘
09:55:25,32.99,0.0,20,65968,买盘
09:55:28,32.98,-0.01,179,590372,卖盘
09:55:31,32.99,0.01,18,59381,买盘
09:55:33,32.98,-0.01,41,135236,卖盘
09:55:37,32.99,0.01,30,98963,买盘
09:55:40,32.99,0.0,44,145181,买盘
09:55:43,32.99,0.0,54,178111,卖盘
09:55:45,32.99,0.0,114,376129,卖盘
09:55:48,33.01,0.02,172,567585,买盘
09:55:52,33.01,0.0,8,26411,卖盘
09:55:55,33.04,0.03,77,254193,买盘
09:55:58,33.03,-0.01,169,556748,中性盘
09:56:01,33.02,-0.01,3,10931,卖盘
09:56:04,33.03,0.01,316,1043718,买盘
09:56:06,33.06,0.03,34,112349,买盘
09:56:10,33.04,-0.02,37,122252,卖盘
09:56:13,33.05,0.01,9,29750,中性盘
09:56:16,33.05,0.0,38,125620,卖盘
09:56:19,33.1,0.05,120,396931,买盘
09:56:21,33.11,0.01,45,148953,买盘
09:56:25,33.08,-0.03,226,747649,卖盘
09:56:28,33.06,-0.02,93,307496,卖盘
09:56:31,33.06,0.0,8,26448,买盘
09:56:37,33.05,-0.01,140,462738,卖盘
09:56:40,33.06,0.01,29,95846,买盘
09:56:43,33.04,-0.02,128,423067,卖盘
09:56:46,33.06,0.02,19,63557,卖盘
09:56:48,33.06,0.0,1,3306,卖盘
09:56:52,33.07,0.01,14,46298,买盘
09:56:55,33.07,0.0,96,316625,买盘
09:56:58,33.07,0.0,10,33068,买盘
09:57:01,33.07,0.0,38,125652,买盘
09:57:04,33.07,0.0,191,631657,买盘
09:57:07,33.06,-0.01,426,1408881,卖盘
09:57:09,33.06,0.0,44,145828,买盘
09:57:13,33.05,-0.01,26,85928,卖盘
09:57:16,33.05,0.0,119,392776,买盘
09:57:19,33.01,-0.04,338,1116212,卖盘
09:57:21,33.01,0.0,134,442467,卖盘
09:57:25,33.04,0.03,231,762666,买盘
09:57:28,33.0,-0.04,929,3066633,卖盘
09:57:31,33.01,0.01,359,1184947,卖盘
09:57:34,33.0,-0.01,36,118611,卖盘
09:57:36,33.01,0.01,67,221118,买盘
09:57:40,33.01,0.0,35,115503,买盘
09:57:43,33.0,-0.01,391,1290184,卖盘
09:57:45,33.0,0.0,157,517811,卖盘
09:57:48,32.98,-0.02,99,326557,中性盘
09:57:52,32.98,0.0,104,342942,买盘
09:57:55,32.98,0.0,90,296737,买盘
09:57:58,32.97,-0.01,155,511048,卖盘
09:58:01,32.98,0.01,28,92343,买盘
09:58:04,32.98,0.0,205,675957,买盘
09:58:07,32.98,0.0,53,174788,买盘
09:58:09,32.99,0.01,90,296882,买盘
09:58:13,33.01,0.02,66,218044,买盘
09:58:16,33.0,-0.01,30,99016,卖盘
09:58:19,33.01,0.01,39,128739,买盘
09:58:21,33.01,0.0,59,194829,卖盘
09:58:25,33.05,0.04,23,75945,买盘
09:58:28,32.99,-0.06,154,507978,卖盘
09:58:31,32.99,0.0,89,293843,买盘
09:58:34,32.99,0.0,39,127294,卖盘
09:58:37,33.01,0.02,8,26429,卖盘
09:58:39,33.04,0.03,8,26432,买盘
09:58:43,33.01,-0.03,12,39628,卖盘
09:58:49,33.04,0.03,14,46249,买盘
09:58:52,33.04,0.0,8,26432,买盘
09:58:55,33.01,-0.03,17,56141,卖盘
09:58:58,33.01,0.0,22,72638,卖盘
09:59:01,33.01,0.0,99,327968,卖盘
09:59:04,33.01,0.0,156,514940,买盘
09:59:06,33.01,0.0,264,871453,买盘
09:59:10,33.02,0.01,86,283902,买盘
09:59:13,33.01,-0.01,84,277287,卖盘
09:59:16,33.02,0.01,16,52821,买盘
09:59:19,33.02,0.0,30,99036,买盘
09:59:22,33.02,0.0,30,99056,买盘
09:59:25,33.02,0.0,22,72636,买盘
09:59:27,33.02,0.0,96,317982,买盘
09:59:31,33.02,0.0,154,508445,卖盘
09:59:34,33.01,-0.01,41,135387,卖盘
09:59:36,33.02,0.01,5,16511,卖盘
09:59:40,33.03,0.01,12,39636,买盘
09:59:43,33.03,0.0,12,39639,买盘
09:59:46,33.03,0.0,3,10043,卖盘
09:59:49,33.02,-0.01,59,194861,卖盘
09:59:52,33.04,0.02,91,300575,买盘
09:59:55,33.03,-0.01,98,323705,卖盘
09:59:58,33.04,0.01,36,118942,买盘
10:00:01,33.04,0.0,7,23129,卖盘
10:00:04,33.04,0.0,141,465980,卖盘
10:00:07,33.06,0.02,152,502374,买盘
10:00:09,33.05,-0.01,46,152033,卖盘
10:00:13,33.06,0.01,30,99151,买盘
10:00:16,33.05,-0.01,348,1150250,卖盘
10:00:19,33.05,0.0,35,115665,买盘
10:00:22,33.05,0.0,74,244569,买盘
10:00:25,33.05,0.0,11,36354,买盘
10:00:28,33.04,-0.01,311,1027595,卖盘
10:00:31,33.05,0.01,52,171817,买盘
10:00:33,33.03,-0.02,239,789455,卖盘
10:00:37,33.03,0.0,176,581213,买盘
10:00:40,33.02,-0.01,83,274069,卖盘
10:00:43,33.02,0.0,61,201427,买盘
10:00:45,33.01,-0.01,402,1325618,卖盘
10:00:49,33.01,0.0,120,396003,买盘
10:00:52,33.0,-0.01,119,392690,卖盘
10:00:55,32.99,-0.01,144,475060,卖盘
10:00:58,32.98,-0.01,320,1055423,卖盘
10:01:01,32.98,0.0,785,2590043,卖盘
10:01:04,33.0,0.02,156,514735,买盘
10:01:07,32.99,-0.01,465,1534021,买盘
10:01:10,32.99,0.0,234,771966,卖盘
10:01:13,33.0,0.01,84,277115,买盘
10:01:16,32.99,-0.01,214,705810,卖盘
10:01:19,32.98,-0.01,169,557367,卖盘
10:01:22,32.96,-0.02,787,2594029,卖盘
10:01:24,32.95,-0.01,408,1344410,卖盘
10:01:28,32.95,0.0,368,1212583,卖盘
10:01:31,32.93,-0.02,190,626428,卖盘
10:01:34,32.95,0.02,144,474342,买盘
10:01:37,32.94,-0.01,241,793460,买盘
10:01:39,32.93,-0.01,91,299684,中性盘
10:01:43,32.92,-0.01,26,85611,卖盘
10:01:46,32.93,0.01,62,204155,买盘
10:01:49,32.92,-0.01,92,302891,卖盘
10:01:52,32.93,0.01,222,730665,买盘
10:01:55,32.92,-0.01,27,89180,中性盘
10:01:58,32.91,-0.01,18,59237,卖盘
10:02:00,32.93,0.02,275,905466,买盘
10:02:04,32.94,0.01,68,223832,买盘
10:02:07,32.94,0.0,142,467677,买盘
10:02:09,32.95,0.01,67,220171,买盘
10:02:13,32.96,0.01,115,378968,买盘
10:02:15,32.96,0.0,8,26380,卖盘
10:02:19,32.98,0.02,31,102178,买盘
10:02:22,32.98,0.0,20,66143,买盘
10:02:25,32.97,-0.01,4,13189,卖盘
10:02:28,32.97,0.0,16,52756,卖盘
10:02:30,32.98,0.01,13,42874,买盘
10:02:34,32.98,0.0,19,62662,买盘
10:02:37,32.98,0.0,16,52768,买盘
10:02:39,32.98,0.0,73,240738,买盘
10:02:43,32.97,-0.01,36,118717,卖盘
10:02:46,32.98,0.01,13,42870,买盘
10:02:48,32.98,0.0,29,95639,买盘
10:02:51,32.98,0.0,19,62654,买盘
10:02:55,32.99,0.01,30,98946,买盘
10:02:57,32.99,0.0,15,49475,买盘
10:03:01,32.98,-0.01,37,122034,卖盘
10:03:04,32.99,0.01,8,26395,买盘
10:03:07,33.0,0.01,51,168289,买盘
10:03:10,33.0,0.0,44,145217,卖盘
10:03:12,33.0,0.0,25,82513,卖盘
10:03:15,33.01,0.01,62,202469,买盘
10:03:19,33.03,0.02,3,9905,中性盘
10:03:21,33.05,0.02,19,62751,买盘
10:03:25,33.03,-0.02,16,52851,卖盘
10:03:28,33.04,0.01,19,62775,买盘
10:03:34,33.05,0.01,1,3305,买盘
10:03:37,33.05,0.0,21,69405,买盘
10:03:40,33.05,0.0,35,115675,买盘
10:03:43,33.05,0.0,6,19833,卖盘
10:03:46,33.07,0.02,5,16534,买盘
10:03:49,33.06,-0.01,2,6612,卖盘
10:03:52,33.07,0.01,24,79352,买盘
10:03:55,33.07,0.0,20,66140,买盘
10:03:58,33.06,-0.01,120,396751,卖盘
10:04:00,33.07,0.01,54,178530,买盘
10:04:04,33.07,0.0,131,433334,买盘
10:04:06,33.08,0.01,252,833723,买盘
10:04:09,33.09,0.01,32,105873,买盘
10:04:13,33.08,-0.01,211,698356,卖盘
10:04:16,33.08,0.0,5,16540,卖盘
10:04:19,33.09,0.01,37,122407,买盘
10:04:22,33.08,-0.01,36,119088,卖盘
10:04:24,33.08,0.0,17,56231,买盘
10:04:27,33.07,-0.01,110,363849,卖盘
10:04:31,33.1,0.03,168,555894,买盘
10:04:34,33.06,-0.04,29,97755,卖盘
10:04:36,33.1,0.04,138,456847,买盘
10:04:40,33.12,0.02,81,268128,中性盘
10:04:43,33.08,-0.04,15,49650,卖盘
10:04:46,33.08,0.0,86,284576,卖盘
10:04:49,33.07,-0.01,91,300919,卖盘
10:04:52,33.09,0.02,268,886387,买盘
10:04:55,33.07,-0.02,4,13230,卖盘
10:04:58,33.06,-0.01,188,622533,卖盘
10:05:00,33.15,0.09,22,72925,买盘
10:05:04,33.14,-0.01,141,467313,中性盘
10:05:06,33.17,0.03,330,1093987,买盘
10:05:09,33.16,-0.01,313,1037907,卖盘
10:05:13,33.15,-0.01,183,606876,卖盘
10:05:15,33.1,-0.05,143,474830,卖盘
10:05:19,33.15,0.05,19,62972,买盘
10:05:22,33.16,0.01,59,195610,买盘
10:05:25,33.16,0.0,37,122693,卖盘
10:05:28,33.16,0.0,20,66326,卖盘
10:05:31,33.16,0.0,61,202276,卖盘
10:05:33,33.13,-0.03,21,69594,卖盘
10:05:36,33.1,-0.03,32,106230,卖盘
10:05:40,33.16,0.06,66,218811,买盘
10:05:42,33.13,-0.03,17,56341,卖盘
10:05:45,33.15,0.02,125,414545,买盘
10:05:49,33.13,-0.02,24,79533,卖盘
10:05:52,33.19,0.06,8,26532,买盘
10:05:54,33.16,-0.03,12,39795,中性盘
10:05:57,33.16,0.0,13,43132,卖盘
10:06:01,33.16,0.0,10,33160,卖盘
10:06:04,33.2,0.04,45,149356,买盘
10:06:07,33.2,0.0,266,883120,买盘
10:06:10,33.2,0.0,238,790093,卖盘
10:06:13,33.2,0.0,284,943958,卖盘
10:06:16,33.2,0.0,19,63070,卖盘
10:06:19,33.26,0.06,202,671363,买盘
10:06:22,33.2,-0.06,20,66417,中性盘
10:06:24,33.23,0.03,45,149512,中性盘
10:06:28,33.19,-0.04,26,86339,卖盘
10:06:31,33.17,-0.02,40,130136,卖盘
10:06:34,33.17,0.0,12,39809,卖盘
10:06:37,33.2,0.03,166,551062,买盘
10:06:40,33.2,0.0,23,76336,买盘
10:06:42,33.19,-0.01,20,66383,卖盘
10:06:46,33.2,0.01,29,96470,买盘
10:06:49,33.19,-0.01,38,125934,卖盘
10:06:52,33.2,0.01,71,235758,买盘
10:06:55,33.2,0.0,136,451250,买盘
10:06:58,33.2,0.0,15,49786,买盘
10:07:00,33.19,-0.01,5,16595,卖盘
10:07:04,33.17,-0.02,160,531103,卖盘
10:07:06,33.18,0.01,154,510971,买盘
10:07:10,33.2,0.02,245,813394,买盘
10:07:13,33.19,-0.01,2,6638,中性盘
10:07:15,33.19,0.0,151,501167,买盘
10:07:19,33.18,-0.01,15,49774,卖盘
10:07:22,33.19,0.01,59,195800,买盘
10:07:25,33.18,-0.01,73,242265,卖盘
10:07:28,33.18,0.0,580,1924456,卖盘
10:07:30,33.19,0.01,51,169217,买盘
10:07:34,33.19,0.0,21,69679,买盘
10:07:37,33.19,0.0,111,368406,买盘
10:07:40,33.19,0.0,140,464545,买盘
10:07:43,33.19,0.0,49,165253,买盘
10:07:45,33.18,-0.01,177,584720,卖盘
10:07:49,33.18,0.0,8,26544,买盘
10:07:52,33.18,0.0,9,29862,买盘
10:07:55,33.14,-0.04,46,152685,卖盘
10:07:58,33.14,0.0,7,23238,买盘
10:08:01,33.15,0.01,122,404430,买盘
10:08:03,33.14,-0.01,118,391169,卖盘
10:08:07,33.15,0.01,259,859314,买盘
10:08:10,33.15,0.0,615,2037289,卖盘
10:08:13,33.18,0.03,264,875906,买盘
10:08:16,33.2,0.02,243,806519,买盘
10:08:19,33.15,-0.05,119,394758,卖盘
10:08:22,33.14,-0.01,207,686271,卖盘
10:08:25,33.15,0.01,301,997815,买盘
10:08:28,33.17,0.02,13,43111,买盘
10:08:30,33.14,-0.03,628,2081641,卖盘
10:08:34,33.17,0.03,1,3317,中性盘
10:08:36,33.15,-0.02,254,843276,卖盘
10:08:40,33.15,0.0,66,218790,买盘
10:08:43,33.15,0.0,8,26520,买盘
10:08:45,33.14,-0.01,23,76242,卖盘
10:08:49,33.15,0.01,27,89802,买盘
10:08:52,33.14,-0.01,24,79239,卖盘
10:08:55,33.13,-0.01,112,371157,卖盘
10:08:58,33.13,0.0,14,46384,卖盘
10:09:01,33.14,0.01,35,115987,买盘
10:09:04,33.14,0.0,152,503724,买盘
10:09:07,33.14,0.0,363,1203251,买盘
10:09:10,33.13,-0.01,592,1961404,卖盘
10:09:12,33.12,-0.01,178,589827,卖盘
10:09:16,33.12,0.0,340,1126540,买盘
10:09:19,33.11,-0.01,42,139099,中性盘
10:09:22,33.08,-0.03,400,1324653,卖盘
10:09:25,33.1,0.02,11,36410,买盘
10:09:28,33.07,-0.03,218,721527,卖盘
10:09:31,33.08,0.01,33,109135,中性盘
10:09:34,33.08,0.0,23,76203,卖盘
10:09:37,33.08,0.0,10,33092,卖盘
10:09:39,33.1,0.02,62,205219,买盘
10:09:43,33.1,0.0,1,3310,买盘
10:09:46,33.06,-0.04,251,830157,卖盘
10:09:49,33.07,0.01,25,82788,买盘
10:09:52,33.08,0.01,9,29782,卖盘
10:09:55,33.09,0.01,123,407120,买盘
10:09:58,33.09,0.0,12,39708,中性盘
10:10:00,33.1,0.01,36,119621,买盘
10:10:03,33.11,0.01,7,23183,中性盘
10:10:07,33.12,0.01,34,112608,买盘
10:10:09,33.15,0.03,8,26514,买盘
10:10:13,33.13,-0.02,4,13254,卖盘
10:10:16,33.13,0.0,11,36443,卖盘
10:10:19,33.14,0.01,25,82874,卖盘
10:10:21,33.18,0.04,25,82888,买盘
10:10:24,33.19,0.01,119,394922,买盘
10:10:28,33.13,-0.06,42,139269,卖盘
10:10:31,33.13,0.0,68,226114,卖盘
10:10:34,33.14,0.01,1,3314,买盘
10:10:37,33.13,-0.01,144,476411,卖盘
10:10:40,33.12,-0.01,131,433957,卖盘
10:10:43,33.12,0.0,3,9937,卖盘
10:10:46,33.13,0.01,120,397663,买盘
10:10:49,33.13,0.0,20,66266,卖盘
10:10:51,33.14,0.01,9,29826,买盘
10:10:55,33.13,-0.01,18,59636,卖盘
10:10:58,33.13,0.0,2,6626,卖盘
10:11:01,33.14,0.01,18,59633,买盘
10:11:03,33.12,-0.02,642,2126441,卖盘
10:11:07,33.13,0.01,376,1245749,买盘
10:11:10,33.14,0.01,8,26501,买盘
10:11:13,33.14,0.0,9,29826,买盘
10:11:16,33.13,-0.01,3,9940,卖盘
10:11:19,33.14,0.01,21,69575,买盘
10:11:21,33.13,-0.01,5,16566,中性盘
10:11:25,33.13,0.0,14,46393,卖盘
10:11:28,33.14,0.01,18,59634,买盘
10:11:30,33.12,-0.02,5,16568,卖盘
10:11:34,33.13,0.01,109,361220,买盘
10:11:37,33.14,0.01,6,19884,买盘
10:11:40,33.14,0.0,46,152440,买盘
10:11:43,33.12,-0.02,19,62960,卖盘
10:11:46,33.14,0.02,10,33140,买盘
10:11:49,33.13,-0.01,1,3313,卖盘
10:11:52,33.13,0.0,2,6626,卖盘
10:11:55,33.13,0.0,8,26511,卖盘
10:11:58,33.14,0.01,9,29826,买盘
10:12:01,33.14,0.0,29,96083,买盘
10:12:04,33.13,-0.01,195,643576,卖盘
10:12:07,33.13,0.0,237,785181,卖盘
10:12:10,33.19,0.06,276,914641,买盘
10:12:13,33.14,-0.05,26,86203,卖盘
10:12:16,33.25,0.11,194,644634,买盘
10:12:19,33.2,-0.05,1,3320,买盘
10:12:21,33.16,-0.04,7,23235,卖盘
10:12:25,33.22,0.06,12,39857,买盘
10:12:27,33.22,0.0,9,29888,卖盘
10:12:30,33.17,-0.05,9,30209,卖盘
10:12:34,33.17,0.0,17,56060,卖盘
10:12:37,33.17,0.0,1,3317,买盘
10:12:39,33.17,0.0,8,26867,买盘
10:12:43,33.17,0.0,6,19908,卖盘
10:12:49,33.18,0.01,19,63042,卖盘
10:12:52,33.2,0.02,1,3320,买盘
10:12:55,33.2,0.0,8,26556,买盘
10:12:58,33.2,0.0,6,19913,买盘
10:13:01,33.18,-0.02,1,3318,卖盘
10:13:04,33.22,0.04,102,338660,买盘
10:13:07,33.22,0.0,39,129538,买盘
10:13:10,33.25,0.03,278,923984,买盘
10:13:12,33.22,-0.03,8,26576,卖盘
10:13:15,33.24,0.02,110,365789,买盘
10:13:18,33.22,-0.02,89,295670,卖盘
10:13:22,33.26,0.04,6,19946,买盘
10:13:25,33.26,0.0,67,222720,买盘
10:13:28,33.25,-0.01,4,13296,买盘
10:13:31,33.26,0.01,131,435572,买盘
10:13:34,33.24,-0.02,10,34005,卖盘
10:13:37,33.25,0.01,14,46543,中性盘
10:13:40,33.25,0.0,88,291807,买盘
10:13:43,33.23,-0.02,4,13297,卖盘
10:13:46,33.24,0.01,24,79774,买盘
10:13:49,33.24,0.0,11,36572,卖盘
10:13:52,33.24,0.0,108,359172,买盘
10:13:55,33.23,-0.01,15,49863,卖盘
10:13:57,33.24,0.01,5,16618,买盘
10:14:00,33.23,-0.01,26,86408,卖盘
10:14:04,33.24,0.01,16,53174,买盘
10:14:07,33.25,0.01,210,697992,买盘
10:14:10,33.24,-0.01,252,837867,卖盘
10:14:13,33.24,0.0,227,755003,买盘
10:14:16,33.22,-0.02,6,19937,卖盘
10:14:19,33.25,0.03,253,841181,买盘
10:14:22,33.22,-0.03,25,83135,卖盘
10:14:25,33.21,-0.01,14,46505,中性盘
10:14:28,33.2,-0.01,17,56345,卖盘
10:14:31,33.2,0.0,45,149326,买盘
10:14:34,33.2,0.0,71,235597,买盘
10:14:37,33.17,-0.03,116,385112,卖盘
10:14:40,33.2,0.03,5,16588,买盘
10:14:43,33.17,-0.03,129,428127,卖盘
10:14:46,33.19,0.02,5,16596,中性盘
10:14:49,33.21,0.02,140,465306,买盘
10:14:52,33.19,-0.02,23,76311,卖盘
10:14:55,33.19,0.0,14,46466,卖盘
10:14:58,33.18,-0.01,11,36499,卖盘
10:15:01,33.18,0.0,7,23228,买盘
10:15:03,33.18,0.0,7,23227,卖盘
10:15:07,33.19,0.01,35,116160,买盘
10:15:10,33.19,0.0,23,76338,卖盘
10:15:13,33.19,0.0,5,16596,卖盘
10:15:15,33.19,0.0,81,268839,卖盘
10:15:19,33.19,0.0,15,49796,卖盘
10:15:22,33.2,0.01,152,504636,买盘
10:15:25,33.2,0.0,35,116198,买盘
10:15:28,33.19,-0.01,17,56427,卖盘
10:15:31,33.19,0.0,11,36510,卖盘
10:15:34,33.19,0.0,118,391656,卖盘
10:15:37,33.19,0.0,1,3319,卖盘
10:15:40,33.19,0.0,139,461661,卖盘
10:15:43,33.2,0.01,20,66400,中性盘
10:15:46,33.21,0.01,22,73087,中性盘
10:15:49,33.21,0.0,1,3321,卖盘
10:15:52,33.23,0.02,10,33228,中性盘
10:15:55,33.22,-0.01,1,3322,卖盘
10:15:58,33.23,0.01,2,6646,买盘
10:16:01,33.22,-0.01,13,43186,卖盘
10:16:04,33.22,0.0,170,564857,卖盘
10:16:07,33.23,0.01,165,548162,买盘
10:16:10,33.23,0.0,39,129597,卖盘
10:16:12,33.23,0.0,206,684816,卖盘
10:16:19,33.25,0.02,5,16619,买盘
10:16:22,33.23,-0.02,10,33244,卖盘
10:16:25,33.25,0.02,30,99729,买盘
10:16:28,33.25,0.0,7,23275,买盘
10:16:32,33.23,-0.02,12,39876,卖盘
10:16:34,33.24,0.01,1,3324,中性盘
10:16:37,33.24,0.0,1,3324,买盘
10:16:40,33.25,0.01,12,39889,买盘
10:16:42,33.23,-0.02,183,608170,卖盘
10:16:47,33.23,0.0,78,259191,买盘
10:16:49,33.22,-0.01,211,702814,卖盘
10:16:52,33.23,0.01,11,36552,买盘
10:16:55,33.23,0.0,4,13292,买盘
10:16:58,33.22,-0.01,1,3322,卖盘
10:17:01,33.22,0.0,7,23254,卖盘
10:17:04,33.23,0.01,37,122951,买盘
10:17:07,33.24,0.01,62,206038,买盘
10:17:10,33.25,0.01,16,53193,买盘
10:17:13,33.24,-0.01,135,448874,卖盘
10:17:16,33.24,0.0,2,6648,卖盘
10:17:19,33.24,0.0,301,1000525,卖盘
10:17:22,33.24,0.0,33,109699,卖盘
10:17:25,33.27,0.03,282,937780,买盘
10:17:28,33.24,-0.03,5,16614,中性盘
10:17:31,33.22,-0.02,43,141207,卖盘
10:17:34,33.22,0.0,10,33220,买盘
10:17:37,33.19,-0.03,17,56443,卖盘
10:17:40,33.19,0.0,114,378844,卖盘
10:17:43,33.19,0.0,66,219054,买盘
10:17:46,33.19,0.0,15,49785,买盘
10:17:49,33.21,0.02,61,202478,买盘
10:17:52,33.22,0.01,22,73038,买盘
10:17:55,33.27,0.05,112,372541,买盘
10:18:01,33.22,-0.05,4,13286,买盘
10:18:04,33.21,-0.01,173,574661,卖盘
10:18:07,33.21,0.0,1,3321,买盘
10:18:10,33.21,0.0,158,524851,买盘
10:18:13,33.22,0.01,8,26575,买盘
10:18:16,33.21,-0.01,2,6642,卖盘
10:18:19,33.22,0.01,20,66440,买盘
10:18:22,33.23,0.01,10,33229,买盘
10:18:24,33.22,-0.01,22,73089,卖盘
10:18:28,33.22,0.0,2,6644,买盘
10:18:32,33.21,-0.01,9,29890,卖盘
10:18:34,33.21,0.0,25,83030,卖盘
10:18:37,33.22,0.01,4,13288,买盘
10:18:40,33.22,0.0,256,850211,买盘
10:18:43,33.22,0.0,4,13288,卖盘
10:18:46,33.28,0.06,457,1519502,买盘
10:18:49,33.21,-0.07,30,99643,卖盘
10:18:52,33.28,0.07,161,535357,买盘
10:18:55,33.21,-0.07,153,508137,卖盘
10:18:58,33.2,-0.01,16,53135,卖盘
10:19:01,33.26,0.06,65,215934,买盘
10:19:04,33.26,0.0,106,352551,卖盘
10:19:07,33.23,-0.03,2,6648,中性盘
10:19:10,33.26,0.03,32,106387,买盘
10:19:13,33.26,0.0,4,13304,买盘
10:19:17,33.26,0.0,51,169576,买盘
10:19:22,33.26,0.0,4,13301,买盘
10:19:25,33.27,0.01,237,788075,买盘
10:19:28,33.25,-0.02,117,389025,卖盘
10:19:31,33.25,0.0,282,938205,卖盘
10:19:34,33.25,0.0,60,199500,卖盘
10:19:37,33.23,-0.02,9,29908,卖盘
10:19:40,33.25,0.02,138,458835,买盘
10:19:43,33.26,0.01,93,309217,买盘
10:19:46,33.26,0.0,23,76518,卖盘
10:19:52,33.27,0.01,21,69865,卖盘
10:19:55,33.27,0.0,6,19962,买盘
10:19:58,33.27,0.0,5,16635,买盘
10:20:01,33.26,-0.01,149,495650,卖盘
10:20:04,33.26,0.0,150,499036,卖盘
10:20:07,33.25,-0.01,60,199541,卖盘
10:20:10,33.27,0.02,360,1197405,买盘
10:20:13,33.27,0.0,204,678787,买盘
10:20:17,33.29,0.02,197,655751,买盘
10:20:19,33.27,-0.02,13,43263,卖盘
10:20:22,33.28,0.01,207,691187,买盘
10:20:25,33.28,0.0,52,173047,买盘
10:20:28,33.28,0.0,46,153102,买盘
10:20:32,33.27,-0.01,4,13311,卖盘
10:20:34,33.28,0.01,128,426090,买盘
10:20:37,33.28,0.0,28,93184,买盘
10:20:40,33.27,-0.01,21,69877,卖盘
10:20:43,33.28,0.01,87,289725,买盘
10:20:47,33.28,0.0,35,116497,卖盘
10:20:49,33.28,0.0,44,146467,中性盘
10:20:52,33.28,0.0,130,432758,买盘
10:20:55,33.28,0.0,37,123157,买盘
10:20:58,33.28,0.0,12,39936,卖盘
10:21:02,33.27,-0.01,9,29949,卖盘
10:21:04,33.28,0.01,136,452612,买盘
10:21:07,33.28,0.0,22,70131,卖盘
10:21:10,33.29,0.01,433,1443320,买盘
10:21:13,33.29,0.0,54,179766,卖盘
10:21:17,33.29,0.0,255,849094,卖盘
10:21:19,33.29,0.0,67,223050,卖盘
10:21:22,33.3,0.01,50,166456,买盘
10:21:25,33.27,-0.03,301,1003511,卖盘
10:21:28,33.29,0.02,56,186317,买盘
10:21:32,33.26,-0.03,229,762179,卖盘
10:21:34,33.23,-0.03,22,73148,卖盘
10:21:37,33.23,0.0,4,13296,卖盘
10:21:40,33.26,0.03,155,515790,买盘
10:21:43,33.27,0.01,38,126401,买盘
10:21:47,33.27,0.0,20,66540,卖盘
10:21:49,33.26,-0.01,7,23283,卖盘
10:21:52,33.26,0.0,52,172950,卖盘
10:21:56,33.26,0.0,31,103106,买盘
10:21:58,33.27,0.01,134,445656,买盘
10:22:01,33.26,-0.01,63,209580,买盘
10:22:04,33.29,0.03,45,149710,买盘
10:22:08,33.27,-0.02,1,3327,卖盘
10:22:10,33.3,0.03,178,592668,买盘
10:22:13,33.3,0.0,181,602719,买盘
10:22:17,33.29,-0.01,187,622677,卖盘
10:22:19,33.31,0.02,221,736283,买盘
10:22:22,33.3,-0.01,125,416322,卖盘
10:22:25,33.32,0.02,225,749667,买盘
10:22:28,33.33,0.01,139,463267,买盘
10:22:32,33.31,-0.02,295,983177,卖盘
10:22:34,33.32,0.01,39,129930,买盘
10:22:38,33.32,0.0,222,739976,买盘
10:22:40,33.32,0.0,21,69966,买盘
10:22:43,33.35,0.03,110,366764,买盘
10:22:47,33.34,-0.01,44,146722,中性盘
10:22:49,33.33,-0.01,138,460197,中性盘
10:22:52,33.32,-0.01,70,233272,卖盘
10:22:56,33.32,0.0,19,63308,买盘
10:22:58,33.32,0.0,1,3332,买盘
10:23:02,33.34,0.02,27,89998,买盘
10:23:04,33.35,0.01,129,430086,买盘
10:23:07,33.36,0.01,117,390279,买盘
10:23:10,33.36,0.0,55,183396,买盘
10:23:13,33.36,0.0,65,216822,买盘
10:23:17,33.35,-0.01,187,624037,卖盘
10:23:19,33.35,0.0,62,206787,卖盘
10:23:22,33.37,0.02,25,83408,买盘
10:23:25,33.36,-0.01,153,510609,买盘
10:23:28,33.37,0.01,28,93432,买盘
10:23:31,33.37,0.0,26,86762,买盘
10:23:34,33.37,0.0,81,270180,买盘
10:23:38,33.37,0.0,10,33370,买盘
10:23:40,33.36,-0.01,143,477303,中性盘
10:23:43,33.36,0.0,14,46699,卖盘
10:23:47,33.36,0.0,250,834795,买盘
10:23:49,33.37,0.01,14,46709,买盘
10:23:52,33.42,0.05,143,477804,买盘
10:23:55,33.42,0.0,73,243962,卖盘
10:23:58,33.36,-0.06,48,158823,卖盘
10:24:01,33.39,0.03,227,758590,中性盘
10:24:04,33.37,-0.02,153,511025,卖盘
10:24:08,33.35,-0.02,251,839647,卖盘
10:24:10,33.36,0.01,498,1661317,买盘
10:24:13,33.4,0.04,107,357154,买盘
10:24:17,33.41,0.01,167,557783,买盘
10:24:19,33.4,-0.01,169,564596,卖盘
10:24:22,33.38,-0.02,8,26716,卖盘
10:24:25,33.38,0.0,201,671344,买盘
10:24:28,33.38,0.0,21,70107,卖盘
10:24:32,33.37,-0.01,37,120463,卖盘
10:24:34,33.34,-0.03,99,330065,卖盘
10:24:37,33.35,0.01,27,90031,买盘
10:24:40,33.37,0.02,164,547203,买盘
10:24:44,33.33,-0.04,35,116667,卖盘
10:24:47,33.33,0.0,79,263404,卖盘
10:24:49,33.35,0.02,2,6669,中性盘
10:24:52,33.33,-0.02,118,397134,卖盘
10:24:56,33.33,0.0,34,113313,买盘
10:24:58,33.3,-0.03,3,9991,卖盘
10:25:02,33.31,0.01,21,69942,中性盘
10:25:04,33.28,-0.03,175,582763,卖盘
10:25:08,33.32,0.04,58,193000,买盘
10:25:10,33.28,-0.04,234,779466,卖盘
10:25:14,33.29,0.01,57,189722,中性盘
10:25:16,33.28,-0.01,45,149779,卖盘
10:25:19,33.33,0.05,140,466426,买盘
10:25:22,33.28,-0.05,159,529237,卖盘
10:25:25,33.3,0.02,59,196382,中性盘
10:25:28,33.28,-0.02,203,676392,卖盘
10:25:32,33.25,-0.03,315,1048393,卖盘
10:25:34,33.28,0.03,58,193027,中性盘
10:25:37,33.28,0.0,322,1071779,买盘
10:25:40,33.29,0.01,147,489214,买盘
10:25:43,33.3,0.01,77,256356,买盘
10:25:47,33.36,0.06,42,139840,卖盘
10:25:49,33.35,-0.01,292,974147,卖盘
10:25:52,33.29,-0.06,46,150478,卖盘
10:25:55,33.23,-0.06,81,272086,卖盘
10:25:58,33.25,0.02,28,89896,买盘
10:26:02,33.25,0.0,50,166386,卖盘
10:26:04,33.29,0.04,63,212400,买盘
10:26:07,33.31,0.02,12,39961,买盘
10:26:10,33.35,0.04,160,533325,买盘
10:26:13,33.34,-0.01,55,183386,卖盘
10:26:17,33.35,0.01,205,684049,买盘
10:26:20,33.35,0.0,32,106718,买盘
10:26:22,33.39,0.04,121,403641,买盘
10:26:25,33.34,-0.05,135,450116,卖盘
10:26:28,33.34,0.0,237,790866,卖盘
10:26:32,33.34,0.0,247,823502,卖盘
10:26:34,33.31,-0.03,227,757365,卖盘
10:26:38,33.27,-0.04,47,153693,卖盘
10:26:40,33.27,0.0,182,606078,卖盘
10:26:43,33.25,-0.02,27,89825,卖盘
10:26:47,33.27,0.02,80,266036,买盘
10:26:49,33.26,-0.01,35,116411,中性盘
10:26:52,33.32,0.06,161,535950,买盘
10:26:56,33.32,0.0,29,96628,卖盘
10:26:58,33.31,-0.01,16,53309,卖盘
10:27:01,33.32,0.01,16,53297,买盘
10:27:05,33.31,-0.01,9,29979,买盘
10:27:07,33.32,0.01,21,69953,买盘
10:27:10,33.32,0.0,31,103291,买盘
10:27:13,33.33,0.01,78,259904,买盘
10:27:17,33.38,0.05,186,620062,买盘
10:27:20,33.32,-0.06,75,250091,卖盘
10:27:22,33.35,0.03,151,503789,买盘
10:27:25,33.32,-0.03,99,329935,卖盘
10:27:28,33.31,-0.01,413,1376064,卖盘
10:27:31,33.3,-0.01,36,119913,卖盘
10:27:34,33.28,-0.02,194,646275,卖盘
10:27:38,33.28,0.0,47,156537,卖盘
10:27:40,33.28,0.0,9,29952,买盘
10:27:43,33.28,0.0,22,73224,买盘
10:27:46,33.27,-0.01,31,103256,卖盘
10:27:49,33.33,0.06,26,86600,买盘
10:27:52,33.27,-0.06,118,393115,卖盘
10:27:56,33.27,0.0,77,256177,买盘
10:27:58,33.26,-0.01,32,106453,卖盘
10:28:02,33.27,0.01,30,99815,买盘
10:28:05,33.26,-0.01,251,835133,卖盘
10:28:07,33.27,0.01,54,179692,卖盘
10:28:10,33.33,0.06,199,662667,买盘
10:28:13,33.33,0.0,24,79992,卖盘
10:28:17,33.33,0.0,21,70001,中性盘
10:28:19,33.29,-0.04,125,416619,卖盘
10:28:22,33.29,0.0,30,99884,卖盘
10:28:25,33.28,-0.01,98,326231,卖盘
10:28:29,33.33,0.05,23,76576,买盘
10:28:32,33.34,0.01,116,386744,买盘
10:28:34,33.32,-0.02,480,1601057,卖盘
10:28:38,33.29,-0.03,34,113218,买盘
10:28:40,33.39,0.1,446,1487727,买盘
10:28:43,33.39,0.0,10,33385,卖盘
10:28:47,33.3,-0.09,37,123399,卖盘
10:28:49,33.3,0.0,175,583687,买盘
10:28:52,33.34,0.04,116,386292,中性盘
10:28:56,33.37,0.03,46,153346,买盘
10:28:58,33.39,0.02,83,277007,买盘
10:29:02,33.39,0.0,117,390641,卖盘
10:29:05,33.35,-0.04,124,414021,中性盘
10:29:08,33.33,-0.02,32,106589,中性盘
10:29:10,33.4,0.07,202,674218,买盘
10:29:13,33.35,-0.05,8,26680,卖盘
10:29:17,33.38,0.03,36,120198,买盘
10:29:20,33.37,-0.01,11,36699,中性盘
10:29:22,33.36,-0.01,141,470247,中性盘
10:29:25,33.36,0.0,21,70053,买盘
10:29:29,33.35,-0.01,220,734504,卖盘
10:29:32,33.35,0.0,538,1794263,卖盘
10:29:34,33.36,0.01,48,160092,中性盘
10:29:37,33.34,-0.02,236,787232,卖盘
10:29:40,33.34,0.0,33,110022,买盘
10:29:43,33.34,0.0,24,80006,买盘
10:29:46,33.34,0.0,8,26669,买盘
10:29:49,33.34,0.0,1,3334,买盘
10:29:52,33.33,-0.01,380,1266898,卖盘
10:29:56,33.33,0.0,25,83320,买盘
10:29:58,33.33,0.0,310,1033760,买盘
10:30:01,33.32,-0.01,8,26652,买盘
10:30:05,33.32,0.0,72,239897,买盘
10:30:07,33.32,0.0,144,479770,卖盘
10:30:10,33.31,-0.01,63,209916,买盘
10:30:13,33.36,0.05,111,370149,买盘
10:30:17,33.38,0.02,6,20031,中性盘
10:30:19,33.38,0.0,127,424057,买盘
10:30:22,33.35,-0.03,93,310228,卖盘
10:30:25,33.36,0.01,71,236848,买盘
10:30:29,33.35,-0.01,5,16677,中性盘
10:30:32,33.34,-0.01,42,140088,中性盘
10:30:34,33.33,-0.01,22,73328,卖盘
10:30:38,33.33,0.0,9,29997,卖盘
10:30:43,33.32,-0.01,21,69978,卖盘
10:30:47,33.33,0.01,4,13331,买盘
10:30:49,33.32,-0.01,7,23324,卖盘
10:30:52,33.32,0.0,220,733028,卖盘
10:30:56,33.31,-0.01,51,169915,卖盘
10:30:58,33.31,0.0,106,353231,卖盘
10:31:02,33.31,0.0,12,39973,卖盘
10:31:05,33.32,0.01,40,133290,买盘
10:31:07,33.31,-0.01,156,519741,卖盘
10:31:10,33.32,0.01,41,136612,买盘
10:31:13,33.37,0.05,152,506899,买盘
10:31:17,33.38,0.01,13,43383,买盘
10:31:19,33.37,-0.01,5,16688,卖盘
10:31:22,33.36,-0.01,134,447141,卖盘
10:31:25,33.37,0.01,51,170149,买盘
10:31:29,33.36,-0.01,117,390438,卖盘
10:31:31,33.39,0.03,12,40052,买盘
10:31:34,33.39,0.0,4,13356,买盘
10:31:38,33.38,-0.01,42,140186,卖盘
10:31:40,33.38,0.0,15,50069,买盘
10:31:43,33.38,0.0,3,10014,买盘
10:31:47,33.37,-0.01,1,3337,卖盘
10:31:49,33.38,0.01,4,13352,买盘
10:31:52,33.37,-0.01,167,557334,卖盘
10:31:55,33.37,0.0,37,123460,买盘
10:31:58,33.36,-0.01,18,60065,卖盘
10:32:01,33.37,0.01,11,36707,买盘
10:32:05,33.37,0.0,119,397103,买盘
10:32:08,33.36,-0.01,61,203497,卖盘
10:32:10,33.36,0.0,227,757271,买盘
10:32:13,33.36,0.0,89,297979,卖盘
10:32:17,33.37,0.01,33,110096,买盘
10:32:20,33.36,-0.01,159,530749,卖盘
10:32:22,33.35,-0.01,134,445940,卖盘
10:32:25,33.35,0.0,25,83386,卖盘
10:32:28,33.34,-0.01,143,477334,卖盘
10:32:32,33.35,0.01,19,63365,买盘
10:32:34,33.35,0.0,21,70035,买盘
10:32:38,33.33,-0.02,104,346737,卖盘
10:32:40,33.33,0.0,23,76674,卖盘
10:32:43,33.33,0.0,140,467086,卖盘
10:32:47,33.34,0.01,10,33342,卖盘
10:32:49,33.37,0.03,15,50008,买盘
10:32:52,33.34,-0.03,13,43342,卖盘
10:32:56,33.34,0.0,21,70014,买盘
10:32:58,33.33,-0.01,40,133352,卖盘
10:33:02,33.34,0.01,49,163336,买盘
10:33:05,33.39,0.05,116,386795,买盘
10:33:08,33.4,0.01,209,697070,买盘
10:33:10,33.31,-0.09,434,1449294,卖盘
10:33:13,33.32,0.01,162,540637,中性盘
10:33:17,33.38,0.06,195,650166,买盘
10:33:19,33.3,-0.08,107,356857,卖盘
10:33:22,33.29,-0.01,143,475971,卖盘
10:33:25,33.29,0.0,145,482786,买盘
10:33:28,33.29,0.0,78,259963,买盘
10:33:31,33.34,0.05,12,39994,买盘
10:33:34,33.38,0.04,65,216719,买盘
10:33:38,33.4,0.02,238,794760,买盘
10:33:40,33.34,-0.06,53,176191,卖盘
10:33:43,33.35,0.01,5,16675,买盘
10:33:47,33.29,-0.06,12,39971,卖盘
10:33:49,33.34,0.05,3,10002,中性盘
10:33:52,33.3,-0.04,141,469684,卖盘
10:33:56,33.31,0.01,37,123320,买盘
10:33:58,33.31,0.0,5,16655,卖盘
10:34:02,33.38,0.07,1,3338,买盘
10:34:05,33.38,0.0,49,164196,买盘
10:34:07,33.31,-0.07,121,404389,卖盘
10:34:10,33.4,0.09,154,513827,买盘
10:34:13,33.38,-0.02,7,23372,卖盘
10:34:17,33.38,0.0,129,430862,买盘
10:34:20,33.38,0.0,13,43383,卖盘
10:34:22,33.34,-0.04,178,593457,卖盘
10:34:25,33.38,0.04,45,150119,买盘
10:34:29,33.35,-0.03,158,527697,中性盘
10:34:32,33.36,0.01,27,90065,买盘
10:34:34,33.36,0.0,1,3336,买盘
10:34:37,33.35,-0.01,101,336735,中性盘
10:34:40,33.34,-0.01,5,16674,卖盘
10:34:43,33.4,0.06,98,326910,买盘
10:34:47,33.39,-0.01,32,106874,卖盘
10:34:50,33.36,-0.03,23,76767,卖盘
10:34:52,33.34,-0.02,5,17175,卖盘
10:34:56,33.36,0.02,23,76728,买盘
10:34:58,33.36,0.0,5,16676,买盘
10:35:01,33.35,-0.01,53,176754,卖盘
10:35:04,33.36,0.01,31,103392,买盘
10:35:08,33.39,0.03,193,643694,买盘
10:35:10,33.39,0.0,20,66777,买盘
10:35:13,33.4,0.01,40,133575,买盘
10:35:17,33.39,-0.01,115,385231,卖盘
10:35:20,33.39,0.0,18,60119,卖盘
10:35:22,33.39,0.0,155,517546,卖盘
10:35:25,33.39,0.0,276,920436,卖盘
10:35:29,33.37,-0.02,85,283807,卖盘
10:35:32,33.36,-0.01,25,83413,卖盘
10:35:34,33.35,-0.01,165,550779,卖盘
10:35:38,33.35,0.0,20,67166,卖盘
10:35:40,33.35,0.0,12,40022,卖盘
10:35:44,33.36,0.01,12,40024,买盘
10:35:47,33.35,-0.01,2,6204,买盘
10:35:49,33.35,0.0,5,16671,买盘
10:35:52,33.34,-0.01,33,110024,卖盘
10:35:56,33.34,0.0,6,20004,买盘
10:35:58,33.32,-0.02,18,60243,卖盘
10:36:02,33.32,0.0,13,43362,买盘
10:36:04,33.31,-0.01,125,416614,买盘
10:36:08,33.31,0.0,2,6731,卖盘
10:36:10,33.32,0.01,279,929661,买盘
10:36:13,33.31,-0.01,58,193243,卖盘
10:36:17,33.32,0.01,17,55102,买盘
10:36:19,33.31,-0.01,18,59958,买盘
10:36:22,33.31,0.0,1,3331,买盘
10:36:25,33.3,-0.01,15,49957,卖盘
10:36:29,33.31,0.01,10,33309,买盘
10:36:31,33.31,0.0,8,26648,买盘
10:36:34,33.3,-0.01,1,3330,卖盘
10:36:37,33.31,0.01,197,656176,买盘
10:36:40,33.32,0.01,51,169891,买盘
10:36:43,33.31,-0.01,5,16657,卖盘
10:36:47,33.31,0.0,5,16655,卖盘
10:36:49,33.31,0.0,20,66620,卖盘
10:36:52,33.32,0.01,19,63296,买盘
10:36:56,33.3,-0.02,80,266478,卖盘
10:36:58,33.29,-0.01,17,56605,卖盘
10:37:01,33.29,0.0,31,103199,卖盘
10:37:05,33.31,0.02,67,223177,买盘
10:37:07,33.32,0.01,12,39981,买盘
10:37:10,33.32,0.0,75,249899,买盘
10:37:13,33.32,0.0,18,59976,卖盘
10:37:17,33.33,0.01,11,36663,买盘
10:37:19,33.32,-0.01,12,39993,卖盘
10:37:22,33.33,0.01,32,106635,买盘
10:37:25,33.32,-0.01,75,249900,卖盘
10:37:28,33.32,0.0,99,329868,卖盘
10:37:31,33.31,-0.01,6,19987,卖盘
10:37:34,33.32,0.01,153,509644,买盘
10:37:37,33.32,0.0,125,416476,买盘
10:37:40,33.29,-0.03,37,123197,卖盘
10:37:43,33.3,0.01,8,26636,买盘
10:37:46,33.29,-0.01,2,6658,买盘
10:37:49,33.28,-0.01,6,19973,卖盘
10:37:52,33.29,0.01,11,36619,买盘
10:37:56,33.29,0.0,10,33290,买盘
10:37:58,33.31,0.02,30,99872,买盘
10:38:01,33.29,-0.02,3,9987,卖盘
10:38:04,33.31,0.02,7,23317,买盘
10:38:08,33.31,0.0,15,49969,卖盘
10:38:10,33.32,0.01,109,363188,买盘
10:38:13,33.32,0.0,84,279888,卖盘
10:38:15,33.32,0.0,13,43316,买盘
10:38:19,33.32,0.0,119,396508,买盘
10:38:22,33.3,-0.02,148,492979,卖盘
10:38:25,33.31,0.01,24,79936,买盘
10:38:29,33.31,0.0,4,13324,买盘
10:38:32,33.29,-0.02,193,643201,卖盘
10:38:34,33.29,0.0,88,292472,卖盘
10:38:37,33.29,0.0,35,117015,买盘
10:38:39,33.3,0.01,130,432780,买盘
10:38:46,33.27,-0.03,285,947985,卖盘
10:38:49,33.26,-0.01,57,189633,卖盘
10:38:56,33.27,0.01,28,93156,买盘
10:38:58,33.27,0.0,9,29939,买盘
10:39:01,33.26,-0.01,12,39920,卖盘
10:39:05,33.27,0.01,128,425856,买盘
10:39:07,33.26,-0.01,1,3326,卖盘
10:39:09,33.29,0.03,327,1088505,买盘
10:39:13,33.28,-0.01,26,86571,卖盘
10:39:16,33.28,0.0,14,46604,卖盘
10:39:19,33.28,0.0,11,36608,卖盘
10:39:22,33.29,0.01,24,79896,买盘
10:39:25,33.3,0.01,23,76575,买盘
10:39:28,33.29,-0.01,2,6658,卖盘
10:39:32,33.27,-0.02,745,2478943,卖盘
10:39:33,33.26,-0.01,64,212895,卖盘
10:39:37,33.26,0.0,92,306032,卖盘
10:39:40,33.27,0.01,25,83154,买盘
10:39:46,33.25,-0.02,49,162965,卖盘
10:39:49,33.25,0.0,145,482131,卖盘
10:39:52,33.25,0.0,22,73140,买盘
10:39:55,33.24,-0.01,24,79783,买盘
10:39:58,33.25,0.01,75,249375,买盘
10:40:01,33.25,0.0,30,99713,买盘
10:40:05,33.24,-0.01,126,418949,卖盘
10:40:07,33.24,0.0,12,39888,卖盘
10:40:09,33.25,0.01,131,435574,买盘
10:40:13,33.25,0.0,195,648378,卖盘
10:40:16,33.26,0.01,13,43238,买盘
10:40:19,33.25,-0.01,6,19950,卖盘
10:40:22,33.26,0.01,7,23280,买盘
10:40:24,33.26,0.0,24,79809,买盘
10:40:28,33.25,-0.01,117,389022,卖盘
10:40:31,33.24,-0.01,234,778047,卖盘
10:40:34,33.23,-0.01,38,126289,卖盘
10:40:37,33.29,0.06,264,879140,买盘
10:40:39,33.29,0.0,20,66580,卖盘
10:40:46,33.3,0.01,5,16649,买盘
10:40:49,33.29,-0.01,2,6659,卖盘
10:40:52,33.29,0.0,7,23304,卖盘
10:40:55,33.29,0.0,9,29968,卖盘
10:40:57,33.29,0.0,17,56608,卖盘
10:41:01,33.3,0.01,9,29963,买盘
10:41:04,33.29,-0.01,144,479503,卖盘
10:41:07,33.3,0.01,19,63266,买盘
10:41:09,33.3,0.0,96,319680,买盘
10:41:12,33.31,0.01,18,59950,买盘
10:41:16,33.3,-0.01,4,12787,卖盘
10:41:19,33.3,0.0,4,13320,卖盘
10:41:22,33.3,0.0,7,23312,卖盘
10:41:25,33.31,0.01,8,26647,买盘
10:41:28,33.31,0.0,42,139890,买盘
10:41:31,33.31,0.0,12,39964,买盘
10:41:34,33.33,0.02,107,356613,买盘
10:41:37,33.33,0.0,1,3333,卖盘
10:41:40,33.34,0.01,3,10001,买盘
10:41:46,33.34,0.0,2,6667,买盘
10:41:49,33.33,-0.01,52,173317,卖盘
10:41:52,33.33,0.0,112,373297,卖盘
10:41:54,33.34,0.01,7,23334,买盘
10:41:58,33.32,-0.02,37,123326,卖盘
10:42:01,33.33,0.01,11,36660,买盘
10:42:04,33.33,0.0,225,750044,卖盘
10:42:06,33.33,0.0,10,33330,卖盘
10:42:09,33.33,0.0,59,196628,卖盘
10:42:13,33.34,0.01,29,96685,买盘
10:42:16,33.34,0.0,3,10002,卖盘
10:42:19,33.34,0.0,4,13337,卖盘
10:42:25,33.34,0.0,11,36681,卖盘
10:42:28,33.35,0.01,1,3335,买盘
10:42:30,33.35,0.0,5,16674,买盘
10:42:34,33.35,0.0,35,116725,买盘
10:42:36,33.36,0.01,5,16680,买盘
10:42:40,33.34,-0.02,21,70034,卖盘
10:42:43,33.35,0.01,17,56685,买盘
10:42:46,33.34,-0.01,15,50010,卖盘
10:42:49,33.35,0.01,14,46689,买盘
10:42:52,33.35,0.0,2,6669,买盘
10:42:55,33.35,0.0,22,73369,买盘
10:42:58,33.34,-0.01,23,76687,卖盘
10:43:01,33.34,0.0,25,83350,买盘
10:43:04,33.33,-0.01,129,430076,卖盘
10:43:07,33.33,0.0,17,58103,卖盘
10:43:10,33.34,0.01,8,26671,买盘
10:43:13,33.34,0.0,131,436738,买盘
10:43:16,33.33,-0.01,24,79997,卖盘
10:43:19,33.34,0.01,36,120023,买盘
10:43:21,33.34,0.0,13,43343,卖盘
10:43:25,33.35,0.01,12,40019,买盘
10:43:27,33.34,-0.01,10,33340,卖盘
10:43:31,33.34,0.0,115,383410,卖盘
10:43:34,33.33,-0.01,71,236706,卖盘
10:43:37,33.34,0.01,17,56668,买盘
10:43:40,33.34,0.0,23,76681,买盘
10:43:43,33.33,-0.01,18,60004,卖盘
10:43:46,33.34,0.01,39,130025,买盘
10:43:49,33.33,-0.01,128,426768,卖盘
10:43:52,33.33,0.0,16,53346,卖盘
10:43:55,33.35,0.02,7,23345,买盘
10:43:58,33.35,0.0,15,50025,买盘
10:44:04,33.35,0.0,330,1100540,买盘
10:44:07,33.34,-0.01,101,336807,卖盘
10:44:10,33.35,0.01,38,126705,买盘
10:44:13,33.34,-0.01,358,1193942,卖盘
10:44:16,33.34,0.0,52,170685,卖盘
10:44:19,33.34,0.0,12,40019,卖盘
10:44:21,33.34,0.0,1,3334,卖盘
10:44:25,33.34,0.0,13,43348,卖盘
10:44:28,33.34,0.0,76,256118,卖盘
10:44:30,33.34,0.0,14,46676,买盘
10:44:37,33.33,-0.01,7,23331,卖盘
10:44:40,33.33,0.0,169,563277,卖盘
10:44:42,33.31,-0.02,24,78542,卖盘
10:44:46,33.33,0.02,70,234709,买盘
10:44:49,33.33,0.0,172,573276,卖盘
10:44:52,33.32,-0.01,34,111875,卖盘
10:44:56,33.32,0.0,19,63319,买盘
10:44:58,33.33,0.01,25,83309,买盘
10:45:01,33.33,0.0,41,136600,买盘
10:45:04,33.32,-0.01,3,9996,卖盘
10:45:06,33.33,0.01,66,219971,买盘
10:45:09,33.34,0.01,14,46667,买盘
10:45:13,33.34,0.0,327,1090191,买盘
10:45:16,33.33,-0.01,32,106676,卖盘
10:45:20,33.33,0.0,21,69994,卖盘
10:45:22,33.33,0.0,5,16665,卖盘
10:45:24,33.33,0.0,65,216664,卖盘
10:45:28,33.34,0.01,1,3334,买盘
10:45:31,33.34,0.0,4,13333,买盘
10:45:34,33.34,0.0,8,26672,买盘
10:45:40,33.34,0.0,7,23338,买盘
10:45:46,33.33,-0.01,1,3333,卖盘
10:45:49,33.34,0.01,4,13336,买盘
10:45:52,33.33,-0.01,43,143320,卖盘
10:45:55,33.34,0.01,37,123358,买盘
10:45:58,33.34,0.0,21,70014,买盘
10:46:01,33.33,-0.01,1,3333,卖盘
10:46:04,33.33,0.0,243,810056,卖盘
10:46:10,33.33,0.0,4,13335,卖盘
10:46:13,33.34,0.01,106,353404,买盘
10:46:16,33.34,0.0,19,63346,卖盘
10:46:19,33.33,-0.01,229,763433,卖盘
10:46:22,33.32,-0.01,461,1536606,卖盘
10:46:24,33.34,0.02,41,137501,买盘
10:46:28,33.34,0.0,24,80014,买盘
10:46:31,33.34,0.0,30,99998,买盘
10:46:34,33.33,-0.01,26,87194,卖盘
10:46:37,33.34,0.01,32,106688,买盘
10:46:40,33.34,0.0,28,93352,买盘
10:46:43,33.33,-0.01,196,651902,卖盘
10:46:46,33.33,0.0,30,99990,卖盘
10:46:49,33.34,0.01,35,118214,买盘
10:46:52,33.33,-0.01,9,29997,卖盘
10:46:55,33.34,0.01,6,20004,买盘
10:46:58,33.34,0.0,12,39998,买盘
10:47:01,33.33,-0.01,1,3333,卖盘
10:47:04,33.33,0.0,246,820056,卖盘
10:47:06,33.32,-0.01,27,88658,卖盘
10:47:10,33.33,0.01,28,93324,买盘
10:47:13,33.33,0.0,30,101490,买盘
10:47:16,33.33,0.0,2,6666,卖盘
10:47:18,33.33,0.0,6,19999,卖盘
10:47:22,33.33,0.0,35,116657,卖盘
10:47:24,33.33,0.0,1,3333,卖盘
10:47:27,33.33,0.0,364,1211712,卖盘
10:47:31,33.33,0.0,20,66660,买盘
10:47:34,33.32,-0.01,45,149919,卖盘
10:47:36,33.33,0.01,118,393280,买盘
10:47:40,33.33,0.0,162,540038,买盘
10:47:43,33.33,0.0,7,23331,买盘
10:47:46,33.32,-0.01,2,6665,卖盘
10:47:48,33.32,0.0,2,6665,卖盘
10:47:55,33.33,0.01,14,46662,买盘
10:47:58,33.33,0.0,1,3333,买盘
10:48:01,33.32,-0.01,1,3332,卖盘
10:48:04,33.33,0.01,123,409959,买盘
10:48:07,33.32,-0.01,1,3332,卖盘
10:48:09,33.32,0.0,9,29996,卖盘
10:48:13,33.32,0.0,258,859896,卖盘
10:48:16,33.32,0.0,37,123304,卖盘
10:48:18,33.32,0.0,255,849671,卖盘
10:48:22,33.32,0.0,12,39985,卖盘
10:48:25,33.33,0.01,111,369961,买盘
10:48:28,33.32,-0.01,9,29988,卖盘
10:48:30,33.32,0.0,20,66640,卖盘
10:48:34,33.33,0.01,12,39996,买盘
10:48:37,33.32,-0.01,23,76658,卖盘
10:48:40,33.32,0.0,30,99960,卖盘
10:48:43,33.32,0.0,81,269892,卖盘
10:48:45,33.32,0.0,5,16493,卖盘
10:48:49,33.32,0.0,11,36652,买盘
10:48:51,33.31,-0.01,54,179704,卖盘
10:48:55,33.3,-0.01,58,193152,卖盘
10:48:58,33.3,0.0,21,69943,卖盘
10:49:01,33.3,0.0,252,839361,卖盘
10:49:04,33.3,0.0,290,966386,卖盘
10:49:07,33.29,-0.01,12,39958,卖盘
10:49:10,33.29,0.0,192,637404,卖盘
10:49:13,33.25,-0.04,454,1511672,卖盘
10:49:16,33.25,0.0,56,186305,卖盘
10:49:19,33.27,0.02,84,279254,中性盘
10:49:21,33.26,-0.01,6,19956,中性盘
10:49:25,33.25,-0.01,13,43256,卖盘
10:49:31,33.27,0.02,1,3327,卖盘
10:49:34,33.3,0.03,31,103230,买盘
10:49:37,33.27,-0.03,43,143127,卖盘
10:49:40,33.28,0.01,46,153157,买盘
10:49:42,33.3,0.02,7,23313,中性盘
10:49:46,33.25,-0.05,45,149818,卖盘
10:49:49,33.3,0.05,4,13653,中性盘
10:49:52,33.3,0.0,2,6660,卖盘
10:49:58,33.3,0.0,37,123210,卖盘
10:50:00,33.3,0.0,7,23412,买盘
10:50:03,33.31,0.01,83,276673,买盘
10:50:07,33.31,0.0,40,133240,卖盘
10:50:10,33.31,0.0,2,6662,卖盘
10:50:12,33.32,0.01,30,99959,买盘
10:50:16,33.33,0.01,18,59994,买盘
10:50:22,33.33,0.0,70,233309,买盘
10:50:25,33.34,0.01,23,76671,买盘
10:50:28,33.33,-0.01,3,10466,卖盘
10:50:31,33.33,0.0,27,90006,卖盘
10:50:34,33.34,0.01,3,10002,买盘
10:50:40,33.33,-0.01,8,26668,卖盘
10:50:43,33.33,0.0,10,33330,卖盘
10:50:45,33.33,0.0,1,3333,卖盘
10:50:49,33.34,0.01,1,3334,买盘
10:50:52,33.34,0.0,2,6667,买盘
10:50:54,33.34,0.0,9,30006,买盘
10:50:58,33.34,0.0,88,293392,买盘
10:51:01,33.33,-0.01,72,240040,卖盘
10:51:04,33.33,0.0,192,640095,卖盘
10:51:07,33.34,0.01,95,316729,买盘
10:51:10,33.37,0.03,763,2547469,买盘
10:51:13,33.39,0.02,186,620905,买盘
10:51:15,33.39,0.0,22,73458,买盘
10:51:19,33.39,0.0,8,26712,买盘
10:51:21,33.39,0.0,12,37864,买盘
10:51:25,33.39,0.0,225,751499,卖盘
10:51:28,33.39,0.0,88,293917,卖盘
10:51:31,33.4,0.01,65,217135,买盘
10:51:34,33.4,0.0,7,23380,买盘
10:51:37,33.42,0.02,12,40724,买盘
10:51:39,33.41,-0.01,11,36116,卖盘
10:51:43,33.4,-0.01,13,43420,卖盘
10:51:46,33.43,0.03,162,542038,买盘
10:51:48,33.42,-0.01,16,53484,卖盘
10:51:52,33.43,0.01,29,96284,买盘
10:51:55,33.41,-0.02,155,518132,卖盘
10:51:58,33.41,0.0,91,304087,买盘
10:52:00,33.42,0.01,14,46782,买盘
10:52:04,33.41,-0.01,164,548061,卖盘
10:52:07,33.41,0.0,14,46778,卖盘
10:52:10,33.41,0.0,2,6850,卖盘
10:52:12,33.4,-0.01,660,2205129,卖盘
10:52:16,33.39,-0.01,49,163641,卖盘
10:52:19,33.39,0.0,23,76897,买盘
10:52:24,33.38,-0.01,22,73475,卖盘
10:52:27,33.38,0.0,2,6676,卖盘
10:52:31,33.38,0.0,42,140170,卖盘
10:52:33,33.33,-0.05,264,882399,卖盘
10:52:37,33.33,0.0,93,309981,卖盘
10:52:39,33.33,0.0,176,586632,卖盘
10:52:43,33.34,0.01,302,1006755,买盘
10:52:46,33.26,-0.08,241,801871,卖盘
10:52:48,33.3,0.04,35,117049,买盘
10:52:51,33.28,-0.02,7,23298,中性盘
10:52:54,33.26,-0.02,85,281680,卖盘
10:52:58,33.3,0.04,17,57614,买盘
10:53:01,33.31,0.01,28,93241,买盘
10:53:04,33.34,0.03,28,93327,买盘
10:53:07,33.35,0.01,7,23342,买盘
10:53:10,33.34,-0.01,32,106698,卖盘
10:53:12,33.35,0.01,109,363515,买盘
10:53:15,33.35,0.0,46,153494,卖盘
10:53:19,33.37,0.02,38,126802,买盘
10:53:21,33.35,-0.02,40,133460,卖盘
10:53:25,33.35,0.0,15,50052,卖盘
10:53:28,33.36,0.01,18,60048,买盘
10:53:31,33.35,-0.01,9,30020,卖盘
10:53:34,33.37,0.02,25,83410,买盘
10:53:37,33.37,0.0,19,63401,买盘
10:53:40,33.37,0.0,4,13348,买盘
10:53:43,33.36,-0.01,14,46708,卖盘
10:53:46,33.37,0.01,77,256952,买盘
10:53:49,33.37,0.0,12,40044,买盘
10:53:52,33.36,-0.01,67,223568,卖盘
10:53:55,33.37,0.01,8,26696,买盘
10:53:58,33.37,0.0,15,50055,买盘
10:54:01,33.38,0.01,19,63421,买盘
10:54:04,33.39,0.01,70,233664,买盘
10:54:06,33.39,0.0,56,186931,买盘
10:54:10,33.39,0.0,15,50082,买盘
10:54:13,33.39,0.0,51,170289,买盘
10:54:16,33.39,0.0,6,20037,卖盘
10:54:19,33.4,0.01,13,43420,买盘
10:54:22,33.4,0.0,6,20040,买盘
10:54:25,33.4,0.0,7,23380,买盘
10:54:27,33.39,-0.01,1,3339,卖盘
10:54:31,33.4,0.01,26,86830,买盘
10:54:34,33.4,0.0,15,48997,买盘
10:54:37,33.39,-0.01,7,23376,卖盘
10:54:39,33.4,0.01,12,40080,买盘
10:54:43,33.4,0.0,26,86829,买盘
10:54:46,33.39,-0.01,1,3339,卖盘
10:54:49,33.4,0.01,105,350700,买盘
10:54:52,33.4,0.0,6,20040,买盘
10:54:55,33.39,-0.01,91,303881,卖盘
10:54:58,33.4,0.01,3,10020,买盘
10:55:01,33.4,0.0,27,90180,买盘
10:55:04,33.4,0.0,130,434200,买盘
10:55:06,33.4,0.0,84,280492,买盘
10:55:10,33.39,-0.01,61,203683,卖盘
10:55:13,33.4,0.01,151,505112,买盘
10:55:15,33.4,0.0,8,26720,卖盘
10:55:19,33.41,0.01,2,6682,买盘
10:55:25,33.4,-0.01,22,73498,卖盘
10:55:27,33.42,0.02,25,83540,买盘
10:55:31,33.41,-0.01,8,26728,买盘
10:55:34,33.4,-0.01,56,187050,卖盘
10:55:37,33.42,0.02,30,100243,买盘
10:55:39,33.42,0.0,5,16706,买盘
10:55:43,33.42,0.0,10,33420,买盘
10:55:46,33.41,-0.01,1,3341,卖盘
10:55:49,33.42,0.01,5,16707,买盘
10:55:52,33.41,-0.01,64,213825,卖盘
10:55:54,33.41,0.0,10,32014,卖盘
10:55:58,33.42,0.01,41,137018,买盘
10:56:01,33.4,-0.02,36,121661,卖盘
10:56:04,33.42,0.02,16,52057,买盘
10:56:07,33.42,0.0,11,36754,买盘
10:56:10,33.41,-0.01,277,925548,卖盘
10:56:13,33.41,0.0,254,850208,卖盘
10:56:16,33.4,-0.01,97,323187,卖盘
10:56:19,33.39,-0.01,164,548699,卖盘
10:56:22,33.26,-0.13,331,1104262,卖盘
10:56:25,33.27,0.01,347,1151384,买盘
10:56:28,33.27,0.0,160,532530,卖盘
10:56:30,33.27,0.0,79,262837,卖盘
10:56:34,33.27,0.0,112,372627,卖盘
10:56:37,33.28,0.01,11,36608,买盘
10:56:39,33.27,-0.01,161,535557,卖盘
10:56:43,33.26,-0.01,23,76509,卖盘
10:56:46,33.31,0.05,17,56619,买盘
10:56:49,33.31,0.0,11,36639,买盘
10:56:52,33.31,0.0,2,6662,卖盘
10:56:58,33.31,0.0,10,33310,卖盘
10:57:01,33.34,0.03,1,3334,买盘
10:57:03,33.34,0.0,83,276722,买盘
10:57:07,33.34,0.0,14,46688,卖盘
10:57:09,33.34,0.0,6,20012,卖盘
10:57:13,33.36,0.02,471,1571256,买盘
10:57:16,33.35,-0.01,194,646990,卖盘
10:57:18,33.31,-0.04,220,733468,卖盘
10:57:22,33.29,-0.02,216,720008,卖盘
10:57:25,33.28,-0.01,60,199728,卖盘
10:57:28,33.34,0.06,36,119946,买盘
10:57:30,33.34,0.0,1,3334,买盘
10:57:34,33.34,0.0,4,13336,买盘
10:57:36,33.34,0.0,51,169846,买盘
10:57:40,33.34,0.0,7,23330,买盘
10:57:45,33.3,-0.04,14,46632,卖盘
10:57:49,33.32,0.02,17,56676,中性盘
10:57:52,33.34,0.02,72,239894,买盘
10:57:55,33.29,-0.05,24,79915,卖盘
10:57:58,33.32,0.03,6,19991,买盘
10:58:00,33.31,-0.01,2,6662,买盘
10:58:04,33.31,0.0,1,3331,买盘
10:58:07,33.31,0.0,63,209874,卖盘
10:58:10,33.34,0.03,4,13336,买盘
10:58:13,33.34,0.0,113,376739,买盘
10:58:15,33.34,0.0,67,223378,卖盘
10:58:19,33.35,0.01,245,816840,买盘
10:58:22,33.31,-0.04,30,99996,卖盘
10:58:25,33.32,0.01,41,136616,中性盘
10:58:28,33.34,0.02,76,253353,买盘
10:58:31,33.33,-0.01,7,23331,买盘
10:58:34,33.34,0.01,13,43333,买盘
10:58:37,33.31,-0.03,49,163246,卖盘
10:58:40,33.34,0.03,3,10001,买盘
10:58:45,33.34,0.0,38,126675,买盘
10:58:49,33.34,0.0,57,190038,买盘
10:58:52,33.34,0.0,48,159987,买盘
10:58:54,33.33,-0.01,13,43337,卖盘
10:58:58,33.34,0.01,20,66680,买盘
10:59:04,33.35,0.01,63,210043,买盘
10:59:07,33.35,0.0,106,353474,买盘
10:59:10,33.35,0.0,8,26678,买盘
10:59:12,33.35,0.0,252,840418,买盘
10:59:16,33.34,-0.01,20,66683,卖盘
10:59:19,33.35,0.01,49,163381,买盘
10:59:21,33.34,-0.01,63,210057,卖盘
10:59:25,33.35,0.01,111,370168,买盘
10:59:28,33.34,-0.01,55,183376,卖盘
10:59:30,33.35,0.01,3,10005,买盘
10:59:34,33.35,0.0,20,66700,买盘
10:59:37,33.35,0.0,185,616793,买盘
10:59:39,33.34,-0.01,26,86685,卖盘
10:59:43,33.35,0.01,4,13340,买盘
10:59:46,33.34,-0.01,1,3334,卖盘
10:59:48,33.35,0.01,4,13340,买盘
10:59:52,33.34,-0.01,34,113356,卖盘
10:59:55,33.33,-0.01,41,136699,卖盘
10:59:58,33.34,0.01,16,53344,买盘
11:00:00,33.35,0.01,43,143369,买盘
11:00:04,33.35,0.0,131,436879,买盘
11:00:07,33.34,-0.01,101,336741,卖盘
11:00:10,33.35,0.01,24,80040,买盘
11:00:13,33.36,0.01,189,630316,买盘
11:00:15,33.34,-0.02,148,493555,卖盘
11:00:22,33.34,0.0,95,316730,卖盘
11:00:25,33.34,0.0,11,36680,卖盘
11:00:28,33.34,0.0,114,382021,买盘
11:00:30,33.35,0.01,10,33345,买盘
11:00:34,33.35,0.0,5,16675,买盘
11:00:37,33.31,-0.04,156,518130,卖盘
11:00:40,33.31,0.0,17,56651,卖盘
11:00:43,33.31,0.0,53,176564,买盘
11:00:46,33.3,-0.01,20,66646,卖盘
11:00:49,33.34,0.04,12,39975,买盘
11:00:52,33.3,-0.04,33,109908,卖盘
11:00:55,33.3,0.0,21,69928,买盘
11:00:57,33.29,-0.01,13,43277,卖盘
11:01:01,33.29,0.0,14,46606,买盘
11:01:04,33.29,0.0,40,133161,卖盘
11:01:07,33.29,0.0,63,209730,卖盘
11:01:09,33.3,0.01,68,226788,买盘
11:01:13,33.3,0.0,124,412914,买盘
11:01:16,33.3,0.0,15,49955,卖盘
11:01:19,33.3,0.0,13,43290,卖盘
11:01:22,33.3,0.0,142,472871,卖盘
11:01:25,33.28,-0.02,449,1495143,卖盘
11:01:27,33.29,0.01,88,292989,买盘
11:01:30,33.29,0.0,5,16644,买盘
11:01:34,33.29,0.0,9,29957,买盘
11:01:37,33.28,-0.01,42,139343,卖盘
11:01:40,33.3,0.02,46,153488,卖盘
11:01:43,33.29,-0.01,1,3329,卖盘
11:01:45,33.28,-0.01,1,3328,卖盘
11:01:48,33.29,0.01,5,16645,买盘
11:01:52,33.28,-0.01,35,116047,卖盘
11:01:54,33.28,0.0,26,86508,买盘
11:01:58,33.3,0.02,27,90306,买盘
11:02:01,33.3,0.0,33,109890,卖盘
11:02:04,33.31,0.01,12,39972,买盘
11:02:06,33.3,-0.01,69,229774,卖盘
11:02:10,33.3,0.0,4,13323,卖盘
11:02:13,33.31,0.01,33,109905,买盘
11:02:17,33.34,0.03,1,3334,买盘
11:02:19,33.34,0.0,15,49980,买盘
11:02:22,33.32,-0.02,46,153276,卖盘
11:02:25,33.33,0.01,9,29999,中性盘
11:02:30,33.34,0.01,4,13336,买盘
11:02:33,33.33,-0.01,11,36665,卖盘
11:02:37,33.33,0.0,42,139986,卖盘
11:02:39,33.34,0.01,4,14068,买盘
11:02:45,33.33,-0.01,36,119255,卖盘
11:02:49,33.33,0.0,6,20731,买盘
11:02:52,33.33,0.0,38,126654,卖盘
11:02:54,33.32,-0.01,211,702522,卖盘
11:02:58,33.31,-0.01,11,36643,卖盘
11:03:01,33.32,0.01,39,129967,买盘
11:03:04,33.32,0.0,3,9996,中性盘
11:03:07,33.33,0.01,564,1878787,买盘
11:03:09,33.33,0.0,16,53319,买盘
11:03:13,33.32,-0.01,45,149913,中性盘
11:03:16,33.33,0.01,17,56645,买盘
11:03:19,33.28,-0.05,263,876284,卖盘
11:03:22,33.32,0.04,82,273208,买盘
11:03:24,33.28,-0.04,8,26638,卖盘
11:03:28,33.29,0.01,26,86554,卖盘
11:03:31,33.28,-0.01,5,16644,卖盘
11:03:34,33.32,0.04,207,689905,买盘
11:03:38,33.28,-0.04,63,209678,买盘
11:03:39,33.29,0.01,12,39954,中性盘
11:03:43,33.29,0.0,6,19974,买盘
11:03:46,33.3,0.01,4,13319,买盘
11:03:49,33.29,-0.01,3,9987,卖盘
11:03:52,33.29,0.0,20,66580,卖盘
11:03:55,33.29,0.0,13,43277,买盘
11:04:04,33.3,0.01,58,193083,买盘
11:04:06,33.3,0.0,59,196415,买盘
11:04:10,33.29,-0.01,42,139819,卖盘
11:04:13,33.3,0.01,280,932208,买盘
11:04:16,33.28,-0.02,23,76559,卖盘
11:04:19,33.29,0.01,31,103514,买盘
11:04:22,33.29,0.0,35,116486,买盘
11:04:25,33.28,-0.01,65,216376,卖盘
11:04:28,33.29,0.01,35,116514,买盘
11:04:30,33.28,-0.01,9,29952,卖盘
11:04:34,33.28,0.0,11,36608,卖盘
11:04:37,33.28,0.0,47,156416,卖盘
11:04:40,33.29,0.01,11,36611,买盘
11:04:42,33.29,0.0,8,26632,买盘
11:04:45,33.28,-0.01,66,219315,卖盘
11:04:49,33.28,0.0,8,26624,买盘
11:04:55,33.27,-0.01,30,99817,卖盘
11:04:58,33.27,0.0,12,39924,卖盘
11:05:01,33.27,0.0,127,422530,卖盘
11:05:04,33.26,-0.01,126,419656,卖盘
11:05:07,33.26,0.0,396,1317319,卖盘
11:05:10,33.25,-0.01,84,279044,卖盘
11:05:13,33.26,0.01,403,1340577,买盘
11:05:16,33.26,0.0,56,186256,卖盘
11:05:19,33.27,0.01,23,76513,买盘
11:05:22,33.26,-0.01,66,219184,卖盘
11:05:24,33.25,-0.01,24,79802,卖盘
11:05:28,33.25,0.0,14,46550,买盘
11:05:31,33.26,0.01,19,63177,买盘
11:05:34,33.27,0.01,6,19960,买盘
11:05:37,33.25,-0.02,35,116387,卖盘
11:05:40,33.2,-0.05,570,1893483,卖盘
11:05:43,33.19,-0.01,137,454815,卖盘
11:05:46,33.2,0.01,56,185887,买盘
11:05:48,33.2,0.0,74,245870,买盘
11:05:52,33.24,0.04,330,1095652,买盘
11:05:56,33.27,0.03,54,179619,买盘
11:05:58,33.27,0.0,13,43306,买盘
11:06:01,33.27,0.0,2,6654,买盘
11:06:04,33.26,-0.01,132,439156,中性盘
11:06:08,33.27,0.01,53,176229,买盘
11:06:10,33.27,0.0,32,106444,买盘
11:06:13,33.27,0.0,89,296594,买盘
11:06:16,33.27,0.0,314,1044710,卖盘
11:06:19,33.27,0.0,49,163055,卖盘
11:06:22,33.28,0.01,167,556054,买盘
11:06:25,33.28,0.0,10,33287,卖盘
11:06:27,33.28,0.0,5,16640,卖盘
11:06:32,33.29,0.01,75,249675,买盘
11:06:34,33.29,0.0,84,279633,买盘
11:06:37,33.29,0.0,141,469434,买盘
11:06:40,33.3,0.01,55,183137,买盘
11:06:43,33.3,0.0,24,79910,买盘
11:06:46,33.29,-0.01,49,163169,卖盘
11:06:49,33.3,0.01,51,169820,买盘
11:06:52,33.29,-0.01,36,119849,卖盘
11:06:55,33.29,0.0,8,26639,卖盘
11:06:58,33.3,0.01,3,9990,买盘
11:07:01,33.3,0.0,7,23310,买盘
11:07:04,33.29,-0.01,154,512802,卖盘
11:07:07,33.29,0.0,34,113187,卖盘
11:07:10,33.29,0.0,470,1564692,卖盘
11:07:13,33.3,0.01,112,372925,买盘
11:07:16,33.3,0.0,343,1142194,卖盘
11:07:19,33.3,0.0,17,56610,卖盘
11:07:22,33.3,0.0,39,129870,卖盘
11:07:25,33.3,0.0,11,36638,卖盘
11:07:28,33.3,0.0,122,406252,卖盘
11:07:32,33.29,-0.01,191,636013,卖盘
11:07:34,33.29,0.0,24,79903,卖盘
11:07:37,33.28,-0.01,13,43265,卖盘
11:07:40,33.27,-0.01,238,791945,卖盘
11:07:43,33.27,0.0,14,46251,卖盘
11:07:47,33.26,-0.01,44,146326,卖盘
11:07:49,33.25,-0.01,22,73121,中性盘
11:07:52,33.2,-0.05,28,92978,卖盘
11:07:55,33.21,0.01,13,43180,卖盘
11:07:57,33.21,0.0,46,152738,卖盘
11:08:02,33.21,0.0,35,116227,买盘
11:08:03,33.2,-0.01,231,767077,卖盘
11:08:07,33.22,0.02,35,116270,中性盘
11:08:11,33.23,0.01,9,29907,买盘
11:08:13,33.23,0.0,194,644862,买盘
11:08:17,33.24,0.01,184,611440,买盘
11:08:18,33.23,-0.01,21,69791,卖盘
11:08:22,33.23,0.0,35,116308,卖盘
11:08:25,33.23,0.0,12,39876,买盘
11:08:32,33.23,0.0,10,33230,买盘
11:08:33,33.23,0.0,4,13292,买盘
11:08:37,33.23,0.0,97,322331,买盘
11:08:40,33.25,0.02,8,26600,买盘
11:08:43,33.25,0.0,2,6650,买盘
11:08:46,33.25,0.0,50,166283,卖盘
11:08:48,33.23,-0.02,42,139629,卖盘
11:08:52,33.25,0.02,18,59850,买盘
11:08:56,33.24,-0.01,29,96417,中性盘
11:08:58,33.25,0.01,27,89775,买盘
11:09:02,33.28,0.03,31,103095,买盘
11:09:04,33.28,0.0,1,3328,买盘
11:09:07,33.26,-0.02,52,172960,卖盘
11:09:11,33.28,0.02,5,16640,买盘
11:09:13,33.26,-0.02,21,69846,卖盘
11:09:17,33.26,0.0,2,6652,买盘
11:09:19,33.28,0.02,33,109833,买盘
11:09:22,33.29,0.01,50,166419,买盘
11:09:25,33.28,-0.01,13,43276,卖盘
11:09:32,33.28,0.0,149,495964,卖盘
11:09:37,33.28,0.0,32,106496,卖盘
11:09:41,33.29,0.01,8,26632,买盘
11:09:43,33.3,0.01,5,16650,买盘
11:09:47,33.29,-0.01,9,29973,卖盘
11:09:49,33.31,0.02,1,3331,买盘
11:09:52,33.29,-0.02,34,113186,卖盘
11:09:55,33.31,0.02,7,23317,买盘
11:10:00,33.31,0.0,13,43279,买盘
11:10:04,33.31,0.0,125,416375,买盘
11:10:08,33.31,0.0,40,133240,卖盘
11:10:10,33.32,0.01,17,56628,买盘
11:10:13,33.31,-0.01,20,66622,卖盘
11:10:16,33.32,0.01,134,446488,买盘
11:10:19,33.31,-0.01,29,96618,卖盘
11:10:22,33.31,0.0,39,129929,卖盘
11:10:25,33.31,0.0,40,133219,卖盘
11:10:28,33.31,0.0,6,20952,卖盘
11:10:32,33.31,0.0,10,33311,卖盘
11:10:34,33.31,0.0,11,36641,卖盘
11:10:37,33.31,0.0,51,168915,卖盘
11:10:41,33.31,0.0,2,6661,买盘
11:10:43,33.3,-0.01,19,63271,卖盘
11:10:45,33.3,0.0,45,149853,卖盘
11:10:49,33.31,0.01,10,33302,买盘
11:10:52,33.3,-0.01,53,176491,卖盘
11:10:56,33.3,0.0,207,689163,卖盘
11:10:58,33.26,-0.04,33,109778,卖盘
11:11:02,33.3,0.04,49,163146,中性盘
11:11:04,33.31,0.01,72,239822,买盘
11:11:08,33.27,-0.04,153,509173,卖盘
11:11:11,33.26,-0.01,54,179605,中性盘
11:11:13,33.24,-0.02,14,46549,中性盘
11:11:17,33.25,0.01,11,36572,买盘
11:11:18,33.26,0.01,18,59862,卖盘
11:11:22,33.33,0.07,77,256062,买盘
11:11:24,33.25,-0.08,9,29933,卖盘
11:11:32,33.32,0.07,5,16658,买盘
11:11:37,33.32,0.0,59,196246,买盘
11:11:40,33.25,-0.07,125,416227,卖盘
11:11:43,33.26,0.01,33,109806,卖盘
11:11:45,33.26,0.0,20,66521,买盘
11:11:49,33.32,0.06,3,9990,买盘
11:11:52,33.25,-0.07,28,93114,卖盘
11:11:55,33.25,0.0,11,36575,卖盘
11:12:02,33.32,0.07,1,3332,买盘
11:12:05,33.3,-0.02,141,469732,中性盘
11:12:08,33.27,-0.03,7,23289,卖盘
11:12:11,33.27,0.0,25,83174,买盘
11:12:13,33.26,-0.01,21,69846,卖盘
11:12:16,33.26,0.0,189,628744,卖盘
11:12:19,33.25,-0.01,24,79814,卖盘
11:12:22,33.26,0.01,68,226920,买盘
11:12:25,33.26,0.0,7,23282,买盘
11:12:28,33.25,-0.01,6,19950,中性盘
11:12:32,33.25,0.0,22,73159,买盘
11:12:34,33.25,0.0,17,56525,买盘
11:12:37,33.25,0.0,74,246011,买盘
11:12:43,33.24,-0.01,49,162877,卖盘
11:12:46,33.24,0.0,7,23268,买盘
11:12:52,33.23,-0.01,44,146212,卖盘
11:12:56,33.23,0.0,7,23261,买盘
11:13:02,33.22,-0.01,14,46508,卖盘
11:13:05,33.23,0.01,71,235933,买盘
11:13:08,33.23,0.0,42,139567,卖盘
11:13:11,33.23,0.0,12,39876,卖盘
11:13:13,33.22,-0.01,68,226310,卖盘
11:13:17,33.22,0.0,186,618248,卖盘
11:13:19,33.21,-0.01,31,102608,卖盘
11:13:22,33.24,0.03,2,6646,买盘
11:13:25,33.22,-0.02,73,242449,买盘
11:13:29,33.21,-0.01,1,3321,卖盘
11:13:32,33.21,0.0,89,295569,卖盘
11:13:34,33.22,0.01,128,425074,买盘
11:13:37,33.2,-0.02,75,249003,卖盘
11:13:41,33.19,-0.01,19,62869,卖盘
11:13:43,33.18,-0.01,95,315240,卖盘
11:13:47,33.18,0.0,50,165847,买盘
11:13:49,33.17,-0.01,3,9951,买盘
11:13:52,33.15,-0.02,52,172390,卖盘
11:13:56,33.15,0.0,56,185661,卖盘
11:13:58,33.16,0.01,5,16879,买盘
11:14:02,33.16,0.0,57,188630,买盘
11:14:04,33.16,0.0,303,1005047,买盘
11:14:08,33.18,0.02,57,189325,买盘
11:14:11,33.24,0.06,21,69744,买盘
11:14:13,33.25,0.01,3,9974,买盘
11:14:17,33.25,0.0,505,1678145,买盘
11:14:19,33.24,-0.01,23,76459,卖盘
11:14:22,33.21,-0.03,24,79758,卖盘
11:14:25,33.24,0.03,32,106344,买盘
11:14:32,33.22,-0.02,2,6644,卖盘
11:14:34,33.22,0.0,5,16610,卖盘
11:14:37,33.22,0.0,37,122916,卖盘
11:14:41,33.22,0.0,1,3322,买盘
11:14:44,33.21,-0.01,17,56462,卖盘
11:14:47,33.21,0.0,14,46494,卖盘
11:14:49,33.22,0.01,2,6643,买盘
11:14:52,33.2,-0.02,9,29880,卖盘
11:14:56,33.19,-0.01,21,69706,卖盘
11:14:58,33.18,-0.01,13,43138,卖盘
11:15:01,33.19,0.01,7,23229,买盘
11:15:04,33.19,0.0,12,39828,买盘
11:15:08,33.19,0.0,60,199140,卖盘
11:15:11,33.19,0.0,12,39828,卖盘
11:15:13,33.2,0.01,1361,4525708,买盘
11:15:17,33.19,-0.01,559,1859273,卖盘
11:15:19,33.19,0.0,73,242382,卖盘
11:15:22,33.19,0.0,62,205806,卖盘
11:15:25,33.19,0.0,32,106236,卖盘
11:15:29,33.2,0.01,73,242334,买盘
11:15:32,33.2,0.0,5,16600,卖盘
11:15:37,33.29,0.09,29,96307,买盘
11:15:41,33.2,-0.09,3,9960,卖盘
11:15:43,33.2,0.0,12,39840,卖盘
11:15:46,33.2,0.0,17,54191,卖盘
11:15:49,33.29,0.09,46,152940,买盘
11:15:52,33.2,-0.09,9,30686,卖盘
11:15:56,33.2,0.0,30,99600,买盘
11:15:58,33.19,-0.01,45,149389,卖盘
11:16:02,33.2,0.01,22,73040,买盘
11:16:05,33.2,0.0,7,23240,买盘
11:16:08,33.2,0.0,46,152747,卖盘
11:16:11,33.2,0.0,2,6641,卖盘
11:16:13,33.2,0.0,30,99600,卖盘
11:16:16,33.26,0.06,340,1130828,买盘
11:16:19,33.2,-0.06,32,106279,卖盘
11:16:22,33.2,0.0,28,92960,卖盘
11:16:25,33.2,0.0,8,26565,卖盘
11:16:28,33.21,0.01,9,29896,卖盘
11:16:32,33.23,0.02,6,20204,买盘
11:16:34,33.22,-0.01,7,23254,卖盘
11:16:37,33.22,0.0,13,43186,买盘
11:16:41,33.22,0.0,4,13288,买盘
11:16:47,33.21,-0.01,2,6642,卖盘
11:16:49,33.22,0.01,6,19932,买盘
11:16:52,33.21,-0.01,50,166060,卖盘
11:16:56,33.21,0.0,6,20098,卖盘
11:17:02,33.21,0.0,30,99651,卖盘
11:17:05,33.21,0.0,125,415249,卖盘
11:17:08,33.21,0.0,41,135753,卖盘
11:17:11,33.21,0.0,32,106272,买盘
11:17:13,33.21,0.0,31,102951,买盘
11:17:17,33.21,0.0,171,568334,买盘
11:17:19,33.21,0.0,70,232528,卖盘
11:17:22,33.21,0.0,46,152813,卖盘
11:17:25,33.25,0.04,2,6650,买盘
11:17:29,33.27,0.02,5,16633,买盘
11:17:32,33.27,0.0,6,19962,买盘
11:17:34,33.29,0.02,10,33278,买盘
11:17:37,33.25,-0.04,26,86467,卖盘
11:17:40,33.29,0.04,1,3329,买盘
11:17:47,33.26,-0.03,1,3326,卖盘
11:17:49,33.29,0.03,62,206398,买盘
11:17:52,33.26,-0.03,28,93147,卖盘
11:17:58,33.28,0.02,7,23296,卖盘
11:18:02,33.28,0.0,37,123136,买盘
11:18:05,33.26,-0.02,151,502505,卖盘
11:18:08,33.26,0.0,75,249464,卖盘
11:18:11,33.27,0.01,10,33270,买盘
11:18:13,33.28,0.01,40,133079,买盘
11:18:17,33.28,0.0,3,9984,买盘
11:18:19,33.28,0.0,3,9984,买盘
11:18:22,33.26,-0.02,231,768558,卖盘
11:18:25,33.26,0.0,55,182957,卖盘
11:18:28,33.26,0.0,44,146380,卖盘
11:18:32,33.27,0.01,4,13308,买盘
11:18:34,33.26,-0.01,8,26674,卖盘
11:18:37,33.26,0.0,31,103040,卖盘
11:18:41,33.25,-0.01,13,42139,卖盘
11:18:43,33.26,0.01,13,43213,买盘
11:18:49,33.26,0.02,3,9977,买盘
11:18:52,33.24,-0.02,35,116240,卖盘
11:18:56,33.24,0.0,7,23268,买盘
11:18:58,33.24,0.0,1,3324,买盘
11:19:05,33.24,0.0,50,166272,买盘
11:19:07,33.24,0.0,38,126312,卖盘
11:19:11,33.26,0.02,1,3326,买盘
11:19:13,33.26,0.0,2,6652,买盘
11:19:17,33.26,0.0,26,86476,买盘
11:19:22,33.27,0.01,108,359314,买盘
11:19:25,33.27,0.0,50,166307,买盘
11:19:29,33.26,-0.01,1,3326,卖盘
11:19:32,33.27,0.01,7,23289,买盘
11:19:37,33.27,0.0,30,99810,买盘
11:19:41,33.26,-0.01,70,232820,卖盘
11:19:43,33.27,0.01,6,19962,买盘
11:19:47,33.27,0.0,1,3327,买盘
11:19:49,33.26,-0.01,14,46567,卖盘
11:19:52,33.27,0.01,4,13308,买盘
11:19:56,33.26,-0.01,73,242813,卖盘
11:19:58,33.27,0.01,3,9981,买盘
11:20:02,33.27,0.0,4,13306,买盘
11:20:05,33.26,-0.01,354,1177532,卖盘
11:20:07,33.25,-0.01,33,110283,卖盘
11:20:11,33.26,0.01,117,389139,买盘
11:20:13,33.26,0.0,14,46556,买盘
11:20:17,33.26,0.0,164,545465,买盘
11:20:22,33.27,0.01,5,16631,买盘
11:20:25,33.27,0.0,62,206229,买盘
11:20:28,33.26,-0.01,1,3326,卖盘
11:20:31,33.27,0.01,1,3327,买盘
11:20:37,33.27,0.0,10,33262,买盘
11:20:41,33.27,0.0,48,159649,买盘
11:20:43,33.26,-0.01,108,359208,卖盘
11:20:49,33.27,0.01,4,13307,买盘
11:20:52,33.26,-0.01,97,322623,卖盘
11:20:56,33.25,-0.01,30,99233,卖盘
11:21:02,33.24,-0.01,29,96396,卖盘
11:21:05,33.25,0.01,16,53200,买盘
11:21:08,33.25,0.0,4,13300,卖盘
11:21:11,33.25,0.0,44,146300,卖盘
11:21:13,33.25,0.0,3,9976,卖盘
11:21:17,33.26,0.01,57,189587,买盘
11:21:22,33.26,0.0,27,89802,卖盘
11:21:25,33.26,0.0,71,236152,卖盘
11:21:28,33.26,0.0,1,3326,卖盘
11:21:32,33.25,-0.01,69,229490,卖盘
11:21:34,33.26,0.01,8,27240,中性盘
11:21:37,33.26,0.0,52,172952,卖盘
11:21:40,33.26,0.0,20,66522,卖盘
11:21:47,33.26,0.0,5,16630,卖盘
11:21:49,33.26,0.0,13,43241,卖盘
11:21:52,33.26,0.0,50,166307,卖盘
11:21:56,33.26,0.0,67,222854,卖盘
11:22:02,33.27,0.01,1,3327,买盘
11:22:05,33.27,0.0,140,465770,买盘
11:22:08,33.27,0.0,2,6653,买盘
11:22:11,33.27,0.0,49,162976,买盘
11:22:17,33.27,0.0,163,542301,买盘
11:22:19,33.26,-0.01,24,79831,卖盘
11:22:22,33.26,0.0,51,169631,卖盘
11:22:25,33.26,0.0,16,53222,卖盘
11:22:29,33.26,0.0,1,3326,卖盘
11:22:32,33.27,0.01,1,3327,买盘
11:22:34,33.27,0.0,5,16635,买盘
11:22:37,33.26,-0.01,75,248818,卖盘
11:22:41,33.26,0.0,28,93760,买盘
11:22:43,33.27,0.01,9,29943,买盘
11:22:47,33.27,0.0,10,33270,买盘
11:22:50,33.27,0.0,14,46577,买盘
11:22:52,33.26,-0.01,64,212879,卖盘
11:22:55,33.27,0.01,14,46578,买盘
11:22:58,33.27,0.0,7,23289,买盘
11:23:02,33.27,0.0,1,3327,中性盘
11:23:05,33.28,0.01,171,569088,买盘
11:23:07,33.26,-0.02,249,829167,卖盘
11:23:10,33.26,0.0,11,36586,卖盘
11:23:17,33.28,0.02,236,785408,买盘
11:23:20,33.26,-0.02,27,89822,卖盘
11:23:22,33.26,0.0,42,139696,卖盘
11:23:25,33.26,0.0,9,29948,卖盘
11:23:29,33.26,0.0,1,3326,卖盘
11:23:37,33.26,0.0,27,89802,卖盘
11:23:41,33.26,0.0,3,9976,买盘
11:23:47,33.25,-0.01,8,26602,卖盘
11:23:49,33.26,0.01,23,76498,买盘
11:23:52,33.26,0.0,26,86476,卖盘
11:23:56,33.27,0.01,9,29948,中性盘
11:24:05,33.28,0.01,8,26624,买盘
11:24:08,33.28,0.0,33,109824,卖盘
11:24:10,33.29,0.01,5,14478,买盘
11:24:13,33.29,0.0,124,412678,买盘
11:24:17,33.29,0.0,145,482705,买盘
11:24:19,33.28,-0.01,84,279618,卖盘
11:24:22,33.28,0.0,49,163082,卖盘
11:24:25,33.29,0.01,169,562568,买盘
11:24:29,33.29,0.0,35,118682,卖盘
11:24:32,33.29,0.0,33,109789,买盘
11:24:34,33.29,0.0,8,26632,卖盘
11:24:37,33.26,-0.03,17,56548,卖盘
11:24:47,33.26,0.0,101,335926,卖盘
11:24:49,33.26,0.0,1,3326,卖盘
11:24:52,33.26,0.0,22,73154,卖盘
11:24:55,33.26,0.0,33,109758,买盘
11:24:58,33.24,-0.02,8,26592,卖盘
11:25:02,33.25,0.01,1,3325,买盘
11:25:04,33.25,0.0,142,472135,买盘
11:25:08,33.24,-0.01,61,202771,卖盘
11:25:16,33.25,0.01,10,33250,买盘
11:25:19,33.25,0.0,15,49880,卖盘
11:25:22,33.25,0.0,61,202832,卖盘
11:25:25,33.25,0.0,49,162931,卖盘
11:25:34,33.26,0.01,5,16630,买盘
11:25:37,33.25,-0.01,48,159616,卖盘
11:25:49,33.24,-0.01,371,1233704,卖盘
11:25:52,33.24,0.0,31,103028,买盘
11:25:56,33.23,-0.01,15,49848,卖盘
11:26:02,33.23,0.0,3,9969,买盘
11:26:04,33.23,0.0,9,29907,买盘
11:26:08,33.23,0.0,59,196086,卖盘
11:26:11,33.24,0.01,6,19939,买盘
11:26:17,33.24,0.0,115,382260,买盘
11:26:19,33.24,0.0,5,16620,卖盘
11:26:25,33.23,-0.01,145,481992,卖盘
11:26:29,33.24,0.01,2,5384,中性盘
11:26:32,33.25,0.01,1,3325,买盘
11:26:34,33.23,-0.02,129,429962,卖盘
11:26:37,33.22,-0.01,19,63129,卖盘
11:26:41,33.23,0.01,21,69767,买盘
11:26:43,33.23,0.0,9,29899,买盘
11:26:47,33.22,-0.01,33,109626,卖盘
11:26:52,33.23,0.01,10,33230,买盘
11:26:55,33.23,0.0,50,166106,买盘
11:26:58,33.2,-0.03,312,1036097,卖盘
11:27:02,33.19,-0.01,17,56423,中性盘
11:27:05,33.19,0.0,18,59742,买盘
11:27:08,33.2,0.01,1,3320,中性盘
11:27:11,33.19,-0.01,46,152674,卖盘
11:27:13,33.22,0.03,3,9960,买盘
11:27:17,33.22,0.0,40,132790,买盘
11:27:22,33.23,0.01,2,6646,买盘
11:27:25,33.23,0.0,32,106311,买盘
11:27:28,33.23,0.0,9,29905,买盘
11:27:32,33.23,0.0,1,3323,买盘
11:27:37,33.19,-0.04,304,1009813,卖盘
11:27:41,33.21,0.02,6,19926,买盘
11:27:43,33.21,0.0,4,13284,买盘
11:27:47,33.19,-0.02,15,49798,卖盘
11:27:49,33.2,0.01,1,3320,中性盘
11:27:53,33.21,0.01,4,13284,买盘
11:27:56,33.21,0.0,48,159359,买盘
11:27:58,33.22,0.01,24,79715,买盘
11:28:02,33.21,-0.01,2,6643,卖盘
11:28:05,33.22,0.01,46,152812,买盘
11:28:08,33.22,0.0,17,56490,卖盘
11:28:11,33.22,0.0,27,89694,卖盘
11:28:13,33.23,0.01,3,9969,买盘
11:28:17,33.24,0.01,75,247967,买盘
11:28:20,33.25,0.01,50,166164,买盘
11:28:23,33.23,-0.02,48,159519,卖盘
11:28:25,33.25,0.02,10,33249,买盘
11:28:28,33.26,0.01,11,36584,买盘
11:28:32,33.26,0.0,28,93128,买盘
11:28:34,33.27,0.01,11,36596,买盘
11:28:37,33.27,0.0,4,13308,买盘
11:28:40,33.25,-0.02,24,79812,卖盘
11:28:43,33.25,0.0,10,33250,买盘
11:28:46,33.25,0.0,10,33252,买盘
11:28:49,33.27,0.02,7,23287,买盘
11:28:52,33.27,0.0,5,16635,买盘
11:28:56,33.26,-0.01,181,601957,中性盘
11:28:58,33.26,0.0,20,66520,买盘
11:29:02,33.26,0.0,40,133040,买盘
11:29:05,33.26,0.0,154,512204,买盘
11:29:08,33.25,-0.01,30,99761,卖盘
11:29:10,33.24,-0.01,8,26592,卖盘
11:29:14,33.22,-0.02,22,74137,卖盘
11:29:17,33.25,0.03,155,515188,买盘
11:29:20,33.26,0.01,2,6652,买盘
11:29:22,33.25,-0.01,44,146308,卖盘
11:29:26,33.26,0.01,108,359310,中性盘
11:29:29,33.25,-0.01,30,99754,卖盘
11:29:32,33.26,0.01,11,37650,买盘
11:29:34,33.25,-0.01,10,33260,卖盘
11:29:38,33.27,0.02,30,99810,买盘
11:29:41,33.25,-0.02,47,156278,卖盘
11:29:46,33.26,0.01,4,13306,中性盘
11:29:49,33.27,0.01,2,6654,买盘
11:29:52,33.27,0.0,7,23289,买盘
11:29:56,33.26,-0.01,48,159662,卖盘
13:00:02,33.27,0.01,88,292746,买盘
13:00:04,33.27,0.0,328,1090142,买盘
13:00:08,33.26,-0.01,38,126400,卖盘
13:00:11,33.24,-0.02,281,934670,卖盘
13:00:13,33.25,0.01,66,219452,中性盘
13:00:16,33.25,0.0,221,734928,买盘
13:00:20,33.25,0.0,17,56543,卖盘
13:00:23,33.27,0.02,51,169673,买盘
13:00:26,33.26,-0.01,63,209526,卖盘
13:00:29,33.25,-0.01,23,76496,卖盘
13:00:32,33.28,0.03,29,96462,买盘
13:00:34,33.29,0.01,162,539139,买盘
13:00:38,33.27,-0.02,22,73181,中性盘
13:00:41,33.28,0.01,83,276153,买盘
13:00:43,33.28,0.0,7,23302,中性盘
13:00:47,33.27,-0.01,135,449164,卖盘
13:00:50,33.27,0.0,9,29943,卖盘
13:00:52,33.28,0.01,35,116480,买盘
13:00:56,33.28,0.0,34,113125,买盘
13:00:59,33.28,0.0,3,9984,买盘
13:01:02,33.28,0.0,77,255157,买盘
13:01:05,33.29,0.01,8,26632,买盘
13:01:09,33.28,-0.01,1,3328,卖盘
13:01:12,33.28,0.0,33,109824,卖盘
13:01:13,33.28,0.0,55,183048,卖盘
13:01:17,33.3,0.02,38,126504,买盘
13:01:23,33.3,0.0,81,269656,买盘
13:01:27,33.3,0.0,35,116522,买盘
13:01:29,33.3,0.0,36,119879,买盘
13:01:32,33.29,-0.01,9,29962,卖盘
13:01:34,33.3,0.01,7,23310,买盘
13:01:38,33.3,0.0,8,26640,买盘
13:01:40,33.29,-0.01,43,143149,卖盘
13:01:44,33.3,0.01,9,29970,买盘
13:01:47,33.3,0.0,30,99900,买盘
13:01:50,33.3,0.0,10,33291,买盘
13:01:52,33.3,0.0,14,46620,买盘
13:01:56,33.3,0.0,156,519431,买盘
13:01:59,33.29,-0.01,38,126523,卖盘
13:02:01,33.29,0.0,203,675796,卖盘
13:02:05,33.29,0.0,189,629337,卖盘
13:02:08,33.29,0.0,130,432875,卖盘
13:02:10,33.29,0.0,80,266365,卖盘
13:02:14,33.3,0.01,14,46612,买盘
13:02:17,33.3,0.0,194,646020,买盘
13:02:23,33.3,0.0,38,126570,卖盘
13:02:26,33.31,0.01,38,126550,买盘
13:02:29,33.3,-0.01,5,16650,卖盘
13:02:32,33.3,0.0,10,33301,卖盘
13:02:34,33.3,0.0,123,409596,卖盘
13:02:37,33.3,0.0,9,29970,卖盘
13:02:40,33.31,0.01,59,196479,买盘
13:02:47,33.3,-0.01,62,206460,卖盘
13:02:50,33.3,0.0,11,36630,卖盘
13:02:53,33.31,0.01,62,206492,买盘
13:02:56,33.32,0.01,54,179850,买盘
13:03:05,33.32,0.0,95,316540,买盘
13:03:08,33.33,0.01,7,23330,买盘
13:03:12,33.32,-0.01,2,6664,卖盘
13:03:14,33.33,0.01,3,9997,买盘
13:03:18,33.33,0.0,73,243309,买盘
13:03:23,33.34,0.01,1,3334,买盘
13:03:25,33.34,0.0,14,46676,买盘
13:03:29,33.33,-0.01,201,669933,卖盘
13:03:32,33.33,0.0,46,154273,卖盘
13:03:35,33.34,0.01,34,113356,买盘
13:03:42,33.34,0.0,2,6668,买盘
13:03:44,33.34,0.0,3,10002,买盘
13:03:46,33.33,-0.01,32,106656,卖盘
13:03:48,33.34,0.01,4,13335,买盘
13:03:53,33.33,-0.01,80,265707,卖盘
13:03:56,33.33,0.0,55,183312,买盘
13:03:59,33.32,-0.01,45,149937,卖盘
13:04:01,33.32,0.0,26,86616,买盘
13:04:05,33.31,-0.01,168,559749,卖盘
13:04:08,33.31,0.0,11,36641,中性盘
13:04:11,33.31,0.0,11,36639,买盘
13:04:14,33.27,-0.04,30,101841,卖盘
13:04:17,33.31,0.04,178,592871,买盘
13:04:20,33.31,0.0,55,183205,卖盘
13:04:23,33.3,-0.01,9,29954,中性盘
13:04:26,33.29,-0.01,7,23303,中性盘
13:04:29,33.29,0.0,10,33290,买盘
13:04:32,33.3,0.01,2,6660,中性盘
13:04:35,33.31,0.01,4,13322,买盘
13:04:42,33.3,-0.01,5,16650,卖盘
13:04:44,33.3,0.0,2,6660,买盘
13:04:48,33.29,-0.01,2,6659,卖盘
13:04:53,33.3,0.01,1,3330,买盘
13:04:56,33.29,-0.01,22,73244,卖盘
13:05:02,33.3,0.01,5,16650,买盘
13:05:05,33.31,0.01,131,436361,买盘
13:05:08,33.3,-0.01,21,69930,卖盘
13:05:11,33.3,0.0,1,433,卖盘
13:05:14,33.3,0.0,20,66600,卖盘
13:05:17,33.31,0.01,60,199852,买盘
13:05:22,33.31,0.0,73,243163,卖盘
13:05:26,33.3,-0.01,16,53293,卖盘
13:05:29,33.32,0.02,42,139898,买盘
13:05:36,33.31,-0.01,1,3331,买盘
13:05:38,33.31,0.0,3,9993,买盘
13:05:41,33.31,0.0,3,9993,买盘
13:05:44,33.31,0.0,1,3331,买盘
13:05:48,33.31,0.0,12,39972,买盘
13:05:50,33.31,0.0,1,3331,卖盘
13:05:53,33.32,0.01,13,43305,买盘
13:05:57,33.32,0.0,17,56634,买盘
13:05:59,33.31,-0.01,83,276523,卖盘
13:06:02,33.31,0.0,42,139902,买盘
13:06:06,33.31,0.0,9,29979,买盘
13:06:08,33.31,0.0,1,3331,卖盘
13:06:11,33.31,0.0,5,16655,卖盘
13:06:13,33.33,0.02,162,539802,买盘
13:06:17,33.33,0.0,155,516596,买盘
13:06:20,33.33,0.0,45,149995,买盘
13:06:23,33.33,0.0,19,63327,买盘
13:06:26,33.34,0.01,16,53330,买盘
13:06:29,33.33,-0.01,4,13931,中性盘
13:06:32,33.34,0.01,42,139999,买盘
13:06:35,33.34,0.0,10,33340,买盘
13:06:38,33.33,-0.01,18,59994,卖盘
13:06:40,33.33,0.0,6,19998,买盘
13:06:44,33.32,-0.01,87,289891,卖盘
13:06:47,33.32,0.0,74,246568,卖盘
13:06:50,33.32,0.0,10,33320,卖盘
13:06:53,33.33,0.01,19,63325,买盘
13:06:56,33.33,0.0,7,23331,买盘
13:06:59,33.32,-0.01,8,26656,卖盘
13:07:02,33.31,-0.01,95,316547,卖盘
13:07:05,33.33,0.02,98,326634,买盘
13:07:08,33.34,0.01,35,116660,买盘
13:07:11,33.33,-0.01,67,223349,卖盘
13:07:14,33.34,0.01,39,129988,买盘
13:07:17,33.34,0.0,217,724373,买盘
13:07:20,33.34,0.0,47,155765,卖盘
13:07:22,33.34,0.0,17,56662,买盘
13:07:26,33.35,0.01,186,619994,买盘
13:07:29,33.28,-0.07,125,416362,卖盘
13:07:32,33.28,0.0,48,159930,卖盘
13:07:35,33.32,0.04,12,39995,中性盘
13:07:38,33.32,0.0,30,99960,卖盘
13:07:41,33.29,-0.03,37,123237,卖盘
13:07:44,33.33,0.04,1,3333,买盘
13:07:50,33.3,-0.03,2,6660,卖盘
13:07:56,33.31,0.01,14,46634,买盘
13:07:59,33.31,0.0,34,113224,买盘
13:08:02,33.31,0.0,134,446354,买盘
13:08:08,33.3,-0.01,1,3330,卖盘
13:08:11,33.31,0.01,12,39972,买盘
13:08:12,33.31,0.0,4,13324,买盘
13:08:18,33.31,0.0,107,356417,买盘
13:08:19,33.31,0.0,199,662897,卖盘
13:08:23,33.3,-0.01,21,69943,卖盘
13:08:26,33.31,0.01,16,53293,买盘
13:08:29,33.3,-0.01,17,56626,卖盘
13:08:32,33.3,0.0,61,203133,卖盘
13:08:35,33.31,0.01,6,19986,买盘
13:08:38,33.31,0.0,5,16655,买盘
13:08:41,33.3,-0.01,3,9990,卖盘
13:08:44,33.3,0.0,3,9990,卖盘
13:08:46,33.3,0.0,2,6660,卖盘
13:08:50,33.3,0.0,7,23316,卖盘
13:08:53,33.31,0.01,8,26647,买盘
13:08:56,33.31,0.0,13,43297,买盘
13:08:59,33.3,-0.01,10,33300,卖盘
13:09:02,33.31,0.01,45,149892,买盘
13:09:08,33.31,0.0,2,6662,卖盘
13:09:09,33.34,0.03,20,66662,买盘
13:09:17,33.34,0.0,117,390078,买盘
13:09:23,33.35,0.01,32,106720,买盘
13:09:24,33.35,0.0,7,23345,买盘
13:09:29,33.34,-0.01,1,3334,卖盘
13:09:32,33.34,0.0,13,43354,卖盘
13:09:35,33.35,0.01,5,16672,买盘
13:09:37,33.35,0.0,5,16675,买盘
13:09:41,33.35,0.0,1,3335,买盘
13:09:44,33.35,0.0,21,70035,买盘
13:09:47,33.34,-0.01,10,33341,卖盘
13:09:50,33.35,0.01,59,196763,买盘
13:09:52,33.35,0.0,87,290136,买盘
13:09:56,33.36,0.01,17,56702,买盘
13:09:59,33.35,-0.01,6,20014,卖盘
13:10:02,33.36,0.01,80,266880,买盘
13:10:05,33.36,0.0,66,220212,卖盘
13:10:08,33.36,0.0,48,160167,卖盘
13:10:11,33.36,0.0,36,120124,卖盘
13:10:14,33.37,0.01,8,26695,买盘
13:10:17,33.37,0.0,160,533916,买盘
13:10:20,33.36,-0.01,28,93448,卖盘
13:10:23,33.38,0.02,225,751020,买盘
13:10:26,33.38,0.0,49,163538,买盘
13:10:29,33.37,-0.01,15,50055,卖盘
13:10:30,33.38,0.01,3,10014,买盘
13:10:35,33.38,0.0,52,173568,买盘
13:10:41,33.38,0.0,10,33380,买盘
13:10:44,33.36,-0.02,325,1084425,卖盘
13:10:47,33.34,-0.02,85,283460,卖盘
13:10:49,33.34,0.0,20,66683,卖盘
13:10:53,33.35,0.01,14,46690,买盘
13:10:56,33.35,0.0,7,23345,买盘
13:10:58,33.35,0.0,5,17007,买盘
13:11:02,33.35,0.0,6,20010,买盘
13:11:05,33.36,0.01,11,36690,买盘
13:11:08,33.36,0.0,74,246856,买盘
13:11:11,33.36,0.0,17,56727,卖盘
13:11:13,33.37,0.01,2,6673,买盘
13:11:17,33.37,0.0,25,83425,买盘
13:11:23,33.37,0.0,15,50055,卖盘
13:11:25,33.37,0.0,18,60074,卖盘
13:11:29,33.37,0.0,1,3337,卖盘
13:11:33,33.38,0.01,21,70098,买盘
13:11:35,33.38,0.0,4,13352,买盘
13:11:38,33.37,-0.01,4,13348,卖盘
13:11:41,33.38,0.01,4,13352,买盘
13:11:44,33.38,0.0,2,6676,买盘
13:11:50,33.37,-0.01,1,3337,卖盘
13:11:53,33.41,0.04,1967,6569592,买盘
13:11:54,33.41,0.0,130,434132,买盘
13:11:58,33.39,-0.02,93,310655,卖盘
13:12:02,33.38,-0.01,160,534156,卖盘
13:12:05,33.37,-0.01,211,704377,卖盘
13:12:07,33.37,0.0,72,240286,卖盘
13:12:10,33.37,0.0,17,56729,卖盘
13:12:14,33.38,0.01,4,13352,买盘
13:12:17,33.38,0.0,266,887901,买盘
13:12:20,33.39,0.01,75,250391,买盘
13:12:23,33.39,0.0,69,230391,买盘
13:12:25,33.4,0.01,8,26720,买盘
13:12:29,33.39,-0.01,1,3339,卖盘
13:12:32,33.41,0.02,1,3341,买盘
13:12:35,33.41,0.0,7,23391,买盘
13:12:41,33.41,0.0,5,16705,买盘
13:12:43,33.39,-0.02,6,20036,卖盘
13:12:46,33.41,0.02,6,20046,买盘
13:12:50,33.39,-0.02,47,157021,卖盘
13:12:56,33.4,0.01,9,30066,卖盘
13:12:59,33.41,0.01,23,76828,买盘
13:13:02,33.4,-0.01,9,30064,卖盘
13:13:05,33.41,0.01,101,337441,买盘
13:13:08,33.41,0.0,12,40102,卖盘
13:13:11,33.41,0.0,1,3341,卖盘
13:13:14,33.42,0.01,8,26729,买盘
13:13:16,33.42,0.0,267,891276,买盘
13:13:20,33.41,-0.01,1,4276,买盘
13:13:23,33.41,0.0,56,187079,买盘
13:13:26,33.42,0.01,24,80190,买盘
13:13:29,33.42,0.0,8,26728,买盘
13:13:32,33.41,-0.01,1,3341,卖盘
13:13:35,33.42,0.01,1,3342,买盘
13:13:38,33.41,-0.01,44,147004,卖盘
13:13:41,33.42,0.01,1,3342,买盘
13:13:44,33.42,0.0,1,3342,买盘
13:13:47,33.42,0.0,3,10026,买盘
13:13:49,33.41,-0.01,104,347527,卖盘
13:13:53,33.41,0.0,15,50115,买盘
13:13:56,33.41,0.0,8,26728,买盘
13:13:59,33.41,0.0,64,213815,买盘
13:14:01,33.4,-0.01,10,33400,卖盘
13:14:05,33.41,0.01,208,694912,买盘
13:14:08,33.41,0.0,93,310713,买盘
13:14:11,33.42,0.01,5,16706,买盘
13:14:14,33.42,0.0,2,6683,买盘
13:14:17,33.41,-0.01,5,16705,卖盘
13:14:20,33.41,0.0,273,912332,卖盘
13:14:23,33.41,0.0,30,100239,卖盘
13:14:26,33.41,0.0,12,40092,买盘
13:14:29,33.41,0.0,21,70141,买盘
13:14:32,33.39,-0.02,144,480812,卖盘
13:14:34,33.41,0.02,137,457419,买盘
13:14:38,33.38,-0.03,16,53401,中性盘
13:14:40,33.37,-0.01,21,70091,卖盘
13:14:44,33.39,0.02,1,3339,买盘
13:14:50,33.38,-0.01,33,110166,卖盘
13:14:56,33.39,0.01,12,40068,买盘
13:15:02,33.41,0.02,11,36739,买盘
13:15:04,33.41,0.0,14,46772,买盘
13:15:08,33.41,0.0,9,30069,卖盘
13:15:11,33.42,0.01,2,6683,买盘
13:15:13,33.41,-0.01,5,16705,卖盘
13:15:20,33.42,0.01,161,538065,买盘
13:15:23,33.42,0.0,51,170442,卖盘
13:15:26,33.42,0.0,27,90214,买盘
13:15:28,33.42,0.0,19,63490,买盘
13:15:32,33.42,0.0,7,23392,买盘
13:15:35,33.43,0.01,80,267364,买盘
13:15:38,33.41,-0.02,8,26735,卖盘
13:15:41,33.43,0.02,197,656781,买盘
13:15:43,33.43,0.0,18,60175,卖盘
13:15:47,33.43,0.0,23,76904,卖盘
13:15:50,33.44,0.01,4,13375,买盘
13:15:53,33.43,-0.01,51,170535,卖盘
13:15:56,33.44,0.01,18,60191,买盘
13:15:59,33.44,0.0,8,26752,买盘
13:16:02,33.44,0.0,138,461464,买盘
13:16:04,33.43,-0.01,75,250758,卖盘
13:16:07,33.43,0.0,14,46812,卖盘
13:16:11,33.44,0.01,11,36783,买盘
13:16:14,33.44,0.0,17,56848,买盘
13:16:17,33.44,0.0,100,334400,买盘
13:16:20,33.44,0.0,241,805904,买盘
13:16:23,33.44,0.0,52,173871,买盘
13:16:26,33.44,0.0,19,63525,买盘
13:16:28,33.44,0.0,35,117030,买盘
13:16:35,33.44,0.0,36,120400,卖盘
13:16:38,33.44,0.0,98,327802,卖盘
13:16:41,33.44,0.0,72,240772,卖盘
13:16:44,33.44,0.0,24,80902,买盘
13:16:47,33.43,-0.01,80,267515,卖盘
13:16:50,33.44,0.01,5,16719,买盘
13:16:53,33.44,0.0,10,33440,买盘
13:16:56,33.44,0.0,20,66877,买盘
13:16:59,33.44,0.0,3,10032,买盘
13:17:01,33.44,0.0,139,464815,买盘
13:17:05,33.44,0.0,6,20064,买盘
13:17:08,33.45,0.01,8,26757,买盘
13:17:10,33.43,-0.02,7,23402,卖盘
13:17:13,33.44,0.01,3,10032,买盘
13:17:17,33.44,0.0,25,83601,卖盘
13:17:20,33.44,0.0,9,30096,买盘
13:17:23,33.45,0.01,229,765777,买盘
13:17:26,33.45,0.0,17,57198,买盘
13:17:29,33.44,-0.01,17,56864,卖盘
13:17:32,33.44,0.0,9,30097,卖盘
13:17:34,33.45,0.01,21,70225,买盘
13:17:38,33.44,-0.01,1,3344,卖盘
13:17:41,33.44,0.0,11,36784,卖盘
13:17:44,33.44,0.0,72,240436,卖盘
13:17:47,33.44,0.0,29,97311,买盘
13:17:49,33.44,0.0,5,16385,卖盘
13:17:53,33.44,0.0,1,3344,买盘
13:17:56,33.44,0.0,8,26752,买盘
13:18:02,33.44,0.0,144,481840,买盘
13:18:05,33.44,0.0,11,36785,卖盘
13:18:08,33.44,0.0,31,103664,卖盘
13:18:11,33.44,0.0,1,3344,卖盘
13:18:13,33.44,0.0,6,20065,卖盘
13:18:17,33.44,0.0,30,100320,卖盘
13:18:19,33.45,0.01,193,645570,买盘
13:18:23,33.44,-0.01,4,13378,卖盘
13:18:26,33.45,0.01,8,26760,买盘
13:18:29,33.45,0.0,17,56856,买盘
13:18:32,33.44,-0.01,117,390913,卖盘
13:18:35,33.42,-0.02,169,564839,卖盘
13:18:38,33.44,0.02,903,3018930,买盘
13:18:41,33.44,0.0,24,80256,买盘
13:18:44,33.4,-0.04,126,420993,卖盘
13:18:47,33.39,-0.01,80,267188,卖盘
13:18:50,33.4,0.01,1,3340,买盘
13:18:53,33.4,0.0,26,86840,买盘
13:18:56,33.4,0.0,506,1690543,买盘
13:18:59,33.44,0.04,14,46805,买盘
13:19:02,33.44,0.0,18,60192,买盘
13:19:05,33.4,-0.04,390,1303911,卖盘
13:19:07,33.44,0.04,527,1762803,卖盘
13:19:11,33.44,0.0,27,90288,卖盘
13:19:14,33.4,-0.04,813,2715642,卖盘
13:19:16,33.4,0.0,87,290710,卖盘
13:19:20,33.43,0.03,103,344329,买盘
13:19:23,33.43,0.0,15,50152,卖盘
13:19:26,33.44,0.01,8,26752,买盘
13:19:28,33.43,-0.01,2,6686,卖盘
13:19:32,33.44,0.01,1,3344,买盘
13:19:41,33.43,-0.01,510,1704930,卖盘
13:19:43,33.44,0.01,20,66879,买盘
13:19:47,33.44,0.0,1,3344,买盘
13:19:49,33.42,-0.02,65,217265,卖盘
13:19:53,33.42,0.0,47,157091,买盘
13:19:56,33.42,0.0,8,26736,买盘
13:19:58,33.42,0.0,35,116970,买盘
13:20:01,33.42,0.0,30,100257,买盘
13:20:05,33.41,-0.01,146,487927,卖盘
13:20:08,33.42,0.01,7,23392,买盘
13:20:11,33.41,-0.01,1,3341,卖盘
13:20:14,33.42,0.01,15,50129,买盘
13:20:17,33.41,-0.01,16,53461,卖盘
13:20:20,33.42,0.01,174,581508,买盘
13:20:23,33.4,-0.02,561,1874253,卖盘
13:20:26,33.43,0.03,12,40111,买盘
13:20:29,33.42,-0.01,19,63506,卖盘
13:20:32,33.41,-0.01,11,36761,卖盘
13:20:35,33.42,0.01,8,26736,中性盘
13:20:38,33.4,-0.02,460,1535598,卖盘
13:20:41,33.4,0.0,40,134435,买盘
13:20:44,33.39,-0.01,91,303859,卖盘
13:20:50,33.4,0.01,28,93508,买盘
13:20:53,33.4,0.0,34,113593,买盘
13:20:56,33.4,0.0,14,46749,买盘
13:21:02,33.39,-0.01,10,33390,中性盘
13:21:04,33.41,0.02,93,310621,买盘
13:21:08,33.4,-0.01,1,3340,卖盘
13:21:11,33.4,0.0,21,70140,卖盘
13:21:13,33.4,0.0,24,80173,卖盘
13:21:16,33.4,0.0,92,307280,卖盘
13:21:20,33.4,0.0,270,901800,买盘
13:21:23,33.42,0.02,7,23389,买盘
13:21:26,33.42,0.0,7,23394,买盘
13:21:29,33.41,-0.01,6,20046,卖盘
13:21:32,33.41,0.0,1,3341,卖盘
13:21:38,33.41,0.0,10,33410,卖盘
13:21:41,33.41,0.0,11,36757,卖盘
13:21:43,33.42,0.01,3,10026,买盘
13:21:47,33.42,0.0,1,3342,买盘
13:21:50,33.41,-0.01,7,23388,卖盘
13:21:56,33.42,0.01,9,30078,买盘
13:21:59,33.42,0.0,3,10026,买盘
13:22:02,33.41,-0.01,30,100230,卖盘
13:22:04,33.42,0.01,53,177126,买盘
13:22:08,33.43,0.01,8,26744,买盘
13:22:11,33.42,-0.01,3,10026,卖盘
13:22:14,33.42,0.0,103,344226,卖盘
13:22:16,33.42,0.0,74,247280,买盘
13:22:20,33.42,0.0,160,532044,买盘
13:22:23,33.4,-0.02,506,1690097,卖盘
13:22:26,33.41,0.01,28,93533,买盘
13:22:28,33.41,0.0,147,491162,买盘
13:22:32,33.41,0.0,122,407604,卖盘
13:22:35,33.41,0.0,41,136981,买盘
13:22:38,33.41,0.0,3,10023,买盘
13:22:41,33.4,-0.01,152,510347,卖盘
13:22:44,33.4,0.0,52,173680,买盘
13:22:47,33.39,-0.01,11,36729,卖盘
13:22:50,33.39,0.0,59,197001,卖盘
13:22:52,33.39,0.0,113,377307,卖盘
13:22:56,33.39,0.0,70,233611,买盘
13:23:05,33.38,0.01,142,474128,卖盘
13:23:08,33.39,0.01,45,150221,买盘
13:23:11,33.38,-0.01,32,106817,卖盘
13:23:14,33.39,0.01,104,347156,买盘
13:23:17,33.39,0.0,15,50075,买盘
13:23:20,33.39,0.0,304,1015056,买盘
13:23:23,33.39,0.0,233,778002,卖盘
13:23:26,33.4,0.01,14,46760,买盘
13:23:29,33.39,-0.01,1,3339,卖盘
13:23:32,33.39,0.0,24,80136,卖盘
13:23:34,33.39,0.0,235,784665,卖盘
13:23:38,33.39,0.0,7,23373,买盘
13:23:41,33.4,0.01,436,1453477,买盘
13:23:43,33.38,-0.02,200,667649,卖盘
13:23:47,33.4,0.02,2,6680,卖盘
13:23:50,33.4,0.0,1,3340,卖盘
13:23:52,33.4,0.0,532,1776880,卖盘
13:23:55,33.41,0.01,8,26728,买盘
13:23:58,33.4,-0.01,27,90180,卖盘
13:24:02,33.41,0.01,146,487771,买盘
13:24:05,33.41,0.0,6,20046,买盘
13:24:08,33.41,0.0,3,10023,买盘
13:24:11,33.41,0.0,12,40081,买盘
13:24:14,33.41,0.0,60,200460,买盘
13:24:17,33.4,-0.01,2,6680,卖盘
13:24:20,33.41,0.01,717,2395197,买盘
13:24:23,33.41,0.0,21,70828,买盘
13:24:25,33.41,0.0,27,90187,买盘
13:24:29,33.4,-0.01,14,46794,卖盘
13:24:34,33.4,0.0,20,66800,卖盘
13:24:38,33.41,0.01,68,226214,买盘
13:24:41,33.41,0.0,15,50112,买盘
13:24:44,33.41,0.0,22,73502,买盘
13:24:50,33.4,-0.01,5,19072,卖盘
13:24:53,33.4,0.0,2,6680,卖盘
13:24:56,33.41,0.01,6,20046,买盘
13:24:58,33.41,0.0,8,26728,买盘
13:25:02,33.4,-0.01,146,486802,卖盘
13:25:05,33.41,0.01,10,33410,买盘
13:25:08,33.4,-0.01,4,13360,卖盘
13:25:11,33.41,0.01,21,70160,买盘
13:25:14,33.42,0.01,342,1141929,买盘
13:25:17,33.4,-0.02,17,56810,卖盘
13:25:20,33.42,0.02,15,50130,买盘
13:25:23,33.42,0.0,122,407725,卖盘
13:25:25,33.43,0.01,14,49168,买盘
13:25:29,33.42,-0.01,82,274092,卖盘
13:25:35,33.43,0.01,6,20058,买盘
13:25:38,33.42,-0.01,15,49161,卖盘
13:25:41,33.43,0.01,20,66860,买盘
13:25:44,33.43,0.0,3,10027,买盘
13:25:50,33.43,0.0,411,1372998,买盘
13:25:53,33.44,0.01,179,598506,买盘
13:25:56,33.44,0.0,39,130383,买盘
13:25:59,33.44,0.0,7,23408,买盘
13:26:02,33.44,0.0,162,544069,买盘
13:26:05,33.44,0.0,47,157165,买盘
13:26:07,33.44,0.0,48,160546,买盘
13:26:11,33.44,0.0,6,20064,卖盘
13:26:13,33.45,0.01,42,139516,买盘
13:26:17,33.44,-0.01,28,93632,卖盘
13:26:20,33.44,0.0,337,1128151,卖盘
13:26:23,33.44,0.0,13,43472,卖盘
13:26:26,33.44,0.0,19,62580,卖盘
13:26:29,33.44,0.0,11,36784,卖盘
13:26:32,33.45,0.01,49,163898,买盘
13:26:35,33.44,-0.01,9,30097,卖盘
13:26:38,33.44,0.0,14,47016,卖盘
13:26:41,33.45,0.01,67,224049,买盘
13:26:44,33.45,0.0,9,30273,买盘
13:26:46,33.45,0.0,4,13380,买盘
13:26:49,33.44,-0.01,6,20064,卖盘
13:26:52,33.45,0.01,17,56856,买盘
13:26:56,33.44,-0.01,20,67485,卖盘
13:26:59,33.43,-0.01,9,30095,卖盘
13:27:02,33.44,0.01,5,16720,买盘
13:27:05,33.44,0.0,95,317079,买盘
13:27:08,33.45,0.01,3,10035,买盘
13:27:11,33.44,-0.01,3,10034,卖盘
13:27:16,33.45,0.01,8,26760,买盘
13:27:19,33.45,0.0,176,588719,买盘
13:27:22,33.45,0.0,39,128615,买盘
13:27:25,33.45,0.0,23,76936,卖盘
13:27:29,33.45,0.0,44,147203,卖盘
13:27:32,33.45,0.0,11,36796,卖盘
13:27:35,33.45,0.0,60,200700,卖盘
13:27:38,33.46,0.01,10,33459,买盘
13:27:41,33.46,0.0,33,110405,买盘
13:27:43,33.45,-0.01,37,123772,卖盘
13:27:47,33.45,0.0,4,13851,卖盘
13:27:50,33.46,0.01,28,93687,买盘
13:27:53,33.46,0.0,1,3346,买盘
13:27:56,33.46,0.0,18,61588,买盘
13:27:59,33.46,0.0,14,46844,买盘
13:28:02,33.46,0.0,4,13384,买盘
13:28:05,33.46,0.0,133,445017,买盘
13:28:08,33.45,-0.01,24,80289,卖盘
13:28:11,33.46,0.01,62,207411,买盘
13:28:14,33.44,-0.02,4,13377,卖盘
13:28:20,33.45,0.01,182,608790,买盘
13:28:23,33.44,-0.01,21,70244,卖盘
13:28:26,33.45,0.01,7,23415,买盘
13:28:29,33.44,-0.01,4,13378,卖盘
13:28:31,33.45,0.01,31,103677,买盘
13:28:35,33.44,-0.01,48,160283,卖盘
13:28:43,33.44,0.0,7,23408,买盘
13:28:47,33.43,-0.01,10,33430,卖盘
13:28:49,33.43,0.0,11,36773,卖盘
13:28:53,33.44,0.01,67,223987,买盘
13:28:55,33.44,0.0,25,83590,买盘
13:28:58,33.44,0.0,3,10032,买盘
13:29:02,33.43,-0.01,53,174805,卖盘
13:29:04,33.43,0.0,190,635258,买盘
13:29:11,33.44,0.01,65,217307,买盘
13:29:14,33.44,0.0,1,3344,买盘
13:29:17,33.43,-0.01,15,50153,卖盘
13:29:23,33.43,0.0,79,264097,卖盘
13:29:26,33.45,0.02,58,195281,买盘
13:29:29,33.44,-0.01,21,70224,中性盘
13:29:32,33.44,0.0,36,120419,卖盘
13:29:38,33.44,0.0,11,36791,卖盘
13:29:41,33.44,0.0,16,53521,卖盘
13:29:44,33.45,0.01,7,23415,买盘
13:29:47,33.45,0.0,7,23415,买盘
13:29:50,33.44,-0.01,21,70231,卖盘
13:29:53,33.45,0.01,3,10035,买盘
13:29:56,33.45,0.0,6,20070,买盘
13:30:02,33.45,0.0,20,66896,买盘
13:30:05,33.45,0.0,108,361260,买盘
13:30:08,33.46,0.01,164,548634,买盘
13:30:10,33.44,-0.02,82,274248,卖盘
13:30:14,33.46,0.02,18,61051,买盘
13:30:17,33.45,-0.01,33,110385,卖盘
13:30:19,33.46,0.01,147,491112,买盘
13:30:23,33.46,0.0,49,163850,卖盘
13:30:26,33.46,0.0,43,143828,买盘
13:30:29,33.45,-0.01,21,70226,买盘
13:30:32,33.44,-0.01,54,180614,卖盘
13:30:35,33.44,0.0,11,36784,买盘
13:30:41,33.43,-0.01,8,26744,卖盘
13:30:44,33.44,0.01,55,184139,买盘
13:30:47,33.43,-0.01,20,66635,卖盘
13:30:50,33.42,-0.01,24,80211,卖盘
13:30:53,33.41,-0.01,45,150346,卖盘
13:30:56,33.42,0.01,14,46888,买盘
13:31:05,33.42,0.0,87,290754,买盘
13:31:07,33.42,0.0,30,100260,卖盘
13:31:10,33.42,0.0,2,6684,卖盘
13:31:14,33.42,0.0,1,3342,卖盘
13:31:17,33.41,-0.01,102,340863,卖盘
13:31:20,33.42,0.01,26,86875,买盘
13:31:23,33.42,0.0,14,46788,买盘
13:31:25,33.43,0.01,7,23401,买盘
13:31:29,33.42,-0.01,20,66847,卖盘
13:31:35,33.42,0.0,1,3342,卖盘
13:31:38,33.42,0.0,27,90234,卖盘
13:31:41,33.43,0.01,9,30081,买盘
13:31:43,33.41,-0.02,4,13366,卖盘
13:31:47,33.42,0.01,8,26736,买盘
13:31:50,33.41,-0.01,6,20047,卖盘
13:31:53,33.43,0.02,33,110302,买盘
13:31:56,33.42,-0.01,30,100245,买盘
13:32:02,33.42,0.0,59,197178,买盘
13:32:05,33.42,0.0,151,504657,卖盘
13:32:08,33.42,0.0,31,103602,买盘
13:32:11,33.42,0.0,3,10026,买盘
13:32:14,33.41,-0.01,11,36758,卖盘
13:32:17,33.42,0.01,17,56814,买盘
13:32:19,33.4,-0.02,483,1613473,卖盘
13:32:23,33.41,0.01,31,103576,中性盘
13:32:25,33.41,0.0,17,56797,买盘
13:32:28,33.4,-0.01,467,1559791,卖盘
13:32:32,33.4,0.0,13,43427,卖盘
13:32:34,33.41,0.01,89,297284,买盘
13:32:37,33.4,-0.01,753,2514860,卖盘
13:32:41,33.4,0.0,107,358189,买盘
13:32:44,33.39,-0.01,64,212890,卖盘
13:32:47,33.4,0.01,194,648127,买盘
13:32:50,33.4,0.0,501,1673340,卖盘
13:32:53,33.4,0.0,35,116935,卖盘
13:32:56,33.4,0.0,10,33400,卖盘
13:32:59,33.4,0.0,24,80181,卖盘
13:33:02,33.41,0.01,24,80184,买盘
13:33:05,33.42,0.01,183,611433,买盘
13:33:08,33.41,-0.01,44,147189,卖盘
13:33:11,33.4,-0.01,25,83521,卖盘
13:33:17,33.4,0.0,3,10020,卖盘
13:33:20,33.41,0.01,229,765068,买盘
13:33:22,33.41,0.0,131,437672,卖盘
13:33:26,33.41,0.0,8,26728,卖盘
13:33:28,33.42,0.01,44,147047,买盘
13:33:32,33.41,-0.01,115,384215,卖盘
13:33:38,33.42,0.01,1,3342,买盘
13:33:41,33.42,0.0,31,103602,买盘
13:33:44,33.4,-0.02,300,1002167,卖盘
13:33:47,33.41,0.01,1,3341,中性盘
13:33:50,33.41,0.0,12,40094,卖盘
13:33:53,33.41,0.0,24,80525,卖盘
13:33:55,33.41,0.0,5,16705,卖盘
13:33:58,33.42,0.01,10,33420,买盘
13:34:01,33.42,0.0,452,1509978,买盘
13:34:05,33.42,0.0,19,63498,买盘
13:34:08,33.41,-0.01,34,113594,卖盘
13:34:11,33.42,0.01,4,13367,买盘
13:34:14,33.42,0.0,37,123639,买盘
13:34:16,33.41,-0.01,40,133640,卖盘
13:34:20,33.41,0.0,172,574652,买盘
13:34:23,33.42,0.01,58,193836,买盘
13:34:26,33.41,-0.01,15,50123,卖盘
13:34:29,33.42,0.01,7,23394,买盘
13:34:32,33.42,0.0,4,13366,买盘
13:34:35,33.42,0.0,7,23394,买盘
13:34:38,33.42,0.0,13,43446,买盘
13:34:44,33.41,-0.01,223,745049,卖盘
13:34:47,33.41,0.0,183,611403,买盘
13:34:50,33.41,0.0,63,210483,买盘
13:34:53,33.41,0.0,24,80184,买盘
13:34:59,33.41,0.0,14,46774,买盘
13:35:02,33.4,-0.01,19,63471,卖盘
13:35:04,33.41,0.01,139,464399,买盘
13:35:08,33.4,-0.01,28,93520,卖盘
13:35:11,33.41,0.01,302,1008793,买盘
13:35:14,33.4,-0.01,12,40080,卖盘
13:35:20,33.41,0.01,341,1139269,买盘
13:35:23,33.41,0.0,28,93547,买盘
13:35:26,33.41,0.0,43,143631,买盘
13:35:29,33.4,-0.01,221,737439,卖盘
13:35:32,33.4,0.0,78,260520,买盘
13:35:35,33.4,0.0,2,6680,买盘
13:35:38,33.4,0.0,100,334000,买盘
13:35:41,33.39,-0.01,82,273798,卖盘
13:35:44,33.4,0.01,7,24315,买盘
13:35:46,33.4,0.0,16,53425,买盘
13:35:50,33.39,-0.01,1,3339,卖盘
13:35:52,33.4,0.01,1,3340,买盘
13:35:55,33.4,0.0,26,86828,买盘
13:35:59,33.4,0.0,17,56770,买盘
13:36:05,33.4,0.0,146,487633,买盘
13:36:08,33.4,0.0,17,56980,买盘
13:36:11,33.39,-0.01,2,6678,卖盘
13:36:14,33.39,0.0,2,6678,卖盘
13:36:16,33.4,0.01,15,50100,买盘
13:36:20,33.4,0.0,296,988630,买盘
13:36:23,33.4,0.0,20,66800,买盘
13:36:26,33.39,-0.01,116,386196,卖盘
13:36:28,33.39,0.0,58,193662,买盘
13:36:35,33.39,0.0,2,6678,买盘
13:36:37,33.39,0.0,7,23373,买盘
13:36:41,33.39,0.0,326,1088360,买盘
13:36:44,33.39,0.0,8,26712,买盘
13:36:47,33.39,0.0,1,3339,买盘
13:36:50,33.38,-0.01,9,30050,卖盘
13:36:55,33.38,0.0,40,133520,卖盘
13:36:59,33.38,0.0,30,100167,卖盘
13:37:02,33.39,0.01,7,23373,买盘
13:37:05,33.38,-0.01,150,500845,卖盘
13:37:08,33.39,0.01,33,110171,买盘
13:37:11,33.39,0.0,18,60092,买盘
13:37:20,33.39,0.0,134,448561,买盘
13:37:23,33.39,0.0,88,293855,卖盘
13:37:26,33.4,0.01,34,113532,买盘
13:37:28,33.39,-0.01,23,76816,卖盘
13:37:31,33.4,0.01,24,80159,买盘
13:37:35,33.41,0.01,19,63474,买盘
13:37:38,33.4,-0.01,31,103510,买盘
13:37:40,33.39,-0.01,5,16696,卖盘
13:37:44,33.4,0.01,7,23380,买盘
13:37:50,33.39,-0.01,2,6679,卖盘
13:37:52,33.41,0.02,33,110234,买盘
13:37:56,33.4,-0.01,14,46760,中性盘
13:37:59,33.4,0.0,2,6679,买盘
13:38:02,33.4,0.0,48,160304,买盘
13:38:05,33.4,0.0,76,253840,买盘
13:38:08,33.4,0.0,10,33400,卖盘
13:38:10,33.4,0.0,9,30064,卖盘
13:38:17,33.41,0.01,23,76828,买盘
13:38:20,33.41,0.0,171,571292,买盘
13:38:23,33.41,0.0,51,170391,买盘
13:38:26,33.42,0.01,64,213830,买盘
13:38:29,33.41,-0.01,102,340696,卖盘
13:38:32,33.42,0.01,7,23394,买盘
13:38:34,33.41,-0.01,13,43433,卖盘
13:38:38,33.41,0.0,230,768286,卖盘
13:38:40,33.41,0.0,75,250539,买盘
13:38:44,33.4,-0.01,2,6681,卖盘
13:38:47,33.41,0.01,508,1696728,买盘
13:38:50,33.4,-0.01,10,33409,卖盘
13:38:53,33.41,0.01,30,100230,买盘
13:38:56,33.41,0.0,50,167009,买盘
13:38:58,33.4,-0.01,94,313997,卖盘
13:39:02,33.42,0.02,29,96875,买盘
13:39:05,33.41,-0.01,145,484576,卖盘
13:39:11,33.42,0.01,4,13366,买盘
13:39:14,33.41,-0.01,87,290674,卖盘
13:39:17,33.41,0.0,34,113594,买盘
13:39:20,33.41,0.0,1,3341,买盘
13:39:23,33.42,0.01,220,735120,买盘
13:39:26,33.42,0.0,7,23394,买盘
13:39:29,33.41,-0.01,63,210484,卖盘
13:39:35,33.42,0.01,207,691594,买盘
13:39:38,33.4,-0.02,250,835168,卖盘
13:39:41,33.4,0.0,3,10020,买盘
13:39:44,33.4,0.0,8,26720,买盘
13:39:47,33.4,0.0,187,624580,买盘
13:39:50,33.42,0.02,11,36761,买盘
13:39:56,33.42,0.0,14,46788,买盘
13:39:59,33.41,-0.01,3,10023,卖盘
13:40:02,33.42,0.01,190,634980,买盘
13:40:05,33.42,0.0,1,3342,买盘
13:40:08,33.42,0.0,13,43446,买盘
13:40:11,33.42,0.0,5,15238,买盘
13:40:14,33.42,0.0,26,86892,买盘
13:40:17,33.41,-0.01,3,10023,卖盘
13:40:19,33.42,0.01,8,26736,买盘
13:40:23,33.41,-0.01,353,1179676,卖盘
13:40:26,33.42,0.01,18,60156,买盘
13:40:28,33.42,0.0,57,190494,买盘
13:40:31,33.42,0.0,2,6683,买盘
13:40:40,33.41,-0.01,9,30077,卖盘
13:40:47,33.41,0.0,17,56807,卖盘
13:40:50,33.42,0.01,37,123654,买盘
13:40:53,33.42,0.0,2,6683,买盘
13:40:56,33.42,0.0,4,13368,买盘
13:40:58,33.42,0.0,11,36762,买盘
13:41:02,33.42,0.0,89,297439,买盘
13:41:05,33.42,0.0,44,147063,卖盘
13:41:08,33.43,0.01,16,53480,买盘
13:41:10,33.42,-0.01,1,3342,卖盘
13:41:14,33.43,0.01,7,23401,买盘
13:41:17,33.43,0.0,1,3343,买盘
13:41:20,33.43,0.0,1,3343,买盘
13:41:23,33.43,0.0,180,601737,买盘
13:41:26,33.43,0.0,8,26744,买盘
13:41:29,33.43,0.0,16,53488,买盘
13:41:32,33.43,0.0,10,33429,买盘
13:41:35,33.43,0.0,137,457991,买盘
13:41:38,33.43,0.0,3,10029,卖盘
13:41:41,33.43,0.0,4,13374,卖盘
13:41:43,33.43,0.0,2,6686,卖盘
13:41:47,33.44,0.01,7,23408,买盘
13:41:50,33.43,-0.01,2,6687,卖盘
13:41:52,33.43,0.0,10,33439,卖盘
13:41:56,33.45,0.02,1457,4873420,买盘
13:41:58,33.46,0.01,15,50176,买盘
13:42:01,33.42,-0.04,614,2052551,卖盘
13:42:04,33.42,0.0,258,862236,买盘
13:42:08,33.42,0.0,133,444433,买盘
13:42:10,33.42,0.0,80,267358,买盘
13:42:14,33.42,0.0,290,969180,买盘
13:42:16,33.42,0.0,2,6687,卖盘
13:42:20,33.45,0.03,16,53524,买盘
13:42:23,33.46,0.01,614,2054444,买盘
