time,price,change,volume,amount,type
09:25:03,31.8,0.05,1352,4301236,买盘
09:30:01,31.76,-0.04,339,1077867,卖盘
09:30:03,31.82,0.06,614,1953367,卖盘
09:30:07,31.8,-0.02,260,827198,卖盘
09:30:10,31.8,0.0,178,566295,卖盘
09:30:13,31.81,0.01,115,365726,中性盘
09:30:16,31.8,-0.01,322,1024062,卖盘
09:30:19,31.82,0.02,196,623591,买盘
09:30:22,31.81,-0.01,65,206786,卖盘
09:30:25,31.79,-0.02,161,511973,卖盘
09:30:28,31.8,0.01,204,648746,买盘
09:30:31,31.79,-0.01,309,982317,卖盘
09:30:34,31.8,0.01,164,521174,买盘
09:30:37,31.8,0.0,153,486370,买盘
09:30:40,31.8,0.0,444,1412763,买盘
09:30:43,31.75,-0.05,162,514836,卖盘
09:30:46,31.8,0.05,63,200171,卖盘
09:30:49,31.78,-0.02,98,311470,卖盘
09:30:52,31.73,-0.05,118,374839,卖盘
09:30:55,31.78,0.05,159,504771,买盘
09:30:58,31.79,0.01,87,276397,买盘
09:31:01,31.71,-0.08,85,269671,卖盘
09:31:04,31.79,0.08,96,304925,买盘
09:31:07,31.74,-0.05,89,282833,卖盘
09:31:10,31.74,0.0,622,1972668,买盘
09:31:13,31.78,0.04,150,476063,卖盘
09:31:16,31.73,-0.05,42,133379,卖盘
09:31:19,31.73,0.0,77,244358,买盘
09:31:22,31.74,0.01,49,155516,中性盘
09:31:25,31.74,0.0,31,98353,卖盘
09:31:28,31.73,-0.01,16,50759,卖盘
09:31:31,31.72,-0.01,227,720404,卖盘
09:31:34,31.74,0.02,137,434639,买盘
09:31:37,31.73,-0.01,205,649578,卖盘
09:31:40,31.72,-0.01,90,285511,卖盘
09:31:42,31.73,0.01,58,184023,买盘
09:31:46,31.71,-0.02,68,215700,卖盘
09:31:48,31.71,0.0,238,755126,卖盘
09:31:52,31.72,0.01,250,793084,中性盘
09:31:55,31.73,0.01,101,320468,买盘
09:31:58,31.73,0.0,166,527286,卖盘
09:32:01,31.76,0.03,55,174540,中性盘
09:32:04,31.76,0.0,91,289010,买盘
09:32:07,31.78,0.02,60,190672,买盘
09:32:10,31.8,0.02,163,518274,买盘
09:32:13,31.8,0.0,147,467450,买盘
09:32:16,31.83,0.03,216,686890,买盘
09:32:20,31.84,0.01,214,681172,买盘
09:32:22,31.81,-0.03,94,299148,卖盘
09:32:25,31.84,0.03,196,623935,买盘
09:32:28,31.84,0.0,30,95502,卖盘
09:32:31,31.84,0.0,38,120992,卖盘
09:32:34,31.84,0.0,10,31838,买盘
09:32:37,31.84,0.0,51,162297,买盘
09:32:40,31.81,-0.03,54,171834,卖盘
09:32:43,31.84,0.03,57,181449,买盘
09:32:46,31.84,0.0,614,1955283,买盘
09:32:49,31.85,0.01,194,617840,买盘
09:32:52,31.85,0.0,52,165574,买盘
09:32:55,31.85,0.0,150,477675,买盘
09:32:58,31.84,-0.01,50,159200,卖盘
09:33:01,31.84,0.0,115,366176,卖盘
09:33:04,31.82,-0.02,407,1295796,卖盘
09:33:07,31.8,-0.02,180,572512,卖盘
09:33:10,31.73,-0.07,170,540210,卖盘
09:33:13,31.8,0.07,347,1103110,买盘
09:33:16,31.8,0.0,380,1207227,买盘
09:33:18,31.75,-0.05,81,257290,卖盘
09:33:22,31.8,0.05,98,311495,买盘
09:33:25,31.8,0.0,30,95382,买盘
09:33:28,31.8,0.0,13,41330,买盘
09:33:30,31.78,-0.02,39,123942,卖盘
09:33:34,31.8,0.02,81,257580,买盘
09:33:37,31.78,-0.02,38,120707,卖盘
09:33:40,31.78,0.0,101,320974,买盘
09:33:42,31.79,0.01,41,130299,买盘
09:33:46,31.78,-0.01,59,187412,中性盘
09:33:50,31.78,0.0,48,152544,买盘
09:33:52,31.78,0.0,102,323952,买盘
09:33:58,31.78,0.0,18,57204,买盘
09:34:01,31.78,0.0,316,1004122,买盘
09:34:04,31.78,0.0,128,406784,买盘
09:34:07,31.79,0.01,81,257443,买盘
09:34:10,31.79,0.0,43,136695,买盘
09:34:13,31.8,0.01,1,3180,买盘
09:34:16,31.8,0.0,81,257580,买盘
09:34:19,31.81,0.01,76,241741,买盘
09:34:22,31.83,0.02,1,3183,买盘
09:34:25,31.81,-0.02,13,41363,卖盘
09:34:28,31.81,0.0,101,321224,卖盘
09:34:31,31.81,0.0,74,235482,卖盘
09:34:33,31.83,0.02,57,181353,买盘
09:34:36,31.83,0.0,64,203654,买盘
09:34:40,31.81,-0.02,31,98637,卖盘
09:34:43,31.81,0.0,130,413732,卖盘
09:34:46,31.84,0.03,121,385188,买盘
09:34:49,31.83,-0.01,8,25464,买盘
09:34:52,31.81,-0.02,174,553836,卖盘
09:34:55,31.83,0.02,67,213300,买盘
09:34:57,31.83,0.0,82,261000,卖盘
09:35:01,31.83,0.0,20,63660,卖盘
09:35:04,31.81,-0.02,59,187707,卖盘
09:35:07,31.83,0.02,5,15915,中性盘
09:35:10,31.82,-0.01,198,630143,卖盘
09:35:13,31.83,0.01,67,213168,买盘
09:35:16,31.83,0.0,146,466909,买盘
09:35:20,31.82,-0.01,36,112230,卖盘
09:35:22,31.82,0.0,25,79554,买盘
09:35:25,31.83,0.01,22,70026,买盘
09:35:28,31.83,0.0,44,140025,买盘
09:35:31,31.82,-0.01,58,184591,卖盘
09:35:35,31.82,0.0,7,22274,卖盘
09:35:36,31.82,0.0,97,308685,卖盘
09:35:40,31.8,-0.02,494,1571154,卖盘
09:35:43,31.8,0.0,88,279803,买盘
09:35:46,31.82,0.02,253,804758,买盘
09:35:50,31.82,0.0,28,89096,买盘
09:35:52,31.81,-0.01,6,19087,中性盘
09:35:55,31.82,0.01,55,174995,买盘
09:35:58,31.8,-0.02,605,1926631,卖盘
09:36:00,31.78,-0.02,78,247905,卖盘
09:36:04,31.81,0.03,83,264036,买盘
09:36:07,31.85,0.04,24,76397,买盘
09:36:10,31.82,-0.03,10,31832,卖盘
09:36:13,31.82,0.0,52,165416,卖盘
09:36:16,31.81,-0.01,46,146359,卖盘
09:36:20,31.85,0.04,964,3070251,买盘
09:36:22,31.84,-0.01,106,337641,卖盘
09:36:25,31.85,0.01,69,219748,买盘
09:36:28,31.85,0.0,142,452358,卖盘
09:36:31,31.88,0.03,109,347316,买盘
09:36:35,31.85,-0.03,112,356750,卖盘
09:36:37,31.87,0.02,34,108330,买盘
09:36:40,31.87,0.0,204,650367,卖盘
09:36:44,31.88,0.01,20,63760,中性盘
09:36:46,31.88,0.0,7,22316,卖盘
09:36:50,31.88,0.0,224,714439,卖盘
09:36:52,31.89,0.01,93,296584,买盘
09:36:55,31.89,0.0,78,248748,卖盘
09:36:58,31.9,0.01,27,86142,中性盘
09:37:01,31.88,-0.02,156,497448,卖盘
09:37:05,31.9,0.02,213,679166,买盘
09:37:07,31.9,0.0,149,474975,卖盘
09:37:10,31.9,0.0,164,523298,卖盘
09:37:13,31.9,0.0,97,309454,买盘
09:37:16,31.91,0.01,237,756393,买盘
09:37:20,31.93,0.02,120,385892,买盘
09:37:21,31.93,0.0,262,836614,买盘
09:37:25,31.95,0.02,543,1734427,买盘
09:37:28,31.98,0.03,392,1253159,买盘
09:37:31,31.98,0.0,91,290946,买盘
09:37:35,31.98,0.0,206,658860,买盘
09:37:37,31.98,0.0,367,1174205,卖盘
09:37:40,32.0,0.02,164,524740,买盘
09:37:44,32.05,0.05,809,2589941,买盘
09:37:46,32.05,0.0,78,250018,买盘
09:37:50,32.05,0.0,150,480440,卖盘
09:37:52,32.06,0.01,118,378395,中性盘
09:37:55,32.05,-0.01,149,477726,卖盘
09:37:58,32.05,0.0,787,2524589,买盘
09:38:00,32.05,0.0,151,484181,买盘
09:38:05,32.07,0.02,255,817608,中性盘
09:38:07,32.07,0.0,204,654360,买盘
09:38:11,32.08,0.01,69,221356,买盘
09:38:13,32.1,0.02,412,1321884,买盘
09:38:16,32.07,-0.03,14,44906,卖盘
09:38:20,32.08,0.01,365,1170729,买盘
09:38:22,32.08,0.0,147,471520,买盘
09:38:25,32.07,-0.01,99,317509,卖盘
09:38:28,32.06,-0.01,68,215850,卖盘
09:38:31,32.06,0.0,206,662710,卖盘
09:38:35,32.06,0.0,67,214755,买盘
09:38:37,32.05,-0.01,300,960923,卖盘
09:38:40,32.05,0.0,28,89703,买盘
09:38:44,31.99,-0.06,195,624666,卖盘
09:38:46,32.05,0.06,5,16023,买盘
09:38:50,31.99,-0.06,133,425542,卖盘
09:38:52,31.96,-0.03,39,124712,卖盘
09:38:55,31.99,0.03,49,156664,买盘
09:38:58,31.99,0.0,54,172464,买盘
09:39:01,31.92,-0.07,53,169344,卖盘
09:39:05,31.95,0.03,37,118125,买盘
09:39:07,31.94,-0.01,148,472750,买盘
09:39:10,31.94,0.0,95,303519,卖盘
09:39:12,31.94,0.0,55,175686,卖盘
09:39:16,32.0,0.06,45,143849,买盘
09:39:20,31.99,-0.01,53,169567,中性盘
09:39:22,31.99,0.0,31,99177,卖盘
09:39:25,32.0,0.01,60,191990,买盘
09:39:28,32.0,0.0,39,124773,买盘
09:39:30,32.0,0.0,96,307200,买盘
09:39:35,32.0,0.0,5,16000,卖盘
09:39:37,32.01,0.01,41,131222,买盘
09:39:40,32.01,0.0,162,518310,买盘
09:39:42,31.99,-0.02,147,470254,卖盘
09:39:46,31.99,0.0,47,150357,买盘
09:39:50,31.96,-0.03,1065,3398921,卖盘
09:39:52,31.96,0.0,69,220524,卖盘
09:39:55,31.96,0.0,122,389870,买盘
09:39:58,31.92,-0.04,19,60716,中性盘
09:40:00,31.94,0.02,6,19164,中性盘
09:40:05,31.94,0.0,29,92626,买盘
09:40:08,31.87,-0.07,77,245739,卖盘
09:40:10,31.96,0.09,250,798450,买盘
09:40:12,31.96,0.0,62,198132,买盘
09:40:16,31.99,0.03,166,530399,买盘
09:40:20,31.96,-0.03,325,1039713,卖盘
09:40:22,31.94,-0.02,62,198121,卖盘
09:40:25,31.95,0.01,20,63971,卖盘
09:40:28,31.96,0.01,44,140575,买盘
09:40:32,31.99,0.03,139,444340,买盘
09:40:33,31.96,-0.03,39,124680,卖盘
09:40:37,31.99,0.03,44,140744,买盘
09:40:40,31.99,0.0,99,316689,买盘
09:40:44,32.0,0.01,165,527991,买盘
09:40:46,31.99,-0.01,16,51198,卖盘
09:40:50,32.0,0.01,173,553577,买盘
09:40:52,32.0,0.0,116,371240,卖盘
09:40:55,32.0,0.0,86,275371,卖盘
09:40:58,32.01,0.01,40,128049,卖盘
09:41:01,32.0,-0.01,264,845035,卖盘
09:41:05,32.01,0.01,159,509347,买盘
09:41:08,32.03,0.02,37,118544,中性盘
09:41:10,32.01,-0.02,538,1724353,卖盘
09:41:13,32.03,0.02,7,22427,中性盘
09:41:16,32.02,-0.01,132,422810,卖盘
09:41:18,32.04,0.02,109,349223,买盘
09:41:22,32.02,-0.02,61,195427,卖盘
09:41:25,32.04,0.02,21,67279,买盘
09:41:28,32.03,-0.01,135,432619,卖盘
09:41:30,32.03,0.0,28,89674,买盘
09:41:35,32.02,-0.01,234,749571,卖盘
09:41:37,32.03,0.01,378,1210689,买盘
09:41:40,32.02,-0.01,14,44828,卖盘
09:41:44,32.02,0.0,182,582718,买盘
09:41:45,32.01,-0.01,133,425771,卖盘
09:41:50,32.02,0.01,699,2237913,买盘
09:41:52,32.0,-0.02,317,1014585,中性盘
09:41:55,32.0,0.0,75,239974,买盘
09:41:57,32.02,0.02,160,512203,买盘
09:42:01,32.01,-0.01,23,73624,中性盘
09:42:05,32.0,-0.01,70,224048,卖盘
09:42:06,32.0,0.0,82,262406,卖盘
09:42:10,32.0,0.0,197,630597,卖盘
09:42:12,32.01,0.01,117,374420,买盘
09:42:16,32.0,-0.01,363,1162134,卖盘
09:42:20,32.01,0.01,113,361684,买盘
09:42:21,32.02,0.01,209,668878,中性盘
09:42:25,32.0,-0.02,11,35209,卖盘
09:42:28,32.01,0.01,101,323264,买盘
09:42:32,32.0,-0.01,63,201623,卖盘
09:42:35,32.0,0.0,42,134400,卖盘
09:42:37,32.0,0.0,144,460904,卖盘
09:42:40,32.01,0.01,230,736242,买盘
09:42:44,32.01,0.0,108,345708,卖盘
09:42:46,32.02,0.01,18,57625,买盘
09:42:48,32.01,-0.01,114,365070,卖盘
09:42:52,32.01,0.0,69,220874,卖盘
09:42:56,32.01,0.0,41,131250,卖盘
09:42:58,32.02,0.01,18,57625,买盘
09:43:01,32.0,-0.02,383,1226001,卖盘
09:43:05,32.02,0.02,158,505793,买盘
09:43:08,32.01,-0.01,40,128001,中性盘
09:43:10,32.0,-0.01,156,499200,卖盘
09:43:14,32.0,0.0,18,57600,卖盘
09:43:16,32.0,0.0,21,67205,卖盘
09:43:20,32.0,0.0,104,332810,卖盘
09:43:22,32.0,0.0,71,227210,卖盘
09:43:25,32.0,0.0,96,307196,卖盘
09:43:28,31.99,-0.01,23,73579,卖盘
09:43:32,31.99,0.0,10,31988,买盘
09:43:35,31.99,0.0,65,207899,买盘
09:43:37,31.98,-0.01,21,67158,卖盘
09:43:40,31.98,0.0,148,473404,卖盘
09:43:44,31.98,0.0,26,83148,卖盘
09:43:45,31.98,0.0,15,47978,卖盘
09:43:48,31.98,0.0,7,22386,卖盘
09:43:52,31.99,0.01,32,102341,买盘
09:43:56,31.99,0.0,35,111960,买盘
09:43:58,31.98,-0.01,47,150306,卖盘
09:44:01,31.99,0.01,56,179140,买盘
09:44:05,32.0,0.01,58,185540,买盘
09:44:06,31.99,-0.01,24,76776,卖盘
09:44:10,32.0,0.01,18,57595,买盘
09:44:13,31.99,-0.01,213,681495,卖盘
09:44:16,32.0,0.01,130,415991,买盘
09:44:20,32.0,0.0,147,470370,买盘
09:44:22,32.0,0.0,111,355287,卖盘
09:44:25,32.0,0.0,82,262474,卖盘
09:44:28,32.01,0.01,71,227285,买盘
09:44:31,32.0,-0.01,557,1781488,卖盘
09:44:35,31.99,-0.01,54,172737,卖盘
09:44:37,31.99,0.0,30,95976,买盘
09:44:40,31.99,0.0,10,31990,买盘
09:44:44,31.98,-0.01,44,140754,卖盘
09:44:46,31.99,0.01,10,31989,买盘
09:44:50,31.98,-0.01,167,534121,卖盘
09:44:52,31.99,0.01,3,9597,中性盘
09:44:55,31.99,0.0,256,819182,卖盘
09:44:58,32.0,0.01,153,489594,买盘
09:45:01,31.99,-0.01,249,796491,卖盘
09:45:05,31.99,0.0,171,547177,卖盘
09:45:08,32.0,0.01,212,678400,买盘
09:45:10,32.0,0.0,67,214400,买盘
09:45:13,32.0,0.0,197,630400,买盘
09:45:16,31.99,-0.01,48,153563,卖盘
09:45:20,31.97,-0.02,147,470301,卖盘
09:45:22,32.0,0.03,372,1189649,买盘
09:45:25,31.95,-0.05,80,255856,卖盘
09:45:28,31.99,0.04,8,25592,买盘
09:45:30,31.99,0.0,9,28791,买盘
09:45:33,31.96,-0.03,39,124647,卖盘
09:45:37,31.99,0.03,72,230233,买盘
09:45:40,31.99,0.0,81,259075,买盘
09:45:42,32.0,0.01,330,1056127,买盘
09:45:46,31.99,-0.01,105,335967,卖盘
09:45:50,32.0,0.01,89,284795,买盘
09:45:52,32.02,0.02,75,240064,买盘
09:45:56,32.01,-0.01,44,140861,中性盘
09:45:58,32.01,0.0,12,38417,卖盘
09:46:01,32.02,0.01,168,537936,买盘
09:46:05,32.02,0.0,154,493222,卖盘
09:46:08,32.02,0.0,63,201830,卖盘
09:46:10,32.03,0.01,82,262626,中性盘
09:46:13,32.02,-0.01,125,400464,卖盘
09:46:16,32.04,0.02,169,541246,买盘
09:46:20,32.04,0.0,256,820224,买盘
09:46:21,32.04,0.0,86,275546,卖盘
09:46:25,32.01,-0.03,383,1227053,卖盘
09:46:28,32.04,0.03,189,605072,买盘
09:46:32,31.99,-0.05,462,1479306,卖盘
09:46:35,31.99,0.0,73,233547,卖盘
09:46:37,32.04,0.05,197,631083,买盘
09:46:40,32.03,-0.01,61,195289,卖盘
09:46:44,32.03,0.0,238,761897,买盘
09:46:50,32.04,0.01,152,486978,买盘
09:46:52,32.04,0.0,35,112154,卖盘
09:46:56,32.04,0.0,17,54469,卖盘
09:46:58,32.05,0.01,228,730524,买盘
09:47:01,32.04,-0.01,122,390930,卖盘
09:47:05,32.05,0.01,281,900328,买盘
09:47:08,32.05,0.0,52,166598,买盘
09:47:10,32.03,-0.02,13,41649,卖盘
09:47:13,32.04,0.01,22,70488,买盘
09:47:17,32.03,-0.01,4,12815,卖盘
09:47:20,32.03,0.0,11,35239,卖盘
09:47:22,32.03,0.0,9,28827,卖盘
09:47:25,32.03,0.0,5,16015,买盘
09:47:28,32.03,0.0,218,698436,买盘
09:47:35,32.01,-0.02,19,60842,卖盘
09:47:37,32.03,0.02,21,67263,买盘
09:47:40,32.05,0.02,268,858333,买盘
09:47:44,32.01,-0.04,56,179207,中性盘
09:47:46,32.0,-0.01,28,89626,卖盘
09:47:50,32.01,0.01,35,112035,买盘
09:47:52,32.0,-0.01,191,611371,卖盘
09:47:56,32.0,0.0,508,1625801,卖盘
09:47:57,32.01,0.01,4,12801,中性盘
09:48:01,32.03,0.02,120,384136,买盘
09:48:04,32.0,-0.03,39,124817,卖盘
09:48:08,32.01,0.01,66,211263,中性盘
09:48:10,32.01,0.0,34,108839,买盘
09:48:13,32.01,0.0,79,252880,卖盘
09:48:16,32.03,0.02,152,486854,买盘
09:48:18,32.03,0.0,78,249802,买盘
09:48:22,32.03,0.0,42,134526,卖盘
09:48:25,32.03,0.0,506,1621444,卖盘
09:48:28,32.04,0.01,28,89701,买盘
09:48:32,32.01,-0.03,229,733164,卖盘
09:48:33,32.04,0.03,30,96095,买盘
09:48:37,32.03,-0.01,11,35239,卖盘
09:48:40,32.04,0.01,83,265872,买盘
09:48:43,32.04,0.0,101,323603,买盘
09:48:46,32.01,-0.03,255,816999,卖盘
09:48:50,32.01,0.0,280,896284,卖盘
09:48:52,32.01,0.0,162,518579,买盘
09:48:56,32.03,0.02,35,112047,买盘
09:48:58,32.01,-0.02,87,278730,卖盘
09:49:01,32.02,0.01,59,188918,买盘
09:49:05,32.01,-0.01,142,454669,卖盘
09:49:07,32.01,0.0,33,105636,卖盘
09:49:10,32.01,0.0,100,320100,卖盘
09:49:13,32.0,-0.01,191,611228,卖盘
09:49:15,32.02,0.02,488,1561916,买盘
09:49:20,32.01,-0.01,182,582562,中性盘
09:49:22,32.01,0.0,157,502441,卖盘
09:49:25,32.02,0.01,117,374603,买盘
09:49:28,32.02,0.0,153,490019,卖盘
09:49:31,32.02,0.0,55,176130,卖盘
09:49:34,32.03,0.01,204,653460,中性盘
09:49:37,32.05,0.02,417,1336080,买盘
09:49:40,32.04,-0.01,75,240371,中性盘
09:49:43,32.05,0.01,486,1557571,买盘
09:49:46,32.06,0.01,350,1121946,买盘
09:49:48,32.06,0.0,1169,3750863,卖盘
09:49:52,32.1,0.04,678,2176153,买盘
09:49:54,32.11,0.01,436,1399493,买盘
09:49:58,32.1,-0.01,454,1458097,卖盘
09:50:01,32.14,0.04,91,292337,买盘
09:50:04,32.12,-0.02,68,218398,卖盘
09:50:07,32.14,0.02,702,2256684,买盘
09:50:10,32.13,-0.01,224,719818,卖盘
09:50:13,32.11,-0.02,199,639305,卖盘
09:50:16,32.13,0.02,149,478527,买盘
09:50:19,32.12,-0.01,171,549250,卖盘
09:50:22,32.11,-0.01,67,215198,中性盘
09:50:25,32.11,0.0,59,189439,买盘
09:50:28,32.11,0.0,59,189444,买盘
09:50:31,32.1,-0.01,122,391736,卖盘
09:50:34,32.1,0.0,131,420583,卖盘
09:50:37,32.1,0.0,235,754369,卖盘
09:50:40,32.1,0.0,559,1794392,买盘
09:50:44,32.1,0.0,545,1750348,卖盘
09:50:46,32.1,0.0,26,83473,买盘
09:50:49,32.09,-0.01,38,121973,卖盘
09:50:52,32.1,0.01,260,834577,买盘
09:50:55,32.08,-0.02,53,170117,卖盘
09:50:58,32.15,0.07,832,2673013,买盘
09:51:01,32.1,-0.05,55,176545,买盘
09:51:04,32.09,-0.01,55,176471,中性盘
09:51:07,32.1,0.01,47,150847,买盘
09:51:10,32.09,-0.01,210,674139,卖盘
09:51:12,32.1,0.01,320,1027170,买盘
09:51:16,32.09,-0.01,144,462130,卖盘
09:51:19,32.11,0.02,269,863916,买盘
09:51:21,32.15,0.04,559,1796820,买盘
09:51:25,32.12,-0.03,976,3137829,卖盘
09:51:28,32.14,0.02,522,1677886,买盘
09:51:30,32.14,0.0,769,2472254,卖盘
09:51:34,32.14,0.0,1045,3361115,卖盘
09:51:37,32.15,0.01,74,237921,买盘
09:51:40,32.15,0.0,115,369674,买盘
09:51:43,32.14,-0.01,75,241096,卖盘
09:51:46,32.15,0.01,158,507913,买盘
09:51:48,32.14,-0.01,250,803551,卖盘
09:51:52,32.14,0.0,431,1385388,卖盘
09:51:55,32.13,-0.01,455,1462297,卖盘
09:51:58,32.13,0.0,62,199206,买盘
09:52:01,32.11,-0.02,302,970193,卖盘
09:52:04,32.14,0.03,556,1786699,买盘
09:52:07,32.14,0.0,330,1060397,买盘
09:52:09,32.13,-0.01,65,208832,中性盘
09:52:13,32.13,0.0,10,32130,卖盘
09:52:16,32.14,0.01,50,160682,买盘
09:52:18,32.15,0.01,98,314992,买盘
09:52:21,32.15,0.0,129,414624,买盘
09:52:25,32.15,0.0,150,482175,买盘
09:52:28,32.17,0.02,81,260452,买盘
09:52:30,32.15,-0.02,35,112534,卖盘
09:52:34,32.15,0.0,93,299094,卖盘
09:52:37,32.15,0.0,20,64310,卖盘
09:52:40,32.17,0.02,79,254128,买盘
09:52:43,32.16,-0.01,137,440611,卖盘
09:52:46,32.17,0.01,57,183333,买盘
09:52:49,32.16,-0.01,460,1479811,卖盘
09:52:52,32.16,0.0,220,707828,卖盘
09:52:55,32.17,0.01,66,212304,买盘
09:52:58,32.16,-0.01,269,864966,卖盘
09:53:01,32.17,0.01,154,495382,买盘
09:53:02,32.15,-0.02,123,395573,卖盘
09:53:07,32.16,0.01,81,260493,买盘
09:53:10,32.16,0.0,93,299088,买盘
09:53:13,32.16,0.0,40,128640,买盘
09:53:16,32.16,0.0,188,604658,卖盘
09:53:19,32.17,0.01,319,1026080,买盘
09:53:22,32.16,-0.01,89,286268,卖盘
09:53:25,32.17,0.01,122,392462,买盘
09:53:28,32.17,0.0,36,115812,卖盘
09:53:31,32.18,0.01,31,99747,买盘
09:53:34,32.18,0.0,380,1222620,买盘
09:53:37,32.17,-0.01,172,553476,中性盘
09:53:40,32.17,0.0,157,504990,买盘
09:53:42,32.18,0.01,70,225202,买盘
09:53:46,32.17,-0.01,91,292746,买盘
09:53:48,32.16,-0.01,21,67548,卖盘
09:53:52,32.17,0.01,489,1573407,买盘
09:53:54,32.17,0.0,48,154418,卖盘
09:53:58,32.17,0.0,83,267010,卖盘
09:54:01,32.17,0.0,286,920230,买盘
09:54:04,32.17,0.0,43,138341,卖盘
09:54:07,32.17,0.0,173,556668,卖盘
09:54:10,32.17,0.0,133,427801,买盘
09:54:13,32.16,-0.01,30,96480,卖盘
09:54:16,32.16,0.0,23,73976,卖盘
09:54:19,32.17,0.01,23,73978,买盘
09:54:22,32.17,0.0,73,234815,买盘
09:54:25,32.16,-0.01,54,173701,卖盘
09:54:27,32.16,0.0,113,363434,卖盘
09:54:31,32.16,0.0,15,48237,买盘
09:54:34,32.16,0.0,71,228316,买盘
09:54:37,32.15,-0.01,10,32158,卖盘
09:54:40,32.16,0.01,336,1080482,买盘
09:54:43,32.15,-0.01,39,125424,卖盘
09:54:46,32.15,0.0,50,160787,卖盘
09:54:49,32.15,0.0,21,67515,买盘
09:54:52,32.15,0.0,48,154320,买盘
09:54:55,32.16,0.01,105,337620,买盘
09:54:58,32.15,-0.01,32,102900,卖盘
09:55:01,32.16,0.01,98,315149,买盘
09:55:04,32.16,0.0,17,54672,卖盘
09:55:07,32.17,0.01,139,447106,买盘
09:55:10,32.16,-0.01,101,324879,卖盘
09:55:13,32.17,0.01,280,900597,买盘
09:55:16,32.16,-0.01,170,546851,卖盘
09:55:19,32.17,0.01,229,736674,买盘
09:55:22,32.17,0.0,43,138353,卖盘
09:55:25,32.18,0.01,499,1605742,买盘
09:55:28,32.18,0.0,614,1975852,买盘
09:55:31,32.18,0.0,1227,3949687,卖盘
09:55:34,32.19,0.01,658,2118102,买盘
09:55:36,32.2,0.01,2297,7396331,买盘
09:55:40,32.2,0.0,1213,3903857,买盘
09:55:43,32.21,0.01,497,1600903,买盘
09:55:46,32.22,0.01,246,792829,买盘
09:55:48,32.22,0.0,21,67682,卖盘
09:55:52,32.23,0.01,45,145062,中性盘
09:55:55,32.25,0.02,2051,6605506,买盘
09:55:58,32.23,-0.02,161,519099,卖盘
09:56:01,32.24,0.01,223,719081,中性盘
09:56:04,32.23,-0.01,326,1051204,卖盘
09:56:07,32.22,-0.01,368,1186216,卖盘
09:56:09,32.24,0.02,246,792950,中性盘
09:56:13,32.25,0.01,1555,5017014,买盘
09:56:16,32.2,-0.05,206,663686,卖盘
09:56:19,32.19,-0.01,447,1440136,卖盘
09:56:22,32.2,0.01,185,596116,买盘
09:56:24,32.2,0.0,255,821079,买盘
09:56:27,32.2,0.0,25,80520,卖盘
09:56:31,32.22,0.02,78,251289,买盘
09:56:33,32.2,-0.02,52,167540,卖盘
09:56:37,32.22,0.02,25,80525,买盘
09:56:40,32.25,0.03,328,1057197,买盘
09:56:43,32.22,-0.03,25,80550,卖盘
09:56:46,32.22,0.0,23,74094,卖盘
09:56:49,32.22,0.0,85,273870,买盘
09:56:52,32.22,0.0,96,309416,买盘
09:56:55,32.23,0.01,64,206534,中性盘
09:56:58,32.22,-0.01,197,634361,卖盘
09:57:01,32.21,-0.01,124,399510,卖盘
09:57:04,32.24,0.03,474,1527554,买盘
09:57:07,32.24,0.0,12,38689,买盘
09:57:10,32.22,-0.02,114,368680,卖盘
09:57:13,32.22,0.0,16,51552,卖盘
09:57:16,32.22,0.0,36,116052,卖盘
09:57:19,32.24,0.02,122,393328,买盘
09:57:22,32.25,0.01,135,435358,买盘
09:57:25,32.24,-0.01,120,386891,卖盘
09:57:28,32.24,0.0,132,425567,卖盘
09:57:31,32.23,-0.01,30,96691,卖盘
09:57:34,32.23,0.0,625,2014074,买盘
09:57:37,32.23,0.0,65,209491,买盘
09:57:40,32.22,-0.01,889,2865989,卖盘
09:57:43,32.23,0.01,1017,3280475,卖盘
09:57:46,32.24,0.01,46,148270,中性盘
09:57:49,32.3,0.06,2541,8202477,买盘
09:57:52,32.25,-0.05,214,690700,中性盘
09:57:55,32.28,0.03,27,87127,买盘
09:57:57,32.29,0.01,138,445605,买盘
09:58:01,32.28,-0.01,616,1989426,卖盘
09:58:04,32.3,0.02,422,1363039,买盘
09:58:07,32.28,-0.02,96,309943,卖盘
09:58:10,32.29,0.01,260,839664,买盘
09:58:13,32.29,0.0,74,238907,买盘
09:58:16,32.29,0.0,95,306731,买盘
09:58:19,32.28,-0.01,131,422948,卖盘
09:58:22,32.29,0.01,758,2447472,买盘
09:58:25,32.26,-0.03,372,1200862,卖盘
09:58:28,32.28,0.02,123,396928,买盘
09:58:31,32.26,-0.02,1,3226,中性盘
09:58:34,32.28,0.02,409,1319535,买盘
09:58:36,32.28,0.0,156,503469,买盘
09:58:40,32.26,-0.02,78,251760,卖盘
09:58:43,32.27,0.01,151,487137,买盘
09:58:46,32.27,0.0,22,70993,买盘
09:58:49,32.26,-0.01,43,138747,卖盘
09:58:52,32.27,0.01,37,119381,买盘
09:58:55,32.26,-0.01,187,603382,卖盘
09:58:58,32.26,0.0,72,232306,卖盘
09:59:00,32.27,0.01,169,545309,买盘
09:59:04,32.26,-0.01,35,112925,卖盘
09:59:06,32.27,0.01,44,141961,买盘
09:59:09,32.27,0.0,116,374323,买盘
09:59:12,32.27,0.0,267,861540,买盘
09:59:16,32.27,0.0,326,1052170,卖盘
09:59:19,32.27,0.0,78,251704,卖盘
09:59:22,32.28,0.01,53,171075,买盘
09:59:25,32.28,0.0,128,413118,买盘
09:59:28,32.28,0.0,297,958522,买盘
09:59:31,32.27,-0.01,61,196861,卖盘
09:59:34,32.27,0.0,78,251718,卖盘
09:59:37,32.28,0.01,1173,3786426,买盘
09:59:38,32.28,0.0,54,174341,卖盘
09:59:43,32.28,0.0,213,687571,卖盘
09:59:45,32.29,0.01,182,587583,买盘
09:59:49,32.28,-0.01,148,477884,卖盘
09:59:52,32.29,0.01,182,587527,买盘
09:59:55,32.28,-0.01,66,213110,卖盘
09:59:57,32.28,0.0,192,619960,卖盘
10:00:01,32.29,0.01,275,887974,买盘
10:00:04,32.3,0.01,98,316438,买盘
10:00:07,32.3,0.0,278,897848,买盘
10:00:10,32.29,-0.01,36,116244,卖盘
10:00:13,32.29,0.0,127,410083,卖盘
10:00:16,32.28,-0.01,348,1123914,卖盘
10:00:19,32.29,0.01,614,1983155,卖盘
10:00:22,32.3,0.01,252,813803,买盘
10:00:24,32.29,-0.01,372,1201203,卖盘
10:00:27,32.29,0.0,120,387438,买盘
10:00:31,32.29,0.0,651,2102546,买盘
10:00:34,32.29,0.0,370,1194653,买盘
10:00:37,32.29,0.0,208,671584,买盘
10:00:38,32.28,-0.01,596,1924462,卖盘
10:00:43,32.29,0.01,268,865306,买盘
10:00:46,32.29,0.0,100,322900,买盘
10:00:49,32.3,0.01,57,184054,买盘
10:00:51,32.3,0.0,105,339015,买盘
10:00:55,32.3,0.0,170,549078,买盘
10:00:57,32.3,0.0,617,1992876,买盘
10:01:01,32.29,-0.01,244,788107,中性盘
10:01:04,32.29,0.0,31,100114,买盘
10:01:07,32.28,-0.01,96,309962,卖盘
10:01:10,32.28,0.0,16,51652,卖盘
10:01:12,32.28,0.0,306,987769,卖盘
10:01:16,32.3,0.02,433,1398303,买盘
10:01:18,32.28,-0.02,165,532889,卖盘
10:01:22,32.29,0.01,84,271244,卖盘
10:01:25,32.3,0.01,68,219623,买盘
10:01:28,32.3,0.0,39,125970,买盘
10:01:31,32.29,-0.01,563,1818353,卖盘
10:01:34,32.3,0.01,136,439226,买盘
10:01:36,32.28,-0.02,60,193764,卖盘
10:01:40,32.29,0.01,326,1052560,卖盘
10:01:43,32.3,0.01,198,639333,买盘
10:01:46,32.29,-0.01,185,597451,卖盘
10:01:49,32.29,0.0,26,84328,买盘
10:01:52,32.29,0.0,180,581133,买盘
10:01:55,32.29,0.0,228,736026,买盘
10:01:58,32.29,0.0,35,113010,买盘
10:02:01,32.29,0.0,32,103328,买盘
10:02:04,32.3,0.01,369,1191503,买盘
10:02:06,32.29,-0.01,108,348659,买盘
10:02:10,32.29,0.0,26,83944,买盘
10:02:13,32.28,-0.01,220,710288,卖盘
10:02:16,32.29,0.01,90,290566,中性盘
10:02:19,32.28,-0.01,474,1530868,卖盘
10:02:22,32.29,0.01,116,374567,中性盘
10:02:25,32.28,-0.01,157,506876,卖盘
10:02:28,32.3,0.02,1732,5590839,买盘
10:02:31,32.3,0.0,716,2315209,卖盘
10:02:33,32.29,-0.01,98,316404,买盘
10:02:36,32.29,0.0,105,339120,买盘
10:02:40,32.3,0.01,448,1446939,买盘
10:02:43,32.3,0.0,153,494072,买盘
10:02:45,32.3,0.0,84,271318,买盘
10:02:48,32.3,0.0,258,833339,买盘
10:02:52,32.31,0.01,27,87211,买盘
10:02:54,32.31,0.0,638,2061289,买盘
10:02:58,32.31,0.0,404,1305376,买盘
10:03:01,32.3,-0.01,202,652569,卖盘
10:03:04,32.32,0.02,764,2468272,买盘
10:03:07,32.31,-0.01,6,19387,中性盘
10:03:10,32.31,0.0,114,368432,卖盘
10:03:13,32.3,-0.01,770,2488680,卖盘
10:03:16,32.31,0.01,59,190586,中性盘
10:03:19,32.31,0.0,102,329562,卖盘
10:03:22,32.3,-0.01,136,439307,卖盘
10:03:25,32.3,0.0,96,310039,买盘
10:03:28,32.31,0.01,151,487762,买盘
10:03:31,32.31,0.0,179,578281,买盘
10:03:34,32.3,-0.01,28,90440,卖盘
10:03:36,32.31,0.01,393,1270056,买盘
10:03:40,32.31,0.0,52,168016,卖盘
10:03:43,32.31,0.0,24,77544,卖盘
10:03:45,32.31,0.0,104,336034,卖盘
10:03:48,32.32,0.01,346,1118011,买盘
10:03:52,32.32,0.0,162,523562,卖盘
10:03:54,32.32,0.0,5,16156,买盘
10:03:58,32.31,-0.01,9,29085,中性盘
10:04:01,32.31,0.0,65,210039,买盘
10:04:04,32.32,0.01,121,390964,买盘
10:04:06,32.31,-0.01,31,100172,卖盘
10:04:10,32.31,0.0,504,1628166,卖盘
10:04:12,32.31,0.0,117,377927,买盘
10:04:16,32.3,-0.01,213,688006,卖盘
10:04:19,32.3,0.0,217,701014,买盘
10:04:22,32.3,0.0,268,865396,买盘
10:04:25,32.3,0.0,44,142104,买盘
10:04:27,32.3,0.0,377,1217367,买盘
10:04:31,32.29,-0.01,347,1120488,卖盘
10:04:34,32.29,0.0,391,1262681,卖盘
10:04:37,32.29,0.0,317,1023749,卖盘
10:04:40,32.3,0.01,57,184066,买盘
10:04:44,32.3,0.0,817,2638566,买盘
10:04:46,32.3,0.0,442,1427495,卖盘
10:04:49,32.28,-0.02,186,600507,卖盘
10:04:52,32.3,0.02,526,1698628,买盘
10:04:55,32.29,-0.01,110,355104,卖盘
10:04:58,32.29,0.0,160,516645,卖盘
10:05:01,32.28,-0.01,198,639342,卖盘
10:05:04,32.28,0.0,80,258253,卖盘
10:05:07,32.28,0.0,119,384145,卖盘
10:05:11,32.28,0.0,154,497112,买盘
10:05:13,32.27,-0.01,541,1745422,卖盘
10:05:15,32.27,0.0,29,93583,买盘
10:05:19,32.26,-0.01,230,741981,卖盘
10:05:22,32.26,0.0,507,1635576,买盘
10:05:24,32.25,-0.01,122,393498,卖盘
10:05:28,32.25,0.0,362,1167450,卖盘
10:05:31,32.25,0.0,221,712761,买盘
10:05:34,32.24,-0.01,55,177350,卖盘
10:05:37,32.24,0.0,88,283737,卖盘
10:05:40,32.24,0.0,133,428807,卖盘
10:05:44,32.24,0.0,134,432016,卖盘
10:05:46,32.24,0.0,98,315998,卖盘
10:05:49,32.24,0.0,130,419137,卖盘
10:05:52,32.25,0.01,98,315957,买盘
10:05:55,32.23,-0.02,143,461012,卖盘
10:05:58,32.23,0.0,101,325530,卖盘
10:06:01,32.23,0.0,449,1447178,卖盘
10:06:03,32.23,0.0,6,19338,买盘
10:06:07,32.24,0.01,865,2788549,买盘
10:06:09,32.24,0.0,102,328848,卖盘
10:06:13,32.24,0.0,117,377212,卖盘
10:06:16,32.24,0.0,254,818991,卖盘
10:06:19,32.23,-0.01,105,338350,卖盘
10:06:21,32.22,-0.01,37,119222,卖盘
10:06:24,32.22,0.0,94,301715,卖盘
10:06:28,32.22,0.0,19,61218,买盘
10:06:32,32.22,0.0,130,418767,买盘
10:06:33,32.21,-0.01,187,602491,卖盘
10:06:37,32.22,0.01,96,309134,买盘
10:06:40,32.21,-0.01,84,270560,中性盘
10:06:43,32.2,-0.01,136,438004,卖盘
10:06:47,32.2,0.0,40,128826,卖盘
10:06:48,32.21,0.01,29,93404,买盘
10:06:52,32.2,-0.01,194,624846,卖盘
10:06:55,32.23,0.03,470,1513859,买盘
10:06:58,32.21,-0.02,90,289974,卖盘
10:07:01,32.21,0.0,207,666983,卖盘
10:07:07,32.22,0.01,42,135294,买盘
10:07:09,32.21,-0.01,60,193265,卖盘
10:07:13,32.22,0.01,11,35441,买盘
10:07:16,32.22,0.0,103,331846,买盘
10:07:19,32.21,-0.01,76,244814,卖盘
10:07:22,32.22,0.01,85,273853,买盘
10:07:25,32.22,0.0,26,83757,买盘
10:07:28,32.22,0.0,22,70879,买盘
10:07:31,32.22,0.0,1591,5122050,买盘
10:07:34,32.21,-0.01,11,35441,卖盘
10:07:37,32.21,0.0,20,64431,卖盘
10:07:40,32.21,0.0,99,318883,卖盘
10:07:43,32.21,0.0,133,428482,买盘
10:07:47,32.21,0.0,36,115981,卖盘
10:07:50,32.21,0.0,70,225467,买盘
10:07:52,32.21,0.0,171,550917,买盘
10:07:54,32.23,0.02,102,328546,买盘
10:07:58,32.23,0.0,108,348083,买盘
10:08:01,32.23,0.0,87,280345,买盘
10:08:04,32.21,-0.02,53,170808,卖盘
10:08:07,32.21,0.0,207,666914,卖盘
10:08:10,32.21,0.0,13,41873,卖盘
10:08:13,32.22,0.01,6,19333,卖盘
10:08:17,32.22,0.0,10,32227,卖盘
10:08:19,32.23,0.01,24,77342,买盘
10:08:22,32.25,0.02,450,1451070,买盘
10:08:25,32.25,0.0,12,38700,卖盘
10:08:29,32.27,0.02,371,1197560,买盘
10:08:31,32.27,0.0,221,713353,卖盘
10:08:34,32.27,0.0,85,274443,卖盘
10:08:37,32.3,0.03,16,51668,买盘
10:08:40,32.3,0.0,1072,3462541,买盘
10:08:43,32.31,0.01,206,665588,买盘
10:08:47,32.32,0.01,526,1700030,买盘
10:08:49,32.32,0.0,157,507466,买盘
10:08:52,32.32,0.0,725,2343904,卖盘
10:08:56,32.33,0.01,114,368559,买盘
10:08:58,32.32,-0.01,243,785554,卖盘
10:09:01,32.33,0.01,146,471322,买盘
10:09:04,32.33,0.0,62,200451,卖盘
10:09:07,32.33,0.0,25,80840,卖盘
10:09:10,32.33,0.0,16,51730,卖盘
10:09:13,32.35,0.02,515,1665765,买盘
10:09:16,32.33,-0.02,39,126114,卖盘
10:09:19,32.35,0.02,126,407574,买盘
10:09:22,32.34,-0.01,124,401087,卖盘
10:09:25,32.34,0.0,661,2138173,卖盘
10:09:28,32.34,0.0,40,129350,买盘
10:09:31,32.34,0.0,361,1167532,买盘
10:09:34,32.34,0.0,100,323493,卖盘
10:09:37,32.35,0.01,81,262015,买盘
10:09:40,32.35,0.0,599,1937614,买盘
10:09:44,32.35,0.0,1178,3811972,卖盘
10:09:47,32.37,0.02,207,669853,买盘
10:09:49,32.36,-0.01,32,103576,卖盘
10:09:52,32.37,0.01,78,252477,买盘
10:09:55,32.37,0.0,27,87378,买盘
10:09:58,32.37,0.0,1170,3787917,买盘
10:10:01,32.38,0.01,92,297827,买盘
10:10:04,32.36,-0.02,572,1851693,卖盘
10:10:07,32.38,0.02,295,954666,买盘
10:10:10,32.38,0.0,39,126282,买盘
10:10:13,32.38,0.0,85,275146,卖盘
10:10:16,32.38,0.0,23,74452,买盘
10:10:19,32.39,0.01,114,369162,买盘
10:10:22,32.39,0.0,224,725478,买盘
10:10:25,32.4,0.01,579,1875300,买盘
10:10:28,32.39,-0.01,550,1781182,中性盘
10:10:31,32.39,0.0,601,1947220,卖盘
10:10:34,32.4,0.01,55,178195,买盘
10:10:37,32.39,-0.01,124,401744,卖盘
10:10:40,32.4,0.01,249,806828,买盘
10:10:43,32.4,0.0,126,408289,买盘
10:10:47,32.41,0.01,269,871782,买盘
10:10:49,32.42,0.01,199,645011,买盘
10:10:53,32.42,0.0,232,752281,买盘
10:10:55,32.42,0.0,178,577108,卖盘
10:10:58,32.48,0.06,1104,3582781,买盘
10:11:01,32.45,-0.03,15,48659,买盘
10:11:04,32.47,0.02,427,1385901,买盘
10:11:08,32.45,-0.02,43,139535,卖盘
10:11:10,32.47,0.02,1037,3366439,买盘
10:11:14,32.48,0.01,419,1359863,买盘
10:11:17,32.47,-0.01,58,188343,卖盘
10:11:19,32.49,0.02,778,2527020,买盘
10:11:22,32.48,-0.01,474,1539570,中性盘
10:11:25,32.47,-0.01,110,357251,卖盘
10:11:28,32.49,0.02,90,292363,买盘
10:11:31,32.5,0.01,689,2238556,买盘
10:11:34,32.48,-0.02,598,1942324,卖盘
10:11:37,32.48,0.0,46,149403,买盘
10:11:40,32.48,0.0,112,363741,买盘
10:11:44,32.48,0.0,3711,12059116,买盘
10:11:46,32.49,0.01,127,412620,买盘
10:11:49,32.49,0.0,53,172188,买盘
10:11:52,32.48,-0.01,2550,8286253,卖盘
10:11:56,32.48,0.0,386,1254069,卖盘
10:11:58,32.5,0.02,655,2128419,买盘
10:12:01,32.49,-0.01,244,792658,中性盘
10:12:04,32.49,0.0,121,393202,卖盘
10:12:06,32.48,-0.01,902,2931443,卖盘
10:12:11,32.49,0.01,292,948577,中性盘
10:12:13,32.5,0.01,97,316385,买盘
10:12:16,32.51,0.01,238,772411,买盘
10:12:20,32.51,0.0,64,207998,买盘
10:12:22,32.5,-0.01,874,2841278,卖盘
10:12:25,32.53,0.03,600,1952439,买盘
10:12:28,32.53,0.0,110,357920,卖盘
10:12:32,32.5,-0.03,1527,4966313,卖盘
10:12:34,32.53,0.03,159,518181,买盘
10:12:38,32.55,0.02,683,2223088,买盘
10:12:41,32.55,0.0,257,836441,买盘
10:12:43,32.55,0.0,294,956918,买盘
10:12:47,32.55,0.0,224,729093,买盘
10:12:50,32.55,0.0,89,289668,买盘
10:12:53,32.56,0.01,685,2230302,买盘
10:12:55,32.55,-0.01,273,888807,卖盘
10:12:59,32.56,0.01,152,494890,买盘
10:13:02,32.56,0.0,238,774899,卖盘
10:13:04,32.56,0.0,210,683832,买盘
10:13:07,32.58,0.02,509,1657901,买盘
10:13:10,32.57,-0.01,459,1495246,中性盘
10:13:13,32.57,0.0,298,970594,卖盘
10:13:16,32.59,0.02,524,1707544,买盘
10:13:19,32.59,0.0,558,1818661,买盘
10:13:23,32.59,0.0,193,629051,卖盘
10:13:25,32.58,-0.01,65,211828,卖盘
10:13:28,32.59,0.01,118,384520,中性盘
10:13:31,32.59,0.0,52,169430,买盘
10:13:35,32.58,-0.01,102,332353,卖盘
10:13:37,32.59,0.01,209,681055,买盘
10:13:41,32.59,0.0,280,912177,买盘
10:13:43,32.58,-0.01,155,504899,卖盘
10:13:46,32.59,0.01,431,1404739,买盘
10:13:49,32.58,-0.01,326,1062078,卖盘
10:13:52,32.59,0.01,100,325859,买盘
10:13:56,32.56,-0.03,165,537409,卖盘
10:13:58,32.56,0.0,86,280174,卖盘
10:14:01,32.57,0.01,56,182385,买盘
10:14:04,32.57,0.0,679,2212940,买盘
10:14:07,32.58,0.01,116,377929,卖盘
10:14:10,32.59,0.01,157,511645,买盘
10:14:13,32.59,0.0,131,426907,卖盘
10:14:17,32.59,0.0,230,749650,卖盘
10:14:20,32.59,0.0,690,2249223,卖盘
10:14:22,32.58,-0.01,233,759485,卖盘
10:14:26,32.59,0.01,86,280235,买盘
10:14:28,32.58,-0.01,305,993734,卖盘
10:14:32,32.57,-0.01,39,127028,卖盘
10:14:35,32.57,0.0,577,1878770,卖盘
10:14:38,32.54,-0.03,199,647799,卖盘
10:14:41,32.54,0.0,303,986090,卖盘
10:14:43,32.54,0.0,108,351357,卖盘
10:14:47,32.53,-0.01,537,1748484,卖盘
10:14:50,32.54,0.01,54,175667,买盘
10:14:53,32.53,-0.01,127,413014,卖盘
10:14:56,32.51,-0.02,40,130042,卖盘
10:14:58,32.5,-0.01,302,982005,卖盘
10:15:02,32.5,0.0,318,1033419,买盘
10:15:05,32.5,0.0,460,1494983,买盘
10:15:07,32.49,-0.01,208,675902,卖盘
10:15:11,32.49,0.0,105,341147,卖盘
10:15:14,32.5,0.01,344,1117708,买盘
10:15:17,32.5,0.0,1179,3831672,买盘
10:15:20,32.5,0.0,156,506998,买盘
10:15:22,32.49,-0.01,644,2093180,卖盘
10:15:25,32.5,0.01,556,1806588,买盘
10:15:28,32.54,0.04,502,1632908,买盘
10:15:31,32.49,-0.05,417,1356484,卖盘
10:15:35,32.54,0.05,168,546097,买盘
10:15:37,32.54,0.0,69,224561,卖盘
10:15:40,32.55,0.01,26,84607,中性盘
10:15:44,32.55,0.0,148,481594,买盘
10:15:47,32.56,0.01,53,172523,买盘
10:15:50,32.56,0.0,162,527432,买盘
10:15:53,32.56,0.0,85,276763,卖盘
10:15:56,32.56,0.0,84,273535,卖盘
10:15:59,32.56,0.0,83,270256,卖盘
10:16:01,32.56,0.0,139,452679,卖盘
10:16:04,32.55,-0.01,32,104155,中性盘
10:16:07,32.55,0.0,41,133455,买盘
10:16:11,32.55,0.0,33,107414,买盘
10:16:14,32.57,0.02,463,1507564,买盘
10:16:17,32.55,-0.02,277,902169,卖盘
10:16:20,32.55,0.0,139,452474,卖盘
10:16:23,32.57,0.02,44,143272,买盘
10:16:26,32.55,-0.02,93,302814,卖盘
10:16:28,32.55,0.0,160,520915,卖盘
10:16:32,32.55,0.0,5,16279,卖盘
10:16:35,32.55,0.0,2457,8007588,卖盘
10:16:38,32.56,0.01,63,205184,买盘
10:16:40,32.57,0.01,120,390977,中性盘
10:16:44,32.59,0.02,155,505166,买盘
10:16:47,32.59,0.0,30,97728,卖盘
10:16:50,32.6,0.01,182,593225,买盘
10:16:53,32.58,-0.02,80,260699,卖盘
10:16:56,32.59,0.01,46,149908,买盘
10:16:59,32.6,0.01,767,2501103,买盘
10:17:01,32.59,-0.01,150,489099,卖盘
10:17:05,32.59,0.0,102,332390,买盘
10:17:07,32.6,0.01,287,935002,买盘
10:17:11,32.6,0.0,444,1447469,买盘
10:17:14,32.6,0.0,152,495470,卖盘
10:17:16,32.58,-0.02,139,453163,卖盘
10:17:20,32.58,0.0,89,289957,买盘
10:17:23,32.58,0.0,122,397474,买盘
10:17:26,32.59,0.01,161,524581,买盘
10:17:29,32.58,-0.01,136,443260,中性盘
10:17:31,32.6,0.02,3,9780,买盘
10:17:35,32.59,-0.01,105,342178,中性盘
10:17:37,32.59,0.0,123,400859,买盘
10:17:40,32.6,0.01,254,828034,买盘
10:17:44,32.61,0.01,99,322867,买盘
10:17:47,32.6,-0.01,231,753287,卖盘
10:17:50,32.61,0.01,102,332777,买盘
10:17:53,32.62,0.01,209,681596,买盘
10:17:55,32.61,-0.01,144,469681,卖盘
10:17:59,32.62,0.01,249,812034,买盘
10:18:02,32.62,0.0,95,309973,卖盘
10:18:05,32.63,0.01,151,492653,买盘
10:18:08,32.6,-0.03,234,763225,卖盘
10:18:10,32.62,0.02,205,668960,中性盘
10:18:14,32.62,0.0,45,146810,卖盘
10:18:16,32.63,0.01,84,274138,中性盘
10:18:19,32.62,-0.01,81,264284,卖盘
10:18:22,32.62,0.0,170,554663,卖盘
10:18:25,32.63,0.01,268,874286,买盘
10:18:28,32.61,-0.02,222,723875,卖盘
10:18:32,32.6,-0.01,492,1604120,卖盘
10:18:35,32.62,0.02,440,1434725,买盘
10:18:38,32.62,0.0,93,303259,买盘
10:18:41,32.61,-0.01,170,554375,卖盘
10:18:44,32.61,0.0,586,1911311,卖盘
10:18:46,32.61,0.0,543,1770630,卖盘
10:18:50,32.63,0.02,146,476257,买盘
10:18:53,32.62,-0.01,108,352165,中性盘
10:18:55,32.62,0.0,15,48919,买盘
10:18:59,32.62,0.0,111,362069,买盘
10:19:02,32.6,-0.02,224,730658,卖盘
10:19:05,32.63,0.03,92,300106,买盘
10:19:07,32.62,-0.01,184,600250,卖盘
10:19:11,32.61,-0.01,388,1265637,卖盘
10:19:13,32.6,-0.01,82,267436,卖盘
10:19:17,32.6,0.0,30,97825,卖盘
10:19:20,32.62,0.02,343,1118732,买盘
10:19:23,32.62,0.0,57,185834,买盘
10:19:25,32.6,-0.02,68,221694,卖盘
10:19:29,32.6,0.0,107,348947,卖盘
10:19:32,32.61,0.01,132,430542,中性盘
10:19:35,32.6,-0.01,91,296723,卖盘
10:19:37,32.6,0.0,88,286905,卖盘
10:19:41,32.6,0.0,91,296813,卖盘
10:19:44,32.6,0.0,38,123915,卖盘
10:19:47,32.6,0.0,67,218425,卖盘
10:19:49,32.6,0.0,123,400980,买盘
10:19:53,32.59,-0.01,56,182547,卖盘
10:19:56,32.6,0.01,123,400962,买盘
10:19:59,32.59,-0.01,37,120618,卖盘
10:20:02,32.59,0.0,39,127103,卖盘
10:20:05,32.6,0.01,73,237966,买盘
10:20:08,32.59,-0.01,41,133626,卖盘
10:20:11,32.58,-0.01,556,1812280,卖盘
10:20:13,32.59,0.01,37,120603,买盘
10:20:17,32.59,0.0,54,175985,买盘
10:20:20,32.58,-0.01,54,175977,卖盘
10:20:23,32.58,0.0,192,625704,卖盘
10:20:25,32.59,0.01,214,697263,买盘
10:20:28,32.58,-0.01,27,87981,卖盘
10:20:32,32.57,-0.01,77,250881,卖盘
10:20:35,32.57,0.0,37,120512,卖盘
10:20:38,32.59,0.02,457,1489326,买盘
10:20:41,32.59,0.0,101,329159,卖盘
10:20:44,32.58,-0.01,30,97756,卖盘
10:20:47,32.59,0.01,226,736468,买盘
10:20:50,32.59,0.0,97,316087,买盘
10:20:53,32.57,-0.02,158,514742,卖盘
10:20:56,32.57,0.0,28,91199,卖盘
10:20:59,32.57,0.0,82,267151,卖盘
10:21:02,32.57,0.0,99,322444,卖盘
10:21:05,32.57,0.0,6,19537,买盘
10:21:08,32.57,0.0,102,332214,买盘
10:21:11,32.57,0.0,83,270307,买盘
10:21:14,32.56,-0.01,141,459184,卖盘
10:21:17,32.58,0.02,111,361542,买盘
10:21:19,32.58,0.0,163,531040,买盘
10:21:23,32.59,0.01,393,1280739,买盘
10:21:26,32.6,0.01,52,169510,买盘
10:21:29,32.59,-0.01,101,329221,卖盘
10:21:32,32.59,0.0,170,554170,卖盘
10:21:35,32.59,0.0,436,1421348,卖盘
10:21:38,32.59,0.0,600,1955909,卖盘
10:21:40,32.61,0.02,231,753181,买盘
10:21:44,32.61,0.0,563,1836222,买盘
10:21:47,32.64,0.03,788,2571070,买盘
10:21:50,32.64,0.0,410,1338035,买盘
10:21:53,32.63,-0.01,570,1860457,中性盘
10:21:56,32.65,0.02,813,2653785,买盘
10:21:59,32.65,0.0,1322,4316435,买盘
10:22:02,32.66,0.01,165,538844,买盘
10:22:05,32.65,-0.01,540,1763522,卖盘
10:22:07,32.67,0.02,849,2772830,买盘
10:22:10,32.66,-0.01,237,774265,中性盘
10:22:14,32.66,0.0,78,254982,卖盘
10:22:17,32.68,0.02,89,290808,买盘
10:22:20,32.67,-0.01,397,1297325,卖盘
10:22:23,32.69,0.02,2350,7682389,买盘
10:22:25,32.7,0.01,36,117716,买盘
10:22:29,32.7,0.0,87,284526,卖盘
10:22:32,32.7,0.0,55,179885,卖盘
10:22:35,32.74,0.04,132,431908,买盘
10:22:38,32.7,-0.04,417,1364723,卖盘
10:22:41,32.71,0.01,46,150543,卖盘
10:22:43,32.73,0.02,574,1877589,买盘
10:22:47,32.73,0.0,52,170150,买盘
10:22:50,32.73,0.0,115,376325,买盘
10:22:52,32.73,0.0,191,625221,买盘
10:22:56,32.75,0.02,753,2465876,买盘
10:22:59,32.76,0.01,195,638704,买盘
10:23:02,32.76,0.0,154,504575,买盘
10:23:05,32.76,0.0,236,773222,卖盘
10:23:08,32.76,0.0,384,1258238,卖盘
10:23:11,32.77,0.01,179,586566,买盘
10:23:13,32.77,0.0,222,727579,买盘
10:23:17,32.77,0.0,1436,4708665,卖盘
10:23:20,32.79,0.02,139,455761,中性盘
10:23:23,32.8,0.01,68,223026,买盘
10:23:26,32.79,-0.01,325,1065973,卖盘
10:23:29,32.81,0.02,1135,3722832,买盘
10:23:32,32.81,0.0,139,456047,买盘
10:23:35,32.81,0.0,86,282125,买盘
10:23:38,32.81,0.0,231,757830,买盘
10:23:41,32.81,0.0,540,1771542,买盘
10:23:44,32.81,0.0,176,577330,买盘
10:23:46,32.8,-0.01,337,1105489,卖盘
10:23:50,32.81,0.01,685,2247053,买盘
10:23:53,32.81,0.0,96,314985,卖盘
10:23:56,32.85,0.04,430,1411844,买盘
10:23:59,32.83,-0.02,45,147711,中性盘
10:24:01,32.85,0.02,477,1566128,买盘
10:24:05,32.85,0.0,179,587978,买盘
10:24:08,32.86,0.01,453,1488451,买盘
10:24:11,32.87,0.01,119,391039,买盘
10:24:13,32.86,-0.01,290,953097,卖盘
10:24:17,32.87,0.01,416,1367193,买盘
10:24:20,32.86,-0.01,594,1952153,卖盘
10:24:23,32.87,0.01,659,2165832,买盘
10:24:26,32.8,-0.07,1094,3591233,卖盘
10:24:28,32.87,0.07,444,1456822,买盘
10:24:31,32.86,-0.01,88,289201,中性盘
10:24:35,32.87,0.01,972,3195144,买盘
10:24:38,32.87,0.0,954,3136221,卖盘
10:24:41,32.88,0.01,221,726544,买盘
10:24:44,32.88,0.0,520,1711192,买盘
10:24:47,32.89,0.01,179,588739,买盘
10:24:50,32.9,0.01,567,1865064,买盘
10:24:53,32.89,-0.01,139,457297,卖盘
10:24:55,32.9,0.01,141,463869,买盘
10:24:59,32.93,0.03,467,1537235,买盘
10:25:01,32.9,-0.03,677,2228425,卖盘
10:25:04,32.91,0.01,359,1181160,买盘
10:25:08,32.9,-0.01,268,881966,中性盘
10:25:10,32.9,0.0,122,401561,卖盘
10:25:14,32.91,0.01,175,576055,中性盘
10:25:16,32.89,-0.02,254,835618,卖盘
10:25:19,32.88,-0.01,232,762892,卖盘
10:25:23,32.87,-0.01,341,1119819,卖盘
10:25:25,32.86,-0.01,191,627693,卖盘
10:25:28,32.85,-0.01,67,219964,卖盘
10:25:32,32.85,0.0,168,551562,买盘
10:25:34,32.85,0.0,135,443433,买盘
10:25:38,32.85,0.0,119,390917,卖盘
10:25:41,32.81,-0.04,358,1175891,卖盘
10:25:44,32.86,0.05,188,617643,买盘
10:25:47,32.85,-0.01,299,982150,卖盘
10:25:50,32.81,-0.04,319,1048087,卖盘
10:25:53,32.81,0.0,12,39374,买盘
10:25:56,32.85,0.04,109,358007,买盘
10:25:59,32.81,-0.04,43,141093,卖盘
10:26:01,32.8,-0.01,196,643158,卖盘
10:26:05,32.81,0.01,98,321572,买盘
10:26:07,32.81,0.0,58,190333,买盘
10:26:11,32.82,0.01,95,311642,买盘
10:26:14,32.8,-0.02,134,439790,卖盘
10:26:16,32.8,0.0,159,521598,卖盘
10:26:20,32.8,0.0,217,711804,卖盘
10:26:23,32.8,0.0,109,357575,卖盘
10:26:26,32.8,0.0,163,534683,卖盘
10:26:28,32.8,0.0,218,715144,卖盘
10:26:32,32.8,0.0,246,806991,卖盘
10:26:34,32.83,0.03,85,277750,买盘
10:26:37,32.83,0.0,355,1165080,卖盘
10:26:41,32.8,-0.03,45,147625,卖盘
10:26:44,32.83,0.03,261,856730,买盘
10:26:47,32.8,-0.03,222,729365,卖盘
10:26:50,32.79,-0.01,186,609915,卖盘
10:26:53,32.78,-0.01,212,695257,卖盘
10:26:56,32.75,-0.03,481,1575466,卖盘
10:26:59,32.75,0.0,184,602600,买盘
10:27:02,32.75,0.0,271,887525,买盘
10:27:05,32.75,0.0,84,275095,买盘
10:27:08,32.75,0.0,396,1297522,买盘
10:27:10,32.8,0.05,312,1021878,买盘
10:27:13,32.75,-0.05,154,505066,中性盘
10:27:17,32.75,0.0,330,1081771,卖盘
10:27:20,32.8,0.05,72,236105,买盘
10:27:23,32.81,0.01,416,1363789,买盘
10:27:26,32.81,0.0,181,593867,卖盘
10:27:28,32.81,0.0,439,1439999,卖盘
10:27:32,32.81,0.0,380,1246849,卖盘
10:27:34,32.81,0.0,215,706503,卖盘
10:27:38,32.81,0.0,121,397036,卖盘
10:27:40,32.81,0.0,289,948382,卖盘
10:27:44,32.82,0.01,189,619165,买盘
10:27:47,32.82,0.0,250,820737,卖盘
10:27:50,32.84,0.02,170,558110,买盘
10:27:53,32.82,-0.02,368,1207788,卖盘
10:27:56,32.85,0.03,115,377649,买盘
10:27:59,32.83,-0.02,19,62364,中性盘
10:28:02,32.83,0.0,178,584382,买盘
10:28:05,32.86,0.03,895,2939649,买盘
10:28:08,32.86,0.0,75,246450,卖盘
10:28:11,32.87,0.01,322,1057822,买盘
10:28:14,32.83,-0.04,254,834722,卖盘
10:28:16,32.85,0.02,161,529037,买盘
10:28:20,32.85,0.0,197,647284,卖盘
10:28:23,32.85,0.0,81,266104,卖盘
10:28:26,32.85,0.0,169,555236,买盘
10:28:29,32.85,0.0,186,611107,卖盘
10:28:32,32.85,0.0,84,275959,卖盘
10:28:34,32.84,-0.01,150,492574,卖盘
10:28:38,32.82,-0.02,190,624516,卖盘
10:28:40,32.82,0.0,13,42672,卖盘
10:28:44,32.82,0.0,209,685897,卖盘
10:28:47,32.81,-0.01,405,1329578,卖盘
10:28:50,32.81,0.0,260,852854,买盘
10:28:53,32.78,-0.03,91,298508,卖盘
10:28:56,32.76,-0.02,41,134344,卖盘
10:28:59,32.78,0.02,73,239276,买盘
10:29:02,32.78,0.0,190,622985,买盘
10:29:05,32.76,-0.02,62,203131,中性盘
10:29:08,32.81,0.05,231,757165,买盘
10:29:11,32.75,-0.06,106,347557,卖盘
10:29:14,32.76,0.01,33,108196,卖盘
10:29:17,32.78,0.02,236,774020,买盘
10:29:20,32.76,-0.02,37,121332,卖盘
10:29:23,32.76,0.0,193,632562,卖盘
10:29:26,32.78,0.02,190,623025,买盘
10:29:29,32.78,0.0,147,482046,卖盘
10:29:32,32.8,0.02,151,495167,买盘
10:29:35,32.8,0.0,133,436262,买盘
10:29:38,32.8,0.0,79,259120,卖盘
10:29:41,32.78,-0.02,287,941204,卖盘
10:29:43,32.78,0.0,56,183640,卖盘
10:29:46,32.8,0.02,164,537889,买盘
10:29:50,32.8,0.0,144,472478,卖盘
10:29:53,32.81,0.01,163,534803,中性盘
10:29:56,32.82,0.01,258,846214,买盘
10:29:59,32.82,0.0,141,462730,买盘
10:30:02,32.82,0.0,105,344655,卖盘
10:30:05,32.81,-0.01,234,768112,卖盘
10:30:08,32.81,0.0,145,475745,买盘
10:30:10,32.81,0.0,122,400338,卖盘
10:30:14,32.83,0.02,121,397259,买盘
10:30:17,32.8,-0.03,274,899219,卖盘
10:30:20,32.8,0.0,88,288638,买盘
10:30:23,32.79,-0.01,103,337832,卖盘
10:30:26,32.79,0.0,59,193514,卖盘
10:30:29,32.79,0.0,312,1023329,卖盘
10:30:32,32.8,0.01,55,180380,卖盘
10:30:34,32.8,0.0,482,1580928,卖盘
10:30:38,32.8,0.0,165,541339,卖盘
10:30:41,32.8,0.0,73,239470,卖盘
10:30:44,32.81,0.01,245,804736,买盘
10:30:48,32.79,-0.02,159,521612,中性盘
10:30:50,32.8,0.01,161,527881,买盘
10:30:53,32.8,0.0,95,311704,卖盘
10:30:56,32.8,0.0,172,564216,卖盘
10:30:59,32.8,0.0,499,1636742,卖盘
10:31:02,32.8,0.0,181,593883,卖盘
10:31:05,32.8,0.0,458,1502266,卖盘
10:31:08,32.83,0.03,288,945119,买盘
10:31:10,32.8,-0.03,158,518316,卖盘
10:31:14,32.8,0.0,426,1397367,卖盘
10:31:17,32.83,0.03,291,954585,买盘
10:31:20,32.81,-0.02,315,1033688,中性盘
10:31:23,32.81,0.0,29,95171,卖盘
10:31:26,32.81,0.0,371,1217753,中性盘
10:31:29,32.8,-0.01,920,3017757,卖盘
10:31:32,32.84,0.04,256,840129,买盘
10:31:35,32.83,-0.01,172,564842,中性盘
10:31:38,32.83,0.0,31,101790,卖盘
10:31:41,32.85,0.02,287,942730,买盘
10:31:44,32.85,0.0,111,364615,买盘
10:31:47,32.85,0.0,230,755433,买盘
10:31:50,32.82,-0.03,220,722499,卖盘
10:31:53,32.83,0.01,102,334984,中性盘
10:31:56,32.85,0.02,869,2850857,买盘
10:31:58,32.85,0.0,168,551861,买盘
10:32:01,32.84,-0.01,253,830312,中性盘
10:32:05,32.85,0.01,246,808179,买盘
10:32:07,32.85,0.0,4051,13321041,买盘
10:32:11,32.87,0.02,205,673516,中性盘
10:32:13,32.88,0.01,137,450532,买盘
10:32:16,32.87,-0.01,607,1995940,卖盘
10:32:20,32.86,-0.01,834,2742207,中性盘
10:32:23,32.89,0.03,25,82223,中性盘
10:32:26,32.85,-0.04,82,269575,卖盘
10:32:29,32.9,0.05,344,1131385,买盘
10:32:32,32.86,-0.04,39,128155,卖盘
10:32:35,32.86,0.0,122,400975,卖盘
10:32:38,32.87,0.01,160,525920,买盘
10:32:41,32.86,-0.01,234,769090,卖盘
10:32:44,32.89,0.03,393,1291903,买盘
10:32:46,32.87,-0.02,45,147973,卖盘
10:32:50,32.87,0.0,170,559083,卖盘
10:32:53,32.9,0.03,335,1101837,买盘
10:32:56,32.9,0.0,92,302648,买盘
10:32:59,32.89,-0.01,66,217084,卖盘
10:33:01,32.88,-0.01,1692,5563941,卖盘
10:33:05,32.89,0.01,246,809166,买盘
10:33:08,32.91,0.02,481,1582512,买盘
10:33:11,32.9,-0.01,166,546226,中性盘
10:33:14,32.91,0.01,263,865362,买盘
10:33:17,32.89,-0.02,232,763263,卖盘
10:33:20,32.9,0.01,56,184233,买盘
10:33:23,32.88,-0.02,254,835231,卖盘
10:33:26,32.9,0.02,761,2503667,买盘
10:33:29,32.9,0.0,13,42773,卖盘
10:33:31,32.9,0.0,61,200713,卖盘
10:33:35,32.9,0.0,110,361981,卖盘
10:33:38,32.9,0.0,161,529849,卖盘
10:33:41,32.9,0.0,1937,6373090,卖盘
10:33:44,32.93,0.03,224,737455,买盘
10:33:47,32.91,-0.02,120,395046,卖盘
10:33:49,32.93,0.02,986,3247281,买盘
10:33:53,32.93,0.0,417,1373495,卖盘
10:33:56,32.94,0.01,442,1455543,买盘
10:33:58,32.94,0.0,539,1775413,买盘
10:34:02,32.92,-0.02,622,2047244,卖盘
10:34:04,32.93,0.01,210,691714,买盘
10:34:07,32.93,0.0,56,184406,买盘
10:34:11,32.93,0.0,141,464151,买盘
10:34:14,32.93,0.0,309,1017764,买盘
10:34:17,32.93,0.0,234,767726,买盘
10:34:19,32.95,0.02,254,836562,买盘
10:34:23,32.92,-0.03,90,296288,卖盘
10:34:26,32.91,-0.01,399,1316462,卖盘
10:34:29,32.91,0.0,447,1471288,卖盘
10:34:32,32.9,-0.01,743,2444947,卖盘
10:34:35,32.88,-0.02,125,411136,卖盘
10:34:38,32.89,0.01,340,1117952,买盘
10:34:41,32.88,-0.01,179,588461,买盘
10:34:44,32.88,0.0,276,907387,买盘
10:34:46,32.91,0.03,152,499853,买盘
10:34:50,32.88,-0.03,155,509608,中性盘
10:34:52,32.88,0.0,192,631732,买盘
10:34:56,32.89,0.01,336,1104104,买盘
10:34:59,32.89,0.0,33,108527,买盘
10:35:02,32.9,0.01,141,463789,买盘
10:35:05,32.89,-0.01,17,55906,买盘
10:35:08,32.9,0.01,112,368382,买盘
10:35:10,32.9,0.0,78,256620,买盘
10:35:14,32.88,-0.02,240,789423,卖盘
10:35:17,32.88,0.0,76,249888,买盘
10:35:20,32.86,-0.02,49,161085,卖盘
10:35:22,32.86,0.0,105,345219,卖盘
10:35:26,32.86,0.0,355,1166458,卖盘
10:35:29,32.87,0.01,135,443659,买盘
10:35:31,32.88,0.01,180,591678,买盘
10:35:34,32.87,-0.01,359,1180353,中性盘
10:35:38,32.86,-0.01,128,420695,卖盘
10:35:41,32.86,0.0,117,384728,卖盘
10:35:44,32.88,0.02,934,3070522,中性盘
10:35:46,32.86,-0.02,166,545476,卖盘
10:35:50,32.87,0.01,146,480111,买盘
10:35:53,32.9,0.03,281,924453,买盘
10:35:55,32.9,0.0,22,72380,卖盘
10:35:59,32.9,0.0,33,108570,卖盘
10:36:02,32.9,0.0,465,1530275,卖盘
10:36:05,32.93,0.03,86,283105,买盘
10:36:08,32.9,-0.03,20,65805,卖盘
10:36:10,32.9,0.0,46,151345,卖盘
10:36:14,32.93,0.03,182,599159,买盘
10:36:16,32.93,0.0,112,368690,买盘
10:36:19,32.9,-0.03,10,32905,卖盘
10:36:23,32.9,0.0,72,237037,卖盘
10:36:25,32.9,0.0,493,1623939,卖盘
10:36:28,32.92,0.02,96,315999,中性盘
10:36:31,32.9,-0.02,535,1760585,卖盘
10:36:35,32.87,-0.03,85,279519,卖盘
10:36:37,32.86,-0.01,398,1308647,卖盘
10:36:41,32.9,0.04,35,115034,买盘
10:36:44,32.9,0.0,141,463686,买盘
10:36:47,32.9,0.0,386,1269570,买盘
10:36:50,32.91,0.01,202,664594,买盘
10:36:52,32.91,0.0,150,493491,买盘
10:36:56,32.88,-0.03,379,1246152,卖盘
10:36:58,32.88,0.0,132,433985,买盘
10:37:02,32.87,-0.01,130,427434,中性盘
10:37:05,32.86,-0.01,36,118342,卖盘
10:37:08,32.87,0.01,18,59157,买盘
10:37:11,32.88,0.01,216,710121,买盘
10:37:14,32.85,-0.03,523,1718633,卖盘
10:37:16,32.85,0.0,9,29560,买盘
10:37:20,32.84,-0.01,26,85408,卖盘
10:37:23,32.84,0.0,25,82110,卖盘
10:37:26,32.85,0.01,277,909940,买盘
10:37:29,32.83,-0.02,479,1573134,卖盘
10:37:32,32.85,0.02,1487,4881365,买盘
10:37:35,32.86,0.01,97,318710,买盘
10:37:38,32.81,-0.05,217,714551,卖盘
10:37:41,32.88,0.07,592,1943961,买盘
10:37:43,32.86,-0.02,114,374394,中性盘
10:37:47,32.85,-0.01,89,292323,卖盘
10:37:49,32.86,0.01,277,910206,中性盘
10:37:52,32.81,-0.05,98,321893,卖盘
10:37:56,32.81,0.0,77,252769,买盘
10:37:59,32.8,-0.01,106,347782,卖盘
10:38:02,32.86,0.06,541,1776440,买盘
10:38:04,32.8,-0.06,268,879207,卖盘
10:38:08,32.8,0.0,80,262416,卖盘
10:38:11,32.8,0.0,313,1026672,卖盘
10:38:14,32.79,-0.01,302,990534,卖盘
10:38:17,32.8,0.01,244,800175,买盘
10:38:20,32.8,0.0,188,616441,买盘
10:38:22,32.78,-0.02,327,1072362,买盘
10:38:26,32.77,-0.01,124,406570,卖盘
10:38:29,32.84,0.07,218,715108,买盘
10:38:32,32.82,-0.02,90,295191,中性盘
10:38:35,32.75,-0.07,283,927379,卖盘
10:38:37,32.85,0.1,178,584365,买盘
10:38:41,32.8,-0.05,18,59023,买盘
10:38:44,32.78,-0.02,140,459191,卖盘
10:38:47,32.77,-0.01,367,1203719,卖盘
10:38:50,32.78,0.01,48,157418,卖盘
10:38:53,32.85,0.07,232,761457,买盘
10:38:56,32.8,-0.05,9,29520,卖盘
10:38:59,32.78,-0.02,79,259097,卖盘
10:39:02,32.78,0.0,240,786870,买盘
10:39:05,32.8,0.02,50,163948,买盘
10:39:08,32.8,0.0,378,1238649,买盘
10:39:11,32.8,0.0,99,324710,买盘
10:39:14,32.78,-0.02,175,573866,卖盘
10:39:16,32.8,0.02,109,357369,买盘
10:39:19,32.8,0.0,309,1013386,买盘
10:39:23,32.82,0.02,35,114851,买盘
10:39:26,32.83,0.01,51,167371,买盘
10:39:29,32.8,-0.03,103,338128,卖盘
10:39:32,32.8,0.0,40,131301,卖盘
10:39:35,32.82,0.02,95,311828,中性盘
10:39:38,32.81,-0.01,24,78765,卖盘
10:39:41,32.82,0.01,117,383955,买盘
10:39:44,32.8,-0.02,522,1712364,卖盘
10:39:47,32.8,0.0,104,341186,卖盘
10:39:49,32.8,0.0,193,633335,卖盘
10:39:53,32.8,0.0,333,1092264,卖盘
10:39:55,32.83,0.03,175,574171,买盘
10:39:59,32.84,0.01,135,443299,买盘
10:40:01,32.82,-0.02,195,640437,卖盘
10:40:05,32.84,0.02,1424,4671389,买盘
10:40:08,32.84,0.0,67,219971,买盘
10:40:11,32.83,-0.01,483,1585598,卖盘
10:40:14,32.8,-0.03,906,2973923,卖盘
10:40:16,32.84,0.04,35,114873,买盘
10:40:20,32.8,-0.04,295,968214,卖盘
10:40:23,32.82,0.02,354,1162656,中性盘
10:40:26,32.82,0.0,635,2082892,买盘
10:40:28,32.83,0.01,291,955345,买盘
10:40:32,32.81,-0.02,465,1525342,卖盘
10:40:35,32.8,-0.01,702,2303909,卖盘
10:40:38,32.82,0.02,296,971655,中性盘
10:40:41,32.82,0.0,132,433418,卖盘
10:40:44,32.81,-0.01,79,259389,卖盘
10:40:46,32.81,0.0,340,1116860,卖盘
10:40:50,32.8,-0.01,76,249286,卖盘
10:40:53,32.83,0.03,122,400314,买盘
10:40:55,32.81,-0.02,16,52497,中性盘
10:40:59,32.8,-0.01,37,121380,卖盘
10:41:01,32.81,0.01,96,314934,买盘
10:41:05,32.8,-0.01,179,587130,卖盘
10:41:08,32.8,0.0,143,469046,卖盘
10:41:10,32.8,0.0,75,246037,卖盘
10:41:13,32.8,0.0,522,1713855,卖盘
10:41:17,32.83,0.03,478,1567855,买盘
10:41:20,32.81,-0.02,119,390590,卖盘
10:41:22,32.81,0.0,54,174254,卖盘
10:41:26,32.83,0.02,219,719358,买盘
10:41:28,32.82,-0.01,61,200201,中性盘
10:41:32,32.83,0.01,13,42679,中性盘
10:41:35,32.83,0.0,125,410488,买盘
10:41:38,32.84,0.01,186,610637,买盘
10:41:41,32.83,-0.01,85,279047,卖盘
10:41:44,32.83,0.0,68,223234,买盘
10:41:47,32.84,0.01,435,1427833,买盘
10:41:50,32.83,-0.01,96,315101,买盘
10:41:52,32.82,-0.01,83,272477,卖盘
10:41:56,32.82,0.0,13,42678,卖盘
10:41:59,32.84,0.02,159,522188,买盘
10:42:02,32.84,0.0,183,601117,卖盘
10:42:05,32.85,0.01,125,410601,买盘
10:42:08,32.85,0.0,29,95256,买盘
10:42:11,32.85,0.0,44,144519,买盘
10:42:14,32.85,0.0,83,272649,买盘
10:42:16,32.84,-0.01,34,111654,中性盘
10:42:20,32.84,0.0,22,72247,买盘
10:42:23,32.83,-0.01,116,381027,卖盘
10:42:26,32.84,0.01,20,65681,中性盘
10:42:29,32.84,0.0,133,436620,买盘
10:42:31,32.83,-0.01,69,226562,中性盘
10:42:35,32.84,0.01,75,246291,买盘
10:42:37,32.85,0.01,83,272605,买盘
10:42:41,32.84,-0.01,115,377659,中性盘
10:42:44,32.83,-0.01,35,114918,中性盘
10:42:46,32.85,0.02,361,1185096,买盘
10:42:50,32.83,-0.02,127,417021,卖盘
10:42:53,32.82,-0.01,84,275768,卖盘
10:42:56,32.81,-0.01,193,633397,卖盘
10:42:59,32.83,0.02,59,193676,买盘
10:43:02,32.85,0.02,136,446533,买盘
10:43:04,32.82,-0.03,182,597448,卖盘
10:43:08,32.83,0.01,49,160821,买盘
10:43:11,32.83,0.0,126,413932,买盘
10:43:13,32.85,0.02,28,91946,中性盘
10:43:16,32.85,0.0,96,317188,买盘
10:43:20,32.84,-0.01,110,361416,卖盘
10:43:22,32.86,0.02,77,252863,买盘
10:43:26,32.88,0.02,280,920415,买盘
10:43:29,32.88,0.0,29,95351,买盘
10:43:31,32.82,-0.06,196,644253,卖盘
10:43:35,32.86,0.04,126,414208,卖盘
10:43:38,32.84,-0.02,22,72288,卖盘
10:43:40,32.86,0.02,51,167586,买盘
10:43:43,32.86,0.0,114,374589,买盘
10:43:46,32.86,0.0,26,85436,买盘
10:43:50,32.85,-0.01,62,203771,卖盘
10:43:53,32.86,0.01,52,170924,中性盘
10:43:56,32.87,0.01,28,92015,买盘
10:43:59,32.86,-0.01,35,115064,卖盘
10:44:02,32.87,0.01,97,318934,中性盘
10:44:04,32.88,0.01,213,700493,买盘
10:44:08,32.89,0.01,84,274352,买盘
10:44:11,32.89,0.0,67,220413,卖盘
10:44:13,32.9,0.01,84,278224,买盘
10:44:16,32.89,-0.01,37,121692,中性盘
10:44:19,32.89,0.0,11,36181,卖盘
10:44:23,32.9,0.01,77,253291,买盘
10:44:26,32.88,-0.02,107,351914,卖盘
10:44:28,32.87,-0.01,100,328799,卖盘
10:44:31,32.88,0.01,91,299198,买盘
10:44:35,32.88,0.0,33,108500,买盘
10:44:37,32.88,0.0,124,407649,买盘
10:44:41,32.88,0.0,198,650969,买盘
10:44:43,32.89,0.01,71,233482,买盘
10:44:46,32.89,0.0,85,279540,买盘
10:44:50,32.86,-0.03,761,2501141,卖盘
10:44:52,32.88,0.02,36,118328,买盘
10:44:55,32.9,0.02,102,335480,买盘
10:44:59,32.89,-0.01,105,345266,买盘
10:45:01,32.9,0.01,304,1000064,买盘
10:45:05,32.89,-0.01,36,118375,中性盘
10:45:08,32.9,0.01,21,69067,买盘
10:45:10,32.89,-0.01,142,467168,中性盘
10:45:13,32.89,0.0,100,328892,买盘
10:45:17,32.89,0.0,42,138175,卖盘
10:45:20,32.89,0.0,49,161207,卖盘
10:45:22,32.89,0.0,93,305936,卖盘
10:45:25,32.9,0.01,60,197366,买盘
10:45:29,32.9,0.0,82,269726,买盘
10:45:31,32.89,-0.01,96,315807,卖盘
10:45:35,32.9,0.01,86,282921,买盘
10:45:38,32.89,-0.01,3,9867,中性盘
10:45:40,32.89,0.0,41,134849,买盘
10:45:43,32.89,0.0,60,197349,买盘
10:45:47,32.9,0.01,96,315708,买盘
10:45:49,32.88,-0.02,88,289424,卖盘
10:45:52,32.88,0.0,31,101928,买盘
10:45:58,32.88,0.0,42,138098,买盘
10:46:02,32.88,0.0,224,736512,卖盘
10:46:05,32.88,0.0,97,318930,买盘
10:46:07,32.88,0.0,49,161150,卖盘
10:46:10,32.92,0.04,1391,4576806,买盘
10:46:14,32.89,-0.03,223,733485,买盘
10:46:17,32.89,0.0,69,227044,卖盘
10:46:19,32.92,0.03,199,655816,买盘
10:46:22,32.92,0.0,422,1389627,卖盘
10:46:26,32.92,0.0,91,299645,卖盘
10:46:29,32.92,0.0,44,144841,买盘
10:46:32,32.93,0.01,204,671719,买盘
10:46:34,32.92,-0.01,135,444438,卖盘
10:46:37,32.92,0.0,337,1108658,买盘
10:46:40,32.92,0.0,8,26339,买盘
10:46:43,32.92,0.0,38,125093,卖盘
10:46:47,32.92,0.0,246,810043,买盘
10:46:49,32.94,0.02,282,928654,买盘
10:46:52,32.93,-0.01,99,326061,卖盘
10:46:56,32.94,0.01,175,576577,买盘
10:46:58,32.94,0.0,111,365680,卖盘
10:47:01,32.94,0.0,272,896236,卖盘
10:47:05,32.95,0.01,224,738038,买盘
10:47:07,32.94,-0.01,175,576607,卖盘
10:47:10,32.94,0.0,650,2141724,卖盘
10:47:14,32.95,0.01,257,846795,买盘
10:47:16,32.94,-0.01,72,237238,卖盘
10:47:19,32.95,0.01,302,995083,买盘
10:47:22,32.95,0.0,126,415125,买盘
10:47:25,32.95,0.0,146,481157,卖盘
10:47:28,32.96,0.01,236,777817,买盘
10:47:31,32.95,-0.01,101,332839,卖盘
10:47:34,32.97,0.02,189,622967,买盘
10:47:37,32.97,0.0,33,108798,买盘
10:47:40,32.96,-0.01,47,154923,卖盘
10:47:43,32.97,0.01,147,484647,买盘
10:47:46,32.97,0.0,49,161551,买盘
10:47:48,32.97,0.0,194,639604,买盘
10:47:51,32.98,0.01,303,998995,买盘
10:47:55,32.98,0.0,2386,7869023,买盘
10:47:58,32.99,0.01,2510,8280293,买盘
10:48:01,33.0,0.01,2341,7723031,买盘
10:48:04,32.99,-0.01,3388,11180366,中性盘
10:48:08,33.0,0.01,9488,31310382,买盘
10:48:10,33.02,0.02,804,2654199,买盘
10:48:13,33.02,0.0,253,835414,买盘
10:48:15,33.05,0.03,749,2474443,买盘
10:48:19,33.06,0.01,355,1173218,买盘
10:48:23,33.08,0.02,152,502603,买盘
10:48:25,33.08,0.0,647,2140172,买盘
10:48:28,33.09,0.01,708,2342546,买盘
10:48:32,33.09,0.0,827,2736841,买盘
10:48:35,33.09,0.0,838,2773477,卖盘
10:48:37,33.1,0.01,472,1562175,买盘
10:48:40,33.1,0.0,1165,3857441,卖盘
10:48:44,33.09,-0.01,263,870244,中性盘
10:48:45,33.13,0.04,255,844292,买盘
10:48:49,33.11,-0.02,688,2278856,卖盘
10:48:52,33.1,-0.01,144,476639,卖盘
10:48:55,33.1,0.0,151,500035,买盘
10:48:58,33.1,0.0,195,645299,买盘
10:49:01,33.12,0.02,1423,4714180,买盘
10:49:04,33.14,0.02,383,1268870,买盘
10:49:07,33.14,0.0,397,1315787,卖盘
10:49:11,33.16,0.02,597,1979076,买盘
10:49:13,33.16,0.0,189,626525,买盘
10:49:16,33.13,-0.03,271,898197,卖盘
10:49:19,33.13,0.0,333,1103504,卖盘
10:49:22,33.09,-0.04,707,2341058,卖盘
10:49:25,33.09,0.0,260,860311,买盘
10:49:28,33.0,-0.09,704,2327002,卖盘
10:49:31,33.0,0.0,544,1796052,买盘
10:49:33,33.09,0.09,288,952901,买盘
10:49:36,33.09,0.0,47,155568,卖盘
10:49:41,33.1,0.01,176,582490,卖盘
10:49:43,33.12,0.02,117,387311,买盘
10:49:46,33.11,-0.01,256,847367,卖盘
10:49:48,33.08,-0.03,225,744974,卖盘
10:49:52,33.14,0.06,412,1364920,买盘
10:49:55,33.11,-0.03,432,1431493,卖盘
10:49:58,33.15,0.04,394,1305023,买盘
10:50:01,33.14,-0.01,199,659618,中性盘
10:50:04,33.11,-0.03,154,510326,卖盘
10:50:07,33.1,-0.01,321,1063428,卖盘
10:50:10,33.1,0.0,482,1597367,卖盘
10:50:14,33.1,0.0,96,317997,卖盘
10:50:16,33.13,0.03,284,940840,买盘
10:50:18,33.11,-0.02,160,530042,卖盘
10:50:22,33.13,0.02,301,996736,买盘
10:50:25,33.11,-0.02,11,36411,中性盘
10:50:28,33.1,-0.01,225,744902,卖盘
10:50:31,33.13,0.03,238,788393,买盘
10:50:34,33.1,-0.03,241,798258,卖盘
10:50:37,33.13,0.03,155,513418,买盘
10:50:40,33.11,-0.02,169,559761,卖盘
10:50:43,33.09,-0.02,107,354228,卖盘
10:50:46,33.1,0.01,23,76121,买盘
10:50:49,33.04,-0.06,3,9916,卖盘
10:50:52,33.03,-0.01,16,52925,卖盘
10:50:55,33.03,0.0,42,138972,卖盘
10:50:58,33.04,0.01,14,46256,买盘
10:51:01,33.04,0.0,46,152080,卖盘
10:51:04,33.04,0.0,114,376514,买盘
10:51:07,33.09,0.05,58,191819,买盘
10:51:10,33.09,0.0,84,277932,买盘
10:51:13,33.04,-0.05,223,738005,卖盘
10:51:16,33.03,-0.01,57,188610,卖盘
10:51:19,33.03,0.0,43,142128,卖盘
10:51:22,33.03,0.0,52,171822,卖盘
10:51:25,33.08,0.05,190,628668,中性盘
10:51:29,33.08,0.0,125,413392,买盘
10:51:31,33.09,0.01,248,820216,买盘
10:51:34,33.09,0.0,31,102571,买盘
10:51:38,33.09,0.0,55,181945,买盘
10:51:40,33.09,0.0,207,684951,买盘
10:51:43,33.09,0.0,187,618861,买盘
10:51:45,33.1,0.01,82,271385,买盘
10:51:49,33.1,0.0,279,923470,买盘
10:51:52,33.1,0.0,72,238307,买盘
10:51:54,33.1,0.0,103,340913,买盘
10:51:58,33.09,-0.01,161,532794,卖盘
10:52:01,33.1,0.01,81,268092,买盘
10:52:04,33.1,0.0,184,609021,买盘
10:52:07,33.1,0.0,152,502994,买盘
10:52:10,33.09,-0.01,69,228350,卖盘
10:52:13,33.1,0.01,134,443529,买盘
10:52:16,33.1,0.0,47,155546,买盘
10:52:18,33.1,0.0,96,317735,买盘
10:52:22,33.09,-0.01,530,1754280,卖盘
10:52:25,33.1,0.01,52,172087,买盘
10:52:28,33.09,-0.01,78,258178,卖盘
10:52:31,33.09,0.0,222,734790,卖盘
10:52:34,33.09,0.0,50,165475,卖盘
10:52:37,33.1,0.01,190,628853,买盘
10:52:40,33.05,-0.05,264,872915,卖盘
10:52:43,33.09,0.04,142,469805,买盘
10:52:46,33.04,-0.05,24,79321,卖盘
10:52:49,33.09,0.05,77,254795,买盘
10:52:52,33.09,0.0,580,1916382,买盘
10:52:55,33.06,-0.03,27,89340,中性盘
10:52:58,33.09,0.03,25,82635,买盘
10:53:01,33.09,0.0,169,559298,买盘
10:53:04,33.09,0.0,56,185123,买盘
10:53:07,33.09,0.0,69,228138,买盘
10:53:10,33.09,0.0,36,119132,买盘
10:53:13,33.09,0.0,53,175390,卖盘
10:53:15,33.09,0.0,104,344160,卖盘
10:53:19,33.09,0.0,15,49647,卖盘
10:53:22,33.1,0.01,128,423613,买盘
10:53:25,33.09,-0.01,433,1432928,卖盘
10:53:28,33.11,0.02,305,1009329,买盘
10:53:31,33.11,0.0,208,688962,买盘
10:53:34,33.11,0.0,299,989719,卖盘
10:53:37,33.1,-0.01,201,665643,卖盘
10:53:40,33.12,0.02,332,1099714,买盘
10:53:43,33.12,0.0,88,291444,买盘
10:53:46,33.12,0.0,223,738577,卖盘
10:53:48,33.11,-0.01,351,1162721,卖盘
10:53:52,33.12,0.01,156,516656,买盘
10:53:55,33.12,0.0,536,1775235,卖盘
10:53:58,33.12,0.0,159,526572,买盘
10:54:01,33.11,-0.01,113,374198,卖盘
10:54:04,33.12,0.01,348,1151849,买盘
10:54:07,33.11,-0.01,157,519610,卖盘
10:54:10,33.1,-0.01,186,615618,中性盘
10:54:13,33.1,0.0,185,612179,买盘
10:54:16,33.06,-0.04,73,241487,中性盘
10:54:20,33.1,0.04,41,135606,买盘
10:54:22,33.1,0.0,128,423554,买盘
10:54:25,33.1,0.0,32,105896,买盘
10:54:29,33.06,-0.04,61,201880,卖盘
10:54:31,33.06,0.0,19,62867,卖盘
10:54:33,33.1,0.04,108,357444,买盘
10:54:37,33.1,0.0,120,396646,买盘
10:54:40,33.1,0.0,293,969203,买盘
10:54:43,33.09,-0.01,87,287801,买盘
10:54:46,33.06,-0.03,135,446336,卖盘
10:54:49,33.06,0.0,96,317114,买盘
10:54:53,33.01,-0.05,169,558544,卖盘
10:54:55,33.06,0.05,55,181932,买盘
10:54:58,33.06,0.0,35,115743,卖盘
10:55:00,33.09,0.03,157,519283,买盘
10:55:04,33.06,-0.03,44,145560,卖盘
10:55:07,33.08,0.02,36,119054,买盘
10:55:10,33.08,0.0,65,215025,买盘
10:55:13,33.08,0.0,200,661558,卖盘
10:55:16,33.1,0.02,324,1071835,买盘
10:55:19,33.02,-0.08,67,221718,卖盘
10:55:22,33.02,0.0,17,56146,中性盘
10:55:25,33.07,0.05,208,687817,买盘
10:55:27,33.07,0.0,65,215081,买盘
10:55:31,33.08,0.01,58,191864,买盘
10:55:34,33.09,0.01,80,264775,买盘
10:55:36,33.08,-0.01,186,615596,卖盘
10:55:40,33.1,0.02,132,436697,买盘
10:55:43,33.1,0.0,67,221758,买盘
10:55:46,33.09,-0.01,30,99265,中性盘
10:55:49,33.09,0.0,84,277949,买盘
10:55:52,33.09,0.0,33,109182,买盘
10:55:55,33.08,-0.01,98,324206,卖盘
10:55:58,33.08,0.0,90,297720,买盘
10:56:01,33.08,0.0,219,724447,买盘
10:56:04,33.07,-0.01,167,552417,卖盘
10:56:07,33.07,0.0,68,224928,卖盘
10:56:10,33.08,0.01,50,165387,买盘
10:56:12,33.09,0.01,170,562393,买盘
10:56:16,33.09,0.0,36,119112,买盘
10:56:19,33.08,-0.01,20,66165,中性盘
10:56:22,33.06,-0.02,53,175292,卖盘
10:56:26,33.08,0.02,64,211600,买盘
10:56:28,33.08,0.0,33,109139,买盘
10:56:31,33.06,-0.02,34,112437,中性盘
10:56:34,33.08,0.02,60,198399,买盘
10:56:37,33.08,0.0,73,241433,买盘
10:56:40,33.05,-0.03,84,277704,卖盘
10:56:43,33.08,0.03,57,188447,买盘
10:56:45,33.05,-0.03,88,291024,卖盘
10:56:49,33.07,0.02,56,185186,中性盘
10:56:52,33.08,0.01,68,224935,买盘
10:56:55,33.05,-0.03,35,115730,卖盘
10:56:58,33.08,0.03,266,879774,买盘
10:57:02,33.06,-0.02,682,2256360,中性盘
10:57:04,33.07,0.01,217,718014,中性盘
10:57:07,33.06,-0.01,29,95874,买盘
10:57:10,33.07,0.01,232,767476,买盘
10:57:13,33.06,-0.01,81,267913,卖盘
10:57:16,33.08,0.02,126,416750,买盘
10:57:19,33.08,0.0,44,145489,买盘
10:57:22,33.08,0.0,81,267974,卖盘
10:57:25,33.08,0.0,148,489652,卖盘
10:57:28,33.09,0.01,201,664972,买盘
10:57:31,33.08,-0.01,10,33080,卖盘
10:57:34,33.08,0.0,151,499647,卖盘
10:57:37,33.08,0.0,46,152180,卖盘
10:57:40,33.11,0.03,1260,4170566,买盘
10:57:43,33.1,-0.01,326,1079083,卖盘
10:57:45,33.08,-0.02,59,195201,卖盘
10:57:48,33.1,0.02,1020,3376503,买盘
10:57:52,33.11,0.01,384,1271088,买盘
10:57:54,33.1,-0.01,270,893837,卖盘
10:57:58,33.1,0.0,421,1393838,卖盘
10:58:01,33.1,0.0,294,973353,卖盘
10:58:04,33.11,0.01,430,1423581,买盘
10:58:06,33.11,0.0,140,463481,买盘
10:58:09,33.11,0.0,130,430375,买盘
10:58:13,33.12,0.01,260,861023,买盘
10:58:16,33.1,-0.02,32,105940,卖盘
10:58:19,33.12,0.02,41,135731,买盘
10:58:21,33.1,-0.02,211,698690,卖盘
10:58:25,33.09,-0.01,119,393833,卖盘
10:58:28,33.09,0.0,214,708138,卖盘
10:58:31,33.08,-0.01,209,691324,卖盘
10:58:34,33.07,-0.01,98,324043,卖盘
10:58:37,33.09,0.02,227,750475,买盘
10:58:39,33.06,-0.03,83,274396,中性盘
10:58:43,33.05,-0.01,28,92544,卖盘
10:58:46,33.08,0.03,109,360516,买盘
10:58:49,33.08,0.0,36,119088,卖盘
10:58:52,33.09,0.01,142,469840,买盘
10:58:55,33.06,-0.03,66,218270,卖盘
10:58:59,33.08,0.02,32,105812,买盘
10:59:01,33.05,-0.03,70,231525,卖盘
10:59:04,33.08,0.03,14,46305,买盘
10:59:07,33.08,0.0,190,628542,买盘
10:59:10,33.05,-0.03,139,459521,卖盘
10:59:13,33.05,0.0,42,140441,买盘
10:59:16,33.08,0.03,118,390248,买盘
10:59:19,33.05,-0.03,16,51201,卖盘
10:59:22,33.02,-0.03,5,16513,卖盘
10:59:25,33.08,0.06,94,310646,买盘
10:59:28,33.02,-0.06,11,36325,卖盘
10:59:30,33.02,0.0,58,191563,卖盘
10:59:34,33.05,0.03,67,221331,买盘
10:59:37,33.05,0.0,32,105718,买盘
10:59:39,33.07,0.02,44,145372,买盘
10:59:42,33.02,-0.05,9,29713,中性盘
10:59:46,33.06,0.04,88,290883,买盘
10:59:49,33.0,-0.06,918,3030349,卖盘
10:59:52,33.02,0.02,93,307101,中性盘
10:59:55,33.07,0.05,315,1041398,买盘
10:59:58,33.02,-0.05,223,737485,卖盘
11:00:01,33.06,0.04,171,564646,中性盘
11:00:05,33.07,0.01,99,327242,买盘
11:00:08,33.04,-0.03,24,79273,中性盘
11:00:09,33.03,-0.01,32,105700,卖盘
11:00:13,33.09,0.06,117,386910,买盘
11:00:16,33.07,-0.02,16,52881,买盘
11:00:20,33.03,-0.04,59,194970,卖盘
11:00:23,33.03,0.0,54,178557,卖盘
11:00:26,33.04,0.01,65,214967,中性盘
11:00:29,33.07,0.03,58,191784,买盘
11:00:31,33.06,-0.01,23,76050,卖盘
11:00:33,33.07,0.01,67,221483,买盘
11:00:37,33.06,-0.01,40,132267,卖盘
11:00:40,33.07,0.01,71,234673,中性盘
11:00:43,33.08,0.01,39,128973,买盘
11:00:46,33.04,-0.04,79,261232,卖盘
11:00:49,33.04,0.0,23,76016,卖盘
11:00:53,33.07,0.03,26,85955,买盘
11:00:54,33.07,0.0,2,6614,买盘
11:00:59,33.08,0.01,222,734456,买盘
11:01:00,33.06,-0.02,57,188572,卖盘
11:01:03,33.08,0.02,28,92613,买盘
11:01:07,33.08,0.0,22,72776,卖盘
11:01:09,33.08,0.0,96,317625,卖盘
11:01:13,33.08,0.0,65,215019,买盘
11:01:16,33.08,0.0,42,138922,买盘
11:01:20,33.07,-0.01,22,72771,卖盘
11:01:23,33.07,0.0,14,46298,卖盘
11:01:26,33.08,0.01,135,446473,买盘
11:01:29,33.07,-0.01,95,314205,卖盘
11:01:31,33.07,0.0,45,148828,卖盘
11:01:34,33.07,0.0,57,188546,卖盘
11:01:36,33.08,0.01,76,251398,买盘
11:01:40,33.07,-0.01,7,23149,卖盘
11:01:43,33.07,0.0,98,324164,卖盘
11:01:46,33.08,0.01,68,224890,买盘
11:01:50,33.08,0.0,23,76078,买盘
11:01:53,33.07,-0.01,20,66146,卖盘
11:01:56,33.07,0.0,34,112468,卖盘
11:01:58,33.07,0.0,80,264620,卖盘
11:02:00,33.07,0.0,63,208341,卖盘
11:02:05,33.08,0.01,177,585404,买盘
11:02:08,33.07,-0.01,52,172004,卖盘
11:02:11,33.07,0.0,16,52921,卖盘
11:02:13,33.08,0.01,113,373740,买盘
11:02:17,33.07,-0.01,32,105831,卖盘
11:02:20,33.08,0.01,67,221611,买盘
11:02:22,33.07,-0.01,80,264597,卖盘
11:02:26,33.07,0.0,13,42991,卖盘
11:02:29,33.07,0.0,123,406763,卖盘
11:02:32,33.07,0.0,132,436558,卖盘
11:02:35,33.07,0.0,35,115745,卖盘
11:02:38,33.08,0.01,61,201754,买盘
11:02:41,33.07,-0.01,125,413430,卖盘
11:02:43,33.07,0.0,139,460732,卖盘
11:02:47,33.08,0.01,124,409050,买盘
11:02:50,33.09,0.01,505,1670580,买盘
11:02:53,33.07,-0.02,31,102517,卖盘
11:02:54,33.07,0.0,191,631909,卖盘
11:02:58,33.07,0.0,11,36381,卖盘
11:03:00,33.1,0.03,196,648695,买盘
11:03:05,33.08,-0.02,125,413678,中性盘
11:03:08,33.08,0.0,108,357197,卖盘
11:03:11,33.1,0.02,53,175419,买盘
11:03:14,33.08,-0.02,20,66174,卖盘
11:03:17,33.1,0.02,25,82744,买盘
11:03:20,33.09,-0.01,69,228380,卖盘
11:03:23,33.09,0.0,60,198554,卖盘
11:03:25,33.1,0.01,57,188645,买盘
11:03:27,33.09,-0.01,175,579228,卖盘
11:03:32,33.1,0.01,97,321060,买盘
11:03:35,33.1,0.0,250,827496,买盘
11:03:38,33.1,0.0,66,218406,买盘
11:03:41,33.11,0.01,286,945366,买盘
11:03:43,33.1,-0.01,154,509875,卖盘
11:03:47,33.11,0.01,777,2573420,买盘
11:03:50,33.12,0.01,94,311396,买盘
11:03:53,33.13,0.01,35,115931,买盘
11:03:55,33.12,-0.01,47,155691,卖盘
11:03:59,33.12,0.0,215,712286,卖盘
11:04:02,33.13,0.01,49,162330,买盘
11:04:05,33.13,0.0,84,278278,买盘
11:04:08,33.13,0.0,121,400934,卖盘
11:04:10,33.13,0.0,1655,5485578,卖盘
11:04:14,33.13,0.0,451,1495097,卖盘
11:04:17,33.14,0.01,79,261855,中性盘
11:04:20,33.16,0.02,101,334867,买盘
11:04:23,33.16,0.0,499,1654668,买盘
11:04:25,33.16,0.0,64,212206,买盘
11:04:29,33.16,0.0,94,311662,买盘
11:04:32,33.17,0.01,177,587029,买盘
11:04:33,33.17,0.0,410,1360330,买盘
11:04:36,33.18,0.01,501,1661777,买盘
11:04:41,33.17,-0.01,12,39805,卖盘
11:04:44,33.18,0.01,28,92896,买盘
11:04:46,33.17,-0.01,207,686838,卖盘
11:04:50,33.18,0.01,157,520794,买盘
11:04:52,33.18,0.0,65,215676,卖盘
11:04:56,33.19,0.01,869,2884203,买盘
11:04:59,33.19,0.0,78,258862,买盘
11:05:00,33.2,0.01,354,1175050,买盘
11:05:05,33.2,0.0,2395,7951236,买盘
11:05:06,33.21,0.01,267,886613,买盘
11:05:10,33.21,0.0,429,1424550,买盘
11:05:14,33.22,0.01,25,83041,买盘
11:05:16,33.21,-0.01,78,259064,卖盘
11:05:20,33.25,0.04,392,1302823,买盘
11:05:23,33.24,-0.01,354,1176825,卖盘
11:05:26,33.24,0.0,49,162923,卖盘
11:05:29,33.24,0.0,201,668240,卖盘
11:05:32,33.26,0.02,303,1007700,买盘
11:05:33,33.26,0.0,339,1127796,卖盘
11:05:38,33.28,0.02,130,432625,买盘
11:05:41,33.25,-0.03,404,1343662,卖盘
11:05:44,33.25,0.0,452,1502839,买盘
11:05:47,33.25,0.0,169,561864,买盘
11:05:50,33.28,0.03,2069,6886772,买盘
11:05:52,33.28,0.0,147,489251,卖盘
11:05:56,33.28,0.0,128,426166,卖盘
11:05:59,33.32,0.04,458,1525367,买盘
11:06:02,33.29,-0.03,412,1372618,卖盘
11:06:05,33.29,0.0,361,1201260,卖盘
11:06:06,33.27,-0.02,278,925518,中性盘
11:06:11,33.29,0.02,49,163121,买盘
11:06:14,33.32,0.03,970,3230468,买盘
11:06:17,33.28,-0.04,36,119894,卖盘
11:06:20,33.32,0.04,125,416279,买盘
11:06:23,33.29,-0.03,275,916445,卖盘
11:06:25,33.29,0.0,72,239878,卖盘
11:06:29,33.3,0.01,24,79917,买盘
11:06:31,33.29,-0.01,217,722672,卖盘
11:06:35,33.29,0.0,44,146485,卖盘
11:06:38,33.32,0.03,128,426231,买盘
11:06:41,33.3,-0.02,78,259631,中性盘
11:06:42,33.29,-0.01,109,362972,卖盘
11:06:47,33.29,0.0,178,592562,买盘
11:06:48,33.29,0.0,404,1344522,买盘
11:06:53,33.28,-0.01,103,342826,卖盘
11:06:55,33.29,0.01,85,282965,买盘
11:06:58,33.28,-0.01,132,439307,卖盘
11:07:02,33.29,0.01,339,1128474,买盘
11:07:05,33.29,0.0,87,289583,买盘
11:07:07,33.29,0.0,69,229681,买盘
11:07:11,33.28,-0.01,209,695743,卖盘
11:07:14,33.29,0.01,247,821860,买盘
11:07:17,33.27,-0.02,532,1770098,卖盘
11:07:20,33.27,0.0,93,309511,买盘
11:07:22,33.26,-0.01,5,16663,卖盘
11:07:26,33.27,0.01,231,768703,买盘
11:07:29,33.26,-0.01,68,226218,卖盘
11:07:32,33.27,0.01,71,236287,买盘
11:07:34,33.27,0.0,513,1708567,买盘
11:07:38,33.27,0.0,34,113118,卖盘
11:07:41,33.27,0.0,173,575571,卖盘
11:07:44,33.26,-0.01,815,2709587,卖盘
11:07:47,33.26,0.0,7,23282,买盘
11:07:50,33.25,-0.01,146,485570,卖盘
11:07:53,33.25,0.0,232,771603,卖盘
11:07:55,33.26,0.01,43,142978,买盘
11:07:59,33.25,-0.01,349,1160496,卖盘
11:08:02,33.25,0.0,208,691600,买盘
11:08:05,33.25,0.0,51,169572,买盘
11:08:08,33.25,0.0,160,531999,买盘
11:08:11,33.25,0.0,13,43219,买盘
11:08:14,33.24,-0.01,138,458837,卖盘
11:08:17,33.24,0.0,341,1133727,卖盘
11:08:18,33.25,0.01,19,63174,买盘
11:08:23,33.25,0.0,369,1226891,买盘
11:08:26,33.24,-0.01,157,521942,卖盘
11:08:29,33.24,0.0,141,468698,卖盘
11:08:31,33.24,0.0,691,2297987,卖盘
11:08:35,33.24,0.0,24,79792,卖盘
11:08:38,33.25,0.01,57,189508,买盘
11:08:40,33.25,0.0,352,1172915,买盘
11:08:44,33.26,0.01,28,93114,卖盘
11:08:47,33.28,0.02,137,455748,买盘
11:08:50,33.24,-0.04,183,608677,卖盘
11:08:53,33.25,0.01,46,152985,中性盘
11:08:56,33.25,0.0,37,123127,卖盘
11:08:59,33.25,0.0,57,189610,卖盘
11:09:02,33.26,0.01,8,26602,中性盘
11:09:05,33.25,-0.01,62,206234,卖盘
11:09:08,33.25,0.0,27,89777,卖盘
11:09:11,33.26,0.01,42,139721,买盘
11:09:14,33.25,-0.01,31,103087,卖盘
11:09:17,33.25,0.0,60,199536,卖盘
11:09:20,33.27,0.02,119,395849,买盘
11:09:23,33.26,-0.01,34,113141,中性盘
11:09:25,33.26,0.0,26,86476,卖盘
11:09:29,33.26,0.0,95,316017,卖盘
11:09:32,33.26,0.0,356,1184478,卖盘
11:09:35,33.27,0.01,201,668629,买盘
11:09:38,33.29,0.02,91,302830,买盘
11:09:40,33.25,-0.04,320,1064002,卖盘
11:09:44,33.3,0.05,168,559223,买盘
11:09:47,33.25,-0.05,6,19954,卖盘
11:09:49,33.28,0.03,14,46590,买盘
11:09:53,33.28,0.0,136,452857,卖盘
11:09:55,33.29,0.01,33,109830,买盘
11:09:59,33.29,0.0,36,119814,买盘
11:10:01,33.28,-0.01,61,203019,卖盘
11:10:05,33.28,0.0,113,376124,卖盘
11:10:08,33.3,0.02,935,3113520,买盘
11:10:11,33.29,-0.01,372,1238743,中性盘
11:10:14,33.29,0.0,28,93212,卖盘
11:10:16,33.3,0.01,305,1016034,买盘
11:10:19,33.3,0.0,173,576293,卖盘
11:10:23,33.32,0.02,174,579732,买盘
11:10:25,33.29,-0.03,302,1005613,卖盘
11:10:29,33.29,0.0,185,615863,买盘
11:10:32,33.29,0.0,326,1085254,买盘
11:10:35,33.32,0.03,418,1391706,买盘
11:10:38,33.32,0.0,70,233223,买盘
11:10:41,33.32,0.0,163,543097,买盘
11:10:42,33.33,0.01,147,489821,买盘
11:10:47,33.33,0.0,195,649912,买盘
11:10:50,33.33,0.0,11,36653,买盘
11:10:53,33.33,0.0,517,1723176,买盘
11:10:56,33.33,0.0,191,636734,卖盘
11:10:59,33.33,0.0,85,283380,卖盘
11:11:02,33.33,0.0,476,1586970,卖盘
11:11:05,33.32,-0.01,1586,5288014,卖盘
11:11:08,33.32,0.0,408,1359456,买盘
11:11:10,33.36,0.04,278,926789,买盘
11:11:14,33.34,-0.02,45,150033,买盘
11:11:17,33.34,0.0,12,40008,卖盘
11:11:20,33.37,0.03,722,2408862,买盘
11:11:23,33.36,-0.01,48,160188,卖盘
11:11:25,33.36,0.0,2,6672,卖盘
11:11:29,33.36,0.0,517,1725362,卖盘
11:11:32,33.36,0.0,298,994093,卖盘
11:11:35,33.36,0.0,279,930743,买盘
11:11:37,33.34,-0.02,200,667067,卖盘
11:11:41,33.35,0.01,4,13339,买盘
11:11:42,33.36,0.01,396,1320905,买盘
11:11:46,33.35,-0.01,245,817291,中性盘
11:11:50,33.34,-0.01,686,2287864,卖盘
11:11:53,33.33,-0.01,389,1296921,卖盘
11:11:56,33.32,-0.01,292,972965,卖盘
11:11:59,33.33,0.01,360,1199624,买盘
11:12:02,33.32,-0.01,58,193289,中性盘
11:12:05,33.33,0.01,25,83316,买盘
11:12:08,33.33,0.0,237,790125,买盘
11:12:11,33.33,0.0,265,883467,卖盘
11:12:14,33.34,0.01,1599,5327678,买盘
11:12:17,33.35,0.01,252,840133,买盘
11:12:20,33.35,0.0,113,376924,卖盘
11:12:23,33.36,0.01,116,386907,买盘
11:12:25,33.36,0.0,59,196879,卖盘
11:12:29,33.37,0.01,164,547223,买盘
11:12:32,33.37,0.0,172,574018,买盘
11:12:35,33.38,0.01,885,2953992,买盘
11:12:38,33.38,0.0,194,647564,买盘
11:12:40,33.38,0.0,143,477393,卖盘
11:12:42,33.38,0.0,83,277055,卖盘
11:12:47,33.4,0.02,323,1078510,买盘
11:12:49,33.4,0.0,279,931845,买盘
11:12:52,33.4,0.0,349,1165616,买盘
11:12:56,33.39,-0.01,124,414155,卖盘
11:12:59,33.42,0.03,340,1136173,买盘
11:13:02,33.41,-0.01,239,798691,卖盘
11:13:05,33.44,0.03,255,852283,买盘
11:13:08,33.4,-0.04,775,2589072,卖盘
11:13:10,33.4,0.0,309,1032045,买盘
11:13:14,33.42,0.02,152,507643,买盘
11:13:16,33.45,0.03,292,975737,买盘
11:13:19,33.43,-0.02,113,378629,卖盘
11:13:23,33.45,0.02,225,752234,买盘
11:13:26,33.43,-0.02,32,106950,中性盘
11:13:28,33.4,-0.03,548,1830410,卖盘
11:13:32,33.39,-0.01,175,584414,卖盘
11:13:35,33.4,0.01,299,998547,买盘
11:13:38,33.39,-0.01,161,537637,卖盘
11:13:41,33.4,0.01,649,2167846,买盘
11:13:44,33.45,0.05,240,802660,买盘
11:13:47,33.45,0.0,182,608692,买盘
11:13:50,33.44,-0.01,191,638790,中性盘
11:13:53,33.44,0.0,156,521767,卖盘
11:13:56,33.44,0.0,339,1133886,卖盘
11:13:59,33.44,0.0,95,317704,卖盘
11:14:02,33.44,0.0,234,782696,卖盘
11:14:05,33.44,0.0,839,2807715,卖盘
11:14:08,33.45,0.01,13,43485,买盘
11:14:10,33.45,0.0,93,311055,买盘
11:14:14,33.48,0.03,59,197406,买盘
11:14:17,33.48,0.0,101,338112,买盘
11:14:20,33.45,-0.03,127,425207,卖盘
11:14:23,33.45,0.0,76,254368,卖盘
11:14:26,33.45,0.0,238,796411,卖盘
11:14:29,33.48,0.03,135,451980,买盘
11:14:32,33.49,0.01,195,652899,买盘
11:14:35,33.47,-0.02,184,615853,卖盘
11:14:38,33.45,-0.02,1314,4400237,卖盘
11:14:40,33.5,0.05,879,2942670,买盘
11:14:44,33.47,-0.03,18,60237,中性盘
11:14:46,33.44,-0.03,91,304504,卖盘
11:14:50,33.47,0.03,534,1787875,买盘
11:14:53,33.5,0.03,1065,3567678,买盘
11:14:56,33.47,-0.03,935,3132167,卖盘
11:14:59,33.49,0.02,55,184229,买盘
11:15:02,33.47,-0.02,130,435444,卖盘
11:15:05,33.47,0.0,1113,3727891,卖盘
11:15:07,33.47,0.0,89,297982,卖盘
11:15:11,33.47,0.0,45,150623,买盘
11:15:14,33.47,0.0,23,76981,卖盘
11:15:16,33.46,-0.01,54,180696,卖盘
11:15:20,33.45,-0.01,228,762718,卖盘
11:15:23,33.43,-0.02,247,826095,卖盘
11:15:25,33.45,0.02,16,53520,买盘
11:15:29,33.43,-0.02,123,411310,卖盘
11:15:32,33.44,0.01,235,785664,买盘
11:15:35,33.43,-0.01,214,715403,卖盘
11:15:38,33.46,0.03,1346,4502841,买盘
11:15:40,33.43,-0.03,507,1695960,卖盘
11:15:44,33.43,0.0,52,173853,卖盘
11:15:47,33.44,0.01,20,66873,买盘
11:15:50,33.43,-0.01,209,698705,卖盘
11:15:52,33.44,0.01,102,341014,买盘
11:15:56,33.43,-0.01,163,544952,卖盘
11:15:58,33.43,0.0,828,2768681,卖盘
11:16:02,33.43,0.0,393,1314681,卖盘
11:16:05,33.43,0.0,98,327614,卖盘
11:16:08,33.43,0.0,44,147092,买盘
11:16:10,33.43,0.0,37,123691,买盘
11:16:14,33.42,-0.01,99,330782,卖盘
11:16:17,33.42,0.0,26,86892,买盘
11:16:20,33.37,-0.05,1822,6090545,卖盘
11:16:23,33.36,-0.01,377,1258036,卖盘
11:16:26,33.36,0.0,192,640547,卖盘
11:16:29,33.36,0.0,10,33361,卖盘
11:16:32,33.36,0.0,11,36696,卖盘
11:16:35,33.36,0.0,79,263553,卖盘
11:16:37,33.36,0.0,275,917400,卖盘
11:16:41,33.36,0.0,82,273486,买盘
11:16:44,33.35,-0.01,326,1087217,卖盘
11:16:47,33.34,-0.01,107,356842,卖盘
11:16:50,33.33,-0.01,81,270094,卖盘
11:16:53,33.33,0.0,36,119989,卖盘
11:16:59,33.32,-0.01,16,53304,中性盘
11:17:02,33.33,0.01,177,589710,买盘
11:17:05,33.32,-0.01,134,446362,中性盘
11:17:08,33.3,-0.02,4,13321,卖盘
11:17:11,33.3,0.0,286,952434,卖盘
11:17:14,33.31,0.01,24,79925,买盘
11:17:17,33.29,-0.02,64,213121,卖盘
11:17:20,33.3,0.01,38,126529,买盘
11:17:23,33.29,-0.01,42,139822,卖盘
11:17:26,33.29,0.0,58,193085,卖盘
11:17:29,33.29,0.0,167,555832,买盘
11:17:32,33.28,-0.01,37,123136,卖盘
11:17:34,33.28,0.0,133,442624,卖盘
11:17:38,33.27,-0.01,52,173052,卖盘
11:17:41,33.28,0.01,33,109824,买盘
11:17:44,33.26,-0.02,93,309439,卖盘
11:17:46,33.26,0.0,170,565856,卖盘
11:17:50,33.27,0.01,80,266155,买盘
11:17:53,33.29,0.02,82,272907,买盘
11:17:56,33.26,-0.03,66,219577,卖盘
11:17:58,33.28,0.02,222,738597,买盘
11:18:02,33.28,0.0,116,386078,买盘
11:18:05,33.28,0.0,120,399371,买盘
11:18:08,33.29,0.01,752,2502364,买盘
11:18:11,33.28,-0.01,301,1002083,卖盘
11:18:14,33.28,0.0,92,306308,卖盘
11:18:16,33.26,-0.02,251,835540,卖盘
11:18:19,33.3,0.04,91,302819,买盘
11:18:23,33.28,-0.02,23,76548,卖盘
11:18:26,33.29,0.01,63,209683,买盘
11:18:29,33.29,0.0,62,206394,卖盘
11:18:31,33.28,-0.01,104,345973,中性盘
11:18:35,33.28,0.0,46,153046,买盘
11:18:38,33.27,-0.01,60,199609,卖盘
11:18:41,33.27,0.0,31,103137,买盘
11:18:44,33.27,0.0,18,59883,买盘
11:18:47,33.29,0.02,581,1933143,买盘
11:18:50,33.29,0.0,36,119844,卖盘
11:18:53,33.29,0.0,118,392822,卖盘
11:18:56,33.29,0.0,55,183148,卖盘
11:18:59,33.3,0.01,313,1041979,买盘
11:19:02,33.32,0.02,413,1375664,买盘
11:19:05,33.3,-0.02,232,772969,卖盘
11:19:08,33.33,0.03,362,1205562,买盘
11:19:11,33.33,0.0,142,473170,买盘
11:19:14,33.32,-0.01,53,176615,卖盘
11:19:17,33.32,0.0,39,129948,卖盘
11:19:20,33.31,-0.01,305,1016088,中性盘
11:19:22,33.33,0.02,317,1056105,买盘
11:19:26,33.32,-0.01,188,626400,中性盘
11:19:29,33.3,-0.02,74,246553,卖盘
11:19:32,33.3,0.0,5,16650,卖盘
11:19:35,33.32,0.02,124,413050,买盘
11:19:37,33.3,-0.02,139,463106,卖盘
11:19:41,33.3,0.0,26,86580,买盘
11:19:43,33.3,0.0,15,49942,买盘
11:19:47,33.33,0.03,390,1298838,买盘
11:19:50,33.31,-0.02,10,33310,卖盘
11:19:53,33.33,0.02,107,356625,买盘
11:19:56,33.33,0.0,369,1230009,卖盘
11:19:58,33.33,0.0,146,486756,卖盘
11:20:02,33.33,0.0,78,260104,卖盘
11:20:04,33.35,0.02,110,366706,买盘
11:20:08,33.34,-0.01,137,456765,中性盘
11:20:11,33.33,-0.01,161,536769,卖盘
11:20:14,33.35,0.02,93,310108,买盘
11:20:17,33.34,-0.01,51,170033,卖盘
11:20:19,33.34,0.0,122,406758,买盘
11:20:23,33.34,0.0,129,430149,卖盘
11:20:25,33.34,0.0,225,750095,卖盘
11:20:29,33.34,0.0,257,856958,买盘
11:20:32,33.35,0.01,235,783388,买盘
11:20:34,33.33,-0.02,96,319988,卖盘
11:20:38,33.35,0.02,311,1036772,买盘
11:20:41,33.35,0.0,189,630292,买盘
11:20:44,33.35,0.0,77,256795,卖盘
11:20:47,33.36,0.01,414,1380780,买盘
11:20:50,33.36,0.0,112,373575,买盘
11:20:53,33.37,0.01,64,213521,买盘
11:20:56,33.36,-0.01,316,1054302,卖盘
11:20:59,33.36,0.0,127,423794,卖盘
11:21:01,33.36,0.0,66,220176,卖盘
11:21:05,33.36,0.0,219,730614,卖盘
11:21:08,33.36,0.0,276,920809,卖盘
11:21:11,33.37,0.01,174,580570,买盘
11:21:14,33.36,-0.01,149,497145,卖盘
11:21:16,33.37,0.01,192,640591,买盘
11:21:20,33.36,-0.01,362,1207844,卖盘
11:21:22,33.36,0.0,247,824160,卖盘
11:21:26,33.39,0.03,327,1091548,买盘
11:21:29,33.39,0.0,141,470266,买盘
11:21:31,33.42,0.03,173,577718,买盘
11:21:34,33.43,0.01,529,1765687,买盘
11:21:38,33.39,-0.04,212,707838,卖盘
11:21:40,33.36,-0.03,172,574343,卖盘
11:21:44,33.37,0.01,89,297290,买盘
11:21:47,33.42,0.05,88,293964,买盘
11:21:50,33.43,0.01,85,284128,买盘
11:21:53,33.43,0.0,45,150440,卖盘
11:21:56,33.43,0.0,99,330930,卖盘
11:21:59,33.45,0.02,256,855973,买盘
11:22:02,33.37,-0.08,145,484822,卖盘
11:22:05,33.44,0.07,30,100314,买盘
11:22:08,33.44,0.0,112,374525,卖盘
11:22:11,33.42,-0.02,3,10026,中性盘
11:22:14,33.42,0.0,37,123619,买盘
11:22:17,33.37,-0.05,26,86776,卖盘
11:22:19,33.43,0.06,22,73541,买盘
11:22:22,33.43,0.0,51,170430,买盘
11:22:25,33.42,-0.01,116,387321,买盘
11:22:29,33.42,0.0,63,210548,卖盘
11:22:32,33.43,0.01,58,193845,买盘
11:22:35,33.42,-0.01,187,625017,卖盘
11:22:38,33.43,0.01,299,999356,买盘
11:22:41,33.43,0.0,218,728670,买盘
11:22:43,33.42,-0.01,269,898911,买盘
11:22:46,33.42,0.0,339,1132867,买盘
11:22:50,33.44,0.02,102,341002,买盘
11:22:53,33.43,-0.01,58,193867,卖盘
11:22:56,33.44,0.01,618,2066807,买盘
11:22:59,33.46,0.02,303,1012631,买盘
11:23:02,33.45,-0.01,238,796208,卖盘
11:23:05,33.44,-0.01,349,1167394,卖盘
11:23:08,33.44,0.0,74,247456,卖盘
11:23:11,33.44,0.0,188,628749,卖盘
11:23:13,33.42,-0.02,83,277569,卖盘
11:23:17,33.44,0.02,16,53485,中性盘
11:23:19,33.42,-0.02,177,592147,卖盘
11:23:22,33.45,0.03,273,912875,买盘
11:23:26,33.44,-0.01,76,254156,卖盘
11:23:29,33.44,0.0,98,327721,卖盘
11:23:31,33.44,0.0,198,662466,卖盘
11:23:35,33.48,0.04,168,562158,买盘
11:23:38,33.46,-0.02,300,1003789,卖盘
11:23:40,33.44,-0.02,85,284456,卖盘
11:23:44,33.46,0.02,27,90308,买盘
11:23:47,33.4,-0.06,170,567854,卖盘
11:23:50,33.42,0.02,37,123632,买盘
11:23:53,33.4,-0.02,23,76822,卖盘
11:23:55,33.4,0.0,71,237146,卖盘
11:23:59,33.4,0.0,34,113562,卖盘
11:24:01,33.4,0.0,6,20040,卖盘
11:24:05,33.4,0.0,69,230508,卖盘
11:24:08,33.4,0.0,140,467613,卖盘
11:24:11,33.41,0.01,32,106891,卖盘
11:24:14,33.4,-0.01,92,307280,卖盘
11:24:17,33.4,0.0,92,307288,卖盘
11:24:19,33.4,0.0,88,293949,卖盘
11:24:23,33.42,0.02,158,527871,买盘
11:24:26,33.4,-0.02,61,203797,卖盘
11:24:29,33.4,0.0,93,310618,买盘
11:24:32,33.4,0.0,79,263850,买盘
11:24:35,33.39,-0.01,263,878287,卖盘
11:24:37,33.4,0.01,78,260459,买盘
11:24:41,33.4,0.0,230,768192,买盘
11:24:43,33.4,0.0,246,821601,买盘
11:24:47,33.39,-0.01,101,337335,卖盘
11:24:49,33.4,0.01,194,647950,买盘
11:24:53,33.4,0.0,300,1001949,买盘
11:24:56,33.4,0.0,457,1526794,买盘
11:24:59,33.46,0.06,187,625397,买盘
11:25:02,33.48,0.02,251,839729,买盘
11:25:05,33.44,-0.04,181,605749,卖盘
11:25:08,33.48,0.04,491,1643402,买盘
11:25:10,33.47,-0.01,681,2275246,中性盘
11:25:14,33.44,-0.03,149,498803,卖盘
11:25:17,33.4,-0.04,202,674947,卖盘
11:25:20,33.48,0.08,100,334650,买盘
11:25:23,33.46,-0.02,39,130500,卖盘
11:25:26,33.48,0.02,409,1367278,买盘
11:25:29,33.4,-0.08,153,511063,卖盘
11:25:32,33.47,0.07,246,821959,买盘
11:25:35,33.48,0.01,135,451934,买盘
11:25:38,33.43,-0.05,109,364333,卖盘
11:25:41,33.4,-0.03,66,220446,卖盘
11:25:44,33.46,0.06,62,207168,买盘
11:25:47,33.4,-0.06,133,444312,卖盘
11:25:50,33.46,0.06,42,140426,买盘
11:25:53,33.48,0.02,241,806355,买盘
11:25:56,33.44,-0.04,172,575762,卖盘
11:25:59,33.48,0.04,112,374950,买盘
11:26:01,33.48,0.0,271,907137,买盘
11:26:05,33.48,0.0,105,351486,买盘
11:26:08,33.48,0.0,170,568988,买盘
11:26:11,33.48,0.0,66,220941,买盘
11:26:14,33.43,-0.05,103,344575,卖盘
11:26:17,33.44,0.01,31,103664,买盘
11:26:19,33.44,0.0,212,708101,买盘
11:26:23,33.43,-0.01,120,401276,卖盘
11:26:26,33.44,0.01,89,297596,买盘
11:26:29,33.44,0.0,102,341086,卖盘
11:26:31,33.47,0.03,52,173904,买盘
11:26:34,33.44,-0.03,32,107023,中性盘
11:26:38,33.4,-0.04,166,554770,卖盘
11:26:40,33.37,-0.03,93,310611,卖盘
11:26:44,33.4,0.03,78,260509,买盘
11:26:47,33.43,0.03,114,380868,买盘
11:26:49,33.42,-0.01,52,173833,中性盘
11:26:53,33.42,0.0,24,80185,卖盘
11:26:55,33.37,-0.05,97,323836,卖盘
11:26:59,33.4,0.03,295,984457,买盘
11:27:02,33.37,-0.03,2,6674,卖盘
11:27:05,33.4,0.03,18,60105,买盘
11:27:08,33.38,-0.02,406,1354291,卖盘
11:27:11,33.38,0.0,37,123512,卖盘
11:27:14,33.4,0.02,23,76786,买盘
11:27:17,33.38,-0.02,139,463975,卖盘
11:27:20,33.38,0.0,13,43388,买盘
11:27:22,33.35,-0.03,6,20019,卖盘
11:27:26,33.35,0.0,74,246821,卖盘
11:27:28,33.36,0.01,117,390361,买盘
11:27:31,33.35,-0.01,70,233494,卖盘
11:27:35,33.35,0.0,66,220204,卖盘
11:27:38,33.36,0.01,90,300239,买盘
11:27:41,33.35,-0.01,23,76713,卖盘
11:27:44,33.36,0.01,50,166788,买盘
11:27:47,33.35,-0.01,554,1847601,卖盘
11:27:50,33.35,0.0,4,13340,买盘
11:27:53,33.34,-0.01,28,93367,卖盘
11:27:55,33.35,0.01,15,50015,买盘
11:27:59,33.35,0.0,38,126730,买盘
11:28:02,33.34,-0.01,206,686818,卖盘
11:28:05,33.34,0.0,262,873510,卖盘
11:28:08,33.33,-0.01,141,469955,卖盘
11:28:11,33.33,0.0,81,270043,卖盘
11:28:14,33.33,0.0,42,139995,卖盘
11:28:17,33.34,0.01,95,316715,买盘
11:28:20,33.33,-0.01,36,120016,卖盘
11:28:23,33.33,0.0,159,529957,卖盘
11:28:25,33.32,-0.01,32,106670,卖盘
11:28:29,33.33,0.01,51,169953,买盘
11:28:32,33.32,-0.01,111,369909,卖盘
11:28:35,33.32,0.0,66,219946,卖盘
11:28:38,33.32,0.0,71,236613,卖盘
11:28:40,33.32,0.0,3,9996,买盘
11:28:43,33.31,-0.01,56,186585,卖盘
11:28:47,33.32,0.01,99,329857,买盘
11:28:50,33.31,-0.01,38,126580,卖盘
11:28:53,33.3,-0.01,22,73261,卖盘
11:28:56,33.31,0.01,63,209796,买盘
11:28:59,33.3,-0.01,50,166500,卖盘
11:29:02,33.31,0.01,86,286423,买盘
11:29:05,33.31,0.0,245,815861,买盘
11:29:07,33.3,-0.01,12,39960,买盘
11:29:11,33.29,-0.01,23,76584,卖盘
11:29:14,33.29,0.0,469,1561326,卖盘
11:29:17,33.3,0.01,129,429461,买盘
11:29:20,33.26,-0.04,157,522685,卖盘
11:29:23,33.26,0.0,33,109840,卖盘
11:29:25,33.29,0.03,23,76513,买盘
11:29:29,33.3,0.01,1087,3620697,买盘
11:29:31,33.25,-0.05,130,432433,卖盘
11:29:34,33.29,0.04,13,43248,中性盘
11:29:38,33.29,0.0,59,196445,卖盘
11:29:41,33.29,0.0,44,146477,卖盘
11:29:44,33.29,0.0,59,196411,卖盘
11:29:47,33.29,0.0,112,372883,卖盘
11:29:50,33.29,0.0,34,113188,卖盘
11:29:53,33.3,0.01,21,69919,买盘
11:29:56,33.3,0.0,45,149828,买盘
11:29:59,33.29,-0.01,46,153134,卖盘
11:30:02,33.3,0.01,2,6659,买盘
13:00:03,33.29,-0.01,5713,19018459,卖盘
13:00:06,33.3,0.01,2677,8914853,买盘
13:00:09,33.24,-0.06,1621,5393893,卖盘
13:00:11,33.3,0.06,142,472676,买盘
13:00:14,33.25,-0.05,94,312962,卖盘
13:00:16,33.23,-0.02,1302,4330435,卖盘
13:00:20,33.3,0.07,316,1050413,买盘
13:00:23,33.25,-0.05,164,545957,卖盘
13:00:26,33.29,0.04,271,900918,买盘
13:00:30,33.26,-0.03,83,276052,中性盘
13:00:33,33.25,-0.01,460,1531459,卖盘
13:00:36,33.27,0.02,111,369235,买盘
13:00:39,33.22,-0.05,796,2649906,卖盘
13:00:41,33.29,0.07,20,66540,买盘
13:00:44,33.29,0.0,102,339561,卖盘
13:00:47,33.26,-0.03,710,2362935,卖盘
13:00:50,33.25,-0.01,32,106471,卖盘
13:00:53,33.22,-0.03,657,2187650,卖盘
13:00:56,33.3,0.08,42,139756,买盘
13:01:00,33.3,0.0,633,2108759,买盘
13:01:02,33.32,0.02,38,126550,中性盘
13:01:04,33.34,0.02,1153,3840381,买盘
13:01:07,33.26,-0.08,30,99889,卖盘
13:01:11,33.35,0.09,433,1443354,买盘
13:01:13,33.24,-0.11,497,1652641,卖盘
13:01:17,33.24,0.0,299,994055,买盘
13:01:20,33.22,-0.02,251,833939,卖盘
13:01:23,33.26,0.04,465,1546315,买盘
13:01:26,33.27,0.01,440,1464113,中性盘
13:01:29,33.25,-0.02,35,116389,卖盘
13:01:32,33.25,0.0,85,282663,卖盘
13:01:35,33.25,0.0,180,598613,卖盘
13:01:38,33.25,0.0,13,43235,卖盘
13:01:41,33.27,0.02,67,222875,买盘
13:01:43,33.26,-0.01,196,651716,卖盘
13:01:46,33.25,-0.01,144,478865,卖盘
13:01:50,33.25,0.0,177,588596,卖盘
13:01:53,33.27,0.02,918,3052263,买盘
13:01:55,33.21,-0.06,178,591278,卖盘
13:01:59,33.21,0.0,209,694160,卖盘
13:02:01,33.22,0.01,422,1401643,买盘
13:02:05,33.18,-0.04,306,1015767,卖盘
13:02:08,33.17,-0.01,287,952478,卖盘
13:02:11,33.17,0.0,609,2020769,卖盘
13:02:14,33.15,-0.02,54,179016,中性盘
13:02:17,33.14,-0.01,205,679544,卖盘
13:02:20,33.15,0.01,143,473846,买盘
13:02:23,33.13,-0.02,124,410721,卖盘
13:02:25,33.1,-0.03,117,387381,卖盘
13:02:29,33.15,0.05,408,1351891,买盘
13:02:32,33.12,-0.03,132,436938,中性盘
13:02:35,33.09,-0.03,219,724942,卖盘
13:02:38,33.14,0.05,160,530059,买盘
13:02:41,33.09,-0.05,163,539535,卖盘
13:02:44,33.1,0.01,16,52959,买盘
13:02:47,33.12,0.02,124,410299,买盘
13:02:50,33.08,-0.04,170,562622,卖盘
13:02:53,33.1,0.02,52,172156,中性盘
13:02:56,33.12,0.02,10,33108,买盘
13:02:59,33.13,0.01,117,387484,买盘
13:03:02,33.11,-0.02,534,1767924,卖盘
13:03:05,33.1,-0.01,142,470123,卖盘
13:03:08,33.14,0.04,93,308189,买盘
13:03:11,33.14,0.0,81,268435,卖盘
13:03:14,33.1,-0.04,307,1016493,卖盘
13:03:17,33.15,0.05,175,579631,买盘
13:03:20,33.14,-0.01,160,530270,卖盘
13:03:23,33.15,0.01,288,954595,买盘
13:03:26,33.15,0.0,245,811987,买盘
13:03:29,33.15,0.0,255,845414,卖盘
13:03:31,33.17,0.02,105,348330,中性盘
13:03:35,33.15,-0.02,176,583856,卖盘
13:03:37,33.14,-0.01,132,437651,卖盘
13:03:41,33.14,0.0,54,179069,卖盘
13:03:44,33.2,0.06,459,1523030,买盘
13:03:47,33.14,-0.06,146,484194,卖盘
13:03:49,33.14,0.0,277,918548,卖盘
13:03:53,33.15,0.01,23,76247,买盘
13:03:56,33.15,0.0,158,523719,买盘
13:03:59,33.14,-0.01,153,507054,卖盘
13:04:02,33.14,0.0,130,430855,卖盘
13:04:05,33.2,0.06,1124,3728922,买盘
13:04:07,33.2,0.0,1190,3950800,卖盘
13:04:11,33.2,0.0,606,2010058,买盘
13:04:14,33.12,-0.08,308,1021410,卖盘
13:04:17,33.15,0.03,203,673199,买盘
13:04:20,33.14,-0.01,260,862568,卖盘
13:04:23,33.15,0.01,2063,6848843,卖盘
13:04:26,33.15,0.0,41,135895,买盘
13:04:29,33.17,0.02,184,609879,买盘
13:04:32,33.17,0.0,534,1771278,卖盘
13:04:35,33.17,0.0,139,460824,卖盘
13:04:38,33.14,-0.03,150,497221,卖盘
13:04:40,33.14,0.0,380,1259102,卖盘
13:04:43,33.15,0.01,72,238734,中性盘
13:04:47,33.12,-0.03,306,1014267,卖盘
13:04:50,33.15,0.03,149,493626,中性盘
13:04:53,33.17,0.02,52,172369,买盘
13:04:56,33.15,-0.02,233,772715,中性盘
13:04:59,33.14,-0.01,214,709041,卖盘
13:05:02,33.15,0.01,625,2070071,买盘
13:05:05,33.14,-0.01,101,334432,中性盘
13:05:07,33.1,-0.04,235,778256,卖盘
13:05:11,33.1,0.0,123,407628,卖盘
13:05:14,33.1,0.0,177,586471,卖盘
13:05:16,33.15,0.05,36,119288,买盘
13:05:20,33.16,0.01,51,169019,买盘
13:05:23,33.14,-0.02,74,245122,中性盘
13:05:26,33.15,0.01,81,268488,买盘
13:05:29,33.14,-0.01,28,92809,卖盘
13:05:32,33.16,0.02,36,119314,买盘
13:05:34,33.16,0.0,602,1996206,买盘
13:05:38,33.16,0.0,591,1959898,卖盘
13:05:41,33.16,0.0,519,1721153,卖盘
13:05:44,33.17,0.01,189,627081,中性盘
13:05:46,33.18,0.01,123,408104,买盘
13:05:50,33.18,0.0,82,271015,卖盘
13:05:52,33.19,0.01,178,590778,买盘
13:05:56,33.19,0.0,16,53104,买盘
13:05:59,33.19,0.0,37,122803,卖盘
13:06:02,33.19,0.0,34,112873,卖盘
13:06:05,33.19,0.0,99,328614,卖盘
13:06:08,33.2,0.01,34,112848,买盘
13:06:11,33.19,-0.01,350,1161978,卖盘
13:06:14,33.19,0.0,13,43147,卖盘
13:06:17,33.19,0.0,177,587580,卖盘
13:06:20,33.19,0.0,64,212428,卖盘
13:06:22,33.2,0.01,78,258926,买盘
13:06:26,33.19,-0.01,67,222384,卖盘
13:06:28,33.19,0.0,652,2162555,买盘
13:06:32,33.17,-0.02,116,384818,卖盘
13:06:35,33.19,0.02,177,587451,买盘
13:06:37,33.16,-0.03,64,212297,卖盘
13:06:41,33.15,-0.01,939,3113093,卖盘
13:06:44,33.15,0.0,336,1113750,买盘
13:06:47,33.15,0.0,471,1561360,买盘
13:06:50,33.14,-0.01,130,430937,卖盘
13:06:53,33.15,0.01,1313,4352566,买盘
13:06:56,33.16,0.01,59,195714,买盘
13:06:58,33.2,0.04,257,852987,买盘
13:07:02,33.19,-0.01,135,447849,中性盘
13:07:05,33.17,-0.02,605,2008470,卖盘
13:07:08,33.16,-0.01,76,252076,卖盘
13:07:11,33.17,0.01,28,92934,中性盘
13:07:14,33.17,0.0,77,255629,中性盘
13:07:17,33.19,0.02,56,185854,买盘
13:07:20,33.16,-0.03,96,318395,卖盘
13:07:23,33.2,0.04,48,159318,买盘
13:07:26,33.19,-0.01,22,73035,卖盘
13:07:29,33.2,0.01,75,249018,买盘
13:07:32,33.2,0.0,52,172649,卖盘
13:07:35,33.19,-0.01,43,142749,卖盘
13:07:38,33.2,0.01,109,361900,买盘
13:07:41,33.2,0.0,47,156046,卖盘
13:07:43,33.2,0.0,310,1029240,卖盘
13:07:47,33.2,0.0,11,36510,买盘
13:07:49,33.19,-0.01,182,604043,卖盘
13:07:53,33.19,0.0,60,199138,卖盘
13:07:55,33.2,0.01,106,351832,买盘
13:07:59,33.19,-0.01,28,92909,中性盘
13:08:02,33.19,0.0,110,365016,买盘
13:08:04,33.18,-0.01,10,33180,卖盘
13:08:08,33.2,0.02,55,182552,买盘
13:08:11,33.19,-0.01,90,298707,中性盘
13:08:13,33.2,0.01,73,242272,买盘
13:08:17,33.18,-0.02,722,2394750,卖盘
13:08:20,33.18,0.0,9,29858,买盘
13:08:22,33.18,0.0,43,142692,买盘
13:08:26,33.18,0.0,28,92926,卖盘
13:08:29,33.19,0.01,44,146034,买盘
13:08:32,33.19,0.0,108,358512,卖盘
13:08:35,33.1,-0.09,1456,4825462,卖盘
13:08:38,33.1,0.0,1249,4127400,买盘
13:08:41,33.1,0.0,231,764607,买盘
13:08:43,33.09,-0.01,355,1175040,卖盘
13:08:47,33.01,-0.08,12,39692,卖盘
13:08:50,33.09,0.08,1586,5235203,买盘
13:08:53,33.02,-0.07,16,52830,卖盘
13:08:56,33.05,0.03,36,118890,中性盘
13:08:59,33.08,0.03,8,26452,买盘
13:09:02,33.05,-0.03,187,618102,卖盘
13:09:05,33.08,0.03,1027,3392304,买盘
13:09:07,33.08,0.0,34,112472,卖盘
13:09:10,33.09,0.01,115,380531,买盘
13:09:14,33.09,0.0,92,304428,卖盘
13:09:17,33.09,0.0,943,3113583,卖盘
13:09:20,33.09,0.0,20,66151,卖盘
13:09:23,33.09,0.0,36,119096,买盘
13:09:25,33.1,0.01,356,1178315,买盘
13:09:29,33.09,-0.01,77,254857,卖盘
13:09:32,33.09,0.0,41,135680,卖盘
13:09:35,33.1,0.01,53,175427,买盘
13:09:37,33.09,-0.01,43,142306,卖盘
13:09:41,33.08,-0.01,42,138977,卖盘
13:09:44,33.07,-0.01,29,95955,卖盘
13:09:46,33.09,0.02,35,115815,买盘
13:09:49,33.08,-0.01,99,327583,卖盘
13:09:53,33.08,0.0,75,248095,卖盘
13:09:56,33.07,-0.01,37,122391,卖盘
13:09:59,33.07,0.0,39,128977,卖盘
13:10:01,33.07,0.0,68,224900,卖盘
13:10:05,33.07,0.0,82,271185,卖盘
13:10:07,33.07,0.0,69,228174,卖盘
13:10:10,33.02,-0.05,109,360341,卖盘
13:10:14,33.08,0.06,180,595331,买盘
13:10:17,33.06,-0.02,11,36381,中性盘
13:10:20,33.05,-0.01,9,29745,卖盘
13:10:23,33.05,0.0,98,324117,卖盘
13:10:26,33.05,0.0,91,300515,卖盘
13:10:29,33.02,-0.03,73,241256,卖盘
13:10:32,33.02,0.0,28,92470,卖盘
13:10:35,33.01,-0.01,217,716470,卖盘
13:10:38,33.0,-0.01,224,739256,卖盘
13:10:41,33.01,0.01,92,303616,买盘
13:10:44,33.02,0.01,52,171667,买盘
13:10:47,33.02,0.0,203,670192,买盘
13:10:50,33.01,-0.01,116,383097,卖盘
13:10:53,33.05,0.04,79,260900,中性盘
13:10:56,33.04,-0.01,64,211510,卖盘
13:10:59,33.06,0.02,182,601717,买盘
13:11:02,33.04,-0.02,76,251179,卖盘
13:11:05,33.03,-0.01,198,654348,卖盘
13:11:08,33.05,0.02,189,624592,买盘
13:11:11,33.05,0.0,395,1305420,买盘
13:11:14,33.06,0.01,439,1451229,买盘
13:11:17,33.06,0.0,92,304097,买盘
13:11:20,33.08,0.02,108,357175,买盘
13:11:22,33.08,0.0,218,721175,买盘
13:11:26,33.09,0.01,144,476413,买盘
13:11:29,33.1,0.01,235,777752,买盘
13:11:32,33.11,0.01,222,734826,买盘
13:11:34,33.1,-0.01,62,205317,中性盘
13:11:38,33.12,0.02,48,158945,中性盘
13:11:41,33.14,0.02,35,115972,买盘
13:11:44,33.16,0.02,223,738941,买盘
13:11:47,33.16,0.0,869,2877883,买盘
13:11:50,33.15,-0.01,46,152555,卖盘
13:11:53,33.16,0.01,80,265222,中性盘
13:11:56,33.17,0.01,87,288591,买盘
13:11:58,33.15,-0.02,382,1266804,卖盘
13:12:02,33.02,-0.13,269,890691,卖盘
13:12:05,33.17,0.15,159,527118,买盘
13:12:07,33.15,-0.02,17,56355,卖盘
13:12:11,33.17,0.02,109,361498,买盘
13:12:14,33.15,-0.02,177,587062,卖盘
13:12:16,33.14,-0.01,39,129266,卖盘
13:12:20,33.1,-0.04,48,158874,中性盘
13:12:23,33.1,0.0,17,56264,买盘
13:12:26,33.1,0.0,150,496034,买盘
13:12:29,33.09,-0.01,38,125741,卖盘
13:12:32,33.1,0.01,62,205199,买盘
13:12:38,33.09,-0.01,83,274646,买盘
13:12:41,33.09,0.0,11,36392,买盘
13:12:44,33.08,-0.01,38,125719,卖盘
13:12:47,33.08,0.0,63,208430,卖盘
13:12:49,33.09,0.01,48,158805,买盘
13:12:53,33.09,0.0,25,82718,买盘
13:12:56,33.08,-0.01,29,95932,卖盘
13:12:59,33.09,0.01,87,287817,买盘
13:13:02,33.08,-0.01,22,72774,卖盘
13:13:05,33.09,0.01,57,188584,买盘
13:13:08,33.08,-0.01,57,188553,卖盘
13:13:11,33.08,0.0,63,208359,买盘
13:13:14,33.08,0.0,48,158733,买盘
13:13:17,33.07,-0.01,364,1202988,卖盘
13:13:20,33.05,-0.02,2,6610,买盘
13:13:23,33.05,0.0,37,122365,中性盘
13:13:30,33.06,0.01,159,525686,卖盘
13:13:32,33.05,-0.01,21,69404,卖盘
13:13:35,33.08,0.03,129,426582,买盘
13:13:38,33.03,-0.05,58,191649,卖盘
13:13:40,33.04,0.01,56,185236,中性盘
13:13:44,33.06,0.02,35,115686,买盘
13:13:47,33.06,0.0,1,3306,卖盘
13:13:50,33.06,0.0,68,224879,卖盘
13:13:53,33.06,0.0,115,380220,卖盘
13:13:56,33.06,0.0,16,52896,买盘
13:13:59,33.06,0.0,35,115710,买盘
13:14:01,33.05,-0.01,21,69409,卖盘
13:14:05,33.05,0.0,72,237987,卖盘
13:14:08,33.06,0.01,47,155340,买盘
13:14:11,33.06,0.0,35,115699,买盘
13:14:15,33.05,-0.01,96,317330,卖盘
13:14:17,33.05,0.0,10,33055,买盘
13:14:20,33.05,0.0,247,816760,买盘
13:14:23,33.07,0.02,154,509097,买盘
13:14:26,33.07,0.0,27,89269,买盘
13:14:29,33.07,0.0,49,162073,卖盘
13:14:32,33.07,0.0,177,585499,卖盘
13:14:35,33.06,-0.01,446,1475193,卖盘
13:14:38,33.1,0.04,333,1101820,买盘
13:14:41,33.1,0.0,332,1097281,买盘
13:14:44,33.1,0.0,121,400420,买盘
13:14:47,33.1,0.0,65,215040,买盘
13:14:50,33.07,-0.03,93,307551,卖盘
13:14:53,33.07,0.0,55,181879,买盘
13:14:56,33.04,-0.03,302,998021,卖盘
13:15:00,33.09,0.05,176,582054,买盘
13:15:02,33.05,-0.04,681,2250080,卖盘
13:15:05,33.08,0.03,252,833260,买盘
13:15:08,33.08,0.0,85,281235,卖盘
13:15:11,33.07,-0.01,233,770431,卖盘
13:15:15,33.07,0.0,31,102491,买盘
13:15:17,33.07,0.0,107,353811,买盘
13:15:20,33.07,0.0,19,62816,买盘
13:15:23,33.06,-0.01,103,340486,卖盘
13:15:29,33.06,0.0,18,59495,买盘
13:15:32,33.05,-0.01,82,271075,卖盘
13:15:35,33.05,0.0,34,112361,买盘
13:15:38,33.05,0.0,44,145420,卖盘
13:15:41,33.06,0.01,97,320599,买盘
13:15:45,33.06,0.0,60,198269,买盘
13:15:47,33.04,-0.02,82,270929,卖盘
13:15:50,33.05,0.01,81,267674,买盘
13:15:53,33.04,-0.01,170,561666,卖盘
13:15:56,33.04,0.0,274,904966,买盘
13:16:00,33.03,-0.01,248,819205,卖盘
13:16:02,33.02,-0.01,144,475599,卖盘
13:16:05,33.02,0.0,225,743374,卖盘
13:16:08,33.01,-0.01,449,1482422,卖盘
13:16:11,33.0,-0.01,419,1383107,卖盘
13:16:15,33.0,0.0,138,455402,卖盘
13:16:17,33.0,0.0,662,2185781,卖盘
13:16:20,33.0,0.0,278,917417,卖盘
13:16:24,33.02,0.02,186,613850,买盘
13:16:26,33.02,0.0,32,105664,卖盘
13:16:30,33.03,0.01,109,359964,买盘
13:16:32,33.03,0.0,111,366633,卖盘
13:16:36,33.02,-0.01,209,690403,卖盘
13:16:38,33.03,0.01,20,66056,买盘
13:16:41,33.02,-0.01,70,231161,卖盘
13:16:45,33.02,0.0,36,118852,卖盘
13:16:47,33.01,-0.01,65,214516,中性盘
13:16:50,33.02,0.01,540,1782109,买盘
13:16:53,33.0,-0.02,27,89124,卖盘
13:16:56,33.02,0.02,149,491990,买盘
13:16:59,33.02,0.0,184,607305,卖盘
13:17:02,33.02,0.0,216,713016,买盘
13:17:05,33.01,-0.01,103,340075,卖盘
13:17:08,33.01,0.0,77,254265,卖盘
13:17:11,33.02,0.01,82,270699,买盘
13:17:15,33.0,-0.02,677,2234185,卖盘
13:17:17,32.99,-0.01,211,695612,卖盘
13:17:20,33.01,0.02,259,854989,买盘
13:17:23,33.0,-0.01,39,128723,卖盘
13:17:26,33.01,0.01,96,316942,买盘
13:17:29,33.0,-0.01,52,171600,卖盘
13:17:32,33.0,0.0,33,108886,买盘
13:17:35,33.0,0.0,20,66000,买盘
13:17:38,32.99,-0.01,12,39597,卖盘
13:17:41,32.99,0.0,51,168282,卖盘
13:17:45,33.0,0.01,217,716087,买盘
13:17:47,33.01,0.01,165,544520,买盘
13:17:50,33.0,-0.01,128,422421,买盘
13:17:53,33.0,0.0,282,930720,卖盘
13:17:56,32.99,-0.01,250,824915,卖盘
13:18:00,32.99,0.0,112,369592,卖盘
13:18:02,33.0,0.01,589,1943654,买盘
13:18:05,32.99,-0.01,96,316735,卖盘
13:18:08,33.0,0.01,247,815078,买盘
13:18:11,33.0,0.0,45,148499,买盘
13:18:15,32.99,-0.01,135,445477,卖盘
13:18:17,32.99,0.0,53,174856,卖盘
13:18:20,32.99,0.0,155,511395,卖盘
13:18:24,33.0,0.01,54,178923,买盘
13:18:26,32.99,-0.01,65,214491,卖盘
13:18:30,32.99,0.0,60,197980,卖盘
13:18:32,32.99,0.0,26,85776,卖盘
13:18:36,33.0,0.01,88,290355,买盘
13:18:38,32.99,-0.01,18,59391,卖盘
13:18:41,32.99,0.0,129,425637,卖盘
13:18:45,32.99,0.0,226,744503,卖盘
13:18:47,32.99,0.0,3,9896,买盘
13:18:50,32.98,-0.01,123,405652,买盘
13:18:53,32.98,0.0,14,46169,买盘
13:18:56,32.97,-0.01,99,326433,卖盘
13:19:00,32.97,0.0,24,79128,买盘
13:19:02,32.96,-0.01,73,240659,卖盘
13:19:05,32.96,0.0,307,1011873,卖盘
13:19:08,32.95,-0.01,65,214199,卖盘
13:19:11,32.95,0.0,150,494364,卖盘
13:19:15,32.95,0.0,113,372401,卖盘
13:19:17,32.95,0.0,163,535846,卖盘
13:19:20,32.95,0.0,196,647238,卖盘
13:19:24,32.95,0.0,143,471163,买盘
13:19:26,32.95,0.0,23,75784,买盘
13:19:30,32.93,-0.02,518,1706373,卖盘
13:19:32,32.94,0.01,534,1756898,买盘
13:19:35,32.94,0.0,195,642179,买盘
13:19:38,32.94,0.0,96,316157,卖盘
13:19:41,32.91,-0.03,134,441341,卖盘
13:19:45,32.91,0.0,86,283031,卖盘
13:19:47,32.91,0.0,151,497046,买盘
13:19:50,32.91,0.0,411,1352375,卖盘
13:19:53,32.9,-0.01,106,348748,卖盘
13:19:56,32.91,0.01,420,1382016,买盘
13:19:59,32.9,-0.01,462,1521372,卖盘
13:20:02,32.9,0.0,262,861874,买盘
13:20:05,32.9,0.0,178,585236,买盘
13:20:08,32.89,-0.01,208,684159,卖盘
13:20:11,32.89,0.0,38,124963,买盘
13:20:15,32.89,0.0,103,338816,中性盘
13:20:17,32.9,0.01,213,700695,买盘
13:20:20,32.91,0.01,50,163214,买盘
13:20:23,32.87,-0.04,409,1344894,卖盘
13:20:26,32.89,0.02,149,490013,买盘
13:20:30,32.88,-0.01,366,1203429,卖盘
13:20:32,32.88,0.0,525,1726199,买盘
13:20:35,32.88,0.0,70,230161,买盘
13:20:38,32.9,0.02,129,424247,买盘
13:20:41,32.9,0.0,344,1131715,买盘
13:20:44,32.9,0.0,114,375023,买盘
13:20:47,32.9,0.0,155,509994,买盘
13:20:50,32.89,-0.01,1425,4682059,中性盘
13:20:53,32.89,0.0,44,144692,买盘
13:20:57,32.91,0.02,478,1572605,买盘
13:21:00,32.91,0.0,26,85558,卖盘
13:21:02,32.89,-0.02,49,161209,卖盘
13:21:05,32.89,0.0,38,125024,卖盘
13:21:08,32.9,0.01,94,309200,买盘
13:21:11,32.9,0.0,30,98715,卖盘
13:21:15,32.9,0.0,875,2877397,卖盘
13:21:17,32.91,0.01,53,174414,买盘
13:21:20,32.9,-0.01,317,1043507,卖盘
13:21:24,32.9,0.0,127,417835,卖盘
13:21:26,32.91,0.01,189,622179,卖盘
13:21:30,32.91,0.0,108,355428,买盘
13:21:32,32.9,-0.01,275,904757,卖盘
13:21:36,32.9,0.0,129,424514,买盘
13:21:38,32.92,0.02,129,424422,买盘
13:21:41,32.92,0.0,103,339026,卖盘
13:21:45,32.9,-0.02,169,557138,卖盘
13:21:47,32.92,0.02,2,6584,中性盘
13:21:51,32.92,0.0,116,381670,买盘
13:21:54,32.9,-0.02,223,733225,卖盘
13:21:56,32.9,0.0,79,259902,买盘
13:22:00,32.9,0.0,250,823256,买盘
13:22:02,32.91,0.01,30,98700,买盘
13:22:05,32.9,-0.01,119,391561,卖盘
13:22:08,32.93,0.03,54,177746,买盘
13:22:11,32.92,-0.01,27,88900,卖盘
13:22:14,32.9,-0.02,211,694521,卖盘
13:22:17,32.9,0.0,24,78961,卖盘
13:22:20,32.92,0.02,12,39495,买盘
13:22:24,32.91,-0.01,31,102047,卖盘
13:22:26,32.9,-0.01,310,1020194,卖盘
13:22:29,32.92,0.02,440,1447637,买盘
13:22:32,32.92,0.0,90,296282,卖盘
13:22:35,32.89,-0.03,230,757110,卖盘
13:22:38,32.91,0.02,11,36206,中性盘
13:22:41,32.91,0.0,56,184291,买盘
13:22:44,32.91,0.0,47,154659,买盘
13:22:47,32.91,0.0,15,49363,买盘
13:22:50,32.89,-0.02,290,953219,卖盘
13:22:53,32.9,0.01,13,42767,买盘
13:22:56,32.9,0.0,255,838869,买盘
13:23:00,32.9,0.0,64,210547,买盘
13:23:02,32.9,0.0,148,487668,买盘
13:23:05,32.89,-0.01,67,220402,卖盘
13:23:08,32.9,0.01,21,69091,中性盘
13:23:11,32.9,0.0,12,39483,卖盘
13:23:15,32.9,0.0,98,322440,卖盘
13:23:17,32.9,0.0,61,200689,买盘
13:23:20,32.9,0.0,111,365118,买盘
13:23:24,32.9,0.0,206,677604,买盘
13:23:26,32.9,0.0,61,200685,买盘
13:23:30,32.9,0.0,74,243460,卖盘
13:23:32,32.9,0.0,132,434352,卖盘
13:23:36,32.9,0.0,86,282963,卖盘
13:23:38,32.9,0.0,35,115150,买盘
13:23:41,32.9,0.0,49,161195,买盘
13:23:45,32.89,-0.01,218,717037,卖盘
13:23:48,32.89,0.0,149,490134,卖盘
13:23:50,32.89,0.0,110,361856,卖盘
13:23:53,32.89,0.0,84,276352,卖盘
13:23:56,32.89,0.0,209,687546,卖盘
13:24:00,32.89,0.0,130,427570,买盘
13:24:02,32.89,0.0,91,299296,买盘
13:24:05,32.88,-0.01,81,266356,卖盘
13:24:08,32.89,0.01,60,197330,买盘
13:24:12,32.89,0.0,234,769493,卖盘
13:24:15,32.89,0.0,50,164488,卖盘
13:24:17,32.89,0.0,228,750081,卖盘
13:24:21,32.9,0.01,120,394707,买盘
13:24:24,32.9,0.0,165,542753,买盘
13:24:27,32.9,0.0,215,707530,卖盘
13:24:29,32.9,0.0,576,1895250,卖盘
13:24:32,32.91,0.01,69,227024,买盘
13:24:35,32.9,-0.01,165,543004,卖盘
13:24:38,32.91,0.01,29,95429,买盘
13:24:41,32.9,-0.01,91,299456,卖盘
13:24:44,32.93,0.03,625,2057690,买盘
13:24:48,32.93,0.0,56,184300,买盘
13:24:50,32.91,-0.02,596,1961387,卖盘
13:24:53,32.91,0.0,108,355419,卖盘
13:24:57,32.93,0.02,153,503855,买盘
13:24:59,32.93,0.0,38,125133,买盘
13:25:03,32.93,0.0,164,539948,买盘
13:25:05,32.93,0.0,12,39505,买盘
13:25:08,32.92,-0.01,100,329259,卖盘
13:25:12,32.92,0.0,16,52684,卖盘
13:25:15,32.93,0.01,230,757185,买盘
13:25:17,32.93,0.0,121,398442,买盘
13:25:20,32.93,0.0,46,151458,买盘
13:25:24,32.93,0.0,188,619034,卖盘
13:25:26,32.94,0.01,39,128444,买盘
13:25:29,32.94,0.0,301,991472,买盘
13:25:32,32.94,0.0,180,592855,买盘
13:25:36,32.93,-0.01,88,289860,卖盘
13:25:38,32.94,0.01,142,467684,买盘
13:25:41,32.94,0.0,40,131745,买盘
13:25:45,32.93,-0.01,67,220664,卖盘
13:25:47,32.94,0.01,89,293164,买盘
13:25:50,32.93,-0.01,232,763976,卖盘
13:25:53,32.92,-0.01,117,385271,卖盘
13:25:57,32.93,0.01,207,681651,买盘
13:26:00,32.93,0.0,181,596313,买盘
13:26:02,32.94,0.01,88,289811,买盘
13:26:05,32.94,0.0,108,355718,买盘
13:26:08,32.94,0.0,1027,3381526,买盘
13:26:12,32.93,-0.01,2109,6939264,卖盘
13:26:15,32.94,0.01,118,388521,买盘
13:26:17,32.94,0.0,110,362345,卖盘
13:26:20,32.95,0.01,98,322903,买盘
13:26:23,32.94,-0.01,61,200936,卖盘
13:26:27,32.93,-0.01,197,648738,卖盘
13:26:30,32.93,0.0,15,49395,买盘
13:26:32,32.92,-0.01,84,276598,卖盘
13:26:36,32.91,-0.01,240,790137,卖盘
13:26:38,32.92,0.01,44,144864,买盘
13:26:41,32.92,0.0,96,316077,卖盘
13:26:45,32.92,0.0,41,134945,买盘
13:26:47,32.92,0.0,3,9876,卖盘
13:26:50,32.92,0.0,10,32920,卖盘
13:26:54,32.93,0.01,88,289768,买盘
13:26:56,32.93,0.0,144,474329,卖盘
13:27:00,32.94,0.01,8,26349,中性盘
13:27:02,32.93,-0.01,6,19759,卖盘
13:27:06,32.93,0.0,49,161359,卖盘
13:27:08,32.93,0.0,64,210764,卖盘
13:27:12,32.93,0.0,114,375500,卖盘
13:27:15,32.93,0.0,83,273371,卖盘
13:27:18,32.93,0.0,138,454441,卖盘
13:27:20,32.93,0.0,29,95497,卖盘
13:27:24,32.93,0.0,43,141599,买盘
13:27:26,32.93,0.0,6,19758,买盘
13:27:30,32.93,0.0,14,46102,买盘
13:27:33,32.92,-0.01,28,92183,卖盘
13:27:35,32.92,0.0,63,207396,卖盘
13:27:39,32.93,0.01,62,204105,买盘
13:27:41,32.92,-0.01,210,691497,卖盘
13:27:45,32.93,0.01,171,562964,买盘
13:27:48,32.93,0.0,123,405017,买盘
13:27:50,32.93,0.0,80,263436,买盘
13:27:54,32.93,0.0,144,474090,买盘
13:27:57,32.92,-0.01,198,651966,卖盘
13:28:00,32.93,0.01,28,92196,买盘
13:28:02,32.92,-0.01,9,29628,卖盘
13:28:06,32.92,0.0,21,69138,卖盘
13:28:08,32.92,0.0,221,727492,卖盘
13:28:12,32.91,-0.01,22,72411,卖盘
13:28:15,32.92,0.01,89,292920,买盘
13:28:18,32.92,0.0,50,164573,买盘
13:28:21,32.91,-0.01,15,49371,卖盘
13:28:24,32.92,0.01,136,447708,买盘
13:28:26,32.91,-0.01,45,148105,卖盘
13:28:30,32.92,0.01,42,138224,买盘
13:28:32,32.92,0.0,79,260061,买盘
13:28:35,32.91,-0.01,183,602350,卖盘
13:28:38,32.91,0.0,390,1283600,卖盘
13:28:41,32.92,0.01,17,55958,买盘
13:28:45,32.91,-0.01,27,88867,卖盘
13:28:48,32.92,0.01,89,292924,买盘
13:28:51,32.91,-0.01,163,536435,卖盘
13:28:54,32.91,0.0,15,49365,买盘
13:28:57,32.91,0.0,155,510130,买盘
13:29:00,32.9,-0.01,96,315872,卖盘
13:29:03,32.91,0.01,13,42780,买盘
13:29:05,32.91,0.0,203,667873,买盘
13:29:08,32.91,0.0,105,345479,买盘
13:29:12,32.91,0.0,14,46065,买盘
13:29:15,32.9,-0.01,141,463892,卖盘
13:29:18,32.91,0.01,267,878460,买盘
13:29:20,32.9,-0.01,284,934619,卖盘
13:29:24,32.9,0.0,120,394845,卖盘
13:29:27,32.9,0.0,94,309273,卖盘
13:29:29,32.91,0.01,37,121750,买盘
13:29:33,32.91,0.0,14,46065,买盘
13:29:36,32.9,-0.01,367,1207545,卖盘
13:29:39,32.9,0.0,46,151350,卖盘
13:29:42,32.92,0.02,181,595506,买盘
13:29:45,32.92,0.0,40,131629,买盘
13:29:47,32.91,-0.01,31,101994,中性盘
13:29:51,32.9,-0.01,240,789610,卖盘
