time,price,change,volume,amount,type
09:25:00,33.48,0.32,2135,7147980,买盘
09:29:59,33.45,-0.03,1907,6381235,卖盘
09:30:02,33.47,0.02,1400,4685105,买盘
09:30:05,33.47,0.0,1232,4123671,买盘
09:30:09,33.48,0.01,1208,4045281,买盘
09:30:12,33.48,0.0,161,539039,卖盘
09:30:15,33.5,0.02,587,1965078,买盘
09:30:18,33.47,-0.03,103,344765,卖盘
09:30:21,33.49,0.02,414,1385688,买盘
09:30:23,33.46,-0.03,1369,4583859,买盘
09:30:27,33.44,-0.02,120,401262,卖盘
09:30:30,33.43,-0.01,601,2009717,卖盘
09:30:33,33.41,-0.02,180,601912,卖盘
09:30:36,33.39,-0.02,114,380871,卖盘
09:30:38,33.4,0.01,269,898077,买盘
09:30:41,33.4,0.0,75,250459,买盘
09:30:45,33.38,-0.02,433,1445916,卖盘
09:30:47,33.39,0.01,102,340544,买盘
09:30:50,33.38,-0.01,72,240377,卖盘
09:30:54,33.38,0.0,139,463877,卖盘
09:30:56,33.33,-0.05,111,370408,卖盘
09:31:00,33.38,0.05,48,160200,买盘
09:31:03,33.39,0.01,517,1725850,买盘
09:31:06,33.38,-0.01,281,937999,卖盘
09:31:09,33.38,0.0,149,497333,卖盘
09:31:12,33.38,0.0,65,216882,买盘
09:31:15,33.35,-0.03,66,220180,卖盘
09:31:18,33.38,0.03,173,576952,买盘
09:31:21,33.35,-0.03,101,337025,卖盘
09:31:24,33.34,-0.01,236,787831,买盘
09:31:27,33.36,0.02,96,320349,中性盘
09:31:30,33.38,0.02,59,196875,中性盘
09:31:33,33.35,-0.03,524,1747908,卖盘
09:31:36,33.4,0.05,383,1278039,买盘
09:31:39,33.35,-0.05,224,748746,卖盘
09:31:42,33.35,0.0,284,947955,卖盘
09:31:45,33.35,0.0,337,1123923,卖盘
09:31:48,33.39,0.04,83,276976,买盘
09:31:51,33.39,0.0,185,617629,买盘
09:31:54,33.4,0.01,41,136925,买盘
09:31:56,33.4,0.0,469,1566456,买盘
09:32:00,33.39,-0.01,506,1689696,卖盘
09:32:03,33.41,0.02,389,1298847,买盘
09:32:06,33.42,0.01,266,888524,买盘
09:32:09,33.43,0.01,56,187134,买盘
09:32:12,33.4,-0.03,356,1189180,卖盘
09:32:15,33.4,0.0,115,384100,买盘
09:32:18,33.41,0.01,48,160314,买盘
09:32:20,33.4,-0.01,68,227150,卖盘
09:32:24,33.4,0.0,12,40080,买盘
09:32:27,33.4,0.0,72,240480,买盘
09:32:29,33.39,-0.01,39,130259,卖盘
09:32:32,33.4,0.01,40,133610,卖盘
09:32:35,33.36,-0.04,745,2487612,卖盘
09:32:39,33.36,0.0,255,850914,卖盘
09:32:42,33.35,-0.01,612,2041060,卖盘
09:32:45,33.33,-0.02,207,688673,卖盘
09:32:47,33.34,0.01,133,443131,买盘
09:32:50,33.31,-0.03,80,266524,卖盘
09:32:54,33.3,-0.01,387,1288775,卖盘
09:32:57,33.3,0.0,11,36629,买盘
09:33:00,33.3,0.0,322,1073052,买盘
09:33:03,33.35,0.05,323,1076987,买盘
09:33:06,33.35,0.0,123,411706,买盘
09:33:09,33.39,0.04,534,1782830,买盘
09:33:12,33.39,0.0,402,1342145,买盘
09:33:14,33.4,0.01,230,767971,买盘
09:33:18,33.4,0.0,137,457556,买盘
09:33:21,33.4,0.0,156,521040,买盘
09:33:23,33.4,0.0,157,524292,卖盘
09:33:27,33.4,0.0,176,587781,买盘
09:33:30,33.4,0.0,401,1339337,买盘
09:33:32,33.4,0.0,262,875067,买盘
09:33:35,33.4,0.0,168,561104,买盘
09:33:38,33.4,0.0,405,1352382,买盘
09:33:41,33.4,0.0,113,377524,中性盘
09:33:45,33.42,0.02,82,273983,买盘
09:33:48,33.42,0.0,124,414237,买盘
09:33:51,33.43,0.01,129,431227,买盘
09:33:53,33.45,0.02,242,809230,买盘
09:33:57,33.45,0.0,100,334414,买盘
09:34:00,33.42,-0.03,27,90312,卖盘
09:34:03,33.46,0.04,794,2656918,买盘
09:34:05,33.46,0.0,233,779527,买盘
09:34:08,33.45,-0.01,272,909947,卖盘
09:34:12,33.41,-0.04,279,930925,卖盘
09:34:15,33.45,0.04,211,705054,买盘
09:34:18,33.41,-0.04,65,217416,卖盘
09:34:20,33.41,0.0,181,605292,卖盘
09:34:24,33.4,-0.01,116,387954,卖盘
09:34:28,33.41,0.01,66,220619,卖盘
09:34:30,33.44,0.03,67,223823,买盘
09:34:33,33.44,0.0,63,210555,买盘
09:34:35,33.41,-0.03,186,621790,中性盘
09:34:39,33.4,-0.01,162,541134,卖盘
09:34:43,33.45,0.05,806,2695438,买盘
09:34:45,33.44,-0.01,66,220675,买盘
09:34:47,33.43,-0.01,77,257497,卖盘
09:34:51,33.4,-0.03,187,625080,卖盘
09:34:53,33.44,0.04,70,233839,买盘
09:34:57,33.45,0.01,339,1133668,买盘
09:34:59,33.43,-0.02,71,237284,中性盘
09:35:03,33.43,0.0,506,1691560,卖盘
09:35:06,33.44,0.01,26,86944,买盘
09:35:08,33.43,-0.01,567,1895756,卖盘
09:35:11,33.42,-0.01,164,548316,卖盘
09:35:15,33.41,-0.01,135,451122,卖盘
09:35:18,33.4,-0.01,52,173680,卖盘
09:35:21,33.39,-0.01,86,287199,卖盘
09:35:24,33.37,-0.02,42,140230,卖盘
09:35:27,33.36,-0.01,72,240313,卖盘
09:35:30,33.37,0.01,31,103447,买盘
09:35:33,33.37,0.0,187,625733,买盘
09:35:35,33.37,0.0,187,624142,卖盘
09:35:40,33.36,-0.01,283,942343,卖盘
09:35:42,33.35,-0.01,9,30015,卖盘
09:35:44,33.35,0.0,366,1222798,卖盘
09:35:49,33.33,-0.02,28,91610,卖盘
09:35:51,33.35,0.02,39,130065,买盘
09:35:54,33.33,-0.02,4,13336,卖盘
09:35:57,33.35,0.02,42,140051,买盘
09:36:01,33.32,-0.03,263,876966,卖盘
09:36:04,33.35,0.03,349,1165685,买盘
09:36:06,33.36,0.01,136,453824,中性盘
09:36:10,33.36,0.0,274,914540,卖盘
09:36:13,33.37,0.01,200,667117,中性盘
09:36:14,33.38,0.01,3,10014,买盘
09:36:22,33.37,-0.01,232,774394,卖盘
09:36:25,33.38,0.01,213,710784,买盘
09:36:26,33.36,-0.02,149,497065,卖盘
09:36:31,33.36,0.0,56,186817,买盘
09:36:33,33.35,-0.01,231,770432,卖盘
09:36:36,33.37,0.02,189,630494,买盘
09:36:38,33.36,-0.01,674,2248611,中性盘
09:36:43,33.36,0.0,56,186818,卖盘
09:36:46,33.36,0.0,541,1804340,卖盘
09:36:49,33.37,0.01,38,126792,买盘
09:36:51,33.36,-0.01,20,66738,中性盘
09:36:54,33.35,-0.01,236,787936,卖盘
09:36:58,33.37,0.02,116,387326,卖盘
09:37:00,33.38,0.01,41,136880,中性盘
09:37:03,33.4,0.02,88,293855,买盘
09:37:06,33.4,0.0,15,50088,买盘
09:37:10,33.4,0.0,152,507641,买盘
09:37:12,33.4,0.0,87,290570,买盘
09:37:15,33.4,0.0,99,330660,买盘
09:37:19,33.42,0.02,174,581217,买盘
09:37:20,33.4,-0.02,135,450943,卖盘
09:37:23,33.42,0.02,51,170421,买盘
09:37:27,33.4,-0.02,125,417593,卖盘
09:37:30,33.4,0.0,213,711420,买盘
09:37:34,33.4,0.0,127,424199,买盘
09:37:36,33.42,0.02,54,180432,买盘
09:37:39,33.43,0.01,146,488140,买盘
09:37:43,33.45,0.02,196,655298,买盘
09:37:45,33.45,0.0,83,277625,买盘
09:37:48,33.45,0.0,273,913150,买盘
09:37:52,33.45,0.0,215,719125,买盘
09:37:54,33.45,0.0,470,1570198,买盘
09:37:57,33.47,0.02,813,2720606,买盘
09:37:59,33.44,-0.03,555,1857545,卖盘
09:38:02,33.5,0.06,1047,3506849,买盘
09:38:06,33.48,-0.02,422,1413389,卖盘
09:38:10,33.5,0.02,126,421828,买盘
09:38:13,33.47,-0.03,409,1370014,卖盘
09:38:16,33.5,0.03,242,810527,买盘
09:38:19,33.5,0.0,497,1663303,买盘
09:38:22,33.45,-0.05,724,2422040,卖盘
09:38:24,33.5,0.05,159,528897,买盘
09:38:28,33.52,0.02,106,355164,买盘
09:38:30,33.5,-0.02,650,2177765,卖盘
09:38:32,33.53,0.03,252,844698,买盘
09:38:36,33.5,-0.03,249,834512,卖盘
09:38:40,33.52,0.02,196,656864,买盘
09:38:43,33.52,0.0,126,422316,买盘
09:38:46,33.49,-0.03,266,891574,卖盘
09:38:49,33.51,0.02,332,1112837,中性盘
09:38:52,33.51,0.0,243,814318,买盘
09:38:53,33.51,0.0,233,780725,买盘
09:38:57,33.49,-0.02,764,2559274,卖盘
09:39:01,33.5,0.01,262,877697,买盘
09:39:03,33.5,0.0,269,901191,买盘
09:39:07,33.51,0.01,144,482508,买盘
09:39:10,33.51,0.0,1187,3976766,买盘
09:39:12,33.51,0.0,239,801069,买盘
09:39:15,33.51,0.0,224,750770,买盘
09:39:19,33.51,0.0,106,355350,卖盘
09:39:22,33.52,0.01,60,201089,卖盘
09:39:25,33.52,0.0,62,207792,买盘
09:39:28,33.51,-0.01,101,338540,卖盘
09:39:31,33.52,0.01,117,392159,买盘
09:39:34,33.5,-0.02,291,975008,卖盘
09:39:36,33.5,0.0,316,1058599,买盘
09:39:40,33.5,0.0,299,1001645,买盘
09:39:43,33.5,0.0,50,167500,买盘
09:39:44,33.5,0.0,125,418744,买盘
09:39:48,33.5,0.0,149,499140,买盘
09:39:51,33.49,-0.01,145,485747,卖盘
09:39:54,33.5,0.01,102,341673,买盘
09:39:58,33.5,0.0,146,489087,买盘
09:40:01,33.51,0.01,71,237880,买盘
09:40:04,33.51,0.0,169,566416,卖盘
09:40:07,33.52,0.01,263,881559,买盘
09:40:10,33.53,0.01,189,633532,买盘
09:40:13,33.52,-0.01,85,284979,卖盘
09:40:14,33.53,0.01,69,231345,买盘
09:40:19,33.54,0.01,178,596830,买盘
09:40:22,33.54,0.0,234,784741,买盘
09:40:23,33.54,0.0,192,645698,买盘
09:40:28,33.55,0.01,305,1023229,买盘
09:40:31,33.55,0.0,38,127489,买盘
09:40:34,33.56,0.01,163,546949,买盘
09:40:37,33.58,0.02,185,620871,买盘
09:40:40,33.58,0.0,17,57078,买盘
09:40:43,33.58,0.0,309,1037591,买盘
09:40:46,33.59,0.01,186,624691,买盘
09:40:49,33.58,-0.01,21,70523,买盘
09:40:50,33.58,0.0,213,715415,卖盘
09:40:55,33.59,0.01,53,176683,买盘
09:40:57,33.59,0.0,126,423310,卖盘
09:41:01,33.59,0.0,30,100793,卖盘
09:41:04,33.6,0.01,366,1229760,买盘
09:41:07,33.61,0.01,165,554470,买盘
09:41:10,33.62,0.01,87,292458,买盘
09:41:13,33.62,0.0,73,245461,买盘
09:41:14,33.62,0.0,44,147949,卖盘
09:41:17,33.62,0.0,89,299315,卖盘
09:41:22,33.61,-0.01,215,722903,卖盘
09:41:25,33.62,0.01,250,840484,买盘
09:41:26,33.62,0.0,1234,4146865,买盘
09:41:31,33.63,0.01,478,1607387,买盘
09:41:34,33.63,0.0,775,2606813,卖盘
09:41:37,33.63,0.0,254,854163,卖盘
09:41:40,33.63,0.0,264,887808,买盘
09:41:43,33.65,0.02,380,1278108,买盘
09:41:46,33.63,-0.02,112,376631,卖盘
09:41:48,33.62,-0.01,141,474178,卖盘
09:41:52,33.65,0.03,88,296003,买盘
09:41:55,33.64,-0.01,122,410428,卖盘
09:41:58,33.63,-0.01,147,494521,卖盘
09:41:59,33.63,0.0,520,1749760,卖盘
09:42:04,33.65,0.02,660,2219953,买盘
09:42:05,33.65,0.0,75,252367,卖盘
09:42:10,33.66,0.01,318,1070129,买盘
09:42:13,33.65,-0.01,131,440812,卖盘
09:42:15,33.65,0.0,58,195162,卖盘
09:42:19,33.66,0.01,187,629408,买盘
09:42:22,33.65,-0.01,184,619347,卖盘
09:42:25,33.65,0.0,55,185062,买盘
09:42:28,33.64,-0.01,331,1113729,卖盘
09:42:29,33.65,0.01,125,420610,买盘
09:42:34,33.64,-0.01,79,265808,卖盘
09:42:36,33.65,0.01,120,403797,买盘
09:42:40,33.66,0.01,115,387010,买盘
09:42:43,33.65,-0.01,574,1932230,卖盘
09:42:46,33.66,0.01,147,494826,买盘
09:42:49,33.66,0.0,318,1070639,买盘
09:42:50,33.66,0.0,379,1275597,买盘
09:42:55,33.66,0.0,76,255877,卖盘
09:42:57,33.66,0.0,127,427583,卖盘
09:43:01,33.67,0.01,133,447811,中性盘
09:43:04,33.68,0.01,736,2478707,买盘
09:43:07,33.68,0.0,45,151527,买盘
09:43:10,33.67,-0.01,123,414255,卖盘
09:43:13,33.67,0.0,196,660127,卖盘
09:43:15,33.67,0.0,124,417622,卖盘
09:43:18,33.68,0.01,252,848728,买盘
09:43:22,33.67,-0.01,213,717307,卖盘
09:43:25,33.68,0.01,603,2030771,买盘
09:43:28,33.69,0.01,892,3005908,买盘
09:43:31,33.69,0.0,67,225754,卖盘
09:43:34,33.69,0.0,204,687395,卖盘
09:43:37,33.7,0.01,809,2726299,买盘
09:43:38,33.7,0.0,784,2642134,买盘
09:43:43,33.71,0.01,77,259558,中性盘
09:43:44,33.72,0.01,234,788964,买盘
09:43:48,33.71,-0.01,88,296656,卖盘
09:43:52,33.72,0.01,237,799043,买盘
09:43:55,33.74,0.02,336,1133353,买盘
09:43:58,33.74,0.0,54,182196,卖盘
09:44:01,33.75,0.01,299,1009077,买盘
09:44:04,33.75,0.0,349,1177823,买盘
09:44:07,33.76,0.01,569,1920532,买盘
09:44:10,33.76,0.0,310,1046401,买盘
09:44:13,33.76,0.0,12,40513,卖盘
09:44:16,33.77,0.01,773,2610528,买盘
09:44:19,33.77,0.0,151,509940,卖盘
09:44:22,33.78,0.01,206,695768,买盘
09:44:25,33.78,0.0,273,921950,买盘
09:44:27,33.77,-0.01,1565,5280255,卖盘
09:44:31,33.77,0.0,180,607699,买盘
09:44:34,33.73,-0.04,277,934852,卖盘
09:44:36,33.74,0.01,516,1740713,买盘
09:44:40,33.77,0.03,363,1225287,买盘
09:44:43,33.75,-0.02,127,428839,中性盘
09:44:44,33.75,0.0,673,2272168,买盘
09:44:48,33.75,0.0,123,414917,买盘
09:44:52,33.73,-0.02,76,256439,卖盘
09:44:53,33.73,0.0,339,1143102,卖盘
09:44:58,33.73,0.0,9,30353,买盘
09:45:01,33.73,0.0,614,2069631,买盘
09:45:04,33.7,-0.03,361,1216579,卖盘
09:45:07,33.71,0.01,203,684156,买盘
09:45:10,33.74,0.03,527,1777450,买盘
09:45:13,33.7,-0.04,1041,3508864,卖盘
09:45:16,33.7,0.0,730,2460135,买盘
09:45:18,33.73,0.03,43,144990,买盘
09:45:22,33.72,-0.01,567,1911128,卖盘
09:45:25,33.73,0.01,276,930462,买盘
09:45:28,33.74,0.01,388,1308884,买盘
09:45:31,33.72,-0.02,680,2292543,卖盘
09:45:34,33.72,0.0,310,1045830,卖盘
09:45:36,33.72,0.0,224,755671,卖盘
09:45:40,33.72,0.0,610,2056920,买盘
09:45:43,33.73,0.01,126,424945,买盘
09:45:46,33.73,0.0,111,375706,卖盘
09:45:49,33.73,0.0,119,399174,卖盘
09:45:51,33.72,-0.01,360,1215061,卖盘
09:45:55,33.72,0.0,137,461894,买盘
09:45:58,33.72,0.0,59,198935,买盘
09:46:01,33.71,-0.01,120,404623,卖盘
09:46:03,33.72,0.01,903,3044837,买盘
09:46:07,33.73,0.01,259,873830,买盘
09:46:10,33.72,-0.01,756,2549494,卖盘
09:46:13,33.7,-0.02,809,2726437,卖盘
09:46:16,33.72,0.02,242,815605,买盘
09:46:19,33.7,-0.02,272,917121,卖盘
09:46:22,33.72,0.02,155,522632,买盘
09:46:25,33.71,-0.01,38,128079,中性盘
09:46:27,33.72,0.01,66,222534,买盘
09:46:31,33.73,0.01,254,856845,买盘
09:46:34,33.72,-0.01,174,586883,卖盘
09:46:37,33.72,0.0,325,1095881,卖盘
09:46:40,33.72,0.0,578,1949014,买盘
09:46:43,33.71,-0.01,435,1466788,卖盘
09:46:46,33.7,-0.01,1027,3461233,卖盘
09:46:48,33.72,0.02,83,279812,买盘
09:46:51,33.7,-0.02,33,111253,卖盘
09:46:55,33.73,0.03,78,262921,买盘
09:46:58,33.73,0.0,140,472201,买盘
09:47:01,33.73,0.0,81,273575,买盘
09:47:04,33.73,0.0,145,489201,卖盘
09:47:06,33.74,0.01,73,246338,买盘
09:47:10,33.74,0.0,497,1677257,卖盘
09:47:13,33.75,0.01,674,2274507,买盘
09:47:16,33.77,0.02,273,921621,买盘
09:47:18,33.75,-0.02,146,492929,卖盘
09:47:21,33.74,-0.01,1095,3696586,卖盘
09:47:24,33.77,0.03,33,111412,买盘
09:47:28,33.77,0.0,76,257068,买盘
09:47:31,33.77,0.0,242,817465,卖盘
09:47:34,33.77,0.0,219,739203,卖盘
09:47:36,33.78,0.01,819,2766424,买盘
09:47:40,33.74,-0.04,944,3187932,卖盘
09:47:42,33.77,0.03,2582,8725936,买盘
09:47:46,33.81,0.04,781,2637937,买盘
09:47:49,33.82,0.01,526,1778688,买盘
09:47:52,33.83,0.01,156,527700,买盘
09:47:55,33.83,0.0,128,433096,卖盘
09:47:58,33.85,0.02,617,2088401,买盘
09:48:00,33.84,-0.01,151,511186,卖盘
09:48:03,33.86,0.02,144,487680,买盘
09:48:07,33.87,0.01,2006,6788654,买盘
09:48:09,33.86,-0.01,218,738272,卖盘
09:48:13,33.85,-0.01,778,2634290,卖盘
09:48:15,33.83,-0.02,1009,3415374,卖盘
09:48:19,33.87,0.04,244,825880,买盘
09:48:21,33.85,-0.02,122,412975,卖盘
09:48:25,33.85,0.0,539,1824555,卖盘
09:48:28,33.85,0.0,301,1018942,卖盘
09:48:31,33.85,0.0,796,2693184,买盘
09:48:34,33.85,0.0,442,1496186,买盘
09:48:37,33.86,0.01,127,429844,买盘
09:48:40,33.8,-0.06,669,2261306,卖盘
09:48:43,33.8,0.0,63,212938,买盘
09:48:46,33.8,0.0,58,196035,买盘
09:48:48,33.8,0.0,301,1017340,买盘
09:48:52,33.79,-0.01,20,67591,中性盘
09:48:55,33.8,0.01,419,1415133,买盘
09:48:58,33.8,0.0,141,476573,买盘
09:49:00,33.82,0.02,273,922768,买盘
09:49:03,33.84,0.02,105,355291,买盘
09:49:07,33.83,-0.01,31,104856,中性盘
09:49:10,33.8,-0.03,622,2102639,卖盘
09:49:13,33.8,0.0,435,1470100,买盘
09:49:15,33.82,0.02,186,628684,买盘
09:49:19,33.82,0.0,26,87931,买盘
09:49:21,33.82,0.0,228,771262,买盘
09:49:25,33.82,0.0,43,145392,中性盘
09:49:28,33.8,-0.02,1070,3616877,卖盘
09:49:31,33.79,-0.01,113,381886,卖盘
09:49:34,33.8,0.01,174,588116,买盘
09:49:36,33.8,0.0,83,280537,买盘
09:49:39,33.8,0.0,129,436018,买盘
09:49:43,33.8,0.0,124,419262,卖盘
09:49:45,33.81,0.01,44,148795,中性盘
09:49:48,33.81,0.0,46,155563,卖盘
09:49:52,33.82,0.01,376,1271880,买盘
09:49:54,33.84,0.02,92,311253,买盘
09:49:58,33.83,-0.01,49,165805,中性盘
09:50:01,33.83,0.0,212,717122,卖盘
09:50:04,33.83,0.0,179,605537,买盘
09:50:07,33.83,0.0,54,182677,买盘
09:50:10,33.83,0.0,441,1491852,卖盘
09:50:13,33.83,0.0,81,274038,卖盘
09:50:15,33.84,0.01,94,318047,买盘
09:50:19,33.84,0.0,244,827518,买盘
09:50:22,33.84,0.0,254,857774,卖盘
09:50:25,33.83,-0.01,36,121809,卖盘
09:50:28,33.83,0.0,83,282793,卖盘
09:50:31,33.84,0.01,110,372217,买盘
09:50:34,33.84,0.0,112,378928,买盘
09:50:37,33.83,-0.01,83,280802,卖盘
09:50:40,33.84,0.01,143,483899,买盘
09:50:43,33.84,0.0,97,328206,买盘
09:50:46,33.84,0.0,141,477223,卖盘
09:50:49,33.85,0.01,304,1028905,买盘
09:50:51,33.84,-0.01,313,1059476,卖盘
09:50:55,33.84,0.0,830,2809230,卖盘
09:50:58,33.85,0.01,130,440148,中性盘
09:51:01,33.86,0.01,88,297949,买盘
09:51:03,33.86,0.0,155,524909,买盘
09:51:07,33.87,0.01,669,2265373,买盘
09:51:10,33.85,-0.02,554,1875699,卖盘
09:51:13,33.85,0.0,153,518054,买盘
09:51:15,33.88,0.03,74,250653,买盘
09:51:19,33.87,-0.01,644,2181755,中性盘
09:51:22,33.88,0.01,59,199788,买盘
09:51:25,33.87,-0.01,45,152445,卖盘
09:51:28,33.85,-0.02,141,477548,卖盘
09:51:31,33.85,0.0,247,836649,卖盘
09:51:33,33.87,0.02,752,2548079,买盘
09:51:37,33.87,0.0,139,470805,卖盘
09:51:40,33.87,0.0,82,277775,买盘
09:51:43,33.86,-0.01,77,260792,卖盘
09:51:46,33.86,0.0,404,1368279,卖盘
09:51:48,33.87,0.01,61,206567,买盘
09:51:52,33.86,-0.01,292,988900,卖盘
09:51:55,33.86,0.0,213,721163,买盘
09:51:57,33.86,0.0,465,1574394,买盘
09:52:00,33.85,-0.01,30,101540,卖盘
09:52:04,33.85,0.0,463,1567597,卖盘
09:52:07,33.84,-0.01,105,355443,卖盘
09:52:10,33.8,-0.04,1012,3420154,卖盘
09:52:13,33.79,-0.01,324,1095108,卖盘
09:52:15,33.8,0.01,547,1848856,买盘
09:52:19,33.84,0.04,253,855514,买盘
09:52:22,33.84,0.0,223,756744,卖盘
09:52:25,33.8,-0.04,836,2825093,卖盘
09:52:28,33.8,0.0,193,654257,买盘
09:52:31,33.85,0.05,339,1147192,买盘
09:52:33,33.85,0.0,343,1161302,买盘
09:52:36,33.86,0.01,236,798928,买盘
09:52:40,33.85,-0.01,331,1120676,卖盘
09:52:43,33.84,-0.01,345,1167338,卖盘
09:52:46,33.86,0.02,242,819054,买盘
09:52:49,33.86,0.0,61,206939,买盘
09:52:52,33.84,-0.02,100,336154,卖盘
09:52:55,33.86,0.02,99,335183,买盘
09:52:58,33.85,-0.01,36,121858,买盘
09:53:01,33.85,0.0,89,301229,买盘
09:53:04,33.84,-0.01,22,74464,卖盘
09:53:07,33.86,0.02,104,352022,买盘
09:53:10,33.85,-0.01,75,253828,买盘
09:53:13,33.85,0.0,95,321617,卖盘
09:53:15,33.85,0.0,65,220026,卖盘
09:53:19,33.85,0.0,250,846279,卖盘
09:53:22,33.85,0.0,346,1171186,卖盘
09:53:24,33.85,0.0,292,988507,买盘
09:53:28,33.85,0.0,193,653306,卖盘
09:53:31,33.84,-0.01,48,162433,卖盘
09:53:33,33.84,0.0,139,470472,卖盘
09:53:37,33.8,-0.04,624,2113151,卖盘
09:53:40,33.8,0.0,7,23659,买盘
09:53:43,33.8,0.0,190,642177,买盘
09:53:46,33.8,0.0,146,493479,买盘
09:53:49,33.84,0.04,184,619755,买盘
09:53:51,33.85,0.01,298,1008465,买盘
09:53:54,33.82,-0.03,288,973583,中性盘
09:53:58,33.84,0.02,10,33813,买盘
09:54:00,33.84,0.0,283,957795,买盘
09:54:04,33.84,0.0,27,91321,中性盘
09:54:07,33.85,0.01,184,622662,买盘
09:54:10,33.85,0.0,637,2156153,买盘
09:54:13,33.84,-0.01,321,1086376,卖盘
09:54:16,33.85,0.01,652,2206964,买盘
09:54:19,33.86,0.01,413,1398333,买盘
09:54:22,33.87,0.01,165,558840,买盘
09:54:25,33.86,-0.01,334,1132860,卖盘
09:54:28,33.87,0.01,292,988923,买盘
09:54:31,33.87,0.0,125,423352,买盘
09:54:34,33.86,-0.01,33,111754,卖盘
09:54:37,33.86,0.0,35,118530,卖盘
09:54:40,33.87,0.01,106,358980,买盘
09:54:43,33.86,-0.01,119,402980,卖盘
09:54:46,33.86,0.0,76,257404,卖盘
09:54:48,33.87,0.01,80,270890,买盘
09:54:52,33.88,0.01,84,284519,买盘
09:54:55,33.88,0.0,291,983534,买盘
09:54:58,33.88,0.0,633,2144587,买盘
09:55:01,33.88,0.0,126,426959,卖盘
09:55:04,33.9,0.02,975,3304280,买盘
09:55:06,33.9,0.0,1929,6539291,买盘
09:55:10,33.91,0.01,890,3017741,买盘
09:55:13,33.95,0.04,405,1374533,买盘
09:55:16,33.95,0.0,114,386978,买盘
09:55:19,33.95,0.0,343,1164476,买盘
09:55:22,33.95,0.0,73,247832,买盘
09:55:25,33.96,0.01,151,512777,买盘
09:55:28,33.97,0.01,204,692850,买盘
09:55:31,33.96,-0.01,91,309076,中性盘
09:55:34,33.98,0.02,373,1267089,买盘
09:55:37,33.98,0.0,103,349489,买盘
09:55:39,33.97,-0.01,101,343191,卖盘
09:55:42,33.98,0.01,1744,5926301,买盘
09:55:46,33.99,0.01,739,2511806,买盘
09:55:49,33.98,-0.01,194,659375,卖盘
09:55:52,33.99,0.01,563,1913616,买盘
09:55:55,33.99,0.0,118,401040,买盘
09:55:58,34.0,0.01,637,2165468,买盘
09:56:01,33.99,-0.01,77,261712,中性盘
09:56:03,34.0,0.01,781,2655100,买盘
09:56:07,34.0,0.0,129,438535,买盘
09:56:09,33.99,-0.01,654,2223179,卖盘
09:56:13,33.99,0.0,101,343298,买盘
09:56:16,33.98,-0.01,680,2310981,卖盘
09:56:19,33.99,0.01,550,1869105,买盘
09:56:22,33.99,0.0,3376,11476915,买盘
09:56:25,33.98,-0.01,388,1318392,中性盘
09:56:28,33.99,0.01,256,869889,买盘
09:56:30,33.99,0.0,1062,3607165,买盘
09:56:34,33.98,-0.01,294,999143,卖盘
09:56:36,33.98,0.0,539,1831493,卖盘
09:56:40,33.99,0.01,129,438393,买盘
09:56:43,33.96,-0.03,257,873333,卖盘
09:56:46,33.96,0.0,106,360172,卖盘
09:56:49,33.99,0.03,63,214032,买盘
09:56:52,33.98,-0.01,48,163102,中性盘
09:56:55,33.98,0.0,140,475722,卖盘
09:56:58,33.98,0.0,115,390783,卖盘
09:57:01,33.99,0.01,148,502971,买盘
09:57:04,33.98,-0.01,57,193690,卖盘
09:57:07,33.99,0.01,124,423853,买盘
09:57:10,33.98,-0.01,289,982212,卖盘
09:57:13,33.98,0.0,523,1774885,卖盘
09:57:15,33.98,0.0,63,214074,买盘
09:57:19,33.98,0.0,1,3398,买盘
09:57:22,33.98,0.0,181,614875,买盘
09:57:25,33.97,-0.01,75,254812,中性盘
09:57:27,33.96,-0.01,100,339633,卖盘
09:57:31,33.96,0.0,80,271715,卖盘
09:57:33,33.96,0.0,246,835636,卖盘
09:57:36,33.96,0.0,351,1192098,卖盘
09:57:40,33.98,0.02,209,710016,买盘
09:57:42,33.98,0.0,569,1933171,买盘
09:57:46,33.97,-0.01,40,135876,卖盘
09:57:49,33.96,-0.01,23,78116,卖盘
09:57:51,33.97,0.01,31,105287,买盘
09:57:55,33.96,-0.01,26,88296,卖盘
09:57:58,33.96,0.0,356,1209556,卖盘
09:58:01,33.98,0.02,57,193640,买盘
09:58:04,33.98,0.0,96,326140,买盘
09:58:07,33.97,-0.01,429,1457873,卖盘
09:58:10,33.98,0.01,115,390755,买盘
09:58:13,33.98,0.0,136,462129,卖盘
09:58:16,33.97,-0.01,73,248045,卖盘
09:58:19,33.98,0.01,41,139307,买盘
09:58:21,33.97,-0.01,84,285376,卖盘
09:58:25,33.98,0.01,290,985143,买盘
09:58:28,33.98,0.0,67,227607,买盘
09:58:31,33.97,-0.01,69,234414,卖盘
09:58:34,33.97,0.0,542,1841379,买盘
09:58:36,33.96,-0.01,36,122279,卖盘
09:58:40,33.97,0.01,59,200423,买盘
09:58:43,33.96,-0.01,528,1792874,卖盘
09:58:45,33.97,0.01,125,424509,买盘
09:58:49,33.97,0.0,668,2268667,买盘
09:58:52,33.96,-0.01,127,431302,买盘
09:58:55,33.96,0.0,20,67933,卖盘
09:58:58,33.97,0.01,180,611460,买盘
09:59:01,33.95,-0.02,152,516299,卖盘
09:59:04,33.96,0.01,22,74707,买盘
09:59:07,33.95,-0.01,13,44142,卖盘
09:59:09,33.95,0.0,29,98475,卖盘
09:59:12,33.95,0.0,38,129014,卖盘
09:59:15,33.95,0.0,31,105246,卖盘
09:59:19,33.95,0.0,39,132415,卖盘
09:59:21,33.95,0.0,475,1613007,卖盘
09:59:25,33.95,0.0,2,6790,买盘
09:59:27,33.95,0.0,99,336014,买盘
09:59:31,33.94,-0.01,69,234232,卖盘
09:59:34,33.93,-0.01,5,16966,卖盘
09:59:37,33.93,0.0,152,515749,卖盘
09:59:40,33.93,0.0,220,746537,卖盘
09:59:43,33.93,0.0,30,101798,卖盘
09:59:46,33.93,0.0,45,152685,买盘
09:59:49,33.92,-0.01,37,125529,卖盘
09:59:51,33.92,0.0,26,88192,卖盘
09:59:55,33.93,0.01,77,261237,买盘
09:59:58,33.92,-0.01,77,261186,卖盘
10:00:01,33.92,0.0,33,111945,卖盘
10:00:04,33.93,0.01,610,2070155,买盘
10:00:06,33.93,0.0,370,1255269,卖盘
10:00:10,33.95,0.02,726,2463913,买盘
10:00:13,33.95,0.0,53,179861,买盘
10:00:15,33.95,0.0,152,515896,买盘
10:00:18,33.96,0.01,725,2459484,买盘
10:00:22,33.96,0.0,134,455049,买盘
10:00:25,33.96,0.0,510,1732544,卖盘
10:00:27,33.96,0.0,196,665778,卖盘
10:00:31,33.97,0.01,36,122275,卖盘
10:00:34,33.96,-0.01,37,125652,卖盘
10:00:37,33.97,0.01,46,156260,买盘
10:00:40,33.97,0.0,68,231019,买盘
10:00:43,33.98,0.01,485,1647950,买盘
10:00:46,33.98,0.0,32,108736,卖盘
10:00:49,33.98,0.0,10,33981,卖盘
10:00:52,33.98,0.0,85,288848,卖盘
10:00:55,34.0,0.02,7750,26351281,买盘
10:00:58,34.01,0.01,469,1595051,买盘
10:01:01,34.04,0.03,175,595576,买盘
10:01:04,34.03,-0.01,827,2815767,卖盘
10:01:07,34.05,0.02,901,3067861,买盘
10:01:09,34.07,0.02,663,2257956,买盘
10:01:13,34.08,0.01,207,705271,买盘
10:01:16,34.08,0.0,1371,4673244,买盘
10:01:19,34.1,0.02,305,1039970,买盘
10:01:22,34.1,0.0,181,617203,买盘
10:01:25,34.1,0.0,64,218231,买盘
10:01:28,34.1,0.0,50,170496,买盘
10:01:31,34.1,0.0,377,1285218,买盘
10:01:34,34.09,-0.01,163,555656,中性盘
10:01:37,34.08,-0.01,274,933818,卖盘
10:01:40,34.08,0.0,468,1594755,买盘
10:01:43,34.08,0.0,39,132897,买盘
10:01:46,34.07,-0.01,374,1274187,卖盘
10:01:49,34.07,0.0,138,470046,买盘
10:01:52,34.05,-0.02,125,425643,卖盘
10:01:55,34.05,0.0,69,234945,买盘
10:01:57,34.05,0.0,205,697976,买盘
10:02:00,34.05,0.0,122,415345,买盘
10:02:04,34.05,0.0,82,279139,买盘
10:02:07,34.04,-0.01,234,796693,卖盘
10:02:09,34.04,0.0,483,1644607,卖盘
10:02:13,34.05,0.01,806,2745220,买盘
10:02:15,34.06,0.01,131,446141,中性盘
10:02:19,34.07,0.01,59,200914,买盘
10:02:22,34.05,-0.02,95,323524,卖盘
10:02:24,34.06,0.01,192,653856,买盘
10:02:28,34.06,0.0,83,282666,卖盘
10:02:31,34.06,0.0,34,115823,卖盘
10:02:34,34.07,0.01,151,514393,买盘
10:02:37,34.01,-0.06,1072,3649199,卖盘
10:02:40,34.07,0.06,74,252064,买盘
10:02:42,34.05,-0.02,136,463277,中性盘
10:02:46,34.02,-0.03,133,452775,卖盘
10:02:48,34.03,0.01,158,537921,卖盘
10:02:51,34.04,0.01,54,183845,买盘
10:02:55,34.05,0.01,138,469871,买盘
10:02:58,34.04,-0.01,33,112336,卖盘
10:03:01,34.02,-0.02,115,391441,卖盘
10:03:03,34.05,0.03,263,895355,买盘
10:03:07,34.05,0.0,130,442636,买盘
10:03:09,34.04,-0.01,1007,3425195,中性盘
10:03:12,34.04,0.0,117,398228,买盘
10:03:16,34.03,-0.01,71,241655,卖盘
10:03:19,34.03,0.0,81,275676,卖盘
10:03:22,34.02,-0.01,212,721421,卖盘
10:03:25,34.03,0.01,148,503637,买盘
10:03:28,34.03,0.0,62,210986,买盘
10:03:30,34.02,-0.01,175,595506,卖盘
10:03:34,34.01,-0.01,395,1343850,卖盘
10:03:37,34.02,0.01,229,779056,买盘
10:03:40,34.03,0.01,55,187109,买盘
10:03:43,34.04,0.01,138,469699,买盘
10:03:46,34.03,-0.01,40,136122,卖盘
10:03:49,34.03,0.0,46,156539,卖盘
10:03:52,34.05,0.02,728,2478813,买盘
10:03:55,34.04,-0.01,2187,7437905,卖盘
10:03:58,34.03,-0.01,66,224646,中性盘
10:04:01,34.03,0.0,565,1921392,买盘
10:04:04,34.03,0.0,71,241629,卖盘
10:04:07,34.03,0.0,90,306268,卖盘
10:04:10,34.04,0.01,355,1208147,买盘
10:04:13,34.03,-0.01,93,316502,卖盘
10:04:15,34.06,0.03,326,1109959,买盘
10:04:19,34.05,-0.01,333,1133644,卖盘
10:04:21,34.04,-0.01,88,299425,卖盘
10:04:24,34.04,0.0,17,57861,买盘
10:04:27,34.04,0.0,36,122544,买盘
10:04:31,34.03,-0.01,48,163368,卖盘
10:04:34,34.04,0.01,29,98691,买盘
10:04:37,34.04,0.0,245,833824,买盘
10:04:39,34.03,-0.01,105,357239,中性盘
10:04:43,34.03,0.0,76,258597,卖盘
10:04:46,34.03,0.0,92,313076,买盘
10:04:49,34.03,0.0,14,47634,买盘
10:04:52,34.0,-0.03,805,2735211,卖盘
10:04:55,33.97,-0.03,184,625294,卖盘
10:04:58,33.99,0.02,1,3399,中性盘
10:05:01,34.0,0.01,149,506435,买盘
10:05:04,33.97,-0.03,21,71375,卖盘
10:05:07,33.97,0.0,31,105309,卖盘
10:05:10,33.98,0.01,30,101904,买盘
10:05:13,33.97,-0.01,20,67938,中性盘
10:05:16,33.99,0.02,78,265082,买盘
10:05:19,33.99,0.0,52,176749,卖盘
10:05:22,34.0,0.01,40,135970,买盘
10:05:25,33.97,-0.03,25,84937,卖盘
10:05:28,33.99,0.02,86,292319,买盘
10:05:31,33.98,-0.01,404,1371910,中性盘
10:05:33,33.98,0.0,14,47575,卖盘
10:05:37,33.96,-0.02,119,404227,卖盘
10:05:40,33.97,0.01,43,146100,买盘
10:05:43,33.95,-0.02,44,149448,卖盘
10:05:46,33.96,0.01,11,37346,中性盘
10:05:49,33.96,0.0,30,101856,买盘
10:05:52,33.95,-0.01,39,132420,卖盘
10:05:55,33.95,0.0,22,74697,卖盘
10:05:58,33.95,0.0,254,862720,卖盘
10:06:01,33.98,0.03,247,838614,买盘
10:06:04,33.95,-0.03,117,397215,买盘
10:06:07,33.95,0.0,141,478995,卖盘
10:06:10,33.95,0.0,169,573793,卖盘
10:06:13,33.95,0.0,97,329325,卖盘
10:06:16,33.96,0.01,22,74696,买盘
10:06:19,33.95,-0.01,69,234258,卖盘
10:06:21,33.95,0.0,253,858952,卖盘
10:06:24,33.95,0.0,312,1059267,卖盘
10:06:28,33.93,-0.02,155,526106,卖盘
10:06:31,33.96,0.03,386,1310218,买盘
10:06:33,33.96,0.0,97,329343,买盘
10:06:36,33.96,0.0,167,567129,卖盘
10:06:40,33.95,-0.01,131,444869,卖盘
10:06:43,33.95,0.0,42,142594,卖盘
10:06:46,33.95,0.0,84,285211,卖盘
10:06:49,33.96,0.01,150,509295,买盘
10:06:52,33.96,0.0,56,190182,卖盘
10:06:55,33.98,0.02,635,2157112,买盘
10:06:58,33.98,0.0,100,339862,卖盘
10:07:00,33.96,-0.02,169,574155,卖盘
10:07:04,33.98,0.02,45,152872,买盘
10:07:07,33.98,0.0,1,3398,买盘
10:07:09,33.96,-0.02,8,27168,中性盘
10:07:12,33.96,0.0,95,322599,卖盘
10:07:16,33.95,-0.01,21,71301,卖盘
10:07:18,33.95,0.0,40,135810,卖盘
10:07:22,33.95,0.0,77,261395,卖盘
10:07:25,33.94,-0.01,97,329279,卖盘
10:07:27,33.94,0.0,111,376806,卖盘
10:07:31,33.94,0.0,30,101822,卖盘
10:07:34,33.94,0.0,48,162937,卖盘
10:07:37,33.94,0.0,7,23756,买盘
10:07:40,33.94,0.0,53,179891,买盘
10:07:43,33.94,0.0,19,64486,买盘
10:07:46,33.93,-0.01,219,743470,卖盘
10:07:48,33.94,0.01,307,1042170,买盘
10:07:51,33.95,0.01,112,380105,买盘
10:07:55,33.94,-0.01,16,54305,卖盘
10:07:57,33.94,0.0,132,448018,卖盘
10:08:00,33.94,0.0,18,61092,卖盘
10:08:04,33.94,0.0,54,183317,卖盘
10:08:07,33.94,0.0,446,1513725,卖盘
10:08:10,33.93,-0.01,1344,4560762,卖盘
10:08:13,33.94,0.01,145,489591,买盘
10:08:15,33.93,-0.01,131,444703,卖盘
10:08:19,33.91,-0.02,49,166224,卖盘
10:08:22,33.9,-0.01,136,463690,卖盘
10:08:25,33.95,0.05,92,312230,买盘
10:08:28,33.92,-0.03,1015,3441623,卖盘
10:08:31,33.93,0.01,87,295223,买盘
10:08:33,33.93,0.0,129,437915,卖盘
10:08:37,33.92,-0.01,67,227346,卖盘
10:08:39,33.95,0.03,28,95021,买盘
10:08:43,33.93,-0.02,74,251075,卖盘
10:08:45,33.91,-0.02,293,993568,卖盘
10:08:48,33.93,0.02,81,274809,买盘
10:08:52,33.93,0.0,32,108601,卖盘
10:08:54,33.93,0.0,30,101794,卖盘
10:08:57,33.93,0.0,59,200196,卖盘
10:09:01,33.93,0.0,20,67865,卖盘
10:09:03,33.93,0.0,458,1554023,卖盘
10:09:07,33.93,0.0,54,183222,买盘
10:09:09,33.92,-0.01,33,111941,卖盘
10:09:13,33.92,0.0,27,91608,卖盘
10:09:15,33.91,-0.01,89,301887,卖盘
10:09:19,33.92,0.01,65,220481,买盘
10:09:22,33.92,0.0,73,247616,卖盘
10:09:24,33.92,0.0,37,125506,卖盘
10:09:28,33.9,-0.02,483,1635293,卖盘
10:09:30,33.9,0.0,3,10170,买盘
10:09:34,33.9,0.0,31,105090,买盘
10:09:37,33.89,-0.01,224,759344,卖盘
10:09:39,33.9,0.01,370,1256820,买盘
10:09:43,33.9,0.0,62,210198,卖盘
10:09:46,33.91,0.01,89,301807,中性盘
10:09:48,33.92,0.01,65,220451,买盘
10:09:51,33.92,0.0,79,267893,买盘
10:09:54,33.91,-0.01,4,13565,卖盘
10:09:57,33.91,0.0,16,54262,卖盘
10:10:00,33.92,0.01,53,179728,买盘
10:10:04,33.91,-0.01,19,64439,卖盘
10:10:07,33.92,0.01,144,488436,买盘
10:10:10,33.91,-0.01,14,47476,卖盘
10:10:12,33.93,0.02,262,888710,买盘
10:10:15,33.93,0.0,258,875389,买盘
10:10:19,33.93,0.0,105,356359,中性盘
10:10:22,33.93,0.0,54,183247,卖盘
10:10:25,33.93,0.0,80,271475,卖盘
10:10:27,33.93,0.0,24,81445,卖盘
10:10:31,33.95,0.02,14,47520,买盘
10:10:34,33.94,-0.01,279,946985,卖盘
10:10:37,33.95,0.01,32,108627,买盘
10:10:40,33.95,0.0,17,57715,买盘
10:10:42,33.95,0.0,22,74690,买盘
10:10:45,33.95,0.0,123,417585,买盘
10:10:48,33.94,-0.01,15,50923,卖盘
10:10:52,33.95,0.01,119,403922,买盘
10:10:55,33.95,0.0,17,57711,买盘
10:10:58,33.95,0.0,142,482090,买盘
10:11:00,33.95,0.0,219,743560,买盘
10:11:03,33.95,0.0,26,88270,买盘
10:11:07,33.96,0.01,54,183341,买盘
10:11:10,33.95,-0.01,516,1751821,卖盘
10:11:13,33.95,0.0,25,84875,买盘
10:11:16,33.94,-0.01,442,1500185,卖盘
10:11:19,33.95,0.01,1110,3767449,买盘
10:11:22,33.95,0.0,214,726495,买盘
10:11:24,33.94,-0.01,971,3294460,卖盘
10:11:28,33.91,-0.03,461,1564413,买盘
10:11:30,33.94,0.03,85,288472,买盘
10:11:33,33.95,0.01,20,67893,买盘
10:11:37,33.95,0.0,168,570327,买盘
10:11:39,33.94,-0.01,12,40731,中性盘
10:11:41,33.94,0.0,101,342878,卖盘
10:11:45,33.94,0.0,17,57710,卖盘
10:11:49,33.94,0.0,536,1819275,卖盘
10:11:51,33.94,0.0,31,105214,买盘
10:11:54,33.93,-0.01,33,111990,卖盘
10:11:57,33.93,0.0,19,64474,卖盘
10:12:00,33.93,0.0,34,115367,卖盘
10:12:04,33.93,0.0,47,159496,卖盘
10:12:07,33.93,0.0,521,1767781,卖盘
10:12:09,33.92,-0.01,21,71244,卖盘
10:12:12,33.92,0.0,66,223890,中性盘
10:12:15,33.93,0.01,43,145899,买盘
10:12:18,33.92,-0.01,55,186560,卖盘
10:12:21,33.91,-0.01,35,118714,卖盘
10:12:24,33.92,0.01,62,210304,买盘
10:12:27,33.91,-0.01,44,149219,卖盘
10:12:30,33.91,0.0,17,57649,卖盘
10:12:34,33.91,0.0,45,152599,卖盘
10:12:37,33.91,0.0,42,142424,卖盘
10:12:40,33.91,0.0,38,128872,卖盘
10:12:43,33.92,0.01,113,383198,买盘
10:12:45,33.92,0.0,23,77995,买盘
10:12:49,33.91,-0.01,5,16955,卖盘
10:12:52,33.91,0.0,58,196690,卖盘
10:12:54,33.91,0.0,52,176371,卖盘
10:12:57,33.91,0.0,165,559537,卖盘
10:13:01,33.91,0.0,314,1064830,卖盘
10:13:04,33.92,0.01,22,74611,买盘
10:13:07,33.91,-0.01,29,98339,卖盘
10:13:09,33.91,0.0,26,88171,卖盘
10:13:13,33.91,0.0,142,481627,卖盘
10:13:16,33.91,0.0,11,37301,卖盘
10:13:19,33.91,0.0,513,1739818,卖盘
10:13:22,33.92,0.01,97,329017,买盘
10:13:24,33.91,-0.01,52,176344,卖盘
10:13:27,33.92,0.01,30,101742,中性盘
10:13:30,33.93,0.01,503,1705879,买盘
10:13:34,33.92,-0.01,523,1775056,中性盘
10:13:37,33.91,-0.01,41,139084,卖盘
10:13:39,33.95,0.04,10,33929,买盘
10:13:43,33.91,-0.04,103,349366,卖盘
10:13:46,33.91,0.0,90,305225,卖盘
10:13:48,33.9,-0.01,580,1966274,卖盘
10:13:50,33.9,0.0,120,406800,买盘
10:13:54,33.9,0.0,27,91530,买盘
10:13:57,33.89,-0.01,129,437307,卖盘
10:14:01,33.9,0.01,14,47456,买盘
10:14:03,33.93,0.03,127,429711,买盘
10:14:07,33.92,-0.01,90,305132,中性盘
10:14:10,33.92,0.0,21,71232,卖盘
10:14:13,33.94,0.02,93,315561,买盘
10:14:16,33.94,0.0,12,40728,卖盘
10:14:19,33.94,0.0,9,30549,卖盘
10:14:21,33.95,0.01,92,312309,买盘
10:14:25,33.94,-0.01,630,2138240,卖盘
10:14:28,33.95,0.01,75,254625,买盘
10:14:29,33.95,0.0,6,20367,买盘
10:14:34,33.95,0.0,22,74690,买盘
10:14:36,33.95,0.0,296,1004877,买盘
10:14:40,33.95,0.0,42,142556,买盘
10:14:43,33.94,-0.01,39,132404,卖盘
10:14:45,33.95,0.01,205,695954,买盘
10:14:48,33.95,0.0,62,210497,买盘
10:14:51,33.96,0.01,63,213891,买盘
10:14:54,33.95,-0.01,83,281852,卖盘
10:14:57,33.97,0.02,114,387160,买盘
10:15:01,33.96,-0.01,57,193593,买盘
10:15:03,33.98,0.02,732,2485442,买盘
10:15:07,33.96,-0.02,212,720066,卖盘
10:15:09,34.0,0.04,693,2355546,买盘
10:15:11,33.96,-0.04,803,2728635,卖盘
10:15:15,34.0,0.04,395,1341988,买盘
10:15:18,33.99,-0.01,87,295796,卖盘
10:15:21,33.99,0.0,84,285513,卖盘
10:15:24,33.95,-0.04,469,1594118,卖盘
10:15:28,33.95,0.0,73,247835,买盘
10:15:30,33.95,0.0,40,135800,买盘
10:15:34,34.0,0.05,247,839338,买盘
10:15:36,34.0,0.0,348,1182659,买盘
10:15:40,34.0,0.0,94,319470,买盘
10:15:42,33.99,-0.01,34,115552,中性盘
10:15:45,33.99,0.0,49,166541,买盘
10:15:48,34.0,0.01,32,108774,买盘
10:15:51,34.0,0.0,67,227771,买盘
10:15:55,34.0,0.0,53,180160,买盘
10:15:57,34.0,0.0,142,482778,买盘
10:16:00,34.0,0.0,235,798862,买盘
10:16:03,33.99,-0.01,45,153016,卖盘
10:16:06,34.01,0.02,110,373962,买盘
10:16:09,34.0,-0.01,28,95195,中性盘
10:16:12,34.02,0.02,55,187033,买盘
10:16:15,34.01,-0.01,71,241415,中性盘
10:16:17,34.02,0.01,37,125861,买盘
10:16:20,34.02,0.0,21,71424,买盘
10:16:24,34.02,0.0,33,112240,买盘
10:16:27,34.01,-0.01,29,98643,卖盘
10:16:30,34.02,0.01,73,248279,买盘
10:16:33,34.02,0.0,68,231307,买盘
10:16:36,34.01,-0.01,18,61226,卖盘
10:16:39,34.02,0.01,72,244942,买盘
10:16:42,34.02,0.0,126,428601,买盘
10:16:45,34.02,0.0,236,802861,买盘
10:16:48,34.01,-0.01,202,687235,卖盘
10:16:51,34.02,0.01,11,37423,中性盘
10:16:54,34.03,0.01,43,146271,买盘
10:16:57,34.03,0.0,18,61239,买盘
10:17:00,34.02,-0.01,55,187110,卖盘
10:17:03,34.02,0.0,37,125874,卖盘
10:17:06,34.02,0.0,140,476368,卖盘
10:17:09,34.02,0.0,50,170122,卖盘
10:17:12,34.02,0.0,258,877982,卖盘
10:17:15,34.03,0.01,65,221138,买盘
10:17:18,34.04,0.01,4,13614,买盘
10:17:21,34.03,-0.01,114,387942,卖盘
10:17:24,34.03,0.0,91,309678,卖盘
10:17:27,34.03,0.0,43,146337,卖盘
10:17:30,34.04,0.01,24,81680,买盘
10:17:33,34.03,-0.01,25,85078,卖盘
10:17:36,34.04,0.01,59,200836,买盘
10:17:39,34.03,-0.01,221,752264,卖盘
10:17:42,34.03,0.0,77,262032,卖盘
10:17:45,34.04,0.01,69,234844,买盘
10:17:48,34.04,0.0,158,537832,买盘
10:17:50,34.03,-0.01,151,513936,卖盘
10:17:55,34.04,0.01,244,830337,买盘
10:17:57,34.04,0.0,79,268916,买盘
10:18:00,34.03,-0.01,93,316484,卖盘
10:18:03,34.03,0.0,110,374503,卖盘
10:18:06,34.04,0.01,271,922645,中性盘
10:18:09,34.06,0.02,194,660556,买盘
10:18:12,34.06,0.0,60,204254,买盘
10:18:15,34.05,-0.01,34,115770,卖盘
10:18:18,34.07,0.02,218,742527,买盘
10:18:21,34.06,-0.01,83,282709,卖盘
10:18:24,34.05,-0.01,78,265689,卖盘
10:18:26,34.06,0.01,49,166865,买盘
10:18:30,34.06,0.0,5,17029,卖盘
10:18:33,34.06,0.0,41,139646,买盘
10:18:35,34.06,0.0,199,677782,卖盘
10:18:39,34.05,-0.01,189,643759,卖盘
10:18:42,34.06,0.01,45,153245,中性盘
10:18:45,34.06,0.0,148,504158,卖盘
10:18:47,34.06,0.0,1035,3523573,卖盘
10:18:50,34.0,-0.06,330,1122308,卖盘
10:18:54,34.05,0.05,3066,10450289,买盘
10:18:56,34.05,0.0,146,497093,买盘
10:19:00,34.07,0.02,52,177098,买盘
10:19:03,34.04,-0.03,104,354391,卖盘
10:19:06,34.09,0.05,98,333953,买盘
10:19:09,34.07,-0.02,346,1179446,卖盘
10:19:12,34.1,0.03,505,1721869,买盘
10:19:15,34.1,0.0,122,416012,买盘
10:19:18,34.09,-0.01,116,395538,卖盘
10:19:21,34.09,0.0,101,344385,卖盘
10:19:24,34.1,0.01,69,235245,买盘
10:19:26,34.11,0.01,82,279669,买盘
10:19:30,34.11,0.0,68,231886,买盘
10:19:32,34.11,0.0,46,156874,买盘
10:19:35,34.1,-0.01,117,399062,卖盘
10:19:39,34.12,0.02,57,194455,买盘
10:19:41,34.12,0.0,97,330890,买盘
10:19:45,34.12,0.0,171,583446,买盘
10:19:48,34.12,0.0,96,327499,买盘
10:19:50,34.12,0.0,68,231996,买盘
10:19:54,34.11,-0.01,1660,5663955,卖盘
10:19:57,34.12,0.01,407,1388190,买盘
10:20:00,34.13,0.01,234,798512,买盘
10:20:03,34.13,0.0,88,300308,买盘
10:20:06,34.13,0.0,65,221831,买盘
10:20:08,34.13,0.0,128,436811,买盘
10:20:12,34.12,-0.01,52,177466,卖盘
10:20:15,34.0,-0.12,1407,4793965,卖盘
10:20:18,34.12,0.12,695,2363036,买盘
10:20:21,34.11,-0.01,54,184177,买盘
10:20:24,34.11,0.0,41,139817,中性盘
10:20:27,34.1,-0.01,31,105718,卖盘
10:20:29,34.1,0.0,35,119340,买盘
10:20:33,34.09,-0.01,47,160235,卖盘
10:20:36,34.09,0.0,10,34088,买盘
10:20:39,34.09,0.0,3,10227,买盘
10:20:42,34.08,-0.01,11,37490,卖盘
10:20:45,34.08,0.0,64,218112,买盘
10:20:48,34.05,-0.03,140,477209,卖盘
10:20:52,34.08,0.03,34,115783,买盘
10:20:54,34.06,-0.02,51,173662,中性盘
10:20:57,34.05,-0.01,51,173687,卖盘
10:20:59,34.08,0.03,198,674269,买盘
10:21:03,34.06,-0.02,5,17038,中性盘
10:21:05,34.08,0.02,81,275992,买盘
10:21:09,34.06,-0.02,4,13624,卖盘
10:21:12,34.06,0.0,232,790521,卖盘
10:21:15,34.07,0.01,12,40884,中性盘
10:21:18,34.08,0.01,27,92001,买盘
10:21:21,34.08,0.0,197,671288,买盘
10:21:24,34.07,-0.01,105,357840,卖盘
10:21:27,34.08,0.01,85,289729,卖盘
10:21:30,34.08,0.0,44,149952,卖盘
10:21:32,34.09,0.01,81,276060,买盘
10:21:35,34.08,-0.01,85,289695,卖盘
10:21:39,34.08,0.0,19,64761,卖盘
10:21:42,34.08,0.0,93,317011,卖盘
10:21:45,34.09,0.01,209,712595,买盘
10:21:48,34.1,0.01,568,1935928,买盘
10:21:52,34.09,-0.01,22,74999,卖盘
10:21:54,34.09,0.0,257,876421,卖盘
10:21:57,34.11,0.02,7,23873,买盘
10:22:00,34.1,-0.01,35,119353,卖盘
10:22:04,34.11,0.01,173,589944,买盘
10:22:06,34.11,0.0,90,306907,买盘
10:22:09,34.1,-0.01,353,1204231,卖盘
10:22:12,34.11,0.01,82,279692,中性盘
10:22:15,34.11,0.0,83,283081,买盘
10:22:18,34.12,0.01,61,208075,买盘
10:22:21,34.1,-0.02,818,2789973,卖盘
10:22:23,34.11,0.01,95,324182,买盘
10:22:27,34.13,0.02,445,1518294,买盘
10:22:30,34.11,-0.02,13,44352,卖盘
10:22:33,34.11,0.0,29,98905,卖盘
10:22:37,34.13,0.02,20,68248,买盘
10:22:39,34.1,-0.03,28,95502,卖盘
10:22:41,34.13,0.03,222,757494,买盘
10:22:45,34.12,-0.01,129,440264,买盘
10:22:48,34.13,0.01,18,61423,买盘
10:22:51,34.12,-0.01,11,37532,中性盘
10:22:54,34.12,0.0,281,959028,卖盘
10:22:57,34.12,0.0,11,37533,卖盘
10:23:00,34.12,0.0,14,47768,卖盘
10:23:03,34.13,0.01,124,423104,买盘
10:23:06,34.12,-0.01,34,116013,卖盘
10:23:09,34.13,0.01,227,774585,买盘
10:23:12,34.13,0.0,60,204746,买盘
10:23:15,34.12,-0.01,74,252512,卖盘
10:23:18,34.13,0.01,47,160411,买盘
10:23:21,34.12,-0.01,25,85308,卖盘
10:23:24,34.12,0.0,351,1197638,卖盘
10:23:27,34.12,0.0,167,569803,卖盘
10:23:30,34.12,0.0,125,426449,买盘
10:23:33,34.12,0.0,25,85294,买盘
10:23:36,34.11,-0.01,154,525329,卖盘
10:23:39,34.11,0.0,198,675478,卖盘
10:23:42,34.11,0.0,541,1845352,卖盘
10:23:45,34.08,-0.03,245,835306,卖盘
10:23:48,34.06,-0.02,311,1059581,卖盘
10:23:52,34.04,-0.02,186,633383,卖盘
10:23:54,34.05,0.01,195,663817,买盘
10:23:57,34.04,-0.01,40,136196,卖盘
10:23:59,34.04,0.0,3,10213,卖盘
10:24:03,34.04,0.0,50,170262,卖盘
10:24:07,34.03,-0.01,186,633087,卖盘
10:24:08,34.01,-0.02,186,632794,卖盘
10:24:12,34.03,0.02,28,95263,买盘
10:24:15,34.02,-0.01,29,98658,卖盘
10:24:17,34.02,0.0,21,71443,卖盘
10:24:21,34.03,0.01,116,394501,买盘
10:24:23,34.03,0.0,150,510429,买盘
10:24:27,34.04,0.01,164,558049,买盘
10:24:30,34.04,0.0,67,228068,卖盘
10:24:33,34.0,-0.04,245,833771,卖盘
10:24:37,34.02,0.02,17,57850,中性盘
10:24:39,34.03,0.01,42,142882,买盘
10:24:42,34.01,-0.02,69,234743,中性盘
10:24:45,34.0,-0.01,40,136034,卖盘
10:24:48,34.0,0.0,114,387634,卖盘
10:24:51,34.0,0.0,92,312896,卖盘
10:24:54,34.01,0.01,91,309412,买盘
10:24:57,34.03,0.02,187,636031,买盘
10:25:00,34.01,-0.02,81,275481,卖盘
10:25:03,34.0,-0.01,312,1060996,卖盘
10:25:07,34.03,0.03,286,972464,买盘
10:25:08,34.01,-0.02,25,85014,买盘
10:25:12,33.99,-0.02,118,401108,卖盘
10:25:15,34.01,0.02,141,479330,买盘
10:25:18,34.0,-0.01,77,261738,中性盘
10:25:21,34.0,0.0,283,962234,买盘
10:25:24,34.0,0.0,71,241400,买盘
10:25:27,34.0,0.0,82,278825,卖盘
10:25:30,34.0,0.0,105,357003,卖盘
10:25:33,34.01,0.01,94,319627,买盘
10:25:37,34.0,-0.01,65,221008,卖盘
10:25:39,34.0,0.0,73,248200,卖盘
10:25:42,33.99,-0.01,40,135977,卖盘
10:25:45,33.99,0.0,29,98574,卖盘
10:25:48,33.99,0.0,24,81576,卖盘
10:25:52,33.99,0.0,7,23794,卖盘
10:25:53,34.0,0.01,231,785367,买盘
10:25:57,33.99,-0.01,93,316153,卖盘
10:26:00,34.0,0.01,181,615319,买盘
10:26:03,33.99,-0.01,49,166551,卖盘
10:26:05,33.99,0.0,58,197160,卖盘
10:26:09,33.99,0.0,138,469149,卖盘
10:26:12,33.99,0.0,82,278752,卖盘
10:26:15,34.0,0.01,85,288995,买盘
10:26:18,33.99,-0.01,29,98573,卖盘
10:26:21,33.99,0.0,11,37389,卖盘
10:26:24,34.0,0.01,304,1033600,买盘
10:26:27,33.99,-0.01,65,220957,卖盘
10:26:30,34.0,0.01,23,78193,中性盘
10:26:33,34.0,0.0,111,377400,卖盘
10:26:36,34.0,0.0,157,533809,卖盘
10:26:39,33.99,-0.01,63,214192,卖盘
10:26:42,34.0,0.01,6,20397,买盘
10:26:45,34.0,0.0,14,47600,买盘
10:26:48,34.0,0.0,15,50986,买盘
10:26:52,33.99,-0.01,73,248182,卖盘
10:26:54,34.01,0.02,206,700407,买盘
10:26:57,34.01,0.0,59,200623,买盘
10:27:00,34.0,-0.01,10,34000,卖盘
10:27:02,34.02,0.02,72,244886,买盘
10:27:07,34.01,-0.01,36,122423,卖盘
10:27:08,34.03,0.02,50,170140,买盘
10:27:12,34.03,0.0,31,105454,买盘
10:27:15,34.03,0.0,16,54448,买盘
10:27:18,34.05,0.02,128,435692,买盘
10:27:22,34.03,-0.02,23,78263,中性盘
10:27:24,34.06,0.03,110,374522,买盘
10:27:27,34.06,0.0,75,255389,买盘
10:27:30,34.08,0.02,75,255453,买盘
10:27:33,34.1,0.02,131,446528,买盘
10:27:37,34.1,0.0,92,313713,买盘
10:27:39,34.06,-0.04,157,534801,卖盘
10:27:42,34.09,0.03,48,163542,中性盘
10:27:46,34.08,-0.01,19,64762,卖盘
10:27:48,34.08,0.0,18,61360,卖盘
10:27:51,34.08,0.0,12,40896,卖盘
10:27:53,34.09,0.01,98,334077,买盘
10:27:57,34.09,0.0,70,238630,卖盘
10:28:00,34.09,0.0,5,17047,卖盘
10:28:03,34.09,0.0,11,37503,卖盘
10:28:07,34.09,0.0,27,92046,卖盘
10:28:09,34.09,0.0,75,255739,卖盘
10:28:12,34.09,0.0,65,221587,卖盘
10:28:16,34.1,0.01,93,317094,买盘
10:28:19,34.09,-0.01,75,255719,卖盘
10:28:22,34.1,0.01,61,207952,买盘
10:28:24,34.09,-0.01,354,1207120,卖盘
10:28:27,34.1,0.01,104,354554,买盘
10:28:29,34.1,0.0,29,98875,买盘
10:28:33,34.1,0.0,57,194358,买盘
10:28:37,34.09,-0.01,125,426147,卖盘
10:28:39,34.1,0.01,114,388733,买盘
10:28:42,34.1,0.0,61,208003,买盘
10:28:45,34.09,-0.01,94,320459,卖盘
10:28:48,34.09,0.0,51,173866,卖盘
10:28:52,34.09,0.0,78,265960,卖盘
10:28:54,34.1,0.01,538,1834333,买盘
10:28:57,34.09,-0.01,69,235255,卖盘
10:29:00,34.11,0.02,235,801343,买盘
10:29:03,34.09,-0.02,321,1094770,卖盘
10:29:07,34.1,0.01,56,190917,中性盘
10:29:09,34.11,0.01,126,429741,买盘
10:29:12,34.12,0.01,323,1101732,买盘
10:29:15,34.11,-0.01,70,238737,中性盘
10:29:18,34.11,0.0,34,115947,卖盘
10:29:22,34.09,-0.02,55,187536,卖盘
10:29:24,34.09,0.0,514,1752330,卖盘
10:29:28,34.09,0.0,352,1200104,卖盘
10:29:30,34.06,-0.03,165,562118,卖盘
10:29:34,34.05,-0.01,129,439284,卖盘
10:29:37,34.05,0.0,16,54465,买盘
10:29:39,34.02,-0.03,84,286010,中性盘
10:29:43,34.02,0.0,51,173465,买盘
10:29:45,34.01,-0.01,18,61218,卖盘
10:29:48,34.01,0.0,44,149645,卖盘
10:29:52,34.0,-0.01,250,850268,卖盘
10:29:54,34.01,0.01,78,265278,中性盘
10:29:57,34.01,0.0,63,214239,买盘
10:30:00,34.02,0.01,71,241478,买盘
10:30:03,34.0,-0.02,48,163222,卖盘
10:30:07,34.0,0.0,156,530353,卖盘
10:30:09,34.0,0.0,124,421408,买盘
10:30:13,33.97,-0.03,32,108714,卖盘
10:30:16,33.96,-0.01,44,149445,卖盘
10:30:19,33.98,0.02,18,61164,买盘
10:30:22,33.96,-0.02,30,101898,卖盘
10:30:24,33.98,0.02,13,44174,中性盘
10:30:27,33.98,0.0,44,149516,卖盘
10:30:30,33.95,-0.03,132,448284,卖盘
10:30:33,33.98,0.03,243,825421,买盘
10:30:37,33.94,-0.04,144,489181,卖盘
10:30:39,34.0,0.06,154,523314,买盘
10:30:42,33.95,-0.05,77,261715,卖盘
10:30:45,33.95,0.0,29,98466,卖盘
10:30:48,33.97,0.02,6,20382,中性盘
10:30:51,33.95,-0.02,8,27170,卖盘
10:30:54,33.95,0.0,76,258229,卖盘
10:30:57,33.96,0.01,43,146041,中性盘
10:31:00,33.96,0.0,120,407435,卖盘
10:31:04,33.96,0.0,38,129079,卖盘
10:31:07,33.96,0.0,27,91692,卖盘
10:31:09,33.97,0.01,126,428000,买盘
10:31:13,33.96,-0.01,15,50928,买盘
10:31:15,33.96,0.0,128,434676,买盘
10:31:19,33.96,0.0,51,173171,买盘
10:31:22,33.97,0.01,44,149429,买盘
10:31:24,33.98,0.01,171,580575,买盘
10:31:27,33.96,-0.02,6,20376,卖盘
10:31:30,33.96,0.0,60,203760,卖盘
10:31:34,33.96,0.0,97,329425,卖盘
10:31:37,33.96,0.0,231,784808,买盘
10:31:39,33.98,0.02,152,516349,买盘
10:31:43,33.97,-0.01,69,234379,卖盘
10:31:45,33.97,0.0,43,146094,卖盘
10:31:49,33.96,-0.01,21,71336,卖盘
10:31:51,33.98,0.02,51,173290,买盘
10:31:54,33.97,-0.01,101,343164,卖盘
10:31:57,33.97,0.0,39,132472,买盘
10:32:00,33.98,0.01,85,288751,买盘
10:32:04,33.98,0.0,47,159704,买盘
10:32:07,33.98,0.0,29,98537,买盘
10:32:09,33.98,0.0,18,61164,买盘
10:32:13,33.99,0.01,320,1087899,买盘
10:32:15,34.01,0.02,55,186912,买盘
10:32:19,34.01,0.0,17,57803,买盘
10:32:21,34.0,-0.01,47,159826,卖盘
10:32:24,34.01,0.01,47,159919,买盘
10:32:28,34.05,0.04,46,156578,买盘
10:32:30,34.01,-0.04,28,95232,卖盘
10:32:33,34.05,0.04,10,34050,买盘
10:32:36,34.02,-0.03,13,44237,卖盘
10:32:40,34.02,0.0,132,449284,卖盘
10:32:43,34.0,-0.02,510,1734198,卖盘
10:32:45,34.0,0.0,191,649398,买盘
10:32:48,34.0,0.0,167,567800,买盘
10:32:51,34.0,0.0,13,44200,买盘
10:32:54,34.0,0.0,116,394373,买盘
10:32:58,34.0,0.0,14,48709,买盘
10:33:01,33.99,-0.01,124,421543,卖盘
10:33:04,34.0,0.01,11,37396,买盘
10:33:07,34.0,0.0,43,146195,买盘
10:33:09,34.0,0.0,115,390993,买盘
10:33:13,33.99,-0.01,48,163167,卖盘
10:33:15,33.99,0.0,149,506458,卖盘
10:33:19,34.0,0.01,17,57797,买盘
10:33:22,33.99,-0.01,79,268547,卖盘
10:33:25,33.99,0.0,132,448779,卖盘
10:33:28,33.99,0.0,191,647918,卖盘
10:33:30,33.97,-0.02,148,503073,卖盘
10:33:34,34.0,0.03,82,279885,买盘
10:33:36,34.0,0.0,54,183602,卖盘
10:33:40,34.0,0.0,76,258400,卖盘
10:33:43,34.0,0.0,11,37403,卖盘
10:33:45,34.0,0.0,92,312804,卖盘
10:33:49,34.0,0.0,4,13600,卖盘
10:33:51,34.02,0.02,49,166632,买盘
10:33:54,34.01,-0.01,22,74812,中性盘
10:33:58,34.04,0.03,164,557978,买盘
10:34:00,34.04,0.0,165,561666,买盘
10:34:04,34.03,-0.01,169,575088,卖盘
10:34:07,34.03,0.0,21,71489,卖盘
10:34:10,34.04,0.01,78,265482,买盘
10:34:12,34.03,-0.01,19,64646,中性盘
10:34:16,34.04,0.01,271,921270,买盘
10:34:19,33.98,-0.06,251,854150,卖盘
10:34:22,34.0,0.02,105,357000,买盘
10:34:25,34.0,0.0,87,295800,买盘
10:34:28,34.0,0.0,103,350193,买盘
10:34:30,34.02,0.02,41,139381,买盘
10:34:34,33.99,-0.03,177,601668,卖盘
10:34:37,33.96,-0.03,274,930623,卖盘
10:34:40,33.99,0.03,89,302394,买盘
10:34:43,33.99,0.0,17,57771,买盘
10:34:46,33.96,-0.03,273,926970,卖盘
10:34:49,33.97,0.01,54,183369,买盘
10:34:52,33.95,-0.02,98,332826,卖盘
10:34:55,33.97,0.02,69,234383,买盘
10:34:58,33.97,0.0,138,468773,买盘
10:35:01,33.96,-0.01,40,135844,卖盘
10:35:04,33.96,0.0,23,78125,卖盘
10:35:07,33.95,-0.01,182,617931,卖盘
10:35:10,33.94,-0.01,443,1503995,卖盘
10:35:13,33.93,-0.01,341,1157297,卖盘
10:35:16,33.97,0.04,14,47551,买盘
10:35:19,33.96,-0.01,1,3396,中性盘
10:35:22,33.97,0.01,66,224142,买盘
10:35:25,33.96,-0.01,53,179989,卖盘
10:35:28,33.96,0.0,31,105280,卖盘
10:35:31,33.96,0.0,26,88296,卖盘
10:35:33,33.97,0.01,12,40759,买盘
10:35:36,33.97,0.0,138,468670,买盘
10:35:40,33.97,0.0,39,132483,卖盘
10:35:42,33.97,0.0,17,57739,买盘
10:35:46,33.96,-0.01,11,37346,中性盘
10:35:49,33.97,0.01,80,271749,买盘
10:35:52,33.97,0.0,9,30570,买盘
10:35:55,33.98,0.01,124,421253,买盘
10:35:57,33.96,-0.02,322,1093006,卖盘
10:36:01,33.93,-0.03,135,458188,卖盘
10:36:04,33.94,0.01,1,3394,卖盘
10:36:07,33.94,0.0,2,6789,卖盘
10:36:10,33.94,0.0,39,132360,卖盘
10:36:13,33.93,-0.01,41,139113,卖盘
10:36:16,33.93,0.0,22,74658,卖盘
10:36:19,33.94,0.01,29,98412,买盘
10:36:22,33.93,-0.01,244,828100,卖盘
10:36:25,33.94,0.01,26,88240,买盘
10:36:27,33.92,-0.02,232,787191,卖盘
10:36:31,33.91,-0.01,17,57662,卖盘
10:36:33,33.92,0.01,104,352715,买盘
10:36:37,33.91,-0.01,251,851141,卖盘
10:36:40,33.92,0.01,14,47486,买盘
10:36:43,33.91,-0.01,11,37301,卖盘
10:36:45,33.91,0.0,173,586660,卖盘
10:36:49,33.91,0.0,227,769961,卖盘
10:36:52,33.91,0.0,89,301806,卖盘
10:36:55,33.91,0.0,10,33910,买盘
10:36:58,33.91,0.0,158,535783,买盘
10:37:01,33.9,-0.01,39,132235,卖盘
10:37:03,33.92,0.02,25,84773,买盘
10:37:07,33.92,0.0,82,278071,买盘
10:37:10,33.91,-0.01,186,630844,卖盘
10:37:13,33.91,0.0,30,101738,卖盘
10:37:16,33.91,0.0,6,20346,卖盘
10:37:19,33.92,0.01,30,101766,买盘
10:37:21,33.93,0.01,68,230665,买盘
10:37:25,33.91,-0.02,497,1685380,卖盘
10:37:28,33.91,0.0,123,417089,买盘
10:37:31,33.9,-0.01,60,203438,卖盘
10:37:34,33.91,0.01,26,88157,买盘
10:37:36,33.91,0.0,92,311905,买盘
10:37:40,33.91,0.0,28,94932,买盘
10:37:43,33.9,-0.01,65,220397,卖盘
10:37:46,33.9,0.0,117,396665,卖盘
10:37:49,33.9,0.0,18,61028,卖盘
10:37:52,33.9,0.0,38,128825,卖盘
10:37:55,33.91,0.01,5,16955,买盘
10:37:58,33.9,-0.01,19,64416,卖盘
10:38:01,33.9,0.0,45,152580,卖盘
10:38:03,33.91,0.01,88,298371,买盘
10:38:07,33.9,-0.01,110,372974,卖盘
10:38:10,33.9,0.0,86,291605,卖盘
10:38:13,33.91,0.01,89,301740,买盘
10:38:15,33.9,-0.01,95,322050,卖盘
10:38:18,33.91,0.01,43,145801,买盘
10:38:22,33.89,-0.02,351,1190902,卖盘
10:38:25,33.9,0.01,18,61020,买盘
10:38:28,33.9,0.0,67,227130,买盘
10:38:30,33.89,-0.01,25,84740,卖盘
10:38:34,33.89,0.0,112,379581,卖盘
10:38:37,33.89,0.0,6,20339,卖盘
10:38:39,33.89,0.0,50,169457,卖盘
10:38:43,33.9,0.01,13,44070,买盘
10:38:46,33.89,-0.01,157,532077,卖盘
10:38:49,33.9,0.01,121,410070,买盘
10:38:52,33.89,-0.01,418,1416618,卖盘
10:38:55,33.89,0.0,25,84727,卖盘
10:38:58,33.89,0.0,378,1281042,卖盘
10:39:01,33.89,0.0,118,399838,卖盘
10:39:04,33.88,-0.01,55,186356,卖盘
10:39:06,33.88,0.0,11,37268,卖盘
10:39:10,33.89,0.01,17,57613,买盘
10:39:13,33.88,-0.01,54,183002,卖盘
10:39:16,33.89,0.01,32,108436,买盘
10:39:19,33.88,-0.01,38,128744,卖盘
10:39:22,33.89,0.01,76,257519,买盘
10:39:25,33.89,0.0,8,27111,买盘
10:39:28,33.88,-0.01,8,27104,卖盘
10:39:31,33.89,0.01,33,111817,买盘
10:39:33,33.89,0.0,73,247344,买盘
10:39:37,33.89,0.0,9,30494,买盘
10:39:40,33.89,0.0,539,1826661,买盘
10:39:43,33.89,0.0,59,200002,卖盘
10:39:45,33.9,0.01,86,291519,买盘
10:39:49,33.9,0.0,107,362700,买盘
10:39:52,33.9,0.0,93,315244,买盘
10:39:55,33.9,0.0,635,2151667,买盘
10:39:57,33.92,0.02,109,369659,买盘
10:40:01,33.94,0.02,56,190002,买盘
10:40:04,33.95,0.01,30,101772,买盘
10:40:07,33.96,0.01,102,346311,买盘
10:40:10,33.95,-0.01,72,244491,卖盘
10:40:13,33.96,0.01,10,33968,中性盘
10:40:16,33.96,0.0,38,129059,卖盘
10:40:19,33.96,0.0,238,808317,卖盘
10:40:22,33.96,0.0,40,135837,买盘
10:40:25,33.96,0.0,26,88283,买盘
10:40:28,33.96,0.0,39,132444,买盘
10:40:31,33.95,-0.01,32,108654,卖盘
10:40:34,33.95,0.0,22,74690,卖盘
10:40:37,33.96,0.01,184,624784,买盘
10:40:39,33.95,-0.01,26,88281,卖盘
10:40:43,33.95,0.0,44,149387,卖盘
10:40:46,33.95,0.0,5,16978,卖盘
10:40:49,33.95,0.0,115,390531,卖盘
10:40:52,33.96,0.01,13,44146,买盘
10:40:55,33.95,-0.01,7,23771,卖盘
10:40:58,33.96,0.01,59,200359,买盘
10:41:01,33.95,-0.01,82,278467,卖盘
10:41:04,33.95,0.0,25,84877,卖盘
10:41:07,33.95,0.0,529,1796024,卖盘
10:41:10,33.95,0.0,383,1300282,买盘
10:41:13,33.95,0.0,9,30555,买盘
10:41:16,33.93,-0.02,16,54288,卖盘
10:41:19,33.94,0.01,1,3394,买盘
10:41:22,33.93,-0.01,15,50898,卖盘
10:41:24,33.95,0.02,95,322517,买盘
10:41:28,33.95,0.0,5,16975,买盘
10:41:31,33.95,0.0,25,84864,买盘
10:41:33,33.94,-0.01,174,590759,卖盘
10:41:37,33.95,0.01,30,101862,卖盘
10:41:40,33.96,0.01,11,37347,买盘
10:41:43,33.95,-0.01,62,210490,卖盘
10:41:46,33.95,0.0,22,74691,卖盘
10:41:48,33.95,0.0,2,6791,卖盘
10:41:52,33.95,0.0,2,6790,卖盘
10:41:55,33.96,0.01,4,13584,买盘
10:41:58,33.95,-0.01,4,13582,卖盘
10:42:01,33.96,0.01,97,329323,买盘
10:42:03,33.95,-0.01,23,78085,卖盘
10:42:07,33.96,0.01,11,37354,买盘
10:42:10,33.96,0.0,12,40752,买盘
10:42:13,33.96,0.0,20,67913,买盘
10:42:16,33.95,-0.01,12,40741,卖盘
10:42:19,33.96,0.01,175,594281,买盘
10:42:22,33.95,-0.01,52,176560,卖盘
10:42:25,33.96,0.01,7,23767,买盘
10:42:28,33.95,-0.01,55,186752,卖盘
10:42:31,33.95,0.0,16,54333,卖盘
10:42:34,33.96,0.01,106,359948,买盘
10:42:36,33.95,-0.01,518,1758623,卖盘
10:42:40,33.96,0.01,14,47544,买盘
10:42:43,33.96,0.0,24,81504,买盘
10:42:45,33.95,-0.01,216,733319,卖盘
10:42:48,33.95,0.0,6,20370,买盘
10:42:55,33.94,-0.01,6,20365,卖盘
10:42:58,33.95,0.01,4,13580,买盘
10:43:01,33.94,-0.01,2,6788,卖盘
10:43:04,33.95,0.01,51,173109,买盘
10:43:07,33.95,0.0,85,288575,买盘
10:43:09,33.94,-0.01,13,44123,卖盘
10:43:13,33.95,0.01,198,672200,买盘
10:43:15,33.96,0.01,27,91666,买盘
10:43:19,33.96,0.0,27,91692,买盘
10:43:21,33.95,-0.01,100,339505,卖盘
10:43:25,33.96,0.01,26,88288,中性盘
10:43:28,33.97,0.01,5,16985,买盘
10:43:30,33.97,0.0,1,3397,买盘
10:43:33,33.96,-0.01,24,81504,卖盘
10:43:37,33.97,0.01,11,37362,买盘
10:43:40,33.97,0.0,20,67940,买盘
10:43:43,33.97,0.0,11,37367,买盘
10:43:45,33.97,0.0,95,322670,买盘
10:43:48,33.98,0.01,13,44174,买盘
10:43:55,33.98,0.0,23,78151,买盘
10:43:58,33.98,0.0,6,20387,买盘
10:44:01,33.98,0.0,1,3398,买盘
10:44:03,33.97,-0.01,106,360096,卖盘
10:44:07,33.98,0.01,88,299020,买盘
10:44:10,33.99,0.01,59,200491,买盘
10:44:13,33.98,-0.01,30,101945,卖盘
10:44:15,33.99,0.01,103,350005,买盘
10:44:19,33.98,-0.01,415,1410168,卖盘
10:44:22,33.97,-0.01,25,84925,卖盘
10:44:24,33.97,0.0,43,146099,卖盘
10:44:28,33.97,0.0,3,10190,买盘
10:44:31,33.98,0.01,37,125703,买盘
10:44:34,33.96,-0.02,25,84900,卖盘
10:44:37,33.97,0.01,10,33970,买盘
10:44:40,33.96,-0.01,25,84900,卖盘
10:44:43,33.96,0.0,32,108678,买盘
10:44:46,33.96,0.0,409,1388964,卖盘
10:44:49,33.96,0.0,72,244512,买盘
10:44:52,33.96,0.0,70,237672,买盘
10:44:57,33.95,-0.01,4,13580,卖盘
10:45:01,33.95,0.0,162,550128,卖盘
10:45:04,33.94,-0.01,68,230805,卖盘
10:45:07,33.93,-0.01,61,206985,卖盘
10:45:09,33.93,0.0,110,373215,卖盘
10:45:13,33.91,-0.02,15,50891,卖盘
10:45:16,33.93,0.02,26,88216,买盘
10:45:19,33.92,-0.01,52,176390,卖盘
10:45:22,33.93,0.01,36,122148,买盘
10:45:24,33.92,-0.01,26,88198,卖盘
10:45:28,33.92,0.0,4,13568,卖盘
10:45:30,33.92,0.0,46,156034,卖盘
10:45:34,33.92,0.0,26,88192,买盘
10:45:37,33.92,0.0,8,27136,买盘
10:45:40,33.92,0.0,10,33920,卖盘
10:45:43,33.91,-0.01,10,33914,卖盘
10:45:46,33.92,0.01,3,10176,卖盘
10:45:49,33.92,0.0,26,88193,卖盘
10:45:51,33.93,0.01,76,257868,买盘
10:45:55,33.93,0.0,48,162887,卖盘
10:45:57,33.92,-0.01,252,854846,卖盘
10:46:01,33.93,0.01,58,196794,卖盘
10:46:04,33.9,-0.03,59,200106,卖盘
10:46:07,33.9,0.0,2,6780,卖盘
10:46:09,33.93,0.03,8,27144,买盘
10:46:13,33.93,0.0,1,3393,买盘
10:46:15,33.93,0.0,34,115332,买盘
10:46:18,33.93,0.0,4,13563,买盘
10:46:22,33.93,0.0,14,47502,买盘
10:46:25,33.92,-0.01,7,23744,买盘
10:46:28,33.93,0.01,65,220545,买盘
10:46:31,33.91,-0.02,15,50876,卖盘
10:46:33,33.92,0.01,33,111936,买盘
10:46:37,33.92,0.0,22,74624,卖盘
10:46:40,33.93,0.01,218,739474,买盘
10:46:43,33.93,0.0,14,47528,卖盘
10:46:46,33.95,0.02,80,271548,买盘
10:46:49,33.96,0.01,27,91666,买盘
10:46:52,33.95,-0.01,24,81480,卖盘
10:46:54,33.95,0.0,20,67912,卖盘
10:46:57,33.95,0.0,6,20370,卖盘
10:47:00,33.96,0.01,1,3396,买盘
10:47:04,33.96,0.0,30,101877,买盘
10:47:06,33.95,-0.01,35,118826,卖盘
10:47:10,33.96,0.01,267,906651,买盘
10:47:13,33.96,0.0,34,115464,买盘
10:47:15,33.96,0.0,5,16980,买盘
10:47:19,33.96,0.0,25,84894,买盘
10:47:21,33.95,-0.01,15,50925,卖盘
10:47:24,33.95,0.0,77,261415,卖盘
10:47:27,33.95,0.0,10,33950,买盘
10:47:30,33.93,-0.02,147,499004,卖盘
10:47:34,33.93,0.0,131,444482,买盘
10:47:36,33.93,0.0,2,6786,买盘
10:47:39,33.93,0.0,144,488592,买盘
10:47:43,33.92,-0.01,27,91602,卖盘
10:47:46,33.93,0.01,2,6786,买盘
10:47:49,33.93,0.0,6,20353,买盘
10:47:51,33.92,-0.01,22,74635,卖盘
10:47:55,33.92,0.0,16,54274,卖盘
10:47:58,33.93,0.01,3,10179,买盘
10:48:01,33.93,0.0,4,13569,买盘
10:48:04,33.93,0.0,3,10179,买盘
10:48:07,33.93,0.0,89,301953,买盘
10:48:09,33.92,-0.01,48,162857,卖盘
10:48:13,33.93,0.01,14,47492,中性盘
10:48:16,33.93,0.0,63,213774,买盘
10:48:19,33.93,0.0,2,6786,卖盘
10:48:21,33.94,0.01,7,23754,买盘
10:48:24,33.95,0.01,12,40730,买盘
10:48:27,33.95,0.0,48,162955,买盘
10:48:31,33.94,-0.01,507,1720758,卖盘
10:48:34,33.94,0.0,15,50909,买盘
10:48:36,33.93,-0.01,20,67860,卖盘
10:48:43,33.93,0.0,3,10179,买盘
10:48:46,33.93,0.0,6,20358,买盘
10:48:49,33.92,-0.01,7,23744,卖盘
10:48:52,33.92,0.0,2,6784,卖盘
10:48:55,33.93,0.01,12,40716,买盘
10:48:57,33.94,0.01,121,410553,买盘
10:49:01,33.94,0.0,11,37334,卖盘
10:49:04,33.95,0.01,16,54305,买盘
10:49:07,33.94,-0.01,25,84826,卖盘
10:49:09,33.92,-0.02,2,6784,中性盘
10:49:13,33.93,0.01,31,105225,中性盘
10:49:19,33.95,0.02,136,461688,买盘
10:49:22,33.95,0.0,6,20365,买盘
10:49:25,33.95,0.0,24,81480,买盘
10:49:28,33.94,-0.01,6,20364,卖盘
10:49:31,33.95,0.01,20,67890,买盘
10:49:34,33.95,0.0,24,81475,买盘
10:49:37,33.94,-0.01,51,173119,卖盘
10:49:40,33.94,0.0,1,3394,卖盘
10:49:46,33.94,0.0,2,6788,卖盘
10:49:49,33.95,0.01,106,359838,买盘
10:49:51,33.95,0.0,113,383615,买盘
10:49:55,33.95,0.0,37,125651,卖盘
10:49:58,33.96,0.01,9,30564,买盘
10:50:01,33.95,-0.01,10,33950,卖盘
10:50:03,33.96,0.01,185,628260,买盘
10:50:07,33.97,0.01,55,186813,买盘
10:50:09,33.97,0.0,81,275142,买盘
10:50:12,33.97,0.0,84,285275,买盘
10:50:16,33.97,0.0,15,50946,买盘
10:50:21,33.97,0.0,43,146071,买盘
10:50:25,33.96,-0.01,25,84920,卖盘
10:50:28,33.98,0.02,343,1165493,买盘
10:50:31,33.97,-0.01,21,71337,卖盘
10:50:34,33.97,0.0,37,125715,卖盘
10:50:36,33.99,0.02,24,81530,买盘
10:50:40,33.99,0.0,1,3399,买盘
10:50:42,33.98,-0.01,140,475848,买盘
10:50:46,33.99,0.01,50,169950,买盘
10:50:49,33.99,0.0,61,207291,买盘
10:50:51,33.99,0.0,21,71379,买盘
10:50:55,33.99,0.0,11,37387,买盘
10:50:57,33.99,0.0,8,27192,买盘
10:51:01,33.99,0.0,36,122364,买盘
10:51:04,33.99,0.0,151,513248,买盘
10:51:07,33.99,0.0,35,118942,买盘
10:51:10,33.99,0.0,13,44178,买盘
10:51:13,33.99,0.0,96,326984,买盘
10:51:15,34.0,0.01,35,118995,买盘
10:51:19,34.0,0.0,101,343300,买盘
10:51:21,34.0,0.0,33,112178,买盘
10:51:25,34.0,0.0,153,520199,买盘
10:51:28,33.99,-0.01,6,20397,卖盘
10:51:31,33.99,0.0,16,54392,卖盘
10:51:34,34.0,0.01,33,112199,买盘
10:51:37,33.99,-0.01,24,81576,卖盘
10:51:39,34.0,0.01,19,64600,买盘
10:51:45,33.99,-0.01,13,44199,卖盘
10:51:49,34.0,0.01,11,37394,买盘
10:51:52,34.0,0.0,26,88387,买盘
10:51:55,33.99,-0.01,32,108795,卖盘
10:51:58,34.0,0.01,7,23797,买盘
10:52:01,34.0,0.0,18,61190,买盘
10:52:04,33.99,-0.01,7,23793,卖盘
10:52:07,33.99,0.0,38,129177,卖盘
10:52:10,34.0,0.01,146,496400,买盘
10:52:13,34.0,0.0,30,102000,买盘
10:52:15,33.99,-0.01,8,27192,卖盘
10:52:18,33.99,0.0,32,108768,卖盘
10:52:22,34.0,0.01,24,81599,买盘
10:52:25,33.99,-0.01,7,23793,卖盘
10:52:28,33.99,0.0,17,57795,卖盘
10:52:31,33.99,0.0,7,23794,卖盘
10:52:34,34.0,0.01,75,255000,买盘
10:52:37,34.0,0.0,73,248140,买盘
10:52:40,34.0,0.0,37,125774,买盘
10:52:43,33.99,-0.01,24,81587,卖盘
10:52:46,33.99,0.0,6,20398,卖盘
10:52:49,34.0,0.01,13,44200,买盘
10:52:52,34.0,0.0,142,482800,买盘
10:52:55,34.0,0.0,22,74796,买盘
10:52:58,33.99,-0.01,59,200562,卖盘
10:53:01,34.0,0.01,261,887400,买盘
10:53:04,34.0,0.0,12,40810,卖盘
10:53:07,34.0,0.0,66,224413,卖盘
10:53:10,34.0,0.0,122,414898,卖盘
10:53:13,34.01,0.01,11,37411,买盘
10:53:15,34.01,0.0,22,74820,买盘
10:53:19,34.03,0.02,332,1129554,买盘
10:53:22,34.02,-0.01,63,214382,卖盘
10:53:25,34.04,0.02,145,493336,买盘
10:53:31,34.04,0.0,118,401655,买盘
10:53:33,34.04,0.0,12,40848,买盘
10:53:36,34.04,0.0,169,575277,买盘
10:53:40,34.03,-0.01,24,81692,卖盘
10:53:43,34.04,0.01,49,166804,卖盘
10:53:46,34.04,0.0,31,105533,卖盘
10:53:49,34.05,0.01,63,214464,买盘
10:53:52,34.05,0.0,4,13620,买盘
10:53:54,34.05,0.0,180,612899,买盘
10:53:58,34.05,0.0,37,125985,买盘
10:54:01,34.05,0.0,29,98734,买盘
10:54:04,34.05,0.0,64,217929,买盘
10:54:06,34.05,0.0,61,207714,卖盘
10:54:10,34.06,0.01,129,439350,买盘
10:54:13,34.05,-0.01,232,790087,卖盘
10:54:16,34.06,0.01,38,129408,买盘
10:54:19,34.06,0.0,31,105581,买盘
10:54:21,34.06,0.0,9,30654,卖盘
10:54:25,34.06,0.0,191,650705,卖盘
10:54:28,34.07,0.01,27,91979,买盘
10:54:31,34.06,-0.01,4,13625,卖盘
10:54:34,34.06,0.0,31,105586,卖盘
10:54:37,34.06,0.0,23,78341,卖盘
10:54:40,34.08,0.02,600,2044538,买盘
10:54:43,34.08,0.0,26,88603,买盘
10:54:45,34.07,-0.01,34,115835,卖盘
10:54:49,34.07,0.0,2,6814,卖盘
10:54:52,34.07,0.0,17,57919,卖盘
10:54:55,34.08,0.01,34,115868,买盘
10:54:58,34.07,-0.01,20,68150,卖盘
10:55:00,34.08,0.01,11,37487,买盘
10:55:04,34.08,0.0,18,61341,买盘
10:55:06,34.07,-0.01,3,10222,卖盘
10:55:10,34.07,0.0,40,136295,卖盘
10:55:13,34.07,0.0,39,132892,卖盘
10:55:16,34.07,0.0,118,402026,卖盘
10:55:19,34.09,0.02,231,787259,买盘
10:55:22,34.08,-0.01,25,85200,卖盘
10:55:25,34.09,0.01,21,71581,买盘
10:55:27,34.08,-0.01,146,497570,卖盘
10:55:30,34.09,0.01,11,37499,买盘
10:55:34,34.08,-0.01,4,13634,卖盘
10:55:36,34.09,0.01,164,559076,买盘
10:55:40,34.09,0.0,63,214730,买盘
10:55:43,34.09,0.0,25,85223,买盘
10:55:46,34.09,0.0,14,47723,买盘
10:55:48,34.09,0.0,13,44313,买盘
10:55:51,34.08,-0.01,17,57937,卖盘
10:55:54,34.08,0.0,16,54540,卖盘
10:55:58,34.08,0.0,62,211326,卖盘
10:56:00,34.09,0.01,51,173829,买盘
10:56:03,34.08,-0.01,108,368114,卖盘
10:56:07,34.09,0.01,3,10227,买盘
10:56:10,34.09,0.0,78,265867,买盘
10:56:12,34.09,0.0,1032,3518666,买盘
10:56:15,34.1,0.01,43,146627,买盘
10:56:19,34.09,-0.01,17,57953,卖盘
10:56:22,34.1,0.01,132,450018,买盘
10:56:25,34.09,-0.01,33,112497,中性盘
10:56:28,34.08,-0.01,27,92041,卖盘
10:56:31,34.09,0.01,11,37497,买盘
10:56:37,34.08,-0.01,6,20448,卖盘
10:56:39,34.09,0.01,41,139746,买盘
10:56:43,34.09,0.0,18,61355,买盘
10:56:45,34.09,0.0,78,265875,买盘
10:56:49,34.08,-0.01,9,30675,卖盘
10:56:52,34.08,0.0,16,54532,卖盘
10:56:55,34.09,0.01,116,395425,买盘
10:56:58,34.08,-0.01,80,272656,卖盘
10:57:00,34.08,0.0,12,40906,卖盘
10:57:03,34.09,0.01,18,61362,买盘
10:57:07,34.09,0.0,147,501123,买盘
10:57:10,34.09,0.0,40,136338,买盘
10:57:13,34.09,0.0,77,262492,买盘
10:57:16,34.09,0.0,20,68180,买盘
10:57:19,34.08,-0.01,20,68162,卖盘
10:57:22,34.08,0.0,159,542016,卖盘
10:57:24,34.09,0.01,15,51134,买盘
10:57:28,34.08,-0.01,1,3408,卖盘
10:57:31,34.09,0.01,12,40908,买盘
10:57:34,34.08,-0.01,61,207945,卖盘
10:57:37,34.09,0.01,36,122695,买盘
10:57:39,34.08,-0.01,40,136330,卖盘
10:57:43,34.09,0.01,53,180676,买盘
10:57:48,34.08,-0.01,20,68170,卖盘
10:57:52,34.08,0.0,11,37488,卖盘
10:57:54,34.1,0.02,544,1854615,买盘
10:57:57,34.08,-0.02,10,34082,卖盘
10:58:01,34.09,0.01,169,576283,中性盘
10:58:03,34.08,-0.01,22,74981,卖盘
10:58:07,34.09,0.01,80,272717,中性盘
10:58:10,34.1,0.01,44,150006,买盘
10:58:13,34.11,0.01,538,1834755,买盘
10:58:15,34.09,-0.02,24,81835,卖盘
10:58:19,34.11,0.02,45,153451,买盘
10:58:22,34.09,-0.02,17,57970,卖盘
10:58:25,34.11,0.02,21,71621,买盘
10:58:28,34.09,-0.02,10,34097,卖盘
10:58:31,34.11,0.02,78,266039,买盘
10:58:33,34.11,0.0,274,934614,买盘
10:58:37,34.11,0.0,37,126207,买盘
10:58:39,34.1,-0.01,35,119354,卖盘
10:58:43,34.11,0.01,2,6821,买盘
10:58:46,34.11,0.0,15,51159,买盘
10:58:49,34.1,-0.01,17,57977,卖盘
10:58:52,34.11,0.01,164,559389,买盘
10:58:54,34.11,0.0,37,126185,买盘
10:58:58,34.1,-0.01,20,68210,卖盘
10:59:01,34.11,0.01,13,44341,买盘
10:59:04,34.11,0.0,35,119380,买盘
10:59:07,34.09,-0.02,272,927502,卖盘
10:59:10,34.09,0.0,15,51135,买盘
10:59:13,34.08,-0.01,10,34088,卖盘
10:59:16,34.09,0.01,9,30681,买盘
10:59:19,34.08,-0.01,34,115872,卖盘
10:59:21,34.07,-0.01,51,173799,卖盘
10:59:25,34.1,0.03,154,524956,买盘
10:59:28,34.1,0.0,4,13638,买盘
10:59:31,34.08,-0.02,10,34097,卖盘
10:59:34,34.09,0.01,4,13634,中性盘
10:59:37,34.09,0.0,14,47717,卖盘
10:59:40,34.09,0.0,28,95454,卖盘
10:59:42,34.1,0.01,148,504676,买盘
10:59:46,34.09,-0.01,3,10227,卖盘
10:59:49,34.1,0.01,55,187503,买盘
10:59:50,34.09,-0.01,12,40910,卖盘
10:59:54,34.1,0.01,39,132971,买盘
10:59:58,34.1,0.0,121,412529,买盘
11:00:00,34.09,-0.01,224,763616,卖盘
11:00:04,34.09,0.0,1,3409,买盘
11:00:07,34.08,-0.01,96,327169,卖盘
11:00:10,34.07,-0.01,76,258998,卖盘
11:00:13,34.08,0.01,1,3408,买盘
11:00:16,34.07,-0.01,38,129484,卖盘
11:00:19,34.07,0.0,85,289645,卖盘
11:00:22,34.07,0.0,38,129489,卖盘
11:00:25,34.1,0.03,2000,6817752,买盘
11:00:28,34.09,-0.01,70,238661,中性盘
11:00:31,34.08,-0.01,50,170421,卖盘
11:00:34,34.1,0.02,99,337586,买盘
11:00:37,34.11,0.01,10,34109,买盘
11:00:40,34.1,-0.01,12,40920,卖盘
11:00:43,34.11,0.01,38,129592,买盘
11:00:45,34.11,0.0,849,2893886,买盘
11:00:49,34.11,0.0,47,160326,卖盘
11:00:52,34.12,0.01,131,446952,买盘
11:00:55,34.11,-0.01,48,163773,卖盘
11:00:58,34.11,0.0,37,126219,卖盘
11:01:01,34.12,0.01,1342,4580614,买盘
11:01:04,34.13,0.01,152,518752,买盘
11:01:07,34.12,-0.01,400,1365180,卖盘
11:01:10,34.13,0.01,428,1460742,买盘
11:01:12,34.14,0.01,222,757676,买盘
11:01:16,34.14,0.0,97,331148,买盘
11:01:19,34.14,0.0,164,559896,买盘
11:01:21,34.15,0.01,481,1642467,买盘
11:01:25,34.15,0.0,1130,3857805,买盘
11:01:28,34.16,0.01,325,1110167,买盘
11:01:31,34.16,0.0,189,645561,买盘
11:01:34,34.16,0.0,64,218621,买盘
11:01:36,34.17,0.01,79,269874,买盘
11:01:40,34.16,-0.01,50,170830,卖盘
11:01:43,34.16,0.0,154,526171,卖盘
11:01:46,34.17,0.01,132,451038,买盘
11:01:48,34.17,0.0,199,680018,买盘
11:01:52,34.17,0.0,56,191379,卖盘
11:01:55,34.18,0.01,46,157193,买盘
11:01:58,34.18,0.0,52,177735,买盘
11:02:01,34.17,-0.01,33,112789,卖盘
11:02:04,34.18,0.01,43,146974,买盘
11:02:07,34.17,-0.01,402,1373987,卖盘
11:02:10,34.17,0.0,55,187975,卖盘
11:02:13,34.17,0.0,58,198218,卖盘
11:02:16,34.17,0.0,151,516113,卖盘
11:02:19,34.17,0.0,299,1021730,卖盘
11:02:22,34.18,0.01,409,1397653,买盘
11:02:25,34.16,-0.02,601,2053575,卖盘
11:02:28,34.16,0.0,32,109302,买盘
11:02:31,34.16,0.0,28,95662,买盘
11:02:33,34.16,0.0,35,119540,买盘
11:02:37,34.16,0.0,66,225456,买盘
11:02:40,34.17,0.01,27,92245,买盘
11:02:43,34.16,-0.01,39,133227,卖盘
11:02:46,34.16,0.0,42,143472,卖盘
11:02:49,34.16,0.0,12,40996,卖盘
11:02:52,34.16,0.0,53,181072,卖盘
11:02:55,34.17,0.01,345,1178729,买盘
11:02:58,34.16,-0.01,78,266458,卖盘
11:03:01,34.16,0.0,10,34160,买盘
11:03:02,34.15,-0.01,83,283514,卖盘
11:03:06,34.16,0.01,217,741271,买盘
11:03:10,34.15,-0.01,131,447475,卖盘
11:03:13,34.16,0.01,31,105866,买盘
11:03:16,34.16,0.0,28,95640,买盘
11:03:17,34.15,-0.01,97,331375,卖盘
11:03:22,34.15,0.0,53,181001,卖盘
11:03:25,34.17,0.02,51,174226,买盘
11:03:26,34.16,-0.01,49,167409,卖盘
11:03:31,34.17,0.01,14,47837,买盘
11:03:34,34.17,0.0,11,37577,买盘
11:03:37,34.16,-0.01,22,75157,卖盘
11:03:40,34.17,0.01,19,64923,买盘
11:03:43,34.16,-0.01,46,157157,卖盘
11:03:46,34.17,0.01,56,191323,买盘
11:03:49,34.16,-0.01,436,1489576,卖盘
11:03:51,34.17,0.01,38,129829,买盘
11:03:55,34.16,-0.01,645,2204279,卖盘
11:03:58,34.17,0.01,39,133326,买盘
11:04:01,34.18,0.01,418,1428703,买盘
11:04:04,34.16,-0.02,37,126409,卖盘
11:04:07,34.17,0.01,32,109362,卖盘
11:04:10,34.17,0.0,34,116178,卖盘
11:04:12,34.17,0.0,96,328032,卖盘
11:04:15,34.17,0.0,307,1049231,卖盘
11:04:19,34.17,0.0,56,191302,买盘
11:04:22,34.17,0.0,210,717474,买盘
11:04:25,34.16,-0.01,222,758668,中性盘
11:04:28,34.16,0.0,11,37577,卖盘
11:04:31,34.17,0.01,5,17085,买盘
11:04:34,34.17,0.0,4,13666,买盘
11:04:37,34.15,-0.02,67,228862,卖盘
11:04:42,34.16,0.01,2,6832,买盘
11:04:46,34.14,-0.02,108,368814,卖盘
11:04:48,34.16,0.02,88,300607,买盘
11:04:52,34.16,0.0,21,71736,卖盘
11:04:55,34.16,0.0,98,334835,卖盘
11:04:58,34.16,0.0,40,136648,卖盘
11:05:01,34.16,0.0,125,427003,卖盘
11:05:04,34.16,0.0,198,676563,卖盘
11:05:07,34.17,0.01,78,266453,买盘
11:05:10,34.16,-0.01,62,211841,卖盘
11:05:13,34.16,0.0,51,174230,卖盘
11:05:16,34.16,0.0,20,68320,卖盘
11:05:19,34.16,0.0,102,348550,卖盘
11:05:22,34.16,0.0,58,198168,卖盘
11:05:25,34.17,0.01,12,41015,中性盘
11:05:28,34.17,0.0,63,215309,卖盘
11:05:31,34.17,0.0,13,44421,卖盘
11:05:34,34.18,0.01,55,187975,买盘
11:05:37,34.18,0.0,216,738254,买盘
11:05:40,34.17,-0.01,11,37587,买盘
11:05:43,34.16,-0.01,68,232339,卖盘
11:05:45,34.17,0.01,18,61514,卖盘
11:05:49,34.17,0.0,1,3417,卖盘
11:05:52,34.17,0.0,5,17085,买盘
11:05:55,34.18,0.01,195,666449,买盘
11:05:58,34.17,-0.01,10,34171,中性盘
11:06:01,34.17,0.0,10,34174,卖盘
11:06:04,34.18,0.01,75,256340,买盘
11:06:06,34.17,-0.01,80,273379,卖盘
11:06:10,34.18,0.01,69,235775,买盘
11:06:13,34.18,0.0,364,1244123,买盘
11:06:16,34.17,-0.01,78,266548,卖盘
11:06:19,34.18,0.01,4,13672,买盘
11:06:22,34.18,0.0,78,266603,买盘
11:06:24,34.18,0.0,28,95704,买盘
11:06:28,34.17,-0.01,3,10251,卖盘
11:06:30,34.17,0.0,46,157185,卖盘
11:06:34,34.17,0.0,39,133288,卖盘
11:06:36,34.17,0.0,69,235781,卖盘
11:06:39,34.18,0.01,87,297318,买盘
11:06:42,34.17,-0.01,61,208441,卖盘
11:06:46,34.17,0.0,277,946716,卖盘
11:06:48,34.17,0.0,86,293862,卖盘
11:06:52,34.16,-0.01,109,372438,卖盘
11:06:55,34.16,0.0,10,34163,卖盘
11:06:58,34.16,0.0,7,23912,卖盘
11:07:01,34.17,0.01,46,157160,买盘
11:07:03,34.17,0.0,217,741599,买盘
11:07:07,34.18,0.01,10,34179,买盘
11:07:08,34.18,0.0,55,187936,买盘
11:07:13,34.17,-0.01,32,109344,卖盘
11:07:15,34.18,0.01,231,789547,买盘
11:07:18,34.17,-0.01,14,49523,卖盘
11:07:22,34.18,0.01,77,263136,买盘
11:07:25,34.19,0.01,152,519617,买盘
11:07:28,34.18,-0.01,40,137267,卖盘
11:07:30,34.2,0.02,1630,5573035,买盘
11:07:34,34.2,0.0,158,540221,买盘
11:07:36,34.18,-0.02,101,345261,卖盘
11:07:39,34.2,0.02,40,133697,买盘
11:07:43,34.18,-0.02,36,124544,卖盘
11:07:46,34.2,0.02,9,30778,买盘
11:07:49,34.18,-0.02,54,184669,卖盘
11:07:52,34.2,0.02,166,566991,买盘
11:07:55,34.2,0.0,8,27360,买盘
11:07:57,34.19,-0.01,420,1435359,中性盘
11:08:01,34.2,0.01,47,160720,买盘
11:08:03,34.2,0.0,110,376167,买盘
11:08:07,34.19,-0.01,143,491684,卖盘
11:08:10,34.19,0.0,99,338574,卖盘
11:08:12,34.19,0.0,32,109420,卖盘
11:08:16,34.2,0.01,224,766408,买盘
11:08:19,34.2,0.0,64,218847,买盘
11:08:21,34.2,0.0,570,1949384,买盘
11:08:25,34.2,0.0,111,378517,买盘
11:08:28,34.2,0.0,93,318060,买盘
11:08:30,34.2,0.0,73,249656,买盘
11:08:34,34.2,0.0,71,243188,买盘
11:08:37,34.2,0.0,37,126528,买盘
11:08:40,34.2,0.0,270,923093,买盘
11:08:42,34.2,0.0,42,143615,买盘
11:08:46,34.18,-0.02,137,466184,卖盘
11:08:48,34.2,0.02,44,151607,买盘
11:08:54,34.18,-0.02,109,372655,卖盘
11:08:58,34.2,0.02,570,1949256,买盘
11:09:01,34.19,-0.01,36,123080,买盘
11:09:04,34.18,-0.01,3,12171,卖盘
11:09:07,34.19,0.01,2,6837,买盘
11:09:10,34.18,-0.01,1,3418,卖盘
11:09:13,34.18,0.0,183,625474,卖盘
11:09:16,34.19,0.01,125,427309,买盘
11:09:19,34.18,-0.01,107,365822,卖盘
11:09:22,34.18,0.0,448,1532104,卖盘
11:09:25,34.19,0.01,35,119679,卖盘
11:09:28,34.19,0.0,36,123089,卖盘
11:09:30,34.19,0.0,41,137512,卖盘
11:09:34,34.19,0.0,80,273520,卖盘
11:09:37,34.18,-0.01,237,813040,卖盘
11:09:40,34.18,0.0,33,111109,卖盘
11:09:43,34.17,-0.01,289,989161,卖盘
11:09:45,34.15,-0.02,47,160547,卖盘
11:09:48,34.15,0.0,6,20490,卖盘
11:09:52,34.14,-0.01,84,286831,卖盘
11:09:54,34.14,0.0,72,245819,卖盘
11:09:58,34.14,0.0,78,266297,卖盘
11:10:00,34.13,-0.01,126,430046,卖盘
11:10:04,34.12,-0.01,148,504157,卖盘
11:10:06,34.12,0.0,416,1418699,卖盘
11:10:09,34.1,-0.02,127,433306,卖盘
11:10:13,34.11,0.01,4,13644,卖盘
11:10:16,34.1,-0.01,34,115969,卖盘
11:10:18,34.1,0.0,53,180729,卖盘
11:10:22,34.1,0.0,34,115908,买盘
11:10:25,34.09,-0.01,40,136361,卖盘
11:10:28,34.1,0.01,85,289836,买盘
11:10:31,34.1,0.0,48,163735,买盘
11:10:34,34.11,0.01,75,255716,买盘
11:10:37,34.1,-0.01,19,64792,卖盘
11:10:39,34.11,0.01,60,204637,买盘
11:10:43,34.1,-0.01,78,267532,卖盘
11:10:46,34.1,0.0,31,104283,卖盘
11:10:48,34.12,0.02,91,310342,买盘
11:10:52,34.12,0.0,9,30703,买盘
11:10:55,34.11,-0.01,37,125788,买盘
11:10:58,34.11,0.0,24,81881,卖盘
11:11:01,34.12,0.01,70,238787,买盘
11:11:04,34.13,0.01,50,170605,买盘
11:11:07,34.13,0.0,2,6825,买盘
11:11:10,34.12,-0.01,241,822283,卖盘
11:11:13,34.12,0.0,11,37531,买盘
11:11:16,34.12,0.0,4,13648,买盘
11:11:18,34.11,-0.01,218,744399,卖盘
11:11:22,34.1,-0.01,26,89212,买盘
11:11:24,34.12,0.02,18,61401,买盘
11:11:28,34.11,-0.01,11,37521,中性盘
11:11:31,34.1,-0.01,11,37513,卖盘
11:11:34,34.11,0.01,24,80793,买盘
11:11:37,34.1,-0.01,13,44330,卖盘
11:11:39,34.1,0.0,50,170875,卖盘
11:11:42,34.1,0.0,34,115944,卖盘
11:11:45,34.1,0.0,47,161669,卖盘
11:11:49,34.1,0.0,10,32057,买盘
11:11:52,34.1,0.0,145,494520,买盘
11:11:55,34.1,0.0,6,20460,买盘
11:11:58,34.1,0.0,13,44321,买盘
11:12:00,34.11,0.01,130,443396,买盘
11:12:04,34.09,-0.02,36,122762,卖盘
11:12:07,34.09,0.0,58,199971,卖盘
11:12:10,34.09,0.0,11,37506,卖盘
11:12:12,34.1,0.01,8,27280,中性盘
11:12:16,34.11,0.01,87,296665,买盘
11:12:19,34.1,-0.01,5,17050,中性盘
11:12:22,34.11,0.01,4,13644,买盘
11:12:25,34.1,-0.01,6,17699,卖盘
11:12:28,34.11,0.01,12,40932,买盘
11:12:31,34.11,0.0,8,29361,买盘
11:12:34,34.1,-0.01,30,102300,卖盘
11:12:37,34.1,0.0,14,45976,卖盘
11:12:39,34.1,0.0,14,47740,卖盘
11:12:43,34.1,0.0,27,94663,卖盘
11:12:45,34.11,0.01,156,532111,买盘
11:12:48,34.1,-0.01,203,692167,卖盘
11:12:52,34.1,0.0,170,579700,买盘
11:12:55,34.1,0.0,67,228470,买盘
11:12:57,34.1,0.0,38,129950,买盘
11:13:01,34.1,0.0,84,283167,买盘
11:13:03,34.1,0.0,18,61375,卖盘
11:13:07,34.1,0.0,6,20460,卖盘
11:13:10,34.1,0.0,69,235355,卖盘
11:13:12,34.11,0.01,10,34107,买盘
11:13:16,34.1,-0.01,34,117576,卖盘
11:13:19,34.11,0.01,29,98893,买盘
11:13:22,34.11,0.0,70,237143,买盘
11:13:25,34.09,-0.02,267,910416,卖盘
11:13:28,34.1,0.01,22,75020,买盘
11:13:31,34.09,-0.01,71,244869,卖盘
11:13:37,34.1,0.01,2,6820,买盘
11:13:40,34.09,-0.01,10,34499,卖盘
11:13:43,34.0,-0.09,2013,6851413,卖盘
11:13:46,34.09,0.09,110,374940,中性盘
11:13:49,34.08,-0.01,40,136320,买盘
11:13:55,34.05,-0.03,60,204300,买盘
11:13:58,34.05,0.0,10,34050,卖盘
11:14:01,34.02,-0.03,58,197484,卖盘
11:14:04,34.05,0.03,13,44250,买盘
11:14:07,34.04,-0.01,18,59371,中性盘
11:14:10,34.04,0.0,6,20424,买盘
11:14:13,34.05,0.01,118,401755,买盘
11:14:15,34.04,-0.01,30,102072,中性盘
11:14:19,34.03,-0.01,22,74892,卖盘
11:14:22,34.03,0.0,13,44240,卖盘
11:14:25,34.03,0.0,230,783069,卖盘
11:14:27,34.04,0.01,44,149746,中性盘
11:14:31,34.04,0.0,81,275696,卖盘
11:14:33,34.05,0.01,82,279076,买盘
11:14:37,34.04,-0.01,18,61262,中性盘
11:14:39,34.07,0.03,241,820580,买盘
11:14:43,34.05,-0.02,8,27234,中性盘
11:14:46,34.04,-0.01,28,96574,卖盘
11:14:48,34.04,0.0,178,606080,卖盘
11:14:52,34.05,0.01,8,27238,买盘
11:14:55,34.04,-0.01,7,23390,卖盘
11:14:57,34.04,0.0,37,125948,卖盘
11:15:01,34.05,0.01,12,40849,买盘
11:15:03,34.04,-0.01,3,10212,卖盘
11:15:06,34.04,0.0,15,51067,卖盘
11:15:10,34.04,0.0,3,9089,卖盘
11:15:13,34.05,0.01,6,20430,买盘
11:15:16,34.04,-0.01,31,105524,卖盘
11:15:19,34.04,0.0,101,343040,卖盘
11:15:22,34.04,0.0,37,125992,卖盘
11:15:25,34.05,0.01,5,17025,买盘
11:15:27,34.04,-0.01,6,20424,卖盘
11:15:30,34.05,0.01,225,765896,买盘
11:15:34,34.03,-0.02,4,14091,卖盘
11:15:36,34.03,0.0,3,10209,卖盘
11:15:39,34.04,0.01,14,48102,买盘
11:15:43,34.04,0.0,6,20425,卖盘
11:15:46,34.04,0.0,56,190630,卖盘
11:15:49,34.05,0.01,47,160919,买盘
11:15:52,34.04,-0.01,5,17021,卖盘
11:15:55,34.0,-0.04,1077,3665368,卖盘
11:15:58,34.04,0.04,36,119821,买盘
11:16:01,34.04,0.0,33,115080,卖盘
11:16:04,34.05,0.01,22,74903,买盘
11:16:07,34.04,-0.01,9,30636,买盘
11:16:10,34.0,-0.04,104,350967,卖盘
11:16:12,33.99,-0.01,248,843544,卖盘
11:16:16,34.0,0.01,62,210971,中性盘
11:16:19,34.01,0.01,3,10203,中性盘
11:16:22,34.0,-0.01,75,255073,卖盘
11:16:25,34.0,0.0,23,78200,买盘
11:16:28,34.0,0.0,447,1519800,买盘
11:16:31,33.99,-0.01,4,13936,卖盘
11:16:33,34.0,0.01,68,231170,买盘
11:16:37,34.0,0.0,25,84978,买盘
11:16:39,34.0,0.0,97,331290,买盘
11:16:43,34.0,0.0,67,227081,买盘
11:16:45,34.0,0.0,80,272041,卖盘
11:16:48,34.02,0.02,32,108807,买盘
11:16:52,34.01,-0.01,32,108837,卖盘
11:16:55,34.02,0.01,12,39694,买盘
11:16:58,34.0,-0.02,100,340014,卖盘
11:17:00,34.02,0.02,25,85049,买盘
11:17:04,34.01,-0.01,15,50981,卖盘
11:17:06,34.02,0.01,31,105462,买盘
11:17:10,34.02,0.0,42,142883,买盘
11:17:13,34.02,0.0,12,42649,买盘
11:17:16,34.01,-0.01,109,370812,卖盘
11:17:19,34.02,0.01,35,119042,中性盘
11:17:22,34.02,0.0,52,176882,卖盘
11:17:25,34.04,0.02,14,47644,买盘
11:17:31,34.03,-0.01,14,47648,卖盘
11:17:34,34.03,0.0,6,19193,卖盘
11:17:37,34.03,0.0,34,115704,卖盘
11:17:39,34.03,0.0,24,81689,卖盘
11:17:43,34.04,0.01,11,39282,买盘
11:17:46,34.04,0.0,18,61272,买盘
11:17:49,34.03,-0.01,221,752259,卖盘
11:17:51,34.05,0.02,40,136158,买盘
11:17:55,34.04,-0.01,13,44250,中性盘
11:17:58,34.05,0.01,16,52634,买盘
11:18:01,34.03,-0.02,333,1133253,卖盘
11:18:04,34.03,0.0,76,260466,卖盘
11:18:07,34.02,-0.01,33,111472,卖盘
11:18:10,34.03,0.01,22,74866,买盘
11:18:13,34.02,-0.01,30,102879,卖盘
11:18:18,34.01,-0.01,73,247204,卖盘
11:18:22,34.0,-0.01,99,337736,卖盘
11:18:25,34.0,0.0,11,37398,买盘
11:18:28,33.99,-0.01,17,55177,卖盘
11:18:30,34.0,0.01,32,108790,买盘
11:18:34,33.99,-0.01,40,136199,卖盘
11:18:37,34.0,0.01,14,47593,买盘
11:18:40,33.99,-0.01,36,122385,卖盘
11:18:43,33.99,0.0,10,34810,卖盘
11:18:45,34.0,0.01,150,510000,买盘
11:18:48,34.0,0.0,35,118977,买盘
11:18:52,34.0,0.0,56,191155,买盘
11:18:55,34.0,0.0,16,54395,买盘
11:18:58,34.0,0.0,2,6800,买盘
11:19:00,33.99,-0.01,46,154996,卖盘
11:19:04,33.99,0.0,29,98598,卖盘
11:19:07,34.0,0.01,27,93377,买盘
11:19:10,34.0,0.0,34,115600,买盘
11:19:13,34.01,0.01,130,442434,买盘
11:19:16,34.0,-0.01,8,27205,卖盘
11:19:19,34.0,0.0,31,103292,卖盘
11:19:21,34.01,0.01,25,85020,买盘
11:19:25,34.0,-0.01,11,37503,卖盘
11:19:28,34.02,0.02,90,307611,买盘
11:19:31,34.02,0.0,52,176860,买盘
11:19:34,34.0,-0.02,19,62799,卖盘
11:19:37,34.0,0.0,181,617194,卖盘
11:19:40,34.0,0.0,148,502381,买盘
11:19:42,34.0,0.0,26,86598,买盘
11:19:46,34.03,0.03,106,360527,买盘
11:19:49,34.0,-0.03,93,316251,卖盘
11:19:52,34.03,0.03,18,61247,买盘
11:19:55,34.0,-0.03,10,34000,卖盘
11:19:58,34.0,0.0,12,42300,卖盘
11:20:01,34.01,0.01,63,214233,买盘
11:20:04,34.01,0.0,38,129197,买盘
11:20:07,34.01,0.0,2,6801,买盘
11:20:09,34.01,0.0,37,126062,买盘
11:20:13,34.0,-0.01,19,64611,卖盘
11:20:16,34.0,0.0,36,121591,卖盘
11:20:19,34.01,0.01,45,153007,买盘
11:20:22,34.01,0.0,27,91826,买盘
11:20:25,34.01,0.0,37,125976,买盘
11:20:27,34.01,0.0,8,27208,买盘
11:20:31,34.01,0.0,28,95228,买盘
11:20:34,34.0,-0.01,21,73144,卖盘
11:20:37,34.01,0.01,154,523749,买盘
11:20:40,34.03,0.02,41,139469,买盘
11:20:43,34.0,-0.03,20,68003,卖盘
11:20:46,34.01,0.01,30,102030,卖盘
11:20:49,34.03,0.02,56,190022,买盘
11:20:52,34.01,-0.02,23,78244,卖盘
11:20:55,34.01,0.0,8,27218,卖盘
11:20:58,34.03,0.02,19,63825,买盘
11:21:00,34.03,0.0,19,64657,买盘
11:21:04,34.02,-0.01,34,115668,卖盘
11:21:07,34.03,0.01,25,85205,买盘
11:21:10,34.02,-0.01,256,871156,卖盘
11:21:12,34.02,0.0,33,111085,卖盘
11:21:16,34.03,0.01,15,51039,买盘
11:21:19,34.03,0.0,65,221058,买盘
11:21:22,34.03,0.0,6,20418,买盘
11:21:25,34.02,-0.01,14,47640,卖盘
11:21:28,34.04,0.02,83,282348,买盘
11:21:30,34.04,0.0,11,37444,卖盘
11:21:34,34.05,0.01,12,40859,买盘
11:21:37,34.08,0.03,267,909087,买盘
11:21:39,34.08,0.0,25,85161,买盘
11:21:43,34.06,-0.02,133,452756,中性盘
11:21:45,34.06,0.0,15,52041,卖盘
11:21:49,34.05,-0.01,32,108983,卖盘
11:21:52,34.07,0.02,10,34060,买盘
11:21:55,34.06,-0.01,104,354475,中性盘
11:21:58,34.08,0.02,21,71532,买盘
11:22:00,34.08,0.0,46,156731,买盘
11:22:03,34.06,-0.02,5,17032,卖盘
11:22:07,34.06,0.0,66,224523,卖盘
11:22:10,34.06,0.0,134,456596,卖盘
11:22:13,34.06,0.0,5,17920,卖盘
11:22:16,34.06,0.0,46,156678,卖盘
11:22:19,34.06,0.0,47,158659,卖盘
11:22:21,34.08,0.02,1,3408,买盘
11:22:25,34.07,-0.01,8,28649,中性盘
11:22:28,34.1,0.03,180,613594,买盘
11:22:31,34.06,-0.04,27,92070,卖盘
11:22:33,34.08,0.02,46,156677,买盘
11:22:37,34.08,0.0,11,37488,卖盘
11:22:39,34.09,0.01,18,61362,卖盘
11:22:43,34.08,-0.01,16,52973,卖盘
11:22:46,34.09,0.01,8,27271,买盘
11:22:48,34.09,0.0,39,132914,买盘
11:22:51,34.09,0.0,82,280317,买盘
11:22:54,34.09,0.0,20,68173,卖盘
11:22:58,34.1,0.01,36,122723,买盘
11:23:00,34.1,0.0,23,78427,买盘
11:23:04,34.09,-0.01,68,231812,卖盘
11:23:07,34.08,-0.01,36,124144,卖盘
11:23:10,34.09,0.01,31,105679,买盘
11:23:13,34.09,0.0,17,57953,买盘
11:23:15,34.08,-0.01,51,173829,卖盘
11:23:19,34.08,0.0,54,184056,卖盘
11:23:22,34.09,0.01,36,122721,买盘
11:23:25,34.09,0.0,163,555667,买盘
11:23:28,34.08,-0.01,76,257734,卖盘
11:23:31,34.08,0.0,2,6816,卖盘
11:23:33,34.08,0.0,5,17040,卖盘
11:23:36,34.09,0.01,26,88625,买盘
11:23:40,34.08,-0.01,18,61357,卖盘
11:23:42,34.08,0.0,17,59414,卖盘
11:23:45,34.08,0.0,11,37488,卖盘
11:23:49,34.08,0.0,196,667623,卖盘
11:23:52,34.08,0.0,230,783845,卖盘
11:23:55,34.07,-0.01,56,190383,卖盘
11:23:57,34.04,-0.03,43,145799,买盘
11:24:01,34.03,-0.01,207,704567,卖盘
11:24:03,34.03,0.0,10,34030,买盘
11:24:07,34.08,0.05,33,112361,买盘
11:24:09,34.08,0.0,2,6816,买盘
11:24:12,34.04,-0.04,2,6808,中性盘
11:24:16,34.04,0.0,3,10212,买盘
11:24:19,34.08,0.04,77,261507,买盘
11:24:22,34.06,-0.02,4,13615,中性盘
11:24:28,34.07,0.01,25,85157,买盘
11:24:31,34.06,-0.01,1,3406,中性盘
11:24:33,34.04,-0.02,84,286198,卖盘
11:24:37,34.08,0.04,15,51120,买盘
11:24:40,34.06,-0.02,18,61316,卖盘
11:24:42,34.06,0.0,16,54895,卖盘
11:24:46,34.08,0.02,22,74972,买盘
11:24:49,34.07,-0.01,28,95946,卖盘
11:24:52,34.1,0.03,235,801206,买盘
11:24:55,34.08,-0.02,5,17046,中性盘
11:24:58,34.08,0.0,10,34080,卖盘
11:25:01,34.1,0.02,23,78404,买盘
11:25:04,34.08,-0.02,3,11349,卖盘
11:25:07,34.09,0.01,10,34090,买盘
11:25:10,34.1,0.01,39,132961,买盘
11:25:13,34.08,-0.02,5,17047,卖盘
11:25:15,34.09,0.01,17,57946,买盘
11:25:19,34.1,0.01,153,519333,买盘
11:25:22,34.1,0.0,27,92067,买盘
11:25:24,34.09,-0.01,37,126101,中性盘
11:25:28,34.1,0.01,33,112519,买盘
11:25:31,34.1,0.0,105,358050,买盘
11:25:34,34.1,0.0,6,20460,卖盘
11:25:36,34.11,0.01,89,304871,买盘
11:25:40,34.1,-0.01,5,17050,卖盘
11:25:42,34.1,0.0,13,44330,卖盘
11:25:45,34.12,0.02,42,144928,买盘
11:25:49,34.1,-0.02,27,92081,卖盘
11:25:52,34.11,0.01,24,79357,买盘
11:25:55,34.12,0.01,162,552729,买盘
11:25:58,34.12,0.0,182,621155,买盘
11:26:01,34.13,0.01,38,129670,买盘
11:26:04,34.13,0.0,23,78499,买盘
11:26:07,34.12,-0.01,1,3582,卖盘
11:26:10,34.13,0.01,3,10239,卖盘
11:26:13,34.13,0.0,13,44615,卖盘
11:26:16,34.14,0.01,17,58038,买盘
11:26:19,34.13,-0.01,54,184306,卖盘
11:26:21,34.14,0.01,17,58038,买盘
11:26:25,34.13,-0.01,109,373271,卖盘
11:26:28,34.15,0.02,30,102426,买盘
11:26:31,34.14,-0.01,22,75108,卖盘
11:26:34,34.15,0.01,101,344914,买盘
11:26:37,34.14,-0.01,129,439146,卖盘
11:26:40,34.15,0.01,9,30734,买盘
11:26:43,34.15,0.0,57,194655,买盘
11:26:46,34.15,0.0,18,63929,买盘
11:26:49,34.14,-0.01,13,44392,卖盘
11:26:51,34.15,0.01,44,150237,买盘
11:26:58,34.16,0.01,46,157114,买盘
11:27:00,34.15,-0.01,23,75608,中性盘
11:27:04,34.15,0.0,28,95643,卖盘
11:27:06,34.15,0.0,270,924669,卖盘
11:27:09,34.16,0.01,1,3416,中性盘
11:27:13,34.15,-0.01,47,160572,卖盘
11:27:16,34.16,0.01,26,88813,卖盘
11:27:19,34.16,0.0,19,64195,买盘
11:27:22,34.16,0.0,20,68320,买盘
11:27:25,34.15,-0.01,15,52293,卖盘
11:27:28,34.15,0.0,7,23911,卖盘
11:27:31,34.16,0.01,55,187843,买盘
11:27:34,34.15,-0.01,344,1174428,卖盘
11:27:37,34.16,0.01,180,613295,买盘
11:27:40,34.15,-0.01,11,37565,卖盘
11:27:43,34.15,0.0,37,125224,卖盘
11:27:46,34.16,0.01,12,40990,买盘
11:27:48,34.16,0.0,13,44398,买盘
11:27:52,34.16,0.0,47,160311,买盘
11:27:54,34.15,-0.01,29,100904,卖盘
11:27:58,34.16,0.01,30,102802,买盘
11:28:01,34.17,0.01,37,126411,买盘
11:28:04,34.16,-0.01,43,146892,卖盘
11:28:07,34.17,0.01,45,153743,买盘
11:28:10,34.17,0.0,26,88842,买盘
11:28:13,34.16,-0.01,36,122998,卖盘
11:28:16,34.17,0.01,54,184479,买盘
11:28:18,34.16,-0.01,478,1632923,卖盘
11:28:22,34.18,0.02,265,905704,买盘
11:28:25,34.17,-0.01,38,129846,卖盘
11:28:28,34.17,0.0,21,71764,卖盘
11:28:31,34.17,0.0,52,177567,卖盘
11:28:34,34.17,0.0,57,194777,卖盘
11:28:37,34.17,0.0,3,10251,卖盘
11:28:40,34.18,0.01,34,116212,买盘
11:28:43,34.18,0.0,29,99122,买盘
11:28:46,34.17,-0.01,43,147068,卖盘
11:28:49,34.17,0.0,5,17085,买盘
11:28:52,34.17,0.0,39,133263,买盘
11:28:55,34.17,0.0,9,30616,买盘
11:28:58,34.17,0.0,11,37594,卖盘
11:29:00,34.18,0.01,27,92284,买盘
11:29:04,34.17,-0.01,13,44420,卖盘
11:29:07,34.16,-0.01,124,423584,卖盘
11:29:09,34.18,0.02,129,440867,买盘
11:29:12,34.16,-0.02,11,37576,卖盘
11:29:16,34.17,0.01,8,27336,买盘
11:29:19,34.16,-0.01,88,300619,卖盘
11:29:22,34.16,0.0,43,146908,卖盘
11:29:25,34.16,0.0,6,20496,卖盘
11:29:28,34.17,0.01,5,17085,买盘
11:29:31,34.16,-0.01,42,143491,卖盘
11:29:34,34.16,0.0,10,34161,卖盘
11:29:37,34.17,0.01,7,23919,买盘
11:29:39,34.0,-0.17,841,2868284,卖盘
11:29:43,34.0,0.0,472,1604800,买盘
11:29:46,34.0,0.0,144,489600,买盘
11:29:49,34.0,0.0,246,836400,买盘
11:29:51,34.0,0.0,346,1175346,买盘
11:29:55,34.15,0.15,3,10245,中性盘
11:29:58,34.14,-0.01,12,40968,中性盘
11:30:01,34.14,0.0,25,85290,买盘
13:00:01,34.0,-0.14,545,1853640,卖盘
13:00:04,34.0,0.0,213,724197,买盘
13:00:07,34.05,0.05,328,1115479,买盘
13:00:10,34.05,0.0,2515,8579015,买盘
13:00:12,34.13,0.08,30,102341,买盘
13:00:16,34.05,-0.08,104,354120,买盘
13:00:22,34.05,0.0,24,81718,买盘
13:00:25,34.04,-0.01,37,125963,卖盘
13:00:28,34.05,0.01,80,272399,买盘
13:00:31,34.09,0.04,25,85141,买盘
13:00:33,34.1,0.01,137,467137,买盘
13:00:37,34.09,-0.01,5,17045,中性盘
13:00:40,34.09,0.0,2,6815,买盘
13:00:43,34.05,-0.04,2,6810,卖盘
13:00:46,34.1,0.05,106,361449,买盘
13:00:49,34.09,-0.01,1,3409,买盘
13:00:52,34.07,-0.02,47,160193,卖盘
13:00:55,34.1,0.03,9,30688,买盘
13:00:58,34.1,0.0,2,6817,买盘
13:01:00,34.1,0.0,19,64785,买盘
13:01:04,34.09,-0.01,6,20453,中性盘
13:01:07,34.09,0.0,3,10227,买盘
13:01:10,34.1,0.01,178,606952,买盘
13:01:13,34.1,0.0,22,75010,买盘
13:01:15,34.09,-0.01,58,197765,卖盘
13:01:20,34.11,0.02,141,480806,买盘
13:01:22,34.11,0.0,27,92099,卖盘
13:01:25,34.13,0.02,3,10239,买盘
13:01:28,34.14,0.01,40,136548,买盘
13:01:30,34.15,0.01,40,136573,买盘
13:01:34,34.15,0.0,111,379225,卖盘
13:01:37,34.15,0.0,8,27325,卖盘
13:01:40,34.15,0.0,12,40981,卖盘
13:01:44,34.17,0.02,15,51241,买盘
13:01:47,34.17,0.0,96,328009,买盘
13:01:49,34.16,-0.01,2,6832,卖盘
13:01:53,34.16,0.0,40,136660,卖盘
13:01:55,34.17,0.01,141,481793,买盘
13:01:58,34.17,0.0,5,17085,卖盘
13:02:01,34.18,0.01,50,170880,买盘
13:02:04,34.16,-0.02,56,191303,卖盘
13:02:06,34.17,0.01,505,1725161,中性盘
13:02:10,34.18,0.01,134,457969,买盘
13:02:13,34.17,-0.01,226,772270,卖盘
13:02:16,34.18,0.01,120,410051,买盘
13:02:19,34.17,-0.01,23,78591,卖盘
13:02:22,34.15,-0.02,173,590817,卖盘
13:02:25,34.15,0.0,16,54640,买盘
13:02:27,34.15,0.0,5,17075,买盘
13:02:31,34.15,0.0,68,232218,买盘
13:02:34,34.14,-0.01,201,685594,中性盘
13:02:38,34.14,0.0,35,119497,卖盘
13:02:40,34.15,0.01,181,618115,买盘
13:02:44,34.15,0.0,21,71712,买盘
13:02:47,34.12,-0.03,261,891046,卖盘
13:02:49,34.14,0.02,72,245808,买盘
13:02:51,34.12,-0.02,45,153584,卖盘
13:02:55,34.15,0.03,108,368804,买盘
13:02:58,34.16,0.01,5,17078,买盘
13:03:01,34.0,-0.16,925,3151977,卖盘
13:03:03,34.0,0.0,635,2159000,买盘
13:03:07,34.0,0.0,392,1332800,买盘
13:03:10,34.0,0.0,135,459150,买盘
13:03:13,34.09,0.09,15,51141,中性盘
13:03:17,34.01,-0.08,26,88469,卖盘
13:03:20,34.08,0.07,11,37418,买盘
13:03:22,34.02,-0.06,95,323624,卖盘
13:03:26,34.08,0.06,216,735752,买盘
13:03:28,34.03,-0.05,7,23815,中性盘
13:03:31,34.08,0.05,30,102238,买盘
13:03:34,34.0,-0.08,571,1942592,卖盘
13:03:38,34.0,0.0,115,391000,买盘
13:03:40,34.0,0.0,129,438600,买盘
13:03:42,34.0,0.0,45,153000,买盘
13:03:46,34.0,0.0,120,408000,买盘
13:03:49,34.01,0.01,32,108802,买盘
13:03:53,34.01,0.0,26,88521,卖盘
13:03:55,34.06,0.05,26,88445,买盘
13:03:57,34.0,-0.06,11,37413,卖盘
13:04:01,34.03,0.03,91,309766,中性盘
13:04:04,34.06,0.03,6,20436,买盘
13:04:06,34.06,0.0,1,3406,买盘
13:04:11,34.02,-0.04,129,439010,卖盘
13:04:14,34.05,0.03,29,98695,买盘
13:04:16,34.05,0.0,2,6810,买盘
13:04:19,34.07,0.02,195,664230,买盘
13:04:23,34.05,-0.02,84,286171,卖盘
13:04:26,34.05,0.0,18,61290,卖盘
13:04:28,34.05,0.0,88,299865,卖盘
13:04:34,34.08,0.03,17,57914,买盘
13:04:38,34.07,-0.01,16,54510,中性盘
13:04:40,34.07,0.0,52,177186,卖盘
13:04:44,34.08,0.01,14,47701,买盘
13:04:46,34.07,-0.01,50,170385,卖盘
13:04:50,34.07,0.0,73,248731,卖盘
13:04:52,34.07,0.0,2,6814,卖盘
13:04:55,34.07,0.0,34,115841,卖盘
13:04:58,34.08,0.01,44,149928,买盘
13:05:00,34.08,0.0,161,548703,买盘
13:05:03,34.08,0.0,9,30678,卖盘
13:05:07,34.09,0.01,41,139740,买盘
13:05:09,34.09,0.0,13,44348,买盘
13:05:14,34.1,0.01,3,10229,买盘
13:05:15,34.08,-0.02,1,3408,卖盘
13:05:20,34.1,0.02,119,405580,买盘
13:05:23,34.08,-0.02,20,68166,卖盘
13:05:25,34.08,0.0,17,57925,买盘
13:05:27,34.08,0.0,24,81791,买盘
13:05:30,34.08,0.0,10,34080,买盘
13:05:38,34.1,0.02,21,71600,买盘
13:05:41,34.09,-0.01,102,347668,中性盘
13:05:44,34.09,0.0,12,40916,卖盘
13:05:45,34.08,-0.01,5,17040,卖盘
13:05:50,34.09,0.01,19,64771,买盘
13:05:53,34.1,0.01,57,194265,买盘
13:05:55,34.1,0.0,150,511368,买盘
13:05:59,34.1,0.0,27,92058,买盘
13:06:01,34.1,0.0,121,412600,买盘
13:06:03,34.09,-0.01,7,23863,中性盘
13:06:08,34.1,0.01,72,245469,买盘
13:06:11,34.1,0.0,90,306900,买盘
13:06:12,34.1,0.0,15,51140,买盘
13:06:15,34.1,0.0,29,98882,买盘
13:06:19,34.09,-0.01,16,54544,卖盘
13:06:26,34.1,0.01,169,576192,买盘
13:06:29,34.1,0.0,39,132985,买盘
13:06:31,34.1,0.0,21,71608,买盘
13:06:35,34.1,0.0,56,190913,买盘
13:06:36,34.09,-0.01,37,126154,卖盘
13:06:39,34.09,0.0,71,242054,卖盘
13:06:44,34.1,0.01,19,64780,买盘
13:06:47,34.09,-0.01,23,78429,卖盘
13:06:50,34.09,0.0,13,44320,卖盘
13:06:53,34.1,0.01,46,156840,买盘
13:06:55,34.09,-0.01,153,521604,卖盘
13:06:57,34.09,0.0,5,17045,卖盘
13:07:02,34.09,0.0,12,40908,买盘
13:07:05,34.09,0.0,29,98859,买盘
13:07:07,34.09,0.0,47,160223,买盘
13:07:11,34.1,0.01,4,13639,买盘
13:07:14,34.1,0.0,105,358050,买盘
13:07:15,34.09,-0.01,56,190886,卖盘
13:07:20,34.08,-0.01,7,23860,卖盘
13:07:26,34.07,-0.01,112,381626,卖盘
13:07:29,34.07,0.0,4,13628,买盘
13:07:31,34.07,0.0,9,30662,买盘
13:07:35,34.07,0.0,27,91989,买盘
13:07:36,34.07,0.0,3,10221,买盘
13:07:41,34.05,-0.02,21,71508,卖盘
13:07:44,34.06,0.01,84,286082,买盘
13:07:47,34.07,0.01,1,3407,买盘
13:07:49,34.06,-0.01,97,330386,卖盘
13:07:53,34.06,0.0,17,57902,买盘
13:07:56,34.06,0.0,27,91939,买盘
13:07:59,34.06,0.0,65,221390,买盘
13:08:02,34.05,-0.01,137,466509,卖盘
13:08:05,34.05,0.0,111,377969,买盘
13:08:08,34.05,0.0,15,51086,卖盘
13:08:11,34.06,0.01,67,228201,买盘
13:08:14,34.07,0.01,73,248663,买盘
13:08:17,34.06,-0.01,35,119210,卖盘
13:08:23,34.06,0.0,39,132834,买盘
13:08:24,34.05,-0.01,13,44267,卖盘
13:08:29,34.0,-0.05,306,1040576,卖盘
13:08:32,34.05,0.05,28,95339,买盘
13:08:35,34.06,0.01,10,34058,买盘
13:08:38,34.04,-0.02,211,717962,卖盘
13:08:41,34.04,0.0,7,23828,买盘
13:08:44,34.0,-0.04,122,414958,卖盘
13:08:45,34.0,0.0,100,340000,买盘
13:08:50,33.99,-0.01,85,288921,卖盘
13:08:53,33.99,0.0,29,98571,买盘
13:08:54,33.98,-0.01,95,322813,卖盘
13:08:59,33.97,-0.01,140,475646,卖盘
13:09:02,33.99,0.02,230,781468,买盘
13:09:05,33.99,0.0,15,50985,买盘
13:09:07,33.98,-0.01,22,74756,卖盘
13:09:09,33.95,-0.03,490,1663726,卖盘
13:09:14,33.95,0.0,175,594600,卖盘
13:09:17,33.97,0.02,22,74774,中性盘
13:09:20,33.97,0.0,7,23815,卖盘
13:09:23,33.98,0.01,542,1840015,中性盘
13:09:24,33.97,-0.01,38,129103,中性盘
13:09:29,33.98,0.01,1,3398,买盘
13:09:32,33.99,0.01,19,64575,买盘
13:09:35,33.97,-0.02,743,2519817,卖盘
13:09:38,33.97,0.0,15,50955,买盘
13:09:41,33.97,0.0,87,295374,买盘
13:09:44,33.97,0.0,15,50955,买盘
13:09:45,33.96,-0.01,3,10188,中性盘
13:09:50,33.96,0.0,2,6792,卖盘
13:09:52,33.97,0.01,34,115498,买盘
13:09:56,33.96,-0.01,23,78109,卖盘
13:09:59,33.97,0.01,12,40764,买盘
13:10:02,33.97,0.0,132,448303,买盘
13:10:05,33.97,0.0,8,27176,买盘
13:10:07,33.97,0.0,337,1144741,买盘
13:10:11,33.97,0.0,34,115483,买盘
13:10:14,33.96,-0.01,162,550500,卖盘
13:10:17,33.99,0.03,8,27180,买盘
13:10:20,33.97,-0.02,63,214129,卖盘
13:10:23,33.97,0.0,82,278579,卖盘
13:10:26,33.99,0.02,31,105311,买盘
13:10:28,33.98,-0.01,1,3398,卖盘
13:10:32,33.97,-0.01,165,560596,卖盘
13:10:35,33.97,0.0,19,64543,买盘
13:10:38,33.97,0.0,20,67929,买盘
13:10:41,33.97,0.0,281,954303,买盘
13:10:44,33.96,-0.01,5,16980,卖盘
13:10:45,33.97,0.01,4,13588,买盘
13:10:50,33.97,0.0,127,431611,买盘
13:10:52,33.97,0.0,17,57748,买盘
13:10:55,33.99,0.02,25,84927,买盘
13:10:59,33.97,-0.02,52,176666,卖盘
13:11:02,33.97,0.0,19,64541,买盘
13:11:05,33.97,0.0,7,23779,买盘
13:11:08,33.97,0.0,120,407539,买盘
13:11:11,33.96,-0.01,80,271715,卖盘
13:11:14,33.96,0.0,31,105276,卖盘
13:11:17,33.96,0.0,31,105301,卖盘
13:11:20,33.95,-0.01,5,16975,卖盘
13:11:23,33.95,0.0,62,210546,卖盘
13:11:26,33.97,0.02,19,64540,买盘
13:11:29,33.95,-0.02,41,139195,卖盘
13:11:32,33.97,0.02,120,407426,买盘
13:11:34,33.97,0.0,121,410709,买盘
13:11:38,33.97,0.0,27,91718,买盘
13:11:41,33.95,-0.02,116,393626,卖盘
13:11:44,33.97,0.02,34,115440,买盘
13:11:47,33.94,-0.03,9,30570,卖盘
13:11:53,33.95,0.01,37,125615,买盘
13:11:55,33.94,-0.01,23,78063,卖盘
13:11:59,33.95,0.01,125,424252,买盘
13:12:02,33.95,0.0,36,122208,买盘
13:12:05,33.95,0.0,37,125609,买盘
13:12:08,33.94,-0.01,16,54304,卖盘
13:12:11,33.94,0.0,19,64486,买盘
13:12:14,33.95,0.01,111,376742,买盘
13:12:18,33.93,-0.02,57,193528,卖盘
13:12:23,33.94,0.01,1,3394,中性盘
13:12:26,33.94,0.0,1,3394,买盘
13:12:29,33.95,0.01,87,295303,买盘
13:12:32,33.94,-0.01,62,210421,中性盘
13:12:34,33.94,0.0,6,20364,买盘
13:12:38,33.93,-0.01,80,271443,卖盘
13:12:39,33.92,-0.01,46,156038,卖盘
13:12:44,33.92,0.0,19,64448,买盘
13:12:47,33.93,0.01,6,20358,买盘
13:12:50,33.92,-0.01,148,502037,卖盘
13:12:53,33.92,0.0,51,172992,卖盘
13:12:55,33.9,-0.02,552,1871704,卖盘
13:12:58,33.92,0.02,70,237341,买盘
13:13:02,33.92,0.0,9,30512,买盘
13:13:05,33.93,0.01,69,233948,买盘
13:13:08,33.84,-0.09,1351,4575373,卖盘
13:13:11,33.93,0.09,36,122156,买盘
13:13:14,33.93,0.0,204,691737,卖盘
13:13:15,33.93,0.0,78,264608,卖盘
13:13:18,33.93,0.0,23,78039,买盘
13:13:23,33.9,-0.03,1,3390,买盘
13:13:26,33.88,-0.02,23,77966,中性盘
13:13:29,33.87,-0.01,23,77906,卖盘
13:13:31,33.87,0.0,6,20322,买盘
13:13:35,33.87,0.0,66,223563,买盘
13:13:38,33.88,0.01,116,393211,卖盘
13:13:41,33.89,0.01,69,233705,买盘
13:13:44,33.89,0.0,216,731447,中性盘
13:13:47,33.89,0.0,5,16948,买盘
13:13:49,33.87,-0.02,132,447298,卖盘
13:13:53,33.89,0.02,4,13556,买盘
13:13:55,33.87,-0.02,155,525028,卖盘
13:13:58,33.88,0.01,31,105004,中性盘
13:14:02,33.88,0.0,76,257507,卖盘
13:14:05,33.89,0.01,32,108442,买盘
13:14:08,33.88,-0.01,77,260928,卖盘
13:14:11,33.89,0.01,57,193123,卖盘
13:14:12,33.89,0.0,27,91517,买盘
13:14:17,33.9,0.01,111,376233,买盘
13:14:20,33.89,-0.01,20,67777,中性盘
13:14:23,33.89,0.0,29,98280,买盘
13:14:26,33.88,-0.01,12,40666,卖盘
13:14:28,33.89,0.01,28,94898,卖盘
13:14:31,33.89,0.0,41,138979,卖盘
13:14:35,33.9,0.01,2,6780,买盘
13:14:38,33.9,0.0,82,277900,买盘
13:14:41,33.89,-0.01,126,427076,卖盘
13:14:44,33.89,0.0,89,301622,中性盘
13:14:47,33.89,0.0,5,16945,买盘
13:14:50,33.89,0.0,23,77947,买盘
13:14:53,33.89,0.0,16,54224,买盘
13:14:56,33.89,0.0,10,33882,买盘
13:14:59,33.89,0.0,151,511716,买盘
13:15:02,33.89,0.0,235,796193,买盘
13:15:04,33.88,-0.01,166,562415,卖盘
13:15:08,33.88,0.0,48,162624,买盘
13:15:11,33.88,0.0,12,40647,买盘
13:15:13,33.87,-0.01,19,64361,卖盘
13:15:17,33.88,0.01,21,71148,买盘
13:15:20,33.87,-0.01,111,375957,卖盘
13:15:23,33.87,0.0,104,352269,卖盘
13:15:25,33.87,0.0,40,135480,买盘
13:15:29,33.87,0.0,3,10161,买盘
13:15:32,33.87,0.0,57,193008,买盘
13:15:35,33.87,0.0,21,71127,买盘
13:15:38,33.86,-0.01,37,125285,卖盘
13:15:41,33.86,0.0,82,277606,买盘
13:15:44,33.85,-0.01,40,135433,卖盘
13:15:47,33.85,0.0,113,382671,卖盘
13:15:49,33.86,0.01,3,10158,买盘
13:15:53,33.86,0.0,84,284444,买盘
13:15:56,33.86,0.0,9,30479,卖盘
13:15:59,33.88,0.02,52,176040,买盘
13:16:02,33.87,-0.01,1,3387,中性盘
13:16:05,33.87,0.0,10,33870,卖盘
13:16:07,33.87,0.0,107,362409,卖盘
13:16:11,33.88,0.01,94,318471,买盘
13:16:13,33.87,-0.01,101,342087,卖盘
13:16:16,33.88,0.01,70,237148,买盘
13:16:20,33.88,0.0,90,304940,卖盘
13:16:23,33.88,0.0,17,57596,买盘
13:16:26,33.88,0.0,2,6776,买盘
13:16:29,33.88,0.0,53,179518,买盘
13:16:31,33.87,-0.01,22,74517,卖盘
13:16:35,33.87,0.0,116,392997,卖盘
13:16:38,33.87,0.0,24,81323,卖盘
13:16:41,33.88,0.01,74,250660,中性盘
13:16:44,33.86,-0.02,127,430096,卖盘
13:16:47,33.88,0.02,62,210055,买盘
13:16:50,33.87,-0.01,10,33871,卖盘
13:16:52,33.87,0.0,21,71127,买盘
13:16:55,33.88,0.01,24,81299,买盘
13:16:59,33.86,-0.02,22,74492,卖盘
13:17:01,33.86,0.0,2,6773,卖盘
13:17:05,33.89,0.03,160,542117,买盘
13:17:08,33.89,0.0,68,230498,卖盘
13:17:11,33.89,0.0,6,20332,买盘
13:17:14,33.88,-0.01,22,74536,卖盘
13:17:19,33.88,0.0,43,145687,卖盘
13:17:23,33.89,0.01,20,67762,买盘
13:17:26,33.89,0.0,112,379567,买盘
13:17:29,33.88,-0.01,35,118565,卖盘
13:17:32,33.89,0.01,14,47446,买盘
13:17:35,33.88,-0.01,20,67778,卖盘
13:17:38,33.89,0.01,42,142302,买盘
13:17:41,33.89,0.0,71,240566,买盘
13:17:43,33.89,0.0,46,155893,买盘
13:17:47,33.88,-0.01,1,3388,卖盘
13:17:49,33.89,0.01,1,3389,买盘
13:17:52,33.9,0.01,38,128791,买盘
13:17:56,33.9,0.0,3,10169,买盘
13:17:59,33.89,-0.01,34,115227,卖盘
13:18:02,33.89,0.0,103,349084,卖盘
13:18:05,33.89,0.0,29,98290,买盘
13:18:08,33.89,0.0,7,23723,买盘
13:18:11,33.9,0.01,20,67800,买盘
13:18:14,33.9,0.0,106,359340,买盘
13:18:17,33.9,0.0,4,13560,买盘
13:18:20,33.89,-0.01,21,71189,卖盘
13:18:23,33.9,0.01,39,132210,买盘
13:18:25,33.9,0.0,31,105090,买盘
13:18:28,33.89,-0.01,43,145747,卖盘
13:18:31,33.9,0.01,52,176279,买盘
13:18:34,33.9,0.0,24,81340,买盘
13:18:38,33.9,0.0,134,454249,买盘
13:18:40,33.89,-0.01,58,196579,卖盘
13:18:44,33.9,0.01,8,27120,买盘
13:18:46,33.9,0.0,29,98310,买盘
13:18:50,33.9,0.0,67,227130,买盘
13:18:53,33.92,0.02,5,16956,买盘
13:18:56,33.92,0.0,27,91584,买盘
13:18:59,33.91,-0.01,46,156009,中性盘
13:19:02,33.92,0.01,123,417214,买盘
13:19:05,33.92,0.0,29,98368,买盘
13:19:08,33.93,0.01,209,708934,买盘
13:19:11,33.93,0.0,19,64455,买盘
13:19:13,33.92,-0.01,14,47501,卖盘
13:19:17,33.92,0.0,14,47496,卖盘
13:19:20,33.93,0.01,1,3393,买盘
13:19:23,33.93,0.0,79,267997,买盘
13:19:26,33.93,0.0,12,40716,买盘
13:19:29,33.93,0.0,394,1336642,买盘
13:19:32,33.94,0.01,11,37327,买盘
13:19:35,33.93,-0.01,19,64483,卖盘
13:19:38,33.93,0.0,31,105183,卖盘
13:19:41,33.92,-0.01,248,841265,卖盘
13:19:43,33.92,0.0,8,27136,买盘
13:19:47,33.92,0.0,39,132288,买盘
13:19:50,33.93,0.01,112,380006,买盘
13:19:53,33.93,0.0,112,379916,买盘
13:19:55,33.92,-0.01,16,54264,卖盘
13:19:59,33.92,0.0,63,213667,买盘
13:20:02,33.93,0.01,2,6786,买盘
13:20:05,33.92,-0.01,77,261184,卖盘
13:20:07,33.92,0.0,9,30523,买盘
13:20:11,33.91,-0.01,107,362937,中性盘
13:20:14,33.91,0.0,117,396633,买盘
13:20:17,33.9,-0.01,68,230530,卖盘
13:20:20,33.89,-0.01,72,244019,卖盘
13:20:23,33.89,0.0,16,54221,买盘
13:20:26,33.88,-0.01,40,135521,卖盘
13:20:29,33.88,0.0,120,406543,卖盘
13:20:31,33.87,-0.01,25,84677,卖盘
13:20:34,33.88,0.01,136,460881,买盘
13:20:38,33.87,-0.01,22,74533,卖盘
13:20:41,33.86,-0.01,91,308217,卖盘
13:20:43,33.87,0.01,173,585813,卖盘
13:20:46,33.87,0.0,58,196453,卖盘
13:20:50,33.86,-0.01,259,877338,卖盘
13:20:53,33.86,0.0,40,135412,买盘
13:20:55,33.86,0.0,118,399386,买盘
13:20:59,33.84,-0.02,11,37225,卖盘
13:21:01,33.85,0.01,122,412948,买盘
13:21:04,33.84,-0.01,138,467044,卖盘
13:21:08,33.84,0.0,63,213296,卖盘
13:21:11,33.84,0.0,13,43992,买盘
13:21:14,33.87,0.03,161,544795,买盘
13:21:17,33.84,-0.03,13,43981,买盘
13:21:20,33.84,0.0,84,284233,买盘
13:21:23,33.84,0.0,23,77818,买盘
13:21:26,33.84,0.0,9,30452,买盘
13:21:29,33.83,-0.01,71,240195,卖盘
13:21:32,33.84,0.01,97,328158,买盘
13:21:35,33.84,0.0,28,94752,买盘
13:21:38,33.83,-0.01,84,284172,卖盘
13:21:41,33.83,0.0,105,355220,卖盘
13:21:44,33.84,0.01,10,33840,买盘
13:21:47,33.83,-0.01,18,60904,卖盘
13:21:50,33.83,0.0,15,50749,卖盘
13:21:53,33.83,0.0,125,422952,卖盘
13:21:55,33.89,0.06,94,318319,买盘
13:21:58,33.85,-0.04,52,176148,卖盘
13:22:02,33.89,0.04,54,182830,买盘
13:22:04,33.89,0.0,127,430403,卖盘
13:22:08,33.85,-0.04,3,10155,卖盘
13:22:11,33.84,-0.01,13,44011,卖盘
13:22:14,33.85,0.01,6,20310,中性盘
13:22:17,33.85,0.0,3,10155,买盘
13:22:23,33.84,-0.01,9,30457,卖盘
13:22:26,33.84,0.0,7,23688,卖盘
13:22:29,33.84,0.0,72,243651,卖盘
13:22:31,33.83,-0.01,20,67670,卖盘
13:22:35,33.85,0.02,101,341873,买盘
13:22:38,33.89,0.04,140,474161,买盘
13:22:41,33.84,-0.05,64,216523,中性盘
13:22:43,33.84,0.0,94,318096,买盘
13:22:47,33.85,0.01,20,67684,买盘
13:22:50,33.84,-0.01,67,226728,卖盘
13:22:52,33.83,-0.01,43,145512,卖盘
13:22:56,33.84,0.01,16,54144,中性盘
13:22:59,33.85,0.01,81,274069,买盘
13:23:02,33.84,-0.01,31,104879,买盘
13:23:05,33.83,-0.01,156,527748,卖盘
13:23:08,33.83,0.0,265,896245,买盘
13:23:11,33.78,-0.05,1001,3383731,卖盘
13:23:14,33.78,0.0,276,932332,卖盘
13:23:17,33.8,0.02,158,533882,买盘
13:23:20,33.8,0.0,104,351498,买盘
13:23:22,33.8,0.0,86,290686,卖盘
13:23:26,33.8,0.0,312,1054561,卖盘
13:23:29,33.81,0.01,15,50714,买盘
13:23:32,33.8,-0.01,50,169000,卖盘
13:23:35,33.8,0.0,3,10140,卖盘
13:23:38,33.8,0.0,45,152104,卖盘
13:23:41,33.8,0.0,67,226464,卖盘
13:23:44,33.81,0.01,152,513769,买盘
13:23:47,33.8,-0.01,43,145355,卖盘
13:23:50,33.8,0.0,49,165640,卖盘
13:23:53,33.8,0.0,23,77722,买盘
13:23:55,33.8,0.0,17,57444,买盘
13:23:59,33.8,0.0,104,351520,买盘
13:24:01,33.78,-0.02,64,216202,卖盘
13:24:04,33.8,0.02,115,388739,买盘
13:24:08,33.8,0.0,10,33800,卖盘
13:24:10,33.8,0.0,34,114920,卖盘
13:24:14,33.8,0.0,53,179140,卖盘
13:24:17,33.81,0.01,24,81135,买盘
13:24:20,33.8,-0.01,9,30425,卖盘
13:24:23,33.8,0.0,124,419119,卖盘
13:24:26,33.8,0.0,118,398838,买盘
13:24:32,33.78,-0.02,66,222999,卖盘
13:24:35,33.8,0.02,10,33798,买盘
13:24:38,33.8,0.0,3,10140,买盘
13:24:41,33.8,0.0,190,642091,买盘
13:24:44,33.8,0.0,7,23660,买盘
13:24:50,33.79,-0.01,30,101387,卖盘
13:24:53,33.79,0.0,26,87868,卖盘
13:24:56,33.79,0.0,47,158813,卖盘
13:24:58,33.79,0.0,29,97991,卖盘
13:25:02,33.8,0.01,111,375100,买盘
13:25:05,33.79,-0.01,230,777386,卖盘
13:25:08,33.8,0.01,13,43937,买盘
13:25:11,33.79,-0.01,160,540679,卖盘
13:25:14,33.79,0.0,40,135151,买盘
13:25:17,33.8,0.01,48,162212,买盘
13:25:20,33.8,0.0,60,202800,买盘
13:25:23,33.8,0.0,109,368521,卖盘
13:25:25,33.81,0.01,9,30426,买盘
13:25:29,33.81,0.0,42,141990,买盘
13:25:31,33.81,0.0,34,114954,卖盘
13:25:35,33.82,0.01,10,33820,买盘
13:25:38,33.82,0.0,42,142043,买盘
13:25:41,33.82,0.0,58,196108,买盘
13:25:44,33.82,0.0,15,50724,买盘
13:25:46,33.82,0.0,10,33815,买盘
13:25:49,33.81,-0.01,3,10145,卖盘
13:25:53,33.82,0.01,39,131889,买盘
13:25:56,33.82,0.0,6,20292,买盘
13:25:59,33.82,0.0,6,20292,买盘
13:26:01,33.82,0.0,63,213048,买盘
13:26:05,33.85,0.03,129,436457,买盘
13:26:08,33.82,-0.03,2,6764,买盘
13:26:11,33.82,0.0,13,43963,买盘
13:26:13,33.82,0.0,29,98090,卖盘
13:26:17,33.83,0.01,1,3383,中性盘
13:26:19,33.83,0.0,1,3383,卖盘
13:26:23,33.84,0.01,10,33831,买盘
13:26:29,33.84,0.0,4,13536,买盘
13:26:32,33.83,-0.01,33,111647,卖盘
13:26:34,33.84,0.01,6,20304,中性盘
13:26:38,33.81,-0.03,302,1021564,卖盘
13:26:41,33.82,0.01,13,43975,中性盘
13:26:44,33.82,0.0,30,101460,买盘
13:26:47,33.81,-0.01,19,64240,卖盘
13:26:49,33.82,0.01,160,541333,买盘
13:26:53,33.8,-0.02,338,1142737,卖盘
13:26:56,33.8,0.0,294,993680,买盘
13:26:59,33.79,-0.01,16,54073,卖盘
13:27:02,33.8,0.01,5,16898,买盘
13:27:05,33.8,0.0,26,87855,买盘
13:27:08,33.79,-0.01,41,138539,卖盘
13:27:11,33.79,0.0,92,310886,卖盘
13:27:14,33.8,0.01,3,10140,买盘
13:27:17,33.8,0.0,10,33800,买盘
13:27:19,33.79,-0.01,349,1179251,卖盘
13:27:22,33.8,0.01,206,696090,买盘
13:27:26,33.8,0.0,11,37179,买盘
13:27:29,33.79,-0.01,9,30411,卖盘
13:27:32,33.79,0.0,133,449510,卖盘
13:27:34,33.79,0.0,108,364909,卖盘
13:27:38,33.8,0.01,15,50697,买盘
13:27:41,33.77,-0.03,60,202665,卖盘
13:27:43,33.78,0.01,16,54053,中性盘
13:27:46,33.81,0.03,114,385255,买盘
13:27:50,33.81,0.0,56,189336,卖盘
13:27:53,33.8,-0.01,78,263423,买盘
13:27:55,33.79,-0.01,10,33794,卖盘
13:27:59,33.79,0.0,7,23653,买盘
13:28:02,33.8,0.01,14,47313,买盘
13:28:05,33.79,-0.01,237,801023,卖盘
13:28:07,33.79,0.0,2,6758,买盘
13:28:11,33.79,0.0,23,77707,买盘
13:28:14,33.79,0.0,24,81093,买盘
13:28:17,33.8,0.01,110,371756,买盘
13:28:20,33.8,0.0,231,780676,买盘
13:28:23,33.8,0.0,32,108160,卖盘
13:28:25,33.8,0.0,157,530667,卖盘
13:28:29,33.79,-0.01,8,27036,卖盘
13:28:31,33.8,0.01,2,6760,买盘
13:28:35,33.79,-0.01,41,138547,卖盘
13:28:38,33.8,0.01,1,3380,买盘
13:28:41,33.8,0.0,56,189212,买盘
13:28:44,33.79,-0.01,20,67580,卖盘
13:28:47,33.79,0.0,11,37179,卖盘
13:28:50,33.8,0.01,28,94640,买盘
13:28:52,33.79,-0.01,40,135183,卖盘
13:28:55,33.8,0.01,10,33800,买盘
13:28:58,33.79,-0.01,348,1175895,卖盘
13:29:02,33.79,0.0,21,70955,买盘
13:29:05,33.79,0.0,253,854887,买盘
13:29:08,33.79,0.0,66,222955,买盘
13:29:11,33.76,-0.03,317,1070355,卖盘
13:29:14,33.77,0.01,27,91181,卖盘
13:29:17,33.77,0.0,565,1906525,买盘
13:29:19,33.77,0.0,51,172227,买盘
13:29:22,33.78,0.01,372,1254360,买盘
13:29:26,33.78,0.0,301,1015863,买盘
13:29:29,33.77,-0.01,12,40534,中性盘
13:29:32,33.77,0.0,8,27016,买盘
13:29:34,33.79,0.02,64,216027,买盘
13:29:41,33.72,-0.07,46,155112,卖盘
13:29:44,33.79,0.07,103,348016,买盘
13:29:47,33.79,0.0,27,91064,买盘
13:29:48,33.77,-0.02,12,40534,卖盘
13:29:52,33.77,0.0,3,10132,卖盘
13:29:55,33.77,0.0,5,16885,卖盘
13:29:59,33.77,0.0,31,104690,卖盘
13:30:01,33.77,0.0,258,871329,卖盘
13:30:05,33.78,0.01,71,239820,买盘
13:30:08,33.78,0.0,148,499905,卖盘
13:30:10,33.77,-0.01,7,23640,卖盘
13:30:14,33.77,0.0,76,256380,买盘
13:30:17,33.77,0.0,11,37147,卖盘
13:30:19,33.78,0.01,203,685615,买盘
13:30:23,33.78,0.0,239,807447,卖盘
13:30:26,33.79,0.01,122,412130,买盘
13:30:28,33.78,-0.01,26,87825,中性盘
13:30:32,33.77,-0.01,24,81048,卖盘
13:30:34,33.78,0.01,89,300600,买盘
13:30:38,33.79,0.01,54,182453,买盘
13:30:40,33.79,0.0,133,449276,买盘
13:30:44,33.78,-0.01,1,3378,卖盘
13:30:47,33.78,0.0,9,30402,卖盘
13:30:49,33.79,0.01,13,43923,买盘
13:30:53,33.79,0.0,21,70959,买盘
13:30:55,33.78,-0.01,197,665466,卖盘
13:30:59,33.79,0.01,101,341237,买盘
13:31:01,33.78,-0.01,34,114852,卖盘
13:31:05,33.78,0.0,261,881821,买盘
13:31:08,33.78,0.0,6,20273,卖盘
13:31:11,33.78,0.0,23,77695,卖盘
13:31:13,33.78,0.0,21,70945,卖盘
13:31:16,33.78,0.0,190,641820,卖盘
13:31:20,33.78,0.0,26,87813,买盘
13:31:23,33.78,0.0,44,148632,卖盘
13:31:26,33.78,0.0,208,702624,卖盘
13:31:28,33.78,0.0,205,692490,卖盘
13:31:32,33.77,-0.01,181,611248,卖盘
13:31:34,33.79,0.02,195,658664,买盘
13:31:37,33.76,-0.03,23,77652,卖盘
13:31:41,33.78,0.02,71,239720,买盘
13:31:44,33.78,0.0,33,111448,买盘
13:31:46,33.77,-0.01,19,64163,卖盘
13:31:49,33.77,0.0,9,30394,买盘
13:31:52,33.76,-0.01,16,54027,卖盘
13:31:56,33.76,0.0,42,141803,卖盘
13:31:59,33.76,0.0,154,520194,卖盘
13:32:02,33.76,0.0,20,67518,买盘
13:32:05,33.76,0.0,86,290336,买盘
13:32:07,33.76,0.0,57,192432,卖盘
13:32:11,33.77,0.01,118,398471,买盘
13:32:14,33.77,0.0,68,229596,买盘
13:32:17,33.76,-0.01,33,111411,卖盘
13:32:19,33.77,0.01,29,97919,买盘
13:32:23,33.77,0.0,41,138457,卖盘
13:32:25,33.77,0.0,7,23640,卖盘
13:32:29,33.77,0.0,4,13508,卖盘
13:32:32,33.78,0.01,62,209414,买盘
13:32:35,33.77,-0.01,67,226273,卖盘
13:32:38,33.77,0.0,1,3377,卖盘
13:32:40,33.77,0.0,110,371495,卖盘
13:32:44,33.78,0.01,46,155368,买盘
13:32:47,33.77,-0.01,107,361482,卖盘
13:32:49,33.79,0.02,553,1867466,买盘
13:32:52,33.77,-0.02,22,74301,卖盘
13:32:55,33.78,0.01,8,27024,卖盘
13:32:59,33.78,0.0,39,131742,卖盘
13:33:02,33.79,0.01,2,6758,买盘
13:33:04,33.78,-0.01,310,1047384,卖盘
13:33:08,33.78,0.0,11,37157,买盘
13:33:11,33.78,0.0,5,16890,买盘
13:33:14,33.77,-0.01,17,57409,卖盘
13:33:16,33.78,0.01,3,10132,买盘
13:33:19,33.78,0.0,50,168898,买盘
13:33:23,33.78,0.0,108,364931,卖盘
13:33:25,33.78,0.0,53,179073,卖盘
13:33:28,33.79,0.01,5,16895,买盘
13:33:32,33.78,-0.01,157,530473,卖盘
13:33:34,33.79,0.01,145,489946,买盘
13:33:38,33.79,0.0,49,165548,买盘
13:33:41,33.79,0.0,329,1111636,买盘
13:33:43,33.79,0.0,24,81095,买盘
13:33:49,33.8,0.01,75,253500,买盘
13:33:52,33.8,0.0,130,439375,买盘
13:33:55,33.8,0.0,89,300810,买盘
