time,price,change,volume,amount,type
09:25:04,33.03,-0.08,1055,3484665,卖盘
09:30:02,33.0,-0.03,1376,4530523,卖盘
09:30:05,33.0,0.0,1323,4362657,卖盘
09:30:08,32.9,-0.1,81,266905,卖盘
09:30:10,32.92,0.02,82,270031,买盘
09:30:13,32.92,0.0,20,65840,卖盘
09:30:17,32.92,0.0,42,138030,卖盘
09:30:20,32.99,0.07,251,827990,买盘
09:30:23,32.92,-0.07,13,42776,中性盘
09:30:26,32.94,0.02,4,13170,买盘
09:30:29,32.92,-0.02,45,148158,卖盘
09:30:31,32.85,-0.07,102,335725,卖盘
09:30:35,32.98,0.13,22,72567,中性盘
09:30:37,32.8,-0.18,729,2392847,卖盘
09:30:40,32.92,0.12,371,1222201,中性盘
09:30:44,32.88,-0.04,12,39456,卖盘
09:30:46,32.89,0.01,6,19753,中性盘
09:30:50,32.98,0.09,66,217552,买盘
09:30:53,32.89,-0.09,119,392054,卖盘
09:30:55,32.92,0.03,180,593650,中性盘
09:30:58,33.0,0.08,275,903473,买盘
09:31:02,33.03,0.03,256,844964,买盘
09:31:05,33.02,-0.01,146,481951,中性盘
09:31:08,33.02,0.0,337,1114990,中性盘
09:31:11,33.03,0.01,131,430973,买盘
09:31:14,33.03,0.0,47,155276,卖盘
09:31:16,33.03,0.0,75,247772,卖盘
09:31:20,33.04,0.01,238,786492,买盘
09:31:23,33.03,-0.01,108,356764,卖盘
09:31:26,33.02,-0.01,76,252728,卖盘
09:31:29,33.03,0.01,8,26422,买盘
09:31:32,33.0,-0.03,150,493489,卖盘
09:31:35,33.0,0.0,32,105594,买盘
09:31:38,33.0,0.0,112,369491,买盘
09:31:41,32.98,-0.02,681,2246299,卖盘
09:31:44,32.94,-0.04,41,135210,卖盘
09:31:47,32.94,0.0,10,32964,卖盘
09:31:50,32.92,-0.02,26,85712,卖盘
09:31:53,32.94,0.02,25,82347,中性盘
09:31:56,32.94,0.0,12,39540,卖盘
09:31:58,32.94,0.0,36,118584,卖盘
09:32:01,32.95,0.01,80,263535,中性盘
09:32:05,32.98,0.03,165,543810,买盘
09:32:08,32.92,-0.06,660,2177540,卖盘
09:32:11,32.98,0.06,241,794662,买盘
09:32:14,32.99,0.01,131,431752,买盘
09:32:16,32.99,0.0,159,524310,买盘
09:32:20,32.94,-0.05,147,484853,卖盘
09:32:23,32.93,-0.01,134,441392,卖盘
09:32:26,32.94,0.01,85,279902,买盘
09:32:29,32.97,0.03,159,524134,买盘
09:32:32,32.95,-0.02,105,346143,卖盘
09:32:35,32.99,0.04,212,698873,买盘
09:32:38,33.02,0.03,166,547806,买盘
09:32:40,33.06,0.04,311,1026684,买盘
09:32:44,32.98,-0.08,83,274010,卖盘
09:32:47,33.0,0.02,172,567583,买盘
09:32:49,33.0,0.0,102,336593,买盘
09:32:53,32.99,-0.01,64,211213,中性盘
09:32:56,33.02,0.03,144,475056,买盘
09:32:58,33.06,0.04,64,211176,买盘
09:33:02,32.98,-0.08,133,438760,卖盘
09:33:05,32.99,0.01,111,366188,买盘
09:33:07,33.0,0.01,267,880794,买盘
09:33:11,32.98,-0.02,49,161668,中性盘
09:33:14,33.0,0.02,20,65982,买盘
09:33:17,33.0,0.0,559,1844588,买盘
09:33:20,32.98,-0.02,35,115436,中性盘
09:33:22,32.98,0.0,24,79140,买盘
09:33:26,32.97,-0.01,28,92318,卖盘
09:33:29,32.95,-0.02,26,85694,卖盘
09:33:32,32.97,0.02,161,530564,中性盘
09:33:35,32.97,0.0,31,102207,买盘
09:33:38,32.93,-0.04,726,2391484,卖盘
09:33:41,32.96,0.03,37,121940,买盘
09:33:44,32.93,-0.03,7,23061,卖盘
09:33:47,32.96,0.03,503,1656126,买盘
09:33:50,32.94,-0.02,96,316157,卖盘
09:33:53,32.97,0.03,173,569737,买盘
09:33:55,32.94,-0.03,110,362550,卖盘
09:33:59,32.94,0.0,45,148152,买盘
09:34:02,32.94,0.0,39,128451,买盘
09:34:05,32.94,0.0,6,19765,卖盘
09:34:08,32.94,0.0,234,769456,卖盘
09:34:11,32.94,0.0,82,270109,卖盘
09:34:14,32.94,0.0,186,613072,卖盘
09:34:17,32.95,0.01,96,316222,中性盘
09:34:20,32.95,0.0,138,454806,买盘
09:34:23,32.96,0.01,13,42835,买盘
09:34:26,32.95,-0.01,77,253605,买盘
09:34:29,32.96,0.01,84,276776,买盘
09:34:32,32.95,-0.01,82,270190,卖盘
09:34:35,32.94,-0.01,48,158161,卖盘
09:34:38,32.96,0.02,482,1588731,买盘
09:34:40,32.95,-0.01,59,194408,卖盘
09:34:44,32.96,0.01,89,293342,买盘
09:34:47,32.96,0.0,32,105441,买盘
09:34:49,32.95,-0.01,9,29657,卖盘
09:34:52,32.94,-0.01,14,46125,卖盘
09:34:55,32.93,-0.01,10,32936,卖盘
09:34:58,32.94,0.01,9,29648,买盘
09:35:02,32.95,0.01,112,369035,买盘
09:35:05,32.95,0.0,24,79080,卖盘
09:35:08,32.95,0.0,288,949691,卖盘
09:35:11,32.96,0.01,84,276857,买盘
09:35:14,32.95,-0.01,213,701963,卖盘
09:35:17,32.96,0.01,98,322896,中性盘
09:35:20,32.96,0.0,21,69217,卖盘
09:35:23,32.97,0.01,26,85695,买盘
09:35:26,32.95,-0.02,13,42837,卖盘
09:35:29,32.96,0.01,7,23068,买盘
09:35:31,32.97,0.01,70,230756,买盘
09:35:35,32.95,-0.02,79,260362,卖盘
09:35:37,32.98,0.03,294,969344,买盘
09:35:40,32.99,0.01,193,636630,买盘
09:35:44,33.0,0.01,191,630184,买盘
09:35:47,32.95,-0.05,253,834213,卖盘
09:35:50,33.0,0.05,63,207740,买盘
09:35:52,33.0,0.0,346,1141773,买盘
09:35:55,33.0,0.0,71,234368,卖盘
09:35:58,33.04,0.04,81,267627,买盘
09:36:02,33.06,0.02,149,492456,买盘
09:36:05,33.0,-0.06,40,132122,卖盘
09:36:08,33.04,0.04,231,762480,买盘
09:36:11,32.98,-0.06,8,26402,卖盘
09:36:14,33.0,0.02,12,39600,买盘
09:36:17,32.98,-0.02,92,303456,卖盘
09:36:20,32.95,-0.03,272,896405,卖盘
09:36:23,32.95,0.0,232,764446,买盘
09:36:25,32.95,0.0,125,411881,卖盘
09:36:29,32.94,-0.01,73,240536,卖盘
09:36:31,32.95,0.01,112,368888,买盘
09:36:35,32.93,-0.02,44,144926,卖盘
09:36:38,32.94,0.01,113,372206,中性盘
09:36:41,32.95,0.01,36,118574,买盘
09:36:44,32.93,-0.02,47,154793,卖盘
09:36:47,32.93,0.0,75,246985,卖盘
09:36:50,32.91,-0.02,264,870100,卖盘
09:36:53,32.92,0.01,101,332348,中性盘
09:36:56,32.9,-0.02,7,23040,卖盘
09:36:58,32.91,0.01,2,6582,买盘
09:37:02,32.92,0.01,208,684568,买盘
09:37:05,32.92,0.0,75,246900,卖盘
09:37:08,32.91,-0.01,310,1020509,卖盘
09:37:11,32.9,-0.01,224,735126,卖盘
09:37:14,32.9,0.0,63,207314,买盘
09:37:17,32.9,0.0,12,39478,买盘
09:37:20,32.89,-0.01,40,131585,中性盘
09:37:23,32.88,-0.01,27,88794,卖盘
09:37:26,32.9,0.02,116,381592,买盘
09:37:29,32.88,-0.02,59,194024,卖盘
09:37:32,32.88,0.0,104,342042,卖盘
09:37:35,32.89,0.01,68,223628,买盘
09:37:38,32.89,0.0,95,312504,买盘
09:37:41,32.88,-0.01,54,177587,卖盘
09:37:44,32.9,0.02,20,65774,买盘
09:37:47,32.88,-0.02,70,230160,卖盘
09:37:50,32.87,-0.01,61,200549,卖盘
09:37:53,32.87,0.0,188,618143,卖盘
09:37:56,32.9,0.03,118,387881,买盘
09:37:58,32.9,0.0,108,355168,买盘
09:38:02,32.9,0.0,35,115063,买盘
09:38:05,32.9,0.0,77,253204,买盘
09:38:08,32.9,0.0,554,1820979,买盘
09:38:11,32.91,0.01,18,61089,买盘
09:38:14,32.88,-0.03,64,210582,卖盘
09:38:17,32.93,0.05,53,174365,买盘
09:38:19,32.93,0.0,129,424817,买盘
09:38:23,32.94,0.01,87,286539,买盘
09:38:26,32.94,0.0,65,214102,买盘
09:38:28,32.94,0.0,127,418327,买盘
09:38:32,32.93,-0.01,255,839926,中性盘
09:38:35,32.94,0.01,75,247047,买盘
09:38:37,32.88,-0.06,413,1358509,卖盘
09:38:41,32.92,0.04,17,55967,中性盘
09:38:44,32.91,-0.01,7,23043,中性盘
09:38:47,32.91,0.0,8,26324,买盘
09:38:50,32.9,-0.01,13,42782,卖盘
09:38:52,32.9,0.0,193,635453,卖盘
09:38:55,32.91,0.01,6,19741,买盘
09:38:59,32.9,-0.01,59,194110,卖盘
09:39:01,32.92,0.02,29,95468,中性盘
09:39:05,32.9,-0.02,50,164528,卖盘
09:39:08,32.92,0.02,58,189459,中性盘
09:39:11,32.98,0.06,205,675893,买盘
09:39:14,32.9,-0.08,140,460614,卖盘
09:39:17,32.9,0.0,38,125239,卖盘
09:39:20,32.98,0.08,5,16490,买盘
09:39:22,32.9,-0.08,109,358852,卖盘
09:39:26,32.91,0.01,110,361903,买盘
09:39:28,32.95,0.04,24,78981,买盘
09:39:32,32.95,0.0,3,9885,买盘
09:39:38,32.97,0.02,136,447525,买盘
09:39:44,32.95,-0.02,5,16475,卖盘
09:39:47,32.9,-0.05,101,332374,卖盘
09:39:50,32.9,0.0,406,1337166,卖盘
09:39:53,32.89,-0.01,96,314422,卖盘
09:40:02,32.91,0.02,17,55923,买盘
09:40:05,32.91,0.0,59,194181,买盘
09:40:08,32.95,0.04,146,480617,买盘
09:40:14,32.91,-0.04,67,220503,卖盘
09:40:17,32.91,0.0,4,13169,卖盘
09:40:20,32.92,0.01,105,345525,买盘
09:40:23,32.9,-0.02,25,82270,卖盘
09:40:26,32.9,0.0,40,131650,卖盘
09:40:28,32.91,0.01,246,809387,买盘
09:40:31,32.91,0.0,3,9873,卖盘
09:40:35,32.91,0.0,38,125068,卖盘
09:40:38,32.92,0.01,72,236961,中性盘
09:40:41,32.91,-0.01,23,75699,卖盘
09:40:43,32.92,0.01,6,19751,中性盘
09:40:47,32.94,0.02,307,1011042,买盘
09:40:50,32.94,0.0,54,177876,卖盘
09:40:53,32.94,0.0,110,362340,卖盘
09:40:55,32.95,0.01,32,105437,买盘
09:40:59,32.94,-0.01,35,115306,卖盘
09:41:02,32.94,0.0,210,691743,卖盘
09:41:04,32.94,0.0,416,1370545,卖盘
09:41:08,32.92,-0.02,33,108690,卖盘
09:41:10,32.94,0.02,145,477803,买盘
09:41:14,32.96,0.02,39,130345,买盘
09:41:17,32.96,0.0,52,171282,买盘
09:41:20,32.96,0.0,36,118621,卖盘
09:41:23,32.96,0.0,7,23068,买盘
09:41:25,32.96,0.0,64,210894,买盘
09:41:29,32.96,0.0,11,36246,买盘
09:41:31,32.94,-0.02,5,16470,卖盘
09:41:35,32.96,0.02,16,52722,买盘
09:41:38,32.94,-0.02,104,342584,中性盘
09:41:41,32.94,0.0,9,29648,买盘
09:41:44,32.94,0.0,53,174594,中性盘
09:41:47,32.93,-0.01,159,523770,卖盘
09:41:50,32.94,0.01,251,826535,中性盘
09:41:52,32.96,0.02,32,105466,买盘
09:41:56,32.94,-0.02,3,9886,卖盘
09:41:59,32.93,-0.01,21,69145,卖盘
09:42:02,32.93,0.0,65,214045,买盘
09:42:05,32.94,0.01,130,428108,买盘
09:42:08,32.93,-0.01,130,428285,卖盘
09:42:11,32.95,0.02,60,196280,卖盘
09:42:13,32.95,0.0,138,454548,卖盘
09:42:17,32.95,0.0,23,75761,买盘
09:42:20,32.95,0.0,3,9885,买盘
09:42:23,32.93,-0.02,24,79051,卖盘
09:42:26,32.95,0.02,14,46122,买盘
09:42:28,32.95,0.0,14,46130,卖盘
09:42:31,32.95,0.0,52,171290,买盘
09:42:35,32.96,0.01,69,227365,买盘
09:42:37,32.93,-0.03,135,444689,卖盘
09:42:41,32.92,-0.01,25,83750,卖盘
09:42:44,32.95,0.03,17,56000,买盘
09:42:47,32.95,0.0,83,273300,卖盘
09:42:49,32.95,0.0,5,16475,买盘
09:42:53,32.95,0.0,8,26360,买盘
09:42:56,32.95,0.0,4,13180,买盘
09:42:59,32.96,0.01,17,55366,买盘
09:43:02,32.96,0.0,66,217475,买盘
09:43:05,32.96,0.0,169,557006,买盘
09:43:08,32.95,-0.01,173,568748,卖盘
09:43:10,32.96,0.01,64,210894,卖盘
09:43:14,32.95,-0.01,10,32950,中性盘
09:43:16,32.94,-0.01,3,9884,卖盘
09:43:20,32.94,0.0,27,91017,卖盘
09:43:23,32.96,0.02,29,93451,买盘
09:43:29,32.95,-0.01,206,678486,买盘
09:43:35,32.95,0.0,66,217366,买盘
09:43:38,32.92,-0.03,212,697931,卖盘
09:43:40,32.94,0.02,5,16470,买盘
09:43:44,32.92,-0.02,170,559740,卖盘
09:43:47,32.92,0.0,5,16460,卖盘
09:43:50,32.94,0.02,47,154818,买盘
09:43:52,32.94,0.0,4,13176,卖盘
09:43:56,32.95,0.01,18,59295,买盘
09:43:59,32.95,0.0,142,467891,买盘
09:44:02,32.96,0.01,6,19776,买盘
09:44:05,32.98,0.02,104,342849,买盘
09:44:07,32.95,-0.03,44,146926,卖盘
09:44:11,32.95,0.0,10,32952,卖盘
09:44:14,32.94,-0.01,506,1665047,卖盘
09:44:17,32.97,0.03,24,79087,买盘
09:44:19,32.95,-0.02,2,6590,卖盘
09:44:23,32.95,0.0,72,237242,卖盘
09:44:26,32.93,-0.02,19,62567,卖盘
09:44:29,32.95,0.02,84,276780,买盘
09:44:32,32.95,0.0,139,457800,买盘
09:44:35,32.92,-0.03,19,62570,卖盘
09:44:38,32.93,0.01,25,82324,中性盘
09:44:41,32.93,0.0,75,246979,买盘
09:44:44,32.93,0.0,207,681446,买盘
09:44:47,32.92,-0.01,228,752361,买盘
09:44:50,32.9,-0.02,69,227010,卖盘
09:44:53,32.89,-0.01,898,2953304,卖盘
09:44:56,32.88,-0.01,10,32898,卖盘
09:44:59,32.88,0.0,41,134842,卖盘
09:45:02,32.89,0.01,173,568897,买盘
09:45:05,32.89,0.0,226,743312,买盘
09:45:08,32.89,0.0,182,600480,卖盘
09:45:10,32.89,0.0,38,124976,买盘
09:45:14,32.87,-0.02,128,418953,卖盘
09:45:17,32.88,0.01,38,124941,买盘
09:45:20,32.88,0.0,7,23016,买盘
09:45:23,32.87,-0.01,116,381292,卖盘
09:45:26,32.87,0.0,12,39444,卖盘
09:45:29,32.86,-0.01,69,226798,卖盘
09:45:32,32.87,0.01,75,246452,买盘
09:45:35,32.86,-0.01,513,1685338,卖盘
09:45:38,32.84,-0.02,33,108376,卖盘
09:45:41,32.85,0.01,52,170770,买盘
09:45:44,32.83,-0.02,291,955537,卖盘
09:45:47,32.83,0.0,90,295476,卖盘
09:45:49,32.82,-0.01,120,393968,卖盘
09:45:53,32.82,0.0,151,495586,卖盘
09:45:56,32.82,0.0,50,164136,卖盘
09:45:59,32.82,0.0,1090,3578304,卖盘
09:46:02,32.82,0.0,291,954269,卖盘
09:46:05,32.82,0.0,210,689935,买盘
09:46:07,32.8,-0.02,1124,3687371,卖盘
09:46:11,32.8,0.0,223,731524,卖盘
09:46:14,32.81,0.01,19,62337,买盘
09:46:17,32.8,-0.01,156,510976,卖盘
09:46:20,32.79,-0.01,124,406664,卖盘
09:46:22,32.8,0.01,520,1704723,买盘
09:46:25,32.78,-0.02,236,773530,卖盘
09:46:29,32.78,0.0,18,58996,中性盘
09:46:31,32.77,-0.01,150,491668,卖盘
09:46:35,32.78,0.01,156,511250,买盘
09:46:38,32.77,-0.01,127,416171,卖盘
09:46:41,32.76,-0.01,183,599666,卖盘
09:46:44,32.76,0.0,196,642207,卖盘
09:46:47,32.78,0.02,409,1340113,买盘
09:46:50,32.77,-0.01,251,822391,卖盘
09:46:53,32.78,0.01,205,671889,买盘
09:46:56,32.78,0.0,405,1329493,买盘
09:46:59,32.79,0.01,388,1272388,买盘
09:47:02,32.8,0.01,2386,7815726,买盘
09:47:05,32.76,-0.04,1004,3291835,卖盘
09:47:07,32.8,0.04,204,668652,买盘
09:47:11,32.79,-0.01,62,203352,卖盘
09:47:14,32.79,0.0,50,163948,卖盘
09:47:16,32.79,0.0,231,757345,买盘
09:47:19,32.79,0.0,34,111479,买盘
09:47:22,32.78,-0.01,147,481956,卖盘
09:47:26,32.78,0.0,216,707976,买盘
09:47:29,32.78,0.0,179,586729,买盘
09:47:31,32.8,0.02,230,754090,买盘
09:47:35,32.8,0.0,292,959491,买盘
09:47:37,32.79,-0.01,118,386998,卖盘
09:47:41,32.82,0.03,322,1056242,买盘
09:47:44,32.8,-0.02,6,19680,中性盘
09:47:47,32.78,-0.02,386,1266369,卖盘
09:47:50,32.78,0.0,515,1688279,卖盘
09:47:53,32.82,0.04,129,423349,买盘
09:47:55,32.82,0.0,151,495611,卖盘
09:47:58,32.8,-0.02,186,610127,卖盘
09:48:02,32.82,0.02,89,291951,中性盘
09:48:05,32.83,0.01,332,1089831,买盘
09:48:08,32.83,0.0,176,578286,卖盘
09:48:11,32.82,-0.01,2026,6641036,卖盘
09:48:14,32.83,0.01,335,1100050,买盘
09:48:17,32.84,0.01,107,351349,买盘
09:48:19,32.83,-0.01,30,98495,卖盘
09:48:22,32.83,0.0,41,134529,买盘
09:48:25,32.82,-0.01,118,387572,中性盘
09:48:29,32.83,0.01,27,88628,买盘
09:48:32,32.83,0.0,1,3283,卖盘
09:48:35,32.83,0.0,15,49245,卖盘
09:48:38,32.83,0.0,73,239664,卖盘
09:48:41,32.83,0.0,288,945070,买盘
09:48:44,32.81,-0.02,66,216548,卖盘
09:48:47,32.82,0.01,111,364219,买盘
09:48:50,32.8,-0.02,1018,3339286,卖盘
09:48:53,32.79,-0.01,61,200079,卖盘
09:48:56,32.8,0.01,59,193484,买盘
09:48:59,32.8,0.0,213,698540,买盘
09:49:02,32.78,-0.02,240,786890,卖盘
09:49:05,32.79,0.01,142,465633,中性盘
09:49:08,32.8,0.01,121,395470,中性盘
09:49:10,32.8,0.0,170,559585,卖盘
09:49:13,32.8,0.0,119,390340,卖盘
09:49:17,32.82,0.02,164,537958,买盘
09:49:20,32.8,-0.02,99,324750,卖盘
09:49:23,32.86,0.06,204,669861,买盘
09:49:26,32.85,-0.01,63,206881,中性盘
09:49:29,32.8,-0.05,205,672091,卖盘
09:49:32,32.8,0.0,93,305499,买盘
09:49:35,32.82,0.02,2,6564,卖盘
09:49:37,32.83,0.01,23,75554,买盘
09:49:41,32.85,0.02,27,88698,中性盘
09:49:44,32.85,0.0,44,144555,卖盘
09:49:47,32.85,0.0,14,46001,卖盘
09:49:50,32.86,0.01,58,190540,买盘
09:49:56,32.85,-0.01,9,29554,买盘
09:49:59,32.85,0.0,12,39414,买盘
09:50:02,32.85,0.0,105,344925,买盘
09:50:05,32.86,0.01,99,325233,买盘
09:50:07,32.86,0.0,17,54449,买盘
09:50:13,32.85,-0.01,43,141276,卖盘
09:50:16,32.87,0.02,37,121619,买盘
09:50:19,32.87,0.0,9,29579,买盘
09:50:23,32.85,-0.02,3,9855,卖盘
09:50:26,32.87,0.02,35,115031,买盘
09:50:29,32.86,-0.01,6,19720,卖盘
09:50:32,32.87,0.01,3,9860,买盘
09:50:35,32.87,0.0,17,55879,买盘
09:50:37,32.86,-0.01,20,65720,卖盘
09:50:41,32.86,0.0,13,42728,卖盘
09:50:44,32.87,0.01,119,391132,买盘
09:50:47,32.87,0.0,221,726321,买盘
09:50:50,32.85,-0.02,108,354796,卖盘
09:50:53,32.87,0.02,143,470035,买盘
09:50:59,32.87,0.0,96,315552,买盘
09:51:01,32.87,0.0,79,259613,买盘
09:51:05,32.86,-0.01,55,180741,卖盘
09:51:08,32.88,0.02,49,159655,买盘
09:51:10,32.87,-0.01,29,95306,中性盘
09:51:14,32.87,0.0,66,216940,买盘
09:51:17,32.87,0.0,172,565219,买盘
09:51:20,32.87,0.0,12,39442,买盘
09:51:23,32.87,0.0,59,193903,买盘
09:51:26,32.86,-0.01,84,276029,卖盘
09:51:29,32.86,0.0,34,111751,卖盘
09:51:32,32.87,0.01,88,289249,买盘
09:51:34,32.87,0.0,32,105181,卖盘
09:51:38,32.88,0.01,22,72319,买盘
09:51:41,32.87,-0.01,2,6574,卖盘
09:51:43,32.89,0.02,357,1173195,买盘
09:51:47,32.88,-0.01,9,29588,中性盘
09:51:49,32.87,-0.01,31,101919,卖盘
09:51:53,32.9,0.03,30,98668,买盘
09:51:56,32.88,-0.02,15,49313,卖盘
09:51:59,32.87,-0.01,1,3287,卖盘
09:52:02,32.88,0.01,247,812089,买盘
09:52:05,32.88,0.0,89,292715,卖盘
09:52:08,32.92,0.04,411,1353727,买盘
09:52:10,32.92,0.0,9,29616,买盘
09:52:14,32.9,-0.02,23,75712,卖盘
09:52:17,32.92,0.02,25,82300,买盘
09:52:20,32.92,0.0,15,49368,买盘
09:52:23,32.91,-0.01,102,335550,买盘
09:52:26,32.91,0.0,20,65815,买盘
09:52:29,32.9,-0.01,23,75689,买盘
09:52:31,32.93,0.03,36,118522,买盘
09:52:35,32.92,-0.01,27,88905,中性盘
09:52:38,32.9,-0.02,92,302690,卖盘
09:52:41,32.9,0.0,28,92120,买盘
09:52:44,32.89,-0.01,29,95408,卖盘
09:52:47,32.9,0.01,41,134890,买盘
09:52:50,32.9,0.0,26,85524,买盘
09:52:52,32.91,0.01,32,105308,买盘
09:52:56,32.89,-0.02,28,92101,中性盘
09:52:59,32.89,0.0,6,19733,买盘
09:53:02,32.9,0.01,78,256620,买盘
09:53:05,32.9,0.0,198,651372,买盘
09:53:08,32.92,0.02,80,261813,买盘
09:53:11,32.92,0.0,31,102042,买盘
09:53:14,32.91,-0.01,77,253531,卖盘
09:53:16,32.9,-0.01,8,26325,卖盘
09:53:20,32.93,0.03,143,470818,买盘
09:53:23,32.94,0.01,292,961545,买盘
09:53:26,32.94,0.0,99,326102,买盘
09:53:29,32.92,-0.02,84,276674,卖盘
09:53:32,32.95,0.03,129,425734,买盘
09:53:34,32.92,-0.03,576,1898177,卖盘
09:53:38,32.96,0.04,86,283622,卖盘
09:53:41,32.96,0.0,14,46164,卖盘
09:53:44,32.95,-0.01,151,496668,卖盘
09:53:47,32.95,0.0,6,19770,买盘
09:53:50,32.95,0.0,146,481070,买盘
09:53:52,32.91,-0.04,10,32941,卖盘
09:53:55,32.95,0.04,31,102142,买盘
09:53:59,32.95,0.0,29,95555,买盘
09:54:02,32.95,0.0,98,322829,买盘
09:54:05,32.98,0.03,181,597457,买盘
09:54:08,32.96,-0.02,95,313124,卖盘
09:54:11,32.95,-0.01,138,454959,卖盘
09:54:13,32.95,0.0,23,75788,卖盘
09:54:17,32.98,0.03,26,85699,买盘
09:54:20,32.96,-0.02,31,102182,中性盘
09:54:23,32.96,0.0,411,1353103,卖盘
09:54:26,32.98,0.02,37,122016,买盘
09:54:29,32.97,-0.01,12,39568,中性盘
09:54:32,32.98,0.01,53,174749,买盘
09:54:34,32.96,-0.02,9,29668,卖盘
09:54:37,32.95,-0.01,36,118653,卖盘
09:54:41,32.96,0.01,100,329622,中性盘
09:54:44,32.96,0.0,78,257088,买盘
09:54:47,32.9,-0.06,45,148261,卖盘
09:54:50,32.93,0.03,33,108682,卖盘
09:54:53,32.94,0.01,7,23058,买盘
09:54:56,32.93,-0.01,4,13173,卖盘
09:54:59,32.94,0.01,14,46116,买盘
09:55:02,32.94,0.0,118,388635,买盘
09:55:05,32.9,-0.04,179,589571,卖盘
09:55:08,32.94,0.04,64,209292,买盘
09:55:11,32.93,-0.01,9,31059,卖盘
09:55:13,32.94,0.01,96,316214,买盘
09:55:17,32.92,-0.02,6,19757,中性盘
09:55:20,32.93,0.01,40,131719,买盘
09:55:23,32.91,-0.02,23,75731,卖盘
09:55:25,32.91,0.0,1,3291,卖盘
09:55:29,32.93,0.02,275,905023,买盘
09:55:32,32.92,-0.01,34,111914,买盘
09:55:35,32.91,-0.01,6,19750,卖盘
09:55:38,32.91,0.0,33,108602,卖盘
09:55:41,32.91,0.0,13,42783,买盘
09:55:44,32.91,0.0,7,23037,买盘
09:55:47,32.9,-0.01,18,59225,卖盘
09:55:49,32.91,0.01,23,75692,买盘
09:55:53,32.9,-0.01,21,69098,卖盘
09:55:55,32.9,0.0,6,19739,买盘
09:55:59,32.91,0.01,56,184243,买盘
09:56:02,32.9,-0.01,15,49350,中性盘
09:56:05,32.9,0.0,115,378344,买盘
09:56:08,32.91,0.01,83,271734,买盘
09:56:10,32.91,0.0,187,615409,买盘
09:56:13,32.92,0.01,141,464172,买盘
09:56:16,32.93,0.01,291,958252,买盘
09:56:20,32.93,0.0,554,1823595,买盘
09:56:23,32.93,0.0,320,1053710,买盘
09:56:26,32.95,0.02,121,398609,买盘
09:56:29,32.97,0.02,219,721586,买盘
09:56:32,32.92,-0.05,34,111961,卖盘
09:56:35,32.92,0.0,291,957966,买盘
09:56:38,32.95,0.03,17,56021,卖盘
09:56:41,32.94,-0.01,20,65895,卖盘
09:56:43,32.93,-0.01,67,220631,买盘
09:56:46,32.93,0.0,86,283198,买盘
09:56:50,32.93,0.0,17,55981,买盘
09:56:52,32.93,0.0,18,59266,买盘
09:56:56,32.9,-0.03,20,65821,卖盘
09:56:59,32.92,0.02,5,16460,买盘
09:57:01,32.93,0.01,12,39505,买盘
09:57:05,32.93,0.0,176,579568,买盘
09:57:08,32.95,0.02,37,123757,买盘
09:57:11,32.95,0.0,11,36235,买盘
09:57:14,32.94,-0.01,30,98803,中性盘
09:57:17,32.95,0.01,29,95530,买盘
09:57:23,32.95,0.0,9,29652,买盘
09:57:26,32.95,0.0,5,16475,买盘
09:57:29,32.95,0.0,138,454651,买盘
09:57:32,32.95,0.0,35,115316,买盘
09:57:35,32.95,0.0,19,62605,买盘
09:57:38,32.94,-0.01,98,322812,卖盘
09:57:40,32.93,-0.01,414,1363902,卖盘
09:57:44,32.95,0.02,24,79070,买盘
09:57:46,32.94,-0.01,19,62586,中性盘
09:57:50,32.93,-0.01,139,455857,卖盘
09:57:52,32.93,0.0,7,23050,买盘
09:57:55,32.93,0.0,120,395140,买盘
09:57:59,32.93,0.0,4,13831,买盘
09:58:02,32.95,0.02,19,62587,买盘
09:58:04,32.95,0.0,163,537084,买盘
09:58:08,32.96,0.01,3,11766,买盘
09:58:11,32.96,0.0,4,13181,中性盘
09:58:14,32.96,0.0,60,197808,卖盘
09:58:17,32.95,-0.01,52,171350,卖盘
09:58:20,32.97,0.02,54,177993,买盘
09:58:22,32.95,-0.02,197,647202,卖盘
09:58:26,32.95,0.0,90,296549,买盘
09:58:29,32.94,-0.01,58,191097,卖盘
09:58:32,33.0,0.06,1003,3306348,买盘
09:58:35,33.0,0.0,12,39596,买盘
09:58:38,32.95,-0.05,26,85706,卖盘
09:58:41,32.95,0.0,4,13180,卖盘
09:58:44,32.97,0.02,32,105561,中性盘
09:58:47,32.99,0.02,4,13196,买盘
09:58:50,32.96,-0.03,30,98902,卖盘
09:58:53,32.96,0.0,16,52733,买盘
09:58:56,32.96,0.0,32,105454,买盘
09:58:58,32.95,-0.01,2,6591,卖盘
09:59:02,32.99,0.04,57,187873,买盘
09:59:05,32.95,-0.04,62,204303,卖盘
09:59:08,32.96,0.01,34,114042,卖盘
09:59:10,32.96,0.0,23,75834,卖盘
09:59:14,32.98,0.02,132,434998,买盘
09:59:17,32.98,0.0,6,19788,买盘
09:59:19,32.97,-0.01,45,148380,中性盘
09:59:23,32.98,0.01,8,26384,中性盘
09:59:25,32.98,0.0,29,95623,买盘
09:59:28,32.98,0.0,33,108802,买盘
09:59:32,32.98,0.0,80,263720,买盘
09:59:35,32.98,0.0,43,141784,买盘
09:59:38,32.98,0.0,147,484789,买盘
09:59:41,32.96,-0.02,34,112085,卖盘
09:59:44,32.96,0.0,29,95610,卖盘
09:59:47,32.98,0.02,139,458421,买盘
09:59:50,32.99,0.01,33,108859,买盘
09:59:53,32.98,-0.01,16,52775,卖盘
09:59:55,32.98,0.0,23,75854,卖盘
09:59:59,32.99,0.01,245,808255,买盘
10:00:02,32.99,0.0,26,85764,买盘
10:00:05,32.99,0.0,60,197886,买盘
10:00:08,32.99,0.0,72,236109,买盘
10:00:11,32.99,0.0,16,52772,买盘
10:00:13,32.98,-0.01,31,102264,卖盘
10:00:17,32.98,0.0,10,32980,卖盘
10:00:20,32.99,0.01,32,105556,买盘
10:00:23,32.99,0.0,116,384065,买盘
10:00:26,32.97,-0.02,13,42862,卖盘
10:00:29,32.97,0.0,51,168158,卖盘
10:00:31,32.99,0.02,52,171513,买盘
10:00:35,32.96,-0.03,49,161580,卖盘
10:00:37,32.96,0.0,18,59328,卖盘
10:00:41,32.99,0.03,196,646396,买盘
10:00:44,32.98,-0.01,58,191284,卖盘
10:00:47,32.96,-0.02,1,3296,卖盘
10:00:49,32.98,0.02,20,65952,买盘
10:00:53,32.97,-0.01,17,56038,中性盘
10:00:55,32.97,0.0,38,125240,买盘
10:00:59,32.97,0.0,16,52752,卖盘
10:01:02,32.96,-0.01,39,128549,卖盘
10:01:05,32.96,0.0,38,125268,卖盘
10:01:08,32.95,-0.01,38,125284,卖盘
10:01:11,32.96,0.01,8,26369,中性盘
10:01:14,32.95,-0.01,9,29656,卖盘
10:01:16,32.95,0.0,25,82413,卖盘
10:01:20,32.95,0.0,50,164759,卖盘
10:01:23,32.95,0.0,60,197700,买盘
10:01:26,32.95,0.0,17,56016,卖盘
10:01:29,32.95,0.0,51,168076,卖盘
10:01:32,32.96,0.01,94,309750,买盘
10:01:34,32.95,-0.01,12,39546,卖盘
10:01:38,32.96,0.01,14,46140,中性盘
10:01:41,32.96,0.0,33,108751,买盘
10:01:43,32.96,0.0,113,372501,卖盘
10:01:47,32.97,0.01,49,161550,买盘
10:01:49,32.97,0.0,92,303302,买盘
10:01:53,32.98,0.01,125,412213,买盘
10:01:56,32.98,0.0,248,817861,买盘
10:01:59,32.97,-0.01,265,874211,卖盘
10:02:02,32.98,0.01,190,626799,买盘
10:02:05,33.0,0.02,282,927484,买盘
10:02:08,33.0,0.0,405,1338257,买盘
10:02:11,33.0,0.0,251,828292,买盘
10:02:14,33.01,0.01,228,752754,买盘
10:02:16,33.0,-0.01,30,99044,卖盘
10:02:20,33.0,0.0,17,56100,卖盘
10:02:23,33.04,0.04,63,208072,买盘
10:02:26,33.05,0.01,42,138785,买盘
10:02:28,33.01,-0.04,5,16507,卖盘
10:02:32,33.05,0.04,24,79275,买盘
10:02:35,33.04,-0.01,31,102422,中性盘
10:02:37,33.04,0.0,32,105733,买盘
10:02:40,33.04,0.0,36,118972,卖盘
10:02:44,33.04,0.0,12,39653,卖盘
10:02:47,33.03,-0.01,67,221313,卖盘
10:02:50,33.04,0.01,71,234600,买盘
10:02:52,33.05,0.01,40,132214,卖盘
10:02:56,33.06,0.01,86,284258,买盘
10:02:59,33.06,0.0,68,224802,买盘
10:03:02,33.05,-0.01,44,145453,卖盘
10:03:05,33.05,0.0,29,94445,卖盘
10:03:07,33.07,0.02,151,499255,买盘
10:03:11,33.06,-0.01,14,46286,中性盘
10:03:14,33.06,0.0,66,218190,买盘
10:03:17,33.06,0.0,1,3306,买盘
10:03:20,33.06,0.0,7,23142,买盘
10:03:23,33.06,0.0,103,340505,买盘
10:03:25,33.06,0.0,19,62829,卖盘
10:03:29,33.06,0.0,149,492694,卖盘
10:03:32,33.07,0.01,22,72743,买盘
10:03:35,33.07,0.0,22,72750,买盘
10:03:38,33.07,0.0,51,168647,买盘
10:03:41,33.06,-0.01,39,128953,卖盘
10:03:44,33.06,0.0,35,115727,卖盘
10:03:47,33.07,0.01,103,340581,买盘
10:03:49,33.06,-0.01,120,396763,卖盘
10:03:52,33.06,0.0,422,1395317,买盘
10:03:56,33.07,0.01,74,244636,买盘
10:03:59,33.06,-0.01,6,19836,中性盘
10:04:01,33.07,0.01,44,145479,买盘
10:04:05,33.06,-0.01,27,89281,卖盘
10:04:08,33.07,0.01,42,140770,买盘
10:04:11,33.08,0.01,80,264561,买盘
10:04:14,33.07,-0.01,42,138889,卖盘
10:04:17,33.07,0.0,173,570579,买盘
10:04:20,33.07,0.0,6,19842,买盘
10:04:23,33.05,-0.02,92,303690,卖盘
10:04:26,33.06,0.01,27,89283,中性盘
10:04:29,33.07,0.01,159,525745,买盘
10:04:32,33.07,0.0,115,380192,买盘
10:04:35,33.06,-0.01,50,165250,中性盘
10:04:38,33.06,0.0,89,294197,买盘
10:04:41,33.05,-0.01,31,102451,中性盘
10:04:43,33.04,-0.01,28,92561,卖盘
10:04:47,33.06,0.02,11,36366,买盘
10:04:50,33.06,0.0,28,92558,买盘
10:04:53,33.04,-0.02,16,52886,卖盘
10:04:55,33.03,-0.01,21,69381,卖盘
10:04:58,33.06,0.03,13,42970,买盘
10:05:02,33.05,-0.01,34,112370,中性盘
10:05:05,33.05,0.0,123,406419,卖盘
10:05:08,33.06,0.01,263,871410,买盘
10:05:11,33.05,-0.01,79,261176,卖盘
10:05:14,33.06,0.01,118,389990,买盘
10:05:17,33.05,-0.01,20,66110,卖盘
10:05:20,33.05,0.0,41,135502,买盘
10:05:23,33.05,0.0,14,46270,买盘
10:05:25,33.05,0.0,144,476007,买盘
10:05:30,33.05,0.0,17,56157,买盘
10:05:32,33.05,0.0,21,69405,买盘
10:05:35,33.04,-0.01,3,9912,中性盘
10:05:37,33.05,0.01,47,155319,买盘
10:05:41,33.05,0.0,15,49570,买盘
10:05:44,33.06,0.01,70,231404,买盘
10:05:47,33.06,0.0,23,76038,卖盘
10:05:50,33.07,0.01,95,311314,买盘
10:05:53,33.07,0.0,44,145508,卖盘
10:05:56,33.06,-0.01,114,379759,卖盘
10:05:59,33.04,-0.02,1,3304,卖盘
10:06:02,33.05,0.01,14,46275,买盘
10:06:05,33.05,0.0,34,112372,卖盘
10:06:08,33.07,0.02,39,126090,买盘
10:06:10,33.05,-0.02,39,128925,卖盘
10:06:14,33.07,0.02,22,72737,买盘
10:06:17,33.07,0.0,10,33066,买盘
10:06:20,33.06,-0.01,12,39676,中性盘
10:06:23,33.07,0.01,27,89262,买盘
10:06:26,33.07,0.0,27,89264,买盘
10:06:29,33.07,0.0,29,95891,买盘
10:06:32,33.06,-0.01,14,46273,中性盘
10:06:35,33.05,-0.01,12,39666,卖盘
10:06:38,33.06,0.01,56,185061,买盘
10:06:41,33.05,-0.01,109,360314,卖盘
10:06:44,33.05,0.0,78,257804,卖盘
10:06:47,33.03,-0.02,79,261064,卖盘
10:06:50,33.05,0.02,61,204378,中性盘
10:06:53,33.02,-0.03,64,211466,卖盘
10:06:56,33.03,0.01,139,458838,买盘
10:06:59,33.01,-0.02,69,227779,卖盘
10:07:02,33.01,0.0,40,132039,买盘
10:07:04,33.01,0.0,21,69321,买盘
10:07:08,33.03,0.02,54,178289,买盘
10:07:11,33.0,-0.03,91,300390,卖盘
10:07:14,33.03,0.03,6,19815,买盘
10:07:17,33.03,0.0,17,56151,卖盘
10:07:20,33.03,0.0,57,188129,买盘
10:07:23,33.03,0.0,10,33022,买盘
10:07:26,33.03,0.0,15,49545,买盘
10:07:29,33.03,0.0,19,62752,买盘
10:07:32,33.03,0.0,14,46232,买盘
10:07:36,33.03,0.0,23,75969,买盘
10:07:38,33.03,0.0,23,75965,买盘
10:07:41,33.03,0.0,10,33027,买盘
10:07:44,33.02,-0.01,40,132110,卖盘
10:07:47,33.02,0.0,50,165119,卖盘
10:07:51,33.02,0.0,51,168402,买盘
10:07:53,33.03,0.01,19,62757,买盘
10:07:55,33.02,-0.01,25,82549,卖盘
10:08:00,33.03,0.01,62,204725,买盘
10:08:02,33.02,-0.01,19,62756,卖盘
10:08:06,33.03,0.01,55,181624,买盘
10:08:07,33.02,-0.01,161,530364,卖盘
10:08:11,33.01,-0.01,164,542960,卖盘
10:08:15,33.01,0.0,52,171702,卖盘
10:08:17,33.05,0.04,80,264254,买盘
10:08:20,33.05,0.0,45,148712,买盘
10:08:23,33.05,0.0,84,277512,买盘
10:08:26,33.05,0.0,13,41531,买盘
10:08:29,33.06,0.01,33,109068,买盘
10:08:33,33.05,-0.01,26,85940,卖盘
10:08:36,33.04,-0.01,7,23130,中性盘
10:08:38,33.05,0.01,11,36360,中性盘
10:08:41,33.06,0.01,15,49590,买盘
10:08:44,33.05,-0.01,65,214835,卖盘
10:08:47,33.05,0.0,34,112370,买盘
10:08:49,33.04,-0.01,5,16520,买盘
10:08:53,33.02,-0.02,66,218041,卖盘
10:08:56,33.04,0.02,8,26432,中性盘
10:08:59,33.02,-0.02,22,72675,卖盘
10:09:02,33.04,0.02,16,52855,卖盘
10:09:05,33.04,0.0,75,249137,买盘
10:09:08,33.04,0.0,51,168482,买盘
10:09:11,33.03,-0.01,16,52826,中性盘
10:09:14,33.0,-0.03,66,217899,卖盘
10:09:17,33.02,0.02,50,165162,中性盘
10:09:21,33.01,-0.01,34,112248,卖盘
10:09:23,33.01,0.0,85,280546,卖盘
10:09:26,33.02,0.01,71,234341,买盘
10:09:30,33.0,-0.02,200,659986,卖盘
10:09:32,32.98,-0.02,35,115461,卖盘
10:09:36,33.03,0.05,391,1290568,买盘
10:09:39,33.0,-0.03,155,511944,卖盘
10:09:42,33.03,0.03,11,36317,买盘
10:09:45,32.99,-0.04,37,122066,卖盘
10:09:47,33.03,0.04,35,115495,买盘
10:09:51,33.0,-0.03,1,3300,卖盘
10:09:53,32.99,-0.01,9,29700,卖盘
10:09:57,33.03,0.04,94,310402,买盘
10:10:00,33.03,0.0,79,260937,卖盘
10:10:02,33.03,0.0,114,376542,卖盘
10:10:05,33.04,0.01,103,340223,买盘
10:10:09,33.03,-0.01,77,252954,卖盘
10:10:12,33.03,0.0,123,407695,卖盘
10:10:15,32.99,-0.04,33,108915,卖盘
10:10:18,33.01,0.02,29,95728,卖盘
10:10:20,33.01,0.0,64,211282,买盘
10:10:24,33.0,-0.01,36,118730,中性盘
10:10:26,33.0,0.0,72,237431,卖盘
10:10:29,32.97,-0.03,36,115886,卖盘
10:10:32,32.99,0.02,12,39586,买盘
10:10:35,32.97,-0.02,34,112101,卖盘
10:10:39,32.97,0.0,133,439358,卖盘
10:10:41,32.97,0.0,19,62643,买盘
10:10:44,32.97,0.0,19,62643,买盘
10:10:47,32.96,-0.01,19,62624,卖盘
10:10:50,32.97,0.01,13,42859,买盘
10:10:53,32.97,0.0,161,531093,买盘
10:10:57,32.97,0.0,107,352657,卖盘
10:10:59,32.97,0.0,38,125253,买盘
10:11:02,32.97,0.0,3,9890,中性盘
10:11:06,32.96,-0.01,77,253799,卖盘
10:11:07,33.02,0.06,36,120720,买盘
10:11:12,32.99,-0.03,2,6598,中性盘
10:11:15,32.96,-0.03,45,148380,卖盘
10:11:17,32.96,0.0,49,159662,卖盘
10:11:20,33.01,0.05,6,21660,买盘
10:11:24,33.01,0.0,17,56071,买盘
10:11:27,33.01,0.0,11,36301,买盘
10:11:30,33.01,0.0,1,3301,买盘
10:11:33,32.97,-0.04,45,148467,卖盘
10:11:35,32.98,0.01,60,197848,中性盘
10:11:39,33.01,0.03,11,36295,买盘
10:11:42,33.03,0.02,129,425042,买盘
10:11:44,33.02,-0.01,63,208043,卖盘
10:11:47,33.03,0.01,45,148608,买盘
10:11:49,33.03,0.0,51,168446,买盘
10:11:54,33.03,0.0,22,72664,买盘
10:11:56,33.02,-0.01,70,229750,卖盘
10:11:59,33.03,0.01,105,349013,买盘
10:12:02,33.03,0.0,11,36331,买盘
10:12:06,33.01,-0.02,33,108982,卖盘
10:12:08,33.04,0.03,61,201467,买盘
10:12:12,33.02,-0.02,66,217920,中性盘
10:12:15,33.01,-0.01,25,82533,卖盘
10:12:18,33.01,0.0,14,46215,买盘
10:12:21,33.0,-0.01,5,16501,卖盘
10:12:23,33.0,0.0,19,62693,买盘
10:12:27,32.97,-0.03,30,98910,卖盘
10:12:29,32.96,-0.01,38,125239,卖盘
10:12:33,32.96,0.0,78,257063,买盘
10:12:36,32.96,0.0,51,168051,买盘
10:12:39,32.96,0.0,179,589781,买盘
10:12:42,32.97,0.01,66,217628,买盘
10:12:45,32.96,-0.01,33,108771,卖盘
10:12:47,32.97,0.01,29,95617,中性盘
10:12:50,32.99,0.02,19,62647,卖盘
10:12:54,33.0,0.01,7,23099,买盘
10:12:56,32.99,-0.01,34,112193,卖盘
10:13:00,32.99,0.0,35,115443,卖盘
10:13:02,32.96,-0.03,161,530757,卖盘
10:13:05,32.96,0.0,78,257058,买盘
10:13:09,32.99,0.03,38,125269,买盘
10:13:11,32.99,0.0,98,323299,买盘
10:13:14,32.96,-0.03,85,280174,卖盘
10:13:17,32.96,0.0,19,62643,卖盘
10:13:21,32.99,0.03,140,461503,买盘
10:13:23,32.98,-0.01,121,399544,中性盘
10:13:26,32.97,-0.01,40,131892,卖盘
10:13:29,32.99,0.02,80,263918,买盘
10:13:33,32.99,0.0,2,6598,买盘
10:13:35,32.99,0.0,40,131941,买盘
10:13:38,33.0,0.01,48,158373,买盘
10:13:41,33.0,0.0,14,46197,买盘
10:13:44,33.0,0.0,33,108891,买盘
10:13:47,32.99,-0.01,80,263956,卖盘
10:13:51,32.99,0.0,123,405879,卖盘
10:13:54,32.99,0.0,4,13196,买盘
10:13:56,32.99,0.0,109,359556,买盘
10:13:59,32.99,0.0,64,211093,买盘
10:14:02,32.99,0.0,66,217732,买盘
10:14:06,32.99,0.0,47,155015,买盘
10:14:09,32.99,0.0,56,183310,买盘
10:14:11,32.98,-0.01,13,44297,卖盘
10:14:15,32.96,-0.02,32,105494,卖盘
10:14:17,32.98,0.02,9,29682,买盘
10:14:24,32.98,0.0,7,23086,买盘
10:14:26,32.98,0.0,10,32980,买盘
10:14:29,32.96,-0.02,10,32960,卖盘
10:14:33,32.98,0.02,23,75854,买盘
10:14:35,32.96,-0.02,95,313206,卖盘
10:14:39,32.98,0.02,11,36278,买盘
10:14:41,32.98,0.0,17,54648,买盘
10:14:45,32.96,-0.02,50,164872,卖盘
10:14:47,32.99,0.03,21,69271,买盘
10:14:51,32.99,0.0,34,112115,买盘
10:14:52,32.95,-0.04,121,400178,卖盘
10:14:56,32.96,0.01,88,289969,买盘
10:15:00,32.92,-0.04,202,665492,卖盘
10:15:02,32.93,0.01,67,220610,买盘
10:15:06,32.95,0.02,26,84216,买盘
10:15:09,32.95,0.0,209,690072,卖盘
10:15:12,32.93,-0.02,48,158070,卖盘
10:15:14,32.94,0.01,45,148190,买盘
10:15:17,32.94,0.0,28,92243,卖盘
10:15:21,32.95,0.01,30,98796,买盘
10:15:24,32.94,-0.01,20,65884,卖盘
10:15:27,32.93,-0.01,84,276679,卖盘
10:15:29,32.95,0.02,17,56004,买盘
10:15:33,32.95,0.0,5,16475,买盘
10:15:36,32.95,0.0,786,2586818,买盘
10:15:39,32.96,0.01,23,75793,买盘
10:15:41,32.96,0.0,122,401977,买盘
10:15:44,32.96,0.0,20,65911,中性盘
10:15:47,32.98,0.02,12,39567,买盘
10:15:50,32.95,-0.03,26,85679,卖盘
10:15:54,32.98,0.03,11,36278,买盘
10:15:57,32.97,-0.01,1,3297,买盘
10:16:00,32.96,-0.01,32,105452,买盘
10:16:02,32.96,0.0,14,46147,买盘
10:16:06,32.96,0.0,254,837888,卖盘
10:16:09,32.99,0.03,58,193117,买盘
10:16:11,32.99,0.0,13,42868,买盘
10:16:14,32.99,0.0,24,79171,买盘
10:16:18,32.99,0.0,26,85738,买盘
10:16:21,32.95,-0.04,196,646188,卖盘
10:16:24,32.99,0.04,3,9897,买盘
10:16:27,32.99,0.0,12,39580,买盘
10:16:29,32.99,0.0,4,13196,买盘
10:16:36,32.99,0.0,23,75877,买盘
10:16:38,32.99,0.0,7,23091,买盘
10:16:42,33.0,0.01,11,36296,买盘
10:16:45,32.99,-0.01,16,52775,中性盘
10:16:47,33.0,0.01,18,59385,买盘
10:16:50,33.0,0.0,26,85800,买盘
10:16:54,33.0,0.0,14,46199,买盘
10:16:57,32.99,-0.01,46,151785,卖盘
10:17:00,32.99,0.0,80,263958,卖盘
10:17:02,33.01,0.02,1,3301,买盘
10:17:06,32.99,-0.02,39,128725,卖盘
10:17:08,33.01,0.02,132,434281,中性盘
10:17:12,33.03,0.02,151,498686,买盘
10:17:15,33.03,0.0,127,419438,买盘
10:17:18,33.03,0.0,26,85867,买盘
10:17:20,33.03,0.0,191,631026,买盘
10:17:23,33.04,0.01,22,72686,买盘
10:17:27,33.02,-0.02,76,251034,卖盘
10:17:30,33.04,0.02,57,188341,买盘
10:17:32,33.04,0.0,20,66080,买盘
10:17:36,33.04,0.0,9,29733,买盘
10:17:39,33.04,0.0,2,6608,买盘
10:17:42,33.03,-0.01,77,254353,卖盘
10:17:45,33.05,0.02,62,204885,买盘
10:17:48,33.05,0.0,30,99129,买盘
10:17:51,33.05,0.0,34,112328,买盘
10:17:54,33.05,0.0,20,66098,买盘
10:17:57,33.04,-0.01,33,109054,卖盘
10:18:00,33.04,0.0,51,168535,卖盘
10:18:02,33.05,0.01,4,14707,买盘
10:18:05,33.04,-0.01,201,664363,卖盘
10:18:09,33.06,0.02,49,160553,买盘
10:18:11,33.06,0.0,109,360101,买盘
10:18:15,33.06,0.0,15,49572,买盘
10:18:18,33.05,-0.01,98,323970,买盘
10:18:21,33.05,0.0,2,6610,买盘
10:18:24,33.05,0.0,46,152030,买盘
10:18:27,33.03,-0.02,78,257659,卖盘
10:18:30,33.05,0.02,56,185075,买盘
10:18:33,33.05,0.0,49,161944,买盘
10:18:36,33.03,-0.02,56,184987,卖盘
10:18:39,33.05,0.02,155,512099,买盘
10:18:42,33.06,0.01,9,29752,买盘
10:18:45,33.03,-0.03,32,105716,卖盘
10:18:47,33.06,0.03,52,171815,买盘
10:18:51,33.04,-0.02,6,19823,中性盘
10:18:54,33.04,0.0,1,3304,买盘
10:18:56,33.01,-0.03,31,102369,卖盘
10:19:00,33.01,0.0,81,267573,卖盘
10:19:03,33.03,0.02,28,92508,中性盘
10:19:06,33.03,0.0,16,52843,买盘
10:19:09,33.04,0.01,63,208092,买盘
10:19:14,33.03,-0.01,20,66060,卖盘
10:19:18,33.04,0.01,23,77860,买盘
10:19:21,33.04,0.0,29,95816,卖盘
10:19:24,33.06,0.02,89,294194,买盘
10:19:26,33.03,-0.03,16,52857,卖盘
10:19:30,33.05,0.02,5,16525,中性盘
10:19:32,33.04,-0.01,36,118946,卖盘
10:19:36,33.04,0.0,8,26432,买盘
10:19:39,33.04,0.0,10,33040,买盘
10:19:42,33.04,0.0,89,293982,买盘
10:19:45,33.04,0.0,13,42960,卖盘
10:19:48,33.05,0.01,58,191689,中性盘
10:19:50,33.05,0.0,3,9915,买盘
10:19:54,33.06,0.01,13,42963,买盘
10:19:57,33.06,0.0,18,59498,买盘
10:20:00,33.06,0.0,246,813740,买盘
10:20:03,33.05,-0.01,29,95334,卖盘
10:20:06,33.04,-0.01,9,29743,卖盘
10:20:09,33.05,0.01,137,452653,买盘
10:20:15,33.06,0.01,42,138813,买盘
10:20:18,33.05,-0.01,12,39661,卖盘
10:20:21,33.06,0.01,37,122312,买盘
10:20:24,33.07,0.01,43,142149,买盘
10:20:27,33.05,-0.02,6,19830,卖盘
10:20:30,33.07,0.02,9,29756,买盘
10:20:33,33.07,0.0,24,79358,买盘
10:20:36,33.06,-0.01,1,3306,中性盘
10:20:39,33.07,0.01,12,39683,买盘
10:20:42,33.07,0.0,9,29763,买盘
10:20:44,33.05,-0.02,24,79334,卖盘
10:20:48,33.05,0.0,17,56185,买盘
10:20:51,33.05,0.0,12,39660,买盘
10:20:53,33.05,0.0,36,118980,买盘
10:20:57,33.05,0.0,23,76015,买盘
10:21:00,33.03,-0.02,98,323803,卖盘
10:21:03,33.04,0.01,2,6608,中性盘
10:21:06,33.06,0.02,3,9918,买盘
10:21:09,33.05,-0.01,70,229985,卖盘
10:21:12,33.05,0.0,19,62802,卖盘
10:21:15,33.06,0.01,101,333664,买盘
10:21:18,33.06,0.0,23,76032,买盘
10:21:21,33.03,-0.03,21,69367,卖盘
10:21:24,33.03,0.0,37,123682,卖盘
10:21:27,33.06,0.03,3,8495,卖盘
10:21:30,33.05,-0.01,6,19826,中性盘
10:21:33,33.04,-0.01,11,36352,卖盘
10:21:36,33.06,0.02,42,138822,买盘
10:21:39,33.05,-0.01,36,118980,卖盘
10:21:42,33.04,-0.01,3,9912,卖盘
10:21:45,33.03,-0.01,49,161899,卖盘
10:21:47,33.05,0.02,51,168484,买盘
10:21:51,33.03,-0.02,22,74088,卖盘
10:21:54,33.0,-0.03,77,254191,卖盘
10:21:56,33.0,0.0,33,108928,卖盘
10:22:00,33.0,0.0,102,336724,卖盘
10:22:03,33.01,0.01,16,52807,中性盘
10:22:06,33.03,0.02,21,69347,买盘
10:22:09,33.01,-0.02,64,211274,卖盘
10:22:12,33.01,0.0,60,198059,买盘
10:22:15,33.0,-0.01,55,181549,卖盘
10:22:18,33.01,0.01,3,9903,中性盘
10:22:20,33.01,0.0,5,16505,卖盘
10:22:24,33.02,0.01,34,112247,买盘
10:22:27,33.01,-0.01,4,13204,卖盘
10:22:30,33.02,0.01,14,46227,买盘
10:22:33,33.01,-0.01,2,6602,卖盘
10:22:36,33.0,-0.01,205,676656,卖盘
10:22:39,33.02,0.02,10,33020,买盘
10:22:42,33.0,-0.02,21,69331,卖盘
10:22:45,33.02,0.02,3,9906,买盘
10:22:48,33.0,-0.02,93,306900,卖盘
10:22:51,33.0,0.0,45,148500,卖盘
10:22:53,33.0,0.0,3,9900,买盘
10:22:57,32.99,-0.01,5,16495,卖盘
10:23:00,32.97,-0.02,33,108809,卖盘
10:23:02,32.98,0.01,16,52768,买盘
10:23:06,32.97,-0.01,4,13194,卖盘
10:23:09,32.99,0.02,44,145150,买盘
10:23:12,32.96,-0.03,78,257154,卖盘
10:23:14,32.96,0.0,18,59322,买盘
10:23:21,32.96,0.0,14,46133,买盘
10:23:24,32.96,0.0,5,16480,买盘
10:23:27,32.95,-0.01,46,151601,卖盘
10:23:30,32.96,0.01,35,115336,买盘
10:23:32,32.96,0.0,3,9888,买盘
10:23:35,32.96,0.0,36,118628,买盘
10:23:38,32.95,-0.01,12,39541,卖盘
10:23:42,32.95,0.0,48,158161,卖盘
10:23:45,32.96,0.01,31,102164,买盘
10:23:47,32.95,-0.01,8,26361,中性盘
10:23:50,32.96,0.01,216,711285,买盘
10:23:54,32.93,-0.03,41,135034,卖盘
10:23:57,32.95,0.02,33,108680,买盘
10:24:00,32.96,0.01,87,286630,买盘
10:24:03,32.96,0.0,77,253639,买盘
10:24:06,32.96,0.0,37,121895,买盘
10:24:09,33.0,0.04,121,397624,买盘
10:24:12,33.0,0.0,29,95700,买盘
10:24:15,33.0,0.0,23,75900,买盘
10:24:17,33.0,0.0,13,42900,买盘
10:24:20,33.03,0.03,43,141967,买盘
10:24:24,33.05,0.02,46,151951,买盘
10:24:27,33.0,-0.05,71,234586,卖盘
10:24:30,33.06,0.06,47,155339,买盘
10:24:33,33.05,-0.01,39,128898,卖盘
10:24:36,33.05,0.0,3,9915,买盘
10:24:39,32.99,-0.06,57,188146,卖盘
10:24:40,32.99,0.0,8,26392,买盘
10:24:44,32.99,0.0,49,161651,买盘
10:24:47,32.99,0.0,5,16495,买盘
10:24:50,32.97,-0.02,21,69267,卖盘
10:24:57,32.99,0.02,9,29692,卖盘
10:24:59,32.99,0.0,38,125365,卖盘
10:25:03,32.99,0.0,9,29697,卖盘
10:25:05,33.0,0.01,1,3300,买盘
10:25:09,32.99,-0.01,56,184786,卖盘
10:25:11,32.99,0.0,22,72574,买盘
10:25:13,32.99,0.0,16,52784,买盘
10:25:18,32.99,0.0,1,3299,买盘
10:25:20,32.98,-0.01,18,59350,卖盘
10:25:24,32.99,0.01,34,112166,买盘
10:25:27,32.99,0.0,21,69278,买盘
10:25:29,32.97,-0.02,34,112113,卖盘
10:25:32,32.99,0.02,65,216302,买盘
10:25:35,33.0,0.01,13,42900,买盘
10:25:38,32.99,-0.01,29,95682,卖盘
10:25:42,33.0,0.01,23,75889,买盘
10:25:44,33.0,0.0,4,13200,买盘
10:25:47,33.0,0.0,15,49498,买盘
10:25:50,33.0,0.0,34,112183,买盘
10:25:54,33.0,0.0,44,145200,买盘
10:25:56,33.0,0.0,5,16501,卖盘
10:25:59,33.01,0.01,2,6602,买盘
10:26:02,33.01,0.0,27,89101,买盘
10:26:05,33.0,-0.01,16,52800,卖盘
10:26:09,33.01,0.01,48,157027,买盘
10:26:11,33.0,-0.01,9,29707,卖盘
10:26:13,33.0,0.0,178,588820,卖盘
10:26:17,33.0,0.0,17,56100,买盘
10:26:20,32.99,-0.01,91,300289,卖盘
10:26:24,33.0,0.01,155,510081,买盘
10:26:26,33.01,0.01,4,13204,买盘
10:26:28,33.0,-0.01,23,75900,卖盘
10:26:32,33.0,0.0,41,135310,卖盘
10:26:35,33.01,0.01,118,389512,买盘
10:26:38,33.01,0.0,7,23102,买盘
10:26:40,33.01,0.0,126,415915,买盘
10:26:44,33.01,0.0,7,23107,买盘
10:26:46,33.01,0.0,17,56101,买盘
10:26:50,33.0,-0.01,119,392815,卖盘
10:26:53,33.01,0.01,55,181531,买盘
10:26:57,33.01,0.0,24,79217,买盘
10:26:59,33.01,0.0,24,79221,买盘
10:27:02,33.0,-0.01,52,173001,卖盘
10:27:05,33.01,0.01,150,495141,买盘
10:27:08,33.01,0.0,60,198059,买盘
10:27:11,33.01,0.0,29,95726,买盘
10:27:14,33.01,0.0,37,122136,买盘
10:27:17,33.03,0.02,33,108993,卖盘
10:27:20,33.04,0.01,74,244275,买盘
10:27:22,33.04,0.0,42,138765,买盘
10:27:26,33.01,-0.03,91,300552,卖盘
10:27:30,33.04,0.03,119,393176,买盘
10:27:32,33.03,-0.01,18,59436,中性盘
10:27:35,33.03,0.0,20,66060,买盘
10:27:38,33.03,0.0,34,112282,买盘
10:27:41,33.0,-0.03,17,56127,卖盘
10:27:44,33.03,0.03,50,165150,买盘
10:27:47,33.01,-0.02,20,66036,中性盘
10:27:50,33.01,0.0,68,224451,买盘
10:27:53,33.01,0.0,18,59407,买盘
10:27:57,33.01,0.0,13,42913,买盘
10:27:59,33.0,-0.01,38,125418,卖盘
10:28:02,33.01,0.01,31,102308,买盘
10:28:05,33.0,-0.01,18,59417,卖盘
10:28:09,33.02,0.02,39,127355,买盘
10:28:11,33.01,-0.01,46,151840,卖盘
10:28:14,33.0,-0.01,8,27821,卖盘
10:28:17,33.01,0.01,16,51880,买盘
10:28:19,33.01,0.0,10,33010,买盘
10:28:23,33.01,0.0,26,85813,买盘
10:28:26,33.01,0.0,11,36301,买盘
10:28:30,33.01,0.0,23,75923,买盘
10:28:31,33.01,0.0,44,146149,买盘
10:28:36,33.0,-0.01,40,132019,卖盘
10:28:37,33.01,0.01,56,184837,买盘
10:28:41,33.0,-0.01,51,168345,卖盘
10:28:43,33.02,0.02,51,168351,买盘
10:28:47,33.03,0.01,60,198101,买盘
10:28:49,33.0,-0.03,174,574379,卖盘
10:28:52,33.03,0.03,66,217934,买盘
10:28:56,33.04,0.01,93,307145,买盘
10:28:59,33.02,-0.02,142,469268,卖盘
10:29:02,33.05,0.03,148,488985,买盘
10:29:04,33.06,0.01,203,671103,买盘
10:29:08,33.05,-0.01,286,944297,卖盘
10:29:11,33.08,0.03,364,1203978,买盘
10:29:13,33.09,0.01,352,1164627,买盘
10:29:17,33.1,0.01,375,1241062,买盘
10:29:20,33.1,0.0,425,1406748,买盘
10:29:23,33.11,0.01,407,1348000,买盘
10:29:26,33.14,0.03,552,1828265,买盘
10:29:29,33.15,0.01,580,1922061,买盘
10:29:32,33.15,0.0,285,944373,买盘
10:29:36,33.14,-0.01,286,947653,卖盘
10:29:38,33.18,0.04,236,782698,买盘
10:29:41,33.11,-0.07,127,421244,卖盘
10:29:44,33.14,0.03,46,152452,买盘
10:29:46,33.15,0.01,49,162435,买盘
10:29:50,33.14,-0.01,70,232045,卖盘
10:29:54,33.11,-0.03,25,82827,卖盘
10:29:56,33.14,0.03,7,23198,中性盘
10:30:00,33.14,0.0,20,66283,卖盘
10:30:02,33.11,-0.03,50,165581,卖盘
10:30:08,33.11,0.0,157,520252,卖盘
10:30:11,33.12,0.01,57,188731,买盘
10:30:15,33.14,0.02,26,86147,买盘
10:30:17,33.14,0.0,32,106048,卖盘
10:30:21,33.14,0.0,5,16570,买盘
10:30:23,33.11,-0.03,15,49681,卖盘
10:30:27,33.12,0.01,3,9936,卖盘
10:30:29,33.12,0.0,20,66246,卖盘
10:30:32,33.12,0.0,46,152352,卖盘
10:30:35,33.14,0.02,67,221963,买盘
10:30:38,33.13,-0.01,13,43076,中性盘
10:30:41,33.12,-0.01,13,43047,买盘
10:30:44,33.12,0.0,42,139100,买盘
10:30:47,33.13,0.01,26,86113,买盘
10:30:51,33.12,-0.01,13,43056,中性盘
10:30:54,33.12,0.0,14,46369,卖盘
10:30:56,33.12,0.0,10,33127,卖盘
10:31:00,33.12,0.0,19,62934,卖盘
10:31:02,33.11,-0.01,63,208646,卖盘
10:31:06,33.12,0.01,24,79488,买盘
10:31:08,33.12,0.0,43,142416,买盘
10:31:11,33.11,-0.01,1,3311,卖盘
10:31:14,33.12,0.01,13,43046,买盘
10:31:17,33.11,-0.01,51,168879,卖盘
10:31:20,33.12,0.01,27,89403,买盘
10:31:23,33.12,0.0,66,218512,买盘
10:31:27,33.12,0.0,7,23184,买盘
10:31:29,33.12,0.0,16,52972,买盘
10:31:32,33.1,-0.02,11,36418,卖盘
10:31:35,33.11,0.01,2,6621,买盘
10:31:38,33.11,0.0,39,129124,买盘
10:31:41,33.1,-0.01,26,86079,卖盘
10:31:44,33.1,0.0,28,92680,卖盘
10:31:47,33.1,0.0,7,23174,卖盘
10:31:50,33.1,0.0,34,112558,卖盘
10:31:52,33.11,0.01,23,76143,买盘
10:31:56,33.1,-0.01,13,43040,卖盘
10:31:59,33.11,0.01,54,178743,买盘
10:32:02,33.11,0.0,35,115858,买盘
10:32:05,33.08,-0.03,178,589107,卖盘
10:32:08,33.08,0.0,48,158784,买盘
10:32:11,33.08,0.0,18,59544,买盘
10:32:14,33.08,0.0,26,86008,买盘
10:32:17,33.08,0.0,25,82700,卖盘
10:32:20,33.07,-0.01,12,39695,卖盘
10:32:23,33.09,0.02,11,36395,买盘
10:32:26,33.08,-0.01,5,16541,卖盘
10:32:29,33.08,0.0,38,125699,卖盘
10:32:32,33.08,0.0,36,119088,买盘
10:32:35,33.08,0.0,27,89328,卖盘
10:32:38,33.09,0.01,27,89337,买盘
10:32:41,33.09,0.0,11,36390,买盘
10:32:44,33.08,-0.01,61,201825,卖盘
10:32:47,33.08,0.0,68,224951,卖盘
10:32:50,33.09,0.01,11,36393,买盘
10:32:52,33.1,0.01,50,165447,买盘
10:32:56,33.11,0.01,60,198620,买盘
10:32:58,33.09,-0.02,85,281401,卖盘
10:33:03,33.12,0.03,22,72804,买盘
10:33:05,33.11,-0.01,34,112565,中性盘
10:33:08,33.11,0.0,17,54876,卖盘
10:33:10,33.12,0.01,28,92736,买盘
10:33:13,33.11,-0.01,22,72853,卖盘
10:33:17,33.12,0.01,21,69544,买盘
10:33:20,33.11,-0.01,98,324554,卖盘
10:33:23,33.12,0.01,5,16560,买盘
10:33:26,33.11,-0.01,1,3311,卖盘
10:33:28,33.12,0.01,126,417875,买盘
10:33:32,33.12,0.0,11,36432,卖盘
10:33:35,33.12,0.0,22,72865,卖盘
10:33:38,33.13,0.01,10,33127,买盘
10:33:41,33.13,0.0,16,53002,买盘
10:33:43,33.13,0.0,113,374361,买盘
10:33:47,33.14,0.01,2,6628,买盘
10:33:50,33.14,0.0,13,43082,买盘
10:33:53,33.13,-0.01,8,26504,卖盘
10:33:56,33.14,0.01,107,354603,买盘
10:33:59,33.14,0.0,31,102735,卖盘
10:34:02,33.14,0.0,26,86170,卖盘
10:34:05,33.15,0.01,30,99427,买盘
10:34:07,33.15,0.0,86,286979,买盘
10:34:11,33.15,0.0,21,69615,买盘
10:34:14,33.15,0.0,73,240569,买盘
10:34:17,33.16,0.01,77,255309,买盘
10:34:19,33.15,-0.01,58,192272,卖盘
10:34:22,33.16,0.01,135,447657,买盘
10:34:26,33.17,0.01,67,222144,买盘
10:34:29,33.15,-0.02,166,550345,卖盘
10:34:32,33.15,0.0,1,3315,卖盘
10:34:35,33.15,0.0,165,547114,卖盘
10:34:37,33.16,0.01,292,968699,中性盘
10:34:41,33.16,0.0,120,397938,卖盘
10:34:44,33.15,-0.01,171,567071,卖盘
10:34:47,33.18,0.03,10,33172,买盘
10:34:50,33.17,-0.01,109,361428,卖盘
10:34:53,33.18,0.01,114,378146,买盘
10:34:56,33.16,-0.02,57,189017,卖盘
10:34:59,33.15,-0.01,234,776059,卖盘
10:35:02,33.15,0.0,52,172361,买盘
10:35:05,33.16,0.01,119,394379,买盘
10:35:08,33.17,0.01,7,23213,买盘
10:35:11,33.15,-0.02,102,338187,卖盘
10:35:14,33.14,-0.01,116,384505,卖盘
10:35:17,33.16,0.02,55,182361,买盘
10:35:20,33.15,-0.01,414,1371851,中性盘
10:35:23,33.13,-0.02,65,216788,卖盘
10:35:26,33.12,-0.01,19,62470,卖盘
10:35:29,33.11,-0.01,40,132453,卖盘
10:35:32,33.1,-0.01,60,198609,卖盘
10:35:35,33.09,-0.01,16,52944,卖盘
10:35:37,33.09,0.0,3,9927,买盘
10:35:41,33.09,0.0,129,426756,买盘
10:35:44,33.07,-0.02,19,62851,卖盘
10:35:47,33.07,0.0,6,19840,买盘
10:35:50,33.05,-0.02,88,290879,卖盘
10:35:53,33.07,0.02,115,380210,买盘
10:35:56,33.05,-0.02,100,330500,卖盘
10:35:59,33.04,-0.01,102,337093,卖盘
10:36:02,33.08,0.04,41,135590,买盘
10:36:05,33.08,0.0,183,604993,买盘
10:36:08,33.06,-0.02,6,18413,卖盘
10:36:10,33.05,-0.01,24,80766,卖盘
10:36:14,33.05,0.0,55,181775,买盘
10:36:17,33.06,0.01,51,167164,买盘
10:36:19,33.06,0.0,143,473935,买盘
10:36:23,33.06,0.0,1,3306,买盘
10:36:26,33.07,0.01,150,494314,买盘
10:36:28,33.04,-0.03,129,426408,卖盘
10:36:32,33.08,0.04,11,36359,买盘
10:36:34,33.09,0.01,106,350226,买盘
10:36:38,33.08,-0.01,25,82710,中性盘
10:36:40,33.05,-0.03,116,383490,卖盘
10:36:44,33.06,0.01,13,42972,买盘
10:36:47,33.05,-0.01,27,89275,卖盘
10:36:50,33.04,-0.01,73,241254,卖盘
10:36:53,33.07,0.03,53,175171,买盘
10:36:57,33.04,-0.03,113,373423,卖盘
10:36:59,33.04,0.0,137,452665,卖盘
10:37:02,33.05,0.01,22,72693,买盘
10:37:05,33.07,0.02,138,455896,买盘
10:37:08,33.07,0.0,8,26915,买盘
10:37:11,33.07,0.0,139,459309,买盘
10:37:14,33.03,-0.04,103,340335,卖盘
10:37:20,33.04,0.01,39,128885,卖盘
10:37:23,33.04,0.0,32,105728,买盘
10:37:26,33.04,0.0,63,208035,买盘
10:37:28,33.04,0.0,4,13216,买盘
10:37:32,33.04,0.0,11,36339,买盘
10:37:35,33.03,-0.01,7,23123,卖盘
10:37:37,33.04,0.01,40,132158,买盘
10:37:43,33.04,0.0,112,370069,卖盘
10:37:47,33.04,0.0,1,3304,卖盘
10:37:50,33.04,0.0,13,42958,卖盘
10:37:53,33.07,0.03,7,23149,买盘
10:37:56,33.07,0.0,1,3307,卖盘
10:37:58,33.07,0.0,11,36377,卖盘
10:38:01,33.08,0.01,47,155455,买盘
10:38:05,33.07,-0.01,22,72761,卖盘
10:38:08,33.04,-0.03,306,1010161,卖盘
10:38:11,33.08,0.04,13,43004,买盘
10:38:13,33.08,0.0,26,85996,买盘
10:38:17,33.06,-0.02,10,33068,卖盘
10:38:20,33.04,-0.02,114,378175,卖盘
10:38:23,33.04,0.0,37,120827,买盘
10:38:26,33.06,0.02,49,161970,买盘
10:38:28,33.04,-0.02,21,69398,卖盘
10:38:31,33.04,0.0,2,6608,卖盘
10:38:35,33.03,-0.01,99,327069,卖盘
10:38:38,33.05,0.02,22,72698,买盘
10:38:41,33.05,0.0,31,102430,买盘
10:38:44,33.04,-0.01,30,99112,买盘
10:38:47,33.05,0.01,4,13219,买盘
10:38:50,33.04,-0.01,7,23134,卖盘
10:38:53,33.04,0.0,14,46256,卖盘
10:38:55,33.04,0.0,23,75997,卖盘
10:38:58,33.05,0.01,19,62790,买盘
10:39:02,33.04,-0.01,8,26432,卖盘
10:39:05,33.05,0.01,27,89211,买盘
10:39:07,33.05,0.0,4,15104,买盘
10:39:11,33.05,0.0,20,66099,买盘
10:39:14,33.05,0.0,16,52865,买盘
10:39:17,33.04,-0.01,10,33040,卖盘
10:39:20,33.04,0.0,55,179850,卖盘
10:39:22,33.04,0.0,60,198239,买盘
10:39:26,33.04,0.0,9,29736,买盘
10:39:29,33.03,-0.01,67,222722,卖盘
10:39:32,33.03,0.0,8,26424,买盘
10:39:38,33.03,0.0,83,274132,买盘
10:39:41,33.02,-0.01,176,581057,卖盘
10:39:44,33.02,0.0,14,46228,买盘
10:39:47,33.02,0.0,25,82545,买盘
10:39:50,33.01,-0.01,27,89134,卖盘
10:39:53,33.01,0.0,101,333409,卖盘
10:39:56,33.01,0.0,34,112263,卖盘
10:39:59,33.01,0.0,29,96695,卖盘
10:40:01,33.02,0.01,72,237660,买盘
10:40:05,33.02,0.0,16,51863,买盘
10:40:08,33.04,0.02,250,824945,买盘
10:40:11,33.04,0.0,54,178389,买盘
10:40:14,33.01,-0.03,155,511971,卖盘
10:40:16,33.04,0.03,42,138766,买盘
10:40:19,33.04,0.0,58,191557,买盘
10:40:23,33.01,-0.03,34,112303,卖盘
10:40:26,33.04,0.03,47,155237,买盘
10:40:29,33.04,0.0,37,122248,买盘
10:40:32,33.02,-0.02,6,19824,卖盘
10:40:35,33.08,0.06,65,214856,买盘
10:40:38,33.04,-0.04,3,9912,中性盘
10:40:41,33.04,0.0,24,79276,买盘
10:40:44,33.08,0.04,3,9924,买盘
10:40:46,33.04,-0.04,3,9912,卖盘
10:40:50,33.07,0.03,6,19842,买盘
10:40:53,33.08,0.01,71,234737,买盘
10:40:56,33.07,-0.01,8,26444,买盘
10:40:59,33.07,0.0,10,33056,买盘
10:41:02,33.04,-0.03,24,79322,卖盘
10:41:05,33.07,0.03,59,195023,买盘
10:41:08,33.07,0.0,9,31647,买盘
10:41:11,33.07,0.0,53,175162,买盘
10:41:14,33.07,0.0,7,23149,买盘
10:41:17,33.04,-0.03,29,95821,卖盘
10:41:20,33.08,0.04,205,677949,买盘
10:41:22,33.07,-0.01,9,29763,中性盘
10:41:26,33.06,-0.01,70,231425,卖盘
10:41:28,33.08,0.02,3,9924,买盘
10:41:32,33.07,-0.01,6,19842,中性盘
10:41:35,33.07,0.0,50,165329,卖盘
10:41:38,33.08,0.01,9,29772,买盘
10:41:41,33.08,0.0,24,79392,买盘
10:41:44,33.08,0.0,13,43004,买盘
10:41:47,33.08,0.0,7,23156,买盘
10:41:50,33.06,-0.02,89,294300,卖盘
10:41:53,33.07,0.01,4,13230,买盘
10:41:56,33.07,0.0,52,171944,买盘
10:42:02,33.06,-0.01,20,66121,卖盘
10:42:05,33.07,0.01,50,165350,买盘
10:42:08,33.08,0.01,85,279691,买盘
10:42:11,33.09,0.01,9,29780,卖盘
10:42:14,33.08,-0.01,353,1167377,卖盘
10:42:16,33.08,0.0,2,6616,卖盘
10:42:20,33.08,0.0,25,82722,卖盘
10:42:23,33.08,0.0,11,36388,卖盘
10:42:25,33.08,0.0,10,33080,卖盘
10:42:29,33.1,0.02,14,46337,买盘
10:42:31,33.1,0.0,2,6620,买盘
10:42:35,33.1,0.0,24,79406,买盘
10:42:37,33.1,0.0,47,155563,买盘
10:42:41,33.08,-0.02,21,69495,卖盘
10:42:47,33.1,0.02,3,9926,买盘
10:42:50,33.1,0.0,9,29774,买盘
10:42:53,33.1,0.0,11,36410,买盘
10:43:02,33.08,-0.02,78,258050,卖盘
10:43:05,33.09,0.01,14,46326,买盘
10:43:07,33.08,-0.01,3,9926,卖盘
10:43:11,33.08,0.0,7,23159,卖盘
10:43:14,33.09,0.01,30,97848,买盘
10:43:17,33.09,0.0,30,99270,卖盘
10:43:20,33.09,0.0,7,23163,卖盘
10:43:23,33.09,0.0,38,125762,买盘
10:43:26,33.1,0.01,15,49640,买盘
10:43:29,33.09,-0.01,53,175377,卖盘
10:43:32,33.09,0.0,24,80838,卖盘
10:43:35,33.1,0.01,213,705015,买盘
10:43:38,33.08,-0.02,4,13236,卖盘
10:43:41,33.1,0.02,10,33091,买盘
10:43:46,33.1,0.0,346,1146646,买盘
10:43:50,33.11,0.01,122,403939,买盘
10:43:53,33.1,-0.01,12,39720,卖盘
10:43:56,33.1,0.0,28,92680,卖盘
10:43:59,33.11,0.01,7,23177,买盘
10:44:01,33.09,-0.02,195,645368,卖盘
10:44:05,33.1,0.01,11,36410,买盘
10:44:07,33.12,0.02,305,1008407,买盘
10:44:11,33.1,-0.02,226,749682,卖盘
10:44:17,33.1,0.0,1,3310,买盘
10:44:19,33.1,0.0,23,76130,买盘
10:44:23,33.1,0.0,4,13237,买盘
10:44:25,33.1,0.0,8,26480,买盘
10:44:29,33.1,0.0,20,66185,买盘
10:44:32,33.1,0.0,7,23170,买盘
10:44:35,33.1,0.0,4,13240,买盘
10:44:38,33.09,-0.01,2,6618,卖盘
10:44:41,33.1,0.01,7,23170,买盘
10:44:43,33.1,0.0,103,340927,买盘
10:44:47,33.1,0.0,24,79427,买盘
10:44:50,33.09,-0.01,15,49645,卖盘
10:44:53,33.1,0.01,184,607517,买盘
10:44:56,33.1,0.0,64,211843,卖盘
10:44:59,33.09,-0.01,128,423679,卖盘
10:45:01,33.1,0.01,73,241612,中性盘
10:45:04,33.1,0.0,22,72820,买盘
10:45:08,33.1,0.0,3,9930,买盘
10:45:10,33.1,0.0,67,221760,买盘
10:45:13,33.1,0.0,20,66200,买盘
10:45:17,33.11,0.01,113,374030,买盘
10:45:20,33.11,0.0,15,49665,买盘
10:45:23,33.11,0.0,47,155614,买盘
10:45:25,33.1,-0.01,49,162228,卖盘
10:45:29,33.11,0.01,137,453606,买盘
10:45:32,33.11,0.0,20,66219,买盘
10:45:35,33.11,0.0,9,29795,买盘
10:45:38,33.1,-0.01,115,380769,卖盘
10:45:40,33.11,0.01,27,89392,买盘
10:45:43,33.1,-0.01,175,579439,卖盘
10:45:47,33.11,0.01,80,264880,买盘
10:45:50,33.11,0.0,11,36424,卖盘
10:45:53,33.13,0.02,200,662355,买盘
10:45:56,33.12,-0.01,40,132480,买盘
10:45:58,33.12,0.0,14,46358,买盘
10:46:02,33.12,0.0,20,66240,卖盘
10:46:04,33.12,0.0,127,420726,卖盘
10:46:08,33.13,0.01,11,35018,买盘
10:46:11,33.14,0.01,127,420823,买盘
10:46:14,33.13,-0.01,2,6626,中性盘
10:46:16,33.14,0.01,72,238597,买盘
10:46:20,33.16,0.02,552,1831811,买盘
10:46:23,33.16,0.0,15,49740,买盘
10:46:26,33.15,-0.01,38,125970,卖盘
10:46:28,33.16,0.01,54,179058,买盘
10:46:32,33.17,0.01,60,199020,买盘
10:46:35,33.16,-0.01,7,23212,卖盘
10:46:38,33.17,0.01,4,13265,买盘
10:46:40,33.17,0.0,103,341648,买盘
10:46:44,33.16,-0.01,59,195650,卖盘
10:46:47,33.17,0.01,95,315115,买盘
10:46:50,33.17,0.0,177,587110,买盘
10:46:53,33.17,0.0,4,13270,卖盘
10:46:56,33.17,0.0,13,43124,卖盘
10:46:58,33.17,0.0,95,315178,卖盘
10:47:01,33.17,0.0,211,700090,卖盘
10:47:04,33.18,0.01,175,580631,买盘
10:47:08,33.19,0.01,282,934138,买盘
10:47:11,33.19,0.0,24,79636,买盘
10:47:14,33.2,0.01,105,348513,买盘
10:47:17,33.2,0.0,103,341960,买盘
10:47:20,33.2,0.0,119,395070,买盘
10:47:23,33.2,0.0,35,116200,买盘
10:47:26,33.2,0.0,4,13280,买盘
10:47:29,33.2,0.0,293,972760,买盘
10:47:32,33.2,0.0,6,19920,买盘
10:47:35,33.19,-0.01,95,315378,卖盘
10:47:38,33.21,0.02,307,1019257,买盘
10:47:41,33.21,0.0,151,501454,买盘
10:47:44,33.21,0.0,11,36531,买盘
10:47:46,33.21,0.0,16,53151,中性盘
10:47:49,33.21,0.0,61,202581,卖盘
10:47:52,33.22,0.01,203,674100,买盘
10:47:56,33.22,0.0,40,132843,买盘
10:47:59,33.21,-0.01,89,295642,卖盘
10:48:02,33.24,0.03,113,375543,买盘
10:48:05,33.24,0.0,324,1076616,买盘
10:48:08,33.22,-0.02,18,61691,中性盘
10:48:11,33.24,0.02,56,186074,买盘
10:48:14,33.24,0.0,112,372338,买盘
10:48:17,33.24,0.0,88,292496,卖盘
10:48:20,33.22,-0.02,10,33238,卖盘
10:48:23,33.25,0.03,118,392270,买盘
10:48:26,33.25,0.0,1660,5521963,买盘
10:48:29,33.25,0.0,15,49875,卖盘
10:48:31,33.25,0.0,152,505468,卖盘
10:48:35,33.28,0.03,722,2402121,买盘
10:48:38,33.27,-0.01,258,858383,卖盘
10:48:41,33.28,0.01,225,748666,买盘
10:48:44,33.28,0.0,575,1913814,买盘
10:48:47,33.28,0.0,39,129787,买盘
10:48:50,33.27,-0.01,91,302804,卖盘
10:48:52,33.28,0.01,131,435969,买盘
10:48:56,33.28,0.0,12,39937,卖盘
10:48:59,33.3,0.02,1231,4098905,买盘
10:49:01,33.29,-0.01,233,775877,卖盘
10:49:04,33.31,0.02,114,379501,买盘
10:49:08,33.3,-0.01,58,191690,中性盘
10:49:11,33.3,0.0,43,143190,买盘
10:49:13,33.29,-0.01,21,69923,卖盘
10:49:17,33.29,0.0,38,126507,卖盘
10:49:20,33.29,0.0,26,86548,买盘
10:49:23,33.28,-0.01,25,83217,卖盘
10:49:26,33.28,0.0,29,96530,卖盘
10:49:29,33.28,0.0,129,429413,卖盘
10:49:31,33.29,0.01,76,252969,买盘
10:49:35,33.28,-0.01,227,755488,卖盘
10:49:38,33.27,-0.01,290,965211,卖盘
10:49:41,33.27,0.0,220,731970,卖盘
10:49:44,33.26,-0.01,116,385897,卖盘
10:49:47,33.25,-0.01,217,722027,卖盘
10:49:50,33.26,0.01,27,89790,中性盘
10:49:52,33.25,-0.01,33,109729,卖盘
10:49:55,33.25,0.0,15,49881,卖盘
10:49:59,33.26,0.01,85,282710,买盘
10:50:02,33.26,0.0,144,478833,卖盘
10:50:04,33.25,-0.01,46,152954,卖盘
10:50:08,33.25,0.0,161,535507,卖盘
10:50:11,33.25,0.0,42,139650,买盘
10:50:13,33.25,0.0,75,249423,买盘
10:50:17,33.25,0.0,42,139625,买盘
10:50:20,33.25,0.0,70,232790,卖盘
10:50:23,33.25,0.0,43,142946,卖盘
10:50:25,33.24,-0.01,8,26594,中性盘
10:50:28,33.26,0.02,66,219451,买盘
10:50:32,33.24,-0.02,192,638075,买盘
10:50:35,33.24,0.0,24,79776,卖盘
10:50:38,33.24,0.0,60,199476,卖盘
10:50:41,33.24,0.0,36,119692,卖盘
10:50:44,33.24,0.0,64,212787,卖盘
10:50:47,33.24,0.0,57,189434,买盘
10:50:50,33.24,0.0,96,319085,买盘
10:50:53,33.25,0.01,11,36565,买盘
10:50:56,33.23,-0.02,83,275867,卖盘
10:50:59,33.24,0.01,21,69804,卖盘
10:51:01,33.25,0.01,161,535340,买盘
10:51:05,33.24,-0.01,125,415508,卖盘
10:51:08,33.24,0.0,28,94966,买盘
10:51:11,33.25,0.01,173,575127,买盘
10:51:14,33.24,-0.01,21,69812,卖盘
10:51:17,33.26,0.02,200,665143,买盘
10:51:20,33.26,0.0,76,252772,卖盘
10:51:23,33.26,0.0,10,33260,卖盘
10:51:26,33.25,-0.01,70,232866,卖盘
10:51:29,33.27,0.02,91,302730,买盘
10:51:32,33.27,0.0,50,166338,买盘
10:51:35,33.27,0.0,28,93128,买盘
10:51:38,33.27,0.0,9,28513,买盘
10:51:41,33.28,0.01,4,13312,买盘
10:51:43,33.27,-0.01,19,63230,卖盘
10:51:47,33.27,0.0,26,86525,卖盘
10:51:50,33.27,0.0,5,18065,卖盘
10:51:53,33.27,0.0,113,375951,买盘
10:51:56,33.27,0.0,7,23284,买盘
10:51:58,33.26,-0.01,81,269453,卖盘
10:52:02,33.27,0.01,34,111690,买盘
10:52:05,33.27,0.0,95,316138,卖盘
10:52:08,33.26,-0.01,39,128322,卖盘
10:52:11,33.27,0.01,63,209547,买盘
10:52:14,33.27,0.0,107,358950,买盘
10:52:17,33.26,-0.01,8,26608,买盘
10:52:20,33.26,0.0,20,66511,买盘
10:52:23,33.27,0.01,24,79846,买盘
10:52:26,33.25,-0.02,34,113112,卖盘
10:52:29,33.27,0.02,133,442480,买盘
10:52:31,33.26,-0.01,24,79837,中性盘
10:52:35,33.25,-0.01,319,1060745,卖盘
10:52:38,33.27,0.02,205,681511,买盘
10:52:41,33.25,-0.02,28,93100,买盘
10:52:44,33.26,0.01,146,485377,买盘
10:52:47,33.23,-0.03,41,136255,卖盘
10:52:50,33.23,0.0,75,249365,卖盘
10:52:54,33.25,0.02,42,139645,买盘
10:52:56,33.25,0.0,15,49874,买盘
10:52:58,33.24,-0.01,75,249278,卖盘
10:53:02,33.24,0.0,18,59832,中性盘
10:53:05,33.23,-0.01,138,458721,卖盘
10:53:08,33.25,0.02,62,204701,买盘
10:53:10,33.25,0.0,14,46539,买盘
10:53:14,33.24,-0.01,119,395697,卖盘
10:53:17,33.25,0.01,20,66500,卖盘
10:53:20,33.25,0.0,174,578556,卖盘
10:53:23,33.26,0.01,18,59858,买盘
10:53:26,33.26,0.0,110,365836,买盘
10:53:29,33.25,-0.01,66,219496,卖盘
10:53:32,33.25,0.0,15,49882,卖盘
10:53:35,33.26,0.01,32,106424,买盘
10:53:38,33.23,-0.03,413,1373576,卖盘
10:53:41,33.25,0.02,93,309109,买盘
10:53:44,33.25,0.0,12,39900,买盘
10:53:50,33.27,0.02,163,542210,买盘
10:53:53,33.25,-0.02,49,162970,卖盘
10:53:56,33.25,0.0,5,16625,卖盘
10:53:59,33.26,0.01,58,192853,中性盘
10:54:02,33.25,-0.01,184,611847,卖盘
10:54:05,33.26,0.01,45,149696,中性盘
10:54:09,33.26,0.0,47,156321,卖盘
10:54:11,33.27,0.01,30,99805,买盘
10:54:14,33.27,0.0,12,39924,买盘
10:54:17,33.26,-0.01,25,83158,卖盘
10:54:20,33.26,0.0,7,23282,卖盘
10:54:24,33.27,0.01,402,1336244,买盘
10:54:26,33.27,0.0,46,152974,买盘
10:54:29,33.27,0.0,58,191501,买盘
10:54:32,33.27,0.0,29,96483,卖盘
10:54:35,33.27,0.0,447,1485251,卖盘
10:54:38,33.27,0.0,92,306042,买盘
10:54:41,33.26,-0.01,41,136276,中性盘
10:54:45,33.2,-0.06,111,371499,卖盘
10:54:47,33.2,0.0,32,106240,买盘
10:54:50,33.2,0.0,7,23240,买盘
10:54:53,33.2,0.0,11,36514,买盘
10:54:56,33.19,-0.01,23,76352,卖盘
10:54:59,33.2,0.01,9,29876,买盘
10:55:02,33.17,-0.03,362,1201147,卖盘
10:55:05,33.17,0.0,150,497779,卖盘
10:55:08,33.17,0.0,9,29861,卖盘
10:55:11,33.17,0.0,19,63035,卖盘
10:55:14,33.17,0.0,116,384788,卖盘
10:55:17,33.16,-0.01,20,66329,卖盘
10:55:20,33.15,-0.01,110,364674,卖盘
10:55:23,33.15,0.0,25,82889,卖盘
10:55:25,33.15,0.0,10,33145,买盘
10:55:29,33.13,-0.02,19,62959,卖盘
10:55:32,33.13,0.0,82,271866,卖盘
10:55:35,33.14,0.01,33,109327,中性盘
10:55:39,33.13,-0.01,30,99411,卖盘
10:55:41,33.14,0.01,7,23198,卖盘
10:55:44,33.15,0.01,111,367688,买盘
10:55:47,33.13,-0.02,12,39756,买盘
10:55:50,33.13,0.0,18,59634,买盘
10:55:54,33.13,0.0,15,49695,卖盘
10:55:56,33.13,0.0,151,499949,卖盘
10:55:59,33.11,-0.02,42,139126,中性盘
10:56:02,33.14,0.03,42,139127,买盘
10:56:05,33.1,-0.04,28,92686,卖盘
10:56:08,33.14,0.04,28,91353,买盘
10:56:11,33.09,-0.05,52,172206,卖盘
10:56:15,33.13,0.04,13,43069,卖盘
10:56:17,33.14,0.01,20,66280,买盘
10:56:20,33.13,-0.01,21,69579,卖盘
10:56:24,33.1,-0.03,100,331357,卖盘
10:56:26,33.14,0.04,37,122600,买盘
10:56:29,33.09,-0.05,114,377344,卖盘
10:56:35,33.14,0.05,161,532998,买盘
10:56:39,33.14,0.0,58,192123,买盘
10:56:41,33.09,-0.05,127,420287,卖盘
10:56:44,33.14,0.05,14,46396,买盘
10:56:47,33.1,-0.04,1,3310,卖盘
10:56:50,33.13,0.03,35,115915,买盘
10:56:54,33.1,-0.03,1,3310,卖盘
10:56:56,33.14,0.04,37,122607,买盘
10:56:59,33.11,-0.03,42,139149,卖盘
10:57:02,33.13,0.02,66,218530,中性盘
10:57:05,33.09,-0.04,102,337631,卖盘
10:57:09,33.14,0.05,136,451118,买盘
10:57:11,33.14,0.0,23,76207,买盘
10:57:14,33.14,0.0,104,344660,买盘
10:57:17,33.14,0.0,21,69613,卖盘
10:57:20,33.15,0.01,28,92819,买盘
10:57:23,33.15,0.0,117,387953,买盘
10:57:26,33.15,0.0,102,338322,卖盘
10:57:29,33.17,0.02,131,434390,买盘
10:57:32,33.15,-0.02,116,384698,卖盘
10:57:35,33.14,-0.01,212,702957,卖盘
10:57:39,33.17,0.03,1,3317,中性盘
10:57:41,33.17,0.0,11,36487,卖盘
10:57:44,33.18,0.01,6,19908,买盘
10:57:48,33.17,-0.01,1,3317,卖盘
10:57:50,33.16,-0.01,38,126039,卖盘
10:57:54,33.18,0.02,36,119425,买盘
10:57:56,33.16,-0.02,66,218908,卖盘
10:57:59,33.16,0.0,23,76281,卖盘
10:58:02,33.16,0.0,18,59710,买盘
10:58:05,33.18,0.02,203,673542,买盘
10:58:09,33.16,-0.02,39,127912,卖盘
10:58:12,33.16,0.0,87,288553,卖盘
10:58:14,33.17,0.01,67,222202,买盘
10:58:17,33.19,0.02,29,96238,买盘
10:58:20,33.18,-0.01,7,23226,卖盘
10:58:23,33.2,0.02,22,73018,买盘
10:58:26,33.18,-0.02,28,92913,卖盘
10:58:29,33.17,-0.01,173,574007,卖盘
10:58:32,33.18,0.01,146,484688,买盘
10:58:35,33.2,0.02,6,19914,买盘
10:58:38,33.18,-0.02,11,36504,卖盘
10:58:41,33.21,0.03,95,315236,买盘
10:58:44,33.18,-0.03,15,49783,卖盘
10:58:48,33.19,0.01,34,112836,买盘
10:58:50,33.18,-0.01,33,109581,卖盘
10:58:54,33.18,0.0,48,159328,卖盘
10:58:56,33.18,0.0,5,16600,卖盘
10:58:59,33.21,0.03,26,86330,买盘
10:59:02,33.18,-0.03,34,112848,卖盘
10:59:08,33.21,0.03,222,736602,买盘
10:59:11,33.19,-0.02,4,13278,卖盘
10:59:14,33.2,0.01,8,26560,买盘
10:59:17,33.19,-0.01,20,66380,卖盘
10:59:20,33.2,0.01,53,175960,买盘
10:59:24,33.2,0.0,10,33200,卖盘
10:59:26,33.2,0.0,40,132800,卖盘
10:59:29,33.2,0.0,12,39847,卖盘
10:59:32,33.2,0.0,108,358504,卖盘
10:59:35,33.2,0.0,94,312137,中性盘
10:59:39,33.23,0.03,207,687531,买盘
10:59:41,33.23,0.0,54,179345,买盘
10:59:44,33.18,-0.05,110,365091,卖盘
10:59:47,33.18,0.0,54,179172,买盘
10:59:50,33.19,0.01,14,46466,买盘
10:59:53,33.21,0.02,22,73025,买盘
10:59:56,33.17,-0.04,163,540798,卖盘
10:59:59,33.16,-0.01,18,59692,卖盘
11:00:02,33.17,0.01,80,265360,买盘
11:00:05,33.16,-0.01,7,23218,卖盘
11:00:09,33.17,0.01,361,1199309,买盘
11:00:12,33.17,0.0,4,13268,买盘
11:00:15,33.17,0.0,69,228920,卖盘
11:00:17,33.2,0.03,6,19905,买盘
11:00:20,33.2,0.0,12,39825,买盘
11:00:24,33.16,-0.04,56,185749,卖盘
11:00:26,33.16,0.0,85,280002,卖盘
11:00:30,33.17,0.01,72,240643,买盘
11:00:32,33.17,0.0,10,33170,卖盘
11:00:35,33.17,0.0,6,19902,买盘
11:00:39,33.17,0.0,33,109461,买盘
11:00:41,33.2,0.03,192,636986,买盘
11:00:44,33.2,0.0,86,285520,卖盘
11:00:50,33.17,-0.03,50,164083,卖盘
11:00:54,33.19,0.02,41,136079,买盘
11:00:56,33.19,0.0,4,13276,买盘
11:00:59,33.2,0.01,53,175887,买盘
11:01:02,33.19,-0.01,188,623729,卖盘
11:01:05,33.17,-0.02,11,36492,卖盘
11:01:08,33.18,0.01,54,179153,买盘
11:01:11,33.17,-0.01,57,189137,卖盘
11:01:14,33.18,0.01,123,407909,卖盘
11:01:17,33.19,0.01,58,192406,买盘
11:01:20,33.19,0.0,105,348469,买盘
11:01:23,33.19,0.0,31,102889,卖盘
11:01:26,33.17,-0.02,73,242061,卖盘
11:01:29,33.17,0.0,39,129363,买盘
11:01:32,33.17,0.0,25,82926,买盘
11:01:39,33.15,-0.02,107,354811,卖盘
11:01:41,33.17,0.02,87,289782,买盘
11:01:44,33.17,0.0,6,19902,买盘
11:01:48,33.15,-0.02,77,255131,买盘
11:01:50,33.17,0.02,15,49755,买盘
11:01:54,33.12,-0.05,22,72969,卖盘
11:01:56,33.16,0.04,24,79605,中性盘
11:01:59,33.16,0.0,17,56378,卖盘
11:02:02,33.17,0.01,10,33164,买盘
11:02:05,33.16,-0.01,38,124588,卖盘
11:02:09,33.16,0.0,42,141172,卖盘
11:02:12,33.17,0.01,18,59706,中性盘
11:02:14,33.16,-0.01,138,457147,卖盘
11:02:17,33.16,0.0,48,159168,买盘
11:02:20,33.15,-0.01,51,169065,买盘
11:02:24,33.15,0.0,14,46410,买盘
11:02:26,33.15,0.0,78,258382,买盘
11:02:32,33.13,-0.02,9,29817,卖盘
11:02:35,33.13,0.0,25,82830,中性盘
11:02:39,33.14,0.01,9,29823,买盘
11:02:42,33.14,0.0,6,19881,买盘
11:02:44,33.13,-0.01,121,400793,卖盘
11:02:47,33.14,0.01,17,56332,买盘
11:02:50,33.13,-0.01,28,92757,卖盘
11:02:54,33.14,0.01,108,357844,买盘
11:02:56,33.12,-0.02,240,794944,卖盘
11:02:59,33.13,0.01,51,168953,买盘
11:03:02,33.1,-0.03,106,350996,卖盘
11:03:05,33.12,0.02,17,56307,卖盘
11:03:09,33.12,0.0,63,208618,买盘
11:03:11,33.12,0.0,7,23184,买盘
11:03:14,33.1,-0.02,64,211948,卖盘
11:03:17,33.12,0.02,18,59603,买盘
11:03:20,33.11,-0.01,41,135751,买盘
11:03:24,33.1,-0.01,39,129123,卖盘
11:03:26,33.1,0.0,17,56277,卖盘
11:03:29,33.11,0.01,64,211874,买盘
11:03:32,33.09,-0.02,29,95989,卖盘
11:03:36,33.1,0.01,202,668459,买盘
11:03:39,33.09,-0.01,12,39716,卖盘
11:03:41,33.1,0.01,112,370644,买盘
11:03:44,33.1,0.0,204,674685,买盘
11:03:47,33.11,0.01,138,456782,买盘
11:03:50,33.1,-0.01,1,3310,卖盘
11:03:54,33.1,0.0,11,36411,卖盘
11:03:56,33.1,0.0,49,162199,卖盘
11:03:59,33.11,0.01,29,96019,买盘
11:04:02,33.1,-0.01,171,566016,卖盘
11:04:05,33.1,0.0,157,519673,卖盘
11:04:09,33.08,-0.02,47,155505,卖盘
11:04:12,33.1,0.02,92,304520,买盘
11:04:14,33.1,0.0,464,1535762,买盘
11:04:17,33.1,0.0,34,112534,买盘
11:04:20,33.1,0.0,256,847352,买盘
11:04:24,33.12,0.02,15,49659,卖盘
11:04:26,33.1,-0.02,3,9930,卖盘
11:04:32,33.12,0.02,55,180718,买盘
11:04:36,33.12,0.0,54,178851,卖盘
11:04:39,33.12,0.0,113,375674,卖盘
11:04:41,33.12,0.0,107,354366,买盘
11:04:44,33.14,0.02,120,397011,买盘
11:04:50,33.11,-0.03,67,222353,卖盘
11:04:54,33.11,0.0,130,430430,买盘
11:04:56,33.14,0.03,80,264506,买盘
11:05:00,33.11,-0.03,43,142379,卖盘
11:05:03,33.11,0.0,4,13244,卖盘
11:05:05,33.13,0.02,7,23189,买盘
11:05:09,33.11,-0.02,72,237089,卖盘
11:05:12,33.16,0.05,43,142570,买盘
11:05:14,33.16,0.0,99,328147,买盘
11:05:17,33.16,0.0,124,411175,买盘
11:05:20,33.15,-0.01,239,792290,卖盘
11:05:24,33.15,0.0,36,119334,买盘
11:05:26,33.15,0.0,180,596700,买盘
11:05:29,33.11,-0.04,273,904644,卖盘
11:05:33,33.18,0.07,11,36480,买盘
11:05:35,33.18,0.0,29,96222,买盘
11:05:39,33.17,-0.01,10,33173,中性盘
11:05:41,33.18,0.01,32,106176,买盘
11:05:44,33.18,0.0,18,59724,买盘
11:05:47,33.16,-0.02,69,228817,卖盘
11:05:50,33.18,0.02,34,112794,买盘
11:05:53,33.16,-0.02,19,63001,中性盘
11:05:59,33.16,0.0,60,199000,卖盘
11:06:03,33.17,0.01,21,69657,买盘
11:06:05,33.18,0.01,122,404651,买盘
11:06:09,33.11,-0.07,286,947891,卖盘
11:06:12,33.18,0.07,52,172508,买盘
11:06:14,33.16,-0.02,24,79607,卖盘
11:06:17,33.16,0.0,10,33160,买盘
11:06:21,33.16,0.0,12,39792,买盘
11:06:24,33.18,0.02,14,46444,买盘
11:06:26,33.16,-0.02,6,19896,卖盘
11:06:29,33.15,-0.01,8,26519,中性盘
11:06:32,33.14,-0.01,92,304979,卖盘
11:06:35,33.15,0.01,31,102753,买盘
11:06:38,33.15,0.0,5,16575,买盘
11:06:41,33.15,0.0,19,62976,买盘
11:06:45,33.15,0.0,15,49727,买盘
11:06:48,33.13,-0.02,138,457307,卖盘
11:06:50,33.15,0.02,47,155762,买盘
11:06:54,33.15,0.0,6,19890,买盘
11:06:56,33.15,0.0,11,36455,买盘
11:07:00,33.15,0.0,15,49713,买盘
11:07:03,33.14,-0.01,12,39767,中性盘
11:07:06,33.14,0.0,53,175618,买盘
11:07:08,33.14,0.0,30,99399,买盘
11:07:12,33.14,0.0,4,13256,买盘
11:07:14,33.13,-0.01,42,141040,卖盘
11:07:20,33.15,0.02,67,222097,买盘
11:07:24,33.13,-0.02,213,705827,卖盘
11:07:26,33.14,0.01,14,46402,买盘
11:07:29,33.15,0.01,34,112705,买盘
11:07:32,33.15,0.0,11,36462,买盘
11:07:35,33.13,-0.02,19,62960,卖盘
11:07:39,33.14,0.01,7,23198,买盘
11:07:42,33.14,0.0,48,159052,买盘
11:07:44,33.14,0.0,66,218679,买盘
11:07:48,33.13,-0.01,8,26510,卖盘
11:07:50,33.14,0.01,33,109362,买盘
11:07:54,33.14,0.0,20,66280,买盘
11:07:56,33.15,0.01,166,550117,买盘
11:07:59,33.16,0.01,83,275189,买盘
11:08:03,33.17,0.01,183,606706,买盘
11:08:05,33.17,0.0,44,145948,买盘
11:08:09,33.17,0.0,29,94722,买盘
11:08:12,33.16,-0.01,50,165799,买盘
11:08:14,33.16,0.0,11,36476,买盘
11:08:18,33.16,0.0,1,3316,卖盘
11:08:20,33.15,-0.01,38,126006,卖盘
11:08:24,33.16,0.01,36,119379,买盘
11:08:26,33.17,0.01,56,185731,买盘
11:08:30,33.17,0.0,6,19901,买盘
11:08:33,33.16,-0.01,1,3316,卖盘
11:08:36,33.17,0.01,11,36482,买盘
11:08:39,33.16,-0.01,73,242072,卖盘
11:08:41,33.16,0.0,101,334850,卖盘
11:08:44,33.18,0.02,229,759702,买盘
11:08:48,33.17,-0.01,5,16585,中性盘
11:08:50,33.17,0.0,129,428012,卖盘
11:08:54,33.17,0.0,22,72974,卖盘
11:08:56,33.17,0.0,10,33177,卖盘
11:08:59,33.18,0.01,34,112805,买盘
11:09:02,33.17,-0.01,19,63030,卖盘
11:09:05,33.17,0.0,76,252108,买盘
11:09:09,33.19,0.02,77,255941,买盘
11:09:12,33.17,-0.02,17,56400,卖盘
11:09:15,33.17,0.0,39,129363,卖盘
11:09:18,33.18,0.01,189,627134,买盘
11:09:20,33.19,0.01,16,53098,买盘
11:09:24,33.18,-0.01,47,155963,卖盘
11:09:26,33.19,0.01,14,46466,买盘
11:09:29,33.19,0.0,256,849664,买盘
11:09:33,33.18,-0.01,40,132757,卖盘
11:09:36,33.19,0.01,301,999319,卖盘
11:09:39,33.2,0.01,57,189249,买盘
11:09:42,33.21,0.01,62,205902,买盘
11:09:45,33.21,0.0,71,237684,买盘
11:09:47,33.22,0.01,4,13288,买盘
11:09:50,33.22,0.0,69,229188,买盘
11:09:54,33.23,0.01,70,232536,买盘
11:09:57,33.21,-0.02,175,581289,卖盘
11:09:59,33.23,0.02,55,182690,买盘
11:10:02,33.24,0.01,175,581596,买盘
11:10:06,33.24,0.0,42,139592,买盘
11:10:08,33.23,-0.01,22,71678,卖盘
11:10:11,33.24,0.01,54,179486,买盘
11:10:14,33.23,-0.01,249,828872,卖盘
11:10:18,33.23,0.0,28,93044,买盘
11:10:20,33.24,0.01,47,156227,卖盘
11:10:24,33.23,-0.01,9,29907,买盘
11:10:26,33.23,0.0,20,66460,买盘
11:10:29,33.23,0.0,101,335555,买盘
11:10:32,33.22,-0.01,55,182710,卖盘
11:10:36,33.21,-0.01,162,538145,卖盘
11:10:38,33.21,0.0,77,255768,卖盘
11:10:41,33.22,0.01,48,159422,买盘
11:10:45,33.21,-0.01,28,92988,卖盘
11:10:47,33.23,0.02,458,1521797,买盘
11:10:50,33.2,-0.03,228,755184,卖盘
11:10:54,33.2,0.0,43,142801,卖盘
11:10:56,33.21,0.01,105,348700,买盘
11:11:00,33.2,-0.01,21,69739,卖盘
11:11:02,33.22,0.02,141,470143,买盘
11:11:05,33.23,0.01,28,93029,买盘
11:11:09,33.22,-0.01,13,41757,卖盘
11:11:12,33.23,0.01,33,109652,买盘
11:11:14,33.22,-0.01,58,192682,卖盘
11:11:18,33.21,-0.01,36,119128,卖盘
11:11:20,33.21,0.0,22,73062,买盘
11:11:24,33.21,0.0,100,332100,买盘
11:11:26,33.22,0.01,41,136173,买盘
11:11:29,33.21,-0.01,1,3321,卖盘
11:11:33,33.22,0.01,6,19932,买盘
11:11:36,33.21,-0.01,5,16605,卖盘
11:11:38,33.21,0.0,20,66424,卖盘
11:11:41,33.21,0.0,88,292314,卖盘
11:11:44,33.21,0.0,23,76400,买盘
11:11:47,33.22,0.01,61,202633,买盘
11:11:50,33.22,0.0,122,405397,卖盘
11:11:54,33.23,0.01,9,29904,买盘
11:11:56,33.21,-0.02,73,242494,卖盘
11:12:00,33.23,0.02,69,228243,买盘
11:12:02,33.24,0.01,63,210297,买盘
11:12:05,33.23,-0.01,35,116293,买盘
11:12:08,33.23,0.0,14,46509,买盘
11:12:11,33.23,0.0,81,269087,买盘
11:12:14,33.24,0.01,224,745710,买盘
11:12:18,33.24,0.0,58,192821,卖盘
11:12:20,33.21,-0.03,45,149599,卖盘
11:12:26,33.24,0.03,30,99732,中性盘
11:12:29,33.25,0.01,797,2649195,买盘
11:12:33,33.25,0.0,4,13298,买盘
11:12:36,33.23,-0.02,12,39896,卖盘
11:12:38,33.25,0.02,9,29919,买盘
11:12:42,33.25,0.0,8,26600,买盘
11:12:45,33.23,-0.02,14,46529,卖盘
11:12:47,33.26,0.03,249,827977,买盘
11:12:51,33.25,-0.01,170,565405,卖盘
11:12:53,33.27,0.02,69,229551,买盘
11:12:57,33.27,0.0,24,79848,买盘
11:13:00,33.28,0.01,66,219647,买盘
11:13:03,33.28,0.0,25,83197,买盘
11:13:06,33.26,-0.02,92,306054,卖盘
11:13:08,33.28,0.02,87,289376,买盘
11:13:11,33.28,0.0,31,103132,买盘
11:13:15,33.28,0.0,2,6655,买盘
11:13:18,33.28,0.0,79,262881,买盘
11:13:20,33.28,0.0,156,519079,买盘
11:13:23,33.28,0.0,304,1011707,买盘
11:13:26,33.27,-0.01,31,103167,卖盘
11:13:30,33.28,0.01,89,296178,买盘
11:13:33,33.28,0.0,7,23296,买盘
11:13:36,33.27,-0.01,39,128340,卖盘
11:13:38,33.29,0.02,20,66571,买盘
11:13:42,33.28,-0.01,29,96531,卖盘
11:13:44,33.28,0.0,195,648960,卖盘
11:13:48,33.29,0.01,330,1098546,买盘
11:13:51,33.29,0.0,134,446079,买盘
11:13:54,33.29,0.0,64,213046,买盘
11:13:57,33.29,0.0,351,1168458,买盘
11:13:59,33.28,-0.01,109,362910,卖盘
11:14:03,33.3,0.02,71,236404,买盘
11:14:09,33.29,-0.01,10,35194,卖盘
11:14:12,33.3,0.01,76,253053,买盘
11:14:15,33.29,-0.01,14,46610,卖盘
11:14:17,33.3,0.01,34,113215,买盘
11:14:21,33.3,0.0,202,672660,买盘
11:14:24,33.29,-0.01,166,552615,卖盘
11:14:27,33.3,0.01,31,103227,买盘
11:14:30,33.29,-0.01,302,1003627,卖盘
11:14:33,33.3,0.01,45,149833,买盘
11:14:36,33.29,-0.01,32,106519,中性盘
11:14:42,33.3,0.01,217,722600,买盘
11:14:45,33.28,-0.02,167,555931,卖盘
11:14:48,33.28,0.0,35,116518,卖盘
11:14:51,33.3,0.02,17,56598,买盘
11:14:53,33.29,-0.01,37,123203,卖盘
11:14:57,33.29,0.0,41,136490,卖盘
11:15:00,33.28,-0.01,81,269635,卖盘
11:15:03,33.28,0.0,125,416000,卖盘
11:15:05,33.3,0.02,306,1018802,买盘
11:15:09,33.28,-0.02,15,49920,卖盘
11:15:12,33.29,0.01,28,93167,买盘
11:15:15,33.29,0.0,8,26632,买盘
11:15:17,33.28,-0.01,12,39937,卖盘
11:15:21,33.28,0.0,7,23296,买盘
11:15:24,33.28,0.0,155,515840,买盘
11:15:27,33.29,0.01,58,193025,买盘
11:15:29,33.28,-0.01,30,99840,卖盘
11:15:32,33.29,0.01,95,316122,买盘
11:15:36,33.28,-0.01,18,59910,卖盘
11:15:38,33.28,0.0,115,382754,卖盘
11:15:42,33.27,-0.01,95,316159,卖盘
11:15:45,33.27,0.0,53,176344,卖盘
11:15:47,33.28,0.01,25,83196,买盘
11:15:51,33.28,0.0,124,412667,买盘
11:15:57,33.28,0.0,6,19968,买盘
11:15:59,33.27,-0.01,2,6654,卖盘
11:16:03,33.28,0.01,49,163062,买盘
11:16:06,33.27,-0.01,63,209661,卖盘
11:16:08,33.28,0.01,20,68456,买盘
11:16:11,33.29,0.01,64,212999,买盘
11:16:15,33.27,-0.02,20,66549,卖盘
11:16:18,33.27,0.0,224,745282,卖盘
11:16:21,33.28,0.01,24,79862,买盘
11:16:24,33.28,0.0,84,279524,买盘
11:16:26,33.28,0.0,37,123110,买盘
11:16:30,33.28,0.0,74,245740,买盘
11:16:32,33.28,0.0,38,126464,买盘
11:16:36,33.28,0.0,9,29944,买盘
11:16:38,33.28,0.0,6,19967,买盘
11:16:41,33.27,-0.01,9,29943,中性盘
11:16:44,33.27,0.0,41,136407,买盘
11:16:46,33.28,0.01,19,63223,买盘
11:16:50,33.27,-0.01,17,56560,卖盘
11:16:53,33.27,0.0,11,36603,卖盘
11:16:57,33.28,0.01,169,562267,买盘
11:17:00,33.27,-0.01,31,103137,卖盘
11:17:03,33.28,0.01,9,29952,买盘
11:17:05,33.28,0.0,20,66545,买盘
11:17:08,33.27,-0.01,44,144962,卖盘
11:17:12,33.27,0.0,38,126426,卖盘
11:17:15,33.28,0.01,11,36607,买盘
11:17:17,33.28,0.0,16,53246,买盘
11:17:21,33.27,-0.01,390,1298963,卖盘
11:17:24,33.27,0.0,444,1477399,买盘
11:17:26,33.27,0.0,66,219582,买盘
11:17:30,33.26,-0.01,14,46567,卖盘
11:17:32,33.28,0.02,35,116449,买盘
11:17:35,33.27,-0.01,183,608665,买盘
11:17:39,33.26,-0.01,38,126394,卖盘
11:17:41,33.27,0.01,9,29941,买盘
11:17:45,33.26,-0.01,10,33260,卖盘
11:17:48,33.27,0.01,5,16635,买盘
11:17:51,33.24,-0.03,941,3128919,卖盘
11:17:53,33.28,0.04,40,133099,买盘
11:17:57,33.27,-0.01,7,23288,中性盘
11:17:59,33.23,-0.04,283,940488,卖盘
11:18:03,33.23,0.0,51,169473,买盘
11:18:05,33.23,0.0,3,9969,买盘
11:18:09,33.23,0.0,6,19938,买盘
11:18:11,33.21,-0.02,77,255736,卖盘
11:18:15,33.22,0.01,110,365336,买盘
11:18:18,33.22,0.0,17,56481,卖盘
11:18:21,33.26,0.04,306,1016862,买盘
11:18:24,33.26,0.0,71,236176,买盘
11:18:26,33.28,0.02,63,209647,买盘
11:18:32,33.26,-0.02,102,339332,卖盘
11:18:36,33.26,0.0,43,143018,卖盘
11:18:39,33.26,0.0,9,29934,买盘
11:18:42,33.28,0.02,28,93165,买盘
11:18:45,33.28,0.0,22,73210,买盘
11:18:47,33.26,-0.02,30,99781,卖盘
11:18:50,33.25,-0.01,191,635178,卖盘
11:18:53,33.26,0.01,45,149718,中性盘
11:18:57,33.28,0.02,10,33274,买盘
11:18:59,33.28,0.0,4,13312,买盘
11:19:03,33.26,-0.02,22,73196,卖盘
11:19:05,33.26,0.0,7,23294,卖盘
11:19:09,33.27,0.01,6,19962,买盘
11:19:12,33.26,-0.01,29,96462,卖盘
11:19:15,33.27,0.01,6,19962,买盘
11:19:18,33.27,0.0,7,23289,卖盘
11:19:20,33.27,0.0,5,16634,买盘
11:19:24,33.27,0.0,44,146355,买盘
11:19:26,33.27,0.0,8,25186,卖盘
11:19:29,33.26,-0.01,159,528931,卖盘
11:19:32,33.27,0.01,43,143087,卖盘
11:19:36,33.27,0.0,13,43251,卖盘
11:19:39,33.27,0.0,10,33278,卖盘
11:19:41,33.28,0.01,24,79852,买盘
11:19:44,33.27,-0.01,104,346031,卖盘
11:19:47,33.28,0.01,7,23296,买盘
11:19:50,33.28,0.0,35,116480,买盘
11:19:53,33.28,0.0,37,123113,买盘
11:19:57,33.28,0.0,69,229627,买盘
11:19:59,33.28,0.0,5,16640,买盘
11:20:02,33.28,0.0,4,13312,买盘
11:20:06,33.27,-0.01,165,548960,卖盘
11:20:08,33.27,0.0,49,164941,卖盘
11:20:12,33.28,0.01,34,113131,买盘
11:20:14,33.27,-0.01,35,116478,卖盘
11:20:17,33.28,0.01,75,249600,买盘
11:20:20,33.28,0.0,5,16640,买盘
11:20:24,33.28,0.0,37,123131,买盘
11:20:27,33.27,-0.01,128,425865,卖盘
11:20:30,33.28,0.01,7,23296,买盘
11:20:32,33.28,0.0,60,199680,买盘
11:20:36,33.27,-0.01,31,103149,卖盘
11:20:38,33.28,0.01,2,6656,买盘
11:20:41,33.28,0.0,25,83200,买盘
11:20:45,33.28,0.0,269,895076,买盘
11:20:47,33.27,-0.01,137,453902,卖盘
11:20:49,33.28,0.01,37,123126,买盘
11:20:53,33.28,0.0,42,139773,买盘
11:20:56,33.28,0.0,32,106496,买盘
11:20:59,33.27,-0.01,16,53247,卖盘
11:21:02,33.29,0.02,53,176417,买盘
11:21:06,33.28,-0.01,84,279617,卖盘
11:21:08,33.28,0.0,31,105066,卖盘
11:21:11,33.29,0.01,100,330964,买盘
11:21:14,33.28,-0.01,7,23296,中性盘
11:21:17,33.29,0.01,42,139818,买盘
11:21:20,33.29,0.0,39,129821,买盘
11:21:23,33.29,0.0,149,495749,买盘
11:21:27,33.29,0.0,105,349545,买盘
11:21:30,33.29,0.0,76,253004,买盘
11:21:35,33.29,0.0,161,535968,买盘
11:21:38,33.29,0.0,16,55461,买盘
11:21:41,33.29,0.0,77,256399,卖盘
11:21:43,33.28,-0.01,127,422723,卖盘
11:21:47,33.3,0.02,163,542690,买盘
11:21:50,33.29,-0.01,25,83242,中性盘
11:21:53,33.3,0.01,90,299531,买盘
11:21:57,33.29,-0.01,100,332859,中性盘
11:21:59,33.28,-0.01,58,190922,卖盘
11:22:02,33.29,0.01,168,561201,买盘
11:22:05,33.29,0.0,69,229634,买盘
11:22:08,33.28,-0.01,78,258192,卖盘
11:22:10,33.29,0.01,64,213003,买盘
11:22:13,33.28,-0.01,31,103172,卖盘
11:22:16,33.28,0.0,33,109824,卖盘
11:22:20,33.29,0.01,74,246330,买盘
11:22:23,33.28,-0.01,26,86549,卖盘
11:22:26,33.29,0.01,3,9985,买盘
11:22:29,33.28,-0.01,20,66560,卖盘
11:22:32,33.29,0.01,38,126495,买盘
11:22:35,33.29,0.0,11,36618,买盘
11:22:38,33.29,0.0,96,319578,买盘
11:22:41,33.29,0.0,70,232963,中性盘
11:22:45,33.3,0.01,77,256335,买盘
11:22:47,33.29,-0.01,24,79897,卖盘
11:22:51,33.29,0.0,36,119873,卖盘
11:22:53,33.29,0.0,45,149842,卖盘
11:22:55,33.29,0.0,21,69916,卖盘
11:22:58,33.29,0.0,8,26634,卖盘
11:23:02,33.3,0.01,82,272986,买盘
11:23:05,33.3,0.0,22,73241,买盘
11:23:08,33.29,-0.01,17,55168,卖盘
11:23:10,33.29,0.0,72,239714,卖盘
11:23:13,33.3,0.01,34,113204,买盘
11:23:17,33.3,0.0,31,103204,买盘
11:23:20,33.29,-0.01,16,53265,卖盘
11:23:23,33.29,0.0,10,33290,卖盘
11:23:26,33.29,0.0,93,309685,卖盘
11:23:29,33.3,0.01,28,93219,买盘
11:23:32,33.3,0.0,33,109890,买盘
11:23:35,33.3,0.0,513,1708289,买盘
11:23:37,33.3,0.0,363,1208790,买盘
11:23:41,33.3,0.0,133,442890,买盘
11:23:44,33.29,-0.01,63,209777,卖盘
11:23:46,33.3,0.01,1,3330,买盘
11:23:50,33.3,0.0,115,382950,买盘
11:23:53,33.29,-0.01,43,143157,卖盘
11:23:56,33.3,0.01,64,213114,买盘
11:23:59,33.3,0.0,32,106560,买盘
11:24:02,33.3,0.0,79,263070,买盘
11:24:05,33.29,-0.01,128,428096,卖盘
11:24:08,33.3,0.01,426,1418580,买盘
11:24:11,33.29,-0.01,165,549368,卖盘
11:24:13,33.3,0.01,34,113198,买盘
11:24:17,33.3,0.0,254,845814,买盘
11:24:20,33.31,0.01,263,875991,买盘
11:24:23,33.31,0.0,46,153248,买盘
11:24:26,33.32,0.01,34,113244,买盘
11:24:29,33.32,0.0,8,26656,买盘
11:24:32,33.31,-0.01,11,36641,卖盘
11:24:34,33.31,0.0,14,46634,买盘
11:24:38,33.32,0.01,55,183247,买盘
11:24:41,33.32,0.0,6,19992,买盘
11:24:44,33.32,0.0,53,176596,买盘
11:24:46,33.32,0.0,10,33320,买盘
11:24:50,33.32,0.0,183,609756,买盘
11:24:53,33.31,-0.01,98,326516,卖盘
11:24:55,33.31,0.0,361,1202918,卖盘
11:24:59,33.32,0.01,10,33324,中性盘
11:25:02,33.33,0.01,52,173286,买盘
11:25:05,33.32,-0.01,9,29988,卖盘
11:25:08,33.32,0.0,147,488378,卖盘
11:25:11,33.33,0.01,89,296604,买盘
11:25:13,33.32,-0.01,27,89986,卖盘
11:25:16,33.32,0.0,16,53315,卖盘
11:25:19,33.33,0.01,1009,3362997,买盘
11:25:23,33.32,-0.01,48,159973,卖盘
11:25:26,33.33,0.01,61,203313,买盘
11:25:29,33.33,0.0,34,113302,买盘
11:25:32,33.32,-0.01,150,499893,卖盘
11:25:35,33.32,0.0,17,56660,卖盘
11:25:37,33.33,0.01,251,836583,买盘
11:25:41,33.33,0.0,169,563276,买盘
11:25:44,33.33,0.0,200,666600,买盘
11:25:46,33.33,0.0,9,29996,买盘
11:25:50,33.33,0.0,61,203312,买盘
11:25:53,33.33,0.0,121,403293,买盘
11:25:56,33.33,0.0,78,259974,买盘
11:25:59,33.33,0.0,110,366630,买盘
11:26:02,33.33,0.0,197,656601,买盘
11:26:05,33.33,0.0,392,1306536,买盘
11:26:08,33.33,0.0,76,255206,买盘
11:26:11,33.32,-0.01,61,203291,卖盘
11:26:13,33.33,0.01,52,173316,买盘
11:26:16,33.33,0.0,90,299942,买盘
11:26:19,33.32,-0.01,125,416575,卖盘
11:26:23,33.32,0.0,63,209978,卖盘
11:26:26,33.33,0.01,117,388523,买盘
11:26:29,33.34,0.01,15,49997,买盘
11:26:31,33.33,-0.01,38,126654,卖盘
11:26:35,33.34,0.01,28,93339,买盘
11:26:37,33.33,-0.01,22,73332,卖盘
11:26:41,33.34,0.01,159,530099,买盘
11:26:44,33.33,-0.01,19,63327,卖盘
11:26:47,33.35,0.02,255,850330,买盘
11:26:50,33.34,-0.01,2,6668,卖盘
11:26:53,33.35,0.01,137,456868,买盘
11:26:56,33.34,-0.01,29,96713,卖盘
11:26:59,33.35,0.01,175,583625,买盘
11:27:02,33.35,0.0,227,756994,买盘
11:27:04,33.35,0.0,12,40020,买盘
11:27:08,33.35,0.0,67,225340,买盘
11:27:11,33.34,-0.01,33,110038,卖盘
11:27:14,33.35,0.01,53,176755,买盘
11:27:17,33.35,0.0,13,43355,买盘
11:27:20,33.35,0.0,125,416875,买盘
11:27:22,33.35,0.0,35,116725,买盘
11:27:25,33.35,0.0,61,203413,买盘
11:27:29,33.35,0.0,19,63365,买盘
11:27:32,33.35,0.0,18,60028,买盘
11:27:35,33.34,-0.01,161,536916,卖盘
11:27:38,33.35,0.01,18,60030,买盘
11:27:41,33.35,0.0,52,173386,买盘
11:27:44,33.35,0.0,6,20010,买盘
11:27:47,33.34,-0.01,45,150068,卖盘
11:27:50,33.34,0.0,48,160036,卖盘
11:27:53,33.35,0.01,8,26680,买盘
11:27:56,33.34,-0.01,8,26673,卖盘
11:27:59,33.35,0.01,25,83371,买盘
11:28:02,33.35,0.0,338,1127130,买盘
11:28:05,33.35,0.0,62,206740,买盘
11:28:08,33.35,0.0,18,58595,买盘
11:28:11,33.34,-0.01,27,90028,卖盘
11:28:14,33.34,0.0,36,120028,卖盘
11:28:17,33.35,0.01,51,170078,买盘
11:28:19,33.34,-0.01,30,100030,卖盘
11:28:23,33.35,0.01,19,63365,买盘
11:28:26,33.35,0.0,47,156742,买盘
11:28:29,33.34,-0.01,23,76792,卖盘
11:28:32,33.35,0.01,56,186750,买盘
11:28:35,33.34,-0.01,17,56687,卖盘
11:28:38,33.35,0.01,14,46682,买盘
11:28:44,33.34,-0.01,25,83350,卖盘
11:28:46,33.34,0.0,10,33346,卖盘
11:28:50,33.34,0.0,7,23344,卖盘
11:28:53,33.34,0.0,35,116710,卖盘
11:28:55,33.35,0.01,27,90040,买盘
11:28:59,33.35,0.0,83,276764,买盘
11:29:02,33.35,0.0,445,1483115,买盘
11:29:05,33.33,-0.02,67,223373,卖盘
11:29:08,33.33,0.0,90,299977,卖盘
11:29:11,33.32,-0.01,28,93331,卖盘
11:29:14,33.32,0.0,37,123308,卖盘
11:29:17,33.33,0.01,51,170014,买盘
11:29:20,33.34,0.01,7,25234,卖盘
11:29:22,33.34,0.0,20,66677,买盘
11:29:26,33.34,0.0,20,66680,卖盘
11:29:29,33.34,0.0,44,146655,买盘
11:29:32,33.34,0.0,5,16670,买盘
11:29:35,33.33,-0.01,40,133348,卖盘
11:29:38,33.32,-0.01,75,249918,卖盘
11:29:41,33.33,0.01,11,36663,买盘
11:29:44,33.33,0.0,37,123346,买盘
11:29:46,33.33,0.0,39,129992,卖盘
11:29:50,33.33,0.0,15,49988,买盘
11:29:56,33.32,-0.01,13,43322,卖盘
11:29:58,33.33,0.01,44,146651,买盘
13:00:00,33.33,0.0,18,59994,卖盘
13:00:04,33.31,-0.02,572,1905214,卖盘
13:00:05,33.31,0.0,227,756270,卖盘
13:00:09,33.31,0.0,217,722832,买盘
13:00:12,33.3,-0.01,29,96436,卖盘
13:00:19,33.29,-0.01,30,99879,卖盘
13:00:21,33.29,0.0,12,39948,卖盘
13:00:24,33.29,0.0,65,216437,卖盘
13:00:27,33.29,0.0,15,49935,卖盘
13:00:30,33.3,0.01,6,19980,买盘
13:00:34,33.29,-0.01,9,29961,卖盘
13:00:36,33.29,0.0,38,126506,卖盘
13:00:39,33.29,0.0,19,63251,卖盘
13:00:42,33.29,0.0,24,79901,卖盘
13:00:45,33.28,-0.01,65,216236,卖盘
13:00:48,33.26,-0.02,6,19956,卖盘
13:00:51,33.26,0.0,19,63206,卖盘
13:00:54,33.26,0.0,107,356158,卖盘
13:01:00,33.25,-0.01,15,49876,卖盘
13:01:04,33.25,0.0,11,36582,卖盘
13:01:06,33.25,0.0,32,104970,卖盘
13:01:09,33.25,0.0,24,79818,卖盘
13:01:12,33.25,0.0,10,33250,卖盘
13:01:15,33.25,0.0,15,51312,卖盘
13:01:19,33.25,0.0,78,259471,买盘
13:01:21,33.25,0.0,19,63175,卖盘
13:01:24,33.3,0.05,36,119836,买盘
13:01:27,33.24,-0.06,10,33277,卖盘
13:01:30,33.25,0.01,9,29925,买盘
13:01:34,33.25,0.0,3,9975,买盘
13:01:36,33.26,0.01,9,29929,买盘
13:01:39,33.26,0.0,4,13304,卖盘
13:01:45,33.29,0.03,41,136462,买盘
13:01:49,33.26,-0.03,23,76512,卖盘
13:01:57,33.27,0.01,24,79845,中性盘
13:02:00,33.29,0.02,6,19974,买盘
13:02:06,33.28,-0.01,12,40402,卖盘
13:02:09,33.29,0.01,27,89873,买盘
13:02:12,33.28,-0.01,2,6656,卖盘
13:02:19,33.28,0.0,40,133121,卖盘
13:02:21,33.28,0.0,83,275792,卖盘
13:02:24,33.28,0.0,60,199680,买盘
13:02:27,33.27,-0.01,16,53232,卖盘
13:02:30,33.28,0.01,2,6656,买盘
13:02:33,33.28,0.0,6,19968,买盘
13:02:40,33.28,0.0,36,120274,买盘
13:02:42,33.27,-0.01,76,252868,卖盘
13:02:45,33.28,0.01,3,9984,卖盘
13:02:51,33.28,0.0,9,29952,卖盘
13:02:54,33.29,0.01,22,73228,买盘
13:02:57,33.29,0.0,51,169700,买盘
13:03:00,33.28,-0.01,23,76554,买盘
13:03:04,33.26,-0.02,30,99799,卖盘
13:03:06,33.28,0.02,20,65135,卖盘
13:03:09,33.28,0.0,3,9984,卖盘
13:03:12,33.28,0.0,40,133120,卖盘
13:03:15,33.29,0.01,5,16645,买盘
13:03:19,33.28,-0.01,19,63232,卖盘
13:03:21,33.29,0.01,53,176425,买盘
13:03:24,33.29,0.0,21,69896,买盘
13:03:28,33.28,-0.01,63,209705,卖盘
13:03:30,33.28,0.0,61,203068,卖盘
13:03:34,33.28,0.0,21,69888,卖盘
13:03:36,33.3,0.02,55,183117,买盘
13:03:39,33.29,-0.01,46,153133,卖盘
13:03:42,33.3,0.01,4,13318,买盘
13:03:45,33.29,-0.01,52,173106,卖盘
13:03:49,33.29,0.0,17,56593,买盘
13:03:54,33.29,0.0,6,19973,买盘
13:03:57,33.28,-0.01,28,93209,卖盘
13:04:00,33.3,0.02,223,742906,买盘
13:04:03,33.28,-0.02,43,142527,卖盘
13:04:06,33.27,-0.01,37,123124,卖盘
13:04:09,33.27,0.0,7,23295,卖盘
13:04:12,33.27,0.0,10,33279,卖盘
13:04:15,33.28,0.01,52,173018,买盘
13:04:19,33.27,-0.01,28,93159,卖盘
13:04:21,33.27,0.0,26,86508,卖盘
13:04:24,33.27,0.0,42,139720,买盘
13:04:30,33.27,0.0,3,9981,买盘
13:04:34,33.27,0.0,37,123096,买盘
13:04:36,33.27,0.0,13,43240,买盘
13:04:40,33.26,-0.01,17,56542,卖盘
13:04:42,33.26,0.0,17,56542,卖盘
13:04:45,33.26,0.0,15,49898,卖盘
13:04:49,33.26,0.0,31,103132,卖盘
13:04:51,33.25,-0.01,265,880682,卖盘
13:04:54,33.26,0.01,27,90247,买盘
13:04:57,33.24,-0.02,62,206127,卖盘
13:05:00,33.24,0.0,1,3324,卖盘
13:05:04,33.25,0.01,62,206150,买盘
13:05:06,33.24,-0.01,131,437488,卖盘
13:05:09,33.24,0.0,23,76455,卖盘
13:05:12,33.24,0.0,64,212779,卖盘
13:05:15,33.24,0.0,99,329080,卖盘
13:05:18,33.24,0.0,47,156267,卖盘
13:05:21,33.24,0.0,24,79786,卖盘
13:05:24,33.26,0.02,6,19952,买盘
13:05:27,33.26,0.0,56,186157,买盘
13:05:30,33.25,-0.01,125,415607,卖盘
13:05:34,33.26,0.01,116,385796,买盘
13:05:37,33.26,0.0,64,212832,买盘
13:05:39,33.26,0.0,36,119676,买盘
13:05:42,33.24,-0.02,10,30880,卖盘
13:05:45,33.26,0.02,60,199453,买盘
13:05:49,33.24,-0.02,10,33240,中性盘
13:05:51,33.24,0.0,30,99720,卖盘
13:05:54,33.25,0.01,11,36575,中性盘
13:05:57,33.26,0.01,80,266582,买盘
13:06:00,33.26,0.0,21,69818,买盘
13:06:04,33.26,0.0,28,93128,买盘
13:06:06,33.26,0.0,32,106414,买盘
13:06:09,33.24,-0.02,35,116348,卖盘
13:06:12,33.26,0.02,36,119710,买盘
13:06:15,33.26,0.0,51,169611,买盘
13:06:19,33.25,-0.01,32,106429,卖盘
13:06:21,33.25,0.0,30,99750,卖盘
13:06:24,33.25,0.0,16,53140,卖盘
13:06:28,33.27,0.02,19,63181,买盘
13:06:30,33.27,0.0,30,99810,买盘
13:06:33,33.27,0.0,26,86503,买盘
13:06:36,33.27,0.0,21,69867,卖盘
13:06:42,33.27,0.0,13,43251,卖盘
13:06:45,33.27,0.0,16,53238,卖盘
13:06:49,33.27,0.0,77,256206,卖盘
13:06:51,33.27,0.0,2,6654,卖盘
13:06:57,33.29,0.02,7,23303,买盘
13:07:03,33.29,0.0,28,93212,买盘
13:07:06,33.27,-0.02,135,449136,卖盘
13:07:09,33.29,0.02,26,86554,卖盘
13:07:12,33.27,-0.02,30,99818,卖盘
13:07:15,33.27,0.0,9,29944,卖盘
13:07:21,33.28,0.01,32,106496,卖盘
13:07:24,33.29,0.01,3,9985,买盘
13:07:27,33.28,-0.01,2,6656,卖盘
13:07:30,33.29,0.01,22,73228,买盘
13:07:33,33.29,0.0,27,89881,买盘
13:07:36,33.26,-0.03,22,73172,卖盘
13:07:42,33.26,0.0,10,33272,卖盘
13:07:45,33.26,0.0,2,6652,卖盘
13:07:49,33.29,0.03,36,119818,买盘
13:07:51,33.28,-0.01,6,19968,卖盘
13:07:54,33.28,0.0,6,19968,卖盘
13:07:57,33.29,0.01,38,126502,买盘
13:08:00,33.29,0.0,9,29955,买盘
13:08:03,33.26,-0.03,154,512409,卖盘
13:08:06,33.29,0.03,33,109811,买盘
13:08:09,33.25,-0.04,10,33255,卖盘
13:08:12,33.27,0.02,24,79870,卖盘
13:08:15,33.28,0.01,6,19968,买盘
13:08:18,33.28,0.0,35,118373,买盘
13:08:21,33.28,0.0,26,86528,卖盘
13:08:24,33.28,0.0,46,153098,卖盘
13:08:27,33.29,0.01,32,104592,买盘
13:08:30,33.26,-0.03,1,3326,卖盘
13:08:32,33.26,0.0,78,259552,卖盘
13:08:36,33.26,0.0,41,136366,买盘
13:08:39,33.27,0.01,21,69848,买盘
13:08:42,33.27,0.0,14,46569,买盘
13:08:45,33.25,-0.02,1,3325,卖盘
13:08:48,33.27,0.02,36,119772,买盘
13:08:51,33.26,-0.01,9,31954,买盘
13:08:52,33.26,0.0,20,66515,买盘
13:08:56,33.26,0.0,8,26608,买盘
13:09:00,33.25,-0.01,2,6650,卖盘
13:09:03,33.25,0.0,35,116408,卖盘
13:09:06,33.25,0.0,207,686247,卖盘
13:09:09,33.25,0.0,27,89775,买盘
13:09:12,33.24,-0.01,2,6649,卖盘
13:09:15,33.24,0.0,6,19944,卖盘
13:09:18,33.24,0.0,35,116362,卖盘
13:09:21,33.24,0.0,33,109701,卖盘
13:09:24,33.24,0.0,111,368723,卖盘
13:09:30,33.23,-0.01,11,36548,中性盘
13:09:36,33.22,-0.01,36,119625,卖盘
13:09:39,33.22,0.0,16,53152,买盘
13:09:42,33.23,0.01,1,3323,卖盘
13:09:45,33.23,0.0,23,76429,卖盘
13:09:46,33.24,0.01,4,13296,买盘
13:09:51,33.23,-0.01,1,3323,卖盘
13:09:54,33.23,0.0,12,39882,卖盘
13:09:57,33.23,0.0,40,132952,卖盘
13:09:59,33.23,0.0,32,106339,卖盘
13:10:03,33.23,0.0,16,53174,卖盘
13:10:06,33.23,0.0,64,214591,卖盘
13:10:09,33.22,-0.01,102,336985,卖盘
13:10:12,33.2,-0.02,322,1069316,卖盘
13:10:15,33.24,0.04,58,194691,买盘
13:10:18,33.24,0.0,6,19944,卖盘
13:10:21,33.24,0.0,44,146256,卖盘
13:10:24,33.24,0.0,108,357097,卖盘
13:10:27,33.25,0.01,37,122993,买盘
13:10:33,33.24,-0.01,10,33240,买盘
13:10:36,33.23,-0.01,58,192756,卖盘
13:10:39,33.23,0.0,25,83089,卖盘
13:10:45,33.23,0.0,2,6646,卖盘
13:10:48,33.23,0.0,14,46528,卖盘
13:10:50,33.24,0.01,13,43202,买盘
13:10:54,33.23,-0.01,34,112982,卖盘
13:11:00,33.23,0.0,17,56497,卖盘
13:11:03,33.23,0.0,8,26584,卖盘
13:11:06,33.23,0.0,6,19938,买盘
13:11:09,33.21,-0.02,8,26582,卖盘
13:11:12,33.23,0.02,3,9969,买盘
13:11:15,33.24,0.01,53,176100,买盘
13:11:18,33.24,0.0,64,212714,买盘
13:11:21,33.24,0.0,80,265932,买盘
13:11:24,33.24,0.0,44,146285,卖盘
13:11:27,33.25,0.01,3,9975,买盘
13:11:30,33.24,-0.01,8,26592,卖盘
13:11:33,33.24,0.0,49,162915,卖盘
13:11:36,33.24,0.0,95,315813,卖盘
13:11:38,33.24,0.0,8,26592,卖盘
13:11:42,33.24,0.0,20,66487,卖盘
13:11:45,33.25,0.01,31,103073,买盘
13:11:48,33.24,-0.01,59,196131,卖盘
13:11:51,33.25,0.01,3,9975,买盘
13:11:54,33.25,0.0,72,239370,买盘
13:11:57,33.26,0.01,38,127418,买盘
13:12:03,33.26,0.0,3,9978,买盘
13:12:06,33.26,0.0,29,95023,买盘
13:12:08,33.25,-0.01,1,3325,卖盘
13:12:12,33.25,0.0,2,6650,卖盘
13:12:15,33.25,0.0,16,53211,卖盘
13:12:18,33.26,0.01,25,83149,买盘
13:12:21,33.26,0.0,41,136337,买盘
13:12:23,33.25,-0.01,10,33250,卖盘
13:12:25,33.26,0.01,10,33260,买盘
13:12:30,33.25,-0.01,74,246086,卖盘
13:12:33,33.25,0.0,5,16629,卖盘
13:12:36,33.25,0.0,83,276344,卖盘
13:12:39,33.25,0.0,51,169244,买盘
13:12:48,33.25,0.0,53,176268,卖盘
13:12:51,33.25,0.0,36,119700,卖盘
13:12:53,33.25,0.0,6,19950,卖盘
13:12:57,33.25,0.0,51,169575,卖盘
13:12:59,33.25,0.0,9,30291,卖盘
13:13:03,33.25,0.0,27,89409,买盘
13:13:06,33.25,0.0,74,247905,卖盘
13:13:09,33.26,0.01,7,23278,买盘
13:13:12,33.25,-0.01,33,108203,卖盘
13:13:15,33.25,0.0,12,41433,买盘
13:13:18,33.25,0.0,4,13300,卖盘
13:13:21,33.26,0.01,23,76464,买盘
13:13:23,33.25,-0.01,11,36575,买盘
13:13:26,33.25,0.0,66,219450,买盘
13:13:30,33.26,0.01,39,129704,买盘
13:13:32,33.26,0.0,11,36585,买盘
13:13:36,33.26,0.0,53,176228,买盘
13:13:39,33.26,0.0,66,219464,买盘
13:13:42,33.26,0.0,8,26608,买盘
13:13:45,33.24,-0.02,14,46554,卖盘
13:13:48,33.25,0.01,12,39894,中性盘
13:13:51,33.25,0.0,10,33749,买盘
13:13:54,33.25,0.0,1,3325,卖盘
13:13:57,33.25,0.0,18,59351,卖盘
13:14:00,33.25,0.0,11,36579,买盘
13:14:03,33.24,-0.01,34,113048,卖盘
13:14:05,33.25,0.01,53,174788,买盘
13:14:09,33.25,0.0,4,14730,买盘
13:14:12,33.26,0.01,93,309310,买盘
13:14:18,33.26,0.0,32,106427,买盘
13:14:21,33.26,0.0,25,83113,买盘
13:14:23,33.25,-0.01,3,9975,卖盘
13:14:27,33.26,0.01,60,199527,买盘
13:14:30,33.26,0.0,23,76484,买盘
13:14:36,33.26,0.0,13,43226,买盘
13:14:39,33.26,0.0,68,226129,买盘
13:14:42,33.25,-0.01,4,13300,卖盘
13:14:48,33.24,-0.01,164,545250,卖盘
13:14:51,33.25,0.01,36,119734,买盘
13:14:57,33.25,0.0,222,738114,买盘
13:15:00,33.24,-0.01,12,39893,卖盘
13:15:03,33.26,0.02,115,382317,买盘
13:15:06,33.25,-0.01,27,89783,中性盘
13:15:09,33.23,-0.02,2,6646,卖盘
13:15:12,33.25,0.02,82,272472,买盘
13:15:15,33.25,0.0,34,112991,卖盘
13:15:18,33.25,0.0,8,26595,买盘
13:15:21,33.23,-0.02,35,116306,卖盘
13:15:24,33.23,0.0,54,179575,买盘
13:15:26,33.25,0.02,200,665193,卖盘
13:15:36,33.26,0.01,81,267091,买盘
13:15:39,33.25,-0.01,113,375906,卖盘
13:15:42,33.27,0.02,35,116439,买盘
13:15:45,33.27,0.0,19,63212,买盘
13:15:48,33.26,-0.01,10,33260,卖盘
13:15:51,33.27,0.01,27,89820,买盘
13:15:54,33.27,0.0,2,6654,卖盘
13:15:56,33.27,0.0,56,186318,卖盘
13:16:03,33.28,0.01,11,36608,买盘
13:16:05,33.27,-0.01,11,38493,卖盘
13:16:09,33.28,0.01,62,206331,买盘
13:16:12,33.28,0.0,93,309504,买盘
13:16:15,33.28,0.0,72,239616,买盘
13:16:18,33.28,0.0,108,359419,买盘
13:16:20,33.27,-0.01,142,472610,卖盘
13:16:24,33.29,0.02,29,96541,买盘
13:16:27,33.29,0.0,69,229697,买盘
13:16:30,33.29,0.0,96,319574,买盘
13:16:33,33.3,0.01,108,360074,买盘
13:16:36,33.29,-0.01,11,36619,卖盘
13:16:39,33.3,0.01,30,99900,买盘
13:16:41,33.3,0.0,126,419578,买盘
13:16:45,33.3,0.0,2,6660,买盘
13:16:48,33.3,0.0,28,93236,买盘
13:16:51,33.3,0.0,64,213120,买盘
13:16:54,33.3,0.0,3,9990,买盘
13:16:57,33.3,0.0,182,606060,买盘
13:17:00,33.3,0.0,129,429570,买盘
13:17:06,33.3,0.0,27,88479,卖盘
13:17:09,33.32,0.02,30,99955,买盘
13:17:12,33.3,-0.02,4,13323,卖盘
13:17:15,33.31,0.01,10,33310,卖盘
13:17:18,33.32,0.01,20,66636,买盘
13:17:21,33.31,-0.01,22,73282,卖盘
13:17:24,33.32,0.01,19,63305,买盘
13:17:27,33.32,0.0,26,86632,买盘
13:17:29,33.32,0.0,4,13328,买盘
13:17:33,33.31,-0.01,90,299877,卖盘
13:17:38,33.32,0.01,36,119977,卖盘
13:17:42,33.32,0.0,15,49980,卖盘
13:17:45,33.33,0.01,61,203313,买盘
13:17:48,33.33,0.0,38,126649,买盘
13:17:51,33.33,0.0,51,169981,买盘
13:17:54,33.33,0.0,34,113321,买盘
13:17:57,33.32,-0.01,14,46661,卖盘
13:17:59,33.33,0.01,9,29997,买盘
13:18:03,33.33,0.0,1,3333,买盘
13:18:06,33.32,-0.01,15,51883,卖盘
13:18:09,33.32,0.0,24,79977,卖盘
13:18:12,33.32,0.0,12,39992,卖盘
13:18:14,33.32,0.0,2,6664,卖盘
13:18:18,33.33,0.01,10,33326,买盘
13:18:21,33.32,-0.01,23,76637,卖盘
13:18:24,33.32,0.0,6,19992,卖盘
13:18:27,33.32,0.0,316,1051012,卖盘
13:18:30,33.31,-0.01,12,39983,卖盘
13:18:36,33.31,0.0,23,76613,卖盘
13:18:39,33.32,0.01,100,333135,买盘
13:18:42,33.32,0.0,70,233187,买盘
13:18:45,33.31,-0.01,6,19986,卖盘
13:18:47,33.31,0.0,70,233170,卖盘
13:18:51,33.31,0.0,38,126608,卖盘
13:18:53,33.29,-0.02,898,2991759,卖盘
13:19:00,33.27,-0.02,57,189728,卖盘
13:19:03,33.29,0.02,6,19974,买盘
13:19:09,33.27,-0.02,58,193030,卖盘
13:19:12,33.29,0.02,12,39948,买盘
13:19:15,33.29,0.0,6,19974,买盘
13:19:17,33.29,0.0,28,93198,买盘
13:19:21,33.27,-0.02,27,89849,卖盘
13:19:24,33.28,0.01,6,19967,中性盘
13:19:27,33.27,-0.01,27,89829,卖盘
13:19:30,33.27,0.0,21,69867,卖盘
13:19:33,33.27,0.0,58,191070,卖盘
13:19:36,33.26,-0.01,34,113117,卖盘
13:19:38,33.26,0.0,90,299403,卖盘
13:19:41,33.26,0.0,227,755002,卖盘
13:19:45,33.25,-0.01,71,236124,卖盘
13:19:48,33.25,0.0,21,69831,卖盘
13:19:51,33.25,0.0,21,69825,卖盘
13:19:53,33.25,0.0,8,26600,卖盘
13:19:57,33.25,0.0,2,6650,买盘
13:19:59,33.26,0.01,7,23282,买盘
13:20:03,33.25,-0.01,5,16626,卖盘
13:20:06,33.25,0.0,1,3325,卖盘
13:20:12,33.26,0.01,66,221323,买盘
13:20:15,33.25,-0.01,11,36584,卖盘
13:20:18,33.25,0.0,6,19950,卖盘
13:20:21,33.25,0.0,37,123042,卖盘
13:20:24,33.26,0.01,12,39903,买盘
13:20:27,33.25,-0.01,9,29925,卖盘
13:20:29,33.25,0.0,35,116375,卖盘
13:20:33,33.26,0.01,11,36581,买盘
13:20:36,33.25,-0.01,13,43225,卖盘
13:20:39,33.25,0.0,45,149647,卖盘
13:20:42,33.25,0.0,5,16625,卖盘
13:20:45,33.25,0.0,10,33255,卖盘
13:20:48,33.26,0.01,27,89796,买盘
13:20:51,33.25,-0.01,5,14729,卖盘
13:20:54,33.24,-0.01,15,51773,卖盘
13:20:57,33.26,0.02,26,86474,买盘
13:21:00,33.25,-0.01,10,33250,中性盘
13:21:06,33.25,0.0,14,47027,卖盘
13:21:08,33.25,0.0,56,186271,卖盘
13:21:12,33.25,0.0,10,33253,卖盘
13:21:15,33.25,0.0,14,46557,卖盘
13:21:18,33.27,0.02,49,161570,买盘
13:21:21,33.26,-0.01,28,93150,卖盘
13:21:24,33.26,0.0,16,53241,卖盘
13:21:27,33.28,0.02,7,23294,买盘
13:21:30,33.28,0.0,33,109822,买盘
13:21:33,33.28,0.0,53,176380,买盘
13:21:35,33.26,-0.02,10,33260,卖盘
13:21:38,33.26,0.0,43,143075,卖盘
13:21:42,33.27,0.01,2,6654,卖盘
13:21:47,33.28,0.01,17,56565,买盘
13:21:51,33.28,0.0,21,69888,卖盘
13:21:54,33.29,0.01,64,213056,买盘
13:21:57,33.28,-0.01,3,9984,卖盘
13:22:00,33.29,0.01,65,214954,买盘
13:22:03,33.3,0.01,203,675734,买盘
13:22:06,33.29,-0.01,24,81806,卖盘
13:22:09,33.28,-0.01,30,99373,买盘
13:22:12,33.28,0.0,41,134999,买盘
13:22:18,33.29,0.01,20,66575,买盘
13:22:21,33.29,0.0,1,3329,买盘
13:22:24,33.27,-0.02,25,83187,卖盘
13:22:33,33.29,0.02,11,36604,买盘
13:22:36,33.27,-0.02,2,6654,卖盘
13:22:39,33.27,0.0,32,106464,卖盘
13:22:41,33.27,0.0,50,166350,卖盘
13:22:44,33.28,0.01,8,26622,买盘
13:22:48,33.27,-0.01,85,282795,卖盘
13:22:50,33.27,0.0,72,239544,买盘
13:22:54,33.27,0.0,5,16635,买盘
13:22:57,33.26,-0.01,9,29940,卖盘
13:23:00,33.27,0.01,37,123099,买盘
13:23:03,33.27,0.0,3,9981,买盘
13:23:06,33.26,-0.01,11,38488,卖盘
13:23:11,33.26,0.0,44,146409,卖盘
13:23:15,33.26,0.0,3,9978,卖盘
13:23:18,33.27,0.01,28,93156,买盘
13:23:20,33.26,-0.01,5,16630,卖盘
13:23:24,33.26,0.0,24,79825,卖盘
13:23:30,33.28,0.02,26,86520,买盘
13:23:33,33.29,0.01,99,329451,买盘
13:23:35,33.27,-0.02,2,6654,中性盘
13:23:39,33.26,-0.01,29,96474,卖盘
13:23:42,33.28,0.02,11,36602,买盘
13:23:45,33.28,0.0,11,36608,卖盘
13:23:48,33.29,0.01,91,302319,买盘
13:23:51,33.26,-0.03,17,56580,卖盘
13:24:00,33.26,0.0,8,26608,卖盘
13:24:03,33.27,0.01,8,26616,买盘
13:24:06,33.26,-0.01,6,18527,卖盘
13:24:09,33.27,0.01,33,109785,买盘
13:24:12,33.27,0.0,11,36597,卖盘
13:24:15,33.27,0.0,2,6654,卖盘
13:24:18,33.27,0.0,9,29943,卖盘
13:24:21,33.27,0.0,1,3327,卖盘
13:24:24,33.29,0.02,50,166405,买盘
13:24:27,33.28,-0.01,2,6656,卖盘
13:24:30,33.3,0.02,283,944499,买盘
13:24:33,33.3,0.0,124,412920,买盘
13:24:35,33.29,-0.01,12,39948,卖盘
13:24:39,33.29,0.0,26,86556,卖盘
13:24:42,33.3,0.01,5,16650,买盘
13:24:45,33.3,0.0,36,119879,买盘
13:24:47,33.3,0.0,26,86565,买盘
13:24:51,33.29,-0.01,2,6658,卖盘
13:24:53,33.3,0.01,22,73248,买盘
13:24:56,33.3,0.0,114,379614,买盘
13:24:59,33.29,-0.01,12,39952,卖盘
13:25:06,33.29,0.0,4,11886,卖盘
13:25:08,33.3,0.01,65,216422,买盘
13:25:11,33.3,0.0,36,119880,买盘
13:25:15,33.3,0.0,56,186454,买盘
13:25:18,33.3,0.0,111,369589,买盘
13:25:21,33.3,0.0,160,532790,买盘
13:25:24,33.3,0.0,130,432850,买盘
13:25:27,33.3,0.0,29,96570,买盘
13:25:30,33.3,0.0,73,243126,买盘
13:25:33,33.31,0.01,14,46634,买盘
13:25:36,33.29,-0.02,47,156512,卖盘
13:25:39,33.3,0.01,196,652810,卖盘
13:25:41,33.3,0.0,30,99913,买盘
13:25:45,33.3,0.0,20,66610,卖盘
13:25:48,33.32,0.02,82,273163,买盘
13:25:51,33.33,0.01,75,249964,买盘
13:25:54,33.3,-0.03,112,373076,卖盘
13:25:57,33.33,0.03,94,313292,买盘
13:26:00,33.34,0.01,111,369959,买盘
13:26:02,33.34,0.0,16,53323,买盘
13:26:05,33.34,0.0,20,68563,买盘
13:26:09,33.33,-0.01,17,56661,卖盘
13:26:12,33.33,0.0,4,13332,卖盘
13:26:14,33.33,0.0,92,304763,卖盘
13:26:17,33.32,-0.01,15,49985,卖盘
13:26:21,33.32,0.0,18,59990,卖盘
13:26:23,33.32,0.0,19,63308,卖盘
13:26:27,33.32,0.0,13,43322,卖盘
13:26:30,33.32,0.0,1,3332,卖盘
13:26:33,33.32,0.0,7,23325,卖盘
13:26:36,33.33,0.01,23,76642,买盘
13:26:39,33.32,-0.01,108,359858,卖盘
13:26:42,33.31,-0.01,10,33319,卖盘
13:26:44,33.31,0.0,1,3331,卖盘
13:26:47,33.31,0.0,76,253156,卖盘
13:26:51,33.31,0.0,6,19986,买盘
13:26:54,33.31,0.0,5,16655,买盘
13:26:57,33.31,0.0,2,6662,买盘
13:27:00,33.3,-0.01,39,129876,卖盘
13:27:02,33.3,0.0,21,69835,卖盘
13:27:06,33.3,0.0,22,75158,卖盘
13:27:09,33.31,0.01,6,19986,买盘
13:27:12,33.3,-0.01,5,16650,卖盘
13:27:15,33.3,0.0,20,64802,卖盘
13:27:21,33.3,0.0,57,191641,买盘
13:27:24,33.3,0.0,63,207971,卖盘
13:27:27,33.3,0.0,24,81721,买盘
13:27:30,33.3,0.0,54,178022,卖盘
13:27:33,33.3,0.0,25,83250,买盘
13:27:36,33.3,0.0,3,9990,买盘
13:27:39,33.3,0.0,31,103230,买盘
13:27:42,33.3,0.0,70,233067,买盘
13:27:45,33.29,-0.01,47,156463,卖盘
13:27:48,33.29,0.0,17,56598,卖盘
13:27:51,33.3,0.01,31,103230,买盘
13:27:54,33.29,-0.01,33,109862,卖盘
13:27:57,33.3,0.01,10,33299,买盘
13:28:00,33.3,0.0,3,9990,买盘
13:28:06,33.29,-0.01,53,178341,卖盘
13:28:09,33.3,0.01,8,26636,买盘
13:28:12,33.29,-0.01,4,13318,卖盘
13:28:15,33.29,0.0,7,23309,卖盘
13:28:18,33.29,0.0,18,59922,卖盘
13:28:23,33.29,0.0,55,180279,卖盘
13:28:26,33.29,0.0,23,76573,买盘
13:28:30,33.3,0.01,90,300980,买盘
13:28:33,33.3,0.0,8,26640,卖盘
13:28:35,33.31,0.01,65,216456,买盘
13:28:39,33.3,-0.01,24,79920,卖盘
13:28:42,33.3,0.0,125,416253,卖盘
13:28:45,33.31,0.01,13,43296,买盘
13:28:48,33.3,-0.01,28,91948,卖盘
13:28:51,33.29,-0.01,20,66580,卖盘
13:28:59,33.29,0.0,27,89889,卖盘
13:29:05,33.3,0.01,69,231659,买盘
13:29:09,33.3,0.0,4,13320,买盘
13:29:12,33.3,0.0,88,293040,买盘
13:29:15,33.3,0.0,54,177789,卖盘
13:29:17,33.3,0.0,36,119880,卖盘
13:29:21,33.31,0.01,30,99915,买盘
13:29:23,33.31,0.0,110,366390,买盘
13:29:27,33.3,-0.01,10,33305,卖盘
13:29:30,33.3,0.0,7,23311,卖盘
13:29:33,33.3,0.0,75,249764,卖盘
13:29:35,33.3,0.0,5,16650,卖盘
13:29:39,33.3,0.0,1,3330,卖盘
13:29:42,33.3,0.0,38,126556,卖盘
13:29:45,33.31,0.01,42,139883,买盘
13:29:48,33.3,-0.01,120,399611,卖盘
13:29:51,33.31,0.01,9,29977,买盘
13:29:54,33.3,-0.01,23,76607,卖盘
13:29:57,33.31,0.01,80,266467,买盘
13:30:00,33.31,0.0,52,173161,买盘
13:30:03,33.3,-0.01,3,9990,卖盘
13:30:06,33.3,0.0,41,138455,卖盘
13:30:08,33.3,0.0,3,9991,卖盘
13:30:12,33.3,0.0,60,199843,卖盘
13:30:15,33.31,0.01,22,73269,买盘
13:30:18,33.31,0.0,40,133230,买盘
13:30:21,33.31,0.0,2,6662,卖盘
13:30:24,33.31,0.0,51,169895,卖盘
13:30:27,33.32,0.01,19,63307,买盘
13:30:30,33.32,0.0,14,46645,买盘
13:30:33,33.31,-0.01,24,79944,卖盘
13:30:36,33.31,0.0,6,19986,买盘
13:30:39,33.31,0.0,39,129909,买盘
13:30:42,33.32,0.01,43,141800,买盘
13:30:45,33.32,0.0,20,66640,买盘
13:30:48,33.31,-0.01,17,56627,卖盘
13:30:51,33.32,0.01,68,226576,买盘
13:30:54,33.32,0.0,30,99960,买盘
13:30:56,33.32,0.0,10,33320,买盘
13:31:00,33.32,0.0,43,143276,买盘
13:31:03,33.31,-0.01,29,96612,卖盘
13:31:06,33.31,0.0,30,101841,卖盘
13:31:09,33.31,0.0,1,3331,卖盘
13:31:11,33.32,0.01,25,83295,买盘
13:31:15,33.32,0.0,86,286518,买盘
13:31:18,33.32,0.0,32,106624,卖盘
13:31:21,33.32,0.0,23,76642,卖盘
13:31:24,33.32,0.0,239,796562,卖盘
13:31:27,33.32,0.0,88,293295,卖盘
13:31:30,33.33,0.01,91,301870,买盘
13:31:32,33.34,0.01,78,260047,买盘
13:31:36,33.33,-0.01,23,76665,卖盘
13:31:39,33.33,0.0,35,116684,卖盘
13:31:42,33.34,0.01,32,106667,买盘
13:31:45,33.34,0.0,68,226712,买盘
13:31:48,33.33,-0.01,24,79995,卖盘
13:31:50,33.34,0.01,69,230960,买盘
13:31:54,33.34,0.0,1,3334,卖盘
13:31:57,33.34,0.0,3,10002,卖盘
13:32:00,33.35,0.01,31,103368,买盘
13:32:03,33.34,-0.01,30,100025,卖盘
13:32:05,33.34,0.0,66,218654,卖盘
13:32:09,33.34,0.0,57,190079,卖盘
13:32:12,33.35,0.01,12,40020,买盘
13:32:15,33.35,0.0,96,320157,买盘
13:32:18,33.34,-0.01,42,140048,卖盘
13:32:21,33.35,0.01,13,43355,买盘
13:32:24,33.34,-0.01,22,73351,卖盘
13:32:27,33.35,0.01,58,193430,买盘
13:32:30,33.34,-0.01,55,183380,卖盘
13:32:33,33.35,0.01,10,33350,买盘
13:32:35,33.35,0.0,36,120047,买盘
13:32:39,33.35,0.0,112,373514,买盘
13:32:41,33.34,-0.01,34,113385,卖盘
13:32:45,33.34,0.0,31,103384,卖盘
13:32:48,33.35,0.01,64,213435,买盘
13:32:51,33.35,0.0,32,106707,买盘
13:32:54,33.35,0.0,17,56690,买盘
13:32:56,33.35,0.0,25,83369,买盘
13:32:59,33.35,0.0,7,23345,买盘
13:33:03,33.34,-0.01,14,46687,卖盘
13:33:05,33.34,0.0,9,31915,卖盘
13:33:09,33.35,0.01,49,163414,买盘
13:33:12,33.35,0.0,121,403534,买盘
13:33:15,33.35,0.0,14,46686,买盘
13:33:17,33.35,0.0,129,430198,买盘
13:33:21,33.36,0.01,100,333521,买盘
13:33:24,33.35,-0.01,45,150075,买盘
13:33:27,33.35,0.0,10,33357,卖盘
13:33:30,33.36,0.01,127,423672,买盘
13:33:33,33.35,-0.01,35,116725,卖盘
13:33:36,33.35,0.0,50,166770,卖盘
13:33:38,33.36,0.01,64,213504,买盘
13:33:42,33.36,0.0,69,230141,买盘
13:33:45,33.35,-0.01,23,76706,卖盘
13:33:48,33.35,0.0,104,346923,卖盘
13:33:51,33.36,0.01,79,263537,买盘
13:33:54,33.36,0.0,112,374212,买盘
13:33:57,33.37,0.01,50,166850,买盘
13:33:59,33.36,-0.01,16,53382,卖盘
13:34:03,33.37,0.01,67,223579,买盘
13:34:06,33.37,0.0,34,112038,卖盘
13:34:09,33.38,0.01,37,123488,买盘
13:34:12,33.38,0.0,9,30035,买盘
13:34:15,33.38,0.0,167,557444,买盘
13:34:18,33.37,-0.01,233,777735,卖盘
13:34:21,33.39,0.02,213,711006,买盘
13:34:24,33.39,0.0,69,230353,买盘
13:34:26,33.38,-0.01,149,497400,卖盘
13:34:30,33.39,0.01,55,183602,买盘
13:34:33,33.38,-0.01,16,53410,卖盘
13:34:36,33.39,0.01,55,183634,买盘
13:34:39,33.39,0.0,158,527561,买盘
13:34:42,33.39,0.0,138,460724,买盘
13:34:45,33.39,0.0,236,787947,买盘
13:34:48,33.38,-0.01,122,407342,卖盘
13:34:51,33.38,0.0,89,297170,卖盘
13:34:54,33.39,0.01,114,381141,买盘
13:34:56,33.39,0.0,5,16695,卖盘
13:34:59,33.39,0.0,28,93492,卖盘
13:35:03,33.39,0.0,83,277195,卖盘
13:35:06,33.39,0.0,145,482856,卖盘
13:35:09,33.4,0.01,119,397415,买盘
13:35:12,33.4,0.0,185,617829,买盘
13:35:15,33.39,-0.01,67,223765,卖盘
13:35:18,33.39,0.0,179,597818,卖盘
13:35:21,33.4,0.01,270,901794,买盘
13:35:24,33.39,-0.01,93,310601,卖盘
13:35:27,33.4,0.01,423,1412720,买盘
13:35:30,33.39,-0.01,256,855025,卖盘
13:35:33,33.4,0.01,67,223780,买盘
13:35:35,33.41,0.01,47,157005,买盘
13:35:39,33.4,-0.01,251,838487,卖盘
13:35:42,33.41,0.01,35,116913,中性盘
13:35:45,33.41,0.0,43,143653,买盘
13:35:48,33.41,0.0,41,136977,买盘
13:35:50,33.41,0.0,15,50115,买盘
13:35:54,33.41,0.0,29,96889,买盘
13:35:56,33.41,0.0,8,26728,卖盘
13:36:00,33.41,0.0,18,60151,卖盘
13:36:02,33.41,0.0,1,3341,卖盘
13:36:05,33.41,0.0,70,235788,卖盘
13:36:08,33.42,0.01,203,678359,买盘
13:36:12,33.41,-0.01,163,544726,卖盘
13:36:14,33.42,0.01,54,180453,买盘
13:36:18,33.41,-0.01,119,397647,卖盘
13:36:21,33.41,0.0,37,123642,卖盘
13:36:24,33.41,0.0,61,203850,卖盘
13:36:27,33.41,0.0,26,86883,卖盘
13:36:30,33.42,0.01,3,10026,买盘
13:36:33,33.42,0.0,28,93576,买盘
13:36:36,33.41,-0.01,404,1347859,卖盘
13:36:39,33.42,0.01,128,427660,买盘
13:36:41,33.42,0.0,115,384245,买盘
13:36:44,33.42,0.0,66,220529,买盘
13:36:48,33.41,-0.01,241,805236,卖盘
13:36:51,33.43,0.02,40,133701,买盘
13:36:54,33.43,0.0,560,1870590,买盘
13:36:57,33.42,-0.01,95,317421,买盘
13:36:59,33.43,0.01,19,63509,买盘
13:37:03,33.42,-0.01,88,294103,卖盘
13:37:06,33.42,0.0,17,58725,卖盘
13:37:09,33.43,0.01,109,364378,买盘
13:37:12,33.43,0.0,171,571565,买盘
13:37:14,33.43,0.0,174,581650,买盘
13:37:18,33.43,0.0,71,237352,买盘
13:37:20,33.42,-0.01,64,212045,卖盘
13:37:24,33.42,0.0,104,347682,卖盘
13:37:26,33.41,-0.01,40,133658,卖盘
13:37:30,33.41,0.0,34,113677,卖盘
13:37:33,33.43,0.02,22,73519,买盘
13:37:36,33.43,0.0,58,193884,卖盘
13:37:39,33.43,0.0,6,20058,买盘
13:37:42,33.43,0.0,1,3343,买盘
13:37:45,33.42,-0.01,45,150424,卖盘
13:37:48,33.43,0.01,17,56827,买盘
13:37:51,33.43,0.0,29,96922,买盘
13:37:54,33.43,0.0,27,90258,买盘
13:37:56,33.43,0.0,199,665090,买盘
13:38:00,33.42,-0.01,113,377747,买盘
13:38:03,33.43,0.01,7,23396,买盘
13:38:06,33.42,-0.01,5,16706,买盘
13:38:09,33.42,0.0,129,432947,买盘
13:38:12,33.41,-0.01,26,84981,卖盘
13:38:15,33.42,0.01,9,30076,买盘
13:38:18,33.44,0.02,378,1265332,买盘
13:38:21,33.43,-0.01,62,205367,卖盘
13:38:23,33.41,-0.02,62,207179,卖盘
13:38:27,33.41,0.0,19,63484,卖盘
13:38:30,33.42,0.01,84,282697,买盘
13:38:33,33.42,0.0,51,170444,卖盘
13:38:36,33.42,0.0,48,160406,卖盘
13:38:39,33.41,-0.01,17,56811,卖盘
13:38:42,33.4,-0.01,430,1434319,卖盘
13:38:45,33.41,0.01,473,1579610,买盘
13:38:49,33.39,-0.02,20,67748,卖盘
13:38:51,33.41,0.02,131,436328,买盘
13:38:54,33.41,0.0,31,103545,买盘
