time,price,change,volume,amount,type
09:25:04,34.0,0.59,3793,12898886,卖盘
09:30:03,34.0,0.0,6017,20447319,卖盘
09:30:06,34.0,0.0,3802,12925545,买盘
09:30:08,34.05,0.05,2504,8520133,买盘
09:30:11,34.05,0.0,238,810068,买盘
09:30:15,34.05,0.0,415,1412611,买盘
09:30:17,34.05,0.0,363,1235464,买盘
09:30:20,34.05,0.0,377,1283070,买盘
09:30:24,34.09,0.04,346,1177616,买盘
09:30:26,34.02,-0.07,719,2447449,卖盘
09:30:30,34.05,0.03,349,1189612,中性盘
09:30:32,34.09,0.04,537,1829989,买盘
09:30:35,34.09,0.0,309,1054436,买盘
09:30:38,34.1,0.01,386,1315992,买盘
09:30:41,34.09,-0.01,186,634004,中性盘
09:30:45,34.03,-0.06,528,1796731,卖盘
09:30:48,34.09,0.06,213,725646,买盘
09:30:50,34.02,-0.07,328,1117292,卖盘
09:30:53,34.03,0.01,211,718291,买盘
09:30:56,34.04,0.01,278,946474,中性盘
09:31:00,34.03,-0.01,292,993633,卖盘
09:31:02,34.02,-0.01,264,898688,中性盘
09:31:06,34.03,0.01,132,449147,买盘
09:31:08,34.02,-0.01,343,1166757,卖盘
09:31:11,34.02,0.0,305,1037499,中性盘
09:31:15,34.02,0.0,356,1211110,卖盘
09:31:17,34.01,-0.01,540,1836088,买盘
09:31:20,34.01,0.0,489,1662883,买盘
09:31:24,34.0,-0.01,665,2261042,卖盘
09:31:26,33.98,-0.02,654,2224672,卖盘
09:31:30,33.95,-0.03,141,478930,卖盘
09:31:32,33.91,-0.04,123,417275,卖盘
09:31:36,33.91,0.0,150,508791,买盘
09:31:38,33.9,-0.01,56,189915,卖盘
09:31:41,33.89,-0.01,423,1433979,卖盘
09:31:45,33.9,0.01,153,518635,中性盘
09:31:48,33.9,0.0,170,576144,买盘
09:31:50,33.87,-0.03,601,2035633,卖盘
09:31:53,33.85,-0.02,60,203144,卖盘
09:31:56,33.8,-0.05,1111,3757459,卖盘
09:32:00,33.85,0.05,161,544537,买盘
09:32:02,33.83,-0.02,366,1238269,中性盘
09:32:05,33.79,-0.04,30,101465,买盘
09:32:08,33.81,0.02,285,963287,买盘
09:32:12,33.79,-0.02,473,1598462,卖盘
09:32:15,33.79,0.0,80,270314,卖盘
09:32:17,33.82,0.03,519,1753858,买盘
09:32:20,33.85,0.03,598,2022367,买盘
09:32:24,33.82,-0.03,678,2291622,卖盘
09:32:26,33.85,0.03,384,1298629,买盘
09:32:30,33.85,0.0,424,1435307,买盘
09:32:32,33.83,-0.02,702,2374883,卖盘
09:32:36,33.85,0.02,269,910337,买盘
09:32:38,33.85,0.0,133,450285,卖盘
09:32:41,33.86,0.01,249,843252,卖盘
09:32:45,33.88,0.02,581,1967615,买盘
09:32:48,33.88,0.0,98,331957,买盘
09:32:50,33.86,-0.02,324,1096895,卖盘
09:32:53,33.89,0.03,354,1199265,买盘
09:32:56,33.88,-0.01,265,898244,卖盘
09:33:00,33.89,0.01,83,281285,中性盘
09:33:02,33.89,0.0,741,2509512,卖盘
09:33:06,33.9,0.01,57,193114,买盘
09:33:08,33.88,-0.02,131,443969,卖盘
09:33:12,33.88,0.0,107,362504,买盘
09:33:15,33.87,-0.01,455,1540366,卖盘
09:33:17,33.85,-0.02,467,1580230,中性盘
09:33:20,33.85,0.0,96,324967,买盘
09:33:24,33.87,0.02,89,301328,买盘
09:33:26,33.84,-0.03,255,863080,中性盘
09:33:30,33.82,-0.02,107,361858,中性盘
09:33:32,33.8,-0.02,364,1230778,卖盘
09:33:36,33.8,0.0,228,771418,卖盘
09:33:38,33.85,0.05,274,927128,买盘
09:33:41,33.88,0.03,519,1757324,买盘
09:33:45,33.86,-0.02,187,633361,中性盘
09:33:48,33.86,0.0,949,3211676,卖盘
09:33:50,33.85,-0.01,187,633106,买盘
09:33:53,33.84,-0.01,253,857197,卖盘
09:33:56,33.84,0.0,141,477551,卖盘
09:33:59,33.86,0.02,201,680896,中性盘
09:34:02,33.9,0.04,191,647199,买盘
09:34:06,33.9,0.0,757,2566223,卖盘
09:34:08,33.99,0.09,237,807149,买盘
09:34:11,33.93,-0.06,13,44178,卖盘
09:34:15,33.93,0.0,216,730801,卖盘
09:34:17,33.94,0.01,135,458129,买盘
09:34:20,33.99,0.05,368,1249546,买盘
09:34:24,33.92,-0.07,79,267883,中性盘
09:34:26,33.9,-0.02,105,356042,卖盘
09:34:30,33.88,-0.02,301,1020505,卖盘
09:34:32,33.89,0.01,389,1317407,买盘
09:34:36,33.85,-0.04,169,572426,卖盘
09:34:38,33.88,0.03,144,487726,买盘
09:34:41,33.92,0.04,324,1097947,买盘
09:34:45,33.88,-0.04,193,653902,卖盘
09:34:48,33.89,0.01,54,182965,买盘
09:34:50,33.88,-0.01,1218,4137641,卖盘
09:34:53,33.94,0.06,54,183126,买盘
09:34:56,33.91,-0.03,165,559675,中性盘
09:35:00,33.9,-0.01,37,125451,卖盘
09:35:02,33.9,0.0,150,508604,卖盘
09:35:05,33.91,0.01,75,254339,中性盘
09:35:08,33.91,0.0,119,403555,卖盘
09:35:12,33.89,-0.02,219,742459,卖盘
09:35:15,33.9,0.01,162,549055,买盘
09:35:17,33.89,-0.01,300,1016634,卖盘
09:35:20,33.88,-0.01,603,2043225,卖盘
09:35:24,33.87,-0.01,264,894115,卖盘
09:35:26,33.81,-0.06,225,761568,卖盘
09:35:30,33.8,-0.01,226,764235,卖盘
09:35:32,33.8,0.0,73,246810,卖盘
09:35:36,33.79,-0.01,104,351538,卖盘
09:35:38,33.79,0.0,241,814355,卖盘
09:35:41,33.75,-0.04,453,1529457,卖盘
09:35:45,33.75,0.0,270,911586,卖盘
09:35:48,33.76,0.01,360,1214910,中性盘
09:35:50,33.72,-0.04,36,122935,卖盘
09:35:53,33.75,0.03,233,785830,买盘
09:35:56,33.7,-0.05,407,1372739,卖盘
09:36:00,33.74,0.04,498,1680037,买盘
09:36:02,33.74,0.0,313,1056084,卖盘
09:36:05,33.7,-0.04,687,2315900,卖盘
09:36:08,33.68,-0.02,331,1115397,卖盘
09:36:12,33.7,0.02,155,522018,买盘
09:36:14,33.7,0.0,309,1041283,买盘
09:36:17,33.73,0.03,56,188817,买盘
09:36:20,33.73,0.0,438,1476717,买盘
09:36:24,33.76,0.03,786,2650100,买盘
09:36:26,33.78,0.02,280,945687,买盘
09:36:29,33.8,0.02,304,1027155,买盘
09:36:32,33.81,0.01,135,456446,买盘
09:36:36,33.84,0.03,142,480407,买盘
09:36:38,33.82,-0.02,173,584898,卖盘
09:36:41,33.82,0.0,126,426276,卖盘
09:36:44,33.82,0.0,58,196262,卖盘
09:36:48,33.85,0.03,289,977118,买盘
09:36:50,33.81,-0.04,114,385510,中性盘
09:36:53,33.8,-0.01,52,175800,卖盘
09:36:56,33.8,0.0,313,1058368,卖盘
09:37:00,33.82,0.02,657,2221858,买盘
09:37:02,33.82,0.0,179,605381,卖盘
09:37:05,33.83,0.01,399,1349611,买盘
09:37:08,33.8,-0.03,1781,6022193,卖盘
09:37:11,33.8,0.0,210,710289,卖盘
09:37:15,33.8,0.0,59,199420,买盘
09:37:17,33.79,-0.01,59,199402,卖盘
09:37:20,33.81,0.02,250,845095,买盘
09:37:22,33.8,-0.01,110,371851,卖盘
09:37:26,33.8,0.0,15,50706,卖盘
09:37:29,33.8,0.0,58,196126,卖盘
09:37:32,33.82,0.02,231,783181,买盘
09:37:35,33.81,-0.01,153,517347,卖盘
09:37:38,33.82,0.01,472,1595819,买盘
09:37:41,33.82,0.0,116,392328,卖盘
09:37:45,33.83,0.01,10,33830,买盘
09:37:47,33.82,-0.01,89,301000,卖盘
09:37:50,33.82,0.0,57,192804,卖盘
09:37:53,33.8,-0.02,118,398864,卖盘
09:37:56,33.82,0.02,106,358384,买盘
09:38:00,33.81,-0.01,177,598536,中性盘
09:38:02,33.8,-0.01,446,1507485,卖盘
09:38:05,33.79,-0.01,217,733468,卖盘
09:38:08,33.81,0.02,122,412323,买盘
09:38:12,33.77,-0.04,93,312248,卖盘
09:38:14,33.8,0.03,387,1307837,买盘
09:38:17,33.78,-0.02,24,81105,中性盘
09:38:20,33.77,-0.01,309,1044395,中性盘
09:38:23,33.76,-0.01,143,483195,卖盘
09:38:26,33.74,-0.02,239,806746,卖盘
09:38:29,33.75,0.01,113,381245,买盘
09:38:32,33.75,0.0,106,357713,买盘
09:38:35,33.74,-0.01,424,1429700,中性盘
09:38:38,33.73,-0.01,18,60711,中性盘
09:38:41,33.72,-0.01,148,499292,卖盘
09:38:45,33.72,0.0,113,381067,卖盘
09:38:48,33.73,0.01,63,212526,中性盘
09:38:50,33.73,0.0,106,357547,卖盘
09:38:53,33.75,0.02,125,421672,买盘
09:38:56,33.73,-0.02,1711,5769041,卖盘
09:39:00,33.72,-0.01,1082,3647292,卖盘
09:39:02,33.74,0.02,345,1164224,买盘
09:39:06,33.74,0.0,165,556725,卖盘
09:39:08,33.73,-0.01,89,300269,卖盘
09:39:12,33.73,0.0,56,188917,卖盘
09:39:15,33.75,0.02,124,418390,买盘
09:39:17,33.74,-0.01,111,374534,卖盘
09:39:20,33.75,0.01,88,296898,买盘
09:39:23,33.74,-0.01,378,1275704,中性盘
09:39:26,33.74,0.0,102,346621,买盘
09:39:30,33.74,0.0,174,587098,卖盘
09:39:32,33.75,0.01,370,1248516,买盘
09:39:36,33.74,-0.01,125,421852,卖盘
09:39:38,33.75,0.01,79,266566,中性盘
09:39:41,33.75,0.0,18,60760,卖盘
09:39:45,33.75,0.0,87,293625,卖盘
09:39:48,33.76,0.01,121,408402,买盘
09:39:50,33.74,-0.02,92,310461,卖盘
09:39:53,33.75,0.01,23,77618,买盘
09:39:56,33.77,0.02,405,1367550,买盘
09:40:00,33.73,-0.04,43,145112,卖盘
09:40:02,33.74,0.01,63,212549,买盘
09:40:05,33.74,0.0,53,178820,买盘
09:40:07,33.74,0.0,80,269909,买盘
09:40:11,33.73,-0.01,124,415840,卖盘
09:40:14,33.73,0.0,69,232735,买盘
09:40:17,33.71,-0.02,548,1847839,卖盘
09:40:20,33.72,0.01,111,374329,卖盘
09:40:24,33.74,0.02,130,438579,买盘
09:40:26,33.73,-0.01,139,468906,卖盘
09:40:30,33.71,-0.02,102,343860,卖盘
09:40:32,33.71,0.0,144,485604,卖盘
09:40:35,33.72,0.01,208,701611,中性盘
09:40:38,33.75,0.03,233,786108,买盘
09:40:41,33.74,-0.01,118,400674,卖盘
09:40:44,33.75,0.01,157,529757,中性盘
09:40:46,33.76,0.01,45,151949,中性盘
09:40:50,33.77,0.01,104,351120,买盘
09:40:53,33.77,0.0,204,688828,卖盘
09:40:56,33.77,0.0,73,246524,卖盘
09:40:59,33.77,0.0,44,148582,卖盘
09:41:02,33.77,0.0,44,148565,卖盘
09:41:05,33.77,0.0,48,162068,买盘
09:41:08,33.75,-0.02,94,317341,卖盘
09:41:11,33.78,0.03,134,452533,买盘
09:41:14,33.79,0.01,116,391851,买盘
09:41:17,33.79,0.0,80,270285,买盘
09:41:20,33.78,-0.01,156,527261,卖盘
09:41:23,33.8,0.02,156,527245,买盘
09:41:26,33.79,-0.01,121,408970,卖盘
09:41:29,33.81,0.02,278,938426,买盘
09:41:32,33.82,0.01,344,1163195,买盘
09:41:35,33.84,0.02,626,2117793,买盘
09:41:38,33.85,0.01,259,876538,买盘
09:41:41,33.88,0.03,558,1887879,买盘
09:41:45,33.88,0.0,539,1824295,买盘
09:41:47,33.9,0.02,647,2191067,买盘
09:41:50,33.89,-0.01,106,359257,卖盘
09:41:53,33.9,0.01,116,393235,买盘
09:41:56,33.91,0.01,822,2787444,买盘
09:41:59,33.95,0.04,710,2409081,买盘
09:42:02,33.94,-0.01,153,519344,中性盘
09:42:05,33.93,-0.01,41,139121,卖盘
09:42:08,33.94,0.01,127,431101,中性盘
09:42:11,33.96,0.02,102,346376,买盘
09:42:14,33.97,0.01,112,380372,买盘
09:42:17,33.95,-0.02,481,1633156,卖盘
09:42:19,33.93,-0.02,526,1786630,卖盘
09:42:24,33.95,0.02,254,862657,中性盘
09:42:26,33.94,-0.01,44,149408,卖盘
09:42:30,33.93,-0.01,126,427690,卖盘
09:42:31,33.96,0.03,123,417411,买盘
09:42:36,33.92,-0.04,51,173019,卖盘
09:42:38,33.9,-0.02,123,417002,卖盘
09:42:41,33.94,0.04,501,1699596,买盘
09:42:43,33.93,-0.01,207,702409,卖盘
09:42:47,33.95,0.02,67,227308,中性盘
09:42:50,33.94,-0.01,41,139097,中性盘
09:42:53,33.94,0.0,132,448016,卖盘
09:42:56,33.95,0.01,317,1076141,买盘
09:42:59,33.95,0.0,31,105233,卖盘
09:43:02,33.92,-0.03,26,88239,卖盘
09:43:05,33.96,0.04,262,889376,买盘
09:43:08,33.92,-0.04,176,597017,卖盘
09:43:11,33.92,0.0,87,295100,卖盘
09:43:13,33.92,0.0,121,410254,买盘
09:43:17,33.92,0.0,208,705415,买盘
09:43:20,33.95,0.03,165,559805,买盘
09:43:22,33.93,-0.02,149,505433,卖盘
09:43:26,33.92,-0.01,146,495274,卖盘
09:43:30,33.92,0.0,233,790772,卖盘
09:43:32,33.93,0.01,576,1953665,中性盘
09:43:35,33.93,0.0,485,1646493,卖盘
09:43:38,33.88,-0.05,65,220506,卖盘
09:43:41,33.92,0.04,23,78015,买盘
09:43:44,33.93,0.01,144,488527,买盘
09:43:48,33.88,-0.05,6,20353,卖盘
09:43:50,33.9,0.02,112,379470,买盘
09:43:53,33.89,-0.01,30,101673,卖盘
09:43:56,33.88,-0.01,53,179566,卖盘
09:43:59,33.88,0.0,64,216819,卖盘
09:44:02,33.87,-0.01,27,91471,卖盘
09:44:05,33.86,-0.01,91,308217,卖盘
09:44:08,33.87,0.01,80,270925,买盘
09:44:12,33.86,-0.01,69,233668,卖盘
09:44:14,33.85,-0.01,308,1043091,卖盘
09:44:16,33.87,0.02,148,501272,买盘
09:44:20,33.9,0.03,614,2080383,买盘
09:44:24,33.89,-0.01,59,199951,中性盘
09:44:26,33.88,-0.01,60,203327,卖盘
09:44:29,33.88,0.0,32,108476,卖盘
09:44:32,33.88,0.0,13,44051,卖盘
09:44:35,33.89,0.01,84,284719,中性盘
09:44:38,33.9,0.01,52,176239,买盘
09:44:41,33.9,0.0,493,1670916,买盘
09:44:45,33.9,0.0,96,325376,买盘
09:44:47,33.92,0.02,107,362653,买盘
09:44:50,33.9,-0.02,114,386378,卖盘
09:44:53,33.9,0.0,32,108486,卖盘
09:44:56,33.9,0.0,117,396630,卖盘
09:44:59,33.9,0.0,111,376353,卖盘
09:45:02,33.9,0.0,23,77978,买盘
09:45:05,33.9,0.0,467,1583590,卖盘
09:45:08,33.9,0.0,70,237290,买盘
09:45:11,33.9,0.0,6,20340,买盘
09:45:14,33.9,0.0,387,1311930,买盘
09:45:17,33.9,0.0,82,277992,卖盘
09:45:19,33.92,0.02,17,57654,买盘
09:45:23,33.92,0.0,124,420506,买盘
09:45:26,33.9,-0.02,18,61024,卖盘
09:45:29,33.93,0.03,127,430770,买盘
09:45:32,33.92,-0.01,173,586821,卖盘
09:45:35,33.92,0.0,21,71232,卖盘
09:45:38,33.92,0.0,166,563226,卖盘
09:45:41,33.93,0.01,40,135700,买盘
09:45:44,33.93,0.0,68,230716,买盘
09:45:47,33.93,0.0,23,78039,卖盘
09:45:50,33.93,0.0,210,712697,卖盘
09:45:53,33.93,0.0,41,139130,卖盘
09:45:56,33.93,0.0,189,641297,卖盘
09:45:59,33.94,0.01,181,614283,买盘
09:46:02,33.95,0.01,87,295288,买盘
09:46:05,33.94,-0.01,19,64486,卖盘
09:46:08,33.96,0.02,459,1558443,买盘
09:46:11,33.96,0.0,98,332805,买盘
09:46:15,33.95,-0.01,107,363406,卖盘
09:46:17,33.96,0.01,32,108663,中性盘
09:46:20,33.97,0.01,75,254728,买盘
09:46:23,33.97,0.0,337,1144795,买盘
09:46:26,33.97,0.0,170,577417,卖盘
09:46:30,33.97,0.0,2886,9810359,卖盘
09:46:32,33.99,0.02,152,516777,中性盘
09:46:35,34.0,0.01,2717,9237789,买盘
09:46:38,34.01,0.01,122,417073,买盘
09:46:42,34.02,0.01,99,336769,买盘
09:46:44,34.01,-0.01,175,595249,卖盘
09:46:47,34.03,0.02,65,221248,买盘
09:46:50,34.01,-0.02,362,1231600,卖盘
09:46:53,34.04,0.03,29,98728,买盘
09:46:56,34.04,0.0,14,47659,卖盘
09:46:59,34.04,0.0,84,285994,卖盘
09:47:02,34.05,0.01,393,1338034,买盘
09:47:05,34.03,-0.02,374,1273350,卖盘
09:47:08,34.05,0.02,201,684286,买盘
09:47:12,34.03,-0.02,141,479937,卖盘
09:47:14,34.03,0.0,113,384581,买盘
09:47:17,34.05,0.02,127,432396,买盘
09:47:20,34.05,0.0,151,514127,卖盘
09:47:23,34.02,-0.03,60,204183,卖盘
09:47:26,34.05,0.03,48,163425,买盘
09:47:30,34.05,0.0,407,1384457,买盘
09:47:31,34.05,0.0,321,1092362,买盘
09:47:35,34.03,-0.02,165,561560,卖盘
09:47:38,34.05,0.02,247,840530,买盘
09:47:41,34.03,-0.02,247,840961,中性盘
09:47:44,34.04,0.01,309,1052130,中性盘
09:47:47,34.02,-0.02,69,234802,卖盘
09:47:50,34.03,0.01,23,78259,买盘
09:47:53,34.03,0.0,82,279054,买盘
09:47:55,34.03,0.0,93,316430,买盘
09:47:58,34.02,-0.01,111,377681,买盘
09:48:02,34.02,0.0,192,653316,买盘
09:48:05,34.0,-0.02,95,323044,卖盘
09:48:08,34.0,0.0,100,340033,卖盘
09:48:10,34.0,0.0,95,323016,卖盘
09:48:14,33.98,-0.02,384,1305240,卖盘
09:48:17,33.99,0.01,185,628665,中性盘
09:48:19,33.99,0.0,131,445323,中性盘
09:48:23,33.98,-0.01,120,408072,卖盘
09:48:26,34.02,0.04,584,1986976,买盘
09:48:29,33.98,-0.04,155,526988,卖盘
09:48:32,33.98,0.0,2,6796,卖盘
09:48:35,33.99,0.01,105,356883,买盘
09:48:37,34.0,0.01,61,207335,买盘
09:48:42,33.99,-0.01,77,261689,卖盘
09:48:44,33.99,0.0,27,91773,买盘
09:48:47,33.99,0.0,21,71378,卖盘
09:48:50,33.99,0.0,119,404443,买盘
09:48:53,33.98,-0.01,94,319469,卖盘
09:48:56,34.0,0.02,59,200562,买盘
09:48:59,33.99,-0.01,40,135943,中性盘
09:49:02,33.99,0.0,58,197147,卖盘
09:49:05,33.99,0.0,60,203941,卖盘
09:49:08,33.99,0.0,17,57785,卖盘
09:49:11,33.99,0.0,15,50987,卖盘
09:49:13,33.99,0.0,115,390985,卖盘
09:49:17,33.99,0.0,15,50979,买盘
09:49:19,33.99,0.0,233,791954,买盘
09:49:24,33.99,0.0,24,81569,买盘
09:49:26,34.0,0.01,400,1360514,买盘
09:49:29,34.0,0.0,98,333200,卖盘
09:49:32,34.0,0.0,253,860046,卖盘
09:49:35,34.02,0.02,119,404798,买盘
09:49:38,34.02,0.0,71,241574,卖盘
09:49:40,34.02,0.0,3,10206,卖盘
09:49:44,34.04,0.02,372,1265843,买盘
09:49:47,34.04,0.0,224,762566,卖盘
09:49:50,34.05,0.01,294,1001065,买盘
09:49:53,34.0,-0.05,927,3153668,卖盘
09:49:56,34.06,0.06,471,1603695,买盘
09:49:59,34.05,-0.01,403,1372427,卖盘
09:50:02,34.06,0.01,142,483679,买盘
09:50:05,34.07,0.01,159,541687,买盘
09:50:08,34.09,0.02,1210,4124528,买盘
09:50:10,34.11,0.02,1552,5292248,买盘
09:50:14,34.13,0.02,149,508481,买盘
09:50:17,34.15,0.02,284,969729,买盘
09:50:20,34.15,0.0,305,1041649,买盘
09:50:22,34.16,0.01,216,737963,买盘
09:50:26,34.17,0.01,166,567359,买盘
09:50:29,34.19,0.02,340,1162240,买盘
09:50:31,34.19,0.0,76,259906,卖盘
09:50:35,34.2,0.01,177,605292,买盘
09:50:38,34.2,0.0,905,3095403,买盘
09:50:41,34.22,0.02,28,95823,买盘
09:50:44,34.21,-0.01,195,667300,卖盘
09:50:47,34.23,0.02,144,493127,中性盘
09:50:49,34.21,-0.02,185,633235,卖盘
09:50:53,34.24,0.03,1475,5046054,中性盘
09:50:56,34.27,0.03,361,1236422,买盘
09:50:59,34.26,-0.01,235,804981,中性盘
09:51:02,34.25,-0.01,310,1061781,卖盘
09:51:04,34.28,0.03,557,1908739,买盘
09:51:08,34.28,0.0,185,634126,买盘
09:51:10,34.27,-0.01,727,2492823,卖盘
09:51:14,34.3,0.03,464,1590718,买盘
09:51:17,34.3,0.0,315,1080366,买盘
09:51:20,34.3,0.0,299,1025347,买盘
09:51:23,34.29,-0.01,258,884531,中性盘
09:51:26,34.25,-0.04,292,1000790,卖盘
09:51:29,34.26,0.01,277,949425,中性盘
09:51:32,34.28,0.02,604,2068631,买盘
09:51:35,34.24,-0.04,592,2026657,卖盘
09:51:38,34.23,-0.01,985,3369236,中性盘
09:51:41,34.2,-0.03,805,2751484,卖盘
09:51:44,34.12,-0.08,291,993467,卖盘
09:51:48,34.19,0.07,216,737135,中性盘
09:51:50,34.15,-0.04,6,20480,中性盘
09:51:53,34.1,-0.05,221,753633,卖盘
09:51:56,34.09,-0.01,102,347820,卖盘
09:51:59,34.2,0.11,125,427029,买盘
09:52:01,34.18,-0.02,61,208407,卖盘
09:52:04,34.19,0.01,347,1185963,买盘
09:52:08,34.18,-0.01,93,317833,卖盘
09:52:11,34.16,-0.02,125,427176,卖盘
09:52:14,34.14,-0.02,116,396515,卖盘
09:52:17,34.16,0.02,32,109238,买盘
09:52:20,34.15,-0.01,133,454269,中性盘
09:52:23,34.16,0.01,380,1299550,卖盘
09:52:26,34.16,0.0,246,841286,卖盘
09:52:29,34.16,0.0,263,898834,卖盘
09:52:32,34.16,0.0,133,454540,卖盘
09:52:35,34.12,-0.04,128,437007,卖盘
09:52:38,34.12,0.0,254,867270,卖盘
09:52:41,34.16,0.04,62,211703,买盘
09:52:43,34.12,-0.04,146,498616,卖盘
09:52:47,34.12,0.0,134,457410,卖盘
09:52:50,34.14,0.02,19,64841,卖盘
09:52:53,34.16,0.02,29,99064,买盘
09:52:56,34.16,0.0,142,484958,卖盘
09:52:59,34.16,0.0,176,601031,买盘
09:53:02,34.12,-0.04,112,382242,卖盘
09:53:05,34.13,0.01,143,488065,中性盘
09:53:08,34.11,-0.02,119,406129,卖盘
09:53:11,34.16,0.05,52,177605,买盘
09:53:13,34.16,0.0,50,170814,卖盘
09:53:18,34.17,0.01,87,297133,买盘
09:53:20,34.17,0.0,24,82011,卖盘
09:53:23,34.17,0.0,48,164044,卖盘
09:53:26,34.18,0.01,54,184571,买盘
09:53:28,34.18,0.0,76,259843,卖盘
09:53:32,34.17,-0.01,46,157241,卖盘
09:53:35,34.17,0.0,106,362263,卖盘
09:53:37,34.14,-0.03,500,1708520,卖盘
09:53:41,34.12,-0.02,121,412928,卖盘
09:53:44,34.21,0.09,314,1073512,买盘
09:53:48,34.18,-0.03,178,608680,卖盘
09:53:50,34.18,0.0,45,153810,卖盘
09:53:53,34.2,0.02,23,78620,买盘
09:53:56,34.18,-0.02,51,174348,卖盘
09:53:59,34.19,0.01,116,396704,中性盘
09:54:02,34.14,-0.05,160,546662,卖盘
09:54:05,34.18,0.04,121,413488,买盘
09:54:07,34.14,-0.04,99,338246,卖盘
09:54:10,34.12,-0.02,182,621202,卖盘
09:54:14,34.17,0.05,328,1121075,中性盘
09:54:16,34.17,0.0,129,440903,卖盘
09:54:20,34.18,0.01,107,365786,卖盘
09:54:22,34.17,-0.01,199,680149,卖盘
09:54:26,34.18,0.01,595,2033569,买盘
09:54:29,34.17,-0.01,46,157145,卖盘
09:54:31,34.13,-0.04,126,430298,卖盘
09:54:35,34.17,0.04,189,645009,买盘
09:54:37,34.17,0.0,92,314360,买盘
09:54:41,34.17,0.0,431,1470768,买盘
09:54:44,34.1,-0.07,651,2223699,卖盘
09:54:47,34.17,0.07,245,836028,中性盘
09:54:50,34.18,0.01,117,399528,买盘
09:54:52,34.13,-0.05,70,239234,卖盘
09:54:56,34.17,0.04,141,481710,买盘
09:54:59,34.13,-0.04,6,20478,卖盘
09:55:02,34.13,0.0,29,99053,卖盘
09:55:04,34.13,0.0,94,320885,卖盘
09:55:08,34.13,0.0,63,214995,买盘
09:55:11,34.12,-0.01,53,180856,卖盘
09:55:14,34.12,0.0,68,232056,卖盘
09:55:16,34.13,0.01,202,689412,买盘
09:55:20,34.13,0.0,26,88744,卖盘
09:55:23,34.13,0.0,95,324270,卖盘
09:55:26,34.15,0.02,48,163836,中性盘
09:55:28,34.13,-0.02,200,682516,卖盘
09:55:31,34.13,0.0,111,378795,买盘
09:55:35,34.12,-0.01,139,474238,中性盘
09:55:38,34.11,-0.01,276,941476,卖盘
09:55:41,34.1,-0.01,102,347910,卖盘
09:55:44,34.1,0.0,101,344420,卖盘
09:55:47,34.1,0.0,242,825339,卖盘
09:55:50,34.1,0.0,38,129613,卖盘
09:55:53,34.08,-0.02,283,964938,卖盘
09:55:56,34.11,0.03,210,715929,买盘
09:55:59,34.06,-0.05,83,282844,卖盘
09:56:02,34.08,0.02,112,381592,中性盘
09:56:05,34.08,0.0,12,40892,买盘
09:56:07,34.06,-0.02,188,640354,卖盘
09:56:11,34.07,0.01,295,1005505,买盘
09:56:13,34.07,0.0,46,156738,卖盘
09:56:17,34.07,0.0,56,190830,卖盘
09:56:20,34.1,0.03,165,562536,买盘
09:56:23,34.1,0.0,210,715996,卖盘
09:56:26,34.07,-0.03,145,494280,卖盘
09:56:29,34.06,-0.01,103,350942,卖盘
09:56:33,34.06,0.0,180,613474,卖盘
09:56:35,34.07,0.01,149,507706,中性盘
09:56:37,34.06,-0.01,130,442890,卖盘
09:56:40,34.06,0.0,65,221521,卖盘
09:56:44,34.06,0.0,81,275903,卖盘
09:56:48,34.06,0.0,51,173712,卖盘
09:56:50,34.05,-0.01,33,112398,卖盘
09:56:52,34.04,-0.01,80,272414,卖盘
09:56:56,34.04,0.0,165,561865,卖盘
09:56:58,34.02,-0.02,119,405051,卖盘
09:57:01,34.06,0.04,430,1462849,买盘
09:57:04,34.0,-0.06,356,1212181,卖盘
09:57:08,34.0,0.0,214,728002,卖盘
09:57:11,34.04,0.04,105,357116,买盘
09:57:13,34.0,-0.04,423,1438444,卖盘
09:57:16,34.0,0.0,196,666434,卖盘
09:57:20,33.98,-0.02,1125,3823492,卖盘
09:57:23,34.0,0.02,219,744197,卖盘
09:57:26,34.0,0.0,250,849721,买盘
09:57:28,33.97,-0.03,84,285350,卖盘
09:57:31,33.97,0.0,154,523163,卖盘
09:57:35,34.0,0.03,134,455464,买盘
09:57:38,33.98,-0.02,74,251472,卖盘
09:57:41,33.98,0.0,151,513270,卖盘
09:57:44,33.98,0.0,606,2058710,卖盘
09:57:47,33.97,-0.01,112,380582,卖盘
09:57:50,33.97,0.0,149,506358,买盘
09:57:53,33.98,0.01,193,655828,买盘
09:57:56,33.98,0.0,17,57766,卖盘
09:57:59,33.98,0.0,79,268466,卖盘
09:58:01,33.98,0.0,157,533429,买盘
09:58:05,33.98,0.0,94,319412,买盘
09:58:08,33.98,0.0,81,275330,卖盘
09:58:11,34.0,0.02,130,441976,买盘
09:58:14,34.02,0.02,43,146210,买盘
09:58:17,34.01,-0.01,42,142815,中性盘
09:58:21,34.03,0.02,68,231321,买盘
09:58:23,34.03,0.0,99,336842,买盘
09:58:26,34.04,0.01,126,428817,买盘
09:58:29,34.04,0.0,41,139569,卖盘
09:58:32,34.05,0.01,63,214478,买盘
09:58:35,34.05,0.0,65,221334,卖盘
09:58:37,34.06,0.01,401,1365812,买盘
09:58:41,34.07,0.01,30,102210,中性盘
09:58:44,34.02,-0.05,1016,3459435,卖盘
09:58:47,34.06,0.04,77,262092,中性盘
09:58:49,34.05,-0.01,37,126012,中性盘
09:58:53,34.08,0.03,312,1062315,买盘
09:58:56,34.06,-0.02,26,88540,中性盘
09:58:59,34.05,-0.01,41,139613,卖盘
09:59:02,34.05,0.0,69,234960,卖盘
09:59:04,34.06,0.01,12,40869,买盘
09:59:08,34.06,0.0,197,670949,买盘
09:59:11,34.06,0.0,307,1044893,买盘
09:59:14,34.06,0.0,589,2006072,买盘
09:59:16,34.02,-0.04,81,275570,卖盘
09:59:20,34.06,0.04,144,490312,买盘
09:59:23,34.06,0.0,112,381472,卖盘
09:59:26,34.07,0.01,60,204361,买盘
09:59:29,34.06,-0.01,71,241856,卖盘
09:59:31,34.06,0.0,82,279325,卖盘
09:59:35,34.06,0.0,12,40874,卖盘
09:59:38,34.07,0.01,86,292942,买盘
09:59:41,34.06,-0.01,311,1059373,卖盘
09:59:44,34.07,0.01,413,1407091,买盘
09:59:46,34.06,-0.01,148,504092,卖盘
09:59:50,34.08,0.02,41,139686,买盘
09:59:53,34.08,0.0,100,340723,买盘
09:59:56,34.08,0.0,47,160174,买盘
09:59:59,34.08,0.0,58,197664,卖盘
10:00:02,34.08,0.0,27,92016,卖盘
10:00:05,34.09,0.01,26,88627,买盘
10:00:07,34.09,0.0,234,797682,买盘
10:00:11,34.09,0.0,242,824754,买盘
10:00:15,34.09,0.0,98,334060,买盘
10:00:17,34.08,-0.01,43,146544,卖盘
10:00:19,34.09,0.01,153,521289,买盘
10:00:23,34.08,-0.01,50,170430,中性盘
10:00:26,34.06,-0.02,73,248658,卖盘
10:00:28,34.08,0.02,82,279269,买盘
10:00:33,34.09,0.01,518,1765456,买盘
10:00:35,34.09,0.0,22,74923,买盘
10:00:38,34.09,0.0,172,586260,买盘
10:00:40,34.08,-0.01,6,20449,卖盘
10:00:44,34.04,-0.04,127,432484,卖盘
10:00:47,34.06,0.02,43,146456,卖盘
10:00:50,34.08,0.02,253,862182,买盘
10:00:53,34.08,0.0,80,272552,买盘
10:00:55,34.08,0.0,65,221406,买盘
10:00:59,34.06,-0.02,54,183925,卖盘
10:01:01,34.05,-0.01,129,439308,卖盘
10:01:05,34.05,0.0,58,197522,卖盘
10:01:08,34.07,0.02,57,194154,买盘
10:01:11,34.06,-0.01,155,527826,中性盘
10:01:15,34.07,0.01,49,166932,买盘
10:01:17,34.05,-0.02,514,1750422,卖盘
10:01:19,34.05,0.0,156,531452,卖盘
10:01:23,34.07,0.02,94,320149,卖盘
10:01:26,34.07,0.0,114,388091,买盘
10:01:29,34.07,0.0,100,340491,买盘
10:01:33,34.05,-0.02,58,197596,卖盘
10:01:34,34.03,-0.02,239,813803,卖盘
10:01:38,34.07,0.04,285,970860,买盘
10:01:41,34.04,-0.03,4,13617,卖盘
10:01:45,34.05,0.01,52,177039,买盘
10:01:47,34.07,0.02,31,105601,买盘
10:01:50,34.05,-0.02,136,463334,卖盘
10:01:53,34.07,0.02,120,408733,买盘
10:01:56,34.05,-0.02,168,572239,卖盘
10:01:58,34.08,0.03,43,146510,买盘
10:02:02,34.08,0.0,65,221484,买盘
10:02:05,34.07,-0.01,141,480212,卖盘
10:02:08,34.07,0.0,140,476962,买盘
10:02:11,34.07,0.0,126,429328,买盘
10:02:15,34.08,0.01,93,316797,买盘
10:02:18,34.08,0.0,151,514747,卖盘
10:02:20,34.08,0.0,122,415831,卖盘
10:02:23,34.08,0.0,23,78391,卖盘
10:02:25,34.09,0.01,9,30682,中性盘
10:02:28,34.08,-0.01,188,640769,卖盘
10:02:32,34.1,0.02,66,225021,买盘
10:02:35,34.1,0.0,106,361460,买盘
10:02:38,34.1,0.0,159,542058,买盘
10:02:41,34.1,0.0,233,794513,买盘
10:02:44,34.12,0.02,169,576462,买盘
10:02:46,34.12,0.0,121,412845,买盘
10:02:50,34.12,0.0,142,484551,买盘
10:02:53,34.15,0.03,225,767812,买盘
10:02:56,34.15,0.0,109,372264,买盘
10:02:59,34.17,0.02,114,389350,买盘
10:03:02,34.15,-0.02,213,726890,卖盘
10:03:05,34.15,0.0,96,327986,买盘
10:03:08,34.13,-0.02,89,303878,卖盘
10:03:10,34.18,0.05,124,423480,买盘
10:03:14,34.15,-0.03,512,1747414,卖盘
10:03:18,34.16,0.01,159,542892,买盘
10:03:19,34.12,-0.04,117,399707,卖盘
10:03:24,34.15,0.03,25,85365,中性盘
10:03:26,34.12,-0.03,206,702880,卖盘
10:03:29,34.15,0.03,33,112658,买盘
10:03:32,34.13,-0.02,154,525887,卖盘
10:03:35,34.18,0.05,139,475041,买盘
10:03:38,34.13,-0.05,10,34153,卖盘
10:03:41,34.13,0.0,153,522384,卖盘
10:03:45,34.16,0.03,28,95658,买盘
10:03:47,34.17,0.01,65,222092,买盘
10:03:49,34.15,-0.02,174,594430,卖盘
10:03:53,34.13,-0.02,178,607864,卖盘
10:03:56,34.15,0.02,14,47787,中性盘
10:03:59,34.14,-0.01,7,23903,卖盘
10:04:02,34.16,0.02,72,245887,买盘
10:04:05,34.15,-0.01,60,204899,中性盘
10:04:08,34.14,-0.01,21,71694,卖盘
10:04:10,34.15,0.01,127,433697,买盘
10:04:15,34.15,0.0,123,420057,卖盘
10:04:18,34.16,0.01,162,553319,买盘
10:04:20,34.15,-0.01,76,259540,买盘
10:04:23,34.14,-0.01,189,645276,卖盘
10:04:26,34.15,0.01,171,583803,买盘
10:04:29,34.15,0.0,65,221963,买盘
10:04:32,34.15,0.0,20,68300,买盘
10:04:35,34.14,-0.01,68,232216,卖盘
10:04:38,34.15,0.01,216,737435,中性盘
10:04:40,34.14,-0.01,64,218606,卖盘
10:04:43,34.15,0.01,15,51231,卖盘
10:04:47,34.15,0.0,32,109273,中性盘
10:04:51,34.15,0.0,351,1199467,买盘
10:04:53,34.15,0.0,118,402997,卖盘
10:04:56,34.15,0.0,54,184415,卖盘
10:04:58,34.2,0.05,500,1709916,买盘
10:05:02,34.16,-0.04,166,567084,卖盘
10:05:04,34.19,0.03,119,406916,买盘
10:05:08,34.15,-0.04,75,256185,卖盘
10:05:11,34.17,0.02,160,546710,中性盘
10:05:14,34.16,-0.01,41,140064,卖盘
10:05:18,34.16,0.0,144,491920,卖盘
10:05:20,34.15,-0.01,32,109284,卖盘
10:05:23,34.15,0.0,42,143442,卖盘
10:05:27,34.17,0.02,148,505439,买盘
10:05:30,34.15,-0.02,85,290295,卖盘
10:05:32,34.15,0.0,84,286876,卖盘
10:05:35,34.15,0.0,197,672788,卖盘
10:05:38,34.15,0.0,211,720576,卖盘
10:05:41,34.15,0.0,328,1120166,卖盘
10:05:43,34.16,0.01,128,437142,买盘
10:05:48,34.15,-0.01,207,706913,卖盘
10:05:50,34.16,0.01,333,1137483,买盘
10:05:52,34.15,-0.01,414,1412597,卖盘
10:05:56,34.15,0.0,164,560175,卖盘
10:06:00,34.15,0.0,381,1301421,卖盘
10:06:01,34.15,0.0,198,676182,卖盘
10:06:06,34.16,0.01,207,707255,买盘
10:06:09,34.14,-0.02,122,416569,卖盘
10:06:12,34.16,0.02,383,1309015,买盘
10:06:15,34.12,-0.04,239,815714,卖盘
10:06:17,34.11,-0.01,132,450443,卖盘
10:06:20,34.11,0.0,36,122801,卖盘
10:06:23,34.17,0.06,283,965817,买盘
10:06:25,34.11,-0.06,9,30712,卖盘
10:06:29,34.12,0.01,10,33056,买盘
10:06:33,34.1,-0.02,202,689490,卖盘
10:06:35,34.12,0.02,18,61394,卖盘
10:06:38,34.1,-0.02,65,221704,卖盘
10:06:41,34.1,0.0,103,351233,卖盘
10:06:45,34.11,0.01,208,709286,买盘
10:06:48,34.11,0.0,37,126229,卖盘
10:06:51,34.12,0.01,133,453731,买盘
10:06:53,34.12,0.0,3,10235,买盘
10:06:56,34.1,-0.02,33,112581,卖盘
10:06:59,34.1,0.0,145,494928,卖盘
10:07:03,34.1,0.0,32,109120,买盘
10:07:05,34.1,0.0,39,132990,买盘
10:07:08,34.1,0.0,217,739970,买盘
10:07:12,34.1,0.0,129,439424,买盘
10:07:15,34.1,0.0,45,153450,卖盘
10:07:18,34.1,0.0,97,330783,卖盘
10:07:21,34.1,0.0,51,173953,卖盘
10:07:23,34.09,-0.01,222,757387,卖盘
10:07:27,34.09,0.0,8,27272,买盘
10:07:29,34.09,0.0,11,37499,买盘
10:07:33,34.09,0.0,19,64771,买盘
10:07:36,34.08,-0.01,30,102248,卖盘
10:07:38,34.09,0.01,87,296042,买盘
10:07:42,34.09,0.0,29,98882,卖盘
10:07:45,34.12,0.03,125,426352,买盘
10:07:46,34.14,0.02,47,159874,买盘
10:07:51,34.13,-0.01,163,556273,中性盘
10:07:54,34.13,0.0,18,61434,买盘
10:07:57,34.12,-0.01,93,317398,卖盘
10:08:00,34.15,0.03,43,146879,买盘
10:08:03,34.15,0.0,18,61466,买盘
10:08:06,34.16,0.01,128,437203,买盘
10:08:09,34.16,0.0,235,802637,买盘
10:08:12,34.18,0.02,89,304166,买盘
10:08:14,34.19,0.01,224,765738,买盘
10:08:17,34.2,0.01,153,523177,买盘
10:08:21,34.19,-0.01,119,406904,卖盘
10:08:22,34.2,0.01,551,1884490,买盘
10:08:27,34.2,0.0,123,420812,卖盘
10:08:30,34.2,0.0,107,365987,买盘
10:08:32,34.2,0.0,190,650178,卖盘
10:08:36,34.2,0.0,65,222322,卖盘
10:08:37,34.22,0.02,230,787038,买盘
10:08:42,34.2,-0.02,82,280591,卖盘
10:08:45,34.22,0.02,136,465316,买盘
10:08:48,34.2,-0.02,68,232636,卖盘
10:08:51,34.24,0.04,156,533944,买盘
10:08:54,34.25,0.01,114,390370,买盘
10:08:55,34.24,-0.01,81,277355,卖盘
10:08:59,34.22,-0.02,115,393792,卖盘
10:09:02,34.24,0.02,52,178074,买盘
10:09:06,34.24,0.0,85,291063,卖盘
10:09:08,34.24,0.0,320,1095860,卖盘
10:09:11,34.25,0.01,255,873297,买盘
10:09:15,34.22,-0.03,167,571475,卖盘
10:09:17,34.24,0.02,234,800827,买盘
10:09:20,34.24,0.0,116,396858,买盘
10:09:24,34.24,0.0,19,65055,买盘
10:09:25,34.23,-0.01,102,349182,卖盘
10:09:30,34.23,0.0,44,150598,买盘
10:09:32,34.23,0.0,79,270407,买盘
10:09:35,34.24,0.01,613,2098392,买盘
10:09:38,34.22,-0.02,97,331957,卖盘
10:09:42,34.22,0.0,178,609116,买盘
10:09:45,34.21,-0.01,63,215648,卖盘
10:09:48,34.22,0.01,39,133459,中性盘
10:09:50,34.22,0.0,262,896531,买盘
10:09:53,34.22,0.0,36,123183,买盘
10:09:57,34.21,-0.01,33,112911,卖盘
10:09:59,34.21,0.0,51,174495,卖盘
10:10:01,34.21,0.0,118,403768,卖盘
10:10:06,34.22,0.01,419,1433866,买盘
10:10:09,34.22,0.0,50,171180,卖盘
10:10:10,34.22,0.0,397,1358933,卖盘
10:10:15,34.24,0.02,793,2714011,买盘
10:10:18,34.25,0.01,282,965826,买盘
10:10:21,34.25,0.0,579,1982928,买盘
10:10:24,34.24,-0.01,325,1112985,卖盘
10:10:27,34.25,0.01,287,982882,买盘
10:10:29,34.25,0.0,569,1948709,买盘
10:10:33,34.26,0.01,277,948753,买盘
10:10:35,34.26,0.0,479,1641939,买盘
10:10:38,34.26,0.0,482,1651741,卖盘
10:10:42,34.27,0.01,1478,5064736,买盘
10:10:45,34.28,0.01,374,1282032,买盘
10:10:47,34.27,-0.01,481,1649151,卖盘
10:10:51,34.29,0.02,335,1149026,卖盘
10:10:53,34.29,0.0,531,1821285,卖盘
10:10:56,34.32,0.03,1981,6795027,买盘
10:11:00,34.33,0.01,99,339859,买盘
10:11:02,34.33,0.0,70,240194,买盘
10:11:06,34.32,-0.01,383,1314467,中性盘
10:11:09,34.32,0.0,158,542174,买盘
10:11:12,34.32,0.0,307,1053566,买盘
10:11:14,34.3,-0.02,402,1379595,卖盘
10:11:17,34.3,0.0,113,387693,卖盘
10:11:21,34.34,0.04,325,1115397,买盘
10:11:22,34.3,-0.04,387,1327534,卖盘
10:11:27,34.3,0.0,275,942799,买盘
10:11:30,34.3,0.0,78,267524,买盘
10:11:32,34.3,0.0,34,116607,买盘
10:11:36,34.29,-0.01,10,34292,买盘
10:11:39,34.27,-0.02,808,2766685,卖盘
10:11:42,34.24,-0.03,419,1438281,卖盘
10:11:45,34.27,0.03,417,1428160,买盘
10:11:48,34.24,-0.03,134,455905,卖盘
10:11:51,34.26,0.02,118,404258,买盘
10:11:53,34.25,-0.01,109,373303,中性盘
10:11:57,34.24,-0.01,52,181030,卖盘
10:12:00,34.24,0.0,82,280760,买盘
10:12:03,34.24,0.0,42,143748,买盘
10:12:06,34.24,0.0,69,233245,买盘
10:12:09,34.23,-0.01,149,510083,卖盘
10:12:12,34.24,0.01,4,13696,中性盘
10:12:15,34.25,0.01,26,89044,买盘
10:12:18,34.23,-0.02,48,164355,卖盘
10:12:20,34.24,0.01,35,119830,卖盘
10:12:24,34.24,0.0,31,106151,买盘
10:12:27,34.25,0.01,176,602677,买盘
10:12:30,34.25,0.0,46,157510,买盘
10:12:33,34.25,0.0,33,112981,买盘
10:12:36,34.24,-0.01,111,380101,卖盘
10:12:39,34.24,0.0,38,130134,卖盘
10:12:42,34.23,-0.01,6,20542,卖盘
10:12:45,34.24,0.01,62,212332,买盘
10:12:46,34.24,0.0,17,58202,买盘
10:12:51,34.24,0.0,35,119843,买盘
10:12:54,34.24,0.0,110,376640,卖盘
10:12:57,34.23,-0.01,17,58198,卖盘
10:13:00,34.24,0.01,350,1198298,买盘
10:13:03,34.24,0.0,22,75326,买盘
10:13:05,34.24,0.0,40,136964,卖盘
10:13:09,34.26,0.02,72,246647,买盘
10:13:12,34.26,0.0,35,119882,买盘
10:13:15,34.24,-0.02,63,215775,卖盘
10:13:17,34.26,0.02,60,205490,买盘
10:13:21,34.26,0.0,167,572133,买盘
10:13:24,34.26,0.0,22,75388,卖盘
10:13:27,34.27,0.01,66,226170,买盘
10:13:30,34.27,0.0,15,51404,买盘
10:13:32,34.26,-0.01,146,500323,卖盘
10:13:36,34.27,0.01,212,726512,买盘
10:13:38,34.27,0.0,36,123367,买盘
10:13:41,34.26,-0.01,79,270712,卖盘
10:13:45,34.26,0.0,50,171339,卖盘
10:13:48,34.27,0.01,353,1211157,买盘
10:13:50,34.28,0.01,121,414747,买盘
10:13:53,34.27,-0.01,244,834937,卖盘
10:13:56,34.29,0.02,93,318961,买盘
10:13:59,34.3,0.01,167,572660,买盘
10:14:02,34.3,0.0,164,562491,买盘
10:14:06,34.3,0.0,52,179801,买盘
10:14:08,34.3,0.0,44,150930,卖盘
10:14:11,34.31,0.01,40,137233,买盘
10:14:15,34.31,0.0,80,274441,买盘
10:14:17,34.32,0.01,35,120082,买盘
10:14:20,34.31,-0.01,90,308840,卖盘
10:14:24,34.32,0.01,53,181833,买盘
10:14:27,34.31,-0.01,41,140686,卖盘
10:14:30,34.31,0.0,28,96085,卖盘
10:14:33,34.32,0.01,110,377513,买盘
10:14:36,34.31,-0.01,116,398098,卖盘
10:14:39,34.33,0.02,117,401615,买盘
10:14:42,34.33,0.0,266,913166,买盘
10:14:45,34.34,0.01,297,1019629,买盘
10:14:48,34.35,0.01,964,3310933,买盘
10:14:51,34.35,0.0,1011,3472772,买盘
10:14:54,34.34,-0.01,263,903372,卖盘
10:14:56,34.34,0.0,105,360642,卖盘
10:15:00,34.35,0.01,42,144265,买盘
10:15:03,34.34,-0.01,125,429362,卖盘
10:15:05,34.35,0.01,204,700685,买盘
10:15:09,34.36,0.01,341,1171529,买盘
10:15:12,34.36,0.0,112,384800,买盘
10:15:15,34.36,0.0,118,405423,买盘
10:15:18,34.36,0.0,71,243940,买盘
10:15:21,34.36,0.0,139,477561,买盘
10:15:24,34.36,0.0,134,460424,买盘
10:15:27,34.37,0.01,27,92790,买盘
10:15:29,34.36,-0.01,140,481073,卖盘
10:15:33,34.36,0.0,107,367687,买盘
10:15:36,34.36,0.0,175,601291,卖盘
10:15:39,34.37,0.01,174,597890,买盘
10:15:42,34.36,-0.01,112,384916,卖盘
10:15:45,34.36,0.0,192,659792,卖盘
10:15:48,34.36,0.0,139,477637,卖盘
10:15:51,34.37,0.01,162,556722,买盘
10:15:54,34.37,0.0,279,958888,买盘
10:15:57,34.37,0.0,55,189063,卖盘
10:16:00,34.38,0.01,22,75629,买盘
10:16:03,34.38,0.0,46,158105,买盘
10:16:06,34.38,0.0,653,2245004,买盘
10:16:08,34.38,0.0,57,195961,买盘
10:16:11,34.38,0.0,74,254420,卖盘
10:16:15,34.39,0.01,69,237255,买盘
10:16:18,34.38,-0.01,96,330123,卖盘
10:16:21,34.37,-0.01,667,2293367,卖盘
10:16:24,34.4,0.03,655,2253194,买盘
10:16:27,34.4,0.0,158,543503,买盘
10:16:30,34.4,0.0,642,2208030,买盘
10:16:33,34.41,0.01,126,433538,买盘
10:16:35,34.41,0.0,38,130772,卖盘
10:16:39,34.41,0.0,68,234043,卖盘
10:16:41,34.39,-0.02,679,2335923,卖盘
10:16:45,34.37,-0.02,132,453894,卖盘
10:16:48,34.37,0.0,111,381598,卖盘
10:16:51,34.38,0.01,105,361001,中性盘
10:16:54,34.38,0.0,436,1498913,卖盘
10:16:57,34.37,-0.01,388,1333547,卖盘
10:17:00,34.37,0.0,97,333343,买盘
10:17:03,34.36,-0.01,155,532491,中性盘
10:17:06,34.35,-0.01,239,820965,卖盘
10:17:09,34.35,0.0,65,223265,买盘
10:17:12,34.3,-0.05,411,1410622,卖盘
10:17:15,34.3,0.0,190,651700,买盘
10:17:18,34.3,0.0,173,593390,买盘
10:17:21,34.3,0.0,93,318955,买盘
10:17:24,34.29,-0.01,35,120036,卖盘
10:17:27,34.29,0.0,308,1056131,卖盘
10:17:30,34.28,-0.01,51,174859,卖盘
10:17:33,34.29,0.01,30,102859,买盘
10:17:36,34.28,-0.01,33,113129,卖盘
10:17:39,34.29,0.01,45,154303,买盘
10:17:42,34.28,-0.01,162,555419,卖盘
10:17:45,34.28,0.0,354,1214027,卖盘
10:17:48,34.3,0.02,753,2581029,买盘
10:17:51,34.28,-0.02,135,462940,卖盘
10:17:54,34.3,0.02,52,178307,买盘
10:17:57,34.3,0.0,50,171472,买盘
10:18:00,34.29,-0.01,11,37725,卖盘
10:18:03,34.29,0.0,52,178312,卖盘
10:18:06,34.3,0.01,144,493887,买盘
10:18:08,34.3,0.0,280,960377,买盘
10:18:12,34.3,0.0,88,301825,买盘
10:18:14,34.29,-0.01,175,600133,卖盘
10:18:18,34.29,0.0,204,699619,买盘
10:18:20,34.29,0.0,35,120039,卖盘
10:18:24,34.29,0.0,108,370369,卖盘
10:18:27,34.3,0.01,33,113185,买盘
10:18:29,34.3,0.0,170,583084,买盘
10:18:33,34.31,0.01,79,270984,买盘
10:18:36,34.3,-0.01,176,603663,卖盘
10:18:39,34.33,0.03,40,137248,买盘
10:18:42,34.33,0.0,27,92701,卖盘
10:18:45,34.33,0.0,11,37765,卖盘
10:18:47,34.3,-0.03,162,555965,卖盘
10:18:50,34.3,0.0,61,209230,买盘
10:18:54,34.3,0.0,253,867790,买盘
10:18:57,34.29,-0.01,46,157770,卖盘
10:19:00,34.3,0.01,56,192074,买盘
10:19:03,34.3,0.0,7,24010,买盘
10:19:06,34.3,0.0,43,147452,买盘
10:19:09,34.29,-0.01,47,161200,卖盘
10:19:12,34.29,0.0,81,277790,卖盘
10:19:15,34.31,0.02,522,1790485,买盘
10:19:18,34.33,0.02,64,219636,买盘
10:19:20,34.32,-0.01,168,576695,卖盘
10:19:24,34.35,0.03,22,75565,买盘
10:19:27,34.34,-0.01,63,216393,卖盘
10:19:30,34.35,0.01,112,384663,买盘
10:19:32,34.35,0.0,119,408739,买盘
10:19:35,34.35,0.0,97,333160,买盘
10:19:38,34.35,0.0,107,367481,买盘
10:19:42,34.36,0.01,86,295487,买盘
10:19:44,34.38,0.02,126,433086,买盘
10:19:48,34.38,0.0,46,158150,买盘
10:19:51,34.36,-0.02,104,357491,卖盘
10:19:54,34.39,0.03,37,127236,买盘
10:19:57,34.38,-0.01,182,625776,卖盘
10:20:00,34.39,0.01,117,402418,卖盘
10:20:03,34.4,0.01,375,1289995,买盘
10:20:05,34.39,-0.01,229,787706,卖盘
10:20:09,34.38,-0.01,86,295787,卖盘
10:20:11,34.39,0.01,75,257970,中性盘
10:20:15,34.4,0.01,37,127271,买盘
10:20:18,34.39,-0.01,258,887483,卖盘
10:20:21,34.39,0.0,92,316383,买盘
10:20:24,34.4,0.01,804,2765673,买盘
10:20:26,34.41,0.01,221,760320,买盘
10:20:30,34.4,-0.01,75,258048,卖盘
10:20:33,34.4,0.0,45,154822,卖盘
10:20:35,34.4,0.0,178,612471,卖盘
10:20:39,34.41,0.01,42,144537,买盘
10:20:41,34.41,0.0,42,144539,卖盘
10:20:45,34.4,-0.01,22,75699,卖盘
10:20:48,34.42,0.02,26,89453,买盘
10:20:51,34.4,-0.02,209,719013,卖盘
10:20:54,34.41,0.01,202,695192,买盘
10:20:57,34.41,0.0,125,430171,卖盘
10:21:00,34.4,-0.01,70,240836,卖盘
10:21:03,34.39,-0.01,260,894233,卖盘
10:21:06,34.4,0.01,20,68796,买盘
10:21:09,34.4,0.0,87,299266,卖盘
10:21:12,34.4,0.0,56,192650,卖盘
10:21:15,34.4,0.0,193,663925,买盘
10:21:18,34.4,0.0,260,894443,卖盘
10:21:21,34.4,0.0,153,526354,卖盘
10:21:23,34.39,-0.01,217,746446,卖盘
10:21:26,34.39,0.0,85,292381,卖盘
10:21:30,34.4,0.01,82,282045,买盘
10:21:33,34.38,-0.02,111,381743,卖盘
10:21:36,34.4,0.02,142,488232,买盘
10:21:39,34.39,-0.01,157,539841,中性盘
10:21:42,34.37,-0.02,206,708192,卖盘
10:21:45,34.39,0.02,72,247589,买盘
10:21:48,34.39,0.0,230,790993,卖盘
10:21:50,34.4,0.01,137,471198,买盘
10:21:54,34.39,-0.01,1094,3757660,卖盘
10:21:56,34.39,0.0,246,846120,卖盘
10:22:00,34.39,0.0,59,202861,买盘
10:22:03,34.38,-0.01,7,24070,买盘
10:22:06,34.37,-0.01,21,72183,卖盘
10:22:09,34.35,-0.02,75,257889,卖盘
10:22:11,34.38,0.03,28,96260,买盘
10:22:15,34.37,-0.01,36,123758,卖盘
10:22:18,34.38,0.01,122,419411,买盘
10:22:21,34.36,-0.02,66,226837,卖盘
10:22:24,34.37,0.01,51,175285,买盘
10:22:27,34.35,-0.02,70,240465,卖盘
10:22:30,34.35,0.0,37,127095,买盘
10:22:33,34.36,0.01,14,48086,买盘
10:22:35,34.34,-0.02,27,92736,卖盘
10:22:39,34.36,0.02,59,202675,买盘
10:22:42,34.34,-0.02,71,243886,卖盘
10:22:45,34.36,0.02,97,333208,买盘
10:22:48,34.34,-0.02,82,281597,卖盘
10:22:51,34.34,0.0,26,89287,卖盘
10:22:54,34.35,0.01,41,140814,买盘
10:22:57,34.34,-0.01,5,17171,卖盘
10:23:00,34.34,0.0,66,226679,买盘
10:23:03,34.34,0.0,11,37770,买盘
10:23:06,34.33,-0.01,48,164830,卖盘
10:23:09,34.34,0.01,85,291895,卖盘
10:23:11,34.35,0.01,41,140824,买盘
10:23:15,34.36,0.01,39,133970,买盘
10:23:18,34.36,0.0,52,178623,买盘
10:23:21,34.35,-0.01,55,188937,卖盘
10:23:24,34.36,0.01,35,120234,买盘
10:23:27,34.35,-0.01,10,34350,卖盘
10:23:29,34.34,-0.01,57,195761,卖盘
10:23:33,34.35,0.01,110,377831,买盘
10:23:36,34.35,0.0,66,226675,买盘
10:23:38,34.35,0.0,18,61819,买盘
10:23:42,34.35,0.0,50,171715,买盘
10:23:45,34.34,-0.01,54,185443,卖盘
10:23:48,34.33,-0.01,79,271267,卖盘
10:23:51,34.34,0.01,94,322721,中性盘
10:23:54,34.3,-0.04,628,2154104,卖盘
10:23:56,34.3,0.0,68,233234,买盘
10:23:59,34.29,-0.01,59,202357,卖盘
10:24:03,34.3,0.01,389,1334179,买盘
10:24:06,34.3,0.0,174,596741,买盘
10:24:09,34.3,0.0,208,713207,买盘
10:24:12,34.29,-0.01,136,466398,中性盘
10:24:14,34.3,0.01,130,445716,买盘
10:24:18,34.3,0.0,361,1238141,买盘
10:24:21,34.3,0.0,68,233198,买盘
10:24:24,34.3,0.0,23,78872,买盘
10:24:27,34.28,-0.02,157,538484,卖盘
10:24:30,34.3,0.02,90,308660,买盘
10:24:32,34.3,0.0,48,164618,买盘
10:24:36,34.29,-0.01,50,171481,卖盘
10:24:39,34.29,0.0,264,905504,卖盘
10:24:42,34.29,0.0,260,891610,卖盘
10:24:45,34.3,0.01,282,967054,买盘
10:24:48,34.3,0.0,182,624220,买盘
10:24:51,34.28,-0.02,336,1152127,卖盘
10:24:54,34.29,0.01,82,281174,买盘
10:24:57,34.28,-0.01,83,284593,卖盘
10:25:00,34.28,0.0,159,545112,卖盘
10:25:03,34.29,0.01,46,157714,买盘
10:25:05,34.29,0.0,57,196440,买盘
10:25:09,34.28,-0.01,270,924532,卖盘
10:25:12,34.28,0.0,60,206720,买盘
10:25:15,34.28,0.0,98,336034,卖盘
10:25:18,34.29,0.01,83,284535,买盘
10:25:20,34.28,-0.01,127,435433,卖盘
10:25:24,34.29,0.01,25,85718,买盘
10:25:27,34.28,-0.01,173,593194,卖盘
10:25:30,34.29,0.01,251,860581,买盘
10:25:32,34.28,-0.01,179,613774,卖盘
10:25:36,34.28,0.0,21,72007,卖盘
10:25:39,34.29,0.01,190,651489,买盘
10:25:42,34.29,0.0,109,373749,买盘
10:25:45,34.3,0.01,160,548774,买盘
10:25:48,34.3,0.0,604,2071761,买盘
10:25:51,34.31,0.01,488,1674293,买盘
10:25:53,34.31,0.0,36,123495,买盘
10:25:57,34.31,0.0,55,188719,卖盘
10:26:00,34.32,0.01,563,1932196,买盘
10:26:03,34.32,0.0,83,284918,卖盘
10:26:06,34.33,0.01,115,394717,买盘
10:26:09,34.32,-0.01,157,538808,卖盘
10:26:11,34.32,0.0,53,181924,卖盘
10:26:15,34.33,0.01,104,357026,买盘
10:26:18,34.33,0.0,51,175072,买盘
10:26:21,34.33,0.0,29,99549,买盘
10:26:24,34.32,-0.01,22,75506,卖盘
10:26:27,34.33,0.01,56,192213,买盘
10:26:30,34.33,0.0,33,113280,买盘
10:26:33,34.33,0.0,48,164770,买盘
10:26:36,34.33,0.0,38,130431,买盘
10:26:39,34.32,-0.01,130,446253,卖盘
10:26:42,34.31,-0.01,115,394655,卖盘
10:26:45,34.32,0.01,40,137256,买盘
10:26:47,34.33,0.01,55,188811,买盘
10:26:51,34.33,0.0,55,188812,买盘
10:26:53,34.33,0.0,168,576580,买盘
10:26:56,34.34,0.01,28,96150,买盘
10:26:59,34.34,0.0,29,99574,买盘
10:27:02,34.33,-0.01,47,161388,卖盘
10:27:06,34.34,0.01,43,147652,买盘
10:27:09,34.34,0.0,43,147670,卖盘
10:27:12,34.34,0.0,108,370773,买盘
10:27:15,34.34,0.0,32,109899,卖盘
10:27:17,34.34,0.0,22,75552,卖盘
10:27:21,34.35,0.01,97,333182,买盘
10:27:24,34.35,0.0,112,384714,买盘
10:27:27,34.33,-0.02,172,590573,卖盘
10:27:30,34.35,0.02,55,188873,买盘
10:27:33,34.34,-0.01,142,487758,卖盘
10:27:36,34.34,0.0,75,257566,卖盘
10:27:39,34.34,0.0,110,377768,卖盘
10:27:42,34.35,0.01,70,240414,买盘
10:27:45,34.34,-0.01,102,350268,卖盘
10:27:48,34.34,0.0,12,41207,买盘
10:27:51,34.33,-0.01,26,89282,卖盘
10:27:54,34.34,0.01,39,133916,买盘
10:27:56,34.34,0.0,18,61805,买盘
10:28:00,34.33,-0.01,96,329652,卖盘
10:28:02,34.33,0.0,92,315851,卖盘
10:28:06,34.33,0.0,43,147615,买盘
10:28:09,34.33,0.0,26,89255,买盘
10:28:12,34.32,-0.01,90,308895,卖盘
10:28:15,34.33,0.01,114,391259,买盘
10:28:18,34.33,0.0,73,250594,卖盘
10:28:21,34.32,-0.01,23,78947,卖盘
10:28:24,34.31,-0.01,8,27452,卖盘
10:28:27,34.3,-0.01,36,123509,卖盘
10:28:30,34.29,-0.01,401,1375395,卖盘
10:28:33,34.31,0.02,53,181797,买盘
10:28:36,34.29,-0.02,37,126909,卖盘
10:28:39,34.3,0.01,158,541798,买盘
10:28:42,34.29,-0.01,518,1776255,卖盘
10:28:45,34.28,-0.01,151,517806,卖盘
10:28:48,34.28,0.0,70,239985,卖盘
10:28:50,34.29,0.01,52,178276,买盘
10:28:54,34.28,-0.01,41,140565,卖盘
10:28:57,34.28,0.0,239,819397,卖盘
10:28:59,34.28,0.0,36,123406,买盘
10:29:03,34.28,0.0,20,68556,买盘
10:29:05,34.28,0.0,455,1559418,买盘
10:29:09,34.28,0.0,140,479861,买盘
10:29:12,34.27,-0.01,44,150814,卖盘
10:29:15,34.27,0.0,79,270667,卖盘
10:29:18,34.26,-0.01,95,325476,卖盘
10:29:21,34.25,-0.01,27,92497,卖盘
10:29:24,34.26,0.01,21,71933,买盘
10:29:26,34.26,0.0,121,414528,买盘
10:29:30,34.25,-0.01,62,212362,卖盘
10:29:33,34.26,0.01,328,1123419,买盘
10:29:35,34.25,-0.01,167,571930,卖盘
10:29:39,34.26,0.01,177,606387,买盘
10:29:42,34.25,-0.01,158,541125,卖盘
10:29:45,34.24,-0.01,131,448549,卖盘
10:29:48,34.24,0.0,49,167751,买盘
10:29:51,34.24,0.0,47,160910,买盘
10:29:54,34.23,-0.01,13,44504,卖盘
10:29:56,34.23,0.0,139,475898,卖盘
10:30:00,34.24,0.01,80,273853,买盘
10:30:03,34.24,0.0,45,154059,买盘
10:30:05,34.25,0.01,53,181481,买盘
10:30:09,34.22,-0.03,96,328162,卖盘
10:30:12,34.23,0.01,48,164292,中性盘
10:30:15,34.22,-0.01,175,598933,卖盘
10:30:18,34.23,0.01,22,75401,买盘
10:30:21,34.23,0.0,33,112858,卖盘
10:30:24,34.23,0.0,10,34330,买盘
10:30:27,34.22,-0.01,149,510026,卖盘
10:30:29,34.22,0.0,120,410640,卖盘
10:30:32,34.22,0.0,22,75284,买盘
10:30:36,34.23,0.01,15,51333,买盘
10:30:38,34.23,0.0,1,3423,买盘
10:30:42,34.22,-0.01,23,78721,卖盘
10:30:45,34.22,0.0,71,242964,卖盘
10:30:48,34.22,0.0,21,71870,卖盘
10:30:51,34.23,0.01,128,438167,买盘
10:30:54,34.23,0.0,35,119811,卖盘
10:30:57,34.23,0.0,1438,4922278,卖盘
10:31:00,34.23,0.0,154,527285,卖盘
10:31:03,34.23,0.0,37,126682,卖盘
10:31:06,34.24,0.01,41,140381,买盘
10:31:08,34.24,0.0,102,349153,买盘
10:31:11,34.24,0.0,31,106135,买盘
10:31:14,34.24,0.0,209,715544,买盘
10:31:18,34.24,0.0,28,95865,买盘
10:31:21,34.23,-0.01,17,58193,卖盘
10:31:24,34.24,0.01,32,110012,买盘
10:31:27,34.25,0.01,22,75331,买盘
10:31:30,34.24,-0.01,4,13698,卖盘
10:31:32,34.25,0.01,28,95900,买盘
10:31:36,34.24,-0.01,218,746580,卖盘
10:31:38,34.25,0.01,35,119874,买盘
10:31:42,34.24,-0.01,61,208917,卖盘
10:31:45,34.25,0.01,16,54794,买盘
10:31:47,34.24,-0.01,72,246531,卖盘
10:31:51,34.24,0.0,165,564980,卖盘
10:31:54,34.25,0.01,48,164400,买盘
10:31:57,34.24,-0.01,113,387016,卖盘
10:32:00,34.24,0.0,138,472524,卖盘
10:32:03,34.24,0.0,85,291032,中性盘
10:32:06,34.24,0.0,16,54784,买盘
10:32:09,34.23,-0.01,11,37654,卖盘
10:32:11,34.24,0.01,214,732717,买盘
10:32:15,34.23,-0.01,692,2368272,卖盘
10:32:18,34.23,0.0,105,359415,买盘
10:32:21,34.22,-0.01,42,143621,卖盘
10:32:24,34.22,0.0,56,191603,买盘
10:32:27,34.23,0.01,150,513310,买盘
10:32:30,34.22,-0.01,64,218962,中性盘
10:32:33,34.22,0.0,54,184759,买盘
10:32:36,34.22,0.0,71,242900,买盘
10:32:39,34.21,-0.01,31,106079,卖盘
10:32:41,34.22,0.01,73,249721,买盘
10:32:44,34.21,-0.01,8,27368,买盘
10:32:48,34.2,-0.01,1580,5406642,卖盘
10:32:51,34.2,0.0,169,577980,买盘
10:32:53,34.2,0.0,64,218847,买盘
10:32:57,34.19,-0.01,129,441157,卖盘
10:33:00,34.2,0.01,51,174392,买盘
10:33:03,34.2,0.0,88,300927,买盘
10:33:06,34.19,-0.01,27,92328,卖盘
10:33:08,34.19,0.0,55,188047,卖盘
10:33:11,34.2,0.01,69,235929,买盘
10:33:14,34.2,0.0,34,116270,买盘
10:33:18,34.2,0.0,48,164116,买盘
10:33:21,34.19,-0.01,86,294040,卖盘
10:33:24,34.19,0.0,20,68390,买盘
10:33:27,34.19,0.0,4,13676,买盘
10:33:30,34.18,-0.01,19,64949,卖盘
10:33:33,34.17,-0.01,262,895272,卖盘
10:33:36,34.17,0.0,56,191352,买盘
10:33:39,34.16,-0.01,10,34165,卖盘
10:33:42,34.17,0.01,21,71752,买盘
10:33:44,34.17,0.0,20,68323,买盘
10:33:48,34.17,0.0,187,638978,买盘
10:33:51,34.18,0.01,45,153775,买盘
10:33:54,34.16,-0.02,113,386140,卖盘
10:33:57,34.18,0.02,181,618532,买盘
10:34:00,34.17,-0.01,52,177673,中性盘
10:34:03,34.18,0.01,261,891687,买盘
10:34:06,34.18,0.0,74,252932,买盘
10:34:09,34.18,0.0,29,99093,买盘
10:34:12,34.18,0.0,22,75194,买盘
10:34:15,34.18,0.0,5,17086,买盘
10:34:17,34.18,0.0,9,30762,买盘
10:34:21,34.18,0.0,151,515974,买盘
10:34:24,34.18,0.0,116,396411,买盘
10:34:27,34.15,-0.03,1692,5778533,卖盘
10:34:30,34.15,0.0,123,420045,买盘
10:34:32,34.17,0.02,60,205019,买盘
10:34:36,34.15,-0.02,79,269805,卖盘
10:34:38,34.17,0.02,51,174193,买盘
10:34:42,34.17,0.0,37,126379,买盘
10:34:45,34.15,-0.02,111,379072,卖盘
10:34:48,34.15,0.0,21,71739,卖盘
10:34:51,34.17,0.02,231,789181,买盘
10:34:54,34.17,0.0,97,331349,买盘
10:34:57,34.17,0.0,47,160561,买盘
10:35:00,34.17,0.0,120,410030,买盘
10:35:03,34.17,0.0,127,433957,买盘
10:35:06,34.17,0.0,34,116172,买盘
10:35:09,34.19,0.02,131,447745,买盘
10:35:12,34.17,-0.02,176,601326,卖盘
10:35:15,34.17,0.0,26,88832,买盘
10:35:18,34.17,0.0,5,17083,买盘
10:35:20,34.17,0.0,2,6833,买盘
10:35:24,34.16,-0.01,291,994053,卖盘
10:35:27,34.17,0.01,209,713937,买盘
10:35:30,34.17,0.0,67,228961,卖盘
10:35:32,34.17,0.0,42,143529,卖盘
10:35:36,34.17,0.0,53,181111,卖盘
10:35:39,34.17,0.0,77,263169,卖盘
10:35:41,34.18,0.01,82,280297,中性盘
10:35:45,34.19,0.01,49,167498,买盘
10:35:47,34.19,0.0,242,827393,买盘
10:35:51,34.18,-0.01,147,502476,卖盘
10:35:54,34.18,0.0,146,499028,买盘
10:35:57,34.18,0.0,17,58105,买盘
10:36:00,34.18,0.0,2,6836,买盘
10:36:03,34.18,0.0,58,198244,买盘
10:36:06,34.18,0.0,35,119651,买盘
10:36:08,34.2,0.02,128,437534,买盘
10:36:12,34.18,-0.02,28,95725,卖盘
10:36:15,34.2,0.02,15,51280,买盘
10:36:18,34.2,0.0,416,1422454,买盘
10:36:20,34.2,0.0,55,188096,买盘
10:36:24,34.19,-0.01,133,454626,卖盘
10:36:26,34.19,0.0,26,88894,卖盘
10:36:30,34.19,0.0,9,30771,买盘
10:36:33,34.19,0.0,23,78632,买盘
10:36:36,34.19,0.0,218,745310,买盘
10:36:39,34.18,-0.01,122,417109,卖盘
10:36:41,34.19,0.01,131,448000,买盘
10:36:44,34.19,0.0,140,478754,买盘
10:36:47,34.2,0.01,36,123095,买盘
10:36:50,34.18,-0.02,18,61524,卖盘
10:36:54,34.18,0.0,26,88868,买盘
10:36:57,34.17,-0.01,123,420404,卖盘
10:37:00,34.19,0.02,35,119659,卖盘
10:37:02,34.18,-0.01,34,116254,中性盘
10:37:05,34.18,0.0,65,222137,卖盘
10:37:09,34.2,0.02,56,191469,买盘
10:37:12,34.19,-0.01,21,71816,卖盘
10:37:15,34.2,0.01,72,246126,买盘
10:37:17,34.19,-0.01,41,140156,中性盘
10:37:21,34.19,0.0,25,85474,买盘
10:37:24,34.18,-0.01,22,75214,卖盘
10:37:27,34.19,0.01,19,64954,买盘
10:37:30,34.19,0.0,15,51274,买盘
10:37:33,34.19,0.0,6,20516,卖盘
10:37:36,34.18,-0.01,35,119630,卖盘
10:37:38,34.2,0.02,29,99164,买盘
10:37:42,34.2,0.0,39,133316,买盘
10:37:45,34.18,-0.02,206,704432,卖盘
10:37:48,34.2,0.02,859,2937755,买盘
10:37:51,34.21,0.01,31,106037,买盘
10:37:53,34.22,0.01,2,6844,买盘
10:37:57,34.21,-0.01,11,37632,卖盘
10:38:00,34.23,0.02,79,270261,买盘
10:38:03,34.23,0.0,12,41075,买盘
10:38:06,34.23,0.0,17,58192,卖盘
10:38:09,34.24,0.01,28,95854,买盘
10:38:12,34.24,0.0,66,225882,买盘
10:38:15,34.23,-0.01,18,61627,卖盘
10:38:18,34.24,0.01,10,34229,买盘
10:38:21,34.23,-0.01,2,6846,卖盘
10:38:23,34.23,0.0,13,44500,中性盘
10:38:25,34.23,0.0,1,3423,中性盘
10:38:30,34.23,0.0,14,47912,买盘
10:38:32,34.24,0.01,28,95862,买盘
10:38:36,34.22,-0.02,4,13691,卖盘
10:38:39,34.24,0.02,164,561524,买盘
10:38:41,34.22,-0.02,53,181421,卖盘
10:38:45,34.23,0.01,9,30812,中性盘
10:38:48,34.24,0.01,20,68476,买盘
10:38:50,34.24,0.0,112,383478,买盘
10:38:54,34.23,-0.01,32,109566,卖盘
10:38:57,34.25,0.02,17,58209,买盘
10:38:59,34.23,-0.02,85,291028,卖盘
10:39:03,34.25,0.02,37,126714,买盘
10:39:06,34.25,0.0,9,30816,买盘
10:39:09,34.25,0.0,43,147227,买盘
10:39:12,34.25,0.0,15,51353,买盘
10:39:15,34.24,-0.01,83,284154,中性盘
10:39:18,34.24,0.0,61,208780,买盘
10:39:21,34.24,0.0,11,37659,买盘
10:39:24,34.24,0.0,14,47935,买盘
10:39:27,34.24,0.0,2,6848,买盘
10:39:29,34.23,-0.01,2,6846,卖盘
10:39:33,34.24,0.01,18,61615,买盘
10:39:36,34.24,0.0,35,119838,买盘
10:39:39,34.24,0.0,203,695071,买盘
10:39:42,34.23,-0.01,26,89019,卖盘
10:39:45,34.24,0.01,69,236207,买盘
10:39:48,34.24,0.0,20,68480,买盘
10:39:50,34.24,0.0,31,106140,买盘
10:39:54,34.25,0.01,5,17123,买盘
10:39:57,34.24,-0.01,6,20544,卖盘
10:40:00,34.24,0.0,51,174635,买盘
10:40:03,34.24,0.0,10,34240,买盘
10:40:06,34.23,-0.01,11,37662,卖盘
10:40:09,34.24,0.01,29,99281,买盘
10:40:12,34.23,-0.01,72,246485,卖盘
10:40:14,34.23,0.0,72,246490,买盘
10:40:18,34.23,0.0,19,65037,买盘
10:40:21,34.23,0.0,83,284089,买盘
10:40:24,34.23,0.0,78,266937,中性盘
10:40:27,34.23,0.0,50,171146,买盘
10:40:30,34.23,0.0,6,20537,买盘
10:40:33,34.23,0.0,30,102676,买盘
10:40:36,34.21,-0.02,26,88974,卖盘
10:40:39,34.22,0.01,99,338827,买盘
10:40:41,34.18,-0.04,750,2564319,卖盘
10:40:45,34.2,0.02,37,126475,买盘
10:40:48,34.2,0.0,17,58168,卖盘
10:40:51,34.2,0.0,48,164163,卖盘
10:40:54,34.2,0.0,19,64979,买盘
10:40:57,34.21,0.01,6,20521,买盘
10:41:00,34.21,0.0,29,99209,买盘
10:41:03,34.2,-0.01,15,51300,中性盘
10:41:06,34.2,0.0,22,75202,买盘
10:41:09,34.2,0.0,15,51299,买盘
10:41:12,34.17,-0.03,92,314463,卖盘
10:41:15,34.2,0.03,48,164106,买盘
10:41:18,34.18,-0.02,7,23937,卖盘
10:41:21,34.16,-0.02,50,170827,卖盘
10:41:23,34.19,0.03,14,47856,买盘
10:41:27,34.19,0.0,1,3419,买盘
10:41:29,34.18,-0.01,52,177667,卖盘
10:41:32,34.19,0.01,21,71795,买盘
10:41:36,34.18,-0.01,14,47856,卖盘
10:41:38,34.19,0.01,66,225641,买盘
10:41:41,34.18,-0.01,38,129891,卖盘
10:41:45,34.18,0.0,51,174318,买盘
10:41:48,34.19,0.01,133,454702,买盘
10:41:51,34.19,0.0,21,71813,卖盘
10:41:54,34.19,0.0,16,54705,卖盘
10:41:57,34.2,0.01,47,160709,买盘
10:42:00,34.2,0.0,47,160735,买盘
10:42:03,34.2,0.0,24,82073,买盘
10:42:06,34.19,-0.01,15,51298,卖盘
10:42:09,34.19,0.0,54,184677,卖盘
10:42:12,34.19,0.0,32,109417,卖盘
10:42:15,34.19,0.0,19,64961,买盘
10:42:17,34.19,0.0,11,37608,买盘
10:42:21,34.19,0.0,14,47866,买盘
10:42:23,34.18,-0.01,41,140138,卖盘
10:42:26,34.18,0.0,26,88868,买盘
10:42:30,34.18,0.0,88,300784,买盘
10:42:33,34.18,0.0,20,68371,卖盘
10:42:36,34.18,0.0,86,293947,卖盘
10:42:38,34.19,0.01,29,99144,买盘
10:42:41,34.18,-0.01,22,75206,卖盘
10:42:45,34.18,0.0,147,502446,卖盘
10:42:47,34.18,0.0,153,522952,买盘
10:42:51,34.18,0.0,28,95703,买盘
10:42:54,34.18,0.0,147,502436,买盘
10:42:57,34.17,-0.01,32,109367,卖盘
10:43:00,34.18,0.01,43,146973,买盘
10:43:03,34.18,0.0,44,150389,买盘
10:43:06,34.18,0.0,21,71763,买盘
10:43:09,34.18,0.0,8,27344,买盘
10:43:11,34.18,0.0,9,30076,买盘
10:43:15,34.18,0.0,128,437494,买盘
10:43:18,34.17,-0.01,20,68354,卖盘
10:43:21,34.18,0.01,19,64942,买盘
10:43:23,34.18,0.0,20,68347,买盘
10:43:27,34.17,-0.01,25,85426,卖盘
10:43:30,34.18,0.01,10,34178,买盘
10:43:32,34.18,0.0,21,71758,买盘
10:43:36,34.16,-0.02,35,120279,卖盘
10:43:39,34.17,0.01,8,27336,买盘
10:43:42,34.16,-0.01,95,324535,卖盘
10:43:45,34.16,0.0,29,99086,卖盘
10:43:48,34.17,0.01,2,6834,买盘
10:43:51,34.16,-0.01,65,222040,卖盘
10:43:54,34.16,0.0,8,27328,买盘
10:43:57,34.16,0.0,2,6832,买盘
10:44:00,34.16,0.0,31,105896,买盘
10:44:03,34.15,-0.01,30,102460,卖盘
10:44:06,34.15,0.0,5,17078,卖盘
10:44:09,34.15,0.0,44,150279,卖盘
10:44:12,34.16,0.01,47,160524,买盘
10:44:15,34.16,0.0,49,167352,买盘
10:44:18,34.15,-0.01,9,30742,卖盘
10:44:21,34.15,0.0,39,133197,卖盘
10:44:24,34.16,0.01,215,734410,买盘
10:44:27,34.16,0.0,36,122972,买盘
10:44:29,34.16,0.0,30,102465,卖盘
10:44:33,34.16,0.0,39,133208,买盘
10:44:36,34.17,0.01,24,82006,买盘
10:44:39,34.16,-0.01,40,136676,卖盘
10:44:42,34.17,0.01,64,218687,买盘
10:44:45,34.16,-0.01,249,850584,卖盘
10:44:48,34.16,0.0,77,262980,买盘
10:44:50,34.16,0.0,50,170799,买盘
10:44:54,34.18,0.02,36,122339,买盘
10:44:57,34.18,0.0,5,17090,买盘
10:45:00,34.18,0.0,26,88862,买盘
10:45:02,34.18,0.0,50,170900,买盘
10:45:06,34.17,-0.01,53,181150,卖盘
10:45:09,34.19,0.02,47,160647,买盘
10:45:11,34.18,-0.01,15,51269,卖盘
10:45:15,34.18,0.0,243,830374,买盘
10:45:18,34.18,0.0,79,270014,买盘
10:45:21,34.18,0.0,150,512699,买盘
10:45:24,34.18,0.0,87,297342,买盘
10:45:27,34.18,0.0,52,177735,买盘
10:45:30,34.18,0.0,381,1302257,买盘
10:45:33,34.18,0.0,44,150433,卖盘
10:45:36,34.18,0.0,11,37602,卖盘
10:45:39,34.19,0.01,5,17095,买盘
10:45:41,34.18,-0.01,152,519553,卖盘
10:45:45,34.19,0.01,61,208554,买盘
10:45:48,34.19,0.0,16,54704,卖盘
10:45:50,34.19,0.0,5,17092,买盘
10:45:54,34.19,0.0,88,300822,买盘
10:45:57,34.18,-0.01,48,164100,卖盘
10:45:59,34.2,0.02,2017,6897456,买盘
10:46:03,34.21,0.01,271,927046,买盘
10:46:05,34.22,0.01,66,225886,买盘
10:46:08,34.23,0.01,18,61614,买盘
10:46:12,34.2,-0.03,200,684093,卖盘
10:46:14,34.2,0.0,34,116278,买盘
10:46:18,34.22,0.02,36,123205,买盘
10:46:21,34.23,0.01,3,10269,买盘
10:46:23,34.23,0.0,8,27384,买盘
10:46:26,34.23,0.0,30,102690,买盘
10:46:30,34.23,0.0,23,78729,买盘
10:46:32,34.23,0.0,83,284109,买盘
10:46:36,34.22,-0.01,15,51340,卖盘
10:46:39,34.24,0.02,3,10271,买盘
10:46:42,34.24,0.0,6,20544,买盘
10:46:45,34.24,0.0,74,253352,买盘
10:46:47,34.23,-0.01,23,78748,卖盘
10:46:51,34.24,0.01,22,75320,买盘
10:46:54,34.23,-0.01,36,123261,卖盘
10:46:57,34.23,0.0,35,119836,卖盘
10:47:00,34.24,0.01,70,239627,买盘
10:47:03,34.24,0.0,15,51353,买盘
10:47:06,34.24,0.0,3,10272,买盘
10:47:09,34.23,-0.01,206,705522,卖盘
10:47:12,34.25,0.02,23,78770,买盘
10:47:15,34.24,-0.01,154,527296,卖盘
10:47:17,34.25,0.01,14,47936,买盘
10:47:21,34.25,0.0,30,102703,买盘
10:47:23,34.23,-0.02,43,147238,买盘
10:47:27,34.23,0.0,6,20538,买盘
10:47:30,34.23,0.0,7,23961,买盘
10:47:33,34.23,0.0,91,311442,买盘
10:47:36,34.22,-0.01,44,150578,卖盘
10:47:39,34.22,0.0,549,1878674,买盘
10:47:42,34.22,0.0,119,407212,买盘
10:47:45,34.22,0.0,11,37642,买盘
10:47:48,34.22,0.0,112,383164,买盘
10:47:51,34.23,0.01,11,37653,买盘
10:47:54,34.23,0.0,20,68441,买盘
10:47:57,34.23,0.0,30,102690,买盘
10:47:59,34.23,0.0,9,30807,买盘
10:48:03,34.23,0.0,15,51332,买盘
10:48:06,34.21,-0.02,43,147136,卖盘
10:48:09,34.21,0.0,109,373082,买盘
10:48:12,34.2,-0.01,111,379685,卖盘
10:48:15,34.22,0.02,11,37642,买盘
10:48:18,34.22,0.0,4,13683,买盘
10:48:20,34.21,-0.01,8,27368,卖盘
10:48:23,34.22,0.01,2,6844,买盘
10:48:26,34.21,-0.01,1,3421,卖盘
10:48:30,34.21,0.0,1,3421,卖盘
10:48:36,34.21,0.0,27,92367,卖盘
10:48:39,34.21,0.0,16,54734,买盘
10:48:42,34.21,0.0,25,85514,买盘
10:48:44,34.21,0.0,19,64992,买盘
10:48:47,34.21,0.0,5,17104,买盘
10:48:51,34.21,0.0,12,41042,买盘
10:48:54,34.21,0.0,9,30789,买盘
10:48:56,34.21,0.0,46,157364,买盘
10:49:00,34.21,0.0,8,27368,买盘
10:49:03,34.21,0.0,203,694460,买盘
10:49:06,34.2,-0.01,95,324920,卖盘
10:49:09,34.22,0.02,40,136856,买盘
10:49:12,34.22,0.0,56,191564,买盘
10:49:15,34.2,-0.02,24,82105,卖盘
10:49:18,34.22,0.02,3,10266,买盘
10:49:23,34.2,-0.02,45,153902,卖盘
10:49:27,34.22,0.02,74,253203,买盘
10:49:30,34.21,-0.01,10,34213,中性盘
10:49:32,34.21,0.0,1,3421,买盘
10:49:36,34.2,-0.01,31,106035,卖盘
10:49:39,34.2,0.0,65,222361,卖盘
10:49:41,34.21,0.01,27,92367,买盘
10:49:44,34.21,0.0,8,27371,卖盘
10:49:48,34.22,0.01,4,13685,买盘
10:49:51,34.21,-0.01,22,75262,卖盘
10:49:54,34.21,0.0,12,41053,卖盘
10:49:57,34.21,0.0,58,198450,卖盘
10:50:00,34.22,0.01,51,174477,买盘
10:50:03,34.21,-0.01,58,198437,卖盘
10:50:06,34.21,0.0,8,27368,买盘
10:50:08,34.22,0.01,19,65008,买盘
10:50:12,34.22,0.0,6,20530,买盘
10:50:15,34.22,0.0,24,82128,买盘
10:50:17,34.22,0.0,82,280506,买盘
10:50:21,34.21,-0.01,11,37634,中性盘
10:50:24,34.21,0.0,14,47893,买盘
10:50:27,34.21,0.0,4,13681,买盘
10:50:30,34.21,0.0,2,6842,买盘
10:50:33,34.21,0.0,42,143682,买盘
10:50:35,34.21,0.0,4,13684,买盘
10:50:39,34.21,0.0,53,181302,买盘
10:50:42,34.21,0.0,34,116314,买盘
10:50:45,34.21,0.0,32,109467,买盘
10:50:48,34.2,-0.01,4,13683,卖盘
10:50:51,34.21,0.01,47,160762,买盘
10:50:54,34.21,0.0,18,61564,买盘
10:50:57,34.21,0.0,62,212080,买盘
10:50:59,34.21,0.0,25,85524,买盘
10:51:03,34.21,0.0,16,54739,卖盘
10:51:05,34.21,0.0,38,129964,买盘
10:51:09,34.21,0.0,283,968143,买盘
10:51:12,34.21,0.0,35,119758,中性盘
10:51:15,34.22,0.01,17,58154,买盘
10:51:17,34.2,-0.02,45,153974,卖盘
10:51:21,34.22,0.02,72,246248,买盘
10:51:23,34.22,0.0,65,222317,买盘
10:51:27,34.21,-0.01,29,99216,卖盘
10:51:30,34.21,0.0,9,30791,买盘
10:51:33,34.22,0.01,5,17106,买盘
10:51:35,34.21,-0.01,48,164211,卖盘
10:51:38,34.21,0.0,54,184753,卖盘
10:51:42,34.22,0.01,44,150539,买盘
10:51:45,34.22,0.0,4,13688,买盘
10:51:48,34.21,-0.01,5,17105,卖盘
10:51:51,34.21,0.0,23,78699,卖盘
10:51:53,34.21,0.0,87,297657,卖盘
10:51:57,34.22,0.01,607,2077658,买盘
10:52:00,34.24,0.02,79,270458,买盘
10:52:03,34.22,-0.02,44,150586,卖盘
10:52:06,34.24,0.02,22,75297,买盘
10:52:08,34.25,0.01,16,54794,买盘
10:52:12,34.24,-0.01,5,17121,卖盘
10:52:14,34.24,0.0,5,17114,买盘
10:52:16,34.24,0.0,51,174624,卖盘
10:52:21,34.25,0.01,183,627321,买盘
10:52:23,34.26,0.01,81,277505,买盘
10:52:25,34.26,0.0,66,226065,买盘
10:52:30,34.28,0.02,1082,3706946,买盘
10:52:33,34.28,0.0,109,373627,买盘
10:52:36,34.29,0.01,44,150875,买盘
10:52:39,34.29,0.0,18,61721,买盘
10:52:42,34.29,0.0,69,236601,买盘
10:52:45,34.28,-0.01,30,102865,卖盘
10:52:47,34.29,0.01,6,20573,买盘
10:52:51,34.29,0.0,45,154305,买盘
10:52:54,34.29,0.0,61,209162,买盘
10:52:57,34.29,0.0,32,109728,买盘
10:53:00,34.29,0.0,28,96015,卖盘
10:53:03,34.29,0.0,150,514446,买盘
10:53:06,34.3,0.01,2189,7508211,买盘
10:53:09,34.3,0.0,571,1958337,买盘
10:53:12,34.29,-0.01,390,1337699,卖盘
10:53:15,34.3,0.01,298,1022128,买盘
10:53:18,34.31,0.01,146,500864,买盘
10:53:21,34.3,-0.01,69,236685,卖盘
10:53:24,34.33,0.03,188,645087,买盘
10:53:27,34.33,0.0,126,432344,买盘
10:53:30,34.33,0.0,13,44629,买盘
10:53:33,34.31,-0.02,36,123522,卖盘
10:53:36,34.32,0.01,62,212734,买盘
10:53:39,34.32,0.0,35,120120,买盘
10:53:42,34.31,-0.01,31,106384,卖盘
10:53:45,34.32,0.01,15,51483,买盘
10:53:48,34.33,0.01,20,68660,买盘
10:53:49,34.33,0.0,102,350166,买盘
10:53:54,34.33,0.0,104,357019,买盘
10:53:57,34.34,0.01,350,1201845,买盘
10:54:00,34.34,0.0,49,168261,买盘
10:54:03,34.33,-0.01,344,1180977,卖盘
10:54:06,34.32,-0.01,75,257469,卖盘
10:54:09,34.33,0.01,58,199065,买盘
10:54:12,34.33,0.0,48,164756,买盘
10:54:15,34.32,-0.01,114,391260,卖盘
10:54:16,34.32,0.0,208,713706,买盘
10:54:21,34.32,0.0,32,109823,买盘
10:54:24,34.32,0.0,363,1245462,买盘
10:54:27,34.32,0.0,209,717116,买盘
10:54:30,34.31,-0.01,426,1461628,卖盘
10:54:33,34.31,0.0,61,209335,卖盘
10:54:36,34.31,0.0,160,548967,卖盘
10:54:38,34.31,0.0,51,174962,买盘
10:54:42,34.3,-0.01,71,243536,卖盘
10:54:45,34.31,0.01,8,27448,买盘
10:54:48,34.31,0.0,11,37742,卖盘
10:54:51,34.32,0.01,10,34316,买盘
10:54:55,34.3,-0.02,100,343110,卖盘
10:54:57,34.3,0.0,288,987840,卖盘
10:55:00,34.3,0.0,50,171493,买盘
10:55:03,34.3,0.0,5,17150,买盘
10:55:06,34.3,0.0,11,37720,买盘
10:55:07,34.3,0.0,55,188649,买盘
10:55:12,34.3,0.0,27,92615,卖盘
10:55:15,34.31,0.01,3,10293,买盘
10:55:18,34.3,-0.01,42,144063,卖盘
10:55:21,34.3,0.0,60,205805,卖盘
10:55:24,34.3,0.0,51,174927,买盘
10:55:27,34.3,0.0,5,17150,买盘
10:55:30,34.3,0.0,3,10290,买盘
10:55:33,34.3,0.0,21,72014,买盘
10:55:36,34.3,0.0,496,1701280,买盘
10:55:39,34.3,0.0,65,222996,卖盘
10:55:42,34.31,0.01,9,30877,买盘
10:55:45,34.3,-0.01,13,44591,卖盘
10:55:48,34.3,0.0,63,216091,卖盘
10:55:51,34.29,-0.01,63,216063,卖盘
10:55:54,34.31,0.02,31,106361,买盘
10:55:56,34.31,0.0,34,116636,买盘
10:56:00,34.3,-0.01,14,48017,中性盘
10:56:01,34.3,0.0,3,10290,卖盘
10:56:06,34.31,0.01,26,89197,买盘
10:56:07,34.3,-0.01,13,44598,卖盘
10:56:12,34.3,0.0,38,130342,卖盘
10:56:13,34.3,0.0,38,130348,卖盘
10:56:18,34.31,0.01,45,154353,买盘
10:56:21,34.31,0.0,70,240150,买盘
10:56:24,34.31,0.0,48,164682,买盘
10:56:27,34.31,0.0,14,48031,买盘
10:56:30,34.31,0.0,136,466531,买盘
10:56:33,34.3,-0.01,27,92625,卖盘
10:56:36,34.3,0.0,38,130373,卖盘
10:56:39,34.31,0.01,61,209263,买盘
10:56:42,34.32,0.01,16,54900,买盘
10:56:44,34.31,-0.01,332,1138638,中性盘
10:56:48,34.31,0.0,50,171522,买盘
10:56:51,34.31,0.0,14,48026,买盘
10:56:54,34.3,-0.01,116,397908,卖盘
10:56:57,34.31,0.01,13,44615,中性盘
10:57:00,34.31,0.0,46,157828,卖盘
10:57:01,34.31,0.0,20,68610,买盘
10:57:06,34.32,0.01,943,3236317,买盘
10:57:09,34.32,0.0,152,521758,卖盘
10:57:12,34.33,0.01,54,185343,买盘
10:57:15,34.31,-0.02,567,1946500,中性盘
10:57:18,34.3,-0.01,83,284760,卖盘
10:57:20,34.3,0.0,24,82329,中性盘
10:57:24,34.31,0.01,2,6862,买盘
10:57:28,34.3,-0.01,3,10290,卖盘
10:57:33,34.3,0.0,157,538510,卖盘
10:57:36,34.3,0.0,44,150920,买盘
10:57:39,34.29,-0.01,56,192128,卖盘
10:57:42,34.31,0.02,317,1087627,买盘
10:57:45,34.31,0.0,56,192123,买盘
10:57:46,34.31,0.0,25,85767,买盘
10:57:51,34.31,0.0,47,161252,买盘
10:57:54,34.31,0.0,100,343092,买盘
10:57:57,34.31,0.0,30,102921,买盘
10:58:00,34.31,0.0,96,329320,买盘
10:58:03,34.31,0.0,16,54896,买盘
10:58:06,34.31,0.0,404,1384647,买盘
10:58:09,34.3,-0.01,49,168062,买盘
10:58:12,34.3,0.0,32,109760,买盘
10:58:15,34.29,-0.01,21,72027,卖盘
10:58:16,34.3,0.01,17,58305,买盘
10:58:21,34.29,-0.01,22,75440,卖盘
10:58:22,34.3,0.01,57,195498,买盘
10:58:27,34.3,0.0,15,51449,买盘
10:58:30,34.3,0.0,44,150916,卖盘
10:58:33,34.31,0.01,11,37736,买盘
10:58:36,34.27,-0.04,70,240048,卖盘
10:58:39,34.27,0.0,41,140507,买盘
10:58:40,34.27,0.0,73,250171,买盘
10:58:45,34.27,0.0,21,71954,买盘
10:58:48,34.27,0.0,5,17132,买盘
10:58:51,34.27,0.0,29,99383,买盘
10:58:54,34.26,-0.01,38,130204,卖盘
10:58:57,34.26,0.0,12,41112,买盘
10:59:00,34.27,0.01,60,205557,买盘
10:59:03,34.27,0.0,110,376889,买盘
10:59:06,34.25,-0.02,65,222647,卖盘
10:59:08,34.27,0.02,18,61680,买盘
10:59:12,34.27,0.0,23,78814,买盘
10:59:15,34.26,-0.01,24,82238,卖盘
10:59:18,34.26,0.0,31,106233,卖盘
10:59:21,34.27,0.01,42,143922,买盘
10:59:24,34.27,0.0,273,935170,买盘
10:59:27,34.27,0.0,18,61682,买盘
10:59:30,34.29,0.02,3,10287,买盘
10:59:32,34.29,0.0,23,78851,买盘
10:59:36,34.3,0.01,25,85714,买盘
10:59:37,34.3,0.0,156,535079,买盘
10:59:42,34.31,0.01,32,109787,买盘
10:59:45,34.3,-0.01,30,102904,卖盘
10:59:48,34.31,0.01,26,89206,买盘
10:59:51,34.31,0.0,91,312221,买盘
10:59:54,34.31,0.0,31,106351,买盘
10:59:56,34.3,-0.01,71,243594,卖盘
11:00:00,34.31,0.01,21,72051,买盘
11:00:03,34.31,0.0,45,154395,买盘
11:00:06,34.31,0.0,69,236739,买盘
11:00:09,34.31,0.0,12,41179,卖盘
11:00:12,34.31,0.0,320,1098217,卖盘
11:00:15,34.33,0.02,95,326052,买盘
11:00:18,34.32,-0.01,31,106392,买盘
11:00:21,34.32,0.0,87,298520,卖盘
11:00:22,34.31,-0.01,60,205962,卖盘
11:00:27,34.33,0.02,123,422231,买盘
11:00:30,34.33,0.0,13,44627,买盘
11:00:33,34.32,-0.01,2,6864,买盘
11:00:35,34.32,0.0,45,154423,买盘
11:00:39,34.31,-0.01,18,61767,卖盘
11:00:42,34.33,0.02,60,205950,买盘
11:00:45,34.33,0.0,17,58349,买盘
11:00:46,34.33,0.0,19,65226,买盘
11:00:50,34.33,0.0,45,154483,买盘
11:00:52,34.32,-0.01,257,881824,卖盘
11:00:57,34.33,0.01,73,250582,买盘
11:01:00,34.33,0.0,321,1101240,买盘
11:01:03,34.34,0.01,43,147650,买盘
11:01:06,34.34,0.0,172,590480,买盘
11:01:09,34.34,0.0,60,206474,买盘
11:01:11,34.34,0.0,18,61796,买盘
11:01:13,34.33,-0.01,26,89259,中性盘
11:01:18,34.34,0.01,54,185359,买盘
11:01:20,34.3,-0.04,52,178446,卖盘
11:01:24,34.3,0.0,70,240238,卖盘
11:01:27,34.32,0.02,12,41180,卖盘
11:01:30,34.3,-0.02,146,500841,卖盘
11:01:33,34.34,0.04,306,1050354,买盘
11:01:36,34.3,-0.04,106,363726,卖盘
11:01:39,34.3,0.0,60,205861,卖盘
11:01:42,34.3,0.0,61,209279,卖盘
11:01:45,34.32,0.02,61,209294,中性盘
11:01:46,34.32,0.0,82,281328,买盘
11:01:51,34.31,-0.01,41,140680,中性盘
11:01:54,34.31,0.0,131,449486,卖盘
11:01:57,34.31,0.0,82,281314,买盘
11:01:58,34.32,0.01,19,65197,买盘
11:02:03,34.3,-0.02,46,157804,卖盘
11:02:06,34.3,0.0,81,277886,卖盘
11:02:09,34.3,0.0,101,346543,卖盘
11:02:11,34.31,0.01,36,123547,中性盘
11:02:13,34.29,-0.02,132,452744,卖盘
11:02:16,34.29,0.0,21,72023,卖盘
11:02:21,34.31,0.02,58,198989,买盘
11:02:24,34.3,-0.01,88,301930,卖盘
11:02:27,34.29,-0.01,52,178309,卖盘
11:02:28,34.29,0.0,66,226313,买盘
11:02:33,34.29,0.0,46,157699,买盘
11:02:36,34.29,0.0,19,65149,买盘
11:02:39,34.29,0.0,37,126869,买盘
11:02:42,34.29,0.0,9,30855,买盘
11:02:44,34.29,0.0,377,1292727,买盘
11:02:48,34.27,-0.02,751,2573788,卖盘
11:02:51,34.31,0.04,87,298433,买盘
11:02:54,34.3,-0.01,63,216083,中性盘
11:02:57,34.31,0.01,8,27447,买盘
11:02:58,34.29,-0.02,85,291472,卖盘
11:03:03,34.29,0.0,21,71993,买盘
11:03:06,34.27,-0.02,4,13712,卖盘
11:03:07,34.28,0.01,17,58276,买盘
11:03:12,34.28,0.0,24,82272,买盘
11:03:13,34.28,0.0,20,68560,买盘
11:03:18,34.28,0.0,28,95962,买盘
11:03:21,34.27,-0.01,17,58265,卖盘
11:03:24,34.28,0.01,124,425071,买盘
11:03:27,34.27,-0.01,34,116531,卖盘
11:03:30,34.28,0.01,3,10284,买盘
11:03:32,34.28,0.0,19,65132,买盘
11:03:35,34.28,0.0,58,198818,买盘
11:03:39,34.28,0.0,32,109675,买盘
11:03:42,34.28,0.0,8,27424,买盘
11:03:45,34.28,0.0,27,92548,买盘
11:03:48,34.28,0.0,42,143976,买盘
11:03:51,34.27,-0.01,79,270808,卖盘
11:03:54,34.28,0.01,36,123407,买盘
11:03:57,34.27,-0.01,85,291309,卖盘
11:04:00,34.28,0.01,23,78842,中性盘
11:04:03,34.28,0.0,254,870690,买盘
11:04:06,34.29,0.01,81,277720,买盘
11:04:09,34.29,0.0,51,174793,买盘
11:04:12,34.27,-0.02,29,99397,卖盘
11:04:15,34.27,0.0,28,95981,卖盘
11:04:16,34.28,0.01,45,154271,买盘
11:04:21,34.28,0.0,164,562237,卖盘
11:04:24,34.29,0.01,23,78843,买盘
11:04:27,34.29,0.0,10,34290,买盘
11:04:30,34.29,0.0,4,13716,买盘
11:04:33,34.28,-0.01,10,34280,卖盘
11:04:36,34.28,0.0,61,209133,卖盘
11:04:39,34.29,0.01,106,363474,买盘
11:04:42,34.29,0.0,13,44575,买盘
11:04:45,34.29,0.0,143,490222,买盘
11:04:48,34.29,0.0,48,164591,买盘
11:04:51,34.29,0.0,70,240006,买盘
11:04:54,34.29,0.0,55,188595,买盘
11:04:57,34.28,-0.01,36,123415,卖盘
11:05:00,34.29,0.01,140,480049,买盘
11:05:03,34.29,0.0,29,99438,买盘
11:05:06,34.29,0.0,372,1275578,买盘
11:05:08,34.29,0.0,103,353223,卖盘
11:05:12,34.29,0.0,115,394441,卖盘
11:05:15,34.3,0.01,40,135701,买盘
11:05:18,34.3,0.0,980,3362341,买盘
11:05:21,34.3,0.0,110,377290,买盘
11:05:24,34.3,0.0,57,195470,买盘
11:05:27,34.3,0.0,232,794271,买盘
11:05:28,34.28,-0.02,79,270944,卖盘
11:05:33,34.28,0.0,162,555353,卖盘
11:05:36,34.29,0.01,80,274264,买盘
11:05:37,34.28,-0.01,171,586235,卖盘
11:05:42,34.28,0.0,42,145486,卖盘
11:05:45,34.27,-0.01,42,143944,卖盘
11:05:48,34.28,0.01,2,6856,买盘
11:05:51,34.28,0.0,5,17140,卖盘
11:05:54,34.28,0.0,2,6857,卖盘
11:05:57,34.28,0.0,2,6856,卖盘
11:06:00,34.27,-0.01,94,322220,卖盘
11:06:03,34.29,0.02,21,72009,买盘
11:06:06,34.27,-0.02,17,58269,卖盘
11:06:09,34.28,0.01,49,167961,买盘
11:06:12,34.28,0.0,73,250270,卖盘
11:06:15,34.28,0.0,15,51428,卖盘
11:06:16,34.29,0.01,1,3429,买盘
11:06:21,34.29,0.0,99,339466,买盘
11:06:24,34.29,0.0,42,144013,买盘
11:06:27,34.3,0.01,221,757918,买盘
11:06:30,34.31,0.01,30,102921,买盘
11:06:33,34.31,0.0,13,44603,买盘
11:06:36,34.31,0.0,35,120066,买盘
11:06:39,34.31,0.0,34,116623,买盘
11:06:42,34.31,0.0,14,48024,买盘
11:06:45,34.3,-0.01,188,644860,卖盘
11:06:48,34.3,0.0,61,209230,买盘
11:06:51,34.29,-0.01,125,428726,卖盘
11:06:53,34.31,0.02,134,459649,买盘
11:06:57,34.31,0.0,105,360022,买盘
11:07:00,34.3,-0.01,82,281202,中性盘
11:07:03,34.3,0.0,44,150928,卖盘
11:07:06,34.31,0.01,9,30879,买盘
11:07:09,34.3,-0.01,14,48021,卖盘
11:07:12,34.3,0.0,20,68600,卖盘
11:07:15,34.3,0.0,6,20580,买盘
11:07:17,34.3,0.0,54,185220,买盘
11:07:20,34.3,0.0,38,130322,买盘
11:07:24,34.3,0.0,27,92608,买盘
11:07:25,34.3,0.0,59,202370,买盘
11:07:30,34.29,-0.01,155,531645,卖盘
11:07:33,34.3,0.01,98,336138,买盘
11:07:35,34.3,0.0,18,61757,卖盘
11:07:39,34.31,0.01,30,102904,买盘
11:07:42,34.31,0.0,204,699920,买盘
11:07:45,34.31,0.0,38,130404,卖盘
11:07:48,34.32,0.01,4,13728,买盘
11:07:50,34.3,-0.02,26,89187,卖盘
11:07:54,34.31,0.01,55,188748,卖盘
11:07:57,34.31,0.0,21,72048,买盘
11:08:00,34.32,0.01,27,92641,买盘
11:08:01,34.32,0.0,12,41184,买盘
11:08:06,34.31,-0.01,8,27452,中性盘
11:08:09,34.3,-0.01,13,44590,卖盘
11:08:12,34.31,0.01,2,6862,买盘
11:08:13,34.31,0.0,7,24017,买盘
11:08:18,34.3,-0.01,7,24012,卖盘
11:08:20,34.31,0.01,15,51460,买盘
11:08:24,34.31,0.0,29,99512,买盘
11:08:25,34.31,0.0,11,37741,买盘
11:08:30,34.31,0.0,27,92629,买盘
11:08:33,34.3,-0.01,3,10292,卖盘
11:08:35,34.31,0.01,8,27448,买盘
11:08:39,34.31,0.0,62,212661,买盘
11:08:42,34.31,0.0,11,37736,买盘
11:08:45,34.31,0.0,100,343046,买盘
11:08:48,34.31,0.0,71,243554,买盘
11:08:51,34.31,0.0,12,41167,买盘
11:08:54,34.3,-0.01,28,96047,卖盘
11:08:57,34.31,0.01,37,126947,买盘
11:09:00,34.3,-0.01,14,48024,卖盘
11:09:01,34.31,0.01,3,10292,买盘
11:09:06,34.31,0.0,24,82338,买盘
11:09:09,34.3,-0.01,15,51460,卖盘
11:09:12,34.31,0.01,325,1115048,买盘
11:09:15,34.3,-0.01,46,157816,卖盘
11:09:16,34.3,0.0,17,58322,卖盘
11:09:21,34.31,0.01,7,24016,买盘
11:09:24,34.31,0.0,26,89204,买盘
11:09:27,34.3,-0.01,46,157814,卖盘
11:09:30,34.31,0.01,13,44598,买盘
11:09:32,34.3,-0.01,19,65183,卖盘
11:09:36,34.31,0.01,68,233302,买盘
11:09:39,34.3,-0.01,31,106341,卖盘
11:09:42,34.3,0.0,24,82342,卖盘
11:09:44,34.31,0.01,46,157817,买盘
11:09:48,34.31,0.0,509,1745874,买盘
11:09:51,34.32,0.01,310,1063666,买盘
11:09:54,34.32,0.0,43,147569,买盘
11:09:57,34.32,0.0,35,120096,买盘
11:10:00,34.32,0.0,150,514639,买盘
11:10:03,34.31,-0.01,27,92652,中性盘
11:10:06,34.32,0.01,5,17157,买盘
11:10:09,34.31,-0.01,80,274534,卖盘
11:10:12,34.32,0.01,28,96096,买盘
11:10:13,34.32,0.0,241,826736,买盘
11:10:18,34.32,0.0,86,295145,买盘
11:10:20,34.31,-0.01,16,54891,卖盘
11:10:24,34.3,-0.01,77,264182,卖盘
11:10:27,34.32,0.02,55,188754,买盘
11:10:30,34.32,0.0,11,37747,买盘
11:10:32,34.32,0.0,5,17156,买盘
11:10:36,34.31,-0.01,7,24023,卖盘
11:10:39,34.31,0.0,35,120086,卖盘
11:10:41,34.31,0.0,32,109797,卖盘
11:10:45,34.31,0.0,42,144110,卖盘
11:10:46,34.4,0.09,8171,28077442,买盘
11:10:50,34.41,0.01,391,1345244,买盘
11:10:54,34.41,0.0,72,247819,卖盘
11:10:57,34.42,0.01,63,216822,买盘
11:11:00,34.45,0.03,2850,9815261,买盘
11:11:03,34.46,0.01,255,878700,买盘
11:11:05,34.46,0.0,52,179218,卖盘
11:11:09,34.46,0.0,132,454879,卖盘
11:11:12,34.47,0.01,141,486027,买盘
11:11:15,34.47,0.0,68,234372,买盘
11:11:17,34.47,0.0,217,747835,买盘
11:11:21,34.47,0.0,495,1706250,买盘
11:11:22,34.47,0.0,926,3191849,买盘
11:11:27,34.48,0.01,1017,3505715,买盘
11:11:30,34.46,-0.02,399,1375164,卖盘
11:11:33,34.48,0.02,270,930912,买盘
11:11:36,34.48,0.0,82,282647,买盘
11:11:39,34.47,-0.01,56,193082,卖盘
11:11:42,34.47,0.0,119,410292,卖盘
11:11:45,34.48,0.01,54,186192,买盘
11:11:48,34.48,0.0,122,420667,卖盘
11:11:51,34.48,0.0,196,675805,买盘
11:11:54,34.48,0.0,155,534461,买盘
11:11:57,34.48,0.0,152,524174,卖盘
11:12:00,34.47,-0.01,174,599850,卖盘
11:12:01,34.47,0.0,37,127539,买盘
11:12:06,34.47,0.0,102,351631,买盘
11:12:08,34.47,0.0,106,365466,买盘
11:12:12,34.46,-0.01,92,317047,卖盘
11:12:15,34.48,0.02,236,811954,买盘
11:12:16,34.46,-0.02,134,461716,卖盘
11:12:21,34.45,-0.01,44,151622,卖盘
11:12:24,34.45,0.0,52,179146,卖盘
11:12:25,34.45,0.0,84,289400,卖盘
11:12:28,34.45,0.0,1272,4384213,卖盘
11:12:32,34.45,0.0,559,1926247,卖盘
11:12:36,34.46,0.01,82,282764,中性盘
11:12:38,34.46,0.0,79,272218,买盘
11:12:42,34.48,0.02,22,75834,买盘
11:12:45,34.47,-0.01,52,179201,卖盘
11:12:48,34.46,-0.01,50,172277,卖盘
11:12:51,34.47,0.01,85,293036,买盘
11:12:52,34.47,0.0,42,144783,卖盘
11:12:57,34.47,0.0,49,168908,卖盘
11:12:58,34.47,0.0,61,210241,买盘
11:13:03,34.47,0.0,117,403223,买盘
11:13:06,34.47,0.0,34,117188,买盘
11:13:09,34.45,-0.02,95,327318,卖盘
11:13:12,34.46,0.01,30,103380,买盘
11:13:14,34.46,0.0,88,303169,买盘
11:13:18,34.48,0.02,710,2446857,买盘
11:13:21,34.46,-0.02,82,282705,中性盘
11:13:24,34.45,-0.01,54,186071,卖盘
11:13:27,34.47,0.02,443,1527173,买盘
11:13:29,34.46,-0.01,160,551522,卖盘
11:13:32,34.46,0.0,51,175740,买盘
11:13:35,34.46,0.0,75,258479,买盘
11:13:38,34.48,0.02,24,82729,买盘
11:13:42,34.47,-0.01,13,44805,中性盘
11:13:45,34.48,0.01,48,165431,买盘
11:13:48,34.48,0.0,167,575777,买盘
11:13:51,34.48,0.0,85,293070,买盘
11:13:54,34.48,0.0,357,1230919,买盘
11:13:57,34.48,0.0,47,162055,买盘
11:13:58,34.47,-0.01,493,1699568,卖盘
11:14:02,34.47,0.0,42,144779,买盘
11:14:06,34.48,0.01,15,51715,买盘
11:14:09,34.48,0.0,77,265495,买盘
11:14:12,34.48,0.0,19,65505,买盘
11:14:15,34.48,0.0,288,993023,买盘
11:14:18,34.48,0.0,39,134501,卖盘
11:14:20,34.48,0.0,125,431079,卖盘
11:14:23,34.48,0.0,60,206905,卖盘
11:14:27,34.49,0.01,106,365591,买盘
11:14:28,34.49,0.0,135,465493,买盘
11:14:33,34.48,-0.01,315,1086134,卖盘
11:14:36,34.48,0.0,293,1010527,卖盘
11:14:39,34.49,0.01,358,1234502,买盘
11:14:42,34.48,-0.01,246,848441,买盘
11:14:45,34.49,0.01,277,955177,买盘
11:14:48,34.48,-0.01,136,469019,卖盘
11:14:50,34.47,-0.01,353,1217166,卖盘
11:14:54,34.49,0.02,116,400171,中性盘
11:14:56,34.49,0.0,64,220760,卖盘
11:15:00,34.49,0.0,39,134518,卖盘
11:15:03,34.5,0.01,2156,7438145,买盘
11:15:06,34.5,0.0,695,2397713,买盘
11:15:09,34.49,-0.01,799,2755999,卖盘
11:15:12,34.5,0.01,255,879674,买盘
11:15:15,34.5,0.0,559,1928045,买盘
11:15:18,34.5,0.0,869,2998011,买盘
11:15:21,34.5,0.0,158,545086,买盘
11:15:23,34.49,-0.01,554,1910792,卖盘
11:15:27,34.5,0.01,559,1928538,买盘
11:15:29,34.49,-0.01,139,479477,卖盘
11:15:32,34.5,0.01,30,103500,买盘
11:15:36,34.49,-0.01,544,1876280,卖盘
11:15:39,34.49,0.0,405,1397236,买盘
11:15:41,34.5,0.01,407,1404105,买盘
11:15:45,34.5,0.0,110,379458,买盘
11:15:48,34.5,0.0,74,255262,买盘
11:15:51,34.49,-0.01,91,313882,卖盘
11:15:53,34.49,0.0,561,1934939,卖盘
11:15:56,34.49,0.0,204,703588,买盘
11:16:00,34.49,0.0,377,1300586,卖盘
11:16:03,34.49,0.0,88,303506,买盘
11:16:06,34.49,0.0,18,62082,买盘
11:16:09,34.49,0.0,84,289706,买盘
11:16:12,34.5,0.01,373,1286725,买盘
11:16:15,34.49,-0.01,96,331084,中性盘
11:16:17,34.49,0.0,54,186230,买盘
11:16:21,34.49,0.0,184,634597,买盘
11:16:24,34.48,-0.01,168,579349,卖盘
11:16:25,34.48,0.0,116,400017,卖盘
11:16:30,34.49,0.01,223,768925,买盘
11:16:33,34.48,-0.01,90,310259,中性盘
11:16:36,34.47,-0.01,58,199887,中性盘
11:16:39,34.48,0.01,19,65510,买盘
11:16:41,34.47,-0.01,97,334364,卖盘
11:16:44,34.49,0.02,289,996460,买盘
11:16:47,34.47,-0.02,66,227502,买盘
11:16:51,34.47,0.0,18,62046,买盘
11:16:54,34.47,0.0,18,62046,买盘
11:16:57,34.47,0.0,28,96515,买盘
11:16:58,34.47,0.0,7,24129,买盘
11:17:03,34.46,-0.01,46,158523,卖盘
11:17:06,34.46,0.0,424,1461310,卖盘
11:17:08,34.47,0.01,50,172342,买盘
11:17:11,34.47,0.0,75,258504,买盘
11:17:15,34.47,0.0,85,292943,买盘
11:17:16,34.47,0.0,196,675612,买盘
11:17:21,34.47,0.0,30,103410,买盘
11:17:23,34.47,0.0,21,72372,买盘
11:17:27,34.46,-0.01,18,62030,卖盘
11:17:30,34.46,0.0,95,327388,卖盘
11:17:33,34.47,0.01,25,86169,买盘
11:17:35,34.46,-0.01,36,124064,卖盘
11:17:39,34.46,0.0,37,127505,卖盘
11:17:41,34.47,0.01,254,875532,买盘
11:17:45,34.47,0.0,26,89622,买盘
11:17:48,34.47,0.0,17,58599,买盘
11:17:51,34.47,0.0,30,103396,买盘
11:17:53,34.46,-0.01,166,572039,卖盘
11:17:57,34.47,0.01,253,872088,买盘
11:18:00,34.46,-0.01,72,248139,卖盘
11:18:03,34.47,0.01,13,44805,买盘
11:18:06,34.47,0.0,13,44806,买盘
11:18:09,34.46,-0.01,239,823621,卖盘
11:18:12,34.46,0.0,67,230882,卖盘
11:18:15,34.46,0.0,56,192976,买盘
11:18:18,34.46,0.0,8,27575,卖盘
11:18:21,34.46,0.0,83,286085,卖盘
11:18:23,34.47,0.01,31,106844,买盘
11:18:27,34.46,-0.01,39,134417,卖盘
11:18:30,34.47,0.01,46,158523,买盘
11:18:33,34.46,-0.01,67,230889,卖盘
11:18:35,34.47,0.01,29,99962,买盘
11:18:39,34.46,-0.01,311,1071709,卖盘
11:18:42,34.47,0.01,84,289459,买盘
11:18:45,34.46,-0.01,185,637495,卖盘
11:18:48,34.46,0.0,288,992193,卖盘
11:18:51,34.46,0.0,102,351487,买盘
11:18:54,34.45,-0.01,73,251511,卖盘
11:18:57,34.46,0.01,53,182652,买盘
11:18:59,34.45,-0.01,76,261853,卖盘
11:19:02,34.45,0.0,45,155033,卖盘
11:19:06,34.45,0.0,24,82690,卖盘
11:19:09,34.46,0.01,319,1098962,买盘
11:19:11,34.45,-0.01,113,389363,卖盘
11:19:14,34.45,0.0,171,589107,卖盘
11:19:18,34.45,0.0,59,203273,卖盘
11:19:21,34.46,0.01,31,106802,买盘
11:19:24,34.45,-0.01,43,148138,卖盘
11:19:27,34.45,0.0,370,1276131,卖盘
11:19:30,34.44,-0.01,77,265224,卖盘
11:19:32,34.43,-0.01,65,223831,卖盘
11:19:36,34.42,-0.01,9,30985,卖盘
11:19:39,34.42,0.0,72,247883,卖盘
11:19:41,34.43,0.01,69,237463,买盘
11:19:45,34.43,0.0,21,72282,买盘
11:19:48,34.41,-0.02,89,306338,卖盘
11:19:51,34.42,0.01,30,103260,买盘
11:19:53,34.41,-0.01,55,189264,卖盘
11:19:57,34.42,0.01,110,378422,买盘
11:19:59,34.4,-0.02,115,395614,卖盘
11:20:03,34.41,0.01,88,302733,买盘
11:20:06,34.4,-0.01,217,746495,卖盘
11:20:09,34.41,0.01,188,646746,买盘
11:20:12,34.43,0.02,88,302872,买盘
11:20:15,34.4,-0.03,143,491976,卖盘
11:20:18,34.37,-0.03,167,574917,卖盘
11:20:21,34.35,-0.02,63,216569,卖盘
11:20:24,34.35,0.0,61,209550,卖盘
11:20:26,34.39,0.04,166,569735,买盘
11:20:30,34.31,-0.08,29,99505,中性盘
11:20:33,34.29,-0.02,92,315536,卖盘
11:20:36,34.29,0.0,94,322405,卖盘
11:20:39,34.32,0.03,182,624629,买盘
11:20:41,34.35,0.03,45,154610,中性盘
11:20:45,34.29,-0.06,221,758342,卖盘
11:20:47,34.3,0.01,84,288098,买盘
11:20:51,34.3,0.0,140,480117,买盘
11:20:53,34.31,0.01,3,10298,买盘
11:20:56,34.31,0.0,6,20586,卖盘
11:21:00,34.31,0.0,23,78953,卖盘
11:21:03,34.35,0.04,3,10301,买盘
11:21:05,34.31,-0.04,163,559301,卖盘
11:21:09,34.31,0.0,70,240163,买盘
11:21:12,34.3,-0.01,42,144093,卖盘
11:21:15,34.31,0.01,35,120064,买盘
11:21:17,34.31,0.0,37,126938,买盘
11:21:21,34.32,0.01,144,493971,买盘
11:21:24,34.31,-0.01,149,511423,卖盘
11:21:27,34.31,0.0,75,257289,买盘
11:21:29,34.3,-0.01,41,140662,卖盘
11:21:33,34.31,0.01,14,48027,买盘
11:21:36,34.31,0.0,44,150944,买盘
11:21:39,34.31,0.0,35,120055,买盘
11:21:42,34.31,0.0,30,102930,买盘
11:21:45,34.31,0.0,22,75482,买盘
11:21:48,34.3,-0.01,85,291553,卖盘
11:21:51,34.31,0.01,30,102930,买盘
11:21:54,34.31,0.0,45,154398,卖盘
11:21:56,34.31,0.0,207,710577,卖盘
11:22:00,34.3,-0.01,74,253893,卖盘
11:22:03,34.31,0.01,18,61758,买盘
11:22:06,34.31,0.0,4,13724,买盘
11:22:09,34.3,-0.01,61,209232,卖盘
11:22:12,34.31,0.01,54,185273,买盘
11:22:15,34.31,0.0,38,130355,买盘
11:22:18,34.31,0.0,30,102905,买盘
11:22:21,34.31,0.0,52,178390,买盘
11:22:23,34.3,-0.01,99,340717,卖盘
11:22:27,34.3,0.0,71,243599,卖盘
11:22:29,34.31,0.01,37,126922,买盘
11:22:33,34.31,0.0,5,17153,买盘
11:22:36,34.3,-0.01,95,324838,卖盘
11:22:39,34.3,0.0,18,61740,买盘
11:22:41,34.29,-0.01,13,44579,卖盘
11:22:45,34.29,0.0,10,34295,卖盘
11:22:48,34.29,0.0,9,30863,卖盘
11:22:51,34.29,0.0,14,48006,卖盘
11:22:54,34.29,0.0,49,168022,卖盘
11:22:57,34.3,0.01,12,41158,买盘
11:23:00,34.3,0.0,13,44588,买盘
11:23:03,34.3,0.0,74,253802,买盘
11:23:05,34.29,-0.01,130,445777,卖盘
11:23:08,34.3,0.01,17,58308,买盘
11:23:12,34.29,-0.01,52,178316,卖盘
11:23:15,34.29,0.0,13,44577,买盘
11:23:18,34.29,0.0,4,13716,买盘
11:23:21,34.28,-0.01,11,37718,卖盘
11:23:24,34.28,0.0,3,10285,卖盘
11:23:27,34.29,0.01,27,92558,买盘
11:23:30,34.29,0.0,3,10287,买盘
11:23:33,34.28,-0.01,43,147404,卖盘
11:23:36,34.29,0.01,67,229685,买盘
11:23:38,34.29,0.0,115,394335,买盘
11:23:41,34.28,-0.01,86,294883,卖盘
11:23:45,34.29,0.01,41,140557,买盘
11:23:48,34.29,0.0,8,27428,买盘
11:23:50,34.28,-0.01,65,222826,卖盘
11:23:54,34.29,0.01,52,178282,买盘
11:23:57,34.29,0.0,12,41141,买盘
11:24:00,34.29,0.0,19,65133,买盘
11:24:03,34.29,0.0,3,10286,买盘
11:24:05,34.29,0.0,12,41148,买盘
11:24:09,34.28,-0.01,14,47994,卖盘
11:24:12,34.29,0.01,78,267415,买盘
11:24:14,34.29,0.0,16,54856,买盘
11:24:18,34.28,-0.01,76,260542,卖盘
11:24:21,34.29,0.01,32,109697,买盘
11:24:24,34.27,-0.02,26,89118,卖盘
11:24:26,34.27,0.0,35,119951,卖盘
11:24:30,34.28,0.01,27,92556,买盘
11:24:32,34.27,-0.01,60,205620,卖盘
11:24:36,34.27,0.0,80,274155,买盘
11:24:39,34.27,0.0,10,34270,买盘
11:24:42,34.27,0.0,1,3427,买盘
11:24:44,34.27,0.0,141,483096,买盘
11:24:48,34.27,0.0,42,143929,买盘
11:24:51,34.25,-0.02,196,671351,卖盘
11:24:54,34.25,0.0,49,167820,买盘
11:24:57,34.25,0.0,328,1122376,买盘
11:25:00,34.24,-0.01,17,58203,买盘
11:25:03,34.24,0.0,19,65061,卖盘
11:25:06,34.21,-0.03,51,174601,卖盘
11:25:09,34.24,0.03,14,47927,中性盘
11:25:11,34.23,-0.01,18,61604,买盘
11:25:15,34.23,0.0,21,71881,买盘
11:25:18,34.23,0.0,2,6846,买盘
11:25:21,34.22,-0.01,11,37652,卖盘
11:25:24,34.22,0.0,24,82131,卖盘
11:25:27,34.22,0.0,113,386681,卖盘
11:25:29,34.22,0.0,47,160834,买盘
11:25:33,34.22,0.0,16,54741,买盘
11:25:35,34.21,-0.01,17,58171,卖盘
11:25:39,34.22,0.01,121,414056,买盘
11:25:42,34.21,-0.01,73,249803,卖盘
11:25:45,34.21,0.0,24,82122,卖盘
11:25:48,34.21,0.0,308,1053690,卖盘
11:25:51,34.21,0.0,31,106050,买盘
11:25:53,34.21,0.0,32,109472,买盘
11:25:57,34.21,0.0,15,51314,买盘
11:25:59,34.21,0.0,85,290778,买盘
11:26:03,34.21,0.0,42,143678,买盘
11:26:06,34.2,-0.01,54,184684,卖盘
11:26:09,34.2,0.0,595,2034908,卖盘
11:26:12,34.2,0.0,82,280431,买盘
11:26:15,34.2,0.0,70,239415,买盘
11:26:18,34.2,0.0,83,283840,买盘
11:26:21,34.2,0.0,21,71813,买盘
11:26:24,34.19,-0.01,51,174370,卖盘
11:26:27,34.2,0.01,10,34200,买盘
11:26:30,34.19,-0.01,110,376103,卖盘
11:26:33,34.2,0.01,33,112860,买盘
11:26:36,34.19,-0.01,31,105998,卖盘
11:26:39,34.2,0.01,755,2581065,买盘
11:26:41,34.2,0.0,86,294109,买盘
11:26:45,34.2,0.0,74,252957,买盘
11:26:48,34.19,-0.01,27,92320,卖盘
11:26:51,34.19,0.0,40,136763,卖盘
11:26:53,34.2,0.01,16,54720,买盘
11:26:57,34.2,0.0,2,6840,买盘
11:26:59,34.2,0.0,15,51290,买盘
11:27:03,34.19,-0.01,31,105990,卖盘
11:27:06,34.2,0.01,21,71814,买盘
11:27:09,34.2,0.0,124,424073,买盘
11:27:11,34.2,0.0,129,441173,买盘
11:27:15,34.2,0.0,215,735262,买盘
11:27:18,34.19,-0.01,131,447906,卖盘
11:27:21,34.19,0.0,25,85475,买盘
11:27:24,34.19,0.0,37,126498,买盘
11:27:26,34.19,0.0,42,143597,买盘
11:27:30,34.19,0.0,29,99146,买盘
11:27:33,34.18,-0.01,10,34186,卖盘
11:27:36,34.19,0.01,32,109406,买盘
11:27:39,34.19,0.0,134,458146,买盘
11:27:42,34.19,0.0,87,297409,买盘
11:27:45,34.18,-0.01,169,577703,卖盘
11:27:47,34.18,0.0,71,242734,买盘
11:27:51,34.19,0.01,20,68373,买盘
11:27:53,34.18,-0.01,18,61536,卖盘
11:27:57,34.19,0.01,59,201682,买盘
11:28:00,34.19,0.0,29,99151,买盘
11:28:03,34.19,0.0,63,215347,买盘
11:28:06,34.19,0.0,26,88875,买盘
11:28:08,34.19,0.0,102,348738,买盘
11:28:12,34.2,0.01,94,321335,买盘
11:28:15,34.18,-0.02,242,827355,卖盘
11:28:18,34.19,0.01,101,345284,买盘
11:28:21,34.19,0.0,98,335107,卖盘
11:28:24,34.19,0.0,62,211989,卖盘
11:28:27,34.19,0.0,91,311119,卖盘
11:28:30,34.18,-0.01,146,499110,卖盘
11:28:33,34.18,0.0,122,416989,卖盘
11:28:36,34.18,0.0,77,263198,卖盘
11:28:39,34.19,0.01,164,560619,买盘
11:28:42,34.19,0.0,198,677049,卖盘
11:28:45,34.21,0.02,49,167579,买盘
11:28:48,34.21,0.0,38,129978,买盘
11:28:51,34.2,-0.01,8,27364,卖盘
11:28:53,34.2,0.0,24,82080,卖盘
11:28:57,34.2,0.0,113,386335,买盘
11:29:00,34.2,0.0,13,44460,买盘
11:29:03,34.2,0.0,25,85501,卖盘
11:29:06,34.2,0.0,65,222256,买盘
11:29:08,34.19,-0.01,94,321393,卖盘
11:29:12,34.18,-0.01,254,868226,卖盘
11:29:15,34.19,0.01,146,499083,买盘
11:29:18,34.17,-0.02,174,594607,卖盘
11:29:21,34.16,-0.01,379,1295120,卖盘
11:29:24,34.15,-0.01,487,1663484,卖盘
11:29:27,34.13,-0.02,305,1041464,卖盘
11:29:29,34.13,0.0,94,320956,卖盘
11:29:33,34.15,0.02,184,628026,中性盘
11:29:36,34.13,-0.02,222,757749,卖盘
11:29:39,34.15,0.02,170,580522,买盘
11:29:42,34.14,-0.01,146,498394,卖盘
11:29:45,34.13,-0.01,128,437007,卖盘
11:29:47,34.13,0.0,124,423298,卖盘
11:29:51,34.12,-0.01,123,419758,卖盘
11:29:53,34.13,0.01,158,539125,中性盘
11:29:56,34.12,-0.01,26,88730,卖盘
11:30:00,34.13,0.01,54,184274,买盘
13:00:01,34.13,0.0,120,409529,买盘
13:00:04,34.13,0.0,1534,5233763,卖盘
13:00:06,34.15,0.02,632,2156253,买盘
13:00:10,34.15,0.0,151,515590,买盘
13:00:13,34.14,-0.01,19,64881,卖盘
13:00:16,34.15,0.01,148,505277,买盘
13:00:18,34.14,-0.01,35,119522,卖盘
13:00:21,34.12,-0.02,185,631591,卖盘
13:00:25,34.14,0.02,91,310763,卖盘
13:00:27,34.14,0.0,20,68289,卖盘
13:00:30,34.15,0.01,101,344844,买盘
13:00:34,34.14,-0.01,325,1109043,卖盘
13:00:36,34.11,-0.03,58,197995,卖盘
13:00:40,34.15,0.04,164,561911,买盘
13:00:43,34.15,0.0,52,177580,买盘
13:00:46,34.1,-0.05,112,382229,卖盘
13:00:49,34.11,0.01,111,378555,买盘
13:00:51,34.1,-0.01,96,327445,卖盘
13:00:55,34.11,0.01,6,20463,买盘
13:00:58,34.1,-0.01,413,1408440,卖盘
13:01:00,34.12,0.02,44,150164,买盘
13:01:04,34.12,0.0,54,184237,卖盘
13:01:07,34.15,0.03,1044,3562126,买盘
13:01:10,34.16,0.01,28,95648,买盘
13:01:13,34.17,0.01,13,44409,买盘
13:01:16,34.17,0.0,27,92259,卖盘
13:01:18,34.16,-0.01,37,126401,卖盘
13:01:22,34.17,0.01,21,71752,买盘
13:01:25,34.17,0.0,527,1801260,卖盘
13:01:28,34.18,0.01,137,468261,买盘
13:01:31,34.18,0.0,15,51284,卖盘
13:01:33,34.19,0.01,15,51282,买盘
13:01:37,34.21,0.02,205,701084,买盘
13:01:40,34.21,0.0,72,246261,买盘
13:01:43,34.21,0.0,221,756432,卖盘
13:01:46,34.21,0.0,35,119780,卖盘
13:01:49,34.22,0.01,36,123216,卖盘
13:01:52,34.2,-0.02,265,906467,卖盘
13:01:54,34.21,0.01,1,3421,买盘
13:01:58,34.2,-0.01,229,783214,卖盘
13:02:00,34.23,0.03,76,260119,买盘
13:02:04,34.22,-0.01,13,44486,中性盘
13:02:06,34.24,0.02,317,1085080,买盘
13:02:10,34.24,0.0,526,1800525,买盘
13:02:13,34.24,0.0,90,308176,买盘
13:02:16,34.25,0.01,18,61640,买盘
13:02:18,34.25,0.0,6,20547,买盘
13:02:21,34.22,-0.03,198,677928,卖盘
13:02:25,34.24,0.02,32,109568,买盘
13:02:28,34.24,0.0,11,37664,卖盘
13:02:30,34.24,0.0,256,876292,买盘
13:02:33,34.23,-0.01,64,219170,卖盘
13:02:37,34.23,0.0,35,119811,卖盘
13:02:40,34.25,0.02,119,407312,买盘
13:02:43,34.2,-0.05,52,177985,卖盘
13:02:46,34.2,0.0,67,229248,卖盘
13:02:49,34.23,0.03,44,150527,买盘
13:02:51,34.18,-0.05,206,704330,卖盘
13:02:55,34.16,-0.02,368,1259173,卖盘
13:02:58,34.14,-0.02,310,1058738,卖盘
13:03:01,34.16,0.02,6,20496,买盘
13:03:04,34.16,0.0,1,3416,卖盘
13:03:07,34.16,0.0,61,208334,卖盘
13:03:10,34.16,0.0,18,61488,买盘
13:03:13,34.21,0.05,200,682617,买盘
13:03:16,34.12,-0.09,77,263157,卖盘
13:03:19,34.2,0.08,11,37620,买盘
13:03:21,34.18,-0.02,19,64958,卖盘
13:03:24,34.18,0.0,30,102549,卖盘
13:03:27,34.18,0.0,10,34182,买盘
13:03:31,34.18,0.0,6,20508,卖盘
13:03:34,34.17,-0.01,17,58103,卖盘
13:03:36,34.17,0.0,14,47841,卖盘
13:03:40,34.19,0.02,233,796580,买盘
13:03:43,34.19,0.0,329,1124907,卖盘
13:03:46,34.19,0.0,52,177820,卖盘
13:03:48,34.19,0.0,18,61554,卖盘
13:03:52,34.2,0.01,5,17098,买盘
13:03:55,34.2,0.0,145,495901,卖盘
13:03:58,34.2,0.0,137,468540,卖盘
13:04:01,34.2,0.0,337,1152544,买盘
13:04:04,34.21,0.01,187,639418,买盘
13:04:07,34.23,0.02,33,112943,买盘
13:04:10,34.2,-0.03,78,266837,卖盘
13:04:13,34.21,0.01,36,123146,中性盘
13:04:15,34.2,-0.01,15,51307,卖盘
13:04:18,34.12,-0.08,389,1328451,卖盘
13:04:22,34.19,0.07,46,157307,中性盘
13:04:25,34.23,0.04,25,85560,买盘
13:04:28,34.2,-0.03,5,17096,中性盘
13:04:30,34.2,0.0,22,75240,买盘
13:04:34,34.2,0.0,82,280282,买盘
13:04:36,34.18,-0.02,14,47845,卖盘
13:04:40,34.18,0.0,10,34180,买盘
13:04:42,34.11,-0.07,212,723903,卖盘
13:04:46,34.12,0.01,61,208132,买盘
13:04:48,34.1,-0.02,36,122805,卖盘
13:04:52,34.1,0.0,23,78448,卖盘
13:04:55,34.12,0.02,27,92081,买盘
13:04:58,34.12,0.0,380,1296158,买盘
13:05:01,34.1,-0.02,74,252418,卖盘
13:05:04,34.1,0.0,32,109102,买盘
13:05:07,34.1,0.0,15,51150,买盘
13:05:09,34.1,0.0,105,357982,买盘
13:05:13,34.1,0.0,358,1220923,买盘
13:05:16,34.18,0.08,40,136680,买盘
13:05:19,34.18,0.0,27,92122,买盘
13:05:22,34.1,-0.08,5,17073,卖盘
13:05:25,34.12,0.02,10,34138,卖盘
13:05:28,34.14,0.02,11,37546,中性盘
13:05:31,34.14,0.0,2,6828,买盘
13:05:33,34.14,0.0,2,6828,买盘
13:05:37,34.12,-0.02,3,10236,卖盘
13:05:39,34.14,0.02,281,959264,买盘
13:05:43,34.12,-0.02,145,494735,卖盘
13:05:46,34.12,0.0,87,296844,买盘
13:05:49,34.14,0.02,12,40962,买盘
13:05:51,34.12,-0.02,54,184332,卖盘
13:05:55,34.15,0.03,17,58035,买盘
13:05:58,34.12,-0.03,3,10240,卖盘
13:06:01,34.12,0.0,15,51208,卖盘
13:06:04,34.14,0.02,53,180940,买盘
13:06:07,34.14,0.0,14,47796,买盘
13:06:10,34.12,-0.02,22,75100,卖盘
13:06:13,34.11,-0.01,162,552813,卖盘
13:06:16,34.12,0.01,27,92120,买盘
13:06:19,34.11,-0.01,4,13647,卖盘
13:06:22,34.11,0.0,93,317315,卖盘
13:06:25,34.11,0.0,29,98933,卖盘
13:06:28,34.11,0.0,173,590142,卖盘
13:06:31,34.11,0.0,56,191011,买盘
13:06:33,34.12,0.01,17,57987,买盘
13:06:37,34.1,-0.02,106,361608,卖盘
13:06:40,34.1,0.0,130,443382,卖盘
13:06:43,34.14,0.04,221,753684,买盘
13:06:45,34.1,-0.04,252,859459,卖盘
13:06:49,34.12,0.02,36,122807,买盘
13:06:52,34.12,0.0,7,23892,卖盘
13:06:55,34.11,-0.01,107,365081,卖盘
13:06:58,34.12,0.01,41,139886,买盘
13:07:01,34.12,0.0,38,129656,买盘
13:07:04,34.11,-0.01,253,862698,卖盘
13:07:06,34.11,0.0,97,330808,买盘
13:07:10,34.1,-0.01,53,180775,卖盘
13:07:13,34.1,0.0,123,419430,卖盘
13:07:16,34.09,-0.01,223,760427,卖盘
13:07:19,34.09,0.0,37,126198,卖盘
13:07:21,34.11,0.02,11,37520,买盘
13:07:25,34.1,-0.01,34,115965,卖盘
13:07:28,34.1,0.0,39,132988,卖盘
13:07:30,34.09,-0.01,79,269378,卖盘
13:07:33,34.1,0.01,28,95479,买盘
13:07:37,34.1,0.0,34,115929,买盘
13:07:40,34.1,0.0,21,71606,买盘
13:07:43,34.1,0.0,331,1128524,买盘
13:07:46,34.09,-0.01,55,187571,卖盘
13:07:49,34.11,0.02,225,767088,买盘
13:07:52,34.11,0.0,43,146650,买盘
13:07:55,34.11,0.0,80,272880,买盘
13:07:58,34.11,0.0,454,1549312,卖盘
13:08:01,34.17,0.06,14,47775,买盘
13:08:04,34.17,0.0,4,13669,卖盘
13:08:07,34.1,-0.07,210,716446,卖盘
13:08:10,34.17,0.07,23,78529,买盘
13:08:13,34.13,-0.04,18,61412,中性盘
13:08:16,34.13,0.0,4,13652,买盘
13:08:19,34.13,0.0,41,139904,买盘
13:08:22,34.12,-0.01,79,269470,买盘
13:08:25,34.1,-0.02,26,88686,卖盘
13:08:28,34.11,0.01,230,784329,买盘
13:08:31,34.11,0.0,47,160293,买盘
13:08:34,34.11,0.0,18,61397,买盘
13:08:37,34.1,-0.01,125,426314,卖盘
13:08:40,34.11,0.01,13,44342,买盘
13:08:43,34.11,0.0,227,774178,买盘
13:08:45,34.1,-0.01,52,177335,卖盘
13:08:49,34.11,0.01,8,27287,买盘
13:08:51,34.1,-0.01,71,242118,卖盘
13:08:55,34.1,0.0,13,44330,买盘
13:08:58,34.1,0.0,129,439883,买盘
13:09:01,34.1,0.0,50,170464,买盘
13:09:03,34.09,-0.01,50,170481,卖盘
13:09:07,34.09,0.0,33,112505,卖盘
13:09:10,34.1,0.01,65,221597,买盘
13:09:12,34.09,-0.01,49,167087,卖盘
13:09:16,34.09,0.0,47,160236,卖盘
13:09:19,34.09,0.0,25,85235,卖盘
13:09:22,34.09,0.0,30,102280,卖盘
13:09:25,34.1,0.01,40,136378,买盘
13:09:28,34.1,0.0,15,51140,买盘
13:09:31,34.09,-0.01,17,57954,卖盘
13:09:34,34.09,0.0,38,129549,卖盘
13:09:37,34.1,0.01,25,85229,买盘
13:09:40,34.1,0.0,7,23868,买盘
13:09:43,34.09,-0.01,31,105679,卖盘
13:09:46,34.09,0.0,12,40908,买盘
13:09:48,34.1,0.01,44,150017,买盘
13:09:51,34.08,-0.02,13,44316,卖盘
13:09:55,34.08,0.0,67,228397,卖盘
13:09:58,34.09,0.01,65,221568,买盘
13:10:01,34.1,0.01,86,293260,买盘
13:10:04,34.09,-0.01,42,143188,卖盘
13:10:07,34.1,0.01,36,122731,买盘
13:10:09,34.09,-0.01,40,136382,卖盘
13:10:13,34.09,0.0,269,917238,卖盘
13:10:16,34.09,0.0,50,170321,卖盘
13:10:19,34.1,0.01,10,34100,买盘
13:10:22,34.09,-0.01,117,398872,卖盘
13:10:25,34.1,0.01,48,163648,买盘
13:10:28,34.1,0.0,72,245477,买盘
13:10:31,34.09,-0.01,23,78577,卖盘
13:10:34,34.1,0.01,16,54376,买盘
13:10:36,34.1,0.0,24,81837,买盘
13:10:40,34.1,0.0,40,136403,卖盘
13:10:42,34.1,0.0,64,218244,卖盘
13:10:46,34.1,0.0,37,126175,卖盘
13:10:48,34.11,0.01,20,68205,买盘
13:10:51,34.09,-0.02,77,262600,卖盘
13:10:54,34.1,0.01,12,40920,买盘
13:10:58,34.1,0.0,66,225060,买盘
13:11:01,34.1,0.0,24,81840,买盘
13:11:04,34.1,0.0,73,248888,买盘
13:11:07,34.09,-0.01,172,586427,卖盘
13:11:10,34.1,0.01,38,129598,中性盘
13:11:13,34.09,-0.01,47,160294,卖盘
13:11:15,34.11,0.02,11,37519,买盘
13:11:18,34.09,-0.02,13,44329,卖盘
13:11:21,34.09,0.0,29,98889,卖盘
13:11:25,34.09,0.0,28,95475,卖盘
13:11:28,34.09,0.0,16,54546,卖盘
13:11:31,34.1,0.01,23,78430,买盘
13:11:34,34.09,-0.01,21,71593,卖盘
13:11:37,34.1,0.01,7,23866,买盘
13:11:39,34.09,-0.01,54,184092,卖盘
13:11:42,34.1,0.01,56,190947,买盘
13:11:45,34.09,-0.01,16,54550,卖盘
13:11:48,34.1,0.01,27,92064,买盘
13:11:52,34.09,-0.01,35,119325,卖盘
13:11:55,34.09,0.0,12,40914,卖盘
13:11:58,34.1,0.01,168,572821,买盘
13:12:01,34.1,0.0,66,225059,买盘
13:12:04,34.09,-0.01,30,102299,卖盘
13:12:07,34.1,0.01,57,194332,卖盘
13:12:10,34.12,0.02,105,358184,买盘
13:12:13,34.12,0.0,20,68235,买盘
13:12:16,34.12,0.0,39,133037,卖盘
13:12:18,34.12,0.0,19,64828,买盘
13:12:22,34.11,-0.01,245,836117,卖盘
13:12:24,34.11,0.0,31,105789,卖盘
13:12:28,34.12,0.01,18,61419,中性盘
13:12:31,34.11,-0.01,63,214915,卖盘
13:12:34,34.11,0.0,19,64819,卖盘
13:12:37,34.15,0.04,138,471055,买盘
13:12:40,34.12,-0.03,22,75111,卖盘
13:12:42,34.12,0.0,57,194583,卖盘
13:12:45,34.16,0.04,13,44401,买盘
13:12:49,34.16,0.0,21,71720,买盘
13:12:52,34.15,-0.01,19,64895,卖盘
13:12:54,34.15,0.0,9,30743,卖盘
13:12:58,34.16,0.01,8,27328,买盘
13:13:00,34.15,-0.01,37,126391,卖盘
13:13:04,34.16,0.01,5,17080,买盘
13:13:07,34.16,0.0,30,102477,买盘
13:13:09,34.16,0.0,91,310837,买盘
13:13:13,34.16,0.0,345,1179273,买盘
13:13:15,34.16,0.0,35,119696,卖盘
13:13:18,34.2,0.04,7,23934,买盘
13:13:21,34.2,0.0,205,701148,买盘
13:13:23,34.2,0.0,134,458342,卖盘
13:13:27,34.17,-0.03,37,126464,卖盘
13:13:31,34.2,0.03,9,30780,买盘
13:13:34,34.2,0.0,15,51297,买盘
13:13:37,34.2,0.0,32,109435,买盘
13:13:40,34.2,0.0,74,253084,买盘
13:13:42,34.21,0.01,32,109512,买盘
13:13:45,34.21,0.0,17,58156,卖盘
13:13:48,34.21,0.0,2,6845,卖盘
13:13:51,34.22,0.01,20,68482,中性盘
13:13:54,34.22,0.0,25,85537,卖盘
13:13:57,34.22,0.0,3,10265,买盘
13:14:01,34.22,0.0,11,37632,买盘
13:14:04,34.23,0.01,31,106096,买盘
13:14:07,34.22,-0.01,3,10268,中性盘
13:14:09,34.23,0.01,3,10267,买盘
13:14:13,34.22,-0.01,67,229421,卖盘
13:14:15,34.2,-0.02,187,639655,卖盘
13:14:19,34.17,-0.03,99,338531,卖盘
13:14:21,34.2,0.03,17,58140,买盘
13:14:24,34.2,0.0,2,6840,买盘
13:14:27,34.2,0.0,3,10256,买盘
13:14:31,34.2,0.0,7,23940,买盘
13:14:33,34.2,0.0,11,37612,买盘
13:14:36,34.2,0.0,35,119696,买盘
13:14:40,34.2,0.0,4,13680,买盘
13:14:42,34.2,0.0,11,37620,买盘
13:14:46,34.2,0.0,33,112812,买盘
13:14:48,34.18,-0.02,20,68388,卖盘
13:14:51,34.18,0.0,10,34193,卖盘
13:14:53,34.2,0.02,20,68400,买盘
13:14:57,34.2,0.0,2,6838,买盘
13:15:01,34.2,0.0,12,41038,买盘
13:15:03,34.19,-0.01,13,44445,卖盘
13:15:05,34.2,0.01,117,400121,买盘
13:15:09,34.19,-0.01,32,109408,中性盘
13:15:12,34.18,-0.01,58,198291,卖盘
13:15:15,34.19,0.01,7,23933,买盘
13:15:18,34.19,0.0,74,253006,买盘
13:15:21,34.19,0.0,19,64969,卖盘
13:15:24,34.2,0.01,23,78640,买盘
13:15:27,34.19,-0.01,33,112830,卖盘
13:15:30,34.2,0.01,6,20518,买盘
13:15:36,34.2,0.0,4,13677,买盘
13:15:39,34.2,0.0,29,99160,买盘
13:15:42,34.2,0.0,3,10260,买盘
13:15:45,34.22,0.02,53,181324,买盘
13:15:48,34.23,0.01,42,143671,买盘
13:15:51,34.22,-0.01,103,352481,卖盘
13:15:54,34.22,0.0,16,54746,买盘
13:15:57,34.21,-0.01,4,13687,卖盘
13:16:01,34.22,0.01,13,44486,买盘
13:16:03,34.22,0.0,105,359310,买盘
13:16:06,34.22,0.0,12,41063,买盘
13:16:09,34.22,0.0,82,280518,买盘
13:16:12,34.21,-0.01,27,92383,中性盘
13:16:16,34.2,-0.01,5,17107,卖盘
13:16:18,34.22,0.02,137,468807,买盘
13:16:21,34.2,-0.02,19,64996,卖盘
13:16:24,34.21,0.01,45,153944,买盘
13:16:28,34.21,0.0,7,23947,买盘
13:16:30,34.21,0.0,116,396852,中性盘
13:16:33,34.21,0.0,14,47892,买盘
13:16:36,34.2,-0.01,79,270198,卖盘
13:16:39,34.25,0.05,244,835341,买盘
13:16:42,34.25,0.0,44,150689,买盘
13:16:45,34.25,0.0,271,927995,买盘
13:16:48,34.26,0.01,13,44534,买盘
13:16:51,34.26,0.0,26,89074,买盘
13:16:54,34.26,0.0,9,30831,买盘
13:16:57,34.26,0.0,39,133614,买盘
13:17:00,34.26,0.0,36,123340,买盘
13:17:04,34.27,0.01,39,133649,买盘
13:17:06,34.27,0.0,12,41117,买盘
13:17:08,34.27,0.0,50,171350,买盘
13:17:12,34.28,0.01,90,308479,买盘
13:17:15,34.27,-0.01,122,418120,卖盘
13:17:18,34.27,0.0,54,185038,买盘
13:17:20,34.27,0.0,22,75394,买盘
13:17:24,34.27,0.0,6,20561,买盘
13:17:27,34.27,0.0,11,37697,买盘
13:17:31,34.28,0.01,103,352995,买盘
13:17:33,34.28,0.0,13,44561,买盘
13:17:37,34.28,0.0,5,17137,买盘
13:17:39,34.28,0.0,39,133687,买盘
13:17:42,34.28,0.0,40,137119,买盘
13:17:44,34.28,0.0,49,167971,买盘
13:17:48,34.28,0.0,34,116525,买盘
13:17:51,34.28,0.0,43,147394,买盘
13:17:54,34.28,0.0,175,599900,买盘
13:17:57,34.27,-0.01,23,78839,卖盘
13:17:59,34.28,0.01,32,109692,买盘
13:18:04,34.27,-0.01,36,123384,卖盘
13:18:06,34.27,0.0,54,185082,卖盘
13:18:09,34.27,0.0,97,332437,卖盘
13:18:12,34.28,0.01,120,411225,买盘
13:18:15,34.28,0.0,24,82262,买盘
13:18:17,34.28,0.0,19,65084,买盘
13:18:21,34.25,-0.03,180,616602,卖盘
13:18:23,34.27,0.02,26,89094,买盘
13:18:27,34.27,0.0,23,78808,卖盘
13:18:30,34.28,0.01,3,10283,买盘
13:18:33,34.26,-0.02,25,85674,卖盘
13:18:36,34.27,0.01,16,54818,买盘
13:18:39,34.27,0.0,2,6854,买盘
13:18:42,34.25,-0.02,20,68510,卖盘
13:18:46,34.27,0.02,18,61685,买盘
13:18:48,34.25,-0.02,60,205538,卖盘
13:18:51,34.25,0.0,15,51382,卖盘
13:18:54,34.25,0.0,28,95909,卖盘
13:18:57,34.27,0.02,59,202149,买盘
13:18:59,34.27,0.0,189,647661,买盘
13:19:03,34.27,0.0,10,34264,买盘
13:19:06,34.27,0.0,13,44551,卖盘
13:19:09,34.26,-0.01,8,27408,卖盘
13:19:13,34.28,0.02,69,236477,买盘
13:19:15,34.25,-0.03,12,41114,卖盘
13:19:17,34.27,0.02,16,54822,买盘
13:19:21,34.27,0.0,12,41121,买盘
13:19:24,34.27,0.0,27,92520,买盘
13:19:27,34.26,-0.01,51,174724,卖盘
13:19:30,34.25,-0.01,15,51380,卖盘
13:19:33,34.25,0.0,25,85637,卖盘
13:19:36,34.26,0.01,14,47954,买盘
13:19:38,34.25,-0.01,22,75350,卖盘
13:19:42,34.27,0.02,476,1631034,买盘
13:19:45,34.27,0.0,13,44554,卖盘
13:19:48,34.27,0.0,23,78822,卖盘
13:19:50,34.27,0.0,10,34274,卖盘
13:19:54,34.28,0.01,4,13709,买盘
13:19:56,34.28,0.0,3,10284,买盘
13:20:00,34.27,-0.01,81,277650,卖盘
13:20:03,34.28,0.01,27,92554,买盘
13:20:06,34.27,-0.01,14,47986,卖盘
13:20:09,34.28,0.01,30,102825,买盘
13:20:12,34.29,0.01,52,178264,买盘
13:20:15,34.27,-0.02,26,89140,卖盘
13:20:18,34.28,0.01,2,6856,买盘
13:20:21,34.27,-0.01,123,421591,卖盘
13:20:24,34.28,0.01,77,263955,买盘
13:20:27,34.27,-0.01,38,130257,卖盘
13:20:30,34.27,0.0,108,370123,卖盘
13:20:33,34.27,0.0,4,13710,卖盘
13:20:35,34.28,0.01,1,3428,买盘
13:20:38,34.27,-0.01,30,102820,卖盘
13:20:43,34.29,0.02,77,264019,买盘
13:20:45,34.28,-0.01,24,82271,中性盘
13:20:48,34.28,0.0,24,82272,卖盘
13:20:51,34.27,-0.01,167,572539,卖盘
13:20:53,34.28,0.01,9,30851,中性盘
13:20:57,34.28,0.0,102,349583,卖盘
13:21:00,34.27,-0.01,3,10281,卖盘
13:21:03,34.27,0.0,364,1247428,卖盘
13:21:05,34.25,-0.02,16,54816,卖盘
13:21:10,34.27,0.02,61,209009,买盘
13:21:12,34.25,-0.02,9,30841,卖盘
13:21:15,34.25,0.0,1,3425,卖盘
13:21:18,34.23,-0.02,85,291121,卖盘
13:21:21,34.25,0.02,19,65075,买盘
13:21:27,34.23,-0.02,2,8386,卖盘
13:21:30,34.23,0.0,9,30807,卖盘
13:21:33,34.27,0.04,38,130167,买盘
13:21:36,34.25,-0.02,55,188447,卖盘
13:21:38,34.25,0.0,7,23975,卖盘
13:21:42,34.27,0.02,43,147297,买盘
13:21:45,34.25,-0.02,11,37675,中性盘
13:21:48,34.23,-0.02,32,109564,卖盘
13:21:51,34.24,0.01,2,6847,中性盘
13:21:54,34.25,0.01,44,149830,买盘
13:21:57,34.24,-0.01,15,51373,卖盘
13:22:03,34.24,0.0,39,134395,卖盘
13:22:06,34.24,0.0,3,10271,买盘
13:22:10,34.24,0.0,1,3424,买盘
13:22:12,34.23,-0.01,10,33374,卖盘
13:22:14,34.23,0.0,17,58192,卖盘
13:22:18,34.23,0.0,64,219970,卖盘
13:22:20,34.21,-0.02,23,78697,卖盘
13:22:24,34.23,0.02,16,54768,买盘
13:22:27,34.23,0.0,7,23960,买盘
13:22:30,34.21,-0.02,11,36204,卖盘
13:22:33,34.21,0.0,26,88946,卖盘
13:22:36,34.21,0.0,1,3421,卖盘
13:22:39,34.22,0.01,55,188167,买盘
13:22:41,34.22,0.0,5,17110,买盘
13:22:45,34.21,-0.01,24,82109,卖盘
13:22:48,34.21,0.0,98,336714,卖盘
13:22:51,34.22,0.01,77,261966,买盘
13:22:53,34.22,0.0,1,3422,买盘
13:22:57,34.21,-0.01,51,174471,卖盘
13:23:00,34.21,0.0,102,349009,卖盘
13:23:03,34.22,0.01,95,325088,买盘
13:23:06,34.21,-0.01,65,222419,卖盘
13:23:09,34.22,0.01,18,61590,买盘
13:23:12,34.21,-0.01,16,54751,卖盘
13:23:15,34.21,0.0,34,116338,卖盘
13:23:18,34.21,0.0,2,6842,卖盘
13:23:21,34.22,0.01,1,3422,买盘
13:23:24,34.22,0.0,41,140300,买盘
13:23:27,34.21,-0.01,12,41060,卖盘
13:23:30,34.21,0.0,26,88946,卖盘
13:23:32,34.21,0.0,28,95814,卖盘
13:23:36,34.21,0.0,46,157389,卖盘
13:23:38,34.21,0.0,17,58157,卖盘
13:23:42,34.24,0.03,239,817981,买盘
13:23:45,34.21,-0.03,11,37634,卖盘
13:23:48,34.21,0.0,79,270325,卖盘
13:23:51,34.22,0.01,50,171051,买盘
13:23:54,34.22,0.0,5,17110,买盘
13:23:56,34.22,0.0,19,65002,买盘
13:24:00,34.21,-0.01,27,92368,卖盘
13:24:03,34.21,0.0,3,10263,卖盘
13:24:06,34.21,0.0,2,6842,卖盘
13:24:09,34.21,0.0,35,119769,卖盘
13:24:12,34.22,0.01,23,78706,买盘
13:24:15,34.22,0.0,209,715517,买盘
13:24:17,34.21,-0.01,13,44475,卖盘
13:24:21,34.21,0.0,37,126583,卖盘
13:24:23,34.22,0.01,9,30798,买盘
13:24:30,34.22,0.0,12,41063,买盘
13:24:33,34.22,0.0,57,195049,买盘
13:24:36,34.21,-0.01,36,123157,卖盘
13:24:39,34.22,0.01,81,277182,买盘
13:24:42,34.22,0.0,117,400283,买盘
13:24:45,34.25,0.03,255,872922,买盘
13:24:47,34.22,-0.03,11,37641,中性盘
13:24:51,34.21,-0.01,80,273648,卖盘
13:24:54,34.2,-0.01,32,109470,卖盘
13:24:57,34.2,0.0,33,112892,卖盘
13:25:00,34.2,0.0,97,331786,卖盘
13:25:03,34.2,0.0,149,509594,卖盘
13:25:05,34.2,0.0,19,66415,卖盘
13:25:09,34.2,0.0,48,164158,买盘
13:25:11,34.2,0.0,86,292682,买盘
13:25:14,34.26,0.06,247,846724,买盘
13:25:18,34.21,-0.05,11,37631,中性盘
13:25:21,34.26,0.05,34,116394,买盘
13:25:24,34.22,-0.04,19,65090,卖盘
13:25:27,34.22,0.0,10,34220,卖盘
13:25:30,34.23,0.01,112,384568,卖盘
13:25:33,34.23,0.0,2,6846,卖盘
13:25:36,34.26,0.03,23,78768,买盘
13:25:39,34.26,0.0,12,41109,买盘
13:25:42,34.22,-0.04,170,580854,卖盘
13:25:45,34.22,0.0,22,75265,买盘
13:25:48,34.22,0.0,203,694666,买盘
13:25:51,34.22,0.0,55,188187,买盘
13:25:54,34.22,0.0,7,23954,买盘
13:25:57,34.21,-0.01,27,92387,卖盘
13:26:00,34.22,0.01,76,260070,买盘
13:26:03,34.21,-0.01,34,116317,卖盘
13:26:06,34.22,0.01,253,866998,买盘
13:26:09,34.22,0.0,62,212174,卖盘
13:26:12,34.26,0.04,12,41102,买盘
13:26:15,34.22,-0.04,57,195066,卖盘
13:26:17,34.25,0.03,203,695269,买盘
13:26:21,34.23,-0.02,34,116423,卖盘
13:26:24,34.23,0.0,37,126715,卖盘
13:26:27,34.26,0.03,20,68520,买盘
13:26:30,34.25,-0.01,11,37680,中性盘
13:26:33,34.24,-0.01,61,208815,卖盘
13:26:36,34.24,0.0,12,41088,买盘
13:26:39,34.24,0.0,64,219136,买盘
13:26:42,34.26,0.02,99,339033,买盘
13:26:45,34.26,0.0,29,99353,买盘
13:26:47,34.27,0.01,12,41118,买盘
13:26:50,34.27,0.0,219,750514,买盘
13:26:54,34.25,-0.02,29,99393,卖盘
13:26:57,34.27,0.02,3,10281,买盘
13:27:00,34.27,0.0,51,174704,买盘
13:27:03,34.27,0.0,38,130256,卖盘
13:27:06,34.27,0.0,57,195322,买盘
13:27:09,34.28,0.01,22,75355,买盘
13:27:12,34.28,0.0,37,126812,买盘
13:27:15,34.28,0.0,4,13710,买盘
13:27:18,34.25,-0.03,7,23993,中性盘
13:27:21,34.29,0.04,191,654788,买盘
13:27:24,34.27,-0.02,28,95968,卖盘
13:27:27,34.24,-0.03,249,852580,卖盘
13:27:30,34.25,0.01,44,150744,买盘
13:27:33,34.23,-0.02,12,41091,卖盘
13:27:36,34.27,0.04,17,58224,买盘
13:27:38,34.27,0.0,94,321814,买盘
13:27:42,34.26,-0.01,12,41112,中性盘
13:27:44,34.24,-0.02,9,30816,卖盘
13:27:48,34.27,0.03,33,113082,买盘
13:27:51,34.27,0.0,303,1037837,买盘
13:27:53,34.23,-0.04,11,37663,卖盘
13:27:57,34.23,0.0,4,13695,卖盘
13:28:00,34.23,0.0,28,95871,卖盘
13:28:03,34.23,0.0,12,41076,卖盘
13:28:06,34.23,0.0,56,191688,卖盘
13:28:09,34.24,0.01,8,27392,买盘
13:28:12,34.23,-0.01,58,198569,卖盘
13:28:15,34.24,0.01,26,89032,买盘
13:28:18,34.27,0.03,144,493175,买盘
13:28:24,34.24,-0.03,194,664814,卖盘
13:28:27,34.24,0.0,34,116416,卖盘
13:28:29,34.23,-0.01,11,37663,卖盘
13:28:32,34.23,0.0,19,65045,卖盘
13:28:35,34.24,0.01,9,30816,买盘
13:28:39,34.23,-0.01,39,133507,卖盘
13:28:41,34.24,0.01,1,3424,买盘
13:28:45,34.23,-0.01,58,198535,卖盘
13:28:47,34.23,0.0,26,88998,卖盘
13:28:51,34.24,0.01,45,154050,买盘
13:28:53,34.24,0.0,55,188316,买盘
13:28:57,34.24,0.0,436,1493508,买盘
13:29:03,34.28,0.04,9,30831,买盘
13:29:06,34.28,0.0,7,23993,买盘
13:29:09,34.28,0.0,1,3428,买盘
13:29:12,34.29,0.01,31,106292,买盘
13:29:15,34.28,-0.01,4,13712,中性盘
13:29:18,34.29,0.01,8,27432,买盘
13:29:21,34.28,-0.01,93,318804,卖盘
13:29:24,34.29,0.01,26,89142,买盘
13:29:27,34.25,-0.04,322,1104044,卖盘
13:29:33,34.29,0.04,82,277766,买盘
13:29:36,34.29,0.0,13,44573,买盘
13:29:39,34.29,0.0,3,10285,买盘
13:29:42,34.29,0.0,1070,3670080,卖盘
13:29:45,34.28,-0.01,80,274346,卖盘
13:29:48,34.28,0.0,58,198934,卖盘
13:29:51,34.25,-0.03,47,161024,卖盘
13:29:54,34.3,0.05,295,1011849,买盘
13:29:57,34.3,0.0,7,24010,卖盘
13:30:00,34.31,0.01,19,65180,买盘
13:30:03,34.3,-0.01,25,85750,卖盘
13:30:05,34.3,0.0,75,257302,卖盘
13:30:09,34.3,0.0,60,205811,卖盘
13:30:11,34.31,0.01,111,380789,买盘
13:30:14,34.32,0.01,565,1938984,买盘
13:30:18,34.32,0.0,60,205920,卖盘
13:30:21,34.32,0.0,100,343200,卖盘
13:30:24,34.32,0.0,21,72090,卖盘
13:30:27,34.33,0.01,193,662567,买盘
13:30:29,34.33,0.0,28,96125,卖盘
13:30:32,34.33,0.0,373,1280511,卖盘
13:30:35,34.33,0.0,13,44632,卖盘
13:30:38,34.34,0.01,61,209428,买盘
13:30:42,34.33,-0.01,153,525523,卖盘
13:30:45,34.34,0.01,32,109867,买盘
13:30:48,34.34,0.0,30,103020,买盘
13:30:51,34.34,0.0,175,600707,买盘
13:30:54,34.33,-0.01,3,10297,中性盘
13:30:57,34.32,-0.01,18,61603,卖盘
13:31:00,34.33,0.01,58,198990,买盘
13:31:03,34.34,0.01,105,360223,买盘
13:31:06,34.35,0.01,511,1754658,买盘
13:31:09,34.31,-0.04,83,284703,中性盘
13:31:12,34.33,0.02,99,339905,买盘
13:31:15,34.32,-0.01,26,89219,中性盘
13:31:18,34.31,-0.01,31,106375,卖盘
13:31:21,34.32,0.01,1,3432,中性盘
13:31:24,34.32,0.0,19,65208,卖盘
13:31:27,34.31,-0.01,8,27460,卖盘
13:31:30,34.32,0.01,27,92668,买盘
13:31:33,34.31,-0.01,25,85798,卖盘
13:31:36,34.31,0.0,171,586758,卖盘
13:31:39,34.32,0.01,12,41184,买盘
13:31:42,34.32,0.0,189,648508,买盘
13:31:48,34.31,-0.01,2,6862,买盘
13:31:51,34.31,0.0,46,157793,买盘
13:31:54,34.31,0.0,7,24016,买盘
13:31:56,34.3,-0.01,19,65179,卖盘
13:31:59,34.31,0.01,47,161234,买盘
13:32:03,34.3,-0.01,40,137211,卖盘
13:32:06,34.31,0.01,104,356724,买盘
13:32:08,34.3,-0.01,112,384161,卖盘
13:32:12,34.31,0.01,169,579720,买盘
13:32:15,34.3,-0.01,25,85756,卖盘
13:32:18,34.3,0.0,85,291550,卖盘
13:32:21,34.3,0.0,232,795806,卖盘
13:32:24,34.29,-0.01,127,435566,卖盘
13:32:27,34.29,0.0,241,826466,卖盘
13:32:30,34.25,-0.04,80,274195,卖盘
13:32:33,34.3,0.05,222,761446,买盘
