time,price,change,volume,amount,type
09:25:02,32.26,0.15,1511,4874486,卖盘
09:30:02,32.27,0.01,755,2438409,买盘
09:30:04,32.31,0.04,565,1825697,买盘
09:30:08,32.31,0.0,94,303674,卖盘
09:30:11,32.31,0.0,257,830272,买盘
09:30:14,32.36,0.05,349,1130042,买盘
09:30:17,32.35,-0.01,27,87366,卖盘
09:30:20,32.37,0.02,84,271765,买盘
09:30:23,32.37,0.0,40,129475,买盘
09:30:24,32.38,0.01,307,993644,买盘
09:30:29,32.38,0.0,222,718323,买盘
09:30:32,32.38,0.0,115,372362,卖盘
09:30:35,32.38,0.0,119,385221,买盘
09:30:38,32.35,-0.03,207,669850,卖盘
09:30:41,32.35,0.0,420,1358698,买盘
09:30:44,32.34,-0.01,65,210351,卖盘
09:30:47,32.34,0.0,54,174602,买盘
09:30:50,32.33,-0.01,98,317106,卖盘
09:30:52,32.35,0.02,137,442995,买盘
09:30:56,32.35,0.0,133,430237,卖盘
09:30:59,32.36,0.01,90,291152,买盘
09:31:02,32.34,-0.02,265,857020,中性盘
09:31:05,32.35,0.01,28,90554,买盘
09:31:08,32.36,0.01,81,262044,买盘
09:31:09,32.37,0.01,127,410992,买盘
09:31:14,32.36,-0.01,108,349501,卖盘
09:31:17,32.36,0.0,38,122981,卖盘
09:31:20,32.37,0.01,253,818867,买盘
09:31:21,32.38,0.01,205,663789,买盘
09:31:26,32.39,0.01,141,456686,买盘
09:31:29,32.4,0.01,218,706182,买盘
09:31:30,32.39,-0.01,91,294905,卖盘
09:31:34,32.42,0.03,120,388832,买盘
09:31:38,32.44,0.02,163,528579,买盘
09:31:41,32.43,-0.01,108,350262,卖盘
09:31:44,32.44,0.01,248,804410,买盘
09:31:47,32.43,-0.01,109,353585,卖盘
09:31:50,32.43,0.0,35,113518,卖盘
09:31:53,32.42,-0.01,347,1125482,卖盘
09:31:56,32.42,0.0,110,356727,卖盘
09:31:59,32.41,-0.01,173,560786,卖盘
09:32:00,32.43,0.02,154,499134,买盘
09:32:04,32.43,0.0,441,1429430,买盘
09:32:08,32.43,0.0,83,269102,买盘
09:32:09,32.41,-0.02,253,820426,卖盘
09:32:14,32.43,0.02,140,453911,买盘
09:32:17,32.41,-0.02,100,324178,卖盘
09:32:19,32.43,0.02,206,667894,买盘
09:32:21,32.42,-0.01,94,304662,中性盘
09:32:26,32.41,-0.01,70,226894,卖盘
09:32:28,32.41,0.0,80,259280,买盘
09:32:32,32.4,-0.01,38,123155,卖盘
09:32:34,32.41,0.01,170,550936,买盘
09:32:38,32.41,0.0,119,385610,买盘
09:32:41,32.4,-0.01,129,418061,卖盘
09:32:44,32.4,0.0,155,502402,卖盘
09:32:47,32.41,0.01,102,330603,卖盘
09:32:50,32.41,0.0,101,327292,买盘
09:32:53,32.42,0.01,73,236609,买盘
09:32:56,32.43,0.01,329,1066898,买盘
09:32:57,32.44,0.01,271,878842,买盘
09:33:02,32.44,0.0,247,801157,买盘
09:33:05,32.44,0.0,148,480093,买盘
09:33:08,32.45,0.01,403,1307570,买盘
09:33:11,32.47,0.02,341,1106895,买盘
09:33:14,32.46,-0.01,294,954585,卖盘
09:33:17,32.49,0.03,256,831486,买盘
09:33:20,32.49,0.0,63,204684,买盘
09:33:23,32.5,0.01,229,744164,买盘
09:33:26,32.51,0.01,341,1108232,买盘
09:33:28,32.52,0.01,188,611080,买盘
09:33:32,32.52,0.0,193,627593,卖盘
09:33:35,32.52,0.0,75,243908,买盘
09:33:37,32.5,-0.02,398,1294103,卖盘
09:33:41,32.54,0.04,165,536684,买盘
09:33:44,32.51,-0.03,125,406594,卖盘
09:33:47,32.53,0.02,92,299132,中性盘
09:33:50,32.53,0.0,56,182182,卖盘
09:33:53,32.52,-0.01,122,396796,卖盘
09:33:56,32.53,0.01,68,221212,买盘
09:33:57,32.55,0.02,662,2154189,买盘
09:34:00,32.5,-0.05,489,1590175,卖盘
09:34:05,32.5,0.0,25,81250,买盘
09:34:07,32.5,0.0,307,997723,买盘
09:34:11,32.5,0.0,147,477721,买盘
09:34:13,32.49,-0.01,55,178730,卖盘
09:34:17,32.49,0.0,110,357477,卖盘
09:34:19,32.49,0.0,10,32495,卖盘
09:34:23,32.48,-0.01,734,2384306,卖盘
09:34:26,32.49,0.01,50,162446,买盘
09:34:29,32.48,-0.01,93,302114,卖盘
09:34:32,32.48,0.0,111,360599,卖盘
09:34:35,32.49,0.01,212,688641,买盘
09:34:38,32.48,-0.01,304,987468,卖盘
09:34:41,32.47,-0.01,88,285754,卖盘
09:34:44,32.47,0.0,92,298724,买盘
09:34:47,32.47,0.0,40,129880,买盘
09:34:50,32.47,0.0,35,113645,卖盘
09:34:53,32.47,0.0,81,263007,卖盘
09:34:56,32.46,-0.01,94,305192,卖盘
09:34:59,32.47,0.01,73,236987,卖盘
09:35:00,32.46,-0.01,57,185022,中性盘
09:35:05,32.49,0.03,680,2208713,买盘
09:35:08,32.5,0.01,442,1436410,买盘
09:35:11,32.53,0.03,516,1677216,买盘
09:35:14,32.53,0.0,249,809852,买盘
09:35:17,32.53,0.0,463,1505774,买盘
09:35:20,32.54,0.01,89,289551,买盘
09:35:21,32.53,-0.01,75,244003,卖盘
09:35:26,32.54,0.01,99,322104,买盘
09:35:29,32.53,-0.01,98,318852,卖盘
09:35:32,32.53,0.0,137,445786,买盘
09:35:35,32.53,0.0,42,136594,买盘
09:35:38,32.53,0.0,193,627939,买盘
09:35:40,32.54,0.01,162,527089,买盘
09:35:44,32.54,0.0,134,435974,卖盘
09:35:47,32.54,0.0,84,273330,买盘
09:35:50,32.54,0.0,147,478338,卖盘
09:35:53,32.54,0.0,155,504341,买盘
09:35:54,32.53,-0.01,165,536867,卖盘
09:35:59,32.53,0.0,179,582310,卖盘
09:36:02,32.52,-0.01,272,884932,卖盘
09:36:05,32.53,0.01,412,1340113,买盘
09:36:07,32.53,0.0,475,1545088,买盘
09:36:11,32.52,-0.01,147,478158,卖盘
09:36:14,32.52,0.0,280,909723,买盘
09:36:17,32.5,-0.02,99,321934,中性盘
09:36:20,32.5,0.0,397,1289719,买盘
09:36:23,32.48,-0.02,62,201368,中性盘
09:36:26,32.47,-0.01,47,152644,卖盘
09:36:29,32.47,0.0,141,457915,卖盘
09:36:32,32.46,-0.01,82,266260,卖盘
09:36:35,32.47,0.01,17,55199,买盘
09:36:38,32.47,0.0,56,181828,买盘
09:36:41,32.48,0.01,159,516307,买盘
09:36:44,32.47,-0.01,30,97430,卖盘
09:36:47,32.46,-0.01,53,172056,卖盘
09:36:50,32.47,0.01,45,146092,买盘
09:36:53,32.47,0.0,44,142868,买盘
09:36:56,32.47,0.0,95,308448,买盘
09:36:59,32.49,0.02,208,675388,买盘
09:37:02,32.48,-0.01,81,263060,卖盘
09:37:04,32.5,0.02,141,458136,买盘
09:37:08,32.5,0.0,185,601215,买盘
09:37:11,32.5,0.0,82,266540,卖盘
09:37:14,32.5,0.0,145,471252,卖盘
09:37:17,32.51,0.01,27,87767,买盘
09:37:20,32.52,0.01,60,195103,买盘
09:37:23,32.52,0.0,84,273133,买盘
09:37:26,32.52,0.0,144,468082,买盘
09:37:29,32.53,0.01,189,614779,买盘
09:37:32,32.53,0.0,119,387239,买盘
09:37:35,32.52,-0.01,107,347860,卖盘
09:37:38,32.52,0.0,72,234250,卖盘
09:37:41,32.53,0.01,24,78076,中性盘
09:37:44,32.52,-0.01,302,982414,卖盘
09:37:47,32.52,0.0,21,68487,卖盘
09:37:50,32.51,-0.01,87,282849,卖盘
09:37:53,32.51,0.0,153,497264,中性盘
09:37:54,32.49,-0.02,78,253535,卖盘
09:37:59,32.48,-0.01,213,691862,卖盘
09:38:02,32.47,-0.01,96,311731,卖盘
09:38:05,32.48,0.01,79,256577,买盘
09:38:07,32.46,-0.02,86,279241,卖盘
09:38:11,32.46,0.0,433,1405631,卖盘
09:38:14,32.46,0.0,21,68177,卖盘
09:38:17,32.41,-0.05,890,2886299,卖盘
09:38:20,32.46,0.05,34,110259,中性盘
09:38:21,32.47,0.01,119,386315,买盘
09:38:26,32.46,-0.01,105,340843,买盘
09:38:28,32.46,0.0,52,168802,卖盘
09:38:32,32.45,-0.01,189,613135,卖盘
09:38:35,32.42,-0.03,307,996565,中性盘
09:38:38,32.45,0.03,25,81088,买盘
09:38:41,32.42,-0.03,139,451014,卖盘
09:38:44,32.42,0.0,22,71334,卖盘
09:38:47,32.42,0.0,4,12968,买盘
09:38:49,32.4,-0.02,31,100470,卖盘
09:38:52,32.41,0.01,15,48615,卖盘
09:38:56,32.41,0.0,169,547647,买盘
09:38:59,32.4,-0.01,10,32400,卖盘
09:39:00,32.41,0.01,157,508760,买盘
09:39:04,32.41,0.0,2,6482,买盘
09:39:08,32.4,-0.01,191,618840,卖盘
09:39:11,32.41,0.01,254,823163,买盘
09:39:12,32.42,0.01,86,278584,买盘
09:39:17,32.43,0.01,124,402010,买盘
09:39:20,32.43,0.0,78,252907,买盘
09:39:23,32.44,0.01,154,499462,买盘
09:39:26,32.45,0.01,124,402256,买盘
09:39:29,32.45,0.0,118,382775,买盘
09:39:32,32.43,-0.02,29,94091,中性盘
09:39:35,32.43,0.0,83,269169,卖盘
09:39:37,32.43,0.0,47,152420,买盘
09:39:41,32.45,0.02,195,632738,买盘
09:39:44,32.44,-0.01,71,230260,卖盘
09:39:45,32.44,0.0,34,110301,卖盘
09:39:50,32.45,0.01,39,126555,买盘
09:39:53,32.45,0.0,39,126535,卖盘
09:39:56,32.45,0.0,111,360155,卖盘
09:39:59,32.45,0.0,129,418723,卖盘
09:40:02,32.46,0.01,17,55174,买盘
09:40:04,32.46,0.0,37,120089,买盘
09:40:07,32.46,0.0,144,467424,买盘
09:40:11,32.46,0.0,98,316112,卖盘
09:40:14,32.46,0.0,55,178530,卖盘
09:40:17,32.47,0.01,15,48698,买盘
09:40:20,32.46,-0.01,73,238906,卖盘
09:40:21,32.45,-0.01,108,350511,卖盘
09:40:26,32.46,0.01,439,1424561,买盘
09:40:29,32.43,-0.03,61,197857,卖盘
09:40:30,32.43,0.0,6,19458,卖盘
09:40:34,32.43,0.0,19,61631,卖盘
09:40:37,32.41,-0.02,174,564267,卖盘
09:40:41,32.43,0.02,120,389134,买盘
09:40:44,32.43,0.0,35,113467,买盘
09:40:47,32.4,-0.03,226,732447,卖盘
09:40:50,32.43,0.03,1,3243,买盘
09:40:53,32.41,-0.02,25,81005,买盘
09:40:56,32.4,-0.01,133,430920,卖盘
09:40:59,32.41,0.01,10,32410,买盘
09:41:00,32.4,-0.01,170,550817,卖盘
09:41:05,32.39,-0.01,34,110157,卖盘
09:41:08,32.4,0.01,73,236470,买盘
09:41:11,32.4,0.0,108,349901,买盘
09:41:14,32.39,-0.01,16,51832,中性盘
09:41:17,32.39,0.0,28,90672,买盘
09:41:20,32.38,-0.01,119,384910,卖盘
09:41:23,32.39,0.01,11,35625,买盘
09:41:26,32.38,-0.01,174,563517,卖盘
09:41:29,32.38,0.0,81,262328,卖盘
09:41:32,32.38,0.0,92,297926,卖盘
09:41:35,32.38,0.0,36,117086,卖盘
09:41:38,32.39,0.01,322,1042885,买盘
09:41:40,32.39,0.0,84,271539,买盘
09:41:44,32.4,0.01,375,1214965,买盘
09:41:47,32.4,0.0,438,1419009,买盘
09:41:50,32.41,0.01,199,644910,买盘
09:41:53,32.42,0.01,26,84273,买盘
09:41:56,32.42,0.0,35,113468,卖盘
09:41:59,32.42,0.0,71,230175,买盘
09:42:02,32.42,0.0,79,256035,买盘
09:42:05,32.43,0.01,121,392327,买盘
09:42:07,32.42,-0.01,43,139439,卖盘
09:42:09,32.43,0.01,39,126457,买盘
09:42:13,32.44,0.01,22,71355,买盘
09:42:17,32.44,0.0,207,671180,买盘
09:42:19,32.44,0.0,21,68107,买盘
09:42:23,32.43,-0.01,33,106988,中性盘
09:42:26,32.43,0.0,25,81075,卖盘
09:42:29,32.44,0.01,34,110242,买盘
09:42:32,32.44,0.0,96,311393,买盘
09:42:35,32.44,0.0,101,327562,买盘
09:42:37,32.44,0.0,145,470251,买盘
09:42:41,32.43,-0.01,102,330786,卖盘
09:42:44,32.43,0.0,129,418367,买盘
09:42:47,32.43,0.0,15,48648,买盘
09:42:50,32.42,-0.01,38,123206,卖盘
09:42:53,32.41,-0.01,178,577354,卖盘
09:42:56,32.41,0.0,20,64820,卖盘
09:42:59,32.43,0.02,2,6485,买盘
09:43:02,32.43,0.0,19,61617,卖盘
09:43:04,32.42,-0.01,10,32424,卖盘
09:43:08,32.43,0.01,141,457350,买盘
09:43:11,32.43,0.0,6,19458,卖盘
09:43:14,32.43,0.0,208,674668,卖盘
09:43:17,32.43,0.0,55,178345,买盘
09:43:20,32.43,0.0,63,204309,买盘
09:43:23,32.44,0.01,102,330793,买盘
09:43:26,32.45,0.01,105,340670,买盘
09:43:28,32.45,0.0,140,454225,买盘
09:43:32,32.45,0.0,132,428320,买盘
09:43:35,32.45,0.0,40,129795,买盘
09:43:38,32.44,-0.01,111,360120,卖盘
09:43:41,32.45,0.01,81,262785,买盘
09:43:44,32.45,0.0,24,77890,卖盘
09:43:47,32.45,0.0,2,6490,卖盘
09:43:50,32.46,0.01,131,425209,买盘
09:43:56,32.45,-0.01,18,58412,买盘
09:44:02,32.44,-0.01,74,240060,卖盘
09:44:05,32.45,0.01,7,22714,买盘
09:44:08,32.43,-0.02,184,596912,卖盘
09:44:11,32.44,0.01,90,291955,买盘
09:44:14,32.44,0.0,527,1709712,买盘
09:44:16,32.44,0.0,3,9732,中性盘
09:44:19,32.42,-0.02,172,557918,卖盘
09:44:26,32.42,0.0,260,842996,卖盘
09:44:29,32.46,0.04,500,1622535,买盘
09:44:35,32.42,-0.04,20,64845,卖盘
09:44:38,32.44,0.02,31,100564,买盘
09:44:41,32.44,0.0,143,463883,买盘
09:44:43,32.45,0.01,42,136231,买盘
09:44:50,32.45,0.0,24,77868,买盘
09:44:53,32.45,0.0,19,61655,买盘
09:44:56,32.44,-0.01,26,84352,卖盘
09:44:57,32.44,0.0,19,61643,卖盘
09:45:02,32.44,0.0,76,246574,卖盘
09:45:05,32.44,0.0,87,282219,卖盘
09:45:08,32.43,-0.01,187,606442,卖盘
09:45:11,32.44,0.01,299,969823,买盘
09:45:14,32.43,-0.01,415,1345963,卖盘
09:45:17,32.42,-0.01,153,496062,卖盘
09:45:19,32.41,-0.01,97,314533,卖盘
09:45:23,32.4,-0.01,181,586546,卖盘
09:45:26,32.38,-0.02,156,505378,卖盘
09:45:29,32.37,-0.01,279,903243,卖盘
09:45:32,32.37,0.0,186,602088,卖盘
09:45:35,32.37,0.0,295,954916,卖盘
09:45:38,32.36,-0.01,383,1239565,卖盘
09:45:40,32.35,-0.01,281,909293,卖盘
09:45:43,32.34,-0.01,74,239411,卖盘
09:45:47,32.36,0.02,113,365652,买盘
09:45:49,32.34,-0.02,36,116427,卖盘
09:45:53,32.35,0.01,134,433404,买盘
09:45:56,32.34,-0.01,53,171421,买盘
09:45:59,32.33,-0.01,29,93779,卖盘
09:46:02,32.34,0.01,117,378351,买盘
09:46:04,32.35,0.01,17,54992,买盘
09:46:08,32.36,0.01,38,122941,买盘
09:46:11,32.35,-0.01,138,446455,卖盘
09:46:14,32.35,0.0,22,71171,卖盘
09:46:17,32.4,0.05,282,912973,买盘
09:46:20,32.36,-0.04,18,58243,中性盘
09:46:23,32.4,0.04,103,333359,买盘
09:46:26,32.4,0.0,133,430857,买盘
09:46:29,32.4,0.0,125,405000,买盘
09:46:32,32.42,0.02,61,197680,买盘
09:46:34,32.4,-0.02,82,265854,卖盘
09:46:37,32.44,0.04,235,762170,买盘
09:46:41,32.44,0.0,114,369800,买盘
09:46:44,32.45,0.01,60,194663,买盘
09:46:47,32.45,0.0,61,197910,买盘
09:46:50,32.46,0.01,63,204432,买盘
09:46:52,32.45,-0.01,43,139534,中性盘
09:46:56,32.45,0.0,62,201209,买盘
09:46:59,32.47,0.02,44,142778,买盘
09:47:02,32.45,-0.02,38,123310,卖盘
09:47:05,32.46,0.01,168,545157,买盘
09:47:08,32.45,-0.01,103,334297,卖盘
09:47:11,32.45,0.0,214,694430,买盘
09:47:14,32.45,0.0,122,396136,卖盘
09:47:17,32.47,0.02,148,480332,买盘
09:47:19,32.45,-0.02,30,97347,卖盘
09:47:23,32.45,0.0,89,288823,买盘
09:47:26,32.45,0.0,85,275856,卖盘
09:47:28,32.46,0.01,70,227129,卖盘
09:47:32,32.44,-0.02,6,19465,卖盘
09:47:35,32.44,0.0,43,139492,买盘
09:47:37,32.45,0.01,26,84370,买盘
09:47:41,32.45,0.0,139,451042,买盘
09:47:44,32.45,0.0,132,428389,卖盘
09:47:47,32.45,0.0,129,418582,卖盘
09:47:50,32.45,0.0,85,275812,买盘
09:47:52,32.45,0.0,69,223880,买盘
09:47:56,32.45,0.0,201,652267,买盘
09:47:59,32.47,0.02,160,519319,买盘
09:48:00,32.48,0.01,391,1269772,买盘
09:48:05,32.48,0.0,310,1007157,卖盘
09:48:08,32.49,0.01,87,282658,买盘
09:48:11,32.5,0.01,287,930190,买盘
09:48:14,32.49,-0.01,172,561115,卖盘
09:48:17,32.47,-0.02,62,201359,卖盘
09:48:20,32.49,0.02,141,458175,买盘
09:48:23,32.49,0.0,7,22744,买盘
09:48:24,32.47,-0.02,97,315075,卖盘
09:48:29,32.46,-0.01,54,175385,卖盘
09:48:32,32.49,0.03,76,246907,买盘
09:48:35,32.49,0.0,111,360572,卖盘
09:48:38,32.49,0.0,95,308612,买盘
09:48:41,32.5,0.01,188,610976,买盘
09:48:44,32.51,0.01,289,939243,买盘
09:48:47,32.5,-0.01,95,308737,卖盘
09:48:49,32.48,-0.02,45,146203,卖盘
09:48:53,32.48,0.0,42,136416,买盘
09:48:56,32.48,0.0,90,292320,买盘
09:48:59,32.48,0.0,87,282637,卖盘
09:49:01,32.48,0.0,92,298910,卖盘
09:49:05,32.5,0.02,31,100750,买盘
09:49:08,32.49,-0.01,93,302174,卖盘
09:49:11,32.5,0.01,141,458230,买盘
09:49:14,32.5,0.0,11,35750,买盘
09:49:17,32.49,-0.01,86,279470,卖盘
09:49:19,32.49,0.0,26,84479,卖盘
09:49:23,32.49,0.0,10,32488,卖盘
09:49:26,32.5,0.01,76,246956,买盘
09:49:28,32.47,-0.03,119,386722,卖盘
09:49:30,32.49,0.02,13,42227,买盘
09:49:35,32.5,0.01,89,289934,买盘
09:49:38,32.49,-0.01,122,395723,卖盘
09:49:41,32.5,0.01,11,35750,买盘
09:49:44,32.49,-0.01,173,562084,卖盘
09:49:50,32.48,-0.01,51,165679,卖盘
09:49:53,32.48,0.0,17,55216,卖盘
09:49:56,32.47,-0.01,128,415840,卖盘
09:49:59,32.47,0.0,3,9744,卖盘
09:50:02,32.46,-0.01,236,766103,卖盘
09:50:04,32.46,0.0,146,474136,卖盘
09:50:08,32.45,-0.01,208,675088,卖盘
09:50:10,32.45,0.0,166,538766,卖盘
09:50:14,32.47,0.02,139,451162,买盘
09:50:17,32.46,-0.01,90,292159,中性盘
09:50:20,32.49,0.03,26,84474,买盘
09:50:23,32.49,0.0,87,282590,买盘
09:50:25,32.5,0.01,89,289159,买盘
09:50:29,32.5,0.0,146,474468,买盘
09:50:31,32.5,0.0,33,107249,买盘
09:50:35,32.48,-0.02,120,389893,卖盘
09:50:38,32.49,0.01,130,422331,买盘
09:50:41,32.49,0.0,124,402882,买盘
09:50:44,32.49,0.0,36,116954,买盘
09:50:47,32.47,-0.02,45,146183,卖盘
09:50:50,32.48,0.01,5,16239,中性盘
09:50:53,32.48,0.0,1,3248,买盘
09:50:56,32.48,0.0,18,58464,买盘
09:50:58,32.48,0.0,67,217597,买盘
09:51:02,32.47,-0.01,106,344182,卖盘
09:51:05,32.48,0.01,118,383201,买盘
09:51:08,32.47,-0.01,2,6494,卖盘
09:51:11,32.48,0.01,224,727444,买盘
09:51:14,32.47,-0.01,73,237031,中性盘
09:51:17,32.47,0.0,41,133127,买盘
09:51:19,32.47,0.0,41,133123,买盘
09:51:23,32.47,0.0,23,74663,买盘
09:51:29,32.46,-0.01,25,81154,卖盘
09:51:31,32.47,0.01,22,71413,买盘
09:51:35,32.47,0.0,151,490282,买盘
09:51:38,32.47,0.0,24,77928,买盘
09:51:41,32.47,0.0,69,224043,卖盘
09:51:43,32.47,0.0,27,87669,卖盘
09:51:53,32.47,0.0,8,25983,卖盘
09:51:56,32.47,0.0,51,165614,卖盘
09:51:59,32.47,0.0,22,71434,卖盘
09:52:02,32.46,-0.01,223,724175,卖盘
09:52:05,32.47,0.01,12,38963,买盘
09:52:07,32.45,-0.02,146,473935,卖盘
09:52:11,32.47,0.02,323,1048240,买盘
09:52:13,32.44,-0.03,50,162308,卖盘
09:52:16,32.44,0.0,37,120054,卖盘
09:52:20,32.43,-0.01,14,45410,卖盘
09:52:22,32.43,0.0,25,81075,卖盘
09:52:26,32.43,0.0,12,38923,卖盘
09:52:29,32.43,0.0,53,171838,卖盘
09:52:32,32.4,-0.03,206,667832,卖盘
09:52:35,32.4,0.0,29,94006,卖盘
09:52:37,32.4,0.0,110,356574,卖盘
09:52:41,32.4,0.0,124,401922,卖盘
09:52:44,32.41,0.01,148,479610,买盘
09:52:47,32.41,0.0,27,87498,卖盘
09:52:50,32.42,0.01,141,457039,买盘
09:52:52,32.42,0.0,73,236727,卖盘
09:52:56,32.4,-0.02,39,126399,卖盘
09:52:58,32.4,0.0,32,103686,卖盘
09:53:02,32.4,0.0,282,914229,卖盘
09:53:05,32.45,0.05,122,395595,买盘
09:53:08,32.44,-0.01,72,233569,买盘
09:53:11,32.44,0.0,79,256311,卖盘
09:53:13,32.43,-0.01,111,360135,卖盘
09:53:17,32.44,0.01,61,197877,买盘
09:53:20,32.43,-0.01,133,431319,卖盘
09:53:23,32.43,0.0,91,295167,卖盘
09:53:26,32.44,0.01,74,240043,买盘
09:53:28,32.45,0.01,19,61646,买盘
09:53:32,32.46,0.01,82,266110,买盘
09:53:35,32.45,-0.01,12,38940,卖盘
09:53:38,32.45,0.0,4,12978,买盘
09:53:41,32.45,0.0,131,425185,买盘
09:53:44,32.46,0.01,24,77902,买盘
09:53:47,32.44,-0.02,47,152498,卖盘
09:53:50,32.44,0.0,1,3244,买盘
09:53:53,32.43,-0.01,28,90822,卖盘
09:53:56,32.43,0.0,10,32432,卖盘
09:53:58,32.43,0.0,11,35673,买盘
09:54:02,32.43,0.0,84,272412,买盘
09:54:05,32.43,0.0,51,165393,买盘
09:54:08,32.43,0.0,51,165395,买盘
09:54:11,32.43,0.0,66,214185,卖盘
09:54:14,32.46,0.03,61,197992,买盘
09:54:16,32.46,0.0,79,256434,买盘
09:54:19,32.46,0.0,44,142806,买盘
09:54:22,32.46,0.0,25,81148,买盘
09:54:26,32.46,0.0,50,162290,买盘
09:54:29,32.46,0.0,69,223941,买盘
09:54:32,32.46,0.0,128,415581,卖盘
09:54:35,32.47,0.01,30,97387,买盘
09:54:38,32.45,-0.02,18,58427,卖盘
09:54:41,32.46,0.01,146,473935,卖盘
09:54:44,32.45,-0.01,122,396076,卖盘
09:54:47,32.47,0.02,30,97402,买盘
09:54:50,32.47,0.0,35,113643,买盘
09:54:52,32.45,-0.02,18,58410,卖盘
09:54:55,32.47,0.02,60,194815,买盘
09:54:59,32.47,0.0,43,139621,买盘
09:55:02,32.48,0.01,171,555248,买盘
09:55:05,32.48,0.0,535,1737869,买盘
09:55:08,32.49,0.01,100,324888,买盘
09:55:11,32.5,0.01,91,295670,买盘
09:55:14,32.49,-0.01,187,607379,中性盘
09:55:17,32.47,-0.02,75,243558,卖盘
09:55:20,32.48,0.01,8,25984,买盘
09:55:22,32.47,-0.01,26,84426,卖盘
09:55:25,32.48,0.01,41,133144,买盘
09:55:29,32.48,0.0,26,84443,买盘
09:55:32,32.48,0.0,44,142864,买盘
09:55:34,32.46,-0.02,34,110366,卖盘
09:55:38,32.47,0.01,40,129880,买盘
09:55:41,32.46,-0.01,70,227231,卖盘
09:55:44,32.47,0.01,16,51951,买盘
09:55:47,32.47,0.0,83,269478,买盘
09:55:49,32.46,-0.01,7,22725,中性盘
09:55:53,32.46,0.0,47,152562,买盘
09:55:56,32.46,0.0,1,3246,买盘
09:55:59,32.45,-0.01,26,84378,卖盘
09:56:02,32.45,0.0,19,61673,卖盘
09:56:05,32.45,0.0,11,35700,卖盘
09:56:08,32.45,0.0,143,464148,卖盘
09:56:11,32.45,0.0,232,752841,卖盘
09:56:14,32.45,0.0,25,81122,买盘
09:56:16,32.44,-0.01,70,227148,卖盘
09:56:19,32.45,0.01,22,71371,买盘
09:56:23,32.44,-0.01,3,9733,卖盘
09:56:25,32.47,0.03,151,490114,买盘
09:56:29,32.45,-0.02,3,9734,中性盘
09:56:31,32.45,0.0,48,155752,卖盘
09:56:37,32.44,-0.01,40,129747,卖盘
09:56:41,32.43,-0.01,58,188140,卖盘
09:56:44,32.43,0.0,22,71358,卖盘
09:56:47,32.43,0.0,33,107031,卖盘
09:56:50,32.43,0.0,68,220525,卖盘
09:56:53,32.43,0.0,120,389137,买盘
09:56:56,32.42,-0.01,12,38905,卖盘
09:56:59,32.41,-0.01,45,145894,卖盘
09:57:02,32.42,0.01,201,651457,买盘
09:57:04,32.4,-0.02,131,424608,卖盘
09:57:07,32.4,0.0,9,29160,买盘
09:57:10,32.4,0.0,38,123125,卖盘
09:57:14,32.41,0.01,134,434273,买盘
09:57:17,32.42,0.01,8,25932,买盘
09:57:20,32.42,0.0,43,139387,买盘
09:57:23,32.43,0.01,7,22700,买盘
09:57:26,32.43,0.0,63,204291,买盘
09:57:29,32.43,0.0,59,191319,买盘
09:57:32,32.43,0.0,83,269145,买盘
09:57:35,32.42,-0.01,229,742418,卖盘
09:57:38,32.42,0.0,61,197802,卖盘
09:57:41,32.43,0.01,153,496170,买盘
09:57:44,32.43,0.0,24,77827,买盘
09:57:47,32.43,0.0,43,139429,买盘
09:57:49,32.43,0.0,53,171846,买盘
09:57:53,32.44,0.01,14,45416,买盘
09:57:56,32.44,0.0,37,120026,买盘
09:57:58,32.44,0.0,86,278962,买盘
09:58:02,32.44,0.0,28,90827,买盘
09:58:05,32.44,0.0,49,158938,买盘
09:58:07,32.44,0.0,35,113540,买盘
09:58:11,32.44,0.0,161,522261,买盘
09:58:14,32.44,0.0,12,38926,买盘
09:58:17,32.43,-0.01,1,3243,卖盘
09:58:20,32.43,0.0,3,9729,卖盘
09:58:23,32.43,0.0,47,152427,卖盘
09:58:26,32.43,0.0,10,32430,卖盘
09:58:29,32.44,0.01,6,19464,买盘
09:58:32,32.43,-0.01,32,103770,卖盘
09:58:35,32.43,0.0,3,9729,买盘
09:58:38,32.43,0.0,130,421589,买盘
09:58:41,32.43,0.0,25,81076,中性盘
09:58:44,32.43,0.0,20,64860,卖盘
09:58:47,32.43,0.0,12,38917,卖盘
09:58:53,32.43,0.0,2,6486,卖盘
09:58:55,32.43,0.0,25,81078,卖盘
09:58:59,32.44,0.01,20,64880,买盘
09:59:02,32.43,-0.01,21,68107,卖盘
09:59:05,32.44,0.01,35,113515,买盘
09:59:08,32.43,-0.01,35,113505,卖盘
09:59:11,32.43,0.0,19,61618,卖盘
09:59:14,32.43,0.0,54,175130,卖盘
09:59:17,32.42,-0.01,98,317740,卖盘
09:59:20,32.42,0.0,17,55107,买盘
09:59:23,32.41,-0.01,139,450604,卖盘
09:59:25,32.41,0.0,47,152342,卖盘
09:59:29,32.4,-0.01,96,311084,卖盘
09:59:32,32.39,-0.01,226,732357,卖盘
09:59:35,32.4,0.01,15,48589,买盘
09:59:37,32.39,-0.01,99,320663,卖盘
09:59:41,32.39,0.0,435,1408980,卖盘
09:59:44,32.4,0.01,172,557126,买盘
09:59:47,32.38,-0.02,25,80951,卖盘
09:59:50,32.38,0.0,127,411309,买盘
09:59:53,32.37,-0.01,93,301169,卖盘
09:59:56,32.37,0.0,59,191040,卖盘
09:59:59,32.37,0.0,18,58266,卖盘
10:00:01,32.38,0.01,66,213686,买盘
10:00:05,32.38,0.0,478,1546962,卖盘
10:00:08,32.39,0.01,15,48565,买盘
10:00:10,32.37,-0.02,53,171626,卖盘
10:00:14,32.39,0.02,49,158709,买盘
10:00:17,32.39,0.0,87,281791,卖盘
10:00:20,32.39,0.0,28,90691,买盘
10:00:22,32.38,-0.01,34,110111,卖盘
10:00:26,32.39,0.01,61,197601,买盘
10:00:29,32.39,0.0,7,22673,卖盘
10:00:31,32.4,0.01,38,123084,买盘
10:00:34,32.4,0.0,249,806735,买盘
10:00:38,32.4,0.0,63,204114,买盘
10:00:41,32.41,0.01,801,2594271,买盘
10:00:44,32.43,0.02,291,943436,买盘
10:00:46,32.42,-0.01,60,194568,中性盘
10:00:50,32.43,0.01,116,376182,买盘
10:00:53,32.43,0.0,266,862636,买盘
10:00:56,32.44,0.01,72,233545,买盘
10:00:59,32.45,0.01,254,823968,买盘
10:01:01,32.45,0.0,247,801511,买盘
10:01:05,32.43,-0.02,277,898605,卖盘
10:01:08,32.44,0.01,178,577419,买盘
10:01:10,32.45,0.01,50,162221,买盘
10:01:14,32.46,0.01,264,856518,买盘
10:01:17,32.47,0.01,271,879807,买盘
10:01:20,32.44,-0.03,528,1713158,卖盘
10:01:23,32.47,0.03,53,172049,买盘
10:01:26,32.47,0.0,91,295474,买盘
10:01:29,32.47,0.0,115,373358,买盘
10:01:32,32.47,0.0,158,512766,买盘
10:01:34,32.47,0.0,80,259757,买盘
10:01:38,32.47,0.0,54,175242,买盘
10:01:41,32.45,-0.02,22,71386,卖盘
10:01:44,32.47,0.02,163,529027,买盘
10:01:47,32.45,-0.02,2,6490,卖盘
10:01:50,32.45,0.0,32,103850,卖盘
10:01:53,32.46,0.01,5,16230,买盘
10:01:55,32.47,0.01,25,81150,买盘
10:01:58,32.47,0.0,39,126594,买盘
10:02:02,32.46,-0.01,84,272615,卖盘
10:02:04,32.47,0.01,31,100654,买盘
10:02:08,32.45,-0.02,40,129818,卖盘
10:02:11,32.45,0.0,47,152515,买盘
10:02:13,32.45,0.0,81,262845,买盘
10:02:16,32.45,0.0,122,395887,买盘
10:02:20,32.45,0.0,53,172009,买盘
10:02:23,32.48,0.03,72,233760,买盘
10:02:26,32.48,0.0,401,1302216,买盘
10:02:29,32.49,0.01,281,912799,买盘
10:02:32,32.48,-0.01,245,795881,卖盘
10:02:35,32.48,0.0,96,311850,卖盘
10:02:38,32.48,0.0,26,84448,买盘
10:02:41,32.48,0.0,255,828240,买盘
10:02:43,32.47,-0.01,121,392991,卖盘
10:02:47,32.48,0.01,26,84448,卖盘
10:02:50,32.48,0.0,498,1618235,卖盘
10:02:53,32.48,0.0,52,168969,卖盘
10:02:56,32.47,-0.01,379,1230657,卖盘
10:02:59,32.48,0.01,43,139661,买盘
10:03:02,32.47,-0.01,123,399391,卖盘
10:03:05,32.48,0.01,134,435230,买盘
10:03:08,32.5,0.02,158,513379,买盘
10:03:10,32.5,0.0,128,415999,买盘
10:03:14,32.5,0.0,98,318492,买盘
10:03:17,32.5,0.0,23,74742,买盘
10:03:20,32.5,0.0,78,253430,买盘
10:03:23,32.48,-0.02,172,558714,卖盘
10:03:26,32.49,0.01,29,94221,买盘
10:03:28,32.48,-0.01,48,155922,卖盘
10:03:32,32.49,0.01,45,146181,买盘
10:03:35,32.49,0.0,53,172196,买盘
10:03:38,32.48,-0.01,83,269646,卖盘
10:03:41,32.49,0.01,37,120193,买盘
10:03:43,32.49,0.0,168,545710,买盘
10:03:47,32.49,0.0,145,471059,买盘
10:03:49,32.49,0.0,432,1403558,买盘
10:03:53,32.49,0.0,151,490459,买盘
10:03:56,32.49,0.0,62,201312,买盘
10:03:59,32.49,0.0,74,240388,买盘
10:04:02,32.5,0.01,136,441891,买盘
10:04:05,32.5,0.0,123,399725,买盘
10:04:08,32.5,0.0,105,341250,买盘
10:04:10,32.5,0.0,584,1897714,买盘
10:04:13,32.5,0.0,294,955475,买盘
10:04:17,32.5,0.0,30,97500,买盘
10:04:19,32.51,0.01,850,2762908,买盘
10:04:23,32.52,0.01,784,2548709,买盘
10:04:26,32.52,0.0,538,1749816,买盘
10:04:28,32.52,0.0,24,78048,卖盘
10:04:32,32.51,-0.01,81,263385,卖盘
10:04:35,32.52,0.01,2,6503,买盘
10:04:38,32.52,0.0,161,523436,买盘
10:04:41,32.52,0.0,142,461778,买盘
10:04:44,32.52,0.0,42,136584,买盘
10:04:47,32.52,0.0,152,494283,买盘
10:04:50,32.51,-0.01,196,637226,卖盘
10:04:52,32.52,0.01,527,1714017,买盘
10:04:56,32.51,-0.01,52,169099,卖盘
10:04:59,32.52,0.01,88,286138,买盘
10:05:02,32.52,0.0,17,55284,买盘
10:05:05,32.52,0.0,86,279670,买盘
10:05:08,32.52,0.0,107,347946,买盘
10:05:10,32.53,0.01,130,422751,买盘
10:05:14,32.54,0.01,71,230981,买盘
10:05:16,32.54,0.0,106,344922,买盘
10:05:20,32.54,0.0,128,416492,买盘
10:05:23,32.55,0.01,453,1474244,买盘
10:05:26,32.55,0.0,49,159491,买盘
10:05:29,32.55,0.0,551,1793490,买盘
10:05:32,32.55,0.0,959,3120878,买盘
10:05:35,32.56,0.01,622,2025077,买盘
10:05:38,32.57,0.01,177,576421,买盘
10:05:41,32.57,0.0,191,622257,卖盘
10:05:44,32.58,0.01,422,1375041,买盘
10:05:47,32.59,0.01,186,606169,买盘
10:05:51,32.58,-0.01,72,234635,卖盘
10:05:52,32.58,0.0,412,1342101,卖盘
10:05:55,32.6,0.02,1114,3631397,买盘
10:05:59,32.59,-0.01,212,691002,中性盘
10:06:02,32.58,-0.01,62,202026,买盘
10:06:05,32.56,-0.02,187,609385,卖盘
10:06:09,32.59,0.03,35,114051,买盘
10:06:11,32.58,-0.01,97,315866,卖盘
10:06:14,32.55,-0.03,88,286556,卖盘
10:06:17,32.58,0.03,39,127048,中性盘
10:06:19,32.56,-0.02,16,52126,卖盘
10:06:23,32.56,0.0,41,133517,卖盘
10:06:26,32.55,-0.01,25,81396,卖盘
10:06:28,32.55,0.0,61,198563,卖盘
10:06:32,32.55,0.0,75,244130,买盘
10:06:35,32.55,0.0,87,283185,买盘
10:06:39,32.55,0.0,164,533707,买盘
10:06:40,32.55,0.0,75,244071,买盘
10:06:45,32.56,0.01,440,1432234,买盘
10:06:47,32.53,-0.03,136,442500,卖盘
10:06:49,32.55,0.02,163,530517,买盘
10:06:53,32.56,0.01,103,335218,买盘
10:06:55,32.55,-0.01,100,325480,中性盘
10:06:59,32.54,-0.01,226,735613,中性盘
10:07:03,32.55,0.01,128,416703,买盘
10:07:06,32.55,0.0,55,179026,中性盘
10:07:08,32.53,-0.02,13,42294,卖盘
10:07:12,32.54,0.01,79,257044,买盘
10:07:15,32.54,0.0,59,191981,买盘
10:07:17,32.54,0.0,107,348278,买盘
10:07:19,32.54,0.0,32,104123,买盘
10:07:23,32.54,0.0,28,91107,卖盘
10:07:26,32.54,0.0,26,84604,卖盘
10:07:30,32.55,0.01,26,84612,买盘
10:07:32,32.53,-0.02,53,172455,卖盘
10:07:35,32.53,0.0,5,16267,卖盘
10:07:38,32.54,0.01,3,9762,买盘
10:07:42,32.53,-0.01,186,605058,卖盘
10:07:43,32.53,0.0,9,29277,买盘
10:07:47,32.53,0.0,25,81325,买盘
10:07:51,32.53,0.0,18,58554,买盘
10:07:53,32.53,0.0,17,55292,买盘
10:07:56,32.53,0.0,32,104071,买盘
10:07:59,32.53,0.0,88,286194,买盘
10:08:01,32.53,0.0,34,110600,买盘
10:08:04,32.52,-0.01,66,214679,卖盘
10:08:07,32.52,0.0,189,614706,卖盘
10:08:11,32.52,0.0,73,237460,卖盘
10:08:14,32.53,0.01,56,182167,买盘
10:08:18,32.52,-0.01,78,253712,卖盘
10:08:20,32.53,0.01,36,117095,买盘
10:08:24,32.53,0.0,16,52048,买盘
10:08:25,32.52,-0.01,140,455399,卖盘
10:08:28,32.53,0.01,82,266674,买盘
10:08:31,32.53,0.0,47,152872,买盘
10:08:36,32.53,0.0,1,3253,买盘
10:08:38,32.53,0.0,343,1115776,买盘
10:08:42,32.54,0.01,63,204975,买盘
10:08:45,32.53,-0.01,32,104124,卖盘
10:08:46,32.53,0.0,237,770962,卖盘
10:08:51,32.53,0.0,61,198434,买盘
10:08:53,32.54,0.01,78,253791,买盘
10:08:56,32.54,0.0,26,84600,买盘
10:09:00,32.54,0.0,160,520628,买盘
10:09:01,32.54,0.0,162,527158,中性盘
10:09:05,32.54,0.0,116,377464,卖盘
10:09:09,32.54,0.0,62,201738,买盘
10:09:12,32.54,0.0,113,367704,买盘
10:09:14,32.54,0.0,81,263629,卖盘
10:09:18,32.55,0.01,106,345027,买盘
10:09:21,32.54,-0.01,51,166000,卖盘
10:09:23,32.55,0.01,57,185509,买盘
10:09:27,32.55,0.0,414,1347894,买盘
10:09:30,32.57,0.02,123,400583,买盘
10:09:33,32.55,-0.02,112,364704,卖盘
10:09:36,32.57,0.02,124,403665,买盘
10:09:37,32.58,0.01,297,967221,买盘
10:09:42,32.57,-0.01,33,107512,中性盘
10:09:45,32.58,0.01,89,289918,买盘
10:09:47,32.57,-0.01,79,257380,卖盘
10:09:51,32.57,0.0,57,185671,卖盘
10:09:52,32.57,0.0,190,618984,卖盘
10:09:57,32.58,0.01,49,159624,买盘
10:09:59,32.58,0.0,290,944860,买盘
10:10:03,32.58,0.0,64,208517,买盘
10:10:06,32.57,-0.01,124,403955,卖盘
10:10:09,32.58,0.01,81,263875,买盘
10:10:12,32.58,0.0,13,42354,卖盘
10:10:14,32.57,-0.01,475,1548120,卖盘
10:10:16,32.58,0.01,51,166156,买盘
10:10:21,32.58,0.0,46,149861,买盘
10:10:24,32.57,-0.01,224,729397,卖盘
10:10:27,32.57,0.0,54,175908,买盘
10:10:29,32.58,0.01,66,214958,买盘
10:10:32,32.57,-0.01,31,100977,卖盘
10:10:36,32.56,-0.01,42,136808,卖盘
10:10:37,32.56,0.0,40,130240,买盘
10:10:42,32.55,-0.01,869,2831518,卖盘
10:10:45,32.56,0.01,10,32560,买盘
10:10:48,32.57,0.01,55,179073,买盘
10:10:51,32.57,0.0,79,257258,卖盘
10:10:54,32.56,-0.01,21,68399,卖盘
10:10:57,32.57,0.01,45,146533,买盘
10:10:58,32.57,0.0,21,68397,买盘
10:11:03,32.57,0.0,79,257228,买盘
10:11:06,32.56,-0.01,109,354916,卖盘
10:11:09,32.57,0.01,17,55367,买盘
10:11:12,32.56,-0.01,46,149779,卖盘
10:11:15,32.56,0.0,126,410256,买盘
10:11:18,32.55,-0.01,36,117229,卖盘
10:11:20,32.56,0.01,3,9768,买盘
10:11:23,32.55,-0.01,143,465628,卖盘
10:11:27,32.56,0.01,64,208384,买盘
10:11:30,32.55,-0.01,290,943967,卖盘
10:11:33,32.55,0.0,342,1113249,买盘
10:11:36,32.56,0.01,254,826852,买盘
10:11:39,32.56,0.0,169,550341,买盘
10:11:42,32.58,0.02,65,211709,买盘
10:11:45,32.58,0.0,61,198716,买盘
10:11:48,32.59,0.01,92,299733,买盘
10:11:49,32.57,-0.02,228,743013,卖盘
10:11:54,32.58,0.01,48,156363,买盘
10:11:57,32.57,-0.01,18,58628,卖盘
10:12:00,32.56,-0.01,24,78138,卖盘
10:12:03,32.57,0.01,56,182432,卖盘
10:12:06,32.58,0.01,12,39093,买盘
10:12:09,32.56,-0.02,40,132852,卖盘
10:12:12,32.57,0.01,14,45603,买盘
10:12:15,32.58,0.01,67,218208,买盘
10:12:16,32.57,-0.01,18,58626,中性盘
10:12:21,32.57,0.0,1017,3315026,卖盘
10:12:24,32.58,0.01,41,133593,买盘
10:12:27,32.58,0.0,73,237801,买盘
10:12:30,32.56,-0.02,32,102342,卖盘
10:12:33,32.56,0.0,44,143174,卖盘
10:12:36,32.57,0.01,22,71620,买盘
10:12:39,32.57,0.0,6,19541,买盘
10:12:42,32.56,-0.01,88,286596,卖盘
10:12:45,32.56,0.0,11,35826,卖盘
10:12:46,32.56,0.0,47,153032,买盘
10:12:51,32.56,0.0,4,13021,买盘
10:12:54,32.56,0.0,132,429667,买盘
10:12:57,32.56,0.0,6,19536,买盘
10:12:59,32.55,-0.01,9,29297,卖盘
10:13:03,32.56,0.01,34,110683,买盘
10:13:06,32.54,-0.02,68,223175,卖盘
10:13:09,32.54,0.0,8,26032,买盘
10:13:14,32.53,-0.01,18,58555,卖盘
10:13:18,32.53,0.0,38,121230,卖盘
10:13:21,32.51,-0.02,201,653545,卖盘
10:13:24,32.51,0.0,26,84526,买盘
10:13:27,32.5,-0.01,58,189086,卖盘
10:13:30,32.51,0.01,37,120287,买盘
10:13:33,32.52,0.01,405,1316656,买盘
10:13:36,32.52,0.0,113,367372,中性盘
10:13:39,32.52,0.0,61,198328,卖盘
10:13:42,32.52,0.0,34,110568,买盘
10:13:45,32.53,0.01,743,2415058,买盘
10:13:48,32.52,-0.01,42,136612,中性盘
10:13:50,32.52,0.0,119,387067,买盘
10:13:54,32.52,0.0,51,165851,买盘
10:13:56,32.52,0.0,16,52035,卖盘
10:14:00,32.52,0.0,90,292726,卖盘
10:14:03,32.53,0.01,29,94323,买盘
10:14:06,32.52,-0.01,89,289421,卖盘
10:14:09,32.52,0.0,40,130051,卖盘
10:14:12,32.52,0.0,7,22764,买盘
10:14:14,32.52,0.0,43,139831,买盘
10:14:18,32.52,0.0,21,68293,买盘
10:14:21,32.51,-0.01,22,71543,卖盘
10:14:22,32.51,0.0,61,198338,卖盘
10:14:27,32.51,0.0,18,58529,买盘
10:14:30,32.5,-0.01,152,494005,卖盘
10:14:32,32.49,-0.01,46,150260,卖盘
10:14:36,32.5,0.01,16,52000,买盘
10:14:38,32.5,0.0,37,120215,买盘
10:14:42,32.5,0.0,23,74738,买盘
10:14:45,32.5,0.0,30,97278,买盘
10:14:47,32.49,-0.01,8,25996,卖盘
10:14:51,32.49,0.0,46,149314,卖盘
10:14:54,32.5,0.01,33,107227,买盘
10:14:57,32.49,-0.01,4,13518,卖盘
10:15:00,32.49,0.0,52,168950,卖盘
10:15:01,32.49,0.0,28,90993,卖盘
10:15:06,32.49,0.0,75,242831,卖盘
10:15:09,32.5,0.01,101,328250,买盘
10:15:12,32.5,0.0,19,61745,买盘
10:15:15,32.52,0.02,705,2291433,买盘
10:15:18,32.53,0.01,204,663546,买盘
10:15:21,32.54,0.01,223,725419,买盘
10:15:24,32.55,0.01,83,270088,买盘
10:15:27,32.54,-0.01,630,2050467,卖盘
10:15:29,32.56,0.02,95,309249,买盘
10:15:33,32.54,-0.02,69,224603,卖盘
10:15:36,32.55,0.01,19,61845,买盘
10:15:39,32.54,-0.01,21,68335,卖盘
10:15:42,32.55,0.01,14,45570,买盘
10:15:45,32.55,0.0,18,58591,卖盘
10:15:47,32.56,0.01,7,22791,买盘
10:15:51,32.55,-0.01,50,162747,卖盘
10:15:54,32.54,-0.01,114,371042,卖盘
10:15:56,32.56,0.02,3,9767,买盘
10:16:00,32.54,-0.02,16,52065,卖盘
10:16:02,32.54,0.0,17,55318,买盘
10:16:09,32.55,0.01,14,45568,买盘
10:16:11,32.55,0.0,91,296184,买盘
10:16:15,32.55,0.0,94,305919,买盘
10:16:18,32.55,0.0,31,100906,买盘
10:16:21,32.56,0.01,14,45574,买盘
10:16:24,32.55,-0.01,56,182279,卖盘
10:16:27,32.54,-0.01,5,16272,卖盘
10:16:30,32.55,0.01,7,22785,买盘
10:16:33,32.54,-0.01,63,205014,卖盘
10:16:36,32.54,0.0,158,516251,卖盘
10:16:39,32.54,0.0,19,59812,卖盘
10:16:42,32.54,0.0,15,48810,买盘
10:16:45,32.53,-0.01,47,152916,卖盘
10:16:47,32.53,0.0,27,87838,卖盘
10:16:51,32.53,0.0,115,374121,卖盘
10:16:54,32.53,0.0,55,178915,买盘
10:17:00,32.52,-0.01,2,8358,卖盘
10:17:03,32.52,0.0,25,81300,卖盘
10:17:06,32.52,0.0,27,88001,卖盘
10:17:09,32.49,-0.03,574,1863602,卖盘
10:17:11,32.49,0.0,1,3249,买盘
10:17:15,32.47,-0.02,188,612908,卖盘
10:17:17,32.47,0.0,6,19482,卖盘
10:17:21,32.47,0.0,34,110656,卖盘
10:17:23,32.46,-0.01,93,301945,卖盘
10:17:27,32.48,0.02,1,3248,买盘
10:17:30,32.47,-0.01,5,16235,卖盘
10:17:32,32.47,0.0,39,126610,买盘
10:17:36,32.47,0.0,60,192428,买盘
10:17:38,32.46,-0.01,9,29641,卖盘
10:17:42,32.46,0.0,53,172029,卖盘
10:17:45,32.46,0.0,5,16230,买盘
10:17:48,32.44,-0.02,287,930634,卖盘
10:17:51,32.44,0.0,57,186237,买盘
10:17:54,32.43,-0.01,94,304914,卖盘
10:17:57,32.45,0.02,325,1054438,买盘
10:18:00,32.45,0.0,69,223898,买盘
10:18:03,32.44,-0.01,50,162231,卖盘
10:18:05,32.45,0.01,117,379668,买盘
10:18:08,32.47,0.02,50,162949,买盘
10:18:12,32.47,0.0,132,428589,买盘
10:18:15,32.47,0.0,184,597299,买盘
10:18:18,32.47,0.0,13,42211,买盘
10:18:20,32.46,-0.01,41,133114,卖盘
10:18:24,32.46,0.0,39,126615,卖盘
10:18:27,32.48,0.02,23,74682,买盘
10:18:30,32.48,0.0,22,71454,买盘
10:18:33,32.48,0.0,57,185113,买盘
10:18:35,32.48,0.0,34,110414,买盘
10:18:39,32.48,0.0,21,68208,卖盘
10:18:42,32.49,0.01,38,123408,买盘
10:18:44,32.49,0.0,35,111467,买盘
10:18:48,32.47,-0.02,18,60654,卖盘
10:18:51,32.47,0.0,61,198067,买盘
10:18:54,32.49,0.02,31,100680,买盘
10:18:57,32.45,-0.04,169,548545,卖盘
10:19:00,32.49,0.04,11,35739,买盘
10:19:03,32.47,-0.02,2,6495,卖盘
10:19:06,32.48,0.01,4,12992,买盘
10:19:09,32.48,0.0,26,84422,买盘
10:19:12,32.47,-0.01,6,19483,卖盘
10:19:15,32.47,0.0,35,113645,买盘
10:19:18,32.47,0.0,1,3247,买盘
10:19:20,32.47,0.0,70,227252,买盘
10:19:24,32.45,-0.02,384,1245481,卖盘
10:19:27,32.45,0.0,119,386155,买盘
10:19:30,32.44,-0.01,67,215444,卖盘
10:19:33,32.45,0.01,1,3245,买盘
10:19:36,32.44,-0.01,71,230348,卖盘
10:19:39,32.44,0.0,41,135242,卖盘
10:19:42,32.44,0.0,26,84344,卖盘
10:19:45,32.45,0.01,336,1089895,买盘
10:19:47,32.43,-0.02,7,22704,卖盘
10:19:51,32.44,0.01,23,74616,中性盘
10:19:54,32.45,0.01,23,74600,买盘
10:19:56,32.44,-0.01,52,168688,卖盘
10:19:59,32.43,-0.01,32,103805,卖盘
10:20:02,32.43,0.0,24,75627,卖盘
10:20:06,32.43,0.0,34,110270,卖盘
10:20:08,32.43,0.0,11,35680,卖盘
10:20:11,32.44,0.01,2,6488,买盘
10:20:15,32.43,-0.01,267,868273,卖盘
10:20:16,32.44,0.01,20,64872,买盘
10:20:21,32.43,-0.01,37,120017,卖盘
10:20:24,32.43,0.0,199,643762,卖盘
10:20:27,32.44,0.01,60,194584,买盘
10:20:29,32.44,0.0,92,298427,买盘
10:20:33,32.44,0.0,57,184908,买盘
10:20:36,32.44,0.0,286,927746,买盘
10:20:38,32.44,0.0,6,19464,卖盘
10:20:41,32.45,0.01,32,103831,买盘
10:20:44,32.44,-0.01,3,9733,卖盘
10:20:48,32.44,0.0,56,181667,卖盘
10:20:50,32.44,0.0,85,275797,卖盘
10:20:54,32.45,0.01,102,330990,买盘
10:20:57,32.44,-0.01,110,356890,卖盘
10:21:00,32.45,0.01,22,71372,买盘
10:21:03,32.45,0.0,43,139535,买盘
10:21:05,32.44,-0.01,27,87853,卖盘
10:21:09,32.45,0.01,130,421826,买盘
10:21:10,32.45,0.0,82,266090,买盘
10:21:14,32.45,0.0,3,9733,买盘
10:21:16,32.45,0.0,5,16224,买盘
10:21:20,32.44,-0.01,123,399099,卖盘
10:21:24,32.45,0.01,7,22715,买盘
10:21:26,32.44,-0.01,113,366590,卖盘
10:21:28,32.46,0.02,148,482110,买盘
10:21:33,32.46,0.0,21,68146,买盘
10:21:35,32.45,-0.01,27,87616,卖盘
10:21:38,32.45,0.0,3,9736,卖盘
10:21:41,32.45,0.0,29,94115,卖盘
10:21:44,32.46,0.01,6,19474,买盘
10:21:48,32.46,0.0,1,3246,买盘
10:21:49,32.46,0.0,73,236957,买盘
10:21:54,32.46,0.0,36,116856,卖盘
10:22:00,32.46,0.0,3,9738,卖盘
10:22:02,32.47,0.01,1,3247,买盘
10:22:05,32.46,-0.01,131,425238,卖盘
10:22:09,32.46,0.0,15,47555,卖盘
10:22:12,32.47,0.01,21,68187,买盘
10:22:15,32.45,-0.02,59,191527,卖盘
10:22:17,32.46,0.01,39,126564,买盘
10:22:20,32.46,0.0,132,428469,买盘
10:22:24,32.45,-0.01,14,46056,卖盘
10:22:27,32.45,0.0,29,94114,卖盘
10:22:29,32.45,0.0,11,36217,卖盘
10:22:35,32.44,-0.01,38,123273,卖盘
10:22:39,32.45,0.01,25,79381,买盘
10:22:42,32.45,0.0,53,171984,买盘
10:22:43,32.44,-0.01,46,150958,卖盘
10:22:47,32.46,0.02,127,412119,买盘
10:22:51,32.46,0.0,1,3246,买盘
10:22:56,32.45,-0.01,29,94120,卖盘
10:22:59,32.46,0.01,32,103854,买盘
10:23:03,32.46,0.0,50,162300,买盘
10:23:05,32.46,0.0,14,45441,买盘
10:23:08,32.46,0.0,9,28400,买盘
10:23:11,32.46,0.0,46,149291,买盘
10:23:14,32.45,-0.01,8,25960,卖盘
10:23:17,32.45,0.0,63,203494,卖盘
10:23:20,32.45,0.0,64,207704,卖盘
10:23:24,32.45,0.0,5,16225,卖盘
10:23:27,32.44,-0.01,148,481588,卖盘
10:23:30,32.45,0.01,169,548424,买盘
10:23:32,32.44,-0.01,39,126536,卖盘
10:23:35,32.45,0.01,195,632636,买盘
10:23:38,32.45,0.0,17,55165,买盘
10:23:41,32.44,-0.01,214,693986,卖盘
10:23:45,32.46,0.02,126,408895,买盘
10:23:47,32.44,-0.02,41,133006,买盘
10:23:49,32.44,0.0,58,188157,买盘
10:23:52,32.44,0.0,3,9732,买盘
10:23:56,32.43,-0.01,17,55130,卖盘
10:23:59,32.44,0.01,59,191341,买盘
10:24:02,32.44,0.0,25,81091,买盘
10:24:05,32.43,-0.01,26,84321,卖盘
10:24:07,32.43,0.0,4,13556,卖盘
10:24:11,32.43,0.0,5,16217,卖盘
10:24:14,32.44,0.01,32,103806,买盘
10:24:17,32.44,0.0,19,61618,买盘
10:24:20,32.4,-0.04,1222,3959319,卖盘
10:24:23,32.4,0.0,105,340192,买盘
10:24:26,32.4,0.0,19,61560,买盘
10:24:29,32.4,0.0,36,116615,买盘
10:24:35,32.39,-0.01,98,317407,卖盘
10:24:40,32.4,0.01,566,1833154,买盘
10:24:44,32.39,-0.01,28,90720,卖盘
10:24:47,32.38,-0.01,8,26369,卖盘
10:24:50,32.39,0.01,33,106511,买盘
10:24:53,32.39,0.0,79,255955,买盘
10:24:56,32.39,0.0,2,6478,买盘
10:24:59,32.39,0.0,33,106887,买盘
10:25:02,32.42,0.03,201,651203,买盘
10:25:05,32.37,-0.05,132,427527,卖盘
10:25:07,32.39,0.02,17,55095,卖盘
10:25:11,32.41,0.02,121,392268,买盘
10:25:14,32.43,0.02,54,175096,中性盘
10:25:17,32.44,0.01,42,136248,买盘
10:25:20,32.45,0.01,94,304930,买盘
10:25:23,32.45,0.0,155,502955,买盘
10:25:25,32.45,0.0,28,90857,买盘
10:25:29,32.45,0.0,53,171980,买盘
10:25:31,32.45,0.0,164,532169,买盘
10:25:35,32.45,0.0,72,233588,买盘
10:25:37,32.45,0.0,56,181704,买盘
10:25:41,32.44,-0.01,24,77857,卖盘
10:25:44,32.44,0.0,23,74612,卖盘
10:25:47,32.44,0.0,92,298465,卖盘
10:25:50,32.45,0.01,32,103836,买盘
10:25:53,32.44,-0.01,27,87612,卖盘
10:25:56,32.45,0.01,115,373057,买盘
10:25:59,32.42,-0.03,2,6487,卖盘
10:26:02,32.43,0.01,49,158907,中性盘
10:26:05,32.43,0.0,63,204309,买盘
10:26:08,32.43,0.0,24,77833,卖盘
10:26:10,32.43,0.0,30,97297,卖盘
10:26:14,32.43,0.0,60,194581,卖盘
10:26:16,32.43,0.0,2,6486,卖盘
10:26:20,32.43,0.0,2,6486,买盘
10:26:23,32.44,0.01,66,214044,买盘
10:26:26,32.42,-0.02,3,9726,卖盘
10:26:29,32.42,0.0,17,55117,卖盘
10:26:32,32.42,0.0,8,25935,买盘
10:26:35,32.45,0.03,136,441190,买盘
10:26:37,32.4,-0.05,72,233303,卖盘
10:26:41,32.44,0.04,37,119955,中性盘
10:26:43,32.4,-0.04,29,93960,卖盘
10:26:50,32.4,0.0,21,68060,卖盘
10:26:53,32.41,0.01,14,45386,中性盘
10:26:56,32.41,0.0,15,48615,买盘
10:26:59,32.4,-0.01,107,346689,卖盘
10:27:02,32.41,0.01,113,366212,买盘
10:27:05,32.41,0.0,33,106918,买盘
10:27:07,32.4,-0.01,24,77766,卖盘
10:27:11,32.41,0.01,2,6481,买盘
10:27:14,32.41,0.0,29,93946,买盘
10:27:17,32.41,0.0,20,64804,买盘
10:27:20,32.4,-0.01,34,110160,卖盘
10:27:26,32.4,0.0,2,6480,买盘
10:27:28,32.4,0.0,34,110143,买盘
10:27:32,32.4,0.0,17,55076,买盘
10:27:35,32.4,0.0,45,145763,买盘
10:27:37,32.39,-0.01,33,106890,卖盘
10:27:41,32.4,0.01,23,74519,买盘
10:27:44,32.39,-0.01,9,29151,卖盘
10:27:47,32.38,-0.01,128,414579,卖盘
10:27:49,32.38,0.0,16,51820,卖盘
10:27:52,32.38,0.0,17,55053,卖盘
10:27:56,32.38,0.0,30,97143,卖盘
10:27:58,32.38,0.0,177,573227,卖盘
10:28:01,32.38,0.0,108,349794,中性盘
10:28:05,32.38,0.0,7,22665,买盘
10:28:07,32.37,-0.01,171,553528,卖盘
10:28:11,32.37,0.0,17,55028,买盘
10:28:14,32.36,-0.01,35,113285,卖盘
10:28:16,32.36,0.0,18,58261,卖盘
10:28:20,32.37,0.01,64,207133,买盘
10:28:22,32.35,-0.02,228,737777,卖盘
10:28:26,32.36,0.01,36,116524,中性盘
10:28:28,32.35,-0.01,25,80878,卖盘
10:28:32,32.36,0.01,1,3236,买盘
10:28:34,32.35,-0.01,19,61465,卖盘
10:28:38,32.35,0.0,28,90587,卖盘
10:28:40,32.36,0.01,24,77644,买盘
10:28:44,32.35,-0.01,148,478830,卖盘
10:28:47,32.36,0.01,2,6472,买盘
10:28:49,32.36,0.0,6,19415,买盘
10:28:53,32.35,-0.01,27,87345,卖盘
10:28:56,32.35,0.0,9,29117,卖盘
10:28:58,32.35,0.0,10,32351,卖盘
10:29:02,32.36,0.01,123,398003,买盘
10:29:05,32.35,-0.01,4,12942,卖盘
10:29:08,32.36,0.01,101,326830,买盘
10:29:11,32.35,-0.01,157,507945,卖盘
10:29:14,32.37,0.02,208,673127,买盘
10:29:17,32.37,0.0,3,9711,买盘
10:29:20,32.34,-0.03,247,798921,卖盘
10:29:23,32.34,0.0,14,45276,买盘
10:29:26,32.35,0.01,131,423655,买盘
10:29:29,32.35,0.0,228,737227,买盘
10:29:32,32.35,0.0,52,168174,卖盘
10:29:35,32.35,0.0,25,80847,卖盘
10:29:38,32.34,-0.01,12,38815,中性盘
10:29:41,32.33,-0.01,205,662577,卖盘
10:29:44,32.35,0.02,34,109991,买盘
10:29:47,32.35,0.0,30,97050,卖盘
10:29:49,32.34,-0.01,4,12936,卖盘
10:29:52,32.34,0.0,18,58209,买盘
10:29:56,32.31,-0.03,413,1335112,卖盘
10:29:59,32.32,0.01,34,109928,中性盘
10:30:02,32.34,0.02,41,132594,买盘
10:30:05,32.33,-0.01,306,988981,卖盘
10:30:08,32.31,-0.02,190,614189,卖盘
10:30:11,32.34,0.03,13,42053,中性盘
10:30:14,32.35,0.01,60,194096,买盘
10:30:17,32.35,0.0,21,67912,买盘
10:30:20,32.33,-0.02,15,48502,卖盘
10:30:26,32.34,0.01,1,3234,买盘
10:30:29,32.34,0.0,33,106722,买盘
10:30:31,32.33,-0.01,114,368612,卖盘
10:30:35,32.32,-0.01,55,177785,卖盘
10:30:38,32.33,0.01,23,74359,买盘
10:30:40,32.33,0.0,90,290944,买盘
10:30:44,32.33,0.0,50,161653,买盘
10:30:47,32.34,0.01,73,236027,买盘
10:30:49,32.33,-0.01,444,1435867,卖盘
10:30:53,32.36,0.03,25,80856,中性盘
10:30:55,32.34,-0.02,13,42042,卖盘
10:31:02,32.36,0.02,99,320364,买盘
10:31:05,32.36,0.0,22,71150,买盘
10:31:08,32.34,-0.02,11,35576,卖盘
10:31:10,32.36,0.02,7,22642,买盘
10:31:14,32.36,0.0,10,32360,买盘
10:31:17,32.36,0.0,61,197337,买盘
10:31:20,32.36,0.0,84,271795,买盘
10:31:23,32.36,0.0,15,48540,卖盘
10:31:26,32.36,0.0,35,113260,卖盘
10:31:31,32.37,0.01,57,184507,买盘
10:31:35,32.37,0.0,96,310747,买盘
10:31:38,32.37,0.0,27,87400,卖盘
10:31:40,32.37,0.0,16,51803,卖盘
10:31:47,32.38,0.01,5,16190,买盘
10:31:50,32.38,0.0,64,207215,买盘
10:31:53,32.37,-0.01,11,35613,卖盘
10:31:56,32.37,0.0,32,103590,卖盘
10:31:59,32.38,0.01,50,161882,买盘
10:32:02,32.37,-0.01,39,126281,中性盘
10:32:04,32.37,0.0,95,307606,卖盘
10:32:07,32.38,0.01,1,3238,买盘
10:32:11,32.37,-0.01,18,58267,卖盘
10:32:14,32.38,0.01,132,427388,买盘
10:32:17,32.37,-0.01,44,142466,卖盘
10:32:20,32.38,0.01,1,3238,买盘
10:32:22,32.37,-0.01,19,61504,卖盘
10:32:29,32.38,0.01,64,207140,买盘
10:32:31,32.37,-0.01,23,74451,中性盘
10:32:35,32.37,0.0,45,145624,买盘
10:32:38,32.37,0.0,11,35598,买盘
10:32:41,32.37,0.0,14,45318,买盘
10:32:44,32.36,-0.01,31,100318,卖盘
10:32:47,32.36,0.0,17,55027,卖盘
10:32:49,32.36,0.0,18,58248,卖盘
10:32:53,32.37,0.01,2,6474,买盘
10:32:55,32.37,0.0,23,74433,买盘
10:32:59,32.36,-0.01,8,25893,卖盘
10:33:02,32.37,0.01,96,310749,买盘
10:33:05,32.36,-0.01,33,106790,卖盘
10:33:07,32.36,0.0,4,12946,卖盘
10:33:11,32.36,0.0,2,6473,卖盘
10:33:14,32.37,0.01,40,129480,买盘
10:33:17,32.36,-0.01,19,61484,卖盘
10:33:20,32.37,0.01,55,178003,买盘
10:33:22,32.36,-0.01,115,372256,卖盘
10:33:26,32.38,0.02,4,12952,买盘
10:33:29,32.37,-0.01,19,61503,卖盘
10:33:31,32.37,0.0,14,45318,卖盘
10:33:35,32.37,0.0,21,67977,卖盘
10:33:38,32.37,0.0,24,77690,卖盘
10:33:41,32.38,0.01,102,330275,买盘
10:33:44,32.38,0.0,8,25904,买盘
10:33:47,32.37,-0.01,110,356080,卖盘
10:33:50,32.37,0.0,46,148905,卖盘
10:33:52,32.37,0.0,102,330176,卖盘
10:33:55,32.36,-0.01,76,245998,卖盘
10:33:59,32.35,-0.01,20,64719,卖盘
10:34:01,32.35,0.0,118,381831,卖盘
10:34:05,32.35,0.0,23,74405,卖盘
10:34:08,32.35,0.0,169,546715,卖盘
10:34:11,32.35,0.0,17,54995,买盘
10:34:14,32.34,-0.01,102,329908,卖盘
10:34:16,32.34,0.0,1,3234,买盘
10:34:19,32.33,-0.01,55,177819,卖盘
10:34:23,32.34,0.01,72,232831,买盘
10:34:25,32.33,-0.01,222,717746,卖盘
10:34:29,32.33,0.0,37,119653,卖盘
10:34:32,32.34,0.01,2,6468,买盘
10:34:35,32.34,0.0,117,378331,买盘
10:34:38,32.34,0.0,85,274840,买盘
10:34:41,32.33,-0.01,3,9700,卖盘
10:34:43,32.33,0.0,28,90534,卖盘
10:34:47,32.34,0.01,24,77616,买盘
10:34:49,32.34,0.0,38,122858,买盘
10:34:53,32.33,-0.01,303,979790,卖盘
10:34:56,32.33,0.0,89,287767,卖盘
10:34:59,32.34,0.01,61,197240,买盘
10:35:02,32.34,0.0,95,307189,买盘
10:35:04,32.31,-0.03,646,2087568,卖盘
10:35:08,32.33,0.02,123,397927,卖盘
10:35:11,32.34,0.01,26,84084,中性盘
10:35:14,32.34,0.0,79,255486,买盘
10:35:17,32.34,0.0,17,54978,卖盘
10:35:20,32.34,0.0,22,71148,卖盘
10:35:23,32.35,0.01,9,29115,买盘
10:35:25,32.35,0.0,34,109975,买盘
10:35:29,32.35,0.0,19,61465,卖盘
10:35:32,32.35,0.0,8,25880,卖盘
10:35:34,32.34,-0.01,30,97057,卖盘
10:35:38,32.35,0.01,6,19412,卖盘
10:35:41,32.35,0.0,14,45290,卖盘
10:35:44,32.35,0.0,61,197335,买盘
10:35:50,32.34,-0.01,26,84089,卖盘
10:35:53,32.35,0.01,4,12940,买盘
10:35:56,32.33,-0.02,65,210175,卖盘
10:35:59,32.35,0.02,12,38818,买盘
10:36:02,32.35,0.0,117,378478,买盘
10:36:04,32.35,0.0,3,9704,买盘
10:36:11,32.35,0.0,1,3235,买盘
10:36:14,32.35,0.0,25,80853,买盘
10:36:17,32.34,-0.01,1,3234,卖盘
10:36:20,32.34,0.0,1,3234,买盘
10:36:23,32.33,-0.01,71,229553,卖盘
10:36:25,32.34,0.01,51,164890,买盘
10:36:32,32.34,0.0,107,346083,买盘
10:36:34,32.32,-0.02,45,145484,卖盘
10:36:38,32.34,0.02,2,6468,买盘
10:36:41,32.32,-0.02,54,174579,卖盘
10:36:47,32.34,0.02,20,64651,买盘
10:36:50,32.33,-0.01,6,19403,中性盘
10:36:53,32.33,0.0,12,38796,卖盘
10:36:56,32.32,-0.01,65,210125,卖盘
10:36:59,32.32,0.0,108,349110,卖盘
10:37:02,32.33,0.01,101,326522,买盘
10:37:05,32.32,-0.01,15,48480,卖盘
10:37:08,32.32,0.0,15,48480,买盘
10:37:11,32.32,0.0,3,9696,买盘
10:37:14,32.31,-0.01,10,32310,卖盘
10:37:17,32.31,0.0,2,6462,卖盘
10:37:20,32.32,0.01,267,862682,买盘
10:37:23,32.32,0.0,35,113107,买盘
10:37:26,32.31,-0.01,8,25848,买盘
10:37:29,32.31,0.0,16,51696,买盘
10:37:32,32.31,0.0,24,77525,买盘
10:37:34,32.31,0.0,27,87212,买盘
10:37:38,32.31,0.0,82,264941,买盘
10:37:41,32.31,0.0,52,167993,买盘
10:37:44,32.31,0.0,2,6461,买盘
10:37:47,32.31,0.0,19,61388,买盘
10:37:50,32.31,0.0,1,3231,买盘
10:37:53,32.3,-0.01,161,520048,卖盘
10:37:55,32.31,0.01,88,284259,买盘
10:37:59,32.31,0.0,108,348947,买盘
10:38:02,32.31,0.0,107,345705,买盘
10:38:05,32.31,0.0,206,665590,买盘
10:38:08,32.31,0.0,27,87237,卖盘
10:38:11,32.31,0.0,1,3231,卖盘
10:38:13,32.31,0.0,29,93699,卖盘
10:38:17,32.31,0.0,177,571891,卖盘
10:38:20,32.32,0.01,44,142192,买盘
10:38:23,32.31,-0.01,5,16157,卖盘
10:38:26,32.31,0.0,95,305538,卖盘
10:38:32,32.32,0.01,106,342562,买盘
10:38:34,32.31,-0.01,170,549417,卖盘
10:38:37,32.32,0.01,51,164810,买盘
10:38:41,32.33,0.01,136,439589,买盘
10:38:43,32.32,-0.01,13,42016,卖盘
10:38:47,32.32,0.0,25,80806,卖盘
10:38:50,32.32,0.0,3,9697,卖盘
10:38:53,32.33,0.01,1,3233,买盘
10:38:56,32.32,-0.01,73,235943,卖盘
10:38:59,32.33,0.01,25,80805,买盘
10:39:02,32.33,0.0,121,391193,买盘
10:39:05,32.32,-0.01,17,54959,卖盘
10:39:07,32.36,0.04,368,1189888,买盘
10:39:11,32.35,-0.01,29,93818,卖盘
10:39:14,32.36,0.01,2,6472,买盘
10:39:17,32.35,-0.01,7,22645,卖盘
10:39:20,32.35,0.0,50,161787,卖盘
10:39:23,32.39,0.04,104,336723,买盘
10:39:26,32.36,-0.03,13,42070,中性盘
10:39:29,32.37,0.01,6,19421,买盘
10:39:32,32.39,0.02,26,84176,买盘
10:39:35,32.37,-0.02,56,181268,卖盘
10:39:37,32.36,-0.01,29,93844,卖盘
10:39:41,32.37,0.01,10,32370,买盘
10:39:44,32.37,0.0,21,67958,买盘
10:39:47,32.36,-0.01,53,171508,卖盘
10:39:50,32.36,0.0,17,55015,卖盘
10:39:53,32.36,0.0,25,80895,卖盘
10:39:56,32.35,-0.01,126,407639,卖盘
10:39:58,32.34,-0.01,86,278145,卖盘
10:40:02,32.34,0.0,119,384846,买盘
10:40:04,32.33,-0.01,22,71128,卖盘
10:40:10,32.34,0.01,18,58212,买盘
10:40:16,32.33,-0.01,24,77592,卖盘
10:40:20,32.34,0.01,137,442945,买盘
10:40:23,32.34,0.0,14,45273,买盘
10:40:25,32.34,0.0,28,90528,买盘
10:40:29,32.34,0.0,20,64680,买盘
10:40:32,32.34,0.0,67,216677,买盘
10:40:34,32.34,0.0,56,181074,买盘
10:40:38,32.33,-0.01,77,248941,卖盘
10:40:41,32.33,0.0,60,193990,卖盘
10:40:44,32.34,0.01,10,32340,买盘
10:40:46,32.34,0.0,8,25872,买盘
10:40:50,32.34,0.0,134,433339,买盘
10:40:53,32.33,-0.01,26,84083,卖盘
10:40:56,32.33,0.0,62,200446,卖盘
10:40:58,32.33,0.0,40,129320,卖盘
10:41:02,32.34,0.01,127,410718,买盘
10:41:05,32.34,0.0,14,45276,买盘
10:41:08,32.34,0.0,3,9702,买盘
10:41:11,32.33,-0.01,19,61427,卖盘
10:41:14,32.34,0.01,8,25869,买盘
10:41:17,32.33,-0.01,1,3233,卖盘
10:41:19,32.34,0.01,36,116404,买盘
10:41:23,32.33,-0.01,26,84067,卖盘
10:41:25,32.34,0.01,5,16170,买盘
10:41:28,32.33,-0.01,200,646639,卖盘
10:41:32,32.33,0.0,25,80829,卖盘
10:41:35,32.34,0.01,209,675883,买盘
10:41:37,32.34,0.0,52,168145,买盘
10:41:41,32.34,0.0,109,352505,买盘
10:41:44,32.34,0.0,179,578865,买盘
10:41:47,32.35,0.01,9,29108,买盘
10:41:49,32.35,0.0,68,219981,买盘
10:41:53,32.34,-0.01,3,9702,卖盘
10:41:56,32.34,0.0,83,268422,卖盘
10:41:58,32.34,0.0,32,103498,卖盘
10:42:02,32.35,0.01,117,378494,买盘
10:42:04,32.34,-0.01,20,64681,卖盘
10:42:13,32.35,0.01,6,19410,买盘
10:42:16,32.35,0.0,122,394692,买盘
10:42:20,32.35,0.0,9,29115,买盘
10:42:23,32.36,0.01,2,6472,买盘
10:42:26,32.36,0.0,1,3236,买盘
10:42:29,32.35,-0.01,20,64700,卖盘
10:42:35,32.35,0.0,19,61465,卖盘
10:42:38,32.36,0.01,52,168252,买盘
10:42:41,32.36,0.0,11,35596,买盘
10:42:44,32.36,0.0,26,84136,买盘
10:42:47,32.36,0.0,2,6471,买盘
10:42:50,32.35,-0.01,40,129420,卖盘
10:42:53,32.36,0.01,23,74428,买盘
10:42:56,32.35,-0.01,75,242637,卖盘
10:42:59,32.35,0.0,24,77650,卖盘
10:43:01,32.36,0.01,148,478908,买盘
10:43:05,32.36,0.0,7,22652,买盘
10:43:08,32.36,0.0,6,19416,买盘
10:43:11,32.35,-0.01,37,119697,卖盘
10:43:13,32.35,0.0,21,67935,卖盘
10:43:17,32.36,0.01,6,19415,买盘
10:43:20,32.36,0.0,1,3236,买盘
10:43:23,32.35,-0.01,22,71174,卖盘
10:43:25,32.36,0.01,3,9708,买盘
10:43:28,32.36,0.0,19,61484,买盘
10:43:32,32.35,-0.01,1,3235,卖盘
10:43:35,32.35,0.0,36,116460,卖盘
10:43:38,32.36,0.01,3,9708,买盘
10:43:41,32.36,0.0,100,323600,买盘
10:43:47,32.36,0.0,23,74410,买盘
10:43:49,32.36,0.0,2,6472,买盘
10:43:53,32.36,0.0,3,9707,买盘
10:43:56,32.35,-0.01,82,265271,卖盘
10:43:59,32.35,0.0,7,22649,卖盘
10:44:01,32.35,0.0,152,491811,卖盘
10:44:04,32.35,0.0,10,32358,卖盘
10:44:08,32.35,0.0,35,113235,卖盘
10:44:11,32.35,0.0,6,19409,买盘
10:44:13,32.35,0.0,1,3235,买盘
10:44:17,32.35,0.0,11,35584,买盘
10:44:20,32.35,0.0,37,119677,买盘
10:44:23,32.35,0.0,5,16174,买盘
10:44:29,32.34,-0.01,77,249029,卖盘
10:44:35,32.34,0.0,4,12937,卖盘
10:44:38,32.34,0.0,107,346144,卖盘
10:44:41,32.35,0.01,22,71151,买盘
10:44:44,32.36,0.01,100,323600,买盘
10:44:46,32.36,0.0,14,45294,买盘
10:44:53,32.35,-0.01,19,61465,卖盘
10:44:56,32.34,-0.01,75,242589,卖盘
10:45:02,32.35,0.01,227,734444,买盘
10:45:05,32.35,0.0,5,16176,卖盘
10:45:08,32.36,0.01,104,336541,买盘
10:45:11,32.36,0.0,73,236218,买盘
10:45:14,32.36,0.0,115,372134,买盘
10:45:17,32.36,0.0,18,58248,买盘
10:45:20,32.37,0.01,76,245942,买盘
10:45:23,32.37,0.0,5,16185,买盘
10:45:26,32.37,0.0,84,271831,买盘
10:45:29,32.37,0.0,6,19422,买盘
10:45:31,32.36,-0.01,6,19416,卖盘
10:45:35,32.36,0.0,20,64721,卖盘
10:45:38,32.36,0.0,22,71194,卖盘
10:45:41,32.36,0.0,2,6473,卖盘
10:45:44,32.37,0.01,36,116532,买盘
10:45:47,32.36,-0.01,20,64720,卖盘
10:45:50,32.37,0.01,16,51792,买盘
10:45:53,32.37,0.0,33,106820,买盘
10:45:55,32.37,0.0,81,262134,买盘
10:45:59,32.36,-0.01,21,67957,卖盘
10:46:01,32.37,0.01,89,288093,买盘
10:46:05,32.37,0.0,1,3237,卖盘
10:46:08,32.37,0.0,36,116533,卖盘
10:46:11,32.38,0.01,2,6476,买盘
10:46:14,32.38,0.0,1,3238,买盘
10:46:20,32.38,0.0,20,64741,买盘
10:46:23,32.39,0.01,307,994086,买盘
10:46:26,32.38,-0.01,16,51807,买盘
10:46:28,32.38,0.0,51,165095,买盘
10:46:31,32.38,0.0,127,411206,买盘
10:46:38,32.38,0.0,26,84170,买盘
10:46:41,32.38,0.0,55,178064,买盘
10:46:44,32.38,0.0,8,25904,买盘
10:46:46,32.38,0.0,2,6476,买盘
10:46:52,32.38,0.0,36,116548,买盘
10:46:56,32.38,0.0,126,407924,买盘
10:46:59,32.38,0.0,16,51808,买盘
10:47:02,32.39,0.01,98,317412,买盘
10:47:05,32.38,-0.01,21,68001,卖盘
10:47:08,32.38,0.0,505,1634628,卖盘
10:47:11,32.38,0.0,17,55072,卖盘
10:47:14,32.36,-0.02,120,388460,卖盘
10:47:17,32.38,0.02,8,25902,买盘
10:47:19,32.37,-0.01,3,9711,卖盘
10:47:23,32.36,-0.01,17,55016,卖盘
10:47:26,32.36,0.0,52,168232,卖盘
10:47:29,32.35,-0.01,580,1875845,卖盘
10:47:31,32.33,-0.02,54,174586,卖盘
10:47:38,32.32,-0.01,123,397565,卖盘
10:47:42,32.33,0.01,144,465335,买盘
10:47:47,32.33,0.0,54,174582,买盘
10:47:50,32.33,0.0,43,138999,买盘
10:47:52,32.31,-0.02,105,339345,卖盘
10:47:56,32.31,0.0,76,245589,卖盘
10:47:58,32.31,0.0,118,381668,卖盘
10:48:01,32.34,0.03,9,29106,中性盘
10:48:05,32.34,0.0,90,291060,卖盘
10:48:08,32.33,-0.01,1,3233,中性盘
10:48:11,32.33,0.0,4,12932,买盘
10:48:14,32.32,-0.01,9,29088,卖盘
10:48:17,32.33,0.01,15,48494,买盘
10:48:20,32.32,-0.01,25,80804,卖盘
10:48:23,32.33,0.01,7,22627,买盘
10:48:25,32.32,-0.01,1,3232,卖盘
10:48:29,32.33,0.01,2,6466,买盘
10:48:32,32.32,-0.01,23,74336,卖盘
10:48:38,32.33,0.01,42,135749,买盘
10:48:41,32.33,0.0,26,84054,买盘
10:48:42,32.32,-0.01,17,54944,卖盘
10:48:47,32.33,0.01,14,45262,买盘
10:48:50,32.33,0.0,11,35563,买盘
10:48:53,32.32,-0.01,27,87273,卖盘
10:48:55,32.32,0.0,63,203617,卖盘
10:48:59,32.32,0.0,13,42020,卖盘
10:49:02,32.33,0.01,106,342687,买盘
10:49:05,32.32,-0.01,34,109860,卖盘
10:49:08,32.32,0.0,5,16164,卖盘
10:49:11,32.33,0.01,8,25864,买盘
10:49:14,32.33,0.0,262,846548,买盘
10:49:17,32.34,0.01,203,656383,买盘
10:49:19,32.32,-0.02,12,38806,中性盘
10:49:22,32.37,0.05,101,326820,买盘
10:49:26,32.32,-0.05,17,54945,卖盘
10:49:29,32.34,0.02,51,164984,中性盘
10:49:32,32.32,-0.02,20,64643,卖盘
10:49:35,32.34,0.02,52,168168,买盘
10:49:38,32.34,0.0,40,129293,买盘
10:49:40,32.34,0.0,51,165067,卖盘
10:49:42,32.38,0.04,47,152005,买盘
10:49:47,32.36,-0.02,7,22652,卖盘
10:49:50,32.34,-0.02,1,3234,卖盘
10:49:56,32.32,-0.02,59,190693,卖盘
10:49:59,32.32,0.0,16,51712,卖盘
10:50:02,32.32,0.0,105,339360,买盘
10:50:04,32.32,0.0,1,3232,买盘
10:50:08,32.32,0.0,10,32320,买盘
10:50:11,32.31,-0.01,94,303714,卖盘
10:50:14,32.31,0.0,6,19386,卖盘
10:50:17,32.32,0.01,75,242389,买盘
10:50:20,32.31,-0.01,97,313470,卖盘
10:50:23,32.32,0.01,54,174510,买盘
10:50:25,32.32,0.0,78,252092,买盘
10:50:29,32.32,0.0,63,203615,买盘
10:50:32,32.32,0.0,50,161600,买盘
10:50:34,32.33,0.01,36,116371,买盘
10:50:38,32.33,0.0,20,64660,卖盘
10:50:41,32.33,0.0,3,9699,卖盘
10:50:42,32.34,0.01,34,109927,买盘
10:50:47,32.33,-0.01,40,129325,卖盘
10:50:50,32.33,0.0,108,349328,卖盘
10:50:53,32.34,0.01,51,164843,中性盘
10:50:56,32.34,0.0,84,271659,卖盘
10:50:59,32.34,0.0,370,1196105,卖盘
10:51:01,32.33,-0.01,91,294203,买盘
10:51:05,32.33,0.0,31,100223,买盘
10:51:08,32.33,0.0,31,100200,买盘
10:51:11,32.33,0.0,94,303811,买盘
10:51:14,32.31,-0.02,47,151887,卖盘
10:51:17,32.31,0.0,23,74333,卖盘
10:51:22,32.32,0.01,6,19392,买盘
10:51:26,32.32,0.0,12,38777,买盘
10:51:29,32.31,-0.01,18,58158,卖盘
10:51:32,32.32,0.01,54,174518,买盘
10:51:35,32.31,-0.01,18,58165,卖盘
10:51:38,32.31,0.0,35,113096,卖盘
10:51:41,32.32,0.01,28,90474,买盘
10:51:44,32.31,-0.01,6,19388,卖盘
10:51:47,32.31,0.0,2,6462,卖盘
10:51:50,32.31,0.0,46,148620,卖盘
10:51:52,32.3,-0.01,3,9690,卖盘
10:51:56,32.3,0.0,62,200260,卖盘
10:51:59,32.31,0.01,9,29075,买盘
10:52:02,32.31,0.0,136,439371,买盘
10:52:05,32.31,0.0,12,38764,买盘
10:52:09,32.31,0.0,9,29076,买盘
10:52:11,32.31,0.0,30,96901,买盘
10:52:14,32.31,0.0,121,390933,买盘
10:52:17,32.3,-0.01,16,51680,卖盘
10:52:20,32.31,0.01,10,32302,买盘
10:52:24,32.31,0.0,22,71064,买盘
10:52:26,32.31,0.0,1,3231,买盘
10:52:29,32.31,0.0,5,16152,买盘
10:52:31,32.3,-0.01,1,3230,卖盘
10:52:34,32.3,0.0,19,61370,卖盘
10:52:39,32.31,0.01,83,268095,买盘
10:52:41,32.3,-0.01,533,1721590,卖盘
10:52:44,32.29,-0.01,9,29061,卖盘
10:52:46,32.3,0.01,40,129178,买盘
10:52:50,32.29,-0.01,8,25839,卖盘
10:52:53,32.3,0.01,53,171190,买盘
10:52:56,32.29,-0.01,87,280925,卖盘
10:52:59,32.29,0.0,1,3229,卖盘
10:53:02,32.3,0.01,93,300388,买盘
10:53:05,32.3,0.0,16,51666,买盘
10:53:08,32.3,0.0,27,87188,买盘
10:53:11,32.3,0.0,22,71045,买盘
10:53:14,32.29,-0.01,26,83966,卖盘
10:53:16,32.3,0.01,8,25834,买盘
10:53:19,32.29,-0.01,116,374641,卖盘
10:53:22,32.3,0.01,38,122737,买盘
10:53:26,32.3,0.0,57,184110,买盘
10:53:29,32.29,-0.01,27,87185,卖盘
10:53:32,32.3,0.01,13,41987,买盘
10:53:35,32.3,0.0,47,151772,买盘
10:53:39,32.3,0.0,127,410191,买盘
10:53:40,32.3,0.0,50,161476,买盘
10:53:45,32.3,0.0,161,519871,买盘
10:53:47,32.3,0.0,60,193796,买盘
10:53:50,32.29,-0.01,27,87184,卖盘
10:53:53,32.29,0.0,41,132393,卖盘
10:53:55,32.29,0.0,77,248644,卖盘
10:53:59,32.29,0.0,3,9687,卖盘
10:54:02,32.3,0.01,154,497389,买盘
10:54:05,32.3,0.0,45,145310,买盘
10:54:08,32.29,-0.01,118,381032,卖盘
10:54:10,32.29,0.0,3,9687,卖盘
10:54:14,32.29,0.0,80,258326,卖盘
10:54:17,32.29,0.0,12,38752,买盘
10:54:20,32.29,0.0,4,12916,买盘
10:54:23,32.29,0.0,2,6458,买盘
10:54:26,32.28,-0.01,23,74247,卖盘
10:54:29,32.29,0.01,33,106553,买盘
10:54:32,32.28,-0.01,5,16143,卖盘
10:54:35,32.28,0.0,20,64560,卖盘
10:54:39,32.29,0.01,30,96847,买盘
10:54:44,32.28,-0.01,4,12914,卖盘
10:54:47,32.28,0.0,23,74244,卖盘
10:54:50,32.29,0.01,4,12915,买盘
10:54:56,32.28,-0.01,74,238872,卖盘
10:54:59,32.28,0.0,24,77475,卖盘
10:55:02,32.28,0.0,373,1204164,卖盘
10:55:05,32.28,0.0,131,422985,买盘
10:55:09,32.27,-0.01,30,96820,卖盘
10:55:12,32.27,0.0,21,67783,卖盘
10:55:14,32.28,0.01,8,25819,买盘
10:55:17,32.27,-0.01,3,9681,卖盘
10:55:21,32.27,0.0,72,232391,卖盘
10:55:23,32.27,0.0,227,732538,卖盘
10:55:26,32.27,0.0,28,90361,卖盘
10:55:29,32.27,0.0,62,200074,买盘
10:55:32,32.27,0.0,31,100013,买盘
10:55:37,32.26,-0.01,34,109689,卖盘
10:55:42,32.26,0.0,29,93557,卖盘
10:55:44,32.27,0.01,9,29041,买盘
10:55:46,32.26,-0.01,1013,3267204,卖盘
10:55:51,32.26,0.0,38,122576,买盘
10:55:54,32.25,-0.01,20,64501,卖盘
10:55:56,32.25,0.0,97,312825,卖盘
10:55:59,32.26,0.01,11,35478,买盘
10:56:02,32.26,0.0,132,425793,买盘
10:56:05,32.25,-0.01,26,83850,卖盘
10:56:08,32.25,0.0,25,80627,卖盘
10:56:11,32.25,0.0,18,58061,卖盘
10:56:14,32.26,0.01,69,222587,买盘
10:56:17,32.26,0.0,57,183828,买盘
10:56:20,32.25,-0.01,2,6450,卖盘
10:56:24,32.25,0.0,10,32255,卖盘
10:56:27,32.25,0.0,43,138675,卖盘
10:56:29,32.26,0.01,156,503198,买盘
10:56:35,32.26,0.0,29,93554,卖盘
10:56:39,32.25,-0.01,62,200004,卖盘
10:56:41,32.25,0.0,28,90327,卖盘
10:56:44,32.26,0.01,5,16130,买盘
10:56:47,32.25,-0.01,18,58050,卖盘
10:56:51,32.25,0.0,70,225760,卖盘
10:56:54,32.24,-0.01,19,61265,卖盘
10:56:56,32.25,0.01,77,248319,买盘
10:56:59,32.24,-0.01,96,309509,卖盘
10:57:01,32.25,0.01,109,351516,买盘
10:57:05,32.24,-0.01,13,41921,卖盘
10:57:08,32.25,0.01,33,106424,买盘
10:57:12,32.24,-0.01,20,64480,卖盘
10:57:14,32.25,0.01,29,93521,买盘
10:57:17,32.25,0.0,25,80625,买盘
10:57:20,32.24,-0.01,29,93519,卖盘
10:57:23,32.25,0.01,43,138651,买盘
10:57:25,32.25,0.0,112,361200,买盘
10:57:30,32.27,0.02,41,132252,买盘
10:57:32,32.26,-0.01,24,77428,卖盘
10:57:36,32.27,0.01,30,96800,买盘
10:57:38,32.27,0.0,104,335577,买盘
10:57:41,32.27,0.0,46,148438,买盘
10:57:44,32.26,-0.01,55,177461,卖盘
10:57:47,32.27,0.01,169,545363,买盘
10:57:51,32.28,0.01,52,167817,买盘
10:57:52,32.27,-0.01,131,422832,卖盘
10:57:56,32.29,0.02,310,1000600,买盘
10:57:59,32.28,-0.01,9,29052,中性盘
10:58:03,32.29,0.01,123,397146,买盘
10:58:05,32.28,-0.01,20,64561,卖盘
10:58:09,32.28,0.0,17,54882,卖盘
10:58:12,32.29,0.01,20,64580,买盘
10:58:14,32.29,0.0,26,83934,买盘
10:58:18,32.27,-0.02,20,64564,卖盘
10:58:19,32.28,0.01,2,6456,买盘
10:58:23,32.28,0.0,69,222732,买盘
10:58:27,32.28,0.0,9,29052,买盘
10:58:29,32.29,0.01,91,293741,买盘
10:58:32,32.29,0.0,2,6459,中性盘
10:58:34,32.3,0.01,26,83969,买盘
10:58:39,32.29,-0.01,56,180803,买盘
10:58:41,32.28,-0.01,20,64560,卖盘
10:58:44,32.28,0.0,15,48420,卖盘
10:58:48,32.28,0.0,3,9684,卖盘
10:58:51,32.28,0.0,21,67788,卖盘
10:58:54,32.29,0.01,2,6458,买盘
10:58:56,32.29,0.0,93,300243,买盘
10:58:59,32.28,-0.01,9,29053,买盘
10:59:01,32.29,0.01,110,355171,买盘
10:59:05,32.29,0.0,11,35513,买盘
10:59:09,32.29,0.0,14,45206,买盘
10:59:12,32.29,0.0,23,74247,买盘
10:59:15,32.29,0.0,10,32281,买盘
10:59:18,32.28,-0.01,13,41967,卖盘
10:59:21,32.29,0.01,12,38747,买盘
10:59:24,32.29,0.0,125,403601,买盘
10:59:26,32.29,0.0,27,87165,买盘
10:59:29,32.28,-0.01,19,61350,卖盘
10:59:32,32.29,0.01,18,58105,买盘
10:59:36,32.29,0.0,52,167887,买盘
10:59:39,32.29,0.0,31,100073,买盘
10:59:42,32.27,-0.02,12,38733,卖盘
10:59:44,32.27,0.0,23,74223,卖盘
10:59:48,32.27,0.0,2,6455,卖盘
10:59:49,32.26,-0.01,5,16132,卖盘
10:59:54,32.27,0.01,18,58103,中性盘
10:59:56,32.26,-0.01,64,206482,卖盘
10:59:59,32.27,0.01,22,70994,中性盘
11:00:03,32.28,0.01,97,313113,买盘
11:00:05,32.27,-0.01,23,74238,卖盘
11:00:08,32.28,0.01,55,177515,买盘
11:00:12,32.28,0.0,18,58103,买盘
11:00:14,32.28,0.0,23,74244,买盘
11:00:18,32.28,0.0,56,180745,买盘
11:00:21,32.28,0.0,99,319570,买盘
11:00:24,32.3,0.02,78,251890,买盘
11:00:25,32.29,-0.01,58,187334,中性盘
11:00:30,32.3,0.01,224,723494,买盘
11:00:33,32.3,0.0,3,9689,买盘
11:00:36,32.3,0.0,39,125964,买盘
11:00:38,32.3,0.0,33,106564,买盘
11:00:41,32.3,0.0,41,132412,买盘
11:00:44,32.3,0.0,9,29067,买盘
11:00:49,32.3,0.0,120,387581,买盘
11:00:54,32.29,-0.01,20,64594,卖盘
11:00:56,32.3,0.01,83,267970,买盘
11:01:00,32.29,-0.01,2,6458,卖盘
11:01:03,32.3,0.01,112,361740,买盘
11:01:05,32.3,0.0,3,9689,买盘
11:01:09,32.3,0.0,17,54910,买盘
11:01:12,32.29,-0.01,8,25836,卖盘
11:01:14,32.29,0.0,38,122721,卖盘
11:01:18,32.3,0.01,28,90440,买盘
11:01:21,32.29,-0.01,53,171137,卖盘
11:01:24,32.29,0.0,417,1346883,卖盘
11:01:27,32.3,0.01,183,591090,买盘
11:01:29,32.31,0.01,19,62832,买盘
11:01:32,32.31,0.0,78,251961,买盘
11:01:36,32.31,0.0,38,122760,买盘
11:01:39,32.31,0.0,42,135698,买盘
11:01:42,32.3,-0.01,13,42001,卖盘
11:01:44,32.32,0.02,2,6464,买盘
11:01:48,32.31,-0.01,20,64620,卖盘
11:01:49,32.32,0.01,2,6463,买盘
11:01:54,32.32,0.0,2,6463,买盘
11:01:57,32.3,-0.02,86,277844,卖盘
11:02:00,32.31,0.01,25,80775,中性盘
11:02:03,32.31,0.0,105,339254,买盘
11:02:05,32.3,-0.01,7,22610,卖盘
11:02:09,32.3,0.0,26,83980,卖盘
11:02:12,32.31,0.01,8,25847,买盘
11:02:15,32.31,0.0,106,342483,买盘
11:02:18,32.3,-0.01,3,9691,卖盘
11:02:20,32.31,0.01,40,129214,买盘
11:02:24,32.3,-0.01,5,16151,卖盘
11:02:27,32.3,0.0,2,6460,卖盘
11:02:32,32.3,0.0,26,83980,卖盘
11:02:34,32.3,0.0,1,3230,卖盘
11:02:39,32.31,0.01,34,109830,买盘
11:02:41,32.3,-0.01,39,125982,卖盘
11:02:45,32.3,0.0,17,54910,买盘
11:02:47,32.3,0.0,98,316555,买盘
11:02:50,32.3,0.0,21,67825,买盘
11:02:54,32.3,0.0,30,96879,买盘
11:02:56,32.3,0.0,395,1275775,买盘
11:02:59,32.31,0.01,9,29071,买盘
11:03:03,32.31,0.0,126,407106,买盘
11:03:06,32.3,-0.01,36,116280,卖盘
11:03:09,32.31,0.01,101,326255,买盘
11:03:12,32.32,0.01,41,132493,买盘
11:03:15,32.3,-0.02,109,352160,卖盘
11:03:17,32.31,0.01,31,100158,买盘
11:03:21,32.31,0.0,21,67851,买盘
11:03:23,32.31,0.0,15,48464,买盘
11:03:27,32.3,-0.01,43,138908,卖盘
11:03:30,32.3,0.0,3,9692,卖盘
11:03:33,32.31,0.01,13,42003,买盘
11:03:36,32.31,0.0,37,119544,买盘
11:03:39,32.31,0.0,144,465331,买盘
11:03:41,32.31,0.0,8,25848,卖盘
11:03:45,32.32,0.01,40,129351,中性盘
11:03:47,32.32,0.0,125,404208,卖盘
11:03:51,32.34,0.02,19,61446,买盘
11:03:54,32.33,-0.01,41,132587,卖盘
11:03:57,32.32,-0.01,64,206881,卖盘
11:04:00,32.33,0.01,11,35563,卖盘
11:04:03,32.33,0.0,113,365325,买盘
11:04:06,32.32,-0.01,3,9697,卖盘
11:04:09,32.33,0.01,29,93757,买盘
11:04:12,32.33,0.0,37,119600,买盘
11:04:15,32.34,0.01,24,77609,买盘
11:04:17,32.33,-0.01,22,71143,卖盘
11:04:21,32.33,0.0,15,48495,卖盘
11:04:24,32.33,0.0,7,22630,买盘
11:04:27,32.33,0.0,11,35565,卖盘
11:04:30,32.33,0.0,10,32337,卖盘
11:04:33,32.34,0.01,23,74360,买盘
11:04:36,32.33,-0.01,44,142252,卖盘
11:04:37,32.33,0.0,29,93734,中性盘
11:04:42,32.32,-0.01,11,35552,中性盘
11:04:48,32.31,-0.01,10,32310,卖盘
11:04:51,32.31,0.0,3,9695,卖盘
11:04:52,32.32,0.01,1,3232,买盘
11:04:57,32.32,0.0,85,274599,买盘
11:05:00,32.3,-0.02,25,80772,卖盘
11:05:03,32.3,0.0,96,310081,买盘
11:05:04,32.31,0.01,123,397274,买盘
11:05:09,32.3,-0.01,8,25836,中性盘
11:05:15,32.29,-0.01,5,16146,卖盘
11:05:18,32.3,0.01,22,71042,买盘
11:05:20,32.29,-0.01,9,29069,卖盘
11:05:23,32.29,0.0,4,12916,卖盘
11:05:27,32.29,0.0,21,67809,卖盘
11:05:29,32.29,0.0,1,3229,卖盘
11:05:33,32.28,-0.01,52,167903,卖盘
11:05:36,32.28,0.0,38,122664,卖盘
11:05:39,32.27,-0.01,1,3227,卖盘
11:05:42,32.27,0.0,12,38730,卖盘
11:05:45,32.27,0.0,1,3227,卖盘
11:05:48,32.28,0.01,10,32280,买盘
11:05:51,32.28,0.0,25,80677,买盘
11:05:54,32.28,0.0,417,1346080,买盘
11:05:57,32.27,-0.01,130,419645,卖盘
11:05:59,32.28,0.01,5,16139,中性盘
11:06:02,32.29,0.01,22,71017,买盘
11:06:06,32.28,-0.01,192,619681,卖盘
11:06:09,32.27,-0.01,14,45186,卖盘
11:06:12,32.28,0.01,24,77452,买盘
11:06:15,32.27,-0.01,4,12909,卖盘
11:06:17,32.28,0.01,8,25820,买盘
11:06:21,32.28,0.0,8,25824,买盘
11:06:24,32.26,-0.02,89,287185,卖盘
11:06:26,32.27,0.01,19,61309,买盘
11:06:30,32.27,0.0,124,400148,买盘
11:06:33,32.26,-0.01,24,77426,卖盘
11:06:36,32.26,0.0,8,25810,卖盘
11:06:38,32.26,0.0,8,25815,卖盘
11:06:42,32.27,0.01,3,9680,买盘
11:06:44,32.26,-0.01,23,74198,卖盘
11:06:47,32.27,0.01,6,19360,买盘
11:06:51,32.27,0.0,7,22589,买盘
11:06:54,32.26,-0.01,5,16130,卖盘
11:06:57,32.27,0.01,125,403291,买盘
11:06:59,32.26,-0.01,2,6453,卖盘
11:07:03,32.27,0.01,246,793845,买盘
11:07:05,32.27,0.0,312,1007133,卖盘
11:07:09,32.29,0.02,31,100090,买盘
11:07:12,32.28,-0.01,164,529273,卖盘
11:07:15,32.3,0.02,2,6458,买盘
11:07:17,32.31,0.01,83,268091,买盘
11:07:20,32.31,0.0,14,45236,买盘
11:07:24,32.31,0.0,12,38772,卖盘
11:07:26,32.31,0.0,16,51706,卖盘
11:07:30,32.31,0.0,26,84008,卖盘
11:07:32,32.32,0.01,110,355510,买盘
11:07:36,32.32,0.0,106,342591,买盘
11:07:39,32.31,-0.01,34,109863,卖盘
11:07:42,32.31,0.0,70,226170,卖盘
11:07:45,32.31,0.0,50,161550,卖盘
11:07:48,32.3,-0.01,4,12920,卖盘
11:07:50,32.31,0.01,103,332793,买盘
11:07:54,32.32,0.01,100,323178,买盘
11:07:57,32.3,-0.02,258,833656,卖盘
11:08:00,32.31,0.01,30,96923,买盘
11:08:02,32.31,0.0,100,323079,买盘
11:08:06,32.31,0.0,93,300480,卖盘
11:08:09,32.32,0.01,62,200293,买盘
11:08:12,32.31,-0.01,22,71087,卖盘
11:08:15,32.31,0.0,19,61404,卖盘
11:08:17,32.32,0.01,52,168062,买盘
11:08:21,32.33,0.01,77,248820,买盘
11:08:24,32.31,-0.02,28,90472,卖盘
11:08:26,32.32,0.01,23,74335,买盘
11:08:33,32.31,-0.01,41,132471,卖盘
11:08:36,32.31,0.0,14,45229,买盘
11:08:39,32.31,0.0,21,67851,买盘
11:08:42,32.31,0.0,9,29079,买盘
11:08:45,32.3,-0.01,95,306851,卖盘
11:08:48,32.3,0.0,8,25846,卖盘
11:08:50,32.3,0.0,39,125971,卖盘
11:08:53,32.28,-0.02,508,1640419,卖盘
11:08:57,32.29,0.01,10,32298,中性盘
11:09:00,32.29,0.0,7,22603,买盘
11:09:03,32.28,-0.01,209,674956,卖盘
11:09:06,32.29,0.01,87,280924,卖盘
11:09:08,32.28,-0.01,68,219557,卖盘
11:09:11,32.28,0.0,12,38750,卖盘
11:09:15,32.29,0.01,1,3229,中性盘
11:09:17,32.28,-0.01,20,64573,卖盘
11:09:21,32.29,0.01,125,403631,中性盘
11:09:24,32.28,-0.01,2,6457,卖盘
11:09:27,32.29,0.01,7,22601,买盘
11:09:30,32.29,0.0,626,2019814,买盘
11:09:32,32.28,-0.01,20,64554,买盘
11:09:36,32.27,-0.01,3,9681,买盘
11:09:39,32.26,-0.01,9,29040,卖盘
11:09:42,32.27,0.01,33,106472,买盘
11:09:45,32.26,-0.01,78,251641,卖盘
11:09:48,32.27,0.01,6,19358,买盘
11:09:51,32.26,-0.01,1,3226,卖盘
11:09:53,32.27,0.01,24,77429,买盘
11:09:56,32.27,0.0,222,716393,买盘
11:10:00,32.28,0.01,9,29045,买盘
11:10:03,32.27,-0.01,109,351837,卖盘
11:10:05,32.28,0.01,13,41960,中性盘
11:10:09,32.28,0.0,22,70998,买盘
11:10:12,32.27,-0.01,9,29050,卖盘
11:10:15,32.29,0.02,519,1675710,买盘
11:10:18,32.3,0.01,1,3230,买盘
11:10:21,32.29,-0.01,94,303555,卖盘
11:10:23,32.3,0.01,81,261624,买盘
11:10:27,32.3,0.0,52,167927,买盘
11:10:30,32.29,-0.01,6,19377,卖盘
11:10:33,32.33,0.04,747,2413737,买盘
11:10:35,32.33,0.0,61,197220,卖盘
11:10:39,32.34,0.01,6,19399,买盘
11:10:42,32.34,0.0,52,168164,买盘
11:10:44,32.33,-0.01,68,219849,卖盘
11:10:48,32.36,0.03,381,1232821,买盘
11:10:50,32.34,-0.02,24,77655,中性盘
11:10:54,32.34,0.0,12,38807,卖盘
11:10:57,32.34,0.0,71,229552,买盘
11:11:00,32.33,-0.01,13,42029,卖盘
11:11:03,32.34,0.01,97,313696,买盘
11:11:06,32.34,0.0,42,135828,买盘
11:11:08,32.34,0.0,90,290995,买盘
11:11:12,32.33,-0.01,29,93759,卖盘
11:11:15,32.33,0.0,54,174634,买盘
11:11:18,32.33,0.0,20,64665,买盘
11:11:21,32.32,-0.01,35,113116,中性盘
11:11:24,32.32,0.0,12,38783,买盘
11:11:26,32.3,-0.02,4,12923,卖盘
11:11:30,32.3,0.0,18,58174,卖盘
11:11:33,32.31,0.01,41,132452,中性盘
11:11:36,32.28,-0.03,153,493933,卖盘
11:11:39,32.31,0.03,34,109842,买盘
11:11:42,32.31,0.0,81,261718,买盘
11:11:45,32.32,0.01,102,329642,买盘
11:11:47,32.33,0.01,69,223033,买盘
11:11:51,32.33,0.0,21,67892,买盘
11:11:54,32.33,0.0,1052,3395737,买盘
11:11:57,32.28,-0.05,21,67838,卖盘
11:12:00,32.31,0.03,3,9693,买盘
11:12:03,32.3,-0.01,149,481328,中性盘
11:12:06,32.28,-0.02,26,83928,卖盘
11:12:08,32.29,0.01,32,103303,买盘
11:12:12,32.3,0.01,101,326151,买盘
11:12:15,32.28,-0.02,34,109776,卖盘
11:12:17,32.28,0.0,47,151810,卖盘
11:12:20,32.3,0.02,2,6460,买盘
11:12:24,32.29,-0.01,20,64596,卖盘
11:12:26,32.3,0.01,41,132409,买盘
11:12:30,32.29,-0.01,2,6459,卖盘
11:12:33,32.25,-0.04,839,2706606,卖盘
11:12:35,32.25,0.0,61,196720,买盘
11:12:39,32.25,0.0,51,164475,买盘
11:12:42,32.24,-0.01,69,222516,卖盘
11:12:45,32.25,0.01,21,67725,买盘
11:12:48,32.25,0.0,29,93503,买盘
11:12:51,32.24,-0.01,524,1688939,卖盘
11:12:54,32.24,0.0,56,180586,卖盘
11:12:57,32.23,-0.01,82,264358,卖盘
11:12:59,32.24,0.01,37,119302,中性盘
11:13:02,32.25,0.01,100,322499,买盘
11:13:06,32.29,0.04,19,61283,买盘
11:13:09,32.27,-0.02,5,16131,中性盘
11:13:12,32.29,0.02,21,67741,买盘
11:13:15,32.29,0.0,13,41938,买盘
11:13:18,32.27,-0.02,17,54885,中性盘
11:13:21,32.27,0.0,18,58056,卖盘
11:13:27,32.27,0.0,5,16141,卖盘
11:13:30,32.29,0.02,32,103315,买盘
11:13:32,32.29,0.0,57,184053,买盘
11:13:35,32.29,0.0,7,22604,卖盘
11:13:38,32.29,0.0,196,632988,卖盘
11:13:44,32.29,0.0,22,71039,卖盘
11:13:47,32.29,0.0,18,58122,卖盘
11:13:51,32.29,0.0,1,3229,卖盘
11:13:54,32.29,0.0,103,332588,卖盘
11:13:57,32.29,0.0,65,209885,卖盘
11:13:59,32.29,0.0,35,113045,卖盘
11:14:02,32.3,0.01,127,410207,买盘
11:14:05,32.29,-0.01,30,96880,卖盘
11:14:08,32.3,0.01,63,203430,买盘
11:14:12,32.29,-0.01,97,313290,卖盘
11:14:14,32.29,0.0,4,12916,卖盘
11:14:17,32.29,0.0,30,96870,卖盘
11:14:20,32.29,0.0,43,138835,卖盘
11:14:23,32.3,0.01,2,6459,买盘
11:14:26,32.29,-0.01,99,319758,卖盘
11:14:30,32.29,0.0,5,16144,买盘
11:14:33,32.29,0.0,58,187282,买盘
11:14:36,32.29,0.0,117,377793,买盘
11:14:39,32.28,-0.01,20,64561,卖盘
11:14:42,32.3,0.02,201,649171,买盘
11:14:45,32.29,-0.01,67,216376,卖盘
11:14:47,32.31,0.02,8,25838,买盘
11:14:50,32.29,-0.02,100,323038,卖盘
11:14:54,32.29,0.0,1,3229,卖盘
11:14:57,32.29,0.0,80,258354,卖盘
11:15:00,32.31,0.02,265,856170,买盘
11:15:03,32.32,0.01,60,193919,买盘
11:15:05,32.34,0.02,134,433329,买盘
11:15:09,32.34,0.0,7,22635,买盘
11:15:11,32.33,-0.01,103,333065,卖盘
11:15:14,32.34,0.01,1,3234,买盘
11:15:18,32.33,-0.01,21,67909,卖盘
11:15:21,32.34,0.01,59,190805,买盘
11:15:24,32.33,-0.01,506,1634591,卖盘
11:15:26,32.28,-0.05,4,12917,卖盘
11:15:30,32.33,0.05,2,6466,买盘
11:15:33,32.33,0.0,170,549610,买盘
11:15:36,32.28,-0.05,25,80700,卖盘
11:15:39,32.33,0.05,23,74359,买盘
11:15:42,32.33,0.0,6,19389,买盘
11:15:44,32.28,-0.05,24,77483,卖盘
11:15:48,32.33,0.05,10,32330,买盘
11:15:50,32.33,0.0,50,161650,买盘
11:15:53,32.33,0.0,5,16153,买盘
11:15:57,32.33,0.0,98,316550,买盘
11:15:59,32.33,0.0,1,3233,买盘
11:16:02,32.33,0.0,173,559294,买盘
11:16:05,32.33,0.0,3,9699,买盘
11:16:08,32.33,0.0,41,132490,买盘
11:16:11,32.33,0.0,12,38787,买盘
11:16:15,32.33,0.0,22,71126,买盘
11:16:17,32.3,-0.03,105,339411,卖盘
11:16:20,32.34,0.04,11,35558,买盘
11:16:24,32.34,0.0,1,3234,买盘
11:16:27,32.33,-0.01,61,197214,卖盘
11:16:29,32.34,0.01,111,358927,买盘
11:16:33,32.35,0.01,117,378379,买盘
11:16:36,32.35,0.0,19,61464,买盘
11:16:39,32.34,-0.01,56,181122,卖盘
11:16:42,32.35,0.01,54,174672,买盘
11:16:44,32.35,0.0,2,6469,买盘
11:16:47,32.32,-0.03,58,187510,卖盘
11:16:51,32.33,0.01,71,229598,买盘
11:16:53,32.31,-0.02,6,19392,卖盘
11:16:56,32.31,0.0,116,374857,卖盘
11:16:59,32.34,0.03,1,3234,卖盘
11:17:02,32.35,0.01,95,307298,买盘
11:17:05,32.32,-0.03,150,485071,卖盘
11:17:08,32.31,-0.01,26,84006,卖盘
11:17:12,32.32,0.01,45,145440,买盘
11:17:15,32.32,0.0,28,90471,买盘
11:17:18,32.32,0.0,72,232639,买盘
11:17:21,32.32,0.0,10,32320,买盘
11:17:24,32.3,-0.02,71,229431,卖盘
11:17:26,32.3,0.0,138,445979,卖盘
11:17:32,32.34,0.04,4,12930,中性盘
11:17:36,32.32,-0.02,24,77569,卖盘
11:17:38,32.32,0.0,42,135744,卖盘
11:17:41,32.3,-0.02,11,35558,卖盘
11:17:47,32.3,0.0,31,100130,卖盘
11:17:50,32.31,0.01,45,145521,中性盘
11:17:54,32.34,0.03,150,485010,买盘
11:17:57,32.3,-0.04,80,258610,卖盘
11:18:00,32.31,0.01,13,42003,买盘
11:18:02,32.34,0.03,41,132453,买盘
11:18:05,32.34,0.0,10,32341,卖盘
11:18:08,32.35,0.01,102,329859,买盘
11:18:11,32.35,0.0,14,45285,买盘
11:18:15,32.34,-0.01,21,67934,卖盘
11:18:17,32.31,-0.03,60,193980,卖盘
11:18:20,32.34,0.03,24,77617,卖盘
11:18:26,32.31,-0.03,49,158373,卖盘
11:18:29,32.31,0.0,3,9693,卖盘
11:18:35,32.31,0.0,430,1390731,卖盘
11:18:38,32.31,0.0,18,58158,卖盘
11:18:40,32.31,0.0,49,158331,卖盘
11:18:43,32.31,0.0,20,64620,卖盘
11:18:47,32.31,0.0,94,303678,卖盘
11:18:50,32.34,0.03,1,3234,买盘
11:18:54,32.31,-0.03,18,58158,卖盘
11:18:56,32.3,-0.01,99,319805,卖盘
11:19:02,32.34,0.04,175,565832,买盘
11:19:05,32.35,0.01,13,42043,买盘
11:19:08,32.31,-0.04,35,113155,卖盘
11:19:11,32.31,0.0,28,90468,买盘
11:19:14,32.34,0.03,22,71148,卖盘
11:19:17,32.34,0.0,51,164771,卖盘
11:19:21,32.37,0.03,100,323572,买盘
11:19:23,32.34,-0.03,13,42042,卖盘
11:19:27,32.31,-0.03,26,84024,卖盘
11:19:29,32.34,0.03,2,6468,买盘
11:19:32,32.34,0.0,28,90552,买盘
11:19:35,32.34,0.0,17,54978,卖盘
11:19:38,32.35,0.01,50,161717,买盘
11:19:40,32.35,0.0,95,307300,买盘
11:19:44,32.35,0.0,2,6470,买盘
11:19:47,32.34,-0.01,71,229647,卖盘
11:19:50,32.34,0.0,3,9702,卖盘
11:19:53,32.35,0.01,6,19406,买盘
11:19:57,32.31,-0.04,100,323286,卖盘
11:19:59,32.34,0.03,27,87318,买盘
11:20:02,32.33,-0.01,92,297434,中性盘
11:20:05,32.33,0.0,5,16168,中性盘
11:20:07,32.33,0.0,61,197107,买盘
11:20:11,32.34,0.01,28,90529,买盘
11:20:14,32.33,-0.01,14,45268,卖盘
11:20:17,32.34,0.01,103,333041,买盘
11:20:21,32.34,0.0,25,80850,卖盘
11:20:23,32.34,0.0,5,16171,卖盘
11:20:26,32.33,-0.01,40,129326,卖盘
11:20:32,32.34,0.01,20,64661,买盘
11:20:35,32.33,-0.01,25,80849,卖盘
11:20:39,32.34,0.01,26,84089,中性盘
11:20:41,32.34,0.0,46,148752,买盘
11:20:44,32.34,0.0,4,12937,卖盘
11:20:47,32.34,0.0,99,320205,卖盘
11:20:50,32.34,0.0,39,126116,卖盘
11:20:52,32.33,-0.01,3,9699,卖盘
11:20:56,32.33,0.0,92,297436,卖盘
11:21:00,32.34,0.01,107,346016,买盘
11:21:02,32.35,0.01,322,1041306,买盘
11:21:05,32.34,-0.01,68,219914,卖盘
11:21:09,32.34,0.0,91,294224,卖盘
11:21:11,32.34,0.0,50,161634,买盘
11:21:14,32.34,0.0,156,504639,卖盘
11:21:17,32.35,0.01,141,455849,买盘
11:21:20,32.35,0.0,4,12925,买盘
11:21:23,32.34,-0.01,35,113190,卖盘
11:21:26,32.34,0.0,92,297531,卖盘
11:21:28,32.35,0.01,162,524072,买盘
11:21:32,32.35,0.0,3,9707,卖盘
11:21:35,32.36,0.01,2,6472,买盘
11:21:38,32.35,-0.01,88,284687,卖盘
11:21:41,32.36,0.01,12,38832,买盘
11:21:44,32.36,0.0,23,74428,买盘
11:21:47,32.37,0.01,36,116510,买盘
11:21:50,32.37,0.0,30,97091,买盘
11:21:53,32.37,0.0,1,3237,买盘
11:21:56,32.36,-0.01,82,265354,卖盘
11:21:59,32.36,0.0,160,517901,卖盘
11:22:02,32.37,0.01,122,394913,买盘
11:22:05,32.36,-0.01,97,313986,卖盘
11:22:08,32.37,0.01,57,184455,买盘
11:22:11,32.37,0.0,107,346339,买盘
11:22:14,32.37,0.0,16,51788,买盘
11:22:17,32.37,0.0,59,190927,买盘
11:22:20,32.37,0.0,20,64740,买盘
11:22:23,32.37,0.0,32,103560,买盘
11:22:25,32.36,-0.01,40,129440,卖盘
11:22:31,32.36,0.0,56,181249,卖盘
11:22:35,32.37,0.01,55,178035,买盘
11:22:37,32.37,0.0,17,55029,卖盘
11:22:41,32.37,0.0,3,9711,卖盘
11:22:44,32.37,0.0,19,61503,卖盘
11:22:47,32.37,0.0,28,90637,卖盘
11:22:50,32.37,0.0,7,22659,卖盘
11:22:56,32.36,-0.01,113,365777,卖盘
11:22:59,32.37,0.01,13,42071,中性盘
11:23:02,32.38,0.01,140,453276,买盘
11:23:05,32.37,-0.01,95,307609,中性盘
11:23:08,32.36,-0.01,57,184452,卖盘
11:23:11,32.37,0.01,5,16185,买盘
11:23:13,32.37,0.0,8,25896,买盘
11:23:17,32.36,-0.01,983,3183689,卖盘
11:23:20,32.36,0.0,3,9716,卖盘
11:23:25,32.36,0.0,5,16182,卖盘
11:23:30,32.39,0.03,126,407743,买盘
11:23:31,32.39,0.0,128,414540,买盘
11:23:34,32.39,0.0,173,560334,卖盘
11:23:38,32.39,0.0,72,233108,买盘
11:23:41,32.38,-0.01,73,236435,中性盘
11:23:43,32.38,0.0,15,48571,卖盘
11:23:46,32.38,0.0,81,262200,卖盘
11:23:50,32.38,0.0,33,106859,买盘
11:23:53,32.38,0.0,15,48570,卖盘
11:23:56,32.37,-0.01,2,6474,卖盘
11:23:59,32.37,0.0,45,145625,买盘
11:24:01,32.37,0.0,63,203915,买盘
11:24:05,32.37,0.0,319,1032499,卖盘
11:24:08,32.36,-0.01,30,97048,买盘
11:24:11,32.36,0.0,28,90615,中性盘
11:24:14,32.37,0.01,3,9711,买盘
11:24:16,32.34,-0.03,89,287932,卖盘
11:24:20,32.37,0.03,1,3237,买盘
11:24:23,32.36,-0.01,23,74428,卖盘
11:24:26,32.35,-0.01,2,6470,卖盘
11:24:29,32.34,-0.01,18,58212,卖盘
11:24:33,32.36,0.02,114,368819,买盘
11:24:35,32.34,-0.02,81,262114,卖盘
11:24:38,32.34,0.0,9,29106,卖盘
11:24:41,32.35,0.01,20,64697,买盘
11:24:43,32.34,-0.01,22,71148,卖盘
11:24:47,32.34,0.0,45,145530,卖盘
11:24:50,32.34,0.0,16,51751,卖盘
11:24:52,32.35,0.01,27,87321,买盘
11:24:56,32.35,0.0,61,197275,买盘
11:24:59,32.34,-0.01,19,61446,卖盘
11:25:02,32.35,0.01,91,294385,买盘
11:25:05,32.34,-0.01,18,58215,卖盘
11:25:08,32.35,0.01,57,184339,买盘
11:25:11,32.35,0.0,53,171452,买盘
11:25:14,32.35,0.0,6,19406,买盘
11:25:17,32.34,-0.01,56,181104,卖盘
11:25:20,32.35,0.01,1,3235,买盘
11:25:23,32.34,-0.01,5,16170,卖盘
11:25:26,32.34,0.0,14,45278,卖盘
11:25:29,32.35,0.01,71,229636,买盘
11:25:32,32.34,-0.01,88,284592,卖盘
11:25:35,32.34,0.0,193,624162,卖盘
11:25:38,32.34,0.0,25,80822,买盘
11:25:40,32.34,0.0,57,184331,买盘
11:25:44,32.33,-0.01,19,61420,卖盘
11:25:47,32.32,-0.01,62,200385,卖盘
11:25:50,32.32,0.0,36,116361,卖盘
11:25:52,32.32,0.0,3,9696,卖盘
11:25:56,32.31,-0.01,94,303714,卖盘
11:25:59,32.31,0.0,35,113085,卖盘
11:26:02,32.32,0.01,151,488012,买盘
11:26:05,32.31,-0.01,71,229436,卖盘
11:26:08,32.31,0.0,35,113085,卖盘
11:26:14,32.32,0.01,25,80776,买盘
11:26:17,32.3,-0.02,56,180923,卖盘
11:26:20,32.31,0.01,1,3231,卖盘
11:26:23,32.31,0.0,14,45234,卖盘
11:26:26,32.3,-0.01,147,475089,卖盘
11:26:29,32.3,0.0,18,58143,卖盘
11:26:32,32.31,0.01,29,93704,买盘
11:26:35,32.3,-0.01,55,177682,卖盘
11:26:38,32.31,0.01,37,119511,买盘
11:26:40,32.31,0.0,49,158319,买盘
11:26:44,32.3,-0.01,18,58154,卖盘
11:26:47,32.3,0.0,117,377992,卖盘
11:26:50,32.31,0.01,1,3231,卖盘
11:26:52,32.31,0.0,26,84025,卖盘
11:26:56,32.32,0.01,88,284333,买盘
11:26:58,32.31,-0.01,37,119547,卖盘
11:27:02,32.32,0.01,91,294112,买盘
11:27:05,32.32,0.0,4,12927,买盘
11:27:08,32.31,-0.01,47,151857,卖盘
11:27:11,32.31,0.0,205,662556,卖盘
11:27:13,32.33,0.02,91,294113,买盘
11:27:17,32.31,-0.02,74,239150,卖盘
11:27:20,32.32,0.01,112,361984,卖盘
11:27:23,32.32,0.0,24,77568,卖盘
11:27:25,32.32,0.0,18,58176,买盘
11:27:29,32.31,-0.01,82,264945,卖盘
11:27:31,32.33,0.02,253,817715,买盘
11:27:35,32.33,0.0,9,29097,卖盘
11:27:38,32.36,0.03,32,103524,买盘
11:27:41,32.33,-0.03,36,116446,卖盘
11:27:44,32.36,0.03,4,12945,卖盘
11:27:47,32.36,0.0,19,61500,卖盘
11:27:50,32.36,0.0,1,3236,卖盘
11:27:53,32.36,0.0,20,64720,卖盘
11:27:56,32.37,0.01,69,223181,买盘
11:27:59,32.33,-0.04,96,310416,卖盘
11:28:02,32.36,0.03,42,135910,中性盘
11:28:05,32.33,-0.03,65,210298,卖盘
11:28:08,32.33,0.0,39,126093,卖盘
11:28:14,32.34,0.01,22,71148,中性盘
11:28:17,32.34,0.0,29,93786,卖盘
11:28:19,32.34,0.0,4,12940,卖盘
11:28:23,32.34,0.0,4,12936,卖盘
11:28:26,32.34,0.0,19,61446,卖盘
11:28:29,32.34,0.0,12,38808,卖盘
11:28:32,32.34,0.0,4,12936,卖盘
11:28:35,32.35,0.01,22,71169,中性盘
11:28:37,32.35,0.0,41,132609,买盘
11:28:40,32.35,0.0,43,139104,买盘
11:28:43,32.35,0.0,1,3235,卖盘
11:28:47,32.35,0.0,26,84110,卖盘
11:28:49,32.35,0.0,35,113213,卖盘
11:28:56,32.34,-0.01,63,203743,卖盘
11:28:59,32.34,0.0,17,54979,卖盘
11:29:02,32.35,0.01,57,184395,买盘
11:29:05,32.36,0.01,114,368736,买盘
11:29:08,32.34,-0.02,38,122896,卖盘
11:29:14,32.34,0.0,2,6469,卖盘
11:29:17,32.34,0.0,3,9702,卖盘
11:29:20,32.34,0.0,50,161700,卖盘
11:29:23,32.34,0.0,2,6469,卖盘
11:29:26,32.34,0.0,12,38817,卖盘
11:29:29,32.34,0.0,14,45278,卖盘
11:29:32,32.34,0.0,20,64680,卖盘
11:29:35,32.34,0.0,86,278127,卖盘
11:29:38,32.34,0.0,13,42042,卖盘
11:29:41,32.36,0.02,101,326775,买盘
11:29:44,32.34,-0.02,24,77616,卖盘
11:29:46,32.34,0.0,1,3234,卖盘
11:29:50,32.35,0.01,55,177885,买盘
11:29:53,32.35,0.0,33,106755,卖盘
11:29:56,32.34,-0.01,90,291084,卖盘
11:29:59,32.35,0.01,18,58214,买盘
13:00:00,32.36,0.01,19,61480,买盘
13:00:03,32.35,-0.01,516,1669317,卖盘
13:00:06,32.36,0.01,57,184414,买盘
13:00:09,32.35,-0.01,128,414080,卖盘
13:00:11,32.35,0.0,34,109990,卖盘
13:00:15,32.35,0.0,71,229686,卖盘
13:00:18,32.35,0.0,31,100292,卖盘
13:00:21,32.35,0.0,103,333208,卖盘
13:00:23,32.35,0.0,49,158515,卖盘
13:00:27,32.34,-0.01,32,103496,卖盘
13:00:30,32.32,-0.02,58,187506,卖盘
13:00:36,32.32,0.0,9,29088,卖盘
13:00:38,32.33,0.01,26,84033,买盘
13:00:42,32.32,-0.01,47,151912,卖盘
13:00:44,32.32,0.0,44,142208,卖盘
13:00:48,32.32,0.0,11,35552,卖盘
13:00:51,32.32,0.0,57,184231,卖盘
13:00:54,32.32,0.0,5,16161,卖盘
13:00:57,32.32,0.0,111,358792,卖盘
13:01:00,32.31,-0.01,18,58158,卖盘
13:01:03,32.31,0.0,208,672139,卖盘
13:01:06,32.32,0.01,102,329663,买盘
13:01:08,32.31,-0.01,3,9693,卖盘
13:01:11,32.32,0.01,96,310177,买盘
13:01:15,32.32,0.0,1,3232,买盘
13:01:18,32.31,-0.01,2,6462,卖盘
13:01:21,32.31,0.0,46,148627,卖盘
13:01:24,32.32,0.01,23,74316,买盘
13:01:27,32.31,-0.01,3,9693,卖盘
13:01:30,32.31,0.0,25,80776,卖盘
13:01:33,32.31,0.0,27,87237,卖盘
13:01:35,32.31,0.0,17,54927,卖盘
13:01:39,32.31,0.0,7,22617,卖盘
13:01:42,32.31,0.0,17,54927,卖盘
13:01:44,32.32,0.01,104,336033,买盘
13:01:47,32.3,-0.02,4,12920,卖盘
13:01:51,32.3,0.0,8,25840,卖盘
13:01:54,32.3,0.0,77,248710,卖盘
13:01:57,32.3,0.0,27,87210,卖盘
13:02:00,32.3,0.0,24,77520,卖盘
13:02:03,32.3,0.0,132,426451,卖盘
13:02:05,32.3,0.0,26,83980,卖盘
13:02:09,32.3,0.0,6,19381,卖盘
13:02:12,32.31,0.01,35,113058,买盘
13:02:15,32.3,-0.01,8,25840,卖盘
13:02:18,32.3,0.0,22,71060,卖盘
13:02:21,32.3,0.0,53,170899,卖盘
13:02:24,32.3,0.0,190,613832,卖盘
13:02:30,32.3,0.0,138,445874,卖盘
13:02:33,32.3,0.0,11,35530,卖盘
13:02:35,32.31,0.01,6,19386,买盘
13:02:40,32.3,-0.01,10,32307,卖盘
13:02:42,32.3,0.0,91,293930,卖盘
13:02:44,32.3,0.0,173,558703,卖盘
13:02:48,32.3,0.0,33,106622,卖盘
13:02:51,32.3,0.0,49,158273,卖盘
13:02:54,32.31,0.01,105,338989,买盘
13:02:57,32.28,-0.03,13,41982,卖盘
13:03:00,32.28,0.0,76,245328,卖盘
13:03:03,32.28,0.0,113,364946,卖盘
13:03:06,32.28,0.0,20,64574,卖盘
13:03:09,32.28,0.0,3,9684,卖盘
13:03:11,32.28,0.0,43,138806,卖盘
13:03:15,32.28,0.0,20,64560,卖盘
13:03:18,32.28,0.0,17,54892,卖盘
13:03:21,32.28,0.0,18,58104,卖盘
13:03:24,32.28,0.0,23,74244,卖盘
13:03:27,32.28,0.0,23,74245,卖盘
13:03:30,32.27,-0.01,131,422762,卖盘
13:03:32,32.27,0.0,83,267823,卖盘
13:03:36,32.27,0.0,26,83893,卖盘
13:03:39,32.27,0.0,1,3227,买盘
13:03:42,32.26,-0.01,37,119362,卖盘
13:03:45,32.27,0.01,76,245185,买盘
13:03:48,32.26,-0.01,27,87102,卖盘
13:03:52,32.26,0.0,414,1335946,卖盘
13:03:54,32.31,0.05,389,1255352,买盘
13:03:57,32.26,-0.05,164,529361,卖盘
13:04:00,32.25,-0.01,213,687036,卖盘
13:04:03,32.26,0.01,129,415863,买盘
13:04:06,32.27,0.01,116,374332,买盘
13:04:09,32.27,0.0,19,61313,卖盘
13:04:12,32.29,0.02,111,358208,买盘
13:04:16,32.27,-0.02,1,3227,买盘
13:04:18,32.26,-0.01,4,12905,卖盘
13:04:21,32.26,0.0,84,271000,卖盘
13:04:24,32.26,0.0,20,64536,卖盘
13:04:26,32.26,0.0,2,6452,卖盘
13:04:30,32.27,0.01,30,96817,中性盘
13:04:32,32.27,0.0,28,90339,卖盘
13:04:36,32.26,-0.01,12,38720,卖盘
13:04:42,32.26,0.0,39,125817,卖盘
13:04:45,32.26,0.0,63,203238,卖盘
13:04:49,32.26,0.0,50,161594,卖盘
13:04:52,32.26,0.0,89,287114,卖盘
13:04:54,32.26,0.0,84,270984,卖盘
13:04:57,32.26,0.0,11,35486,买盘
13:05:00,32.25,-0.01,17,54839,卖盘
13:05:04,32.25,0.0,229,738616,卖盘
13:05:06,32.25,0.0,22,70950,卖盘
13:05:09,32.25,0.0,5,16126,卖盘
13:05:12,32.26,0.01,157,506426,买盘
13:05:14,32.25,-0.01,23,74177,卖盘
13:05:21,32.25,0.0,144,464502,卖盘
13:05:24,32.24,-0.01,88,283776,卖盘
13:05:26,32.24,0.0,4,12896,卖盘
13:05:30,32.24,0.0,3,9672,卖盘
13:05:34,32.24,0.0,82,264368,卖盘
13:05:36,32.24,0.0,34,109626,卖盘
13:05:39,32.23,-0.01,31,99938,卖盘
13:05:42,32.24,0.01,26,83807,买盘
13:05:45,32.24,0.0,65,209497,买盘
13:05:47,32.24,0.0,39,125703,买盘
13:05:52,32.24,0.0,137,441725,买盘
13:05:54,32.23,-0.01,189,609066,卖盘
13:05:57,32.24,0.01,12,38686,买盘
13:05:59,32.24,0.0,31,99944,卖盘
13:06:04,32.24,0.0,180,580411,卖盘
13:06:06,32.24,0.0,52,167659,卖盘
13:06:09,32.24,0.0,38,122519,卖盘
13:06:12,32.24,0.0,50,161200,卖盘
13:06:16,32.25,0.01,102,328948,买盘
13:06:19,32.24,-0.01,3,9672,卖盘
13:06:21,32.25,0.01,118,380476,买盘
13:06:24,32.25,0.0,3,9676,卖盘
13:06:27,32.25,0.0,7,22575,卖盘
13:06:30,32.25,0.0,10,32251,卖盘
13:06:32,32.26,0.01,60,193510,买盘
13:06:36,32.25,-0.01,9,29025,卖盘
13:06:40,32.25,0.0,9,29027,卖盘
13:06:42,32.26,0.01,146,470955,买盘
13:06:44,32.25,-0.01,68,219300,卖盘
13:06:48,32.25,0.0,33,106425,卖盘
13:06:52,32.23,-0.02,33,106396,卖盘
13:06:57,32.23,0.0,4,12892,卖盘
13:07:00,32.23,0.0,1,3223,卖盘
13:07:03,32.24,0.01,61,196634,买盘
13:07:06,32.25,0.01,22,70929,买盘
13:07:09,32.24,-0.01,4,12896,卖盘
13:07:12,32.24,0.0,23,74152,卖盘
13:07:14,32.24,0.0,217,699618,卖盘
13:07:17,32.24,0.0,31,99951,卖盘
13:07:21,32.23,-0.01,59,190181,卖盘
13:07:24,32.24,0.01,7,22568,中性盘
13:07:28,32.23,-0.01,27,87021,卖盘
13:07:30,32.25,0.02,86,277331,买盘
13:07:34,32.25,0.0,31,99975,卖盘
13:07:36,32.25,0.0,39,125775,卖盘
13:07:39,32.25,0.0,23,74175,卖盘
13:07:42,32.25,0.0,25,80626,卖盘
13:07:45,32.26,0.01,67,216076,买盘
13:07:49,32.25,-0.01,96,309600,卖盘
13:07:50,32.24,-0.01,289,932002,卖盘
13:07:54,32.24,0.0,16,51585,卖盘
13:07:57,32.25,0.01,11,35466,买盘
13:08:00,32.23,-0.02,213,686499,卖盘
13:08:04,32.23,0.0,162,522003,中性盘
13:08:06,32.25,0.02,114,367588,买盘
13:08:09,32.24,-0.01,1,3224,中性盘
13:08:12,32.23,-0.01,113,364166,卖盘
13:08:15,32.24,0.01,5,16118,买盘
13:08:19,32.24,0.0,22,70928,卖盘
13:08:21,32.23,-0.01,55,177228,卖盘
13:08:23,32.24,0.01,85,273992,买盘
13:08:27,32.22,-0.02,5,16117,卖盘
13:08:30,32.22,0.0,2,6444,卖盘
13:08:34,32.23,0.01,79,254558,买盘
13:08:36,32.23,0.0,6,19339,卖盘
13:08:39,32.23,0.0,1,3223,卖盘
13:08:41,32.23,0.0,22,70906,卖盘
13:08:45,32.24,0.01,583,1878025,买盘
13:08:49,32.22,-0.02,3,9666,中性盘
13:08:52,32.23,0.01,1011,3255874,中性盘
13:08:54,32.2,-0.03,14,45086,卖盘
13:08:57,32.22,0.02,23,74104,买盘
13:09:00,32.2,-0.02,479,1542380,卖盘
13:09:04,32.23,0.03,162,521550,买盘
13:09:06,32.21,-0.02,280,901379,卖盘
13:09:09,32.19,-0.02,17,54716,买盘
13:09:12,32.19,0.0,104,334616,买盘
13:09:14,32.17,-0.02,16,51486,卖盘
13:09:18,32.18,0.01,24,77214,买盘
13:09:21,32.17,-0.01,28,90076,卖盘
13:09:24,32.17,0.0,19,61139,卖盘
13:09:27,32.16,-0.01,279,897396,卖盘
13:09:30,32.16,0.0,128,411648,买盘
13:09:34,32.15,-0.01,239,768411,卖盘
13:09:36,32.15,0.0,132,424405,卖盘
13:09:40,32.16,0.01,30,96456,中性盘
13:09:42,32.16,0.0,111,356976,卖盘
13:09:45,32.17,0.01,60,192917,买盘
13:09:49,32.16,-0.01,4,12863,中性盘
13:09:52,32.16,0.0,76,244399,卖盘
13:09:55,32.15,-0.01,607,1951563,卖盘
13:09:57,32.16,0.01,102,328133,卖盘
13:10:00,32.17,0.01,4,11548,买盘
13:10:04,32.17,0.0,239,769124,卖盘
13:10:06,32.14,-0.03,183,589712,卖盘
13:10:09,32.13,-0.01,37,118905,卖盘
13:10:12,32.13,0.0,41,131746,卖盘
13:10:16,32.14,0.01,19,61065,买盘
13:10:18,32.14,0.0,8,25712,买盘
13:10:21,32.14,0.0,89,285984,买盘
13:10:24,32.13,-0.01,179,575274,卖盘
13:10:28,32.14,0.01,72,231405,买盘
13:10:30,32.14,0.0,133,427456,买盘
13:10:34,32.14,0.0,65,208856,卖盘
13:10:36,32.14,0.0,116,372824,买盘
13:10:40,32.14,0.0,6,19284,卖盘
13:10:42,32.14,0.0,92,295752,卖盘
13:10:45,32.14,0.0,108,347113,卖盘
13:10:48,32.14,0.0,49,157479,买盘
13:10:52,32.15,0.01,102,327948,买盘
13:10:54,32.15,0.0,111,357067,卖盘
13:10:57,32.15,0.0,33,106095,卖盘
13:11:00,32.15,0.0,23,73944,买盘
13:11:04,32.17,0.02,167,537075,买盘
13:11:06,32.15,-0.02,15,48225,卖盘
13:11:09,32.15,0.0,19,61085,卖盘
13:11:13,32.15,0.0,47,151105,卖盘
13:11:15,32.16,0.01,8,25730,卖盘
13:11:19,32.16,0.0,629,2022258,卖盘
13:11:21,32.17,0.01,22,70753,买盘
13:11:24,32.16,-0.01,29,93266,卖盘
13:11:27,32.16,0.0,12,38601,卖盘
13:11:30,32.16,0.0,18,57888,卖盘
13:11:33,32.16,0.0,125,401965,卖盘
13:11:36,32.16,0.0,3,9648,买盘
13:11:40,32.15,-0.01,42,135071,卖盘
13:11:42,32.15,0.0,58,186474,卖盘
13:11:45,32.15,0.0,134,430878,卖盘
13:11:49,32.16,0.01,45,144720,买盘
13:11:52,32.16,0.0,23,73985,卖盘
13:11:54,32.16,0.0,130,418030,卖盘
13:11:57,32.16,0.0,20,64319,买盘
13:12:00,32.16,0.0,16,51450,买盘
13:12:04,32.16,0.0,169,543441,买盘
13:12:06,32.17,0.01,22,70757,买盘
13:12:09,32.16,-0.01,6,19296,卖盘
13:12:12,32.16,0.0,46,147936,卖盘
13:12:15,32.15,-0.01,641,2060969,卖盘
13:12:19,32.15,0.0,31,99665,买盘
13:12:21,32.15,0.0,122,392230,买盘
13:12:24,32.14,-0.01,197,633236,卖盘
13:12:27,32.14,0.0,432,1388461,卖盘
13:12:30,32.13,-0.01,47,151026,卖盘
13:12:33,32.14,0.01,105,337425,买盘
13:12:36,32.13,-0.01,29,93177,卖盘
13:12:39,32.14,0.01,42,134977,买盘
13:12:43,32.13,-0.01,40,128522,卖盘
13:12:45,32.13,0.0,497,1594779,卖盘
13:12:49,32.13,0.0,16,51405,买盘
13:12:52,32.13,0.0,53,170289,买盘
13:12:54,32.13,0.0,27,86744,买盘
13:12:57,32.13,0.0,257,825730,买盘
13:13:00,32.13,0.0,401,1288813,卖盘
13:13:04,32.13,0.0,208,668396,卖盘
13:13:06,32.13,0.0,11,35346,卖盘
13:13:09,32.14,0.01,263,845060,买盘
13:13:12,32.14,0.0,14,44993,买盘
13:13:16,32.14,0.0,19,61049,买盘
13:13:19,32.14,0.0,238,764801,买盘
13:13:22,32.15,0.01,26,83565,买盘
13:13:24,32.14,-0.01,11,35359,卖盘
13:13:28,32.15,0.01,5,16075,买盘
13:13:30,32.14,-0.01,51,163914,卖盘
13:13:34,32.15,0.01,119,382491,买盘
13:13:36,32.15,0.0,1,3215,卖盘
13:13:39,32.16,0.01,119,382640,买盘
13:13:43,32.17,0.01,160,514561,买盘
13:13:45,32.17,0.0,167,537176,买盘
13:13:49,32.16,-0.01,9,28949,卖盘
13:13:52,32.17,0.01,5,16083,买盘
13:13:55,32.16,-0.01,26,83621,卖盘
13:13:57,32.17,0.01,26,83638,买盘
13:14:00,32.17,0.0,6,19299,买盘
13:14:04,32.16,-0.01,129,414975,卖盘
13:14:06,32.16,0.0,11,35376,卖盘
13:14:10,32.16,0.0,103,331348,卖盘
13:14:12,32.16,0.0,2,6432,卖盘
13:14:16,32.16,0.0,53,170455,卖盘
13:14:19,32.16,0.0,7,22516,卖盘
13:14:22,32.16,0.0,4,12867,卖盘
13:14:25,32.16,0.0,4,12865,卖盘
13:14:27,32.17,0.01,29,93271,买盘
13:14:31,32.16,-0.01,51,164023,卖盘
13:14:34,32.17,0.01,62,199393,买盘
13:14:36,32.16,-0.01,97,311952,卖盘
13:14:40,32.16,0.0,26,83603,买盘
13:14:42,32.16,0.0,16,51450,买盘
13:14:45,32.15,-0.01,93,299006,卖盘
13:14:48,32.14,-0.01,189,607483,卖盘
13:14:52,32.13,-0.01,109,350262,卖盘
13:14:54,32.12,-0.01,100,321223,卖盘
13:14:57,32.12,0.0,41,131722,卖盘
13:15:00,32.12,0.0,53,170242,卖盘
13:15:04,32.13,0.01,147,472261,买盘
13:15:06,32.13,0.0,73,234528,卖盘
13:15:10,32.13,0.0,105,337362,买盘
13:15:13,32.13,0.0,10,32128,买盘
13:15:15,32.12,-0.01,43,138123,卖盘
13:15:18,32.13,0.01,6,19279,卖盘
13:15:22,32.13,0.0,32,102791,买盘
13:15:25,32.13,0.0,23,73887,买盘
13:15:28,32.13,0.0,22,70680,买盘
13:15:30,32.13,0.0,31,99581,买盘
13:15:34,32.13,0.0,22,70665,买盘
13:15:37,32.13,0.0,11,35338,买盘
13:15:40,32.13,0.0,25,80310,买盘
13:15:42,32.12,-0.01,28,89941,卖盘
13:15:45,32.13,0.01,90,289097,买盘
13:15:49,32.12,-0.01,518,1663379,卖盘
13:15:52,32.12,0.0,13,41756,卖盘
13:15:55,32.12,0.0,34,109218,卖盘
13:15:57,32.12,0.0,52,167034,卖盘
13:16:00,32.13,0.01,7,22491,买盘
13:16:04,32.11,-0.02,305,979621,卖盘
13:16:06,32.11,0.0,165,529826,卖盘
13:16:10,32.12,0.01,120,385321,买盘
13:16:12,32.11,-0.01,15,48165,卖盘
13:16:15,32.12,0.01,17,54597,买盘
13:16:19,32.12,0.0,24,77065,买盘
13:16:21,32.11,-0.01,25,80279,卖盘
13:16:25,32.11,0.0,37,118838,卖盘
13:16:28,32.1,-0.01,107,343589,卖盘
13:16:30,32.11,0.01,13,41744,买盘
13:16:34,32.1,-0.01,119,382192,卖盘
13:16:37,32.11,0.01,89,285862,中性盘
13:16:39,32.11,0.0,147,472019,卖盘
13:16:42,32.12,0.01,26,83493,买盘
13:16:45,32.11,-0.01,67,215140,卖盘
13:16:48,32.14,0.03,315,1011798,买盘
13:16:52,32.14,0.0,29,93139,买盘
13:16:55,32.12,-0.02,13,41759,卖盘
13:16:58,32.12,0.0,4,12848,卖盘
13:17:00,32.13,0.01,45,144580,买盘
13:17:04,32.13,0.0,112,359948,卖盘
13:17:06,32.12,-0.01,1018,3268266,卖盘
13:17:10,32.11,-0.01,15,48172,卖盘
13:17:12,32.11,0.0,7,22478,买盘
13:17:16,32.11,0.0,11,35321,买盘
13:17:19,32.09,-0.02,519,1667690,卖盘
13:17:21,32.1,0.01,107,343470,买盘
13:17:24,32.1,0.0,34,107425,买盘
13:17:27,32.11,0.01,31,99524,买盘
13:17:30,32.1,-0.01,25,81951,卖盘
13:17:33,32.1,0.0,17,54570,买盘
13:17:36,32.1,0.0,102,327323,买盘
13:17:39,32.1,0.0,15,48134,买盘
13:17:43,32.1,0.0,5,16046,买盘
13:17:46,32.1,0.0,94,301575,买盘
13:17:48,32.1,0.0,95,304949,买盘
13:17:52,32.09,-0.01,28,89873,卖盘
13:17:54,32.1,0.01,53,170124,买盘
13:17:58,32.09,-0.01,135,433325,卖盘
13:18:00,32.1,0.01,104,333839,买盘
13:18:04,32.1,0.0,149,478383,卖盘
13:18:07,32.1,0.0,48,154079,买盘
13:18:10,32.1,0.0,6,19260,买盘
13:18:13,32.09,-0.01,22,70607,卖盘
13:18:19,32.1,0.01,24,77045,卖盘
13:18:22,32.1,0.0,87,277575,卖盘
13:18:25,32.1,0.0,33,105930,卖盘
13:18:28,32.1,0.0,180,577682,卖盘
13:18:30,32.09,-0.01,72,232779,卖盘
13:18:34,32.1,0.01,46,145930,买盘
13:18:37,32.08,-0.02,6,19254,卖盘
13:18:39,32.1,0.02,15,48140,买盘
13:18:43,32.08,-0.02,128,412337,卖盘
13:18:45,32.08,0.0,107,343256,买盘
13:18:48,32.08,0.0,31,99443,买盘
13:18:52,32.08,0.0,40,128300,买盘
13:18:55,32.07,-0.01,47,150743,卖盘
13:18:58,32.08,0.01,12,38490,买盘
13:19:00,32.08,0.0,1073,3437189,买盘
13:19:04,32.08,0.0,81,259776,买盘
13:19:06,32.08,0.0,22,70557,买盘
13:19:10,32.07,-0.01,39,125072,卖盘
13:19:13,32.07,0.0,5,16035,买盘
13:19:16,32.07,0.0,40,128272,买盘
13:19:19,32.06,-0.01,10,32064,中性盘
13:19:21,32.02,-0.04,421,1350216,卖盘
13:19:25,32.07,0.05,28,89748,中性盘
13:19:27,32.05,-0.02,53,169845,卖盘
13:19:30,32.05,0.0,6,19230,买盘
13:19:34,32.07,0.02,65,208381,买盘
13:19:37,32.03,-0.04,20,64107,卖盘
13:19:40,32.06,0.03,17,54502,卖盘
13:19:42,32.06,0.0,25,80150,卖盘
13:19:46,32.06,0.0,197,631380,卖盘
13:19:49,32.06,0.0,15,48055,买盘
13:19:51,32.06,0.0,13,41669,买盘
13:19:55,32.06,0.0,48,153846,买盘
13:19:58,32.04,-0.02,10,32055,卖盘
13:20:01,32.05,0.01,1924,6160247,买盘
13:20:03,32.06,0.01,69,221201,买盘
13:20:07,32.06,0.0,7,22444,卖盘
13:20:10,32.07,0.01,48,153880,买盘
13:20:12,32.05,-0.02,4,12821,卖盘
13:20:16,32.05,0.0,21,67324,卖盘
13:20:18,32.06,0.01,41,131391,卖盘
13:20:22,32.06,0.0,18,57708,买盘
13:20:24,32.06,0.0,5,16030,买盘
13:20:27,32.06,0.0,27,86557,买盘
13:20:31,32.07,0.01,329,1054874,买盘
13:20:33,32.07,0.0,9,28865,卖盘
13:20:36,32.07,0.0,23,73763,卖盘
13:20:39,32.07,0.0,53,169982,卖盘
13:20:43,32.08,0.01,53,169973,买盘
13:20:46,32.08,0.0,178,570884,买盘
13:20:48,32.08,0.0,16,51324,买盘
13:20:51,32.08,0.0,96,307941,买盘
13:20:54,32.08,0.0,73,234225,卖盘
13:20:58,32.08,0.0,26,83407,买盘
13:21:00,32.08,0.0,8,25664,买盘
13:21:04,32.07,-0.01,139,445879,卖盘
13:21:05,32.07,0.0,9,28870,卖盘
13:21:10,32.08,0.01,7,22453,买盘
13:21:13,32.08,0.0,15,48114,买盘
13:21:15,32.08,0.0,71,227747,买盘
13:21:18,32.08,0.0,23,73784,买盘
13:21:20,32.07,-0.01,35,112260,卖盘
13:21:24,32.07,0.0,36,115467,卖盘
13:21:28,32.08,0.01,2,6416,买盘
13:21:30,32.07,-0.01,7,22449,卖盘
13:21:33,32.08,0.01,33,105846,买盘
13:21:37,32.07,-0.01,354,1135611,卖盘
13:21:40,32.08,0.01,29,93026,买盘
13:21:42,32.07,-0.01,28,89823,卖盘
13:21:46,32.09,0.02,3,9625,买盘
13:21:49,32.08,-0.01,33,105864,卖盘
13:21:51,32.08,0.0,24,76992,买盘
13:21:54,32.08,0.0,10,32080,买盘
13:21:58,32.07,-0.01,27,86593,卖盘
13:22:01,32.08,0.01,10,32079,买盘
13:22:04,32.08,0.0,120,384959,买盘
13:22:07,32.08,0.0,24,76983,买盘
13:22:09,32.08,0.0,241,773109,买盘
13:22:12,32.09,0.01,59,189258,买盘
13:22:16,32.08,-0.01,23,73785,卖盘
13:22:18,32.08,0.0,2,6416,卖盘
13:22:21,32.08,0.0,22,70576,卖盘
13:22:24,32.08,0.0,7,22459,卖盘
13:22:27,32.08,0.0,52,166849,卖盘
13:22:30,32.09,0.01,6,19254,中性盘
13:22:34,32.09,0.0,21,67393,买盘
13:22:37,32.09,0.0,9,28885,卖盘
13:22:43,32.05,-0.04,276,884917,卖盘
13:22:46,32.05,0.0,55,176275,买盘
13:22:48,32.08,0.03,24,76996,卖盘
13:22:50,32.06,-0.02,14,44892,卖盘
13:22:54,32.06,0.0,18,57701,中性盘
13:22:57,32.08,0.02,14,44898,买盘
13:23:01,32.05,-0.03,22,70515,卖盘
13:23:03,32.06,0.01,74,237208,买盘
13:23:06,32.08,0.02,80,256639,买盘
13:23:08,32.08,0.0,6,19248,卖盘
13:23:12,32.08,0.0,41,131564,卖盘
13:23:14,32.08,0.0,30,96256,卖盘
13:23:18,32.09,0.01,13,41714,中性盘
13:23:21,32.09,0.0,4,12836,买盘
13:23:24,32.06,-0.03,242,776101,卖盘
13:23:27,32.06,0.0,15,48090,买盘
13:23:30,32.06,0.0,11,35266,买盘
13:23:34,32.06,0.0,429,1375374,买盘
13:23:36,32.08,0.02,104,333419,买盘
13:23:39,32.06,-0.02,46,147480,卖盘
13:23:43,32.08,0.02,47,150690,买盘
13:23:45,32.07,-0.01,17,54497,中性盘
13:23:48,32.07,0.0,50,160307,中性盘
13:23:50,32.07,0.0,56,179541,买盘
13:23:55,32.06,-0.01,36,115456,卖盘
13:23:57,32.07,0.01,11,35274,买盘
13:24:01,32.07,0.0,25,80177,卖盘
13:24:04,32.08,0.01,99,317584,买盘
13:24:06,32.07,-0.01,21,67362,卖盘
13:24:09,32.07,0.0,1,3207,卖盘
13:24:12,32.08,0.01,34,109047,买盘
13:24:15,32.07,-0.01,27,86595,卖盘
13:24:18,32.07,0.0,29,93020,卖盘
13:24:21,32.07,0.0,36,115464,卖盘
13:24:24,32.07,0.0,5,16035,卖盘
13:24:27,32.07,0.0,6,19242,卖盘
13:24:30,32.08,0.01,40,128315,买盘
13:24:33,32.07,-0.01,134,429770,卖盘
13:24:36,32.07,0.0,9,28863,买盘
13:24:39,32.06,-0.01,7,22442,卖盘
13:24:42,32.08,0.02,218,699133,买盘
13:24:45,32.07,-0.01,20,64140,卖盘
13:24:49,32.07,0.0,10,32071,卖盘
13:24:51,32.08,0.01,199,638183,买盘
13:24:54,32.07,-0.01,62,198892,卖盘
13:24:57,32.08,0.01,127,407392,买盘
13:25:01,32.08,0.0,57,182856,买盘
13:25:03,32.09,0.01,50,160450,买盘
13:25:06,32.09,0.0,51,163701,卖盘
13:25:08,32.11,0.02,29,93101,买盘
13:25:11,32.09,-0.02,42,134872,卖盘
13:25:15,32.11,0.02,37,118786,卖盘
13:25:18,32.11,0.0,13,41741,买盘
13:25:21,32.11,0.0,15,48165,买盘
13:25:24,32.11,0.0,20,64219,买盘
13:25:27,32.1,-0.01,55,176568,卖盘
13:25:31,32.1,0.0,26,83484,卖盘
13:25:33,32.11,0.01,13,41743,买盘
13:25:36,32.11,0.0,26,83499,卖盘
13:25:39,32.12,0.01,44,141301,买盘
13:25:41,32.12,0.0,25,80297,买盘
13:25:45,32.12,0.0,16,51386,买盘
13:25:48,32.2,0.08,215,691334,买盘
13:25:51,32.11,-0.09,71,228052,卖盘
13:25:54,32.12,0.01,16,51400,卖盘
13:25:57,32.1,-0.02,164,526559,卖盘
13:26:00,32.09,-0.01,21,67409,卖盘
13:26:03,32.1,0.01,96,308155,买盘
13:26:06,32.1,0.0,26,83446,买盘
13:26:09,32.1,0.0,56,179759,买盘
13:26:12,32.1,0.0,39,125168,买盘
13:26:16,32.1,0.0,28,89879,买盘
13:26:18,32.1,0.0,55,176541,买盘
13:26:21,32.15,0.05,338,1085058,买盘
13:26:24,32.15,0.0,168,539734,卖盘
13:26:28,32.1,-0.05,32,102745,卖盘
13:26:30,32.1,0.0,5,16050,卖盘
13:26:33,32.1,0.0,19,61003,卖盘
13:26:36,32.11,0.01,11,35324,中性盘
13:26:38,32.14,0.03,11,35324,买盘
13:26:42,32.11,-0.03,4,12853,卖盘
13:26:45,32.11,0.0,19,61009,卖盘
13:26:48,32.11,0.0,117,376009,卖盘
13:26:51,32.11,0.0,1,3211,卖盘
13:26:54,32.15,0.04,6,19285,买盘
13:26:56,32.11,-0.04,33,105963,卖盘
13:27:00,32.14,0.03,4,12854,中性盘
13:27:03,32.15,0.01,43,138206,买盘
13:27:06,32.12,-0.03,77,247485,卖盘
13:27:09,32.12,0.0,21,67452,买盘
13:27:12,32.12,0.0,27,86702,买盘
13:27:15,32.11,-0.01,64,205513,卖盘
13:27:18,32.12,0.01,42,134865,买盘
13:27:22,32.11,-0.01,12,38539,卖盘
13:27:24,32.11,0.0,60,192681,卖盘
13:27:28,32.12,0.01,23,73855,买盘
13:27:30,32.11,-0.01,59,189471,卖盘
13:27:33,32.12,0.01,8,25690,买盘
13:27:36,32.11,-0.01,9,28899,卖盘
13:27:39,32.11,0.0,100,321132,卖盘
13:27:42,32.11,0.0,92,295445,卖盘
13:27:45,32.12,0.01,102,327632,买盘
13:27:47,32.1,-0.02,718,2304806,卖盘
13:27:51,32.09,-0.01,11,35308,卖盘
13:27:54,32.09,0.0,127,407590,卖盘
13:27:56,32.09,0.0,61,195753,卖盘
13:27:59,32.08,-0.01,37,118702,卖盘
13:28:02,32.09,0.01,214,686606,买盘
13:28:06,32.09,0.0,59,189299,卖盘
13:28:09,32.08,-0.01,111,356096,卖盘
13:28:11,32.08,0.0,20,64160,卖盘
13:28:14,32.08,0.0,12,38497,买盘
13:28:18,32.08,0.0,35,112261,买盘
13:28:21,32.07,-0.01,24,76969,卖盘
13:28:24,32.07,0.0,81,259772,卖盘
13:28:27,32.08,0.01,82,262985,买盘
13:28:30,32.07,-0.01,14,44898,中性盘
13:28:33,32.06,-0.01,21,67330,卖盘
13:28:36,32.06,0.0,156,500257,卖盘
13:28:39,32.06,0.0,36,115417,卖盘
13:28:41,32.06,0.0,11,35272,卖盘
13:28:44,32.06,0.0,62,198772,卖盘
13:28:48,32.07,0.01,22,70537,买盘
13:28:52,32.06,-0.01,243,779079,卖盘
13:28:54,32.05,-0.01,292,935926,卖盘
13:28:57,32.05,0.0,26,83350,卖盘
13:29:03,32.05,0.0,144,461617,卖盘
13:29:06,32.05,0.0,67,214751,卖盘
13:29:09,32.05,0.0,130,416840,卖盘
13:29:12,32.05,0.0,7,22435,买盘
13:29:15,32.04,-0.01,8,25635,卖盘
13:29:17,32.05,0.01,22,70501,买盘
13:29:21,32.05,0.0,54,173037,买盘
13:29:23,32.05,0.0,24,76903,买盘
13:29:27,32.04,-0.01,105,336420,卖盘
13:29:30,32.04,0.0,14,44856,买盘
13:29:33,32.04,0.0,25,80088,买盘
13:29:36,32.03,-0.01,210,672556,卖盘
13:29:39,32.03,0.0,79,253011,买盘
13:29:42,32.03,0.0,42,134500,买盘
13:29:45,32.02,-0.01,25,80052,卖盘
13:29:47,32.03,0.01,41,131308,买盘
13:29:51,32.02,-0.01,5,16010,卖盘
13:29:54,32.03,0.01,1175,3761305,买盘
13:29:57,32.02,-0.01,63,201778,卖盘
13:29:59,32.02,0.0,64,204948,卖盘
13:30:03,32.03,0.01,203,650047,买盘
13:30:06,32.02,-0.01,72,230545,买盘
13:30:09,32.02,0.0,2103,6730783,卖盘
13:30:11,32.0,-0.02,141,451282,卖盘
13:30:15,32.0,0.0,139,444837,卖盘
13:30:18,32.0,0.0,37,118404,卖盘
13:30:20,32.0,0.0,65,208051,卖盘
13:30:24,32.02,0.02,13,41623,买盘
13:30:27,32.0,-0.02,77,246465,卖盘
13:30:30,32.0,0.0,170,544001,卖盘
13:30:33,32.02,0.02,157,502596,买盘
13:30:36,32.02,0.0,253,809675,买盘
13:30:39,32.01,-0.01,73,233679,卖盘
13:30:42,32.02,0.01,201,643372,买盘
13:30:45,32.01,-0.01,300,960019,卖盘
13:30:48,32.01,0.0,49,156849,买盘
13:30:51,32.02,0.01,71,227278,买盘
13:30:53,32.01,-0.01,10,32013,卖盘
13:30:57,32.02,0.01,38,121619,买盘
13:31:00,32.02,0.0,46,147259,买盘
13:31:03,32.0,-0.02,384,1229016,卖盘
13:31:06,32.01,0.01,59,188910,中性盘
13:31:08,32.0,-0.01,68,217648,卖盘
13:31:12,32.01,0.01,59,188856,买盘
13:31:14,32.01,0.0,77,246466,买盘
13:31:18,32.0,-0.01,15,48002,卖盘
13:31:21,32.0,0.0,40,128004,卖盘
13:31:24,32.01,0.01,38,121617,买盘
13:31:27,32.0,-0.01,19,60807,卖盘
13:31:30,32.01,0.01,24,76823,买盘
13:31:33,32.0,-0.01,135,432007,卖盘
13:31:35,32.01,0.01,121,387220,买盘
13:31:39,32.01,0.0,22,70413,买盘
13:31:42,32.0,-0.01,46,147204,卖盘
13:31:45,32.0,0.0,26,83220,卖盘
13:31:48,32.0,0.0,14,44801,卖盘
13:31:51,32.01,0.01,74,236862,买盘
13:31:53,32.0,-0.01,102,326401,卖盘
13:31:57,32.01,0.01,111,355340,买盘
13:32:00,32.01,0.0,24,76823,卖盘
13:32:02,32.01,0.0,98,313789,卖盘
13:32:05,32.01,0.0,32,102432,卖盘
13:32:08,32.01,0.0,27,86437,卖盘
13:32:15,32.01,0.0,53,169655,卖盘
13:32:18,32.01,0.0,22,70427,卖盘
13:32:21,32.02,0.01,6,19212,买盘
13:32:24,32.01,-0.01,39,124855,卖盘
13:32:27,32.01,0.0,44,140854,卖盘
13:32:30,32.01,0.0,36,115246,卖盘
13:32:33,32.02,0.01,44,140845,买盘
13:32:36,32.01,-0.01,25,80025,卖盘
13:32:39,32.01,0.0,57,182483,卖盘
13:32:42,32.01,0.0,64,204893,卖盘
13:32:44,32.02,0.01,30,96040,买盘
13:32:48,32.01,-0.01,115,368116,卖盘
13:32:51,32.02,0.01,82,262563,买盘
13:32:53,32.0,-0.02,339,1085218,卖盘
13:32:57,32.02,0.02,67,214534,卖盘
13:32:59,32.02,0.0,21,67242,卖盘
13:33:03,32.02,0.0,116,371523,卖盘
13:33:06,32.02,0.0,16,51232,卖盘
13:33:09,32.02,0.0,52,166483,买盘
13:33:12,32.02,0.0,41,131259,买盘
13:33:15,32.02,0.0,92,294495,买盘
13:33:18,32.02,0.0,16,51224,买盘
13:33:21,32.01,-0.01,127,406716,卖盘
13:33:23,32.02,0.01,61,195301,中性盘
13:33:27,32.02,0.0,17,54424,买盘
13:33:30,32.01,-0.01,112,358518,卖盘
13:33:33,32.01,0.0,58,185658,买盘
13:33:36,32.01,0.0,53,169667,卖盘
13:33:39,32.02,0.01,15,48016,买盘
13:33:41,32.01,-0.01,46,147248,卖盘
13:33:45,32.02,0.01,42,134452,买盘
13:33:47,32.01,-0.01,19,60824,卖盘
13:33:51,32.01,0.0,9,28816,卖盘
13:33:54,32.01,0.0,34,108835,卖盘
13:33:57,32.02,0.01,37,118446,买盘
13:34:00,32.02,0.0,38,121667,买盘
13:34:02,32.02,0.0,107,342602,买盘
13:34:06,32.02,0.0,370,1184649,买盘
13:34:09,32.02,0.0,10,32020,卖盘
13:34:15,32.02,0.0,57,182514,卖盘
13:34:17,32.01,-0.01,16,51231,卖盘
13:34:21,32.02,0.01,44,140885,买盘
13:34:24,32.02,0.0,49,156884,买盘
13:34:27,32.01,-0.01,167,534578,卖盘
13:34:30,32.02,0.01,112,358518,中性盘
13:34:33,32.02,0.0,74,236953,卖盘
13:34:36,32.01,-0.01,15,48015,卖盘
13:34:38,32.01,0.0,34,108849,卖盘
13:34:41,32.02,0.01,179,573000,买盘
13:34:45,32.05,0.03,122,390734,买盘
13:34:48,32.05,0.0,15,48039,买盘
13:34:51,32.02,-0.03,20,64040,卖盘
13:34:54,32.02,0.0,16,51226,卖盘
13:34:57,32.05,0.03,31,99253,买盘
13:35:00,32.02,-0.03,31,99262,卖盘
13:35:02,32.02,0.0,119,381308,卖盘
13:35:06,32.02,0.0,12,38424,买盘
13:35:09,32.02,0.0,48,153711,卖盘
13:35:12,32.02,0.0,20,64040,卖盘
13:35:15,32.05,0.03,18,57651,买盘
13:35:18,32.03,-0.02,15,48045,卖盘
13:35:20,32.03,0.0,38,121714,卖盘
13:35:24,32.03,0.0,17,54451,买盘
13:35:26,32.03,0.0,26,83278,买盘
13:35:29,32.03,0.0,32,102487,买盘
13:35:33,32.03,0.0,402,1286969,买盘
13:35:35,32.02,-0.01,14,44825,买盘
13:35:39,32.01,-0.01,20,64029,卖盘
13:35:41,32.02,0.01,23,73646,买盘
13:35:44,32.01,-0.01,137,438631,卖盘
13:35:48,32.02,0.01,191,611583,买盘
13:35:50,32.02,0.0,103,329810,卖盘
13:35:54,32.02,0.0,35,112070,卖盘
13:35:57,32.03,0.01,112,358695,买盘
13:36:00,32.02,-0.01,38,121647,中性盘
13:36:03,32.01,-0.01,117,374616,卖盘
13:36:06,32.01,0.0,17,54422,卖盘
13:36:08,32.03,0.02,135,432307,买盘
13:36:12,32.02,-0.01,29,92837,中性盘
13:36:15,32.03,0.01,142,454685,买盘
13:36:18,32.02,-0.01,100,320231,卖盘
13:36:21,32.02,0.0,8,25616,卖盘
13:36:23,32.02,0.0,74,236948,卖盘
13:36:27,32.02,0.0,144,461008,卖盘
13:36:30,32.02,0.0,35,112070,卖盘
13:36:33,32.02,0.0,526,1683764,卖盘
13:36:36,32.02,0.0,7,22415,买盘
13:36:39,32.02,0.0,39,124875,买盘
13:36:41,32.01,-0.01,84,268909,卖盘
13:36:45,32.01,0.0,13,41614,卖盘
13:36:48,32.01,0.0,1024,3277836,卖盘
13:36:51,32.02,0.01,35,112078,买盘
13:36:54,32.01,-0.01,70,224084,卖盘
13:36:57,32.01,0.0,29,92830,卖盘
13:36:59,32.01,0.0,7,22407,买盘
13:37:03,32.0,-0.01,250,800110,卖盘
13:37:06,32.01,0.01,63,201602,买盘
13:37:09,32.01,0.0,284,908817,买盘
13:37:12,32.01,0.0,172,550415,买盘
13:37:15,32.01,0.0,627,2006419,买盘
13:37:18,32.0,-0.01,150,478919,卖盘
13:37:21,32.01,0.01,163,521631,买盘
13:37:24,32.0,-0.01,172,550401,卖盘
13:37:26,32.0,0.0,833,2665749,卖盘
13:37:30,32.0,0.0,73,233598,买盘
13:37:33,31.99,-0.01,577,1846384,卖盘
13:37:36,32.0,0.01,115,367840,买盘
13:37:39,31.99,-0.01,411,1314899,卖盘
13:37:41,31.99,0.0,63,201577,买盘
13:37:45,32.0,0.01,322,1029948,买盘
13:37:48,32.0,0.0,188,601586,买盘
13:37:51,32.01,0.01,25,80008,买盘
13:37:54,32.0,-0.01,16,51200,卖盘
13:37:57,32.0,0.0,52,166400,卖盘
13:38:00,32.0,0.0,24,76807,卖盘
13:38:03,32.0,0.0,397,1270612,卖盘
13:38:06,32.0,0.0,7,22400,卖盘
