time,price,change,volume,amount,type
09:25:04,32.4,-0.04,1726,5592240,卖盘
09:30:03,32.32,-0.08,382,1235369,卖盘
09:30:06,32.39,0.07,728,2355888,买盘
09:30:09,32.36,-0.03,134,433703,中性盘
09:30:12,32.39,0.03,222,719004,买盘
09:30:15,32.39,0.0,4,12959,中性盘
09:30:18,32.4,0.01,816,2643677,买盘
09:30:20,32.39,-0.01,145,469695,卖盘
09:30:23,32.39,0.0,559,1813979,卖盘
09:30:27,32.4,0.01,125,404886,买盘
09:30:30,32.4,0.0,60,194400,买盘
09:30:33,32.4,0.0,54,174960,卖盘
09:30:36,32.39,-0.01,42,136064,卖盘
09:30:39,32.38,-0.01,15,48571,卖盘
09:30:41,32.38,0.0,78,252707,卖盘
09:30:45,32.38,0.0,79,255848,卖盘
09:30:48,32.39,0.01,37,119829,中性盘
09:30:51,32.39,0.0,67,217054,买盘
09:30:54,32.41,0.02,121,392058,买盘
09:30:57,32.38,-0.03,218,706137,卖盘
09:31:00,32.4,0.02,203,657621,买盘
09:31:03,32.41,0.01,105,340208,买盘
09:31:05,32.41,0.0,314,1017395,买盘
09:31:09,32.39,-0.02,126,408114,卖盘
09:31:12,32.4,0.01,356,1153120,买盘
09:31:14,32.41,0.01,166,537848,买盘
09:31:17,32.41,0.0,163,528124,买盘
09:31:21,32.41,0.0,1198,3886016,买盘
09:31:24,32.42,0.01,65,210674,买盘
09:31:27,32.5,0.08,150,487339,买盘
09:31:29,32.5,0.0,334,1084859,买盘
09:31:33,32.43,-0.07,45,146171,卖盘
09:31:36,32.49,0.06,77,250069,买盘
09:31:39,32.49,0.0,217,704034,买盘
09:31:42,32.5,0.01,1520,4939427,买盘
09:31:44,32.49,-0.01,691,2243810,卖盘
09:31:47,32.49,0.0,67,217687,买盘
09:31:51,32.47,-0.02,208,675611,卖盘
09:31:53,32.48,0.01,292,947994,买盘
09:31:57,32.47,-0.01,121,392912,中性盘
09:32:00,32.48,0.01,300,974298,买盘
09:32:02,32.47,-0.01,527,1711706,卖盘
09:32:06,32.46,-0.01,301,977484,卖盘
09:32:09,32.46,0.0,154,500076,买盘
09:32:12,32.45,-0.01,234,759014,中性盘
09:32:15,32.45,0.0,186,603629,买盘
09:32:18,32.44,-0.01,68,220577,卖盘
09:32:20,32.44,0.0,91,295189,买盘
09:32:24,32.44,0.0,131,425054,卖盘
09:32:27,32.42,-0.02,78,252994,卖盘
09:32:30,32.41,-0.01,75,243076,卖盘
09:32:33,32.4,-0.01,89,288378,卖盘
09:32:36,32.4,0.0,260,842360,买盘
09:32:39,32.4,0.0,44,142528,买盘
09:32:42,32.39,-0.01,159,515074,中性盘
09:32:44,32.42,0.03,377,1221603,买盘
09:32:47,32.39,-0.03,97,314179,卖盘
09:32:51,32.4,0.01,2,6480,中性盘
09:32:54,32.4,0.0,77,249479,买盘
09:32:57,32.39,-0.01,637,2063751,卖盘
09:33:00,32.39,0.0,278,900442,买盘
09:33:03,32.41,0.02,222,719235,买盘
09:33:06,32.44,0.03,286,927157,买盘
09:33:09,32.44,0.0,107,347045,买盘
09:33:12,32.44,0.0,148,480112,买盘
09:33:15,32.44,0.0,135,437938,买盘
09:33:18,32.44,0.0,465,1508033,买盘
09:33:21,32.45,0.01,183,593755,买盘
09:33:24,32.45,0.0,142,460805,买盘
09:33:27,32.47,0.02,72,233760,买盘
09:33:30,32.49,0.02,118,383307,买盘
09:33:33,32.49,0.0,139,451411,买盘
09:33:36,32.5,0.01,204,662896,买盘
09:33:39,32.51,0.01,372,1208800,买盘
09:33:42,32.49,-0.02,183,594828,卖盘
09:33:45,32.48,-0.01,135,438532,卖盘
09:33:48,32.49,0.01,244,792742,买盘
09:33:51,32.51,0.02,58,188540,买盘
09:33:54,32.51,0.0,245,796420,买盘
09:33:57,32.51,0.0,117,380294,买盘
09:34:00,32.5,-0.01,288,935708,卖盘
09:34:03,32.5,0.0,398,1293437,买盘
09:34:06,32.5,0.0,456,1482156,买盘
09:34:09,32.5,0.0,445,1446234,买盘
09:34:12,32.51,0.01,281,913214,买盘
09:34:15,32.5,-0.01,213,692328,卖盘
09:34:18,32.51,0.01,140,455048,买盘
09:34:21,32.5,-0.01,251,815760,卖盘
09:34:23,32.5,0.0,326,1059889,买盘
09:34:27,32.51,0.01,1025,3333431,买盘
09:34:30,32.51,0.0,213,692954,卖盘
09:34:33,32.58,0.07,246,800518,买盘
09:34:35,32.54,-0.04,42,136637,中性盘
09:34:39,32.54,0.0,88,286469,卖盘
09:34:42,32.52,-0.02,969,3154593,卖盘
09:34:45,32.6,0.08,572,1863822,买盘
09:34:48,32.58,-0.02,517,1685310,中性盘
09:34:51,32.6,0.02,185,602965,买盘
09:34:54,32.59,-0.01,53,172708,中性盘
09:34:57,32.57,-0.02,32,104264,卖盘
09:35:00,32.58,0.01,36,117282,买盘
09:35:03,32.59,0.01,179,583216,买盘
09:35:06,32.59,0.0,145,472513,买盘
09:35:09,32.58,-0.01,236,769103,卖盘
09:35:12,32.61,0.03,243,792189,买盘
09:35:15,32.59,-0.02,236,769277,卖盘
09:35:18,32.59,0.0,930,3030145,买盘
09:35:21,32.59,0.0,159,518146,买盘
09:35:24,32.6,0.01,164,534517,买盘
09:35:27,32.6,0.0,74,241196,卖盘
09:35:30,32.58,-0.02,169,550821,卖盘
09:35:33,32.58,0.0,196,638686,卖盘
09:35:36,32.59,0.01,292,952076,买盘
09:35:39,32.57,-0.02,125,407360,卖盘
09:35:42,32.58,0.01,148,482157,买盘
09:35:45,32.59,0.01,42,136853,买盘
09:35:48,32.6,0.01,332,1082078,买盘
09:35:51,32.58,-0.02,87,283507,卖盘
09:35:54,32.58,0.0,3,9774,卖盘
09:35:57,32.59,0.01,54,175979,买盘
09:36:00,32.58,-0.01,421,1370681,卖盘
09:36:02,32.59,0.01,303,987492,买盘
09:36:06,32.56,-0.03,399,1300302,卖盘
09:36:09,32.59,0.03,40,130340,中性盘
09:36:12,32.58,-0.01,34,110709,中性盘
09:36:15,32.55,-0.03,70,227960,卖盘
09:36:17,32.58,0.03,362,1178956,买盘
09:36:21,32.55,-0.03,134,436384,中性盘
09:36:24,32.54,-0.01,31,100908,卖盘
09:36:27,32.54,0.0,105,341857,卖盘
09:36:30,32.54,0.0,117,380748,卖盘
09:36:32,32.52,-0.02,146,474902,卖盘
09:36:36,32.52,0.0,391,1272286,卖盘
09:36:39,32.52,0.0,30,97552,卖盘
09:36:42,32.51,-0.01,3,9755,卖盘
09:36:45,32.52,0.01,53,172356,买盘
09:36:48,32.51,-0.01,179,582075,卖盘
09:36:51,32.52,0.01,109,354452,买盘
09:36:53,32.52,0.0,99,321869,卖盘
09:36:57,32.52,0.0,21,68292,卖盘
09:37:00,32.54,0.02,144,466786,买盘
09:37:03,32.57,0.03,238,774861,买盘
09:37:06,32.58,0.01,275,895747,买盘
09:37:09,32.58,0.0,359,1169595,买盘
09:37:12,32.6,0.02,310,1010198,买盘
09:37:15,32.61,0.01,849,2767000,买盘
09:37:18,32.63,0.02,409,1333894,买盘
09:37:20,32.65,0.02,588,1918668,买盘
09:37:23,32.65,0.0,962,3138813,买盘
09:37:27,32.66,0.01,534,1743873,买盘
09:37:30,32.67,0.01,170,555224,买盘
09:37:32,32.65,-0.02,120,391853,卖盘
09:37:35,32.67,0.02,584,1907341,买盘
09:37:39,32.65,-0.02,64,208924,卖盘
09:37:42,32.63,-0.02,173,564750,卖盘
09:37:44,32.63,0.0,125,408112,卖盘
09:37:48,32.63,0.0,422,1378074,卖盘
09:37:51,32.62,-0.01,125,407864,卖盘
09:37:54,32.62,0.0,62,202301,中性盘
09:37:57,32.62,0.0,113,368658,买盘
09:38:00,32.63,0.01,87,283831,买盘
09:38:03,32.63,0.0,83,270785,买盘
09:38:06,32.62,-0.01,656,2142792,卖盘
09:38:08,32.63,0.01,112,365394,买盘
09:38:12,32.63,0.0,262,854748,买盘
09:38:15,32.62,-0.01,454,1481192,卖盘
09:38:18,32.63,0.01,105,342615,买盘
09:38:21,32.62,-0.01,109,355556,卖盘
09:38:24,32.64,0.02,445,1451908,买盘
09:38:27,32.63,-0.01,33,107655,卖盘
09:38:30,32.62,-0.01,157,512265,卖盘
09:38:33,32.62,0.0,70,228397,卖盘
09:38:36,32.61,-0.01,141,459958,卖盘
09:38:39,32.61,0.0,411,1340766,卖盘
09:38:42,32.62,0.01,187,607036,买盘
09:38:44,32.6,-0.02,13,42390,卖盘
09:38:48,32.61,0.01,18,58696,买盘
09:38:51,32.6,-0.01,121,394566,卖盘
09:38:54,32.62,0.02,215,701056,买盘
09:38:56,32.61,-0.01,24,78264,卖盘
09:38:59,32.61,0.0,40,130450,卖盘
09:39:03,32.63,0.02,141,462719,买盘
09:39:05,32.62,-0.01,143,466471,卖盘
09:39:09,32.62,0.0,302,982351,卖盘
09:39:11,32.61,-0.01,394,1285471,卖盘
09:39:15,32.62,0.01,283,923296,买盘
09:39:18,32.62,0.0,281,916710,卖盘
09:39:20,32.63,0.01,324,1057163,买盘
09:39:24,32.62,-0.01,65,212064,卖盘
09:39:27,32.62,0.0,148,482869,卖盘
09:39:30,32.63,0.01,93,304868,买盘
09:39:32,32.62,-0.01,55,179438,卖盘
09:39:36,32.63,0.01,245,799358,买盘
09:39:39,32.63,0.0,34,110922,买盘
09:39:42,32.62,-0.01,113,367133,卖盘
09:39:45,32.62,0.0,98,319728,买盘
09:39:48,32.61,-0.01,121,394663,卖盘
09:39:51,32.61,0.0,162,528390,卖盘
09:39:54,32.62,0.01,34,110895,买盘
09:39:57,32.62,0.0,123,401177,买盘
09:40:00,32.62,0.0,161,526947,买盘
09:40:02,32.62,0.0,154,502348,卖盘
09:40:06,32.62,0.0,188,613043,卖盘
09:40:08,32.62,0.0,444,1448648,卖盘
09:40:11,32.63,0.01,366,1194253,买盘
09:40:14,32.62,-0.01,153,499100,卖盘
09:40:17,32.62,0.0,99,323014,卖盘
09:40:21,32.63,0.01,155,505623,买盘
09:40:24,32.62,-0.01,16,52197,卖盘
09:40:27,32.63,0.01,81,264289,买盘
09:40:29,32.63,0.0,63,205550,买盘
09:40:33,32.63,0.0,533,1740018,买盘
09:40:36,32.63,0.0,569,1857200,买盘
09:40:39,32.64,0.01,121,394945,买盘
09:40:42,32.65,0.01,141,460359,买盘
09:40:45,32.64,-0.01,101,329722,卖盘
09:40:48,32.65,0.01,279,910918,买盘
09:40:51,32.65,0.0,635,2073243,买盘
09:40:54,32.67,0.02,700,2285289,买盘
09:40:57,32.67,0.0,537,1752280,买盘
09:41:00,32.68,0.01,204,666556,买盘
09:41:03,32.7,0.02,1312,4288181,买盘
09:41:05,32.69,-0.01,543,1775234,卖盘
09:41:09,32.7,0.01,572,1870269,买盘
09:41:11,32.71,0.01,291,951643,买盘
09:41:14,32.71,0.0,218,712948,买盘
09:41:18,32.71,0.0,246,804598,买盘
09:41:21,32.7,-0.01,294,961649,卖盘
09:41:24,32.72,0.02,281,919338,买盘
09:41:26,32.71,-0.01,220,719812,中性盘
09:41:30,32.72,0.01,193,631452,买盘
09:41:32,32.71,-0.01,84,274839,卖盘
09:41:36,32.73,0.02,104,340326,买盘
09:41:39,32.73,0.0,241,788615,买盘
09:41:41,32.73,0.0,269,880295,买盘
09:41:45,32.73,0.0,144,471308,买盘
09:41:47,32.72,-0.01,112,366505,卖盘
09:41:51,32.72,0.0,173,566137,卖盘
09:41:54,32.72,0.0,305,997877,买盘
09:41:57,32.71,-0.01,425,1390210,卖盘
09:42:00,32.7,-0.01,976,3191350,卖盘
09:42:03,32.7,0.0,853,2789440,买盘
09:42:06,32.7,0.0,149,487058,买盘
09:42:09,32.68,-0.02,433,1415170,卖盘
09:42:12,32.69,0.01,166,542442,买盘
09:42:15,32.68,-0.01,173,565395,买盘
09:42:18,32.67,-0.01,99,323542,卖盘
09:42:21,32.66,-0.01,416,1358756,卖盘
09:42:23,32.66,0.0,60,195930,买盘
09:42:27,32.65,-0.01,47,153483,卖盘
09:42:30,32.66,0.01,45,146966,买盘
09:42:33,32.66,0.0,129,421346,买盘
09:42:36,32.66,0.0,46,150241,卖盘
09:42:39,32.67,0.01,94,306980,买盘
09:42:42,32.65,-0.02,68,222081,卖盘
09:42:45,32.66,0.01,71,231778,卖盘
09:42:48,32.65,-0.01,14,45715,中性盘
09:42:50,32.65,0.0,74,241587,买盘
09:42:53,32.65,0.0,1,3265,买盘
09:42:56,32.65,0.0,49,159985,买盘
09:42:59,32.64,-0.01,102,332971,卖盘
09:43:03,32.65,0.01,237,773842,买盘
09:43:06,32.66,0.01,12,39191,买盘
09:43:08,32.66,0.0,83,271025,买盘
09:43:12,32.66,0.0,234,764172,买盘
09:43:14,32.66,0.0,36,117566,买盘
09:43:18,32.66,0.0,84,274341,买盘
09:43:20,32.67,0.01,126,411635,买盘
09:43:24,32.67,0.0,55,179683,买盘
09:43:26,32.67,0.0,72,235240,卖盘
09:43:30,32.67,0.0,312,1019823,卖盘
09:43:33,32.68,0.01,48,156915,买盘
09:43:36,32.67,-0.01,36,117612,卖盘
09:43:38,32.68,0.01,111,362728,买盘
09:43:42,32.67,-0.01,54,176425,卖盘
09:43:45,32.68,0.01,83,271179,买盘
09:43:48,32.67,-0.01,387,1264355,卖盘
09:43:51,32.69,0.02,95,310432,买盘
09:43:54,32.67,-0.02,269,878894,卖盘
09:43:57,32.68,0.01,167,545613,买盘
09:43:59,32.67,-0.01,49,160136,卖盘
09:44:03,32.68,0.01,232,758223,买盘
09:44:05,32.69,0.01,170,555602,买盘
09:44:09,32.68,-0.01,523,1709149,卖盘
09:44:12,32.66,-0.02,381,1244994,卖盘
09:44:15,32.66,0.0,109,356101,卖盘
09:44:18,32.66,0.0,74,241697,卖盘
09:44:21,32.66,0.0,124,405086,卖盘
09:44:23,32.65,-0.01,150,490015,卖盘
09:44:26,32.65,0.0,72,235142,卖盘
09:44:30,32.65,0.0,109,355897,卖盘
09:44:33,32.65,0.0,79,257924,买盘
09:44:36,32.6,-0.05,964,3144220,卖盘
09:44:39,32.6,0.0,98,319791,卖盘
09:44:42,32.59,-0.01,156,509391,卖盘
09:44:44,32.59,0.0,47,153203,卖盘
09:44:48,32.59,0.0,27,87989,买盘
09:44:50,32.59,0.0,258,841521,卖盘
09:44:54,32.6,0.01,268,873418,买盘
09:44:57,32.57,-0.03,89,289999,卖盘
09:45:00,32.57,0.0,69,224759,卖盘
09:45:03,32.6,0.03,478,1557857,买盘
09:45:05,32.59,-0.01,84,273811,卖盘
09:45:09,32.57,-0.02,444,1447215,卖盘
09:45:12,32.57,0.0,66,214988,卖盘
09:45:15,32.57,0.0,75,243604,卖盘
09:45:18,32.54,-0.03,352,1146286,卖盘
09:45:21,32.53,-0.01,271,881768,卖盘
09:45:24,32.5,-0.03,655,2132221,卖盘
09:45:27,32.5,0.0,374,1216088,卖盘
09:45:30,32.5,0.0,238,773335,卖盘
09:45:33,32.46,-0.04,411,1335454,卖盘
09:45:36,32.53,0.07,415,1348081,买盘
09:45:39,32.53,0.0,210,682366,买盘
09:45:42,32.46,-0.07,39,126617,卖盘
09:45:45,32.49,0.03,64,207873,中性盘
09:45:48,32.47,-0.02,116,376852,卖盘
09:45:51,32.48,0.01,30,97435,买盘
09:45:54,32.46,-0.02,185,600682,卖盘
09:45:56,32.48,0.02,232,753353,买盘
09:46:00,32.49,0.01,21,68197,买盘
09:46:02,32.51,0.02,156,507097,买盘
09:46:05,32.51,0.0,38,123521,买盘
09:46:09,32.54,0.03,49,159367,买盘
09:46:11,32.54,0.0,116,377212,买盘
09:46:15,32.51,-0.03,380,1235106,卖盘
09:46:18,32.54,0.03,62,201607,买盘
09:46:21,32.54,0.0,29,94360,买盘
09:46:24,32.54,0.0,46,149662,买盘
09:46:27,32.55,0.01,89,289587,买盘
09:46:30,32.54,-0.01,74,240876,卖盘
09:46:33,32.55,0.01,32,104152,买盘
09:46:36,32.55,0.0,60,195250,买盘
09:46:39,32.55,0.0,87,283147,买盘
09:46:42,32.54,-0.01,59,192022,卖盘
09:46:45,32.54,0.0,80,260384,卖盘
09:46:47,32.56,0.02,89,289769,买盘
09:46:51,32.54,-0.02,18,58583,卖盘
09:46:54,32.54,0.0,380,1236586,卖盘
09:46:56,32.54,0.0,77,250592,卖盘
09:46:59,32.54,0.0,203,660784,中性盘
09:47:03,32.54,0.0,412,1341023,卖盘
09:47:06,32.57,0.03,98,319084,买盘
09:47:09,32.54,-0.03,68,221356,卖盘
09:47:12,32.57,0.03,18,58600,买盘
09:47:14,32.55,-0.02,51,166039,卖盘
09:47:18,32.56,0.01,35,113960,买盘
09:47:21,32.56,0.0,62,201856,买盘
09:47:24,32.57,0.01,36,117235,买盘
09:47:27,32.56,-0.01,34,110689,卖盘
09:47:30,32.55,-0.01,368,1197767,卖盘
09:47:33,32.54,-0.01,39,126939,中性盘
09:47:36,32.54,0.0,35,113890,买盘
09:47:39,32.53,-0.01,120,390363,卖盘
09:47:42,32.53,0.0,46,149673,卖盘
09:47:45,32.53,0.0,75,243976,卖盘
09:47:48,32.54,0.01,29,94370,卖盘
09:47:51,32.54,0.0,207,673730,卖盘
09:47:54,32.54,0.0,35,113868,买盘
09:47:56,32.53,-0.01,270,878697,卖盘
09:48:00,32.54,0.01,9,29286,买盘
09:48:02,32.56,0.02,280,911404,买盘
09:48:05,32.56,0.0,16,52085,买盘
09:48:09,32.56,0.0,74,240877,买盘
09:48:11,32.57,0.01,47,153014,买盘
09:48:15,32.57,0.0,133,433067,买盘
09:48:18,32.57,0.0,32,104206,买盘
09:48:21,32.57,0.0,25,81423,买盘
09:48:24,32.56,-0.01,114,371141,卖盘
09:48:27,32.56,0.0,93,302891,买盘
09:48:29,32.58,0.02,73,237742,买盘
09:48:33,32.58,0.0,228,742497,买盘
09:48:36,32.58,0.0,23,74928,买盘
09:48:39,32.58,0.0,97,316040,买盘
09:48:42,32.59,0.01,177,576699,买盘
09:48:45,32.57,-0.02,267,869917,卖盘
09:48:48,32.56,-0.01,117,381013,卖盘
09:48:51,32.59,0.03,149,485233,买盘
09:48:54,32.57,-0.02,8,26057,中性盘
09:48:57,32.58,0.01,34,110735,买盘
09:49:00,32.59,0.01,31,101017,买盘
09:49:03,32.59,0.0,468,1525175,买盘
09:49:05,32.6,0.01,127,413921,买盘
09:49:08,32.58,-0.02,38,123812,卖盘
09:49:12,32.58,0.0,108,351758,买盘
09:49:15,32.59,0.01,345,1123909,买盘
09:49:18,32.56,-0.03,484,1576812,卖盘
09:49:21,32.57,0.01,238,775046,买盘
09:49:24,32.56,-0.01,134,436425,中性盘
09:49:27,32.55,-0.01,29,94411,卖盘
09:49:29,32.55,0.0,290,944237,卖盘
09:49:32,32.51,-0.04,1124,3656919,卖盘
09:49:36,32.5,-0.01,401,1304511,卖盘
09:49:38,32.49,-0.01,193,627282,卖盘
09:49:42,32.5,0.01,96,311982,中性盘
09:49:44,32.5,0.0,226,734554,卖盘
09:49:48,32.5,0.0,371,1205807,卖盘
09:49:51,32.49,-0.01,423,1374563,卖盘
09:49:53,32.5,0.01,45,146195,买盘
09:49:57,32.5,0.0,129,419245,卖盘
09:49:59,32.49,-0.01,90,292375,买盘
09:50:03,32.5,0.01,1108,3598467,买盘
09:50:06,32.49,-0.01,213,692047,卖盘
09:50:09,32.49,0.0,164,532920,中性盘
09:50:12,32.49,0.0,55,178695,卖盘
09:50:15,32.49,0.0,135,438486,买盘
09:50:18,32.49,0.0,142,461260,买盘
09:50:21,32.48,-0.01,25,81216,买盘
09:50:24,32.49,0.01,185,600858,买盘
09:50:27,32.5,0.01,128,415965,买盘
09:50:30,32.49,-0.01,53,172220,卖盘
09:50:33,32.5,0.01,363,1179737,买盘
09:50:36,32.5,0.0,215,698579,卖盘
09:50:39,32.52,0.02,16,52004,买盘
09:50:42,32.52,0.0,8,26016,买盘
09:50:45,32.5,-0.02,22,71500,卖盘
09:50:47,32.52,0.02,24,78072,买盘
09:50:51,32.51,-0.01,4,13006,卖盘
09:50:54,32.51,0.0,69,224323,卖盘
09:50:56,32.51,0.0,28,91038,卖盘
09:51:00,32.52,0.01,69,224386,买盘
09:51:03,32.52,0.0,45,146340,卖盘
09:51:06,32.52,0.0,52,169104,卖盘
09:51:09,32.52,0.0,221,718692,卖盘
09:51:12,32.52,0.0,160,520324,卖盘
09:51:15,32.51,-0.01,64,208081,卖盘
09:51:18,32.52,0.01,3,9756,买盘
09:51:21,32.52,0.0,12,39024,卖盘
09:51:24,32.52,0.0,171,556185,卖盘
09:51:27,32.52,0.0,84,273168,卖盘
09:51:29,32.52,0.0,176,572418,卖盘
09:51:33,32.5,-0.02,544,1769019,卖盘
09:51:36,32.51,0.01,473,1536909,中性盘
09:51:38,32.46,-0.05,361,1172277,卖盘
09:51:42,32.46,0.0,347,1126534,卖盘
09:51:45,32.5,0.04,297,964507,买盘
09:51:48,32.5,0.0,397,1290067,买盘
09:51:51,32.45,-0.05,240,778838,卖盘
09:51:54,32.41,-0.04,422,1369011,卖盘
09:51:57,32.41,0.0,151,489428,卖盘
09:51:59,32.41,0.0,145,469963,卖盘
09:52:03,32.4,-0.01,989,3206859,卖盘
09:52:06,32.41,0.01,199,645025,中性盘
09:52:09,32.4,-0.01,325,1053262,卖盘
09:52:11,32.39,-0.01,131,424311,卖盘
09:52:15,32.38,-0.01,254,823091,卖盘
09:52:18,32.41,0.03,191,618645,买盘
09:52:20,32.35,-0.06,218,705862,卖盘
09:52:24,32.35,0.0,195,630922,卖盘
09:52:27,32.37,0.02,43,139187,中性盘
09:52:30,32.37,0.0,29,93840,中性盘
09:52:32,32.37,0.0,322,1042017,买盘
09:52:36,32.38,0.01,197,637615,买盘
09:52:39,32.36,-0.02,439,1420754,卖盘
09:52:42,32.41,0.05,345,1117012,买盘
09:52:44,32.38,-0.03,236,764269,卖盘
09:52:48,32.38,0.0,26,84188,卖盘
09:52:51,32.38,0.0,5,16194,卖盘
09:52:54,32.38,0.0,28,90695,卖盘
09:52:56,32.4,0.02,653,2114934,中性盘
09:53:00,32.4,0.0,27,87480,卖盘
09:53:03,32.43,0.03,242,783735,买盘
09:53:06,32.46,0.03,413,1340370,买盘
09:53:08,32.46,0.0,153,496522,卖盘
09:53:11,32.46,0.0,302,980761,买盘
09:53:15,32.43,-0.03,17,55144,卖盘
09:53:18,32.43,0.0,539,1748142,卖盘
09:53:21,32.44,0.01,14,45424,卖盘
09:53:24,32.5,0.06,494,1604684,买盘
09:53:26,32.44,-0.06,28,90946,卖盘
09:53:30,32.43,-0.01,34,110283,卖盘
09:53:33,32.44,0.01,108,350478,买盘
09:53:36,32.44,0.0,106,344217,卖盘
09:53:38,32.44,0.0,81,262754,卖盘
09:53:41,32.43,-0.01,20,64863,卖盘
09:53:45,32.41,-0.02,54,175826,卖盘
09:53:48,32.4,-0.01,156,505527,卖盘
09:53:50,32.4,0.0,44,142593,卖盘
09:53:54,32.41,0.01,142,460189,买盘
09:53:57,32.42,0.01,32,103710,买盘
09:53:59,32.41,-0.01,7,22687,卖盘
09:54:03,32.43,0.02,51,165403,买盘
09:54:05,32.44,0.01,18,58377,中性盘
09:54:09,32.44,0.0,96,311333,买盘
09:54:12,32.48,0.04,37,120416,买盘
09:54:15,32.5,0.02,106,344474,买盘
09:54:18,32.5,0.0,81,263250,卖盘
09:54:21,32.51,0.01,19,61757,买盘
09:54:24,32.5,-0.01,291,945770,卖盘
09:54:27,32.49,-0.01,3,9747,卖盘
09:54:29,32.49,0.0,27,87747,卖盘
09:54:33,32.49,0.0,15,48735,买盘
09:54:35,32.49,0.0,10,32490,买盘
09:54:39,32.48,-0.01,70,227375,卖盘
09:54:42,32.49,0.01,58,188395,买盘
09:54:44,32.48,-0.01,25,81204,卖盘
09:54:47,32.49,0.01,112,363879,买盘
09:54:51,32.49,0.0,9,29241,卖盘
09:54:54,32.5,0.01,19,61732,买盘
09:54:57,32.49,-0.01,72,233987,卖盘
09:55:00,32.49,0.0,123,399808,卖盘
09:55:03,32.5,0.01,67,217750,买盘
09:55:06,32.5,0.0,55,178750,卖盘
09:55:09,32.5,0.0,7,22750,卖盘
09:55:12,32.5,0.0,14,45500,卖盘
09:55:15,32.5,0.0,144,468001,卖盘
09:55:18,32.51,0.01,39,126771,买盘
09:55:21,32.5,-0.01,116,377066,卖盘
09:55:24,32.5,0.0,61,198266,卖盘
09:55:27,32.51,0.01,92,299005,买盘
09:55:29,32.49,-0.02,449,1459199,卖盘
09:55:33,32.48,-0.01,211,685423,卖盘
09:55:35,32.48,0.0,128,415946,卖盘
09:55:38,32.48,0.0,599,1946374,卖盘
09:55:42,32.48,0.0,652,2117038,卖盘
09:55:44,32.43,-0.05,61,198039,卖盘
09:55:48,32.44,0.01,404,1312554,中性盘
09:55:50,32.44,0.0,45,145980,卖盘
09:55:54,32.45,0.01,456,1479982,买盘
09:55:56,32.43,-0.02,44,142738,卖盘
09:56:00,32.45,0.02,42,136207,买盘
09:56:03,32.47,0.02,84,272752,买盘
09:56:06,32.48,0.01,54,175386,买盘
09:56:09,32.47,-0.01,146,474079,卖盘
09:56:12,32.46,-0.01,661,2144456,卖盘
09:56:15,32.41,-0.05,87,282039,卖盘
09:56:18,32.43,0.02,60,194613,中性盘
09:56:20,32.41,-0.02,134,434180,中性盘
09:56:24,32.4,-0.01,87,281925,卖盘
09:56:27,32.4,0.0,324,1049762,卖盘
09:56:30,32.38,-0.02,303,981386,卖盘
09:56:33,32.38,0.0,168,544110,卖盘
09:56:36,32.38,0.0,72,233136,卖盘
09:56:39,32.36,-0.02,115,372292,卖盘
09:56:42,32.38,0.02,145,469531,买盘
09:56:45,32.38,0.0,65,210465,卖盘
09:56:48,32.36,-0.02,57,184497,卖盘
09:56:51,32.38,0.02,107,345831,买盘
09:56:54,32.38,0.0,19,61519,买盘
09:56:56,32.38,0.0,253,818786,买盘
09:57:00,32.38,0.0,52,168361,买盘
09:57:03,32.38,0.0,20,64754,卖盘
09:57:05,32.39,0.01,11,35620,买盘
09:57:09,32.38,-0.01,182,589321,卖盘
09:57:11,32.38,0.0,40,129529,卖盘
09:57:15,32.4,0.02,43,139248,买盘
09:57:18,32.41,0.01,298,965464,买盘
09:57:21,32.43,0.02,30,97220,买盘
09:57:24,32.4,-0.03,122,395280,卖盘
09:57:27,32.43,0.03,7,22701,买盘
09:57:30,32.42,-0.01,5,16210,中性盘
09:57:33,32.42,0.0,12,38898,买盘
09:57:35,32.42,0.0,23,74566,买盘
09:57:39,32.41,-0.01,75,243106,卖盘
09:57:42,32.41,0.0,98,317645,卖盘
09:57:45,32.4,-0.01,1,3240,卖盘
09:57:48,32.41,0.01,21,68047,买盘
09:57:51,32.41,0.0,23,74525,买盘
09:57:54,32.4,-0.01,195,631842,卖盘
09:57:57,32.41,0.01,49,158819,卖盘
09:58:00,32.41,0.0,28,90741,卖盘
09:58:03,32.42,0.01,350,1134394,买盘
09:58:06,32.42,0.0,104,337235,卖盘
09:58:09,32.42,0.0,12,38913,卖盘
09:58:11,32.42,0.0,47,152374,卖盘
09:58:15,32.41,-0.01,17,55100,卖盘
09:58:18,32.41,0.0,48,155569,卖盘
09:58:21,32.4,-0.01,108,349972,卖盘
09:58:24,32.39,-0.01,246,796915,卖盘
09:58:27,32.4,0.01,201,651052,买盘
09:58:30,32.38,-0.02,90,291436,卖盘
09:58:32,32.38,0.0,470,1521875,卖盘
09:58:36,32.37,-0.01,268,867675,卖盘
09:58:39,32.37,0.0,485,1569184,买盘
09:58:42,32.34,-0.03,249,806253,卖盘
09:58:44,32.35,0.01,133,430095,买盘
09:58:48,32.33,-0.02,16,51729,卖盘
09:58:51,32.32,-0.01,170,549609,卖盘
09:58:54,32.32,0.0,27,87274,卖盘
09:58:56,32.32,0.0,23,74337,卖盘
09:59:00,32.33,0.01,473,1528856,买盘
09:59:03,32.31,-0.02,52,168071,卖盘
09:59:05,32.33,0.02,74,239206,买盘
09:59:09,32.33,0.0,18,58183,买盘
09:59:11,32.33,0.0,14,45261,买盘
09:59:15,32.33,0.0,24,77592,卖盘
09:59:17,32.33,0.0,75,242456,卖盘
09:59:21,32.34,0.01,105,339543,买盘
09:59:24,32.35,0.01,35,113187,买盘
09:59:27,32.35,0.0,13,42044,买盘
09:59:30,32.34,-0.01,1001,3235045,卖盘
09:59:33,32.36,0.02,31,100278,买盘
09:59:36,32.35,-0.01,11,35585,卖盘
09:59:39,32.35,0.0,33,106769,买盘
09:59:42,32.35,0.0,42,135878,卖盘
09:59:45,32.36,0.01,26,84120,买盘
09:59:48,32.36,0.0,20,64703,买盘
09:59:50,32.36,0.0,12,38824,买盘
09:59:54,32.36,0.0,15,48540,买盘
09:59:57,32.35,-0.01,188,608194,卖盘
10:00:00,32.36,0.01,128,414123,买盘
10:00:03,32.36,0.0,43,139148,卖盘
10:00:06,32.36,0.0,41,132676,买盘
10:00:08,32.36,0.0,149,481387,卖盘
10:00:11,32.36,0.0,41,132676,卖盘
10:00:15,32.36,0.0,251,812243,卖盘
10:00:17,32.35,-0.01,95,308118,买盘
10:00:21,32.34,-0.01,42,135868,卖盘
10:00:24,32.35,0.01,149,481907,卖盘
10:00:26,32.35,0.0,11,35585,买盘
10:00:30,32.35,0.0,92,297620,卖盘
10:00:32,32.35,0.0,1,3235,卖盘
10:00:36,32.35,0.0,10,32351,卖盘
10:00:38,32.35,0.0,52,168220,卖盘
10:00:41,32.35,0.0,19,61465,买盘
10:00:45,32.35,0.0,29,93798,买盘
10:00:48,32.35,0.0,103,333157,买盘
10:00:51,32.34,-0.01,66,213458,卖盘
10:00:53,32.35,0.01,65,210204,买盘
10:00:57,32.33,-0.02,18,58203,卖盘
10:01:00,32.34,0.01,17,54978,买盘
10:01:02,32.32,-0.02,259,837372,卖盘
10:01:06,32.32,0.0,180,581937,卖盘
10:01:09,32.35,0.03,33,106746,买盘
10:01:11,32.34,-0.01,3,9702,中性盘
10:01:14,32.35,0.01,36,116419,买盘
10:01:18,32.32,-0.03,239,772525,卖盘
10:01:21,32.33,0.01,51,164842,买盘
10:01:24,32.32,-0.01,8,25856,卖盘
10:01:27,32.31,-0.01,76,245581,卖盘
10:01:30,32.33,0.02,51,164828,买盘
10:01:33,32.33,0.0,13,42029,买盘
10:01:35,32.33,0.0,1,3233,买盘
10:01:39,32.33,0.0,23,74351,买盘
10:01:42,32.32,-0.01,3,9696,卖盘
10:01:45,32.32,0.0,69,223033,卖盘
10:01:48,32.33,0.01,57,184258,买盘
10:01:51,32.33,0.0,3,9697,买盘
10:01:54,32.33,0.0,42,135776,买盘
10:01:57,32.33,0.0,28,90497,买盘
10:02:00,32.33,0.0,15,48492,买盘
10:02:03,32.33,0.0,100,323297,买盘
10:02:05,32.34,0.01,202,653073,买盘
10:02:09,32.34,0.0,13,42042,买盘
10:02:12,32.34,0.0,16,51744,买盘
10:02:15,32.33,-0.01,11,35566,卖盘
10:02:18,32.34,0.01,202,653251,买盘
10:02:20,32.34,0.0,128,414101,卖盘
10:02:24,32.36,0.02,56,181124,买盘
10:02:26,32.35,-0.01,62,200616,卖盘
10:02:29,32.35,0.0,18,58229,卖盘
10:02:33,32.35,0.0,19,61457,买盘
10:02:36,32.35,0.0,11,35585,买盘
10:02:39,32.35,0.0,33,106755,买盘
10:02:42,32.35,0.0,28,90567,买盘
10:02:45,32.35,0.0,127,410834,买盘
10:02:48,32.37,0.02,31,100319,买盘
10:02:51,32.38,0.01,13,42083,买盘
10:02:54,32.38,0.0,2,6476,买盘
10:02:57,32.38,0.0,2,6476,买盘
10:03:00,32.37,-0.01,53,171568,卖盘
10:03:03,32.38,0.01,51,165009,买盘
10:03:06,32.39,0.01,50,161950,买盘
10:03:09,32.39,0.0,10,32391,卖盘
10:03:11,32.39,0.0,1,3239,卖盘
10:03:15,32.4,0.01,22,71260,买盘
10:03:18,32.4,0.0,170,550777,买盘
10:03:23,32.42,0.02,31,100438,买盘
10:03:27,32.4,-0.02,3,9720,卖盘
10:03:33,32.41,0.01,3,9724,中性盘
10:03:35,32.41,0.0,6,19443,卖盘
10:03:39,32.4,-0.01,18,58338,卖盘
10:03:42,32.42,0.02,15,48630,卖盘
10:03:46,32.42,0.0,60,194516,买盘
10:03:48,32.42,0.0,247,800775,卖盘
10:03:50,32.41,-0.01,101,327401,卖盘
10:03:55,32.4,-0.01,100,324034,卖盘
10:03:57,32.41,0.01,12,38883,买盘
10:04:00,32.41,0.0,41,132878,卖盘
10:04:03,32.39,-0.02,89,288470,卖盘
10:04:06,32.41,0.02,118,382433,买盘
10:04:09,32.4,-0.01,17,55071,买盘
10:04:12,32.39,-0.01,10,32390,卖盘
10:04:15,32.4,0.01,47,152260,买盘
10:04:18,32.41,0.01,134,434083,买盘
10:04:21,32.39,-0.02,22,71242,卖盘
10:04:24,32.4,0.01,26,84240,卖盘
10:04:26,32.4,0.0,81,262442,卖盘
10:04:29,32.4,0.0,12,38880,卖盘
10:04:33,32.4,0.0,139,450366,卖盘
10:04:36,32.39,-0.01,324,1049752,卖盘
10:04:38,32.39,0.0,30,97184,卖盘
10:04:42,32.37,-0.02,88,285018,卖盘
10:04:44,32.39,0.02,113,366181,买盘
10:04:48,32.37,-0.02,21,67991,卖盘
10:04:51,32.37,0.0,8,25896,卖盘
10:04:53,32.37,0.0,4,12950,卖盘
10:04:56,32.37,0.0,3,9713,卖盘
10:05:00,32.37,0.0,10,32370,卖盘
10:05:04,32.38,0.01,82,265423,买盘
10:05:06,32.38,0.0,176,570044,卖盘
10:05:09,32.38,0.0,40,129520,卖盘
10:05:12,32.38,0.0,21,67998,买盘
10:05:15,32.37,-0.01,16,51807,卖盘
10:05:19,32.37,0.0,23,74452,卖盘
10:05:22,32.37,0.0,36,116534,卖盘
10:05:24,32.37,0.0,2,6474,卖盘
10:05:27,32.38,0.01,13,42085,买盘
10:05:30,32.37,-0.01,44,142438,卖盘
10:05:33,32.38,0.01,34,110092,买盘
10:05:35,32.37,-0.01,9,29133,卖盘
10:05:39,32.38,0.01,6,19427,买盘
10:05:41,32.38,0.0,24,77712,买盘
10:05:44,32.38,0.0,44,142454,买盘
10:05:48,32.37,-0.01,9,29133,卖盘
10:05:52,32.37,0.0,50,161851,卖盘
10:05:55,32.37,0.0,9,29134,卖盘
10:05:57,32.37,0.0,7,22659,买盘
10:06:00,32.37,0.0,28,90635,买盘
10:06:03,32.37,0.0,76,246012,卖盘
10:06:06,32.38,0.01,164,531032,买盘
10:06:08,32.39,0.01,90,291494,买盘
10:06:12,32.41,0.02,129,417950,买盘
10:06:15,32.4,-0.01,29,93959,卖盘
10:06:18,32.41,0.01,276,894418,买盘
10:06:22,32.41,0.0,27,87484,买盘
10:06:24,32.41,0.0,155,502350,买盘
10:06:27,32.42,0.01,83,269070,买盘
10:06:30,32.43,0.01,179,580489,买盘
10:06:34,32.44,0.01,97,314666,买盘
10:06:36,32.44,0.0,31,100563,买盘
10:06:39,32.45,0.01,227,736585,买盘
10:06:43,32.45,0.0,365,1184376,买盘
10:06:44,32.45,0.0,12,38940,卖盘
10:06:49,32.45,0.0,108,350446,卖盘
10:06:51,32.47,0.02,9,29220,买盘
10:06:54,32.46,-0.01,15,48680,中性盘
10:06:58,32.47,0.01,18,58434,买盘
10:07:00,32.47,0.0,181,587549,买盘
10:07:04,32.47,0.0,6,19482,买盘
10:07:05,32.47,0.0,308,1000047,买盘
10:07:08,32.47,0.0,223,724081,买盘
10:07:12,32.5,0.03,111,360675,买盘
10:07:15,32.47,-0.03,11,35719,卖盘
10:07:18,32.47,0.0,71,230694,卖盘
10:07:21,32.5,0.03,1,3250,买盘
10:07:25,32.47,-0.03,24,77928,卖盘
10:07:27,32.47,0.0,16,51952,卖盘
10:07:29,32.45,-0.02,44,142829,卖盘
10:07:34,32.45,0.0,58,188243,卖盘
10:07:36,32.46,0.01,8,25966,买盘
10:07:39,32.45,-0.01,14,45431,卖盘
10:07:41,32.46,0.01,9,29206,买盘
10:07:44,32.46,0.0,3,9737,买盘
10:07:49,32.45,-0.01,25,81135,卖盘
10:07:50,32.45,0.0,3,9734,买盘
10:07:55,32.45,0.0,12,38939,买盘
10:07:58,32.45,0.0,3,9735,买盘
10:08:01,32.45,0.0,62,201182,买盘
10:08:04,32.45,0.0,1,3245,卖盘
10:08:06,32.47,0.02,78,253192,买盘
10:08:13,32.46,-0.01,94,305209,卖盘
10:08:14,32.46,0.0,8,25968,卖盘
10:08:18,32.46,0.0,50,162301,卖盘
10:08:20,32.47,0.01,15,48690,买盘
10:08:25,32.47,0.0,13,42205,买盘
10:08:28,32.46,-0.01,12,38954,卖盘
10:08:29,32.46,0.0,16,51949,卖盘
10:08:32,32.46,0.0,13,42199,卖盘
10:08:36,32.39,-0.07,349,1131328,卖盘
10:08:40,32.4,0.01,54,174965,买盘
10:08:43,32.45,0.05,19,61629,中性盘
10:08:45,32.4,-0.05,6,19446,卖盘
10:08:49,32.43,0.03,19,61573,买盘
10:08:52,32.4,-0.03,10,32391,中性盘
10:08:54,32.41,0.01,11,35669,中性盘
10:08:58,32.41,0.0,1,3241,卖盘
10:09:00,32.43,0.02,9,29175,买盘
10:09:03,32.43,0.0,76,246468,买盘
10:09:07,32.44,0.01,77,249782,买盘
10:09:10,32.44,0.0,31,100564,卖盘
10:09:12,32.44,0.0,1,3244,买盘
10:09:15,32.43,-0.01,19,61628,卖盘
10:09:19,32.4,-0.03,23,74544,卖盘
10:09:25,32.43,0.03,13,42138,买盘
10:09:27,32.4,-0.03,16,51840,卖盘
10:09:30,32.4,0.0,121,392082,卖盘
10:09:33,32.4,0.0,125,405059,卖盘
10:09:37,32.42,0.02,11,35649,买盘
10:09:40,32.4,-0.02,5,16200,卖盘
10:09:43,32.42,0.02,17,55113,买盘
10:09:45,32.41,-0.01,26,84272,卖盘
10:09:49,32.42,0.01,1,3242,买盘
10:09:51,32.41,-0.01,15,48615,卖盘
10:09:53,32.43,0.02,90,291783,买盘
10:09:56,32.42,-0.01,19,61615,卖盘
10:10:01,32.43,0.01,121,392283,买盘
10:10:04,32.42,-0.01,178,577150,卖盘
10:10:07,32.43,0.01,49,158907,买盘
10:10:10,32.43,0.0,18,58374,卖盘
10:10:12,32.43,0.0,26,84318,卖盘
10:10:15,32.43,0.0,98,317842,卖盘
10:10:19,32.44,0.01,6,19464,买盘
10:10:21,32.44,0.0,34,110266,买盘
10:10:23,32.45,0.01,61,197931,买盘
10:10:28,32.44,-0.01,102,330986,卖盘
10:10:31,32.46,0.02,19,61650,买盘
10:10:33,32.45,-0.01,1,3245,中性盘
10:10:37,32.45,0.0,1,3245,卖盘
10:10:39,32.46,0.01,39,126585,买盘
10:10:43,32.46,0.0,42,136332,买盘
10:10:45,32.46,0.0,2,6492,买盘
10:10:49,32.45,-0.01,59,191460,卖盘
10:10:50,32.45,0.0,78,253111,卖盘
10:10:55,32.45,0.0,13,42190,卖盘
10:10:58,32.45,0.0,25,81128,卖盘
10:11:01,32.46,0.01,3,9737,买盘
10:11:04,32.46,0.0,128,415443,买盘
10:11:07,32.46,0.0,46,149308,买盘
10:11:08,32.47,0.01,17,55188,买盘
10:11:13,32.45,-0.02,233,756159,卖盘
10:11:14,32.45,0.0,9,29197,买盘
10:11:19,32.44,-0.01,6,19464,卖盘
10:11:21,32.45,0.01,24,77858,买盘
10:11:23,32.44,-0.01,27,87588,卖盘
10:11:28,32.44,0.0,11,35694,卖盘
10:11:30,32.44,0.0,2,6488,卖盘
10:11:34,32.45,0.01,14,45427,买盘
10:11:37,32.44,-0.01,25,81100,卖盘
10:11:43,32.44,0.0,16,51900,买盘
10:11:46,32.44,0.0,7,22705,买盘
10:11:49,32.44,0.0,3,9732,买盘
10:11:52,32.44,0.0,39,126466,买盘
10:11:54,32.44,0.0,5,16218,买盘
10:11:56,32.44,0.0,6,19464,买盘
10:12:01,32.43,-0.01,30,97291,卖盘
10:12:04,32.44,0.01,27,87588,买盘
10:12:07,32.45,0.01,71,230395,买盘
10:12:10,32.44,-0.01,22,71368,卖盘
10:12:12,32.45,0.01,42,136290,买盘
10:12:16,32.44,-0.01,137,444428,卖盘
10:12:19,32.44,0.0,142,460652,卖盘
10:12:20,32.43,-0.01,45,145991,卖盘
10:12:25,32.44,0.01,6,19464,卖盘
10:12:28,32.43,-0.01,9,29187,卖盘
10:12:37,32.44,0.01,23,74604,买盘
10:12:40,32.43,-0.01,1,3243,卖盘
10:12:43,32.44,0.01,18,58380,买盘
10:12:46,32.43,-0.01,23,74604,卖盘
10:12:48,32.43,0.0,13,42160,卖盘
10:12:52,32.43,0.0,18,58374,卖盘
10:12:53,32.44,0.01,23,74604,买盘
10:12:56,32.43,-0.01,12,38916,卖盘
10:13:01,32.43,0.0,10,32429,卖盘
10:13:04,32.43,0.0,148,479904,买盘
10:13:07,32.43,0.0,40,129712,买盘
10:13:10,32.43,0.0,10,32430,卖盘
10:13:12,32.43,0.0,9,29187,卖盘
10:13:14,32.44,0.01,3,9732,买盘
10:13:18,32.43,-0.01,50,162150,卖盘
10:13:22,32.43,0.0,6,19457,买盘
10:13:25,32.42,-0.01,17,55117,卖盘
10:13:28,32.42,0.0,1,3242,卖盘
10:13:30,32.42,0.0,17,55115,卖盘
10:13:33,32.42,0.0,10,32420,买盘
10:13:37,32.42,0.0,11,35664,卖盘
10:13:38,32.42,0.0,7,22694,卖盘
10:13:43,32.42,0.0,38,123167,买盘
10:13:45,32.41,-0.01,99,320883,卖盘
10:13:51,32.41,0.0,77,249527,买盘
10:13:53,32.41,0.0,6,19446,卖盘
10:13:58,32.4,-0.01,91,294849,卖盘
10:14:01,32.39,-0.01,21,68028,卖盘
10:14:04,32.39,0.0,80,259194,卖盘
10:14:07,32.4,0.01,128,414718,买盘
10:14:10,32.41,0.01,13,42125,买盘
10:14:13,32.4,-0.01,15,48600,卖盘
10:14:19,32.41,0.01,28,90725,买盘
10:14:21,32.4,-0.01,26,84240,卖盘
10:14:25,32.41,0.01,4,12964,买盘
10:14:26,32.41,0.0,14,45365,买盘
10:14:29,32.41,0.0,1,3241,买盘
10:14:34,32.4,-0.01,2,6481,卖盘
10:14:36,32.4,0.0,36,116640,卖盘
10:14:39,32.4,0.0,12,38891,卖盘
10:14:46,32.41,0.01,48,155560,买盘
10:14:48,32.41,0.0,1,3241,买盘
10:14:50,32.4,-0.01,18,58320,卖盘
10:14:55,32.4,0.0,20,64801,卖盘
10:14:57,32.41,0.01,30,97229,买盘
10:15:00,32.41,0.0,33,106953,卖盘
10:15:02,32.41,0.0,8,25934,卖盘
10:15:06,32.43,0.02,128,414954,买盘
10:15:12,32.44,0.01,473,1534342,买盘
10:15:15,32.44,0.0,52,168722,中性盘
10:15:18,32.47,0.03,383,1243005,买盘
10:15:21,32.46,-0.01,24,77927,卖盘
10:15:25,32.47,0.01,66,214366,买盘
10:15:27,32.48,0.01,89,289072,买盘
10:15:31,32.48,0.0,157,509926,买盘
10:15:33,32.49,0.01,103,334561,买盘
10:15:36,32.48,-0.01,15,48720,卖盘
10:15:40,32.48,0.0,193,626763,卖盘
10:15:42,32.46,-0.02,399,1295932,卖盘
10:15:45,32.47,0.01,122,396119,买盘
10:15:48,32.47,0.0,10,32471,卖盘
10:15:51,32.48,0.01,23,74683,买盘
10:15:54,32.49,0.01,6,19490,买盘
10:15:58,32.48,-0.01,605,1964443,卖盘
10:16:01,32.48,0.0,151,490580,买盘
10:16:03,32.48,0.0,28,90955,卖盘
10:16:06,32.49,0.01,348,1130566,买盘
10:16:09,32.5,0.01,17,55236,买盘
10:16:15,32.49,-0.01,50,162458,卖盘
10:16:17,32.49,0.0,33,107217,买盘
10:16:22,32.48,-0.01,271,880440,卖盘
10:16:24,32.49,0.01,18,58467,卖盘
10:16:27,32.49,0.0,5,16245,买盘
10:16:30,32.45,-0.04,32,103924,卖盘
10:16:33,32.49,0.04,2,6498,买盘
10:16:39,32.46,-0.03,21,68193,中性盘
10:16:42,32.46,0.0,25,81150,卖盘
10:16:45,32.48,0.02,29,94189,中性盘
10:16:48,32.49,0.01,7,22735,买盘
10:16:51,32.48,-0.01,72,233840,卖盘
10:16:54,32.46,-0.02,22,71402,卖盘
10:16:57,32.45,-0.01,28,90873,卖盘
10:17:00,32.46,0.01,17,55182,买盘
10:17:05,32.48,0.02,129,418923,买盘
10:17:09,32.47,-0.01,12,38964,卖盘
10:17:12,32.48,0.01,24,77931,买盘
10:17:15,32.47,-0.01,36,116897,卖盘
10:17:18,32.47,0.0,43,139641,卖盘
10:17:21,32.47,0.0,103,334441,卖盘
10:17:24,32.46,-0.01,17,55182,卖盘
10:17:27,32.45,-0.01,113,366782,卖盘
10:17:30,32.45,0.0,23,74637,卖盘
10:17:33,32.43,-0.02,239,775343,卖盘
10:17:36,32.46,0.03,73,236941,买盘
10:17:38,32.45,-0.01,6,19466,卖盘
10:17:42,32.44,-0.01,19,61653,卖盘
10:17:45,32.44,0.0,44,142795,卖盘
10:17:48,32.46,0.02,28,90856,买盘
10:17:50,32.43,-0.03,20,64877,卖盘
10:17:54,32.43,0.0,8,25949,卖盘
10:17:57,32.43,0.0,39,126483,卖盘
10:18:00,32.43,0.0,38,123246,卖盘
10:18:03,32.43,0.0,100,324379,卖盘
10:18:06,32.44,0.01,198,642260,买盘
10:18:08,32.44,0.0,2,6488,中性盘
10:18:12,32.44,0.0,32,103808,卖盘
10:18:15,32.44,0.0,10,32441,卖盘
10:18:17,32.44,0.0,12,38930,卖盘
10:18:21,32.45,0.01,93,301717,买盘
10:18:24,32.44,-0.01,18,58390,卖盘
10:18:27,32.44,0.0,3,9734,卖盘
10:18:30,32.43,-0.01,78,253031,卖盘
10:18:33,32.43,0.0,18,58387,卖盘
10:18:36,32.43,0.0,1,3243,卖盘
10:18:39,32.43,0.0,147,476873,卖盘
10:18:42,32.44,0.01,110,356840,买盘
10:18:45,32.44,0.0,1,3244,卖盘
10:18:48,32.44,0.0,54,175176,卖盘
10:18:51,32.44,0.0,28,90832,卖盘
10:18:53,32.44,0.0,1,3244,卖盘
10:18:57,32.44,0.0,68,220592,卖盘
10:19:00,32.44,0.0,42,136199,卖盘
10:19:03,32.44,0.0,58,188152,买盘
10:19:06,32.45,0.01,131,425193,中性盘
10:19:08,32.45,0.0,119,386168,卖盘
10:19:12,32.46,0.01,1,3246,买盘
10:19:17,32.45,-0.01,18,58410,卖盘
10:19:21,32.45,0.0,14,45430,卖盘
10:19:24,32.45,0.0,29,94105,卖盘
10:19:27,32.45,0.0,66,214170,卖盘
10:19:30,32.45,0.0,3,9735,卖盘
10:19:33,32.44,-0.01,399,1294753,卖盘
10:19:36,32.45,0.01,5,16226,中性盘
10:19:39,32.45,0.0,45,146025,买盘
10:19:42,32.45,0.0,10,32450,卖盘
10:19:44,32.45,0.0,158,512863,卖盘
10:19:47,32.45,0.0,21,68145,卖盘
10:19:51,32.46,0.01,1,3246,买盘
10:19:54,32.45,-0.01,56,181724,卖盘
10:19:56,32.46,0.01,54,175205,买盘
10:20:00,32.46,0.0,3,9738,买盘
10:20:03,32.46,0.0,74,240204,买盘
10:20:06,32.47,0.01,62,201219,买盘
10:20:12,32.47,0.0,8,25976,卖盘
10:20:15,32.47,0.0,1,3247,卖盘
10:20:18,32.47,0.0,10,32470,卖盘
10:20:21,32.48,0.01,15,48712,买盘
10:20:24,32.47,-0.01,39,126633,卖盘
10:20:27,32.45,-0.02,124,402587,卖盘
10:20:30,32.45,0.0,9,29207,卖盘
10:20:33,32.48,0.03,33,107165,买盘
10:20:35,32.45,-0.03,4,12980,卖盘
10:20:39,32.45,0.0,38,123391,卖盘
10:20:42,32.48,0.03,13,42218,买盘
10:20:44,32.48,0.0,10,32480,买盘
10:20:48,32.47,-0.01,33,107166,卖盘
10:20:51,32.48,0.01,14,45470,买盘
10:20:54,32.47,-0.01,15,48705,卖盘
10:20:57,32.47,0.0,8,25976,卖盘
10:21:00,32.47,0.0,6,19482,卖盘
10:21:03,32.48,0.01,163,529408,买盘
10:21:06,32.47,-0.01,111,360418,卖盘
10:21:09,32.46,-0.01,2,6493,卖盘
10:21:12,32.47,0.01,18,58431,买盘
10:21:15,32.45,-0.02,9,29206,卖盘
10:21:18,32.45,0.0,28,90870,卖盘
10:21:21,32.45,0.0,11,35694,买盘
10:21:24,32.44,-0.01,35,113573,卖盘
10:21:30,32.45,0.01,9,29200,买盘
10:21:33,32.45,0.0,30,97350,卖盘
10:21:36,32.45,0.0,4,12980,买盘
10:21:39,32.44,-0.01,9,29196,卖盘
10:21:41,32.44,0.0,8,25954,买盘
10:21:45,32.44,0.0,32,103799,卖盘
10:21:47,32.44,0.0,2,6488,卖盘
10:21:51,32.44,0.0,17,55148,卖盘
10:21:54,32.45,0.01,90,292018,买盘
10:21:57,32.45,0.0,17,55165,买盘
10:22:00,32.43,-0.02,49,158895,卖盘
10:22:03,32.43,0.0,24,77844,买盘
10:22:05,32.45,0.02,60,194680,买盘
10:22:09,32.43,-0.02,15,48647,卖盘
10:22:12,32.45,0.02,1,3245,买盘
10:22:14,32.43,-0.02,4,12972,卖盘
10:22:18,32.45,0.02,20,64866,买盘
10:22:21,32.45,0.0,19,61655,买盘
10:22:24,32.45,0.0,324,1050215,买盘
10:22:27,32.43,-0.02,20,64858,卖盘
10:22:29,32.43,0.0,18,58374,买盘
10:22:33,32.43,0.0,8,25944,买盘
10:22:36,32.43,0.0,31,100561,中性盘
10:22:39,32.43,0.0,3,9729,卖盘
10:22:42,32.43,0.0,8,25944,卖盘
10:22:45,32.43,0.0,21,68120,卖盘
10:22:48,32.43,0.0,18,58408,卖盘
10:22:50,32.44,0.01,33,107057,卖盘
10:22:54,32.44,0.0,68,220593,卖盘
10:22:57,32.44,0.0,58,188152,买盘
10:22:59,32.45,0.01,195,632631,买盘
10:23:03,32.46,0.01,20,64920,买盘
10:23:06,32.49,0.03,243,789357,买盘
10:23:09,32.49,0.0,576,1871691,买盘
10:23:12,32.53,0.04,401,1304048,买盘
10:23:15,32.55,0.02,299,972988,买盘
10:23:18,32.55,0.0,130,423228,买盘
10:23:21,32.57,0.02,42,136747,买盘
10:23:23,32.56,-0.01,59,192158,中性盘
10:23:27,32.57,0.01,234,762273,买盘
10:23:30,32.57,0.0,114,371298,买盘
10:23:33,32.57,0.0,100,325621,买盘
10:23:35,32.56,-0.01,226,735972,卖盘
10:23:39,32.56,0.0,98,319088,买盘
10:23:41,32.57,0.01,489,1592670,买盘
10:23:45,32.55,-0.02,488,1589279,卖盘
10:23:48,32.56,0.01,62,201802,买盘
10:23:51,32.55,-0.01,30,97653,中性盘
10:23:54,32.55,0.0,172,559808,买盘
10:23:57,32.54,-0.01,7,22776,买盘
10:24:00,32.55,0.01,91,296195,买盘
10:24:03,32.55,0.0,57,185482,买盘
10:24:06,32.58,0.03,533,1736062,买盘
10:24:09,32.58,0.0,190,619020,卖盘
10:24:11,32.55,-0.03,364,1185679,卖盘
10:24:14,32.57,0.02,728,2372870,中性盘
10:24:17,32.58,0.01,57,185718,买盘
10:24:21,32.58,0.0,84,273664,买盘
10:24:23,32.58,0.0,89,289948,买盘
10:24:27,32.58,0.0,474,1543944,买盘
10:24:30,32.57,-0.01,168,547081,卖盘
10:24:33,32.55,-0.02,150,488348,卖盘
10:24:35,32.55,0.0,401,1306024,中性盘
10:24:39,32.55,0.0,335,1090872,卖盘
10:24:42,32.55,0.0,21,68351,买盘
10:24:45,32.55,0.0,5,16274,买盘
10:24:48,32.53,-0.02,48,156236,卖盘
10:24:51,32.55,0.02,366,1191155,买盘
10:24:53,32.55,0.0,63,205013,买盘
10:24:57,32.55,0.0,164,534007,买盘
10:25:00,32.54,-0.01,42,136666,买盘
10:25:03,32.56,0.02,159,517679,买盘
10:25:05,32.55,-0.01,49,159465,买盘
10:25:09,32.57,0.02,104,338580,买盘
10:25:12,32.56,-0.01,18,58612,卖盘
10:25:15,32.57,0.01,10,32566,买盘
10:25:18,32.56,-0.01,23,74890,卖盘
10:25:21,32.57,0.01,267,869453,买盘
10:25:24,32.56,-0.01,107,348411,卖盘
10:25:27,32.57,0.01,15,48858,买盘
10:25:30,32.57,0.0,33,107470,买盘
10:25:33,32.56,-0.01,42,136792,卖盘
10:25:36,32.57,0.01,36,117252,买盘
10:25:39,32.57,0.0,94,306150,买盘
10:25:42,32.57,0.0,14,45593,买盘
10:25:45,32.57,0.0,78,254045,买盘
10:25:48,32.57,0.0,92,299625,买盘
10:25:51,32.56,-0.01,8,26048,中性盘
10:25:53,32.56,0.0,56,182322,买盘
10:25:56,32.55,-0.01,20,65108,卖盘
10:26:00,32.56,0.01,186,605539,买盘
10:26:03,32.55,-0.01,115,374428,卖盘
10:26:06,32.56,0.01,84,273426,买盘
10:26:08,32.55,-0.01,260,846466,卖盘
10:26:12,32.55,0.0,39,126945,买盘
10:26:15,32.54,-0.01,79,257132,卖盘
10:26:18,32.53,-0.01,57,185438,卖盘
10:26:21,32.55,0.02,16,52066,买盘
10:26:24,32.53,-0.02,28,91118,卖盘
10:26:30,32.54,0.01,18,58571,买盘
10:26:33,32.53,-0.01,22,71570,卖盘
10:26:36,32.53,0.0,9,29284,卖盘
10:26:39,32.54,0.01,48,156184,买盘
10:26:42,32.53,-0.01,19,61812,卖盘
10:26:45,32.54,0.01,20,65071,买盘
10:26:48,32.54,0.0,14,45556,买盘
10:26:51,32.53,-0.01,9,29277,卖盘
10:26:54,32.55,0.02,81,263568,买盘
10:26:57,32.55,0.0,40,130185,买盘
10:27:00,32.55,0.0,110,358031,买盘
10:27:03,32.56,0.01,82,266987,买盘
10:27:06,32.55,-0.01,40,130195,卖盘
10:27:09,32.56,0.01,169,550200,买盘
10:27:12,32.54,-0.02,19,61844,卖盘
10:27:15,32.54,0.0,4,13019,卖盘
10:27:18,32.54,0.0,30,97623,卖盘
10:27:20,32.54,0.0,6,19525,买盘
10:27:24,32.54,0.0,30,97628,卖盘
10:27:26,32.54,0.0,61,198488,买盘
10:27:30,32.53,-0.01,1,3253,卖盘
10:27:36,32.54,0.01,7,22778,卖盘
10:27:38,32.55,0.01,4,13020,买盘
10:27:42,32.54,-0.01,13,42311,卖盘
10:27:44,32.52,-0.02,114,370865,卖盘
10:27:48,32.53,0.01,40,130120,买盘
10:27:51,32.53,0.0,10,32530,买盘
10:27:54,32.52,-0.01,22,71544,卖盘
10:27:57,32.51,-0.01,19,61803,卖盘
10:27:59,32.52,0.01,10,32520,买盘
10:28:03,32.5,-0.02,285,926452,卖盘
10:28:06,32.51,0.01,1,3251,卖盘
10:28:09,32.55,0.04,29,94347,买盘
10:28:11,32.53,-0.02,8,26024,卖盘
10:28:15,32.53,0.0,1,3253,卖盘
10:28:18,32.54,0.01,2,6507,买盘
10:28:21,32.54,0.0,18,58561,买盘
10:28:24,32.52,-0.02,122,396803,卖盘
10:28:26,32.52,0.0,3,9756,买盘
10:28:30,32.52,0.0,22,71534,买盘
10:28:33,32.52,0.0,11,35772,买盘
10:28:36,32.52,0.0,59,191868,买盘
10:28:38,32.51,-0.01,13,42268,卖盘
10:28:42,32.51,0.0,53,172347,卖盘
10:28:44,32.53,0.02,16,52041,买盘
10:28:48,32.53,0.0,32,104088,买盘
10:28:51,32.53,0.0,12,39036,卖盘
10:28:54,32.53,0.0,15,48795,卖盘
10:28:56,32.55,0.02,226,735569,买盘
10:29:00,32.54,-0.01,64,208256,卖盘
10:29:03,32.54,0.0,47,152938,买盘
10:29:06,32.54,0.0,66,214861,卖盘
10:29:09,32.55,0.01,102,332109,卖盘
10:29:12,32.55,0.0,74,240924,卖盘
10:29:15,32.56,0.01,21,68358,买盘
10:29:18,32.59,0.03,762,2480770,买盘
10:29:23,32.6,0.01,44,143418,买盘
10:29:27,32.61,0.01,182,592775,买盘
10:29:30,32.61,0.0,25,81511,买盘
10:29:33,32.62,0.01,314,1024189,买盘
10:29:39,32.62,0.0,23,75028,卖盘
10:29:41,32.63,0.01,83,270828,买盘
10:29:45,32.62,-0.01,15,48949,卖盘
10:29:48,32.64,0.02,683,2229815,买盘
10:29:51,32.64,0.0,33,107691,买盘
10:29:54,32.63,-0.01,32,104416,卖盘
10:29:57,32.67,0.04,329,1074254,买盘
10:30:00,32.66,-0.01,47,153502,卖盘
10:30:03,32.67,0.01,148,483522,买盘
10:30:05,32.68,0.01,89,290796,买盘
10:30:09,32.69,0.01,1124,3673222,买盘
10:30:12,32.7,0.01,1471,4809795,买盘
10:30:15,32.7,0.0,1924,6294480,买盘
10:30:18,32.73,0.03,1003,3283237,买盘
10:30:21,32.76,0.03,980,3209501,买盘
10:30:24,32.76,0.0,254,832215,买盘
10:30:27,32.8,0.04,1118,3665557,买盘
10:30:30,32.75,-0.05,900,2948397,卖盘
10:30:33,32.8,0.05,51,167222,买盘
10:30:36,32.76,-0.04,131,429399,卖盘
10:30:39,32.77,0.01,658,2156524,买盘
10:30:42,32.76,-0.01,47,154030,卖盘
10:30:45,32.77,0.01,436,1428860,买盘
10:30:48,32.77,0.0,290,950378,卖盘
10:30:51,32.76,-0.01,372,1219072,买盘
10:30:54,32.76,0.0,53,173652,卖盘
10:30:57,32.79,0.03,61,199915,买盘
10:30:59,32.76,-0.03,152,497955,卖盘
10:31:03,32.75,-0.01,159,520747,卖盘
10:31:06,32.75,0.0,90,294729,买盘
10:31:09,32.71,-0.04,626,2050102,中性盘
10:31:12,32.75,0.04,203,664767,买盘
10:31:15,32.74,-0.01,11,35991,买盘
10:31:18,32.75,0.01,141,461707,买盘
10:31:21,32.71,-0.04,51,166935,卖盘
10:31:24,32.7,-0.01,25,81778,卖盘
10:31:27,32.71,0.01,62,202792,买盘
10:31:30,32.74,0.03,248,811440,买盘
10:31:33,32.71,-0.03,59,192995,卖盘
10:31:36,32.71,0.0,89,291146,卖盘
10:31:39,32.71,0.0,28,91575,买盘
10:31:41,32.73,0.02,163,533156,买盘
10:31:45,32.73,0.0,311,1017301,买盘
10:31:48,32.7,-0.03,119,389335,卖盘
10:31:51,32.72,0.02,187,611745,中性盘
10:31:54,32.71,-0.01,11,35983,卖盘
10:31:57,32.72,0.01,28,91601,买盘
10:31:59,32.73,0.01,405,1325279,买盘
10:32:03,32.71,-0.02,75,245323,卖盘
10:32:06,32.71,0.0,45,147161,买盘
10:32:08,32.71,0.0,126,412156,买盘
10:32:12,32.73,0.02,171,559595,买盘
10:32:15,32.73,0.0,82,268386,卖盘
10:32:18,32.72,-0.01,101,330525,卖盘
10:32:20,32.73,0.01,43,140714,买盘
10:32:24,32.73,0.0,34,111257,卖盘
10:32:27,32.73,0.0,104,340307,买盘
10:32:30,32.73,0.0,173,566219,买盘
10:32:33,32.72,-0.01,30,98164,卖盘
10:32:36,32.73,0.01,226,739536,买盘
10:32:39,32.72,-0.01,398,1302642,卖盘
10:32:42,32.73,0.01,277,906570,买盘
10:32:44,32.73,0.0,270,883912,卖盘
10:32:48,32.73,0.0,430,1407435,卖盘
10:32:50,32.73,0.0,107,350227,卖盘
10:32:54,32.73,0.0,204,667871,卖盘
10:32:57,32.74,0.01,72,235707,买盘
10:32:59,32.75,0.01,244,798947,买盘
10:33:03,32.73,-0.02,285,932996,卖盘
10:33:06,32.73,0.0,11,36003,买盘
10:33:09,32.74,0.01,238,779056,买盘
10:33:12,32.73,-0.01,34,111311,卖盘
10:33:14,32.73,0.0,44,144012,卖盘
10:33:18,32.73,0.0,13,42554,卖盘
10:33:21,32.73,0.0,124,405855,卖盘
10:33:23,32.73,0.0,152,497504,卖盘
10:33:27,32.73,0.0,294,962516,卖盘
10:33:30,32.72,-0.01,15,49080,卖盘
10:33:33,32.72,0.0,54,176693,卖盘
10:33:35,32.72,0.0,110,359951,卖盘
10:33:39,32.71,-0.01,7,22901,卖盘
10:33:42,32.72,0.01,25,81797,买盘
10:33:44,32.72,0.0,13,42527,买盘
10:33:48,32.71,-0.01,24,78492,卖盘
10:33:51,32.71,0.0,137,448143,买盘
10:33:53,32.72,0.01,166,542999,买盘
10:33:57,32.71,-0.01,35,114485,卖盘
10:34:00,32.72,0.01,163,533258,买盘
10:34:03,32.71,-0.01,453,1481764,卖盘
10:34:05,32.71,0.0,59,193029,买盘
10:34:09,32.72,0.01,268,876571,买盘
10:34:11,32.72,0.0,76,248672,卖盘
10:34:15,32.72,0.0,22,71984,卖盘
10:34:18,32.72,0.0,66,215952,卖盘
10:34:21,32.72,0.0,12,39256,买盘
10:34:24,32.72,0.0,27,88333,买盘
10:34:27,32.72,0.0,38,124301,买盘
10:34:30,32.72,0.0,151,494059,买盘
10:34:33,32.72,0.0,15,49077,买盘
10:34:36,32.72,0.0,81,265002,买盘
10:34:39,32.7,-0.02,482,1576291,卖盘
10:34:42,32.72,0.02,228,745616,买盘
10:34:45,32.71,-0.01,20,65419,买盘
10:34:47,32.7,-0.01,12,39246,卖盘
10:34:51,32.7,0.0,37,120980,买盘
10:34:54,32.7,0.0,103,336710,买盘
10:34:56,32.7,0.0,11,35969,买盘
10:35:00,32.7,0.0,155,506772,买盘
10:35:03,32.69,-0.01,214,699690,卖盘
10:35:06,32.69,0.0,125,408732,卖盘
10:35:09,32.69,0.0,265,866542,卖盘
10:35:12,32.69,0.0,6,19614,卖盘
10:35:15,32.69,0.0,37,120953,卖盘
10:35:18,32.7,0.01,326,1065946,买盘
10:35:21,32.69,-0.01,27,88263,中性盘
10:35:24,32.69,0.0,18,58842,卖盘
10:35:27,32.69,0.0,13,42497,卖盘
10:35:30,32.68,-0.01,15,49023,卖盘
10:35:33,32.69,0.01,75,245112,买盘
10:35:36,32.7,0.01,395,1291629,买盘
10:35:39,32.7,0.0,45,147150,卖盘
10:35:42,32.7,0.0,44,143882,卖盘
10:35:45,32.7,0.0,9,29430,卖盘
10:35:48,32.7,0.0,13,42510,卖盘
10:35:51,32.71,0.01,58,189674,买盘
10:35:54,32.7,-0.01,147,480692,卖盘
10:35:57,32.7,0.0,31,101370,卖盘
10:36:00,32.71,0.01,87,284564,买盘
10:36:03,32.71,0.0,34,111214,买盘
10:36:06,32.71,0.0,88,287848,卖盘
10:36:08,32.71,0.0,275,899724,卖盘
10:36:12,32.71,0.0,64,209389,卖盘
10:36:15,32.72,0.01,362,1184463,买盘
10:36:17,32.73,0.01,174,569482,买盘
10:36:21,32.72,-0.01,235,769149,卖盘
10:36:24,32.72,0.0,142,464750,卖盘
10:36:26,32.73,0.01,36,117828,买盘
10:36:30,32.74,0.01,61,199714,买盘
10:36:33,32.73,-0.01,3,9819,卖盘
10:36:36,32.74,0.01,103,337181,买盘
10:36:39,32.74,0.0,34,111313,买盘
10:36:42,32.73,-0.01,67,219357,卖盘
10:36:44,32.74,0.01,54,176770,买盘
10:36:47,32.74,0.0,11,36014,买盘
10:36:51,32.74,0.0,49,160426,买盘
10:36:54,32.74,0.0,31,101494,卖盘
10:36:57,32.74,0.0,52,170298,卖盘
10:37:00,32.74,0.0,42,137512,卖盘
10:37:03,32.75,0.01,414,1355838,买盘
10:37:06,32.75,0.0,512,1676838,买盘
10:37:09,32.76,0.01,5,16379,买盘
10:37:12,32.77,0.01,296,969673,买盘
10:37:14,32.76,-0.01,35,114692,中性盘
10:37:17,32.77,0.01,12,39319,买盘
10:37:20,32.77,0.0,73,239213,买盘
10:37:24,32.8,0.03,1142,3744241,买盘
10:37:27,32.78,-0.02,18,58996,卖盘
10:37:30,32.79,0.01,21,68850,买盘
10:37:33,32.8,0.01,459,1505473,买盘
10:37:36,32.78,-0.02,235,770796,卖盘
10:37:39,32.78,0.0,140,459181,卖盘
10:37:42,32.79,0.01,284,931402,卖盘
10:37:45,32.78,-0.01,602,1974424,卖盘
10:37:48,32.79,0.01,75,245951,卖盘
10:37:51,32.8,0.01,1320,4329559,买盘
10:37:53,32.81,0.01,41,134511,买盘
10:37:57,32.8,-0.01,68,223044,卖盘
10:37:59,32.8,0.0,44,144351,卖盘
10:38:02,32.81,0.01,83,272347,买盘
10:38:06,32.8,-0.01,227,744780,卖盘
10:38:09,32.81,0.01,45,147660,中性盘
10:38:11,32.82,0.01,257,843445,买盘
10:38:15,32.81,-0.01,90,295359,卖盘
10:38:18,32.81,0.0,588,1929401,卖盘
10:38:21,32.79,-0.02,232,760779,卖盘
10:38:24,32.75,-0.04,945,3097841,卖盘
10:38:27,32.75,0.0,304,996053,卖盘
10:38:30,32.75,0.0,16,52400,卖盘
10:38:32,32.74,-0.01,112,366764,卖盘
10:38:36,32.74,0.0,282,923278,卖盘
10:38:39,32.74,0.0,207,677552,买盘
10:38:42,32.74,0.0,2,6548,买盘
10:38:44,32.72,-0.02,11,35993,卖盘
10:38:48,32.73,0.01,13,42548,买盘
10:38:51,32.73,0.0,18,58904,买盘
10:38:54,32.72,-0.01,518,1696344,卖盘
10:38:56,32.75,0.03,38,124425,买盘
10:39:00,32.76,0.01,48,157205,买盘
10:39:03,32.75,-0.01,92,301371,卖盘
10:39:06,32.76,0.01,11,36036,卖盘
10:39:08,32.76,0.0,3,9828,卖盘
10:39:12,32.76,0.0,30,98280,卖盘
10:39:15,32.76,0.0,8,26210,卖盘
10:39:18,32.76,0.0,61,199838,卖盘
10:39:21,32.76,0.0,383,1255247,卖盘
10:39:24,32.78,0.02,208,681764,买盘
10:39:26,32.78,0.0,12,39337,卖盘
10:39:30,32.78,0.0,39,127842,卖盘
10:39:33,32.79,0.01,9,29509,买盘
10:39:36,32.8,0.01,797,2613629,买盘
10:39:39,32.8,0.0,145,475600,卖盘
10:39:42,32.8,0.0,126,413375,卖盘
10:39:45,32.8,0.0,27,88567,卖盘
10:39:48,32.8,0.0,90,295204,卖盘
10:39:51,32.81,0.01,216,708616,买盘
10:39:53,32.81,0.0,16,52496,卖盘
10:39:57,32.81,0.0,269,882804,买盘
10:40:00,32.82,0.01,198,649748,买盘
10:40:02,32.82,0.0,41,134552,买盘
10:40:06,32.82,0.0,22,72194,买盘
10:40:09,32.82,0.0,129,423366,买盘
10:40:12,32.83,0.01,425,1395110,买盘
10:40:15,32.83,0.0,467,1533105,买盘
10:40:18,32.83,0.0,650,2134621,买盘
10:40:20,32.87,0.04,647,2125744,买盘
10:40:24,32.87,0.0,48,157708,买盘
10:40:27,32.86,-0.01,510,1676360,中性盘
10:40:29,32.87,0.01,85,279358,买盘
10:40:33,32.87,0.0,536,1761805,买盘
10:40:36,32.87,0.0,79,259666,买盘
10:40:38,32.86,-0.01,133,437147,卖盘
10:40:42,32.87,0.01,301,989480,买盘
10:40:45,32.87,0.0,33,108479,卖盘
10:40:48,32.87,0.0,89,292614,卖盘
10:40:50,32.89,0.02,1035,3403075,买盘
10:40:54,32.88,-0.01,24,78918,卖盘
10:40:57,32.9,0.02,366,1204065,买盘
10:40:59,32.89,-0.01,115,378238,卖盘
10:41:03,32.89,0.0,136,447407,卖盘
10:41:06,32.9,0.01,77,253276,买盘
10:41:09,32.89,-0.01,143,472338,卖盘
10:41:12,32.88,-0.01,721,2370708,卖盘
10:41:14,32.87,-0.01,362,1188246,卖盘
10:41:18,32.86,-0.01,71,233289,卖盘
10:41:20,32.83,-0.03,305,1002475,卖盘
10:41:23,32.84,0.01,1,3284,买盘
10:41:27,32.83,-0.01,55,180612,卖盘
10:41:30,32.84,0.01,28,91962,买盘
10:41:33,32.85,0.01,175,574692,买盘
10:41:36,32.83,-0.02,706,2319893,卖盘
10:41:38,32.85,0.02,38,124777,中性盘
10:41:45,32.85,0.0,38,124884,买盘
10:41:48,32.88,0.03,510,1676619,买盘
10:41:51,32.88,0.0,212,698971,买盘
10:41:54,32.88,0.0,50,164400,卖盘
10:41:57,32.88,0.0,159,522792,卖盘
10:41:59,32.88,0.0,158,519579,卖盘
10:42:03,32.88,0.0,41,134829,卖盘
10:42:06,32.88,0.0,158,519511,卖盘
10:42:08,32.89,0.01,249,818749,买盘
10:42:11,32.88,-0.01,189,619436,卖盘
10:42:15,32.88,0.0,32,105194,买盘
10:42:18,32.88,0.0,19,62472,买盘
10:42:21,32.88,0.0,37,121656,买盘
10:42:23,32.85,-0.03,70,229970,卖盘
10:42:26,32.86,0.01,39,128143,中性盘
10:42:30,32.88,0.02,571,1877450,买盘
10:42:33,32.88,0.0,202,664206,卖盘
10:42:36,32.86,-0.02,56,184106,卖盘
10:42:39,32.88,0.02,311,1022502,买盘
10:42:42,32.88,0.0,53,174264,卖盘
10:42:45,32.87,-0.01,79,259612,中性盘
10:42:48,32.88,0.01,466,1532209,买盘
10:42:51,32.88,0.0,46,151248,买盘
10:42:54,32.86,-0.02,13,42720,中性盘
10:42:56,32.86,0.0,13,42718,卖盘
10:43:00,32.87,0.01,28,92010,买盘
10:43:02,32.87,0.0,85,279404,买盘
10:43:06,32.88,0.01,316,1038986,买盘
10:43:08,32.88,0.0,130,427410,买盘
10:43:12,32.88,0.0,152,499764,买盘
10:43:15,32.88,0.0,239,786032,卖盘
10:43:18,32.88,0.0,347,1143115,卖盘
10:43:21,32.9,0.02,104,342116,买盘
10:43:23,32.89,-0.01,831,2734167,中性盘
10:43:27,32.89,0.0,50,164474,卖盘
10:43:30,32.92,0.03,135,444230,买盘
10:43:33,32.92,0.0,51,167836,买盘
10:43:36,32.9,-0.02,336,1106465,卖盘
10:43:38,32.92,0.02,35,115199,中性盘
10:43:42,32.92,0.0,24,79024,卖盘
10:43:45,32.92,0.0,18,59282,卖盘
10:43:48,32.94,0.02,47,154798,买盘
10:43:51,32.95,0.01,220,724673,买盘
10:43:54,32.95,0.0,519,1710100,买盘
10:43:57,32.97,0.02,650,2142277,买盘
10:44:00,32.96,-0.01,103,339512,卖盘
10:44:03,32.96,0.0,95,313132,卖盘
10:44:06,32.96,0.0,82,270321,买盘
10:44:09,32.96,0.0,160,527495,卖盘
10:44:11,32.96,0.0,89,293407,买盘
10:44:15,32.95,-0.01,255,840689,卖盘
10:44:18,32.97,0.02,260,857224,买盘
10:44:21,32.96,-0.01,177,583484,卖盘
10:44:24,32.96,0.0,153,504322,卖盘
10:44:27,32.96,0.0,103,339507,卖盘
10:44:30,32.94,-0.02,618,2036851,卖盘
10:44:33,32.95,0.01,68,223993,买盘
10:44:35,32.94,-0.01,3,9882,中性盘
10:44:39,32.94,0.0,147,484226,中性盘
10:44:42,32.93,-0.01,83,273388,卖盘
10:44:45,32.93,0.0,70,230542,卖盘
10:44:48,32.93,0.0,8,26355,卖盘
10:44:51,32.93,0.0,65,214081,卖盘
10:44:54,32.95,0.02,186,612697,买盘
10:44:57,32.95,0.0,102,336090,卖盘
10:45:00,32.95,0.0,168,553581,卖盘
10:45:02,32.96,0.01,591,1947819,买盘
10:45:06,32.95,-0.01,56,184505,买盘
10:45:09,32.95,0.0,30,98854,买盘
10:45:12,32.94,-0.01,13,42822,卖盘
10:45:15,32.95,0.01,72,237179,买盘
10:45:17,32.94,-0.01,71,233905,卖盘
10:45:21,32.94,0.0,72,237173,卖盘
10:45:23,32.94,0.0,4,13176,买盘
10:45:27,32.94,0.0,22,72468,买盘
10:45:30,32.94,0.0,174,573129,买盘
10:45:33,32.93,-0.01,58,190994,卖盘
10:45:36,32.92,-0.01,77,253545,卖盘
10:45:38,32.93,0.01,127,418246,中性盘
10:45:43,32.93,0.0,14,46108,买盘
10:45:45,32.94,0.01,39,128440,买盘
10:45:48,32.94,0.0,27,88915,买盘
10:45:51,32.93,-0.01,48,158066,卖盘
10:45:54,32.94,0.01,78,256868,买盘
10:45:56,32.93,-0.01,128,421565,卖盘
10:45:59,32.93,0.0,36,118516,买盘
10:46:03,32.92,-0.01,37,121806,卖盘
10:46:06,32.92,0.0,196,645232,卖盘
10:46:08,32.92,0.0,16,52672,买盘
10:46:12,32.92,0.0,122,401534,买盘
10:46:14,32.9,-0.02,66,217204,卖盘
10:46:18,32.91,0.01,104,342241,买盘
10:46:21,32.91,0.0,502,1651588,买盘
10:46:24,32.9,-0.01,33,108571,卖盘
10:46:27,32.88,-0.02,74,243330,卖盘
10:46:30,32.89,0.01,45,148003,中性盘
10:46:32,32.9,0.01,187,614911,买盘
10:46:36,32.88,-0.02,69,226872,卖盘
10:46:39,32.88,0.0,44,144672,卖盘
10:46:42,32.87,-0.01,121,397729,卖盘
10:46:45,32.88,0.01,108,355024,买盘
10:46:48,32.86,-0.02,170,558785,卖盘
10:46:51,32.87,0.01,33,108463,买盘
10:46:54,32.86,-0.01,66,216915,卖盘
10:46:57,32.87,0.01,77,253059,买盘
10:47:00,32.86,-0.01,53,174159,卖盘
10:47:03,32.86,0.0,119,391079,卖盘
10:47:05,32.86,0.0,71,233333,卖盘
10:47:09,32.86,0.0,78,256313,卖盘
10:47:11,32.85,-0.01,32,105150,卖盘
10:47:15,32.85,0.0,65,213575,卖盘
10:47:18,32.85,0.0,65,213574,卖盘
10:47:21,32.85,0.0,26,85413,卖盘
10:47:24,32.85,0.0,22,72270,卖盘
10:47:27,32.86,0.01,739,2428290,买盘
10:47:30,32.87,0.01,737,2421510,买盘
10:47:33,32.86,-0.01,20,65727,卖盘
10:47:35,32.86,0.0,111,364693,卖盘
10:47:39,32.84,-0.02,274,899999,卖盘
10:47:41,32.86,0.02,286,939242,买盘
10:47:45,32.85,-0.01,25,82146,中性盘
10:47:48,32.84,-0.01,5,16420,卖盘
10:47:50,32.83,-0.01,59,193755,卖盘
10:47:54,32.84,0.01,6,19704,中性盘
10:47:57,32.8,-0.04,740,2428426,卖盘
10:48:00,32.84,0.04,31,101806,中性盘
10:48:03,32.84,0.0,66,216798,卖盘
10:48:06,32.84,0.0,80,262701,卖盘
10:48:09,32.83,-0.01,85,279136,卖盘
10:48:13,32.83,0.0,31,101773,买盘
10:48:15,32.81,-0.02,83,272377,卖盘
10:48:18,32.81,0.0,31,101722,卖盘
10:48:21,32.83,0.02,20,65659,买盘
10:48:24,32.84,0.01,250,820907,买盘
10:48:27,32.84,0.0,25,82064,买盘
10:48:30,32.83,-0.01,52,170718,卖盘
10:48:33,32.84,0.01,230,755272,买盘
10:48:36,32.82,-0.02,228,748970,卖盘
10:48:40,32.82,0.0,226,742737,卖盘
10:48:42,32.88,0.06,94,309062,买盘
10:48:45,32.88,0.0,33,108504,卖盘
10:48:48,32.88,0.0,21,69064,卖盘
10:48:52,32.89,0.01,36,118398,买盘
10:48:54,32.88,-0.01,70,230165,卖盘
10:48:57,32.88,0.0,54,177556,卖盘
10:48:59,32.88,0.0,32,105233,卖盘
10:49:03,32.88,0.0,100,328839,卖盘
10:49:05,32.88,0.0,23,75624,卖盘
10:49:09,32.88,0.0,38,124978,卖盘
10:49:12,32.88,0.0,97,317022,卖盘
10:49:16,32.88,0.0,68,223634,卖盘
10:49:18,32.89,0.01,121,397881,买盘
10:49:20,32.88,-0.01,25,82220,卖盘
10:49:24,32.89,0.01,47,154565,买盘
10:49:26,32.9,0.01,42,138130,买盘
10:49:30,32.89,-0.01,20,65780,卖盘
10:49:33,32.89,0.0,17,55913,买盘
10:49:36,32.89,0.0,142,466940,买盘
10:49:39,32.89,0.0,22,72358,卖盘
10:49:43,32.9,0.01,38,124995,买盘
10:49:45,32.89,-0.01,49,161170,卖盘
10:49:48,32.89,0.0,24,78936,卖盘
10:49:52,32.89,0.0,87,286144,卖盘
10:49:54,32.89,0.0,97,319039,卖盘
10:49:57,32.89,0.0,155,509895,卖盘
10:50:00,32.89,0.0,63,207222,卖盘
10:50:03,32.89,0.0,60,197341,卖盘
10:50:06,32.89,0.0,83,273009,卖盘
10:50:09,32.89,0.0,29,95381,买盘
10:50:12,32.88,-0.01,47,154538,卖盘
10:50:16,32.88,0.0,61,200569,卖盘
10:50:18,32.88,0.0,47,154556,卖盘
10:50:21,32.88,0.0,124,407712,买盘
10:50:23,32.87,-0.01,10,32870,卖盘
10:50:28,32.87,0.0,7,23007,买盘
10:50:29,32.85,-0.02,42,137996,卖盘
10:50:33,32.85,0.0,13,42705,买盘
10:50:36,32.83,-0.02,21,68943,卖盘
10:50:39,32.83,0.0,21,68943,卖盘
10:50:42,32.83,0.0,12,39396,卖盘
10:50:45,32.83,0.0,16,52528,卖盘
10:50:48,32.88,0.05,528,1735521,买盘
10:50:52,32.83,-0.05,91,298710,卖盘
10:50:54,32.82,-0.01,38,124818,卖盘
10:50:58,32.84,0.02,26,85390,中性盘
10:51:00,32.83,-0.01,30,98496,卖盘
10:51:03,32.82,-0.01,18,59093,卖盘
10:51:06,32.83,0.01,13,42674,买盘
10:51:09,32.85,0.02,11,36131,买盘
10:51:12,32.84,-0.01,63,206890,卖盘
10:51:15,32.84,0.0,34,111677,卖盘
10:51:18,32.88,0.04,377,1239032,买盘
10:51:21,32.85,-0.03,20,65714,卖盘
10:51:23,32.85,0.0,2,6570,买盘
10:51:27,32.85,0.0,23,75552,买盘
10:51:29,32.85,0.0,42,137970,卖盘
10:51:33,32.85,0.0,27,88697,卖盘
10:51:36,32.85,0.0,23,75557,卖盘
10:51:40,32.85,0.0,24,78837,卖盘
10:51:41,32.84,-0.01,14,45989,卖盘
10:51:45,32.85,0.01,250,821229,买盘
10:51:48,32.84,-0.01,51,167484,卖盘
10:51:50,32.84,0.0,15,49253,中性盘
10:51:54,32.84,0.0,31,101831,买盘
10:51:58,32.83,-0.01,13,42682,卖盘
10:52:00,32.85,0.02,174,571271,买盘
10:52:04,32.83,-0.02,20,65684,卖盘
10:52:06,32.82,-0.01,21,68941,中性盘
10:52:13,32.81,-0.01,61,200176,卖盘
10:52:16,32.83,0.02,48,157576,买盘
10:52:18,32.82,-0.01,9,29538,买盘
10:52:22,32.81,-0.01,34,111566,卖盘
10:52:23,32.81,0.0,154,505316,卖盘
10:52:28,32.81,0.0,48,157489,卖盘
10:52:29,32.8,-0.01,189,620107,卖盘
10:52:33,32.8,0.0,24,78736,卖盘
10:52:36,32.8,0.0,98,321440,卖盘
10:52:40,32.8,0.0,27,88560,卖盘
10:52:43,32.8,0.0,2208,7242250,卖盘
10:52:45,32.79,-0.01,32,104943,卖盘
10:52:48,32.78,-0.01,1,3278,卖盘
10:52:50,32.78,0.0,22,72122,卖盘
10:52:54,32.78,0.0,15,49170,卖盘
10:52:58,32.79,0.01,23,75402,买盘
10:53:00,32.78,-0.01,31,101612,卖盘
10:53:04,32.77,-0.01,75,245782,卖盘
10:53:06,32.77,0.0,20,65545,卖盘
10:53:09,32.77,0.0,27,88481,卖盘
10:53:12,32.77,0.0,125,409757,卖盘
10:53:14,32.78,0.01,47,154032,买盘
10:53:19,32.79,0.01,27,88506,买盘
10:53:21,32.78,-0.01,68,222857,中性盘
10:53:24,32.78,0.0,98,321189,卖盘
10:53:28,32.76,-0.02,19,62279,卖盘
10:53:30,32.77,0.01,5,16385,中性盘
10:53:33,32.77,0.0,21,68817,买盘
10:53:36,32.76,-0.01,30,98294,卖盘
10:53:40,32.76,0.0,106,347357,卖盘
10:53:43,32.77,0.01,79,258839,中性盘
10:53:46,32.76,-0.01,29,95015,卖盘
10:53:48,32.77,0.01,32,104854,买盘
10:53:52,32.76,-0.01,70,229321,卖盘
10:53:54,32.77,0.01,78,255649,买盘
10:53:56,32.77,0.0,43,140916,卖盘
10:54:00,32.77,0.0,6,19662,买盘
10:54:04,32.77,0.0,43,140910,买盘
10:54:06,32.77,0.0,6,19663,卖盘
10:54:09,32.77,0.0,8,26216,卖盘
10:54:13,32.78,0.01,66,216311,买盘
10:54:16,32.78,0.0,6,19668,卖盘
10:54:18,32.79,0.01,507,1661523,买盘
10:54:21,32.78,-0.01,13,42614,卖盘
10:54:23,32.78,0.0,27,88506,卖盘
10:54:28,32.78,0.0,21,68849,卖盘
10:54:31,32.78,0.0,12,39338,卖盘
10:54:33,32.78,0.0,2,6557,卖盘
10:54:37,32.77,-0.01,76,249127,卖盘
10:54:40,32.77,0.0,8,26216,卖盘
10:54:41,32.78,0.01,13,42612,买盘
10:54:46,32.77,-0.01,1,3277,卖盘
10:54:48,32.77,0.0,39,127803,卖盘
10:54:52,32.77,0.0,109,357207,卖盘
10:54:54,32.77,0.0,28,91756,买盘
10:54:58,32.76,-0.01,75,245700,卖盘
10:54:59,32.77,0.01,12,39323,买盘
10:55:03,32.77,0.0,2,6553,买盘
10:55:07,32.76,-0.01,44,144145,卖盘
10:55:10,32.76,0.0,4,13104,买盘
10:55:13,32.76,0.0,139,455364,买盘
10:55:16,32.76,0.0,6,19656,卖盘
10:55:18,32.76,0.0,17,55692,卖盘
10:55:21,32.76,0.0,114,373464,卖盘
10:55:24,32.77,0.01,21,68805,买盘
10:55:28,32.76,-0.01,99,324328,卖盘
10:55:29,32.77,0.01,376,1232151,买盘
10:55:33,32.76,-0.01,156,511056,卖盘
10:55:36,32.75,-0.01,10,32752,卖盘
10:55:40,32.76,0.01,5,16377,买盘
10:55:43,32.75,-0.01,22,72051,卖盘
10:55:46,32.76,0.01,59,193271,买盘
10:55:49,32.76,0.0,1,3276,买盘
10:55:50,32.75,-0.01,50,163750,卖盘
10:55:54,32.73,-0.02,8,26185,卖盘
10:55:58,32.74,0.01,1,3274,中性盘
10:56:00,32.75,0.01,106,347144,买盘
10:56:04,32.74,-0.01,165,540284,卖盘
10:56:06,32.7,-0.04,600,1962466,卖盘
10:56:13,32.74,0.04,76,248753,买盘
10:56:16,32.73,-0.01,17,55641,卖盘
10:56:18,32.73,0.0,13,42551,卖盘
10:56:22,32.73,0.0,44,144022,卖盘
10:56:24,32.73,0.0,18,58926,卖盘
10:56:28,32.73,0.0,1,3273,卖盘
10:56:29,32.73,0.0,12,39276,卖盘
10:56:34,32.74,0.01,25,81826,买盘
10:56:36,32.73,-0.01,25,81830,卖盘
10:56:40,32.73,0.0,5,16365,卖盘
10:56:43,32.75,0.02,207,677829,买盘
10:56:45,32.7,-0.05,404,1321558,卖盘
10:56:49,32.74,0.04,3,9822,中性盘
10:56:52,32.73,-0.01,19,62195,卖盘
10:56:55,32.71,-0.02,4,13095,卖盘
10:56:56,32.75,0.04,115,376583,买盘
10:57:01,32.74,-0.01,43,140786,中性盘
10:57:04,32.74,0.0,40,130961,卖盘
10:57:05,32.74,0.0,2,6548,卖盘
10:57:10,32.75,0.01,15,49116,买盘
10:57:13,32.74,-0.01,165,540341,卖盘
10:57:16,32.74,0.0,58,189895,卖盘
10:57:18,32.74,0.0,9,29466,买盘
10:57:22,32.73,-0.01,4,13094,卖盘
10:57:24,32.73,0.0,25,81825,卖盘
10:57:28,32.73,0.0,14,45822,买盘
10:57:30,32.72,-0.01,12,39271,卖盘
10:57:34,32.73,0.01,16,52360,买盘
10:57:37,32.72,-0.01,2,6545,卖盘
10:57:43,32.72,0.0,8,26177,卖盘
10:57:45,32.72,0.0,22,71987,卖盘
10:57:48,32.72,0.0,63,206136,卖盘
10:57:52,32.73,0.01,11,36002,买盘
10:57:54,32.72,-0.01,20,65440,卖盘
10:57:58,32.72,0.0,7,22904,卖盘
10:58:00,32.73,0.01,123,402483,买盘
10:58:04,32.73,0.0,16,52368,卖盘
10:58:06,32.73,0.0,18,58914,卖盘
10:58:09,32.74,0.01,15,49098,买盘
10:58:13,32.74,0.0,74,242276,买盘
10:58:16,32.72,-0.02,63,206141,卖盘
10:58:19,32.72,0.0,39,127600,买盘
10:58:20,32.72,0.0,19,62168,买盘
10:58:23,32.7,-0.02,214,700044,卖盘
10:58:28,32.72,0.02,5,16360,卖盘
10:58:30,32.72,0.0,23,75256,买盘
10:58:34,32.73,0.01,58,189832,买盘
10:58:37,32.74,0.01,141,461499,买盘
10:58:40,32.72,-0.02,6,19634,卖盘
10:58:41,32.73,0.01,50,163650,买盘
10:58:46,32.73,0.0,19,62187,卖盘
10:58:48,32.73,0.0,11,36003,卖盘
10:58:53,32.73,0.0,14,45822,卖盘
10:58:58,32.74,0.01,38,124379,买盘
10:59:00,32.74,0.0,72,235688,买盘
10:59:04,32.75,0.01,28,91700,买盘
10:59:06,32.75,0.0,28,91700,卖盘
10:59:10,32.76,0.01,2,6551,买盘
10:59:13,32.77,0.01,77,252261,买盘
10:59:16,32.76,-0.01,2,6552,卖盘
10:59:18,32.76,0.0,4,13104,卖盘
10:59:22,32.76,0.0,8,26215,卖盘
10:59:25,32.77,0.01,5,16382,买盘
10:59:26,32.77,0.0,21,68817,买盘
10:59:30,32.76,-0.01,13,42595,卖盘
10:59:34,32.77,0.01,3,9830,买盘
10:59:37,32.77,0.0,15,49155,卖盘
10:59:40,32.78,0.01,16,52438,买盘
10:59:43,32.77,-0.01,5,16385,卖盘
10:59:44,32.77,0.0,1,3277,卖盘
10:59:49,32.78,0.01,11,36053,买盘
10:59:52,32.78,0.0,12,39334,买盘
10:59:54,32.77,-0.01,269,881558,卖盘
10:59:58,32.78,0.01,36,118004,买盘
11:00:00,32.77,-0.01,14,45889,卖盘
11:00:04,32.77,0.0,161,527757,卖盘
11:00:06,32.78,0.01,20,65557,买盘
11:00:10,32.78,0.0,101,331028,买盘
11:00:13,32.78,0.0,9,29494,买盘
11:00:15,32.77,-0.01,5,16385,卖盘
11:00:18,32.78,0.01,166,543987,买盘
11:00:21,32.77,-0.01,221,724222,卖盘
11:00:24,32.77,0.0,227,743879,卖盘
11:00:28,32.77,0.0,516,1690936,卖盘
11:00:30,32.77,0.0,209,685716,卖盘
11:00:34,32.77,0.0,38,123715,卖盘
11:00:37,32.75,-0.02,113,370154,卖盘
11:00:40,32.74,-0.01,97,317711,卖盘
11:00:41,32.74,0.0,9,29466,买盘
11:00:46,32.76,0.02,21,68780,买盘
11:00:49,32.75,-0.01,53,173575,卖盘
11:00:52,32.75,0.0,67,219425,卖盘
11:00:53,32.75,0.0,13,42575,买盘
11:01:00,32.75,0.0,32,104788,买盘
11:01:04,32.75,0.0,92,301299,买盘
11:01:06,32.74,-0.01,116,379786,卖盘
11:01:09,32.74,0.0,2,6549,卖盘
11:01:13,32.75,0.01,258,844944,买盘
11:01:16,32.74,-0.01,110,360232,卖盘
11:01:18,32.75,0.01,16,52388,买盘
11:01:22,32.74,-0.01,34,111347,卖盘
11:01:25,32.74,0.0,3,9822,卖盘
11:01:31,32.75,0.01,4,13098,买盘
11:01:34,32.75,0.0,3,9824,买盘
11:01:37,32.74,-0.01,6,19648,卖盘
11:01:40,32.74,0.0,66,216071,卖盘
11:01:43,32.74,0.0,14,45836,买盘
11:01:46,32.74,0.0,6,19644,买盘
11:01:49,32.74,0.0,11,36011,买盘
11:01:52,32.73,-0.01,5,16365,卖盘
11:01:53,32.74,0.01,4,13095,买盘
11:01:58,32.73,-0.01,8,26184,卖盘
11:02:01,32.73,0.0,42,137466,卖盘
11:02:04,32.73,0.0,109,356757,买盘
11:02:06,32.72,-0.01,110,359928,卖盘
11:02:10,32.73,0.01,3,9819,买盘
11:02:12,32.73,0.0,103,337119,买盘
11:02:16,32.72,-0.01,3,9816,卖盘
11:02:18,32.72,0.0,17,55636,卖盘
11:02:22,32.72,0.0,12,39264,卖盘
11:02:25,32.72,0.0,2,6544,卖盘
11:02:28,32.73,0.01,16,52354,买盘
11:02:30,32.72,-0.01,28,91619,卖盘
11:02:33,32.73,0.01,6,19633,买盘
11:02:37,32.72,-0.01,12,39265,卖盘
11:02:38,32.72,0.0,18,58896,买盘
11:02:43,32.71,-0.01,19,62149,卖盘
11:02:49,32.72,0.01,24,78510,买盘
11:02:51,32.71,-0.01,16,52340,卖盘
11:02:54,32.71,0.0,43,140654,卖盘
11:02:58,32.71,0.0,109,356542,卖盘
11:03:00,32.72,0.01,89,291204,买盘
11:03:04,32.72,0.0,21,68705,买盘
11:03:07,32.71,-0.01,40,130840,卖盘
11:03:10,32.71,0.0,1,3271,买盘
11:03:13,32.71,0.0,75,245325,买盘
11:03:16,32.7,-0.01,1,3270,卖盘
11:03:19,32.7,0.0,79,258396,卖盘
11:03:22,32.71,0.01,31,101392,买盘
11:03:24,32.72,0.01,41,134093,买盘
11:03:26,32.71,-0.01,8,26170,买盘
11:03:30,32.71,0.0,11,35983,卖盘
11:03:34,32.72,0.01,18,58896,买盘
11:03:36,32.72,0.0,50,163600,买盘
11:03:39,32.71,-0.01,90,294461,卖盘
11:03:42,32.72,0.01,2,6544,买盘
11:03:44,32.71,-0.01,33,107967,卖盘
11:03:49,32.73,0.02,46,150539,买盘
11:03:52,32.73,0.0,106,346938,买盘
11:03:55,32.72,-0.01,3,9817,卖盘
11:03:57,32.73,0.01,9,29449,买盘
11:04:01,32.72,-0.01,149,487409,卖盘
11:04:04,32.73,0.01,24,78543,买盘
11:04:06,32.73,0.0,5,16362,买盘
11:04:10,32.72,-0.01,6,19632,卖盘
11:04:12,32.73,0.01,16,52368,买盘
11:04:14,32.73,0.0,13,42549,卖盘
11:04:19,32.73,0.0,5,16365,卖盘
11:04:22,32.73,0.0,33,108027,卖盘
11:04:25,32.73,0.0,9,29457,卖盘
11:04:26,32.74,0.01,12,39284,买盘
11:04:31,32.74,0.0,5,16366,买盘
11:04:33,32.74,0.0,6,19642,买盘
11:04:37,32.73,-0.01,12,39278,卖盘
11:04:39,32.74,0.01,5,16370,买盘
11:04:41,32.74,0.0,6,19642,买盘
11:04:46,32.74,0.0,47,153878,买盘
11:04:48,32.74,0.0,24,78575,买盘
11:04:52,32.74,0.0,27,88396,买盘
11:04:53,32.74,0.0,6,19644,买盘
11:05:00,32.73,-0.01,98,320848,卖盘
11:05:03,32.73,0.0,25,81839,卖盘
11:05:07,32.74,0.01,5,16370,买盘
11:05:10,32.75,0.01,170,556625,买盘
11:05:15,32.74,-0.01,4,13097,卖盘
11:05:18,32.74,0.0,2,6548,卖盘
11:05:21,32.75,0.01,57,186668,买盘
11:05:25,32.74,-0.01,22,72033,卖盘
11:05:28,32.75,0.01,17,55670,买盘
11:05:29,32.75,0.0,99,324131,买盘
11:05:34,32.74,-0.01,1,3274,卖盘
11:05:37,32.75,0.01,7,22920,买盘
11:05:40,32.74,-0.01,11,36024,卖盘
11:05:43,32.75,0.01,12,39299,买盘
11:05:46,32.75,0.0,3,9823,买盘
11:05:48,32.75,0.0,35,114611,买盘
11:05:52,32.74,-0.01,85,278292,卖盘
11:05:54,32.74,0.0,21,68760,卖盘
11:05:58,32.74,0.0,32,104768,卖盘
11:06:01,32.75,0.01,87,284925,买盘
11:06:03,32.75,0.0,33,108072,买盘
11:06:05,32.75,0.0,1,3275,买盘
11:06:09,32.75,0.0,3,9823,买盘
11:06:12,32.75,0.0,133,435550,买盘
11:06:15,32.74,-0.01,21,68764,卖盘
11:06:22,32.74,0.0,6,19644,卖盘
11:06:24,32.75,0.01,8,26198,买盘
11:06:27,32.75,0.0,101,330774,买盘
11:06:29,32.75,0.0,208,681198,买盘
11:06:33,32.75,0.0,7,22923,买盘
11:06:37,32.75,0.0,18,58947,买盘
11:06:40,32.74,-0.01,10,32746,卖盘
11:06:41,32.74,0.0,4,13099,卖盘
11:06:45,32.75,0.01,6,19650,买盘
11:06:48,32.75,0.0,17,55672,买盘
11:06:51,32.75,0.0,14,45850,买盘
11:06:54,32.75,0.0,22,72050,买盘
11:06:58,32.75,0.0,7,22923,买盘
11:07:00,32.76,0.01,188,615784,买盘
11:07:03,32.75,-0.01,58,189955,卖盘
11:07:06,32.76,0.01,10,32759,买盘
11:07:09,32.75,-0.01,69,225975,卖盘
11:07:13,32.76,0.01,35,114655,买盘
11:07:14,32.76,0.0,42,137608,卖盘
11:07:22,32.76,0.0,4,13104,卖盘
11:07:25,32.76,0.0,5,16380,卖盘
11:07:28,32.76,0.0,60,196560,卖盘
11:07:29,32.76,0.0,113,370188,卖盘
11:07:33,32.76,0.0,283,927108,卖盘
11:07:37,32.76,0.0,81,265325,买盘
11:07:38,32.75,-0.01,41,134277,卖盘
11:07:43,32.75,0.0,33,108084,卖盘
11:07:45,32.76,0.01,15,49132,买盘
11:07:48,32.75,-0.01,260,851490,卖盘
11:07:51,32.73,-0.02,67,219346,卖盘
11:07:54,32.72,-0.01,49,160369,卖盘
11:07:57,32.71,-0.01,96,314055,卖盘
11:08:00,32.72,0.01,18,58891,中性盘
11:08:04,32.72,0.0,125,409083,买盘
11:08:06,32.72,0.0,1,3272,买盘
11:08:10,32.71,-0.01,6,19626,卖盘
11:08:12,32.72,0.01,29,94885,买盘
11:08:14,32.72,0.0,2,6544,卖盘
11:08:18,32.72,0.0,7,22904,卖盘
11:08:21,32.72,0.0,75,245400,卖盘
11:08:24,32.72,0.0,32,104704,卖盘
11:08:27,32.72,0.0,6,19632,卖盘
11:08:30,32.72,0.0,11,35992,卖盘
11:08:33,32.73,0.01,14,45810,买盘
11:08:35,32.72,-0.01,50,163601,卖盘
11:08:39,32.73,0.01,24,78551,买盘
11:08:42,32.73,0.0,24,78529,买盘
11:08:45,32.72,-0.01,72,235592,卖盘
11:08:48,32.72,0.0,4,13089,卖盘
11:08:51,32.72,0.0,28,91616,卖盘
11:08:54,32.72,0.0,4,13089,卖盘
11:08:57,32.72,0.0,141,461352,卖盘
11:09:00,32.72,0.0,100,327200,卖盘
11:09:03,32.73,0.01,116,379656,买盘
11:09:06,32.72,-0.01,14,45808,卖盘
11:09:09,32.72,0.0,90,294480,卖盘
11:09:12,32.73,0.01,96,314204,买盘
11:09:15,32.73,0.0,11,36003,卖盘
11:09:19,32.73,0.0,9,29458,卖盘
11:09:21,32.74,0.01,34,111284,买盘
11:09:24,32.73,-0.01,65,212745,卖盘
11:09:28,32.73,0.0,36,117828,卖盘
11:09:30,32.72,-0.01,12,39273,卖盘
11:09:33,32.73,0.01,13,42541,买盘
11:09:37,32.72,-0.01,199,650893,卖盘
11:09:39,32.72,0.0,2,6544,卖盘
11:09:42,32.72,0.0,11,35992,买盘
11:09:45,32.71,-0.01,20,65438,卖盘
11:09:46,32.72,0.01,8,26174,买盘
11:09:52,32.71,-0.01,1,3271,卖盘
11:09:54,32.71,0.0,6,19626,卖盘
11:09:58,32.71,0.0,7,22897,卖盘
11:10:00,32.71,0.0,27,88319,卖盘
11:10:04,32.71,0.0,110,359825,买盘
11:10:06,32.71,0.0,30,98130,卖盘
11:10:09,32.7,-0.01,500,1635000,卖盘
11:10:12,32.72,0.02,226,739237,买盘
11:10:15,32.7,-0.02,177,578860,卖盘
11:10:20,32.71,0.01,60,196207,买盘
11:10:25,32.71,0.0,7,22895,买盘
11:10:27,32.71,0.0,67,219157,买盘
11:10:30,32.7,-0.01,50,163524,卖盘
11:10:33,32.71,0.01,163,533014,买盘
11:10:36,32.7,-0.01,12,39240,卖盘
11:10:39,32.71,0.01,2,6542,买盘
11:10:43,32.7,-0.01,100,327000,卖盘
11:10:48,32.7,0.0,36,117720,卖盘
11:10:51,32.7,0.0,96,313920,卖盘
11:10:54,32.7,0.0,32,104640,卖盘
11:10:58,32.69,-0.01,1,3269,卖盘
11:11:00,32.69,0.0,7,22883,卖盘
11:11:03,32.68,-0.01,153,500240,卖盘
11:11:06,32.69,0.01,9,29426,中性盘
11:11:09,32.68,-0.01,10,32687,卖盘
11:11:12,32.69,0.01,138,451138,买盘
11:11:15,32.68,-0.01,62,202642,卖盘
11:11:18,32.68,0.0,96,313735,卖盘
11:11:21,32.68,0.0,28,91504,买盘
11:11:28,32.67,-0.01,48,156854,卖盘
11:11:30,32.67,0.0,219,715476,卖盘
11:11:33,32.68,0.01,11,35944,买盘
11:11:36,32.67,-0.01,55,179714,卖盘
11:11:39,32.68,0.01,14,45751,买盘
11:11:42,32.67,-0.01,247,806956,卖盘
11:11:45,32.67,0.0,18,58821,卖盘
11:11:48,32.67,0.0,133,434566,卖盘
11:11:51,32.68,0.01,33,107844,买盘
11:11:54,32.68,0.0,12,39214,买盘
11:11:57,32.68,0.0,94,307150,买盘
11:12:00,32.69,0.01,111,362802,买盘
11:12:03,32.69,0.0,7,22883,卖盘
11:12:06,32.69,0.0,23,75191,卖盘
11:12:09,32.69,0.0,5,16345,卖盘
11:12:12,32.7,0.01,124,405476,买盘
11:12:15,32.7,0.0,18,58860,卖盘
11:12:18,32.71,0.01,22,71959,买盘
11:12:21,32.71,0.0,34,111214,买盘
11:12:25,32.71,0.0,3,9813,卖盘
11:12:30,32.71,0.0,5,16356,卖盘
11:12:33,32.72,0.01,25,81797,买盘
11:12:36,32.71,-0.01,49,160315,卖盘
11:12:39,32.72,0.01,3,9814,买盘
11:12:42,32.72,0.0,3,9816,卖盘
11:12:45,32.72,0.0,1,3272,卖盘
11:12:48,32.72,0.0,4,13088,卖盘
11:12:54,32.73,0.01,5,16365,买盘
11:12:57,32.73,0.0,60,195756,买盘
11:13:00,32.74,0.01,32,104751,买盘
11:13:02,32.74,0.0,13,42562,卖盘
11:13:06,32.74,0.0,5,16370,卖盘
11:13:09,32.74,0.0,161,527114,卖盘
11:13:13,32.75,0.01,86,281634,买盘
11:13:15,32.74,-0.01,4,13096,中性盘
11:13:18,32.75,0.01,6,19645,买盘
11:13:21,32.74,-0.01,313,1024762,买盘
11:13:24,32.75,0.01,12,39293,买盘
11:13:27,32.75,0.0,17,55674,买盘
11:13:29,32.74,-0.01,22,72028,卖盘
11:13:33,32.74,0.0,6,19644,卖盘
11:13:36,32.74,0.0,94,307838,卖盘
11:13:39,32.74,0.0,3,9822,卖盘
11:13:42,32.74,0.0,2,6548,卖盘
11:13:45,32.75,0.01,37,121173,买盘
11:13:48,32.74,-0.01,15,49110,卖盘
11:13:50,32.74,0.0,5,16370,卖盘
11:13:54,32.75,0.01,37,121141,买盘
11:13:57,32.75,0.0,23,75325,买盘
11:14:00,32.75,0.0,98,320948,买盘
11:14:03,32.74,-0.01,9,29470,卖盘
11:14:06,32.75,0.01,22,72044,买盘
11:14:09,32.74,-0.01,191,625343,卖盘
11:14:12,32.75,0.01,124,406095,买盘
11:14:15,32.74,-0.01,40,130982,卖盘
11:14:18,32.74,0.0,53,173528,卖盘
11:14:21,32.75,0.01,21,68765,买盘
11:14:24,32.75,0.0,7,22919,买盘
11:14:27,32.74,-0.01,2,6548,卖盘
11:14:30,32.74,0.0,20,65486,卖盘
11:14:33,32.75,0.01,106,347145,买盘
11:14:36,32.75,0.0,148,484698,买盘
11:14:38,32.75,0.0,3,9825,买盘
11:14:42,32.75,0.0,1,3275,买盘
11:14:45,32.75,0.0,96,314392,买盘
11:14:48,32.75,0.0,449,1470273,卖盘
11:14:54,32.75,0.0,11,36025,卖盘
11:14:57,32.75,0.0,1,3275,卖盘
11:15:00,32.76,0.01,90,294837,买盘
11:15:03,32.76,0.0,14,45861,买盘
11:15:06,32.76,0.0,19,62244,买盘
11:15:12,32.76,0.0,152,497950,买盘
11:15:15,32.75,-0.01,56,183403,卖盘
11:15:18,32.76,0.01,30,98261,买盘
11:15:21,32.76,0.0,28,91713,买盘
11:15:24,32.75,-0.01,48,157224,卖盘
11:15:26,32.75,0.0,52,170315,卖盘
11:15:30,32.75,0.0,4,13100,卖盘
11:15:36,32.75,0.0,3,9826,卖盘
11:15:39,32.75,0.0,15,49131,卖盘
11:15:42,32.75,0.0,159,520853,卖盘
11:15:45,32.75,0.0,10,32754,卖盘
11:15:48,32.75,0.0,5,16375,卖盘
11:15:51,32.75,0.0,11,36025,卖盘
11:15:54,32.76,0.01,5,16380,买盘
11:15:57,32.75,-0.01,18,58953,卖盘
11:15:59,32.76,0.01,109,357068,买盘
11:16:03,32.76,0.0,7,22931,买盘
11:16:05,32.75,-0.01,32,104822,卖盘
11:16:11,32.76,0.01,190,622376,买盘
11:16:15,32.75,-0.01,102,334050,卖盘
11:16:17,32.76,0.01,236,773028,买盘
11:16:21,32.77,0.01,30,98301,买盘
11:16:24,32.76,-0.01,17,55696,卖盘
11:16:27,32.76,0.0,124,406224,卖盘
11:16:30,32.76,0.0,21,68812,卖盘
11:16:33,32.76,0.0,6,19658,卖盘
11:16:35,32.77,0.01,1,3277,买盘
11:16:39,32.77,0.0,63,206398,买盘
11:16:42,32.76,-0.01,10,32760,卖盘
11:16:45,32.77,0.01,10,32769,买盘
11:16:48,32.77,0.0,29,95005,买盘
11:16:51,32.76,-0.01,8,26209,卖盘
11:16:54,32.77,0.01,7,22934,买盘
11:16:57,32.76,-0.01,67,219547,卖盘
11:17:00,32.77,0.01,52,170360,买盘
11:17:03,32.76,-0.01,14,45876,卖盘
11:17:06,32.76,0.0,13,42600,卖盘
11:17:09,32.77,0.01,81,265360,买盘
11:17:12,32.76,-0.01,262,858570,卖盘
11:17:18,32.76,0.0,22,72078,卖盘
11:17:21,32.77,0.01,8,26216,买盘
11:17:24,32.76,-0.01,15,49148,卖盘
11:17:26,32.76,0.0,2,6552,卖盘
11:17:33,32.77,0.01,87,285098,买盘
11:17:36,32.77,0.0,36,117951,买盘
11:17:42,32.76,-0.01,5,16380,卖盘
11:17:45,32.77,0.01,5,16382,买盘
11:17:48,32.77,0.0,36,117947,买盘
11:17:51,32.76,-0.01,10,32760,卖盘
11:17:53,32.77,0.01,64,209708,买盘
11:17:57,32.77,0.0,32,104856,买盘
11:18:00,32.76,-0.01,10,32761,卖盘
11:18:03,32.76,0.0,4,13106,卖盘
11:18:06,32.76,0.0,5,16381,卖盘
11:18:09,32.76,0.0,11,36036,卖盘
11:18:11,32.77,0.01,24,78645,买盘
11:18:15,32.77,0.0,10,32763,买盘
11:18:18,32.77,0.0,40,131056,买盘
11:18:21,32.76,-0.01,15,49152,卖盘
11:18:23,32.76,0.0,2,6552,卖盘
11:18:27,32.76,0.0,18,58973,卖盘
11:18:30,32.76,0.0,5,16380,卖盘
11:18:33,32.76,0.0,1,3276,卖盘
11:18:36,32.76,0.0,16,52418,卖盘
11:18:38,32.76,0.0,3,9828,卖盘
11:18:42,32.77,0.01,12,39321,买盘
11:18:45,32.76,-0.01,5,16381,卖盘
11:18:48,32.76,0.0,77,252294,卖盘
11:18:51,32.76,0.0,62,203115,卖盘
11:18:54,32.76,0.0,25,81904,卖盘
11:18:57,32.77,0.01,20,65522,买盘
11:18:59,32.77,0.0,12,39314,买盘
11:19:02,32.77,0.0,25,81921,买盘
11:19:06,32.76,-0.01,13,42588,卖盘
11:19:09,32.76,0.0,19,62244,卖盘
11:19:12,32.77,0.01,13,42597,买盘
11:19:15,32.76,-0.01,17,55692,卖盘
11:19:17,32.76,0.0,10,32760,卖盘
11:19:24,32.76,0.0,3,9828,卖盘
11:19:27,32.76,0.0,64,209664,卖盘
11:19:30,32.76,0.0,45,147420,卖盘
11:19:32,32.75,-0.01,23,75344,卖盘
11:19:36,32.75,0.0,1,3275,卖盘
11:19:38,32.75,0.0,168,550287,卖盘
11:19:42,32.75,0.0,20,65500,卖盘
11:19:45,32.75,0.0,15,49125,卖盘
11:19:48,32.75,0.0,186,609450,卖盘
11:19:51,32.75,0.0,21,68775,卖盘
11:19:54,32.74,-0.01,16,52384,卖盘
11:19:57,32.74,0.0,5,16372,卖盘
11:19:59,32.75,0.01,106,347131,买盘
11:20:02,32.75,0.0,1,3275,买盘
11:20:06,32.74,-0.01,35,114590,卖盘
11:20:08,32.74,0.0,34,111329,卖盘
11:20:12,32.74,0.0,1,3274,卖盘
11:20:14,32.74,0.0,123,402795,卖盘
11:20:18,32.74,0.0,31,101513,卖盘
11:20:21,32.75,0.01,4,13100,买盘
11:20:24,32.75,0.0,3,9823,买盘
11:20:26,32.74,-0.01,35,114612,卖盘
11:20:30,32.74,0.0,16,52384,卖盘
11:20:33,32.74,0.0,8,26192,卖盘
11:20:35,32.74,0.0,6,19647,卖盘
11:20:39,32.74,0.0,1,3274,卖盘
11:20:42,32.74,0.0,20,65492,卖盘
11:20:45,32.74,0.0,29,94946,卖盘
11:20:48,32.74,0.0,8,26192,卖盘
11:20:51,32.74,0.0,39,127686,卖盘
11:20:54,32.74,0.0,6,19644,买盘
11:20:57,32.74,0.0,28,91672,买盘
11:21:00,32.74,0.0,90,294651,买盘
11:21:02,32.74,0.0,13,42557,卖盘
11:21:05,32.74,0.0,5,16370,买盘
11:21:09,32.74,0.0,44,144056,买盘
11:21:11,32.73,-0.01,5,16365,卖盘
11:21:15,32.75,0.02,26,85122,买盘
11:21:18,32.74,-0.01,45,147330,卖盘
11:21:21,32.74,0.0,5,16372,卖盘
11:21:24,32.75,0.01,65,212867,买盘
11:21:27,32.71,-0.04,509,1665405,卖盘
11:21:30,32.74,0.03,114,372909,买盘
11:21:32,32.7,-0.04,2,6543,卖盘
11:21:39,32.73,0.03,38,124370,买盘
11:21:41,32.73,0.0,9,29457,中性盘
11:21:44,32.73,0.0,9,29457,卖盘
11:21:48,32.73,0.0,18,58919,卖盘
11:21:51,32.74,0.01,17,55648,买盘
11:21:54,32.74,0.0,11,36013,卖盘
11:21:57,32.74,0.0,5,16366,买盘
11:22:00,32.74,0.0,15,49110,买盘
11:22:03,32.74,0.0,68,222632,卖盘
11:22:06,32.74,0.0,15,49120,卖盘
11:22:09,32.74,0.0,19,62219,卖盘
11:22:14,32.75,0.01,58,189950,买盘
11:22:17,32.75,0.0,41,134275,卖盘
11:22:21,32.75,0.0,126,412763,卖盘
11:22:23,32.75,0.0,14,45839,中性盘
11:22:27,32.76,0.01,40,131010,买盘
11:22:30,32.76,0.0,5,16380,卖盘
11:22:33,32.76,0.0,2,6552,卖盘
11:22:36,32.76,0.0,12,39312,卖盘
11:22:39,32.77,0.01,7,22937,买盘
11:22:42,32.76,-0.01,78,255596,卖盘
11:22:44,32.77,0.01,10,32770,买盘
11:22:48,32.76,-0.01,16,52417,卖盘
11:22:51,32.77,0.01,43,140899,买盘
11:22:54,32.77,0.0,31,101577,买盘
11:22:56,32.77,0.0,87,285099,买盘
11:23:00,32.76,-0.01,70,229387,卖盘
11:23:03,32.77,0.01,3,9829,买盘
11:23:06,32.77,0.0,14,45878,买盘
11:23:09,32.78,0.01,45,147498,买盘
11:23:12,32.77,-0.01,8,26222,卖盘
11:23:15,32.77,0.0,6,19662,卖盘
11:23:18,32.78,0.01,61,199953,买盘
11:23:24,32.77,-0.01,1,3277,卖盘
11:23:27,32.77,0.0,24,78658,卖盘
11:23:30,32.77,0.0,8,26216,卖盘
11:23:33,32.77,0.0,18,58997,卖盘
11:23:36,32.78,0.01,26,85226,买盘
11:23:39,32.78,0.0,13,42604,买盘
11:23:42,32.78,0.0,7,22946,买盘
11:23:44,32.77,-0.01,10,32777,卖盘
11:23:48,32.77,0.0,27,88487,卖盘
11:23:51,32.78,0.01,2,6556,买盘
11:23:54,32.77,-0.01,10,32777,卖盘
11:23:57,32.78,0.01,3,9832,买盘
11:23:59,32.78,0.0,28,91782,买盘
11:24:02,32.77,-0.01,3,9831,卖盘
11:24:06,32.77,0.0,13,42613,卖盘
11:24:09,32.78,0.01,22,72112,买盘
11:24:11,32.78,0.0,15,49166,买盘
11:24:15,32.78,0.0,27,88506,买盘
11:24:18,32.77,-0.01,12,39325,卖盘
11:24:21,32.77,0.0,7,22939,卖盘
11:24:23,32.77,0.0,471,1544497,卖盘
11:24:26,32.77,0.0,19,62263,卖盘
11:24:30,32.8,0.03,317,1039618,买盘
11:24:33,32.8,0.0,56,183680,卖盘
11:24:36,32.81,0.01,48,157488,买盘
11:24:38,32.8,-0.01,8,26240,卖盘
11:24:42,32.81,0.01,23,75463,买盘
11:24:45,32.83,0.02,459,1506624,买盘
11:24:48,32.83,0.0,66,216678,卖盘
11:24:51,32.8,-0.03,528,1732205,卖盘
11:24:54,32.8,0.0,107,351092,卖盘
11:24:57,32.82,0.02,30,98422,买盘
11:25:00,32.8,-0.02,311,1020081,卖盘
11:25:03,32.78,-0.02,32,104932,卖盘
11:25:06,32.78,0.0,51,167186,卖盘
11:25:12,32.78,0.0,1,3278,卖盘
11:25:15,32.78,0.0,5,16390,卖盘
11:25:18,32.78,0.0,10,32781,卖盘
11:25:21,32.79,0.01,2,6557,买盘
11:25:24,32.79,0.0,152,498428,买盘
11:25:27,32.79,0.0,3,9837,卖盘
11:25:30,32.79,0.0,18,59022,卖盘
11:25:33,32.79,0.0,16,52472,卖盘
11:25:36,32.79,0.0,5,16395,卖盘
11:25:39,32.79,0.0,2,6558,卖盘
11:25:41,32.79,0.0,22,72138,卖盘
11:25:45,32.79,0.0,11,36069,卖盘
11:25:48,32.79,0.0,17,55743,卖盘
11:25:50,32.8,0.01,33,108213,买盘
11:25:54,32.8,0.0,420,1377591,买盘
11:25:57,32.8,0.0,60,196800,卖盘
11:26:00,32.8,0.0,27,88560,卖盘
11:26:03,32.81,0.01,31,101711,买盘
11:26:06,32.81,0.0,38,124641,买盘
11:26:08,32.8,-0.01,4,13120,卖盘
11:26:12,32.81,0.01,35,114835,买盘
11:26:18,32.8,-0.01,69,226358,卖盘
11:26:20,32.81,0.01,17,55777,买盘
11:26:23,32.81,0.0,14,45934,买盘
11:26:27,32.8,-0.01,517,1695762,卖盘
11:26:29,32.79,-0.01,72,236163,卖盘
11:26:33,32.79,0.0,35,114765,卖盘
11:26:36,32.77,-0.02,47,154058,卖盘
11:26:39,32.76,-0.01,13,42592,卖盘
11:26:42,32.75,-0.01,24,78643,卖盘
11:26:45,32.76,0.01,58,190000,买盘
11:26:48,32.75,-0.01,117,383303,卖盘
11:26:50,32.77,0.02,10,32761,买盘
11:26:54,32.75,-0.02,19,62233,卖盘
11:26:57,32.75,0.0,2,6550,卖盘
11:27:00,32.75,0.0,8,26202,卖盘
11:27:03,32.76,0.01,108,353808,买盘
11:27:06,32.76,0.0,56,183489,买盘
11:27:09,32.76,0.0,22,72066,买盘
11:27:12,32.75,-0.01,16,52412,卖盘
11:27:15,32.76,0.01,8,26206,买盘
11:27:18,32.75,-0.01,21,68795,卖盘
11:27:21,32.75,0.0,3,9826,卖盘
11:27:24,32.76,0.01,1,3276,买盘
11:27:27,32.76,0.0,25,81899,买盘
11:27:30,32.76,0.0,3,9828,卖盘
11:27:33,32.76,0.0,1,3276,卖盘
11:27:36,32.76,0.0,3,9828,卖盘
11:27:39,32.76,0.0,4,13104,卖盘
11:27:47,32.76,0.0,3,9828,卖盘
11:27:51,32.77,0.01,31,101566,买盘
11:27:54,32.77,0.0,2,6553,买盘
11:27:56,32.76,-0.01,3,9828,卖盘
11:28:00,32.76,0.0,61,199894,卖盘
11:28:03,32.78,0.02,4,13109,买盘
11:28:06,32.77,-0.01,16,52433,卖盘
11:28:08,32.77,0.0,1,3277,卖盘
11:28:12,32.77,0.0,17,55711,卖盘
11:28:14,32.77,0.0,27,88490,卖盘
11:28:18,32.77,0.0,50,163850,卖盘
11:28:21,32.77,0.0,2,6553,买盘
11:28:24,32.77,0.0,6,19660,买盘
11:28:27,32.77,0.0,13,42593,买盘
11:28:30,32.77,0.0,3,9831,买盘
11:28:32,32.77,0.0,8,26213,买盘
11:28:36,32.78,0.01,31,101594,买盘
11:28:39,32.78,0.0,1,3278,买盘
11:28:42,32.77,-0.01,20,65540,卖盘
11:28:44,32.77,0.0,2,6554,卖盘
11:28:50,32.78,0.01,8,26221,买盘
11:28:54,32.77,-0.01,16,52436,卖盘
11:28:56,32.77,0.0,3,9831,卖盘
11:29:00,32.78,0.01,27,88499,买盘
11:29:03,32.77,-0.01,7,22939,卖盘
11:29:06,32.77,0.0,1,3277,卖盘
11:29:08,32.77,0.0,4,13108,卖盘
11:29:12,32.78,0.01,51,167168,买盘
11:29:15,32.78,0.0,10,32779,卖盘
11:29:17,32.79,0.01,3,9835,买盘
11:29:21,32.79,0.0,14,45897,买盘
11:29:24,32.79,0.0,8,26229,买盘
11:29:26,32.79,0.0,27,88528,买盘
11:29:30,32.79,0.0,8,26225,买盘
11:29:33,32.79,0.0,22,72138,买盘
11:29:36,32.78,-0.01,77,252414,卖盘
11:29:39,32.78,0.0,15,49173,卖盘
11:29:42,32.79,0.01,24,78677,买盘
11:29:45,32.79,0.0,18,59011,买盘
11:29:48,32.78,-0.01,82,268827,卖盘
11:29:51,32.79,0.01,48,157352,买盘
11:29:53,32.79,0.0,7,22949,买盘
11:29:57,32.8,0.01,142,465722,买盘
11:30:00,32.78,-0.02,12,39340,卖盘
13:00:01,32.78,0.0,560,1836150,卖盘
13:00:04,32.79,0.01,712,2334366,中性盘
13:00:07,32.78,-0.01,106,347537,卖盘
13:00:10,32.78,0.0,134,439353,卖盘
13:00:13,32.79,0.01,57,186882,买盘
13:00:16,32.79,0.0,16,52454,买盘
13:00:20,32.78,-0.01,31,101631,卖盘
13:00:22,32.78,0.0,53,173739,卖盘
13:00:25,32.78,0.0,60,196688,卖盘
13:00:28,32.78,0.0,19,62296,卖盘
13:00:31,32.78,0.0,12,39342,卖盘
13:00:33,32.77,-0.01,153,501634,卖盘
13:00:37,32.77,0.0,52,170405,卖盘
13:00:40,32.77,0.0,2,6554,卖盘
13:00:43,32.77,0.0,56,183538,卖盘
13:00:46,32.78,0.01,15,49165,买盘
13:00:49,32.77,-0.01,31,101589,卖盘
13:00:51,32.78,0.01,1,3278,买盘
13:00:55,32.77,-0.01,18,58986,卖盘
13:00:58,32.76,-0.01,17,55692,卖盘
13:01:01,32.76,0.0,4,13104,卖盘
13:01:07,32.76,0.0,7,22933,卖盘
13:01:10,32.76,0.0,103,337420,卖盘
13:01:13,32.76,0.0,104,340698,买盘
13:01:16,32.76,0.0,22,72072,买盘
13:01:19,32.76,0.0,1,3276,卖盘
13:01:22,32.77,0.01,12,39321,买盘
13:01:25,32.77,0.0,26,85177,买盘
13:01:28,32.76,-0.01,27,88453,卖盘
13:01:31,32.76,0.0,5,16382,卖盘
13:01:33,32.76,0.0,60,196593,卖盘
13:01:37,32.76,0.0,66,216218,卖盘
13:01:40,32.75,-0.01,43,140843,卖盘
13:01:43,32.75,0.0,24,78602,卖盘
13:01:46,32.76,0.01,1,3276,买盘
13:01:49,32.75,-0.01,6,19650,卖盘
13:01:52,32.75,0.0,4,13100,卖盘
13:01:55,32.75,0.0,10,32754,卖盘
13:01:58,32.76,0.01,1,3276,买盘
13:02:01,32.76,0.0,96,314493,买盘
13:02:04,32.76,0.0,32,104801,买盘
13:02:07,32.75,-0.01,36,117916,卖盘
13:02:09,32.75,0.0,65,212875,卖盘
13:02:13,32.75,0.0,43,140858,卖盘
13:02:16,32.75,0.0,96,314482,卖盘
13:02:19,32.76,0.01,12,39301,买盘
13:02:22,32.76,0.0,90,294753,买盘
13:02:25,32.75,-0.01,25,81877,卖盘
13:02:28,32.75,0.0,17,55675,卖盘
13:02:30,32.75,0.0,39,127735,卖盘
13:02:33,32.74,-0.01,82,268515,卖盘
13:02:37,32.72,-0.02,23,75260,卖盘
13:02:43,32.72,0.0,48,157091,卖盘
13:02:46,32.72,0.0,11,35993,卖盘
13:02:49,32.72,0.0,23,75256,卖盘
13:02:52,32.72,0.0,16,52359,卖盘
13:02:55,32.72,0.0,4,13088,卖盘
13:02:58,32.72,0.0,2,6544,卖盘
13:03:00,32.73,0.01,117,382917,买盘
13:03:04,32.73,0.0,42,137461,卖盘
13:03:07,32.73,0.0,38,124386,买盘
13:03:09,32.72,-0.01,9,29456,卖盘
13:03:14,32.73,0.01,127,415567,买盘
13:03:15,32.75,0.02,59,193109,买盘
13:03:18,32.72,-0.03,237,775617,卖盘
13:03:22,32.71,-0.01,84,274823,卖盘
13:03:25,32.72,0.01,28,91600,买盘
13:03:28,32.72,0.0,3,9816,买盘
13:03:31,32.72,0.0,25,81796,买盘
13:03:34,32.73,0.01,57,186516,买盘
13:03:37,32.73,0.0,10,32732,卖盘
13:03:39,32.73,0.0,19,62199,卖盘
13:03:43,32.74,0.01,26,85108,中性盘
13:03:46,32.73,-0.01,18,58925,卖盘
13:03:49,32.74,0.01,32,104745,买盘
13:03:53,32.73,-0.01,24,78552,卖盘
13:03:56,32.73,0.0,52,170193,买盘
13:03:58,32.73,0.0,24,78552,卖盘
13:04:01,32.73,0.0,44,144007,卖盘
13:04:03,32.73,0.0,71,232383,卖盘
13:04:08,32.73,0.0,190,621869,买盘
13:04:11,32.72,-0.01,145,474450,卖盘
13:04:12,32.72,0.0,43,140696,卖盘
13:04:16,32.72,0.0,194,634928,卖盘
13:04:19,32.73,0.01,43,140671,买盘
13:04:23,32.73,0.0,20,65458,买盘
13:04:25,32.72,-0.01,3,9816,卖盘
13:04:28,32.72,0.0,12,39265,卖盘
13:04:31,32.72,0.0,4,13088,卖盘
13:04:34,32.72,0.0,2,6544,卖盘
13:04:38,32.72,0.0,214,700384,卖盘
13:04:40,32.72,0.0,93,304358,卖盘
13:04:44,32.72,0.0,26,85086,卖盘
13:04:47,32.71,-0.01,65,212662,卖盘
13:04:49,32.71,0.0,5,16359,卖盘
13:04:52,32.71,0.0,4,13086,卖盘
13:04:55,32.72,0.01,17,55612,买盘
13:04:58,32.72,0.0,5,16360,买盘
13:05:01,32.71,-0.01,112,366445,卖盘
13:05:04,32.72,0.01,5,16358,买盘
13:05:08,32.72,0.0,77,251943,买盘
13:05:11,32.72,0.0,14,45796,买盘
13:05:14,32.72,0.0,27,88342,买盘
13:05:16,32.73,0.01,7,22906,买盘
13:05:20,32.72,-0.01,2,6544,卖盘
13:05:23,32.72,0.0,76,248672,卖盘
13:05:25,32.72,0.0,106,346832,卖盘
13:05:29,32.72,0.0,34,111259,卖盘
13:05:31,32.72,0.0,1,3272,卖盘
13:05:34,32.72,0.0,32,104732,卖盘
13:05:37,32.72,0.0,74,242215,卖盘
13:05:41,32.73,0.01,10,32730,中性盘
13:05:43,32.73,0.0,24,78548,买盘
13:05:47,32.72,-0.01,33,107991,卖盘
13:05:50,32.72,0.0,159,520250,卖盘
13:05:51,32.73,0.01,9,29457,买盘
13:05:56,32.72,-0.01,12,39264,卖盘
13:05:58,32.73,0.01,17,55631,买盘
13:06:02,32.73,0.0,35,114554,买盘
13:06:03,32.73,0.0,7,22911,卖盘
13:06:08,32.73,0.0,33,108038,卖盘
13:06:11,32.73,0.0,4,13092,卖盘
13:06:13,32.74,0.01,21,68752,买盘
13:06:17,32.74,0.0,5,16370,买盘
13:06:19,32.75,0.01,15,49122,买盘
13:06:22,32.74,-0.01,2,6548,卖盘
13:06:26,32.75,0.01,1,3275,买盘
13:06:29,32.74,-0.01,16,52397,卖盘
13:06:31,32.75,0.01,13,42569,买盘
13:06:34,32.75,0.0,1,3275,买盘
13:06:38,32.74,-0.01,419,1372154,卖盘
13:06:40,32.73,-0.01,51,166969,卖盘
13:06:44,32.73,0.0,29,94942,卖盘
13:06:47,32.73,0.0,28,91648,卖盘
13:06:49,32.73,0.0,10,32735,卖盘
13:06:53,32.73,0.0,3,9819,卖盘
13:06:55,32.73,0.0,20,65479,卖盘
13:06:59,32.73,0.0,5,16368,卖盘
13:07:01,32.72,-0.01,275,900087,卖盘
13:07:04,32.72,0.0,23,75271,卖盘
13:07:07,32.72,0.0,87,284808,卖盘
13:07:11,32.73,0.01,64,209472,买盘
13:07:13,32.73,0.0,10,32728,买盘
13:07:17,32.74,0.01,23,75302,卖盘
13:07:19,32.75,0.01,1,3275,买盘
13:07:22,32.75,0.0,7,22925,买盘
13:07:26,32.74,-0.01,138,451811,卖盘
13:07:28,32.73,-0.01,21,68737,卖盘
13:07:31,32.74,0.01,1,3274,买盘
13:07:34,32.73,-0.01,4,13092,卖盘
13:07:38,32.74,0.01,175,572937,买盘
13:07:41,32.73,-0.01,9,29457,卖盘
13:07:44,32.74,0.01,18,58921,买盘
13:07:46,32.73,-0.01,19,62187,卖盘
13:07:49,32.74,0.01,10,32733,买盘
13:07:53,32.74,0.0,4,13094,买盘
13:07:56,32.74,0.0,2,6548,买盘
13:07:58,32.73,-0.01,36,117828,卖盘
13:08:01,32.74,0.01,106,347042,买盘
13:08:05,32.74,0.0,32,104768,买盘
13:08:07,32.75,0.01,121,396197,买盘
13:08:10,32.74,-0.01,23,75311,卖盘
13:08:13,32.75,0.01,29,94976,买盘
13:08:16,32.75,0.0,28,91724,卖盘
13:08:19,32.75,0.0,54,176901,卖盘
13:08:22,32.76,0.01,95,311258,买盘
13:08:25,32.79,0.03,49,160579,买盘
13:08:29,32.76,-0.03,3,9829,卖盘
13:08:31,32.76,0.0,56,183492,卖盘
13:08:34,32.77,0.01,3,9831,中性盘
13:08:38,32.76,-0.01,41,134417,卖盘
13:08:41,32.77,0.01,5,16384,中性盘
13:08:44,32.76,-0.01,29,95029,卖盘
13:08:46,32.77,0.01,19,62245,买盘
13:08:48,32.77,0.0,35,114683,买盘
13:08:53,32.77,0.0,15,49156,卖盘
13:08:55,32.77,0.0,3,9831,卖盘
13:08:59,32.79,0.02,53,173774,买盘
13:09:04,32.77,-0.02,12,39331,卖盘
13:09:08,32.8,0.03,51,167240,买盘
13:09:11,32.78,-0.02,17,55735,卖盘
13:09:13,32.79,0.01,10,32790,买盘
13:09:17,32.8,0.01,77,252497,买盘
13:09:19,32.79,-0.01,87,285284,卖盘
13:09:23,32.79,0.0,18,59022,卖盘
13:09:25,32.79,0.0,7,22958,卖盘
13:09:28,32.8,0.01,11,36077,买盘
13:09:31,32.79,-0.01,19,62309,卖盘
13:09:35,32.8,0.01,14,45912,买盘
13:09:37,32.79,-0.01,7,22954,卖盘
13:09:41,32.79,0.0,314,1029592,卖盘
13:09:44,32.79,0.0,60,196699,买盘
13:09:46,32.79,0.0,54,176979,买盘
13:09:49,32.79,0.0,24,78668,买盘
13:09:52,32.79,0.0,7,22953,买盘
13:09:58,32.77,-0.02,9,29505,卖盘
13:10:02,32.79,0.02,15,49185,买盘
13:10:05,32.78,-0.01,11,36059,卖盘
13:10:07,32.78,0.0,17,55720,买盘
13:10:11,32.77,-0.01,10,32778,卖盘
13:10:14,32.78,0.01,31,101610,买盘
13:10:17,32.77,-0.01,4,13109,卖盘
13:10:19,32.77,0.0,6,19667,卖盘
13:10:22,32.78,0.01,4,13111,买盘
13:10:25,32.77,-0.01,5,16386,卖盘
13:10:29,32.78,0.01,26,85228,买盘
13:10:32,32.77,-0.01,11,36056,卖盘
13:10:34,32.78,0.01,20,65553,买盘
13:10:38,32.77,-0.01,9,29493,卖盘
13:10:41,32.77,0.0,511,1674547,卖盘
13:10:43,32.77,0.0,64,209743,卖盘
13:10:47,32.77,0.0,276,904436,卖盘
13:10:49,32.76,-0.01,324,1061660,卖盘
13:10:52,32.75,-0.01,122,399655,卖盘
13:10:54,32.76,0.01,42,137551,买盘
13:10:59,32.75,-0.01,69,225980,卖盘
13:11:01,32.76,0.01,104,340694,买盘
13:11:04,32.76,0.0,37,121184,买盘
13:11:08,32.75,-0.01,50,163751,卖盘
13:11:10,32.75,0.0,10,32750,买盘
13:11:13,32.75,0.0,8,26199,买盘
13:11:16,32.76,0.01,266,871295,买盘
13:11:19,32.76,0.0,22,72068,卖盘
13:11:22,32.76,0.0,14,45864,买盘
13:11:29,32.76,0.0,7,22936,卖盘
13:11:31,32.76,0.0,3,9828,卖盘
13:11:34,32.77,0.01,3,9830,买盘
13:11:37,32.76,-0.01,2,6552,卖盘
13:11:40,32.76,0.0,3,9829,卖盘
13:11:42,32.77,0.01,20,65540,买盘
13:11:46,32.76,-0.01,20,65525,卖盘
13:11:49,32.77,0.01,8,26215,买盘
13:11:52,32.76,-0.01,43,140903,卖盘
13:11:55,32.76,0.0,94,307946,卖盘
13:11:59,32.76,0.0,24,78624,买盘
13:12:01,32.76,0.0,95,311219,买盘
13:12:04,32.75,-0.01,63,206325,卖盘
13:12:06,32.75,0.0,14,45853,卖盘
13:12:10,32.76,0.01,42,137590,买盘
13:12:13,32.75,-0.01,284,930100,卖盘
13:12:16,32.75,0.0,246,805650,买盘
13:12:19,32.75,0.0,1,3275,卖盘
13:12:22,32.75,0.0,25,81875,卖盘
13:12:25,32.75,0.0,92,301390,卖盘
13:12:28,32.75,0.0,301,985776,卖盘
13:12:31,32.76,0.01,61,199834,买盘
13:12:34,32.75,-0.01,5,16379,卖盘
13:12:37,32.75,0.0,17,55675,卖盘
13:12:39,32.76,0.01,308,1008705,买盘
13:12:46,32.75,-0.01,27,88425,卖盘
13:12:49,32.75,0.0,123,402828,卖盘
13:12:52,32.76,0.01,11,36035,买盘
13:12:54,32.75,-0.01,1,3275,卖盘
13:12:58,32.76,0.01,40,131040,买盘
13:13:01,32.76,0.0,1,3276,卖盘
13:13:08,32.76,0.0,5,16381,卖盘
13:13:11,32.77,0.01,6,19662,买盘
13:13:13,32.76,-0.01,255,835380,卖盘
13:13:16,32.76,0.0,28,91729,卖盘
13:13:19,32.76,0.0,25,81905,卖盘
13:13:22,32.76,0.0,220,720705,卖盘
13:13:25,32.77,0.01,4,13104,买盘
13:13:28,32.77,0.0,46,150685,买盘
13:13:32,32.76,-0.01,236,773172,卖盘
13:13:33,32.76,0.0,44,144144,卖盘
13:13:37,32.76,0.0,1,3276,买盘
13:13:40,32.75,-0.01,1,3275,卖盘
13:13:44,32.76,0.01,76,248973,买盘
13:13:52,32.76,0.0,38,124483,买盘
13:13:54,32.76,0.0,1,3276,买盘
13:13:57,32.76,0.0,18,58966,买盘
13:14:01,32.75,-0.01,167,547082,卖盘
13:14:04,32.76,0.01,2,6552,买盘
13:14:07,32.75,-0.01,22,72061,卖盘
13:14:10,32.75,0.0,16,52402,卖盘
13:14:13,32.76,0.01,1,3276,买盘
13:14:16,32.75,-0.01,293,959561,卖盘
13:14:19,32.75,0.0,49,160472,买盘
13:14:22,32.75,0.0,9,29475,卖盘
13:14:25,32.75,0.0,2,6550,卖盘
13:14:27,32.75,0.0,7,22925,卖盘
13:14:33,32.76,0.01,2,6552,买盘
13:14:37,32.75,-0.01,24,78601,卖盘
13:14:40,32.75,0.0,156,510900,卖盘
13:14:42,32.74,-0.01,13,42565,卖盘
13:14:46,32.74,0.0,25,81852,卖盘
13:14:49,32.74,0.0,13,42562,卖盘
13:14:51,32.74,0.0,6,19645,卖盘
13:14:55,32.74,0.0,2,6548,卖盘
13:14:58,32.74,0.0,11,36014,卖盘
13:15:01,32.74,0.0,110,360234,卖盘
13:15:04,32.74,0.0,2,6548,卖盘
13:15:06,32.74,0.0,7,22919,卖盘
13:15:10,32.74,0.0,21,68754,卖盘
13:15:13,32.74,0.0,14,45837,卖盘
13:15:15,32.74,0.0,128,419164,卖盘
13:15:19,32.74,0.0,140,458375,卖盘
13:15:22,32.74,0.0,61,199724,卖盘
13:15:25,32.74,0.0,231,756298,卖盘
13:15:28,32.75,0.01,16,52400,买盘
13:15:31,32.74,-0.01,2,6548,卖盘
13:15:34,32.75,0.01,123,402789,买盘
13:15:37,32.74,-0.01,225,736656,卖盘
13:15:40,32.74,0.0,181,592642,买盘
13:15:43,32.74,0.0,7,22918,卖盘
13:15:46,32.73,-0.01,15,49106,卖盘
13:15:49,32.74,0.01,3,9820,买盘
13:15:52,32.73,-0.01,12,39281,卖盘
13:15:55,32.74,0.01,3,9821,买盘
13:15:58,32.73,-0.01,13,42553,卖盘
13:16:01,32.74,0.01,101,330668,买盘
13:16:04,32.73,-0.01,27,88371,卖盘
13:16:06,32.73,0.0,31,101464,卖盘
13:16:10,32.73,0.0,23,75289,卖盘
13:16:16,32.73,0.0,178,582755,卖盘
13:16:19,32.74,0.01,32,104768,买盘
13:16:22,32.74,0.0,12,39282,买盘
13:16:25,32.73,-0.01,34,111282,卖盘
13:16:28,32.73,0.0,10,32730,卖盘
13:16:31,32.73,0.0,22,72027,卖盘
13:16:33,32.74,0.01,3,9820,买盘
13:16:37,32.73,-0.01,10,32730,卖盘
13:16:40,32.74,0.01,51,166934,买盘
13:16:42,32.73,-0.01,2,6546,卖盘
13:16:46,32.73,0.0,1,3273,卖盘
13:16:49,32.74,0.01,8,26192,买盘
13:16:52,32.73,-0.01,10,32730,卖盘
13:16:54,32.73,0.0,5,16365,卖盘
13:16:58,32.73,0.0,8,26187,卖盘
13:17:01,32.73,0.0,103,337213,卖盘
13:17:04,32.73,0.0,27,88374,卖盘
13:17:07,32.74,0.01,62,202988,买盘
13:17:10,32.74,0.0,38,124396,买盘
13:17:12,32.74,0.0,1,3274,买盘
13:17:16,32.74,0.0,74,242276,买盘
13:17:18,32.73,-0.01,66,216062,卖盘
13:17:22,32.74,0.01,40,130952,买盘
13:17:24,32.74,0.0,7,22917,买盘
13:17:27,32.73,-0.01,48,157110,卖盘
13:17:31,32.74,0.01,19,62204,买盘
13:17:37,32.73,-0.01,9,29464,卖盘
13:17:40,32.73,0.0,2,6546,卖盘
13:17:43,32.73,0.0,4,13093,卖盘
13:17:45,32.73,0.0,11,36011,卖盘
13:17:49,32.74,0.01,4,13093,买盘
13:17:51,32.73,-0.01,5,16365,卖盘
13:17:55,32.73,0.0,40,130935,卖盘
13:17:58,32.73,0.0,1,3273,卖盘
13:18:01,32.75,0.02,90,294639,买盘
13:18:05,32.74,-0.01,14,45841,卖盘
13:18:07,32.75,0.01,46,150634,买盘
13:18:09,32.75,0.0,18,58947,买盘
13:18:13,32.75,0.0,3,9825,卖盘
13:18:16,32.75,0.0,64,209661,卖盘
13:18:19,32.76,0.01,32,104815,买盘
13:18:22,32.75,-0.01,3,9826,卖盘
13:18:25,32.75,0.0,9,29481,卖盘
13:18:28,32.76,0.01,10,32760,买盘
13:18:31,32.75,-0.01,8,26205,卖盘
13:18:34,32.76,0.01,3,9828,买盘
13:18:37,32.76,0.0,12,39301,买盘
13:18:40,32.76,0.0,88,288288,买盘
13:18:43,32.76,0.0,2,6552,卖盘
13:18:46,32.77,0.01,3,9829,买盘
13:18:49,32.76,-0.01,6,19656,卖盘
13:18:52,32.76,0.0,20,65537,卖盘
13:18:55,32.76,0.0,137,448812,卖盘
13:18:58,32.76,0.0,56,183454,买盘
13:19:02,32.75,-0.01,118,386565,卖盘
13:19:04,32.76,0.01,10,32760,买盘
13:19:06,32.75,-0.01,3,9825,卖盘
13:19:10,32.75,0.0,5,16375,卖盘
13:19:12,32.75,0.0,3,9825,卖盘
13:19:15,32.76,0.01,94,307941,买盘
13:19:19,32.76,0.0,59,193261,买盘
13:19:22,32.76,0.0,14,45851,买盘
13:19:25,32.75,-0.01,3,9825,卖盘
13:19:28,32.76,0.01,33,108108,买盘
13:19:30,32.75,-0.01,4,13100,卖盘
13:19:34,32.75,0.0,2,6550,卖盘
13:19:37,32.76,0.01,111,363526,买盘
13:19:39,32.75,-0.01,16,52413,卖盘
13:19:42,32.75,0.0,6,19650,卖盘
13:19:46,32.75,0.0,6,19655,卖盘
13:19:49,32.75,0.0,7,22925,卖盘
13:19:52,32.76,0.01,41,134303,买盘
13:19:55,32.75,-0.01,3,9825,卖盘
13:19:57,32.75,0.0,1,3275,卖盘
13:20:01,32.75,0.0,102,334146,卖盘
13:20:03,32.75,0.0,52,170300,卖盘
13:20:07,32.75,0.0,126,412760,卖盘
13:20:10,32.75,0.0,29,94998,卖盘
13:20:12,32.75,0.0,71,232537,卖盘
13:20:16,32.76,0.01,125,409426,买盘
13:20:19,32.74,-0.02,59,193192,卖盘
13:20:21,32.74,0.0,6,19645,卖盘
13:20:25,32.75,0.01,16,52393,买盘
13:20:27,32.74,-0.01,4,13096,卖盘
13:20:34,32.74,0.0,11,36014,卖盘
13:20:37,32.75,0.01,15,49111,买盘
13:20:43,32.75,0.0,11,36025,买盘
13:20:46,32.75,0.0,30,98245,买盘
13:20:49,32.74,-0.01,7,22918,卖盘
13:20:51,32.74,0.0,1,3274,卖盘
13:20:55,32.75,0.01,8,26197,买盘
13:20:58,32.74,-0.01,16,52384,卖盘
13:21:00,32.74,0.0,115,376604,卖盘
13:21:04,32.75,0.01,31,101523,买盘
13:21:07,32.75,0.0,1,3275,买盘
13:21:10,32.74,-0.01,4,13098,卖盘
13:21:13,32.74,0.0,17,55663,卖盘
13:21:16,32.75,0.01,57,186675,买盘
13:21:19,32.75,0.0,61,199727,买盘
13:21:22,32.75,0.0,18,58946,买盘
13:21:28,32.75,0.0,4,13100,买盘
13:21:31,32.75,0.0,22,72049,买盘
13:21:34,32.74,-0.01,27,88423,卖盘
13:21:37,32.75,0.01,2,6550,买盘
13:21:40,32.74,-0.01,22,72029,卖盘
13:21:45,32.75,0.01,3,9823,买盘
13:21:49,32.74,-0.01,2,6548,卖盘
13:21:52,32.75,0.01,1,3275,买盘
13:21:55,32.74,-0.01,3,9822,卖盘
13:21:58,32.74,0.0,7,22918,卖盘
13:22:01,32.75,0.01,153,501067,买盘
13:22:03,32.75,0.0,100,327496,买盘
13:22:07,32.75,0.0,11,36021,买盘
13:22:09,32.75,0.0,24,78600,买盘
13:22:13,32.76,0.01,8,26201,买盘
13:22:16,32.76,0.0,76,248964,买盘
13:22:19,32.75,-0.01,80,262000,卖盘
13:22:22,32.75,0.0,46,150650,买盘
13:22:24,32.74,-0.01,17,55672,卖盘
13:22:28,32.74,0.0,5,16372,卖盘
13:22:34,32.74,0.0,51,166974,卖盘
13:22:37,32.74,0.0,22,72030,卖盘
13:22:39,32.74,0.0,2,6548,卖盘
13:22:43,32.75,0.01,33,108073,买盘
13:22:46,32.75,0.0,3,9824,买盘
13:22:49,32.74,-0.01,9,29467,卖盘
13:22:52,32.74,0.0,11,36014,卖盘
13:22:55,32.74,0.0,4,13096,卖盘
13:22:58,32.74,0.0,48,157152,卖盘
13:23:01,32.74,0.0,67,219358,买盘
13:23:04,32.75,0.01,32,104800,买盘
13:23:07,32.74,-0.01,16,52384,卖盘
13:23:10,32.74,0.0,8,26193,卖盘
13:23:13,32.74,0.0,19,62223,卖盘
13:23:19,32.75,0.01,99,324208,买盘
13:23:22,32.74,-0.01,32,104768,卖盘
13:23:25,32.75,0.01,10,32750,买盘
13:23:28,32.73,-0.02,158,517289,卖盘
13:23:31,32.74,0.01,10,32740,买盘
13:23:37,32.73,-0.01,4,13094,卖盘
13:23:40,32.74,0.01,57,186568,买盘
13:23:43,32.73,-0.01,30,98190,卖盘
13:23:46,32.74,0.01,21,68743,买盘
13:23:49,32.73,-0.01,4,13092,卖盘
13:23:52,32.74,0.01,145,474697,买盘
13:23:54,32.73,-0.01,32,104763,卖盘
13:23:58,32.73,0.0,27,88397,卖盘
13:24:01,32.74,0.01,67,219358,买盘
13:24:03,32.74,0.0,2,6548,卖盘
13:24:06,32.74,0.0,23,75302,卖盘
13:24:10,32.74,0.0,2,6548,卖盘
13:24:13,32.74,0.0,8,26197,卖盘
13:24:15,32.74,0.0,2,6548,卖盘
13:24:19,32.75,0.01,517,1692067,买盘
13:24:22,32.74,-0.01,11,36017,中性盘
13:24:31,32.73,-0.01,5,16365,卖盘
13:24:33,32.73,0.0,1,3273,卖盘
13:24:36,32.73,0.0,9,29457,卖盘
13:24:40,32.73,0.0,6,19638,卖盘
13:24:43,32.74,0.01,10,32740,买盘
13:24:46,32.73,-0.01,6,19643,卖盘
13:24:48,32.74,0.01,14,45824,买盘
13:24:51,32.74,0.0,5,16368,买盘
13:24:55,32.74,0.0,66,216084,买盘
13:24:58,32.73,-0.01,3,9819,卖盘
13:25:01,32.75,0.02,392,1283796,买盘
13:25:04,32.75,0.0,27,88425,卖盘
13:25:07,32.75,0.0,25,81875,卖盘
13:25:13,32.75,0.0,62,203060,卖盘
13:25:16,32.75,0.0,3,9825,卖盘
13:25:19,32.76,0.01,237,776347,买盘
13:25:22,32.76,0.0,73,239148,卖盘
13:25:25,32.76,0.0,15,49137,买盘
13:25:27,32.75,-0.01,45,147409,卖盘
13:25:31,32.75,0.0,24,78600,卖盘
13:25:34,32.75,0.0,36,117934,卖盘
13:25:37,32.75,0.0,23,75338,卖盘
13:25:40,32.75,0.0,11,36026,卖盘
13:25:43,32.75,0.0,4,13102,卖盘
13:25:45,32.76,0.01,1,3276,买盘
13:25:49,32.75,-0.01,3,9825,卖盘
13:25:51,32.75,0.0,2,6550,卖盘
13:25:55,32.76,0.01,61,199836,买盘
13:25:58,32.75,-0.01,76,248902,卖盘
13:26:01,32.75,0.0,202,661749,卖盘
13:26:03,32.76,0.01,114,373462,买盘
13:26:06,32.76,0.0,10,32760,卖盘
13:26:10,32.76,0.0,5,16380,卖盘
13:26:13,32.77,0.01,10,32770,买盘
13:26:19,32.76,-0.01,20,65520,卖盘
13:26:22,32.76,0.0,1,3276,卖盘
13:26:24,32.77,0.01,2,6554,买盘
13:26:28,32.77,0.0,14,45876,买盘
13:26:31,32.77,0.0,35,114693,买盘
13:26:34,32.76,-0.01,18,58972,卖盘
13:26:37,32.76,0.0,12,39313,卖盘
13:26:40,32.77,0.01,20,65540,买盘
13:26:43,32.76,-0.01,12,39312,卖盘
13:26:46,32.77,0.01,8,26213,买盘
13:26:48,32.77,0.0,3,9831,买盘
13:26:51,32.76,-0.01,2,6552,卖盘
13:26:55,32.76,0.0,2,6552,卖盘
13:26:58,32.77,0.01,1,3277,买盘
13:27:01,32.77,0.0,10,32770,买盘
13:27:03,32.76,-0.01,12,39318,卖盘
13:27:07,32.77,0.01,2,6554,买盘
13:27:12,32.76,-0.01,79,258813,卖盘
13:27:16,32.76,0.0,181,592956,卖盘
13:27:18,32.75,-0.01,141,461902,卖盘
13:27:22,32.76,0.01,4,13102,买盘
13:27:25,32.76,0.0,12,39311,买盘
13:27:27,32.75,-0.01,4,13101,卖盘
13:27:31,32.75,0.0,9,29475,卖盘
13:27:33,32.76,0.01,11,36036,买盘
13:27:37,32.76,0.0,23,75346,买盘
13:27:40,32.75,-0.01,2,6550,卖盘
13:27:42,32.76,0.01,2,6552,买盘
13:27:46,32.75,-0.01,41,134276,卖盘
13:27:49,32.76,0.01,13,42583,买盘
13:27:52,32.75,-0.01,13,42576,卖盘
13:27:55,32.75,0.0,1,3275,卖盘
13:27:58,32.75,0.0,5,16375,卖盘
13:28:00,32.76,0.01,106,347253,买盘
13:28:04,32.76,0.0,7,22932,卖盘
13:28:07,32.76,0.0,15,49140,卖盘
13:28:10,32.77,0.01,58,190010,买盘
13:28:13,32.76,-0.01,27,88463,卖盘
13:28:16,32.76,0.0,14,45865,卖盘
13:28:19,32.75,-0.01,48,157216,卖盘
13:28:21,32.76,0.01,52,170390,中性盘
13:28:25,32.75,-0.01,2,6550,卖盘
13:28:28,32.76,0.01,1,3276,买盘
13:28:31,32.75,-0.01,6,19650,卖盘
13:28:34,32.76,0.01,5,16376,买盘
13:28:37,32.76,0.0,15,49131,买盘
13:28:39,32.76,0.0,10,32760,买盘
13:28:43,32.75,-0.01,5,16376,卖盘
13:28:45,32.75,0.0,3,9826,卖盘
13:28:49,32.75,0.0,50,163789,卖盘
13:28:52,32.75,0.0,20,65517,卖盘
13:28:54,32.75,0.0,2,6550,卖盘
13:28:58,32.75,0.0,53,173575,卖盘
13:29:01,32.76,0.01,135,442219,买盘
13:29:03,32.75,-0.01,34,111350,卖盘
13:29:07,32.75,0.0,36,117901,卖盘
13:29:09,32.75,0.0,81,265275,卖盘
13:29:13,32.75,0.0,72,235810,卖盘
13:29:16,32.75,0.0,4,13100,卖盘
13:29:19,32.73,-0.02,111,363570,卖盘
13:29:22,32.76,0.03,15,49134,买盘
13:29:25,32.74,-0.02,8,26192,卖盘
13:29:28,32.73,-0.01,4,13093,卖盘
13:29:30,32.74,0.01,11,36004,买盘
13:29:34,32.74,0.0,5,16366,买盘
13:29:37,32.73,-0.01,10,32730,卖盘
13:29:40,32.74,0.01,4,13093,买盘
13:29:43,32.73,-0.01,3,9819,卖盘
13:29:46,32.73,0.0,3,9819,卖盘
13:29:48,32.73,0.0,67,219295,卖盘
13:29:52,32.73,0.0,34,111282,卖盘
13:29:54,32.73,0.0,31,101463,卖盘
13:29:57,32.73,0.0,20,65460,卖盘
13:30:01,32.74,0.01,124,405971,买盘
13:30:04,32.73,-0.01,10,32731,卖盘
13:30:07,32.73,0.0,37,121108,卖盘
13:30:10,32.74,0.01,7,22913,买盘
13:30:12,32.73,-0.01,25,81844,卖盘
13:30:18,32.74,0.01,19,62206,买盘
13:30:21,32.74,0.0,18,58946,卖盘
13:30:25,32.75,0.01,14,45837,买盘
13:30:28,32.74,-0.01,6,19644,卖盘
13:30:31,32.74,0.0,3,9822,卖盘
13:30:33,32.74,0.0,28,91672,卖盘
13:30:37,32.74,0.0,20,65484,卖盘
13:30:39,32.74,0.0,3,9822,卖盘
13:30:43,32.74,0.0,5,16371,卖盘
13:30:46,32.75,0.01,233,763073,买盘
13:30:49,32.75,0.0,15,49128,卖盘
13:30:52,32.75,0.0,19,62225,卖盘
13:30:55,32.76,0.01,1,3276,买盘
13:30:58,32.75,-0.01,29,94998,卖盘
13:31:01,32.76,0.01,130,425845,买盘
13:31:04,32.75,-0.01,153,501085,卖盘
13:31:06,32.75,0.0,73,239143,卖盘
13:31:10,32.75,0.0,5,16377,卖盘
13:31:13,32.76,0.01,92,301336,买盘
13:31:16,32.76,0.0,145,474897,买盘
13:31:19,32.76,0.0,30,98280,卖盘
13:31:21,32.76,0.0,105,343983,卖盘
13:31:25,32.76,0.0,5,16380,卖盘
13:31:28,32.76,0.0,62,203115,卖盘
13:31:31,32.77,0.01,1,3277,买盘
13:31:34,32.76,-0.01,44,144144,卖盘
13:31:37,32.76,0.0,66,216225,卖盘
13:31:40,32.76,0.0,4,13104,卖盘
13:31:43,32.76,0.0,2,6552,卖盘
13:31:45,32.76,0.0,56,183511,卖盘
13:31:49,32.77,0.01,24,78627,买盘
13:31:52,32.76,-0.01,9,29484,卖盘
13:31:54,32.76,0.0,50,163800,卖盘
13:31:57,32.77,0.01,6,19661,买盘
13:32:00,32.76,-0.01,11,36036,卖盘
13:32:04,32.76,0.0,34,111385,卖盘
13:32:06,32.76,0.0,15,49145,卖盘
13:32:10,32.76,0.0,5,16377,卖盘
13:32:13,32.75,-0.01,26,85330,卖盘
13:32:16,32.76,0.01,94,307944,买盘
13:32:18,32.75,-0.01,203,664738,卖盘
13:32:21,32.75,0.0,59,193216,买盘
13:32:27,32.74,-0.01,4,13096,卖盘
13:32:31,32.74,0.0,6,19648,卖盘
13:32:34,32.75,0.01,1,3275,买盘
13:32:37,32.75,0.0,254,831706,买盘
13:32:40,32.74,-0.01,86,281567,卖盘
13:32:43,32.74,0.0,16,52385,卖盘
13:32:45,32.74,0.0,233,762853,卖盘
13:32:48,32.75,0.01,13,42575,买盘
13:32:52,32.74,-0.01,1,3274,卖盘
13:32:55,32.74,0.0,14,45843,卖盘
13:32:58,32.74,0.0,95,311070,卖盘
13:33:00,32.75,0.01,57,186839,买盘
13:33:04,32.74,-0.01,183,599206,卖盘
13:33:07,32.74,0.0,80,261929,卖盘
13:33:10,32.74,0.0,24,78581,卖盘
13:33:13,32.74,0.0,70,229196,卖盘
13:33:16,32.74,0.0,1,3274,卖盘
13:33:19,32.75,0.01,103,337325,买盘
13:33:22,32.75,0.0,45,147377,卖盘
13:33:25,32.76,0.01,11,36026,买盘
13:33:28,32.75,-0.01,117,383175,卖盘
13:33:31,32.74,-0.01,88,288193,卖盘
13:33:34,32.74,0.0,6,19649,卖盘
13:33:36,32.74,0.0,12,39299,卖盘
13:33:40,32.74,0.0,13,42572,卖盘
13:33:43,32.74,0.0,42,137509,卖盘
13:33:45,32.74,0.0,2,6548,卖盘
13:33:49,32.74,0.0,58,189729,卖盘
13:33:52,32.74,0.0,22,72028,买盘
13:33:55,32.73,-0.01,1,3273,卖盘
13:33:58,32.74,0.01,34,111303,买盘
13:34:01,32.74,0.0,95,311029,买盘
13:34:03,32.74,0.0,17,55647,买盘
13:34:06,32.73,-0.01,122,399314,卖盘
13:34:10,32.73,0.0,52,170196,卖盘
13:34:13,32.73,0.0,69,225849,卖盘
13:34:16,32.73,0.0,7,22912,卖盘
13:34:18,32.74,0.01,110,360140,买盘
13:34:22,32.73,-0.01,59,193121,卖盘
13:34:25,32.73,0.0,16,52380,卖盘
13:34:27,32.73,0.0,10,32730,买盘
13:34:31,32.73,0.0,9,29457,卖盘
13:34:34,32.72,-0.01,40,130887,卖盘
13:34:37,32.73,0.01,14,45813,买盘
13:34:40,32.72,-0.01,51,166873,卖盘
13:34:43,32.72,0.0,72,235584,卖盘
13:34:46,32.72,0.0,1,3272,卖盘
13:34:49,32.73,0.01,513,1679011,买盘
13:34:52,32.72,-0.01,69,225815,卖盘
13:34:55,32.72,0.0,196,641335,卖盘
13:34:58,32.72,0.0,41,134152,买盘
13:35:01,32.72,0.0,96,314102,卖盘
13:35:06,32.73,0.01,15,49086,买盘
13:35:09,32.72,-0.01,30,98160,卖盘
13:35:13,32.73,0.01,13,42549,买盘
13:35:16,32.72,-0.01,9,29448,中性盘
13:35:19,32.71,-0.01,189,618554,卖盘
13:35:22,32.73,0.02,122,399294,买盘
13:35:25,32.72,-0.01,20,65454,卖盘
13:35:27,32.72,0.0,34,111248,卖盘
13:35:31,32.72,0.0,75,245353,卖盘
13:35:34,32.72,0.0,141,461452,卖盘
13:35:37,32.73,0.01,77,251981,买盘
13:35:40,32.73,0.0,45,147277,卖盘
13:35:42,32.72,-0.01,49,160374,卖盘
13:35:46,32.72,0.0,38,124372,卖盘
13:35:49,32.72,0.0,1,3272,卖盘
13:35:52,32.73,0.01,133,435309,买盘
13:35:55,32.72,-0.01,49,160371,卖盘
13:35:58,32.72,0.0,18,58898,卖盘
13:36:01,32.72,0.0,27,88343,买盘
13:36:04,32.72,0.0,56,183232,卖盘
13:36:07,32.73,0.01,34,111250,买盘
13:36:09,32.73,0.0,12,39268,买盘
13:36:13,32.72,-0.01,7,22909,卖盘
13:36:19,32.72,0.0,55,179948,买盘
13:36:22,32.72,0.0,29,94888,卖盘
13:36:25,32.71,-0.01,169,552884,卖盘
13:36:27,32.71,0.0,1,3271,卖盘
13:36:31,32.72,0.01,23,75257,卖盘
13:36:34,32.71,-0.01,6,19629,卖盘
13:36:37,32.72,0.01,13,42527,买盘
13:36:40,32.71,-0.01,8,26168,卖盘
13:36:43,32.71,0.0,207,677099,卖盘
13:36:46,32.71,0.0,51,166820,买盘
13:36:49,32.7,-0.01,48,157007,卖盘
13:36:51,32.7,0.0,22,71948,卖盘
13:36:55,32.7,0.0,10,32700,卖盘
13:36:58,32.7,0.0,6,19620,卖盘
13:37:00,32.7,0.0,385,1259047,卖盘
13:37:04,32.7,0.0,27,88294,卖盘
13:37:07,32.7,0.0,94,307387,卖盘
13:37:09,32.69,-0.01,117,382587,卖盘
13:37:13,32.7,0.01,56,183109,买盘
13:37:16,32.7,0.0,9,29422,买盘
13:37:19,32.69,-0.01,183,598388,卖盘
13:37:21,32.7,0.01,752,2458410,买盘
13:37:24,32.7,0.0,224,732671,卖盘
13:37:28,32.7,0.0,126,412020,卖盘
13:37:31,32.71,0.01,20,65409,买盘
13:37:33,32.7,-0.01,40,130800,卖盘
13:37:37,32.7,0.0,16,52324,卖盘
13:37:40,32.7,0.0,7,22891,卖盘
13:37:43,32.7,0.0,17,55591,卖盘
13:37:46,32.7,0.0,22,71960,卖盘
13:37:49,32.71,0.01,62,202741,买盘
13:37:52,32.7,-0.01,217,709590,卖盘
13:37:55,32.7,0.0,37,120990,卖盘
13:37:58,32.7,0.0,11,35970,买盘
13:38:01,32.7,0.0,64,209280,买盘
13:38:03,32.71,0.01,100,327044,买盘
13:38:06,32.69,-0.02,36,117717,卖盘
13:38:10,32.7,0.01,1,3270,买盘
13:38:13,32.7,0.0,20,65400,买盘
13:38:16,32.7,0.0,98,320459,买盘
13:38:19,32.71,0.01,286,935394,买盘
