time,price,change,volume,amount,type
09:25:04,33.8,-0.03,2252,7612301,卖盘
09:29:59,33.8,0.0,14,48334,卖盘
09:30:02,33.85,0.05,2244,7569117,买盘
09:30:06,33.85,0.0,866,2929485,卖盘
09:30:09,33.78,-0.07,477,1612462,卖盘
09:30:12,33.71,-0.07,134,452377,卖盘
09:30:15,33.68,-0.03,433,1461636,卖盘
09:30:18,33.67,-0.01,78,262701,中性盘
09:30:20,33.69,0.02,128,430823,买盘
09:30:23,33.63,-0.06,180,605814,卖盘
09:30:26,33.63,0.0,158,531915,卖盘
09:30:30,33.62,-0.01,160,537973,卖盘
09:30:33,33.68,0.06,54,181725,买盘
09:30:36,33.63,-0.05,74,249102,卖盘
09:30:39,33.63,0.0,52,174919,卖盘
09:30:42,33.65,0.02,24,80728,买盘
09:30:45,33.63,-0.02,157,528008,卖盘
09:30:48,33.74,0.11,520,1754060,买盘
09:30:51,33.63,-0.11,71,239210,卖盘
09:30:54,33.72,0.09,6,20228,中性盘
09:30:56,33.67,-0.05,42,141330,中性盘
09:31:00,33.63,-0.04,176,593225,卖盘
09:31:02,33.7,0.07,107,360599,买盘
09:31:06,33.64,-0.06,211,709534,卖盘
09:31:09,33.62,-0.02,144,484207,卖盘
09:31:12,33.63,0.01,109,366770,卖盘
09:31:15,33.66,0.03,74,249084,中性盘
09:31:18,33.69,0.03,85,286164,买盘
09:31:20,33.68,-0.01,263,885278,中性盘
09:31:24,33.68,0.0,31,104400,买盘
09:31:26,33.65,-0.03,76,255695,中性盘
09:31:30,33.63,-0.02,207,696197,卖盘
09:31:33,33.62,-0.01,227,763208,卖盘
09:31:36,33.61,-0.01,506,1700779,卖盘
09:31:39,33.6,-0.01,1879,6313883,卖盘
09:31:42,33.55,-0.05,921,3093073,卖盘
09:31:44,33.53,-0.02,313,1049721,卖盘
09:31:48,33.53,0.0,128,429162,买盘
09:31:51,33.52,-0.01,238,798138,卖盘
09:31:53,33.53,0.01,125,419090,中性盘
09:31:57,33.5,-0.03,1254,4201474,卖盘
09:32:00,33.5,0.0,91,304893,卖盘
09:32:03,33.5,0.0,929,3112249,卖盘
09:32:05,33.5,0.0,386,1293439,卖盘
09:32:09,33.51,0.01,223,747192,买盘
09:32:11,33.52,0.01,395,1325935,买盘
09:32:15,33.6,0.08,137,459877,买盘
09:32:17,33.52,-0.08,154,517153,卖盘
09:32:21,33.6,0.08,39,130989,买盘
09:32:24,33.58,-0.02,86,288767,中性盘
09:32:27,33.61,0.03,329,1105594,买盘
09:32:30,33.58,-0.03,19,63855,卖盘
09:32:33,33.6,0.02,38,127675,买盘
09:32:36,33.56,-0.04,71,238393,卖盘
09:32:39,33.57,0.01,48,161135,买盘
09:32:42,33.57,0.0,95,318915,买盘
09:32:45,33.57,0.0,66,221550,买盘
09:32:48,33.56,-0.01,94,315491,卖盘
09:32:51,33.57,0.01,177,594059,买盘
09:32:54,33.56,-0.01,112,375877,卖盘
09:32:57,33.56,0.0,248,832309,买盘
09:32:59,33.54,-0.02,204,684300,卖盘
09:33:03,33.55,0.01,663,2225445,买盘
09:33:05,33.54,-0.01,772,2588484,卖盘
09:33:09,33.54,0.0,305,1022353,买盘
09:33:11,33.55,0.01,657,2202331,买盘
09:33:14,33.5,-0.05,354,1187079,卖盘
09:33:18,33.5,0.0,155,519280,卖盘
09:33:21,33.5,0.0,557,1865976,卖盘
09:33:24,33.5,0.0,816,2731385,卖盘
09:33:26,33.49,-0.01,511,1709884,卖盘
09:33:29,33.42,-0.07,272,910306,卖盘
09:33:33,33.45,0.03,582,1945988,买盘
09:33:36,33.4,-0.05,256,855084,卖盘
09:33:38,33.4,0.0,552,1843711,买盘
09:33:42,33.33,-0.07,301,1004131,卖盘
09:33:45,33.33,0.0,348,1160009,卖盘
09:33:48,33.34,0.01,321,1070101,买盘
09:33:51,33.35,0.01,134,446829,买盘
09:33:54,33.37,0.02,166,553834,买盘
09:33:56,33.41,0.04,198,661083,买盘
09:34:00,33.35,-0.06,190,634514,卖盘
09:34:03,33.43,0.08,86,287350,买盘
09:34:06,33.43,0.0,35,117057,卖盘
09:34:09,33.43,0.0,38,127057,中性盘
09:34:11,33.46,0.03,412,1378138,买盘
09:34:15,33.47,0.01,782,2614840,买盘
09:34:18,33.48,0.01,183,612145,买盘
09:34:20,33.48,0.0,6,20083,买盘
09:34:24,33.46,-0.02,269,900222,卖盘
09:34:27,33.46,0.0,142,475058,买盘
09:34:30,33.45,-0.01,42,140499,卖盘
09:34:33,33.46,0.01,143,478398,买盘
09:34:36,33.46,0.0,566,1893937,买盘
09:34:39,33.46,0.0,386,1291285,卖盘
09:34:42,33.46,0.0,96,321118,买盘
09:34:45,33.48,0.02,127,425028,买盘
09:34:48,33.48,0.0,231,773122,买盘
09:34:50,33.46,-0.02,163,545401,卖盘
09:34:53,33.45,-0.01,205,685678,卖盘
09:34:56,33.45,0.0,123,411387,卖盘
09:35:00,33.46,0.01,32,107044,买盘
09:35:03,33.45,-0.01,806,2696932,卖盘
09:35:06,33.46,0.01,152,508539,买盘
09:35:09,33.4,-0.06,1256,4199713,卖盘
09:35:12,33.37,-0.03,730,2438330,卖盘
09:35:15,33.39,0.02,233,777638,买盘
09:35:18,33.36,-0.03,163,543800,卖盘
09:35:21,33.4,0.04,805,2688022,买盘
09:35:24,33.4,0.0,207,691410,卖盘
09:35:27,33.4,0.0,181,604550,卖盘
09:35:30,33.38,-0.02,41,136876,卖盘
09:35:32,33.37,-0.01,122,407131,卖盘
09:35:36,33.4,0.03,320,1068835,买盘
09:35:39,33.37,-0.03,125,417283,卖盘
09:35:42,33.37,0.0,80,267007,买盘
09:35:45,33.4,0.03,334,1114914,买盘
09:35:48,33.36,-0.04,404,1348163,卖盘
09:35:51,33.37,0.01,191,637258,卖盘
09:35:54,33.37,0.0,53,176862,卖盘
09:35:57,33.4,0.03,816,2725324,买盘
09:36:00,33.37,-0.03,95,317036,卖盘
09:36:03,33.4,0.03,915,3056366,买盘
09:36:06,33.37,-0.03,415,1385412,卖盘
09:36:09,33.4,0.03,214,714412,买盘
09:36:12,33.35,-0.05,504,1681243,卖盘
09:36:14,33.38,0.03,97,323752,买盘
09:36:17,33.37,-0.01,90,300418,卖盘
09:36:21,33.36,-0.01,92,306957,卖盘
09:36:24,33.36,0.0,101,336889,买盘
09:36:27,33.34,-0.02,190,633799,卖盘
09:36:29,33.35,0.01,68,226766,买盘
09:36:33,33.35,0.0,52,173405,买盘
09:36:36,33.34,-0.01,22,73338,中性盘
09:36:38,33.33,-0.01,171,570003,卖盘
09:36:41,33.34,0.01,169,563384,买盘
09:36:45,33.35,0.01,346,1153836,买盘
09:36:48,33.33,-0.02,346,1153274,卖盘
09:36:51,33.34,0.01,418,1393473,买盘
09:36:54,33.32,-0.02,248,826733,卖盘
09:36:57,33.33,0.01,164,546658,中性盘
09:37:00,33.32,-0.01,119,396629,卖盘
09:37:02,33.34,0.02,587,1956313,买盘
09:37:05,33.34,0.0,1094,3646464,买盘
09:37:09,33.34,0.0,217,722977,买盘
09:37:12,33.32,-0.02,267,889479,中性盘
09:37:15,33.31,-0.01,546,1819247,卖盘
09:37:18,33.45,0.14,1253,4182258,买盘
09:37:21,33.34,-0.11,995,3328253,卖盘
09:37:24,33.33,-0.01,278,927035,卖盘
09:37:26,33.34,0.01,26,86684,中性盘
09:37:30,33.34,0.0,103,343412,卖盘
09:37:32,33.34,0.0,199,663300,卖盘
09:37:36,33.33,-0.01,130,433385,卖盘
09:37:39,33.34,0.01,298,993118,中性盘
09:37:41,33.4,0.06,66,219974,买盘
09:37:45,33.4,0.0,130,433965,买盘
09:37:47,33.4,0.0,365,1220326,买盘
09:37:51,33.44,0.04,16,53472,中性盘
09:37:54,33.4,-0.04,37,123632,卖盘
09:37:56,33.35,-0.05,60,200270,卖盘
09:37:59,33.42,0.07,9,30058,买盘
09:38:03,33.42,0.0,1074,3589177,买盘
09:38:06,33.35,-0.07,110,367197,卖盘
09:38:09,33.37,0.02,30,100109,中性盘
09:38:12,33.4,0.03,67,223537,买盘
09:38:15,33.42,0.02,561,1874701,买盘
09:38:18,33.42,0.0,16,53472,卖盘
09:38:21,33.42,0.0,117,391014,卖盘
09:38:24,33.42,0.0,146,487950,卖盘
09:38:27,33.42,0.0,29,96928,卖盘
09:38:30,33.43,0.01,118,394463,买盘
09:38:32,33.44,0.01,133,444645,买盘
09:38:36,33.43,-0.01,34,113664,卖盘
09:38:39,33.43,0.0,33,110359,卖盘
09:38:42,33.44,0.01,155,518260,卖盘
09:38:45,33.43,-0.01,455,1521413,卖盘
09:38:48,33.43,0.0,78,260752,买盘
09:38:50,33.43,0.0,19,63517,买盘
09:38:54,33.43,0.0,49,163806,买盘
09:38:57,33.42,-0.01,23,76877,卖盘
09:39:00,33.42,0.0,108,360907,买盘
09:39:03,33.43,0.01,726,2425656,买盘
09:39:06,33.41,-0.02,301,1005475,卖盘
09:39:09,33.39,-0.02,174,581161,卖盘
09:39:12,33.36,-0.03,156,520664,卖盘
09:39:14,33.39,0.03,264,880799,买盘
09:39:18,33.36,-0.03,165,550378,买盘
09:39:21,33.36,0.0,128,426921,买盘
09:39:24,33.36,0.0,276,920566,买盘
09:39:27,33.36,0.0,30,100067,买盘
09:39:30,33.34,-0.02,1018,3394776,卖盘
09:39:33,33.37,0.03,64,213496,买盘
09:39:36,33.36,-0.01,25,83415,卖盘
09:39:38,33.37,0.01,3,10011,买盘
09:39:42,33.38,0.01,130,433986,买盘
09:39:45,33.38,0.0,40,133503,卖盘
09:39:47,33.38,0.0,34,113492,卖盘
09:39:50,33.36,-0.02,389,1297897,卖盘
09:39:53,33.36,0.0,22,73406,卖盘
09:39:56,33.38,0.02,48,160144,买盘
09:40:00,33.38,0.0,37,123463,买盘
09:40:03,33.36,-0.02,1314,4382511,卖盘
09:40:06,33.33,-0.03,490,1633342,卖盘
09:40:08,33.32,-0.01,364,1212688,卖盘
09:40:12,33.27,-0.05,2288,7618689,卖盘
09:40:15,33.22,-0.05,392,1302851,卖盘
09:40:18,33.21,-0.01,311,1033036,卖盘
09:40:21,33.19,-0.02,423,1404358,卖盘
09:40:23,33.24,0.05,80,265588,买盘
09:40:27,33.2,-0.04,106,351895,中性盘
09:40:30,33.19,-0.01,255,846306,卖盘
09:40:33,33.22,0.03,51,169392,中性盘
09:40:35,33.2,-0.02,63,209189,卖盘
09:40:39,33.2,0.0,281,932909,卖盘
09:40:42,33.22,0.02,131,435053,买盘
09:40:45,33.24,0.02,276,916724,买盘
09:40:47,33.22,-0.02,169,561346,卖盘
09:40:51,33.2,-0.02,209,694145,卖盘
09:40:53,33.22,0.02,51,169442,买盘
09:40:57,33.22,0.0,48,159455,中性盘
09:40:59,33.22,0.0,116,385247,中性盘
09:41:03,33.2,-0.02,1142,3791593,卖盘
09:41:06,33.19,-0.01,103,341906,卖盘
09:41:09,33.2,0.01,556,1845816,买盘
09:41:12,33.18,-0.02,635,2106968,卖盘
09:41:15,33.2,0.02,492,1632996,买盘
09:41:18,33.17,-0.03,2108,6991958,卖盘
09:41:21,33.17,0.0,298,988377,买盘
09:41:24,33.15,-0.02,110,364804,卖盘
09:41:27,33.17,0.02,839,2781593,买盘
09:41:30,33.16,-0.01,132,437718,卖盘
09:41:33,33.17,0.01,237,785649,买盘
09:41:35,33.15,-0.02,117,387818,卖盘
09:41:39,33.16,0.01,104,344722,买盘
09:41:41,33.16,0.0,267,885044,卖盘
09:41:45,33.15,-0.01,360,1193987,中性盘
09:41:48,33.16,0.01,444,1472606,中性盘
09:41:51,33.14,-0.02,132,437631,卖盘
09:41:54,33.15,0.01,104,344788,中性盘
09:41:57,33.17,0.02,611,2026280,买盘
09:42:00,33.17,0.0,191,633162,买盘
09:42:02,33.16,-0.01,291,964607,买盘
09:42:06,33.16,0.0,254,842289,卖盘
09:42:09,33.16,0.0,114,378024,卖盘
09:42:12,33.16,0.0,796,2638910,买盘
09:42:15,33.15,-0.01,179,593349,卖盘
09:42:18,33.16,0.01,240,795854,买盘
09:42:21,33.16,0.0,108,358134,卖盘
09:42:24,33.16,0.0,113,374759,卖盘
09:42:27,33.16,0.0,154,510586,买盘
09:42:30,33.16,0.0,110,364757,买盘
09:42:32,33.16,0.0,122,404494,卖盘
09:42:36,33.17,0.01,66,218885,买盘
09:42:39,33.18,0.01,457,1515859,买盘
09:42:42,33.17,-0.01,210,696665,卖盘
09:42:44,33.18,0.01,4,13271,中性盘
09:42:47,33.17,-0.01,605,2006895,卖盘
09:42:50,33.16,-0.01,206,683298,卖盘
09:42:54,33.16,0.0,455,1508856,卖盘
09:42:57,33.17,0.01,255,845676,买盘
09:43:00,33.17,0.0,129,427836,买盘
09:43:03,33.16,-0.01,2845,9431579,卖盘
09:43:05,33.13,-0.03,841,2788057,卖盘
09:43:09,33.12,-0.01,336,1112948,卖盘
09:43:11,33.11,-0.01,796,2635855,卖盘
09:43:15,33.1,-0.01,2988,9889646,卖盘
09:43:18,33.06,-0.04,2356,7801944,卖盘
09:43:20,33.05,-0.01,227,750450,卖盘
09:43:23,33.06,0.01,1161,3835311,买盘
09:43:27,33.0,-0.06,378,1247945,卖盘
09:43:30,33.0,0.0,1960,6468140,卖盘
09:43:32,32.99,-0.01,404,1332973,中性盘
09:43:36,33.09,0.1,2803,9253840,买盘
09:43:39,33.06,-0.03,166,548338,中性盘
09:43:41,33.03,-0.03,158,522133,卖盘
09:43:45,33.06,0.03,193,637556,中性盘
09:43:48,33.06,0.0,242,800367,卖盘
09:43:51,33.06,0.0,188,621711,卖盘
09:43:53,33.1,0.04,534,1767117,买盘
09:43:56,33.13,0.03,891,2951652,买盘
09:44:00,33.1,-0.03,56,185425,卖盘
09:44:03,33.13,0.03,191,632678,买盘
09:44:06,33.13,0.0,392,1298118,买盘
09:44:09,33.14,0.01,78,258426,买盘
09:44:11,33.1,-0.04,894,2959348,卖盘
09:44:15,33.13,0.03,174,575943,买盘
09:44:18,33.16,0.03,146,483836,买盘
09:44:21,33.13,-0.03,756,2504607,卖盘
09:44:24,33.14,0.01,103,341249,中性盘
09:44:27,33.17,0.03,42,139245,买盘
09:44:30,33.18,0.01,175,583305,买盘
09:44:33,33.2,0.02,105,348525,买盘
09:44:36,33.21,0.01,92,305452,买盘
09:44:38,33.2,-0.01,257,853428,卖盘
09:44:42,33.2,0.0,347,1152037,买盘
09:44:45,33.2,0.0,110,365184,买盘
09:44:48,33.2,0.0,343,1138702,买盘
09:44:51,33.2,0.0,92,305427,买盘
09:44:53,33.19,-0.01,225,746692,卖盘
09:44:56,33.19,0.0,67,222363,买盘
09:44:59,33.17,-0.02,160,530961,卖盘
09:45:03,33.18,0.01,414,1373642,买盘
09:45:06,33.2,0.02,601,1994800,买盘
09:45:09,33.18,-0.02,250,829516,卖盘
09:45:12,33.17,-0.01,193,640318,卖盘
09:45:15,33.17,0.0,62,205686,卖盘
09:45:18,33.25,0.08,580,1926238,买盘
09:45:21,33.25,0.0,97,322525,卖盘
09:45:24,33.26,0.01,504,1675737,买盘
09:45:26,33.26,0.0,17,56444,买盘
09:45:30,33.2,-0.06,19,63168,中性盘
09:45:33,33.25,0.05,111,369091,中性盘
09:45:36,33.26,0.01,34,113069,买盘
09:45:39,33.21,-0.05,22,73102,卖盘
09:45:42,33.25,0.04,50,166106,买盘
09:45:45,33.25,0.0,167,555105,买盘
09:45:48,33.21,-0.04,171,568360,卖盘
09:45:52,33.19,-0.02,230,763599,卖盘
09:45:54,33.18,-0.01,305,1012044,卖盘
09:45:57,33.17,-0.01,107,354995,卖盘
09:46:00,33.18,0.01,50,165868,买盘
09:46:02,33.18,0.0,276,915660,买盘
09:46:06,33.19,0.01,111,368342,买盘
09:46:09,33.18,-0.01,44,146020,卖盘
09:46:12,33.18,0.0,697,2312830,卖盘
09:46:15,33.19,0.01,206,683674,买盘
09:46:18,33.19,0.0,199,660373,买盘
09:46:21,33.18,-0.01,353,1171655,卖盘
09:46:24,33.18,0.0,303,1005346,卖盘
09:46:27,33.18,0.0,35,116128,买盘
09:46:30,33.18,0.0,21,69671,买盘
09:46:33,33.17,-0.01,105,348286,卖盘
09:46:36,33.17,0.0,18,59706,买盘
09:46:39,33.16,-0.01,147,487578,卖盘
09:46:42,33.17,0.01,163,540635,买盘
09:46:45,33.18,0.01,15,49758,买盘
09:46:48,33.17,-0.01,264,875688,卖盘
09:46:51,33.16,-0.01,247,819309,卖盘
09:46:54,33.17,0.01,69,228870,中性盘
09:46:56,33.16,-0.01,49,162564,卖盘
09:47:00,33.16,0.0,46,152568,卖盘
09:47:03,33.18,0.02,745,2471511,买盘
09:47:07,33.19,0.01,448,1486426,买盘
09:47:09,33.17,-0.02,701,2326056,卖盘
09:47:12,33.17,0.0,550,1825122,卖盘
09:47:15,33.2,0.03,738,2450158,买盘
09:47:18,33.24,0.04,927,3077909,买盘
09:47:21,33.2,-0.04,312,1036014,卖盘
09:47:23,33.24,0.04,10,33212,买盘
09:47:27,33.2,-0.04,335,1112206,卖盘
09:47:30,33.2,0.0,180,597600,买盘
09:47:33,33.23,0.03,116,385200,买盘
09:47:36,33.23,0.0,22,73102,买盘
09:47:38,33.21,-0.02,49,162761,卖盘
09:47:42,33.23,0.02,155,514925,买盘
09:47:45,33.21,-0.02,85,282401,卖盘
09:47:48,33.23,0.02,289,959820,买盘
09:47:51,33.21,-0.02,348,1155491,卖盘
09:47:53,33.21,0.0,52,172715,卖盘
09:47:56,33.24,0.03,28,93059,买盘
09:48:00,33.22,-0.02,20,66473,卖盘
09:48:03,33.23,0.01,861,2860907,买盘
09:48:06,33.21,-0.02,109,362006,卖盘
09:48:08,33.22,0.01,37,122923,买盘
09:48:12,33.21,-0.01,139,461750,卖盘
09:48:15,33.23,0.02,511,1698093,买盘
09:48:18,33.21,-0.02,110,365480,卖盘
09:48:22,33.22,0.01,154,511592,卖盘
09:48:23,33.22,0.0,1061,3522670,买盘
09:48:27,33.19,-0.03,200,664002,卖盘
09:48:30,33.19,0.0,113,375120,卖盘
09:48:33,33.18,-0.01,174,577384,卖盘
09:48:37,33.17,-0.01,107,354985,卖盘
09:48:39,33.16,-0.01,50,165859,卖盘
09:48:42,33.15,-0.01,1096,3631120,卖盘
09:48:45,33.14,-0.01,37,122625,中性盘
09:48:48,33.15,0.01,89,294986,买盘
09:48:52,33.15,0.0,103,341229,买盘
09:48:54,33.14,-0.01,1192,3946996,卖盘
09:48:57,33.11,-0.03,43,142367,中性盘
09:49:00,33.11,0.0,98,324464,买盘
09:49:03,33.1,-0.01,933,3089015,卖盘
09:49:06,33.09,-0.01,1113,3683732,卖盘
09:49:09,33.1,0.01,26,86043,买盘
09:49:12,33.08,-0.02,176,582237,卖盘
09:49:16,33.06,-0.02,98,324104,卖盘
09:49:18,33.08,0.02,186,615226,买盘
09:49:21,33.06,-0.02,128,423285,卖盘
09:49:24,33.03,-0.03,759,2508560,卖盘
09:49:27,33.09,0.06,292,965902,买盘
09:49:30,33.09,0.0,1057,3496569,买盘
09:49:33,33.1,0.01,88,291228,买盘
09:49:36,33.1,0.0,95,314376,买盘
09:49:38,33.1,0.0,139,459948,买盘
09:49:42,33.1,0.0,122,403690,买盘
09:49:45,33.1,0.0,120,397190,买盘
09:49:48,33.11,0.01,316,1045972,买盘
09:49:51,33.1,-0.01,308,1019480,卖盘
09:49:54,33.1,0.0,2,6620,卖盘
09:49:57,33.1,0.0,314,1039408,卖盘
09:50:00,33.1,0.0,53,175392,买盘
09:50:03,33.1,0.0,629,2081909,买盘
09:50:07,33.11,0.01,512,1694722,买盘
09:50:09,33.1,-0.01,718,2377179,卖盘
09:50:12,33.1,0.0,527,1744891,卖盘
09:50:15,33.11,0.01,54,178797,中性盘
09:50:18,33.11,0.0,6,19869,卖盘
09:50:21,33.11,0.0,89,294736,卖盘
09:50:24,33.11,0.0,1155,3823823,卖盘
09:50:27,33.14,0.03,18,59618,买盘
09:50:30,33.16,0.02,26,86128,买盘
09:50:33,33.19,0.03,131,434030,买盘
09:50:36,33.14,-0.05,12,39780,卖盘
09:50:39,33.16,0.02,5,16574,买盘
09:50:42,33.16,0.0,17,56366,买盘
09:50:45,33.16,0.0,7,23212,买盘
09:50:48,33.16,0.0,23,76246,买盘
09:50:51,33.16,0.0,125,414458,买盘
09:50:54,33.15,-0.01,42,139266,卖盘
09:50:57,33.16,0.01,3,9948,买盘
09:50:59,33.14,-0.02,107,354702,卖盘
09:51:03,33.14,0.0,748,2479592,卖盘
09:51:07,33.14,0.0,190,629708,卖盘
09:51:09,33.15,0.01,64,212116,买盘
09:51:12,33.14,-0.01,75,248555,卖盘
09:51:16,33.15,0.01,276,914787,买盘
09:51:18,33.15,0.0,100,331498,卖盘
09:51:22,33.15,0.0,324,1073778,买盘
09:51:24,33.13,-0.02,365,1209390,卖盘
09:51:27,33.14,0.01,175,579946,买盘
09:51:30,33.13,-0.01,115,381002,卖盘
09:51:33,33.14,0.01,26,86175,买盘
09:51:36,33.14,0.0,28,92813,卖盘
09:51:39,33.14,0.0,36,119314,卖盘
09:51:42,33.14,0.0,13,43085,卖盘
09:51:48,33.14,0.0,6,19884,买盘
09:51:52,33.1,-0.04,1840,6091805,卖盘
09:51:54,33.1,0.0,22,72820,买盘
09:51:57,33.1,0.0,26,86060,买盘
09:52:00,33.09,-0.01,22,72819,卖盘
09:52:03,33.09,0.0,366,1211103,卖盘
09:52:06,33.1,0.01,26,86059,买盘
09:52:09,33.1,0.0,277,916607,买盘
09:52:12,33.09,-0.01,101,334238,卖盘
09:52:16,33.1,0.01,45,148945,买盘
09:52:18,33.1,0.0,308,1019275,卖盘
09:52:22,33.12,0.02,27,89410,买盘
09:52:24,33.1,-0.02,23,76172,卖盘
09:52:27,33.1,0.0,24,79450,卖盘
09:52:30,33.1,0.0,2,6621,卖盘
09:52:33,33.12,0.02,58,192058,买盘
09:52:36,33.12,0.0,4,13248,买盘
09:52:39,33.12,0.0,37,122528,买盘
09:52:42,33.13,0.01,126,417326,买盘
09:52:46,33.13,0.0,1,3313,买盘
09:52:48,33.13,0.0,128,424058,买盘
09:52:50,33.12,-0.01,269,891068,卖盘
09:52:54,33.13,0.01,25,82825,买盘
09:52:57,33.13,0.0,13,43069,买盘
09:53:00,33.12,-0.01,27,89439,卖盘
09:53:04,33.13,0.01,506,1676221,买盘
09:53:06,33.14,0.01,417,1381552,买盘
09:53:09,33.13,-0.01,51,168989,卖盘
09:53:12,33.14,0.01,174,576475,买盘
09:53:16,33.13,-0.01,137,453947,卖盘
09:53:18,33.13,0.0,70,231974,卖盘
09:53:21,33.13,0.0,279,924485,卖盘
09:53:24,33.14,0.01,31,102739,卖盘
09:53:27,33.14,0.0,136,450741,卖盘
09:53:30,33.14,0.0,174,576677,卖盘
09:53:33,33.14,0.0,13,43082,买盘
09:53:37,33.19,0.05,2030,6729820,买盘
09:53:40,33.17,-0.02,96,318546,卖盘
09:53:42,33.18,0.01,82,272063,中性盘
09:53:45,33.19,0.01,166,550940,买盘
09:53:48,33.18,-0.01,84,278735,卖盘
09:53:52,33.17,-0.01,277,919058,卖盘
09:53:54,33.18,0.01,139,461207,买盘
09:53:57,33.18,0.0,97,321846,卖盘
09:54:00,33.18,0.0,47,155946,买盘
09:54:04,33.19,0.01,1379,4575064,买盘
09:54:07,33.23,0.04,87,288878,买盘
09:54:09,33.25,0.02,60,199397,买盘
09:54:12,33.27,0.02,194,645264,买盘
09:54:16,33.28,0.01,137,455935,买盘
09:54:18,33.3,0.02,496,1651597,买盘
09:54:22,33.33,0.03,524,1745593,买盘
09:54:24,33.32,-0.01,397,1323959,卖盘
09:54:27,33.36,0.04,208,693890,买盘
09:54:30,33.4,0.04,283,944501,买盘
09:54:33,33.4,0.0,95,317253,买盘
09:54:36,33.39,-0.01,55,183676,卖盘
09:54:40,33.39,0.0,182,607863,卖盘
09:54:42,33.37,-0.02,203,677692,卖盘
09:54:45,33.36,-0.01,340,1134258,卖盘
09:54:48,33.35,-0.01,44,146776,卖盘
09:54:52,33.32,-0.03,463,1543128,卖盘
09:54:54,33.29,-0.03,977,3253877,卖盘
09:54:57,33.28,-0.01,252,838823,卖盘
09:55:00,33.28,0.0,357,1188142,卖盘
09:55:04,33.27,-0.01,342,1138436,卖盘
09:55:07,33.28,0.01,164,545792,买盘
09:55:09,33.29,0.01,122,406215,中性盘
09:55:12,33.28,-0.01,286,951809,卖盘
09:55:16,33.3,0.02,153,509362,买盘
09:55:18,33.27,-0.03,233,775416,卖盘
09:55:22,33.28,0.01,270,898546,买盘
09:55:24,33.27,-0.01,234,777733,中性盘
09:55:27,33.27,0.0,619,2059985,买盘
09:55:30,33.28,0.01,15,49911,买盘
09:55:33,33.27,-0.01,51,169701,卖盘
09:55:37,33.27,0.0,30,99826,卖盘
09:55:40,33.28,0.01,1,3328,买盘
09:55:42,33.28,0.0,197,655614,买盘
09:55:45,33.3,0.02,996,3316530,买盘
09:55:48,33.32,0.02,37,123212,买盘
09:55:52,33.33,0.01,4,13331,买盘
09:55:54,33.34,0.01,147,490095,买盘
09:55:57,33.33,-0.01,48,160009,卖盘
09:56:00,33.35,0.02,126,420210,买盘
09:56:04,33.33,-0.02,756,2519748,卖盘
09:56:07,33.36,0.03,501,1670311,买盘
09:56:09,33.36,0.0,91,303558,买盘
09:56:12,33.4,0.04,63,210263,买盘
09:56:16,33.4,0.0,164,547215,买盘
09:56:18,33.36,-0.04,7,23356,卖盘
09:56:22,33.4,0.04,195,651228,买盘
09:56:24,33.39,-0.01,16,53413,中性盘
09:56:27,33.39,0.0,46,153594,卖盘
09:56:30,33.41,0.02,150,501004,买盘
09:56:33,33.41,0.0,99,330673,买盘
09:56:37,33.39,-0.02,123,410795,卖盘
09:56:40,33.39,0.0,13,43386,买盘
09:56:42,33.39,0.0,104,347335,卖盘
09:56:45,33.4,0.01,37,123571,买盘
09:56:48,33.38,-0.02,57,190280,卖盘
09:56:52,33.37,-0.01,136,454023,卖盘
09:56:54,33.39,0.02,15,50085,买盘
09:56:57,33.39,0.0,13,43407,买盘
09:57:00,33.39,0.0,13,43407,买盘
09:57:03,33.38,-0.01,158,527579,卖盘
09:57:07,33.39,0.01,696,2324609,买盘
09:57:09,33.39,0.0,56,186945,买盘
09:57:12,33.38,-0.01,132,440536,卖盘
09:57:16,33.38,0.0,31,103478,买盘
09:57:18,33.38,0.0,67,223646,买盘
09:57:22,33.38,0.0,26,86788,买盘
09:57:24,33.39,0.01,93,310475,买盘
09:57:27,33.39,0.0,72,240289,买盘
09:57:30,33.38,-0.01,15,50075,中性盘
09:57:33,33.36,-0.02,36,120130,卖盘
09:57:37,33.37,0.01,153,510696,买盘
09:57:40,33.36,-0.01,79,263511,卖盘
09:57:42,33.36,0.0,8,26688,买盘
09:57:45,33.35,-0.01,17,56699,卖盘
09:57:48,33.35,0.0,21,70038,卖盘
09:57:52,33.36,0.01,29,96744,买盘
09:57:54,33.35,-0.01,473,1578029,卖盘
09:57:57,33.35,0.0,61,203420,买盘
09:58:00,33.35,0.0,855,2849923,买盘
09:58:04,33.35,0.0,168,560218,买盘
09:58:07,33.38,0.03,541,1805361,买盘
09:58:09,33.35,-0.03,44,146763,卖盘
09:58:12,33.38,0.03,6,20025,卖盘
09:58:16,33.35,-0.03,66,220167,卖盘
09:58:18,33.35,0.0,17,56695,卖盘
09:58:21,33.35,0.0,300,1000500,卖盘
09:58:24,33.35,0.0,43,143495,卖盘
09:58:28,33.35,0.0,300,1000452,卖盘
09:58:30,33.35,0.0,26,86713,卖盘
09:58:33,33.36,0.01,114,380201,买盘
09:58:36,33.34,-0.02,19,63349,卖盘
09:58:40,33.33,-0.01,176,586853,卖盘
09:58:42,33.33,0.0,24,80012,卖盘
09:58:45,33.34,0.01,10,33338,买盘
09:58:48,33.33,-0.01,16,53329,卖盘
09:58:52,33.33,0.0,10,33330,卖盘
09:58:54,33.33,0.0,86,286643,卖盘
09:58:57,33.33,0.0,110,366630,买盘
09:59:00,33.32,-0.01,614,2045079,卖盘
09:59:04,33.3,-0.02,513,1709539,卖盘
09:59:07,33.32,0.02,72,239768,买盘
09:59:09,33.33,0.01,42,139940,买盘
09:59:12,33.34,0.01,100,333119,买盘
09:59:16,33.33,-0.01,15,49962,中性盘
09:59:18,33.3,-0.03,116,386289,卖盘
09:59:22,33.32,0.02,211,702657,中性盘
09:59:24,33.3,-0.02,261,869081,卖盘
09:59:27,33.28,-0.02,528,1757667,卖盘
09:59:30,33.27,-0.01,296,985158,卖盘
09:59:33,33.28,0.01,462,1537502,买盘
09:59:37,33.27,-0.01,100,332752,卖盘
09:59:40,33.26,-0.01,64,212920,卖盘
09:59:42,33.26,0.0,80,266152,卖盘
09:59:45,33.27,0.01,148,492389,买盘
09:59:48,33.27,0.0,75,249478,买盘
09:59:52,33.27,0.0,105,349295,买盘
09:59:54,33.26,-0.01,475,1580228,卖盘
09:59:57,33.27,0.01,333,1107576,买盘
10:00:00,33.29,0.02,102,339498,买盘
10:00:04,33.26,-0.03,259,862189,卖盘
10:00:07,33.31,0.05,207,689216,买盘
10:00:09,33.32,0.01,543,1807698,买盘
10:00:12,33.32,0.0,79,263016,买盘
10:00:16,33.32,0.0,12,39960,买盘
10:00:18,33.31,-0.01,8,26650,中性盘
10:00:21,33.29,-0.02,48,159781,卖盘
10:00:24,33.3,0.01,50,166454,买盘
10:00:27,33.3,0.0,56,186450,买盘
10:00:30,33.29,-0.01,38,126492,买盘
10:00:33,33.3,0.01,503,1674949,买盘
10:00:37,33.32,0.02,65,216478,买盘
10:00:39,33.31,-0.01,78,259881,中性盘
10:00:42,33.32,0.01,92,306691,中性盘
10:00:45,33.35,0.03,62,206584,买盘
10:00:48,33.35,0.0,9,30015,买盘
10:00:52,33.35,0.0,33,110055,买盘
10:00:54,33.35,0.0,98,326768,买盘
10:00:57,33.35,0.0,90,300168,买盘
10:01:00,33.35,0.0,15,50025,卖盘
10:01:04,33.37,0.02,122,407220,中性盘
10:01:07,33.38,0.01,732,2442864,买盘
10:01:09,33.38,0.0,117,390532,买盘
10:01:12,33.39,0.01,276,921209,买盘
10:01:16,33.36,-0.03,3,10010,卖盘
10:01:18,33.37,0.01,22,73419,买盘
10:01:22,33.37,0.0,37,123503,卖盘
10:01:24,33.36,-0.01,25,83399,中性盘
10:01:27,33.35,-0.01,29,96715,卖盘
10:01:30,33.35,0.0,51,170133,买盘
10:01:33,33.32,-0.03,89,296764,卖盘
10:01:37,33.34,0.02,262,874159,买盘
10:01:39,33.33,-0.01,68,226738,中性盘
10:01:42,33.35,0.02,7,23345,中性盘
10:01:45,33.37,0.02,228,760697,买盘
10:01:48,33.37,0.0,17,56729,买盘
10:01:52,33.34,-0.03,1,3334,卖盘
10:01:54,33.33,-0.01,65,216694,卖盘
10:01:57,33.35,0.02,9,30011,买盘
10:02:00,33.34,-0.01,67,223433,卖盘
10:02:04,33.34,0.0,125,416867,卖盘
10:02:06,33.35,0.01,365,1217275,买盘
10:02:09,33.38,0.03,343,1144037,买盘
10:02:12,33.35,-0.03,130,433625,卖盘
10:02:16,33.38,0.03,116,386900,中性盘
10:02:18,33.35,-0.03,303,1010528,卖盘
10:02:22,33.33,-0.02,391,1303647,卖盘
10:02:24,33.35,0.02,326,1086533,买盘
10:02:27,33.33,-0.02,688,2294367,中性盘
10:02:30,33.34,0.01,77,256746,卖盘
10:02:33,33.34,0.0,23,76686,卖盘
10:02:37,33.38,0.04,220,734204,买盘
10:02:39,33.34,-0.04,60,199931,中性盘
10:02:42,33.34,0.0,1,3334,卖盘
10:02:45,33.34,0.0,4,13338,卖盘
10:02:52,33.35,0.01,157,523595,买盘
10:02:54,33.35,0.0,11,36685,卖盘
10:02:57,33.38,0.03,25,83414,买盘
10:03:00,33.34,-0.04,59,196859,卖盘
10:03:04,33.35,0.01,120,400544,中性盘
10:03:06,33.39,0.04,697,2327327,买盘
10:03:09,33.4,0.01,128,427475,买盘
10:03:12,33.39,-0.01,96,320550,卖盘
10:03:16,33.4,0.01,2,6679,买盘
10:03:18,33.4,0.0,37,123570,买盘
10:03:22,33.4,0.0,24,80160,买盘
10:03:24,33.4,0.0,47,156979,买盘
10:03:28,33.4,0.0,43,143600,买盘
10:03:33,33.4,0.0,112,374185,卖盘
10:03:36,33.4,0.0,292,975804,卖盘
10:03:40,33.42,0.02,64,213867,买盘
10:03:42,33.4,-0.02,92,307280,卖盘
10:03:45,33.4,0.0,436,1456240,买盘
10:03:48,33.4,0.0,5,16700,卖盘
10:03:52,33.4,0.0,32,106898,卖盘
10:03:54,33.42,0.02,17,56812,买盘
10:03:57,33.42,0.0,46,153727,买盘
10:04:00,33.42,0.0,24,80196,买盘
10:04:04,33.41,-0.01,130,434446,卖盘
10:04:07,33.42,0.01,384,1283901,买盘
10:04:09,33.42,0.0,89,297474,卖盘
10:04:12,33.42,0.0,65,217230,卖盘
10:04:16,33.42,0.0,1,3342,卖盘
10:04:18,33.43,0.01,12,40109,买盘
10:04:22,33.43,0.0,30,100280,买盘
10:04:24,33.43,0.0,19,63506,买盘
10:04:30,33.43,0.0,77,257410,买盘
10:04:33,33.43,0.0,30,100282,买盘
10:04:37,33.44,0.01,231,772370,买盘
10:04:40,33.44,0.0,68,227304,买盘
10:04:42,33.42,-0.02,345,1152672,卖盘
10:04:45,33.4,-0.02,71,237190,卖盘
10:04:48,33.4,0.0,16,53451,卖盘
10:04:51,33.4,0.0,68,227122,卖盘
10:04:54,33.4,0.0,41,136925,买盘
10:04:57,33.39,-0.01,12,40066,卖盘
10:05:00,33.39,0.0,101,337236,买盘
10:05:03,33.4,0.01,46,153619,买盘
10:05:07,33.41,0.01,100,334035,买盘
10:05:09,33.42,0.01,561,1874005,买盘
10:05:12,33.4,-0.02,39,130286,卖盘
10:05:15,33.41,0.01,47,157027,买盘
10:05:18,33.43,0.02,122,407722,买盘
10:05:21,33.44,0.01,339,1133477,买盘
10:05:24,33.44,0.0,26,86928,买盘
10:05:27,33.44,0.0,28,93621,买盘
10:05:30,33.44,0.0,190,635351,买盘
10:05:34,33.45,0.01,99,331129,买盘
10:05:36,33.47,0.02,769,2572409,买盘
10:05:40,33.49,0.02,50,167403,买盘
10:05:42,33.49,0.0,38,127199,买盘
10:05:45,33.49,0.0,23,77019,买盘
10:05:48,33.48,-0.01,3,10044,卖盘
10:05:50,33.48,0.0,38,127241,卖盘
10:05:54,33.5,0.02,210,703305,买盘
10:05:57,33.5,0.0,234,783831,买盘
10:06:00,33.51,0.01,125,418751,买盘
10:06:04,33.51,0.0,27,90461,买盘
10:06:07,33.51,0.0,313,1049313,买盘
10:06:09,33.5,-0.01,90,300992,卖盘
10:06:12,33.5,0.0,307,1028569,买盘
10:06:15,33.49,-0.01,202,676448,卖盘
10:06:18,33.48,-0.01,240,803521,卖盘
10:06:21,33.46,-0.02,154,515297,卖盘
10:06:25,33.46,0.0,15,50199,卖盘
10:06:27,33.45,-0.01,22,73590,卖盘
10:06:30,33.43,-0.02,92,307664,卖盘
10:06:33,33.45,0.02,3,10035,买盘
10:06:37,33.46,0.01,229,765927,买盘
10:06:40,33.44,-0.02,119,398016,卖盘
10:06:42,33.42,-0.02,16,53485,卖盘
10:06:45,33.45,0.03,171,571932,买盘
10:06:48,33.45,0.0,45,150525,卖盘
10:06:51,33.45,0.0,43,143835,卖盘
10:06:55,33.44,-0.01,16,53518,卖盘
10:06:57,33.44,0.0,11,36784,卖盘
10:07:00,33.46,0.02,98,327802,买盘
10:07:04,33.45,-0.01,11,36795,卖盘
10:07:07,33.46,0.01,228,762883,买盘
10:07:09,33.47,0.01,60,200764,买盘
10:07:12,33.47,0.0,95,317871,买盘
10:07:15,33.47,0.0,102,341393,买盘
10:07:17,33.47,0.0,12,40163,买盘
10:07:21,33.47,0.0,16,53538,买盘
10:07:24,33.46,-0.01,4,13387,卖盘
10:07:28,33.46,0.0,6,20076,卖盘
10:07:30,33.46,0.0,60,200813,卖盘
10:07:34,33.46,0.0,6,20076,卖盘
10:07:36,33.47,0.01,86,287823,买盘
10:07:39,33.46,-0.01,139,465339,卖盘
10:07:42,33.46,0.0,62,207474,卖盘
10:07:45,33.47,0.01,16,53551,买盘
10:07:52,33.48,0.01,8,26783,买盘
10:07:54,33.48,0.0,32,107130,买盘
10:07:57,33.49,0.01,60,200883,买盘
10:08:03,33.49,0.0,21,70328,买盘
10:08:07,33.5,0.01,183,613048,买盘
10:08:09,33.5,0.0,22,73706,卖盘
10:08:12,33.5,0.0,81,271350,卖盘
10:08:15,33.51,0.01,16,53605,买盘
10:08:21,33.5,-0.01,472,1581203,卖盘
10:08:24,33.5,0.0,6,20100,买盘
10:08:27,33.48,-0.02,164,549217,卖盘
10:08:30,33.5,0.02,77,257950,买盘
10:08:33,33.48,-0.02,35,117182,卖盘
10:08:36,33.48,0.0,234,783433,卖盘
10:08:40,33.49,0.01,422,1413713,买盘
10:08:42,33.49,0.0,24,80370,买盘
10:08:45,33.48,-0.01,4,13393,中性盘
10:08:48,33.47,-0.01,11,36819,卖盘
10:08:52,33.46,-0.01,10,33463,卖盘
10:08:55,33.47,0.01,4,13390,买盘
10:09:01,33.47,0.0,49,164022,卖盘
10:09:03,33.48,0.01,17,56916,买盘
10:09:07,33.49,0.01,39,130610,买盘
10:09:09,33.49,0.0,68,227738,卖盘
10:09:12,33.49,0.0,97,324854,卖盘
10:09:16,33.49,0.0,2,6698,卖盘
10:09:18,33.49,0.0,81,271275,卖盘
10:09:22,33.49,0.0,19,63631,卖盘
10:09:25,33.51,0.02,151,505847,买盘
10:09:27,33.51,0.0,107,358530,买盘
10:09:30,33.51,0.0,227,760677,买盘
10:09:33,33.52,0.01,43,144102,买盘
10:09:36,33.51,-0.01,3,10053,卖盘
10:09:39,33.51,0.0,274,918415,卖盘
10:09:41,33.5,-0.01,122,408721,卖盘
10:09:45,33.51,0.01,22,73722,中性盘
10:09:48,33.5,-0.01,121,405352,卖盘
10:09:52,33.5,0.0,78,261307,卖盘
10:09:54,33.58,0.08,1282,4299589,买盘
10:09:57,33.58,0.0,75,251850,卖盘
10:10:01,33.59,0.01,54,181372,买盘
10:10:04,33.59,0.0,235,789307,买盘
10:10:07,33.58,-0.01,70,235095,卖盘
10:10:09,33.6,0.02,1599,5371465,买盘
10:10:13,33.58,-0.02,164,550786,卖盘
10:10:15,33.58,0.0,8,26864,买盘
10:10:18,33.55,-0.03,67,224947,中性盘
10:10:21,33.55,0.0,12,40260,买盘
10:10:24,33.58,0.03,168,563581,买盘
10:10:27,33.58,0.0,19,63797,买盘
10:10:31,33.59,0.01,200,671167,买盘
10:10:33,33.51,-0.08,7,23477,卖盘
10:10:37,33.51,0.0,56,187650,卖盘
10:10:40,33.59,0.08,314,1052722,买盘
10:10:42,33.55,-0.04,36,120707,买盘
10:10:45,33.52,-0.03,8,26834,卖盘
10:10:48,33.52,0.0,5,16760,卖盘
10:10:51,33.55,0.03,94,315008,买盘
10:10:57,33.52,-0.03,1,3352,中性盘
10:10:59,33.54,0.02,79,264914,买盘
10:11:03,33.52,-0.02,51,171023,卖盘
10:11:06,33.52,0.0,6,20112,卖盘
10:11:08,33.56,0.04,65,218068,买盘
10:11:13,33.52,-0.04,170,570472,卖盘
10:11:15,33.51,-0.01,30,100530,卖盘
10:11:19,33.52,0.01,109,365281,买盘
10:11:20,33.5,-0.02,155,519314,卖盘
10:11:24,33.51,0.01,63,211078,买盘
10:11:27,33.5,-0.01,60,200983,卖盘
10:11:30,33.51,0.01,72,241251,买盘
10:11:33,33.5,-0.01,68,227800,卖盘
10:11:36,33.5,0.0,58,194300,卖盘
10:11:39,33.51,0.01,100,335056,买盘
10:11:42,33.52,0.01,85,284907,买盘
10:11:45,33.49,-0.03,114,382024,卖盘
10:11:48,33.5,0.01,8,26799,买盘
10:11:51,33.5,0.0,34,113873,买盘
10:11:54,33.55,0.05,141,472726,买盘
10:11:57,33.49,-0.06,22,73697,卖盘
10:12:00,33.5,0.01,45,150708,买盘
10:12:03,33.5,0.0,193,646540,买盘
10:12:06,33.49,-0.01,26,87084,卖盘
10:12:09,33.5,0.01,14,46900,卖盘
10:12:12,33.53,0.03,163,546529,买盘
10:12:15,33.53,0.0,11,36883,卖盘
10:12:18,33.53,0.0,77,258181,卖盘
10:12:20,33.5,-0.03,44,147417,卖盘
10:12:24,33.49,-0.01,44,147371,卖盘
10:12:27,33.53,0.04,1,3353,买盘
10:12:30,33.52,-0.01,22,73682,买盘
10:12:33,33.5,-0.02,97,325133,中性盘
10:12:36,33.49,-0.01,1,3349,卖盘
10:12:39,33.52,0.03,81,271407,买盘
10:12:42,33.53,0.01,4,13411,买盘
10:12:45,33.53,0.0,73,244804,卖盘
10:12:48,33.53,0.0,54,181062,卖盘
10:12:51,33.54,0.01,55,184418,买盘
10:12:54,33.53,-0.01,85,285009,卖盘
10:12:57,33.52,-0.01,12,40228,卖盘
10:13:00,33.52,0.0,20,67050,买盘
10:13:03,33.52,0.0,57,191008,买盘
10:13:06,33.53,0.01,5,16761,买盘
10:13:09,33.52,-0.01,13,43576,卖盘
10:13:12,33.49,-0.03,526,1763441,卖盘
10:13:15,33.52,0.03,43,144135,买盘
10:13:23,33.52,0.0,1,3352,买盘
10:13:27,33.52,0.0,31,103910,买盘
10:13:30,33.51,-0.01,29,97155,中性盘
10:13:32,33.5,-0.01,67,224545,卖盘
10:13:36,33.49,-0.01,21,70345,卖盘
10:13:42,33.5,0.01,351,1176211,卖盘
10:13:45,33.5,0.0,23,77071,卖盘
10:13:48,33.51,0.01,14,46914,买盘
10:13:51,33.5,-0.01,8,26803,卖盘
10:13:54,33.51,0.01,26,87101,买盘
10:13:56,33.5,-0.01,9,30150,卖盘
10:14:00,33.5,0.0,15,50250,买盘
10:14:03,33.51,0.01,81,271378,买盘
10:14:06,33.51,0.0,2,6702,卖盘
10:14:09,33.5,-0.01,29,97176,卖盘
10:14:12,33.53,0.03,67,224559,买盘
10:14:15,33.53,0.0,73,244769,卖盘
10:14:18,33.53,0.0,17,57001,卖盘
10:14:21,33.54,0.01,71,238104,买盘
10:14:23,33.55,0.01,9,30194,买盘
10:14:27,33.54,-0.01,5,16774,卖盘
10:14:30,33.54,0.0,11,36900,卖盘
10:14:32,33.54,0.0,64,214703,卖盘
10:14:35,33.54,0.0,29,97294,卖盘
10:14:39,33.54,0.0,24,80497,卖盘
10:14:42,33.54,0.0,197,660903,买盘
10:14:45,33.54,0.0,27,90580,卖盘
10:14:48,33.54,0.0,22,73787,买盘
10:14:51,33.54,0.0,203,680863,买盘
10:14:54,33.54,0.0,8,26838,卖盘
10:14:57,33.55,0.01,53,177783,买盘
10:14:59,33.55,0.0,30,100650,买盘
10:15:03,33.55,0.0,289,969376,买盘
10:15:06,33.54,-0.01,18,60386,卖盘
10:15:09,33.55,0.01,21,70441,买盘
10:15:12,33.56,0.01,205,687787,买盘
10:15:14,33.54,-0.02,73,244848,卖盘
10:15:18,33.55,0.01,12,40259,买盘
10:15:23,33.54,-0.01,10,33540,卖盘
10:15:27,33.54,0.0,31,103974,卖盘
10:15:30,33.54,0.0,11,36904,卖盘
10:15:32,33.54,0.0,62,207996,卖盘
10:15:36,33.54,0.0,14,46956,卖盘
10:15:39,33.54,0.0,12,40253,卖盘
10:15:42,33.54,0.0,270,905940,卖盘
10:15:45,33.54,0.0,22,73790,卖盘
10:15:48,33.54,0.0,53,177782,卖盘
10:15:51,33.54,0.0,3,10062,中性盘
10:15:57,33.54,0.0,2,6708,卖盘
10:16:00,33.54,0.0,35,117390,卖盘
10:16:03,33.54,0.0,52,174408,买盘
10:16:06,33.53,-0.01,7,23476,卖盘
10:16:08,33.53,0.0,32,107301,卖盘
10:16:12,33.55,0.02,97,325380,买盘
10:16:14,33.55,0.0,68,228141,卖盘
10:16:18,33.55,0.0,30,100650,卖盘
10:16:24,33.55,0.0,7,23485,卖盘
10:16:27,33.55,0.0,9,30195,卖盘
10:16:29,33.55,0.0,32,107360,卖盘
10:16:33,33.55,0.0,52,174508,卖盘
10:16:36,33.55,0.0,29,97303,卖盘
10:16:39,33.56,0.01,6,20132,买盘
10:16:42,33.55,-0.01,187,627569,卖盘
10:16:45,33.56,0.01,38,127507,买盘
10:16:48,33.55,-0.01,4,13420,卖盘
10:16:50,33.55,0.0,15,50325,卖盘
10:16:54,33.56,0.01,24,80522,买盘
10:16:57,33.56,0.0,17,57050,买盘
10:16:59,33.55,-0.01,5,16775,卖盘
10:17:03,33.56,0.01,27,91183,买盘
10:17:05,33.56,0.0,7,23496,卖盘
10:17:09,33.56,0.0,25,83910,卖盘
10:17:12,33.56,0.0,291,976430,卖盘
10:17:15,33.56,0.0,11,36916,买盘
10:17:18,33.56,0.0,12,40272,买盘
10:17:21,33.56,0.0,3,10068,买盘
10:17:24,33.56,0.0,2,6711,买盘
10:17:26,33.55,-0.01,13,43615,卖盘
10:17:30,33.55,0.0,180,603900,卖盘
10:17:32,33.55,0.0,48,161040,买盘
10:17:36,33.54,-0.01,25,83866,卖盘
10:17:39,33.55,0.01,14,46970,买盘
10:17:41,33.56,0.01,78,262324,买盘
10:17:45,33.56,0.0,1,3356,卖盘
10:17:48,33.56,0.0,102,342313,卖盘
10:17:50,33.56,0.0,33,110748,卖盘
10:17:54,33.55,-0.01,62,208064,卖盘
10:17:57,33.56,0.01,10,33560,中性盘
10:17:59,33.56,0.0,17,57040,买盘
10:18:03,33.56,0.0,61,204159,买盘
10:18:06,33.56,0.0,1,3356,卖盘
10:18:08,33.56,0.0,16,53698,卖盘
10:18:12,33.56,0.0,5,16780,卖盘
10:18:14,33.57,0.01,240,805879,买盘
10:18:17,33.57,0.0,11,36934,卖盘
10:18:21,33.57,0.0,11,36927,卖盘
10:18:23,33.57,0.0,8,26857,卖盘
10:18:26,33.57,0.0,7,23499,卖盘
10:18:30,33.57,0.0,5,16785,卖盘
10:18:33,33.57,0.0,95,319554,卖盘
10:18:36,33.58,0.01,6,20143,中性盘
10:18:42,33.57,-0.01,871,2924378,卖盘
10:18:45,33.59,0.02,298,1001133,买盘
10:18:48,33.57,-0.02,68,228439,卖盘
10:18:51,33.6,0.03,6,20145,买盘
10:18:54,33.6,0.0,33,110844,买盘
10:18:56,33.58,-0.02,11,36936,买盘
10:18:59,33.59,0.01,5,16799,中性盘
10:19:03,33.6,0.01,24,81209,买盘
10:19:06,33.6,0.0,19,63840,卖盘
10:19:08,33.6,0.0,24,80627,卖盘
10:19:11,33.61,0.01,20,67215,买盘
10:19:15,33.61,0.0,307,1031943,买盘
10:19:18,33.6,-0.01,38,127688,卖盘
10:19:20,33.6,0.0,33,110880,买盘
10:19:24,33.6,0.0,13,43670,买盘
10:19:26,33.6,0.0,24,80652,卖盘
10:19:30,33.61,0.01,37,124325,买盘
10:19:33,33.6,-0.01,48,161308,中性盘
10:19:36,33.6,0.0,9,30239,买盘
10:19:39,33.6,0.0,4,13440,买盘
10:19:42,33.6,0.0,225,755980,买盘
10:19:45,33.61,0.01,52,174772,买盘
10:19:48,33.61,0.0,83,278995,卖盘
10:19:51,33.61,0.0,510,1714625,卖盘
10:19:54,33.61,0.0,10,33616,卖盘
10:19:56,33.61,0.0,22,73979,卖盘
10:19:59,33.62,0.01,1,3362,卖盘
10:20:03,33.63,0.01,61,205141,买盘
10:20:05,33.63,0.0,233,783328,买盘
10:20:09,33.61,-0.02,91,305985,卖盘
10:20:12,33.65,0.04,1002,3371063,买盘
10:20:15,33.64,-0.01,328,1103502,中性盘
10:20:18,33.68,0.04,134,450955,买盘
10:20:21,33.68,0.0,1,3368,买盘
10:20:24,33.7,0.02,534,1799134,买盘
10:20:27,33.68,-0.02,16,53906,卖盘
10:20:30,33.7,0.02,6,20220,买盘
10:20:32,33.7,0.0,115,387456,买盘
10:20:36,33.67,-0.03,41,138115,卖盘
10:20:39,33.68,0.01,35,117880,买盘
10:20:41,33.68,0.0,11,37048,买盘
10:20:45,33.66,-0.02,329,1108014,卖盘
10:20:48,33.68,0.02,89,299749,买盘
10:20:51,33.65,-0.03,53,178385,卖盘
10:20:54,33.65,0.0,16,53840,买盘
10:20:57,33.64,-0.01,157,528153,卖盘
10:21:00,33.62,-0.02,66,221946,卖盘
10:21:03,33.62,0.0,86,289217,卖盘
10:21:05,33.63,0.01,27,90777,买盘
10:21:09,33.61,-0.02,80,268883,卖盘
10:21:11,33.61,0.0,83,278963,卖盘
10:21:15,33.6,-0.01,237,796533,卖盘
10:21:18,33.6,0.0,61,205011,卖盘
10:21:21,33.6,0.0,3,10080,卖盘
10:21:24,33.58,-0.02,843,2832451,卖盘
10:21:27,33.55,-0.03,43,144366,卖盘
10:21:29,33.55,0.0,21,70455,买盘
10:21:33,33.55,0.0,253,849291,买盘
10:21:36,33.55,0.0,33,110742,卖盘
10:21:39,33.6,0.05,262,880058,买盘
10:21:42,33.47,-0.13,263,881572,卖盘
10:21:45,33.55,0.08,248,833006,买盘
10:21:48,33.46,-0.09,267,896012,卖盘
10:21:51,33.53,0.07,13,43605,卖盘
10:21:56,33.53,0.0,6,20118,卖盘
10:21:59,33.59,0.06,63,211567,买盘
10:22:03,33.58,-0.01,51,171122,卖盘
10:22:06,33.58,0.0,11,36938,卖盘
10:22:09,33.58,0.0,16,53728,卖盘
10:22:12,33.58,0.0,165,554304,卖盘
10:22:14,33.6,0.02,248,833140,买盘
10:22:18,33.61,0.01,10,33606,买盘
10:22:21,33.61,0.0,21,70561,买盘
10:22:24,33.61,0.0,20,67202,买盘
10:22:27,33.6,-0.01,19,63857,卖盘
10:22:30,33.6,0.0,19,63849,卖盘
10:22:33,33.61,0.01,27,90746,买盘
10:22:36,33.6,-0.01,136,457147,卖盘
10:22:38,33.6,0.0,59,198294,卖盘
10:22:42,33.6,0.0,21,70560,买盘
10:22:44,33.64,0.04,181,608569,买盘
10:22:48,33.65,0.01,8,26918,买盘
10:22:51,33.64,-0.01,92,309488,卖盘
10:22:54,33.65,0.01,237,797491,买盘
10:22:56,33.65,0.0,509,1712729,买盘
10:23:00,33.65,0.0,183,615795,买盘
10:23:03,33.66,0.01,19,63947,买盘
10:23:06,33.65,-0.01,15,50475,卖盘
10:23:09,33.65,0.0,35,117785,卖盘
10:23:12,33.65,0.0,70,235595,卖盘
10:23:15,33.67,0.02,174,585661,买盘
10:23:18,33.68,0.01,147,494968,买盘
10:23:20,33.67,-0.01,9,30303,卖盘
10:23:24,33.68,0.01,65,218917,买盘
10:23:27,33.68,0.0,16,53877,买盘
10:23:30,33.65,-0.03,23,77409,卖盘
10:23:33,33.67,0.02,37,122523,买盘
10:23:36,33.65,-0.02,74,249110,中性盘
10:23:38,33.66,0.01,32,107692,中性盘
10:23:42,33.67,0.01,19,63970,买盘
10:23:45,33.68,0.01,260,875647,买盘
10:23:48,33.65,-0.03,77,259134,卖盘
10:23:51,33.66,0.01,2,6732,买盘
10:23:54,33.67,0.01,241,811089,买盘
10:23:57,33.67,0.0,11,37033,买盘
10:24:03,33.61,-0.06,8,26911,卖盘
10:24:06,33.68,0.07,315,1060595,买盘
10:24:09,33.67,-0.01,26,87515,中性盘
10:24:12,33.65,-0.02,11,37015,卖盘
10:24:14,33.65,0.0,2,6730,买盘
10:24:18,33.68,0.03,130,437568,买盘
10:24:20,33.64,-0.04,213,717181,卖盘
10:24:24,33.66,0.02,12,40381,买盘
10:24:27,33.64,-0.02,9,30292,卖盘
10:24:29,33.65,0.01,6,20187,买盘
10:24:33,33.64,-0.01,11,37006,卖盘
10:24:35,33.65,0.01,37,124503,买盘
10:24:39,33.65,0.0,2,6730,卖盘
10:24:42,33.64,-0.01,11,37012,卖盘
10:24:44,33.65,0.01,5,16825,买盘
10:24:48,33.68,0.03,197,663192,买盘
10:24:50,33.67,-0.01,36,121215,卖盘
10:24:54,33.68,0.01,93,313223,买盘
10:24:56,33.65,-0.03,59,198574,卖盘
10:25:00,33.67,0.02,38,127946,买盘
10:25:03,33.67,0.0,64,215535,买盘
10:25:06,33.68,0.01,167,562438,买盘
10:25:09,33.67,-0.01,26,87542,卖盘
10:25:11,33.67,0.0,24,80825,卖盘
10:25:14,33.67,0.0,17,57239,中性盘
10:25:18,33.66,-0.01,267,899238,卖盘
10:25:20,33.65,-0.01,17,57222,卖盘
10:25:24,33.66,0.01,2,6731,买盘
10:25:27,33.65,-0.01,4,13463,卖盘
10:25:30,33.66,0.01,18,60588,买盘
10:25:32,33.66,0.0,16,53861,卖盘
10:25:36,33.66,0.0,42,141372,卖盘
10:25:40,33.67,0.01,8,26934,买盘
10:25:42,33.66,-0.01,61,205329,卖盘
10:25:48,33.68,0.02,54,181873,买盘
10:25:50,33.69,0.01,70,235830,买盘
10:25:54,33.66,-0.03,163,548968,卖盘
10:25:57,33.68,0.02,12,40415,买盘
10:26:00,33.68,0.0,14,47152,买盘
10:26:03,33.66,-0.02,16,53860,卖盘
10:26:06,33.68,0.02,124,417610,买盘
10:26:09,33.67,-0.01,112,376997,卖盘
10:26:11,33.67,0.0,6,20202,买盘
10:26:15,33.66,-0.01,4,13464,买盘
10:26:18,33.67,0.01,184,619597,买盘
10:26:20,33.67,0.0,93,313136,卖盘
10:26:24,33.66,-0.01,7,23557,中性盘
10:26:27,33.65,-0.01,13,43748,卖盘
10:26:30,33.62,-0.03,313,1052899,卖盘
10:26:32,33.63,0.01,15,50445,中性盘
10:26:36,33.63,0.0,75,252196,买盘
10:26:40,33.62,-0.01,37,124409,卖盘
10:26:42,33.62,0.0,17,57154,买盘
10:26:48,33.61,-0.01,42,141185,卖盘
10:26:51,33.62,0.01,2,6724,买盘
10:26:55,33.61,-0.01,40,134473,卖盘
10:26:57,33.62,0.01,111,373141,买盘
10:26:59,33.62,0.0,21,70602,卖盘
10:27:03,33.62,0.0,9,30262,卖盘
10:27:06,33.63,0.01,20,67260,买盘
10:27:09,33.62,-0.01,23,77330,卖盘
10:27:11,33.58,-0.04,243,818123,卖盘
10:27:16,33.57,-0.01,62,206119,买盘
10:27:17,33.57,0.0,69,231633,卖盘
10:27:22,33.62,0.05,16,53775,买盘
10:27:24,33.62,0.0,54,181363,买盘
10:27:27,33.57,-0.05,29,97381,卖盘
10:27:33,33.59,0.02,40,134348,中性盘
10:27:37,33.6,0.01,9,30240,买盘
10:27:40,33.59,-0.01,3,10077,卖盘
10:27:41,33.59,0.0,13,43670,卖盘
10:27:45,33.59,0.0,16,53749,卖盘
10:27:48,33.59,0.0,27,90719,卖盘
10:27:50,33.6,0.01,14,47039,买盘
10:27:53,33.6,0.0,18,60464,买盘
10:27:57,33.59,-0.01,9,30231,卖盘
10:28:00,33.59,0.0,16,53744,买盘
10:28:03,33.59,0.0,60,201540,买盘
10:28:06,33.59,0.0,63,211617,卖盘
10:28:10,33.59,0.0,16,53744,卖盘
10:28:13,33.59,0.0,96,322465,卖盘
10:28:15,33.58,-0.01,2,6717,卖盘
10:28:17,33.59,0.01,62,208208,买盘
10:28:20,33.59,0.0,3,10077,买盘
10:28:25,33.6,0.01,15,50389,买盘
10:28:27,33.59,-0.01,28,94069,卖盘
10:28:31,33.6,0.01,2,6719,买盘
10:28:34,33.59,-0.01,8,26872,卖盘
10:28:35,33.6,0.01,17,57109,买盘
10:28:39,33.59,-0.01,67,225053,卖盘
10:28:42,33.6,0.01,4,13437,买盘
10:28:44,33.6,0.0,1,3360,买盘
10:28:48,33.6,0.0,2,6720,买盘
10:28:51,33.6,0.0,6,20159,买盘
10:28:54,33.59,-0.01,115,386315,卖盘
10:28:56,33.6,0.01,31,104134,买盘
10:29:00,33.6,0.0,40,134377,买盘
10:29:04,33.58,-0.02,5,16797,卖盘
10:29:06,33.58,0.0,8,26867,卖盘
10:29:08,33.58,0.0,13,43665,卖盘
10:29:11,33.58,0.0,140,470120,卖盘
10:29:15,33.59,0.01,23,77257,买盘
10:29:18,33.58,-0.01,26,87315,卖盘
10:29:21,33.58,0.0,108,362678,卖盘
10:29:24,33.59,0.01,7,23517,中性盘
10:29:26,33.59,0.0,63,211559,中性盘
10:29:31,33.59,0.0,8,26872,买盘
10:29:33,33.58,-0.01,16,53738,卖盘
10:29:36,33.58,0.0,31,104100,卖盘
10:29:39,33.6,0.02,8,26878,买盘
10:29:45,33.59,-0.01,13,43656,买盘
10:29:48,33.58,-0.01,9,30238,卖盘
10:29:50,33.6,0.02,40,134395,买盘
10:29:54,33.58,-0.02,1,3358,卖盘
10:29:57,33.58,0.0,5,16790,卖盘
10:30:00,33.61,0.03,77,258716,买盘
10:30:04,33.61,0.0,7,23521,买盘
10:30:06,33.61,0.0,102,342804,买盘
10:30:09,33.63,0.02,26,87410,买盘
10:30:13,33.62,-0.01,185,622128,中性盘
10:30:15,33.63,0.01,25,84071,卖盘
10:30:18,33.61,-0.02,184,618569,卖盘
10:30:22,33.64,0.03,166,558256,买盘
10:30:24,33.65,0.01,10,33646,买盘
10:30:26,33.65,0.0,25,84125,买盘
10:30:30,33.66,0.01,11,37016,买盘
10:30:34,33.65,-0.01,3,10097,卖盘
10:30:36,33.66,0.01,37,124490,买盘
10:30:40,33.66,0.0,26,87493,买盘
10:30:43,33.65,-0.01,25,84126,卖盘
10:30:45,33.64,-0.01,9,30276,卖盘
10:30:48,33.64,0.0,12,40368,买盘
10:30:51,33.63,-0.01,40,134549,卖盘
10:30:54,33.62,-0.01,68,228719,卖盘
10:30:56,33.63,0.01,6,20178,买盘
10:31:01,33.62,-0.01,5,16814,卖盘
10:31:03,33.63,0.01,29,97527,买盘
10:31:05,33.63,0.0,11,36993,卖盘
10:31:10,33.62,-0.01,73,245508,卖盘
10:31:12,33.6,-0.02,77,258834,卖盘
10:31:16,33.63,0.03,15,50445,买盘
10:31:18,33.63,0.0,46,154632,买盘
10:31:21,33.63,0.0,14,47069,买盘
10:31:24,33.63,0.0,69,232047,买盘
10:31:28,33.64,0.01,56,188384,买盘
10:31:34,33.66,0.02,3,10098,买盘
10:31:37,33.66,0.0,18,60556,买盘
10:31:39,33.66,0.0,44,148103,买盘
10:31:42,33.66,0.0,30,100981,卖盘
10:31:45,33.66,0.0,9,30294,卖盘
10:31:49,33.64,-0.02,26,87457,卖盘
10:31:51,33.6,-0.04,154,517486,卖盘
10:31:55,33.62,0.02,60,201604,买盘
10:31:57,33.62,0.0,102,342726,买盘
10:32:01,33.6,-0.02,11,36980,卖盘
10:32:03,33.61,0.01,54,181543,买盘
10:32:06,33.64,0.03,61,205070,买盘
10:32:10,33.61,-0.03,12,40330,中性盘
10:32:12,33.64,0.03,55,184894,买盘
10:32:14,33.6,-0.04,66,221800,卖盘
10:32:17,33.61,0.01,14,47066,卖盘
10:32:21,33.64,0.03,1,3364,买盘
10:32:23,33.62,-0.02,13,43726,中性盘
10:32:27,33.64,0.02,21,70644,买盘
10:32:31,33.62,-0.02,2,6726,卖盘
10:32:34,33.62,0.0,5,16810,卖盘
10:32:36,33.64,0.02,121,406827,买盘
10:32:40,33.61,-0.03,17,57137,卖盘
10:32:42,33.65,0.04,67,225360,买盘
10:32:46,33.64,-0.01,9,30277,卖盘
10:32:48,33.66,0.02,7,23558,买盘
10:32:52,33.65,-0.01,12,40380,卖盘
10:32:55,33.65,0.0,3,10095,卖盘
10:32:58,33.64,-0.01,57,191771,卖盘
10:33:01,33.65,0.01,7,23550,买盘
10:33:04,33.63,-0.02,21,70636,卖盘
10:33:07,33.64,0.01,16,53806,买盘
10:33:13,33.62,-0.02,85,285834,卖盘
10:33:16,33.64,0.02,12,40368,买盘
10:33:19,33.63,-0.01,7,23541,中性盘
10:33:22,33.62,-0.01,62,208463,卖盘
10:33:25,33.64,0.02,23,77353,买盘
10:33:27,33.63,-0.01,10,33630,买盘
10:33:31,33.64,0.01,27,90827,买盘
10:33:33,33.62,-0.02,7,23535,卖盘
10:33:37,33.63,0.01,46,154680,买盘
10:33:40,33.63,0.0,3,10089,买盘
10:33:43,33.63,0.0,13,43719,买盘
10:33:46,33.62,-0.01,20,67241,卖盘
10:33:49,33.63,0.01,40,134509,卖盘
10:33:52,33.6,-0.03,156,524287,卖盘
10:33:55,33.6,0.0,68,228499,卖盘
10:33:57,33.6,0.0,108,362884,卖盘
10:34:01,33.61,0.01,5,16809,中性盘
10:34:04,33.6,-0.01,4,13445,卖盘
10:34:07,33.6,0.0,295,991203,卖盘
10:34:09,33.58,-0.02,468,1571587,卖盘
10:34:12,33.56,-0.02,96,322274,卖盘
10:34:14,33.55,-0.01,291,976303,卖盘
10:34:19,33.55,0.0,21,70470,卖盘
10:34:22,33.55,0.0,1,3355,买盘
10:34:25,33.55,0.0,3,10065,买盘
10:34:28,33.55,0.0,228,764940,买盘
10:34:31,33.55,0.0,15,50331,卖盘
10:34:34,33.55,0.0,61,204655,卖盘
10:34:37,33.55,0.0,124,416030,卖盘
10:34:38,33.56,0.01,134,449619,买盘
10:34:43,33.56,0.0,29,97320,买盘
10:34:46,33.55,-0.01,3,10065,卖盘
10:34:48,33.55,0.0,7,23487,卖盘
10:34:50,33.56,0.01,18,60408,买盘
10:34:53,33.56,0.0,19,63747,买盘
10:34:57,33.55,-0.01,26,87230,卖盘
10:35:01,33.54,-0.01,5,16770,卖盘
10:35:04,33.55,0.01,150,503164,买盘
10:35:07,33.55,0.0,131,439507,卖盘
10:35:10,33.56,0.01,24,80522,买盘
10:35:13,33.55,-0.01,63,211381,卖盘
10:35:16,33.55,0.0,17,57035,买盘
10:35:17,33.55,0.0,82,275869,买盘
10:35:22,33.55,0.0,2,6710,买盘
10:35:25,33.54,-0.01,5,16770,卖盘
10:35:28,33.54,0.0,5,16770,买盘
10:35:31,33.55,0.01,10,33542,买盘
10:35:34,33.54,-0.01,9,30192,卖盘
10:35:37,33.54,0.0,37,124079,卖盘
10:35:40,33.53,-0.01,62,207901,卖盘
10:35:43,33.54,0.01,16,53664,买盘
10:35:49,33.54,0.0,243,814821,买盘
10:35:52,33.51,-0.03,224,750610,卖盘
10:35:55,33.51,0.0,19,63665,买盘
10:35:58,33.49,-0.02,439,1470651,卖盘
10:36:00,33.52,0.03,52,174228,买盘
10:36:04,33.5,-0.02,253,847822,卖盘
10:36:05,33.51,0.01,15,50265,中性盘
10:36:10,33.53,0.02,6,20114,买盘
10:36:13,33.52,-0.01,112,375239,中性盘
10:36:16,33.51,-0.01,28,93828,买盘
10:36:19,33.5,-0.01,1,3350,卖盘
10:36:22,33.51,0.01,11,36851,买盘
10:36:25,33.5,-0.01,539,1804633,卖盘
10:36:28,33.51,0.01,22,74619,买盘
10:36:31,33.48,-0.03,235,786300,卖盘
10:36:32,33.5,0.02,99,332403,买盘
10:36:36,33.52,0.02,11,36869,中性盘
10:36:40,33.52,0.0,3,10056,卖盘
10:36:42,33.52,0.0,48,160908,卖盘
10:36:46,33.52,0.0,9,30175,卖盘
10:36:49,33.52,0.0,1,3352,卖盘
10:36:52,33.53,0.01,11,36881,买盘
10:36:55,33.52,-0.01,14,46928,卖盘
10:36:58,33.52,0.0,4,13410,卖盘
10:37:04,33.51,-0.01,77,258027,卖盘
10:37:07,33.51,0.0,26,87136,卖盘
10:37:10,33.51,0.0,13,43563,卖盘
10:37:13,33.5,-0.01,64,214446,卖盘
10:37:14,33.5,0.0,32,107221,卖盘
10:37:17,33.5,0.0,64,214410,卖盘
10:37:22,33.5,0.0,47,157485,卖盘
10:37:25,33.5,0.0,8,26801,卖盘
10:37:28,33.5,0.0,61,204351,卖盘
10:37:31,33.5,0.0,124,415401,卖盘
10:37:34,33.5,0.0,163,546050,卖盘
10:37:37,33.49,-0.01,37,123016,卖盘
10:37:40,33.51,0.02,531,1780171,买盘
10:37:43,33.52,0.01,55,184335,买盘
10:37:46,33.53,0.01,11,36873,买盘
10:37:49,33.52,-0.01,4,13408,卖盘
10:37:52,33.52,0.0,36,120684,卖盘
10:37:55,33.53,0.01,1,3353,买盘
10:37:58,33.53,0.0,78,261528,买盘
10:38:00,33.52,-0.01,6,20112,卖盘
10:38:04,33.53,0.01,38,127408,买盘
10:38:07,33.54,0.01,181,606874,买盘
10:38:10,33.55,0.01,3,10063,买盘
10:38:13,33.54,-0.01,32,107333,卖盘
10:38:16,33.54,0.0,75,251550,卖盘
10:38:17,33.54,0.0,7,23474,买盘
10:38:22,33.54,0.0,8,26832,买盘
10:38:25,33.55,0.01,201,674241,买盘
10:38:27,33.54,-0.01,3,10062,中性盘
10:38:31,33.54,0.0,10,33535,买盘
10:38:34,33.54,0.0,13,43603,卖盘
10:38:37,33.55,0.01,24,80495,买盘
10:38:43,33.53,-0.02,201,674351,卖盘
10:38:45,33.55,0.02,70,234848,买盘
10:38:49,33.54,-0.01,2,6707,买盘
10:38:52,33.53,-0.01,26,87698,卖盘
10:38:55,33.53,0.0,120,402584,卖盘
10:38:58,33.53,0.0,8,26321,卖盘
10:39:04,33.55,0.02,20,67586,买盘
10:39:07,33.53,-0.02,26,87183,卖盘
10:39:08,33.53,0.0,5,16763,买盘
10:39:13,33.52,-0.01,14,46929,卖盘
10:39:14,33.51,-0.01,72,241355,卖盘
10:39:19,33.55,0.04,138,462955,买盘
10:39:22,33.52,-0.03,6,20124,卖盘
10:39:25,33.53,0.01,1,3353,中性盘
10:39:31,33.52,-0.01,22,73760,卖盘
10:39:32,33.53,0.01,1,3353,中性盘
10:39:36,33.53,0.0,8,26824,卖盘
10:39:40,33.53,0.0,4,13412,卖盘
10:39:43,33.54,0.01,21,70425,买盘
10:39:45,33.53,-0.01,14,46954,卖盘
10:39:48,33.53,0.0,9,30184,卖盘
10:39:52,33.53,0.0,8,26831,卖盘
10:39:55,33.53,0.0,11,36883,卖盘
10:39:58,33.54,0.01,16,53657,买盘
10:40:00,33.53,-0.01,1,3353,卖盘
10:40:04,33.54,0.01,16,53651,买盘
10:40:07,33.53,-0.01,197,660831,卖盘
10:40:09,33.53,0.0,2,6706,卖盘
10:40:13,33.55,0.02,117,392499,买盘
10:40:16,33.52,-0.03,116,388967,卖盘
10:40:19,33.53,0.01,36,120679,买盘
10:40:20,33.53,0.0,70,234661,买盘
10:40:25,33.53,0.0,18,60354,卖盘
10:40:28,33.52,-0.01,35,117322,卖盘
10:40:34,33.53,0.01,20,67060,买盘
10:40:37,33.52,-0.01,9,30171,卖盘
10:40:40,33.52,0.0,3,10057,卖盘
10:40:43,33.53,0.01,32,107286,买盘
10:40:45,33.52,-0.01,39,130740,卖盘
10:40:49,33.53,0.01,5,16765,买盘
10:40:50,33.54,0.01,17,56994,买盘
10:40:55,33.52,-0.02,5,16760,卖盘
10:40:58,33.52,0.0,6,20112,卖盘
10:41:01,33.53,0.01,6,20116,买盘
10:41:04,33.52,-0.01,1,3352,卖盘
10:41:05,33.52,0.0,4,13408,卖盘
10:41:10,33.52,0.0,22,73744,卖盘
10:41:13,33.52,0.0,20,67042,卖盘
10:41:16,33.54,0.02,117,392250,买盘
10:41:19,33.54,0.0,31,104013,中性盘
10:41:22,33.57,0.03,36,120840,买盘
10:41:24,33.57,0.0,17,57069,买盘
10:41:28,33.54,-0.03,37,124118,卖盘
10:41:31,33.56,0.02,18,60408,买盘
10:41:34,33.56,0.0,6,20141,卖盘
10:41:36,33.57,0.01,20,67135,买盘
10:41:40,33.58,0.01,24,80592,买盘
10:41:43,33.58,0.0,18,60444,卖盘
10:41:52,33.58,0.0,40,134348,卖盘
10:41:58,33.59,0.01,16,53743,买盘
10:42:01,33.59,0.0,9,30225,卖盘
10:42:04,33.59,0.0,1,3359,卖盘
10:42:07,33.6,0.01,44,147822,买盘
10:42:09,33.59,-0.01,3,10078,卖盘
10:42:13,33.59,0.0,115,386385,卖盘
10:42:16,33.59,0.0,122,409814,卖盘
10:42:19,33.56,-0.03,70,235042,卖盘
10:42:22,33.58,0.02,21,70525,买盘
10:42:25,33.57,-0.01,12,40288,卖盘
10:42:28,33.57,0.0,32,107453,中性盘
10:42:29,33.54,-0.03,98,328845,卖盘
10:42:34,33.56,0.02,6,20137,中性盘
10:42:36,33.54,-0.02,10,33546,卖盘
10:42:39,33.55,0.01,15,50327,买盘
10:42:43,33.55,0.0,1,3355,卖盘
10:42:46,33.56,0.01,12,40272,买盘
10:42:49,33.55,-0.01,6,20130,卖盘
10:42:52,33.57,0.02,25,83903,买盘
10:43:00,33.56,-0.01,15,50345,卖盘
10:43:04,33.56,0.0,19,63799,卖盘
10:43:07,33.56,0.0,8,26848,卖盘
10:43:13,33.55,-0.01,39,130858,卖盘
10:43:16,33.55,0.0,23,77165,买盘
10:43:19,33.55,0.0,1,3355,买盘
10:43:20,33.55,0.0,30,100622,买盘
10:43:28,33.54,-0.01,6,20124,买盘
10:43:31,33.55,0.01,117,392491,买盘
10:43:32,33.55,0.0,12,40260,卖盘
10:43:37,33.55,0.0,48,161040,卖盘
10:43:40,33.55,0.0,7,23485,卖盘
10:43:43,33.53,-0.02,134,449561,卖盘
10:43:46,33.56,0.03,51,171145,买盘
10:43:52,33.56,0.0,39,130850,买盘
10:43:55,33.56,0.0,2,6712,买盘
10:43:58,33.53,-0.03,1,3353,卖盘
10:44:01,33.53,0.0,1,3353,卖盘
10:44:04,33.53,0.0,56,187779,卖盘
10:44:07,33.53,0.0,11,36883,卖盘
10:44:10,33.53,0.0,26,87178,买盘
10:44:13,33.53,0.0,1,3353,买盘
10:44:16,33.53,0.0,122,408988,买盘
10:44:22,33.53,0.0,2,6706,卖盘
10:44:27,33.53,0.0,14,46942,卖盘
10:44:31,33.53,0.0,13,43589,卖盘
10:44:34,33.53,0.0,7,23471,卖盘
10:44:36,33.53,0.0,9,30177,卖盘
10:44:40,33.53,0.0,4,13412,卖盘
10:44:42,33.53,0.0,34,114002,卖盘
10:44:46,33.53,0.0,26,87191,卖盘
10:44:49,33.52,-0.01,29,97209,卖盘
10:44:52,33.53,0.01,63,211180,买盘
10:44:55,33.52,-0.01,75,251401,卖盘
10:44:58,33.51,-0.01,117,392157,卖盘
10:45:01,33.52,0.01,504,1688848,买盘
10:45:04,33.5,-0.02,41,137374,卖盘
10:45:05,33.5,0.0,138,462506,卖盘
10:45:10,33.5,0.0,121,405349,卖盘
10:45:13,33.52,0.02,78,261436,买盘
10:45:14,33.53,0.01,273,914829,买盘
10:45:18,33.53,0.0,5,16764,买盘
10:45:22,33.52,-0.01,6,20112,卖盘
10:45:27,33.5,-0.02,54,180962,卖盘
10:45:31,33.52,0.02,1,3352,买盘
10:45:33,33.5,-0.02,11,36850,卖盘
10:45:37,33.5,0.0,4,13400,卖盘
10:45:40,33.52,0.02,5,16760,买盘
10:45:43,33.5,-0.02,1,3350,卖盘
10:45:45,33.52,0.02,17,56974,买盘
10:45:51,33.52,0.0,68,227893,买盘
10:45:55,33.51,-0.01,19,63681,卖盘
10:45:57,33.53,0.02,19,63707,买盘
10:46:01,33.52,-0.01,5,16760,卖盘
10:46:04,33.52,0.0,1,3352,卖盘
10:46:07,33.52,0.0,11,36878,卖盘
10:46:10,33.53,0.01,6,20118,买盘
10:46:13,33.53,0.0,21,70412,买盘
10:46:16,33.52,-0.01,43,144140,卖盘
10:46:19,33.52,0.0,6,20112,买盘
10:46:22,33.52,0.0,51,170952,买盘
10:46:25,33.53,0.01,10,33522,买盘
10:46:28,33.53,0.0,572,1916711,买盘
10:46:31,33.5,-0.03,12,40201,卖盘
10:46:34,33.52,0.02,1,3352,买盘
10:46:37,33.51,-0.01,26,87136,中性盘
10:46:40,33.52,0.01,15,50250,买盘
10:46:43,33.52,0.0,5,16757,买盘
10:46:46,33.51,-0.01,53,177603,中性盘
10:46:49,33.51,0.0,14,46914,买盘
10:46:52,33.52,0.01,7,23462,买盘
10:46:55,33.52,0.0,25,83800,买盘
10:46:58,33.52,0.0,9,30163,买盘
10:47:01,33.51,-0.01,28,93838,卖盘
10:47:04,33.53,0.02,33,110613,买盘
10:47:06,33.52,-0.01,34,113968,卖盘
10:47:10,33.52,0.0,29,97208,卖盘
10:47:13,33.5,-0.02,107,358548,卖盘
10:47:16,33.52,0.02,125,418974,买盘
10:47:19,33.52,0.0,15,50280,买盘
10:47:22,33.5,-0.02,15,50256,卖盘
10:47:25,33.49,-0.01,23,77044,卖盘
10:47:27,33.5,0.01,36,120594,中性盘
10:47:31,33.5,0.0,22,73700,卖盘
10:47:34,33.52,0.02,14,46928,买盘
10:47:37,33.5,-0.02,737,2468803,卖盘
10:47:40,33.52,0.02,20,67002,买盘
10:47:43,33.5,-0.02,44,147400,卖盘
10:47:46,33.52,0.02,193,646387,买盘
10:47:49,33.47,-0.05,4,13397,卖盘
10:47:52,33.5,0.03,26,87100,买盘
10:47:55,33.5,0.0,8,26812,卖盘
10:47:58,33.47,-0.03,439,1470281,卖盘
10:48:01,33.5,0.03,11,36847,买盘
10:48:04,33.5,0.0,25,83751,买盘
10:48:07,33.5,0.0,23,77050,卖盘
10:48:13,33.5,0.0,1,3350,卖盘
10:48:16,33.51,0.01,111,371857,买盘
10:48:19,33.51,0.0,54,180954,买盘
10:48:22,33.5,-0.01,19,63650,卖盘
10:48:25,33.51,0.01,6,20106,买盘
10:48:31,33.51,0.0,22,73723,卖盘
10:48:34,33.51,0.0,4,13404,卖盘
10:48:37,33.51,0.0,15,50265,卖盘
10:48:40,33.52,0.01,57,191008,买盘
10:48:43,33.52,0.0,18,60334,买盘
10:48:46,33.52,0.0,7,23464,买盘
10:48:49,33.52,0.0,26,87152,买盘
10:48:52,33.51,-0.01,12,40212,卖盘
10:48:55,33.52,0.01,64,214524,买盘
10:48:57,33.53,0.01,16,53633,买盘
10:49:00,33.53,0.0,6,20117,买盘
10:49:02,33.52,-0.01,45,150865,卖盘
10:49:05,33.51,-0.01,45,150853,卖盘
10:49:10,33.52,0.01,7,23464,买盘
10:49:13,33.51,-0.01,10,33510,卖盘
10:49:16,33.5,-0.01,68,227883,卖盘
10:49:19,33.51,0.01,16,53616,买盘
10:49:22,33.51,0.0,13,43561,买盘
10:49:25,33.51,0.0,1,3351,买盘
10:49:31,33.51,0.0,52,174260,买盘
10:49:34,33.51,0.0,1,3351,中性盘
10:49:36,33.5,-0.01,23,77057,卖盘
10:49:40,33.51,0.01,2,6702,中性盘
10:49:43,33.51,0.0,50,167550,买盘
10:49:46,33.52,0.01,555,1860359,买盘
10:49:49,33.59,0.07,90,302028,买盘
10:49:52,33.62,0.03,92,309033,买盘
10:49:55,33.59,-0.03,50,168015,中性盘
10:49:58,33.62,0.03,59,198386,买盘
10:50:01,33.63,0.01,37,124430,买盘
10:50:04,33.62,-0.01,31,104236,卖盘
10:50:07,33.62,0.0,33,110952,卖盘
10:50:10,33.62,0.0,10,33620,买盘
10:50:13,33.62,0.0,16,53769,买盘
10:50:16,33.55,-0.07,20,67100,卖盘
10:50:19,33.59,0.04,17,57099,买盘
10:50:20,33.55,-0.04,12,40260,卖盘
10:50:25,33.55,0.0,1,3355,卖盘
10:50:31,33.58,0.03,38,127586,买盘
10:50:34,33.58,0.0,22,73855,买盘
10:50:37,33.58,0.0,37,124237,买盘
10:50:40,33.58,0.0,3,10074,卖盘
10:50:43,33.58,0.0,6,20148,卖盘
10:50:48,33.57,-0.01,23,77223,中性盘
10:50:52,33.55,-0.02,54,181218,卖盘
10:50:54,33.58,0.03,43,144352,买盘
10:51:01,33.55,-0.03,2,6710,卖盘
10:51:04,33.55,0.0,12,40264,卖盘
10:51:07,33.56,0.01,5,16780,中性盘
10:51:10,33.58,0.02,7,23496,买盘
10:51:13,33.58,0.0,11,36936,买盘
10:51:16,33.56,-0.02,103,345626,卖盘
10:51:19,33.55,-0.01,26,87264,卖盘
10:51:21,33.56,0.01,36,120789,中性盘
10:51:25,33.56,0.0,322,1080259,卖盘
10:51:28,33.53,-0.03,194,650482,卖盘
10:51:31,33.55,0.02,11,36905,买盘
10:51:34,33.56,0.01,44,147658,买盘
10:51:37,33.56,0.0,24,80544,卖盘
10:51:43,33.58,0.02,391,1312214,买盘
10:51:46,33.56,-0.02,69,231564,卖盘
10:51:49,33.58,0.02,15,50346,买盘
10:51:51,33.55,-0.03,30,100698,卖盘
10:51:55,33.59,0.04,9,30222,买盘
10:51:57,33.56,-0.03,5,16780,买盘
10:52:00,33.56,0.0,60,201308,卖盘
10:52:02,33.56,0.0,6,20136,卖盘
10:52:07,33.56,0.0,14,46982,中性盘
10:52:09,33.56,0.0,20,67120,卖盘
10:52:13,33.56,0.0,1,3356,卖盘
10:52:16,33.55,-0.01,89,298681,卖盘
10:52:17,33.58,0.03,3,10073,买盘
10:52:22,33.58,0.0,30,100754,卖盘
10:52:25,33.58,0.0,22,73872,买盘
10:52:28,33.56,-0.02,34,114144,卖盘
10:52:33,33.58,0.02,8,26850,买盘
10:52:36,33.56,-0.02,26,87266,卖盘
10:52:40,33.56,0.0,29,97324,卖盘
10:52:43,33.55,-0.01,179,600545,卖盘
10:52:49,33.56,0.01,8,26843,买盘
10:52:52,33.54,-0.02,24,80528,卖盘
10:52:54,33.54,0.0,14,46985,卖盘
10:52:58,33.54,0.0,34,114072,卖盘
10:53:01,33.56,0.02,5,16779,中性盘
10:53:03,33.53,-0.03,36,120749,卖盘
10:53:05,33.54,0.01,15,50311,买盘
10:53:10,33.53,-0.01,118,395658,卖盘
10:53:13,33.55,0.02,16,53680,买盘
10:53:16,33.53,-0.02,83,278407,卖盘
10:53:19,33.56,0.03,5,16777,买盘
10:53:22,33.55,-0.01,25,83878,卖盘
10:53:25,33.55,0.0,3,10065,卖盘
10:53:28,33.55,0.0,27,90592,卖盘
10:53:30,33.58,0.03,68,228280,买盘
10:53:32,33.6,0.02,32,107489,买盘
10:53:37,33.61,0.01,46,154556,买盘
10:53:40,33.58,-0.03,17,57086,卖盘
10:53:43,33.58,0.0,121,406645,买盘
10:53:45,33.55,-0.03,1,3355,中性盘
10:53:49,33.58,0.03,9,30222,买盘
10:53:52,33.59,0.01,21,70530,买盘
10:53:54,33.59,0.0,5,16799,卖盘
10:53:57,33.59,0.0,3,10076,买盘
10:54:04,33.56,-0.03,7,23502,卖盘
10:54:05,33.58,0.02,10,33566,买盘
10:54:10,33.58,0.0,13,43645,买盘
10:54:13,33.56,-0.02,5,16780,中性盘
10:54:16,33.55,-0.01,56,187880,卖盘
10:54:19,33.55,0.0,6,20130,买盘
10:54:22,33.54,-0.01,14,46968,中性盘
10:54:28,33.53,-0.01,1123,3765421,卖盘
10:54:31,33.53,0.0,12,40241,中性盘
10:54:34,33.52,-0.01,48,160920,卖盘
10:54:37,33.52,0.0,27,90524,卖盘
10:54:40,33.51,-0.01,267,894978,卖盘
10:54:43,33.51,0.0,7,23467,卖盘
10:54:46,33.52,0.01,22,73744,买盘
10:54:48,33.53,0.01,19,63692,买盘
10:54:52,33.53,0.0,14,46942,中性盘
10:54:55,33.54,0.01,17,57014,买盘
10:54:58,33.53,-0.01,7,23471,卖盘
10:55:01,33.53,0.0,7,23471,卖盘
10:55:04,33.53,0.0,7,23471,卖盘
10:55:07,33.53,0.0,6,20118,卖盘
10:55:10,33.53,0.0,37,124061,卖盘
10:55:13,33.53,0.0,9,30177,卖盘
10:55:16,33.53,0.0,69,231357,卖盘
10:55:19,33.53,0.0,7,23474,卖盘
10:55:22,33.53,0.0,24,80483,卖盘
10:55:25,33.53,0.0,6,20118,卖盘
10:55:27,33.53,0.0,23,77119,卖盘
10:55:31,33.52,-0.01,97,325095,卖盘
10:55:34,33.51,-0.01,42,140755,卖盘
10:55:37,33.52,0.01,31,103882,买盘
10:55:40,33.54,0.02,253,848229,买盘
10:55:43,33.51,-0.03,1059,3548365,卖盘
10:55:45,33.5,-0.01,48,160840,卖盘
10:55:49,33.5,0.0,470,1574516,卖盘
10:55:52,33.5,0.0,47,157463,卖盘
10:55:55,33.51,0.01,180,603022,买盘
10:55:57,33.5,-0.01,657,2200950,卖盘
10:56:01,33.47,-0.03,423,1416480,卖盘
10:56:04,33.47,0.0,308,1031420,卖盘
10:56:06,33.46,-0.01,110,368088,卖盘
10:56:10,33.45,-0.01,386,1291187,卖盘
10:56:12,33.46,0.01,341,1140998,买盘
10:56:16,33.46,0.0,199,665855,卖盘
10:56:19,33.46,0.0,189,632357,卖盘
10:56:22,33.41,-0.05,189,632138,卖盘
10:56:25,33.41,0.0,47,157121,卖盘
10:56:28,33.45,0.04,334,1116948,买盘
10:56:31,33.46,0.01,50,167260,买盘
10:56:34,33.45,-0.01,21,70245,卖盘
10:56:37,33.45,0.0,170,568653,卖盘
10:56:40,33.45,0.0,35,117075,卖盘
10:56:42,33.45,0.0,9,30108,卖盘
10:56:46,33.45,0.0,26,86970,卖盘
10:56:49,33.45,0.0,222,742590,卖盘
10:56:52,33.46,0.01,117,391153,买盘
10:56:55,33.45,-0.01,1,3345,中性盘
10:56:58,33.45,0.0,1,3345,买盘
10:57:01,33.42,-0.03,9,30099,卖盘
10:57:03,33.45,0.03,51,170594,买盘
10:57:07,33.45,0.0,22,73590,卖盘
10:57:10,33.45,0.0,20,66900,卖盘
10:57:13,33.47,0.02,134,448362,买盘
10:57:15,33.46,-0.01,138,461756,卖盘
10:57:19,33.46,0.0,58,194068,卖盘
10:57:21,33.49,0.03,18,60267,买盘
10:57:25,33.46,-0.03,12,40152,卖盘
10:57:27,33.46,0.0,2,6692,卖盘
10:57:31,33.47,0.01,21,70284,买盘
10:57:34,33.47,0.0,14,46859,卖盘
10:57:37,33.47,0.0,15,50205,卖盘
10:57:40,33.48,0.01,27,90396,买盘
10:57:43,33.48,0.0,4,13392,卖盘
10:57:46,33.48,0.0,9,30132,卖盘
10:57:49,33.48,0.0,2,6696,买盘
10:57:52,33.47,-0.01,25,83686,卖盘
10:57:54,33.48,0.01,31,103780,买盘
10:57:58,33.47,-0.01,31,103757,卖盘
10:58:01,33.46,-0.01,8,26775,卖盘
10:58:03,33.48,0.02,90,301266,买盘
10:58:07,33.48,0.0,65,217620,卖盘
10:58:10,33.48,0.0,19,63605,买盘
10:58:13,33.48,0.0,64,214272,买盘
10:58:15,33.48,0.0,70,234360,卖盘
10:58:18,33.48,0.0,13,43524,卖盘
10:58:22,33.49,0.01,1,3349,买盘
10:58:25,33.46,-0.03,90,301312,卖盘
10:58:28,33.46,0.0,6,20076,卖盘
10:58:31,33.45,-0.01,7,23430,卖盘
10:58:34,33.45,0.0,10,33453,卖盘
10:58:37,33.45,0.0,36,120465,卖盘
10:58:40,33.46,0.01,44,147224,买盘
10:58:43,33.46,0.0,32,107072,卖盘
10:58:46,33.46,0.0,11,36806,卖盘
10:58:52,33.48,0.02,12,40176,买盘
10:58:55,33.46,-0.02,2,6692,卖盘
10:58:58,33.46,0.0,50,167336,卖盘
10:59:01,33.46,0.0,10,33460,卖盘
10:59:03,33.48,0.02,72,241055,买盘
10:59:07,33.48,0.0,82,274536,卖盘
10:59:10,33.48,0.0,2,6696,卖盘
10:59:13,33.49,0.01,163,545860,买盘
10:59:16,33.47,-0.02,16,53580,卖盘
10:59:21,33.48,0.01,12,40176,买盘
10:59:24,33.48,0.0,60,200880,买盘
10:59:27,33.48,0.0,26,87048,卖盘
10:59:31,33.48,0.0,22,73656,卖盘
10:59:34,33.48,0.0,7,23436,卖盘
10:59:37,33.48,0.0,57,190844,卖盘
10:59:39,33.48,0.0,6,20088,卖盘
10:59:42,33.48,0.0,32,107136,卖盘
10:59:46,33.49,0.01,33,110495,买盘
10:59:48,33.49,0.0,3,10047,卖盘
10:59:52,33.5,0.01,7,23450,买盘
10:59:55,33.5,0.0,1,3350,卖盘
10:59:58,33.49,-0.01,25,83735,卖盘
11:00:01,33.5,0.01,3,10050,卖盘
11:00:04,33.5,0.0,3,10050,卖盘
11:00:07,33.5,0.0,35,117250,买盘
11:00:10,33.5,0.0,3,10050,卖盘
11:00:13,33.5,0.0,28,93800,卖盘
11:00:16,33.5,0.0,66,221100,卖盘
11:00:19,33.5,0.0,1,3350,卖盘
11:00:22,33.51,0.01,22,73721,买盘
11:00:25,33.5,-0.01,1,3350,卖盘
11:00:28,33.5,0.0,26,87100,卖盘
11:00:31,33.5,0.0,11,36850,卖盘
11:00:34,33.5,0.0,11,36850,卖盘
11:00:36,33.51,0.01,20,67016,买盘
11:00:40,33.51,0.0,2,6701,买盘
11:00:43,33.5,-0.01,35,117250,卖盘
11:00:46,33.5,0.0,14,46900,卖盘
11:00:49,33.51,0.01,1,3351,买盘
11:00:51,33.5,-0.01,27,90463,卖盘
11:00:54,33.51,0.01,10,33503,买盘
11:00:58,33.5,-0.01,57,190996,卖盘
11:01:01,33.49,-0.01,4,13399,卖盘
11:01:04,33.5,0.01,27,90450,买盘
11:01:07,33.5,0.0,12,40200,卖盘
11:01:09,33.5,0.0,3,10050,卖盘
11:01:13,33.5,0.0,85,284750,卖盘
11:01:15,33.49,-0.01,62,207694,卖盘
11:01:19,33.5,0.01,39,130657,买盘
11:01:25,33.49,-0.01,102,341612,卖盘
11:01:28,33.5,0.01,1,3350,卖盘
11:01:31,33.5,0.0,10,33500,买盘
11:01:34,33.49,-0.01,22,73694,卖盘
11:01:36,33.49,0.0,16,53584,卖盘
11:01:39,33.49,0.0,308,1031492,卖盘
11:01:43,33.49,0.0,27,90423,卖盘
11:01:46,33.49,0.0,27,90423,卖盘
11:01:49,33.49,0.0,1,3349,卖盘
11:01:52,33.49,0.0,12,40190,卖盘
11:01:54,33.49,0.0,15,50244,卖盘
11:01:58,33.49,0.0,52,174159,卖盘
11:02:00,33.5,0.01,88,294796,买盘
11:02:04,33.5,0.0,25,83758,卖盘
11:02:07,33.5,0.0,11,36850,卖盘
11:02:13,33.5,0.0,43,144050,卖盘
11:02:16,33.5,0.0,40,134008,卖盘
11:02:18,33.5,0.0,1,3350,买盘
11:02:21,33.5,0.0,18,60286,买盘
11:02:24,33.5,0.0,12,40199,买盘
11:02:28,33.5,0.0,89,298114,买盘
11:02:31,33.51,0.01,39,130681,买盘
11:02:34,33.5,-0.01,13,43552,卖盘
11:02:36,33.52,0.02,35,117295,买盘
11:02:40,33.53,0.01,6,20113,买盘
11:02:42,33.53,0.0,75,251436,买盘
11:02:45,33.52,-0.01,15,50267,卖盘
11:02:48,33.52,0.0,4,13408,卖盘
11:02:52,33.53,0.01,19,63696,买盘
11:02:55,33.53,0.0,7,23471,卖盘
11:02:57,33.53,0.0,41,137524,卖盘
11:03:00,33.53,0.0,11,36883,卖盘
11:03:04,33.53,0.0,18,60355,卖盘
11:03:07,33.48,-0.05,511,1711424,卖盘
11:03:10,33.53,0.05,11,36883,买盘
11:03:12,33.51,-0.02,6,20107,卖盘
11:03:16,33.51,0.0,9,30167,卖盘
11:03:25,33.51,0.0,73,244623,买盘
11:03:28,33.5,-0.01,67,224450,卖盘
11:03:30,33.51,0.01,25,83755,买盘
11:03:34,33.51,0.0,25,83775,买盘
11:03:36,33.55,0.04,336,1126838,买盘
11:03:39,33.56,0.01,15,50326,买盘
11:03:43,33.55,-0.01,46,154335,卖盘
11:03:46,33.55,0.0,27,90585,卖盘
11:03:48,33.55,0.0,8,26840,卖盘
11:03:51,33.55,0.0,3,10065,卖盘
11:03:55,33.48,-0.07,404,1353888,卖盘
11:03:58,33.55,0.07,12,40261,中性盘
11:04:00,33.52,-0.03,15,50322,卖盘
11:04:03,33.52,0.0,4,13417,卖盘
11:04:07,33.52,0.0,8,26816,卖盘
11:04:09,33.52,0.0,11,36872,卖盘
11:04:13,33.52,0.0,5,16760,卖盘
11:04:15,33.52,0.0,11,36872,卖盘
11:04:24,33.51,-0.01,19,63680,卖盘
11:04:27,33.52,0.01,73,244684,买盘
11:04:31,33.51,-0.01,6,20106,卖盘
11:04:34,33.51,0.0,38,127356,卖盘
11:04:36,33.51,0.0,27,90477,卖盘
11:04:40,33.52,0.01,9,30168,买盘
11:04:42,33.52,0.0,1,3352,买盘
11:04:46,33.5,-0.02,17,56951,卖盘
11:04:49,33.51,0.01,10,33510,买盘
11:04:51,33.51,0.0,4,13401,买盘
11:04:55,33.52,0.01,64,214485,买盘
11:04:57,33.53,0.01,22,73728,买盘
11:05:00,33.51,-0.02,4,13404,卖盘
11:05:03,33.52,0.01,13,43573,中性盘
11:05:06,33.51,-0.01,17,56980,卖盘
11:05:12,33.52,0.01,3,10056,买盘
11:05:15,33.51,-0.01,77,258028,卖盘
11:05:18,33.51,0.0,6,20106,卖盘
11:05:22,33.53,0.02,26,87144,买盘
11:05:25,33.52,-0.01,20,67072,卖盘
11:05:27,33.53,0.01,41,137453,卖盘
11:05:30,33.55,0.02,12,40240,买盘
11:05:34,33.55,0.0,25,83882,买盘
11:05:35,33.55,0.0,113,379187,卖盘
11:05:40,33.55,0.0,11,36902,卖盘
11:05:42,33.55,0.0,53,177955,卖盘
11:05:45,33.59,0.04,43,144362,买盘
11:05:49,33.58,-0.01,32,107468,卖盘
11:05:51,33.58,0.0,28,94023,卖盘
11:05:55,33.58,0.0,66,221553,买盘
11:05:57,33.6,0.02,25,83970,买盘
11:06:01,33.6,0.0,26,87305,买盘
11:06:03,33.58,-0.02,7,23503,卖盘
11:06:06,33.55,-0.03,26,87336,卖盘
11:06:10,33.55,0.0,55,184531,卖盘
11:06:10,33.55,0.0,9,30207,卖盘
11:06:14,33.55,0.0,47,157763,卖盘
11:06:18,33.55,0.0,55,184525,买盘
11:06:21,33.58,0.03,13,43617,买盘
11:06:24,33.58,0.0,127,426656,买盘
11:06:28,33.58,0.0,10,33580,卖盘
11:06:34,33.57,-0.01,3,10071,买盘
11:06:36,33.55,-0.02,9,30195,卖盘
11:06:39,33.57,0.02,18,60410,买盘
11:06:42,33.55,-0.02,5,16775,卖盘
11:06:45,33.57,0.02,26,87222,买盘
11:06:48,33.55,-0.02,10,33568,中性盘
11:06:52,33.57,0.02,8,26856,买盘
11:06:54,33.57,0.0,15,50351,买盘
11:06:58,33.57,0.0,7,23491,买盘
11:07:00,33.55,-0.02,11,36921,卖盘
11:07:03,33.57,0.02,12,40281,买盘
11:07:07,33.58,0.01,38,127556,买盘
11:07:09,33.57,-0.01,40,134290,卖盘
11:07:12,33.57,0.0,8,26856,买盘
11:07:15,33.6,0.03,362,1215634,买盘
11:07:18,33.6,0.0,144,483840,卖盘
11:07:22,33.6,0.0,5,16801,卖盘
11:07:25,33.6,0.0,23,77303,卖盘
11:07:28,33.6,0.0,12,40323,卖盘
11:07:31,33.6,0.0,27,90726,卖盘
11:07:33,33.6,0.0,695,2335200,卖盘
11:07:35,33.6,0.0,24,80636,买盘
11:07:40,33.5,-0.1,503,1686747,卖盘
11:07:42,33.55,0.05,2,6710,买盘
11:07:45,33.54,-0.01,55,184554,中性盘
11:07:48,33.55,0.01,4,13429,卖盘
11:07:51,33.58,0.03,11,36914,买盘
11:07:55,33.58,0.0,21,70494,买盘
11:07:58,33.58,0.0,4,13432,买盘
11:08:00,33.59,0.01,51,171167,买盘
11:08:03,33.58,-0.01,3,10071,买盘
11:08:06,33.56,-0.02,7,23495,中性盘
11:08:08,33.58,0.02,19,63776,买盘
11:08:12,33.56,-0.02,8,26848,卖盘
11:08:15,33.56,0.0,23,77198,卖盘
11:08:18,33.56,0.0,29,97324,买盘
11:08:20,33.56,0.0,9,30201,买盘
11:08:24,33.56,0.0,58,194644,买盘
11:08:28,33.56,0.0,1,3356,卖盘
11:08:30,33.58,0.02,103,345665,买盘
11:08:33,33.55,-0.03,10,33571,卖盘
11:08:36,33.56,0.01,15,50340,中性盘
11:08:40,33.58,0.02,25,83931,买盘
11:08:42,33.59,0.01,27,90667,买盘
11:08:45,33.58,-0.01,57,191421,卖盘
11:08:49,33.6,0.02,18,60470,买盘
11:08:55,33.6,0.0,47,157918,买盘
11:08:58,33.6,0.0,155,520790,买盘
11:09:01,33.61,0.01,210,705647,买盘
11:09:03,33.61,0.0,140,470521,买盘
11:09:06,33.61,0.0,115,386429,买盘
11:09:09,33.59,-0.02,53,178097,卖盘
11:09:13,33.61,0.02,25,83993,买盘
11:09:15,33.6,-0.01,74,248641,卖盘
11:09:17,33.6,0.0,25,84001,卖盘
11:09:21,33.6,0.0,5,16800,卖盘
11:09:24,33.6,0.0,40,134400,卖盘
11:09:27,33.58,-0.02,42,141084,卖盘
11:09:30,33.59,0.01,3,10075,买盘
11:09:34,33.58,-0.01,11,36948,卖盘
11:09:36,33.58,0.0,4,13432,卖盘
11:09:38,33.58,0.0,16,53728,卖盘
11:09:41,33.58,0.0,23,77234,卖盘
11:09:45,33.59,0.01,17,57080,买盘
11:09:48,33.58,-0.01,52,174614,买盘
11:09:50,33.55,-0.03,63,211444,卖盘
11:09:54,33.57,0.02,1,3357,中性盘
11:09:58,33.56,-0.01,22,73864,卖盘
11:10:01,33.58,0.02,17,57075,买盘
11:10:02,33.58,0.0,86,288749,买盘
11:10:05,33.58,0.0,22,73876,卖盘
11:10:12,33.58,0.0,7,23506,卖盘
11:10:15,33.58,0.0,64,214917,卖盘
11:10:18,33.58,0.0,6,20148,买盘
11:10:21,33.58,0.0,4,13426,买盘
11:10:24,33.57,-0.01,53,177888,中性盘
11:10:27,33.56,-0.01,32,107407,卖盘
11:10:30,33.57,0.01,24,80573,中性盘
11:10:33,33.57,0.0,23,77202,买盘
11:10:36,33.56,-0.01,7,23492,卖盘
11:10:39,33.56,0.0,3,10068,卖盘
11:10:41,33.56,0.0,9,30207,卖盘
11:10:45,33.56,0.0,67,224806,卖盘
11:10:48,33.56,0.0,7,23492,买盘
11:10:51,33.56,0.0,2,6712,买盘
11:10:54,33.56,0.0,11,36912,买盘
11:10:57,33.56,0.0,13,43627,买盘
11:10:59,33.57,0.01,145,486696,买盘
11:11:03,33.57,0.0,19,63783,卖盘
11:11:05,33.57,0.0,22,73861,卖盘
11:11:08,33.58,0.01,110,369372,买盘
11:11:12,33.59,0.01,8,26862,买盘
11:11:16,33.57,-0.02,89,298817,卖盘
11:11:17,33.58,0.01,13,43642,中性盘
11:11:21,33.59,0.01,6,20149,买盘
11:11:24,33.59,0.0,12,40298,买盘
11:11:27,33.59,0.0,29,97419,买盘
11:11:30,33.59,0.0,8,26872,中性盘
11:11:35,33.59,0.0,10,33591,卖盘
11:11:39,33.6,0.01,13,43676,买盘
11:11:42,33.59,-0.01,44,147802,卖盘
11:11:45,33.59,0.0,21,70539,卖盘
11:11:48,33.59,0.0,33,110847,卖盘
11:11:51,33.59,0.0,23,77257,买盘
11:11:53,33.6,0.01,22,73898,买盘
11:11:56,33.59,-0.01,27,90054,卖盘
11:11:59,33.6,0.01,77,258720,买盘
11:12:03,33.6,0.0,34,114226,买盘
11:12:06,33.59,-0.01,20,67819,卖盘
11:12:08,33.59,0.0,36,120300,买盘
11:12:12,33.6,0.01,22,73920,买盘
11:12:14,33.59,-0.01,82,275444,卖盘
11:12:18,33.6,0.01,75,251999,买盘
11:12:21,33.6,0.0,249,836640,买盘
11:12:23,33.61,0.01,16,53776,买盘
11:12:27,33.61,0.0,60,201652,买盘
11:12:29,33.6,-0.01,9,30243,卖盘
11:12:32,33.6,0.0,7,23521,卖盘
11:12:36,33.6,0.0,25,84006,卖盘
11:12:39,33.61,0.01,30,100801,买盘
11:12:42,33.6,-0.01,8,26880,卖盘
11:12:45,33.6,0.0,14,47040,卖盘
11:12:47,33.6,0.0,5,16804,卖盘
11:12:50,33.6,0.0,29,97456,卖盘
11:12:54,33.61,0.01,105,352902,买盘
11:12:57,33.61,0.0,21,70578,买盘
11:13:00,33.6,-0.01,38,127680,卖盘
11:13:02,33.6,0.0,11,36965,卖盘
11:13:06,33.61,0.01,19,63847,买盘
11:13:09,33.6,-0.01,5,16800,卖盘
11:13:12,33.61,0.01,1,3361,买盘
11:13:15,33.61,0.0,120,403225,买盘
11:13:18,33.6,-0.01,156,524219,卖盘
11:13:20,33.6,0.0,227,762790,卖盘
11:13:24,33.59,-0.01,280,940749,卖盘
11:13:27,33.6,0.01,69,231755,买盘
11:13:30,33.6,0.0,81,272056,买盘
11:13:33,33.59,-0.01,22,73894,卖盘
11:13:36,33.57,-0.02,39,130940,卖盘
11:13:39,33.59,0.02,5,16795,中性盘
11:13:42,33.57,-0.02,50,168494,卖盘
11:13:44,33.55,-0.02,44,147658,卖盘
11:13:48,33.56,0.01,24,80526,中性盘
11:13:54,33.56,0.0,10,33560,买盘
11:13:57,33.56,0.0,15,50339,买盘
11:14:00,33.56,0.0,28,93965,买盘
11:14:03,33.57,0.01,131,439129,买盘
11:14:06,33.58,0.01,29,97358,中性盘
11:14:09,33.58,0.0,6,20148,买盘
11:14:12,33.58,0.0,3,10074,买盘
11:14:15,33.57,-0.01,50,168488,卖盘
11:14:18,33.57,0.0,30,100710,买盘
11:14:21,33.58,0.01,118,395562,买盘
11:14:24,33.56,-0.02,179,600756,卖盘
11:14:27,33.58,0.02,14,47010,中性盘
11:14:30,33.58,0.0,38,127626,买盘
11:14:33,33.58,0.0,5,16790,买盘
11:14:36,33.55,-0.03,497,1667645,卖盘
11:14:39,33.58,0.03,39,130956,买盘
11:14:41,33.58,0.0,30,100740,卖盘
11:14:45,33.58,0.0,15,50370,卖盘
11:14:50,33.58,0.0,24,80604,卖盘
11:14:54,33.58,0.0,23,77252,卖盘
11:14:57,33.59,0.01,36,120922,买盘
11:15:00,33.6,0.01,189,634965,买盘
11:15:03,33.61,0.01,39,131075,买盘
11:15:06,33.61,0.0,112,376424,买盘
11:15:09,33.61,0.0,69,231881,买盘
11:15:12,33.61,0.0,107,359615,买盘
11:15:14,33.6,-0.01,64,215040,卖盘
11:15:18,33.6,0.0,35,117576,买盘
11:15:22,33.61,0.01,148,497425,买盘
11:15:24,33.61,0.0,20,67211,买盘
11:15:27,33.61,0.0,7,23526,买盘
11:15:29,33.61,0.0,11,36971,买盘
11:15:33,33.6,-0.01,24,80653,卖盘
11:15:36,33.61,0.01,48,161320,买盘
11:15:39,33.61,0.0,193,648660,买盘
11:15:42,33.61,0.0,33,110913,买盘
11:15:45,33.6,-0.01,20,67206,卖盘
11:15:47,33.6,0.0,9,30246,卖盘
11:15:51,33.61,0.01,59,198249,买盘
11:15:53,33.6,-0.01,3,10082,卖盘
11:15:57,33.6,0.0,52,174742,卖盘
11:16:00,33.61,0.01,44,147884,买盘
11:16:03,33.61,0.0,1,3361,卖盘
11:16:05,33.61,0.0,23,77303,卖盘
11:16:09,33.62,0.01,12,40344,买盘
11:16:12,33.61,-0.01,24,80677,卖盘
11:16:14,33.61,0.0,90,302513,卖盘
11:16:18,33.62,0.01,12,40336,买盘
11:16:21,33.62,0.0,93,312665,买盘
11:16:24,33.62,0.0,3,10086,卖盘
11:16:27,33.62,0.0,3,10086,卖盘
11:16:30,33.63,0.01,15,50443,买盘
11:16:32,33.62,-0.01,103,346300,卖盘
11:16:36,33.62,0.0,9,30258,买盘
11:16:39,33.62,0.0,139,467309,买盘
11:16:42,33.62,0.0,508,1708349,买盘
11:16:44,33.62,0.0,29,97512,卖盘
11:16:48,33.63,0.01,24,80703,买盘
11:16:51,33.63,0.0,16,53808,卖盘
11:16:56,33.63,0.0,1,3363,卖盘
11:16:59,33.64,0.01,40,134557,买盘
11:17:03,33.64,0.0,9,30276,卖盘
11:17:06,33.64,0.0,5,16820,卖盘
11:17:09,33.65,0.01,10,33645,买盘
11:17:12,33.64,-0.01,23,77387,卖盘
11:17:15,33.64,0.0,69,232116,卖盘
11:17:18,33.64,0.0,8,26912,卖盘
11:17:21,33.65,0.01,123,413895,买盘
11:17:24,33.65,0.0,82,275914,买盘
11:17:27,33.65,0.0,18,60559,买盘
11:17:29,33.65,0.0,72,242257,买盘
11:17:33,33.64,-0.01,45,151379,卖盘
11:17:36,33.64,0.0,6,20184,买盘
11:17:39,33.63,-0.01,65,218664,卖盘
11:17:42,33.64,0.01,13,43732,买盘
11:17:45,33.64,0.0,162,545103,卖盘
11:17:48,33.65,0.01,58,195168,买盘
11:17:50,33.65,0.0,5,16822,买盘
11:17:54,33.65,0.0,2,6730,买盘
11:17:57,33.65,0.0,85,286013,买盘
11:17:59,33.65,0.0,85,286025,买盘
11:18:03,33.65,0.0,10,33650,卖盘
11:18:07,33.65,0.0,21,70665,卖盘
11:18:09,33.65,0.0,8,26920,卖盘
11:18:12,33.65,0.0,5,16825,卖盘
11:18:15,33.65,0.0,79,265843,卖盘
11:18:18,33.65,0.0,25,84133,卖盘
11:18:21,33.65,0.0,128,430843,卖盘
11:18:24,33.66,0.01,25,84137,买盘
11:18:27,33.66,0.0,33,111072,买盘
11:18:29,33.66,0.0,16,53851,卖盘
11:18:33,33.66,0.0,4,13464,卖盘
11:18:36,33.66,0.0,10,33660,卖盘
11:18:38,33.66,0.0,3,10098,卖盘
11:18:42,33.66,0.0,6,20198,卖盘
11:18:44,33.66,0.0,14,47124,卖盘
11:18:48,33.67,0.01,55,185139,买盘
11:18:51,33.66,-0.01,14,47125,卖盘
11:18:54,33.66,0.0,254,853798,卖盘
11:18:57,33.65,-0.01,40,134639,卖盘
11:19:00,33.65,0.0,19,63952,卖盘
11:19:03,33.65,0.0,12,40385,卖盘
11:19:06,33.65,0.0,6,20190,卖盘
11:19:09,33.65,0.0,1,3365,卖盘
11:19:12,33.65,0.0,18,60570,卖盘
11:19:15,33.65,0.0,74,249010,卖盘
11:19:18,33.65,0.0,15,50480,卖盘
11:19:21,33.65,0.0,418,1406570,卖盘
11:19:24,33.65,0.0,50,168273,卖盘
11:19:27,33.65,0.0,5,17868,卖盘
11:19:30,33.65,0.0,16,53840,买盘
11:19:33,33.66,0.01,73,245699,卖盘
11:19:36,33.64,-0.02,52,174964,卖盘
11:19:40,33.65,0.01,43,144717,买盘
11:19:42,33.65,0.0,36,121172,卖盘
11:19:45,33.66,0.01,71,237940,买盘
11:19:48,33.66,0.0,17,57222,卖盘
11:19:51,33.65,-0.01,36,121184,卖盘
11:19:54,33.66,0.01,16,53856,中性盘
11:19:57,33.66,0.0,38,127921,卖盘
11:20:00,33.67,0.01,56,188535,买盘
11:20:03,33.67,0.0,628,2114446,买盘
11:20:06,33.68,0.01,954,3213012,买盘
11:20:09,33.68,0.0,563,1896763,卖盘
11:20:12,33.7,0.02,352,1186230,买盘
11:20:15,33.7,0.0,370,1246786,买盘
11:20:17,33.7,0.0,256,862718,买盘
11:20:20,33.71,0.01,68,229211,买盘
11:20:24,33.7,-0.01,31,104491,卖盘
11:20:26,33.7,0.0,148,498892,卖盘
11:20:30,33.71,0.01,96,323601,买盘
11:20:32,33.7,-0.01,2,6740,卖盘
11:20:36,33.7,0.0,83,279784,卖盘
11:20:39,33.71,0.01,13,43823,买盘
11:20:42,33.7,-0.01,16,53927,卖盘
11:20:45,33.7,0.0,20,67401,卖盘
11:20:48,33.71,0.01,77,259500,买盘
11:20:51,33.71,0.0,143,482042,买盘
11:20:54,33.71,0.0,12,40451,买盘
11:20:56,33.7,-0.01,6,20220,卖盘
11:21:00,33.7,0.0,19,64041,卖盘
11:21:03,33.7,0.0,12,40449,卖盘
11:21:05,33.7,0.0,12,40440,卖盘
11:21:09,33.71,0.01,4,13483,买盘
11:21:12,33.71,0.0,12,40447,买盘
11:21:15,33.71,0.0,75,252760,买盘
11:21:18,33.7,-0.01,3,10110,卖盘
11:21:21,33.71,0.01,10,33709,买盘
11:21:24,33.71,0.0,15,50562,买盘
11:21:27,33.71,0.0,21,70776,买盘
11:21:30,33.71,0.0,153,515763,买盘
11:21:33,33.71,0.0,24,80904,卖盘
11:21:36,33.71,0.0,9,30346,卖盘
11:21:39,33.72,0.01,28,94402,买盘
11:21:42,33.72,0.0,15,50575,买盘
11:21:45,33.72,0.0,41,138248,买盘
11:21:47,33.75,0.03,554,1869479,买盘
11:21:51,33.76,0.01,67,226160,买盘
11:21:54,33.75,-0.01,46,155286,卖盘
11:21:57,33.77,0.02,68,229578,买盘
11:22:00,33.77,0.0,57,192465,买盘
11:22:02,33.77,0.0,159,536934,买盘
11:22:06,33.76,-0.01,35,118186,卖盘
11:22:08,33.77,0.01,6,20261,买盘
11:22:12,33.76,-0.01,8,27008,卖盘
11:22:14,33.76,0.0,69,232944,卖盘
11:22:18,33.8,0.04,2098,7088437,买盘
11:22:21,33.76,-0.04,16,54021,卖盘
11:22:24,33.77,0.01,39,131669,买盘
11:22:27,33.76,-0.01,5,16880,中性盘
11:22:30,33.75,-0.01,41,138410,卖盘
11:22:33,33.75,0.0,62,209260,卖盘
11:22:37,33.76,0.01,10,33752,买盘
11:22:40,33.75,-0.01,21,70875,卖盘
11:22:42,33.75,0.0,36,121504,卖盘
11:22:44,33.75,0.0,8,27005,卖盘
11:22:48,33.76,0.01,75,253104,买盘
11:22:50,33.72,-0.04,16,54003,卖盘
11:22:54,33.72,0.0,102,344202,卖盘
11:22:57,33.72,0.0,21,70863,卖盘
11:23:00,33.75,0.03,33,111375,买盘
11:23:03,33.72,-0.03,13,43871,卖盘
11:23:07,33.72,0.0,9,30352,卖盘
11:23:09,33.74,0.02,52,175348,买盘
11:23:12,33.72,-0.02,22,74226,卖盘
11:23:15,33.72,0.0,49,165238,卖盘
11:23:18,33.72,0.0,40,134880,买盘
11:23:20,33.72,0.0,24,80928,买盘
11:23:24,33.72,0.0,4,13488,买盘
11:23:27,33.72,0.0,77,259644,买盘
11:23:30,33.74,0.02,19,64091,买盘
11:23:32,33.7,-0.04,332,1119165,卖盘
11:23:36,33.69,-0.01,23,77506,卖盘
11:23:39,33.7,0.01,15,50542,买盘
11:23:42,33.69,-0.01,183,616706,卖盘
11:23:45,33.69,0.0,20,67386,卖盘
11:23:48,33.7,0.01,55,185322,买盘
11:23:50,33.7,0.0,66,222453,买盘
11:23:54,33.72,0.02,81,273131,买盘
11:23:57,33.73,0.01,162,546240,买盘
11:24:00,33.74,0.01,149,502570,买盘
11:24:02,33.75,0.01,63,212575,买盘
11:24:07,33.74,-0.01,106,357681,卖盘
11:24:09,33.72,-0.02,53,178864,卖盘
11:24:12,33.73,0.01,65,219321,卖盘
11:24:16,33.73,0.0,24,80952,买盘
11:24:18,33.73,0.0,12,40471,买盘
11:24:22,33.72,-0.01,3,10116,卖盘
11:24:24,33.73,0.01,65,219277,买盘
11:24:27,33.73,0.0,39,131555,卖盘
11:24:30,33.74,0.01,34,114716,买盘
11:24:33,33.74,0.0,7,23618,卖盘
11:24:36,33.73,-0.01,11,37111,卖盘
11:24:38,33.71,-0.02,43,145031,卖盘
11:24:42,33.74,0.03,13,43859,买盘
11:24:45,33.74,0.0,82,276668,买盘
11:24:48,33.74,0.0,23,77602,卖盘
11:24:52,33.74,0.0,74,249678,卖盘
11:24:54,33.74,0.0,1,3374,卖盘
11:24:57,33.74,0.0,39,131616,买盘
11:25:00,33.74,0.0,5,16872,卖盘
11:25:02,33.75,0.01,32,107984,买盘
11:25:07,33.72,-0.03,21,70860,卖盘
11:25:08,33.74,0.02,6,20244,买盘
11:25:12,33.74,0.0,11,37114,买盘
11:25:18,33.71,-0.03,36,121390,卖盘
11:25:22,33.7,-0.01,438,1476113,卖盘
11:25:24,33.7,0.0,28,94358,买盘
11:25:27,33.69,-0.01,17,57279,卖盘
11:25:30,33.69,0.0,35,117915,卖盘
11:25:33,33.68,-0.01,75,252672,卖盘
11:25:37,33.7,0.02,433,1459204,买盘
11:25:40,33.7,0.0,49,165130,卖盘
11:25:42,33.7,0.0,69,232530,卖盘
11:25:45,33.7,0.0,3,10110,卖盘
11:25:48,33.7,0.0,29,97730,卖盘
11:25:52,33.7,0.0,59,198830,卖盘
11:25:54,33.7,0.0,5,16850,卖盘
11:25:57,33.7,0.0,327,1101990,卖盘
11:26:00,33.69,-0.01,289,973904,卖盘
11:26:04,33.69,0.0,32,107808,买盘
11:26:05,33.68,-0.01,6,20208,卖盘
11:26:09,33.7,0.02,47,158369,买盘
11:26:12,33.69,-0.01,92,310027,卖盘
11:26:15,33.7,0.01,135,454940,买盘
11:26:18,33.71,0.01,641,2160194,买盘
11:26:22,33.74,0.03,153,515868,买盘
11:26:24,33.69,-0.05,83,279898,卖盘
11:26:27,33.75,0.06,148,499380,买盘
11:26:30,33.75,0.0,19,64111,买盘
11:26:33,33.75,0.0,152,512827,买盘
11:26:37,33.72,-0.03,59,199076,卖盘
11:26:40,33.75,0.03,23,77611,买盘
11:26:42,33.73,-0.02,2,6746,卖盘
11:26:45,33.73,0.0,43,145059,卖盘
11:26:48,33.72,-0.01,19,64072,卖盘
11:26:51,33.73,0.01,21,70850,买盘
11:26:54,33.73,0.0,22,74226,买盘
11:26:57,33.73,0.0,29,97805,买盘
11:27:00,33.73,0.0,28,94429,买盘
11:27:02,33.73,0.0,24,81390,买盘
11:27:07,33.73,0.0,52,175491,卖盘
11:27:09,33.75,0.02,52,175474,买盘
11:27:12,33.75,0.0,1014,3423575,买盘
11:27:16,33.75,0.0,130,438735,卖盘
11:27:17,33.76,0.01,204,688703,买盘
11:27:20,33.75,-0.01,41,138396,卖盘
11:27:24,33.74,-0.01,155,521540,卖盘
11:27:27,33.75,0.01,31,104625,买盘
11:27:29,33.74,-0.01,49,165374,卖盘
11:27:33,33.75,0.01,30,101249,买盘
11:27:37,33.75,0.0,32,107997,买盘
11:27:40,33.75,0.0,119,403268,买盘
11:27:42,33.75,0.0,94,317388,卖盘
11:27:45,33.76,0.01,86,290413,卖盘
11:27:48,33.79,0.03,399,1347458,买盘
11:27:52,33.79,0.0,34,114876,买盘
11:27:54,33.8,0.01,1077,3640193,买盘
11:27:57,33.8,0.0,115,388700,买盘
11:28:00,33.8,0.0,38,128438,买盘
11:28:03,33.8,0.0,56,189260,买盘
11:28:07,33.8,0.0,34,114914,买盘
11:28:09,33.8,0.0,1068,3609787,买盘
11:28:12,33.8,0.0,90,304195,买盘
11:28:16,33.8,0.0,118,398774,买盘
11:28:18,33.78,-0.02,49,165606,卖盘
11:28:22,33.81,0.03,68,229842,买盘
11:28:24,33.81,0.0,41,138621,买盘
11:28:27,33.83,0.02,100,338229,买盘
11:28:30,33.83,0.0,260,879574,买盘
11:28:33,33.83,0.0,125,422870,买盘
11:28:37,33.83,0.0,158,534386,买盘
11:28:40,33.82,-0.01,219,740728,卖盘
11:28:42,33.82,0.0,48,162336,买盘
11:28:45,33.82,0.0,12,40582,买盘
11:28:48,33.81,-0.01,93,314448,卖盘
11:28:52,33.81,0.0,25,84536,卖盘
11:28:54,33.81,0.0,31,104811,买盘
11:28:57,33.81,0.0,58,196097,买盘
11:29:00,33.8,-0.01,18,60851,卖盘
11:29:04,33.8,0.0,260,879159,卖盘
11:29:07,33.79,-0.01,14,47319,卖盘
11:29:09,33.8,0.01,55,185941,买盘
11:29:12,33.8,0.0,19,64220,买盘
11:29:16,33.79,-0.01,58,195997,卖盘
11:29:18,33.78,-0.01,41,138498,卖盘
11:29:22,33.79,0.01,30,101342,买盘
11:29:24,33.78,-0.01,24,81079,中性盘
11:29:27,33.79,0.01,8,27023,买盘
11:29:30,33.79,0.0,24,81087,买盘
11:29:33,33.78,-0.01,31,104761,卖盘
11:29:37,33.8,0.02,18,60840,买盘
11:29:40,33.78,-0.02,10,33787,卖盘
11:29:42,33.78,0.0,7,23647,卖盘
11:29:45,33.8,0.02,7,23655,买盘
11:29:48,33.78,-0.02,19,64189,卖盘
11:29:52,33.78,0.0,29,97981,卖盘
11:29:53,33.79,0.01,1,3379,中性盘
11:29:57,33.78,-0.01,80,270244,卖盘
11:30:00,33.78,0.0,1,3378,买盘
13:00:02,33.78,0.0,336,1134879,买盘
13:00:04,33.81,0.03,608,2053416,卖盘
13:00:07,33.78,-0.03,67,226363,卖盘
13:00:10,33.78,0.0,10,33784,卖盘
13:00:13,33.78,0.0,52,175726,卖盘
13:00:17,33.81,0.03,134,452634,买盘
13:00:20,33.78,-0.03,7,23646,卖盘
13:00:22,33.77,-0.01,82,276979,卖盘
13:00:25,33.77,0.0,278,938852,卖盘
13:00:29,33.76,-0.01,77,260411,卖盘
13:00:31,33.77,0.01,297,1002680,中性盘
13:00:33,33.75,-0.02,392,1321362,卖盘
13:00:37,33.7,-0.05,437,1473109,卖盘
13:00:40,33.7,0.0,8,26966,卖盘
13:00:43,33.7,0.0,462,1556972,卖盘
13:00:46,33.7,0.0,21,70770,卖盘
13:00:49,33.69,-0.01,15,50534,卖盘
13:00:52,33.69,0.0,2,6738,买盘
13:00:55,33.69,0.0,22,74119,中性盘
13:00:58,33.7,0.01,72,242639,买盘
13:01:02,33.7,0.0,29,97730,卖盘
13:01:04,33.71,0.01,64,215744,买盘
13:01:07,33.73,0.02,68,229364,买盘
13:01:10,33.73,0.0,26,87714,卖盘
13:01:13,33.73,0.0,40,134920,卖盘
13:01:16,33.73,0.0,19,64087,卖盘
13:01:19,33.73,0.0,5,16865,买盘
13:01:22,33.71,-0.02,7,23597,卖盘
13:01:25,33.73,0.02,9,30349,买盘
13:01:28,33.7,-0.03,56,188777,卖盘
13:01:30,33.7,0.0,19,64038,卖盘
13:01:34,33.7,0.0,17,57291,卖盘
13:01:37,33.71,0.01,15,50560,买盘
13:01:40,33.7,-0.01,102,343723,卖盘
13:01:43,33.7,0.0,3,10110,卖盘
13:01:46,33.72,0.02,85,286548,买盘
13:01:49,33.71,-0.01,174,586519,卖盘
13:01:52,33.7,-0.01,15,50554,卖盘
13:01:55,33.71,0.01,14,47195,卖盘
13:01:58,33.72,0.01,22,74157,买盘
13:02:01,33.71,-0.01,8,26968,卖盘
13:02:04,33.7,-0.01,32,107869,卖盘
13:02:07,33.7,0.0,12,40442,卖盘
13:02:10,33.71,0.01,17,57302,买盘
13:02:13,33.7,-0.01,10,33708,卖盘
13:02:16,33.71,0.01,146,491293,中性盘
13:02:19,33.7,-0.01,5,16850,卖盘
13:02:22,33.7,0.0,31,104494,卖盘
13:02:25,33.71,0.01,11,37071,买盘
13:02:28,33.68,-0.03,187,632787,卖盘
13:02:31,33.7,0.02,503,1697188,买盘
13:02:34,33.71,0.01,114,384046,卖盘
13:02:36,33.71,0.0,28,94388,卖盘
13:02:40,33.72,0.01,38,128133,买盘
13:02:43,33.7,-0.02,538,1813563,卖盘
13:02:46,33.71,0.01,61,205590,买盘
13:02:49,33.7,-0.01,2,6740,卖盘
13:02:51,33.69,-0.01,77,259469,卖盘
13:02:55,33.69,0.0,11,37059,卖盘
13:02:58,33.68,-0.01,21,70746,卖盘
13:03:02,33.68,0.0,19,64017,卖盘
13:03:04,33.69,0.01,138,465324,买盘
13:03:06,33.69,0.0,53,178517,买盘
13:03:10,33.68,-0.01,120,404161,卖盘
13:03:13,33.67,-0.01,31,104402,卖盘
13:03:16,33.68,0.01,236,795014,买盘
13:03:19,33.68,0.0,55,185194,买盘
13:03:22,33.68,0.0,73,245853,买盘
13:03:25,33.68,0.0,42,141426,买盘
13:03:29,33.68,0.0,76,255907,买盘
13:03:30,33.6,-0.08,634,2132704,卖盘
13:03:34,33.68,0.08,8,26936,买盘
13:03:37,33.61,-0.07,25,84155,卖盘
13:03:40,33.61,0.0,59,198662,卖盘
13:03:43,33.61,0.0,8,26888,卖盘
13:03:46,33.58,-0.03,224,752546,卖盘
13:03:49,33.61,0.03,13,43678,中性盘
13:03:55,33.6,-0.01,11,36951,买盘
13:03:58,33.6,0.0,23,77281,中性盘
13:04:02,33.6,0.0,12,40329,卖盘
13:04:04,33.51,-0.09,626,2101815,卖盘
13:04:07,33.6,0.09,21,70552,买盘
13:04:09,33.6,0.0,762,2555652,买盘
13:04:13,33.61,0.01,109,366252,买盘
13:04:16,33.63,0.02,121,405885,买盘
13:04:19,33.6,-0.03,68,228470,买盘
13:04:22,33.61,0.01,201,674941,买盘
13:04:28,33.53,-0.08,8,26872,中性盘
13:04:30,33.5,-0.03,799,2677317,卖盘
13:04:34,33.5,0.0,71,237888,买盘
13:04:37,33.6,0.1,11,36876,买盘
13:04:40,33.53,-0.07,527,1765726,中性盘
13:04:43,33.54,0.01,50,167940,买盘
13:04:46,33.54,0.0,5,16770,卖盘
13:04:49,33.5,-0.04,285,955311,卖盘
13:04:52,33.55,0.05,69,231232,买盘
13:04:55,33.53,-0.02,33,110676,卖盘
13:04:58,33.5,-0.03,334,1118973,卖盘
13:05:01,33.61,0.11,33,110940,买盘
13:05:03,33.5,-0.11,347,1162821,卖盘
13:05:07,33.59,0.09,12,40265,买盘
13:05:10,33.59,0.0,580,1943669,买盘
13:05:12,33.66,0.07,103,346116,买盘
13:05:15,33.52,-0.14,437,1463782,卖盘
13:05:19,33.52,0.0,50,167600,买盘
13:05:22,33.59,0.07,22,73863,买盘
13:05:24,33.59,0.0,21,70545,卖盘
13:05:29,33.59,0.0,5,16795,卖盘
13:05:31,33.59,0.0,4,13438,卖盘
13:05:34,33.59,0.0,61,204899,卖盘
13:05:37,33.6,0.01,2,6720,买盘
13:05:40,33.53,-0.07,151,506451,卖盘
13:05:43,33.59,0.06,9,30230,中性盘
13:05:46,33.6,0.01,4,13440,买盘
13:05:49,33.59,-0.01,27,90669,卖盘
13:05:52,33.58,-0.01,52,174616,中性盘
13:05:57,33.55,-0.03,17,57035,卖盘
13:06:01,33.55,0.0,4,13421,卖盘
13:06:04,33.57,0.02,4,13422,买盘
13:06:07,33.55,-0.02,4,13421,卖盘
13:06:10,33.55,0.0,27,90599,卖盘
13:06:13,33.55,0.0,99,332147,卖盘
13:06:15,33.55,0.0,8,26840,买盘
13:06:19,33.54,-0.01,101,338807,卖盘
13:06:22,33.55,0.01,15,50325,买盘
13:06:25,33.55,0.0,30,100650,买盘
13:06:27,33.55,0.0,3,10067,卖盘
13:06:31,33.55,0.0,29,97294,卖盘
13:06:37,33.56,0.01,1,3356,中性盘
13:06:39,33.55,-0.01,127,426118,卖盘
13:06:43,33.55,0.0,3,10065,卖盘
13:06:46,33.55,0.0,75,251665,卖盘
13:06:49,33.55,0.0,26,87230,卖盘
13:06:52,33.55,0.0,16,53684,卖盘
13:06:54,33.55,0.0,28,93940,卖盘
13:06:58,33.56,0.01,122,409293,买盘
13:07:01,33.55,-0.01,51,171087,中性盘
13:07:04,33.55,0.0,147,492976,买盘
13:07:08,33.52,-0.03,196,657226,卖盘
13:07:09,33.52,0.0,282,945177,卖盘
13:07:13,33.51,-0.01,590,1977029,卖盘
13:07:16,33.5,-0.01,445,1490769,卖盘
13:07:19,33.51,0.01,1181,3953631,买盘
13:07:22,33.49,-0.02,217,724974,中性盘
13:07:25,33.5,0.01,272,911136,买盘
13:07:28,33.41,-0.09,3,10041,中性盘
13:07:31,33.45,0.04,54,180522,中性盘
13:07:34,33.49,0.04,20,66867,买盘
13:07:37,33.43,-0.06,9,30080,买盘
13:07:43,33.42,-0.01,6,20052,卖盘
13:07:46,33.43,0.01,18,60173,中性盘
13:07:49,33.43,0.0,3,10033,卖盘
13:07:52,33.45,0.02,37,123849,买盘
13:07:55,33.45,0.0,2,6690,卖盘
13:07:58,33.46,0.01,150,501757,买盘
13:08:01,33.49,0.03,164,549009,买盘
13:08:04,33.49,0.0,3,10047,卖盘
13:08:07,33.5,0.01,52,174181,买盘
13:08:10,33.49,-0.01,135,452289,卖盘
13:08:13,33.52,0.03,40,133199,卖盘
13:08:16,33.51,-0.01,103,345244,卖盘
13:08:19,33.57,0.06,66,221423,买盘
13:08:21,33.54,-0.03,103,345744,卖盘
13:08:25,33.54,0.0,27,90636,卖盘
13:08:28,33.57,0.03,34,114116,买盘
13:08:31,33.54,-0.03,12,40251,卖盘
13:08:34,33.54,0.0,53,177777,卖盘
13:08:37,33.53,-0.01,3,10060,卖盘
13:08:40,33.54,0.01,1,3354,买盘
13:08:43,33.54,0.0,11,36893,买盘
13:08:46,33.54,0.0,35,117380,买盘
13:08:49,33.54,0.0,10,33540,卖盘
13:08:51,33.54,0.0,17,57018,卖盘
13:08:55,33.53,-0.01,30,100613,卖盘
13:08:58,33.54,0.01,23,77128,买盘
13:09:01,33.53,-0.01,6,20120,卖盘
13:09:04,33.55,0.02,52,174459,买盘
13:09:07,33.55,0.0,29,97295,卖盘
13:09:10,33.54,-0.01,39,130844,卖盘
13:09:13,33.55,0.01,317,1063534,买盘
13:09:16,33.55,0.0,34,114070,卖盘
13:09:19,33.54,-0.01,105,352162,卖盘
13:09:22,33.53,-0.01,8,26826,卖盘
13:09:25,33.55,0.02,15,50321,买盘
13:09:28,33.55,0.0,40,134202,卖盘
13:09:31,33.55,0.0,6,20130,卖盘
13:09:33,33.55,0.0,285,956175,卖盘
13:09:36,33.56,0.01,11,36907,买盘
13:09:40,33.55,-0.01,21,70455,卖盘
13:09:42,33.56,0.01,5,16779,买盘
13:09:46,33.56,0.0,231,775031,买盘
13:09:49,33.54,-0.02,38,127488,卖盘
13:09:51,33.55,0.01,151,506673,买盘
13:09:55,33.56,0.01,1,3356,卖盘
13:09:58,33.56,0.0,35,117476,卖盘
13:10:01,33.56,0.0,186,624042,中性盘
13:10:04,33.57,0.01,12,40282,买盘
13:10:07,33.55,-0.02,29,97353,卖盘
13:10:09,33.55,0.0,219,734778,卖盘
13:10:13,33.55,0.0,42,140967,卖盘
13:10:16,33.55,0.0,90,302004,卖盘
13:10:19,33.56,0.01,5,16780,中性盘
13:10:22,33.56,0.0,4,13426,卖盘
13:10:25,33.57,0.01,27,90635,买盘
13:10:28,33.56,-0.01,18,60408,卖盘
13:10:31,33.56,0.0,29,97323,卖盘
13:10:34,33.54,-0.02,66,221433,卖盘
13:10:37,33.55,0.01,64,214667,买盘
13:10:40,33.53,-0.02,34,114002,卖盘
13:10:43,33.53,0.0,19,63707,卖盘
13:10:46,33.54,0.01,35,117368,买盘
13:10:48,33.51,-0.03,105,352007,卖盘
13:10:52,33.53,0.02,16,53624,中性盘
13:10:55,33.53,0.0,37,124003,卖盘
13:10:58,33.51,-0.02,33,110583,卖盘
13:11:01,33.53,0.02,14,46925,买盘
13:11:03,33.53,0.0,51,170993,买盘
13:11:07,33.53,0.0,43,144179,卖盘
13:11:10,33.53,0.0,13,43592,卖盘
13:11:13,33.51,-0.02,20,67022,卖盘
13:11:15,33.51,0.0,9,30159,卖盘
13:11:19,33.5,-0.01,122,408723,卖盘
13:11:22,33.5,0.0,75,251263,卖盘
13:11:25,33.52,0.02,106,355133,买盘
13:11:28,33.51,-0.01,4,13404,中性盘
13:11:31,33.5,-0.01,117,391985,卖盘
13:11:34,33.51,0.01,67,224457,买盘
13:11:37,33.5,-0.01,58,194319,卖盘
13:11:40,33.5,0.0,44,147400,卖盘
13:11:42,33.5,0.0,7,23451,卖盘
13:11:46,33.5,0.0,24,80410,卖盘
13:11:49,33.5,0.0,114,382033,卖盘
13:11:51,33.49,-0.01,401,1344213,卖盘
13:11:55,33.48,-0.01,22,73692,卖盘
13:11:58,33.49,0.01,18,60283,卖盘
13:12:01,33.5,0.01,213,713538,买盘
13:12:04,33.5,0.0,133,445516,买盘
13:12:07,33.49,-0.01,15,50235,卖盘
13:12:10,33.49,0.0,12,40199,卖盘
13:12:13,33.48,-0.01,22,73670,卖盘
13:12:16,33.49,0.01,399,1336115,买盘
13:12:19,33.5,0.01,11,36850,买盘
13:12:22,33.5,0.0,464,1553534,买盘
13:12:24,33.49,-0.01,66,221947,卖盘
13:12:28,33.49,0.0,28,93756,买盘
13:12:31,33.48,-0.01,110,368376,卖盘
13:12:34,33.48,0.0,44,147317,卖盘
13:12:37,33.48,0.0,4,13392,买盘
13:12:40,33.47,-0.01,316,1058407,卖盘
13:12:43,33.48,0.01,6,20087,中性盘
13:12:46,33.47,-0.01,77,257737,卖盘
13:12:48,33.46,-0.01,51,170695,卖盘
13:12:52,33.46,0.0,27,90343,卖盘
13:12:55,33.46,0.0,2,6692,卖盘
13:12:58,33.47,0.01,67,224248,买盘
13:13:01,33.48,0.01,194,649243,买盘
13:13:04,33.48,0.0,28,93744,卖盘
13:13:06,33.48,0.0,65,217627,卖盘
13:13:10,33.5,0.02,188,629770,买盘
13:13:13,33.48,-0.02,9,30132,卖盘
13:13:16,33.5,0.02,250,836629,买盘
13:13:19,33.5,0.0,47,157520,卖盘
13:13:22,33.53,0.03,13,43578,买盘
13:13:25,33.51,-0.02,12,40212,卖盘
13:13:28,33.5,-0.01,32,107216,卖盘
13:13:31,33.51,0.01,9,30159,卖盘
13:13:34,33.51,0.0,14,46917,卖盘
13:13:37,33.53,0.02,19,63699,买盘
13:13:40,33.52,-0.01,51,170998,中性盘
13:13:42,33.52,0.0,8,26816,卖盘
13:13:45,33.53,0.01,210,704105,买盘
13:13:49,33.52,-0.01,4,13408,卖盘
13:13:51,33.52,0.0,172,576692,卖盘
13:13:55,33.51,-0.01,59,197817,卖盘
13:13:57,33.52,0.01,16,53632,买盘
13:14:01,33.52,0.0,11,36872,卖盘
13:14:04,33.53,0.01,236,791289,买盘
13:14:07,33.52,-0.01,58,194466,中性盘
13:14:10,33.52,0.0,202,677304,卖盘
13:14:13,33.51,-0.01,6,20108,卖盘
13:14:16,33.52,0.01,55,184404,买盘
13:14:19,33.51,-0.01,74,248004,卖盘
13:14:22,33.53,0.02,162,543186,买盘
13:14:25,33.53,0.0,50,167640,买盘
13:14:28,33.52,-0.01,5,16763,卖盘
13:14:31,33.52,0.0,9,30168,买盘
13:14:34,33.52,0.0,5,16760,卖盘
13:14:37,33.51,-0.01,47,157565,卖盘
13:14:40,33.52,0.01,3,10056,买盘
13:14:43,33.51,-0.01,21,70396,卖盘
13:14:45,33.51,0.0,42,140816,卖盘
13:14:49,33.53,0.02,43,144176,买盘
13:14:51,33.51,-0.02,54,180955,卖盘
13:14:55,33.51,0.0,54,181011,卖盘
13:14:58,33.53,0.02,17,56980,买盘
13:15:01,33.5,-0.03,14,46920,卖盘
13:15:04,33.5,0.0,11,36863,卖盘
13:15:06,33.53,0.03,25,83795,买盘
13:15:10,33.51,-0.02,2,6701,中性盘
13:15:12,33.5,-0.01,8,26800,卖盘
13:15:16,33.5,0.0,292,978206,卖盘
13:15:18,33.5,0.0,1,3350,卖盘
13:15:22,33.5,0.0,61,204413,卖盘
13:15:25,33.5,0.0,1,3350,卖盘
13:15:28,33.5,0.0,3,10054,卖盘
13:15:31,33.5,0.0,5,16750,卖盘
13:15:34,33.5,0.0,38,126630,卖盘
13:15:37,33.5,0.0,36,120151,卖盘
13:15:40,33.5,0.0,5,16750,卖盘
13:15:42,33.5,0.0,11,36850,卖盘
13:15:48,33.5,0.0,10,33500,卖盘
13:15:52,33.5,0.0,1,3350,卖盘
13:15:55,33.51,0.01,9,30160,卖盘
13:15:57,33.51,0.0,18,60318,卖盘
13:16:01,33.51,0.0,94,315075,卖盘
13:16:04,33.51,0.0,12,40216,卖盘
13:16:06,33.51,0.0,18,60318,卖盘
13:16:13,33.51,0.0,13,43573,卖盘
13:16:16,33.51,0.0,8,26809,卖盘
13:16:19,33.52,0.01,77,258033,买盘
13:16:22,33.52,0.0,19,63687,买盘
13:16:25,33.53,0.01,24,80459,买盘
13:16:28,33.51,-0.02,16,53626,卖盘
13:16:31,33.52,0.01,19,63687,买盘
13:16:34,33.51,-0.01,55,184350,卖盘
13:16:36,33.52,0.01,126,422346,买盘
13:16:40,33.53,0.01,36,120680,买盘
13:16:43,33.51,-0.02,8,26808,卖盘
13:16:46,33.53,0.02,29,97224,买盘
13:16:49,33.51,-0.02,123,412253,卖盘
13:16:52,33.51,0.0,10,33520,卖盘
13:16:55,33.53,0.02,31,103939,买盘
13:16:57,33.51,-0.02,15,50269,卖盘
13:17:01,33.52,0.01,14,46920,中性盘
13:17:03,33.52,0.0,9,30168,卖盘
13:17:07,33.52,0.0,31,103912,卖盘
13:17:10,33.52,0.0,4,13408,卖盘
13:17:13,33.52,0.0,11,36872,卖盘
13:17:16,33.53,0.01,19,63707,买盘
13:17:18,33.51,-0.02,78,261445,卖盘
13:17:22,33.52,0.01,4,13411,中性盘
13:17:25,33.52,0.0,27,90504,卖盘
13:17:28,33.52,0.0,5,16760,卖盘
13:17:31,33.53,0.01,6,20117,买盘
13:17:34,33.53,0.0,60,201167,买盘
13:17:37,33.52,-0.01,5,16760,卖盘
13:17:40,33.53,0.01,18,60338,买盘
13:17:43,33.52,-0.01,20,67051,卖盘
13:17:45,33.53,0.01,320,1072950,买盘
13:17:49,33.52,-0.01,17,57000,卖盘
13:17:52,33.53,0.01,35,117350,买盘
13:17:54,33.52,-0.01,272,911763,卖盘
13:17:58,33.52,0.0,19,63688,买盘
13:18:01,33.52,0.0,25,83788,买盘
13:18:04,33.52,0.0,7,23463,买盘
13:18:06,33.52,0.0,28,93836,买盘
13:18:10,33.51,-0.01,239,800892,卖盘
13:18:13,33.52,0.01,10,33517,买盘
13:18:16,33.51,-0.01,73,244635,卖盘
13:18:19,33.5,-0.01,19,63653,卖盘
13:18:22,33.5,0.0,16,53605,卖盘
13:18:24,33.51,0.01,29,97155,买盘
13:18:28,33.5,-0.01,147,492458,卖盘
13:18:31,33.5,0.0,75,251266,卖盘
13:18:33,33.5,0.0,60,201000,卖盘
13:18:36,33.5,0.0,109,365236,卖盘
13:18:40,33.51,0.01,56,187612,买盘
13:18:42,33.5,-0.01,32,107200,卖盘
13:18:46,33.5,0.0,37,123960,卖盘
13:18:49,33.5,0.0,16,53600,卖盘
13:18:52,33.5,0.0,38,127300,卖盘
13:18:54,33.5,0.0,160,537142,卖盘
13:18:58,33.5,0.0,52,173059,买盘
13:19:01,33.5,0.0,10,33500,卖盘
13:19:04,33.5,0.0,23,77050,卖盘
13:19:07,33.5,0.0,7,23450,卖盘
13:19:10,33.5,0.0,34,113904,卖盘
13:19:13,33.5,0.0,25,83750,卖盘
13:19:15,33.5,0.0,73,244550,卖盘
13:19:19,33.5,0.0,5,16750,卖盘
13:19:22,33.5,0.0,20,67000,卖盘
13:19:25,33.5,0.0,42,140700,卖盘
13:19:28,33.5,0.0,21,70369,卖盘
13:19:31,33.51,0.01,170,569888,买盘
13:19:33,33.51,0.0,10,33510,买盘
13:19:37,33.51,0.0,4,13405,卖盘
13:19:39,33.5,-0.01,128,428842,卖盘
13:19:43,33.52,0.02,2,6702,买盘
13:19:45,33.5,-0.02,7,23450,卖盘
13:19:49,33.52,0.02,13,43554,买盘
13:19:52,33.5,-0.02,1,3350,卖盘
13:19:55,33.52,0.02,163,546196,买盘
13:19:57,33.5,-0.02,262,878906,卖盘
13:20:01,33.5,0.0,74,246761,买盘
13:20:04,33.5,0.0,2,6700,卖盘
13:20:06,33.5,0.0,13,43550,卖盘
13:20:10,33.5,0.0,352,1180339,卖盘
13:20:13,33.49,-0.01,31,103835,卖盘
13:20:16,33.49,0.0,37,123944,买盘
13:20:19,33.5,0.01,176,588461,买盘
13:20:22,33.5,0.0,40,134028,卖盘
13:20:24,33.5,0.0,6,20100,卖盘
13:20:28,33.5,0.0,160,537139,卖盘
13:20:31,33.5,0.0,18,60298,买盘
13:20:33,33.48,-0.02,68,227770,卖盘
13:20:37,33.5,0.02,309,1033993,买盘
13:20:39,33.5,0.0,17,56950,卖盘
13:20:43,33.5,0.0,35,117250,卖盘
13:20:46,33.5,0.0,82,275839,卖盘
13:20:49,33.46,-0.04,204,682767,卖盘
13:20:52,33.46,0.0,35,117196,卖盘
13:20:57,33.47,0.01,2,6694,卖盘
13:21:00,33.48,0.01,71,237610,买盘
13:21:04,33.48,0.0,183,612964,卖盘
13:21:07,33.48,0.0,28,93746,卖盘
13:21:10,33.48,0.0,37,123884,卖盘
13:21:13,33.48,0.0,29,97092,卖盘
13:21:16,33.48,0.0,85,284586,卖盘
13:21:18,33.5,0.02,63,210981,买盘
13:21:22,33.49,-0.01,10,33490,卖盘
13:21:25,33.49,0.0,65,217685,卖盘
13:21:28,33.49,0.0,27,90434,卖盘
13:21:30,33.5,0.01,210,703316,买盘
13:21:34,33.5,0.0,42,140697,买盘
13:21:37,33.49,-0.01,20,66987,卖盘
13:21:40,33.5,0.01,262,877698,买盘
13:21:42,33.5,0.0,18,60299,买盘
13:21:46,33.49,-0.01,29,97138,卖盘
13:21:49,33.49,0.0,4,13396,卖盘
13:21:52,33.49,0.0,6,20094,卖盘
13:21:55,33.49,0.0,53,177497,卖盘
13:21:58,33.49,0.0,10,33492,卖盘
13:22:00,33.5,0.01,44,146259,买盘
13:22:03,33.5,0.0,51,170872,卖盘
13:22:07,33.5,0.0,16,53618,卖盘
13:22:10,33.5,0.0,1,3350,卖盘
13:22:13,33.5,0.0,293,982683,卖盘
13:22:15,33.5,0.0,114,381895,买盘
13:22:18,33.52,0.02,198,662169,买盘
13:22:22,33.5,-0.02,31,103850,卖盘
13:22:24,33.5,0.0,117,393089,卖盘
13:22:28,33.5,0.0,46,154100,买盘
13:22:31,33.49,-0.01,11,36844,卖盘
13:22:34,33.49,0.0,2,6698,卖盘
13:22:37,33.49,0.0,321,1075342,卖盘
13:22:40,33.5,0.01,17,56944,买盘
13:22:43,33.5,0.0,36,119460,买盘
13:22:46,33.5,0.0,2,6700,卖盘
13:22:49,33.5,0.0,25,84889,卖盘
13:22:52,33.49,-0.01,2,6698,卖盘
13:22:54,33.49,0.0,23,77035,卖盘
13:22:58,33.48,-0.01,76,254532,卖盘
13:23:01,33.5,0.02,209,700147,买盘
13:23:03,33.49,-0.01,24,80384,卖盘
13:23:07,33.49,0.0,27,90445,卖盘
13:23:09,33.5,0.01,243,813694,买盘
13:23:13,33.49,-0.01,27,90444,卖盘
13:23:15,33.49,0.0,44,147368,卖盘
13:23:19,33.5,0.01,253,846346,买盘
13:23:22,33.5,0.0,34,113941,卖盘
13:23:24,33.5,0.0,76,254622,卖盘
13:23:27,33.5,0.0,106,356239,卖盘
13:23:30,33.5,0.0,15,50250,买盘
13:23:34,33.49,-0.01,9,30141,卖盘
13:23:37,33.5,0.01,421,1409253,买盘
13:23:40,33.51,0.01,22,73730,卖盘
13:23:43,33.51,0.0,126,422414,卖盘
13:23:46,33.52,0.01,31,103885,中性盘
13:23:49,33.51,-0.01,10,33510,卖盘
13:23:52,33.51,0.0,13,43566,卖盘
13:23:55,33.54,0.03,302,1012753,买盘
13:23:58,33.54,0.0,6,20129,卖盘
13:24:01,33.54,0.0,12,40258,卖盘
13:24:04,33.55,0.01,25,83855,买盘
13:24:07,33.55,0.0,8,26834,买盘
13:24:10,33.54,-0.01,23,77152,卖盘
13:24:13,33.55,0.01,17,57034,买盘
13:24:16,33.54,-0.01,69,231427,卖盘
13:24:19,33.56,0.02,32,107362,买盘
13:24:22,33.54,-0.02,104,348970,卖盘
13:24:25,33.55,0.01,36,120867,卖盘
13:24:28,33.58,0.03,80,268640,买盘
13:24:31,33.55,-0.03,30,100722,卖盘
13:24:33,33.58,0.03,91,305617,买盘
13:24:37,33.55,-0.03,46,154517,卖盘
13:24:40,33.56,0.01,67,224850,买盘
13:24:43,33.56,0.0,9,30210,卖盘
13:24:46,33.61,0.05,64,215066,买盘
13:24:49,33.57,-0.04,3,10071,卖盘
13:24:51,33.56,-0.01,51,171196,卖盘
13:24:54,33.57,0.01,9,30212,中性盘
13:24:58,33.57,0.0,3,10070,买盘
13:25:01,33.59,0.02,30,100692,中性盘
13:25:04,33.6,0.01,4,13440,买盘
13:25:07,33.6,0.0,13,43680,卖盘
13:25:10,33.59,-0.01,3,10073,中性盘
13:25:13,33.6,0.01,13,43674,买盘
13:25:16,33.57,-0.03,48,161205,卖盘
13:25:19,33.57,0.0,70,234980,买盘
13:25:22,33.56,-0.01,53,177890,卖盘
13:25:24,33.56,0.0,13,43627,买盘
13:25:28,33.56,0.0,2,6711,买盘
13:25:31,33.57,0.01,27,90598,买盘
13:25:37,33.56,-0.01,13,43630,卖盘
13:25:42,33.56,0.0,27,90611,买盘
13:25:46,33.55,-0.01,744,2496138,卖盘
13:25:49,33.54,-0.01,34,114052,卖盘
13:25:52,33.54,0.0,1,3354,卖盘
13:25:55,33.54,0.0,417,1399025,买盘
13:25:58,33.54,0.0,19,63740,卖盘
13:26:01,33.53,-0.01,39,130819,卖盘
13:26:04,33.55,0.02,5,16771,买盘
13:26:07,33.54,-0.01,5,16770,卖盘
13:26:09,33.53,-0.01,24,80503,卖盘
13:26:13,33.53,0.0,37,124061,卖盘
13:26:15,33.53,0.0,9,30176,买盘
13:26:19,33.53,0.0,72,241312,买盘
13:26:22,33.51,-0.02,17,56972,卖盘
13:26:25,33.53,0.02,18,60338,买盘
13:26:28,33.5,-0.03,505,1691804,卖盘
13:26:31,33.51,0.01,5,16755,中性盘
13:26:34,33.52,0.01,24,80457,买盘
13:26:36,33.5,-0.02,482,1615185,卖盘
13:26:39,33.5,0.0,2,6700,卖盘
13:26:43,33.5,0.0,66,221146,卖盘
13:26:45,33.5,0.0,79,264683,卖盘
13:26:49,33.51,0.01,11,36857,买盘
13:26:52,33.5,-0.01,31,103859,卖盘
13:26:54,33.5,0.0,7,23450,卖盘
13:26:58,33.51,0.01,64,214412,买盘
13:27:01,33.51,0.0,45,150805,买盘
13:27:04,33.51,0.0,1013,3397607,卖盘
13:27:07,33.51,0.0,48,160977,卖盘
13:27:10,33.51,0.0,16,53634,卖盘
13:27:13,33.51,0.0,6,20106,买盘
13:27:16,33.5,-0.01,67,224465,卖盘
13:27:19,33.54,0.04,80,268030,买盘
13:27:22,33.54,0.0,29,97266,卖盘
13:27:25,33.54,0.0,7,23478,卖盘
13:27:27,33.54,0.0,5,16770,卖盘
13:27:31,33.54,0.0,27,90558,卖盘
13:27:34,33.54,0.0,64,214667,卖盘
13:27:37,33.54,0.0,291,976014,卖盘
13:27:39,33.55,0.01,18,60384,买盘
13:27:43,33.55,0.0,62,207992,买盘
13:27:45,33.54,-0.01,68,228072,卖盘
13:27:49,33.54,0.0,3,10064,卖盘
13:27:51,33.55,0.01,47,157668,买盘
13:27:55,33.54,-0.01,11,36904,卖盘
13:27:57,33.55,0.01,31,103996,买盘
13:28:00,33.55,0.0,122,409229,买盘
13:28:04,33.55,0.0,16,53677,买盘
13:28:07,33.54,-0.01,32,107341,卖盘
13:28:10,33.55,0.01,10,33542,买盘
13:28:13,33.54,-0.01,20,67091,卖盘
13:28:16,33.55,0.01,73,244862,买盘
13:28:19,33.55,0.0,73,244845,买盘
13:28:22,33.54,-0.01,30,100620,卖盘
13:28:24,33.54,0.0,14,46958,买盘
13:28:28,33.54,0.0,6,20124,卖盘
13:28:33,33.54,0.0,14,46967,卖盘
13:28:36,33.52,-0.02,23,77134,卖盘
13:28:43,33.52,0.0,61,204490,卖盘
13:28:46,33.52,0.0,25,83817,买盘
13:28:49,33.52,0.0,11,36862,买盘
13:28:52,33.51,-0.01,18,60322,卖盘
13:28:54,33.51,0.0,2,6702,卖盘
13:28:58,33.51,0.0,15,50266,卖盘
13:29:01,33.51,0.0,30,100543,卖盘
13:29:04,33.52,0.01,4,13406,买盘
13:29:07,33.51,-0.01,58,194378,卖盘
13:29:10,33.52,0.01,6,20110,中性盘
13:29:12,33.51,-0.01,54,180958,卖盘
13:29:15,33.51,0.0,81,271440,卖盘
13:29:18,33.51,0.0,53,177673,卖盘
13:29:22,33.51,0.0,26,87144,卖盘
13:29:25,33.53,0.02,526,1762197,买盘
13:29:28,33.51,-0.02,7,23461,卖盘
13:29:31,33.53,0.02,8,26818,买盘
13:29:33,33.51,-0.02,2,6702,卖盘
13:29:36,33.53,0.02,27,90517,买盘
13:29:40,33.51,-0.02,3,10053,卖盘
13:29:43,33.51,0.0,59,197685,卖盘
13:29:46,33.5,-0.01,8,26801,卖盘
13:29:48,33.53,0.03,181,606885,买盘
13:29:52,33.51,-0.02,13,43563,中性盘
13:29:54,33.51,0.0,9,30169,卖盘
13:29:58,33.51,0.0,2,6702,卖盘
13:30:01,33.54,0.03,5,16769,买盘
13:30:04,33.53,-0.01,25,83810,中性盘
13:30:07,33.53,0.0,10,33527,中性盘
13:30:10,33.51,-0.02,55,184364,卖盘
13:30:13,33.52,0.01,3,10055,中性盘
13:30:15,33.52,0.0,6,20111,买盘
13:30:19,33.53,0.01,77,258072,买盘
13:30:22,33.52,-0.01,22,73736,卖盘
13:30:25,33.54,0.02,64,214537,买盘
13:30:27,33.52,-0.02,10,33512,买盘
13:30:31,33.51,-0.01,11,36875,卖盘
13:30:34,33.53,0.02,12,40226,买盘
13:30:37,33.52,-0.01,24,80452,卖盘
13:30:39,33.53,0.01,51,170953,买盘
13:30:43,33.52,-0.01,6,20117,卖盘
13:30:45,33.54,0.02,36,120705,买盘
13:30:49,33.54,0.0,36,120730,买盘
13:30:52,33.52,-0.02,9,30172,卖盘
13:30:55,33.54,0.02,27,90546,买盘
13:30:58,33.54,0.0,26,87201,买盘
13:31:01,33.54,0.0,41,137499,买盘
13:31:04,33.54,0.0,27,90553,买盘
13:31:07,33.52,-0.02,98,328588,卖盘
13:31:10,33.52,0.0,17,56998,卖盘
13:31:13,33.52,0.0,13,43593,卖盘
13:31:16,33.53,0.01,9,30179,中性盘
13:31:18,33.53,0.0,8,26822,买盘
13:31:22,33.53,0.0,11,36877,买盘
13:31:25,33.52,-0.01,15,50280,卖盘
13:31:28,33.53,0.01,10,33521,买盘
13:31:31,33.53,0.0,94,315183,买盘
13:31:34,33.53,0.0,11,36883,卖盘
13:31:37,33.52,-0.01,56,187729,卖盘
13:31:40,33.52,0.0,7,23465,卖盘
13:31:43,33.52,0.0,20,67046,卖盘
13:31:46,33.52,0.0,24,80494,卖盘
13:31:52,33.52,0.0,7,23469,卖盘
13:31:55,33.52,0.0,61,204474,卖盘
13:31:58,33.54,0.02,80,268288,买盘
13:32:00,33.54,0.0,65,217902,买盘
13:32:04,33.52,-0.02,50,167600,卖盘
13:32:06,33.53,0.01,38,127380,买盘
13:32:09,33.53,0.0,13,43583,买盘
13:32:12,33.52,-0.01,15,50289,卖盘
13:32:16,33.52,0.0,84,281569,卖盘
13:32:18,33.53,0.01,51,170987,买盘
13:32:21,33.52,-0.01,36,120706,卖盘
13:32:25,33.53,0.01,42,140813,买盘
13:32:28,33.53,0.0,12,40229,买盘
13:32:31,33.52,-0.01,21,70408,卖盘
13:32:34,33.53,0.01,38,127399,买盘
13:32:36,33.53,0.0,115,385580,买盘
13:32:39,33.53,0.0,3,10059,卖盘
13:32:43,33.53,0.0,9,30185,卖盘
13:32:45,33.53,0.0,9,30177,卖盘
13:32:49,33.53,0.0,12,40241,卖盘
13:32:51,33.53,0.0,2,6706,卖盘
13:32:55,33.53,0.0,11,36888,卖盘
13:32:58,33.54,0.01,3,10060,买盘
13:33:01,33.53,-0.01,11,36886,卖盘
13:33:04,33.54,0.01,11,36889,买盘
13:33:06,33.54,0.0,8,26829,买盘
13:33:10,33.54,0.0,10,33539,买盘
13:33:12,33.53,-0.01,5,16765,卖盘
13:33:16,33.54,0.01,73,244772,买盘
13:33:19,33.53,-0.01,64,214592,卖盘
13:33:22,33.53,0.0,99,332033,买盘
13:33:25,33.52,-0.01,16,53632,卖盘
13:33:27,33.53,0.01,16,53647,买盘
13:33:31,33.53,0.0,16,53648,卖盘
13:33:37,33.53,0.0,2,6706,卖盘
13:33:40,33.53,0.0,6,20118,卖盘
13:33:43,33.53,0.0,3,10059,卖盘
13:33:46,33.53,0.0,58,194489,卖盘
13:33:49,33.54,0.01,15,50292,买盘
13:33:55,33.53,-0.01,3,10059,中性盘
13:33:58,33.54,0.01,35,117382,买盘
13:34:01,33.54,0.0,6,20121,买盘
13:34:04,33.53,-0.01,18,60347,中性盘
13:34:06,33.54,0.01,17,56998,买盘
13:34:10,33.54,0.0,1,3354,买盘
13:34:13,33.54,0.0,28,93905,买盘
13:34:16,33.53,-0.01,15,50295,中性盘
13:34:22,33.53,0.0,10,33525,买盘
13:34:24,33.53,0.0,26,87156,买盘
13:34:28,33.52,-0.01,4,13408,卖盘
13:34:31,33.52,0.0,24,80457,卖盘
13:34:35,33.52,0.0,12,40225,卖盘
13:34:37,33.52,0.0,32,107287,卖盘
13:34:40,33.52,0.0,8,26816,卖盘
13:34:42,33.53,0.01,92,308476,买盘
13:34:45,33.53,0.0,5,16769,卖盘
13:34:51,33.53,0.0,11,36883,卖盘
13:34:55,33.54,0.01,4,13415,买盘
13:34:57,33.53,-0.01,34,114011,卖盘
13:35:01,33.53,0.0,22,73772,卖盘
13:35:04,33.53,0.0,31,103944,卖盘
13:35:07,33.54,0.01,15,50305,买盘
13:35:10,33.53,-0.01,19,63714,卖盘
13:35:13,33.54,0.01,11,36889,买盘
13:35:16,33.53,-0.01,35,117376,卖盘
13:35:18,33.54,0.01,84,281658,买盘
13:35:23,33.54,0.0,16,53657,买盘
13:35:25,33.53,-0.01,20,67060,卖盘
13:35:28,33.54,0.01,12,40239,买盘
13:35:31,33.54,0.0,7,23477,买盘
13:35:34,33.54,0.0,2,6708,买盘
13:35:36,33.53,-0.01,32,107304,卖盘
13:35:40,33.54,0.01,13,43600,买盘
13:35:43,33.54,0.0,35,117386,买盘
13:35:45,33.54,0.0,23,77142,卖盘
13:35:48,33.54,0.0,6,20128,卖盘
13:35:51,33.54,0.0,1,3354,卖盘
13:35:55,33.54,0.0,5,16770,卖盘
13:35:58,33.54,0.0,15,50320,卖盘
13:36:01,33.54,0.0,228,764717,卖盘
13:36:04,33.55,0.01,25,83867,买盘
13:36:07,33.54,-0.01,13,43602,卖盘
13:36:09,33.55,0.01,15,50320,买盘
13:36:12,33.53,-0.02,105,352167,卖盘
13:36:16,33.54,0.01,396,1328179,买盘
13:36:19,33.54,0.0,16,53664,买盘
13:36:22,33.53,-0.01,5,16769,卖盘
13:36:25,33.53,0.0,17,57002,卖盘
13:36:28,33.53,0.0,4,13412,卖盘
13:36:30,33.54,0.01,19,63712,买盘
13:36:34,33.53,-0.01,9,30177,卖盘
13:36:37,33.54,0.01,64,214644,买盘
13:36:40,33.54,0.0,6,20124,卖盘
13:36:43,33.55,0.01,2,6710,买盘
13:36:46,33.53,-0.02,36,120743,卖盘
13:36:49,33.55,0.02,64,214695,买盘
13:36:51,33.55,0.0,15,50320,买盘
13:36:55,33.54,-0.01,2,6708,卖盘
13:36:57,33.55,0.01,9,30192,买盘
13:37:01,33.54,-0.01,13,43607,卖盘
13:37:04,33.55,0.01,12,40259,买盘
13:37:07,33.54,-0.01,162,543352,卖盘
13:37:10,33.54,0.0,9,30186,买盘
13:37:13,33.53,-0.01,16,53659,卖盘
13:37:16,33.54,0.01,421,1411627,买盘
13:37:19,33.53,-0.01,88,295059,卖盘
13:37:21,33.54,0.01,18,60360,买盘
13:37:25,33.54,0.0,29,97228,买盘
13:37:28,33.52,-0.02,4,13409,卖盘
13:37:31,33.53,0.01,19,63716,中性盘
13:37:34,33.52,-0.01,5,16760,卖盘
13:37:37,33.52,0.0,13,43583,卖盘
13:37:43,33.53,0.01,15,50285,买盘
13:37:46,33.53,0.0,10,33530,买盘
13:37:50,33.52,-0.01,3,10056,卖盘
13:37:53,33.52,0.0,9,30168,卖盘
13:37:55,33.52,0.0,1,3352,卖盘
13:37:58,33.53,0.01,10,33530,买盘
13:38:01,33.53,0.0,18,60350,卖盘
13:38:04,33.53,0.0,2,6705,中性盘
13:38:07,33.52,-0.01,12,40234,卖盘
13:38:09,33.51,-0.01,151,506142,卖盘
13:38:13,33.52,0.01,23,77096,买盘
13:38:16,33.51,-0.01,8,26814,卖盘
