time,price,change,volume,amount,type
09:25:02,34.0,0.12,3407,11583800,买盘
09:30:01,34.0,0.0,764,2599538,买盘
09:30:04,33.99,-0.01,1935,6573675,卖盘
09:30:07,33.9,-0.09,295,1001849,买盘
09:30:10,33.88,-0.02,1109,3757946,卖盘
09:30:13,33.83,-0.05,207,698986,卖盘
09:30:16,33.7,-0.13,1217,4111485,卖盘
09:30:19,33.69,-0.01,746,2514145,卖盘
09:30:22,33.69,0.0,139,468563,卖盘
09:30:25,33.68,-0.01,473,1593464,卖盘
09:30:28,33.68,0.0,84,282912,买盘
09:30:31,33.68,0.0,215,724034,买盘
09:30:34,33.68,0.0,62,208775,卖盘
09:30:37,33.69,0.01,148,498569,买盘
09:30:40,33.7,0.01,301,1014358,买盘
09:30:43,33.78,0.08,40,134851,中性盘
09:30:46,33.7,-0.08,66,222524,卖盘
09:30:48,33.77,0.07,45,151952,中性盘
09:30:52,33.72,-0.05,23,77694,卖盘
09:30:55,33.7,-0.02,410,1382394,卖盘
09:30:58,33.72,0.02,163,552121,买盘
09:31:01,33.8,0.08,123,415610,买盘
09:31:04,33.8,0.0,39,131828,卖盘
09:31:06,33.84,0.04,68,229970,中性盘
09:31:10,33.81,-0.03,71,240186,卖盘
09:31:13,33.81,0.0,92,311164,卖盘
09:31:16,33.84,0.03,80,270851,买盘
09:31:18,33.81,-0.03,55,186085,卖盘
09:31:22,33.85,0.04,10,33826,买盘
09:31:25,33.81,-0.04,167,564640,卖盘
09:31:28,33.79,-0.02,96,324617,卖盘
09:31:30,33.8,0.01,35,118296,中性盘
09:31:34,33.78,-0.02,98,331209,卖盘
09:31:37,33.81,0.03,20,67605,买盘
09:31:40,33.82,0.01,58,196195,中性盘
09:31:43,33.81,-0.01,65,219818,卖盘
09:31:45,33.82,0.01,50,169054,买盘
09:31:49,33.81,-0.01,42,142013,卖盘
09:31:52,33.83,0.02,89,301008,买盘
09:31:55,33.81,-0.02,92,311176,卖盘
09:31:58,33.83,0.02,103,348248,买盘
09:32:01,33.84,0.01,97,328152,买盘
09:32:04,33.84,0.0,148,500762,买盘
09:32:07,33.84,0.0,80,270666,买盘
09:32:10,33.84,0.0,184,622796,卖盘
09:32:12,33.85,0.01,62,209963,买盘
09:32:16,33.89,0.04,87,293454,买盘
09:32:19,33.91,0.02,34,115523,买盘
09:32:22,33.91,0.0,172,583647,卖盘
09:32:24,33.94,0.03,23,78061,买盘
09:32:28,33.92,-0.02,77,261280,卖盘
09:32:31,33.95,0.03,58,196905,买盘
09:32:34,33.95,0.0,124,421098,卖盘
09:32:37,33.98,0.03,90,305871,买盘
09:32:40,33.97,-0.01,82,278690,卖盘
09:32:43,34.0,0.03,284,965260,买盘
09:32:46,33.96,-0.04,353,1199136,卖盘
09:32:49,33.95,-0.01,185,628238,卖盘
09:32:51,33.95,0.0,53,179939,卖盘
09:32:55,33.96,0.01,460,1561613,买盘
09:32:58,33.93,-0.03,178,604262,卖盘
09:33:01,33.94,0.01,81,275019,买盘
09:33:03,33.95,0.01,227,771138,卖盘
09:33:06,33.95,0.0,116,393745,买盘
09:33:09,33.95,0.0,60,203729,卖盘
09:33:12,33.95,0.0,140,475347,卖盘
09:33:16,33.96,0.01,198,672230,买盘
09:33:19,33.95,-0.01,139,471878,卖盘
09:33:22,33.95,0.0,46,156173,买盘
09:33:25,33.94,-0.01,29,98453,卖盘
09:33:28,33.94,0.0,37,125583,卖盘
09:33:31,33.93,-0.01,230,780430,卖盘
09:33:34,33.92,-0.01,232,787166,卖盘
09:33:37,33.92,0.0,174,590146,买盘
09:33:40,33.91,-0.01,75,254328,卖盘
09:33:43,33.9,-0.01,47,159357,卖盘
09:33:46,33.87,-0.03,112,379217,卖盘
09:33:49,33.87,0.0,32,108410,买盘
09:33:52,33.83,-0.04,40,135371,卖盘
09:33:55,33.83,0.0,14,47364,卖盘
09:33:58,33.82,-0.01,111,375294,中性盘
09:34:01,33.81,-0.01,67,226599,中性盘
09:34:04,33.8,-0.01,124,419186,卖盘
09:34:06,33.83,0.03,127,429334,买盘
09:34:10,33.83,0.0,60,203083,卖盘
09:34:12,33.86,0.03,22,74481,买盘
09:34:16,33.87,0.01,105,355291,中性盘
09:34:18,33.87,0.0,11,37246,买盘
09:34:22,33.86,-0.01,81,274046,买盘
09:34:24,33.86,0.0,63,213306,卖盘
09:34:27,33.86,0.0,9,30471,买盘
09:34:31,33.85,-0.01,73,246738,中性盘
09:34:34,33.83,-0.02,56,189526,买盘
09:34:36,33.86,0.03,207,700808,买盘
09:34:40,33.86,0.0,227,768662,买盘
09:34:43,33.88,0.02,50,169304,中性盘
09:34:45,33.88,0.0,61,206595,买盘
09:34:49,33.89,0.01,48,162671,买盘
09:34:51,33.9,0.01,205,694842,买盘
09:34:54,33.92,0.02,164,556133,买盘
09:34:58,33.92,0.0,164,556215,买盘
09:35:00,33.92,0.0,17,57669,卖盘
09:35:04,33.91,-0.01,24,81407,卖盘
09:35:07,33.94,0.03,76,257910,买盘
09:35:10,33.94,0.0,312,1059265,卖盘
09:35:13,33.95,0.01,84,285130,买盘
09:35:16,33.95,0.0,121,410762,卖盘
09:35:19,33.95,0.0,15,50899,买盘
09:35:21,33.94,-0.01,71,240921,中性盘
09:35:25,33.95,0.01,328,1113322,买盘
09:35:28,33.94,-0.01,33,112005,中性盘
09:35:31,33.94,0.0,322,1091760,买盘
09:35:34,33.92,-0.02,104,352508,卖盘
09:35:36,33.94,0.02,335,1136864,买盘
09:35:40,33.94,0.0,133,451445,卖盘
09:35:43,33.9,-0.04,23,77998,卖盘
09:35:46,33.93,0.03,98,332331,中性盘
09:35:48,33.9,-0.03,44,149220,卖盘
09:35:52,33.92,0.02,10,33920,买盘
09:35:54,33.9,-0.02,78,264527,卖盘
09:35:58,33.91,0.01,82,278040,中性盘
09:36:01,33.91,0.0,50,169581,卖盘
09:36:04,33.91,0.0,44,149233,卖盘
09:36:07,33.92,0.01,147,498589,买盘
09:36:10,33.91,-0.01,73,247629,卖盘
09:36:13,33.91,0.0,120,406957,卖盘
09:36:16,33.9,-0.01,154,522275,卖盘
09:36:19,33.94,0.04,30,101763,中性盘
09:36:22,33.93,-0.01,36,122217,卖盘
09:36:25,33.92,-0.01,32,108553,卖盘
09:36:27,33.94,0.02,33,111952,买盘
09:36:31,33.91,-0.03,6,20347,卖盘
09:36:34,33.92,0.01,36,122090,中性盘
09:36:37,33.92,0.0,14,47496,买盘
09:36:40,33.93,0.01,19,64454,买盘
09:36:43,33.92,-0.01,66,223901,卖盘
09:36:46,33.93,0.01,49,166227,买盘
09:36:49,33.93,0.0,44,149278,买盘
09:36:52,33.93,0.0,137,464821,买盘
09:36:55,33.93,0.0,39,132324,卖盘
09:36:57,33.93,0.0,41,139117,买盘
09:37:01,33.94,0.01,101,342747,买盘
09:37:04,33.94,0.0,48,162866,买盘
09:37:07,33.94,0.0,77,261345,买盘
09:37:10,33.94,0.0,135,458391,卖盘
09:37:13,33.94,0.0,182,617950,卖盘
09:37:16,33.94,0.0,184,624667,卖盘
09:37:19,33.94,0.0,37,125614,卖盘
09:37:22,33.93,-0.01,79,268120,卖盘
09:37:24,33.94,0.01,28,95033,中性盘
09:37:28,33.94,0.0,80,271523,卖盘
09:37:31,33.96,0.02,40,135816,买盘
09:37:33,33.94,-0.02,34,115405,卖盘
09:37:37,33.96,0.02,44,149386,买盘
09:37:40,33.96,0.0,29,98495,卖盘
09:37:43,33.98,0.02,71,241165,买盘
09:37:46,33.98,0.0,258,876585,买盘
09:37:49,33.98,0.0,41,139318,卖盘
09:37:52,33.99,0.01,28,95149,买盘
09:37:55,33.98,-0.01,13,44179,中性盘
09:37:57,33.98,0.0,52,176731,卖盘
09:38:01,33.98,0.0,16,54372,中性盘
09:38:03,33.98,0.0,342,1162091,卖盘
09:38:07,33.97,-0.01,160,543804,卖盘
09:38:09,33.98,0.01,112,380685,卖盘
09:38:13,33.98,0.0,33,112163,中性盘
09:38:16,34.0,0.02,71,241338,买盘
09:38:19,33.97,-0.03,714,2426492,卖盘
09:38:22,33.97,0.0,66,224225,卖盘
09:38:25,34.0,0.03,213,723949,买盘
09:38:28,34.0,0.0,387,1315800,卖盘
09:38:31,33.98,-0.02,41,139337,卖盘
09:38:34,33.95,-0.03,261,886133,卖盘
09:38:36,33.93,-0.02,294,997581,卖盘
09:38:40,33.9,-0.03,1052,3569510,卖盘
09:38:43,33.89,-0.01,98,332221,卖盘
09:38:46,33.89,0.0,131,443847,卖盘
09:38:48,33.88,-0.01,125,423353,卖盘
09:38:52,33.85,-0.03,237,802812,卖盘
09:38:55,33.82,-0.03,102,345076,卖盘
09:38:57,33.84,0.02,59,199916,买盘
09:39:01,33.82,-0.02,99,334883,中性盘
09:39:04,33.82,0.0,87,294277,卖盘
09:39:06,33.84,0.02,37,125210,买盘
09:39:10,33.86,0.02,52,176014,买盘
09:39:12,33.85,-0.01,33,111758,卖盘
09:39:16,33.85,0.0,14,47399,卖盘
09:39:19,33.85,0.0,134,453560,卖盘
09:39:22,33.85,0.0,108,365561,买盘
09:39:24,33.85,0.0,69,233540,买盘
09:39:28,33.84,-0.01,183,619413,卖盘
09:39:31,33.84,0.0,146,494135,卖盘
09:39:34,33.85,0.01,54,182489,中性盘
09:39:37,33.86,0.01,26,88042,买盘
09:39:40,33.88,0.02,102,345483,买盘
09:39:42,33.88,0.0,16,54208,卖盘
09:39:45,33.89,0.01,48,162657,中性盘
09:39:49,33.91,0.02,7,23735,买盘
09:39:52,33.89,-0.02,19,64392,卖盘
09:39:54,33.9,0.01,22,74564,买盘
09:39:58,33.92,0.02,38,128811,买盘
09:40:01,33.9,-0.02,26,88148,卖盘
09:40:04,33.91,0.01,30,101672,中性盘
09:40:07,33.94,0.03,140,474914,买盘
09:40:09,33.89,-0.05,82,278152,卖盘
09:40:13,33.89,0.0,51,172842,卖盘
09:40:15,33.9,0.01,27,91613,卖盘
09:40:19,33.93,0.03,26,88158,买盘
09:40:21,33.91,-0.02,57,193420,卖盘
09:40:25,33.94,0.03,21,71254,买盘
09:40:28,33.92,-0.02,65,220608,卖盘
09:40:30,33.93,0.01,22,74646,买盘
09:40:34,33.92,-0.01,9,30538,卖盘
09:40:37,33.93,0.01,132,447835,买盘
09:40:40,33.93,0.0,31,105183,卖盘
09:40:43,33.93,0.0,237,804340,买盘
09:40:46,33.94,0.01,42,142538,买盘
09:40:49,33.93,-0.01,51,173042,卖盘
09:40:52,33.92,-0.01,194,658303,卖盘
09:40:55,33.92,0.0,11,37312,买盘
09:40:58,33.94,0.02,30,101796,买盘
09:41:01,33.92,-0.02,20,67840,中性盘
09:41:04,33.92,0.0,19,64439,买盘
09:41:07,33.91,-0.01,72,244216,卖盘
09:41:10,33.92,0.01,42,142467,卖盘
09:41:13,33.91,-0.01,102,345960,卖盘
09:41:16,33.91,0.0,39,132254,卖盘
09:41:19,33.91,0.0,88,298332,买盘
09:41:22,33.9,-0.01,8,27121,中性盘
09:41:24,33.89,-0.01,52,176265,卖盘
09:41:28,33.89,0.0,8,27114,卖盘
09:41:31,33.89,0.0,91,308399,卖盘
09:41:34,33.9,0.01,71,240621,买盘
09:41:36,33.9,0.0,152,515155,买盘
09:41:40,33.89,-0.01,81,274554,中性盘
09:41:43,33.91,0.02,415,1406920,买盘
09:41:46,33.9,-0.01,176,596768,卖盘
09:41:49,33.89,-0.01,33,111870,卖盘
09:41:52,33.89,0.0,5,16945,卖盘
09:41:54,33.88,-0.01,33,111830,卖盘
09:41:58,33.88,0.0,65,220250,中性盘
09:42:00,33.89,0.01,7,23723,买盘
09:42:04,33.88,-0.01,11,37268,卖盘
09:42:07,33.88,0.0,78,264234,卖盘
09:42:09,33.9,0.02,75,254140,买盘
09:42:12,33.89,-0.01,58,196617,卖盘
09:42:19,33.9,0.01,18,61019,买盘
09:42:22,33.89,-0.01,22,74558,卖盘
09:42:25,33.89,0.0,57,193174,卖盘
09:42:27,33.9,0.01,28,94910,买盘
09:42:30,33.89,-0.01,28,94897,中性盘
09:42:34,33.89,0.0,14,47459,中性盘
09:42:37,33.9,0.01,98,332178,买盘
09:42:40,33.9,0.0,33,111876,买盘
09:42:43,33.9,0.0,51,172930,卖盘
09:42:46,33.91,0.01,27,91535,买盘
09:42:49,33.9,-0.01,21,71181,卖盘
09:42:52,33.91,0.01,349,1183313,买盘
09:42:55,33.91,0.0,4,13563,买盘
09:42:58,33.91,0.0,149,505245,买盘
09:43:00,33.93,0.02,60,203562,买盘
09:43:04,33.91,-0.02,52,176481,卖盘
09:43:07,33.92,0.01,112,379777,中性盘
09:43:10,33.95,0.03,106,359706,买盘
09:43:13,33.94,-0.01,2,6788,卖盘
09:43:15,33.9,-0.04,75,254509,卖盘
09:43:19,33.9,0.0,65,220394,卖盘
09:43:25,33.9,0.0,1,3390,卖盘
09:43:28,33.91,0.01,21,71207,中性盘
09:43:31,33.91,0.0,14,47473,买盘
09:43:34,33.91,0.0,72,244123,卖盘
09:43:37,33.91,0.0,12,40692,卖盘
09:43:40,33.93,0.02,122,413782,买盘
09:43:43,33.95,0.02,127,431124,买盘
09:43:46,33.95,0.0,35,118825,卖盘
09:43:49,33.94,-0.01,230,780846,卖盘
09:43:52,33.94,0.0,20,67883,卖盘
09:43:55,33.92,-0.02,12,40728,卖盘
09:43:58,33.9,-0.02,45,152608,卖盘
09:44:01,33.92,0.02,6,20348,中性盘
09:44:04,33.93,0.01,63,213720,买盘
09:44:06,33.9,-0.03,90,305323,卖盘
09:44:10,33.94,0.04,86,291748,买盘
09:44:13,33.92,-0.02,5,16960,卖盘
09:44:16,33.93,0.01,58,196769,买盘
09:44:19,33.92,-0.01,1,3392,卖盘
09:44:21,33.92,0.0,71,240836,卖盘
09:44:25,33.92,0.0,47,159424,买盘
09:44:31,33.92,0.0,31,105135,买盘
09:44:34,33.9,-0.02,2,6780,卖盘
09:44:36,33.92,0.02,177,600137,买盘
09:44:40,33.91,-0.01,125,423968,卖盘
09:44:43,33.95,0.04,254,862025,买盘
09:44:45,33.95,0.0,310,1052407,买盘
09:44:48,33.96,0.01,11,37356,买盘
09:44:52,33.95,-0.01,202,685897,卖盘
09:44:55,33.93,-0.02,198,672374,卖盘
09:44:58,33.95,0.02,187,634500,买盘
09:45:00,33.93,-0.02,90,305420,卖盘
09:45:04,33.93,0.0,73,247709,卖盘
09:45:07,33.96,0.03,494,1675857,买盘
09:45:09,33.95,-0.01,29,98462,买盘
09:45:12,33.94,-0.01,39,132382,卖盘
09:45:16,33.93,-0.01,207,702630,卖盘
09:45:19,33.93,0.0,45,152719,卖盘
09:45:22,33.94,0.01,24,81446,买盘
09:45:25,33.91,-0.03,199,675129,卖盘
09:45:28,33.91,0.0,8,27128,买盘
09:45:31,33.91,0.0,26,88166,买盘
09:45:34,33.94,0.03,45,152616,买盘
09:45:37,33.91,-0.03,140,474529,卖盘
09:45:40,33.93,0.02,87,295086,买盘
09:45:43,33.93,0.0,30,101809,卖盘
09:45:46,33.94,0.01,151,512373,买盘
09:45:49,33.93,-0.01,12,40718,卖盘
09:45:52,33.94,0.01,43,145906,买盘
09:45:55,33.91,-0.03,690,2341235,卖盘
09:45:58,33.91,0.0,11,37301,买盘
09:46:00,33.91,0.0,139,471216,买盘
09:46:04,33.9,-0.01,2,6781,中性盘
09:46:07,33.87,-0.03,119,403069,卖盘
09:46:10,33.91,0.04,122,413384,买盘
09:46:13,33.93,0.02,2,6784,买盘
09:46:16,33.87,-0.06,84,284788,卖盘
09:46:19,33.87,0.0,61,206589,买盘
09:46:21,33.9,0.03,117,396340,买盘
09:46:25,33.9,0.0,114,386470,卖盘
09:46:28,33.9,0.0,8,27126,卖盘
09:46:31,33.88,-0.02,76,257556,买盘
09:46:34,33.87,-0.01,38,128725,卖盘
09:46:37,33.86,-0.01,181,612901,卖盘
09:46:40,33.88,0.02,172,582429,买盘
09:46:43,33.9,0.02,250,847391,买盘
09:46:46,33.9,0.0,209,708534,卖盘
09:46:49,33.9,0.0,70,237346,卖盘
09:46:51,33.91,0.01,74,250862,买盘
09:46:55,33.87,-0.04,205,694791,卖盘
09:46:58,33.86,-0.01,39,132059,卖盘
09:47:01,33.86,0.0,187,633187,卖盘
09:47:04,33.85,-0.01,238,805972,卖盘
09:47:07,33.83,-0.02,146,494283,卖盘
09:47:10,33.84,0.01,269,910130,买盘
09:47:13,33.82,-0.02,101,341644,卖盘
09:47:16,33.81,-0.01,284,960318,卖盘
09:47:19,33.81,0.0,186,628700,买盘
09:47:22,33.8,-0.01,60,202815,卖盘
09:47:25,33.78,-0.02,322,1088148,卖盘
09:47:27,33.8,0.02,139,469910,中性盘
09:47:31,33.82,0.02,77,260337,买盘
09:47:34,33.83,0.01,33,111632,买盘
09:47:37,33.82,-0.01,150,507175,卖盘
09:47:40,33.84,0.02,193,652736,买盘
09:47:43,33.84,0.0,61,206381,买盘
09:47:46,33.9,0.06,163,551831,买盘
09:47:48,33.93,0.03,430,1457850,买盘
09:47:52,33.93,0.0,44,149221,买盘
09:47:54,33.92,-0.01,77,261091,卖盘
09:47:58,33.93,0.01,110,373267,买盘
09:48:00,33.93,0.0,203,688490,买盘
09:48:04,33.93,0.0,226,766874,买盘
09:48:07,33.88,-0.05,336,1137835,卖盘
09:48:10,33.95,0.07,82,278170,买盘
09:48:12,33.94,-0.01,368,1248543,买盘
09:48:16,33.95,0.01,72,244364,买盘
09:48:18,33.94,-0.01,61,207038,卖盘
09:48:22,33.92,-0.02,27,91586,中性盘
09:48:25,33.91,-0.01,120,407067,卖盘
09:48:27,33.93,0.02,31,105057,买盘
09:48:31,33.89,-0.04,179,607143,卖盘
09:48:34,33.93,0.04,41,139043,买盘
09:48:37,33.89,-0.04,107,362927,卖盘
09:48:40,33.95,0.06,469,1592088,买盘
09:48:43,33.95,0.0,387,1314135,卖盘
09:48:45,33.96,0.01,228,774454,买盘
09:48:49,33.96,0.0,199,676116,卖盘
09:48:52,33.98,0.02,69,234456,买盘
09:48:55,33.98,0.0,215,730643,卖盘
09:48:58,33.98,0.0,18,61163,买盘
09:49:01,33.97,-0.01,252,856262,卖盘
09:49:04,34.0,0.03,1446,4916119,买盘
09:49:07,34.0,0.0,347,1179944,卖盘
09:49:09,34.0,0.0,78,265281,卖盘
09:49:13,34.02,0.02,119,404876,卖盘
09:49:16,34.03,0.01,48,163300,买盘
09:49:18,34.02,-0.01,107,364093,卖盘
09:49:22,34.03,0.01,247,840489,中性盘
09:49:25,34.03,0.0,81,275643,卖盘
09:49:28,34.04,0.01,77,262060,买盘
09:49:30,34.04,0.0,89,302931,买盘
09:49:34,34.04,0.0,40,136158,买盘
09:49:37,34.04,0.0,84,285973,买盘
09:49:40,34.05,0.01,31,105555,买盘
09:49:42,34.05,0.0,106,360942,卖盘
09:49:45,34.04,-0.01,196,667308,卖盘
09:49:49,34.05,0.01,146,497082,买盘
09:49:52,34.06,0.01,96,326882,买盘
09:49:55,34.05,-0.01,56,190687,卖盘
09:49:58,34.05,0.0,585,1990420,卖盘
09:50:01,34.03,-0.02,190,646940,卖盘
09:50:04,34.04,0.01,249,848148,买盘
09:50:07,33.98,-0.06,483,1642342,卖盘
09:50:09,34.0,0.02,264,897374,买盘
09:50:13,33.97,-0.03,98,333179,中性盘
09:50:16,34.0,0.03,51,173354,买盘
09:50:19,34.0,0.0,6,20400,买盘
09:50:21,33.97,-0.03,56,190233,卖盘
09:50:24,33.97,0.0,25,84921,买盘
09:50:28,33.97,0.0,86,292142,买盘
09:50:31,34.0,0.03,53,180086,买盘
09:50:34,33.96,-0.04,67,227609,卖盘
09:50:37,33.99,0.03,73,248005,中性盘
09:50:39,34.0,0.01,82,278732,买盘
09:50:43,34.0,0.0,444,1509616,买盘
09:50:46,34.01,0.01,234,796043,中性盘
09:50:49,34.03,0.02,540,1838078,中性盘
09:50:52,34.06,0.03,171,582330,买盘
09:50:54,34.06,0.0,182,619947,卖盘
09:50:57,34.06,0.0,566,1927799,卖盘
09:51:01,34.06,0.0,172,585869,卖盘
09:51:04,34.05,-0.01,675,2298872,卖盘
09:51:07,34.06,0.01,934,3182858,卖盘
09:51:09,34.07,0.01,216,736071,中性盘
09:51:13,34.07,0.0,279,950538,买盘
09:51:15,34.08,0.01,508,1730766,买盘
09:51:19,34.07,-0.01,746,2542175,卖盘
09:51:22,34.09,0.02,244,831870,买盘
09:51:25,34.1,0.01,673,2294488,买盘
09:51:27,34.1,0.0,155,528536,买盘
09:51:31,34.1,0.0,157,535357,买盘
09:51:34,34.1,0.0,997,3399767,买盘
09:51:37,34.1,0.0,264,900026,买盘
09:51:40,34.1,0.0,376,1282127,买盘
09:51:43,34.1,0.0,178,606937,买盘
09:51:45,34.1,0.0,56,190933,买盘
09:51:49,34.1,0.0,1129,3849580,买盘
09:51:52,34.11,0.01,232,791165,买盘
09:51:54,34.11,0.0,92,313766,卖盘
09:51:58,34.11,0.0,122,416023,买盘
09:52:01,34.11,0.0,124,423014,买盘
09:52:04,34.1,-0.01,324,1104979,卖盘
09:52:06,34.09,-0.01,40,136384,卖盘
09:52:10,34.09,0.0,89,303359,买盘
09:52:13,34.06,-0.03,160,545488,卖盘
09:52:15,34.05,-0.01,2,6812,卖盘
09:52:19,34.06,0.01,20,68104,中性盘
09:52:22,34.07,0.01,53,180558,买盘
09:52:25,34.02,-0.05,39,132730,卖盘
09:52:28,34.04,0.02,8,27230,买盘
09:52:31,34.04,0.0,147,500384,买盘
09:52:34,34.02,-0.02,52,176948,卖盘
09:52:37,34.04,0.02,809,2751237,买盘
09:52:39,34.04,0.0,160,544594,卖盘
09:52:43,34.05,0.01,88,299528,买盘
09:52:45,34.05,0.0,192,653754,买盘
09:52:48,34.05,0.0,28,95324,买盘
09:52:51,34.05,0.0,178,605999,买盘
09:52:55,34.05,0.0,3,10217,卖盘
09:52:58,34.06,0.01,12,40869,买盘
09:53:00,34.05,-0.01,45,153261,卖盘
09:53:04,34.06,0.01,45,153238,买盘
09:53:07,34.07,0.01,52,177113,买盘
09:53:10,34.06,-0.01,151,514260,买盘
09:53:13,34.08,0.02,34,115848,买盘
09:53:16,34.06,-0.02,146,497539,卖盘
09:53:19,34.07,0.01,1,3407,卖盘
09:53:22,34.07,0.0,27,91992,卖盘
09:53:25,34.07,0.0,12,40884,卖盘
09:53:28,34.07,0.0,22,74948,买盘
09:53:31,34.06,-0.01,1,3406,卖盘
09:53:34,34.06,0.0,81,275887,卖盘
09:53:37,34.05,-0.01,286,973848,卖盘
09:53:40,34.05,0.0,103,350633,中性盘
09:53:43,34.06,0.01,261,888026,买盘
09:53:45,34.05,-0.01,37,125983,中性盘
09:53:49,34.03,-0.02,206,700716,中性盘
09:53:51,34.02,-0.01,50,169995,中性盘
09:53:54,34.02,0.0,39,132646,买盘
09:53:58,34.0,-0.02,54,183808,卖盘
09:54:01,34.01,0.01,27,91820,买盘
09:54:04,34.01,0.0,29,98627,买盘
09:54:07,34.0,-0.01,83,282204,卖盘
09:54:10,34.01,0.01,59,200644,买盘
09:54:12,34.01,0.0,9,30615,卖盘
09:54:16,34.02,0.01,10,34020,买盘
09:54:19,34.02,0.0,42,142872,买盘
09:54:22,34.02,0.0,61,207474,买盘
09:54:25,34.02,0.0,90,306180,卖盘
09:54:28,34.01,-0.01,152,516962,卖盘
09:54:31,34.0,-0.01,64,217630,卖盘
09:54:34,34.0,0.0,2,6800,卖盘
09:54:37,34.0,0.0,68,231227,买盘
09:54:40,34.0,0.0,50,170022,买盘
09:54:43,34.02,0.02,179,608690,买盘
09:54:47,34.0,-0.02,65,220974,卖盘
09:54:49,33.96,-0.04,137,465663,卖盘
09:54:52,33.99,0.03,262,889819,买盘
09:54:54,34.0,0.01,71,241362,买盘
09:54:57,34.01,0.01,113,384265,买盘
09:55:01,33.95,-0.06,349,1185776,卖盘
09:55:04,33.95,0.0,653,2216894,买盘
09:55:07,33.97,0.02,121,410825,买盘
09:55:09,33.97,0.0,131,445208,卖盘
09:55:13,34.0,0.03,78,265122,买盘
09:55:16,34.0,0.0,80,272032,买盘
09:55:19,34.01,0.01,11,37406,买盘
09:55:22,34.01,0.0,53,180306,中性盘
09:55:24,34.0,-0.01,20,68016,卖盘
09:55:28,34.04,0.04,130,442010,买盘
09:55:31,34.03,-0.01,40,136064,中性盘
09:55:33,34.03,0.0,86,292658,卖盘
09:55:37,34.03,0.0,65,221111,买盘
09:55:40,34.02,-0.01,8,27219,卖盘
09:55:43,34.03,0.01,40,136096,买盘
09:55:47,34.01,-0.02,17,57843,卖盘
09:55:50,34.02,0.01,106,360532,买盘
09:55:52,34.01,-0.01,76,258500,卖盘
09:55:55,34.01,0.0,71,241541,卖盘
09:55:58,34.01,0.0,21,71439,卖盘
09:56:00,34.02,0.01,110,374193,买盘
09:56:04,34.01,-0.01,66,224490,卖盘
09:56:07,34.02,0.01,32,108841,买盘
09:56:09,34.01,-0.01,53,180316,卖盘
09:56:13,34.02,0.01,64,217727,买盘
09:56:16,34.01,-0.01,88,299426,卖盘
09:56:19,34.02,0.01,16,54424,中性盘
09:56:25,34.02,0.0,52,176902,买盘
09:56:28,34.02,0.0,83,282400,买盘
09:56:30,34.02,0.0,79,268801,卖盘
09:56:34,34.02,0.0,8,27216,中性盘
09:56:37,34.02,0.0,37,125870,卖盘
09:56:40,34.03,0.01,286,972628,买盘
09:56:43,34.0,-0.03,153,520275,卖盘
09:56:46,34.01,0.01,219,744630,中性盘
09:56:49,33.99,-0.02,134,455600,卖盘
09:56:52,33.99,0.0,135,458980,卖盘
09:56:55,33.98,-0.01,196,666058,卖盘
09:56:58,33.98,0.0,106,360148,买盘
09:57:01,33.97,-0.01,40,135884,卖盘
09:57:04,33.97,0.0,13,44164,卖盘
09:57:08,33.96,-0.01,8,27174,卖盘
09:57:10,33.97,0.01,52,176619,买盘
09:57:12,33.97,0.0,9,30571,买盘
09:57:17,33.97,0.0,95,322627,买盘
09:57:19,33.96,-0.01,19,64542,中性盘
09:57:22,33.95,-0.01,84,285190,卖盘
09:57:26,33.96,0.01,3,10188,买盘
09:57:28,33.95,-0.01,19,64512,卖盘
09:57:30,33.95,0.0,229,777670,卖盘
09:57:34,33.98,0.03,91,309109,买盘
09:57:37,33.98,0.0,43,146114,卖盘
09:57:40,33.99,0.01,16,54384,买盘
09:57:43,33.99,0.0,23,78176,买盘
09:57:47,33.98,-0.01,67,227741,卖盘
09:57:49,34.02,0.04,229,778837,买盘
09:57:53,34.0,-0.02,136,462539,卖盘
09:57:55,34.02,0.02,2,6803,买盘
09:57:58,34.01,-0.01,11,37420,卖盘
09:58:02,34.02,0.01,79,268732,买盘
09:58:05,34.02,0.0,169,574937,买盘
09:58:07,34.01,-0.01,99,336786,卖盘
09:58:09,34.02,0.01,3,10206,卖盘
09:58:13,34.02,0.0,67,227934,卖盘
09:58:15,34.02,0.0,31,105464,卖盘
09:58:19,34.04,0.02,529,1800645,买盘
09:58:22,34.02,-0.02,171,581804,卖盘
09:58:25,34.04,0.02,147,500269,买盘
09:58:28,34.04,0.0,30,102120,卖盘
09:58:31,34.04,0.0,94,319899,买盘
09:58:35,34.02,-0.02,8,27226,中性盘
09:58:37,34.02,0.0,139,473107,卖盘
09:58:40,34.02,0.0,22,74843,买盘
09:58:43,34.02,0.0,70,238138,买盘
09:58:46,34.02,0.0,90,306153,买盘
09:58:50,34.04,0.02,86,292715,买盘
09:58:53,34.04,0.0,394,1341429,买盘
09:58:56,34.05,0.01,325,1106539,买盘
09:58:59,34.05,0.0,19,64693,买盘
09:59:00,34.04,-0.01,115,391400,卖盘
09:59:05,34.03,-0.01,13,44251,卖盘
09:59:07,34.03,0.0,132,449228,卖盘
09:59:11,34.04,0.01,4,13616,买盘
09:59:14,34.03,-0.01,64,217838,卖盘
09:59:17,34.04,0.01,33,112305,买盘
09:59:20,34.05,0.01,455,1548699,买盘
09:59:23,34.04,-0.01,26,88485,中性盘
09:59:24,34.04,0.0,14,47656,卖盘
09:59:29,34.05,0.01,123,418619,买盘
09:59:31,34.04,-0.01,6,20423,中性盘
09:59:35,34.04,0.0,61,207648,买盘
09:59:37,34.04,0.0,109,371014,卖盘
09:59:41,34.05,0.01,14,47661,买盘
09:59:44,34.04,-0.01,47,160010,卖盘
09:59:47,34.04,0.0,63,214484,买盘
09:59:50,34.05,0.01,48,163410,买盘
09:59:52,34.03,-0.02,43,146375,卖盘
09:59:56,34.03,0.0,13,44250,卖盘
09:59:57,34.04,0.01,36,122544,买盘
10:00:02,34.05,0.01,104,353975,买盘
10:00:03,34.05,0.0,67,228042,买盘
10:00:07,34.04,-0.01,154,524341,中性盘
10:00:11,34.04,0.0,39,132759,买盘
10:00:14,34.05,0.01,138,469965,买盘
10:00:15,34.06,0.01,454,1546229,买盘
10:00:20,34.07,0.01,88,299745,买盘
10:00:23,34.06,-0.01,24,81747,卖盘
10:00:26,34.07,0.01,64,218103,中性盘
10:00:29,34.07,0.0,50,170399,卖盘
10:00:32,34.08,0.01,46,156768,买盘
10:00:33,34.09,0.01,2,6817,买盘
10:00:37,34.08,-0.01,22,74976,卖盘
10:00:41,34.09,0.01,94,320443,买盘
10:00:44,34.09,0.0,221,753378,买盘
10:00:47,34.08,-0.01,143,487451,卖盘
10:00:50,34.09,0.01,5,17045,买盘
10:00:53,34.09,0.0,286,974952,买盘
10:00:56,34.09,0.0,45,153428,卖盘
10:00:59,34.09,0.0,31,105700,卖盘
10:01:02,34.09,0.0,268,913826,卖盘
10:01:04,34.1,0.01,281,958147,买盘
10:01:08,34.1,0.0,58,197758,买盘
10:01:11,34.1,0.0,320,1091100,买盘
10:01:14,34.11,0.01,119,405893,买盘
10:01:15,34.1,-0.01,551,1879474,卖盘
10:01:20,34.11,0.01,171,583171,中性盘
10:01:22,34.11,0.0,82,279761,卖盘
10:01:26,34.1,-0.01,128,436600,卖盘
10:01:29,34.1,0.0,79,269507,卖盘
10:01:30,34.11,0.01,61,208097,卖盘
10:01:35,34.1,-0.01,50,170564,卖盘
10:01:38,34.11,0.01,77,262620,买盘
10:01:39,34.1,-0.01,205,699052,卖盘
10:01:44,34.11,0.01,323,1101691,买盘
10:01:47,34.11,0.0,82,279690,买盘
10:01:50,34.1,-0.01,14,47740,买盘
10:01:53,34.09,-0.01,26,88641,卖盘
10:01:56,34.09,0.0,20,68180,买盘
10:01:59,34.08,-0.01,77,262490,卖盘
10:02:00,34.08,0.0,65,221542,卖盘
10:02:05,34.08,0.0,75,255620,卖盘
10:02:08,34.08,0.0,126,429450,买盘
10:02:09,34.05,-0.03,55,187314,卖盘
10:02:14,34.08,0.03,153,520135,买盘
10:02:17,34.1,0.02,333,1135388,买盘
10:02:18,34.1,0.0,61,208033,卖盘
10:02:22,34.1,0.0,7,23869,买盘
10:02:26,34.1,0.0,112,381898,买盘
10:02:29,34.08,-0.02,53,180695,卖盘
10:02:32,34.08,0.0,118,403475,卖盘
10:02:35,34.08,0.0,30,102240,买盘
10:02:38,34.07,-0.01,31,105617,卖盘
10:02:40,34.07,0.0,13,44291,买盘
10:02:42,34.07,0.0,175,596281,买盘
10:02:47,34.05,-0.02,82,279320,卖盘
10:02:50,34.07,0.02,20,68132,买盘
10:02:53,34.06,-0.01,23,78338,中性盘
10:02:56,34.06,0.0,33,112392,买盘
10:02:59,34.06,0.0,30,102184,卖盘
10:03:02,34.06,0.0,31,105586,卖盘
10:03:05,34.06,0.0,41,139646,卖盘
10:03:08,34.06,0.0,28,95367,买盘
10:03:09,34.06,0.0,48,163479,买盘
10:03:14,34.06,0.0,24,81741,买盘
10:03:17,34.06,0.0,44,149866,卖盘
10:03:20,34.07,0.01,88,299774,买盘
10:03:23,34.08,0.01,61,207830,买盘
10:03:24,34.06,-0.02,6,20436,卖盘
10:03:29,34.06,0.0,14,47697,卖盘
10:03:32,34.08,0.02,59,200977,买盘
10:03:35,34.08,0.0,87,296386,买盘
10:03:37,34.07,-0.01,26,88585,卖盘
10:03:41,34.07,0.0,24,81768,买盘
10:03:44,34.07,0.0,4,13630,中性盘
10:03:47,34.07,0.0,52,177214,卖盘
10:03:50,34.08,0.01,12,40897,卖盘
10:03:52,34.09,0.01,29,98839,买盘
10:03:56,34.08,-0.01,11,37488,卖盘
10:03:59,34.08,0.0,6,20450,卖盘
10:04:02,34.08,0.0,79,269232,卖盘
10:04:05,34.07,-0.01,79,269188,卖盘
10:04:07,34.08,0.01,294,1001726,买盘
10:04:11,34.06,-0.02,17,57911,卖盘
10:04:14,34.08,0.02,467,1591315,买盘
10:04:17,34.06,-0.02,97,330401,卖盘
10:04:20,34.08,0.02,49,166895,买盘
10:04:23,34.04,-0.04,30,102216,卖盘
10:04:26,34.05,0.01,37,125964,买盘
10:04:29,34.04,-0.01,9,30639,卖盘
10:04:32,34.04,0.0,40,136160,卖盘
10:04:35,34.05,0.01,30,102122,买盘
10:04:38,34.04,-0.01,36,122552,卖盘
10:04:41,34.05,0.01,106,360866,买盘
10:04:44,34.05,0.0,66,224730,买盘
10:04:47,34.06,0.01,79,269008,买盘
10:04:50,34.05,-0.01,2,6812,卖盘
10:04:53,34.05,0.0,20,68100,卖盘
10:04:56,34.04,-0.01,10,34052,卖盘
10:04:59,34.06,0.02,5,17030,买盘
10:05:02,34.05,-0.01,32,108961,卖盘
10:05:05,34.04,-0.01,13,44253,卖盘
10:05:07,34.04,0.0,2,6808,卖盘
10:05:11,34.03,-0.01,42,142935,卖盘
10:05:12,34.04,0.01,72,245083,买盘
10:05:15,34.04,0.0,37,125948,卖盘
10:05:20,34.05,0.01,109,371055,买盘
10:05:23,34.05,0.0,40,136176,买盘
10:05:29,34.05,0.0,68,231517,买盘
10:05:32,34.06,0.01,56,190700,买盘
10:05:35,34.05,-0.01,109,371147,卖盘
10:05:38,34.06,0.01,75,255425,买盘
10:05:41,34.07,0.01,256,871708,买盘
10:05:44,34.06,-0.01,41,139674,中性盘
10:05:47,34.07,0.01,67,228272,买盘
10:05:48,34.08,0.01,182,620242,买盘
10:05:53,34.08,0.0,24,81769,买盘
10:05:56,34.08,0.0,42,143135,买盘
10:05:59,34.09,0.01,201,685180,买盘
10:06:02,34.09,0.0,52,177276,卖盘
10:06:05,34.09,0.0,61,207984,卖盘
10:06:07,34.1,0.01,38,129554,买盘
10:06:11,34.13,0.03,2050,6991945,买盘
10:06:14,34.14,0.01,244,832999,买盘
10:06:17,34.13,-0.01,115,392495,卖盘
10:06:20,34.14,0.01,15,51205,买盘
10:06:23,34.14,0.0,252,860275,买盘
10:06:26,34.14,0.0,34,116074,买盘
10:06:29,34.14,0.0,203,692969,买盘
10:06:32,34.15,0.01,49,167333,买盘
10:06:33,34.15,0.0,530,1808971,买盘
10:06:37,34.14,-0.01,11,37554,卖盘
10:06:41,34.14,0.0,36,122903,买盘
10:06:44,34.14,0.0,221,754558,买盘
10:06:47,34.14,0.0,67,228735,卖盘
10:06:48,34.15,0.01,74,252611,买盘
10:06:53,34.13,-0.02,283,965866,卖盘
10:06:56,34.13,0.0,44,150170,买盘
10:06:59,34.13,0.0,63,215019,买盘
10:07:02,34.12,-0.01,118,402731,中性盘
10:07:05,34.13,0.01,62,211548,买盘
10:07:08,34.11,-0.02,35,119405,卖盘
10:07:11,34.1,-0.01,64,218303,卖盘
10:07:12,34.1,0.0,165,562931,卖盘
10:07:17,34.11,0.01,42,143262,卖盘
10:07:20,34.13,0.02,40,136437,买盘
10:07:23,34.13,0.0,84,286742,卖盘
10:07:25,34.13,0.0,52,177461,卖盘
10:07:28,34.12,-0.01,32,109213,卖盘
10:07:32,34.13,0.01,25,85325,买盘
10:07:33,34.11,-0.02,23,78453,卖盘
10:07:38,34.11,0.0,1,3411,卖盘
10:07:40,34.11,0.0,67,228562,卖盘
10:07:44,34.11,0.0,13,44342,买盘
10:07:47,34.11,0.0,6,20466,买盘
10:07:50,34.12,0.01,154,525251,买盘
10:07:53,34.1,-0.02,97,330840,卖盘
10:07:56,34.1,0.0,49,167053,卖盘
10:07:59,34.1,0.0,13,44335,卖盘
10:08:02,34.11,0.01,9,30699,买盘
10:08:05,34.1,-0.01,39,133009,中性盘
10:08:07,34.1,0.0,53,180695,买盘
10:08:11,34.11,0.01,76,259161,买盘
10:08:14,34.12,0.01,193,658508,买盘
10:08:17,34.13,0.01,180,614329,买盘
10:08:20,34.14,0.01,69,235491,买盘
10:08:22,34.1,-0.04,285,972458,卖盘
10:08:24,34.12,0.02,86,293333,买盘
10:08:29,34.12,0.0,56,191070,买盘
10:08:32,34.1,-0.02,13,44350,卖盘
10:08:35,34.12,0.02,59,201254,买盘
10:08:38,34.12,0.0,42,143300,买盘
10:08:41,34.1,-0.02,5,17050,卖盘
10:08:44,34.12,0.02,15,51156,买盘
10:08:47,34.12,0.0,73,249044,买盘
10:08:50,34.12,0.0,68,231964,买盘
10:08:52,34.12,0.0,3,10234,买盘
10:08:56,34.11,-0.01,7,23878,中性盘
10:08:59,34.11,0.0,9,30699,买盘
10:09:02,34.1,-0.01,120,409211,卖盘
10:09:04,34.1,0.0,148,504680,买盘
10:09:08,34.09,-0.01,154,525050,卖盘
10:09:09,34.1,0.01,84,286375,买盘
10:09:14,34.09,-0.01,114,388727,卖盘
10:09:17,34.11,0.02,82,279621,买盘
10:09:20,34.12,0.01,220,750497,买盘
10:09:23,34.11,-0.01,52,177372,中性盘
10:09:24,34.12,0.01,44,150087,买盘
10:09:29,34.11,-0.01,6,20466,中性盘
10:09:32,34.11,0.0,2,6822,卖盘
10:09:33,34.12,0.01,41,139864,买盘
10:09:37,34.12,0.0,52,177398,买盘
10:09:40,34.12,0.0,15,51178,买盘
10:09:44,34.12,0.0,27,92133,卖盘
10:09:47,34.12,0.0,2,6824,卖盘
10:09:50,34.13,0.01,101,344684,买盘
10:09:52,34.12,-0.01,44,150128,卖盘
10:09:56,34.12,0.0,10,34120,买盘
10:09:59,34.12,0.0,43,146716,买盘
10:10:01,34.12,0.0,28,95538,买盘
10:10:05,34.12,0.0,59,201289,中性盘
10:10:07,34.13,0.01,60,204756,买盘
10:10:11,34.13,0.0,24,81900,买盘
10:10:12,34.13,0.0,34,116042,买盘
10:10:16,34.13,0.0,22,75084,买盘
10:10:18,34.13,0.0,57,194514,买盘
10:10:22,34.12,-0.01,46,156975,卖盘
10:10:24,34.12,0.0,21,71664,卖盘
10:10:29,34.13,0.01,21,71673,买盘
10:10:32,34.13,0.0,40,136518,买盘
10:10:33,34.13,0.0,38,129668,买盘
10:10:37,34.12,-0.01,63,214981,卖盘
10:10:41,34.12,0.0,363,1238649,卖盘
10:10:44,34.13,0.01,247,842644,买盘
10:10:47,34.13,0.0,212,723375,买盘
10:10:49,34.12,-0.01,89,303665,买盘
10:10:53,34.1,-0.02,24,81844,卖盘
10:10:56,34.1,0.0,36,122817,卖盘
10:10:59,34.12,0.02,77,262636,买盘
10:11:02,34.1,-0.02,10,34100,卖盘
10:11:05,34.11,0.01,42,143257,买盘
10:11:08,34.11,0.0,40,136406,买盘
10:11:11,34.1,-0.01,18,61394,卖盘
10:11:16,34.11,0.01,10,34109,买盘
10:11:20,34.1,-0.01,27,92070,卖盘
10:11:23,34.1,0.0,47,160292,卖盘
10:11:26,34.1,0.0,95,323956,卖盘
10:11:29,34.1,0.0,41,139810,买盘
10:11:32,34.1,0.0,11,37505,买盘
10:11:35,34.1,0.0,31,105710,买盘
10:11:37,34.1,0.0,195,664752,买盘
10:11:41,34.1,0.0,7,23868,买盘
10:11:44,34.1,0.0,33,112501,买盘
10:11:47,34.08,-0.02,142,483903,卖盘
10:11:49,34.06,-0.02,9,30670,卖盘
10:11:53,34.05,-0.01,628,2138364,卖盘
10:11:56,34.05,0.0,87,296231,买盘
10:11:58,34.05,0.0,1,3405,买盘
10:12:01,34.02,-0.03,2,6807,卖盘
10:12:05,34.02,0.0,15,51042,卖盘
10:12:07,34.02,0.0,4,13608,卖盘
10:12:14,34.04,0.02,2,6808,买盘
10:12:16,34.02,-0.02,210,714877,卖盘
10:12:20,34.02,0.0,118,401436,卖盘
10:12:22,34.02,0.0,198,673596,卖盘
10:12:25,34.03,0.01,47,159925,买盘
10:12:28,34.01,-0.02,93,316375,卖盘
10:12:32,34.02,0.01,30,102058,买盘
10:12:34,34.05,0.03,75,255234,买盘
10:12:37,34.05,0.0,37,125906,买盘
10:12:40,34.05,0.0,39,132698,买盘
10:12:47,34.04,-0.01,5,17015,买盘
10:12:49,34.04,0.0,31,105466,买盘
10:12:51,34.03,-0.01,71,241673,中性盘
10:12:56,34.04,0.01,28,95323,中性盘
10:12:59,34.05,0.01,19,64690,买盘
10:13:01,34.03,-0.02,37,125963,卖盘
10:13:04,34.03,0.0,88,299572,卖盘
10:13:07,34.04,0.01,17,57875,中性盘
10:13:10,34.04,0.0,1,3404,买盘
10:13:13,34.03,-0.01,12,40836,卖盘
10:13:16,34.04,0.01,114,388015,买盘
10:13:19,34.03,-0.01,34,115707,卖盘
10:13:22,34.05,0.02,117,398160,买盘
10:13:26,34.04,-0.01,2,6808,卖盘
10:13:28,34.04,0.0,26,88512,卖盘
10:13:32,34.04,0.0,38,129376,卖盘
10:13:33,34.04,0.0,82,279183,卖盘
10:13:37,34.03,-0.01,7,23827,卖盘
10:13:40,34.03,0.0,1,3403,卖盘
10:13:47,34.03,0.0,85,289254,卖盘
10:13:49,34.03,0.0,16,54447,买盘
10:13:52,34.02,-0.01,26,88450,卖盘
10:13:55,34.02,0.0,129,438919,买盘
10:13:59,34.02,0.0,3,10206,买盘
10:14:01,34.02,0.0,1,3402,买盘
10:14:05,34.01,-0.01,77,261877,卖盘
10:14:06,34.01,0.0,70,238070,卖盘
10:14:09,34.02,0.01,21,71442,买盘
10:14:13,34.01,-0.01,96,326501,卖盘
10:14:16,34.02,0.01,5,17009,买盘
10:14:19,34.01,-0.01,71,241483,卖盘
10:14:22,34.02,0.01,161,547699,买盘
10:14:26,34.02,0.0,80,272159,买盘
10:14:28,34.08,0.06,726,2471004,买盘
10:14:32,34.11,0.03,560,1907751,买盘
10:14:34,34.02,-0.09,26,88452,卖盘
10:14:37,34.12,0.1,367,1251542,买盘
10:14:40,34.1,-0.02,118,402600,卖盘
10:14:43,34.02,-0.08,106,360858,卖盘
10:14:46,34.03,0.01,40,136125,中性盘
10:14:49,34.03,0.0,15,51045,买盘
10:14:51,34.03,0.0,128,435533,买盘
10:14:56,34.02,-0.01,102,347106,卖盘
10:14:59,34.02,0.0,45,153133,卖盘
10:15:02,34.03,0.01,2,6805,买盘
10:15:04,34.12,0.09,499,1701306,买盘
10:15:07,34.03,-0.09,32,108895,卖盘
10:15:10,34.12,0.09,235,801684,买盘
10:15:14,34.12,0.0,180,614160,卖盘
10:15:16,34.12,0.0,162,552645,卖盘
10:15:19,34.12,0.0,388,1323856,卖盘
10:15:21,34.04,-0.08,26,88689,卖盘
10:15:25,34.12,0.08,46,156952,买盘
10:15:28,34.04,-0.08,32,109168,卖盘
10:15:32,34.11,0.07,570,1944816,中性盘
10:15:34,34.12,0.01,253,862943,买盘
10:15:37,34.12,0.0,119,406028,卖盘
10:15:41,34.12,0.0,322,1098664,卖盘
10:15:43,34.12,0.0,422,1439871,卖盘
10:15:46,34.12,0.0,38,129657,卖盘
10:15:49,34.04,-0.08,396,1348274,卖盘
10:15:52,34.12,0.08,458,1561820,买盘
10:15:55,34.08,-0.04,630,2149546,卖盘
10:15:58,34.11,0.03,39,133030,中性盘
10:16:02,34.04,-0.07,104,354129,卖盘
10:16:04,34.04,0.0,116,394863,卖盘
10:16:08,34.04,0.0,15,51060,买盘
10:16:10,34.04,0.0,58,197425,买盘
10:16:12,34.04,0.0,29,98716,买盘
10:16:16,34.03,-0.01,47,159986,卖盘
10:16:19,34.04,0.01,216,735236,买盘
10:16:22,34.04,0.0,177,602463,买盘
10:16:25,34.04,0.0,21,71478,买盘
10:16:29,34.04,0.0,37,125947,买盘
10:16:31,34.03,-0.01,46,156549,卖盘
10:16:34,34.03,0.0,254,865494,卖盘
10:16:37,34.02,-0.01,138,468422,卖盘
10:16:40,34.03,0.01,96,326630,买盘
10:16:42,34.03,0.0,475,1615719,买盘
10:16:46,34.0,-0.03,96,326506,卖盘
10:16:49,34.02,0.02,102,346854,买盘
10:16:52,34.0,-0.02,39,132625,卖盘
10:16:55,34.0,0.0,7,23805,卖盘
10:16:58,34.0,0.0,61,207427,卖盘
10:17:01,34.01,0.01,279,948637,买盘
10:17:04,34.01,0.0,59,200628,买盘
10:17:08,34.0,-0.01,29,98603,卖盘
10:17:10,34.01,0.01,149,506749,买盘
10:17:12,34.02,0.01,49,166678,买盘
10:17:16,34.01,-0.01,15,51025,卖盘
10:17:19,34.01,0.0,54,183654,卖盘
10:17:22,34.01,0.0,142,482952,卖盘
10:17:26,34.02,0.01,6,20412,买盘
10:17:27,34.02,0.0,12,40822,买盘
10:17:31,34.01,-0.01,38,129273,卖盘
10:17:34,34.02,0.01,41,139448,中性盘
10:17:36,34.02,0.0,28,95254,卖盘
10:17:40,34.01,-0.01,102,346902,卖盘
10:17:43,34.01,0.0,9,30616,卖盘
10:17:46,34.01,0.0,20,68035,卖盘
10:17:48,34.01,0.0,45,153045,卖盘
10:17:51,34.01,0.0,26,88424,卖盘
10:17:56,34.01,0.0,44,149605,买盘
10:17:58,34.01,0.0,29,98628,买盘
10:18:02,34.0,-0.01,38,129202,卖盘
10:18:03,34.0,0.0,155,527157,卖盘
10:18:07,34.01,0.01,59,200636,中性盘
10:18:10,34.03,0.02,71,241553,买盘
10:18:13,34.02,-0.01,31,105436,卖盘
10:18:16,34.03,0.01,46,156521,买盘
10:18:19,34.01,-0.02,13,44223,卖盘
10:18:22,34.02,0.01,2,6804,买盘
10:18:25,34.01,-0.01,55,187055,卖盘
10:18:27,34.02,0.01,70,238088,买盘
10:18:31,34.01,-0.01,11,37413,中性盘
10:18:34,34.0,-0.01,6,20403,卖盘
10:18:37,34.0,0.0,51,173404,卖盘
10:18:40,34.01,0.01,53,180253,买盘
10:18:42,34.01,0.0,11,37406,买盘
10:18:46,34.0,-0.01,9,30607,卖盘
10:18:49,34.0,0.0,15,51012,卖盘
10:18:52,34.0,0.0,28,95201,卖盘
10:18:55,34.01,0.01,4,13604,买盘
10:18:58,34.01,0.0,18,61201,买盘
10:19:01,34.0,-0.01,35,120463,卖盘
10:19:03,34.01,0.01,13,44208,买盘
10:19:08,34.0,-0.01,75,255024,卖盘
10:19:10,34.0,0.0,144,489100,卖盘
10:19:13,34.01,0.01,26,88417,买盘
10:19:16,33.99,-0.02,1782,6057823,卖盘
10:19:18,33.98,-0.01,102,346744,卖盘
10:19:22,33.98,0.0,104,353410,卖盘
10:19:25,33.99,0.01,245,832521,买盘
10:19:28,33.97,-0.02,10,33979,卖盘
10:19:30,33.97,0.0,520,1766441,卖盘
10:19:34,33.95,-0.02,345,1171581,卖盘
10:19:37,33.94,-0.01,135,458427,卖盘
10:19:39,33.93,-0.01,10,33947,卖盘
10:19:43,33.94,0.01,9,30539,买盘
10:19:46,33.93,-0.01,22,74646,卖盘
10:19:49,33.92,-0.01,10,33928,卖盘
10:19:51,33.92,0.0,40,135675,卖盘
10:19:55,33.91,-0.01,20,67822,卖盘
10:19:58,33.91,0.0,45,152600,卖盘
10:20:01,33.9,-0.01,31,105142,卖盘
10:20:04,33.91,0.01,10,33910,买盘
10:20:07,33.91,0.0,35,118670,卖盘
10:20:10,33.9,-0.01,167,566430,卖盘
10:20:13,33.95,0.05,405,1373347,买盘
10:20:16,33.9,-0.05,21,71192,中性盘
10:20:19,33.91,0.01,30,101719,买盘
10:20:22,33.9,-0.01,76,257642,卖盘
10:20:25,33.9,0.0,27,91529,买盘
10:20:28,33.9,0.0,403,1366070,买盘
10:20:31,33.89,-0.01,111,376263,卖盘
10:20:34,33.9,0.01,15,50847,买盘
10:20:37,33.9,0.0,50,169465,买盘
10:20:40,33.89,-0.01,266,901220,卖盘
10:20:43,33.9,0.01,15,50891,中性盘
10:20:46,33.9,0.0,8,27120,卖盘
10:20:49,33.9,0.0,23,77971,卖盘
10:20:52,33.91,0.01,11,37311,买盘
10:20:55,33.9,-0.01,9,30518,卖盘
10:20:57,33.9,0.0,35,118669,卖盘
10:21:00,33.9,0.0,64,217017,卖盘
10:21:04,33.9,0.0,127,430655,卖盘
10:21:07,33.91,0.01,121,410289,买盘
10:21:10,33.93,0.02,22,74618,买盘
10:21:13,33.91,-0.02,132,447611,卖盘
10:21:16,33.91,0.0,207,701933,买盘
10:21:19,33.91,0.0,22,74602,卖盘
10:21:22,33.92,0.01,163,552598,中性盘
10:21:25,33.91,-0.01,19,64429,中性盘
10:21:28,33.91,0.0,6,20346,买盘
10:21:31,33.91,0.0,36,122074,买盘
10:21:34,33.91,0.0,11,37298,买盘
10:21:36,33.9,-0.01,26,88143,卖盘
10:21:39,33.91,0.01,18,61023,买盘
10:21:42,33.91,0.0,16,54247,买盘
10:21:46,33.9,-0.01,23,77978,卖盘
10:21:49,33.91,0.01,68,230587,买盘
10:21:52,33.91,0.0,86,291600,买盘
10:21:55,33.91,0.0,15,50863,买盘
10:21:58,33.91,0.0,12,40685,买盘
10:22:01,33.9,-0.01,123,417053,卖盘
10:22:04,33.9,0.0,28,94938,卖盘
10:22:07,33.9,0.0,29,98316,卖盘
10:22:10,33.91,0.01,53,179688,买盘
10:22:13,33.9,-0.01,64,216972,卖盘
10:22:16,33.9,0.0,64,216994,卖盘
10:22:19,33.91,0.01,97,328923,买盘
10:22:22,33.93,0.02,61,206858,买盘
10:22:25,33.93,0.0,50,169632,买盘
10:22:28,33.94,0.01,10,33940,卖盘
10:22:30,33.94,0.0,66,224004,卖盘
10:22:34,33.94,0.0,2,6788,买盘
10:22:36,33.91,-0.03,1,3391,卖盘
10:22:40,33.93,0.02,14,47495,买盘
10:22:42,33.91,-0.02,9,30521,卖盘
10:22:46,33.91,0.0,92,312007,卖盘
10:22:49,33.92,0.01,20,67840,买盘
10:22:52,33.93,0.01,54,183158,买盘
10:22:54,33.91,-0.02,5,16957,卖盘
10:22:58,33.91,0.0,79,267940,卖盘
10:23:01,33.9,-0.01,31,105108,卖盘
10:23:04,33.91,0.01,76,257658,买盘
10:23:07,33.9,-0.01,44,149173,卖盘
10:23:10,33.9,0.0,15,50860,卖盘
10:23:12,33.9,0.0,80,271207,卖盘
10:23:15,33.91,0.01,13,44071,买盘
10:23:19,33.9,-0.01,47,159330,卖盘
10:23:22,33.89,-0.01,67,227132,卖盘
10:23:25,33.89,0.0,101,342289,卖盘
10:23:28,33.88,-0.01,105,354734,卖盘
10:23:31,33.89,0.01,12,40670,中性盘
10:23:34,33.89,0.0,103,349059,卖盘
10:23:36,33.89,0.0,522,1768563,买盘
10:23:40,33.89,0.0,257,870752,买盘
10:23:43,33.89,0.0,454,1538618,买盘
10:23:46,33.88,-0.01,46,155873,卖盘
10:23:49,33.88,0.0,71,240621,卖盘
10:23:52,33.88,0.0,86,293032,卖盘
10:23:55,33.88,0.0,32,108436,买盘
10:23:58,33.87,-0.01,67,226933,卖盘
10:24:01,33.87,0.0,20,67750,卖盘
10:24:03,33.87,0.0,33,111784,卖盘
10:24:06,33.86,-0.01,9,30482,卖盘
10:24:10,33.86,0.0,1,3386,卖盘
10:24:13,33.87,0.01,17,57564,买盘
10:24:16,33.86,-0.01,128,433411,卖盘
10:24:19,33.84,-0.02,609,2061157,卖盘
10:24:21,33.84,0.0,106,358743,卖盘
10:24:24,33.84,0.0,51,172624,买盘
10:24:28,33.83,-0.01,99,336368,卖盘
10:24:31,33.82,-0.01,48,162346,卖盘
10:24:34,33.82,0.0,8,27057,卖盘
10:24:37,33.82,0.0,68,230019,卖盘
10:24:39,33.84,0.02,111,375544,买盘
10:24:42,33.83,-0.01,66,223312,卖盘
10:24:45,33.82,-0.01,63,213095,卖盘
10:24:49,33.83,0.01,3,10149,卖盘
10:24:52,33.83,0.0,66,223277,卖盘
10:24:55,33.83,0.0,14,47361,买盘
10:24:58,33.83,0.0,12,40587,买盘
10:25:01,33.83,0.0,13,43973,买盘
10:25:04,33.82,-0.01,52,175866,卖盘
10:25:07,33.81,-0.01,128,432848,卖盘
10:25:10,33.82,0.01,19,64257,买盘
10:25:13,33.81,-0.01,40,135248,卖盘
10:25:16,33.82,0.01,419,1417058,买盘
10:25:19,33.82,0.0,64,216475,卖盘
10:25:21,33.84,0.02,125,422853,买盘
10:25:25,33.86,0.02,1,3386,买盘
10:25:28,33.84,-0.02,25,84600,卖盘
10:25:31,33.84,0.0,3,10152,买盘
10:25:33,33.84,0.0,5,16920,买盘
10:25:36,33.84,0.0,47,159024,买盘
10:25:40,33.84,0.0,16,54143,买盘
10:25:43,33.84,0.0,14,47375,买盘
10:25:46,33.84,0.0,52,175968,买盘
10:25:49,33.84,0.0,15,50760,卖盘
10:25:52,33.84,0.0,5,16920,卖盘
10:25:55,33.84,0.0,31,104904,卖盘
10:25:58,33.85,0.01,2,6770,中性盘
10:26:00,33.84,-0.01,168,568526,卖盘
10:26:04,33.85,0.01,24,81223,买盘
10:26:07,33.83,-0.02,54,182729,卖盘
10:26:10,33.84,0.01,10,33844,中性盘
10:26:13,33.86,0.02,4,13542,买盘
10:26:16,33.84,-0.02,36,121799,中性盘
10:26:19,33.84,0.0,12,40605,买盘
10:26:22,33.83,-0.01,23,77809,卖盘
10:26:25,33.85,0.02,12,40621,中性盘
10:26:28,33.85,0.0,3,10157,卖盘
10:26:31,33.86,0.01,3,10157,买盘
10:26:34,33.86,0.0,13,44017,买盘
10:26:37,33.86,0.0,53,179436,买盘
10:26:40,33.86,0.0,15,50790,卖盘
10:26:43,33.87,0.01,12,40639,买盘
10:26:46,33.87,0.0,18,60956,买盘
10:26:49,33.87,0.0,1,3387,卖盘
10:26:52,33.87,0.0,22,74514,卖盘
10:26:55,33.9,0.03,43,145736,买盘
10:26:58,33.9,0.0,1,3390,卖盘
10:27:01,33.9,0.0,1,3390,卖盘
10:27:04,33.93,0.03,81,274805,买盘
10:27:07,33.9,-0.03,39,132239,卖盘
10:27:10,33.91,0.01,31,105102,卖盘
10:27:13,33.91,0.0,45,152468,买盘
10:27:18,33.91,0.0,103,349234,买盘
10:27:22,33.91,0.0,79,267764,买盘
10:27:25,33.91,0.0,33,111903,卖盘
10:27:28,33.91,0.0,1,3391,卖盘
10:27:31,33.91,0.0,3,10173,卖盘
10:27:34,33.9,-0.01,8,27127,卖盘
10:27:36,33.9,0.0,14,47471,卖盘
10:27:39,33.91,0.01,24,81384,买盘
10:27:43,33.92,0.01,14,47476,买盘
10:27:46,33.92,0.0,11,37302,买盘
10:27:49,33.9,-0.02,122,413702,卖盘
10:27:52,33.91,0.01,23,77992,买盘
10:27:55,33.91,0.0,3,10173,买盘
10:27:58,33.91,0.0,176,596815,买盘
10:28:00,33.91,0.0,17,57647,卖盘
10:28:04,33.91,0.0,22,74613,卖盘
10:28:07,33.91,0.0,21,71211,卖盘
10:28:10,33.9,-0.01,6,20344,卖盘
10:28:13,33.9,0.0,48,162720,卖盘
10:28:16,33.9,0.0,8,27120,买盘
10:28:19,33.9,0.0,205,694948,买盘
10:28:22,33.91,0.01,140,474592,买盘
10:28:25,33.88,-0.03,214,725047,卖盘
10:28:28,33.89,0.01,4,13556,买盘
10:28:31,33.88,-0.01,3,10165,卖盘
10:28:34,33.88,0.0,5,16940,卖盘
10:28:37,33.88,0.0,32,108423,卖盘
10:28:40,33.89,0.01,14,47446,买盘
10:28:43,33.89,0.0,143,484871,卖盘
10:28:45,33.89,0.0,68,229351,卖盘
10:28:49,33.89,0.0,8,27112,卖盘
10:28:51,33.89,0.0,24,81338,卖盘
10:28:55,33.89,0.0,1,3389,卖盘
10:28:58,33.89,0.0,15,50835,卖盘
10:29:01,33.9,0.01,16,54240,买盘
10:29:03,33.89,-0.01,10,33890,卖盘
10:29:07,33.9,0.01,25,85847,买盘
10:29:09,33.91,0.01,71,239620,买盘
10:29:13,33.92,0.01,106,359552,买盘
10:29:19,33.92,0.0,15,50879,买盘
10:29:22,33.91,-0.01,22,74606,卖盘
10:29:25,33.92,0.01,11,37312,卖盘
10:29:27,33.92,0.0,11,37321,卖盘
10:29:31,33.92,0.0,6,20352,卖盘
10:29:34,33.93,0.01,4,13571,买盘
10:29:37,33.94,0.01,47,159468,买盘
10:29:40,33.92,-0.02,29,98376,卖盘
10:29:43,33.92,0.0,48,162819,卖盘
10:29:45,33.92,0.0,12,40703,买盘
10:29:48,33.91,-0.01,4,13564,卖盘
10:29:52,33.91,0.0,27,91557,卖盘
10:29:58,33.92,0.01,11,36189,买盘
10:30:00,33.9,-0.02,27,91545,买盘
10:30:04,33.91,0.01,31,105120,买盘
10:30:07,33.91,0.0,33,112999,买盘
10:30:09,33.92,0.01,17,56532,买盘
10:30:13,33.89,-0.03,34,115277,卖盘
10:30:16,33.89,0.0,9,30517,卖盘
10:30:19,33.89,0.0,9,30517,卖盘
10:30:21,33.91,0.02,3,10171,买盘
10:30:25,33.89,-0.02,60,203387,卖盘
10:30:28,33.89,0.0,341,1157367,卖盘
10:30:31,33.89,0.0,34,115216,买盘
10:30:34,33.88,-0.01,46,155884,卖盘
10:30:37,33.88,0.0,77,260886,卖盘
10:30:40,33.88,0.0,186,630071,卖盘
10:30:43,33.88,0.0,210,711638,买盘
10:30:46,33.88,0.0,15,50829,卖盘
10:30:49,33.87,-0.01,56,189676,卖盘
10:30:52,33.88,0.01,39,132109,买盘
10:30:54,33.88,0.0,1,3388,买盘
10:30:58,33.89,0.01,107,361436,买盘
10:31:01,33.89,0.0,77,260967,卖盘
10:31:04,33.88,-0.01,51,172837,卖盘
10:31:07,33.89,0.01,18,60989,买盘
10:31:10,33.88,-0.01,9,30495,卖盘
10:31:13,33.89,0.01,4,13554,买盘
10:31:16,33.9,0.01,193,654106,买盘
10:31:18,33.9,0.0,18,61044,卖盘
10:31:21,33.88,-0.02,77,262004,卖盘
10:31:24,33.93,0.05,113,382028,买盘
10:31:28,33.93,0.0,80,271500,卖盘
10:31:31,33.92,-0.01,18,61073,卖盘
10:31:33,33.92,0.0,1,3392,卖盘
10:31:37,33.91,-0.01,21,71223,卖盘
10:31:40,33.89,-0.02,4,13559,卖盘
10:31:43,33.9,0.01,54,183060,买盘
10:31:46,33.9,0.0,48,162722,卖盘
10:31:49,33.9,0.0,12,40685,卖盘
10:31:51,33.9,0.0,3,10170,买盘
10:31:55,33.89,-0.01,30,101699,卖盘
10:31:58,33.9,0.01,5,16950,买盘
10:32:01,33.89,-0.01,49,166094,卖盘
10:32:04,33.88,-0.01,30,101668,卖盘
10:32:07,33.89,0.01,7,23723,买盘
10:32:10,33.89,0.0,1,3389,买盘
10:32:13,33.89,0.0,4,13555,买盘
10:32:14,33.88,-0.01,44,149076,卖盘
10:32:18,33.88,0.0,80,271040,卖盘
10:32:22,33.88,0.0,43,145695,卖盘
10:32:28,33.88,0.0,99,335293,买盘
10:32:30,33.86,-0.02,2,6772,卖盘
10:32:33,33.86,0.0,8,27095,卖盘
10:32:37,33.86,0.0,22,74492,卖盘
10:32:40,33.86,0.0,8,27088,卖盘
10:32:46,33.86,0.0,7,23702,卖盘
10:32:49,33.86,0.0,23,77879,卖盘
10:32:52,33.86,0.0,22,74458,卖盘
10:32:58,33.86,0.0,10,33860,买盘
10:33:01,33.86,0.0,27,91421,买盘
10:33:04,33.86,0.0,19,64324,买盘
10:33:07,33.86,0.0,26,88014,买盘
10:33:10,33.85,-0.01,51,172650,卖盘
10:33:13,33.85,0.0,18,60947,卖盘
10:33:16,33.86,0.01,5,16930,买盘
10:33:19,33.85,-0.01,19,64325,卖盘
10:33:21,33.85,0.0,26,88012,卖盘
10:33:25,33.85,0.0,4,13540,买盘
10:33:28,33.85,0.0,14,47390,买盘
10:33:31,33.85,0.0,32,108319,买盘
10:33:34,33.85,0.0,9,30469,中性盘
10:33:37,33.85,0.0,3,10155,买盘
10:33:40,33.84,-0.01,40,135436,卖盘
10:33:43,33.88,0.04,101,342117,买盘
10:33:46,33.86,-0.02,11,37246,买盘
10:33:48,33.85,-0.01,27,91395,卖盘
10:33:52,33.85,0.0,23,77855,卖盘
10:33:55,33.85,0.0,20,67715,卖盘
10:33:57,33.85,0.0,20,67700,卖盘
10:34:01,33.86,0.01,9,30471,买盘
10:34:04,33.85,-0.01,12,40626,卖盘
10:34:07,33.85,0.0,27,91398,卖盘
10:34:10,33.85,0.0,10,33850,卖盘
10:34:13,33.85,0.0,11,37245,卖盘
10:34:16,33.86,0.01,129,436764,买盘
10:34:19,33.86,0.0,42,142171,买盘
10:34:22,33.85,-0.01,35,118485,卖盘
10:34:25,33.85,0.0,13,44005,买盘
10:34:27,33.84,-0.01,7,23694,卖盘
10:34:30,33.85,0.01,33,111704,买盘
10:34:33,33.85,0.0,6,20310,卖盘
10:34:37,33.85,0.0,21,71085,卖盘
10:34:43,33.85,0.0,5,16925,买盘
10:34:45,33.85,0.0,14,47390,买盘
10:34:49,33.84,-0.01,5,16920,卖盘
10:34:51,33.85,0.01,37,125222,买盘
10:34:54,33.85,0.0,14,47390,买盘
10:34:58,33.84,-0.01,24,81216,卖盘
10:35:00,33.84,0.0,2,6768,卖盘
10:35:03,33.85,0.01,6,20305,买盘
10:35:06,33.85,0.0,40,135378,买盘
10:35:10,33.85,0.0,14,47384,买盘
10:35:13,33.85,0.0,5,16925,买盘
10:35:16,33.85,0.0,1,3385,买盘
10:35:19,33.85,0.0,21,71085,买盘
10:35:22,33.86,0.01,161,544998,买盘
10:35:25,33.86,0.0,20,67713,买盘
10:35:27,33.86,0.0,13,44013,买盘
10:35:30,33.85,-0.01,28,94797,卖盘
10:35:34,33.86,0.01,3,10156,买盘
10:35:36,33.87,0.01,32,108332,买盘
10:35:40,33.86,-0.01,41,138829,卖盘
10:35:43,33.86,0.0,14,47409,卖盘
10:35:49,33.87,0.01,1,3387,买盘
10:35:52,33.86,-0.01,1023,3461704,卖盘
10:35:55,33.87,0.01,63,213268,买盘
10:35:58,33.89,0.02,14,47444,买盘
10:36:01,33.89,0.0,59,199956,卖盘
10:36:04,33.89,0.0,73,247415,卖盘
10:36:06,33.88,-0.01,5,16940,卖盘
10:36:10,33.89,0.01,23,77944,买盘
10:36:13,33.88,-0.01,10,33885,卖盘
10:36:16,33.88,0.0,40,135520,卖盘
10:36:19,33.87,-0.01,28,94841,卖盘
10:36:22,33.87,0.0,43,145629,卖盘
10:36:25,33.87,0.0,13,44028,买盘
10:36:27,33.87,0.0,66,223542,买盘
10:36:31,33.86,-0.01,11,37246,卖盘
10:36:37,33.85,-0.01,22,74470,卖盘
10:36:40,33.86,0.01,25,84649,买盘
10:36:42,33.86,0.0,1,3386,买盘
10:36:46,33.85,-0.01,13,44006,卖盘
10:36:49,33.86,0.01,23,77859,买盘
10:36:51,33.86,0.0,30,101577,卖盘
10:36:55,33.86,0.0,12,40618,买盘
10:36:58,33.85,-0.01,1,3385,中性盘
10:37:00,33.85,0.0,7,23695,买盘
10:37:03,33.85,0.0,31,104961,卖盘
10:37:07,33.84,-0.01,24,81238,卖盘
10:37:10,33.85,0.01,24,81236,买盘
10:37:13,33.85,0.0,32,108318,买盘
10:37:16,33.85,0.0,6,20310,买盘
10:37:19,33.84,-0.01,11,37234,卖盘
10:37:22,33.85,0.01,33,111682,买盘
10:37:25,33.84,-0.01,13,43995,卖盘
10:37:28,33.85,0.01,4,13539,买盘
10:37:31,33.85,0.0,2,6770,卖盘
10:37:34,33.85,0.0,3,10155,买盘
10:37:36,33.84,-0.01,27,91368,卖盘
10:37:39,33.84,0.0,6,20310,卖盘
10:37:43,33.85,0.01,24,81218,买盘
10:37:46,33.86,0.01,29,98149,买盘
10:37:49,33.85,-0.01,43,145555,中性盘
10:37:52,33.85,0.0,23,77855,卖盘
10:37:55,33.86,0.01,1,3386,买盘
10:37:58,33.86,0.0,1,3386,中性盘
10:38:01,33.86,0.0,14,47404,卖盘
10:38:04,33.87,0.01,6,20322,买盘
10:38:06,33.87,0.0,29,98198,买盘
10:38:10,33.87,0.0,5,16934,买盘
10:38:12,33.89,0.02,28,94876,买盘
10:38:16,33.9,0.01,23,77970,卖盘
10:38:18,33.91,0.01,20,67809,买盘
10:38:22,33.92,0.01,114,386465,买盘
10:38:25,33.92,0.0,8,27132,买盘
10:38:28,33.91,-0.01,2,6782,买盘
10:38:31,33.92,0.01,39,132275,买盘
10:38:37,33.87,-0.05,1,3387,卖盘
10:38:43,33.89,0.02,2,6776,买盘
10:38:49,33.87,-0.02,6,20326,卖盘
10:38:52,33.87,0.0,22,74514,卖盘
10:38:55,33.86,-0.01,38,128685,卖盘
10:39:00,33.88,0.02,3,10163,中性盘
10:39:04,33.9,0.02,29,98276,买盘
10:39:07,33.87,-0.03,24,81288,卖盘
10:39:10,33.86,-0.01,37,125296,卖盘
10:39:12,33.9,0.04,3,10168,买盘
10:39:16,33.87,-0.03,5,16935,中性盘
10:39:18,33.87,0.0,14,47417,买盘
10:39:22,33.87,0.0,66,223519,买盘
10:39:25,33.89,0.02,8,27112,买盘
10:39:28,33.89,0.0,1,3389,买盘
10:39:31,33.89,0.0,40,135501,买盘
10:39:33,33.87,-0.02,6,20322,卖盘
10:39:37,33.88,0.01,5,16940,中性盘
10:39:40,33.88,0.0,4,13551,买盘
10:39:42,33.87,-0.01,20,67740,卖盘
10:39:46,33.88,0.01,5,16940,买盘
10:39:49,33.88,0.0,18,60979,买盘
10:39:52,33.88,0.0,37,125332,买盘
10:39:55,33.88,0.0,21,71148,卖盘
10:39:57,33.88,0.0,4,13552,卖盘
10:40:00,33.88,0.0,2,6776,卖盘
10:40:04,33.89,0.01,42,142306,买盘
10:40:07,33.88,-0.01,33,111812,卖盘
10:40:10,33.88,0.0,1,3388,卖盘
10:40:13,33.87,-0.01,50,169399,卖盘
10:40:14,33.89,0.02,14,47437,买盘
10:40:19,33.88,-0.01,10,33889,中性盘
10:40:22,33.88,0.0,41,138908,中性盘
10:40:28,33.91,0.03,82,277930,买盘
10:40:31,33.91,0.0,17,57647,卖盘
10:40:34,33.88,-0.03,31,105122,卖盘
10:40:37,33.88,0.0,3,10164,买盘
10:40:40,33.88,0.0,5,16940,买盘
10:40:42,33.88,0.0,5,16939,买盘
10:40:47,33.88,0.0,17,57596,买盘
10:40:52,33.88,0.0,39,132147,卖盘
10:40:54,33.9,0.02,9,30494,中性盘
10:40:58,33.88,-0.02,55,186440,卖盘
10:41:01,33.88,0.0,7,23726,卖盘
10:41:04,33.88,0.0,5,16940,卖盘
10:41:07,33.88,0.0,40,135520,卖盘
10:41:10,33.88,0.0,12,40656,买盘
10:41:13,33.87,-0.01,22,74514,卖盘
10:41:17,33.88,0.01,13,44044,买盘
10:41:19,33.87,-0.01,6,20326,卖盘
10:41:22,33.88,0.01,62,210033,买盘
10:41:25,33.88,0.0,90,304920,买盘
10:41:28,33.88,0.0,17,57589,中性盘
10:41:31,33.88,0.0,10,33898,卖盘
10:41:34,33.88,0.0,6,20328,卖盘
10:41:37,33.89,0.01,2,6778,中性盘
10:41:42,33.88,-0.01,1,3388,卖盘
10:41:47,33.89,0.01,22,74543,买盘
10:41:49,33.88,-0.01,5,16940,卖盘
10:41:52,33.88,0.0,43,145704,卖盘
10:41:55,33.89,0.01,24,81321,买盘
10:41:58,33.88,-0.01,6,20333,卖盘
10:42:01,33.88,0.0,11,37276,卖盘
10:42:07,33.89,0.01,36,121970,买盘
10:42:10,33.89,0.0,14,47446,买盘
10:42:13,33.87,-0.02,134,453938,卖盘
10:42:16,33.89,0.02,6,20334,买盘
10:42:22,33.87,-0.02,6,20324,卖盘
10:42:25,33.88,0.01,20,67760,买盘
10:42:27,33.88,0.0,11,37260,买盘
10:42:31,33.87,-0.01,11,37264,卖盘
10:42:34,33.89,0.02,25,84701,买盘
10:42:37,33.89,0.0,48,162644,买盘
10:42:40,33.88,-0.01,1,3388,卖盘
10:42:43,33.88,0.0,10,33880,卖盘
10:42:45,33.91,0.03,67,227121,买盘
10:42:49,33.92,0.01,7,23744,买盘
10:42:52,33.92,0.0,28,94953,买盘
10:42:55,33.92,0.0,22,74624,买盘
10:43:02,33.92,0.0,24,81428,卖盘
10:43:04,33.93,0.01,6,20358,买盘
10:43:07,33.92,-0.01,29,98368,卖盘
10:43:10,33.93,0.01,2,6786,买盘
10:43:13,33.93,0.0,15,50894,买盘
10:43:17,33.92,-0.01,17,57665,卖盘
10:43:19,33.91,-0.01,5,16955,卖盘
10:43:22,33.91,0.0,17,57647,卖盘
10:43:32,33.91,0.0,7,23735,买盘
10:43:34,33.89,-0.02,7,23735,卖盘
10:43:37,33.91,0.02,43,145790,买盘
10:43:40,33.9,-0.01,15,50850,卖盘
10:43:44,33.9,0.0,1,3390,卖盘
10:43:47,33.91,0.01,27,91542,买盘
10:43:49,33.9,-0.01,2,6781,卖盘
10:43:52,33.91,0.01,218,739214,买盘
10:43:55,33.91,0.0,52,176717,卖盘
10:43:58,33.92,0.01,11,37317,卖盘
10:44:02,33.91,-0.01,32,108541,卖盘
10:44:04,33.9,-0.01,6,20341,卖盘
10:44:07,33.91,0.01,56,189874,买盘
10:44:10,33.91,0.0,15,50865,买盘
10:44:13,33.9,-0.01,1,3390,卖盘
10:44:17,33.9,0.0,2,6780,卖盘
10:44:19,33.91,0.01,77,261107,买盘
10:44:22,33.9,-0.01,41,138995,卖盘
10:44:25,33.9,0.0,54,183060,卖盘
10:44:28,33.9,0.0,20,67806,卖盘
10:44:32,33.9,0.0,15,50852,卖盘
10:44:34,33.9,0.0,9,30510,卖盘
10:44:37,33.89,-0.01,21,70812,卖盘
10:44:41,33.89,0.0,26,88118,卖盘
10:44:44,33.89,0.0,17,57613,卖盘
10:44:46,33.88,-0.01,96,325337,卖盘
10:44:49,33.88,0.0,119,403184,卖盘
10:44:52,33.87,-0.01,139,470803,卖盘
10:44:55,33.85,-0.02,76,257322,卖盘
10:44:59,33.85,0.0,12,40621,卖盘
10:45:02,33.86,0.01,193,653445,买盘
10:45:04,33.85,-0.01,123,416412,卖盘
10:45:07,33.85,0.0,65,220034,卖盘
10:45:11,33.85,0.0,1,3385,卖盘
10:45:13,33.85,0.0,5,16925,卖盘
10:45:17,33.84,-0.01,30,101525,卖盘
10:45:23,33.85,0.01,25,84625,卖盘
10:45:25,33.85,0.0,18,60930,卖盘
10:45:28,33.84,-0.01,4,13536,卖盘
10:45:31,33.8,-0.04,1001,3385008,卖盘
10:45:37,33.8,0.0,121,409208,卖盘
10:45:41,33.83,0.03,73,246961,买盘
10:45:44,33.83,0.0,24,81192,卖盘
10:45:46,33.84,0.01,18,60901,买盘
10:45:49,33.83,-0.01,54,182682,卖盘
10:45:52,33.83,0.0,56,189451,卖盘
10:45:55,33.84,0.01,22,74430,买盘
10:45:58,33.83,-0.01,2,6766,买盘
10:46:02,33.82,-0.01,11,37207,卖盘
10:46:04,33.82,0.0,12,40589,卖盘
10:46:07,33.84,0.02,198,669874,买盘
10:46:10,33.82,-0.02,16,54107,中性盘
10:46:13,33.82,0.0,20,67658,卖盘
10:46:17,33.82,0.0,18,60876,买盘
10:46:19,33.82,0.0,24,81172,卖盘
10:46:23,33.81,-0.01,35,118365,卖盘
10:46:25,33.81,0.0,32,108194,卖盘
10:46:28,33.83,0.02,1645,5560722,买盘
10:46:31,33.81,-0.02,1,3381,买盘
10:46:34,33.8,-0.01,96,324546,卖盘
10:46:37,33.81,0.01,45,152136,买盘
10:46:41,33.81,0.0,9,30429,卖盘
10:46:47,33.81,0.0,41,138621,卖盘
10:46:49,33.81,0.0,64,216384,卖盘
10:46:53,33.81,0.0,13,42398,卖盘
10:46:55,33.81,0.0,8,27048,买盘
10:46:58,33.81,0.0,29,98037,买盘
10:47:04,33.81,0.0,110,371909,买盘
10:47:07,33.81,0.0,57,192723,卖盘
10:47:10,33.81,0.0,9,30432,卖盘
10:47:14,33.81,0.0,14,47347,卖盘
10:47:17,33.83,0.02,106,358523,买盘
10:47:19,33.82,-0.01,10,33820,中性盘
10:47:23,33.82,0.0,9,30446,卖盘
10:47:25,33.82,0.0,2,6764,卖盘
10:47:28,33.82,0.0,2,6764,卖盘
10:47:34,33.82,0.0,1,3382,卖盘
10:47:37,33.82,0.0,9,30438,卖盘
10:47:41,33.82,0.0,3,10146,买盘
10:47:44,33.82,0.0,3,10145,买盘
10:47:47,33.82,0.0,29,98055,买盘
10:47:49,33.82,0.0,26,87932,买盘
10:47:52,33.81,-0.01,33,111583,卖盘
10:47:55,33.82,0.01,315,1064860,买盘
10:47:58,33.82,0.0,17,57493,买盘
10:48:02,33.8,-0.02,276,932880,卖盘
10:48:04,33.79,-0.01,30,101394,卖盘
10:48:08,33.8,0.01,23,77718,买盘
10:48:10,33.8,0.0,325,1098430,买盘
10:48:14,33.79,-0.01,42,141937,卖盘
10:48:17,33.8,0.01,13,43929,买盘
10:48:19,33.8,0.0,34,114890,买盘
10:48:23,33.79,-0.01,26,87857,卖盘
10:48:25,33.79,0.0,6,20279,卖盘
10:48:28,33.79,0.0,40,135160,卖盘
10:48:32,33.79,0.0,66,223014,卖盘
10:48:34,33.79,0.0,11,37171,卖盘
10:48:37,33.78,-0.01,50,168920,卖盘
10:48:40,33.79,0.01,39,131781,买盘
10:48:44,33.79,0.0,17,57437,买盘
10:48:47,33.76,-0.03,538,1816884,卖盘
10:48:50,33.77,0.01,108,364715,买盘
10:48:53,33.77,0.0,28,94534,买盘
10:48:58,33.76,-0.01,1,3376,买盘
10:49:02,33.76,0.0,73,246448,买盘
10:49:04,33.77,0.01,5,16881,买盘
10:49:08,33.76,-0.01,98,330874,卖盘
10:49:10,33.77,0.01,82,276914,买盘
10:49:13,33.78,0.01,11,37157,买盘
10:49:17,33.77,-0.01,2,6754,卖盘
10:49:20,33.77,0.0,112,378225,卖盘
10:49:23,33.78,0.01,190,641647,买盘
10:49:25,33.78,0.0,16,54039,买盘
10:49:29,33.78,0.0,38,128373,卖盘
10:49:32,33.8,0.02,100,337957,买盘
10:49:35,33.78,-0.02,1,3378,卖盘
10:49:37,33.8,0.02,39,131768,买盘
10:49:40,33.8,0.0,1,3380,买盘
10:49:43,33.8,0.0,2,6759,买盘
10:49:46,33.79,-0.01,2,6758,卖盘
10:49:52,33.79,0.0,43,145297,卖盘
10:49:56,33.79,0.0,121,408979,卖盘
10:49:59,33.79,0.0,21,70975,卖盘
10:50:02,33.8,0.01,205,692898,买盘
10:50:04,33.8,0.0,30,101393,买盘
10:50:07,33.79,-0.01,24,81098,卖盘
10:50:11,33.78,-0.01,401,1355254,卖盘
10:50:13,33.79,0.01,42,141918,买盘
10:50:17,33.79,0.0,4,13516,买盘
10:50:20,33.78,-0.01,59,199305,卖盘
10:50:23,33.77,-0.01,23,77692,卖盘
10:50:26,33.78,0.01,2,6756,买盘
10:50:28,33.79,0.01,62,209434,买盘
10:50:32,33.78,-0.01,15,50670,中性盘
10:50:34,33.78,0.0,57,192596,卖盘
10:50:37,33.77,-0.01,81,273601,卖盘
10:50:41,33.78,0.01,13,43914,买盘
10:50:44,33.78,0.0,16,54053,卖盘
10:50:46,33.78,0.0,7,23646,卖盘
10:50:50,33.77,-0.01,8,27023,卖盘
10:50:53,33.78,0.01,23,77672,买盘
10:50:56,33.78,0.0,10,33780,买盘
10:51:02,33.79,0.01,53,179082,买盘
10:51:05,33.79,0.0,22,74338,卖盘
10:51:08,33.79,0.0,100,337900,卖盘
10:51:11,33.78,-0.01,271,915948,卖盘
10:51:14,33.78,0.0,47,158785,卖盘
10:51:17,33.78,0.0,12,40528,买盘
10:51:20,33.78,0.0,35,118230,买盘
10:51:23,33.78,0.0,72,243180,买盘
10:51:29,33.79,0.01,15,50682,买盘
10:51:32,33.8,0.01,30,101373,买盘
10:51:35,33.8,0.0,30,101389,买盘
10:51:38,33.8,0.0,37,125029,买盘
10:51:41,33.8,0.0,43,145332,买盘
10:51:44,33.79,-0.01,18,60836,卖盘
10:51:47,33.79,0.0,122,412346,卖盘
10:51:53,33.8,0.01,32,108138,买盘
10:52:01,33.8,0.0,201,679380,买盘
10:52:05,33.8,0.0,3,10139,买盘
10:52:08,33.79,-0.01,45,152067,卖盘
10:52:11,33.8,0.01,259,875418,买盘
10:52:13,33.8,0.0,17,57459,买盘
10:52:17,33.8,0.0,10,33800,买盘
10:52:20,33.79,-0.01,20,67583,卖盘
10:52:23,33.79,0.0,78,263588,卖盘
10:52:25,33.79,0.0,9,30411,买盘
10:52:29,33.78,-0.01,35,118235,卖盘
10:52:34,33.78,0.0,7,23646,卖盘
10:52:38,33.79,0.01,40,135132,买盘
10:52:41,33.79,0.0,5,16895,买盘
10:52:44,33.78,-0.01,1,3378,卖盘
10:52:53,33.79,0.01,96,324290,买盘
10:52:56,33.79,0.0,27,91214,买盘
10:52:58,33.78,-0.01,4,13512,中性盘
10:53:01,33.79,0.01,105,354778,买盘
10:53:05,33.79,0.0,108,364932,卖盘
10:53:08,33.78,-0.01,73,246604,卖盘
10:53:11,33.8,0.02,140,473063,买盘
10:53:14,33.78,-0.02,92,310873,卖盘
10:53:20,33.79,0.01,44,148676,卖盘
10:53:26,33.78,-0.01,15,50671,卖盘
10:53:29,33.79,0.01,29,97963,买盘
10:53:35,33.78,-0.01,1,3378,卖盘
10:53:38,33.78,0.0,28,94584,卖盘
10:53:41,33.79,0.01,2,6758,买盘
10:53:44,33.78,-0.01,75,253351,卖盘
10:53:47,33.78,0.0,27,91221,买盘
10:53:49,33.78,0.0,27,91206,买盘
10:53:53,33.78,0.0,31,104718,卖盘
10:53:56,33.78,0.0,3,10134,卖盘
10:54:02,33.79,0.01,135,456155,买盘
10:54:05,33.79,0.0,24,81096,卖盘
10:54:08,33.79,0.0,155,523757,卖盘
10:54:11,33.8,0.01,224,757108,买盘
10:54:14,33.78,-0.02,14,47316,卖盘
10:54:17,33.8,0.02,3,10140,买盘
10:54:19,33.79,-0.01,21,70979,卖盘
10:54:22,33.8,0.01,169,571024,买盘
10:54:26,33.78,-0.02,35,118245,卖盘
10:54:29,33.78,0.0,14,47292,卖盘
10:54:32,33.78,0.0,2,6756,买盘
10:54:35,33.79,0.01,2,6757,买盘
10:54:38,33.79,0.0,24,81074,买盘
10:54:43,33.78,-0.01,1,3378,卖盘
10:54:47,33.8,0.02,77,260227,买盘
10:54:50,33.78,-0.02,1,3378,卖盘
10:54:53,33.8,0.02,62,209499,买盘
10:54:55,33.8,0.0,55,185876,买盘
10:54:58,33.79,-0.01,3,10137,卖盘
10:55:02,33.79,0.0,35,118262,卖盘
10:55:04,33.78,-0.01,185,625109,卖盘
10:55:08,33.8,0.02,37,125038,买盘
10:55:11,33.8,0.0,297,1003860,买盘
10:55:14,33.8,0.0,43,145327,买盘
10:55:17,33.79,-0.01,17,57443,卖盘
10:55:20,33.8,0.01,148,500222,买盘
10:55:23,33.79,-0.01,4,13516,中性盘
10:55:26,33.78,-0.01,20,67575,卖盘
10:55:29,33.78,0.0,125,422273,卖盘
10:55:31,33.79,0.01,15,50685,买盘
10:55:35,33.78,-0.01,34,114855,卖盘
10:55:38,33.79,0.01,27,91211,买盘
10:55:41,33.78,-0.01,15,50670,卖盘
10:55:43,33.78,0.0,6,20273,卖盘
10:55:47,33.79,0.01,2,6757,买盘
10:55:53,33.79,0.0,56,189172,买盘
10:55:56,33.79,0.0,5,16894,买盘
10:55:59,33.78,-0.01,20,67570,卖盘
10:56:02,33.79,0.01,107,361553,买盘
10:56:05,33.79,0.0,1,3379,卖盘
10:56:07,33.79,0.0,45,152055,卖盘
10:56:11,33.79,0.0,267,902459,卖盘
10:56:14,33.79,0.0,20,67599,卖盘
10:56:16,33.79,0.0,33,111507,卖盘
10:56:20,33.8,0.01,20,67589,买盘
10:56:23,33.79,-0.01,102,344732,卖盘
10:56:26,33.79,0.0,45,152065,卖盘
10:56:32,33.79,0.0,18,60827,卖盘
10:56:35,33.79,0.0,9,30411,卖盘
10:56:37,33.8,0.01,25,84478,买盘
10:56:40,33.8,0.0,5,16900,买盘
10:56:43,33.8,0.0,11,37177,买盘
10:56:46,33.8,0.0,12,40560,买盘
10:56:49,33.8,0.0,125,422500,买盘
10:56:53,33.8,0.0,54,182497,买盘
10:56:56,33.8,0.0,227,767259,买盘
10:56:59,33.8,0.0,16,54080,买盘
10:57:02,33.8,0.0,201,679380,买盘
10:57:04,33.8,0.0,201,679379,买盘
10:57:08,33.82,0.02,42,141991,买盘
10:57:11,33.83,0.01,10,33830,买盘
10:57:14,33.83,0.0,1,3383,中性盘
10:57:16,33.82,-0.01,2,6764,卖盘
10:57:19,33.84,0.02,23,77832,买盘
10:57:23,33.84,0.0,35,118440,卖盘
10:57:26,33.84,0.0,1,3384,卖盘
10:57:29,33.82,-0.02,46,155651,卖盘
10:57:31,33.85,0.03,16,54160,买盘
10:57:35,33.85,0.0,19,64314,卖盘
10:57:38,33.85,0.0,4,13540,买盘
10:57:41,33.85,0.0,1,3385,买盘
10:57:43,33.82,-0.03,21,71047,卖盘
10:57:47,33.85,0.03,10,33850,买盘
10:57:49,33.85,0.0,2,6770,买盘
10:57:56,33.84,-0.01,30,101507,买盘
10:58:01,33.85,0.01,16,54160,买盘
10:58:04,33.85,0.0,7,23695,卖盘
10:58:07,33.85,0.0,15,50775,卖盘
10:58:11,33.85,0.0,15,50775,买盘
10:58:14,33.84,-0.01,25,84600,卖盘
10:58:17,33.84,0.0,4,13536,买盘
10:58:20,33.84,0.0,7,23688,卖盘
10:58:23,33.84,0.0,12,40608,买盘
10:58:26,33.84,0.0,44,148881,买盘
10:58:32,33.84,0.0,19,64308,卖盘
10:58:34,33.86,0.02,5,16930,买盘
10:58:38,33.84,-0.02,1,3384,中性盘
10:58:44,33.85,0.01,19,64315,买盘
10:58:46,33.85,0.0,14,47377,买盘
10:58:50,33.85,0.0,44,148931,买盘
10:58:53,33.85,0.0,45,152303,买盘
10:58:56,33.84,-0.01,7,23694,卖盘
10:59:01,33.85,0.01,13,44005,买盘
10:59:04,33.84,-0.01,10,33849,卖盘
10:59:08,33.85,0.01,38,128606,买盘
10:59:14,33.86,0.01,3,10158,买盘
10:59:17,33.85,-0.01,36,121860,卖盘
10:59:20,33.86,0.01,35,118480,买盘
10:59:22,33.85,-0.01,8,27080,卖盘
10:59:26,33.86,0.01,22,74476,买盘
10:59:29,33.86,0.0,15,50764,买盘
10:59:35,33.84,-0.02,1,3384,卖盘
10:59:38,33.85,0.01,18,60930,中性盘
10:59:41,33.85,0.0,35,118508,买盘
10:59:44,33.85,0.0,44,148940,买盘
10:59:47,33.84,-0.01,81,274174,卖盘
10:59:49,33.85,0.01,2,6770,买盘
10:59:53,33.84,-0.01,36,121824,卖盘
10:59:56,33.83,-0.01,9,30453,卖盘
10:59:59,33.85,0.02,100,338462,买盘
11:00:02,33.84,-0.01,69,233469,买盘
11:00:05,33.85,0.01,76,257456,中性盘
11:00:08,33.88,0.03,80,270995,买盘
11:00:11,33.85,-0.03,83,281159,卖盘
11:00:14,33.85,0.0,162,548349,买盘
11:00:17,33.88,0.03,67,226930,买盘
11:00:20,33.88,0.0,107,362516,买盘
11:00:23,33.89,0.01,172,582947,买盘
11:00:26,33.9,0.01,125,423639,买盘
11:00:28,33.92,0.02,67,227226,买盘
11:00:32,33.95,0.03,85,288412,买盘
11:00:35,33.94,-0.01,60,203691,中性盘
11:00:37,33.96,0.02,156,529407,买盘
11:00:41,33.95,-0.01,145,492161,中性盘
11:00:44,33.96,0.01,32,108659,买盘
11:00:47,33.96,0.0,87,295451,买盘
11:00:50,33.98,0.02,74,251471,买盘
11:00:53,33.98,0.0,128,435017,卖盘
11:00:56,33.96,-0.02,188,638861,卖盘
11:00:59,33.99,0.03,83,282188,中性盘
11:01:02,34.0,0.01,158,537054,买盘
11:01:05,33.99,-0.01,49,166597,卖盘
11:01:08,33.99,0.0,104,353501,卖盘
11:01:11,33.99,0.0,26,88348,买盘
11:01:14,33.97,-0.02,95,322720,卖盘
11:01:17,33.96,-0.01,63,213960,卖盘
11:01:20,33.94,-0.02,61,207088,卖盘
11:01:22,33.94,0.0,34,115379,买盘
11:01:26,33.93,-0.01,48,162880,卖盘
11:01:29,33.92,-0.01,9,30536,卖盘
11:01:32,33.93,0.01,7,23747,买盘
11:01:35,33.92,-0.01,41,139072,卖盘
11:01:38,33.92,0.0,18,61068,卖盘
11:01:41,33.92,0.0,46,156032,买盘
11:01:44,33.92,0.0,41,139184,买盘
11:01:47,33.92,0.0,108,366483,买盘
11:01:49,33.91,-0.01,29,98403,卖盘
11:01:56,33.92,0.01,40,135680,买盘
11:01:59,33.92,0.0,12,40704,买盘
11:02:02,33.93,0.01,23,78050,卖盘
11:02:04,33.94,0.01,42,142518,买盘
11:02:08,33.93,-0.01,11,37323,买盘
11:02:11,33.93,0.0,41,139070,买盘
11:02:14,33.93,0.0,44,149270,买盘
11:02:17,33.93,0.0,17,57672,买盘
11:02:19,33.92,-0.01,11,37312,中性盘
11:02:23,33.92,0.0,10,33920,买盘
11:02:26,33.91,-0.01,5,16959,卖盘
11:02:29,33.91,0.0,4,13564,卖盘
11:02:32,33.9,-0.01,30,101700,卖盘
11:02:34,33.9,0.0,6,20340,卖盘
11:02:38,33.9,0.0,27,91531,卖盘
11:02:47,33.9,0.0,37,127016,买盘
11:02:50,33.89,-0.01,60,201756,卖盘
11:02:53,33.88,-0.01,66,223616,卖盘
11:02:56,33.87,-0.01,7,23709,卖盘
11:02:59,33.88,0.01,20,67760,买盘
11:03:02,33.87,-0.01,32,108384,卖盘
11:03:04,33.86,-0.01,6,20316,卖盘
11:03:07,33.86,0.0,6,20316,买盘
11:03:11,33.86,0.0,1,3386,买盘
11:03:13,33.86,0.0,53,179416,买盘
11:03:17,33.85,-0.01,1,3385,卖盘
11:03:20,33.85,0.0,36,121860,卖盘
11:03:22,33.84,-0.01,40,135381,卖盘
11:03:26,33.84,0.0,15,50760,卖盘
11:03:29,33.83,-0.01,29,98122,卖盘
11:03:31,33.84,0.01,5,16916,买盘
11:03:35,33.83,-0.01,25,84599,卖盘
11:03:38,33.83,0.0,40,135324,卖盘
11:03:41,33.84,0.01,14,47363,买盘
11:03:44,33.83,-0.01,15,50751,卖盘
11:03:47,33.83,0.0,3,10149,卖盘
11:03:50,33.84,0.01,37,125211,买盘
11:03:53,33.84,0.0,47,159026,买盘
11:03:56,33.83,-0.01,1,3383,卖盘
11:03:58,33.86,0.03,100,338473,买盘
11:04:02,33.84,-0.02,11,37221,卖盘
11:04:05,33.84,0.0,73,247032,买盘
11:04:08,33.85,0.01,27,91347,买盘
11:04:11,33.83,-0.02,87,294329,卖盘
11:04:14,33.83,0.0,11,37223,卖盘
11:04:17,33.85,0.02,31,104904,买盘
11:04:20,33.85,0.0,5,16925,买盘
11:04:23,33.83,-0.02,122,412800,卖盘
11:04:25,33.83,0.0,60,202980,买盘
11:04:29,33.83,0.0,101,341682,买盘
11:04:31,33.83,0.0,24,81195,买盘
11:04:35,33.84,0.01,14,47376,买盘
11:04:38,33.84,0.0,54,182738,买盘
11:04:41,33.83,-0.01,8,27071,卖盘
11:04:44,33.83,0.0,63,213129,卖盘
11:04:47,33.83,0.0,1,3383,卖盘
11:04:50,33.84,0.01,50,169210,买盘
11:04:53,33.84,0.0,28,94730,买盘
11:04:55,33.83,-0.01,3,10150,卖盘
11:04:58,33.84,0.01,6,20304,买盘
11:05:02,33.84,0.0,2,6768,买盘
11:05:05,33.84,0.0,146,493957,买盘
11:05:08,33.83,-0.01,90,304497,卖盘
11:05:11,33.83,0.0,25,84576,买盘
11:05:14,33.83,0.0,39,131937,买盘
11:05:17,33.83,0.0,7,23680,买盘
11:05:20,33.86,0.03,8,27080,买盘
11:05:23,33.83,-0.03,40,135351,卖盘
11:05:25,33.84,0.01,45,152280,买盘
11:05:28,33.83,-0.01,79,267320,卖盘
11:05:32,33.84,0.01,22,74452,中性盘
11:05:35,33.85,0.01,18,60930,买盘
11:05:38,33.84,-0.01,47,159048,卖盘
11:05:41,33.84,0.0,77,260568,买盘
11:05:44,33.84,0.0,14,47376,买盘
11:05:47,33.83,-0.01,1,3383,卖盘
11:05:50,33.84,0.01,5,16916,买盘
11:05:52,33.83,-0.01,23,77809,卖盘
11:05:56,33.83,0.0,57,192887,卖盘
11:05:59,33.84,0.01,41,138741,买盘
11:06:02,33.84,0.0,1,3384,买盘
11:06:04,33.83,-0.01,26,87958,卖盘
11:06:08,33.82,-0.01,41,138692,卖盘
11:06:10,33.82,0.0,49,165718,卖盘
11:06:14,33.85,0.03,102,345224,买盘
11:06:17,33.84,-0.01,12,40618,中性盘
11:06:20,33.83,-0.01,35,118439,卖盘
11:06:23,33.83,0.0,1,3383,卖盘
11:06:26,33.83,0.0,4,13532,卖盘
11:06:29,33.84,0.01,15,50753,买盘
11:06:35,33.83,-0.01,7,23682,卖盘
11:06:38,33.82,-0.01,55,186037,卖盘
11:06:43,33.82,0.0,3,10146,买盘
11:06:46,33.82,0.0,43,145425,买盘
11:06:50,33.82,0.0,4,13528,卖盘
11:06:53,33.83,0.01,77,260446,买盘
11:06:56,33.82,-0.01,12,40595,卖盘
11:06:59,33.82,0.0,45,152190,卖盘
11:07:02,33.83,0.01,7,23679,买盘
11:07:05,33.82,-0.01,1,3382,卖盘
11:07:08,33.83,0.01,36,121764,买盘
11:07:10,33.84,0.01,98,331473,买盘
11:07:14,33.84,0.0,20,67667,买盘
11:07:16,33.83,-0.01,45,152235,卖盘
11:07:20,33.82,-0.01,36,121784,卖盘
11:07:22,33.82,0.0,83,280706,买盘
11:07:26,33.81,-0.01,26,87910,卖盘
11:07:29,33.81,0.0,37,125106,卖盘
11:07:32,33.82,0.01,18,60876,买盘
11:07:35,33.82,0.0,14,47348,买盘
11:07:38,33.82,0.0,78,263751,买盘
11:07:41,33.82,0.0,3,10146,卖盘
11:07:47,33.82,0.0,1,3382,卖盘
11:07:50,33.82,0.0,3,10146,卖盘
11:07:53,33.82,0.0,22,74404,卖盘
11:07:55,33.82,0.0,19,64262,卖盘
11:07:59,33.83,0.01,115,388858,买盘
11:08:02,33.83,0.0,7,23681,买盘
11:08:05,33.82,-0.01,6,20292,卖盘
11:08:08,33.82,0.0,23,77786,卖盘
11:08:11,33.81,-0.01,221,747404,卖盘
11:08:14,33.85,0.04,25,84614,买盘
11:08:17,33.84,-0.01,97,328247,中性盘
11:08:20,33.81,-0.03,204,689838,卖盘
11:08:23,33.84,0.03,25,84578,买盘
11:08:25,33.84,0.0,72,243630,买盘
11:08:31,33.85,0.01,177,599017,买盘
11:08:35,33.86,0.01,11,37240,买盘
11:08:38,33.84,-0.02,108,365577,卖盘
11:08:41,33.85,0.01,12,40620,中性盘
11:08:44,33.84,-0.01,13,44000,卖盘
11:08:47,33.85,0.01,4,13539,买盘
11:08:49,33.85,0.0,2,6770,买盘
11:08:53,33.85,0.0,57,192923,买盘
11:08:56,33.84,-0.01,56,189504,卖盘
11:08:59,33.85,0.01,74,250441,买盘
11:09:02,33.84,-0.01,16,54144,中性盘
11:09:05,33.84,0.0,7,23688,买盘
11:09:07,33.82,-0.02,13,43976,卖盘
11:09:11,33.83,0.01,2,6765,买盘
11:09:14,33.83,0.0,21,71037,买盘
11:09:17,33.82,-0.01,105,355120,卖盘
11:09:20,33.82,0.0,27,91314,买盘
11:09:23,33.81,-0.01,23,77763,卖盘
11:09:26,33.81,0.0,2,6763,卖盘
11:09:29,33.82,0.01,61,206302,买盘
11:09:31,33.82,0.0,14,47348,卖盘
11:09:35,33.82,0.0,20,67640,卖盘
11:09:38,33.82,0.0,15,50730,卖盘
11:09:41,33.83,0.01,14,47354,买盘
11:09:47,33.82,-0.01,2,6766,卖盘
11:09:50,33.82,0.0,115,388953,卖盘
11:09:53,33.88,0.06,210,710890,买盘
11:09:56,33.83,-0.05,10,33830,买盘
11:10:02,33.83,0.0,4,13532,卖盘
11:10:08,33.83,0.0,36,121796,卖盘
11:10:11,33.82,-0.01,58,196171,卖盘
11:10:17,33.83,0.01,1,3383,卖盘
11:10:20,33.83,0.0,1,3383,卖盘
11:10:22,33.84,0.01,62,209808,买盘
11:10:26,33.84,0.0,4,13536,卖盘
11:10:31,33.85,0.01,2,6770,买盘
11:10:35,33.84,-0.01,7,23689,卖盘
11:10:38,33.84,0.0,133,450356,卖盘
11:10:41,33.84,0.0,6,20304,卖盘
11:10:43,33.85,0.01,83,280873,买盘
11:10:46,33.85,0.0,82,277592,中性盘
11:10:52,33.87,0.02,3,10161,中性盘
11:10:56,33.85,-0.02,1,3385,卖盘
11:10:59,33.86,0.01,18,60950,中性盘
11:11:01,33.9,0.04,500,1694422,买盘
11:11:05,33.87,-0.03,43,145736,卖盘
11:11:08,33.89,0.02,21,71139,买盘
11:11:11,33.87,-0.02,16,54214,卖盘
11:11:14,33.89,0.02,15,50835,买盘
11:11:17,33.87,-0.02,2,6776,卖盘
11:11:20,33.89,0.02,44,149116,买盘
11:11:23,33.88,-0.01,30,101640,中性盘
11:11:25,33.88,0.0,4,13555,卖盘
11:11:28,33.89,0.01,4,13556,买盘
11:11:32,33.88,-0.01,59,199892,卖盘
11:11:35,33.88,0.0,42,142296,买盘
11:11:37,33.88,0.0,35,118558,买盘
11:11:41,33.88,0.0,2,6776,买盘
11:11:44,33.88,0.0,19,64372,买盘
11:11:47,33.87,-0.01,24,81306,卖盘
11:11:50,33.88,0.01,112,379456,买盘
11:11:52,33.88,0.0,45,152438,买盘
11:11:56,33.87,-0.01,54,182907,卖盘
11:11:59,33.87,0.0,14,47418,买盘
11:12:02,33.88,0.01,57,193075,买盘
11:12:05,33.88,0.0,6,20328,卖盘
11:12:08,33.88,0.0,23,77924,卖盘
11:12:11,33.89,0.01,116,393105,买盘
11:12:14,33.88,-0.01,161,545499,卖盘
11:12:17,33.88,0.0,4,13552,买盘
11:12:22,33.88,0.0,26,88065,买盘
11:12:26,33.88,0.0,3,10164,买盘
11:12:29,33.87,-0.01,3,10161,卖盘
11:12:32,33.88,0.01,8,27104,买盘
11:12:35,33.87,-0.01,8,27098,卖盘
11:12:38,33.87,0.0,23,77901,卖盘
11:12:41,33.88,0.01,40,135520,买盘
11:12:47,33.88,0.0,146,494647,买盘
11:12:50,33.89,0.01,26,88114,买盘
11:12:53,33.88,-0.01,134,454172,卖盘
11:12:56,33.9,0.02,9,30506,买盘
11:12:58,33.95,0.05,262,890109,买盘
11:13:02,33.97,0.02,106,359952,买盘
11:13:05,33.92,-0.05,4,13569,卖盘
11:13:08,33.92,0.0,8,27170,卖盘
11:13:10,33.92,0.0,1,3392,卖盘
11:13:14,33.93,0.01,1,3393,中性盘
11:13:17,33.93,0.0,49,166257,卖盘
11:13:20,33.93,0.0,5,16965,卖盘
11:13:23,33.94,0.01,11,37326,中性盘
11:13:25,33.93,-0.01,39,132327,卖盘
11:13:29,33.92,-0.01,48,162863,卖盘
11:13:31,33.92,0.0,1,3392,卖盘
11:13:35,33.92,0.0,23,78038,卖盘
11:13:37,33.93,0.01,12,40716,买盘
11:13:41,33.93,0.0,80,271435,买盘
11:13:44,33.9,-0.03,2,6780,卖盘
11:13:47,33.93,0.03,13,44092,买盘
11:13:50,33.9,-0.03,6,20336,买盘
11:13:52,33.89,-0.01,101,342311,卖盘
11:13:56,33.89,0.0,8,27112,买盘
11:13:59,33.91,0.02,82,277940,买盘
11:14:02,33.92,0.01,68,230565,买盘
11:14:04,33.92,0.0,1,3392,买盘
11:14:07,33.89,-0.03,49,166085,卖盘
11:14:11,33.91,0.02,12,40692,买盘
11:14:17,33.89,-0.02,10,33899,卖盘
11:14:19,33.9,0.01,37,125423,买盘
11:14:23,33.89,-0.01,22,74558,卖盘
11:14:25,33.9,0.01,42,142380,买盘
11:14:29,33.89,-0.01,22,74562,卖盘
11:14:32,33.9,0.01,5,16950,买盘
11:14:34,33.89,-0.01,8,27113,卖盘
11:14:37,33.9,0.01,67,227108,买盘
11:14:41,33.89,-0.01,5,16945,买盘
11:14:44,33.88,-0.01,5,16944,卖盘
11:14:46,33.88,0.0,1,3388,卖盘
11:14:50,33.89,0.01,2,6778,买盘
11:14:52,33.88,-0.01,63,213480,卖盘
11:14:56,33.89,0.01,13,44057,买盘
11:14:59,33.89,0.0,75,254175,买盘
11:15:02,33.9,0.01,21,71190,买盘
11:15:05,33.89,-0.01,126,427298,卖盘
11:15:08,33.9,0.01,33,111879,卖盘
11:15:11,33.92,0.02,232,786720,买盘
11:15:14,33.92,0.0,16,54273,买盘
11:15:17,33.9,-0.02,93,315389,卖盘
11:15:19,33.91,0.01,5,16955,买盘
11:15:21,33.9,-0.01,23,77970,卖盘
11:15:26,33.91,0.01,26,88166,买盘
11:15:28,33.9,-0.01,55,186504,卖盘
11:15:31,33.91,0.01,16,54256,买盘
11:15:35,33.91,0.0,49,166159,买盘
11:15:38,33.92,0.01,38,128866,买盘
11:15:41,33.92,0.0,9,30528,买盘
11:15:43,33.92,0.0,14,47484,中性盘
11:15:46,33.92,0.0,39,132262,卖盘
11:15:49,33.96,0.04,32,108591,买盘
11:15:52,33.96,0.0,248,842110,买盘
11:15:56,33.95,-0.01,130,441359,卖盘
11:15:58,33.95,0.0,13,44135,买盘
11:16:02,33.94,-0.01,1,3394,中性盘
11:16:05,33.94,0.0,16,54304,买盘
11:16:08,33.95,0.01,50,169727,买盘
11:16:10,33.96,0.01,35,118835,买盘
11:16:14,33.97,0.01,12,40764,买盘
11:16:17,33.97,0.0,28,95116,买盘
11:16:19,33.97,0.0,44,149463,买盘
11:16:22,33.96,-0.01,48,163016,卖盘
11:16:25,33.97,0.01,154,523132,买盘
11:16:29,33.97,0.0,54,183425,买盘
11:16:31,33.98,0.01,41,139282,买盘
11:16:34,33.98,0.0,102,346538,买盘
11:16:38,33.99,0.01,176,598164,买盘
11:16:41,33.99,0.0,7,23791,买盘
11:16:44,33.99,0.0,12,40787,买盘
11:16:47,33.97,-0.02,534,1815335,卖盘
11:16:50,33.98,0.01,33,112121,中性盘
11:16:52,33.97,-0.01,37,125715,卖盘
11:16:56,33.98,0.01,14,47561,买盘
11:16:58,33.97,-0.01,11,37377,卖盘
11:17:02,33.97,0.0,16,54355,卖盘
11:17:04,33.97,0.0,33,112111,卖盘
11:17:08,33.96,-0.01,168,570545,卖盘
11:17:11,33.93,-0.03,135,458281,卖盘
11:17:12,33.94,0.01,12,40728,中性盘
11:17:16,33.92,-0.02,136,461619,卖盘
11:17:19,33.91,-0.01,30,101734,卖盘
11:17:22,33.9,-0.01,169,573024,卖盘
11:17:24,33.94,0.04,60,203556,买盘
11:17:29,33.91,-0.03,10,33910,卖盘
11:17:31,33.91,0.0,22,74585,买盘
11:17:35,33.91,0.0,54,183114,买盘
11:17:37,33.92,0.01,31,105135,中性盘
11:17:42,33.92,0.0,3,10176,卖盘
11:17:49,33.91,-0.01,39,132268,卖盘
11:17:52,33.93,0.02,28,94982,买盘
11:17:58,33.92,-0.01,118,400174,卖盘
11:18:01,33.93,0.01,5,16965,买盘
11:18:05,33.92,-0.01,25,84800,卖盘
11:18:08,33.92,0.0,60,203520,买盘
11:18:09,33.92,0.0,31,105148,买盘
11:18:13,33.92,0.0,5,16960,买盘
11:18:17,33.92,0.0,2,6783,买盘
11:18:20,33.91,-0.01,104,352764,卖盘
11:18:22,33.92,0.01,46,156000,买盘
11:18:26,33.92,0.0,4,13568,买盘
11:18:28,33.92,0.0,16,54271,买盘
11:18:31,33.92,0.0,2,6784,买盘
11:18:35,33.91,-0.01,5,16955,卖盘
11:18:38,33.92,0.01,24,81385,买盘
11:18:41,33.92,0.0,65,220479,买盘
11:18:42,33.91,-0.01,239,810453,卖盘
11:18:47,33.93,0.02,83,281536,买盘
11:18:49,33.92,-0.01,9,30529,卖盘
11:18:52,33.92,0.0,24,81408,卖盘
11:18:56,33.92,0.0,11,37312,卖盘
11:18:59,33.92,0.0,21,71220,买盘
11:19:02,33.91,-0.01,70,237431,卖盘
11:19:05,33.89,-0.02,673,2281467,卖盘
11:19:08,33.89,0.0,64,216939,卖盘
11:19:10,33.9,0.01,69,233891,买盘
11:19:14,33.9,0.0,12,40674,买盘
11:19:16,33.9,0.0,5,16950,买盘
11:19:18,33.89,-0.01,1,3389,卖盘
11:19:21,33.89,0.0,32,108448,卖盘
11:19:26,33.89,0.0,24,81357,卖盘
11:19:28,33.89,0.0,87,294880,卖盘
11:19:31,33.89,0.0,115,389804,买盘
11:19:34,33.89,0.0,68,230470,卖盘
11:19:38,33.89,0.0,2,6778,买盘
11:19:40,33.88,-0.01,179,606462,卖盘
11:19:43,33.88,0.0,1,3388,买盘
11:19:45,33.87,-0.01,19,64358,卖盘
11:19:49,33.87,0.0,1,3387,卖盘
11:19:52,33.86,-0.01,15,50804,卖盘
11:19:55,33.86,0.0,64,216709,卖盘
11:19:58,33.85,-0.01,49,165884,卖盘
11:20:01,33.85,0.0,19,64315,卖盘
11:20:05,33.85,0.0,35,118475,卖盘
11:20:08,33.85,0.0,31,104922,买盘
11:20:10,33.84,-0.01,39,131976,卖盘
11:20:13,33.84,0.0,50,169170,买盘
11:20:17,33.83,-0.01,8,27068,中性盘
11:20:19,33.83,0.0,27,91339,买盘
11:20:21,33.84,0.01,127,429586,买盘
11:20:25,33.82,-0.02,160,541038,卖盘
11:20:29,33.82,0.0,78,263835,卖盘
11:20:31,33.81,-0.01,148,500340,卖盘
11:20:34,33.8,-0.01,27,91266,卖盘
11:20:38,33.81,0.01,342,1155973,买盘
11:20:40,33.82,0.01,54,182577,买盘
11:20:44,33.81,-0.01,31,104811,中性盘
11:20:46,33.81,0.0,176,594943,卖盘
11:20:49,33.8,-0.01,134,452934,卖盘
11:20:52,33.8,0.0,273,922692,买盘
11:20:56,33.8,0.0,6,20276,买盘
11:20:59,33.8,0.0,66,223075,买盘
11:21:02,33.8,0.0,33,111540,买盘
11:21:04,33.8,0.0,4,13520,卖盘
11:21:07,33.81,0.01,170,574648,买盘
11:21:10,33.82,0.01,20,67627,买盘
11:21:13,33.8,-0.02,82,277194,卖盘
11:21:16,33.82,0.02,6,20292,买盘
11:21:19,33.8,-0.02,274,926174,卖盘
11:21:21,33.8,0.0,35,118300,买盘
11:21:25,33.8,0.0,26,87861,买盘
11:21:29,33.8,0.0,75,253470,买盘
11:21:31,33.79,-0.01,63,212883,卖盘
11:21:34,33.8,0.01,131,442618,买盘
11:21:38,33.79,-0.01,58,195928,中性盘
11:21:40,33.78,-0.01,50,168906,卖盘
11:21:43,33.78,0.0,171,577825,卖盘
11:21:46,33.79,0.01,34,114899,中性盘
11:21:49,33.78,-0.01,24,81097,卖盘
11:21:52,33.78,0.0,302,1020156,卖盘
11:21:54,33.79,0.01,20,67575,买盘
11:21:59,33.78,-0.01,48,162155,卖盘
11:22:00,33.79,0.01,38,128401,买盘
11:22:04,33.79,0.0,71,239914,卖盘
11:22:06,33.79,0.0,45,152064,卖盘
11:22:10,33.79,0.0,91,307490,卖盘
11:22:12,33.8,0.01,412,1392560,买盘
11:22:16,33.8,0.0,29,98017,买盘
11:22:19,33.79,-0.01,1,3379,卖盘
11:22:22,33.79,0.0,24,81096,卖盘
11:22:27,33.77,-0.02,550,1857819,卖盘
11:22:30,33.79,0.02,98,331196,买盘
11:22:34,33.79,0.0,49,165525,买盘
11:22:37,33.78,-0.01,34,114843,卖盘
11:22:40,33.78,0.0,7,23645,买盘
11:22:43,33.78,0.0,13,43907,买盘
11:22:46,33.78,0.0,379,1279649,买盘
11:22:49,33.77,-0.01,39,131708,卖盘
11:22:51,33.77,0.0,1,3377,买盘
11:22:55,33.77,0.0,22,74274,买盘
11:22:58,33.76,-0.01,13,43900,卖盘
11:23:01,33.79,0.03,115,388425,买盘
11:23:04,33.79,0.0,184,621736,卖盘
11:23:07,33.78,-0.01,15,50683,卖盘
11:23:10,33.78,0.0,11,37168,卖盘
11:23:13,33.79,0.01,350,1182645,买盘
11:23:16,33.79,0.0,129,435891,卖盘
11:23:18,33.79,0.0,2,6759,卖盘
11:23:22,33.79,0.0,31,104749,卖盘
11:23:25,33.79,0.0,45,152060,卖盘
11:23:27,33.79,0.0,4,13515,买盘
11:23:31,33.78,-0.01,20,67579,卖盘
11:23:34,33.79,0.01,2,6758,买盘
11:23:37,33.78,-0.01,29,97967,卖盘
11:23:39,33.78,0.0,4,13514,卖盘
11:23:42,33.79,0.01,12,40548,买盘
11:23:46,33.79,0.0,33,111507,买盘
11:23:49,33.79,0.0,6,20273,买盘
11:23:51,33.78,-0.01,53,179034,卖盘
11:23:55,33.79,0.01,103,348037,买盘
11:23:58,33.78,-0.01,55,185800,卖盘
11:24:01,33.78,0.0,36,121608,买盘
11:24:04,33.78,0.0,5,16890,卖盘
11:24:07,33.78,0.0,29,97962,卖盘
11:24:10,33.79,0.01,8,27028,买盘
11:24:12,33.79,0.0,81,273692,买盘
11:24:16,33.8,0.01,225,760300,买盘
11:24:19,33.78,-0.02,75,253379,卖盘
11:24:22,33.78,0.0,21,70938,卖盘
11:24:25,33.78,0.0,37,124994,卖盘
11:24:28,33.79,0.01,13,43925,买盘
11:24:31,33.79,0.0,8,27029,买盘
11:24:34,33.78,-0.01,17,57437,卖盘
11:24:37,33.78,0.0,24,81072,卖盘
11:24:40,33.78,0.0,4,13514,卖盘
11:24:43,33.79,0.01,13,43927,卖盘
11:24:46,33.79,0.0,2,6758,卖盘
11:24:49,33.79,0.0,1,3379,卖盘
11:24:52,33.79,0.0,24,81096,卖盘
11:24:58,33.79,0.0,1,3379,卖盘
11:25:01,33.8,0.01,215,726693,买盘
11:25:03,33.8,0.0,11,37180,买盘
11:25:07,33.8,0.0,42,141938,买盘
11:25:10,33.8,0.0,145,489961,买盘
11:25:13,33.79,-0.01,283,956497,卖盘
11:25:15,33.79,0.0,17,57452,卖盘
11:25:19,33.79,0.0,14,47319,卖盘
11:25:22,33.79,0.0,17,57443,卖盘
11:25:25,33.79,0.0,1,3379,买盘
11:25:28,33.78,-0.01,16,54048,卖盘
11:25:31,33.78,0.0,68,229708,卖盘
11:25:34,33.79,0.01,58,195985,买盘
11:25:37,33.77,-0.02,129,435722,卖盘
11:25:40,33.77,0.0,143,482927,卖盘
11:25:43,33.76,-0.01,57,192476,卖盘
11:25:46,33.76,0.0,233,786608,卖盘
11:25:49,33.76,0.0,71,239673,买盘
11:25:52,33.75,-0.01,124,418503,卖盘
11:25:55,33.75,0.0,88,297006,卖盘
11:25:58,33.75,0.0,1,3375,卖盘
11:26:01,33.76,0.01,28,94528,买盘
11:26:03,33.76,0.0,40,135040,卖盘
11:26:07,33.79,0.03,139,469535,买盘
11:26:10,33.76,-0.03,69,232944,卖盘
11:26:13,33.79,0.03,37,125023,买盘
11:26:16,33.79,0.0,94,317626,卖盘
11:26:19,33.79,0.0,4,13516,卖盘
11:26:22,33.79,0.0,305,1030596,卖盘
11:26:25,33.79,0.0,10,33789,买盘
11:26:28,33.79,0.0,5,16895,买盘
11:26:30,33.77,-0.02,1,3377,卖盘
11:26:34,33.77,0.0,7,23640,卖盘
11:26:37,33.77,0.0,1,3377,卖盘
11:26:40,33.78,0.01,3,10133,买盘
11:26:46,33.77,-0.01,89,300558,卖盘
11:26:49,33.77,0.0,4,13508,买盘
11:26:52,33.78,0.01,16,54037,买盘
11:26:55,33.77,-0.01,16,54035,中性盘
11:26:58,33.77,0.0,2,6754,卖盘
11:27:01,33.78,0.01,6,20267,买盘
11:27:06,33.78,0.0,10,33787,卖盘
11:27:10,33.79,0.01,12,40538,买盘
11:27:13,33.79,0.0,426,1439240,买盘
11:27:14,33.79,0.0,26,87852,买盘
11:27:19,33.78,-0.01,2,6757,卖盘
11:27:21,33.79,0.01,11,37159,买盘
11:27:25,33.79,0.0,17,57443,买盘
11:27:27,33.78,-0.01,15,50674,卖盘
11:27:32,33.78,0.0,31,104718,卖盘
11:27:34,33.79,0.01,32,108098,买盘
11:27:37,33.77,-0.02,14,47283,卖盘
11:27:39,33.79,0.02,65,219522,买盘
11:27:45,33.78,-0.01,5,16890,买盘
11:27:49,33.78,0.0,10,33779,买盘
11:27:52,33.77,-0.01,5,16887,卖盘
11:27:55,33.78,0.01,8,27024,买盘
11:28:01,33.79,0.01,215,726473,买盘
11:28:04,33.79,0.0,17,57443,买盘
11:28:07,33.78,-0.01,9,30402,卖盘
11:28:09,33.79,0.01,23,77715,买盘
11:28:13,33.78,-0.01,10,33789,卖盘
11:28:16,33.79,0.01,74,250047,买盘
11:28:18,33.79,0.0,2,6758,卖盘
11:28:22,33.78,-0.01,310,1047537,卖盘
11:28:25,33.78,0.0,24,81072,买盘
11:28:28,33.78,0.0,4,13512,买盘
11:28:31,33.78,0.0,20,67559,买盘
11:28:34,33.77,-0.01,11,37147,卖盘
11:28:37,33.78,0.01,5,16890,买盘
11:28:40,33.79,0.01,90,303958,买盘
11:28:43,33.79,0.0,4,13519,买盘
11:28:46,33.79,0.0,20,67568,买盘
11:28:49,33.78,-0.01,1,3378,卖盘
11:28:52,33.78,0.0,48,162145,卖盘
11:28:54,33.78,0.0,2,6756,买盘
11:28:58,33.78,0.0,1,3378,买盘
11:29:01,33.78,0.0,128,432383,买盘
11:29:04,33.79,0.01,4,13517,买盘
11:29:07,33.8,0.01,104,351520,买盘
11:29:10,33.79,-0.01,6,20274,卖盘
11:29:12,33.8,0.01,15,50695,买盘
11:29:16,33.79,-0.01,217,733459,卖盘
11:29:19,33.79,0.0,51,172353,卖盘
11:29:28,33.79,0.0,6,20274,卖盘
11:29:31,33.79,0.0,29,97991,卖盘
11:29:34,33.79,0.0,38,128402,卖盘
11:29:37,33.8,0.01,69,233198,买盘
11:29:40,33.8,0.0,114,385221,买盘
11:29:43,33.79,-0.01,59,199361,卖盘
11:29:46,33.79,0.0,2,6758,买盘
11:29:48,33.78,-0.01,9,30410,卖盘
11:29:52,33.8,0.02,1,3380,买盘
11:29:57,33.79,-0.01,10,33790,卖盘
13:00:02,33.79,0.0,238,804277,买盘
13:00:05,33.79,0.0,410,1385713,卖盘
13:00:08,33.8,0.01,797,2693860,买盘
13:00:10,33.81,0.01,107,361767,买盘
13:00:13,33.82,0.01,164,554535,买盘
13:00:17,33.82,0.0,30,101416,买盘
13:00:20,33.82,0.0,67,226584,买盘
13:00:23,33.82,0.0,141,476855,买盘
13:00:25,33.82,0.0,9,30432,买盘
13:00:28,33.8,-0.02,152,513781,卖盘
13:00:35,33.82,0.02,152,514080,买盘
13:00:37,33.8,-0.02,154,520818,卖盘
13:00:41,33.82,0.02,50,169042,买盘
13:00:44,33.8,-0.02,119,402220,卖盘
13:00:46,33.8,0.0,23,77748,卖盘
13:00:50,33.82,0.02,88,297458,买盘
13:00:53,33.8,-0.02,78,263653,卖盘
13:00:56,33.8,0.0,75,253500,买盘
13:00:59,33.81,0.01,48,162237,买盘
13:01:02,33.81,0.0,18,60858,卖盘
13:01:05,33.81,0.0,2,6762,买盘
13:01:08,33.81,0.0,6,20286,买盘
13:01:11,33.81,0.0,3,10143,买盘
13:01:14,33.79,-0.02,158,533924,卖盘
13:01:17,33.81,0.02,130,439344,买盘
13:01:19,33.81,0.0,53,179141,买盘
13:01:23,33.8,-0.01,95,321100,卖盘
13:01:25,33.8,0.0,61,206176,买盘
13:01:29,33.79,-0.01,35,118292,卖盘
13:01:32,33.79,0.0,63,212899,卖盘
13:01:35,33.79,0.0,15,50685,卖盘
13:01:38,33.79,0.0,20,67580,卖盘
13:01:41,33.79,0.0,65,219638,卖盘
13:01:44,33.79,0.0,11,37178,卖盘
13:01:47,33.8,0.01,234,790681,买盘
13:01:50,33.79,-0.01,4,13516,中性盘
13:01:53,33.79,0.0,44,148660,买盘
13:01:58,33.78,-0.01,33,111475,卖盘
13:02:01,33.79,0.01,52,175691,买盘
13:02:05,33.79,0.0,179,604841,卖盘
13:02:08,33.79,0.0,43,145268,买盘
13:02:11,33.79,0.0,2,6758,买盘
13:02:13,33.79,0.0,28,94612,买盘
13:02:17,33.79,0.0,15,50685,卖盘
13:02:23,33.8,0.01,5,16898,买盘
13:02:26,33.79,-0.01,50,168950,卖盘
13:02:29,33.79,0.0,8,27032,卖盘
13:02:32,33.79,0.0,8,27032,卖盘
13:02:35,33.79,0.0,47,158813,卖盘
13:02:38,33.79,0.0,9,30418,卖盘
13:02:44,33.8,0.01,4,13520,买盘
13:02:47,33.79,-0.01,115,388685,卖盘
13:02:50,33.79,0.0,24,81100,卖盘
13:02:52,33.8,0.01,8,27039,买盘
13:02:59,33.79,-0.01,244,824701,卖盘
13:03:02,33.79,0.0,220,743592,卖盘
13:03:05,33.79,0.0,91,307546,卖盘
13:03:08,33.79,0.0,66,223036,卖盘
13:03:11,33.79,0.0,6,20279,卖盘
13:03:14,33.8,0.01,268,905832,买盘
13:03:16,33.8,0.0,63,212940,买盘
13:03:20,33.8,0.0,64,216316,买盘
13:03:23,33.8,0.0,56,189228,买盘
13:03:26,33.8,0.0,244,824720,买盘
13:03:29,33.8,0.0,11,37180,买盘
13:03:32,33.8,0.0,12,40560,卖盘
13:03:35,33.79,-0.01,93,314303,卖盘
13:03:38,33.79,0.0,68,229790,卖盘
13:03:41,33.79,0.0,90,304121,卖盘
13:03:44,33.79,0.0,12,40548,买盘
13:03:47,33.79,0.0,34,114885,买盘
13:03:50,33.81,0.02,5,16905,买盘
13:03:53,33.78,-0.03,200,675686,卖盘
13:03:56,33.8,0.02,29,98044,买盘
13:03:59,33.79,-0.01,14,47314,卖盘
13:04:01,33.8,0.01,41,138625,买盘
13:04:05,33.81,0.01,247,834810,中性盘
13:04:08,33.81,0.0,2,6762,买盘
13:04:11,33.81,0.0,2037,6900609,买盘
13:04:14,33.82,0.01,11,37193,买盘
13:04:16,33.81,-0.01,70,237038,卖盘
13:04:19,33.86,0.05,65,220082,中性盘
13:04:23,33.86,0.0,3,10152,买盘
13:04:29,33.82,-0.04,8,27056,卖盘
13:04:35,33.83,0.01,29,98079,买盘
13:04:38,33.83,0.0,8,27057,买盘
13:04:40,33.83,0.0,33,111613,买盘
13:04:44,33.83,0.0,23,77790,买盘
13:04:46,33.82,-0.01,29,98088,卖盘
13:04:50,33.82,0.0,27,91297,买盘
13:04:53,33.81,-0.01,13,43953,卖盘
13:04:56,33.81,0.0,22,74393,卖盘
13:04:59,33.83,0.02,122,412544,买盘
13:05:02,33.81,-0.02,17,57466,买盘
13:05:05,33.8,-0.01,23,77744,卖盘
13:05:08,33.82,0.02,21,70988,买盘
13:05:11,33.81,-0.01,7,23669,中性盘
13:05:14,33.83,0.02,17,57479,买盘
13:05:16,33.82,-0.01,4,13529,卖盘
13:05:20,33.82,0.0,2,6764,卖盘
13:05:22,33.82,0.0,9,30439,卖盘
13:05:26,33.82,0.0,8,27056,买盘
13:05:28,33.81,-0.01,34,114954,卖盘
13:05:31,33.83,0.02,5,16915,买盘
13:05:35,33.82,-0.01,10,33820,中性盘
13:05:38,33.82,0.0,4,13527,买盘
13:05:41,33.82,0.0,7,23672,买盘
13:05:44,33.82,0.0,2,6764,买盘
13:05:46,33.82,0.0,23,77786,买盘
13:05:50,33.83,0.01,1,3383,买盘
13:05:59,33.82,-0.01,8,27056,卖盘
13:06:05,33.82,0.0,195,659490,卖盘
13:06:08,33.82,0.0,21,71010,买盘
13:06:10,33.82,0.0,188,635647,买盘
13:06:14,33.81,-0.01,32,108192,卖盘
13:06:17,33.81,0.0,2,6762,卖盘
13:06:20,33.82,0.01,6,20292,买盘
13:06:23,33.81,-0.01,43,145383,卖盘
13:06:26,33.81,0.0,87,294147,买盘
13:06:29,33.8,-0.01,59,199422,卖盘
13:06:31,33.8,0.0,15,50700,买盘
13:06:35,33.81,0.01,64,216321,买盘
13:06:38,33.8,-0.01,145,490100,卖盘
13:06:41,33.79,-0.01,76,256805,卖盘
13:06:44,33.78,-0.01,23,77714,卖盘
13:06:50,33.79,0.01,1,3379,买盘
13:06:53,33.79,0.0,103,347939,买盘
13:06:55,33.79,0.0,277,935720,买盘
13:06:59,33.78,-0.01,51,172321,卖盘
13:07:01,33.79,0.01,59,199350,买盘
13:07:04,33.8,0.01,12,40552,买盘
13:07:08,33.79,-0.01,12,40548,卖盘
13:07:11,33.8,0.01,152,513760,买盘
13:07:14,33.82,0.02,114,385463,买盘
13:07:22,33.81,-0.01,1,3381,卖盘
13:07:25,33.82,0.01,33,111603,买盘
13:07:32,33.81,-0.01,8,27048,卖盘
13:07:34,33.81,0.0,6,20286,卖盘
13:07:38,33.81,0.0,6,20291,卖盘
13:07:44,33.81,0.0,9,30429,卖盘
13:07:47,33.82,0.01,153,517435,买盘
13:07:50,33.82,0.0,63,213009,买盘
13:07:53,33.81,-0.01,4,13524,卖盘
13:07:56,33.8,-0.01,99,334620,卖盘
13:07:59,33.8,0.0,7,23660,买盘
13:08:02,33.8,0.0,208,703032,买盘
13:08:05,33.8,0.0,113,381928,买盘
13:08:08,33.8,0.0,2,6760,买盘
13:08:11,33.8,0.0,21,70980,买盘
13:08:13,33.8,0.0,212,716560,买盘
13:08:16,33.79,-0.01,7,23653,卖盘
13:08:20,33.8,0.01,12,40560,买盘
13:08:23,33.79,-0.01,48,162192,卖盘
13:08:28,33.79,0.0,16,54072,卖盘
13:08:32,33.78,-0.01,42,141917,卖盘
13:08:35,33.78,0.0,17,57435,卖盘
13:08:38,33.79,0.01,4,13516,买盘
13:08:41,33.79,0.0,1,3379,买盘
13:08:49,33.79,0.0,38,128385,买盘
13:08:56,33.79,0.0,2,6758,买盘
13:08:59,33.79,0.0,6,20274,买盘
13:09:02,33.8,0.01,92,310870,买盘
13:09:04,33.79,-0.01,12,40548,卖盘
13:09:08,33.79,0.0,13,43930,卖盘
13:09:11,33.8,0.01,1,3380,买盘
13:09:17,33.8,0.0,131,442780,买盘
13:09:20,33.79,-0.01,51,172340,卖盘
13:09:22,33.8,0.01,80,270399,买盘
13:09:26,33.79,-0.01,310,1047511,卖盘
13:09:29,33.8,0.01,134,452841,买盘
13:09:32,33.78,-0.02,8,27024,卖盘
13:09:34,33.78,0.0,6,20268,卖盘
13:09:38,33.8,0.02,4,13518,买盘
13:09:41,33.8,0.0,7,23656,买盘
13:09:47,33.79,-0.01,45,152065,卖盘
13:09:59,33.79,0.0,14,47304,买盘
13:10:02,33.79,0.0,28,94604,买盘
13:10:05,33.79,0.0,16,54065,卖盘
13:10:08,33.79,0.0,26,87855,卖盘
13:10:11,33.79,0.0,2,6758,卖盘
13:10:14,33.8,0.01,20,67600,买盘
13:10:17,33.79,-0.01,219,740218,卖盘
13:10:20,33.79,0.0,16,54079,卖盘
13:10:26,33.82,0.03,81,273772,买盘
13:10:29,33.82,0.0,2,6764,卖盘
13:10:31,33.82,0.0,7,23674,卖盘
13:10:34,33.82,0.0,29,98078,卖盘
13:10:38,33.82,0.0,60,202920,卖盘
13:10:44,33.8,-0.02,41,138581,卖盘
13:10:47,33.8,0.0,13,43940,买盘
13:10:50,33.8,0.0,32,108130,买盘
13:10:53,33.79,-0.01,21,70959,卖盘
13:10:56,33.8,0.01,50,169000,买盘
13:10:59,33.8,0.0,4,13519,买盘
13:11:02,33.79,-0.01,245,828061,卖盘
13:11:04,33.8,0.01,462,1561557,买盘
13:11:07,33.8,0.0,27,91260,买盘
13:11:11,33.8,0.0,12,40560,买盘
13:11:14,33.79,-0.01,28,94620,卖盘
13:11:17,33.8,0.01,340,1149196,买盘
13:11:20,33.8,0.0,42,141961,买盘
13:11:26,33.8,0.0,12,40554,买盘
13:11:31,33.8,0.0,2,6760,买盘
13:11:41,33.8,0.0,7,23660,买盘
13:11:44,33.8,0.0,14,47319,买盘
13:11:46,33.83,0.03,102,344979,买盘
13:11:50,33.86,0.03,15,50748,买盘
13:11:53,33.86,0.0,6,20316,买盘
13:11:56,33.85,-0.01,1,3385,卖盘
13:12:02,33.85,0.0,2,6770,卖盘
13:12:05,33.85,0.0,8,27080,卖盘
13:12:08,33.86,0.01,112,379124,买盘
13:12:11,33.85,-0.01,83,280967,卖盘
13:12:14,33.84,-0.01,16,54144,卖盘
13:12:20,33.83,-0.01,4,13532,卖盘
13:12:23,33.85,0.02,5,16921,买盘
13:12:29,33.85,0.0,6,20306,买盘
13:12:31,33.85,0.0,8,27065,买盘
13:12:38,33.83,-0.02,9,30448,卖盘
13:12:41,33.83,0.0,27,91341,卖盘
13:12:44,33.84,0.01,8,27070,买盘
13:12:50,33.82,-0.02,1,3382,卖盘
13:12:56,33.82,0.0,3,10146,卖盘
13:12:59,33.82,0.0,2,6764,卖盘
13:13:02,33.83,0.01,8,27058,买盘
13:13:05,33.82,-0.01,5,16910,卖盘
13:13:08,33.82,0.0,6,20296,卖盘
13:13:11,33.82,0.0,68,229976,卖盘
13:13:14,33.82,0.0,46,155579,卖盘
13:13:16,33.82,0.0,6,20292,买盘
13:13:20,33.82,0.0,5,16910,买盘
13:13:23,33.8,-0.02,5,16904,卖盘
13:13:29,33.81,0.01,1,3381,买盘
13:13:38,33.8,-0.01,50,169000,卖盘
13:13:41,33.8,0.0,69,233220,买盘
13:13:44,33.81,0.01,212,716801,买盘
13:13:46,33.8,-0.01,95,321146,卖盘
13:13:53,33.81,0.01,10,33810,卖盘
13:13:59,33.8,-0.01,125,422706,卖盘
13:14:02,33.81,0.01,16,54090,中性盘
13:14:05,33.82,0.01,5,16910,买盘
13:14:08,33.81,-0.01,9,30429,买盘
13:14:14,33.8,-0.01,1,3380,卖盘
13:14:17,33.8,0.0,7,23666,卖盘
13:14:20,33.8,0.0,137,463060,卖盘
13:14:23,33.8,0.0,76,256886,卖盘
13:14:26,33.8,0.0,31,104780,买盘
13:14:29,33.8,0.0,115,388700,卖盘
13:14:31,33.8,0.0,5,16900,卖盘
13:14:35,33.8,0.0,27,91260,卖盘
13:14:38,33.81,0.01,2,6762,买盘
13:14:41,33.81,0.0,2,6762,买盘
13:14:53,33.8,-0.01,122,412360,卖盘
13:14:56,33.8,0.0,7,23660,买盘
13:14:59,33.79,-0.01,10,33797,卖盘
13:15:01,33.8,0.01,42,141960,买盘
13:15:05,33.8,0.0,6,20285,卖盘
13:15:08,33.8,0.0,39,131838,卖盘
13:15:11,33.8,0.0,4,13520,卖盘
13:15:14,33.8,0.0,1,3380,卖盘
13:15:17,33.81,0.01,5,16905,买盘
13:15:19,33.81,0.0,54,182574,买盘
13:15:23,33.81,0.0,12,40573,买盘
13:15:26,33.82,0.01,9,30438,买盘
13:15:29,33.82,0.0,2,6765,卖盘
13:15:31,33.82,0.0,6,20292,卖盘
13:15:35,33.82,0.0,1,3382,卖盘
13:15:38,33.83,0.01,1,3383,买盘
13:15:41,33.83,0.0,1,3383,买盘
13:15:44,33.82,-0.01,5,16910,卖盘
13:15:50,33.83,0.01,3,10149,买盘
13:15:53,33.83,0.0,37,125170,买盘
13:15:56,33.83,0.0,2,6766,买盘
13:15:59,33.83,0.0,5,16915,买盘
13:16:02,33.83,0.0,4,13531,买盘
13:16:04,33.83,0.0,83,280789,买盘
13:16:08,33.84,0.01,130,439920,中性盘
13:16:11,33.86,0.02,16,54172,买盘
13:16:14,33.87,0.01,70,237078,买盘
13:16:20,33.86,-0.01,2,6772,卖盘
13:16:23,33.87,0.01,81,274339,买盘
13:16:26,33.87,0.0,16,54191,卖盘
13:16:29,33.87,0.0,2,6774,卖盘
13:16:32,33.88,0.01,13,44044,买盘
13:16:35,33.88,0.0,27,91470,买盘
13:16:38,33.88,0.0,17,57596,买盘
13:16:40,33.88,0.0,26,88070,买盘
13:16:43,33.88,0.0,16,54276,买盘
13:16:47,33.87,-0.01,184,623173,卖盘
13:16:50,33.88,0.01,55,186340,买盘
13:16:53,33.87,-0.01,7,23709,卖盘
13:16:55,33.88,0.01,7,23711,买盘
13:16:59,33.88,0.0,23,77910,买盘
13:17:02,33.86,-0.02,22,74475,卖盘
13:17:04,33.86,0.0,8,27086,买盘
13:17:08,33.86,0.0,6,20316,买盘
13:17:11,33.85,-0.01,5,16925,中性盘
13:17:17,33.86,0.01,54,182799,买盘
13:17:20,33.86,0.0,21,71106,卖盘
13:17:23,33.86,0.0,10,33860,卖盘
13:17:27,33.86,0.0,22,74493,卖盘
13:17:32,33.85,-0.01,20,67714,卖盘
13:17:35,33.85,0.0,22,74470,卖盘
13:17:37,33.84,-0.01,3,10152,卖盘
13:17:42,33.85,0.01,44,148925,买盘
13:17:44,33.85,0.0,20,67703,卖盘
13:17:47,33.85,0.0,106,358810,卖盘
13:17:50,33.85,0.0,145,490828,卖盘
13:17:53,33.85,0.0,22,74470,卖盘
13:17:57,33.85,0.0,49,165855,买盘
13:17:59,33.86,0.01,126,426560,买盘
13:18:02,33.83,-0.03,9,30447,卖盘
13:18:04,33.84,0.01,5,16917,中性盘
13:18:08,33.84,0.0,9,30451,买盘
13:18:11,33.84,0.0,16,54133,买盘
13:18:13,33.83,-0.01,3,10149,卖盘
13:18:16,33.83,0.0,2,6766,卖盘
13:18:20,33.82,-0.01,2,6764,卖盘
13:18:23,33.82,0.0,195,659592,卖盘
13:18:27,33.83,0.01,25,84556,买盘
13:18:28,33.82,-0.01,29,98078,卖盘
13:18:32,33.81,-0.01,10,33813,卖盘
13:18:40,33.82,0.01,25,84548,买盘
13:18:44,33.82,0.0,27,91314,卖盘
13:18:46,33.83,0.01,16,54114,买盘
13:18:50,33.82,-0.01,4,13531,卖盘
13:18:57,33.82,0.0,25,84569,卖盘
13:19:01,33.83,0.01,5,16911,买盘
13:19:04,33.83,0.0,1,3383,买盘
13:19:08,33.82,-0.01,16,54112,卖盘
13:19:11,33.82,0.0,6,20297,卖盘
13:19:13,33.83,0.01,5,16913,买盘
13:19:18,33.82,-0.01,4,13528,卖盘
13:19:20,33.82,0.0,5,16914,卖盘
13:19:23,33.82,0.0,35,118404,卖盘
13:19:25,33.82,0.0,6,20293,卖盘
13:19:28,33.82,0.0,14,47354,卖盘
13:19:34,33.82,0.0,3,10146,卖盘
13:19:38,33.83,0.01,15,50745,买盘
13:19:42,33.82,-0.01,6,20297,卖盘
13:19:47,33.82,0.0,7,23677,卖盘
13:19:50,33.82,0.0,10,33821,卖盘
13:19:53,33.82,0.0,86,290937,卖盘
13:19:57,33.82,0.0,8,27060,卖盘
13:19:59,33.83,0.01,11,37211,买盘
13:20:02,33.82,-0.01,28,94712,卖盘
13:20:05,33.82,0.0,26,87952,卖盘
13:20:08,33.82,0.0,10,33822,卖盘
13:20:12,33.82,0.0,10,33825,卖盘
13:20:14,33.82,0.0,4,13529,卖盘
13:20:17,33.83,0.01,36,121782,买盘
13:20:20,33.82,-0.01,1,3382,卖盘
13:20:23,33.82,0.0,68,229983,卖盘
13:20:27,33.83,0.01,1,3383,买盘
13:20:32,33.82,-0.01,24,81186,卖盘
13:20:38,33.82,0.0,161,544775,卖盘
13:20:42,33.84,0.02,24,81236,中性盘
13:20:50,33.84,0.0,30,101520,卖盘
13:20:56,33.84,0.0,38,128592,卖盘
13:20:59,33.83,-0.01,2,6766,卖盘
13:21:02,33.83,0.0,3,10149,卖盘
13:21:05,33.83,0.0,25,84588,卖盘
13:21:08,33.83,0.0,98,331592,卖盘
13:21:10,33.83,0.0,28,94742,卖盘
13:21:14,33.82,-0.01,54,182661,卖盘
13:21:16,33.82,0.0,4,13528,买盘
13:21:20,33.85,0.03,59,199628,买盘
13:21:23,33.85,0.0,23,77854,卖盘
13:21:27,33.83,-0.02,3,10151,卖盘
13:21:29,33.83,0.0,1,3383,卖盘
13:21:32,33.83,0.0,12,40596,卖盘
13:21:35,33.82,-0.01,10,33820,卖盘
13:21:38,33.83,0.01,5,16911,买盘
13:21:42,33.82,-0.01,13,43966,卖盘
13:21:43,33.83,0.01,33,111609,买盘
13:21:47,33.83,0.0,1,3383,卖盘
13:21:50,33.85,0.02,17,57534,买盘
13:21:53,33.84,-0.01,2,6768,中性盘
13:21:55,33.82,-0.02,28,94721,卖盘
13:21:59,33.83,0.01,6,20298,买盘
13:22:02,33.82,-0.01,59,199538,卖盘
13:22:05,33.83,0.01,6,20298,买盘
13:22:08,33.83,0.0,39,131937,买盘
13:22:17,33.82,-0.01,4,13531,卖盘
13:22:20,33.82,0.0,6,20294,卖盘
13:22:23,33.82,0.0,31,104842,卖盘
13:22:27,33.83,0.01,4,13532,买盘
13:22:29,33.82,-0.01,2,6764,卖盘
13:22:32,33.82,0.0,1,3382,卖盘
13:22:35,33.82,0.0,8,27058,卖盘
13:22:38,33.82,0.0,12,40584,卖盘
13:22:40,33.82,0.0,5,16910,卖盘
13:22:47,33.82,0.0,2,6764,卖盘
13:22:50,33.82,0.0,2,6764,卖盘
13:22:52,33.82,0.0,103,348447,卖盘
13:22:57,33.83,0.01,32,108252,买盘
13:22:59,33.83,0.0,43,145458,买盘
13:23:02,33.83,0.0,16,54128,卖盘
13:23:08,33.84,0.01,13,43991,买盘
13:23:12,33.84,0.0,1,3384,卖盘
13:23:14,33.85,0.01,1,3385,买盘
13:23:17,33.84,-0.01,20,67680,卖盘
13:23:20,33.84,0.0,8,27074,卖盘
13:23:23,33.82,-0.02,163,551471,卖盘
13:23:25,33.81,-0.01,59,199535,卖盘
13:23:30,33.82,0.01,15,50729,买盘
13:23:32,33.82,0.0,3,10146,买盘
13:23:35,33.82,0.0,55,186010,买盘
13:23:38,33.82,0.0,10,33820,买盘
13:23:42,33.82,0.0,21,71022,买盘
13:23:44,33.81,-0.01,114,385467,卖盘
13:23:48,33.82,0.01,7,23672,买盘
13:23:50,33.82,0.0,11,37202,买盘
13:23:53,33.81,-0.01,3,10143,卖盘
13:23:57,33.82,0.01,5,16910,买盘
13:24:02,33.81,-0.01,13,43953,卖盘
13:24:05,33.81,0.0,11,37191,卖盘
13:24:07,33.81,0.0,4,13524,卖盘
13:24:12,33.81,0.0,1,3381,卖盘
13:24:14,33.81,0.0,1,3381,卖盘
13:24:17,33.82,0.01,3,10146,买盘
13:24:20,33.81,-0.01,48,162292,卖盘
13:24:23,33.81,0.0,22,74387,卖盘
13:24:27,33.82,0.01,1,3382,买盘
13:24:28,33.82,0.0,66,223201,买盘
13:24:35,33.82,0.0,46,155547,买盘
13:24:38,33.82,0.0,1,3382,买盘
13:24:42,33.81,-0.01,36,121727,卖盘
13:24:44,33.81,0.0,71,240109,卖盘
13:24:47,33.82,0.01,14,47345,买盘
13:24:51,33.82,0.0,7,23673,买盘
13:24:54,33.82,0.0,31,104842,买盘
13:24:57,33.82,0.0,22,74404,买盘
13:25:02,33.82,0.0,70,236740,买盘
13:25:06,33.83,0.01,115,389166,中性盘
13:25:08,33.83,0.0,1,3383,卖盘
13:25:10,33.83,0.0,13,43988,卖盘
13:25:14,33.83,0.0,3,10149,卖盘
13:25:17,33.84,0.01,52,176001,买盘
13:25:20,33.84,0.0,22,74468,卖盘
13:25:23,33.84,0.0,38,128618,卖盘
13:25:26,33.85,0.01,17,57538,买盘
13:25:29,33.85,0.0,29,98165,买盘
13:25:32,33.86,0.01,100,338579,买盘
13:25:38,33.86,0.0,130,440180,买盘
13:25:45,33.86,0.0,14,47404,卖盘
13:25:50,33.86,0.0,5,16930,卖盘
13:25:54,33.86,0.0,3,10158,卖盘
13:25:57,33.86,0.0,2,6772,卖盘
13:25:58,33.86,0.0,67,226868,卖盘
13:26:02,33.86,0.0,14,47404,卖盘
13:26:06,33.87,0.01,20,67722,买盘
13:26:08,33.86,-0.01,22,74498,卖盘
13:26:12,33.87,0.01,48,162572,买盘
13:26:15,33.87,0.0,51,172735,卖盘
13:26:20,33.86,-0.01,165,558690,卖盘
13:26:23,33.86,0.0,78,264034,买盘
13:26:27,33.84,-0.02,52,175968,卖盘
13:26:29,33.83,-0.01,112,378896,卖盘
13:26:32,33.82,-0.01,59,199538,卖盘
13:26:36,33.81,-0.01,150,507150,卖盘
13:26:38,33.81,0.0,68,229896,卖盘
13:26:42,33.81,0.0,54,182574,卖盘
13:26:45,33.81,0.0,4,13524,卖盘
13:26:48,33.82,0.01,54,182579,买盘
13:26:50,33.81,-0.01,30,101454,卖盘
13:26:53,33.81,0.0,199,672635,买盘
13:26:57,33.81,0.0,30,101430,买盘
13:26:58,33.82,0.01,33,111584,买盘
13:27:02,33.82,0.0,17,57494,卖盘
13:27:05,33.82,0.0,4,13526,买盘
13:27:08,33.82,0.0,15,50730,卖盘
13:27:12,33.82,0.0,19,64258,卖盘
13:27:18,33.85,0.03,96,324840,买盘
13:27:20,33.85,0.0,32,108216,卖盘
13:27:23,33.85,0.0,2,6767,买盘
13:27:27,33.82,-0.03,5,16910,卖盘
13:27:29,33.82,0.0,10,33823,卖盘
13:27:32,33.83,0.01,1,3383,中性盘
13:27:35,33.84,0.01,5,16917,买盘
13:27:38,33.82,-0.02,43,145426,卖盘
13:27:42,33.82,0.0,5,16910,卖盘
13:27:45,33.82,0.0,6,20294,卖盘
13:27:48,33.83,0.01,19,64277,买盘
13:27:51,33.83,0.0,87,294324,卖盘
13:27:53,33.83,0.0,51,172533,卖盘
13:27:57,33.82,-0.01,15,50736,卖盘
13:27:58,33.83,0.01,2,6766,买盘
13:28:06,33.83,0.0,1,3383,买盘
13:28:08,33.82,-0.01,1,3382,卖盘
13:28:11,33.82,0.0,9,30440,卖盘
13:28:15,33.82,0.0,8,27056,卖盘
13:28:17,33.83,0.01,138,466751,买盘
13:28:20,33.83,0.0,5,16915,卖盘
13:28:26,33.83,0.0,3,10149,卖盘
13:28:29,33.83,0.0,8,27064,卖盘
13:28:32,33.83,0.0,16,54128,卖盘
13:28:35,33.84,0.01,15,50755,买盘
13:28:38,33.83,-0.01,3,10149,卖盘
13:28:41,33.84,0.01,1,3384,买盘
13:28:45,33.83,-0.01,1,3383,卖盘
13:28:47,33.84,0.01,30,101520,买盘
13:28:54,33.84,0.0,2,6768,买盘
13:28:57,33.83,-0.01,5,16915,卖盘
13:29:02,33.83,0.0,1,3383,卖盘
13:29:06,33.84,0.01,29,98134,买盘
13:29:08,33.83,-0.01,7,23681,卖盘
13:29:12,33.83,0.0,26,87960,卖盘
13:29:14,33.84,0.01,14,47369,买盘
13:29:18,33.84,0.0,58,196265,买盘
13:29:21,33.84,0.0,14,47373,买盘
13:29:24,33.84,0.0,2,6768,买盘
13:29:29,33.84,0.0,2,6768,买盘
13:29:33,33.84,0.0,106,358704,买盘
13:29:36,33.84,0.0,72,243704,买盘
13:29:38,33.85,0.01,2,6770,中性盘
13:29:45,33.85,0.0,5,16925,卖盘
13:29:53,33.86,0.01,33,111713,买盘
13:29:57,33.86,0.0,28,94808,买盘
13:30:00,33.85,-0.01,7,23695,卖盘
13:30:02,33.85,0.0,9,30465,卖盘
13:30:05,33.86,0.01,43,145584,买盘
13:30:08,33.85,-0.01,61,206485,卖盘
13:30:12,33.85,0.0,52,176020,买盘
13:30:15,33.84,-0.01,9,30464,卖盘
13:30:21,33.85,0.01,8,27080,买盘
13:30:24,33.85,0.0,33,111705,买盘
13:30:30,33.85,0.0,13,44005,买盘
13:30:33,33.85,0.0,358,1211036,买盘
13:30:35,33.84,-0.01,8,27044,中性盘
13:30:39,33.84,0.0,8,27072,买盘
13:30:42,33.84,0.0,8,27072,买盘
13:30:45,33.84,0.0,1,3384,买盘
13:30:48,33.84,0.0,131,442994,买盘
13:30:51,33.85,0.01,4,13539,买盘
13:30:54,33.84,-0.01,3,10152,卖盘
13:30:57,33.84,0.0,14,47376,卖盘
13:31:00,33.84,0.0,96,324920,卖盘
13:31:02,33.84,0.0,2,6769,卖盘
13:31:05,33.84,0.0,82,277490,卖盘
13:31:09,33.84,0.0,45,152280,买盘
13:31:12,33.84,0.0,3,10152,买盘
13:31:18,33.84,0.0,22,74448,买盘
13:31:20,33.84,0.0,10,33840,卖盘
13:31:24,33.84,0.0,14,47376,卖盘
13:31:27,33.84,0.0,15,50760,买盘
13:31:29,33.84,0.0,1,3384,买盘
13:31:33,33.83,-0.01,16,54153,卖盘
13:31:39,33.84,0.01,3,10152,买盘
13:31:44,33.87,0.03,120,406274,买盘
13:31:48,33.87,0.0,10,33870,卖盘
13:31:50,33.85,-0.02,53,179541,卖盘
13:31:57,33.86,0.01,77,260856,买盘
13:32:00,33.88,0.02,5,16940,买盘
13:32:02,33.87,-0.01,11,37244,中性盘
13:32:06,33.87,0.0,17,57579,买盘
13:32:08,33.88,0.01,6,20321,买盘
13:32:12,33.87,-0.01,5,16935,买盘
13:32:18,33.88,0.01,144,487869,买盘
13:32:21,33.89,0.01,1,3389,买盘
13:32:24,33.89,0.0,2,6778,买盘
13:32:30,33.89,0.0,2,6778,买盘
13:32:33,33.89,0.0,11,37279,买盘
13:32:36,33.88,-0.01,12,40662,卖盘
13:32:38,33.89,0.01,10,33888,买盘
13:32:42,33.89,0.0,39,132171,买盘
13:32:45,33.89,0.0,4,13556,买盘
13:32:47,33.88,-0.01,330,1118040,卖盘
13:32:50,33.87,-0.01,23,77923,卖盘
13:32:54,33.87,0.0,19,64363,卖盘
13:32:57,33.87,0.0,44,149028,卖盘
13:32:59,33.87,0.0,202,684337,买盘
13:33:03,33.89,0.02,35,118521,买盘
13:33:05,33.87,-0.02,55,186285,卖盘
13:33:09,33.87,0.0,26,88080,买盘
13:33:12,33.87,0.0,2,6774,卖盘
13:33:14,33.88,0.01,2,6776,买盘
13:33:18,33.87,-0.01,49,165961,卖盘
13:33:20,33.86,-0.01,125,423261,卖盘
13:33:23,33.85,-0.01,42,142170,卖盘
13:33:26,33.84,-0.01,17,57528,卖盘
13:33:30,33.83,-0.01,26,87958,卖盘
13:33:32,33.84,0.01,49,165775,买盘
13:33:35,33.83,-0.01,33,111610,中性盘
13:33:39,33.83,0.0,7,23681,买盘
13:33:42,33.84,0.01,5,16916,买盘
13:33:44,33.82,-0.02,1,3382,卖盘
13:33:48,33.83,0.01,25,84575,卖盘
13:33:50,33.84,0.01,10,33835,买盘
13:33:53,33.83,-0.01,2,6766,卖盘
13:33:56,33.84,0.01,131,443292,买盘
13:33:59,33.83,-0.01,32,108262,卖盘
13:34:03,33.83,0.0,14,47362,买盘
13:34:06,33.83,0.0,15,50745,买盘
13:34:09,33.83,0.0,11,37223,卖盘
13:34:10,33.84,0.01,4,13533,买盘
13:34:14,33.83,-0.01,19,64277,卖盘
13:34:17,33.85,0.02,14,47380,买盘
13:34:20,33.83,-0.02,50,169240,卖盘
13:34:22,33.85,0.02,16,54160,卖盘
13:34:25,33.85,0.0,1,3385,卖盘
13:34:30,33.85,0.0,18,60930,卖盘
13:34:33,33.85,0.0,31,104927,卖盘
13:34:35,33.84,-0.01,7,23689,卖盘
13:34:38,33.84,0.0,7,23691,卖盘
13:34:44,33.85,0.01,92,311419,买盘
13:34:46,33.85,0.0,18,60930,卖盘
13:34:50,33.86,0.01,137,463802,买盘
13:34:52,33.83,-0.03,37,125219,卖盘
13:34:56,33.85,0.02,2,6770,买盘
13:35:00,33.85,0.0,1,3385,买盘
13:35:05,33.84,-0.01,43,145522,卖盘
13:35:08,33.85,0.01,4,13540,买盘
13:35:11,33.84,-0.01,29,98136,卖盘
13:35:13,33.84,0.0,13,43992,买盘
13:35:17,33.84,0.0,2,6768,卖盘
13:35:20,33.84,0.0,7,23688,卖盘
13:35:23,33.84,0.0,17,57529,卖盘
13:35:27,33.84,0.0,2,6768,卖盘
13:35:32,33.84,0.0,13,43997,中性盘
13:35:35,33.85,0.01,6,20306,买盘
13:35:38,33.85,0.0,3,10155,买盘
13:35:40,33.84,-0.01,2,6768,卖盘
13:35:43,33.85,0.01,111,375735,买盘
13:35:50,33.86,0.01,164,555198,买盘
13:35:53,33.86,0.0,85,287735,买盘
13:35:56,33.86,0.0,13,44018,卖盘
13:35:59,33.86,0.0,156,528153,卖盘
13:36:02,33.86,0.0,92,311436,买盘
13:36:05,33.85,-0.01,133,450275,卖盘
13:36:08,33.87,0.02,170,575677,买盘
13:36:10,33.86,-0.01,39,132053,卖盘
13:36:14,33.86,0.0,57,193002,买盘
13:36:17,33.86,0.0,58,196351,买盘
13:36:20,33.85,-0.01,386,1306234,买盘
13:36:23,33.85,0.0,88,297800,买盘
13:36:26,33.85,0.0,120,406090,买盘
13:36:28,33.84,-0.01,6,20304,卖盘
13:36:32,33.85,0.01,95,321468,买盘
13:36:34,33.84,-0.01,66,223283,买盘
13:36:38,33.84,0.0,83,280798,买盘
13:36:41,33.83,-0.01,27,91345,卖盘
13:36:44,33.83,0.0,32,108256,卖盘
13:36:47,33.82,-0.01,34,114988,卖盘
13:36:50,33.83,0.01,68,229979,买盘
13:36:53,33.82,-0.01,24,81168,卖盘
13:36:56,33.83,0.01,29,98090,买盘
13:37:00,33.82,-0.01,31,104850,卖盘
13:37:02,33.83,0.01,17,57495,买盘
13:37:05,33.82,-0.01,11,37202,卖盘
13:37:08,33.82,0.0,18,60881,卖盘
13:37:11,33.82,0.0,10,33820,卖盘
13:37:14,33.82,0.0,8,27056,卖盘
13:37:17,33.81,-0.01,61,206274,卖盘
13:37:19,33.82,0.01,4,13528,买盘
13:37:23,33.82,0.0,4,13528,买盘
13:37:26,33.81,-0.01,8,27048,卖盘
13:37:29,33.81,0.0,2,6762,卖盘
13:37:32,33.81,0.0,2,6762,卖盘
13:37:35,33.81,0.0,43,145383,卖盘
13:37:39,33.81,0.0,4,13526,卖盘
13:37:40,33.82,0.01,25,84545,买盘
13:37:46,33.82,0.0,6,20292,买盘
13:37:49,33.81,-0.01,67,226561,卖盘
13:37:53,33.81,0.0,1,3381,卖盘
13:37:56,33.81,0.0,13,43953,卖盘
13:37:59,33.81,0.0,94,317816,卖盘
13:38:02,33.81,0.0,29,98049,卖盘
13:38:05,33.81,0.0,13,43953,卖盘
13:38:08,33.82,0.01,12,40578,买盘
13:38:11,33.82,0.0,4,13525,买盘
13:38:14,33.81,-0.01,5,16905,卖盘
13:38:16,33.81,0.0,11,37191,卖盘
13:38:23,33.82,0.01,116,392308,买盘
13:38:26,33.82,0.0,6,20292,买盘
13:38:29,33.81,-0.01,10,33819,卖盘
13:38:32,33.81,0.0,15,50715,卖盘
13:38:35,33.81,0.0,5,16905,卖盘
13:38:38,33.81,0.0,9,30434,卖盘
13:38:41,33.81,0.0,99,334810,卖盘
13:38:44,33.82,0.01,1020,3454731,买盘
13:38:47,33.82,0.0,73,246886,买盘
13:38:50,33.82,0.0,31,104864,卖盘
13:38:53,33.84,0.02,37,125347,中性盘
13:38:56,33.84,0.0,13,43992,买盘
13:38:59,33.84,0.0,12,40607,买盘
13:39:01,33.83,-0.01,5,16915,卖盘
13:39:05,33.83,0.0,2,6767,卖盘
13:39:08,33.83,0.0,39,131941,卖盘
13:39:11,33.83,0.0,23,77809,卖盘
13:39:14,33.83,0.0,14,47365,卖盘
13:39:17,33.83,0.0,96,324742,卖盘
13:39:19,33.82,-0.01,51,172485,卖盘
13:39:23,33.82,0.0,148,500661,卖盘
13:39:26,33.81,-0.01,22,74388,卖盘
13:39:29,33.82,0.01,51,172435,买盘
13:39:32,33.81,-0.01,86,290808,卖盘
13:39:35,33.81,0.0,81,273813,买盘
13:39:38,33.81,0.0,16,54084,买盘
13:39:41,33.8,-0.01,254,858525,卖盘
13:39:44,33.81,0.01,22,74361,买盘
13:39:47,33.81,0.0,2,6761,买盘
13:39:50,33.8,-0.01,2,6760,卖盘
13:39:52,33.81,0.01,13,43950,买盘
13:39:56,33.8,-0.01,6,20280,卖盘
13:40:00,33.8,0.0,38,128442,卖盘
13:40:02,33.8,0.0,25,84497,买盘
13:40:05,33.81,0.01,39,131826,买盘
13:40:08,33.8,-0.01,58,196040,卖盘
13:40:11,33.8,0.0,6,20284,卖盘
13:40:13,33.8,0.0,35,118300,卖盘
13:40:17,33.81,0.01,252,852008,买盘
13:40:20,33.81,0.0,6,20286,卖盘
13:40:23,33.8,-0.01,16,54091,卖盘
13:40:29,33.81,0.01,8,27049,卖盘
13:40:32,33.83,0.02,117,395687,买盘
13:40:35,33.83,0.0,2,6765,买盘
13:40:38,33.84,0.01,41,138713,买盘
13:40:40,33.84,0.0,2,6768,卖盘
13:40:44,33.84,0.0,14,47377,卖盘
13:40:47,33.84,0.0,49,165901,卖盘
13:40:53,33.84,0.0,2,6768,卖盘
13:40:56,33.84,0.0,14,47376,卖盘
13:40:59,33.84,0.0,16,54144,卖盘
13:41:02,33.84,0.0,5,16920,卖盘
13:41:04,33.84,0.0,106,358704,卖盘
13:41:07,33.84,0.0,7,23686,买盘
13:41:11,33.84,0.0,18,60905,买盘
13:41:14,33.82,-0.02,24,81200,卖盘
13:41:17,33.82,0.0,51,172482,卖盘
13:41:20,33.82,0.0,87,294234,卖盘
13:41:23,33.82,0.0,42,142044,卖盘
13:41:26,33.81,-0.01,24,81152,卖盘
13:41:28,33.81,0.0,13,43953,卖盘
13:41:31,33.81,0.0,13,43953,卖盘
13:41:35,33.81,0.0,16,54088,买盘
13:41:38,33.81,0.0,8,27044,买盘
13:41:41,33.8,-0.01,8,27043,卖盘
13:41:44,33.8,0.0,8,27043,卖盘
13:41:47,33.81,0.01,21,70999,买盘
13:41:49,33.8,-0.01,31,104780,卖盘
13:41:53,33.81,0.01,3,10143,买盘
13:41:56,33.8,-0.01,84,283920,卖盘
13:41:59,33.8,0.0,13,43940,买盘
13:42:02,33.8,0.0,23,77740,卖盘
13:42:05,33.8,0.0,183,618540,卖盘
13:42:08,33.8,0.0,126,425840,卖盘
13:42:11,33.8,0.0,71,239980,买盘
13:42:14,33.82,0.02,545,1842601,买盘
13:42:17,33.83,0.01,16,54113,买盘
13:42:20,33.82,-0.01,68,229992,卖盘
13:42:23,33.82,0.0,10,33821,卖盘
13:42:26,33.82,0.0,46,155572,卖盘
13:42:29,33.83,0.01,212,716996,买盘
13:42:31,33.82,-0.01,111,375413,卖盘
13:42:35,33.82,0.0,6,20292,卖盘
13:42:38,33.82,0.0,5,16910,卖盘
13:42:41,33.83,0.01,32,108251,买盘
13:42:47,33.83,0.0,30,101490,买盘
13:42:50,33.84,0.01,106,358616,买盘
13:42:53,33.83,-0.01,2,6765,买盘
13:42:56,33.82,-0.01,19,64276,卖盘
13:42:59,33.82,0.0,5,16910,卖盘
13:43:02,33.85,0.03,220,744484,买盘
13:43:05,33.85,0.0,62,209870,卖盘
13:43:07,33.85,0.0,7,23695,买盘
13:43:11,33.85,0.0,184,622780,买盘
13:43:16,33.86,0.01,64,216699,买盘
13:43:23,33.86,0.0,36,121862,买盘
13:43:26,33.86,0.0,20,67701,买盘
13:43:28,33.85,-0.01,34,115091,卖盘
13:43:32,33.85,0.0,2,6770,卖盘
13:43:34,33.85,0.0,85,287725,卖盘
13:43:40,33.85,0.0,12,40620,买盘
13:43:47,33.85,0.0,6,20310,中性盘
13:43:50,33.85,0.0,4,13540,卖盘
13:43:53,33.85,0.0,10,33850,买盘
13:43:59,33.85,0.0,5,16923,买盘
13:44:01,33.83,-0.02,24,81202,卖盘
13:44:08,33.83,0.0,12,40601,卖盘
13:44:11,33.84,0.01,45,152254,买盘
13:44:14,33.83,-0.01,20,67672,卖盘
13:44:17,33.83,0.0,2,6766,买盘
13:44:20,33.83,0.0,29,98133,卖盘
13:44:23,33.84,0.01,105,355220,买盘
13:44:25,33.83,-0.01,23,77800,中性盘
13:44:29,33.84,0.01,104,351888,买盘
13:44:32,33.84,0.0,4,13536,卖盘
13:44:34,33.82,-0.02,32,108266,卖盘
