time,price,change,volume,amount,type
09:25:03,32.98,0.0,715,2358070,卖盘
09:30:01,32.9,-0.08,151,497703,卖盘
09:30:04,32.95,0.05,361,1189460,买盘
09:30:06,32.88,-0.07,46,151556,卖盘
09:30:10,32.97,0.09,103,341749,买盘
09:30:13,32.97,0.0,62,204448,卖盘
09:30:16,32.98,0.01,342,1127799,买盘
09:30:19,32.98,0.0,44,145097,买盘
09:30:22,32.97,-0.01,63,207765,卖盘
09:30:25,32.99,0.02,167,551462,买盘
09:30:28,33.01,0.02,223,735909,买盘
09:30:31,33.04,0.03,26,85851,买盘
09:30:34,33.05,0.01,33,109003,买盘
09:30:36,33.06,0.01,96,317487,买盘
09:30:40,33.09,0.03,88,290958,买盘
09:30:43,33.09,0.0,45,148887,买盘
09:30:45,33.06,-0.03,130,429937,卖盘
09:30:49,33.05,-0.01,98,324220,卖盘
09:30:52,33.09,0.04,82,271288,买盘
09:30:55,33.09,0.0,75,248178,卖盘
09:30:58,33.09,0.0,89,294504,卖盘
09:31:01,33.1,0.01,289,956574,买盘
09:31:04,33.11,0.01,165,546156,买盘
09:31:07,33.11,0.0,110,364106,买盘
09:31:10,33.1,-0.01,111,367635,卖盘
09:31:13,33.1,0.0,280,926812,卖盘
09:31:16,33.09,-0.01,85,281268,卖盘
09:31:19,33.09,0.0,196,648544,买盘
09:31:21,33.1,0.01,203,671793,买盘
09:31:25,33.11,0.01,49,162187,买盘
09:31:28,33.08,-0.03,837,2769166,卖盘
09:31:31,33.12,0.04,611,2022066,买盘
09:31:34,33.09,-0.03,470,1554875,卖盘
09:31:37,33.08,-0.01,74,244776,卖盘
09:31:40,33.02,-0.06,68,224625,卖盘
09:31:44,33.04,0.02,195,644786,中性盘
09:31:46,33.02,-0.02,20,66052,卖盘
09:31:50,33.02,0.0,177,584505,卖盘
09:31:52,33.02,0.0,24,79287,卖盘
09:31:55,33.02,0.0,33,108968,卖盘
09:31:58,33.03,0.01,24,79524,买盘
09:32:01,33.07,0.04,524,1731277,买盘
09:32:04,33.07,0.0,369,1220417,卖盘
09:32:06,33.07,0.0,348,1151031,卖盘
09:32:10,33.07,0.0,295,975606,卖盘
09:32:13,33.08,0.01,110,363783,买盘
09:32:16,33.05,-0.03,413,1365133,卖盘
09:32:19,33.08,0.03,514,1699984,买盘
09:32:22,33.05,-0.03,40,132204,卖盘
09:32:25,33.07,0.02,47,155429,买盘
09:32:28,33.07,0.0,25,82637,买盘
09:32:31,33.07,0.0,7,23148,买盘
09:32:34,33.07,0.0,6,19842,买盘
09:32:37,33.06,-0.01,38,125645,卖盘
09:32:40,33.07,0.01,306,1011527,买盘
09:32:43,33.07,0.0,31,102511,买盘
09:32:46,33.07,0.0,80,264527,买盘
09:32:49,33.07,0.0,50,165338,买盘
09:32:52,33.06,-0.01,34,112435,卖盘
09:32:55,33.05,-0.01,386,1276172,卖盘
09:32:58,33.07,0.02,49,162043,买盘
09:33:01,33.07,0.0,595,1967658,买盘
09:33:04,33.08,0.01,250,827003,买盘
09:33:06,33.1,0.02,229,757870,买盘
09:33:10,33.07,-0.03,698,2309146,卖盘
09:33:12,33.08,0.01,28,92606,买盘
09:33:16,33.07,-0.01,96,317562,卖盘
09:33:18,33.06,-0.01,657,2172358,卖盘
09:33:22,33.08,0.02,176,582208,买盘
09:33:25,33.06,-0.02,283,935777,卖盘
09:33:28,33.06,0.0,98,323710,买盘
09:33:30,33.06,0.0,21,69426,买盘
09:33:35,33.04,-0.02,44,145389,卖盘
09:33:37,33.02,-0.02,101,333586,卖盘
09:33:40,33.03,0.01,3,9908,买盘
09:33:43,33.0,-0.03,92,303668,卖盘
09:33:46,32.98,-0.02,583,1923801,卖盘
09:33:50,32.98,0.0,31,102238,买盘
09:33:52,33.0,0.02,52,171457,买盘
09:33:55,32.97,-0.03,5,16486,中性盘
09:33:58,33.0,0.03,36,118776,买盘
09:34:01,33.0,0.0,650,2144981,买盘
09:34:05,33.0,0.0,129,425771,卖盘
09:34:06,33.01,0.01,42,138637,买盘
09:34:10,33.0,-0.01,34,112220,卖盘
09:34:12,33.03,0.03,58,191572,买盘
09:34:16,33.04,0.01,113,373245,买盘
09:34:18,33.01,-0.03,183,604653,卖盘
09:34:22,33.04,0.03,74,244471,中性盘
09:34:25,33.0,-0.04,731,2412789,卖盘
09:34:28,33.0,0.0,106,349793,买盘
09:34:31,33.0,0.0,17,56100,买盘
09:34:35,33.0,0.0,66,217800,买盘
09:34:37,33.0,0.0,111,366300,买盘
09:34:40,33.0,0.0,438,1445664,买盘
09:34:43,33.05,0.05,215,710009,买盘
09:34:46,33.05,0.0,50,165048,买盘
09:34:49,33.05,0.0,128,422942,买盘
09:34:52,33.05,0.0,66,218192,卖盘
09:34:55,33.06,0.01,184,608298,买盘
09:34:57,33.05,-0.01,53,175206,卖盘
09:35:01,33.06,0.01,65,214865,买盘
09:35:04,33.08,0.02,85,281131,买盘
09:35:07,33.06,-0.02,172,568701,卖盘
09:35:10,33.06,0.0,154,509104,买盘
09:35:13,33.06,0.0,123,406598,买盘
09:35:16,33.1,0.04,130,430085,买盘
09:35:19,33.1,0.0,8,26470,买盘
09:35:21,33.08,-0.02,77,254636,中性盘
09:35:25,33.06,-0.02,137,452974,卖盘
09:35:28,33.1,0.04,366,1210451,买盘
09:35:31,33.09,-0.01,59,195196,中性盘
09:35:33,33.1,0.01,35,115847,买盘
09:35:37,33.1,0.0,27,89367,买盘
09:35:40,33.07,-0.03,27,89333,卖盘
09:35:44,33.1,0.03,22,72819,买盘
09:35:46,33.11,0.01,415,1373740,买盘
09:35:50,33.11,0.0,14,46354,买盘
09:35:52,33.12,0.01,146,483358,买盘
09:35:55,33.13,0.01,452,1497267,买盘
09:35:58,33.15,0.02,85,281670,买盘
09:36:01,33.15,0.0,630,2088409,买盘
09:36:04,33.17,0.02,166,550340,买盘
09:36:07,33.17,0.0,141,467663,买盘
09:36:10,33.18,0.01,9,29857,买盘
09:36:13,33.15,-0.03,80,265237,卖盘
09:36:16,33.17,0.02,227,752744,买盘
09:36:20,33.18,0.01,1113,3694406,买盘
09:36:22,33.17,-0.01,46,152616,卖盘
09:36:25,33.16,-0.01,55,182325,卖盘
09:36:28,33.17,0.01,32,106113,买盘
09:36:32,33.17,0.0,53,175795,买盘
09:36:34,33.16,-0.01,20,66323,中性盘
09:36:36,33.16,0.0,318,1055163,中性盘
09:36:40,33.19,0.03,397,1317535,买盘
09:36:43,33.17,-0.02,205,680333,卖盘
09:36:46,33.17,0.0,131,434538,卖盘
09:36:50,33.18,0.01,345,1144064,中性盘
09:36:52,33.16,-0.02,255,845609,卖盘
09:36:56,33.16,0.0,306,1014406,买盘
09:36:57,33.15,-0.01,48,159155,卖盘
09:37:01,33.15,0.0,128,424366,卖盘
09:37:05,33.17,0.02,354,1173737,买盘
09:37:07,33.16,-0.01,52,172433,卖盘
09:37:10,33.17,0.01,66,218870,中性盘
09:37:13,33.16,-0.01,57,189014,卖盘
09:37:16,33.17,0.01,275,912023,买盘
09:37:18,33.16,-0.01,197,653257,卖盘
09:37:22,33.15,-0.01,26,86194,卖盘
09:37:25,33.16,0.01,20,66302,买盘
09:37:28,33.15,-0.01,126,417755,卖盘
09:37:32,33.16,0.01,347,1150606,买盘
09:37:33,33.16,0.0,65,215540,买盘
09:37:37,33.16,0.0,22,72952,买盘
09:37:40,33.15,-0.01,14,46415,卖盘
09:37:43,33.16,0.01,171,566866,买盘
09:37:46,33.16,0.0,26,86212,买盘
09:37:50,33.16,0.0,47,155837,买盘
09:37:52,33.16,0.0,48,159165,买盘
09:37:55,33.18,0.02,250,829329,买盘
09:37:58,33.18,0.0,114,378252,卖盘
09:38:01,33.18,0.0,344,1141891,卖盘
09:38:05,33.19,0.01,178,590917,买盘
09:38:07,33.19,0.0,802,2661962,卖盘
09:38:10,33.19,0.0,30,99555,买盘
09:38:13,33.19,0.0,109,361669,买盘
09:38:16,33.16,-0.03,189,627142,卖盘
09:38:20,33.17,0.01,35,116120,卖盘
09:38:21,33.16,-0.01,42,139276,卖盘
09:38:25,33.16,0.0,91,301756,买盘
09:38:28,33.15,-0.01,68,225525,卖盘
09:38:32,33.15,0.0,43,142598,卖盘
09:38:33,33.13,-0.02,529,1752682,卖盘
09:38:38,33.12,-0.01,88,291559,卖盘
09:38:40,33.11,-0.01,744,2463217,卖盘
09:38:43,33.1,-0.01,506,1674870,卖盘
09:38:46,33.1,0.0,244,807752,卖盘
09:38:50,33.1,0.0,25,82750,买盘
09:38:52,33.1,0.0,90,297789,买盘
09:38:56,33.1,0.0,13,43024,买盘
09:38:57,33.1,0.0,13,43030,买盘
09:39:00,33.08,-0.02,34,112513,卖盘
09:39:03,33.1,0.02,329,1089030,买盘
09:39:08,33.1,0.0,837,2770571,卖盘
09:39:10,33.13,0.03,2,6627,中性盘
09:39:13,33.1,-0.03,48,158971,卖盘
09:39:16,33.13,0.03,28,92710,中性盘
09:39:20,33.1,-0.03,59,195293,卖盘
09:39:22,33.13,0.03,76,251563,买盘
09:39:25,33.09,-0.04,190,628900,卖盘
09:39:28,33.1,0.01,198,654983,买盘
09:39:32,33.1,0.0,210,694501,买盘
09:39:35,33.07,-0.03,197,651504,卖盘
09:39:37,33.08,0.01,174,575359,中性盘
09:39:40,33.06,-0.02,163,538918,卖盘
09:39:44,33.07,0.01,14,46296,中性盘
09:39:46,33.06,-0.01,127,419862,卖盘
09:39:48,33.06,0.0,110,363660,卖盘
09:39:52,33.06,0.0,554,1831486,卖盘
09:39:55,33.05,-0.01,169,558533,卖盘
09:39:58,33.05,0.0,32,105756,买盘
09:40:01,33.04,-0.01,27,89208,卖盘
09:40:03,33.05,0.01,785,2594297,买盘
09:40:08,33.04,-0.01,17,56180,卖盘
09:40:10,33.04,0.0,118,389587,买盘
09:40:13,33.0,-0.04,616,2035611,卖盘
09:40:16,33.0,0.0,22,72642,卖盘
09:40:20,33.0,0.0,82,270620,卖盘
09:40:22,33.03,0.03,80,264051,买盘
09:40:25,33.0,-0.03,68,224400,卖盘
09:40:28,33.0,0.0,47,155100,卖盘
09:40:32,33.0,0.0,67,221120,卖盘
09:40:34,33.0,0.0,18,59407,卖盘
09:40:37,33.0,0.0,38,125416,卖盘
09:40:40,33.0,0.0,122,402615,卖盘
09:40:43,33.0,0.0,24,79212,卖盘
09:40:46,33.0,0.0,31,102355,卖盘
09:40:49,33.01,0.01,105,346608,中性盘
09:40:52,33.02,0.01,46,151937,中性盘
09:40:56,33.04,0.02,44,145244,买盘
09:40:58,33.04,0.0,136,449341,买盘
09:41:01,33.06,0.02,40,132217,买盘
09:41:05,33.07,0.01,6,19840,买盘
09:41:07,33.08,0.01,25,82690,买盘
09:41:10,33.08,0.0,26,86019,卖盘
09:41:13,33.1,0.02,183,605727,买盘
09:41:16,33.09,-0.01,178,589155,中性盘
09:41:20,33.11,0.02,237,784480,买盘
09:41:22,33.15,0.04,49,162279,买盘
09:41:25,33.11,-0.04,77,254950,卖盘
09:41:28,33.15,0.04,4,13260,买盘
09:41:30,33.11,-0.04,236,782192,卖盘
09:41:34,33.11,0.0,13,43058,卖盘
09:41:37,33.13,0.02,6,19877,买盘
09:41:40,33.14,0.01,15,49694,买盘
09:41:43,33.11,-0.03,62,205316,卖盘
09:41:46,33.14,0.03,190,629388,买盘
09:41:49,33.14,0.0,137,454095,卖盘
09:41:52,33.14,0.0,119,394372,卖盘
09:41:55,33.15,0.01,44,145838,买盘
09:41:58,33.14,-0.01,128,424309,卖盘
09:42:02,33.14,0.0,26,86158,买盘
09:42:05,33.14,0.0,40,132566,卖盘
09:42:06,33.14,0.0,57,188932,卖盘
09:42:10,33.14,0.0,22,72908,卖盘
09:42:13,33.15,0.01,59,195559,买盘
09:42:16,33.14,-0.01,138,457465,卖盘
09:42:19,33.15,0.01,24,79549,中性盘
09:42:22,33.14,-0.01,1066,3531733,卖盘
09:42:25,33.14,0.0,33,109362,买盘
09:42:28,33.12,-0.02,30,99382,卖盘
09:42:31,33.12,0.0,2,6624,买盘
09:42:34,33.13,0.01,291,964446,买盘
09:42:37,33.14,0.01,22,72906,中性盘
09:42:40,33.15,0.01,51,169025,买盘
09:42:44,33.14,-0.01,112,371259,卖盘
09:42:45,33.14,0.0,137,454112,卖盘
09:42:49,33.12,-0.02,530,1755909,卖盘
09:42:52,33.14,0.02,33,109362,买盘
09:42:56,33.14,0.0,16,53022,买盘
09:42:58,33.12,-0.02,59,195408,卖盘
09:43:01,33.12,0.0,45,149038,买盘
09:43:04,33.12,0.0,58,192106,卖盘
09:43:08,33.13,0.01,66,218604,买盘
09:43:10,33.13,0.0,14,46382,买盘
09:43:13,33.13,0.0,42,139117,买盘
09:43:16,33.11,-0.02,604,2000450,卖盘
09:43:19,33.11,0.0,62,205293,卖盘
09:43:22,33.1,-0.01,107,354402,卖盘
09:43:25,33.08,-0.02,76,251513,卖盘
09:43:28,33.1,0.02,59,195124,买盘
09:43:31,33.11,0.01,51,168724,买盘
09:43:34,33.06,-0.05,22,72744,卖盘
09:43:37,33.07,0.01,9,29763,买盘
09:43:40,33.07,0.0,15,49617,卖盘
09:43:42,33.12,0.05,172,566339,买盘
09:43:46,33.12,0.0,382,1268228,卖盘
09:43:49,33.12,0.0,17,56248,买盘
09:43:52,33.09,-0.03,5,16545,买盘
09:43:56,33.09,0.0,8,26460,买盘
09:43:58,33.07,-0.02,15,49622,卖盘
09:44:01,33.08,0.01,2,6615,中性盘
09:44:04,33.1,0.02,43,142301,买盘
09:44:07,33.11,0.01,26,86085,买盘
09:44:09,33.12,0.01,222,735258,买盘
09:44:13,33.12,0.0,49,162231,买盘
09:44:16,33.12,0.0,75,248388,买盘
09:44:18,33.12,0.0,478,1582255,买盘
09:44:30,33.11,-0.01,1,3311,买盘
09:44:34,33.11,0.0,73,241703,买盘
09:44:36,33.11,0.0,56,185406,买盘
09:44:40,33.11,0.0,122,403954,买盘
09:44:43,33.12,0.01,33,109289,买盘
09:44:46,33.13,0.01,37,122542,买盘
09:44:49,33.12,-0.01,76,251690,买盘
09:44:52,33.14,0.02,62,205441,买盘
09:44:55,33.14,0.0,80,265006,买盘
09:44:58,33.14,0.0,77,255143,买盘
09:45:01,33.12,-0.02,9,29809,中性盘
09:45:04,33.15,0.03,180,596297,买盘
09:45:07,33.12,-0.03,129,427421,卖盘
09:45:10,33.12,0.0,5,16563,卖盘
09:45:13,33.13,0.01,21,69562,买盘
09:45:16,33.14,0.01,31,102734,买盘
09:45:19,33.12,-0.02,570,1888165,卖盘
09:45:21,33.14,0.02,51,169008,买盘
09:45:25,33.13,-0.01,50,165650,卖盘
09:45:28,33.14,0.01,2,6627,买盘
09:45:31,33.13,-0.01,58,192155,卖盘
09:45:37,33.14,0.01,126,417473,买盘
09:45:40,33.13,-0.01,9,29821,卖盘
09:45:43,33.13,0.0,267,884581,卖盘
09:45:46,33.13,0.0,149,493659,卖盘
09:45:49,33.12,-0.01,107,354385,卖盘
09:45:52,33.11,-0.01,302,1000521,卖盘
09:45:55,33.09,-0.02,64,211838,卖盘
09:45:58,33.13,0.04,34,112608,买盘
09:46:01,33.1,-0.03,7,23171,卖盘
09:46:04,33.11,0.01,80,264884,买盘
09:46:07,33.11,0.0,6,19866,卖盘
09:46:10,33.12,0.01,15,49671,卖盘
09:46:13,33.13,0.01,33,109298,买盘
09:46:16,33.12,-0.01,26,86112,卖盘
09:46:20,33.13,0.01,521,1725136,买盘
09:46:22,33.12,-0.01,155,513393,卖盘
09:46:25,33.11,-0.01,534,1768476,卖盘
09:46:28,33.11,0.0,22,72842,买盘
09:46:31,33.11,0.0,10,33109,买盘
09:46:34,33.1,-0.01,7,23170,卖盘
09:46:37,33.11,0.01,175,579414,买盘
09:46:39,33.11,0.0,6,19866,买盘
09:46:43,33.11,0.0,48,158934,卖盘
09:46:45,33.1,-0.01,14,46348,卖盘
09:46:49,33.13,0.03,81,268276,买盘
09:46:51,33.12,-0.01,12,39745,卖盘
09:46:55,33.12,0.0,5,16561,卖盘
09:46:58,33.12,0.0,38,125857,卖盘
09:47:00,33.12,0.0,36,119232,卖盘
09:47:03,33.13,0.01,368,1219185,买盘
09:47:07,33.12,-0.01,291,964009,卖盘
09:47:10,33.14,0.02,462,1530607,买盘
09:47:13,33.13,-0.01,18,59634,卖盘
09:47:18,33.13,0.0,54,178902,卖盘
09:47:21,33.13,0.0,30,99385,卖盘
09:47:25,33.13,0.0,52,172256,买盘
09:47:28,33.13,0.0,34,112613,买盘
09:47:31,33.12,-0.01,161,533252,卖盘
09:47:34,33.11,-0.01,65,215217,卖盘
09:47:37,33.1,-0.01,34,112545,卖盘
09:47:40,33.09,-0.01,45,148921,卖盘
09:47:43,33.11,0.02,297,983153,买盘
09:47:46,33.11,0.0,67,221837,卖盘
09:47:49,33.11,0.0,66,218526,卖盘
09:47:52,33.12,0.01,60,198680,买盘
09:47:54,33.11,-0.01,115,380766,卖盘
09:47:58,33.11,0.0,13,43043,卖盘
09:48:00,33.11,0.0,24,79466,卖盘
09:48:03,33.12,0.01,294,973707,买盘
09:48:07,33.12,0.0,65,215280,卖盘
09:48:10,33.12,0.0,8,26496,卖盘
09:48:13,33.12,0.0,58,192096,卖盘
09:48:16,33.12,0.0,301,996912,卖盘
09:48:22,33.12,0.0,12,39744,买盘
09:48:25,33.12,0.0,4,13248,买盘
09:48:28,33.12,0.0,56,185438,买盘
09:48:30,33.12,0.0,112,370934,买盘
09:48:33,33.11,-0.01,189,625995,卖盘
09:48:37,33.12,0.01,42,139012,中性盘
09:48:40,33.12,0.0,133,440527,买盘
09:48:43,33.11,-0.01,48,158926,卖盘
09:48:46,33.11,0.0,10,33110,买盘
09:48:49,33.11,0.0,39,129137,买盘
09:48:52,33.12,0.01,120,397421,买盘
09:48:55,33.13,0.01,268,887695,买盘
09:48:58,33.13,0.0,335,1109855,买盘
09:49:01,33.14,0.01,513,1700211,买盘
09:49:04,33.16,0.02,879,2911062,买盘
09:49:07,33.15,-0.01,719,2384958,卖盘
09:49:09,33.17,0.02,52,172464,中性盘
09:49:12,33.18,0.01,167,554086,买盘
09:49:16,33.19,0.01,411,1364072,买盘
09:49:18,33.18,-0.01,86,285365,卖盘
09:49:22,33.2,0.02,106,351868,买盘
09:49:25,33.19,-0.01,191,633929,卖盘
09:49:28,33.18,-0.01,416,1380971,卖盘
09:49:31,33.19,0.01,128,424728,买盘
09:49:33,33.19,0.0,33,109527,买盘
09:49:37,33.2,0.01,249,826596,买盘
09:49:40,33.2,0.0,49,162653,买盘
09:49:43,33.19,-0.01,20,66381,卖盘
09:49:46,33.2,0.01,49,162674,买盘
09:49:49,33.2,0.0,56,185897,买盘
09:49:52,33.2,0.0,743,2465597,买盘
09:49:55,33.2,0.0,213,707130,买盘
09:49:58,33.19,-0.01,55,182570,卖盘
09:50:01,33.2,0.01,186,617490,买盘
09:50:03,33.2,0.0,110,365232,卖盘
09:50:07,33.2,0.0,96,318720,卖盘
09:50:10,33.2,0.0,511,1696528,卖盘
09:50:13,33.18,-0.02,53,175918,卖盘
09:50:16,33.2,0.02,56,185878,买盘
09:50:19,33.2,0.0,700,2323387,买盘
09:50:22,33.18,-0.02,59,195775,卖盘
09:50:25,33.19,0.01,11,36508,买盘
09:50:28,33.16,-0.03,42,139296,卖盘
09:50:31,33.16,0.0,132,437703,卖盘
09:50:34,33.15,-0.01,155,513827,卖盘
09:50:37,33.15,0.0,4,13260,买盘
09:50:40,33.15,0.0,9,29833,买盘
09:50:46,33.12,-0.03,38,125939,卖盘
09:50:49,33.14,0.02,7,23200,中性盘
09:50:51,33.16,0.02,87,288247,买盘
09:50:55,33.15,-0.01,14,46350,卖盘
09:50:57,33.12,-0.03,12,39738,买盘
09:51:00,33.15,0.03,33,109323,买盘
09:51:04,33.16,0.01,184,610028,买盘
09:51:07,33.11,-0.05,505,1674560,卖盘
09:51:09,33.15,0.04,12,39780,买盘
09:51:13,33.11,-0.04,56,185412,卖盘
09:51:16,33.12,0.01,17,56322,中性盘
09:51:19,33.15,0.03,22,72908,买盘
09:51:21,33.15,0.0,84,278448,买盘
09:51:25,33.16,0.01,75,248613,买盘
09:51:28,33.17,0.01,2,6634,买盘
09:51:31,33.16,-0.01,18,59688,卖盘
09:51:33,33.15,-0.01,20,66319,卖盘
09:51:36,33.16,0.01,330,1094239,买盘
09:51:40,33.17,0.01,254,842495,买盘
09:51:44,33.16,-0.01,408,1353262,卖盘
09:51:46,33.16,0.0,16,53062,卖盘
09:51:49,33.18,0.02,39,129393,买盘
09:51:52,33.18,0.0,13,43131,买盘
09:51:55,33.2,0.02,990,3286384,买盘
09:51:58,33.2,0.0,19,63082,卖盘
09:52:00,33.2,0.0,17,56440,卖盘
09:52:04,33.21,0.01,234,777100,买盘
09:52:07,33.2,-0.01,666,2211775,卖盘
09:52:10,33.22,0.02,136,451753,买盘
09:52:13,33.21,-0.01,45,149477,卖盘
09:52:15,33.2,-0.01,8,26562,卖盘
09:52:19,33.2,0.0,3,9961,卖盘
09:52:22,33.21,0.01,11,36531,买盘
09:52:25,33.2,-0.01,392,1301470,卖盘
09:52:28,33.2,0.0,46,152720,买盘
09:52:31,33.19,-0.01,78,258948,卖盘
09:52:34,33.2,0.01,142,471343,买盘
09:52:36,33.19,-0.01,47,156033,卖盘
09:52:40,33.18,-0.01,487,1616299,卖盘
09:52:43,33.19,0.01,95,315260,买盘
09:52:46,33.19,0.0,29,96253,卖盘
09:52:49,33.19,0.0,10,33195,卖盘
09:52:51,33.2,0.01,25,82999,买盘
09:52:55,33.2,0.0,36,119488,买盘
09:52:58,33.19,-0.01,33,109558,卖盘
09:53:01,33.19,0.0,229,760255,卖盘
09:53:04,33.2,0.01,235,780189,买盘
09:53:07,33.2,0.0,104,345281,卖盘
09:53:10,33.2,0.0,106,351920,卖盘
09:53:13,33.2,0.0,554,1839391,卖盘
09:53:16,33.2,0.0,153,507960,买盘
09:53:19,33.2,0.0,31,102910,买盘
09:53:22,33.19,-0.01,11,36519,卖盘
09:53:25,33.2,0.01,12,39839,买盘
09:53:28,33.19,-0.01,33,109555,卖盘
09:53:31,33.19,0.0,46,152674,卖盘
09:53:33,33.19,0.0,50,165950,买盘
09:53:37,33.18,-0.01,65,215671,卖盘
09:53:40,33.19,0.01,22,73002,买盘
09:53:43,33.19,0.0,5,16595,买盘
09:53:46,33.17,-0.02,1,3317,卖盘
09:53:52,33.18,0.01,72,238876,中性盘
09:53:55,33.18,0.0,17,56409,卖盘
09:53:57,33.19,0.01,180,597423,买盘
09:54:01,33.2,0.01,114,378468,买盘
09:54:04,33.2,0.0,463,1537138,买盘
09:54:07,33.2,0.0,141,468215,卖盘
09:54:09,33.21,0.01,154,511426,买盘
09:54:12,33.21,0.0,388,1288462,买盘
09:54:16,33.21,0.0,40,132857,卖盘
09:54:19,33.22,0.01,62,205906,买盘
09:54:22,33.22,0.0,53,176063,买盘
09:54:25,33.21,-0.01,9,29894,卖盘
09:54:28,33.23,0.02,105,348858,买盘
09:54:31,33.22,-0.01,41,136150,卖盘
09:54:34,33.22,0.0,7,23254,买盘
09:54:37,33.22,0.0,11,36542,买盘
09:54:40,33.21,-0.01,62,205934,卖盘
09:54:43,33.22,0.01,51,169422,买盘
09:54:46,33.22,0.0,112,372064,买盘
09:54:49,33.23,0.01,29,96346,买盘
09:54:51,33.22,-0.01,21,69771,卖盘
09:54:55,33.23,0.01,146,485155,买盘
09:54:58,33.23,0.0,1,3323,买盘
09:55:00,33.23,0.0,70,232572,买盘
09:55:04,33.23,0.0,669,2222460,买盘
09:55:07,33.25,0.02,289,960705,买盘
09:55:09,33.24,-0.01,79,262669,卖盘
09:55:13,33.26,0.02,486,1615814,买盘
09:55:16,33.25,-0.01,20,66510,卖盘
09:55:19,33.24,-0.01,273,907854,卖盘
09:55:22,33.24,0.0,42,139608,买盘
09:55:24,33.26,0.02,240,797766,买盘
09:55:28,33.25,-0.01,3,9975,卖盘
09:55:30,33.25,0.0,30,99750,卖盘
09:55:34,33.26,0.01,68,226158,买盘
09:55:36,33.26,0.0,89,296013,买盘
09:55:40,33.26,0.0,30,99780,买盘
09:55:42,33.25,-0.01,1,3325,卖盘
09:55:46,33.26,0.01,378,1256874,买盘
09:55:49,33.26,0.0,112,372489,买盘
09:55:52,33.26,0.0,40,133034,买盘
09:55:54,33.25,-0.01,13,43235,卖盘
09:55:58,33.26,0.01,50,166293,买盘
09:56:00,33.26,0.0,15,49890,买盘
09:56:04,33.27,0.01,433,1440439,买盘
09:56:07,33.27,0.0,120,399247,卖盘
09:56:10,33.28,0.01,16,53242,买盘
09:56:12,33.27,-0.01,5,16635,卖盘
09:56:16,33.27,0.0,259,861931,卖盘
09:56:19,33.28,0.01,16,53248,买盘
09:56:22,33.28,0.0,102,339356,买盘
09:56:25,33.28,0.0,104,346033,买盘
09:56:28,33.28,0.0,84,279501,买盘
09:56:31,33.28,0.0,139,462575,买盘
09:56:34,33.27,-0.01,271,901632,卖盘
09:56:36,33.27,0.0,14,46578,买盘
09:56:40,33.27,0.0,52,173001,买盘
09:56:42,33.28,0.01,174,579056,买盘
09:56:46,33.27,-0.01,100,332758,中性盘
09:56:49,33.28,0.01,422,1404630,买盘
09:56:52,33.29,0.01,167,555858,买盘
09:56:55,33.28,-0.01,637,2119950,卖盘
09:56:58,33.28,0.0,86,286293,卖盘
09:57:01,33.29,0.01,356,1184914,买盘
09:57:04,33.29,0.0,259,862185,买盘
09:57:07,33.29,0.0,17,56595,卖盘
09:57:10,33.3,0.01,111,369545,买盘
09:57:13,33.3,0.0,1103,3672983,买盘
09:57:16,33.3,0.0,461,1535130,买盘
09:57:19,33.29,-0.01,970,3228894,卖盘
09:57:21,33.3,0.01,47,156510,买盘
09:57:25,33.3,0.0,752,2504154,买盘
09:57:28,33.3,0.0,114,379617,买盘
09:57:31,33.3,0.0,85,283030,买盘
09:57:34,33.3,0.0,21,69930,买盘
09:57:36,33.31,0.01,116,386284,买盘
09:57:40,33.29,-0.02,12,39950,卖盘
09:57:43,33.3,0.01,16,53280,买盘
09:57:46,33.31,0.01,5,16655,买盘
09:57:49,33.31,0.0,127,422912,买盘
09:57:51,33.31,0.0,9,29976,买盘
09:57:55,33.29,-0.02,233,775906,卖盘
09:57:58,33.3,0.01,7,23310,中性盘
09:58:01,33.31,0.01,82,273064,买盘
09:58:04,33.31,0.0,121,403047,买盘
09:58:07,33.31,0.0,30,99933,卖盘
09:58:10,33.3,-0.01,826,2751068,卖盘
09:58:13,33.3,0.0,555,1848150,买盘
09:58:15,33.3,0.0,28,93237,买盘
09:58:19,33.3,0.0,101,336253,买盘
09:58:22,33.3,0.0,14,46610,买盘
09:58:24,33.3,0.0,147,489378,买盘
09:58:27,33.29,-0.01,75,249731,卖盘
09:58:31,33.3,0.01,29,96554,买盘
09:58:33,33.29,-0.01,64,213076,中性盘
09:58:36,33.28,-0.01,2,7324,卖盘
09:58:40,33.29,0.01,87,288938,买盘
09:58:43,33.27,-0.02,10,35932,卖盘
09:58:46,33.28,0.01,55,183071,买盘
09:58:49,33.29,0.01,26,86548,买盘
09:58:52,33.28,-0.01,49,163072,卖盘
09:58:55,33.28,0.0,25,83221,卖盘
09:58:58,33.28,0.0,10,33274,买盘
09:59:01,33.28,0.0,156,516495,买盘
09:59:04,33.28,0.0,143,475889,买盘
09:59:07,33.28,0.0,34,113129,买盘
09:59:10,33.28,0.0,506,1684743,买盘
09:59:13,33.27,-0.01,27,89847,卖盘
09:59:15,33.27,0.0,24,79889,卖盘
09:59:19,33.28,0.01,15,49915,买盘
09:59:21,33.28,0.0,31,103168,卖盘
09:59:24,33.28,0.0,32,106512,卖盘
09:59:28,33.28,0.0,28,93188,卖盘
09:59:31,33.29,0.01,266,885632,买盘
09:59:34,33.28,-0.01,19,63240,卖盘
09:59:37,33.29,0.01,21,69890,买盘
09:59:40,33.28,-0.01,12,39936,卖盘
09:59:43,33.28,0.0,100,332890,卖盘
09:59:46,33.28,0.0,3,9984,卖盘
09:59:48,33.29,0.01,97,322822,买盘
09:59:52,33.29,0.0,628,2092579,买盘
09:59:55,33.29,0.0,276,919022,卖盘
09:59:57,33.29,0.0,12,39956,卖盘
10:00:01,33.3,0.01,141,469506,买盘
10:00:04,33.3,0.0,187,622710,买盘
10:00:07,33.3,0.0,152,506272,卖盘
10:00:09,33.3,0.0,61,203143,卖盘
10:00:12,33.31,0.01,41,136534,买盘
10:00:15,33.31,0.0,147,489550,买盘
10:00:19,33.31,0.0,61,203176,买盘
10:00:22,33.3,-0.01,87,289792,卖盘
10:00:24,33.3,0.0,225,749317,卖盘
10:00:28,33.31,0.01,37,123214,买盘
10:00:31,33.3,-0.01,14,46626,卖盘
10:00:34,33.3,0.0,41,136543,买盘
10:00:36,33.3,0.0,495,1649152,买盘
10:00:40,33.32,0.02,331,1102683,买盘
10:00:43,33.31,-0.01,22,73284,买盘
10:00:46,33.31,0.0,36,119944,卖盘
10:00:49,33.3,-0.01,240,799383,卖盘
10:00:52,33.32,0.02,76,253174,买盘
10:00:55,33.32,0.0,18,59974,买盘
10:00:58,33.32,0.0,109,363039,买盘
10:01:01,33.32,0.0,28,93276,买盘
10:01:04,33.32,0.0,639,2129148,买盘
10:01:07,33.33,0.01,34,113314,买盘
10:01:10,33.32,-0.01,75,249900,卖盘
10:01:13,33.32,0.0,174,579910,卖盘
10:01:16,33.32,0.0,69,229908,卖盘
10:01:19,33.32,0.0,7,23328,卖盘
10:01:22,33.32,0.0,71,236631,卖盘
10:01:24,33.33,0.01,9,29992,买盘
10:01:28,33.33,0.0,258,859908,买盘
10:01:30,33.33,0.0,8,26663,买盘
10:01:34,33.32,-0.01,219,729917,卖盘
10:01:37,33.32,0.0,17,56657,卖盘
10:01:40,33.33,0.01,95,316635,买盘
10:01:43,33.33,0.0,25,83325,买盘
10:01:46,33.33,0.0,86,286635,买盘
10:01:48,33.33,0.0,116,386584,买盘
10:01:52,33.32,-0.01,133,443302,卖盘
10:01:55,33.33,0.01,547,1824035,买盘
10:01:58,33.32,-0.01,69,229941,卖盘
10:02:00,33.32,0.0,101,336501,卖盘
10:02:04,33.32,0.0,369,1229330,买盘
10:02:07,33.33,0.01,237,789697,买盘
10:02:10,33.32,-0.01,251,836332,卖盘
10:02:13,33.32,0.0,36,119934,买盘
10:02:16,33.32,0.0,90,299880,买盘
10:02:19,33.32,0.0,14,46644,买盘
10:02:22,33.31,-0.01,24,79953,卖盘
10:02:25,33.31,0.0,100,333153,卖盘
10:02:28,33.31,0.0,86,286466,买盘
10:02:31,33.3,-0.01,51,169830,卖盘
10:02:34,33.31,0.01,96,319689,买盘
10:02:37,33.3,-0.01,19,63270,卖盘
10:02:40,33.3,0.0,6,19980,买盘
10:02:43,33.3,0.0,37,123177,买盘
10:02:46,33.29,-0.01,8,26632,卖盘
10:02:48,33.3,0.01,53,176443,买盘
10:02:52,33.29,-0.01,27,87719,卖盘
10:02:55,33.29,0.0,98,326187,买盘
10:02:58,33.28,-0.01,86,286236,卖盘
10:03:01,33.27,-0.01,23,76548,卖盘
10:03:04,33.28,0.01,125,416098,买盘
10:03:07,33.3,0.02,264,880538,买盘
10:03:10,33.29,-0.01,73,243031,卖盘
10:03:12,33.3,0.01,162,539455,买盘
10:03:16,33.3,0.0,12,39958,买盘
10:03:19,33.28,-0.02,241,802358,卖盘
10:03:21,33.28,0.0,20,66560,卖盘
10:03:25,33.3,0.02,15,49948,买盘
10:03:28,33.31,0.01,187,622709,买盘
10:03:31,33.28,-0.03,243,808958,卖盘
10:03:34,33.31,0.03,540,1797169,买盘
10:03:37,33.3,-0.01,40,133212,卖盘
10:03:40,33.3,0.0,17,56610,卖盘
10:03:43,33.3,0.0,188,626050,卖盘
10:03:46,33.31,0.01,48,159848,买盘
10:03:49,33.3,-0.01,26,86585,卖盘
10:03:51,33.3,0.0,6,19982,卖盘
10:03:55,33.3,0.0,53,176495,卖盘
10:03:58,33.3,0.0,50,166537,卖盘
10:04:01,33.3,0.0,16,53280,卖盘
10:04:04,33.3,0.0,152,506284,卖盘
10:04:07,33.31,0.01,66,219846,买盘
10:04:09,33.31,0.0,10,33311,卖盘
10:04:13,33.31,0.0,29,96599,卖盘
10:04:16,33.31,0.0,113,376403,卖盘
10:04:19,33.31,0.0,186,619566,卖盘
10:04:21,33.31,0.0,20,66626,卖盘
10:04:25,33.32,0.01,8,26656,买盘
10:04:28,33.31,-0.01,37,123258,卖盘
10:04:30,33.32,0.01,42,139908,买盘
10:04:34,33.32,0.0,57,189878,买盘
10:04:37,33.32,0.0,39,129915,买盘
10:04:40,33.31,-0.01,16,53302,卖盘
10:04:43,33.31,0.0,10,33310,卖盘
10:04:45,33.31,0.0,18,59960,卖盘
10:04:49,33.31,0.0,38,126585,卖盘
10:04:52,33.31,0.0,36,119916,卖盘
10:04:55,33.31,0.0,49,163222,卖盘
10:04:58,33.31,0.0,63,209854,卖盘
10:05:03,33.31,0.0,784,2611663,卖盘
10:05:06,33.32,0.01,275,916299,买盘
10:05:10,33.31,-0.01,111,369749,卖盘
10:05:13,33.32,0.01,20,66625,买盘
10:05:16,33.31,-0.01,9,29979,卖盘
10:05:19,33.31,0.0,51,169885,卖盘
10:05:22,33.3,-0.01,13,43297,卖盘
10:05:25,33.31,0.01,9,29979,买盘
10:05:28,33.31,0.0,75,249779,买盘
10:05:31,33.29,-0.02,37,123242,卖盘
10:05:34,33.3,0.01,3,9990,买盘
10:05:36,33.3,0.0,34,113180,买盘
10:05:40,33.29,-0.01,51,169829,中性盘
10:05:43,33.3,0.01,55,183146,买盘
10:05:46,33.28,-0.02,2,6656,卖盘
10:05:48,33.28,0.0,8,26626,卖盘
10:05:52,33.28,0.0,12,39939,卖盘
10:05:54,33.28,0.0,13,43254,买盘
10:05:58,33.28,0.0,11,36608,买盘
10:06:01,33.28,0.0,92,306176,买盘
10:06:04,33.28,0.0,13,43273,卖盘
10:06:07,33.29,0.01,74,246353,买盘
10:06:10,33.29,0.0,164,546024,卖盘
10:06:12,33.3,0.01,62,206450,买盘
10:06:16,33.29,-0.01,316,1051978,卖盘
10:06:19,33.29,0.0,10,33292,卖盘
10:06:22,33.28,-0.01,10,33288,卖盘
10:06:24,33.29,0.01,15,49935,买盘
10:06:27,33.28,-0.01,39,129792,卖盘
10:06:31,33.29,0.01,26,86551,买盘
10:06:34,33.28,-0.01,64,213079,卖盘
10:06:36,33.29,0.01,84,279570,买盘
10:06:39,33.28,-0.01,83,276328,卖盘
10:06:42,33.3,0.02,31,103226,买盘
10:06:46,33.28,-0.02,65,216391,卖盘
10:06:48,33.28,0.0,536,1784499,卖盘
10:06:52,33.29,0.01,122,406322,中性盘
10:06:55,33.29,0.0,101,336219,买盘
10:06:57,33.29,0.0,2,6659,卖盘
10:07:01,33.3,0.01,30,99893,买盘
10:07:04,33.31,0.01,81,269805,买盘
10:07:07,33.31,0.0,415,1382406,买盘
10:07:10,33.32,0.01,307,1022904,买盘
10:07:13,33.33,0.01,317,1056289,买盘
10:07:16,33.33,0.0,6,19998,买盘
10:07:19,33.32,-0.01,59,196631,卖盘
10:07:22,33.33,0.01,364,1213160,买盘
10:07:25,33.31,-0.02,15,49982,卖盘
10:07:28,33.33,0.02,70,233198,买盘
10:07:31,33.31,-0.02,73,243282,卖盘
10:07:34,33.32,0.01,29,96628,中性盘
10:07:37,33.31,-0.01,24,79957,卖盘
10:07:40,33.32,0.01,167,556512,中性盘
10:07:43,33.31,-0.01,336,1119325,卖盘
10:07:46,33.3,-0.01,44,146793,卖盘
10:07:49,33.3,0.0,116,386017,卖盘
10:07:52,33.3,0.0,42,139831,买盘
10:07:55,33.3,0.0,14,46620,买盘
10:07:58,33.3,0.0,183,609371,买盘
10:08:01,33.29,-0.01,137,456191,卖盘
10:08:04,33.29,0.0,16,53265,卖盘
10:08:07,33.31,0.02,114,379570,买盘
10:08:10,33.31,0.0,326,1085648,买盘
10:08:12,33.3,-0.01,109,362972,中性盘
10:08:16,33.3,0.0,1,3330,买盘
10:08:19,33.29,-0.01,329,1095246,卖盘
10:08:22,33.29,0.0,198,659142,卖盘
10:08:25,33.29,0.0,110,366190,买盘
10:08:28,33.28,-0.01,15,49925,卖盘
10:08:31,33.28,0.0,18,59904,卖盘
10:08:34,33.28,0.0,93,309505,卖盘
10:08:36,33.29,0.01,2,6658,买盘
10:08:40,33.28,-0.01,467,1554176,卖盘
10:08:42,33.26,-0.02,153,508878,卖盘
10:08:46,33.24,-0.02,203,674898,卖盘
10:08:48,33.26,0.02,10,33244,买盘
10:08:52,33.25,-0.01,5,16625,卖盘
10:08:55,33.23,-0.02,28,93057,卖盘
10:08:58,33.23,0.0,45,149539,卖盘
10:09:01,33.23,0.0,17,56487,买盘
10:09:04,33.23,0.0,139,461904,买盘
10:09:06,33.24,0.01,91,302425,买盘
10:09:09,33.24,0.0,75,249269,买盘
10:09:13,33.25,0.01,19,63161,买盘
10:09:16,33.24,-0.01,580,1927386,卖盘
10:09:19,33.24,0.0,31,103034,买盘
10:09:21,33.23,-0.01,76,252530,卖盘
10:09:25,33.23,0.0,6,19938,买盘
10:09:28,33.23,0.0,27,89714,买盘
10:09:31,33.22,-0.01,92,305624,卖盘
10:09:33,33.21,-0.01,59,195977,卖盘
10:09:37,33.21,0.0,16,53136,买盘
10:09:40,33.21,0.0,1,3321,买盘
10:09:43,33.22,0.01,305,1012970,买盘
10:09:46,33.2,-0.02,40,132817,卖盘
10:09:49,33.2,0.0,23,76362,卖盘
10:09:52,33.21,0.01,170,564396,买盘
10:09:55,33.2,-0.01,26,86337,卖盘
10:09:58,33.18,-0.02,50,165923,卖盘
10:10:01,33.18,0.0,101,335119,卖盘
10:10:03,33.2,0.02,74,245617,买盘
10:10:07,33.2,0.0,279,926251,买盘
10:10:10,33.2,0.0,111,368520,卖盘
10:10:12,33.21,0.01,27,89656,买盘
10:10:16,33.21,0.0,26,86357,卖盘
10:10:19,33.22,0.01,463,1537256,买盘
10:10:22,33.21,-0.01,11,36539,卖盘
10:10:24,33.22,0.01,113,375275,买盘
10:10:28,33.22,0.0,152,504796,买盘
10:10:31,33.21,-0.01,90,298915,卖盘
10:10:33,33.21,0.0,91,302269,卖盘
10:10:37,33.22,0.01,82,272431,中性盘
10:10:40,33.19,-0.03,474,1574042,卖盘
10:10:43,33.2,0.01,42,139440,买盘
10:10:46,33.2,0.0,6,19920,买盘
10:10:49,33.2,0.0,33,109537,买盘
10:10:52,33.19,-0.01,136,451381,卖盘
10:10:55,33.2,0.01,72,238966,买盘
10:10:58,33.19,-0.01,70,232377,卖盘
10:11:01,33.19,0.0,41,136100,买盘
10:11:04,33.2,0.01,39,129457,买盘
10:11:07,33.2,0.0,233,773562,买盘
10:11:09,33.21,0.01,25,83010,买盘
10:11:13,33.21,0.0,24,79689,买盘
10:11:16,33.21,0.0,127,421650,买盘
10:11:22,33.21,0.0,334,1109017,卖盘
10:11:25,33.21,0.0,15,49814,中性盘
10:11:28,33.2,-0.01,37,122847,卖盘
10:11:31,33.2,0.0,28,92960,卖盘
10:11:34,33.2,0.0,4,13280,买盘
10:11:36,33.2,0.0,25,83000,买盘
10:11:40,33.2,0.0,46,152680,买盘
10:11:43,33.2,0.0,14,46479,买盘
10:11:45,33.19,-0.01,72,239039,卖盘
10:11:49,33.2,0.01,25,82978,买盘
10:11:52,33.2,0.0,6,19920,买盘
10:11:55,33.19,-0.01,38,126129,卖盘
10:11:58,33.2,0.01,11,36520,买盘
10:12:01,33.19,-0.01,60,199140,卖盘
10:12:04,33.2,0.01,119,394975,买盘
10:12:07,33.21,0.01,132,438160,买盘
10:12:10,33.2,-0.01,26,86324,卖盘
10:12:13,33.21,0.01,18,59778,买盘
10:12:16,33.21,0.0,5,16605,买盘
10:12:18,33.2,-0.01,28,92977,卖盘
10:12:22,33.21,0.01,584,1939812,买盘
10:12:25,33.22,0.01,16,53150,买盘
10:12:28,33.22,0.0,19,63107,买盘
10:12:31,33.21,-0.01,94,312172,卖盘
10:12:37,33.2,-0.01,41,136122,卖盘
10:12:40,33.21,0.01,11,36521,买盘
10:12:46,33.2,-0.01,13,43167,卖盘
10:12:49,33.22,0.02,95,315590,买盘
10:12:52,33.2,-0.02,43,142869,卖盘
10:12:55,33.21,0.01,19,63094,买盘
10:12:58,33.21,0.0,1,3321,买盘
10:13:01,33.2,-0.01,19,63080,卖盘
10:13:03,33.21,0.01,118,391878,买盘
10:13:07,33.21,0.0,48,159408,买盘
10:13:10,33.22,0.01,13,43174,买盘
10:13:12,33.21,-0.01,28,92999,卖盘
10:13:16,33.21,0.0,9,29891,卖盘
10:13:19,33.22,0.01,115,381928,买盘
10:13:22,33.23,0.01,38,126234,买盘
10:13:25,33.22,-0.01,204,677493,买盘
10:13:28,33.22,0.0,5,16610,买盘
10:13:31,33.21,-0.01,31,102953,卖盘
10:13:33,33.21,0.0,16,53136,卖盘
10:13:37,33.21,0.0,8,26568,买盘
10:13:40,33.22,0.01,281,933282,买盘
10:13:43,33.22,0.0,120,398640,卖盘
10:13:49,33.21,-0.01,33,109618,卖盘
10:13:51,33.22,0.01,7,23253,买盘
10:13:55,33.2,-0.02,33,109566,卖盘
10:13:58,33.22,0.02,66,219202,买盘
10:14:01,33.23,0.01,39,129581,买盘
10:14:03,33.24,0.01,45,149536,买盘
10:14:06,33.24,0.0,109,362259,买盘
10:14:10,33.24,0.0,10,33240,卖盘
10:14:13,33.24,0.0,55,182820,卖盘
10:14:18,33.24,0.0,23,74890,卖盘
10:14:22,33.25,0.01,52,172849,买盘
10:14:25,33.25,0.0,16,53197,买盘
10:14:28,33.24,-0.01,13,43222,卖盘
10:14:30,33.24,0.0,88,292512,卖盘
10:14:33,33.25,0.01,14,46538,买盘
10:14:37,33.25,0.0,16,53188,买盘
10:14:40,33.25,0.0,15,49869,买盘
10:14:43,33.25,0.0,36,119696,买盘
10:14:46,33.25,0.0,62,206110,买盘
10:14:49,33.25,0.0,5,16625,买盘
10:14:52,33.24,-0.01,103,342372,卖盘
10:14:54,33.24,0.0,21,69810,卖盘
10:14:58,33.25,0.01,36,119700,买盘
10:15:01,33.25,0.0,112,372337,买盘
10:15:04,33.25,0.0,1,3325,卖盘
10:15:06,33.26,0.01,31,103103,买盘
10:15:10,33.27,0.01,220,731676,买盘
10:15:13,33.26,-0.01,73,242798,卖盘
10:15:16,33.25,-0.01,153,508726,卖盘
10:15:19,33.24,-0.01,456,1517305,卖盘
10:15:21,33.22,-0.02,96,318932,卖盘
10:15:24,33.2,-0.02,83,275566,卖盘
10:15:28,33.2,0.0,18,59760,买盘
10:15:31,33.19,-0.01,18,59748,卖盘
10:15:34,33.19,0.0,137,454703,卖盘
10:15:37,33.19,0.0,4,13276,买盘
10:15:40,33.18,-0.01,30,99560,卖盘
10:15:43,33.18,0.0,59,195768,卖盘
10:15:46,33.18,0.0,10,33180,卖盘
10:15:49,33.18,0.0,28,92904,卖盘
10:15:51,33.18,0.0,216,716685,卖盘
10:15:55,33.18,0.0,2,6636,买盘
10:15:58,33.16,-0.02,115,381438,卖盘
10:16:00,33.17,0.01,120,398040,卖盘
10:16:04,33.16,-0.01,7,23217,卖盘
10:16:07,33.17,0.01,251,832599,买盘
10:16:10,33.17,0.0,14,46449,卖盘
10:16:13,33.18,0.01,123,408001,买盘
10:16:16,33.18,0.0,15,49758,买盘
10:16:19,33.18,0.0,6,19907,买盘
10:16:22,33.18,0.0,195,646831,买盘
10:16:25,33.17,-0.01,31,102838,卖盘
10:16:27,33.17,0.0,60,199030,卖盘
10:16:31,33.18,0.01,81,268694,买盘
10:16:34,33.18,0.0,153,507528,买盘
10:16:37,33.18,0.0,129,427970,买盘
10:16:40,33.17,-0.01,301,998417,卖盘
10:16:43,33.17,0.0,22,72954,买盘
10:16:46,33.17,0.0,14,46438,买盘
10:16:49,33.16,-0.01,36,119379,卖盘
10:16:52,33.16,0.0,340,1127440,卖盘
10:16:55,33.16,0.0,10,33157,买盘
10:16:58,33.16,0.0,241,798859,买盘
10:17:01,33.16,0.0,240,795531,买盘
10:17:04,33.15,-0.01,13,43095,中性盘
10:17:07,33.15,0.0,106,351390,买盘
10:17:10,33.15,0.0,224,742560,卖盘
10:17:12,33.16,0.01,50,165761,买盘
10:17:15,33.15,-0.01,82,271861,卖盘
10:17:19,33.15,0.0,108,358020,卖盘
10:17:22,33.15,0.0,131,434251,卖盘
10:17:25,33.14,-0.01,115,381224,中性盘
10:17:28,33.15,0.01,3,9943,买盘
10:17:31,33.13,-0.02,7,23195,卖盘
10:17:35,33.13,0.0,74,245162,卖盘
10:17:37,33.13,0.0,5,16565,买盘
10:17:40,33.1,-0.03,500,1655135,卖盘
10:17:43,33.12,0.02,1,3312,中性盘
10:17:46,33.12,0.0,18,59616,买盘
10:17:48,33.11,-0.01,157,519866,卖盘
10:17:52,33.11,0.0,91,301307,卖盘
10:17:55,33.11,0.0,12,39729,买盘
10:17:58,33.11,0.0,100,331019,买盘
10:18:01,33.1,-0.01,14,46350,卖盘
10:18:04,33.1,0.0,125,413872,卖盘
10:18:07,33.11,0.01,499,1652113,买盘
10:18:10,33.13,0.02,105,347684,买盘
10:18:13,33.11,-0.02,192,635733,卖盘
10:18:16,33.11,0.0,43,142374,买盘
10:18:19,33.13,0.02,30,99361,买盘
10:18:21,33.11,-0.02,120,397340,卖盘
10:18:24,33.12,0.01,315,1042969,买盘
10:18:28,33.12,0.0,10,33120,卖盘
10:18:30,33.12,0.0,57,188784,卖盘
10:18:35,33.13,0.01,24,79491,买盘
10:18:37,33.12,-0.01,170,563095,卖盘
10:18:40,33.12,0.0,10,33123,卖盘
10:18:43,33.15,0.03,9,29835,买盘
10:18:45,33.12,-0.03,67,221958,卖盘
10:18:52,33.12,0.0,33,109296,买盘
10:18:55,33.11,-0.01,56,185416,卖盘
10:18:58,33.11,0.0,20,66218,买盘
10:19:01,33.11,0.0,12,39732,买盘
10:19:05,33.11,0.0,76,251636,买盘
10:19:07,33.12,0.01,241,798185,买盘
10:19:10,33.13,0.01,94,311329,买盘
10:19:13,33.12,-0.01,15,49694,卖盘
10:19:16,33.13,0.01,33,109304,中性盘
10:19:18,33.12,-0.01,134,443820,卖盘
10:19:22,33.15,0.03,12,39777,买盘
10:19:25,33.13,-0.02,9,29817,卖盘
10:19:28,33.15,0.02,88,291549,买盘
10:19:31,33.11,-0.04,13,43044,卖盘
10:19:34,33.12,0.01,22,72869,中性盘
10:19:37,33.12,0.0,2,6624,买盘
10:19:40,33.12,0.0,15,49680,买盘
10:19:43,33.15,0.03,38,125944,买盘
10:19:50,33.14,-0.01,19,62964,买盘
10:19:52,33.12,-0.02,14,46381,卖盘
10:19:55,33.12,0.0,4,13249,卖盘
10:19:58,33.13,0.01,39,129178,买盘
10:20:01,33.13,0.0,7,23189,买盘
10:20:05,33.13,0.0,94,311422,买盘
10:20:06,33.14,0.01,63,208735,买盘
10:20:10,33.14,0.0,2,6628,卖盘
10:20:13,33.14,0.0,1,3314,卖盘
10:20:16,33.15,0.01,41,135877,买盘
10:20:20,33.15,0.0,5,16575,买盘
10:20:22,33.15,0.0,36,119307,买盘
10:20:25,33.15,0.0,1,3315,买盘
10:20:27,33.15,0.0,7,23205,买盘
10:20:31,33.15,0.0,120,397775,买盘
10:20:35,33.16,0.01,59,195634,买盘
10:20:37,33.17,0.01,265,878994,买盘
10:20:40,33.18,0.01,39,129364,买盘
10:20:43,33.17,-0.01,41,136005,卖盘
10:20:46,33.18,0.01,133,441196,买盘
10:20:50,33.17,-0.01,72,238894,卖盘
10:20:52,33.18,0.01,14,46451,买盘
10:20:55,33.18,0.0,77,255423,买盘
10:20:58,33.18,0.0,33,109494,买盘
10:21:01,33.18,0.0,16,53088,买盘
10:21:05,33.18,0.0,56,185766,卖盘
10:21:08,33.19,0.01,22,73010,买盘
10:21:10,33.19,0.0,33,109528,卖盘
10:21:16,33.2,0.01,11,36520,买盘
10:21:20,33.19,-0.01,38,126122,卖盘
10:21:21,33.19,0.0,8,26553,卖盘
10:21:25,33.2,0.01,17,56440,买盘
10:21:28,33.19,-0.01,15,49785,卖盘
10:21:30,33.19,0.0,16,53114,卖盘
10:21:33,33.2,0.01,34,112880,买盘
10:21:40,33.2,0.0,53,176116,卖盘
10:21:43,33.22,0.02,24,79688,中性盘
10:21:48,33.2,-0.02,49,162693,卖盘
10:21:52,33.2,0.0,23,76360,卖盘
10:21:58,33.2,0.0,30,99607,卖盘
10:22:01,33.25,0.05,256,850771,买盘
10:22:04,33.25,0.0,8,26597,买盘
10:22:07,33.25,0.0,198,658020,买盘
10:22:10,33.25,0.0,55,182875,卖盘
10:22:16,33.22,-0.03,5,16613,卖盘
10:22:20,33.22,0.0,14,46529,卖盘
10:22:22,33.22,0.0,35,116276,卖盘
10:22:25,33.21,-0.01,10,33210,卖盘
10:22:27,33.21,0.0,12,39852,买盘
10:22:35,33.21,0.0,17,56457,买盘
10:22:40,33.2,-0.01,28,92968,卖盘
10:22:43,33.21,0.01,9,29883,买盘
10:22:46,33.2,-0.01,6,19921,卖盘
10:22:50,33.21,0.01,31,102947,买盘
10:22:52,33.2,-0.01,31,102920,买盘
10:22:56,33.19,-0.01,17,56423,卖盘
10:23:00,33.2,0.01,54,179268,买盘
10:23:05,33.2,0.0,90,298800,卖盘
10:23:08,33.21,0.01,640,2124420,买盘
10:23:10,33.21,0.0,24,79704,卖盘
10:23:13,33.22,0.01,1,3322,买盘
10:23:20,33.21,-0.01,228,757188,卖盘
10:23:22,33.22,0.01,1,3322,买盘
10:23:25,33.21,-0.01,22,73062,卖盘
10:23:35,33.21,0.0,75,249075,卖盘
10:23:37,33.22,0.01,11,36532,买盘
10:23:43,33.21,-0.01,131,435041,卖盘
10:23:46,33.21,0.0,6,19926,买盘
10:23:48,33.2,-0.01,39,129510,卖盘
10:23:52,33.2,0.0,1,3320,卖盘
10:23:56,33.2,0.0,3,9960,买盘
10:23:58,33.2,0.0,42,139418,买盘
10:24:00,33.2,0.0,110,365098,买盘
10:24:05,33.19,-0.01,61,202515,卖盘
10:24:08,33.2,0.01,75,248981,买盘
10:24:10,33.2,0.0,7,23240,卖盘
10:24:13,33.2,0.0,15,49805,卖盘
10:24:16,33.2,0.0,125,415045,卖盘
10:24:20,33.2,0.0,5,16600,卖盘
10:24:21,33.2,0.0,44,146080,卖盘
10:24:25,33.21,0.01,11,36524,买盘
10:24:28,33.2,-0.01,26,86340,卖盘
10:24:32,33.2,0.0,5,16600,卖盘
10:24:35,33.2,0.0,15,49798,买盘
10:24:37,33.2,0.0,30,99600,买盘
10:24:40,33.2,0.0,5,16600,买盘
10:24:43,33.2,0.0,6,19918,买盘
10:24:46,33.19,-0.01,13,43152,卖盘
10:24:50,33.19,0.0,2,6638,买盘
10:24:52,33.19,0.0,20,66380,买盘
10:24:56,33.19,0.0,8,26545,买盘
10:24:58,33.19,0.0,35,116196,卖盘
10:25:02,33.2,0.01,122,405040,买盘
10:25:05,33.2,0.0,38,126104,买盘
10:25:08,33.2,0.0,137,454840,买盘
10:25:10,33.2,0.0,1,3320,卖盘
10:25:13,33.2,0.0,66,219091,卖盘
10:25:16,33.21,0.01,57,189285,买盘
10:25:20,33.21,0.0,63,209162,买盘
10:25:22,33.21,0.0,327,1085641,买盘
10:25:25,33.21,0.0,26,86321,买盘
10:25:28,33.2,-0.01,37,122840,卖盘
10:25:32,33.21,0.01,11,36531,买盘
10:25:35,33.21,0.0,19,63099,买盘
10:25:36,33.21,0.0,117,388441,买盘
10:25:43,33.2,-0.01,55,182614,卖盘
10:25:45,33.2,0.0,7,23241,买盘
10:25:50,33.21,0.01,11,36530,买盘
10:25:52,33.2,-0.01,16,53120,卖盘
10:25:57,33.2,0.0,8,26557,卖盘
10:26:02,33.2,0.0,57,189185,买盘
10:26:05,33.21,0.01,154,511310,买盘
10:26:06,33.21,0.0,114,378586,买盘
10:26:13,33.21,0.0,106,352114,卖盘
10:26:16,33.22,0.01,100,332136,买盘
10:26:20,33.22,0.0,9,29898,卖盘
10:26:22,33.22,0.0,8,26576,卖盘
10:26:25,33.21,-0.01,7,23251,卖盘
10:26:29,33.22,0.01,13,43186,买盘
10:26:32,33.21,-0.01,13,43179,卖盘
10:26:35,33.22,0.01,16,53152,买盘
10:26:36,33.21,-0.01,90,298890,卖盘
10:26:40,33.21,0.0,13,43173,卖盘
10:26:44,33.22,0.01,13,43186,买盘
10:26:45,33.22,0.0,4,13288,买盘
10:26:50,33.2,-0.02,21,69734,卖盘
10:26:56,33.2,0.0,13,43168,卖盘
10:27:05,33.22,0.02,61,202582,买盘
10:27:08,33.22,0.0,130,431811,买盘
10:27:10,33.22,0.0,4,13288,卖盘
10:27:13,33.23,0.01,3,9969,买盘
10:27:16,33.23,0.0,55,182755,买盘
10:27:20,33.22,-0.01,113,375436,卖盘
10:27:21,33.23,0.01,18,59801,买盘
10:27:25,33.23,0.0,9,29907,买盘
10:27:29,33.23,0.0,79,262446,买盘
10:27:32,33.22,-0.01,7,23258,卖盘
10:27:35,33.24,0.02,107,355569,买盘
10:27:37,33.23,-0.01,81,269103,卖盘
10:27:40,33.23,0.0,6,19936,买盘
10:27:44,33.23,0.0,17,56490,买盘
10:27:46,33.23,0.0,33,109658,买盘
10:27:49,33.23,0.0,136,451908,买盘
10:27:52,33.23,0.0,32,106336,卖盘
10:27:58,33.23,0.0,13,43199,卖盘
10:28:00,33.22,-0.01,47,156171,卖盘
10:28:05,33.23,0.01,615,2043161,买盘
10:28:08,33.24,0.01,261,867557,买盘
10:28:10,33.25,0.01,2,6649,买盘
10:28:13,33.24,-0.01,3,9972,卖盘
10:28:16,33.24,0.0,277,920748,卖盘
10:28:20,33.24,0.0,48,159597,卖盘
10:28:22,33.24,0.0,40,132957,买盘
10:28:25,33.24,0.0,81,269217,买盘
10:28:29,33.23,-0.01,62,206046,卖盘
10:28:32,33.21,-0.02,35,116306,卖盘
10:28:35,33.2,-0.01,20,66424,卖盘
10:28:37,33.21,0.01,4,13284,买盘
10:28:40,33.19,-0.02,101,335317,卖盘
10:28:43,33.2,0.01,1,3320,中性盘
10:28:45,33.19,-0.01,12,39829,卖盘
10:28:50,33.19,0.0,1,3319,买盘
10:28:52,33.18,-0.01,43,142682,卖盘
10:28:56,33.18,0.0,14,46452,卖盘
10:28:58,33.17,-0.01,43,142636,卖盘
10:29:02,33.18,0.01,8,26542,买盘
10:29:05,33.18,0.0,132,437972,买盘
10:29:06,33.17,-0.01,18,59693,中性盘
10:29:10,33.17,0.0,108,358236,买盘
10:29:13,33.15,-0.02,311,1031517,卖盘
10:29:16,33.17,0.02,11,36487,中性盘
10:29:20,33.16,-0.01,50,165836,买盘
10:29:22,33.16,0.0,70,232120,买盘
10:29:25,33.16,0.0,51,169116,买盘
10:29:29,33.16,0.0,16,53055,买盘
10:29:30,33.15,-0.01,16,53054,卖盘
10:29:35,33.15,0.0,36,119364,卖盘
10:29:37,33.17,0.02,27,89533,买盘
10:29:40,33.16,-0.01,16,53061,卖盘
10:29:43,33.17,0.01,12,39801,买盘
10:29:46,33.17,0.0,61,202325,买盘
10:29:50,33.16,-0.01,16,53067,卖盘
10:29:52,33.16,0.0,3,9948,卖盘
10:29:58,33.16,0.0,35,116082,卖盘
10:30:02,33.17,0.01,152,504150,买盘
10:30:03,33.17,0.0,94,311797,买盘
10:30:08,33.17,0.0,383,1270394,买盘
10:30:11,33.18,0.01,253,839450,买盘
10:30:13,33.2,0.02,96,318714,买盘
10:30:16,33.21,0.01,103,341964,买盘
10:30:20,33.22,0.01,7,23254,买盘
10:30:22,33.17,-0.05,151,501132,卖盘
10:30:25,33.24,0.07,229,761181,买盘
10:30:29,33.24,0.0,8,26593,卖盘
10:30:32,33.25,0.01,3,9975,买盘
10:30:33,33.24,-0.01,5,16620,卖盘
10:30:37,33.25,0.01,30,99734,买盘
10:30:41,33.25,0.0,1,3325,买盘
10:30:43,33.24,-0.01,26,86440,卖盘
10:30:46,33.25,0.01,101,335803,买盘
10:30:52,33.24,-0.01,10,33240,卖盘
10:30:55,33.24,0.0,65,216060,卖盘
10:30:58,33.24,0.0,18,59847,卖盘
10:31:02,33.25,0.01,124,412298,买盘
10:31:05,33.25,0.0,300,997500,买盘
10:31:08,33.25,0.0,23,76475,买盘
10:31:11,33.24,-0.01,604,2008242,卖盘
10:31:13,33.26,0.02,4,13304,买盘
10:31:16,33.26,0.0,353,1174077,买盘
10:31:20,33.25,-0.01,91,302632,卖盘
10:31:22,33.24,-0.01,166,551948,卖盘
10:31:25,33.25,0.01,40,133000,买盘
10:31:32,33.25,0.0,75,249373,买盘
10:31:37,33.25,0.0,74,246050,买盘
10:31:41,33.27,0.02,2,6653,买盘
10:31:43,33.27,0.0,213,708596,买盘
10:31:45,33.25,-0.02,139,462417,卖盘
10:31:50,33.25,0.0,16,53200,买盘
10:31:52,33.25,0.0,1,3325,买盘
10:31:55,33.25,0.0,18,59850,买盘
10:31:58,33.25,0.0,1,3325,卖盘
10:32:02,33.26,0.01,41,136366,买盘
10:32:05,33.27,0.01,36,119737,买盘
10:32:08,33.26,-0.01,105,349239,卖盘
10:32:11,33.26,0.0,496,1649696,买盘
10:32:13,33.26,0.0,44,146328,买盘
10:32:16,33.25,-0.01,104,345864,卖盘
10:32:18,33.26,0.01,10,33257,中性盘
10:32:22,33.26,0.0,43,143018,卖盘
10:32:25,33.26,0.0,427,1420044,买盘
10:32:29,33.27,0.01,10,33269,买盘
10:32:32,33.26,-0.01,2,6652,卖盘
10:32:35,33.27,0.01,22,73194,买盘
10:32:37,33.26,-0.01,18,59869,卖盘
10:32:40,33.26,0.0,2,6652,卖盘
10:32:43,33.27,0.01,56,186292,买盘
10:32:46,33.26,-0.01,141,468978,卖盘
10:32:48,33.27,0.01,12,39922,买盘
10:32:52,33.26,-0.01,46,152996,卖盘
10:32:55,33.26,0.0,355,1180730,卖盘
10:32:58,33.27,0.01,76,252852,买盘
10:33:02,33.27,0.0,49,163019,买盘
10:33:05,33.27,0.0,65,216255,卖盘
10:33:08,33.28,0.01,83,276209,买盘
10:33:11,33.27,-0.01,596,1983408,卖盘
10:33:13,33.28,0.01,22,73216,买盘
10:33:16,33.27,-0.01,4,13308,卖盘
10:33:20,33.28,0.01,46,153088,买盘
10:33:21,33.27,-0.01,9,29943,卖盘
10:33:25,33.28,0.01,14,46591,买盘
10:33:27,33.27,-0.01,20,66540,卖盘
10:33:30,33.28,0.01,16,53242,买盘
10:33:37,33.28,0.0,1,3328,买盘
10:33:41,33.28,0.0,2,6656,买盘
10:33:44,33.27,-0.01,5,16635,卖盘
10:33:45,33.28,0.01,31,103168,买盘
10:33:49,33.27,-0.01,11,36607,卖盘
10:33:52,33.29,0.02,441,1467917,买盘
10:33:55,33.3,0.01,303,1008936,买盘
10:33:58,33.3,0.0,1345,4478810,买盘
10:34:02,33.3,0.0,400,1331997,买盘
10:34:05,33.3,0.0,187,622704,买盘
10:34:08,33.3,0.0,384,1278697,买盘
10:34:11,33.3,0.0,392,1306404,买盘
10:34:13,33.31,0.01,29,96599,买盘
10:34:16,33.3,-0.01,115,382954,卖盘
10:34:19,33.31,0.01,380,1265445,买盘
10:34:25,33.3,-0.01,145,482854,卖盘
10:34:28,33.31,0.01,47,156557,买盘
10:34:32,33.31,0.0,268,892494,买盘
10:34:35,33.3,-0.01,134,446354,卖盘
10:34:37,33.31,0.01,34,113228,卖盘
10:34:43,33.31,0.0,3,9993,卖盘
10:34:46,33.31,0.0,10,33310,卖盘
10:34:50,33.32,0.01,182,606405,买盘
10:34:52,33.33,0.01,215,716412,买盘
10:34:56,33.33,0.0,36,119978,买盘
10:34:58,33.31,-0.02,623,2075739,卖盘
10:35:02,33.32,0.01,21,69972,卖盘
10:35:05,33.33,0.01,292,973230,买盘
10:35:07,33.32,-0.01,60,199970,卖盘
10:35:11,33.32,0.0,904,3013015,卖盘
10:35:13,33.33,0.01,67,223291,买盘
10:35:16,33.33,0.0,114,379932,买盘
10:35:20,33.33,0.0,131,436608,买盘
10:35:22,33.32,-0.01,58,193264,卖盘
10:35:25,33.33,0.01,10,33330,买盘
10:35:29,33.33,0.0,184,613255,买盘
10:35:32,33.33,0.0,55,183314,买盘
10:35:35,33.31,-0.02,165,549917,卖盘
10:35:37,33.33,0.02,92,306599,买盘
10:35:41,33.32,-0.01,10,33325,中性盘
10:35:46,33.31,-0.01,359,1195829,卖盘
10:35:50,33.31,0.0,60,199860,买盘
10:35:52,33.33,0.02,232,772976,买盘
10:35:56,33.3,-0.03,58,193159,卖盘
10:35:58,33.3,0.0,34,113220,买盘
10:36:02,33.31,0.01,267,889136,买盘
10:36:05,33.3,-0.01,75,249781,中性盘
10:36:08,33.31,0.01,31,103257,中性盘
10:36:11,33.32,0.01,168,559752,买盘
10:36:13,33.32,0.0,48,159922,买盘
10:36:16,33.31,-0.01,32,106592,卖盘
10:36:19,33.32,0.01,51,169932,买盘
10:36:22,33.32,0.0,24,79971,买盘
10:36:25,33.32,0.0,15,49980,卖盘
10:36:29,33.32,0.0,97,323289,卖盘
10:36:31,33.33,0.01,209,696573,买盘
10:36:35,33.33,0.0,1686,5617592,买盘
10:36:37,33.33,0.0,47,154454,买盘
10:36:41,33.33,0.0,146,486604,买盘
10:36:43,33.33,0.0,176,586603,买盘
10:36:46,33.34,0.01,83,276638,买盘
10:36:50,33.33,-0.01,173,576771,中性盘
10:36:52,33.33,0.0,50,166657,卖盘
10:36:56,33.34,0.01,63,210042,买盘
10:36:58,33.34,0.0,90,300029,买盘
10:37:02,33.33,-0.01,81,270041,卖盘
10:37:05,33.34,0.01,172,573442,买盘
10:37:08,33.34,0.0,105,350070,买盘
10:37:10,33.35,0.01,587,1958434,买盘
10:37:13,33.34,-0.01,3,10003,卖盘
10:37:16,33.34,0.0,134,446827,卖盘
10:37:20,33.35,0.01,92,306796,买盘
10:37:22,33.35,0.0,185,616845,买盘
10:37:25,33.35,0.0,43,143391,买盘
10:37:29,33.35,0.0,398,1327219,买盘
10:37:31,33.35,0.0,79,263455,买盘
10:37:35,33.34,-0.01,155,516918,卖盘
10:37:37,33.34,0.0,18,58812,卖盘
10:37:40,33.35,0.01,158,527985,买盘
10:37:43,33.34,-0.01,21,70024,卖盘
10:37:46,33.35,0.01,12,40009,买盘
10:37:49,33.35,0.0,70,232019,买盘
10:37:52,33.35,0.0,317,1057095,买盘
10:37:56,33.35,0.0,114,380089,买盘
10:37:58,33.35,0.0,78,260130,买盘
10:38:02,33.35,0.0,211,703685,买盘
10:38:04,33.34,-0.01,192,640318,卖盘
10:38:07,33.34,0.0,302,1007034,卖盘
10:38:10,33.35,0.01,252,840203,买盘
10:38:13,33.35,0.0,34,113385,买盘
10:38:16,33.3,-0.05,688,2295464,卖盘
10:38:20,33.3,0.0,7,23308,买盘
10:38:22,33.3,0.0,45,149850,买盘
10:38:25,33.3,0.0,44,146486,买盘
10:38:29,33.3,0.0,18,59924,买盘
10:38:32,33.33,0.03,300,996888,买盘
10:38:35,33.33,0.0,123,409721,卖盘
10:38:37,33.33,0.0,51,169983,卖盘
10:38:40,33.33,0.0,168,560014,卖盘
10:38:43,33.3,-0.03,213,709923,卖盘
10:38:46,33.32,0.02,7,23324,买盘
10:38:50,33.33,0.01,113,376626,买盘
10:38:52,33.33,0.0,57,189975,卖盘
10:38:56,33.29,-0.04,67,223123,卖盘
10:38:58,33.3,0.01,31,103230,买盘
10:39:02,33.3,0.0,30,99900,买盘
10:39:05,33.3,0.0,16,53280,卖盘
10:39:08,33.3,0.0,195,649763,卖盘
10:39:11,33.33,0.03,198,659869,买盘
10:39:13,33.31,-0.02,24,79951,卖盘
10:39:16,33.33,0.02,313,1043190,买盘
10:39:20,33.32,-0.01,247,823345,中性盘
10:39:22,33.31,-0.01,551,1835565,卖盘
10:39:25,33.31,0.0,210,699632,卖盘
10:39:28,33.33,0.02,187,623384,买盘
10:39:32,33.33,0.0,20,66660,卖盘
10:39:35,33.34,0.01,31,103329,买盘
10:39:37,33.33,-0.01,67,223314,卖盘
10:39:40,33.34,0.01,11,36664,买盘
10:39:43,33.34,0.0,23,76681,买盘
10:39:46,33.33,-0.01,5,16665,卖盘
10:39:49,33.34,0.01,124,413401,买盘
10:39:52,33.35,0.01,715,2383180,买盘
10:39:56,33.35,0.0,31,103358,买盘
10:39:58,33.35,0.0,461,1537074,买盘
10:40:02,33.36,0.01,150,500368,买盘
10:40:05,33.36,0.0,31,103394,买盘
10:40:08,33.35,-0.01,166,553610,卖盘
10:40:11,33.37,0.02,459,1531569,买盘
10:40:13,33.36,-0.01,511,1705112,卖盘
10:40:16,33.37,0.01,15,50045,买盘
10:40:20,33.35,-0.02,52,173427,卖盘
10:40:22,33.35,0.0,52,173420,买盘
10:40:25,33.34,-0.01,11,36682,卖盘
10:40:29,33.34,0.0,12,40019,卖盘
10:40:31,33.37,0.03,188,627001,买盘
10:40:35,33.35,-0.02,9,30018,卖盘
10:40:37,33.36,0.01,40,133410,买盘
10:40:40,33.35,-0.01,121,403623,卖盘
10:40:43,33.35,0.0,1,3335,买盘
10:40:47,33.35,0.0,39,130030,买盘
10:40:49,33.36,0.01,203,677006,买盘
10:40:52,33.35,-0.01,8,26680,卖盘
10:40:55,33.35,0.0,137,456866,卖盘
10:40:58,33.35,0.0,7,23342,买盘
10:41:02,33.35,0.0,195,650289,买盘
10:41:05,33.35,0.0,11,36683,买盘
10:41:08,33.33,-0.02,35,116693,卖盘
10:41:10,33.35,0.02,168,560275,买盘
10:41:13,33.36,0.01,14,46691,买盘
10:41:16,33.35,-0.01,72,240120,卖盘
10:41:20,33.36,0.01,73,243478,买盘
10:41:22,33.35,-0.01,27,90045,中性盘
10:41:25,33.35,0.0,31,103385,卖盘
10:41:28,33.36,0.01,174,580446,买盘
10:41:32,33.35,-0.01,51,170085,买盘
10:41:35,33.34,-0.01,13,43353,卖盘
10:41:37,33.34,0.0,51,170040,卖盘
10:41:40,33.34,0.0,476,1586989,卖盘
10:41:43,33.33,-0.01,69,229977,卖盘
10:41:46,33.32,-0.01,40,133300,卖盘
10:41:50,33.31,-0.01,50,166554,卖盘
10:41:52,33.33,0.02,229,763163,买盘
10:41:55,33.32,-0.01,5,16660,中性盘
10:41:58,33.31,-0.01,29,96609,卖盘
10:42:01,33.34,0.03,172,573337,买盘
10:42:05,33.32,-0.02,26,86682,卖盘
10:42:08,33.33,0.01,11,36657,买盘
10:42:10,33.33,0.0,227,756609,买盘
10:42:13,33.33,0.0,37,123349,卖盘
10:42:16,33.34,0.01,280,933387,买盘
10:42:20,33.34,0.0,322,1073233,买盘
10:42:22,33.34,0.0,49,163364,买盘
10:42:25,33.35,0.01,557,1857514,买盘
10:42:32,33.35,0.0,207,690374,买盘
10:42:34,33.36,0.01,521,1737090,买盘
10:42:37,33.35,-0.01,76,253478,卖盘
10:42:40,33.35,0.0,80,266800,买盘
10:42:46,33.35,0.0,33,110055,买盘
10:42:49,33.35,0.0,199,663647,买盘
10:42:52,33.34,-0.01,239,796826,卖盘
10:42:56,33.34,0.0,20,66680,买盘
10:42:58,33.34,0.0,9,30006,买盘
10:43:02,33.34,0.0,63,210042,买盘
10:43:05,33.34,0.0,4,13336,卖盘
10:43:08,33.35,0.01,594,1980655,买盘
10:43:10,33.37,0.02,820,2735397,买盘
10:43:13,33.36,-0.01,26,86736,卖盘
10:43:16,33.35,-0.01,57,190104,中性盘
10:43:20,33.35,0.0,82,273436,买盘
10:43:22,33.35,0.0,316,1053816,买盘
10:43:25,33.35,0.0,87,290145,买盘
10:43:28,33.34,-0.01,217,723536,卖盘
10:43:31,33.35,0.01,65,216772,买盘
10:43:35,33.33,-0.02,81,270056,卖盘
10:43:37,33.32,-0.01,34,113310,卖盘
10:43:40,33.32,0.0,6,19992,买盘
10:43:46,33.31,-0.01,31,103302,卖盘
10:43:50,33.31,0.0,19,63307,卖盘
10:43:52,33.32,0.01,21,69961,买盘
10:43:56,33.32,0.0,78,259836,卖盘
10:43:58,33.32,0.0,101,336553,卖盘
10:44:01,33.3,-0.02,438,1458688,卖盘
10:44:05,33.3,0.0,119,396270,买盘
10:44:07,33.29,-0.01,27,89883,卖盘
10:44:10,33.29,0.0,94,312926,买盘
10:44:13,33.29,0.0,277,922139,卖盘
10:44:16,33.3,0.01,22,73240,买盘
10:44:19,33.3,0.0,13,43287,买盘
10:44:22,33.29,-0.01,39,129831,卖盘
10:44:25,33.29,0.0,60,199788,卖盘
10:44:28,33.29,0.0,3,9987,卖盘
10:44:32,33.3,0.01,28,93221,买盘
10:44:34,33.3,0.0,18,59937,买盘
10:44:38,33.3,0.0,16,53265,买盘
10:44:41,33.3,0.0,91,303020,买盘
10:44:44,33.3,0.0,23,76587,买盘
10:44:46,33.29,-0.01,90,299677,卖盘
10:44:49,33.31,0.02,44,146527,买盘
10:44:52,33.31,0.0,28,93232,买盘
10:44:56,33.29,-0.02,208,692487,卖盘
10:44:59,33.28,-0.01,4,13313,卖盘
10:45:05,33.28,0.0,292,971906,卖盘
10:45:08,33.29,0.01,170,565931,买盘
10:45:10,33.3,0.01,206,686542,买盘
10:45:14,33.31,0.01,111,369650,买盘
10:45:16,33.31,0.0,183,609571,买盘
10:45:19,33.31,0.0,166,553113,卖盘
10:45:22,33.31,0.0,69,229789,买盘
10:45:25,33.32,0.01,43,143272,买盘
10:45:29,33.32,0.0,5,16660,卖盘
10:45:32,33.31,-0.01,251,836181,卖盘
10:45:34,33.32,0.01,6,19992,买盘
10:45:37,33.31,-0.01,45,149939,卖盘
10:45:40,33.31,0.0,11,36642,卖盘
10:45:42,33.31,0.0,1,3331,卖盘
10:45:46,33.31,0.0,14,46646,卖盘
10:45:49,33.31,0.0,35,116585,卖盘
10:45:52,33.32,0.01,108,359855,买盘
10:45:55,33.31,-0.01,371,1235836,卖盘
10:45:59,33.31,0.0,224,746144,买盘
10:46:02,33.32,0.01,46,153271,买盘
10:46:05,33.32,0.0,58,193252,买盘
10:46:07,33.32,0.0,36,119952,卖盘
10:46:10,33.33,0.01,245,816585,买盘
10:46:14,33.33,0.0,146,486624,卖盘
10:46:16,33.34,0.01,2,6668,买盘
10:46:19,33.33,-0.01,25,83344,卖盘
10:46:23,33.33,0.0,7,23331,卖盘
10:46:26,33.34,0.01,145,483427,买盘
10:46:28,33.33,-0.01,6,19999,卖盘
10:46:31,33.33,0.0,120,399970,卖盘
10:46:34,33.34,0.01,31,103353,买盘
10:46:36,33.33,-0.01,28,93324,卖盘
10:46:40,33.33,0.0,6,19997,买盘
10:46:43,33.33,0.0,36,119987,买盘
10:46:46,33.33,0.0,114,379850,买盘
10:46:50,33.32,-0.01,7,23326,卖盘
10:46:52,33.33,0.01,17,56660,买盘
10:46:56,33.32,-0.01,16,53324,卖盘
10:46:58,33.32,0.0,21,69972,卖盘
10:47:02,33.33,0.01,125,416619,买盘
10:47:04,33.31,-0.02,337,1122593,卖盘
10:47:07,33.31,0.0,16,53296,买盘
10:47:10,33.31,0.0,383,1275771,买盘
10:47:13,33.31,0.0,26,86596,买盘
10:47:17,33.31,0.0,38,126566,买盘
10:47:19,33.3,-0.01,24,79928,卖盘
10:47:22,33.31,0.01,57,189863,买盘
10:47:25,33.31,0.0,76,253149,买盘
10:47:29,33.3,-0.01,275,915756,卖盘
10:47:31,33.3,0.0,29,96590,卖盘
10:47:34,33.3,0.0,19,63270,卖盘
10:47:36,33.3,0.0,12,39960,买盘
10:47:40,33.29,-0.01,48,159811,卖盘
10:47:43,33.3,0.01,18,59940,买盘
10:47:45,33.29,-0.01,225,749025,卖盘
10:47:49,33.29,0.0,28,93212,买盘
10:47:52,33.29,0.0,1,3329,买盘
10:47:55,33.29,0.0,1,3329,买盘
10:47:58,33.29,0.0,29,96522,买盘
10:48:01,33.28,-0.01,160,532599,卖盘
10:48:04,33.29,0.01,4,13316,买盘
10:48:07,33.28,-0.01,111,369416,卖盘
10:48:10,33.29,0.01,345,1148333,买盘
10:48:12,33.29,0.0,74,246346,卖盘
10:48:17,33.28,-0.01,13,43273,卖盘
10:48:19,33.28,0.0,5,16640,买盘
10:48:22,33.29,0.01,3,9986,买盘
10:48:25,33.28,-0.01,24,79872,卖盘
10:48:31,33.28,0.0,16,53257,卖盘
10:48:34,33.29,0.01,12,39946,买盘
10:48:37,33.29,0.0,16,53249,买盘
10:48:39,33.28,-0.01,2,6656,卖盘
10:48:43,33.28,0.0,120,399366,卖盘
10:48:46,33.28,0.0,55,183040,买盘
10:48:49,33.28,0.0,146,485888,卖盘
10:48:52,33.28,0.0,9,29952,卖盘
10:48:55,33.28,0.0,82,272905,卖盘
10:48:57,33.28,0.0,333,1108768,卖盘
10:49:01,33.3,0.02,143,476160,买盘
10:49:04,33.29,-0.01,15,49944,卖盘
10:49:07,33.28,-0.01,67,223036,卖盘
10:49:11,33.28,0.0,47,156416,买盘
10:49:13,33.28,0.0,32,106496,卖盘
10:49:16,33.28,0.0,40,133140,卖盘
10:49:19,33.29,0.01,75,249673,买盘
10:49:21,33.28,-0.01,322,1071620,卖盘
10:49:25,33.29,0.01,67,223024,买盘
10:49:28,33.29,0.0,9,29961,买盘
10:49:31,33.29,0.0,6,19974,买盘
10:49:34,33.28,-0.01,6,19969,卖盘
10:49:37,33.29,0.01,9,29961,买盘
10:49:39,33.29,0.0,11,36609,买盘
10:49:43,33.29,0.0,5,16645,买盘
10:49:49,33.29,0.0,55,183092,买盘
10:49:52,33.29,0.0,16,53264,卖盘
10:49:58,33.29,0.0,1,3329,卖盘
10:50:01,33.3,0.01,130,432898,买盘
10:50:04,33.3,0.0,1,3330,买盘
10:50:07,33.29,-0.01,102,339626,卖盘
10:50:10,33.3,0.01,44,146520,买盘
10:50:14,33.3,0.0,3,9990,卖盘
10:50:16,33.3,0.0,5,16650,卖盘
10:50:18,33.3,0.0,3,9990,卖盘
10:50:22,33.31,0.01,9,29979,买盘
10:50:28,33.31,0.0,109,363019,买盘
10:50:31,33.3,-0.01,43,143200,卖盘
10:50:34,33.3,0.0,12,39970,卖盘
10:50:37,33.3,0.0,85,283117,卖盘
10:50:40,33.31,0.01,454,1512272,买盘
10:50:43,33.32,0.01,20,66637,买盘
10:50:46,33.32,0.0,33,109956,买盘
10:50:49,33.32,0.0,60,199870,买盘
10:50:52,33.32,0.0,60,199969,卖盘
10:50:54,33.33,0.01,13,43326,买盘
10:50:58,33.3,-0.03,452,1505635,卖盘
10:51:01,33.32,0.02,244,813008,中性盘
10:51:04,33.32,0.0,12,39984,买盘
10:51:07,33.3,-0.02,97,323142,卖盘
10:51:10,33.3,0.0,95,316350,买盘
10:51:13,33.3,0.0,8,26640,卖盘
10:51:16,33.31,0.01,14,46629,买盘
10:51:19,33.3,-0.01,23,76612,卖盘
10:51:22,33.31,0.01,72,239770,买盘
10:51:25,33.31,0.0,51,169881,买盘
10:51:27,33.31,0.0,15,49965,卖盘
10:51:31,33.32,0.01,20,66640,买盘
10:51:33,33.33,0.01,100,333280,买盘
10:51:37,33.33,0.0,214,713049,买盘
10:51:40,33.31,-0.02,72,239854,卖盘
10:51:43,33.32,0.01,5,16660,买盘
10:51:45,33.32,0.0,202,673138,买盘
10:51:49,33.32,0.0,13,43326,卖盘
10:51:51,33.33,0.01,16,53328,买盘
10:51:55,33.33,0.0,23,76644,买盘
10:51:58,33.32,-0.01,16,53315,卖盘
10:52:00,33.33,0.01,36,119970,买盘
10:52:03,33.32,-0.01,221,736580,卖盘
10:52:07,33.33,0.01,48,159948,买盘
10:52:10,33.33,0.0,251,836573,买盘
10:52:12,33.34,0.01,11,36673,买盘
10:52:16,33.33,-0.01,50,166650,卖盘
10:52:22,33.33,0.0,1,3333,卖盘
10:52:25,33.33,0.0,275,916584,卖盘
10:52:28,33.33,0.0,72,239976,买盘
10:52:31,33.32,-0.01,325,1083185,卖盘
10:52:33,33.34,0.02,15,50003,买盘
10:52:37,33.33,-0.01,18,59985,中性盘
10:52:40,33.33,0.0,1,3333,买盘
10:52:43,33.32,-0.01,18,59976,卖盘
10:52:45,33.33,0.01,58,193305,买盘
10:52:48,33.32,-0.01,314,1046365,卖盘
10:52:52,33.33,0.01,35,116636,买盘
10:52:55,33.34,0.01,266,886774,买盘
10:52:58,33.33,-0.01,12,39993,买盘
10:53:01,33.32,-0.01,8,26659,卖盘
10:53:03,33.33,0.01,120,399938,买盘
10:53:07,33.32,-0.01,25,83300,买盘
10:53:09,33.32,0.0,108,359848,买盘
10:53:12,33.33,0.01,27,89965,买盘
10:53:16,33.32,-0.01,405,1349460,卖盘
10:53:19,33.32,0.0,93,309888,卖盘
10:53:21,33.32,0.0,11,36652,买盘
10:53:25,33.32,0.0,7,23324,买盘
10:53:28,33.32,0.0,50,166600,买盘
10:53:30,33.32,0.0,9,29988,买盘
10:53:34,33.32,0.0,7,23318,买盘
10:53:37,33.31,-0.01,30,99930,卖盘
10:53:39,33.3,-0.01,336,1119192,卖盘
10:53:43,33.3,0.0,21,69930,买盘
10:53:46,33.29,-0.01,78,259662,卖盘
10:53:49,33.29,0.0,4,13316,买盘
10:53:52,33.28,-0.01,36,119841,卖盘
10:53:55,33.28,0.0,30,99840,卖盘
10:53:57,33.28,0.0,2,6656,买盘
10:54:00,33.28,0.0,15,49920,买盘
10:54:04,33.28,0.0,129,429312,买盘
10:54:07,33.27,-0.01,32,106470,卖盘
10:54:10,33.27,0.0,9,29947,买盘
10:54:13,33.29,0.02,300,998220,买盘
10:54:16,33.29,0.0,22,73238,卖盘
10:54:19,33.29,0.0,8,26632,卖盘
10:54:22,33.29,0.0,65,216385,卖盘
10:54:24,33.3,0.01,34,113200,买盘
10:54:28,33.3,0.0,194,645872,买盘
10:54:31,33.3,0.0,4,13320,买盘
10:54:34,33.29,-0.01,85,282970,卖盘
10:54:37,33.28,-0.01,34,113166,卖盘
10:54:40,33.29,0.01,10,33290,买盘
10:54:42,33.28,-0.01,21,69889,卖盘
10:54:46,33.28,0.0,68,226304,卖盘
10:54:49,33.27,-0.01,46,153042,卖盘
10:54:51,33.27,0.0,82,272814,买盘
10:54:58,33.27,0.0,39,129723,买盘
10:55:01,33.27,0.0,119,395913,买盘
10:55:03,33.27,0.0,6,19960,买盘
10:55:06,33.26,-0.01,82,272726,卖盘
10:55:10,33.26,0.0,10,33260,买盘
10:55:13,33.26,0.0,312,1037715,买盘
10:55:16,33.26,0.0,16,53216,中性盘
10:55:19,33.26,0.0,39,129694,买盘
10:55:21,33.23,-0.03,13,43213,卖盘
10:55:25,33.24,0.01,10,33246,中性盘
10:55:28,33.23,-0.01,166,551677,卖盘
10:55:31,33.24,0.01,32,106375,买盘
10:55:34,33.25,0.01,9,29925,买盘
10:55:37,33.25,0.0,48,159593,买盘
10:55:43,33.26,0.01,27,89796,买盘
10:55:46,33.26,0.0,10,33260,买盘
10:55:49,33.25,-0.01,85,282663,卖盘
10:55:52,33.25,0.0,1,3325,卖盘
10:55:55,33.26,0.01,61,202836,买盘
10:55:58,33.26,0.0,7,23282,买盘
10:56:00,33.26,0.0,17,56540,买盘
10:56:04,33.27,0.01,19,63212,中性盘
10:56:07,33.27,0.0,9,29943,卖盘
10:56:10,33.28,0.01,46,153043,买盘
10:56:13,33.28,0.0,228,758784,买盘
10:56:19,33.28,0.0,2,6656,卖盘
10:56:22,33.29,0.01,6,19969,买盘
10:56:25,33.29,0.0,14,46606,买盘
10:56:28,33.29,0.0,81,269628,买盘
10:56:30,33.29,0.0,7,23302,买盘
10:56:34,33.28,-0.01,28,93521,卖盘
10:56:37,33.29,0.01,44,146459,买盘
10:56:42,33.28,-0.01,31,104559,卖盘
10:56:46,33.28,0.0,140,465920,卖盘
10:56:49,33.29,0.01,111,369442,买盘
10:56:55,33.29,0.0,100,332883,买盘
10:56:58,33.29,0.0,4,13316,买盘
10:57:01,33.29,0.0,128,426112,买盘
10:57:03,33.29,0.0,24,79886,买盘
10:57:06,33.29,0.0,100,332900,买盘
10:57:09,33.29,0.0,48,159790,买盘
10:57:13,33.29,0.0,328,1091922,买盘
10:57:15,33.29,0.0,5,16645,卖盘
10:57:19,33.3,0.01,15,49950,买盘
10:57:25,33.3,0.0,12,39960,买盘
10:57:31,33.3,0.0,35,116549,买盘
10:57:34,33.3,0.0,9,29970,卖盘
10:57:37,33.3,0.0,8,26640,卖盘
10:57:39,33.31,0.01,1,3331,买盘
10:57:42,33.32,0.01,78,259821,买盘
10:57:49,33.32,0.0,111,369742,买盘
10:57:52,33.32,0.0,26,86620,买盘
10:57:55,33.32,0.0,21,69972,买盘
10:57:57,33.31,-0.01,5,16655,卖盘
10:58:00,33.32,0.01,208,692888,买盘
10:58:04,33.32,0.0,193,643076,卖盘
10:58:07,33.32,0.0,17,56644,卖盘
10:58:10,33.32,0.0,12,39979,买盘
10:58:13,33.32,0.0,106,353192,买盘
10:58:15,33.32,0.0,141,469816,卖盘
10:58:19,33.32,0.0,52,173264,卖盘
10:58:22,33.31,-0.01,32,106614,卖盘
10:58:25,33.31,0.0,134,446370,卖盘
10:58:27,33.31,0.0,73,243206,卖盘
10:58:32,33.3,-0.01,118,392996,卖盘
10:58:34,33.29,-0.01,6,19974,卖盘
10:58:37,33.3,0.01,18,59924,买盘
10:58:40,33.29,-0.01,9,29961,买盘
10:58:43,33.29,0.0,30,99842,买盘
10:58:46,33.29,0.0,5,16645,买盘
10:58:49,33.29,0.0,15,49930,买盘
10:58:53,33.28,-0.01,57,189696,卖盘
10:58:55,33.29,0.01,41,136484,买盘
10:58:58,33.28,-0.01,37,123171,卖盘
10:59:00,33.29,0.01,64,213056,买盘
10:59:04,33.28,-0.01,162,539302,卖盘
10:59:07,33.29,0.01,10,33290,中性盘
10:59:10,33.29,0.0,9,29961,卖盘
10:59:12,33.31,0.02,92,306431,买盘
10:59:16,33.31,0.0,35,116585,卖盘
10:59:20,33.3,-0.01,214,712792,卖盘
10:59:21,33.31,0.01,128,426486,卖盘
10:59:25,33.32,0.01,48,159857,买盘
10:59:31,33.31,-0.01,36,119916,买盘
10:59:34,33.3,-0.01,84,279752,卖盘
10:59:41,33.31,0.01,3,9993,中性盘
10:59:47,33.31,0.0,14,46643,卖盘
10:59:49,33.32,0.01,13,43295,买盘
10:59:51,33.3,-0.02,5,16652,卖盘
10:59:55,33.32,0.02,47,156579,买盘
11:00:01,33.31,-0.01,120,399720,买盘
11:00:04,33.3,-0.01,26,86588,卖盘
11:00:08,33.32,0.02,20,66624,买盘
11:00:10,33.31,-0.01,1,3331,中性盘
11:00:12,33.32,0.01,121,403116,买盘
11:00:16,33.31,-0.01,286,952765,卖盘
11:00:18,33.32,0.01,28,93294,买盘
11:00:22,33.32,0.0,47,156604,买盘
11:00:25,33.31,-0.01,24,79939,卖盘
11:00:28,33.32,0.01,10,33320,买盘
11:00:31,33.32,0.0,46,153272,买盘
11:00:34,33.32,0.0,6,19990,买盘
11:00:37,33.32,0.0,32,106603,买盘
11:00:41,33.31,-0.01,16,53310,卖盘
11:00:44,33.32,0.01,4,13328,买盘
11:00:45,33.32,0.0,276,919638,买盘
11:00:50,33.31,-0.01,117,389733,卖盘
11:00:51,33.32,0.01,44,146588,买盘
11:00:58,33.31,-0.01,97,323110,卖盘
11:01:00,33.32,0.01,185,616240,买盘
11:01:04,33.31,-0.01,140,466471,卖盘
11:01:07,33.32,0.01,23,76636,卖盘
11:01:09,33.32,0.0,33,109956,卖盘
11:01:14,33.33,0.01,186,619936,买盘
11:01:17,33.33,0.0,212,706596,卖盘
11:01:19,33.32,-0.01,83,276597,卖盘
11:01:23,33.31,-0.01,46,153226,卖盘
11:01:25,33.3,-0.01,32,106576,卖盘
11:01:29,33.29,-0.01,116,386185,卖盘
11:01:30,33.28,-0.01,366,1218094,卖盘
11:01:34,33.26,-0.02,90,299480,卖盘
11:01:38,33.26,0.0,13,43239,买盘
11:01:41,33.25,-0.01,50,166295,卖盘
11:01:42,33.23,-0.02,39,129651,卖盘
11:01:47,33.24,0.01,60,199410,买盘
11:01:48,33.24,0.0,4,13296,买盘
11:01:53,33.23,-0.01,28,93044,卖盘
11:01:55,33.24,0.01,83,275814,买盘
11:01:58,33.23,-0.01,86,285766,卖盘
11:02:01,33.23,0.0,75,249290,卖盘
11:02:04,33.25,0.02,341,1133308,买盘
11:02:08,33.24,-0.01,6,19944,卖盘
11:02:09,33.24,0.0,103,342444,卖盘
11:02:14,33.25,0.01,80,265997,买盘
11:02:17,33.26,0.01,9,29934,买盘
11:02:19,33.25,-0.01,29,96450,卖盘
11:02:25,33.28,0.03,45,149672,买盘
11:02:27,33.26,-0.02,34,113084,卖盘
11:02:31,33.28,0.02,12,39932,买盘
11:02:34,33.26,-0.02,8,26608,卖盘
11:02:38,33.27,0.01,11,36592,买盘
11:02:40,33.26,-0.01,15,49890,卖盘
11:02:43,33.26,0.0,40,133058,卖盘
11:02:45,33.27,0.01,4,13306,买盘
11:02:50,33.26,-0.01,18,59872,卖盘
11:02:52,33.28,0.02,65,216308,买盘
11:02:55,33.27,-0.01,2,6654,中性盘
11:02:58,33.29,0.02,31,103168,买盘
11:03:00,33.3,0.01,127,422903,买盘
11:03:05,33.3,0.0,37,123210,买盘
11:03:06,33.3,0.0,29,96570,买盘
11:03:09,33.29,-0.01,17,56594,卖盘
11:03:13,33.31,0.02,192,639376,买盘
11:03:17,33.29,-0.02,54,179806,卖盘
11:03:19,33.3,0.01,64,213130,买盘
11:03:23,33.3,0.0,18,59940,买盘
11:03:25,33.3,0.0,21,69930,买盘
11:03:29,33.3,0.0,91,303030,买盘
11:03:31,33.3,0.0,6,19980,卖盘
11:03:35,33.31,0.01,103,343005,买盘
11:03:36,33.3,-0.01,21,69940,卖盘
11:03:41,33.31,0.01,2,6661,买盘
11:03:42,33.3,-0.01,11,36630,卖盘
11:03:45,33.3,0.0,2,6660,卖盘
11:03:49,33.3,0.0,58,193174,卖盘
11:03:52,33.3,0.0,22,73267,卖盘
11:03:55,33.3,0.0,30,99901,卖盘
11:03:57,33.3,0.0,2,6660,卖盘
11:04:02,33.3,0.0,144,479640,卖盘
11:04:05,33.31,0.01,10,33310,买盘
11:04:06,33.3,-0.01,510,1698300,卖盘
11:04:11,33.3,0.0,27,89910,买盘
11:04:12,33.29,-0.01,373,1242084,卖盘
11:04:15,33.29,0.0,23,76566,买盘
11:04:18,33.29,0.0,56,186378,买盘
11:04:23,33.28,-0.01,4,13312,卖盘
11:04:24,33.28,0.0,9,29952,买盘
11:04:32,33.27,-0.01,11,36607,卖盘
11:04:34,33.26,-0.01,53,176375,卖盘
11:04:38,33.27,0.01,33,109791,中性盘
11:04:40,33.26,-0.01,19,63194,卖盘
11:04:44,33.26,0.0,2,6652,卖盘
11:04:46,33.27,0.01,2,6654,买盘
11:04:48,33.26,-0.01,107,355883,卖盘
11:04:51,33.26,0.0,156,519001,买盘
11:04:55,33.25,-0.01,1,3325,卖盘
11:04:59,33.26,0.01,66,219467,买盘
11:05:00,33.25,-0.01,21,69810,中性盘
11:05:05,33.26,0.01,50,166300,买盘
11:05:08,33.25,-0.01,1,3325,卖盘
11:05:11,33.25,0.0,2,6650,卖盘
11:05:13,33.27,0.02,160,532164,买盘
11:05:17,33.27,0.0,37,123089,买盘
11:05:19,33.27,0.0,13,43239,买盘
11:05:23,33.27,0.0,12,39924,买盘
11:05:26,33.28,0.01,22,73212,买盘
11:05:28,33.28,0.0,40,133097,买盘
11:05:32,33.28,0.0,1,3328,买盘
11:05:34,33.28,0.0,45,149760,买盘
11:05:37,33.28,0.0,9,29952,买盘
11:05:40,33.28,0.0,8,26617,买盘
11:05:43,33.28,0.0,19,63232,买盘
11:05:46,33.27,-0.01,327,1087939,卖盘
11:05:49,33.27,0.0,11,36605,卖盘
11:05:53,33.27,0.0,10,33270,卖盘
11:05:55,33.27,0.0,5,16635,卖盘
11:05:57,33.28,0.01,23,76522,买盘
11:06:02,33.28,0.0,108,359399,买盘
11:06:05,33.28,0.0,81,269568,卖盘
11:06:07,33.27,-0.01,44,146393,卖盘
11:06:11,33.28,0.01,3,9983,买盘
11:06:14,33.28,0.0,115,382715,买盘
11:06:16,33.28,0.0,3,9984,卖盘
11:06:20,33.28,0.0,192,638982,卖盘
11:06:23,33.26,-0.02,56,186329,卖盘
11:06:24,33.28,0.02,2,6656,买盘
11:06:27,33.28,0.0,274,911843,买盘
11:06:32,33.28,0.0,11,36608,买盘
11:06:35,33.28,0.0,15,49906,买盘
11:06:37,33.27,-0.01,18,59886,卖盘
11:06:40,33.27,0.0,21,69867,卖盘
11:06:44,33.26,-0.01,115,382553,卖盘
11:06:46,33.27,0.01,26,86516,买盘
11:06:49,33.26,-0.01,7,23287,卖盘
11:06:52,33.26,0.0,5,16630,卖盘
11:06:55,33.26,0.0,39,129714,卖盘
11:06:58,33.25,-0.01,59,196199,卖盘
11:07:02,33.25,0.0,56,186200,买盘
11:07:08,33.26,0.01,30,99775,买盘
11:07:11,33.25,-0.01,48,159646,卖盘
11:07:13,33.26,0.01,136,452336,买盘
11:07:16,33.26,0.0,45,149670,卖盘
11:07:19,33.26,0.0,25,83166,卖盘
11:07:22,33.26,0.0,14,46564,卖盘
11:07:26,33.26,0.0,50,166300,卖盘
11:07:27,33.26,0.0,52,172952,卖盘
11:07:32,33.27,0.01,52,172993,买盘
11:07:34,33.27,0.0,58,192946,买盘
11:07:38,33.25,-0.02,254,844852,卖盘
11:07:40,33.26,0.01,28,93128,买盘
11:07:44,33.26,0.0,6,19955,买盘
11:07:47,33.26,0.0,238,791586,买盘
11:07:50,33.26,0.0,11,36584,买盘
11:07:53,33.25,-0.01,132,439028,卖盘
11:07:56,33.25,0.0,16,53209,卖盘
11:07:59,33.26,0.01,24,79819,买盘
11:08:01,33.26,0.0,5,16628,买盘
11:08:05,33.26,0.0,44,146353,卖盘
11:08:08,33.28,0.02,193,641953,买盘
11:08:10,33.27,-0.01,28,93165,中性盘
11:08:14,33.3,0.03,431,1434562,买盘
11:08:17,33.29,-0.01,223,742376,卖盘
11:08:20,33.3,0.01,15,49950,买盘
11:08:23,33.29,-0.01,32,106536,卖盘
11:08:26,33.29,0.0,276,918804,卖盘
11:08:29,33.28,-0.01,124,412820,卖盘
11:08:30,33.29,0.01,86,286294,买盘
11:08:35,33.29,0.0,45,149805,买盘
11:08:37,33.29,0.0,19,63236,买盘
11:08:40,33.29,0.0,245,815915,买盘
11:08:43,33.29,0.0,35,116546,卖盘
11:08:47,33.29,0.0,54,179766,卖盘
11:08:50,33.29,0.0,109,362950,卖盘
11:08:53,33.31,0.02,103,342897,买盘
11:08:55,33.3,-0.01,30,99920,中性盘
11:08:58,33.3,0.0,35,116550,卖盘
11:09:02,33.3,0.0,1,3330,卖盘
11:09:04,33.3,0.0,155,516297,卖盘
11:09:08,33.31,0.01,28,93258,买盘
11:09:11,33.3,-0.01,5,16650,卖盘
11:09:14,33.31,0.01,450,1497876,买盘
11:09:17,33.32,0.01,2,6664,买盘
11:09:20,33.31,-0.01,40,133253,卖盘
11:09:23,33.32,0.01,166,553002,买盘
11:09:25,33.32,0.0,18,59976,买盘
11:09:28,33.32,0.0,70,233179,买盘
11:09:31,33.31,-0.01,7,23317,卖盘
11:09:33,33.32,0.01,139,463146,买盘
11:09:38,33.31,-0.01,56,186536,卖盘
11:09:41,33.31,0.0,1,3331,卖盘
11:09:44,33.32,0.01,21,69970,买盘
11:09:47,33.32,0.0,30,99959,买盘
11:09:49,33.31,-0.01,1,3331,卖盘
11:09:52,33.31,0.0,81,269811,卖盘
11:09:56,33.31,0.0,1,3331,卖盘
11:10:00,33.32,0.01,11,36652,买盘
11:10:03,33.31,-0.01,757,2521973,卖盘
11:10:07,33.32,0.01,45,149922,中性盘
11:10:11,33.32,0.0,4,13325,买盘
11:10:12,33.32,0.0,244,813007,买盘
11:10:17,33.32,0.0,5,16660,卖盘
11:10:20,33.32,0.0,127,423171,卖盘
11:10:23,33.33,0.01,5,16665,买盘
11:10:26,33.33,0.0,98,326543,买盘
11:10:27,33.32,-0.01,20,66640,卖盘
11:10:32,33.32,0.0,107,356531,卖盘
11:10:35,33.31,-0.01,102,339841,卖盘
11:10:38,33.32,0.01,14,46648,买盘
11:10:41,33.31,-0.01,39,129930,卖盘
11:10:44,33.31,0.0,35,116616,卖盘
11:10:46,33.31,0.0,8,26648,卖盘
11:10:50,33.31,0.0,173,577309,卖盘
11:10:53,33.31,0.0,180,599583,买盘
11:10:56,33.31,0.0,34,113254,卖盘
11:10:59,33.32,0.01,8,26656,买盘
11:11:02,33.32,0.0,141,469792,买盘
11:11:05,33.31,-0.01,20,66633,卖盘
11:11:11,33.31,0.0,10,33310,卖盘
11:11:14,33.32,0.01,365,1216175,买盘
11:11:17,33.32,0.0,14,46648,买盘
11:11:23,33.32,0.0,18,59959,买盘
11:11:26,33.31,-0.01,13,43314,卖盘
11:11:29,33.31,0.0,6,19986,卖盘
11:11:30,33.31,0.0,1,3331,卖盘
11:11:35,33.31,0.0,330,1099323,卖盘
11:11:38,33.3,-0.01,8,26640,卖盘
11:11:46,33.3,0.0,10,33300,卖盘
11:11:50,33.3,0.0,3,9990,卖盘
11:11:53,33.31,0.01,1,3331,买盘
11:11:56,33.3,-0.01,12,39960,卖盘
11:11:59,33.3,0.0,10,33300,卖盘
11:12:02,33.3,0.0,321,1069051,卖盘
11:12:03,33.3,0.0,24,79941,卖盘
11:12:07,33.3,0.0,108,359661,卖盘
11:12:11,33.31,0.01,51,169858,买盘
11:12:14,33.31,0.0,181,602906,买盘
11:12:17,33.31,0.0,159,529629,卖盘
11:12:20,33.31,0.0,18,59950,买盘
11:12:23,33.3,-0.01,9,29971,卖盘
11:12:26,33.3,0.0,311,1035630,卖盘
11:12:35,33.3,0.0,3,9990,买盘
11:12:37,33.29,-0.01,60,199785,卖盘
11:12:41,33.29,0.0,4,13316,卖盘
11:12:43,33.29,0.0,2,6658,卖盘
11:12:45,33.29,0.0,140,466060,卖盘
11:12:52,33.29,0.0,12,39948,卖盘
11:12:56,33.29,0.0,13,43286,卖盘
11:13:02,33.3,0.01,120,399600,买盘
11:13:04,33.3,0.0,30,99897,买盘
11:13:06,33.29,-0.01,12,39953,卖盘
11:13:11,33.29,0.0,31,103199,卖盘
11:13:14,33.3,0.01,41,136530,买盘
11:13:20,33.3,0.0,20,66609,卖盘
11:13:23,33.3,0.0,21,69930,卖盘
11:13:26,33.3,0.0,5,16650,卖盘
11:13:29,33.3,0.0,1,3330,卖盘
11:13:32,33.31,0.01,1,3331,买盘
11:13:35,33.3,-0.01,6,19980,卖盘
11:13:38,33.3,0.0,56,186525,卖盘
11:13:40,33.3,0.0,40,133214,卖盘
11:13:44,33.31,0.01,6,19986,买盘
11:13:46,33.31,0.0,490,1631705,买盘
11:13:49,33.3,-0.01,3,9992,卖盘
11:13:53,33.31,0.01,1,3331,买盘
11:13:56,33.3,-0.01,5,16650,卖盘
11:13:58,33.3,0.0,6,19980,卖盘
11:14:02,33.3,0.0,161,536251,卖盘
11:14:05,33.31,0.01,18,59958,买盘
11:14:08,33.3,-0.01,16,53280,卖盘
11:14:11,33.31,0.01,31,103254,买盘
11:14:13,33.31,0.0,146,486311,买盘
11:14:17,33.32,0.01,1,3332,买盘
11:14:20,33.32,0.0,7,23323,买盘
11:14:23,33.3,-0.02,135,449678,卖盘
11:14:26,33.3,0.0,10,33300,买盘
11:14:29,33.29,-0.01,1,3329,卖盘
11:14:32,33.3,0.01,217,722610,买盘
11:14:35,33.3,0.0,13,43290,买盘
11:14:38,33.3,0.0,60,199785,买盘
11:14:44,33.28,-0.02,50,166430,卖盘
11:14:47,33.28,0.0,246,818798,买盘
11:14:50,33.28,0.0,3,9984,买盘
11:14:52,33.28,0.0,44,146403,买盘
11:14:56,33.27,-0.01,4,13308,卖盘
11:14:59,33.27,0.0,21,69867,卖盘
11:15:02,33.28,0.01,121,402688,买盘
11:15:04,33.27,-0.01,2,6654,卖盘
11:15:08,33.28,0.01,27,89856,买盘
11:15:11,33.27,-0.01,3,9981,卖盘
11:15:14,33.28,0.01,146,485883,买盘
11:15:17,33.28,0.0,151,502528,卖盘
11:15:19,33.27,-0.01,32,106476,卖盘
11:15:23,33.27,0.0,11,36598,卖盘
11:15:31,33.28,0.01,1,3328,买盘
11:15:37,33.27,-0.01,58,193014,卖盘
11:15:40,33.27,0.0,4,13308,卖盘
11:15:47,33.27,0.0,33,109801,卖盘
11:15:50,33.28,0.01,8,26621,买盘
11:15:53,33.27,-0.01,12,39924,卖盘
11:15:56,33.27,0.0,1,3327,卖盘
11:15:59,33.27,0.0,4,13308,卖盘
11:16:01,33.27,0.0,194,645459,卖盘
11:16:05,33.27,0.0,49,163023,买盘
11:16:07,33.27,0.0,20,66524,买盘
11:16:11,33.26,-0.01,26,86476,卖盘
11:16:14,33.26,0.0,209,695134,买盘
11:16:17,33.25,-0.01,61,202825,卖盘
11:16:20,33.24,-0.01,12,39897,卖盘
11:16:23,33.25,0.01,15,49868,买盘
11:16:28,33.24,-0.01,1,3324,卖盘
11:16:32,33.25,0.01,50,166250,买盘
11:16:35,33.24,-0.01,8,26597,卖盘
11:16:38,33.24,0.0,26,86424,卖盘
11:16:41,33.25,0.01,1,3325,买盘
11:16:44,33.25,0.0,263,874081,买盘
11:16:47,33.25,0.0,23,76432,买盘
11:16:50,33.24,-0.01,4,13296,卖盘
11:16:53,33.24,0.0,3,9973,卖盘
11:16:56,33.24,0.0,40,132969,卖盘
11:16:59,33.24,0.0,10,33240,卖盘
11:17:02,33.24,0.0,56,186144,买盘
11:17:05,33.24,0.0,55,182865,卖盘
11:17:08,33.24,0.0,64,212736,卖盘
11:17:11,33.25,0.01,135,448861,买盘
11:17:14,33.25,0.0,120,398984,买盘
11:17:17,33.26,0.01,13,43229,买盘
11:17:19,33.26,0.0,43,142992,买盘
11:17:23,33.27,0.01,26,86488,买盘
11:17:26,33.26,-0.01,2,6652,卖盘
11:17:28,33.25,-0.01,38,126386,卖盘
11:17:32,33.25,0.0,67,222775,卖盘
11:17:35,33.26,0.01,4,13304,买盘
11:17:41,33.26,0.0,3,9976,买盘
11:17:44,33.25,-0.01,5,16625,卖盘
11:17:47,33.25,0.0,1,3325,卖盘
11:17:49,33.25,0.0,7,23278,卖盘
11:17:53,33.26,0.01,49,162974,买盘
11:17:56,33.25,-0.01,114,379050,卖盘
11:17:58,33.25,0.0,25,83125,买盘
11:18:05,33.25,0.0,75,249375,买盘
11:18:08,33.25,0.0,75,249394,卖盘
11:18:11,33.26,0.01,10,33255,买盘
11:18:13,33.26,0.0,183,608497,买盘
11:18:17,33.27,0.01,20,66535,买盘
11:18:20,33.26,-0.01,1,3326,卖盘
11:18:22,33.27,0.01,8,26609,买盘
11:18:26,33.27,0.0,18,59872,买盘
11:18:29,33.26,-0.01,2,6652,卖盘
11:18:34,33.26,0.0,20,66523,卖盘
11:18:37,33.26,0.0,19,63194,卖盘
11:18:41,33.25,-0.01,4,13299,中性盘
11:18:43,33.25,0.0,7,23275,买盘
11:18:47,33.25,0.0,23,76475,买盘
11:18:50,33.25,0.0,19,63174,买盘
11:18:53,33.24,-0.01,32,106368,卖盘
11:18:56,33.24,0.0,22,73121,买盘
11:18:59,33.24,0.0,17,56505,买盘
11:19:02,33.24,0.0,124,412174,买盘
11:19:04,33.24,0.0,85,282500,买盘
11:19:08,33.24,0.0,8,26592,买盘
11:19:10,33.24,0.0,205,681093,买盘
11:19:14,33.23,-0.01,265,880604,卖盘
11:19:19,33.21,-0.02,44,146148,卖盘
11:19:22,33.23,0.02,169,561287,买盘
11:19:26,33.21,-0.02,172,571262,卖盘
11:19:29,33.21,0.0,4,13284,卖盘
11:19:31,33.21,0.0,10,33220,卖盘
11:19:35,33.22,0.01,8,26576,中性盘
11:19:38,33.21,-0.01,27,89671,卖盘
11:19:41,33.21,0.0,65,215865,卖盘
11:19:44,33.21,0.0,61,202550,买盘
11:19:47,33.2,-0.01,125,415000,卖盘
11:19:50,33.19,-0.01,28,92954,卖盘
11:19:53,33.17,-0.02,29,96217,卖盘
11:19:55,33.17,0.0,17,56403,卖盘
11:19:59,33.18,0.01,88,291898,买盘
11:20:02,33.18,0.0,121,401478,买盘
11:20:05,33.16,-0.02,98,325043,卖盘
11:20:08,33.16,0.0,61,202299,卖盘
11:20:11,33.15,-0.01,58,192312,卖盘
11:20:14,33.15,0.0,128,424431,卖盘
11:20:16,33.16,0.01,220,729564,买盘
11:20:20,33.16,0.0,197,653281,卖盘
11:20:23,33.16,0.0,284,941773,卖盘
11:20:26,33.16,0.0,94,311586,买盘
11:20:28,33.16,0.0,31,102772,买盘
11:20:32,33.15,-0.01,19,62990,卖盘
11:20:35,33.14,-0.01,4,13258,中性盘
11:20:38,33.14,0.0,43,142497,买盘
11:20:41,33.14,0.0,131,434134,买盘
11:20:44,33.14,0.0,79,261797,买盘
11:20:47,33.14,0.0,17,56334,中性盘
11:20:49,33.15,0.01,116,384445,买盘
11:20:52,33.14,-0.01,55,182263,中性盘
11:20:56,33.14,0.0,12,39768,买盘
11:20:59,33.14,0.0,54,178986,卖盘
11:21:02,33.15,0.01,163,540282,买盘
11:21:05,33.16,0.01,38,125986,买盘
11:21:08,33.14,-0.02,65,215444,卖盘
11:21:11,33.15,0.01,6,19890,买盘
11:21:13,33.13,-0.02,23,76235,卖盘
11:21:17,33.16,0.03,470,1558449,买盘
11:21:19,33.14,-0.02,112,371304,卖盘
11:21:23,33.16,0.02,11,36470,买盘
11:21:26,33.15,-0.01,14,46410,卖盘
11:21:28,33.16,0.01,9,29836,买盘
11:21:32,33.16,0.0,51,169114,买盘
11:21:35,33.16,0.0,198,656548,买盘
11:21:38,33.17,0.01,59,195676,买盘
11:21:41,33.17,0.0,56,185699,买盘
11:21:44,33.16,-0.01,25,82900,卖盘
11:21:47,33.17,0.01,7,23219,买盘
11:21:50,33.17,0.0,91,301847,买盘
11:21:53,33.17,0.0,2,6634,买盘
11:21:55,33.17,0.0,38,126027,卖盘
11:21:59,33.15,-0.02,24,79570,卖盘
11:22:01,33.18,0.03,144,477791,买盘
11:22:05,33.18,0.0,74,245520,买盘
11:22:08,33.18,0.0,25,82934,买盘
11:22:11,33.17,-0.01,9,29856,卖盘
11:22:14,33.19,0.02,44,146005,买盘
11:22:17,33.18,-0.01,59,195771,卖盘
11:22:20,33.19,0.01,10,33190,买盘
11:22:23,33.19,0.0,133,441311,买盘
11:22:26,33.18,-0.01,1,3318,卖盘
11:22:29,33.18,0.0,5,16592,卖盘
11:22:32,33.18,0.0,26,86271,卖盘
11:22:35,33.18,0.0,40,132742,卖盘
11:22:41,33.19,0.01,62,205738,买盘
11:22:44,33.18,-0.01,6,19909,卖盘
11:22:47,33.19,0.01,313,1038597,买盘
11:22:50,33.18,-0.01,1,3318,卖盘
11:22:56,33.18,0.0,12,39816,卖盘
11:22:58,33.19,0.01,25,82962,买盘
11:23:02,33.19,0.0,122,404918,买盘
11:23:05,33.19,0.0,145,481255,买盘
11:23:08,33.19,0.0,37,122803,买盘
11:23:11,33.19,0.0,22,73018,买盘
11:23:14,33.17,-0.02,66,218989,卖盘
11:23:16,33.19,0.02,261,866125,买盘
11:23:20,33.18,-0.01,12,39827,卖盘
11:23:23,33.18,0.0,29,96232,卖盘
11:23:26,33.18,0.0,1,3318,买盘
11:23:28,33.18,0.0,11,36498,买盘
11:23:32,33.17,-0.01,53,175804,卖盘
11:23:35,33.17,0.0,5,16588,卖盘
11:23:41,33.17,0.0,29,96212,卖盘
11:23:44,33.17,0.0,18,59706,卖盘
11:23:50,33.18,0.01,8,26537,买盘
11:23:52,33.18,0.0,4,13270,买盘
11:23:56,33.17,-0.01,186,616966,卖盘
11:23:59,33.18,0.01,18,59724,买盘
11:24:02,33.18,0.0,202,670135,买盘
11:24:05,33.18,0.0,16,53088,卖盘
11:24:08,33.19,0.01,20,66379,买盘
11:24:11,33.19,0.0,25,82970,买盘
11:24:14,33.19,0.0,64,212354,买盘
11:24:17,33.2,0.01,266,882853,买盘
11:24:20,33.2,0.0,2,6640,买盘
11:24:23,33.2,0.0,17,56429,买盘
11:24:26,33.18,-0.02,17,56422,卖盘
11:24:32,33.18,0.0,22,72997,卖盘
11:24:35,33.19,0.01,6,19916,中性盘
11:24:37,33.19,0.0,34,112846,买盘
11:24:41,33.2,0.01,20,66393,买盘
11:24:44,33.18,-0.02,56,185817,卖盘
11:24:46,33.19,0.01,108,358541,中性盘
11:24:53,33.21,0.02,159,527890,买盘
11:24:56,33.19,-0.02,1,3319,卖盘
11:24:59,33.19,0.0,148,491240,卖盘
11:25:02,33.19,0.0,112,371727,买盘
11:25:05,33.2,0.01,21,69721,买盘
11:25:08,33.21,0.01,90,298865,买盘
11:25:10,33.21,0.0,113,375271,买盘
11:25:14,33.22,0.01,29,96320,买盘
11:25:17,33.23,0.01,92,305716,买盘
11:25:20,33.24,0.01,57,189458,买盘
11:25:22,33.22,-0.02,39,127914,卖盘
11:25:26,33.25,0.03,125,415591,买盘
11:25:29,33.25,0.0,26,86450,卖盘
11:25:31,33.25,0.0,11,36576,卖盘
11:25:34,33.26,0.01,34,113083,买盘
11:25:38,33.25,-0.01,2,6650,卖盘
11:25:41,33.25,0.0,3,9975,卖盘
11:25:43,33.26,0.01,30,99779,买盘
11:25:47,33.27,0.01,47,156352,买盘
11:25:49,33.25,-0.02,107,355816,卖盘
11:25:52,33.26,0.01,3,9978,买盘
11:25:56,33.26,0.0,19,63194,买盘
11:25:59,33.25,-0.01,12,39909,卖盘
11:26:02,33.26,0.01,10,33260,买盘
11:26:08,33.27,0.01,89,296088,买盘
11:26:14,33.27,0.0,29,96483,买盘
11:26:17,33.27,0.0,197,655419,买盘
11:26:20,33.27,0.0,16,53232,买盘
11:26:23,33.27,0.0,2,6654,买盘
11:26:26,33.27,0.0,7,23289,买盘
11:26:29,33.27,0.0,3,9981,买盘
11:26:32,33.26,-0.01,11,36586,卖盘
11:26:35,33.26,0.0,38,126410,卖盘
11:26:38,33.26,0.0,400,1330420,卖盘
11:26:40,33.26,0.0,2,6652,卖盘
11:26:44,33.26,0.0,49,162982,卖盘
11:26:47,33.26,0.0,138,458988,卖盘
11:26:50,33.26,0.0,96,319296,卖盘
11:26:53,33.24,-0.02,18,59852,卖盘
11:26:56,33.24,0.0,17,56488,买盘
11:26:59,33.23,-0.01,15,49859,中性盘
11:27:02,33.23,0.0,1,3323,买盘
11:27:04,33.22,-0.01,135,448603,卖盘
11:27:08,33.23,0.01,53,176119,买盘
11:27:11,33.23,0.0,3,9969,卖盘
11:27:13,33.23,0.0,20,66460,卖盘
11:27:17,33.24,0.01,20,66480,买盘
11:27:20,33.26,0.02,13,43238,买盘
11:27:22,33.24,-0.02,2,6648,卖盘
11:27:26,33.25,0.01,45,149610,中性盘
11:27:29,33.25,0.0,222,738131,卖盘
11:27:32,33.25,0.0,9,29925,卖盘
11:27:35,33.26,0.01,1,3326,买盘
11:27:38,33.25,-0.01,9,29925,卖盘
11:27:41,33.24,-0.01,69,229377,卖盘
11:27:44,33.25,0.01,143,475336,买盘
11:27:46,33.24,-0.01,154,511893,卖盘
11:27:50,33.22,-0.02,24,79751,卖盘
11:27:53,33.22,0.0,27,89694,卖盘
11:27:56,33.22,0.0,3,9966,买盘
11:27:59,33.21,-0.01,7,23245,卖盘
11:28:01,33.22,0.01,135,448383,买盘
11:28:05,33.22,0.0,22,73084,卖盘
11:28:08,33.23,0.01,47,156179,买盘
11:28:11,33.2,-0.03,97,322137,卖盘
11:28:14,33.2,0.0,11,36520,买盘
11:28:17,33.22,0.02,27,89645,买盘
11:28:19,33.2,-0.02,11,36520,卖盘
11:28:23,33.2,0.0,36,119578,卖盘
11:28:26,33.2,0.0,261,866826,卖盘
11:28:29,33.22,0.02,6,18602,买盘
11:28:32,33.22,0.0,1,3322,中性盘
11:28:35,33.2,-0.02,30,99622,卖盘
11:28:38,33.21,0.01,6,19921,中性盘
11:28:41,33.19,-0.02,46,153728,卖盘
11:28:44,33.19,0.0,38,125104,卖盘
11:28:46,33.2,0.01,3,9960,买盘
11:28:50,33.21,0.01,130,431709,买盘
11:28:55,33.21,0.0,112,371953,卖盘
11:28:59,33.22,0.01,23,76399,买盘
11:29:02,33.22,0.0,127,421889,买盘
11:29:05,33.21,-0.01,3,9963,卖盘
11:29:07,33.22,0.01,90,298958,买盘
11:29:14,33.21,-0.01,8,26573,卖盘
11:29:16,33.22,0.01,12,39864,买盘
11:29:19,33.22,0.0,46,152812,卖盘
11:29:23,33.21,-0.01,227,754077,卖盘
11:29:26,33.21,0.0,4,13284,买盘
11:29:29,33.2,-0.01,101,335321,卖盘
11:29:32,33.21,0.01,3,9961,买盘
11:29:35,33.21,0.0,1,3321,买盘
11:29:38,33.2,-0.01,8,26560,卖盘
11:29:40,33.21,0.01,30,99630,买盘
11:29:44,33.2,-0.01,17,56440,卖盘
11:29:47,33.2,0.0,1,3320,买盘
11:29:50,33.2,0.0,3,9960,买盘
11:29:53,33.2,0.0,1,3320,买盘
13:00:02,33.2,0.0,383,1272084,买盘
13:00:05,33.18,-0.02,291,965013,卖盘
13:00:08,33.21,0.03,171,567610,买盘
13:00:11,33.2,-0.01,43,142785,卖盘
13:00:14,33.21,0.01,138,458295,买盘
13:00:17,33.21,0.0,18,59787,卖盘
13:00:20,33.22,0.01,33,109631,买盘
13:00:23,33.23,0.01,25,83069,买盘
13:00:26,33.24,0.01,127,422137,买盘
13:00:28,33.24,0.0,69,229416,卖盘
13:00:32,33.25,0.01,26,86450,买盘
13:00:35,33.24,-0.01,38,126334,卖盘
13:00:38,33.25,0.01,12,39900,买盘
13:00:40,33.24,-0.01,23,76452,卖盘
13:00:44,33.25,0.01,9,29925,买盘
13:00:47,33.25,0.0,12,39900,买盘
13:00:50,33.25,0.0,11,36572,买盘
13:00:56,33.24,-0.01,13,43224,卖盘
13:00:59,33.25,0.01,47,156271,买盘
13:01:01,33.25,0.0,44,146300,买盘
13:01:05,33.26,0.01,173,575366,买盘
13:01:08,33.27,0.01,111,369222,买盘
13:01:11,33.27,0.0,29,96476,买盘
13:01:14,33.27,0.0,43,143061,买盘
13:01:17,33.27,0.0,13,43254,卖盘
13:01:19,33.28,0.01,210,698679,买盘
13:01:23,33.28,0.0,57,189650,买盘
13:01:26,33.28,0.0,21,69877,买盘
13:01:29,33.27,-0.01,6,19966,卖盘
13:01:32,33.28,0.01,22,73211,买盘
13:01:34,33.28,0.0,12,39936,买盘
13:01:38,33.27,-0.01,2,6654,卖盘
13:01:41,33.28,0.01,38,126464,买盘
13:01:43,33.28,0.0,21,69885,买盘
13:01:47,33.28,0.0,1,3328,买盘
13:01:50,33.28,0.0,19,63232,买盘
13:01:53,33.28,0.0,12,39932,买盘
13:01:56,33.28,0.0,5,16640,买盘
13:01:59,33.28,0.0,4,13312,买盘
13:02:02,33.28,0.0,363,1208064,买盘
13:02:04,33.27,-0.01,100,332779,卖盘
13:02:08,33.27,0.0,58,192969,卖盘
13:02:11,33.27,0.0,35,116476,卖盘
13:02:14,33.28,0.01,53,176382,买盘
13:02:17,33.28,0.0,74,246268,买盘
13:02:20,33.28,0.0,38,126467,卖盘
13:02:22,33.28,0.0,117,389378,卖盘
13:02:26,33.28,0.0,39,129798,卖盘
13:02:29,33.28,0.0,6,19972,卖盘
13:02:32,33.29,0.01,36,119819,买盘
13:02:35,33.28,-0.01,19,63232,卖盘
13:02:38,33.28,0.0,6,19969,卖盘
13:02:40,33.29,0.01,16,53263,买盘
13:02:43,33.28,-0.01,2,6656,卖盘
13:02:47,33.29,0.01,4,13316,买盘
13:02:49,33.28,-0.01,2,6657,卖盘
13:02:53,33.29,0.01,47,156448,买盘
13:02:56,33.29,0.0,5,16644,买盘
13:02:58,33.29,0.0,2,6658,买盘
13:03:01,33.29,0.0,66,219714,买盘
13:03:04,33.3,0.01,34,113215,买盘
13:03:08,33.3,0.0,2,6660,买盘
13:03:10,33.3,0.0,234,779216,买盘
13:03:14,33.3,0.0,25,83258,买盘
13:03:16,33.3,0.0,33,109890,买盘
13:03:19,33.31,0.01,112,372962,买盘
13:03:22,33.3,-0.01,185,616124,卖盘
13:03:28,33.3,0.0,9,29974,卖盘
13:03:32,33.3,0.0,144,479529,卖盘
13:03:34,33.29,-0.01,26,87596,卖盘
13:03:38,33.3,0.01,38,126539,买盘
13:03:41,33.3,0.0,65,216396,买盘
13:03:44,33.3,0.0,83,276390,买盘
13:03:47,33.29,-0.01,11,36629,卖盘
13:03:50,33.29,0.0,6,19976,卖盘
13:03:52,33.3,0.01,85,282968,买盘
13:03:56,33.29,-0.01,26,86775,卖盘
13:03:59,33.29,0.0,28,93212,买盘
13:04:01,33.29,0.0,85,282965,买盘
13:04:05,33.28,-0.01,52,173106,卖盘
13:04:08,33.29,0.01,105,349638,买盘
13:04:11,33.28,-0.01,47,156453,卖盘
13:04:16,33.29,0.01,109,362864,买盘
13:04:20,33.3,0.01,61,203083,买盘
13:04:22,33.3,0.0,158,526139,买盘
13:04:25,33.3,0.0,29,96545,买盘
13:04:29,33.3,0.0,3,9990,买盘
13:04:32,33.29,-0.01,18,59922,卖盘
13:04:35,33.29,0.0,30,99882,卖盘
13:04:38,33.3,0.01,1,3330,买盘
13:04:41,33.3,0.0,13,44845,买盘
13:04:44,33.29,-0.01,22,73238,卖盘
13:04:46,33.3,0.01,24,79270,买盘
13:04:50,33.3,0.0,18,59925,买盘
13:04:53,33.3,0.0,66,217187,买盘
13:04:56,33.3,0.0,14,46620,买盘
13:05:02,33.3,0.0,132,439613,买盘
13:05:05,33.3,0.0,9,29970,卖盘
13:05:08,33.31,0.01,27,89933,买盘
13:05:11,33.31,0.0,25,83275,买盘
13:05:14,33.31,0.0,96,319772,买盘
13:05:16,33.3,-0.01,237,789432,卖盘
13:05:20,33.31,0.01,217,722827,买盘
13:05:23,33.3,-0.01,2,6660,卖盘
13:05:25,33.3,0.0,23,76595,卖盘
13:05:29,33.31,0.01,546,1819223,买盘
13:05:32,33.33,0.02,10,33330,买盘
13:05:35,33.32,-0.01,2,6664,卖盘
13:05:38,33.32,0.0,21,69972,卖盘
13:05:41,33.33,0.01,9,29997,买盘
13:05:46,33.33,0.0,5,16665,买盘
13:05:50,33.33,0.0,240,799919,买盘
13:05:53,33.33,0.0,18,59993,买盘
13:05:55,33.33,0.0,60,201194,买盘
13:05:59,33.33,0.0,47,156650,买盘
13:06:02,33.33,0.0,130,433290,买盘
13:06:05,33.32,-0.01,83,277445,卖盘
13:06:08,33.32,0.0,25,83315,卖盘
13:06:10,33.33,0.01,55,183315,买盘
13:06:14,33.33,0.0,31,103323,买盘
13:06:17,33.33,0.0,202,673268,买盘
13:06:20,33.34,0.01,21,69999,买盘
13:06:23,33.33,-0.01,23,76676,卖盘
13:06:26,33.34,0.01,4,13336,买盘
13:06:28,33.34,0.0,17,56678,买盘
13:06:32,33.33,-0.01,239,796796,卖盘
13:06:35,33.34,0.01,55,183355,买盘
13:06:38,33.33,-0.01,18,58463,卖盘
13:06:41,33.34,0.01,5,16670,买盘
13:06:44,33.34,0.0,3,10002,买盘
13:06:47,33.33,-0.01,77,256093,卖盘
13:06:50,33.34,0.01,21,70014,买盘
13:06:53,33.34,0.0,95,316715,买盘
13:06:56,33.33,-0.01,53,176901,卖盘
13:06:59,33.34,0.01,14,46676,买盘
13:07:02,33.34,0.0,134,446756,买盘
13:07:07,33.34,0.0,18,60009,买盘
13:07:11,33.34,0.0,5,16670,买盘
13:07:15,33.34,0.0,37,126367,买盘
13:07:17,33.33,-0.01,479,1593734,卖盘
13:07:20,33.32,-0.01,30,99963,卖盘
13:07:23,33.33,0.01,49,163299,买盘
13:07:26,33.32,-0.01,23,76638,卖盘
13:07:29,33.32,0.0,8,26789,卖盘
13:07:32,33.32,0.0,115,383180,卖盘
13:07:35,33.32,0.0,95,316540,卖盘
13:07:38,33.32,0.0,92,306679,卖盘
13:07:41,33.32,0.0,83,276556,卖盘
13:07:44,33.32,0.0,69,229388,卖盘
13:07:47,33.31,-0.01,27,89967,卖盘
13:07:50,33.31,0.0,3,9993,买盘
13:07:58,33.3,-0.01,30,100733,卖盘
13:08:01,33.31,0.01,183,610128,买盘
13:08:05,33.31,0.0,72,239782,买盘
13:08:08,33.31,0.0,19,63284,买盘
13:08:13,33.31,0.0,38,126573,买盘
13:08:16,33.31,0.0,177,588954,买盘
13:08:20,33.31,0.0,5,16655,卖盘
13:08:23,33.31,0.0,27,89949,卖盘
13:08:26,33.31,0.0,72,239832,卖盘
13:08:30,33.31,0.0,26,86607,卖盘
13:08:32,33.31,0.0,2,6662,卖盘
13:08:35,33.31,0.0,36,119917,卖盘
13:08:38,33.31,0.0,32,106331,卖盘
13:08:40,33.31,0.0,2,6663,卖盘
13:08:44,33.31,0.0,18,60224,卖盘
13:08:47,33.31,0.0,4,13324,卖盘
13:08:50,33.31,0.0,13,43303,卖盘
13:08:53,33.31,0.0,237,791251,卖盘
13:08:56,33.32,0.01,3,9995,买盘
13:08:58,33.31,-0.01,109,362792,卖盘
13:09:02,33.31,0.0,169,563048,卖盘
13:09:05,33.28,-0.03,9,29964,卖盘
13:09:08,33.31,0.03,22,73279,买盘
13:09:11,33.31,0.0,1,3331,买盘
13:09:13,33.31,0.0,122,406382,买盘
13:09:17,33.28,-0.03,292,972598,卖盘
13:09:20,33.32,0.04,7,23324,买盘
13:09:26,33.31,-0.01,107,356513,中性盘
13:09:28,33.28,-0.03,19,62001,卖盘
13:09:32,33.31,0.03,28,93250,买盘
13:09:35,33.3,-0.01,1,3330,卖盘
13:09:38,33.3,0.0,4,14385,卖盘
13:09:41,33.31,0.01,22,73263,买盘
13:09:43,33.31,0.0,29,96599,买盘
13:09:56,33.3,-0.01,205,683682,卖盘
13:10:00,33.3,0.0,46,153198,卖盘
13:10:02,33.31,0.01,157,520271,买盘
13:10:05,33.31,0.0,24,79927,买盘
13:10:08,33.3,-0.01,113,376374,中性盘
13:10:10,33.31,0.01,32,106577,买盘
13:10:13,33.31,0.0,7,23317,买盘
13:10:16,33.3,-0.01,30,99900,买盘
13:10:20,33.3,0.0,10,33309,卖盘
13:10:23,33.3,0.0,2,6661,卖盘
13:10:29,33.3,0.0,5,16650,卖盘
13:10:32,33.31,0.01,118,392945,买盘
13:10:35,33.3,-0.01,33,110490,卖盘
13:10:41,33.31,0.01,21,69933,买盘
13:10:45,33.3,-0.01,19,62172,卖盘
13:10:46,33.3,0.0,101,336330,卖盘
13:10:50,33.31,0.01,114,379739,买盘
13:10:52,33.31,0.0,171,569433,买盘
13:10:56,33.31,0.0,33,109898,买盘
13:10:59,33.3,-0.01,109,363469,卖盘
13:11:02,33.3,0.0,127,422910,买盘
13:11:05,33.28,-0.02,13,44530,卖盘
13:11:08,33.28,0.0,34,113189,卖盘
13:11:14,33.28,0.0,8,26631,卖盘
13:11:17,33.29,0.01,131,436099,买盘
13:11:20,33.29,0.0,25,83191,卖盘
13:11:22,33.3,0.01,11,36630,买盘
13:11:26,33.29,-0.01,5,16645,卖盘
13:11:30,33.29,0.0,7,24402,卖盘
13:11:32,33.3,0.01,108,359638,买盘
13:11:35,33.29,-0.01,129,429445,卖盘
13:11:37,33.29,0.0,27,87556,卖盘
13:11:40,33.3,0.01,24,79898,买盘
13:11:43,33.29,-0.01,10,33295,卖盘
13:11:47,33.3,0.01,100,333000,买盘
13:11:50,33.29,-0.01,1,3329,卖盘
13:11:53,33.29,0.0,27,91151,卖盘
13:11:56,33.29,0.0,6,19371,买盘
13:11:59,33.29,0.0,22,73238,买盘
13:12:02,33.29,0.0,93,308332,买盘
13:12:05,33.3,0.01,25,83226,买盘
13:12:08,33.29,-0.01,23,78809,卖盘
13:12:11,33.29,0.0,12,38986,卖盘
13:12:14,33.3,0.01,128,426189,买盘
13:12:17,33.3,0.0,212,706926,买盘
13:12:20,33.3,0.0,5,16650,卖盘
13:12:23,33.31,0.01,12,39972,买盘
13:12:26,33.3,-0.01,106,351975,卖盘
13:12:29,33.29,-0.01,3,9989,中性盘
13:12:32,33.29,0.0,9,29962,卖盘
13:12:38,33.29,0.0,10,34518,买盘
13:12:41,33.29,0.0,3,9987,买盘
13:12:45,33.28,-0.01,225,748812,卖盘
13:12:46,33.29,0.01,115,382735,买盘
13:12:50,33.29,0.0,9,29956,买盘
13:12:52,33.28,-0.01,19,60935,卖盘
13:12:56,33.29,0.01,103,342854,买盘
13:12:59,33.28,-0.01,15,49920,买盘
13:13:02,33.28,0.0,97,325535,买盘
13:13:05,33.29,0.01,21,69907,买盘
13:13:08,33.28,-0.01,3,9986,卖盘
13:13:10,33.29,0.01,1,3329,买盘
13:13:14,33.29,0.0,13,43277,买盘
13:13:17,33.29,0.0,78,257864,买盘
13:13:20,33.29,0.0,15,49935,卖盘
13:13:24,33.3,0.01,3,9989,买盘
13:13:26,33.29,-0.01,1,3329,卖盘
13:13:29,33.29,0.0,1,3329,卖盘
13:13:36,33.29,0.0,15,49945,卖盘
13:13:37,33.3,0.01,106,352980,买盘
13:13:41,33.29,-0.01,7,25334,卖盘
13:13:44,33.29,0.0,5,16645,卖盘
13:13:47,33.29,0.0,27,87120,卖盘
13:13:50,33.29,0.0,26,86560,卖盘
13:13:53,33.3,0.01,25,83301,买盘
13:13:56,33.3,0.0,222,739049,买盘
13:13:58,33.29,-0.01,41,136609,卖盘
13:14:02,33.3,0.01,127,422910,买盘
13:14:05,33.3,0.0,46,153140,买盘
13:14:08,33.29,-0.01,111,371895,卖盘
13:14:12,33.29,0.0,124,412916,卖盘
13:14:15,33.29,0.0,6,19974,买盘
13:14:17,33.29,0.0,23,75172,买盘
13:14:20,33.29,0.0,114,379693,卖盘
13:14:23,33.29,0.0,218,725731,卖盘
13:14:26,33.3,0.01,10,33300,中性盘
13:14:30,33.29,-0.01,17,58272,卖盘
13:14:32,33.3,0.01,1,3330,买盘
13:14:35,33.29,-0.01,16,53264,卖盘
13:14:38,33.29,0.0,26,84266,卖盘
13:14:40,33.29,0.0,17,56020,卖盘
13:14:45,33.28,-0.01,11,37884,卖盘
13:14:47,33.3,0.02,3,9990,买盘
13:14:50,33.29,-0.01,31,103199,卖盘
13:14:53,33.29,0.0,182,605980,卖盘
13:14:56,33.29,0.0,7,23269,卖盘
13:15:00,33.3,0.01,12,39960,买盘
13:15:02,33.3,0.0,253,842701,买盘
13:15:05,33.29,-0.01,18,59922,卖盘
13:15:08,33.3,0.01,111,369622,买盘
13:15:11,33.29,-0.01,40,133317,卖盘
13:15:15,33.29,0.0,50,166450,卖盘
13:15:17,33.3,0.01,291,969029,买盘
13:15:20,33.3,0.0,13,43290,买盘
13:15:22,33.29,-0.01,18,59934,卖盘
13:15:30,33.29,0.0,27,89883,卖盘
13:15:32,33.3,0.01,35,116550,买盘
13:15:36,33.29,-0.01,7,23969,卖盘
13:15:37,33.29,0.0,15,49935,卖盘
13:15:41,33.29,0.0,233,774664,卖盘
13:15:45,33.29,0.0,111,369519,买盘
13:15:47,33.27,-0.02,17,56338,卖盘
13:15:50,33.29,0.02,5,18006,买盘
13:15:53,33.26,-0.03,15,48940,卖盘
13:15:58,33.25,-0.01,15,49885,卖盘
13:16:02,33.27,0.02,172,571444,买盘
13:16:05,33.27,0.0,22,73197,买盘
13:16:08,33.26,-0.01,27,89824,卖盘
13:16:12,33.27,0.01,18,59886,买盘
13:16:15,33.27,0.0,19,63213,买盘
13:16:17,33.27,0.0,53,176331,买盘
13:16:20,33.28,0.01,118,392600,买盘
13:16:22,33.3,0.02,113,376221,买盘
13:16:26,33.27,-0.03,201,668766,卖盘
13:16:30,33.27,0.0,8,27215,卖盘
13:16:36,33.27,0.0,11,36611,卖盘
13:16:38,33.27,0.0,20,66542,卖盘
13:16:41,33.28,0.01,5,16437,买盘
13:16:45,33.27,-0.01,9,29943,卖盘
13:16:46,33.27,0.0,36,120371,卖盘
13:16:50,33.28,0.01,2,6656,买盘
13:16:53,33.27,-0.01,20,64743,卖盘
13:16:56,33.28,0.01,11,36607,买盘
13:16:58,33.27,-0.01,188,626873,卖盘
13:17:02,33.27,0.0,152,506446,买盘
13:17:05,33.25,-0.02,117,389298,卖盘
13:17:08,33.29,0.04,4,13316,买盘
13:17:11,33.28,-0.01,6,19968,中性盘
13:17:15,33.28,0.0,50,166419,卖盘
13:17:17,33.29,0.01,84,278238,买盘
13:17:20,33.29,0.0,23,76567,卖盘
13:17:26,33.29,0.0,8,26633,卖盘
13:17:30,33.29,0.0,16,53264,卖盘
13:17:32,33.29,0.0,3,9987,卖盘
13:17:36,33.29,0.0,4,15047,卖盘
13:17:38,33.29,0.0,255,848619,卖盘
13:17:41,33.29,0.0,20,66580,买盘
13:17:45,33.29,0.0,3,9987,买盘
13:17:48,33.3,0.01,101,336238,买盘
13:17:50,33.29,-0.01,10,33289,买盘
13:17:53,33.29,0.0,10,33290,买盘
13:17:58,33.28,-0.01,6,19802,卖盘
13:18:02,33.29,0.01,124,412796,买盘
13:18:05,33.29,0.0,72,239636,买盘
13:18:08,33.29,0.0,19,63246,买盘
13:18:11,33.29,0.0,44,146457,买盘
13:18:15,33.29,0.0,22,73493,买盘
13:18:17,33.29,0.0,207,689102,买盘
13:18:21,33.28,-0.01,28,91993,卖盘
13:18:24,33.28,0.0,1,3328,卖盘
13:18:26,33.28,0.0,14,46604,卖盘
13:18:29,33.29,0.01,107,356202,买盘
13:18:32,33.29,0.0,28,92422,买盘
13:18:36,33.29,0.0,38,126486,买盘
13:18:38,33.28,-0.01,19,63299,卖盘
13:18:44,33.28,0.0,14,47457,卖盘
13:18:47,33.28,0.0,3,9984,卖盘
13:18:52,33.28,0.0,36,119887,卖盘
13:18:56,33.28,0.0,55,183040,卖盘
13:19:00,33.28,0.0,1,3328,卖盘
13:19:02,33.29,0.01,133,444444,买盘
13:19:05,33.29,0.0,15,49925,买盘
13:19:08,33.29,0.0,17,56593,买盘
13:19:12,33.29,0.0,122,406140,买盘
13:19:13,33.29,0.0,13,43277,买盘
13:19:17,33.29,0.0,39,129809,买盘
13:19:20,33.29,0.0,2,6658,卖盘
13:19:24,33.29,0.0,14,46606,卖盘
13:19:26,33.3,0.01,67,223044,买盘
13:19:30,33.29,-0.01,4,13316,卖盘
13:19:32,33.29,0.0,16,53264,卖盘
13:19:35,33.29,0.0,11,36619,卖盘
13:19:37,33.3,0.01,3,9990,买盘
13:19:41,33.29,-0.01,110,365863,卖盘
13:19:44,33.29,0.0,13,43277,卖盘
13:19:47,33.29,0.0,3,9987,卖盘
13:19:53,33.3,0.01,131,436105,买盘
13:19:56,33.29,-0.01,94,312926,卖盘
13:19:58,33.29,0.0,17,54163,卖盘
13:20:02,33.3,0.01,151,502830,买盘
13:20:05,33.29,-0.01,37,123179,卖盘
13:20:08,33.3,0.01,44,147553,买盘
13:20:11,33.29,-0.01,116,387973,卖盘
13:20:15,33.29,0.0,21,69909,卖盘
13:20:17,33.29,0.0,224,744947,买盘
13:20:20,33.29,0.0,56,186424,卖盘
13:20:24,33.27,-0.02,38,126443,卖盘
13:20:26,33.28,0.01,2,6656,买盘
13:20:29,33.27,-0.01,11,34501,卖盘
13:20:32,33.27,0.0,13,43252,卖盘
13:20:36,33.27,0.0,121,402671,卖盘
13:20:38,33.27,0.0,1,3327,卖盘
13:20:41,33.27,0.0,2,6654,卖盘
13:20:45,33.24,-0.03,113,375824,卖盘
13:20:48,33.27,0.03,14,46578,中性盘
13:20:50,33.27,0.0,56,187643,卖盘
13:20:53,33.28,0.01,142,472453,买盘
13:20:56,33.24,-0.04,20,67835,卖盘
13:21:00,33.27,0.03,41,135060,买盘
13:21:02,33.27,0.0,98,326046,买盘
13:21:05,33.28,0.01,26,86515,买盘
13:21:08,33.27,-0.01,12,39934,卖盘
13:21:11,33.27,0.0,9,29943,卖盘
13:21:13,33.27,0.0,3,9981,卖盘
13:21:17,33.28,0.01,372,1238130,买盘
13:21:20,33.27,-0.01,20,66546,卖盘
13:21:24,33.28,0.01,58,192979,买盘
13:21:26,33.27,-0.01,8,26616,卖盘
13:21:30,33.27,0.0,10,33270,卖盘
13:21:32,33.27,0.0,9,30242,卖盘
13:21:36,33.27,0.0,20,66108,卖盘
13:21:38,33.24,-0.03,12,39896,卖盘
13:21:41,33.24,0.0,7,24069,卖盘
13:21:45,33.2,-0.04,318,1056533,卖盘
13:21:47,33.24,0.04,3,9972,中性盘
13:21:50,33.21,-0.03,3,9969,卖盘
13:21:53,33.21,0.0,11,36558,卖盘
13:21:56,33.24,0.03,35,114385,中性盘
13:21:58,33.24,0.0,78,259272,买盘
13:22:02,33.25,0.01,145,482090,买盘
13:22:05,33.25,0.0,39,129675,卖盘
13:22:08,33.25,0.0,1,3325,卖盘
13:22:11,33.25,0.0,26,86462,卖盘
13:22:15,33.25,0.0,8,26600,卖盘
13:22:17,33.25,0.0,28,93122,买盘
13:22:20,33.26,0.01,16,55938,买盘
13:22:24,33.25,-0.01,23,76475,卖盘
13:22:26,33.26,0.01,23,73952,买盘
13:22:30,33.25,-0.01,4,13301,卖盘
13:22:32,33.26,0.01,24,79824,买盘
13:22:35,33.25,-0.01,68,226060,卖盘
13:22:38,33.26,0.01,1,3326,买盘
13:22:41,33.26,0.0,118,392508,买盘
13:22:45,33.26,0.0,17,56542,买盘
13:22:47,33.26,0.0,17,56527,买盘
13:22:53,33.25,-0.01,444,1476334,卖盘
13:22:56,33.25,0.0,36,119700,卖盘
13:23:00,33.26,0.01,1,3326,买盘
13:23:02,33.26,0.0,91,302666,买盘
13:23:05,33.25,-0.01,546,1815545,卖盘
13:23:08,33.28,0.03,14,46589,买盘
13:23:11,33.29,0.01,248,824996,买盘
13:23:14,33.29,0.0,14,46593,买盘
13:23:17,33.29,0.0,440,1464732,买盘
13:23:20,33.29,0.0,12,39948,买盘
13:23:24,33.3,0.01,104,346318,买盘
13:23:26,33.29,-0.01,8,26632,买盘
13:23:29,33.29,0.0,4,13316,卖盘
13:23:32,33.29,0.0,3,9987,卖盘
13:23:36,33.29,0.0,20,66580,卖盘
13:23:38,33.29,0.0,32,106528,卖盘
13:23:41,33.3,0.01,2,6660,买盘
13:23:44,33.27,-0.03,32,106464,中性盘
13:23:48,33.29,0.02,1,3329,中性盘
13:23:50,33.29,0.0,6,19962,买盘
13:23:56,33.25,-0.04,23,77140,卖盘
13:24:01,33.26,0.01,150,500041,卖盘
13:24:05,33.28,0.02,46,153067,中性盘
13:24:08,33.29,0.01,48,159787,买盘
13:24:11,33.3,0.01,24,79909,买盘
13:24:15,33.29,-0.01,70,233031,卖盘
13:24:17,33.3,0.01,283,942388,买盘
13:24:24,33.3,0.0,7,23310,买盘
13:24:25,33.29,-0.01,14,46606,卖盘
13:24:30,33.29,0.0,12,39948,卖盘
13:24:32,33.29,0.0,36,119847,卖盘
13:24:36,33.29,0.0,54,179767,卖盘
13:24:37,33.3,0.01,4,13320,买盘
13:24:41,33.29,-0.01,37,123173,卖盘
13:24:45,33.3,0.01,104,346317,买盘
13:24:47,33.3,0.0,10,33294,买盘
13:24:56,33.29,-0.01,9,29961,卖盘
13:25:00,33.29,0.0,87,289641,卖盘
13:25:02,33.29,0.0,148,492817,卖盘
13:25:05,33.3,0.01,35,116545,买盘
13:25:08,33.3,0.0,15,49950,买盘
13:25:10,33.3,0.0,62,206460,买盘
13:25:17,33.3,0.0,234,779215,买盘
13:25:20,33.3,0.0,10,33300,买盘
13:25:26,33.31,0.01,151,502810,买盘
13:25:30,33.29,-0.02,12,39948,卖盘
13:25:32,33.3,0.01,12,39960,买盘
13:25:36,33.29,-0.01,11,36619,卖盘
13:25:38,33.29,0.0,53,176437,买盘
13:25:41,33.3,0.01,8,26634,买盘
13:25:45,33.29,-0.01,48,159792,卖盘
13:25:48,33.29,0.0,7,23303,卖盘
13:25:50,33.3,0.01,12,39957,买盘
13:25:52,33.3,0.0,38,126522,买盘
13:26:00,33.3,0.0,28,93240,买盘
13:26:02,33.3,0.0,133,442884,买盘
13:26:05,33.29,-0.01,26,86564,卖盘
13:26:08,33.3,0.01,118,392936,买盘
13:26:11,33.29,-0.01,5,16645,卖盘
13:26:15,33.3,0.01,21,69930,买盘
13:26:17,33.3,0.0,246,819170,买盘
13:26:20,33.29,-0.01,146,485161,卖盘
13:26:24,33.28,-0.01,7,23296,卖盘
13:26:25,33.27,-0.01,7,23289,卖盘
13:26:30,33.27,0.0,4,13306,买盘
13:26:36,33.26,-0.01,4,13305,中性盘
13:26:44,33.26,0.0,7,23282,买盘
13:26:50,33.25,-0.01,113,375832,卖盘
13:26:52,33.26,0.01,8,26603,买盘
13:26:56,33.25,-0.01,30,99750,卖盘
13:27:00,33.27,0.02,169,562913,买盘
13:27:02,33.27,0.0,26,86502,卖盘
13:27:05,33.27,0.0,9,29946,卖盘
13:27:11,33.29,0.02,10,33290,买盘
13:27:14,33.27,-0.02,4,13309,卖盘
13:27:17,33.29,0.02,155,515986,买盘
13:27:20,33.29,0.0,27,89883,卖盘
13:27:24,33.29,0.0,2,6659,卖盘
13:27:26,33.3,0.01,22,73260,买盘
13:27:30,33.3,0.0,1,3330,买盘
13:27:32,33.3,0.0,138,459540,买盘
13:27:36,33.29,-0.01,5,16645,卖盘
13:27:38,33.3,0.01,139,462809,买盘
13:27:41,33.3,0.0,3,9989,买盘
13:27:45,33.3,0.0,14,46620,买盘
13:27:46,33.3,0.0,12,39960,买盘
13:27:50,33.29,-0.01,3,9987,卖盘
13:27:53,33.3,0.01,2,6660,买盘
13:27:56,33.3,0.0,386,1284997,买盘
13:28:00,33.29,-0.01,1,3329,卖盘
13:28:02,33.3,0.01,144,479500,买盘
13:28:05,33.29,-0.01,90,299654,卖盘
13:28:08,33.29,0.0,31,103199,卖盘
13:28:12,33.29,0.0,45,149817,卖盘
13:28:13,33.3,0.01,107,356310,买盘
13:28:17,33.3,0.0,105,349550,买盘
13:28:21,33.3,0.0,166,552780,买盘
13:28:24,33.3,0.0,44,146520,卖盘
13:28:26,33.3,0.0,11,36630,卖盘
13:28:30,33.3,0.0,152,506160,卖盘
13:28:32,33.3,0.0,22,73259,中性盘
13:28:36,33.3,0.0,66,219780,卖盘
13:28:38,33.29,-0.01,237,788973,卖盘
13:28:41,33.29,0.0,10,33290,买盘
13:28:44,33.28,-0.01,21,69888,卖盘
13:28:47,33.27,-0.01,8,26616,卖盘
13:28:51,33.27,0.0,18,59886,卖盘
13:28:56,33.27,0.0,115,382704,卖盘
13:28:58,33.28,0.01,29,96493,买盘
13:29:02,33.28,0.0,135,449268,买盘
13:29:08,33.26,-0.02,2,6653,卖盘
13:29:12,33.27,0.01,17,56559,买盘
13:29:15,33.26,-0.01,1,3326,卖盘
13:29:20,33.27,0.01,98,326046,买盘
13:29:24,33.27,0.0,5,16635,卖盘
13:29:26,33.27,0.0,4,13308,卖盘
13:29:32,33.27,0.0,33,109791,卖盘
13:29:35,33.28,0.01,126,419325,买盘
13:29:38,33.28,0.0,143,476069,卖盘
13:29:41,33.29,0.01,7,23305,中性盘
13:29:45,33.29,0.0,37,123173,卖盘
13:29:47,33.29,0.0,82,272955,卖盘
13:29:50,33.28,-0.01,28,93200,卖盘
13:29:56,33.29,0.01,40,133129,买盘
13:30:00,33.29,0.0,10,33290,买盘
13:30:03,33.28,-0.01,135,449410,卖盘
13:30:05,33.29,0.01,6,19971,买盘
13:30:08,33.29,0.0,2,6658,买盘
13:30:15,33.28,-0.01,5,16640,卖盘
13:30:16,33.29,0.01,16,53261,买盘
13:30:20,33.29,0.0,134,446090,买盘
13:30:24,33.29,0.0,32,106528,卖盘
13:30:26,33.29,0.0,15,49935,卖盘
13:30:32,33.29,0.0,4,13316,卖盘
13:30:35,33.29,0.0,157,522653,卖盘
13:30:38,33.29,0.0,179,595893,卖盘
13:30:41,33.29,0.0,196,652486,中性盘
13:30:45,33.28,-0.01,481,1600771,卖盘
13:30:47,33.28,0.0,13,43264,买盘
13:30:50,33.27,-0.01,25,83169,卖盘
13:30:53,33.26,-0.01,4,13304,卖盘
13:30:56,33.26,0.0,68,226162,买盘
13:31:00,33.26,0.0,7,23282,买盘
13:31:02,33.27,0.01,255,848007,买盘
13:31:05,33.26,-0.01,113,375838,卖盘
13:31:08,33.26,0.0,28,93128,卖盘
13:31:11,33.24,-0.02,34,113034,卖盘
13:31:15,33.24,0.0,30,99736,卖盘
13:31:17,33.21,-0.03,28,93049,卖盘
13:31:20,33.25,0.04,337,1120523,买盘
13:31:24,33.25,0.0,1,3325,卖盘
13:31:26,33.25,0.0,38,126350,卖盘
13:31:30,33.21,-0.04,91,302567,卖盘
13:31:33,33.25,0.04,8,26600,中性盘
13:31:36,33.22,-0.03,45,149511,中性盘
13:31:38,33.25,0.03,32,106340,买盘
13:31:41,33.25,0.0,42,139572,买盘
13:31:44,33.25,0.0,260,864187,买盘
13:31:50,33.23,-0.02,40,132920,卖盘
13:31:53,33.23,0.0,15,49845,卖盘
13:31:56,33.23,0.0,137,455348,卖盘
13:32:00,33.23,0.0,9,29907,买盘
13:32:02,33.23,0.0,248,823987,买盘
13:32:05,33.23,0.0,54,179426,买盘
13:32:08,33.22,-0.01,126,418572,卖盘
13:32:11,33.22,0.0,9,29898,买盘
13:32:17,33.2,-0.02,90,298858,卖盘
13:32:20,33.22,0.02,398,1322054,买盘
13:32:22,33.22,0.0,118,391995,买盘
13:32:26,33.21,-0.01,17,56458,中性盘
13:32:29,33.2,-0.01,183,607308,卖盘
13:32:32,33.2,0.0,37,122840,买盘
13:32:34,33.19,-0.01,48,159322,中性盘
13:32:38,33.2,0.01,50,165967,买盘
13:32:41,33.21,0.01,43,142776,买盘
13:32:45,33.22,0.01,165,547971,买盘
13:32:47,33.23,0.01,227,754072,买盘
13:32:50,33.23,0.0,190,631413,买盘
13:32:53,33.23,0.0,21,69785,卖盘
13:32:56,33.24,0.01,6,19945,中性盘
13:33:00,33.24,0.0,21,69804,买盘
13:33:02,33.26,0.02,141,468950,买盘
13:33:05,33.27,0.01,54,179658,买盘
13:33:08,33.26,-0.01,243,808382,卖盘
13:33:11,33.24,-0.02,80,265995,卖盘
13:33:15,33.25,0.01,6,19950,买盘
13:33:16,33.24,-0.01,10,33240,卖盘
13:33:20,33.25,0.01,587,1951775,买盘
13:33:23,33.25,0.0,11,36575,卖盘
13:33:26,33.25,0.0,19,63175,卖盘
13:33:29,33.25,0.0,1,3325,卖盘
13:33:33,33.26,0.01,58,192908,买盘
13:33:36,33.27,0.01,17,56554,买盘
13:33:37,33.27,0.0,10,33270,卖盘
13:33:41,33.27,0.0,50,166350,买盘
13:33:45,33.26,-0.01,17,56542,卖盘
13:33:47,33.27,0.01,125,415875,买盘
13:33:50,33.27,0.0,2,6654,买盘
13:33:53,33.27,0.0,6,19962,买盘
13:33:56,33.27,0.0,3,9981,买盘
13:34:00,33.26,-0.01,311,1034387,卖盘
13:34:02,33.27,0.01,64,212914,买盘
13:34:05,33.27,0.0,47,156369,卖盘
13:34:08,33.27,0.0,4,13310,卖盘
13:34:11,33.27,0.0,1,3327,卖盘
13:34:15,33.27,0.0,103,342681,卖盘
13:34:20,33.28,0.01,342,1138176,买盘
13:34:23,33.28,0.0,730,2430140,卖盘
13:34:26,33.29,0.01,37,123155,买盘
13:34:29,33.29,0.0,114,379532,买盘
13:34:33,33.28,-0.01,4,13312,卖盘
13:34:35,33.28,0.0,8,26624,卖盘
13:34:38,33.28,0.0,31,103168,卖盘
13:34:41,33.28,0.0,3,9984,买盘
13:34:50,33.27,-0.01,3,9981,卖盘
13:34:53,33.27,0.0,4,13308,卖盘
13:34:56,33.28,0.01,18,59888,买盘
13:35:00,33.27,-0.01,14,46578,卖盘
13:35:02,33.28,0.01,132,439296,买盘
13:35:05,33.28,0.0,340,1131182,买盘
13:35:08,33.28,0.0,1,3328,买盘
13:35:10,33.28,0.0,169,562394,买盘
13:35:17,33.28,0.0,4,13312,买盘
13:35:20,33.29,0.01,63,209678,买盘
13:35:23,33.3,0.01,309,1028931,买盘
13:35:26,33.29,-0.01,15,49935,中性盘
13:35:33,33.29,0.0,9,29961,买盘
13:35:35,33.28,-0.01,1,3328,卖盘
13:35:38,33.28,0.0,26,86528,卖盘
13:35:41,33.28,0.0,24,79895,卖盘
13:35:44,33.28,0.0,1,3328,卖盘
13:35:48,33.29,0.01,40,133149,买盘
13:35:50,33.28,-0.01,50,166400,卖盘
13:35:52,33.28,0.0,144,479346,卖盘
13:35:56,33.28,0.0,516,1717253,卖盘
13:36:00,33.29,0.01,195,649104,买盘
13:36:02,33.3,0.01,183,609257,买盘
13:36:05,33.29,-0.01,12,39945,中性盘
13:36:11,33.3,0.01,29,96568,买盘
13:36:17,33.3,0.0,1,3330,买盘
13:36:20,33.3,0.0,131,436230,买盘
13:36:23,33.3,0.0,55,183150,卖盘
13:36:26,33.3,0.0,6,19983,卖盘
13:36:29,33.3,0.0,3,9990,卖盘
13:36:32,33.3,0.0,13,43298,卖盘
13:36:35,33.3,0.0,120,399704,卖盘
13:36:38,33.3,0.0,115,382954,卖盘
13:36:41,33.31,0.01,29,96593,买盘
13:36:47,33.3,-0.01,25,83250,卖盘
13:36:50,33.3,0.0,9,29975,卖盘
13:36:53,33.31,0.01,21,69948,买盘
13:36:56,33.3,-0.01,3,9990,卖盘
13:36:59,33.31,0.01,1,3331,买盘
13:37:01,33.31,0.0,130,433030,买盘
13:37:05,33.31,0.0,92,306372,买盘
13:37:11,33.31,0.0,2,6662,买盘
13:37:17,33.3,-0.01,113,376401,卖盘
13:37:20,33.31,0.01,217,722827,买盘
13:37:23,33.3,-0.01,1,3330,卖盘
13:37:26,33.3,0.0,165,549515,卖盘
13:37:32,33.3,0.0,27,89915,卖盘
13:37:35,33.3,0.0,5,16650,卖盘
13:37:41,33.31,0.01,5,16655,买盘
13:37:44,33.3,-0.01,21,69930,卖盘
13:37:47,33.3,0.0,8,26640,卖盘
13:37:50,33.3,0.0,1,3330,卖盘
13:37:53,33.3,0.0,4,13321,卖盘
13:37:56,33.31,0.01,106,353082,买盘
13:38:02,33.31,0.0,113,376736,买盘
13:38:05,33.31,0.0,55,183205,卖盘
13:38:08,33.31,0.0,4,13324,卖盘
13:38:11,33.31,0.0,2,6662,卖盘
13:38:14,33.31,0.0,5,16657,卖盘
13:38:20,33.32,0.01,331,1102746,买盘
13:38:23,33.32,0.0,47,156590,买盘
13:38:25,33.31,-0.01,67,223183,卖盘
13:38:29,33.31,0.0,3,9993,卖盘
13:38:32,33.31,0.0,37,123267,卖盘
13:38:34,33.31,0.0,32,106592,卖盘
13:38:37,33.32,0.01,282,939105,买盘
13:38:41,33.31,-0.01,37,123282,卖盘
13:38:44,33.31,0.0,9,29981,卖盘
13:38:47,33.32,0.01,270,899375,买盘
13:38:49,33.31,-0.01,2,6662,卖盘
13:38:53,33.33,0.02,748,2492372,买盘
13:38:56,33.31,-0.02,31,103261,中性盘
13:38:59,33.33,0.02,15,49986,买盘
13:39:01,33.31,-0.02,193,643186,卖盘
13:39:05,33.31,0.0,1,3331,卖盘
13:39:08,33.3,-0.01,21,69938,卖盘
13:39:10,33.34,0.04,595,1982718,买盘
13:39:14,33.33,-0.01,156,519948,卖盘
13:39:17,33.33,0.0,19,63327,卖盘
13:39:20,33.34,0.01,503,1676960,买盘
13:39:22,33.34,0.0,14,46676,卖盘
13:39:26,33.34,0.0,45,150033,卖盘
13:39:29,33.34,0.0,6,20006,卖盘
13:39:31,33.34,0.0,27,90019,卖盘
13:39:35,33.35,0.01,1201,4005299,买盘
13:39:38,33.36,0.01,393,1310760,买盘
13:39:40,33.36,0.0,31,103356,买盘
13:39:44,33.35,-0.01,3,10004,中性盘
13:39:47,33.35,0.0,70,233447,买盘
13:39:50,33.33,-0.02,359,1197096,卖盘
13:39:53,33.33,0.0,27,89990,买盘
13:39:56,33.33,0.0,30,99990,买盘
13:39:58,33.33,0.0,8,26664,买盘
13:40:02,33.33,0.0,245,816583,买盘
13:40:05,33.32,-0.01,24,79974,卖盘
13:40:08,33.32,0.0,6,19992,买盘
13:40:11,33.31,-0.01,3,9993,卖盘
13:40:14,33.3,-0.01,86,286408,卖盘
13:40:16,33.31,0.01,399,1329015,买盘
13:40:20,33.31,0.0,50,166550,买盘
13:40:26,33.36,0.05,118,393448,买盘
13:40:29,33.31,-0.05,93,310107,卖盘
13:40:32,33.35,0.04,164,547021,买盘
13:40:38,33.34,-0.01,6,20004,买盘
13:40:41,33.35,0.01,47,156702,买盘
13:40:44,33.34,-0.01,12,40008,中性盘
13:40:46,33.33,-0.01,33,110042,卖盘
13:40:49,33.34,0.01,5,16670,买盘
13:40:52,33.33,-0.01,3,9999,卖盘
13:40:55,33.34,0.01,17,56675,买盘
13:40:59,33.34,0.0,3,10002,买盘
13:41:02,33.34,0.0,20,66680,买盘
13:41:04,33.34,0.0,43,143400,卖盘
13:41:14,33.34,0.0,30,100040,卖盘
13:41:17,33.35,0.01,22,73360,买盘
13:41:19,33.35,0.0,174,580287,买盘
13:41:23,33.34,-0.01,18,60020,卖盘
13:41:28,33.35,0.01,42,140060,买盘
13:41:32,33.35,0.0,56,186756,买盘
13:41:34,33.34,-0.01,6,20004,卖盘
13:41:40,33.34,0.0,14,46683,卖盘
13:41:44,33.35,0.01,116,386860,买盘
13:41:47,33.34,-0.01,466,1553652,卖盘
13:41:50,33.34,0.0,5,16670,买盘
13:41:53,33.33,-0.01,4,13333,卖盘
13:41:56,33.33,0.0,2,6666,卖盘
13:41:58,33.33,0.0,63,209979,卖盘
13:42:02,33.33,0.0,160,533280,买盘
13:42:04,33.32,-0.01,3,9996,卖盘
13:42:08,33.33,0.01,11,36663,买盘
13:42:17,33.32,-0.01,52,173266,卖盘
13:42:20,33.33,0.01,167,556602,买盘
13:42:23,33.33,0.0,71,236643,卖盘
13:42:26,33.33,0.0,233,776722,卖盘
13:42:28,33.33,0.0,181,603972,买盘
13:42:32,33.33,0.0,11,36663,卖盘
13:42:35,33.33,0.0,14,45962,卖盘
13:42:37,33.33,0.0,22,73326,买盘
13:42:47,33.33,0.0,6,19994,买盘
13:42:53,33.33,0.0,4,13329,买盘
13:42:56,33.32,-0.01,11,36652,卖盘
13:42:58,33.33,0.01,16,53327,买盘
13:43:02,33.33,0.0,131,436623,买盘
13:43:04,33.35,0.02,111,370085,买盘
13:43:14,33.33,-0.02,10,33330,中性盘
13:43:16,33.33,0.0,3,9999,卖盘
