time,price,change,volume,amount,type
09:25:04,30.01,-0.16,2487,7465798,卖盘
09:30:02,30.01,0.0,1516,4549219,卖盘
09:30:05,30.0,-0.01,1498,4493029,卖盘
09:30:08,30.02,0.02,978,2936403,买盘
09:30:10,30.01,-0.01,309,927734,卖盘
09:30:14,30.05,0.04,511,1535380,买盘
09:30:17,30.1,0.05,669,2012631,买盘
09:30:19,30.1,0.0,273,821797,卖盘
09:30:23,30.13,0.03,820,2467621,买盘
09:30:26,30.12,-0.01,111,334079,买盘
09:30:29,30.15,0.03,530,1596593,买盘
09:30:32,30.11,-0.04,331,997513,卖盘
09:30:34,30.12,0.01,563,1695532,买盘
09:30:38,30.12,0.0,540,1626107,买盘
09:30:41,30.15,0.03,76,229115,买盘
09:30:43,30.15,0.0,212,639188,卖盘
09:30:47,30.16,0.01,32,96503,买盘
09:30:50,30.18,0.02,1448,4369014,买盘
09:30:53,30.19,0.01,157,473969,买盘
09:30:56,30.19,0.0,98,295879,卖盘
09:30:59,30.2,0.01,160,483066,买盘
09:31:02,30.19,-0.01,67,202272,买盘
09:31:05,30.2,0.01,474,1431145,买盘
09:31:08,30.21,0.01,169,510810,买盘
09:31:11,30.21,0.0,117,353417,卖盘
09:31:13,30.24,0.03,221,667536,买盘
09:31:17,30.24,0.0,672,2029274,买盘
09:31:19,30.21,-0.03,168,507471,卖盘
09:31:23,30.19,-0.02,144,434985,卖盘
09:31:26,30.24,0.05,250,755400,买盘
09:31:28,30.19,-0.05,158,477321,卖盘
09:31:32,30.21,0.02,199,600332,买盘
09:31:34,30.21,0.0,150,453110,卖盘
09:31:38,30.21,0.0,308,930150,买盘
09:31:41,30.2,-0.01,94,283959,中性盘
09:31:44,30.18,-0.02,335,1011773,卖盘
09:31:46,30.2,0.02,133,401734,买盘
09:31:50,30.2,0.0,53,160048,卖盘
09:31:53,30.2,0.0,107,322905,买盘
09:31:56,30.18,-0.02,44,132861,中性盘
09:31:59,30.19,0.01,42,126767,买盘
09:32:02,30.18,-0.01,47,141830,中性盘
09:32:05,30.19,0.01,124,374340,买盘
09:32:08,30.16,-0.03,140,422559,卖盘
09:32:11,30.17,0.01,490,1478805,中性盘
09:32:14,30.18,0.01,319,962649,买盘
09:32:17,30.17,-0.01,532,1606376,中性盘
09:32:20,30.17,0.0,108,325830,买盘
09:32:22,30.16,-0.01,479,1444561,卖盘
09:32:26,30.16,0.0,122,367867,买盘
09:32:29,30.14,-0.02,619,1866449,卖盘
09:32:32,30.13,-0.01,93,280236,卖盘
09:32:35,30.15,0.02,266,801895,买盘
09:32:37,30.12,-0.03,78,235313,卖盘
09:32:41,30.13,0.01,34,102109,买盘
09:32:44,30.14,0.01,255,767907,买盘
09:32:47,30.1,-0.04,102,307523,卖盘
09:32:50,30.12,0.02,82,246979,买盘
09:32:53,30.08,-0.04,100,301224,卖盘
09:32:56,30.1,0.02,179,539030,卖盘
09:32:58,30.13,0.03,107,322178,买盘
09:33:02,30.08,-0.05,163,490659,卖盘
09:33:05,30.13,0.05,144,433791,买盘
09:33:08,30.14,0.01,161,484588,买盘
09:33:11,30.1,-0.04,126,379282,中性盘
09:33:14,30.15,0.05,604,1818420,买盘
09:33:16,30.12,-0.03,402,1212228,中性盘
09:33:20,30.1,-0.02,54,162586,卖盘
09:33:23,30.09,-0.01,113,340076,卖盘
09:33:25,30.17,0.08,90,271304,买盘
09:33:28,30.11,-0.06,191,575516,卖盘
09:33:31,30.1,-0.01,88,264919,卖盘
09:33:35,30.16,0.06,291,877855,中性盘
09:33:39,30.16,0.0,88,265387,卖盘
09:33:41,30.15,-0.01,225,678629,卖盘
09:33:43,30.17,0.02,194,586143,买盘
09:33:47,30.16,-0.01,519,1565895,卖盘
09:33:49,30.18,0.02,73,220194,买盘
09:33:53,30.16,-0.02,169,509706,卖盘
09:33:56,30.18,0.02,198,597493,买盘
09:33:59,30.18,0.0,141,424529,买盘
09:34:01,30.17,-0.01,217,654777,中性盘
09:34:06,30.18,0.01,348,1050329,买盘
09:34:09,30.2,0.02,97,292905,买盘
09:34:11,30.18,-0.02,24,72432,卖盘
09:34:14,30.2,0.02,361,1089609,买盘
09:34:16,30.17,-0.03,232,699954,卖盘
09:34:20,30.16,-0.01,147,443460,卖盘
09:34:23,30.17,0.01,551,1661414,卖盘
09:34:26,30.15,-0.02,458,1382117,卖盘
09:34:29,30.15,0.0,76,229140,买盘
09:34:32,30.17,0.02,321,968190,买盘
09:34:35,30.19,0.02,144,434608,买盘
09:34:38,30.19,0.0,52,156983,买盘
09:34:41,30.2,0.01,160,483140,买盘
09:34:44,30.21,0.01,495,1494605,买盘
09:34:46,30.2,-0.01,422,1274012,卖盘
09:34:50,30.22,0.02,191,577010,买盘
09:34:54,30.2,-0.02,204,616089,卖盘
09:34:55,30.21,0.01,151,456129,买盘
09:34:58,30.2,-0.01,97,292981,卖盘
09:35:02,30.21,0.01,107,323155,买盘
09:35:05,30.2,-0.01,434,1310845,卖盘
09:35:08,30.22,0.02,638,1927976,买盘
09:35:11,30.21,-0.01,232,700946,卖盘
09:35:14,30.21,0.0,175,528510,卖盘
09:35:17,30.2,-0.01,110,332307,中性盘
09:35:19,30.21,0.01,61,184266,买盘
09:35:24,30.21,0.0,69,208434,买盘
09:35:25,30.22,0.01,603,1821973,买盘
09:35:29,30.22,0.0,279,843021,卖盘
09:35:32,30.22,0.0,119,359657,卖盘
09:35:35,30.22,0.0,295,891473,买盘
09:35:39,30.23,0.01,83,250832,买盘
09:35:42,30.22,-0.01,35,105758,卖盘
09:35:44,30.22,0.0,379,1145369,买盘
09:35:46,30.22,0.0,18,54405,卖盘
09:35:50,30.22,0.0,43,129981,卖盘
09:35:52,30.24,0.02,321,970114,买盘
09:35:56,30.24,0.0,129,389982,买盘
09:35:59,30.22,-0.02,258,779724,卖盘
09:36:02,30.23,0.01,253,764705,买盘
09:36:04,30.22,-0.01,262,791708,中性盘
09:36:09,30.23,0.01,149,450404,买盘
09:36:11,30.21,-0.02,99,299025,中性盘
09:36:15,30.23,0.02,328,990779,买盘
09:36:17,30.23,0.0,371,1121286,买盘
09:36:21,30.21,-0.02,156,471428,卖盘
09:36:24,30.23,0.02,237,716127,买盘
09:36:26,30.21,-0.02,292,882529,卖盘
09:36:29,30.22,0.01,51,154087,买盘
09:36:32,30.2,-0.02,301,909343,卖盘
09:36:36,30.22,0.02,194,586096,中性盘
09:36:39,30.22,0.0,664,2007999,卖盘
09:36:42,30.23,0.01,97,293226,买盘
09:36:44,30.25,0.02,443,1339118,买盘
09:36:46,30.23,-0.02,162,489847,卖盘
09:36:51,30.23,0.0,105,317366,买盘
09:36:53,30.2,-0.03,306,924163,卖盘
09:36:56,30.2,0.0,157,474140,买盘
09:36:59,30.21,0.01,383,1156826,买盘
09:37:03,30.22,0.01,27,81591,中性盘
09:37:04,30.22,0.0,289,873299,买盘
09:37:09,30.22,0.0,48,145023,中性盘
09:37:12,30.21,-0.01,118,356592,卖盘
09:37:15,30.22,0.01,125,377604,买盘
09:37:17,30.21,-0.01,16,48346,中性盘
09:37:20,30.22,0.01,56,169222,买盘
09:37:23,30.22,0.0,208,628257,买盘
09:37:27,30.24,0.02,361,1091441,买盘
09:37:29,30.22,-0.02,65,196426,卖盘
09:37:32,30.24,0.02,101,305359,买盘
09:37:35,30.22,-0.02,91,275011,卖盘
09:37:39,30.23,0.01,151,456447,买盘
09:37:42,30.25,0.02,142,429343,买盘
09:37:45,30.22,-0.03,75,226717,卖盘
09:37:48,30.25,0.03,151,456736,买盘
09:37:50,30.24,-0.01,144,435445,中性盘
09:37:54,30.24,0.0,79,238888,买盘
09:37:56,30.25,0.01,222,671517,买盘
09:37:59,30.27,0.02,449,1358201,买盘
09:38:02,30.27,0.0,81,245161,买盘
09:38:06,30.26,-0.01,283,856529,卖盘
09:38:09,30.28,0.02,48,145329,买盘
09:38:12,30.27,-0.01,381,1153275,卖盘
09:38:14,30.3,0.03,1209,3663066,买盘
09:38:18,30.28,-0.02,239,724038,卖盘
09:38:20,30.3,0.02,111,336300,卖盘
09:38:22,30.31,0.01,287,869638,买盘
09:38:26,30.31,0.0,82,248518,买盘
09:38:29,30.31,0.0,229,693986,卖盘
09:38:32,30.28,-0.03,368,1113871,卖盘
09:38:35,30.3,0.02,376,1138656,买盘
09:38:39,30.3,0.0,79,239332,买盘
09:38:42,30.31,0.01,143,432545,买盘
09:38:45,30.33,0.02,659,1998305,买盘
09:38:48,30.33,0.0,124,376092,卖盘
09:38:50,30.33,0.0,165,500535,卖盘
09:38:54,30.34,0.01,778,2360973,买盘
09:38:57,30.34,0.0,519,1574613,卖盘
09:38:59,30.34,0.0,24,72816,买盘
09:39:03,30.35,0.01,314,952987,买盘
09:39:06,30.36,0.01,100,303577,买盘
09:39:09,30.35,-0.01,137,415675,买盘
09:39:12,30.34,-0.01,342,1037739,卖盘
09:39:14,30.33,-0.01,152,461141,卖盘
09:39:18,30.36,0.03,445,1350464,买盘
09:39:21,30.33,-0.03,123,373142,卖盘
09:39:24,30.33,0.0,200,606803,买盘
09:39:26,30.37,0.04,539,1635904,买盘
09:39:30,30.32,-0.05,203,615615,卖盘
09:39:32,30.32,0.0,74,224368,买盘
09:39:35,30.35,0.03,296,897941,买盘
09:39:39,30.36,0.01,89,270053,买盘
09:39:40,30.35,-0.01,282,855793,买盘
09:39:45,30.34,-0.01,247,749783,买盘
09:39:48,30.32,-0.02,213,645991,卖盘
09:39:49,30.34,0.02,21,63714,买盘
09:39:54,30.32,-0.02,389,1179805,卖盘
09:39:57,30.34,0.02,86,260891,买盘
09:40:00,30.33,-0.01,47,142590,卖盘
09:40:03,30.33,0.0,186,564218,卖盘
09:40:04,30.32,-0.01,319,967319,卖盘
09:40:07,30.33,0.01,355,1076627,买盘
09:40:12,30.33,0.0,150,454927,买盘
09:40:14,30.33,0.0,92,279017,买盘
09:40:18,30.3,-0.03,498,1509662,卖盘
09:40:21,30.3,0.0,368,1115150,卖盘
09:40:24,30.3,0.0,371,1124953,卖盘
09:40:26,30.31,0.01,257,778019,买盘
09:40:29,30.29,-0.02,260,788578,卖盘
09:40:32,30.29,0.0,155,469607,买盘
09:40:36,30.28,-0.01,219,663340,卖盘
09:40:39,30.27,-0.01,380,1150469,卖盘
09:40:41,30.26,-0.01,203,614349,卖盘
09:40:44,30.25,-0.01,165,499204,卖盘
09:40:46,30.24,-0.01,77,232890,卖盘
09:40:51,30.23,-0.01,29,87692,卖盘
09:40:52,30.25,0.02,160,483954,买盘
09:40:57,30.24,-0.01,182,550476,卖盘
09:40:59,30.22,-0.02,129,390015,卖盘
09:41:03,30.24,0.02,110,332625,买盘
09:41:06,30.25,0.01,1019,3082022,买盘
09:41:09,30.25,0.0,335,1013319,买盘
09:41:12,30.25,0.0,102,308492,买盘
09:41:15,30.25,0.0,124,375085,买盘
09:41:18,30.26,0.01,156,471908,买盘
09:41:20,30.25,-0.01,611,1849782,卖盘
09:41:24,30.26,0.01,108,326709,中性盘
09:41:27,30.26,0.0,61,184571,卖盘
09:41:29,30.27,0.01,116,351022,买盘
09:41:33,30.27,0.0,27,81743,买盘
09:41:36,30.25,-0.02,322,974246,卖盘
09:41:39,30.25,0.0,69,208725,买盘
09:41:40,30.25,0.0,226,683472,买盘
09:41:45,30.27,0.02,87,263254,买盘
09:41:48,30.27,0.0,46,139242,卖盘
09:41:51,30.28,0.01,118,357237,买盘
09:41:52,30.27,-0.01,364,1102047,卖盘
09:41:55,30.29,0.02,106,321070,中性盘
09:41:59,30.25,-0.04,305,922635,卖盘
09:42:03,30.25,0.0,72,217800,买盘
09:42:06,30.25,0.0,128,387200,买盘
09:42:09,30.27,0.02,151,456889,买盘
09:42:11,30.25,-0.02,28,84700,卖盘
09:42:15,30.25,0.0,227,686717,卖盘
09:42:17,30.29,0.04,108,326893,买盘
09:42:21,30.27,-0.02,128,387256,卖盘
09:42:24,30.26,-0.01,31,93802,卖盘
09:42:27,30.28,0.02,82,248298,买盘
09:42:29,30.27,-0.01,272,822977,中性盘
09:42:33,30.26,-0.01,119,360270,卖盘
09:42:36,30.25,-0.01,518,1566882,卖盘
09:42:39,30.26,0.01,110,332791,买盘
09:42:42,30.25,-0.01,209,632318,卖盘
09:42:45,30.24,-0.01,148,447566,卖盘
09:42:46,30.25,0.01,143,432453,买盘
09:42:50,30.25,0.0,47,142167,买盘
09:42:54,30.24,-0.01,83,251002,卖盘
09:42:57,30.24,0.0,108,326627,卖盘
09:43:00,30.24,0.0,222,671355,买盘
09:43:03,30.24,0.0,128,387059,买盘
09:43:06,30.24,0.0,197,595639,买盘
09:43:07,30.23,-0.01,361,1091352,卖盘
09:43:12,30.24,0.01,180,544246,买盘
09:43:15,30.24,0.0,287,867650,买盘
09:43:18,30.24,0.0,394,1191325,买盘
09:43:21,30.23,-0.01,189,571374,卖盘
09:43:24,30.23,0.0,244,737608,买盘
09:43:27,30.23,0.0,33,99758,买盘
09:43:30,30.23,0.0,443,1338861,买盘
09:43:33,30.23,0.0,42,126967,买盘
09:43:36,30.22,-0.01,286,864349,卖盘
09:43:37,30.25,0.03,380,1149373,买盘
09:43:40,30.25,0.0,131,396275,卖盘
09:43:45,30.23,-0.02,89,269180,卖盘
09:43:48,30.25,0.02,44,133072,中性盘
09:43:51,30.24,-0.01,18,54441,卖盘
09:43:54,30.25,0.01,90,272142,买盘
09:43:57,30.25,0.0,216,653399,买盘
09:44:00,30.24,-0.01,91,275151,卖盘
09:44:03,30.25,0.01,21,63502,买盘
09:44:06,30.24,-0.01,166,502036,卖盘
09:44:09,30.26,0.02,181,547516,买盘
09:44:12,30.25,-0.01,228,689707,卖盘
09:44:15,30.25,0.0,83,251030,买盘
09:44:18,30.25,0.0,15,45375,买盘
09:44:21,30.25,0.0,610,1844223,买盘
09:44:24,30.25,0.0,191,577803,买盘
09:44:25,30.25,0.0,94,284310,卖盘
09:44:30,30.24,-0.01,50,151244,卖盘
09:44:31,30.25,0.01,111,335772,买盘
09:44:35,30.25,0.0,72,217779,买盘
09:44:39,30.25,0.0,64,193579,买盘
09:44:42,30.25,0.0,358,1082627,买盘
09:44:44,30.25,0.0,23,69572,买盘
09:44:48,30.25,0.0,274,828667,买盘
09:44:51,30.24,-0.01,411,1242970,卖盘
09:44:54,30.23,-0.01,513,1550880,卖盘
09:44:55,30.22,-0.01,346,1045769,卖盘
09:45:00,30.23,0.01,189,571510,买盘
09:45:03,30.21,-0.02,207,625491,卖盘
09:45:06,30.22,0.01,962,2906147,买盘
09:45:09,30.21,-0.01,205,619359,买盘
09:45:10,30.21,0.0,261,788337,买盘
09:45:15,30.2,-0.01,391,1181016,卖盘
09:45:18,30.2,0.0,73,220455,买盘
09:45:21,30.2,0.0,987,2978906,买盘
09:45:24,30.2,0.0,212,639812,买盘
09:45:25,30.2,0.0,167,504039,买盘
09:45:30,30.17,-0.03,74,223404,卖盘
09:45:33,30.2,0.03,156,470810,买盘
09:45:36,30.21,0.01,155,468159,买盘
09:45:39,30.18,-0.03,94,283734,卖盘
09:45:42,30.18,0.0,99,298848,卖盘
09:45:45,30.18,0.0,69,208299,卖盘
09:45:48,30.18,0.0,201,606531,买盘
09:45:51,30.17,-0.01,155,467678,卖盘
09:45:54,30.19,0.02,66,199214,买盘
09:45:57,30.18,-0.01,286,863029,卖盘
09:46:00,30.17,-0.01,159,480048,卖盘
09:46:03,30.17,0.0,188,567202,卖盘
09:46:06,30.17,0.0,99,298701,卖盘
09:46:09,30.16,-0.01,141,425366,卖盘
09:46:10,30.14,-0.02,916,2761457,卖盘
09:46:15,30.13,-0.01,134,403872,卖盘
09:46:18,30.13,0.0,275,828761,卖盘
09:46:21,30.14,0.01,34,102446,买盘
09:46:24,30.13,-0.01,759,2286603,卖盘
09:46:27,30.12,-0.01,209,630116,卖盘
09:46:30,30.12,0.0,109,328308,买盘
09:46:33,30.13,0.01,384,1156595,买盘
09:46:36,30.11,-0.02,360,1084294,卖盘
09:46:39,30.13,0.02,105,316234,买盘
09:46:42,30.13,0.0,168,506071,买盘
09:46:44,30.12,-0.01,117,352417,中性盘
09:46:46,30.12,0.0,371,1117414,买盘
09:46:51,30.12,0.0,263,792058,买盘
09:46:52,30.12,0.0,199,599464,卖盘
09:46:57,30.13,0.01,95,286159,买盘
09:47:00,30.12,-0.01,279,840049,卖盘
09:47:03,30.13,0.01,144,433982,中性盘
09:47:06,30.16,0.03,151,455003,买盘
09:47:09,30.12,-0.04,223,671684,卖盘
09:47:12,30.12,0.0,52,156746,卖盘
09:47:15,30.2,0.08,256,772580,买盘
09:47:18,30.18,-0.02,37,111619,卖盘
09:47:21,30.18,0.0,2,6036,卖盘
09:47:22,30.2,0.02,91,274807,买盘
09:47:27,30.19,-0.01,237,714943,卖盘
09:47:29,30.2,0.01,69,208275,买盘
09:47:31,30.19,-0.01,52,156949,买盘
09:47:35,30.18,-0.01,200,603272,中性盘
09:47:37,30.18,0.0,26,78468,买盘
09:47:42,30.13,-0.05,89,268406,卖盘
09:47:45,30.18,0.05,148,446769,买盘
09:47:47,30.18,0.0,117,352885,买盘
09:47:51,30.15,-0.03,53,159901,卖盘
09:47:54,30.15,0.0,95,286517,卖盘
09:47:57,30.16,0.01,121,365292,买盘
09:47:59,30.15,-0.01,97,292513,卖盘
09:48:01,30.2,0.05,42,126758,买盘
09:48:05,30.15,-0.05,247,745205,卖盘
09:48:09,30.16,0.01,114,344036,中性盘
09:48:10,30.16,0.0,30,90474,买盘
09:48:15,30.16,0.0,113,340807,买盘
09:48:18,30.18,0.02,147,443530,买盘
09:48:21,30.16,-0.02,171,515742,卖盘
09:48:22,30.19,0.03,199,600488,买盘
09:48:27,30.19,0.0,68,205179,买盘
09:48:30,30.19,0.0,32,96598,买盘
09:48:33,30.19,0.0,29,87541,买盘
09:48:35,30.13,-0.06,1613,4861596,卖盘
09:48:39,30.13,0.0,382,1150966,买盘
09:48:42,30.13,0.0,233,701998,买盘
09:48:45,30.15,0.02,76,229531,买盘
09:48:48,30.18,0.03,34,102606,买盘
09:48:50,30.17,-0.01,55,165949,卖盘
09:48:54,30.18,0.01,143,431556,买盘
09:48:55,30.18,0.0,78,235388,卖盘
09:49:00,30.18,0.0,160,482837,买盘
09:49:01,30.18,0.0,48,144835,买盘
09:49:06,30.18,0.0,126,380241,买盘
09:49:09,30.17,-0.01,29,87511,卖盘
09:49:12,30.17,0.0,78,235338,卖盘
09:49:15,30.19,0.02,535,1614716,买盘
09:49:18,30.19,0.0,80,241558,买盘
09:49:21,30.19,0.0,252,760568,卖盘
09:49:24,30.18,-0.01,184,555402,卖盘
09:49:27,30.18,0.0,63,190191,买盘
09:49:29,30.19,0.01,64,193212,买盘
09:49:33,30.2,0.01,137,413574,买盘
09:49:35,30.19,-0.01,148,446903,卖盘
09:49:39,30.2,0.01,112,338232,买盘
09:49:42,30.18,-0.02,343,1035270,卖盘
09:49:45,30.19,0.01,151,455900,买盘
09:49:48,30.19,0.0,79,238443,买盘
09:49:51,30.18,-0.01,32,96604,卖盘
09:49:52,30.18,0.0,273,823914,卖盘
09:49:55,30.18,0.0,108,325944,买盘
09:50:00,30.18,0.0,186,561282,买盘
09:50:03,30.19,0.01,58,175101,买盘
09:50:06,30.19,0.0,357,1077764,买盘
09:50:09,30.18,-0.01,106,319942,卖盘
09:50:12,30.19,0.01,56,169062,买盘
09:50:15,30.2,0.01,161,486109,买盘
09:50:18,30.2,0.0,285,860533,买盘
09:50:20,30.2,0.0,153,461863,买盘
09:50:24,30.19,-0.01,115,347247,卖盘
09:50:27,30.21,0.02,329,993334,买盘
09:50:29,30.19,-0.02,25,75481,中性盘
09:50:31,30.19,0.0,117,353288,卖盘
09:50:36,30.21,0.02,162,489186,买盘
09:50:37,30.2,-0.01,86,259780,中性盘
09:50:42,30.19,-0.01,373,1126970,卖盘
09:50:45,30.22,0.03,131,395850,买盘
09:50:48,30.2,-0.02,119,359406,卖盘
09:50:51,30.21,0.01,170,513454,买盘
09:50:54,30.23,0.02,84,253823,买盘
09:50:57,30.23,0.0,26,78585,买盘
09:51:00,30.23,0.0,8,24184,买盘
09:51:03,30.23,0.0,120,362740,买盘
09:51:06,30.25,0.02,132,399097,买盘
09:51:09,30.23,-0.02,39,117897,中性盘
09:51:12,30.25,0.02,219,661675,买盘
09:51:15,30.26,0.01,151,456709,买盘
09:51:18,30.22,-0.04,73,220793,卖盘
09:51:21,30.22,0.0,29,87721,卖盘
09:51:22,30.23,0.01,152,459769,中性盘
09:51:27,30.25,0.02,121,365969,买盘
09:51:30,30.23,-0.02,69,208670,卖盘
09:51:33,30.23,0.0,67,202607,卖盘
09:51:35,30.27,0.04,150,453961,买盘
09:51:39,30.25,-0.02,8,24200,中性盘
09:51:42,30.25,0.0,364,1101608,买盘
09:51:45,30.28,0.03,67,202904,买盘
09:51:48,30.29,0.01,51,154469,买盘
09:51:51,30.29,0.0,60,181738,买盘
09:51:52,30.29,0.0,267,808756,买盘
09:51:55,30.29,0.0,104,315103,卖盘
09:52:00,30.29,0.0,278,841957,卖盘
09:52:01,30.29,0.0,37,112069,买盘
09:52:06,30.3,0.01,239,724093,买盘
09:52:09,30.29,-0.01,33,99949,中性盘
09:52:10,30.28,-0.01,71,215102,卖盘
09:52:14,30.32,0.04,507,1536250,买盘
09:52:18,30.29,-0.03,58,175733,中性盘
09:52:20,30.28,-0.01,91,275666,卖盘
09:52:22,30.3,0.02,160,484686,中性盘
09:52:27,30.29,-0.01,121,366644,卖盘
09:52:30,30.29,0.0,96,290804,卖盘
09:52:32,30.3,0.01,65,196930,买盘
09:52:36,30.29,-0.01,696,2109234,卖盘
09:52:39,30.29,0.0,224,678552,卖盘
09:52:42,30.29,0.0,59,178663,买盘
09:52:45,30.28,-0.01,622,1884994,卖盘
09:52:48,30.3,0.02,157,475557,买盘
09:52:50,30.29,-0.01,6,18174,卖盘
09:52:52,30.3,0.01,212,642209,买盘
09:52:55,30.3,0.0,62,187853,买盘
09:53:00,30.33,0.03,846,2567222,买盘
09:53:01,30.34,0.01,166,503616,买盘
09:53:05,30.34,0.0,249,755413,买盘
09:53:09,30.33,-0.01,20,60660,卖盘
09:53:12,30.33,0.0,67,203221,卖盘
09:53:15,30.33,0.0,136,412457,卖盘
09:53:18,30.31,-0.02,55,166798,中性盘
09:53:21,30.3,-0.01,106,321450,卖盘
09:53:24,30.33,0.03,66,200144,买盘
09:53:27,30.32,-0.01,45,136435,中性盘
09:53:29,30.33,0.01,57,172780,买盘
09:53:33,30.33,0.0,455,1380098,买盘
09:53:36,30.33,0.0,109,330551,中性盘
09:53:39,30.33,0.0,154,467056,买盘
09:53:42,30.32,-0.01,139,421541,买盘
09:53:45,30.34,0.02,185,560986,买盘
09:53:46,30.33,-0.01,58,175926,中性盘
09:53:51,30.32,-0.01,147,445852,卖盘
09:53:54,30.32,0.0,1086,3294756,卖盘
09:53:57,30.35,0.03,112,339872,买盘
09:54:00,30.32,-0.03,28,84918,卖盘
09:54:01,30.32,0.0,26,78848,卖盘
09:54:06,30.34,0.02,191,579434,买盘
09:54:09,30.32,-0.02,128,388137,卖盘
09:54:10,30.34,0.02,37,112253,买盘
09:54:14,30.32,-0.02,208,630999,卖盘
09:54:18,30.34,0.02,63,191103,买盘
09:54:21,30.33,-0.01,23,69750,买盘
09:54:24,30.32,-0.01,150,454846,卖盘
09:54:27,30.32,0.0,176,533678,卖盘
09:54:30,30.32,0.0,159,482038,买盘
09:54:33,30.28,-0.04,735,2226890,卖盘
09:54:36,30.31,0.03,73,221196,买盘
09:54:39,30.27,-0.04,159,481998,卖盘
09:54:40,30.28,0.01,13,39356,买盘
09:54:45,30.29,0.01,136,411916,卖盘
09:54:48,30.31,0.02,161,487947,买盘
09:54:51,30.3,-0.01,83,251495,中性盘
09:54:54,30.29,-0.01,70,212073,卖盘
09:54:57,30.31,0.02,70,212111,买盘
09:55:00,30.29,-0.02,29,87834,买盘
09:55:03,30.28,-0.01,46,139298,卖盘
09:55:06,30.29,0.01,110,333236,买盘
09:55:07,30.31,0.02,107,324255,买盘
09:55:12,30.29,-0.02,35,106021,中性盘
09:55:15,30.3,0.01,64,193865,买盘
09:55:16,30.3,0.0,19,57570,买盘
09:55:21,30.3,0.0,25,75716,买盘
09:55:24,30.31,0.01,151,457549,买盘
09:55:27,30.29,-0.02,59,178677,中性盘
09:55:30,30.3,0.01,34,102990,买盘
09:55:33,30.31,0.01,27,81798,买盘
09:55:36,30.31,0.0,114,345336,买盘
09:55:39,30.3,-0.01,9,27264,中性盘
09:55:42,30.28,-0.02,113,342303,卖盘
09:55:44,30.32,0.04,243,736387,买盘
09:55:48,30.31,-0.01,202,612398,买盘
09:55:50,30.3,-0.01,26,78780,卖盘
09:55:54,30.31,0.01,84,252143,买盘
09:55:57,30.31,0.0,292,884558,卖盘
09:56:00,30.33,0.02,108,327460,买盘
09:56:03,30.33,0.0,56,169837,买盘
09:56:06,30.31,-0.02,201,609601,卖盘
09:56:09,30.32,0.01,10,30313,中性盘
09:56:12,30.3,-0.02,105,318266,卖盘
09:56:14,30.34,0.04,665,2016866,买盘
09:56:18,30.3,-0.04,152,460956,中性盘
09:56:21,30.32,0.02,30,90933,买盘
09:56:24,30.33,0.01,26,78846,买盘
09:56:25,30.32,-0.01,37,112195,卖盘
09:56:30,30.32,0.0,15,45475,买盘
09:56:33,30.32,0.0,174,527525,买盘
09:56:36,30.32,0.0,115,348680,买盘
09:56:39,30.32,0.0,42,127344,买盘
09:56:41,30.3,-0.02,54,163688,卖盘
09:56:44,30.33,0.03,144,436516,买盘
09:56:46,30.32,-0.01,208,630628,买盘
09:56:49,30.32,0.0,50,151595,买盘
09:56:54,30.32,0.0,182,551625,买盘
09:56:57,30.32,0.0,43,130400,卖盘
09:56:59,30.31,-0.01,83,251655,卖盘
09:57:03,30.32,0.01,70,212235,买盘
09:57:05,30.32,0.0,79,239528,买盘
09:57:08,30.32,0.0,111,336552,买盘
09:57:10,30.3,-0.02,121,366633,卖盘
09:57:14,30.32,0.02,166,503126,买盘
09:57:16,30.32,0.0,58,175856,买盘
09:57:20,30.32,0.0,35,106098,买盘
09:57:24,30.31,-0.01,55,166730,中性盘
09:57:27,30.32,0.01,75,227324,买盘
09:57:29,30.3,-0.02,373,1130784,卖盘
09:57:33,30.32,0.02,106,321304,买盘
09:57:35,30.31,-0.01,28,84853,中性盘
09:57:39,30.31,0.0,19,57577,买盘
09:57:41,30.32,0.01,141,427298,买盘
09:57:45,30.3,-0.02,165,500050,卖盘
09:57:47,30.3,0.0,152,460701,买盘
09:57:51,30.31,0.01,10,30309,买盘
09:57:52,30.3,-0.01,142,430400,卖盘
09:57:57,30.32,0.02,68,206167,买盘
09:58:00,30.32,0.0,23,69723,买盘
09:58:01,30.31,-0.01,66,200095,卖盘
09:58:05,30.32,0.01,235,712505,买盘
09:58:08,30.31,-0.01,116,351675,卖盘
09:58:11,30.32,0.01,238,721776,买盘
09:58:15,30.33,0.01,35,106133,买盘
09:58:18,30.31,-0.02,60,181869,卖盘
09:58:20,30.31,0.0,28,84867,买盘
09:58:24,30.32,0.01,95,287954,买盘
09:58:27,30.32,0.0,49,148534,买盘
09:58:30,30.32,0.0,41,124302,买盘
09:58:32,30.31,-0.01,79,239447,卖盘
09:58:36,30.32,0.01,86,260720,买盘
09:58:38,30.32,0.0,102,309264,买盘
09:58:41,30.31,-0.01,18,54560,卖盘
09:58:44,30.32,0.01,149,451592,买盘
09:58:48,30.31,-0.01,19,57594,中性盘
09:58:50,30.3,-0.01,46,139453,卖盘
09:58:54,30.32,0.02,61,184944,买盘
09:58:57,30.31,-0.01,29,87905,中性盘
09:58:59,30.31,0.0,156,472686,买盘
09:59:03,30.33,0.02,121,366821,买盘
09:59:05,30.31,-0.02,120,363955,中性盘
09:59:09,30.31,0.0,136,412138,卖盘
09:59:10,30.33,0.02,34,103098,买盘
09:59:14,30.31,-0.02,60,181963,卖盘
09:59:18,30.32,0.01,32,97046,中性盘
09:59:21,30.32,0.0,31,93989,买盘
09:59:24,30.32,0.0,60,181896,买盘
09:59:25,30.32,0.0,171,518322,买盘
09:59:29,30.32,0.0,20,60636,买盘
09:59:31,30.31,-0.01,78,236418,中性盘
09:59:36,30.31,0.0,112,339472,买盘
09:59:39,30.32,0.01,93,281893,买盘
09:59:42,30.31,-0.01,7,21217,卖盘
09:59:43,30.32,0.01,152,460733,买盘
09:59:47,30.31,-0.01,96,291009,卖盘
09:59:52,30.32,0.01,39,118214,买盘
09:59:57,30.32,0.0,95,288040,买盘
09:59:59,30.32,0.0,141,427333,买盘
10:00:03,30.31,-0.01,66,200033,中性盘
10:00:06,30.31,0.0,284,860733,买盘
10:00:07,30.28,-0.03,1023,3100632,卖盘
10:00:11,30.3,0.02,67,202879,买盘
10:00:14,30.27,-0.03,221,669559,卖盘
10:00:17,30.3,0.03,23,69684,买盘
10:00:20,30.29,-0.01,28,84814,买盘
10:00:23,30.3,0.01,70,212094,买盘
10:00:26,30.3,0.0,63,190829,买盘
10:00:30,30.29,-0.01,58,175717,中性盘
10:00:33,30.3,0.01,75,227189,买盘
10:00:35,30.3,0.0,91,275717,买盘
10:00:38,30.29,-0.01,83,251448,卖盘
10:00:41,30.3,0.01,15,45450,买盘
10:00:44,30.3,0.0,206,624097,买盘
10:00:47,30.29,-0.01,89,269642,中性盘
10:00:51,30.29,0.0,74,224091,买盘
10:00:52,30.29,0.0,30,90868,买盘
10:00:57,30.29,0.0,48,145380,买盘
10:00:59,30.28,-0.01,84,254404,卖盘
10:01:02,30.29,0.01,76,230155,买盘
10:01:06,30.29,0.0,128,387702,买盘
10:01:08,30.28,-0.01,2,6056,中性盘
10:01:11,30.29,0.01,62,187742,买盘
10:01:14,30.27,-0.02,101,305918,卖盘
10:01:16,30.28,0.01,61,184770,中性盘
10:01:19,30.27,-0.01,93,281543,卖盘
10:01:23,30.3,0.03,133,402819,买盘
10:01:27,30.28,-0.02,44,133223,买盘
10:01:30,30.26,-0.02,22,66594,卖盘
10:01:31,30.28,0.02,103,311859,买盘
10:01:35,30.28,0.0,54,163509,买盘
10:01:39,30.27,-0.01,85,257326,卖盘
10:01:41,30.28,0.01,159,481383,买盘
10:01:45,30.28,0.0,166,502519,买盘
10:01:47,30.28,0.0,117,354268,买盘
10:01:51,30.28,0.0,14,42390,买盘
10:01:54,30.28,0.0,65,196790,买盘
10:01:56,30.28,0.0,126,381506,买盘
10:01:59,30.28,0.0,210,635770,买盘
10:02:02,30.28,0.0,64,193767,买盘
10:02:05,30.29,0.01,98,296779,买盘
10:02:08,30.29,0.0,44,133266,买盘
10:02:11,30.29,0.0,29,87834,买盘
10:02:14,30.3,0.01,55,166632,买盘
10:02:17,30.28,-0.02,269,814717,卖盘
10:02:21,30.31,0.03,1003,3038699,买盘
10:02:23,30.28,-0.03,171,517886,卖盘
10:02:27,30.28,0.0,48,145344,买盘
10:02:29,30.28,0.0,67,202876,买盘
10:02:32,30.28,0.0,165,499600,买盘
10:02:34,30.28,0.0,152,460252,买盘
10:02:37,30.28,0.0,33,99921,买盘
10:02:41,30.3,0.02,50,151480,买盘
10:02:45,30.3,0.0,154,466492,买盘
10:02:47,30.29,-0.01,110,333261,中性盘
10:02:50,30.28,-0.01,129,390736,卖盘
10:02:53,30.29,0.01,60,181740,买盘
10:02:56,30.28,-0.01,59,178704,卖盘
10:02:59,30.29,0.01,71,215047,买盘
10:03:01,30.29,0.0,77,233227,买盘
10:03:06,30.29,0.0,112,339227,买盘
10:03:08,30.29,0.0,82,248372,买盘
10:03:11,30.28,-0.01,41,124171,卖盘
10:03:13,30.29,0.01,200,605781,买盘
10:03:16,30.3,0.01,151,457508,买盘
10:03:19,30.3,0.0,72,218153,买盘
10:03:23,30.3,0.0,111,336330,买盘
10:03:27,30.3,0.0,69,209088,卖盘
10:03:29,30.3,0.0,31,93930,买盘
10:03:32,30.3,0.0,71,215130,买盘
10:03:35,30.3,0.0,18,54540,买盘
10:03:39,30.3,0.0,76,230267,买盘
10:03:41,30.29,-0.01,423,1281346,卖盘
10:03:44,30.3,0.01,228,690767,买盘
10:03:47,30.29,-0.01,83,251452,卖盘
10:03:50,30.29,0.0,29,87841,买盘
10:03:53,30.29,0.0,113,342319,买盘
10:03:56,30.29,0.0,44,133283,买盘
10:03:59,30.29,0.0,20,60580,买盘
10:04:03,30.28,-0.01,129,390660,卖盘
10:04:05,30.3,0.02,63,190886,买盘
10:04:09,30.29,-0.01,57,172705,卖盘
10:04:11,30.29,0.0,14,42418,卖盘
10:04:14,30.28,-0.01,566,1713811,卖盘
10:04:17,30.27,-0.01,196,593416,卖盘
10:04:19,30.28,0.01,154,466158,买盘
10:04:23,30.27,-0.01,55,166497,中性盘
10:04:26,30.28,0.01,17,51468,买盘
10:04:29,30.26,-0.02,105,317805,卖盘
10:04:32,30.28,0.02,91,275527,买盘
10:04:35,30.27,-0.01,57,172542,卖盘
10:04:37,30.28,0.01,35,105958,买盘
10:04:42,30.28,0.0,235,711413,买盘
10:04:44,30.28,0.0,165,499527,买盘
10:04:47,30.27,-0.01,375,1135428,卖盘
10:04:50,30.26,-0.01,109,329958,卖盘
10:04:53,30.26,0.0,216,653788,卖盘
10:04:57,30.27,0.01,117,354142,买盘
10:04:58,30.27,0.0,43,130148,买盘
10:05:02,30.27,0.0,64,193772,卖盘
10:05:05,30.26,-0.01,103,311790,卖盘
10:05:08,30.26,0.0,32,96863,卖盘
10:05:11,30.27,0.01,28,84756,买盘
10:05:14,30.28,0.01,161,487410,买盘
10:05:16,30.27,-0.01,169,511670,卖盘
10:05:19,30.29,0.02,33,99950,买盘
10:05:23,30.28,-0.01,51,154422,中性盘
10:05:26,30.29,0.01,85,257453,买盘
10:05:29,30.29,0.0,72,218138,买盘
10:05:31,30.29,0.0,61,184751,卖盘
10:05:34,30.28,-0.01,84,254406,卖盘
10:05:38,30.28,0.0,50,151400,买盘
10:05:41,30.27,-0.01,95,287651,卖盘
10:05:43,30.28,0.01,82,248233,买盘
10:05:47,30.27,-0.01,188,569134,卖盘
10:05:50,30.28,0.01,48,145334,买盘
10:05:53,30.28,0.0,107,323926,买盘
10:05:56,30.28,0.0,65,196784,买盘
10:05:59,30.27,-0.01,72,217987,卖盘
10:06:02,30.3,0.03,142,430194,买盘
10:06:05,30.3,0.0,169,511908,买盘
10:06:07,30.28,-0.02,57,172653,卖盘
10:06:11,30.29,0.01,34,102991,中性盘
10:06:15,30.3,0.01,405,1227092,买盘
10:06:17,30.29,-0.01,56,169677,卖盘
10:06:20,30.3,0.01,102,309009,买盘
10:06:23,30.29,-0.01,61,184782,卖盘
10:06:26,30.3,0.01,41,124208,买盘
10:06:30,30.29,-0.01,52,157547,卖盘
10:06:32,30.29,0.0,118,357459,卖盘
10:06:35,30.29,0.0,63,190827,买盘
10:06:38,30.28,-0.01,1684,5103447,卖盘
10:06:40,30.3,0.02,199,603046,买盘
10:06:43,30.3,0.0,104,315033,卖盘
10:06:46,30.3,0.0,356,1078001,卖盘
10:06:50,30.29,-0.01,28,84838,卖盘
10:06:53,30.3,0.01,19,57564,买盘
10:06:57,30.29,-0.01,222,672601,卖盘
10:07:00,30.28,-0.01,13,39368,卖盘
10:07:02,30.28,0.0,23,69661,卖盘
10:07:04,30.29,0.01,131,396799,买盘
10:07:07,30.28,-0.01,59,178668,卖盘
10:07:11,30.28,0.0,19,57536,卖盘
10:07:13,30.29,0.01,30,90865,买盘
10:07:17,30.3,0.01,71,215074,买盘
10:07:20,30.3,0.0,53,160548,买盘
10:07:23,30.29,-0.01,49,148462,卖盘
10:07:26,30.3,0.01,342,1036253,买盘
10:07:29,30.29,-0.01,18,54539,卖盘
10:07:32,30.29,0.0,28,84820,卖盘
10:07:35,30.29,0.0,461,1396750,卖盘
10:07:38,30.31,0.02,73,221244,买盘
10:07:41,30.3,-0.01,58,175752,卖盘
10:07:43,30.3,0.0,140,424132,买盘
10:07:47,30.3,0.0,19,57570,买盘
10:07:50,30.3,0.0,216,654469,买盘
10:07:53,30.29,-0.01,79,239345,卖盘
10:07:57,30.3,0.01,132,399943,买盘
10:07:59,30.3,0.0,102,309060,买盘
10:08:02,30.3,0.0,130,393900,买盘
10:08:05,30.3,0.0,80,242400,买盘
10:08:08,30.29,-0.01,82,248425,卖盘
10:08:11,30.29,0.0,7,21203,卖盘
10:08:14,30.3,0.01,35,106048,买盘
10:08:17,30.29,-0.01,210,636127,卖盘
10:08:19,30.29,0.0,16,48464,买盘
10:08:23,30.29,0.0,96,290778,买盘
10:08:26,30.29,0.0,173,523954,买盘
10:08:29,30.29,0.0,120,363474,买盘
10:08:32,30.29,0.0,745,2255597,买盘
10:08:35,30.29,0.0,149,451383,买盘
10:08:38,30.29,0.0,1,3029,卖盘
10:08:41,30.29,0.0,41,124199,卖盘
10:08:44,30.29,0.0,131,396744,买盘
10:08:47,30.29,0.0,39,118131,买盘
10:08:50,30.28,-0.01,33,99952,卖盘
10:08:53,30.29,0.01,51,154478,买盘
10:08:56,30.29,0.0,60,181737,买盘
10:08:59,30.28,-0.01,29,87812,卖盘
10:09:02,30.28,0.0,137,414933,卖盘
10:09:04,30.29,0.01,63,190818,买盘
10:09:08,30.28,-0.01,154,466436,卖盘
10:09:11,30.28,0.0,69,208942,卖盘
10:09:14,30.28,0.0,64,193833,中性盘
10:09:16,30.28,0.0,22,66616,买盘
10:09:20,30.28,0.0,72,218015,买盘
10:09:23,30.29,0.01,49,148417,买盘
10:09:26,30.28,-0.01,158,478516,卖盘
10:09:28,30.28,0.0,53,160485,卖盘
10:09:32,30.29,0.01,114,345246,买盘
10:09:35,30.29,0.0,113,342262,买盘
10:09:37,30.29,0.0,101,305926,买盘
10:09:41,30.29,0.0,71,215031,买盘
10:09:44,30.28,-0.01,246,744836,卖盘
10:09:47,30.28,0.0,26,78726,买盘
10:09:50,30.28,0.0,17,51472,买盘
10:09:52,30.27,-0.01,14,42391,卖盘
10:09:56,30.27,0.0,150,454059,卖盘
10:09:58,30.28,0.01,63,190736,买盘
10:10:02,30.28,0.0,150,454104,买盘
10:10:05,30.28,0.0,78,236120,买盘
10:10:09,30.27,-0.01,333,1007756,卖盘
10:10:11,30.26,-0.01,608,1839816,卖盘
10:10:13,30.27,0.01,173,523469,买盘
10:10:17,30.27,0.0,347,1049956,买盘
10:10:20,30.25,-0.02,104,314618,卖盘
10:10:22,30.28,0.03,161,487257,买盘
10:10:25,30.27,-0.01,123,372401,买盘
10:10:30,30.24,-0.03,398,1203816,卖盘
10:10:31,30.25,0.01,80,242000,买盘
10:10:36,30.24,-0.01,28,84679,卖盘
10:10:38,30.26,0.02,131,396486,买盘
10:10:41,30.25,-0.01,132,399126,卖盘
10:10:44,30.24,-0.01,74,223783,卖盘
10:10:46,30.26,0.02,45,136177,买盘
10:10:50,30.26,0.0,65,196604,买盘
10:10:53,30.24,-0.02,153,462926,卖盘
10:10:55,30.27,0.03,304,919524,买盘
10:10:59,30.23,-0.04,528,1596266,卖盘
10:11:02,30.23,0.0,85,256936,买盘
10:11:05,30.24,0.01,249,752834,买盘
10:11:08,30.25,0.01,14,42343,买盘
10:11:11,30.25,0.0,29,87720,买盘
10:11:13,30.24,-0.01,74,223955,卖盘
10:11:17,30.26,0.02,3,9078,买盘
10:11:19,30.26,0.0,27,81685,中性盘
10:11:23,30.25,-0.01,50,151297,卖盘
10:11:26,30.25,0.0,102,308747,卖盘
10:11:29,30.26,0.01,34,102884,中性盘
10:11:32,30.28,0.02,98,296580,买盘
10:11:35,30.27,-0.01,66,199765,中性盘
10:11:38,30.28,0.01,14,42390,买盘
10:11:41,30.28,0.0,130,393594,买盘
10:11:44,30.28,0.0,155,469152,买盘
10:11:47,30.29,0.01,225,681303,买盘
10:11:50,30.28,-0.01,9,27257,卖盘
10:11:52,30.26,-0.02,31,93844,卖盘
10:11:56,30.28,0.02,51,154464,买盘
10:12:00,30.26,-0.02,4,12106,卖盘
10:12:03,30.24,-0.02,356,1077509,卖盘
10:12:05,30.25,0.01,57,172425,买盘
10:12:09,30.24,-0.01,1,3024,卖盘
10:12:10,30.25,0.01,64,193600,买盘
10:12:14,30.24,-0.01,58,175396,卖盘
10:12:17,30.24,0.0,260,786255,卖盘
10:12:20,30.24,0.0,499,1508994,卖盘
10:12:23,30.24,0.0,222,671391,买盘
10:12:26,30.25,0.01,56,169373,买盘
10:12:29,30.25,0.0,45,136125,买盘
10:12:31,30.24,-0.01,13,39312,卖盘
10:12:35,30.25,0.01,88,266179,买盘
10:12:38,30.24,-0.01,51,154265,卖盘
10:12:40,30.25,0.01,16,48400,买盘
10:12:44,30.24,-0.01,259,783478,卖盘
10:12:47,30.24,0.0,347,1049977,卖盘
10:12:50,30.24,0.0,35,105862,卖盘
10:12:53,30.24,0.0,31,93749,卖盘
10:12:56,30.26,0.02,208,629067,买盘
10:12:59,30.26,0.0,37,111916,买盘
10:13:02,30.25,-0.01,1332,4027078,卖盘
10:13:05,30.25,0.0,28,84689,卖盘
10:13:08,30.25,0.0,24,72589,买盘
10:13:11,30.26,0.01,189,571898,买盘
10:13:14,30.24,-0.02,49,148192,卖盘
10:13:17,30.26,0.02,34,102836,买盘
10:13:20,30.25,-0.01,42,127043,中性盘
10:13:23,30.25,0.0,29,87708,买盘
10:13:26,30.26,0.01,131,396303,买盘
10:13:29,30.25,-0.01,6,18154,中性盘
10:13:32,30.28,0.03,46,139226,买盘
10:13:34,30.29,0.01,255,772185,买盘
10:13:38,30.25,-0.04,43,130102,卖盘
10:13:41,30.27,0.02,60,181522,买盘
10:13:43,30.25,-0.02,83,251060,卖盘
10:13:47,30.28,0.03,137,414709,买盘
10:13:49,30.26,-0.02,81,245258,卖盘
10:13:52,30.26,0.0,17,51449,卖盘
10:13:56,30.26,0.0,13,39351,卖盘
10:13:58,30.28,0.02,151,457186,买盘
10:14:02,30.26,-0.02,19,57508,卖盘
10:14:05,30.27,0.01,32,96885,卖盘
10:14:08,30.28,0.01,79,239158,买盘
10:14:11,30.27,-0.01,4,12108,卖盘
10:14:14,30.28,0.01,98,296732,买盘
10:14:17,30.28,0.0,61,184699,买盘
10:14:20,30.28,0.0,91,275469,买盘
10:14:23,30.28,0.0,159,481409,买盘
10:14:26,30.28,0.0,163,493693,买盘
10:14:28,30.28,0.0,19,57519,买盘
10:14:34,30.28,0.0,55,166537,买盘
10:14:38,30.28,0.0,11,33310,买盘
10:14:41,30.29,0.01,43,130216,买盘
10:14:45,30.28,-0.01,107,323853,买盘
10:14:47,30.29,0.01,14,42391,买盘
10:14:50,30.28,-0.01,16,48453,买盘
10:14:53,30.28,0.0,33,99938,中性盘
10:14:55,30.29,0.01,156,472473,买盘
10:14:59,30.28,-0.01,19,57548,卖盘
10:15:02,30.29,0.01,56,169740,卖盘
10:15:05,30.28,-0.01,268,811404,卖盘
10:15:08,30.28,0.0,11,33308,买盘
10:15:11,30.26,-0.02,9,27234,中性盘
10:15:14,30.28,0.02,80,242206,买盘
10:15:17,30.28,0.0,28,84784,买盘
10:15:19,30.27,-0.01,117,354167,卖盘
10:15:23,30.27,0.0,69,208829,买盘
10:15:26,30.27,0.0,113,341872,买盘
10:15:29,30.27,0.0,72,217925,买盘
10:15:32,30.28,0.01,93,281452,买盘
10:15:35,30.27,-0.01,81,245156,中性盘
10:15:38,30.27,0.0,6,18167,卖盘
10:15:41,30.28,0.01,84,254307,买盘
10:15:44,30.28,0.0,243,735637,买盘
10:15:46,30.27,-0.01,113,342102,卖盘
10:15:50,30.28,0.01,41,124113,买盘
10:15:54,30.27,-0.01,16,48440,卖盘
10:15:55,30.27,0.0,104,314847,卖盘
10:16:02,30.27,0.0,10,30270,买盘
10:16:05,30.27,0.0,104,314789,买盘
10:16:08,30.26,-0.01,150,453916,卖盘
10:16:14,30.25,-0.01,54,163424,卖盘
10:16:16,30.25,0.0,46,139187,卖盘
10:16:20,30.26,0.01,109,329783,买盘
10:16:23,30.25,-0.01,85,257180,卖盘
10:16:26,30.26,0.01,190,574864,买盘
10:16:29,30.25,-0.01,73,220844,中性盘
10:16:31,30.25,0.0,79,238956,买盘
10:16:35,30.25,0.0,22,66550,买盘
10:16:38,30.24,-0.01,87,263135,卖盘
10:16:41,30.25,0.01,17,51420,买盘
10:16:44,30.25,0.0,181,547378,买盘
10:16:47,30.25,0.0,624,1887562,买盘
10:16:49,30.25,0.0,49,148202,买盘
10:16:54,30.24,-0.01,219,662270,卖盘
10:16:55,30.26,0.02,105,317571,买盘
10:16:59,30.26,0.0,36,108873,买盘
10:17:02,30.24,-0.02,15,45374,卖盘
10:17:05,30.27,0.03,268,810720,买盘
10:17:08,30.24,-0.03,39,117973,卖盘
10:17:11,30.25,0.01,11,33275,中性盘
10:17:14,30.26,0.01,92,278448,买盘
10:17:17,30.26,0.0,23,69585,中性盘
10:17:20,30.26,0.0,14,42363,买盘
10:17:22,30.27,0.01,114,345071,买盘
10:17:26,30.25,-0.02,65,196625,卖盘
10:17:32,30.26,0.01,104,314610,买盘
10:17:35,30.26,0.0,42,127065,买盘
10:17:37,30.25,-0.01,27,81698,卖盘
10:17:40,30.25,0.0,124,375099,卖盘
10:17:44,30.26,0.01,217,656444,买盘
10:17:47,30.27,0.01,52,157360,买盘
10:17:50,30.26,-0.01,11,33283,买盘
10:17:53,30.26,0.0,24,72635,买盘
10:17:55,30.24,-0.02,274,829014,卖盘
10:17:58,30.25,0.01,67,202703,中性盘
10:18:02,30.26,0.01,107,323815,卖盘
10:18:05,30.26,0.0,58,175534,卖盘
10:18:08,30.25,-0.01,89,269277,卖盘
10:18:10,30.25,0.0,60,181500,买盘
10:18:14,30.25,0.0,35,105875,买盘
10:18:17,30.25,0.0,10,30250,买盘
10:18:19,30.24,-0.01,61,184521,卖盘
10:18:23,30.25,0.01,285,861954,买盘
10:18:26,30.25,0.0,176,532346,买盘
10:18:30,30.25,0.0,1,3025,买盘
10:18:32,30.25,0.0,53,160314,买盘
10:18:35,30.25,0.0,136,411394,买盘
10:18:38,30.24,-0.01,127,384074,卖盘
10:18:41,30.25,0.01,26,78645,买盘
10:18:44,30.25,0.0,102,308474,买盘
10:18:46,30.25,0.0,35,105873,买盘
10:18:50,30.25,0.0,4,12099,买盘
10:18:53,30.25,0.0,46,139150,买盘
10:18:55,30.25,0.0,56,169398,买盘
10:18:59,30.25,0.0,178,538446,买盘
10:19:01,30.25,0.0,44,133105,买盘
10:19:04,30.26,0.01,171,517423,买盘
10:19:08,30.26,0.0,184,556667,买盘
10:19:11,30.25,-0.01,27,81672,卖盘
10:19:14,30.26,0.01,71,214839,买盘
10:19:17,30.25,-0.01,9,27232,卖盘
10:19:20,30.25,0.0,70,211753,卖盘
10:19:23,30.26,0.01,183,553652,买盘
10:19:26,30.26,0.0,49,148267,买盘
10:19:29,30.26,0.0,65,196658,买盘
10:19:31,30.26,0.0,9,27232,买盘
10:19:35,30.25,-0.01,24,72617,卖盘
10:19:38,30.26,0.01,27,81697,买盘
10:19:40,30.25,-0.01,12,36309,卖盘
10:19:44,30.26,0.01,100,302522,买盘
10:19:47,30.25,-0.01,206,623503,卖盘
10:19:50,30.24,-0.01,60,180119,卖盘
10:19:53,30.26,0.02,87,263334,买盘
10:19:56,30.26,0.0,45,136174,买盘
10:19:59,30.26,0.0,9,27234,买盘
10:20:02,30.26,0.0,49,148261,买盘
10:20:05,30.26,0.0,124,375200,买盘
10:20:08,30.26,0.0,72,217870,买盘
10:20:11,30.26,0.0,52,157352,买盘
10:20:14,30.25,-0.01,11,33287,卖盘
10:20:17,30.25,0.0,18,54466,卖盘
10:20:20,30.26,0.01,5,15130,买盘
10:20:22,30.27,0.01,121,366220,买盘
10:20:26,30.26,-0.01,176,532673,卖盘
10:20:29,30.26,0.0,40,121044,买盘
10:20:32,30.26,0.0,3,9078,买盘
10:20:35,30.27,0.01,59,178587,买盘
10:20:38,30.27,0.0,501,1516526,买盘
10:20:41,30.28,0.01,68,205874,买盘
10:20:43,30.28,0.0,84,254234,买盘
10:20:47,30.26,-0.02,72,217872,卖盘
10:20:50,30.27,0.01,26,78678,买盘
10:20:52,30.28,0.01,56,169562,买盘
10:20:56,30.28,0.0,4,12109,买盘
10:20:58,30.27,-0.01,82,248278,卖盘
10:21:02,30.27,0.0,21,63567,买盘
10:21:04,30.28,0.01,175,529887,买盘
10:21:08,30.28,0.0,30,90840,买盘
10:21:11,30.27,-0.01,4,12108,卖盘
10:21:15,30.28,0.01,42,127176,买盘
10:21:17,30.28,0.0,50,151400,买盘
10:21:20,30.27,-0.01,26,78705,卖盘
10:21:23,30.28,0.01,84,254343,买盘
10:21:26,30.28,0.0,6,18168,买盘
10:21:28,30.28,0.0,10,30277,买盘
10:21:31,30.28,0.0,110,333080,买盘
10:21:35,30.27,-0.01,3,9081,卖盘
10:21:37,30.28,0.01,15,45420,买盘
10:21:41,30.28,0.0,28,84784,买盘
10:21:44,30.28,0.0,130,393580,买盘
10:21:46,30.28,0.0,89,269539,买盘
10:21:50,30.28,0.0,23,69655,中性盘
10:21:53,30.28,0.0,115,348220,买盘
10:21:56,30.28,0.0,149,451171,买盘
10:21:59,30.28,0.0,70,211933,买盘
10:22:02,30.28,0.0,44,133263,买盘
10:22:05,30.29,0.01,35,106014,买盘
10:22:08,30.29,0.0,68,205962,买盘
10:22:11,30.29,0.0,12,36337,买盘
10:22:14,30.29,0.0,23,69667,买盘
10:22:17,30.28,-0.01,13,39367,卖盘
10:22:20,30.29,0.01,31,93898,买盘
10:22:23,30.28,-0.01,67,202897,卖盘
10:22:26,30.28,0.0,186,563040,买盘
10:22:29,30.27,-0.01,203,614539,卖盘
10:22:31,30.27,0.0,46,139228,买盘
10:22:35,30.26,-0.01,162,490348,卖盘
10:22:37,30.26,0.0,85,257272,卖盘
10:22:40,30.26,0.0,45,136155,卖盘
10:22:44,30.28,0.02,139,420549,买盘
10:22:47,30.26,-0.02,218,659644,中性盘
10:22:49,30.26,0.0,18,54468,买盘
10:22:53,30.26,0.0,266,804687,买盘
10:22:56,30.26,0.0,159,481134,买盘
10:22:59,30.28,0.02,616,1864968,买盘
10:23:02,30.29,0.01,56,169624,买盘
10:23:05,30.29,0.0,69,208959,买盘
10:23:08,30.28,-0.01,37,112036,卖盘
10:23:11,30.29,0.01,8,24225,买盘
10:23:14,30.29,0.0,95,287744,买盘
10:23:17,30.29,0.0,107,324098,买盘
10:23:19,30.28,-0.01,47,142316,卖盘
10:23:22,30.28,0.0,200,605785,卖盘
10:23:26,30.29,0.01,286,866280,买盘
10:23:28,30.28,-0.01,70,212014,卖盘
10:23:32,30.29,0.01,18,54517,买盘
10:23:35,30.28,-0.01,34,102966,卖盘
10:23:37,30.3,0.02,107,324138,买盘
10:23:40,30.28,-0.02,96,290718,卖盘
10:23:44,30.29,0.01,85,257417,买盘
10:23:47,30.29,0.0,135,408842,卖盘
10:23:49,30.28,-0.01,23,69662,卖盘
10:23:53,30.29,0.01,80,242329,买盘
10:23:55,30.3,0.01,238,720999,买盘
10:23:58,30.3,0.0,5,15150,买盘
10:24:02,30.3,0.0,52,157552,买盘
10:24:05,30.3,0.0,51,154520,买盘
10:24:07,30.29,-0.01,26,78754,卖盘
10:24:11,30.3,0.01,203,614955,买盘
10:24:14,30.29,-0.01,66,199927,卖盘
10:24:17,30.26,-0.03,214,647780,卖盘
10:24:20,30.26,0.0,27,81702,买盘
10:24:23,30.25,-0.01,24,72623,卖盘
10:24:25,30.25,0.0,56,169446,卖盘
10:24:29,30.26,0.01,66,199677,买盘
10:24:32,30.26,0.0,71,214846,买盘
10:24:35,30.26,0.0,116,351012,买盘
10:24:38,30.26,0.0,123,372198,买盘
10:24:41,30.26,0.0,179,541653,买盘
10:24:44,30.26,0.0,161,487275,卖盘
10:24:47,30.29,0.03,53,160537,买盘
10:24:50,30.26,-0.03,3,9078,卖盘
10:24:52,30.28,0.02,33,99875,中性盘
10:24:56,30.28,0.0,19,57528,买盘
10:24:59,30.26,-0.02,351,1062126,卖盘
10:25:02,30.26,0.0,90,272340,买盘
10:25:05,30.26,0.0,4,12104,买盘
10:25:08,30.26,0.0,103,311676,买盘
10:25:11,30.26,0.0,37,111951,买盘
10:25:14,30.26,0.0,52,157347,买盘
10:25:17,30.26,0.0,86,260175,买盘
10:25:19,30.25,-0.01,313,946891,卖盘
10:25:23,30.25,0.0,52,157300,买盘
10:25:26,30.25,0.0,32,96793,买盘
10:25:29,30.25,0.0,4,12100,买盘
10:25:32,30.26,0.01,76,229906,买盘
10:25:35,30.26,0.0,204,617263,买盘
10:25:37,30.25,-0.01,474,1433434,卖盘
10:25:41,30.25,0.0,41,124043,卖盘
10:25:44,30.28,0.03,175,529623,买盘
10:25:46,30.28,0.0,252,762241,买盘
10:25:50,30.26,-0.02,45,136138,卖盘
10:25:52,30.26,0.0,7,21182,卖盘
10:25:56,30.26,0.0,119,360217,卖盘
10:25:59,30.26,0.0,17,51442,卖盘
10:26:02,30.28,0.02,60,181653,买盘
10:26:04,30.28,0.0,14,42383,买盘
10:26:08,30.28,0.0,310,938678,买盘
10:26:11,30.28,0.0,104,315003,买盘
10:26:14,30.29,0.01,105,318039,买盘
10:26:17,30.3,0.01,615,1863062,买盘
10:26:20,30.28,-0.02,3,9084,卖盘
10:26:22,30.3,0.02,117,354378,买盘
10:26:25,30.3,0.0,217,657445,买盘
10:26:29,30.29,-0.01,17,51497,卖盘
10:26:31,30.3,0.01,29,87868,买盘
10:26:35,30.3,0.0,52,157524,买盘
10:26:39,30.29,-0.01,21,63610,卖盘
10:26:41,30.3,0.01,20,60592,买盘
10:26:44,30.29,-0.01,88,266572,卖盘
10:26:47,30.29,0.0,155,469629,卖盘
10:26:49,30.29,0.0,72,218134,卖盘
10:26:53,30.3,0.01,87,263543,买盘
10:26:56,30.29,-0.01,146,442266,卖盘
10:26:59,30.29,0.0,7,21203,买盘
10:27:02,30.28,-0.01,23,69656,卖盘
10:27:05,30.29,0.01,80,242309,买盘
10:27:07,30.28,-0.01,29,87837,卖盘
10:27:11,30.28,0.0,26,78739,卖盘
10:27:14,30.28,0.0,36,109043,卖盘
10:27:17,30.29,0.01,1082,3278275,买盘
10:27:20,30.28,-0.01,49,148385,卖盘
10:27:23,30.3,0.02,53,160501,买盘
10:27:26,30.29,-0.01,126,381565,中性盘
10:27:29,30.3,0.01,28,84835,买盘
10:27:32,30.31,0.01,72,218824,买盘
10:27:35,30.31,0.0,55,166691,买盘
10:27:37,30.3,-0.01,11,33332,卖盘
10:27:41,30.3,0.0,87,263618,卖盘
10:27:45,30.31,0.01,197,597044,买盘
10:27:46,30.3,-0.01,124,375054,卖盘
10:27:50,30.3,0.0,132,399945,买盘
10:27:53,30.3,0.0,58,175762,中性盘
10:27:56,30.29,-0.01,213,645353,卖盘
10:27:59,30.28,-0.01,32,96936,卖盘
10:28:02,30.3,0.02,176,533278,买盘
10:28:05,30.28,-0.02,38,115086,卖盘
10:28:08,30.29,0.01,3,9087,买盘
10:28:11,30.28,-0.01,37,112038,卖盘
10:28:14,30.29,0.01,112,339211,买盘
10:28:16,30.28,-0.01,64,193831,卖盘
10:28:20,30.28,0.0,29,87812,卖盘
10:28:23,30.29,0.01,55,166595,买盘
10:28:26,30.29,0.0,51,154445,买盘
10:28:29,30.29,0.0,511,1548280,买盘
10:28:31,30.28,-0.01,12,36346,卖盘
10:28:35,30.28,0.0,124,375662,卖盘
10:28:39,30.29,0.01,19,57546,中性盘
10:28:41,30.3,0.01,12,36355,买盘
10:28:44,30.3,0.0,101,305959,买盘
10:28:47,30.29,-0.01,28,84821,卖盘
10:28:50,30.29,0.0,34,102991,卖盘
10:28:54,30.29,0.0,48,145397,卖盘
10:28:56,30.3,0.01,93,281761,买盘
10:28:59,30.29,-0.01,29,87818,中性盘
10:29:01,30.3,0.01,59,178767,买盘
10:29:05,30.28,-0.02,161,487661,卖盘
10:29:08,30.27,-0.01,8,24222,卖盘
10:29:11,30.27,0.0,43,130171,卖盘
10:29:14,30.28,0.01,93,281604,买盘
10:29:18,30.28,0.0,161,487505,买盘
10:29:19,30.27,-0.01,524,1586255,卖盘
10:29:23,30.27,0.0,56,169596,卖盘
10:29:26,30.27,0.0,226,684121,卖盘
10:29:29,30.27,0.0,3,9081,买盘
10:29:35,30.28,0.01,131,396485,买盘
10:29:39,30.26,-0.02,4,12106,卖盘
10:29:41,30.28,0.02,48,145275,买盘
10:29:44,30.29,0.01,90,272409,买盘
10:29:46,30.26,-0.03,5,15130,卖盘
10:29:50,30.26,0.0,38,114988,卖盘
10:29:54,30.26,0.0,8,24208,买盘
10:29:56,30.28,0.02,20,60530,买盘
10:29:59,30.26,-0.02,129,390303,卖盘
10:30:01,30.28,0.02,29,87781,买盘
10:30:05,30.28,0.0,132,399601,买盘
10:30:09,30.28,0.0,34,102953,买盘
10:30:11,30.26,-0.02,4,12104,买盘
10:30:14,30.28,0.02,30,90790,买盘
10:30:17,30.28,0.0,72,217944,买盘
10:30:20,30.24,-0.04,71,214794,卖盘
10:30:24,30.25,0.01,170,514218,中性盘
10:30:26,30.24,-0.01,101,305499,卖盘
10:30:29,30.24,0.0,38,114929,卖盘
10:30:32,30.26,0.02,60,181611,中性盘
10:30:35,30.27,0.01,111,335957,买盘
10:30:38,30.24,-0.03,17,51410,卖盘
10:30:41,30.26,0.02,12,36309,买盘
10:30:44,30.27,0.01,83,251043,买盘
10:30:48,30.26,-0.01,276,835043,中性盘
10:30:49,30.24,-0.02,20,60507,卖盘
10:30:53,30.26,0.02,33,99814,买盘
10:30:56,30.27,0.01,52,157332,买盘
10:30:59,30.27,0.0,29,87772,买盘
10:31:02,30.25,-0.02,10,30259,卖盘
10:31:05,30.26,0.01,35,105910,买盘
10:31:09,30.26,0.0,25,75612,买盘
10:31:11,30.24,-0.02,15,45367,卖盘
10:31:14,30.24,0.0,105,317548,卖盘
10:31:17,30.24,0.0,121,366123,卖盘
10:31:20,30.24,0.0,170,514080,卖盘
10:31:23,30.25,0.01,59,178455,买盘
10:31:26,30.25,0.0,24,72587,买盘
10:31:30,30.23,-0.02,63,190478,卖盘
10:31:32,30.25,0.02,55,166325,买盘
10:31:35,30.22,-0.03,322,973309,卖盘
10:31:39,30.22,0.0,35,105770,买盘
10:31:41,30.22,0.0,33,99723,买盘
10:31:44,30.23,0.01,114,344427,买盘
10:31:46,30.22,-0.01,44,132989,中性盘
10:31:49,30.23,0.01,65,196404,买盘
10:31:54,30.21,-0.02,107,323364,卖盘
10:31:56,30.23,0.02,67,202451,买盘
10:31:59,30.22,-0.01,52,157159,卖盘
10:32:02,30.23,0.01,118,356655,买盘
10:32:04,30.23,0.0,217,655942,买盘
10:32:09,30.22,-0.01,30,90681,卖盘
10:32:11,30.23,0.01,36,108814,买盘
10:32:14,30.23,0.0,308,931068,买盘
10:32:17,30.23,0.0,77,232779,买盘
10:32:20,30.24,0.01,10,30240,买盘
10:32:24,30.25,0.01,209,632053,买盘
10:32:26,30.24,-0.01,131,396183,卖盘
10:32:29,30.24,0.0,66,199628,中性盘
10:32:32,30.24,0.0,41,123979,卖盘
10:32:35,30.23,-0.01,8,24184,卖盘
10:32:37,30.24,0.01,14,42331,买盘
10:32:42,30.24,0.0,21,63504,买盘
10:32:44,30.24,0.0,78,235843,卖盘
10:32:47,30.24,0.0,259,782997,卖盘
10:32:50,30.24,0.0,45,136072,买盘
10:32:53,30.23,-0.01,60,181380,卖盘
10:32:56,30.24,0.01,185,559297,买盘
10:32:59,30.23,-0.01,11,33254,卖盘
10:33:02,30.25,0.02,93,281247,买盘
10:33:05,30.27,0.02,238,720098,买盘
10:33:07,30.25,-0.02,44,133048,中性盘
10:33:10,30.23,-0.02,100,302332,卖盘
10:33:14,30.24,0.01,47,142171,卖盘
10:33:18,30.24,0.0,7,21172,卖盘
10:33:20,30.25,0.01,23,69559,买盘
10:33:23,30.24,-0.01,69,208678,卖盘
10:33:26,30.24,0.0,65,196549,卖盘
10:33:29,30.23,-0.01,67,202576,卖盘
10:33:33,30.23,0.0,153,462463,卖盘
10:33:35,30.24,0.01,108,326550,买盘
10:33:39,30.23,-0.01,48,145112,中性盘
10:33:42,30.23,0.0,44,133012,买盘
10:33:44,30.24,0.01,229,692251,买盘
10:33:47,30.24,0.0,195,589515,买盘
10:33:50,30.22,-0.02,524,1583566,卖盘
10:33:54,30.22,0.0,54,163185,买盘
10:33:55,30.22,0.0,29,87635,买盘
10:33:59,30.22,0.0,77,232664,买盘
10:34:03,30.21,-0.01,296,894216,卖盘
10:34:05,30.2,-0.01,205,619190,卖盘
10:34:09,30.21,0.01,53,160113,买盘
10:34:11,30.2,-0.01,87,262746,卖盘
10:34:14,30.21,0.01,31,93645,买盘
10:34:17,30.2,-0.01,799,2412989,卖盘
10:34:20,30.2,0.0,30,90600,买盘
10:34:24,30.2,0.0,29,87574,买盘
10:34:26,30.2,0.0,37,111740,买盘
10:34:29,30.19,-0.01,80,241530,卖盘
10:34:33,30.2,0.01,106,320028,买盘
10:34:35,30.21,0.01,197,594931,买盘
10:34:38,30.19,-0.02,41,123806,卖盘
10:34:41,30.19,0.0,68,205303,卖盘
10:34:45,30.19,0.0,100,301840,买盘
10:34:48,30.18,-0.01,36,108678,卖盘
10:34:50,30.18,0.0,94,283744,卖盘
10:34:53,30.19,0.01,517,1560881,买盘
10:34:55,30.19,0.0,48,144927,卖盘
10:34:59,30.19,0.0,34,102649,卖盘
10:35:03,30.19,0.0,79,238561,卖盘
10:35:05,30.18,-0.01,53,159967,卖盘
10:35:09,30.19,0.01,27,81502,买盘
10:35:10,30.19,0.0,16,48302,买盘
10:35:14,30.18,-0.01,144,434605,卖盘
10:35:18,30.19,0.01,27,81493,买盘
10:35:21,30.22,0.03,1610,4862978,买盘
10:35:22,30.21,-0.01,74,223529,中性盘
10:35:25,30.23,0.02,286,864064,买盘
10:35:29,30.18,-0.05,93,280800,卖盘
10:35:33,30.22,0.04,1,3022,买盘
10:35:35,30.21,-0.01,19,57406,买盘
10:35:39,30.24,0.03,750,2266212,买盘
10:35:41,30.23,-0.01,20,60465,卖盘
10:35:44,30.23,0.0,83,250924,卖盘
10:35:48,30.24,0.01,30,90702,买盘
10:35:50,30.24,0.0,54,163248,买盘
10:35:54,30.24,0.0,53,160240,买盘
10:35:55,30.24,0.0,19,57456,买盘
10:35:59,30.23,-0.01,195,590488,卖盘
10:36:02,30.23,0.0,19,56448,买盘
10:36:05,30.23,0.0,45,137047,卖盘
10:36:08,30.25,0.02,1077,3256101,买盘
10:36:11,30.23,-0.02,264,798639,卖盘
10:36:15,30.26,0.03,37,111974,买盘
10:36:18,30.27,0.01,15,45401,买盘
10:36:20,30.27,0.0,33,99878,买盘
10:36:22,30.25,-0.02,23,69595,卖盘
10:36:26,30.26,0.01,1119,3388127,买盘
10:36:29,30.26,0.0,31,93851,买盘
10:36:32,30.28,0.02,123,372461,中性盘
10:36:35,30.28,0.0,35,105970,买盘
10:36:39,30.3,0.02,2025,6134537,买盘
10:36:40,30.29,-0.01,239,724168,卖盘
10:36:44,30.26,-0.03,627,1898720,卖盘
10:36:47,30.29,0.03,26,78704,买盘
10:36:50,30.31,0.02,95,287850,买盘
10:36:54,30.3,-0.01,46,139391,卖盘
10:36:56,30.31,0.01,134,406154,买盘
10:36:59,30.31,0.0,287,869888,买盘
10:37:03,30.32,0.01,432,1310754,买盘
10:37:05,30.31,-0.01,92,278917,卖盘
10:37:07,30.31,0.0,28,84868,卖盘
10:37:11,30.3,-0.01,211,638146,卖盘
10:37:15,30.3,0.0,178,539339,买盘
10:37:16,30.3,0.0,44,133301,买盘
10:37:19,30.29,-0.01,13,39379,卖盘
10:37:24,30.29,0.0,41,124201,买盘
10:37:26,30.28,-0.01,125,378598,卖盘
10:37:29,30.28,0.0,12,36336,买盘
10:37:33,30.28,0.0,21,63588,买盘
10:37:34,30.27,-0.01,17,51472,卖盘
10:37:39,30.28,0.01,530,1604842,买盘
10:37:41,30.28,0.0,118,357279,买盘
10:37:45,30.26,-0.02,115,348027,卖盘
10:37:48,30.26,0.0,28,84768,卖盘
10:37:50,30.26,0.0,28,84743,中性盘
10:37:54,30.28,0.02,20,60552,买盘
10:37:56,30.28,0.0,44,133219,买盘
10:37:59,30.27,-0.01,286,866148,中性盘
10:38:03,30.3,0.03,48,145414,买盘
10:38:05,30.3,0.0,191,578711,买盘
10:38:08,30.3,0.0,125,378680,买盘
10:38:11,30.3,0.0,163,493594,买盘
10:38:15,30.29,-0.01,53,160582,卖盘
10:38:18,30.29,0.0,23,69679,中性盘
10:38:20,30.27,-0.02,146,441965,卖盘
10:38:24,30.29,0.02,149,451201,买盘
10:38:26,30.29,0.0,109,330249,买盘
10:38:30,30.3,0.01,54,163608,买盘
10:38:33,30.3,0.0,39,118162,买盘
10:38:35,30.31,0.01,661,2002991,买盘
10:38:38,30.3,-0.01,42,127275,卖盘
10:38:41,30.31,0.01,44,133333,买盘
10:38:45,30.31,0.0,85,257569,买盘
10:38:47,30.3,-0.01,99,300049,卖盘
10:38:50,30.3,0.0,24,72731,卖盘
10:38:53,30.31,0.01,52,157604,买盘
10:38:56,30.3,-0.01,170,515227,卖盘
10:38:59,30.31,0.01,48,145475,买盘
10:39:03,30.31,0.0,66,200016,买盘
10:39:05,30.31,0.0,74,224284,买盘
10:39:08,30.31,0.0,26,78782,买盘
10:39:11,30.3,-0.01,169,511922,卖盘
10:39:14,30.31,0.01,89,269832,买盘
10:39:18,30.3,-0.01,26,78792,卖盘
10:39:20,30.3,0.0,75,227255,卖盘
10:39:24,30.3,0.0,348,1054658,卖盘
10:39:26,30.3,0.0,41,124218,买盘
10:39:30,30.3,0.0,38,115130,买盘
10:39:33,30.29,-0.01,41,124191,卖盘
10:39:35,30.3,0.01,70,212036,买盘
10:39:39,30.29,-0.01,11,33321,中性盘
10:39:41,30.29,0.0,34,102999,买盘
10:39:44,30.27,-0.02,141,426951,卖盘
10:39:47,30.27,0.0,82,248214,买盘
10:39:50,30.27,0.0,1,3027,卖盘
10:39:53,30.29,0.02,41,124187,买盘
10:39:56,30.28,-0.01,23,69673,中性盘
10:39:59,30.27,-0.01,9,27257,卖盘
10:40:02,30.29,0.02,12,36343,买盘
10:40:05,30.29,0.0,26,78739,买盘
10:40:09,30.28,-0.01,2,6056,中性盘
10:40:11,30.27,-0.01,23,69640,卖盘
10:40:15,30.29,0.02,6,18169,买盘
10:40:18,30.28,-0.01,46,139303,中性盘
10:40:20,30.28,0.0,52,157463,卖盘
10:40:24,30.29,0.01,366,1108068,买盘
10:40:26,30.27,-0.02,77,233171,卖盘
10:40:29,30.26,-0.01,24,72636,卖盘
10:40:32,30.28,0.02,23,69623,买盘
10:40:35,30.28,0.0,103,311891,买盘
10:40:39,30.28,0.0,23,69642,买盘
10:40:41,30.27,-0.01,14,42374,卖盘
10:40:45,30.28,0.01,309,935304,买盘
10:40:48,30.29,0.01,33,99949,买盘
10:40:50,30.27,-0.02,220,666156,卖盘
10:40:54,30.29,0.02,124,375475,买盘
10:40:56,30.28,-0.01,23,69657,中性盘
10:40:59,30.27,-0.01,89,269405,卖盘
10:41:03,30.29,0.02,109,330043,买盘
10:41:05,30.29,0.0,97,293795,买盘
10:41:09,30.28,-0.01,74,224067,卖盘
10:41:11,30.28,0.0,38,115064,买盘
10:41:14,30.28,0.0,77,233106,买盘
10:41:17,30.28,0.0,56,169602,买盘
10:41:20,30.26,-0.02,69,208869,卖盘
10:41:24,30.26,0.0,26,78676,买盘
10:41:26,30.26,0.0,40,121040,买盘
10:41:29,30.26,0.0,18,54468,买盘
10:41:33,30.26,0.0,67,202691,买盘
10:41:35,30.26,0.0,7,21182,买盘
10:41:39,30.26,0.0,23,69587,买盘
10:41:41,30.25,-0.01,14,42360,卖盘
10:41:45,30.26,0.01,118,357004,买盘
10:41:48,30.25,-0.01,15,45382,卖盘
10:41:50,30.26,0.01,29,87751,买盘
10:41:53,30.25,-0.01,39,117989,卖盘
10:41:56,30.28,0.03,51,154351,买盘
10:42:00,30.28,0.0,2,6055,买盘
10:42:02,30.28,0.0,28,84782,买盘
10:42:05,30.28,0.0,46,139285,买盘
10:42:09,30.26,-0.02,38,115024,卖盘
10:42:11,30.28,0.02,53,160460,买盘
10:42:14,30.27,-0.01,35,105917,卖盘
10:42:18,30.27,0.0,36,108973,买盘
10:42:20,30.27,0.0,74,223998,买盘
10:42:23,30.28,0.01,28,84775,买盘
10:42:26,30.28,0.0,132,399650,买盘
10:42:29,30.27,-0.01,32,96867,卖盘
10:42:33,30.27,0.0,87,263298,买盘
10:42:35,30.28,0.01,68,205877,买盘
10:42:38,30.26,-0.02,70,211906,卖盘
10:42:41,30.26,0.0,78,236160,卖盘
10:42:44,30.26,0.0,124,375256,卖盘
10:42:48,30.26,0.0,33,99884,买盘
10:42:50,30.26,0.0,10,30259,买盘
10:42:53,30.26,0.0,35,105905,买盘
10:42:56,30.26,0.0,118,357100,买盘
10:42:59,30.26,0.0,27,81697,买盘
10:43:03,30.28,0.02,172,520780,买盘
10:43:05,30.25,-0.03,142,429611,卖盘
10:43:09,30.25,0.0,8,24200,买盘
10:43:11,30.26,0.01,42,127052,买盘
10:43:15,30.25,-0.01,34,102909,卖盘
10:43:18,30.27,0.02,6,18159,买盘
10:43:20,30.26,-0.01,27,81715,卖盘
10:43:24,30.27,0.01,52,157399,买盘
10:43:27,30.27,0.0,13,39341,买盘
10:43:30,30.26,-0.01,45,136129,中性盘
10:43:33,30.25,-0.01,21,63541,卖盘
10:43:35,30.25,0.0,44,133109,卖盘
10:43:38,30.25,0.0,64,193684,卖盘
10:43:41,30.2,-0.05,474,1432798,卖盘
10:43:45,30.27,0.07,137,414470,买盘
10:43:47,30.23,-0.04,78,236068,卖盘
10:43:50,30.25,0.02,8,24192,买盘
10:43:53,30.23,-0.02,39,117897,中性盘
10:43:57,30.21,-0.02,63,190519,中性盘
10:43:59,30.24,0.03,77,232781,买盘
10:44:02,30.22,-0.02,23,69523,卖盘
10:44:05,30.24,0.02,74,223654,买盘
10:44:08,30.24,0.0,42,126960,买盘
10:44:11,30.22,-0.02,222,670782,卖盘
10:44:14,30.23,0.01,26,78575,中性盘
10:44:17,30.24,0.01,60,181360,买盘
10:44:20,30.22,-0.02,18,54392,买盘
10:44:24,30.21,-0.01,67,202458,卖盘
10:44:26,30.24,0.03,51,154133,买盘
10:44:29,30.22,-0.02,27,81570,卖盘
10:44:32,30.22,0.0,45,135978,买盘
10:44:35,30.24,0.02,179,540913,买盘
10:44:39,30.21,-0.03,30,90625,卖盘
10:44:45,30.22,0.01,132,398808,买盘
10:44:47,30.21,-0.01,51,154106,中性盘
10:44:50,30.22,0.01,711,2145914,买盘
10:44:54,30.21,-0.01,8,24168,中性盘
10:44:56,30.22,0.01,27,81576,买盘
10:45:00,30.19,-0.03,126,380478,卖盘
10:45:02,30.22,0.03,23,69477,买盘
10:45:05,30.23,0.01,21,63463,买盘
10:45:09,30.22,-0.01,56,169196,买盘
10:45:11,30.23,0.01,1536,4634489,买盘
10:45:15,30.18,-0.05,103,310924,卖盘
10:45:17,30.19,0.01,31,93570,买盘
10:45:20,30.19,0.0,12,36226,买盘
10:45:24,30.19,0.0,88,265849,买盘
10:45:26,30.23,0.04,30,90661,买盘
10:45:30,30.19,-0.04,1,3019,卖盘
10:45:32,30.21,0.02,108,326303,卖盘
10:45:35,30.23,0.02,206,622196,买盘
10:45:39,30.21,-0.02,84,253796,中性盘
10:45:41,30.17,-0.04,104,314062,卖盘
10:45:45,30.21,0.04,130,392381,买盘
10:45:48,30.19,-0.02,24,72490,中性盘
10:45:50,30.18,-0.01,34,102630,卖盘
10:45:53,30.18,0.0,85,256450,买盘
10:45:56,30.17,-0.01,1,3017,卖盘
10:45:59,30.17,0.0,132,398282,卖盘
10:46:02,30.19,0.02,120,362079,买盘
10:46:05,30.18,-0.01,16,48288,卖盘
10:46:09,30.19,0.01,124,374326,买盘
10:46:11,30.19,0.0,50,150911,买盘
10:46:14,30.17,-0.02,173,522021,卖盘
10:46:17,30.18,0.01,22,66389,买盘
10:46:20,30.18,0.0,17,51305,买盘
10:46:23,30.17,-0.01,107,322916,卖盘
10:46:26,30.19,0.02,72,217310,买盘
10:46:30,30.19,0.0,41,123735,买盘
10:46:33,30.19,0.0,39,117740,买盘
10:46:35,30.17,-0.02,534,1611220,卖盘
10:46:39,30.16,-0.01,73,220201,卖盘
10:46:41,30.17,0.01,12,36204,买盘
10:46:44,30.16,-0.01,219,660626,卖盘
10:46:47,30.17,0.01,110,331772,买盘
10:46:51,30.17,0.0,63,190018,买盘
10:46:54,30.17,0.0,41,123686,买盘
10:46:56,30.17,0.0,1273,3839544,买盘
10:47:00,30.15,-0.02,8,24127,卖盘
10:47:03,30.16,0.01,27,81422,买盘
10:47:05,30.17,0.01,58,174936,买盘
10:47:09,30.12,-0.05,41,123574,卖盘
10:47:12,30.14,0.02,9,27126,买盘
10:47:14,30.15,0.01,23,69336,买盘
10:47:17,30.14,-0.01,4,12059,卖盘
10:47:20,30.13,-0.01,40,120560,卖盘
10:47:24,30.15,0.02,11,33155,买盘
10:47:26,30.13,-0.02,7,21095,卖盘
10:47:30,30.14,0.01,22,66303,买盘
10:47:33,30.13,-0.01,140,421820,卖盘
10:47:35,30.13,0.0,45,135549,买盘
10:47:39,30.14,0.01,284,855775,买盘
10:47:41,30.14,0.0,124,373574,买盘
10:47:45,30.12,-0.02,96,289189,卖盘
10:47:48,30.12,0.0,22,66278,卖盘
10:47:51,30.1,-0.02,2506,7543277,卖盘
10:47:54,30.13,0.03,347,1045872,买盘
10:47:56,30.12,-0.01,97,292083,卖盘
10:47:59,30.1,-0.02,403,1212321,卖盘
10:48:03,30.12,0.02,50,150572,买盘
10:48:05,30.11,-0.01,84,252895,卖盘
10:48:09,30.11,0.0,39,117409,买盘
10:48:12,30.11,0.0,115,346238,买盘
10:48:15,30.13,0.02,257,774087,买盘
10:48:18,30.1,-0.03,98,295074,卖盘
10:48:20,30.1,0.0,39,117390,买盘
10:48:23,30.1,0.0,135,406365,买盘
10:48:27,30.12,0.02,57,171603,买盘
10:48:30,30.09,-0.03,96,288915,卖盘
10:48:33,30.13,0.04,86,258978,买盘
10:48:35,30.1,-0.03,25,75279,卖盘
10:48:39,30.1,0.0,26,78263,卖盘
10:48:41,30.1,0.0,71,213803,买盘
10:48:45,30.12,0.02,116,349152,买盘
10:48:47,30.12,0.0,14,42161,买盘
10:48:50,30.11,-0.01,9,27099,中性盘
10:48:54,30.12,0.01,89,267976,买盘
10:48:56,30.11,-0.01,25,75287,中性盘
10:49:00,30.1,-0.01,11,33114,卖盘
10:49:03,30.11,0.01,44,132466,买盘
10:49:05,30.12,0.01,133,400468,买盘
10:49:09,30.11,-0.01,36,108407,卖盘
10:49:12,30.11,0.0,25,75285,卖盘
10:49:15,30.12,0.01,43,129507,买盘
10:49:18,30.13,0.01,913,2750760,买盘
10:49:21,30.15,0.02,151,455185,买盘
10:49:24,30.16,0.01,495,1492641,买盘
10:49:26,30.18,0.02,304,916901,买盘
10:49:30,30.16,-0.02,50,150859,卖盘
10:49:32,30.2,0.04,159,480002,买盘
10:49:35,30.2,0.0,100,301876,买盘
10:49:39,30.19,-0.01,10,30195,卖盘
10:49:41,30.2,0.01,40,120782,买盘
10:49:44,30.19,-0.01,186,561437,卖盘
10:49:48,30.19,0.0,22,66409,买盘
10:49:51,30.16,-0.03,137,413270,卖盘
10:49:53,30.19,0.03,56,169020,买盘
10:49:56,30.19,0.0,103,310977,买盘
10:50:00,30.17,-0.02,26,78462,卖盘
10:50:02,30.2,0.03,79,238398,买盘
10:50:06,30.17,-0.03,44,132849,卖盘
10:50:09,30.17,0.0,75,226346,买盘
10:50:11,30.18,0.01,34,102610,中性盘
10:50:15,30.18,0.0,137,413361,买盘
10:50:18,30.19,0.01,36,108673,买盘
10:50:21,30.17,-0.02,16,48272,卖盘
10:50:23,30.19,0.02,121,365117,买盘
10:50:27,30.19,0.0,6,18109,买盘
10:50:30,30.18,-0.01,52,156973,卖盘
10:50:33,30.19,0.01,47,141871,买盘
10:50:36,30.21,0.02,730,2204380,买盘
10:50:38,30.2,-0.01,68,205392,卖盘
10:50:41,30.21,0.01,77,232543,买盘
10:50:44,30.2,-0.01,323,975609,卖盘
10:50:48,30.21,0.01,1115,3368829,买盘
10:50:51,30.2,-0.01,283,854876,卖盘
10:50:54,30.19,-0.01,63,190250,卖盘
10:50:56,30.2,0.01,67,202317,买盘
10:51:00,30.2,0.0,20,60396,买盘
10:51:02,30.22,0.02,290,875839,买盘
10:51:06,30.23,0.01,281,849090,买盘
10:51:09,30.2,-0.03,50,151000,卖盘
10:51:12,30.23,0.03,21,63464,买盘
10:51:14,30.22,-0.01,5,15110,卖盘
10:51:18,30.22,0.0,34,102740,卖盘
10:51:21,30.2,-0.02,46,138928,卖盘
10:51:24,30.23,0.03,145,438168,买盘
10:51:26,30.2,-0.03,60,181336,卖盘
10:51:29,30.2,0.0,4,12080,卖盘
10:51:32,30.22,0.02,21,63456,买盘
10:51:36,30.22,0.0,145,438130,买盘
10:51:39,30.2,-0.02,16,48320,卖盘
10:51:42,30.2,0.0,197,594864,买盘
10:51:44,30.21,0.01,113,341180,买盘
10:51:48,30.21,0.0,35,105730,买盘
10:51:51,30.18,-0.03,74,223492,卖盘
10:51:53,30.18,0.0,28,84504,买盘
10:51:56,30.22,0.04,485,1465497,买盘
10:52:00,30.18,-0.04,192,579618,卖盘
10:52:02,30.17,-0.01,112,338015,卖盘
10:52:09,30.2,0.03,4,12080,买盘
10:52:12,30.21,0.01,10,30201,买盘
10:52:15,30.19,-0.02,6,18114,卖盘
10:52:18,30.19,0.0,59,178142,卖盘
10:52:21,30.2,0.01,77,232524,买盘
10:52:23,30.2,0.0,18,54360,买盘
10:52:27,30.2,0.0,20,60399,买盘
10:52:30,30.19,-0.01,91,274677,卖盘
10:52:33,30.19,0.0,62,187176,买盘
10:52:35,30.19,0.0,441,1331378,买盘
10:52:39,30.2,0.01,129,389555,买盘
10:52:42,30.18,-0.02,315,950980,卖盘
10:52:45,30.21,0.03,75,226398,买盘
10:52:48,30.2,-0.01,14,42287,中性盘
10:52:51,30.21,0.01,32,96646,买盘
10:52:53,30.21,0.0,163,492333,买盘
10:52:57,30.22,0.01,513,1550199,买盘
10:53:00,30.21,-0.01,402,1214211,买盘
10:53:03,30.2,-0.01,126,380627,中性盘
10:53:05,30.19,-0.01,313,945829,卖盘
10:53:09,30.2,0.01,146,440914,买盘
10:53:11,30.19,-0.01,22,66426,卖盘
10:53:15,30.19,0.0,67,202282,卖盘
10:53:17,30.19,0.0,59,178121,买盘
10:53:21,30.19,0.0,82,247549,买盘
10:53:24,30.18,-0.01,60,181108,卖盘
10:53:27,30.18,0.0,130,392446,买盘
10:53:30,30.19,0.01,118,356202,买盘
10:53:32,30.18,-0.01,65,196167,卖盘
10:53:35,30.19,0.01,118,356139,买盘
10:53:39,30.18,-0.01,61,184140,买盘
10:53:42,30.19,0.01,17,51309,买盘
10:53:44,30.19,0.0,111,335006,买盘
10:53:47,30.18,-0.01,79,238481,卖盘
10:53:51,30.18,0.0,43,129795,卖盘
10:53:53,30.18,0.0,101,304818,买盘
10:53:57,30.18,0.0,56,168998,买盘
10:54:00,30.17,-0.01,64,193151,卖盘
10:54:03,30.18,0.01,104,313897,买盘
10:54:05,30.18,0.0,38,114718,卖盘
10:54:09,30.19,0.01,49,147893,买盘
10:54:12,30.19,0.0,47,141879,买盘
10:54:14,30.18,-0.01,109,329012,卖盘
10:54:18,30.18,0.0,556,1678870,卖盘
10:54:21,30.18,0.0,310,935668,买盘
10:54:24,30.22,0.04,44,132860,买盘
10:54:27,30.22,0.0,58,175145,买盘
10:54:30,30.18,-0.04,45,135810,卖盘
10:54:33,30.18,0.0,18,54348,卖盘
10:54:36,30.22,0.04,35,105640,买盘
10:54:39,30.18,-0.04,5,15090,卖盘
10:54:42,30.2,0.02,21,63414,买盘
10:54:45,30.18,-0.02,84,253569,卖盘
10:54:48,30.17,-0.01,196,591714,卖盘
10:54:51,30.18,0.01,26,78477,买盘
10:54:54,30.22,0.04,149,449687,买盘
10:54:57,30.19,-0.03,516,1559344,中性盘
10:55:00,30.22,0.03,20,60407,买盘
10:55:03,30.22,0.0,52,157080,买盘
10:55:06,30.23,0.01,74,223594,买盘
10:55:09,30.24,0.01,42,126917,买盘
10:55:15,30.21,-0.03,37,111811,卖盘
10:55:18,30.22,0.01,54,163163,买盘
10:55:21,30.22,0.0,22,66474,买盘
10:55:24,30.22,0.0,83,250777,买盘
10:55:27,30.22,0.0,60,181237,买盘
10:55:29,30.21,-0.01,65,196465,中性盘
10:55:33,30.23,0.02,69,208493,买盘
10:55:35,30.23,0.0,98,296187,买盘
10:55:39,30.19,-0.04,60,181224,卖盘
10:55:41,30.19,0.0,18,54381,买盘
10:55:44,30.22,0.03,173,522577,买盘
10:55:48,30.19,-0.03,38,114746,卖盘
10:55:51,30.18,-0.01,10,30193,卖盘
10:55:54,30.18,0.0,39,117729,卖盘
10:55:57,30.21,0.03,15,45313,买盘
10:55:59,30.19,-0.02,33,99663,卖盘
10:56:03,30.21,0.02,69,208374,买盘
10:56:06,30.2,-0.01,67,202386,中性盘
10:56:09,30.2,0.0,88,265676,买盘
10:56:12,30.19,-0.01,2,6038,卖盘
10:56:14,30.19,0.0,9,27171,卖盘
10:56:18,30.19,0.0,33,99622,买盘
10:56:21,30.18,-0.01,14,42252,卖盘
10:56:24,30.19,0.01,51,153959,买盘
10:56:27,30.17,-0.02,71,214287,卖盘
10:56:30,30.18,0.01,26,78480,买盘
10:56:33,30.15,-0.03,777,2343128,卖盘
10:56:36,30.15,0.0,184,554683,买盘
10:56:39,30.13,-0.02,124,373634,卖盘
10:56:42,30.13,0.0,3,9039,卖盘
10:56:45,30.11,-0.02,76,228930,卖盘
10:56:48,30.13,0.02,6,18078,买盘
10:56:51,30.12,-0.01,109,328200,中性盘
10:56:54,30.13,0.01,15,45195,买盘
10:56:57,30.11,-0.02,60,180722,卖盘
10:56:59,30.11,0.0,18,54198,买盘
10:57:03,30.13,0.02,199,599068,买盘
10:57:06,30.1,-0.03,38,114416,卖盘
10:57:09,30.12,0.02,32,96386,中性盘
10:57:12,30.13,0.01,34,102437,买盘
10:57:15,30.15,0.02,101,304399,买盘
10:57:17,30.11,-0.04,105,316273,卖盘
10:57:21,30.12,0.01,15,45172,买盘
10:57:23,30.15,0.03,35,105514,买盘
10:57:26,30.11,-0.04,57,171627,卖盘
10:57:30,30.11,0.0,4,12044,卖盘
10:57:32,30.13,0.02,18,54233,买盘
10:57:35,30.11,-0.02,187,563153,卖盘
10:57:39,30.11,0.0,101,304041,买盘
10:57:42,30.11,0.0,217,653206,买盘
10:57:45,30.1,-0.01,507,1526088,卖盘
10:57:47,30.11,0.01,22,66227,买盘
10:57:51,30.09,-0.02,56,168585,卖盘
10:57:54,30.1,0.01,45,135447,中性盘
10:57:57,30.09,-0.01,50,150479,卖盘
10:57:59,30.09,0.0,36,108334,卖盘
10:58:02,30.11,0.02,399,1201380,买盘
10:58:06,30.13,0.02,45,135506,买盘
10:58:09,30.11,-0.02,61,183683,卖盘
10:58:12,30.11,0.0,69,207759,卖盘
10:58:15,30.11,0.0,36,108396,卖盘
10:58:17,30.13,0.02,17,51212,买盘
10:58:20,30.13,0.0,89,268084,买盘
10:58:24,30.14,0.01,66,198865,买盘
10:58:27,30.12,-0.02,36,108440,卖盘
10:58:30,30.12,0.0,15,45177,卖盘
10:58:32,30.12,0.0,19,57222,买盘
10:58:36,30.12,0.0,24,72287,买盘
10:58:39,30.11,-0.01,56,168616,卖盘
10:58:42,30.12,0.01,151,454669,买盘
10:58:45,30.11,-0.01,183,550942,卖盘
10:58:47,30.11,0.0,94,283013,买盘
10:58:51,30.11,0.0,180,541938,买盘
10:58:54,30.1,-0.01,165,496773,卖盘
10:58:56,30.11,0.01,57,171581,买盘
10:59:00,30.1,-0.01,54,162562,卖盘
10:59:02,30.11,0.01,126,379273,买盘
10:59:06,30.1,-0.01,167,502675,卖盘
10:59:09,30.1,0.0,6,18060,卖盘
10:59:12,30.1,0.0,894,2690319,卖盘
10:59:14,30.11,0.01,74,222796,买盘
10:59:18,30.1,-0.01,118,355187,卖盘
10:59:20,30.1,0.0,12,36122,卖盘
10:59:23,30.11,0.01,126,379367,买盘
10:59:27,30.11,0.0,471,1417738,买盘
10:59:30,30.11,0.0,43,129448,买盘
10:59:32,30.1,-0.01,679,2043798,卖盘
10:59:36,30.1,0.0,12,36120,买盘
10:59:38,30.1,0.0,12,36120,买盘
10:59:42,30.1,0.0,147,442463,买盘
10:59:45,30.1,0.0,238,716313,买盘
10:59:47,30.1,0.0,57,171569,买盘
10:59:51,30.09,-0.01,88,264863,卖盘
10:59:54,30.08,-0.01,55,165493,卖盘
10:59:57,30.09,0.01,53,159480,中性盘
11:00:00,30.08,-0.01,78,234626,卖盘
11:00:03,30.09,0.01,87,261724,买盘
11:00:05,30.09,0.0,60,180487,买盘
11:00:08,30.08,-0.01,69,207551,卖盘
11:00:12,30.08,0.0,41,123328,买盘
11:00:14,30.09,0.01,48,144400,买盘
11:00:18,30.08,-0.01,12,36096,卖盘
11:00:21,30.07,-0.01,73,219511,卖盘
11:00:24,30.09,0.02,181,544362,买盘
11:00:26,30.07,-0.02,148,445076,卖盘
11:00:29,30.07,0.0,45,135328,卖盘
11:00:33,30.09,0.02,38,114309,买盘
11:00:36,30.08,-0.01,176,529089,中性盘
11:00:39,30.07,-0.01,19,57134,卖盘
11:00:44,30.05,-0.02,672,2019433,卖盘
11:00:48,30.05,0.0,43,129202,买盘
11:00:51,30.05,0.0,1228,3693830,买盘
11:00:53,30.04,-0.01,87,261352,中性盘
11:00:56,30.04,0.0,87,261419,卖盘
11:00:59,30.04,0.0,184,552804,卖盘
11:01:02,30.04,0.0,362,1087448,卖盘
11:01:06,30.08,0.04,681,2047537,买盘
11:01:09,30.05,-0.03,10,30059,卖盘
11:01:12,30.04,-0.01,29,87099,卖盘
11:01:15,30.04,0.0,67,201458,卖盘
11:01:18,30.07,0.03,13,39098,买盘
11:01:21,30.04,-0.03,18,54106,卖盘
11:01:24,30.07,0.03,41,123262,中性盘
11:01:26,30.05,-0.02,24,72148,卖盘
11:01:30,30.06,0.01,34,102188,买盘
11:01:33,30.06,0.0,71,213342,买盘
11:01:36,30.04,-0.02,40,120187,卖盘
11:01:39,30.06,0.02,18,54094,买盘
11:01:42,30.06,0.0,53,159309,买盘
11:01:44,30.04,-0.02,385,1156515,卖盘
11:01:47,30.05,0.01,35,105145,买盘
11:01:51,30.04,-0.01,61,183258,卖盘
11:01:54,30.05,0.01,19,57095,卖盘
11:01:57,30.06,0.01,84,252441,买盘
11:01:59,30.06,0.0,142,426832,买盘
11:02:03,30.05,-0.01,74,222378,卖盘
11:02:05,30.05,0.0,154,462827,买盘
11:02:09,30.04,-0.01,1104,3316585,卖盘
11:02:12,30.05,0.01,33,99175,卖盘
11:02:14,30.08,0.03,314,944023,买盘
11:02:17,30.08,0.0,121,363981,卖盘
11:02:21,30.08,0.0,1,3008,卖盘
11:02:24,30.09,0.01,102,306940,买盘
11:02:27,30.08,-0.01,61,183518,卖盘
11:02:30,30.08,0.0,1,3008,卖盘
11:02:32,30.09,0.01,50,150409,买盘
11:02:36,30.11,0.02,69,207657,买盘
11:02:39,30.09,-0.02,25,75259,卖盘
11:02:42,30.09,0.0,8,24068,买盘
11:02:45,30.06,-0.03,84,252596,卖盘
11:02:47,30.09,0.03,10,30090,卖盘
11:02:51,30.07,-0.02,27,81229,卖盘
11:02:54,30.07,0.0,5,15035,买盘
11:02:57,30.07,0.0,19,57160,中性盘
11:03:00,30.07,0.0,5,15041,卖盘
11:03:03,30.07,0.0,24,72167,买盘
11:03:05,30.09,0.02,97,291883,买盘
11:03:09,30.09,0.0,19,57162,卖盘
11:03:12,30.07,-0.02,2,6014,卖盘
11:03:14,30.08,0.01,157,472254,买盘
11:03:18,30.08,0.0,19,57152,买盘
11:03:21,30.08,0.0,48,144384,买盘
11:03:24,30.09,0.01,45,135369,买盘
11:03:27,30.08,-0.01,36,108268,卖盘
11:03:30,30.1,0.02,13,39115,买盘
11:03:33,30.09,-0.01,28,84252,卖盘
11:03:35,30.1,0.01,94,282935,买盘
11:03:39,30.09,-0.01,6,18054,卖盘
11:03:42,30.09,0.0,43,129393,买盘
11:03:44,30.1,0.01,570,1716381,买盘
11:03:48,30.12,0.02,1,3012,卖盘
11:03:51,30.12,0.0,13,39174,卖盘
11:03:54,30.12,0.0,22,66244,买盘
11:03:57,30.12,0.0,10,30119,买盘
11:04:00,30.12,0.0,49,147524,买盘
11:04:03,30.12,0.0,16,48168,买盘
11:04:06,30.1,-0.02,81,243816,卖盘
11:04:08,30.1,0.0,62,186620,买盘
11:04:11,30.08,-0.02,149,448259,卖盘
11:04:15,30.1,0.02,138,415372,买盘
11:04:18,30.1,0.0,23,69230,买盘
11:04:20,30.1,0.0,10,30100,买盘
11:04:24,30.09,-0.01,58,174563,卖盘
11:04:26,30.1,0.01,47,141470,买盘
11:04:30,30.1,0.0,35,105318,买盘
11:04:33,30.1,0.0,30,90300,买盘
11:04:35,30.1,0.0,68,204670,买盘
11:04:39,30.09,-0.01,6,18054,卖盘
11:04:42,30.09,0.0,166,499599,卖盘
11:04:45,30.1,0.01,121,364150,买盘
11:04:48,30.1,0.0,54,162495,买盘
11:04:51,30.09,-0.01,3,9027,卖盘
11:04:54,30.1,0.01,55,165521,买盘
11:04:57,30.1,0.0,55,165570,买盘
11:05:00,30.09,-0.01,55,165513,卖盘
11:05:03,30.1,0.01,18,54180,买盘
11:05:05,30.1,0.0,107,322041,买盘
11:05:09,30.11,0.01,271,815712,买盘
11:05:12,30.09,-0.02,111,334097,卖盘
11:05:15,30.11,0.02,118,355283,买盘
11:05:18,30.11,0.0,31,93337,买盘
11:05:21,30.1,-0.01,139,419097,卖盘
11:05:23,30.11,0.01,50,150548,买盘
11:05:26,30.12,0.01,49,147540,买盘
11:05:32,30.12,0.0,10,30120,买盘
11:05:36,30.12,0.0,12,36141,买盘
11:05:39,30.11,-0.01,66,198767,卖盘
11:05:42,30.12,0.01,3,9036,买盘
11:05:45,30.13,0.01,73,219852,买盘
11:05:48,30.13,0.0,53,159616,买盘
11:05:50,30.12,-0.01,17,51204,卖盘
11:05:54,30.14,0.02,396,1193159,买盘
11:05:57,30.13,-0.01,185,557410,卖盘
11:06:00,30.14,0.01,77,232036,买盘
11:06:03,30.15,0.01,57,171839,买盘
11:06:06,30.15,0.0,106,319487,买盘
11:06:08,30.13,-0.02,29,87393,卖盘
11:06:12,30.14,0.01,17,51238,买盘
11:06:15,30.15,0.01,78,235130,买盘
11:06:18,30.12,-0.03,410,1235032,卖盘
11:06:21,30.12,0.0,3,9036,买盘
11:06:24,30.12,0.0,33,99396,买盘
11:06:27,30.12,0.0,9,27108,买盘
11:06:30,30.11,-0.01,57,171647,卖盘
11:06:33,30.15,0.04,203,611568,买盘
11:06:36,30.14,-0.01,58,174820,中性盘
11:06:39,30.13,-0.01,49,147638,卖盘
11:06:42,30.13,0.0,75,225975,卖盘
11:06:45,30.13,0.0,123,370629,卖盘
11:06:48,30.13,0.0,183,551392,卖盘
11:06:51,30.13,0.0,49,147664,卖盘
11:06:53,30.13,0.0,23,69299,买盘
11:06:56,30.13,0.0,60,180780,买盘
11:07:00,30.12,-0.01,36,108432,卖盘
11:07:02,30.13,0.01,15,45193,买盘
11:07:06,30.14,0.01,141,424783,买盘
11:07:09,30.13,-0.01,6,18078,买盘
11:07:11,30.12,-0.01,12,36145,卖盘
11:07:15,30.09,-0.03,530,1595024,卖盘
11:07:18,30.1,0.01,1,3010,中性盘
11:07:21,30.12,0.02,99,298160,买盘
11:07:23,30.12,0.0,33,99449,卖盘
11:07:26,30.14,0.02,18,54257,买盘
11:07:30,30.09,-0.05,156,469815,卖盘
11:07:32,30.09,0.0,49,147415,买盘
11:07:36,30.09,0.0,14,42124,买盘
11:07:39,30.09,0.0,22,66195,买盘
11:07:41,30.1,0.01,343,1032088,买盘
11:07:44,30.1,0.0,71,213728,卖盘
11:07:48,30.12,0.02,1,3012,买盘
11:07:54,30.12,0.0,33,99366,买盘
11:07:57,30.12,0.0,42,126500,买盘
11:08:00,30.12,0.0,134,403492,买盘
11:08:03,30.12,0.0,26,78296,买盘
11:08:06,30.15,0.03,355,1069757,买盘
11:08:09,30.15,0.0,13,39195,卖盘
11:08:12,30.14,-0.01,31,93445,卖盘
11:08:15,30.16,0.02,28,84448,买盘
11:08:18,30.14,-0.02,29,87413,卖盘
11:08:20,30.14,0.0,17,51238,买盘
11:08:24,30.14,0.0,31,93356,买盘
11:08:27,30.15,0.01,318,959142,买盘
11:08:33,30.17,0.02,12,36188,买盘
11:08:36,30.17,0.0,37,111625,买盘
11:08:38,30.13,-0.04,58,174869,卖盘
11:08:42,30.15,0.02,9,27139,中性盘
11:08:44,30.11,-0.04,91,274268,卖盘
11:08:47,30.18,0.07,12,36153,买盘
11:08:50,30.12,-0.06,1,3012,卖盘
11:08:54,30.16,0.04,16,48255,买盘
11:08:56,30.14,-0.02,53,159931,卖盘
11:09:00,30.13,-0.01,23,69383,卖盘
11:09:03,30.17,0.04,9,27151,买盘
11:09:06,30.17,0.0,130,392098,买盘
11:09:09,30.14,-0.03,1,3014,买盘
11:09:11,30.14,0.0,144,433874,买盘
11:09:15,30.14,0.0,89,268222,买盘
11:09:18,30.18,0.04,198,597391,买盘
11:09:21,30.18,0.0,113,341042,卖盘
11:09:24,30.18,0.0,43,129694,买盘
11:09:27,30.18,0.0,26,78466,买盘
11:09:30,30.14,-0.04,28,84392,卖盘
11:09:32,30.17,0.03,42,126717,买盘
11:09:36,30.17,0.0,37,111589,买盘
11:09:42,30.16,-0.01,14,42227,卖盘
11:09:45,30.14,-0.02,585,1765117,卖盘
11:09:46,30.16,0.02,27,81432,买盘
11:09:50,30.15,-0.01,6,18091,卖盘
11:09:54,30.16,0.01,33,99525,买盘
11:09:57,30.16,0.0,12,36186,买盘
11:09:59,30.14,-0.02,36,108566,卖盘
11:10:02,30.16,0.02,5,15080,买盘
11:10:05,30.14,-0.02,94,283565,卖盘
11:10:09,30.14,0.0,3,9042,卖盘
11:10:12,30.16,0.02,61,183948,买盘
11:10:15,30.16,0.0,134,404144,卖盘
11:10:17,30.18,0.02,203,612262,买盘
11:10:21,30.17,-0.01,1,3017,中性盘
11:10:24,30.18,0.01,28,84501,买盘
11:10:26,30.18,0.0,324,976606,买盘
11:10:30,30.17,-0.01,2,6034,中性盘
11:10:33,30.18,0.01,20,60346,买盘
11:10:35,30.15,-0.03,42,126700,卖盘
11:10:39,30.18,0.03,20,60352,买盘
11:10:41,30.15,-0.03,202,609430,卖盘
11:10:45,30.18,0.03,99,298522,买盘
11:10:48,30.18,0.0,4,12072,买盘
11:10:51,30.18,0.0,19,57337,买盘
11:10:53,30.15,-0.03,46,138750,卖盘
11:10:57,30.15,0.0,101,304799,卖盘
11:11:00,30.14,-0.01,36,108561,卖盘
11:11:06,30.17,0.03,24,72406,买盘
11:11:08,30.15,-0.02,22,66350,卖盘
11:11:12,30.15,0.0,9,27136,买盘
11:11:15,30.15,0.0,27,81411,卖盘
11:11:17,30.18,0.03,159,479833,买盘
11:11:20,30.18,0.0,24,72432,卖盘
11:11:24,30.16,-0.02,183,552284,卖盘
11:11:27,30.16,0.0,89,268542,买盘
11:11:30,30.16,0.0,1,3016,卖盘
11:11:33,30.17,0.01,8,24136,买盘
11:11:36,30.16,-0.01,49,147832,卖盘
11:11:38,30.16,0.0,25,75419,卖盘
11:11:42,30.19,0.03,1009,3045114,买盘
11:11:45,30.16,-0.03,76,229270,卖盘
11:11:47,30.15,-0.01,47,141725,卖盘
11:11:51,30.15,0.0,1,3015,卖盘
11:11:54,30.16,0.01,4,12064,中性盘
11:11:57,30.15,-0.01,36,108567,卖盘
11:11:59,30.14,-0.01,47,141685,卖盘
11:12:03,30.15,0.01,11,33166,买盘
11:12:06,30.17,0.02,54,162865,买盘
11:12:09,30.14,-0.03,24,72347,卖盘
11:12:12,30.18,0.04,32,96504,买盘
11:12:14,30.15,-0.03,39,117654,中性盘
11:12:18,30.15,0.0,32,96484,卖盘
11:12:21,30.14,-0.01,5,15074,卖盘
11:12:24,30.17,0.03,118,355788,买盘
11:12:27,30.17,0.0,106,319798,买盘
11:12:30,30.1,-0.07,705,2123029,卖盘
11:12:33,30.17,0.07,135,407205,买盘
11:12:35,30.15,-0.02,67,202202,中性盘
11:12:39,30.17,0.02,52,156864,中性盘
11:12:41,30.17,0.0,5,15085,买盘
11:12:45,30.17,0.0,99,298329,买盘
11:12:48,30.13,-0.04,43,129637,卖盘
11:12:51,30.15,0.02,9,27135,买盘
11:12:53,30.17,0.02,507,1530072,买盘
11:12:57,30.18,0.01,116,350162,中性盘
11:13:00,30.18,0.0,34,102542,买盘
11:13:03,30.18,0.0,18,54319,买盘
11:13:06,30.17,-0.01,27,81465,中性盘
11:13:09,30.17,0.0,22,66350,买盘
11:13:12,30.17,0.0,2,6034,买盘
11:13:14,30.15,-0.02,64,192999,卖盘
11:13:18,30.15,0.0,39,117552,买盘
11:13:21,30.14,-0.01,20,60281,卖盘
11:13:24,30.15,0.01,25,75373,买盘
11:13:27,30.14,-0.01,116,349817,卖盘
11:13:30,30.14,0.0,20,60287,中性盘
11:13:32,30.15,0.01,19,57285,买盘
11:13:35,30.15,0.0,41,123576,买盘
11:13:39,30.16,0.01,20,60277,买盘
11:13:41,30.15,-0.01,26,78392,卖盘
11:13:44,30.15,0.0,94,283276,买盘
11:13:47,30.15,0.0,25,75374,买盘
11:13:51,30.14,-0.01,9,27131,卖盘
11:13:54,30.14,0.0,47,141658,买盘
11:13:57,30.14,0.0,16,48223,买盘
11:14:00,30.14,0.0,22,66282,买盘
11:14:03,30.14,0.0,516,1553430,买盘
11:14:05,30.16,0.02,107,322562,买盘
11:14:09,30.14,-0.02,14,42222,中性盘
11:14:12,30.15,0.01,1,3015,买盘
11:14:15,30.16,0.01,41,123656,买盘
11:14:18,30.15,-0.01,8,24124,卖盘
11:14:21,30.16,0.01,2,6032,买盘
11:14:24,30.17,0.01,65,196081,买盘
11:14:27,30.17,0.0,31,93524,买盘
11:14:30,30.16,-0.01,30,90480,卖盘
11:14:33,30.16,0.0,62,186973,买盘
11:14:36,30.16,0.0,20,60319,买盘
11:14:39,30.16,0.0,8,24128,买盘
11:14:45,30.17,0.01,81,244270,买盘
11:14:48,30.16,-0.01,92,277390,买盘
11:14:51,30.17,0.01,22,66364,买盘
11:14:54,30.17,0.0,2,6034,买盘
11:14:57,30.17,0.0,36,108611,买盘
11:15:00,30.16,-0.01,37,111597,卖盘
11:15:03,30.17,0.01,10,30169,买盘
11:15:06,30.17,0.0,96,289630,买盘
11:15:08,30.17,0.0,17,51289,买盘
11:15:10,30.17,0.0,12,36194,买盘
11:15:15,30.17,0.0,74,223258,买盘
11:15:18,30.16,-0.01,75,226178,卖盘
11:15:21,30.16,0.0,9,27144,买盘
11:15:24,30.16,0.0,18,54288,买盘
11:15:27,30.16,0.0,64,193024,买盘
11:15:30,30.16,0.0,26,78397,买盘
11:15:34,30.16,0.0,42,126672,买盘
11:15:36,30.16,0.0,63,189963,买盘
11:15:39,30.16,0.0,15,45240,买盘
11:15:42,30.15,-0.01,11,33167,卖盘
11:15:45,30.15,0.0,84,253283,卖盘
11:15:48,30.16,0.01,26,78416,买盘
11:15:51,30.15,-0.01,25,75379,卖盘
11:15:54,30.16,0.01,23,69358,买盘
11:15:56,30.17,0.01,18,54306,买盘
11:16:00,30.16,-0.01,18,54292,买盘
11:16:03,30.16,0.0,4,12066,卖盘
11:16:06,30.16,0.0,124,374154,卖盘
11:16:09,30.18,0.02,16,48284,买盘
11:16:10,30.18,0.0,35,105564,买盘
11:16:14,30.17,-0.01,36,108632,中性盘
11:16:18,30.16,-0.01,71,214251,卖盘
11:16:21,30.18,0.02,20,60354,买盘
11:16:24,30.18,0.0,79,238422,买盘
11:16:27,30.17,-0.01,25,75449,卖盘
11:16:30,30.16,-0.01,60,181027,卖盘
11:16:33,30.17,0.01,43,129760,卖盘
11:16:36,30.16,-0.01,54,162915,卖盘
11:16:39,30.17,0.01,25,75445,卖盘
11:16:42,30.16,-0.01,66,199097,卖盘
11:16:45,30.18,0.02,97,292624,买盘
11:16:46,30.16,-0.02,42,126686,卖盘
11:16:51,30.15,-0.01,178,536793,卖盘
11:16:54,30.16,0.01,68,205104,买盘
11:16:57,30.17,0.01,14,42237,买盘
11:17:00,30.16,-0.01,29,87464,卖盘
11:17:03,30.16,0.0,15,45237,买盘
11:17:05,30.16,0.0,54,162902,卖盘
11:17:09,30.15,-0.01,30,90463,卖盘
11:17:11,30.15,0.0,60,180930,卖盘
11:17:15,30.15,0.0,99,298506,卖盘
11:17:18,30.15,0.0,25,75397,卖盘
11:17:19,30.15,0.0,8,24123,卖盘
11:17:24,30.16,0.01,86,259364,买盘
11:17:27,30.15,-0.01,121,364912,中性盘
11:17:29,30.15,0.0,13,39196,买盘
11:17:33,30.16,0.01,14,42220,买盘
11:17:36,30.14,-0.02,125,376762,卖盘
11:17:38,30.15,0.01,20,60281,买盘
11:17:42,30.14,-0.01,2,6028,中性盘
11:17:45,30.15,0.01,117,352487,买盘
11:17:48,30.15,0.0,22,66326,买盘
11:17:51,30.13,-0.02,53,159748,卖盘
11:17:54,30.13,0.0,28,84362,买盘
11:17:57,30.11,-0.02,72,216792,卖盘
11:17:59,30.11,0.0,16,48176,买盘
11:18:03,30.1,-0.01,19,57193,卖盘
11:18:06,30.1,0.0,157,472566,卖盘
11:18:09,30.1,0.0,156,469429,买盘
11:18:12,30.08,-0.02,730,2195914,卖盘
11:18:15,30.08,0.0,194,583476,买盘
11:18:18,30.06,-0.02,186,559272,卖盘
11:18:21,30.06,0.0,37,111244,卖盘
11:18:24,30.08,0.02,107,321809,买盘
11:18:26,30.08,0.0,108,324864,买盘
11:18:30,30.07,-0.01,12,36095,卖盘
11:18:31,30.08,0.01,21,63166,买盘
11:18:36,30.08,0.0,35,105278,买盘
11:18:39,30.08,0.0,65,195470,买盘
11:18:42,30.07,-0.01,202,607441,卖盘
11:18:45,30.07,0.0,194,583308,买盘
11:18:49,30.09,0.02,27,81216,买盘
11:18:51,30.09,0.0,3,9027,买盘
11:18:54,30.09,0.0,31,93257,买盘
11:18:56,30.09,0.0,18,54144,买盘
11:19:00,30.07,-0.02,23,69167,卖盘
11:19:04,30.08,0.01,22,66176,买盘
11:19:05,30.09,0.01,18,54150,买盘
11:19:09,30.09,0.0,11,33098,买盘
11:19:12,30.08,-0.01,3,9025,卖盘
11:19:13,30.09,0.01,30,90264,买盘
11:19:18,30.08,-0.01,39,117326,卖盘
11:19:21,30.09,0.01,14,42126,买盘
11:19:24,30.09,0.0,81,243726,买盘
11:19:27,30.09,0.0,125,376123,买盘
11:19:30,30.08,-0.01,19,57166,卖盘
11:19:33,30.09,0.01,14,42125,买盘
11:19:36,30.08,-0.01,20,60175,卖盘
11:19:39,30.09,0.01,19,57169,买盘
11:19:42,30.1,0.01,27,81244,买盘
11:19:45,30.1,0.0,92,276844,买盘
11:19:48,30.1,0.0,12,36120,买盘
11:19:51,30.09,-0.01,24,72218,卖盘
11:19:54,30.1,0.01,8,24080,买盘
11:19:57,30.09,-0.01,16,48145,卖盘
11:19:59,30.09,0.0,13,39119,买盘
11:20:02,30.1,0.01,13,39127,买盘
11:20:04,30.1,0.0,36,108339,买盘
11:20:08,30.1,0.0,212,637430,买盘
11:20:12,30.08,-0.02,39,117341,中性盘
11:20:15,30.08,0.0,24,72204,买盘
11:20:18,30.08,0.0,75,225549,买盘
11:20:21,30.06,-0.02,32,96223,卖盘
11:20:24,30.09,0.03,155,466233,买盘
11:20:25,30.07,-0.02,114,342974,中性盘
11:20:30,30.06,-0.01,16,48101,卖盘
11:20:33,30.09,0.03,34,102284,买盘
11:20:36,30.09,0.0,505,1517624,买盘
11:20:39,30.06,-0.03,1,3006,卖盘
11:20:42,30.06,0.0,46,138294,卖盘
11:20:45,30.09,0.03,100,300698,买盘
11:20:46,30.09,0.0,11,33099,买盘
11:20:51,30.07,-0.02,10,30078,卖盘
11:20:54,30.09,0.02,21,63189,买盘
11:20:57,30.05,-0.04,1000,3005414,卖盘
11:20:59,30.08,0.03,15,45116,中性盘
11:21:03,30.09,0.01,25,75214,买盘
11:21:06,30.1,0.01,31,93287,买盘
11:21:09,30.09,-0.01,6,18054,卖盘
11:21:15,30.09,0.0,20,60181,卖盘
11:21:18,30.08,-0.01,72,216601,卖盘
11:21:21,30.08,0.0,16,48128,买盘
11:21:24,30.1,0.02,69,207625,买盘
11:21:26,30.08,-0.02,76,228742,卖盘
11:21:30,30.08,0.0,8,24064,买盘
11:21:34,30.07,-0.01,37,111261,卖盘
11:21:36,30.08,0.01,28,84219,买盘
11:21:39,30.07,-0.01,1506,4523338,买盘
11:21:40,30.07,0.0,12,36087,卖盘
11:21:43,30.02,-0.05,93,279498,卖盘
11:21:48,30.07,0.05,9,27068,中性盘
11:21:49,30.08,0.01,23,69157,买盘
11:21:54,30.08,0.0,5,15038,买盘
11:21:57,30.06,-0.02,22,66164,卖盘
11:22:00,30.08,0.02,30,90182,买盘
11:22:03,30.07,-0.01,68,204343,中性盘
11:22:06,30.05,-0.02,1046,3140125,中性盘
11:22:09,30.08,0.03,26,78176,买盘
11:22:12,30.04,-0.04,31,93124,卖盘
11:22:15,30.06,0.02,121,363686,买盘
11:22:18,30.05,-0.01,30,90125,中性盘
11:22:21,30.05,0.0,15,45082,卖盘
11:22:22,30.06,0.01,45,135263,买盘
11:22:27,30.05,-0.01,132,396746,卖盘
11:22:31,30.03,-0.02,123,369577,卖盘
11:22:33,30.04,0.01,24,72105,中性盘
11:22:35,30.03,-0.01,127,381495,卖盘
11:22:38,30.02,-0.01,16,48046,卖盘
11:22:42,30.03,0.01,36,108092,卖盘
11:22:43,30.03,0.0,111,333252,买盘
11:22:48,30.03,0.0,8,24024,买盘
11:22:51,30.03,0.0,30,90073,买盘
11:22:54,30.03,0.0,41,123123,买盘
11:22:57,30.02,-0.01,103,309234,卖盘
11:23:00,30.02,0.0,18,54039,卖盘
11:23:03,30.03,0.01,34,102093,买盘
11:23:04,30.04,0.01,28,84088,买盘
11:23:09,30.03,-0.01,22,66071,卖盘
11:23:12,30.03,0.0,31,93096,卖盘
11:23:13,30.04,0.01,80,240319,买盘
11:23:18,30.04,0.0,36,108129,买盘
11:23:21,30.04,0.0,10,30037,买盘
11:23:24,30.05,0.01,361,1084676,买盘
11:23:27,30.05,0.0,17,51070,买盘
11:23:30,30.05,0.0,2,6009,买盘
11:23:33,30.05,0.0,25,75110,买盘
11:23:36,30.04,-0.01,63,189258,卖盘
11:23:39,30.05,0.01,5,15022,买盘
11:23:42,30.04,-0.01,95,285392,中性盘
11:23:45,30.06,0.02,89,267359,买盘
11:23:48,30.06,0.0,7,21038,买盘
11:23:49,30.06,0.0,107,321572,买盘
11:23:54,30.08,0.02,32,96238,买盘
11:23:57,30.08,0.0,4,12030,买盘
11:24:00,30.06,-0.02,23,69144,卖盘
11:24:03,30.08,0.02,13,39104,买盘
11:24:06,30.07,-0.01,28,84215,卖盘
11:24:08,30.08,0.01,1,3008,买盘
11:24:12,30.07,-0.01,2,6014,卖盘
11:24:15,30.09,0.02,48,144397,买盘
11:24:18,30.09,0.0,6,18053,买盘
11:24:21,30.08,-0.01,11,33089,卖盘
11:24:24,30.1,0.02,613,1845118,买盘
11:24:27,30.06,-0.04,300,901888,卖盘
11:24:28,30.09,0.03,8,24068,买盘
11:24:36,30.09,0.0,52,156429,买盘
11:24:39,30.09,0.0,27,81243,买盘
11:24:42,30.1,0.01,116,349055,买盘
11:24:45,30.1,0.0,235,707664,卖盘
11:24:48,30.13,0.03,380,1144495,买盘
11:24:51,30.13,0.0,58,174739,买盘
11:24:54,30.12,-0.01,13,39164,卖盘
11:24:57,30.13,0.01,86,259082,买盘
11:25:00,30.13,0.0,208,627098,买盘
11:25:03,30.15,0.02,65,195849,买盘
11:25:06,30.14,-0.01,21,63285,中性盘
11:25:09,30.14,0.0,20,60280,买盘
11:25:12,30.14,0.0,11,33157,买盘
11:25:15,30.16,0.02,14,42204,买盘
11:25:18,30.15,-0.01,308,928630,卖盘
11:25:21,30.16,0.01,304,916864,买盘
11:25:24,30.17,0.01,101,304611,买盘
11:25:27,30.17,0.0,19,57309,买盘
11:25:30,30.18,0.01,317,956274,买盘
11:25:33,30.18,0.0,39,117642,买盘
11:25:36,30.16,-0.02,49,147876,中性盘
11:25:39,30.13,-0.03,1,3013,卖盘
11:25:42,30.16,0.03,14,42224,买盘
11:25:45,30.18,0.02,112,337656,买盘
11:25:48,30.13,-0.05,44,132664,卖盘
11:25:51,30.17,0.04,19,57315,买盘
11:25:54,30.17,0.0,16,48261,买盘
11:25:57,30.15,-0.02,12,36188,中性盘
11:26:00,30.17,0.02,212,639790,买盘
11:26:03,30.16,-0.01,36,108566,中性盘
11:26:06,30.14,-0.02,45,135699,中性盘
11:26:09,30.14,0.0,30,90491,卖盘
11:26:12,30.17,0.03,3,9051,买盘
11:26:15,30.17,0.0,45,135689,买盘
11:26:18,30.17,0.0,9,27150,买盘
11:26:19,30.17,0.0,36,108609,买盘
11:26:22,30.17,0.0,12,36204,买盘
11:26:27,30.17,0.0,64,193100,买盘
11:26:30,30.18,0.01,7,21123,买盘
11:26:33,30.17,-0.01,3,9052,中性盘
11:26:36,30.15,-0.02,77,232335,卖盘
11:26:39,30.18,0.03,14,42242,买盘
11:26:40,30.18,0.0,13,39210,买盘
11:26:44,30.17,-0.01,121,365097,买盘
11:26:48,30.15,-0.02,23,69345,买盘
11:26:51,30.15,0.0,1,3015,买盘
11:26:54,30.15,0.0,36,108540,买盘
11:26:57,30.15,0.0,17,49383,买盘
11:27:00,30.15,0.0,15,45225,买盘
11:27:03,30.15,0.0,26,78390,买盘
11:27:04,30.14,-0.01,25,75374,卖盘
11:27:09,30.14,0.0,1,3014,卖盘
11:27:12,30.14,0.0,14,42205,卖盘
11:27:15,30.17,0.03,59,177899,买盘
11:27:16,30.17,0.0,15,45248,买盘
11:27:21,30.17,0.0,8,24133,买盘
11:27:24,30.17,0.0,45,135684,买盘
11:27:27,30.17,0.0,18,54306,买盘
11:27:30,30.19,0.02,747,2254556,买盘
11:27:31,30.2,0.01,98,295877,买盘
11:27:36,30.19,-0.01,253,763949,卖盘
11:27:39,30.18,-0.01,28,84523,中性盘
11:27:40,30.18,0.0,10,30180,买盘
11:27:45,30.14,-0.04,111,336708,卖盘
11:27:48,30.17,0.03,23,67515,买盘
11:27:51,30.17,0.0,5,16955,卖盘
11:27:54,30.17,0.0,2,6034,买盘
11:27:55,30.17,0.0,3,9051,买盘
11:28:00,30.17,0.0,2,6034,买盘
11:28:03,30.17,0.0,16,48272,买盘
11:28:06,30.18,0.01,204,615372,买盘
11:28:09,30.18,0.0,100,301800,卖盘
11:28:12,30.17,-0.01,13,39225,卖盘
11:28:15,30.19,0.02,26,78470,买盘
11:28:18,30.18,-0.01,12,36217,卖盘
11:28:24,30.18,0.0,38,114684,买盘
11:28:25,30.17,-0.01,52,156941,卖盘
11:28:29,30.2,0.03,511,1543054,买盘
11:28:33,30.18,-0.02,17,51306,买盘
11:28:36,30.18,0.0,27,81484,买盘
11:28:39,30.17,-0.01,21,63339,买盘
11:28:42,30.17,0.0,9,27151,买盘
11:28:45,30.15,-0.02,115,346863,卖盘
11:28:46,30.15,0.0,26,78433,卖盘
11:28:49,30.17,0.02,21,63357,卖盘
11:28:54,30.15,-0.02,70,211050,卖盘
11:28:57,30.15,0.0,6,18090,买盘
11:29:00,30.15,0.0,606,1828857,买盘
11:29:03,30.15,0.0,35,105522,卖盘
11:29:06,30.18,0.03,118,356094,买盘
11:29:09,30.17,-0.01,18,54319,卖盘
11:29:12,30.18,0.01,33,99583,买盘
11:29:15,30.18,0.0,94,283685,买盘
11:29:18,30.18,0.0,9,27161,买盘
11:29:21,30.16,-0.02,5,15081,卖盘
11:29:24,30.18,0.02,70,211251,买盘
11:29:27,30.2,0.02,78,235396,买盘
11:29:30,30.2,0.0,11,33217,买盘
11:29:31,30.18,-0.02,29,87568,中性盘
11:29:36,30.2,0.02,39,117775,买盘
11:29:39,30.18,-0.02,10,30186,卖盘
11:29:42,30.18,0.0,8,24143,买盘
11:29:44,30.15,-0.03,116,349951,卖盘
11:29:48,30.18,0.03,19,57342,买盘
11:29:51,30.17,-0.01,89,268673,中性盘
11:29:54,30.19,0.02,2,6038,买盘
11:29:57,30.19,0.0,36,108684,买盘
11:29:59,30.19,0.0,2,6038,买盘
13:00:01,30.2,0.01,93,280736,买盘
13:00:03,30.17,-0.03,1028,3102962,卖盘
13:00:07,30.18,0.01,45,135781,买盘
13:00:09,30.17,-0.01,5,15087,中性盘
13:00:13,30.17,0.0,30,90484,买盘
13:00:16,30.17,0.0,1,3017,买盘
13:00:17,30.16,-0.01,51,153824,卖盘
13:00:20,30.17,0.01,10,30163,买盘
13:00:25,30.16,-0.01,45,135723,卖盘
13:00:28,30.17,0.01,55,165898,买盘
13:00:29,30.17,0.0,291,877913,买盘
13:00:33,30.18,0.01,42,126752,买盘
13:00:37,30.17,-0.01,19,57341,卖盘
13:00:40,30.18,0.01,171,515884,买盘
13:00:41,30.17,-0.01,75,226294,卖盘
13:00:46,30.17,0.0,57,171989,卖盘
13:00:47,30.17,0.0,83,250228,买盘
13:00:52,30.17,0.0,19,57323,买盘
13:00:54,30.17,0.0,14,42238,买盘
13:00:56,30.17,0.0,81,244377,买盘
13:01:01,30.17,0.0,14,42230,买盘
13:01:04,30.17,0.0,19,57323,买盘
13:01:06,30.17,0.0,37,111629,买盘
13:01:10,30.18,0.01,5,15088,买盘
13:01:13,30.17,-0.01,7,21120,中性盘
13:01:16,30.17,0.0,20,60340,买盘
13:01:18,30.17,0.0,15,45256,买盘
13:01:20,30.17,0.0,56,168953,卖盘
13:01:25,30.18,0.01,291,878138,买盘
13:01:28,30.18,0.0,128,386331,卖盘
13:01:31,30.18,0.0,60,181014,卖盘
13:01:32,30.17,-0.01,11,33187,买盘
13:01:37,30.18,0.01,120,362043,买盘
13:01:40,30.17,-0.01,50,150889,买盘
13:01:43,30.17,0.0,22,66363,买盘
13:01:44,30.18,0.01,79,238402,买盘
13:01:47,30.13,-0.05,74,223056,卖盘
13:01:52,30.13,0.0,33,99447,卖盘
13:01:55,30.17,0.04,201,605467,买盘
13:01:56,30.13,-0.04,27,81447,卖盘
13:01:59,30.13,0.0,30,90390,买盘
13:02:04,30.13,0.0,58,174763,卖盘
13:02:07,30.14,0.01,138,415927,买盘
13:02:10,30.13,-0.01,11,33143,中性盘
13:02:11,30.14,0.01,17,51238,买盘
13:02:16,30.14,0.0,70,210980,买盘
13:02:19,30.12,-0.02,265,798531,卖盘
13:02:22,30.14,0.02,4,12056,卖盘
13:02:25,30.14,0.0,10,30140,卖盘
13:02:28,30.17,0.03,79,238305,买盘
13:02:31,30.17,0.0,9,27155,买盘
13:02:34,30.17,0.0,3,9052,中性盘
13:02:37,30.17,0.0,50,150841,买盘
13:02:40,30.16,-0.01,15,45246,卖盘
13:02:41,30.15,-0.01,10,30159,卖盘
13:02:46,30.15,0.0,20,60300,买盘
13:02:49,30.15,0.0,117,352680,买盘
13:02:52,30.15,0.0,14,42203,买盘
13:02:55,30.13,-0.02,103,310367,卖盘
13:02:56,30.13,0.0,125,376810,卖盘
13:03:01,30.13,0.0,3,9042,卖盘
13:03:04,30.14,0.01,6,18084,中性盘
13:03:07,30.15,0.01,72,217068,买盘
13:03:10,30.16,0.01,14,42212,买盘
13:03:13,30.16,0.0,2,6030,买盘
13:03:16,30.16,0.0,53,159805,买盘
13:03:19,30.17,0.01,56,168932,买盘
13:03:25,30.17,0.0,37,111625,买盘
13:03:28,30.17,0.0,86,259461,买盘
13:03:31,30.14,-0.03,43,129664,卖盘
13:03:34,30.14,0.0,4,12056,买盘
13:03:37,30.15,0.01,95,286377,买盘
13:03:40,30.15,0.0,28,84417,买盘
13:03:43,30.13,-0.02,43,129562,卖盘
13:03:46,30.15,0.02,27,81389,买盘
13:03:49,30.14,-0.01,65,195752,中性盘
13:03:52,30.13,-0.01,4,12052,卖盘
13:03:58,30.15,0.02,117,352742,买盘
13:04:01,30.14,-0.01,12,36168,卖盘
13:04:04,30.17,0.03,159,479409,买盘
13:04:07,30.18,0.01,61,184054,买盘
13:04:10,30.19,0.01,459,1385506,买盘
13:04:13,30.2,0.01,33,99630,买盘
13:04:14,30.2,0.0,59,178179,买盘
13:04:19,30.2,0.0,370,1117390,买盘
13:04:22,30.2,0.0,13,39256,买盘
13:04:25,30.2,0.0,10,30200,买盘
13:04:28,30.2,0.0,71,214444,买盘
13:04:31,30.2,0.0,28,84560,买盘
13:04:34,30.2,0.0,6,18120,卖盘
13:04:37,30.2,0.0,98,296032,买盘
13:04:40,30.21,0.01,1036,3130126,买盘
13:04:41,30.2,-0.01,10,30202,卖盘
13:04:46,30.2,0.0,55,166144,卖盘
13:04:49,30.22,0.02,130,392759,买盘
13:04:52,30.2,-0.02,3,9061,卖盘
13:04:54,30.21,0.01,35,105708,买盘
13:04:58,30.21,0.0,51,154132,买盘
13:04:59,30.21,0.0,1,3021,卖盘
13:05:02,30.22,0.01,19,57418,买盘
13:05:07,30.22,0.0,52,157187,买盘
13:05:09,30.22,0.0,15,45330,买盘
13:05:11,30.25,0.03,802,2426109,买盘
13:05:16,30.25,0.0,370,1118990,卖盘
13:05:19,30.25,0.0,593,1793628,买盘
13:05:22,30.24,-0.01,23,69573,卖盘
13:05:24,30.24,0.0,8,24192,买盘
13:05:26,30.24,0.0,140,423535,买盘
13:05:31,30.23,-0.01,16,48378,中性盘
13:05:34,30.22,-0.01,25,75570,卖盘
13:05:37,30.24,0.02,61,184406,买盘
13:05:40,30.22,-0.02,19,57426,卖盘
13:05:43,30.22,0.0,13,39289,卖盘
13:05:46,30.22,0.0,529,1599781,卖盘
13:05:49,30.22,0.0,134,404894,卖盘
13:05:50,30.22,0.0,69,208521,中性盘
13:05:55,30.2,-0.02,2,6040,卖盘
13:05:58,30.22,0.02,41,123886,买盘
13:05:59,30.2,-0.02,8,24170,卖盘
13:06:02,30.22,0.02,2,6044,买盘
13:06:07,30.22,0.0,69,208518,买盘
13:06:10,30.22,0.0,65,196324,买盘
13:06:13,30.22,0.0,5,15110,卖盘
13:06:16,30.23,0.01,109,329471,买盘
13:06:19,30.22,-0.01,5,15110,中性盘
13:06:22,30.2,-0.02,2,6042,卖盘
13:06:25,30.23,0.03,691,2088739,买盘
13:06:28,30.24,0.01,25,75592,买盘
13:06:31,30.22,-0.02,347,1048878,卖盘
13:06:33,30.2,-0.02,15,45325,卖盘
13:06:36,30.23,0.03,33,99729,买盘
13:06:40,30.19,-0.04,21,63424,卖盘
13:06:43,30.18,-0.01,252,760669,卖盘
13:06:46,30.21,0.03,41,123889,中性盘
13:06:49,30.22,0.01,102,308105,买盘
13:06:52,30.22,0.0,1,3022,买盘
13:06:55,30.22,0.0,53,160122,买盘
13:06:58,30.22,0.0,100,302172,买盘
13:07:01,30.22,0.0,67,202474,中性盘
13:07:04,30.22,0.0,22,66498,买盘
13:07:07,30.23,0.01,165,498782,买盘
13:07:10,30.24,0.01,71,214639,买盘
13:07:11,30.24,0.0,42,127002,买盘
13:07:16,30.24,0.0,52,157242,买盘
13:07:19,30.24,0.0,24,72576,买盘
13:07:22,30.24,0.0,12,36298,卖盘
13:07:25,30.24,0.0,50,151213,卖盘
13:07:28,30.25,0.01,354,1070800,买盘
13:07:31,30.25,0.0,73,220840,买盘
13:07:34,30.25,0.0,1,3025,卖盘
13:07:36,30.25,0.0,393,1188248,卖盘
13:07:40,30.25,0.0,36,108907,中性盘
13:07:43,30.25,0.0,9,27225,买盘
13:07:46,30.25,0.0,53,160325,买盘
13:07:49,30.23,-0.02,93,281159,卖盘
13:07:51,30.23,0.0,1,3023,卖盘
13:07:55,30.23,0.0,38,114884,卖盘
13:07:58,30.24,0.01,151,456535,买盘
13:08:01,30.24,0.0,72,217618,买盘
13:08:03,30.24,0.0,10,30240,买盘
13:08:07,30.24,0.0,22,66525,买盘
13:08:10,30.24,0.0,11,33260,买盘
13:08:13,30.24,0.0,7,21168,买盘
13:08:16,30.25,0.01,539,1630459,买盘
13:08:19,30.24,-0.01,1,3024,卖盘
13:08:22,30.25,0.01,79,238911,买盘
13:08:24,30.23,-0.02,152,459551,卖盘
13:08:28,30.26,0.03,372,1125046,买盘
13:08:31,30.23,-0.03,2,6048,中性盘
13:08:34,30.24,0.01,27,81631,买盘
13:08:37,30.25,0.01,80,241998,买盘
13:08:39,30.22,-0.03,227,686069,卖盘
13:08:43,30.25,0.03,5,15125,买盘
13:08:46,30.26,0.01,100,302546,买盘
13:08:49,30.25,-0.01,80,241897,中性盘
13:08:52,30.24,-0.01,6,18145,卖盘
13:08:55,30.25,0.01,18,54440,买盘
13:08:57,30.24,-0.01,33,99822,卖盘
13:09:01,30.25,0.01,674,2039000,买盘
13:09:04,30.25,0.0,16,48392,买盘
13:09:06,30.25,0.0,112,338790,买盘
13:09:09,30.25,0.0,10,30250,买盘
13:09:13,30.25,0.0,29,87698,买盘
13:09:16,30.25,0.0,35,105862,买盘
13:09:18,30.25,0.0,19,57475,买盘
13:09:22,30.23,-0.02,46,139134,卖盘
13:09:24,30.25,0.02,242,731635,买盘
13:09:28,30.24,-0.01,63,190550,中性盘
13:09:31,30.25,0.01,51,154573,买盘
13:09:34,30.25,0.0,1,3025,卖盘
13:09:37,30.25,0.0,184,556457,卖盘
13:09:40,30.23,-0.02,15,45367,卖盘
13:09:42,30.25,0.02,3,9073,买盘
13:09:46,30.25,0.0,179,541150,买盘
13:09:49,30.24,-0.01,417,1261625,中性盘
13:09:52,30.25,0.01,17,51431,中性盘
13:09:55,30.27,0.02,136,411491,买盘
13:09:57,30.25,-0.02,45,136193,中性盘
13:10:01,30.26,0.01,6,18158,卖盘
13:10:04,30.26,0.0,23,69594,买盘
13:10:07,30.26,0.0,27,81688,买盘
13:10:10,30.24,-0.02,17,51433,卖盘
13:10:12,30.22,-0.02,30,90700,卖盘
13:10:16,30.24,0.02,58,175384,买盘
13:10:19,30.24,0.0,34,102819,买盘
13:10:22,30.23,-0.01,12,36281,卖盘
13:10:25,30.24,0.01,17,51395,买盘
13:10:28,30.24,0.0,118,356934,买盘
13:10:31,30.23,-0.01,17,51402,卖盘
13:10:34,30.25,0.02,1,3025,中性盘
13:10:37,30.26,0.01,37,111934,买盘
13:10:40,30.26,0.0,174,526524,买盘
13:10:43,30.26,0.0,33,99865,卖盘
13:10:45,30.27,0.01,160,484217,买盘
13:10:48,30.26,-0.01,132,399193,卖盘
13:10:52,30.23,-0.03,14,42346,卖盘
13:10:55,30.27,0.04,444,1343906,买盘
13:10:58,30.27,0.0,212,641810,卖盘
13:11:01,30.27,0.0,49,148322,买盘
13:11:04,30.26,-0.01,1005,3043041,卖盘
13:11:07,30.27,0.01,97,293592,买盘
13:11:10,30.26,-0.01,54,163457,卖盘
13:11:13,30.3,0.04,3276,9924857,买盘
13:11:16,30.3,0.0,194,587880,卖盘
13:11:19,30.31,0.01,179,542519,买盘
13:11:22,30.3,-0.01,5,15151,卖盘
13:11:24,30.31,0.01,33,100021,买盘
13:11:28,30.31,0.0,106,321258,买盘
13:11:31,30.31,0.0,154,466742,买盘
13:11:34,30.31,0.0,93,281883,买盘
13:11:37,30.3,-0.01,1728,5240334,卖盘
13:11:40,30.31,0.01,199,603564,卖盘
13:11:43,30.3,-0.01,154,466766,卖盘
13:11:46,30.35,0.05,3398,10310041,买盘
13:11:49,30.32,-0.03,132,400100,卖盘
13:11:52,30.3,-0.02,144,436721,卖盘
13:11:55,30.31,0.01,49,148561,中性盘
13:11:58,30.34,0.03,28,84944,买盘
13:12:01,30.3,-0.04,199,602996,卖盘
13:12:04,30.3,0.0,512,1551385,卖盘
13:12:07,30.35,0.05,1050,3186027,买盘
13:12:10,30.35,0.0,101,306535,卖盘
13:12:13,30.35,0.0,2923,8875641,卖盘
13:12:16,30.36,0.01,478,1450751,中性盘
13:12:18,30.36,0.0,117,355122,买盘
13:12:21,30.36,0.0,473,1435588,买盘
13:12:24,30.35,-0.01,215,652497,卖盘
13:12:28,30.34,-0.01,143,434007,中性盘
13:12:31,30.35,0.01,15,45519,买盘
13:12:37,30.32,-0.03,132,400514,卖盘
13:12:40,30.34,0.02,8,24272,买盘
13:12:43,30.35,0.01,101,306445,买盘
13:12:46,30.35,0.0,59,179013,买盘
13:12:49,30.33,-0.02,76,230495,卖盘
13:12:52,30.34,0.01,336,1018457,买盘
13:12:55,30.34,0.0,54,163809,买盘
13:12:58,30.33,-0.01,29,87957,买盘
13:13:01,30.33,0.0,30,90990,卖盘
13:13:03,30.33,0.0,12,36395,中性盘
13:13:06,30.33,0.0,152,460702,中性盘
13:13:09,30.33,0.0,15,45493,买盘
13:13:13,30.33,0.0,8,24258,买盘
13:13:16,30.33,0.0,22,66726,买盘
13:13:19,30.3,-0.03,301,912227,卖盘
13:13:22,30.32,0.02,48,145492,买盘
13:13:25,30.3,-0.02,40,121202,卖盘
13:13:28,30.32,0.02,110,333402,买盘
13:13:31,30.3,-0.02,26,78815,卖盘
13:13:34,30.31,0.01,5,15155,买盘
13:13:37,30.27,-0.04,508,1536868,卖盘
13:13:40,30.31,0.04,9,27270,买盘
13:13:43,30.25,-0.06,23,69601,卖盘
13:13:46,30.31,0.06,333,1009003,买盘
13:13:49,30.3,-0.01,81,245236,中性盘
13:13:51,30.29,-0.01,1,3029,中性盘
13:13:55,30.3,0.01,24,72714,买盘
13:13:58,30.3,0.0,29,87816,买盘
13:14:00,30.29,-0.01,503,1524080,中性盘
13:14:03,30.28,-0.01,3,9086,中性盘
13:14:06,30.3,0.02,79,239300,买盘
13:14:10,30.29,-0.01,21,63570,卖盘
13:14:13,30.29,0.0,13,39377,买盘
13:14:16,30.29,0.0,80,242320,买盘
13:14:19,30.28,-0.01,64,193874,卖盘
13:14:22,30.28,0.0,112,338843,买盘
13:14:25,30.28,0.0,15,45420,买盘
13:14:27,30.28,0.0,17,51461,买盘
13:14:31,30.28,0.0,9,27252,买盘
13:14:34,30.28,0.0,2,6056,中性盘
13:14:36,30.28,0.0,47,142347,买盘
13:14:40,30.29,0.01,2,6058,买盘
13:14:42,30.28,-0.01,115,348221,卖盘
13:14:46,30.28,0.0,44,133188,买盘
13:14:48,30.24,-0.04,70,211752,卖盘
13:14:52,30.27,0.03,4,12108,中性盘
13:14:55,30.27,0.0,29,87783,买盘
13:14:58,30.28,0.01,69,208909,买盘
13:15:00,30.27,-0.01,1,3027,卖盘
13:15:03,30.27,0.0,12,36317,买盘
13:15:07,30.28,0.01,105,317857,买盘
13:15:10,30.27,-0.01,17,51471,卖盘
13:15:13,30.27,0.0,27,81729,卖盘
13:15:16,30.28,0.01,22,66610,买盘
13:15:18,30.25,-0.03,387,1171060,卖盘
13:15:22,30.25,0.0,41,124025,买盘
13:15:25,30.25,0.0,27,81675,买盘
13:15:28,30.25,0.0,61,184523,买盘
13:15:31,30.27,0.02,106,320808,买盘
13:15:34,30.25,-0.02,7,21175,卖盘
13:15:37,30.24,-0.01,208,629148,卖盘
13:15:40,30.25,0.01,23,69575,买盘
13:15:43,30.25,0.0,2,6050,买盘
13:15:46,30.25,0.0,123,372066,买盘
13:15:48,30.24,-0.01,169,511070,卖盘
13:15:51,30.25,0.01,15,45372,买盘
13:15:55,30.25,0.0,10,30250,买盘
13:15:57,30.25,0.0,42,127011,买盘
13:16:01,30.24,-0.01,9,27216,卖盘
13:16:03,30.24,0.0,1,3024,卖盘
13:16:06,30.25,0.01,16,48394,买盘
13:16:10,30.25,0.0,59,178465,买盘
13:16:13,30.25,0.0,24,72600,买盘
13:16:15,30.25,0.0,6,18150,买盘
13:16:19,30.25,0.0,32,96800,买盘
13:16:22,30.25,0.0,24,72599,买盘
13:16:25,30.25,0.0,9,27224,买盘
13:16:28,30.25,0.0,43,130075,买盘
13:16:31,30.24,-0.01,1,3024,卖盘
13:16:37,30.25,0.01,199,601968,买盘
13:16:40,30.24,-0.01,73,220772,卖盘
13:16:42,30.24,0.0,11,33274,卖盘
13:16:46,30.24,0.0,53,160323,卖盘
13:16:49,30.25,0.01,74,223787,买盘
13:16:52,30.25,0.0,35,105044,买盘
13:16:54,30.25,0.0,17,51416,买盘
13:16:58,30.26,0.01,192,580135,买盘
13:17:00,30.25,-0.01,10,30250,卖盘
13:17:07,30.26,0.01,14,42363,买盘
13:17:10,30.26,0.0,6,18156,买盘
13:17:13,30.26,0.0,10,30260,买盘
13:17:16,30.25,-0.01,139,421141,卖盘
13:17:19,30.25,0.0,17,51424,买盘
13:17:21,30.25,0.0,10,30250,买盘
13:17:24,30.25,0.0,526,1590670,买盘
13:17:28,30.24,-0.01,181,547509,卖盘
13:17:31,30.24,0.0,191,577595,卖盘
13:17:35,30.24,0.0,2,6048,卖盘
13:17:37,30.25,0.01,41,124025,买盘
13:17:42,30.25,0.0,20,60497,买盘
13:17:46,30.25,0.0,581,1756963,买盘
13:17:48,30.25,0.0,101,305449,买盘
13:17:52,30.24,-0.01,65,197381,卖盘
13:17:55,30.24,0.0,19,57456,买盘
13:17:58,30.24,0.0,48,145152,买盘
13:18:01,30.24,0.0,205,619802,买盘
13:18:03,30.24,0.0,5,15120,买盘
13:18:07,30.23,-0.01,376,1136665,卖盘
13:18:10,30.23,0.0,9,27207,买盘
13:18:13,30.23,0.0,4,12092,买盘
13:18:16,30.23,0.0,211,637757,买盘
13:18:19,30.23,0.0,78,235772,买盘
13:18:22,30.23,0.0,74,223638,买盘
13:18:25,30.23,0.0,9,27205,买盘
13:18:28,30.21,-0.02,294,888455,卖盘
13:18:31,30.22,0.01,10,30220,买盘
13:18:33,30.21,-0.01,101,305121,卖盘
13:18:37,30.21,0.0,59,178276,卖盘
13:18:40,30.21,0.0,18,54378,卖盘
13:18:42,30.22,0.01,1,3022,买盘
13:18:46,30.22,0.0,54,163166,买盘
13:18:49,30.2,-0.02,77,232593,卖盘
13:18:52,30.2,0.0,17,51343,卖盘
13:18:55,30.2,0.0,4,12080,卖盘
13:18:58,30.2,0.0,224,676502,卖盘
13:19:01,30.21,0.01,7,21141,买盘
13:19:03,30.2,-0.01,59,178221,卖盘
13:19:07,30.19,-0.01,198,597925,卖盘
13:19:10,30.19,0.0,26,78475,买盘
13:19:13,30.18,-0.01,16,48288,卖盘
13:19:15,30.18,0.0,33,99611,卖盘
13:19:19,30.18,0.0,52,156943,卖盘
13:19:21,30.18,0.0,50,150900,卖盘
13:19:25,30.17,-0.01,86,259466,卖盘
13:19:28,30.17,0.0,100,301762,卖盘
13:19:31,30.18,0.01,10,30180,买盘
13:19:36,30.18,0.0,95,286649,买盘
13:19:40,30.18,0.0,233,703163,买盘
13:19:43,30.18,0.0,5,15090,卖盘
13:19:46,30.19,0.01,65,196217,买盘
13:19:49,30.19,0.0,98,295781,买盘
13:19:51,30.19,0.0,80,241490,买盘
13:19:55,30.19,0.0,195,588674,买盘
13:19:58,30.19,0.0,84,253596,买盘
13:20:03,30.19,0.0,13,39244,买盘
13:20:07,30.2,0.01,205,618992,买盘
13:20:12,30.19,-0.01,20,60380,卖盘
13:20:16,30.2,0.01,13,39260,买盘
13:20:19,30.2,0.0,56,169119,买盘
13:20:22,30.2,0.0,54,163030,买盘
13:20:25,30.19,-0.01,70,211371,卖盘
13:20:28,30.19,0.0,92,277785,卖盘
13:20:30,30.2,0.01,6,18120,买盘
13:20:33,30.2,0.0,2,6039,买盘
13:20:37,30.2,0.0,50,150986,买盘
13:20:40,30.2,0.0,31,93620,买盘
13:20:43,30.2,0.0,26,78496,买盘
13:20:45,30.2,0.0,24,72474,买盘
13:20:49,30.2,0.0,158,477099,买盘
13:20:52,30.21,0.01,312,942528,买盘
13:20:55,30.21,0.0,4,12084,卖盘
13:20:57,30.21,0.0,51,154121,卖盘
13:21:01,30.21,0.0,6,18129,卖盘
13:21:04,30.22,0.01,1,3022,买盘
13:21:07,30.22,0.0,97,293113,买盘
13:21:10,30.22,0.0,50,151100,买盘
13:21:13,30.22,0.0,7,21154,买盘
13:21:16,30.25,0.03,63,190423,买盘
13:21:18,30.21,-0.04,44,133061,卖盘
13:21:22,30.23,0.02,8,24178,买盘
13:21:25,30.21,-0.02,12,36252,卖盘
13:21:27,30.23,0.02,15,45345,买盘
13:21:31,30.23,0.0,28,84641,买盘
13:21:33,30.23,0.0,23,69508,买盘
13:21:37,30.23,0.0,41,123933,买盘
13:21:40,30.23,0.0,11,33252,买盘
13:21:43,30.23,0.0,33,99759,买盘
13:21:46,30.24,0.01,64,193520,买盘
13:21:48,30.24,0.0,71,214593,买盘
13:21:52,30.23,-0.01,37,111824,中性盘
13:21:55,30.23,0.0,61,184402,买盘
13:21:57,30.24,0.01,24,72561,买盘
13:22:00,30.24,0.0,29,87696,买盘
13:22:07,30.24,0.0,64,193524,买盘
13:22:10,30.24,0.0,29,87695,买盘
13:22:13,30.24,0.0,6,18143,买盘
13:22:15,30.24,0.0,50,151200,买盘
13:22:19,30.23,-0.01,20,60460,卖盘
13:22:21,30.23,0.0,26,78599,卖盘
13:22:24,30.23,0.0,11,33253,买盘
13:22:27,30.24,0.01,47,142082,买盘
13:22:30,30.23,-0.01,6,18142,卖盘
13:22:33,30.24,0.01,11,33264,买盘
13:22:37,30.24,0.0,16,48374,买盘
13:22:40,30.24,0.0,26,78602,买盘
13:22:43,30.24,0.0,53,160238,买盘
13:22:45,30.24,0.0,7,21168,买盘
13:22:48,30.23,-0.01,78,235748,中性盘
13:22:52,30.22,-0.01,18,54406,卖盘
13:22:55,30.24,0.02,30,90700,买盘
13:22:58,30.24,0.0,31,93744,买盘
13:23:01,30.24,0.0,15,45360,买盘
13:23:03,30.24,0.0,6,18144,买盘
13:23:06,30.24,0.0,158,477801,买盘
13:23:09,30.25,0.01,16,48400,买盘
13:23:12,30.25,0.0,27,81675,买盘
13:23:15,30.24,-0.01,28,84670,卖盘
13:23:19,30.24,0.0,4,12096,买盘
13:23:22,30.24,0.0,4,12095,买盘
13:23:25,30.24,0.0,157,474758,买盘
13:23:28,30.24,0.0,128,387072,买盘
13:23:31,30.23,-0.01,74,223728,卖盘
13:23:34,30.24,0.01,15,45360,买盘
13:23:37,30.24,0.0,160,483932,卖盘
13:23:40,30.25,0.01,96,290327,买盘
13:23:42,30.24,-0.01,92,278196,卖盘
13:23:46,30.25,0.01,211,638162,买盘
13:23:49,30.25,0.0,119,359863,买盘
13:23:52,30.24,-0.01,80,241943,卖盘
13:23:55,30.24,0.0,38,114912,卖盘
13:23:58,30.25,0.01,42,127044,买盘
13:24:00,30.25,0.0,18,54437,买盘
13:24:04,30.24,-0.01,15,45362,卖盘
13:24:06,30.25,0.01,40,120992,买盘
13:24:09,30.25,0.0,31,93765,买盘
13:24:13,30.24,-0.01,129,390218,卖盘
13:24:16,30.25,0.01,129,390225,买盘
13:24:18,30.24,-0.01,97,293411,卖盘
13:24:21,30.25,0.01,24,72602,中性盘
13:24:25,30.25,0.0,17,51430,卖盘
13:24:27,30.25,0.0,30,90776,卖盘
13:24:31,30.26,0.01,5,15130,买盘
13:24:34,30.26,0.0,12,36301,买盘
13:24:37,30.27,0.01,50,151311,买盘
13:24:39,30.25,-0.02,39,118008,卖盘
13:24:43,30.26,0.01,23,69598,买盘
13:24:46,30.27,0.01,63,190681,买盘
13:24:48,30.27,0.0,72,217808,买盘
13:24:52,30.26,-0.01,10,30267,卖盘
13:24:55,30.27,0.01,34,102896,买盘
13:24:58,30.26,-0.01,15,45396,中性盘
13:25:00,30.26,0.0,2,6052,买盘
13:25:04,30.26,0.0,30,90780,买盘
13:25:07,30.26,0.0,30,90780,买盘
13:25:10,30.26,0.0,63,190638,买盘
13:25:12,30.25,-0.01,16,48406,卖盘
13:25:16,30.27,0.02,59,178537,买盘
13:25:19,30.25,-0.02,22,66568,卖盘
13:25:22,30.27,0.02,7,21184,买盘
13:25:25,30.25,-0.02,101,305534,卖盘
13:25:28,30.25,0.0,38,114950,买盘
13:25:30,30.24,-0.01,50,151239,卖盘
13:25:34,30.25,0.01,8,24200,买盘
13:25:37,30.25,0.0,14,42350,买盘
13:25:40,30.25,0.0,113,341773,买盘
13:25:43,30.25,0.0,58,175449,买盘
13:25:46,30.26,0.01,141,426591,买盘
13:25:49,30.25,-0.01,96,290383,卖盘
13:25:51,30.25,0.0,44,133112,卖盘
13:25:55,30.25,0.0,23,69575,买盘
13:25:58,30.25,0.0,31,93775,买盘
13:26:01,30.25,0.0,48,145181,买盘
13:26:04,30.25,0.0,19,57480,卖盘
13:26:07,30.26,0.01,67,202714,买盘
13:26:10,30.26,0.0,19,57494,买盘
13:26:13,30.25,-0.01,25,75627,卖盘
13:26:16,30.26,0.01,60,181533,买盘
13:26:19,30.26,0.0,6,18156,买盘
13:26:21,30.26,0.0,4,12104,买盘
13:26:23,30.26,0.0,13,39338,买盘
13:26:27,30.26,0.0,8,24206,买盘
13:26:30,30.25,-0.01,65,196661,卖盘
13:26:34,30.26,0.01,106,320756,买盘
13:26:36,30.25,-0.01,41,124057,卖盘
13:26:40,30.26,0.01,25,75631,买盘
13:26:43,30.26,0.0,10,30260,买盘
13:26:44,30.25,-0.01,11,33276,卖盘
13:26:49,30.25,0.0,81,245038,卖盘
13:26:51,30.26,0.01,33,99839,买盘
13:26:54,30.24,-0.02,6,18149,卖盘
13:26:58,30.25,0.01,13,39330,买盘
13:27:01,30.25,0.0,144,435615,卖盘
13:27:04,30.25,0.0,63,190575,买盘
13:27:07,30.25,0.0,9,27224,买盘
13:27:10,30.24,-0.01,58,175416,卖盘
13:27:13,30.23,-0.01,25,75581,卖盘
13:27:16,30.23,0.0,34,102832,卖盘
13:27:18,30.24,0.01,29,87686,买盘
13:27:21,30.24,0.0,17,51409,买盘
13:27:25,30.23,-0.01,2,6047,卖盘
13:27:28,30.25,0.02,20,60495,买盘
13:27:31,30.25,0.0,91,275266,买盘
13:27:34,30.24,-0.01,20,60490,卖盘
13:27:36,30.25,0.01,53,160325,买盘
13:27:40,30.25,0.0,12,36300,买盘
13:27:43,30.25,0.0,35,105875,买盘
13:27:45,30.24,-0.01,37,111905,卖盘
13:27:49,30.26,0.02,187,565561,买盘
13:27:52,30.25,-0.01,26,78669,卖盘
13:27:54,30.25,0.0,4,12103,卖盘
13:27:58,30.26,0.01,21,63526,买盘
13:28:00,30.26,0.0,33,99853,买盘
13:28:04,30.25,-0.01,15,45379,卖盘
13:28:07,30.26,0.01,17,51441,买盘
13:28:09,30.26,0.0,53,160373,买盘
13:28:12,30.25,-0.01,42,127085,卖盘
13:28:15,30.26,0.01,147,444814,买盘
13:28:19,30.25,-0.01,267,807914,卖盘
13:28:22,30.27,0.02,39,118012,买盘
13:28:25,30.25,-0.02,11,33283,卖盘
13:28:26,30.25,0.0,45,136151,卖盘
13:28:30,30.25,0.0,22,66566,卖盘
13:28:34,30.25,0.0,18,54450,卖盘
13:28:37,30.24,-0.01,81,244975,卖盘
13:28:39,30.25,0.01,508,1536763,买盘
13:28:43,30.24,-0.01,183,553530,卖盘
13:28:45,30.27,0.03,568,1719100,买盘
13:28:48,30.25,-0.02,154,465916,中性盘
13:28:51,30.25,0.0,547,1656152,卖盘
13:28:55,30.28,0.03,87,263375,买盘
13:28:57,30.28,0.0,543,1644733,买盘
13:29:01,30.26,-0.02,82,248373,卖盘
13:29:04,30.28,0.02,505,1530112,中性盘
13:29:06,30.27,-0.01,63,190719,卖盘
13:29:09,30.28,0.01,40,121120,中性盘
13:29:13,30.3,0.02,275,832597,买盘
13:29:15,30.31,0.01,291,881852,买盘
13:29:18,30.3,-0.01,99,299970,卖盘
13:29:22,30.3,0.0,7,21210,卖盘
13:29:24,30.31,0.01,29,87880,买盘
13:29:28,30.29,-0.02,614,1860863,卖盘
13:29:29,30.29,0.0,9,27262,买盘
13:29:34,30.29,0.0,22,66637,买盘
13:29:37,30.29,0.0,30,90894,买盘
13:29:39,30.27,-0.02,10,30271,卖盘
13:29:42,30.29,0.02,9,27262,卖盘
13:29:45,30.29,0.0,19,57558,卖盘
13:29:49,30.27,-0.02,71,214968,卖盘
13:29:51,30.28,0.01,44,133164,买盘
13:29:54,30.25,-0.03,23,69601,卖盘
13:29:57,30.29,0.04,46,139295,买盘
13:30:01,30.27,-0.02,20,60559,卖盘
13:30:04,30.29,0.02,20,60562,买盘
13:30:06,30.29,0.0,66,199866,买盘
13:30:10,30.28,-0.01,21,63608,中性盘
13:30:13,30.28,0.0,11,33308,买盘
13:30:16,30.29,0.01,21,63604,买盘
13:30:19,30.3,0.01,341,1033180,买盘
13:30:21,30.3,0.0,201,609030,卖盘
13:30:25,30.26,-0.04,19,57531,卖盘
13:30:27,30.31,0.05,30,90918,买盘
13:30:31,30.3,-0.01,21,63629,买盘
13:30:33,30.31,0.01,114,345403,买盘
13:30:37,30.3,-0.01,20,60601,买盘
13:30:40,30.31,0.01,50,151507,买盘
13:30:41,30.3,-0.01,10,30303,中性盘
13:30:45,30.3,0.0,16,48480,卖盘
13:30:49,30.28,-0.02,41,124162,卖盘
13:30:52,30.3,0.02,77,233228,买盘
13:30:54,30.31,0.01,41,124270,买盘
13:30:57,30.3,-0.01,19,57575,卖盘
13:31:01,30.31,0.01,14,42425,买盘
13:31:07,30.3,-0.01,88,266638,买盘
13:31:09,30.3,0.0,19,57567,买盘
13:31:13,30.3,0.0,43,130280,买盘
13:31:15,30.3,0.0,17,51499,买盘
13:31:19,30.29,-0.01,23,69667,卖盘
13:31:22,30.29,0.0,36,109077,卖盘
13:31:24,30.29,0.0,46,139345,卖盘
13:31:28,30.29,0.0,138,417959,买盘
13:31:30,30.28,-0.01,163,493862,卖盘
13:31:34,30.3,0.02,308,933118,买盘
13:31:37,30.3,0.0,43,130290,卖盘
13:31:40,30.3,0.0,75,227253,卖盘
13:31:43,30.3,0.0,353,1069590,卖盘
13:31:46,30.3,0.0,33,99997,买盘
13:31:49,30.3,0.0,101,305951,买盘
13:31:52,30.3,0.0,71,215076,买盘
13:31:55,30.3,0.0,146,442375,买盘
13:31:57,30.3,0.0,85,257550,买盘
13:32:01,30.3,0.0,50,151400,买盘
13:32:04,30.28,-0.02,63,190821,卖盘
13:32:07,30.29,0.01,50,151391,买盘
13:32:10,30.29,0.0,11,33319,买盘
13:32:12,30.29,0.0,38,115092,买盘
13:32:15,30.29,0.0,59,178711,买盘
13:32:18,30.26,-0.03,22,66602,卖盘
13:32:21,30.28,0.02,29,87812,买盘
13:32:24,30.29,0.01,17,51489,买盘
13:32:27,30.28,-0.01,19,57515,中性盘
13:32:36,30.28,0.0,38,114983,买盘
13:32:39,30.27,-0.01,189,572280,中性盘
13:32:42,30.28,0.01,51,154420,买盘
13:32:46,30.29,0.01,104,315015,买盘
13:32:49,30.28,-0.01,110,332972,卖盘
13:32:51,30.26,-0.02,13,39345,卖盘
13:32:54,30.28,0.02,6,18168,买盘
13:32:58,30.28,0.0,81,245268,买盘
13:33:01,30.28,0.0,7,21192,买盘
13:33:03,30.27,-0.01,6,18160,买盘
13:33:07,30.28,0.01,14,42390,买盘
13:33:08,30.27,-0.01,18,54489,卖盘
13:33:13,30.28,0.01,77,233156,买盘
13:33:15,30.28,0.0,23,69633,买盘
13:33:17,30.29,0.01,46,139313,买盘
13:33:21,30.27,-0.02,4,12108,卖盘
13:33:25,30.29,0.02,44,133225,买盘
13:33:28,30.28,-0.01,42,127209,中性盘
13:33:31,30.29,0.01,3,9087,买盘
13:33:33,30.29,0.0,6,18169,买盘
