time,price,change,volume,amount,type
09:25:01,29.43,-0.27,5339,15712677,卖盘
09:30:01,29.46,0.03,2951,8682881,买盘
09:30:05,29.44,-0.02,2475,7286977,卖盘
09:30:07,29.48,0.04,1286,3788405,买盘
09:30:10,29.47,-0.01,151,445160,卖盘
09:30:13,29.47,0.0,375,1105281,卖盘
09:30:16,29.48,0.01,146,430364,中性盘
09:30:19,29.48,0.0,87,256614,卖盘
09:30:22,29.5,0.02,105,309672,买盘
09:30:24,29.51,0.01,28,82628,买盘
09:30:28,29.51,0.0,48,141631,卖盘
09:30:31,29.51,0.0,286,843909,买盘
09:30:33,29.57,0.06,38,112360,买盘
09:30:37,29.59,0.02,556,1642088,买盘
09:30:39,29.6,0.01,525,1550488,卖盘
09:30:43,29.6,0.0,141,417372,卖盘
09:30:46,29.63,0.03,16,47398,买盘
09:30:49,29.64,0.01,128,379232,买盘
09:30:52,29.7,0.06,207,614093,买盘
09:30:55,29.63,-0.07,204,605592,卖盘
09:30:58,29.65,0.02,76,225378,中性盘
09:31:01,29.65,0.0,631,1876169,卖盘
09:31:04,29.68,0.03,69,204805,卖盘
09:31:07,29.7,0.02,148,439033,买盘
09:31:10,29.68,-0.02,509,1510272,卖盘
09:31:13,29.68,0.0,118,350295,卖盘
09:31:16,29.68,0.0,75,222494,买盘
09:31:18,29.66,-0.02,244,724050,卖盘
09:31:22,29.65,-0.01,423,1255173,卖盘
09:31:24,29.63,-0.02,267,791192,卖盘
09:31:28,29.64,0.01,323,956989,买盘
09:31:31,29.63,-0.01,168,497800,卖盘
09:31:34,29.62,-0.01,221,654534,卖盘
09:31:36,29.6,-0.02,681,2016132,卖盘
09:31:40,29.59,-0.01,151,446923,卖盘
09:31:43,29.59,0.0,202,597820,卖盘
09:31:46,29.6,0.01,156,461660,买盘
09:31:49,29.57,-0.03,224,662373,卖盘
09:31:52,29.55,-0.02,145,428616,卖盘
09:31:55,29.57,0.02,159,469927,买盘
09:31:58,29.57,0.0,107,316310,买盘
09:32:01,29.59,0.02,234,691905,买盘
09:32:03,29.59,0.0,169,502048,买盘
09:32:07,29.56,-0.03,498,1472055,卖盘
09:32:10,29.56,0.0,233,688975,卖盘
09:32:12,29.59,0.03,185,547022,买盘
09:32:16,29.58,-0.01,808,2390815,卖盘
09:32:19,29.57,-0.01,427,1263110,卖盘
09:32:22,29.57,0.0,771,2281901,卖盘
09:32:25,29.58,0.01,179,529602,中性盘
09:32:28,29.6,0.02,321,949847,买盘
09:32:31,29.6,0.0,767,2269699,买盘
09:32:34,29.6,0.0,474,1402998,买盘
09:32:37,29.62,0.02,54,159874,买盘
09:32:41,29.6,-0.02,232,687004,卖盘
09:32:42,29.6,0.0,580,1716992,卖盘
09:32:46,29.59,-0.01,175,517982,卖盘
09:32:49,29.59,0.0,127,375739,卖盘
09:32:52,29.6,0.01,445,1316741,买盘
09:32:54,29.58,-0.02,85,251441,卖盘
09:32:58,29.6,0.02,463,1370565,买盘
09:33:00,29.6,0.0,11,32564,卖盘
09:33:04,29.62,0.02,311,921119,买盘
09:33:07,29.61,-0.01,731,2164905,卖盘
09:33:10,29.61,0.0,339,1003820,卖盘
09:33:13,29.61,0.0,497,1472568,卖盘
09:33:16,29.62,0.01,99,293154,卖盘
09:33:19,29.63,0.01,175,518540,买盘
09:33:22,29.62,-0.01,100,296241,卖盘
09:33:25,29.64,0.02,475,1407036,买盘
09:33:28,29.62,-0.02,561,1661432,卖盘
09:33:31,29.62,0.0,96,284214,买盘
09:33:34,29.62,0.0,284,841184,买盘
09:33:37,29.64,0.02,300,888341,买盘
09:33:40,29.62,-0.02,33,97766,卖盘
09:33:43,29.64,0.02,282,835562,买盘
09:33:46,29.64,0.0,385,1141470,卖盘
09:33:49,29.64,0.0,119,352686,买盘
09:33:52,29.65,0.01,507,1502728,买盘
09:33:55,29.66,0.01,105,311341,中性盘
09:33:58,29.68,0.02,34,100870,买盘
09:34:01,29.68,0.0,67,198846,买盘
09:34:04,29.66,-0.02,128,379706,卖盘
09:34:07,29.68,0.02,148,439211,买盘
09:34:09,29.68,0.0,350,1038800,卖盘
09:34:12,29.68,0.0,240,712536,卖盘
09:34:16,29.69,0.01,130,385944,买盘
09:34:19,29.69,0.0,145,430440,买盘
09:34:22,29.68,-0.01,304,902334,卖盘
09:34:25,29.67,-0.01,285,845559,卖盘
09:34:29,29.67,0.0,192,569534,买盘
09:34:31,29.66,-0.01,235,697011,中性盘
09:34:34,29.64,-0.02,112,332081,卖盘
09:34:37,29.65,0.01,558,1654537,买盘
09:34:40,29.65,0.0,230,681856,买盘
09:34:42,29.64,-0.01,120,355741,卖盘
09:34:45,29.64,0.0,251,743817,买盘
09:34:49,29.61,-0.03,682,2019591,卖盘
09:34:52,29.6,-0.01,97,287369,卖盘
09:34:55,29.63,0.03,79,233988,买盘
09:34:57,29.64,0.01,75,222150,买盘
09:35:02,29.64,0.0,46,136309,买盘
09:35:04,29.63,-0.01,232,687166,卖盘
09:35:07,29.63,0.0,77,228131,买盘
09:35:10,29.64,0.01,405,1199508,买盘
09:35:13,29.64,0.0,459,1360479,卖盘
09:35:16,29.63,-0.01,128,379390,卖盘
09:35:18,29.63,0.0,75,222283,卖盘
09:35:23,29.61,-0.02,299,885800,卖盘
09:35:25,29.61,0.0,34,100674,买盘
09:35:27,29.6,-0.01,608,1800248,卖盘
09:35:31,29.63,0.03,7,20729,中性盘
09:35:34,29.63,0.0,39,115513,买盘
09:35:37,29.63,0.0,75,222187,买盘
09:35:40,29.62,-0.01,83,245865,卖盘
09:35:43,29.62,0.0,63,186668,卖盘
09:35:46,29.62,0.0,84,248886,卖盘
09:35:49,29.63,0.01,87,257770,中性盘
09:35:52,29.63,0.0,85,251817,买盘
09:35:56,29.63,0.0,143,423695,买盘
09:35:58,29.62,-0.01,213,631021,卖盘
09:36:01,29.63,0.01,288,853085,买盘
09:36:04,29.63,0.0,157,465075,买盘
09:36:07,29.62,-0.01,91,269543,卖盘
09:36:10,29.62,0.0,166,491539,买盘
09:36:13,29.6,-0.02,170,503365,卖盘
09:36:15,29.61,0.01,57,168762,中性盘
09:36:19,29.6,-0.01,73,216096,卖盘
09:36:22,29.61,0.01,164,485580,买盘
09:36:25,29.6,-0.01,40,118416,卖盘
09:36:28,29.6,0.0,542,1604361,卖盘
09:36:30,29.6,0.0,216,639350,卖盘
09:36:34,29.58,-0.02,450,1331380,卖盘
09:36:37,29.6,0.02,78,230832,买盘
09:36:40,29.58,-0.02,109,322498,卖盘
09:36:42,29.58,0.0,114,337412,卖盘
09:36:46,29.58,0.0,188,556145,卖盘
09:36:49,29.58,0.0,291,860822,卖盘
09:36:51,29.58,0.0,70,207062,买盘
09:36:55,29.58,0.0,57,168593,卖盘
09:36:58,29.58,0.0,184,544265,买盘
09:37:01,29.57,-0.01,209,618081,卖盘
09:37:04,29.58,0.01,156,461313,买盘
09:37:07,29.57,-0.01,88,260247,卖盘
09:37:09,29.57,0.0,335,990585,卖盘
09:37:13,29.58,0.01,435,1286509,买盘
09:37:16,29.59,0.01,352,1041212,买盘
09:37:19,29.59,0.0,190,562388,卖盘
09:37:22,29.6,0.01,356,1054141,买盘
09:37:25,29.59,-0.01,307,908676,卖盘
09:37:28,29.59,0.0,159,470487,买盘
09:37:31,29.59,0.0,29,85819,卖盘
09:37:34,29.6,0.01,82,242647,买盘
09:37:37,29.6,0.0,22,65119,买盘
09:37:40,29.6,0.0,45,133184,买盘
09:37:43,29.6,0.0,188,556374,买盘
09:37:46,29.6,0.0,92,272290,买盘
09:37:49,29.59,-0.01,757,2240167,卖盘
09:37:53,29.59,0.0,165,488193,买盘
09:37:55,29.58,-0.01,103,304773,卖盘
09:37:58,29.59,0.01,205,606568,买盘
09:38:00,29.6,0.01,97,287110,买盘
09:38:04,29.6,0.0,309,914309,买盘
09:38:07,29.6,0.0,129,381812,买盘
09:38:10,29.59,-0.01,594,1758046,卖盘
09:38:13,29.59,0.0,151,446840,买盘
09:38:16,29.59,0.0,108,319572,买盘
09:38:19,29.6,0.01,31,91742,买盘
09:38:22,29.6,0.0,112,331536,买盘
09:38:25,29.6,0.0,144,426187,卖盘
09:38:28,29.59,-0.01,92,272296,卖盘
09:38:30,29.59,0.0,965,2854883,卖盘
09:38:34,29.59,0.0,210,621447,买盘
09:38:37,29.6,0.01,71,210092,买盘
09:38:40,29.58,-0.02,287,849101,卖盘
09:38:43,29.59,0.01,82,242460,买盘
09:38:46,29.59,0.0,95,281081,卖盘
09:38:49,29.58,-0.01,287,849471,卖盘
09:38:52,29.59,0.01,732,2165266,买盘
09:38:55,29.58,-0.01,124,366864,卖盘
09:38:57,29.58,0.0,378,1117798,买盘
09:39:01,29.56,-0.02,592,1749596,卖盘
09:39:04,29.57,0.01,185,547130,买盘
09:39:07,29.58,0.01,162,479045,买盘
09:39:10,29.54,-0.04,189,558462,卖盘
09:39:13,29.56,0.02,164,484515,买盘
09:39:15,29.54,-0.02,35,103431,卖盘
09:39:18,29.56,0.02,36,106406,买盘
09:39:22,29.56,0.0,535,1580482,买盘
09:39:25,29.54,-0.02,50,147726,卖盘
09:39:28,29.56,0.02,53,156598,买盘
09:39:31,29.54,-0.02,246,727038,卖盘
09:39:34,29.55,0.01,82,242329,买盘
09:39:37,29.54,-0.01,182,537990,卖盘
09:39:40,29.52,-0.02,780,2301201,卖盘
09:39:43,29.52,0.0,187,552024,买盘
09:39:46,29.55,0.03,184,545473,买盘
09:39:49,29.54,-0.01,477,1408010,卖盘
09:39:52,29.52,-0.02,13,38386,中性盘
09:39:54,29.54,0.02,8,23632,买盘
09:39:58,29.54,0.0,280,826650,买盘
09:40:01,29.53,-0.01,31,91544,卖盘
09:40:04,29.52,-0.01,81,239159,卖盘
09:40:07,29.53,0.01,24,70872,买盘
09:40:10,29.54,0.01,1314,3881133,买盘
09:40:13,29.53,-0.01,187,552137,卖盘
09:40:16,29.53,0.0,177,522695,卖盘
09:40:20,29.54,0.01,62,183093,买盘
09:40:22,29.53,-0.01,31,91564,卖盘
09:40:25,29.53,0.0,67,197899,卖盘
09:40:28,29.54,0.01,58,171324,中性盘
09:40:30,29.54,0.0,460,1358592,卖盘
09:40:34,29.55,0.01,40,118178,买盘
09:40:37,29.54,-0.01,20,59080,卖盘
09:40:40,29.55,0.01,79,233425,买盘
09:40:43,29.54,-0.01,124,366409,卖盘
09:40:46,29.54,0.0,145,428469,卖盘
09:40:49,29.54,0.0,539,1592650,卖盘
09:40:51,29.54,0.0,601,1774935,买盘
09:40:55,29.56,0.02,134,395845,买盘
09:40:58,29.54,-0.02,96,283601,卖盘
09:41:01,29.54,0.0,168,496167,卖盘
09:41:04,29.54,0.0,22,64993,卖盘
09:41:07,29.55,0.01,303,895142,买盘
09:41:10,29.56,0.01,404,1193535,买盘
09:41:12,29.56,0.0,160,472953,买盘
09:41:16,29.55,-0.01,243,718063,卖盘
09:41:19,29.55,0.0,469,1386232,买盘
09:41:22,29.56,0.01,49,144844,买盘
09:41:25,29.58,0.02,676,1998363,买盘
09:41:28,29.58,0.0,91,269148,买盘
09:41:31,29.59,0.01,644,1903428,买盘
09:41:34,29.55,-0.04,534,1578464,卖盘
09:41:37,29.59,0.04,37,109493,买盘
09:41:40,29.59,0.0,5,14795,卖盘
09:41:42,29.58,-0.01,71,210083,卖盘
09:41:46,29.59,0.01,276,816307,买盘
09:41:50,29.58,-0.01,27,79888,中性盘
09:41:52,29.58,0.0,61,180437,买盘
09:41:54,29.57,-0.01,56,165643,卖盘
09:41:58,29.58,0.01,237,700984,买盘
09:42:00,29.57,-0.01,52,153817,卖盘
09:42:03,29.59,0.02,314,929034,买盘
09:42:06,29.59,0.0,3,8876,买盘
09:42:10,29.59,0.0,451,1334215,买盘
09:42:13,29.59,0.0,104,307798,买盘
09:42:16,29.59,0.0,64,189391,卖盘
09:42:20,29.59,0.0,592,1751732,卖盘
09:42:22,29.6,0.01,86,254488,买盘
09:42:25,29.59,-0.01,55,162747,卖盘
09:42:28,29.59,0.0,1215,3594610,卖盘
09:42:30,29.6,0.01,398,1177729,买盘
09:42:33,29.61,0.01,34,100637,买盘
09:42:37,29.59,-0.02,567,1677778,卖盘
09:42:40,29.6,0.01,54,159854,买盘
09:42:43,29.6,0.0,517,1530088,买盘
09:42:46,29.6,0.0,306,905536,买盘
09:42:49,29.59,-0.01,135,399497,卖盘
09:42:52,29.59,0.0,387,1144824,买盘
09:42:55,29.6,0.01,292,863895,买盘
09:42:58,29.6,0.0,87,257460,买盘
09:43:01,29.6,0.0,649,1920270,买盘
09:43:05,29.6,0.0,198,586086,买盘
09:43:07,29.6,0.0,625,1849515,卖盘
09:43:10,29.59,-0.01,196,580083,卖盘
09:43:13,29.61,0.02,400,1184022,买盘
09:43:16,29.61,0.0,72,212217,买盘
09:43:19,29.61,0.0,290,857833,买盘
09:43:22,29.6,-0.01,395,1170870,卖盘
09:43:25,29.6,0.0,72,213096,买盘
09:43:28,29.6,0.0,15,44400,买盘
09:43:31,29.6,0.0,471,1393306,买盘
09:43:34,29.6,0.0,102,300261,买盘
09:43:37,29.6,0.0,27,79940,卖盘
09:43:40,29.61,0.01,120,355250,买盘
09:43:43,29.6,-0.01,268,793481,卖盘
09:43:45,29.61,0.01,34,101124,买盘
09:43:49,29.61,0.0,1642,4863647,买盘
09:43:52,29.63,0.02,224,663854,卖盘
09:43:55,29.63,0.0,24,71128,卖盘
09:43:58,29.61,-0.02,505,1495659,卖盘
09:44:01,29.65,0.04,97,287626,卖盘
09:44:04,29.65,0.0,54,160105,买盘
09:44:07,29.65,0.0,66,195644,买盘
09:44:10,29.64,-0.01,146,432791,中性盘
09:44:13,29.64,0.0,53,157092,买盘
09:44:16,29.63,-0.01,112,331870,卖盘
09:44:19,29.63,0.0,56,165923,买盘
09:44:21,29.62,-0.01,608,1801209,卖盘
09:44:25,29.62,0.0,171,506428,买盘
09:44:28,29.61,-0.01,35,103651,卖盘
09:44:31,29.61,0.0,705,2087604,卖盘
09:44:34,29.61,0.0,160,473737,买盘
09:44:38,29.61,0.0,65,192430,买盘
09:44:40,29.61,0.0,11,32571,买盘
09:44:44,29.6,-0.01,130,384891,卖盘
09:44:46,29.61,0.01,103,306472,买盘
09:44:49,29.61,0.0,8,23688,买盘
09:44:51,29.6,-0.01,310,917600,卖盘
09:44:55,29.6,0.0,117,346407,卖盘
09:44:58,29.61,0.01,19,56255,买盘
09:45:01,29.61,0.0,186,550632,买盘
09:45:05,29.6,-0.01,457,1352767,卖盘
09:45:07,29.6,0.0,277,820107,卖盘
09:45:09,29.6,0.0,679,2009000,卖盘
09:45:14,29.61,0.01,40,118446,买盘
09:45:16,29.61,0.0,177,525225,卖盘
09:45:19,29.61,0.0,310,917910,卖盘
09:45:21,29.61,0.0,217,642537,卖盘
09:45:25,29.61,0.0,48,142132,卖盘
09:45:28,29.62,0.01,52,154001,买盘
09:45:31,29.61,-0.01,278,821988,卖盘
09:45:34,29.62,0.01,1557,4609612,买盘
09:45:37,29.62,0.0,9,26658,卖盘
09:45:39,29.62,0.0,25,74059,卖盘
09:45:42,29.63,0.01,182,539207,买盘
09:45:46,29.63,0.0,85,252886,买盘
09:45:50,29.63,0.0,26,77028,买盘
09:45:52,29.62,-0.01,127,375108,卖盘
09:45:55,29.62,0.0,3,8886,买盘
09:45:59,29.61,-0.01,140,414545,卖盘
09:46:01,29.61,0.0,26,76985,买盘
09:46:03,29.61,0.0,18,53298,买盘
09:46:07,29.61,0.0,24,71064,买盘
09:46:10,29.6,-0.01,218,645324,卖盘
09:46:13,29.6,0.0,109,322632,买盘
09:46:16,29.61,0.01,249,736812,买盘
09:46:18,29.6,-0.01,26,76973,卖盘
09:46:22,29.61,0.01,112,331602,买盘
09:46:24,29.6,-0.01,212,627571,卖盘
09:46:28,29.6,0.0,39,115634,卖盘
09:46:31,29.6,0.0,401,1188329,卖盘
09:46:34,29.61,0.01,18,53294,卖盘
09:46:36,29.6,-0.01,43,127303,卖盘
09:46:40,29.61,0.01,587,1737132,买盘
09:46:43,29.6,-0.01,16,47372,卖盘
09:46:45,29.6,0.0,94,278240,卖盘
09:46:49,29.6,0.0,113,334479,买盘
09:46:52,29.58,-0.02,79,233757,卖盘
09:46:55,29.59,0.01,200,591800,买盘
09:46:58,29.59,0.0,224,662806,买盘
09:47:01,29.59,0.0,243,717546,买盘
09:47:03,29.59,0.0,156,461604,买盘
09:47:06,29.59,0.0,324,958835,买盘
09:47:10,29.6,0.01,549,1624548,买盘
09:47:13,29.6,0.0,388,1148060,买盘
09:47:17,29.62,0.02,706,2092997,买盘
09:47:20,29.64,0.02,604,1789660,买盘
09:47:21,29.65,0.01,1248,3697451,买盘
09:47:25,29.64,-0.01,707,2096193,卖盘
09:47:28,29.65,0.01,587,1740429,买盘
09:47:30,29.63,-0.02,1181,3501547,卖盘
09:47:33,29.65,0.02,776,2302519,中性盘
09:47:36,29.65,0.0,545,1616334,卖盘
09:47:40,29.7,0.05,19,56415,买盘
09:47:42,29.69,-0.01,181,537569,卖盘
09:47:46,29.7,0.01,170,504908,买盘
09:47:50,29.7,0.0,140,415800,买盘
09:47:53,29.69,-0.01,317,941207,卖盘
09:47:55,29.7,0.01,78,231660,买盘
09:47:58,29.7,0.0,288,855358,买盘
09:48:00,29.7,0.0,54,162069,买盘
09:48:03,29.72,0.02,92,273439,买盘
09:48:07,29.72,0.0,219,650868,卖盘
09:48:10,29.72,0.0,133,395296,买盘
09:48:13,29.72,0.0,373,1108547,买盘
09:48:16,29.72,0.0,215,637590,买盘
09:48:20,29.72,0.0,223,662756,买盘
09:48:22,29.73,0.01,43,127815,买盘
09:48:25,29.73,0.0,421,1252452,买盘
09:48:28,29.72,-0.01,115,341872,中性盘
09:48:31,29.7,-0.02,371,1102283,卖盘
09:48:33,29.71,0.01,417,1238683,买盘
09:48:36,29.71,0.0,179,531804,买盘
09:48:40,29.71,0.0,79,234698,买盘
09:48:43,29.71,0.0,281,834650,买盘
09:48:47,29.7,-0.01,101,298558,卖盘
09:48:49,29.71,0.01,231,686351,买盘
09:48:52,29.7,-0.01,225,669710,卖盘
09:48:55,29.7,0.0,50,148500,买盘
09:48:58,29.7,0.0,48,142560,买盘
09:49:01,29.71,0.01,152,450965,买盘
09:49:05,29.71,0.0,345,1024995,买盘
09:49:07,29.7,-0.01,453,1345744,卖盘
09:49:10,29.71,0.01,355,1054581,买盘
09:49:13,29.71,0.0,403,1197585,买盘
09:49:16,29.7,-0.01,554,1644533,卖盘
09:49:19,29.72,0.02,179,531781,买盘
09:49:23,29.72,0.0,20,59441,卖盘
09:49:25,29.72,0.0,124,368548,卖盘
09:49:28,29.73,0.01,58,172385,买盘
09:49:31,29.72,-0.01,276,820209,卖盘
09:49:35,29.72,0.0,39,115908,买盘
09:49:37,29.72,0.0,41,121852,买盘
09:49:40,29.71,-0.01,73,216914,卖盘
09:49:42,29.72,0.01,248,736936,买盘
09:49:47,29.72,0.0,64,191581,卖盘
09:49:49,29.72,0.0,428,1272151,卖盘
09:49:52,29.72,0.0,68,200844,卖盘
09:49:55,29.73,0.01,62,184266,买盘
09:49:58,29.72,-0.01,123,365554,中性盘
09:50:01,29.72,0.0,59,175205,买盘
09:50:04,29.72,0.0,89,264508,买盘
09:50:07,29.73,0.01,660,1961637,买盘
09:50:11,29.72,-0.01,299,888628,卖盘
09:50:13,29.72,0.0,245,728276,卖盘
09:50:15,29.73,0.01,99,294187,买盘
09:50:20,29.73,0.0,9,26757,买盘
09:50:22,29.72,-0.01,420,1248359,卖盘
09:50:26,29.73,0.01,121,359618,买盘
09:50:28,29.73,0.0,95,282359,买盘
09:50:31,29.72,-0.01,90,267485,卖盘
09:50:33,29.72,0.0,106,315032,买盘
09:50:36,29.72,0.0,176,523082,买盘
09:50:40,29.73,0.01,111,329988,买盘
09:50:43,29.72,-0.01,31,92132,卖盘
09:50:47,29.73,0.01,24,71213,买盘
09:50:50,29.73,0.0,18,53513,买盘
09:50:51,29.73,0.0,436,1295875,买盘
09:50:55,29.71,-0.02,448,1331361,卖盘
09:50:58,29.72,0.01,61,181322,中性盘
09:51:02,29.73,0.01,404,1199715,买盘
09:51:05,29.72,-0.01,22,65402,卖盘
09:51:06,29.72,0.0,8,23778,卖盘
09:51:10,29.72,0.0,309,918374,卖盘
09:51:12,29.72,0.0,123,366151,卖盘
09:51:16,29.72,0.0,253,750986,买盘
09:51:19,29.72,0.0,95,283342,买盘
09:51:22,29.72,0.0,12,35664,买盘
09:51:25,29.72,0.0,10,29720,买盘
09:51:29,29.72,0.0,120,356616,买盘
09:51:32,29.71,-0.01,132,392224,卖盘
09:51:35,29.71,0.0,34,101014,买盘
09:51:38,29.71,0.0,143,424853,买盘
09:51:40,29.71,0.0,63,186933,买盘
09:51:44,29.7,-0.01,43,127989,卖盘
09:51:47,29.7,0.0,154,457432,卖盘
09:51:50,29.71,0.01,8,23768,买盘
09:51:53,29.71,0.0,461,1369339,买盘
09:51:56,29.7,-0.01,141,418798,卖盘
09:51:59,29.71,0.01,107,317846,买盘
09:52:02,29.7,-0.01,320,950400,卖盘
09:52:05,29.7,0.0,115,341550,买盘
09:52:06,29.7,0.0,64,190080,买盘
09:52:11,29.7,0.0,73,216809,买盘
09:52:14,29.7,0.0,555,1648119,买盘
09:52:16,29.7,0.0,29,85358,卖盘
09:52:20,29.7,0.0,3,8910,卖盘
09:52:23,29.7,0.0,103,305935,卖盘
09:52:26,29.71,0.01,4,11882,买盘
09:52:28,29.7,-0.01,34,100983,卖盘
09:52:31,29.7,0.0,117,348213,卖盘
09:52:33,29.7,0.0,18,53459,买盘
09:52:38,29.7,0.0,127,377177,买盘
09:52:41,29.7,0.0,19,56430,买盘
09:52:42,29.7,0.0,15,44550,买盘
09:52:47,29.69,-0.01,55,164799,卖盘
09:52:48,29.69,0.0,59,175171,卖盘
09:52:53,29.69,0.0,274,812022,卖盘
09:52:56,29.69,0.0,22,65319,买盘
09:52:59,29.69,0.0,29,86101,买盘
09:53:02,29.66,-0.03,325,964451,卖盘
09:53:05,29.68,0.02,21,62328,买盘
09:53:08,29.68,0.0,4,11872,买盘
09:53:11,29.67,-0.01,37,109779,卖盘
09:53:14,29.67,0.0,157,465819,买盘
09:53:17,29.66,-0.01,69,205414,卖盘
09:53:20,29.68,0.02,253,750726,买盘
09:53:23,29.67,-0.01,36,106835,卖盘
09:53:26,29.68,0.01,53,157260,买盘
09:53:29,29.68,0.0,47,139469,买盘
09:53:31,29.67,-0.01,99,293728,卖盘
09:53:35,29.67,0.0,55,163169,买盘
09:53:37,29.67,0.0,33,97904,买盘
09:53:41,29.67,0.0,15,44505,买盘
09:53:44,29.66,-0.01,21,62287,卖盘
09:53:46,29.67,0.01,100,295091,买盘
09:53:50,29.66,-0.01,67,198724,卖盘
09:53:53,29.67,0.01,306,907617,买盘
09:53:56,29.67,0.0,81,240305,买盘
09:53:59,29.67,0.0,252,747490,买盘
09:54:02,29.66,-0.01,62,185876,中性盘
09:54:05,29.66,0.0,34,98902,卖盘
09:54:08,29.67,0.01,34,100874,买盘
09:54:11,29.65,-0.02,297,880635,卖盘
09:54:14,29.67,0.02,12,35601,买盘
09:54:17,29.66,-0.01,730,2165259,卖盘
09:54:19,29.67,0.01,78,231390,买盘
09:54:23,29.66,-0.01,111,329260,卖盘
09:54:26,29.67,0.01,68,201756,买盘
09:54:27,29.67,0.0,424,1258067,买盘
09:54:32,29.67,0.0,379,1125314,卖盘
09:54:35,29.67,0.0,103,305662,卖盘
09:54:38,29.67,0.0,125,370948,卖盘
09:54:41,29.67,0.0,23,68254,卖盘
09:54:44,29.68,0.01,120,356145,买盘
09:54:47,29.67,-0.01,32,95665,卖盘
09:54:49,29.67,0.0,31,91997,卖盘
09:54:53,29.68,0.01,291,863399,买盘
09:54:55,29.68,0.0,48,142460,买盘
09:54:57,29.68,0.0,4,11871,买盘
09:55:02,29.67,-0.01,74,218181,卖盘
09:55:05,29.68,0.01,152,451134,买盘
09:55:08,29.67,-0.01,58,172112,卖盘
09:55:11,29.68,0.01,1269,3766580,买盘
09:55:15,29.7,0.02,95,282102,买盘
09:55:17,29.69,-0.01,70,207699,卖盘
09:55:20,29.7,0.01,55,163350,买盘
09:55:23,29.69,-0.01,145,430636,卖盘
09:55:26,29.7,0.01,59,175203,买盘
09:55:29,29.7,0.0,393,1167184,买盘
09:55:32,29.7,0.0,425,1262140,买盘
09:55:35,29.69,-0.01,83,246299,中性盘
09:55:38,29.69,0.0,52,154431,卖盘
09:55:41,29.7,0.01,12,35639,买盘
09:55:44,29.7,0.0,5,14850,买盘
09:55:47,29.7,0.0,464,1377683,买盘
09:55:49,29.68,-0.02,1234,3662715,卖盘
09:55:53,29.67,-0.01,114,338351,卖盘
09:55:55,29.68,0.01,54,160272,买盘
09:55:59,29.68,0.0,106,314608,买盘
09:56:02,29.67,-0.01,284,842398,卖盘
09:56:05,29.68,0.01,126,373923,买盘
09:56:08,29.68,0.0,180,534037,买盘
09:56:11,29.67,-0.01,141,418392,卖盘
09:56:13,29.67,0.0,238,706146,买盘
09:56:17,29.67,0.0,51,151317,买盘
09:56:20,29.67,0.0,44,132295,买盘
09:56:23,29.67,0.0,137,406379,买盘
09:56:26,29.67,0.0,90,267014,买盘
09:56:29,29.66,-0.01,562,1666719,卖盘
09:56:32,29.67,0.01,208,616938,买盘
09:56:35,29.67,0.0,133,394293,买盘
09:56:38,29.65,-0.02,129,382589,卖盘
09:56:41,29.67,0.02,23,68240,买盘
09:56:44,29.67,0.0,97,287705,买盘
09:56:47,29.65,-0.02,109,323203,卖盘
09:56:50,29.66,0.01,6,17796,买盘
09:56:53,29.65,-0.01,207,613045,卖盘
09:56:56,29.65,0.0,113,335045,买盘
09:56:59,29.65,0.0,213,631545,买盘
09:57:02,29.65,0.0,10,29645,买盘
09:57:04,29.65,0.0,98,291335,买盘
09:57:08,29.65,0.0,79,234235,买盘
09:57:11,29.64,-0.01,1340,3970861,卖盘
09:57:14,29.63,-0.01,116,343701,卖盘
09:57:17,29.64,0.01,52,154051,买盘
09:57:20,29.62,-0.02,509,1506571,卖盘
09:57:23,29.62,0.0,289,856128,买盘
09:57:26,29.62,0.0,84,248751,买盘
09:57:29,29.62,0.0,172,509306,买盘
09:57:32,29.61,-0.01,134,396834,卖盘
09:57:34,29.6,-0.01,1427,4224211,卖盘
09:57:36,29.59,-0.01,232,686750,卖盘
09:57:41,29.6,0.01,65,192395,买盘
09:57:44,29.59,-0.01,52,153879,卖盘
09:57:47,29.58,-0.01,124,366872,卖盘
09:57:50,29.59,0.01,175,518235,买盘
09:57:53,29.59,0.0,308,911380,卖盘
09:57:55,29.6,0.01,147,435075,买盘
09:57:59,29.59,-0.01,224,662836,卖盘
09:58:02,29.59,0.0,397,1174712,买盘
09:58:05,29.59,0.0,176,520722,买盘
09:58:08,29.59,0.0,82,242638,买盘
09:58:11,29.59,0.0,158,467387,买盘
09:58:13,29.59,0.0,364,1076786,买盘
09:58:16,29.59,0.0,63,186363,买盘
09:58:19,29.59,0.0,93,277117,买盘
09:58:23,29.59,0.0,9,26631,买盘
09:58:26,29.59,0.0,30,88770,买盘
09:58:29,29.59,0.0,297,878723,买盘
09:58:31,29.58,-0.01,370,1094536,卖盘
09:58:35,29.59,0.01,247,727715,买盘
09:58:38,29.59,0.0,76,224872,买盘
09:58:41,29.59,0.0,145,429045,买盘
09:58:44,29.58,-0.01,394,1167054,卖盘
09:58:45,29.59,0.01,27,79882,卖盘
09:58:50,29.59,0.0,35,102442,卖盘
09:58:53,29.59,0.0,113,336858,卖盘
09:58:55,29.59,0.0,159,470481,买盘
09:58:59,29.59,0.0,102,301780,买盘
09:59:02,29.59,0.0,81,237193,卖盘
09:59:05,29.6,0.01,26,78241,买盘
09:59:07,29.59,-0.01,15,44395,卖盘
09:59:11,29.6,0.01,19,56238,买盘
09:59:13,29.59,-0.01,293,868167,卖盘
09:59:16,29.59,0.0,78,230802,买盘
09:59:20,29.59,0.0,83,245095,买盘
09:59:23,29.59,0.0,67,197073,买盘
09:59:26,29.59,0.0,160,473476,卖盘
09:59:29,29.6,0.01,15,44400,买盘
09:59:32,29.59,-0.01,189,560471,卖盘
09:59:35,29.59,0.0,58,171622,买盘
09:59:38,29.6,0.01,137,405372,买盘
09:59:41,29.6,0.0,23,68074,买盘
09:59:43,29.59,-0.01,37,109503,卖盘
09:59:47,29.6,0.01,17,50309,买盘
09:59:50,29.6,0.0,93,273971,买盘
09:59:53,29.59,-0.01,621,1838855,卖盘
09:59:56,29.6,0.01,103,304771,买盘
09:59:59,29.6,0.0,111,328516,买盘
10:00:02,29.6,0.0,139,411384,买盘
10:00:05,29.6,0.0,112,329708,买盘
10:00:07,29.6,0.0,85,251600,买盘
10:00:11,29.6,0.0,85,251598,买盘
10:00:14,29.6,0.0,341,1009056,买盘
10:00:17,29.6,0.0,10,29600,卖盘
10:00:20,29.6,0.0,45,133676,卖盘
10:00:23,29.61,0.01,20,59216,买盘
10:00:25,29.6,-0.01,35,103614,卖盘
10:00:29,29.6,0.0,41,121363,卖盘
10:00:32,29.6,0.0,283,837212,卖盘
10:00:35,29.6,0.0,283,837545,买盘
10:00:38,29.61,0.01,43,127059,买盘
10:00:40,29.61,0.0,339,1006086,买盘
10:00:44,29.61,0.0,33,97718,卖盘
10:00:46,29.61,0.0,13,38494,卖盘
10:00:50,29.61,0.0,59,172953,卖盘
10:00:51,29.61,0.0,164,487362,卖盘
10:00:56,29.6,-0.01,169,500307,卖盘
10:00:59,29.61,0.01,122,361229,买盘
10:01:02,29.6,-0.01,60,177629,卖盘
10:01:05,29.6,0.0,427,1262185,卖盘
10:01:07,29.6,0.0,300,890029,卖盘
10:01:11,29.6,0.0,162,479437,买盘
10:01:14,29.59,-0.01,196,580118,卖盘
10:01:17,29.6,0.01,57,168720,买盘
10:01:20,29.59,-0.01,63,184013,卖盘
10:01:23,29.6,0.01,156,461759,买盘
10:01:26,29.6,0.0,105,310779,买盘
10:01:29,29.59,-0.01,255,754707,卖盘
10:01:32,29.6,0.01,322,953801,买盘
10:01:35,29.6,0.0,77,226462,卖盘
10:01:37,29.6,0.0,82,242720,买盘
10:01:40,29.61,0.01,158,467692,买盘
10:01:43,29.61,0.0,23,68103,卖盘
10:01:46,29.6,-0.01,78,230958,卖盘
10:01:50,29.61,0.01,28,82891,买盘
10:01:53,29.6,-0.01,186,550570,卖盘
10:01:56,29.6,0.0,31,91754,买盘
10:01:59,29.6,0.0,96,284136,买盘
10:02:01,29.61,0.01,34,100650,买盘
10:02:05,29.6,-0.01,810,2397783,卖盘
10:02:08,29.6,0.0,72,213141,卖盘
10:02:11,29.6,0.0,116,343377,卖盘
10:02:14,29.6,0.0,65,192371,卖盘
10:02:17,29.6,0.0,41,121360,买盘
10:02:20,29.6,0.0,71,210670,买盘
10:02:23,29.6,0.0,78,230879,买盘
10:02:26,29.6,0.0,55,162782,买盘
10:02:29,29.6,0.0,332,982643,买盘
10:02:31,29.6,0.0,16,47349,买盘
10:02:35,29.59,-0.01,539,1594899,卖盘
10:02:37,29.59,0.0,215,636185,买盘
10:02:41,29.6,0.01,34,100630,买盘
10:02:43,29.58,-0.02,214,633218,卖盘
10:02:47,29.59,0.01,381,1127092,买盘
10:02:50,29.59,0.0,209,619281,买盘
10:02:52,29.59,0.0,339,1002834,卖盘
10:02:55,29.59,0.0,409,1210343,买盘
10:02:58,29.6,0.01,164,485420,买盘
10:03:02,29.61,0.01,135,399725,买盘
10:03:05,29.6,-0.01,79,233595,卖盘
10:03:08,29.6,0.0,178,527151,卖盘
10:03:10,29.6,0.0,56,165760,买盘
10:03:14,29.6,0.0,407,1204354,买盘
10:03:17,29.6,0.0,41,121351,买盘
10:03:20,29.6,0.0,190,560652,买盘
10:03:22,29.61,0.01,57,168739,买盘
10:03:25,29.6,-0.01,144,426268,卖盘
10:03:29,29.61,0.01,57,168768,买盘
10:03:32,29.61,0.0,68,201347,买盘
10:03:35,29.61,0.0,359,1063332,买盘
10:03:37,29.6,-0.01,31,91784,卖盘
10:03:41,29.61,0.01,65,192445,买盘
10:03:43,29.6,-0.01,51,150988,卖盘
10:03:46,29.61,0.01,67,198376,买盘
10:03:50,29.63,0.02,189,559930,买盘
10:03:53,29.61,-0.02,328,970225,卖盘
10:03:56,29.63,0.02,12,35554,买盘
10:03:58,29.63,0.0,3,8889,买盘
10:04:02,29.62,-0.01,45,133334,卖盘
10:04:05,29.63,0.01,48,143139,买盘
10:04:08,29.62,-0.01,40,117757,卖盘
10:04:11,29.64,0.02,25,74072,买盘
10:04:14,29.62,-0.02,89,263649,卖盘
10:04:17,29.62,0.0,49,145138,买盘
10:04:20,29.61,-0.01,188,556651,卖盘
10:04:22,29.62,0.01,39,115505,买盘
10:04:26,29.62,0.0,31,91805,买盘
10:04:28,29.62,0.0,153,453110,买盘
10:04:32,29.62,0.0,93,275459,买盘
10:04:35,29.61,-0.01,383,1134180,卖盘
10:04:38,29.62,0.01,15,46316,买盘
10:04:41,29.63,0.01,20,59244,买盘
10:04:43,29.62,-0.01,989,2932176,卖盘
10:04:47,29.65,0.03,83,246143,中性盘
10:04:50,29.63,-0.02,171,505810,卖盘
10:04:53,29.63,0.0,62,183696,买盘
10:04:56,29.65,0.02,1170,3469505,买盘
10:04:59,29.65,0.0,9,26685,买盘
10:05:02,29.69,0.04,14,41544,买盘
10:05:05,29.67,-0.02,139,412481,卖盘
10:05:08,29.69,0.02,507,1504830,买盘
10:05:11,29.66,-0.03,83,246251,卖盘
10:05:14,29.67,0.01,94,278804,买盘
10:05:16,29.66,-0.01,157,465798,卖盘
10:05:20,29.66,0.0,990,2938014,买盘
10:05:23,29.67,0.01,225,667591,卖盘
10:05:26,29.67,0.0,35,103861,卖盘
10:05:29,29.69,0.02,46,136526,买盘
10:05:32,29.69,0.0,23,68268,买盘
10:05:35,29.68,-0.01,93,275366,卖盘
10:05:38,29.68,0.0,56,166194,买盘
10:05:41,29.68,0.0,40,118709,买盘
10:05:43,29.68,0.0,106,314603,买盘
10:05:47,29.69,0.01,278,823688,买盘
10:05:49,29.68,-0.01,55,165815,卖盘
10:05:52,29.67,-0.01,80,236366,卖盘
10:05:56,29.68,0.01,94,278975,买盘
10:05:59,29.67,-0.01,114,338310,卖盘
10:06:02,29.68,0.01,77,228531,买盘
10:06:04,29.68,0.0,157,466998,买盘
10:06:08,29.67,-0.01,219,649910,卖盘
10:06:11,29.69,0.02,51,151394,买盘
10:06:14,29.67,-0.02,399,1183045,卖盘
10:06:16,29.67,0.0,107,317424,买盘
10:06:20,29.66,-0.01,98,289968,卖盘
10:06:23,29.68,0.02,125,370880,买盘
10:06:26,29.67,-0.01,115,341211,卖盘
10:06:29,29.67,0.0,1010,2998401,卖盘
10:06:32,29.67,0.0,140,415505,买盘
10:06:34,29.66,-0.01,64,189737,卖盘
10:06:38,29.67,0.01,88,261089,买盘
10:06:41,29.67,0.0,77,228446,买盘
10:06:44,29.67,0.0,13,38568,买盘
10:06:47,29.67,0.0,105,311471,买盘
10:06:50,29.67,0.0,72,214351,买盘
10:06:53,29.66,-0.01,1142,3389679,卖盘
10:06:56,29.67,0.01,23,68262,卖盘
10:06:59,29.7,0.03,398,1181434,买盘
10:07:02,29.7,0.0,282,837986,卖盘
10:07:05,29.7,0.0,96,284598,买盘
10:07:07,29.7,0.0,61,181164,买盘
10:07:11,29.7,0.0,25,74228,买盘
10:07:14,29.67,-0.03,57,169152,卖盘
10:07:17,29.69,0.02,187,555180,买盘
10:07:20,29.69,0.0,47,139937,买盘
10:07:23,29.68,-0.01,50,148420,中性盘
10:07:26,29.69,0.01,27,80154,买盘
10:07:29,29.69,0.0,6,17814,买盘
10:07:31,29.68,-0.01,41,121704,卖盘
10:07:35,29.67,-0.01,26,77166,卖盘
10:07:37,29.68,0.01,54,160271,买盘
10:07:41,29.67,-0.01,1009,2995592,卖盘
10:07:43,29.73,0.06,935,2778077,买盘
10:07:47,29.69,-0.04,64,190059,卖盘
10:07:53,29.69,0.0,42,124699,卖盘
10:07:56,29.69,0.0,455,1351654,买盘
10:07:59,29.66,-0.03,1115,3307710,卖盘
10:08:02,29.66,0.0,89,263974,买盘
10:08:05,29.66,0.0,819,2428767,买盘
10:08:07,29.68,0.02,95,281824,买盘
10:08:11,29.68,0.0,62,184000,中性盘
10:08:14,29.66,-0.02,33,97926,卖盘
10:08:17,29.67,0.01,249,738783,买盘
10:08:20,29.67,0.0,381,1130879,买盘
10:08:22,29.66,-0.01,66,195821,卖盘
10:08:25,29.67,0.01,97,287785,买盘
10:08:29,29.67,0.0,107,317469,买盘
10:08:32,29.67,0.0,34,100878,买盘
10:08:35,29.67,0.0,406,1203086,买盘
10:08:37,29.67,0.0,101,299667,卖盘
10:08:41,29.67,0.0,77,228370,卖盘
10:08:44,29.67,0.0,47,139488,卖盘
10:08:47,29.68,0.01,37,109807,买盘
10:08:50,29.67,-0.01,64,190702,卖盘
10:08:53,29.66,-0.01,2363,7010286,卖盘
10:08:56,29.67,0.01,788,2337266,中性盘
10:08:59,29.68,0.01,75,222573,买盘
10:09:02,29.66,-0.02,9,26694,卖盘
10:09:05,29.66,0.0,45,134200,卖盘
10:09:08,29.67,0.01,51,151267,买盘
10:09:11,29.68,0.01,14,41546,买盘
10:09:14,29.66,-0.02,145,430213,卖盘
10:09:17,29.67,0.01,13,38559,买盘
10:09:20,29.66,-0.01,31,91830,卖盘
10:09:23,29.67,0.01,30,89008,买盘
10:09:26,29.67,0.0,142,421222,买盘
10:09:29,29.67,0.0,32,94925,买盘
10:09:32,29.67,0.0,59,175024,买盘
10:09:36,29.65,-0.02,654,1938670,卖盘
10:09:38,29.66,0.01,19,56354,买盘
10:09:40,29.66,0.0,49,145291,买盘
10:09:44,29.66,0.0,7,20762,买盘
10:09:47,29.65,-0.01,31,91925,卖盘
10:09:50,29.65,0.0,136,404277,卖盘
10:09:53,29.65,0.0,385,1141625,卖盘
10:09:56,29.65,0.0,162,479679,卖盘
10:09:58,29.66,0.01,136,403907,买盘
10:10:02,29.64,-0.02,27,80053,卖盘
10:10:04,29.65,0.01,44,130457,买盘
10:10:08,29.65,0.0,52,154207,买盘
10:10:10,29.66,0.01,1,2966,买盘
10:10:14,29.64,-0.02,100,295756,卖盘
10:10:17,29.64,0.0,18,53352,买盘
10:10:20,29.64,0.0,54,160569,买盘
10:10:23,29.64,0.0,36,106704,买盘
10:10:25,29.64,0.0,31,91875,买盘
10:10:29,29.64,0.0,30,88920,买盘
10:10:32,29.63,-0.01,161,477057,卖盘
10:10:35,29.63,0.0,104,307622,卖盘
10:10:38,29.63,0.0,231,684453,买盘
10:10:41,29.63,0.0,19,56297,买盘
10:10:44,29.62,-0.01,337,998352,卖盘
10:10:47,29.63,0.01,33,97766,买盘
10:10:50,29.62,-0.01,96,284367,卖盘
10:10:53,29.62,0.0,89,262913,卖盘
10:10:56,29.62,0.0,96,284312,买盘
10:10:59,29.62,0.0,99,293228,买盘
10:11:02,29.61,-0.01,34,100704,卖盘
10:11:04,29.61,0.0,75,223101,卖盘
10:11:08,29.61,0.0,130,385033,卖盘
10:11:11,29.62,0.01,87,257690,买盘
10:11:13,29.61,-0.01,348,1030466,卖盘
10:11:17,29.61,0.0,66,195452,卖盘
10:11:19,29.62,0.01,65,191075,买盘
10:11:23,29.62,0.0,61,180669,买盘
10:11:26,29.62,0.0,310,918070,买盘
10:11:28,29.62,0.0,102,302110,买盘
10:11:32,29.62,0.0,73,216184,买盘
10:11:35,29.61,-0.01,167,494481,卖盘
10:11:37,29.61,0.0,68,201348,买盘
10:11:41,29.62,0.01,269,796926,买盘
10:11:44,29.62,0.0,89,263018,买盘
10:11:47,29.62,0.0,169,501672,卖盘
10:11:50,29.64,0.02,60,177760,买盘
10:11:53,29.62,-0.02,195,577293,卖盘
10:11:55,29.62,0.0,126,373212,买盘
10:11:59,29.62,0.0,40,120198,买盘
10:12:02,29.62,0.0,65,190824,卖盘
10:12:04,29.64,0.02,105,312937,买盘
10:12:08,29.62,-0.02,96,283938,卖盘
10:12:11,29.62,0.0,3,8886,卖盘
10:12:14,29.62,0.0,126,371918,卖盘
10:12:16,29.61,-0.01,88,260579,卖盘
10:12:20,29.61,0.0,203,601090,卖盘
10:12:23,29.62,0.01,44,131186,买盘
10:12:26,29.61,-0.01,29,85879,卖盘
10:12:29,29.62,0.01,49,145138,买盘
10:12:32,29.61,-0.01,10,29617,卖盘
10:12:34,29.62,0.01,339,1003814,买盘
10:12:38,29.61,-0.01,25,72930,卖盘
10:12:41,29.61,0.0,41,121401,买盘
10:12:44,29.6,-0.01,131,387776,卖盘
10:12:47,29.61,0.01,64,189482,买盘
10:12:50,29.61,0.0,15,44415,买盘
10:12:53,29.6,-0.01,451,1334485,卖盘
10:12:56,29.61,0.01,74,219091,买盘
10:12:59,29.61,0.0,92,272339,买盘
10:13:02,29.6,-0.01,147,435237,卖盘
10:13:05,29.6,0.0,88,260522,卖盘
10:13:08,29.62,0.02,94,278265,买盘
10:13:11,29.61,-0.01,45,133248,卖盘
10:13:13,29.61,0.0,579,1713905,买盘
10:13:17,29.61,0.0,77,227956,买盘
10:13:20,29.6,-0.01,70,207208,卖盘
10:13:23,29.6,0.0,49,146816,卖盘
10:13:25,29.6,0.0,64,189443,卖盘
10:13:29,29.61,0.01,10,29609,买盘
10:13:32,29.6,-0.01,225,666008,卖盘
10:13:35,29.6,0.0,73,214964,卖盘
10:13:38,29.59,-0.01,457,1352637,卖盘
10:13:41,29.59,0.0,116,343286,卖盘
10:13:44,29.6,0.01,103,304793,买盘
10:13:47,29.59,-0.01,38,112450,卖盘
10:13:50,29.59,0.0,43,127263,卖盘
10:13:53,29.59,0.0,366,1083014,卖盘
10:13:55,29.59,0.0,106,313692,卖盘
10:13:58,29.59,0.0,139,411355,卖盘
10:14:02,29.6,0.01,303,896674,买盘
10:14:04,29.59,-0.01,28,82854,中性盘
10:14:08,29.57,-0.02,3296,9748170,卖盘
10:14:11,29.57,0.0,80,236560,买盘
10:14:14,29.57,0.0,469,1386492,买盘
10:14:17,29.57,0.0,44,130091,买盘
10:14:20,29.57,0.0,155,458335,买盘
10:14:23,29.57,0.0,422,1248546,买盘
10:14:26,29.57,0.0,125,369588,买盘
10:14:29,29.57,0.0,17,50262,买盘
10:14:32,29.57,0.0,160,473090,买盘
10:14:35,29.57,0.0,518,1531428,买盘
10:14:38,29.57,0.0,203,600571,买盘
10:14:41,29.56,-0.01,202,597162,卖盘
10:14:43,29.58,0.02,270,798273,买盘
10:14:46,29.59,0.01,63,186326,买盘
10:14:49,29.57,-0.02,99,292755,卖盘
10:14:53,29.57,0.0,329,973034,卖盘
10:14:56,29.59,0.02,36,106499,买盘
10:14:59,29.58,-0.01,8,23657,中性盘
10:15:02,29.57,-0.01,266,786635,卖盘
10:15:05,29.57,0.0,79,233595,买盘
10:15:07,29.57,0.0,66,195497,买盘
10:15:11,29.57,0.0,80,236550,买盘
10:15:14,29.57,0.0,468,1383592,买盘
10:15:17,29.57,0.0,197,582467,买盘
10:15:20,29.57,0.0,37,109410,买盘
10:15:23,29.56,-0.01,193,568313,卖盘
10:15:26,29.57,0.01,117,345999,卖盘
10:15:29,29.58,0.01,110,325298,买盘
10:15:32,29.58,0.0,233,689175,买盘
10:15:35,29.57,-0.01,310,916680,卖盘
10:15:38,29.58,0.01,90,267084,买盘
10:15:41,29.59,0.01,36,106510,买盘
10:15:44,29.58,-0.01,150,443726,卖盘
10:15:47,29.59,0.01,47,139050,中性盘
10:15:50,29.6,0.01,47,139101,买盘
10:15:53,29.6,0.0,42,125945,买盘
10:15:56,29.59,-0.01,119,350467,卖盘
10:15:59,29.59,0.0,69,204171,买盘
10:16:02,29.58,-0.01,71,210066,卖盘
10:16:05,29.58,0.0,157,464422,卖盘
10:16:08,29.59,0.01,75,222612,买盘
10:16:10,29.59,0.0,56,165704,买盘
10:16:13,29.59,0.0,155,458497,买盘
10:16:17,29.59,0.0,32,94667,买盘
10:16:20,29.59,0.0,184,543145,买盘
10:16:23,29.58,-0.01,275,813310,卖盘
10:16:26,29.59,0.01,15,44386,卖盘
10:16:29,29.59,0.0,23,68063,卖盘
10:16:31,29.59,0.0,17,50315,卖盘
10:16:35,29.59,0.0,48,142062,卖盘
10:16:37,29.59,0.0,26,78888,卖盘
10:16:41,29.59,0.0,116,343344,卖盘
10:16:44,29.59,0.0,152,447856,卖盘
10:16:47,29.59,0.0,22,65098,买盘
10:16:49,29.58,-0.01,80,236716,卖盘
10:16:53,29.59,0.01,71,210026,买盘
10:16:56,29.6,0.01,329,973260,买盘
10:16:58,29.58,-0.02,136,402488,卖盘
10:17:02,29.59,0.01,89,263418,卖盘
10:17:05,29.6,0.01,187,553309,买盘
10:17:08,29.59,-0.01,53,156838,卖盘
10:17:11,29.59,0.0,8,23672,买盘
10:17:13,29.58,-0.01,256,758379,卖盘
10:17:17,29.58,0.0,165,487048,买盘
10:17:19,29.59,0.01,20,59180,买盘
10:17:23,29.58,-0.01,50,148973,卖盘
10:17:26,29.58,0.0,110,325380,买盘
10:17:29,29.58,0.0,57,168594,买盘
10:17:32,29.58,0.0,28,82824,买盘
10:17:35,29.59,0.01,393,1162259,买盘
10:17:38,29.58,-0.01,80,236522,卖盘
10:17:41,29.59,0.01,9,26631,买盘
10:17:44,29.58,-0.01,157,464407,卖盘
10:17:47,29.59,0.01,67,198220,买盘
10:17:49,29.59,0.0,67,198235,买盘
10:17:53,29.59,0.0,27,78861,买盘
10:17:56,29.58,-0.01,173,512858,卖盘
10:17:59,29.58,0.0,51,150858,买盘
10:18:02,29.58,0.0,43,127190,买盘
10:18:05,29.58,0.0,185,547083,买盘
10:18:08,29.58,0.0,76,224624,买盘
10:18:11,29.58,0.0,68,201144,买盘
10:18:14,29.58,0.0,330,975849,买盘
10:18:17,29.57,-0.01,1009,2983192,卖盘
10:18:19,29.56,-0.01,72,212899,卖盘
10:18:22,29.57,0.01,342,1011709,买盘
10:18:25,29.57,0.0,274,810153,买盘
10:18:29,29.58,0.01,67,198147,买盘
10:18:32,29.57,-0.01,28,82799,中性盘
10:18:35,29.58,0.01,286,845499,买盘
10:18:38,29.58,0.0,96,283892,买盘
10:18:40,29.57,-0.01,5,14785,中性盘
10:18:44,29.58,0.01,203,600224,买盘
10:18:47,29.56,-0.02,9,26610,卖盘
10:18:49,29.58,0.02,35,103505,买盘
10:18:52,29.56,-0.02,69,206042,卖盘
10:18:56,29.58,0.02,92,271989,买盘
10:18:58,29.57,-0.01,10,29574,卖盘
10:19:01,29.57,0.0,115,340014,卖盘
10:19:05,29.57,0.0,53,156721,卖盘
10:19:08,29.57,0.0,24,70968,买盘
10:19:11,29.57,0.0,10,29570,买盘
10:19:14,29.56,-0.01,90,266064,卖盘
10:19:17,29.57,0.01,26,76857,买盘
10:19:19,29.57,0.0,24,70968,买盘
10:19:22,29.57,0.0,188,553317,买盘
10:19:26,29.56,-0.01,92,272028,卖盘
10:19:29,29.56,0.0,163,481884,卖盘
10:19:32,29.57,0.01,72,212869,买盘
10:19:35,29.57,0.0,66,195125,买盘
10:19:37,29.56,-0.01,100,296723,卖盘
10:19:40,29.56,0.0,173,511439,卖盘
10:19:44,29.57,0.01,221,653322,买盘
10:19:47,29.57,0.0,73,215821,买盘
10:19:50,29.56,-0.01,50,147845,卖盘
10:19:52,29.56,0.0,81,239178,卖盘
10:19:56,29.56,0.0,32,94592,卖盘
10:19:58,29.56,0.0,226,668084,卖盘
10:20:02,29.56,0.0,142,419785,卖盘
10:20:05,29.57,0.01,231,682862,买盘
10:20:08,29.56,-0.01,114,336980,卖盘
10:20:11,29.57,0.01,47,140472,买盘
10:20:14,29.57,0.0,34,100509,买盘
10:20:17,29.57,0.0,25,73910,买盘
10:20:20,29.56,-0.01,126,372457,卖盘
10:20:23,29.56,0.0,174,512819,卖盘
10:20:26,29.56,0.0,29,85724,买盘
10:20:29,29.56,0.0,41,121174,买盘
10:20:31,29.56,0.0,73,215760,买盘
10:20:35,29.56,0.0,128,378345,买盘
10:20:38,29.55,-0.01,84,249119,卖盘
10:20:40,29.56,0.01,61,180297,买盘
10:20:44,29.55,-0.01,346,1022592,卖盘
10:20:47,29.55,0.0,59,174349,卖盘
10:20:50,29.56,0.01,38,112328,买盘
10:20:53,29.56,0.0,87,256209,买盘
10:20:56,29.56,0.0,60,177376,卖盘
10:20:59,29.55,-0.01,140,413788,卖盘
10:21:02,29.57,0.02,394,1165001,买盘
10:21:05,29.56,-0.01,98,289690,卖盘
10:21:08,29.56,0.0,85,251192,买盘
10:21:11,29.55,-0.01,22,65134,卖盘
10:21:14,29.56,0.01,14,41384,买盘
10:21:17,29.56,0.0,73,215769,买盘
10:21:20,29.55,-0.01,154,455193,卖盘
10:21:23,29.56,0.01,206,607925,买盘
10:21:26,29.56,0.0,76,224637,买盘
10:21:28,29.56,0.0,37,109343,买盘
10:21:32,29.55,-0.01,91,268931,卖盘
10:21:36,29.55,0.0,145,428510,卖盘
10:21:38,29.56,0.01,248,733819,买盘
10:21:41,29.56,0.0,36,106389,买盘
10:21:44,29.56,0.0,231,682662,买盘
10:21:47,29.55,-0.01,94,277827,卖盘
10:21:50,29.55,0.0,30,88667,卖盘
10:21:53,29.55,0.0,60,178745,卖盘
10:21:56,29.55,0.0,151,446325,卖盘
10:21:58,29.55,0.0,64,189161,卖盘
10:22:02,29.56,0.01,122,360546,买盘
10:22:05,29.55,-0.01,164,484627,卖盘
10:22:08,29.55,0.0,160,472364,卖盘
10:22:11,29.56,0.01,101,298539,买盘
10:22:14,29.55,-0.01,67,198047,卖盘
10:22:17,29.56,0.01,112,331067,买盘
10:22:20,29.56,0.0,66,195079,买盘
10:22:22,29.56,0.0,70,205740,买盘
10:22:25,29.56,0.0,92,271963,卖盘
10:22:29,29.57,0.01,58,171485,买盘
10:22:32,29.58,0.01,66,194165,买盘
10:22:35,29.57,-0.01,6,17743,卖盘
10:22:37,29.58,0.01,153,452399,买盘
10:22:41,29.58,0.0,48,142215,买盘
10:22:44,29.58,0.0,22,65074,买盘
10:22:47,29.58,0.0,49,144925,买盘
10:22:49,29.58,0.0,95,280931,买盘
10:22:52,29.58,0.0,51,150827,买盘
10:22:56,29.58,0.0,57,169693,买盘
10:22:58,29.58,0.0,22,65061,买盘
10:23:01,29.58,0.0,142,421181,买盘
10:23:04,29.58,0.0,57,168547,买盘
10:23:07,29.58,0.0,39,115342,买盘
10:23:11,29.58,0.0,175,515199,买盘
10:23:14,29.58,0.0,32,94656,卖盘
10:23:17,29.56,-0.02,29,85770,卖盘
10:23:20,29.58,0.02,13,38454,卖盘
10:23:22,29.59,0.01,11,32549,买盘
10:23:26,29.58,-0.01,63,186390,卖盘
10:23:29,29.59,0.01,21,62127,买盘
10:23:32,29.58,-0.01,41,121265,买盘
10:23:35,29.58,0.0,135,399261,买盘
10:23:38,29.58,0.0,46,136042,买盘
10:23:41,29.58,0.0,105,312019,买盘
10:23:43,29.59,0.01,21,62121,买盘
10:23:47,29.58,-0.01,56,165679,卖盘
10:23:50,29.59,0.01,37,109452,买盘
10:23:52,29.58,-0.01,76,224815,卖盘
10:23:56,29.58,0.0,221,654362,卖盘
10:23:59,29.58,0.0,94,278062,卖盘
10:24:01,29.59,0.01,73,215975,买盘
10:24:05,29.58,-0.01,19,56211,卖盘
10:24:08,29.58,0.0,26,76909,卖盘
10:24:11,29.59,0.01,34,99102,买盘
10:24:14,29.58,-0.01,49,144957,卖盘
10:24:17,29.59,0.01,140,414191,买盘
10:24:20,29.58,-0.01,13,38455,卖盘
10:24:23,29.58,0.0,12,35496,卖盘
10:24:26,29.59,0.01,33,99214,买盘
10:24:29,29.59,0.0,24,71002,买盘
10:24:32,29.58,-0.01,49,144951,卖盘
10:24:35,29.59,0.01,62,183458,买盘
10:24:38,29.58,-0.01,17,50288,卖盘
10:24:41,29.59,0.01,57,168434,买盘
10:24:44,29.59,0.0,79,233706,买盘
10:24:46,29.58,-0.01,39,115369,卖盘
10:24:49,29.6,0.02,239,707246,买盘
10:24:52,29.6,0.0,30,88786,买盘
10:24:55,29.6,0.0,58,170554,买盘
10:24:59,29.6,0.0,27,79900,买盘
10:25:02,29.59,-0.01,12,35508,卖盘
10:25:04,29.6,0.01,11,32559,买盘
10:25:08,29.59,-0.01,61,180499,卖盘
10:25:11,29.59,0.0,17,50303,买盘
10:25:14,29.59,0.0,10,29590,买盘
10:25:17,29.59,0.0,67,198227,买盘
10:25:20,29.59,0.0,105,310694,买盘
10:25:23,29.58,-0.01,54,159762,卖盘
10:25:26,29.59,0.01,58,172952,买盘
10:25:29,29.58,-0.01,48,142007,卖盘
10:25:32,29.59,0.01,79,233761,买盘
10:25:34,29.58,-0.01,32,94663,卖盘
10:25:38,29.58,0.0,15,44370,卖盘
10:25:41,29.58,0.0,68,201100,卖盘
10:25:44,29.58,0.0,17,50288,卖盘
10:25:47,29.58,0.0,55,162713,卖盘
10:25:50,29.59,0.01,56,165704,买盘
10:25:52,29.59,0.0,31,91710,买盘
10:25:56,29.58,-0.01,80,234563,卖盘
10:25:59,29.58,0.0,96,284025,卖盘
10:26:02,29.59,0.01,16,47343,买盘
10:26:05,29.58,-0.01,179,529514,卖盘
10:26:07,29.58,0.0,54,159744,卖盘
10:26:11,29.59,0.01,29,87860,买盘
10:26:14,29.57,-0.02,77,227579,卖盘
10:26:17,29.58,0.01,18,53258,买盘
10:26:20,29.58,0.0,33,97608,买盘
10:26:23,29.58,0.0,6,17748,买盘
10:26:26,29.58,0.0,31,89894,买盘
10:26:29,29.58,0.0,79,233668,买盘
10:26:32,29.58,0.0,401,1185838,买盘
10:26:35,29.59,0.01,96,283931,买盘
10:26:38,29.58,-0.01,53,156758,中性盘
10:26:41,29.58,0.0,48,142713,买盘
10:26:43,29.58,0.0,26,76891,买盘
10:26:47,29.57,-0.01,49,144929,卖盘
10:26:49,29.59,0.02,24,70994,买盘
10:26:53,29.59,0.0,25,73956,买盘
10:26:56,29.58,-0.01,54,159761,卖盘
10:26:59,29.59,0.01,68,201138,买盘
10:27:02,29.58,-0.01,34,100588,买盘
10:27:05,29.57,-0.01,259,765456,卖盘
10:27:08,29.57,0.0,47,138952,买盘
10:27:10,29.57,0.0,36,105656,买盘
10:27:14,29.57,0.0,44,130108,买盘
10:27:16,29.56,-0.01,46,135996,卖盘
10:27:19,29.57,0.01,40,118275,买盘
10:27:22,29.57,0.0,20,59128,买盘
10:27:26,29.57,0.0,41,121801,买盘
10:27:29,29.57,0.0,463,1368988,买盘
10:27:32,29.57,0.0,145,428660,买盘
10:27:34,29.56,-0.01,45,133059,卖盘
10:27:38,29.56,0.0,91,269024,卖盘
10:27:41,29.57,0.01,58,170833,买盘
10:27:44,29.56,-0.01,22,67427,卖盘
10:27:47,29.56,0.0,63,186263,卖盘
10:27:50,29.57,0.01,20,59140,买盘
10:27:53,29.56,-0.01,99,292662,卖盘
10:27:56,29.56,0.0,56,163481,卖盘
10:27:59,29.56,0.0,22,65036,卖盘
10:28:02,29.56,0.0,41,121214,卖盘
10:28:05,29.57,0.01,50,147819,买盘
10:28:07,29.57,0.0,130,384394,买盘
10:28:11,29.57,0.0,145,430339,买盘
10:28:13,29.57,0.0,214,632663,买盘
10:28:17,29.57,0.0,119,351869,买盘
10:28:20,29.57,0.0,19,56182,买盘
10:28:23,29.57,0.0,22,65050,买盘
10:28:26,29.56,-0.01,54,157881,卖盘
10:28:29,29.57,0.01,158,467609,买盘
10:28:32,29.57,0.0,35,103495,卖盘
10:28:35,29.58,0.01,105,310519,买盘
10:28:38,29.57,-0.01,71,209928,中性盘
10:28:41,29.57,0.0,42,124726,买盘
10:28:44,29.57,0.0,14,41399,卖盘
10:28:47,29.58,0.01,53,156735,买盘
10:28:52,29.58,0.0,45,133104,买盘
10:28:56,29.58,0.0,31,91936,卖盘
10:28:59,29.58,0.0,29,85782,卖盘
10:29:02,29.58,0.0,186,550373,卖盘
10:29:05,29.59,0.01,6,17754,中性盘
10:29:08,29.58,-0.01,19,56221,卖盘
10:29:11,29.58,0.0,33,97614,卖盘
10:29:14,29.59,0.01,25,73960,买盘
10:29:17,29.59,0.0,32,94670,买盘
10:29:19,29.59,0.0,7,20713,买盘
10:29:23,29.58,-0.01,13,38454,卖盘
10:29:26,29.59,0.01,32,95200,买盘
10:29:29,29.59,0.0,26,76919,买盘
10:29:32,29.58,-0.01,82,242577,卖盘
10:29:35,29.59,0.01,26,76931,买盘
10:29:37,29.59,0.0,33,97628,买盘
10:29:41,29.58,-0.01,49,144686,卖盘
10:29:44,29.58,0.0,28,82827,卖盘
10:29:47,29.58,0.0,196,579930,卖盘
10:29:49,29.59,0.01,40,118354,买盘
10:29:53,29.6,0.01,111,328446,买盘
10:29:56,29.59,-0.01,31,91113,卖盘
10:29:59,29.59,0.0,99,292915,买盘
10:30:02,29.59,0.0,89,263351,买盘
10:30:05,29.59,0.0,110,325432,买盘
10:30:08,29.59,0.0,39,115387,买盘
10:30:11,29.59,0.0,42,125588,买盘
10:30:14,29.58,-0.01,64,189352,卖盘
10:30:17,29.59,0.01,20,59180,买盘
10:30:19,29.59,0.0,40,118345,买盘
10:30:23,29.59,0.0,43,127237,买盘
10:30:26,29.59,0.0,48,141002,买盘
10:30:29,29.58,-0.01,79,233732,卖盘
10:30:32,29.59,0.01,10,29590,买盘
10:30:35,29.59,0.0,20,59172,买盘
10:30:38,29.58,-0.01,48,142018,卖盘
10:30:41,29.59,0.01,52,152366,买盘
10:30:44,29.59,0.0,26,76934,买盘
10:30:47,29.58,-0.01,190,562043,卖盘
10:30:49,29.59,0.01,79,233731,买盘
10:30:53,29.58,-0.01,11,32547,卖盘
10:30:56,29.59,0.01,85,252345,买盘
10:30:59,29.59,0.0,60,177540,卖盘
10:31:02,29.6,0.01,29,85818,买盘
10:31:08,29.59,-0.01,10,29592,卖盘
10:31:11,29.59,0.0,73,216405,卖盘
10:31:14,29.6,0.01,4,11837,买盘
10:31:17,29.6,0.0,43,127280,买盘
10:31:20,29.6,0.0,45,133186,买盘
10:31:22,29.59,-0.01,11,32552,卖盘
10:31:25,29.59,0.0,159,470556,卖盘
10:31:28,29.6,0.01,33,97655,买盘
10:31:32,29.6,0.0,140,413423,买盘
10:31:34,29.6,0.0,16,47360,卖盘
10:31:38,29.6,0.0,31,91771,卖盘
10:31:41,29.6,0.0,87,258497,卖盘
10:31:44,29.6,0.0,34,101174,买盘
10:31:47,29.6,0.0,97,286588,卖盘
10:31:50,29.6,0.0,40,118400,买盘
10:31:52,29.6,0.0,24,71028,买盘
10:31:56,29.59,-0.01,123,363976,卖盘
10:31:59,29.6,0.01,48,141394,买盘
10:32:02,29.6,0.0,16,47360,买盘
10:32:05,29.59,-0.01,8,23675,卖盘
10:32:07,29.59,0.0,45,133185,卖盘
10:32:11,29.6,0.01,51,150960,买盘
10:32:14,29.6,0.0,28,84633,买盘
10:32:17,29.59,-0.01,45,133176,卖盘
10:32:19,29.6,0.01,24,71026,买盘
10:32:23,29.6,0.0,20,59200,买盘
10:32:26,29.6,0.0,165,488932,买盘
10:32:29,29.6,0.0,88,259100,卖盘
10:32:32,29.6,0.0,4,11840,买盘
10:32:35,29.6,0.0,5,14800,买盘
10:32:37,29.6,0.0,8,23680,买盘
10:32:41,29.6,0.0,30,88800,买盘
10:32:43,29.61,0.01,110,324911,买盘
10:32:47,29.6,-0.01,60,177600,卖盘
10:32:49,29.6,0.0,45,133220,买盘
10:32:52,29.61,0.01,58,171644,买盘
10:32:56,29.61,0.0,10,29607,买盘
10:32:59,29.61,0.0,63,187812,买盘
10:33:01,29.61,0.0,140,414539,买盘
10:33:05,29.61,0.0,28,82915,卖盘
10:33:07,29.62,0.01,98,290147,买盘
10:33:11,29.62,0.0,130,385045,买盘
10:33:14,29.62,0.0,164,483942,卖盘
10:33:16,29.63,0.01,135,399873,买盘
10:33:22,29.63,0.0,46,136284,买盘
10:33:26,29.63,0.0,36,106648,买盘
10:33:28,29.63,0.0,51,151681,买盘
10:33:32,29.63,0.0,15,44435,买盘
10:33:38,29.64,0.01,3,8892,买盘
10:33:41,29.63,-0.01,14,41491,卖盘
10:33:43,29.65,0.02,78,230590,买盘
10:33:47,29.64,-0.01,37,109654,买盘
10:33:50,29.65,0.01,50,148227,买盘
10:33:53,29.64,-0.01,64,189750,卖盘
10:33:56,29.65,0.01,38,112642,买盘
10:33:59,29.65,0.0,72,214215,买盘
10:34:01,29.65,0.0,29,85985,买盘
10:34:05,29.64,-0.01,185,547605,卖盘
10:34:08,29.65,0.01,52,154157,卖盘
10:34:11,29.65,0.0,42,124524,买盘
10:34:14,29.64,-0.01,38,112618,卖盘
10:34:17,29.65,0.01,218,646195,买盘
10:34:19,29.65,0.0,5,14825,买盘
10:34:23,29.64,-0.01,28,82986,卖盘
10:34:26,29.63,-0.01,195,577815,卖盘
10:34:28,29.64,0.01,29,86524,中性盘
10:34:32,29.63,-0.01,47,139262,卖盘
10:34:35,29.63,0.0,50,148139,买盘
10:34:38,29.63,0.0,11,32593,买盘
10:34:40,29.63,0.0,54,159994,买盘
10:34:44,29.63,0.0,125,372132,买盘
10:34:46,29.64,0.01,74,219219,买盘
10:34:50,29.62,-0.02,21,62210,卖盘
10:34:53,29.63,0.01,8,23704,中性盘
10:34:56,29.62,-0.01,63,186689,卖盘
10:34:59,29.63,0.01,36,105897,中性盘
10:35:02,29.63,0.0,4,11852,卖盘
10:35:05,29.64,0.01,21,62232,买盘
10:35:08,29.63,-0.01,73,217075,卖盘
10:35:11,29.64,0.01,31,91078,买盘
10:35:14,29.62,-0.02,96,285381,卖盘
10:35:17,29.63,0.01,57,168903,卖盘
10:35:20,29.64,0.01,5,14820,买盘
10:35:23,29.64,0.0,87,257782,买盘
10:35:26,29.64,0.0,33,97799,买盘
10:35:29,29.64,0.0,33,95181,买盘
10:35:32,29.63,-0.01,212,628032,卖盘
10:35:35,29.64,0.01,20,59271,买盘
10:35:38,29.63,-0.01,86,254873,卖盘
10:35:41,29.63,0.0,27,80001,买盘
10:35:44,29.63,0.0,87,259838,买盘
10:35:47,29.62,-0.01,72,213027,卖盘
10:35:50,29.62,0.0,91,269494,买盘
10:35:53,29.61,-0.01,16,47382,卖盘
10:35:56,29.61,0.0,55,162872,卖盘
10:35:58,29.61,0.0,183,541918,卖盘
10:36:02,29.6,-0.01,93,275348,卖盘
10:36:05,29.6,0.0,13,38483,卖盘
10:36:08,29.61,0.01,17,50337,买盘
10:36:11,29.61,0.0,46,136178,买盘
10:36:14,29.6,-0.01,187,553059,卖盘
10:36:16,29.6,0.0,32,94726,卖盘
10:36:20,29.61,0.01,94,278284,买盘
10:36:23,29.61,0.0,59,174667,买盘
10:36:26,29.6,-0.01,17,50320,卖盘
10:36:29,29.6,0.0,56,166475,卖盘
10:36:31,29.6,0.0,58,171683,卖盘
10:36:35,29.6,0.0,255,754800,卖盘
10:36:38,29.6,0.0,130,383262,卖盘
10:36:41,29.6,0.0,42,124320,买盘
10:36:43,29.6,0.0,55,164541,买盘
10:36:47,29.6,0.0,105,310800,买盘
10:36:50,29.6,0.0,27,79920,买盘
10:36:52,29.6,0.0,23,68079,买盘
10:36:55,29.59,-0.01,219,646814,卖盘
10:36:59,29.61,0.02,32,95406,买盘
10:37:01,29.6,-0.01,20,59189,中性盘
10:37:05,29.6,0.0,31,91760,买盘
10:37:07,29.6,0.0,36,106582,买盘
10:37:11,29.6,0.0,39,115440,卖盘
10:37:13,29.6,0.0,72,213100,买盘
10:37:16,29.6,0.0,50,148000,买盘
10:37:20,29.6,0.0,53,156858,买盘
10:37:23,29.6,0.0,13,38480,买盘
10:37:25,29.6,0.0,73,216068,买盘
10:37:28,29.6,0.0,175,516080,买盘
10:37:32,29.6,0.0,27,80745,卖盘
10:37:35,29.6,0.0,46,136137,买盘
10:37:38,29.6,0.0,29,85840,买盘
10:37:41,29.61,0.01,212,627599,买盘
10:37:44,29.6,-0.01,143,423712,卖盘
10:37:47,29.6,0.0,147,434588,卖盘
10:37:50,29.59,-0.01,57,168713,卖盘
10:37:53,29.59,0.0,31,91756,卖盘
10:37:56,29.6,0.01,16,47359,买盘
10:37:59,29.6,0.0,286,847128,买盘
10:38:02,29.59,-0.01,52,153869,卖盘
10:38:05,29.6,0.01,127,375920,买盘
10:38:08,29.59,-0.01,21,62153,卖盘
10:38:11,29.6,0.01,57,168716,买盘
10:38:14,29.6,0.0,55,163417,买盘
10:38:17,29.6,0.0,95,281188,买盘
10:38:19,29.6,0.0,20,59200,买盘
10:38:22,29.6,0.0,241,713270,买盘
10:38:26,29.6,0.0,6,18293,买盘
10:38:28,29.6,0.0,24,70153,卖盘
10:38:32,29.6,0.0,14,41440,卖盘
10:38:35,29.6,0.0,13,38480,卖盘
10:38:38,29.6,0.0,2,5920,卖盘
10:38:40,29.6,0.0,177,523920,卖盘
10:38:44,29.6,0.0,65,191989,卖盘
10:38:47,29.61,0.01,20,59204,买盘
10:38:49,29.61,0.0,14,41454,买盘
10:38:52,29.6,-0.01,6,17763,卖盘
10:38:56,29.61,0.01,5,14805,买盘
10:38:59,29.59,-0.02,223,660838,卖盘
10:39:02,29.6,0.01,62,183520,买盘
10:39:05,29.59,-0.01,31,91755,卖盘
10:39:07,29.6,0.01,90,266327,买盘
10:39:11,29.59,-0.01,50,147981,卖盘
10:39:13,29.59,0.0,120,354931,卖盘
10:39:20,29.59,0.0,503,1487376,卖盘
10:39:23,29.59,0.0,82,242610,买盘
10:39:26,29.58,-0.01,19,56202,卖盘
10:39:29,29.58,0.0,73,216207,卖盘
10:39:32,29.59,0.01,19,56221,买盘
10:39:35,29.59,0.0,103,304700,买盘
10:39:38,29.59,0.0,54,159755,买盘
10:39:41,29.58,-0.01,438,1296877,卖盘
10:39:44,29.58,0.0,159,470354,买盘
10:39:47,29.58,0.0,28,82819,买盘
10:39:50,29.58,0.0,213,628130,买盘
10:39:53,29.59,0.01,95,280963,买盘
10:39:56,29.59,0.0,11,32545,买盘
10:39:59,29.58,-0.01,31,92535,卖盘
10:40:02,29.58,0.0,138,408253,卖盘
10:40:05,29.59,0.01,16,47334,买盘
10:40:08,29.58,-0.01,3,8874,卖盘
10:40:11,29.58,0.0,12,35502,卖盘
10:40:14,29.58,0.0,25,75284,卖盘
10:40:17,29.58,0.0,101,298762,卖盘
10:40:20,29.58,0.0,159,470405,卖盘
10:40:23,29.58,0.0,463,1369637,卖盘
10:40:26,29.59,0.01,285,843315,买盘
10:40:29,29.58,-0.01,23,67383,卖盘
10:40:32,29.6,0.02,218,645204,买盘
10:40:35,29.59,-0.01,3,8879,卖盘
10:40:37,29.6,0.01,11,32550,买盘
10:40:41,29.59,-0.01,132,390663,卖盘
10:40:44,29.59,0.0,161,476360,卖盘
10:40:47,29.6,0.01,54,159810,买盘
10:40:50,29.6,0.0,144,426108,买盘
10:40:53,29.6,0.0,13,38480,买盘
10:40:56,29.6,0.0,26,76945,买盘
10:40:59,29.6,0.0,83,246365,买盘
10:41:02,29.59,-0.01,182,537831,卖盘
10:41:05,29.59,0.0,36,106524,买盘
10:41:08,29.59,0.0,26,76934,买盘
10:41:10,29.59,0.0,79,233760,买盘
10:41:14,29.58,-0.01,31,91825,卖盘
10:41:17,29.59,0.01,538,1591442,买盘
10:41:20,29.59,0.0,2,5918,买盘
10:41:23,29.58,-0.01,34,100598,卖盘
10:41:26,29.58,0.0,15,44380,卖盘
10:41:29,29.58,0.0,25,72471,卖盘
10:41:32,29.59,0.01,3,8877,买盘
10:41:35,29.59,0.0,12,35508,买盘
10:41:38,29.58,-0.01,4,11832,卖盘
10:41:41,29.58,0.0,11,32538,卖盘
10:41:44,29.58,0.0,65,191703,卖盘
10:41:46,29.58,0.0,80,236646,卖盘
10:41:50,29.59,0.01,100,295817,买盘
10:41:53,29.59,0.0,12,35505,买盘
10:41:56,29.59,0.0,40,118346,买盘
10:41:58,29.59,0.0,85,251505,买盘
10:42:02,29.59,0.0,206,611407,买盘
10:42:05,29.59,0.0,119,352113,买盘
10:42:08,29.59,0.0,272,805543,买盘
10:42:11,29.59,0.0,11,32549,卖盘
10:42:13,29.59,0.0,13,38468,卖盘
10:42:16,29.6,0.01,36,104171,买盘
10:42:20,29.6,0.0,1,2960,买盘
10:42:23,29.6,0.0,132,390568,买盘
10:42:26,29.59,-0.01,12,35508,卖盘
10:42:29,29.6,0.01,12,35520,买盘
10:42:32,29.59,-0.01,122,362329,卖盘
10:42:35,29.6,0.01,6,17760,买盘
10:42:38,29.59,-0.01,22,65098,卖盘
10:42:41,29.6,0.01,9,26640,买盘
10:42:43,29.6,0.0,3,8880,买盘
10:42:47,29.6,0.0,79,233475,买盘
10:42:50,29.6,0.0,112,331437,买盘
10:42:53,29.6,0.0,74,219040,买盘
10:42:56,29.6,0.0,2,5920,买盘
10:42:59,29.6,0.0,33,97676,买盘
10:43:02,29.6,0.0,53,158189,买盘
10:43:05,29.59,-0.01,216,639310,卖盘
10:43:08,29.6,0.01,1,2960,买盘
10:43:11,29.6,0.0,793,2346093,买盘
10:43:13,29.6,0.0,8,23680,买盘
10:43:17,29.58,-0.02,114,334812,卖盘
10:43:20,29.6,0.02,82,242580,买盘
10:43:22,29.6,0.0,31,91760,买盘
10:43:25,29.6,0.0,55,162791,买盘
10:43:29,29.6,0.0,89,263355,买盘
10:43:32,29.6,0.0,73,216584,买盘
10:43:35,29.6,0.0,58,171613,买盘
10:43:38,29.6,0.0,32,94720,买盘
10:43:41,29.6,0.0,19,56240,买盘
10:43:44,29.6,0.0,138,408467,买盘
10:43:47,29.59,-0.01,29,88061,卖盘
10:43:50,29.59,0.0,103,304788,卖盘
10:43:52,29.59,0.0,6,17754,买盘
10:43:56,29.59,0.0,23,68059,买盘
10:43:59,29.59,0.0,34,100606,买盘
10:44:01,29.58,-0.01,40,115792,卖盘
10:44:05,29.62,0.04,1059,3135273,买盘
10:44:08,29.59,-0.03,1287,3807576,卖盘
10:44:11,29.6,0.01,38,112452,买盘
10:44:14,29.61,0.01,7,20721,买盘
10:44:17,29.6,-0.01,39,115889,卖盘
10:44:20,29.6,0.0,24,71038,买盘
10:44:23,29.6,0.0,19,56224,买盘
10:44:26,29.6,0.0,118,349268,买盘
10:44:29,29.62,0.02,102,301922,买盘
10:44:32,29.6,-0.02,36,106856,卖盘
10:44:35,29.62,0.02,31,91762,买盘
10:44:38,29.61,-0.01,13,38493,中性盘
10:44:40,29.61,0.0,4,11844,买盘
10:44:44,29.61,0.0,1015,3008142,买盘
10:44:46,29.61,0.0,25,71301,卖盘
10:44:50,29.64,0.03,168,497622,买盘
10:44:52,29.64,0.0,2,5928,买盘
10:44:56,29.62,-0.02,17,50359,卖盘
10:44:59,29.62,0.0,87,257671,买盘
10:45:02,29.64,0.02,40,120830,买盘
10:45:05,29.64,0.0,55,163020,买盘
10:45:08,29.64,0.0,15,44459,买盘
10:45:10,29.65,0.01,9,26679,买盘
10:45:13,29.65,0.0,13,38540,买盘
10:45:17,29.65,0.0,27,77955,买盘
10:45:20,29.65,0.0,21,62265,买盘
10:45:23,29.65,0.0,38,112634,买盘
10:45:26,29.65,0.0,9,26685,买盘
10:45:29,29.65,0.0,25,74117,买盘
10:45:32,29.65,0.0,37,111514,买盘
10:45:35,29.64,-0.01,68,201837,卖盘
10:45:37,29.65,0.01,77,228240,买盘
10:45:41,29.65,0.0,230,681950,买盘
10:45:44,29.64,-0.01,149,441636,中性盘
10:45:47,29.63,-0.01,54,157740,卖盘
10:45:50,29.65,0.02,137,405997,买盘
10:45:53,29.64,-0.01,63,186793,卖盘
10:45:55,29.64,0.0,78,231230,卖盘
10:45:59,29.65,0.01,29,85966,买盘
10:46:02,29.64,-0.01,102,303415,卖盘
10:46:05,29.65,0.01,36,106740,买盘
10:46:08,29.65,0.0,162,480328,买盘
10:46:11,29.65,0.0,36,106503,买盘
10:46:14,29.65,0.0,38,112907,卖盘
10:46:17,29.65,0.0,25,74125,买盘
10:46:20,29.65,0.0,40,118600,买盘
10:46:23,29.65,0.0,36,106740,买盘
10:46:26,29.65,0.0,77,229847,买盘
10:46:29,29.65,0.0,13,38548,卖盘
10:46:32,29.66,0.01,57,168356,买盘
10:46:35,29.65,-0.01,43,127495,卖盘
10:46:38,29.66,0.01,4,11864,买盘
10:46:41,29.66,0.0,119,352953,买盘
10:46:44,29.66,0.0,58,172026,买盘
10:46:46,29.65,-0.01,112,332974,卖盘
10:46:49,29.66,0.01,53,157192,买盘
10:46:52,29.66,0.0,240,711837,买盘
10:46:56,29.66,0.0,14,41519,买盘
10:46:59,29.66,0.0,57,169062,买盘
10:47:02,29.66,0.0,142,419944,买盘
10:47:05,29.66,0.0,28,83043,买盘
10:47:07,29.66,0.0,17,50422,买盘
10:47:11,29.65,-0.01,39,115665,卖盘
10:47:14,29.66,0.01,15,44485,买盘
10:47:16,29.65,-0.01,334,989726,卖盘
10:47:20,29.65,0.0,207,614040,买盘
10:47:23,29.63,-0.02,54,158574,卖盘
10:47:26,29.65,0.02,145,429928,买盘
10:47:28,29.65,0.0,78,231160,买盘
10:47:32,29.65,0.0,38,114072,买盘
10:47:34,29.65,0.0,13,38538,买盘
10:47:38,29.64,-0.01,102,302383,卖盘
10:47:41,29.64,0.0,100,296468,卖盘
10:47:44,29.65,0.01,2,5930,买盘
10:47:46,29.64,-0.01,85,251234,卖盘
10:47:49,29.65,0.01,8,23720,买盘
10:47:53,29.65,0.0,182,539644,买盘
10:47:56,29.65,0.0,54,160115,卖盘
10:47:59,29.66,0.01,52,154218,买盘
10:48:02,29.66,0.0,54,161321,买盘
10:48:05,29.66,0.0,15,44485,买盘
10:48:08,29.65,-0.01,29,86003,卖盘
10:48:10,29.66,0.01,10,29660,买盘
10:48:13,29.66,0.0,34,100841,买盘
10:48:17,29.65,-0.01,48,142639,卖盘
10:48:20,29.65,0.0,28,83039,卖盘
10:48:23,29.66,0.01,71,210566,买盘
10:48:26,29.66,0.0,75,222429,买盘
10:48:29,29.65,-0.01,78,231337,卖盘
10:48:32,29.66,0.01,26,75075,买盘
10:48:35,29.66,0.0,170,504210,买盘
10:48:38,29.66,0.0,8,23728,买盘
10:48:41,29.67,0.01,6,17801,买盘
10:48:44,29.66,-0.01,153,453947,卖盘
10:48:47,29.67,0.01,30,90236,买盘
10:48:49,29.66,-0.01,24,71201,卖盘
10:48:53,29.67,0.01,56,166136,买盘
10:48:56,29.68,0.01,13,38568,买盘
10:48:59,29.67,-0.01,22,65278,卖盘
10:49:02,29.67,0.0,64,189928,卖盘
10:49:04,29.67,0.0,34,100907,买盘
10:49:07,29.68,0.01,39,115748,买盘
10:49:11,29.68,0.0,104,308668,买盘
10:49:14,29.67,-0.01,217,643838,卖盘
10:49:16,29.66,-0.01,77,227368,卖盘
10:49:20,29.66,0.0,66,195786,卖盘
10:49:23,29.66,0.0,101,299580,卖盘
10:49:26,29.67,0.01,7,20768,买盘
10:49:32,29.66,-0.01,27,81447,卖盘
10:49:35,29.66,0.0,94,278816,卖盘
10:49:38,29.66,0.0,30,87438,卖盘
10:49:41,29.67,0.01,209,619926,买盘
10:49:43,29.66,-0.01,40,118632,中性盘
10:49:46,29.65,-0.01,26,79463,卖盘
10:49:50,29.65,0.0,34,100834,卖盘
10:49:53,29.66,0.01,63,186869,买盘
10:49:56,29.66,0.0,84,249144,卖盘
10:49:59,29.67,0.01,27,80088,买盘
10:50:02,29.66,-0.01,72,212475,卖盘
10:50:05,29.66,0.0,18,53395,卖盘
10:50:08,29.67,0.01,14,41532,买盘
10:50:10,29.66,-0.01,35,103810,卖盘
10:50:14,29.67,0.01,60,178010,买盘
10:50:17,29.67,0.0,1,2967,买盘
10:50:19,29.67,0.0,126,374122,买盘
10:50:23,29.67,0.0,6,17802,买盘
10:50:26,29.67,0.0,75,222520,买盘
10:50:29,29.67,0.0,32,94934,买盘
10:50:32,29.67,0.0,263,780320,买盘
10:50:35,29.67,0.0,29,86015,买盘
10:50:38,29.67,0.0,96,284783,买盘
10:50:41,29.66,-0.01,98,290689,卖盘
10:50:44,29.67,0.01,64,189888,买盘
10:50:47,29.66,-0.01,62,183950,卖盘
10:50:50,29.67,0.01,1253,3717864,买盘
10:50:53,29.68,0.01,148,439263,买盘
10:50:55,29.68,0.0,60,178051,买盘
10:50:59,29.68,0.0,44,130589,买盘
10:51:02,29.68,0.0,15,44519,买盘
10:51:05,29.68,0.0,75,222499,买盘
10:51:08,29.67,-0.01,71,210726,卖盘
10:51:11,29.68,0.01,118,350223,买盘
10:51:14,29.68,0.0,281,834005,买盘
10:51:17,29.68,0.0,115,341320,买盘
10:51:19,29.68,0.0,244,722269,买盘
10:51:23,29.68,0.0,95,281960,买盘
10:51:26,29.69,0.01,152,451210,买盘
10:51:29,29.69,0.0,1158,3436473,买盘
10:51:32,29.69,0.0,80,237520,买盘
10:51:35,29.69,0.0,45,135302,买盘
10:51:38,29.69,0.0,122,362211,买盘
10:51:41,29.69,0.0,28,83132,买盘
10:51:44,29.69,0.0,26,77194,买盘
10:51:47,29.69,0.0,106,314031,买盘
10:51:50,29.7,0.01,33,96263,买盘
10:51:52,29.7,0.0,131,389070,买盘
10:51:56,29.7,0.0,1569,4659928,买盘
10:51:59,29.71,0.01,875,2598798,买盘
10:52:02,29.71,0.0,17,50505,买盘
10:52:05,29.71,0.0,34,100813,买盘
10:52:08,29.7,-0.01,55,163400,卖盘
10:52:11,29.71,0.01,46,136674,买盘
10:52:14,29.72,0.01,226,671428,买盘
10:52:17,29.71,-0.01,79,234721,卖盘
10:52:20,29.71,0.0,92,273305,卖盘
10:52:23,29.71,0.0,94,279274,买盘
10:52:25,29.71,0.0,55,163405,买盘
10:52:29,29.71,0.0,69,204999,买盘
10:52:31,29.71,0.0,101,300045,买盘
10:52:35,29.71,0.0,86,256970,买盘
10:52:38,29.72,0.01,12,35663,买盘
10:52:41,29.71,-0.01,88,261523,卖盘
10:52:43,29.72,0.01,31,92131,买盘
10:52:47,29.73,0.01,180,534953,买盘
10:52:50,29.73,0.0,129,384083,买盘
10:52:52,29.72,-0.01,47,139656,买盘
10:52:56,29.73,0.01,52,154546,买盘
10:52:58,29.72,-0.01,31,92132,买盘
10:53:02,29.72,0.0,41,121852,买盘
10:53:05,29.73,0.01,59,174601,买盘
10:53:08,29.72,-0.01,100,297200,卖盘
10:53:11,29.74,0.02,194,576766,买盘
10:53:14,29.74,0.0,1,2974,买盘
10:53:17,29.74,0.0,66,196232,买盘
10:53:19,29.74,0.0,194,578147,买盘
10:53:22,29.74,0.0,173,514459,买盘
10:53:26,29.73,-0.01,23,68385,卖盘
10:53:29,29.75,0.02,430,1279007,买盘
10:53:32,29.74,-0.01,48,142759,中性盘
10:53:35,29.74,0.0,262,779598,中性盘
10:53:38,29.74,0.0,204,606803,卖盘
10:53:41,29.74,0.0,253,752211,卖盘
10:53:44,29.74,0.0,170,505580,买盘
10:53:47,29.74,0.0,162,481788,买盘
10:53:50,29.74,0.0,225,668639,买盘
10:53:53,29.74,0.0,131,389584,买盘
10:53:56,29.75,0.01,14,41643,买盘
10:53:59,29.74,-0.01,35,104109,卖盘
10:54:02,29.74,0.0,46,136840,卖盘
10:54:05,29.75,0.01,23,68423,买盘
10:54:07,29.75,0.0,70,208220,买盘
10:54:11,29.75,0.0,132,392699,买盘
10:54:13,29.74,-0.01,208,618617,卖盘
10:54:16,29.73,-0.01,116,345021,卖盘
10:54:19,29.74,0.01,45,133835,中性盘
10:54:23,29.74,0.0,37,110009,买盘
10:54:26,29.74,0.0,92,273567,买盘
10:54:30,29.74,0.0,166,493684,买盘
10:54:32,29.75,0.01,78,231982,买盘
10:54:35,29.74,-0.01,61,181417,卖盘
10:54:38,29.75,0.01,43,127925,买盘
10:54:41,29.75,0.0,14,41649,买盘
10:54:44,29.74,-0.01,50,148725,卖盘
10:54:46,29.75,0.01,68,202264,买盘
10:54:50,29.75,0.0,81,240975,买盘
10:54:53,29.75,0.0,47,139825,买盘
10:54:56,29.75,0.0,65,193400,买盘
10:55:00,29.76,0.01,96,285621,买盘
10:55:01,29.75,-0.01,196,583178,卖盘
10:55:05,29.76,0.01,24,71423,买盘
10:55:08,29.76,0.0,5,14880,买盘
10:55:11,29.75,-0.01,53,157690,卖盘
10:55:14,29.76,0.01,15,44632,买盘
10:55:17,29.76,0.0,78,232082,买盘
10:55:20,29.76,0.0,315,937440,买盘
10:55:23,29.76,0.0,32,95212,买盘
10:55:26,29.76,0.0,13,38688,买盘
10:55:28,29.76,0.0,38,113085,买盘
10:55:32,29.76,0.0,114,339233,买盘
10:55:35,29.76,0.0,54,160694,买盘
10:55:38,29.76,0.0,94,279715,买盘
10:55:41,29.76,0.0,58,172603,买盘
10:55:45,29.76,0.0,71,211246,买盘
10:55:47,29.76,0.0,41,121996,买盘
10:55:49,29.76,0.0,71,211238,买盘
10:55:52,29.76,0.0,75,223183,买盘
10:55:56,29.76,0.0,15,44640,买盘
10:56:00,29.75,-0.01,47,139850,卖盘
10:56:02,29.75,0.0,40,119024,卖盘
10:56:05,29.76,0.01,24,71419,买盘
10:56:08,29.76,0.0,22,65464,买盘
10:56:11,29.75,-0.01,76,226166,卖盘
10:56:14,29.75,0.0,32,95216,卖盘
10:56:17,29.76,0.01,44,130937,买盘
10:56:20,29.75,-0.01,14,41652,卖盘
10:56:23,29.76,0.01,682,2029302,买盘
10:56:28,29.76,0.0,23,68452,买盘
10:56:31,29.76,0.0,41,122033,买盘
10:56:35,29.77,0.01,12,35718,买盘
10:56:38,29.76,-0.01,104,309504,卖盘
10:56:41,29.76,0.0,50,148800,卖盘
10:56:43,29.76,0.0,57,169665,卖盘
10:56:46,29.76,0.0,58,172637,卖盘
10:56:50,29.76,0.0,76,226180,卖盘
10:56:52,29.77,0.01,2,5954,买盘
10:56:56,29.77,0.0,25,74425,买盘
10:57:00,29.77,0.0,66,196482,买盘
10:57:02,29.77,0.0,11,32745,买盘
10:57:05,29.77,0.0,163,485251,买盘
10:57:08,29.76,-0.01,9,26788,卖盘
10:57:11,29.78,0.02,298,887162,买盘
10:57:15,29.77,-0.01,7,20839,买盘
10:57:16,29.78,0.01,244,725114,买盘
10:57:20,29.77,-0.01,21,62520,卖盘
10:57:23,29.77,0.0,14,41686,卖盘
10:57:26,29.78,0.01,119,354373,买盘
10:57:28,29.78,0.0,98,291836,买盘
10:57:31,29.77,-0.01,34,101249,卖盘
10:57:35,29.78,0.01,425,1265640,买盘
10:57:38,29.78,0.0,96,285817,买盘
10:57:41,29.78,0.0,78,232247,买盘
10:57:44,29.78,0.0,188,559853,买盘
10:57:47,29.78,0.0,57,169746,买盘
10:57:50,29.78,0.0,20,59557,买盘
10:57:52,29.78,0.0,42,125074,买盘
10:57:56,29.78,0.0,206,613466,买盘
10:57:59,29.77,-0.01,77,229287,卖盘
10:58:02,29.78,0.01,1020,3038182,买盘
10:58:05,29.78,0.0,40,119137,卖盘
10:58:07,29.78,0.0,33,98285,卖盘
10:58:11,29.79,0.01,153,455766,买盘
10:58:14,29.8,0.01,648,1930736,买盘
10:58:16,29.8,0.0,18,53631,买盘
10:58:20,29.8,0.0,75,223450,买盘
10:58:23,29.8,0.0,30,89400,买盘
10:58:26,29.8,0.0,250,745000,买盘
10:58:30,29.81,0.01,93,276396,买盘
10:58:32,29.81,0.0,70,208642,买盘
10:58:35,29.82,0.01,177,527639,买盘
10:58:38,29.8,-0.02,27,80460,卖盘
10:58:41,29.83,0.03,192,572424,买盘
10:58:45,29.83,0.0,67,199801,买盘
10:58:47,29.82,-0.01,118,351983,卖盘
10:58:51,29.84,0.02,181,539879,买盘
10:58:53,29.83,-0.01,216,644514,卖盘
10:58:56,29.85,0.02,102,304363,买盘
10:59:00,29.84,-0.01,21,62684,卖盘
10:59:02,29.85,0.01,87,259693,买盘
10:59:05,29.84,-0.01,152,453681,卖盘
10:59:08,29.85,0.01,190,567137,买盘
10:59:12,29.85,0.0,220,656666,买盘
10:59:15,29.85,0.0,56,167160,卖盘
10:59:17,29.85,0.0,140,418023,卖盘
10:59:21,29.85,0.0,197,588185,卖盘
10:59:23,29.85,0.0,456,1361169,卖盘
10:59:26,29.85,0.0,109,325365,买盘
10:59:29,29.85,0.0,77,229835,买盘
10:59:32,29.85,0.0,81,241743,买盘
10:59:35,29.85,0.0,48,143265,买盘
10:59:38,29.85,0.0,135,402967,买盘
10:59:42,29.86,0.01,264,787947,买盘
10:59:45,29.86,0.0,190,567308,买盘
10:59:47,29.85,-0.01,70,208978,卖盘
10:59:51,29.86,0.01,57,170161,买盘
10:59:53,29.86,0.0,75,223930,买盘
10:59:56,29.86,0.0,252,752380,卖盘
11:00:00,29.85,-0.01,99,295535,卖盘
11:00:01,29.86,0.01,189,564336,买盘
11:00:05,29.86,0.0,163,486660,买盘
11:00:08,29.84,-0.02,337,1006103,卖盘
11:00:12,29.86,0.02,354,1056887,买盘
11:00:15,29.85,-0.01,109,325252,中性盘
11:00:16,29.84,-0.01,33,98498,中性盘
11:00:20,29.83,-0.01,96,286381,卖盘
11:00:23,29.84,0.01,186,554926,买盘
11:00:26,29.84,0.0,167,498219,买盘
11:00:30,29.83,-0.01,37,110324,卖盘
11:00:31,29.81,-0.02,64,190830,卖盘
11:00:35,29.82,0.01,71,211715,买盘
11:00:37,29.81,-0.01,91,271292,中性盘
11:00:42,29.81,0.0,98,292151,买盘
11:00:45,29.81,0.0,185,551360,买盘
11:00:47,29.82,0.01,79,235510,买盘
11:00:50,29.81,-0.01,149,444119,卖盘
11:00:53,29.82,0.01,67,199779,买盘
11:00:57,29.82,0.0,310,923948,买盘
11:01:00,29.82,0.0,31,92423,买盘
11:01:02,29.82,0.0,17,50675,买盘
11:01:05,29.82,0.0,73,217645,买盘
11:01:08,29.81,-0.01,69,205689,卖盘
11:01:11,29.81,0.0,44,131175,卖盘
11:01:15,29.81,0.0,132,393492,卖盘
11:01:16,29.81,0.0,210,626041,卖盘
11:01:21,29.81,0.0,213,634796,卖盘
11:01:22,29.81,0.0,397,1183533,买盘
11:01:26,29.81,0.0,50,149053,卖盘
11:01:30,29.8,-0.01,63,187790,卖盘
11:01:32,29.83,0.03,233,694738,买盘
11:01:35,29.82,-0.01,45,134231,卖盘
11:01:38,29.83,0.01,82,244590,买盘
11:01:40,29.83,0.0,173,516027,买盘
11:01:43,29.82,-0.01,186,554655,卖盘
11:01:47,29.81,-0.01,47,140123,卖盘
11:01:50,29.8,-0.01,126,375594,卖盘
11:01:53,29.81,0.01,41,122221,买盘
11:01:57,29.81,0.0,98,292075,买盘
11:02:00,29.8,-0.01,107,318860,卖盘
11:02:01,29.81,0.01,18,53658,买盘
11:02:05,29.81,0.0,141,420276,买盘
11:02:08,29.8,-0.01,53,157971,卖盘
11:02:12,29.8,0.0,10,29800,卖盘
11:02:15,29.81,0.01,129,384543,买盘
11:02:16,29.81,0.0,48,143079,买盘
11:02:21,29.81,0.0,71,211647,买盘
11:02:23,29.81,0.0,69,205688,买盘
11:02:26,29.81,0.0,79,235494,买盘
11:02:30,29.8,-0.01,126,375525,卖盘
11:02:32,29.82,0.02,20,59621,买盘
11:02:35,29.82,0.0,34,101376,买盘
11:02:38,29.81,-0.01,88,262342,卖盘
11:02:41,29.81,0.0,3,8944,卖盘
11:02:43,29.81,0.0,55,163993,卖盘
11:02:47,29.81,0.0,11,32791,卖盘
11:02:50,29.82,0.01,37,110321,买盘
11:02:53,29.82,0.0,110,327950,买盘
11:02:56,29.82,0.0,152,453259,买盘
11:03:00,29.82,0.0,72,214650,买盘
11:03:02,29.82,0.0,54,161025,买盘
11:03:05,29.82,0.0,238,709704,买盘
11:03:07,29.82,0.0,59,175943,卖盘
11:03:12,29.83,0.01,58,172979,买盘
11:03:15,29.83,0.0,12,35794,买盘
11:03:17,29.83,0.0,27,80540,买盘
11:03:21,29.83,0.0,73,217739,买盘
11:03:23,29.82,-0.01,79,235606,卖盘
11:03:26,29.82,0.0,75,223714,卖盘
11:03:30,29.82,0.0,122,363925,卖盘
11:03:31,29.84,0.02,43,128257,买盘
11:03:36,29.84,0.0,82,244656,买盘
11:03:38,29.83,-0.01,12,35796,卖盘
11:03:42,29.84,0.01,44,131296,买盘
11:03:45,29.84,0.0,53,158140,买盘
11:03:47,29.84,0.0,70,208863,买盘
11:03:50,29.83,-0.01,100,298333,卖盘
11:03:53,29.84,0.01,42,125331,买盘
11:03:57,29.85,0.01,47,140267,买盘
11:04:00,29.84,-0.01,158,471493,卖盘
11:04:02,29.84,0.0,92,274533,买盘
11:04:06,29.85,0.01,18,53718,买盘
11:04:08,29.84,-0.01,108,322367,卖盘
11:04:12,29.84,0.0,60,179040,卖盘
11:04:15,29.85,0.01,11,32835,买盘
11:04:16,29.85,0.0,82,244735,买盘
11:04:20,29.85,0.0,61,182058,买盘
11:04:23,29.85,0.0,99,295477,买盘
11:04:27,29.85,0.0,26,77597,买盘
11:04:30,29.85,0.0,115,343180,买盘
11:04:32,29.84,-0.01,26,77608,卖盘
11:04:35,29.85,0.01,32,95503,买盘
11:04:37,29.84,-0.01,82,244707,卖盘
11:04:42,29.84,0.0,100,298489,卖盘
11:04:45,29.84,0.0,670,1998631,卖盘
11:04:47,29.84,0.0,126,375993,卖盘
11:04:51,29.84,0.0,108,322187,买盘
11:04:52,29.83,-0.01,20,59662,卖盘
11:04:55,29.84,0.01,22,65648,买盘
11:05:00,29.83,-0.01,34,101425,卖盘
11:05:01,29.84,0.01,28,83544,买盘
11:05:06,29.84,0.0,87,259598,买盘
11:05:07,29.84,0.0,45,134268,买盘
11:05:11,29.84,0.0,22,65633,买盘
11:05:15,29.83,-0.01,85,253618,卖盘
11:05:17,29.83,0.0,276,823308,卖盘
11:05:20,29.83,0.0,83,247569,买盘
11:05:23,29.83,0.0,13,38779,买盘
11:05:27,29.84,0.01,169,504173,买盘
11:05:30,29.82,-0.02,29,86492,卖盘
11:05:32,29.83,0.01,17,50700,买盘
11:05:36,29.83,0.0,8,23864,买盘
11:05:38,29.83,0.0,26,77558,买盘
11:05:41,29.82,-0.01,92,274427,卖盘
11:05:45,29.83,0.01,30,89467,买盘
11:05:47,29.83,0.0,49,146143,买盘
11:05:50,29.83,0.0,32,95427,买盘
11:05:53,29.83,0.0,45,134228,买盘
11:05:57,29.83,0.0,38,113337,买盘
11:06:00,29.82,-0.01,31,92472,卖盘
11:06:02,29.83,0.01,18,53683,买盘
11:06:06,29.83,0.0,53,158092,买盘
11:06:08,29.83,0.0,19,56671,买盘
11:06:11,29.83,0.0,35,104394,买盘
11:06:15,29.83,0.0,8,23864,买盘
11:06:17,29.83,0.0,7,20881,买盘
11:06:20,29.83,0.0,58,173007,买盘
11:06:23,29.83,0.0,19,56664,买盘
11:06:26,29.83,0.0,49,146166,买盘
11:06:28,29.83,0.0,29,86502,买盘
11:06:32,29.83,0.0,6,17893,买盘
11:06:36,29.83,0.0,304,906796,买盘
11:06:38,29.82,-0.01,357,1064596,卖盘
11:06:42,29.82,0.0,73,217696,卖盘
11:06:45,29.82,0.0,127,378714,卖盘
11:06:47,29.82,0.0,19,56657,买盘
11:06:51,29.82,0.0,39,116278,买盘
11:06:53,29.82,0.0,92,274288,买盘
11:06:56,29.81,-0.01,281,837680,卖盘
11:07:00,29.82,0.01,60,178852,买盘
11:07:02,29.81,-0.01,21,62611,卖盘
11:07:06,29.81,0.0,101,301078,卖盘
11:07:07,29.81,0.0,30,89429,买盘
11:07:12,29.81,0.0,136,405406,买盘
11:07:15,29.8,-0.01,48,143074,卖盘
11:07:17,29.8,0.0,44,131141,卖盘
11:07:21,29.81,0.01,21,62599,买盘
11:07:23,29.81,0.0,14,41723,买盘
11:07:27,29.8,-0.01,17,50669,卖盘
11:07:30,29.81,0.01,24,71543,买盘
11:07:32,29.81,0.0,41,122193,买盘
11:07:36,29.8,-0.01,80,238424,卖盘
11:07:38,29.8,0.0,25,74503,卖盘
11:07:42,29.8,0.0,28,83440,卖盘
11:07:45,29.8,0.0,18,53644,卖盘
11:07:47,29.8,0.0,19,56623,卖盘
11:07:51,29.8,0.0,122,363572,卖盘
11:07:53,29.8,0.0,55,163910,卖盘
11:07:57,29.81,0.01,59,175828,买盘
11:08:00,29.81,0.0,140,417276,买盘
11:08:02,29.8,-0.01,134,399297,卖盘
11:08:05,29.79,-0.01,51,151966,卖盘
11:08:08,29.8,0.01,59,175792,买盘
11:08:12,29.79,-0.01,37,110223,卖盘
11:08:15,29.8,0.01,26,77474,买盘
11:08:17,29.8,0.0,79,235363,买盘
11:08:20,29.79,-0.01,74,220456,卖盘
11:08:23,29.8,0.01,56,166869,买盘
11:08:27,29.79,-0.01,66,196624,卖盘
11:08:30,29.79,0.0,15,44682,卖盘
11:08:32,29.78,-0.01,54,160858,卖盘
11:08:35,29.79,0.01,38,113175,买盘
11:08:38,29.78,-0.01,156,464583,卖盘
11:08:41,29.78,0.0,29,86371,卖盘
11:08:45,29.79,0.01,7,20847,买盘
11:08:47,29.78,-0.01,83,247183,卖盘
11:08:51,29.78,0.0,649,1933118,卖盘
11:08:53,29.77,-0.01,242,720622,卖盘
11:08:57,29.78,0.01,107,318576,买盘
11:08:58,29.78,0.0,44,131021,买盘
11:09:02,29.78,0.0,29,86345,买盘
11:09:06,29.77,-0.01,39,116127,卖盘
11:09:09,29.77,0.0,189,562706,卖盘
11:09:11,29.78,0.01,102,303666,买盘
11:09:15,29.78,0.0,52,154821,买盘
11:09:17,29.77,-0.01,82,244104,卖盘
11:09:21,29.76,-0.01,29,86316,卖盘
11:09:23,29.77,0.01,22,65476,买盘
11:09:27,29.76,-0.01,121,360216,卖盘
11:09:30,29.77,0.01,18,53579,买盘
11:09:31,29.77,0.0,28,83331,买盘
11:09:36,29.76,-0.01,2,5952,卖盘
11:09:37,29.77,0.01,1,2977,买盘
11:09:42,29.76,-0.01,120,357220,卖盘
11:09:45,29.76,0.0,1,2976,卖盘
11:09:47,29.77,0.01,34,101185,买盘
11:09:50,29.76,-0.01,72,214322,卖盘
11:09:53,29.77,0.01,65,193493,买盘
11:09:56,29.77,0.0,94,279824,买盘
11:10:00,29.76,-0.01,346,1030870,卖盘
11:10:02,29.76,0.0,281,835983,买盘
11:10:06,29.75,-0.01,286,850877,卖盘
11:10:09,29.75,0.0,81,240975,卖盘
11:10:10,29.74,-0.01,65,193318,卖盘
11:10:15,29.74,0.0,33,98162,卖盘
11:10:18,29.75,0.01,67,199275,买盘
11:10:20,29.74,-0.01,22,65435,卖盘
11:10:23,29.74,0.0,23,68402,买盘
11:10:26,29.74,0.0,42,124913,买盘
11:10:30,29.75,0.01,161,478701,买盘
11:10:32,29.74,-0.01,13,38664,中性盘
11:10:36,29.73,-0.01,59,175441,卖盘
11:10:37,29.73,0.0,73,217140,卖盘
11:10:41,29.74,0.01,16,47585,买盘
11:10:45,29.74,0.0,45,133817,卖盘
11:10:48,29.73,-0.01,37,110012,卖盘
11:10:51,29.72,-0.01,127,377571,卖盘
11:10:53,29.74,0.02,47,139709,买盘
11:10:57,29.74,0.0,53,157562,买盘
11:11:00,29.73,-0.01,69,205187,卖盘
11:11:02,29.73,0.0,48,142705,卖盘
11:11:06,29.72,-0.01,39,115953,卖盘
11:11:09,29.74,0.02,33,98102,买盘
11:11:12,29.73,-0.01,13,38639,中性盘
11:11:15,29.73,0.0,16,47568,卖盘
11:11:17,29.74,0.01,32,95153,买盘
11:11:20,29.73,-0.01,212,630481,卖盘
11:11:23,29.73,0.0,70,208130,卖盘
11:11:27,29.74,0.01,146,434193,买盘
11:11:30,29.73,-0.01,110,327119,卖盘
11:11:32,29.74,0.01,63,187351,买盘
11:11:35,29.73,-0.01,76,225998,卖盘
11:11:39,29.74,0.01,230,683873,买盘
11:11:41,29.73,-0.01,27,80274,卖盘
11:11:45,29.73,0.0,25,74349,卖盘
11:11:47,29.74,0.01,95,282517,买盘
11:11:50,29.74,0.0,50,148672,买盘
11:11:52,29.74,0.0,8,23792,买盘
11:11:56,29.74,0.0,44,130852,买盘
11:12:00,29.73,-0.01,11,32703,卖盘
11:12:02,29.74,0.01,73,217099,买盘
11:12:05,29.74,0.0,7,20818,卖盘
11:12:09,29.75,0.01,18,53538,买盘
11:12:11,29.74,-0.01,4,11896,卖盘
11:12:13,29.74,0.0,39,116020,卖盘
11:12:16,29.74,0.0,12,35698,卖盘
11:12:20,29.75,0.01,27,80324,买盘
11:12:23,29.74,-0.01,72,214140,卖盘
11:12:27,29.74,0.0,64,190395,卖盘
11:12:31,29.74,0.0,52,154666,卖盘
11:12:36,29.74,0.0,25,74370,卖盘
11:12:39,29.75,0.01,65,193363,买盘
11:12:42,29.74,-0.01,115,342067,卖盘
11:12:45,29.75,0.01,28,83294,买盘
11:12:47,29.75,0.0,62,184418,买盘
11:12:50,29.74,-0.01,3,8924,卖盘
11:12:53,29.74,0.0,88,261790,卖盘
11:12:57,29.75,0.01,30,89235,买盘
11:13:00,29.75,0.0,85,252827,买盘
11:13:02,29.75,0.0,50,148715,买盘
11:13:06,29.75,0.0,49,145775,买盘
11:13:09,29.75,0.0,22,65443,买盘
11:13:11,29.75,0.0,94,279640,买盘
11:13:13,29.75,0.0,41,122034,卖盘
11:13:17,29.76,0.01,9,26778,买盘
11:13:20,29.76,0.0,34,101164,买盘
11:13:23,29.75,-0.01,25,74385,卖盘
11:13:26,29.76,0.01,46,136867,买盘
11:13:30,29.75,-0.01,32,95202,卖盘
11:13:31,29.76,0.01,18,53564,买盘
11:13:35,29.75,-0.01,48,142800,卖盘
11:13:37,29.76,0.01,41,121978,买盘
11:13:41,29.75,-0.01,14,41655,卖盘
11:13:45,29.76,0.01,41,121988,买盘
11:13:47,29.76,0.0,51,151740,买盘
11:13:50,29.76,0.0,78,232086,买盘
11:13:53,29.75,-0.01,26,77358,卖盘
11:13:56,29.75,0.0,36,107116,卖盘
11:13:58,29.76,0.01,63,187447,买盘
11:14:02,29.75,-0.01,44,130916,卖盘
11:14:05,29.76,0.01,28,83328,买盘
11:14:09,29.76,0.0,18,53554,买盘
11:14:11,29.75,-0.01,16,47602,卖盘
11:14:15,29.75,0.0,44,130943,卖盘
11:14:17,29.76,0.01,51,151764,买盘
11:14:20,29.76,0.0,101,300524,买盘
11:14:22,29.75,-0.01,80,238027,卖盘
11:14:25,29.75,0.0,49,145787,卖盘
11:14:30,29.75,0.0,41,121977,卖盘
11:14:31,29.76,0.01,40,119032,买盘
11:14:36,29.76,0.0,29,86293,买盘
11:14:38,29.76,0.0,33,98203,买盘
11:14:42,29.75,-0.01,80,238072,卖盘
11:14:45,29.75,0.0,3,8925,卖盘
11:14:47,29.75,0.0,32,95212,卖盘
11:14:50,29.75,0.0,456,1356907,卖盘
11:14:53,29.75,0.0,79,235027,卖盘
11:14:57,29.75,0.0,157,467193,卖盘
11:15:00,29.76,0.01,54,160682,买盘
11:15:02,29.76,0.0,38,113078,买盘
11:15:05,29.75,-0.01,145,431435,卖盘
11:15:09,29.76,0.01,12,35707,买盘
11:15:12,29.75,-0.01,34,101158,卖盘
11:15:13,29.76,0.01,13,38688,买盘
11:15:17,29.75,-0.01,71,211242,卖盘
11:15:21,29.75,0.0,91,270739,卖盘
11:15:23,29.75,0.0,56,166600,卖盘
11:15:26,29.75,0.0,89,264824,卖盘
11:15:30,29.75,0.0,80,238066,卖盘
11:15:32,29.76,0.01,7,20826,买盘
11:15:36,29.76,0.0,101,300483,买盘
11:15:37,29.75,-0.01,19,56525,卖盘
11:15:41,29.75,0.0,18,53562,卖盘
11:15:43,29.76,0.01,70,208266,买盘
11:15:47,29.75,-0.01,54,160657,卖盘
11:15:50,29.75,0.0,68,202309,卖盘
11:15:52,29.76,0.01,25,74378,买盘
11:15:57,29.75,-0.01,54,160668,卖盘
11:16:00,29.75,0.0,38,113082,卖盘
11:16:02,29.76,0.01,121,359976,买盘
11:16:05,29.75,-0.01,61,181475,卖盘
11:16:09,29.74,-0.01,668,1987149,卖盘
11:16:11,29.73,-0.01,164,487674,卖盘
11:16:15,29.74,0.01,5,14870,买盘
11:16:17,29.73,-0.01,21,62433,卖盘
11:16:20,29.73,0.0,45,133823,卖盘
11:16:23,29.73,0.0,18,53522,卖盘
11:16:25,29.73,0.0,14,41629,卖盘
11:16:30,29.74,0.01,90,267635,买盘
11:16:31,29.73,-0.01,12,35676,卖盘
11:16:36,29.73,0.0,63,187310,卖盘
11:16:39,29.74,0.01,15,44610,买盘
11:16:41,29.74,0.0,54,160593,买盘
11:16:45,29.73,-0.01,1,2973,卖盘
11:16:47,29.74,0.01,7,20818,买盘
11:16:51,29.73,-0.01,88,261649,卖盘
11:16:53,29.73,0.0,12,35676,卖盘
11:16:57,29.73,0.0,12,35678,卖盘
11:17:00,29.73,0.0,32,95161,卖盘
11:17:02,29.73,0.0,399,1186660,卖盘
11:17:06,29.73,0.0,164,487864,卖盘
11:17:09,29.73,0.0,51,151627,卖盘
11:17:11,29.73,0.0,94,279508,卖盘
11:17:15,29.73,0.0,15,44595,卖盘
11:17:16,29.74,0.01,1,2974,买盘
11:17:20,29.74,0.0,38,112987,买盘
11:17:23,29.74,0.0,41,121928,买盘
11:17:25,29.73,-0.01,143,425139,卖盘
11:17:30,29.73,0.0,19,56485,买盘
11:17:31,29.73,0.0,26,77293,买盘
11:17:35,29.73,0.0,18,53506,买盘
11:17:39,29.72,-0.01,14,41621,卖盘
11:17:42,29.73,0.01,273,811629,买盘
11:17:45,29.73,0.0,48,142700,买盘
11:17:46,29.72,-0.01,42,124860,卖盘
11:17:50,29.73,0.01,167,496402,买盘
11:17:53,29.72,-0.01,30,89168,卖盘
11:17:55,29.72,0.0,25,74302,卖盘
11:18:00,29.72,0.0,47,139724,卖盘
11:18:01,29.73,0.01,23,68365,买盘
11:18:05,29.72,-0.01,47,139724,卖盘
11:18:09,29.72,0.0,7,20810,卖盘
11:18:11,29.73,0.01,5,14865,买盘
11:18:15,29.72,-0.01,74,219969,卖盘
11:18:16,29.73,0.01,48,142696,买盘
11:18:20,29.72,-0.01,40,118912,卖盘
11:18:24,29.72,0.0,58,172429,卖盘
11:18:26,29.73,0.01,22,65406,买盘
11:18:30,29.73,0.0,124,368633,买盘
11:18:31,29.73,0.0,221,656949,买盘
11:18:35,29.73,0.0,68,202156,买盘
11:18:37,29.73,0.0,39,115945,买盘
11:18:42,29.73,0.0,30,89219,卖盘
11:18:45,29.73,0.0,55,163515,卖盘
11:18:46,29.74,0.01,50,148690,买盘
11:18:50,29.73,-0.01,15,44602,卖盘
11:18:52,29.73,0.0,44,130851,卖盘
11:18:56,29.73,0.0,122,362821,卖盘
11:19:00,29.74,0.01,28,83276,买盘
11:19:02,29.74,0.0,36,107064,卖盘
11:19:06,29.75,0.01,290,862749,买盘
11:19:09,29.74,-0.01,21,62454,卖盘
11:19:11,29.74,0.0,5,14874,卖盘
11:19:15,29.74,0.0,11,32724,卖盘
11:19:20,29.75,0.01,7,20825,买盘
11:19:23,29.75,0.0,41,121965,买盘
11:19:27,29.75,0.0,7,20824,买盘
11:19:28,29.75,0.0,49,145773,买盘
11:19:32,29.75,0.0,62,184431,买盘
11:19:35,29.75,0.0,130,386748,买盘
11:19:39,29.74,-0.01,59,175516,卖盘
11:19:42,29.75,0.01,147,437401,买盘
11:19:45,29.75,0.0,32,95197,卖盘
11:19:47,29.75,0.0,24,71402,卖盘
11:19:50,29.76,0.01,59,175572,买盘
11:19:53,29.76,0.0,105,312521,买盘
11:19:57,29.75,-0.01,13,38682,卖盘
11:20:00,29.76,0.01,75,223216,买盘
11:20:02,29.77,0.01,75,223280,买盘
11:20:06,29.77,0.0,12,35718,买盘
11:20:09,29.77,0.0,9,26797,卖盘
11:20:10,29.78,0.01,16,47648,买盘
11:20:15,29.77,-0.01,5,14889,卖盘
11:20:17,29.77,0.0,16,47645,卖盘
11:20:20,29.78,0.01,9,26794,买盘
11:20:23,29.78,0.0,53,157834,买盘
11:20:27,29.78,0.0,55,163788,买盘
11:20:30,29.78,0.0,185,550930,买盘
11:20:32,29.78,0.0,63,187612,买盘
11:20:35,29.78,0.0,38,113145,买盘
11:20:39,29.77,-0.01,61,181655,卖盘
11:20:41,29.78,0.01,29,86425,买盘
11:20:45,29.78,0.0,6,17868,卖盘
11:20:47,29.79,0.01,76,226404,买盘
11:20:50,29.78,-0.01,11,32765,卖盘
11:20:53,29.79,0.01,47,140012,买盘
11:20:56,29.78,-0.01,10,29788,卖盘
11:20:58,29.78,0.0,226,673338,卖盘
11:21:02,29.79,0.01,115,342471,买盘
11:21:06,29.79,0.0,45,134042,买盘
11:21:09,29.79,0.0,82,244344,中性盘
11:21:11,29.8,0.01,12,35743,买盘
11:21:15,29.78,-0.02,38,113226,卖盘
11:21:17,29.8,0.02,115,342674,买盘
11:21:21,29.78,-0.02,56,166828,卖盘
11:21:23,29.79,0.01,147,437940,卖盘
11:21:27,29.8,0.01,15,44687,买盘
11:21:30,29.79,-0.01,21,62569,卖盘
11:21:32,29.79,0.0,1,2979,卖盘
11:21:36,29.79,0.0,3,8937,卖盘
11:21:39,29.8,0.01,220,655598,买盘
11:21:42,29.8,0.0,23,68528,买盘
11:21:45,29.8,0.0,60,178800,买盘
11:21:46,29.79,-0.01,10,29796,卖盘
11:21:50,29.79,0.0,29,86392,卖盘
11:21:52,29.8,0.01,8,23840,买盘
11:21:57,29.79,-0.01,21,62567,卖盘
11:21:58,29.8,0.01,25,74499,买盘
11:22:02,29.8,0.0,8,23839,买盘
11:22:06,29.79,-0.01,35,104296,卖盘
11:22:09,29.8,0.01,68,202603,买盘
11:22:11,29.8,0.0,72,214555,买盘
11:22:13,29.8,0.0,2,5960,买盘
11:22:17,29.8,0.0,40,119187,买盘
11:22:21,29.8,0.0,86,256279,买盘
11:22:23,29.8,0.0,35,104280,买盘
11:22:27,29.79,-0.01,10,29795,卖盘
11:22:30,29.79,0.0,30,89377,卖盘
11:22:31,29.8,0.01,13,38738,买盘
11:22:36,29.8,0.0,127,378457,买盘
11:22:39,29.8,0.0,23,68537,买盘
11:22:41,29.8,0.0,46,137072,买盘
11:22:45,29.8,0.0,57,169860,买盘
11:22:47,29.8,0.0,215,640744,买盘
11:22:50,29.8,0.0,74,220535,卖盘
11:22:53,29.8,0.0,30,89411,卖盘
11:22:56,29.8,0.0,65,193700,卖盘
11:23:00,29.8,0.0,17,50675,卖盘
11:23:02,29.8,0.0,77,229473,卖盘
11:23:05,29.8,0.0,18,53651,卖盘
11:23:09,29.8,0.0,38,113247,卖盘
11:23:12,29.8,0.0,49,146026,卖盘
11:23:15,29.81,0.01,174,518529,买盘
11:23:17,29.8,-0.01,188,560251,卖盘
11:23:20,29.8,0.0,90,268186,卖盘
11:23:22,29.8,0.0,463,1379327,买盘
11:23:26,29.79,-0.01,15,44685,中性盘
11:23:30,29.78,-0.01,20,59573,卖盘
11:23:32,29.79,0.01,72,214457,买盘
11:23:35,29.79,0.0,34,101285,买盘
11:23:37,29.8,0.01,188,560055,买盘
11:23:40,29.79,-0.01,101,300886,卖盘
11:23:45,29.8,0.01,2,5960,买盘
11:23:47,29.8,0.0,853,2540999,买盘
11:23:50,29.77,-0.03,295,877751,卖盘
11:23:54,29.79,0.02,8,23827,买盘
11:23:56,29.77,-0.02,16,47639,卖盘
11:23:58,29.8,0.03,8,23834,买盘
11:24:02,29.79,-0.01,72,214488,卖盘
11:24:05,29.79,0.0,20,59586,中性盘
11:24:09,29.8,0.01,360,1073540,买盘
11:24:11,29.81,0.01,43,128146,买盘
11:24:13,29.81,0.0,45,134113,买盘
11:24:16,29.8,-0.01,49,146020,卖盘
11:24:20,29.8,0.0,16,47682,卖盘
11:24:23,29.81,0.01,15,44715,买盘
11:24:27,29.81,0.0,66,196736,买盘
11:24:28,29.8,-0.01,76,226548,卖盘
11:24:32,29.8,0.0,26,77496,卖盘
11:24:36,29.8,0.0,17,50660,卖盘
11:24:39,29.81,0.01,35,104312,买盘
11:24:41,29.81,0.0,157,467917,买盘
11:24:43,29.8,-0.01,44,131120,中性盘
11:24:47,29.8,0.0,138,411230,买盘
11:24:51,29.79,-0.01,58,172829,卖盘
11:24:53,29.8,0.01,14,41731,买盘
11:24:57,29.8,0.0,25,74500,卖盘
11:25:00,29.8,0.0,37,110272,卖盘
11:25:01,29.8,0.0,118,351745,卖盘
11:25:05,29.8,0.0,100,298043,卖盘
11:25:11,29.8,0.0,45,134087,卖盘
11:25:15,29.81,0.01,44,131129,买盘
11:25:16,29.8,-0.01,12,35758,中性盘
11:25:20,29.79,-0.01,5,14896,卖盘
11:25:23,29.8,0.01,14,41720,买盘
11:25:27,29.79,-0.01,94,280119,卖盘
11:25:29,29.79,0.0,23,68520,卖盘
11:25:32,29.8,0.01,65,193642,买盘
11:25:36,29.79,-0.01,15,44686,卖盘
11:25:39,29.79,0.0,15,44687,卖盘
11:25:42,29.8,0.01,62,184706,买盘
11:25:45,29.79,-0.01,142,421588,卖盘
11:25:46,29.79,0.0,37,111656,卖盘
11:25:50,29.78,-0.01,16,47655,卖盘
11:25:53,29.79,0.01,49,145971,买盘
11:25:56,29.78,-0.01,26,77428,卖盘
11:26:00,29.78,0.0,43,128088,卖盘
11:26:02,29.78,0.0,48,142946,卖盘
11:26:06,29.77,-0.01,149,443771,卖盘
11:26:09,29.78,0.01,14,41692,买盘
11:26:12,29.79,0.01,24,71479,买盘
11:26:15,29.79,0.0,6,17874,买盘
11:26:16,29.78,-0.01,61,181692,卖盘
11:26:20,29.79,0.01,21,62559,买盘
11:26:23,29.79,0.0,52,154877,买盘
11:26:26,29.78,-0.01,2,5957,中性盘
11:26:30,29.79,0.01,415,1236437,买盘
11:26:32,29.78,-0.01,17,50642,卖盘
11:26:35,29.78,0.0,47,139982,卖盘
11:26:37,29.78,0.0,27,80452,卖盘
11:26:42,29.79,0.01,25,74469,买盘
11:26:45,29.79,0.0,15,44675,买盘
11:26:47,29.79,0.0,11,32766,买盘
11:26:51,29.78,-0.01,23,68512,卖盘
11:26:53,29.8,0.02,74,220450,买盘
11:26:55,29.79,-0.01,12,35755,卖盘
11:26:58,29.79,0.0,31,92364,卖盘
11:27:02,29.79,0.0,20,59581,卖盘
11:27:06,29.79,0.0,61,181779,卖盘
11:27:09,29.8,0.01,16,47679,买盘
11:27:10,29.8,0.0,18,53627,买盘
11:27:15,29.8,0.0,6,17875,买盘
11:27:17,29.79,-0.01,22,65539,卖盘
11:27:20,29.8,0.01,8,23840,买盘
11:27:22,29.79,-0.01,28,83437,卖盘
11:27:26,29.8,0.01,2,5960,买盘
11:27:28,29.79,-0.01,66,196614,卖盘
11:27:32,29.79,0.0,91,271173,卖盘
11:27:35,29.79,0.0,4,11918,卖盘
11:27:37,29.8,0.01,29,86409,买盘
11:27:40,29.8,0.0,1,2980,买盘
11:27:45,29.79,-0.01,23,68524,卖盘
11:27:47,29.79,0.0,29,86412,卖盘
11:27:50,29.79,0.0,90,268136,卖盘
11:27:53,29.8,0.01,16,47673,买盘
11:27:57,29.79,-0.01,6,17874,卖盘
11:28:00,29.79,0.0,12,35748,卖盘
11:28:01,29.79,0.0,52,154954,卖盘
11:28:05,29.79,0.0,566,1686175,卖盘
11:28:09,29.8,0.01,16,47680,买盘
11:28:12,29.79,-0.01,61,181746,卖盘
11:28:15,29.79,0.0,17,50658,卖盘
11:28:17,29.79,0.0,10,29790,卖盘
11:28:20,29.8,0.01,53,157932,买盘
11:28:23,29.8,0.0,109,324766,买盘
11:28:27,29.79,-0.01,49,145978,卖盘
11:28:30,29.78,-0.01,150,446842,卖盘
11:28:32,29.79,0.01,70,208470,买盘
11:28:36,29.79,0.0,175,521181,买盘
11:28:37,29.78,-0.01,51,151885,卖盘
11:28:42,29.78,0.0,40,119120,卖盘
11:28:45,29.78,0.0,12,35744,卖盘
11:28:47,29.79,0.01,21,62553,买盘
11:28:51,29.78,-0.01,9,26804,卖盘
11:28:53,29.79,0.01,59,175760,买盘
11:28:56,29.78,-0.01,67,199537,卖盘
11:29:00,29.78,0.0,36,107213,卖盘
11:29:02,29.77,-0.01,132,393153,卖盘
11:29:05,29.77,0.0,17,50617,卖盘
11:29:09,29.77,0.0,18,53571,卖盘
11:29:12,29.76,-0.01,140,416807,卖盘
11:29:14,29.76,0.0,138,410767,卖盘
11:29:17,29.76,0.0,68,202339,卖盘
11:29:20,29.76,0.0,35,104180,卖盘
11:29:23,29.78,0.02,24,71433,买盘
11:29:27,29.76,-0.02,35,104166,中性盘
11:29:30,29.75,-0.01,73,217187,卖盘
11:29:32,29.76,0.01,17,50589,买盘
11:29:36,29.75,-0.01,71,211280,卖盘
11:29:39,29.75,0.0,25,74393,卖盘
11:29:40,29.75,0.0,41,120648,卖盘
11:29:44,29.75,0.0,3,8925,卖盘
11:29:47,29.75,0.0,135,401625,卖盘
11:29:50,29.76,0.01,40,119075,买盘
11:29:56,29.76,0.0,4,11906,卖盘
11:29:59,29.76,0.0,1,2976,卖盘
11:30:02,29.78,0.02,10,29780,买盘
13:00:02,29.78,0.0,1005,2992616,买盘
13:00:05,29.78,0.0,365,1087129,卖盘
13:00:09,29.78,0.0,236,703133,卖盘
13:00:12,29.79,0.01,36,107228,买盘
13:00:15,29.81,0.02,143,426240,买盘
13:00:18,29.81,0.0,172,512531,买盘
13:00:21,29.8,-0.01,52,154929,买盘
13:00:24,29.8,0.0,253,753760,买盘
13:00:27,29.8,0.0,11,32777,买盘
13:00:30,29.8,0.0,153,455956,买盘
13:00:33,29.81,0.01,133,396427,买盘
13:00:36,29.8,-0.01,273,813716,卖盘
13:00:38,29.82,0.02,173,515832,买盘
13:00:42,29.8,-0.02,85,253358,卖盘
13:00:45,29.82,0.02,104,310195,买盘
13:00:48,29.82,0.0,85,253379,买盘
13:00:51,29.81,-0.01,55,163982,卖盘
13:00:54,29.81,0.0,15,44727,卖盘
13:00:57,29.83,0.02,170,507104,买盘
13:00:59,29.83,0.0,201,599359,买盘
13:01:02,29.82,-0.01,117,348986,卖盘
13:01:06,29.82,0.0,58,172955,买盘
13:01:08,29.81,-0.01,113,336891,卖盘
13:01:12,29.81,0.0,64,190789,卖盘
13:01:15,29.81,0.0,23,68564,卖盘
13:01:18,29.81,0.0,154,459268,卖盘
13:01:21,29.81,0.0,50,149050,卖盘
13:01:23,29.81,0.0,54,160981,卖盘
13:01:27,29.82,0.01,123,366785,买盘
13:01:30,29.82,0.0,57,169941,买盘
13:01:32,29.81,-0.01,69,205701,卖盘
13:01:36,29.81,0.0,83,247433,卖盘
13:01:39,29.81,0.0,95,283199,卖盘
13:01:42,29.8,-0.01,168,500663,卖盘
13:01:45,29.81,0.01,85,253129,买盘
13:01:48,29.78,-0.03,39,116196,卖盘
13:01:51,29.79,0.01,25,74494,中性盘
13:01:54,29.79,0.0,7,20853,卖盘
13:01:57,29.79,0.0,5,14895,卖盘
13:02:00,29.79,0.0,38,113204,卖盘
13:02:02,29.79,0.0,1,2979,卖盘
13:02:06,29.8,0.01,12,35760,买盘
13:02:09,29.8,0.0,60,178790,买盘
13:02:12,29.79,-0.01,9,26817,卖盘
13:02:17,29.8,0.01,9,26813,买盘
13:02:21,29.79,-0.01,85,253236,卖盘
13:02:27,29.8,0.01,65,193638,买盘
13:02:30,29.79,-0.01,32,95328,卖盘
13:02:33,29.79,0.0,34,101286,卖盘
13:02:36,29.8,0.01,6,17880,买盘
13:02:38,29.8,0.0,15,44692,买盘
13:02:42,29.8,0.0,7,20858,买盘
13:02:45,29.8,0.0,2,5960,买盘
13:02:48,29.8,0.0,184,548318,买盘
13:02:50,29.8,0.0,23,68518,买盘
13:02:54,29.79,-0.01,113,336637,卖盘
13:02:56,29.8,0.01,19,56620,买盘
13:02:59,29.79,-0.01,18,53624,卖盘
13:03:03,29.8,0.01,92,274159,买盘
13:03:06,29.8,0.0,5,14900,买盘
13:03:08,29.79,-0.01,74,220449,卖盘
13:03:12,29.8,0.01,93,277133,买盘
13:03:15,29.8,0.0,14,41712,买盘
13:03:18,29.79,-0.01,22,65544,卖盘
13:03:21,29.8,0.01,56,166880,买盘
13:03:24,29.8,0.0,14,41720,买盘
13:03:26,29.8,0.0,119,354539,买盘
13:03:30,29.79,-0.01,10,29792,卖盘
13:03:33,29.79,0.0,26,77477,卖盘
13:03:36,29.79,0.0,25,74475,卖盘
13:03:39,29.79,0.0,7,20856,卖盘
13:03:42,29.8,0.01,29,86395,买盘
13:03:45,29.8,0.0,1,2980,买盘
13:03:48,29.8,0.0,15,44700,买盘
13:03:51,29.8,0.0,54,160919,买盘
13:03:54,29.79,-0.01,98,292012,卖盘
13:03:57,29.8,0.01,91,271180,买盘
13:03:59,29.81,0.01,40,119226,买盘
13:04:03,29.8,-0.01,78,232440,卖盘
13:04:06,29.8,0.0,11,32780,卖盘
13:04:08,29.81,0.01,41,122193,买盘
13:04:11,29.8,-0.01,248,739050,卖盘
13:04:15,29.8,0.0,34,101323,卖盘
13:04:18,29.81,0.01,127,378552,买盘
13:04:21,29.8,-0.01,220,655603,卖盘
13:04:24,29.8,0.0,193,575226,买盘
13:04:26,29.79,-0.01,65,193697,卖盘
13:04:30,29.8,0.01,36,107280,买盘
13:04:33,29.79,-0.01,20,59596,卖盘
13:04:36,29.79,0.0,1,2979,卖盘
13:04:39,29.79,0.0,44,131109,卖盘
13:04:42,29.8,0.01,11,32775,买盘
13:04:45,29.79,-0.01,276,822222,卖盘
13:04:47,29.8,0.01,33,98324,买盘
13:04:51,29.8,0.0,23,68540,买盘
13:04:54,29.79,-0.01,13,38730,卖盘
13:04:57,29.8,0.01,5,14897,买盘
13:04:59,29.8,0.0,1,2980,买盘
13:05:02,29.79,-0.01,1,2979,卖盘
13:05:06,29.79,0.0,5,14895,卖盘
13:05:09,29.79,0.0,104,309919,卖盘
13:05:12,29.8,0.01,10,29800,买盘
13:05:15,29.8,0.0,27,80453,买盘
13:05:17,29.8,0.0,26,77479,买盘
13:05:21,29.8,0.0,10,29800,买盘
13:05:27,29.79,-0.01,47,140048,卖盘
13:05:30,29.79,0.0,5,14897,卖盘
13:05:32,29.8,0.01,53,157900,买盘
13:05:36,29.79,-0.01,15,44685,卖盘
13:05:39,29.8,0.01,303,902940,买盘
13:05:42,29.8,0.0,44,131118,买盘
13:05:44,29.8,0.0,53,157940,买盘
13:05:48,29.8,0.0,62,184760,买盘
13:05:51,29.79,-0.01,38,113202,卖盘
13:05:54,29.8,0.01,17,50657,买盘
13:05:57,29.8,0.0,57,169860,买盘
13:06:00,29.79,-0.01,118,351540,卖盘
13:06:03,29.79,0.0,9,26811,卖盘
13:06:06,29.8,0.01,66,196632,买盘
13:06:08,29.79,-0.01,900,2681102,卖盘
13:06:12,29.79,0.0,116,345550,买盘
13:06:15,29.79,0.0,331,985735,买盘
13:06:17,29.79,0.0,198,589836,买盘
13:06:21,29.79,0.0,7,20853,买盘
13:06:24,29.79,0.0,3,8937,买盘
13:06:27,29.79,0.0,205,610695,买盘
13:06:30,29.78,-0.01,10,29780,卖盘
13:06:32,29.78,0.0,15,44681,卖盘
13:06:36,29.79,0.01,7,20852,买盘
13:06:38,29.79,0.0,5,14895,买盘
13:06:42,29.78,-0.01,239,711954,卖盘
13:06:45,29.79,0.01,7,20853,买盘
13:06:48,29.79,0.0,7,20848,买盘
13:06:50,29.78,-0.01,16,47648,卖盘
13:06:53,29.78,0.0,18,53617,卖盘
13:06:57,29.78,0.0,7,20847,卖盘
13:07:00,29.78,0.0,6,17870,卖盘
13:07:03,29.78,0.0,27,80408,卖盘
13:07:06,29.78,0.0,12,35736,卖盘
13:07:09,29.78,0.0,56,166770,卖盘
13:07:12,29.79,0.01,21,62550,买盘
13:07:15,29.79,0.0,43,128088,买盘
13:07:18,29.79,0.0,12,35748,买盘
13:07:21,29.79,0.0,328,977111,买盘
13:07:24,29.79,0.0,25,74454,买盘
13:07:26,29.79,0.0,118,351512,买盘
13:07:29,29.78,-0.01,111,330564,卖盘
13:07:33,29.79,0.01,45,134018,买盘
13:07:36,29.79,0.0,67,199591,买盘
13:07:39,29.79,0.0,6,17874,买盘
13:07:41,29.79,0.0,76,226392,买盘
13:07:44,29.79,0.0,55,163804,买盘
13:07:48,29.79,0.0,21,62554,买盘
13:07:51,29.79,0.0,87,259168,买盘
13:07:54,29.8,0.01,348,1036933,买盘
13:07:57,29.81,0.01,3,8943,买盘
13:08:00,29.8,-0.01,35,104302,卖盘
13:08:03,29.8,0.0,10,29800,卖盘
13:08:06,29.81,0.01,2,5962,买盘
13:08:08,29.81,0.0,3,8942,买盘
13:08:12,29.8,-0.01,57,169907,卖盘
13:08:15,29.81,0.01,85,253372,买盘
13:08:17,29.81,0.0,39,116259,买盘
13:08:20,29.81,0.0,59,175864,买盘
13:08:24,29.8,-0.01,15,44704,卖盘
13:08:27,29.81,0.01,156,464948,买盘
13:08:30,29.8,-0.01,17,50662,卖盘
13:08:33,29.8,0.0,18,53640,卖盘
13:08:38,29.81,0.01,121,360700,买盘
13:08:42,29.8,-0.01,45,134127,卖盘
13:08:44,29.81,0.01,12,35772,买盘
13:08:48,29.81,0.0,42,125200,买盘
13:08:50,29.8,-0.01,53,157985,卖盘
13:08:53,29.8,0.0,19,56624,卖盘
13:08:57,29.8,0.0,35,104332,卖盘
13:09:00,29.81,0.01,2,5962,买盘
13:09:02,29.81,0.0,35,104319,买盘
13:09:05,29.8,-0.01,37,110287,卖盘
13:09:09,29.81,0.01,37,110293,买盘
13:09:12,29.81,0.0,64,190759,买盘
13:09:15,29.8,-0.01,11,32790,卖盘
13:09:18,29.81,0.01,55,163941,买盘
13:09:21,29.81,0.0,50,149049,买盘
13:09:24,29.81,0.0,64,190751,买盘
13:09:29,29.81,0.0,114,339833,买盘
13:09:33,29.81,0.0,436,1299715,买盘
13:09:36,29.81,0.0,71,211651,卖盘
13:09:39,29.81,0.0,38,113294,卖盘
13:09:42,29.81,0.0,15,44729,卖盘
13:09:45,29.82,0.01,410,1222634,买盘
13:09:48,29.83,0.01,166,495178,买盘
13:09:51,29.83,0.0,24,71592,买盘
13:09:54,29.82,-0.01,36,107352,卖盘
13:09:57,29.83,0.01,41,122303,买盘
13:10:00,29.83,0.0,13,38779,买盘
13:10:03,29.82,-0.01,146,435507,卖盘
13:10:05,29.83,0.01,233,695039,买盘
13:10:08,29.83,0.0,34,101429,卖盘
13:10:12,29.84,0.01,6,17901,买盘
13:10:14,29.83,-0.01,42,125304,卖盘
13:10:17,29.84,0.01,18,53702,买盘
13:10:20,29.84,0.0,6,17904,买盘
13:10:24,29.84,0.0,25,74600,买盘
13:10:26,29.83,-0.01,92,274456,卖盘
13:10:30,29.84,0.01,123,367025,买盘
13:10:32,29.84,0.0,46,137263,买盘
13:10:36,29.84,0.0,38,113392,买盘
13:10:38,29.85,0.01,119,355092,买盘
13:10:42,29.85,0.0,22,65661,买盘
13:10:45,29.84,-0.01,20,59680,买盘
13:10:48,29.85,0.01,20,59689,买盘
13:10:51,29.85,0.0,88,262680,买盘
13:10:54,29.85,0.0,75,223875,买盘
13:10:57,29.84,-0.01,329,981826,卖盘
13:11:00,29.83,-0.01,106,316293,卖盘
13:11:03,29.83,0.0,113,337187,卖盘
13:11:06,29.85,0.02,326,972784,买盘
13:11:09,29.84,-0.01,23,68654,卖盘
13:11:12,29.85,0.01,18,53721,买盘
13:11:15,29.85,0.0,53,158195,买盘
13:11:17,29.84,-0.01,39,116389,卖盘
13:11:21,29.85,0.01,42,125357,买盘
13:11:23,29.84,-0.01,22,65650,卖盘
13:11:27,29.85,0.01,82,244770,买盘
13:11:32,29.85,0.0,18,53729,买盘
13:11:35,29.85,0.0,162,483463,买盘
13:11:38,29.84,-0.01,7,20890,卖盘
13:11:42,29.85,0.01,173,516399,买盘
13:11:45,29.85,0.0,30,89547,买盘
13:11:48,29.85,0.0,83,247755,买盘
13:11:51,29.85,0.0,102,304465,买盘
13:11:54,29.85,0.0,56,167125,买盘
13:11:56,29.85,0.0,48,143275,买盘
13:12:00,29.85,0.0,28,83572,买盘
13:12:03,29.85,0.0,446,1331189,买盘
13:12:06,29.85,0.0,13,38804,买盘
13:12:09,29.85,0.0,182,543259,买盘
13:12:12,29.85,0.0,106,316415,卖盘
13:12:14,29.84,-0.01,23,68654,卖盘
13:12:18,29.85,0.01,122,364156,买盘
13:12:21,29.85,0.0,11,32845,卖盘
13:12:24,29.85,0.0,29,86579,卖盘
13:12:26,29.86,0.01,85,253743,买盘
13:12:30,29.85,-0.01,23,68672,卖盘
13:12:33,29.85,0.0,67,200017,卖盘
13:12:36,29.86,0.01,42,125395,买盘
13:12:38,29.86,0.0,31,92561,买盘
13:12:42,29.86,0.0,148,441856,买盘
13:12:45,29.85,-0.01,78,232832,卖盘
13:12:48,29.86,0.01,61,182143,买盘
13:12:51,29.86,0.0,92,274688,买盘
13:12:54,29.86,0.0,7,20902,买盘
13:12:56,29.86,0.0,25,74643,买盘
13:12:59,29.86,0.0,22,65678,买盘
13:13:03,29.86,0.0,56,167206,买盘
13:13:06,29.85,-0.01,1022,3051686,卖盘
13:13:09,29.86,0.01,125,373248,买盘
13:13:12,29.87,0.01,77,229990,买盘
13:13:15,29.86,-0.01,72,215030,卖盘
13:13:18,29.86,0.0,11,32855,卖盘
13:13:20,29.86,0.0,23,68698,卖盘
13:13:23,29.87,0.01,46,137402,买盘
13:13:27,29.87,0.0,365,1090177,买盘
13:13:30,29.87,0.0,30,89610,卖盘
13:13:33,29.87,0.0,16,47792,卖盘
13:13:35,29.87,0.0,253,755741,卖盘
13:13:39,29.87,0.0,107,319590,买盘
13:13:42,29.87,0.0,46,137395,买盘
13:13:45,29.87,0.0,30,89586,买盘
13:13:48,29.87,0.0,491,1466614,买盘
13:13:51,29.86,-0.01,98,292676,卖盘
13:13:54,29.86,0.0,22,65703,卖盘
13:13:57,29.87,0.01,30,89600,买盘
13:13:59,29.87,0.0,50,149349,买盘
13:14:03,29.86,-0.01,63,188176,卖盘
13:14:06,29.87,0.01,53,158310,买盘
13:14:09,29.87,0.0,25,74675,卖盘
13:14:12,29.87,0.0,374,1117016,卖盘
13:14:15,29.87,0.0,148,442093,买盘
13:14:18,29.87,0.0,109,325595,卖盘
13:14:20,29.87,0.0,41,122491,卖盘
13:14:24,29.88,0.01,231,690114,买盘
13:14:27,29.87,-0.01,211,630265,卖盘
13:14:30,29.87,0.0,180,537664,卖盘
13:14:32,29.88,0.01,435,1299355,买盘
13:14:36,29.88,0.0,44,131454,买盘
13:14:39,29.87,-0.01,50,149352,中性盘
13:14:41,29.87,0.0,61,182207,买盘
13:14:44,29.87,0.0,17,50779,买盘
13:14:47,29.87,0.0,32,95584,买盘
13:14:51,29.87,0.0,212,633042,买盘
13:14:54,29.87,0.0,29,86623,买盘
13:14:57,29.87,0.0,26,77662,买盘
13:15:00,29.87,0.0,17,50770,买盘
13:15:03,29.87,0.0,15,44802,买盘
13:15:06,29.86,-0.01,38,113500,卖盘
13:15:09,29.87,0.01,526,1570644,买盘
13:15:12,29.86,-0.01,22,65713,卖盘
13:15:15,29.86,0.0,42,125428,卖盘
13:15:18,29.87,0.01,24,71678,买盘
13:15:21,29.86,-0.01,93,277703,卖盘
13:15:24,29.87,0.01,28,83625,买盘
13:15:26,29.86,-0.01,316,943586,卖盘
13:15:30,29.86,0.0,76,226939,卖盘
13:15:33,29.86,0.0,92,274712,买盘
13:15:36,29.86,0.0,126,376235,买盘
13:15:38,29.87,0.01,1,2987,买盘
13:15:42,29.86,-0.01,91,271731,卖盘
13:15:45,29.86,0.0,3,8960,卖盘
13:15:48,29.86,0.0,109,325576,卖盘
13:15:51,29.87,0.01,22,65707,买盘
13:15:54,29.86,-0.01,16,47782,卖盘
13:15:56,29.86,0.0,59,176184,卖盘
13:16:00,29.87,0.01,44,131398,买盘
13:16:02,29.87,0.0,13,38820,买盘
13:16:05,29.86,-0.01,65,194154,卖盘
13:16:08,29.86,0.0,241,719661,卖盘
13:16:11,29.87,0.01,48,143359,买盘
13:16:15,29.86,-0.01,51,152311,卖盘
13:16:18,29.87,0.01,34,101549,买盘
13:16:21,29.87,0.0,21,62726,买盘
13:16:24,29.87,0.0,50,149336,买盘
13:16:27,29.87,0.0,76,226967,买盘
13:16:30,29.87,0.0,216,645191,买盘
13:16:33,29.87,0.0,37,110506,买盘
13:16:35,29.87,0.0,58,173210,买盘
13:16:39,29.87,0.0,22,65714,买盘
13:16:42,29.87,0.0,144,430033,买盘
13:16:45,29.87,0.0,30,89610,买盘
13:16:47,29.87,0.0,961,2869820,买盘
13:16:51,29.87,0.0,89,265844,卖盘
13:16:53,29.87,0.0,9,26883,卖盘
13:16:57,29.88,0.01,22,65736,买盘
13:17:00,29.87,-0.01,30,89612,卖盘
13:17:03,29.88,0.01,25,74698,买盘
13:17:06,29.88,0.0,41,122485,买盘
13:17:09,29.88,0.0,11,32867,买盘
13:17:12,29.88,0.0,18,53773,买盘
13:17:14,29.88,0.0,45,134421,买盘
13:17:17,29.88,0.0,387,1156354,买盘
13:17:20,29.88,0.0,475,1419290,买盘
13:17:24,29.89,0.01,1766,5277480,买盘
13:17:27,29.91,0.02,1754,5244471,买盘
13:17:30,29.89,-0.02,56,167445,卖盘
13:17:33,29.89,0.0,63,188360,卖盘
13:17:36,29.9,0.01,27,80781,卖盘
13:17:38,29.92,0.02,161,481699,买盘
13:17:42,29.92,0.0,49,146595,买盘
13:17:45,29.92,0.0,23,68816,买盘
13:17:47,29.92,0.0,117,350028,买盘
13:17:50,29.92,0.0,172,514624,买盘
13:17:53,29.93,0.01,38,113718,买盘
13:17:56,29.94,0.01,181,541746,买盘
13:17:59,29.93,-0.01,42,125716,卖盘
13:18:03,29.94,0.01,158,473050,买盘
13:18:06,29.93,-0.01,116,347294,卖盘
13:18:09,29.94,0.01,64,191616,买盘
13:18:12,29.94,0.0,26,77835,买盘
13:18:14,29.94,0.0,53,158682,买盘
13:18:18,29.95,0.01,268,802602,买盘
13:18:20,29.95,0.0,166,497147,买盘
13:18:24,29.95,0.0,346,1035954,买盘
13:18:27,29.95,0.0,135,404298,买盘
13:18:30,29.95,0.0,145,434275,买盘
13:18:33,29.95,0.0,21,62891,买盘
13:18:36,29.94,-0.01,541,1619762,卖盘
13:18:39,29.94,0.0,78,233580,卖盘
13:18:41,29.94,0.0,37,110812,卖盘
13:18:44,29.94,0.0,235,703625,卖盘
13:18:47,29.94,0.0,47,140757,卖盘
13:18:50,29.95,0.01,52,155730,买盘
13:18:54,29.94,-0.01,81,242572,卖盘
13:18:57,29.95,0.01,836,2502998,买盘
13:19:00,29.95,0.0,298,892277,买盘
13:19:02,29.95,0.0,181,542079,买盘
13:19:06,29.94,-0.01,337,1008992,卖盘
13:19:09,29.94,0.0,412,1233589,卖盘
13:19:12,29.94,0.0,105,314370,买盘
13:19:15,29.93,-0.01,43,128702,卖盘
13:19:18,29.93,0.0,301,900625,卖盘
13:19:21,29.93,0.0,121,362149,买盘
13:19:23,29.92,-0.01,165,493842,卖盘
13:19:26,29.92,0.0,213,637613,卖盘
13:19:30,29.92,0.0,276,825345,买盘
13:19:32,29.92,0.0,61,182522,买盘
13:19:36,29.92,0.0,372,1113550,卖盘
13:19:39,29.92,0.0,9,26928,买盘
13:19:41,29.92,0.0,27,80768,买盘
13:19:44,29.92,0.0,26,77769,买盘
13:19:48,29.92,0.0,263,786611,买盘
13:19:51,29.91,-0.01,58,173504,卖盘
13:19:54,29.92,0.01,214,640244,买盘
13:19:56,29.91,-0.01,102,305060,卖盘
13:20:00,29.92,0.01,120,358925,买盘
13:20:03,29.92,0.0,85,254263,买盘
13:20:06,29.91,-0.01,20,59839,卖盘
13:20:09,29.92,0.01,137,409778,中性盘
13:20:12,29.92,0.0,57,170507,卖盘
13:20:15,29.91,-0.01,268,801174,买盘
13:20:18,29.91,0.0,4,11964,买盘
13:20:21,29.92,0.01,103,308073,买盘
13:20:24,29.92,0.0,21,62827,买盘
13:20:27,29.92,0.0,33,98705,买盘
13:20:29,29.91,-0.01,60,179509,卖盘
13:20:33,29.91,0.0,34,101703,卖盘
13:20:38,29.91,0.0,155,463634,买盘
13:20:41,29.91,0.0,59,176469,买盘
13:20:45,29.92,0.01,152,454768,买盘
13:20:48,29.92,0.0,9,26920,买盘
13:20:51,29.93,0.01,137,409891,买盘
13:20:54,29.91,-0.02,14,41883,卖盘
13:20:57,29.93,0.02,12,35908,买盘
13:21:00,29.93,0.0,7,20951,买盘
13:21:03,29.92,-0.01,5,14960,卖盘
13:21:06,29.93,0.01,18,53872,买盘
13:21:08,29.92,-0.01,172,514716,卖盘
13:21:11,29.92,0.0,71,212495,卖盘
13:21:15,29.93,0.01,130,389059,买盘
13:21:18,29.93,0.0,108,323139,买盘
13:21:21,29.92,-0.01,117,350064,卖盘
13:21:24,29.92,0.0,133,397957,卖盘
13:21:27,29.92,0.0,47,140654,卖盘
13:21:30,29.93,0.01,2,5986,买盘
13:21:32,29.92,-0.01,65,194488,卖盘
13:21:36,29.92,0.0,16,47885,卖盘
13:21:40,29.93,0.01,180,538740,买盘
13:21:42,29.94,0.01,65,194591,买盘
13:21:45,29.93,-0.01,239,715658,卖盘
13:21:48,29.95,0.02,13,38922,买盘
13:21:51,29.93,-0.02,89,266378,卖盘
13:21:54,29.95,0.02,200,599000,买盘
13:21:56,29.94,-0.01,30,89847,卖盘
13:22:00,29.95,0.01,18,53898,买盘
13:22:03,29.94,-0.01,25,74855,卖盘
13:22:06,29.95,0.01,27,80841,买盘
13:22:09,29.94,-0.01,21,62879,卖盘
13:22:12,29.94,0.0,55,164687,卖盘
13:22:15,29.94,0.0,148,443184,卖盘
13:22:18,29.94,0.0,110,329342,卖盘
13:22:21,29.94,0.0,17,50885,买盘
13:22:23,29.94,0.0,16,47904,买盘
13:22:27,29.94,0.0,1026,3073053,买盘
13:22:30,29.94,0.0,45,134738,卖盘
13:22:33,29.94,0.0,3,8982,卖盘
13:22:36,29.94,0.0,15,44910,卖盘
13:22:40,29.95,0.01,318,952103,买盘
13:22:42,29.95,0.0,32,95830,买盘
13:22:45,29.95,0.0,95,284523,买盘
13:22:48,29.95,0.0,466,1395563,买盘
13:22:51,29.95,0.0,22,65905,卖盘
13:22:54,29.95,0.0,32,95853,卖盘
13:22:57,29.96,0.01,118,353511,买盘
13:23:00,29.95,-0.01,55,164775,卖盘
13:23:03,29.95,0.0,9,26961,卖盘
13:23:06,29.95,0.0,99,296581,卖盘
13:23:10,29.95,0.0,22,65907,卖盘
13:23:12,29.96,0.01,35,104833,买盘
13:23:14,29.95,-0.01,36,107833,卖盘
13:23:18,29.96,0.01,32,95842,买盘
13:23:21,29.95,-0.01,142,425395,卖盘
13:23:25,29.95,0.0,48,143775,卖盘
13:23:27,29.96,0.01,109,326560,买盘
13:23:30,29.96,0.0,155,464267,买盘
13:23:33,29.95,-0.01,10,29950,卖盘
13:23:36,29.96,0.01,10,29959,买盘
13:23:39,29.96,0.0,103,308575,买盘
13:23:41,29.95,-0.01,44,131783,卖盘
13:23:45,29.95,0.0,656,1964742,卖盘
13:23:48,29.95,0.0,75,224648,卖盘
13:23:51,29.96,0.01,77,230674,买盘
13:23:53,29.95,-0.01,221,661900,卖盘
13:23:57,29.96,0.01,32,95842,买盘
13:24:00,29.95,-0.01,55,164747,卖盘
13:24:03,29.95,0.0,528,1581366,卖盘
13:24:07,29.95,0.0,79,236608,卖盘
13:24:10,29.95,0.0,95,284526,卖盘
13:24:12,29.95,0.0,12,35937,买盘
13:24:15,29.95,0.0,56,167719,买盘
13:24:18,29.95,0.0,25,74864,买盘
13:24:21,29.94,-0.01,89,266546,卖盘
13:24:24,29.95,0.01,59,176665,买盘
13:24:27,29.95,0.0,31,92842,买盘
13:24:30,29.95,0.0,117,350310,买盘
13:24:33,29.94,-0.01,86,257488,卖盘
13:24:36,29.95,0.01,59,176700,买盘
13:24:38,29.95,0.0,71,212590,买盘
13:24:41,29.94,-0.01,288,862274,卖盘
13:24:45,29.94,0.0,607,1817365,卖盘
13:24:48,29.94,0.0,143,428159,买盘
13:24:52,29.94,0.0,11,32928,买盘
13:24:54,29.93,-0.01,64,191612,卖盘
13:24:56,29.94,0.01,40,119760,买盘
13:25:01,29.94,0.0,9,26946,买盘
13:25:04,29.94,0.0,48,143703,买盘
13:25:06,29.94,0.0,43,128720,买盘
13:25:09,29.94,0.0,73,218501,买盘
13:25:12,29.94,0.0,8,23952,买盘
13:25:15,29.94,0.0,42,125718,买盘
13:25:18,29.94,0.0,15,44898,买盘
13:25:21,29.93,-0.01,40,119731,卖盘
13:25:23,29.93,0.0,29,86801,卖盘
13:25:27,29.93,0.0,246,736483,卖盘
13:25:29,29.93,0.0,49,146676,卖盘
13:25:34,29.93,0.0,121,362157,卖盘
13:25:36,29.93,0.0,48,143670,卖盘
13:25:40,29.94,0.01,474,1418657,买盘
13:25:42,29.92,-0.02,69,206467,卖盘
13:25:45,29.94,0.02,307,918861,买盘
13:25:48,29.93,-0.01,100,299307,卖盘
13:25:51,29.93,0.0,65,194551,卖盘
13:25:54,29.93,0.0,22,65851,卖盘
13:25:56,29.94,0.01,31,92785,买盘
13:26:00,29.93,-0.01,96,287328,卖盘
13:26:03,29.93,0.0,162,484891,卖盘
13:26:07,29.93,0.0,64,191567,买盘
13:26:09,29.94,0.01,26,77831,买盘
13:26:12,29.93,-0.01,55,164658,卖盘
13:26:15,29.94,0.01,92,275926,买盘
13:26:18,29.94,0.0,28,83810,买盘
13:26:21,29.94,0.0,16,47901,买盘
13:26:24,29.93,-0.01,20,59877,卖盘
13:26:27,29.93,0.0,31,92794,卖盘
13:26:30,29.93,0.0,34,101784,卖盘
13:26:33,29.93,0.0,127,380133,卖盘
13:26:36,29.93,0.0,613,1834712,卖盘
13:26:38,29.93,0.0,48,143650,买盘
13:26:42,29.92,-0.01,160,478752,卖盘
13:26:45,29.92,0.0,16,47873,卖盘
13:26:48,29.93,0.01,72,215431,买盘
13:26:51,29.93,0.0,25,74805,买盘
13:26:53,29.92,-0.01,10,29929,卖盘
13:26:57,29.93,0.01,16,47879,买盘
13:27:00,29.92,-0.01,23,68816,卖盘
13:27:03,29.93,0.01,8,23941,买盘
13:27:06,29.92,-0.01,10,29923,卖盘
13:27:09,29.93,0.01,156,466892,买盘
13:27:11,29.92,-0.01,30,89760,卖盘
13:27:16,29.92,0.0,28,83776,卖盘
13:27:18,29.93,0.01,32,95751,买盘
13:27:21,29.93,0.0,1,2993,买盘
13:27:24,29.92,-0.01,40,119703,卖盘
13:27:27,29.93,0.01,39,116697,买盘
13:27:30,29.93,0.0,3,8977,买盘
13:27:33,29.92,-0.01,156,466773,卖盘
13:27:35,29.93,0.01,14,41899,买盘
13:27:39,29.93,0.0,58,173548,买盘
13:27:42,29.93,0.0,19,56852,买盘
13:27:44,29.92,-0.01,125,374011,卖盘
13:27:48,29.92,0.0,31,92767,卖盘
13:27:51,29.92,0.0,16,47872,卖盘
13:27:54,29.92,0.0,320,957453,卖盘
13:27:57,29.91,-0.01,61,182496,卖盘
13:28:00,29.92,0.01,94,281169,卖盘
13:28:03,29.92,0.0,29,86753,买盘
13:28:05,29.91,-0.01,11,32902,卖盘
13:28:09,29.92,0.01,4,11968,买盘
13:28:12,29.9,-0.02,308,921006,卖盘
13:28:15,29.91,0.01,27,80760,中性盘
13:28:18,29.91,0.0,74,221318,卖盘
13:28:21,29.91,0.0,19,56825,中性盘
13:28:25,29.9,-0.01,96,287051,卖盘
13:28:27,29.91,0.01,7,20935,买盘
13:28:31,29.9,-0.01,8,23924,卖盘
13:28:34,29.9,0.0,24,71761,卖盘
13:28:36,29.9,0.0,7,20931,卖盘
13:28:39,29.9,0.0,603,1802113,卖盘
13:28:42,29.9,0.0,225,672965,卖盘
13:28:45,29.9,0.0,21,62790,卖盘
13:28:48,29.9,0.0,388,1159953,卖盘
13:28:52,29.9,0.0,5,14950,卖盘
13:28:54,29.9,0.0,468,1398496,卖盘
13:28:56,29.9,0.0,99,296004,买盘
13:29:00,29.9,0.0,5,14950,买盘
13:29:03,29.9,0.0,6,17936,买盘
13:29:06,29.89,-0.01,213,636547,卖盘
13:29:08,29.89,0.0,40,119587,卖盘
13:29:12,29.88,-0.01,262,782895,卖盘
13:29:15,29.88,0.0,86,256968,买盘
13:29:18,29.88,0.0,23,68717,买盘
13:29:21,29.88,0.0,5,14936,买盘
13:29:24,29.87,-0.01,50,149350,卖盘
13:29:26,29.88,0.01,9,26889,买盘
13:29:31,29.88,0.0,20,59755,买盘
13:29:34,29.88,0.0,148,442080,买盘
13:29:36,29.86,-0.02,216,645123,卖盘
13:29:39,29.86,0.0,62,185165,卖盘
13:29:42,29.86,0.0,51,152280,买盘
13:29:45,29.85,-0.01,42,125372,卖盘
13:29:48,29.86,0.01,251,749457,买盘
13:29:52,29.86,0.0,16,47776,卖盘
13:29:54,29.88,0.02,294,878565,买盘
13:29:57,29.88,0.0,71,212084,买盘
13:30:01,29.87,-0.01,23,68702,卖盘
13:30:03,29.87,0.0,8,23899,卖盘
13:30:06,29.87,0.0,63,188183,卖盘
13:30:09,29.88,0.01,38,113527,买盘
13:30:12,29.87,-0.01,69,206167,卖盘
13:30:16,29.87,0.0,34,101558,卖盘
13:30:18,29.87,0.0,267,797546,卖盘
13:30:21,29.87,0.0,86,256859,买盘
13:30:24,29.87,0.0,136,406231,买盘
13:30:26,29.87,0.0,131,391295,买盘
13:30:30,29.86,-0.01,55,164247,卖盘
13:30:33,29.87,0.01,5,14934,买盘
13:30:35,29.87,0.0,28,83613,买盘
13:30:39,29.87,0.0,547,1633382,买盘
13:30:42,29.87,0.0,78,232950,买盘
13:30:45,29.87,0.0,37,110510,买盘
13:30:48,29.87,0.0,47,140387,买盘
13:30:51,29.87,0.0,20,59740,买盘
13:30:54,29.87,0.0,4,11948,买盘
13:30:57,29.87,0.0,12,35839,买盘
13:31:01,29.86,-0.01,23,68678,卖盘
13:31:03,29.87,0.01,30,89588,买盘
13:31:06,29.87,0.0,203,606260,买盘
13:31:09,29.86,-0.01,20,59722,卖盘
13:31:12,29.87,0.01,55,164245,买盘
13:31:15,29.87,0.0,33,98546,买盘
13:31:18,29.87,0.0,16,47782,买盘
13:31:21,29.86,-0.01,2,5972,卖盘
13:31:24,29.87,0.01,44,131385,买盘
13:31:27,29.87,0.0,42,125445,买盘
13:31:30,29.86,-0.01,9,26880,卖盘
13:31:32,29.87,0.01,330,985699,买盘
13:31:37,29.87,0.0,188,561556,买盘
13:31:38,29.87,0.0,67,200119,买盘
13:31:42,29.87,0.0,42,125454,卖盘
13:31:44,29.88,0.01,40,119520,买盘
13:31:47,29.88,0.0,113,337544,买盘
13:31:52,29.87,-0.01,136,406266,卖盘
13:31:53,29.88,0.01,17,50794,买盘
13:31:57,29.88,0.0,11,32864,买盘
13:32:00,29.87,-0.01,148,442084,卖盘
13:32:03,29.88,0.01,57,170315,买盘
13:32:07,29.88,0.0,34,101588,买盘
13:32:10,29.87,-0.01,23,68723,卖盘
13:32:12,29.9,0.03,510,1524525,买盘
13:32:15,29.9,0.0,52,155509,卖盘
13:32:18,29.91,0.01,43,128577,买盘
13:32:21,29.9,-0.01,1,2990,卖盘
13:32:24,29.91,0.01,7,20932,买盘
13:32:27,29.91,0.0,68,203377,买盘
13:32:30,29.91,0.0,27,80757,买盘
13:32:33,29.92,0.01,49,146566,买盘
13:32:37,29.91,-0.01,100,298443,卖盘
13:32:39,29.91,0.0,82,245265,卖盘
13:32:42,29.92,0.01,27,80767,买盘
13:32:45,29.91,-0.01,25,74788,卖盘
13:32:48,29.89,-0.02,860,2572233,卖盘
13:32:51,29.91,0.02,206,616246,买盘
13:32:54,29.91,0.0,249,744859,买盘
13:32:57,29.92,0.01,48,143493,买盘
13:33:00,29.91,-0.01,3,8974,中性盘
13:33:03,29.91,0.0,63,188443,卖盘
13:33:06,29.9,-0.01,173,517286,卖盘
13:33:09,29.9,0.0,10,29907,卖盘
13:33:12,29.91,0.01,1,2991,买盘
13:33:14,29.91,0.0,16,47854,买盘
13:33:18,29.91,0.0,105,314050,买盘
13:33:21,29.9,-0.01,70,209340,卖盘
13:33:24,29.9,0.0,69,206314,卖盘
13:33:27,29.91,0.01,23,68775,买盘
13:33:30,29.91,0.0,40,119603,买盘
13:33:32,29.9,-0.01,30,89716,卖盘
13:33:36,29.91,0.01,1,2991,买盘
13:33:39,29.91,0.0,23,68773,买盘
13:33:42,29.9,-0.01,111,331999,卖盘
13:33:46,29.91,0.01,23,68774,买盘
13:33:48,29.91,0.0,108,322927,买盘
13:33:51,29.9,-0.01,58,173435,卖盘
13:33:54,29.9,0.0,3,8970,卖盘
13:33:57,29.91,0.01,25,74773,买盘
