time,price,change,volume,amount,type
09:25:04,30.35,-0.4,2122,6440270,卖盘
09:30:03,30.3,-0.05,2699,8187867,卖盘
09:30:06,30.31,0.01,635,1924454,中性盘
09:30:08,30.28,-0.03,338,1023701,卖盘
09:30:11,30.28,0.0,35,105980,买盘
09:30:15,30.28,0.0,163,493561,买盘
09:30:18,30.25,-0.03,351,1062550,卖盘
09:30:21,30.23,-0.02,360,1088654,卖盘
09:30:23,30.23,0.0,231,698533,卖盘
09:30:26,30.27,0.04,332,1003469,买盘
09:30:30,30.26,-0.01,220,665684,卖盘
09:30:33,30.24,-0.02,624,1886521,卖盘
09:30:35,30.31,0.07,650,1966258,买盘
09:30:38,30.32,0.01,228,690917,买盘
09:30:41,30.26,-0.06,200,606084,卖盘
09:30:44,30.26,0.0,378,1144807,卖盘
09:30:48,30.21,-0.05,202,610837,卖盘
09:30:50,30.24,0.03,123,371739,买盘
09:30:53,30.26,0.02,331,1000313,买盘
09:30:56,30.18,-0.08,651,1966581,卖盘
09:30:59,30.18,0.0,1096,3309097,买盘
09:31:03,30.13,-0.05,289,870947,卖盘
09:31:06,30.13,0.0,1452,4371259,买盘
09:31:08,30.08,-0.05,386,1162122,卖盘
09:31:11,30.08,0.0,317,953373,买盘
09:31:15,30.08,0.0,400,1203199,买盘
09:31:18,30.07,-0.01,309,928959,卖盘
09:31:20,30.04,-0.03,294,883219,卖盘
09:31:23,30.03,-0.01,324,973074,卖盘
09:31:26,30.03,0.0,493,1480356,买盘
09:31:29,30.03,0.0,866,2600020,买盘
09:31:33,30.02,-0.01,847,2541888,中性盘
09:31:35,30.01,-0.01,833,2499423,卖盘
09:31:38,30.02,0.01,895,2685668,买盘
09:31:41,30.02,0.0,522,1567078,买盘
09:31:45,30.03,0.01,832,2496883,买盘
09:31:48,30.01,-0.02,546,1638673,卖盘
09:31:51,30.01,0.0,327,981292,买盘
09:31:53,30.01,0.0,390,1171112,卖盘
09:31:56,30.01,0.0,453,1359180,买盘
09:31:59,30.01,0.0,247,741304,卖盘
09:32:03,30.01,0.0,295,885456,卖盘
09:32:05,30.05,0.04,350,1051037,买盘
09:32:08,30.08,0.03,170,510955,买盘
09:32:11,30.05,-0.03,114,342669,卖盘
09:32:15,30.07,0.02,459,1379274,买盘
09:32:18,30.07,0.0,404,1213316,买盘
09:32:21,30.07,0.0,263,790594,卖盘
09:32:23,30.07,0.0,265,796337,买盘
09:32:26,30.08,0.01,697,2093317,买盘
09:32:29,30.05,-0.03,266,799630,卖盘
09:32:33,30.05,0.0,201,603943,买盘
09:32:36,30.07,0.02,198,595077,买盘
09:32:38,30.04,-0.03,211,634163,卖盘
09:32:41,30.07,0.03,134,402632,买盘
09:32:45,30.05,-0.02,234,703056,卖盘
09:32:47,30.03,-0.02,363,1090977,卖盘
09:32:50,30.05,0.02,286,859100,中性盘
09:32:53,30.05,0.0,163,489571,买盘
09:32:56,30.04,-0.01,92,276256,卖盘
09:33:00,30.06,0.02,123,369520,买盘
09:33:02,30.07,0.01,205,615864,买盘
09:33:06,30.03,-0.04,713,2141429,卖盘
09:33:08,30.03,0.0,494,1483068,买盘
09:33:11,30.04,0.01,435,1306262,买盘
09:33:15,30.04,0.0,488,1465369,买盘
09:33:17,30.05,0.01,175,526021,买盘
09:33:21,30.05,0.0,37,111211,卖盘
09:33:23,30.06,0.01,77,231421,买盘
09:33:26,30.05,-0.01,91,273509,卖盘
09:33:29,30.06,0.01,30,90191,中性盘
09:33:32,30.07,0.01,216,649337,买盘
09:33:35,30.06,-0.01,204,613376,卖盘
09:33:38,30.08,0.02,76,228517,买盘
09:33:41,30.09,0.01,621,1867816,买盘
09:33:45,30.07,-0.02,102,306987,卖盘
09:33:48,30.08,0.01,171,514391,卖盘
09:33:50,30.09,0.01,94,282952,中性盘
09:33:53,30.12,0.03,15,45172,买盘
09:33:56,30.09,-0.03,159,478856,卖盘
09:33:59,30.14,0.05,16,48200,买盘
09:34:03,30.14,0.0,108,325661,买盘
09:34:06,30.11,-0.03,149,448989,卖盘
09:34:08,30.18,0.07,21,63351,中性盘
09:34:11,30.19,0.01,34,102639,买盘
09:34:15,30.16,-0.03,64,193189,卖盘
09:34:17,30.2,0.04,102,307825,买盘
09:34:20,30.19,-0.01,113,341192,中性盘
09:34:23,30.18,-0.01,181,546136,卖盘
09:34:26,30.2,0.02,248,748489,买盘
09:34:30,30.18,-0.02,327,987167,卖盘
09:34:33,30.16,-0.02,186,561042,卖盘
09:34:35,30.25,0.09,598,1805252,买盘
09:34:38,30.2,-0.05,396,1197815,卖盘
09:34:41,30.18,-0.02,269,812188,卖盘
09:34:44,30.2,0.02,152,459049,中性盘
09:34:48,30.22,0.02,41,123860,买盘
09:34:51,30.2,-0.02,109,329215,卖盘
09:34:53,30.2,0.0,261,788259,卖盘
09:34:56,30.2,0.0,112,338328,卖盘
09:35:00,30.21,0.01,256,773150,买盘
09:35:03,30.22,0.01,279,842885,买盘
09:35:05,30.22,0.0,148,447196,买盘
09:35:08,30.23,0.01,57,172293,买盘
09:35:11,30.24,0.01,30,90695,买盘
09:35:15,30.25,0.01,27,81649,买盘
09:35:18,30.24,-0.01,293,886348,卖盘
09:35:20,30.3,0.06,253,766183,买盘
09:35:23,30.3,0.0,38,115075,买盘
09:35:26,30.3,0.0,85,257561,卖盘
09:35:29,30.3,0.0,313,948291,卖盘
09:35:33,30.3,0.0,100,303073,买盘
09:35:35,30.3,0.0,126,381843,卖盘
09:35:38,30.32,0.02,778,2357196,买盘
09:35:41,30.32,0.0,179,542787,卖盘
09:35:44,30.32,0.0,180,545692,卖盘
09:35:48,30.32,0.0,291,882094,买盘
09:35:51,30.32,0.0,59,178794,买盘
09:35:53,30.32,0.0,175,530353,买盘
09:35:56,30.3,-0.02,93,281828,卖盘
09:35:59,30.32,0.02,85,257619,买盘
09:36:03,30.3,-0.02,34,103040,中性盘
09:36:05,30.3,0.0,27,81813,买盘
09:36:08,30.29,-0.01,87,263591,卖盘
09:36:11,30.26,-0.03,383,1159738,卖盘
09:36:14,30.25,-0.01,210,635369,卖盘
09:36:18,30.28,0.03,77,232945,中性盘
09:36:20,30.29,0.01,84,254439,买盘
09:36:23,30.28,-0.01,71,215013,卖盘
09:36:26,30.26,-0.02,434,1313254,中性盘
09:36:30,30.29,0.03,123,372119,买盘
09:36:33,30.26,-0.03,212,641429,卖盘
09:36:35,30.25,-0.01,102,308613,卖盘
09:36:39,30.25,0.0,88,266209,卖盘
09:36:41,30.24,-0.01,142,429568,卖盘
09:36:45,30.25,0.01,86,260151,中性盘
09:36:48,30.25,0.0,564,1705306,卖盘
09:36:51,30.25,0.0,292,883277,买盘
09:36:53,30.21,-0.04,288,870550,卖盘
09:36:56,30.24,0.03,22,66487,中性盘
09:36:59,30.25,0.01,143,432424,买盘
09:37:02,30.23,-0.02,11,33243,中性盘
09:37:05,30.23,0.0,81,244806,买盘
09:37:09,30.25,0.02,148,447700,买盘
09:37:11,30.26,0.01,345,1044034,买盘
09:37:15,30.28,0.02,69,208866,买盘
09:37:18,30.29,0.01,223,675467,买盘
09:37:20,30.28,-0.01,252,763213,卖盘
09:37:23,30.28,0.0,11,33310,买盘
09:37:26,30.28,0.0,58,175697,卖盘
09:37:29,30.28,0.0,76,230149,卖盘
09:37:32,30.28,0.0,232,703122,卖盘
09:37:35,30.28,0.0,186,563095,买盘
09:37:38,30.28,0.0,362,1095083,买盘
09:37:41,30.24,-0.04,133,402458,中性盘
09:37:45,30.26,0.02,128,387247,买盘
09:37:47,30.28,0.02,240,726268,买盘
09:37:50,30.28,0.0,67,202746,买盘
09:37:53,30.26,-0.02,50,151366,卖盘
09:37:56,30.26,0.0,394,1192618,卖盘
09:37:59,30.28,0.02,40,121074,买盘
09:38:03,30.26,-0.02,103,311685,卖盘
09:38:05,30.27,0.01,326,986491,中性盘
09:38:08,30.28,0.01,199,602279,买盘
09:38:11,30.28,0.0,87,263353,买盘
09:38:15,30.26,-0.02,118,357122,卖盘
09:38:17,30.25,-0.01,659,1993263,卖盘
09:38:21,30.24,-0.01,24,72576,买盘
09:38:23,30.23,-0.01,65,196612,卖盘
09:38:26,30.26,0.03,30,90697,买盘
09:38:29,30.24,-0.02,19,57447,中性盘
09:38:32,30.25,0.01,57,172375,买盘
09:38:35,30.25,0.0,102,308425,买盘
09:38:38,30.25,0.0,16,48397,买盘
09:38:41,30.22,-0.03,129,390070,卖盘
09:38:45,30.24,0.02,48,145092,买盘
09:38:48,30.23,-0.01,250,755315,卖盘
09:38:51,30.21,-0.02,1676,5068586,卖盘
09:38:53,30.23,0.02,101,305144,买盘
09:38:56,30.23,0.0,28,84623,买盘
09:38:59,30.22,-0.01,152,459246,卖盘
09:39:02,30.22,0.0,280,846450,买盘
09:39:06,30.23,0.01,90,272090,买盘
09:39:08,30.23,0.0,382,1154880,买盘
09:39:11,30.3,0.07,2550,7705097,买盘
09:39:15,30.3,0.0,956,2896680,买盘
09:39:18,30.3,0.0,1,3030,买盘
09:39:21,30.3,0.0,51,154516,买盘
09:39:23,30.3,0.0,209,633270,买盘
09:39:26,30.3,0.0,11,33332,卖盘
09:39:29,30.31,0.01,9,27277,中性盘
09:39:33,30.33,0.02,29,87941,买盘
09:39:36,30.33,0.0,40,121315,买盘
09:39:38,30.32,-0.01,23,69756,卖盘
09:39:41,30.32,0.0,9,27288,卖盘
09:39:45,30.31,-0.01,50,151630,卖盘
09:39:48,30.32,0.01,45,136455,卖盘
09:39:51,30.32,0.0,166,503312,买盘
09:39:53,30.3,-0.02,95,287945,卖盘
09:39:56,30.33,0.03,93,282064,买盘
09:40:00,30.33,0.0,1,3033,卖盘
09:40:03,30.33,0.0,104,315432,卖盘
09:40:06,30.33,0.0,173,524825,买盘
09:40:08,30.33,0.0,98,297188,买盘
09:40:11,30.32,-0.01,167,506484,卖盘
09:40:15,30.32,0.0,2,6064,卖盘
09:40:18,30.33,0.01,52,157747,卖盘
09:40:20,30.32,-0.01,48,145573,卖盘
09:40:23,30.32,0.0,204,618551,卖盘
09:40:26,30.34,0.02,293,888615,买盘
09:40:29,30.33,-0.01,52,157730,卖盘
09:40:33,30.35,0.02,216,655494,买盘
09:40:35,30.35,0.0,23,69818,卖盘
09:40:38,30.36,0.01,45,136607,买盘
09:40:41,30.37,0.01,23,69847,买盘
09:40:45,30.37,0.0,51,154927,买盘
09:40:47,30.33,-0.04,915,2776730,卖盘
09:40:50,30.37,0.04,31,94155,卖盘
09:40:53,30.35,-0.02,39,118411,卖盘
09:40:56,30.37,0.02,51,154852,买盘
09:41:00,30.34,-0.03,114,345919,卖盘
09:41:02,30.36,0.02,147,446137,中性盘
09:41:05,30.37,0.01,11,33401,买盘
09:41:08,30.34,-0.03,87,264027,中性盘
09:41:11,30.36,0.02,11,33393,买盘
09:41:15,30.36,0.0,18,54644,买盘
09:41:18,30.37,0.01,83,252054,买盘
09:41:20,30.36,-0.01,25,75895,卖盘
09:41:23,30.36,0.0,297,901610,买盘
09:41:26,30.36,0.0,215,652920,买盘
09:41:30,30.35,-0.01,45,136621,卖盘
09:41:32,30.36,0.01,84,255096,卖盘
09:41:35,30.37,0.01,119,361267,中性盘
09:41:38,30.36,-0.01,40,121471,卖盘
09:41:41,30.37,0.01,28,85034,买盘
09:41:45,30.36,-0.01,47,142704,卖盘
09:41:48,30.36,0.0,131,397737,卖盘
09:41:53,30.38,0.02,56,170096,买盘
09:41:56,30.36,-0.02,55,167063,卖盘
09:41:59,30.37,0.01,129,391771,买盘
09:42:03,30.37,0.0,271,823444,买盘
09:42:06,30.37,0.0,184,558959,卖盘
09:42:08,30.39,0.02,156,473844,买盘
09:42:11,30.37,-0.02,18,54669,中性盘
09:42:15,30.37,0.0,19,57721,卖盘
09:42:18,30.38,0.01,54,164091,卖盘
09:42:21,30.4,0.02,14,42548,买盘
09:42:23,30.39,-0.01,3,9117,卖盘
09:42:26,30.4,0.01,2,6079,买盘
09:42:30,30.4,0.0,10,30393,买盘
09:42:33,30.4,0.0,26,79029,买盘
09:42:35,30.4,0.0,132,401271,买盘
09:42:38,30.4,0.0,42,127680,卖盘
09:42:41,30.41,0.01,95,288835,买盘
09:42:45,30.4,-0.01,46,139881,卖盘
09:42:48,30.41,0.01,11,33450,买盘
09:42:50,30.41,0.0,51,155079,买盘
09:42:53,30.42,0.01,8,24330,买盘
09:42:56,30.42,0.0,28,85157,买盘
09:42:59,30.43,0.01,204,620570,买盘
09:43:03,30.43,0.0,39,118678,买盘
09:43:06,30.43,0.0,1003,3050075,卖盘
09:43:08,30.43,0.0,101,307403,买盘
09:43:11,30.45,0.02,199,605930,买盘
09:43:14,30.45,0.0,17,51766,卖盘
09:43:17,30.44,-0.01,130,395843,卖盘
09:43:20,30.45,0.01,59,179644,买盘
09:43:23,30.44,-0.01,15,45672,卖盘
09:43:26,30.44,0.0,124,377482,卖盘
09:43:30,30.46,0.02,98,298351,买盘
09:43:32,30.45,-0.01,81,246662,卖盘
09:43:36,30.44,-0.01,181,551013,卖盘
09:43:38,30.43,-0.01,117,356128,卖盘
09:43:41,30.42,-0.01,223,678563,卖盘
09:43:45,30.46,0.04,928,2825853,买盘
09:43:47,30.5,0.04,389,1185844,买盘
09:43:50,30.46,-0.04,22,67012,卖盘
09:43:53,30.46,0.0,31,94448,卖盘
09:43:56,30.47,0.01,48,146219,买盘
09:43:59,30.49,0.02,53,161558,买盘
09:44:03,30.47,-0.02,70,213438,卖盘
09:44:05,30.47,0.0,36,109668,买盘
09:44:08,30.46,-0.01,197,600222,卖盘
09:44:11,30.49,0.03,194,591069,买盘
09:44:15,30.49,0.0,92,280496,卖盘
09:44:18,30.48,-0.01,553,1684895,卖盘
09:44:20,30.5,0.02,987,3010170,买盘
09:44:23,30.48,-0.02,26,79285,卖盘
09:44:26,30.49,0.01,30,91471,买盘
09:44:29,30.48,-0.01,86,262314,卖盘
09:44:32,30.5,0.02,47,143350,买盘
09:44:36,30.5,0.0,46,140252,买盘
09:44:38,30.49,-0.01,212,646423,卖盘
09:44:42,30.49,0.0,20,60980,买盘
09:44:44,30.49,0.0,246,750034,买盘
09:44:48,30.5,0.01,86,262269,买盘
09:44:50,30.5,0.0,28,85401,卖盘
09:44:53,30.51,0.01,42,128102,买盘
09:44:56,30.51,0.0,53,161677,买盘
09:44:59,30.51,0.0,432,1317706,卖盘
09:45:03,30.51,0.0,13,39674,卖盘
09:45:05,30.53,0.02,40,122051,买盘
09:45:08,30.52,-0.01,29,88486,中性盘
09:45:12,30.52,0.0,60,183100,买盘
09:45:15,30.52,0.0,106,323441,买盘
09:45:17,30.5,-0.02,296,903069,卖盘
09:45:21,30.52,0.02,146,445428,买盘
09:45:23,30.52,0.0,87,265452,卖盘
09:45:26,30.52,0.0,88,268576,卖盘
09:45:30,30.51,-0.01,178,543238,卖盘
09:45:33,30.49,-0.02,192,585625,卖盘
09:45:36,30.49,0.0,98,298807,卖盘
09:45:38,30.49,0.0,227,692250,买盘
09:45:42,30.48,-0.01,126,384085,卖盘
09:45:44,30.48,0.0,8,24384,买盘
09:45:47,30.46,-0.02,43,130998,卖盘
09:45:50,30.45,-0.01,266,809972,卖盘
09:45:53,30.44,-0.01,52,158289,卖盘
09:45:56,30.44,0.0,1009,3072322,买盘
09:46:00,30.41,-0.03,41,124773,卖盘
09:46:02,30.43,0.02,6,18257,买盘
09:46:05,30.41,-0.02,752,2288425,卖盘
09:46:08,30.43,0.02,132,401674,买盘
09:46:12,30.41,-0.02,528,1604393,卖盘
09:46:15,30.41,0.0,88,267594,买盘
09:46:18,30.4,-0.01,231,702467,中性盘
09:46:21,30.41,0.01,275,835746,买盘
09:46:23,30.4,-0.01,438,1330210,中性盘
09:46:26,30.38,-0.02,133,404408,卖盘
09:46:29,30.39,0.01,457,1389705,中性盘
09:46:33,30.43,0.04,97,294779,买盘
09:46:35,30.4,-0.03,10,30399,中性盘
09:46:38,30.43,0.03,24,73022,买盘
09:46:41,30.41,-0.02,35,106435,卖盘
09:46:45,30.42,0.01,6,18247,中性盘
09:46:48,30.43,0.01,19,57834,买盘
09:46:51,30.42,-0.01,112,340648,卖盘
09:46:53,30.42,0.0,124,377138,卖盘
09:46:56,30.41,-0.01,46,139886,中性盘
09:46:59,30.4,-0.01,110,334412,卖盘
09:47:03,30.4,0.0,29,88167,卖盘
09:47:06,30.42,0.02,85,260046,买盘
09:47:08,30.42,0.0,62,188579,买盘
09:47:12,30.42,0.0,76,231219,买盘
09:47:15,30.42,0.0,13,39525,买盘
09:47:18,30.41,-0.01,27,82114,卖盘
09:47:20,30.42,0.01,53,161167,买盘
09:47:23,30.41,-0.01,64,194654,中性盘
09:47:26,30.41,0.0,92,279738,卖盘
09:47:29,30.41,0.0,379,1152170,卖盘
09:47:33,30.41,0.0,459,1395423,买盘
09:47:35,30.41,0.0,106,322447,卖盘
09:47:38,30.41,0.0,14,42583,卖盘
09:47:42,30.42,0.01,73,222019,买盘
09:47:45,30.43,0.01,556,1692616,买盘
09:47:48,30.43,0.0,57,173450,买盘
09:47:50,30.42,-0.01,140,425894,卖盘
09:47:53,30.43,0.01,30,91263,买盘
09:47:56,30.43,0.0,15,45637,买盘
09:47:59,30.43,0.0,379,1153799,买盘
09:48:03,30.43,0.0,15,45678,中性盘
09:48:05,30.5,0.07,331,1008941,买盘
09:48:08,30.48,-0.02,11,33558,卖盘
09:48:11,30.47,-0.01,5,15237,卖盘
09:48:13,30.5,0.03,8,24396,买盘
09:48:18,30.47,-0.03,30,91465,卖盘
09:48:20,30.49,0.02,12,36598,中性盘
09:48:23,30.5,0.01,10,30491,买盘
09:48:26,30.5,0.0,20,60999,买盘
09:48:30,30.49,-0.01,178,542071,卖盘
09:48:33,30.49,0.0,240,731810,卖盘
09:48:34,30.49,0.0,7,21349,卖盘
09:48:38,30.5,0.01,117,356850,买盘
09:48:42,30.49,-0.01,60,182975,卖盘
09:48:45,30.51,0.02,52,158622,买盘
09:48:47,30.5,-0.01,13,39651,卖盘
09:48:50,30.5,0.0,68,207402,卖盘
09:48:53,30.5,0.0,170,518500,买盘
09:48:56,30.5,0.0,174,530700,卖盘
09:48:59,30.5,0.0,101,308008,买盘
09:49:02,30.5,0.0,44,134194,买盘
09:49:05,30.5,0.0,30,91500,买盘
09:49:08,30.49,-0.01,229,698424,卖盘
09:49:11,30.51,0.02,397,1211004,买盘
09:49:15,30.51,0.0,123,375273,卖盘
09:49:18,30.51,0.0,157,479007,卖盘
09:49:20,30.52,0.01,14,42722,买盘
09:49:23,30.5,-0.02,224,683293,卖盘
09:49:26,30.51,0.01,481,1467802,买盘
09:49:31,30.51,0.0,19,57969,买盘
09:49:33,30.51,0.0,399,1216987,买盘
09:49:36,30.5,-0.01,114,347690,卖盘
09:49:38,30.5,0.0,312,951505,买盘
09:49:42,30.5,0.0,47,143344,卖盘
09:49:45,30.5,0.0,7,21350,买盘
09:49:47,30.5,0.0,58,176845,买盘
09:49:51,30.51,0.01,496,1512520,买盘
09:49:53,30.49,-0.02,68,207425,卖盘
09:49:56,30.49,0.0,72,219528,买盘
09:50:00,30.49,0.0,56,170791,买盘
09:50:03,30.49,0.0,40,121960,卖盘
09:50:05,30.51,0.02,57,173859,买盘
09:50:08,30.5,-0.01,105,320344,卖盘
09:50:12,30.51,0.01,19,57953,买盘
09:50:15,30.51,0.0,302,921392,买盘
09:50:18,30.5,-0.01,259,790100,卖盘
09:50:20,30.51,0.01,4,12206,中性盘
09:50:23,30.51,0.0,97,295981,卖盘
09:50:26,30.54,0.03,350,1068258,买盘
09:50:29,30.54,0.0,39,119086,买盘
09:50:32,30.53,-0.01,26,79418,卖盘
09:50:36,30.52,-0.01,126,384670,卖盘
09:50:38,30.54,0.02,594,1813081,卖盘
09:50:41,30.54,0.0,50,152702,买盘
09:50:45,30.55,0.01,14,42770,买盘
09:50:48,30.56,0.01,64,195540,买盘
09:50:50,30.56,0.0,38,116135,卖盘
09:50:53,30.55,-0.01,121,369691,卖盘
09:50:56,30.56,0.01,180,550087,卖盘
09:50:59,30.56,0.0,56,171136,卖盘
09:51:03,30.57,0.01,1118,3419058,买盘
09:51:05,30.57,0.0,100,305714,卖盘
09:51:08,30.56,-0.01,49,150066,卖盘
09:51:11,30.57,0.01,225,687447,买盘
09:51:15,30.56,-0.01,436,1332382,卖盘
09:51:18,30.57,0.01,305,932198,买盘
09:51:20,30.61,0.04,402,1229903,买盘
09:51:23,30.6,-0.01,357,1092327,卖盘
09:51:26,30.57,-0.03,111,339591,卖盘
09:51:29,30.57,0.0,23,70311,买盘
09:51:32,30.56,-0.01,543,1661458,卖盘
09:51:36,30.57,0.01,8,24455,中性盘
09:51:38,30.57,0.0,42,128373,买盘
09:51:41,30.56,-0.01,85,259966,卖盘
09:51:44,30.57,0.01,72,220095,买盘
09:51:46,30.57,0.0,110,336197,买盘
09:51:50,30.57,0.0,910,2781863,买盘
09:51:53,30.56,-0.01,21,64192,中性盘
09:51:56,30.55,-0.01,31,94737,卖盘
09:51:59,30.55,0.0,127,387992,卖盘
09:52:02,30.55,0.0,708,2163296,买盘
09:52:05,30.55,0.0,12,36660,买盘
09:52:08,30.54,-0.01,163,497645,卖盘
09:52:11,30.52,-0.02,24,73283,卖盘
09:52:15,30.54,0.02,175,534212,买盘
09:52:17,30.52,-0.02,43,131302,卖盘
09:52:20,30.54,0.02,78,238212,买盘
09:52:23,30.54,0.0,52,158738,买盘
09:52:26,30.53,-0.01,23,70201,中性盘
09:52:29,30.52,-0.01,62,188943,卖盘
09:52:33,30.51,-0.01,39,119021,卖盘
09:52:35,30.51,0.0,9,27470,卖盘
09:52:38,30.52,0.01,46,140376,买盘
09:52:40,30.51,-0.01,176,536996,卖盘
09:52:43,30.51,0.0,38,115943,卖盘
09:52:47,30.51,0.0,101,308180,卖盘
09:52:50,30.52,0.01,48,146465,买盘
09:52:53,30.51,-0.01,82,250184,卖盘
09:52:56,30.51,0.0,2,6102,卖盘
09:52:59,30.51,0.0,137,418023,卖盘
09:53:02,30.51,0.0,67,204433,卖盘
09:53:05,30.52,0.01,400,1220789,买盘
09:53:08,30.49,-0.03,298,909076,卖盘
09:53:11,30.5,0.01,9,27450,买盘
09:53:14,30.47,-0.03,465,1416994,卖盘
09:53:17,30.45,-0.02,21,63965,卖盘
09:53:20,30.49,0.04,75,228547,买盘
09:53:23,30.49,0.0,19,57939,卖盘
09:53:26,30.5,0.01,512,1560093,买盘
09:53:29,30.45,-0.05,2,6090,卖盘
09:53:32,30.49,0.04,36,109703,买盘
09:53:35,30.49,0.0,30,91470,买盘
09:53:42,30.47,-0.02,70,213290,卖盘
09:53:43,30.47,0.0,78,237704,卖盘
09:53:46,30.49,0.02,26,79250,买盘
09:53:50,30.47,-0.02,121,368737,卖盘
09:53:53,30.47,0.0,38,115786,卖盘
09:53:56,30.46,-0.01,130,396019,卖盘
09:53:59,30.46,0.0,105,319863,买盘
09:54:02,30.46,0.0,53,161519,卖盘
09:54:05,30.46,0.0,225,685312,卖盘
09:54:08,30.46,0.0,19,57874,买盘
09:54:11,30.45,-0.01,33,100759,卖盘
09:54:14,30.46,0.01,500,1522844,买盘
09:54:17,30.47,0.01,26,79203,买盘
09:54:20,30.46,-0.01,8,24368,卖盘
09:54:23,30.46,0.0,36,109661,卖盘
09:54:26,30.46,0.0,29,88339,卖盘
09:54:29,30.45,-0.01,29,88337,卖盘
09:54:32,30.45,0.0,18,54810,卖盘
09:54:35,30.46,0.01,201,610860,买盘
09:54:37,30.45,-0.01,32,97440,卖盘
09:54:40,30.45,0.0,15,45683,卖盘
09:54:44,30.45,0.0,63,192184,卖盘
09:54:47,30.45,0.0,263,800881,卖盘
09:54:50,30.45,0.0,36,110594,卖盘
09:54:53,30.45,0.0,24,73082,买盘
09:54:56,30.44,-0.01,142,432300,卖盘
09:54:59,30.44,0.0,353,1074288,卖盘
09:55:02,30.44,0.0,328,999269,买盘
09:55:05,30.45,0.01,560,1702709,买盘
09:55:07,30.43,-0.02,826,2514467,卖盘
09:55:12,30.43,0.0,83,252604,卖盘
09:55:14,30.43,0.0,40,121722,卖盘
09:55:17,30.42,-0.01,49,149822,卖盘
09:55:19,30.42,0.0,860,2617373,卖盘
09:55:23,30.4,-0.02,106,322351,卖盘
09:55:26,30.42,0.02,41,124690,买盘
09:55:28,30.41,-0.01,507,1542290,卖盘
09:55:32,30.42,0.01,11,33458,买盘
09:55:35,30.41,-0.01,82,247973,卖盘
09:55:37,30.41,0.0,215,653815,卖盘
09:55:41,30.4,-0.01,257,782937,卖盘
09:55:43,30.41,0.01,29,88827,买盘
09:55:47,30.4,-0.01,14,42561,卖盘
09:55:53,30.4,0.0,252,766118,卖盘
09:55:56,30.41,0.01,541,1643503,买盘
09:55:59,30.4,-0.01,60,182398,卖盘
09:56:01,30.4,0.0,130,395088,买盘
09:56:05,30.4,0.0,45,136762,买盘
09:56:08,30.39,-0.01,57,173253,卖盘
09:56:11,30.39,0.0,7,19175,卖盘
09:56:14,30.38,-0.01,84,257395,卖盘
09:56:17,30.38,0.0,8,24304,买盘
09:56:20,30.37,-0.01,234,710534,卖盘
09:56:23,30.38,0.01,6,16037,买盘
09:56:26,30.37,-0.01,51,154890,卖盘
09:56:28,30.37,0.0,17,51629,卖盘
09:56:32,30.35,-0.02,320,971619,卖盘
09:56:35,30.35,0.0,11,33385,买盘
09:56:37,30.35,0.0,8,24280,买盘
09:56:41,30.34,-0.01,62,188118,卖盘
09:56:44,30.32,-0.02,515,1561662,卖盘
09:56:46,30.34,0.02,46,139564,中性盘
09:56:50,30.35,0.01,89,270079,买盘
09:56:53,30.33,-0.02,68,206348,卖盘
09:56:56,30.33,0.0,105,319991,卖盘
09:56:59,30.34,0.01,40,121324,买盘
09:57:01,30.33,-0.01,238,720480,卖盘
09:57:05,30.33,0.0,35,106139,买盘
09:57:08,30.32,-0.01,229,694347,卖盘
09:57:11,30.32,0.0,82,248624,买盘
09:57:14,30.32,0.0,99,300125,买盘
09:57:17,30.3,-0.02,197,597071,卖盘
09:57:20,30.3,0.0,487,1476531,卖盘
09:57:23,30.3,0.0,39,117259,卖盘
09:57:26,30.3,0.0,21,64234,买盘
09:57:29,30.29,-0.01,441,1336220,卖盘
09:57:32,30.3,0.01,48,144808,买盘
09:57:34,30.29,-0.01,46,139343,中性盘
09:57:38,30.29,0.0,101,305969,买盘
09:57:41,30.3,0.01,163,495130,买盘
09:57:44,30.28,-0.02,58,175714,卖盘
09:57:47,30.3,0.02,123,372643,买盘
09:57:49,30.3,0.0,243,736164,卖盘
09:57:53,30.29,-0.01,12,36355,卖盘
09:57:55,30.3,0.01,300,908995,买盘
09:57:59,30.29,-0.01,57,172714,卖盘
09:58:02,30.31,0.02,119,360636,买盘
09:58:05,30.3,-0.01,56,169683,卖盘
09:58:08,30.31,0.01,94,284851,买盘
09:58:11,30.31,0.0,182,551603,买盘
09:58:14,30.31,0.0,93,281826,买盘
09:58:17,30.31,0.0,230,696952,买盘
09:58:20,30.3,-0.01,137,415117,卖盘
09:58:23,30.3,0.0,80,242405,买盘
09:58:26,30.3,0.0,56,169672,买盘
09:58:28,30.3,0.0,367,1111729,买盘
09:58:32,30.29,-0.01,495,1499369,卖盘
09:58:35,30.28,-0.01,56,169622,卖盘
09:58:38,30.29,0.01,94,284705,买盘
09:58:41,30.29,0.0,235,712081,买盘
09:58:44,30.27,-0.02,24,72193,卖盘
09:58:46,30.28,0.01,309,935483,买盘
09:58:50,30.27,-0.01,80,242146,中性盘
09:58:53,30.27,0.0,238,720435,卖盘
09:58:56,30.28,0.01,190,575140,买盘
09:58:58,30.28,0.0,115,348162,买盘
09:59:02,30.28,0.0,298,902995,买盘
09:59:05,30.28,0.0,56,169568,卖盘
09:59:07,30.28,0.0,149,450745,卖盘
09:59:11,30.27,-0.01,36,108998,卖盘
09:59:14,30.28,0.01,91,275540,买盘
09:59:16,30.28,0.0,161,487509,买盘
09:59:20,30.28,0.0,23,69645,卖盘
09:59:23,30.29,0.01,36,109020,买盘
09:59:25,30.28,-0.01,51,154438,卖盘
09:59:29,30.28,0.0,87,262357,卖盘
09:59:32,30.28,0.0,18,54521,卖盘
09:59:35,30.29,0.01,43,130234,买盘
09:59:37,30.28,-0.01,137,414908,卖盘
09:59:40,30.28,0.0,236,714629,卖盘
09:59:44,30.28,0.0,663,2008191,卖盘
09:59:47,30.29,0.01,212,642145,买盘
09:59:50,30.28,-0.01,29,87819,卖盘
09:59:53,30.29,0.01,63,190824,买盘
09:59:56,30.29,0.0,126,381646,买盘
09:59:58,30.3,0.01,215,651787,买盘
10:00:02,30.28,-0.02,14,42405,卖盘
10:00:04,30.31,0.03,344,1042240,买盘
10:00:08,30.31,0.0,78,236349,买盘
10:00:11,30.3,-0.01,16,48480,卖盘
10:00:14,30.3,0.0,186,563668,卖盘
10:00:17,30.3,0.0,8,25665,卖盘
10:00:20,30.29,-0.01,243,734742,卖盘
10:00:23,30.29,0.0,163,493786,买盘
10:00:26,30.29,0.0,54,163169,卖盘
10:00:29,30.29,0.0,67,202957,买盘
10:00:32,30.29,0.0,255,772399,买盘
10:00:34,30.29,0.0,66,199915,卖盘
10:00:38,30.3,0.01,118,357498,买盘
10:00:41,30.3,0.0,199,602978,买盘
10:00:44,30.31,0.01,178,539378,买盘
10:00:47,30.3,-0.01,226,684768,卖盘
10:00:50,30.29,-0.01,107,324137,卖盘
10:00:53,30.29,0.0,110,333605,卖盘
10:00:55,30.29,0.0,70,212044,卖盘
10:00:59,30.29,0.0,251,759999,卖盘
10:01:01,30.29,0.0,152,460311,买盘
10:01:05,30.28,-0.01,90,272561,卖盘
10:01:08,30.28,0.0,196,593501,卖盘
10:01:11,30.29,0.01,85,257412,买盘
10:01:14,30.3,0.01,289,876112,买盘
10:01:17,30.3,0.0,68,206085,卖盘
10:01:19,30.3,0.0,162,490860,卖盘
10:01:23,30.29,-0.01,103,313587,卖盘
10:01:26,30.3,0.01,16,48480,买盘
10:01:28,30.29,-0.01,24,72709,卖盘
10:01:32,30.3,0.01,30,90874,买盘
10:01:34,30.31,0.01,143,433273,买盘
10:01:38,30.3,-0.01,118,357640,中性盘
10:01:41,30.3,0.0,26,78784,卖盘
10:01:43,30.31,0.01,48,145475,买盘
10:01:47,30.31,0.0,146,442389,买盘
10:01:50,30.3,-0.01,37,112110,卖盘
10:01:53,30.3,0.0,75,227237,卖盘
10:01:56,30.3,0.0,311,942484,买盘
10:01:59,30.3,0.0,134,405997,买盘
10:02:02,30.29,-0.01,23,69689,卖盘
10:02:05,30.3,0.01,154,466532,买盘
10:02:08,30.31,0.01,129,390842,买盘
10:02:11,30.29,-0.02,147,445284,卖盘
10:02:14,30.3,0.01,46,139342,买盘
10:02:16,30.3,0.0,16,48475,买盘
10:02:20,30.3,0.0,88,266589,买盘
10:02:23,30.3,0.0,50,149801,买盘
10:02:26,30.29,-0.01,84,254489,卖盘
10:02:28,30.3,0.01,62,187829,买盘
10:02:32,30.3,0.0,46,139379,买盘
10:02:34,30.3,0.0,28,84816,买盘
10:02:38,30.3,0.0,52,157512,买盘
10:02:41,30.3,0.0,90,272696,买盘
10:02:44,30.29,-0.01,92,278736,卖盘
10:02:46,30.29,0.0,64,193900,卖盘
10:02:50,30.3,0.01,98,296877,买盘
10:02:53,30.29,-0.01,49,148440,卖盘
10:02:56,30.3,0.01,224,678927,买盘
10:02:59,30.3,0.0,135,408999,买盘
10:03:02,30.3,0.0,19,57553,买盘
10:03:05,30.29,-0.01,42,127231,卖盘
10:03:08,30.29,0.0,35,106030,卖盘
10:03:11,30.29,0.0,19,57553,卖盘
10:03:14,30.3,0.01,47,142958,买盘
10:03:17,30.29,-0.01,103,312061,卖盘
10:03:20,30.3,0.01,66,199919,买盘
10:03:23,30.3,0.0,27,82040,买盘
10:03:26,30.3,0.0,98,296856,买盘
10:03:28,30.3,0.0,36,109058,买盘
10:03:32,30.3,0.0,220,664951,买盘
10:03:35,30.29,-0.01,18,54512,卖盘
10:03:38,30.28,-0.01,426,1290989,卖盘
10:03:40,30.28,0.0,51,154423,买盘
10:03:44,30.27,-0.01,18,54486,卖盘
10:03:47,30.28,0.01,19,57531,买盘
10:03:50,30.27,-0.01,44,133671,卖盘
10:03:53,30.27,0.0,21,63586,卖盘
10:03:56,30.28,0.01,37,112008,买盘
10:03:59,30.27,-0.01,389,1177134,卖盘
10:04:02,30.27,0.0,501,1516836,买盘
10:04:04,30.28,0.01,110,332432,买盘
10:04:08,30.26,-0.02,185,560105,卖盘
10:04:10,30.27,0.01,14,42378,中性盘
10:04:14,30.27,0.0,18,54477,买盘
10:04:17,30.27,0.0,55,166800,买盘
10:04:20,30.26,-0.01,58,175521,卖盘
10:04:23,30.27,0.01,55,166449,买盘
10:04:26,30.27,0.0,90,272360,买盘
10:04:29,30.25,-0.02,411,1243840,卖盘
10:04:32,30.26,0.01,31,93806,买盘
10:04:34,30.27,0.01,91,275345,买盘
10:04:38,30.26,-0.01,64,193674,中性盘
10:04:41,30.25,-0.01,46,139165,卖盘
10:04:43,30.25,0.0,22,67229,卖盘
10:04:48,30.26,0.01,40,121030,买盘
10:04:50,30.26,0.0,62,187568,卖盘
10:04:53,30.25,-0.01,41,124044,卖盘
10:04:56,30.25,0.0,60,181520,卖盘
10:04:59,30.25,0.0,781,2362607,卖盘
10:05:02,30.25,0.0,453,1370413,卖盘
10:05:05,30.24,-0.01,37,111906,卖盘
10:05:08,30.24,0.0,87,263146,卖盘
10:05:14,30.24,0.0,105,317569,卖盘
10:05:17,30.25,0.01,52,157278,买盘
10:05:20,30.24,-0.01,35,105826,卖盘
10:05:23,30.24,0.0,19,57440,买盘
10:05:26,30.24,0.0,48,145131,买盘
10:05:29,30.23,-0.01,39,117911,卖盘
10:05:32,30.24,0.01,42,126974,买盘
10:05:35,30.24,0.0,48,145135,买盘
10:05:38,30.23,-0.01,63,190421,卖盘
10:05:41,30.23,0.0,52,157173,买盘
10:05:44,30.23,0.0,36,108824,买盘
10:05:47,30.23,0.0,216,652885,买盘
10:05:50,30.22,-0.01,217,655832,卖盘
10:05:53,30.22,0.0,49,148078,买盘
10:05:56,30.22,0.0,234,707055,买盘
10:05:59,30.22,0.0,41,123895,买盘
10:06:01,30.22,0.0,122,368568,买盘
10:06:05,30.22,0.0,70,211535,买盘
10:06:08,30.22,0.0,13,39283,买盘
10:06:11,30.21,-0.01,39,117838,卖盘
10:06:14,30.21,0.0,50,151057,卖盘
10:06:16,30.22,0.01,52,157121,买盘
10:06:20,30.21,-0.01,163,492423,卖盘
10:06:23,30.21,0.0,14,42294,买盘
10:06:26,30.21,0.0,15,45315,买盘
10:06:29,30.21,0.0,40,120840,买盘
10:06:32,30.2,-0.01,12,36247,卖盘
10:06:35,30.21,0.01,284,857752,买盘
10:06:38,30.21,0.0,464,1401354,买盘
10:06:41,30.2,-0.01,528,1594575,卖盘
10:06:44,30.2,0.0,144,434987,卖盘
10:06:48,30.21,0.01,40,120801,买盘
10:06:50,30.2,-0.01,19,57390,卖盘
10:06:52,30.21,0.01,37,111757,买盘
10:06:56,30.21,0.0,118,356455,买盘
10:06:59,30.2,-0.01,387,1168742,卖盘
10:07:02,30.2,0.0,65,196266,买盘
10:07:05,30.2,0.0,42,126825,买盘
10:07:08,30.19,-0.01,94,283779,卖盘
10:07:11,30.18,-0.01,6,18111,卖盘
10:07:14,30.19,0.01,35,105660,中性盘
10:07:18,30.19,0.0,117,353219,卖盘
10:07:19,30.19,0.0,33,99616,买盘
10:07:23,30.19,0.0,112,338063,买盘
10:07:25,30.18,-0.01,25,75457,卖盘
10:07:28,30.18,0.0,39,117713,卖盘
10:07:32,30.19,0.01,66,199226,买盘
10:07:35,30.2,0.01,173,522446,买盘
10:07:38,30.21,0.01,42,126805,买盘
10:07:40,30.16,-0.05,641,1933808,卖盘
10:07:44,30.2,0.04,711,2147640,买盘
10:07:48,30.19,-0.01,38,114723,卖盘
10:07:50,30.2,0.01,83,250574,买盘
10:07:53,30.19,-0.01,119,359378,中性盘
10:07:56,30.18,-0.01,10,30188,卖盘
10:07:59,30.2,0.02,26,78501,买盘
10:08:02,30.19,-0.01,46,138915,中性盘
10:08:05,30.2,0.01,10,30200,买盘
10:08:07,30.2,0.0,11,33220,卖盘
10:08:11,30.2,0.0,7,21140,中性盘
10:08:17,30.19,-0.01,136,410612,卖盘
10:08:20,30.2,0.01,56,169138,买盘
10:08:23,30.21,0.01,4,12081,买盘
10:08:26,30.2,-0.01,51,154063,卖盘
10:08:29,30.21,0.01,78,235588,买盘
10:08:33,30.21,0.0,2,6041,买盘
10:08:34,30.21,0.0,29,87609,买盘
10:08:38,30.21,0.0,49,148029,买盘
10:08:41,30.22,0.01,29,87623,买盘
10:08:44,30.21,-0.01,38,114805,卖盘
10:08:48,30.2,-0.01,107,323234,卖盘
10:08:50,30.22,0.02,49,148024,买盘
10:08:53,30.22,0.0,97,293130,买盘
10:08:56,30.22,0.0,36,108779,买盘
10:08:59,30.22,0.0,4,12088,买盘
10:09:02,30.22,0.0,3,9064,买盘
10:09:05,30.21,-0.01,17,51360,卖盘
10:09:08,30.22,0.01,44,132954,买盘
10:09:11,30.22,0.0,18,54384,买盘
10:09:14,30.22,0.0,70,211499,买盘
10:09:17,30.21,-0.01,95,287022,卖盘
10:09:20,30.21,0.0,96,290034,买盘
10:09:23,30.21,0.0,73,220502,中性盘
10:09:26,30.21,0.0,50,151091,卖盘
10:09:29,30.22,0.01,27,81575,买盘
10:09:33,30.21,-0.01,218,658767,卖盘
10:09:35,30.21,0.0,203,613300,卖盘
10:09:38,30.2,-0.01,133,401746,卖盘
10:09:41,30.2,0.0,49,147995,卖盘
10:09:44,30.2,0.0,113,341337,卖盘
10:09:48,30.21,0.01,38,114791,买盘
10:09:50,30.21,0.0,192,579971,买盘
10:09:53,30.21,0.0,38,114788,卖盘
10:09:56,30.2,-0.01,48,144996,卖盘
10:09:59,30.2,0.0,103,311097,卖盘
10:10:02,30.21,0.01,105,317127,买盘
10:10:04,30.2,-0.01,36,108742,卖盘
10:10:08,30.2,0.0,47,141966,卖盘
10:10:11,30.21,0.01,70,211442,买盘
10:10:14,30.2,-0.01,23,69478,卖盘
10:10:18,30.21,0.01,79,238666,买盘
10:10:20,30.21,0.0,101,305107,买盘
10:10:23,30.21,0.0,32,96672,卖盘
10:10:26,30.22,0.01,225,679918,买盘
10:10:29,30.21,-0.01,30,90620,卖盘
10:10:32,30.21,0.0,171,516667,中性盘
10:10:35,30.22,0.01,47,142033,买盘
10:10:38,30.22,0.0,125,377739,买盘
10:10:41,30.22,0.0,156,471553,卖盘
10:10:44,30.22,0.0,124,374786,卖盘
10:10:48,30.22,0.0,188,568302,卖盘
10:10:50,30.25,0.03,318,961520,买盘
10:10:53,30.22,-0.03,161,486610,卖盘
10:10:56,30.24,0.02,32,96722,买盘
10:10:59,30.25,0.01,29,87662,买盘
10:11:03,30.22,-0.03,20,60453,卖盘
10:11:05,30.23,0.01,94,284149,买盘
10:11:07,30.22,-0.01,142,429237,卖盘
10:11:11,30.23,0.01,394,1191042,买盘
10:11:14,30.23,0.0,449,1357243,买盘
10:11:17,30.25,0.02,182,550205,买盘
10:11:20,30.24,-0.01,264,798594,中性盘
10:11:23,30.24,0.0,129,390145,卖盘
10:11:26,30.25,0.01,75,226843,买盘
10:11:29,30.25,0.0,53,160297,买盘
10:11:32,30.24,-0.01,109,329672,卖盘
10:11:35,30.25,0.01,94,284313,买盘
10:11:38,30.25,0.0,79,238029,买盘
10:11:41,30.26,0.01,14,42351,买盘
10:11:45,30.26,0.0,33,99826,买盘
10:11:47,30.23,-0.03,119,360080,卖盘
10:11:50,30.26,0.03,15,45392,卖盘
10:11:53,30.25,-0.01,93,281328,卖盘
10:11:56,30.24,-0.01,55,166358,卖盘
10:11:58,30.25,0.01,19,57471,买盘
10:12:03,30.25,0.0,48,145191,买盘
10:12:05,30.25,0.0,48,145159,买盘
10:12:08,30.26,0.01,138,417505,买盘
10:12:11,30.25,-0.01,87,263215,卖盘
10:12:15,30.25,0.0,269,813668,买盘
10:12:18,30.26,0.01,73,220892,买盘
10:12:20,30.26,0.0,34,102869,买盘
10:12:22,30.25,-0.01,72,217844,卖盘
10:12:26,30.27,0.02,51,154308,买盘
10:12:29,30.26,-0.01,245,741167,中性盘
10:12:32,30.25,-0.01,130,393352,卖盘
10:12:35,30.25,0.0,22,66553,卖盘
10:12:38,30.25,0.0,231,698794,卖盘
10:12:41,30.24,-0.01,70,212744,卖盘
10:12:44,30.27,0.03,128,387297,买盘
10:12:48,30.25,-0.02,188,568690,卖盘
10:12:50,30.25,0.0,250,756255,买盘
10:12:53,30.25,0.0,168,508204,买盘
10:12:56,30.24,-0.01,121,365950,卖盘
10:12:59,30.24,0.0,191,577563,卖盘
10:13:03,30.24,0.0,110,332597,卖盘
10:13:05,30.24,0.0,114,344789,卖盘
10:13:08,30.24,0.0,43,130042,卖盘
10:13:11,30.25,0.01,130,393149,买盘
10:13:14,30.25,0.0,144,435527,买盘
10:13:18,30.24,-0.01,116,350811,卖盘
10:13:20,30.24,0.0,436,1318412,买盘
10:13:23,30.24,0.0,89,269111,买盘
10:13:26,30.24,0.0,121,365904,买盘
10:13:29,30.24,0.0,66,199620,卖盘
10:13:33,30.25,0.01,72,217772,买盘
10:13:35,30.24,-0.01,728,2201557,卖盘
10:13:38,30.24,0.0,55,166354,卖盘
10:13:41,30.25,0.01,21,63526,卖盘
10:13:44,30.24,-0.01,334,1010247,卖盘
10:13:48,30.24,0.0,158,477672,买盘
10:13:50,30.24,0.0,314,949489,买盘
10:13:53,30.23,-0.01,141,426343,卖盘
10:13:56,30.23,0.0,603,1822570,卖盘
10:13:59,30.23,0.0,333,1007016,买盘
10:14:02,30.25,0.02,107,323435,买盘
10:14:05,30.23,-0.02,63,190469,中性盘
10:14:08,30.23,0.0,29,87682,卖盘
10:14:11,30.23,0.0,30,90695,卖盘
10:14:14,30.25,0.02,253,764911,买盘
10:14:18,30.24,-0.01,55,166318,中性盘
10:14:20,30.24,0.0,337,1018812,买盘
10:14:23,30.24,0.0,91,275140,买盘
10:14:26,30.25,0.01,318,961793,买盘
10:14:29,30.25,0.0,207,626034,卖盘
10:14:32,30.24,-0.01,89,269145,卖盘
10:14:34,30.24,0.0,250,756042,卖盘
10:14:38,30.25,0.01,77,232909,买盘
10:14:41,30.25,0.0,98,296451,中性盘
10:14:44,30.25,0.0,322,974537,卖盘
10:14:48,30.28,0.03,69,208858,买盘
10:14:50,30.27,-0.01,133,402606,卖盘
10:14:53,30.27,0.0,76,230098,卖盘
10:14:56,30.27,0.0,23,69621,卖盘
10:14:59,30.27,0.0,75,227025,卖盘
10:15:03,30.27,0.0,70,211866,买盘
10:15:05,30.27,0.0,62,187651,买盘
10:15:08,30.28,0.01,12,36328,买盘
10:15:11,30.29,0.01,60,181682,买盘
10:15:14,30.28,-0.01,50,151443,卖盘
10:15:17,30.29,0.01,170,513768,买盘
10:15:20,30.28,-0.01,63,190764,卖盘
10:15:23,30.28,0.0,91,275507,买盘
10:15:26,30.29,0.01,105,317911,买盘
10:15:29,30.28,-0.01,79,239262,中性盘
10:15:32,30.27,-0.01,40,121106,卖盘
10:15:35,30.28,0.01,483,1462824,买盘
10:15:38,30.26,-0.02,414,1254592,卖盘
10:15:41,30.3,0.04,625,1892323,买盘
10:15:44,30.27,-0.03,161,487649,卖盘
10:15:48,30.26,-0.01,395,1195355,卖盘
10:15:50,30.27,0.01,198,599382,卖盘
10:15:53,30.27,0.0,72,217965,卖盘
10:15:55,30.27,0.0,222,672084,卖盘
10:15:59,30.28,0.01,85,257365,买盘
10:16:03,30.27,-0.01,110,333027,卖盘
10:16:05,30.26,-0.01,516,1561435,卖盘
10:16:08,30.28,0.02,401,1213963,买盘
10:16:11,30.26,-0.02,125,378187,卖盘
10:16:14,30.27,0.01,42,127107,买盘
10:16:18,30.26,-0.01,235,711197,卖盘
10:16:20,30.25,-0.01,216,653429,卖盘
10:16:23,30.26,0.01,128,387224,买盘
10:16:26,30.25,-0.01,92,275734,卖盘
10:16:29,30.26,0.01,639,1933569,买盘
10:16:33,30.26,0.0,64,193664,卖盘
10:16:35,30.25,-0.01,178,538616,卖盘
10:16:38,30.26,0.01,96,290504,买盘
10:16:41,30.28,0.02,209,632613,买盘
10:16:44,30.29,0.01,31,93851,买盘
10:16:48,30.29,0.0,65,196701,买盘
10:16:50,30.26,-0.03,70,211821,卖盘
10:16:53,30.25,-0.01,38,116474,卖盘
10:16:56,30.27,0.02,96,290554,买盘
10:16:59,30.26,-0.01,66,199721,中性盘
10:17:02,30.26,0.0,55,166430,卖盘
10:17:05,30.26,0.0,26,78688,卖盘
10:17:08,30.26,0.0,22,66582,卖盘
10:17:11,30.26,0.0,36,108947,卖盘
10:17:14,30.27,0.01,42,127128,买盘
10:17:18,30.27,0.0,270,817273,买盘
10:17:20,30.28,0.01,75,227023,买盘
10:17:23,30.27,-0.01,129,390478,买盘
10:17:26,30.27,0.0,19,57519,卖盘
10:17:28,30.27,0.0,11,33306,卖盘
10:17:32,30.27,0.0,509,1540405,卖盘
10:17:35,30.26,-0.01,157,475109,卖盘
10:17:38,30.26,0.0,88,266295,卖盘
10:17:41,30.26,0.0,90,272417,卖盘
10:17:44,30.26,0.0,241,729247,买盘
10:17:48,30.25,-0.01,334,1010620,卖盘
10:17:50,30.26,0.01,129,390299,买盘
10:17:53,30.26,0.0,64,193684,卖盘
10:17:56,30.27,0.01,192,580995,买盘
10:17:59,30.25,-0.02,71,214858,卖盘
10:18:03,30.25,0.0,324,980683,卖盘
10:18:05,30.25,0.0,229,692789,卖盘
10:18:08,30.26,0.01,430,1300807,买盘
10:18:11,30.26,0.0,122,369079,买盘
10:18:14,30.26,0.0,79,239057,买盘
10:18:18,30.26,0.0,39,118025,卖盘
10:18:20,30.26,0.0,182,550909,卖盘
10:18:23,30.26,0.0,55,166432,卖盘
10:18:26,30.26,0.0,83,251209,卖盘
10:18:29,30.26,0.0,27,81711,卖盘
10:18:32,30.27,0.01,188,568998,买盘
10:18:35,30.27,0.0,62,187651,买盘
10:18:39,30.26,-0.01,67,202782,卖盘
10:18:41,30.27,0.01,106,320959,买盘
10:18:44,30.27,0.0,1,3027,卖盘
10:18:47,30.28,0.01,54,163463,中性盘
10:18:50,30.27,-0.01,44,133216,卖盘
10:18:53,30.27,0.0,43,130167,卖盘
10:18:56,30.27,0.0,22,66606,卖盘
10:18:59,30.27,0.0,408,1235031,卖盘
10:19:03,30.27,0.0,105,317870,卖盘
10:19:05,30.28,0.01,144,436012,买盘
10:19:09,30.28,0.0,47,142316,卖盘
10:19:11,30.28,0.0,98,296800,卖盘
10:19:14,30.28,0.0,62,187739,卖盘
10:19:17,30.28,0.0,195,590467,卖盘
10:19:20,30.27,-0.01,137,414767,卖盘
10:19:23,30.27,0.0,31,93847,卖盘
10:19:26,30.28,0.01,124,375475,买盘
10:19:29,30.27,-0.01,170,514723,卖盘
10:19:33,30.28,0.01,59,178610,买盘
10:19:35,30.27,-0.01,36,109105,卖盘
10:19:38,30.27,0.0,632,1912843,卖盘
10:19:41,30.28,0.01,169,511527,买盘
10:19:44,30.27,-0.01,232,702238,买盘
10:19:48,30.26,-0.01,36,108971,卖盘
10:19:50,30.27,0.01,31,93832,中性盘
10:19:53,30.26,-0.01,170,514560,卖盘
10:19:56,30.27,0.01,214,646177,买盘
10:19:59,30.26,-0.01,144,437555,卖盘
10:20:03,30.27,0.01,61,184646,买盘
10:20:05,30.27,0.0,79,239387,买盘
10:20:08,30.27,0.0,572,1730930,买盘
10:20:11,30.26,-0.01,481,1455654,卖盘
10:20:14,30.27,0.01,350,1059625,买盘
10:20:18,30.27,0.0,268,811395,卖盘
10:20:20,30.27,0.0,56,169480,买盘
10:20:23,30.27,0.0,195,589999,买盘
10:20:26,30.27,0.0,97,293557,买盘
10:20:29,30.26,-0.01,348,1053060,卖盘
10:20:33,30.27,0.01,54,163447,买盘
10:20:35,30.26,-0.01,227,687022,卖盘
10:20:38,30.27,0.01,309,935303,买盘
10:20:41,30.27,0.0,67,202767,买盘
10:20:44,30.27,0.0,94,282784,买盘
10:20:48,30.27,0.0,17,51451,买盘
10:20:50,30.27,0.0,204,617458,买盘
10:20:53,30.26,-0.01,352,1065413,卖盘
10:20:56,30.26,0.0,284,859409,卖盘
10:20:59,30.25,-0.01,374,1131829,卖盘
10:21:03,30.27,0.02,26,78692,买盘
10:21:05,30.26,-0.01,58,175530,卖盘
10:21:09,30.27,0.01,184,556954,买盘
10:21:11,30.26,-0.01,104,314806,卖盘
10:21:15,30.26,0.0,19,57508,卖盘
10:21:18,30.27,0.01,560,1695120,买盘
10:21:20,30.27,0.0,524,1585974,卖盘
10:21:23,30.25,-0.02,1084,3279642,卖盘
10:21:26,30.25,0.0,224,677638,卖盘
10:21:29,30.25,0.0,187,565779,卖盘
10:21:33,30.26,0.01,4,12104,买盘
10:21:35,30.27,0.01,401,1213168,买盘
10:21:39,30.26,-0.01,11,33285,中性盘
10:21:41,30.26,0.0,29,87754,卖盘
10:21:45,30.26,0.0,83,251093,买盘
10:21:48,30.26,0.0,144,435715,买盘
10:21:50,30.26,0.0,92,278379,买盘
10:21:53,30.26,0.0,53,160349,买盘
10:21:56,30.26,0.0,45,136162,买盘
10:21:59,30.26,0.0,29,87754,买盘
10:22:02,30.27,0.01,11,33294,买盘
10:22:05,30.26,-0.01,63,190638,卖盘
10:22:08,30.26,0.0,95,287485,卖盘
10:22:11,30.26,0.0,726,2196194,买盘
10:22:15,30.25,-0.01,23,70461,买盘
10:22:17,30.26,0.01,55,166408,买盘
10:22:20,30.26,0.0,34,102868,买盘
10:22:23,30.25,-0.01,15,45379,卖盘
10:22:26,30.26,0.01,38,114967,买盘
10:22:29,30.26,0.0,50,151282,买盘
10:22:32,30.26,0.0,6,18155,买盘
10:22:35,30.26,0.0,132,399423,买盘
10:22:39,30.25,-0.01,34,102858,卖盘
10:22:41,30.25,0.0,69,208477,卖盘
10:22:45,30.26,0.01,526,1591676,买盘
10:22:48,30.26,0.0,27,81719,卖盘
10:22:50,30.27,0.01,10,30270,买盘
10:22:53,30.27,0.0,6,18159,买盘
10:22:57,30.27,0.0,27,81721,买盘
10:22:59,30.25,-0.02,1143,3459032,卖盘
10:23:03,30.27,0.02,11,33292,买盘
10:23:05,30.26,-0.01,100,302692,卖盘
10:23:09,30.26,0.0,78,236089,卖盘
10:23:12,30.26,0.0,7,21182,买盘
10:23:15,30.26,0.0,50,151309,卖盘
10:23:18,30.27,0.01,36,108953,买盘
10:23:20,30.26,-0.01,3,9078,卖盘
10:23:24,30.27,0.01,13,39349,买盘
10:23:26,30.27,0.0,47,142259,买盘
10:23:30,30.26,-0.01,20,60536,卖盘
10:23:33,30.27,0.01,284,859429,买盘
10:23:35,30.27,0.0,236,713182,买盘
10:23:39,30.25,-0.02,177,535536,卖盘
10:23:41,30.26,0.01,126,381170,买盘
10:23:45,30.27,0.01,12,36319,买盘
10:23:48,30.24,-0.03,549,1659560,卖盘
10:23:50,30.24,0.0,198,598612,买盘
10:23:54,30.24,0.0,159,480787,买盘
10:23:56,30.23,-0.01,60,181399,卖盘
10:23:59,30.23,0.0,43,129989,买盘
10:24:02,30.23,0.0,115,347618,买盘
10:24:05,30.22,-0.01,65,196480,卖盘
10:24:08,30.23,0.01,90,272022,买盘
10:24:11,30.22,-0.01,61,184400,卖盘
10:24:15,30.22,0.0,249,752491,卖盘
10:24:18,30.25,0.03,347,1050124,买盘
10:24:20,30.25,0.0,69,208736,卖盘
10:24:23,30.25,0.0,118,355947,卖盘
10:24:26,30.25,0.0,100,302496,买盘
10:24:30,30.25,0.0,124,375037,买盘
10:24:33,30.26,0.01,166,502179,买盘
10:24:35,30.25,-0.01,246,743759,卖盘
10:24:38,30.25,0.0,27,82010,卖盘
10:24:41,30.25,0.0,45,136126,卖盘
10:24:44,30.26,0.01,128,387267,买盘
10:24:48,30.25,-0.01,30,90765,中性盘
10:24:50,30.24,-0.01,11,33265,卖盘
10:24:53,30.24,0.0,3,9072,卖盘
10:24:56,30.25,0.01,15,45367,买盘
10:25:00,30.25,0.0,5,15275,买盘
10:25:03,30.25,0.0,702,2122146,买盘
10:25:05,30.22,-0.03,99,299441,卖盘
10:25:08,30.24,0.02,17,51409,买盘
10:25:11,30.22,-0.02,54,163245,卖盘
10:25:15,30.24,0.02,45,136079,买盘
10:25:18,30.23,-0.01,138,417427,卖盘
10:25:20,30.23,0.0,39,117897,买盘
10:25:23,30.23,0.0,283,855277,买盘
10:25:26,30.23,0.0,494,1492793,卖盘
10:25:29,30.24,0.01,108,326705,买盘
10:25:33,30.24,0.0,66,199583,卖盘
10:25:35,30.23,-0.01,21,63496,卖盘
10:25:39,30.24,0.01,41,123984,买盘
10:25:41,30.24,0.0,19,57451,买盘
10:25:45,30.24,0.0,34,102795,中性盘
10:25:47,30.25,0.01,96,290297,买盘
10:25:50,30.24,-0.01,15,45362,卖盘
10:25:53,30.24,0.0,28,84679,卖盘
10:25:56,30.25,0.01,28,84688,买盘
10:25:59,30.25,0.0,2,6050,买盘
10:26:02,30.25,0.0,29,87724,买盘
10:26:05,30.25,0.0,43,130054,买盘
10:26:08,30.25,0.0,5,15124,买盘
10:26:11,30.24,-0.01,127,384045,卖盘
10:26:15,30.23,-0.01,69,208655,卖盘
10:26:18,30.23,0.0,141,426288,卖盘
10:26:20,30.24,0.01,215,650160,买盘
10:26:23,30.24,0.0,72,217729,卖盘
10:26:27,30.23,-0.01,84,254292,卖盘
10:26:29,30.23,0.0,104,314582,卖盘
10:26:33,30.23,0.0,31,93723,卖盘
10:26:35,30.23,0.0,75,226792,卖盘
10:26:39,30.24,0.01,104,314496,买盘
10:26:41,30.23,-0.01,109,329602,卖盘
10:26:44,30.25,0.02,19,57466,买盘
10:26:47,30.25,0.0,13,39317,买盘
10:26:50,30.24,-0.01,29,87698,卖盘
10:26:53,30.25,0.01,26,78648,买盘
10:26:56,30.25,0.0,27,81667,买盘
10:26:59,30.24,-0.01,88,266143,卖盘
10:27:03,30.25,0.01,272,822551,买盘
10:27:05,30.24,-0.01,98,296443,卖盘
10:27:09,30.25,0.01,35,105875,买盘
10:27:11,30.25,0.0,58,175449,买盘
10:27:15,30.25,0.0,30,90750,卖盘
10:27:17,30.25,0.0,27,81675,卖盘
10:27:20,30.25,0.0,31,93775,卖盘
10:27:23,30.26,0.01,6,18153,买盘
10:27:26,30.26,0.0,188,568844,买盘
10:27:29,30.25,-0.01,18,55181,卖盘
10:27:33,30.25,0.0,40,121039,卖盘
10:27:35,30.26,0.01,33,99850,买盘
10:27:38,30.25,-0.01,348,1051973,卖盘
10:27:41,30.25,0.0,245,741241,买盘
10:27:45,30.25,0.0,14,42339,买盘
10:27:47,30.25,0.0,36,108878,买盘
10:27:50,30.25,0.0,36,108896,买盘
10:27:54,30.25,0.0,120,363723,买盘
10:27:56,30.24,-0.01,80,241944,卖盘
10:27:59,30.24,0.0,452,1366928,卖盘
10:28:03,30.25,0.01,82,248025,中性盘
10:28:05,30.25,0.0,9,27226,卖盘
10:28:08,30.27,0.02,431,1302381,买盘
10:28:11,30.27,0.0,48,145296,卖盘
10:28:18,30.25,-0.02,116,350983,卖盘
10:28:20,30.27,0.02,32,96864,买盘
10:28:24,30.27,0.0,51,154307,买盘
10:28:26,30.28,0.01,389,1177720,买盘
10:28:29,30.27,-0.01,18,54471,中性盘
10:28:33,30.26,-0.01,8,24213,卖盘
10:28:35,30.26,0.0,73,220898,卖盘
10:28:39,30.27,0.01,73,220933,买盘
10:28:41,30.26,-0.01,21,63540,买盘
10:28:44,30.26,0.0,412,1247119,买盘
10:28:48,30.27,0.01,38,114976,买盘
10:28:50,30.26,-0.01,71,214877,卖盘
10:28:54,30.27,0.01,120,363204,买盘
10:28:56,30.26,-0.01,379,1146858,卖盘
10:28:59,30.25,-0.01,251,759334,卖盘
10:29:03,30.25,0.0,313,946926,卖盘
10:29:05,30.26,0.01,197,595957,买盘
10:29:08,30.24,-0.02,1025,3102058,卖盘
10:29:11,30.25,0.01,34,102833,买盘
10:29:15,30.25,0.0,20,60500,买盘
10:29:18,30.25,0.0,81,245013,买盘
10:29:20,30.25,0.0,40,121000,买盘
10:29:24,30.25,0.0,31,93760,买盘
10:29:26,30.25,0.0,255,771794,买盘
10:29:29,30.24,-0.01,251,759027,卖盘
10:29:33,30.24,0.0,1,3024,卖盘
10:29:35,30.24,0.0,264,798370,卖盘
10:29:38,30.24,0.0,16,48455,卖盘
10:29:41,30.24,0.0,641,1938392,卖盘
10:29:45,30.25,0.01,64,193593,买盘
10:29:48,30.25,0.0,37,111987,买盘
10:29:50,30.24,-0.01,432,1304886,卖盘
10:29:54,30.24,0.0,134,405215,买盘
10:29:56,30.23,-0.01,142,429395,卖盘
10:29:59,30.24,0.01,20,60480,买盘
10:30:03,30.23,-0.01,66,199533,卖盘
10:30:05,30.23,0.0,220,665272,卖盘
10:30:08,30.24,0.01,6,18144,买盘
10:30:11,30.24,0.0,59,179898,买盘
10:30:15,30.24,0.0,83,249510,卖盘
10:30:18,30.23,-0.01,323,976479,卖盘
10:30:20,30.22,-0.01,839,2536054,卖盘
10:30:24,30.23,0.01,293,886058,买盘
10:30:26,30.22,-0.01,60,181106,卖盘
10:30:29,30.22,0.0,35,106204,卖盘
10:30:33,30.23,0.01,28,84643,买盘
10:30:35,30.22,-0.01,29,87654,卖盘
10:30:39,30.23,0.01,24,72571,买盘
10:30:41,30.23,0.0,13,39290,买盘
10:30:45,30.23,0.0,19,57434,买盘
10:30:47,30.23,0.0,71,214616,买盘
10:30:50,30.22,-0.01,44,132971,卖盘
10:30:54,30.22,0.0,35,105787,卖盘
10:30:56,30.22,0.0,179,540512,卖盘
10:30:59,30.22,0.0,10,30220,买盘
10:31:02,30.21,-0.01,32,96677,卖盘
10:31:05,30.21,0.0,86,259842,卖盘
10:31:08,30.21,0.0,43,129923,卖盘
10:31:11,30.22,0.01,529,1598474,买盘
10:31:15,30.21,-0.01,40,120477,卖盘
10:31:17,30.21,0.0,447,1350204,买盘
10:31:20,30.2,-0.01,46,138936,卖盘
10:31:23,30.2,0.0,746,2253401,卖盘
10:31:26,30.21,0.01,91,274852,买盘
10:31:30,30.2,-0.01,1629,4919159,卖盘
10:31:32,30.19,-0.01,298,900208,卖盘
10:31:35,30.19,0.0,68,205315,卖盘
10:31:39,30.19,0.0,25,75484,卖盘
10:31:41,30.19,0.0,17,50994,卖盘
10:31:44,30.18,-0.01,4,12072,卖盘
10:31:48,30.19,0.01,33,99612,买盘
10:31:50,30.18,-0.01,101,304824,卖盘
10:31:53,30.18,0.0,340,1026198,卖盘
10:31:56,30.18,0.0,227,685088,卖盘
10:31:59,30.18,0.0,10,30180,买盘
10:32:02,30.17,-0.01,95,286637,卖盘
10:32:05,30.17,0.0,43,129774,卖盘
10:32:09,30.18,0.01,12,36212,买盘
10:32:11,30.17,-0.01,81,244351,卖盘
10:32:14,30.17,0.0,266,802539,买盘
10:32:18,30.17,0.0,86,259426,买盘
10:32:20,30.15,-0.02,663,1999435,卖盘
10:32:23,30.17,0.02,169,509759,买盘
10:32:26,30.16,-0.01,61,184027,卖盘
10:32:29,30.17,0.01,34,102560,买盘
10:32:33,30.16,-0.01,14,42226,卖盘
10:32:35,30.16,0.0,77,232249,卖盘
10:32:38,30.17,0.01,62,186993,买盘
10:32:42,30.17,0.0,32,96526,买盘
10:32:45,30.17,0.0,82,247377,买盘
10:32:48,30.17,0.0,55,165904,买盘
10:32:50,30.17,0.0,81,245087,买盘
10:32:54,30.17,0.0,103,310747,卖盘
10:32:56,30.17,0.0,46,138761,卖盘
10:33:00,30.18,0.01,50,150869,买盘
10:33:03,30.17,-0.01,74,223235,卖盘
10:33:05,30.17,0.0,45,135777,卖盘
10:33:08,30.17,0.0,648,1954407,买盘
10:33:11,30.16,-0.01,236,711603,买盘
10:33:15,30.16,0.0,173,521707,买盘
10:33:17,30.16,0.0,205,618214,买盘
10:33:20,30.15,-0.01,170,512323,卖盘
10:33:24,30.15,0.0,77,232178,卖盘
10:33:26,30.15,0.0,118,355796,卖盘
10:33:30,30.17,0.02,77,232240,买盘
10:33:32,30.15,-0.02,31,93492,卖盘
10:33:35,30.17,0.02,25,75408,买盘
10:33:38,30.16,-0.01,102,307891,卖盘
10:33:41,30.15,-0.01,84,253280,卖盘
10:33:44,30.16,0.01,117,352880,中性盘
10:33:47,30.17,0.01,146,440379,买盘
10:33:50,30.17,0.0,70,211212,卖盘
10:33:54,30.16,-0.01,140,422254,卖盘
10:33:56,30.16,0.0,98,295542,卖盘
10:33:59,30.16,0.0,75,226175,买盘
10:34:03,30.16,0.0,60,180941,买盘
10:34:05,30.15,-0.01,107,322652,卖盘
10:34:08,30.16,0.01,214,645398,买盘
10:34:11,30.16,0.0,124,374162,买盘
10:34:15,30.16,0.0,148,446245,买盘
10:34:18,30.16,0.0,105,316623,买盘
10:34:20,30.16,0.0,657,1980983,买盘
10:34:24,30.15,-0.01,181,545742,卖盘
10:34:26,30.15,0.0,137,413028,卖盘
10:34:29,30.14,-0.01,34,102510,卖盘
10:34:33,30.14,0.0,70,211047,卖盘
10:34:35,30.14,0.0,36,108509,卖盘
10:34:39,30.15,0.01,33,99486,买盘
10:34:42,30.16,0.01,11,33168,买盘
10:34:45,30.15,-0.01,184,554936,卖盘
10:34:47,30.15,0.0,556,1676292,卖盘
10:34:51,30.16,0.01,174,524509,买盘
10:34:53,30.15,-0.01,236,711594,卖盘
10:34:56,30.15,0.0,115,346726,卖盘
10:35:00,30.16,0.01,85,256308,买盘
10:35:03,30.14,-0.02,691,2082897,卖盘
10:35:05,30.17,0.03,251,756773,买盘
10:35:09,30.17,0.0,121,365057,卖盘
10:35:11,30.18,0.01,81,244408,买盘
10:35:14,30.18,0.0,43,129734,买盘
10:35:18,30.18,0.0,98,295858,卖盘
10:35:20,30.18,0.0,41,123748,买盘
10:35:24,30.18,0.0,24,72433,卖盘
10:35:26,30.19,0.01,55,166008,买盘
10:35:29,30.19,0.0,23,69785,买盘
10:35:33,30.19,0.0,40,120744,买盘
10:35:36,30.17,-0.02,448,1351431,卖盘
10:35:38,30.17,0.0,1569,4737084,买盘
10:35:41,30.16,-0.01,161,485598,卖盘
10:35:45,30.16,0.0,80,241240,买盘
10:35:48,30.16,0.0,49,147756,买盘
10:35:50,30.16,0.0,82,247305,买盘
10:35:53,30.16,0.0,165,497630,买盘
10:35:56,30.16,0.0,76,229298,买盘
10:35:59,30.16,0.0,75,226201,买盘
10:36:03,30.16,0.0,705,2124788,卖盘
10:36:05,30.17,0.01,18,54298,买盘
10:36:08,30.17,0.0,201,606517,买盘
10:36:12,30.18,0.01,25,75433,买盘
10:36:15,30.18,0.0,10,30179,买盘
10:36:18,30.18,0.0,438,1321866,买盘
10:36:21,30.18,0.0,28,84511,卖盘
10:36:23,30.18,0.0,3,9054,卖盘
10:36:26,30.18,0.0,18,54325,卖盘
10:36:29,30.19,0.01,130,392465,买盘
10:36:33,30.19,0.0,1,3019,卖盘
10:36:35,30.2,0.01,298,900725,买盘
10:36:38,30.21,0.01,18,54373,买盘
10:36:42,30.22,0.01,12,36257,买盘
10:36:44,30.21,-0.01,85,256868,中性盘
10:36:48,30.22,0.01,55,166187,买盘
10:36:50,30.22,0.0,18,54396,买盘
10:36:53,30.22,0.0,102,308242,买盘
10:36:56,30.21,-0.01,36,108778,卖盘
10:37:00,30.22,0.01,203,613466,买盘
10:37:03,30.22,0.0,271,818961,买盘
10:37:05,30.21,-0.01,209,631430,卖盘
10:37:08,30.22,0.01,86,259828,买盘
10:37:11,30.23,0.01,26,78582,买盘
10:37:14,30.23,0.0,322,972691,买盘
10:37:18,30.23,0.0,21,63475,买盘
10:37:20,30.23,0.0,146,441348,买盘
10:37:23,30.23,0.0,65,196697,买盘
10:37:27,30.23,0.0,72,217420,卖盘
10:37:29,30.25,0.02,24,72592,买盘
10:37:32,30.24,-0.01,18,54421,中性盘
10:37:35,30.24,0.0,69,208640,买盘
10:37:38,30.23,-0.01,53,160240,卖盘
10:37:42,30.22,-0.01,481,1453935,卖盘
10:37:45,30.23,0.01,100,302337,买盘
10:37:48,30.24,0.01,67,202541,买盘
10:37:50,30.24,0.0,239,722720,买盘
10:37:53,30.24,0.0,45,136080,卖盘
10:37:56,30.23,-0.01,328,992143,卖盘
10:37:59,30.23,0.0,41,123945,卖盘
10:38:03,30.25,0.02,28,84697,买盘
10:38:05,30.26,0.01,32,96807,买盘
10:38:09,30.25,-0.01,27,81676,卖盘
10:38:11,30.26,0.01,4,12103,买盘
10:38:15,30.26,0.0,14,40850,买盘
10:38:18,30.25,-0.01,109,331238,卖盘
10:38:20,30.25,0.0,25,75625,买盘
10:38:24,30.24,-0.01,39,116400,卖盘
10:38:26,30.25,0.01,17,51414,买盘
10:38:29,30.25,0.0,14,42350,买盘
10:38:33,30.24,-0.01,34,102845,卖盘
10:38:35,30.24,0.0,88,266182,卖盘
10:38:39,30.25,0.01,7,21326,买盘
10:38:42,30.25,0.0,16,48400,买盘
10:38:44,30.25,0.0,24,72590,买盘
10:38:48,30.24,-0.01,71,214757,卖盘
10:38:51,30.24,0.0,7,21289,卖盘
10:38:53,30.24,0.0,116,351908,卖盘
10:38:56,30.24,0.0,85,257085,卖盘
10:39:00,30.25,0.01,4,12098,买盘
10:39:03,30.24,-0.01,35,105874,卖盘
10:39:05,30.25,0.01,123,372067,买盘
10:39:09,30.25,0.0,43,130048,买盘
10:39:12,30.25,0.0,10,30250,买盘
10:39:15,30.25,0.0,29,87724,买盘
10:39:18,30.25,0.0,101,305500,买盘
10:39:21,30.24,-0.01,162,489899,卖盘
10:39:24,30.22,-0.02,607,1833278,卖盘
10:39:27,30.24,0.02,15,45362,买盘
10:39:30,30.24,0.0,55,166320,买盘
10:39:33,30.23,-0.01,15,45349,中性盘
10:39:36,30.24,0.01,30,90712,买盘
10:39:38,30.24,0.0,19,57455,买盘
10:39:42,30.24,0.0,18,54419,买盘
10:39:44,30.24,0.0,33,99756,买盘
10:39:48,30.24,0.0,25,75592,买盘
10:39:51,30.24,0.0,174,526176,买盘
10:39:54,30.25,0.01,84,254019,买盘
10:39:57,30.24,-0.01,141,426373,卖盘
10:40:00,30.23,-0.01,105,317455,卖盘
10:40:03,30.23,0.0,34,102771,买盘
10:40:05,30.24,0.01,49,148122,买盘
10:40:09,30.23,-0.01,14,42332,中性盘
10:40:12,30.23,0.0,7,21161,中性盘
10:40:15,30.23,0.0,71,214574,买盘
10:40:18,30.23,0.0,62,187418,买盘
10:40:20,30.23,0.0,184,556232,买盘
10:40:24,30.24,0.01,38,114889,买盘
10:40:26,30.23,-0.01,41,123935,中性盘
10:40:30,30.23,0.0,67,202526,买盘
10:40:33,30.23,0.0,11,33253,卖盘
10:40:36,30.23,0.0,17,51397,卖盘
10:40:39,30.24,0.01,56,169341,买盘
10:40:42,30.24,0.0,17,51392,买盘
10:40:45,30.24,0.0,7,21168,买盘
10:40:48,30.23,-0.01,173,523101,卖盘
10:40:51,30.24,0.01,138,417211,买盘
10:40:54,30.24,0.0,42,127005,买盘
10:40:57,30.24,0.0,28,84663,买盘
10:40:59,30.24,0.0,34,102816,买盘
10:41:03,30.23,-0.01,32,96753,卖盘
10:41:06,30.24,0.01,95,287288,买盘
10:41:08,30.23,-0.01,102,308392,卖盘
10:41:12,30.22,-0.01,119,359693,卖盘
10:41:15,30.22,0.0,488,1475094,卖盘
10:41:18,30.22,0.0,140,424658,卖盘
10:41:21,30.21,-0.01,159,480372,卖盘
10:41:24,30.22,0.01,116,350446,买盘
10:41:27,30.21,-0.01,106,320256,卖盘
10:41:30,30.21,0.0,77,233095,卖盘
10:41:33,30.21,0.0,128,386165,卖盘
10:41:36,30.2,-0.01,51,154047,卖盘
10:41:39,30.21,0.01,43,129891,买盘
10:41:41,30.19,-0.02,1095,3306139,卖盘
10:41:45,30.2,0.01,37,111730,买盘
10:41:48,30.2,0.0,66,199308,买盘
10:41:51,30.2,0.0,16,48320,买盘
10:41:54,30.19,-0.01,117,353255,卖盘
10:41:56,30.19,0.0,70,211303,买盘
10:42:00,30.19,0.0,53,160005,买盘
10:42:03,30.16,-0.03,476,1436390,卖盘
10:42:06,30.16,0.0,21,63528,卖盘
10:42:09,30.17,0.01,7,21118,买盘
10:42:12,30.16,-0.01,61,184014,卖盘
10:42:15,30.17,0.01,35,105564,买盘
10:42:18,30.16,-0.01,27,81569,卖盘
10:42:21,30.16,0.0,564,1700836,卖盘
10:42:24,30.16,0.0,157,473462,买盘
10:42:27,30.16,0.0,29,87452,买盘
10:42:29,30.16,0.0,51,153809,买盘
10:42:33,30.15,-0.01,57,171967,卖盘
10:42:36,30.16,0.01,293,883679,买盘
10:42:39,30.17,0.01,7,21119,买盘
10:42:41,30.17,0.0,68,205117,买盘
10:42:45,30.17,0.0,11,33177,买盘
10:42:47,30.14,-0.03,601,1811972,卖盘
10:42:51,30.14,0.0,221,666046,卖盘
10:42:54,30.14,0.0,117,352564,买盘
10:42:56,30.13,-0.01,34,102678,卖盘
10:43:00,30.16,0.03,98,295514,买盘
10:43:03,30.14,-0.02,33,99482,卖盘
10:43:06,30.14,0.0,10,30155,卖盘
10:43:09,30.17,0.03,701,2112657,买盘
10:43:12,30.16,-0.01,30,90492,中性盘
10:43:15,30.16,0.0,12,36195,卖盘
10:43:18,30.16,0.0,41,123657,卖盘
10:43:20,30.17,0.01,120,361947,买盘
10:43:24,30.16,-0.01,26,78416,卖盘
10:43:27,30.17,0.01,48,144786,买盘
10:43:29,30.16,-0.01,36,108606,卖盘
10:43:33,30.16,0.0,252,759884,卖盘
10:43:36,30.19,0.03,195,588358,买盘
10:43:39,30.17,-0.02,7,21119,卖盘
10:43:42,30.18,0.01,348,1050607,中性盘
10:43:45,30.16,-0.02,75,226334,卖盘
10:43:48,30.19,0.03,15,45259,买盘
10:43:51,30.15,-0.04,205,618207,卖盘
10:43:54,30.16,0.01,38,114648,中性盘
10:43:57,30.16,0.0,63,189999,买盘
10:44:00,30.16,0.0,320,964814,买盘
10:44:03,30.16,0.0,31,93496,买盘
10:44:06,30.15,-0.01,81,244353,卖盘
10:44:12,30.18,0.03,2,6036,买盘
10:44:15,30.17,-0.01,31,93498,买盘
10:44:18,30.16,-0.01,14,42525,卖盘
10:44:21,30.17,0.01,22,66374,买盘
10:44:24,30.17,0.0,27,81446,买盘
10:44:26,30.17,0.0,22,66365,买盘
10:44:30,30.17,0.0,37,111629,买盘
10:44:33,30.17,0.0,10,30179,卖盘
10:44:35,30.18,0.01,160,482651,买盘
10:44:39,30.17,-0.01,127,383159,卖盘
10:44:41,30.2,0.03,481,1451931,买盘
10:44:45,30.2,0.0,1038,3134770,卖盘
10:44:48,30.2,0.0,64,193328,卖盘
10:44:50,30.2,0.0,96,289966,卖盘
10:44:54,30.2,0.0,153,462202,卖盘
10:44:57,30.21,0.01,112,338464,买盘
10:45:00,30.21,0.0,22,66462,买盘
10:45:03,30.21,0.0,93,280880,买盘
10:45:06,30.21,0.0,58,176396,卖盘
10:45:09,30.22,0.01,168,507557,买盘
10:45:12,30.21,-0.01,165,498418,卖盘
10:45:15,30.2,-0.01,84,253758,卖盘
10:45:18,30.2,0.0,29,87605,卖盘
10:45:21,30.22,0.02,86,259815,买盘
10:45:24,30.23,0.01,451,1363299,买盘
10:45:26,30.2,-0.03,28,84605,卖盘
10:45:30,30.2,0.0,82,247701,卖盘
10:45:33,30.2,0.0,2461,7430852,卖盘
10:45:35,30.18,-0.02,60,181156,中性盘
10:45:39,30.17,-0.01,217,654711,卖盘
10:45:42,30.17,0.0,32,96544,买盘
10:45:45,30.17,0.0,10,30170,买盘
10:45:48,30.18,0.01,212,639741,买盘
10:45:51,30.17,-0.01,10,30176,卖盘
10:45:54,30.17,0.0,155,467634,卖盘
10:45:57,30.16,-0.01,800,2412359,卖盘
10:46:00,30.15,-0.01,16,48546,卖盘
10:46:02,30.15,0.0,328,988151,卖盘
10:46:06,30.15,0.0,204,615043,买盘
10:46:09,30.16,0.01,71,214078,买盘
10:46:12,30.14,-0.02,57,171871,卖盘
10:46:15,30.16,0.02,12,36181,买盘
10:46:17,30.15,-0.01,48,144720,卖盘
10:46:21,30.16,0.01,29,87439,买盘
10:46:24,30.15,-0.01,48,144885,卖盘
10:46:27,30.16,0.01,24,72373,买盘
10:46:30,30.15,-0.01,20,60305,卖盘
10:46:33,30.15,0.0,149,448011,卖盘
10:46:36,30.15,0.0,28,84421,卖盘
10:46:39,30.15,0.0,18,54285,卖盘
10:46:42,30.16,0.01,25,75385,买盘
10:46:45,30.15,-0.01,7,21105,卖盘
10:46:48,30.14,-0.01,1004,3026686,卖盘
10:46:51,30.14,0.0,434,1308103,卖盘
10:46:54,30.15,0.01,161,485922,买盘
10:46:57,30.13,-0.02,29,87418,卖盘
10:47:00,30.13,0.0,21,63288,卖盘
10:47:03,30.13,0.0,31,93432,卖盘
10:47:06,30.13,0.0,120,361660,卖盘
10:47:09,30.14,0.01,57,171796,买盘
10:47:12,30.14,0.0,14,42188,买盘
10:47:15,30.13,-0.01,4,12052,卖盘
10:47:18,30.14,0.01,116,349607,买盘
10:47:20,30.15,0.01,72,217015,买盘
10:47:24,30.13,-0.02,634,1910644,卖盘
10:47:27,30.14,0.01,69,208001,买盘
10:47:29,30.15,0.01,32,96458,买盘
10:47:33,30.14,-0.01,14,42196,卖盘
10:47:36,30.14,0.0,19,57266,卖盘
10:47:39,30.15,0.01,234,705123,买盘
10:47:42,30.14,-0.01,13,39182,卖盘
10:47:45,30.15,0.01,14,42207,买盘
10:47:48,30.15,0.0,30,90442,买盘
10:47:51,30.15,0.0,59,177880,买盘
10:47:54,30.14,-0.01,20,60297,卖盘
10:47:57,30.15,0.01,38,114541,买盘
10:47:59,30.15,0.0,10,30147,买盘
10:48:02,30.15,0.0,16,48239,买盘
10:48:05,30.14,-0.01,20,60283,卖盘
10:48:09,30.15,0.01,83,250244,买盘
10:48:12,30.15,0.0,11,33160,卖盘
10:48:15,30.15,0.0,17,51263,卖盘
10:48:18,30.15,0.0,1066,3215019,卖盘
10:48:20,30.15,0.0,22,66330,买盘
10:48:23,30.15,0.0,72,218538,买盘
10:48:27,30.17,0.02,36,108556,买盘
10:48:30,30.15,-0.02,8,24120,卖盘
10:48:33,30.15,0.0,10,30156,卖盘
10:48:36,30.15,0.0,18,54270,卖盘
10:48:39,30.17,0.02,8,24135,买盘
10:48:41,30.16,-0.01,5,15080,买盘
10:48:45,30.15,-0.01,10,30150,卖盘
10:48:48,30.16,0.01,62,186984,买盘
10:48:50,30.16,0.0,19,57304,买盘
10:48:54,30.16,0.0,52,156830,买盘
10:48:57,30.15,-0.01,50,150783,卖盘
10:49:00,30.16,0.01,5,15079,买盘
10:49:02,30.16,0.0,23,69367,买盘
10:49:06,30.15,-0.01,13,39200,卖盘
10:49:09,30.16,0.01,23,69353,买盘
10:49:12,30.16,0.0,36,108572,买盘
10:49:18,30.16,0.0,98,295522,买盘
10:49:20,30.16,0.0,30,90478,买盘
10:49:24,30.17,0.01,207,624432,买盘
10:49:27,30.17,0.0,19,57324,卖盘
10:49:32,30.15,-0.02,567,1709728,卖盘
10:49:36,30.15,0.0,13,39215,卖盘
10:49:42,30.18,0.03,81,244305,买盘
10:49:44,30.15,-0.03,4,12062,卖盘
10:49:48,30.18,0.03,15,45251,买盘
10:49:51,30.18,0.0,18,54304,买盘
10:49:54,30.2,0.02,216,652066,买盘
10:49:57,30.17,-0.03,8,24136,卖盘
10:50:03,30.18,0.01,9,27170,卖盘
10:50:06,30.18,0.0,8,24144,卖盘
10:50:12,30.18,0.0,48,144892,卖盘
10:50:15,30.18,0.0,4,12163,卖盘
10:50:18,30.18,0.0,17,51215,卖盘
10:50:21,30.18,0.0,38,114684,买盘
10:50:24,30.18,0.0,33,99594,买盘
10:50:27,30.17,-0.01,48,144815,卖盘
10:50:30,30.17,0.0,9,27153,买盘
10:50:33,30.15,-0.02,483,1456311,卖盘
10:50:36,30.14,-0.01,97,292436,卖盘
10:50:39,30.15,0.01,25,75381,买盘
10:50:42,30.15,0.0,110,331650,卖盘
10:50:45,30.15,0.0,68,205010,买盘
10:50:48,30.15,0.0,24,72347,买盘
10:50:51,30.15,0.0,121,364815,买盘
10:50:54,30.13,-0.02,536,1615394,卖盘
10:50:57,30.14,0.01,42,124822,中性盘
10:50:59,30.14,0.0,546,1646917,买盘
10:51:03,30.13,-0.01,7,21091,卖盘
10:51:05,30.13,0.0,8,24104,卖盘
10:51:08,30.14,0.01,14,42194,买盘
10:51:12,30.13,-0.01,42,123996,卖盘
10:51:15,30.13,0.0,55,166466,卖盘
10:51:18,30.14,0.01,67,201911,买盘
10:51:20,30.13,-0.01,35,105458,卖盘
10:51:23,30.14,0.01,19,57256,买盘
10:51:27,30.12,-0.02,917,2762160,卖盘
10:51:29,30.12,0.0,55,165649,买盘
10:51:32,30.12,0.0,67,201790,买盘
10:51:36,30.12,0.0,1054,3173433,买盘
10:51:39,30.11,-0.01,43,129475,卖盘
10:51:42,30.11,0.0,13,40495,买盘
10:51:45,30.11,0.0,39,117424,买盘
10:51:48,30.11,0.0,41,123437,买盘
10:51:51,30.11,0.0,302,909322,买盘
10:51:54,30.11,0.0,49,147537,买盘
10:51:56,30.11,0.0,81,243863,买盘
10:52:00,30.11,0.0,9,27099,买盘
10:52:03,30.11,0.0,228,686499,买盘
10:52:06,30.11,0.0,65,195707,买盘
10:52:09,30.12,0.01,151,454688,买盘
10:52:12,30.11,-0.01,52,156572,中性盘
10:52:15,30.12,0.01,8,24096,买盘
10:52:18,30.12,0.0,147,442664,买盘
10:52:21,30.12,0.0,25,75299,买盘
10:52:24,30.11,-0.01,10,30116,卖盘
10:52:26,30.12,0.01,31,93356,买盘
10:52:30,30.12,0.0,11,33130,买盘
10:52:33,30.11,-0.01,22,66263,卖盘
10:52:36,30.12,0.01,57,171950,买盘
10:52:39,30.12,0.0,221,665652,买盘
10:52:41,30.12,0.0,86,259016,买盘
10:52:45,30.11,-0.01,511,1538405,卖盘
10:52:48,30.11,0.0,99,298106,买盘
10:52:51,30.11,0.0,59,177632,买盘
10:52:54,30.1,-0.01,176,529926,卖盘
10:52:57,30.11,0.01,223,671250,买盘
10:53:00,30.1,-0.01,69,207756,卖盘
10:53:03,30.1,0.0,20,60235,卖盘
10:53:06,30.11,0.01,59,177601,买盘
10:53:09,30.11,0.0,161,484677,买盘
10:53:11,30.11,0.0,130,391430,买盘
10:53:15,30.1,-0.01,108,325145,卖盘
10:53:18,30.11,0.01,87,261948,买盘
10:53:21,30.11,0.0,472,1421143,买盘
10:53:24,30.11,0.0,109,328186,买盘
10:53:27,30.11,0.0,26,78286,卖盘
10:53:33,30.11,0.0,16,48190,卖盘
10:53:36,30.11,0.0,83,249963,卖盘
10:53:39,30.11,0.0,20,60220,卖盘
10:53:41,30.12,0.01,138,415652,买盘
10:53:45,30.11,-0.01,42,126654,卖盘
10:53:48,30.1,-0.01,332,999603,卖盘
10:53:51,30.12,0.02,31,93366,买盘
10:53:53,30.11,-0.01,71,213818,卖盘
10:53:57,30.12,0.01,25,75290,买盘
10:54:00,30.11,-0.01,35,102466,卖盘
10:54:03,30.11,0.0,60,180668,卖盘
10:54:05,30.12,0.01,122,367448,买盘
10:54:09,30.12,0.0,12,36143,买盘
10:54:12,30.12,0.0,97,292157,买盘
10:54:14,30.12,0.0,21,63252,卖盘
10:54:18,30.13,0.01,27,82274,买盘
10:54:21,30.13,0.0,28,84364,买盘
10:54:24,30.12,-0.01,3,9036,卖盘
10:54:27,30.13,0.01,69,207833,买盘
10:54:30,30.13,0.0,132,397785,买盘
10:54:33,30.12,-0.01,137,412656,卖盘
10:54:36,30.11,-0.01,266,801232,卖盘
10:54:39,30.14,0.03,10,30140,买盘
10:54:42,30.12,-0.02,149,448668,卖盘
10:54:45,30.12,0.0,327,984867,买盘
10:54:48,30.14,0.02,54,162647,买盘
10:54:51,30.14,0.0,21,63267,买盘
10:54:54,30.14,0.0,49,147678,买盘
10:54:56,30.14,0.0,50,150638,买盘
10:55:00,30.13,-0.01,52,156671,中性盘
10:55:03,30.12,-0.01,1,3012,卖盘
10:55:06,30.12,0.0,29,87359,卖盘
10:55:08,30.13,0.01,6,18078,买盘
10:55:12,30.13,0.0,37,111481,买盘
10:55:15,30.14,0.01,379,1142004,买盘
10:55:18,30.17,0.03,313,943658,买盘
10:55:21,30.13,-0.04,165,497349,卖盘
10:55:23,30.14,0.01,110,331327,卖盘
10:55:27,30.12,-0.02,24,72312,卖盘
10:55:30,30.14,0.02,20,60265,买盘
10:55:33,30.12,-0.02,15,45198,卖盘
10:55:35,30.12,0.0,199,599536,卖盘
10:55:38,30.14,0.02,241,725911,买盘
10:55:42,30.12,-0.02,57,171704,卖盘
10:55:45,30.12,0.0,171,515052,买盘
10:55:47,30.15,0.03,192,578307,买盘
10:55:51,30.13,-0.02,19,57230,买盘
10:55:54,30.13,0.0,4,12052,买盘
10:55:57,30.13,0.0,22,66286,卖盘
10:56:00,30.13,0.0,64,192832,卖盘
10:56:03,30.12,-0.01,97,292254,卖盘
10:56:06,30.12,0.0,66,198800,卖盘
10:56:09,30.13,0.01,12,36156,买盘
10:56:12,30.12,-0.01,115,346394,卖盘
10:56:15,30.13,0.01,6,18739,买盘
10:56:18,30.13,0.0,24,72304,买盘
10:56:21,30.13,0.0,156,470025,买盘
10:56:24,30.13,0.0,10,30127,买盘
10:56:27,30.13,0.0,29,87364,买盘
10:56:30,30.13,0.0,97,292182,买盘
10:56:33,30.13,0.0,85,256097,买盘
10:56:36,30.13,0.0,10,30123,买盘
10:56:39,30.13,0.0,90,271160,买盘
10:56:42,30.13,0.0,97,292258,买盘
10:56:45,30.12,-0.01,77,232121,卖盘
10:56:48,30.13,0.01,68,204876,买盘
10:56:51,30.13,0.0,13,39169,买盘
10:56:54,30.13,0.0,30,90380,买盘
10:56:57,30.13,0.0,22,66278,买盘
10:57:00,30.13,0.0,218,656825,买盘
10:57:03,30.13,0.0,64,192831,买盘
10:57:05,30.13,0.0,64,192812,买盘
10:57:09,30.13,0.0,20,60682,买盘
10:57:12,30.2,0.07,911,2748147,买盘
10:57:15,30.21,0.01,27,81567,买盘
10:57:18,30.21,0.0,32,96641,买盘
10:57:20,30.2,-0.01,100,302000,卖盘
10:57:24,30.21,0.01,20,60416,买盘
10:57:27,30.22,0.01,27,81561,买盘
10:57:30,30.2,-0.02,143,431924,卖盘
10:57:33,30.21,0.01,4,12084,卖盘
10:57:36,30.2,-0.01,31,94102,卖盘
10:57:38,30.2,0.0,137,413776,卖盘
10:57:42,30.18,-0.02,99,300252,卖盘
10:57:44,30.18,0.0,28,84546,卖盘
10:57:48,30.16,-0.02,82,247096,卖盘
10:57:50,30.15,-0.01,31,94577,卖盘
10:57:54,30.15,0.0,18,53646,卖盘
10:57:57,30.14,-0.01,237,714244,卖盘
10:58:00,30.13,-0.01,31,93417,卖盘
10:58:02,30.12,-0.01,184,553992,卖盘
10:58:06,30.13,0.01,89,268094,买盘
10:58:09,30.12,-0.01,781,2351362,卖盘
10:58:12,30.11,-0.01,1193,3594412,卖盘
10:58:15,30.12,0.01,306,921534,买盘
10:58:18,30.11,-0.01,46,138502,中性盘
10:58:20,30.12,0.01,50,150572,买盘
10:58:23,30.11,-0.01,72,216857,卖盘
10:58:27,30.12,0.01,225,676511,买盘
10:58:30,30.13,0.01,3,9039,买盘
10:58:33,30.12,-0.01,19,57234,卖盘
10:58:36,30.12,0.0,30,90377,卖盘
10:58:39,30.13,0.01,5,15065,中性盘
10:58:42,30.13,0.0,10,30130,卖盘
10:58:44,30.13,0.0,22,66296,卖盘
10:58:48,30.14,0.01,20,60262,买盘
10:58:51,30.14,0.0,2,6028,买盘
10:58:53,30.14,0.0,12,36166,买盘
10:58:57,30.14,0.0,66,198911,买盘
10:59:00,30.14,0.0,31,93406,买盘
10:59:03,30.14,0.0,5,15070,买盘
10:59:06,30.14,0.0,130,391812,买盘
10:59:09,30.14,0.0,33,99442,买盘
10:59:12,30.15,0.01,43,129583,买盘
10:59:15,30.14,-0.01,1,3014,卖盘
10:59:18,30.14,0.0,19,57266,卖盘
10:59:21,30.15,0.01,12,36180,买盘
10:59:24,30.15,0.0,5,15075,买盘
10:59:27,30.14,-0.01,12,36173,卖盘
10:59:30,30.15,0.01,12,36180,卖盘
10:59:32,30.15,0.0,29,87449,卖盘
10:59:36,30.15,0.0,11,33166,卖盘
10:59:39,30.15,0.0,250,753756,卖盘
10:59:41,30.16,0.01,207,624112,买盘
10:59:45,30.15,-0.01,21,63546,卖盘
10:59:47,30.15,0.0,43,129668,卖盘
10:59:50,30.16,0.01,127,383005,买盘
10:59:53,30.16,0.0,5,15077,买盘
10:59:57,30.15,-0.01,37,111576,卖盘
11:00:00,30.16,0.01,1,3016,买盘
11:00:03,30.15,-0.01,50,150795,卖盘
11:00:06,30.16,0.01,28,84430,买盘
11:00:09,30.16,0.0,280,844209,买盘
11:00:12,30.15,-0.01,38,114589,卖盘
11:00:15,30.16,0.01,115,346838,买盘
11:00:18,30.15,-0.01,13,39587,卖盘
11:00:21,30.15,0.0,21,63325,卖盘
11:00:24,30.16,0.01,28,84446,买盘
11:00:27,30.15,-0.01,51,153781,卖盘
11:00:30,30.15,0.0,132,397588,卖盘
11:00:33,30.14,-0.01,34,102501,卖盘
11:00:36,30.14,0.0,78,235114,卖盘
11:00:39,30.15,0.01,219,660285,买盘
11:00:41,30.15,0.0,145,437088,买盘
11:00:44,30.14,-0.01,76,229065,卖盘
11:00:48,30.15,0.01,133,400931,买盘
11:00:50,30.15,0.0,37,111547,买盘
11:00:54,30.14,-0.01,57,171780,买盘
11:00:56,30.13,-0.01,30,90395,卖盘
11:01:00,30.14,0.01,263,792771,买盘
11:01:03,30.13,-0.01,78,235037,卖盘
11:01:06,30.13,0.0,40,120523,卖盘
11:01:09,30.14,0.01,26,78359,买盘
11:01:12,30.13,-0.01,239,720086,卖盘
11:01:14,30.13,0.0,69,207841,买盘
11:01:18,30.12,-0.01,94,283179,卖盘
11:01:21,30.13,0.01,18,54564,买盘
11:01:23,30.12,-0.01,11,33132,卖盘
11:01:27,30.13,0.01,44,132539,买盘
11:01:30,30.12,-0.01,42,126505,卖盘
11:01:33,30.12,0.0,65,195787,卖盘
11:01:35,30.13,0.01,9,27109,买盘
11:01:38,30.12,-0.01,271,814075,卖盘
11:01:42,30.12,0.0,71,213837,买盘
11:01:45,30.11,-0.01,32,96363,卖盘
11:01:48,30.1,-0.01,1116,3360197,卖盘
11:01:51,30.12,0.02,508,1530073,买盘
11:01:54,30.11,-0.01,21,63231,中性盘
11:01:56,30.12,0.01,93,280108,买盘
11:02:00,30.12,0.0,20,60235,买盘
11:02:03,30.12,0.0,65,195778,买盘
11:02:05,30.12,0.0,34,102408,卖盘
11:02:12,30.12,0.0,30,90369,卖盘
11:02:15,30.12,0.0,25,75304,卖盘
11:02:18,30.12,0.0,20,60243,卖盘
11:02:21,30.13,0.01,103,310246,买盘
11:02:23,30.12,-0.01,49,147615,卖盘
11:02:27,30.13,0.01,11,33135,买盘
11:02:29,30.13,0.0,329,991404,买盘
11:02:32,30.14,0.01,10,30149,中性盘
11:02:36,30.13,-0.01,75,225991,卖盘
11:02:36,30.13,0.0,12,36154,买盘
11:02:42,30.12,-0.01,81,244037,卖盘
11:02:45,30.12,0.0,123,370897,卖盘
11:02:47,30.13,0.01,19,57231,买盘
11:02:50,30.13,0.0,16,48208,买盘
11:02:53,30.14,0.01,11,33151,中性盘
11:02:57,30.14,0.0,13,39174,买盘
11:03:03,30.14,0.0,28,84391,买盘
11:03:06,30.14,0.0,311,939342,买盘
11:03:09,30.14,0.0,13,39182,卖盘
11:03:11,30.14,0.0,26,78364,卖盘
11:03:14,30.15,0.01,20,60291,买盘
11:03:18,30.14,-0.01,49,147724,卖盘
11:03:20,30.15,0.01,280,844058,买盘
11:03:24,30.15,0.0,198,596753,买盘
11:03:27,30.13,-0.02,107,322449,卖盘
11:03:30,30.13,0.0,75,225990,买盘
11:03:33,30.13,0.0,85,256158,买盘
11:03:36,30.13,0.0,9,27117,卖盘
11:03:39,30.14,0.01,43,129571,买盘
11:03:41,30.14,0.0,66,198913,买盘
11:03:45,30.13,-0.01,128,385680,卖盘
11:03:48,30.12,-0.01,66,198849,卖盘
11:03:50,30.13,0.01,6,18078,买盘
11:03:54,30.12,-0.01,72,216901,卖盘
11:03:57,30.13,0.01,23,69288,买盘
11:03:59,30.13,0.0,26,75765,买盘
11:04:03,30.13,0.0,31,93399,买盘
11:04:06,30.13,0.0,28,84357,买盘
11:04:08,30.13,0.0,485,1461915,买盘
11:04:12,30.16,0.03,241,727000,买盘
11:04:14,30.15,-0.01,9,27135,卖盘
11:04:18,30.15,0.0,18,54270,卖盘
11:04:21,30.15,0.0,9,27135,卖盘
11:04:24,30.15,0.0,19,57294,卖盘
11:04:27,30.15,0.0,34,102527,卖盘
11:04:30,30.15,0.0,63,189948,卖盘
11:04:33,30.15,0.0,150,452396,卖盘
11:04:35,30.15,0.0,44,132677,卖盘
11:04:39,30.16,0.01,138,416185,买盘
11:04:42,30.15,-0.01,21,63325,卖盘
11:04:45,30.15,0.0,93,279890,卖盘
11:04:48,30.16,0.01,79,238195,买盘
11:04:51,30.16,0.0,34,102544,买盘
11:04:54,30.15,-0.01,37,111575,卖盘
11:04:57,30.15,0.0,341,1028537,卖盘
11:05:00,30.15,0.0,194,584910,买盘
11:05:03,30.15,0.0,48,144720,买盘
11:05:06,30.15,0.0,233,702597,买盘
11:05:09,30.16,0.01,63,190243,买盘
11:05:12,30.15,-0.01,5,15075,卖盘
11:05:15,30.13,-0.02,350,1054807,卖盘
11:05:18,30.15,0.02,9,27136,卖盘
11:05:21,30.19,0.04,48,144856,买盘
11:05:24,30.17,-0.02,3,9051,卖盘
11:05:26,30.17,0.0,14,42234,卖盘
11:05:30,30.19,0.02,100,301847,买盘
11:05:33,30.17,-0.02,6,18107,卖盘
11:05:35,30.17,0.0,31,93544,卖盘
11:05:39,30.17,0.0,25,75460,卖盘
11:05:42,30.19,0.02,14,42264,买盘
11:05:44,30.19,0.0,35,105660,买盘
11:05:48,30.18,-0.01,21,63380,卖盘
11:05:51,30.19,0.01,47,141878,买盘
11:05:54,30.2,0.01,87,262873,买盘
11:05:56,30.19,-0.01,11,33209,卖盘
11:05:59,30.19,0.0,10,30190,卖盘
11:06:03,30.2,0.01,87,262710,买盘
11:06:06,30.2,0.0,35,105691,买盘
11:06:09,30.19,-0.01,134,405460,卖盘
11:06:12,30.2,0.01,84,253627,中性盘
11:06:15,30.21,0.01,15,45310,买盘
11:06:18,30.21,0.0,18,54366,买盘
11:06:21,30.2,-0.01,25,75521,卖盘
11:06:24,30.21,0.01,17,51355,买盘
11:06:27,30.2,-0.01,29,87598,卖盘
11:06:30,30.21,0.01,19,57396,买盘
11:06:33,30.21,0.0,43,129907,买盘
11:06:35,30.21,0.0,39,117845,卖盘
11:06:39,30.22,0.01,7,21150,买盘
11:06:42,30.22,0.0,34,102746,买盘
11:06:45,30.22,0.0,75,226591,买盘
11:06:48,30.21,-0.01,21,63445,买盘
11:06:51,30.21,0.0,10,30210,买盘
11:06:54,30.21,0.0,135,407746,买盘
11:06:57,30.2,-0.01,83,250698,卖盘
11:07:00,30.2,0.0,82,247695,卖盘
11:07:03,30.2,0.0,57,172184,卖盘
11:07:06,30.19,-0.01,121,365615,卖盘
11:07:09,30.21,0.02,11,33231,中性盘
11:07:12,30.2,-0.01,8,24164,卖盘
11:07:15,30.22,0.02,19,57402,买盘
11:07:18,30.2,-0.02,16,48320,卖盘
11:07:21,30.2,0.0,16,48330,卖盘
11:07:24,30.21,0.01,23,69490,中性盘
11:07:27,30.21,0.0,25,75517,买盘
11:07:30,30.2,-0.01,21,63425,卖盘
11:07:33,30.21,0.01,18,54389,中性盘
11:07:36,30.22,0.01,54,163104,买盘
11:07:39,30.2,-0.02,47,141958,卖盘
11:07:41,30.22,0.02,60,181316,买盘
11:07:44,30.2,-0.02,79,238598,卖盘
11:07:48,30.22,0.02,17,51360,买盘
11:07:50,30.22,0.0,54,163170,买盘
11:07:54,30.24,0.02,53,160230,买盘
11:07:56,30.2,-0.04,116,350331,卖盘
11:08:00,30.2,0.0,179,540570,买盘
11:08:03,30.2,0.0,29,87578,买盘
11:08:06,30.19,-0.01,35,105672,卖盘
11:08:09,30.19,0.0,41,123806,卖盘
11:08:12,30.2,0.01,25,75496,买盘
11:08:15,30.2,0.0,508,1534793,买盘
11:08:17,30.2,0.0,98,295936,买盘
11:08:20,30.2,0.0,434,1310670,买盘
11:08:24,30.2,0.0,52,157036,买盘
11:08:26,30.2,0.0,14,42280,卖盘
11:08:30,30.2,0.0,29,87581,卖盘
11:08:33,30.24,0.04,31,93683,买盘
11:08:36,30.2,-0.04,13,39265,卖盘
11:08:39,30.24,0.04,7,21150,买盘
11:08:41,30.21,-0.03,10,30210,卖盘
11:08:44,30.24,0.03,55,166311,买盘
11:08:47,30.23,-0.01,17,51368,买盘
11:08:51,30.22,-0.01,2,6044,买盘
11:08:54,30.21,-0.01,112,338452,卖盘
11:08:57,30.21,0.0,49,148055,卖盘
11:09:00,30.21,0.0,39,117850,卖盘
11:09:02,30.22,0.01,50,151100,买盘
11:09:06,30.21,-0.01,89,268925,卖盘
11:09:08,30.22,0.01,8,24176,买盘
11:09:12,30.21,-0.01,141,426070,卖盘
11:09:15,30.22,0.01,392,1183854,买盘
11:09:18,30.21,-0.01,93,280855,买盘
11:09:21,30.21,0.0,49,147998,买盘
11:09:24,30.21,0.0,171,516652,买盘
11:09:27,30.23,0.02,23,69505,买盘
11:09:33,30.22,-0.01,23,69516,卖盘
11:09:36,30.22,0.0,38,114870,卖盘
11:09:39,30.23,0.01,23,69507,买盘
11:09:42,30.23,0.0,28,84642,买盘
11:09:45,30.22,-0.01,9,27200,卖盘
11:09:48,30.23,0.01,110,332630,卖盘
11:09:51,30.24,0.01,36,108861,买盘
11:09:54,30.23,-0.01,2,6046,卖盘
11:09:57,30.23,0.0,73,220615,买盘
11:10:00,30.2,-0.03,121,365494,卖盘
11:10:02,30.22,0.02,175,528763,买盘
11:10:05,30.22,0.0,88,265936,卖盘
11:10:09,30.22,0.0,169,510728,卖盘
11:10:12,30.2,-0.02,258,779400,卖盘
11:10:15,30.21,0.01,609,1839171,买盘
11:10:18,30.18,-0.03,192,577774,卖盘
11:10:21,30.17,-0.01,237,715167,卖盘
11:10:24,30.17,0.0,64,193073,卖盘
11:10:27,30.16,-0.01,94,283506,卖盘
11:10:30,30.17,0.01,183,551784,买盘
11:10:33,30.15,-0.02,59,177903,卖盘
11:10:36,30.16,0.01,98,295485,买盘
11:10:39,30.15,-0.01,25,75383,卖盘
11:10:42,30.15,0.0,32,96498,卖盘
11:10:45,30.16,0.01,28,84448,买盘
11:10:48,30.16,0.0,14,43059,买盘
11:10:50,30.15,-0.01,25,75387,卖盘
11:10:54,30.16,0.01,166,500599,买盘
11:10:57,30.15,-0.01,75,225261,卖盘
11:11:00,30.14,-0.01,68,204954,卖盘
11:11:03,30.14,0.0,76,229060,买盘
11:11:06,30.13,-0.01,9,27118,卖盘
11:11:08,30.13,0.0,166,500320,卖盘
11:11:12,30.16,0.03,240,724356,买盘
11:11:15,30.15,-0.01,40,120600,卖盘
11:11:17,30.16,0.01,13,39200,买盘
11:11:21,30.15,-0.01,36,108561,卖盘
11:11:24,30.16,0.01,15,45237,买盘
11:11:27,30.15,-0.01,382,1152162,卖盘
11:11:30,30.17,0.02,93,280656,买盘
11:11:33,30.17,0.0,45,135762,买盘
11:11:36,30.17,0.0,23,69378,卖盘
11:11:39,30.16,-0.01,37,111603,卖盘
11:11:42,30.17,0.01,6,18102,买盘
11:11:45,30.16,-0.01,173,521768,卖盘
11:11:48,30.17,0.01,24,72395,买盘
11:11:49,30.16,-0.01,43,129727,卖盘
11:11:54,30.17,0.01,74,223256,买盘
11:11:57,30.17,0.0,40,120672,买盘
11:12:00,30.17,0.0,12,36204,买盘
11:12:03,30.17,0.0,5,15089,卖盘
11:12:04,30.17,0.0,15,45262,卖盘
11:12:09,30.18,0.01,5,15090,买盘
11:12:10,30.18,0.0,12,36205,买盘
11:12:15,30.18,0.0,9,27162,买盘
11:12:18,30.18,0.0,58,175036,买盘
11:12:21,30.17,-0.01,389,1173623,卖盘
11:12:24,30.17,0.0,26,78442,买盘
11:12:26,30.18,0.01,251,757320,买盘
11:12:30,30.18,0.0,30,90517,买盘
11:12:33,30.16,-0.02,19,57322,卖盘
11:12:36,30.18,0.02,103,310848,买盘
11:12:39,30.18,0.0,10,30180,卖盘
11:12:42,30.19,0.01,23,69423,买盘
11:12:45,30.18,-0.01,4,12072,卖盘
11:12:48,30.19,0.01,10,30182,买盘
11:12:51,30.18,-0.01,139,419502,卖盘
11:12:54,30.18,0.0,12,36216,买盘
11:12:57,30.17,-0.01,18,55392,卖盘
11:13:00,30.17,0.0,45,134679,卖盘
11:13:03,30.16,-0.01,26,78438,卖盘
11:13:06,30.16,0.0,58,174978,卖盘
11:13:09,30.17,0.01,21,63357,买盘
11:13:12,30.17,0.0,62,187053,买盘
11:13:15,30.17,0.0,477,1439499,卖盘
11:13:18,30.18,0.01,102,307740,买盘
11:13:21,30.19,0.01,45,135816,买盘
11:13:24,30.18,-0.01,3,9054,卖盘
11:13:27,30.18,0.0,41,123738,卖盘
11:13:30,30.18,0.0,22,66406,卖盘
11:13:33,30.18,0.0,15,45270,卖盘
11:13:36,30.17,-0.01,15,45266,卖盘
11:13:36,30.18,0.01,14,42247,中性盘
11:13:42,30.18,0.0,2,6035,买盘
11:13:45,30.18,0.0,5,15090,买盘
11:13:48,30.18,0.0,60,181071,买盘
11:13:51,30.18,0.0,4,12072,卖盘
11:13:54,30.16,-0.02,254,766188,卖盘
11:13:57,30.19,0.03,16,48280,买盘
11:14:00,30.18,-0.01,41,123771,卖盘
11:14:03,30.19,0.01,162,489004,买盘
11:14:06,30.17,-0.02,18,54318,卖盘
11:14:09,30.19,0.02,61,184157,买盘
11:14:13,30.17,-0.02,28,84486,买盘
11:14:15,30.17,0.0,448,1350837,买盘
11:14:18,30.17,0.0,92,277532,买盘
11:14:20,30.17,0.0,13,39211,买盘
11:14:24,30.17,0.0,6,18099,买盘
11:14:27,30.14,-0.03,89,267471,卖盘
11:14:30,30.14,0.0,6,18084,买盘
11:14:33,30.13,-0.01,44,132581,卖盘
11:14:36,30.13,0.0,216,650816,卖盘
11:14:39,30.13,0.0,64,192832,卖盘
11:14:42,30.12,-0.01,451,1360904,卖盘
11:14:45,30.12,0.0,701,2113055,卖盘
11:14:47,30.13,0.01,19,57230,买盘
11:14:51,30.13,0.0,33,99413,买盘
11:14:54,30.13,0.0,35,105443,买盘
11:14:57,30.13,0.0,332,998256,买盘
11:15:00,30.13,0.0,60,181234,买盘
11:15:03,30.13,0.0,23,69310,卖盘
11:15:06,30.13,0.0,163,491119,卖盘
11:15:09,30.14,0.01,321,967234,买盘
11:15:12,30.14,0.0,28,84392,买盘
11:15:15,30.12,-0.02,169,509186,卖盘
11:15:18,30.13,0.01,5,15065,中性盘
11:15:21,30.13,0.0,14,42182,买盘
11:15:24,30.13,0.0,42,126511,买盘
11:15:27,30.12,-0.01,9,27109,卖盘
11:15:30,30.14,0.02,35,105455,买盘
11:15:33,30.13,-0.01,112,337397,中性盘
11:15:36,30.12,-0.01,532,1602417,卖盘
11:15:39,30.13,0.01,107,322385,买盘
11:15:42,30.13,0.0,15,45186,买盘
11:15:44,30.13,0.0,5,15065,买盘
11:15:48,30.13,0.0,28,84356,买盘
11:15:51,30.13,0.0,9,27115,买盘
11:15:54,30.13,0.0,22,66284,买盘
11:15:55,30.13,0.0,385,1159997,买盘
11:16:00,30.13,0.0,42,126546,卖盘
11:16:01,30.13,0.0,47,141615,买盘
11:16:06,30.13,0.0,45,135585,卖盘
11:16:09,30.14,0.01,9,27125,买盘
11:16:12,30.14,0.0,2,6027,买盘
11:16:18,30.12,-0.02,689,2075398,卖盘
11:16:21,30.13,0.01,32,96440,中性盘
11:16:24,30.12,-0.01,36,108712,卖盘
11:16:27,30.12,0.0,8,24096,卖盘
11:16:30,30.13,0.01,52,156676,买盘
11:16:33,30.14,0.01,220,662701,买盘
11:16:36,30.12,-0.02,19,57239,卖盘
11:16:39,30.12,0.0,230,693697,卖盘
11:16:42,30.11,-0.01,82,246921,卖盘
11:16:45,30.11,0.0,1282,3860120,卖盘
11:16:48,30.1,-0.01,166,497594,卖盘
11:16:51,30.11,0.01,141,424427,买盘
11:16:54,30.1,-0.01,68,204703,卖盘
11:16:57,30.11,0.01,76,228800,买盘
11:17:00,30.1,-0.01,411,1237201,卖盘
11:17:03,30.1,0.0,2135,6426360,卖盘
11:17:06,30.1,0.0,598,1799994,卖盘
11:17:09,30.1,0.0,496,1492976,卖盘
11:17:12,30.1,0.0,1273,3831610,卖盘
11:17:15,30.09,-0.01,142,427343,卖盘
11:17:18,30.08,-0.01,729,2193742,卖盘
11:17:21,30.08,0.0,99,297803,卖盘
11:17:24,30.08,0.0,84,252684,卖盘
11:17:27,30.09,0.01,25,75217,买盘
11:17:30,30.08,-0.01,500,1504000,卖盘
11:17:33,30.08,0.0,151,454345,卖盘
11:17:36,30.08,0.0,143,430281,卖盘
11:17:39,30.08,0.0,52,156438,卖盘
11:17:42,30.08,0.0,369,1109975,卖盘
11:17:43,30.08,0.0,593,1783748,卖盘
11:17:48,30.08,0.0,41,123328,买盘
11:17:51,30.07,-0.01,100,300830,卖盘
11:17:54,30.08,0.01,20,60150,买盘
11:17:58,30.07,-0.01,35,105250,卖盘
11:18:00,30.08,0.01,135,406064,买盘
11:18:03,30.08,0.0,443,1332126,买盘
11:18:06,30.07,-0.01,41,123310,卖盘
11:18:09,30.08,0.01,42,126336,买盘
11:18:12,30.08,0.0,54,162410,买盘
11:18:15,30.07,-0.01,71,213560,卖盘
11:18:16,30.07,0.0,21,63157,卖盘
11:18:21,30.08,0.01,143,430094,买盘
11:18:24,30.08,0.0,103,309773,买盘
11:18:27,30.08,0.0,67,201496,买盘
11:18:30,30.07,-0.01,24,72184,卖盘
11:18:30,30.07,0.0,63,189501,卖盘
11:18:35,30.07,0.0,145,436289,卖盘
11:18:39,30.11,0.04,277,833560,买盘
11:18:42,30.12,0.01,332,999623,买盘
11:18:44,30.06,-0.06,439,1320100,卖盘
11:18:48,30.06,0.0,26,78171,卖盘
11:18:51,30.12,0.06,138,415588,买盘
11:18:53,30.08,-0.04,13,39107,卖盘
11:18:57,30.09,0.01,17,51135,中性盘
11:19:00,30.11,0.02,11,33115,买盘
11:19:03,30.11,0.0,14,42134,买盘
11:19:06,30.09,-0.02,5,15045,卖盘
11:19:09,30.09,0.0,19,57169,买盘
11:19:11,30.09,0.0,25,75212,买盘
11:19:15,30.07,-0.02,279,839063,卖盘
11:19:18,30.09,0.02,35,105293,买盘
11:19:21,30.07,-0.02,29,87252,卖盘
11:19:24,30.06,-0.01,273,820728,卖盘
11:19:26,30.07,0.01,29,87207,中性盘
11:19:30,30.07,0.0,32,96222,买盘
11:19:33,30.06,-0.01,14,42095,卖盘
11:19:36,30.07,0.01,118,354854,买盘
11:19:39,30.07,0.0,238,715665,卖盘
11:19:42,30.08,0.01,24,72166,买盘
11:19:45,30.07,-0.01,6,18042,中性盘
11:19:48,30.08,0.01,51,153390,买盘
11:19:50,30.06,-0.02,169,508174,卖盘
11:19:54,30.07,0.01,183,550280,买盘
11:19:57,30.06,-0.01,140,420885,卖盘
11:20:00,30.06,0.0,124,372800,卖盘
11:20:03,30.07,0.01,110,330776,买盘
11:20:05,30.07,0.0,49,147343,卖盘
11:20:09,30.07,0.0,13,39091,卖盘
11:20:12,30.06,-0.01,66,198455,卖盘
11:20:15,30.07,0.01,69,207543,卖盘
11:20:18,30.06,-0.01,273,820648,卖盘
11:20:21,30.05,-0.01,1796,5397398,卖盘
11:20:23,30.04,-0.01,475,1427381,卖盘
11:20:27,30.05,0.01,176,528752,买盘
11:20:30,30.03,-0.02,62,186196,卖盘
11:20:33,30.04,0.01,32,96437,中性盘
11:20:36,30.03,-0.01,46,138143,卖盘
11:20:38,30.03,0.0,101,303359,卖盘
11:20:42,30.03,0.0,112,336346,卖盘
11:20:45,30.04,0.01,109,327381,买盘
11:20:48,30.05,0.01,57,171233,买盘
11:20:51,30.03,-0.02,531,1594742,卖盘
11:20:54,30.04,0.01,60,180238,卖盘
11:20:57,30.03,-0.01,91,273307,卖盘
11:20:59,30.04,0.01,8,24032,买盘
11:21:03,30.05,0.01,609,1829895,买盘
11:21:04,30.05,0.0,10,30050,卖盘
11:21:09,30.05,0.0,47,141277,卖盘
11:21:10,30.05,0.0,145,435736,卖盘
11:21:14,30.05,0.0,533,1601687,卖盘
11:21:18,30.05,0.0,25,75122,买盘
11:21:21,30.04,-0.01,18,54075,卖盘
11:21:24,30.04,0.0,48,144196,卖盘
11:21:25,30.04,0.0,776,2330041,卖盘
11:21:30,30.04,0.0,45,135193,卖盘
11:21:33,30.04,0.0,28,84121,卖盘
11:21:36,30.04,0.0,28,84104,买盘
11:21:38,30.03,-0.01,502,1508093,卖盘
11:21:42,30.03,0.0,307,921954,卖盘
11:21:45,30.04,0.01,67,201258,买盘
11:21:48,30.06,0.02,24,72111,买盘
11:21:51,30.03,-0.03,165,495395,卖盘
11:21:53,30.03,0.0,180,540556,卖盘
11:21:58,30.03,0.0,36,108108,买盘
11:22:00,30.03,0.0,130,390330,买盘
11:22:03,30.03,0.0,93,279262,买盘
11:22:06,30.03,0.0,97,291248,买盘
11:22:09,30.03,0.0,47,141141,买盘
11:22:12,30.03,0.0,130,390352,买盘
11:22:15,30.03,0.0,23,69069,买盘
11:22:18,30.03,0.0,138,414359,买盘
11:22:21,30.03,0.0,107,321281,买盘
11:22:24,30.02,-0.01,48,144126,卖盘
11:22:27,30.01,-0.01,9077,27234883,卖盘
11:22:30,30.02,0.01,45,135031,买盘
11:22:33,30.0,-0.02,41,123092,卖盘
11:22:36,30.02,0.02,32,96050,买盘
11:22:39,30.02,0.0,225,675133,买盘
11:22:42,30.02,0.0,249,747461,买盘
11:22:44,30.02,0.0,49,147095,买盘
11:22:48,30.02,0.0,37,111059,买盘
11:22:51,30.02,0.0,21,63039,买盘
11:22:53,30.03,0.01,37,111072,买盘
11:22:57,30.02,-0.01,13,39026,卖盘
11:23:00,30.03,0.01,46,138110,买盘
11:23:03,30.02,-0.01,25,75055,卖盘
11:23:06,30.02,0.0,9,27019,卖盘
11:23:08,30.02,0.0,130,390278,卖盘
11:23:11,30.02,0.0,80,240151,买盘
11:23:15,30.02,0.0,17,51033,买盘
11:23:18,30.02,0.0,396,1188407,买盘
11:23:21,30.02,0.0,42,126080,买盘
11:23:24,30.02,0.0,32,96052,买盘
11:23:26,30.02,0.0,19,57023,买盘
11:23:30,30.01,-0.01,49,147065,卖盘
11:23:33,30.02,0.01,420,1260818,买盘
11:23:36,30.01,-0.01,20,60032,卖盘
11:23:39,30.01,0.0,73,219107,卖盘
11:23:42,30.01,0.0,27,81053,卖盘
11:23:45,30.01,0.0,90,270114,卖盘
11:23:48,30.02,0.01,15,45022,买盘
11:23:51,30.02,0.0,58,174112,买盘
11:23:54,30.02,0.0,9,27021,卖盘
11:23:56,30.02,0.0,12,36024,卖盘
11:23:59,30.03,0.01,21,63052,买盘
11:24:03,30.03,0.0,27,81064,买盘
11:24:06,30.02,-0.01,9,27019,卖盘
11:24:09,30.03,0.01,28,84078,买盘
11:24:12,30.03,0.0,1,3003,买盘
11:24:15,30.03,0.0,114,343263,买盘
11:24:18,30.03,0.0,27,81073,买盘
11:24:21,30.03,0.0,2,6006,卖盘
11:24:24,30.03,0.0,6,18018,卖盘
11:24:26,30.04,0.01,40,120127,买盘
11:24:30,30.03,-0.01,72,216266,卖盘
11:24:33,30.03,0.0,45,135143,卖盘
11:24:36,30.03,0.0,133,399399,卖盘
11:24:39,30.04,0.01,129,387415,买盘
11:24:42,30.03,-0.01,24,72058,卖盘
11:24:45,30.03,0.0,217,651646,买盘
11:24:48,30.03,0.0,27,81073,买盘
11:24:51,30.03,0.0,30,90090,买盘
11:24:54,30.03,0.0,180,540634,卖盘
11:24:57,30.04,0.01,18,54072,卖盘
11:25:00,30.04,0.0,22,66092,卖盘
11:25:03,30.04,0.0,141,423543,买盘
11:25:06,30.04,0.0,22,66103,买盘
11:25:09,30.06,0.02,16,48072,买盘
11:25:12,30.05,-0.01,7,21030,卖盘
11:25:14,30.05,0.0,28,84123,买盘
11:25:18,30.05,0.0,13,39057,买盘
11:25:21,30.05,0.0,28,84140,买盘
11:25:24,30.06,0.01,58,174303,买盘
11:25:27,30.05,-0.01,26,78132,卖盘
11:25:30,30.05,0.0,17,51099,卖盘
11:25:33,30.06,0.01,45,135245,买盘
11:25:35,30.05,-0.01,17,51086,卖盘
11:25:38,30.05,0.0,37,111211,卖盘
11:25:42,30.06,0.01,47,141264,买盘
11:25:45,30.05,-0.01,53,157753,卖盘
11:25:47,30.06,0.01,135,405767,买盘
11:25:51,30.05,-0.01,191,575636,卖盘
11:25:54,30.05,0.0,37,111185,买盘
11:25:57,30.05,0.0,391,1175184,买盘
11:26:00,30.05,0.0,89,267437,买盘
11:26:03,30.05,0.0,520,1561861,卖盘
11:26:06,30.05,0.0,74,220977,买盘
11:26:09,30.06,0.01,102,307833,买盘
11:26:11,30.06,0.0,31,93130,买盘
11:26:15,30.05,-0.01,118,354598,卖盘
11:26:18,30.05,0.0,65,195305,卖盘
11:26:21,30.04,-0.01,113,339435,卖盘
11:26:23,30.05,0.01,374,1123849,买盘
11:26:26,30.03,-0.02,139,417441,卖盘
11:26:30,30.03,0.0,111,333361,卖盘
11:26:33,30.02,-0.01,596,1789741,卖盘
11:26:35,30.03,0.01,65,195174,买盘
11:26:39,30.02,-0.01,36,108077,卖盘
11:26:42,30.02,0.0,84,252183,卖盘
11:26:44,30.02,0.0,147,441380,卖盘
11:26:48,30.02,0.0,59,177151,卖盘
11:26:50,30.02,0.0,28,84076,卖盘
11:26:54,30.03,0.01,228,684667,中性盘
11:26:56,30.03,0.0,20,60052,买盘
11:27:00,30.03,0.0,69,207154,买盘
11:27:03,30.02,-0.01,118,354250,卖盘
11:27:05,30.02,0.0,52,155197,卖盘
11:27:09,30.01,-0.01,230,690334,卖盘
11:27:12,30.02,0.01,71,213148,卖盘
11:27:15,30.06,0.04,599,1799987,买盘
11:27:18,30.08,0.02,164,493054,买盘
11:27:21,30.1,0.02,458,1378035,买盘
11:27:24,30.03,-0.07,2,6011,卖盘
11:27:27,30.03,0.0,49,147156,卖盘
11:27:30,30.04,0.01,6,18019,买盘
11:27:32,30.03,-0.01,37,111115,卖盘
11:27:36,30.04,0.01,325,976291,买盘
11:27:39,30.04,0.0,40,120144,买盘
11:27:42,30.04,0.0,90,270289,买盘
11:27:45,30.04,0.0,37,111123,买盘
11:27:47,30.03,-0.01,76,228229,卖盘
11:27:51,30.03,0.0,46,138106,买盘
11:27:54,30.03,0.0,32,96069,买盘
11:27:57,30.02,-0.01,18,54046,卖盘
11:28:00,30.02,0.0,33,99080,卖盘
11:28:03,30.02,0.0,389,1167788,卖盘
11:28:06,30.02,0.0,101,303189,买盘
11:28:09,30.02,0.0,9,27018,买盘
11:28:12,30.02,0.0,6,18012,买盘
11:28:14,30.02,0.0,13,39021,买盘
11:28:17,30.01,-0.01,226,678440,卖盘
11:28:21,30.02,0.01,153,459255,买盘
11:28:24,30.02,0.0,71,213090,买盘
11:28:27,30.01,-0.01,57,170404,卖盘
11:28:30,30.02,0.01,191,573362,买盘
11:28:33,30.02,0.0,21,63055,中性盘
11:28:36,30.02,0.0,33,99058,买盘
11:28:39,30.02,0.0,8,24016,买盘
11:28:42,30.02,0.0,79,237096,买盘
11:28:45,30.02,0.0,3,9006,卖盘
11:28:48,30.02,0.0,52,156113,卖盘
11:28:51,30.01,-0.01,524,1572548,卖盘
11:28:54,30.01,0.0,191,573881,卖盘
11:28:57,30.01,0.0,59,177024,买盘
11:28:59,30.01,0.0,621,1863021,买盘
11:29:03,30.0,-0.01,20,60009,卖盘
11:29:06,30.01,0.01,468,1404011,买盘
11:29:09,30.0,-0.01,13,39010,卖盘
11:29:12,30.01,0.01,446,1338081,买盘
11:29:15,30.01,0.0,330,990305,买盘
11:29:17,30.01,0.0,97,291008,买盘
11:29:20,30.0,-0.01,187,561035,卖盘
11:29:24,30.0,0.0,72,216042,卖盘
11:29:27,30.01,0.01,236,707544,买盘
11:29:30,30.01,0.0,21,63021,卖盘
11:29:33,30.01,0.0,108,324212,卖盘
11:29:36,30.02,0.01,9,27010,买盘
11:29:39,30.01,-0.01,51,153065,卖盘
11:29:42,30.02,0.01,1,3002,买盘
11:29:45,30.02,0.0,16,48030,买盘
11:29:48,30.02,0.0,31,93035,买盘
11:29:51,30.02,0.0,13,39026,买盘
11:29:54,30.02,0.0,142,426149,买盘
11:29:57,30.01,-0.01,56,168055,卖盘
11:29:59,30.02,0.01,16,47969,买盘
13:00:00,30.03,0.01,328,984215,买盘
13:00:04,30.03,0.0,1943,5833148,卖盘
13:00:07,30.03,0.0,195,586578,卖盘
13:00:09,30.03,0.0,21,63059,中性盘
13:00:13,30.03,0.0,83,249275,卖盘
13:00:15,30.03,0.0,135,405538,卖盘
13:00:18,30.03,0.0,48,144237,卖盘
13:00:21,30.03,0.0,75,225165,卖盘
13:00:25,30.02,-0.01,15,42872,卖盘
13:00:28,30.02,0.0,62,186164,卖盘
13:00:30,30.02,0.0,18,55394,买盘
13:00:33,30.01,-0.01,131,393970,卖盘
13:00:37,30.01,0.0,353,1057117,买盘
13:00:39,30.0,-0.01,445,1335039,卖盘
13:00:42,30.01,0.01,589,1768229,买盘
13:00:45,30.01,0.0,110,329798,买盘
13:00:48,29.97,-0.04,475,1423557,卖盘
13:00:51,29.97,0.0,81,242761,卖盘
13:00:54,29.97,0.0,13,38972,卖盘
13:00:58,29.96,-0.01,33,98900,卖盘
13:01:00,30.01,0.05,206,617711,买盘
13:01:04,29.97,-0.04,14,41964,中性盘
13:01:07,29.98,0.01,10,29971,买盘
13:01:09,29.98,0.0,26,77944,中性盘
13:01:13,29.98,0.0,4,11992,卖盘
13:01:15,29.99,0.01,1,2999,中性盘
13:01:18,29.99,0.0,20,59980,中性盘
13:01:21,29.99,0.0,96,287874,买盘
13:01:25,29.98,-0.01,269,806450,卖盘
13:01:28,29.98,0.0,47,140906,买盘
13:01:30,29.97,-0.01,65,194870,卖盘
13:01:34,29.97,0.0,131,392629,卖盘
13:01:37,29.98,0.01,20,59960,买盘
13:01:40,29.98,0.0,8,23984,卖盘
13:01:43,29.98,0.0,28,83955,卖盘
13:01:45,29.98,0.0,339,1016622,卖盘
13:01:48,29.98,0.0,1,2998,卖盘
13:01:51,29.98,0.0,10,29980,卖盘
13:01:55,29.99,0.01,16,47979,买盘
13:01:58,29.99,0.0,56,167943,买盘
13:02:00,29.98,-0.01,29,86967,卖盘
13:02:03,29.99,0.01,22,65973,买盘
13:02:06,29.98,-0.01,14,41972,卖盘
13:02:09,29.99,0.01,69,206889,买盘
13:02:13,29.99,0.0,51,152919,买盘
13:02:15,29.99,0.0,26,77974,买盘
13:02:18,29.98,-0.01,5,14993,卖盘
13:02:21,29.99,0.01,23,68977,卖盘
13:02:26,29.99,0.0,38,113962,卖盘
13:02:27,29.99,0.0,48,143996,卖盘
13:02:30,29.96,-0.03,348,1042951,卖盘
13:02:33,29.97,0.01,5,14993,中性盘
13:02:36,29.99,0.02,27,80963,买盘
13:02:39,29.98,-0.01,17,50976,卖盘
13:02:42,29.99,0.01,45,134932,买盘
13:02:45,29.98,-0.01,16,47968,卖盘
13:02:48,29.99,0.01,13,38985,买盘
13:02:51,29.98,-0.01,592,1775398,卖盘
13:02:54,29.99,0.01,9,26985,中性盘
13:02:58,29.99,0.0,1,2999,卖盘
13:03:00,29.99,0.0,3,8997,卖盘
13:03:04,30.0,0.01,10,29996,买盘
13:03:06,30.0,0.0,719,2156986,买盘
13:03:10,30.0,0.0,192,575819,买盘
13:03:13,30.01,0.01,44,132006,买盘
13:03:15,30.0,-0.01,113,339007,卖盘
13:03:19,30.0,0.0,106,318003,卖盘
13:03:21,30.0,0.0,15,45006,卖盘
13:03:25,30.02,0.02,33,99042,买盘
13:03:27,30.02,0.0,14,42028,买盘
13:03:30,30.02,0.0,9,27013,买盘
13:03:34,30.03,0.01,245,735472,买盘
13:03:36,30.02,-0.01,22,66044,买盘
13:03:40,30.02,0.0,199,597398,买盘
13:03:43,30.02,0.0,94,282105,买盘
13:03:45,30.02,0.0,223,669416,买盘
13:03:49,30.03,0.01,20,60240,中性盘
13:03:51,30.03,0.0,8,24024,卖盘
13:03:55,30.04,0.01,65,195260,买盘
13:03:58,30.05,0.01,27,81116,买盘
13:04:00,30.04,-0.01,168,504811,卖盘
13:04:04,30.05,0.01,183,549877,买盘
13:04:06,30.05,0.0,44,132220,卖盘
13:04:10,30.04,-0.01,77,231366,卖盘
13:04:13,30.04,0.0,59,177268,卖盘
13:04:15,30.04,0.0,80,240329,卖盘
13:04:19,30.04,0.0,16,48064,卖盘
13:04:21,30.04,0.0,81,243325,买盘
13:04:25,30.04,0.0,58,174207,中性盘
13:04:28,30.03,-0.01,23,69091,卖盘
13:04:30,30.03,0.0,41,123101,中性盘
13:04:33,30.03,0.0,36,108083,买盘
13:04:36,30.02,-0.01,129,387216,卖盘
13:04:40,30.02,0.0,194,582204,买盘
13:04:43,30.0,-0.02,29,87894,卖盘
13:04:45,30.01,0.01,39,117041,中性盘
13:04:48,30.01,0.0,200,600200,买盘
13:04:51,30.01,0.0,576,1728014,买盘
13:04:55,30.0,-0.01,277,830871,卖盘
13:04:58,29.99,-0.01,35,104969,卖盘
13:05:00,29.99,0.0,74,221877,买盘
13:05:04,30.0,0.01,345,1034564,买盘
13:05:06,29.98,-0.02,79,236821,卖盘
13:05:10,29.99,0.01,29,86971,买盘
13:05:13,29.99,0.0,42,125956,卖盘
13:05:15,30.0,0.01,42,125959,买盘
13:05:19,29.99,-0.01,31,92968,卖盘
13:05:21,29.98,-0.01,29,86966,卖盘
13:05:24,29.99,0.01,70,209930,买盘
13:05:28,29.99,0.0,36,107929,买盘
13:05:30,29.98,-0.01,15,44975,卖盘
13:05:33,29.99,0.01,29,86968,买盘
13:05:36,29.99,0.0,3,8995,买盘
13:05:39,29.99,0.0,31,92942,买盘
13:05:43,29.99,0.0,39,116939,买盘
13:05:45,29.98,-0.01,37,110958,卖盘
13:05:48,29.98,0.0,31,92945,卖盘
13:05:51,29.98,0.0,7,20992,卖盘
13:05:55,29.99,0.01,29,86967,买盘
13:06:00,29.99,0.0,99,296849,买盘
13:06:04,29.98,-0.01,69,206923,卖盘
13:06:06,29.99,0.01,72,215928,买盘
13:06:10,29.99,0.0,59,176939,买盘
13:06:12,29.99,0.0,12,35988,买盘
13:06:15,29.99,0.0,35,104951,买盘
13:06:19,29.99,0.0,9,26991,买盘
13:06:21,29.98,-0.01,23,68973,卖盘
13:06:25,29.98,0.0,125,374764,卖盘
13:06:27,29.98,0.0,284,851436,卖盘
13:06:30,29.99,0.01,85,254862,买盘
13:06:33,29.98,-0.01,111,332798,卖盘
13:06:36,29.98,0.0,128,383744,买盘
13:06:40,29.98,0.0,29,86942,买盘
13:06:43,29.98,0.0,77,230846,买盘
13:06:45,29.98,0.0,22,65956,买盘
13:06:48,29.98,0.0,117,350736,买盘
13:06:51,29.98,0.0,68,203862,买盘
13:06:54,29.97,-0.01,254,761314,卖盘
13:06:58,29.98,0.01,16,47967,中性盘
13:07:00,29.97,-0.01,319,956187,卖盘
13:07:04,29.98,0.01,41,122954,中性盘
13:07:06,29.98,0.0,10,29981,卖盘
13:07:10,29.98,0.0,24,71958,卖盘
13:07:13,29.98,0.0,49,146899,卖盘
13:07:15,29.98,0.0,21,62956,买盘
13:07:19,29.98,0.0,50,149884,买盘
13:07:21,29.98,0.0,24,71935,买盘
13:07:25,29.98,0.0,44,131876,买盘
13:07:28,29.97,-0.01,141,422642,卖盘
13:07:30,29.97,0.0,33,98911,卖盘
13:07:33,29.98,0.01,232,695492,买盘
13:07:36,29.97,-0.01,166,497502,卖盘
13:07:40,29.98,0.01,27,80926,买盘
13:07:43,29.97,-0.01,54,161821,中性盘
13:07:45,29.97,0.0,50,149861,卖盘
13:07:49,29.97,0.0,8,23976,卖盘
13:07:51,29.97,0.0,11,32968,卖盘
13:07:55,29.97,0.0,23,68952,卖盘
13:07:58,29.97,0.0,6,17982,卖盘
13:08:00,29.97,0.0,35,104897,卖盘
13:08:03,29.97,0.0,20,59956,卖盘
13:08:06,29.98,0.01,65,194843,买盘
13:08:10,29.97,-0.01,59,176828,卖盘
13:08:13,29.97,0.0,55,164840,卖盘
13:08:15,29.97,0.0,5,14986,卖盘
13:08:18,29.98,0.01,12,35976,买盘
13:08:21,29.98,0.0,51,152880,买盘
13:08:24,29.97,-0.01,134,401617,卖盘
13:08:28,29.98,0.01,95,284794,买盘
13:08:30,29.98,0.0,45,134910,买盘
13:08:33,29.97,-0.01,21,62948,卖盘
13:08:36,29.97,0.0,55,164847,卖盘
13:08:40,29.98,0.01,367,1100266,买盘
13:08:43,29.97,-0.01,112,335771,卖盘
13:08:45,29.98,0.01,78,233852,买盘
13:08:48,29.98,0.0,5,14994,卖盘
13:08:51,29.98,0.0,91,272818,卖盘
13:08:54,29.98,0.0,4,11992,卖盘
13:08:58,29.99,0.01,1,2999,买盘
13:09:00,29.99,0.0,306,917693,买盘
13:09:04,29.99,0.0,74,221915,买盘
13:09:06,29.99,0.0,7,20993,卖盘
13:09:10,29.99,0.0,31,92969,卖盘
13:09:15,30.0,0.01,15,45000,买盘
13:09:18,30.0,0.0,10,30000,买盘
13:09:21,30.0,0.0,373,1118997,买盘
13:09:25,30.0,0.0,74,221930,买盘
13:09:28,29.99,-0.01,10,29991,卖盘
13:09:30,30.0,0.01,542,1626000,买盘
13:09:33,29.99,-0.01,21,62992,卖盘
13:09:36,30.0,0.01,307,920997,买盘
13:09:39,30.0,0.0,169,506993,买盘
13:09:43,30.01,0.01,230,690003,买盘
13:09:45,30.0,-0.01,99,297004,卖盘
13:09:48,30.01,0.01,4,12004,买盘
13:09:51,30.01,0.0,608,1824681,买盘
13:09:55,30.02,0.01,19,57037,买盘
13:09:57,30.02,0.0,5,15010,卖盘
13:10:00,30.04,0.02,5,15020,买盘
13:10:04,30.04,0.0,44,132132,买盘
13:10:06,30.04,0.0,12,36048,买盘
13:10:10,30.04,0.0,43,129170,买盘
13:10:13,30.04,0.0,53,159183,买盘
13:10:15,30.03,-0.01,35,105126,卖盘
13:10:18,30.03,0.0,72,216227,卖盘
13:10:21,30.02,-0.01,51,153135,卖盘
13:10:24,30.03,0.01,55,165144,买盘
13:10:28,30.02,-0.01,74,222148,卖盘
13:10:30,30.01,-0.01,36,108068,卖盘
13:10:34,30.03,0.02,378,1134760,买盘
13:10:36,30.03,0.0,19,57039,买盘
13:10:40,30.02,-0.01,7,21016,卖盘
13:10:43,30.02,0.0,25,75050,卖盘
13:10:45,30.02,0.0,3,9007,卖盘
13:10:49,30.03,0.01,57,171171,买盘
13:10:51,30.02,-0.01,8,24016,卖盘
13:10:55,30.03,0.01,14,42039,买盘
13:10:58,30.03,0.0,12,36029,买盘
13:11:00,30.03,0.0,19,57057,买盘
13:11:03,30.02,-0.01,30,90077,卖盘
13:11:06,30.03,0.01,15,45045,买盘
13:11:10,30.03,0.0,5,15015,买盘
13:11:13,30.03,0.0,17,51040,买盘
13:11:15,30.03,0.0,13,39039,买盘
13:11:18,30.03,0.0,209,627623,买盘
13:11:21,30.02,-0.01,58,174166,卖盘
13:11:25,30.02,0.0,46,138117,卖盘
13:11:27,30.03,0.01,32,96093,买盘
13:11:30,30.02,-0.01,19,57038,卖盘
13:11:34,30.03,0.01,730,2192200,买盘
13:11:36,30.03,0.0,4,12012,买盘
13:11:40,30.02,-0.01,48,144109,卖盘
13:11:43,30.02,0.0,14,42034,卖盘
13:11:46,30.03,0.01,157,471455,买盘
13:11:48,30.02,-0.01,32,96075,卖盘
13:11:51,30.03,0.01,64,192192,买盘
13:11:54,30.02,-0.01,66,198161,卖盘
13:11:58,30.04,0.02,25,75082,买盘
13:12:00,30.03,-0.01,140,420431,卖盘
13:12:04,30.04,0.01,117,351419,买盘
13:12:06,30.03,-0.01,91,273352,卖盘
13:12:10,30.05,0.02,82,246336,买盘
13:12:12,30.05,0.0,43,129215,卖盘
13:12:16,30.03,-0.02,78,234300,卖盘
13:12:19,30.05,0.02,11,33055,买盘
13:12:21,30.03,-0.02,37,111126,卖盘
13:12:25,30.04,0.01,18,54082,卖盘
13:12:28,30.03,-0.01,37,111113,卖盘
13:12:30,30.04,0.01,22,66071,买盘
13:12:34,30.03,-0.01,25,75081,卖盘
13:12:36,30.03,0.0,58,174159,卖盘
13:12:39,30.03,0.0,14,42042,买盘
13:12:43,30.02,-0.01,487,1461973,卖盘
13:12:45,30.02,0.0,31,93062,买盘
13:12:48,30.02,0.0,53,156244,买盘
13:12:51,30.02,0.0,808,2425603,买盘
13:12:55,30.01,-0.01,22,66036,卖盘
13:12:58,30.01,0.0,7,21007,卖盘
13:13:00,30.02,0.01,4,12008,买盘
13:13:03,30.02,0.0,25,75042,买盘
13:13:06,30.02,0.0,17,51023,买盘
13:13:10,30.02,0.0,18,54036,买盘
13:13:13,30.01,-0.01,56,168091,卖盘
13:13:15,30.01,0.0,93,279097,卖盘
13:13:19,30.01,0.0,137,411169,卖盘
13:13:21,30.02,0.01,21,63042,买盘
13:13:24,30.01,-0.01,40,120040,卖盘
13:13:27,30.02,0.01,89,269364,买盘
13:13:30,30.02,0.0,14,42028,买盘
13:13:33,30.01,-0.01,154,462178,卖盘
13:13:36,30.01,0.0,118,354775,卖盘
13:13:40,30.01,0.0,27,81027,买盘
13:13:43,30.01,0.0,39,117006,买盘
13:13:45,30.01,0.0,100,300032,买盘
13:13:49,30.0,-0.01,85,255065,卖盘
13:13:51,30.01,0.01,150,447173,买盘
13:13:54,30.0,-0.01,34,102010,卖盘
13:13:58,30.01,0.01,74,222073,买盘
13:14:00,30.0,-0.01,33,99030,卖盘
13:14:04,30.0,0.0,19,57016,卖盘
13:14:06,30.0,0.0,50,150019,卖盘
13:14:10,30.0,0.0,1005,3017936,卖盘
13:14:13,30.0,0.0,1,3000,买盘
13:14:15,29.99,-0.01,38,113975,卖盘
13:14:18,30.0,0.01,152,455862,买盘
13:14:21,30.0,0.0,15,45000,买盘
13:14:25,29.99,-0.01,24,71992,卖盘
13:14:28,29.99,0.0,14,41997,卖盘
13:14:30,29.99,0.0,553,1658437,卖盘
13:14:33,29.99,0.0,6,17994,买盘
13:14:36,29.98,-0.01,17,48154,卖盘
13:14:40,29.98,0.0,16,47983,卖盘
13:14:42,29.98,0.0,14,41981,卖盘
13:14:45,29.98,0.0,10,29982,卖盘
13:14:48,29.99,0.01,61,182906,买盘
13:14:51,29.98,-0.01,9,27020,卖盘
13:14:55,29.98,0.0,43,128944,卖盘
13:14:57,29.98,0.0,368,1103268,卖盘
13:15:00,29.99,0.01,26,77964,买盘
13:15:04,29.98,-0.01,60,179917,卖盘
13:15:06,29.98,0.0,18,53970,卖盘
13:15:10,29.98,0.0,124,371785,卖盘
13:15:13,29.98,0.0,33,98934,卖盘
13:15:15,29.98,0.0,23,68961,卖盘
13:15:18,29.99,0.01,58,173885,买盘
13:15:21,29.98,-0.01,241,725309,卖盘
13:15:24,29.97,-0.01,33,98925,卖盘
13:15:28,29.98,0.01,152,455574,买盘
13:15:30,29.98,0.0,23,68954,买盘
13:15:34,29.98,0.0,18,53960,买盘
13:15:36,29.98,0.0,88,263816,买盘
13:15:40,29.98,0.0,74,221808,买盘
13:15:43,29.98,0.0,44,129124,买盘
13:15:45,29.99,0.01,21,62971,买盘
13:15:48,29.98,-0.01,44,131912,卖盘
13:15:51,29.98,0.0,5,14994,卖盘
13:15:55,29.98,0.0,49,146905,卖盘
13:15:58,29.98,0.0,29,86950,卖盘
13:16:00,29.99,0.01,63,188907,买盘
13:16:03,29.99,0.0,145,434852,买盘
13:16:06,29.99,0.0,144,432075,买盘
13:16:09,29.99,0.0,137,413176,买盘
13:16:13,29.99,0.0,26,77958,买盘
13:16:15,29.98,-0.01,45,134909,中性盘
13:16:19,29.97,-0.01,49,146892,卖盘
13:16:21,29.97,0.0,43,128919,卖盘
13:16:25,29.98,0.01,21,62950,买盘
13:16:28,29.98,0.0,195,584539,买盘
13:16:30,29.98,0.0,51,152903,卖盘
13:16:33,29.99,0.01,17,50973,买盘
13:16:36,29.99,0.0,16,47976,买盘
13:16:40,29.98,-0.01,83,248803,卖盘
13:16:43,29.99,0.01,123,368777,买盘
13:16:45,29.99,0.0,17,50972,买盘
13:16:48,29.98,-0.01,32,94531,卖盘
13:16:51,29.98,0.0,4,11994,卖盘
13:16:54,29.98,0.0,75,226259,卖盘
13:16:58,29.97,-0.01,195,583195,卖盘
13:17:00,29.98,0.01,82,245822,买盘
13:17:03,29.97,-0.01,66,197864,卖盘
13:17:06,29.97,0.0,133,398611,卖盘
13:17:10,29.98,0.01,88,263744,买盘
13:17:13,29.97,-0.01,28,83918,卖盘
13:17:15,29.97,0.0,11,32968,卖盘
13:17:19,29.97,0.0,627,1879147,卖盘
13:17:21,29.97,0.0,96,287747,卖盘
13:17:25,29.98,0.01,29,86927,买盘
13:17:28,29.97,-0.01,160,479528,卖盘
13:17:30,29.97,0.0,234,701515,卖盘
13:17:33,29.97,0.0,28,83921,卖盘
13:17:36,29.97,0.0,92,275786,卖盘
13:17:40,29.97,0.0,99,296706,卖盘
13:17:43,29.97,0.0,40,119895,卖盘
13:17:45,29.97,0.0,41,122900,卖盘
13:17:48,29.98,0.01,95,284753,买盘
13:17:51,29.98,0.0,19,56962,买盘
13:17:55,29.97,-0.01,19,56954,卖盘
13:17:57,29.98,0.01,189,565359,买盘
13:18:00,29.98,0.0,17,50965,买盘
13:18:03,29.97,-0.01,115,344767,卖盘
13:18:06,29.97,0.0,19,56949,卖盘
13:18:10,29.98,0.01,101,302750,买盘
13:18:13,29.98,0.0,250,749459,买盘
13:18:15,29.98,0.0,56,167888,卖盘
13:18:18,29.98,0.0,90,269810,买盘
13:18:21,29.99,0.01,301,902404,买盘
13:18:24,29.98,-0.01,15,44970,卖盘
13:18:28,29.99,0.01,39,116961,买盘
13:18:30,29.98,-0.01,25,74963,卖盘
13:18:33,29.99,0.01,175,524683,买盘
13:18:36,29.99,0.0,18,53974,买盘
13:18:39,29.99,0.0,66,197933,买盘
13:18:43,29.99,0.0,158,473824,买盘
13:18:45,29.99,0.0,66,197911,买盘
13:18:48,29.98,-0.01,52,155905,卖盘
13:18:51,29.99,0.01,56,167940,买盘
13:18:54,29.98,-0.01,9,26983,卖盘
13:18:58,29.99,0.01,166,497773,买盘
13:19:00,29.99,0.0,28,83955,买盘
13:19:03,29.99,0.0,58,173943,买盘
13:19:06,29.99,0.0,15,44989,卖盘
13:19:09,29.98,-0.01,154,461859,卖盘
13:19:13,29.99,0.01,96,287980,中性盘
13:19:15,30.0,0.01,32,95982,买盘
13:19:18,30.0,0.0,100,299984,买盘
13:19:21,30.0,0.0,105,315799,买盘
13:19:24,30.0,0.0,155,464179,卖盘
13:19:27,30.0,0.0,41,122990,买盘
13:19:30,30.0,0.0,30,89984,买盘
13:19:33,30.0,0.0,50,149982,买盘
13:19:36,29.99,-0.01,30,89987,卖盘
13:19:40,30.0,0.01,20,59998,买盘
13:19:42,29.99,-0.01,15,44985,卖盘
13:19:45,29.99,0.0,20,59982,卖盘
13:19:48,29.99,0.0,31,92995,卖盘
13:19:51,30.0,0.01,31,92993,买盘
13:19:54,29.99,-0.01,20,59990,卖盘
13:19:57,30.0,0.01,21,62989,买盘
13:20:00,30.0,0.0,5,15000,买盘
13:20:03,30.0,0.0,66,197992,买盘
13:20:06,30.0,0.0,156,468802,买盘
13:20:09,30.01,0.01,30,90005,买盘
13:20:13,30.01,0.0,151,452671,买盘
13:20:15,30.01,0.0,96,288100,卖盘
13:20:18,30.02,0.01,26,78035,买盘
13:20:22,30.01,-0.01,70,210074,卖盘
13:20:24,30.01,0.0,49,147481,卖盘
13:20:28,30.02,0.01,51,153156,买盘
13:20:30,30.01,-0.01,34,102039,卖盘
13:20:33,30.01,0.0,24,72033,卖盘
13:20:36,30.02,0.01,17,51026,买盘
13:20:39,30.02,0.0,37,111074,买盘
13:20:43,30.02,0.0,48,144096,买盘
13:20:45,30.01,-0.01,24,72026,卖盘
13:20:49,30.02,0.01,308,924600,买盘
13:20:52,30.02,0.0,51,153102,卖盘
13:20:54,30.02,0.0,14,42032,卖盘
13:20:58,30.03,0.01,40,120178,买盘
13:21:00,30.02,-0.01,28,84070,卖盘
13:21:04,30.03,0.01,31,93087,买盘
13:21:06,30.04,0.01,47,141136,买盘
13:21:10,30.03,-0.01,15,45035,买盘
13:21:13,30.02,-0.01,32,96090,卖盘
13:21:15,30.03,0.01,15,45042,买盘
13:21:18,30.02,-0.01,45,135125,卖盘
13:21:21,30.02,0.0,13,39026,卖盘
13:21:24,30.02,0.0,24,72064,卖盘
13:21:28,30.03,0.01,15,45045,买盘
13:21:30,30.03,0.0,12,36036,买盘
13:21:33,30.02,-0.01,21,63056,卖盘
13:21:36,30.03,0.01,49,147119,买盘
13:21:39,30.03,0.0,25,75056,买盘
13:21:43,30.02,-0.01,30,90066,卖盘
13:21:45,30.03,0.01,41,123093,买盘
13:21:48,30.03,0.0,113,339320,买盘
13:21:51,30.03,0.0,11,33033,买盘
13:21:55,30.03,0.0,75,225206,买盘
13:21:58,30.03,0.0,48,144102,买盘
13:22:00,30.03,0.0,40,120120,买盘
13:22:03,30.02,-0.01,61,184250,卖盘
13:22:06,30.02,0.0,61,183155,卖盘
13:22:10,30.02,0.0,118,354344,卖盘
13:22:12,30.02,0.0,54,162124,卖盘
13:22:16,30.03,0.01,37,111103,买盘
13:22:19,30.02,-0.01,71,213148,卖盘
13:22:22,30.03,0.01,21,63053,买盘
13:22:24,30.02,-0.01,72,216186,卖盘
13:22:28,30.03,0.01,16,48048,买盘
13:22:31,30.03,0.0,21,63052,买盘
13:22:34,30.03,0.0,326,978974,买盘
13:22:37,30.02,-0.01,60,180134,卖盘
13:22:40,30.03,0.01,6,18018,买盘
13:22:45,30.03,0.0,19,57048,买盘
13:22:48,30.02,-0.01,24,72068,卖盘
13:22:52,30.03,0.01,2,6005,买盘
13:22:55,30.02,-0.01,40,120102,卖盘
13:22:58,30.02,0.0,13,39029,卖盘
13:23:01,30.04,0.02,210,630635,买盘
13:23:04,30.03,-0.01,55,165176,卖盘
13:23:07,30.03,0.0,28,84084,卖盘
13:23:10,30.03,0.0,26,78091,卖盘
13:23:12,30.03,0.0,14,42046,卖盘
13:23:15,30.03,0.0,8,24024,卖盘
13:23:19,30.04,0.01,40,120160,买盘
13:23:21,30.04,0.0,6,18024,买盘
13:23:24,30.03,-0.01,23,69080,卖盘
13:23:28,30.04,0.01,44,132176,买盘
13:23:31,30.03,-0.01,40,120143,卖盘
13:23:34,30.04,0.01,23,69074,买盘
13:23:37,30.04,0.0,411,1234634,买盘
13:23:40,30.04,0.0,41,123165,卖盘
13:23:43,30.04,0.0,9,27040,卖盘
13:23:46,30.04,0.0,11,33044,卖盘
13:23:48,30.04,0.0,20,60084,卖盘
13:23:52,30.05,0.01,20,60100,买盘
13:23:55,30.04,-0.01,36,108172,卖盘
13:23:58,30.04,0.0,88,264425,卖盘
13:24:00,30.04,0.0,44,132177,卖盘
13:24:04,30.04,0.0,72,216321,卖盘
13:24:07,30.05,0.01,175,525864,买盘
13:24:10,30.05,0.0,46,138200,买盘
13:24:13,30.05,0.0,12,36060,买盘
13:24:16,30.05,0.0,31,93147,买盘
13:24:19,30.06,0.01,4,12024,买盘
13:24:22,30.05,-0.01,11,33055,卖盘
13:24:25,30.05,0.0,27,81142,卖盘
13:24:28,30.06,0.01,1,3006,买盘
13:24:31,30.05,-0.01,193,579966,卖盘
13:24:34,30.05,0.0,63,189290,买盘
13:24:37,30.06,0.01,88,264436,买盘
13:24:39,30.05,-0.01,22,66126,卖盘
13:24:43,30.06,0.01,49,147290,买盘
13:24:45,30.05,-0.01,40,120213,卖盘
13:24:49,30.05,0.0,11,33062,卖盘
13:24:52,30.06,0.01,60,180360,买盘
13:24:54,30.06,0.0,38,114209,买盘
13:24:58,30.06,0.0,180,541010,买盘
13:25:01,30.05,-0.01,47,139063,卖盘
13:25:04,30.06,0.01,13,39075,买盘
13:25:07,30.06,0.0,118,354695,买盘
13:25:09,30.06,0.0,30,90160,买盘
13:25:12,30.05,-0.01,25,75130,卖盘
13:25:16,30.06,0.01,39,117226,买盘
13:25:19,30.06,0.0,44,132366,买盘
13:25:22,30.06,0.0,92,276505,买盘
13:25:25,30.05,-0.01,52,156273,卖盘
13:25:28,30.05,0.0,56,168280,卖盘
13:25:31,30.06,0.01,33,99182,买盘
13:25:34,30.05,-0.01,51,153350,卖盘
13:25:36,30.05,0.0,60,180335,卖盘
13:25:40,30.05,0.0,232,697347,卖盘
13:25:43,30.05,0.0,53,159270,卖盘
13:25:46,30.04,-0.01,101,303504,卖盘
13:25:49,30.04,0.0,72,216323,卖盘
13:25:52,30.05,0.01,97,291450,买盘
13:25:55,30.04,-0.01,64,192256,卖盘
13:25:58,30.05,0.01,32,96137,买盘
13:26:00,30.05,0.0,5,15025,买盘
13:26:04,30.05,0.0,37,111164,买盘
13:26:07,30.04,-0.01,71,213279,卖盘
13:26:10,30.04,0.0,29,87116,买盘
13:26:13,30.03,-0.01,19,57066,卖盘
13:26:15,30.04,0.01,9,27028,买盘
13:26:19,30.04,0.0,37,111351,买盘
13:26:22,30.03,-0.01,73,219291,卖盘
13:26:25,30.03,0.0,25,75081,卖盘
13:26:28,30.03,0.0,63,189189,卖盘
13:26:31,30.04,0.01,14,42055,买盘
13:26:34,30.04,0.0,80,240278,买盘
13:26:37,30.04,0.0,50,150154,买盘
13:26:39,30.04,0.0,49,147167,买盘
13:26:43,30.03,-0.01,193,579589,卖盘
13:26:46,30.03,0.0,70,210233,卖盘
13:26:48,30.03,0.0,15,45045,卖盘
13:26:51,30.04,0.01,19,57074,买盘
13:26:54,30.03,-0.01,12,36037,卖盘
13:26:57,30.03,0.0,52,156173,卖盘
13:27:00,30.04,0.01,85,255290,买盘
13:27:04,30.03,-0.01,25,75211,卖盘
13:27:07,30.04,0.01,38,114139,买盘
13:27:11,30.03,-0.01,33,99104,卖盘
13:27:13,30.04,0.01,10,30035,买盘
13:27:15,30.03,-0.01,14,42045,卖盘
13:27:19,30.04,0.01,6,18053,买盘
13:27:22,30.04,0.0,3,9010,买盘
13:27:25,30.03,-0.01,37,111140,卖盘
13:27:28,30.03,0.0,44,132156,卖盘
13:27:31,30.04,0.01,5,15020,买盘
13:27:34,30.04,0.0,30,90102,买盘
13:27:37,30.03,-0.01,66,198338,卖盘
13:27:40,30.04,0.01,5,15020,买盘
13:27:43,30.04,0.0,28,84102,买盘
13:27:45,30.04,0.0,39,117129,买盘
13:27:49,30.04,0.0,47,141151,买盘
13:27:52,30.03,-0.01,102,307841,卖盘
13:27:55,30.02,-0.01,61,183137,卖盘
13:27:57,30.02,0.0,57,171114,卖盘
13:28:04,30.02,0.0,51,153111,卖盘
13:28:07,30.03,0.01,31,93132,买盘
13:28:10,30.02,-0.01,65,195136,卖盘
13:28:13,30.02,0.0,71,213147,卖盘
13:28:16,30.02,0.0,152,456250,卖盘
13:28:19,30.02,0.0,297,891563,买盘
13:28:22,30.01,-0.01,97,291119,卖盘
13:28:25,30.02,0.01,104,312190,买盘
13:28:28,30.02,0.0,25,75050,买盘
13:28:31,30.01,-0.01,56,168073,卖盘
13:28:33,30.02,0.01,80,240217,买盘
13:28:37,30.02,0.0,49,147092,卖盘
13:28:39,30.02,0.0,12,36029,卖盘
13:28:43,30.03,0.01,1,3003,买盘
13:28:45,30.02,-0.01,13,39030,卖盘
13:28:49,30.03,0.01,11,33032,买盘
13:28:51,30.03,0.0,72,216156,买盘
13:28:55,30.02,-0.01,58,174098,买盘
13:28:58,30.02,0.0,15,45019,买盘
13:29:01,30.02,0.0,67,199563,买盘
13:29:03,30.01,-0.01,43,129073,卖盘
13:29:07,30.03,0.02,62,186119,买盘
13:29:10,30.02,-0.01,13,39026,卖盘
13:29:13,30.02,0.0,18,54041,卖盘
13:29:16,30.02,0.0,50,150099,卖盘
13:29:19,30.02,0.0,120,360123,买盘
13:29:22,30.02,0.0,30,90042,买盘
13:29:25,30.02,0.0,33,99058,买盘
13:29:28,30.01,-0.01,9,27010,卖盘
13:29:31,30.02,0.01,29,87038,买盘
13:29:34,30.01,-0.01,19,57035,卖盘
13:29:37,30.01,0.0,50,150077,卖盘
13:29:40,30.01,0.0,30,90046,卖盘
13:29:43,30.01,0.0,127,381132,卖盘
13:29:46,30.02,0.01,134,402262,买盘
13:29:48,30.02,0.0,50,150104,卖盘
13:29:52,30.03,0.01,4,12012,买盘
13:29:54,30.03,0.0,15,45035,买盘
13:29:58,30.02,-0.01,11,33022,卖盘
13:30:01,30.03,0.01,9,27027,买盘
13:30:04,30.03,0.0,74,222215,买盘
13:30:07,30.02,-0.01,127,381259,卖盘
13:30:10,30.02,0.0,118,354896,卖盘
13:30:13,30.01,-0.01,47,141572,卖盘
13:30:16,30.02,0.01,35,105066,买盘
13:30:19,30.02,0.0,9,27023,卖盘
13:30:22,30.03,0.01,64,192155,买盘
13:30:25,30.02,-0.01,41,123082,卖盘
13:30:28,30.02,0.0,17,51310,卖盘
13:30:31,30.02,0.0,29,86790,卖盘
13:30:34,30.02,0.0,106,318156,买盘
13:30:37,30.01,-0.01,62,186096,卖盘
13:30:40,30.02,0.01,10,30020,买盘
13:30:43,30.01,-0.01,85,255095,卖盘
13:30:46,30.02,0.01,75,225115,买盘
13:30:49,30.01,-0.01,17,51019,卖盘
13:30:52,30.01,0.0,46,138060,卖盘
13:30:55,30.02,0.01,20,60148,买盘
13:30:58,30.01,-0.01,12,36022,卖盘
13:31:01,30.01,0.0,10,30015,卖盘
13:31:03,30.02,0.01,39,117074,买盘
13:31:06,30.02,0.0,36,108059,买盘
13:31:09,30.01,-0.01,2,6002,卖盘
13:31:13,30.02,0.01,28,84050,买盘
13:31:16,30.01,-0.01,28,84036,卖盘
13:31:18,30.01,0.0,9,27017,卖盘
13:31:22,30.02,0.01,7,21010,买盘
13:31:25,30.02,0.0,429,1287540,买盘
13:31:28,30.02,0.0,24,72047,买盘
13:31:31,30.01,-0.01,59,177064,卖盘
13:31:34,30.01,0.0,54,162272,卖盘
13:31:36,30.02,0.01,176,528305,买盘
13:31:39,30.0,-0.02,43,129022,卖盘
13:31:42,30.02,0.02,157,471031,买盘
13:31:46,30.01,-0.01,69,207032,买盘
13:31:48,30.0,-0.01,60,180025,卖盘
13:31:52,30.01,0.01,95,285037,买盘
13:31:55,30.0,-0.01,31,93013,卖盘
13:31:58,30.01,0.01,45,135013,买盘
13:32:01,30.01,0.0,40,120014,买盘
13:32:04,30.0,-0.01,47,141022,卖盘
13:32:07,30.01,0.01,36,108028,买盘
13:32:09,30.01,0.0,7,21007,买盘
13:32:13,30.03,0.02,91,273171,买盘
13:32:16,30.01,-0.02,25,75025,中性盘
13:32:19,30.01,0.0,77,231078,买盘
13:32:21,30.0,-0.01,8,24006,卖盘
13:32:24,30.0,0.0,27,81019,卖盘
13:32:28,30.01,0.01,12,36010,买盘
13:32:30,30.01,0.0,43,129015,买盘
13:32:33,30.0,-0.01,20,60004,卖盘
13:32:37,30.01,0.01,57,171022,买盘
13:32:39,30.0,-0.01,7,21003,卖盘
13:32:43,30.02,0.02,44,132069,买盘
13:32:46,30.01,-0.01,12,36001,中性盘
13:32:49,30.02,0.01,47,141098,买盘
13:32:52,30.02,0.0,32,96067,卖盘
13:32:55,30.02,0.0,17,51038,卖盘
13:32:58,30.02,0.0,34,102087,卖盘
13:33:01,30.02,0.0,5,15010,买盘
13:33:04,30.01,-0.01,27,81049,卖盘
13:33:07,30.01,0.0,76,226416,卖盘
13:33:10,30.01,0.0,21,63027,卖盘
13:33:12,30.01,0.0,2,6002,卖盘
13:33:16,30.02,0.01,13,39018,买盘
13:33:19,30.02,0.0,15,45029,买盘
13:33:22,30.02,0.0,281,843708,买盘
