time,price,change,volume,amount,type
09:25:03,29.85,0.25,3886,11599710,卖盘
09:30:02,29.85,0.0,1905,5689228,卖盘
09:30:04,29.84,-0.01,1477,4409026,卖盘
09:30:08,29.87,0.03,740,2210124,买盘
09:30:10,29.89,0.02,382,1141054,买盘
09:30:14,29.89,0.0,459,1371708,买盘
09:30:17,29.88,-0.01,259,773917,卖盘
09:30:20,29.89,0.01,346,1034194,卖盘
09:30:22,29.85,-0.04,487,1454299,卖盘
09:30:26,29.85,0.0,136,405600,买盘
09:30:29,29.78,-0.07,118,351902,卖盘
09:30:31,29.86,0.08,195,581995,买盘
09:30:35,29.78,-0.08,88,262285,卖盘
09:30:38,29.86,0.08,988,2946282,买盘
09:30:41,29.87,0.01,298,891647,买盘
09:30:44,29.81,-0.06,195,579456,卖盘
09:30:47,29.83,0.02,420,1252529,买盘
09:30:50,29.8,-0.03,524,1563467,卖盘
09:30:53,29.83,0.03,549,1636479,卖盘
09:30:56,29.83,0.0,275,820299,卖盘
09:30:59,29.83,0.0,468,1394992,卖盘
09:31:02,29.83,0.0,198,590712,卖盘
09:31:05,29.84,0.01,837,2496580,中性盘
09:31:08,29.83,-0.01,388,1157337,卖盘
09:31:11,29.83,0.0,342,1019486,买盘
09:31:14,29.8,-0.03,310,924001,卖盘
09:31:17,29.81,0.01,842,2508871,中性盘
09:31:20,29.8,-0.01,321,956888,卖盘
09:31:22,29.82,0.02,327,974881,买盘
09:31:25,29.83,0.01,406,1210481,买盘
09:31:29,29.77,-0.06,680,2027293,卖盘
09:31:32,29.79,0.02,92,274185,中性盘
09:31:35,29.82,0.03,468,1395396,买盘
09:31:37,29.8,-0.02,157,468136,卖盘
09:31:41,29.82,0.02,251,748387,中性盘
09:31:44,29.82,0.0,366,1091394,买盘
09:31:47,29.81,-0.01,370,1103302,卖盘
09:31:50,29.82,0.01,161,480042,中性盘
09:31:53,29.83,0.01,584,1744505,买盘
09:31:56,29.83,0.0,308,918923,卖盘
09:31:58,29.85,0.02,282,841581,买盘
09:32:02,29.85,0.0,368,1098017,卖盘
09:32:05,29.83,-0.02,271,808933,卖盘
09:32:08,29.86,0.03,250,746278,买盘
09:32:11,29.85,-0.01,652,1944666,买盘
09:32:14,29.83,-0.02,634,1893990,卖盘
09:32:17,29.85,0.02,443,1322592,买盘
09:32:20,29.86,0.01,255,761220,中性盘
09:32:23,29.85,-0.01,547,1632907,卖盘
09:32:26,29.85,0.0,241,719325,卖盘
09:32:29,29.85,0.0,807,2410836,买盘
09:32:32,29.87,0.02,102,304592,买盘
09:32:34,29.86,-0.01,310,925669,卖盘
09:32:38,29.88,0.02,196,585610,买盘
09:32:41,29.89,0.01,315,941656,买盘
09:32:44,29.89,0.0,210,627662,买盘
09:32:47,29.9,0.01,216,646524,买盘
09:32:50,29.92,0.02,23,68818,中性盘
09:32:52,29.93,0.01,101,302244,买盘
09:32:55,29.93,0.0,258,772077,卖盘
09:32:59,29.94,0.01,181,541904,买盘
09:33:02,29.95,0.01,242,724703,买盘
09:33:05,29.95,0.0,365,1092426,卖盘
09:33:08,29.95,0.0,1038,3110727,卖盘
09:33:11,29.98,0.03,397,1190090,买盘
09:33:14,29.95,-0.03,472,1415723,卖盘
09:33:17,29.98,0.03,716,2144706,买盘
09:33:20,29.95,-0.03,68,203819,卖盘
09:33:22,29.98,0.03,70,209876,买盘
09:33:26,29.98,0.0,709,2126347,卖盘
09:33:29,29.99,0.01,137,410894,中性盘
09:33:31,30.0,0.01,115,344978,买盘
09:33:35,30.0,0.0,182,545966,卖盘
09:33:38,29.97,-0.03,351,1052580,卖盘
09:33:40,29.94,-0.03,539,1614647,卖盘
09:33:44,30.0,0.06,491,1470710,买盘
09:33:47,29.95,-0.05,86,257716,卖盘
09:33:50,30.0,0.05,407,1220196,买盘
09:33:53,29.97,-0.03,117,350730,中性盘
09:33:56,29.97,0.0,50,149787,卖盘
09:33:59,29.96,-0.01,143,428489,卖盘
09:34:02,29.95,-0.01,93,278663,卖盘
09:34:05,29.94,-0.01,394,1180433,卖盘
09:34:08,29.96,0.02,298,892472,买盘
09:34:11,29.95,-0.01,77,230520,卖盘
09:34:14,29.94,-0.01,72,215480,中性盘
09:34:16,29.96,0.02,342,1024383,买盘
09:34:20,29.95,-0.01,149,445901,卖盘
09:34:23,29.9,-0.05,112,335342,卖盘
09:34:26,29.9,0.0,684,2048782,卖盘
09:34:29,29.94,0.04,732,2192409,买盘
09:34:32,29.9,-0.04,270,807739,卖盘
09:34:34,29.91,0.01,35,104715,中性盘
09:34:39,29.94,0.03,161,482034,卖盘
09:34:41,29.94,0.0,340,1017088,中性盘
09:34:44,29.91,-0.03,127,379753,中性盘
09:34:47,29.9,-0.01,196,586152,卖盘
09:34:49,29.91,0.01,136,406852,买盘
09:34:53,29.9,-0.01,80,239185,卖盘
09:34:56,29.88,-0.02,150,448239,卖盘
09:34:59,29.87,-0.01,95,283937,卖盘
09:35:02,29.88,0.01,123,367435,中性盘
09:35:05,29.85,-0.03,265,791169,卖盘
09:35:08,29.85,0.0,120,358155,卖盘
09:35:11,29.87,0.02,29,86579,买盘
09:35:14,29.86,-0.01,246,734611,中性盘
09:35:17,29.85,-0.01,347,1035315,中性盘
09:35:20,29.85,0.0,92,274648,卖盘
09:35:23,29.85,0.0,62,184968,买盘
09:35:26,29.81,-0.04,197,587988,卖盘
09:35:29,29.85,0.04,157,468593,买盘
09:35:32,29.84,-0.01,131,390993,中性盘
09:35:35,29.85,0.01,100,298495,买盘
09:35:38,29.85,0.0,235,701368,卖盘
09:35:41,29.82,-0.03,159,474184,卖盘
09:35:44,29.81,-0.01,98,292242,卖盘
09:35:47,29.82,0.01,233,694659,中性盘
09:35:50,29.84,0.02,39,116316,买盘
09:35:53,29.85,0.01,208,620635,买盘
09:35:56,29.82,-0.03,286,853301,卖盘
09:35:59,29.86,0.04,82,244802,买盘
09:36:02,29.85,-0.01,218,650948,卖盘
09:36:05,29.84,-0.01,416,1241552,卖盘
09:36:07,29.87,0.03,698,2082310,买盘
09:36:11,29.88,0.01,239,713682,买盘
09:36:14,29.87,-0.01,235,701916,卖盘
09:36:17,29.86,-0.01,560,1672844,卖盘
09:36:20,29.85,-0.01,197,588147,卖盘
09:36:24,29.86,0.01,106,316545,买盘
09:36:26,29.87,0.01,274,818363,买盘
09:36:29,29.86,-0.01,149,444931,卖盘
09:36:32,29.86,0.0,253,755536,卖盘
09:36:35,29.85,-0.01,787,2346253,卖盘
09:36:37,29.85,0.0,89,265701,中性盘
09:36:40,29.87,0.02,282,841478,买盘
09:36:44,29.87,0.0,103,307537,买盘
09:36:47,29.86,-0.01,480,1431351,卖盘
09:36:50,29.84,-0.02,721,2155313,卖盘
09:36:53,29.86,0.02,220,657049,买盘
09:36:56,29.87,0.01,72,214993,买盘
09:36:59,29.86,-0.01,209,623986,卖盘
09:37:02,29.85,-0.01,216,644703,中性盘
09:37:05,29.85,0.0,85,253749,卖盘
09:37:08,29.85,0.0,176,525433,卖盘
09:37:11,29.89,0.04,845,2523093,买盘
09:37:14,29.9,0.01,515,1539779,买盘
09:37:17,29.92,0.02,206,616192,买盘
09:37:20,29.94,0.02,229,685584,买盘
09:37:23,29.95,0.01,392,1174158,买盘
09:37:26,29.95,0.0,89,266624,卖盘
09:37:29,29.97,0.02,619,1854134,买盘
09:37:32,29.96,-0.01,67,200778,卖盘
09:37:35,29.98,0.02,277,830682,卖盘
09:37:39,29.98,0.0,313,938610,卖盘
09:37:41,29.99,0.01,61,182933,中性盘
09:37:44,29.98,-0.01,867,2600805,卖盘
09:37:46,29.98,0.0,154,461690,卖盘
09:37:50,29.97,-0.01,200,599404,卖盘
09:37:54,29.97,0.0,116,347467,买盘
09:37:55,30.0,0.03,935,2804486,买盘
09:37:59,30.0,0.0,222,667109,买盘
09:38:01,30.01,0.01,411,1233339,买盘
09:38:05,30.01,0.0,183,549227,卖盘
09:38:09,30.02,0.01,117,351132,买盘
09:38:11,30.02,0.0,41,123077,买盘
09:38:14,30.01,-0.01,115,345110,卖盘
09:38:17,30.02,0.01,119,357179,买盘
09:38:20,30.0,-0.02,432,1296431,卖盘
09:38:23,30.01,0.01,97,291156,中性盘
09:38:26,30.01,0.0,103,309077,买盘
09:38:29,30.03,0.02,267,801681,买盘
09:38:32,30.02,-0.01,35,105070,卖盘
09:38:35,30.02,0.0,25,75060,卖盘
09:38:39,30.03,0.01,122,366338,买盘
09:38:41,30.03,0.0,34,102105,卖盘
09:38:44,30.04,0.01,202,606913,买盘
09:38:47,30.04,0.0,66,198264,卖盘
09:38:50,30.05,0.01,264,793176,买盘
09:38:54,30.06,0.01,62,186357,买盘
09:38:56,30.06,0.0,69,207411,买盘
09:38:59,30.06,0.0,133,399738,卖盘
09:39:02,30.08,0.02,38,114270,买盘
09:39:04,30.07,-0.01,276,830025,卖盘
09:39:09,30.07,0.0,86,258630,卖盘
09:39:10,30.06,-0.01,570,1713791,卖盘
09:39:14,30.07,0.01,557,1673592,买盘
09:39:17,30.02,-0.05,619,1858776,卖盘
09:39:20,30.01,-0.01,246,737930,卖盘
09:39:24,29.97,-0.04,1055,3163339,卖盘
09:39:25,29.96,-0.01,329,986600,卖盘
09:39:29,30.03,0.07,65,195021,买盘
09:39:32,30.01,-0.02,313,939725,卖盘
09:39:35,30.02,0.01,122,366048,买盘
09:39:37,30.01,-0.01,38,114049,中性盘
09:39:41,30.02,0.01,677,2032889,买盘
09:39:44,30.02,0.0,13,39028,卖盘
09:39:47,30.02,0.0,94,282201,卖盘
09:39:50,30.03,0.01,147,441285,买盘
09:39:53,30.02,-0.01,86,258173,卖盘
09:39:56,30.01,-0.01,166,498200,卖盘
09:39:59,30.01,0.0,87,261086,买盘
09:40:02,30.0,-0.01,70,210058,卖盘
09:40:05,30.0,0.0,211,633058,卖盘
09:40:09,30.0,0.0,215,645315,卖盘
09:40:11,29.98,-0.02,79,236967,卖盘
09:40:14,29.98,0.0,383,1148898,卖盘
09:40:17,30.0,0.02,277,830946,买盘
09:40:20,30.0,0.0,376,1128015,卖盘
09:40:24,30.0,0.0,118,353934,买盘
09:40:25,29.98,-0.02,26,77967,卖盘
09:40:29,29.99,0.01,13,38992,中性盘
09:40:32,29.99,0.0,27,80978,卖盘
09:40:35,29.99,0.0,127,380844,卖盘
09:40:39,29.99,0.0,105,314974,卖盘
09:40:41,29.99,0.0,47,140994,卖盘
09:40:44,29.98,-0.01,626,1876709,卖盘
09:40:47,29.98,0.0,357,1070237,买盘
09:40:50,29.95,-0.03,21,62926,卖盘
09:40:54,29.95,0.0,86,257716,卖盘
09:40:56,29.97,0.02,8,23976,买盘
09:40:59,29.97,0.0,19,56940,买盘
09:41:02,29.95,-0.02,76,227656,卖盘
09:41:05,29.95,0.0,69,206739,卖盘
09:41:07,29.96,0.01,30,89872,买盘
09:41:11,29.97,0.01,920,2752950,买盘
09:41:14,29.95,-0.02,235,703902,卖盘
09:41:17,29.97,0.02,205,614168,买盘
09:41:20,29.97,0.0,238,713020,买盘
09:41:23,29.96,-0.01,150,449439,卖盘
09:41:26,29.93,-0.03,124,371153,卖盘
09:41:29,29.96,0.03,42,125816,卖盘
09:41:32,29.95,-0.01,77,230679,卖盘
09:41:35,29.94,-0.01,52,155774,卖盘
09:41:37,29.95,0.01,55,166325,买盘
09:41:41,29.97,0.02,81,242610,买盘
09:41:44,29.95,-0.02,10,29950,卖盘
09:41:47,29.95,0.0,151,452306,卖盘
09:41:52,29.95,0.0,37,110836,卖盘
09:41:52,29.95,0.0,103,306881,卖盘
09:41:56,29.95,0.0,77,230597,买盘
09:41:59,29.94,-0.01,119,356379,卖盘
09:42:02,29.95,0.01,87,260507,买盘
09:42:05,29.93,-0.02,179,535941,卖盘
09:42:09,29.94,0.01,64,191615,买盘
09:42:11,29.94,0.0,497,1487814,买盘
09:42:14,29.93,-0.01,146,437001,卖盘
09:42:16,29.93,0.0,46,137684,卖盘
09:42:20,29.95,0.02,336,1005670,买盘
09:42:24,29.93,-0.02,348,1041520,卖盘
09:42:26,29.93,0.0,40,119682,买盘
09:42:29,29.91,-0.02,21,62827,卖盘
09:42:32,29.91,0.0,13,38891,卖盘
09:42:35,29.91,0.0,94,281154,卖盘
09:42:37,29.91,0.0,88,263282,卖盘
09:42:41,29.91,0.0,149,445660,卖盘
09:42:44,29.91,0.0,118,352966,买盘
09:42:47,29.93,0.02,384,1149244,买盘
09:42:50,29.93,0.0,124,371132,卖盘
09:42:53,29.93,0.0,65,194609,卖盘
09:42:55,29.93,0.0,72,215509,卖盘
09:42:59,29.94,0.01,87,260528,中性盘
09:43:02,29.94,0.0,7,20958,卖盘
09:43:05,29.94,0.0,92,275512,卖盘
09:43:09,29.95,0.01,26,77861,买盘
09:43:12,29.94,-0.01,171,511986,卖盘
09:43:14,29.95,0.01,255,763357,买盘
09:43:16,29.89,-0.06,1359,4065103,卖盘
09:43:20,29.88,-0.01,202,603604,卖盘
09:43:24,29.88,0.0,147,439298,卖盘
09:43:26,29.88,0.0,33,98629,卖盘
09:43:29,29.88,0.0,15,44820,买盘
09:43:32,29.87,-0.01,22,65729,卖盘
09:43:35,29.87,0.0,215,642281,卖盘
09:43:39,29.87,0.0,122,364447,卖盘
09:43:41,29.85,-0.02,314,937658,卖盘
09:43:44,29.86,0.01,449,1341785,买盘
09:43:47,29.86,0.0,56,167273,卖盘
09:43:50,29.88,0.02,37,110551,卖盘
09:43:54,29.88,0.0,202,603636,卖盘
09:43:56,29.9,0.02,429,1282662,买盘
09:43:59,29.9,0.0,227,678706,买盘
09:44:01,29.89,-0.01,315,941794,卖盘
09:44:05,29.89,0.0,149,445475,卖盘
09:44:09,29.9,0.01,583,1745773,买盘
09:44:11,29.9,0.0,60,179425,卖盘
09:44:14,29.94,0.04,90,269282,买盘
09:44:17,29.93,-0.01,33,98785,卖盘
09:44:20,29.94,0.01,179,536023,卖盘
09:44:24,29.94,0.0,379,1134140,卖盘
09:44:26,29.9,-0.04,13,38879,卖盘
09:44:29,29.94,0.04,33,98784,买盘
09:44:32,29.94,0.0,612,1830553,买盘
09:44:35,29.94,0.0,234,700073,买盘
09:44:39,29.93,-0.01,58,173559,中性盘
09:44:41,29.9,-0.03,233,697329,卖盘
09:44:44,29.94,0.04,53,158670,买盘
09:44:46,29.92,-0.02,19,56865,卖盘
09:44:50,29.93,0.01,123,368235,中性盘
09:44:54,29.94,0.01,28,83800,买盘
09:44:56,29.92,-0.02,19,56862,中性盘
09:44:59,29.92,0.0,48,143685,卖盘
09:45:02,29.92,0.0,187,559808,买盘
09:45:05,29.94,0.02,47,140674,买盘
09:45:09,29.95,0.01,158,473151,买盘
09:45:11,29.95,0.0,55,164725,卖盘
09:45:14,29.95,0.0,84,251580,卖盘
09:45:17,29.95,0.0,164,491238,卖盘
09:45:20,29.95,0.0,194,579680,买盘
09:45:24,29.96,0.01,47,140780,买盘
09:45:26,29.96,0.0,59,176764,买盘
09:45:29,29.95,-0.01,327,979615,卖盘
09:45:32,29.93,-0.02,188,564445,卖盘
09:45:35,29.96,0.03,74,220216,买盘
09:45:37,29.96,0.0,30,89857,买盘
09:45:41,29.95,-0.01,76,227655,卖盘
09:45:44,29.95,0.0,86,257618,卖盘
09:45:47,29.95,0.0,51,152765,卖盘
09:45:50,29.96,0.01,20,59910,买盘
09:45:54,29.96,0.0,272,814778,买盘
09:45:56,29.95,-0.01,78,233660,卖盘
09:45:59,29.96,0.01,224,670942,买盘
09:46:02,29.95,-0.01,168,503266,卖盘
09:46:04,29.96,0.01,31,92854,买盘
09:46:09,29.96,0.0,30,89862,买盘
09:46:11,29.96,0.0,98,293598,买盘
09:46:14,29.94,-0.02,459,1374615,卖盘
09:46:17,29.94,0.0,44,131772,卖盘
09:46:20,29.94,0.0,53,158702,卖盘
09:46:24,29.94,0.0,128,383178,卖盘
09:46:26,29.94,0.0,307,918949,买盘
09:46:29,29.94,0.0,64,191592,买盘
09:46:32,29.93,-0.01,297,889128,卖盘
09:46:35,29.94,0.01,376,1125451,买盘
09:46:37,29.93,-0.01,183,547995,卖盘
09:46:41,29.93,0.0,118,353297,卖盘
09:46:44,29.96,0.03,63,188683,买盘
09:46:47,29.93,-0.03,127,380297,卖盘
09:46:49,29.96,0.03,110,329400,买盘
09:46:54,29.95,-0.01,7,20965,中性盘
09:46:55,29.94,-0.01,63,188662,卖盘
09:46:59,29.95,0.01,53,158702,买盘
09:47:02,29.95,0.0,82,245547,买盘
09:47:05,29.96,0.01,59,176706,买盘
09:47:09,29.95,-0.01,19,56906,卖盘
09:47:11,29.95,0.0,51,152775,卖盘
09:47:14,29.96,0.01,149,446271,买盘
09:47:17,29.95,-0.01,251,751752,卖盘
09:47:20,29.94,-0.01,138,413304,卖盘
09:47:24,29.95,0.01,22,65877,买盘
09:47:26,29.93,-0.02,96,287500,卖盘
09:47:29,29.95,0.02,37,110808,买盘
09:47:32,29.94,-0.01,57,170656,卖盘
09:47:35,29.94,0.0,42,125738,买盘
09:47:39,29.92,-0.02,373,1116216,卖盘
09:47:41,29.92,0.0,217,649119,买盘
09:47:44,29.9,-0.02,824,2463735,卖盘
09:47:47,29.9,0.0,129,385625,买盘
09:47:50,29.9,0.0,879,2628671,买盘
09:47:52,29.93,0.03,13,38888,买盘
09:47:56,29.91,-0.02,266,795538,中性盘
09:47:59,29.93,0.02,106,317243,买盘
09:48:02,29.94,0.01,127,380145,买盘
09:48:05,29.94,0.0,244,730403,买盘
09:48:09,29.95,0.01,61,182585,买盘
09:48:11,29.89,-0.06,934,2793071,卖盘
09:48:14,29.95,0.06,287,858256,买盘
09:48:17,29.94,-0.01,17,50874,买盘
09:48:20,29.95,0.01,307,919371,买盘
09:48:24,29.95,0.0,33,98835,卖盘
09:48:26,29.95,0.0,162,485224,卖盘
09:48:29,29.95,0.0,129,386424,卖盘
09:48:32,29.96,0.01,52,155773,买盘
09:48:34,29.96,0.0,133,398538,卖盘
09:48:39,29.96,0.0,88,263677,卖盘
09:48:41,29.96,0.0,260,778863,卖盘
09:48:44,29.96,0.0,243,727893,买盘
09:48:47,29.95,-0.01,52,155734,卖盘
09:48:50,29.96,0.01,65,194752,买盘
09:48:54,29.98,0.02,346,1036844,买盘
09:48:56,29.98,0.0,64,191830,买盘
09:48:59,29.95,-0.03,356,1066782,卖盘
09:49:02,29.96,0.01,70,209803,中性盘
09:49:05,29.97,0.01,116,347675,买盘
09:49:09,29.98,0.01,1328,3981332,买盘
09:49:11,30.0,0.02,478,1433368,买盘
09:49:14,29.99,-0.01,458,1373896,卖盘
09:49:17,30.0,0.01,1595,4785029,买盘
09:49:20,30.0,0.0,635,1905826,卖盘
09:49:24,30.02,0.02,18,54016,买盘
09:49:26,30.05,0.03,503,1510935,买盘
09:49:29,30.05,0.0,241,723988,买盘
09:49:32,30.07,0.02,47,141271,买盘
09:49:35,30.08,0.01,360,1082206,买盘
09:49:38,30.07,-0.01,75,225568,卖盘
09:49:41,30.08,0.01,81,243634,买盘
09:49:44,30.08,0.0,594,1786758,买盘
09:49:48,30.09,0.01,721,2169552,买盘
09:49:49,30.1,0.01,528,1589219,买盘
09:49:54,30.1,0.0,427,1285230,买盘
09:49:57,30.11,0.01,346,1041657,买盘
09:49:59,30.11,0.0,237,713443,卖盘
09:50:02,30.13,0.02,353,1063315,买盘
09:50:05,30.13,0.0,23,69299,卖盘
09:50:08,30.14,0.01,264,795832,买盘
09:50:12,30.14,0.0,204,615002,卖盘
09:50:14,30.15,0.01,26,78369,买盘
09:50:18,30.15,0.0,433,1305262,买盘
09:50:20,30.17,0.02,318,959255,买盘
09:50:22,30.17,0.0,23,69391,卖盘
09:50:26,30.18,0.01,265,799704,买盘
09:50:29,30.18,0.0,99,298725,买盘
09:50:31,30.19,0.01,160,483001,买盘
09:50:35,30.18,-0.01,98,295785,卖盘
09:50:39,30.17,-0.01,396,1195216,卖盘
09:50:41,30.18,0.01,40,120708,买盘
09:50:44,30.16,-0.02,497,1499185,卖盘
09:50:48,30.18,0.02,389,1172833,买盘
09:50:50,30.17,-0.01,115,346840,卖盘
09:50:54,30.15,-0.02,515,1552573,中性盘
09:50:56,30.15,0.0,394,1187620,中性盘
09:50:59,30.13,-0.02,66,198793,中性盘
09:51:02,30.12,-0.01,74,222923,卖盘
09:51:04,30.17,0.05,848,2556168,买盘
09:51:09,30.13,-0.04,264,795395,买盘
09:51:11,30.14,0.01,34,102447,中性盘
09:51:14,30.15,0.01,10,30142,买盘
09:51:18,30.13,-0.02,58,174795,卖盘
09:51:20,30.14,0.01,33,99455,中性盘
09:51:24,30.13,-0.01,39,117541,卖盘
09:51:26,30.13,0.0,16,48210,卖盘
09:51:29,30.11,-0.02,213,641691,卖盘
09:51:32,30.16,0.05,654,1971901,买盘
09:51:35,30.15,-0.01,284,856220,卖盘
09:51:38,30.13,-0.02,353,1063475,卖盘
09:51:42,30.13,0.0,119,358564,卖盘
09:51:44,30.13,0.0,68,204913,卖盘
09:51:46,30.13,0.0,265,798450,卖盘
09:51:50,30.14,0.01,170,512530,买盘
09:51:54,30.13,-0.01,41,123554,卖盘
09:51:57,30.15,0.02,259,780105,买盘
09:51:59,30.14,-0.01,33,99462,卖盘
09:52:02,30.14,0.0,51,153726,卖盘
09:52:05,30.15,0.01,48,144695,买盘
09:52:08,30.13,-0.02,244,735523,卖盘
09:52:11,30.14,0.01,202,608648,买盘
09:52:14,30.16,0.02,143,431057,买盘
09:52:17,30.15,-0.01,150,452253,卖盘
09:52:20,30.1,-0.05,2212,6660457,卖盘
09:52:24,30.11,0.01,382,1150042,买盘
09:52:25,30.11,0.0,43,129542,卖盘
09:52:29,30.14,0.03,5,15070,买盘
09:52:31,30.12,-0.02,79,238080,卖盘
09:52:34,30.14,0.02,14,42188,买盘
09:52:38,30.12,-0.02,56,168711,卖盘
09:52:41,30.12,0.0,79,237990,卖盘
09:52:44,30.12,0.0,339,1021330,卖盘
09:52:48,30.11,-0.01,141,424701,卖盘
09:52:50,30.13,0.02,442,1331778,买盘
09:52:54,30.11,-0.02,46,138568,卖盘
09:52:57,30.14,0.03,116,349415,买盘
09:52:59,30.14,0.0,234,705101,买盘
09:53:02,30.12,-0.02,40,120507,卖盘
09:53:05,30.12,0.0,90,271238,卖盘
09:53:09,30.12,0.0,315,949557,卖盘
09:53:11,30.12,0.0,311,937364,卖盘
09:53:14,30.15,0.03,308,928493,买盘
09:53:17,30.15,0.0,87,262305,卖盘
09:53:20,30.15,0.0,72,217085,卖盘
09:53:24,30.15,0.0,43,129641,卖盘
09:53:25,30.15,0.0,83,250230,买盘
09:53:29,30.14,-0.01,17,51238,中性盘
09:53:32,30.14,0.0,17,51234,买盘
09:53:35,30.14,0.0,129,388790,买盘
09:53:38,30.15,0.01,170,512239,买盘
09:53:41,30.14,-0.01,13,39182,卖盘
09:53:44,30.12,-0.02,177,533308,卖盘
09:53:47,30.14,0.02,365,1100050,买盘
09:53:50,30.12,-0.02,102,307235,卖盘
09:53:54,30.13,0.01,104,313259,买盘
09:53:55,30.12,-0.01,264,795373,卖盘
09:53:59,30.13,0.01,128,385547,买盘
09:54:02,30.1,-0.03,235,707744,卖盘
09:54:05,30.1,0.0,7,21074,卖盘
09:54:08,30.11,0.01,71,213782,买盘
09:54:12,30.11,0.0,73,219803,卖盘
09:54:14,30.11,0.0,52,156572,卖盘
09:54:18,30.11,0.0,51,153556,卖盘
09:54:20,30.1,-0.01,349,1050466,卖盘
09:54:24,30.1,0.0,193,580824,买盘
09:54:26,30.1,0.0,80,240772,买盘
09:54:29,30.09,-0.01,288,867174,卖盘
09:54:32,30.08,-0.01,45,135416,卖盘
09:54:35,30.08,0.0,36,108362,卖盘
09:54:38,30.08,0.0,12,36102,卖盘
09:54:41,30.08,0.0,237,712986,卖盘
09:54:44,30.07,-0.01,361,1085454,中性盘
09:54:47,30.07,0.0,34,102209,买盘
09:54:50,30.06,-0.01,85,255528,卖盘
09:54:52,30.05,-0.01,1146,3439347,卖盘
09:54:56,30.0,-0.05,77,231299,卖盘
09:54:59,30.04,0.04,83,249323,买盘
09:55:03,30.02,-0.02,37,111103,中性盘
09:55:04,30.04,0.02,512,1535554,买盘
09:55:09,30.01,-0.03,52,156008,中性盘
09:55:11,30.02,0.01,91,273139,买盘
09:55:14,30.02,0.0,110,330341,卖盘
09:55:18,30.03,0.01,6,18019,买盘
09:55:20,30.04,0.01,53,159215,买盘
09:55:24,30.05,0.01,135,405690,买盘
09:55:26,30.05,0.0,44,132207,卖盘
09:55:29,30.06,0.01,17,51098,买盘
09:55:32,30.05,-0.01,10,30052,卖盘
09:55:35,30.06,0.01,45,135244,买盘
09:55:38,30.06,0.0,132,396792,买盘
09:55:41,30.05,-0.01,256,769458,卖盘
09:55:44,30.06,0.01,123,369753,卖盘
09:55:47,30.07,0.01,21,63129,买盘
09:55:51,30.08,0.01,48,144367,买盘
09:55:54,30.09,0.01,61,183464,买盘
09:55:57,30.09,0.0,52,156442,买盘
09:55:59,30.09,0.0,34,102306,买盘
09:56:03,30.12,0.03,1170,3519768,买盘
09:56:05,30.1,-0.02,140,421406,卖盘
09:56:09,30.1,0.0,48,144515,卖盘
09:56:11,30.12,0.02,69,207824,买盘
09:56:14,30.12,0.0,24,72294,卖盘
09:56:18,30.12,0.0,13,39157,卖盘
09:56:21,30.12,0.0,23,69281,卖盘
09:56:24,30.12,0.0,207,623641,卖盘
09:56:27,30.13,0.01,102,307240,中性盘
09:56:29,30.14,0.01,47,141591,买盘
09:56:32,30.14,0.0,26,78343,买盘
09:56:35,30.13,-0.01,147,443005,卖盘
09:56:38,30.14,0.01,12,36157,买盘
09:56:42,30.14,0.0,34,102476,买盘
09:56:44,30.14,0.0,304,916251,买盘
09:56:47,30.15,0.01,166,500291,买盘
09:56:49,30.13,-0.02,183,551637,卖盘
09:56:54,30.15,0.02,118,355755,买盘
09:56:55,30.16,0.01,20,60306,买盘
09:56:59,30.15,-0.01,29,87437,卖盘
09:57:02,30.16,0.01,113,340795,买盘
09:57:04,30.15,-0.01,419,1263780,卖盘
09:57:09,30.16,0.01,26,78431,中性盘
09:57:11,30.16,0.0,75,226210,卖盘
09:57:14,30.17,0.01,82,247391,买盘
09:57:18,30.18,0.01,108,325794,买盘
09:57:20,30.15,-0.03,4,12064,卖盘
09:57:24,30.15,0.0,732,2208953,卖盘
09:57:26,30.18,0.03,48,144811,买盘
09:57:29,30.15,-0.03,119,358914,卖盘
09:57:32,30.17,0.02,14,42239,中性盘
09:57:35,30.2,0.03,1396,4214917,买盘
09:57:39,30.18,-0.02,166,500657,中性盘
09:57:42,30.18,0.0,31,93544,买盘
09:57:44,30.19,0.01,170,513068,买盘
09:57:46,30.16,-0.03,689,2080544,卖盘
09:57:50,30.19,0.03,51,153923,买盘
09:57:54,30.18,-0.01,71,214292,卖盘
09:57:57,30.16,-0.02,30,90522,卖盘
09:57:59,30.18,0.02,28,84503,买盘
09:58:02,30.18,0.0,21,63371,买盘
09:58:05,30.16,-0.02,126,380132,卖盘
09:58:09,30.17,0.01,35,105607,卖盘
09:58:11,30.17,0.0,34,102613,卖盘
09:58:14,30.2,0.03,270,815254,买盘
09:58:17,30.2,0.0,183,552652,买盘
09:58:19,30.19,-0.01,378,1140861,卖盘
09:58:24,30.16,-0.03,51,153926,卖盘
09:58:27,30.16,0.0,41,123655,买盘
09:58:29,30.17,0.01,92,277467,买盘
09:58:32,30.17,0.0,164,494785,卖盘
09:58:35,30.14,-0.03,268,806944,卖盘
09:58:38,30.16,0.02,70,211154,买盘
09:58:41,30.13,-0.03,32,96506,卖盘
09:58:44,30.14,0.01,202,608839,中性盘
09:58:48,30.12,-0.02,45,136687,卖盘
09:58:50,30.15,0.03,6,18084,卖盘
09:58:54,30.14,-0.01,29,87367,中性盘
09:58:57,30.16,0.02,202,609196,买盘
09:58:59,30.15,-0.01,38,114532,中性盘
09:59:01,30.15,0.0,21,63300,买盘
09:59:05,30.12,-0.03,141,424644,卖盘
09:59:08,30.14,0.02,213,641573,中性盘
09:59:12,30.12,-0.02,152,457705,中性盘
09:59:14,30.1,-0.02,99,298158,卖盘
09:59:17,30.12,0.02,13,39174,中性盘
09:59:19,30.11,-0.01,8,24095,中性盘
09:59:24,30.1,-0.01,118,355199,卖盘
09:59:26,30.12,0.02,45,135530,买盘
09:59:29,30.1,-0.02,21,63237,卖盘
09:59:32,30.12,0.02,8,24084,中性盘
09:59:35,30.12,0.0,21,63275,卖盘
09:59:39,30.12,0.0,37,111508,买盘
09:59:41,30.12,0.0,12,36134,卖盘
09:59:44,30.1,-0.02,141,424483,卖盘
09:59:47,30.14,0.04,39,117495,买盘
09:59:50,30.12,-0.02,20,60249,卖盘
09:59:54,30.11,-0.01,225,677654,卖盘
09:59:57,30.12,0.01,20,60244,卖盘
09:59:59,30.15,0.03,52,156649,买盘
10:00:02,30.14,-0.01,16,48228,卖盘
10:00:05,30.14,0.0,144,434017,卖盘
10:00:09,30.15,0.01,68,204998,买盘
10:00:11,30.1,-0.05,1397,4207347,卖盘
10:00:14,30.08,-0.02,226,679949,卖盘
10:00:17,30.09,0.01,635,1911265,卖盘
10:00:20,30.09,0.0,86,258784,卖盘
10:00:22,30.07,-0.02,182,547414,卖盘
10:00:26,30.1,0.03,143,430318,买盘
10:00:29,30.1,0.0,21,63176,买盘
10:00:32,30.0,-0.1,1510,4535583,卖盘
10:00:34,30.0,0.0,285,854742,买盘
10:00:38,30.0,0.0,99,296974,买盘
10:00:42,30.0,0.0,36,107994,买盘
10:00:44,30.0,0.0,352,1055555,买盘
10:00:47,30.0,0.0,429,1286876,买盘
10:00:50,29.97,-0.03,32,95940,卖盘
10:00:54,30.0,0.03,111,332886,买盘
10:00:56,30.0,0.0,30,89970,买盘
10:00:59,30.0,0.0,72,215965,买盘
10:01:03,29.98,-0.02,114,341947,卖盘
10:01:05,29.99,0.01,440,1318788,中性盘
10:01:08,29.99,0.0,55,164945,卖盘
10:01:11,29.99,0.0,29,86980,卖盘
10:01:14,30.0,0.01,111,332957,买盘
10:01:17,29.99,-0.01,97,290940,卖盘
10:01:19,30.01,0.02,1694,5081966,买盘
10:01:24,30.0,-0.01,294,882080,卖盘
10:01:26,30.05,0.05,68,204223,买盘
10:01:29,30.06,0.01,33,99175,买盘
10:01:31,30.05,-0.01,14,42098,卖盘
10:01:35,30.15,0.1,167,502788,买盘
10:01:38,30.11,-0.04,27,81227,买盘
10:01:41,30.08,-0.03,237,712568,卖盘
10:01:44,30.09,0.01,133,400199,买盘
10:01:46,30.1,0.01,78,234788,买盘
10:01:50,30.1,0.0,38,114384,卖盘
10:01:52,30.14,0.04,66,198685,买盘
10:01:55,30.1,-0.04,159,478555,卖盘
10:01:59,30.11,0.01,24,72268,中性盘
10:02:02,30.11,0.0,348,1047836,卖盘
10:02:05,30.11,0.0,287,864238,卖盘
10:02:09,30.1,-0.01,234,704333,卖盘
10:02:11,30.1,0.0,57,171550,买盘
10:02:14,30.09,-0.01,53,159485,卖盘
10:02:18,30.09,0.0,34,102303,卖盘
10:02:19,30.08,-0.01,36,108314,卖盘
10:02:24,30.06,-0.02,123,369930,卖盘
10:02:26,30.05,-0.01,79,237526,卖盘
10:02:29,30.08,0.03,11,33077,买盘
10:02:33,30.08,0.0,33,99199,买盘
10:02:35,30.05,-0.03,303,909418,卖盘
10:02:37,30.05,0.0,151,453438,卖盘
10:02:41,30.06,0.01,22,66077,买盘
10:02:44,29.99,-0.07,143,429265,卖盘
10:02:48,30.05,0.06,35,105040,买盘
10:02:49,30.01,-0.04,26,78105,中性盘
10:02:54,30.05,0.04,4,12020,买盘
10:02:57,30.01,-0.04,92,276067,卖盘
10:02:59,30.05,0.04,68,204116,买盘
10:03:02,30.03,-0.02,10,30042,中性盘
10:03:05,30.04,0.01,139,417179,买盘
10:03:07,30.05,0.01,21,63072,买盘
10:03:11,30.03,-0.02,36,108122,卖盘
10:03:14,30.02,-0.01,21,63047,卖盘
10:03:18,30.03,0.01,141,423484,中性盘
10:03:20,30.05,0.02,92,276348,买盘
10:03:24,30.03,-0.02,126,378442,卖盘
10:03:26,30.05,0.02,16,48055,买盘
10:03:29,30.05,0.0,62,186310,买盘
10:03:32,30.05,0.0,94,282484,卖盘
10:03:35,30.03,-0.02,414,1243958,卖盘
10:03:39,30.05,0.02,53,159185,买盘
10:03:41,30.06,0.01,31,93186,买盘
10:03:44,30.05,-0.01,149,447773,卖盘
10:03:47,30.05,0.0,12,36068,卖盘
10:03:49,30.05,0.0,21,63134,卖盘
10:03:54,30.06,0.01,5,15030,中性盘
10:03:56,30.06,0.0,270,811416,卖盘
10:03:59,30.06,0.0,14,42094,卖盘
10:04:03,30.05,-0.01,137,411803,卖盘
10:04:05,30.05,0.0,140,420569,卖盘
10:04:09,30.05,0.0,3,9015,卖盘
10:04:11,30.05,0.0,41,123240,卖盘
10:04:14,30.05,0.0,92,276460,卖盘
10:04:17,30.06,0.01,106,318517,买盘
10:04:20,30.06,0.0,26,78162,卖盘
10:04:24,30.06,0.0,122,366739,卖盘
10:04:27,30.06,0.0,106,318637,卖盘
10:04:29,30.07,0.01,36,108228,买盘
10:04:33,30.06,-0.01,108,324668,卖盘
10:04:35,30.06,0.0,117,351623,卖盘
10:04:38,30.07,0.01,57,171337,中性盘
10:04:42,30.04,-0.03,45,135262,卖盘
10:04:44,30.03,-0.01,138,414492,卖盘
10:04:47,30.06,0.03,38,114190,买盘
10:04:49,30.07,0.01,16,48109,买盘
10:04:54,30.06,-0.01,26,78159,卖盘
10:04:56,30.07,0.01,138,414892,买盘
10:04:59,30.08,0.01,388,1167368,买盘
10:05:02,30.07,-0.01,48,144379,卖盘
10:05:05,30.09,0.02,183,550085,买盘
10:05:08,30.1,0.01,35,105284,买盘
10:05:12,30.09,-0.01,85,255764,买盘
10:05:14,30.08,-0.01,92,276765,卖盘
10:05:17,30.08,0.0,31,93277,卖盘
10:05:20,30.09,0.01,34,102297,买盘
10:05:24,30.08,-0.01,181,544454,卖盘
10:05:26,30.07,-0.01,190,571351,卖盘
10:05:29,30.06,-0.01,19,57114,中性盘
10:05:33,30.04,-0.02,8,24036,卖盘
10:05:35,30.06,0.02,96,288412,买盘
10:05:38,30.06,0.0,56,168231,买盘
10:05:39,30.06,0.0,16,48075,买盘
10:05:44,30.02,-0.04,395,1186904,卖盘
10:05:47,30.07,0.05,101,303683,买盘
10:05:50,30.07,0.0,60,180430,卖盘
10:05:54,30.07,0.0,58,174410,卖盘
10:05:55,30.07,0.0,399,1199796,卖盘
10:05:59,30.07,0.0,77,231554,卖盘
10:06:02,30.08,0.01,98,294729,买盘
10:06:05,30.08,0.0,139,418007,中性盘
10:06:08,30.1,0.02,1263,3801576,买盘
10:06:11,30.11,0.01,41,123451,买盘
10:06:14,30.11,0.0,70,210782,卖盘
10:06:17,30.11,0.0,42,126470,卖盘
10:06:20,30.11,0.0,26,78296,卖盘
10:06:24,30.11,0.0,131,394456,卖盘
10:06:26,30.12,0.01,38,114441,买盘
10:06:29,30.12,0.0,76,228887,卖盘
10:06:32,30.12,0.0,67,201844,卖盘
10:06:35,30.1,-0.02,220,662343,卖盘
10:06:38,30.13,0.03,29,87359,买盘
10:06:42,30.1,-0.03,187,562883,卖盘
10:06:44,30.13,0.03,123,370272,买盘
10:06:47,30.09,-0.04,174,523745,卖盘
10:06:50,30.09,0.0,195,586728,卖盘
10:06:54,30.07,-0.02,107,321771,卖盘
10:06:56,30.06,-0.01,203,610364,卖盘
10:06:59,30.05,-0.01,56,168317,卖盘
10:07:02,30.05,0.0,71,213207,买盘
10:07:05,30.02,-0.03,332,996739,卖盘
10:07:08,30.06,0.04,159,477201,买盘
10:07:09,30.03,-0.03,10,30023,买盘
10:07:14,30.0,-0.03,580,1740120,卖盘
10:07:17,30.07,0.07,132,396335,买盘
10:07:20,30.06,-0.01,126,378596,买盘
10:07:23,30.01,-0.05,390,1170394,卖盘
10:07:24,30.02,0.01,31,92987,买盘
10:07:28,30.01,-0.01,99,296961,中性盘
10:07:31,29.99,-0.02,74,222199,卖盘
10:07:35,30.0,0.01,137,410869,买盘
10:07:39,29.99,-0.01,89,266977,卖盘
10:07:39,30.0,0.01,196,587981,买盘
10:07:44,29.99,-0.01,171,512930,卖盘
10:07:47,30.0,0.01,209,626829,卖盘
10:07:50,30.03,0.03,52,156051,买盘
10:07:54,29.99,-0.04,413,1239347,卖盘
10:07:56,30.04,0.05,172,515919,买盘
10:07:59,30.01,-0.03,253,759277,卖盘
10:08:02,30.04,0.03,828,2485357,买盘
10:08:05,30.01,-0.03,280,840439,卖盘
10:08:08,30.04,0.03,50,150161,买盘
10:08:11,30.01,-0.03,237,711346,卖盘
10:08:14,30.04,0.03,41,123064,中性盘
10:08:17,30.0,-0.04,434,1302506,卖盘
10:08:20,30.0,0.0,270,809816,买盘
10:08:23,30.01,0.01,137,410881,中性盘
10:08:26,30.0,-0.01,299,896635,中性盘
10:08:29,30.02,0.02,42,126026,买盘
10:08:32,30.0,-0.02,48,144016,卖盘
10:08:35,30.0,0.0,223,669002,卖盘
10:08:38,30.01,0.01,32,96029,卖盘
10:08:41,30.0,-0.01,123,369049,卖盘
10:08:44,30.0,0.0,434,1302791,卖盘
10:08:44,30.0,0.0,749,2244573,卖盘
10:08:50,29.99,-0.01,82,245893,中性盘
10:08:53,29.99,0.0,84,251914,买盘
10:08:56,29.99,0.0,381,1141776,买盘
10:08:59,30.0,0.01,1243,3722252,买盘
10:09:02,29.99,-0.01,363,1088668,卖盘
10:09:05,30.0,0.01,569,1706100,买盘
10:09:08,29.96,-0.04,187,560895,卖盘
10:09:11,29.98,0.02,12,35986,中性盘
10:09:14,29.92,-0.06,343,1027313,卖盘
10:09:17,29.9,-0.02,2472,7409908,卖盘
10:09:20,29.99,0.09,571,1711537,买盘
10:09:23,29.98,-0.01,416,1245583,卖盘
10:09:26,29.99,0.01,89,266730,买盘
10:09:29,29.97,-0.02,82,245440,中性盘
10:09:32,29.92,-0.05,248,741903,卖盘
10:09:35,29.99,0.07,106,317342,买盘
10:09:38,29.92,-0.07,128,383285,卖盘
10:09:39,29.94,0.02,343,1025977,中性盘
10:09:44,29.91,-0.03,151,451673,卖盘
10:09:44,29.92,0.01,133,397945,卖盘
10:09:50,29.92,0.0,507,1516515,买盘
10:09:54,29.95,0.03,14,41961,中性盘
10:09:57,29.93,-0.02,532,1592340,中性盘
10:09:59,29.94,0.01,343,1025939,买盘
10:10:02,29.94,0.0,256,766450,卖盘
10:10:04,29.89,-0.05,283,847100,卖盘
10:10:08,29.94,0.05,82,245554,买盘
10:10:11,29.91,-0.03,246,736460,卖盘
10:10:14,29.94,0.03,88,263421,卖盘
10:10:17,29.92,-0.02,27,80798,中性盘
10:10:20,29.92,0.0,279,834729,卖盘
10:10:24,29.94,0.02,122,365023,买盘
10:10:26,29.94,0.0,428,1280849,买盘
10:10:29,29.92,-0.02,91,272341,卖盘
10:10:32,29.91,-0.01,168,502710,卖盘
10:10:34,29.9,-0.01,277,828580,卖盘
10:10:38,29.92,0.02,150,448797,买盘
10:10:41,29.92,0.0,54,161568,卖盘
10:10:44,29.92,0.0,346,1034821,卖盘
10:10:47,29.92,0.0,115,344084,卖盘
10:10:50,29.93,0.01,81,242446,中性盘
10:10:54,29.94,0.01,116,347285,买盘
10:10:56,29.94,0.0,136,407118,买盘
10:10:59,29.94,0.0,281,841017,卖盘
10:11:03,29.95,0.01,2,5989,买盘
10:11:05,29.9,-0.05,569,1702581,卖盘
10:11:08,29.9,0.0,498,1488940,买盘
10:11:10,29.9,0.0,409,1222562,买盘
10:11:13,29.9,0.0,485,1450070,买盘
10:11:17,29.9,0.0,431,1288504,卖盘
10:11:20,29.94,0.04,78,233425,买盘
10:11:23,29.88,-0.06,594,1776011,卖盘
10:11:26,29.92,0.04,43,128565,买盘
10:11:28,29.9,-0.02,195,583038,卖盘
10:11:32,29.89,-0.01,250,747242,卖盘
10:11:34,29.88,-0.01,208,621656,卖盘
10:11:37,29.91,0.03,137,409629,买盘
10:11:41,29.9,-0.01,218,651751,卖盘
10:11:43,29.91,0.01,154,460359,中性盘
10:11:46,29.88,-0.03,240,717223,卖盘
10:11:49,29.88,0.0,880,2630636,卖盘
10:11:53,29.91,0.03,119,355694,中性盘
10:11:54,29.91,0.0,257,768524,买盘
10:11:59,29.91,0.0,100,299052,买盘
10:12:02,29.89,-0.02,217,648745,卖盘
10:12:05,29.9,0.01,201,600800,买盘
10:12:08,29.89,-0.01,225,672553,卖盘
10:12:11,29.86,-0.03,354,1057748,卖盘
10:12:14,29.86,0.0,254,758575,卖盘
10:12:17,29.87,0.01,134,400126,买盘
10:12:20,29.86,-0.01,247,737339,中性盘
10:12:24,29.84,-0.02,248,740435,卖盘
10:12:25,29.85,0.01,300,895696,买盘
10:12:29,29.85,0.0,275,820444,卖盘
10:12:32,29.84,-0.01,81,241822,卖盘
10:12:35,29.84,0.0,218,650592,卖盘
10:12:37,29.84,0.0,94,280426,买盘
10:12:41,29.84,0.0,40,119344,买盘
10:12:44,29.84,0.0,365,1088896,卖盘
10:12:47,29.84,0.0,227,677370,卖盘
10:12:50,29.84,0.0,86,256630,买盘
10:12:53,29.84,0.0,653,1947044,卖盘
10:12:56,29.81,-0.03,124,369713,卖盘
10:12:58,29.83,0.02,220,656269,中性盘
10:13:02,29.84,0.01,100,298257,买盘
10:13:05,29.81,-0.03,796,2374059,卖盘
10:13:08,29.84,0.03,244,727355,中性盘
10:13:11,29.83,-0.01,181,540148,卖盘
10:13:14,29.83,0.0,19,56694,卖盘
10:13:17,29.83,0.0,357,1064807,卖盘
10:13:19,29.84,0.01,58,173020,买盘
10:13:23,29.83,-0.01,375,1119301,卖盘
10:13:26,29.84,0.01,101,301225,买盘
10:13:29,29.86,0.02,17,50746,买盘
10:13:33,29.84,-0.02,261,778842,卖盘
10:13:34,29.86,0.02,64,190992,买盘
10:13:39,29.85,-0.01,39,116397,买盘
10:13:41,29.85,0.0,240,716279,卖盘
10:13:44,29.87,0.02,175,522454,买盘
10:13:47,29.85,-0.02,258,770371,卖盘
10:13:50,29.88,0.03,67,200095,买盘
10:13:53,29.86,-0.02,36,107503,卖盘
10:13:56,29.85,-0.01,389,1161532,卖盘
10:13:59,29.88,0.03,127,379272,买盘
10:14:02,29.88,0.0,50,149333,买盘
10:14:05,29.87,-0.01,353,1053692,卖盘
10:14:08,29.87,0.0,19,56751,买盘
10:14:10,29.87,0.0,63,188188,卖盘
10:14:14,29.87,0.0,113,337534,卖盘
10:14:17,29.86,-0.01,378,1129002,卖盘
10:14:20,29.86,0.0,266,794385,卖盘
10:14:23,29.84,-0.02,245,731447,卖盘
10:14:26,29.88,0.04,180,537684,买盘
10:14:29,29.84,-0.04,221,659433,卖盘
10:14:32,29.83,-0.01,139,414690,卖盘
10:14:35,29.83,0.0,356,1062420,卖盘
10:14:38,29.86,0.03,56,167126,中性盘
10:14:41,29.86,0.0,50,149306,买盘
10:14:44,29.86,0.0,370,1104188,卖盘
10:14:47,29.84,-0.02,64,190955,中性盘
10:14:49,29.86,0.02,60,179168,买盘
10:14:53,29.86,0.0,312,930937,卖盘
10:14:56,29.86,0.0,44,131387,卖盘
10:14:59,29.86,0.0,221,659510,卖盘
10:15:01,29.84,-0.02,107,319255,卖盘
10:15:05,29.85,0.01,138,411804,买盘
10:15:08,29.84,-0.01,405,1208759,卖盘
10:15:11,29.84,0.0,162,483418,卖盘
10:15:14,29.85,0.01,6,17910,买盘
10:15:17,29.84,-0.01,262,781729,卖盘
10:15:19,29.85,0.01,31,92534,买盘
10:15:22,29.84,-0.01,218,650560,卖盘
10:15:26,29.85,0.01,39,116404,卖盘
10:15:29,29.87,0.02,35,104508,买盘
10:15:31,29.83,-0.04,228,680449,卖盘
10:15:34,29.84,0.01,13,38814,中性盘
10:15:38,29.86,0.02,15,44789,卖盘
10:15:40,29.85,-0.01,252,752483,卖盘
10:15:44,29.87,0.02,130,388168,买盘
10:15:47,29.85,-0.02,110,328371,卖盘
10:15:50,29.85,0.0,109,325343,买盘
10:15:53,29.86,0.01,31,92535,买盘
10:15:56,29.85,-0.01,81,241796,卖盘
10:15:59,29.86,0.01,45,134352,买盘
10:16:02,29.86,0.0,10,29863,卖盘
10:16:05,29.85,-0.01,276,823762,卖盘
10:16:07,29.86,0.01,25,74660,中性盘
10:16:11,29.86,0.0,131,391187,卖盘
10:16:13,29.86,0.0,240,716743,卖盘
10:16:16,29.87,0.01,111,331554,买盘
10:16:19,29.87,0.0,274,818395,卖盘
10:16:23,29.85,-0.02,174,519587,卖盘
10:16:26,29.87,0.02,132,394247,买盘
10:16:28,29.87,0.0,284,847952,卖盘
10:16:32,29.84,-0.03,96,286618,卖盘
10:16:35,29.86,0.02,38,113432,中性盘
10:16:38,29.85,-0.01,164,489431,卖盘
10:16:41,29.86,0.01,32,95534,买盘
10:16:44,29.86,0.0,357,1065539,卖盘
10:16:47,29.86,0.0,66,197020,买盘
10:16:49,29.85,-0.01,254,758090,卖盘
10:16:53,29.85,0.0,259,772993,卖盘
10:16:56,29.85,0.0,22,65680,卖盘
10:16:59,29.85,0.0,42,125364,买盘
10:17:01,29.85,0.0,240,716143,买盘
10:17:04,29.85,0.0,221,659521,买盘
10:17:07,29.85,0.0,206,614619,卖盘
10:17:11,29.85,0.0,30,89556,卖盘
10:17:14,29.85,0.0,17,50745,卖盘
10:17:17,29.85,0.0,220,656703,卖盘
10:17:20,29.87,0.02,11,32855,买盘
10:17:23,29.85,-0.02,411,1227038,卖盘
10:17:26,29.85,0.0,32,95520,卖盘
10:17:29,29.85,0.0,26,77653,卖盘
10:17:32,29.84,-0.01,225,671517,卖盘
10:17:35,29.87,0.03,33,98516,买盘
10:17:38,29.87,0.0,13,38831,卖盘
10:17:41,29.88,0.01,174,519748,买盘
10:17:43,29.87,-0.01,158,471948,卖盘
10:17:47,29.87,0.0,209,624208,卖盘
10:17:50,29.85,-0.02,32,95509,买盘
10:17:53,29.85,0.0,7,20895,买盘
10:17:56,29.85,0.0,282,841400,买盘
10:17:59,29.87,0.02,24,71652,买盘
10:18:02,29.86,-0.01,22,65676,卖盘
10:18:05,29.85,-0.01,343,1023858,卖盘
10:18:08,29.85,0.0,76,226862,卖盘
10:18:11,29.87,0.02,313,934866,买盘
10:18:13,29.87,0.0,102,304708,卖盘
10:18:17,29.87,0.0,25,74648,买盘
10:18:20,29.87,0.0,217,648017,卖盘
10:18:23,29.86,-0.01,194,579292,卖盘
10:18:26,29.86,0.0,646,1927297,卖盘
10:18:29,29.84,-0.02,263,784448,买盘
10:18:32,29.82,-0.02,56,167037,中性盘
10:18:34,29.83,0.01,208,620107,卖盘
10:18:38,29.81,-0.02,106,316090,卖盘
10:18:41,29.82,0.01,16,47718,卖盘
10:18:43,29.81,-0.01,352,1049409,卖盘
10:18:47,29.83,0.02,100,298178,买盘
10:18:50,29.83,0.0,102,304231,卖盘
10:18:52,29.81,-0.02,208,620121,卖盘
10:18:56,29.8,-0.01,163,485824,卖盘
10:18:59,29.8,0.0,289,861306,卖盘
10:19:02,29.81,0.01,242,721454,中性盘
10:19:05,29.82,0.01,138,411276,中性盘
10:19:08,29.83,0.01,262,781097,买盘
10:19:10,29.84,0.01,89,265541,买盘
10:19:14,29.83,-0.01,42,125286,卖盘
10:19:17,29.86,0.03,450,1342717,买盘
10:19:20,29.84,-0.02,40,119329,买盘
10:19:23,29.81,-0.03,284,847221,卖盘
10:19:25,29.82,0.01,153,456186,买盘
10:19:29,29.82,0.0,72,214685,买盘
10:19:32,29.81,-0.01,803,2393758,卖盘
10:19:34,29.83,0.02,101,301058,买盘
10:19:38,29.82,-0.01,22,65604,卖盘
10:19:41,29.82,0.0,241,718455,卖盘
10:19:44,29.81,-0.01,118,351767,卖盘
10:19:47,29.81,0.0,126,375641,卖盘
10:19:49,29.84,0.03,134,399479,买盘
10:19:53,29.83,-0.01,34,101422,卖盘
10:19:56,29.75,-0.08,2882,8585397,卖盘
10:19:58,29.75,0.0,1302,3873450,买盘
10:20:02,29.74,-0.01,527,1567061,卖盘
10:20:05,29.74,0.0,224,666046,卖盘
10:20:08,29.75,0.01,7,20826,中性盘
10:20:11,29.75,0.0,122,362974,卖盘
10:20:14,29.78,0.03,129,383778,买盘
10:20:17,29.79,0.01,126,374939,买盘
10:20:20,29.78,-0.01,127,378077,卖盘
10:20:23,29.79,0.01,64,190591,买盘
10:20:26,29.78,-0.01,30,89345,卖盘
10:20:29,29.78,0.0,280,833853,卖盘
10:20:31,29.79,0.01,17,50628,中性盘
10:20:35,29.79,0.0,50,148916,买盘
10:20:38,29.75,-0.04,231,687580,卖盘
10:20:41,29.76,0.01,43,128038,中性盘
10:20:43,29.77,0.01,13,38710,中性盘
10:20:50,29.77,0.0,26,77400,买盘
10:20:53,29.76,-0.01,189,562442,卖盘
10:20:55,29.77,0.01,5,14885,买盘
10:20:59,29.78,0.01,20,59566,卖盘
10:21:02,29.78,0.0,724,2153968,卖盘
10:21:05,29.75,-0.03,115,342357,卖盘
10:21:08,29.73,-0.02,463,1377936,卖盘
10:21:11,29.76,0.03,37,110096,买盘
10:21:14,29.75,-0.01,3199,9502871,卖盘
10:21:17,29.73,-0.02,70,207996,中性盘
10:21:20,29.76,0.03,782,2323076,买盘
10:21:22,29.76,0.0,84,250044,卖盘
10:21:25,29.76,0.0,30,89280,卖盘
10:21:29,29.78,0.02,241,717774,买盘
10:21:32,29.77,-0.01,35,104198,卖盘
10:21:34,29.78,0.01,7,20846,卖盘
10:21:37,29.8,0.02,141,420180,买盘
10:21:40,29.78,-0.02,61,181670,卖盘
10:21:44,29.79,0.01,16,47662,买盘
10:21:47,29.8,0.01,12,35749,买盘
10:21:50,29.79,-0.01,72,214497,卖盘
10:21:56,29.79,0.0,161,479760,卖盘
10:21:59,29.79,0.0,52,154928,卖盘
10:22:02,29.8,0.01,20,59582,买盘
10:22:05,29.79,-0.01,509,1516433,卖盘
10:22:08,29.8,0.01,329,980326,买盘
10:22:10,29.8,0.0,158,470808,买盘
10:22:14,29.82,0.02,28,83465,买盘
10:22:17,29.83,0.01,28,83514,买盘
10:22:20,29.82,-0.01,19,56667,卖盘
10:22:23,29.82,0.0,114,339954,卖盘
10:22:25,29.83,0.01,74,220724,买盘
10:22:29,29.84,0.01,150,447352,买盘
10:22:32,29.83,-0.01,16,47726,卖盘
10:22:35,29.84,0.01,21,62656,买盘
10:22:38,29.84,0.0,11,32824,买盘
10:22:41,29.84,0.0,391,1166229,买盘
10:22:44,29.83,-0.01,161,480232,卖盘
10:22:47,29.84,0.01,39,116342,买盘
10:22:50,29.85,0.01,34,101445,买盘
10:22:53,29.84,-0.01,13,38795,卖盘
10:22:56,29.86,0.02,2,5972,买盘
10:22:59,29.86,0.0,189,564350,买盘
10:23:02,29.86,0.0,46,137361,卖盘
10:23:05,29.86,0.0,164,489706,卖盘
10:23:08,29.86,0.0,228,681217,卖盘
10:23:11,29.88,0.02,87,259956,买盘
10:23:14,29.88,0.0,99,295812,卖盘
10:23:17,29.89,0.01,30,89669,买盘
10:23:20,29.89,0.0,22,65756,买盘
10:23:22,29.9,0.01,169,505193,买盘
10:23:26,29.9,0.0,42,125588,买盘
10:23:29,29.9,0.0,96,287053,卖盘
10:23:32,29.91,0.01,7,20936,中性盘
10:23:35,29.91,0.0,177,529407,卖盘
10:23:38,29.91,0.0,26,77770,卖盘
10:23:41,29.92,0.01,23,68816,买盘
10:23:44,29.91,-0.01,109,326078,卖盘
10:23:46,29.92,0.01,50,149591,卖盘
10:23:50,29.93,0.01,15,44879,买盘
10:23:53,29.92,-0.01,16,47874,买盘
10:23:56,29.92,0.0,85,254326,买盘
10:23:59,29.93,0.01,37,110710,买盘
10:24:02,29.92,-0.01,186,556533,卖盘
10:24:05,29.93,0.01,191,571438,买盘
10:24:08,29.92,-0.01,118,353082,卖盘
10:24:11,29.93,0.01,92,275362,买盘
10:24:14,29.93,0.0,63,188576,卖盘
10:24:17,29.93,0.0,31,92784,卖盘
10:24:19,29.94,0.01,764,2286265,买盘
10:24:23,29.91,-0.03,206,616589,卖盘
10:24:26,29.94,0.03,32,95757,中性盘
10:24:29,29.94,0.0,88,263414,卖盘
10:24:32,29.94,0.0,101,302422,买盘
10:24:34,29.95,0.01,31,92815,买盘
10:24:38,29.94,-0.01,192,574856,卖盘
10:24:41,29.94,0.0,679,2031542,卖盘
10:24:44,29.94,0.0,137,410189,卖盘
10:24:47,29.95,0.01,44,131780,买盘
10:24:50,29.9,-0.05,291,870746,卖盘
10:24:53,29.88,-0.02,935,2795408,卖盘
10:24:56,29.88,0.0,506,1512197,卖盘
10:24:59,29.9,0.02,67,200272,买盘
10:25:02,29.9,0.0,98,292966,卖盘
10:25:04,29.9,0.0,174,520327,卖盘
10:25:08,29.9,0.0,54,161494,卖盘
10:25:11,29.9,0.0,29,86728,卖盘
10:25:14,29.94,0.04,11,32915,买盘
10:25:16,29.9,-0.04,564,1684859,卖盘
10:25:20,29.9,0.0,41,122590,买盘
10:25:23,29.9,0.0,117,349831,卖盘
10:25:26,29.9,0.0,196,585390,卖盘
10:25:29,29.89,-0.01,43,128563,中性盘
10:25:31,29.83,-0.06,59,176113,卖盘
10:25:35,29.85,0.02,4,11938,买盘
10:25:38,29.88,0.03,31,92589,买盘
10:25:40,29.87,-0.01,7,20915,卖盘
10:25:44,29.82,-0.05,109,325204,卖盘
10:25:47,29.84,0.02,16,47756,卖盘
10:25:49,29.89,0.05,7,20922,买盘
10:25:53,29.89,0.0,35,104584,卖盘
10:25:56,29.89,0.0,9,26891,买盘
10:25:59,29.89,0.0,8,23910,买盘
10:26:02,29.89,0.0,39,116570,买盘
10:26:05,29.89,0.0,137,409098,买盘
10:26:08,29.89,0.0,41,122549,卖盘
10:26:11,29.9,0.01,109,325778,买盘
10:26:14,29.88,-0.02,5,14940,中性盘
10:26:16,29.88,0.0,16,47822,中性盘
10:26:19,29.89,0.01,15,44840,中性盘
10:26:23,29.85,-0.04,112,334571,卖盘
10:26:26,29.89,0.04,18,53774,卖盘
10:26:29,29.9,0.01,39,116553,买盘
10:26:32,29.89,-0.01,32,95641,卖盘
10:26:34,29.88,-0.01,15,44820,卖盘
10:26:38,29.89,0.01,11,32879,买盘
10:26:41,29.88,-0.01,12,35844,买盘
10:26:44,29.88,0.0,146,436027,买盘
10:26:47,29.87,-0.01,19,56735,中性盘
10:26:50,29.88,0.01,21,62742,买盘
10:26:53,29.86,-0.02,69,206110,卖盘
10:26:56,29.87,0.01,6,18579,中性盘
10:26:59,29.88,0.01,114,340640,卖盘
10:27:02,29.88,0.0,53,158381,卖盘
10:27:04,29.89,0.01,430,1285134,买盘
10:27:08,29.89,0.0,50,149425,买盘
10:27:11,29.9,0.01,7,20930,卖盘
10:27:14,29.9,0.0,27,80726,中性盘
10:27:17,29.9,0.0,2,5980,卖盘
10:27:19,29.9,0.0,320,956824,卖盘
10:27:23,29.89,-0.01,160,478421,卖盘
10:27:26,29.91,0.02,15,44865,卖盘
10:27:28,29.92,0.01,7,20943,买盘
10:27:32,29.91,-0.01,106,317100,卖盘
10:27:35,29.92,0.01,64,191522,中性盘
10:27:38,29.92,0.0,39,116688,卖盘
10:27:41,29.92,0.0,8,23948,卖盘
10:27:43,29.92,0.0,289,864619,卖盘
10:27:47,29.92,0.0,18,53858,卖盘
10:27:50,29.93,0.01,23,68828,买盘
10:27:52,29.95,0.02,108,323414,买盘
10:27:55,29.96,0.01,23,68898,买盘
10:27:59,29.96,0.0,30,89872,买盘
10:28:01,29.96,0.0,33,98878,买盘
10:28:05,30.0,0.04,727,2179612,买盘
10:28:08,29.97,-0.03,72,215696,中性盘
10:28:11,29.98,0.01,120,359991,中性盘
10:28:14,29.98,0.0,25,74950,卖盘
10:28:17,29.99,0.01,30,89971,买盘
10:28:20,29.99,0.0,46,137960,卖盘
10:28:22,29.9,-0.09,1070,3204571,卖盘
10:28:26,29.96,0.06,201,601016,买盘
10:28:29,29.96,0.0,6,17976,买盘
10:28:32,29.9,-0.06,1,2990,卖盘
10:28:35,29.96,0.06,31,92808,买盘
10:28:38,29.96,0.0,1,2996,卖盘
10:28:41,29.98,0.02,6,17988,买盘
10:28:43,29.96,-0.02,168,502452,买盘
10:28:47,29.95,-0.01,17,50869,卖盘
10:28:49,29.97,0.02,38,113733,买盘
10:28:52,29.96,-0.01,4,11986,卖盘
10:28:56,29.92,-0.04,73,218659,卖盘
10:28:59,29.96,0.04,17,50908,买盘
10:29:02,29.94,-0.02,5,14972,中性盘
10:29:05,29.94,0.0,127,380240,卖盘
10:29:08,29.94,0.0,45,134755,卖盘
10:29:11,29.95,0.01,42,125810,中性盘
10:29:14,29.97,0.02,25,74911,买盘
10:29:17,29.97,0.0,111,332694,买盘
10:29:19,29.96,-0.01,53,158824,中性盘
10:29:23,29.95,-0.01,127,380403,卖盘
10:29:26,29.96,0.01,84,251764,卖盘
10:29:29,29.98,0.02,147,440706,买盘
10:29:32,29.97,-0.01,95,284812,卖盘
10:29:35,29.97,0.0,16,47953,卖盘
10:29:38,29.98,0.01,43,128946,卖盘
10:29:41,29.99,0.01,816,2447866,买盘
10:29:44,29.99,0.0,127,380873,卖盘
10:29:46,30.0,0.01,7,20999,买盘
10:29:50,30.0,0.0,8,24007,卖盘
10:29:53,30.01,0.01,1252,3755298,买盘
10:29:56,30.01,0.0,120,360111,卖盘
10:29:59,30.02,0.01,81,243035,中性盘
10:30:02,30.02,0.0,7,21013,买盘
10:30:05,30.04,0.02,146,438208,买盘
10:30:07,30.01,-0.03,136,408289,卖盘
10:30:11,30.03,0.02,50,150127,买盘
10:30:14,30.03,0.0,16,48048,卖盘
10:30:17,30.04,0.01,75,225298,买盘
10:30:20,30.03,-0.01,174,522710,卖盘
10:30:23,30.05,0.02,193,579812,买盘
10:30:26,30.04,-0.01,70,210305,卖盘
10:30:29,30.05,0.01,50,150249,买盘
10:30:32,30.05,0.0,70,210359,卖盘
10:30:35,30.05,0.0,52,156285,卖盘
10:30:38,30.06,0.01,132,396828,买盘
10:30:41,30.05,-0.01,80,240452,卖盘
10:30:44,30.05,0.0,252,757359,卖盘
10:30:47,30.05,0.0,72,216375,卖盘
10:30:50,30.05,0.0,192,576971,卖盘
10:30:53,30.07,0.02,245,736479,买盘
10:30:56,30.06,-0.01,45,135291,卖盘
10:30:59,30.06,0.0,67,201425,卖盘
10:31:02,30.07,0.01,73,219492,买盘
10:31:05,30.07,0.0,137,411893,卖盘
10:31:08,30.06,-0.01,543,1632563,卖盘
10:31:11,30.07,0.01,108,324670,买盘
10:31:14,30.07,0.0,90,270545,买盘
10:31:17,30.06,-0.01,235,706424,卖盘
10:31:20,30.06,0.0,21,63145,卖盘
10:31:23,30.06,0.0,341,1025108,卖盘
10:31:26,30.06,0.0,568,1707410,卖盘
10:31:29,30.05,-0.01,337,1012922,卖盘
10:31:32,30.05,0.0,92,276487,卖盘
10:31:35,30.03,-0.02,133,399624,卖盘
10:31:38,30.04,0.01,83,249296,卖盘
10:31:41,30.03,-0.01,105,315332,卖盘
10:31:44,29.99,-0.04,446,1338107,卖盘
10:31:47,30.0,0.01,920,2759965,买盘
10:31:50,29.99,-0.01,509,1526761,卖盘
10:31:53,30.0,0.01,19,56997,中性盘
10:31:56,30.0,0.0,200,600006,卖盘
10:31:58,30.0,0.0,62,186013,卖盘
10:32:02,30.0,0.0,38,114021,卖盘
10:32:04,29.99,-0.01,136,407664,卖盘
10:32:08,29.97,-0.02,58,173844,卖盘
10:32:11,29.98,0.01,1,2998,中性盘
10:32:17,29.99,0.01,7,20993,卖盘
10:32:20,29.99,0.0,334,1001748,卖盘
10:32:23,29.99,0.0,146,437935,卖盘
10:32:26,30.0,0.01,88,264075,中性盘
10:32:29,30.03,0.03,8,24020,买盘
10:32:31,30.03,0.0,16,48048,买盘
10:32:34,30.03,0.0,32,96098,卖盘
10:32:38,30.03,0.0,90,270278,卖盘
10:32:40,30.04,0.01,53,159210,买盘
10:32:44,30.04,0.0,123,369380,卖盘
10:32:47,30.04,0.0,159,477521,卖盘
10:32:50,30.04,0.0,111,333501,卖盘
10:32:53,30.01,-0.03,64,192234,卖盘
10:32:56,30.04,0.03,30,90117,买盘
10:32:59,30.04,0.0,21,63047,买盘
10:33:01,30.01,-0.03,48,144058,卖盘
10:33:05,30.0,-0.01,189,567051,卖盘
10:33:08,30.0,0.0,52,156013,卖盘
10:33:11,30.01,0.01,37,111000,买盘
10:33:14,30.0,-0.01,48,144001,卖盘
10:33:17,30.0,0.0,32,96021,卖盘
10:33:20,30.02,0.02,38,114055,买盘
10:33:23,30.02,0.0,118,354106,卖盘
10:33:26,30.02,0.0,105,315124,买盘
10:33:29,30.01,-0.01,97,291171,卖盘
10:33:32,30.0,-0.01,98,294164,卖盘
10:33:34,30.01,0.01,46,138009,卖盘
10:33:38,30.01,0.0,38,114014,买盘
10:33:40,30.01,0.0,82,246076,买盘
10:33:44,30.01,0.0,211,633173,卖盘
10:33:47,30.0,-0.01,134,402044,卖盘
10:33:50,30.01,0.01,23,69007,买盘
10:33:53,30.02,0.01,23,69043,买盘
10:33:55,30.02,0.0,153,459154,买盘
10:33:59,30.02,0.0,63,189096,买盘
10:34:02,30.0,-0.02,48,144094,卖盘
10:34:05,30.0,0.0,182,546070,卖盘
10:34:08,30.02,0.02,31,93039,买盘
10:34:11,30.02,0.0,6,18012,买盘
10:34:13,30.02,0.0,25,75050,买盘
10:34:17,30.02,0.0,15,45030,卖盘
10:34:20,30.03,0.01,19,57046,买盘
10:34:22,30.02,-0.01,152,456304,卖盘
10:34:26,30.03,0.01,44,132099,买盘
10:34:29,30.02,-0.01,26,78061,卖盘
10:34:32,30.03,0.01,13,39035,买盘
10:34:35,30.03,0.0,30,90077,买盘
10:34:37,30.01,-0.02,601,1803949,卖盘
10:34:41,30.02,0.01,148,444220,买盘
10:34:44,30.01,-0.01,118,354224,卖盘
10:34:46,30.02,0.01,18,54022,中性盘
10:34:50,30.02,0.0,105,315281,卖盘
10:34:52,30.02,0.0,135,405150,买盘
10:34:56,30.0,-0.02,134,402339,卖盘
10:34:59,30.01,0.01,15,45015,中性盘
10:35:02,30.01,0.0,2,6002,卖盘
10:35:05,30.02,0.01,287,861343,买盘
10:35:07,30.02,0.0,60,180120,卖盘
10:35:10,30.02,0.0,107,321208,卖盘
10:35:14,30.02,0.0,4,12008,卖盘
10:35:16,30.02,0.0,60,180120,卖盘
10:35:19,30.02,0.0,109,327259,买盘
10:35:22,30.0,-0.02,110,330076,卖盘
10:35:26,30.01,0.01,67,201099,中性盘
10:35:29,30.0,-0.01,545,1635027,卖盘
10:35:32,30.0,0.0,77,231023,卖盘
10:35:35,30.01,0.01,105,315043,中性盘
10:35:37,30.02,0.01,60,180111,买盘
10:35:40,30.01,-0.01,346,1038639,卖盘
10:35:43,30.01,0.0,164,492184,卖盘
10:35:47,30.02,0.01,10,30017,中性盘
10:35:50,30.0,-0.02,622,1866364,卖盘
10:35:53,30.01,0.01,83,249037,卖盘
10:35:56,30.03,0.02,36,108103,买盘
10:35:59,30.03,0.0,164,492403,买盘
10:36:02,30.02,-0.01,65,195130,卖盘
10:36:04,30.02,0.0,176,528380,卖盘
10:36:08,30.02,0.0,14,42029,卖盘
10:36:11,30.03,0.01,94,282220,买盘
10:36:14,30.03,0.0,43,129103,买盘
10:36:17,30.03,0.0,300,900610,买盘
10:36:20,30.02,-0.01,59,177175,卖盘
10:36:23,30.0,-0.02,304,912462,卖盘
10:36:26,30.0,0.0,24,72030,卖盘
10:36:29,30.02,0.02,40,120045,卖盘
10:36:32,30.01,-0.01,6,18001,中性盘
10:36:35,30.03,0.02,149,447380,买盘
10:36:38,30.03,0.0,75,225225,卖盘
10:36:41,30.03,0.0,33,99044,卖盘
10:36:44,30.0,-0.03,199,597344,卖盘
10:36:47,30.02,0.02,9,27018,买盘
10:36:50,30.03,0.01,17,51027,买盘
10:36:53,30.02,-0.01,4,12008,卖盘
10:36:56,30.02,0.0,60,180142,卖盘
10:36:58,30.03,0.01,88,264059,买盘
10:37:02,30.0,-0.03,16,48000,卖盘
10:37:05,30.0,0.0,127,381000,卖盘
10:37:09,30.0,0.0,11,33002,卖盘
10:37:11,30.01,0.01,18,54018,买盘
10:37:14,30.01,0.0,51,153009,买盘
10:37:17,30.0,-0.01,39,117001,卖盘
10:37:19,30.02,0.02,40,120040,买盘
10:37:22,30.0,-0.02,186,558107,卖盘
10:37:26,30.01,0.01,18,54018,卖盘
10:37:29,30.01,0.0,7,21013,卖盘
10:37:31,30.01,0.0,8,24008,卖盘
10:37:34,30.02,0.01,77,231154,买盘
10:37:37,30.02,0.0,44,132075,买盘
10:37:41,30.01,-0.01,121,363127,卖盘
10:37:43,30.01,0.0,226,678072,买盘
10:37:47,30.0,-0.01,1143,3429002,卖盘
10:37:50,30.0,0.0,25,75007,卖盘
10:37:53,30.0,0.0,10,30001,卖盘
10:37:55,30.0,0.0,95,285020,卖盘
10:37:59,30.0,0.0,33,99032,卖盘
10:38:02,30.0,0.0,94,282007,卖盘
10:38:05,30.0,0.0,150,450000,卖盘
10:38:09,30.0,0.0,50,150002,卖盘
10:38:11,30.0,0.0,100,300006,卖盘
10:38:14,30.0,0.0,65,195018,卖盘
10:38:17,30.0,0.0,135,405104,卖盘
10:38:20,30.0,0.0,236,708023,卖盘
10:38:23,30.0,0.0,188,563974,买盘
10:38:26,30.01,0.01,168,504141,买盘
10:38:29,30.0,-0.01,54,162051,卖盘
10:38:32,30.0,0.0,4,12001,卖盘
10:38:35,30.0,0.0,35,105011,卖盘
10:38:39,30.01,0.01,38,114071,卖盘
10:38:41,30.01,0.0,47,141053,卖盘
10:38:44,30.01,0.0,174,522159,卖盘
10:38:47,30.01,0.0,1,3001,卖盘
10:38:50,30.0,-0.01,15,45007,卖盘
10:38:53,30.0,0.0,25,75021,卖盘
10:38:56,30.0,0.0,8,24002,卖盘
10:38:59,30.0,0.0,30,90009,卖盘
10:39:02,30.0,0.0,23,69005,卖盘
10:39:05,30.0,0.0,122,366000,卖盘
10:39:09,30.0,0.0,22,66012,卖盘
10:39:11,30.0,0.0,7,21006,卖盘
10:39:14,30.01,0.01,27,81018,买盘
10:39:17,30.01,0.0,5,15005,买盘
10:39:20,30.01,0.0,25,75022,买盘
10:39:24,30.01,0.0,117,351008,买盘
10:39:25,30.0,-0.01,58,174001,卖盘
10:39:29,30.01,0.01,22,66007,买盘
10:39:32,30.0,-0.01,10,30000,卖盘
10:39:35,30.0,0.0,84,252069,卖盘
10:39:39,30.01,0.01,59,177047,中性盘
10:39:41,30.01,0.0,22,66028,卖盘
10:39:44,30.0,-0.01,124,372081,卖盘
10:39:47,30.01,0.01,21,63004,中性盘
10:39:50,30.01,0.0,12,36018,卖盘
10:39:53,30.01,0.0,105,315106,卖盘
10:39:56,30.0,-0.01,518,1554032,卖盘
10:39:59,30.02,0.02,11,33021,买盘
10:40:02,30.02,0.0,12,36020,买盘
10:40:05,30.0,-0.02,132,396001,卖盘
10:40:09,30.02,0.02,32,96060,买盘
10:40:11,30.02,0.0,51,153092,买盘
10:40:14,30.01,-0.01,5,15005,卖盘
10:40:17,30.01,0.0,308,924374,卖盘
10:40:20,30.02,0.01,186,558308,买盘
10:40:23,30.0,-0.02,169,507099,卖盘
10:40:26,30.02,0.02,398,1195270,买盘
10:40:29,30.02,0.0,52,156110,卖盘
10:40:32,30.02,0.0,53,159146,卖盘
10:40:35,30.04,0.02,708,2126916,买盘
10:40:39,30.03,-0.01,64,192254,卖盘
10:40:41,30.05,0.02,124,372664,买盘
10:40:44,30.05,0.0,148,444741,卖盘
10:40:47,30.06,0.01,114,342671,买盘
10:40:50,30.06,0.0,33,99200,卖盘
10:40:54,30.06,0.0,144,432868,卖盘
10:40:56,30.05,-0.01,864,2596790,卖盘
10:40:59,30.07,0.02,195,586248,买盘
10:41:02,30.07,0.0,16,48121,卖盘
10:41:05,30.08,0.01,139,417980,买盘
10:41:09,30.05,-0.03,392,1178566,卖盘
10:41:11,30.07,0.02,365,1097083,中性盘
10:41:14,30.08,0.01,12,36085,买盘
10:41:17,30.07,-0.01,301,905212,卖盘
10:41:20,30.07,0.0,29,87213,卖盘
10:41:24,30.07,0.0,168,505089,卖盘
10:41:26,30.07,0.0,73,219528,买盘
10:41:29,30.05,-0.02,36,108196,卖盘
10:41:32,30.05,0.0,20,60102,卖盘
10:41:35,30.05,0.0,50,150253,卖盘
10:41:39,30.03,-0.02,47,141283,卖盘
10:41:41,30.03,0.0,30,90102,卖盘
10:41:44,30.03,0.0,204,612621,卖盘
10:41:47,30.05,0.02,135,405523,买盘
10:41:50,30.05,0.0,72,216247,买盘
10:41:54,30.03,-0.02,18,54062,卖盘
10:41:56,30.03,0.0,16,48054,卖盘
10:41:59,30.04,0.01,16,48057,中性盘
10:42:02,30.05,0.01,288,865093,买盘
10:42:05,30.05,0.0,138,414701,卖盘
10:42:09,30.05,0.0,3,9015,卖盘
10:42:11,30.05,0.0,29,87151,卖盘
10:42:14,30.05,0.0,53,159265,卖盘
10:42:17,30.06,0.01,102,306591,买盘
10:42:24,30.05,-0.01,113,339627,卖盘
10:42:26,30.06,0.01,736,2210548,卖盘
10:42:29,30.07,0.01,71,213457,买盘
10:42:32,30.06,-0.01,107,321642,卖盘
10:42:35,30.07,0.01,80,240538,买盘
10:42:39,30.06,-0.01,20,60121,卖盘
10:42:41,30.07,0.01,10,30069,买盘
10:42:44,30.07,0.0,147,441458,买盘
10:42:47,30.06,-0.01,23,69138,卖盘
10:42:50,30.02,-0.04,35,105192,卖盘
10:42:54,30.06,0.04,31,93208,买盘
10:42:58,30.04,-0.02,25,75134,卖盘
10:42:59,30.04,0.0,26,78154,卖盘
10:43:02,30.04,0.0,29,87150,卖盘
10:43:05,30.01,-0.03,728,2185928,卖盘
10:43:09,30.02,0.01,101,303198,中性盘
10:43:11,30.02,0.0,7,21032,卖盘
10:43:14,30.04,0.02,136,408774,中性盘
10:43:17,30.04,0.0,26,78074,买盘
10:43:20,30.05,0.01,18,54066,买盘
10:43:24,30.03,-0.02,143,429540,卖盘
10:43:26,30.04,0.01,20,60083,卖盘
10:43:29,30.06,0.02,58,174321,买盘
10:43:32,30.05,-0.01,27,81145,卖盘
10:43:35,30.05,0.0,10,30050,卖盘
10:43:38,30.05,0.0,25,75126,卖盘
10:43:41,30.06,0.01,11,33065,买盘
10:43:44,30.05,-0.01,145,435730,卖盘
10:43:47,30.06,0.01,2,6011,买盘
10:43:50,30.05,-0.01,120,360596,卖盘
10:43:54,30.04,-0.01,101,303551,卖盘
10:43:56,30.04,0.0,141,423801,卖盘
10:43:59,30.05,0.01,25,75121,中性盘
10:44:02,30.04,-0.01,57,171242,卖盘
10:44:05,30.05,0.01,153,459437,买盘
10:44:09,30.05,0.0,1,3005,中性盘
10:44:11,30.05,0.0,11,33061,卖盘
10:44:14,30.05,0.0,5,15025,卖盘
10:44:17,30.06,0.01,72,216404,买盘
10:44:20,30.05,-0.01,367,1101639,卖盘
10:44:24,30.0,-0.05,152,456297,卖盘
10:44:26,30.05,0.05,47,141150,中性盘
10:44:29,30.05,0.0,33,99172,卖盘
10:44:32,30.0,-0.05,37,111145,卖盘
10:44:35,30.0,0.0,20,60074,卖盘
10:44:39,30.05,0.05,1,3005,买盘
10:44:41,30.01,-0.04,27,81040,卖盘
10:44:44,30.0,-0.01,125,375017,卖盘
10:44:50,30.05,0.05,13,39061,买盘
10:44:53,30.05,0.0,48,144180,买盘
10:44:56,30.05,0.0,49,147193,买盘
10:44:59,30.05,0.0,12,36040,买盘
10:45:02,30.01,-0.04,7,21007,卖盘
10:45:06,30.01,0.0,129,387102,卖盘
10:45:09,30.03,0.02,6,18008,中性盘
10:45:11,30.04,0.01,146,438586,买盘
10:45:14,30.01,-0.03,64,192104,卖盘
10:45:17,30.01,0.0,7,21010,卖盘
10:45:20,30.03,0.02,9,27037,中性盘
10:45:24,30.0,-0.03,714,2142506,卖盘
10:45:26,30.01,0.01,122,366278,中性盘
10:45:29,30.04,0.03,14,42051,买盘
10:45:32,30.03,-0.01,1,3003,卖盘
10:45:38,30.03,0.0,118,354383,卖盘
10:45:42,30.04,0.01,59,177228,买盘
10:45:44,30.04,0.0,179,537517,卖盘
10:45:47,30.0,-0.04,1202,3606185,卖盘
10:45:50,30.03,0.03,45,135114,买盘
10:45:54,30.03,0.0,4,12012,买盘
10:45:56,30.03,0.0,4,12010,买盘
10:45:59,30.03,0.0,29,87086,买盘
10:46:02,30.03,0.0,22,66066,中性盘
10:46:05,30.03,0.0,145,435367,卖盘
10:46:09,30.03,0.0,101,303132,卖盘
10:46:11,30.03,0.0,43,129135,卖盘
10:46:14,30.03,0.0,24,72072,卖盘
10:46:17,30.03,0.0,136,408408,卖盘
10:46:21,30.03,0.0,758,2275232,卖盘
10:46:24,30.0,-0.03,176,528217,卖盘
10:46:27,30.01,0.01,68,204067,中性盘
10:46:29,30.0,-0.01,53,159022,卖盘
10:46:32,30.0,0.0,84,252030,卖盘
10:46:36,30.0,0.0,38,114009,卖盘
10:46:39,30.0,0.0,3,9001,卖盘
10:46:42,30.01,0.01,22,66019,中性盘
10:46:44,30.01,0.0,169,507054,卖盘
10:46:47,30.01,0.0,28,84043,卖盘
10:46:50,30.0,-0.01,53,159047,卖盘
10:46:54,30.0,0.0,20,60016,卖盘
10:46:59,30.0,0.0,56,168008,卖盘
10:47:02,30.0,0.0,32,96021,卖盘
10:47:05,30.0,0.0,248,744113,卖盘
10:47:08,30.0,0.0,163,489333,卖盘
10:47:12,30.01,0.01,25,75020,中性盘
10:47:14,30.01,0.0,7,21007,卖盘
10:47:17,30.01,0.0,4,12004,卖盘
10:47:21,30.01,0.0,10,30016,卖盘
10:47:24,30.01,0.0,169,507170,卖盘
10:47:27,30.01,0.0,206,618208,卖盘
10:47:29,30.02,0.01,33,99039,买盘
10:47:32,30.01,-0.01,8,24009,卖盘
10:47:35,30.02,0.01,6,18012,买盘
10:47:39,30.01,-0.01,17,51021,卖盘
10:47:41,30.02,0.01,40,120075,买盘
10:47:44,30.01,-0.01,172,516167,卖盘
10:47:47,30.01,0.0,53,159076,中性盘
10:47:51,30.0,-0.01,43,129049,卖盘
10:47:54,30.0,0.0,148,444280,卖盘
10:47:56,30.01,0.01,63,189078,卖盘
10:47:59,30.02,0.01,37,111080,卖盘
10:48:02,30.02,0.0,20,60040,卖盘
10:48:06,30.01,-0.01,166,498150,卖盘
10:48:09,30.02,0.01,23,69046,卖盘
10:48:11,30.02,0.0,92,276207,卖盘
10:48:14,30.02,0.0,50,150024,卖盘
10:48:17,30.02,0.0,23,69050,买盘
10:48:21,30.02,0.0,14,42028,卖盘
10:48:23,30.0,-0.02,119,357090,卖盘
10:48:27,30.02,0.02,16,48020,中性盘
10:48:29,30.03,0.01,11,33028,买盘
10:48:32,30.0,-0.03,87,261085,卖盘
10:48:35,30.02,0.02,72,216094,买盘
10:48:39,30.02,0.0,14,42029,卖盘
10:48:41,30.03,0.01,6,18018,买盘
10:48:45,30.01,-0.02,174,522335,卖盘
10:48:47,30.0,-0.01,60,180110,卖盘
10:48:50,30.02,0.02,26,78050,买盘
10:48:59,30.02,0.0,33,99066,卖盘
10:49:02,30.03,0.01,50,150085,买盘
10:49:06,30.0,-0.03,277,831390,卖盘
10:49:08,30.01,0.01,16,48013,中性盘
10:49:12,30.02,0.01,33,99097,卖盘
10:49:15,30.01,-0.01,92,276148,卖盘
10:49:17,30.01,0.0,6,18009,中性盘
10:49:20,30.02,0.01,33,99066,买盘
10:49:24,30.0,-0.02,109,327125,卖盘
10:49:27,30.0,0.0,22,66006,卖盘
10:49:29,30.03,0.03,23,69035,买盘
10:49:32,30.01,-0.02,4,12004,中性盘
10:49:36,30.01,0.0,91,273277,卖盘
10:49:39,30.02,0.01,13,39024,中性盘
10:49:42,30.02,0.0,29,87064,卖盘
10:49:44,30.02,0.0,113,339112,卖盘
10:49:48,30.02,0.0,33,99023,买盘
10:49:50,30.02,0.0,6,18012,卖盘
10:49:53,30.02,0.0,26,78056,卖盘
10:49:56,30.03,0.01,28,84066,买盘
10:49:59,30.02,-0.01,23,69058,卖盘
10:50:02,30.03,0.01,121,363313,买盘
10:50:06,30.03,0.0,135,405289,卖盘
10:50:09,30.03,0.0,6,18018,卖盘
10:50:12,30.03,0.0,9,27033,卖盘
10:50:15,30.04,0.01,2,6007,买盘
10:50:18,30.03,-0.01,10,30031,卖盘
10:50:20,30.04,0.01,22,66073,买盘
10:50:24,30.02,-0.02,144,432448,卖盘
10:50:27,30.01,-0.01,71,213185,卖盘
10:50:30,30.03,0.02,11,33033,中性盘
10:50:33,30.01,-0.02,6,18007,卖盘
10:50:36,30.01,0.0,2,6002,卖盘
10:50:38,30.02,0.01,7,21014,买盘
10:50:41,30.01,-0.01,12,36019,卖盘
10:50:45,30.0,-0.01,216,648167,卖盘
10:50:47,30.02,0.02,62,186112,买盘
10:50:51,30.01,-0.01,13,39019,卖盘
10:50:54,30.02,0.01,7,21010,买盘
10:50:56,30.01,-0.01,159,477179,卖盘
10:50:59,30.02,0.01,46,138056,买盘
10:51:03,30.01,-0.01,8,24013,卖盘
10:51:06,30.01,0.0,124,372124,卖盘
10:51:09,30.02,0.01,38,114073,买盘
10:51:12,30.01,-0.01,110,330122,卖盘
10:51:15,30.01,0.0,12,36012,卖盘
10:51:18,30.01,0.0,7,21012,卖盘
10:51:20,30.01,0.0,87,261106,卖盘
10:51:24,30.02,0.01,119,357129,买盘
10:51:27,30.02,0.0,21,63025,买盘
10:51:30,30.02,0.0,8,24016,买盘
10:51:33,30.01,-0.01,3,9003,卖盘
10:51:36,30.02,0.01,18,54035,买盘
10:51:39,30.02,0.0,13,39026,卖盘
10:51:42,30.02,0.0,22,66050,卖盘
10:51:45,30.01,-0.01,250,750430,卖盘
10:51:48,30.01,0.0,48,144083,卖盘
10:51:50,30.03,0.02,6,18018,买盘
10:51:53,30.02,-0.01,2,6005,卖盘
10:51:57,30.02,0.0,51,153137,卖盘
10:52:00,30.02,0.0,25,75050,买盘
10:52:03,30.02,0.0,69,207159,卖盘
10:52:05,30.02,0.0,124,372118,卖盘
10:52:09,30.03,0.01,14,42042,买盘
10:52:12,30.02,-0.01,58,174122,卖盘
10:52:14,30.01,-0.01,13,39013,卖盘
10:52:18,30.01,0.0,71,213068,卖盘
10:52:21,30.01,0.0,44,132045,卖盘
10:52:24,30.01,0.0,148,444046,买盘
10:52:27,30.0,-0.01,41,123009,卖盘
10:52:30,30.0,0.0,47,141031,卖盘
10:52:33,30.01,0.01,7,21007,卖盘
10:52:36,30.02,0.01,8,24011,买盘
10:52:39,30.01,-0.01,42,126044,卖盘
10:52:42,30.01,0.0,36,108049,卖盘
10:52:45,30.01,0.0,131,393132,卖盘
10:52:48,30.01,0.0,65,195075,卖盘
10:52:51,30.02,0.01,23,69031,买盘
10:52:53,30.01,-0.01,12,36013,卖盘
10:52:57,30.01,0.0,8,24008,卖盘
10:53:00,30.01,0.0,32,96041,卖盘
10:53:02,30.01,0.0,78,234145,卖盘
10:53:06,30.02,0.01,134,402135,买盘
10:53:09,30.02,0.0,44,132047,买盘
10:53:12,30.01,-0.01,19,57032,卖盘
10:53:18,30.01,0.0,25,75045,卖盘
10:53:21,30.01,0.0,68,204084,卖盘
10:53:24,30.01,0.0,117,351118,卖盘
10:53:27,30.01,0.0,160,480170,卖盘
10:53:30,30.02,0.01,23,69030,买盘
10:53:33,30.01,-0.01,1,3001,卖盘
10:53:36,30.02,0.01,10,30020,买盘
10:53:39,30.02,0.0,50,150073,买盘
10:53:42,30.02,0.0,1,3002,中性盘
10:53:45,30.01,-0.01,131,393198,卖盘
10:53:48,30.02,0.01,18,54050,中性盘
10:53:51,30.02,0.0,8,24022,卖盘
10:53:54,30.02,0.0,7,21015,卖盘
10:53:57,30.02,0.0,24,72048,卖盘
10:54:00,30.03,0.01,19,57047,买盘
10:54:03,30.02,-0.01,13,39029,卖盘
10:54:06,30.02,0.0,154,462241,卖盘
10:54:08,30.01,-0.01,43,129065,卖盘
10:54:12,30.02,0.01,150,450339,买盘
10:54:15,30.02,0.0,38,114076,卖盘
10:54:18,30.02,0.0,14,42028,卖盘
10:54:21,30.02,0.0,27,81060,卖盘
10:54:23,30.03,0.01,115,345236,买盘
10:54:27,30.02,-0.01,96,288243,卖盘
10:54:30,30.02,0.0,18,54042,卖盘
10:54:33,30.02,0.0,40,120081,卖盘
10:54:36,30.02,0.0,54,162108,卖盘
10:54:39,30.02,0.0,122,366256,卖盘
10:54:41,30.03,0.01,20,60047,买盘
10:54:45,30.02,-0.01,127,381254,卖盘
10:54:48,30.02,0.0,8,24016,卖盘
10:54:50,30.03,0.01,9,27024,买盘
10:54:54,30.02,-0.01,29,87059,卖盘
10:54:57,30.02,0.0,8,24016,卖盘
10:55:00,30.03,0.01,16,48043,买盘
10:55:06,30.02,-0.01,166,498339,卖盘
10:55:08,30.02,0.0,12,36025,卖盘
10:55:12,30.03,0.01,6,18018,买盘
10:55:14,30.02,-0.01,112,336224,卖盘
10:55:17,30.02,0.0,6,18016,卖盘
10:55:21,30.02,0.0,14,42034,卖盘
10:55:23,30.02,0.0,112,336225,卖盘
10:55:27,30.02,0.0,15,45030,卖盘
10:55:30,30.02,0.0,27,81060,卖盘
10:55:32,30.02,0.0,22,66044,卖盘
10:55:36,30.02,0.0,265,795592,卖盘
10:55:39,30.0,-0.02,1905,5715633,卖盘
10:55:42,30.0,0.0,1165,3495039,卖盘
10:55:45,30.02,0.02,178,534131,买盘
10:55:48,30.0,-0.02,25,75004,卖盘
10:55:51,30.02,0.02,17,51025,买盘
10:55:54,30.02,0.0,8,24009,买盘
10:55:59,30.01,-0.01,17,51023,卖盘
10:56:03,30.01,0.0,120,360186,卖盘
10:56:06,30.01,0.0,130,390130,卖盘
10:56:09,30.02,0.01,3,9006,买盘
10:56:12,30.01,-0.01,54,162092,卖盘
10:56:18,30.01,0.0,172,516455,卖盘
10:56:21,30.03,0.02,38,114085,中性盘
10:56:24,30.03,0.0,179,537537,卖盘
10:56:27,30.03,0.0,452,1357704,卖盘
10:56:29,30.04,0.01,16,48671,中性盘
10:56:33,30.04,0.0,128,384540,卖盘
10:56:36,30.04,0.0,20,60080,卖盘
10:56:39,30.05,0.01,331,994655,买盘
10:56:42,30.05,0.0,9,27045,卖盘
10:56:44,30.05,0.0,109,327545,卖盘
10:56:47,30.05,0.0,94,282526,卖盘
10:56:50,30.06,0.01,104,312569,买盘
10:56:54,30.06,0.0,72,216382,买盘
10:56:56,30.05,-0.01,583,1751922,卖盘
10:57:00,30.05,0.0,37,111196,卖盘
10:57:03,30.06,0.01,333,1000724,买盘
10:57:06,30.05,-0.01,492,1477414,卖盘
10:57:09,30.05,0.0,228,685141,卖盘
10:57:12,30.05,0.0,108,324423,卖盘
10:57:15,30.05,0.0,76,228265,买盘
10:57:18,30.0,-0.05,9,27010,卖盘
10:57:20,30.02,0.02,6,18012,买盘
10:57:23,30.0,-0.02,213,639200,卖盘
10:57:26,30.03,0.03,63,189147,买盘
10:57:29,30.01,-0.02,24,72030,卖盘
10:57:32,30.01,0.0,67,201068,卖盘
10:57:35,30.01,0.0,67,201126,买盘
10:57:39,30.02,0.01,36,108072,买盘
10:57:42,30.0,-0.02,173,519203,卖盘
10:57:44,30.0,0.0,156,468030,卖盘
10:57:48,30.0,0.0,35,105000,卖盘
10:57:51,30.0,0.0,68,204024,卖盘
10:57:54,30.02,0.02,59,175624,买盘
10:57:57,30.02,0.0,23,69041,买盘
10:57:59,30.03,0.01,49,147072,买盘
10:58:03,30.02,-0.01,40,120079,卖盘
10:58:05,30.02,0.0,219,657334,买盘
10:58:09,30.02,0.0,106,318206,卖盘
10:58:12,30.02,0.0,13,39032,卖盘
10:58:14,30.03,0.01,19,57054,买盘
10:58:17,30.02,-0.01,8,24016,卖盘
10:58:21,30.01,-0.01,146,438265,卖盘
10:58:24,30.0,-0.01,149,447117,卖盘
10:58:27,30.02,0.02,25,75020,卖盘
10:58:30,30.02,0.0,15,45030,卖盘
10:58:33,30.01,-0.01,14,42026,卖盘
10:58:39,30.02,0.01,1,3002,买盘
10:58:42,30.01,-0.01,24,72030,卖盘
10:58:45,30.01,0.0,300,901149,卖盘
10:58:48,30.01,0.0,2,6002,卖盘
10:58:51,30.01,0.0,7,21013,卖盘
10:58:54,30.02,0.01,20,60040,买盘
10:58:56,30.02,0.0,5,15010,买盘
10:59:00,30.02,0.0,84,252114,买盘
10:59:03,30.01,-0.01,1,3001,卖盘
10:59:05,30.01,0.0,142,426153,卖盘
10:59:09,30.02,0.01,1,3002,买盘
10:59:12,30.02,0.0,27,81049,买盘
10:59:15,30.02,0.0,105,315168,买盘
10:59:17,30.02,0.0,5,15010,卖盘
10:59:20,30.02,0.0,10,30026,卖盘
10:59:23,30.02,0.0,162,486326,卖盘
10:59:27,30.02,0.0,68,204136,卖盘
10:59:30,30.03,0.01,11,33028,买盘
10:59:33,30.02,-0.01,228,684456,卖盘
10:59:39,30.02,0.0,72,216145,卖盘
10:59:42,30.03,0.01,44,132087,买盘
10:59:45,30.02,-0.01,114,342119,中性盘
10:59:48,30.01,-0.01,25,75016,卖盘
10:59:51,30.02,0.01,12,36023,买盘
10:59:54,30.02,0.0,4,12008,中性盘
10:59:57,30.02,0.0,43,129086,卖盘
10:59:59,30.02,0.0,42,126108,卖盘
11:00:03,30.02,0.0,80,240161,卖盘
11:00:06,30.02,0.0,134,402117,卖盘
11:00:09,30.02,0.0,3,9004,买盘
11:00:12,30.02,0.0,21,63041,买盘
11:00:15,30.03,0.01,2,6005,买盘
11:00:20,30.02,-0.01,96,288195,卖盘
11:00:24,30.02,0.0,220,660551,卖盘
11:00:27,30.02,0.0,94,282210,卖盘
11:00:30,30.03,0.01,10,30026,买盘
11:00:33,30.04,0.01,10,30030,买盘
11:00:36,30.05,0.01,81,243313,买盘
11:00:38,30.04,-0.01,19,57076,卖盘
11:00:42,30.05,0.01,39,117195,买盘
11:00:44,30.04,-0.01,383,1150767,卖盘
11:00:48,30.05,0.01,12,36057,中性盘
11:00:50,30.06,0.01,110,330654,买盘
11:00:53,30.06,0.0,11,33066,卖盘
11:00:57,30.07,0.01,473,1422260,买盘
11:01:00,30.08,0.01,293,881341,买盘
11:01:03,30.09,0.01,390,1173469,买盘
11:01:06,30.09,0.0,193,580754,卖盘
11:01:09,30.09,0.0,78,234776,卖盘
11:01:12,30.1,0.01,1096,3299090,买盘
11:01:15,30.12,0.02,89,268066,买盘
11:01:18,30.12,0.0,18,54199,买盘
11:01:21,30.12,0.0,64,192739,买盘
11:01:24,30.1,-0.02,337,1014847,卖盘
11:01:27,30.12,0.02,18,54182,买盘
11:01:29,30.12,0.0,11,33132,买盘
11:01:33,30.1,-0.02,198,596306,卖盘
11:01:36,30.1,0.0,160,481906,卖盘
11:01:39,30.1,0.0,54,162648,卖盘
11:01:42,30.12,0.02,43,129516,买盘
11:01:45,30.12,0.0,123,370291,卖盘
11:01:47,30.12,0.0,20,60240,卖盘
11:01:54,30.13,0.01,200,602544,买盘
11:01:57,30.14,0.01,43,129595,买盘
11:01:59,30.14,0.0,25,75338,买盘
11:02:03,30.13,-0.01,31,93425,卖盘
11:02:05,30.14,0.01,157,473089,买盘
11:02:08,30.14,0.0,134,403807,买盘
11:02:12,30.13,-0.01,29,87394,卖盘
11:02:15,30.14,0.01,12,36168,买盘
11:02:18,30.13,-0.01,14,42187,卖盘
11:02:21,30.14,0.01,15,45208,买盘
11:02:24,30.13,-0.01,231,696043,卖盘
11:02:27,30.13,0.0,183,551237,买盘
11:02:30,30.13,0.0,32,96357,买盘
11:02:32,30.11,-0.02,13,39162,中性盘
11:02:36,30.1,-0.01,18,54200,卖盘
11:02:38,30.11,0.01,3,9033,买盘
11:02:41,30.1,-0.01,2,6020,卖盘
11:02:45,30.11,0.01,196,589998,买盘
11:02:47,30.1,-0.01,23,69244,卖盘
11:02:51,30.1,0.0,42,126423,卖盘
11:02:53,30.11,0.01,14,42141,买盘
11:02:57,30.1,-0.01,16,48160,卖盘
11:03:00,30.1,0.0,73,219782,卖盘
11:03:03,30.1,0.0,1,3010,卖盘
11:03:06,30.1,0.0,340,1023416,卖盘
11:03:09,30.1,0.0,70,210703,卖盘
11:03:12,30.1,0.0,78,234792,卖盘
11:03:15,30.1,0.0,234,704512,卖盘
11:03:18,30.11,0.01,39,117426,买盘
11:03:20,30.1,-0.01,64,192667,卖盘
11:03:24,30.11,0.01,128,385283,中性盘
11:03:27,30.1,-0.01,34,102340,卖盘
11:03:29,30.1,0.0,6,18060,卖盘
11:03:33,30.1,0.0,79,237841,卖盘
11:03:36,30.09,-0.01,29,87284,卖盘
11:03:39,30.1,0.01,14,42140,买盘
11:03:41,30.09,-0.01,11,33105,卖盘
11:03:44,30.09,0.0,132,397190,卖盘
11:03:50,30.09,0.0,56,168510,卖盘
11:03:54,30.1,0.01,31,93310,买盘
11:03:57,30.1,0.0,16,48160,卖盘
11:03:59,30.1,0.0,15,45150,卖盘
11:04:02,30.1,0.0,1,3010,卖盘
11:04:06,30.01,-0.09,321,965711,卖盘
11:04:09,30.07,0.06,36,108248,买盘
11:04:12,30.06,-0.01,15,45100,卖盘
11:04:15,30.06,0.0,36,108216,卖盘
11:04:18,30.01,-0.05,23,69137,卖盘
11:04:20,30.06,0.05,17,51102,买盘
11:04:24,30.04,-0.02,111,333099,中性盘
11:04:27,30.01,-0.03,55,165100,卖盘
11:04:30,30.02,0.01,12,36035,中性盘
11:04:33,30.03,0.01,13,39044,中性盘
11:04:36,30.02,-0.01,44,132106,卖盘
11:04:39,30.04,0.02,22,66078,买盘
11:04:42,30.04,0.0,6,18024,买盘
11:04:45,30.01,-0.03,170,510407,卖盘
11:04:48,30.03,0.02,45,135134,中性盘
11:04:51,30.04,0.01,12,36038,买盘
11:04:54,30.04,0.0,15,45061,卖盘
11:04:57,30.04,0.0,12,36048,卖盘
11:04:59,30.05,0.01,8,24040,买盘
11:05:02,30.04,-0.01,7,21028,卖盘
11:05:06,30.04,0.0,128,384347,卖盘
11:05:08,30.05,0.01,7,21034,买盘
11:05:12,30.05,0.0,6,18030,买盘
11:05:15,30.04,-0.01,1,3004,卖盘
11:05:18,30.05,0.01,68,204284,买盘
11:05:21,30.04,-0.01,10,30048,卖盘
11:05:24,30.04,0.0,110,330441,卖盘
11:05:26,30.04,0.0,24,72099,卖盘
11:05:29,30.05,0.01,7,21035,买盘
11:05:33,30.04,-0.01,39,117158,卖盘
11:05:36,30.04,0.0,130,390343,买盘
11:05:38,30.04,0.0,15,45060,卖盘
11:05:42,30.04,0.0,57,171298,卖盘
11:05:44,30.05,0.01,122,366372,买盘
11:05:47,30.04,-0.01,66,198244,卖盘
11:05:50,30.05,0.01,16,48084,买盘
11:05:53,30.05,0.0,7,21036,卖盘
11:05:57,30.05,0.0,47,141235,卖盘
11:05:59,30.06,0.01,38,114199,买盘
11:06:03,30.05,-0.01,6,18035,卖盘
11:06:06,30.05,0.0,149,447782,卖盘
11:06:09,30.05,0.0,22,66140,卖盘
11:06:12,30.06,0.01,10,30060,中性盘
11:06:15,30.06,0.0,37,111222,卖盘
11:06:18,30.06,0.0,7,21042,卖盘
11:06:20,30.06,0.0,61,183372,卖盘
11:06:23,30.07,0.01,112,336675,买盘
11:06:27,30.06,-0.01,61,183366,卖盘
11:06:30,30.06,0.0,22,66141,买盘
11:06:32,30.06,0.0,1,3006,卖盘
11:06:36,30.06,0.0,57,171342,卖盘
11:06:38,30.06,0.0,5,15031,卖盘
11:06:42,30.06,0.0,44,132270,卖盘
11:06:45,30.06,0.0,173,520038,卖盘
11:06:47,30.07,0.01,18,54111,买盘
11:06:50,30.06,-0.01,34,102212,卖盘
11:06:53,30.07,0.01,8,24056,买盘
11:06:57,30.07,0.0,3,9021,买盘
11:06:59,30.07,0.0,40,120280,买盘
11:07:03,30.06,-0.01,6,18036,卖盘
11:07:05,30.06,0.0,124,372744,卖盘
11:07:09,30.07,0.01,2,6014,买盘
11:07:12,30.06,-0.01,13,39086,卖盘
11:07:15,30.06,0.0,80,240500,卖盘
11:07:18,30.07,0.01,1,3007,买盘
11:07:21,30.06,-0.01,33,99204,卖盘
11:07:24,30.03,-0.03,112,336545,卖盘
11:07:27,30.03,0.0,42,126114,买盘
11:07:30,30.05,0.02,7,21023,中性盘
11:07:33,30.02,-0.03,9,27022,卖盘
11:07:35,30.05,0.03,3,9011,中性盘
11:07:38,30.05,0.0,1,3005,买盘
11:07:41,30.05,0.0,6,18030,买盘
11:07:45,30.03,-0.02,125,375266,卖盘
11:07:48,30.03,0.0,23,69053,买盘
11:07:51,30.02,-0.01,45,135096,卖盘
11:07:54,30.02,0.0,51,153103,卖盘
11:07:56,30.03,0.01,1,3003,买盘
11:08:00,30.03,0.0,13,39039,买盘
11:08:02,30.03,0.0,7,21020,买盘
11:08:05,30.03,0.0,144,432301,买盘
11:08:09,30.03,0.0,26,78073,买盘
11:08:12,30.02,-0.01,43,129094,卖盘
11:08:15,30.02,0.0,8,24016,卖盘
11:08:17,30.03,0.01,36,108108,卖盘
11:08:20,30.03,0.0,12,36042,卖盘
11:08:24,30.03,0.0,130,390429,卖盘
11:08:27,30.03,0.0,47,141128,卖盘
11:08:29,30.04,0.01,6,18024,买盘
11:08:32,30.03,-0.01,4,12012,卖盘
11:08:35,30.03,0.0,3,9009,卖盘
11:08:38,30.04,0.01,5,15020,买盘
11:08:42,30.03,-0.01,50,150156,卖盘
11:08:45,30.03,0.0,129,387394,卖盘
11:08:47,30.03,0.0,21,63080,卖盘
11:08:51,30.04,0.01,13,39049,买盘
11:08:53,30.03,-0.01,180,540555,卖盘
11:08:56,30.04,0.01,98,294362,买盘
11:08:59,30.04,0.0,186,558764,卖盘
11:09:03,30.05,0.01,41,123200,买盘
11:09:05,30.06,0.01,174,522718,买盘
11:09:09,30.05,-0.01,12,36060,卖盘
11:09:11,30.04,-0.01,134,402625,卖盘
11:09:15,30.05,0.01,9,27045,卖盘
11:09:18,30.05,0.0,72,216360,卖盘
11:09:21,30.06,0.01,55,165288,买盘
11:09:24,30.05,-0.01,147,441768,卖盘
11:09:27,30.05,0.0,18,54091,卖盘
11:09:30,30.06,0.01,22,66132,买盘
11:09:33,30.06,0.0,50,150300,买盘
11:09:36,30.06,0.0,8,24048,卖盘
11:09:39,30.06,0.0,42,126253,卖盘
11:09:42,30.06,0.0,16,48104,卖盘
11:09:45,30.07,0.01,149,447915,买盘
11:09:48,30.06,-0.01,16,48109,卖盘
11:09:50,30.06,0.0,12,36078,卖盘
11:09:53,30.07,0.01,39,117273,买盘
11:09:57,30.06,-0.01,3,9018,卖盘
11:10:00,30.07,0.01,24,72159,买盘
11:10:03,30.06,-0.01,102,306612,卖盘
11:10:06,30.07,0.01,165,495998,买盘
11:10:09,30.07,0.0,79,237502,买盘
11:10:12,30.07,0.0,17,51119,买盘
11:10:15,30.06,-0.01,23,69138,卖盘
11:10:17,30.06,0.0,271,814786,卖盘
11:10:21,30.08,0.02,35,105247,买盘
11:10:23,30.06,-0.02,109,327740,卖盘
11:10:27,30.08,0.02,20,60145,买盘
11:10:29,30.08,0.0,6,18048,买盘
11:10:33,30.07,-0.01,7,21049,卖盘
11:10:35,30.08,0.01,7,21054,买盘
11:10:39,30.07,-0.01,180,541261,卖盘
11:10:41,30.08,0.01,51,153391,买盘
11:10:45,30.07,-0.01,160,481144,卖盘
11:10:48,30.07,0.0,90,269973,卖盘
11:10:51,30.07,0.0,58,174422,卖盘
11:10:54,30.07,0.0,22,66156,卖盘
11:10:56,30.07,0.0,15,45105,卖盘
11:11:00,30.08,0.01,25,75192,买盘
11:11:03,30.08,0.0,51,153397,买盘
11:11:06,30.07,-0.01,176,529181,卖盘
11:11:09,30.08,0.01,41,123303,买盘
11:11:12,30.06,-0.02,61,183442,卖盘
11:11:15,30.06,0.0,42,126252,卖盘
11:11:17,30.07,0.01,5,15035,买盘
11:11:21,30.06,-0.01,47,141295,卖盘
11:11:24,30.07,0.01,149,447929,买盘
11:11:27,30.06,-0.01,36,108235,卖盘
11:11:29,30.07,0.01,7,21049,买盘
11:11:33,30.07,0.0,7,21048,买盘
11:11:35,30.06,-0.01,61,183371,卖盘
11:11:39,30.07,0.01,8,24049,买盘
11:11:41,30.07,0.0,11,33076,买盘
11:11:45,30.06,-0.01,125,375751,卖盘
11:11:48,30.06,0.0,7,21044,卖盘
11:11:51,30.06,0.0,28,84174,卖盘
11:11:54,30.05,-0.01,54,162985,卖盘
11:11:57,30.06,0.01,24,71477,买盘
11:12:00,30.07,0.01,16,48112,买盘
11:12:03,30.06,-0.01,64,192387,卖盘
11:12:06,30.06,0.0,169,507933,卖盘
11:12:08,30.07,0.01,1,3007,买盘
11:12:12,30.05,-0.02,97,291576,卖盘
11:12:15,30.06,0.01,133,399789,买盘
11:12:17,30.06,0.0,93,279547,买盘
11:12:20,30.06,0.0,43,129259,卖盘
11:12:24,30.05,-0.01,112,336667,卖盘
11:12:27,30.07,0.02,17,51094,买盘
11:12:30,30.07,0.0,9,27060,买盘
11:12:33,30.06,-0.01,60,180378,卖盘
11:12:35,30.07,0.01,92,276621,买盘
11:12:39,30.06,-0.01,16,48097,卖盘
11:12:42,30.07,0.01,9,27062,买盘
11:12:44,30.06,-0.01,138,414850,卖盘
11:12:48,30.06,0.0,1,3006,卖盘
11:12:51,30.07,0.01,16,48104,买盘
11:12:53,30.07,0.0,2,6014,买盘
11:12:57,30.07,0.0,1,3007,买盘
11:12:59,30.07,0.0,130,390910,买盘
11:13:02,30.07,0.0,138,414910,买盘
11:13:05,30.06,-0.01,142,426852,卖盘
11:13:09,30.07,0.01,47,141328,买盘
11:13:11,30.06,-0.01,14,42091,卖盘
11:13:18,30.06,0.0,2,6012,卖盘
11:13:21,30.07,0.01,135,405942,买盘
11:13:24,30.06,-0.01,154,462995,卖盘
11:13:27,30.07,0.01,36,108237,买盘
11:13:30,30.07,0.0,155,466189,卖盘
11:13:33,30.07,0.0,45,135315,卖盘
11:13:35,30.07,0.0,6,18047,卖盘
11:13:39,30.08,0.01,14,42107,买盘
11:13:42,30.1,0.02,258,776068,买盘
11:13:45,30.07,-0.03,155,466089,卖盘
11:13:48,30.08,0.01,105,315769,买盘
11:13:50,30.08,0.0,12,36096,卖盘
11:13:53,30.08,0.0,8,24068,卖盘
11:13:57,30.08,0.0,17,51136,卖盘
11:13:59,30.1,0.02,106,319040,买盘
11:14:03,30.1,0.0,75,225619,买盘
11:14:06,30.1,0.0,145,436072,买盘
11:14:08,30.08,-0.02,113,340244,卖盘
11:14:12,30.1,0.02,20,60200,中性盘
11:14:15,30.1,0.0,2,6020,卖盘
11:14:18,30.1,0.0,84,252851,卖盘
11:14:20,30.1,0.0,62,186650,卖盘
11:14:24,30.1,0.0,129,388300,卖盘
11:14:26,30.11,0.01,94,282980,买盘
11:14:30,30.1,-0.01,78,234817,卖盘
11:14:33,30.11,0.01,59,177570,买盘
11:14:36,30.08,-0.03,7,21059,卖盘
11:14:38,30.09,0.01,53,159497,买盘
11:14:41,30.11,0.02,20,60208,买盘
11:14:45,30.12,0.01,230,692352,买盘
11:14:47,30.1,-0.02,30,90295,买盘
11:14:51,30.1,0.0,13,39119,买盘
11:14:53,30.1,0.0,37,111390,卖盘
11:14:57,30.09,-0.01,5,15047,卖盘
11:15:00,30.09,0.0,40,120362,卖盘
11:15:03,30.11,0.02,47,141472,买盘
11:15:05,30.1,-0.01,158,475091,中性盘
11:15:09,30.1,0.0,2,6020,买盘
11:15:12,30.1,0.0,47,141471,买盘
11:15:15,30.07,-0.03,41,123417,卖盘
11:15:18,30.1,0.03,24,72240,买盘
11:15:21,30.1,0.0,100,301046,买盘
11:15:24,30.11,0.01,196,589509,买盘
11:15:27,30.09,-0.02,44,132369,卖盘
11:15:30,30.09,0.0,16,48144,买盘
11:15:32,30.08,-0.01,16,48134,卖盘
11:15:36,30.06,-0.02,29,87195,卖盘
11:15:39,30.08,0.02,19,57097,买盘
11:15:41,30.08,0.0,3,9024,买盘
11:15:44,30.08,0.0,130,390520,买盘
11:15:48,30.09,0.01,21,63087,买盘
11:15:51,30.08,-0.01,4,12032,中性盘
11:15:54,30.09,0.01,14,42113,买盘
11:15:57,30.08,-0.01,30,90240,卖盘
11:16:00,30.08,0.0,210,631855,买盘
11:16:03,30.08,0.0,68,204557,卖盘
11:16:05,30.08,0.0,181,544021,卖盘
11:16:09,30.09,0.01,4,12033,买盘
11:16:12,30.08,-0.01,203,610772,卖盘
11:16:14,30.08,0.0,73,219597,卖盘
11:16:17,30.08,0.0,153,460237,卖盘
11:16:20,30.09,0.01,99,297845,买盘
11:16:24,30.08,-0.01,163,490317,卖盘
11:16:26,30.09,0.01,127,382056,买盘
11:16:30,30.08,-0.01,21,63174,卖盘
11:16:33,30.09,0.01,14,42117,买盘
11:16:36,30.08,-0.01,56,168476,卖盘
11:16:39,30.09,0.01,8,24071,买盘
11:16:41,30.09,0.0,37,111326,买盘
11:16:44,30.03,-0.06,128,384782,卖盘
11:16:47,30.05,0.02,32,96182,中性盘
11:16:50,30.09,0.04,6,18054,买盘
11:16:54,30.09,0.0,3,9023,买盘
11:16:57,30.05,-0.04,51,153291,卖盘
11:16:59,30.09,0.04,6,18054,买盘
11:17:03,30.06,-0.03,3,9017,中性盘
11:17:05,30.05,-0.01,184,552847,卖盘
11:17:08,30.03,-0.02,29,87169,卖盘
11:17:12,30.05,0.02,11,33058,买盘
11:17:14,30.08,0.03,23,69103,买盘
11:17:18,30.03,-0.05,46,138166,卖盘
11:17:21,30.08,0.05,9,27058,买盘
11:17:24,30.03,-0.05,128,384408,卖盘
11:17:27,30.05,0.02,73,219225,买盘
11:17:30,30.05,0.0,40,120207,卖盘
11:17:33,30.05,0.0,17,51089,卖盘
11:17:36,30.02,-0.03,42,126137,卖盘
11:17:39,30.02,0.0,77,231208,卖盘
11:17:42,30.01,-0.01,97,291239,卖盘
11:17:45,30.01,0.0,207,621250,卖盘
11:17:48,30.01,0.0,53,159053,卖盘
11:17:50,30.02,0.01,159,477196,买盘
11:17:54,30.0,-0.02,102,306053,卖盘
11:17:57,30.03,0.03,103,309146,买盘
11:18:00,30.02,-0.01,36,108134,卖盘
11:18:02,30.02,0.0,1,3002,中性盘
11:18:06,30.0,-0.02,122,366075,卖盘
11:18:09,30.04,0.04,2,6006,买盘
11:18:12,30.02,-0.02,69,207150,卖盘
11:18:14,30.02,0.0,1,3002,卖盘
11:18:18,30.02,0.0,2,6004,卖盘
11:18:21,30.03,0.01,7,21020,买盘
11:18:24,30.03,0.0,248,744657,中性盘
11:18:27,30.03,0.0,33,99073,卖盘
11:18:30,30.03,0.0,42,126132,卖盘
11:18:33,30.03,0.0,31,93084,买盘
11:18:36,30.04,0.01,1,3004,买盘
11:18:39,30.03,-0.01,3,9009,卖盘
11:18:40,30.04,0.01,40,120127,买盘
11:18:45,30.03,-0.01,109,327327,卖盘
11:18:48,30.03,0.0,102,306349,卖盘
11:18:51,30.03,0.0,55,165172,卖盘
11:18:54,30.01,-0.02,119,357293,卖盘
11:18:56,30.03,0.02,12,36036,买盘
11:19:00,30.03,0.0,73,219219,买盘
11:19:03,30.02,-0.01,17,51034,卖盘
11:19:06,30.02,0.0,137,411209,卖盘
11:19:09,30.01,-0.01,64,192137,卖盘
11:19:12,30.01,0.0,8,24014,卖盘
11:19:15,30.02,0.01,32,96063,买盘
11:19:18,30.01,-0.01,42,126042,卖盘
11:19:21,30.01,0.0,31,93022,买盘
11:19:24,30.01,0.0,210,630134,买盘
11:19:26,30.01,0.0,39,117010,卖盘
11:19:29,30.0,-0.01,41,123023,卖盘
11:19:32,30.0,0.0,64,192001,卖盘
11:19:36,30.01,0.01,14,42006,中性盘
11:19:39,30.02,0.01,3,9005,买盘
11:19:42,30.01,-0.01,22,66028,卖盘
11:19:44,30.01,0.0,136,408079,卖盘
11:19:48,30.01,0.0,2,6002,卖盘
11:19:51,30.01,0.0,43,129050,卖盘
11:19:54,30.02,0.01,22,66023,买盘
11:19:57,30.01,-0.01,38,114041,卖盘
11:20:00,30.01,0.0,21,63032,卖盘
11:20:02,30.01,0.0,1,3001,卖盘
11:20:06,30.01,0.0,137,411066,卖盘
11:20:09,30.02,0.01,62,186065,买盘
11:20:11,30.01,-0.01,7,21013,卖盘
11:20:15,30.01,0.0,13,39013,卖盘
11:20:21,30.01,0.0,61,183085,卖盘
11:20:24,30.01,0.0,112,336113,卖盘
11:20:27,30.02,0.01,31,93047,买盘
11:20:30,30.02,0.0,109,327218,买盘
11:20:33,30.02,0.0,60,180085,买盘
11:20:36,30.02,0.0,11,33022,卖盘
11:20:38,30.03,0.01,12,36026,买盘
11:20:42,30.02,-0.01,21,63058,卖盘
11:20:45,30.01,-0.01,126,378242,卖盘
11:20:47,30.02,0.01,23,69046,卖盘
11:20:51,30.02,0.0,6,18012,买盘
11:20:54,30.01,-0.01,3,9005,卖盘
11:20:57,30.02,0.01,15,45030,买盘
11:20:59,30.02,0.0,11,33017,买盘
11:21:03,30.01,-0.01,1,3001,卖盘
11:21:06,30.01,0.0,161,483163,卖盘
11:21:09,30.01,0.0,5,15005,卖盘
11:21:11,30.02,0.01,233,699466,买盘
11:21:15,30.02,0.0,46,138051,买盘
11:21:18,30.01,-0.01,37,111066,卖盘
11:21:21,30.01,0.0,24,72030,卖盘
11:21:24,30.02,0.01,138,414276,买盘
11:21:27,30.02,0.0,20,60040,卖盘
11:21:30,30.03,0.01,10,30027,买盘
11:21:33,30.02,-0.01,8,24016,卖盘
11:21:36,30.02,0.0,50,150100,卖盘
11:21:39,30.02,0.0,10,30021,卖盘
11:21:42,30.03,0.01,37,111111,买盘
11:21:45,30.03,0.0,133,399399,卖盘
11:21:48,30.02,-0.01,114,342332,卖盘
11:21:51,30.02,0.0,26,78060,卖盘
11:21:54,30.02,0.0,30,90060,卖盘
11:21:57,30.03,0.01,7,21017,买盘
11:22:00,30.03,0.0,33,99093,买盘
11:22:03,30.02,-0.01,10,30020,卖盘
11:22:06,30.02,0.0,124,372242,卖盘
11:22:09,30.03,0.01,15,45031,买盘
11:22:11,30.02,-0.01,7,21020,卖盘
11:22:15,30.02,0.0,1,3002,卖盘
11:22:18,30.03,0.01,57,171115,买盘
11:22:21,30.02,-0.01,7,21020,卖盘
11:22:23,30.02,0.0,114,342230,卖盘
11:22:27,30.03,0.01,418,1255229,买盘
11:22:30,30.04,0.01,143,429436,买盘
11:22:33,30.03,-0.01,26,78079,卖盘
11:22:36,30.03,0.0,6,18018,卖盘
11:22:39,30.04,0.01,9,27036,买盘
11:22:42,30.03,-0.01,14,42048,卖盘
11:22:45,30.03,0.0,109,327327,卖盘
11:22:48,30.03,0.0,27,81081,卖盘
11:22:50,30.04,0.01,12,36042,买盘
11:22:54,30.04,0.0,8,24028,买盘
11:22:57,30.03,-0.01,13,39039,卖盘
11:23:00,30.04,0.01,9,27036,买盘
11:23:02,30.03,-0.01,2,6006,卖盘
11:23:05,30.03,0.0,122,366366,卖盘
11:23:09,30.04,0.01,2,6007,买盘
11:23:12,30.03,-0.01,26,78094,卖盘
11:23:18,30.03,0.0,83,249254,卖盘
11:23:21,30.03,0.0,15,45051,卖盘
11:23:24,30.04,0.01,139,417372,买盘
11:23:27,30.04,0.0,70,210251,买盘
11:23:30,30.01,-0.03,87,261235,卖盘
11:23:33,30.01,0.0,11,33021,卖盘
11:23:39,30.03,0.02,1,3003,买盘
11:23:42,30.03,0.0,12,36031,买盘
11:23:44,30.01,-0.02,125,375216,卖盘
11:23:48,30.01,0.0,1,3001,卖盘
11:23:49,30.02,0.01,7,21020,中性盘
11:23:54,30.02,0.0,40,120076,卖盘
11:23:56,30.01,-0.01,8,24009,卖盘
11:24:00,30.01,0.0,82,246093,卖盘
11:24:03,30.01,0.0,20,60025,卖盘
11:24:06,30.01,0.0,149,447149,卖盘
11:24:09,30.02,0.01,1,3002,买盘
11:24:12,30.02,0.0,15,45030,买盘
11:24:15,30.01,-0.01,1,3001,卖盘
11:24:17,30.01,0.0,4,12006,卖盘
11:24:21,30.01,0.0,21,63027,卖盘
11:24:24,30.01,0.0,200,600389,卖盘
11:24:27,30.02,0.01,12,36024,卖盘
11:24:29,30.03,0.01,6,18018,买盘
11:24:33,30.02,-0.01,113,339221,卖盘
11:24:38,30.03,0.01,116,348233,买盘
11:24:42,30.02,-0.01,26,78061,卖盘
11:24:45,30.02,0.0,130,390204,卖盘
11:24:47,30.02,0.0,21,63045,卖盘
11:24:51,30.02,0.0,79,237165,卖盘
11:24:52,30.02,0.0,78,234177,卖盘
11:24:57,30.02,0.0,119,357249,卖盘
11:25:00,30.03,0.01,16,48038,买盘
11:25:03,30.02,-0.01,64,192151,卖盘
11:25:05,30.03,0.01,130,390263,买盘
11:25:09,30.03,0.0,44,132090,买盘
11:25:12,30.02,-0.01,26,78068,卖盘
11:25:14,30.02,0.0,13,39036,卖盘
11:25:18,30.02,0.0,23,69046,卖盘
11:25:21,30.03,0.01,24,72054,买盘
11:25:24,30.01,-0.02,113,339153,卖盘
11:25:27,30.03,0.02,34,102053,买盘
11:25:30,30.02,-0.01,13,39032,卖盘
11:25:33,30.01,-0.01,63,189125,卖盘
11:25:36,30.02,0.01,281,843828,买盘
11:25:39,30.03,0.01,17,51051,中性盘
11:25:42,30.04,0.01,6,18024,买盘
11:25:45,30.01,-0.03,183,549539,卖盘
11:25:46,30.01,0.0,29,87057,卖盘
11:25:51,30.02,0.01,14,42028,买盘
11:25:54,30.02,0.0,6,18012,卖盘
11:25:57,30.02,0.0,15,45030,卖盘
11:26:00,30.03,0.01,36,108131,买盘
11:26:03,30.03,0.0,13,39039,卖盘
11:26:06,30.03,0.0,113,339339,卖盘
11:26:09,30.03,0.0,7,21021,卖盘
11:26:10,30.04,0.01,12,36043,买盘
11:26:15,30.05,0.01,40,120173,买盘
11:26:16,30.03,-0.02,6,18019,卖盘
11:26:21,30.05,0.02,10,30049,买盘
11:26:24,30.03,-0.02,109,327327,卖盘
11:26:27,30.05,0.02,15,45047,买盘
11:26:30,30.05,0.0,13,39065,买盘
11:26:33,30.04,-0.01,11,33054,卖盘
11:26:36,30.04,0.0,26,78123,卖盘
11:26:39,30.05,0.01,39,117187,买盘
11:26:42,30.04,-0.01,11,33050,卖盘
11:26:45,30.04,0.0,151,453625,卖盘
11:26:48,30.05,0.01,20,60100,买盘
11:26:51,30.04,-0.01,64,192312,卖盘
11:26:52,30.04,0.0,23,69094,卖盘
11:26:57,30.04,0.0,33,99132,卖盘
11:27:00,30.05,0.01,14,42062,买盘
11:27:03,30.04,-0.01,10,30040,卖盘
11:27:06,30.04,0.0,5,15021,卖盘
11:27:09,30.04,0.0,63,189255,卖盘
11:27:12,30.05,0.01,40,120191,买盘
11:27:15,30.04,-0.01,1,3004,卖盘
11:27:18,30.05,0.01,300,901500,买盘
11:27:21,30.06,0.01,3,9018,买盘
11:27:24,30.06,0.0,48,144254,买盘
11:27:27,30.05,-0.01,90,270450,卖盘
11:27:30,30.06,0.01,43,129249,买盘
11:27:33,30.05,-0.01,52,156260,卖盘
11:27:36,30.06,0.01,35,105176,买盘
11:27:39,30.05,-0.01,3,9017,卖盘
11:27:42,30.06,0.01,51,153268,买盘
11:27:48,30.06,0.0,21,63126,买盘
11:27:51,30.05,-0.01,119,357602,卖盘
11:27:54,30.05,0.0,21,63107,卖盘
11:27:57,30.06,0.01,23,69137,买盘
11:28:00,30.06,0.0,32,96186,买盘
11:28:01,30.07,0.01,7,21045,买盘
11:28:04,30.06,-0.01,83,249498,卖盘
11:28:09,30.07,0.01,4,12028,买盘
11:28:10,30.06,-0.01,9,27061,卖盘
11:28:15,30.06,0.0,6,18036,卖盘
11:28:18,30.06,0.0,52,156312,卖盘
11:28:21,30.07,0.01,23,69154,买盘
11:28:24,30.07,0.0,200,601258,买盘
11:28:27,30.07,0.0,53,159664,买盘
11:28:30,30.07,0.0,17,51126,卖盘
11:28:33,30.08,0.01,22,66164,买盘
11:28:39,30.07,-0.01,11,33077,卖盘
11:28:40,30.08,0.01,25,75185,买盘
11:28:45,30.08,0.0,2,6016,买盘
11:28:48,30.08,0.0,62,186488,买盘
11:28:51,30.08,0.0,16,48128,买盘
11:28:54,30.07,-0.01,155,466085,卖盘
11:28:57,30.07,0.0,76,228540,卖盘
11:29:00,30.07,0.0,12,36090,卖盘
11:29:03,30.07,0.0,36,108286,卖盘
11:29:06,30.08,0.01,8,24058,买盘
11:29:09,30.08,0.0,2,6016,买盘
11:29:12,30.06,-0.02,305,916833,卖盘
11:29:15,30.06,0.0,380,1143211,卖盘
11:29:18,30.08,0.02,7,21056,卖盘
11:29:21,30.09,0.01,8,24070,买盘
11:29:24,30.09,0.0,9,27081,买盘
11:29:27,30.08,-0.01,144,433173,卖盘
11:29:31,30.08,0.0,26,78216,卖盘
11:29:33,30.09,0.01,10,30081,买盘
11:29:36,30.08,-0.01,64,192514,卖盘
11:29:39,30.08,0.0,41,123338,卖盘
11:29:42,30.08,0.0,20,60166,卖盘
11:29:45,30.08,0.0,13,39104,卖盘
11:29:48,30.09,0.01,57,171507,买盘
11:29:51,30.09,0.0,13,39110,买盘
11:29:54,30.08,-0.01,12,36104,卖盘
11:29:58,30.07,-0.01,111,333833,卖盘
11:30:00,30.07,0.0,33,99227,卖盘
13:00:01,30.1,0.03,182,547485,买盘
13:00:04,30.08,-0.02,1904,5727443,卖盘
13:00:06,30.08,0.0,173,520402,卖盘
13:00:09,30.11,0.03,81,243789,买盘
13:00:11,30.11,0.0,120,361013,买盘
13:00:16,30.1,-0.01,24,72259,卖盘
13:00:17,30.09,-0.01,88,264857,卖盘
13:00:20,30.09,0.0,31,93279,买盘
13:00:24,30.08,-0.01,122,366982,卖盘
13:00:27,30.09,0.01,50,150401,买盘
13:00:30,30.09,0.0,473,1422820,买盘
13:00:33,30.08,-0.01,92,276737,卖盘
13:00:36,30.08,0.0,243,731037,卖盘
13:00:39,30.08,0.0,103,309743,买盘
13:00:41,30.08,0.0,264,793803,买盘
13:00:46,30.08,0.0,220,661645,买盘
13:00:48,30.07,-0.01,16,48114,卖盘
13:00:52,30.07,0.0,219,658435,卖盘
13:00:56,30.09,0.02,4,12034,买盘
13:01:00,30.08,-0.01,253,760857,中性盘
13:01:02,30.05,-0.03,188,565505,卖盘
13:01:05,30.1,0.05,153,460278,买盘
13:01:09,30.09,-0.01,2,6018,卖盘
13:01:13,30.1,0.01,6,18060,买盘
13:01:14,30.08,-0.02,161,484325,卖盘
13:01:17,30.08,0.0,78,234632,买盘
13:01:22,30.1,0.02,11,33110,买盘
13:01:25,30.06,-0.04,221,663955,中性盘
13:01:28,30.08,0.02,50,150302,中性盘
13:01:30,30.07,-0.01,241,724453,中性盘
13:01:34,30.09,0.02,10,30082,买盘
13:01:36,30.08,-0.01,62,186505,卖盘
13:01:40,30.05,-0.03,81,243595,卖盘
13:01:42,30.06,0.01,27,81160,买盘
13:01:46,30.04,-0.02,202,606963,卖盘
13:01:49,30.04,0.0,86,258348,卖盘
13:01:52,30.04,0.0,165,496440,卖盘
13:01:55,30.03,-0.01,176,528724,卖盘
13:02:00,30.09,0.06,11,33093,买盘
13:02:03,30.06,-0.03,337,1013135,卖盘
13:02:10,30.1,0.04,8,24076,买盘
13:02:13,30.04,-0.06,193,580064,卖盘
13:02:16,30.1,0.06,3,9030,买盘
13:02:19,30.05,-0.05,117,351599,中性盘
13:02:22,30.05,0.0,47,141270,卖盘
13:02:25,30.05,0.0,122,366519,卖盘
13:02:26,30.04,-0.01,122,366601,卖盘
13:02:30,30.05,0.01,7,21035,中性盘
13:02:34,30.1,0.05,45,135376,买盘
13:02:37,30.05,-0.05,137,411685,卖盘
13:02:39,30.05,0.0,1,3005,卖盘
13:02:43,30.05,0.0,113,339592,卖盘
13:02:46,30.06,0.01,115,345690,中性盘
13:02:52,30.09,0.03,75,225606,买盘
13:02:55,30.11,0.02,248,746509,买盘
13:02:57,30.1,-0.01,2,6020,买盘
13:03:00,30.11,0.01,135,406349,买盘
13:03:03,30.1,-0.01,131,394218,卖盘
13:03:05,30.09,-0.01,202,607899,卖盘
13:03:10,30.09,0.0,23,69207,买盘
13:03:11,30.09,0.0,33,99337,买盘
13:03:16,30.06,-0.03,104,312822,卖盘
13:03:20,30.06,0.0,155,466083,卖盘
13:03:23,30.05,-0.01,193,580079,卖盘
13:03:28,30.05,0.0,445,1336218,卖盘
13:03:30,30.07,0.02,106,318546,买盘
13:03:34,30.01,-0.06,100,300485,卖盘
13:03:37,30.06,0.05,15,45078,买盘
13:03:40,30.06,0.0,232,697240,卖盘
13:03:43,30.07,0.01,3,9021,卖盘
13:03:46,30.07,0.0,274,823379,卖盘
13:03:49,30.05,-0.02,233,700414,卖盘
13:03:52,30.06,0.01,4,12022,买盘
13:03:55,30.05,-0.01,100,300503,卖盘
13:03:56,30.02,-0.03,749,2249621,卖盘
13:03:59,30.06,0.04,339,1018640,买盘
13:04:04,30.02,-0.04,356,1069254,卖盘
13:04:05,30.06,0.04,7,21042,中性盘
13:04:13,30.02,-0.04,241,724155,卖盘
13:04:16,30.06,0.04,43,129220,卖盘
13:04:19,30.07,0.01,32,96224,买盘
13:04:22,30.06,-0.01,227,682362,卖盘
13:04:25,30.06,0.0,268,805173,买盘
13:04:26,30.03,-0.03,85,255255,卖盘
13:04:31,30.07,0.04,214,642699,买盘
13:04:34,30.07,0.0,20,60140,卖盘
13:04:37,30.08,0.01,359,1078982,买盘
13:04:40,30.08,0.0,33,99259,卖盘
13:04:43,30.09,0.01,54,162481,买盘
13:04:46,30.09,0.0,366,1100081,卖盘
13:04:49,30.09,0.0,252,758021,买盘
13:04:52,30.11,0.02,127,382304,买盘
13:04:55,30.08,-0.03,399,1200355,卖盘
13:05:01,30.08,0.0,181,544418,卖盘
13:05:04,30.08,0.0,158,474870,买盘
13:05:07,30.03,-0.05,221,664022,卖盘
13:05:10,30.04,0.01,102,306436,卖盘
13:05:13,30.09,0.05,23,69189,买盘
13:05:16,30.08,-0.01,200,600649,中性盘
13:05:19,30.08,0.0,38,114284,买盘
13:05:22,30.07,-0.01,35,105274,卖盘
13:05:25,30.04,-0.03,308,925163,卖盘
13:05:28,30.07,0.03,11,33059,买盘
13:05:29,30.08,0.01,9,27069,中性盘
13:05:34,30.03,-0.05,114,342530,卖盘
13:05:37,30.03,0.0,960,2881689,买盘
13:05:40,30.02,-0.01,92,274817,卖盘
13:05:43,30.02,0.0,12,36031,卖盘
13:05:46,30.02,0.0,127,381054,卖盘
13:05:49,30.0,-0.02,198,594000,卖盘
13:05:52,30.05,0.05,110,330337,买盘
13:05:55,30.03,-0.02,36,108108,卖盘
13:05:58,30.0,-0.03,257,771300,卖盘
13:06:01,30.03,0.03,37,110869,买盘
13:06:04,30.04,0.01,137,411412,买盘
13:06:07,30.04,0.0,11,33044,买盘
13:06:10,30.04,0.0,103,309412,卖盘
13:06:13,30.04,0.0,477,1432658,卖盘
13:06:16,30.04,0.0,114,342456,卖盘
13:06:19,30.04,0.0,79,240051,卖盘
13:06:22,30.05,0.01,205,615827,买盘
13:06:25,30.0,-0.05,921,2765252,卖盘
13:06:28,30.03,0.03,102,306407,卖盘
13:06:31,30.03,0.0,216,648459,买盘
13:06:34,30.04,0.01,77,231296,买盘
13:06:37,30.0,-0.04,1137,3411045,卖盘
13:06:41,30.0,0.0,2652,7955606,卖盘
13:06:46,30.03,0.03,804,2414085,买盘
13:06:49,30.04,0.01,144,432527,买盘
13:06:52,30.04,0.0,232,696954,卖盘
13:06:55,30.04,0.0,6,18024,卖盘
13:06:58,30.04,0.0,222,666888,卖盘
13:06:59,30.05,0.01,253,760019,买盘
13:07:04,30.0,-0.05,979,2939170,卖盘
13:07:07,30.04,0.04,66,198274,卖盘
13:07:09,30.01,-0.03,151,453541,卖盘
13:07:13,30.03,0.02,103,309067,买盘
13:07:16,30.0,-0.03,237,711140,卖盘
13:07:19,30.02,0.02,53,159104,买盘
13:07:22,30.02,0.0,7,21012,买盘
13:07:24,29.99,-0.03,1417,4250842,卖盘
13:07:28,29.99,0.0,15,44993,卖盘
13:07:31,30.0,0.01,13,39000,买盘
13:07:34,29.99,-0.01,189,566764,中性盘
13:07:35,29.97,-0.02,431,1292139,卖盘
13:07:40,29.97,0.0,248,743457,卖盘
13:07:43,29.98,0.01,16,47958,中性盘
13:07:46,29.98,0.0,11,32978,卖盘
13:07:49,29.98,0.0,179,536403,买盘
13:07:52,29.98,0.0,91,272628,买盘
13:07:55,29.97,-0.01,3,8991,卖盘
13:07:58,29.98,0.01,482,1444091,买盘
13:08:01,29.98,0.0,109,326628,买盘
13:08:04,29.98,0.0,101,302837,买盘
13:08:07,29.98,0.0,280,839533,卖盘
13:08:10,29.99,0.01,234,701551,中性盘
13:08:13,29.98,-0.01,215,644578,卖盘
13:08:16,29.97,-0.01,1004,3008096,卖盘
13:08:19,29.98,0.01,176,527227,买盘
13:08:22,29.98,0.0,246,737325,卖盘
13:08:25,29.98,0.0,27,80955,卖盘
13:08:28,29.98,0.0,98,293804,卖盘
13:08:31,29.99,0.01,329,986251,买盘
13:08:34,29.99,0.0,33,98935,买盘
13:08:37,29.98,-0.01,201,602591,卖盘
13:08:40,29.98,0.0,10,29987,卖盘
13:08:43,29.99,0.01,101,302832,买盘
13:08:44,29.99,0.0,173,518679,买盘
13:08:47,29.98,-0.01,359,1076454,卖盘
13:08:50,29.99,0.01,123,368775,买盘
13:08:55,29.99,0.0,145,434884,卖盘
13:08:58,29.99,0.0,13,38987,卖盘
13:09:01,29.99,0.0,240,719722,卖盘
13:09:04,29.99,0.0,78,233939,卖盘
13:09:07,29.99,0.0,60,179970,买盘
13:09:10,29.99,0.0,294,881613,卖盘
13:09:13,29.99,0.0,115,344876,卖盘
13:09:14,29.98,-0.01,147,440793,卖盘
13:09:19,29.98,0.0,124,371707,卖盘
13:09:22,29.97,-0.01,81,242807,卖盘
13:09:25,29.98,0.01,226,677338,买盘
13:09:28,29.98,0.0,10,29989,卖盘
13:09:31,29.98,0.0,6,17988,卖盘
13:09:34,29.97,-0.01,107,320776,卖盘
13:09:37,29.97,0.0,3,8991,买盘
13:09:40,29.98,0.01,121,362262,买盘
13:09:43,29.96,-0.02,413,1237618,卖盘
13:09:46,29.96,0.0,19,56923,买盘
13:09:49,29.94,-0.02,120,359388,卖盘
13:09:52,29.95,0.01,96,287428,买盘
13:09:55,29.96,0.01,50,149800,买盘
13:09:58,29.95,-0.01,146,437279,卖盘
13:10:01,29.96,0.01,32,95859,买盘
13:10:04,29.96,0.0,288,862567,买盘
13:10:05,29.95,-0.01,184,551095,卖盘
13:10:10,29.98,0.03,8,23978,买盘
13:10:13,29.95,-0.03,208,623094,卖盘
13:10:16,29.97,0.02,20,59940,中性盘
13:10:19,29.98,0.01,25,74934,买盘
13:10:22,29.97,-0.01,1240,3719116,卖盘
13:10:25,29.98,0.01,9,26982,中性盘
13:10:28,30.0,0.02,214,641809,买盘
13:10:31,30.0,0.0,221,662609,买盘
13:10:32,29.99,-0.01,13,38995,卖盘
13:10:37,29.99,0.0,213,638787,卖盘
13:10:40,29.99,0.0,357,1070643,卖盘
13:10:43,30.0,0.01,78,233946,买盘
13:10:46,29.99,-0.01,2524,7571297,卖盘
13:10:49,30.0,0.01,557,1670947,买盘
13:10:52,30.02,0.02,75,225147,买盘
13:10:55,30.0,-0.02,577,1731108,卖盘
13:10:58,30.01,0.01,59,177159,卖盘
13:11:01,30.05,0.04,208,624390,买盘
13:11:04,30.0,-0.05,1027,3081904,卖盘
13:11:07,29.95,-0.05,1234,3701027,卖盘
13:11:09,29.99,0.04,112,335844,中性盘
13:11:12,29.99,0.0,50,149951,买盘
13:11:16,30.0,0.01,41,122995,买盘
13:11:17,29.99,-0.01,241,722638,卖盘
13:11:20,30.0,0.01,127,380995,买盘
13:11:25,29.99,-0.01,347,1040190,卖盘
13:11:28,30.0,0.01,107,320617,买盘
13:11:31,29.99,-0.01,568,1703915,卖盘
13:11:34,29.96,-0.03,367,1100272,卖盘
13:11:37,30.0,0.04,21,62935,买盘
13:11:40,29.95,-0.05,37,110951,买盘
13:11:43,29.96,0.01,240,718919,卖盘
13:11:49,29.97,0.01,48,143903,卖盘
13:11:50,29.96,-0.01,666,1996540,卖盘
13:11:55,29.96,0.0,22,65900,买盘
13:11:58,29.95,-0.01,127,380365,卖盘
13:12:01,29.96,0.01,80,239654,买盘
13:12:04,29.95,-0.01,69,206702,卖盘
13:12:07,29.95,0.0,164,491195,卖盘
13:12:09,29.95,0.0,1,2995,卖盘
13:12:13,29.95,0.0,177,530129,卖盘
13:12:16,29.95,0.0,484,1449741,卖盘
13:12:19,29.95,0.0,47,140735,买盘
13:12:22,29.95,0.0,120,359190,买盘
13:12:25,29.94,-0.01,310,928435,卖盘
13:12:28,29.94,0.0,52,155702,卖盘
13:12:29,29.95,0.01,154,461092,买盘
13:12:34,29.94,-0.01,42,125767,卖盘
13:12:37,29.95,0.01,10,29950,买盘
13:12:39,29.94,-0.01,137,410218,卖盘
13:12:43,29.95,0.01,693,2075325,买盘
13:12:46,29.95,0.0,57,170702,买盘
13:12:49,29.95,0.0,713,2134814,买盘
13:12:52,29.95,0.0,57,170691,买盘
13:12:55,29.96,0.01,112,335441,买盘
13:12:58,29.95,-0.01,193,577854,中性盘
13:12:59,29.96,0.01,16,47926,买盘
13:13:04,29.94,-0.02,324,970198,卖盘
13:13:07,29.94,0.0,34,101786,买盘
13:13:10,29.94,0.0,23,68855,买盘
13:13:13,29.93,-0.01,270,808240,卖盘
13:13:14,29.92,-0.01,432,1293167,卖盘
13:13:17,29.94,0.02,440,1317072,买盘
13:13:22,29.93,-0.01,83,248436,卖盘
13:13:25,29.92,-0.01,450,1346407,卖盘
13:13:28,29.92,0.0,121,361958,买盘
13:13:31,29.92,0.0,34,101702,买盘
13:13:34,29.92,0.0,100,299131,买盘
13:13:37,29.91,-0.01,509,1522464,卖盘
13:13:39,29.92,0.01,18,53849,买盘
13:13:43,29.91,-0.01,34,101717,卖盘
13:13:49,29.91,0.0,6,17950,卖盘
13:13:52,29.92,0.01,38,113695,买盘
13:13:55,29.92,0.0,18,53863,卖盘
13:13:58,29.92,0.0,2,5984,卖盘
13:13:59,29.93,0.01,66,197495,买盘
13:14:04,29.93,0.0,39,116711,买盘
13:14:07,29.92,-0.01,197,589494,卖盘
13:14:10,29.92,0.0,57,170547,卖盘
13:14:11,29.94,0.02,17,50897,买盘
13:14:16,29.94,0.0,8,23952,买盘
13:14:19,29.95,0.01,64,191603,买盘
13:14:22,29.94,-0.01,85,254443,中性盘
13:14:25,29.94,0.0,1149,3438319,卖盘
13:14:28,29.94,0.0,138,413228,卖盘
13:14:31,29.94,0.0,82,245526,买盘
13:14:34,29.94,0.0,25,74850,卖盘
13:14:37,29.95,0.01,126,377209,买盘
13:14:40,29.94,-0.01,20,59880,中性盘
13:14:43,29.95,0.01,20,59883,买盘
13:14:45,29.95,0.0,47,140719,买盘
13:14:47,29.95,0.0,17,50905,买盘
13:14:52,29.95,0.0,14,41922,买盘
13:14:54,29.95,0.0,3,8983,买盘
13:14:58,29.95,0.0,81,242580,买盘
13:15:01,29.96,0.01,32,95847,买盘
13:15:04,29.95,-0.01,111,332450,卖盘
13:15:07,29.95,0.0,71,212663,卖盘
13:15:10,29.95,0.0,17,50917,卖盘
13:15:11,29.95,0.0,15,44938,卖盘
13:15:16,29.95,0.0,12,35950,卖盘
13:15:19,29.96,0.01,44,131819,买盘
13:15:22,29.95,-0.01,144,431293,卖盘
13:15:25,29.95,0.0,47,140787,卖盘
13:15:28,29.96,0.01,60,179718,买盘
13:15:31,29.96,0.0,38,113824,买盘
13:15:34,29.96,0.0,6,17975,买盘
13:15:37,29.96,0.0,55,164753,买盘
13:15:39,29.96,0.0,103,308577,买盘
13:15:43,29.96,0.0,31,92560,卖盘
13:15:46,29.96,0.0,12,35960,卖盘
13:15:49,29.99,0.03,30,89935,买盘
13:15:52,29.97,-0.02,47,140889,中性盘
13:15:55,29.97,0.0,14,41970,卖盘
13:15:58,29.99,0.02,35,104907,买盘
13:16:01,29.97,-0.02,27,80925,卖盘
13:16:04,29.95,-0.02,922,2761862,卖盘
13:16:05,29.95,0.0,188,563006,买盘
13:16:10,29.94,-0.01,17,50894,中性盘
13:16:11,29.94,0.0,14,41911,买盘
13:16:16,29.95,0.01,21,62887,买盘
13:16:17,29.96,0.01,66,197372,买盘
13:16:20,29.95,-0.01,84,251624,卖盘
13:16:24,29.96,0.01,77,230622,中性盘
13:16:26,29.96,0.0,14,41943,买盘
13:16:31,29.96,0.0,24,71892,买盘
13:16:32,29.95,-0.01,1,2995,卖盘
13:16:37,29.98,0.03,119,356601,买盘
13:16:40,29.96,-0.02,77,230697,卖盘
13:16:43,29.96,0.0,65,194746,卖盘
13:16:46,29.96,0.0,383,1147896,卖盘
13:16:49,29.96,0.0,54,161800,卖盘
13:16:52,29.97,0.01,177,530811,买盘
13:16:55,29.97,0.0,72,215784,卖盘
13:16:58,29.97,0.0,241,722277,卖盘
13:16:59,29.97,0.0,134,401616,卖盘
13:17:02,29.97,0.0,801,2402642,卖盘
13:17:05,29.97,0.0,140,419394,买盘
13:17:10,29.97,0.0,71,212807,卖盘
13:17:13,29.97,0.0,1218,3653523,卖盘
13:17:16,29.98,0.01,274,821936,中性盘
13:17:19,29.99,0.01,987,2960833,中性盘
13:17:22,30.0,0.01,92,275967,买盘
13:17:25,30.0,0.0,80,239982,买盘
13:17:28,30.0,0.0,80,239982,买盘
13:17:31,30.02,0.02,30,89987,买盘
13:17:34,30.04,0.02,13,39028,买盘
13:17:37,29.95,-0.09,1390,4167199,卖盘
13:17:39,29.92,-0.03,227,679666,卖盘
13:17:43,29.96,0.04,31,92876,买盘
13:17:46,29.95,-0.01,97,290507,卖盘
13:17:49,29.95,0.0,36,107832,卖盘
13:17:52,29.96,0.01,24,71888,买盘
13:17:55,29.95,-0.01,6,17970,卖盘
13:17:58,29.96,0.01,6,17976,买盘
13:18:00,29.96,0.0,6,17976,买盘
13:18:04,29.96,0.0,45,134806,买盘
13:18:05,29.95,-0.01,57,170735,卖盘
13:18:13,29.96,0.01,7,20972,买盘
13:18:16,29.96,0.0,35,104853,买盘
13:18:19,29.96,0.0,16,47928,买盘
13:18:22,29.95,-0.01,7,20971,卖盘
13:18:25,29.96,0.01,73,218708,买盘
13:18:26,29.96,0.0,26,77880,买盘
13:18:31,29.96,0.0,13,38948,买盘
13:18:34,29.95,-0.01,251,751809,卖盘
13:18:37,29.96,0.01,151,452291,买盘
13:18:40,29.96,0.0,73,218668,买盘
13:18:41,29.95,-0.01,56,167726,卖盘
13:18:45,29.96,0.01,126,377453,买盘
13:18:49,29.96,0.0,18,53911,买盘
13:18:52,29.96,0.0,17,50932,买盘
13:18:54,29.96,0.0,44,131781,买盘
13:18:58,29.95,-0.01,15,44930,卖盘
13:19:01,29.95,0.0,41,122802,卖盘
13:19:02,29.96,0.01,149,446264,买盘
13:19:05,29.96,0.0,35,104835,买盘
13:19:10,29.96,0.0,324,970580,买盘
13:19:13,29.98,0.02,33,98924,买盘
13:19:16,29.99,0.01,257,770515,买盘
13:19:19,29.99,0.0,58,173883,买盘
13:19:20,29.99,0.0,15,44983,买盘
13:19:25,29.98,-0.01,725,2172900,卖盘
13:19:28,29.99,0.01,5,14995,卖盘
13:19:30,30.0,0.01,262,785986,买盘
13:19:34,30.01,0.01,25,76230,买盘
13:19:37,30.02,0.01,89,267266,买盘
13:19:40,30.05,0.03,44,132153,买盘
13:19:43,30.03,-0.02,489,1469374,中性盘
13:19:46,30.05,0.02,332,997060,买盘
13:19:49,30.02,-0.03,34,102150,卖盘
13:19:52,30.05,0.03,186,558930,买盘
13:19:55,30.05,0.0,58,174200,买盘
13:19:58,30.04,-0.01,6,18024,买盘
13:20:00,30.04,0.0,107,321294,买盘
13:20:04,30.04,0.0,263,789338,买盘
13:20:07,30.0,-0.04,21,63000,卖盘
13:20:10,30.0,0.0,74,222104,卖盘
13:20:13,30.0,0.0,68,204024,卖盘
13:20:16,29.97,-0.03,325,974738,卖盘
13:20:19,29.99,0.02,47,140929,买盘
13:20:20,29.98,-0.01,13,38980,卖盘
13:20:25,29.99,0.01,6,17994,买盘
13:20:28,29.99,0.0,6,17991,买盘
13:20:31,29.98,-0.01,57,170909,卖盘
13:20:34,29.98,0.0,100,299803,卖盘
13:20:37,29.98,0.0,140,419720,卖盘
13:20:40,29.97,-0.01,145,434705,卖盘
13:20:43,29.98,0.01,196,587640,中性盘
13:20:46,29.99,0.01,14,41980,买盘
13:20:49,29.99,0.0,18,53977,买盘
13:20:52,29.99,0.0,27,80960,买盘
13:20:55,29.99,0.0,11,32989,买盘
13:20:58,29.99,0.0,8,23992,卖盘
13:21:00,30.0,0.01,83,248925,买盘
13:21:04,30.0,0.0,10,29996,买盘
13:21:07,30.0,0.0,1,3000,买盘
13:21:09,29.99,-0.01,39,116961,卖盘
13:21:13,29.99,0.0,48,143958,卖盘
13:21:16,29.99,0.0,10,29997,卖盘
13:21:17,29.98,-0.01,260,779662,卖盘
13:21:21,29.98,0.0,65,194916,卖盘
13:21:25,29.97,-0.01,91,272790,卖盘
13:21:28,29.96,-0.01,81,242751,卖盘
13:21:31,29.98,0.02,12,35972,买盘
13:21:34,29.97,-0.01,38,113893,卖盘
13:21:36,29.97,0.0,44,131868,卖盘
13:21:40,29.98,0.01,19,56962,买盘
13:21:41,29.96,-0.02,186,557458,卖盘
13:21:45,29.96,0.0,101,302645,卖盘
13:21:47,29.96,0.0,134,401483,卖盘
13:21:50,29.97,0.01,76,227703,买盘
13:21:55,29.97,0.0,26,77922,买盘
13:21:58,29.97,0.0,11,32962,买盘
13:22:01,29.97,0.0,56,167789,买盘
13:22:04,29.96,-0.01,15,44940,卖盘
13:22:07,29.96,0.0,18,53939,卖盘
13:22:10,29.96,0.0,45,134847,卖盘
13:22:13,29.96,0.0,102,305605,卖盘
13:22:16,29.96,0.0,190,569240,卖盘
13:22:19,29.96,0.0,77,230702,卖盘
13:22:22,29.96,0.0,41,122858,卖盘
13:22:25,29.96,0.0,40,119840,卖盘
13:22:27,29.96,0.0,157,470372,卖盘
13:22:31,29.97,0.01,21,62922,买盘
13:22:34,29.96,-0.01,19,56930,卖盘
13:22:36,29.96,0.0,146,437422,卖盘
13:22:40,29.95,-0.01,76,227670,卖盘
13:22:43,29.95,0.0,63,188706,卖盘
13:22:46,29.96,0.01,18,53917,买盘
13:22:47,29.95,-0.01,270,809958,卖盘
13:22:52,29.95,0.0,29,86862,卖盘
13:22:55,29.96,0.01,13,38943,买盘
13:22:58,29.96,0.0,3,8988,买盘
13:23:01,29.96,0.0,35,104831,买盘
13:23:02,29.95,-0.01,36,107820,卖盘
13:23:07,29.95,0.0,176,527137,卖盘
13:23:10,29.96,0.01,9,26958,买盘
13:23:13,29.95,-0.01,375,1123043,卖盘
13:23:14,29.95,0.0,9,26953,买盘
13:23:19,29.94,-0.01,16,47910,卖盘
13:23:22,29.95,0.01,33,98827,买盘
13:23:25,29.94,-0.01,50,149716,卖盘
13:23:28,29.96,0.02,22,65896,买盘
13:23:31,29.94,-0.02,152,455077,卖盘
13:23:34,29.92,-0.02,362,1083824,卖盘
13:23:37,29.93,0.01,106,317296,卖盘
13:23:40,29.94,0.01,2034,6083398,买盘
13:23:41,29.89,-0.05,365,1091399,卖盘
13:23:49,29.93,0.04,17,50848,买盘
13:23:52,29.9,-0.03,33,98725,卖盘
13:23:55,29.93,0.03,16,47855,买盘
13:23:58,29.93,0.0,29,86763,买盘
13:24:01,29.93,0.0,48,143553,买盘
13:24:04,29.9,-0.03,42,125584,卖盘
13:24:07,29.93,0.03,17,50854,买盘
13:24:09,29.93,0.0,20,59857,买盘
13:24:13,29.93,0.0,19,56855,买盘
13:24:16,29.91,-0.02,13,38883,卖盘
13:24:17,29.93,0.02,90,269302,买盘
13:24:20,29.92,-0.01,12,35915,中性盘
13:24:25,29.92,0.0,163,487751,卖盘
13:24:28,29.92,0.0,93,278209,中性盘
13:24:30,29.93,0.01,27,80812,中性盘
13:24:34,29.92,-0.01,54,161615,卖盘
13:24:37,29.93,0.01,656,1962234,中性盘
13:24:40,29.93,0.0,66,197538,卖盘
13:24:43,29.93,0.0,49,146664,卖盘
13:24:46,29.94,0.01,22,65858,买盘
13:24:47,29.93,-0.01,52,155636,卖盘
13:24:51,29.94,0.01,80,239479,买盘
13:24:54,29.94,0.0,283,847230,买盘
13:24:58,29.93,-0.01,6,17958,卖盘
13:25:01,29.94,0.01,513,1535810,买盘
13:25:04,29.93,-0.01,47,140696,卖盘
13:25:07,29.95,0.02,13,38928,买盘
13:25:10,29.95,0.0,1,2995,买盘
13:25:13,29.94,-0.01,174,521090,卖盘
13:25:14,29.94,0.0,93,278498,卖盘
13:25:19,29.94,0.0,24,71863,卖盘
13:25:22,29.94,0.0,45,134771,卖盘
13:25:25,29.94,0.0,55,164672,卖盘
13:25:28,29.95,0.01,52,155709,买盘
13:25:31,29.95,0.0,27,80855,买盘
13:25:34,29.94,-0.01,117,350298,卖盘
13:25:36,29.94,0.0,93,278483,卖盘
13:25:40,29.94,0.0,87,260484,卖盘
13:25:43,29.94,0.0,12,35935,卖盘
13:25:46,29.95,0.01,74,221576,买盘
13:25:49,29.94,-0.01,24,71856,卖盘
13:25:52,29.94,0.0,92,275503,卖盘
13:25:55,29.95,0.01,6,17966,买盘
13:25:56,29.95,0.0,16,47915,买盘
13:26:01,29.95,0.0,66,197627,买盘
13:26:04,29.95,0.0,442,1324248,买盘
13:26:07,29.95,0.0,54,161758,卖盘
13:26:10,29.95,0.0,23,68885,卖盘
13:26:13,29.98,0.03,85,254846,买盘
13:26:16,29.98,0.0,2,5996,卖盘
13:26:19,30.0,0.02,19,56985,买盘
13:26:22,29.98,-0.02,115,344797,卖盘
13:26:25,29.99,0.01,25,74962,买盘
13:26:28,30.0,0.01,82,245887,买盘
13:26:31,30.0,0.0,29,86980,买盘
13:26:32,30.0,0.0,40,119986,买盘
13:26:37,30.0,0.0,58,173983,买盘
13:26:40,29.99,-0.01,51,152974,卖盘
13:26:43,30.0,0.01,48,143981,买盘
13:26:44,29.99,-0.01,58,173955,卖盘
13:26:47,29.99,0.0,96,287961,卖盘
13:26:52,29.99,0.0,51,152961,卖盘
13:26:55,30.0,0.01,11,32991,买盘
13:26:58,29.99,-0.01,149,446857,卖盘
13:27:00,30.0,0.01,14,41993,买盘
13:27:04,29.99,-0.01,33,98983,卖盘
13:27:06,29.99,0.0,23,68995,卖盘
13:27:10,29.99,0.0,4,11997,卖盘
13:27:13,30.0,0.01,12,35995,买盘
13:27:16,29.99,-0.01,6,17995,卖盘
13:27:17,30.0,0.01,137,410978,买盘
13:27:22,29.99,-0.01,81,242927,卖盘
13:27:25,29.99,0.0,17,50983,卖盘
13:27:28,30.0,0.01,24,71994,买盘
13:27:31,30.0,0.0,25,74983,买盘
13:27:34,30.0,0.0,133,398936,买盘
13:27:37,30.0,0.0,37,110977,买盘
13:27:40,30.0,0.0,14,41991,买盘
13:27:41,30.0,0.0,7,21000,买盘
13:27:46,29.99,-0.01,29,86971,卖盘
13:27:52,30.0,0.01,25,74990,买盘
13:27:55,29.99,-0.01,49,146966,卖盘
13:27:58,30.0,0.01,4,11999,买盘
13:28:00,30.0,0.0,32,95980,买盘
13:28:04,29.99,-0.01,8,23992,卖盘
13:28:07,29.99,0.0,204,611832,卖盘
13:28:10,29.99,0.0,153,458848,卖盘
13:28:13,29.99,0.0,136,407950,卖盘
13:28:16,29.99,0.0,99,296955,卖盘
13:28:17,29.99,0.0,12,35997,卖盘
13:28:22,29.99,0.0,191,572820,卖盘
13:28:24,30.0,0.01,43,128963,买盘
13:28:28,29.99,-0.01,3,8997,卖盘
13:28:30,30.0,0.01,87,260924,买盘
13:28:34,29.99,-0.01,119,356892,卖盘
13:28:37,29.99,0.0,67,200938,卖盘
13:28:39,30.0,0.01,7,20999,买盘
13:28:43,29.99,-0.01,92,275916,卖盘
13:28:46,30.0,0.01,16,47990,买盘
13:28:49,30.0,0.0,30,89978,买盘
13:28:52,30.0,0.0,13,38993,买盘
13:28:54,29.99,-0.01,414,1241586,卖盘
13:28:58,30.0,0.01,78,233933,买盘
13:29:01,30.0,0.0,87,260952,买盘
13:29:04,29.99,-0.01,207,620782,卖盘
13:29:07,29.99,0.0,56,167906,买盘
13:29:10,29.98,-0.01,21,62974,卖盘
13:29:13,29.98,0.0,48,143911,卖盘
13:29:16,29.98,0.0,38,113925,卖盘
13:29:17,29.99,0.01,16,47974,买盘
13:29:21,29.98,-0.01,14,41984,卖盘
13:29:25,29.98,0.0,68,203878,卖盘
13:29:28,29.98,0.0,24,71959,卖盘
13:29:30,29.98,0.0,31,92963,卖盘
13:29:32,29.98,0.0,119,356762,卖盘
13:29:37,29.98,0.0,23,68954,卖盘
13:29:40,29.98,0.0,8,23984,卖盘
13:29:43,29.99,0.01,26,77974,买盘
13:29:46,29.98,-0.01,6,17989,卖盘
13:29:47,29.99,0.01,63,188937,买盘
13:29:52,29.98,-0.01,75,224924,卖盘
13:29:55,29.98,0.0,15,44970,卖盘
13:29:58,29.99,0.01,20,59978,买盘
13:30:01,29.99,0.0,8,23990,买盘
13:30:04,29.98,-0.01,13,38980,卖盘
13:30:07,29.99,0.01,81,242901,买盘
13:30:10,29.98,-0.01,208,623587,卖盘
13:30:13,29.98,0.0,52,155902,卖盘
13:30:16,29.98,0.0,12,35987,卖盘
13:30:19,29.99,0.01,6,17994,买盘
13:30:22,29.98,-0.01,69,206876,卖盘
13:30:25,29.98,0.0,40,119926,卖盘
13:30:28,29.98,0.0,61,182879,卖盘
13:30:31,29.97,-0.01,103,308777,卖盘
13:30:34,29.98,0.01,15,44970,中性盘
13:30:37,29.98,0.0,79,236905,卖盘
13:30:39,29.98,0.0,24,71952,卖盘
13:30:43,29.98,0.0,23,68964,卖盘
13:30:46,29.96,-0.02,239,716415,卖盘
13:30:49,29.96,0.0,88,263810,卖盘
13:30:52,29.98,0.02,19,56968,中性盘
13:30:54,29.98,0.0,54,161882,买盘
13:30:57,29.99,0.01,53,158814,买盘
13:31:01,29.98,-0.01,31,92937,中性盘
13:31:04,29.96,-0.02,97,290646,卖盘
13:31:07,29.97,0.01,27,80880,买盘
13:31:10,29.97,0.0,55,164843,卖盘
13:31:11,29.97,0.0,48,143833,买盘
13:31:14,29.95,-0.02,21,62897,卖盘
13:31:19,29.96,0.01,19,56924,买盘
13:31:22,29.95,-0.01,79,236668,卖盘
13:31:25,29.96,0.01,36,107829,买盘
13:31:28,29.95,-0.01,99,296524,卖盘
13:31:31,29.97,0.02,62,185734,买盘
13:31:34,29.95,-0.02,170,509176,卖盘
13:31:36,29.96,0.01,26,77896,买盘
13:31:40,29.96,0.0,26,77896,卖盘
13:31:43,29.96,0.0,102,305603,卖盘
13:31:46,29.96,0.0,23,68918,卖盘
13:31:49,29.96,0.0,17,50932,卖盘
13:31:52,29.96,0.0,14,41950,卖盘
13:31:55,29.96,0.0,28,83895,卖盘
13:31:58,29.96,0.0,66,197736,卖盘
13:32:01,29.96,0.0,123,368470,买盘
13:32:04,29.96,0.0,14,41936,买盘
13:32:06,29.96,0.0,22,65912,买盘
13:32:10,29.95,-0.01,245,733775,卖盘
13:32:13,29.96,0.01,17,50922,买盘
13:32:16,29.94,-0.02,181,542115,卖盘
13:32:19,29.96,0.02,33,98868,买盘
13:32:21,29.96,0.0,19,56913,买盘
13:32:28,29.96,0.0,8,23968,买盘
13:32:31,29.96,0.0,47,140772,买盘
13:32:34,29.95,-0.01,1,2995,卖盘
13:32:37,29.96,0.01,30,89878,买盘
13:32:40,29.96,0.0,231,691853,买盘
13:32:43,29.95,-0.01,149,446199,卖盘
13:32:49,29.96,0.01,127,380464,买盘
13:32:52,29.95,-0.01,22,65884,卖盘
13:32:55,29.96,0.01,3,8988,买盘
13:32:56,29.95,-0.01,60,179711,卖盘
13:33:01,29.96,0.01,599,1794985,买盘
13:33:04,29.97,0.01,13,38960,中性盘
13:33:07,29.96,-0.01,18,53928,卖盘
13:33:10,29.97,0.01,64,191794,买盘
13:33:13,29.96,-0.01,47,140833,卖盘
13:33:15,29.97,0.01,16,47947,买盘
13:33:19,29.96,-0.01,12,35952,卖盘
13:33:22,29.96,0.0,45,134841,卖盘
13:33:25,29.96,0.0,1,2996,卖盘
13:33:26,29.97,0.01,13,38961,买盘
13:33:30,29.97,0.0,15,44949,买盘
13:33:32,29.97,0.0,57,170823,买盘
13:33:37,29.97,0.0,89,266726,买盘
13:33:40,29.97,0.0,138,413671,卖盘
13:33:43,29.98,0.01,339,1016256,买盘
13:33:46,29.97,-0.01,378,1133276,卖盘
