time,price,change,volume,amount,type
09:25:04,30.47,-0.24,2547,7760709,卖盘
09:30:00,30.4,-0.07,241,733060,卖盘
09:30:03,30.43,0.03,1337,4066834,买盘
09:30:06,30.41,-0.02,809,2462020,卖盘
09:30:09,30.42,0.01,429,1305536,中性盘
09:30:12,30.38,-0.04,351,1067146,卖盘
09:30:15,30.41,0.03,220,669032,买盘
09:30:18,30.43,0.02,250,760652,买盘
09:30:21,30.4,-0.03,323,982039,卖盘
09:30:24,30.41,0.01,109,331321,买盘
09:30:26,30.38,-0.03,288,875158,卖盘
09:30:30,30.41,0.03,311,944932,买盘
09:30:33,30.35,-0.06,226,686337,卖盘
09:30:35,30.36,0.01,187,568088,卖盘
09:30:39,30.35,-0.01,402,1220383,卖盘
09:30:42,30.34,-0.01,169,512807,卖盘
09:30:45,30.35,0.01,205,621750,买盘
09:30:48,30.34,-0.01,178,540271,卖盘
09:30:51,30.33,-0.01,145,439875,卖盘
09:30:54,30.33,0.0,241,730951,卖盘
09:30:57,30.32,-0.01,168,509428,卖盘
09:31:00,30.31,-0.01,164,497196,卖盘
09:31:03,30.31,0.0,452,1370367,卖盘
09:31:06,30.31,0.0,605,1834006,卖盘
09:31:09,30.31,0.0,1640,4972070,买盘
09:31:12,30.35,0.04,1031,3124458,买盘
09:31:15,30.33,-0.02,515,1561540,中性盘
09:31:18,30.3,-0.03,514,1557825,卖盘
09:31:21,30.3,0.0,608,1842558,卖盘
09:31:24,30.32,0.02,326,988173,买盘
09:31:27,30.32,0.0,111,336463,买盘
09:31:30,30.31,-0.01,353,1069911,卖盘
09:31:33,30.31,0.0,445,1348395,卖盘
09:31:35,30.31,0.0,160,485103,买盘
09:31:39,30.3,-0.01,179,542506,卖盘
09:31:42,30.31,0.01,134,406066,买盘
09:31:45,30.28,-0.03,463,1402031,卖盘
09:31:48,30.3,0.02,352,1066534,卖盘
09:31:51,30.3,0.0,168,508955,买盘
09:31:53,30.3,0.0,90,272687,买盘
09:31:57,30.31,0.01,257,778759,买盘
09:32:00,30.3,-0.01,264,799793,中性盘
09:32:02,30.26,-0.04,797,2413538,卖盘
09:32:05,30.31,0.05,317,960373,买盘
09:32:09,30.26,-0.05,530,1604067,卖盘
09:32:12,30.3,0.04,864,2615069,买盘
09:32:15,30.26,-0.04,102,308734,卖盘
09:32:18,30.29,0.03,74,224005,买盘
09:32:21,30.27,-0.02,200,605563,卖盘
09:32:24,30.29,0.02,83,251376,买盘
09:32:27,30.29,0.0,202,611747,卖盘
09:32:30,30.29,0.0,317,959382,买盘
09:32:33,30.29,0.0,183,554273,买盘
09:32:36,30.29,0.0,732,2217199,买盘
09:32:39,30.3,0.01,341,1033071,买盘
09:32:42,30.31,0.01,157,475806,买盘
09:32:45,30.33,0.02,327,993397,买盘
09:32:48,30.33,0.0,322,975885,买盘
09:32:51,30.31,-0.02,107,324341,卖盘
09:32:54,30.33,0.02,204,619092,卖盘
09:32:57,30.35,0.02,44,133521,买盘
09:33:00,30.36,0.01,141,427868,买盘
09:33:02,30.35,-0.01,117,354995,中性盘
09:33:06,30.35,0.0,179,543279,卖盘
09:33:09,30.38,0.03,102,309767,买盘
09:33:13,30.37,-0.01,183,555631,卖盘
09:33:15,30.36,-0.01,220,667926,卖盘
09:33:18,30.38,0.02,353,1072372,买盘
09:33:21,30.4,0.02,153,464507,买盘
09:33:24,30.35,-0.05,353,1071035,卖盘
09:33:27,30.37,0.02,137,415895,买盘
09:33:30,30.36,-0.01,171,519306,卖盘
09:33:33,30.35,-0.01,202,613175,卖盘
09:33:36,30.35,0.0,115,349144,中性盘
09:33:39,30.35,0.0,226,685995,买盘
09:33:42,30.37,0.02,259,786516,买盘
09:33:45,30.35,-0.02,394,1195924,卖盘
09:33:48,30.36,0.01,113,343070,中性盘
09:33:51,30.38,0.02,278,843907,买盘
09:33:54,30.36,-0.02,278,843742,卖盘
09:33:57,30.37,0.01,107,324835,买盘
09:34:00,30.38,0.01,149,452503,买盘
09:34:03,30.36,-0.02,199,604105,卖盘
09:34:05,30.36,0.0,175,531344,买盘
09:34:09,30.38,0.02,205,622523,买盘
09:34:13,30.37,-0.01,198,601528,卖盘
09:34:15,30.37,0.0,155,470729,卖盘
09:34:18,30.36,-0.01,290,880429,卖盘
09:34:21,30.37,0.01,457,1387895,买盘
09:34:23,30.36,-0.01,139,422177,卖盘
09:34:27,30.36,0.0,237,719647,卖盘
09:34:30,30.35,-0.01,309,938176,卖盘
09:34:33,30.34,-0.01,254,771058,卖盘
09:34:36,30.37,0.03,438,1329764,买盘
09:34:39,30.34,-0.03,523,1587273,卖盘
09:34:42,30.36,0.02,167,506619,买盘
09:34:45,30.33,-0.03,137,415741,卖盘
09:34:48,30.32,-0.01,218,661140,卖盘
09:34:51,30.32,0.0,145,439806,卖盘
09:34:53,30.32,0.0,88,266749,卖盘
09:34:58,30.34,0.02,108,327521,买盘
09:35:00,30.32,-0.02,31,94008,卖盘
09:35:03,30.31,-0.01,298,903638,卖盘
09:35:06,30.31,0.0,221,669992,卖盘
09:35:09,30.32,0.01,135,409321,中性盘
09:35:12,30.3,-0.02,652,1975754,卖盘
09:35:15,30.3,0.0,596,1805913,卖盘
09:35:18,30.26,-0.04,1197,3625617,卖盘
09:35:21,30.28,0.02,145,439026,买盘
09:35:23,30.27,-0.01,186,562931,买盘
09:35:27,30.27,0.0,120,363205,买盘
09:35:30,30.26,-0.01,147,444843,卖盘
09:35:33,30.26,0.0,544,1645853,买盘
09:35:36,30.25,-0.01,239,723096,卖盘
09:35:39,30.25,0.0,83,251045,买盘
09:35:42,30.24,-0.01,239,722793,卖盘
09:35:45,30.24,0.0,212,641033,买盘
09:35:48,30.22,-0.02,324,979312,卖盘
09:35:51,30.21,-0.01,700,2114748,卖盘
09:35:54,30.2,-0.01,484,1461754,卖盘
09:35:57,30.19,-0.01,908,2742265,卖盘
09:36:00,30.18,-0.01,388,1171265,卖盘
09:36:03,30.16,-0.02,254,766496,卖盘
09:36:07,30.16,0.0,71,214110,卖盘
09:36:09,30.17,0.01,147,443448,买盘
09:36:13,30.15,-0.02,361,1088594,卖盘
09:36:15,30.16,0.01,396,1194171,买盘
09:36:18,30.15,-0.01,276,832220,卖盘
09:36:21,30.14,-0.01,296,892446,卖盘
09:36:24,30.14,0.0,482,1452963,卖盘
09:36:27,30.14,0.0,202,608888,买盘
09:36:30,30.15,0.01,416,1254109,买盘
09:36:33,30.15,0.0,343,1034197,卖盘
09:36:37,30.15,0.0,660,1989067,卖盘
09:36:39,30.15,0.0,180,542625,买盘
09:36:43,30.16,0.01,655,1975042,买盘
09:36:45,30.15,-0.01,607,1830111,卖盘
09:36:48,30.15,0.0,871,2626066,卖盘
09:36:51,30.15,0.0,533,1606905,买盘
09:36:54,30.14,-0.01,218,657109,卖盘
09:36:58,30.14,0.0,358,1079144,卖盘
09:37:00,30.15,0.01,142,427941,买盘
09:37:03,30.14,-0.01,355,1070158,买盘
09:37:06,30.14,0.0,840,2531229,卖盘
09:37:10,30.14,0.0,354,1066935,买盘
09:37:13,30.14,0.0,281,846918,买盘
09:37:15,30.14,0.0,170,512394,卖盘
09:37:18,30.13,-0.01,908,2736169,卖盘
09:37:21,30.13,0.0,179,539316,买盘
09:37:24,30.12,-0.01,599,1804265,卖盘
09:37:28,30.12,0.0,96,289152,买盘
09:37:30,30.11,-0.01,87,262002,卖盘
09:37:33,30.11,0.0,325,978681,卖盘
09:37:36,30.12,0.01,400,1204641,买盘
09:37:40,30.12,0.0,603,1816161,买盘
09:37:43,30.11,-0.01,129,388505,卖盘
09:37:45,30.11,0.0,181,545053,卖盘
09:37:48,30.12,0.01,210,632390,买盘
09:37:51,30.11,-0.01,219,659442,卖盘
09:37:54,30.12,0.01,260,782931,买盘
09:37:58,30.12,0.0,209,629379,买盘
09:38:00,30.11,-0.01,105,316188,卖盘
09:38:03,30.12,0.01,548,1650205,买盘
09:38:06,30.1,-0.02,2444,7356928,卖盘
09:38:10,30.1,0.0,190,571898,买盘
09:38:13,30.11,0.01,280,842885,买盘
09:38:15,30.1,-0.01,409,1230800,卖盘
09:38:18,30.09,-0.01,229,689116,买盘
09:38:21,30.08,-0.01,202,607715,卖盘
09:38:24,30.08,0.0,227,682885,卖盘
09:38:28,30.07,-0.01,104,312829,卖盘
09:38:30,30.07,0.0,174,523298,卖盘
09:38:33,30.05,-0.02,418,1256648,卖盘
09:38:36,30.06,0.01,151,453827,中性盘
09:38:40,30.05,-0.01,137,411705,卖盘
09:38:42,30.05,0.0,683,2052613,卖盘
09:38:45,30.05,0.0,200,600893,买盘
09:38:48,30.04,-0.01,193,579819,卖盘
09:38:51,30.03,-0.01,516,1550194,卖盘
09:38:55,30.05,0.02,465,1396811,买盘
09:38:58,30.06,0.01,464,1392792,买盘
09:39:00,30.05,-0.01,394,1184181,卖盘
09:39:03,30.04,-0.01,283,850211,卖盘
09:39:06,30.06,0.02,388,1166067,买盘
09:39:10,30.06,0.0,703,2112041,买盘
09:39:13,30.07,0.01,254,763494,买盘
09:39:15,30.08,0.01,834,2507684,买盘
09:39:18,30.07,-0.01,616,1851016,卖盘
09:39:21,30.07,0.0,166,499233,买盘
09:39:24,30.06,-0.01,201,604475,卖盘
09:39:28,30.07,0.01,728,2188926,中性盘
09:39:30,30.07,0.0,168,505233,卖盘
09:39:33,30.09,0.02,565,1699051,买盘
09:39:36,30.07,-0.02,978,2939339,卖盘
09:39:40,30.07,0.0,159,478107,买盘
09:39:43,30.07,0.0,330,992301,买盘
09:39:45,30.06,-0.01,249,748716,卖盘
09:39:49,30.09,0.03,888,2670133,买盘
09:39:51,30.08,-0.01,137,412076,中性盘
09:39:54,30.07,-0.01,297,893301,卖盘
09:39:58,30.1,0.03,252,758054,买盘
09:40:00,30.1,0.0,143,430416,买盘
09:40:04,30.1,0.0,91,273784,买盘
09:40:06,30.1,0.0,291,875691,买盘
09:40:10,30.1,0.0,320,962861,买盘
09:40:13,30.08,-0.02,405,1218372,卖盘
09:40:15,30.09,0.01,477,1434995,买盘
09:40:18,30.08,-0.01,271,815345,卖盘
09:40:21,30.08,0.0,169,508414,买盘
09:40:24,30.08,0.0,407,1224188,买盘
09:40:28,30.09,0.01,854,2568550,买盘
09:40:30,30.09,0.0,62,186525,卖盘
09:40:34,30.08,-0.01,178,535524,卖盘
09:40:36,30.09,0.01,248,746052,中性盘
09:40:40,30.09,0.0,122,367159,卖盘
09:40:42,30.09,0.0,182,547727,买盘
09:40:45,30.09,0.0,549,1651539,卖盘
09:40:48,30.09,0.0,113,340006,买盘
09:40:51,30.09,0.0,435,1308789,买盘
09:40:54,30.09,0.0,221,664841,买盘
09:40:57,30.08,-0.01,185,556601,中性盘
09:41:00,30.07,-0.01,197,592574,卖盘
09:41:04,30.09,0.02,238,716433,买盘
09:41:06,30.09,0.0,221,664916,买盘
09:41:09,30.08,-0.01,104,311460,卖盘
09:41:13,30.09,0.01,79,239787,买盘
09:41:15,30.09,0.0,195,586642,买盘
09:41:18,30.09,0.0,142,427201,买盘
09:41:21,30.08,-0.01,408,1225417,卖盘
09:41:24,30.09,0.01,246,740166,买盘
09:41:28,30.08,-0.01,791,2380155,卖盘
09:41:30,30.08,0.0,112,338319,卖盘
09:41:33,30.09,0.01,113,340056,卖盘
09:41:36,30.09,0.0,204,613895,卖盘
09:41:39,30.1,0.01,16,48153,买盘
09:41:43,30.1,0.0,88,263355,买盘
09:41:45,30.1,0.0,156,469448,买盘
09:41:49,30.1,0.0,170,511495,买盘
09:41:51,30.1,0.0,659,1983839,买盘
09:41:55,30.1,0.0,153,460530,卖盘
09:41:58,30.1,0.0,255,767548,卖盘
09:42:00,30.11,0.01,232,698324,买盘
09:42:04,30.1,-0.01,460,1384662,卖盘
09:42:06,30.1,0.0,114,345464,卖盘
09:42:09,30.11,0.01,171,514860,买盘
09:42:13,30.11,0.0,702,2113130,买盘
09:42:15,30.11,0.0,238,715229,买盘
09:42:19,30.11,0.0,178,536067,卖盘
09:42:21,30.11,0.0,673,2027097,卖盘
09:42:24,30.12,0.01,150,451646,买盘
09:42:28,30.11,-0.01,254,765771,卖盘
09:42:30,30.11,0.0,83,248892,买盘
09:42:33,30.11,0.0,306,921175,买盘
09:42:36,30.1,-0.01,756,2276209,卖盘
09:42:40,30.1,0.0,163,490576,买盘
09:42:43,30.09,-0.01,972,2924606,卖盘
09:42:45,30.08,-0.01,511,1537261,卖盘
09:42:48,30.07,-0.01,464,1395503,卖盘
09:42:51,30.09,0.02,310,932257,买盘
09:42:55,30.07,-0.02,266,799970,卖盘
09:42:58,30.09,0.02,256,769952,买盘
09:43:00,30.08,-0.01,437,1315085,卖盘
09:43:04,30.08,0.0,355,1067672,卖盘
09:43:06,30.08,0.0,415,1248110,卖盘
09:43:10,30.08,0.0,86,258678,买盘
09:43:12,30.09,0.01,86,258679,买盘
09:43:15,30.07,-0.02,131,394053,卖盘
09:43:18,30.09,0.02,49,145997,买盘
09:43:21,30.09,0.0,127,382119,买盘
09:43:25,30.09,0.0,128,385072,买盘
09:43:28,30.08,-0.01,654,1967728,卖盘
09:43:30,30.08,0.0,152,457329,卖盘
09:43:34,30.11,0.03,1458,4388377,买盘
09:43:36,30.09,-0.02,1065,3206282,卖盘
09:43:40,30.09,0.0,49,147438,卖盘
09:43:43,30.09,0.0,56,166960,卖盘
09:43:45,30.1,0.01,137,412289,买盘
09:43:48,30.1,0.0,124,373171,买盘
09:43:51,30.1,0.0,88,264174,卖盘
09:43:55,30.1,0.0,92,276889,买盘
09:43:58,30.09,-0.01,711,2138596,卖盘
09:44:00,30.09,0.0,117,352120,买盘
09:44:03,30.09,0.0,33,99305,买盘
09:44:06,30.09,0.0,347,1043950,买盘
09:44:09,30.08,-0.01,220,662061,卖盘
09:44:13,30.08,0.0,798,2399406,卖盘
09:44:15,30.09,0.01,188,565581,买盘
09:44:19,30.08,-0.01,432,1301069,中性盘
09:44:21,30.09,0.01,18,54159,买盘
09:44:24,30.09,0.0,168,505651,买盘
09:44:28,30.08,-0.01,284,853605,卖盘
09:44:30,30.08,0.0,410,1233234,买盘
09:44:33,30.08,0.0,61,184305,买盘
09:44:36,30.08,0.0,213,639848,卖盘
09:44:40,30.08,0.0,139,418108,买盘
09:44:43,30.08,0.0,68,204524,买盘
09:44:45,30.08,0.0,234,706395,买盘
09:44:49,30.08,0.0,83,249664,买盘
09:44:51,30.08,0.0,209,628672,卖盘
09:44:54,30.08,0.0,32,96288,卖盘
09:44:58,30.08,0.0,225,676811,卖盘
09:45:00,30.08,0.0,65,195561,卖盘
09:45:04,30.08,0.0,562,1690235,卖盘
09:45:06,30.08,0.0,318,953651,买盘
09:45:10,30.08,0.0,153,460183,买盘
09:45:13,30.07,-0.01,178,535392,卖盘
09:45:15,30.08,0.01,712,2140518,卖盘
09:45:18,30.07,-0.01,164,493097,卖盘
09:45:21,30.08,0.01,215,648232,买盘
09:45:24,30.07,-0.01,114,342811,卖盘
09:45:28,30.07,0.0,124,372861,卖盘
09:45:30,30.08,0.01,145,436057,买盘
09:45:33,30.07,-0.01,171,513903,卖盘
09:45:36,30.07,0.0,292,878644,卖盘
09:45:39,30.07,0.0,137,411956,买盘
09:45:43,30.07,0.0,167,502005,买盘
09:45:46,30.07,0.0,239,718698,买盘
09:45:49,30.07,0.0,256,769803,卖盘
09:45:51,30.08,0.01,373,1119778,买盘
09:45:55,30.07,-0.01,607,1825637,卖盘
09:45:57,30.08,0.01,157,472183,买盘
09:46:00,30.08,0.0,105,317922,买盘
09:46:03,30.08,0.0,236,707761,买盘
09:46:06,30.08,0.0,380,1145127,卖盘
09:46:09,30.08,0.0,27,81215,买盘
09:46:13,30.08,0.0,581,1747215,买盘
09:46:15,30.08,0.0,156,469145,买盘
09:46:19,30.07,-0.01,68,204343,卖盘
09:46:21,30.08,0.01,816,2453741,买盘
09:46:24,30.08,0.0,305,917442,卖盘
09:46:27,30.09,0.01,149,449066,买盘
09:46:30,30.08,-0.01,340,1022119,卖盘
09:46:34,30.08,0.0,370,1112675,买盘
09:46:36,30.08,0.0,797,2396049,买盘
09:46:40,30.07,-0.01,144,433063,卖盘
09:46:43,30.08,0.01,353,1060453,买盘
09:46:45,30.09,0.01,599,1802250,买盘
09:46:49,30.07,-0.02,1683,5058471,卖盘
09:46:51,30.05,-0.02,137,411939,卖盘
09:46:54,30.05,0.0,617,1854270,卖盘
09:46:58,30.07,0.02,395,1187177,买盘
09:47:00,30.07,0.0,235,706403,买盘
09:47:04,30.07,0.0,85,255547,买盘
09:47:06,30.06,-0.01,1304,3919245,卖盘
09:47:09,30.06,0.0,179,538070,买盘
09:47:13,30.06,0.0,325,976686,买盘
09:47:15,30.06,0.0,1401,4209352,买盘
09:47:18,30.05,-0.01,232,697225,卖盘
09:47:21,30.05,0.0,225,676278,卖盘
09:47:24,30.05,0.0,353,1060593,卖盘
09:47:28,30.04,-0.01,320,963287,卖盘
09:47:31,30.1,0.06,1813,5452928,买盘
09:47:34,30.1,0.0,114,343140,卖盘
09:47:36,30.07,-0.03,292,878091,卖盘
09:47:39,30.1,0.03,140,420953,买盘
09:47:43,30.09,-0.01,23,69141,中性盘
09:47:45,30.05,-0.04,2002,6014863,卖盘
09:47:48,30.05,0.0,158,474743,买盘
09:47:51,30.05,0.0,180,540863,买盘
09:47:54,30.04,-0.01,126,378576,卖盘
09:47:58,30.05,0.01,156,468720,买盘
09:48:00,30.06,0.01,490,1472448,买盘
09:48:03,30.05,-0.01,226,679135,卖盘
09:48:06,30.05,0.0,80,240406,卖盘
09:48:09,30.05,0.0,337,1012715,卖盘
09:48:13,30.05,0.0,182,546889,买盘
09:48:15,30.05,0.0,155,465719,买盘
09:48:18,30.05,0.0,148,444670,买盘
09:48:22,30.05,0.0,659,1980224,买盘
09:48:25,30.04,-0.01,331,993837,卖盘
09:48:28,30.06,0.02,108,324500,中性盘
09:48:31,30.04,-0.02,625,1878535,卖盘
09:48:34,30.05,0.01,134,402641,买盘
09:48:36,30.05,0.0,239,718146,买盘
09:48:40,30.05,0.0,20,60094,买盘
09:48:43,30.05,0.0,85,255367,买盘
09:48:45,30.05,0.0,400,1201165,买盘
09:48:48,30.05,0.0,208,623675,卖盘
09:48:51,30.06,0.01,119,357544,买盘
09:48:55,30.06,0.0,304,913742,买盘
09:48:57,30.07,0.01,496,1491284,买盘
09:49:00,30.05,-0.02,731,2196771,卖盘
09:49:04,30.05,0.0,218,655096,卖盘
09:49:06,30.05,0.0,482,1448579,买盘
09:49:10,30.07,0.02,23,69165,中性盘
09:49:13,30.07,0.0,28,84215,卖盘
09:49:16,30.06,-0.01,518,1557476,卖盘
09:49:18,30.06,0.0,140,420842,卖盘
09:49:21,30.06,0.0,117,351746,卖盘
09:49:24,30.07,0.01,304,914033,买盘
09:49:28,30.06,-0.01,161,484104,卖盘
09:49:30,30.07,0.01,139,418003,中性盘
09:49:33,30.08,0.01,306,920445,买盘
09:49:36,30.07,-0.01,207,622569,卖盘
09:49:39,30.08,0.01,143,430015,买盘
09:49:43,30.08,0.0,102,306806,买盘
09:49:46,30.06,-0.02,228,685469,卖盘
09:49:49,30.08,0.02,113,339819,买盘
09:49:51,30.08,0.0,225,676752,买盘
09:49:55,30.08,0.0,197,592576,卖盘
09:49:58,30.09,0.01,164,493370,买盘
09:50:01,30.09,0.0,242,727948,买盘
09:50:03,30.08,-0.01,153,460169,卖盘
09:50:07,30.08,0.0,394,1185107,卖盘
09:50:09,30.08,0.0,265,797274,买盘
09:50:13,30.07,-0.01,427,1284134,卖盘
09:50:15,30.07,0.0,177,532167,买盘
09:50:19,30.07,0.0,228,685511,买盘
09:50:21,30.06,-0.01,313,941108,卖盘
09:50:24,30.06,0.0,557,1673870,买盘
09:50:28,30.07,0.01,377,1133098,买盘
09:50:30,30.07,0.0,82,246580,卖盘
09:50:34,30.06,-0.01,241,724530,卖盘
09:50:36,30.07,0.01,245,736508,买盘
09:50:39,30.07,0.0,112,336770,买盘
09:50:43,30.07,0.0,272,817949,卖盘
09:50:45,30.07,0.0,176,529159,买盘
09:50:48,30.07,0.0,147,442029,买盘
09:50:51,30.06,-0.01,294,883932,卖盘
09:50:54,30.07,0.01,342,1028142,买盘
09:50:57,30.08,0.01,254,764947,买盘
09:51:00,30.06,-0.02,77,231495,卖盘
09:51:03,30.08,0.02,292,877966,买盘
09:51:06,30.07,-0.01,166,499103,中性盘
09:51:10,30.07,0.0,87,261667,卖盘
09:51:13,30.06,-0.01,114,342787,卖盘
09:51:15,30.07,0.01,234,703609,买盘
09:51:18,30.07,0.0,360,1082832,卖盘
09:51:21,30.07,0.0,125,375895,卖盘
09:51:24,30.08,0.01,83,249597,买盘
09:51:28,30.07,-0.01,204,613498,卖盘
09:51:30,30.07,0.0,22,66154,买盘
09:51:33,30.07,0.0,275,826944,买盘
09:51:36,30.06,-0.01,333,1001156,卖盘
09:51:39,30.07,0.01,283,851038,买盘
09:51:43,30.07,0.0,297,892854,卖盘
09:51:45,30.07,0.0,62,186429,买盘
09:51:49,30.07,0.0,217,652396,买盘
09:51:51,30.06,-0.01,275,826689,卖盘
09:51:54,30.07,0.01,87,261656,卖盘
09:51:57,30.08,0.01,216,649516,买盘
09:52:00,30.07,-0.01,20,60152,卖盘
09:52:03,30.07,0.0,153,460061,卖盘
09:52:06,30.07,0.0,140,420772,卖盘
09:52:09,30.07,0.0,104,313001,卖盘
09:52:13,30.06,-0.01,169,508271,卖盘
09:52:16,30.07,0.01,68,204495,买盘
09:52:18,30.06,-0.01,114,342787,卖盘
09:52:21,30.08,0.02,118,354887,买盘
09:52:25,30.07,-0.01,91,273404,卖盘
09:52:27,30.06,-0.01,92,276644,卖盘
09:52:30,30.07,0.01,35,105245,买盘
09:52:33,30.06,-0.01,107,321687,卖盘
09:52:36,30.07,0.01,196,589350,买盘
09:52:39,30.06,-0.01,654,1966020,卖盘
09:52:42,30.07,0.01,122,366755,买盘
09:52:46,30.07,0.0,70,210484,买盘
09:52:48,30.06,-0.01,374,1124266,卖盘
09:52:51,30.06,0.0,63,189392,卖盘
09:52:55,30.05,-0.01,1623,4877276,卖盘
09:52:58,30.05,0.0,557,1673850,卖盘
09:53:01,30.07,0.02,251,754413,买盘
09:53:03,30.05,-0.02,852,2559643,卖盘
09:53:06,30.05,0.0,919,2760910,买盘
09:53:09,30.05,0.0,247,742184,买盘
09:53:12,30.03,-0.02,122,366485,卖盘
09:53:16,30.04,0.01,235,705909,买盘
09:53:18,30.05,0.01,142,426581,买盘
09:53:21,30.05,0.0,234,702904,买盘
09:53:24,30.04,-0.01,167,501556,卖盘
09:53:28,30.03,-0.01,1819,5462507,卖盘
09:53:30,30.04,0.01,56,168216,买盘
09:53:33,30.04,0.0,211,633667,买盘
09:53:37,30.04,0.0,135,405472,买盘
09:53:39,30.03,-0.01,230,690743,卖盘
09:53:43,30.02,-0.01,74,222218,卖盘
09:53:45,30.03,0.01,1208,3626550,买盘
09:53:48,30.02,-0.01,285,855813,卖盘
09:53:51,30.02,0.0,899,2698816,卖盘
09:53:54,30.02,0.0,1155,3465621,卖盘
09:53:57,30.01,-0.01,886,2658912,卖盘
09:54:00,30.01,0.0,1395,4186468,卖盘
09:54:03,30.01,0.0,204,612082,买盘
09:54:06,30.01,0.0,86,258047,买盘
09:54:09,30.0,-0.01,654,1962095,卖盘
09:54:13,30.0,0.0,271,813131,卖盘
09:54:16,30.0,0.0,872,2616011,卖盘
09:54:19,30.0,0.0,347,1041019,卖盘
09:54:21,30.01,0.01,257,771042,买盘
09:54:25,30.01,0.0,296,888032,买盘
09:54:28,30.0,-0.01,532,1596409,卖盘
09:54:30,30.0,0.0,209,627074,卖盘
09:54:33,30.01,0.01,492,1476126,买盘
09:54:36,30.01,0.0,83,249034,买盘
09:54:39,30.0,-0.01,342,1026075,卖盘
09:54:43,30.0,0.0,151,453140,卖盘
09:54:46,30.0,0.0,429,1287102,卖盘
09:54:48,30.01,0.01,287,861123,买盘
09:54:51,30.01,0.0,196,588055,买盘
09:54:54,30.01,0.0,148,444080,买盘
09:54:58,30.01,0.0,168,504074,买盘
09:55:00,30.01,0.0,226,678156,买盘
09:55:03,30.0,-0.01,1079,3237819,卖盘
09:55:06,30.01,0.01,128,384092,买盘
09:55:10,30.01,0.0,281,843191,买盘
09:55:12,30.01,0.0,163,489234,卖盘
09:55:16,30.02,0.01,330,990336,买盘
09:55:18,30.01,-0.01,559,1677247,卖盘
09:55:21,30.01,0.0,94,282102,买盘
09:55:25,30.01,0.0,185,555071,买盘
09:55:28,30.01,0.0,369,1107116,买盘
09:55:30,30.01,0.0,92,276091,买盘
09:55:34,30.02,0.01,516,1548143,买盘
09:55:36,30.02,0.0,127,381133,买盘
09:55:40,30.02,0.0,114,342135,买盘
09:55:43,30.02,0.0,338,1014351,买盘
09:55:46,30.02,0.0,77,231090,买盘
09:55:49,30.01,-0.01,183,549214,卖盘
09:55:51,30.01,0.0,1122,3369039,中性盘
09:55:55,30.02,0.01,37,111063,中性盘
09:55:58,30.02,0.0,44,132077,买盘
09:56:00,30.02,0.0,412,1236453,买盘
09:56:03,30.02,0.0,104,312208,卖盘
09:56:06,30.02,0.0,153,459316,卖盘
09:56:10,30.03,0.01,53,159123,买盘
09:56:12,30.02,-0.01,350,1050731,卖盘
09:56:16,30.03,0.01,74,222183,买盘
09:56:18,30.02,-0.01,190,570317,卖盘
09:56:21,30.03,0.01,31,93065,买盘
09:56:24,30.02,-0.01,143,429309,卖盘
09:56:27,30.02,0.0,63,189128,买盘
09:56:30,30.02,0.0,166,498325,买盘
09:56:34,30.02,0.0,708,2124748,买盘
09:56:36,30.02,0.0,140,420231,买盘
09:56:39,30.01,-0.01,688,2064502,卖盘
09:56:43,30.01,0.0,373,1119290,买盘
09:56:46,30.01,0.0,111,333095,买盘
09:56:48,30.01,0.0,110,330093,买盘
09:56:51,30.01,0.0,30,90026,买盘
09:56:54,30.01,0.0,77,231068,买盘
09:56:58,30.01,0.0,117,351109,买盘
09:57:03,30.01,0.0,10,30011,卖盘
09:57:06,30.02,0.01,143,429263,买盘
09:57:10,30.01,-0.01,86,258109,卖盘
09:57:13,30.02,0.01,57,171081,买盘
09:57:15,30.01,-0.01,72,216120,卖盘
09:57:18,30.01,0.0,377,1130011,卖盘
09:57:21,30.01,0.0,81,243134,卖盘
09:57:24,30.01,0.0,126,378187,卖盘
09:57:28,30.02,0.01,364,1092388,买盘
09:57:31,30.02,0.0,86,258165,买盘
09:57:33,30.01,-0.01,119,357151,卖盘
09:57:36,30.01,0.0,323,969377,卖盘
09:57:40,30.01,0.0,52,156102,卖盘
09:57:43,30.02,0.01,264,792470,买盘
09:57:45,30.01,-0.01,139,417243,卖盘
09:57:49,30.02,0.01,126,378217,买盘
09:57:51,30.01,-0.01,701,2105312,卖盘
09:57:54,30.01,0.0,77,231072,买盘
09:57:58,30.0,-0.01,786,2358191,卖盘
09:58:01,30.01,0.01,2447,7341072,买盘
09:58:03,30.0,-0.01,150,450120,卖盘
09:58:06,30.0,0.0,84,252041,卖盘
09:58:10,30.01,0.01,418,1254144,买盘
09:58:12,30.0,-0.01,234,702041,卖盘
09:58:16,30.0,0.0,273,819180,卖盘
09:58:18,30.01,0.01,229,687055,买盘
09:58:21,30.0,-0.01,118,354060,卖盘
09:58:24,30.01,0.01,1272,3816043,买盘
09:58:28,30.01,0.0,131,393050,买盘
09:58:31,30.01,0.0,135,405037,买盘
09:58:34,30.0,-0.01,73,219051,卖盘
09:58:36,30.01,0.01,581,1743550,买盘
09:58:40,30.01,0.0,795,2383395,买盘
09:58:43,30.0,-0.01,132,396046,卖盘
09:58:45,30.01,0.01,472,1416299,买盘
09:58:48,30.01,0.0,60,180060,卖盘
09:58:51,30.01,0.0,95,285098,卖盘
09:58:55,30.0,-0.01,806,2418410,卖盘
09:58:58,30.01,0.01,750,2250295,中性盘
09:59:00,30.01,0.0,111,333038,买盘
09:59:03,30.0,-0.01,140,420143,卖盘
09:59:06,30.01,0.01,305,915036,买盘
09:59:10,30.0,-0.01,473,1419357,卖盘
09:59:12,30.0,0.0,168,503990,买盘
09:59:15,30.0,0.0,469,1406569,买盘
09:59:18,30.01,0.01,62,186044,买盘
09:59:21,30.0,-0.01,13,39001,卖盘
09:59:24,30.01,0.01,78,234024,买盘
09:59:28,30.0,-0.01,39,117032,卖盘
09:59:30,30.01,0.01,142,426102,买盘
09:59:33,29.99,-0.02,749,2247388,卖盘
09:59:36,30.0,0.01,83,248998,买盘
09:59:40,30.0,0.0,101,302996,买盘
09:59:43,30.0,0.0,101,302971,买盘
09:59:45,30.0,0.0,35,104983,买盘
09:59:48,30.0,0.0,466,1397993,买盘
09:59:51,29.99,-0.01,413,1238903,卖盘
09:59:54,30.0,0.01,124,371953,买盘
09:59:58,30.0,0.0,103,308948,买盘
10:00:00,30.0,0.0,26,77993,买盘
10:00:03,29.99,-0.01,121,362924,卖盘
10:00:06,30.0,0.01,1375,4123680,买盘
10:00:10,30.0,0.0,80,239983,买盘
10:00:13,29.99,-0.01,84,251934,卖盘
10:00:16,29.99,0.0,171,512807,卖盘
10:00:18,29.99,0.0,154,461879,卖盘
10:00:21,30.0,0.01,204,611989,买盘
10:00:24,29.99,-0.01,42,125977,卖盘
10:00:28,29.99,0.0,158,473808,卖盘
10:00:30,29.99,0.0,80,239959,卖盘
10:00:33,29.99,0.0,73,218942,卖盘
10:00:37,29.99,0.0,247,740818,卖盘
10:00:40,30.0,0.01,64,191942,买盘
10:00:43,29.99,-0.01,86,257951,卖盘
10:00:45,30.0,0.01,175,524961,买盘
10:00:48,30.0,0.0,259,776860,买盘
10:00:51,30.0,0.0,26,77979,买盘
10:00:54,29.99,-0.01,525,1574256,卖盘
10:00:58,30.0,0.01,233,698654,买盘
10:01:01,30.0,0.0,55,164953,买盘
10:01:03,29.99,-0.01,61,182940,卖盘
10:01:06,29.99,0.0,743,2227673,卖盘
10:01:10,29.99,0.0,70,209960,卖盘
10:01:12,29.99,0.0,44,131958,卖盘
10:01:15,29.99,0.0,53,158959,卖盘
10:01:18,30.0,0.01,415,1244589,买盘
10:01:21,30.0,0.0,893,2678963,买盘
10:01:24,30.0,0.0,164,492000,卖盘
10:01:28,30.0,0.0,70,209980,卖盘
10:01:30,30.0,0.0,38,114001,卖盘
10:01:33,30.0,0.0,162,486108,卖盘
10:01:37,30.01,0.01,112,336042,买盘
10:01:40,30.0,-0.01,26,78006,卖盘
10:01:43,30.01,0.01,208,624585,买盘
10:01:45,30.0,-0.01,113,339029,卖盘
10:01:48,30.01,0.01,165,495113,买盘
10:01:51,30.0,-0.01,42,126034,卖盘
10:01:55,30.01,0.01,2022,6067072,买盘
10:01:58,30.01,0.0,212,636214,买盘
10:02:01,30.01,0.0,45,135045,卖盘
10:02:03,30.01,0.0,155,465185,卖盘
10:02:06,30.01,0.0,88,264137,卖盘
10:02:09,30.01,0.0,1284,3853291,卖盘
10:02:13,30.02,0.01,118,354178,买盘
10:02:15,30.02,0.0,70,210116,买盘
10:02:19,30.01,-0.01,159,477165,卖盘
10:02:21,30.01,0.0,137,411143,买盘
10:02:24,30.01,0.0,135,405135,卖盘
10:02:28,30.01,0.0,84,252084,买盘
10:02:30,30.01,0.0,94,282094,买盘
10:02:33,30.0,-0.01,132,396127,卖盘
10:02:36,30.02,0.02,95,285155,买盘
10:02:39,30.01,-0.01,18,54018,卖盘
10:02:43,30.01,0.0,91,273176,卖盘
10:02:46,30.02,0.01,76,228097,买盘
10:02:48,30.01,-0.01,83,249097,卖盘
10:02:51,30.01,0.0,79,237087,卖盘
10:02:54,30.02,0.01,98,294162,买盘
10:02:58,30.02,0.0,67,201093,买盘
10:03:00,30.01,-0.01,175,525233,卖盘
10:03:03,30.01,0.0,45,135063,卖盘
10:03:06,30.02,0.01,203,609283,买盘
10:03:09,30.02,0.0,603,1810206,买盘
10:03:13,30.02,0.0,91,273146,买盘
10:03:16,30.01,-0.01,131,393160,卖盘
10:03:18,30.02,0.01,120,360195,买盘
10:03:21,30.01,-0.01,231,693247,卖盘
10:03:24,30.02,0.01,73,219077,买盘
10:03:28,30.02,0.0,51,153084,买盘
10:03:30,30.02,0.0,97,291149,买盘
10:03:33,30.01,-0.01,78,234111,卖盘
10:03:36,30.01,0.0,245,735250,卖盘
10:03:40,30.01,0.0,73,219091,买盘
10:03:43,30.0,-0.01,69,207032,卖盘
10:03:46,30.01,0.01,19,57016,买盘
10:03:48,30.01,0.0,26,78020,买盘
10:03:52,30.01,0.0,89,267073,买盘
10:03:54,30.0,-0.01,145,435122,卖盘
10:03:58,30.01,0.01,14,42007,买盘
10:04:01,30.01,0.0,111,333059,买盘
10:04:03,30.01,0.0,148,444036,买盘
10:04:07,30.0,-0.01,829,2487062,卖盘
10:04:10,30.01,0.01,15,45012,买盘
10:04:13,30.01,0.0,217,651152,买盘
10:04:16,30.02,0.01,6,18008,买盘
10:04:18,30.01,-0.01,97,291078,卖盘
10:04:21,30.0,-0.01,17,51003,卖盘
10:04:24,30.0,0.0,424,1272012,卖盘
10:04:28,30.01,0.01,56,168059,买盘
10:04:30,30.01,0.0,122,366182,卖盘
10:04:33,30.01,0.0,64,192051,买盘
10:04:37,30.02,0.01,569,1707066,买盘
10:04:40,30.02,0.0,69,207127,买盘
10:04:42,30.02,0.0,50,150058,买盘
10:04:46,30.02,0.0,61,183066,买盘
10:04:48,30.02,0.0,210,630281,买盘
10:04:51,30.01,-0.01,25,75030,卖盘
10:04:54,30.01,0.0,88,264114,卖盘
10:04:57,30.02,0.01,15,45029,买盘
10:05:00,30.02,0.0,14,42024,买盘
10:05:03,30.02,0.0,78,234143,买盘
10:05:06,30.02,0.0,73,219131,买盘
10:05:10,30.02,0.0,33,99056,买盘
10:05:13,30.02,0.0,86,258129,买盘
10:05:16,30.02,0.0,283,849354,买盘
10:05:18,30.02,0.0,27,81041,买盘
10:05:21,30.01,-0.01,85,255100,卖盘
10:05:24,30.02,0.01,209,627249,买盘
10:05:28,30.01,-0.01,114,342117,卖盘
10:05:31,30.02,0.01,19,57037,买盘
10:05:33,30.0,-0.02,186,558147,卖盘
10:05:36,30.02,0.02,14,42024,买盘
10:05:40,30.02,0.0,38,114075,买盘
10:05:43,30.0,-0.02,96,288029,卖盘
10:05:46,30.02,0.02,246,738205,买盘
10:05:48,30.02,0.0,374,1122030,买盘
10:05:51,30.02,0.0,31,93044,买盘
10:05:54,30.01,-0.01,54,162065,卖盘
10:05:58,30.0,-0.01,40,120008,卖盘
10:06:01,30.01,0.01,41,123031,买盘
10:06:04,30.0,-0.01,177,531098,卖盘
10:06:06,30.01,0.01,56,168049,买盘
10:06:09,30.01,0.0,47,141021,买盘
10:06:13,30.01,0.0,197,591108,买盘
10:06:16,30.01,0.0,545,1635198,卖盘
10:06:18,30.01,0.0,132,396039,买盘
10:06:21,30.0,-0.01,56,168054,卖盘
10:06:24,30.01,0.01,113,339027,买盘
10:06:28,30.0,-0.01,252,756091,卖盘
10:06:30,30.01,0.01,113,339073,买盘
10:06:34,30.01,0.0,68,204005,买盘
10:06:36,30.01,0.0,137,411084,买盘
10:06:39,30.01,0.0,46,138020,买盘
10:06:43,30.0,-0.01,82,246015,卖盘
10:06:46,30.01,0.01,52,156010,买盘
10:06:48,30.01,0.0,383,1149045,买盘
10:06:51,30.01,0.0,204,612003,买盘
10:06:54,30.01,0.0,21,63021,买盘
10:06:58,30.0,-0.01,807,2421101,卖盘
10:07:00,30.0,0.0,41,123027,卖盘
10:07:03,30.0,0.0,131,395244,卖盘
10:07:06,30.0,0.0,92,276049,卖盘
10:07:10,30.0,0.0,155,465005,卖盘
10:07:13,30.01,0.01,176,528021,买盘
10:07:16,30.01,0.0,70,210010,买盘
10:07:19,30.01,0.0,407,1221326,买盘
10:07:21,29.99,-0.02,470,1409810,卖盘
10:07:25,30.0,0.01,358,1073693,卖盘
10:07:28,30.0,0.0,53,158999,卖盘
10:07:31,30.0,0.0,14,42000,买盘
10:07:33,30.0,0.0,11,33000,买盘
10:07:37,30.0,0.0,128,383944,买盘
10:07:40,30.0,0.0,149,446931,买盘
10:07:43,30.0,0.0,26,77981,买盘
10:07:46,29.99,-0.01,48,143966,卖盘
10:07:48,30.0,0.01,562,1685942,买盘
10:07:51,29.99,-0.01,503,1508517,卖盘
10:07:55,29.99,0.0,186,557721,卖盘
10:07:58,29.99,0.0,51,152969,买盘
10:08:00,29.99,0.0,108,323995,卖盘
10:08:04,29.99,0.0,70,209930,卖盘
10:08:06,29.98,-0.01,161,482831,卖盘
10:08:10,29.98,0.0,51,152929,卖盘
10:08:13,29.99,0.01,107,320803,买盘
10:08:15,29.99,0.0,175,524913,买盘
10:08:19,29.99,0.0,63,188876,买盘
10:08:21,29.99,0.0,49,146942,买盘
10:08:25,29.99,0.0,90,269858,卖盘
10:08:27,29.98,-0.01,454,1361135,卖盘
10:08:30,29.99,0.01,21,62979,卖盘
10:08:33,29.99,0.0,71,212927,卖盘
10:08:36,29.99,0.0,73,218923,买盘
10:08:40,30.0,0.01,63,188974,买盘
10:08:43,29.99,-0.01,43,128957,卖盘
10:08:45,30.0,0.01,82,245926,买盘
10:08:49,30.01,0.01,1374,4122006,买盘
10:08:51,29.99,-0.02,1278,3833382,卖盘
10:08:55,30.0,0.01,40,119993,中性盘
10:08:58,30.0,0.0,164,491852,买盘
10:09:00,30.0,0.0,35,105008,买盘
10:09:04,30.0,0.0,474,1422000,买盘
10:09:06,30.0,0.0,56,168000,卖盘
10:09:10,30.0,0.0,136,408037,卖盘
10:09:13,30.0,0.0,22,66014,卖盘
10:09:15,30.01,0.01,65,195036,买盘
10:09:19,30.01,0.0,53,159008,买盘
10:09:21,30.02,0.01,144,432145,买盘
10:09:25,30.01,-0.01,1276,3828018,中性盘
10:09:28,30.01,0.0,26,78015,买盘
10:09:30,30.01,0.0,71,213071,买盘
10:09:34,30.01,0.0,137,411124,买盘
10:09:36,30.01,0.0,59,177035,买盘
10:09:40,30.01,0.0,97,291077,买盘
10:09:42,30.0,-0.01,150,450025,卖盘
10:09:45,30.0,0.0,22,66015,卖盘
10:09:49,30.01,0.01,49,147022,买盘
10:09:51,30.01,0.0,57,171009,买盘
10:09:55,30.01,0.0,26,78003,买盘
10:09:58,30.0,-0.01,293,879031,卖盘
10:10:00,30.01,0.01,69,207012,买盘
10:10:04,30.01,0.0,28,84026,买盘
10:10:06,30.0,-0.01,888,2664000,卖盘
10:10:10,30.0,0.0,162,485985,买盘
10:10:12,30.0,0.0,93,278994,买盘
10:10:15,30.0,0.0,118,354000,买盘
10:10:18,30.0,0.0,218,653817,买盘
10:10:21,30.0,0.0,253,758900,买盘
10:10:24,30.0,0.0,54,161974,买盘
10:10:28,30.0,0.0,455,1364998,买盘
10:10:30,30.0,0.0,53,159000,卖盘
10:10:34,30.0,0.0,25,75000,卖盘
10:10:36,30.0,0.0,44,132001,卖盘
10:10:40,30.0,0.0,47,141030,卖盘
10:10:43,30.01,0.01,153,459113,买盘
10:10:45,30.01,0.0,47,141015,买盘
10:10:49,30.0,-0.01,15,45008,卖盘
10:10:51,30.01,0.01,62,186022,买盘
10:10:55,30.01,0.0,61,183044,买盘
10:10:57,30.0,-0.01,28,84006,卖盘
10:11:00,30.01,0.01,163,489155,买盘
10:11:03,30.0,-0.01,36,108006,卖盘
10:11:06,30.0,0.0,135,405009,卖盘
10:11:10,30.01,0.01,86,258056,买盘
10:11:12,30.0,-0.01,62,186051,卖盘
10:11:15,30.01,0.01,53,159048,买盘
10:11:18,30.01,0.0,90,270083,买盘
10:11:21,30.01,0.0,46,138015,买盘
10:11:24,30.01,0.0,57,171028,买盘
10:11:28,30.01,0.0,55,165038,买盘
10:11:30,30.01,0.0,96,288077,买盘
10:11:34,30.01,0.0,15,45012,买盘
10:11:36,30.01,0.0,473,1419445,买盘
10:11:39,30.02,0.01,136,408133,买盘
10:11:43,30.01,-0.01,10,30010,卖盘
10:11:45,30.01,0.0,71,213073,卖盘
10:11:49,30.01,0.0,54,162066,卖盘
10:11:51,30.01,0.0,10,30013,卖盘
10:11:55,30.01,0.0,32,96043,卖盘
10:11:58,30.02,0.01,774,2322793,买盘
10:12:00,30.01,-0.01,25,75025,中性盘
10:12:03,30.01,0.0,92,276090,买盘
10:12:06,30.01,0.0,54,162043,买盘
10:12:10,30.01,0.0,66,198076,买盘
10:12:13,30.02,0.01,20,60040,买盘
10:12:15,30.01,-0.01,23,69033,卖盘
10:12:19,30.02,0.01,31,93038,买盘
10:12:21,30.01,-0.01,48,144049,卖盘
10:12:25,30.02,0.01,18,54036,买盘
10:12:27,30.01,-0.01,91,273130,卖盘
10:12:30,30.01,0.0,34,102046,卖盘
10:12:34,30.02,0.01,53,159106,买盘
10:12:36,30.02,0.0,21,63037,买盘
10:12:40,30.02,0.0,59,177113,买盘
10:12:43,30.02,0.0,60,180094,买盘
10:12:45,30.01,-0.01,22,66024,卖盘
10:12:48,30.02,0.01,74,222105,买盘
10:12:51,30.02,0.0,58,174106,买盘
10:12:55,30.02,0.0,272,816314,买盘
10:12:58,30.02,0.0,132,396258,买盘
10:13:00,30.01,-0.01,163,489251,卖盘
10:13:04,30.01,0.0,14,42019,卖盘
10:13:06,30.02,0.01,71,213096,买盘
10:13:10,30.02,0.0,2253,6767063,买盘
10:13:13,30.05,0.03,117,350336,买盘
10:13:15,30.04,-0.01,56,168224,卖盘
10:13:19,30.03,-0.01,33,99127,卖盘
10:13:21,30.05,0.02,108,324456,买盘
10:13:25,30.03,-0.02,21,63063,买盘
10:13:28,30.05,0.02,131,393394,买盘
10:13:30,30.05,0.0,6,18020,买盘
10:13:33,30.05,0.0,2,6010,买盘
10:13:36,30.05,0.0,86,258296,买盘
10:13:40,30.04,-0.01,89,267426,中性盘
10:13:43,30.05,0.01,34,102170,买盘
10:13:45,30.05,0.0,17,51085,买盘
10:13:48,30.05,0.0,42,126197,买盘
10:13:51,30.03,-0.02,134,402574,卖盘
10:13:55,30.05,0.02,30,90145,买盘
10:13:58,30.05,0.0,154,462743,买盘
10:14:00,30.05,0.0,215,645990,买盘
10:14:04,30.05,0.0,44,132208,买盘
10:14:06,30.05,0.0,42,126200,买盘
10:14:10,30.05,0.0,92,276458,买盘
10:14:13,30.05,0.0,80,240398,买盘
10:14:15,30.05,0.0,278,835188,买盘
10:14:19,30.05,0.0,57,171281,买盘
10:14:21,30.05,0.0,180,540863,买盘
10:14:24,30.05,0.0,99,297450,买盘
10:14:28,30.05,0.0,122,366606,买盘
10:14:30,30.06,0.01,122,366607,买盘
10:14:34,30.05,-0.01,28,84140,中性盘
10:14:36,30.06,0.01,16,48078,买盘
10:14:40,30.05,-0.01,173,519912,卖盘
10:14:42,30.05,0.0,419,1258931,买盘
10:14:45,30.05,0.0,96,288439,买盘
10:14:49,30.05,0.0,33,98017,买盘
10:14:51,30.05,0.0,48,144237,买盘
10:14:55,30.04,-0.01,125,375613,卖盘
10:14:58,30.04,0.0,640,1923684,卖盘
10:15:00,30.05,0.01,112,336542,卖盘
10:15:04,30.04,-0.01,35,105167,卖盘
10:15:06,30.05,0.01,187,561868,买盘
10:15:09,30.04,-0.01,123,369603,卖盘
10:15:13,30.04,0.0,3,9014,卖盘
10:15:15,30.05,0.01,31,93136,买盘
10:15:19,30.05,0.0,28,84135,买盘
10:15:21,30.04,-0.01,107,322583,卖盘
10:15:24,30.04,0.0,74,222281,买盘
10:15:28,30.03,-0.01,44,132172,卖盘
10:15:30,30.04,0.01,230,690711,买盘
10:15:34,30.04,0.0,48,144175,买盘
10:15:37,30.04,0.0,32,96113,买盘
10:15:40,30.04,0.0,200,600647,买盘
10:15:43,30.03,-0.01,11,33038,卖盘
10:15:45,30.03,0.0,49,147152,卖盘
10:15:49,30.04,0.01,17,51064,买盘
10:15:51,30.04,0.0,40,120147,买盘
10:15:55,30.04,0.0,16,48062,买盘
10:15:58,30.03,-0.01,62,186190,卖盘
10:16:00,30.03,0.0,55,165198,卖盘
10:16:04,30.03,0.0,68,204214,卖盘
10:16:07,30.03,0.0,572,1717097,卖盘
10:16:10,30.03,0.0,83,249310,卖盘
10:16:13,30.02,-0.01,50,150148,卖盘
10:16:15,30.02,0.0,40,120080,买盘
10:16:19,30.02,0.0,95,285143,买盘
10:16:21,30.01,-0.01,42,126059,卖盘
10:16:25,30.02,0.01,41,123082,买盘
10:16:28,30.01,-0.01,135,405157,卖盘
10:16:30,30.02,0.01,24,72048,买盘
10:16:33,30.02,0.0,187,561198,买盘
10:16:36,30.01,-0.01,80,240081,卖盘
10:16:40,30.02,0.01,60,180101,买盘
10:16:43,30.02,0.0,23,69038,买盘
10:16:45,30.02,0.0,10,30014,买盘
10:16:48,30.01,-0.01,17,51019,卖盘
10:16:51,30.01,0.0,53,159060,卖盘
10:16:55,30.01,0.0,784,2352809,卖盘
10:16:58,30.02,0.01,168,504182,买盘
10:17:00,30.01,-0.01,47,141050,卖盘
10:17:04,30.01,0.0,33,97291,买盘
10:17:06,30.0,-0.01,146,438123,卖盘
10:17:10,30.01,0.01,75,225090,买盘
10:17:13,30.01,0.0,63,189060,买盘
10:17:15,30.01,0.0,935,2805207,卖盘
10:17:19,30.01,0.0,145,435120,买盘
10:17:21,30.01,0.0,5,15005,买盘
10:17:25,30.01,0.0,588,1764261,买盘
10:17:28,30.01,0.0,94,282094,卖盘
10:17:30,30.01,0.0,221,663392,卖盘
10:17:34,30.01,0.0,63,189063,卖盘
10:17:36,30.02,0.01,86,258094,买盘
10:17:40,30.01,-0.01,201,603261,卖盘
10:17:43,30.01,0.0,98,294118,卖盘
10:17:45,30.02,0.01,178,534193,买盘
10:17:49,30.01,-0.01,101,303098,卖盘
10:17:51,30.0,-0.01,40,120012,卖盘
10:17:55,30.01,0.01,19,57007,买盘
10:17:57,30.0,-0.01,17,51013,卖盘
10:18:00,30.01,0.01,50,150050,买盘
10:18:04,30.01,0.0,77,231038,买盘
10:18:06,30.01,0.0,56,168040,买盘
10:18:10,30.01,0.0,63,189051,买盘
10:18:13,30.01,0.0,1014,3042016,买盘
10:18:15,29.99,-0.02,2160,6481745,卖盘
10:18:19,29.99,0.0,65,194955,卖盘
10:18:21,30.0,0.01,28,83999,买盘
10:18:25,29.99,-0.01,137,410939,卖盘
10:18:28,30.0,0.01,48,143980,买盘
10:18:30,30.0,0.0,31,92981,买盘
10:18:33,30.0,0.0,30,89998,买盘
10:18:36,30.0,0.0,222,665949,买盘
10:18:40,30.0,0.0,113,339040,卖盘
10:18:43,30.01,0.01,72,216001,买盘
10:18:45,29.98,-0.03,4418,13247522,卖盘
10:18:48,29.98,0.0,114,341752,买盘
10:18:51,29.96,-0.02,1129,3383612,卖盘
10:18:54,29.96,0.0,96,287635,卖盘
10:18:58,29.96,0.0,1017,3046960,卖盘
10:19:02,29.95,-0.01,702,2102701,卖盘
10:19:04,29.95,0.0,850,2545785,卖盘
10:19:06,29.94,-0.01,972,2910923,卖盘
10:19:10,29.95,0.01,300,898078,买盘
10:19:12,29.91,-0.04,573,1714571,卖盘
10:19:15,29.92,0.01,212,634141,买盘
10:19:18,29.92,0.0,354,1058820,买盘
10:19:21,29.91,-0.01,128,382880,卖盘
10:19:25,29.92,0.01,287,858490,买盘
10:19:28,29.91,-0.01,716,2140495,卖盘
10:19:30,29.91,0.0,429,1283027,买盘
10:19:35,29.91,0.0,278,831286,买盘
10:19:36,29.91,0.0,1257,3758462,买盘
10:19:40,29.9,-0.01,411,1229093,卖盘
10:19:43,29.91,0.01,1250,3737566,买盘
10:19:45,29.9,-0.01,215,642888,卖盘
10:19:48,29.9,0.0,740,2211665,卖盘
10:19:51,29.9,0.0,65,194338,买盘
10:19:54,29.9,0.0,381,1138800,买盘
10:19:58,29.89,-0.01,208,621752,卖盘
10:20:00,29.88,-0.01,278,830887,卖盘
10:20:04,29.9,0.02,231,690513,买盘
10:20:06,29.89,-0.01,671,2005064,卖盘
10:20:10,29.88,-0.01,358,1069836,卖盘
10:20:13,29.86,-0.02,624,1865397,卖盘
10:20:15,29.89,0.03,188,560488,买盘
10:20:18,29.88,-0.01,750,2240629,卖盘
10:20:21,29.85,-0.03,450,1343638,卖盘
10:20:25,29.86,0.01,707,2110885,中性盘
10:20:28,29.88,0.02,327,976266,买盘
10:20:30,29.88,0.0,921,2749235,买盘
10:20:34,29.85,-0.03,391,1166993,卖盘
10:20:36,29.85,0.0,323,964388,卖盘
10:20:40,29.85,0.0,274,818431,卖盘
10:20:42,29.87,0.02,153,456837,卖盘
10:20:45,29.89,0.02,180,537556,买盘
10:20:49,29.87,-0.02,144,430114,中性盘
10:20:51,29.87,0.0,204,609261,买盘
10:20:55,29.86,-0.01,195,582322,卖盘
10:20:58,29.87,0.01,412,1230008,买盘
10:21:00,29.85,-0.02,435,1298730,卖盘
10:21:04,29.85,0.0,317,946465,卖盘
10:21:06,29.85,0.0,618,1844721,卖盘
10:21:10,29.86,0.01,334,996963,买盘
10:21:12,29.86,0.0,261,779176,卖盘
10:21:15,29.85,-0.01,87,259736,卖盘
10:21:19,29.85,0.0,299,892378,卖盘
10:21:21,29.86,0.01,140,417990,买盘
10:21:25,29.85,-0.01,275,820901,卖盘
10:21:27,29.86,0.01,43,128375,中性盘
10:21:30,29.85,-0.01,38,113453,卖盘
10:21:34,29.86,0.01,218,651006,买盘
10:21:36,29.86,0.0,22,65692,卖盘
10:21:40,29.86,0.0,111,331504,卖盘
10:21:42,29.87,0.01,53,158271,买盘
10:21:45,29.86,-0.01,113,337528,卖盘
10:21:48,29.87,0.01,126,376287,买盘
10:21:51,29.86,-0.01,121,361377,卖盘
10:21:55,29.86,0.0,183,546503,卖盘
10:21:58,29.86,0.0,370,1104854,卖盘
10:22:00,29.87,0.01,164,489751,买盘
10:22:04,29.85,-0.02,232,692649,卖盘
10:22:06,29.87,0.02,97,289684,买盘
10:22:09,29.86,-0.01,439,1311034,卖盘
10:22:13,29.86,0.0,132,394078,买盘
10:22:15,29.86,0.0,477,1424054,买盘
10:22:19,29.85,-0.01,120,358240,卖盘
10:22:21,29.84,-0.01,1524,4549012,卖盘
10:22:25,29.85,0.01,105,313434,中性盘
10:22:28,29.86,0.01,772,2303313,买盘
10:22:30,29.86,0.0,166,495482,买盘
10:22:34,29.84,-0.02,376,1121828,卖盘
10:22:36,29.86,0.02,150,447757,买盘
10:22:40,29.85,-0.01,279,832426,卖盘
10:22:42,29.85,0.0,87,259572,买盘
10:22:45,29.83,-0.02,327,975423,卖盘
10:22:48,29.85,0.02,85,253617,买盘
10:22:51,29.84,-0.01,75,223730,中性盘
10:22:55,29.84,0.0,364,1085877,买盘
10:22:58,29.83,-0.01,249,742765,卖盘
10:23:00,29.83,0.0,232,691890,买盘
10:23:03,29.83,0.0,209,623324,买盘
10:23:06,29.83,0.0,162,483193,买盘
10:23:10,29.83,0.0,824,2457236,买盘
10:23:12,29.82,-0.01,197,587545,卖盘
10:23:15,29.83,0.01,327,975186,买盘
10:23:19,29.81,-0.02,189,563587,卖盘
10:23:21,29.83,0.02,2045,6096559,买盘
10:23:25,29.81,-0.02,196,584162,卖盘
10:23:28,29.82,0.01,616,1835821,买盘
10:23:30,29.8,-0.02,189,563391,卖盘
10:23:34,29.8,0.0,239,712334,卖盘
10:23:36,29.82,0.02,470,1400680,买盘
10:23:39,29.82,0.0,221,658778,买盘
10:23:43,29.8,-0.02,5123,15266232,卖盘
10:23:45,29.8,0.0,352,1048506,买盘
10:23:49,29.78,-0.02,1225,3646990,卖盘
10:23:51,29.76,-0.02,940,2796724,卖盘
10:23:54,29.75,-0.01,703,2091522,卖盘
10:23:58,29.76,0.01,673,2003526,买盘
10:24:00,29.76,0.0,812,2414409,卖盘
10:24:04,29.75,-0.01,208,618971,卖盘
10:24:06,29.75,0.0,165,490720,卖盘
10:24:10,29.73,-0.02,416,1236674,卖盘
10:24:13,29.75,0.02,416,1237171,买盘
10:24:15,29.73,-0.02,214,636076,卖盘
10:24:19,29.73,0.0,345,1025679,卖盘
10:24:21,29.75,0.02,137,407404,买盘
10:24:25,29.72,-0.03,252,747701,卖盘
10:24:27,29.74,0.02,437,1298802,买盘
10:24:30,29.73,-0.01,343,1019615,卖盘
10:24:34,29.72,-0.01,714,2121960,卖盘
10:24:36,29.75,0.03,252,749347,买盘
10:24:40,29.74,-0.01,516,1533867,中性盘
10:24:43,29.72,-0.02,386,1147512,卖盘
10:24:45,29.74,0.02,195,579919,中性盘
10:24:48,29.73,-0.01,197,585737,卖盘
10:24:51,29.74,0.01,263,781958,中性盘
10:24:55,29.74,0.0,167,496461,买盘
10:24:58,29.74,0.0,504,1498409,买盘
10:25:00,29.74,0.0,200,594593,买盘
10:25:04,29.72,-0.02,400,1189067,卖盘
10:25:06,29.73,0.01,148,439961,买盘
10:25:10,29.73,0.0,864,2568093,买盘
10:25:13,29.73,0.0,215,639157,买盘
10:25:15,29.74,0.01,767,2279675,买盘
10:25:18,29.73,-0.01,288,856095,卖盘
10:25:21,29.73,0.0,269,799647,卖盘
10:25:24,29.73,0.0,142,422189,卖盘
10:25:28,29.74,0.01,174,517365,买盘
10:25:30,29.74,0.0,230,683844,买盘
10:25:33,29.74,0.0,241,716766,买盘
10:25:36,29.74,0.0,217,645242,卖盘
10:25:40,29.74,0.0,198,588976,卖盘
10:25:43,29.76,0.02,239,710823,买盘
10:25:45,29.77,0.01,381,1133414,买盘
10:25:49,29.74,-0.03,177,526597,中性盘
10:25:51,29.76,0.02,111,330258,买盘
10:25:55,29.76,0.0,161,479136,卖盘
10:25:57,29.75,-0.01,263,782678,卖盘
10:26:01,29.77,0.02,72,214313,买盘
10:26:04,29.78,0.01,292,869026,买盘
10:26:06,29.77,-0.01,116,345334,卖盘
10:26:10,29.77,0.0,161,479361,卖盘
10:26:13,29.78,0.01,216,643294,卖盘
10:26:15,29.77,-0.01,504,1500612,卖盘
10:26:19,29.77,0.0,318,947098,卖盘
10:26:21,29.78,0.01,329,979454,买盘
10:26:25,29.78,0.0,211,628110,中性盘
10:26:28,29.79,0.01,111,330579,买盘
10:26:31,29.78,-0.01,361,1075056,卖盘
10:26:33,29.78,0.0,298,887528,买盘
10:26:36,29.79,0.01,379,1129004,买盘
10:26:40,29.79,0.0,306,911395,卖盘
10:26:42,29.79,0.0,139,414033,卖盘
10:26:45,29.8,0.01,315,938397,买盘
10:26:48,29.8,0.0,136,405218,买盘
10:26:52,29.79,-0.01,246,732947,卖盘
10:26:55,29.78,-0.01,339,1009921,卖盘
10:26:58,29.8,0.02,435,1295730,买盘
10:27:01,29.8,0.0,213,634455,买盘
10:27:04,29.8,0.0,510,1518692,买盘
10:27:06,29.79,-0.01,266,792593,卖盘
10:27:10,29.8,0.01,159,473732,卖盘
10:27:13,29.8,0.0,199,592970,卖盘
10:27:16,29.81,0.01,128,381498,买盘
10:27:19,29.81,0.0,428,1275610,卖盘
10:27:21,29.82,0.01,165,491828,买盘
10:27:25,29.81,-0.01,404,1204182,卖盘
10:27:27,29.82,0.01,190,566186,买盘
10:27:31,29.82,0.0,184,548531,买盘
10:27:34,29.8,-0.02,70,208643,卖盘
10:27:37,29.81,0.01,366,1091349,买盘
10:27:40,29.81,0.0,153,456203,卖盘
10:27:43,29.8,-0.01,245,730182,卖盘
10:27:46,29.81,0.01,252,751053,买盘
10:27:48,29.8,-0.01,289,861403,卖盘
10:27:52,29.84,0.04,283,843526,买盘
10:27:55,29.82,-0.02,149,444188,中性盘
10:27:57,29.81,-0.01,107,319022,卖盘
10:28:00,29.84,0.03,239,712328,买盘
10:28:04,29.82,-0.02,44,131221,卖盘
10:28:07,29.84,0.02,117,348843,买盘
10:28:10,29.82,-0.02,80,238604,买盘
10:28:12,29.83,0.01,128,381685,买盘
10:28:16,29.81,-0.02,262,781295,卖盘
10:28:19,29.84,0.03,92,274304,买盘
10:28:22,29.8,-0.04,272,811086,卖盘
10:28:25,29.84,0.04,52,155114,买盘
10:28:28,29.82,-0.02,175,521958,卖盘
10:28:31,29.82,0.0,163,486123,卖盘
10:28:34,29.81,-0.01,161,480002,卖盘
10:28:37,29.84,0.03,315,939018,买盘
10:28:40,29.83,-0.01,219,652787,中性盘
10:28:43,29.81,-0.02,187,557375,卖盘
10:28:45,29.82,0.01,90,268394,买盘
10:28:49,29.81,-0.01,150,447271,卖盘
10:28:52,29.82,0.01,26,77515,中性盘
10:28:55,29.84,0.02,241,718649,买盘
10:28:57,29.82,-0.02,29,86471,卖盘
10:29:01,29.82,0.0,111,330916,卖盘
10:29:04,29.81,-0.01,108,321949,卖盘
10:29:07,29.81,0.0,169,503725,买盘
10:29:09,29.81,0.0,586,1746406,买盘
10:29:12,29.81,0.0,429,1278678,买盘
10:29:16,29.8,-0.01,191,569186,卖盘
10:29:19,29.78,-0.02,447,1331570,卖盘
10:29:22,29.84,0.06,224,667756,买盘
10:29:24,29.81,-0.03,121,360562,买盘
10:29:28,29.8,-0.01,636,1894314,卖盘
10:29:31,29.8,0.0,64,190695,买盘
10:29:34,29.77,-0.03,334,994796,卖盘
10:29:37,29.78,0.01,116,345453,中性盘
10:29:40,29.79,0.01,231,687831,买盘
10:29:42,29.77,-0.02,109,324574,卖盘
10:29:46,29.78,0.01,196,583371,买盘
10:29:49,29.77,-0.01,34,101222,卖盘
10:29:51,29.76,-0.01,183,544806,卖盘
10:29:54,29.79,0.03,92,273948,买盘
10:29:57,29.79,0.0,161,479498,买盘
10:30:00,29.79,0.0,120,357465,买盘
10:30:04,29.76,-0.03,207,616312,卖盘
10:30:07,29.79,0.03,100,297806,买盘
10:30:10,29.77,-0.02,207,616274,卖盘
10:30:13,29.79,0.02,181,538972,买盘
10:30:16,29.76,-0.03,127,378094,卖盘
10:30:19,29.76,0.0,354,1054006,卖盘
10:30:22,29.77,0.01,87,259016,中性盘
10:30:25,29.76,-0.01,201,598264,卖盘
10:30:28,29.77,0.01,190,565952,中性盘
10:30:31,29.77,0.0,134,398946,卖盘
10:30:34,29.78,0.01,286,851243,买盘
10:30:37,29.78,0.0,336,1000165,买盘
10:30:39,29.76,-0.02,196,583443,卖盘
10:30:43,29.78,0.02,77,229319,卖盘
10:30:45,29.8,0.02,294,875568,买盘
10:30:49,29.8,0.0,26,77447,买盘
10:30:52,29.78,-0.02,236,702776,卖盘
10:30:54,29.8,0.02,31,92362,买盘
10:30:57,29.76,-0.04,832,2476141,卖盘
10:31:01,29.76,0.0,93,276744,买盘
10:31:04,29.76,0.0,314,934354,买盘
10:31:07,29.76,0.0,149,443423,买盘
10:31:10,29.76,0.0,1092,3248815,买盘
10:31:13,29.75,-0.01,386,1148318,卖盘
10:31:16,29.75,0.0,603,1793379,买盘
10:31:18,29.74,-0.01,227,674989,中性盘
10:31:22,29.75,0.01,330,981256,买盘
10:31:25,29.75,0.0,508,1510877,买盘
10:31:27,29.73,-0.02,295,876991,卖盘
10:31:30,29.74,0.01,192,570781,买盘
10:31:34,29.75,0.01,265,788009,买盘
10:31:36,29.75,0.0,215,639175,卖盘
10:31:39,29.75,0.0,387,1150855,卖盘
10:31:42,29.75,0.0,333,990044,买盘
10:31:46,29.73,-0.02,334,993244,卖盘
10:31:48,29.71,-0.02,1186,3525540,卖盘
10:31:52,29.76,0.05,359,1068948,买盘
10:31:55,29.73,-0.03,350,1040762,卖盘
10:31:58,29.74,0.01,320,951421,买盘
10:32:01,29.71,-0.03,712,2116149,卖盘
10:32:04,29.73,0.02,124,368681,卖盘
10:32:07,29.75,0.02,252,748858,买盘
10:32:09,29.71,-0.04,533,1584087,卖盘
10:32:13,29.75,0.04,143,425226,买盘
10:32:15,29.75,0.0,468,1391050,买盘
10:32:18,29.73,-0.02,85,252726,中性盘
10:32:22,29.75,0.02,227,674869,买盘
10:32:25,29.73,-0.02,1650,4902460,中性盘
10:32:28,29.72,-0.01,127,377540,中性盘
10:32:31,29.73,0.01,721,2142749,中性盘
10:32:34,29.72,-0.01,287,852808,卖盘
10:32:36,29.73,0.01,469,1393458,买盘
10:32:40,29.71,-0.02,334,992349,卖盘
10:32:43,29.73,0.02,80,237736,买盘
10:32:46,29.73,0.0,384,1140781,买盘
10:32:48,29.73,0.0,199,591350,买盘
10:32:52,29.73,0.0,246,731050,买盘
10:32:54,29.72,-0.01,183,543918,中性盘
10:32:58,29.73,0.01,196,582490,买盘
10:33:01,29.73,0.0,481,1429598,买盘
10:33:04,29.72,-0.01,209,621338,卖盘
10:33:07,29.73,0.01,82,243728,中性盘
10:33:10,29.71,-0.02,4934,14655307,卖盘
10:33:13,29.7,-0.01,3349,9945811,卖盘
10:33:16,29.72,0.02,209,621217,买盘
10:33:19,29.71,-0.01,410,1218371,卖盘
10:33:21,29.72,0.01,237,704143,买盘
10:33:25,29.71,-0.01,696,2067322,卖盘
10:33:28,29.71,0.0,110,326850,卖盘
10:33:31,29.72,0.01,101,300125,买盘
10:33:34,29.72,0.0,272,808299,买盘
10:33:36,29.71,-0.01,547,1625192,卖盘
10:33:39,29.71,0.0,193,573511,买盘
10:33:43,29.71,0.0,281,835007,卖盘
10:33:46,29.7,-0.01,231,686304,卖盘
10:33:49,29.71,0.01,119,353591,卖盘
10:33:52,29.72,0.01,104,309062,买盘
10:33:55,29.72,0.0,56,166422,买盘
10:33:58,29.72,0.0,918,2726881,买盘
10:34:01,29.72,0.0,141,419015,买盘
10:34:04,29.71,-0.01,166,493285,卖盘
10:34:07,29.72,0.01,22,65384,卖盘
10:34:10,29.72,0.0,44,130778,卖盘
10:34:13,29.73,0.01,60,178358,买盘
10:34:15,29.73,0.0,53,157567,买盘
10:34:19,29.73,0.0,26,77299,卖盘
10:34:22,29.73,0.0,68,202169,卖盘
10:34:25,29.75,0.02,186,553213,买盘
10:34:27,29.73,-0.02,100,297336,卖盘
10:34:31,29.75,0.02,31,92199,买盘
10:34:34,29.75,0.0,36,107087,买盘
10:34:37,29.75,0.0,227,675029,买盘
10:34:39,29.74,-0.01,152,452171,卖盘
10:34:43,29.75,0.01,82,243897,买盘
10:34:46,29.75,0.0,82,243948,卖盘
10:34:49,29.75,0.0,173,514676,中性盘
10:34:52,29.75,0.0,347,1032173,买盘
10:34:55,29.75,0.0,202,600934,买盘
10:34:58,29.75,0.0,29,86276,卖盘
10:35:01,29.75,0.0,51,151757,卖盘
10:35:04,29.76,0.01,102,303537,买盘
10:35:07,29.76,0.0,14,41664,卖盘
10:35:10,29.77,0.01,104,309507,买盘
10:35:13,29.77,0.0,24,71448,买盘
10:35:16,29.77,0.0,63,187545,买盘
10:35:19,29.77,0.0,21,62517,卖盘
10:35:21,29.78,0.01,30,89340,买盘
10:35:25,29.79,0.01,39,116172,买盘
10:35:28,29.78,-0.01,21,62538,卖盘
10:35:31,29.79,0.01,204,607774,买盘
10:35:33,29.8,0.01,36,107268,买盘
10:35:37,29.82,0.02,885,2637888,买盘
10:35:40,29.82,0.0,24,71573,卖盘
10:35:43,29.83,0.01,15,44743,买盘
10:35:46,29.83,0.0,87,259522,买盘
10:35:49,29.83,0.0,15,44745,卖盘
10:35:52,29.84,0.01,124,369995,买盘
10:35:55,29.84,0.0,63,187097,卖盘
10:35:58,29.84,0.0,55,164150,卖盘
10:36:01,29.85,0.01,73,217888,买盘
10:36:04,29.85,0.0,125,373060,买盘
10:36:07,29.85,0.0,151,450763,买盘
10:36:09,29.85,0.0,9,26865,卖盘
10:36:12,29.85,0.0,88,262681,卖盘
10:36:16,29.86,0.01,197,588074,买盘
10:36:18,29.86,0.0,242,722597,买盘
10:36:22,29.86,0.0,135,403091,买盘
10:36:25,29.86,0.0,111,331434,买盘
10:36:28,29.86,0.0,210,627060,买盘
10:36:31,29.86,0.0,168,503757,买盘
10:36:34,29.86,0.0,61,182146,卖盘
10:36:37,29.86,0.0,234,698717,卖盘
10:36:40,29.87,0.01,60,179167,买盘
10:36:42,29.86,-0.01,227,677981,卖盘
10:36:45,29.87,0.01,216,644963,买盘
10:36:49,29.87,0.0,89,265843,买盘
10:36:52,29.86,-0.01,187,558403,卖盘
10:36:55,29.87,0.01,47,140362,中性盘
10:36:57,29.86,-0.01,109,325477,卖盘
10:37:00,29.87,0.01,80,239010,卖盘
10:37:04,29.86,-0.01,263,785426,卖盘
10:37:07,29.87,0.01,212,633153,买盘
10:37:10,29.86,-0.01,188,561462,卖盘
10:37:12,29.86,0.0,86,256801,卖盘
10:37:16,29.88,0.02,244,728995,买盘
10:37:18,29.88,0.0,451,1347591,卖盘
10:37:21,29.86,-0.02,107,319615,卖盘
10:37:24,29.86,0.0,154,460038,卖盘
10:37:27,29.86,0.0,378,1129196,卖盘
10:37:30,29.86,0.0,77,229949,卖盘
10:37:33,29.87,0.01,49,146342,中性盘
10:37:37,29.86,-0.01,527,1574088,卖盘
10:37:39,29.88,0.02,73,218018,买盘
10:37:43,29.85,-0.03,359,1071744,卖盘
10:37:46,29.86,0.01,263,785122,买盘
10:37:49,29.86,0.0,98,292555,买盘
10:37:52,29.85,-0.01,49,146286,卖盘
10:37:56,29.84,-0.01,160,475461,卖盘
10:37:58,29.85,0.01,121,361224,买盘
10:38:01,29.84,-0.01,135,402987,卖盘
10:38:04,29.85,0.01,83,247698,买盘
10:38:07,29.86,0.01,233,695604,买盘
10:38:09,29.88,0.02,26,77651,买盘
10:38:13,29.86,-0.02,73,217978,卖盘
10:38:15,29.85,-0.01,65,194061,卖盘
10:38:19,29.85,0.0,24,71643,卖盘
10:38:21,29.85,0.0,61,182102,卖盘
10:38:25,29.85,0.0,77,229889,卖盘
10:38:28,29.86,0.01,24,71656,买盘
10:38:31,29.86,0.0,46,137318,买盘
10:38:34,29.86,0.0,61,182111,买盘
10:38:37,29.86,0.0,207,617831,买盘
10:38:40,29.86,0.0,80,238876,买盘
10:38:43,29.86,0.0,24,71658,买盘
10:38:46,29.86,0.0,47,140321,买盘
10:38:49,29.86,0.0,59,176168,买盘
10:38:52,29.85,-0.01,18,53744,卖盘
10:38:55,29.85,0.0,32,95533,卖盘
10:38:57,29.85,0.0,33,98522,卖盘
10:39:01,29.85,0.0,390,1164827,卖盘
10:39:04,29.85,0.0,18,53730,买盘
10:39:07,29.85,0.0,61,182075,买盘
10:39:10,29.85,0.0,95,283557,买盘
10:39:12,29.86,0.01,8,23888,卖盘
10:39:16,29.86,0.0,16,47776,卖盘
10:39:18,29.86,0.0,52,155221,买盘
10:39:22,29.86,0.0,85,253728,买盘
10:39:25,29.86,0.0,30,89570,买盘
10:39:27,29.86,0.0,8,23882,买盘
10:39:31,29.85,-0.01,97,289628,卖盘
10:39:34,29.85,0.0,63,188058,卖盘
10:39:37,29.86,0.01,229,683506,买盘
10:39:40,29.86,0.0,8,23888,卖盘
10:39:43,29.86,0.0,49,146314,卖盘
10:39:49,29.87,0.01,3,8961,买盘
10:39:51,29.86,-0.01,17,50762,卖盘
10:39:55,29.86,0.0,15,44790,卖盘
10:39:58,29.86,0.0,57,170256,卖盘
10:40:02,29.86,0.0,76,226988,卖盘
10:40:04,29.87,0.01,18,53754,买盘
10:40:06,29.86,-0.01,239,713668,卖盘
10:40:09,29.85,-0.01,89,265711,卖盘
10:40:13,29.84,-0.01,210,626986,卖盘
10:40:16,29.83,-0.01,35,104469,卖盘
10:40:19,29.85,0.02,32,95512,买盘
10:40:22,29.86,0.01,53,158240,买盘
10:40:25,29.86,0.0,12,35817,买盘
10:40:28,29.86,0.0,24,71645,买盘
10:40:31,29.85,-0.01,59,176130,卖盘
10:40:34,29.84,-0.01,15,44766,卖盘
10:40:37,29.84,0.0,65,193952,卖盘
10:40:40,29.84,0.0,6,17904,买盘
10:40:43,29.84,0.0,185,551885,买盘
10:40:46,29.84,0.0,232,692132,买盘
10:40:49,29.84,0.0,80,238656,买盘
10:40:52,29.84,0.0,21,62653,买盘
10:40:55,29.83,-0.01,17,50712,卖盘
10:40:58,29.84,0.01,48,143201,买盘
10:41:00,29.83,-0.01,235,701103,卖盘
10:41:03,29.83,0.0,19,56697,卖盘
10:41:07,29.85,0.02,34,101461,买盘
10:41:10,29.84,-0.01,37,110408,卖盘
10:41:13,29.85,0.01,216,644568,买盘
10:41:15,29.84,-0.01,11,32834,卖盘
10:41:19,29.85,0.01,33,98492,买盘
10:41:21,29.84,-0.01,29,86542,卖盘
10:41:25,29.84,0.0,21,62682,卖盘
10:41:28,29.85,0.01,19,56707,买盘
10:41:30,29.84,-0.01,54,161164,卖盘
10:41:34,29.85,0.01,59,176098,买盘
10:41:37,29.84,-0.01,180,537078,卖盘
10:41:40,29.84,0.0,33,98464,买盘
10:41:43,29.84,0.0,138,411846,买盘
10:41:46,29.84,0.0,26,77603,卖盘
10:41:49,29.85,0.01,55,164175,买盘
10:41:53,29.83,-0.02,121,361014,卖盘
10:41:55,29.83,0.0,13,38801,卖盘
10:41:58,29.83,0.0,36,107397,卖盘
10:42:01,29.84,0.01,41,122414,中性盘
10:42:04,29.84,0.0,61,182053,卖盘
10:42:07,29.84,0.0,19,56708,卖盘
10:42:10,29.84,0.0,14,41796,卖盘
10:42:13,29.83,-0.01,75,223808,卖盘
10:42:15,29.83,0.0,67,199988,卖盘
10:42:18,29.84,0.01,27,80568,卖盘
10:42:22,29.83,-0.01,30,89516,卖盘
10:42:25,29.83,0.0,356,1061988,卖盘
10:42:28,29.82,-0.01,246,733634,卖盘
10:42:31,29.82,0.0,220,656044,卖盘
10:42:34,29.83,0.01,348,1037563,买盘
10:42:37,29.81,-0.02,288,858733,卖盘
10:42:40,29.8,-0.01,37,110281,卖盘
10:42:43,29.81,0.01,12,35769,买盘
10:42:45,29.82,0.01,24,71536,买盘
10:42:49,29.8,-0.02,71,211582,卖盘
10:42:50,29.81,0.01,40,119256,中性盘
10:42:55,29.82,0.01,8,23856,中性盘
10:42:58,29.82,0.0,31,92435,中性盘
10:43:00,29.83,0.01,177,527648,买盘
10:43:04,29.81,-0.02,25,74513,卖盘
10:43:05,29.81,0.0,67,199706,买盘
10:43:10,29.82,0.01,163,485910,买盘
10:43:13,29.81,-0.01,119,354667,卖盘
10:43:16,29.81,0.0,50,149073,中性盘
10:43:18,29.81,0.0,13,38756,卖盘
10:43:22,29.81,0.0,43,128211,卖盘
10:43:25,29.81,0.0,39,116267,卖盘
10:43:30,29.82,0.01,40,119271,买盘
10:43:34,29.81,-0.01,36,107322,卖盘
10:43:38,29.82,0.01,408,1216799,买盘
10:43:40,29.81,-0.01,111,330923,卖盘
10:43:43,29.81,0.0,85,252937,卖盘
10:43:45,29.8,-0.01,189,563242,卖盘
10:43:48,29.81,0.01,246,733120,买盘
10:43:51,29.8,-0.01,25,74501,卖盘
10:43:55,29.81,0.01,58,172882,买盘
10:43:58,29.81,0.0,37,110294,买盘
10:44:01,29.81,0.0,16,47695,买盘
10:44:04,29.8,-0.01,49,146043,卖盘
10:44:06,29.81,0.01,50,149029,买盘
10:44:10,29.81,0.0,160,476826,买盘
10:44:13,29.8,-0.01,37,110275,卖盘
10:44:16,29.81,0.01,74,220538,买盘
10:44:18,29.81,0.0,77,229523,买盘
10:44:22,29.81,0.0,57,170394,买盘
10:44:24,29.81,0.0,26,77506,卖盘
10:44:28,29.81,0.0,21,62601,卖盘
10:44:31,29.81,0.0,82,244482,卖盘
10:44:34,29.81,0.0,7,20868,卖盘
10:44:37,29.8,-0.01,204,608079,卖盘
10:44:40,29.81,0.01,37,110300,卖盘
10:44:43,29.82,0.01,31,92413,买盘
10:44:46,29.82,0.0,117,348875,买盘
10:44:49,29.81,-0.01,26,77506,卖盘
10:44:53,29.82,0.01,26,77512,买盘
10:44:55,29.81,-0.01,23,68563,卖盘
10:44:58,29.81,0.0,90,268322,卖盘
10:45:01,29.81,0.0,31,92406,卖盘
10:45:04,29.82,0.01,56,166943,买盘
10:45:07,29.82,0.0,17,50679,买盘
10:45:10,29.81,-0.01,29,86452,卖盘
10:45:12,29.81,0.0,21,62601,卖盘
10:45:16,29.82,0.01,199,593235,买盘
10:45:19,29.81,-0.01,11,32791,卖盘
10:45:21,29.81,0.0,14,41740,卖盘
10:45:25,29.8,-0.01,674,2008611,卖盘
10:45:28,29.82,0.02,168,500970,买盘
10:45:31,29.81,-0.01,97,289229,卖盘
10:45:34,29.81,0.0,87,259395,卖盘
10:45:37,29.82,0.01,207,616892,买盘
10:45:40,29.81,-0.01,62,184881,卖盘
10:45:43,29.8,-0.01,15,44717,卖盘
10:45:46,29.82,0.02,232,691700,买盘
10:45:49,29.82,0.0,16,47712,卖盘
10:45:52,29.82,0.0,7,20874,卖盘
10:45:55,29.82,0.0,199,593418,卖盘
10:45:58,29.82,0.0,249,742500,卖盘
10:46:01,29.82,0.0,67,199794,买盘
10:46:04,29.81,-0.01,35,104347,卖盘
10:46:08,29.82,0.01,32,95414,买盘
10:46:10,29.82,0.0,50,149081,买盘
10:46:13,29.82,0.0,25,74542,买盘
10:46:15,29.82,0.0,71,211642,买盘
10:46:19,29.81,-0.01,90,268308,卖盘
10:46:22,29.81,0.0,39,116262,买盘
10:46:25,29.81,0.0,64,190780,买盘
10:46:28,29.81,0.0,140,417207,买盘
10:46:30,29.8,-0.01,12,35760,卖盘
10:46:33,29.81,0.01,128,381563,买盘
10:46:38,29.8,-0.01,229,682285,卖盘
10:46:39,29.81,0.01,51,151996,买盘
10:46:43,29.81,0.0,65,193734,卖盘
10:46:46,29.81,0.0,105,313055,卖盘
10:46:49,29.81,0.0,20,59620,卖盘
10:46:52,29.81,0.0,112,334307,买盘
10:46:55,29.81,0.0,2,5962,卖盘
10:46:57,29.81,0.0,105,312980,卖盘
10:47:01,29.81,0.0,48,143066,卖盘
10:47:04,29.81,0.0,67,199701,买盘
10:47:07,29.8,-0.01,30,89401,卖盘
10:47:10,29.8,0.0,34,101321,卖盘
10:47:13,29.8,0.0,77,229480,卖盘
10:47:16,29.81,0.01,63,187309,买盘
10:47:19,29.81,0.0,25,74513,买盘
10:47:22,29.8,-0.01,87,259787,卖盘
10:47:25,29.81,0.01,21,62593,中性盘
10:47:28,29.83,0.02,146,435387,买盘
10:47:31,29.83,0.0,111,331113,卖盘
10:47:34,29.84,0.01,139,414372,买盘
10:47:38,29.8,-0.04,34,101384,卖盘
10:47:40,29.81,0.01,39,116259,买盘
10:47:42,29.8,-0.01,58,172885,卖盘
10:47:46,29.86,0.06,440,1313311,买盘
10:47:49,29.8,-0.06,194,578578,卖盘
10:47:51,29.87,0.07,252,751012,买盘
10:47:55,29.82,-0.05,9,26838,中性盘
10:47:58,29.8,-0.02,37,110297,卖盘
10:48:01,29.83,0.03,77,229691,买盘
10:48:04,29.83,0.0,32,95530,卖盘
10:48:07,29.83,0.0,52,155159,卖盘
10:48:10,29.83,0.0,13,38779,卖盘
10:48:13,29.83,0.0,18,53695,卖盘
10:48:16,29.83,0.0,43,128282,卖盘
10:48:19,29.83,0.0,32,95456,买盘
10:48:21,29.83,0.0,67,199861,买盘
10:48:24,29.82,-0.01,8,23860,卖盘
10:48:28,29.83,0.01,123,366824,买盘
10:48:31,29.82,-0.01,15,44739,卖盘
10:48:34,29.85,0.03,27,80595,卖盘
10:48:38,29.83,-0.02,204,608631,卖盘
10:48:39,29.83,0.0,51,152193,卖盘
10:48:42,29.86,0.03,38,113393,卖盘
10:48:46,29.87,0.01,34,101541,买盘
10:48:49,29.87,0.0,89,265649,买盘
10:48:52,29.84,-0.03,16,47754,卖盘
10:48:55,29.87,0.03,65,194126,买盘
10:48:58,29.86,-0.01,4,11946,卖盘
10:49:01,29.86,0.0,29,86605,卖盘
10:49:04,29.86,0.0,12,35833,卖盘
10:49:07,29.86,0.0,125,373354,卖盘
10:49:10,29.87,0.01,14,41810,买盘
10:49:13,29.86,-0.01,18,53752,卖盘
10:49:16,29.87,0.01,17,50777,买盘
10:49:19,29.87,0.0,24,71688,卖盘
10:49:22,29.88,0.01,4,11952,买盘
10:49:24,29.89,0.01,357,1066908,买盘
10:49:28,29.87,-0.02,35,104547,卖盘
10:49:31,29.86,-0.01,41,122466,卖盘
10:49:34,29.87,0.01,30,89598,买盘
10:49:37,29.88,0.01,357,1066458,买盘
10:49:40,29.87,-0.01,116,346595,卖盘
10:49:43,29.87,0.0,14,41823,卖盘
10:49:46,29.88,0.01,13,38836,买盘
10:49:49,29.92,0.04,583,1743680,买盘
10:49:52,29.92,0.0,2,5984,卖盘
10:49:55,29.92,0.0,469,1403250,卖盘
10:49:58,29.92,0.0,419,1253629,买盘
10:50:00,29.9,-0.02,38,113650,卖盘
10:50:04,29.93,0.03,658,1968293,买盘
10:50:07,29.93,0.0,114,341202,卖盘
10:50:09,29.92,-0.01,75,224452,卖盘
10:50:13,29.93,0.01,20,59846,买盘
10:50:16,29.91,-0.02,93,278360,卖盘
10:50:19,29.92,0.01,105,314256,买盘
10:50:22,29.93,0.01,211,631448,买盘
10:50:25,29.93,0.0,14,41895,卖盘
10:50:28,29.92,-0.01,14,41895,中性盘
10:50:31,29.92,0.0,23,68791,买盘
10:50:34,29.92,0.0,119,356026,买盘
10:50:37,29.93,0.01,318,951467,买盘
10:50:40,29.93,0.0,67,200510,买盘
10:50:43,29.92,-0.01,405,1211817,卖盘
10:50:46,29.9,-0.02,542,1621231,卖盘
10:50:49,29.9,0.0,43,128570,买盘
10:50:52,29.9,0.0,152,454443,买盘
10:50:55,29.9,0.0,45,134518,买盘
10:50:58,29.89,-0.01,29,86705,卖盘
10:51:00,29.9,0.01,22,65769,中性盘
10:51:04,29.93,0.03,26,77763,买盘
10:51:06,29.9,-0.03,63,188370,卖盘
10:51:10,29.9,0.0,52,155465,买盘
10:51:13,29.91,0.01,80,239203,买盘
10:51:15,29.9,-0.01,102,304989,卖盘
10:51:19,29.92,0.02,62,185497,买盘
10:51:21,29.91,-0.01,7,20937,卖盘
10:51:25,29.92,0.01,103,308093,买盘
10:51:27,29.92,0.0,160,478709,买盘
10:51:30,29.9,-0.02,80,239254,卖盘
10:51:33,29.92,0.02,42,125702,中性盘
10:51:38,29.92,0.0,256,765789,卖盘
10:51:39,29.92,0.0,27,80784,卖盘
10:51:43,29.91,-0.01,38,113667,卖盘
10:51:46,29.91,0.0,8,23928,卖盘
10:51:49,29.92,0.01,59,176484,买盘
10:51:52,29.91,-0.01,25,74795,卖盘
10:51:55,29.91,0.0,40,119653,卖盘
10:51:58,29.91,0.0,205,613340,卖盘
10:52:01,29.91,0.0,58,173468,买盘
10:52:03,29.91,0.0,201,601370,买盘
10:52:07,29.91,0.0,2,5982,卖盘
10:52:10,29.92,0.01,12,35904,卖盘
10:52:13,29.92,0.0,44,131655,卖盘
10:52:16,29.92,0.0,287,858983,卖盘
10:52:19,29.93,0.01,49,146654,买盘
10:52:22,29.93,0.0,16,47888,卖盘
10:52:24,29.94,0.01,29,86819,买盘
10:52:28,29.93,-0.01,11,32923,卖盘
10:52:30,29.95,0.02,268,802385,买盘
10:52:34,29.93,-0.02,60,179650,卖盘
10:52:37,29.92,-0.01,163,487832,卖盘
10:52:40,29.92,0.0,132,395142,卖盘
10:52:43,29.92,0.0,171,511685,中性盘
10:52:46,29.92,0.0,107,320180,卖盘
10:52:49,29.92,0.0,426,1275295,卖盘
10:52:52,29.91,-0.01,47,140615,卖盘
10:52:55,29.92,0.01,38,113679,买盘
10:52:58,29.92,0.0,64,191486,买盘
10:53:00,29.92,0.0,81,242295,买盘
10:53:04,29.92,0.0,44,131634,买盘
10:53:07,29.92,0.0,33,98719,买盘
10:53:10,29.91,-0.01,63,188454,卖盘
10:53:13,29.91,0.0,47,140585,卖盘
10:53:16,29.91,0.0,28,83739,买盘
10:53:19,29.91,0.0,38,113647,买盘
10:53:22,29.92,0.01,114,341014,买盘
10:53:24,29.92,0.0,260,777537,买盘
10:53:28,29.91,-0.01,147,439613,卖盘
10:53:31,29.91,0.0,25,74785,卖盘
10:53:34,29.92,0.01,9,26921,买盘
10:53:38,29.91,-0.01,197,590155,卖盘
10:53:39,29.91,0.0,161,480689,卖盘
10:53:43,29.91,0.0,28,83748,买盘
10:53:46,29.91,0.0,14,41872,买盘
10:53:49,29.9,-0.01,162,484441,卖盘
10:53:52,29.91,0.01,1,2991,中性盘
10:53:54,29.91,0.0,40,119670,卖盘
10:53:58,29.92,0.01,65,194457,买盘
10:54:01,29.91,-0.01,15,44867,卖盘
10:54:04,29.92,0.01,6,17952,卖盘
10:54:07,29.91,-0.01,8,23932,卖盘
10:54:10,29.93,0.02,13,38899,买盘
10:54:14,29.93,0.0,58,173514,买盘
10:54:15,29.93,0.0,13,38901,买盘
10:54:19,29.92,-0.01,10,29918,卖盘
10:54:22,29.93,0.01,149,445837,买盘
10:54:24,29.93,0.0,80,239379,买盘
10:54:27,29.92,-0.01,37,110719,卖盘
10:54:30,29.92,0.0,29,86778,卖盘
10:54:33,29.93,0.01,119,356074,买盘
10:54:37,29.91,-0.02,283,846790,卖盘
10:54:39,29.91,0.0,64,191377,买盘
10:54:43,29.91,0.0,46,137557,买盘
10:54:46,29.92,0.01,367,1097518,买盘
10:54:49,29.91,-0.01,250,747968,卖盘
10:54:51,29.91,0.0,198,592220,卖盘
10:54:55,29.9,-0.01,86,257200,卖盘
10:54:58,29.9,0.0,38,113630,卖盘
10:55:01,29.92,0.02,98,293119,买盘
10:55:03,29.91,-0.01,63,188423,卖盘
10:55:07,29.91,0.0,99,296060,买盘
10:55:10,29.88,-0.03,700,2091857,卖盘
10:55:14,29.88,0.0,92,274896,买盘
10:55:16,29.87,-0.01,107,319673,卖盘
10:55:19,29.88,0.01,121,361446,买盘
10:55:22,29.87,-0.01,9,26883,卖盘
10:55:25,29.86,-0.01,27,80644,卖盘
10:55:27,29.87,0.01,24,71666,中性盘
10:55:31,29.87,0.0,14,41818,买盘
10:55:34,29.87,0.0,169,504659,买盘
10:55:37,29.85,-0.02,463,1382149,卖盘
10:55:40,29.84,-0.01,25,74612,卖盘
10:55:43,29.84,0.0,52,155213,卖盘
10:55:46,29.84,0.0,203,605953,卖盘
10:55:49,29.84,0.0,21,62674,卖盘
10:55:52,29.85,0.01,582,1737242,买盘
10:55:55,29.85,0.0,41,122391,卖盘
10:55:57,29.85,0.0,37,110458,卖盘
10:56:01,29.85,0.0,20,59700,卖盘
10:56:04,29.86,0.01,28,83589,买盘
10:56:07,29.86,0.0,17,50761,买盘
10:56:10,29.85,-0.01,38,113445,卖盘
10:56:13,29.85,0.0,76,226876,卖盘
10:56:16,29.85,0.0,69,206022,卖盘
10:56:19,29.85,0.0,31,92545,卖盘
10:56:22,29.84,-0.01,527,1572857,卖盘
10:56:24,29.84,0.0,204,608726,买盘
10:56:28,29.84,0.0,120,357997,买盘
10:56:31,29.84,0.0,90,268547,买盘
10:56:34,29.83,-0.01,68,202875,卖盘
10:56:37,29.82,-0.01,313,933639,卖盘
10:56:40,29.83,0.01,31,92455,买盘
10:56:43,29.81,-0.02,249,742488,卖盘
10:56:46,29.81,0.0,37,110323,卖盘
10:56:49,29.82,0.01,89,265517,卖盘
10:56:51,29.84,0.02,108,322040,买盘
10:56:55,29.83,-0.01,67,199852,中性盘
10:56:58,29.82,-0.01,51,152083,卖盘
10:57:00,29.82,0.0,40,119283,卖盘
10:57:04,29.81,-0.01,35,104357,卖盘
10:57:07,29.81,0.0,310,924194,卖盘
10:57:10,29.81,0.0,155,462231,卖盘
10:57:13,29.82,0.01,23,68585,中性盘
10:57:16,29.81,-0.01,112,333894,卖盘
10:57:19,29.82,0.01,45,134183,买盘
10:57:22,29.81,-0.01,98,292193,卖盘
10:57:25,29.82,0.01,127,378599,中性盘
10:57:27,29.81,-0.01,36,107342,卖盘
10:57:32,29.82,0.01,1482,4417948,买盘
10:57:34,29.82,0.0,41,122260,卖盘
10:57:36,29.81,-0.01,184,548510,卖盘
10:57:40,29.82,0.01,571,1702208,卖盘
10:57:43,29.82,0.0,68,202816,卖盘
10:57:46,29.81,-0.01,108,321954,卖盘
10:57:49,29.82,0.01,67,199756,中性盘
10:57:52,29.81,-0.01,76,226614,卖盘
10:57:55,29.82,0.01,58,172943,买盘
10:57:58,29.82,0.0,21,62621,买盘
10:58:01,29.82,0.0,71,211709,买盘
10:58:04,29.81,-0.01,147,438229,卖盘
10:58:07,29.82,0.01,71,211720,买盘
10:58:10,29.82,0.0,29,86478,卖盘
10:58:12,29.82,0.0,79,235577,卖盘
10:58:16,29.81,-0.01,195,581330,卖盘
10:58:19,29.81,0.0,96,286188,卖盘
10:58:21,29.81,0.0,80,238560,卖盘
10:58:25,29.81,0.0,124,369858,卖盘
10:58:27,29.81,0.0,48,143088,卖盘
10:58:30,29.82,0.01,47,140151,买盘
10:58:34,29.82,0.0,43,128218,买盘
10:58:37,29.82,0.0,246,733394,买盘
10:58:39,29.82,0.0,16,47702,卖盘
10:58:43,29.82,0.0,44,131209,卖盘
10:58:46,29.82,0.0,135,402328,卖盘
10:58:49,29.82,0.0,41,122267,卖盘
10:58:52,29.81,-0.01,19,56656,卖盘
10:58:55,29.82,0.01,106,316075,买盘
10:58:58,29.81,-0.01,75,223638,卖盘
10:59:01,29.82,0.01,35,104362,买盘
10:59:04,29.82,0.0,25,74550,买盘
10:59:07,29.82,0.0,70,208740,买盘
10:59:10,29.82,0.0,112,333387,卖盘
10:59:13,29.82,0.0,15,44736,卖盘
10:59:16,29.82,0.0,55,164011,卖盘
10:59:19,29.82,0.0,60,178969,卖盘
10:59:21,29.82,0.0,84,250551,卖盘
10:59:25,29.83,0.01,24,71581,买盘
10:59:28,29.82,-0.01,46,137192,卖盘
10:59:31,29.82,0.0,15,44731,卖盘
10:59:34,29.82,0.0,129,384798,卖盘
10:59:36,29.82,0.0,218,650088,卖盘
10:59:40,29.82,0.0,37,110352,卖盘
10:59:43,29.82,0.0,31,92443,卖盘
10:59:46,29.82,0.0,9,26840,卖盘
10:59:49,29.82,0.0,42,125284,卖盘
10:59:51,29.83,0.01,32,95435,买盘
10:59:55,29.83,0.0,144,429532,买盘
10:59:58,29.83,0.0,42,125286,卖盘
11:00:01,29.83,0.0,69,205829,卖盘
11:00:04,29.83,0.0,33,98444,卖盘
11:00:07,29.84,0.01,68,202857,买盘
11:00:09,29.84,0.0,165,492264,买盘
11:00:13,29.84,0.0,123,369064,卖盘
11:00:15,29.84,0.0,29,86533,卖盘
11:00:19,29.84,0.0,18,53717,卖盘
11:00:22,29.85,0.01,11,32834,买盘
11:00:25,29.84,-0.01,34,101466,卖盘
11:00:28,29.85,0.01,132,393902,买盘
11:00:31,29.84,-0.01,61,182075,卖盘
11:00:34,29.83,-0.01,48,143191,卖盘
11:00:37,29.82,-0.01,185,549703,卖盘
11:00:40,29.82,0.0,611,1822926,卖盘
11:00:43,29.81,-0.01,59,175901,卖盘
11:00:46,29.84,0.03,87,259490,买盘
11:00:48,29.82,-0.02,59,175947,卖盘
11:00:52,29.83,0.01,3,8949,卖盘
11:00:55,29.83,0.0,28,85040,卖盘
11:00:58,29.84,0.01,32,95470,买盘
11:01:01,29.84,0.0,197,587488,买盘
11:01:04,29.84,0.0,27,80567,买盘
11:01:06,29.83,-0.01,17,50711,卖盘
11:01:10,29.84,0.01,44,131295,买盘
11:01:13,29.84,0.0,31,92504,卖盘
11:01:15,29.84,0.0,77,229768,卖盘
11:01:19,29.84,0.0,12,35812,卖盘
11:01:22,29.84,0.0,28,83564,卖盘
11:01:25,29.85,0.01,88,262630,中性盘
11:01:28,29.84,-0.01,20,59684,卖盘
11:01:31,29.85,0.01,12,35820,卖盘
11:01:34,29.87,0.02,16,47769,买盘
11:01:37,29.85,-0.02,221,659578,卖盘
11:01:40,29.85,0.0,14,41790,卖盘
11:01:43,29.87,0.02,128,382306,买盘
11:01:46,29.85,-0.02,17,50775,卖盘
11:01:49,29.88,0.03,24,71691,买盘
11:01:52,29.87,-0.01,14,41818,卖盘
11:01:55,29.88,0.01,78,232991,买盘
11:01:57,29.88,0.0,19,56771,买盘
11:02:01,29.88,0.0,8,23904,卖盘
11:02:04,29.88,0.0,24,71712,卖盘
11:02:07,29.88,0.0,43,128476,卖盘
11:02:10,29.88,0.0,28,83661,买盘
11:02:13,29.88,0.0,48,143394,买盘
11:02:16,29.88,0.0,36,107559,买盘
11:02:19,29.88,0.0,15,44807,买盘
11:02:22,29.88,0.0,22,65732,买盘
11:02:25,29.87,-0.01,13,38831,卖盘
11:02:28,29.88,0.01,58,173259,买盘
11:02:30,29.86,-0.02,5,14936,卖盘
11:02:34,29.86,0.0,54,161244,卖盘
11:02:37,29.85,-0.01,175,522456,卖盘
11:02:40,29.85,0.0,17,50745,卖盘
11:02:42,29.87,0.02,9,26868,买盘
11:02:46,29.85,-0.02,7,20901,卖盘
11:02:49,29.86,0.01,16,47765,买盘
11:02:52,29.86,0.0,44,131370,买盘
11:02:55,29.86,0.0,6,17915,买盘
11:02:58,29.86,0.0,17,50752,买盘
11:03:01,29.85,-0.01,56,167200,卖盘
11:03:03,29.85,0.0,30,89551,卖盘
11:03:06,29.86,0.01,22,65680,买盘
11:03:10,29.85,-0.01,12,35820,卖盘
11:03:13,29.86,0.01,51,152270,买盘
11:03:16,29.86,0.0,15,44790,买盘
11:03:19,29.86,0.0,66,197013,买盘
11:03:22,29.86,0.0,21,62695,买盘
11:03:25,29.85,-0.01,162,483680,卖盘
11:03:28,29.86,0.01,3,8957,买盘
11:03:31,29.85,-0.01,172,513572,卖盘
11:03:34,29.85,0.0,62,185096,卖盘
11:03:37,29.85,0.0,276,823961,卖盘
11:03:39,29.85,0.0,594,1773087,卖盘
11:03:43,29.85,0.0,40,119392,买盘
11:03:45,29.84,-0.01,15,44762,卖盘
11:03:49,29.85,0.01,39,116415,买盘
11:03:52,29.85,0.0,28,83555,买盘
11:03:55,29.84,-0.01,41,122370,卖盘
11:03:58,29.85,0.01,19,56702,买盘
11:04:01,29.85,0.0,79,235807,买盘
11:04:04,29.85,0.0,23,68636,买盘
11:04:06,29.83,-0.02,27,80565,卖盘
11:04:10,29.84,0.01,8,23877,中性盘
11:04:13,29.85,0.01,13,38801,买盘
11:04:16,29.84,-0.01,8,23872,卖盘
11:04:18,29.85,0.01,517,1543233,买盘
11:04:22,29.84,-0.01,13,38798,卖盘
11:04:25,29.84,0.0,16,47751,卖盘
11:04:27,29.84,0.0,179,534284,卖盘
11:04:31,29.84,0.0,35,104451,卖盘
11:04:34,29.84,0.0,97,289449,卖盘
11:04:38,29.83,-0.01,188,560816,卖盘
11:04:39,29.83,0.0,17,50713,卖盘
11:04:43,29.83,0.0,19,56691,卖盘
11:04:45,29.84,0.01,96,286417,买盘
11:04:49,29.84,0.0,59,176044,买盘
11:04:52,29.84,0.0,10,29834,买盘
11:04:55,29.83,-0.01,120,358066,卖盘
11:04:58,29.84,0.01,80,238707,买盘
11:05:00,29.84,0.0,12,35808,卖盘
11:05:04,29.84,0.0,102,304464,卖盘
11:05:06,29.84,0.0,84,250686,卖盘
11:05:10,29.84,0.0,26,77585,卖盘
11:05:13,29.85,0.01,11,32835,买盘
11:05:16,29.84,-0.01,64,190978,卖盘
11:05:18,29.84,0.0,28,83554,卖盘
11:05:22,29.84,0.0,61,182028,卖盘
11:05:25,29.85,0.01,28,83554,买盘
11:05:28,29.85,0.0,16,47760,买盘
11:05:31,29.84,-0.01,15,44761,卖盘
11:05:33,29.85,0.01,26,77590,买盘
11:05:36,29.84,-0.01,184,548970,卖盘
11:05:39,29.84,0.0,132,393888,买盘
11:05:43,29.85,0.01,29,86520,买盘
11:05:46,29.85,0.0,37,110426,买盘
11:05:49,29.83,-0.02,36,107409,卖盘
11:05:52,29.85,0.02,64,191037,买盘
11:05:54,29.84,-0.01,22,65658,卖盘
11:05:58,29.85,0.01,13,38805,买盘
11:06:01,29.85,0.0,137,408934,买盘
11:06:04,29.85,0.0,34,101461,买盘
11:06:07,29.85,0.0,52,155200,买盘
11:06:10,29.84,-0.01,16,47758,卖盘
11:06:13,29.85,0.01,17,50740,买盘
11:06:15,29.84,-0.01,114,340294,卖盘
11:06:19,29.85,0.01,109,325365,买盘
11:06:21,29.85,0.0,5,14925,卖盘
11:06:25,29.85,0.0,12,36297,卖盘
11:06:28,29.85,0.0,11,32835,卖盘
11:06:31,29.85,0.0,3,8955,卖盘
11:06:33,29.86,0.01,4,11944,买盘
11:06:37,29.85,-0.01,191,570083,卖盘
11:06:40,29.85,0.0,8,23880,卖盘
11:06:42,29.84,-0.01,17,50741,卖盘
11:06:46,29.85,0.01,169,504552,买盘
11:06:49,29.85,0.0,14,41781,买盘
11:06:51,29.85,0.0,3,8955,卖盘
11:06:55,29.85,0.0,59,176112,卖盘
11:06:58,29.86,0.01,3,8958,买盘
11:07:01,29.85,-0.01,15,44779,卖盘
11:07:04,29.86,0.01,48,143296,买盘
11:07:07,29.86,0.0,4,11942,买盘
11:07:10,29.86,0.0,11,32838,买盘
11:07:13,29.86,0.0,30,89567,买盘
11:07:16,29.86,0.0,59,176174,买盘
11:07:18,29.86,0.0,17,50762,卖盘
11:07:22,29.86,0.0,11,32846,卖盘
11:07:25,29.87,0.01,12,35843,买盘
11:07:28,29.87,0.0,18,53765,买盘
11:07:31,29.87,0.0,19,56753,卖盘
11:07:34,29.87,0.0,27,80649,卖盘
11:07:37,29.88,0.01,216,645229,买盘
11:07:40,29.88,0.0,38,113589,卖盘
11:07:42,29.88,0.0,13,38844,卖盘
11:07:46,29.88,0.0,1,2988,卖盘
11:07:49,29.89,0.01,32,95623,买盘
11:07:52,29.89,0.0,19,56791,买盘
11:07:55,29.88,-0.01,30,89656,卖盘
11:07:58,29.89,0.01,31,92657,买盘
11:08:01,29.89,0.0,16,47827,卖盘
11:08:07,29.9,0.01,84,251141,买盘
11:08:10,29.89,-0.01,2,5978,卖盘
11:08:12,29.9,0.01,125,373746,买盘
11:08:16,29.9,0.0,42,125570,买盘
11:08:19,29.9,0.0,37,110602,买盘
11:08:22,29.9,0.0,53,158470,买盘
11:08:25,29.9,0.0,49,146510,卖盘
11:08:28,29.9,0.0,12,35880,卖盘
11:08:31,29.89,-0.01,47,140502,卖盘
11:08:33,29.9,0.01,18,53820,中性盘
11:08:37,29.88,-0.02,179,534998,卖盘
11:08:39,29.9,0.02,19,56812,买盘
11:08:43,29.9,0.0,12,35880,卖盘
11:08:46,29.9,0.0,10,29895,买盘
11:08:48,29.88,-0.02,193,576690,卖盘
11:08:52,29.87,-0.01,66,197198,卖盘
11:08:55,29.88,0.01,34,101592,买盘
11:08:58,29.88,0.0,25,74700,买盘
11:09:01,29.86,-0.02,179,534688,卖盘
11:09:04,29.88,0.02,4,11946,买盘
11:09:07,29.88,0.0,47,140431,买盘
11:09:10,29.88,0.0,2,5976,卖盘
11:09:12,29.89,0.01,12,35857,买盘
11:09:16,29.89,0.0,2,5978,买盘
11:09:19,29.88,-0.01,55,164355,卖盘
11:09:22,29.88,0.0,29,86650,中性盘
11:09:25,29.87,-0.01,63,188194,卖盘
11:09:28,29.89,0.02,182,543924,买盘
11:09:31,29.89,0.0,6,17934,卖盘
11:09:34,29.89,0.0,15,44835,卖盘
11:09:37,29.88,-0.01,157,469252,卖盘
11:09:40,29.88,0.0,1,2988,买盘
11:09:43,29.89,0.01,56,167330,买盘
11:09:46,29.88,-0.01,48,143468,买盘
11:09:51,29.9,0.02,337,1006781,买盘
11:09:54,29.9,0.0,10,29899,买盘
11:09:58,29.89,-0.01,19,56790,中性盘
11:10:01,29.89,0.0,31,92658,买盘
11:10:04,29.89,0.0,9,26899,买盘
11:10:07,29.88,-0.01,10,29880,卖盘
11:10:10,29.88,0.0,83,248036,卖盘
11:10:13,29.88,0.0,25,74719,卖盘
11:10:16,29.89,0.01,2,5978,买盘
11:10:19,29.88,-0.01,17,50800,卖盘
11:10:21,29.88,0.0,10,29882,卖盘
11:10:24,29.89,0.01,73,218197,买盘
11:10:27,29.89,0.0,6,17934,买盘
11:10:31,29.89,0.0,227,678406,买盘
11:10:33,29.89,0.0,63,188328,卖盘
11:10:37,29.9,0.01,182,544018,买盘
11:10:40,29.89,-0.01,118,352805,卖盘
11:10:42,29.89,0.0,55,164426,卖盘
11:10:45,29.9,0.01,279,834210,买盘
11:10:49,29.9,0.0,17,50817,买盘
11:10:51,29.9,0.0,161,481380,买盘
11:10:55,29.89,-0.01,38,113616,卖盘
11:10:58,29.89,0.0,6,17935,卖盘
11:11:01,29.89,0.0,28,83718,卖盘
11:11:04,29.89,0.0,43,128528,卖盘
11:11:07,29.9,0.01,7,20929,买盘
11:11:10,29.89,-0.01,147,439518,卖盘
11:11:13,29.9,0.01,133,397663,买盘
11:11:16,29.9,0.0,27,80730,卖盘
11:11:19,29.91,0.01,2,5981,买盘
11:11:22,29.9,-0.01,13,38879,卖盘
11:11:25,29.91,0.01,122,364894,买盘
11:11:28,29.9,-0.01,43,128570,卖盘
11:11:31,29.91,0.01,21,62811,买盘
11:11:34,29.9,-0.01,141,421702,卖盘
11:11:37,29.9,0.0,183,547170,卖盘
11:11:40,29.92,0.02,62,185485,买盘
11:11:43,29.91,-0.01,7,20937,卖盘
11:11:46,29.91,0.0,10,29910,卖盘
11:11:49,29.92,0.01,56,167552,买盘
11:11:51,29.92,0.0,21,62828,买盘
11:11:54,29.92,0.0,21,62832,卖盘
11:11:58,29.93,0.01,18,53862,买盘
11:12:01,29.93,0.0,3,8979,买盘
11:12:04,29.93,0.0,67,200474,买盘
11:12:07,29.94,0.01,298,891932,买盘
11:12:10,29.93,-0.01,71,212505,卖盘
11:12:13,29.94,0.01,73,218553,买盘
11:12:15,29.94,0.0,5,14970,买盘
11:12:19,29.94,0.0,204,610776,买盘
11:12:22,29.94,0.0,4,11976,卖盘
11:12:25,29.95,0.01,21,62894,买盘
11:12:28,29.95,0.0,85,254575,买盘
11:12:31,29.95,0.0,11,32937,买盘
11:12:34,29.95,0.0,8,23955,买盘
11:12:36,29.94,-0.01,280,838412,卖盘
11:12:39,29.94,0.0,12,35935,卖盘
11:12:43,29.94,0.0,21,62881,卖盘
11:12:45,29.95,0.01,5,14975,买盘
11:12:49,29.95,0.0,30,89835,买盘
11:12:52,29.94,-0.01,33,98825,卖盘
11:12:55,29.94,0.0,90,269541,卖盘
11:12:57,29.95,0.01,37,110815,买盘
11:13:01,29.95,0.0,26,77870,买盘
11:13:03,29.95,0.0,260,778686,买盘
11:13:07,29.95,0.0,28,83858,买盘
11:13:10,29.95,0.0,112,335439,买盘
11:13:13,29.95,0.0,36,107817,买盘
11:13:16,29.95,0.0,161,482156,买盘
11:13:18,29.95,0.0,830,2484460,买盘
11:13:22,29.93,-0.02,66,197663,卖盘
11:13:25,29.95,0.02,118,353010,买盘
11:13:28,29.95,0.0,20,59900,卖盘
11:13:31,29.95,0.0,4,11981,卖盘
11:13:34,29.95,0.0,53,159127,卖盘
11:13:37,29.94,-0.01,187,559951,卖盘
11:13:40,29.96,0.02,9,26953,买盘
11:13:43,29.94,-0.02,14,41919,中性盘
11:13:46,29.94,0.0,47,140718,买盘
11:13:49,29.94,0.0,14,40748,卖盘
11:13:52,29.95,0.01,64,191678,买盘
11:13:55,29.95,0.0,12,35940,卖盘
11:13:58,29.95,0.0,26,77872,卖盘
11:14:04,29.96,0.01,101,302581,买盘
11:14:06,29.95,-0.01,45,134775,卖盘
11:14:10,29.96,0.01,21,62894,买盘
11:14:13,29.96,0.0,7,20968,买盘
11:14:16,29.95,-0.01,35,104825,卖盘
11:14:19,29.95,0.0,12,35940,买盘
11:14:22,29.95,0.0,78,233584,买盘
11:14:25,29.95,0.0,8,23956,买盘
11:14:28,29.95,0.0,16,47920,买盘
11:14:31,29.94,-0.01,34,101799,卖盘
11:14:34,29.95,0.01,102,305468,买盘
11:14:37,29.93,-0.02,172,514941,卖盘
11:14:40,29.94,0.01,10,29949,中性盘
11:14:43,29.94,0.0,24,71871,卖盘
11:14:46,29.94,0.0,55,164720,卖盘
11:14:49,29.95,0.01,15,44925,买盘
11:14:51,29.95,0.0,45,134755,买盘
11:14:55,29.95,0.0,38,113781,买盘
11:14:57,29.95,0.0,31,92815,买盘
11:15:00,29.95,0.0,120,359399,买盘
11:15:04,29.95,0.0,31,92845,卖盘
11:15:07,29.95,0.0,11,32945,卖盘
11:15:10,29.95,0.0,4,11980,卖盘
11:15:13,29.96,0.01,61,182754,买盘
11:15:16,29.96,0.0,38,113830,买盘
11:15:19,29.96,0.0,121,362466,买盘
11:15:22,29.96,0.0,4,11983,买盘
11:15:25,29.96,0.0,92,275608,买盘
11:15:27,29.96,0.0,18,53919,买盘
11:15:31,29.96,0.0,42,125829,买盘
11:15:33,29.96,0.0,83,248662,买盘
11:15:37,29.96,0.0,202,605016,买盘
11:15:40,29.96,0.0,28,83878,买盘
11:15:43,29.95,-0.01,35,104856,卖盘
11:15:46,29.96,0.01,40,119836,买盘
11:15:49,29.94,-0.02,129,386442,卖盘
11:15:52,29.96,0.02,5,14979,买盘
11:15:55,29.95,-0.01,58,173733,卖盘
11:15:58,29.96,0.01,14,41944,买盘
11:16:01,29.95,-0.01,66,197717,卖盘
11:16:04,29.96,0.01,21,62912,买盘
11:16:07,29.96,0.0,28,83496,买盘
11:16:13,29.96,0.0,64,191746,卖盘
11:16:16,29.95,-0.01,51,152776,卖盘
11:16:18,29.97,0.02,5,14985,买盘
11:16:22,29.96,-0.01,25,74902,卖盘
11:16:25,29.95,-0.01,9,26964,卖盘
11:16:28,29.97,0.02,15,44948,买盘
11:16:31,29.96,-0.01,24,71905,卖盘
11:16:33,29.96,0.0,33,98861,买盘
11:16:36,29.95,-0.01,178,533125,卖盘
11:16:40,29.96,0.01,60,179755,买盘
11:16:43,29.96,0.0,33,98868,买盘
11:16:46,29.97,0.01,82,245659,买盘
11:16:49,29.97,0.0,118,353603,买盘
11:16:52,29.96,-0.01,30,89880,卖盘
11:16:55,29.96,0.0,46,137787,买盘
11:16:58,29.96,0.0,36,107856,买盘
11:17:00,29.96,0.0,23,68907,买盘
11:17:04,29.96,0.0,91,272567,买盘
11:17:07,29.96,0.0,57,170757,买盘
11:17:10,29.95,-0.01,1,2995,卖盘
11:17:13,29.96,0.01,125,374491,买盘
11:17:16,29.95,-0.01,60,179710,卖盘
11:17:19,29.96,0.01,21,62909,买盘
11:17:21,29.96,0.0,52,155792,买盘
11:17:24,29.96,0.0,30,89880,买盘
11:17:28,29.95,-0.01,30,89865,卖盘
11:17:31,29.96,0.01,92,275622,买盘
11:17:34,29.96,0.0,55,164755,买盘
11:17:37,29.96,0.0,384,1150292,买盘
11:17:40,29.95,-0.01,25,74891,卖盘
11:17:42,29.96,0.01,5,14980,买盘
11:17:46,29.95,-0.01,6,17970,卖盘
11:17:49,29.94,-0.01,51,152777,卖盘
11:17:52,29.94,0.0,18,53908,卖盘
11:17:55,29.95,0.01,15,44925,买盘
11:17:58,29.95,0.0,57,170665,买盘
11:18:01,29.94,-0.01,24,71872,卖盘
11:18:04,29.93,-0.01,560,1676152,卖盘
11:18:07,29.94,0.01,81,242549,中性盘
11:18:10,29.95,0.01,140,419182,买盘
11:18:13,29.95,0.0,27,80841,买盘
11:18:16,29.94,-0.01,61,182662,卖盘
11:18:19,29.95,0.01,14,41927,买盘
11:18:22,29.94,-0.01,52,155732,卖盘
11:18:25,29.95,0.01,29,86851,买盘
11:18:28,29.94,-0.01,140,419160,卖盘
11:18:30,29.95,0.01,54,161683,买盘
11:18:34,29.93,-0.02,8,23944,卖盘
11:18:37,29.95,0.02,186,556703,买盘
11:18:40,29.95,0.0,74,221578,买盘
11:18:43,29.94,-0.01,17,50911,卖盘
11:18:46,29.95,0.01,220,658864,买盘
11:18:49,29.95,0.0,8,23955,买盘
11:18:52,29.94,-0.01,3,8983,卖盘
11:18:55,29.94,0.0,10,29941,卖盘
11:18:58,29.94,0.0,37,110780,卖盘
11:19:01,29.95,0.01,107,320393,买盘
11:19:03,29.95,0.0,1,2995,买盘
11:19:07,29.95,0.0,24,71865,买盘
11:19:10,29.95,0.0,305,913475,买盘
11:19:13,29.95,0.0,34,101820,买盘
11:19:15,29.94,-0.01,181,541981,卖盘
11:19:19,29.94,0.0,35,104800,卖盘
11:19:22,29.95,0.01,121,362394,买盘
11:19:25,29.94,-0.01,74,221646,卖盘
11:19:29,29.95,0.01,90,269527,买盘
11:19:31,29.96,0.01,41,122816,买盘
11:19:34,29.95,-0.01,21,62895,卖盘
11:19:37,29.94,-0.01,133,398279,卖盘
11:19:39,29.94,0.0,19,56884,买盘
11:19:43,29.94,0.0,5,14970,买盘
11:19:46,29.93,-0.01,35,104784,卖盘
11:19:49,29.94,0.01,74,221554,买盘
11:19:52,29.94,0.0,22,65868,卖盘
11:19:54,29.94,0.0,60,179642,卖盘
11:19:57,29.91,-0.03,1020,3051580,卖盘
11:20:01,29.93,0.02,126,377236,卖盘
11:20:04,29.95,0.02,138,413175,买盘
11:20:07,29.93,-0.02,841,2514873,卖盘
11:20:10,29.9,-0.03,976,2920260,卖盘
11:20:13,29.9,0.0,865,2586350,买盘
11:20:15,29.9,0.0,254,758294,买盘
11:20:19,29.9,0.0,68,204489,卖盘
11:20:22,29.9,0.0,80,238030,买盘
11:20:25,29.9,0.0,124,371908,卖盘
11:20:28,29.9,0.0,53,158455,买盘
11:20:31,29.9,0.0,145,433443,买盘
11:20:34,29.9,0.0,90,269095,买盘
11:20:37,29.88,-0.02,335,1001290,卖盘
11:20:40,29.9,0.02,8,23920,买盘
11:20:43,29.9,0.0,576,1722239,买盘
11:20:45,29.89,-0.01,50,149441,卖盘
11:20:49,29.89,0.0,105,313839,买盘
11:20:52,29.9,0.01,260,776123,买盘
11:20:55,29.9,0.0,74,221261,卖盘
11:20:58,29.9,0.0,13,38870,卖盘
11:21:00,29.9,0.0,1,3408,卖盘
11:21:03,29.9,0.0,77,230247,卖盘
11:21:07,29.91,0.01,40,119623,买盘
11:21:10,29.91,0.0,24,71773,中性盘
11:21:13,29.91,0.0,5,14955,卖盘
11:21:16,29.93,0.02,10,29913,买盘
11:21:19,29.91,-0.02,23,68793,卖盘
11:21:22,29.93,0.02,14,41902,买盘
11:21:25,29.92,-0.01,22,65845,卖盘
11:21:28,29.92,0.0,78,233428,卖盘
11:21:31,29.91,-0.01,57,170510,卖盘
11:21:34,29.92,0.01,12,35895,中性盘
11:21:37,29.91,-0.01,166,496511,卖盘
11:21:40,29.91,0.0,103,308073,卖盘
11:21:43,29.93,0.02,53,158571,买盘
11:21:46,29.91,-0.02,57,170488,卖盘
11:21:49,29.92,0.01,81,242298,买盘
11:21:52,29.91,-0.01,18,53844,卖盘
11:21:54,29.92,0.01,76,227392,买盘
11:21:57,29.92,0.0,16,47882,卖盘
11:22:00,29.92,0.0,4,11968,卖盘
11:22:04,29.93,0.01,18,53861,买盘
11:22:07,29.92,-0.01,23,68831,卖盘
11:22:10,29.93,0.01,20,59853,买盘
11:22:13,29.93,0.0,101,302288,买盘
11:22:16,29.92,-0.01,52,155635,卖盘
11:22:19,29.92,0.0,55,164570,卖盘
11:22:22,29.92,0.0,139,415913,卖盘
11:22:25,29.91,-0.01,51,152584,卖盘
11:22:27,29.92,0.01,107,320144,买盘
11:22:30,29.93,0.01,2,5986,买盘
11:22:34,29.93,0.0,155,463828,买盘
11:22:37,29.91,-0.02,185,553371,卖盘
11:22:40,29.92,0.01,7,20941,中性盘
11:22:43,29.93,0.01,17,50865,买盘
11:22:46,29.92,-0.01,2,5984,中性盘
11:22:49,29.93,0.01,39,116680,买盘
11:22:52,29.92,-0.01,15,44880,卖盘
11:22:54,29.92,0.0,1,2992,买盘
11:22:58,29.91,-0.01,19,56835,卖盘
11:23:01,29.92,0.01,4,11968,买盘
11:23:04,29.92,0.0,68,203455,买盘
11:23:07,29.92,0.0,23,68831,卖盘
11:23:10,29.92,0.0,21,62833,卖盘
11:23:13,29.93,0.01,24,71832,买盘
11:23:16,29.93,0.0,2,5986,买盘
11:23:19,29.92,-0.01,12,35909,卖盘
11:23:22,29.92,0.0,149,445808,卖盘
11:23:24,29.91,-0.01,4,11967,卖盘
11:23:28,29.92,0.01,44,131644,买盘
11:23:31,29.92,0.0,52,155545,买盘
11:23:34,29.92,0.0,81,242740,买盘
11:23:37,29.91,-0.01,206,616178,卖盘
11:23:39,29.92,0.01,15,44875,买盘
11:23:43,29.92,0.0,53,158567,买盘
11:23:46,29.92,0.0,19,56848,买盘
11:23:48,29.92,0.0,43,128651,买盘
11:23:52,29.92,0.0,106,317151,买盘
11:23:55,29.91,-0.01,64,191479,卖盘
11:23:58,29.92,0.01,151,451646,买盘
11:24:01,29.92,0.0,66,197464,买盘
11:24:04,29.91,-0.01,89,266279,卖盘
11:24:07,29.92,0.01,107,320105,买盘
11:24:10,29.92,0.0,79,236311,卖盘
11:24:12,29.92,0.0,7,20944,卖盘
11:24:16,29.92,0.0,38,113696,卖盘
11:24:19,29.92,0.0,42,125664,卖盘
11:24:22,29.92,0.0,8,23936,卖盘
11:24:25,29.92,0.0,34,101730,卖盘
11:24:28,29.93,0.01,96,287305,买盘
11:24:31,29.93,0.0,20,59860,买盘
11:24:34,29.93,0.0,4,11972,买盘
11:24:37,29.91,-0.02,225,673119,卖盘
11:24:40,29.92,0.01,5,14959,买盘
11:24:42,29.92,0.0,26,77792,买盘
11:24:46,29.92,0.0,20,59845,卖盘
11:24:49,29.92,0.0,21,62818,买盘
11:24:52,29.91,-0.01,30,87905,卖盘
11:24:55,29.92,0.01,21,62829,买盘
11:24:58,29.91,-0.01,14,41883,卖盘
11:25:00,29.92,0.01,74,221398,买盘
11:25:04,29.92,0.0,29,86745,买盘
11:25:07,29.91,-0.01,80,239343,卖盘
11:25:10,29.91,0.0,337,1007990,卖盘
11:25:12,29.92,0.01,109,326098,买盘
11:25:16,29.92,0.0,86,257312,卖盘
11:25:19,29.92,0.0,5,14960,卖盘
11:25:22,29.92,0.0,63,188496,卖盘
11:25:25,29.91,-0.01,86,257303,卖盘
11:25:28,29.92,0.01,16,47868,买盘
11:25:30,29.92,0.0,3,8976,买盘
11:25:33,29.91,-0.01,18,53845,卖盘
11:25:37,29.9,-0.01,269,804563,卖盘
11:25:39,29.92,0.02,71,212412,买盘
11:25:43,29.91,-0.01,12,35894,中性盘
11:25:45,29.92,0.01,47,140587,买盘
11:25:49,29.91,-0.01,5,14955,卖盘
11:25:52,29.91,0.0,19,56838,卖盘
11:25:55,29.92,0.01,34,101693,买盘
11:25:58,29.9,-0.02,41,122597,卖盘
11:26:00,29.92,0.02,34,101724,买盘
11:26:04,29.91,-0.01,7,20937,卖盘
11:26:06,29.92,0.01,21,62816,买盘
11:26:10,29.91,-0.01,18,53845,卖盘
11:26:13,29.92,0.01,6,17947,买盘
11:26:16,29.92,0.0,21,62823,买盘
11:26:19,29.91,-0.01,5,14955,卖盘
11:26:22,29.91,0.0,1,2991,卖盘
11:26:25,29.92,0.01,2,5984,买盘
11:26:28,29.91,-0.01,31,92734,卖盘
11:26:31,29.91,0.0,8,23933,卖盘
11:26:33,29.92,0.01,171,511632,买盘
11:26:37,29.92,0.0,138,412766,买盘
11:26:40,29.91,-0.01,95,284207,卖盘
11:26:43,29.92,0.01,98,293216,买盘
11:26:48,29.91,-0.01,51,152555,卖盘
11:26:52,29.92,0.01,56,167966,买盘
11:26:55,29.92,0.0,16,47872,卖盘
11:26:58,29.92,0.0,59,176529,卖盘
11:27:01,29.92,0.0,15,44880,卖盘
11:27:03,29.92,0.0,6,17953,卖盘
11:27:07,29.93,0.01,40,119710,买盘
11:27:09,29.92,-0.01,33,98749,卖盘
11:27:12,29.93,0.01,34,101754,买盘
11:27:16,29.93,0.0,1,2993,卖盘
11:27:18,29.94,0.01,6,17959,买盘
11:27:22,29.92,-0.02,61,182565,卖盘
11:27:25,29.93,0.01,2,5986,买盘
11:27:27,29.92,-0.01,66,197563,卖盘
11:27:31,29.92,0.0,14,41894,卖盘
11:27:34,29.92,0.0,11,32917,卖盘
11:27:38,29.92,0.0,10,29935,卖盘
11:27:40,29.92,0.0,37,110711,卖盘
11:27:46,29.92,0.0,21,62845,卖盘
11:27:49,29.92,0.0,11,32922,卖盘
11:27:52,29.93,0.01,7,20951,买盘
11:27:54,29.94,0.01,118,353251,买盘
11:27:58,29.93,-0.01,17,50889,卖盘
11:28:01,29.94,0.01,8,23952,中性盘
11:28:04,29.93,-0.01,70,209528,卖盘
11:28:07,29.94,0.01,24,71840,买盘
11:28:10,29.93,-0.01,8,23949,卖盘
11:28:13,29.93,0.0,75,224581,卖盘
11:28:16,29.93,0.0,71,212500,卖盘
11:28:18,29.92,-0.01,65,194486,卖盘
11:28:22,29.94,0.02,41,122724,买盘
11:28:24,29.95,0.01,290,868898,买盘
11:28:28,29.95,0.0,116,347420,卖盘
11:28:31,29.94,-0.01,606,1814549,卖盘
11:28:34,29.94,0.0,1,2994,买盘
11:28:37,29.94,0.0,13,38931,卖盘
11:28:39,29.93,-0.01,64,191639,卖盘
11:28:43,29.95,0.02,13,38933,买盘
11:28:46,29.95,0.0,124,371139,买盘
11:28:49,29.94,-0.01,10,29943,卖盘
11:28:51,29.94,0.0,24,71864,卖盘
11:28:55,29.95,0.01,52,155740,买盘
11:28:58,29.94,-0.01,15,44919,卖盘
11:29:00,29.94,0.0,157,470230,卖盘
11:29:04,29.95,0.01,7,20962,买盘
11:29:07,29.95,0.0,7,20961,买盘
11:29:09,29.95,0.0,9,26950,买盘
11:29:12,29.94,-0.01,36,107808,卖盘
11:29:16,29.93,-0.01,258,772426,卖盘
11:29:19,29.94,0.01,55,164710,中性盘
11:29:22,29.94,0.0,4,11976,买盘
11:29:25,29.94,0.0,13,38914,买盘
11:29:27,29.94,0.0,16,48293,卖盘
11:29:31,29.94,0.0,1,2994,卖盘
11:29:34,29.94,0.0,9,26946,卖盘
11:29:37,29.96,0.02,74,221629,买盘
11:29:39,29.95,-0.01,14,41930,卖盘
11:29:42,29.95,0.0,34,101830,卖盘
11:29:46,29.96,0.01,30,89872,买盘
11:29:49,29.95,-0.01,61,182751,卖盘
11:29:51,29.96,0.01,29,86873,买盘
11:29:55,29.96,0.0,55,164780,买盘
11:29:57,29.96,0.0,11,32956,卖盘
11:30:00,29.97,0.01,40,119874,买盘
13:00:01,29.98,0.01,885,2652041,买盘
13:00:05,29.97,-0.01,1370,4105935,卖盘
13:00:07,29.97,0.0,122,365653,卖盘
13:00:11,29.97,0.0,401,1202087,卖盘
13:00:13,29.97,0.0,155,465107,卖盘
13:00:17,29.97,0.0,207,620104,卖盘
13:00:19,29.97,0.0,198,593826,买盘
13:00:22,29.98,0.01,801,2402007,买盘
13:00:25,29.99,0.01,355,1064603,买盘
13:00:28,29.98,-0.01,62,185895,卖盘
13:00:32,29.98,0.0,104,311786,买盘
13:00:35,29.98,0.0,173,518809,买盘
13:00:38,29.97,-0.01,91,272859,卖盘
13:00:41,29.97,0.0,30,89936,卖盘
13:00:43,29.97,0.0,127,380665,卖盘
13:00:47,29.97,0.0,130,389609,买盘
13:00:49,29.97,0.0,105,314685,买盘
13:00:53,29.97,0.0,130,389534,买盘
13:00:55,29.96,-0.01,17,50948,卖盘
13:00:58,29.97,0.01,255,764156,买盘
13:01:02,29.97,0.0,104,311689,卖盘
13:01:04,29.98,0.01,47,140866,买盘
13:01:08,29.98,0.0,65,194811,买盘
13:01:11,29.97,-0.01,419,1255770,卖盘
13:01:13,29.98,0.01,21,62940,买盘
13:01:17,29.97,-0.01,12,35966,卖盘
13:01:19,29.97,0.0,23,68936,卖盘
13:01:23,29.97,0.0,138,413514,卖盘
13:01:26,29.97,0.0,57,170830,买盘
13:01:28,29.95,-0.02,249,746013,卖盘
13:01:31,29.96,0.01,241,722384,中性盘
13:01:34,29.97,0.01,15,44937,买盘
13:01:38,29.95,-0.02,13,40083,卖盘
13:01:41,29.96,0.01,7,20972,中性盘
13:01:43,29.95,-0.01,23,68901,卖盘
13:01:47,29.95,0.0,30,89889,卖盘
13:01:49,29.97,0.02,277,830053,买盘
13:01:53,29.96,-0.01,31,92896,卖盘
13:01:56,29.95,-0.01,1421,4254830,卖盘
13:01:58,29.95,0.0,89,266555,买盘
13:02:01,29.94,-0.01,21,62882,卖盘
13:02:04,29.95,0.01,19,56905,买盘
13:02:08,29.94,-0.01,6,17965,卖盘
13:02:10,29.95,0.01,67,200606,买盘
13:02:13,29.95,0.0,19,56896,买盘
13:02:17,29.95,0.0,87,260494,买盘
13:02:19,29.94,-0.01,33,98826,卖盘
13:02:23,29.94,0.0,92,275496,卖盘
13:02:25,29.94,0.0,2,5989,卖盘
13:02:28,29.95,0.01,29,86853,买盘
13:02:32,29.94,-0.01,716,2144981,卖盘
13:02:34,29.95,0.01,21,62888,卖盘
13:02:38,29.95,0.0,18,53910,买盘
13:02:40,29.94,-0.01,230,688621,卖盘
13:02:43,29.94,0.0,43,128749,卖盘
13:02:47,29.95,0.01,7,20965,买盘
13:02:49,29.94,-0.01,98,293428,卖盘
13:02:53,29.95,0.01,16,47920,买盘
13:02:56,29.94,-0.01,135,404204,卖盘
13:02:58,29.95,0.01,544,1629269,买盘
13:03:01,29.95,0.0,293,877232,买盘
13:03:04,29.93,-0.02,21,62864,卖盘
13:03:08,29.94,0.01,59,176646,买盘
13:03:10,29.94,0.0,177,529770,买盘
13:03:13,29.94,0.0,4,11976,买盘
13:03:16,29.93,-0.01,40,119750,卖盘
13:03:19,29.94,0.01,253,757432,买盘
13:03:23,29.94,0.0,22,65868,卖盘
13:03:26,29.94,0.0,63,188622,卖盘
13:03:28,29.94,0.0,16,47904,卖盘
13:03:32,29.93,-0.01,356,1063726,卖盘
13:03:35,29.93,0.0,5,14969,卖盘
13:03:38,29.94,0.01,57,170658,买盘
13:03:40,29.93,-0.01,157,470091,卖盘
13:03:44,29.93,0.0,33,98784,卖盘
13:03:46,29.93,0.0,659,1973575,卖盘
13:03:50,29.93,0.0,69,206527,卖盘
13:03:53,29.94,0.01,75,224604,中性盘
13:03:59,29.95,0.01,23,68885,中性盘
13:04:02,29.95,0.0,237,709667,卖盘
13:04:05,29.94,-0.01,157,469920,中性盘
13:04:07,29.95,0.01,32,95833,买盘
13:04:11,29.93,-0.02,104,311287,卖盘
13:04:14,29.94,0.01,34,101782,买盘
13:04:16,29.93,-0.01,14,41902,卖盘
13:04:20,29.94,0.01,64,191572,买盘
13:04:23,29.93,-0.01,92,275404,卖盘
13:04:25,29.93,0.0,41,123144,卖盘
13:04:29,29.94,0.01,17,50898,买盘
13:04:32,29.93,-0.01,58,173602,卖盘
13:04:35,29.98,0.05,425,1273603,买盘
13:04:38,29.98,0.0,132,395736,卖盘
13:04:41,29.94,-0.04,982,2943948,卖盘
13:04:44,29.96,0.02,16,47948,中性盘
13:04:47,29.96,0.0,18,53950,卖盘
13:04:50,29.94,-0.02,148,443196,卖盘
13:04:52,29.94,0.0,17,50898,买盘
13:04:55,29.94,0.0,511,1529430,买盘
13:04:59,29.93,-0.01,265,793234,卖盘
13:05:00,29.93,0.0,50,149628,卖盘
13:05:05,29.93,0.0,70,209564,卖盘
13:05:07,29.93,0.0,8,23944,卖盘
13:05:10,29.92,-0.01,180,538575,卖盘
13:05:14,29.94,0.02,33,98802,卖盘
13:05:17,29.91,-0.03,103,310278,卖盘
13:05:20,29.91,0.0,47,140597,卖盘
13:05:23,29.91,0.0,40,119683,卖盘
13:05:26,29.93,0.02,22,65826,买盘
13:05:29,29.91,-0.02,28,83760,卖盘
13:05:31,29.92,0.01,47,140579,中性盘
13:05:35,29.93,0.01,129,383492,买盘
13:05:38,29.93,0.0,61,182626,卖盘
13:05:40,29.93,0.0,60,179593,卖盘
13:05:43,29.92,-0.01,45,137287,卖盘
13:05:47,29.93,0.01,18,53868,买盘
13:05:50,29.94,0.01,236,703917,买盘
13:05:53,29.95,0.01,66,197605,买盘
13:05:56,29.95,0.0,1,2995,买盘
13:05:59,29.95,0.0,66,197610,买盘
13:06:02,29.94,-0.01,72,215568,卖盘
13:06:05,29.95,0.01,65,194627,买盘
13:06:08,29.95,0.0,27,80839,买盘
13:06:11,29.95,0.0,182,545035,买盘
13:06:14,29.95,0.0,102,305534,卖盘
13:06:17,29.95,0.0,47,140768,卖盘
13:06:19,29.95,0.0,70,209650,卖盘
13:06:23,29.95,0.0,97,290527,卖盘
13:06:26,29.96,0.01,123,368872,买盘
13:06:29,29.96,0.0,15,44940,卖盘
13:06:32,29.95,-0.01,72,215721,卖盘
13:06:35,29.96,0.01,12,35954,中性盘
13:06:38,29.96,0.0,74,221774,卖盘
13:06:41,29.96,0.0,106,317599,卖盘
13:06:44,29.95,-0.01,179,535741,卖盘
13:06:46,29.95,0.0,39,116805,买盘
13:06:50,29.94,-0.01,73,218564,卖盘
13:06:53,29.95,0.01,765,2291172,买盘
13:06:55,29.94,-0.01,115,344315,卖盘
13:06:58,29.94,0.0,138,415785,卖盘
13:07:02,29.95,0.01,327,976249,买盘
13:07:05,29.92,-0.03,259,777991,卖盘
13:07:07,29.93,0.01,31,92793,买盘
13:07:10,29.93,0.0,196,586691,买盘
13:07:17,29.93,0.0,50,149667,卖盘
13:07:19,29.93,0.0,118,353202,卖盘
13:07:22,29.93,0.0,361,1081141,卖盘
13:07:26,29.95,0.02,118,353197,卖盘
13:07:29,29.93,-0.02,31,92823,卖盘
13:07:32,29.95,0.02,220,658650,买盘
13:07:35,29.94,-0.01,12,35928,卖盘
13:07:37,29.94,0.0,71,212574,卖盘
13:07:41,29.94,0.0,140,419167,卖盘
13:07:44,29.95,0.01,136,405463,买盘
13:07:47,29.94,-0.01,51,152744,卖盘
13:07:50,29.94,0.0,82,245559,卖盘
13:07:52,29.96,0.02,176,527272,买盘
13:07:56,29.96,0.0,10,29960,卖盘
13:07:59,29.96,0.0,37,110852,卖盘
13:08:02,29.97,0.01,173,518379,买盘
13:08:05,29.95,-0.02,732,2193069,卖盘
13:08:08,29.96,0.01,45,134819,买盘
13:08:11,29.96,0.0,229,685874,买盘
13:08:14,29.95,-0.01,42,125800,卖盘
13:08:16,29.96,0.01,87,260605,买盘
13:08:20,29.96,0.0,139,416350,买盘
13:08:23,29.95,-0.01,907,2716393,卖盘
13:08:26,29.95,0.0,42,125782,买盘
13:08:29,29.94,-0.01,447,1338695,卖盘
13:08:32,29.95,0.01,254,760520,买盘
13:08:35,29.95,0.0,521,1560384,买盘
13:08:38,29.95,0.0,511,1530428,买盘
13:08:40,29.94,-0.01,278,832357,卖盘
13:08:43,29.94,0.0,34,102238,卖盘
13:08:46,29.94,0.0,69,206629,卖盘
13:08:49,29.94,0.0,46,137771,卖盘
13:08:53,29.95,0.01,238,711747,买盘
13:08:56,29.95,0.0,15,45824,卖盘
13:08:59,29.95,0.0,79,236596,买盘
13:09:02,29.95,0.0,27,79967,买盘
13:09:04,29.94,-0.01,36,107809,卖盘
13:09:07,29.95,0.01,33,98835,卖盘
13:09:10,29.95,0.0,14,41930,卖盘
13:09:13,29.96,0.01,26,77871,买盘
13:09:16,29.94,-0.02,25,74864,卖盘
13:09:20,29.95,0.01,72,215631,买盘
13:09:23,29.95,0.0,372,1116144,买盘
13:09:25,29.94,-0.01,15,44914,卖盘
13:09:29,29.94,0.0,5,14970,买盘
13:09:31,29.93,-0.01,215,643611,卖盘
13:09:35,29.93,0.0,7,20957,卖盘
13:09:38,29.93,0.0,42,123072,卖盘
13:09:41,29.94,0.01,49,146695,买盘
13:09:44,29.94,0.0,78,233550,卖盘
13:09:47,29.94,0.0,50,149701,卖盘
13:09:50,29.94,0.0,15,44917,卖盘
13:09:53,29.94,0.0,149,446106,卖盘
13:09:56,29.94,0.0,95,284438,卖盘
13:09:59,29.94,0.0,50,149706,卖盘
13:10:01,29.94,0.0,170,509033,卖盘
13:10:04,29.94,0.0,37,110778,卖盘
13:10:07,29.95,0.01,68,203620,买盘
13:10:11,29.95,0.0,14,41927,买盘
13:10:14,29.94,-0.01,92,275410,买盘
13:10:17,29.93,-0.01,1011,3025924,卖盘
13:10:20,29.93,0.0,4,11972,卖盘
13:10:23,29.92,-0.01,274,820051,卖盘
13:10:26,29.92,0.0,32,95765,卖盘
13:10:28,29.94,0.02,304,910071,买盘
13:10:31,29.94,0.0,340,1017457,买盘
13:10:35,29.93,-0.01,11,32721,卖盘
13:10:37,29.93,0.0,24,71834,卖盘
13:10:40,29.93,0.0,102,305287,卖盘
13:10:44,29.94,0.01,57,170610,买盘
13:10:47,29.93,-0.01,185,553768,卖盘
13:10:50,29.93,0.0,10,29930,卖盘
13:10:53,29.93,0.0,52,155634,卖盘
13:10:56,29.94,0.01,204,610717,买盘
13:10:58,29.94,0.0,55,164623,买盘
13:11:02,29.93,-0.01,92,275267,中性盘
13:11:05,29.92,-0.01,46,137635,卖盘
13:11:08,29.91,-0.01,101,305004,卖盘
13:11:10,29.92,0.01,48,143607,买盘
13:11:13,29.91,-0.01,43,128616,卖盘
13:11:16,29.92,0.01,87,260231,买盘
13:11:20,29.91,-0.01,105,314088,卖盘
13:11:23,29.91,0.0,548,1639070,卖盘
13:11:26,29.91,0.0,38,113679,卖盘
13:11:29,29.92,0.01,8,23931,买盘
13:11:32,29.91,-0.01,176,526276,卖盘
13:11:36,29.9,-0.01,35,104692,卖盘
13:11:38,29.92,0.02,1140,3410831,买盘
13:11:41,29.9,-0.02,4,11962,卖盘
13:11:43,29.9,0.0,73,218272,卖盘
13:11:46,29.9,0.0,92,275092,卖盘
13:11:49,29.9,0.0,103,308052,卖盘
13:11:53,29.91,0.01,333,995721,中性盘
13:11:56,29.92,0.01,45,134603,买盘
13:11:59,29.91,-0.01,46,137586,卖盘
13:12:02,29.91,0.0,166,496547,卖盘
13:12:05,29.91,0.0,25,74775,卖盘
13:12:08,29.91,0.0,15,44865,卖盘
13:12:10,29.91,0.0,53,158531,卖盘
13:12:13,29.91,0.0,59,176469,卖盘
13:12:17,29.92,0.01,24,71785,买盘
13:12:20,29.91,-0.01,45,134595,卖盘
13:12:22,29.91,0.0,40,119648,卖盘
13:12:25,29.92,0.01,49,146587,买盘
13:12:28,29.92,0.0,10,29920,买盘
13:12:32,29.92,0.0,185,553520,买盘
13:12:35,29.93,0.01,181,541688,买盘
13:12:38,29.93,0.0,47,140671,卖盘
13:12:41,29.92,-0.01,85,254326,卖盘
13:12:44,29.93,0.01,32,95752,中性盘
13:12:47,29.93,0.0,117,350259,买盘
13:12:49,29.93,0.0,70,209450,买盘
13:12:53,29.93,0.0,35,104721,买盘
13:12:56,29.93,0.0,147,439969,买盘
13:12:59,29.93,0.0,159,475886,买盘
13:13:02,29.93,0.0,53,158632,卖盘
13:13:05,29.94,0.01,19,56871,买盘
13:13:08,29.93,-0.01,158,472899,卖盘
13:13:10,29.94,0.01,42,125715,买盘
13:13:14,29.93,-0.01,89,266324,卖盘
13:13:17,29.94,0.01,131,392197,买盘
13:13:19,29.94,0.0,61,182582,卖盘
13:13:23,29.94,0.0,70,209577,卖盘
13:13:25,29.94,0.0,36,107781,卖盘
13:13:29,29.93,-0.01,28,83830,卖盘
13:13:32,29.93,0.0,32,95780,卖盘
13:13:35,29.93,0.0,58,173575,买盘
13:13:38,29.93,0.0,17,50888,卖盘
13:13:41,29.93,0.0,17,50886,卖盘
13:13:43,29.94,0.01,56,167596,买盘
13:13:47,29.94,0.0,51,152694,买盘
13:13:50,29.93,-0.01,65,194545,卖盘
13:13:53,29.93,0.0,38,113718,买盘
13:13:56,29.93,0.0,30,89765,买盘
13:13:59,29.93,0.0,29,86786,买盘
13:14:02,29.93,0.0,108,323207,买盘
13:14:05,29.92,-0.01,49,146633,卖盘
13:14:08,29.93,0.01,7,20950,买盘
13:14:11,29.93,0.0,39,116700,卖盘
13:14:13,29.92,-0.01,64,191518,卖盘
13:14:16,29.94,0.02,40,119714,买盘
13:14:19,29.92,-0.02,112,335171,卖盘
13:14:23,29.93,0.01,89,266324,买盘
13:14:26,29.94,0.01,92,275405,买盘
13:14:29,29.93,-0.01,26,77830,中性盘
13:14:32,29.92,-0.01,69,206478,卖盘
13:14:34,29.94,0.02,11,32939,买盘
13:14:37,29.92,-0.02,35,104752,卖盘
13:14:40,29.93,0.01,1,2993,中性盘
13:14:44,29.94,0.01,75,222842,买盘
13:14:47,29.94,0.0,7,20958,卖盘
13:14:50,29.95,0.01,81,244196,买盘
13:14:53,29.93,-0.02,22,65858,卖盘
13:14:56,29.92,-0.01,13,38906,卖盘
13:14:58,29.93,0.01,38,113744,卖盘
13:15:02,29.93,0.0,31,92786,卖盘
13:15:05,29.95,0.02,26,77822,买盘
13:15:08,29.95,0.0,149,446254,买盘
13:15:11,29.93,-0.02,29,86799,卖盘
13:15:14,29.94,0.01,28,83810,中性盘
13:15:17,29.94,0.0,49,146647,买盘
13:15:20,29.92,-0.02,62,185568,卖盘
13:15:23,29.94,0.02,87,260355,买盘
13:15:26,29.95,0.01,64,191614,买盘
13:15:29,29.95,0.0,93,278528,买盘
13:15:32,29.94,-0.01,105,314452,卖盘
13:15:35,29.94,0.0,131,392352,卖盘
13:15:37,29.95,0.01,69,206674,买盘
13:15:41,29.96,0.01,31,92870,买盘
13:15:43,29.95,-0.01,111,332473,卖盘
13:15:47,29.96,0.01,43,128816,买盘
13:15:50,29.96,0.0,42,125829,买盘
13:15:53,29.96,0.0,69,206673,买盘
13:15:56,29.96,0.0,83,248621,买盘
13:15:59,29.96,0.0,71,212710,买盘
13:16:02,29.96,0.0,66,197735,买盘
13:16:05,29.95,-0.01,92,275573,卖盘
13:16:08,29.97,0.02,105,314645,买盘
13:16:11,29.96,-0.01,68,203728,卖盘
13:16:14,29.97,0.01,65,194758,买盘
13:16:17,29.96,-0.01,68,203727,卖盘
13:16:19,29.96,0.0,47,140805,买盘
13:16:22,29.96,0.0,155,464332,买盘
13:16:25,29.96,0.0,47,140801,买盘
13:16:28,29.95,-0.01,68,203717,卖盘
13:16:32,29.95,0.0,83,248605,卖盘
13:16:35,29.95,0.0,119,356476,卖盘
13:16:38,29.96,0.01,11,32947,买盘
13:16:40,29.96,0.0,35,104850,买盘
13:16:43,29.95,-0.01,123,366651,卖盘
13:16:46,29.95,0.0,90,269626,卖盘
13:16:50,29.96,0.01,42,125825,买盘
13:16:52,29.96,0.0,74,221642,买盘
13:16:55,29.95,-0.01,58,173762,卖盘
13:16:58,29.96,0.01,138,413448,买盘
13:17:02,29.95,-0.01,44,131798,卖盘
13:17:05,29.95,0.0,29,86860,卖盘
13:17:07,29.96,0.01,39,116822,买盘
13:17:10,29.96,0.0,7,20971,买盘
13:17:14,29.95,-0.01,442,1325869,卖盘
13:17:17,29.95,0.0,15,44926,中性盘
13:17:20,29.95,0.0,31,92847,卖盘
13:17:23,29.95,0.0,144,431176,买盘
13:17:25,29.95,0.0,103,308473,买盘
13:17:29,29.95,0.0,55,164724,买盘
13:17:31,29.95,0.0,5,14971,买盘
13:17:35,29.93,-0.02,91,272387,卖盘
13:17:37,29.94,0.01,57,170712,中性盘
13:17:41,29.95,0.01,2,5990,买盘
13:17:44,29.94,-0.01,55,164681,卖盘
13:17:47,29.94,0.0,11,32937,卖盘
13:17:49,29.95,0.01,36,107820,买盘
13:17:53,29.94,-0.01,38,113773,卖盘
13:17:56,29.95,0.01,892,2671495,买盘
13:17:59,29.94,-0.01,78,233538,卖盘
13:18:02,29.95,0.01,104,311476,买盘
13:18:05,29.94,-0.01,421,1260617,卖盘
13:18:08,29.93,-0.01,21,62865,卖盘
13:18:11,29.93,0.0,36,107751,卖盘
13:18:14,29.94,0.01,216,646528,买盘
13:18:17,29.94,0.0,23,68862,卖盘
13:18:20,29.93,-0.01,51,152686,卖盘
13:18:23,29.94,0.01,500,1497330,买盘
13:18:26,29.95,0.01,26,77843,买盘
13:18:29,29.94,-0.01,9,26946,卖盘
13:18:32,29.95,0.01,16,47912,买盘
13:18:34,29.94,-0.01,134,401111,卖盘
13:18:38,29.96,0.02,143,428311,买盘
13:18:41,29.95,-0.01,27,80856,中性盘
13:18:44,29.95,0.0,59,176708,买盘
13:18:47,29.94,-0.01,95,284462,卖盘
13:18:50,29.95,0.01,15,44934,卖盘
13:18:53,29.94,-0.01,141,422277,卖盘
13:18:55,29.95,0.01,19,56911,中性盘
13:18:59,29.96,0.01,68,203691,买盘
13:19:02,29.96,0.0,316,944938,买盘
13:19:05,29.96,0.0,70,209720,卖盘
13:19:08,29.96,0.0,24,71904,卖盘
13:19:11,29.97,0.01,50,149840,买盘
13:19:14,29.97,0.0,417,1250036,买盘
13:19:16,29.97,0.0,45,134865,卖盘
13:19:19,29.97,0.0,2,5994,买盘
13:19:23,29.98,0.01,22,65944,买盘
13:19:26,29.98,0.0,30,89931,买盘
13:19:29,29.98,0.0,23,68938,买盘
13:19:32,29.98,0.0,206,617588,买盘
13:19:35,29.98,0.0,10,29978,买盘
13:19:37,29.98,0.0,86,257746,买盘
13:19:41,29.97,-0.01,84,251811,卖盘
13:19:44,29.98,0.01,203,608427,买盘
13:19:47,29.97,-0.01,134,401613,卖盘
13:19:50,29.98,0.01,101,302774,买盘
13:19:53,29.98,0.0,190,569527,买盘
13:19:56,29.98,0.0,221,662405,买盘
13:19:58,29.97,-0.01,124,371740,卖盘
13:20:01,29.98,0.01,524,1570951,买盘
13:20:05,29.97,-0.01,298,893261,卖盘
13:20:07,29.98,0.01,380,1139235,买盘
13:20:11,29.99,0.01,738,2212981,买盘
13:20:14,29.99,0.0,193,578618,买盘
13:20:17,29.99,0.0,68,203911,卖盘
13:20:20,30.0,0.01,440,1319989,买盘
13:20:23,29.98,-0.02,184,551651,卖盘
13:20:26,29.98,0.0,63,188871,买盘
13:20:29,29.98,0.0,44,131910,买盘
13:20:32,29.98,0.0,39,116914,买盘
13:20:35,29.99,0.01,174,521548,买盘
13:20:38,29.99,0.0,34,101959,买盘
13:20:40,30.0,0.01,43,128983,买盘
13:20:43,29.99,-0.01,63,188905,卖盘
13:20:47,30.0,0.01,110,329966,买盘
13:20:50,29.99,-0.01,534,1601986,卖盘
13:20:53,30.0,0.01,61,182998,买盘
13:20:59,30.01,0.01,97,291096,买盘
13:21:01,30.01,0.0,22,66018,买盘
13:21:04,30.0,-0.01,171,513015,卖盘
13:21:08,30.01,0.01,64,192064,买盘
13:21:11,30.01,0.0,70,210790,买盘
13:21:14,30.01,0.0,82,246082,卖盘
13:21:17,30.04,0.03,151,453338,买盘
13:21:19,30.04,0.0,5,15016,买盘
13:21:23,30.03,-0.01,43,129139,卖盘
13:21:26,30.03,0.0,103,309334,卖盘
13:21:29,30.05,0.02,794,2385923,买盘
13:21:31,30.06,0.01,17,51099,买盘
13:21:34,30.05,-0.01,31,93156,卖盘
13:21:38,30.06,0.01,44,132254,买盘
13:21:41,30.04,-0.02,348,1045724,卖盘
13:21:44,30.04,0.0,239,718597,卖盘
13:21:46,30.07,0.03,34,102216,买盘
13:21:50,30.06,-0.01,130,390874,中性盘
13:21:53,30.07,0.01,23,69157,买盘
13:21:56,30.06,-0.01,183,550009,卖盘
13:21:58,30.07,0.01,80,240935,买盘
13:22:02,30.07,0.0,13,39084,买盘
13:22:05,30.05,-0.02,126,378673,卖盘
13:22:07,30.07,0.02,81,243558,买盘
13:22:11,30.07,0.0,49,147289,买盘
13:22:13,30.07,0.0,76,228422,买盘
13:22:17,30.06,-0.01,84,252535,中性盘
13:22:20,30.06,0.0,147,441752,买盘
13:22:23,30.05,-0.01,67,201382,中性盘
13:22:26,30.06,0.01,107,321122,买盘
13:22:29,30.05,-0.01,128,384734,中性盘
13:22:32,30.03,-0.02,39,117195,卖盘
13:22:35,30.06,0.03,332,997632,买盘
13:22:38,30.03,-0.03,72,216168,卖盘
13:22:41,30.03,0.0,508,1524182,买盘
13:22:43,29.99,-0.04,561,1683185,卖盘
13:22:47,29.99,0.0,105,314911,卖盘
13:22:50,29.98,-0.01,363,1088950,卖盘
13:22:53,30.0,0.02,52,156024,中性盘
13:22:56,30.01,0.01,322,965576,买盘
13:22:59,30.0,-0.01,123,369102,卖盘
13:23:02,30.0,0.0,22,66008,卖盘
13:23:05,30.01,0.01,179,537013,中性盘
13:23:07,30.02,0.01,9,27013,买盘
13:23:11,30.01,-0.01,27,81032,卖盘
13:23:13,30.02,0.01,141,423206,买盘
13:23:16,30.02,0.0,48,144072,中性盘
13:23:20,30.02,0.0,11,33017,买盘
13:23:23,30.01,-0.01,567,1701293,卖盘
13:23:26,29.99,-0.02,468,1404003,卖盘
13:23:29,30.0,0.01,40,119999,买盘
13:23:31,30.0,0.0,210,630000,买盘
13:23:35,29.98,-0.02,222,665745,卖盘
13:23:38,29.98,0.0,73,218918,卖盘
13:23:40,29.99,0.01,36,107964,买盘
13:23:44,29.98,-0.01,116,347775,卖盘
13:23:49,29.99,0.01,40,119951,买盘
13:23:53,29.99,0.0,35,104958,买盘
13:23:55,29.99,0.0,52,155908,买盘
13:23:59,29.99,0.0,30,89955,买盘
13:24:02,29.99,0.0,11,32979,买盘
13:24:05,29.98,-0.01,557,1669862,卖盘
13:24:08,29.99,0.01,73,218905,买盘
13:24:11,29.98,-0.01,84,251828,卖盘
13:24:13,30.0,0.02,1154,3460358,买盘
13:24:18,30.0,0.0,45,135000,卖盘
13:24:18,29.98,-0.02,105,314902,卖盘
13:24:23,29.99,0.01,3,8999,卖盘
13:24:26,29.98,-0.01,24,71966,卖盘
13:24:29,29.99,0.01,32,95968,买盘
13:24:32,29.99,0.0,10,29990,买盘
13:24:34,29.98,-0.01,145,434788,卖盘
13:24:38,29.98,0.0,265,794534,卖盘
13:24:41,29.97,-0.01,50,149894,卖盘
13:24:44,29.97,0.0,100,299848,卖盘
13:24:47,29.99,0.02,21,62979,中性盘
13:24:48,30.0,0.01,2,6000,买盘
13:24:53,30.0,0.0,428,1284000,买盘
13:24:56,30.0,0.0,162,486065,卖盘
13:24:59,30.0,0.0,1,3000,卖盘
13:25:01,30.01,0.01,4,12002,中性盘
13:25:05,30.01,0.0,128,384135,卖盘
13:25:08,30.02,0.01,21,63023,买盘
13:25:11,30.01,-0.01,58,174073,卖盘
13:25:14,30.01,0.0,26,78026,卖盘
13:25:17,30.0,-0.01,30,89615,卖盘
13:25:20,30.02,0.02,49,147098,买盘
13:25:21,30.02,0.0,47,141054,买盘
13:25:26,30.02,0.0,31,93033,买盘
13:25:28,30.02,0.0,66,198116,买盘
13:25:32,30.02,0.0,157,471026,买盘
13:25:35,30.02,0.0,38,114035,买盘
13:25:38,30.02,0.0,42,126084,买盘
13:25:41,30.0,-0.02,155,465552,卖盘
13:25:44,29.99,-0.01,59,176997,卖盘
13:25:48,30.0,0.01,39,117000,买盘
13:25:50,30.0,0.0,48,143989,买盘
13:25:56,30.0,0.0,74,221950,买盘
13:25:59,29.99,-0.01,220,659817,卖盘
13:26:02,30.0,0.01,63,188968,买盘
13:26:05,29.99,-0.01,55,164954,中性盘
13:26:08,30.0,0.01,105,315000,买盘
13:26:11,29.99,-0.01,56,167964,卖盘
13:26:14,29.98,-0.01,343,1028295,卖盘
13:26:17,29.98,0.0,50,149900,买盘
13:26:20,29.98,0.0,43,128912,买盘
13:26:23,29.97,-0.01,36,107912,卖盘
13:26:25,29.98,0.01,125,374640,买盘
13:26:29,29.98,0.0,23,68940,买盘
13:26:32,29.98,0.0,153,458694,买盘
13:26:35,29.98,0.0,62,185886,卖盘
13:26:38,29.98,0.0,25,74950,卖盘
13:26:41,29.98,0.0,168,503667,卖盘
13:26:44,29.98,0.0,96,287756,买盘
13:26:47,29.98,0.0,45,134880,买盘
13:26:50,29.99,0.01,33,98946,买盘
13:26:53,29.98,-0.01,32,95967,卖盘
13:26:56,29.98,0.0,90,269822,卖盘
13:26:59,29.98,0.0,41,122932,卖盘
13:27:02,29.98,0.0,5,14990,买盘
13:27:05,29.97,-0.01,40,119886,卖盘
13:27:07,29.98,0.01,71,212844,买盘
13:27:10,29.98,0.0,49,146896,买盘
13:27:13,29.97,-0.01,59,176872,卖盘
13:27:17,29.98,0.01,5,14990,中性盘
13:27:20,29.99,0.01,40,119952,买盘
13:27:23,29.98,-0.01,13,38975,卖盘
13:27:26,29.98,0.0,54,161902,卖盘
13:27:29,29.98,0.0,20,59960,卖盘
13:27:32,29.99,0.01,5,14994,买盘
13:27:35,29.98,-0.01,62,185898,卖盘
13:27:38,29.99,0.01,47,140953,买盘
13:27:40,29.98,-0.01,29,86958,卖盘
13:27:44,29.98,0.0,113,338860,卖盘
13:27:47,29.99,0.01,57,170918,买盘
13:27:50,29.98,-0.01,141,422734,卖盘
13:27:53,29.98,0.0,56,167879,买盘
13:27:56,29.98,0.0,115,344702,买盘
13:27:58,29.97,-0.01,19,56961,卖盘
13:28:02,29.98,0.01,35,104920,买盘
13:28:05,29.98,0.0,87,260741,买盘
13:28:06,29.98,0.0,54,161892,买盘
13:28:11,29.97,-0.01,440,1318699,卖盘
13:28:14,29.97,0.0,11,32970,卖盘
13:28:17,29.98,0.01,47,140866,买盘
13:28:20,29.98,0.0,12,35976,买盘
13:28:23,29.98,0.0,96,287777,买盘
13:28:25,29.97,-0.01,237,710371,卖盘
13:28:29,29.98,0.01,75,224793,买盘
13:28:31,29.97,-0.01,237,710292,卖盘
13:28:35,29.96,-0.01,90,269720,卖盘
13:28:38,29.96,0.0,64,191763,卖盘
13:28:41,29.97,0.01,144,431452,买盘
13:28:44,29.97,0.0,238,713239,买盘
13:28:46,29.97,0.0,210,629304,卖盘
13:28:50,29.96,-0.01,95,284742,卖盘
13:28:53,29.96,0.0,415,1244744,卖盘
13:28:56,29.95,-0.01,158,473229,卖盘
13:28:59,29.96,0.01,68,203666,买盘
13:29:02,29.96,0.0,26,77896,买盘
13:29:05,29.95,-0.01,177,530143,卖盘
13:29:08,29.96,0.01,21,61504,买盘
13:29:09,29.95,-0.01,357,1069218,买盘
13:29:14,29.96,0.01,74,221693,买盘
13:29:17,29.96,0.0,231,692243,卖盘
13:29:20,29.96,0.0,21,62916,卖盘
13:29:23,29.97,0.01,18,53929,买盘
13:29:26,29.97,0.0,196,587253,买盘
13:29:29,29.96,-0.01,18,53928,卖盘
13:29:32,29.96,0.0,17,50919,买盘
13:29:35,29.95,-0.01,153,458325,卖盘
13:29:38,29.95,0.0,178,533246,卖盘
13:29:39,29.96,0.01,78,233682,买盘
13:29:43,29.97,0.01,186,557279,买盘
13:29:47,29.96,-0.01,25,74883,卖盘
13:29:50,29.97,0.01,45,134792,买盘
13:29:53,29.95,-0.02,23,68900,卖盘
13:29:56,29.96,0.01,77,230691,买盘
13:29:59,29.95,-0.01,42,125802,卖盘
13:30:02,29.96,0.01,28,83887,买盘
13:30:05,29.96,0.0,234,700878,买盘
13:30:08,29.95,-0.01,135,404445,卖盘
13:30:11,29.95,0.0,281,843156,卖盘
13:30:14,29.94,-0.01,9,26954,卖盘
13:30:17,29.95,0.01,489,1464491,买盘
13:30:20,29.95,0.0,57,169379,卖盘
13:30:23,29.97,0.02,50,149815,买盘
13:30:26,29.98,0.01,245,734945,买盘
13:30:29,29.94,-0.04,70,209600,卖盘
13:30:31,29.98,0.04,415,1241244,买盘
13:30:35,29.95,-0.03,22,65888,卖盘
13:30:38,29.97,0.02,116,347488,买盘
13:30:41,29.95,-0.02,87,260605,卖盘
13:30:43,29.95,0.0,55,164718,买盘
13:30:48,29.95,0.0,76,227619,买盘
13:30:49,29.96,0.01,74,221660,买盘
13:30:53,29.96,0.0,460,1377282,买盘
13:30:56,29.95,-0.01,78,233551,卖盘
13:30:59,29.95,0.0,53,158750,卖盘
13:31:03,29.95,0.0,40,119810,卖盘
13:31:05,29.94,-0.01,114,341346,卖盘
13:31:08,29.94,0.0,32,95797,买盘
13:31:11,29.95,0.01,430,1287105,买盘
13:31:13,29.94,-0.01,4,11977,卖盘
13:31:15,29.95,0.01,82,245531,买盘
13:31:20,29.94,-0.01,16,47911,卖盘
13:31:23,29.94,0.0,11,32934,卖盘
13:31:26,29.95,0.01,148,443072,买盘
13:31:29,29.95,0.0,29,86843,买盘
13:31:33,29.94,-0.01,384,1149030,中性盘
13:31:34,29.92,-0.02,83,248431,卖盘
