time,price,change,volume,amount,type
09:25:04,29.85,0.31,3183,9501255,卖盘
09:30:00,29.84,-0.01,2716,8112243,卖盘
09:30:05,29.86,0.02,1331,3973718,买盘
09:30:07,29.85,-0.01,1568,4681308,卖盘
09:30:11,29.84,-0.01,1318,3931099,卖盘
09:30:14,29.77,-0.07,257,766082,卖盘
09:30:17,29.77,0.0,189,560998,卖盘
09:30:19,29.77,0.0,121,362426,买盘
09:30:23,29.82,0.05,140,417199,买盘
09:30:26,29.81,-0.01,64,190721,中性盘
09:30:29,29.75,-0.06,273,812141,卖盘
09:30:32,29.7,-0.05,105,312355,卖盘
09:30:35,29.69,-0.01,228,677672,卖盘
09:30:37,29.76,0.07,850,2526079,买盘
09:30:41,29.75,-0.01,162,482059,卖盘
09:30:44,29.79,0.04,148,440888,买盘
09:30:47,29.81,0.02,238,709105,买盘
09:30:50,29.78,-0.03,244,727115,卖盘
09:30:53,29.79,0.01,136,405136,买盘
09:30:56,29.78,-0.01,77,229364,卖盘
09:30:59,29.8,0.02,104,309824,买盘
09:31:02,29.8,0.0,855,2544051,卖盘
09:31:04,29.78,-0.02,745,2216980,卖盘
09:31:08,29.73,-0.05,154,458176,卖盘
09:31:11,29.78,0.05,158,470402,买盘
09:31:14,29.8,0.02,387,1152638,买盘
09:31:17,29.73,-0.07,251,745596,卖盘
09:31:20,29.73,0.0,184,547130,卖盘
09:31:22,29.78,0.05,133,395937,买盘
09:31:24,29.74,-0.04,348,1034860,卖盘
09:31:29,29.78,0.04,229,681918,买盘
09:31:32,29.77,-0.01,143,425715,卖盘
09:31:35,29.78,0.01,262,780224,买盘
09:31:38,29.77,-0.01,564,1679228,卖盘
09:31:41,29.8,0.03,277,824903,买盘
09:31:44,29.8,0.0,581,1730853,买盘
09:31:47,29.78,-0.02,153,455792,卖盘
09:31:50,29.81,0.03,574,1709494,买盘
09:31:53,29.7,-0.11,364,1082842,卖盘
09:31:56,29.78,0.08,353,1049457,买盘
09:31:59,29.77,-0.01,109,323901,中性盘
09:32:02,29.71,-0.06,119,353918,卖盘
09:32:05,29.7,-0.01,176,523261,卖盘
09:32:07,29.72,0.02,283,840876,中性盘
09:32:11,29.7,-0.02,197,585103,卖盘
09:32:12,29.76,0.06,442,1315084,买盘
09:32:17,29.69,-0.07,356,1058999,卖盘
09:32:20,29.7,0.01,229,681200,卖盘
09:32:23,29.7,0.0,613,1820812,买盘
09:32:26,29.69,-0.01,48,142540,卖盘
09:32:27,29.7,0.01,111,329594,买盘
09:32:32,29.67,-0.03,274,812783,卖盘
09:32:35,29.65,-0.02,202,598946,卖盘
09:32:38,29.67,0.02,801,2376262,买盘
09:32:41,29.67,0.0,334,990321,买盘
09:32:44,29.62,-0.05,316,937014,卖盘
09:32:47,29.64,0.02,97,287466,中性盘
09:32:50,29.66,0.02,218,646358,买盘
09:32:52,29.6,-0.06,568,1682882,卖盘
09:32:54,29.62,0.02,43,127367,买盘
09:32:59,29.65,0.03,109,322942,买盘
09:33:00,29.65,0.0,363,1075528,买盘
09:33:05,29.66,0.01,419,1243026,买盘
09:33:07,29.66,0.0,277,821764,卖盘
09:33:11,29.68,0.02,142,421211,买盘
09:33:14,29.66,-0.02,352,1044082,卖盘
09:33:17,29.68,0.02,389,1154035,中性盘
09:33:20,29.65,-0.03,480,1423332,卖盘
09:33:23,29.6,-0.05,159,471306,卖盘
09:33:25,29.61,0.01,35,103711,卖盘
09:33:29,29.61,0.0,62,183642,卖盘
09:33:32,29.61,0.0,446,1320469,卖盘
09:33:33,29.59,-0.02,298,881855,卖盘
09:33:38,29.59,0.0,203,600459,买盘
09:33:41,29.58,-0.01,163,482155,卖盘
09:33:44,29.57,-0.01,174,514637,卖盘
09:33:47,29.57,0.0,159,470166,卖盘
09:33:48,29.55,-0.02,706,2086190,卖盘
09:33:52,29.53,-0.02,326,962589,卖盘
09:33:55,29.51,-0.02,49,144660,卖盘
09:33:59,29.45,-0.06,474,1398043,卖盘
09:34:02,29.45,0.0,115,338898,卖盘
09:34:03,29.45,0.0,142,417982,卖盘
09:34:08,29.43,-0.02,59,173715,卖盘
09:34:11,29.46,0.03,380,1119077,买盘
09:34:12,29.45,-0.01,82,241383,中性盘
09:34:15,29.47,0.02,302,889750,买盘
09:34:20,29.4,-0.07,905,2661325,卖盘
09:34:22,29.46,0.06,679,1996422,买盘
09:34:26,29.44,-0.02,152,447497,中性盘
09:34:29,29.47,0.03,99,291600,买盘
09:34:32,29.47,0.0,86,253392,买盘
09:34:35,29.4,-0.07,545,1605777,卖盘
09:34:38,29.41,0.01,126,370936,中性盘
09:34:41,29.41,0.0,87,256273,卖盘
09:34:44,29.43,0.02,34,100106,卖盘
09:34:46,29.45,0.02,65,191357,买盘
09:34:50,29.46,0.01,156,459481,买盘
09:34:53,29.4,-0.06,964,2835486,卖盘
09:34:56,29.39,-0.01,506,1487638,卖盘
09:34:59,29.45,0.06,175,514703,买盘
09:35:00,29.45,0.0,160,470717,买盘
09:35:05,29.41,-0.04,150,441193,中性盘
09:35:08,29.4,-0.01,153,450178,卖盘
09:35:11,29.44,0.04,483,1420432,中性盘
09:35:14,29.41,-0.03,112,329590,中性盘
09:35:15,29.44,0.03,165,485872,买盘
09:35:20,29.4,-0.04,394,1158397,卖盘
09:35:23,29.4,0.0,226,664549,卖盘
09:35:26,29.4,0.0,205,602721,买盘
09:35:29,29.4,0.0,191,561532,买盘
09:35:32,29.43,0.03,57,167664,买盘
09:35:35,29.41,-0.02,21,61806,中性盘
09:35:37,29.39,-0.02,590,1734522,卖盘
09:35:41,29.39,0.0,116,340917,买盘
09:35:44,29.39,0.0,213,625949,买盘
09:35:47,29.39,0.0,219,643604,买盘
09:35:50,29.39,0.0,200,587680,买盘
09:35:53,29.39,0.0,78,229187,买盘
09:35:56,29.39,0.0,305,896333,买盘
09:35:58,29.4,0.01,12,35270,买盘
09:36:02,29.4,0.0,819,2407804,买盘
09:36:05,29.44,0.04,113,332360,买盘
09:36:07,29.42,-0.02,106,311851,中性盘
09:36:11,29.41,-0.01,780,2294443,卖盘
09:36:14,29.42,0.01,277,815030,买盘
09:36:17,29.41,-0.01,27,79407,买盘
09:36:20,29.41,0.0,223,656204,买盘
09:36:23,29.46,0.05,66,194331,中性盘
09:36:26,29.46,0.0,45,132558,卖盘
09:36:29,29.46,0.0,36,105966,买盘
09:36:32,29.46,0.0,72,211441,买盘
09:36:35,29.46,0.0,403,1186038,买盘
09:36:38,29.46,0.0,150,441912,卖盘
09:36:40,29.48,0.02,222,654043,买盘
09:36:44,29.48,0.0,72,212256,卖盘
09:36:47,29.48,0.0,119,350765,卖盘
09:36:48,29.49,0.01,166,489422,买盘
09:36:53,29.48,-0.01,643,1895276,卖盘
09:36:56,29.49,0.01,85,250639,买盘
09:36:59,29.48,-0.01,233,686870,卖盘
09:37:02,29.48,0.0,107,315429,买盘
09:37:03,29.48,0.0,1168,3440401,买盘
09:37:08,29.47,-0.01,110,324096,中性盘
09:37:11,29.46,-0.01,179,527304,卖盘
09:37:13,29.46,0.0,630,1856191,买盘
09:37:16,29.47,0.01,82,241538,买盘
09:37:20,29.47,0.0,1125,3316648,买盘
09:37:23,29.45,-0.02,56,164990,卖盘
09:37:26,29.45,0.0,172,506864,卖盘
09:37:27,29.48,0.03,63,185688,中性盘
09:37:32,29.47,-0.01,92,271140,卖盘
09:37:33,29.47,0.0,348,1025664,卖盘
09:37:38,29.49,0.02,272,801745,买盘
09:37:41,29.49,0.0,176,518965,买盘
09:37:42,29.49,0.0,220,648718,买盘
09:37:47,29.49,0.0,44,129794,卖盘
09:37:50,29.5,0.01,225,663697,买盘
09:37:52,29.5,0.0,76,224216,买盘
09:37:56,29.5,0.0,352,1038764,卖盘
09:37:59,29.54,0.04,148,436774,中性盘
09:38:02,29.51,-0.03,91,268499,中性盘
09:38:05,29.55,0.04,158,466658,买盘
09:38:08,29.54,-0.01,143,422089,卖盘
09:38:11,29.54,0.0,39,115160,卖盘
09:38:12,29.55,0.01,180,531750,买盘
09:38:17,29.53,-0.02,724,2137498,卖盘
09:38:20,29.53,0.0,45,132833,买盘
09:38:23,29.51,-0.02,555,1637941,卖盘
09:38:26,29.51,0.0,152,448667,买盘
09:38:29,29.51,0.0,241,711790,卖盘
09:38:32,29.51,0.0,78,230297,卖盘
09:38:35,29.53,0.02,79,233147,买盘
09:38:38,29.51,-0.02,172,507602,卖盘
09:38:41,29.52,0.01,95,280458,买盘
09:38:44,29.52,0.0,95,280489,卖盘
09:38:46,29.53,0.01,993,2930045,买盘
09:38:50,29.52,-0.01,179,529050,卖盘
09:38:52,29.52,0.0,10,29519,买盘
09:38:56,29.51,-0.01,73,215424,卖盘
09:38:59,29.52,0.01,107,315795,买盘
09:39:01,29.51,-0.01,400,1180044,卖盘
09:39:03,29.51,0.0,186,548814,买盘
09:39:08,29.52,0.01,247,728614,买盘
09:39:11,29.51,-0.01,91,268580,卖盘
09:39:14,29.51,0.0,94,277445,卖盘
09:39:17,29.52,0.01,149,439828,买盘
09:39:20,29.51,-0.01,186,548993,卖盘
09:39:23,29.53,0.02,56,165313,买盘
09:39:24,29.52,-0.01,7,20664,卖盘
09:39:29,29.53,0.01,21,61995,买盘
09:39:32,29.53,0.0,22,64956,买盘
09:39:33,29.54,0.01,127,375060,买盘
09:39:37,29.54,0.0,1089,3216176,买盘
09:39:41,29.55,0.01,469,1386013,买盘
09:39:44,29.58,0.03,86,254417,买盘
09:39:47,29.59,0.01,92,272136,买盘
09:39:50,29.6,0.01,5,14796,买盘
09:39:53,29.6,0.0,15,44395,买盘
09:39:56,29.6,0.0,182,538721,买盘
09:39:59,29.61,0.01,169,500306,买盘
09:40:02,29.6,-0.01,203,601064,卖盘
09:40:03,29.61,0.01,75,222069,中性盘
09:40:08,29.61,0.0,43,127365,卖盘
09:40:10,29.64,0.03,24,71132,买盘
09:40:14,29.61,-0.03,80,237016,卖盘
09:40:17,29.65,0.04,551,1633296,买盘
09:40:20,29.64,-0.01,63,186738,卖盘
09:40:22,29.64,0.0,191,566130,卖盘
09:40:24,29.64,0.0,111,329048,卖盘
09:40:29,29.61,-0.03,818,2424214,卖盘
09:40:31,29.66,0.05,226,669668,买盘
09:40:35,29.65,-0.01,227,672888,卖盘
09:40:38,29.61,-0.04,429,1270266,卖盘
09:40:41,29.6,-0.01,468,1385375,卖盘
09:40:44,29.58,-0.02,449,1328693,卖盘
09:40:46,29.6,0.02,236,698522,买盘
09:40:50,29.56,-0.04,87,257380,卖盘
09:40:53,29.56,0.0,55,162580,买盘
09:40:56,29.56,0.0,270,797849,买盘
09:40:59,29.55,-0.01,74,218694,中性盘
09:41:01,29.56,0.01,221,653009,买盘
09:41:04,29.56,0.0,192,567441,买盘
09:41:08,29.56,0.0,83,245332,买盘
09:41:11,29.56,0.0,356,1052026,买盘
09:41:14,29.56,0.0,100,295563,买盘
09:41:17,29.57,0.01,293,866081,买盘
09:41:20,29.58,0.01,46,136008,买盘
09:41:22,29.58,0.0,905,2674074,卖盘
09:41:26,29.58,0.0,2,5916,卖盘
09:41:29,29.6,0.02,322,952624,买盘
09:41:32,29.56,-0.04,522,1543223,卖盘
09:41:34,29.59,0.03,80,236731,卖盘
09:41:38,29.59,0.0,61,180500,卖盘
09:41:41,29.6,0.01,90,266400,买盘
09:41:43,29.6,0.0,63,186485,卖盘
09:41:46,29.61,0.01,4,11844,买盘
09:41:49,29.6,-0.01,241,713373,卖盘
09:41:53,29.61,0.01,100,296086,买盘
09:41:56,29.61,0.0,23,68103,卖盘
09:41:59,29.62,0.01,110,325713,买盘
09:42:02,29.63,0.01,59,174794,买盘
09:42:05,29.62,-0.01,152,450229,卖盘
09:42:08,29.63,0.01,62,183767,买盘
09:42:10,29.64,0.01,146,432547,买盘
09:42:14,29.63,-0.01,226,669738,卖盘
09:42:17,29.65,0.02,220,652292,买盘
09:42:20,29.67,0.02,61,180901,买盘
09:42:23,29.66,-0.01,12,35582,中性盘
09:42:26,29.66,0.0,21,62286,买盘
09:42:29,29.67,0.01,54,160170,买盘
09:42:31,29.67,0.0,321,951806,买盘
09:42:34,29.67,0.0,88,261055,买盘
09:42:38,29.66,-0.01,60,177994,卖盘
09:42:41,29.65,-0.01,170,504088,卖盘
09:42:44,29.67,0.02,174,515911,买盘
09:42:47,29.66,-0.01,32,94896,买盘
09:42:50,29.62,-0.04,137,406006,卖盘
09:42:53,29.65,0.03,39,115608,买盘
09:42:56,29.65,0.0,85,252063,买盘
09:42:59,29.66,0.01,89,263876,买盘
09:43:02,29.6,-0.06,551,1632136,卖盘
09:43:05,29.65,0.05,85,251991,买盘
09:43:08,29.67,0.02,113,335097,买盘
09:43:10,29.66,-0.01,331,981056,卖盘
09:43:14,29.66,0.0,164,486334,卖盘
09:43:17,29.63,-0.03,44,130308,中性盘
09:43:20,29.66,0.03,34,100823,买盘
09:43:23,29.65,-0.01,14,41510,中性盘
09:43:26,29.63,-0.02,18,53356,卖盘
09:43:29,29.65,0.02,51,151177,买盘
09:43:32,29.65,0.0,186,550820,买盘
09:43:35,29.64,-0.01,44,130414,买盘
09:43:38,29.63,-0.01,80,237060,卖盘
09:43:41,29.65,0.02,361,1069786,买盘
09:43:44,29.65,0.0,200,593000,卖盘
09:43:47,29.65,0.0,17,50405,卖盘
09:43:50,29.64,-0.01,356,1055425,卖盘
09:43:53,29.64,0.0,13,38532,买盘
09:43:56,29.63,-0.01,214,634227,卖盘
09:43:58,29.63,0.0,9,26667,买盘
09:44:02,29.62,-0.01,135,399852,卖盘
09:44:05,29.62,0.0,32,94784,买盘
09:44:08,29.62,0.0,42,124390,买盘
09:44:11,29.61,-0.01,301,891124,卖盘
09:44:14,29.6,-0.01,158,467823,卖盘
09:44:17,29.63,0.03,287,850114,买盘
09:44:20,29.63,0.0,146,432565,买盘
09:44:23,29.63,0.0,62,183709,卖盘
09:44:26,29.63,0.0,134,397029,卖盘
09:44:29,29.64,0.01,423,1253745,买盘
09:44:32,29.62,-0.02,270,800033,卖盘
09:44:34,29.6,-0.02,358,1059791,卖盘
09:44:38,29.6,0.0,285,843365,买盘
09:44:40,29.6,0.0,63,186466,买盘
09:44:44,29.58,-0.02,210,621531,卖盘
09:44:47,29.59,0.01,63,186431,买盘
09:44:49,29.57,-0.02,344,1017558,卖盘
09:44:53,29.57,0.0,75,221775,买盘
09:44:56,29.56,-0.01,23,67989,卖盘
09:44:59,29.57,0.01,92,272022,买盘
09:45:02,29.56,-0.01,49,144852,卖盘
09:45:05,29.56,0.0,542,1602278,卖盘
09:45:08,29.56,0.0,120,354802,卖盘
09:45:11,29.55,-0.01,37,109337,中性盘
09:45:13,29.55,0.0,108,319078,买盘
09:45:17,29.54,-0.01,681,2011794,卖盘
09:45:19,29.54,0.0,349,1030583,卖盘
09:45:23,29.53,-0.01,87,256903,卖盘
09:45:26,29.53,0.0,629,1858376,买盘
09:45:29,29.54,0.01,209,617096,买盘
09:45:32,29.54,0.0,412,1216343,买盘
09:45:35,29.53,-0.01,213,628941,中性盘
09:45:37,29.53,0.0,140,413325,买盘
09:45:40,29.53,0.0,614,1811433,买盘
09:45:44,29.54,0.01,178,525727,买盘
09:45:47,29.53,-0.01,69,203779,卖盘
09:45:50,29.5,-0.03,431,1271775,卖盘
09:45:53,29.53,0.03,101,298074,买盘
09:45:55,29.53,0.0,140,413445,买盘
09:45:59,29.53,0.0,24,70842,买盘
09:46:02,29.52,-0.01,65,191803,中性盘
09:46:05,29.52,0.0,48,141683,买盘
09:46:08,29.51,-0.01,77,227180,卖盘
09:46:11,29.51,0.0,237,699218,卖盘
09:46:14,29.5,-0.01,269,793559,卖盘
09:46:16,29.51,0.01,120,354002,买盘
09:46:19,29.5,-0.01,24,70833,卖盘
09:46:23,29.51,0.01,23,67873,买盘
09:46:26,29.51,0.0,41,120996,卖盘
09:46:28,29.53,0.02,28,82645,买盘
09:46:31,29.51,-0.02,294,867389,卖盘
09:46:34,29.52,0.01,65,191874,买盘
09:46:38,29.5,-0.02,165,486728,卖盘
09:46:41,29.53,0.03,206,608245,买盘
09:46:43,29.53,0.0,197,581877,卖盘
09:46:47,29.55,0.02,163,481575,买盘
09:46:50,29.55,0.0,208,614826,卖盘
09:46:53,29.53,-0.02,713,2106240,卖盘
09:46:56,29.55,0.02,56,165353,卖盘
09:46:59,29.56,0.01,14,41383,买盘
09:47:02,29.56,0.0,177,523068,买盘
09:47:05,29.54,-0.02,103,304399,卖盘
09:47:07,29.54,0.0,52,153768,卖盘
09:47:11,29.53,-0.01,93,274650,卖盘
09:47:14,29.53,0.0,153,451781,买盘
09:47:16,29.53,0.0,6,17717,买盘
09:47:20,29.53,0.0,97,286435,买盘
09:47:23,29.53,0.0,260,767522,买盘
09:47:25,29.54,0.01,72,212680,买盘
09:47:29,29.55,0.01,91,268668,买盘
09:47:32,29.56,0.01,204,602740,买盘
09:47:35,29.57,0.01,117,345888,买盘
09:47:37,29.57,0.0,667,1972090,买盘
09:47:40,29.57,0.0,202,597483,卖盘
09:47:43,29.59,0.02,157,464410,买盘
09:47:47,29.6,0.01,188,556471,买盘
09:47:50,29.6,0.0,62,183484,买盘
09:47:53,29.59,-0.01,19,56237,卖盘
09:47:55,29.59,0.0,318,941188,卖盘
09:47:58,29.63,0.04,321,949810,买盘
09:48:01,29.63,0.0,9,26658,买盘
09:48:05,29.63,0.0,135,399704,买盘
09:48:08,29.63,0.0,84,248746,买盘
09:48:11,29.62,-0.01,212,627700,中性盘
09:48:13,29.62,0.0,141,417556,买盘
09:48:17,29.61,-0.01,593,1755655,卖盘
09:48:20,29.61,0.0,144,426388,卖盘
09:48:22,29.54,-0.07,433,1280801,卖盘
09:48:26,29.53,-0.01,35,103378,卖盘
09:48:29,29.54,0.01,3,8862,买盘
09:48:32,29.53,-0.01,742,2190758,卖盘
09:48:35,29.54,0.01,296,874450,买盘
09:48:38,29.54,0.0,3,8862,卖盘
09:48:41,29.6,0.06,28,82724,买盘
09:48:43,29.54,-0.06,204,602652,卖盘
09:48:47,29.54,0.0,104,307268,卖盘
09:48:50,29.54,0.0,277,818398,卖盘
09:48:53,29.57,0.03,134,395066,中性盘
09:48:56,29.56,-0.01,66,195038,中性盘
09:48:59,29.56,0.0,219,647203,买盘
09:49:02,29.55,-0.01,75,222600,卖盘
09:49:04,29.54,-0.01,242,715171,卖盘
09:49:08,29.53,-0.01,368,1086916,卖盘
09:49:11,29.53,0.0,276,814925,买盘
09:49:14,29.53,0.0,219,646623,买盘
09:49:17,29.53,0.0,146,430996,买盘
09:49:20,29.53,0.0,44,129932,买盘
09:49:23,29.52,-0.01,117,345386,卖盘
09:49:26,29.52,0.0,249,735040,买盘
09:49:29,29.51,-0.01,278,819019,卖盘
09:49:32,29.53,0.02,174,513850,买盘
09:49:35,29.53,0.0,80,236269,卖盘
09:49:37,29.52,-0.01,159,469476,卖盘
09:49:40,29.52,0.0,262,773426,卖盘
09:49:44,29.52,0.0,94,277488,买盘
09:49:47,29.52,0.0,916,2703318,卖盘
09:49:50,29.52,0.0,364,1074562,卖盘
09:49:53,29.52,0.0,96,283378,卖盘
09:49:56,29.53,0.01,74,218487,买盘
09:49:59,29.52,-0.01,624,1841333,卖盘
09:50:02,29.53,0.01,303,894587,买盘
09:50:05,29.52,-0.01,80,236152,卖盘
09:50:07,29.52,0.0,107,315788,买盘
09:50:11,29.53,0.01,317,935688,买盘
09:50:14,29.52,-0.01,206,608102,卖盘
09:50:17,29.51,-0.01,145,427920,卖盘
09:50:20,29.51,0.0,575,1696406,买盘
09:50:23,29.52,0.01,226,666943,买盘
09:50:25,29.51,-0.01,473,1397722,卖盘
09:50:29,29.51,0.0,219,646284,卖盘
09:50:31,29.49,-0.02,202,595855,卖盘
09:50:35,29.5,0.01,156,460069,买盘
09:50:38,29.48,-0.02,413,1217682,卖盘
09:50:40,29.49,0.01,280,825462,买盘
09:50:44,29.48,-0.01,113,333091,卖盘
09:50:47,29.48,0.0,158,465719,买盘
09:50:50,29.49,0.01,181,533692,买盘
09:50:52,29.49,0.0,584,1720801,买盘
09:50:56,29.5,0.01,33,97317,买盘
09:50:58,29.5,0.0,105,309585,买盘
09:51:02,29.49,-0.01,52,153355,卖盘
09:51:05,29.51,0.02,65,191759,买盘
09:51:08,29.49,-0.02,166,489544,卖盘
09:51:11,29.49,0.0,82,241819,卖盘
09:51:14,29.5,0.01,42,123869,买盘
09:51:17,29.49,-0.01,76,224194,卖盘
09:51:20,29.49,0.0,65,191749,卖盘
09:51:22,29.5,0.01,341,1005676,买盘
09:51:26,29.5,0.0,111,327363,买盘
09:51:29,29.49,-0.01,391,1153012,卖盘
09:51:32,29.49,0.0,72,212283,买盘
09:51:35,29.48,-0.01,162,477608,卖盘
09:51:38,29.48,0.0,247,727825,买盘
09:51:41,29.48,0.0,67,197496,买盘
09:51:44,29.47,-0.01,221,651207,卖盘
09:51:47,29.45,-0.02,574,1690969,卖盘
09:51:49,29.46,0.01,18,53028,中性盘
09:51:53,29.46,0.0,19,55960,买盘
09:51:56,29.45,-0.01,53,156096,卖盘
09:51:59,29.45,0.0,201,591946,卖盘
09:52:02,29.45,0.0,155,456443,卖盘
09:52:04,29.44,-0.01,139,409242,卖盘
09:52:08,29.44,0.0,78,229652,卖盘
09:52:11,29.44,0.0,184,541621,买盘
09:52:14,29.44,0.0,283,832932,买盘
09:52:17,29.43,-0.01,57,167783,卖盘
09:52:20,29.42,-0.01,418,1229926,卖盘
09:52:23,29.44,0.02,51,150122,买盘
09:52:26,29.44,0.0,42,123613,买盘
09:52:29,29.45,0.01,273,803456,买盘
09:52:32,29.44,-0.01,242,712443,卖盘
09:52:35,29.44,0.0,318,935405,买盘
09:52:38,29.44,0.0,67,197216,买盘
09:52:41,29.44,0.0,412,1213224,买盘
09:52:44,29.44,0.0,45,132482,买盘
09:52:46,29.44,0.0,552,1625186,卖盘
09:52:50,29.45,0.01,217,638856,中性盘
09:52:52,29.45,0.0,194,571291,买盘
09:52:55,29.46,0.01,25,73636,买盘
09:52:59,29.46,0.0,33,97187,买盘
09:53:02,29.45,-0.01,32,94266,卖盘
09:53:05,29.45,0.0,51,150206,卖盘
09:53:08,29.45,0.0,201,592073,卖盘
09:53:12,29.47,0.02,35,103113,买盘
09:53:14,29.47,0.0,35,103130,买盘
09:53:16,29.45,-0.02,148,436042,卖盘
09:53:20,29.46,0.01,12,35365,中性盘
09:53:23,29.46,0.0,518,1525609,卖盘
09:53:26,29.44,-0.02,330,971901,卖盘
09:53:29,29.47,0.03,79,232770,买盘
09:53:32,29.47,0.0,100,294690,买盘
09:53:35,29.47,0.0,11,32424,卖盘
09:53:38,29.47,0.0,15,44205,卖盘
09:53:41,29.48,0.01,144,424370,买盘
09:53:44,29.48,0.0,6,17685,买盘
09:53:47,29.48,0.0,110,324253,买盘
09:53:50,29.48,0.0,98,288903,买盘
09:53:53,29.49,0.01,100,294877,买盘
09:53:55,29.49,0.0,39,115027,卖盘
09:53:59,29.5,0.01,65,191687,买盘
09:54:02,29.49,-0.01,93,274259,卖盘
09:54:05,29.5,0.01,59,174012,买盘
09:54:08,29.49,-0.01,242,713679,卖盘
09:54:11,29.5,0.01,24,70797,买盘
09:54:13,29.5,0.0,64,188789,买盘
09:54:17,29.5,0.0,152,448408,买盘
09:54:20,29.51,0.01,215,634180,买盘
09:54:23,29.5,-0.01,54,159303,卖盘
09:54:25,29.5,0.0,67,197713,卖盘
09:54:29,29.52,0.02,154,454454,买盘
09:54:31,29.51,-0.01,41,120994,卖盘
09:54:35,29.52,0.01,35,103306,买盘
09:54:38,29.52,0.0,267,786411,买盘
09:54:42,29.54,0.02,52,153539,买盘
09:54:44,29.53,-0.01,164,484221,卖盘
09:54:47,29.53,0.0,124,366079,卖盘
09:54:50,29.53,0.0,543,1602993,卖盘
09:54:53,29.54,0.01,37,109292,买盘
09:54:56,29.54,0.0,51,150640,买盘
09:54:59,29.54,0.0,21,62019,买盘
09:55:02,29.53,-0.01,371,1095686,卖盘
09:55:05,29.53,0.0,103,304137,买盘
09:55:08,29.53,0.0,61,180124,买盘
09:55:11,29.53,0.0,388,1145122,买盘
09:55:14,29.53,0.0,153,451692,买盘
09:55:17,29.52,-0.01,209,617134,卖盘
09:55:20,29.53,0.01,15,44299,卖盘
09:55:23,29.54,0.01,6,17720,买盘
09:55:26,29.53,-0.01,193,569953,卖盘
09:55:29,29.54,0.01,7,20678,买盘
09:55:32,29.6,0.06,602,1779371,买盘
09:55:35,29.54,-0.06,81,239296,卖盘
09:55:38,29.61,0.07,245,725092,买盘
09:55:41,29.59,-0.02,680,2007833,买盘
09:55:44,29.58,-0.01,15,44375,中性盘
09:55:47,29.59,0.01,202,598576,买盘
09:55:49,29.54,-0.05,343,1014110,卖盘
09:55:53,29.59,0.05,93,275175,卖盘
09:55:56,29.59,0.0,383,1131373,买盘
09:55:59,29.57,-0.02,188,555982,中性盘
09:56:02,29.55,-0.02,85,251188,卖盘
09:56:05,29.55,0.0,272,803066,买盘
09:56:07,29.55,0.0,117,345783,卖盘
09:56:11,29.56,0.01,58,171410,买盘
09:56:13,29.56,0.0,62,183212,买盘
09:56:17,29.55,-0.01,157,463991,中性盘
09:56:20,29.55,0.0,159,469749,买盘
09:56:23,29.56,0.01,368,1087745,买盘
09:56:25,29.56,0.0,65,192140,卖盘
09:56:28,29.56,0.0,302,892777,卖盘
09:56:32,29.57,0.01,48,141899,中性盘
09:56:35,29.58,0.01,128,378598,买盘
09:56:38,29.58,0.0,26,76583,买盘
09:56:41,29.56,-0.02,284,840032,卖盘
09:56:43,29.56,0.0,47,138931,买盘
09:56:47,29.58,0.02,459,1356590,买盘
09:56:50,29.58,0.0,257,760219,卖盘
09:56:53,29.59,0.01,37,109472,买盘
09:56:56,29.59,0.0,235,695152,买盘
09:56:59,29.59,0.0,43,127214,买盘
09:57:02,29.59,0.0,278,822382,买盘
09:57:05,29.59,0.0,34,100603,买盘
09:57:08,29.6,0.01,212,627240,买盘
09:57:11,29.6,0.0,7,20720,买盘
09:57:14,29.6,0.0,4,11840,买盘
09:57:17,29.6,0.0,77,227920,买盘
09:57:20,29.6,0.0,50,147977,买盘
09:57:23,29.6,0.0,61,180560,买盘
09:57:26,29.6,0.0,5,14800,卖盘
09:57:28,29.62,0.02,27,79958,买盘
09:57:32,29.61,-0.01,42,124364,卖盘
09:57:34,29.62,0.01,405,1198870,买盘
09:57:38,29.61,-0.01,18,53316,卖盘
09:57:41,29.61,0.0,35,103653,卖盘
09:57:44,29.63,0.02,227,672610,买盘
09:57:47,29.63,0.0,175,518339,买盘
09:57:50,29.62,-0.01,292,865086,卖盘
09:57:53,29.62,0.0,133,394058,卖盘
09:57:56,29.62,0.0,89,263618,买盘
09:57:59,29.62,0.0,67,198346,买盘
09:58:02,29.62,0.0,85,251770,买盘
09:58:05,29.62,0.0,64,189643,买盘
09:58:08,29.6,-0.02,117,346510,卖盘
09:58:11,29.63,0.03,108,319898,买盘
09:58:14,29.62,-0.01,345,1021651,卖盘
09:58:17,29.61,-0.01,92,272509,卖盘
09:58:20,29.62,0.01,85,251813,卖盘
09:58:23,29.61,-0.01,943,2789231,卖盘
09:58:26,29.63,0.02,305,903551,买盘
09:58:29,29.63,0.0,71,210380,卖盘
09:58:32,29.64,0.01,105,311164,买盘
09:58:35,29.64,0.0,93,275584,买盘
09:58:38,29.63,-0.01,187,554012,卖盘
09:58:41,29.62,-0.01,26,77019,中性盘
09:58:44,29.63,0.01,34,100715,买盘
09:58:47,29.63,0.0,78,231064,买盘
09:58:50,29.61,-0.02,112,331747,卖盘
09:58:53,29.61,0.0,502,1486406,卖盘
09:58:56,29.62,0.01,94,278233,买盘
09:58:58,29.61,-0.01,92,272289,卖盘
09:59:02,29.62,0.01,106,313928,买盘
09:59:05,29.61,-0.01,49,145080,卖盘
09:59:08,29.61,0.0,56,165773,买盘
09:59:11,29.61,0.0,51,151008,买盘
09:59:14,29.61,0.0,71,210246,卖盘
09:59:17,29.61,0.0,1993,5890251,卖盘
09:59:20,29.57,-0.04,234,693165,卖盘
09:59:23,29.52,-0.05,125,369259,卖盘
09:59:26,29.55,0.03,92,271887,买盘
09:59:29,29.5,-0.05,1023,3019239,卖盘
09:59:32,29.55,0.05,496,1463160,买盘
09:59:35,29.55,0.0,241,711633,卖盘
09:59:38,29.54,-0.01,133,392783,卖盘
09:59:41,29.51,-0.03,85,251950,卖盘
09:59:43,29.54,0.03,124,366246,买盘
09:59:47,29.54,0.0,20,59063,买盘
09:59:50,29.52,-0.02,145,426085,卖盘
09:59:53,29.51,-0.01,108,318739,卖盘
09:59:55,29.51,0.0,152,449643,卖盘
09:59:59,29.52,0.01,83,245015,买盘
10:00:02,29.52,0.0,34,100345,买盘
10:00:05,29.52,0.0,103,304035,买盘
10:00:08,29.52,0.0,428,1263349,买盘
10:00:10,29.54,0.02,24,70867,买盘
10:00:14,29.52,-0.02,100,295344,卖盘
10:00:17,29.52,0.0,90,265770,卖盘
10:00:20,29.51,-0.01,906,2674523,卖盘
10:00:23,29.54,0.03,63,186013,买盘
10:00:26,29.53,-0.01,399,1178118,卖盘
10:00:29,29.53,0.0,82,242142,买盘
10:00:32,29.53,0.0,229,674768,买盘
10:00:35,29.53,0.0,78,230314,买盘
10:00:38,29.53,0.0,193,569899,买盘
10:00:41,29.53,0.0,43,126966,买盘
10:00:44,29.52,-0.01,101,298180,卖盘
10:00:47,29.53,0.01,64,188991,买盘
10:00:51,29.52,-0.01,139,410436,卖盘
10:00:53,29.52,0.0,210,619867,卖盘
10:00:57,29.52,0.0,144,425010,买盘
10:00:59,29.52,0.0,46,135792,买盘
10:01:02,29.51,-0.01,542,1599538,卖盘
10:01:04,29.52,0.01,158,466305,买盘
10:01:08,29.52,0.0,650,1917965,买盘
10:01:11,29.53,0.01,509,1501557,买盘
10:01:14,29.49,-0.04,675,1992438,卖盘
10:01:17,29.49,0.0,95,280125,买盘
10:01:20,29.51,0.02,92,270488,买盘
10:01:23,29.5,-0.01,220,648969,卖盘
10:01:26,29.5,0.0,134,395437,卖盘
10:01:29,29.49,-0.01,218,642843,卖盘
10:01:32,29.5,0.01,53,156332,买盘
10:01:35,29.5,0.0,50,147516,买盘
10:01:38,29.51,0.01,43,126862,买盘
10:01:41,29.5,-0.01,15,44254,卖盘
10:01:44,29.51,0.01,105,309758,买盘
10:01:47,29.51,0.0,29,85577,买盘
10:01:50,29.5,-0.01,157,463310,卖盘
10:01:53,29.51,0.01,28,82627,买盘
10:01:56,29.51,0.0,145,427995,卖盘
10:01:59,29.52,0.01,29,85595,买盘
10:02:02,29.52,0.0,178,525282,买盘
10:02:05,29.51,-0.01,540,1593137,卖盘
10:02:08,29.5,-0.01,371,1094650,卖盘
10:02:12,29.5,0.0,56,165200,买盘
10:02:14,29.5,0.0,304,896570,买盘
10:02:17,29.5,0.0,353,1041226,买盘
10:02:20,29.5,0.0,320,943745,买盘
10:02:23,29.5,0.0,63,185840,买盘
10:02:26,29.5,0.0,5,14750,卖盘
10:02:29,29.51,0.01,127,374693,买盘
10:02:32,29.51,0.0,155,457256,买盘
10:02:35,29.5,-0.01,52,153402,卖盘
10:02:38,29.51,0.01,89,262608,买盘
10:02:42,29.51,0.0,56,165220,卖盘
10:02:44,29.51,0.0,48,141646,买盘
10:02:47,29.51,0.0,55,162303,买盘
10:02:50,29.51,0.0,33,97360,买盘
10:02:53,29.5,-0.01,126,371744,卖盘
10:02:57,29.51,0.01,117,345178,买盘
10:02:59,29.51,0.0,110,324561,买盘
10:03:03,29.5,-0.01,615,1813341,卖盘
10:03:05,29.49,-0.01,171,504404,中性盘
10:03:08,29.48,-0.01,91,268310,卖盘
10:03:12,29.49,0.01,40,117928,买盘
10:03:14,29.48,-0.01,292,860721,卖盘
10:03:17,29.49,0.01,201,592676,买盘
10:03:20,29.48,-0.01,55,162133,卖盘
10:03:23,29.49,0.01,121,356696,买盘
10:03:27,29.49,0.0,24,70776,买盘
10:03:29,29.49,0.0,40,117940,买盘
10:03:32,29.49,0.0,88,259476,买盘
10:03:35,29.49,0.0,193,568986,买盘
10:03:38,29.49,0.0,39,115024,买盘
10:03:42,29.5,0.01,144,427403,买盘
10:03:44,29.49,-0.01,18,53082,卖盘
10:03:48,29.49,0.0,43,126839,卖盘
10:03:51,29.49,0.0,113,333318,卖盘
10:03:53,29.49,0.0,290,852686,卖盘
10:03:56,29.49,0.0,45,132734,卖盘
10:03:59,29.5,0.01,459,1353308,买盘
10:04:02,29.49,-0.01,86,253689,卖盘
10:04:05,29.5,0.01,122,359891,买盘
10:04:08,29.47,-0.03,366,1079251,卖盘
10:04:11,29.51,0.04,29,85552,买盘
10:04:14,29.5,-0.01,10,31742,卖盘
10:04:16,29.51,0.01,185,545807,买盘
10:04:20,29.5,-0.01,88,259646,卖盘
10:04:23,29.5,0.0,20,59013,卖盘
10:04:27,29.5,0.0,419,1236052,卖盘
10:04:29,29.5,0.0,167,492572,买盘
10:04:32,29.49,-0.01,79,233026,卖盘
10:04:35,29.49,0.0,251,740433,卖盘
10:04:38,29.5,0.01,298,878833,买盘
10:04:42,29.49,-0.01,182,536649,中性盘
10:04:44,29.49,0.0,34,100254,买盘
10:04:48,29.48,-0.01,88,259443,卖盘
10:04:51,29.49,0.01,164,483616,买盘
10:04:52,29.48,-0.01,169,498274,卖盘
10:04:57,29.48,0.0,399,1176371,卖盘
10:04:59,29.48,0.0,106,312473,买盘
10:05:02,29.48,0.0,60,176851,买盘
10:05:05,29.48,0.0,84,247566,买盘
10:05:08,29.48,0.0,262,772348,买盘
10:05:12,29.49,0.01,164,483379,买盘
10:05:14,29.49,0.0,123,362616,买盘
10:05:17,29.49,0.0,109,321389,买盘
10:05:20,29.49,0.0,251,740172,买盘
10:05:24,29.5,0.01,65,191747,买盘
10:05:27,29.5,0.0,607,1790653,买盘
10:05:30,29.52,0.02,227,669837,买盘
10:05:32,29.5,-0.02,166,489991,卖盘
10:05:35,29.51,0.01,58,171198,中性盘
10:05:39,29.52,0.01,579,1709200,买盘
10:05:42,29.52,0.0,16,47242,卖盘
10:05:45,29.53,0.01,352,1039303,买盘
10:05:47,29.53,0.0,84,248052,买盘
10:05:51,29.53,0.0,272,801325,买盘
10:05:57,29.54,0.01,78,230341,买盘
10:05:59,29.54,0.0,43,127012,买盘
10:06:02,29.54,0.0,70,206827,买盘
10:06:06,29.55,0.01,3,8863,买盘
10:06:08,29.55,0.0,78,230490,买盘
10:06:11,29.56,0.01,162,478777,买盘
10:06:14,29.57,0.01,404,1194223,买盘
10:06:17,29.56,-0.01,45,133084,卖盘
10:06:20,29.59,0.03,86,254335,买盘
10:06:23,29.6,0.01,31,91704,买盘
10:06:27,29.6,0.0,76,224920,买盘
10:06:29,29.6,0.0,41,121351,买盘
10:06:33,29.61,0.01,228,674654,买盘
10:06:35,29.6,-0.01,33,98416,卖盘
10:06:38,29.6,0.0,154,455909,卖盘
10:06:41,29.62,0.02,36,106626,买盘
10:06:45,29.61,-0.01,93,275380,卖盘
10:06:47,29.62,0.01,83,245819,买盘
10:06:50,29.63,0.01,97,287320,买盘
10:06:53,29.62,-0.01,112,331753,卖盘
10:06:56,29.62,0.0,127,376212,卖盘
10:06:59,29.63,0.01,52,154078,卖盘
10:07:03,29.64,0.01,40,118560,买盘
10:07:06,29.65,0.01,54,160077,买盘
10:07:08,29.65,0.0,162,480307,买盘
10:07:12,29.65,0.0,98,290537,买盘
10:07:14,29.65,0.0,417,1236354,买盘
10:07:17,29.65,0.0,130,385392,买盘
10:07:20,29.65,0.0,180,533703,买盘
10:07:23,29.66,0.01,178,527781,买盘
10:07:27,29.66,0.0,840,2490657,买盘
10:07:30,29.68,0.02,367,1088903,买盘
10:07:33,29.66,-0.02,76,225410,卖盘
10:07:36,29.68,0.02,23,68262,买盘
10:07:38,29.69,0.01,435,1290313,买盘
10:07:41,29.68,-0.01,28,83121,卖盘
10:07:44,29.69,0.01,165,489799,买盘
10:07:48,29.69,0.0,1036,3076740,买盘
10:07:50,29.7,0.01,63,187063,买盘
10:07:53,29.7,0.0,15,44536,买盘
10:07:56,29.7,0.0,44,130675,买盘
10:08:00,29.71,0.01,602,1787500,买盘
10:08:03,29.7,-0.01,1,4573,卖盘
10:08:05,29.7,0.0,7,20794,卖盘
10:08:09,29.71,0.01,119,353533,买盘
10:08:12,29.72,0.01,40,118850,买盘
10:08:14,29.71,-0.01,255,757657,卖盘
10:08:18,29.7,-0.01,220,653508,卖盘
10:08:21,29.68,-0.02,1092,3241619,卖盘
10:08:23,29.67,-0.01,216,641399,卖盘
10:08:26,29.68,0.01,64,189635,买盘
10:08:29,29.7,0.02,693,2055902,买盘
10:08:32,29.7,0.0,41,121775,买盘
10:08:36,29.69,-0.01,140,415642,卖盘
10:08:38,29.69,0.0,204,605690,买盘
10:08:42,29.68,-0.01,86,255326,卖盘
10:08:44,29.69,0.01,107,317452,买盘
10:08:47,29.67,-0.02,75,222592,卖盘
10:08:50,29.67,0.0,27,80099,买盘
10:08:53,29.66,-0.01,25,74145,卖盘
10:08:56,29.66,0.0,91,269851,买盘
10:08:59,29.66,0.0,185,548584,买盘
10:09:03,29.64,-0.02,116,344189,卖盘
10:09:05,29.64,0.0,12,35568,买盘
10:09:08,29.64,0.0,66,195603,买盘
10:09:12,29.64,0.0,25,74100,买盘
10:09:14,29.63,-0.01,101,299275,卖盘
10:09:18,29.63,0.0,41,121480,买盘
10:09:20,29.63,0.0,17,50359,买盘
10:09:23,29.63,0.0,79,234044,买盘
10:09:26,29.63,0.0,116,343707,买盘
10:09:29,29.63,0.0,41,121483,买盘
10:09:32,29.63,0.0,517,1531018,买盘
10:09:35,29.62,-0.01,58,171770,买盘
10:09:38,29.62,0.0,112,331640,买盘
10:09:42,29.62,0.0,8,23696,买盘
10:09:44,29.62,0.0,29,85876,买盘
10:09:47,29.61,-0.01,288,852519,买盘
10:09:50,29.6,-0.01,150,444137,卖盘
10:09:53,29.6,0.0,40,118400,买盘
10:09:55,29.59,-0.01,1013,2996500,卖盘
10:09:59,29.59,0.0,133,393663,卖盘
10:10:03,29.59,0.0,27,79886,买盘
10:10:06,29.59,0.0,7,20713,买盘
10:10:08,29.59,0.0,636,1880279,买盘
10:10:12,29.58,-0.01,41,121281,中性盘
10:10:15,29.58,0.0,50,147900,买盘
10:10:17,29.58,0.0,32,94655,买盘
10:10:20,29.59,0.01,66,195251,买盘
10:10:24,29.57,-0.02,232,685850,卖盘
10:10:27,29.55,-0.02,28,82767,卖盘
10:10:30,29.57,0.02,35,103492,买盘
10:10:33,29.57,0.0,125,369545,买盘
10:10:35,29.57,0.0,177,523367,买盘
10:10:38,29.57,0.0,73,215861,买盘
10:10:42,29.58,0.01,87,257304,买盘
10:10:44,29.57,-0.01,76,224752,卖盘
10:10:48,29.58,0.01,67,198179,买盘
10:10:50,29.58,0.0,68,201132,买盘
10:10:53,29.59,0.01,357,1056114,买盘
10:10:57,29.58,-0.01,115,340253,卖盘
10:10:59,29.6,0.02,79,233891,买盘
10:11:02,29.59,-0.01,5,14797,卖盘
10:11:05,29.6,0.01,98,289994,买盘
10:11:08,29.6,0.0,65,192364,买盘
10:11:12,29.6,0.0,237,701377,买盘
10:11:15,29.6,0.0,1138,3368370,买盘
10:11:17,29.6,0.0,108,319778,卖盘
10:11:20,29.61,0.01,110,325705,中性盘
10:11:23,29.61,0.0,62,183630,卖盘
10:11:27,29.62,0.01,101,299149,买盘
10:11:29,29.63,0.01,91,269527,买盘
10:11:33,29.62,-0.01,5,14810,卖盘
10:11:35,29.63,0.01,34,100691,买盘
10:11:38,29.63,0.0,63,186672,买盘
10:11:42,29.63,0.0,43,127392,买盘
10:11:44,29.64,0.01,73,216360,买盘
10:11:48,29.64,0.0,24,71135,买盘
10:11:51,29.63,-0.01,303,897701,卖盘
10:11:53,29.64,0.01,56,165980,买盘
10:11:57,29.63,-0.01,54,160004,卖盘
10:11:59,29.64,0.01,126,373460,买盘
10:12:03,29.64,0.0,96,284544,卖盘
10:12:05,29.64,0.0,23,66758,卖盘
10:12:08,29.65,0.01,95,284314,买盘
10:12:12,29.66,0.01,108,320242,买盘
10:12:14,29.65,-0.01,70,207523,卖盘
10:12:17,29.65,0.0,88,260906,买盘
10:12:20,29.64,-0.01,100,293850,卖盘
10:12:23,29.64,0.0,36,106699,买盘
10:12:27,29.63,-0.01,222,657798,卖盘
10:12:29,29.63,0.0,271,802930,买盘
10:12:32,29.62,-0.01,122,361418,卖盘
10:12:35,29.64,0.02,145,429611,买盘
10:12:38,29.63,-0.01,121,358633,卖盘
10:12:41,29.62,-0.01,91,269602,卖盘
10:12:44,29.62,0.0,45,133311,卖盘
10:12:48,29.62,0.0,128,379069,买盘
10:12:50,29.62,0.0,101,299139,买盘
10:12:53,29.62,0.0,87,257664,买盘
10:12:57,29.59,-0.03,287,849535,卖盘
10:12:59,29.59,0.0,299,884577,卖盘
10:13:02,29.59,0.0,201,594406,买盘
10:13:05,29.56,-0.03,87,257249,卖盘
10:13:08,29.55,-0.01,399,1179091,卖盘
10:13:12,29.56,0.01,83,245269,买盘
10:13:14,29.54,-0.02,216,638207,卖盘
10:13:18,29.54,0.0,39,115212,买盘
10:13:20,29.53,-0.01,62,183136,卖盘
10:13:23,29.55,0.02,158,466654,买盘
10:13:27,29.54,-0.01,63,186103,卖盘
10:13:29,29.56,0.02,158,466756,买盘
10:13:32,29.54,-0.02,162,478445,中性盘
10:13:35,29.54,0.0,35,103387,买盘
10:13:38,29.54,0.0,265,782810,买盘
10:13:41,29.53,-0.01,43,127021,卖盘
10:13:45,29.56,0.03,582,1719405,买盘
10:13:47,29.54,-0.02,277,818355,卖盘
10:13:50,29.57,0.03,270,798653,中性盘
10:13:53,29.59,0.02,59,174568,买盘
10:13:56,29.59,0.0,5,14792,买盘
10:13:59,29.58,-0.01,116,343161,卖盘
10:14:02,29.59,0.01,34,101198,买盘
10:14:05,29.59,0.0,33,97643,卖盘
10:14:08,29.58,-0.01,139,411310,卖盘
10:14:12,29.58,0.0,210,620605,卖盘
10:14:14,29.58,0.0,57,168606,买盘
10:14:17,29.58,0.0,53,156773,买盘
10:14:20,29.57,-0.01,51,150847,卖盘
10:14:23,29.57,0.0,28,82801,卖盘
10:14:27,29.57,0.0,117,345974,卖盘
10:14:29,29.56,-0.01,229,677128,卖盘
10:14:32,29.57,0.01,62,183309,买盘
10:14:36,29.56,-0.01,91,268999,卖盘
10:14:38,29.56,0.0,118,348827,卖盘
10:14:41,29.56,0.0,543,1604287,买盘
10:14:44,29.55,-0.01,212,626572,卖盘
10:14:48,29.56,0.01,101,298494,买盘
10:14:50,29.56,0.0,137,404970,买盘
10:14:53,29.55,-0.01,90,265955,卖盘
10:14:57,29.56,0.01,60,177320,买盘
10:14:59,29.56,0.0,167,493564,买盘
10:15:02,29.55,-0.01,47,138904,卖盘
10:15:05,29.56,0.01,39,115253,买盘
10:15:08,29.56,0.0,210,620744,买盘
10:15:12,29.56,0.0,23,67988,买盘
10:15:14,29.56,0.0,73,215740,买盘
10:15:17,29.56,0.0,119,351698,买盘
10:15:20,29.56,0.0,249,735872,买盘
10:15:23,29.55,-0.01,232,685574,卖盘
10:15:27,29.55,0.0,26,76838,卖盘
10:15:29,29.56,0.01,146,431548,买盘
10:15:32,29.56,0.0,42,124152,买盘
10:15:35,29.56,0.0,25,73889,买盘
10:15:38,29.56,0.0,65,192118,买盘
10:15:41,29.55,-0.01,122,360527,卖盘
10:15:45,29.56,0.01,187,552622,买盘
10:15:48,29.55,-0.01,114,336895,卖盘
10:15:50,29.56,0.01,171,505373,买盘
10:15:53,29.56,0.0,60,177303,买盘
10:15:57,29.54,-0.02,140,413658,卖盘
10:15:59,29.55,0.01,215,635229,买盘
10:16:02,29.55,0.0,77,227485,买盘
10:16:06,29.54,-0.01,107,316081,卖盘
10:16:08,29.55,0.01,257,759377,买盘
10:16:11,29.55,0.0,90,265875,买盘
10:16:14,29.55,0.0,58,171355,买盘
10:16:17,29.55,0.0,84,248183,买盘
10:16:21,29.54,-0.01,209,617456,卖盘
10:16:23,29.54,0.0,139,410606,买盘
10:16:27,29.54,0.0,27,79758,买盘
10:16:29,29.54,0.0,163,481465,买盘
10:16:33,29.53,-0.01,2,5907,卖盘
10:16:35,29.54,0.01,12,35445,买盘
10:16:38,29.54,0.0,39,115205,买盘
10:16:41,29.54,0.0,1071,3162673,买盘
10:16:44,29.53,-0.01,30,88611,卖盘
10:16:48,29.53,0.0,97,286389,买盘
10:16:50,29.53,0.0,140,413429,买盘
10:16:53,29.54,0.01,7,20674,买盘
10:16:57,29.53,-0.01,58,171293,卖盘
10:17:00,29.54,0.01,166,490354,买盘
10:17:02,29.54,0.0,384,1134155,买盘
10:17:05,29.54,0.0,227,670555,卖盘
10:17:08,29.55,0.01,40,118200,买盘
10:17:12,29.55,0.0,27,79783,买盘
10:17:14,29.54,-0.01,16,47268,卖盘
10:17:17,29.55,0.01,92,271799,买盘
10:17:21,29.54,-0.01,152,449032,卖盘
10:17:23,29.56,0.02,379,1119948,买盘
10:17:27,29.55,-0.01,62,183210,卖盘
10:17:30,29.56,0.01,61,180293,买盘
10:17:32,29.56,0.0,256,756504,买盘
10:17:35,29.56,0.0,71,209875,买盘
10:17:39,29.56,0.0,43,127107,买盘
10:17:42,29.56,0.0,62,183272,买盘
10:17:45,29.56,0.0,25,73890,买盘
10:17:47,29.56,0.0,259,765498,买盘
10:17:50,29.56,0.0,65,192140,买盘
10:17:53,29.57,0.01,28,82784,买盘
10:17:56,29.57,0.0,6,17742,买盘
10:18:00,29.57,0.0,121,357777,买盘
10:18:02,29.58,0.01,459,1358320,买盘
10:18:06,29.56,-0.02,542,1602078,卖盘
10:18:08,29.59,0.03,398,1177655,买盘
10:18:12,29.56,-0.03,146,431231,卖盘
10:18:14,29.56,0.0,52,153712,买盘
10:18:18,29.56,0.0,175,517305,买盘
10:18:21,29.59,0.03,9,26619,买盘
10:18:23,29.59,0.0,19,56218,买盘
10:18:27,29.58,-0.01,16,47318,买盘
10:18:29,29.58,0.0,36,106474,买盘
10:18:32,29.58,0.0,71,210007,买盘
10:18:35,29.58,0.0,150,443584,买盘
10:18:38,29.6,0.02,122,360930,买盘
10:18:42,29.6,0.0,334,988612,买盘
10:18:45,29.59,-0.01,16,47344,卖盘
10:18:47,29.59,0.0,54,159825,卖盘
10:18:51,29.6,0.01,182,538708,买盘
10:18:53,29.6,0.0,188,556626,买盘
10:18:57,29.6,0.0,98,290080,买盘
10:19:00,29.62,0.02,270,799243,买盘
10:19:02,29.62,0.0,3,8886,买盘
10:19:05,29.61,-0.01,235,696478,卖盘
10:19:09,29.62,0.01,20,59240,买盘
10:19:12,29.62,0.0,36,106604,买盘
10:19:14,29.62,0.0,17,50345,买盘
10:19:17,29.62,0.0,52,154023,买盘
10:19:21,29.62,0.0,383,1133998,买盘
10:19:23,29.62,0.0,24,71088,买盘
10:19:27,29.62,0.0,145,429411,买盘
10:19:29,29.6,-0.02,122,361213,卖盘
10:19:33,29.61,0.01,14,41462,卖盘
10:19:36,29.62,0.01,145,429478,买盘
10:19:38,29.61,-0.01,54,159941,卖盘
10:19:42,29.62,0.01,127,376073,买盘
10:19:45,29.62,0.0,4,11848,买盘
10:19:47,29.62,0.0,39,115518,买盘
10:19:50,29.62,0.0,57,168828,买盘
10:19:53,29.59,-0.03,461,1364681,卖盘
10:19:56,29.61,0.02,123,364211,中性盘
10:19:59,29.6,-0.01,74,219079,卖盘
10:20:02,29.61,0.01,15,44414,中性盘
10:20:06,29.6,-0.01,93,275342,卖盘
10:20:09,29.61,0.01,19,56259,买盘
10:20:11,29.61,0.0,6,17765,买盘
10:20:15,29.61,0.0,53,156903,买盘
10:20:17,29.6,-0.01,241,713397,卖盘
10:20:21,29.6,0.0,134,396646,卖盘
10:20:24,29.61,0.01,37,109548,买盘
10:20:27,29.6,-0.01,330,976836,卖盘
10:20:30,29.6,0.0,279,826020,买盘
10:20:32,29.6,0.0,307,908992,卖盘
10:20:36,29.6,0.0,81,239841,卖盘
10:20:39,29.61,0.01,210,621950,买盘
10:20:42,29.6,-0.01,41,121389,卖盘
10:20:45,29.61,0.01,136,402687,买盘
10:20:48,29.61,0.0,108,319763,买盘
10:20:51,29.62,0.01,400,1184763,买盘
10:20:54,29.63,0.01,33,97750,买盘
10:20:57,29.64,0.01,48,142246,中性盘
10:21:00,29.63,-0.01,87,257844,卖盘
10:21:02,29.65,0.02,53,157145,买盘
10:21:05,29.65,0.0,58,171822,卖盘
10:21:08,29.69,0.04,347,1029883,买盘
10:21:15,29.66,-0.03,103,305518,卖盘
10:21:18,29.69,0.03,95,281901,买盘
10:21:21,29.69,0.0,63,187013,买盘
10:21:23,29.7,0.01,327,971096,买盘
10:21:27,29.71,0.01,46,136642,买盘
10:21:29,29.71,0.0,190,564339,买盘
10:21:33,29.7,-0.01,113,335621,卖盘
10:21:35,29.7,0.0,382,1134775,卖盘
10:21:39,29.72,0.02,249,739913,买盘
10:21:42,29.72,0.0,70,208033,买盘
10:21:44,29.71,-0.01,37,109935,卖盘
10:21:48,29.72,0.01,61,181292,买盘
10:21:51,29.73,0.01,62,184267,买盘
10:21:54,29.72,-0.01,175,520252,卖盘
10:21:57,29.73,0.01,36,107007,买盘
10:22:00,29.74,0.01,174,517302,买盘
10:22:03,29.73,-0.01,41,121909,卖盘
10:22:06,29.73,0.0,234,695697,卖盘
10:22:09,29.74,0.01,58,172474,买盘
10:22:12,29.73,-0.01,161,478661,卖盘
10:22:15,29.73,0.0,147,437025,卖盘
10:22:18,29.73,0.0,139,413220,买盘
10:22:21,29.73,0.0,223,662891,买盘
10:22:23,29.72,-0.01,636,1890159,卖盘
10:22:27,29.71,-0.01,374,1111699,卖盘
10:22:30,29.72,0.01,1191,3539195,买盘
10:22:33,29.71,-0.01,82,243697,中性盘
10:22:36,29.71,0.0,221,656644,卖盘
10:22:39,29.71,0.0,100,297067,买盘
10:22:42,29.7,-0.01,385,1144012,卖盘
10:22:44,29.69,-0.01,602,1787512,卖盘
10:22:47,29.68,-0.01,211,626500,卖盘
10:22:50,29.65,-0.03,237,703067,卖盘
10:22:54,29.71,0.06,458,1360059,买盘
10:22:56,29.69,-0.02,278,825986,卖盘
10:23:00,29.7,0.01,76,225589,买盘
10:23:03,29.7,0.0,84,249434,买盘
10:23:06,29.66,-0.04,90,267213,卖盘
10:23:09,29.71,0.05,333,989350,买盘
10:23:11,29.72,0.01,35,103994,买盘
10:23:15,29.71,-0.01,46,136636,中性盘
10:23:17,29.7,-0.01,116,344625,卖盘
10:23:21,29.71,0.01,32,95095,中性盘
10:23:24,29.72,0.01,82,243646,买盘
10:23:27,29.72,0.0,213,632710,买盘
10:23:29,29.71,-0.01,83,246600,卖盘
10:23:33,29.7,-0.01,151,448525,卖盘
10:23:35,29.69,-0.01,145,430660,卖盘
10:23:39,29.69,0.0,45,133636,买盘
10:23:42,29.7,0.01,86,255345,买盘
10:23:44,29.69,-0.01,56,166286,卖盘
10:23:48,29.7,0.01,44,130659,买盘
10:23:51,29.69,-0.01,72,213780,卖盘
10:23:54,29.69,0.0,36,106884,卖盘
10:23:56,29.7,0.01,122,362337,买盘
10:24:00,29.69,-0.01,84,249416,卖盘
10:24:03,29.7,0.01,220,653340,买盘
10:24:06,29.69,-0.01,45,133620,卖盘
10:24:08,29.7,0.01,42,124737,买盘
10:24:12,29.7,0.0,229,680115,买盘
10:24:15,29.69,-0.01,97,288088,卖盘
10:24:18,29.69,0.0,196,582119,卖盘
10:24:20,29.7,0.01,13,38610,买盘
10:24:24,29.7,0.0,176,522720,买盘
10:24:27,29.69,-0.01,163,484073,卖盘
10:24:29,29.7,0.01,110,326643,买盘
10:24:32,29.69,-0.01,156,463168,卖盘
10:24:36,29.69,0.0,201,596797,卖盘
10:24:39,29.69,0.0,302,896677,卖盘
10:24:42,29.68,-0.01,341,1012218,卖盘
10:24:44,29.69,0.01,633,1878832,买盘
10:24:48,29.68,-0.01,187,555061,卖盘
10:24:51,29.67,-0.01,188,557837,卖盘
10:24:53,29.67,0.0,643,1908577,卖盘
10:24:57,29.68,0.01,209,620092,买盘
10:24:59,29.68,0.0,9,26704,买盘
10:25:03,29.67,-0.01,10,29678,卖盘
10:25:06,29.67,0.0,24,71214,卖盘
10:25:09,29.67,0.0,251,744962,卖盘
10:25:12,29.68,0.01,290,860696,买盘
10:25:15,29.69,0.01,144,427414,买盘
10:25:17,29.7,0.01,36,106852,买盘
10:25:21,29.7,0.0,41,121739,买盘
10:25:24,29.7,0.0,10,29699,买盘
10:25:27,29.7,0.0,43,127710,买盘
10:25:30,29.7,0.0,110,327742,买盘
10:25:33,29.7,0.0,51,151466,卖盘
10:25:36,29.7,0.0,27,80204,卖盘
10:25:38,29.7,0.0,85,252489,卖盘
10:25:42,29.7,0.0,73,216868,卖盘
10:25:45,29.71,0.01,101,300032,买盘
10:25:48,29.71,0.0,27,80208,买盘
10:25:50,29.71,0.0,120,356506,买盘
10:25:54,29.71,0.0,137,407020,买盘
10:25:57,29.71,0.0,342,1016066,买盘
10:26:00,29.71,0.0,15,44569,卖盘
10:26:03,29.72,0.01,61,181232,买盘
10:26:06,29.71,-0.01,185,549697,卖盘
10:26:08,29.71,0.0,43,127790,卖盘
10:26:11,29.71,0.0,222,659573,卖盘
10:26:15,29.71,0.0,261,775696,卖盘
10:26:18,29.72,0.01,53,157541,中性盘
10:26:21,29.73,0.01,191,567777,买盘
10:26:24,29.74,0.01,32,95139,买盘
10:26:27,29.74,0.0,39,115953,买盘
10:26:29,29.74,0.0,63,187320,买盘
10:26:33,29.74,0.0,32,95168,买盘
10:26:36,29.75,0.01,224,666105,买盘
10:26:39,29.75,0.0,77,229020,买盘
10:26:41,29.74,-0.01,51,151678,卖盘
10:26:45,29.75,0.01,24,71393,买盘
10:26:48,29.75,0.0,134,398547,买盘
10:26:51,29.75,0.0,73,217175,买盘
10:26:53,29.75,0.0,241,716866,买盘
10:26:56,29.74,-0.01,105,312290,卖盘
10:27:00,29.74,0.0,239,711005,卖盘
10:27:03,29.74,0.0,161,478754,买盘
10:27:06,29.73,-0.01,115,342008,卖盘
10:27:09,29.74,0.01,85,252744,买盘
10:27:12,29.74,0.0,19,56502,买盘
10:27:15,29.73,-0.01,183,544084,卖盘
10:27:18,29.73,0.0,249,740432,买盘
10:27:21,29.74,0.01,68,202231,买盘
10:27:24,29.74,0.0,33,98131,买盘
10:27:27,29.76,0.02,280,832919,买盘
10:27:30,29.75,-0.01,176,523600,卖盘
10:27:33,29.75,0.0,4,11900,卖盘
10:27:35,29.76,0.01,371,1103986,买盘
10:27:39,29.76,0.0,61,181539,卖盘
10:27:42,29.77,0.01,6,17858,买盘
10:27:45,29.76,-0.01,573,1705250,卖盘
10:27:47,29.75,-0.01,276,821473,卖盘
10:27:51,29.76,0.01,131,389872,买盘
10:27:54,29.75,-0.01,141,419612,卖盘
10:27:57,29.76,0.01,195,580483,买盘
10:27:59,29.77,0.01,266,791761,买盘
10:28:03,29.76,-0.01,87,258929,卖盘
10:28:06,29.77,0.01,252,750085,买盘
10:28:08,29.76,-0.01,294,874944,卖盘
10:28:12,29.75,-0.01,96,285638,卖盘
10:28:15,29.75,0.0,190,565294,卖盘
10:28:17,29.75,0.0,295,877604,卖盘
10:28:21,29.73,-0.02,399,1186699,卖盘
10:28:24,29.75,0.02,103,306317,买盘
10:28:27,29.72,-0.03,56,166493,卖盘
10:28:29,29.73,0.01,67,199159,买盘
10:28:33,29.73,0.0,30,89168,买盘
10:28:36,29.73,0.0,210,625531,买盘
10:28:39,29.73,0.0,335,995969,卖盘
10:28:42,29.73,0.0,79,234871,卖盘
10:28:45,29.72,-0.01,154,456479,卖盘
10:28:48,29.72,0.0,37,109950,买盘
10:28:51,29.72,0.0,113,335836,买盘
10:28:54,29.72,0.0,115,341779,买盘
10:28:57,29.72,0.0,572,1699995,买盘
10:29:00,29.71,-0.01,54,160486,卖盘
10:29:03,29.72,0.01,136,404181,买盘
10:29:06,29.72,0.0,272,809564,买盘
10:29:09,29.72,0.0,16,47565,卖盘
10:29:12,29.72,0.0,22,65385,卖盘
10:29:15,29.72,0.0,32,95108,卖盘
10:29:18,29.73,0.01,151,448925,买盘
10:29:21,29.73,0.0,60,178434,卖盘
10:29:23,29.74,0.01,37,110011,买盘
10:29:27,29.74,0.0,14,41636,买盘
10:29:29,29.74,0.0,255,758241,买盘
10:29:33,29.74,0.0,81,240893,买盘
10:29:36,29.79,0.05,967,2878284,买盘
10:29:39,29.78,-0.01,148,440744,卖盘
10:29:41,29.78,0.0,48,142952,卖盘
10:29:45,29.78,0.0,16,47648,卖盘
10:29:48,29.79,0.01,437,1301399,买盘
10:29:51,29.79,0.0,51,151905,买盘
10:29:54,29.79,0.0,168,500321,买盘
10:29:57,29.78,-0.01,67,199521,卖盘
10:30:00,29.76,-0.02,52,154869,卖盘
10:30:02,29.76,0.0,17,50616,卖盘
10:30:06,29.76,0.0,38,113099,卖盘
10:30:09,29.77,0.01,658,1957978,买盘
10:30:11,29.76,-0.01,141,419735,卖盘
10:30:15,29.77,0.01,64,190532,中性盘
10:30:17,29.77,0.0,244,726381,买盘
10:30:21,29.75,-0.02,95,282757,卖盘
10:30:24,29.75,0.0,38,113066,卖盘
10:30:27,29.77,0.02,263,782426,买盘
10:30:30,29.75,-0.02,99,294431,卖盘
10:30:33,29.72,-0.03,136,404348,卖盘
10:30:36,29.75,0.03,54,160528,买盘
10:30:38,29.73,-0.02,74,220034,卖盘
10:30:42,29.74,0.01,68,202161,买盘
10:30:45,29.72,-0.02,379,1126452,卖盘
10:30:48,29.72,0.0,62,184268,买盘
10:30:50,29.72,0.0,134,398380,卖盘
10:30:54,29.71,-0.01,89,264572,卖盘
10:30:57,29.71,0.0,464,1378624,卖盘
10:31:00,29.73,0.02,414,1230203,买盘
10:31:03,29.73,0.0,26,77299,卖盘
10:31:05,29.73,0.0,283,840771,买盘
10:31:09,29.73,0.0,83,246634,买盘
10:31:11,29.7,-0.03,89,264474,卖盘
10:31:15,29.72,0.02,78,231825,买盘
10:31:18,29.73,0.01,59,175307,买盘
10:31:21,29.72,-0.01,112,332904,卖盘
10:31:24,29.72,0.0,52,154534,买盘
10:31:27,29.73,0.01,13,38640,买盘
10:31:30,29.73,0.0,11,32702,买盘
10:31:33,29.73,0.0,70,208054,买盘
10:31:36,29.72,-0.01,125,371500,卖盘
10:31:39,29.73,0.01,101,300246,买盘
10:31:42,29.73,0.0,8,23779,买盘
10:31:45,29.72,-0.01,176,523079,卖盘
10:31:48,29.73,0.01,27,80268,买盘
10:31:50,29.72,-0.01,53,157521,卖盘
10:31:54,29.73,0.01,697,2071116,买盘
10:31:56,29.72,-0.01,78,231833,卖盘
10:32:00,29.72,0.0,109,323995,卖盘
10:32:03,29.72,0.0,51,151570,买盘
10:32:06,29.72,0.0,24,71320,买盘
10:32:09,29.71,-0.01,188,558564,卖盘
10:32:12,29.71,0.0,364,1081152,买盘
10:32:15,29.71,0.0,113,335657,买盘
10:32:18,29.69,-0.02,143,424767,卖盘
10:32:21,29.7,0.01,21,62365,买盘
10:32:24,29.68,-0.02,213,632411,卖盘
10:32:27,29.69,0.01,9,26721,买盘
10:32:29,29.69,0.0,452,1342193,买盘
10:32:33,29.69,0.0,13,38597,买盘
10:32:35,29.69,0.0,42,124688,买盘
10:32:39,29.69,0.0,29,86100,买盘
10:32:42,29.69,0.0,205,608645,买盘
10:32:45,29.69,0.0,149,442407,卖盘
10:32:48,29.69,0.0,372,1104168,买盘
10:32:51,29.7,0.01,6,17823,中性盘
10:32:54,29.71,0.01,37,109897,买盘
10:32:56,29.7,-0.01,6,17821,卖盘
10:33:00,29.71,0.01,38,112893,买盘
10:33:03,29.7,-0.01,118,350451,卖盘
10:33:05,29.71,0.01,329,977206,买盘
10:33:09,29.69,-0.02,49,145524,卖盘
10:33:12,29.7,0.01,108,320760,买盘
10:33:14,29.7,0.0,6,17820,卖盘
10:33:18,29.71,0.01,252,748474,买盘
10:33:21,29.69,-0.02,442,1312400,卖盘
10:33:24,29.69,0.0,741,2199317,卖盘
10:33:27,29.69,0.0,31,92035,买盘
10:33:30,29.69,0.0,95,282041,买盘
10:33:33,29.69,0.0,26,77196,卖盘
10:33:36,29.69,0.0,132,391923,卖盘
10:33:39,29.7,0.01,35,103950,买盘
10:33:42,29.69,-0.01,18,53442,卖盘
10:33:45,29.7,0.01,49,145530,买盘
10:33:47,29.7,0.0,165,489938,买盘
10:33:51,29.7,0.0,557,1654286,买盘
10:33:54,29.71,0.01,15,44561,买盘
10:33:57,29.7,-0.01,78,231660,卖盘
10:34:00,29.7,0.0,207,614792,卖盘
10:34:03,29.69,-0.01,46,136599,卖盘
10:34:06,29.7,0.01,37,109888,买盘
10:34:08,29.7,0.0,170,504787,买盘
10:34:12,29.69,-0.01,39,115797,卖盘
10:34:15,29.7,0.01,77,228629,买盘
10:34:18,29.7,0.0,29,84691,买盘
10:34:20,29.69,-0.01,24,71260,卖盘
10:34:24,29.69,0.0,17,50488,卖盘
10:34:27,29.7,0.01,14,41569,买盘
10:34:30,29.7,0.0,86,255401,买盘
10:34:33,29.69,-0.01,36,106885,卖盘
10:34:36,29.69,0.0,201,598195,卖盘
10:34:39,29.68,-0.01,66,195916,卖盘
10:34:42,29.66,-0.02,284,842681,卖盘
10:34:45,29.69,0.03,16,47501,买盘
10:34:48,29.68,-0.01,54,160286,卖盘
10:34:50,29.69,0.01,233,691703,买盘
10:34:53,29.69,0.0,27,80156,买盘
10:34:57,29.69,0.0,45,133590,买盘
10:34:59,29.69,0.0,36,106884,买盘
10:35:03,29.69,0.0,28,83127,买盘
10:35:06,29.69,0.0,32,95005,买盘
10:35:09,29.68,-0.01,97,287933,卖盘
10:35:12,29.69,0.01,397,1178478,买盘
10:35:15,29.69,0.0,70,206357,买盘
10:35:18,29.69,0.0,134,399289,卖盘
10:35:21,29.68,-0.01,66,195943,卖盘
10:35:24,29.69,0.01,7,20783,买盘
10:35:26,29.69,0.0,10,29690,买盘
10:35:30,29.69,0.0,37,109853,买盘
10:35:33,29.68,-0.01,6,17808,卖盘
10:35:35,29.69,0.01,34,100945,买盘
10:35:39,29.69,0.0,25,74225,买盘
10:35:42,29.69,0.0,46,136564,买盘
10:35:45,29.69,0.0,55,163293,买盘
10:35:48,29.69,0.0,452,1340240,买盘
10:35:51,29.69,0.0,104,310118,买盘
10:35:53,29.69,0.0,17,50473,买盘
10:35:57,29.68,-0.01,55,163245,卖盘
10:36:00,29.69,0.01,138,409585,买盘
10:36:03,29.69,0.0,8,23750,买盘
10:36:05,29.69,0.0,106,314705,买盘
10:36:09,29.69,0.0,50,148440,买盘
10:36:12,29.69,0.0,143,424436,买盘
10:36:15,29.68,-0.01,21,62331,卖盘
10:36:17,29.68,0.0,23,68284,卖盘
10:36:20,29.69,0.01,69,204806,买盘
10:36:23,29.69,0.0,92,273148,买盘
10:36:27,29.69,0.0,188,556235,买盘
10:36:30,29.68,-0.01,195,578819,卖盘
10:36:33,29.68,0.0,116,344391,卖盘
10:36:36,29.68,0.0,226,670760,卖盘
10:36:39,29.69,0.01,48,142497,买盘
10:36:42,29.69,0.0,40,118760,买盘
10:36:45,29.68,-0.01,23,68264,卖盘
10:36:48,29.68,0.0,127,377022,卖盘
10:36:51,29.68,0.0,166,494637,卖盘
10:36:54,29.68,0.0,79,234453,买盘
10:36:57,29.68,0.0,21,62328,买盘
10:36:59,29.68,0.0,50,147053,买盘
10:37:03,29.68,0.0,27,80125,买盘
10:37:06,29.68,0.0,25,74203,卖盘
10:37:09,29.69,0.01,20,59374,买盘
10:37:11,29.68,-0.01,63,186990,卖盘
10:37:15,29.68,0.0,76,225568,卖盘
10:37:18,29.68,0.0,205,608549,卖盘
10:37:21,29.68,0.0,59,175116,卖盘
10:37:24,29.67,-0.01,236,700308,卖盘
10:37:27,29.68,0.01,260,771482,买盘
10:37:30,29.67,-0.01,178,529482,卖盘
10:37:33,29.67,0.0,225,667399,买盘
10:37:36,29.65,-0.02,516,1530428,卖盘
10:37:38,29.67,0.02,485,1439013,买盘
10:37:42,29.67,0.0,139,412413,买盘
10:37:45,29.67,0.0,179,531103,卖盘
10:37:48,29.66,-0.01,186,550466,卖盘
10:37:51,29.67,0.01,113,335992,买盘
10:37:54,29.68,0.01,34,100881,买盘
10:37:56,29.68,0.0,107,317472,买盘
10:37:59,29.68,0.0,28,83102,买盘
10:38:03,29.68,0.0,312,925943,买盘
10:38:06,29.67,-0.01,70,208460,卖盘
10:38:09,29.67,0.0,34,100897,中性盘
10:38:12,29.68,0.01,83,245777,买盘
10:38:15,29.68,0.0,15,44516,买盘
10:38:18,29.67,-0.01,26,77160,卖盘
10:38:21,29.68,0.01,193,572693,买盘
10:38:24,29.67,-0.01,234,694486,卖盘
10:38:27,29.68,0.01,151,448165,买盘
10:38:30,29.69,0.01,5,14843,买盘
10:38:33,29.69,0.0,190,564089,买盘
10:38:35,29.69,0.0,43,127661,买盘
10:38:39,29.68,-0.01,186,552186,卖盘
10:38:42,29.69,0.01,34,100926,买盘
10:38:45,29.69,0.0,36,106863,买盘
10:38:48,29.69,0.0,432,1282607,买盘
10:38:51,29.7,0.01,260,772181,买盘
10:38:53,29.7,0.0,75,222711,买盘
10:38:57,29.71,0.01,147,436596,买盘
10:39:00,29.71,0.0,9,26881,买盘
10:39:02,29.71,0.0,32,95050,买盘
10:39:05,29.71,0.0,111,329677,买盘
10:39:09,29.7,-0.01,104,308973,卖盘
10:39:12,29.71,0.01,13,38623,买盘
10:39:15,29.71,0.0,190,564429,买盘
10:39:18,29.71,0.0,94,279264,买盘
10:39:20,29.71,0.0,35,103964,买盘
10:39:24,29.7,-0.01,210,623737,卖盘
10:39:27,29.71,0.01,47,139637,买盘
10:39:30,29.72,0.01,66,196077,买盘
10:39:33,29.71,-0.01,3,8913,卖盘
10:39:36,29.71,0.0,173,514028,卖盘
10:39:39,29.72,0.01,107,317963,买盘
10:39:42,29.72,0.0,130,386294,买盘
10:39:45,29.72,0.0,97,288262,买盘
10:39:47,29.72,0.0,29,86188,买盘
10:39:51,29.71,-0.01,231,686668,卖盘
10:39:54,29.74,0.03,184,547214,买盘
10:39:57,29.75,0.01,32,95172,买盘
10:40:00,29.74,-0.01,12,35698,卖盘
10:40:03,29.75,0.01,8,23799,买盘
10:40:06,29.75,0.0,142,422348,买盘
10:40:09,29.75,0.0,233,693091,买盘
10:40:12,29.75,0.0,16,47600,卖盘
10:40:15,29.74,-0.01,248,737570,卖盘
10:40:17,29.74,0.0,125,371776,买盘
10:40:21,29.75,0.01,90,267750,买盘
10:40:24,29.74,-0.01,48,142790,卖盘
10:40:27,29.74,0.0,29,86271,卖盘
10:40:30,29.74,0.0,129,383821,卖盘
10:40:33,29.75,0.01,17,50572,卖盘
10:40:35,29.75,0.0,275,818177,买盘
10:40:39,29.75,0.0,222,660396,卖盘
10:40:42,29.74,-0.01,35,104090,卖盘
10:40:45,29.7,-0.04,259,769514,卖盘
10:40:48,29.73,0.03,139,413292,买盘
10:40:51,29.72,-0.01,6,17830,买盘
10:40:53,29.72,0.0,24,70363,买盘
10:40:57,29.72,0.0,41,121852,买盘
10:40:59,29.72,0.0,28,83214,买盘
10:41:03,29.72,0.0,298,885322,买盘
10:41:05,29.7,-0.02,29,86154,卖盘
10:41:08,29.71,0.01,83,246592,买盘
10:41:12,29.72,0.01,53,157478,买盘
10:41:14,29.71,-0.01,76,225806,卖盘
10:41:18,29.71,0.0,74,219814,买盘
10:41:21,29.71,0.0,117,347617,买盘
10:41:23,29.72,0.01,82,243623,买盘
10:41:27,29.72,0.0,74,219886,买盘
10:41:30,29.72,0.0,4,11888,买盘
10:41:33,29.71,-0.01,21,62401,卖盘
10:41:36,29.71,0.0,121,359504,卖盘
10:41:39,29.71,0.0,82,243690,卖盘
10:41:41,29.72,0.01,161,478492,买盘
10:41:45,29.72,0.0,429,1274870,买盘
10:41:48,29.71,-0.01,15,44579,卖盘
10:41:50,29.72,0.01,87,258559,买盘
10:41:54,29.74,0.02,201,597457,买盘
10:41:57,29.74,0.0,62,184351,买盘
10:42:00,29.74,0.0,13,38662,买盘
10:42:02,29.73,-0.01,7,20813,卖盘
10:42:06,29.74,0.01,179,532234,买盘
10:42:09,29.73,-0.01,208,618398,卖盘
10:42:12,29.72,-0.01,12,35675,卖盘
10:42:15,29.73,0.01,27,80271,买盘
10:42:17,29.73,0.0,59,175407,买盘
10:42:21,29.73,0.0,145,431747,买盘
10:42:24,29.71,-0.02,388,1152885,卖盘
10:42:27,29.72,0.01,51,149593,买盘
10:42:30,29.71,-0.01,337,1003261,卖盘
10:42:33,29.71,0.0,27,80217,买盘
10:42:35,29.71,0.0,177,525815,买盘
10:42:39,29.71,0.0,66,196037,买盘
10:42:42,29.71,0.0,71,210899,买盘
10:42:45,29.71,0.0,67,199019,买盘
10:42:48,29.7,-0.01,118,347744,卖盘
10:42:51,29.7,0.0,177,528649,卖盘
10:42:54,29.71,0.01,93,276289,买盘
10:42:56,29.71,0.0,239,709969,买盘
10:43:00,29.7,-0.01,397,1178908,卖盘
10:43:03,29.69,-0.01,200,593854,卖盘
10:43:06,29.7,0.01,132,391355,买盘
10:43:09,29.69,-0.01,37,109870,卖盘
10:43:12,29.7,0.01,42,124712,买盘
10:43:15,29.7,0.0,42,124727,买盘
10:43:18,29.7,0.0,163,484079,买盘
10:43:20,29.7,0.0,64,190079,买盘
10:43:24,29.7,0.0,300,891033,买盘
10:43:26,29.7,0.0,45,133650,卖盘
10:43:30,29.72,0.02,70,207994,买盘
10:43:33,29.71,-0.01,181,537708,卖盘
10:43:35,29.69,-0.02,628,1865057,卖盘
10:43:39,29.71,0.02,173,513981,买盘
10:43:42,29.71,0.0,198,588354,买盘
10:43:45,29.7,-0.01,376,1116853,卖盘
10:43:48,29.73,0.03,20,59459,买盘
10:43:50,29.73,0.0,69,205137,买盘
10:43:53,29.74,0.01,106,315130,买盘
10:43:57,29.74,0.0,129,383524,买盘
10:44:00,29.74,0.0,13,38662,买盘
10:44:03,29.73,-0.01,773,2297045,卖盘
10:44:06,29.73,0.0,380,1129211,卖盘
10:44:09,29.73,0.0,114,339717,卖盘
10:44:12,29.73,0.0,37,109997,买盘
10:44:15,29.72,-0.01,67,199143,卖盘
10:44:17,29.71,-0.01,32,95098,卖盘
10:44:21,29.71,0.0,24,71312,卖盘
10:44:24,29.72,0.01,339,1006895,买盘
10:44:27,29.73,0.01,27,80256,卖盘
10:44:30,29.74,0.01,178,529210,买盘
10:44:32,29.74,0.0,18,53516,买盘
10:44:36,29.73,-0.01,50,148646,中性盘
10:44:39,29.73,0.0,113,335975,买盘
10:44:42,29.74,0.01,309,918503,买盘
10:44:44,29.72,-0.02,100,297218,卖盘
10:44:47,29.73,0.01,100,297295,买盘
10:44:50,29.73,0.0,754,2240659,买盘
10:44:54,29.73,0.0,101,300273,卖盘
10:44:57,29.74,0.01,144,428190,买盘
10:45:00,29.74,0.0,188,559112,卖盘
10:45:03,29.74,0.0,267,794049,卖盘
10:45:06,29.75,0.01,276,820996,买盘
10:45:09,29.74,-0.01,202,600810,卖盘
10:45:11,29.74,0.0,95,282518,买盘
10:45:14,29.73,-0.01,261,775964,卖盘
10:45:18,29.72,-0.01,532,1581674,卖盘
10:45:21,29.72,0.0,112,332901,中性盘
10:45:24,29.71,-0.01,385,1143589,卖盘
10:45:26,29.7,-0.01,472,1402744,卖盘
10:45:30,29.7,0.0,87,258406,买盘
10:45:33,29.7,0.0,324,962207,买盘
10:45:36,29.7,0.0,135,400854,买盘
10:45:39,29.7,0.0,172,510704,买盘
10:45:41,29.7,0.0,76,225668,买盘
10:45:45,29.69,-0.01,212,627191,卖盘
10:45:48,29.69,0.0,137,406673,买盘
10:45:50,29.69,0.0,331,984721,买盘
10:45:54,29.69,0.0,306,906314,卖盘
10:45:57,29.69,0.0,958,2844397,买盘
10:46:00,29.66,-0.03,400,1186282,卖盘
10:46:03,29.67,0.01,148,438982,买盘
10:46:04,29.66,-0.01,424,1257676,卖盘
10:46:09,29.67,0.01,172,510189,买盘
10:46:12,29.67,0.0,259,768226,买盘
10:46:14,29.66,-0.01,134,397459,卖盘
10:46:18,29.66,0.0,215,638399,卖盘
10:46:21,29.66,0.0,33,97903,卖盘
10:46:24,29.66,0.0,551,1634774,卖盘
10:46:27,29.67,0.01,26,77155,买盘
10:46:30,29.68,0.01,60,178047,买盘
10:46:33,29.67,-0.01,41,121649,卖盘
10:46:35,29.68,0.01,83,246302,买盘
10:46:38,29.67,-0.01,95,281885,卖盘
10:46:42,29.67,0.0,268,795411,卖盘
10:46:44,29.68,0.01,209,620112,买盘
10:46:48,29.67,-0.01,237,703413,卖盘
10:46:49,29.67,0.0,180,534274,卖盘
10:46:53,29.68,0.01,66,195853,买盘
10:46:55,29.69,0.01,239,709251,买盘
10:47:00,29.68,-0.01,62,184012,中性盘
10:47:01,29.68,0.0,228,676548,买盘
10:47:06,29.68,0.0,108,320532,买盘
10:47:07,29.69,0.01,287,851795,买盘
10:47:10,29.68,-0.01,29,86090,中性盘
10:47:14,29.68,0.0,13,38584,卖盘
10:47:16,29.68,0.0,30,89056,卖盘
10:47:20,29.69,0.01,161,477857,买盘
10:47:24,29.69,0.0,74,219649,买盘
10:47:26,29.69,0.0,8,23748,买盘
10:47:29,29.68,-0.01,100,296818,卖盘
10:47:32,29.69,0.01,121,359194,买盘
10:47:35,29.69,0.0,61,181059,买盘
10:47:38,29.68,-0.01,149,442031,卖盘
10:47:40,29.68,0.0,111,329464,卖盘
10:47:44,29.68,0.0,165,490031,卖盘
10:47:46,29.68,0.0,205,608448,卖盘
10:47:50,29.67,-0.01,82,243371,卖盘
10:47:53,29.68,0.01,29,86072,买盘
10:47:57,29.69,0.01,238,706239,买盘
10:47:59,29.68,-0.01,43,127624,买盘
10:48:02,29.68,0.0,28,83104,卖盘
10:48:04,29.68,0.0,118,350224,卖盘
10:48:08,29.68,0.0,27,80136,买盘
10:48:11,29.67,-0.01,35,104393,卖盘
10:48:14,29.68,0.01,65,192861,买盘
10:48:17,29.67,-0.01,90,266514,卖盘
10:48:21,29.67,0.0,66,195829,买盘
10:48:23,29.67,0.0,55,163175,买盘
10:48:26,29.67,0.0,26,77673,买盘
10:48:29,29.66,-0.01,718,2129820,卖盘
10:48:31,29.67,0.01,604,1791722,卖盘
10:48:34,29.67,0.0,96,284846,卖盘
10:48:38,29.66,-0.01,66,195794,卖盘
10:48:42,29.65,-0.01,77,228368,卖盘
10:48:43,29.66,0.01,3,8898,买盘
10:48:47,29.66,0.0,2772,8218905,买盘
10:48:50,29.65,-0.01,212,629805,卖盘
10:48:53,29.6,-0.05,1573,4658401,卖盘
10:48:56,29.64,0.04,273,808923,卖盘
10:48:58,29.63,-0.01,96,284458,中性盘
10:49:02,29.6,-0.03,100,296030,卖盘
10:49:04,29.61,0.01,11,32571,卖盘
10:49:08,29.61,0.0,24,71092,卖盘
10:49:12,29.61,0.0,94,278375,卖盘
10:49:14,29.61,0.0,18,53293,买盘
10:49:17,29.61,0.0,292,864774,买盘
10:49:20,29.61,0.0,32,94775,卖盘
10:49:23,29.61,0.0,83,245772,卖盘
10:49:25,29.62,0.01,60,177674,买盘
10:49:29,29.62,0.0,153,453056,买盘
10:49:31,29.62,0.0,174,515219,买盘
10:49:35,29.62,0.0,50,148098,买盘
10:49:38,29.62,0.0,443,1311554,买盘
10:49:42,29.62,0.0,42,124377,买盘
10:49:44,29.61,-0.01,9,26654,卖盘
10:49:47,29.62,0.01,26,77012,买盘
10:49:50,29.61,-0.01,116,343577,卖盘
10:49:53,29.62,0.01,62,183604,买盘
10:49:56,29.62,0.0,72,213250,买盘
10:49:59,29.62,0.0,185,547938,买盘
10:50:02,29.62,0.0,113,333085,买盘
10:50:05,29.62,0.0,42,124403,买盘
10:50:08,29.62,0.0,397,1175579,买盘
10:50:12,29.61,-0.01,1207,3575161,卖盘
10:50:14,29.62,0.01,198,586299,买盘
10:50:16,29.62,0.0,252,746114,买盘
10:50:20,29.6,-0.02,119,352401,卖盘
10:50:23,29.62,0.02,241,713646,买盘
10:50:27,29.61,-0.01,877,2596103,卖盘
10:50:29,29.6,-0.01,208,615727,卖盘
10:50:32,29.6,0.0,108,319687,卖盘
10:50:34,29.61,0.01,175,518078,买盘
10:50:38,29.61,0.0,132,390831,买盘
10:50:42,29.6,-0.01,120,355238,卖盘
10:50:44,29.6,0.0,27,78678,买盘
10:50:47,29.6,0.0,74,219066,卖盘
10:50:50,29.6,0.0,89,263461,卖盘
10:50:52,29.6,0.0,76,226205,卖盘
10:50:56,29.6,0.0,112,331519,买盘
10:50:59,29.59,-0.01,94,278220,卖盘
10:51:01,29.61,0.02,79,233825,买盘
10:51:05,29.6,-0.01,32,94721,卖盘
10:51:08,29.61,0.01,60,177639,买盘
10:51:12,29.61,0.0,11,32564,买盘
10:51:14,29.6,-0.01,235,695612,卖盘
10:51:17,29.61,0.01,37,109548,买盘
10:51:20,29.61,0.0,15,44415,买盘
10:51:23,29.61,0.0,63,186533,买盘
10:51:27,29.61,0.0,24,71055,买盘
10:51:28,29.61,0.0,37,109522,买盘
10:51:32,29.61,0.0,35,103601,买盘
10:51:35,29.61,0.0,21,62178,买盘
10:51:38,29.6,-0.01,49,145063,卖盘
10:51:42,29.61,0.01,22,65136,买盘
10:51:44,29.61,0.0,119,352349,买盘
10:51:47,29.61,0.0,66,195406,买盘
10:51:50,29.6,-0.01,307,908793,卖盘
10:51:53,29.6,0.0,109,321522,卖盘
10:51:56,29.61,0.01,112,331537,买盘
10:51:58,29.6,-0.01,70,207220,卖盘
10:52:02,29.6,0.0,185,547650,卖盘
10:52:05,29.6,0.0,30,88812,卖盘
10:52:09,29.6,0.0,42,124341,卖盘
10:52:12,29.61,0.01,101,299038,买盘
10:52:14,29.6,-0.01,88,260510,卖盘
10:52:16,29.61,0.01,22,65142,买盘
10:52:19,29.6,-0.01,111,328210,卖盘
10:52:23,29.61,0.01,82,242787,买盘
10:52:27,29.61,0.0,56,165799,买盘
10:52:29,29.61,0.0,41,121367,买盘
10:52:32,29.6,-0.01,210,621794,卖盘
10:52:35,29.61,0.01,130,384909,买盘
10:52:38,29.6,-0.01,111,328658,卖盘
10:52:42,29.61,0.01,11,32565,买盘
10:52:44,29.61,0.0,18,55009,卖盘
10:52:47,29.61,0.0,62,183633,卖盘
10:52:49,29.62,0.01,92,272421,买盘
10:52:52,29.62,0.0,178,527265,买盘
10:52:57,29.63,0.01,26,77027,买盘
10:52:59,29.63,0.0,42,124446,买盘
10:53:02,29.63,0.0,99,293319,买盘
10:53:05,29.63,0.0,90,266666,买盘
10:53:07,29.64,0.01,51,151159,买盘
10:53:11,29.64,0.0,38,112631,卖盘
10:53:14,29.65,0.01,12,35580,买盘
10:53:17,29.65,0.0,70,207538,买盘
10:53:19,29.64,-0.01,10,29644,卖盘
10:53:23,29.65,0.01,35,103745,买盘
10:53:27,29.65,0.0,46,136390,买盘
10:53:29,29.65,0.0,112,332076,买盘
10:53:32,29.65,0.0,21,62263,买盘
10:53:35,29.65,0.0,15,44471,买盘
10:53:38,29.65,0.0,157,465369,买盘
10:53:42,29.64,-0.01,88,260869,卖盘
10:53:44,29.65,0.01,37,109694,买盘
10:53:47,29.64,-0.01,78,231269,卖盘
10:53:50,29.64,0.0,35,103770,卖盘
10:53:53,29.65,0.01,41,121553,买盘
10:53:57,29.65,0.0,23,68195,买盘
10:54:00,29.65,0.0,30,88949,买盘
10:54:02,29.64,-0.01,18,53363,卖盘
10:54:05,29.65,0.01,63,186784,买盘
10:54:07,29.65,0.0,75,221834,买盘
10:54:12,29.65,0.0,42,124533,卖盘
10:54:14,29.67,0.02,39,115693,买盘
10:54:17,29.67,0.0,24,71198,买盘
10:54:20,29.67,0.0,104,308572,卖盘
10:54:23,29.66,-0.01,35,103823,卖盘
10:54:27,29.67,0.01,14,41538,买盘
10:54:29,29.67,0.0,26,77141,买盘
10:54:31,29.66,-0.01,30,88995,卖盘
10:54:35,29.67,0.01,56,166125,买盘
10:54:38,29.67,0.0,48,142416,买盘
10:54:42,29.67,0.0,11,32636,买盘
10:54:44,29.67,0.0,11,32637,买盘
10:54:47,29.67,0.0,29,86029,买盘
10:54:50,29.67,0.0,76,225431,买盘
10:54:53,29.67,0.0,53,157209,买盘
10:54:57,29.67,0.0,68,200261,买盘
10:54:59,29.66,-0.01,411,1219038,卖盘
10:55:02,29.66,0.0,119,353006,卖盘
10:55:05,29.67,0.01,139,412404,买盘
10:55:07,29.66,-0.01,87,258092,卖盘
10:55:12,29.67,0.01,31,91977,买盘
10:55:13,29.66,-0.01,35,103813,卖盘
10:55:17,29.66,0.0,19,56371,卖盘
10:55:20,29.66,0.0,240,713340,卖盘
10:55:23,29.66,0.0,76,225425,买盘
10:55:25,29.66,0.0,73,216518,买盘
10:55:28,29.65,-0.01,101,299485,卖盘
10:55:32,29.65,0.0,134,397228,买盘
10:55:35,29.65,0.0,27,80043,买盘
10:55:38,29.65,0.0,49,145249,买盘
10:55:42,29.65,0.0,12,35579,买盘
10:55:44,29.65,0.0,38,112633,买盘
10:55:47,29.65,0.0,72,213480,买盘
10:55:50,29.64,-0.01,44,130429,卖盘
10:55:53,29.65,0.01,33,97817,买盘
10:55:57,29.65,0.0,24,71157,买盘
10:55:59,29.64,-0.01,106,314189,卖盘
10:56:02,29.64,0.0,7,20627,买盘
10:56:05,29.63,-0.01,38,112604,卖盘
10:56:08,29.63,0.0,93,275693,卖盘
10:56:12,29.64,0.01,16,47419,卖盘
10:56:14,29.63,-0.01,50,148159,卖盘
10:56:17,29.63,0.0,18,51719,卖盘
10:56:20,29.64,0.01,45,135242,买盘
10:56:23,29.63,-0.01,32,94816,卖盘
10:56:27,29.64,0.01,17,50388,买盘
10:56:29,29.63,-0.01,64,189365,卖盘
10:56:32,29.63,0.0,24,71107,买盘
10:56:35,29.63,0.0,123,364340,买盘
10:56:38,29.62,-0.01,108,319912,卖盘
10:56:40,29.62,0.0,9,26659,卖盘
10:56:44,29.62,0.0,66,195497,卖盘
10:56:47,29.62,0.0,324,959398,卖盘
10:56:50,29.6,-0.02,506,1498971,卖盘
10:56:52,29.62,0.02,23,68092,买盘
10:56:57,29.61,-0.01,398,1178130,中性盘
10:56:59,29.6,-0.01,421,1247178,卖盘
10:57:02,29.61,0.01,64,189455,中性盘
10:57:05,29.61,0.0,10,29606,买盘
10:57:08,29.61,0.0,123,364193,买盘
10:57:11,29.6,-0.01,27,79929,卖盘
10:57:14,29.61,0.01,171,506227,买盘
10:57:17,29.61,0.0,144,426321,卖盘
10:57:20,29.61,0.0,114,337514,买盘
10:57:23,29.59,-0.02,525,1553571,卖盘
10:57:26,29.61,0.02,141,417403,买盘
10:57:29,29.61,0.0,126,373079,买盘
10:57:32,29.61,0.0,43,127315,买盘
10:57:35,29.61,0.0,114,337551,买盘
10:57:38,29.61,0.0,28,82908,买盘
10:57:42,29.61,0.0,14,41453,买盘
10:57:44,29.6,-0.01,69,204247,卖盘
10:57:47,29.62,0.02,236,698801,买盘
10:57:50,29.61,-0.01,16,47380,卖盘
10:57:53,29.61,0.0,13,38496,卖盘
10:57:56,29.62,0.01,53,156948,买盘
10:57:59,29.62,0.0,239,707643,买盘
10:58:02,29.61,-0.01,57,168791,卖盘
10:58:05,29.62,0.01,94,278394,买盘
10:58:08,29.62,0.0,209,619030,卖盘
10:58:12,29.61,-0.01,86,254749,卖盘
10:58:14,29.62,0.01,15,44430,买盘
10:58:17,29.61,-0.01,141,417492,卖盘
10:58:20,29.62,0.01,74,219172,买盘
10:58:23,29.61,-0.01,4,11844,卖盘
10:58:27,29.6,-0.01,57,168770,卖盘
10:58:28,29.61,0.01,27,79947,中性盘
10:58:32,29.6,-0.01,15,44405,卖盘
10:58:35,29.62,0.02,14,41455,买盘
10:58:38,29.61,-0.01,413,1222617,卖盘
10:58:42,29.61,0.0,22,65122,买盘
10:58:44,29.61,0.0,32,94752,买盘
10:58:47,29.6,-0.01,29,85868,卖盘
10:58:50,29.6,0.0,61,180564,卖盘
10:58:53,29.6,0.0,51,150960,买盘
10:58:57,29.6,0.0,68,201264,买盘
10:58:59,29.59,-0.01,80,236787,卖盘
10:59:02,29.61,0.02,22,65123,买盘
10:59:05,29.6,-0.01,37,109516,卖盘
10:59:08,29.59,-0.01,28,82875,卖盘
10:59:12,29.59,0.0,164,485320,卖盘
10:59:14,29.6,0.01,15,44386,买盘
10:59:17,29.6,0.0,41,121355,买盘
10:59:20,29.6,0.0,45,133165,买盘
10:59:23,29.6,0.0,320,947182,买盘
10:59:27,29.61,0.01,124,367012,买盘
10:59:29,29.61,0.0,19,56247,买盘
10:59:32,29.6,-0.01,18,53287,卖盘
10:59:35,29.61,0.01,24,71043,买盘
10:59:38,29.61,0.0,28,82905,买盘
10:59:42,29.6,-0.01,7,20726,卖盘
10:59:44,29.6,0.0,39,115451,卖盘
10:59:47,29.61,0.01,19,56254,买盘
10:59:50,29.61,0.0,82,242739,买盘
10:59:53,29.6,-0.01,12,35528,卖盘
10:59:57,29.61,0.01,29,85854,买盘
10:59:59,29.61,0.0,21,62181,买盘
11:00:02,29.61,0.0,7,20725,买盘
11:00:05,29.6,-0.01,513,1518574,卖盘
11:00:08,29.59,-0.01,607,1796633,卖盘
11:00:12,29.6,0.01,117,346227,买盘
11:00:15,29.59,-0.01,128,378160,卖盘
11:00:17,29.58,-0.01,410,1212827,卖盘
11:00:20,29.58,0.0,204,603470,卖盘
11:00:23,29.59,0.01,324,957164,买盘
11:00:27,29.58,-0.01,82,243757,卖盘
11:00:29,29.58,0.0,285,842634,买盘
11:00:32,29.57,-0.01,75,221705,中性盘
11:00:35,29.56,-0.01,53,156673,卖盘
11:00:38,29.57,0.01,51,150795,买盘
11:00:42,29.56,-0.01,21,62077,卖盘
11:00:45,29.56,0.0,90,266100,卖盘
11:00:47,29.56,0.0,68,200959,买盘
11:00:50,29.55,-0.01,76,224587,卖盘
11:00:53,29.55,0.0,149,440304,卖盘
11:00:57,29.56,0.01,200,591021,买盘
11:00:59,29.55,-0.01,99,292554,卖盘
11:01:02,29.55,0.0,79,233490,卖盘
11:01:05,29.54,-0.01,665,1964613,卖盘
11:01:08,29.54,0.0,152,449154,买盘
11:01:12,29.53,-0.01,80,234623,卖盘
11:01:15,29.54,0.01,15,44303,买盘
11:01:17,29.54,0.0,28,82722,卖盘
11:01:19,29.54,0.0,60,177224,买盘
11:01:23,29.53,-0.01,50,147671,卖盘
11:01:27,29.54,0.01,69,203791,买盘
11:01:29,29.53,-0.01,72,212632,卖盘
11:01:32,29.53,0.0,77,227397,卖盘
11:01:35,29.53,0.0,46,135847,卖盘
11:01:38,29.53,0.0,407,1201996,卖盘
11:01:41,29.54,0.01,137,404666,买盘
11:01:45,29.53,-0.01,30,88594,卖盘
11:01:47,29.54,0.01,37,109279,买盘
11:01:50,29.54,0.0,174,513885,买盘
11:01:53,29.54,0.0,128,378012,买盘
11:01:57,29.53,-0.01,58,171302,卖盘
11:01:59,29.53,0.0,128,378056,卖盘
11:02:02,29.53,0.0,103,304227,卖盘
11:02:04,29.53,0.0,57,170049,卖盘
11:02:08,29.54,0.01,226,667604,买盘
11:02:12,29.54,0.0,231,682397,卖盘
11:02:14,29.52,-0.02,187,552235,卖盘
11:02:17,29.53,0.01,313,924414,中性盘
11:02:20,29.53,0.0,255,752981,卖盘
11:02:23,29.52,-0.01,148,437035,卖盘
11:02:27,29.54,0.02,106,312980,买盘
11:02:29,29.53,-0.01,40,118147,卖盘
11:02:32,29.53,0.0,30,88600,卖盘
11:02:34,29.53,0.0,52,153574,卖盘
11:02:39,29.53,0.0,202,596562,卖盘
11:02:41,29.53,0.0,67,197877,卖盘
11:02:44,29.53,0.0,34,100409,卖盘
11:02:47,29.53,0.0,40,118148,卖盘
11:02:50,29.53,0.0,24,70885,卖盘
11:02:53,29.53,0.0,31,91730,卖盘
11:02:57,29.54,0.01,167,493266,买盘
11:02:59,29.54,0.0,100,295423,买盘
11:03:02,29.54,0.0,78,230465,卖盘
11:03:05,29.54,0.0,77,227467,卖盘
11:03:08,29.54,0.0,35,103419,卖盘
11:03:11,29.55,0.01,24,70918,买盘
11:03:14,29.55,0.0,56,165480,买盘
11:03:17,29.55,0.0,344,1016530,卖盘
11:03:20,29.55,0.0,62,183253,卖盘
11:03:23,29.55,0.0,23,67979,卖盘
11:03:26,29.55,0.0,70,206875,卖盘
11:03:29,29.56,0.01,65,192134,买盘
11:03:32,29.56,0.0,164,484720,买盘
11:03:35,29.55,-0.01,51,150742,卖盘
11:03:38,29.57,0.02,6,17742,买盘
11:03:42,29.57,0.0,142,419787,买盘
11:03:44,29.56,-0.01,62,183315,卖盘
11:03:47,29.57,0.01,67,198120,中性盘
11:03:50,29.57,0.0,140,414058,卖盘
11:03:53,29.57,0.0,64,189277,卖盘
11:03:57,29.58,0.01,54,159710,买盘
11:03:59,29.58,0.0,36,106474,卖盘
11:04:02,29.58,0.0,91,269189,卖盘
11:04:05,29.59,0.01,76,224859,买盘
11:04:08,29.59,0.0,101,297380,买盘
11:04:12,29.6,0.01,10,29600,买盘
11:04:15,29.59,-0.01,19,56233,卖盘
11:04:17,29.6,0.01,54,159827,买盘
11:04:20,29.6,0.0,102,301924,买盘
11:04:23,29.61,0.01,187,553536,买盘
11:04:26,29.61,0.0,40,118431,买盘
11:04:29,29.61,0.0,39,115487,卖盘
11:04:32,29.6,-0.01,230,680933,卖盘
11:04:35,29.6,0.0,147,435102,买盘
11:04:38,29.61,0.01,80,236828,买盘
11:04:42,29.6,-0.01,25,74003,中性盘
11:04:45,29.6,0.0,35,103611,卖盘
11:04:47,29.61,0.01,31,91787,买盘
11:04:50,29.61,0.0,36,106593,买盘
11:04:53,29.61,0.0,20,59213,买盘
11:04:57,29.61,0.0,15,44415,买盘
11:04:59,29.61,0.0,13,38494,买盘
11:05:03,29.61,0.0,20,59225,卖盘
11:05:05,29.61,0.0,29,85871,卖盘
11:05:09,29.62,0.01,29,85897,买盘
11:05:11,29.62,0.0,7,20734,买盘
11:05:15,29.62,0.0,19,56268,买盘
11:05:18,29.62,0.0,35,103669,买盘
11:05:21,29.61,-0.01,33,97745,卖盘
11:05:24,29.62,0.01,15,44422,买盘
11:05:26,29.61,-0.01,18,53315,卖盘
11:05:30,29.61,0.0,26,77008,卖盘
11:05:33,29.62,0.01,319,944877,买盘
11:05:35,29.62,0.0,66,195489,买盘
11:05:39,29.62,0.0,81,239892,买盘
11:05:42,29.62,0.0,23,68125,买盘
11:05:45,29.62,0.0,75,222085,买盘
11:05:48,29.62,0.0,82,242836,买盘
11:05:51,29.62,0.0,95,281090,买盘
11:05:54,29.62,0.0,146,432462,卖盘
11:05:57,29.61,-0.01,216,639970,卖盘
11:06:00,29.62,0.01,74,219139,买盘
11:06:03,29.62,0.0,76,224794,买盘
11:06:06,29.62,0.0,30,89157,卖盘
11:06:08,29.63,0.01,28,82950,买盘
11:06:12,29.61,-0.02,144,426490,卖盘
11:06:15,29.6,-0.01,156,461840,卖盘
11:06:17,29.6,0.0,182,538789,卖盘
11:06:21,29.58,-0.02,544,1610114,卖盘
11:06:24,29.62,0.04,79,233970,买盘
11:06:27,29.63,0.01,28,82963,买盘
11:06:30,29.65,0.02,214,634180,买盘
11:06:33,29.62,-0.03,62,183696,卖盘
11:06:36,29.62,0.0,84,248818,卖盘
11:06:38,29.63,0.01,47,139238,买盘
11:06:42,29.62,-0.01,183,542165,卖盘
11:06:45,29.63,0.01,125,370339,买盘
11:06:48,29.62,-0.01,39,115531,卖盘
11:06:51,29.62,0.0,12,35544,买盘
11:06:54,29.62,0.0,17,50358,卖盘
11:06:57,29.63,0.01,79,234071,买盘
11:06:58,29.63,0.0,8,23711,卖盘
11:07:03,29.64,0.01,11,32597,买盘
11:07:06,29.63,-0.01,9,26669,卖盘
11:07:08,29.64,0.01,30,88920,买盘
11:07:12,29.64,0.0,3,8892,买盘
11:07:15,29.63,-0.01,104,308164,卖盘
11:07:18,29.64,0.01,28,82992,买盘
11:07:21,29.63,-0.01,43,127419,卖盘
11:07:23,29.63,0.0,42,124470,卖盘
11:07:27,29.64,0.01,107,317062,买盘
11:07:30,29.64,0.0,153,453352,买盘
11:07:33,29.63,-0.01,62,183763,卖盘
11:07:36,29.62,-0.01,71,210396,卖盘
11:07:39,29.63,0.01,70,207377,中性盘
11:07:42,29.61,-0.02,8,23695,卖盘
11:07:48,29.61,0.0,45,133269,卖盘
11:07:51,29.62,0.01,52,154024,买盘
11:07:53,29.62,0.0,5,14810,买盘
11:07:57,29.62,0.0,15,44430,买盘
11:08:00,29.62,0.0,104,308308,买盘
11:08:02,29.62,0.0,44,130323,买盘
11:08:04,29.62,0.0,39,115526,卖盘
11:08:09,29.63,0.01,23,68148,买盘
11:08:11,29.63,0.0,2,5926,买盘
11:08:15,29.63,0.0,84,248874,买盘
11:08:18,29.62,-0.01,35,103699,卖盘
11:08:20,29.63,0.01,144,426592,买盘
11:08:24,29.63,0.0,17,50371,买盘
11:08:27,29.63,0.0,63,186620,买盘
11:08:30,29.63,0.0,47,139229,买盘
11:08:33,29.63,0.0,24,71100,买盘
11:08:36,29.63,0.0,53,156997,买盘
11:08:38,29.63,0.0,42,124427,买盘
11:08:42,29.62,-0.01,112,331753,卖盘
11:08:44,29.62,0.0,35,104423,卖盘
11:08:48,29.62,0.0,70,207444,卖盘
11:08:50,29.62,0.0,88,259831,卖盘
11:08:54,29.62,0.0,37,109592,买盘
11:08:57,29.62,0.0,24,71088,买盘
11:09:00,29.62,0.0,18,53309,买盘
11:09:02,29.62,0.0,12,35538,买盘
11:09:06,29.6,-0.02,79,233545,卖盘
11:09:09,29.62,0.02,34,100700,买盘
11:09:12,29.62,0.0,9,26652,买盘
11:09:15,29.61,-0.01,18,53303,卖盘
11:09:18,29.61,0.0,63,186546,卖盘
11:09:20,29.6,-0.01,11,32568,卖盘
11:09:23,29.61,0.01,4,11844,买盘
11:09:27,29.61,0.0,251,742978,买盘
11:09:30,29.61,0.0,26,76986,买盘
11:09:32,29.61,0.0,54,159849,买盘
11:09:36,29.6,-0.01,54,159846,卖盘
11:09:39,29.61,0.01,301,891361,买盘
11:09:42,29.6,-0.01,61,180600,卖盘
11:09:44,29.6,0.0,98,289806,卖盘
11:09:48,29.59,-0.01,130,384866,卖盘
11:09:51,29.61,0.02,61,180621,中性盘
11:09:54,29.6,-0.01,14,43434,卖盘
11:09:57,29.61,0.01,36,106596,买盘
11:10:00,29.61,0.0,10,29610,买盘
11:10:03,29.6,-0.01,132,388745,卖盘
11:10:06,29.6,0.0,70,209186,卖盘
11:10:09,29.6,0.0,124,367016,卖盘
11:10:11,29.6,0.0,127,374186,买盘
11:10:15,29.59,-0.01,17,50315,中性盘
11:10:18,29.59,0.0,30,88770,买盘
11:10:20,29.59,0.0,58,171618,买盘
11:10:24,29.58,-0.01,257,760212,卖盘
11:10:27,29.57,-0.01,156,461375,卖盘
11:10:30,29.56,-0.01,189,558706,卖盘
11:10:33,29.54,-0.02,469,1385959,卖盘
11:10:36,29.55,0.01,237,700223,买盘
11:10:39,29.56,0.01,458,1352879,买盘
11:10:42,29.54,-0.02,230,679654,卖盘
11:10:45,29.54,0.0,104,307253,卖盘
11:10:48,29.54,0.0,69,203850,卖盘
11:10:51,29.55,0.01,39,115221,买盘
11:10:54,29.55,0.0,179,528648,买盘
11:10:57,29.56,0.01,134,395863,买盘
11:11:00,29.53,-0.03,233,688313,卖盘
11:11:03,29.54,0.01,52,153599,买盘
11:11:05,29.54,0.0,17,50218,买盘
11:11:09,29.53,-0.01,178,525649,卖盘
11:11:12,29.54,0.01,42,124054,买盘
11:11:15,29.54,0.0,43,126993,买盘
11:11:18,29.53,-0.01,363,1071760,卖盘
11:11:21,29.54,0.01,79,233350,买盘
11:11:23,29.53,-0.01,96,283504,卖盘
11:11:27,29.54,0.01,83,245144,买盘
11:11:30,29.53,-0.01,58,171297,卖盘
11:11:33,29.53,0.0,109,322923,卖盘
11:11:36,29.53,0.0,37,109278,卖盘
11:11:39,29.54,0.01,364,1074905,买盘
11:11:42,29.53,-0.01,104,307111,中性盘
11:11:45,29.53,0.0,200,590552,买盘
11:11:47,29.52,-0.01,95,280516,卖盘
11:11:51,29.53,0.01,42,124009,买盘
11:11:54,29.53,0.0,215,634699,买盘
11:11:57,29.53,0.0,92,271626,买盘
11:12:00,29.53,0.0,754,2225373,买盘
11:12:03,29.53,0.0,293,865180,买盘
11:12:06,29.53,0.0,249,735000,买盘
11:12:09,29.53,0.0,192,566840,买盘
11:12:12,29.52,-0.01,223,658253,卖盘
11:12:15,29.53,0.01,130,383891,买盘
11:12:18,29.52,-0.01,97,286449,卖盘
11:12:20,29.53,0.01,52,153581,卖盘
11:12:23,29.54,0.01,157,463626,买盘
11:12:27,29.53,-0.01,72,212648,卖盘
11:12:29,29.53,0.0,121,357311,中性盘
11:12:33,29.54,0.01,15,44322,卖盘
11:12:36,29.54,0.0,20,59082,卖盘
11:12:39,29.55,0.01,27,79777,买盘
11:12:42,29.55,0.0,97,286630,买盘
11:12:45,29.55,0.0,285,841932,买盘
11:12:48,29.53,-0.02,146,431293,卖盘
11:12:51,29.53,0.0,140,413463,卖盘
11:12:54,29.55,0.02,42,124084,买盘
11:12:57,29.56,0.01,42,124129,买盘
11:13:00,29.55,-0.01,71,209811,卖盘
11:13:03,29.56,0.01,69,203929,买盘
11:13:05,29.54,-0.02,127,375307,卖盘
11:13:08,29.53,-0.01,206,608450,卖盘
11:13:12,29.53,0.0,60,177233,卖盘
11:13:15,29.55,0.02,6,17730,买盘
11:13:17,29.54,-0.01,162,478401,中性盘
11:13:21,29.53,-0.01,111,327783,卖盘
11:13:24,29.54,0.01,28,82712,买盘
11:13:27,29.53,-0.01,31,91572,卖盘
11:13:30,29.54,0.01,215,634899,买盘
11:13:32,29.54,0.0,71,209765,卖盘
11:13:36,29.53,-0.01,18,53178,卖盘
11:13:39,29.54,0.01,27,79777,卖盘
11:13:42,29.54,0.0,28,82712,买盘
11:13:45,29.54,0.0,5,14770,买盘
11:13:48,29.53,-0.01,30,88616,卖盘
11:13:51,29.53,0.0,172,507813,卖盘
11:13:54,29.53,0.0,25,73842,卖盘
11:13:57,29.54,0.01,50,147667,买盘
11:14:00,29.54,0.0,31,91567,买盘
11:14:03,29.54,0.0,17,50213,中性盘
11:14:06,29.54,0.0,7,20683,卖盘
11:14:09,29.54,0.0,157,463790,卖盘
11:14:12,29.54,0.0,63,186123,卖盘
11:14:15,29.54,0.0,10,29547,卖盘
11:14:18,29.53,-0.01,54,159511,卖盘
11:14:21,29.53,0.0,183,540425,卖盘
11:14:24,29.53,0.0,103,304226,卖盘
11:14:27,29.54,0.01,243,717608,买盘
11:14:30,29.54,0.0,34,100436,买盘
11:14:33,29.54,0.0,16,47254,买盘
11:14:36,29.54,0.0,33,97468,买盘
11:14:39,29.54,0.0,61,180183,买盘
11:14:41,29.53,-0.01,47,138833,卖盘
11:14:45,29.54,0.01,91,268804,买盘
11:14:47,29.53,-0.01,387,1142875,卖盘
11:14:51,29.53,0.0,134,395668,买盘
11:14:53,29.53,0.0,41,121046,买盘
11:14:56,29.53,0.0,33,97448,买盘
11:15:00,29.53,0.0,81,237714,买盘
11:15:03,29.53,0.0,16,47256,卖盘
11:15:06,29.53,0.0,22,64968,卖盘
11:15:08,29.54,0.01,108,318946,买盘
11:15:12,29.53,-0.01,24,70886,卖盘
11:15:14,29.53,0.0,15,44298,卖盘
11:15:18,29.54,0.01,24,70896,买盘
11:15:21,29.53,-0.01,89,262851,卖盘
11:15:24,29.53,0.0,26,76790,卖盘
11:15:27,29.54,0.01,26,76804,买盘
11:15:29,29.53,-0.01,25,74452,卖盘
11:15:33,29.54,0.01,16,47262,买盘
11:15:36,29.54,0.0,3,8862,买盘
11:15:38,29.54,0.0,62,183132,买盘
11:15:41,29.53,-0.01,50,147658,卖盘
11:15:45,29.54,0.01,22,66135,买盘
11:15:48,29.54,0.0,49,144736,买盘
11:15:51,29.54,0.0,63,186051,买盘
11:15:54,29.54,0.0,37,109298,买盘
11:15:57,29.53,-0.01,62,183143,卖盘
11:16:00,29.54,0.01,30,88615,买盘
11:16:03,29.53,-0.01,118,348554,卖盘
11:16:06,29.53,0.0,178,525793,卖盘
11:16:09,29.55,0.02,265,782820,买盘
11:16:12,29.54,-0.01,34,100462,卖盘
11:16:15,29.55,0.01,119,351540,买盘
11:16:17,29.55,0.0,33,97507,买盘
11:16:21,29.54,-0.01,14,41361,卖盘
11:16:23,29.55,0.01,54,159547,买盘
11:16:27,29.54,-0.01,48,141817,卖盘
11:16:30,29.55,0.01,42,124109,买盘
11:16:33,29.55,0.0,261,771208,买盘
11:16:36,29.56,0.01,122,360448,买盘
11:16:39,29.54,-0.02,253,747651,卖盘
11:16:42,29.57,0.03,44,130087,买盘
11:16:44,29.56,-0.01,63,186239,卖盘
11:16:47,29.58,0.02,59,174453,买盘
11:16:51,29.57,-0.01,34,100551,卖盘
11:16:54,29.58,0.01,11,32522,买盘
11:16:56,29.58,0.0,35,103512,买盘
11:17:00,29.58,0.0,24,70992,卖盘
11:17:03,29.57,-0.01,53,156723,卖盘
11:17:06,29.57,0.0,16,47321,卖盘
11:17:09,29.58,0.01,224,662592,买盘
11:17:12,29.58,0.0,27,79890,卖盘
11:17:14,29.59,0.01,59,174526,买盘
11:17:18,29.59,0.0,22,65096,买盘
11:17:20,29.59,0.0,41,121311,买盘
11:17:24,29.59,0.0,32,94664,买盘
11:17:27,29.59,0.0,63,186390,买盘
11:17:29,29.59,0.0,46,136094,买盘
11:17:32,29.58,-0.01,245,724716,卖盘
11:17:36,29.59,0.01,139,411295,买盘
11:17:39,29.59,0.0,123,363870,买盘
11:17:42,29.58,-0.01,87,257715,卖盘
11:17:44,29.59,0.01,34,100587,买盘
11:17:48,29.58,-0.01,43,127215,卖盘
11:17:51,29.58,0.0,36,106494,卖盘
11:17:54,29.59,0.01,23,68043,买盘
11:17:57,29.58,-0.01,26,76927,卖盘
11:18:00,29.59,0.01,45,133120,中性盘
11:18:03,29.58,-0.01,44,130175,卖盘
11:18:06,29.58,0.0,249,736623,卖盘
11:18:09,29.58,0.0,103,304576,卖盘
11:18:12,29.58,0.0,70,207329,买盘
11:18:15,29.59,0.01,18,53244,买盘
11:18:18,29.57,-0.02,49,144878,买盘
11:18:21,29.57,0.0,38,112363,卖盘
11:18:24,29.57,0.0,41,121232,买盘
11:18:27,29.57,0.0,46,136004,买盘
11:18:29,29.56,-0.01,45,133025,卖盘
11:18:32,29.56,0.0,38,112353,卖盘
11:18:35,29.56,0.0,23,67994,卖盘
11:18:39,29.56,0.0,109,322241,卖盘
11:18:42,29.57,0.01,13,38441,买盘
11:18:45,29.57,0.0,37,109375,买盘
11:18:47,29.56,-0.01,26,76874,卖盘
11:18:51,29.56,0.0,36,106440,卖盘
11:18:53,29.57,0.01,11,32526,买盘
11:18:56,29.57,0.0,31,89092,买盘
11:18:59,29.57,0.0,29,85756,卖盘
11:19:03,29.58,0.01,12,35488,买盘
11:19:06,29.58,0.0,16,47315,买盘
11:19:08,29.58,0.0,41,121260,买盘
11:19:12,29.58,0.0,16,47318,买盘
11:19:15,29.57,-0.01,75,221833,卖盘
11:19:18,29.58,0.01,175,517518,买盘
11:19:20,29.57,-0.01,28,82816,卖盘
11:19:24,29.58,0.01,52,153770,买盘
11:19:27,29.56,-0.02,126,372665,卖盘
11:19:30,29.57,0.01,39,115312,中性盘
11:19:33,29.56,-0.01,18,53213,卖盘
11:19:36,29.56,0.0,32,94595,卖盘
11:19:39,29.56,0.0,19,56182,卖盘
11:19:42,29.56,0.0,22,65040,卖盘
11:19:44,29.57,0.01,10,29566,买盘
11:19:48,29.57,0.0,15,44355,买盘
11:19:51,29.57,0.0,21,62092,买盘
11:19:54,29.58,0.01,7,20701,买盘
11:19:56,29.58,0.0,18,53241,买盘
11:19:59,29.56,-0.02,296,875015,卖盘
11:20:03,29.55,-0.01,58,171422,卖盘
11:20:06,29.56,0.01,90,265976,买盘
11:20:09,29.55,-0.01,35,103457,卖盘
11:20:11,29.56,0.01,19,56164,买盘
11:20:14,29.56,0.0,3,8868,买盘
11:20:18,29.55,-0.01,55,162550,卖盘
11:20:21,29.56,0.01,19,56162,买盘
11:20:23,29.55,-0.01,35,104462,卖盘
11:20:27,29.55,0.0,34,100491,卖盘
11:20:29,29.56,0.01,26,76853,买盘
11:20:33,29.55,-0.01,120,354708,卖盘
11:20:36,29.56,0.01,44,130051,买盘
11:20:39,29.56,0.0,69,205160,买盘
11:20:42,29.55,-0.01,105,310290,卖盘
11:20:44,29.56,0.01,131,387184,买盘
11:20:48,29.55,-0.01,52,153696,卖盘
11:20:51,29.55,0.0,75,219830,卖盘
11:20:54,29.55,0.0,61,180265,卖盘
11:20:57,29.56,0.01,22,65030,买盘
11:21:00,29.56,0.0,11,32512,买盘
11:21:02,29.54,-0.02,435,1286137,卖盘
11:21:05,29.54,0.0,249,735714,卖盘
11:21:09,29.54,0.0,137,404744,卖盘
11:21:12,29.55,0.01,18,53190,买盘
11:21:15,29.55,0.0,296,875236,买盘
11:21:17,29.54,-0.01,100,295473,卖盘
11:21:21,29.54,0.0,100,295376,买盘
11:21:24,29.54,0.0,85,251039,买盘
11:21:27,29.55,0.01,54,159541,买盘
11:21:30,29.53,-0.02,126,372204,卖盘
11:21:33,29.54,0.01,200,590842,买盘
11:21:36,29.54,0.0,84,248109,买盘
11:21:38,29.54,0.0,82,240296,买盘
11:21:42,29.54,0.0,58,171353,卖盘
11:21:45,29.54,0.0,68,200861,卖盘
11:21:48,29.54,0.0,62,183169,卖盘
11:21:51,29.55,0.01,83,245260,买盘
11:21:53,29.54,-0.01,108,319051,卖盘
11:21:57,29.54,0.0,73,215670,卖盘
11:22:00,29.54,0.0,34,100447,卖盘
11:22:03,29.54,0.0,23,67946,卖盘
11:22:06,29.55,0.01,50,150382,买盘
11:22:08,29.54,-0.01,188,555515,卖盘
11:22:12,29.55,0.01,25,73872,买盘
11:22:15,29.54,-0.01,79,233399,卖盘
11:22:18,29.55,0.01,50,147735,买盘
11:22:21,29.55,0.0,81,239082,买盘
11:22:23,29.55,0.0,21,62063,卖盘
11:22:27,29.56,0.01,47,138902,买盘
11:22:29,29.56,0.0,80,236472,买盘
11:22:33,29.56,0.0,10,29558,买盘
11:22:36,29.55,-0.01,125,369386,卖盘
11:22:39,29.55,0.0,67,198021,卖盘
11:22:42,29.55,0.0,49,144807,卖盘
11:22:44,29.56,0.01,30,88661,买盘
11:22:48,29.56,0.0,44,130050,买盘
11:22:50,29.56,0.0,22,65018,买盘
11:22:53,29.55,-0.01,413,1220506,卖盘
11:22:57,29.55,0.0,106,313193,买盘
11:23:00,29.55,0.0,133,392909,买盘
11:23:02,29.55,0.0,22,65009,买盘
11:23:06,29.55,0.0,7,20685,买盘
11:23:09,29.55,0.0,168,495689,买盘
11:23:12,29.56,0.01,48,141860,买盘
11:23:16,29.55,-0.01,27,79790,卖盘
11:23:18,29.55,0.0,111,328249,卖盘
11:23:21,29.56,0.01,43,127119,中性盘
11:23:24,29.56,0.0,21,62085,卖盘
11:23:26,29.57,0.01,29,85742,买盘
11:23:29,29.57,0.0,26,76861,买盘
11:23:33,29.56,-0.01,7,20694,卖盘
11:23:36,29.57,0.01,18,53220,买盘
11:23:39,29.57,0.0,41,121214,买盘
11:23:41,29.56,-0.01,9,26610,卖盘
11:23:45,29.57,0.01,15,43605,买盘
11:23:47,29.56,-0.01,101,298587,卖盘
11:23:51,29.56,0.0,32,94604,卖盘
11:23:54,29.57,0.01,54,159629,买盘
11:23:57,29.57,0.0,62,183320,买盘
11:23:59,29.57,0.0,160,474236,买盘
11:24:02,29.57,0.0,31,91684,卖盘
11:24:06,29.58,0.01,65,192227,买盘
11:24:09,29.58,0.0,63,186348,买盘
11:24:12,29.58,0.0,3,8874,买盘
11:24:15,29.58,0.0,13,38454,卖盘
11:24:18,29.59,0.01,44,130196,买盘
11:24:21,29.58,-0.01,136,402368,卖盘
11:24:23,29.58,0.0,50,147951,卖盘
11:24:27,29.6,0.02,49,144991,买盘
11:24:30,29.6,0.0,75,221928,买盘
11:24:33,29.59,-0.01,41,121327,卖盘
11:24:35,29.59,0.0,88,260404,卖盘
11:24:38,29.6,0.01,34,100636,买盘
11:24:42,29.59,-0.01,39,115418,卖盘
11:24:45,29.6,0.01,17,50311,买盘
11:24:48,29.6,0.0,39,115423,买盘
11:24:50,29.6,0.0,17,50313,买盘
11:24:53,29.6,0.0,17,50315,买盘
11:24:57,29.6,0.0,21,60913,买盘
11:25:00,29.6,0.0,117,346302,买盘
11:25:03,29.59,-0.01,96,284107,卖盘
11:25:06,29.61,0.02,119,353747,买盘
11:25:09,29.61,0.0,55,162821,买盘
11:25:11,29.61,0.0,20,59205,买盘
11:25:14,29.6,-0.01,119,352250,卖盘
11:25:17,29.61,0.01,52,153969,买盘
11:25:21,29.61,0.0,65,192430,卖盘
11:25:24,29.61,0.0,36,106585,买盘
11:25:27,29.61,0.0,66,193524,买盘
11:25:30,29.61,0.0,43,127313,买盘
11:25:32,29.61,0.0,103,304977,卖盘
11:25:36,29.61,0.0,43,127340,卖盘
11:25:39,29.62,0.01,64,189547,买盘
11:25:42,29.62,0.0,46,136240,买盘
11:25:45,29.62,0.0,21,62207,卖盘
11:25:48,29.62,0.0,59,174796,卖盘
11:25:51,29.63,0.01,20,59260,买盘
11:25:53,29.63,0.0,40,118516,买盘
11:25:57,29.63,0.0,37,109618,买盘
11:26:00,29.63,0.0,15,44451,买盘
11:26:03,29.63,0.0,18,53338,卖盘
11:26:05,29.63,0.0,27,80003,卖盘
11:26:09,29.63,0.0,118,349658,卖盘
11:26:12,29.63,0.0,80,237064,卖盘
11:26:14,29.64,0.01,499,1478866,买盘
11:26:18,29.61,-0.03,148,438526,卖盘
11:26:21,29.61,0.0,124,367102,买盘
11:26:24,29.62,0.01,107,316767,买盘
11:26:26,29.59,-0.03,116,344553,卖盘
11:26:29,29.61,0.02,17,50313,买盘
11:26:32,29.58,-0.03,84,248621,卖盘
11:26:36,29.61,0.03,234,692688,买盘
11:26:39,29.58,-0.03,306,906082,卖盘
11:26:42,29.58,0.0,170,503128,卖盘
11:26:45,29.57,-0.01,60,177487,卖盘
11:26:48,29.57,0.0,192,567705,买盘
11:26:51,29.57,0.0,89,263285,买盘
11:26:54,29.57,0.0,63,186305,买盘
11:26:57,29.6,0.03,70,207053,买盘
11:27:00,29.6,0.0,108,320231,买盘
11:27:03,29.58,-0.02,14,41434,中性盘
11:27:06,29.58,0.0,57,168609,卖盘
11:27:09,29.61,0.03,100,295935,买盘
11:27:11,29.58,-0.03,22,65107,中性盘
11:27:15,29.61,0.03,43,127248,买盘
11:27:18,29.61,0.0,53,156862,买盘
11:27:21,29.61,0.0,26,76966,买盘
11:27:24,29.6,-0.01,34,100643,卖盘
11:27:26,29.61,0.01,64,189472,买盘
11:27:30,29.6,-0.01,13,38486,卖盘
11:27:33,29.61,0.01,48,142084,买盘
11:27:36,29.61,0.0,80,236859,买盘
11:27:39,29.61,0.0,56,165790,买盘
11:27:42,29.61,0.0,44,130256,买盘
11:27:44,29.6,-0.01,44,130282,卖盘
11:27:48,29.62,0.02,96,284296,买盘
11:27:51,29.63,0.01,8,23701,买盘
11:27:54,29.63,0.0,2,5925,买盘
11:27:56,29.63,0.0,34,100716,买盘
11:28:00,29.64,0.01,13,38521,买盘
11:28:03,29.63,-0.01,5,14816,卖盘
11:28:06,29.62,-0.01,81,240019,卖盘
11:28:08,29.64,0.02,39,115564,买盘
11:28:12,29.64,0.0,42,124461,买盘
11:28:14,29.64,0.0,44,130388,中性盘
11:28:18,29.63,-0.01,245,726075,卖盘
11:28:21,29.66,0.03,525,1556518,买盘
11:28:23,29.65,-0.01,155,459494,买盘
11:28:27,29.65,0.0,109,323112,买盘
11:28:30,29.65,0.0,59,174958,买盘
11:28:32,29.65,0.0,55,163082,买盘
11:28:36,29.64,-0.01,87,257952,卖盘
11:28:39,29.64,0.0,115,340888,卖盘
11:28:42,29.62,-0.02,111,328904,卖盘
11:28:45,29.62,0.0,55,162910,买盘
11:28:48,29.6,-0.02,177,524075,卖盘
11:28:51,29.61,0.01,67,198432,中性盘
11:28:54,29.61,0.0,51,151022,卖盘
11:28:57,29.61,0.0,42,124336,买盘
11:28:59,29.62,0.01,17,50342,买盘
11:29:03,29.61,-0.01,17,50340,卖盘
11:29:05,29.62,0.01,25,74057,买盘
11:29:09,29.62,0.0,33,97732,卖盘
11:29:12,29.63,0.01,1,2963,买盘
11:29:15,29.64,0.01,46,136303,买盘
11:29:18,29.63,-0.01,55,162939,卖盘
11:29:21,29.64,0.01,8,23712,买盘
11:29:24,29.64,0.0,6,17784,买盘
11:29:27,29.64,0.0,62,183726,买盘
11:29:30,29.64,0.0,36,106703,买盘
11:29:33,29.64,0.0,25,74100,卖盘
11:29:36,29.62,-0.02,34,100747,卖盘
11:29:39,29.63,0.01,48,142290,中性盘
11:29:42,29.64,0.01,29,85984,中性盘
11:29:44,29.65,0.01,18,53358,买盘
11:29:47,29.65,0.0,14,41508,买盘
11:29:51,29.65,0.0,289,855805,买盘
11:29:54,29.6,-0.05,68,201427,卖盘
11:29:57,29.65,0.05,10,29641,买盘
11:30:00,29.66,0.01,129,382573,买盘
13:00:01,29.61,-0.05,101,299113,卖盘
13:00:04,29.66,0.05,1148,3404289,买盘
13:00:07,29.67,0.01,357,1058550,买盘
13:00:10,29.66,-0.01,152,450847,中性盘
13:00:13,29.67,0.01,403,1196206,买盘
13:00:16,29.66,-0.01,87,258042,卖盘
13:00:19,29.66,0.0,509,1510416,卖盘
13:00:22,29.66,0.0,56,166087,买盘
13:00:25,29.66,0.0,217,643612,卖盘
13:00:28,29.66,0.0,250,741586,买盘
13:00:31,29.65,-0.01,1180,3498922,卖盘
13:00:34,29.66,0.01,445,1319881,中性盘
13:00:37,29.66,0.0,343,1017608,买盘
13:00:40,29.65,-0.01,164,486266,卖盘
13:00:43,29.64,-0.01,568,1685807,卖盘
13:00:46,29.66,0.02,115,341112,买盘
13:00:49,29.66,0.0,282,836395,买盘
13:00:50,29.64,-0.02,149,441769,卖盘
13:00:55,29.62,-0.02,42,124419,卖盘
13:00:58,29.61,-0.01,271,802451,卖盘
13:01:01,29.6,-0.01,718,2125386,卖盘
13:01:04,29.6,0.0,204,603835,买盘
13:01:07,29.59,-0.01,57,166240,卖盘
13:01:10,29.58,-0.01,582,1724160,卖盘
13:01:12,29.57,-0.01,184,544232,卖盘
13:01:16,29.55,-0.02,127,375415,卖盘
13:01:19,29.57,0.02,251,741735,买盘
13:01:22,29.56,-0.01,340,1004706,中性盘
13:01:25,29.56,0.0,94,277795,买盘
13:01:28,29.54,-0.02,225,664670,卖盘
13:01:31,29.54,0.0,61,180210,卖盘
13:01:34,29.56,0.02,580,1713062,买盘
13:01:37,29.55,-0.01,42,124147,卖盘
13:01:40,29.54,-0.01,63,186169,卖盘
13:01:42,29.56,0.02,24,70942,买盘
13:01:46,29.55,-0.01,27,79808,卖盘
13:01:49,29.55,0.0,21,62055,卖盘
13:01:50,29.56,0.01,16,47296,买盘
13:01:53,29.56,0.0,252,744946,买盘
13:01:58,29.56,0.0,12,35472,卖盘
13:02:01,29.56,0.0,15,44340,卖盘
13:02:04,29.56,0.0,111,328137,卖盘
13:02:07,29.56,0.0,56,165508,卖盘
13:02:10,29.57,0.01,21,62084,买盘
13:02:13,29.56,-0.01,55,162601,卖盘
13:02:16,29.56,0.0,73,215787,卖盘
13:02:19,29.56,0.0,35,103432,买盘
13:02:22,29.56,0.0,412,1218442,卖盘
13:02:25,29.59,0.03,48,141900,买盘
13:02:28,29.59,0.0,4,11834,买盘
13:02:31,29.59,0.0,21,62134,买盘
13:02:34,29.59,0.0,10,29590,买盘
13:02:37,29.6,0.01,53,156825,买盘
13:02:40,29.58,-0.02,92,272222,卖盘
13:02:43,29.6,0.02,71,210101,买盘
13:02:45,29.58,-0.02,37,109461,卖盘
13:02:49,29.58,0.0,62,183416,卖盘
13:02:52,29.6,0.02,81,239609,买盘
13:02:55,29.58,-0.02,590,1745236,卖盘
13:02:58,29.58,0.0,1197,3540750,卖盘
13:03:01,29.58,0.0,251,742467,卖盘
13:03:03,29.54,-0.04,858,2537441,卖盘
13:03:07,29.57,0.03,130,384507,中性盘
13:03:10,29.56,-0.01,18,53192,中性盘
13:03:13,29.55,-0.01,84,248176,中性盘
13:03:16,29.54,-0.01,100,295382,卖盘
13:03:17,29.55,0.01,17,50224,买盘
13:03:22,29.54,-0.01,31,91590,卖盘
13:03:23,29.54,0.0,579,1709528,卖盘
13:03:27,29.54,0.0,31,91584,卖盘
13:03:29,29.59,0.05,299,883472,买盘
13:03:34,29.55,-0.04,36,106380,卖盘
13:03:37,29.55,0.0,456,1346546,卖盘
13:03:42,29.56,0.01,30,88707,卖盘
13:03:49,29.56,0.0,6,17736,卖盘
13:03:52,29.58,0.02,34,100546,买盘
13:03:55,29.56,-0.02,30,88698,卖盘
13:03:58,29.56,0.0,11,32530,卖盘
13:04:01,29.58,0.02,2,5916,买盘
13:04:04,29.58,0.0,9,26622,买盘
13:04:07,29.56,-0.02,514,1519530,卖盘
13:04:10,29.58,0.02,26,76900,买盘
13:04:13,29.56,-0.02,49,144872,卖盘
13:04:14,29.58,0.02,671,1983635,买盘
13:04:19,29.58,0.0,485,1433958,卖盘
13:04:22,29.58,0.0,26,76914,卖盘
13:04:23,29.59,0.01,14,41422,买盘
13:04:28,29.59,0.0,15,44383,买盘
13:04:31,29.58,-0.01,11,32544,卖盘
13:04:34,29.59,0.01,19,56210,买盘
13:04:35,29.59,0.0,36,106498,买盘
13:04:40,29.58,-0.01,30,86184,卖盘
13:04:42,29.58,0.0,32,94683,卖盘
13:04:45,29.58,0.0,5,14790,卖盘
13:04:49,29.59,0.01,40,118330,买盘
13:04:52,29.59,0.0,28,82850,买盘
13:04:55,29.59,0.0,36,106496,买盘
13:04:58,29.59,0.0,25,73965,买盘
13:05:01,29.59,0.0,53,156799,买盘
13:05:04,29.58,-0.01,50,147932,卖盘
13:05:07,29.58,0.0,35,103551,卖盘
13:05:10,29.59,0.01,59,174566,买盘
13:05:13,29.59,0.0,8,23672,买盘
13:05:16,29.57,-0.02,264,783474,卖盘
13:05:17,29.58,0.01,60,177480,买盘
13:05:22,29.58,0.0,17,50279,买盘
13:05:25,29.57,-0.01,32,94654,卖盘
13:05:28,29.58,0.01,5,14787,买盘
13:05:30,29.58,0.0,4,11832,买盘
13:05:34,29.58,0.0,33,96293,买盘
13:05:37,29.57,-0.01,22,65060,卖盘
13:05:38,29.57,0.0,42,124234,卖盘
13:05:42,29.57,0.0,95,280929,卖盘
13:05:44,29.58,0.01,7,21119,买盘
13:05:48,29.58,0.0,50,147869,买盘
13:05:52,29.57,-0.01,52,153794,卖盘
13:05:55,29.58,0.01,134,396208,买盘
13:05:58,29.57,-0.01,37,109410,卖盘
13:05:59,29.58,0.01,38,112397,买盘
13:06:03,29.57,-0.01,17,50279,卖盘
13:06:07,29.57,0.0,56,165598,卖盘
13:06:10,29.58,0.01,35,103516,买盘
13:06:13,29.58,0.0,14,41412,买盘
13:06:16,29.58,0.0,581,1717527,买盘
13:06:17,29.57,-0.01,92,272048,卖盘
13:06:20,29.58,0.01,20,59152,买盘
13:06:25,29.57,-0.01,225,665884,卖盘
13:06:28,29.59,0.02,9,26621,买盘
13:06:31,29.58,-0.01,44,130152,卖盘
13:06:34,29.59,0.01,21,62133,买盘
13:06:36,29.59,0.0,40,118335,买盘
13:06:40,29.58,-0.01,72,212961,卖盘
13:06:43,29.58,0.0,24,70989,卖盘
13:06:46,29.58,0.0,235,695130,中性盘
13:06:49,29.59,0.01,6,17754,买盘
13:06:50,29.59,0.0,17,50290,买盘
13:06:55,29.59,0.0,254,751313,买盘
13:06:58,29.59,0.0,75,221924,买盘
13:07:01,29.57,-0.02,492,1454581,卖盘
13:07:04,29.58,0.01,47,139013,买盘
13:07:07,29.58,0.0,12,35492,买盘
13:07:10,29.58,0.0,13,38452,买盘
13:07:13,29.58,0.0,512,1514834,买盘
13:07:17,29.59,0.01,14,41420,买盘
13:07:21,29.59,0.0,46,136084,买盘
13:07:25,29.58,-0.01,22,65084,卖盘
13:07:28,29.58,0.0,18,53250,卖盘
13:07:31,29.59,0.01,80,236727,买盘
13:07:32,29.58,-0.01,30,88766,卖盘
13:07:35,29.59,0.01,99,292941,买盘
13:07:40,29.59,0.0,210,621566,卖盘
13:07:43,29.59,0.0,222,656963,卖盘
13:07:46,29.59,0.0,93,275196,卖盘
13:07:49,29.59,0.0,920,2721680,卖盘
13:07:52,29.6,0.01,72,213070,买盘
13:07:55,29.6,0.0,33,97503,买盘
13:07:58,29.59,-0.01,25,73980,卖盘
13:08:01,29.59,0.0,4,11836,卖盘
13:08:04,29.6,0.01,6,17760,买盘
13:08:07,29.59,-0.01,79,233813,卖盘
13:08:10,29.6,0.01,8,23680,买盘
13:08:13,29.6,0.0,27,79902,买盘
13:08:15,29.6,0.0,22,65112,买盘
13:08:19,29.59,-0.01,6,17759,卖盘
13:08:22,29.6,0.01,25,73995,买盘
13:08:25,29.6,0.0,70,207198,买盘
13:08:28,29.6,0.0,62,183712,买盘
13:08:31,29.6,0.0,21,62169,卖盘
13:08:34,29.6,0.0,35,103648,卖盘
13:08:37,29.63,0.03,14,41458,买盘
13:08:40,29.63,0.0,15,44442,买盘
13:08:43,29.63,0.0,9,26667,买盘
13:08:45,29.62,-0.01,15,44430,卖盘
13:08:47,29.62,0.0,1,2962,卖盘
13:08:50,29.63,0.01,19,56297,买盘
13:08:55,29.62,-0.01,10,29626,卖盘
13:08:57,29.62,0.0,196,580655,卖盘
13:09:01,29.62,0.0,79,233998,买盘
13:09:03,29.62,0.0,42,124386,买盘
13:09:05,29.62,0.0,19,56272,买盘
13:09:10,29.6,-0.02,8,23686,卖盘
13:09:13,29.62,0.02,19,56278,买盘
13:09:15,29.63,0.01,308,911941,买盘
13:09:19,29.62,-0.01,56,165872,卖盘
13:09:21,29.62,0.0,22,65173,卖盘
13:09:25,29.62,0.0,2,5924,卖盘
13:09:27,29.62,0.0,28,82942,卖盘
13:09:31,29.6,-0.02,61,180588,卖盘
13:09:32,29.62,0.02,30,88869,中性盘
13:09:37,29.63,0.01,47,139192,买盘
13:09:40,29.63,0.0,29,85921,买盘
13:09:43,29.64,0.01,14,41494,买盘
13:09:46,29.63,-0.01,33,97787,卖盘
13:09:49,29.63,0.0,15,44450,卖盘
13:09:52,29.64,0.01,13,38527,买盘
13:09:55,29.64,0.0,28,82979,买盘
13:10:01,29.63,-0.01,27,80024,卖盘
13:10:04,29.64,0.01,31,91887,买盘
13:10:07,29.65,0.01,14,41498,买盘
13:10:08,29.64,-0.01,12,35568,卖盘
13:10:12,29.64,0.0,32,94870,卖盘
13:10:16,29.64,0.0,79,234159,卖盘
13:10:17,29.64,0.0,12,35568,买盘
13:10:22,29.63,-0.01,101,299270,卖盘
13:10:23,29.63,0.0,82,242994,买盘
13:10:27,29.62,-0.01,27,79982,卖盘
13:10:31,29.61,-0.01,71,210246,卖盘
13:10:33,29.6,-0.01,93,275330,卖盘
13:10:35,29.6,0.0,133,393690,卖盘
13:10:40,29.6,0.0,268,793240,买盘
13:10:42,29.61,0.01,71,207966,买盘
13:10:46,29.6,-0.01,43,127286,卖盘
13:10:49,29.59,-0.01,219,650224,卖盘
13:10:52,29.58,-0.01,793,2345772,卖盘
13:10:54,29.58,0.0,444,1313362,卖盘
13:10:58,29.59,0.01,1048,3097793,买盘
13:11:00,29.57,-0.02,47,140679,卖盘
13:11:04,29.57,0.0,28,82785,买盘
13:11:05,29.55,-0.02,115,339843,卖盘
13:11:09,29.55,0.0,24,70921,卖盘
13:11:12,29.55,0.0,58,171401,卖盘
13:11:14,29.56,0.01,141,416672,买盘
13:11:18,29.55,-0.01,53,156621,卖盘
13:11:22,29.55,0.0,92,269821,卖盘
13:11:25,29.53,-0.02,262,773896,卖盘
13:11:27,29.54,0.01,25,73874,卖盘
13:11:30,29.54,0.0,14,43513,卖盘
13:11:33,29.55,0.01,79,233397,买盘
13:11:36,29.55,0.0,20,59095,买盘
13:11:39,29.54,-0.01,43,127055,卖盘
13:11:41,29.55,0.01,20,59453,买盘
13:11:45,29.55,0.0,16,47279,买盘
13:11:48,29.55,0.0,260,767907,买盘
13:11:50,29.55,0.0,58,171360,买盘
13:11:52,29.55,0.0,61,180251,买盘
13:11:56,29.55,0.0,18,53184,买盘
13:12:02,29.53,-0.02,108,316520,卖盘
13:12:03,29.56,0.03,261,772710,买盘
13:12:06,29.55,-0.01,170,502357,卖盘
13:12:07,29.55,0.0,226,667830,卖盘
13:12:13,29.55,0.0,14,41379,卖盘
13:12:16,29.55,0.0,19,56148,卖盘
13:12:18,29.55,0.0,20,59110,卖盘
13:12:21,29.55,0.0,132,390069,卖盘
13:12:25,29.54,-0.01,6,17727,卖盘
13:12:27,29.55,0.01,17,50232,卖盘
13:12:31,29.55,0.0,453,1338645,买盘
13:12:33,29.55,0.0,1084,3206444,卖盘
13:12:36,29.58,0.03,47,138920,中性盘
13:12:40,29.58,0.0,44,130111,买盘
13:12:42,29.59,0.01,36,106477,买盘
13:12:46,29.58,-0.01,80,236645,卖盘
13:12:48,29.6,0.02,29,85811,买盘
13:12:51,29.6,0.0,45,133166,买盘
13:12:52,29.59,-0.01,7,20719,卖盘
13:12:57,29.58,-0.01,99,292873,卖盘
13:13:00,29.6,0.02,50,147913,买盘
13:13:03,29.6,0.0,48,142055,买盘
13:13:07,29.59,-0.01,15,44393,中性盘
13:13:10,29.59,0.0,60,177506,买盘
13:13:12,29.61,0.02,68,199629,买盘
13:13:18,29.62,0.01,57,168759,买盘
13:13:22,29.61,-0.01,163,482490,中性盘
13:13:24,29.62,0.01,34,100682,买盘
13:13:27,29.61,-0.01,22,65160,卖盘
13:13:31,29.61,0.0,13,38498,卖盘
13:13:33,29.61,0.0,35,103648,卖盘
13:13:37,29.62,0.01,250,740583,买盘
13:13:39,29.64,0.02,18,53328,买盘
13:13:42,29.64,0.0,230,681275,买盘
13:13:45,29.62,-0.02,22,65170,卖盘
13:13:48,29.62,0.0,22,65168,卖盘
13:13:51,29.63,0.01,7,20743,买盘
13:13:54,29.64,0.01,79,234011,买盘
13:13:58,29.62,-0.02,108,319902,卖盘
13:14:00,29.61,-0.01,16,47376,卖盘
13:14:04,29.61,0.0,73,216214,卖盘
13:14:06,29.62,0.01,15,45519,买盘
13:14:09,29.62,0.0,8,23696,买盘
13:14:11,29.62,0.0,45,133273,买盘
13:14:16,29.61,-0.01,44,130284,卖盘
13:14:18,29.62,0.01,165,488670,买盘
13:14:22,29.62,0.0,24,71095,卖盘
13:14:24,29.63,0.01,123,364332,买盘
13:14:27,29.62,-0.01,198,585380,卖盘
13:14:30,29.6,-0.02,86,254641,卖盘
13:14:34,29.61,0.01,74,219111,买盘
13:14:36,29.61,0.0,21,62181,买盘
13:14:40,29.61,0.0,7,20727,买盘
13:14:41,29.63,0.02,45,133289,买盘
13:14:45,29.63,0.0,28,82917,买盘
13:14:48,29.62,-0.01,6,17776,中性盘
13:14:51,29.63,0.01,28,82953,买盘
13:14:53,29.62,-0.01,147,435427,卖盘
13:14:58,29.62,0.0,54,159954,卖盘
13:15:01,29.63,0.01,48,142196,买盘
13:15:03,29.63,0.0,40,118498,买盘
13:15:06,29.62,-0.01,19,56278,卖盘
13:15:10,29.63,0.01,23,68149,买盘
13:15:11,29.63,0.0,1225,3634256,买盘
13:15:16,29.63,0.0,263,779141,卖盘
13:15:18,29.67,0.04,10,29666,中性盘
13:15:22,29.67,0.0,88,260861,买盘
13:15:24,29.63,-0.04,59,174848,卖盘
13:15:28,29.65,0.02,83,246213,中性盘
13:15:31,29.66,0.01,48,142330,买盘
13:15:33,29.65,-0.01,37,109715,卖盘
13:15:37,29.66,0.01,70,207574,买盘
13:15:39,29.65,-0.01,221,655265,卖盘
13:15:43,29.65,0.0,98,290583,卖盘
13:15:45,29.65,0.0,47,139357,卖盘
13:15:48,29.64,-0.01,63,186806,卖盘
13:15:51,29.65,0.01,151,448924,买盘
13:15:54,29.64,-0.01,23,68188,卖盘
13:15:57,29.65,0.01,206,610787,买盘
13:16:00,29.64,-0.01,17,50402,卖盘
13:16:03,29.64,0.0,26,77076,卖盘
13:16:06,29.64,0.0,52,154131,卖盘
13:16:10,29.64,0.0,76,225276,卖盘
13:16:13,29.64,0.0,220,652085,卖盘
13:16:16,29.64,0.0,78,231197,买盘
13:16:18,29.64,0.0,25,74111,买盘
13:16:21,29.65,0.01,21,62251,买盘
13:16:24,29.64,-0.01,114,337861,卖盘
13:16:27,29.65,0.01,14,41499,买盘
13:16:28,29.64,-0.01,73,216377,卖盘
13:16:33,29.63,-0.01,17,50387,卖盘
13:16:37,29.64,0.01,40,118534,买盘
13:16:39,29.63,-0.01,187,552870,卖盘
13:16:42,29.63,0.0,105,311115,买盘
13:16:43,29.63,0.0,13,38519,买盘
13:16:49,29.62,-0.01,93,275466,卖盘
13:16:51,29.62,0.0,30,88884,卖盘
13:16:54,29.62,0.0,52,154070,卖盘
13:16:58,29.63,0.01,11,32592,买盘
13:17:01,29.63,0.0,44,130365,买盘
13:17:03,29.63,0.0,83,245928,买盘
13:17:09,29.63,0.0,142,421911,买盘
13:17:12,29.63,0.0,49,143972,卖盘
13:17:15,29.62,-0.01,138,408828,卖盘
13:17:18,29.62,0.0,21,62220,卖盘
13:17:21,29.63,0.01,9,26663,买盘
13:17:22,29.61,-0.02,176,521257,卖盘
13:17:27,29.61,0.0,192,569075,买盘
13:17:28,29.6,-0.01,39,115483,卖盘
13:17:33,29.61,0.01,11,32571,买盘
13:17:37,29.61,0.0,3,8884,卖盘
13:17:39,29.62,0.01,72,213249,买盘
13:17:43,29.62,0.0,25,74042,买盘
13:17:45,29.61,-0.01,4,11844,卖盘
13:17:48,29.61,0.0,5,14807,卖盘
13:17:51,29.62,0.01,121,358356,买盘
13:17:54,29.61,-0.01,68,201396,卖盘
13:18:00,29.61,0.0,167,494493,卖盘
13:18:03,29.62,0.01,57,168803,买盘
13:18:06,29.62,0.0,40,118446,买盘
13:18:09,29.61,-0.01,381,1128145,卖盘
13:18:13,29.61,0.0,10,29616,卖盘
13:18:15,29.62,0.01,397,1175355,买盘
13:18:18,29.61,-0.01,34,100667,中性盘
13:18:22,29.61,0.0,18,53285,买盘
13:18:24,29.6,-0.01,69,204242,卖盘
13:18:28,29.61,0.01,85,251655,买盘
13:18:30,29.56,-0.05,897,2654468,卖盘
13:18:32,29.56,0.0,97,286998,卖盘
13:18:37,29.59,0.03,31,91126,中性盘
13:18:39,29.58,-0.01,20,59152,中性盘
13:18:42,29.58,0.0,152,449377,买盘
13:18:45,29.57,-0.01,156,461109,卖盘
13:18:49,29.56,-0.01,208,614706,卖盘
13:18:50,29.56,0.0,78,230522,买盘
13:18:53,29.56,0.0,4,11824,买盘
13:18:57,29.56,0.0,408,1205666,买盘
13:19:00,29.55,-0.01,179,529017,卖盘
13:19:04,29.56,0.01,73,215788,买盘
13:19:06,29.56,0.0,7,20692,买盘
13:19:09,29.55,-0.01,1521,4494925,卖盘
13:19:12,29.56,0.01,140,413744,中性盘
13:19:15,29.55,-0.01,50,147756,卖盘
13:19:18,29.56,0.01,291,860257,买盘
13:19:21,29.57,0.01,39,115290,买盘
13:19:24,29.56,-0.01,20,59130,卖盘
13:19:27,29.57,0.01,59,174463,买盘
13:19:30,29.57,0.0,17,50269,卖盘
13:19:32,29.57,0.0,6,17746,卖盘
13:19:36,29.57,0.0,46,136022,卖盘
13:19:39,29.57,0.0,54,159684,卖盘
13:19:41,29.58,0.01,91,269099,买盘
13:19:45,29.54,-0.04,429,1267985,卖盘
13:19:48,29.57,0.03,192,567485,买盘
13:19:51,29.56,-0.01,54,159684,中性盘
13:19:54,29.57,0.01,32,94638,卖盘
13:19:57,29.58,0.01,63,186302,买盘
13:20:00,29.58,0.0,27,79856,买盘
13:20:03,29.57,-0.01,357,1055687,卖盘
13:20:06,29.56,-0.01,243,718385,卖盘
13:20:09,29.54,-0.02,40,118194,卖盘
13:20:12,29.52,-0.02,228,673356,卖盘
13:20:15,29.52,0.0,318,938952,卖盘
13:20:17,29.51,-0.01,448,1322111,卖盘
13:20:20,29.52,0.01,541,1596560,买盘
13:20:24,29.51,-0.01,431,1271905,卖盘
13:20:27,29.52,0.01,205,604971,买盘
13:20:31,29.5,-0.02,103,306036,卖盘
13:20:33,29.5,0.0,113,331187,卖盘
13:20:36,29.5,0.0,72,212412,卖盘
13:20:39,29.51,0.01,254,749389,买盘
13:20:42,29.5,-0.01,149,439586,卖盘
13:20:45,29.5,0.0,337,994204,卖盘
13:20:48,29.51,0.01,160,472060,买盘
13:20:51,29.51,0.0,91,268466,买盘
13:20:52,29.5,-0.01,137,404155,卖盘
13:20:57,29.51,0.01,50,147539,买盘
13:21:00,29.51,0.0,194,572307,买盘
13:21:03,29.5,-0.01,1068,3150697,卖盘
13:21:06,29.51,0.01,37,109182,买盘
13:21:09,29.5,-0.01,135,398263,卖盘
13:21:12,29.5,0.0,118,348112,卖盘
13:21:15,29.51,0.01,191,563454,买盘
13:21:18,29.5,-0.01,599,1767050,卖盘
13:21:21,29.51,0.01,445,1314421,买盘
13:21:22,29.5,-0.01,435,1283466,卖盘
13:21:27,29.51,0.01,250,737615,买盘
13:21:30,29.5,-0.01,672,1982434,卖盘
13:21:32,29.51,0.01,167,492662,买盘
13:21:36,29.51,0.0,105,309764,买盘
13:21:39,29.5,-0.01,817,2410152,卖盘
13:21:43,29.5,0.0,739,2180081,卖盘
13:21:43,29.49,-0.01,725,2139227,卖盘
13:21:48,29.49,0.0,1527,4502745,卖盘
13:21:51,29.51,0.02,263,775747,买盘
13:21:54,29.51,0.0,186,548593,买盘
13:21:56,29.5,-0.01,164,483804,卖盘
13:22:00,29.49,-0.01,559,1648998,卖盘
13:22:02,29.5,0.01,37,109150,买盘
13:22:06,29.5,0.0,61,179895,买盘
13:22:09,29.5,0.0,141,415814,买盘
13:22:11,29.5,0.0,95,280169,买盘
13:22:13,29.49,-0.01,243,716704,卖盘
13:22:17,29.49,0.0,252,743242,卖盘
13:22:21,29.5,0.01,62,182853,买盘
13:22:25,29.49,-0.01,186,548523,卖盘
13:22:28,29.48,-0.01,32,94345,卖盘
13:22:30,29.49,0.01,727,2143233,买盘
13:22:33,29.49,0.0,178,524795,买盘
13:22:35,29.48,-0.01,149,439273,卖盘
13:22:39,29.49,0.01,258,760692,买盘
13:22:42,29.49,0.0,17,50133,买盘
13:22:45,29.48,-0.01,205,604378,卖盘
13:22:48,29.48,0.0,143,421571,卖盘
13:22:50,29.49,0.01,530,1562344,买盘
13:22:54,29.48,-0.01,186,548212,卖盘
13:22:57,29.48,0.0,13,38324,买盘
13:23:01,29.47,-0.01,134,394905,卖盘
13:23:03,29.47,0.0,224,660278,卖盘
13:23:06,29.48,0.01,82,241689,买盘
13:23:09,29.48,0.0,79,232826,买盘
13:23:12,29.48,0.0,71,209308,买盘
13:23:15,29.48,0.0,38,112001,买盘
13:23:18,29.48,0.0,24,70741,买盘
13:23:21,29.48,0.0,31,91388,买盘
13:23:24,29.48,0.0,96,282956,买盘
13:23:26,29.47,-0.01,147,433272,卖盘
13:23:30,29.47,0.0,12,35364,买盘
13:23:33,29.47,0.0,109,321204,买盘
13:23:36,29.46,-0.01,163,480213,卖盘
13:23:39,29.47,0.01,25,73663,买盘
13:23:42,29.46,-0.01,45,132586,卖盘
13:23:45,29.46,0.0,287,845528,卖盘
13:23:48,29.47,0.01,101,297568,买盘
13:23:51,29.46,-0.01,461,1358185,卖盘
13:23:54,29.46,0.0,103,303485,卖盘
13:23:57,29.46,0.0,67,197397,卖盘
13:24:00,29.47,0.01,55,162034,买盘
13:24:03,29.46,-0.01,113,332926,卖盘
13:24:06,29.46,0.0,48,139934,卖盘
13:24:09,29.46,0.0,17,50082,买盘
13:24:12,29.46,0.0,57,167922,买盘
13:24:15,29.46,0.0,163,480162,买盘
13:24:18,29.46,0.0,298,877736,买盘
13:24:21,29.46,0.0,130,382929,买盘
13:24:24,29.46,0.0,193,568566,买盘
13:24:27,29.46,0.0,63,185576,买盘
13:24:30,29.45,-0.01,136,400541,卖盘
13:24:33,29.46,0.01,35,103109,买盘
13:24:36,29.46,0.0,125,368159,买盘
13:24:39,29.46,0.0,321,945670,买盘
13:24:42,29.46,0.0,773,2276604,买盘
13:24:43,29.45,-0.01,550,1620015,卖盘
13:24:48,29.46,0.01,28,82485,中性盘
13:24:51,29.47,0.01,163,480208,买盘
13:24:54,29.46,-0.01,95,279870,卖盘
13:24:57,29.46,0.0,40,117825,买盘
13:25:00,29.46,0.0,7,20622,买盘
13:25:03,29.45,-0.01,108,318147,卖盘
13:25:06,29.46,0.01,224,659817,买盘
13:25:09,29.46,0.0,129,379940,买盘
13:25:11,29.45,-0.01,39,114870,卖盘
13:25:13,29.46,0.01,18,53017,买盘
13:25:19,29.46,0.0,42,123724,买盘
13:25:21,29.46,0.0,231,680331,买盘
13:25:24,29.46,0.0,109,321098,买盘
13:25:27,29.46,0.0,128,377074,买盘
13:25:31,29.45,-0.01,31,91323,卖盘
13:25:34,29.46,0.01,75,220915,买盘
13:25:34,29.45,-0.01,90,265064,卖盘
13:25:39,29.46,0.01,88,259245,买盘
13:25:42,29.45,-0.01,67,197375,卖盘
13:25:45,29.45,0.0,25,73642,卖盘
13:25:48,29.46,0.01,6,17676,买盘
13:25:51,29.45,-0.01,104,306344,卖盘
13:25:54,29.45,0.0,18,55384,卖盘
13:25:57,29.46,0.01,63,185597,买盘
13:26:00,29.46,0.0,58,170856,买盘
13:26:03,29.46,0.0,46,135514,买盘
13:26:06,29.46,0.0,128,377067,买盘
13:26:09,29.46,0.0,59,173783,买盘
13:26:12,29.46,0.0,193,568408,买盘
13:26:13,29.45,-0.01,108,318159,卖盘
13:26:17,29.46,0.01,48,141407,买盘
13:26:21,29.46,0.0,70,206216,买盘
13:26:22,29.46,0.0,126,371196,卖盘
13:26:27,29.47,0.01,68,200334,买盘
13:26:30,29.46,-0.01,20,58920,卖盘
13:26:33,29.46,0.0,9,26521,卖盘
13:26:36,29.47,0.01,47,138483,买盘
13:26:38,29.47,0.0,129,380043,买盘
13:26:42,29.47,0.0,61,179758,买盘
13:26:45,29.47,0.0,90,265149,买盘
13:26:48,29.47,0.0,3,8841,买盘
13:26:51,29.47,0.0,37,109039,买盘
13:26:55,29.47,0.0,53,156163,买盘
13:26:57,29.47,0.0,35,102005,买盘
13:27:00,29.47,0.0,31,91333,买盘
13:27:04,29.47,0.0,118,347740,买盘
13:27:06,29.46,-0.01,81,238637,卖盘
13:27:08,29.47,0.01,47,138862,买盘
13:27:12,29.46,-0.01,384,1132046,卖盘
13:27:15,29.45,-0.01,159,468383,卖盘
13:27:17,29.46,0.01,7,20621,买盘
13:27:21,29.46,0.0,22,64811,买盘
13:27:24,29.46,0.0,1,2946,买盘
13:27:27,29.46,0.0,88,259241,买盘
13:27:30,29.45,-0.01,50,147276,卖盘
13:27:33,29.46,0.01,182,535999,买盘
13:27:34,29.46,0.0,36,106045,买盘
13:27:38,29.45,-0.01,35,103094,卖盘
13:27:42,29.45,0.0,17,50079,卖盘
13:27:45,29.45,0.0,59,173802,卖盘
13:27:48,29.45,0.0,61,179656,卖盘
13:27:51,29.46,0.01,78,229788,买盘
13:27:54,29.45,-0.01,7,20621,卖盘
13:27:55,29.45,0.0,58,170847,卖盘
13:28:00,29.45,0.0,419,1233964,卖盘
13:28:03,29.46,0.01,118,346026,买盘
13:28:06,29.45,-0.01,143,421238,卖盘
13:28:09,29.45,0.0,21,61860,卖盘
13:28:12,29.45,0.0,38,111918,卖盘
13:28:15,29.46,0.01,30,88373,买盘
13:28:18,29.46,0.0,53,156098,买盘
13:28:21,29.46,0.0,23,69582,买盘
13:28:22,29.45,-0.01,87,256255,卖盘
13:28:27,29.45,0.0,20,58910,卖盘
13:28:30,29.46,0.01,41,120786,买盘
13:28:33,29.46,0.0,74,218004,买盘
13:28:36,29.46,0.0,47,138436,买盘
13:28:39,29.45,-0.01,182,536108,卖盘
13:28:42,29.46,0.01,12,35351,买盘
13:28:45,29.46,0.0,48,141408,买盘
13:28:48,29.45,-0.01,52,153165,卖盘
13:28:51,29.46,0.01,82,241548,买盘
13:28:54,29.46,0.0,74,217950,买盘
13:28:57,29.46,0.0,29,85420,买盘
13:29:00,29.45,-0.01,116,339884,卖盘
13:29:03,29.46,0.01,73,214297,买盘
13:29:06,29.46,0.0,55,162062,卖盘
13:29:09,29.47,0.01,57,167977,买盘
13:29:12,29.47,0.0,14,41258,买盘
13:29:15,29.46,-0.01,33,97225,卖盘
13:29:18,29.48,0.02,127,374262,买盘
13:29:19,29.47,-0.01,12,35368,中性盘
13:29:22,29.47,0.0,5,14735,卖盘
13:29:26,29.44,-0.03,1073,3160252,卖盘
13:29:30,29.45,0.01,36,106029,中性盘
13:29:33,29.46,0.01,119,350551,买盘
13:29:36,29.47,0.01,90,265191,买盘
13:29:38,29.46,-0.01,253,745352,卖盘
13:29:43,29.47,0.01,106,312307,买盘
13:29:45,29.46,-0.01,10,29458,中性盘
13:29:47,29.46,0.0,14,41239,买盘
13:29:51,29.45,-0.01,234,689346,卖盘
13:29:54,29.46,0.01,117,344747,买盘
13:29:56,29.45,-0.01,85,250364,卖盘
13:30:00,29.45,0.0,176,518375,卖盘
13:30:03,29.45,0.0,113,332785,买盘
13:30:06,29.44,-0.01,833,2453134,卖盘
13:30:09,29.43,-0.01,806,2372134,卖盘
13:30:12,29.42,-0.01,366,1076816,卖盘
13:30:15,29.44,0.02,563,1656918,买盘
13:30:18,29.43,-0.01,30,88304,中性盘
13:30:21,29.44,0.01,48,141309,买盘
13:30:24,29.46,0.02,272,800971,买盘
13:30:27,29.44,-0.02,11,32388,中性盘
13:30:30,29.43,-0.01,29,85349,中性盘
13:30:33,29.48,0.05,111,327022,买盘
13:30:36,29.43,-0.05,21,61828,卖盘
13:30:39,29.45,0.02,118,347472,买盘
13:30:42,29.42,-0.03,515,1515173,卖盘
13:30:44,29.42,0.0,132,388352,卖盘
13:30:48,29.43,0.01,297,873620,买盘
13:30:49,29.42,-0.01,397,1167925,买盘
13:30:54,29.41,-0.01,262,770555,卖盘
13:30:57,29.42,0.01,240,706015,买盘
13:31:00,29.41,-0.01,8,23528,卖盘
13:31:03,29.42,0.01,281,826573,买盘
13:31:06,29.41,-0.01,160,470642,中性盘
13:31:09,29.42,0.01,74,217673,买盘
13:31:12,29.41,-0.01,79,232404,卖盘
13:31:15,29.42,0.01,33,97080,买盘
13:31:18,29.41,-0.01,173,508779,卖盘
13:31:19,29.41,0.0,98,288218,买盘
13:31:24,29.41,0.0,22,64702,买盘
13:31:27,29.42,0.01,145,426412,买盘
13:31:28,29.41,-0.01,326,958612,卖盘
13:31:33,29.44,0.03,3,8832,买盘
13:31:36,29.44,0.0,56,164810,买盘
13:31:39,29.41,-0.03,150,441214,卖盘
13:31:42,29.42,0.01,40,117680,买盘
