time,price,change,volume,amount,type
09:25:03,30.49,-0.02,972,2965640,卖盘
09:30:02,30.5,0.01,1456,4442711,买盘
09:30:04,30.53,0.03,910,2774819,中性盘
09:30:08,30.53,0.0,396,1207489,卖盘
09:30:12,30.5,-0.03,47,143811,卖盘
09:30:14,30.53,0.03,140,427629,买盘
09:30:17,30.5,-0.03,17,52283,卖盘
09:30:20,30.55,0.05,529,1615742,买盘
09:30:23,30.54,-0.01,96,293555,卖盘
09:30:27,30.54,0.0,70,211019,买盘
09:30:30,30.53,-0.01,323,987270,卖盘
09:30:32,30.51,-0.02,302,921069,卖盘
09:30:35,30.51,0.0,416,1271117,买盘
09:30:38,30.52,0.01,347,1057357,买盘
09:30:40,30.54,0.02,149,454890,买盘
09:30:44,30.52,-0.02,46,141341,卖盘
09:30:47,30.53,0.01,45,135879,中性盘
09:30:50,30.54,0.01,29,88542,买盘
09:30:53,30.53,-0.01,86,262510,卖盘
09:30:57,30.53,0.0,59,180104,卖盘
09:30:59,30.53,0.0,55,167912,买盘
09:31:03,30.53,0.0,22,67161,买盘
09:31:05,30.51,-0.02,178,544891,卖盘
09:31:08,30.53,0.02,90,274655,买盘
09:31:12,30.52,-0.01,405,1236388,卖盘
09:31:14,30.51,-0.01,122,372282,卖盘
09:31:17,30.52,0.01,84,256345,买盘
09:31:20,30.5,-0.02,141,430111,卖盘
09:31:23,30.5,0.0,119,362922,买盘
09:31:27,30.5,0.0,23,70139,买盘
09:31:29,30.5,0.0,259,789724,买盘
09:31:33,30.48,-0.02,37,112792,卖盘
09:31:36,30.48,0.0,186,567078,卖盘
09:31:38,30.48,0.0,76,231652,卖盘
09:31:42,30.49,0.01,190,579251,买盘
09:31:43,30.49,0.0,199,606590,买盘
09:31:47,30.48,-0.01,121,368814,卖盘
09:31:50,30.47,-0.01,59,179791,卖盘
09:31:53,30.47,0.0,66,201142,卖盘
09:31:57,30.47,0.0,167,509045,卖盘
09:31:59,30.48,0.01,28,85318,买盘
09:32:03,30.48,0.0,59,179780,买盘
09:32:06,30.47,-0.01,8,24380,中性盘
09:32:08,30.47,0.0,65,198047,买盘
09:32:10,30.47,0.0,12,36557,买盘
09:32:13,30.46,-0.01,384,1169611,卖盘
09:32:17,30.46,0.0,19,57877,买盘
09:32:20,30.46,0.0,31,94426,买盘
09:32:23,30.45,-0.01,101,307545,卖盘
09:32:27,30.45,0.0,46,140075,卖盘
09:32:29,30.45,0.0,70,213156,卖盘
09:32:33,30.45,0.0,54,164436,卖盘
09:32:35,30.44,-0.01,81,246022,卖盘
09:32:38,30.45,0.01,42,127882,买盘
09:32:42,30.45,0.0,105,319705,买盘
09:32:44,30.45,0.0,31,94372,买盘
09:32:47,30.43,-0.02,315,958625,卖盘
09:32:50,30.45,0.02,121,368359,买盘
09:32:53,30.43,-0.02,26,79133,卖盘
09:32:57,30.43,0.0,369,1123529,卖盘
09:32:59,30.43,0.0,11,33535,卖盘
09:33:03,30.42,-0.01,101,307121,卖盘
09:33:05,30.41,-0.01,828,2518750,卖盘
09:33:09,30.42,0.01,33,100011,买盘
09:33:10,30.42,0.0,44,133824,买盘
09:33:13,30.42,0.0,44,133836,买盘
09:33:17,30.41,-0.01,444,1350397,卖盘
09:33:20,30.41,0.0,299,909214,买盘
09:33:22,30.42,0.01,30,90905,买盘
09:33:27,30.41,-0.01,91,276752,卖盘
09:33:29,30.42,0.01,29,88176,买盘
09:33:33,30.4,-0.02,231,702473,卖盘
09:33:35,30.39,-0.01,111,337444,卖盘
09:33:38,30.39,0.0,41,124617,卖盘
09:33:42,30.39,0.0,105,319101,买盘
09:33:44,30.4,0.01,66,200544,买盘
09:33:47,30.39,-0.01,13,39505,中性盘
09:33:50,30.39,0.0,100,303841,买盘
09:33:53,30.39,0.0,850,2582794,卖盘
09:33:57,30.38,-0.01,180,547188,中性盘
09:33:59,30.38,0.0,66,200511,卖盘
09:34:03,30.35,-0.03,150,455359,卖盘
09:34:05,30.39,0.04,151,458758,买盘
09:34:08,30.38,-0.01,261,792028,卖盘
09:34:10,30.39,0.01,52,157996,买盘
09:34:14,30.39,0.0,119,361668,卖盘
09:34:17,30.39,0.0,60,182342,卖盘
09:34:20,30.38,-0.01,106,322099,卖盘
09:34:23,30.4,0.02,80,243138,买盘
09:34:25,30.38,-0.02,73,221759,卖盘
09:34:29,30.4,0.02,10,30396,买盘
09:34:33,30.4,0.0,29,88155,买盘
09:34:35,30.4,0.0,57,173252,买盘
09:34:38,30.4,0.0,42,127675,买盘
09:34:42,30.39,-0.01,344,1045649,卖盘
09:34:44,30.41,0.02,26,79050,买盘
09:34:47,30.4,-0.01,194,589751,卖盘
09:34:50,30.41,0.01,233,708556,买盘
09:34:53,30.42,0.01,44,133809,买盘
09:34:57,30.43,0.01,88,267737,买盘
09:34:59,30.44,0.01,77,234178,买盘
09:35:03,30.44,0.0,19,57812,买盘
09:35:05,30.43,-0.01,25,76099,中性盘
09:35:09,30.44,0.01,127,386588,买盘
09:35:12,30.44,0.0,40,121760,卖盘
09:35:14,30.45,0.01,50,152230,买盘
09:35:18,30.45,0.0,31,94370,买盘
09:35:20,30.45,0.0,95,289241,买盘
09:35:23,30.45,0.0,123,374535,卖盘
09:35:25,30.45,0.0,91,277059,买盘
09:35:28,30.44,-0.01,29,88294,卖盘
09:35:33,30.43,-0.01,253,770150,卖盘
09:35:36,30.43,0.0,154,468620,买盘
09:35:38,30.42,-0.01,100,304249,卖盘
09:35:42,30.41,-0.01,248,754737,卖盘
09:35:44,30.41,0.0,30,91233,卖盘
09:35:48,30.41,0.0,89,270614,买盘
09:35:50,30.42,0.01,42,127723,买盘
09:35:53,30.41,-0.01,114,346679,卖盘
09:35:55,30.41,0.0,43,130742,买盘
09:35:59,30.41,0.0,52,158086,买盘
09:36:03,30.42,0.01,548,1666815,买盘
09:36:05,30.41,-0.01,59,179393,卖盘
09:36:07,30.43,0.02,151,459328,买盘
09:36:12,30.42,-0.01,94,285948,卖盘
09:36:14,30.42,0.0,47,142974,卖盘
09:36:18,30.42,0.0,89,270744,卖盘
09:36:20,30.42,0.0,84,255515,买盘
09:36:23,30.41,-0.01,344,1045908,卖盘
09:36:27,30.42,0.01,16,48659,买盘
09:36:29,30.4,-0.02,66,200664,卖盘
09:36:33,30.4,0.0,91,276484,卖盘
09:36:36,30.41,0.01,188,571680,买盘
09:36:39,30.42,0.01,36,109480,买盘
09:36:40,30.41,-0.01,177,538259,卖盘
09:36:44,30.41,0.0,30,91238,卖盘
09:36:47,30.4,-0.01,48,145930,卖盘
09:36:50,30.4,0.0,4,12160,卖盘
09:36:53,30.4,0.0,101,306886,卖盘
09:36:57,30.41,0.01,53,161313,买盘
09:36:59,30.4,-0.01,105,318994,卖盘
09:37:03,30.4,0.0,137,416710,买盘
09:37:05,30.4,0.0,46,139883,卖盘
09:37:09,30.41,0.01,45,136830,买盘
09:37:12,30.41,0.0,406,1234251,卖盘
09:37:14,30.4,-0.01,148,449993,卖盘
09:37:17,30.42,0.02,102,310177,买盘
09:37:20,30.42,0.0,74,225108,买盘
09:37:23,30.42,0.0,161,489909,中性盘
09:37:27,30.41,-0.01,466,1416904,卖盘
09:37:29,30.43,0.02,75,228131,买盘
09:37:33,30.41,-0.02,241,733274,卖盘
09:37:35,30.43,0.02,73,222137,买盘
09:37:39,30.43,0.0,79,240345,买盘
09:37:42,30.41,-0.02,68,206849,卖盘
09:37:44,30.43,0.02,82,249457,买盘
09:37:47,30.45,0.02,160,487011,买盘
09:37:50,30.43,-0.02,36,109515,中性盘
09:37:53,30.43,0.0,112,340779,卖盘
09:37:55,30.45,0.02,128,389485,买盘
09:37:59,30.43,-0.02,57,173391,中性盘
09:38:02,30.4,-0.03,277,842540,卖盘
09:38:05,30.44,0.04,48,146151,买盘
09:38:09,30.46,0.02,52,158350,买盘
09:38:12,30.46,0.0,72,219272,买盘
09:38:14,30.45,-0.01,82,249701,卖盘
09:38:17,30.46,0.01,113,344077,买盘
09:38:20,30.46,0.0,48,146200,买盘
09:38:23,30.45,-0.01,18,54829,卖盘
09:38:27,30.46,0.01,17,51792,卖盘
09:38:29,30.47,0.01,74,225421,买盘
09:38:33,30.48,0.01,33,100572,买盘
09:38:35,30.45,-0.03,26,79218,卖盘
09:38:39,30.47,0.02,51,155368,买盘
09:38:40,30.48,0.01,12,36572,买盘
09:38:44,30.5,0.02,511,1558221,买盘
09:38:47,30.5,0.0,23,70150,卖盘
09:38:50,30.49,-0.01,5,15245,买盘
09:38:53,30.48,-0.01,346,1054335,卖盘
09:38:57,30.49,0.01,49,149391,买盘
09:38:59,30.48,-0.01,48,146350,卖盘
09:39:03,30.49,0.01,60,182917,买盘
09:39:05,30.49,0.0,217,661820,买盘
09:39:08,30.5,0.01,67,204340,买盘
09:39:12,30.5,0.0,62,189092,买盘
09:39:14,30.49,-0.01,48,147883,卖盘
09:39:17,30.49,0.0,139,423853,卖盘
09:39:20,30.49,0.0,87,263789,卖盘
09:39:23,30.5,0.01,57,173801,买盘
09:39:27,30.5,0.0,148,451383,买盘
09:39:29,30.49,-0.01,92,280591,卖盘
09:39:32,30.5,0.01,73,222588,买盘
09:39:35,30.5,0.0,130,396499,买盘
09:39:39,30.49,-0.01,55,167725,卖盘
09:39:42,30.49,0.0,15,45740,卖盘
09:39:44,30.49,0.0,368,1122124,卖盘
09:39:48,30.5,0.01,53,161617,买盘
09:39:50,30.5,0.0,272,829542,买盘
09:39:53,30.49,-0.01,56,170796,卖盘
09:39:57,30.49,0.0,359,1094651,卖盘
09:39:59,30.49,0.0,23,70126,买盘
09:40:03,30.49,0.0,22,67080,买盘
09:40:05,30.48,-0.01,195,594395,卖盘
09:40:09,30.48,0.0,231,704088,买盘
09:40:12,30.48,0.0,134,408525,卖盘
09:40:14,30.48,0.0,50,152436,卖盘
09:40:17,30.48,0.0,34,103636,卖盘
09:40:20,30.49,0.01,30,91466,买盘
09:40:23,30.48,-0.01,111,338335,卖盘
09:40:26,30.48,0.0,70,213359,买盘
09:40:29,30.48,0.0,23,70094,买盘
09:40:33,30.46,-0.02,121,368621,卖盘
09:40:35,30.48,0.02,556,1694741,买盘
09:40:38,30.47,-0.01,7,21335,卖盘
09:40:42,30.49,0.02,11,33529,买盘
09:40:44,30.47,-0.02,12,36563,买盘
09:40:48,30.48,0.01,83,252984,买盘
09:40:50,30.48,0.0,26,79230,买盘
09:40:53,30.48,0.0,9,27432,卖盘
09:40:57,30.48,0.0,114,347472,卖盘
09:40:59,30.48,0.0,73,222432,买盘
09:41:03,30.48,0.0,29,88386,买盘
09:41:05,30.48,0.0,133,405246,买盘
09:41:09,30.48,0.0,60,182865,买盘
09:41:12,30.48,0.0,49,149380,买盘
09:41:14,30.48,0.0,30,91433,卖盘
09:41:18,30.47,-0.01,85,259009,卖盘
09:41:20,30.46,-0.01,164,499562,卖盘
09:41:23,30.45,-0.01,145,441533,卖盘
09:41:27,30.45,0.0,91,277098,卖盘
09:41:29,30.44,-0.01,242,736608,卖盘
09:41:33,30.45,0.01,97,295316,买盘
09:41:35,30.43,-0.02,104,316451,中性盘
09:41:38,30.43,0.0,65,197770,买盘
09:41:42,30.42,-0.01,68,206911,卖盘
09:41:44,30.42,0.0,34,103458,卖盘
09:41:47,30.44,0.02,78,237384,买盘
09:41:50,30.43,-0.01,1,3043,卖盘
09:41:53,30.44,0.01,33,100452,买盘
09:41:57,30.46,0.02,95,289304,买盘
09:41:59,30.45,-0.01,60,182755,买盘
09:42:03,30.46,0.01,213,648796,买盘
09:42:05,30.46,0.0,64,194946,卖盘
09:42:09,30.47,0.01,112,341253,买盘
09:42:11,30.46,-0.01,301,916854,卖盘
09:42:14,30.46,0.0,87,265007,卖盘
09:42:18,30.47,0.01,27,82248,买盘
09:42:20,30.46,-0.01,22,67027,卖盘
09:42:23,30.46,0.0,31,94448,卖盘
09:42:26,30.46,0.0,102,310778,卖盘
09:42:29,30.46,0.0,99,301611,卖盘
09:42:33,30.47,0.01,121,368672,买盘
09:42:35,30.47,0.0,175,533119,买盘
09:42:39,30.47,0.0,14,42645,买盘
09:42:42,30.47,0.0,194,591105,买盘
09:42:44,30.47,0.0,25,76175,卖盘
09:42:48,30.47,0.0,65,198091,卖盘
09:42:50,30.47,0.0,29,88363,卖盘
09:42:53,30.48,0.01,37,112770,买盘
09:42:57,30.47,-0.01,44,134102,卖盘
09:42:59,30.48,0.01,40,121920,买盘
09:43:03,30.46,-0.02,348,1060307,卖盘
09:43:05,30.49,0.03,12,36586,买盘
09:43:09,30.49,0.0,127,387223,买盘
09:43:12,30.5,0.01,200,609830,买盘
09:43:14,30.5,0.0,892,2722210,买盘
09:43:18,30.51,0.01,206,628833,买盘
09:43:20,30.51,0.0,186,567666,卖盘
09:43:23,30.54,0.03,145,442676,买盘
09:43:27,30.54,0.0,50,152691,买盘
09:43:29,30.55,0.01,19,58033,买盘
09:43:33,30.55,0.0,95,290208,买盘
09:43:35,30.54,-0.01,63,192450,卖盘
09:43:38,30.55,0.01,102,311610,买盘
09:43:41,30.55,0.0,383,1170036,买盘
09:43:44,30.55,0.0,175,534591,买盘
09:43:47,30.55,0.0,344,1050900,买盘
09:43:50,30.55,0.0,81,246013,买盘
09:43:53,30.53,-0.02,255,780137,卖盘
09:43:57,30.56,0.03,134,409178,买盘
09:43:59,30.54,-0.02,159,485648,卖盘
09:44:03,30.54,0.0,47,143536,买盘
09:44:05,30.54,0.0,139,424506,买盘
09:44:09,30.54,0.0,133,406172,买盘
09:44:11,30.54,0.0,1042,3184370,买盘
09:44:14,30.58,0.04,33,100832,买盘
09:44:17,30.58,0.0,4,12228,买盘
09:44:20,30.57,-0.01,61,186488,卖盘
09:44:23,30.56,-0.01,136,415676,卖盘
09:44:27,30.57,0.01,66,201789,买盘
09:44:29,30.57,0.0,202,617514,买盘
09:44:33,30.58,0.01,186,568768,买盘
09:44:35,30.58,0.0,81,247690,买盘
09:44:38,30.57,-0.01,1323,4044018,卖盘
09:44:42,30.6,0.03,574,1756365,买盘
09:44:44,30.59,-0.01,232,709467,卖盘
09:44:47,30.59,0.0,239,731328,买盘
09:44:50,30.59,0.0,29,88722,卖盘
09:44:53,30.6,0.01,230,703902,买盘
09:44:57,30.61,0.01,81,247847,中性盘
09:44:59,30.62,0.01,86,263320,买盘
09:45:03,30.62,0.0,126,385790,买盘
09:45:06,30.64,0.02,291,891272,买盘
09:45:09,30.64,0.0,275,842602,卖盘
09:45:11,30.65,0.01,296,907165,买盘
09:45:14,30.64,-0.01,329,1008186,卖盘
09:45:17,30.64,0.0,264,809006,卖盘
09:45:21,30.65,0.01,1019,3121999,买盘
09:45:23,30.64,-0.01,138,422849,买盘
09:45:26,30.63,-0.01,96,293870,中性盘
09:45:30,30.64,0.01,368,1127029,买盘
09:45:33,30.63,-0.01,62,189877,买盘
09:45:35,30.63,0.0,42,128641,卖盘
09:45:39,30.63,0.0,287,878950,卖盘
09:45:41,30.62,-0.01,427,1307434,卖盘
09:45:45,30.6,-0.02,243,743814,卖盘
09:45:47,30.62,0.02,265,811078,买盘
09:45:50,30.6,-0.02,300,918004,卖盘
09:45:54,30.59,-0.01,1022,3127196,卖盘
09:45:57,30.6,0.01,234,715673,买盘
09:46:00,30.57,-0.03,278,851729,卖盘
09:46:03,30.57,0.0,102,311773,买盘
09:46:06,30.56,-0.01,104,317839,卖盘
09:46:08,30.57,0.01,98,299587,买盘
09:46:12,30.58,0.01,81,246194,买盘
09:46:14,30.58,0.0,189,577775,买盘
09:46:17,30.58,0.0,446,1363300,买盘
09:46:21,30.58,0.0,81,247699,卖盘
09:46:24,30.59,0.01,318,971549,买盘
09:46:27,30.57,-0.02,70,214043,卖盘
09:46:30,30.58,0.01,55,168188,买盘
09:46:32,30.58,0.0,343,1048087,卖盘
09:46:36,30.58,0.0,162,495443,买盘
09:46:39,30.56,-0.02,412,1258458,卖盘
09:46:42,30.58,0.02,22,67272,买盘
09:46:45,30.57,-0.01,205,626385,买盘
09:46:47,30.55,-0.02,139,424746,卖盘
09:46:50,30.57,0.02,47,143620,买盘
09:46:53,30.55,-0.02,41,125271,卖盘
09:46:57,30.57,0.02,105,320854,买盘
09:46:59,30.56,-0.01,19,58064,卖盘
09:47:03,30.58,0.02,72,220096,买盘
09:47:06,30.56,-0.02,23,70288,卖盘
09:47:09,30.56,0.0,165,504344,卖盘
09:47:11,30.58,0.02,18,55033,买盘
09:47:15,30.6,0.02,1701,5204479,买盘
09:47:17,30.61,0.01,37,113239,买盘
09:47:20,30.61,0.0,78,238602,买盘
09:47:23,30.56,-0.05,211,645259,卖盘
09:47:27,30.57,0.01,151,461730,中性盘
09:47:30,30.61,0.04,104,317981,买盘
09:47:33,30.6,-0.01,42,128553,卖盘
09:47:36,30.61,0.01,15,45905,买盘
09:47:39,30.6,-0.01,67,205025,卖盘
09:47:42,30.6,0.0,14,42838,买盘
09:47:45,30.6,0.0,9,27536,买盘
09:47:48,30.6,0.0,86,263160,买盘
09:47:50,30.6,0.0,121,370253,买盘
09:47:54,30.61,0.01,346,1058818,买盘
09:47:56,30.61,0.0,14,42854,卖盘
09:47:59,30.6,-0.01,96,293838,卖盘
09:48:02,30.61,0.01,183,560048,买盘
09:48:06,30.61,0.0,194,594140,卖盘
09:48:09,30.6,-0.01,124,379562,卖盘
09:48:12,30.61,0.01,16,48976,卖盘
09:48:15,30.62,0.01,38,116322,买盘
09:48:18,30.61,-0.01,32,97958,卖盘
09:48:20,30.62,0.01,54,165346,买盘
09:48:23,30.61,-0.01,70,214310,卖盘
09:48:26,30.62,0.01,11,33677,买盘
09:48:30,30.61,-0.01,16,48976,卖盘
09:48:33,30.62,0.01,100,306190,买盘
09:48:35,30.62,0.0,138,422571,卖盘
09:48:39,30.61,-0.01,214,655235,卖盘
09:48:42,30.62,0.01,19,58166,买盘
09:48:45,30.62,0.0,72,220434,买盘
09:48:47,30.62,0.0,46,140850,卖盘
09:48:51,30.62,0.0,43,131656,买盘
09:48:54,30.62,0.0,115,352130,买盘
09:48:57,30.62,0.0,63,192879,买盘
09:49:00,30.61,-0.01,71,217357,卖盘
09:49:03,30.61,0.0,20,61233,卖盘
09:49:06,30.61,0.0,96,293938,卖盘
09:49:09,30.6,-0.01,648,1983136,卖盘
09:49:12,30.6,0.0,59,180540,买盘
09:49:15,30.59,-0.01,55,168291,卖盘
09:49:17,30.6,0.01,97,296792,买盘
09:49:20,30.59,-0.01,58,177438,卖盘
09:49:23,30.59,0.0,82,250837,卖盘
09:49:27,30.59,0.0,116,354843,买盘
09:49:30,30.59,0.0,24,73414,买盘
09:49:32,30.63,0.04,1023,3131661,买盘
09:49:36,30.57,-0.06,267,816397,卖盘
09:49:38,30.59,0.02,8,24472,买盘
09:49:42,30.59,0.0,90,275286,买盘
09:49:45,30.59,0.0,55,168204,买盘
09:49:47,30.59,0.0,171,523079,买盘
09:49:50,30.55,-0.04,1649,5042534,卖盘
09:49:54,30.58,0.03,34,103909,买盘
09:49:56,30.56,-0.02,13,39748,卖盘
09:49:59,30.56,0.0,29,88647,卖盘
09:50:02,30.57,0.01,87,265957,买盘
09:50:05,30.56,-0.01,16,48907,卖盘
09:50:09,30.57,0.01,18,55021,买盘
09:50:11,30.58,0.01,166,507529,买盘
09:50:17,30.57,-0.01,23,70321,卖盘
09:50:20,30.57,0.0,31,94772,卖盘
09:50:23,30.57,0.0,261,797906,卖盘
09:50:27,30.57,0.0,129,394307,买盘
09:50:29,30.57,0.0,218,666419,买盘
09:50:33,30.58,0.01,340,1039375,买盘
09:50:36,30.57,-0.01,162,495240,卖盘
09:50:39,30.55,-0.02,187,571437,卖盘
09:50:42,30.55,0.0,114,348270,买盘
09:50:44,30.57,0.02,109,333050,买盘
09:50:47,30.57,0.0,73,223091,买盘
09:50:51,30.57,0.0,32,97841,卖盘
09:50:54,30.57,0.0,7,21401,卖盘
09:50:56,30.57,0.0,124,379089,卖盘
09:51:00,30.57,0.0,22,67266,卖盘
09:51:02,30.58,0.01,62,189564,买盘
09:51:06,30.58,0.0,203,620611,买盘
09:51:09,30.58,0.0,79,241600,卖盘
09:51:11,30.59,0.01,45,137648,买盘
09:51:15,30.57,-0.02,50,152920,卖盘
09:51:17,30.59,0.02,34,103982,买盘
09:51:20,30.58,-0.01,61,186551,卖盘
09:51:24,30.58,0.0,69,210997,买盘
09:51:27,30.58,0.0,87,266061,买盘
09:51:30,30.59,0.01,180,550620,买盘
09:51:33,30.6,0.01,175,535294,买盘
09:51:36,30.61,0.01,259,792396,买盘
09:51:38,30.62,0.01,57,174483,买盘
09:51:41,30.62,0.0,89,272490,买盘
09:51:45,30.62,0.0,26,79610,卖盘
09:51:47,30.62,0.0,48,146976,卖盘
09:51:50,30.62,0.0,74,226588,买盘
09:51:54,30.64,0.02,385,1179628,买盘
09:51:57,30.64,0.0,28,85766,卖盘
09:52:00,30.65,0.01,21,64349,买盘
09:52:02,30.64,-0.01,49,150138,卖盘
09:52:06,30.63,-0.01,52,159324,卖盘
09:52:09,30.63,0.0,34,104146,卖盘
09:52:12,30.64,0.01,233,713838,买盘
09:52:14,30.64,0.0,60,183822,买盘
09:52:17,30.64,0.0,61,186892,买盘
09:52:21,30.64,0.0,96,294125,买盘
09:52:24,30.64,0.0,240,735322,买盘
09:52:27,30.65,0.01,29,88878,买盘
09:52:30,30.64,-0.01,11,33708,卖盘
09:52:33,30.64,0.0,73,223690,卖盘
09:52:36,30.64,0.0,661,2025591,买盘
09:52:39,30.64,0.0,27,82716,卖盘
09:52:42,30.65,0.01,126,386057,买盘
09:52:44,30.64,-0.01,34,104176,买盘
09:52:47,30.64,0.0,68,208384,卖盘
09:52:50,30.64,0.0,8,24512,买盘
09:52:53,30.64,0.0,29,88853,中性盘
09:52:57,30.64,0.0,106,324784,买盘
09:53:00,30.65,0.01,20,61282,买盘
09:53:03,30.64,-0.01,178,545479,卖盘
09:53:05,30.65,0.01,66,202247,买盘
09:53:08,30.65,0.0,742,2275189,买盘
09:53:11,30.65,0.0,173,530141,买盘
09:53:15,30.65,0.0,268,821420,卖盘
09:53:17,30.65,0.0,43,131807,卖盘
09:53:20,30.66,0.01,124,380294,中性盘
09:53:23,30.66,0.0,153,469139,卖盘
09:53:27,30.66,0.0,25,76658,卖盘
09:53:30,30.67,0.01,101,309749,买盘
09:53:33,30.67,0.0,68,208543,买盘
09:53:36,30.68,0.01,323,990649,买盘
09:53:39,30.67,-0.01,173,530751,卖盘
09:53:42,30.68,0.01,55,168726,买盘
09:53:45,30.68,0.0,45,138057,买盘
09:53:47,30.68,0.0,334,1024725,买盘
09:53:50,30.68,0.0,18,55225,卖盘
09:53:54,30.69,0.01,87,267003,买盘
09:53:57,30.68,-0.01,335,1028025,卖盘
09:53:59,30.69,0.01,143,438858,买盘
09:54:03,30.69,0.0,92,282433,中性盘
09:54:05,30.7,0.01,292,896435,买盘
09:54:09,30.7,0.0,407,1249466,买盘
09:54:12,30.69,-0.01,193,592510,卖盘
09:54:15,30.7,0.01,79,242542,卖盘
09:54:17,30.71,0.01,147,451349,买盘
09:54:20,30.71,0.0,125,383797,买盘
09:54:24,30.71,0.0,22,67570,卖盘
09:54:27,30.71,0.0,273,838386,卖盘
09:54:30,30.72,0.01,42,129019,买盘
09:54:33,30.72,0.0,238,731028,买盘
09:54:35,30.72,0.0,694,2133086,买盘
09:54:39,30.72,0.0,611,1877705,卖盘
09:54:42,30.74,0.02,13,39944,中性盘
09:54:45,30.75,0.01,144,442739,买盘
09:54:47,30.74,-0.01,59,181296,买盘
09:54:50,30.73,-0.01,286,879158,卖盘
09:54:54,30.74,0.01,280,860542,买盘
09:54:57,30.73,-0.01,230,706898,卖盘
09:54:59,30.75,0.02,608,1869317,买盘
09:55:03,30.74,-0.01,187,574813,卖盘
09:55:06,30.74,0.0,169,519455,卖盘
09:55:09,30.74,0.0,185,568637,买盘
09:55:11,30.73,-0.01,360,1106270,卖盘
09:55:15,30.73,0.0,1275,3918321,卖盘
09:55:17,30.72,-0.01,108,331708,中性盘
09:55:20,30.73,0.01,324,995479,买盘
09:55:24,30.72,-0.01,39,119827,卖盘
09:55:26,30.72,0.0,100,307271,买盘
09:55:30,30.69,-0.03,395,1212533,卖盘
09:55:32,30.69,0.0,294,902156,卖盘
09:55:36,30.7,0.01,625,1918476,买盘
09:55:38,30.7,0.0,23,70602,买盘
09:55:41,30.69,-0.01,37,113556,中性盘
09:55:44,30.69,0.0,111,340493,买盘
09:55:47,30.68,-0.01,54,165708,卖盘
09:55:50,30.68,0.0,27,82848,卖盘
09:55:53,30.68,0.0,69,211698,卖盘
09:55:56,30.68,0.0,230,705756,卖盘
09:55:59,30.68,0.0,181,555358,卖盘
09:56:03,30.69,0.01,169,518600,买盘
09:56:05,30.69,0.0,79,242421,买盘
09:56:08,30.69,0.0,113,346863,买盘
09:56:11,30.69,0.0,759,2329822,卖盘
09:56:13,30.69,0.0,37,113557,卖盘
09:56:16,30.72,0.03,413,1267809,买盘
09:56:20,30.72,0.0,517,1588747,买盘
09:56:23,30.7,-0.02,78,239494,卖盘
09:56:27,30.7,0.0,27,82913,卖盘
09:56:30,30.73,0.03,33,101404,买盘
09:56:32,30.71,-0.02,68,208907,卖盘
09:56:35,30.71,0.0,90,276497,买盘
09:56:38,30.72,0.01,171,525358,买盘
09:56:41,30.71,-0.01,37,113633,卖盘
09:56:44,30.72,0.01,80,245734,买盘
09:56:47,30.71,-0.01,126,387058,卖盘
09:56:50,30.72,0.01,179,549849,买盘
09:56:53,30.72,0.0,17,52224,中性盘
09:56:57,30.71,-0.01,96,294911,卖盘
09:56:59,30.71,0.0,593,1822187,卖盘
09:57:01,30.71,0.0,116,356264,买盘
09:57:05,30.72,0.01,107,328627,买盘
09:57:08,30.72,0.0,22,67569,买盘
09:57:11,30.71,-0.01,324,995045,卖盘
09:57:14,30.7,-0.01,255,782877,卖盘
09:57:17,30.7,0.0,175,537250,买盘
09:57:20,30.68,-0.02,308,945232,卖盘
09:57:24,30.68,0.0,132,404976,卖盘
09:57:26,30.67,-0.01,119,365148,卖盘
09:57:29,30.67,0.0,83,254569,卖盘
09:57:31,30.68,0.01,122,374199,买盘
09:57:35,30.67,-0.01,126,386458,卖盘
09:57:38,30.68,0.01,95,291407,买盘
09:57:41,30.66,-0.02,123,377302,卖盘
09:57:44,30.66,0.0,35,107337,卖盘
09:57:47,30.66,0.0,153,469109,卖盘
09:57:50,30.65,-0.01,16,49055,卖盘
09:57:53,30.66,0.01,61,186992,买盘
09:57:56,30.65,-0.01,18,55178,卖盘
09:57:58,30.65,0.0,105,321845,卖盘
09:58:03,30.65,0.0,400,1226344,卖盘
09:58:04,30.65,0.0,117,358596,卖盘
09:58:08,30.65,0.0,7,21455,买盘
09:58:11,30.64,-0.01,99,303417,卖盘
09:58:13,30.64,0.0,133,407584,卖盘
09:58:17,30.63,-0.01,156,477912,卖盘
09:58:20,30.63,0.0,13,39822,卖盘
09:58:24,30.64,0.01,166,508363,买盘
09:58:26,30.62,-0.02,12,36744,中性盘
09:58:29,30.65,0.03,831,2545761,买盘
09:58:32,30.61,-0.04,193,590769,卖盘
09:58:36,30.61,0.0,60,183666,卖盘
09:58:38,30.63,0.02,21,64312,买盘
09:58:41,30.64,0.01,528,1618441,买盘
09:58:43,30.61,-0.03,533,1632424,卖盘
09:58:46,30.65,0.04,66,202190,买盘
09:58:49,30.63,-0.02,52,159265,卖盘
09:58:53,30.66,0.03,324,993004,买盘
09:58:56,30.63,-0.03,44,134772,买盘
09:58:59,30.62,-0.01,465,1423338,卖盘
09:59:02,30.61,-0.01,332,1016344,买盘
09:59:05,30.61,0.0,232,710354,买盘
09:59:07,30.62,0.01,75,229634,买盘
09:59:10,30.61,-0.01,124,379575,卖盘
09:59:13,30.62,0.01,496,1518702,买盘
09:59:17,30.62,0.0,37,113294,卖盘
09:59:20,30.63,0.01,2,6126,买盘
09:59:23,30.63,0.0,146,447121,买盘
09:59:26,30.65,0.02,910,2788771,买盘
09:59:28,30.65,0.0,89,272699,买盘
09:59:31,30.64,-0.01,218,668863,卖盘
09:59:34,30.65,0.01,71,217611,买盘
09:59:38,30.65,0.0,1,3065,中性盘
09:59:41,30.65,0.0,43,131810,卖盘
09:59:44,30.68,0.03,38,116520,买盘
09:59:47,30.68,0.0,29,88975,卖盘
09:59:49,30.68,0.0,115,352869,卖盘
09:59:52,30.69,0.01,309,948290,买盘
09:59:56,30.69,0.0,46,141183,卖盘
09:59:59,30.69,0.0,48,147316,卖盘
10:00:02,30.7,0.01,146,448181,买盘
10:00:05,30.7,0.0,350,1074496,买盘
10:00:07,30.71,0.01,6,18421,买盘
10:00:10,30.7,-0.01,121,371493,卖盘
10:00:13,30.71,0.01,77,236403,买盘
10:00:16,30.71,0.0,101,310123,买盘
10:00:20,30.73,0.02,917,2816564,买盘
10:00:23,30.69,-0.04,612,1880787,卖盘
10:00:26,30.7,0.01,55,168886,中性盘
10:00:29,30.7,0.0,47,144290,买盘
10:00:32,30.7,0.0,38,116669,卖盘
10:00:34,30.71,0.01,45,138186,买盘
10:00:37,30.7,-0.01,95,291680,卖盘
10:00:41,30.7,0.0,59,181137,卖盘
10:00:44,30.71,0.01,65,199597,买盘
10:00:47,30.71,0.0,1217,3739929,买盘
10:00:50,30.7,-0.01,34,104408,卖盘
10:00:53,30.71,0.01,90,276361,卖盘
10:00:56,30.72,0.01,53,164020,买盘
10:00:59,30.72,0.0,37,113655,买盘
10:01:02,30.72,0.0,38,116718,买盘
10:01:05,30.72,0.0,48,147460,买盘
10:01:08,30.73,0.01,52,159748,买盘
10:01:11,30.75,0.02,1388,4267603,买盘
10:01:14,30.75,0.0,164,504304,卖盘
10:01:17,30.76,0.01,18,55349,买盘
10:01:20,30.75,-0.01,47,144520,卖盘
10:01:23,30.75,0.0,97,298264,买盘
10:01:26,30.76,0.01,102,313615,买盘
10:01:29,30.75,-0.01,63,193777,中性盘
10:01:32,30.78,0.03,1184,3643189,买盘
10:01:35,30.81,0.03,3381,10412304,买盘
10:01:38,30.81,0.0,371,1143231,卖盘
10:01:41,30.83,0.02,768,2366723,买盘
10:01:44,30.83,0.0,211,650539,卖盘
10:01:46,30.8,-0.03,633,1950622,卖盘
10:01:50,30.85,0.05,969,2988209,买盘
10:01:53,30.83,-0.02,106,326898,卖盘
10:01:56,30.82,-0.01,881,2717077,卖盘
10:01:59,30.83,0.01,196,604555,中性盘
10:02:01,30.85,0.02,358,1104228,买盘
10:02:05,30.84,-0.01,511,1576311,中性盘
10:02:08,30.84,0.0,378,1165499,买盘
10:02:11,30.83,-0.01,98,302172,卖盘
10:02:14,30.85,0.02,223,687540,买盘
10:02:17,30.84,-0.01,364,1122759,卖盘
10:02:20,30.84,0.0,435,1341785,卖盘
10:02:23,30.82,-0.02,530,1633983,卖盘
10:02:26,30.81,-0.01,573,1765846,卖盘
10:02:29,30.79,-0.02,191,588328,卖盘
10:02:32,30.78,-0.01,194,597384,卖盘
10:02:35,30.78,0.0,61,187753,买盘
10:02:38,30.78,0.0,75,230750,买盘
10:02:41,30.75,-0.03,122,375117,卖盘
10:02:44,30.75,0.0,144,442968,卖盘
10:02:47,30.77,0.02,36,110747,买盘
10:02:50,30.75,-0.02,651,2001868,卖盘
10:02:53,30.78,0.03,493,1516814,买盘
10:02:55,30.77,-0.01,48,147645,买盘
10:03:00,30.77,0.0,226,695285,买盘
10:03:02,30.75,-0.02,76,233700,买盘
10:03:05,30.74,-0.01,102,313600,卖盘
10:03:08,30.75,0.01,136,418192,买盘
10:03:11,30.74,-0.01,289,888586,卖盘
10:03:14,30.73,-0.01,256,786981,卖盘
10:03:17,30.74,0.01,248,762351,买盘
10:03:20,30.74,0.0,458,1407868,买盘
10:03:23,30.74,0.0,150,461094,买盘
10:03:26,30.8,0.06,2968,9139947,买盘
10:03:29,30.8,0.0,98,301840,卖盘
10:03:31,30.8,0.0,96,295699,卖盘
10:03:34,30.8,0.0,173,532946,卖盘
10:03:38,30.81,0.01,100,308079,买盘
10:03:41,30.81,0.0,86,264934,买盘
10:03:44,30.81,0.0,342,1053824,买盘
10:03:47,30.81,0.0,90,277348,卖盘
10:03:49,30.81,0.0,221,681080,卖盘
10:03:53,30.81,0.0,285,878316,卖盘
10:03:56,30.83,0.02,518,1596620,买盘
10:03:59,30.82,-0.01,87,268199,卖盘
10:04:02,30.83,0.01,49,151077,中性盘
10:04:05,30.83,0.0,152,468593,买盘
10:04:08,30.83,0.0,34,104814,买盘
10:04:11,30.82,-0.01,112,345249,卖盘
10:04:14,30.83,0.01,180,554839,买盘
10:04:17,30.83,0.0,190,585753,买盘
10:04:20,30.83,0.0,93,286697,买盘
10:04:23,30.83,0.0,301,927959,买盘
10:04:26,30.83,0.0,38,117152,卖盘
10:04:28,30.83,0.0,109,336017,卖盘
10:04:32,30.83,0.0,241,742956,买盘
10:04:35,30.82,-0.01,377,1161924,卖盘
10:04:38,30.8,-0.02,1042,3210233,卖盘
10:04:41,30.77,-0.03,314,966887,卖盘
10:04:44,30.8,0.03,1402,4317649,买盘
10:04:46,30.78,-0.02,1479,4556666,卖盘
10:04:50,30.8,0.02,116,357334,买盘
10:04:53,30.8,0.0,220,677874,卖盘
10:04:56,30.8,0.0,144,443520,卖盘
10:04:59,30.81,0.01,122,375791,买盘
10:05:01,30.8,-0.01,93,286467,卖盘
10:05:04,30.8,0.0,117,360369,卖盘
10:05:07,30.79,-0.01,432,1330565,卖盘
10:05:11,30.79,0.0,159,489561,买盘
10:05:14,30.8,0.01,137,421462,买盘
10:05:17,30.8,0.0,69,212521,卖盘
10:05:20,30.8,0.0,250,770000,卖盘
10:05:22,30.79,-0.01,158,487118,卖盘
10:05:26,30.79,0.0,32,98551,卖盘
10:05:29,30.81,0.02,308,948139,买盘
10:05:31,30.8,-0.01,540,1663889,卖盘
10:05:35,30.79,-0.01,195,600559,卖盘
10:05:38,30.8,0.01,186,572849,买盘
10:05:41,30.79,-0.01,257,791482,卖盘
10:05:44,30.79,0.0,13,40031,卖盘
10:05:46,30.79,0.0,1469,4524419,卖盘
10:05:50,30.8,0.01,90,277121,买盘
10:05:53,30.8,0.0,277,852496,买盘
10:05:56,30.8,0.0,66,203305,卖盘
10:05:58,30.8,0.0,101,311153,卖盘
10:06:01,30.81,0.01,176,542268,买盘
10:06:05,30.81,0.0,218,671722,卖盘
10:06:08,30.81,0.0,309,952329,卖盘
10:06:11,30.81,0.0,89,274275,卖盘
10:06:14,30.85,0.04,3067,9459104,买盘
10:06:16,30.85,0.0,258,796127,卖盘
10:06:19,30.85,0.0,531,1638148,卖盘
10:06:23,30.85,0.0,64,197471,卖盘
10:06:26,30.85,0.0,203,626248,买盘
10:06:29,30.85,0.0,456,1406964,买盘
10:06:32,30.85,0.0,116,357861,买盘
10:06:35,30.85,0.0,55,169687,买盘
10:06:37,30.85,0.0,102,314711,卖盘
10:06:40,30.85,0.0,805,2483536,卖盘
10:06:43,30.86,0.01,453,1397902,买盘
10:06:46,30.85,-0.01,87,268427,卖盘
10:06:50,30.86,0.01,132,407690,买盘
10:06:52,30.86,0.0,276,851361,卖盘
10:06:56,30.85,-0.01,2112,6522150,卖盘
10:06:59,30.87,0.02,19,58668,中性盘
10:07:02,30.86,-0.01,74,228438,卖盘
10:07:05,30.86,0.0,96,296468,卖盘
10:07:08,30.9,0.04,1069,3303519,买盘
10:07:11,30.9,0.0,366,1131141,卖盘
10:07:14,30.91,0.01,1439,4447603,买盘
10:07:17,30.93,0.02,209,646232,买盘
10:07:20,30.94,0.01,585,1809410,买盘
10:07:23,30.95,0.01,434,1342743,买盘
10:07:26,30.93,-0.02,195,603108,卖盘
10:07:29,30.93,0.0,338,1045423,买盘
10:07:32,30.93,0.0,970,3000113,买盘
10:07:35,30.94,0.01,129,399034,买盘
10:07:38,30.95,0.01,1632,5048117,买盘
10:07:41,30.94,-0.01,319,986995,卖盘
10:07:44,30.95,0.01,1167,3611804,买盘
10:07:47,30.95,0.0,208,643765,卖盘
10:07:50,30.95,0.0,524,1621950,卖盘
10:07:53,30.96,0.01,160,495299,买盘
10:07:56,30.95,-0.01,149,461236,卖盘
10:07:59,30.96,0.01,496,1535302,买盘
10:08:02,30.97,0.01,251,777134,买盘
10:08:04,30.97,0.0,482,1492518,买盘
10:08:08,30.96,-0.01,639,1978868,卖盘
10:08:11,30.97,0.01,84,260126,买盘
10:08:14,30.95,-0.02,253,783117,卖盘
10:08:17,30.95,0.0,162,501521,卖盘
10:08:20,30.96,0.01,1117,3458871,买盘
10:08:23,30.94,-0.02,176,544780,卖盘
10:08:26,30.96,0.02,405,1253619,买盘
10:08:29,30.96,0.0,141,436366,买盘
10:08:32,30.95,-0.01,80,247686,卖盘
10:08:35,30.95,0.0,167,516944,卖盘
10:08:38,30.96,0.01,93,287915,卖盘
10:08:40,30.95,-0.01,374,1157965,卖盘
10:08:44,30.96,0.01,109,337465,买盘
10:08:47,30.96,0.0,199,616134,卖盘
10:08:50,30.96,0.0,253,783295,卖盘
10:08:53,30.96,0.0,147,455033,卖盘
10:08:56,30.96,0.0,129,399424,买盘
10:08:59,30.95,-0.01,300,928738,卖盘
10:09:02,30.96,0.01,52,160961,买盘
10:09:05,30.95,-0.01,165,510769,卖盘
10:09:08,30.96,0.01,88,272391,买盘
10:09:11,30.96,0.0,287,888345,买盘
10:09:13,30.94,-0.02,155,479793,卖盘
10:09:17,30.95,0.01,110,340495,中性盘
10:09:20,30.96,0.01,255,787382,买盘
10:09:23,30.96,0.0,222,687270,卖盘
10:09:26,30.96,0.0,159,492295,卖盘
10:09:29,30.96,0.0,1770,5481582,卖盘
10:09:32,30.96,0.0,129,399365,卖盘
10:09:35,30.96,0.0,209,647242,买盘
10:09:38,30.96,0.0,25,77400,买盘
10:09:41,30.96,0.0,184,569673,买盘
10:09:44,30.96,0.0,613,1898688,卖盘
10:09:46,30.97,0.01,12,37153,中性盘
10:09:50,30.96,-0.01,340,1053235,卖盘
10:09:53,30.97,0.01,81,250846,中性盘
10:09:55,30.97,0.0,64,198230,卖盘
10:09:58,30.97,0.0,286,885950,买盘
10:10:02,30.97,0.0,124,383975,卖盘
10:10:05,30.96,-0.01,226,699716,卖盘
10:10:08,30.94,-0.02,537,1662345,卖盘
10:10:12,30.94,0.0,263,815926,卖盘
10:10:14,30.93,-0.01,272,839538,卖盘
10:10:16,30.95,0.02,622,1924993,买盘
10:10:19,30.95,0.0,353,1092554,卖盘
10:10:22,30.95,0.0,249,770505,卖盘
10:10:26,30.95,0.0,107,331197,卖盘
10:10:29,30.96,0.01,109,337340,买盘
10:10:32,30.95,-0.01,203,628265,买盘
10:10:35,31.02,0.07,10207,31639582,买盘
10:10:38,31.01,-0.01,921,2858865,卖盘
10:10:41,31.07,0.06,1198,3720755,买盘
10:10:44,31.07,0.0,436,1355393,卖盘
10:10:47,31.11,0.04,1386,4310070,买盘
10:10:49,31.12,0.01,494,1536667,买盘
10:10:52,31.14,0.02,854,2656430,买盘
10:10:56,31.15,0.01,512,1594608,买盘
10:10:59,31.15,0.0,373,1161981,买盘
10:11:01,31.17,0.02,1333,4154869,买盘
10:11:05,31.18,0.01,239,745261,买盘
10:11:08,31.18,0.0,1143,3564904,卖盘
10:11:11,31.2,0.02,704,2195447,买盘
10:11:14,31.19,-0.01,278,866929,中性盘
10:11:17,31.19,0.0,288,898365,卖盘
10:11:20,31.18,-0.01,470,1465654,卖盘
10:11:23,31.19,0.01,417,1300449,买盘
10:11:26,31.14,-0.05,104,324073,卖盘
10:11:29,31.13,-0.01,485,1510155,卖盘
10:11:32,31.13,0.0,199,619715,卖盘
10:11:35,31.14,0.01,387,1204966,买盘
10:11:38,31.1,-0.04,463,1438808,卖盘
10:11:41,31.13,0.03,190,591199,买盘
10:11:44,31.11,-0.02,136,423075,卖盘
10:11:46,31.12,0.01,109,339051,买盘
10:11:49,31.1,-0.02,323,1004637,卖盘
10:11:53,31.1,0.0,299,930194,卖盘
10:11:56,31.11,0.01,265,824461,买盘
10:11:59,31.1,-0.01,166,516343,卖盘
10:12:01,31.1,0.0,207,643872,卖盘
10:12:05,31.1,0.0,389,1209989,卖盘
10:12:08,31.1,0.0,310,963808,买盘
10:12:10,31.1,0.0,95,295400,买盘
10:12:14,31.09,-0.01,1010,3134822,中性盘
10:12:16,31.07,-0.02,107,332549,卖盘
10:12:19,31.07,0.0,160,497254,卖盘
10:12:23,31.0,-0.07,356,1106104,卖盘
10:12:26,31.05,0.05,84,260926,买盘
10:12:29,31.05,0.0,15,46566,买盘
10:12:32,31.02,-0.03,31,96196,卖盘
10:12:35,31.02,0.0,103,319665,卖盘
10:12:38,31.06,0.04,365,1132461,买盘
10:12:41,31.05,-0.01,53,164543,卖盘
10:12:44,31.05,0.0,55,170742,卖盘
10:12:47,31.05,0.0,48,148986,买盘
10:12:49,31.02,-0.03,93,288736,卖盘
10:12:53,31.03,0.01,79,245105,中性盘
10:12:56,31.03,0.0,37,114809,买盘
10:12:58,31.02,-0.01,1062,3296255,卖盘
10:13:02,31.03,0.01,632,1960541,买盘
10:13:05,31.03,0.0,406,1260206,卖盘
10:13:08,31.03,0.0,72,223422,卖盘
10:13:11,31.02,-0.01,384,1191519,卖盘
10:13:14,31.02,0.0,41,127182,买盘
10:13:16,31.02,0.0,323,1001924,买盘
10:13:20,31.01,-0.01,204,632825,卖盘
10:13:22,31.01,0.0,694,2152653,卖盘
10:13:26,31.01,0.0,291,902509,卖盘
10:13:29,31.0,-0.01,591,1832629,卖盘
10:13:32,31.0,0.0,134,415539,卖盘
10:13:35,31.02,0.02,92,285259,买盘
10:13:37,31.05,0.03,1676,5201573,买盘
10:13:41,31.02,-0.03,232,719916,卖盘
10:13:44,31.02,0.0,128,397466,卖盘
10:13:46,31.05,0.03,16,49637,买盘
10:13:50,31.03,-0.02,101,313589,卖盘
10:13:53,31.04,0.01,66,204838,买盘
10:13:56,31.05,0.01,43,133461,买盘
10:13:58,31.05,0.0,42,130396,买盘
10:14:02,31.05,0.0,23,71415,卖盘
10:14:04,31.04,-0.01,67,208014,卖盘
10:14:08,31.05,0.01,71,220490,买盘
10:14:11,31.05,0.0,65,201843,卖盘
10:14:14,31.07,0.02,1563,4855634,买盘
10:14:17,31.05,-0.02,594,1845466,卖盘
10:14:20,31.09,0.04,33,102535,买盘
10:14:22,31.08,-0.01,61,189539,卖盘
10:14:26,31.09,0.01,136,422699,买盘
10:14:29,31.08,-0.01,91,282784,中性盘
10:14:32,31.11,0.03,948,2947924,买盘
10:14:35,31.1,-0.01,90,279909,卖盘
10:14:37,31.1,0.0,194,603366,卖盘
10:14:40,31.11,0.01,229,712355,买盘
10:14:44,31.11,0.0,112,348432,卖盘
10:14:47,31.12,0.01,145,451118,买盘
10:14:50,31.12,0.0,269,837125,买盘
10:14:52,31.12,0.0,141,438797,卖盘
10:14:56,31.13,0.01,151,469947,买盘
10:14:59,31.12,-0.01,1062,3304036,卖盘
10:15:02,31.12,0.0,330,1026790,买盘
10:15:05,31.11,-0.01,135,420104,中性盘
10:15:07,31.1,-0.01,41,127507,中性盘
10:15:11,31.08,-0.02,308,957731,卖盘
10:15:14,31.1,0.02,335,1041713,买盘
10:15:17,31.05,-0.05,681,2115933,卖盘
10:15:20,31.04,-0.01,203,630293,卖盘
10:15:23,31.05,0.01,117,363187,买盘
10:15:25,31.05,0.0,425,1320133,买盘
10:15:29,31.05,0.0,440,1366880,卖盘
10:15:31,31.08,0.03,326,1012758,中性盘
10:15:35,31.06,-0.02,58,180124,中性盘
10:15:38,31.05,-0.01,180,559123,卖盘
10:15:41,31.05,0.0,348,1080327,买盘
10:15:44,31.07,0.02,187,580808,买盘
10:15:47,31.05,-0.02,293,909807,卖盘
10:15:50,31.05,0.0,25,77627,买盘
10:15:53,31.06,0.01,126,391289,买盘
10:15:55,31.05,-0.01,171,531071,卖盘
10:15:59,31.07,0.02,357,1108962,买盘
10:16:01,31.07,0.0,52,161565,卖盘
10:16:04,31.06,-0.01,36,111843,卖盘
10:16:08,31.07,0.01,168,521775,买盘
10:16:10,31.05,-0.02,152,472132,卖盘
10:16:13,31.05,0.0,171,531015,卖盘
10:16:17,31.05,0.0,43,133523,卖盘
10:16:20,31.05,0.0,133,412979,卖盘
10:16:23,31.05,0.0,144,447145,卖盘
10:16:26,31.05,0.0,206,639662,卖盘
10:16:29,31.05,0.0,86,267031,卖盘
10:16:32,31.05,0.0,145,450252,卖盘
10:16:35,31.05,0.0,179,555811,卖盘
10:16:38,31.05,0.0,132,409902,卖盘
10:16:41,31.05,0.0,78,242190,卖盘
10:16:44,31.05,0.0,91,282545,买盘
10:16:47,31.04,-0.01,14,43459,卖盘
10:16:50,31.04,0.0,378,1173664,卖盘
10:16:53,31.04,0.0,100,310459,卖盘
10:16:56,31.04,0.0,51,158306,卖盘
10:16:59,31.05,0.01,222,689262,买盘
10:17:02,31.05,0.0,155,481274,卖盘
10:17:05,31.04,-0.01,171,530814,卖盘
10:17:07,31.04,0.0,163,506106,卖盘
10:17:11,31.06,0.02,172,534059,买盘
10:17:13,31.05,-0.01,123,381861,卖盘
10:17:16,31.06,0.01,347,1077373,买盘
10:17:20,31.05,-0.01,54,167688,卖盘
10:17:23,31.05,0.0,1014,3146954,卖盘
10:17:25,31.05,0.0,353,1096152,买盘
10:17:28,31.06,0.01,13,40378,买盘
10:17:32,31.05,-0.01,46,142874,卖盘
10:17:35,31.0,-0.05,1257,3899875,卖盘
10:17:38,31.03,0.03,106,328936,中性盘
10:17:41,31.04,0.01,29,89988,买盘
10:17:44,31.0,-0.04,1313,4071074,卖盘
10:17:47,31.01,0.01,54,167539,中性盘
10:17:50,31.02,0.01,58,179926,中性盘
10:17:53,31.02,0.0,34,105471,卖盘
10:17:55,31.02,0.0,31,96168,卖盘
10:17:58,31.02,0.0,64,198569,卖盘
10:18:02,31.03,0.01,32,99292,买盘
10:18:05,31.02,-0.01,585,1814228,卖盘
10:18:07,31.02,0.0,5,15510,买盘
10:18:10,31.01,-0.01,479,1486130,卖盘
10:18:14,31.01,0.0,1290,3999114,买盘
10:18:17,31.0,-0.01,1040,3224028,卖盘
10:18:20,31.0,0.0,275,852503,卖盘
10:18:23,31.0,0.0,301,933103,卖盘
10:18:27,30.99,-0.01,1392,4313376,卖盘
10:18:29,30.99,0.0,235,728049,买盘
10:18:32,30.98,-0.01,45,139414,卖盘
10:18:35,30.98,0.0,60,185745,买盘
10:18:38,30.94,-0.04,113,349762,卖盘
10:18:40,30.93,-0.01,214,662343,卖盘
10:18:44,30.95,0.02,129,399379,中性盘
10:18:47,30.95,0.0,33,102135,卖盘
10:18:50,30.95,0.0,2361,7316274,卖盘
10:18:53,30.95,0.0,134,414760,卖盘
10:18:56,30.99,0.04,332,1028034,买盘
10:18:59,30.99,0.0,161,498939,卖盘
10:19:01,31.01,0.02,454,1407645,买盘
10:19:05,31.01,0.0,47,145579,买盘
10:19:08,31.0,-0.01,78,241993,卖盘
10:19:11,31.01,0.01,122,378414,卖盘
10:19:14,31.0,-0.01,41,127119,卖盘
10:19:17,31.0,0.0,738,2287996,卖盘
10:19:20,31.0,0.0,60,186000,买盘
10:19:23,30.99,-0.01,215,666533,卖盘
10:19:25,31.0,0.01,520,1612080,买盘
10:19:29,31.0,0.0,49,151900,卖盘
10:19:32,31.0,0.0,97,300857,卖盘
10:19:35,31.03,0.03,130,403086,买盘
10:19:38,31.01,-0.02,60,186148,卖盘
10:19:40,31.02,0.01,42,130278,中性盘
10:19:44,31.03,0.01,282,875349,中性盘
10:19:47,31.04,0.01,171,530783,中性盘
10:19:49,31.04,0.0,27,83813,卖盘
10:19:52,31.04,0.0,260,807101,卖盘
10:19:57,31.04,0.0,72,223488,中性盘
10:19:59,31.04,0.0,235,729637,买盘
10:20:02,31.03,-0.01,45,139648,卖盘
10:20:04,31.03,0.0,235,729295,卖盘
10:20:07,31.03,0.0,38,117886,卖盘
10:20:10,31.01,-0.02,118,365939,卖盘
10:20:14,31.01,0.0,228,707093,买盘
10:20:17,31.01,0.0,577,1788823,买盘
10:20:20,31.01,0.0,504,1562830,买盘
10:20:23,31.01,0.0,480,1488530,卖盘
10:20:26,30.99,-0.02,452,1401511,卖盘
10:20:29,30.98,-0.01,39,120879,卖盘
10:20:32,30.99,0.01,204,632158,中性盘
10:20:35,30.98,-0.01,154,477269,卖盘
10:20:38,30.97,-0.01,41,127097,卖盘
10:20:41,30.98,0.01,177,548228,买盘
10:20:44,30.96,-0.02,51,157896,卖盘
10:20:47,31.0,0.04,106,328485,买盘
10:20:49,31.0,0.0,112,347200,卖盘
10:20:53,31.03,0.03,198,613939,买盘
10:20:56,31.0,-0.03,73,226300,卖盘
10:20:59,30.98,-0.02,412,1277239,卖盘
10:21:02,31.0,0.02,39,120900,买盘
10:21:05,31.01,0.01,470,1457098,买盘
10:21:09,30.95,-0.06,749,2318947,卖盘
10:21:11,31.0,0.05,85,263234,买盘
10:21:14,31.0,0.0,83,257172,买盘
10:21:17,30.99,-0.01,265,821504,中性盘
10:21:19,30.99,0.0,133,412065,卖盘
10:21:23,30.99,0.0,49,151807,中性盘
10:21:26,31.0,0.01,128,396638,买盘
10:21:29,30.99,-0.01,75,232431,中性盘
10:21:32,30.98,-0.01,56,173535,卖盘
10:21:35,30.99,0.01,63,195204,买盘
10:21:37,30.99,0.0,126,390451,卖盘
10:21:41,30.99,0.0,122,378078,卖盘
10:21:44,30.98,-0.01,32,99154,卖盘
10:21:47,30.99,0.01,45,139394,买盘
10:21:50,30.98,-0.01,60,185872,中性盘
10:21:52,30.98,0.0,126,390272,卖盘
10:21:55,30.95,-0.03,35,108394,卖盘
10:21:59,30.97,0.02,54,167197,买盘
10:22:02,30.95,-0.02,55,170244,卖盘
10:22:06,30.96,0.01,175,541867,买盘
10:22:08,30.96,0.0,528,1634433,卖盘
10:22:12,30.96,0.0,314,972538,买盘
10:22:14,30.95,-0.01,121,374528,卖盘
10:22:17,30.96,0.01,38,117618,买盘
10:22:20,30.95,-0.01,115,355986,卖盘
10:22:22,30.95,0.0,135,417917,卖盘
10:22:25,30.96,0.01,114,352930,买盘
10:22:28,30.95,-0.01,243,752313,卖盘
10:22:32,30.96,0.01,88,272451,买盘
10:22:35,30.97,0.01,116,359165,买盘
10:22:39,30.96,-0.01,589,1824536,卖盘
10:22:42,30.96,0.0,84,260111,卖盘
10:22:43,30.96,0.0,602,1864958,卖盘
10:22:47,30.97,0.01,108,334423,买盘
10:22:49,30.96,-0.01,36,111466,卖盘
10:22:52,30.97,0.01,57,176530,中性盘
10:22:57,30.97,0.0,120,371536,卖盘
10:22:59,30.97,0.0,34,105281,买盘
10:23:02,30.96,-0.01,254,786447,卖盘
10:23:05,30.96,0.0,111,343699,卖盘
10:23:09,30.96,0.0,377,1167490,卖盘
10:23:12,30.97,0.01,55,170298,买盘
10:23:14,30.96,-0.01,44,136229,卖盘
10:23:17,31.0,0.04,430,1332007,买盘
10:23:21,30.96,-0.04,37,114562,卖盘
10:23:23,30.95,-0.01,43,135383,卖盘
10:23:26,30.95,0.0,32,99052,卖盘
10:23:29,30.96,0.01,41,126930,买盘
10:23:32,30.96,0.0,360,1114262,买盘
10:23:35,30.96,0.0,58,179539,卖盘
10:23:39,30.96,0.0,58,179569,卖盘
10:23:42,30.96,0.0,42,130046,卖盘
10:23:44,30.96,0.0,165,510840,卖盘
10:23:47,30.97,0.01,34,105273,买盘
10:23:50,30.96,-0.01,138,427365,卖盘
10:23:53,30.97,0.01,158,489205,买盘
10:23:57,30.96,-0.01,75,232170,卖盘
10:23:59,30.96,0.0,63,195048,买盘
10:24:02,30.98,0.02,70,216794,买盘
10:24:05,30.97,-0.01,105,325273,卖盘
10:24:07,30.97,0.0,68,210599,卖盘
10:24:11,30.98,0.01,1,3098,买盘
10:24:14,30.99,0.01,286,886262,买盘
10:24:17,30.99,0.0,99,306801,卖盘
10:24:20,31.0,0.01,414,1283384,买盘
10:24:23,30.99,-0.01,30,92988,卖盘
10:24:27,30.99,0.0,132,409103,卖盘
10:24:29,31.0,0.01,195,604476,买盘
10:24:32,31.0,0.0,30,92995,买盘
10:24:35,31.0,0.0,41,127077,买盘
10:24:39,31.0,0.0,390,1208970,买盘
10:24:42,31.0,0.0,575,1782156,买盘
10:24:44,30.99,-0.01,395,1224172,卖盘
10:24:47,31.0,0.01,80,247973,买盘
10:24:51,31.0,0.0,275,852522,买盘
10:24:53,31.0,0.0,9,27901,卖盘
10:24:56,31.0,0.0,24,74401,卖盘
10:24:59,31.01,0.01,80,248037,买盘
10:25:02,31.0,-0.01,39,120908,卖盘
10:25:06,31.0,0.0,79,244964,卖盘
10:25:08,31.03,0.03,67,207867,买盘
10:25:12,31.01,-0.02,21,65121,卖盘
10:25:14,31.01,0.0,88,272897,卖盘
10:25:17,31.01,0.0,173,536688,卖盘
10:25:19,31.01,0.0,35,108546,卖盘
10:25:23,31.0,-0.01,242,750247,卖盘
10:25:27,31.08,0.08,692,2148108,买盘
10:25:29,31.0,-0.08,47,145809,卖盘
10:25:32,31.03,0.03,45,139604,买盘
10:25:36,31.01,-0.02,35,108540,卖盘
10:25:39,31.01,0.0,60,186060,卖盘
10:25:42,31.02,0.01,13,40348,卖盘
10:25:44,31.03,0.01,38,117976,买盘
10:25:47,31.06,0.03,61,189298,中性盘
10:25:51,31.03,-0.03,32,99299,卖盘
10:25:52,31.02,-0.01,169,524369,卖盘
10:25:57,31.03,0.01,35,108591,中性盘
10:26:02,31.03,0.0,66,204794,买盘
10:26:06,31.02,-0.01,94,291773,卖盘
10:26:09,31.02,0.0,144,446707,卖盘
10:26:12,31.03,0.01,30,93090,卖盘
10:26:14,31.03,0.0,19,58963,卖盘
10:26:17,31.03,0.0,42,130327,卖盘
10:26:20,31.01,-0.02,145,449820,卖盘
10:26:23,31.01,0.0,46,142679,卖盘
10:26:27,31.01,0.0,31,96139,卖盘
10:26:29,31.0,-0.01,40,124044,卖盘
10:26:32,31.02,0.02,225,697611,买盘
10:26:35,31.02,0.0,40,124045,买盘
10:26:39,31.01,-0.01,48,148849,卖盘
10:26:41,31.01,0.0,45,139545,卖盘
10:26:44,31.02,0.01,72,223282,买盘
10:26:47,31.0,-0.02,105,325592,卖盘
10:26:51,31.0,0.0,285,883572,卖盘
10:26:54,30.99,-0.01,88,272796,卖盘
10:26:57,30.98,-0.01,30,92969,卖盘
10:27:00,30.99,0.01,30,92985,中性盘
10:27:02,30.98,-0.01,25,77465,卖盘
10:27:06,30.98,0.0,12,37177,卖盘
10:27:09,30.98,0.0,98,303621,卖盘
10:27:12,30.98,0.0,86,266437,买盘
10:27:15,30.98,0.0,18,55758,中性盘
10:27:17,30.97,-0.01,96,297399,卖盘
10:27:20,30.98,0.01,71,219958,买盘
10:27:24,30.98,0.0,68,210721,卖盘
10:27:27,30.99,0.01,387,1198765,买盘
10:27:30,30.98,-0.01,214,662998,卖盘
10:27:32,30.98,0.0,106,328378,买盘
10:27:36,30.95,-0.03,382,1182391,卖盘
10:27:39,30.94,-0.01,118,365196,卖盘
10:27:42,30.94,0.0,96,297105,卖盘
10:27:45,30.94,0.0,6,18568,卖盘
10:27:47,30.94,0.0,60,185646,卖盘
10:27:51,30.94,0.0,284,878950,卖盘
10:27:54,30.95,0.01,147,454793,买盘
10:27:57,30.95,0.0,249,770427,买盘
10:27:59,30.94,-0.01,148,458122,卖盘
10:28:02,30.95,0.01,55,170180,中性盘
10:28:06,30.94,-0.01,161,498680,卖盘
10:28:09,30.94,0.0,233,721111,卖盘
10:28:12,30.95,0.01,84,259979,买盘
10:28:14,30.94,-0.01,188,582078,卖盘
10:28:17,30.94,0.0,176,544661,卖盘
10:28:20,30.95,0.01,184,569460,买盘
10:28:23,30.96,0.01,38,117650,中性盘
10:28:27,30.95,-0.01,21,64985,卖盘
10:28:29,30.97,0.02,117,362325,买盘
10:28:32,30.95,-0.02,341,1055486,卖盘
10:28:36,30.96,0.01,41,126949,中性盘
10:28:38,30.98,0.02,59,182769,买盘
10:28:41,30.97,-0.01,75,232329,卖盘
10:28:44,30.96,-0.01,25,77423,卖盘
10:28:47,30.98,0.02,329,1018618,买盘
10:28:51,30.98,0.0,4,12392,卖盘
10:28:54,30.97,-0.01,6,18582,卖盘
10:28:56,30.99,0.02,260,805616,买盘
10:29:00,30.98,-0.01,74,229304,卖盘
10:29:02,30.99,0.01,3,9295,中性盘
10:29:06,30.98,-0.01,1,3098,卖盘
10:29:08,30.96,-0.02,292,904262,卖盘
10:29:12,30.95,-0.01,116,359074,卖盘
10:29:15,30.96,0.01,25,77400,买盘
10:29:17,30.95,-0.01,41,126910,卖盘
10:29:21,30.96,0.01,39,120743,买盘
10:29:24,30.96,0.0,49,151697,买盘
10:29:27,30.95,-0.01,106,328076,卖盘
10:29:29,30.96,0.01,52,160968,买盘
10:29:32,30.95,-0.01,273,845046,卖盘
10:29:36,30.95,0.0,47,145467,卖盘
10:29:38,30.95,0.0,19,58805,中性盘
10:29:41,30.96,0.01,105,325018,买盘
10:29:45,30.95,-0.01,44,136192,卖盘
10:29:47,30.95,0.0,38,117610,卖盘
10:29:50,30.96,0.01,140,433573,买盘
10:29:54,30.95,-0.01,24,74278,卖盘
10:29:57,30.95,0.0,67,207354,买盘
10:29:59,30.95,0.0,11,34038,买盘
10:30:02,30.95,0.0,65,201125,买盘
10:30:06,30.94,-0.01,622,1924753,卖盘
10:30:09,30.95,0.01,137,423970,买盘
10:30:12,30.93,-0.02,144,445529,卖盘
10:30:15,30.95,0.02,13,40235,买盘
10:30:17,30.94,-0.01,15,46410,买盘
10:30:21,30.94,0.0,69,213481,买盘
10:30:23,30.94,0.0,65,201093,买盘
10:30:26,30.92,-0.02,121,374174,卖盘
10:30:29,30.93,0.01,10,30924,中性盘
10:30:32,30.92,-0.01,11,34022,卖盘
10:30:36,30.93,0.01,55,170090,买盘
10:30:39,30.94,0.01,177,547535,买盘
10:30:41,30.92,-0.02,22,68043,卖盘
10:30:44,30.94,0.02,52,160851,买盘
10:30:47,30.93,-0.01,30,92790,卖盘
10:30:50,30.94,0.01,15,46400,买盘
10:30:54,30.92,-0.02,49,151554,卖盘
10:30:57,30.93,0.01,26,80425,中性盘
10:30:59,30.93,0.0,42,129897,买盘
10:31:02,30.93,0.0,35,108258,卖盘
10:31:06,30.93,0.0,14,43302,卖盘
10:31:09,30.93,0.0,36,111348,卖盘
10:31:12,30.94,0.01,5,15467,买盘
10:31:15,30.94,0.0,46,142316,买盘
10:31:17,30.93,-0.01,14,43302,卖盘
10:31:21,30.94,0.01,21,64964,买盘
10:31:24,30.94,0.0,13,40217,买盘
10:31:27,30.93,-0.01,98,303114,卖盘
10:31:29,30.93,0.0,12,37116,卖盘
10:31:32,30.93,0.0,8,24747,卖盘
10:31:36,30.93,0.0,72,222716,卖盘
10:31:38,30.93,0.0,128,395904,卖盘
10:31:42,30.93,0.0,28,86609,卖盘
10:31:44,30.94,0.01,185,572231,买盘
10:31:48,30.93,-0.01,157,485633,卖盘
10:31:50,30.94,0.01,551,1704565,买盘
10:31:54,30.92,-0.02,56,173239,卖盘
10:31:56,30.93,0.01,33,102069,卖盘
10:32:00,30.93,0.0,137,423776,卖盘
10:32:02,30.94,0.01,285,881459,买盘
10:32:06,30.94,0.0,31,95849,卖盘
10:32:09,30.94,0.0,15,46410,卖盘
10:32:12,30.94,0.0,22,68068,卖盘
10:32:14,30.94,0.0,15,46410,卖盘
10:32:17,30.94,0.0,16,49506,卖盘
10:32:21,30.93,-0.01,157,485792,卖盘
10:32:23,30.93,0.0,46,142344,卖盘
10:32:27,30.95,0.02,3,9285,买盘
10:32:30,30.95,0.0,27,83563,买盘
10:32:32,30.95,0.0,21,64995,买盘
10:32:36,30.95,0.0,1,3095,买盘
10:32:39,30.95,0.0,40,123800,买盘
10:32:41,30.95,0.0,48,148560,买盘
10:32:45,30.95,0.0,41,126867,买盘
10:32:47,30.95,0.0,29,89755,买盘
10:32:51,30.95,0.0,45,139263,买盘
10:32:54,30.95,0.0,36,111408,买盘
10:32:56,30.95,0.0,4,12380,卖盘
10:33:00,30.95,0.0,64,198101,卖盘
10:33:02,30.96,0.01,35,108360,买盘
10:33:06,30.96,0.0,15,46440,买盘
10:33:09,30.96,0.0,10,30960,卖盘
10:33:12,30.97,0.01,11,34057,买盘
10:33:15,30.97,0.0,41,126976,买盘
10:33:17,30.97,0.0,40,123879,买盘
10:33:21,30.96,-0.01,139,430462,卖盘
10:33:24,30.97,0.01,37,114559,买盘
10:33:27,30.96,-0.01,23,71214,卖盘
10:33:30,30.97,0.01,70,216780,买盘
10:33:32,30.97,0.0,45,139354,买盘
10:33:36,30.97,0.0,66,204374,买盘
10:33:39,30.96,-0.01,50,154824,卖盘
10:33:42,30.97,0.01,45,139347,买盘
10:33:45,30.98,0.01,278,860980,买盘
10:33:47,30.98,0.0,166,514143,买盘
10:33:51,30.97,-0.01,65,201310,卖盘
10:33:54,30.95,-0.02,634,1962789,卖盘
10:33:57,30.97,0.02,213,659844,买盘
10:34:00,30.98,0.01,139,430609,买盘
10:34:02,30.97,-0.01,45,139400,卖盘
10:34:06,30.99,0.02,35,108446,买盘
10:34:09,30.98,-0.01,31,96040,卖盘
10:34:12,31.0,0.02,1038,3216800,买盘
10:34:14,31.0,0.0,95,294469,买盘
10:34:17,30.99,-0.01,29,89871,卖盘
10:34:20,30.99,0.0,8,24793,卖盘
10:34:24,31.0,0.01,36,111570,买盘
10:34:27,30.99,-0.01,99,306831,卖盘
10:34:29,31.0,0.01,160,495907,买盘
10:34:32,30.99,-0.01,251,777917,卖盘
10:34:35,31.0,0.01,235,728282,买盘
10:34:39,30.99,-0.01,113,350217,卖盘
10:34:42,30.99,0.0,17,52698,卖盘
10:34:44,30.99,0.0,108,334656,卖盘
10:34:47,30.98,-0.01,16,49583,卖盘
10:34:50,30.99,0.01,22,68178,买盘
10:34:54,30.98,-0.01,173,536086,卖盘
10:34:57,30.99,0.01,80,247898,买盘
10:35:00,30.99,0.0,194,601014,中性盘
10:35:02,30.99,0.0,56,173550,卖盘
10:35:06,30.98,-0.01,60,185880,卖盘
10:35:08,30.98,0.0,189,585509,买盘
10:35:11,30.99,0.01,75,232367,买盘
10:35:14,30.99,0.0,172,532880,买盘
10:35:17,30.99,0.0,4,12396,买盘
10:35:21,30.98,-0.01,52,161120,卖盘
10:35:24,30.97,-0.01,2,6194,卖盘
10:35:27,30.98,0.01,96,297407,买盘
10:35:30,30.98,0.0,86,266414,买盘
10:35:32,30.98,0.0,97,300505,买盘
10:35:36,30.98,0.0,18,55764,卖盘
10:35:38,30.97,-0.01,95,294271,卖盘
10:35:42,30.98,0.01,23,71254,中性盘
10:35:45,30.95,-0.03,480,1486089,卖盘
10:35:47,30.95,0.0,127,393065,买盘
10:35:51,30.95,0.0,35,108303,买盘
10:35:54,30.94,-0.01,2,6188,卖盘
10:35:57,30.95,0.01,226,699405,买盘
10:36:00,30.94,-0.01,185,572542,卖盘
10:36:02,30.94,0.0,15,46414,卖盘
10:36:06,30.94,0.0,29,89747,卖盘
10:36:09,30.95,0.01,103,318746,买盘
10:36:12,30.94,-0.01,42,129969,卖盘
10:36:14,30.95,0.01,41,126886,买盘
10:36:17,30.95,0.0,27,83562,买盘
10:36:21,30.95,0.0,21,64995,买盘
10:36:23,30.95,0.0,125,386798,买盘
10:36:26,30.94,-0.01,22,68085,卖盘
10:36:30,30.95,0.01,49,151650,买盘
10:36:32,30.95,0.0,76,235201,买盘
10:36:36,30.95,0.0,4,12380,卖盘
10:36:39,30.95,0.0,18,55715,卖盘
10:36:42,30.95,0.0,12,37146,卖盘
10:36:44,30.95,0.0,50,154776,卖盘
10:36:47,30.94,-0.01,101,312585,卖盘
10:36:51,30.95,0.01,77,238387,卖盘
10:36:54,30.95,0.0,12,37140,卖盘
10:36:57,30.96,0.01,81,250757,买盘
10:37:00,30.97,0.01,45,139277,买盘
10:37:02,30.97,0.0,222,687306,买盘
10:37:05,30.97,0.0,13,40253,买盘
10:37:11,30.97,0.0,17,52642,买盘
10:37:15,30.97,0.0,29,89808,买盘
10:37:17,30.98,0.01,25,77435,买盘
10:37:21,30.98,0.0,5,15490,买盘
10:37:24,30.98,0.0,162,501871,买盘
10:37:27,30.98,0.0,133,411916,买盘
10:37:29,30.98,0.0,59,182723,买盘
10:37:32,30.98,0.0,76,235401,买盘
10:37:36,30.98,0.0,88,272624,卖盘
10:37:38,30.98,0.0,21,65058,卖盘
10:37:42,30.98,0.0,23,71257,卖盘
10:37:45,30.98,0.0,139,430746,卖盘
10:37:47,30.98,0.0,34,105332,卖盘
10:37:51,30.98,0.0,33,102250,卖盘
10:37:54,30.98,0.0,44,136354,卖盘
10:37:57,30.99,0.01,12,37177,买盘
10:38:00,30.99,0.0,214,663161,买盘
10:38:02,30.98,-0.01,7,21689,卖盘
10:38:06,30.99,0.01,26,80554,买盘
10:38:09,30.99,0.0,37,114663,买盘
10:38:12,30.98,-0.01,5,15490,卖盘
10:38:15,30.99,0.01,25,77468,买盘
10:38:17,30.98,-0.01,399,1236472,卖盘
10:38:20,30.98,0.0,420,1301327,卖盘
10:38:23,30.98,0.0,312,966628,卖盘
10:38:27,30.98,0.0,108,334539,卖盘
10:38:30,30.98,0.0,74,229250,卖盘
10:38:32,30.98,0.0,61,189010,买盘
10:38:36,30.98,0.0,43,133219,卖盘
10:38:39,30.98,0.0,1,3098,买盘
10:38:41,30.98,0.0,4,12391,买盘
10:38:44,30.98,0.0,76,235330,买盘
10:38:47,30.97,-0.01,60,185767,买盘
10:38:51,30.97,0.0,20,61940,买盘
10:38:54,30.95,-0.02,34,105262,卖盘
10:38:57,30.96,0.01,59,182664,买盘
10:39:00,30.96,0.0,23,71218,卖盘
10:39:02,30.96,0.0,76,235321,卖盘
10:39:06,30.96,0.0,31,95965,买盘
10:39:08,30.96,0.0,142,439632,买盘
10:39:12,30.96,0.0,118,365296,买盘
10:39:15,30.95,-0.01,28,86676,卖盘
10:39:17,30.96,0.01,58,179564,买盘
10:39:21,30.95,-0.01,81,250723,卖盘
10:39:24,30.96,0.01,31,95975,买盘
10:39:27,30.96,0.0,37,114539,买盘
10:39:30,30.97,0.01,47,145499,买盘
10:39:32,30.96,-0.01,8,24768,卖盘
10:39:36,30.96,0.0,37,114552,卖盘
10:39:39,30.96,0.0,7,21671,买盘
10:39:42,30.95,-0.01,15,46425,卖盘
10:39:45,30.96,0.01,151,467478,买盘
10:39:47,30.94,-0.02,295,913003,卖盘
10:39:50,30.94,0.0,31,95929,卖盘
10:39:54,30.94,0.0,17,52607,卖盘
10:39:57,30.95,0.01,28,86681,中性盘
10:40:00,30.94,-0.01,22,68075,卖盘
10:40:02,30.94,0.0,42,129975,卖盘
10:40:06,30.94,0.0,134,414626,卖盘
10:40:08,30.95,0.01,73,225858,买盘
10:40:12,30.94,-0.01,90,278460,卖盘
10:40:15,30.93,-0.01,159,491771,卖盘
10:40:17,30.93,0.0,37,114441,买盘
10:40:21,30.93,0.0,36,111346,买盘
10:40:24,30.93,0.0,21,64933,买盘
10:40:26,30.92,-0.01,44,136064,卖盘
10:40:29,30.92,0.0,149,460800,卖盘
10:40:32,30.92,0.0,300,927834,卖盘
10:40:36,30.92,0.0,70,216440,卖盘
10:40:39,30.92,0.0,74,228818,卖盘
10:40:41,30.92,0.0,98,303026,卖盘
10:40:45,30.91,-0.01,116,358700,卖盘
10:40:47,30.91,0.0,262,809888,卖盘
10:40:51,30.91,0.0,123,380173,卖盘
10:40:54,30.9,-0.01,102,315331,卖盘
10:40:57,30.9,0.0,1532,4733920,卖盘
10:40:59,30.91,0.01,105,324535,买盘
10:41:02,30.91,0.0,75,231858,买盘
10:41:06,30.91,0.0,313,967471,卖盘
10:41:09,30.93,0.02,140,432970,买盘
10:41:12,30.93,0.0,202,624599,卖盘
10:41:14,30.93,0.0,64,197952,卖盘
10:41:17,30.93,0.0,181,559865,卖盘
10:41:20,30.91,-0.02,49,151470,卖盘
10:41:24,30.91,0.0,18,55638,买盘
10:41:27,30.9,-0.01,330,1019990,卖盘
10:41:29,30.9,0.0,31,95798,卖盘
10:41:32,30.91,0.01,90,278142,买盘
10:41:35,30.9,-0.01,38,117423,卖盘
10:41:38,30.9,0.0,54,166861,卖盘
10:41:42,30.9,0.0,89,275025,卖盘
10:41:45,30.89,-0.01,43,132866,卖盘
10:41:47,30.89,0.0,57,176101,卖盘
10:41:51,30.89,0.0,321,991435,卖盘
10:41:54,30.89,0.0,23,71033,买盘
10:41:56,30.88,-0.01,200,617727,卖盘
10:42:00,30.89,0.01,91,281099,买盘
10:42:02,30.89,0.0,50,154450,卖盘
10:42:06,30.88,-0.01,35,108103,卖盘
10:42:09,30.89,0.01,188,580799,买盘
10:42:12,30.9,0.01,133,410938,买盘
10:42:15,30.89,-0.01,23,71053,卖盘
10:42:17,30.89,0.0,37,114321,卖盘
10:42:20,30.89,0.0,58,179162,卖盘
10:42:24,30.89,0.0,44,135917,卖盘
10:42:26,30.9,0.01,234,723059,买盘
10:42:29,30.9,0.0,506,1564041,卖盘
10:42:32,30.9,0.0,58,179230,卖盘
10:42:35,30.9,0.0,294,908746,卖盘
10:42:39,30.91,0.01,278,859299,买盘
10:42:42,30.91,0.0,39,120549,卖盘
10:42:45,30.92,0.01,32,98942,买盘
10:42:47,30.92,0.0,17,52570,中性盘
10:42:51,30.93,0.01,196,605861,买盘
10:42:53,30.92,-0.01,27,83506,卖盘
10:42:57,30.93,0.01,137,423817,买盘
10:43:00,30.93,0.0,24,74226,买盘
10:43:02,30.91,-0.02,244,754462,卖盘
10:43:06,30.93,0.02,174,537987,中性盘
10:43:09,30.94,0.01,106,327902,买盘
10:43:12,30.92,-0.02,123,380369,卖盘
10:43:15,30.93,0.01,122,377313,买盘
10:43:17,30.92,-0.01,108,333961,中性盘
10:43:21,30.91,-0.01,112,346255,卖盘
10:43:23,30.93,0.02,116,358600,买盘
10:43:26,30.91,-0.02,110,340039,卖盘
10:43:30,30.92,0.01,73,225663,买盘
10:43:32,30.92,0.0,86,265942,卖盘
10:43:35,30.92,0.0,101,312312,卖盘
10:43:39,30.92,0.0,39,120588,卖盘
10:43:41,30.92,0.0,203,627660,卖盘
10:43:45,30.91,-0.01,20,61823,卖盘
10:43:47,30.93,0.02,39,120618,买盘
10:43:51,30.92,-0.01,128,395668,买盘
10:43:53,30.91,-0.01,40,123652,卖盘
10:43:57,30.91,0.0,30,92726,买盘
10:44:00,30.91,0.0,12,37092,卖盘
10:44:02,30.9,-0.01,122,377059,卖盘
10:44:06,30.91,0.01,15,46360,买盘
10:44:09,30.9,-0.01,22,67980,卖盘
10:44:12,30.9,0.0,241,744691,卖盘
10:44:15,30.9,0.0,3,9272,卖盘
10:44:17,30.9,0.0,175,540789,卖盘
10:44:20,30.9,0.0,36,111240,卖盘
10:44:24,30.9,0.0,117,361539,卖盘
10:44:26,30.9,0.0,157,485214,卖盘
10:44:30,30.9,0.0,28,86521,卖盘
10:44:32,30.9,0.0,93,285984,卖盘
10:44:35,30.9,0.0,301,931513,卖盘
10:44:39,30.9,0.0,25,77250,买盘
10:44:42,30.9,0.0,89,274988,买盘
10:44:45,30.9,0.0,69,213151,买盘
10:44:47,30.89,-0.01,107,330557,卖盘
10:44:50,30.89,0.0,195,602355,卖盘
10:44:54,30.88,-0.01,70,216223,卖盘
10:44:56,30.89,0.01,45,139006,中性盘
10:45:00,30.89,0.0,36,111210,卖盘
10:45:02,30.88,-0.01,239,738155,卖盘
10:45:05,30.89,0.01,12,37064,买盘
10:45:09,30.89,0.0,15,46329,买盘
10:45:12,30.88,-0.01,455,1405125,卖盘
10:45:15,30.88,0.0,22,67941,卖盘
10:45:17,30.88,0.0,399,1232164,卖盘
10:45:21,30.88,0.0,95,293392,卖盘
10:45:24,30.88,0.0,208,642473,卖盘
10:45:27,30.88,0.0,88,271775,卖盘
10:45:29,30.89,0.01,101,311993,买盘
10:45:32,30.89,0.0,27,83403,卖盘
10:45:36,30.9,0.01,297,917713,买盘
10:45:39,30.89,-0.01,134,413979,卖盘
10:45:42,30.9,0.01,378,1168637,买盘
10:45:45,30.9,0.0,88,271920,卖盘
10:45:47,30.9,0.0,206,637440,卖盘
10:45:51,30.9,0.0,314,970190,卖盘
10:45:54,30.91,0.01,6,18561,卖盘
10:45:57,30.91,0.0,34,105166,卖盘
10:45:59,30.9,-0.01,4,12360,卖盘
10:46:02,30.92,0.02,35,108272,卖盘
10:46:05,30.91,-0.01,48,148409,卖盘
10:46:08,30.92,0.01,7,21646,中性盘
10:46:12,30.92,0.0,115,355787,卖盘
10:46:15,30.94,0.02,5,15470,卖盘
10:46:17,30.92,-0.02,133,411441,卖盘
10:46:21,30.92,0.0,29,89680,卖盘
10:46:24,30.94,0.02,1,3094,买盘
10:46:30,30.93,-0.01,1,3093,卖盘
10:46:32,30.93,0.0,181,559857,卖盘
10:46:35,30.93,0.0,37,114464,卖盘
10:46:39,30.93,0.0,14,43302,卖盘
10:46:42,30.94,0.01,122,377471,买盘
10:46:45,30.94,0.0,38,117547,买盘
10:46:47,30.95,0.01,11,34036,买盘
10:46:51,30.93,-0.02,326,1008424,卖盘
10:46:54,30.95,0.02,1,3095,买盘
10:46:57,30.94,-0.01,76,235157,卖盘
10:47:00,30.95,0.01,60,185643,买盘
10:47:02,30.94,-0.01,175,541509,卖盘
10:47:06,30.94,0.0,27,83538,卖盘
10:47:09,30.94,0.0,13,40222,卖盘
10:47:12,30.95,0.01,148,457926,买盘
10:47:15,30.94,-0.01,16,49519,卖盘
10:47:17,30.95,0.01,77,238295,买盘
10:47:21,30.95,0.0,47,145438,买盘
10:47:24,30.94,-0.01,37,112804,卖盘
10:47:27,30.95,0.01,59,182602,买盘
10:47:30,30.94,-0.01,506,1567266,卖盘
10:47:32,30.93,-0.01,52,160874,卖盘
10:47:36,30.93,0.0,201,621951,卖盘
10:47:39,30.94,0.01,12,37126,买盘
10:47:42,30.94,0.0,108,334152,买盘
10:47:45,30.94,0.0,49,151611,卖盘
10:47:47,30.94,0.0,89,275396,卖盘
10:47:51,30.95,0.01,212,655939,买盘
10:47:54,30.95,0.0,13,40233,买盘
10:47:57,30.95,0.0,147,454934,买盘
10:47:59,30.96,0.01,2,6191,买盘
10:48:02,30.96,0.0,291,900933,买盘
10:48:05,30.95,-0.01,34,105230,卖盘
10:48:09,30.96,0.01,30,92879,买盘
10:48:12,30.96,0.0,21,65016,买盘
10:48:15,30.96,0.0,16,49536,卖盘
10:48:17,30.96,0.0,72,222912,卖盘
10:48:21,30.96,0.0,34,105269,卖盘
10:48:24,30.96,0.0,71,219886,卖盘
10:48:27,30.98,0.02,49,151775,买盘
10:48:30,30.97,-0.01,76,235372,卖盘
10:48:32,30.97,0.0,122,377925,卖盘
10:48:35,30.97,0.0,15,46455,卖盘
10:48:39,30.98,0.01,27,83642,买盘
10:48:42,30.98,0.0,69,213762,买盘
10:48:45,30.98,0.0,41,127018,卖盘
10:48:47,31.0,0.02,600,1859419,买盘
10:48:50,30.98,-0.02,250,774769,卖盘
10:48:54,30.98,0.0,19,58862,卖盘
10:48:57,31.0,0.02,162,502198,买盘
10:49:00,31.0,0.0,111,344097,买盘
10:49:02,31.0,0.0,196,607588,买盘
10:49:06,31.0,0.0,8,24796,买盘
10:49:09,30.99,-0.01,5,15498,卖盘
10:49:12,30.99,0.0,575,1782461,卖盘
10:49:15,31.0,0.01,7,21698,买盘
10:49:17,31.0,0.0,77,238674,买盘
10:49:20,31.0,0.0,12,37200,买盘
10:49:24,30.98,-0.02,330,1022655,卖盘
10:49:26,30.99,0.01,159,492731,买盘
10:49:30,30.98,-0.01,3,9296,卖盘
10:49:32,30.99,0.01,40,123960,买盘
10:49:35,30.98,-0.01,134,415239,卖盘
10:49:38,30.99,0.01,69,213776,买盘
10:49:42,30.99,0.0,53,164247,买盘
10:49:44,30.99,0.0,3,9297,卖盘
10:49:47,30.99,0.0,486,1506597,卖盘
10:49:50,30.98,-0.01,347,1075307,卖盘
10:49:53,31.0,0.02,90,278999,买盘
10:49:57,31.0,0.0,82,254200,卖盘
10:50:00,31.0,0.0,19,58901,卖盘
10:50:02,31.01,0.01,64,198430,买盘
10:50:06,31.01,0.0,191,592242,买盘
10:50:09,31.01,0.0,18,55818,卖盘
10:50:11,31.01,0.0,25,77529,卖盘
10:50:15,31.02,0.01,26,80651,买盘
10:50:17,31.01,-0.01,11,34111,卖盘
10:50:21,31.01,0.0,39,120947,卖盘
10:50:24,31.02,0.01,8,24816,买盘
10:50:27,31.02,0.0,186,576972,买盘
10:50:30,31.02,0.0,17,52733,买盘
10:50:32,31.01,-0.01,144,446662,卖盘
10:50:36,31.01,0.0,87,269839,卖盘
10:50:39,31.01,0.0,28,86829,卖盘
10:50:42,31.02,0.01,182,564521,买盘
10:50:44,31.01,-0.01,88,272952,卖盘
10:50:47,31.02,0.01,52,161278,买盘
10:50:51,31.0,-0.02,317,982853,卖盘
10:50:54,31.02,0.02,3,9306,中性盘
10:50:57,31.03,0.01,27,83779,买盘
10:51:00,31.02,-0.01,113,350628,卖盘
10:51:02,31.03,0.01,43,133409,买盘
10:51:06,31.01,-0.02,4,12404,卖盘
10:51:09,31.03,0.02,15,46545,买盘
10:51:12,31.04,0.01,13,40341,买盘
10:51:15,31.02,-0.02,18,55852,卖盘
10:51:17,31.03,0.01,2,6206,买盘
10:51:20,31.03,0.0,54,167562,买盘
10:51:23,31.03,0.0,9,27927,卖盘
10:51:27,31.04,0.01,7,21726,买盘
10:51:31,31.04,0.0,13,40347,买盘
10:51:32,31.03,-0.01,6,18623,卖盘
10:51:35,31.04,0.01,95,294876,买盘
10:51:39,31.04,0.0,2,6207,买盘
10:51:42,31.04,0.0,43,133471,买盘
10:51:44,31.03,-0.01,107,332035,卖盘
10:51:47,31.04,0.01,169,524413,买盘
10:51:51,31.02,-0.02,143,443708,卖盘
10:51:53,31.02,0.0,4,12408,买盘
10:51:57,31.01,-0.01,22,68234,卖盘
10:52:00,31.02,0.01,46,142679,买盘
10:52:02,31.02,0.0,262,812464,买盘
10:52:06,31.02,0.0,29,89937,买盘
10:52:09,31.01,-0.01,158,490040,卖盘
10:52:12,31.01,0.0,46,142611,买盘
10:52:15,31.0,-0.01,71,220114,卖盘
10:52:17,31.0,0.0,52,161200,卖盘
10:52:21,31.0,0.0,1143,3543302,卖盘
10:52:23,31.01,0.01,934,2895415,买盘
10:52:27,31.0,-0.01,343,1063117,卖盘
10:52:30,31.03,0.03,1080,3349148,买盘
10:52:32,30.99,-0.04,101,313183,卖盘
10:52:36,30.99,0.0,52,161171,卖盘
10:52:39,31.01,0.02,560,1735967,买盘
10:52:42,31.01,0.0,52,161248,买盘
10:52:45,31.01,0.0,556,1723222,买盘
10:52:47,31.0,-0.01,73,226370,中性盘
10:52:51,31.01,0.01,233,722106,买盘
10:52:54,30.99,-0.02,145,449368,卖盘
10:52:57,31.0,0.01,196,607480,买盘
10:52:59,31.01,0.01,114,353401,买盘
10:53:02,31.0,-0.01,99,306965,卖盘
10:53:06,31.0,0.0,33,102300,卖盘
10:53:08,31.0,0.0,24,74405,卖盘
10:53:11,31.0,0.0,79,244949,卖盘
10:53:15,31.0,0.0,59,182933,卖盘
10:53:17,31.01,0.01,61,189147,买盘
10:53:20,31.0,-0.01,32,99224,卖盘
10:53:24,31.01,0.01,26,80609,中性盘
10:53:27,31.01,0.0,37,114738,卖盘
10:53:30,31.01,0.0,9,27909,卖盘
10:53:33,31.0,-0.01,148,458961,卖盘
10:53:36,31.02,0.02,283,877709,买盘
10:53:39,31.01,-0.01,48,148848,卖盘
10:53:41,31.01,0.0,35,108535,卖盘
10:53:45,31.0,-0.01,31,96115,卖盘
10:53:47,31.0,0.0,75,232566,卖盘
10:53:52,31.0,0.0,144,446423,卖盘
10:53:54,31.0,0.0,200,620011,卖盘
10:53:57,30.99,-0.01,49,151881,卖盘
10:54:00,31.0,0.01,31,96100,买盘
10:54:03,31.0,0.0,40,124000,买盘
10:54:06,31.0,0.0,20,61996,买盘
10:54:08,31.0,0.0,123,381300,买盘
10:54:12,31.01,0.01,71,220118,买盘
10:54:15,31.0,-0.01,16,49600,卖盘
10:54:17,31.01,0.01,74,229458,买盘
10:54:20,31.0,-0.01,17,52701,卖盘
10:54:23,31.0,0.0,14,43403,卖盘
10:54:27,31.0,0.0,161,499166,卖盘
10:54:30,31.01,0.01,65,201548,买盘
10:54:33,31.01,0.0,163,505376,卖盘
10:54:36,31.01,0.0,35,108522,买盘
10:54:38,31.0,-0.01,71,220177,卖盘
10:54:42,31.0,0.0,6,18604,卖盘
10:54:45,31.02,0.02,22,68233,买盘
10:54:47,31.0,-0.02,150,465262,卖盘
10:54:51,31.0,0.0,52,161203,卖盘
10:54:53,31.02,0.02,282,874112,买盘
10:54:56,31.01,-0.01,11,34101,买盘
10:55:00,31.0,-0.01,118,365897,卖盘
10:55:02,31.0,0.0,22,68201,卖盘
10:55:06,31.01,0.01,70,217049,买盘
10:55:09,31.01,0.0,43,133343,买盘
10:55:12,31.01,0.0,82,254301,卖盘
10:55:14,31.01,0.0,29,89929,卖盘
10:55:17,31.02,0.01,272,843319,买盘
10:55:21,31.0,-0.02,25,77507,卖盘
10:55:23,31.0,0.0,38,117797,买盘
10:55:27,31.0,0.0,63,195294,买盘
10:55:30,30.99,-0.01,22,68185,卖盘
10:55:32,31.0,0.01,49,151897,买盘
10:55:36,30.99,-0.01,58,179789,卖盘
10:55:39,30.99,0.0,14,43386,卖盘
10:55:41,31.0,0.01,42,130198,买盘
10:55:45,31.0,0.0,12,37194,买盘
10:55:47,31.0,0.0,27,83698,买盘
10:55:51,31.0,0.0,14,43396,买盘
10:55:53,30.99,-0.01,300,929722,卖盘
10:55:57,31.0,0.01,173,536235,买盘
10:56:00,30.99,-0.01,67,207674,卖盘
10:56:02,31.0,0.01,79,244879,买盘
10:56:06,30.99,-0.01,21,65084,卖盘
10:56:09,31.0,0.01,35,108487,买盘
10:56:12,31.0,0.0,28,86794,买盘
10:56:15,30.99,-0.01,27,83690,卖盘
10:56:17,30.99,0.0,59,182895,卖盘
10:56:21,30.99,0.0,97,300649,卖盘
10:56:23,30.99,0.0,65,201461,卖盘
10:56:27,30.99,0.0,10,30990,卖盘
10:56:30,31.0,0.01,102,316165,买盘
10:56:32,30.99,-0.01,127,393626,卖盘
10:56:36,30.99,0.0,46,142556,卖盘
10:56:39,30.99,0.0,22,68178,卖盘
10:56:42,30.99,0.0,18,55782,卖盘
10:56:45,30.99,0.0,53,164268,卖盘
10:56:47,31.0,0.01,57,176692,买盘
10:56:51,30.99,-0.01,54,167389,卖盘
10:56:54,31.0,0.01,275,852257,买盘
10:56:57,30.99,-0.01,319,988586,卖盘
10:57:00,30.96,-0.03,519,1608089,卖盘
10:57:02,30.96,0.0,166,513853,买盘
10:57:06,30.94,-0.02,84,259919,卖盘
10:57:09,30.93,-0.01,267,826785,卖盘
10:57:12,30.93,0.0,115,355737,卖盘
10:57:15,30.92,-0.01,63,194853,卖盘
10:57:17,30.93,0.01,49,151548,买盘
10:57:21,30.92,-0.01,185,572098,卖盘
10:57:23,30.92,0.0,79,244209,中性盘
10:57:27,30.91,-0.01,44,136026,卖盘
10:57:30,30.91,0.0,19,58736,卖盘
10:57:32,30.92,0.01,100,309180,买盘
10:57:36,30.91,-0.01,78,241155,卖盘
10:57:39,30.91,0.0,38,117483,卖盘
10:57:42,30.92,0.01,23,71103,卖盘
10:57:45,30.92,0.0,134,414328,卖盘
10:57:47,30.93,0.01,87,269013,买盘
10:57:50,30.91,-0.02,24,74191,卖盘
10:57:54,30.92,0.01,215,664559,买盘
10:57:57,30.92,0.0,21,64932,买盘
10:58:00,30.92,0.0,75,231845,买盘
10:58:02,30.93,0.01,115,355573,买盘
10:58:05,30.93,0.0,80,247397,买盘
10:58:09,30.93,0.0,49,151553,买盘
10:58:12,30.93,0.0,42,129906,卖盘
10:58:17,30.93,0.0,56,173271,卖盘
10:58:21,30.95,0.02,27,83527,买盘
10:58:24,30.95,0.0,21,64987,买盘
10:58:27,30.94,-0.01,74,228962,卖盘
10:58:30,30.94,0.0,150,464198,买盘
10:58:32,30.93,-0.01,219,677442,卖盘
10:58:36,30.93,0.0,49,151554,卖盘
10:58:39,30.94,0.01,62,191802,买盘
10:58:42,30.95,0.01,23,71185,买盘
10:58:45,30.96,0.01,16,49536,买盘
10:58:47,30.96,0.0,3,9288,买盘
10:58:51,30.99,0.03,91,281994,买盘
10:58:53,30.96,-0.03,261,807953,卖盘
10:58:56,30.95,-0.01,7,21661,买盘
10:58:59,30.96,0.01,11,34046,买盘
10:59:02,30.95,-0.01,31,95963,中性盘
10:59:06,30.96,0.01,9,27864,买盘
10:59:08,30.95,-0.01,59,182648,卖盘
10:59:12,30.96,0.01,8,24776,中性盘
10:59:15,30.96,0.0,15,46440,卖盘
10:59:17,30.96,0.0,98,303524,卖盘
10:59:21,30.97,0.01,15,46459,卖盘
10:59:24,30.97,0.0,9,27873,卖盘
10:59:27,30.98,0.01,68,210664,买盘
10:59:29,30.98,0.0,77,238609,卖盘
10:59:32,30.99,0.01,22,68178,买盘
10:59:35,30.99,0.0,38,117747,卖盘
10:59:42,31.0,0.01,4,12400,买盘
10:59:44,30.99,-0.01,13,40287,卖盘
10:59:47,30.99,0.0,38,117799,卖盘
10:59:51,31.0,0.01,3,9298,买盘
10:59:54,30.98,-0.02,155,480286,卖盘
10:59:56,30.98,0.0,36,111528,买盘
11:00:00,30.98,0.0,9,27882,买盘
11:00:02,30.97,-0.01,116,359252,卖盘
11:00:06,30.96,-0.01,17,52635,卖盘
11:00:09,30.96,0.0,133,411851,卖盘
11:00:12,30.95,-0.01,39,120730,卖盘
11:00:15,30.95,0.0,95,294037,卖盘
11:00:17,30.95,0.0,242,749305,买盘
11:00:21,30.95,0.0,36,111431,买盘
11:00:24,30.95,0.0,140,433300,卖盘
11:00:27,30.95,0.0,136,420991,卖盘
11:00:30,30.96,0.01,113,349814,买盘
11:00:32,30.96,0.0,97,300312,卖盘
11:00:36,30.98,0.02,326,1008758,买盘
11:00:42,30.96,-0.02,10,30960,卖盘
11:00:45,30.96,0.0,23,71198,买盘
11:00:47,31.0,0.04,712,2206640,买盘
11:00:51,30.97,-0.03,300,929970,卖盘
11:00:53,30.99,0.02,208,644088,买盘
11:00:57,30.98,-0.01,28,86762,中性盘
11:01:00,30.98,0.0,35,108440,卖盘
11:01:02,30.99,0.01,66,204491,中性盘
11:01:06,30.99,0.0,11,34090,卖盘
11:01:09,30.97,-0.02,27,83679,卖盘
11:01:12,30.97,0.0,103,318916,卖盘
11:01:15,30.96,-0.01,71,219850,卖盘
11:01:17,30.95,-0.01,99,306484,卖盘
11:01:21,30.96,0.01,17,51272,买盘
11:01:24,30.95,-0.01,87,269375,买盘
11:01:26,30.95,0.0,39,120716,卖盘
11:01:29,30.96,0.01,61,188797,中性盘
11:01:32,31.0,0.04,620,1921972,买盘
11:01:36,31.0,0.0,11,34104,卖盘
11:01:39,31.0,0.0,32,99202,卖盘
11:01:42,31.0,0.0,32,99200,卖盘
11:01:44,31.0,0.0,67,207701,卖盘
11:01:47,31.01,0.01,71,220140,买盘
11:01:51,31.0,-0.01,15,46511,卖盘
11:01:54,31.01,0.01,325,1007446,买盘
11:01:57,30.98,-0.03,15,46490,卖盘
11:02:00,31.01,0.03,14,43404,买盘
11:02:02,30.98,-0.03,17,52680,卖盘
11:02:06,30.98,0.0,21,65064,卖盘
11:02:09,31.0,0.02,298,923728,买盘
11:02:12,31.01,0.01,61,189102,买盘
11:02:15,31.0,-0.01,34,105411,卖盘
11:02:17,31.01,0.01,93,288306,买盘
11:02:21,31.01,0.0,1,3101,买盘
11:02:24,31.0,-0.01,24,74421,卖盘
11:02:27,31.01,0.01,10,31010,买盘
11:02:30,31.0,-0.01,1,3100,卖盘
11:02:32,31.01,0.01,63,195358,买盘
11:02:36,31.01,0.0,74,228472,买盘
11:02:39,31.02,0.01,35,108557,买盘
11:02:42,31.03,0.01,521,1616265,买盘
11:02:45,31.02,-0.01,18,55819,中性盘
11:02:47,31.01,-0.01,42,130244,卖盘
11:02:51,31.01,0.0,9,27914,卖盘
11:02:54,31.01,0.0,241,747384,卖盘
11:02:57,31.02,0.01,48,148948,卖盘
11:03:00,31.02,0.0,12,37229,卖盘
11:03:02,31.03,0.01,32,99296,买盘
11:03:06,31.03,0.0,21,65151,买盘
11:03:09,31.03,0.0,116,359948,买盘
11:03:12,31.03,0.0,91,282372,买盘
11:03:15,31.03,0.0,17,52738,买盘
11:03:17,31.02,-0.01,21,65147,卖盘
11:03:21,31.03,0.01,13,40339,买盘
11:03:24,31.03,0.0,19,58950,买盘
11:03:27,31.03,0.0,95,294763,买盘
11:03:30,31.03,0.0,69,214107,买盘
11:03:32,31.03,0.0,6,18619,卖盘
11:03:36,31.03,0.0,24,74472,卖盘
11:03:41,31.04,0.01,58,180024,买盘
11:03:45,31.04,0.0,38,117921,买盘
11:03:47,31.04,0.0,18,55864,买盘
11:03:51,31.04,0.0,107,332128,买盘
11:03:54,31.06,0.02,809,2511294,买盘
11:03:57,31.05,-0.01,26,80730,卖盘
11:04:00,31.05,0.0,20,62100,卖盘
11:04:02,31.05,0.0,68,211191,卖盘
11:04:05,31.06,0.01,18,55897,买盘
11:04:09,31.05,-0.01,34,105582,卖盘
11:04:11,31.05,0.0,197,611803,卖盘
11:04:15,31.06,0.01,71,220528,买盘
11:04:17,31.06,0.0,7,21742,卖盘
11:04:21,31.07,0.01,87,270300,买盘
11:04:23,31.06,-0.01,21,65239,卖盘
11:04:27,31.07,0.01,21,65227,买盘
11:04:30,31.07,0.0,21,65238,买盘
11:04:32,31.07,0.0,126,391477,买盘
11:04:35,31.07,0.0,28,86989,买盘
11:04:39,31.06,-0.01,29,90091,卖盘
11:04:42,31.07,0.01,26,80764,买盘
11:04:45,31.08,0.01,519,1612815,买盘
11:04:47,31.07,-0.01,57,177123,买盘
11:04:51,31.07,0.0,104,323124,买盘
11:04:54,31.05,-0.02,304,944173,卖盘
11:04:56,31.05,0.0,37,114863,买盘
11:05:00,31.05,0.0,1,3105,买盘
11:05:02,31.04,-0.01,20,62093,卖盘
11:05:06,31.05,0.01,18,55886,买盘
11:05:09,31.04,-0.01,54,167625,卖盘
11:05:12,31.05,0.01,3,9315,买盘
11:05:14,31.05,0.0,51,158355,买盘
11:05:17,31.05,0.0,34,105570,买盘
11:05:21,31.05,0.0,17,52778,买盘
11:05:24,31.04,-0.01,11,34152,卖盘
11:05:27,31.05,0.01,111,344606,买盘
11:05:30,31.04,-0.01,82,254546,卖盘
11:05:32,31.04,0.0,51,158309,中性盘
11:05:35,31.04,0.0,137,425122,卖盘
11:05:39,31.02,-0.02,68,210976,卖盘
11:05:41,31.01,-0.01,101,313205,卖盘
11:05:45,31.01,0.0,146,452896,卖盘
11:05:47,31.01,0.0,5,15505,中性盘
11:05:51,31.0,-0.01,165,511552,卖盘
11:05:54,31.0,0.0,357,1106705,卖盘
11:05:57,31.01,0.01,34,105406,买盘
11:05:59,31.0,-0.01,6,18600,卖盘
11:06:02,31.01,0.01,8,24808,买盘
11:06:06,31.0,-0.01,18,55800,卖盘
11:06:09,31.01,0.01,27,83707,买盘
11:06:11,31.0,-0.01,223,691434,卖盘
11:06:15,31.01,0.01,20,62023,中性盘
11:06:17,31.01,0.0,13,40313,卖盘
11:06:21,31.01,0.0,15,46506,买盘
11:06:24,31.01,0.0,6,18606,买盘
11:06:26,31.01,0.0,102,316264,中性盘
11:06:30,31.0,-0.01,338,1048793,卖盘
11:06:32,31.0,0.0,228,706952,买盘
11:06:36,31.0,0.0,9,27900,卖盘
11:06:39,31.01,0.01,128,396978,买盘
11:06:42,31.01,0.0,55,170540,买盘
11:06:43,31.01,0.0,6,18601,买盘
11:06:47,31.0,-0.01,82,254219,卖盘
11:06:51,31.01,0.01,11,34110,买盘
11:06:54,31.01,0.0,231,716104,买盘
11:06:57,31.0,-0.01,80,247940,买盘
11:06:59,31.0,0.0,4,12402,卖盘
11:07:02,31.0,0.0,14,43406,卖盘
11:07:06,31.0,0.0,165,511510,卖盘
11:07:09,31.0,0.0,5,15500,卖盘
11:07:11,31.0,0.0,33,102300,卖盘
11:07:15,31.0,0.0,56,173601,卖盘
11:07:17,31.0,0.0,14,43400,卖盘
11:07:20,31.01,0.01,29,89927,买盘
11:07:24,31.01,0.0,31,96115,买盘
11:07:27,31.01,0.0,7,21705,买盘
11:07:30,31.0,-0.01,44,136401,卖盘
11:07:32,31.01,0.01,3,9303,买盘
11:07:36,31.01,0.0,8,24801,买盘
11:07:38,31.01,0.0,61,189116,买盘
11:07:42,31.0,-0.01,57,176737,卖盘
11:07:44,31.0,0.0,8,24805,卖盘
11:07:47,31.0,0.0,5,15501,卖盘
11:07:51,31.01,0.01,36,111633,买盘
11:07:54,31.01,0.0,325,1007628,买盘
11:07:57,31.0,-0.01,51,158105,卖盘
11:07:59,31.0,0.0,10,31000,卖盘
11:08:02,31.01,0.01,29,89916,买盘
11:08:06,31.01,0.0,15,46502,买盘
11:08:09,31.0,-0.01,26,80615,卖盘
11:08:11,31.01,0.01,76,235637,买盘
11:08:14,31.0,-0.01,20,62001,卖盘
11:08:21,31.01,0.01,112,347308,买盘
11:08:23,31.0,-0.01,164,508401,卖盘
11:08:27,31.01,0.01,1,3101,买盘
11:08:29,31.0,-0.01,13,40300,卖盘
11:08:32,31.01,0.01,16,49601,买盘
11:08:36,31.0,-0.01,44,136405,卖盘
11:08:42,31.0,0.0,41,127100,卖盘
11:08:47,31.01,0.01,2,6202,买盘
11:08:51,31.0,-0.01,27,83702,卖盘
11:08:54,31.01,0.01,278,861805,买盘
11:08:57,31.0,-0.01,6,18602,卖盘
11:08:59,31.0,0.0,37,114701,卖盘
11:09:02,31.01,0.01,11,34109,买盘
11:09:06,31.0,-0.01,10,31000,卖盘
11:09:08,31.0,0.0,13,40303,卖盘
11:09:12,31.01,0.01,29,89925,买盘
11:09:15,31.01,0.0,12,37202,买盘
11:09:17,31.0,-0.01,4,12400,卖盘
11:09:21,31.01,0.01,6,18606,买盘
11:09:23,31.0,-0.01,20,62000,卖盘
11:09:27,31.01,0.01,8,24807,买盘
11:09:30,31.0,-0.01,6,18604,卖盘
11:09:32,31.01,0.01,592,1835207,买盘
11:09:36,31.01,0.0,74,229427,买盘
11:09:39,31.0,-0.01,48,148810,卖盘
11:09:41,31.01,0.01,14,43414,买盘
11:09:45,31.01,0.0,6,18606,买盘
11:09:47,31.0,-0.01,36,111631,卖盘
11:09:50,31.0,0.0,37,114719,卖盘
11:09:53,31.01,0.01,421,1305266,买盘
11:09:56,31.01,0.0,4,12402,买盘
11:09:59,31.01,0.0,36,111626,买盘
11:10:02,31.0,-0.01,614,1903404,卖盘
11:10:06,31.0,0.0,91,282101,卖盘
11:10:08,31.0,0.0,2,6200,卖盘
11:10:12,31.0,0.0,184,570422,卖盘
11:10:15,31.01,0.01,149,461919,买盘
11:10:18,31.0,-0.01,51,158100,卖盘
11:10:21,31.01,0.01,675,2092639,买盘
11:10:24,31.0,-0.01,262,812264,卖盘
11:10:26,31.01,0.01,234,724631,买盘
11:10:30,31.01,0.0,104,322504,卖盘
11:10:32,31.01,0.0,29,89929,卖盘
11:10:36,31.02,0.01,43,133345,买盘
11:10:39,31.02,0.0,329,1020258,买盘
11:10:42,31.01,-0.01,28,86836,卖盘
11:10:44,31.01,0.0,36,111637,卖盘
11:10:47,31.02,0.01,5,15507,买盘
11:10:51,31.01,-0.01,32,99242,卖盘
11:10:53,31.02,0.01,55,170531,买盘
11:10:57,31.0,-0.02,28,86815,卖盘
11:11:00,31.02,0.02,93,288448,买盘
11:11:03,31.02,0.0,10,31011,买盘
11:11:06,31.01,-0.01,27,83724,卖盘
11:11:09,31.01,0.0,79,245087,卖盘
11:11:11,31.02,0.01,7,21714,买盘
11:11:15,31.02,0.0,10,31020,买盘
11:11:16,31.01,-0.01,7,21707,中性盘
11:11:20,31.02,0.01,3,9304,买盘
11:11:24,31.02,0.0,216,669671,买盘
11:11:26,31.02,0.0,13,40316,买盘
11:11:30,31.01,-0.01,24,74444,中性盘
11:11:33,31.01,0.0,1,3101,买盘
11:11:36,31.0,-0.01,13,40301,卖盘
11:11:38,31.01,0.01,3,9303,买盘
11:11:41,31.01,0.0,28,86828,买盘
11:11:45,31.01,0.0,62,192259,买盘
11:11:48,31.01,0.0,14,43413,买盘
11:11:50,31.02,0.01,75,232639,买盘
11:11:54,31.02,0.0,2,6204,买盘
11:11:57,31.02,0.0,42,130284,买盘
11:11:59,31.02,0.0,111,344302,买盘
11:12:02,31.02,0.0,20,62036,中性盘
11:12:06,31.02,0.0,19,58950,卖盘
11:12:09,31.02,0.0,64,198528,卖盘
11:12:12,31.03,0.01,8,24824,买盘
11:12:14,31.02,-0.01,10,31020,卖盘
11:12:18,31.03,0.01,507,1573223,买盘
11:12:20,31.05,0.02,265,822525,买盘
11:12:24,31.04,-0.01,47,145886,卖盘
11:12:27,31.04,0.0,10,31040,中性盘
11:12:30,31.04,0.0,23,71412,卖盘
11:12:33,31.05,0.01,87,270129,买盘
11:12:36,31.03,-0.02,28,86923,卖盘
11:12:38,31.05,0.02,1,3105,买盘
11:12:42,31.04,-0.01,11,34146,卖盘
11:12:44,31.04,0.0,5,15520,卖盘
11:12:48,31.05,0.01,13,40362,买盘
11:12:51,31.05,0.0,2,6210,买盘
11:12:54,31.05,0.0,21,65202,买盘
11:12:57,31.05,0.0,80,248360,买盘
11:13:00,31.05,0.0,18,55881,买盘
11:13:02,31.05,0.0,46,142804,买盘
11:13:05,31.05,0.0,16,49670,买盘
11:13:09,31.05,0.0,126,391230,买盘
11:13:12,31.05,0.0,14,43470,卖盘
11:13:18,31.05,0.0,20,62100,卖盘
11:13:22,31.06,0.01,23,71426,买盘
11:13:24,31.06,0.0,116,360184,买盘
11:13:26,31.05,-0.01,13,40360,买盘
11:13:30,31.05,0.0,62,192477,买盘
11:13:32,31.03,-0.02,160,496793,卖盘
11:13:35,31.02,-0.01,26,80680,卖盘
11:13:39,31.05,0.03,372,1153798,中性盘
11:13:45,31.05,0.0,9,27941,买盘
11:13:48,31.05,0.0,158,489906,买盘
11:13:51,31.02,-0.03,4,12408,卖盘
11:13:54,31.0,-0.02,31,96123,卖盘
11:13:57,31.04,0.04,26,80704,买盘
11:14:00,31.04,0.0,9,27936,买盘
11:14:03,31.04,0.0,12,37228,买盘
11:14:06,31.02,-0.02,5,15510,卖盘
11:14:09,31.03,0.01,3,9309,买盘
11:14:12,31.02,-0.01,59,183099,卖盘
11:14:15,31.03,0.01,5,15511,买盘
11:14:18,31.03,0.0,88,273119,买盘
11:14:21,31.03,0.0,11,34133,买盘
11:14:25,31.02,-0.01,21,65152,卖盘
11:14:27,31.03,0.01,13,40327,买盘
11:14:30,31.02,-0.01,17,52745,卖盘
11:14:33,31.02,0.0,7,21714,买盘
11:14:37,31.01,-0.01,20,62021,卖盘
11:14:39,31.03,0.02,56,173747,买盘
11:14:41,31.02,-0.01,3,9306,中性盘
11:14:45,31.03,0.01,5,15513,买盘
11:14:48,31.03,0.0,12,37226,买盘
11:14:51,31.02,-0.01,17,52734,卖盘
11:14:53,31.03,0.01,19,58957,买盘
11:14:57,31.02,-0.01,31,96190,卖盘
11:15:00,31.03,0.01,8,24824,买盘
11:15:03,31.03,0.0,24,74469,买盘
11:15:06,31.02,-0.01,5,15510,卖盘
11:15:09,31.03,0.01,36,111708,买盘
11:15:12,31.02,-0.01,7,21714,卖盘
11:15:15,31.03,0.01,83,257549,买盘
11:15:18,31.03,0.0,3,9309,买盘
11:15:22,31.03,0.0,42,130311,买盘
11:15:23,31.03,0.0,21,65150,买盘
11:15:27,31.03,0.0,2,6206,买盘
11:15:29,31.02,-0.01,129,400429,卖盘
11:15:33,31.04,0.02,13,40349,中性盘
11:15:36,31.05,0.01,12,37240,买盘
11:15:39,31.04,-0.01,6,18620,买盘
11:15:42,31.05,0.01,166,515421,买盘
11:15:45,31.06,0.01,41,127269,买盘
11:15:47,31.04,-0.02,3,9312,中性盘
11:15:52,31.04,0.0,3,9310,买盘
11:15:54,31.04,0.0,2,6208,买盘
11:15:57,31.06,0.02,13,40356,买盘
11:16:00,31.04,-0.02,3,9312,卖盘
11:16:03,31.06,0.02,19,59013,买盘
11:16:06,31.06,0.0,20,62094,买盘
11:16:09,31.06,0.0,2,6212,买盘
11:16:18,31.06,0.0,143,444095,买盘
11:16:21,31.06,0.0,80,248360,买盘
11:16:24,31.07,0.01,122,378739,买盘
11:16:27,31.06,-0.01,25,77648,中性盘
11:16:28,31.07,0.01,4,12427,买盘
11:16:33,31.06,-0.01,171,531289,卖盘
11:16:35,31.07,0.01,28,86975,买盘
11:16:39,31.07,0.0,52,161564,买盘
11:16:42,31.08,0.01,47,146045,买盘
11:16:45,31.08,0.0,36,111871,买盘
11:16:48,31.08,0.0,49,152283,买盘
11:16:51,31.07,-0.01,256,795524,卖盘
11:16:54,31.08,0.01,69,214450,买盘
11:16:56,31.08,0.0,90,279705,买盘
11:17:00,31.08,0.0,166,515838,买盘
11:17:02,31.07,-0.01,201,624778,中性盘
11:17:07,31.09,0.02,37,114990,买盘
11:17:09,31.08,-0.01,217,674509,卖盘
11:17:12,31.08,0.0,26,80829,买盘
11:17:15,31.09,0.01,11,34199,买盘
11:17:18,31.09,0.0,18,55957,买盘
11:17:21,31.09,0.0,228,708662,买盘
11:17:24,31.09,0.0,26,80834,买盘
11:17:27,31.09,0.0,250,777249,买盘
11:17:30,31.09,0.0,162,505031,买盘
11:17:33,31.1,0.01,2,6219,买盘
11:17:34,31.1,0.0,5,15546,买盘
11:17:39,31.1,0.0,335,1041850,买盘
11:17:42,31.09,-0.01,471,1464796,卖盘
11:17:43,31.09,0.0,95,295440,卖盘
11:17:46,31.1,0.01,168,522432,买盘
11:17:51,31.1,0.0,103,320313,买盘
11:17:54,31.1,0.0,33,102629,买盘
11:17:57,31.1,0.0,9,27990,买盘
11:18:00,31.1,0.0,636,1977760,买盘
11:18:07,31.11,0.01,21,65319,买盘
11:18:09,31.1,-0.01,305,948850,卖盘
11:18:12,31.1,0.0,34,105764,卖盘
11:18:13,31.11,0.01,41,127556,买盘
11:18:18,31.11,0.0,250,777750,卖盘
11:18:21,31.11,0.0,40,124451,卖盘
11:18:24,31.11,0.0,20,62225,卖盘
11:18:27,31.11,0.0,38,118238,卖盘
11:18:30,31.11,0.0,147,457331,卖盘
11:18:33,31.12,0.01,141,438625,买盘
11:18:37,31.11,-0.01,26,80889,卖盘
11:18:39,31.11,0.0,153,476111,卖盘
11:18:42,31.12,0.01,11,34231,买盘
11:18:45,31.11,-0.01,293,911794,卖盘
11:18:48,31.12,0.01,38,118233,买盘
11:18:49,31.12,0.0,19,59125,卖盘
11:18:54,31.12,0.0,76,236548,买盘
11:18:57,31.12,0.0,51,158712,卖盘
11:19:00,31.12,0.0,31,96472,卖盘
11:19:03,31.12,0.0,43,133828,卖盘
11:19:06,31.13,0.01,61,189883,买盘
11:19:09,31.12,-0.01,53,164972,卖盘
11:19:12,31.13,0.01,16,49807,买盘
11:19:13,31.12,-0.01,56,174314,卖盘
11:19:18,31.13,0.01,31,96497,买盘
11:19:21,31.12,-0.01,117,364212,卖盘
11:19:24,31.13,0.01,6,18673,买盘
11:19:26,31.12,-0.01,21,65368,卖盘
11:19:30,31.12,0.0,1,3112,卖盘
11:19:33,31.13,0.01,188,585216,买盘
11:19:36,31.12,-0.01,86,267702,卖盘
11:19:39,31.12,0.0,24,74706,卖盘
11:19:40,31.14,0.02,211,657026,买盘
11:19:45,31.12,-0.02,31,96500,卖盘
11:19:47,31.14,0.02,36,112086,买盘
11:19:51,31.13,-0.01,5,15565,卖盘
11:19:54,31.14,0.01,149,463845,买盘
11:19:55,31.14,0.0,83,258377,买盘
11:20:00,31.13,-0.01,42,130766,卖盘
11:20:03,31.13,0.0,97,301994,卖盘
11:20:04,31.13,0.0,56,174310,买盘
11:20:09,31.12,-0.01,476,1481388,卖盘
11:20:12,31.11,-0.01,874,2720111,卖盘
11:20:13,31.1,-0.01,448,1393653,卖盘
11:20:18,31.1,0.0,357,1110277,卖盘
11:20:21,31.09,-0.01,986,3065696,卖盘
11:20:24,31.06,-0.03,282,875242,卖盘
11:20:27,31.05,-0.01,49,152123,卖盘
11:20:30,31.05,0.0,8,24846,卖盘
11:20:33,31.05,0.0,134,417536,卖盘
11:20:37,31.06,0.01,166,515548,买盘
11:20:37,31.06,0.0,97,301282,卖盘
11:20:42,31.05,-0.01,19,57636,卖盘
11:20:45,31.06,0.01,14,43475,买盘
11:20:48,31.05,-0.01,18,55892,卖盘
11:20:51,31.06,0.01,9,27954,买盘
11:20:54,31.06,0.0,42,130452,买盘
11:20:57,31.05,-0.01,52,161487,卖盘
11:21:00,31.06,0.01,212,658297,买盘
11:21:03,31.08,0.02,223,693066,买盘
11:21:07,31.07,-0.01,7,21745,中性盘
11:21:09,31.06,-0.01,26,80756,卖盘
11:21:12,31.07,0.01,72,223704,买盘
11:21:15,31.07,0.0,10,31079,卖盘
11:21:18,31.06,-0.01,406,1261074,卖盘
11:21:21,31.07,0.01,5,15535,中性盘
11:21:24,31.07,0.0,9,27970,中性盘
11:21:27,31.07,0.0,9,27958,买盘
11:21:30,31.06,-0.01,11,34172,卖盘
11:21:33,31.07,0.01,4,12428,买盘
11:21:36,31.06,-0.01,106,329244,卖盘
11:21:39,31.06,0.0,12,37271,买盘
11:21:42,31.06,0.0,126,391415,买盘
11:21:45,31.06,0.0,2,6212,买盘
11:21:48,31.06,0.0,52,161472,买盘
11:21:51,31.06,0.0,207,643056,买盘
11:21:54,31.06,0.0,9,27954,买盘
11:21:57,31.06,0.0,14,43485,卖盘
11:22:00,31.07,0.01,2,6213,买盘
11:22:03,31.06,-0.01,15,46602,卖盘
11:22:04,31.03,-0.03,821,2548722,卖盘
11:22:07,31.03,0.0,45,139635,买盘
11:22:12,31.03,0.0,104,322712,买盘
11:22:15,31.02,-0.01,16,49632,卖盘
11:22:18,31.02,0.0,16,49632,卖盘
11:22:21,31.03,0.01,10,31025,买盘
11:22:24,31.03,0.0,5,15515,买盘
11:22:27,31.03,0.0,16,49647,买盘
11:22:30,31.03,0.0,79,245111,买盘
11:22:33,31.03,0.0,21,65148,买盘
11:22:37,31.02,-0.01,82,254390,卖盘
11:22:42,31.02,0.0,94,291616,卖盘
11:22:45,31.02,0.0,242,750698,卖盘
11:22:48,31.02,0.0,16,49632,卖盘
11:22:52,31.02,0.0,5,15510,卖盘
11:22:54,31.03,0.01,74,229553,买盘
11:22:57,31.02,-0.01,42,130285,卖盘
11:23:00,31.02,0.0,18,55836,卖盘
11:23:03,31.02,0.0,65,201630,卖盘
11:23:06,31.02,0.0,77,238854,卖盘
11:23:09,31.02,0.0,15,46530,卖盘
11:23:12,31.02,0.0,106,328813,卖盘
11:23:15,31.02,0.0,4,12408,卖盘
11:23:18,31.02,0.0,37,114780,卖盘
11:23:21,31.02,0.0,46,142692,卖盘
11:23:24,31.02,0.0,27,83760,卖盘
11:23:27,31.02,0.0,95,294693,卖盘
11:23:30,31.03,0.01,14,43430,买盘
11:23:33,31.03,0.0,89,276040,买盘
11:23:36,31.02,-0.01,11,34118,中性盘
11:23:39,31.01,-0.01,35,108536,卖盘
11:23:42,31.02,0.01,66,204686,买盘
11:23:45,31.02,0.0,12,37224,买盘
11:23:48,31.01,-0.01,100,310102,卖盘
11:23:51,31.01,0.0,77,238779,卖盘
11:23:54,31.01,0.0,10,31010,买盘
11:23:57,31.01,0.0,35,108519,买盘
11:24:00,31.01,0.0,69,213969,买盘
11:24:03,31.01,0.0,157,486757,买盘
11:24:06,31.0,-0.01,20,62000,卖盘
11:24:09,31.01,0.01,7,21703,买盘
11:24:12,31.01,0.0,99,306904,买盘
11:24:13,31.01,0.0,13,40313,买盘
11:24:18,31.0,-0.01,4,12400,卖盘
11:24:21,31.0,0.0,14,43400,卖盘
11:24:24,31.01,0.01,12,37209,买盘
11:24:27,31.0,-0.01,29,89906,卖盘
11:24:30,31.0,0.0,1,3100,卖盘
11:24:33,31.0,0.0,32,99210,卖盘
11:24:36,31.01,0.01,12,37203,买盘
11:24:39,31.0,-0.01,191,592100,卖盘
11:24:42,31.0,0.0,215,666497,买盘
11:24:45,31.0,0.0,23,71293,中性盘
11:24:48,31.0,0.0,3,9300,卖盘
11:24:51,31.0,0.0,11,34103,卖盘
11:24:54,31.0,0.0,4,12400,卖盘
11:24:57,30.99,-0.01,35,108500,卖盘
11:25:03,31.01,0.02,76,235676,买盘
11:25:04,31.0,-0.01,65,201535,卖盘
11:25:07,31.02,0.02,3,9306,买盘
11:25:12,31.0,-0.02,16,49630,卖盘
11:25:15,31.01,0.01,12,37220,卖盘
11:25:18,31.0,-0.01,26,80601,卖盘
11:25:21,31.01,0.01,227,704100,买盘
11:25:24,31.0,-0.01,16,49615,卖盘
11:25:27,31.0,0.0,18,55800,卖盘
11:25:30,31.01,0.01,74,229458,买盘
11:25:33,31.0,-0.01,4,12400,卖盘
11:25:36,31.0,0.0,4,12402,卖盘
11:25:39,31.0,0.0,48,148806,卖盘
11:25:40,31.01,0.01,27,83727,买盘
11:25:45,31.01,0.0,137,424710,买盘
11:25:48,31.01,0.0,89,276032,买盘
11:25:51,31.02,0.01,79,244985,买盘
11:25:54,31.01,-0.01,13,40315,卖盘
11:25:57,31.01,0.0,36,111636,卖盘
11:26:00,31.01,0.0,18,55822,卖盘
11:26:03,31.01,0.0,20,62020,卖盘
11:26:04,31.02,0.01,93,288200,买盘
11:26:09,31.03,0.01,214,664013,买盘
11:26:12,31.03,0.0,7,21711,买盘
11:26:15,31.02,-0.01,45,139548,中性盘
11:26:18,31.03,0.01,3,9309,买盘
11:26:21,31.03,0.0,31,96150,买盘
11:26:24,31.02,-0.01,83,257516,卖盘
11:26:27,31.02,0.0,16,49632,买盘
11:26:33,31.02,0.0,10,31020,买盘
11:26:36,31.03,0.01,6,18614,买盘
11:26:39,31.03,0.0,1,3103,买盘
11:26:42,31.02,-0.01,62,192336,卖盘
11:26:45,31.03,0.01,58,179964,买盘
11:26:47,31.03,0.0,61,189283,买盘
11:26:51,31.03,0.0,1209,3751061,买盘
11:26:54,31.03,0.0,13,40339,卖盘
11:26:57,31.03,0.0,129,400290,卖盘
11:26:58,31.04,0.01,99,307201,买盘
11:27:03,31.04,0.0,1,3104,买盘
11:27:06,31.03,-0.01,10,31031,卖盘
11:27:09,31.04,0.01,84,260650,买盘
11:27:12,31.01,-0.03,1,3101,卖盘
11:27:15,31.04,0.03,163,505911,买盘
11:27:18,31.04,0.0,154,478016,卖盘
11:27:21,31.04,0.0,23,71361,买盘
11:27:24,31.01,-0.03,34,105458,卖盘
11:27:27,31.0,-0.01,90,279046,卖盘
11:27:30,31.02,0.02,173,536452,买盘
11:27:33,31.02,0.0,18,55807,买盘
11:27:34,31.0,-0.02,57,176723,卖盘
11:27:37,31.0,0.0,27,83704,卖盘
11:27:42,31.0,0.0,35,108503,卖盘
11:27:45,31.02,0.02,145,449597,买盘
11:27:48,31.0,-0.02,62,192206,卖盘
11:27:51,31.0,0.0,8,24800,卖盘
11:27:52,31.02,0.02,149,462170,买盘
11:27:57,31.0,-0.02,33,102300,卖盘
11:28:00,31.0,0.0,51,158146,卖盘
11:28:03,31.01,0.01,5,15505,中性盘
11:28:06,31.01,0.0,54,167472,卖盘
11:28:09,31.01,0.0,15,46516,卖盘
11:28:12,31.02,0.01,3,9306,买盘
11:28:15,31.02,0.0,36,111672,买盘
11:28:17,31.02,0.0,34,105447,买盘
11:28:21,31.0,-0.02,405,1255583,卖盘
11:28:25,31.01,0.01,41,127101,买盘
11:28:30,31.01,0.0,15,46514,买盘
11:28:33,31.01,0.0,1,3101,买盘
11:28:34,31.0,-0.01,63,195334,卖盘
11:28:39,31.0,0.0,28,86801,卖盘
11:28:42,31.01,0.01,2,6202,买盘
11:28:43,31.01,0.0,38,117838,买盘
11:28:48,31.02,0.01,40,124050,买盘
11:28:51,31.02,0.0,16,49617,买盘
11:28:54,31.02,0.0,30,93060,买盘
11:28:57,31.02,0.0,6,18612,买盘
11:29:00,31.02,0.0,29,89960,卖盘
11:29:02,31.01,-0.01,28,86860,卖盘
11:29:04,31.02,0.01,3,9306,中性盘
11:29:09,31.02,0.0,2,6204,卖盘
11:29:12,31.02,0.0,4,12409,卖盘
11:29:13,31.03,0.01,56,173767,买盘
11:29:18,31.01,-0.02,101,313319,卖盘
11:29:21,31.03,0.02,26,80678,买盘
11:29:24,31.03,0.0,1,3103,卖盘
11:29:28,31.03,0.0,10,31030,卖盘
11:29:33,31.04,0.01,27,83807,买盘
11:29:36,31.03,-0.01,62,192416,卖盘
11:29:39,31.04,0.01,22,68274,买盘
11:29:42,31.04,0.0,36,111722,买盘
11:29:45,31.03,-0.01,6,18618,卖盘
11:29:48,31.03,0.0,29,90000,卖盘
11:29:51,31.03,0.0,76,235828,卖盘
11:29:54,31.03,0.0,173,536819,卖盘
11:29:57,31.02,-0.01,49,152030,卖盘
11:30:00,31.03,0.01,32,99286,买盘
13:00:00,31.04,0.01,70,217803,买盘
13:00:03,31.09,0.05,1232,3829580,买盘
13:00:07,31.05,-0.04,65,201848,卖盘
13:00:09,31.04,-0.01,106,329056,卖盘
13:00:12,31.05,0.01,10,31050,买盘
13:00:15,31.06,0.01,66,204918,买盘
13:00:18,31.05,-0.01,80,248408,卖盘
13:00:22,31.05,0.0,22,68310,卖盘
13:00:24,31.05,0.0,31,96255,买盘
13:00:27,31.04,-0.01,27,83829,卖盘
13:00:30,31.05,0.01,12,37260,买盘
13:00:33,31.05,0.0,196,608411,买盘
13:00:36,31.05,0.0,14,43470,买盘
13:00:39,31.05,0.0,38,117980,卖盘
13:00:42,31.05,0.0,154,478193,卖盘
13:00:45,31.05,0.0,79,245308,买盘
13:00:48,31.08,0.03,249,774163,买盘
13:00:52,31.08,0.0,20,62158,卖盘
13:00:54,31.09,0.01,32,99472,买盘
13:00:57,31.09,0.0,59,183400,买盘
13:01:00,31.09,0.0,102,317103,买盘
13:01:03,31.09,0.0,185,575271,卖盘
13:01:06,31.09,0.0,95,295336,卖盘
13:01:09,31.1,0.01,127,394905,买盘
13:01:12,31.1,0.0,660,2053208,卖盘
13:01:15,31.1,0.0,107,332722,卖盘
13:01:18,31.1,0.0,174,540971,买盘
13:01:22,31.09,-0.01,76,236297,卖盘
13:01:24,31.1,0.01,154,477903,买盘
13:01:27,31.11,0.01,124,385641,中性盘
13:01:30,31.1,-0.01,50,155517,卖盘
13:01:33,31.1,0.0,91,283087,卖盘
13:01:37,31.11,0.01,77,240428,买盘
13:01:39,31.06,-0.05,44,136731,卖盘
13:01:42,31.07,0.01,52,161534,买盘
13:01:44,31.07,0.0,24,74568,买盘
13:01:48,31.06,-0.01,88,273409,卖盘
13:01:52,31.08,0.02,64,198853,买盘
13:01:54,31.09,0.01,33,102587,买盘
13:01:57,31.08,-0.01,627,1948004,卖盘
13:02:00,31.09,0.01,35,108794,买盘
13:02:03,31.06,-0.03,36,111840,卖盘
13:02:06,31.06,0.0,60,186369,买盘
13:02:09,31.04,-0.02,56,173930,卖盘
13:02:12,31.09,0.05,5,15545,买盘
13:02:14,31.08,-0.01,1,3108,买盘
13:02:18,31.09,0.01,136,422741,买盘
13:02:22,31.05,-0.04,31,96267,卖盘
13:02:24,31.08,0.03,10,31078,买盘
13:02:27,31.08,0.0,88,273473,买盘
13:02:30,31.08,0.0,84,261073,卖盘
13:02:33,31.06,-0.02,534,1659555,卖盘
13:02:36,31.06,0.0,77,239095,卖盘
13:02:39,31.06,0.0,203,630107,卖盘
13:02:42,31.06,0.0,32,99381,卖盘
13:02:45,31.04,-0.02,44,136550,中性盘
13:02:48,31.06,0.02,131,406721,买盘
13:02:52,31.04,-0.02,28,86917,中性盘
13:02:54,31.03,-0.01,970,3009944,卖盘
13:02:57,31.03,0.0,116,359905,卖盘
13:02:59,31.03,0.0,22,68261,买盘
13:03:03,31.03,0.0,37,114795,买盘
13:03:07,31.03,0.0,22,68266,卖盘
13:03:09,31.03,0.0,6,18618,卖盘
13:03:12,31.04,0.01,13,40344,买盘
13:03:14,31.04,0.0,45,139637,买盘
13:03:18,31.03,-0.01,15,46550,卖盘
13:03:22,31.03,0.0,25,77575,卖盘
13:03:24,31.03,0.0,59,183100,卖盘
13:03:27,31.04,0.01,70,217276,买盘
13:03:30,31.03,-0.01,54,167572,卖盘
13:03:33,31.03,0.0,49,152087,卖盘
13:03:37,31.03,0.0,60,186221,卖盘
13:03:39,31.04,0.01,71,220346,买盘
13:03:42,31.03,-0.01,38,117923,卖盘
13:03:45,31.04,0.01,36,111744,买盘
13:03:48,31.04,0.0,19,58976,卖盘
13:03:51,31.03,-0.01,174,540042,卖盘
13:03:54,31.03,0.0,38,117898,买盘
13:03:57,31.03,0.0,21,65143,买盘
13:04:00,31.02,-0.01,29,89959,卖盘
13:04:03,31.02,0.0,22,68247,卖盘
13:04:07,31.02,0.0,4,12408,卖盘
13:04:09,31.02,0.0,181,561549,卖盘
13:04:12,31.02,0.0,516,1600660,卖盘
13:04:15,31.03,0.01,107,331977,买盘
13:04:18,31.03,0.0,39,120994,买盘
13:04:22,31.03,0.0,247,766234,买盘
13:04:24,31.04,0.01,34,105503,买盘
13:04:27,31.04,0.0,123,381707,买盘
13:04:30,31.04,0.0,7,21728,卖盘
13:04:33,31.04,0.0,15,46560,卖盘
13:04:36,31.04,0.0,7,21731,卖盘
13:04:39,31.05,0.01,31,96236,买盘
13:04:42,31.06,0.01,46,142823,买盘
13:04:45,31.05,-0.01,15,46575,卖盘
13:04:48,31.05,0.0,27,83835,卖盘
13:04:52,31.05,0.0,76,236036,买盘
13:04:53,31.05,0.0,10,31050,买盘
13:04:57,31.03,-0.02,24,74474,卖盘
13:05:00,31.04,0.01,5,15518,中性盘
13:05:03,31.03,-0.01,62,192398,卖盘
13:05:06,31.03,0.0,8,24824,卖盘
13:05:09,31.03,0.0,14,43442,买盘
13:05:12,31.03,0.0,48,148944,买盘
13:05:15,31.03,0.0,67,207975,卖盘
13:05:18,31.06,0.03,83,257610,买盘
13:05:22,31.04,-0.02,94,291739,买盘
13:05:24,31.04,0.0,2,6209,卖盘
13:05:27,31.04,0.0,32,99328,卖盘
13:05:30,31.04,0.0,25,77604,买盘
13:05:33,31.04,0.0,86,266944,买盘
13:05:37,31.03,-0.01,56,173793,卖盘
13:05:39,31.04,0.01,64,198646,买盘
13:05:42,31.04,0.0,62,192406,买盘
13:05:45,31.04,0.0,131,406624,买盘
13:05:48,31.04,0.0,57,176961,买盘
13:05:52,31.04,0.0,125,387989,买盘
13:05:54,31.04,0.0,45,139680,卖盘
13:05:57,31.06,0.02,6,18630,买盘
13:06:00,31.04,-0.02,10,31040,卖盘
13:06:03,31.04,0.0,19,58976,卖盘
13:06:07,31.04,0.0,44,136576,卖盘
13:06:09,31.06,0.02,87,270140,买盘
13:06:12,31.07,0.01,202,627413,买盘
13:06:15,31.06,-0.01,301,934906,卖盘
13:06:18,31.03,-0.03,121,375591,卖盘
13:06:21,31.04,0.01,135,418951,卖盘
13:06:24,31.03,-0.01,202,626822,卖盘
13:06:27,31.02,-0.01,286,887471,卖盘
13:06:30,31.02,0.0,149,462259,卖盘
13:06:33,31.02,0.0,206,638852,卖盘
13:06:37,31.01,-0.01,313,970613,卖盘
13:06:39,31.01,0.0,113,350407,卖盘
13:06:42,31.0,-0.01,305,944882,卖盘
13:06:45,31.0,0.0,122,378200,卖盘
13:06:48,30.99,-0.01,722,2238986,卖盘
13:06:52,31.0,0.01,346,1072431,买盘
13:06:54,30.98,-0.02,95,294407,卖盘
13:06:57,30.97,-0.01,64,198247,卖盘
13:07:00,30.98,0.01,2,6196,买盘
13:07:03,30.96,-0.02,50,154847,卖盘
13:07:07,30.96,0.0,44,136228,卖盘
13:07:09,30.98,0.02,103,319012,买盘
13:07:12,31.02,0.04,1052,3262569,买盘
13:07:15,31.0,-0.02,28,86792,卖盘
13:07:18,31.0,0.0,1,3100,买盘
13:07:21,31.03,0.03,117,362964,买盘
13:07:24,31.04,0.01,4,12415,买盘
13:07:27,31.03,-0.01,28,86884,卖盘
13:07:30,31.03,0.0,1214,3767116,卖盘
13:07:33,31.01,-0.02,333,1033249,卖盘
13:07:37,31.01,0.0,35,108534,买盘
13:07:39,31.01,0.0,38,117818,买盘
13:07:42,31.03,0.02,98,303822,买盘
13:07:45,31.01,-0.02,1,3101,卖盘
13:07:48,31.0,-0.01,95,294532,卖盘
13:07:52,31.02,0.02,48,148858,买盘
13:07:57,31.0,-0.02,174,539518,卖盘
13:08:00,31.01,0.01,5,15505,买盘
13:08:03,31.0,-0.01,35,108477,中性盘
13:08:06,31.0,0.0,35,108500,卖盘
13:08:09,31.0,0.0,13,40300,买盘
13:08:12,30.99,-0.01,70,216994,卖盘
13:08:15,30.99,0.0,77,238635,卖盘
13:08:18,31.0,0.01,35,108474,买盘
13:08:21,30.99,-0.01,27,83659,买盘
13:08:24,30.99,0.0,36,111564,买盘
13:08:27,30.99,0.0,331,1025982,卖盘
13:08:30,31.0,0.01,213,660043,买盘
13:08:33,30.99,-0.01,95,294505,卖盘
13:08:37,30.98,-0.01,29,89869,卖盘
13:08:39,30.98,0.0,55,170393,买盘
13:08:42,30.98,0.0,31,96023,买盘
13:08:45,30.98,0.0,16,49566,买盘
13:08:48,30.98,0.0,109,337739,买盘
13:08:52,30.98,0.0,125,387374,卖盘
13:08:54,30.98,0.0,155,480180,卖盘
13:08:57,30.98,0.0,95,294320,买盘
13:09:00,30.99,0.01,10,30995,卖盘
13:09:03,30.99,0.0,65,201482,卖盘
13:09:07,31.0,0.01,8,24793,买盘
13:09:09,30.98,-0.02,37,114655,卖盘
13:09:12,31.0,0.02,37,114690,买盘
13:09:15,30.99,-0.01,6,18594,中性盘
13:09:18,31.0,0.01,47,145696,买盘
13:09:22,30.99,-0.01,51,158068,卖盘
13:09:24,30.99,0.0,86,266565,卖盘
13:09:27,30.99,0.0,141,436878,买盘
13:09:30,30.99,0.0,34,105366,卖盘
13:09:34,31.0,0.01,274,849003,买盘
13:09:37,30.99,-0.01,87,269604,中性盘
13:09:39,30.97,-0.02,88,272576,卖盘
13:09:43,30.98,0.01,50,154876,卖盘
13:09:45,30.96,-0.02,346,1071310,卖盘
13:09:48,30.96,0.0,7,21677,中性盘
13:09:52,30.99,0.03,266,823914,买盘
13:09:54,30.99,0.0,61,188954,买盘
13:09:57,30.95,-0.04,183,566661,卖盘
13:10:00,30.97,0.02,182,563550,中性盘
13:10:03,30.95,-0.02,75,231631,卖盘
13:10:07,30.95,0.0,883,2732900,卖盘
13:10:09,30.96,0.01,115,356050,买盘
13:10:13,30.96,0.0,227,701318,卖盘
13:10:15,30.95,-0.01,70,216697,卖盘
13:10:18,30.95,0.0,87,269336,买盘
13:10:22,30.94,-0.01,32,99022,卖盘
13:10:24,30.93,-0.01,66,204174,卖盘
13:10:27,30.94,0.01,41,126853,买盘
13:10:30,30.93,-0.01,51,157745,卖盘
13:10:34,30.94,0.01,104,321584,买盘
13:10:36,30.92,-0.02,43,132978,卖盘
13:10:39,30.92,0.0,203,627722,卖盘
13:10:42,30.93,0.01,223,689663,买盘
13:10:45,30.91,-0.02,471,1456052,卖盘
13:10:48,30.91,0.0,88,272045,卖盘
13:10:52,30.92,0.01,88,272087,买盘
13:10:54,30.92,0.0,47,145324,买盘
13:10:57,30.92,0.0,425,1313496,买盘
13:11:00,30.91,-0.01,55,170010,卖盘
13:11:04,30.91,0.0,111,343133,卖盘
13:11:06,30.92,0.01,474,1464849,买盘
13:11:09,30.92,0.0,132,407972,买盘
13:11:12,30.92,0.0,48,148416,买盘
13:11:15,30.91,-0.01,110,340077,卖盘
13:11:18,30.91,0.0,453,1399844,买盘
13:11:22,30.9,-0.01,714,2206261,卖盘
13:11:24,30.9,0.0,274,846562,卖盘
13:11:27,30.9,0.0,277,855671,买盘
13:11:30,30.9,0.0,132,407695,买盘
13:11:33,30.89,-0.01,45,138992,中性盘
13:11:37,30.88,-0.01,320,988676,卖盘
13:11:39,30.89,0.01,339,1046862,买盘
13:11:42,30.87,-0.02,243,750489,卖盘
13:11:45,30.86,-0.01,228,703867,卖盘
13:11:48,30.87,0.01,78,240801,买盘
13:11:52,30.89,0.02,168,518700,买盘
13:11:54,30.87,-0.02,312,963321,买盘
13:11:57,30.87,0.0,45,138916,卖盘
13:12:00,30.87,0.0,454,1401456,卖盘
13:12:03,30.87,0.0,174,537102,卖盘
13:12:07,30.89,0.02,291,898770,买盘
13:12:09,30.9,0.01,48,148282,买盘
13:12:12,30.89,-0.01,132,407750,卖盘
13:12:15,30.89,0.0,53,163643,卖盘
13:12:18,30.89,0.0,529,1633182,买盘
13:12:22,30.89,0.0,85,262533,买盘
13:12:24,30.88,-0.01,109,336583,中性盘
13:12:27,30.87,-0.01,979,3021573,卖盘
13:12:30,30.89,0.02,130,401423,买盘
13:12:34,30.88,-0.01,77,237774,中性盘
13:12:36,30.87,-0.01,114,351945,卖盘
13:12:39,30.88,0.01,69,213039,买盘
13:12:42,30.88,0.0,83,256240,买盘
13:12:45,30.87,-0.01,59,182136,卖盘
13:12:48,30.87,0.0,122,376628,中性盘
13:12:52,30.88,0.01,91,280991,买盘
13:12:54,30.87,-0.01,76,234674,卖盘
13:12:57,30.87,0.0,335,1034217,卖盘
13:13:00,30.88,0.01,83,256326,买盘
13:13:03,30.88,0.0,115,355080,卖盘
13:13:07,30.88,0.0,17,52501,卖盘
13:13:09,30.89,0.01,67,206958,买盘
13:13:13,30.89,0.0,44,135916,买盘
13:13:15,30.9,0.01,132,407851,买盘
13:13:18,30.89,-0.01,119,367608,卖盘
13:13:22,30.9,0.01,83,256418,中性盘
13:13:24,30.91,0.01,111,343073,买盘
13:13:27,30.9,-0.01,40,123617,卖盘
13:13:30,30.91,0.01,98,302871,买盘
13:13:33,30.91,0.0,107,330720,卖盘
13:13:37,30.91,0.0,189,584200,卖盘
13:13:39,30.91,0.0,475,1467818,买盘
13:13:42,30.93,0.02,335,1035749,买盘
13:13:45,30.93,0.0,247,763872,卖盘
13:13:48,30.91,-0.02,425,1313415,卖盘
13:13:52,30.92,0.01,36,111811,买盘
13:13:54,30.92,0.0,10,30920,买盘
13:13:57,30.92,0.0,44,136048,买盘
13:14:00,30.92,0.0,332,1026105,买盘
13:14:03,30.91,-0.01,82,253466,卖盘
13:14:06,30.92,0.01,21,64924,买盘
13:14:09,30.89,-0.03,340,1050586,卖盘
13:14:12,30.93,0.04,110,340131,买盘
13:14:15,30.92,-0.01,105,324662,卖盘
13:14:18,30.92,0.0,40,123716,买盘
13:14:22,30.92,0.0,349,1078877,卖盘
13:14:24,30.93,0.01,39,120613,买盘
13:14:27,30.91,-0.02,21,64937,卖盘
13:14:30,30.92,0.01,6,18552,卖盘
13:14:33,30.92,0.0,305,942522,卖盘
13:14:37,30.92,0.0,7,21642,中性盘
13:14:39,30.92,0.0,168,519456,买盘
13:14:42,30.91,-0.01,15,46366,卖盘
13:14:46,30.92,0.01,317,979109,买盘
13:14:48,30.93,0.01,48,148420,买盘
13:14:51,30.9,-0.03,143,441973,卖盘
13:14:54,30.92,0.02,389,1202002,买盘
13:14:57,30.89,-0.03,34,105070,卖盘
13:15:00,30.91,0.02,26,80350,买盘
13:15:03,30.89,-0.02,18,55616,卖盘
13:15:07,30.9,0.01,300,926571,中性盘
13:15:09,30.9,0.0,94,290533,卖盘
13:15:12,30.9,0.0,10,30902,买盘
13:15:15,30.9,0.0,55,169978,卖盘
13:15:18,30.9,0.0,334,1031386,卖盘
13:15:22,30.89,-0.01,53,163723,卖盘
13:15:24,30.88,-0.01,82,253326,卖盘
13:15:27,30.88,0.0,45,138987,卖盘
13:15:30,30.85,-0.03,349,1077087,卖盘
13:15:33,30.89,0.04,86,265484,买盘
13:15:36,30.87,-0.02,41,126597,卖盘
13:15:39,30.86,-0.01,336,1036659,卖盘
13:15:43,30.87,0.01,27,83331,买盘
13:15:45,30.86,-0.01,54,166670,卖盘
13:15:48,30.86,0.0,52,160511,买盘
13:15:52,30.85,-0.01,308,950197,卖盘
13:15:54,30.86,0.01,102,314831,买盘
13:15:57,30.85,-0.01,161,496749,卖盘
13:16:00,30.86,0.01,37,114161,买盘
13:16:03,30.86,0.0,388,1196670,卖盘
13:16:07,30.86,0.0,22,67904,卖盘
13:16:09,30.85,-0.01,106,327074,卖盘
13:16:12,30.87,0.02,97,299285,买盘
13:16:15,30.86,-0.01,326,1005158,卖盘
13:16:18,30.85,-0.01,11,33936,卖盘
13:16:21,30.85,0.0,30,92553,卖盘
13:16:24,30.81,-0.04,312,961696,卖盘
13:16:30,30.86,0.05,7,21602,买盘
13:16:33,30.83,-0.03,56,172682,卖盘
13:16:37,30.85,0.02,299,921294,买盘
13:16:39,30.83,-0.02,29,89455,中性盘
13:16:42,30.82,-0.01,56,172607,卖盘
13:16:45,30.85,0.03,53,163508,买盘
13:16:48,30.85,0.0,305,939915,卖盘
13:16:52,30.83,-0.02,5,15415,中性盘
13:16:54,30.84,0.01,77,237465,买盘
13:16:57,30.84,0.0,28,86356,卖盘
13:17:00,30.85,0.01,292,899991,中性盘
13:17:03,30.84,-0.01,66,203545,卖盘
13:17:07,30.85,0.01,34,104890,买盘
13:17:09,30.81,-0.04,287,884851,卖盘
13:17:12,30.85,0.04,39,120312,卖盘
13:17:15,30.85,0.0,135,416475,买盘
13:17:18,30.85,0.0,28,86390,卖盘
13:17:22,30.86,0.01,87,268424,买盘
13:17:24,30.86,0.0,20,61705,买盘
13:17:27,30.86,0.0,2,6172,卖盘
13:17:30,30.86,0.0,49,151235,卖盘
13:17:33,30.86,0.0,20,61721,卖盘
13:17:37,30.86,0.0,17,52471,卖盘
13:17:39,30.86,0.0,34,104976,卖盘
13:17:42,30.88,0.02,83,256172,买盘
13:17:45,30.87,-0.01,17,52495,卖盘
13:17:48,30.88,0.01,108,333509,买盘
13:17:51,30.89,0.01,39,120459,买盘
13:17:54,30.88,-0.01,157,484744,卖盘
13:17:57,30.89,0.01,54,166780,买盘
13:18:00,30.88,-0.01,52,160581,卖盘
13:18:03,30.88,0.0,94,290303,卖盘
13:18:07,30.89,0.01,5,15446,中性盘
13:18:09,30.9,0.01,35,108150,买盘
13:18:12,30.9,0.0,55,169950,买盘
13:18:15,30.9,0.0,70,216248,买盘
13:18:20,30.91,0.01,177,546929,买盘
13:18:22,30.91,0.0,38,117424,买盘
13:18:24,30.91,0.0,39,120549,买盘
13:18:27,30.92,0.01,21,64932,买盘
13:18:30,30.92,0.0,1,3092,买盘
13:18:33,30.92,0.0,45,139150,买盘
13:18:37,30.93,0.01,50,154652,买盘
13:18:39,30.93,0.0,6,18563,卖盘
13:18:42,30.93,0.0,233,720990,卖盘
13:18:45,30.94,0.01,77,238238,买盘
13:18:48,30.95,0.01,30,92847,买盘
13:18:52,30.95,0.0,31,95937,买盘
13:18:54,30.96,0.01,45,139291,买盘
13:18:57,30.96,0.0,29,89783,中性盘
13:19:00,30.97,0.01,19,58825,买盘
13:19:03,30.97,0.0,320,991010,买盘
13:19:07,30.95,-0.02,95,294008,卖盘
13:19:09,30.96,0.01,86,266182,买盘
13:19:12,30.96,0.0,74,229033,买盘
13:19:15,30.96,0.0,31,96001,卖盘
13:19:19,30.97,0.01,92,284898,买盘
13:19:22,30.96,-0.01,23,71222,卖盘
13:19:24,30.96,0.0,115,354933,买盘
13:19:27,30.98,0.02,29,89841,买盘
13:19:30,30.97,-0.01,6,18582,中性盘
13:19:33,30.95,-0.02,169,523218,卖盘
13:19:37,30.95,0.0,76,236424,卖盘
13:19:40,30.96,0.01,149,460096,买盘
13:19:42,30.97,0.01,173,535640,买盘
13:19:45,30.95,-0.02,171,529388,卖盘
13:19:48,30.96,0.01,253,783479,买盘
13:19:52,30.96,0.0,68,210554,卖盘
13:19:54,30.97,0.01,172,532615,买盘
13:19:57,30.98,0.01,23,71225,买盘
13:20:00,30.98,0.0,48,148694,买盘
13:20:03,30.97,-0.01,37,114594,卖盘
13:20:07,30.97,0.0,75,232280,卖盘
13:20:09,30.97,0.0,81,250892,卖盘
13:20:12,30.98,0.01,242,749683,买盘
13:20:15,30.99,0.01,56,173522,买盘
13:20:18,30.98,-0.01,38,117708,卖盘
13:20:22,30.98,0.0,36,111519,买盘
13:20:24,30.98,0.0,44,136310,买盘
13:20:27,30.98,0.0,231,715550,买盘
13:20:30,30.99,0.01,101,312895,买盘
13:20:33,30.97,-0.02,73,226168,卖盘
13:20:37,30.97,0.0,78,241572,卖盘
13:20:39,30.97,0.0,71,219898,买盘
13:20:42,30.99,0.02,158,489510,买盘
13:20:45,30.99,0.0,50,154938,买盘
13:20:48,30.98,-0.01,39,120827,卖盘
13:20:52,30.99,0.01,99,306708,买盘
13:20:54,30.99,0.0,170,526802,买盘
13:20:57,30.99,0.0,276,857069,买盘
13:21:00,31.0,0.01,872,2703141,买盘
13:21:03,30.99,-0.01,75,232448,中性盘
13:21:07,30.98,-0.01,48,148768,卖盘
13:21:10,30.99,0.01,135,418335,买盘
13:21:12,30.98,-0.01,43,133218,卖盘
13:21:15,30.98,0.0,122,377981,卖盘
13:21:18,30.98,0.0,160,495809,卖盘
13:21:22,30.98,0.0,98,303659,卖盘
13:21:24,30.98,0.0,51,158038,卖盘
13:21:27,30.98,0.0,69,213763,卖盘
13:21:30,30.99,0.01,30,92970,中性盘
13:21:33,30.99,0.0,51,158062,卖盘
13:21:36,31.0,0.01,13,40298,买盘
13:21:39,31.0,0.0,88,272766,买盘
13:21:42,30.99,-0.01,37,114683,卖盘
13:21:45,31.0,0.01,50,155000,买盘
13:21:48,31.0,0.0,14,43394,买盘
13:21:52,31.0,0.0,218,675798,买盘
13:21:54,31.0,0.0,36,111599,卖盘
13:21:57,31.0,0.0,36,111616,卖盘
13:22:00,31.01,0.01,297,919308,买盘
13:22:03,31.0,-0.01,52,161232,卖盘
13:22:07,31.01,0.01,3,9304,中性盘
13:22:10,31.01,0.0,5,15505,卖盘
13:22:12,31.01,0.0,87,269727,买盘
13:22:15,31.01,0.0,706,2189583,买盘
13:22:18,31.01,0.0,81,251117,买盘
13:22:22,31.01,0.0,75,232627,卖盘
13:22:24,31.0,-0.01,40,124061,卖盘
13:22:27,31.01,0.01,429,1331223,卖盘
13:22:30,31.01,0.0,50,155018,卖盘
13:22:33,31.0,-0.01,95,294540,卖盘
13:22:37,31.0,0.0,79,246612,卖盘
13:22:40,31.0,0.0,95,294450,买盘
13:22:42,30.99,-0.01,51,158068,卖盘
13:22:45,31.0,0.01,67,207669,买盘
13:22:48,30.98,-0.02,6,18594,卖盘
13:22:52,31.0,0.02,16,49586,买盘
13:22:54,30.99,-0.01,135,418415,卖盘
13:23:00,31.0,0.01,37,114691,买盘
13:23:03,31.0,0.0,24,74381,买盘
13:23:07,30.99,-0.01,23,71298,卖盘
13:23:09,30.99,0.0,73,226239,卖盘
13:23:13,31.0,0.01,81,251086,买盘
13:23:15,31.0,0.0,50,154961,买盘
13:23:18,31.0,0.0,154,477384,买盘
13:23:22,31.0,0.0,64,198345,买盘
13:23:24,30.99,-0.01,130,402971,卖盘
13:23:27,30.99,0.0,70,216930,卖盘
13:23:30,30.99,0.0,155,480426,卖盘
13:23:33,31.02,0.03,335,1036676,买盘
13:23:37,31.02,0.0,618,1918689,卖盘
13:23:40,30.99,-0.03,85,263456,卖盘
13:23:42,30.98,-0.01,244,756084,卖盘
13:23:45,31.0,0.02,670,2073903,买盘
13:23:48,30.96,-0.04,132,408908,卖盘
13:23:51,30.96,0.0,86,266280,卖盘
13:23:54,30.97,0.01,105,325110,中性盘
13:23:57,30.97,0.0,117,362418,买盘
13:24:00,30.98,0.01,51,157957,买盘
13:24:03,30.95,-0.03,38,117625,卖盘
13:24:07,30.96,0.01,15,46439,买盘
13:24:09,30.95,-0.01,64,198134,卖盘
13:24:12,30.98,0.03,240,743288,买盘
13:24:15,30.95,-0.03,53,164079,卖盘
13:24:18,30.96,0.01,45,139320,卖盘
13:24:22,30.96,0.0,35,108366,卖盘
13:24:24,30.96,0.0,15,46442,卖盘
13:24:27,30.97,0.01,81,250839,买盘
13:24:30,30.97,0.0,7,21679,买盘
13:24:33,30.96,-0.01,56,173384,卖盘
13:24:37,30.97,0.01,5,15485,买盘
13:24:39,30.97,0.0,71,219876,买盘
13:24:42,30.97,0.0,16,49538,买盘
13:24:45,30.97,0.0,12,37163,买盘
13:24:48,30.96,-0.01,24,74323,卖盘
13:24:52,30.97,0.01,5,15484,买盘
13:24:54,30.97,0.0,43,133156,买盘
13:24:57,30.96,-0.01,28,86688,卖盘
13:25:00,30.96,0.0,17,52640,卖盘
13:25:03,30.96,0.0,22,68113,卖盘
13:25:07,30.97,0.01,30,92909,买盘
13:25:09,30.95,-0.02,485,1501233,卖盘
13:25:12,30.95,0.0,101,312610,买盘
13:25:15,30.94,-0.01,7,21658,卖盘
13:25:18,30.94,0.0,50,154700,卖盘
13:25:21,30.94,0.0,83,256802,卖盘
13:25:24,30.94,0.0,52,160918,卖盘
13:25:27,30.94,0.0,26,80444,卖盘
13:25:30,30.94,0.0,93,287747,卖盘
13:25:33,30.93,-0.01,103,318660,卖盘
13:25:37,30.93,0.0,16,49503,中性盘
13:25:39,30.91,-0.02,128,395710,卖盘
13:25:42,30.9,-0.01,336,1038999,卖盘
13:25:45,30.9,0.0,72,222513,卖盘
13:25:48,30.9,0.0,184,568565,卖盘
13:25:52,30.9,0.0,120,370757,卖盘
13:25:54,30.89,-0.01,142,438651,卖盘
13:25:57,30.89,0.0,561,1731326,买盘
13:26:00,30.86,-0.03,23,71019,卖盘
13:26:03,30.85,-0.01,128,394914,卖盘
13:26:07,30.87,0.02,348,1073586,买盘
13:26:09,30.86,-0.01,102,314733,卖盘
13:26:12,30.86,0.0,10,30862,卖盘
13:26:15,30.86,0.0,62,191352,卖盘
13:26:18,30.87,0.01,124,382639,买盘
13:26:22,30.86,-0.01,115,355021,卖盘
13:26:24,30.87,0.01,4,12348,中性盘
13:26:27,30.87,0.0,9,27799,卖盘
13:26:30,30.89,0.02,64,197572,买盘
13:26:33,30.87,-0.02,96,296506,卖盘
13:26:37,30.87,0.0,7,21611,卖盘
13:26:39,30.88,0.01,39,120484,中性盘
13:26:42,30.9,0.02,59,182293,买盘
13:26:45,30.88,-0.02,34,105055,卖盘
13:26:48,30.9,0.02,3,9268,买盘
13:26:52,30.9,0.0,19,58710,买盘
13:26:54,30.9,0.0,72,222464,买盘
13:26:57,30.9,0.0,9,27817,卖盘
13:27:00,30.91,0.01,24,74169,买盘
13:27:03,30.91,0.0,31,95793,买盘
13:27:07,30.9,-0.01,9,27810,卖盘
13:27:09,30.91,0.01,26,80366,买盘
13:27:12,30.91,0.0,11,34001,买盘
13:27:15,30.91,0.0,23,71093,买盘
13:27:18,30.9,-0.01,32,98894,卖盘
13:27:21,30.92,0.02,35,108211,中性盘
13:27:25,30.91,-0.01,180,556465,卖盘
13:27:27,30.91,0.0,33,102015,卖盘
13:27:30,30.91,0.0,2,6182,卖盘
13:27:33,30.91,0.0,17,52561,卖盘
13:27:37,30.91,0.0,50,154550,卖盘
13:27:39,30.92,0.01,45,139127,买盘
13:27:42,30.92,0.0,94,290652,卖盘
13:27:45,30.91,-0.01,15,46376,卖盘
13:27:48,30.93,0.02,21,64944,买盘
13:27:52,30.92,-0.01,6,18553,卖盘
13:27:55,30.93,0.01,53,163920,买盘
13:27:57,30.92,-0.01,15,46392,卖盘
13:28:00,30.93,0.01,55,170115,买盘
13:28:03,30.92,-0.01,110,340113,卖盘
13:28:07,30.93,0.01,100,309206,买盘
13:28:09,30.92,-0.01,73,225708,中性盘
13:28:12,30.91,-0.01,10,30919,卖盘
13:28:15,30.9,-0.01,207,639690,卖盘
13:28:18,30.9,0.0,37,114332,卖盘
13:28:22,30.91,0.01,75,231785,买盘
13:28:25,30.9,-0.01,49,151443,卖盘
13:28:27,30.9,0.0,42,129780,卖盘
13:28:30,30.89,-0.01,1,3089,卖盘
13:28:33,30.9,0.01,14,43251,买盘
13:28:37,30.89,-0.01,95,293513,卖盘
13:28:39,30.9,0.01,60,185400,买盘
13:28:42,30.9,0.0,66,203954,卖盘
13:28:48,30.9,0.0,66,203929,卖盘
13:28:52,30.89,-0.01,21,64872,卖盘
13:28:54,30.91,0.02,39,120509,买盘
13:28:57,30.91,0.0,11,33995,买盘
13:29:00,30.9,-0.01,23,71070,卖盘
13:29:03,30.89,-0.01,5,15445,卖盘
13:29:07,30.9,0.01,20,61788,买盘
13:29:09,30.89,-0.01,68,210095,卖盘
13:29:12,30.9,0.01,125,386249,买盘
13:29:15,30.9,0.0,37,114330,买盘
13:29:18,30.9,0.0,53,163770,卖盘
13:29:22,30.9,0.0,29,89610,卖盘
13:29:24,30.91,0.01,45,139076,买盘
13:29:27,30.9,-0.01,23,71071,卖盘
13:29:30,30.91,0.01,12,37081,买盘
13:29:33,30.91,0.0,48,148364,买盘
13:29:36,30.91,0.0,4,12363,买盘
13:29:39,30.91,0.0,50,154539,买盘
13:29:42,30.91,0.0,43,132914,卖盘
13:29:45,30.9,-0.01,29,89629,卖盘
13:29:48,30.9,0.0,33,101986,卖盘
13:29:51,30.92,0.02,1,3092,买盘
13:29:54,30.91,-0.01,40,123671,卖盘
13:29:57,30.91,0.0,58,179280,卖盘
13:30:00,30.91,0.0,31,95806,卖盘
13:30:03,30.91,0.0,35,108185,卖盘
13:30:07,30.91,0.0,10,30914,卖盘
13:30:09,30.92,0.01,45,139140,买盘
13:30:12,30.92,0.0,49,151480,买盘
13:30:15,30.92,0.0,104,321557,买盘
13:30:18,30.91,-0.01,18,55638,卖盘
13:30:22,30.91,0.0,22,68005,卖盘
13:30:24,30.92,0.01,130,401904,买盘
13:30:27,30.9,-0.02,68,210177,卖盘
13:30:30,30.9,0.0,21,64895,卖盘
13:30:33,30.89,-0.01,62,191560,卖盘
13:30:38,30.9,0.01,121,374012,中性盘
13:30:39,30.91,0.01,152,469756,买盘
13:30:43,30.9,-0.01,30,92674,买盘
13:30:45,30.9,0.0,93,287370,卖盘
13:30:48,30.92,0.02,86,265807,买盘
13:30:52,30.9,-0.02,55,169950,卖盘
13:30:56,30.91,0.01,48,148343,买盘
13:30:57,30.9,-0.01,67,207049,卖盘
13:31:00,30.9,0.0,18,55620,买盘
13:31:03,30.9,0.0,28,86520,卖盘
13:31:07,30.91,0.01,55,169956,买盘
13:31:09,30.91,0.0,66,203975,买盘
13:31:12,30.91,0.0,26,80366,买盘
13:31:15,30.91,0.0,9,27819,卖盘
13:31:18,30.92,0.01,1,3092,买盘
13:31:21,30.91,-0.01,18,55639,卖盘
13:31:24,30.92,0.01,64,197885,买盘
13:31:28,30.92,0.0,42,129847,买盘
13:31:30,30.91,-0.01,273,843996,卖盘
13:31:33,30.91,0.0,166,513229,卖盘
13:31:37,30.92,0.01,10,30920,买盘
13:31:39,30.92,0.0,75,231876,买盘
13:31:43,30.91,-0.01,36,111276,卖盘
13:31:45,30.92,0.01,75,231830,买盘
13:31:48,30.91,-0.01,74,228777,卖盘
13:31:51,30.92,0.01,79,244258,买盘
13:31:54,30.91,-0.01,18,55646,卖盘
13:31:58,30.92,0.01,38,117496,买盘
13:32:00,30.92,0.0,3,9277,卖盘
13:32:03,30.92,0.0,20,61841,卖盘
13:32:07,30.93,0.01,54,167021,买盘
13:32:09,30.93,0.0,51,157719,买盘
13:32:12,30.93,0.0,10,30932,卖盘
13:32:15,30.93,0.0,59,182489,卖盘
13:32:18,30.92,-0.01,158,488568,卖盘
13:32:22,30.92,0.0,66,204039,买盘
13:32:24,30.92,0.0,49,151508,买盘
13:32:27,30.92,0.0,40,123652,买盘
13:32:30,30.92,0.0,6,18551,买盘
13:32:33,30.91,-0.01,36,111308,卖盘
13:32:37,30.91,0.0,9,27826,卖盘
13:32:39,30.92,0.01,10,30920,买盘
13:32:42,30.92,0.0,14,43288,卖盘
13:32:45,30.93,0.01,39,120589,买盘
13:32:48,30.93,0.0,1,3093,买盘
13:32:52,30.93,0.0,48,148454,买盘
13:32:54,30.93,0.0,35,108255,卖盘
13:32:58,30.93,0.0,66,204144,卖盘
13:33:00,30.94,0.01,1,3094,买盘
13:33:03,30.93,-0.01,68,210336,卖盘
13:33:07,30.93,0.0,8,24744,卖盘
13:33:09,30.94,0.01,28,86632,买盘
13:33:15,30.93,-0.01,21,64953,卖盘
13:33:18,30.94,0.01,23,71160,买盘
13:33:22,30.93,-0.01,75,232027,卖盘
