time,price,change,volume,amount,type
09:25:03,30.24,-0.01,774,2340576,卖盘
09:30:02,30.21,-0.03,358,1081825,卖盘
09:30:06,30.22,0.01,263,794765,买盘
09:30:08,30.2,-0.02,377,1138841,卖盘
09:30:11,30.21,0.01,132,398727,买盘
09:30:14,30.19,-0.02,15,45293,卖盘
09:30:15,30.19,0.0,30,90594,卖盘
09:30:18,30.18,-0.01,20,60376,卖盘
09:30:23,30.18,0.0,39,117728,卖盘
09:30:24,30.21,0.03,223,673780,买盘
09:30:29,30.19,-0.02,85,256649,卖盘
09:30:30,30.19,0.0,70,211308,买盘
09:30:35,30.18,-0.01,196,591605,卖盘
09:30:38,30.18,0.0,111,334999,卖盘
09:30:41,30.19,0.01,436,1316178,买盘
09:30:44,30.21,0.02,299,903149,买盘
09:30:47,30.22,0.01,223,673399,买盘
09:30:48,30.19,-0.03,46,138898,卖盘
09:30:51,30.19,0.0,116,350344,卖盘
09:30:56,30.17,-0.02,56,169023,卖盘
09:30:57,30.19,0.02,125,377344,买盘
09:31:02,30.19,0.0,212,640126,卖盘
09:31:05,30.19,0.0,190,573642,卖盘
09:31:06,30.19,0.0,39,117761,卖盘
09:31:09,30.2,0.01,99,298885,买盘
09:31:14,30.19,-0.01,68,205295,卖盘
09:31:17,30.18,-0.01,30,90546,卖盘
09:31:20,30.16,-0.02,132,398201,卖盘
09:31:21,30.16,0.0,207,624331,卖盘
09:31:26,30.15,-0.01,234,705737,卖盘
09:31:29,30.15,0.0,189,569856,卖盘
09:31:32,30.15,0.0,47,141708,卖盘
09:31:35,30.16,0.01,141,425177,买盘
09:31:38,30.15,-0.01,72,217094,卖盘
09:31:41,30.17,0.02,192,578755,买盘
09:31:45,30.17,0.0,144,434418,买盘
09:31:47,30.18,0.01,47,141801,买盘
09:31:50,30.15,-0.03,274,825895,卖盘
09:31:53,30.15,0.0,23,69337,买盘
09:31:56,30.15,0.0,92,277162,买盘
09:31:59,30.11,-0.04,9,27102,卖盘
09:32:02,30.11,0.0,42,126572,卖盘
09:32:03,30.12,0.01,56,168675,中性盘
09:32:08,30.12,0.0,32,96427,卖盘
09:32:11,30.12,0.0,148,445743,卖盘
09:32:14,30.12,0.0,23,69268,买盘
09:32:17,30.12,0.0,138,415546,买盘
09:32:20,30.13,0.01,386,1162574,买盘
09:32:23,30.13,0.0,61,183796,卖盘
09:32:26,30.13,0.0,98,295304,卖盘
09:32:29,30.14,0.01,29,87376,买盘
09:32:30,30.13,-0.01,16,48207,卖盘
09:32:35,30.11,-0.02,243,731904,卖盘
09:32:38,30.13,0.02,58,174706,买盘
09:32:41,30.13,0.0,49,148257,买盘
09:32:44,30.13,0.0,147,442789,买盘
09:32:47,30.13,0.0,17,51224,卖盘
09:32:50,30.13,0.0,88,265210,卖盘
09:32:53,30.13,0.0,100,301304,卖盘
09:32:56,30.13,0.0,112,337458,卖盘
09:32:59,30.13,0.0,34,102438,卖盘
09:33:02,30.13,0.0,62,186810,买盘
09:33:05,30.13,0.0,105,316415,卖盘
09:33:06,30.13,0.0,79,238025,卖盘
09:33:11,30.15,0.02,72,216980,买盘
09:33:14,30.13,-0.02,83,250117,卖盘
09:33:17,30.14,0.01,9,29349,中性盘
09:33:20,30.16,0.02,248,747815,买盘
09:33:23,30.15,-0.01,109,328591,卖盘
09:33:26,30.18,0.03,31,93480,买盘
09:33:29,30.15,-0.03,18,54272,卖盘
09:33:32,30.15,0.0,62,186929,买盘
09:33:35,30.15,0.0,108,325654,买盘
09:33:38,30.15,0.0,32,96513,卖盘
09:33:41,30.15,0.0,9,27144,卖盘
09:33:42,30.16,0.01,106,319798,中性盘
09:33:47,30.18,0.02,48,144778,买盘
09:33:50,30.19,0.01,21,63398,买盘
09:33:51,30.18,-0.01,94,283740,卖盘
09:33:56,30.19,0.01,119,358875,买盘
09:33:59,30.18,-0.01,130,392328,卖盘
09:34:02,30.19,0.01,170,513043,买盘
09:34:05,30.16,-0.03,75,226238,卖盘
09:34:08,30.19,0.03,211,636767,买盘
09:34:11,30.18,-0.01,104,313909,卖盘
09:34:12,30.18,0.0,40,120706,买盘
09:34:17,30.17,-0.01,19,57333,卖盘
09:34:20,30.16,-0.01,86,259466,卖盘
09:34:23,30.16,0.0,19,57307,买盘
09:34:26,30.16,0.0,43,129698,卖盘
09:34:29,30.15,-0.01,135,407151,卖盘
09:34:30,30.16,0.01,104,313610,买盘
09:34:33,30.16,0.0,429,1293352,买盘
09:34:38,30.15,-0.01,74,223048,买盘
09:34:41,30.15,0.0,97,292457,买盘
09:34:45,30.15,0.0,154,464202,买盘
09:34:47,30.14,-0.01,93,280300,卖盘
09:34:50,30.13,-0.01,241,726303,卖盘
09:34:53,30.14,0.01,179,539342,中性盘
09:34:54,30.12,-0.02,536,1614962,卖盘
09:34:59,30.12,0.0,134,403615,卖盘
09:35:02,30.12,0.0,398,1198704,卖盘
09:35:05,30.11,-0.01,376,1132210,卖盘
09:35:08,30.11,0.0,233,701489,卖盘
09:35:11,30.12,0.01,41,123466,买盘
09:35:12,30.12,0.0,194,584148,买盘
09:35:17,30.12,0.0,26,78295,买盘
09:35:20,30.11,-0.01,447,1345947,卖盘
09:35:23,30.1,-0.01,156,469709,卖盘
09:35:26,30.11,0.01,41,123425,买盘
09:35:29,30.1,-0.01,80,240858,卖盘
09:35:30,30.1,0.0,41,123437,卖盘
09:35:35,30.11,0.01,168,505789,买盘
09:35:38,30.11,0.0,85,255906,买盘
09:35:41,30.1,-0.01,298,897429,卖盘
09:35:42,30.11,0.01,129,388364,中性盘
09:35:45,30.11,0.0,105,316165,卖盘
09:35:50,30.12,0.01,169,508861,买盘
09:35:52,30.11,-0.01,110,331251,卖盘
09:35:56,30.1,-0.01,876,2637062,卖盘
09:35:59,30.1,0.0,364,1095814,卖盘
09:36:02,30.11,0.01,137,412481,买盘
09:36:05,30.1,-0.01,207,623226,卖盘
09:36:08,30.11,0.01,116,349266,买盘
09:36:11,30.12,0.01,462,1390872,买盘
09:36:14,30.12,0.0,328,987680,买盘
09:36:17,30.13,0.01,127,382606,买盘
09:36:18,30.11,-0.02,153,460669,卖盘
09:36:23,30.11,0.0,131,394601,卖盘
09:36:26,30.14,0.03,65,195854,买盘
09:36:29,30.12,-0.02,244,734991,卖盘
09:36:32,30.11,-0.01,79,237941,卖盘
09:36:35,30.12,0.01,57,171721,卖盘
09:36:36,30.13,0.01,161,485061,买盘
09:36:40,30.12,-0.01,141,424805,卖盘
09:36:44,30.12,0.0,82,247038,中性盘
09:36:45,30.13,0.01,113,340439,买盘
09:36:50,30.12,-0.01,57,171728,卖盘
09:36:53,30.13,0.01,58,174768,买盘
09:36:56,30.13,0.0,51,153640,买盘
09:36:59,30.13,0.0,64,192876,买盘
09:37:02,30.13,0.0,44,132570,卖盘
09:37:05,30.13,0.0,29,87370,买盘
09:37:08,30.13,0.0,28,84354,买盘
09:37:11,30.13,0.0,33,99449,买盘
09:37:14,30.13,0.0,51,153669,卖盘
09:37:17,30.14,0.01,70,210911,买盘
09:37:20,30.13,-0.01,30,90392,卖盘
09:37:21,30.13,0.0,40,120527,卖盘
09:37:26,30.13,0.0,23,69305,卖盘
09:37:29,30.13,0.0,66,198872,卖盘
09:37:32,30.14,0.01,48,144668,买盘
09:37:35,30.14,0.0,88,265234,卖盘
09:37:38,30.14,0.0,31,93434,卖盘
09:37:41,30.15,0.01,106,319537,买盘
09:37:44,30.14,-0.01,240,723387,卖盘
09:37:47,30.14,0.0,79,238154,中性盘
09:37:50,30.15,0.01,301,907006,买盘
09:37:54,30.15,0.0,164,494239,卖盘
09:37:56,30.15,0.0,85,256218,买盘
09:37:59,30.14,-0.01,156,470166,卖盘
09:38:02,30.15,0.01,63,189905,中性盘
09:38:06,30.14,-0.01,43,129625,卖盘
09:38:08,30.14,0.0,75,226026,卖盘
09:38:11,30.14,0.0,40,120549,买盘
09:38:14,30.14,0.0,69,207940,买盘
09:38:17,30.14,0.0,106,319464,买盘
09:38:20,30.13,-0.01,172,518270,卖盘
09:38:23,30.13,0.0,296,891921,卖盘
09:38:26,30.13,0.0,61,183828,卖盘
09:38:29,30.13,0.0,24,72323,卖盘
09:38:30,30.14,0.01,64,192848,买盘
09:38:36,30.13,-0.01,46,138615,卖盘
09:38:38,30.13,0.0,32,96421,卖盘
09:38:41,30.14,0.01,56,168772,买盘
09:38:45,30.14,0.0,34,102446,买盘
09:38:47,30.14,0.0,141,424852,买盘
09:38:50,30.15,0.01,196,590716,买盘
09:38:53,30.13,-0.02,127,382655,卖盘
09:38:56,30.13,0.0,8,24106,卖盘
09:38:59,30.13,0.0,43,129572,卖盘
09:39:02,30.14,0.01,49,147671,中性盘
09:39:06,30.15,0.01,76,229118,买盘
09:39:08,30.14,-0.01,34,102494,卖盘
09:39:11,30.15,0.01,46,138646,中性盘
09:39:15,30.15,0.0,115,346712,买盘
09:39:17,30.14,-0.01,64,192918,卖盘
09:39:18,30.14,0.0,32,96456,卖盘
09:39:23,30.14,0.0,18,54255,卖盘
09:39:26,30.14,0.0,60,180848,卖盘
09:39:29,30.14,0.0,60,180871,卖盘
09:39:32,30.15,0.01,39,117584,买盘
09:39:36,30.15,0.0,154,464307,买盘
09:39:38,30.15,0.0,33,99501,卖盘
09:39:39,30.15,0.0,228,687419,卖盘
09:39:44,30.16,0.01,199,599976,买盘
09:39:47,30.16,0.0,148,444378,买盘
09:39:50,30.17,0.01,14,42225,买盘
09:39:51,30.16,-0.01,47,141754,卖盘
09:39:56,30.16,0.0,23,69368,卖盘
09:39:59,30.17,0.01,22,66373,买盘
09:40:02,30.17,0.0,126,380145,买盘
09:40:05,30.17,0.0,30,90520,卖盘
09:40:08,30.17,0.0,86,259464,卖盘
09:40:11,30.16,-0.01,240,723992,卖盘
09:40:12,30.16,0.0,530,1598469,买盘
09:40:17,30.15,-0.01,27,81423,卖盘
09:40:20,30.16,0.01,113,342237,买盘
09:40:23,30.15,-0.01,38,114574,卖盘
09:40:25,30.16,0.01,19,57303,买盘
09:40:29,30.16,0.0,11,33174,买盘
09:40:32,30.16,0.0,48,144766,买盘
09:40:35,30.16,0.0,39,117605,买盘
09:40:38,30.17,0.01,14,42231,买盘
09:40:41,30.17,0.0,26,78418,中性盘
09:40:42,30.16,-0.01,64,193025,卖盘
09:40:47,30.17,0.01,21,63355,买盘
09:40:50,30.17,0.0,47,141766,买盘
09:40:51,30.17,0.0,62,187014,买盘
09:40:56,30.17,0.0,45,135742,买盘
09:40:59,30.17,0.0,271,817572,买盘
09:41:02,30.16,-0.01,15,45245,卖盘
09:41:05,30.16,0.0,60,180961,卖盘
09:41:08,30.16,0.0,67,202105,卖盘
09:41:11,30.16,0.0,127,383033,卖盘
09:41:14,30.16,0.0,50,150804,卖盘
09:41:15,30.17,0.01,28,84453,买盘
09:41:20,30.15,-0.02,202,609056,卖盘
09:41:23,30.16,0.01,437,1317586,买盘
09:41:26,30.15,-0.01,80,241209,卖盘
09:41:29,30.15,0.0,45,135675,卖盘
09:41:32,30.15,0.0,6,18093,卖盘
09:41:33,30.15,0.0,197,594079,卖盘
09:41:38,30.16,0.01,26,78408,买盘
09:41:40,30.15,-0.01,207,624288,卖盘
09:41:44,30.16,0.01,374,1127601,中性盘
09:41:47,30.15,-0.01,44,132695,买盘
09:41:50,30.16,0.01,143,431312,中性盘
09:41:51,30.16,0.0,14,42217,买盘
09:41:56,30.16,0.0,219,660643,卖盘
09:41:59,30.15,-0.01,42,126668,卖盘
09:42:02,30.15,0.0,36,108539,买盘
09:42:05,30.15,0.0,122,367892,买盘
09:42:08,30.15,0.0,38,114601,卖盘
09:42:11,30.16,0.01,6,18093,买盘
09:42:14,30.15,-0.01,27,81405,卖盘
09:42:17,30.14,-0.01,694,2092034,卖盘
09:42:20,30.13,-0.01,222,669070,卖盘
09:42:23,30.14,0.01,144,433997,买盘
09:42:25,30.13,-0.01,10,30132,卖盘
09:42:29,30.14,0.01,88,265222,买盘
09:42:33,30.15,0.01,54,162757,买盘
09:42:35,30.15,0.0,216,651202,买盘
09:42:38,30.16,0.01,79,238212,买盘
09:42:41,30.17,0.01,102,307669,买盘
09:42:44,30.15,-0.02,434,1308759,卖盘
09:42:47,30.14,-0.01,321,967794,卖盘
09:42:49,30.15,0.01,112,337656,买盘
09:42:53,30.17,0.02,55,165858,买盘
09:42:56,30.15,-0.02,88,264830,卖盘
09:42:57,30.14,-0.01,65,195966,卖盘
09:43:02,30.15,0.01,11,33163,卖盘
09:43:05,30.17,0.02,51,154420,买盘
09:43:08,30.16,-0.01,64,192484,卖盘
09:43:11,30.17,0.01,63,190049,买盘
09:43:14,30.15,-0.02,24,72360,卖盘
09:43:17,30.15,0.0,51,153752,买盘
09:43:20,30.15,0.0,135,408230,买盘
09:43:23,30.15,0.0,87,260556,买盘
09:43:26,30.15,0.0,8,25326,卖盘
09:43:27,30.15,0.0,132,398144,卖盘
09:43:32,30.16,0.01,65,196040,买盘
09:43:35,30.16,0.0,66,199119,卖盘
09:43:37,30.17,0.01,28,84474,买盘
09:43:40,30.18,0.01,82,245605,买盘
09:43:44,30.16,-0.02,140,423713,卖盘
09:43:46,30.17,0.01,16,49473,买盘
09:43:50,30.19,0.02,229,689397,买盘
09:43:54,30.2,0.01,71,215613,买盘
09:43:56,30.2,0.0,189,570773,买盘
09:43:57,30.2,0.0,45,135897,卖盘
09:44:02,30.19,-0.01,392,1182494,卖盘
09:44:05,30.21,0.02,227,685610,买盘
09:44:08,30.19,-0.02,41,123811,卖盘
09:44:11,30.21,0.02,512,1546108,买盘
09:44:14,30.22,0.01,839,2536554,买盘
09:44:17,30.24,0.02,203,614908,买盘
09:44:20,30.25,0.01,115,345863,买盘
09:44:21,30.25,0.0,318,963142,买盘
09:44:26,30.25,0.0,99,299545,卖盘
09:44:28,30.27,0.02,65,196733,买盘
09:44:32,30.27,0.0,230,696299,中性盘
09:44:35,30.27,0.0,66,199856,卖盘
09:44:38,30.27,0.0,330,999716,卖盘
09:44:41,30.27,0.0,46,137449,卖盘
09:44:44,30.28,0.01,26,79939,买盘
09:44:47,30.28,0.0,218,658893,卖盘
09:44:50,30.25,-0.03,219,665099,卖盘
09:44:53,30.27,0.02,45,136208,卖盘
09:44:56,30.28,0.01,36,108989,买盘
09:44:57,30.28,0.0,96,290551,买盘
09:45:02,30.27,-0.01,26,78697,中性盘
09:45:05,30.27,0.0,156,472189,买盘
09:45:08,30.28,0.01,196,591531,买盘
09:45:10,30.27,-0.01,82,248246,买盘
09:45:13,30.28,0.01,101,305832,买盘
09:45:17,30.27,-0.01,40,122312,卖盘
09:45:20,30.27,0.0,71,213151,卖盘
09:45:24,30.27,0.0,37,113218,卖盘
09:45:25,30.27,0.0,73,221027,卖盘
09:45:29,30.28,0.01,69,209538,买盘
09:45:32,30.28,0.0,72,216211,卖盘
09:45:35,30.27,-0.01,402,1217620,卖盘
09:45:37,30.27,0.0,174,526628,买盘
09:45:40,30.27,0.0,49,149513,买盘
09:45:44,30.27,0.0,146,441738,买盘
09:45:47,30.26,-0.01,117,354127,中性盘
09:45:50,30.25,-0.01,224,675931,卖盘
09:45:53,30.26,0.01,14,42344,中性盘
09:45:56,30.26,0.0,36,110137,卖盘
09:45:59,30.26,0.0,75,228163,买盘
09:46:02,30.25,-0.01,17,49620,卖盘
09:46:05,30.25,0.0,29,89552,卖盘
09:46:08,30.26,0.01,43,128242,买盘
09:46:11,30.25,-0.01,90,272932,卖盘
09:46:13,30.25,0.0,8,25413,卖盘
09:46:16,30.26,0.01,53,160371,卖盘
09:46:20,30.25,-0.01,15,45376,卖盘
09:46:23,30.25,0.0,53,158556,卖盘
09:46:26,30.23,-0.02,282,853868,卖盘
09:46:29,30.25,0.02,40,120992,卖盘
09:46:32,30.25,0.0,19,57473,买盘
09:46:35,30.23,-0.02,37,111865,卖盘
09:46:37,30.24,0.01,13,39311,买盘
09:46:41,30.24,0.0,2,6048,买盘
09:46:44,30.23,-0.01,92,276325,卖盘
09:46:46,30.23,0.0,33,99748,买盘
09:46:50,30.22,-0.01,43,129978,卖盘
09:46:51,30.24,0.02,117,355544,买盘
09:46:56,30.22,-0.02,22,66508,卖盘
09:46:59,30.22,0.0,5,15109,买盘
09:47:02,30.23,0.01,69,208530,买盘
09:47:05,30.23,0.0,11,33253,卖盘
09:47:11,30.25,0.02,389,1176523,买盘
09:47:14,30.22,-0.03,128,387107,卖盘
09:47:17,30.23,0.01,36,108944,中性盘
09:47:19,30.23,0.0,4,12095,卖盘
09:47:22,30.24,0.01,54,163296,买盘
09:47:25,30.24,0.0,16,48394,卖盘
09:47:29,30.24,0.0,18,54441,卖盘
09:47:32,30.23,-0.01,83,251000,卖盘
09:47:35,30.25,0.02,108,326597,买盘
09:47:38,30.23,-0.02,66,199543,卖盘
09:47:41,30.25,0.02,11,33268,买盘
09:47:44,30.24,-0.01,17,51405,卖盘
09:47:47,30.25,0.01,57,170607,买盘
09:47:50,30.25,0.0,165,500777,卖盘
09:47:53,30.23,-0.02,19,57441,卖盘
09:47:55,30.24,0.01,15,45356,买盘
09:47:58,30.23,-0.01,40,120972,卖盘
09:48:02,30.24,0.01,28,84653,买盘
09:48:05,30.24,0.0,13,39303,买盘
09:48:08,30.23,-0.01,42,126966,卖盘
09:48:11,30.24,0.01,58,175373,买盘
09:48:14,30.23,-0.01,10,27875,卖盘
09:48:17,30.23,0.0,12,36276,卖盘
09:48:20,30.22,-0.01,35,105804,卖盘
09:48:23,30.22,0.0,42,126941,卖盘
09:48:26,30.23,0.01,140,423153,买盘
09:48:29,30.23,0.0,75,226724,卖盘
09:48:32,30.23,0.0,55,166279,卖盘
09:48:34,30.23,0.0,11,33251,买盘
09:48:38,30.23,0.0,21,63474,买盘
09:48:41,30.23,0.0,6,18138,买盘
09:48:44,30.23,0.0,49,148122,买盘
09:48:47,30.23,0.0,491,1483517,卖盘
09:48:50,30.2,-0.03,42,126939,卖盘
09:48:53,30.2,0.0,37,111774,卖盘
09:48:56,30.21,0.01,86,259724,中性盘
09:48:59,30.2,-0.01,26,78520,卖盘
09:49:02,30.2,0.0,21,63423,卖盘
09:49:05,30.2,0.0,123,372840,卖盘
09:49:07,30.19,-0.01,262,790666,卖盘
09:49:11,30.2,0.01,28,84551,买盘
09:49:14,30.19,-0.01,8,24152,卖盘
09:49:16,30.2,0.01,349,1053972,买盘
09:49:20,30.19,-0.01,385,1161781,中性盘
09:49:23,30.19,0.0,43,129813,卖盘
09:49:25,30.19,0.0,24,72442,买盘
09:49:27,30.18,-0.01,27,81491,卖盘
09:49:31,30.19,0.01,206,621743,买盘
09:49:35,30.18,-0.01,65,196172,卖盘
09:49:38,30.19,0.01,206,621780,买盘
09:49:41,30.17,-0.02,114,343960,卖盘
09:49:43,30.17,0.0,36,108612,卖盘
09:49:47,30.19,0.02,13,39246,买盘
09:49:50,30.18,-0.01,37,111665,买盘
09:49:53,30.18,0.0,4,12072,卖盘
09:49:56,30.19,0.01,123,371323,买盘
09:49:59,30.18,-0.01,62,187177,卖盘
09:50:01,30.19,0.01,104,313905,买盘
09:50:05,30.18,-0.01,54,163020,卖盘
09:50:08,30.19,0.01,37,111701,买盘
09:50:11,30.19,0.0,163,492036,买盘
09:50:14,30.19,0.0,58,175096,买盘
09:50:17,30.19,0.0,13,39247,卖盘
09:50:19,30.19,0.0,13,39247,卖盘
09:50:23,30.19,0.0,15,45288,卖盘
09:50:26,30.19,0.0,108,326052,卖盘
09:50:29,30.19,0.0,18,54347,卖盘
09:50:32,30.19,0.0,74,223408,卖盘
09:50:35,30.18,-0.01,39,117723,卖盘
09:50:37,30.2,0.02,31,93600,买盘
09:50:41,30.19,-0.01,22,66423,中性盘
09:50:44,30.18,-0.01,139,419594,卖盘
09:50:46,30.19,0.01,184,555307,中性盘
09:50:50,30.18,-0.01,46,138883,卖盘
09:50:53,30.19,0.01,26,78492,中性盘
09:50:55,30.18,-0.01,1,3018,卖盘
09:50:58,30.18,0.0,4,12072,卖盘
09:51:02,30.18,0.0,4,14187,卖盘
09:51:05,30.19,0.01,13,39242,买盘
09:51:08,30.18,-0.01,102,304920,卖盘
09:51:11,30.2,0.02,48,144918,买盘
09:51:13,30.19,-0.01,21,63418,卖盘
09:51:17,30.19,0.0,40,120864,卖盘
09:51:20,30.19,0.0,5,15095,卖盘
09:51:22,30.2,0.01,21,63411,买盘
09:51:25,30.19,-0.01,62,187204,卖盘
09:51:29,30.19,0.0,39,117709,卖盘
09:51:32,30.19,0.0,66,199241,买盘
09:51:35,30.18,-0.01,2,6036,卖盘
09:51:40,30.19,0.01,23,69421,买盘
09:51:44,30.18,-0.01,29,87613,卖盘
09:51:47,30.18,0.0,352,1062336,卖盘
09:51:50,30.19,0.01,102,307883,买盘
09:51:53,30.18,-0.01,80,241437,卖盘
09:51:56,30.18,0.0,5,15088,买盘
09:51:59,30.18,0.0,49,147838,买盘
09:52:01,30.17,-0.01,83,250471,卖盘
09:52:05,30.16,-0.01,155,467620,卖盘
09:52:08,30.17,0.01,88,265490,卖盘
09:52:11,30.17,0.0,32,96532,买盘
09:52:14,30.16,-0.01,86,259467,卖盘
09:52:17,30.16,0.0,176,530980,卖盘
09:52:20,30.18,0.02,6,18103,买盘
09:52:23,30.16,-0.02,51,153886,卖盘
09:52:25,30.16,0.0,19,58515,卖盘
09:52:29,30.16,0.0,40,120674,卖盘
09:52:32,30.18,0.02,166,500684,买盘
09:52:34,30.16,-0.02,525,1582976,卖盘
09:52:37,30.15,-0.01,149,449400,卖盘
09:52:41,30.16,0.01,218,657278,买盘
09:52:44,30.15,-0.01,165,497515,卖盘
09:52:47,30.16,0.01,77,232169,买盘
09:52:50,30.14,-0.02,23,69361,卖盘
09:52:53,30.15,0.01,15,45215,买盘
09:52:56,30.14,-0.01,413,1244163,卖盘
09:52:59,30.13,-0.01,58,174780,卖盘
09:53:01,30.15,0.02,254,766258,买盘
09:53:04,30.15,0.0,47,141705,卖盘
09:53:08,30.15,0.0,180,542701,卖盘
09:53:11,30.15,0.0,67,201402,卖盘
09:53:13,30.14,-0.01,13,39190,卖盘
09:53:17,30.15,0.01,2,6030,买盘
09:53:20,30.14,-0.01,335,1010125,卖盘
09:53:23,30.14,0.0,61,183868,卖盘
09:53:26,30.15,0.01,227,684228,中性盘
09:53:29,30.14,-0.01,446,1344641,卖盘
09:53:32,30.16,0.02,121,364810,买盘
09:53:35,30.14,-0.02,842,2537064,卖盘
09:53:38,30.13,-0.01,113,340411,中性盘
09:53:41,30.13,0.0,104,313276,买盘
09:53:44,30.13,0.0,137,412704,买盘
09:53:47,30.13,0.0,233,701934,买盘
09:53:50,30.13,0.0,20,60253,买盘
09:53:52,30.13,0.0,113,340428,买盘
09:53:55,30.13,0.0,79,237978,买盘
09:53:59,30.13,0.0,102,307326,卖盘
09:54:02,30.14,0.01,39,117537,买盘
09:54:05,30.14,0.0,52,156718,买盘
09:54:08,30.14,0.0,15,45292,卖盘
09:54:11,30.15,0.01,27,81368,买盘
09:54:14,30.14,-0.01,3,9044,卖盘
09:54:17,30.14,0.0,228,687044,卖盘
09:54:20,30.14,0.0,10,30140,中性盘
09:54:23,30.13,-0.01,41,123583,卖盘
09:54:26,30.13,0.0,25,75349,卖盘
09:54:29,30.14,0.01,41,123547,买盘
09:54:32,30.13,-0.01,30,90408,卖盘
09:54:35,30.14,0.01,40,120547,买盘
09:54:38,30.14,0.0,70,211062,买盘
09:54:41,30.13,-0.01,115,346501,卖盘
09:54:44,30.14,0.01,113,340502,买盘
09:54:47,30.14,0.0,13,39182,卖盘
09:54:49,30.14,0.0,10,30145,卖盘
09:54:53,30.14,0.0,137,412923,卖盘
09:54:55,30.14,0.0,148,446075,卖盘
09:54:59,30.14,0.0,31,93427,卖盘
09:55:02,30.14,0.0,48,144755,买盘
09:55:05,30.14,0.0,41,123574,卖盘
09:55:08,30.13,-0.01,107,322306,卖盘
09:55:11,30.14,0.01,30,90408,买盘
09:55:14,30.14,0.0,6,18083,买盘
09:55:17,30.14,0.0,23,69322,买盘
09:55:20,30.13,-0.01,10,30132,卖盘
09:55:23,30.13,0.0,49,147670,卖盘
09:55:26,30.13,0.0,29,87385,卖盘
09:55:29,30.13,0.0,245,738409,卖盘
09:55:32,30.13,0.0,102,307340,卖盘
09:55:35,30.13,0.0,24,72323,卖盘
09:55:38,30.14,0.01,113,340692,买盘
09:55:40,30.15,0.01,9,27130,买盘
09:55:44,30.14,-0.01,52,156748,卖盘
09:55:47,30.14,0.0,7,21098,卖盘
09:55:50,30.15,0.01,2,6029,买盘
09:55:53,30.14,-0.01,6,18086,卖盘
09:55:56,30.15,0.01,11,33250,买盘
09:55:59,30.15,0.0,7,21104,买盘
09:56:01,30.15,0.0,24,72350,买盘
09:56:05,30.14,-0.01,38,114565,卖盘
09:56:08,30.15,0.01,249,750504,买盘
09:56:11,30.14,-0.01,124,373740,卖盘
09:56:14,30.15,0.01,12,36176,买盘
09:56:17,30.15,0.0,55,165823,买盘
09:56:20,30.14,-0.01,12,36178,卖盘
09:56:23,30.14,0.0,25,75368,卖盘
09:56:26,30.15,0.01,18,54269,买盘
09:56:29,30.14,-0.01,96,289354,卖盘
09:56:32,30.14,0.0,25,75354,卖盘
09:56:35,30.14,0.0,61,183874,卖盘
09:56:37,30.14,0.0,129,388811,卖盘
09:56:41,30.15,0.01,72,217010,买盘
09:56:44,30.14,-0.01,19,57356,卖盘
09:56:46,30.14,0.0,42,126604,卖盘
09:56:50,30.15,0.01,47,141668,买盘
09:56:53,30.15,0.0,26,78381,买盘
09:56:55,30.14,-0.01,100,301457,卖盘
09:56:59,30.14,0.0,20,60279,买盘
09:57:02,30.13,-0.01,12,36164,卖盘
09:57:04,30.14,0.01,29,87391,买盘
09:57:12,30.14,0.0,103,310431,买盘
09:57:13,30.13,-0.01,997,3003600,卖盘
09:57:16,30.12,-0.01,62,186836,卖盘
09:57:20,30.12,0.0,13,39158,卖盘
09:57:23,30.12,0.0,35,105445,卖盘
09:57:26,30.13,0.01,59,177763,买盘
09:57:28,30.11,-0.02,1693,5099218,卖盘
09:57:32,30.11,0.0,248,746822,卖盘
09:57:34,30.11,0.0,981,2953809,卖盘
09:57:37,30.1,-0.01,787,2369178,卖盘
09:57:40,30.1,0.0,100,301009,卖盘
09:57:44,30.1,0.0,1094,3292960,卖盘
09:57:47,30.11,0.01,843,2537366,买盘
09:57:50,30.1,-0.01,97,291917,中性盘
09:57:53,30.09,-0.01,65,195594,卖盘
09:57:56,30.09,0.0,232,698261,卖盘
09:57:59,30.09,0.0,13,39110,买盘
09:58:01,30.08,-0.01,62,186507,卖盘
09:58:05,30.08,0.0,487,1464898,卖盘
09:58:08,30.07,-0.01,179,538317,卖盘
09:58:11,30.07,0.0,38,114243,买盘
09:58:14,30.07,0.0,9,27062,买盘
09:58:16,30.06,-0.01,247,742750,卖盘
09:58:20,30.07,0.01,109,327698,中性盘
09:58:23,30.07,0.0,57,171401,卖盘
09:58:26,30.07,0.0,80,240560,卖盘
09:58:29,30.07,0.0,56,168392,卖盘
09:58:32,30.07,0.0,48,144320,买盘
09:58:35,30.07,0.0,105,315680,买盘
09:58:38,30.07,0.0,93,279645,买盘
09:58:40,30.07,0.0,55,165374,卖盘
09:58:44,30.06,-0.01,77,231467,卖盘
09:58:47,30.07,0.01,211,634642,买盘
09:58:50,30.07,0.0,133,399457,买盘
09:58:53,30.06,-0.01,101,303614,卖盘
09:58:56,30.06,0.0,70,210431,卖盘
09:58:59,30.06,0.0,176,529067,卖盘
09:59:02,30.06,0.0,281,845137,卖盘
09:59:05,30.06,0.0,225,675896,卖盘
09:59:08,30.05,-0.01,198,595383,卖盘
09:59:11,30.04,-0.01,1002,3010454,卖盘
09:59:14,30.04,0.0,65,195211,卖盘
09:59:17,30.04,0.0,92,276280,买盘
09:59:19,30.03,-0.01,793,2381394,卖盘
09:59:23,30.01,-0.02,340,1020635,卖盘
09:59:26,30.03,0.02,79,237094,买盘
09:59:29,30.02,-0.01,571,1714493,买盘
09:59:31,30.02,0.0,215,645328,买盘
09:59:35,30.03,0.01,145,435384,买盘
09:59:38,30.02,-0.01,286,858482,卖盘
09:59:41,30.01,-0.01,90,270153,卖盘
09:59:44,30.02,0.01,183,549343,买盘
09:59:46,30.02,0.0,33,100241,买盘
09:59:50,30.01,-0.01,164,492213,卖盘
09:59:53,30.02,0.01,129,387310,买盘
09:59:56,30.02,0.0,122,366244,卖盘
09:59:59,30.02,0.0,146,438236,卖盘
10:00:02,30.02,0.0,16,48038,卖盘
10:00:05,30.02,0.0,253,759386,卖盘
10:00:08,30.02,0.0,60,180120,卖盘
10:00:11,30.02,0.0,108,324207,卖盘
10:00:14,30.02,0.0,156,468279,买盘
10:00:16,30.02,0.0,92,276170,买盘
10:00:19,30.02,0.0,246,738351,买盘
10:00:22,30.02,0.0,89,267216,卖盘
10:00:26,30.03,0.01,203,609567,买盘
10:00:28,30.03,0.0,164,492543,卖盘
10:00:32,30.03,0.0,57,171173,卖盘
10:00:35,30.03,0.0,247,741825,卖盘
10:00:38,30.02,-0.01,60,180133,卖盘
10:00:41,30.02,0.0,102,306296,卖盘
10:00:44,30.02,0.0,171,513437,卖盘
10:00:47,30.03,0.01,348,1045009,买盘
10:00:50,30.02,-0.01,374,1122961,卖盘
10:00:53,30.03,0.01,44,132106,中性盘
10:00:56,30.03,0.0,27,81087,买盘
10:00:59,30.03,0.0,194,582531,卖盘
10:01:01,30.02,-0.01,87,261250,卖盘
10:01:04,30.03,0.01,73,217915,买盘
10:01:07,30.03,0.0,91,273273,买盘
10:01:11,30.04,0.01,113,339377,买盘
10:01:13,30.03,-0.01,42,126126,卖盘
10:01:17,30.03,0.0,108,324320,卖盘
10:01:19,30.03,0.0,45,135157,卖盘
10:01:23,30.03,0.0,100,300303,卖盘
10:01:26,30.04,0.01,26,78097,买盘
10:01:29,30.04,0.0,53,159171,买盘
10:01:31,30.04,0.0,191,573598,买盘
10:01:35,30.04,0.0,13,39045,买盘
10:01:38,30.03,-0.01,56,168166,卖盘
10:01:41,30.03,0.0,66,198196,买盘
10:01:44,30.03,0.0,221,663547,买盘
10:01:47,30.03,0.0,92,276267,买盘
10:01:50,30.03,0.0,35,105093,买盘
10:01:53,30.04,0.01,788,2366874,买盘
10:01:56,30.03,-0.01,225,675986,卖盘
10:01:59,30.04,0.01,30,90099,中性盘
10:02:01,30.04,0.0,75,225298,买盘
10:02:05,30.04,0.0,31,93096,买盘
10:02:08,30.04,0.0,122,366387,买盘
10:02:11,30.03,-0.01,23,69086,卖盘
10:02:14,30.04,0.01,77,231261,买盘
10:02:16,30.03,-0.01,254,762951,卖盘
10:02:20,30.04,0.01,90,270346,买盘
10:02:23,30.03,-0.01,23,69086,卖盘
10:02:26,30.04,0.01,239,717735,买盘
10:02:29,30.03,-0.01,276,828865,卖盘
10:02:33,30.04,0.01,51,153166,买盘
10:02:34,30.03,-0.01,94,282312,卖盘
10:02:38,30.03,0.0,33,99118,卖盘
10:02:41,30.03,0.0,218,654660,卖盘
10:02:44,30.03,0.0,30,90071,买盘
10:02:47,30.02,-0.01,144,432319,卖盘
10:02:50,30.03,0.01,440,1320953,买盘
10:02:53,30.02,-0.01,122,366327,卖盘
10:02:56,30.03,0.01,43,129094,买盘
10:02:59,30.03,0.0,189,568767,买盘
10:03:02,30.03,0.0,42,126138,卖盘
10:03:05,30.03,0.0,537,1611377,卖盘
10:03:08,30.03,0.0,131,393377,买盘
10:03:11,30.03,0.0,17,51047,买盘
10:03:14,30.02,-0.01,537,1612080,卖盘
10:03:17,30.02,0.0,153,459314,卖盘
10:03:20,30.02,0.0,18,54047,卖盘
10:03:23,30.02,0.0,114,342243,卖盘
10:03:25,30.02,0.0,1134,3404270,卖盘
10:03:28,30.02,0.0,143,429308,卖盘
10:03:32,30.02,0.0,83,249230,卖盘
10:03:35,30.02,0.0,1067,3202291,卖盘
10:03:38,30.01,-0.01,98,294156,卖盘
10:03:41,30.02,0.01,111,333214,买盘
10:03:44,30.01,-0.01,59,177069,卖盘
10:03:47,30.02,0.01,26,78050,买盘
10:03:50,30.01,-0.01,718,2154749,卖盘
10:03:53,30.02,0.01,84,252092,买盘
10:03:56,30.01,-0.01,98,294098,卖盘
10:03:59,30.01,0.0,35,105040,卖盘
10:04:01,30.0,-0.01,890,2670894,卖盘
10:04:05,30.01,0.01,821,2463241,买盘
10:04:07,30.01,0.0,114,342075,卖盘
10:04:11,30.01,0.0,21,63002,买盘
10:04:13,30.01,0.0,111,333010,买盘
10:04:16,30.0,-0.01,37,111012,卖盘
10:04:20,30.0,0.0,205,615009,卖盘
10:04:23,30.0,0.0,645,1935013,卖盘
10:04:25,30.0,0.0,103,309061,卖盘
10:04:28,30.0,0.0,55,165047,卖盘
10:04:32,30.0,0.0,99,297023,卖盘
10:04:35,30.01,0.01,185,555089,买盘
10:04:38,30.02,0.01,265,795217,买盘
10:04:41,30.0,-0.02,109,327020,卖盘
10:04:44,30.0,0.0,169,507015,卖盘
10:04:47,30.01,0.01,385,1155033,买盘
10:04:50,30.01,0.0,60,180018,买盘
10:04:53,30.01,0.0,77,231057,买盘
10:04:56,30.0,-0.01,115,345093,卖盘
10:04:59,30.0,0.0,160,480116,卖盘
10:05:02,30.0,0.0,209,627012,卖盘
10:05:05,30.01,0.01,131,393029,买盘
10:05:08,30.01,0.0,104,312076,卖盘
10:05:11,30.01,0.0,226,678187,中性盘
10:05:14,30.0,-0.01,134,402040,卖盘
10:05:17,30.01,0.01,44,132021,买盘
10:05:20,30.01,0.0,115,345129,买盘
10:05:23,30.01,0.0,140,420101,买盘
10:05:26,30.0,-0.01,289,867132,卖盘
10:05:29,30.01,0.01,149,447020,买盘
10:05:32,30.01,0.0,101,303040,买盘
10:05:34,30.01,0.0,83,249063,买盘
10:05:38,30.01,0.0,99,297073,买盘
10:05:40,30.01,0.0,49,147041,买盘
10:05:44,30.01,0.0,77,231071,买盘
10:05:46,30.01,0.0,38,114026,卖盘
10:05:49,30.02,0.01,105,315173,买盘
10:05:52,30.01,-0.01,182,546184,卖盘
10:05:56,30.01,0.0,91,273091,卖盘
10:05:59,30.01,0.0,36,108049,卖盘
10:06:02,30.01,0.0,74,222096,卖盘
10:06:05,30.02,0.01,100,300164,买盘
10:06:08,30.02,0.0,27,81031,买盘
10:06:10,30.02,0.0,20,60034,买盘
10:06:14,30.02,0.0,53,159089,买盘
10:06:17,30.01,-0.01,98,294117,卖盘
10:06:20,30.02,0.01,23,69037,买盘
10:06:22,30.02,0.0,409,1227708,买盘
10:06:25,30.02,0.0,72,216106,买盘
10:06:28,30.01,-0.01,360,1080390,卖盘
10:06:32,30.01,0.0,143,429156,卖盘
10:06:35,30.01,0.0,92,276164,卖盘
10:06:38,30.01,0.0,171,513274,卖盘
10:06:41,30.01,0.0,55,165075,卖盘
10:06:43,30.01,0.0,32,96037,卖盘
10:06:47,30.02,0.01,78,234103,买盘
10:06:49,30.02,0.0,13,39019,买盘
10:06:53,30.01,-0.01,47,141059,卖盘
10:06:56,30.02,0.01,98,294135,买盘
10:06:59,30.02,0.0,41,123074,买盘
10:07:02,30.01,-0.01,157,471204,卖盘
10:07:05,30.02,0.01,66,198117,买盘
10:07:08,30.01,-0.01,77,231143,卖盘
10:07:11,30.03,0.02,499,1499719,买盘
10:07:14,30.02,-0.01,127,379954,买盘
10:07:17,30.01,-0.01,105,315121,卖盘
10:07:20,30.02,0.01,61,183106,卖盘
10:07:23,30.02,0.0,20,60042,卖盘
10:07:25,30.02,0.0,48,144103,卖盘
10:07:28,30.02,0.0,7,22815,卖盘
10:07:31,30.02,0.0,48,144106,卖盘
10:07:35,30.03,0.01,95,285280,买盘
10:07:38,30.04,0.01,210,630483,买盘
10:07:40,30.03,-0.01,21,63068,卖盘
10:07:44,30.03,0.0,83,249320,卖盘
10:07:47,30.04,0.01,28,84107,买盘
10:07:49,30.04,0.0,23,69090,买盘
10:07:53,30.03,-0.01,141,423457,卖盘
10:07:55,30.02,-0.01,38,114123,卖盘
10:07:59,30.04,0.02,43,129154,买盘
10:08:01,30.04,0.0,36,105235,中性盘
10:08:05,30.03,-0.01,83,249297,卖盘
10:08:08,30.05,0.02,118,354566,买盘
10:08:11,30.04,-0.01,18,54065,买盘
10:08:13,30.04,0.0,66,198262,买盘
10:08:17,30.03,-0.01,40,120139,卖盘
10:08:20,30.04,0.01,241,724022,买盘
10:08:22,30.04,0.0,80,240299,卖盘
10:08:25,30.03,-0.01,97,294158,卖盘
10:08:29,30.03,0.0,360,1081111,卖盘
10:08:32,30.04,0.01,93,279317,买盘
10:08:35,30.04,0.0,21,63069,买盘
10:08:38,30.03,-0.01,49,147159,卖盘
10:08:41,30.04,0.01,109,327436,买盘
10:08:43,30.04,0.0,121,363524,卖盘
10:08:47,30.04,0.0,82,246382,卖盘
10:08:50,30.05,0.01,17,51078,买盘
10:08:52,30.05,0.0,36,108165,买盘
10:08:56,30.04,-0.01,14,42057,卖盘
10:08:59,30.05,0.01,69,207304,买盘
10:09:02,30.04,-0.01,39,117181,卖盘
10:09:05,30.04,0.0,29,87139,卖盘
10:09:08,30.05,0.01,42,126180,买盘
10:09:11,30.04,-0.01,51,153212,卖盘
10:09:14,30.05,0.01,57,171281,买盘
10:09:17,30.05,0.0,30,90126,买盘
10:09:20,30.05,0.0,109,327541,买盘
10:09:22,30.05,0.0,106,318459,买盘
10:09:26,30.05,0.0,135,405693,买盘
10:09:29,30.04,-0.01,51,153216,卖盘
10:09:31,30.05,0.01,170,507852,中性盘
10:09:35,30.05,0.0,79,237353,卖盘
10:09:37,30.04,-0.01,17,51070,卖盘
10:09:41,30.05,0.01,288,865483,买盘
10:09:43,30.04,-0.01,107,321548,卖盘
10:09:46,30.05,0.01,80,240394,中性盘
10:09:50,30.06,0.01,88,264441,买盘
10:09:52,30.05,-0.01,21,63116,卖盘
10:09:55,30.05,0.0,24,72128,卖盘
10:09:59,30.08,0.03,20,60123,买盘
10:10:02,30.06,-0.02,42,126356,卖盘
10:10:05,30.06,0.0,125,375760,卖盘
10:10:08,30.06,0.0,20,60128,卖盘
10:10:11,30.07,0.01,27,81196,中性盘
10:10:14,30.06,-0.01,83,249551,卖盘
10:10:17,30.08,0.02,28,84179,买盘
10:10:21,30.08,0.0,89,267637,买盘
10:10:23,30.08,0.0,60,180408,买盘
10:10:26,30.06,-0.02,109,327694,卖盘
10:10:29,30.06,0.0,30,90206,卖盘
10:10:32,30.06,0.0,10,30072,卖盘
10:10:35,30.07,0.01,15,45105,中性盘
10:10:37,30.06,-0.01,53,159326,卖盘
10:10:41,30.06,0.0,213,640094,卖盘
10:10:44,30.05,-0.01,36,108282,卖盘
10:10:47,30.06,0.01,24,72137,买盘
10:10:50,30.05,-0.01,18,54099,卖盘
10:10:52,30.05,0.0,9,27051,卖盘
10:10:56,30.05,0.0,100,300510,卖盘
10:10:59,30.06,0.01,70,210394,买盘
10:11:02,30.06,0.0,43,129252,买盘
10:11:04,30.05,-0.01,6,18034,卖盘
10:11:08,30.06,0.01,25,75148,买盘
10:11:11,30.06,0.0,21,63129,买盘
10:11:13,30.07,0.01,29,87203,买盘
10:11:17,30.08,0.01,65,195415,买盘
10:11:19,30.05,-0.03,53,159310,卖盘
10:11:22,30.06,0.01,24,72141,买盘
10:11:26,30.07,0.01,240,721813,买盘
10:11:29,30.06,-0.01,21,63112,中性盘
10:11:31,30.07,0.01,13,39085,买盘
10:11:35,30.07,0.0,10,30067,买盘
10:11:38,30.06,-0.01,38,114328,卖盘
10:11:41,30.07,0.01,26,78161,买盘
10:11:43,30.07,0.0,7,21048,买盘
10:11:47,30.06,-0.01,30,90198,卖盘
10:11:50,30.08,0.02,98,294690,买盘
10:11:53,30.08,0.0,19,57138,买盘
10:11:56,30.07,-0.01,120,360778,卖盘
10:11:58,30.08,0.01,20,60234,买盘
10:12:02,30.08,0.0,25,75199,买盘
10:12:05,30.07,-0.01,19,57131,买盘
10:12:08,30.07,0.0,6,18041,买盘
10:12:11,30.07,0.0,57,171399,买盘
10:12:14,30.06,-0.01,39,117324,卖盘
10:12:17,30.06,0.0,80,240504,卖盘
10:12:20,30.06,0.0,18,54108,卖盘
10:12:22,30.07,0.01,100,300695,买盘
10:12:26,30.07,0.0,39,117250,买盘
10:12:29,30.07,0.0,76,228572,卖盘
10:12:32,30.07,0.0,48,144343,卖盘
10:12:34,30.07,0.0,12,36083,卖盘
10:12:38,30.07,0.0,9,27147,买盘
10:12:41,30.07,0.0,109,327662,买盘
10:12:43,30.06,-0.01,73,219441,卖盘
10:12:47,30.06,0.0,58,174368,卖盘
10:12:50,30.06,0.0,41,123252,卖盘
10:12:52,30.06,0.0,95,285603,卖盘
10:12:55,30.06,0.0,32,95830,卖盘
10:12:58,30.07,0.01,277,833267,买盘
10:13:02,30.07,0.0,29,87299,卖盘
10:13:04,30.06,-0.01,45,134861,卖盘
10:13:08,30.06,0.0,16,48096,卖盘
10:13:11,30.06,0.0,164,492944,卖盘
10:13:13,30.06,0.0,12,36062,买盘
10:13:17,30.05,-0.01,104,312598,卖盘
10:13:20,30.05,0.0,17,51090,卖盘
10:13:23,30.05,0.0,89,267453,卖盘
10:13:25,30.05,0.0,91,273473,卖盘
10:13:29,30.05,0.0,33,99171,卖盘
10:13:32,30.05,0.0,12,36063,卖盘
10:13:35,30.06,0.01,4,12024,买盘
10:13:38,30.05,-0.01,43,129314,卖盘
10:13:40,30.06,0.01,42,126228,买盘
10:13:44,30.06,0.0,22,66128,买盘
10:13:47,30.05,-0.01,16,48095,卖盘
10:13:49,30.05,0.0,79,237400,卖盘
10:13:53,30.06,0.01,25,75141,买盘
10:13:55,30.05,-0.01,17,51096,卖盘
10:13:59,30.05,0.0,46,138231,卖盘
10:14:01,30.06,0.01,57,171386,买盘
10:14:05,30.05,-0.01,229,688154,卖盘
10:14:08,30.06,0.01,50,150260,买盘
10:14:11,30.06,0.0,18,54097,买盘
10:14:14,30.05,-0.01,129,387646,卖盘
10:14:16,30.05,0.0,130,390381,卖盘
10:14:20,30.05,0.0,34,102150,买盘
10:14:23,30.05,0.0,29,87142,买盘
10:14:25,30.04,-0.01,3,9013,卖盘
10:14:29,30.05,0.01,8,24040,买盘
10:14:32,30.04,-0.01,95,285384,卖盘
10:14:35,30.05,0.01,514,1544626,买盘
10:14:38,30.05,0.0,161,483807,卖盘
10:14:41,30.04,-0.01,21,63090,卖盘
10:14:43,30.06,0.02,11,33061,买盘
10:14:47,30.06,0.0,66,198380,买盘
10:14:50,30.06,0.0,83,249412,买盘
10:14:53,30.05,-0.01,50,150343,卖盘
10:14:56,30.05,0.0,11,33060,卖盘
10:14:59,30.06,0.01,24,72123,买盘
10:15:02,30.06,0.0,19,57106,买盘
10:15:04,30.05,-0.01,24,72121,卖盘
10:15:08,30.05,0.0,38,114193,卖盘
10:15:11,30.05,0.0,79,237284,卖盘
10:15:13,30.05,0.0,24,72114,买盘
10:15:17,30.04,-0.01,76,228339,卖盘
10:15:20,30.04,0.0,137,411585,卖盘
10:15:23,30.01,-0.03,3214,9649533,卖盘
10:15:25,30.02,0.01,323,969347,中性盘
10:15:28,30.01,-0.01,51,153073,卖盘
10:15:32,30.02,0.01,20,60022,买盘
10:15:34,30.01,-0.01,15,45110,卖盘
10:15:38,30.01,0.0,46,138048,卖盘
10:15:41,30.01,0.0,241,723253,卖盘
10:15:44,30.01,0.0,28,84028,卖盘
10:15:47,30.01,0.0,19,57024,卖盘
10:15:50,30.02,0.01,123,369132,买盘
10:15:53,30.02,0.0,34,102058,买盘
10:15:56,30.02,0.0,82,246099,买盘
10:15:59,30.01,-0.01,25,75025,卖盘
10:16:02,30.01,0.0,58,174067,卖盘
10:16:05,30.02,0.01,37,111050,买盘
10:16:07,30.01,-0.01,55,165058,卖盘
10:16:11,30.02,0.01,481,1443953,买盘
10:16:14,30.02,0.0,88,264157,买盘
10:16:17,30.03,0.01,138,414273,买盘
10:16:20,30.02,-0.01,50,150057,卖盘
10:16:23,30.02,0.0,25,75045,买盘
10:16:25,30.01,-0.01,92,276093,卖盘
10:16:29,30.02,0.01,27,81044,买盘
10:16:32,30.02,0.0,2109,6327936,买盘
10:16:35,30.02,0.0,452,1356685,买盘
10:16:38,30.02,0.0,121,363301,买盘
10:16:41,30.02,0.0,60,180095,买盘
10:16:44,30.01,-0.01,31,93128,卖盘
10:16:47,30.02,0.01,27,81046,买盘
10:16:50,30.01,-0.01,11,33014,卖盘
10:16:53,30.02,0.01,91,273180,买盘
10:16:56,30.01,-0.01,128,384333,卖盘
10:16:59,30.02,0.01,83,249163,中性盘
10:17:02,30.03,0.01,8,24019,买盘
10:17:04,30.04,0.01,44,132138,买盘
10:17:08,30.02,-0.02,60,180188,卖盘
10:17:10,30.03,0.01,12,36118,买盘
10:17:14,30.02,-0.01,30,90084,卖盘
10:17:17,30.02,0.0,30,90071,卖盘
10:17:20,30.03,0.01,18,54057,卖盘
10:17:23,30.04,0.01,72,216286,买盘
10:17:26,30.04,0.0,8,24036,卖盘
10:17:28,30.04,0.0,42,126173,卖盘
10:17:32,30.04,0.0,108,324452,卖盘
10:17:35,30.04,0.0,40,120181,卖盘
10:17:38,30.04,0.0,33,99227,卖盘
10:17:41,30.05,0.01,29,87134,买盘
10:17:44,30.04,-0.01,22,66094,卖盘
10:17:47,30.05,0.01,12,36058,买盘
10:17:49,30.04,-0.01,27,81113,卖盘
10:17:52,30.04,0.0,21,63090,卖盘
10:17:56,30.04,0.0,10,30040,卖盘
10:17:59,30.05,0.01,25,75106,买盘
10:18:02,30.05,0.0,145,435683,买盘
10:18:05,30.05,0.0,19,57086,买盘
10:18:07,30.04,-0.01,38,114185,卖盘
10:18:10,30.05,0.01,30,90146,买盘
10:18:14,30.04,-0.01,55,165330,卖盘
10:18:17,30.04,0.0,208,624925,卖盘
10:18:19,30.05,0.01,122,367852,买盘
10:18:23,30.05,0.0,18,54090,卖盘
10:18:26,30.05,0.0,22,66114,卖盘
10:18:28,30.05,0.0,92,276454,卖盘
10:18:32,30.04,-0.01,57,171261,卖盘
10:18:35,30.05,0.01,27,81199,买盘
10:18:38,30.04,-0.01,219,657909,卖盘
10:18:41,30.04,0.0,133,398008,卖盘
10:18:44,30.04,0.0,66,198277,卖盘
10:18:46,30.04,0.0,46,138187,卖盘
10:18:49,30.04,0.0,32,96121,卖盘
10:18:53,30.04,0.0,56,168320,卖盘
10:18:56,30.04,0.0,26,78104,卖盘
10:18:59,30.04,0.0,45,135185,卖盘
10:19:02,30.04,0.0,15,45064,卖盘
10:19:04,30.05,0.01,45,135221,买盘
10:19:08,30.04,-0.01,21,63094,卖盘
10:19:10,30.05,0.01,19,57086,买盘
10:19:14,30.06,0.01,149,447704,买盘
10:19:17,30.05,-0.01,15,45075,卖盘
10:19:20,30.04,-0.01,73,219365,卖盘
10:19:23,30.04,0.0,54,162220,卖盘
10:19:25,30.04,0.0,46,138173,卖盘
10:19:29,30.03,-0.01,32,96109,卖盘
10:19:31,30.03,0.0,40,120132,卖盘
10:19:35,30.03,0.0,2,6006,卖盘
10:19:38,30.03,0.0,32,96102,卖盘
10:19:40,30.04,0.01,26,78103,买盘
10:19:44,30.03,-0.01,88,264355,卖盘
10:19:47,30.03,0.0,22,66066,卖盘
10:19:49,30.03,0.0,5,15018,卖盘
10:19:52,30.04,0.01,21,63090,买盘
10:19:56,30.04,0.0,13,39052,买盘
10:19:59,30.03,-0.01,49,147213,卖盘
10:20:02,30.04,0.01,12,36133,中性盘
10:20:05,30.04,0.0,258,774802,买盘
10:20:08,30.02,-0.02,38,114094,卖盘
10:20:11,30.03,0.01,18,54052,买盘
10:20:14,30.03,0.0,24,72064,买盘
10:20:17,30.03,0.0,80,240216,买盘
10:20:19,30.03,0.0,426,1278866,买盘
10:20:23,30.02,-0.01,127,380822,卖盘
10:20:26,30.02,0.0,39,117082,买盘
10:20:29,30.01,-0.01,186,558196,卖盘
10:20:32,30.02,0.01,107,321161,买盘
10:20:35,30.01,-0.01,572,1716590,卖盘
10:20:38,30.01,0.0,73,219080,卖盘
10:20:41,30.02,0.01,43,129080,买盘
10:20:44,30.01,-0.01,71,213174,卖盘
10:20:47,30.03,0.02,143,429121,买盘
10:20:50,30.01,-0.02,50,150067,卖盘
10:20:53,30.03,0.02,199,597204,买盘
10:20:56,30.02,-0.01,42,126067,卖盘
10:20:59,30.02,0.0,9,27016,买盘
10:21:02,30.02,0.0,5,15009,买盘
10:21:05,30.01,-0.01,6,18011,卖盘
10:21:07,30.01,0.0,29,87052,卖盘
10:21:11,30.0,-0.01,3079,9237224,卖盘
10:21:14,30.01,0.01,245,735038,买盘
10:21:17,30.0,-0.01,115,345020,卖盘
10:21:20,30.01,0.01,17,51003,买盘
10:21:22,30.0,-0.01,240,720025,卖盘
10:21:26,30.01,0.01,80,240040,买盘
10:21:29,30.0,-0.01,25,75008,卖盘
10:21:32,30.0,0.0,19,57097,卖盘
10:21:34,30.0,0.0,137,411005,卖盘
10:21:37,30.0,0.0,120,360011,卖盘
10:21:41,30.01,0.01,41,123003,买盘
10:21:43,30.01,0.0,53,159029,买盘
10:21:46,30.0,-0.01,124,372003,卖盘
10:21:49,30.01,0.01,20,60009,买盘
10:21:53,30.0,-0.01,39,117007,卖盘
10:21:55,30.0,0.0,83,249000,卖盘
10:21:59,30.01,0.01,65,195007,买盘
10:22:02,30.0,-0.01,20,60014,卖盘
10:22:05,30.0,0.0,85,255022,卖盘
10:22:08,30.0,0.0,24,72001,卖盘
10:22:11,30.0,0.0,14,42003,卖盘
10:22:14,30.01,0.01,57,171009,买盘
10:22:17,30.0,-0.01,24,72006,卖盘
10:22:20,30.0,0.0,43,129126,卖盘
10:22:23,30.0,0.0,27,81022,卖盘
10:22:26,30.01,0.01,106,318102,买盘
10:22:29,30.0,-0.01,14,42001,卖盘
10:22:32,30.0,0.0,1045,3135005,卖盘
10:22:35,30.0,0.0,143,429031,卖盘
10:22:38,30.0,0.0,91,273012,卖盘
10:22:41,30.01,0.01,33,99010,买盘
10:22:43,30.01,0.0,88,264084,买盘
10:22:47,30.01,0.0,27,81107,买盘
10:22:49,30.0,-0.01,45,135004,卖盘
10:22:52,30.01,0.01,25,75004,买盘
10:22:56,30.01,0.0,61,183060,买盘
10:22:58,30.01,0.0,72,216003,买盘
10:23:02,30.01,0.0,139,417041,买盘
10:23:05,30.01,0.0,63,189015,买盘
10:23:08,30.0,-0.01,140,420098,卖盘
10:23:11,30.01,0.01,25,75003,买盘
10:23:14,30.01,0.0,78,234019,买盘
10:23:17,30.0,-0.01,45,135010,卖盘
10:23:20,30.0,0.0,41,123008,卖盘
10:23:23,30.0,0.0,68,204004,卖盘
10:23:25,30.01,0.01,143,429147,买盘
10:23:29,30.0,-0.01,29,87010,卖盘
10:23:31,30.02,0.02,207,621260,买盘
10:23:35,30.01,-0.01,118,354111,中性盘
10:23:38,30.01,0.0,62,186026,卖盘
10:23:41,30.01,0.0,22,66026,卖盘
10:23:44,30.01,0.0,12,36013,卖盘
10:23:47,30.02,0.01,13,39014,买盘
10:23:49,30.01,-0.01,29,87029,卖盘
10:23:53,30.02,0.01,123,369236,买盘
10:23:55,30.03,0.01,11,33025,买盘
10:23:59,30.01,-0.02,20,60022,卖盘
10:24:01,30.02,0.01,4,12007,买盘
10:24:04,30.02,0.0,19,57122,买盘
10:24:08,30.01,-0.01,86,258091,卖盘
10:24:11,30.01,0.0,22,66030,卖盘
10:24:14,30.02,0.01,4,12007,买盘
10:24:17,30.01,-0.01,96,288179,卖盘
10:24:19,30.01,0.0,53,159071,卖盘
10:24:23,30.02,0.01,9,27013,买盘
10:24:26,30.01,-0.01,117,351217,卖盘
10:24:29,30.01,0.0,98,294272,卖盘
10:24:32,30.01,0.0,84,252086,卖盘
10:24:35,30.02,0.01,133,399224,买盘
10:24:38,30.02,0.0,133,399162,买盘
10:24:40,30.02,0.0,99,297120,买盘
10:24:44,30.0,-0.02,151,452979,卖盘
10:24:47,30.01,0.01,59,177221,买盘
10:24:49,30.0,-0.01,361,1083301,卖盘
10:24:53,30.01,0.01,37,111009,买盘
10:24:56,30.0,-0.01,23,69092,卖盘
10:24:59,30.0,0.0,70,210037,卖盘
10:25:02,30.0,0.0,58,174029,卖盘
10:25:05,30.0,0.0,35,105031,卖盘
10:25:08,30.01,0.01,31,93029,买盘
10:25:11,30.0,-0.01,19,57012,卖盘
10:25:14,30.01,0.01,82,246072,买盘
10:25:17,30.0,-0.01,52,156043,卖盘
10:25:19,30.01,0.01,5,15005,中性盘
10:25:23,30.02,0.01,16,48019,买盘
10:25:26,30.01,-0.01,8,24008,卖盘
10:25:29,30.01,0.0,16,48021,卖盘
10:25:32,30.02,0.01,57,171108,买盘
10:25:35,30.02,0.0,50,150084,买盘
10:25:38,30.01,-0.01,89,267234,卖盘
10:25:41,30.02,0.01,88,264104,买盘
10:25:43,30.01,-0.01,15,45015,卖盘
10:25:47,30.01,0.0,43,129046,卖盘
10:25:50,30.02,0.01,21,63039,买盘
10:25:53,30.02,0.0,46,138049,买盘
10:25:56,30.01,-0.01,954,2862599,卖盘
10:25:58,30.01,0.0,79,237025,卖盘
10:26:02,30.0,-0.01,87,261023,卖盘
10:26:05,30.01,0.01,47,141025,买盘
10:26:08,30.01,0.0,62,186048,买盘
10:26:11,30.0,-0.01,29,87000,卖盘
10:26:14,30.0,0.0,60,180058,卖盘
10:26:17,30.0,0.0,50,149241,卖盘
10:26:20,30.0,0.0,114,342020,卖盘
10:26:23,30.01,0.01,48,144031,买盘
10:26:25,30.01,0.0,81,243169,买盘
10:26:29,30.01,0.0,88,264062,卖盘
10:26:32,30.01,0.0,77,231107,卖盘
10:26:35,30.01,0.0,36,108030,卖盘
10:26:38,30.0,-0.01,11,33094,卖盘
10:26:41,30.01,0.01,105,315036,买盘
10:26:43,30.0,-0.01,42,126023,卖盘
10:26:47,30.0,0.0,556,1667047,卖盘
10:26:50,30.0,0.0,255,765017,卖盘
10:26:53,30.01,0.01,852,2556019,买盘
10:26:56,29.99,-0.02,475,1426259,卖盘
10:26:58,30.0,0.01,238,712833,买盘
10:27:01,30.0,0.0,970,2910294,卖盘
10:27:05,29.98,-0.02,1151,3451739,卖盘
10:27:08,29.98,0.0,529,1586176,卖盘
10:27:10,29.98,0.0,958,2872018,卖盘
10:27:14,29.97,-0.01,776,2326989,卖盘
10:27:16,29.97,0.0,363,1088498,卖盘
10:27:20,29.96,-0.01,47,140911,卖盘
10:27:23,29.96,0.0,582,1745207,卖盘
10:27:26,29.97,0.01,162,485363,买盘
10:27:28,29.97,0.0,557,1669282,买盘
10:27:32,29.95,-0.02,192,575205,卖盘
10:27:35,29.98,0.03,266,796868,买盘
10:27:37,29.97,-0.01,81,242761,中性盘
10:27:41,29.97,0.0,80,239835,卖盘
10:27:44,29.98,0.01,743,2226054,买盘
10:27:47,29.96,-0.02,91,272588,中性盘
10:27:50,29.96,0.0,50,149765,中性盘
10:27:52,29.94,-0.02,657,1967113,卖盘
10:27:55,29.94,0.0,254,760207,买盘
10:27:59,29.94,0.0,203,607635,买盘
10:28:02,29.94,0.0,49,146665,买盘
10:28:04,29.93,-0.01,278,831915,卖盘
10:28:08,29.92,-0.01,156,466712,卖盘
10:28:11,29.92,0.0,40,119670,买盘
10:28:14,29.92,0.0,92,275242,买盘
10:28:17,29.91,-0.01,274,819688,卖盘
10:28:20,29.92,0.01,152,454665,买盘
10:28:23,29.91,-0.01,227,678966,卖盘
10:28:26,29.92,0.01,282,843691,买盘
10:28:28,29.91,-0.01,983,2939590,卖盘
10:28:32,29.91,0.0,166,496379,买盘
10:28:35,29.9,-0.01,232,692560,卖盘
10:28:38,29.9,0.0,159,475562,卖盘
10:28:40,29.91,0.01,193,577216,买盘
10:28:44,29.91,0.0,240,717845,卖盘
10:28:46,29.92,0.01,166,496400,买盘
10:28:49,29.92,0.0,200,598370,买盘
10:28:53,29.92,0.0,30,89760,卖盘
10:28:55,29.92,0.0,28,83776,卖盘
10:28:59,29.93,0.01,59,176620,买盘
10:29:01,29.93,0.0,85,254368,买盘
10:29:05,29.92,-0.01,356,1064888,卖盘
10:29:08,29.92,0.0,52,155562,买盘
10:29:11,29.91,-0.01,121,362030,卖盘
10:29:14,29.91,0.0,85,254264,卖盘
10:29:16,29.92,0.01,135,403866,买盘
10:29:19,29.92,0.0,72,215414,买盘
10:29:23,29.94,0.02,221,661089,买盘
10:29:26,29.95,0.01,177,530283,买盘
10:29:29,29.95,0.0,30,89850,卖盘
10:29:32,29.95,0.0,49,146768,卖盘
10:29:35,29.95,0.0,22,65905,卖盘
10:29:38,29.95,0.0,68,203683,卖盘
10:29:41,29.93,-0.02,78,233574,卖盘
10:29:44,29.95,0.02,30,89825,买盘
10:29:47,29.94,-0.01,14,42000,买盘
10:29:50,29.93,-0.01,14,41913,卖盘
10:29:53,29.94,0.01,8,23947,中性盘
10:29:55,29.94,0.0,30,89803,买盘
10:29:59,29.93,-0.01,231,691199,卖盘
10:30:02,29.95,0.02,323,967245,买盘
10:30:04,29.95,0.0,41,122795,卖盘
10:30:08,29.93,-0.02,73,218420,卖盘
10:30:11,29.93,0.0,45,134681,买盘
10:30:14,29.93,0.0,204,610539,买盘
10:30:17,29.94,0.01,190,568606,买盘
10:30:20,29.92,-0.02,93,278371,卖盘
10:30:23,29.93,0.01,127,380072,卖盘
10:30:26,29.93,0.0,14,41902,卖盘
10:30:29,29.94,0.01,26,77832,买盘
10:30:32,29.93,-0.01,86,257482,卖盘
10:30:35,29.93,0.0,87,260346,卖盘
10:30:38,29.93,0.0,28,83799,买盘
10:30:41,29.92,-0.01,121,362067,卖盘
10:30:44,29.92,0.0,242,724149,卖盘
10:30:47,29.93,0.01,236,706120,买盘
10:30:50,29.93,0.0,37,110690,买盘
10:30:53,29.91,-0.02,62,185578,卖盘
10:30:55,29.92,0.01,21,62819,买盘
10:30:59,29.91,-0.01,123,367911,卖盘
10:31:02,29.92,0.01,33,98715,中性盘
10:31:05,29.91,-0.01,107,320037,卖盘
10:31:07,29.91,0.0,104,311126,卖盘
10:31:10,29.92,0.01,120,358923,买盘
10:31:14,29.91,-0.01,57,170494,卖盘
10:31:17,29.91,0.0,136,406881,卖盘
10:31:20,29.91,0.0,264,789636,卖盘
10:31:23,29.93,0.02,253,756779,买盘
10:31:26,29.93,0.0,194,580456,买盘
10:31:29,29.91,-0.02,171,511583,卖盘
10:31:31,29.93,0.02,73,218510,买盘
10:31:34,29.91,-0.02,110,329133,卖盘
10:31:38,29.93,0.02,38,113711,中性盘
10:31:40,29.92,-0.01,35,104731,卖盘
10:31:44,29.92,0.0,20,59847,卖盘
10:31:47,29.9,-0.02,613,1833458,卖盘
10:31:50,29.91,0.01,138,412790,卖盘
10:31:53,29.92,0.01,100,299230,卖盘
10:31:56,29.91,-0.01,70,209394,卖盘
10:31:59,29.92,0.01,229,685160,买盘
10:32:02,29.91,-0.01,262,783951,卖盘
10:32:04,29.92,0.01,127,379960,中性盘
10:32:08,29.92,0.0,143,427847,买盘
10:32:11,29.94,0.02,106,317246,买盘
10:32:14,29.93,-0.01,55,164697,卖盘
10:32:17,29.93,0.0,41,122720,卖盘
10:32:20,29.94,0.01,92,275442,买盘
10:32:23,29.94,0.0,61,182652,卖盘
10:32:26,29.95,0.01,17,50911,买盘
10:32:29,29.94,-0.01,7,20962,卖盘
10:32:32,29.96,0.02,8,23963,买盘
10:32:35,29.95,-0.01,5,14975,卖盘
10:32:38,29.95,0.0,11,32945,卖盘
10:32:41,29.95,0.0,32,95845,卖盘
10:32:44,29.96,0.01,33,98855,买盘
10:32:47,29.95,-0.01,43,128797,卖盘
10:32:50,29.95,0.0,41,122832,卖盘
10:32:53,29.97,0.02,31,92986,买盘
10:32:56,29.97,0.0,117,350647,买盘
10:32:58,29.97,0.0,24,71924,卖盘
10:33:02,29.98,0.01,20,59959,买盘
10:33:05,29.98,0.0,86,257770,买盘
10:33:08,29.98,0.0,13,38965,买盘
10:33:10,29.96,-0.02,63,188770,卖盘
10:33:14,29.95,-0.01,48,143829,卖盘
10:33:17,29.96,0.01,16,47947,卖盘
10:33:20,29.97,0.01,36,107870,买盘
10:33:23,29.96,-0.01,31,92876,中性盘
10:33:25,29.95,-0.01,83,248632,卖盘
10:33:29,29.95,0.0,22,65914,卖盘
10:33:31,29.96,0.01,34,101873,卖盘
10:33:34,29.97,0.01,12,35957,买盘
10:33:38,29.97,0.0,79,236741,买盘
10:33:41,29.96,-0.01,22,65917,中性盘
10:33:44,29.96,0.0,15,44939,卖盘
10:33:47,29.96,0.0,2,5992,卖盘
10:33:49,29.96,0.0,12,35959,卖盘
10:33:53,29.97,0.01,11,32957,买盘
10:33:56,29.96,-0.01,95,284636,卖盘
10:33:58,29.96,0.0,136,407460,卖盘
10:34:02,29.96,0.0,342,1024624,买盘
10:34:05,29.96,0.0,42,125802,买盘
10:34:08,29.97,0.01,233,698068,买盘
10:34:11,29.96,-0.01,76,227699,卖盘
10:34:14,29.96,0.0,36,107856,卖盘
10:34:16,29.96,0.0,158,473382,卖盘
10:34:19,29.96,0.0,59,176817,卖盘
10:34:23,29.96,0.0,48,143898,卖盘
10:34:26,29.97,0.01,71,212807,买盘
10:34:29,29.97,0.0,9,26973,卖盘
10:34:32,29.97,0.0,96,287712,卖盘
10:34:35,29.98,0.01,59,176851,买盘
10:34:38,29.97,-0.01,32,95921,卖盘
10:34:40,29.97,0.0,2,5994,卖盘
10:34:44,29.98,0.01,50,149871,买盘
10:34:47,29.98,0.0,6,17985,买盘
10:34:49,29.98,0.0,2,5995,买盘
10:34:53,29.98,0.0,60,179838,买盘
10:34:56,29.98,0.0,16,47961,买盘
10:34:59,29.98,0.0,46,137980,买盘
10:35:01,29.98,0.0,84,251832,买盘
10:35:05,29.98,0.0,119,356762,卖盘
10:35:08,29.98,0.0,90,269822,卖盘
10:35:10,29.98,0.0,21,62959,卖盘
10:35:14,29.99,0.01,32,95957,买盘
10:35:17,29.98,-0.01,15,44970,卖盘
10:35:20,29.99,0.01,3,8996,买盘
10:35:23,29.99,0.0,33,98937,买盘
10:35:26,29.99,0.0,3,8995,买盘
10:35:29,29.99,0.0,126,377768,买盘
10:35:32,29.99,0.0,47,141023,买盘
10:35:34,29.98,-0.01,142,425827,卖盘
10:35:38,29.98,0.0,28,83953,卖盘
10:35:41,29.98,0.0,7,20991,卖盘
10:35:44,29.99,0.01,16,47970,买盘
10:35:47,29.98,-0.01,14,41985,卖盘
10:35:50,29.99,0.01,7,20989,买盘
10:35:53,29.99,0.0,54,161945,买盘
10:35:56,29.99,0.0,46,137951,买盘
10:35:59,29.99,0.0,60,180377,买盘
10:36:02,29.99,0.0,28,84059,卖盘
10:36:05,29.99,0.0,19,56981,卖盘
10:36:08,30.0,0.01,47,140961,买盘
10:36:11,29.99,-0.01,17,50983,卖盘
10:36:14,29.99,0.0,42,125949,卖盘
10:36:16,29.98,-0.01,45,134946,卖盘
10:36:20,30.0,0.02,144,431859,买盘
10:36:23,29.99,-0.01,42,125932,中性盘
10:36:26,29.99,0.0,8,23989,买盘
10:36:29,29.98,-0.01,61,182884,卖盘
10:36:32,29.98,0.0,36,107946,卖盘
10:36:35,29.99,0.01,95,284824,买盘
10:36:38,29.98,-0.01,185,554842,卖盘
10:36:41,29.98,0.0,31,92953,卖盘
10:36:44,29.99,0.01,39,116928,买盘
10:36:47,29.98,-0.01,11,32978,卖盘
10:36:50,29.99,0.01,194,581628,买盘
10:36:53,29.99,0.0,40,120020,买盘
10:36:55,29.99,0.0,58,173939,买盘
10:36:59,29.99,0.0,143,428734,买盘
10:37:01,29.99,0.0,24,71962,买盘
10:37:04,29.99,0.0,23,68967,买盘
10:37:08,29.98,-0.01,3,8995,卖盘
10:37:11,29.99,0.01,39,116942,买盘
10:37:14,29.99,0.0,28,83965,买盘
10:37:17,29.98,-0.01,80,239878,卖盘
10:37:20,29.98,0.0,99,296807,卖盘
10:37:23,29.98,0.0,20,59960,卖盘
10:37:26,29.99,0.01,11,32988,买盘
10:37:29,29.98,-0.01,12,36066,卖盘
10:37:31,29.98,0.0,27,80954,卖盘
10:37:35,29.99,0.01,33,98965,买盘
10:37:38,29.98,-0.01,26,77961,卖盘
10:37:41,29.98,0.0,5,14990,卖盘
10:37:44,29.98,0.0,62,185913,卖盘
10:37:47,29.98,0.0,43,129017,卖盘
10:37:50,29.98,0.0,75,224870,卖盘
10:37:53,29.99,0.01,32,95939,买盘
10:37:56,29.99,0.0,51,152913,买盘
10:37:59,29.99,0.0,49,146934,买盘
10:38:02,29.98,-0.01,21,62966,卖盘
10:38:05,29.98,0.0,42,125942,卖盘
10:38:08,29.98,0.0,15,44970,卖盘
10:38:10,29.98,0.0,41,122932,卖盘
10:38:13,29.98,0.0,5,14990,卖盘
10:38:17,29.98,0.0,24,71964,卖盘
10:38:20,29.99,0.01,16,47974,买盘
10:38:22,29.98,-0.01,5,14992,卖盘
10:38:26,29.98,0.0,316,946472,卖盘
10:38:28,29.98,0.0,50,149866,买盘
10:38:31,29.98,0.0,31,92931,买盘
10:38:35,29.98,0.0,101,302797,买盘
10:38:38,29.96,-0.02,448,1342378,卖盘
10:38:41,29.96,0.0,393,1177401,买盘
10:38:44,29.95,-0.01,54,161771,卖盘
10:38:47,29.97,0.02,46,137851,买盘
10:38:50,29.96,-0.01,26,77902,卖盘
10:38:53,29.96,0.0,76,227740,卖盘
10:38:56,29.96,0.0,9,26963,买盘
10:38:59,29.96,0.0,40,119842,卖盘
10:39:02,29.95,-0.01,476,1425914,卖盘
10:39:05,29.95,0.0,78,233658,卖盘
10:39:08,29.97,0.02,44,131840,买盘
10:39:11,29.95,-0.02,69,206707,卖盘
10:39:14,29.96,0.01,46,137787,买盘
10:39:16,29.95,-0.01,82,245630,卖盘
10:39:20,29.96,0.01,44,131904,买盘
10:39:22,29.95,-0.01,41,122809,卖盘
10:39:26,29.96,0.01,48,143808,买盘
10:39:29,29.96,0.0,15,44945,卖盘
10:39:32,29.97,0.01,84,251668,买盘
10:39:35,29.96,-0.01,48,143831,卖盘
10:39:38,29.96,0.0,26,77990,卖盘
10:39:41,29.96,0.0,14,41944,卖盘
10:39:44,29.96,0.0,22,65917,卖盘
10:39:47,29.97,0.01,18,53945,买盘
10:39:50,29.97,0.0,22,65927,买盘
10:39:53,29.96,-0.01,70,210041,卖盘
10:39:55,29.96,0.0,54,161785,卖盘
10:39:59,29.96,0.0,19,56924,卖盘
10:40:02,29.98,0.02,18,53957,买盘
10:40:05,29.96,-0.02,43,128865,卖盘
10:40:08,29.99,0.03,156,468681,买盘
10:40:11,29.96,-0.03,43,128851,卖盘
10:40:14,29.97,0.01,30,89902,中性盘
10:40:17,29.98,0.01,74,221810,买盘
10:40:20,29.97,-0.01,121,362847,卖盘
10:40:23,29.98,0.01,299,896631,中性盘
10:40:26,29.99,0.01,112,335853,买盘
10:40:28,29.99,0.0,95,284917,卖盘
10:40:32,29.99,0.0,12,36078,卖盘
10:40:35,29.97,-0.02,150,449763,卖盘
10:40:38,29.98,0.01,32,95963,卖盘
10:40:41,29.99,0.01,9,26989,买盘
10:40:44,29.98,-0.01,23,68956,卖盘
10:40:47,29.99,0.01,5,14991,买盘
10:40:50,29.99,0.0,117,350968,买盘
10:40:53,29.99,0.0,82,245918,卖盘
10:40:56,30.0,0.01,10,29991,买盘
10:40:58,29.99,-0.01,23,68977,卖盘
10:41:02,30.0,0.01,56,167999,买盘
10:41:05,30.0,0.0,67,200966,买盘
10:41:08,29.99,-0.01,50,149996,卖盘
10:41:11,30.0,0.01,75,224935,买盘
10:41:13,29.99,-0.01,76,228056,卖盘
10:41:17,29.99,0.0,21,62982,卖盘
10:41:20,30.0,0.01,201,602998,买盘
10:41:23,30.0,0.0,75,224972,买盘
10:41:26,30.0,0.0,140,419965,买盘
10:41:29,30.0,0.0,272,815992,买盘
10:41:32,30.0,0.0,192,573249,买盘
10:41:35,30.0,0.0,237,711061,卖盘
10:41:38,30.0,0.0,54,162000,卖盘
10:41:41,30.0,0.0,62,186064,卖盘
10:41:45,30.02,0.02,99,297042,买盘
10:41:47,30.01,-0.01,13,39013,卖盘
10:41:50,30.01,0.0,1,3001,卖盘
10:41:53,30.01,0.0,5,15095,卖盘
10:41:56,30.02,0.01,348,1044675,买盘
10:41:59,30.01,-0.01,30,89919,卖盘
10:42:02,30.01,0.0,33,99031,买盘
10:42:05,30.01,0.0,61,183045,买盘
10:42:08,30.01,0.0,75,225072,买盘
10:42:11,30.0,-0.01,186,560725,卖盘
10:42:14,30.01,0.01,37,110997,买盘
10:42:17,29.99,-0.02,77,230996,卖盘
10:42:20,30.0,0.01,33,99087,中性盘
10:42:23,29.99,-0.01,29,86986,买盘
10:42:26,29.99,0.0,18,54003,卖盘
10:42:29,30.01,0.02,35,105009,买盘
10:42:32,30.01,0.0,72,216050,买盘
10:42:35,30.0,-0.01,80,240000,卖盘
10:42:38,30.0,0.0,207,621142,买盘
10:42:41,30.0,0.0,39,114095,买盘
10:42:44,29.99,-0.01,13,38998,卖盘
10:42:47,30.0,0.01,1,3000,卖盘
10:42:50,30.0,0.0,27,81000,卖盘
10:42:53,30.0,0.0,61,182999,买盘
10:42:56,30.01,0.01,73,219054,买盘
10:42:59,30.0,-0.01,42,126059,卖盘
10:43:02,29.99,-0.01,8,24082,卖盘
10:43:05,30.0,0.01,17,50990,买盘
10:43:08,30.0,0.0,16,47999,买盘
10:43:11,29.99,-0.01,3,8998,卖盘
10:43:15,30.0,0.01,193,579038,买盘
10:43:17,29.99,-0.01,80,239982,卖盘
10:43:20,29.99,0.0,14,41986,卖盘
10:43:23,29.99,0.0,42,126053,卖盘
10:43:26,30.0,0.01,23,69014,买盘
10:43:29,30.0,0.0,3,9000,卖盘
10:43:32,30.0,0.0,15,45000,卖盘
10:43:35,30.0,0.0,41,123000,卖盘
10:43:38,29.99,-0.01,2,5998,卖盘
10:43:44,29.99,0.0,300,899952,卖盘
10:43:47,30.0,0.01,32,96067,买盘
10:43:50,30.0,0.0,5,14998,买盘
10:43:53,29.99,-0.01,47,140982,卖盘
10:43:56,30.0,0.01,30,89983,买盘
10:43:59,30.0,0.0,18,53988,买盘
10:44:02,29.99,-0.01,35,104969,卖盘
10:44:05,30.0,0.01,3,8998,买盘
10:44:08,30.0,0.0,10,30085,买盘
10:44:12,30.0,0.0,10,29999,买盘
10:44:15,29.99,-0.01,15,44988,卖盘
10:44:17,30.0,0.01,27,80990,买盘
10:44:20,30.0,0.0,22,65982,买盘
10:44:23,30.0,0.0,3,8999,买盘
10:44:26,30.0,0.0,117,350984,买盘
10:44:29,30.0,0.0,14,41991,买盘
10:44:32,29.99,-0.01,110,330081,卖盘
10:44:35,29.99,0.0,18,53989,卖盘
10:44:38,29.99,0.0,26,77977,卖盘
10:44:41,29.99,0.0,58,173942,卖盘
10:44:44,29.99,0.0,18,53982,卖盘
10:44:47,29.99,0.0,1,2999,卖盘
10:44:50,29.99,0.0,20,59995,卖盘
10:44:53,29.99,0.0,7,21083,卖盘
10:44:56,30.0,0.01,64,191947,买盘
10:44:59,29.99,-0.01,15,44985,卖盘
10:45:02,30.0,0.01,130,389876,买盘
10:45:05,30.0,0.0,288,864000,买盘
10:45:08,30.0,0.0,20,60000,卖盘
10:45:12,30.0,0.0,1,3000,卖盘
10:45:15,30.0,0.0,5,15003,卖盘
10:45:17,30.0,0.0,4,12000,卖盘
10:45:20,30.0,0.0,61,183000,卖盘
10:45:23,30.01,0.01,40,120037,买盘
10:45:26,30.0,-0.01,5,15000,卖盘
10:45:29,30.01,0.01,11,33003,买盘
10:45:32,30.0,-0.01,17,51004,卖盘
10:45:35,30.0,0.0,1,3000,卖盘
10:45:38,30.0,0.0,26,78013,卖盘
10:45:41,30.01,0.01,125,375124,买盘
10:45:44,30.0,-0.01,596,1788143,卖盘
10:45:47,29.99,-0.01,502,1507719,卖盘
10:45:50,29.99,0.0,61,182912,买盘
10:45:53,29.98,-0.01,26,77964,卖盘
10:45:56,29.98,0.0,12,35976,卖盘
10:46:00,29.98,0.0,18,53964,卖盘
10:46:02,29.99,0.01,44,131955,买盘
10:46:05,29.99,0.0,33,98967,买盘
10:46:08,29.98,-0.01,96,287831,卖盘
10:46:11,29.98,0.0,36,107939,卖盘
10:46:15,29.99,0.01,4,11996,卖盘
10:46:17,29.99,0.0,21,62979,卖盘
10:46:20,29.99,0.0,18,53984,卖盘
10:46:23,29.99,0.0,1,2999,卖盘
10:46:26,30.0,0.01,14,41990,买盘
10:46:30,29.99,-0.01,4,11999,卖盘
10:46:32,30.0,0.01,8,24000,买盘
10:46:35,30.0,0.0,12,36000,买盘
10:46:38,30.0,0.0,27,80984,买盘
10:46:41,29.99,-0.01,27,80993,卖盘
10:46:44,29.99,0.0,59,177072,卖盘
10:46:47,29.99,0.0,4,11996,卖盘
10:46:50,29.99,0.0,377,1130527,卖盘
10:46:53,29.99,0.0,70,209906,买盘
10:46:56,29.99,0.0,18,53978,买盘
10:47:00,29.99,0.0,31,92957,买盘
10:47:02,29.99,0.0,56,167897,买盘
10:47:05,29.99,0.0,103,309069,买盘
10:47:08,29.99,0.0,58,173947,卖盘
10:47:11,29.99,0.0,14,41986,卖盘
10:47:14,29.99,0.0,125,374890,卖盘
10:47:17,29.98,-0.01,100,299793,卖盘
10:47:20,29.99,0.01,54,161896,买盘
10:47:23,30.0,0.01,64,191945,买盘
10:47:26,29.98,-0.02,23,69054,卖盘
10:47:30,29.99,0.01,6,17992,中性盘
10:47:32,29.99,0.0,10,29990,买盘
10:47:35,29.99,0.0,11,32988,买盘
10:47:38,29.98,-0.01,85,254840,卖盘
10:47:41,29.99,0.01,29,84042,买盘
10:47:45,29.98,-0.01,17,50973,卖盘
10:47:47,29.99,0.01,22,65957,买盘
10:47:50,29.98,-0.01,288,863444,卖盘
10:47:53,29.98,0.0,29,86942,卖盘
10:47:56,29.99,0.01,33,98946,买盘
10:47:59,29.98,-0.01,25,75048,卖盘
10:48:02,29.98,0.0,230,689569,卖盘
10:48:05,29.98,0.0,66,197863,卖盘
10:48:08,29.99,0.01,29,86952,买盘
10:48:11,29.98,-0.01,64,191876,卖盘
10:48:15,29.98,0.0,34,101941,卖盘
10:48:17,29.98,0.0,64,191872,卖盘
10:48:20,29.98,0.0,66,197854,卖盘
10:48:23,29.98,0.0,23,68950,买盘
10:48:26,29.97,-0.01,106,317841,卖盘
10:48:29,29.98,0.01,29,86936,买盘
10:48:32,29.98,0.0,35,104927,买盘
10:48:35,29.97,-0.01,196,587413,卖盘
10:48:38,29.97,0.0,34,101898,卖盘
10:48:41,29.98,0.01,44,131900,买盘
10:48:45,29.99,0.01,33,98949,买盘
10:48:47,29.97,-0.02,31,92909,卖盘
10:48:50,29.98,0.01,33,98931,买盘
10:48:53,29.98,0.0,33,99024,卖盘
10:48:56,29.99,0.01,15,44977,买盘
10:48:59,29.98,-0.01,20,59960,卖盘
10:49:03,29.98,0.0,37,110941,卖盘
10:49:05,29.98,0.0,110,329880,卖盘
10:49:08,29.98,0.0,33,98935,卖盘
10:49:11,29.98,0.0,36,107938,卖盘
10:49:15,29.98,0.0,10,29987,卖盘
10:49:17,29.98,0.0,10,29980,卖盘
10:49:20,29.98,0.0,32,96041,卖盘
10:49:23,29.98,0.0,48,143931,卖盘
10:49:26,29.98,0.0,74,221858,卖盘
10:49:29,29.98,0.0,10,29976,买盘
10:49:32,29.97,-0.01,11,32967,卖盘
10:49:35,29.97,0.0,219,656550,卖盘
10:49:38,29.97,0.0,26,77922,卖盘
10:49:41,29.98,0.01,43,128891,买盘
10:49:44,29.97,-0.01,21,62945,卖盘
10:49:47,29.97,0.0,11,32969,卖盘
10:49:50,29.98,0.01,8,24074,中性盘
10:49:53,29.98,0.0,10,29980,卖盘
10:49:56,29.98,0.0,12,35981,买盘
10:50:00,29.98,0.0,20,59960,卖盘
10:50:02,29.98,0.0,15,44974,卖盘
10:50:05,29.98,0.0,10,29980,卖盘
10:50:09,29.98,0.0,2,5997,卖盘
10:50:11,29.98,0.0,2,5996,卖盘
10:50:17,29.98,0.0,41,122923,卖盘
10:50:20,29.98,0.0,35,104949,卖盘
10:50:23,29.99,0.01,5,14993,买盘
10:50:26,29.98,-0.01,11,32978,卖盘
10:50:30,29.98,0.0,5,15080,卖盘
10:50:32,29.99,0.01,95,284816,买盘
10:50:35,29.98,-0.01,41,122921,卖盘
10:50:39,29.98,0.0,37,110948,卖盘
10:50:41,29.98,0.0,68,203869,卖盘
10:50:45,29.99,0.01,36,107929,买盘
10:50:47,29.99,0.0,37,110932,买盘
10:50:50,29.99,0.0,24,71974,买盘
10:50:53,29.99,0.0,5,14993,买盘
10:50:56,29.98,-0.01,25,74966,卖盘
10:51:00,29.97,-0.01,122,365751,卖盘
10:51:02,29.98,0.01,28,83937,买盘
10:51:05,29.97,-0.01,28,84007,卖盘
10:51:09,29.98,0.01,18,53958,买盘
10:51:11,29.98,0.0,24,71951,买盘
10:51:14,29.97,-0.01,18,53949,卖盘
10:51:17,29.97,0.0,15,45050,卖盘
10:51:20,29.97,0.0,31,92921,卖盘
10:51:23,29.97,0.0,43,128910,卖盘
10:51:26,29.97,0.0,35,104900,卖盘
10:51:30,29.97,0.0,14,41959,卖盘
10:51:32,29.97,0.0,15,44958,卖盘
10:51:35,29.98,0.01,39,116922,买盘
10:51:39,29.97,-0.01,110,329694,卖盘
10:51:41,29.98,0.01,34,102015,中性盘
10:51:45,29.98,0.0,25,74950,卖盘
10:51:47,29.98,0.0,15,44960,卖盘
10:51:50,29.99,0.01,3,8995,买盘
10:51:54,29.98,-0.01,10,29889,卖盘
10:51:56,29.97,-0.01,28,83929,卖盘
10:52:00,29.97,0.0,14,41958,卖盘
10:52:02,29.98,0.01,32,95935,买盘
10:52:05,29.97,-0.01,26,77922,卖盘
10:52:09,29.97,0.0,24,72027,卖盘
10:52:11,29.97,0.0,4,12082,卖盘
10:52:15,29.98,0.01,10,29980,买盘
10:52:17,29.98,0.0,43,128913,买盘
10:52:20,29.98,0.0,19,56963,卖盘
10:52:23,29.97,-0.01,149,446625,卖盘
10:52:26,29.97,0.0,30,89938,卖盘
10:52:30,29.98,0.01,32,95932,中性盘
10:52:32,29.98,0.0,33,98926,买盘
10:52:35,29.98,0.0,28,83927,中性盘
10:52:38,29.98,0.0,488,1462420,买盘
10:52:41,29.98,0.0,130,389692,买盘
10:52:45,29.96,-0.02,110,329753,卖盘
10:52:47,29.98,0.02,11,32972,中性盘
10:52:50,29.98,0.0,4,11990,买盘
10:52:53,29.97,-0.01,5,15075,卖盘
10:52:56,29.98,0.01,3,8992,买盘
10:53:00,29.98,0.0,21,62943,买盘
10:53:02,29.97,-0.01,33,98900,买盘
10:53:06,29.96,-0.01,45,134831,卖盘
10:53:08,29.97,0.01,199,596220,买盘
10:53:11,29.97,0.0,18,53934,买盘
10:53:15,29.96,-0.01,109,326635,卖盘
10:53:17,29.97,0.01,36,107880,卖盘
10:53:20,29.97,0.0,15,45042,卖盘
10:53:23,29.96,-0.01,52,155825,卖盘
10:53:26,29.97,0.01,14,41955,买盘
10:53:30,29.97,0.0,4,11988,买盘
10:53:32,29.97,0.0,1,2997,卖盘
10:53:35,29.97,0.0,2,5994,卖盘
10:53:38,29.97,0.0,35,104897,卖盘
10:53:41,29.97,0.0,7,20979,卖盘
10:53:44,29.97,0.0,15,44955,卖盘
10:53:47,29.97,0.0,18,53953,卖盘
10:53:50,29.97,0.0,93,278812,卖盘
10:53:53,29.97,0.0,36,107915,卖盘
10:53:56,29.97,0.0,11,32974,卖盘
10:53:59,29.98,0.01,40,119901,买盘
10:54:02,29.97,-0.01,13,38961,卖盘
10:54:05,29.97,0.0,20,59944,卖盘
10:54:09,29.97,0.0,14,41963,卖盘
10:54:11,29.97,0.0,214,641460,卖盘
10:54:14,29.97,0.0,39,116883,卖盘
10:54:18,29.98,0.01,145,434676,买盘
10:54:21,29.99,0.01,1174,3521511,买盘
10:54:23,29.97,-0.02,123,368724,卖盘
10:54:26,29.98,0.01,110,329793,买盘
10:54:30,29.98,0.0,92,275816,卖盘
10:54:32,29.98,0.0,72,215881,卖盘
10:54:35,29.99,0.01,29,86957,买盘
10:54:38,29.98,-0.01,19,56962,卖盘
10:54:41,29.98,0.0,34,101940,卖盘
10:54:45,29.98,0.0,29,86951,卖盘
10:54:47,29.99,0.01,89,266920,买盘
10:54:51,29.98,-0.01,25,74975,卖盘
10:54:53,29.98,0.0,37,110837,卖盘
10:54:57,29.98,0.0,23,68951,买盘
10:55:00,29.97,-0.01,54,161881,卖盘
10:55:03,29.97,0.0,10,29977,卖盘
10:55:06,29.98,0.01,42,125997,买盘
10:55:08,29.97,-0.01,29,86919,买盘
10:55:12,29.98,0.01,72,215794,买盘
10:55:15,29.98,0.0,25,74945,买盘
10:55:18,29.97,-0.01,20,60045,卖盘
10:55:21,29.97,0.0,65,194811,卖盘
10:55:23,29.97,0.0,26,77934,卖盘
10:55:26,29.97,0.0,56,167852,卖盘
10:55:30,29.98,0.01,17,50969,买盘
10:55:32,29.98,0.0,9,26982,卖盘
10:55:36,29.98,0.0,56,167894,卖盘
10:55:39,29.98,0.0,37,110926,卖盘
10:55:41,29.98,0.0,83,248834,卖盘
10:55:45,29.99,0.01,22,66048,买盘
10:55:47,29.99,0.0,1417,4246836,买盘
10:55:50,29.97,-0.02,100,299615,中性盘
10:55:53,29.96,-0.01,41,122852,卖盘
10:55:56,29.97,0.01,19,57415,买盘
10:55:59,29.96,-0.01,27,80895,中性盘
10:56:02,29.95,-0.01,103,308518,卖盘
10:56:06,29.96,0.01,32,95936,中性盘
10:56:08,29.96,0.0,11,32959,卖盘
10:56:11,29.96,0.0,24,71909,卖盘
10:56:14,29.95,-0.01,32,95859,卖盘
10:56:17,29.96,0.01,13,38948,中性盘
10:56:20,29.96,0.0,29,86862,买盘
10:56:23,29.95,-0.01,47,140787,卖盘
10:56:26,29.96,0.01,19,56997,买盘
10:56:30,29.96,0.0,30,89861,买盘
10:56:32,29.96,0.0,13,38948,卖盘
10:56:35,29.96,0.0,16,47936,卖盘
10:56:38,29.95,-0.01,14,41932,卖盘
10:56:41,29.96,0.01,7,20970,买盘
10:56:45,29.95,-0.01,15,44930,卖盘
10:56:48,29.95,0.0,38,113915,卖盘
10:56:51,29.96,0.01,5,14978,买盘
10:56:53,29.96,0.0,39,116844,买盘
10:56:56,29.95,-0.01,15,44926,卖盘
10:57:00,29.95,0.0,19,56908,卖盘
10:57:03,29.96,0.01,152,455402,买盘
10:57:06,29.96,0.0,11,32956,卖盘
10:57:08,29.96,0.0,115,344540,卖盘
10:57:11,29.97,0.01,50,149802,买盘
10:57:14,29.96,-0.01,13,38958,卖盘
10:57:17,29.96,0.0,18,53928,卖盘
10:57:21,29.97,0.01,14,41946,买盘
10:57:23,29.96,-0.01,22,65925,卖盘
10:57:26,29.97,0.01,7,20977,买盘
10:57:29,29.96,-0.01,36,107951,卖盘
10:57:32,29.96,0.0,324,970732,卖盘
10:57:36,29.97,0.01,217,649835,买盘
10:57:38,29.97,0.0,97,290709,卖盘
10:57:42,29.96,-0.01,61,182799,卖盘
10:57:45,29.96,0.0,7,20975,卖盘
10:57:47,29.96,0.0,7,20972,卖盘
10:57:50,29.96,0.0,78,233838,卖盘
10:57:53,29.96,0.0,5,14980,卖盘
10:57:56,29.96,0.0,27,80897,卖盘
10:58:00,29.96,0.0,38,113848,卖盘
10:58:02,29.97,0.01,5,14982,买盘
10:58:05,29.96,-0.01,75,224700,卖盘
10:58:08,29.96,0.0,138,413450,卖盘
10:58:12,29.96,0.0,11,32955,卖盘
10:58:15,29.96,0.0,21,62913,买盘
10:58:18,29.96,0.0,38,113836,买盘
10:58:20,29.96,0.0,41,122810,买盘
10:58:23,29.95,-0.01,20,59910,卖盘
10:58:26,29.95,0.0,75,224665,卖盘
10:58:29,29.95,0.0,8,23960,卖盘
10:58:33,29.96,0.01,14,41943,买盘
10:58:35,29.96,0.0,12,35941,买盘
10:58:39,29.95,-0.01,20,59900,卖盘
10:58:42,29.95,0.0,186,557159,卖盘
10:58:45,29.96,0.01,29,86861,买盘
10:58:48,29.96,0.0,12,35949,买盘
10:58:51,29.95,-0.01,12,35951,卖盘
10:58:54,29.95,0.0,14,41936,卖盘
10:58:57,29.95,0.0,13,39025,卖盘
10:59:00,29.95,0.0,15,43518,卖盘
10:59:02,29.96,0.01,68,203725,买盘
10:59:06,29.95,-0.01,5,14975,卖盘
10:59:08,29.95,0.0,29,86860,卖盘
10:59:11,29.95,0.0,7,20967,卖盘
10:59:15,29.95,0.0,17,52542,卖盘
10:59:18,29.96,0.01,168,503327,买盘
10:59:21,29.96,0.0,281,841915,买盘
10:59:24,29.95,-0.01,104,311481,卖盘
10:59:26,29.95,0.0,127,377551,卖盘
10:59:30,29.95,0.0,9,26956,卖盘
10:59:33,29.96,0.01,34,101855,买盘
10:59:36,29.96,0.0,191,572052,买盘
10:59:38,29.95,-0.01,94,281533,卖盘
10:59:41,29.96,0.01,24,71886,买盘
10:59:44,29.95,-0.01,69,206705,卖盘
10:59:48,29.95,0.0,170,509241,卖盘
10:59:50,29.95,0.0,42,125790,卖盘
10:59:53,29.95,0.0,16,47929,卖盘
10:59:56,29.96,0.01,20,59901,买盘
11:00:00,29.95,-0.01,57,171943,卖盘
11:00:03,29.95,0.0,37,110819,卖盘
11:00:06,29.95,0.0,10,29950,卖盘
11:00:08,29.94,-0.01,442,1324728,卖盘
11:00:12,29.94,0.0,64,191630,卖盘
11:00:15,29.94,0.0,21,62874,卖盘
11:00:17,29.94,0.0,130,389252,卖盘
11:00:21,29.93,-0.01,555,1661646,卖盘
11:00:23,29.93,0.0,111,332383,卖盘
11:00:27,29.93,0.0,125,374126,卖盘
11:00:30,29.93,0.0,93,278349,卖盘
11:00:32,29.93,0.0,52,155636,卖盘
11:00:36,29.93,0.0,14,40345,卖盘
11:00:38,29.93,0.0,101,302346,卖盘
11:00:41,29.93,0.0,102,305291,卖盘
11:00:45,29.94,0.01,16,47890,买盘
11:00:47,29.93,-0.01,30,91297,卖盘
11:00:50,29.93,0.0,6,17963,卖盘
11:00:53,29.93,0.0,28,83808,卖盘
11:00:56,29.93,0.0,1,2993,卖盘
11:00:59,29.93,0.0,382,1141789,卖盘
11:01:03,29.94,0.01,134,401095,买盘
11:01:05,29.93,-0.01,177,529776,卖盘
11:01:08,29.93,0.0,65,194545,卖盘
11:01:12,29.93,0.0,9,28436,卖盘
11:01:15,29.94,0.01,106,317314,买盘
11:01:18,29.93,-0.01,142,425019,卖盘
11:01:21,29.93,0.0,34,101764,卖盘
11:01:23,29.93,0.0,164,490945,卖盘
11:01:26,29.93,0.0,104,309686,卖盘
11:01:30,29.93,0.0,70,211638,卖盘
11:01:32,29.93,0.0,30,89191,卖盘
11:01:35,29.92,-0.01,60,179553,卖盘
11:01:39,29.93,0.01,6,17953,买盘
11:01:42,29.92,-0.01,25,74800,卖盘
11:01:45,29.93,0.01,7,20949,买盘
11:01:48,29.93,0.0,50,149650,买盘
11:01:50,29.93,0.0,1031,3082587,买盘
11:01:53,29.93,0.0,85,254271,买盘
11:01:56,29.92,-0.01,24,71804,中性盘
11:02:00,29.91,-0.01,55,164570,卖盘
11:02:03,29.93,0.02,77,230309,买盘
11:02:06,29.92,-0.01,33,100325,中性盘
11:02:08,29.92,0.0,41,122672,卖盘
11:02:12,29.92,0.0,7,20944,卖盘
11:02:14,29.92,0.0,53,158577,卖盘
11:02:18,29.92,0.0,248,741949,卖盘
11:02:21,29.92,0.0,196,584884,买盘
11:02:24,29.91,-0.01,83,248334,卖盘
11:02:26,29.92,0.01,67,200450,买盘
11:02:29,29.91,-0.01,47,140618,卖盘
11:02:33,29.91,0.0,379,1133758,卖盘
11:02:35,29.93,0.02,102,305166,买盘
11:02:39,29.91,-0.02,167,499621,卖盘
11:02:42,29.93,0.02,58,173523,买盘
11:02:44,29.91,-0.02,362,1082750,卖盘
11:02:47,29.92,0.01,43,128625,买盘
11:02:51,29.91,-0.01,57,170489,卖盘
11:02:54,29.92,0.01,239,714856,买盘
11:02:56,29.9,-0.02,394,1180453,卖盘
11:02:59,29.92,0.02,57,168365,买盘
11:03:03,29.91,-0.01,40,120834,买盘
11:03:06,29.91,0.0,88,263152,买盘
11:03:08,29.91,0.0,442,1321669,买盘
11:03:12,29.9,-0.01,4510,13486174,卖盘
11:03:15,29.9,0.0,477,1425770,买盘
11:03:17,29.88,-0.02,130,388479,卖盘
11:03:20,29.88,0.0,1908,5701110,卖盘
11:03:24,29.89,0.01,207,618437,买盘
11:03:26,29.88,-0.01,37,110525,中性盘
11:03:29,29.89,0.01,29,86667,买盘
11:03:33,29.87,-0.02,51,152381,卖盘
11:03:36,29.87,0.0,29,86625,卖盘
11:03:38,29.87,0.0,46,134521,卖盘
11:03:42,29.88,0.01,26,77668,买盘
11:03:45,29.87,-0.01,42,128354,卖盘
11:03:48,29.86,-0.01,100,298666,卖盘
11:03:50,29.87,0.01,54,161273,买盘
11:03:53,29.87,0.0,77,229934,买盘
11:03:56,29.86,-0.01,86,256803,卖盘
11:04:00,29.87,0.01,185,551734,买盘
11:04:02,29.87,0.0,58,173246,卖盘
11:04:05,29.88,0.01,59,176225,买盘
11:04:08,29.87,-0.01,67,200151,卖盘
11:04:12,29.87,0.0,42,125458,卖盘
11:04:15,29.88,0.01,94,280820,买盘
11:04:17,29.87,-0.01,29,86626,卖盘
11:04:21,29.87,0.0,102,304680,卖盘
11:04:23,29.87,0.0,58,173273,卖盘
11:04:26,29.88,0.01,30,89630,买盘
11:04:30,29.88,0.0,587,1754063,买盘
11:04:32,29.88,0.0,179,534830,买盘
11:04:36,29.88,0.0,36,107568,卖盘
11:04:38,29.89,0.01,35,104606,买盘
11:04:41,29.88,-0.01,41,122532,卖盘
11:04:44,29.89,0.01,25,74717,买盘
11:04:47,29.89,0.0,54,161393,买盘
11:04:51,29.88,-0.01,309,923687,卖盘
11:04:53,29.89,0.01,40,119527,买盘
11:04:56,29.89,0.0,36,107579,买盘
11:04:59,29.88,-0.01,81,242148,卖盘
11:05:02,29.88,0.0,69,206182,卖盘
11:05:05,29.88,0.0,88,263020,卖盘
11:05:08,29.88,0.0,24,71722,卖盘
11:05:11,29.89,0.01,42,125538,买盘
11:05:15,29.9,0.01,169,505298,买盘
11:05:17,29.89,-0.01,72,215208,卖盘
11:05:20,29.9,0.01,1587,4745106,买盘
11:05:23,29.89,-0.01,1109,3315828,卖盘
11:05:26,29.91,0.02,324,968959,买盘
11:05:30,29.9,-0.01,375,1121250,卖盘
11:05:32,29.91,0.01,40,119607,买盘
11:05:36,29.91,0.0,4,11962,买盘
11:05:39,29.9,-0.01,40,119702,卖盘
11:05:42,29.9,0.0,37,110640,卖盘
11:05:45,29.9,0.0,32,95700,卖盘
11:05:48,29.9,0.0,57,170483,卖盘
11:05:51,29.91,0.01,54,161482,买盘
11:05:53,29.91,0.0,57,170455,买盘
11:05:56,29.9,-0.01,523,1563881,卖盘
11:05:59,29.91,0.01,130,388794,卖盘
11:06:02,29.89,-0.02,74,221285,卖盘
11:06:05,29.91,0.02,61,182427,买盘
11:06:09,29.91,0.0,5,14952,买盘
11:06:11,29.9,-0.01,3,8970,卖盘
11:06:15,29.91,0.01,83,248268,买盘
11:06:17,29.91,0.0,41,122621,买盘
11:06:21,29.9,-0.01,21,62795,卖盘
11:06:23,29.9,0.0,46,137550,卖盘
11:06:26,29.91,0.01,29,86719,买盘
11:06:30,29.91,0.0,25,74763,买盘
11:06:32,29.9,-0.01,47,140531,卖盘
11:06:35,29.9,0.0,113,337132,卖盘
11:06:39,29.9,0.0,26,77746,卖盘
11:06:41,29.9,0.0,4,11962,卖盘
11:06:45,29.92,0.02,911,2723577,买盘
11:06:47,29.92,0.0,59,176542,卖盘
11:06:51,29.92,0.0,5,15049,卖盘
11:06:53,29.92,0.0,19,56908,卖盘
11:06:56,29.92,0.0,6,17952,卖盘
11:07:00,29.93,0.01,15,44882,买盘
11:07:02,29.91,-0.02,37,110684,卖盘
11:07:06,29.91,0.0,23,70199,卖盘
11:07:08,29.91,0.0,61,182450,买盘
11:07:11,29.92,0.01,100,299197,买盘
11:07:15,29.92,0.0,18,52437,买盘
11:07:17,29.91,-0.01,30,89737,卖盘
11:07:23,29.9,-0.01,226,675907,卖盘
11:07:26,29.91,0.01,1,2991,中性盘
11:07:30,29.9,-0.01,35,104739,卖盘
11:07:33,29.91,0.01,167,499431,买盘
11:07:35,29.91,0.0,17,50841,买盘
11:07:39,29.9,-0.01,16,47841,卖盘
11:07:41,29.91,0.01,664,1985473,买盘
11:07:45,29.9,-0.01,36,109615,卖盘
11:07:47,29.9,0.0,18,53887,买盘
11:07:51,29.9,0.0,40,119652,卖盘
11:07:53,29.9,0.0,247,738470,卖盘
11:07:56,29.9,0.0,347,1037530,买盘
11:08:00,29.9,0.0,739,2209588,买盘
11:08:02,29.9,0.0,265,792328,买盘
11:08:06,29.9,0.0,193,576929,买盘
11:08:08,29.9,0.0,102,304892,买盘
11:08:12,29.89,-0.01,16,47830,卖盘
11:08:15,29.89,0.0,41,122571,卖盘
11:08:18,29.9,0.01,2,5980,买盘
11:08:21,29.89,-0.01,13,38857,卖盘
11:08:24,29.89,0.0,37,110689,卖盘
11:08:29,29.89,0.0,439,1312173,卖盘
11:08:33,29.9,0.01,12,35879,买盘
11:08:35,29.9,0.0,12,35873,买盘
11:08:38,29.89,-0.01,20,59782,卖盘
11:08:42,29.9,0.01,23,68757,买盘
11:08:45,29.89,-0.01,95,283738,卖盘
11:08:48,29.89,0.0,49,146461,买盘
11:08:51,29.9,0.01,119,355731,买盘
11:08:53,29.89,-0.01,23,68757,中性盘
11:08:56,29.9,0.01,1,2990,买盘
11:08:59,29.89,-0.01,17,50813,卖盘
11:09:02,29.89,0.0,35,104615,卖盘
11:09:05,29.89,0.0,6,17934,买盘
11:09:08,29.89,0.0,4,11956,买盘
11:09:11,29.89,0.0,47,140477,买盘
11:09:15,29.88,-0.01,96,286863,卖盘
11:09:18,29.89,0.01,51,152404,买盘
11:09:21,29.88,-0.01,30,89651,卖盘
11:09:23,29.88,0.0,925,2763900,卖盘
11:09:26,29.89,0.01,45,134466,买盘
11:09:30,29.88,-0.01,23,68828,卖盘
11:09:32,29.88,0.0,29,86656,卖盘
11:09:36,29.89,0.01,15,44823,买盘
11:09:38,29.88,-0.01,32,95623,卖盘
11:09:42,29.89,0.01,15,44835,买盘
11:09:45,29.89,0.0,32,95637,买盘
11:09:48,29.88,-0.01,6,17929,卖盘
11:09:51,29.88,0.0,115,343443,卖盘
11:09:53,29.88,0.0,54,161342,买盘
11:09:56,29.87,-0.01,11,32866,卖盘
11:10:00,29.87,0.0,12,35845,卖盘
11:10:02,29.87,0.0,20,59755,卖盘
11:10:06,29.88,0.01,18,53774,买盘
11:10:08,29.87,-0.01,3,8961,卖盘
11:10:12,29.88,0.01,13,38833,买盘
11:10:14,29.88,0.0,12,35851,买盘
11:10:18,29.87,-0.01,517,1544286,卖盘
11:10:21,29.87,0.0,133,397200,卖盘
11:10:23,29.88,0.01,18,53763,买盘
11:10:26,29.88,0.0,28,83611,买盘
11:10:30,29.87,-0.01,21,62733,卖盘
11:10:32,29.88,0.01,11,32864,买盘
11:10:35,29.87,-0.01,48,143376,卖盘
11:10:38,29.87,0.0,30,89611,中性盘
11:10:41,29.86,-0.01,47,140352,卖盘
11:10:45,29.85,-0.01,1079,3221917,卖盘
11:10:47,29.86,0.01,68,203023,卖盘
11:10:51,29.87,0.01,50,149294,买盘
11:10:54,29.85,-0.02,2518,7516283,卖盘
11:10:56,29.84,-0.01,172,514006,卖盘
11:11:00,29.82,-0.02,1124,3351046,卖盘
11:11:02,29.82,0.0,96,286185,买盘
11:11:06,29.82,0.0,111,330931,买盘
11:11:09,29.82,0.0,44,131208,买盘
11:11:12,29.82,0.0,6068,18085558,买盘
11:11:15,29.82,0.0,307,915147,买盘
11:11:18,29.82,0.0,379,1129897,买盘
11:11:20,29.81,-0.01,268,799057,卖盘
11:11:23,29.8,-0.01,70,208658,卖盘
11:11:27,29.81,0.01,98,292092,中性盘
11:11:30,29.8,-0.01,245,731033,卖盘
11:11:32,29.8,0.0,91,271180,买盘
11:11:35,29.81,0.01,340,1013255,买盘
11:11:39,29.8,-0.01,264,784928,卖盘
11:11:42,29.8,0.0,115,342720,卖盘
11:11:45,29.8,0.0,73,217585,卖盘
11:11:48,29.8,0.0,40,119215,卖盘
11:11:50,29.82,0.02,186,554547,买盘
11:11:54,29.81,-0.01,24,71544,卖盘
11:11:56,29.8,-0.01,372,1108781,卖盘
11:12:00,29.82,0.02,62,184788,买盘
11:12:03,29.81,-0.01,87,259412,卖盘
11:12:06,29.82,0.01,475,1416340,买盘
11:12:09,29.82,0.0,33,98408,卖盘
11:12:11,29.82,0.0,154,459229,卖盘
11:12:14,29.82,0.0,167,498007,卖盘
11:12:17,29.83,0.01,20,59658,买盘
11:12:20,29.83,0.0,94,280336,买盘
11:12:24,29.83,0.0,28,83505,买盘
11:12:26,29.82,-0.01,40,119292,卖盘
11:12:29,29.83,0.01,63,187864,买盘
11:12:33,29.81,-0.02,17,50700,卖盘
11:12:35,29.82,0.01,11,32802,买盘
11:12:38,29.8,-0.02,1037,3089883,卖盘
11:12:42,29.8,0.0,369,1099619,买盘
11:12:45,29.8,0.0,63,187736,买盘
11:12:47,29.8,0.0,70,208594,买盘
11:12:51,29.8,0.0,443,1320140,买盘
11:12:54,29.8,0.0,488,1455520,买盘
11:12:56,29.79,-0.01,143,426242,卖盘
11:13:00,29.8,0.01,63,187768,中性盘
11:13:02,29.81,0.01,217,646787,买盘
11:13:06,29.82,0.01,69,205701,买盘
11:13:08,29.82,0.0,64,190808,买盘
11:13:12,29.81,-0.01,177,527516,卖盘
11:13:15,29.81,0.0,37,110288,买盘
11:13:17,29.8,-0.01,230,685400,卖盘
11:13:20,29.81,0.01,312,929773,买盘
11:13:23,29.81,0.0,76,226508,买盘
11:13:27,29.8,-0.01,167,497778,卖盘
11:13:30,29.8,0.0,175,521498,买盘
11:13:33,29.81,0.01,291,867440,买盘
11:13:36,29.83,0.02,119,354744,买盘
11:13:38,29.81,-0.02,117,348874,卖盘
11:13:42,29.82,0.01,115,342766,买盘
11:13:45,29.81,-0.01,26,77511,卖盘
11:13:48,29.8,-0.01,238,709339,卖盘
11:13:50,29.81,0.01,15,44715,卖盘
11:13:53,29.82,0.01,14,41747,买盘
11:13:56,29.8,-0.02,1043,3108493,卖盘
11:14:00,29.8,0.0,138,411243,卖盘
11:14:03,29.82,0.02,38,113303,买盘
11:14:05,29.81,-0.01,73,217568,卖盘
11:14:08,29.81,0.0,52,155013,卖盘
11:14:11,29.81,0.0,19,56652,卖盘
11:14:14,29.8,-0.01,522,1555827,卖盘
11:14:17,29.81,0.01,55,163863,买盘
11:14:20,29.82,0.01,21,62625,买盘
11:14:24,29.82,0.0,7,20874,卖盘
11:14:27,29.82,0.0,10,29820,卖盘
11:14:30,29.82,0.0,156,465192,卖盘
11:14:33,29.82,0.0,8,23856,买盘
11:14:36,29.82,0.0,116,345911,买盘
11:14:38,29.82,0.0,505,1505138,买盘
11:14:41,29.81,-0.01,47,140088,卖盘
11:14:44,29.81,0.0,26,77506,卖盘
11:14:48,29.81,0.0,131,390558,买盘
11:14:51,29.83,0.02,37,110336,买盘
11:14:53,29.81,-0.02,25,74535,卖盘
11:14:56,29.8,-0.01,410,1222040,卖盘
11:15:00,29.82,0.02,92,274183,中性盘
11:15:02,29.8,-0.02,466,1388821,卖盘
11:15:06,29.8,0.0,134,399287,买盘
11:15:09,29.81,0.01,82,244288,买盘
11:15:12,29.8,-0.01,17,50662,卖盘
11:15:14,29.8,0.0,50,149025,卖盘
11:15:18,29.81,0.01,106,315896,卖盘
11:15:20,29.8,-0.01,338,1007246,卖盘
11:15:23,29.81,0.01,39,116240,买盘
11:15:27,29.8,-0.01,48,143047,卖盘
11:15:30,29.81,0.01,8,23846,买盘
11:15:32,29.8,-0.01,31,92410,卖盘
11:15:36,29.8,0.0,299,891031,卖盘
11:15:39,29.8,0.0,279,831420,买盘
11:15:41,29.8,0.0,82,244357,买盘
11:15:45,29.81,0.01,175,521671,买盘
11:15:47,29.81,0.0,2,5962,卖盘
11:15:51,29.81,0.0,182,542498,卖盘
11:15:53,29.81,0.0,96,286097,卖盘
11:15:57,29.82,0.01,92,274229,买盘
11:16:00,29.81,-0.01,73,217607,买盘
11:16:02,29.8,-0.01,118,351841,卖盘
11:16:06,29.8,0.0,389,1159580,卖盘
11:16:09,29.81,0.01,39,116277,卖盘
11:16:12,29.82,0.01,29,86470,买盘
11:16:15,29.82,0.0,139,414363,买盘
11:16:18,29.81,-0.01,53,158003,卖盘
11:16:21,29.81,0.0,44,131178,卖盘
11:16:23,29.81,0.0,37,110329,卖盘
11:16:27,29.82,0.01,15,44716,中性盘
11:16:29,29.82,0.0,7,20874,买盘
11:16:32,29.83,0.01,94,280350,买盘
11:16:36,29.83,0.0,23,68609,卖盘
11:16:39,29.8,-0.03,1171,3490052,卖盘
11:16:41,29.8,0.0,60,178800,买盘
11:16:45,29.8,0.0,488,1454240,买盘
11:16:48,29.81,0.01,549,1636102,买盘
11:16:51,29.83,0.02,24,71580,买盘
11:16:54,29.82,-0.01,11,32801,中性盘
11:16:56,29.81,-0.01,28,83476,卖盘
11:17:00,29.8,-0.01,691,2059183,卖盘
11:17:02,29.8,0.0,111,330780,买盘
11:17:06,29.8,0.0,60,178790,买盘
11:17:09,29.8,0.0,396,1180070,买盘
11:17:12,29.83,0.03,365,1088079,买盘
11:17:15,29.81,-0.02,22,65582,买盘
11:17:17,29.82,0.01,21,62620,买盘
11:17:23,29.83,0.01,3,8947,买盘
11:17:26,29.83,0.0,6,17898,买盘
11:17:30,29.83,0.0,17,50711,买盘
11:17:32,29.82,-0.01,138,411532,卖盘
11:17:36,29.82,0.0,76,226610,买盘
11:17:38,29.81,-0.01,23,68582,卖盘
11:17:41,29.83,0.02,68,202781,买盘
11:17:44,29.83,0.0,7,20880,买盘
11:17:47,29.83,0.0,44,131218,买盘
11:17:51,29.84,0.01,72,214787,买盘
11:17:54,29.83,-0.01,17,50713,卖盘
11:17:57,29.83,0.0,37,110374,卖盘
11:18:00,29.83,0.0,17,50711,卖盘
11:18:03,29.83,0.0,54,161082,买盘
11:18:05,29.84,0.01,63,187949,买盘
11:18:12,29.83,-0.01,44,131285,卖盘
11:18:15,29.85,0.02,209,623478,买盘
11:18:18,29.83,-0.02,4,11935,卖盘
11:18:20,29.85,0.02,1,2985,买盘
11:18:23,29.84,-0.01,28,83554,卖盘
11:18:27,29.84,0.0,1,2984,买盘
11:18:30,29.84,0.0,3,8951,买盘
11:18:33,29.83,-0.01,882,2629460,卖盘
11:18:36,29.84,0.01,62,184975,买盘
11:18:39,29.83,-0.01,48,143184,卖盘
11:18:42,29.84,0.01,11,32821,买盘
11:18:45,29.84,0.0,10,29840,买盘
11:18:48,29.84,0.0,29,86509,买盘
11:18:51,29.83,-0.01,21,62663,卖盘
11:18:53,29.83,0.0,17,50714,卖盘
11:18:56,29.83,0.0,75,223731,卖盘
11:19:00,29.83,0.0,50,149151,卖盘
11:19:02,29.83,0.0,40,119315,卖盘
11:19:06,29.83,0.0,69,203664,买盘
11:19:09,29.82,-0.01,138,411531,卖盘
11:19:12,29.82,0.0,28,85855,卖盘
11:19:15,29.82,0.0,22,65341,卖盘
11:19:19,29.83,0.01,64,190910,买盘
11:19:21,29.83,0.0,2,5966,买盘
11:19:24,29.82,-0.01,4,11931,卖盘
11:19:26,29.83,0.01,18,53691,买盘
11:19:30,29.84,0.01,84,250621,买盘
11:19:33,29.82,-0.02,118,350245,卖盘
11:19:35,29.82,0.0,42,125256,卖盘
11:19:38,29.82,0.0,165,491470,卖盘
11:19:41,29.82,0.0,70,211500,卖盘
11:19:45,29.82,0.0,25,74567,卖盘
11:19:47,29.81,-0.01,1043,3108674,卖盘
11:19:51,29.85,0.04,625,1865184,买盘
11:19:53,29.85,0.0,35,104476,卖盘
11:19:56,29.85,0.0,52,155220,卖盘
11:20:00,29.85,0.0,125,373125,卖盘
11:20:02,29.79,-0.06,2110,6293681,卖盘
11:20:06,29.82,0.03,100,297999,买盘
11:20:08,29.81,-0.01,197,586226,中性盘
11:20:11,29.8,-0.01,15,44698,中性盘
11:20:15,29.79,-0.01,120,357515,卖盘
11:20:18,29.8,0.01,18,53637,买盘
11:20:21,29.79,-0.01,41,122154,卖盘
11:20:23,29.79,0.0,64,190686,卖盘
11:20:26,29.79,0.0,16,47667,卖盘
11:20:30,29.8,0.01,4,11920,买盘
11:20:32,29.8,0.0,34,101318,买盘
11:20:35,29.8,0.0,2,5960,买盘
11:20:39,29.8,0.0,137,408143,买盘
11:20:41,29.8,0.0,150,447000,买盘
11:20:45,29.8,0.0,10,29800,买盘
11:20:47,29.79,-0.01,206,613677,卖盘
11:20:50,29.8,0.01,34,101319,买盘
11:20:53,29.8,0.0,304,905810,买盘
11:20:57,29.79,-0.01,27,81111,卖盘
11:21:00,29.8,0.01,4,11919,买盘
11:21:03,29.79,-0.01,89,265208,卖盘
11:21:06,29.79,0.0,601,1790835,卖盘
11:21:09,29.79,0.0,35,104252,买盘
11:21:11,29.78,-0.01,19,56600,卖盘
11:21:14,29.79,0.01,9,26811,买盘
11:21:18,29.79,0.0,83,246758,买盘
11:21:20,29.78,-0.01,115,342557,卖盘
11:21:24,29.79,0.01,124,369299,卖盘
11:21:27,29.79,0.0,24,71497,卖盘
11:21:30,29.8,0.01,5,14900,买盘
11:21:33,29.79,-0.01,39,116189,卖盘
11:21:36,29.8,0.01,39,116220,买盘
11:21:39,29.79,-0.01,46,137040,卖盘
11:21:41,29.8,0.01,52,154938,买盘
11:21:44,29.8,0.0,1,2980,买盘
11:21:47,29.8,0.0,25,74490,买盘
11:21:51,29.8,0.0,17,50645,买盘
11:21:54,29.79,-0.01,1,2979,卖盘
11:21:56,29.79,0.0,79,235351,卖盘
11:22:00,29.8,0.01,510,1519745,买盘
11:22:02,29.8,0.0,8,23839,买盘
11:22:06,29.8,0.0,349,1040053,买盘
11:22:09,29.79,-0.01,43,128098,卖盘
11:22:12,29.8,0.01,14,41720,买盘
11:22:14,29.8,0.0,86,256266,买盘
11:22:17,29.79,-0.01,64,190689,卖盘
11:22:20,29.8,0.01,20,59598,买盘
11:22:24,29.8,0.0,32,95358,买盘
11:22:27,29.79,-0.01,199,593152,卖盘
11:22:29,29.8,0.01,54,160920,买盘
11:22:32,29.81,0.01,25,74511,中性盘
11:22:35,29.8,-0.01,29,86487,卖盘
11:22:39,29.79,-0.01,113,336630,卖盘
11:22:42,29.8,0.01,9,26820,买盘
11:22:45,29.81,0.01,59,175772,买盘
11:22:48,29.79,-0.02,4,11916,卖盘
11:22:51,29.81,0.02,3,8943,买盘
11:23:00,29.82,0.01,11,32798,买盘
11:23:02,29.82,0.0,64,190808,买盘
11:23:06,29.81,-0.01,164,488771,中性盘
11:23:09,29.79,-0.02,95,283077,卖盘
11:23:12,29.8,0.01,32,95351,卖盘
11:23:15,29.8,0.0,30,89400,买盘
11:23:18,29.8,0.0,21,62581,卖盘
11:23:21,29.8,0.0,71,211587,卖盘
11:23:24,29.82,0.02,10,29820,买盘
11:23:26,29.79,-0.03,103,306928,卖盘
11:23:30,29.8,0.01,24,71520,买盘
11:23:31,29.79,-0.01,84,250239,卖盘
11:23:36,29.79,0.0,29,86403,卖盘
11:23:38,29.8,0.01,33,98320,买盘
11:23:41,29.79,-0.01,131,390265,卖盘
11:23:44,29.8,0.01,28,83440,买盘
11:23:48,29.8,0.0,8,23835,中性盘
11:23:50,29.8,0.0,39,116220,卖盘
11:23:53,29.79,-0.01,18,53634,卖盘
11:23:57,29.8,0.01,123,366575,买盘
11:24:00,29.79,-0.01,533,1590507,卖盘
11:24:02,29.79,0.0,20,59590,卖盘
11:24:06,29.86,0.07,115,342952,买盘
11:24:09,29.79,-0.07,82,244578,卖盘
11:24:11,29.8,0.01,77,229391,买盘
11:24:14,29.8,0.0,68,202576,买盘
11:24:18,29.81,0.01,91,271235,买盘
11:24:20,29.81,0.0,23,68563,卖盘
11:24:27,29.85,0.04,31,92415,买盘
11:24:30,29.85,0.0,27,80547,买盘
11:24:33,29.82,-0.03,22,65603,中性盘
11:24:36,29.82,0.0,20,59660,卖盘
11:24:39,29.82,0.0,100,298208,卖盘
11:24:40,29.84,0.02,87,259492,买盘
11:24:44,29.84,0.0,13,38792,买盘
11:24:48,29.83,-0.01,56,167011,买盘
11:24:51,29.83,0.0,6,17899,买盘
11:24:53,29.83,0.0,57,169996,卖盘
11:24:57,29.83,0.0,133,396676,买盘
11:25:00,29.84,0.01,41,122313,买盘
11:25:03,29.83,-0.01,245,730837,卖盘
11:25:06,29.84,0.01,12,35808,买盘
11:25:07,29.84,0.0,8,23872,买盘
11:25:12,29.84,0.0,68,202855,买盘
11:25:15,29.84,0.0,11,32824,买盘
11:25:17,29.83,-0.01,5,14919,卖盘
11:25:20,29.84,0.01,38,113392,买盘
11:25:24,29.84,0.0,20,59672,买盘
11:25:27,29.84,0.0,42,125328,买盘
11:25:30,29.84,0.0,11,32824,卖盘
11:25:32,29.84,0.0,2,5968,买盘
11:25:36,29.84,0.0,78,232752,买盘
11:25:38,29.84,0.0,10,29840,卖盘
11:25:41,29.85,0.01,498,1486528,买盘
11:25:44,29.84,-0.01,163,486411,卖盘
11:25:48,29.84,0.0,22,65648,卖盘
11:25:50,29.84,0.0,174,519218,卖盘
11:25:54,29.86,0.02,501,1495986,买盘
11:25:57,29.86,0.0,53,158158,买盘
11:25:59,29.84,-0.02,30,89524,卖盘
11:26:03,29.85,0.01,67,199943,买盘
11:26:04,29.85,0.0,175,522209,买盘
11:26:09,29.85,0.0,24,71640,卖盘
11:26:12,29.85,0.0,523,1560390,卖盘
11:26:14,29.84,-0.01,37,110414,卖盘
11:26:17,29.85,0.01,18,53730,买盘
11:26:21,29.86,0.01,14,41791,买盘
11:26:24,29.84,-0.02,353,1053375,卖盘
11:26:27,29.85,0.01,80,238781,中性盘
11:26:30,29.85,0.0,461,1376043,卖盘
11:26:31,29.84,-0.01,54,161138,卖盘
11:26:36,29.82,-0.02,367,1094542,卖盘
11:26:38,29.82,0.0,12,35784,买盘
11:26:41,29.81,-0.01,569,1697801,卖盘
11:26:44,29.85,0.04,3034,9041994,买盘
11:26:46,29.84,-0.01,42,125280,中性盘
11:26:50,29.8,-0.04,578,1722469,卖盘
11:26:53,29.82,0.02,7,20866,买盘
11:26:57,29.81,-0.01,1,2981,中性盘
11:27:00,29.82,0.01,30,89427,买盘
11:27:02,29.82,0.0,14,41748,买盘
11:27:05,29.81,-0.01,7,20870,卖盘
11:27:08,29.81,0.0,70,208614,中性盘
11:27:11,29.81,0.0,190,566432,卖盘
11:27:13,29.81,0.0,4,11924,卖盘
11:27:18,29.81,0.0,72,214682,卖盘
11:27:20,29.82,0.01,2,5964,中性盘
11:27:23,29.82,0.0,8,23856,卖盘
11:27:27,29.81,-0.01,89,265348,卖盘
11:27:30,29.8,-0.01,493,1469423,卖盘
11:27:33,29.82,0.02,344,1025130,买盘
11:27:35,29.81,-0.01,135,402520,卖盘
11:27:39,29.81,0.0,40,119206,买盘
11:27:42,29.82,0.01,85,253475,买盘
11:27:48,29.83,0.01,43,128237,买盘
11:27:50,29.82,-0.01,13,38766,卖盘
11:27:54,29.82,0.0,13,38768,卖盘
11:27:57,29.82,0.0,131,390642,卖盘
11:28:00,29.82,0.0,3,8948,卖盘
11:28:02,29.8,-0.02,695,2071604,卖盘
11:28:05,29.8,0.0,13,38740,买盘
11:28:08,29.79,-0.01,26,77454,卖盘
11:28:12,29.79,0.0,314,935684,卖盘
11:28:14,29.8,0.01,4,11920,买盘
11:28:18,29.79,-0.01,106,314248,卖盘
11:28:21,29.8,0.01,12,35760,卖盘
11:28:27,29.8,0.0,4,11920,卖盘
11:28:30,29.79,-0.01,120,357595,卖盘
11:28:33,29.79,0.0,30,89386,卖盘
11:28:36,29.8,0.01,83,247343,买盘
11:28:39,29.8,0.0,159,473973,卖盘
11:28:42,29.8,0.0,44,131120,卖盘
11:28:48,29.81,0.01,13,38745,买盘
11:28:50,29.8,-0.01,26,77481,卖盘
11:28:53,29.81,0.01,15,44715,中性盘
11:28:56,29.81,0.0,52,155012,卖盘
11:29:00,29.81,0.0,38,113278,卖盘
11:29:02,29.81,0.0,147,438220,卖盘
11:29:05,29.81,0.0,6,17886,卖盘
11:29:09,29.82,0.01,13,38755,买盘
11:29:12,29.8,-0.02,843,2512180,卖盘
11:29:15,29.8,0.0,35,104300,买盘
11:29:18,29.79,-0.01,122,363448,卖盘
11:29:21,29.8,0.01,8,23834,买盘
11:29:24,29.79,-0.01,1,2979,卖盘
11:29:27,29.8,0.01,223,664320,买盘
11:29:30,29.8,0.0,38,113216,买盘
11:29:31,29.79,-0.01,26,77456,卖盘
11:29:36,29.79,0.0,65,193691,卖盘
11:29:39,29.8,0.01,19,56613,买盘
11:29:42,29.8,0.0,17,50660,卖盘
11:29:45,29.8,0.0,98,292011,买盘
11:29:47,29.79,-0.01,76,226472,卖盘
11:29:50,29.8,0.01,21,62570,买盘
11:29:53,29.81,0.01,212,631804,买盘
11:29:57,29.79,-0.02,37,110234,卖盘
11:30:00,29.8,0.01,155,461900,买盘
13:00:00,29.8,0.0,25,74500,卖盘
13:00:03,29.8,0.0,1159,3454377,卖盘
13:00:06,29.8,0.0,456,1359023,卖盘
13:00:09,29.8,0.0,127,378532,卖盘
13:00:12,29.79,-0.01,288,858205,卖盘
13:00:15,29.82,0.03,109,326095,买盘
13:00:18,29.82,0.0,153,456108,买盘
13:00:21,29.82,0.0,117,348745,买盘
13:00:24,29.82,0.0,41,122259,买盘
13:00:27,29.82,0.0,74,219347,买盘
13:00:30,29.82,0.0,60,178897,买盘
13:00:33,29.8,-0.02,413,1232493,卖盘
13:00:36,29.8,0.0,199,592903,买盘
13:00:38,29.8,0.0,108,321787,买盘
13:00:41,29.8,0.0,233,693764,买盘
13:00:45,29.79,-0.01,34,101908,卖盘
13:00:48,29.8,0.01,111,330764,买盘
13:00:51,29.79,-0.01,68,202600,卖盘
13:00:54,29.79,0.0,68,202082,卖盘
13:00:55,29.8,0.01,46,137072,买盘
13:00:58,29.79,-0.01,96,286564,卖盘
13:01:03,29.79,0.0,119,354546,卖盘
13:01:06,29.8,0.01,39,116217,买盘
13:01:09,29.8,0.0,264,786701,买盘
13:01:12,29.8,0.0,398,1184737,买盘
13:01:15,29.78,-0.02,98,293067,卖盘
13:01:18,29.79,0.01,18,53620,买盘
13:01:21,29.79,0.0,11,32769,买盘
13:01:24,29.78,-0.01,515,1534178,卖盘
13:01:27,29.78,0.0,5,14890,卖盘
13:01:30,29.78,0.0,11,32758,卖盘
13:01:33,29.79,0.01,6,17869,买盘
13:01:35,29.78,-0.01,38,113164,卖盘
13:01:39,29.78,0.0,24,71472,卖盘
13:01:41,29.78,0.0,62,184656,卖盘
13:01:44,29.78,0.0,23,67410,卖盘
13:01:48,29.78,0.0,27,80416,卖盘
13:01:51,29.78,0.0,75,223350,卖盘
13:01:54,29.78,0.0,24,72726,卖盘
13:01:57,29.79,0.01,856,2548922,买盘
13:01:58,29.79,0.0,9,26811,卖盘
13:02:03,29.8,0.01,44,131081,买盘
13:02:06,29.79,-0.01,122,363438,卖盘
13:02:07,29.79,0.0,33,98314,卖盘
13:02:11,29.79,0.0,150,447994,卖盘
13:02:15,29.78,-0.01,19,56597,卖盘
13:02:18,29.79,0.01,307,914291,买盘
13:02:20,29.78,-0.01,95,282917,卖盘
13:02:24,29.79,0.01,85,253134,买盘
13:02:27,29.79,0.0,181,539182,买盘
13:02:30,29.79,0.0,321,956293,买盘
13:02:33,29.8,0.01,111,330713,买盘
13:02:36,29.8,0.0,62,184751,买盘
13:02:39,29.78,-0.02,31,92347,卖盘
13:02:42,29.79,0.01,55,163845,买盘
13:02:45,29.78,-0.01,45,134053,卖盘
13:02:46,29.79,0.01,141,420035,买盘
13:02:51,29.8,0.01,21,62561,买盘
13:02:54,29.8,0.0,8,23837,买盘
13:02:57,29.79,-0.01,21,62559,卖盘
13:03:03,29.8,0.01,44,131106,买盘
13:03:06,29.78,-0.02,1452,4324769,卖盘
13:03:09,29.78,0.0,8,23830,卖盘
13:03:11,29.79,0.01,21,62553,买盘
13:03:15,29.78,-0.01,195,580738,卖盘
13:03:18,29.78,0.0,31,92319,卖盘
13:03:21,29.78,0.0,66,194548,卖盘
13:03:24,29.78,0.0,32,95299,卖盘
13:03:27,29.78,0.0,6,19774,卖盘
13:03:30,29.78,0.0,114,339504,卖盘
13:03:33,29.78,0.0,22,65516,卖盘
13:03:35,29.79,0.01,66,197057,买盘
13:03:39,29.78,-0.01,59,175707,卖盘
13:03:41,29.79,0.01,16,47664,买盘
13:03:43,29.78,-0.01,517,1538354,卖盘
13:03:48,29.79,0.01,28,83412,卖盘
13:03:51,29.79,0.0,92,273983,买盘
13:03:53,29.79,0.0,19,56589,买盘
13:03:57,29.78,-0.01,2,5956,卖盘
13:04:00,29.78,0.0,34,101280,卖盘
13:04:03,29.78,0.0,687,2047137,卖盘
13:04:05,29.78,0.0,15,43151,买盘
13:04:09,29.78,0.0,121,360296,卖盘
13:04:12,29.78,0.0,19,56584,卖盘
13:04:15,29.78,0.0,41,122124,卖盘
13:04:18,29.79,0.01,106,315674,买盘
13:04:20,29.78,-0.01,12,35741,卖盘
13:04:22,29.78,0.0,30,89351,卖盘
13:04:27,29.78,0.0,60,180089,卖盘
13:04:30,29.78,0.0,502,1495456,卖盘
13:04:31,29.78,0.0,15,44670,卖盘
13:04:36,29.78,0.0,68,201099,卖盘
13:04:39,29.78,0.0,303,902392,买盘
13:04:42,29.78,0.0,2,5956,买盘
13:04:45,29.77,-0.01,77,229268,卖盘
13:04:48,29.78,0.01,65,193527,买盘
13:04:51,29.78,0.0,87,259050,买盘
13:04:54,29.78,0.0,64,190592,买盘
13:04:57,29.78,0.0,75,223295,买盘
13:05:00,29.78,0.0,15,44663,买盘
13:05:03,29.77,-0.01,30,89318,卖盘
13:05:06,29.77,0.0,12,35165,卖盘
13:05:09,29.77,0.0,16,47634,卖盘
13:05:12,29.77,0.0,610,1815970,卖盘
13:05:15,29.77,0.0,93,277665,卖盘
13:05:18,29.77,0.0,50,150130,卖盘
13:05:21,29.78,0.01,44,129708,买盘
13:05:24,29.77,-0.01,76,227555,卖盘
13:05:27,29.77,0.0,59,175663,买盘
13:05:31,29.77,0.0,266,791882,买盘
13:05:36,29.77,0.0,60,178594,买盘
13:05:37,29.77,0.0,5,14881,买盘
13:05:42,29.77,0.0,110,327388,买盘
13:05:45,29.76,-0.01,734,2184398,卖盘
13:05:48,29.76,0.0,8,23808,买盘
13:05:51,29.76,0.0,476,1416578,买盘
13:05:54,29.76,0.0,8,23808,卖盘
13:05:57,29.76,0.0,32,95232,卖盘
13:06:00,29.77,0.01,248,738106,买盘
13:06:03,29.76,-0.01,783,2329954,卖盘
13:06:06,29.75,-0.01,28,83304,卖盘
13:06:09,29.75,0.0,4,11900,卖盘
13:06:12,29.75,0.0,43,127925,卖盘
13:06:16,29.75,0.0,7,20830,卖盘
13:06:18,29.75,0.0,64,189097,卖盘
13:06:21,29.76,0.01,7,20830,买盘
13:06:24,29.75,-0.01,86,254912,卖盘
13:06:25,29.76,0.01,56,166602,买盘
13:06:30,29.75,-0.01,599,1784295,卖盘
13:06:33,29.75,0.0,29,86275,买盘
13:06:36,29.74,-0.01,281,835157,卖盘
13:06:39,29.75,0.01,13,38670,买盘
13:06:41,29.75,0.0,31,92200,买盘
13:06:43,29.75,0.0,469,1395270,买盘
13:06:48,29.73,-0.02,100,297443,卖盘
13:06:50,29.74,0.01,60,178430,买盘
13:06:53,29.74,0.0,35,104090,买盘
13:06:57,29.74,0.0,3,8922,买盘
13:07:00,29.74,0.0,20,59472,买盘
13:07:03,29.74,0.0,39,115983,买盘
13:07:05,29.73,-0.01,53,157575,卖盘
13:07:09,29.73,0.0,615,1828398,卖盘
13:07:10,29.73,0.0,69,205553,卖盘
13:07:15,29.72,-0.01,108,321005,卖盘
13:07:18,29.72,0.0,50,148600,卖盘
13:07:20,29.72,0.0,13,38432,卖盘
13:07:24,29.73,0.01,482,1432570,买盘
13:07:27,29.72,-0.01,414,1230442,卖盘
13:07:30,29.72,0.0,4,11890,卖盘
13:07:33,29.73,0.01,9,26757,买盘
13:07:36,29.73,0.0,179,532049,买盘
13:07:39,29.72,-0.01,1270,3775066,卖盘
13:07:42,29.72,0.0,36,106351,买盘
13:07:43,29.71,-0.01,47,140286,卖盘
13:07:48,29.71,0.0,21,62404,卖盘
13:07:51,29.7,-0.01,1593,4733240,卖盘
13:07:54,29.7,0.0,208,615722,卖盘
13:07:57,29.69,-0.01,3521,10457864,卖盘
13:07:59,29.68,-0.01,388,1152023,卖盘
13:08:03,29.68,0.0,49,145435,卖盘
13:08:06,29.68,0.0,339,1007091,卖盘
13:08:09,29.67,-0.01,87,258161,卖盘
13:08:15,29.67,0.0,139,412415,卖盘
13:08:16,29.67,0.0,53,157247,卖盘
13:08:21,29.67,0.0,59,175018,买盘
13:08:24,29.66,-0.01,119,353057,卖盘
13:08:27,29.67,0.01,74,219520,买盘
13:08:30,29.66,-0.01,525,1557162,卖盘
13:08:33,29.66,0.0,119,352971,卖盘
13:08:35,29.67,0.01,97,287735,买盘
13:08:39,29.66,-0.01,169,501282,卖盘
13:08:42,29.65,-0.01,555,1646048,卖盘
13:08:45,29.66,0.01,78,231373,买盘
13:08:48,29.66,0.0,124,367842,买盘
13:08:50,29.66,0.0,148,439084,卖盘
13:08:53,29.65,-0.01,1211,3590970,卖盘
13:08:57,29.65,0.0,338,1002348,卖盘
13:08:58,29.65,0.0,337,999590,卖盘
13:09:03,29.65,0.0,242,717643,卖盘
13:09:05,29.66,0.01,451,1337241,买盘
13:09:08,29.7,0.04,1302,3865046,买盘
13:09:12,29.7,0.0,111,329670,卖盘
13:09:15,29.7,0.0,405,1202850,卖盘
13:09:18,29.71,0.01,75,222792,买盘
13:09:21,29.7,-0.01,202,600707,卖盘
13:09:24,29.7,0.0,21,62322,买盘
13:09:27,29.7,0.0,26,77210,买盘
13:09:30,29.7,0.0,32,94974,买盘
13:09:33,29.7,0.0,7,20788,买盘
13:09:36,29.69,-0.01,23,68306,卖盘
13:09:39,29.7,0.01,59,175193,买盘
13:09:42,29.69,-0.01,20,59379,中性盘
13:09:45,29.7,0.01,33,97998,买盘
13:09:48,29.7,0.0,13,36818,买盘
13:09:50,29.69,-0.01,43,127697,卖盘
13:09:54,29.7,0.01,20,59394,买盘
13:09:57,29.7,0.0,53,157400,买盘
13:10:00,29.7,0.0,230,685295,买盘
13:10:03,29.69,-0.01,55,163352,卖盘
13:10:05,29.7,0.01,104,308799,买盘
13:10:09,29.71,0.01,304,903106,买盘
13:10:12,29.71,0.0,42,124798,卖盘
13:10:15,29.71,0.0,217,644820,卖盘
13:10:18,29.73,0.02,191,567049,买盘
13:10:21,29.73,0.0,37,110014,买盘
13:10:23,29.73,0.0,76,226003,卖盘
13:10:25,29.72,-0.01,162,481709,卖盘
13:10:30,29.73,0.01,138,410507,中性盘
13:10:33,29.75,0.02,319,948906,买盘
13:10:36,29.76,0.01,246,732092,买盘
13:10:38,29.76,0.0,206,613023,买盘
13:10:42,29.76,0.0,79,235083,买盘
13:10:45,29.76,0.0,59,175349,买盘
13:10:48,29.75,-0.01,604,1797106,卖盘
13:10:51,29.78,0.03,91,270910,买盘
13:10:54,29.77,-0.01,84,250008,卖盘
13:10:57,29.78,0.01,33,98253,买盘
13:11:00,29.77,-0.01,19,56561,卖盘
13:11:03,29.76,-0.01,16,47625,卖盘
13:11:06,29.77,0.01,153,455623,买盘
13:11:09,29.75,-0.02,212,630743,卖盘
13:11:12,29.77,0.02,56,166673,买盘
13:11:15,29.77,0.0,1,2977,买盘
13:11:18,29.77,0.0,1,2977,买盘
13:11:20,29.77,0.0,20,59538,买盘
13:11:24,29.76,-0.01,39,116063,卖盘
13:11:27,29.77,0.01,16,47621,买盘
13:11:30,29.77,0.0,46,136927,买盘
13:11:32,29.76,-0.01,24,71424,中性盘
13:11:35,29.77,0.01,637,1896354,买盘
13:11:39,29.74,-0.03,143,425446,卖盘
13:11:42,29.76,0.02,12,35702,买盘
13:11:45,29.76,0.0,14,41662,买盘
13:11:48,29.75,-0.01,33,98204,卖盘
13:11:51,29.75,0.0,31,92239,卖盘
13:11:54,29.75,0.0,55,163668,卖盘
13:11:57,29.75,0.0,19,56525,买盘
13:12:00,29.75,0.0,14,41648,买盘
13:12:03,29.74,-0.01,15,44612,卖盘
13:12:06,29.75,0.01,22,65445,买盘
13:12:09,29.74,-0.01,18,53538,卖盘
13:12:12,29.74,0.0,12,35694,卖盘
13:12:15,29.75,0.01,112,333163,买盘
13:12:18,29.75,0.0,130,386741,卖盘
13:12:21,29.74,-0.01,250,743520,卖盘
13:12:24,29.74,0.0,273,811902,买盘
13:12:27,29.75,0.01,8,23798,买盘
13:12:30,29.73,-0.02,330,981604,卖盘
13:12:33,29.76,0.03,154,458277,买盘
13:12:36,29.76,0.0,374,1112634,买盘
13:12:39,29.74,-0.02,53,157627,卖盘
13:12:41,29.75,0.01,18,53534,买盘
13:12:45,29.75,0.0,46,136850,买盘
13:12:48,29.76,0.01,502,1493442,买盘
13:12:51,29.74,-0.02,85,252846,卖盘
13:12:54,29.75,0.01,33,98143,买盘
13:12:57,29.76,0.01,71,211291,买盘
13:13:00,29.76,0.0,361,1074336,买盘
13:13:03,29.76,0.0,4,11904,卖盘
13:13:05,29.76,0.0,18,53568,卖盘
13:13:08,29.76,0.0,47,139882,卖盘
13:13:12,29.77,0.01,84,250009,买盘
13:13:15,29.78,0.01,70,208334,买盘
13:13:20,29.77,-0.01,12,35713,买盘
13:13:23,29.77,0.0,167,497017,买盘
13:13:27,29.77,0.0,46,136942,买盘
13:13:30,29.77,0.0,34,101214,买盘
13:13:33,29.76,-0.01,22,65478,卖盘
13:13:35,29.77,0.01,8,23811,买盘
13:13:38,29.75,-0.02,389,1157284,卖盘
13:13:42,29.75,0.0,42,124950,买盘
13:13:44,29.75,0.0,21,62473,买盘
13:13:48,29.75,0.0,369,1096613,买盘
13:13:51,29.77,0.02,478,1422554,买盘
13:13:54,29.74,-0.03,50,148722,卖盘
13:13:57,29.73,-0.01,116,344974,卖盘
13:14:00,29.76,0.03,47,139862,中性盘
13:14:02,29.75,-0.01,20,59501,中性盘
13:14:06,29.74,-0.01,67,199205,买盘
13:14:09,29.75,0.01,19,56499,买盘
13:14:12,29.76,0.01,12,35708,买盘
13:14:15,29.77,0.01,143,425710,买盘
13:14:21,29.77,0.0,7,20838,买盘
13:14:24,29.75,-0.02,42,124963,卖盘
13:14:26,29.77,0.02,3,8931,中性盘
13:14:30,29.78,0.01,137,407759,买盘
13:14:33,29.78,0.0,2,5956,卖盘
13:14:36,29.78,0.0,39,116142,卖盘
13:14:39,29.78,0.0,110,327502,卖盘
13:14:42,29.78,0.0,308,916753,买盘
13:14:45,29.76,-0.02,103,306536,卖盘
13:14:47,29.79,0.03,52,154890,买盘
13:14:51,29.79,0.0,7,20858,卖盘
13:14:54,29.79,0.0,41,122099,卖盘
13:14:57,29.79,0.0,12,35748,卖盘
13:15:00,29.77,-0.02,11,32763,卖盘
13:15:03,29.77,0.0,13,38717,卖盘
13:15:05,29.77,0.0,45,133937,卖盘
13:15:09,29.79,0.02,12,35825,买盘
13:15:12,29.79,0.0,8,23832,买盘
13:15:15,29.79,0.0,8,23827,卖盘
13:15:18,29.79,0.0,5,14898,买盘
13:15:20,29.8,0.01,4,11918,买盘
13:15:23,29.78,-0.02,20,59567,卖盘
13:15:26,29.79,0.01,116,345457,买盘
13:15:30,29.77,-0.02,9,26884,卖盘
13:15:33,29.77,0.0,21,62529,卖盘
13:15:36,29.78,0.01,38,113143,买盘
13:15:39,29.77,-0.01,50,148898,卖盘
13:15:42,29.79,0.02,109,324620,买盘
13:15:48,29.77,-0.02,36,107192,卖盘
13:15:51,29.77,0.0,8,23816,卖盘
13:15:54,29.78,0.01,36,107319,中性盘
13:15:57,29.78,0.0,10,29779,买盘
13:16:00,29.78,0.0,6,17866,买盘
13:16:03,29.78,0.0,4,11910,买盘
13:16:05,29.77,-0.01,17,50616,卖盘
13:16:08,29.8,0.03,346,1032228,买盘
13:16:12,29.8,0.0,67,199660,卖盘
13:16:15,29.8,0.0,56,166880,卖盘
13:16:18,29.8,0.0,17,50661,卖盘
13:16:21,29.8,0.0,108,321846,卖盘
13:16:24,29.81,0.01,81,241417,买盘
13:16:27,29.78,-0.03,156,464541,卖盘
13:16:30,29.81,0.03,144,428925,买盘
13:16:33,29.79,-0.02,50,148975,卖盘
13:16:36,29.77,-0.02,56,166717,卖盘
13:16:39,29.81,0.04,48,143009,买盘
13:16:42,29.8,-0.01,129,384428,卖盘
13:16:45,29.8,0.0,21,62580,卖盘
13:16:48,29.8,0.0,36,106739,卖盘
13:16:51,29.8,0.0,23,68509,买盘
13:16:54,29.8,0.0,15,44697,买盘
13:16:57,29.8,0.0,13,38740,买盘
13:17:00,29.79,-0.01,58,172744,卖盘
13:17:03,29.79,0.0,11,32772,买盘
13:17:06,29.79,0.0,9,26811,卖盘
13:17:09,29.82,0.03,255,759979,买盘
13:17:12,29.81,-0.01,162,482886,买盘
13:17:15,29.79,-0.02,46,137094,卖盘
13:17:17,29.79,0.0,12,35748,卖盘
13:17:20,29.8,0.01,48,142958,买盘
13:17:23,29.8,0.0,20,59600,买盘
13:17:27,29.8,0.0,45,134096,卖盘
13:17:30,29.8,0.0,108,322001,买盘
13:17:33,29.8,0.0,10,29800,卖盘
13:17:36,29.81,0.01,15,44702,买盘
13:17:38,29.8,-0.01,40,119240,卖盘
13:17:42,29.8,0.0,32,95360,卖盘
13:17:45,29.8,0.0,16,47680,卖盘
13:17:47,29.8,0.0,41,122192,卖盘
13:17:51,29.8,0.0,37,110343,买盘
13:17:54,29.79,-0.01,3,8938,卖盘
13:17:57,29.8,0.01,29,86396,买盘
13:18:00,29.8,0.0,32,95341,买盘
13:18:03,29.79,-0.01,12,35758,卖盘
13:18:06,29.8,0.01,71,211556,买盘
13:18:09,29.8,0.0,12,35760,卖盘
13:18:11,29.79,-0.01,25,74501,卖盘
13:18:15,29.79,0.0,31,92359,卖盘
13:18:16,29.82,0.03,272,811095,买盘
13:18:21,29.79,-0.03,66,196717,卖盘
13:18:23,29.83,0.04,9,26847,买盘
13:18:27,29.79,-0.04,69,205641,卖盘
13:18:30,29.81,0.02,4,11921,买盘
13:18:33,29.8,-0.01,4,11922,卖盘
13:18:36,29.82,0.02,239,712659,买盘
13:18:39,29.83,0.01,2,5965,买盘
13:18:42,29.81,-0.02,16,47707,卖盘
13:18:45,29.83,0.02,52,155032,买盘
13:18:48,29.83,0.0,7,20877,买盘
13:18:51,29.81,-0.02,32,95414,卖盘
13:18:53,29.83,0.02,89,265325,买盘
13:18:56,29.85,0.02,185,552063,买盘
13:19:00,29.85,0.0,29,86565,卖盘
13:19:03,29.81,-0.04,383,1143210,卖盘
13:19:05,29.83,0.02,42,125276,买盘
13:19:09,29.82,-0.01,11,32803,中性盘
13:19:12,29.81,-0.01,91,271309,卖盘
13:19:15,29.81,0.0,33,98403,卖盘
13:19:18,29.85,0.04,19,56685,买盘
13:19:20,29.81,-0.04,8,23853,卖盘
13:19:24,29.82,0.01,4,11927,卖盘
13:19:27,29.8,-0.02,66,196725,卖盘
13:19:30,29.83,0.03,6,17896,买盘
13:19:33,29.83,0.0,27,80200,买盘
13:19:36,29.82,-0.01,1,2982,卖盘
13:19:39,29.82,0.0,7,20875,卖盘
13:19:42,29.83,0.01,12,35793,买盘
13:19:45,29.81,-0.02,61,181887,卖盘
13:19:48,29.82,0.01,1,2982,中性盘
13:19:51,29.82,0.0,165,491877,买盘
13:19:53,29.82,0.0,12,35867,买盘
13:19:56,29.82,0.0,43,128226,卖盘
13:19:59,29.81,-0.01,65,193816,卖盘
13:20:02,29.81,0.0,9,26831,卖盘
13:20:06,29.81,0.0,52,155008,卖盘
13:20:09,29.81,0.0,21,62601,卖盘
13:20:12,29.81,0.0,14,41734,卖盘
13:20:14,29.82,0.01,28,83493,买盘
13:20:18,29.82,0.0,10,29902,买盘
13:20:20,29.82,0.0,6,17889,买盘
13:20:24,29.81,-0.01,22,66340,卖盘
13:20:27,29.81,0.0,113,336854,卖盘
13:20:30,29.81,0.0,67,199737,卖盘
13:20:33,29.82,0.01,17,50687,中性盘
13:20:36,29.81,-0.01,28,83484,卖盘
13:20:39,29.81,0.0,3,8945,卖盘
13:20:42,29.81,0.0,53,158021,卖盘
13:20:45,29.83,0.02,4,11928,买盘
13:20:48,29.81,-0.02,5,14994,卖盘
13:20:51,29.83,0.02,6,17894,买盘
13:20:54,29.82,-0.01,15,42132,中性盘
13:20:57,29.81,-0.01,32,95433,卖盘
13:21:00,29.84,0.03,89,265486,买盘
13:21:03,29.82,-0.02,12,37455,中性盘
13:21:06,29.82,0.0,97,289169,买盘
13:21:09,29.82,0.0,448,1336484,买盘
13:21:12,29.82,0.0,55,164013,卖盘
13:21:15,29.84,0.02,123,366813,买盘
13:21:18,29.82,-0.02,40,119401,卖盘
13:21:22,29.82,0.0,32,95424,卖盘
13:21:24,29.84,0.02,21,62624,买盘
13:21:27,29.84,0.0,2,5968,买盘
13:21:30,29.81,-0.03,29,86476,卖盘
13:21:32,29.83,0.02,11,32814,卖盘
13:21:36,29.84,0.01,15,44760,买盘
13:21:39,29.83,-0.01,82,244679,卖盘
13:21:42,29.83,0.0,120,356040,卖盘
13:21:45,29.81,-0.02,79,235566,买盘
13:21:48,29.81,0.0,46,137146,卖盘
13:21:51,29.83,0.02,44,131654,买盘
13:21:54,29.83,0.0,11,32811,买盘
13:21:57,29.82,-0.01,124,369889,卖盘
13:22:03,29.82,0.0,26,77547,卖盘
13:22:05,29.82,0.0,32,95424,卖盘
13:22:09,29.83,0.01,9,26847,卖盘
13:22:12,29.84,0.01,101,301276,买盘
13:22:15,29.83,-0.01,36,107402,中性盘
13:22:18,29.82,-0.01,45,134236,卖盘
13:22:20,29.83,0.01,5,14915,卖盘
13:22:25,29.83,0.0,36,108834,买盘
13:22:27,29.85,0.02,620,1850584,买盘
13:22:30,29.82,-0.03,146,435392,卖盘
13:22:33,29.83,0.01,22,65626,中性盘
13:22:36,29.84,0.01,44,131246,买盘
13:22:39,29.84,0.0,27,80545,中性盘
13:22:41,29.84,0.0,24,71613,买盘
13:22:45,29.84,0.0,245,731085,买盘
13:22:47,29.83,-0.01,47,140206,卖盘
13:22:51,29.84,0.01,37,110408,中性盘
13:22:54,29.83,-0.01,23,68623,卖盘
13:22:57,29.84,0.01,6,17909,中性盘
13:23:00,29.83,-0.01,242,722342,卖盘
13:23:02,29.83,0.0,41,122312,卖盘
13:23:06,29.85,0.02,6,17990,买盘
13:23:09,29.83,-0.02,85,253637,卖盘
13:23:12,29.85,0.02,37,110425,买盘
13:23:15,29.83,-0.02,28,83525,卖盘
13:23:18,29.84,0.01,197,587854,中性盘
13:23:21,29.84,0.0,46,137227,中性盘
13:23:24,29.83,-0.01,50,149212,卖盘
13:23:27,29.84,0.01,62,184967,中性盘
13:23:30,29.83,-0.01,2,5966,卖盘
13:23:32,29.83,0.0,39,116346,卖盘
13:23:36,29.84,0.01,37,110465,买盘
13:23:39,29.83,-0.01,25,74580,卖盘
13:23:43,29.85,0.02,34,101459,买盘
13:23:45,29.84,-0.01,4,11936,中性盘
13:23:48,29.84,0.0,21,62660,卖盘
13:23:51,29.84,0.0,10,29844,卖盘
13:23:53,29.84,0.0,13,38799,卖盘
13:23:57,29.84,0.0,91,271629,卖盘
13:24:00,29.84,0.0,9,26939,中性盘
13:24:03,29.84,0.0,140,417736,买盘
13:24:06,29.83,-0.01,68,202868,卖盘
13:24:09,29.83,0.0,2,5966,卖盘
13:24:12,29.83,0.0,52,155135,卖盘
13:24:15,29.84,0.01,15,44753,买盘
13:24:18,29.84,0.0,38,113374,买盘
13:24:20,29.84,0.0,22,65636,买盘
13:24:24,29.84,0.0,86,256541,买盘
13:24:27,29.83,-0.01,14,41764,卖盘
13:24:30,29.83,0.0,26,74664,卖盘
13:24:33,29.83,0.0,45,134242,卖盘
13:24:36,29.83,0.0,10,29830,卖盘
13:24:39,29.83,0.0,34,103331,卖盘
13:24:42,29.82,-0.01,31,92471,买盘
13:24:45,29.83,0.01,2,5966,中性盘
13:24:47,29.84,0.01,4,11936,买盘
13:24:51,29.83,-0.01,124,370073,卖盘
13:24:54,29.83,0.0,26,77570,卖盘
13:24:57,29.83,0.0,9,26847,卖盘
13:25:00,29.82,-0.01,227,677500,卖盘
13:25:02,29.82,0.0,29,86520,卖盘
13:25:06,29.83,0.01,69,205791,买盘
13:25:09,29.82,-0.01,28,83610,卖盘
13:25:12,29.83,0.01,11,32833,中性盘
13:25:15,29.82,-0.01,47,140265,卖盘
13:25:18,29.85,0.03,5,14919,买盘
13:25:21,29.83,-0.02,49,146167,卖盘
13:25:25,29.83,0.0,2,5966,卖盘
13:25:27,29.83,0.0,63,187923,卖盘
13:25:29,29.82,-0.01,7,20963,卖盘
13:25:33,29.83,0.01,19,56675,买盘
13:25:36,29.83,0.0,58,172991,买盘
13:25:38,29.83,0.0,53,158079,买盘
13:25:42,29.83,0.0,70,208750,买盘
13:25:44,29.82,-0.01,36,107372,卖盘
13:25:48,29.82,0.0,67,199805,卖盘
13:25:52,29.82,0.0,120,357875,卖盘
13:25:53,29.83,0.01,72,214714,中性盘
13:25:56,29.83,0.0,33,98440,卖盘
13:26:00,29.82,-0.01,47,140197,卖盘
13:26:03,29.83,0.01,43,128282,中性盘
13:26:06,29.83,0.0,26,77647,卖盘
13:26:09,29.83,0.0,12,35700,买盘
13:26:12,29.84,0.01,15,44756,买盘
13:26:15,29.82,-0.02,380,1133163,卖盘
13:26:17,29.83,0.01,73,217759,买盘
13:26:21,29.84,0.01,10,29840,买盘
13:26:24,29.83,-0.01,139,414637,卖盘
13:26:27,29.82,-0.01,10,29825,卖盘
13:26:29,29.82,0.0,26,77532,卖盘
13:26:33,29.82,0.0,58,173002,卖盘
13:26:35,29.81,-0.01,202,602338,卖盘
13:26:40,29.82,0.01,31,92413,买盘
13:26:41,29.82,0.0,47,140206,买盘
13:26:45,29.82,0.0,3,8944,买盘
13:26:48,29.82,0.0,28,83469,买盘
13:26:51,29.82,0.0,67,199742,买盘
13:26:54,29.82,0.0,12,35784,买盘
13:26:57,29.82,0.0,38,113286,买盘
13:27:00,29.82,0.0,14,41746,买盘
13:27:03,29.81,-0.01,26,77518,卖盘
13:27:06,29.81,0.0,26,77599,卖盘
13:27:09,29.81,0.0,12,35772,卖盘
13:27:13,29.82,0.01,77,229546,买盘
13:27:15,29.82,0.0,33,98387,买盘
13:27:18,29.81,-0.01,24,71544,卖盘
13:27:21,29.82,0.01,6,17890,买盘
13:27:23,29.82,0.0,49,146096,买盘
13:27:28,29.82,0.0,15,44599,买盘
13:27:29,29.81,-0.01,5,15024,卖盘
13:27:33,29.81,0.0,20,59628,卖盘
13:27:36,29.81,0.0,60,178860,卖盘
13:27:39,29.81,0.0,51,152061,卖盘
13:27:42,29.81,0.0,127,378596,卖盘
13:27:45,29.81,0.0,37,110317,卖盘
13:27:48,29.81,0.0,64,190784,卖盘
13:27:51,29.8,-0.01,678,2020424,卖盘
13:27:54,29.79,-0.01,205,608380,卖盘
13:27:57,29.79,0.0,22,65539,卖盘
13:28:00,29.79,0.0,16,47815,卖盘
13:28:03,29.79,0.0,28,83422,卖盘
13:28:09,29.78,-0.01,6,19868,卖盘
13:28:11,29.79,0.01,10,29790,买盘
13:28:16,29.78,-0.01,1,2978,卖盘
13:28:18,29.79,0.01,2,5958,买盘
13:28:22,29.79,0.0,42,125096,买盘
13:28:24,29.78,-0.01,17,50635,卖盘
13:28:27,29.79,0.01,16,47668,买盘
13:28:30,29.8,0.01,6,17875,买盘
13:28:33,29.79,-0.01,111,330770,卖盘
13:28:35,29.8,0.01,153,455936,买盘
13:28:39,29.79,-0.01,32,95347,卖盘
13:28:42,29.8,0.01,8,23845,买盘
13:28:44,29.8,0.0,8,23840,卖盘
13:28:48,29.8,0.0,96,285994,卖盘
13:28:51,29.8,0.0,35,102346,买盘
13:28:53,29.78,-0.02,32,95403,卖盘
13:28:57,29.8,0.02,49,145947,买盘
13:29:00,29.79,-0.01,2,5958,卖盘
13:29:02,29.8,0.01,17,50654,买盘
13:29:06,29.79,-0.01,15,44685,卖盘
13:29:09,29.8,0.01,51,151939,买盘
13:29:13,29.79,-0.01,78,232729,卖盘
13:29:15,29.79,0.0,9,26811,卖盘
13:29:22,29.79,0.0,36,109403,卖盘
13:29:24,29.79,0.0,70,206328,卖盘
13:29:27,29.8,0.01,57,169514,买盘
13:29:30,29.8,0.0,22,65533,买盘
13:29:33,29.78,-0.02,31,92334,卖盘
13:29:36,29.78,0.0,19,56583,卖盘
13:29:39,29.77,-0.01,379,1128621,卖盘
13:29:42,29.79,0.02,32,95293,买盘
13:29:45,29.78,-0.01,24,71676,中性盘
13:29:48,29.78,0.0,18,53588,买盘
13:29:51,29.78,0.0,12,35734,买盘
13:29:54,29.77,-0.01,119,354275,卖盘
13:29:56,29.78,0.01,67,199517,买盘
13:30:00,29.78,0.0,51,151878,卖盘
13:30:02,29.78,0.0,18,53702,卖盘
13:30:05,29.78,0.0,16,47650,卖盘
13:30:08,29.78,0.0,5,14891,卖盘
13:30:11,29.78,0.0,11,32768,卖盘
13:30:16,29.78,0.0,22,65516,卖盘
13:30:19,29.78,0.0,79,235553,卖盘
13:30:21,29.79,0.01,18,53620,买盘
13:30:24,29.79,0.0,114,339604,买盘
13:30:26,29.79,0.0,49,145926,买盘
13:30:30,29.78,-0.01,7,20847,卖盘
13:30:33,29.79,0.01,9,26810,买盘
13:30:36,29.78,-0.01,34,101220,买盘
13:30:39,29.79,0.01,55,163823,买盘
13:30:42,29.79,0.0,119,354501,买盘
13:30:45,29.8,0.01,163,485608,买盘
13:30:47,29.78,-0.02,35,104244,卖盘
13:30:52,29.78,0.0,61,181663,卖盘
13:30:53,29.79,0.01,22,65521,买盘
13:30:58,29.78,-0.01,43,128071,卖盘
13:31:01,29.78,0.0,131,391727,卖盘
13:31:03,29.78,0.0,29,86382,卖盘
13:31:06,29.8,0.02,24,71484,买盘
13:31:08,29.78,-0.02,16,47657,卖盘
13:31:11,29.78,0.0,20,59590,卖盘
13:31:15,29.8,0.02,10,29796,买盘
13:31:17,29.78,-0.02,14,41813,卖盘
13:31:21,29.78,0.0,54,160840,卖盘
13:31:24,29.78,0.0,4,11466,卖盘
13:31:27,29.78,0.0,16,47410,卖盘
13:31:30,29.78,0.0,9,26809,卖盘
13:31:33,29.79,0.01,63,187852,买盘
13:31:36,29.79,0.0,37,110190,买盘
13:31:39,29.79,0.0,650,1936817,买盘
13:31:41,29.82,0.03,111,331240,买盘
13:31:45,29.82,0.0,20,59640,卖盘
13:31:47,29.82,0.0,31,92443,卖盘
13:31:51,29.83,0.01,317,945295,买盘
13:31:55,29.83,0.0,90,268007,买盘
13:31:56,29.79,-0.04,14,41711,卖盘
13:32:00,29.81,0.02,2,5962,买盘
13:32:03,29.82,0.01,27,80491,买盘
13:32:06,29.82,0.0,82,244524,卖盘
13:32:09,29.82,0.0,2,5964,卖盘
13:32:12,29.83,0.01,4,11929,买盘
13:32:15,29.81,-0.02,2,5962,卖盘
13:32:18,29.82,0.01,5,14908,买盘
13:32:21,29.82,0.0,33,98388,买盘
13:32:24,29.8,-0.02,48,143811,卖盘
13:32:27,29.82,0.02,7,20872,买盘
13:32:30,29.82,0.0,18,53660,买盘
13:32:33,29.82,0.0,18,53671,买盘
13:32:37,29.8,-0.02,24,71553,卖盘
13:32:39,29.81,0.01,33,98356,中性盘
13:32:42,29.81,0.0,33,95538,买盘
13:32:44,29.81,0.0,134,401457,买盘
13:32:48,29.81,0.0,53,157918,买盘
13:32:51,29.79,-0.02,44,131093,卖盘
13:32:54,29.8,0.01,44,131102,买盘
13:32:56,29.78,-0.02,35,104274,卖盘
13:33:00,29.8,0.02,21,62580,买盘
13:33:03,29.81,0.01,30,89498,买盘
13:33:05,29.81,0.0,2,5962,卖盘
13:33:08,29.81,0.0,18,53657,买盘
13:33:12,29.81,0.0,98,292138,卖盘
13:33:15,29.8,-0.01,195,581221,卖盘
13:33:17,29.79,-0.01,140,417094,卖盘
13:33:21,29.78,-0.01,50,148964,卖盘
13:33:24,29.78,0.0,26,75590,卖盘
13:33:27,29.78,0.0,19,56593,卖盘
13:33:30,29.78,0.0,239,712380,卖盘
13:33:33,29.77,-0.01,155,461587,卖盘
13:33:36,29.78,0.01,27,80394,买盘
13:33:39,29.77,-0.01,71,211479,卖盘
13:33:42,29.76,-0.01,476,1418156,卖盘
13:33:45,29.76,0.0,23,68453,卖盘
13:33:47,29.76,0.0,78,232138,卖盘
13:33:52,29.76,0.0,53,157729,卖盘
13:33:55,29.76,0.0,39,116067,卖盘
13:33:57,29.76,0.0,35,104906,卖盘
13:34:00,29.76,0.0,20,59521,卖盘
13:34:02,29.76,0.0,41,122036,卖盘
13:34:07,29.76,0.0,47,139455,卖盘
13:34:09,29.76,0.0,143,425670,卖盘
13:34:13,29.76,0.0,64,190470,卖盘
13:34:15,29.76,0.0,37,110112,卖盘
13:34:18,29.76,0.0,111,329995,卖盘
13:34:20,29.75,-0.01,36,107112,卖盘
13:34:24,29.75,0.0,140,416700,卖盘
13:34:26,29.77,0.02,63,187508,买盘
