time,price,change,volume,amount,type
09:25:04,30.2,0.0,965,2916082,卖盘
09:30:03,30.22,0.02,1734,5239671,买盘
09:30:05,30.18,-0.04,757,2284837,卖盘
09:30:09,30.2,0.02,669,2019785,买盘
09:30:11,30.2,0.0,236,712514,买盘
09:30:15,30.13,-0.07,317,958766,卖盘
09:30:17,30.13,0.0,29,87483,卖盘
09:30:21,30.17,0.04,47,141813,买盘
09:30:24,30.2,0.03,107,322826,买盘
09:30:27,30.2,0.0,603,1821725,卖盘
09:30:30,30.24,0.04,424,1281923,买盘
09:30:33,30.28,0.04,241,728779,买盘
09:30:36,30.26,-0.02,14,42363,卖盘
09:30:39,30.27,0.01,212,641896,中性盘
09:30:42,30.28,0.01,463,1401924,买盘
09:30:45,30.3,0.02,232,702793,买盘
09:30:47,30.28,-0.02,383,1160034,卖盘
09:30:51,30.29,0.01,569,1720037,买盘
09:30:54,30.27,-0.02,180,544100,买盘
09:30:57,30.28,0.01,82,248326,买盘
09:31:00,30.27,-0.01,30,90831,卖盘
09:31:03,30.28,0.01,27,81742,买盘
09:31:06,30.25,-0.03,47,142270,卖盘
09:31:09,30.26,0.01,103,311585,中性盘
09:31:12,30.2,-0.06,10,30224,卖盘
09:31:18,30.21,0.01,37,111809,卖盘
09:31:21,30.25,0.04,41,124058,中性盘
09:31:24,30.25,0.0,12,36300,买盘
09:31:27,30.21,-0.04,41,123877,卖盘
09:31:29,30.23,0.02,263,794537,买盘
09:31:33,30.26,0.03,206,623077,买盘
09:31:36,30.26,0.0,173,523187,买盘
09:31:38,30.21,-0.05,37,111813,卖盘
09:31:41,30.23,0.02,29,87651,买盘
09:31:45,30.23,0.0,25,75575,买盘
09:31:48,30.21,-0.02,242,731089,卖盘
09:31:51,30.21,0.0,66,199385,买盘
09:31:54,30.21,0.0,41,123861,买盘
09:31:57,30.21,0.0,90,271852,买盘
09:32:00,30.2,-0.01,89,268867,卖盘
09:32:03,30.22,0.02,49,148073,买盘
09:32:05,30.21,-0.01,165,498491,卖盘
09:32:09,30.21,0.0,114,344394,买盘
09:32:12,30.2,-0.01,27,81565,卖盘
09:32:15,30.22,0.02,248,749165,买盘
09:32:17,30.21,-0.01,323,975547,中性盘
09:32:21,30.2,-0.01,48,144967,卖盘
09:32:23,30.21,0.01,141,426104,买盘
09:32:27,30.22,0.01,129,389833,买盘
09:32:30,30.23,0.01,1076,3253582,买盘
09:32:33,30.23,0.0,59,178361,卖盘
09:32:36,30.26,0.03,26,78602,买盘
09:32:39,30.24,-0.02,5,15116,中性盘
09:32:42,30.23,-0.01,15,45350,卖盘
09:32:45,30.22,-0.01,306,925002,卖盘
09:32:48,30.22,0.0,144,435166,买盘
09:32:50,30.21,-0.01,443,1338736,卖盘
09:32:54,30.21,0.0,109,329349,卖盘
09:32:57,30.22,0.01,29,87633,买盘
09:32:59,30.22,0.0,179,540909,买盘
09:33:03,30.21,-0.01,566,1709901,卖盘
09:33:06,30.22,0.01,82,247839,中性盘
09:33:09,30.23,0.01,643,1943231,买盘
09:33:12,30.23,0.0,102,308341,卖盘
09:33:15,30.22,-0.01,52,157170,卖盘
09:33:18,30.24,0.02,154,465668,买盘
09:33:21,30.24,0.0,36,108902,卖盘
09:33:24,30.21,-0.03,837,2529568,卖盘
09:33:27,30.22,0.01,108,326395,中性盘
09:33:30,30.22,0.0,55,166261,卖盘
09:33:33,30.21,-0.01,13,39289,卖盘
09:33:36,30.21,0.0,27,81596,卖盘
09:33:39,30.21,0.0,252,761509,卖盘
09:33:41,30.21,0.0,188,567998,卖盘
09:33:45,30.24,0.03,55,166253,买盘
09:33:48,30.22,-0.02,360,1087678,卖盘
09:33:51,30.2,-0.02,1139,3440359,卖盘
09:33:54,30.21,0.01,20,60445,中性盘
09:33:57,30.2,-0.01,287,866790,卖盘
09:34:00,30.21,0.01,61,184306,中性盘
09:34:02,30.22,0.01,72,217467,买盘
09:34:06,30.2,-0.02,825,2491410,卖盘
09:34:09,30.18,-0.02,230,694560,卖盘
09:34:11,30.17,-0.01,35,105622,卖盘
09:34:15,30.18,0.01,145,437506,买盘
09:34:18,30.14,-0.04,144,434184,卖盘
09:34:21,30.16,0.02,60,180960,买盘
09:34:24,30.14,-0.02,31,93455,卖盘
09:34:27,30.14,0.0,24,72336,卖盘
09:34:30,30.14,0.0,54,162756,买盘
09:34:33,30.14,0.0,81,244056,买盘
09:34:36,30.14,0.0,107,320650,买盘
09:34:39,30.13,-0.01,120,361577,买盘
09:34:42,30.13,0.0,84,253106,卖盘
09:34:45,30.13,0.0,15,45195,卖盘
09:34:48,30.13,0.0,657,1979093,卖盘
09:34:51,30.13,0.0,45,135567,买盘
09:34:54,30.12,-0.01,104,313319,中性盘
09:34:57,30.11,-0.01,50,150565,中性盘
09:35:00,30.11,0.0,154,463804,卖盘
09:35:03,30.11,0.0,45,135506,卖盘
09:35:06,30.12,0.01,58,174686,买盘
09:35:09,30.1,-0.02,343,1032562,卖盘
09:35:12,30.11,0.01,67,201737,买盘
09:35:15,30.11,0.0,9,27092,买盘
09:35:18,30.1,-0.01,69,207695,卖盘
09:35:21,30.1,0.0,189,568889,卖盘
09:35:24,30.09,-0.01,92,276915,卖盘
09:35:27,30.1,0.01,71,213707,买盘
09:35:30,30.11,0.01,429,1291032,买盘
09:35:33,30.11,0.0,59,177629,买盘
09:35:36,30.1,-0.01,31,93323,卖盘
09:35:39,30.1,0.0,173,520735,卖盘
09:35:43,30.1,0.0,199,599032,卖盘
09:35:45,30.1,0.0,472,1421000,卖盘
09:35:48,30.1,0.0,275,827772,卖盘
09:35:51,30.1,0.0,9,27090,买盘
09:35:54,30.09,-0.01,39,117373,卖盘
09:35:57,30.1,0.01,51,153502,买盘
09:36:00,30.09,-0.01,52,156478,卖盘
09:36:03,30.09,0.0,105,315953,卖盘
09:36:06,30.1,0.01,24,72238,买盘
09:36:09,30.09,-0.01,124,373116,卖盘
09:36:12,30.09,0.0,5,15045,买盘
09:36:15,30.09,0.0,34,102301,买盘
09:36:18,30.09,0.0,27,81237,买盘
09:36:21,30.09,0.0,527,1585734,买盘
09:36:24,30.09,0.0,182,547489,卖盘
09:36:28,30.1,0.01,206,620018,买盘
09:36:30,30.09,-0.01,363,1092261,卖盘
09:36:33,30.09,0.0,193,580737,买盘
09:36:36,30.1,0.01,107,322069,卖盘
09:36:39,30.1,0.0,115,346147,买盘
09:36:43,30.1,0.0,90,270968,卖盘
09:36:45,30.1,0.0,44,132440,卖盘
09:36:48,30.1,0.0,298,896980,卖盘
09:36:51,30.12,0.02,50,150574,买盘
09:36:54,30.11,-0.01,163,490812,卖盘
09:36:57,30.12,0.01,170,511993,中性盘
09:37:00,30.12,0.0,201,605419,卖盘
09:37:03,30.12,0.0,61,183732,买盘
09:37:08,30.12,0.0,122,367427,买盘
09:37:09,30.11,-0.01,228,686509,卖盘
09:37:13,30.11,0.0,59,177623,买盘
09:37:15,30.11,0.0,30,90330,买盘
09:37:18,30.09,-0.02,514,1547135,卖盘
09:37:21,30.1,0.01,129,388164,卖盘
09:37:24,30.09,-0.01,120,361092,卖盘
09:37:27,30.1,0.01,243,731109,买盘
09:37:30,30.09,-0.01,406,1221193,卖盘
09:37:33,30.09,0.0,59,177531,买盘
09:37:36,30.07,-0.02,222,667691,卖盘
09:37:39,30.08,0.01,87,261621,中性盘
09:37:42,30.08,0.0,167,502310,卖盘
09:37:45,30.07,-0.01,690,2074360,卖盘
09:37:48,30.07,0.0,39,117282,买盘
09:37:51,30.05,-0.02,22,66133,卖盘
09:37:54,30.03,-0.02,334,1003717,卖盘
09:37:58,30.03,0.0,86,258374,卖盘
09:38:00,30.05,0.02,198,594978,买盘
09:38:03,30.05,0.0,17,51072,买盘
09:38:06,30.05,0.0,52,156232,买盘
09:38:09,30.03,-0.02,249,747876,卖盘
09:38:12,30.04,0.01,123,369402,买盘
09:38:15,30.03,-0.01,132,396426,卖盘
09:38:18,30.03,0.0,190,570614,卖盘
09:38:21,30.04,0.01,52,156166,买盘
09:38:24,30.04,0.0,67,201211,买盘
09:38:28,30.03,-0.01,272,816736,卖盘
09:38:30,30.03,0.0,218,654654,买盘
09:38:34,30.02,-0.01,62,186175,卖盘
09:38:36,30.02,0.0,1516,4549639,卖盘
09:38:39,30.02,0.0,73,219129,买盘
09:38:42,30.03,0.01,543,1630614,买盘
09:38:45,30.01,-0.02,175,525424,卖盘
09:38:48,30.03,0.02,89,267242,买盘
09:38:51,30.03,0.0,180,540482,卖盘
09:38:54,30.03,0.0,270,810714,买盘
09:38:58,30.02,-0.01,62,186181,卖盘
09:39:02,30.03,0.01,99,297199,买盘
09:39:04,30.02,-0.01,19,57043,卖盘
09:39:06,30.0,-0.02,1628,4886679,卖盘
09:39:09,30.02,0.02,225,675461,卖盘
09:39:13,30.01,-0.01,200,600392,卖盘
09:39:15,30.0,-0.01,202,606129,卖盘
09:39:18,30.01,0.01,52,156066,中性盘
09:39:21,30.02,0.01,6,18010,买盘
09:39:24,30.02,0.0,54,162072,买盘
09:39:27,30.02,0.0,24,72041,买盘
09:39:30,30.01,-0.01,341,1023391,卖盘
09:39:34,30.01,0.0,234,702236,买盘
09:39:36,30.01,0.0,74,222085,卖盘
09:39:39,30.01,0.0,299,897513,卖盘
09:39:42,30.01,0.0,135,405187,卖盘
09:39:45,30.02,0.01,78,234083,中性盘
09:39:48,30.01,-0.01,578,1735061,卖盘
09:39:51,30.03,0.02,42,126086,中性盘
09:39:54,30.02,-0.01,12,36024,卖盘
09:39:58,30.03,0.01,218,654350,中性盘
09:40:00,30.02,-0.01,80,240168,卖盘
09:40:04,30.04,0.02,37,111101,买盘
09:40:06,30.02,-0.02,136,408311,卖盘
09:40:09,30.03,0.01,121,363366,卖盘
09:40:12,30.03,0.0,39,117117,买盘
09:40:15,30.02,-0.01,117,351245,卖盘
09:40:18,30.03,0.01,232,696696,买盘
09:40:21,30.02,-0.01,34,102082,卖盘
09:40:24,30.03,0.01,135,405313,买盘
09:40:28,30.03,0.0,72,216217,卖盘
09:40:30,30.03,0.0,310,930686,卖盘
09:40:33,30.02,-0.01,97,291341,卖盘
09:40:36,30.03,0.01,144,432483,中性盘
09:40:39,30.03,0.0,42,126126,买盘
09:40:43,30.02,-0.01,73,219200,卖盘
09:40:45,30.03,0.01,140,420395,买盘
09:40:48,30.02,-0.01,429,1287984,卖盘
09:40:51,30.04,0.02,15,45055,买盘
09:40:54,30.03,-0.01,252,756756,卖盘
09:40:57,30.02,-0.01,259,777600,卖盘
09:41:00,30.04,0.02,496,1490209,买盘
09:41:03,30.02,-0.02,64,192172,卖盘
09:41:06,30.03,0.01,52,156150,买盘
09:41:09,30.02,-0.01,640,1922205,卖盘
09:41:12,30.03,0.01,46,138108,买盘
09:41:15,30.02,-0.01,258,775070,卖盘
09:41:18,30.03,0.01,12,36034,中性盘
09:41:21,30.02,-0.01,5,15010,卖盘
09:41:24,30.03,0.01,94,282234,买盘
09:41:28,30.03,0.0,34,102088,买盘
09:41:30,30.03,0.0,321,963833,卖盘
09:41:33,30.02,-0.01,180,540380,卖盘
09:41:36,30.03,0.01,143,429319,买盘
09:41:39,30.03,0.0,25,75076,买盘
09:41:43,30.02,-0.01,221,663518,卖盘
09:41:45,30.02,0.0,56,168112,买盘
09:41:48,30.01,-0.01,414,1242539,卖盘
09:41:51,30.02,0.01,19,57028,买盘
09:41:54,30.03,0.01,79,237120,买盘
09:41:58,30.03,0.0,15,45038,买盘
09:42:00,30.03,0.0,25,75053,买盘
09:42:03,30.02,-0.01,26,78067,卖盘
09:42:06,30.03,0.01,39,117108,买盘
09:42:09,30.02,-0.01,342,1026700,卖盘
09:42:12,30.03,0.01,127,381381,卖盘
09:42:15,30.03,0.0,20,60070,卖盘
09:42:18,30.03,0.0,3,9009,卖盘
09:42:21,30.04,0.01,24,72086,买盘
09:42:24,30.03,-0.01,110,330340,卖盘
09:42:28,30.03,0.0,32,96099,卖盘
09:42:30,30.03,0.0,243,729734,卖盘
09:42:33,30.03,0.0,50,150150,买盘
09:42:36,30.03,0.0,34,102092,买盘
09:42:39,30.03,0.0,64,192161,买盘
09:42:43,30.03,0.0,66,198195,买盘
09:42:45,30.02,-0.01,18,54045,卖盘
09:42:48,30.03,0.01,12,36036,中性盘
09:42:52,30.03,0.0,316,948666,买盘
09:42:54,30.03,0.0,13,39044,买盘
09:42:58,30.03,0.0,12,36036,卖盘
09:43:00,30.03,0.0,58,174174,卖盘
09:43:03,30.03,0.0,18,54054,卖盘
09:43:06,30.04,0.01,74,222245,买盘
09:43:09,30.04,0.0,300,900910,买盘
09:43:12,30.03,-0.01,111,333350,卖盘
09:43:15,30.04,0.01,29,87106,买盘
09:43:18,30.04,0.0,23,69081,买盘
09:43:21,30.04,0.0,46,138143,买盘
09:43:24,30.03,-0.01,45,135169,卖盘
09:43:28,30.04,0.01,123,369492,买盘
09:43:30,30.04,0.0,332,997067,买盘
09:43:33,30.03,-0.01,328,985432,卖盘
09:43:36,30.05,0.02,106,318525,买盘
09:43:39,30.05,0.0,172,516860,买盘
09:43:43,30.07,0.02,55,165297,买盘
09:43:45,30.06,-0.01,351,1054865,中性盘
09:43:48,30.06,0.0,25,75121,买盘
09:43:51,30.05,-0.01,286,859448,卖盘
09:43:54,30.08,0.03,41,123232,买盘
09:43:57,30.07,-0.01,41,123279,卖盘
09:44:00,30.07,0.0,85,255603,买盘
09:44:03,30.08,0.01,17,51136,买盘
09:44:06,30.08,0.0,10,30080,卖盘
09:44:09,30.08,0.0,64,192514,卖盘
09:44:13,30.08,0.0,31,93240,买盘
09:44:15,30.08,0.0,32,96256,买盘
09:44:18,30.07,-0.01,8,24062,卖盘
09:44:21,30.08,0.01,25,75199,买盘
09:44:24,30.07,-0.01,36,108255,卖盘
09:44:26,30.08,0.01,38,114283,买盘
09:44:30,30.07,-0.01,296,890082,卖盘
09:44:33,30.08,0.01,54,162430,买盘
09:44:36,30.07,-0.01,29,87200,买盘
09:44:39,30.07,0.0,15,45105,买盘
09:44:43,30.07,0.0,146,438994,买盘
09:44:45,30.06,-0.01,134,402812,卖盘
09:44:48,30.06,0.0,141,423845,买盘
09:44:50,30.06,0.0,339,1018750,买盘
09:44:54,30.05,-0.01,70,210396,卖盘
09:44:57,30.05,0.0,295,886149,卖盘
09:45:00,30.05,0.0,50,150250,买盘
09:45:03,30.05,0.0,51,153255,买盘
09:45:06,30.05,0.0,51,153182,买盘
09:45:09,30.04,-0.01,1086,3261602,中性盘
09:45:11,30.07,0.03,93,279468,买盘
09:45:15,30.07,0.0,51,153357,卖盘
09:45:18,30.08,0.01,300,902336,买盘
09:45:21,30.08,0.0,54,162432,卖盘
09:45:23,30.09,0.01,253,761244,买盘
09:45:28,30.08,-0.01,159,478387,卖盘
09:45:30,30.09,0.01,43,129387,卖盘
09:45:33,30.08,-0.01,25,75222,卖盘
09:45:36,30.09,0.01,155,466334,买盘
09:45:39,30.08,-0.01,441,1326598,卖盘
09:45:43,30.09,0.01,167,502533,买盘
09:45:45,30.09,0.0,63,189587,卖盘
09:45:48,30.09,0.0,43,129388,卖盘
09:45:51,30.08,-0.01,266,800387,卖盘
09:45:54,30.09,0.01,13,39117,买盘
09:45:58,30.09,0.0,8,24071,买盘
09:46:00,30.09,0.0,321,965515,买盘
09:46:03,30.09,0.0,110,330988,买盘
09:46:06,30.09,0.0,8,24072,卖盘
09:46:09,30.09,0.0,1,3009,卖盘
09:46:11,30.1,0.01,22,66220,买盘
09:46:15,30.1,0.0,46,138447,买盘
09:46:18,30.1,0.0,185,556775,买盘
09:46:21,30.1,0.0,83,249841,买盘
09:46:24,30.1,0.0,36,108360,买盘
09:46:27,30.1,0.0,8,24080,买盘
09:46:30,30.1,0.0,346,1041125,买盘
09:46:33,30.1,0.0,20,60200,买盘
09:46:35,30.1,0.0,147,442649,买盘
09:46:38,30.11,0.01,48,144492,买盘
09:46:43,30.1,-0.01,40,120400,卖盘
09:46:45,30.11,0.01,23,69249,买盘
09:46:48,30.1,-0.01,35,105384,卖盘
09:46:50,30.11,0.01,291,875917,买盘
09:46:54,30.1,-0.01,134,403343,卖盘
09:46:57,30.11,0.01,20,60220,买盘
09:47:00,30.1,-0.01,15,45158,卖盘
09:47:03,30.1,0.0,247,743470,卖盘
09:47:06,30.11,0.01,672,2023381,买盘
09:47:09,30.1,-0.01,106,319070,卖盘
09:47:13,30.1,0.0,279,839803,卖盘
09:47:15,30.11,0.01,6,18066,买盘
09:47:18,30.11,0.0,39,117429,卖盘
09:47:21,30.11,0.0,26,78282,买盘
09:47:24,30.11,0.0,79,237882,卖盘
09:47:27,30.12,0.01,14,42164,买盘
09:47:30,30.11,-0.01,111,334230,卖盘
09:47:33,30.11,0.0,185,557035,买盘
09:47:36,30.11,0.0,20,60219,买盘
09:47:39,30.1,-0.01,37,111381,卖盘
09:47:41,30.1,0.0,221,665349,卖盘
09:47:45,30.11,0.01,31,93341,卖盘
09:47:48,30.11,0.0,38,114425,卖盘
09:47:51,30.12,0.01,324,975598,买盘
09:47:54,30.11,-0.01,44,132499,卖盘
09:47:57,30.12,0.01,64,192709,买盘
09:48:00,30.12,0.0,9,27107,买盘
09:48:03,30.11,-0.01,21,63240,卖盘
09:48:06,30.12,0.01,509,1533086,买盘
09:48:09,30.12,0.0,260,782838,买盘
09:48:12,30.11,-0.01,239,719629,卖盘
09:48:15,30.1,-0.01,311,935951,卖盘
09:48:18,30.1,0.0,96,288960,买盘
09:48:20,30.1,0.0,153,460480,买盘
09:48:24,30.1,0.0,17,51163,买盘
09:48:28,30.1,0.0,34,102340,买盘
09:48:29,30.09,-0.01,113,340019,卖盘
09:48:33,30.08,-0.01,217,652609,卖盘
09:48:35,30.08,0.0,95,285788,买盘
09:48:38,30.06,-0.02,16,48126,卖盘
09:48:42,30.08,0.02,90,270729,买盘
09:48:45,30.08,0.0,11,33088,卖盘
09:48:48,30.09,0.01,186,559663,买盘
09:48:50,30.09,0.0,309,929478,买盘
09:48:54,30.1,0.01,207,622983,买盘
09:48:57,30.1,0.0,123,370396,买盘
09:49:00,30.09,-0.01,73,219723,卖盘
09:49:02,30.1,0.01,6,18060,买盘
09:49:06,30.1,0.0,35,105340,买盘
09:49:09,30.1,0.0,220,662195,买盘
09:49:12,30.1,0.0,351,1056231,卖盘
09:49:15,30.1,0.0,3,9030,卖盘
09:49:18,30.1,0.0,16,48160,卖盘
09:49:21,30.1,0.0,23,69240,卖盘
09:49:24,30.1,0.0,188,565880,卖盘
09:49:27,30.1,0.0,43,129430,买盘
09:49:30,30.09,-0.01,212,637779,卖盘
09:49:33,30.08,-0.01,112,336975,卖盘
09:49:36,30.08,0.0,149,448299,卖盘
09:49:39,30.08,0.0,23,69190,卖盘
09:49:42,30.08,0.0,63,189539,买盘
09:49:44,30.08,0.0,157,472165,卖盘
09:49:47,30.08,0.0,31,93257,卖盘
09:49:51,30.08,0.0,32,96263,卖盘
09:49:54,30.09,0.01,104,312813,买盘
09:49:57,30.08,-0.01,69,207531,卖盘
09:50:00,30.08,0.0,42,126338,卖盘
09:50:03,30.08,0.0,90,270734,卖盘
09:50:05,30.08,0.0,140,421016,买盘
09:50:09,30.07,-0.01,133,400013,卖盘
09:50:12,30.06,-0.01,209,628268,卖盘
09:50:15,30.07,0.01,325,977306,买盘
09:50:17,30.06,-0.01,123,369797,卖盘
09:50:20,30.07,0.01,8,24058,中性盘
09:50:24,30.08,0.01,291,874821,买盘
09:50:27,30.06,-0.02,388,1166074,卖盘
09:50:30,30.05,-0.01,49,147297,卖盘
09:50:34,30.05,0.0,21,63124,卖盘
09:50:36,30.06,0.01,28,84187,买盘
09:50:39,30.06,0.0,70,210468,卖盘
09:50:43,30.08,0.02,29,87203,买盘
09:50:45,30.06,-0.02,171,514027,卖盘
09:50:47,30.06,0.0,199,598194,买盘
09:50:51,30.06,0.0,303,910534,卖盘
09:50:54,30.06,0.0,25,75145,卖盘
09:50:57,30.07,0.01,44,132274,买盘
09:51:00,30.06,-0.01,105,315638,卖盘
09:51:02,30.06,0.0,90,270524,中性盘
09:51:05,30.06,0.0,108,324605,卖盘
09:51:09,30.06,0.0,153,459918,买盘
09:51:12,30.05,-0.01,286,859430,卖盘
09:51:14,30.06,0.01,277,832582,买盘
09:51:18,30.07,0.01,270,811849,买盘
09:51:21,30.07,0.0,316,950338,卖盘
09:51:24,30.1,0.03,554,1667180,买盘
09:51:28,30.1,0.0,122,367345,中性盘
09:51:29,30.09,-0.01,763,2297422,卖盘
09:51:33,30.09,0.0,17,51153,买盘
09:51:36,30.09,0.0,102,306839,卖盘
09:51:39,30.07,-0.02,65,195525,卖盘
09:51:42,30.09,0.02,16,48154,中性盘
09:51:45,30.1,0.01,204,613813,买盘
09:51:48,30.12,0.02,83,249941,买盘
09:51:51,30.1,-0.02,330,993158,卖盘
09:51:54,30.12,0.02,157,472578,买盘
09:51:57,30.11,-0.01,204,614401,卖盘
09:52:00,30.13,0.02,56,168702,买盘
09:52:03,30.14,0.01,104,313355,买盘
09:52:06,30.15,0.01,158,476159,买盘
09:52:08,30.16,0.01,768,2316267,买盘
09:52:12,30.16,0.0,694,2092704,买盘
09:52:15,30.17,0.01,554,1671661,买盘
09:52:18,30.18,0.01,78,235390,买盘
09:52:20,30.2,0.02,132,398508,买盘
09:52:24,30.22,0.02,335,1011643,买盘
09:52:27,30.21,-0.01,91,274859,中性盘
09:52:29,30.2,-0.01,301,909274,卖盘
09:52:33,30.22,0.02,165,498414,买盘
09:52:35,30.22,0.0,437,1319970,买盘
09:52:38,30.22,0.0,142,429182,买盘
09:52:42,30.22,0.0,115,347520,买盘
09:52:44,30.22,0.0,298,900182,买盘
09:52:48,30.22,0.0,171,516757,买盘
09:52:51,30.22,0.0,400,1208445,买盘
09:52:54,30.23,0.01,753,2276317,买盘
09:52:56,30.22,-0.01,194,586449,卖盘
09:53:00,30.24,0.02,28,84691,卖盘
09:53:03,30.25,0.01,15,45371,买盘
09:53:06,30.24,-0.01,109,329597,卖盘
09:53:09,30.25,0.01,52,157297,买盘
09:53:12,30.2,-0.05,463,1398906,卖盘
09:53:15,30.2,0.0,72,217438,买盘
09:53:17,30.19,-0.01,120,362301,卖盘
09:53:21,30.19,0.0,79,238498,买盘
09:53:24,30.23,0.04,792,2392844,买盘
09:53:26,30.23,0.0,278,840589,卖盘
09:53:29,30.23,0.0,364,1099982,卖盘
09:53:32,30.24,0.01,118,357125,买盘
09:53:36,30.19,-0.05,248,749026,卖盘
09:53:39,30.23,0.04,388,1173556,买盘
09:53:42,30.23,0.0,97,290573,买盘
09:53:45,30.23,0.0,128,386787,卖盘
09:53:48,30.23,0.0,78,235677,卖盘
09:53:51,30.23,0.0,43,129983,买盘
09:53:53,30.21,-0.02,77,232642,卖盘
09:53:56,30.21,0.0,26,78536,买盘
09:54:00,30.21,0.0,29,87609,买盘
09:54:03,30.21,0.0,87,262827,买盘
09:54:05,30.21,0.0,189,570909,买盘
09:54:08,30.23,0.02,55,166261,买盘
09:54:12,30.2,-0.03,532,1609324,卖盘
09:54:15,30.21,0.01,393,1184315,买盘
09:54:18,30.22,0.01,20,60439,买盘
09:54:21,30.21,-0.01,82,247734,卖盘
09:54:24,30.21,0.0,113,344041,卖盘
09:54:27,30.22,0.01,322,972773,买盘
09:54:30,30.21,-0.01,92,277874,中性盘
09:54:33,30.2,-0.01,1060,3201447,卖盘
09:54:36,30.2,0.0,116,350215,买盘
09:54:39,30.2,0.0,96,289920,卖盘
09:54:42,30.21,0.01,53,160102,买盘
09:54:44,30.2,-0.01,172,519466,卖盘
09:54:48,30.2,0.0,177,534539,卖盘
09:54:51,30.2,0.0,21,63419,买盘
09:54:54,30.2,0.0,164,495169,买盘
09:54:57,30.19,-0.01,26,78483,中性盘
09:55:00,30.19,0.0,27,81514,买盘
09:55:03,30.2,0.01,17,51297,买盘
09:55:06,30.19,-0.01,85,256400,买盘
09:55:09,30.2,0.01,81,244497,买盘
09:55:12,30.16,-0.04,46,138790,卖盘
09:55:15,30.17,0.01,95,286579,买盘
09:55:18,30.16,-0.01,13,39209,卖盘
09:55:21,30.17,0.01,82,247394,买盘
09:55:24,30.17,0.0,59,178003,买盘
09:55:27,30.19,0.02,385,1161735,买盘
09:55:30,30.17,-0.02,510,1537997,中性盘
09:55:33,30.16,-0.01,123,371043,卖盘
09:55:35,30.16,0.0,297,895926,买盘
09:55:39,30.18,0.02,243,733699,买盘
09:55:42,30.19,0.01,162,489111,卖盘
09:55:45,30.2,0.01,829,2503309,买盘
09:55:48,30.21,0.01,80,241662,买盘
09:55:51,30.19,-0.02,877,2648612,卖盘
09:55:54,30.19,0.0,285,860306,买盘
09:55:57,30.2,0.01,788,2379544,买盘
09:56:00,30.18,-0.02,29,87546,卖盘
09:56:03,30.19,0.01,151,455724,买盘
09:56:06,30.19,0.0,41,123779,买盘
09:56:08,30.18,-0.01,77,232441,卖盘
09:56:12,30.16,-0.02,422,1273343,卖盘
09:56:14,30.19,0.03,151,455863,买盘
09:56:18,30.19,0.0,32,96608,买盘
09:56:21,30.19,0.0,4,12076,买盘
09:56:24,30.18,-0.01,35,105650,卖盘
09:56:27,30.19,0.01,27,81512,买盘
09:56:29,30.18,-0.01,252,760646,卖盘
09:56:33,30.18,0.0,24,72432,买盘
09:56:36,30.18,0.0,89,268601,买盘
09:56:38,30.18,0.0,43,129762,买盘
09:56:41,30.19,0.01,102,307822,买盘
09:56:45,30.18,-0.01,20,60363,卖盘
09:56:48,30.18,0.0,15,45270,卖盘
09:56:51,30.18,0.0,198,597573,卖盘
09:56:54,30.18,0.0,72,217296,买盘
09:56:57,30.18,0.0,73,220314,买盘
09:57:00,30.18,0.0,13,39232,买盘
09:57:03,30.17,-0.01,25,75439,卖盘
09:57:06,30.17,0.0,149,449625,卖盘
09:57:09,30.18,0.01,46,138822,买盘
09:57:11,30.17,-0.01,301,908117,卖盘
09:57:15,30.17,0.0,42,126701,买盘
09:57:18,30.17,0.0,36,108602,买盘
09:57:20,30.16,-0.01,57,171912,卖盘
09:57:24,30.16,0.0,269,811312,卖盘
09:57:27,30.16,0.0,68,205086,买盘
09:57:29,30.16,0.0,3,9048,买盘
09:57:32,30.15,-0.01,104,313559,卖盘
09:57:35,30.15,0.0,21,63314,买盘
09:57:39,30.13,-0.02,192,578551,卖盘
09:57:42,30.12,-0.01,49,147636,卖盘
09:57:44,30.13,0.01,58,174754,买盘
09:57:48,30.12,-0.01,21,63258,卖盘
09:57:51,30.12,0.0,242,728913,卖盘
09:57:54,30.13,0.01,303,912988,买盘
09:57:57,30.12,-0.01,5,15061,卖盘
09:58:00,30.12,0.0,24,72295,卖盘
09:58:02,30.12,0.0,67,201804,卖盘
09:58:06,30.13,0.01,18,54217,买盘
09:58:08,30.13,0.0,58,174706,买盘
09:58:11,30.13,0.0,433,1304297,买盘
09:58:15,30.13,0.0,10,30124,买盘
09:58:17,30.13,0.0,73,219949,买盘
09:58:21,30.12,-0.01,114,343481,卖盘
09:58:24,30.14,0.02,69,207909,买盘
09:58:27,30.13,-0.01,9,27117,卖盘
09:58:29,30.14,0.01,558,1681812,买盘
09:58:32,30.15,0.01,301,906971,买盘
09:58:36,30.14,-0.01,115,346620,卖盘
09:58:39,30.14,0.0,54,162757,卖盘
09:58:42,30.14,0.0,165,497314,买盘
09:58:44,30.14,0.0,175,527634,卖盘
09:58:47,30.15,0.01,13,39195,中性盘
09:58:50,30.14,-0.01,849,2560228,卖盘
09:58:54,30.14,0.0,102,307427,买盘
09:58:57,30.16,0.02,101,304445,买盘
09:58:59,30.16,0.0,1,3016,买盘
09:59:03,30.14,-0.02,139,418994,卖盘
09:59:06,30.14,0.0,3,9044,卖盘
09:59:09,30.16,0.02,385,1161140,买盘
09:59:11,30.14,-0.02,242,729418,卖盘
09:59:15,30.16,0.02,56,168786,买盘
09:59:18,30.16,0.0,676,2038534,买盘
09:59:21,30.15,-0.01,274,825768,卖盘
09:59:24,30.16,0.01,45,135685,买盘
09:59:27,30.15,-0.01,41,123615,卖盘
09:59:30,30.15,0.0,1,3015,卖盘
09:59:33,30.15,0.0,511,1540864,卖盘
09:59:36,30.15,0.0,83,250254,卖盘
09:59:39,30.16,0.01,1,3016,买盘
09:59:42,30.16,0.0,200,603200,买盘
09:59:45,30.16,0.0,104,313610,买盘
09:59:47,30.15,-0.01,131,395114,卖盘
09:59:51,30.15,0.0,341,1028189,卖盘
09:59:54,30.15,0.0,85,256275,买盘
09:59:57,30.15,0.0,217,654442,卖盘
10:00:00,30.15,0.0,25,75357,买盘
10:00:03,30.15,0.0,6,18090,买盘
10:00:06,30.14,-0.01,125,376758,卖盘
10:00:09,30.15,0.01,44,132659,买盘
10:00:12,30.14,-0.01,125,376753,卖盘
10:00:15,30.14,0.0,70,210964,买盘
10:00:18,30.13,-0.01,503,1515540,卖盘
10:00:20,30.14,0.01,50,150691,买盘
10:00:24,30.13,-0.01,127,382655,卖盘
10:00:27,30.15,0.02,238,717243,买盘
10:00:29,30.14,-0.01,55,165798,中性盘
10:00:32,30.13,-0.01,242,729214,卖盘
10:00:36,30.13,0.0,36,108467,买盘
10:00:39,30.13,0.0,63,189819,买盘
10:00:41,30.13,0.0,23,69299,买盘
10:00:44,30.12,-0.01,84,253049,卖盘
10:00:48,30.13,0.01,141,424741,买盘
10:00:51,30.12,-0.01,14,42181,卖盘
10:00:54,30.13,0.01,144,433743,买盘
10:00:57,30.12,-0.01,102,307226,卖盘
10:01:00,30.13,0.01,238,716982,买盘
10:01:03,30.13,0.0,115,346504,卖盘
10:01:06,30.13,0.0,4,12053,卖盘
10:01:09,30.14,0.01,99,298290,买盘
10:01:12,30.13,-0.01,285,858708,卖盘
10:01:15,30.13,0.0,39,117528,卖盘
10:01:18,30.13,0.0,68,204919,卖盘
10:01:21,30.12,-0.01,144,433879,卖盘
10:01:23,30.13,0.01,111,334443,买盘
10:01:27,30.13,0.0,94,283222,买盘
10:01:29,30.13,0.0,201,605618,买盘
10:01:32,30.13,0.0,364,1096714,卖盘
10:01:36,30.12,-0.01,221,665658,卖盘
10:01:38,30.13,0.01,274,825357,买盘
10:01:42,30.12,-0.01,125,376500,卖盘
10:01:44,30.12,0.0,111,334389,卖盘
10:01:48,30.12,0.0,103,310277,卖盘
10:01:51,30.12,0.0,514,1548978,卖盘
10:01:54,30.12,0.0,173,521076,卖盘
10:01:57,30.11,-0.01,37,111439,卖盘
10:02:00,30.11,0.0,15,45179,卖盘
10:02:03,30.12,0.01,38,114456,买盘
10:02:06,30.12,0.0,25,75290,买盘
10:02:08,30.11,-0.01,13,39155,卖盘
10:02:12,30.12,0.01,523,1574989,买盘
10:02:15,30.11,-0.01,122,367362,卖盘
10:02:17,30.11,0.0,190,572123,卖盘
10:02:21,30.12,0.01,67,201797,买盘
10:02:23,30.12,0.0,65,195775,买盘
10:02:27,30.12,0.0,53,159640,卖盘
10:02:29,30.12,0.0,10,30120,卖盘
10:02:33,30.11,-0.01,193,581182,卖盘
10:02:36,30.11,0.0,6,18066,卖盘
10:02:39,30.12,0.01,99,298175,买盘
10:02:42,30.12,0.0,73,219814,买盘
10:02:45,30.11,-0.01,48,144571,卖盘
10:02:47,30.12,0.01,54,162648,买盘
10:02:51,30.12,0.0,30,90356,买盘
10:02:54,30.12,0.0,775,2333907,买盘
10:02:57,30.12,0.0,52,156624,卖盘
10:02:59,30.12,0.0,130,391507,卖盘
10:03:03,30.11,-0.01,534,1608877,卖盘
10:03:06,30.12,0.01,25,75309,卖盘
10:03:08,30.12,0.0,334,1006219,卖盘
10:03:12,30.12,0.0,62,186744,买盘
10:03:15,30.12,0.0,33,99392,买盘
10:03:18,30.12,0.0,421,1268052,买盘
10:03:21,30.12,0.0,35,105448,卖盘
10:03:24,30.12,0.0,48,144576,卖盘
10:03:27,30.12,0.0,86,259031,买盘
10:03:29,30.12,0.0,20,60234,卖盘
10:03:33,30.12,0.0,18,54216,买盘
10:03:36,30.11,-0.01,70,210820,卖盘
10:03:39,30.12,0.01,30,90340,买盘
10:03:41,30.11,-0.01,111,334221,卖盘
10:03:45,30.12,0.01,83,249991,买盘
10:03:48,30.12,0.0,47,141560,买盘
10:03:51,30.11,-0.01,536,1614429,卖盘
10:03:54,30.12,0.01,6,18072,买盘
10:03:57,30.11,-0.01,127,382433,卖盘
10:04:00,30.12,0.01,12,36143,买盘
10:04:03,30.12,0.0,152,457727,买盘
10:04:05,30.11,-0.01,123,370363,卖盘
10:04:09,30.11,0.0,1049,3158391,卖盘
10:04:12,30.11,0.0,244,734895,卖盘
10:04:15,30.11,0.0,41,123451,买盘
10:04:18,30.1,-0.01,63,189688,卖盘
10:04:21,30.11,0.01,57,171620,买盘
10:04:24,30.1,-0.01,94,282950,卖盘
10:04:26,30.1,0.0,36,108362,卖盘
10:04:30,30.1,0.0,4,12040,卖盘
10:04:33,30.1,0.0,458,1378589,卖盘
10:04:36,30.1,0.0,113,340131,卖盘
10:04:38,30.1,0.0,41,120602,卖盘
10:04:42,30.1,0.0,86,261689,卖盘
10:04:45,30.1,0.0,52,156515,买盘
10:04:48,30.1,0.0,144,433331,买盘
10:04:50,30.1,0.0,111,334000,买盘
10:04:53,30.1,0.0,292,878636,买盘
10:04:57,30.09,-0.01,433,1302912,卖盘
10:04:59,30.09,0.0,15,45135,买盘
10:05:03,30.1,0.01,49,147459,买盘
10:05:06,30.09,-0.01,64,192605,卖盘
10:05:09,30.08,-0.01,97,291780,卖盘
10:05:12,30.08,0.0,171,514378,卖盘
10:05:15,30.08,0.0,39,117312,买盘
10:05:18,30.08,0.0,69,207552,买盘
10:05:21,30.08,0.0,9,27071,买盘
10:05:24,30.07,-0.01,123,369875,卖盘
10:05:27,30.08,0.01,20,60150,买盘
10:05:30,30.07,-0.01,213,640497,卖盘
10:05:33,30.07,0.0,34,102237,买盘
10:05:36,30.07,0.0,1,3007,买盘
10:05:39,30.07,0.0,34,102232,买盘
10:05:42,30.06,-0.01,87,261582,卖盘
10:05:45,30.07,0.01,66,198425,买盘
10:05:47,30.06,-0.01,114,342723,卖盘
10:05:51,30.07,0.01,55,165342,买盘
10:05:53,30.07,0.0,291,874752,买盘
10:05:57,30.06,-0.01,5,15030,卖盘
10:05:59,30.07,0.01,51,153343,买盘
10:06:03,30.06,-0.01,416,1250498,卖盘
10:06:06,30.06,0.0,190,571152,卖盘
10:06:09,30.06,0.0,45,135272,卖盘
10:06:12,30.06,0.0,114,342711,卖盘
10:06:15,30.06,0.0,50,150300,买盘
10:06:18,30.06,0.0,50,150300,买盘
10:06:20,30.06,0.0,99,297517,买盘
10:06:24,30.05,-0.01,129,387713,卖盘
10:06:27,30.06,0.01,85,255466,买盘
10:06:30,30.05,-0.01,38,114216,卖盘
10:06:33,30.06,0.01,317,952597,买盘
10:06:36,30.06,0.0,53,159283,买盘
10:06:39,30.06,0.0,50,150292,买盘
10:06:42,30.05,-0.01,110,330551,卖盘
10:06:45,30.06,0.01,151,453869,买盘
10:06:48,30.05,-0.01,160,480854,卖盘
10:06:50,30.05,0.0,40,120200,买盘
10:06:56,30.05,0.0,21,63105,买盘
10:07:00,30.05,0.0,4,12020,买盘
10:07:03,30.05,0.0,50,150230,买盘
10:07:05,30.04,-0.01,45,135219,卖盘
10:07:09,30.05,0.01,31,93155,买盘
10:07:12,30.05,0.0,323,970333,买盘
10:07:15,30.05,0.0,290,871354,买盘
10:07:18,30.04,-0.01,75,225346,卖盘
10:07:21,30.05,0.01,93,278273,卖盘
10:07:24,30.06,0.01,201,604047,买盘
10:07:29,30.07,0.01,337,1014475,买盘
10:07:32,30.06,-0.01,212,637226,卖盘
10:07:36,30.06,0.0,149,447889,买盘
10:07:39,30.05,-0.01,271,814516,卖盘
10:07:41,30.05,0.0,48,144240,买盘
10:07:45,30.06,0.01,93,279480,买盘
10:07:47,30.05,-0.01,121,363660,卖盘
10:07:50,30.05,0.0,17,51089,买盘
10:07:53,30.04,-0.01,259,778088,卖盘
10:07:56,30.05,0.01,168,504771,买盘
10:08:00,30.03,-0.02,215,645812,卖盘
10:08:03,30.03,0.0,30,90152,卖盘
10:08:06,30.05,0.02,37,111225,卖盘
10:08:09,30.08,0.03,13,39074,买盘
10:08:12,30.06,-0.02,4,12024,卖盘
10:08:14,30.06,0.0,152,456859,卖盘
10:08:18,30.06,0.0,283,850598,买盘
10:08:21,30.05,-0.01,109,327598,卖盘
10:08:24,30.05,0.0,17,51096,买盘
10:08:27,30.05,0.0,44,132254,卖盘
10:08:29,30.08,0.03,85,255625,买盘
10:08:33,30.08,0.0,238,715312,买盘
10:08:36,30.09,0.01,25,75205,买盘
10:08:39,30.09,0.0,2016,6054291,买盘
10:08:41,30.06,-0.03,36,108216,中性盘
10:08:45,30.06,0.0,29,87179,买盘
10:08:47,30.05,-0.01,155,465769,卖盘
10:08:51,30.04,-0.01,38,114176,卖盘
10:08:54,30.04,0.0,62,186248,买盘
10:08:57,30.04,0.0,56,168221,买盘
10:09:00,30.04,0.0,15,45058,买盘
10:09:03,30.03,-0.01,567,1702709,卖盘
10:09:06,30.03,0.0,66,198193,买盘
10:09:09,30.03,0.0,137,411411,买盘
10:09:12,30.04,0.01,48,144162,买盘
10:09:15,30.02,-0.02,284,852579,卖盘
10:09:18,30.03,0.01,51,153183,卖盘
10:09:21,30.04,0.01,112,336349,买盘
10:09:24,30.04,0.0,1,3004,卖盘
10:09:26,30.04,0.0,107,321428,买盘
10:09:29,30.04,0.0,1562,4688090,卖盘
10:09:32,30.04,0.0,47,141201,买盘
10:09:35,30.03,-0.01,168,504666,卖盘
10:09:39,30.03,0.0,2530,7590988,卖盘
10:09:41,30.02,-0.01,64,192156,卖盘
10:09:48,30.04,0.02,162,486529,买盘
10:09:51,30.04,0.0,9,27031,买盘
10:09:54,30.03,-0.01,233,699727,卖盘
10:09:56,30.03,0.0,206,618618,买盘
10:10:00,30.03,0.0,95,285210,买盘
10:10:03,30.02,-0.01,129,387335,卖盘
10:10:06,30.02,0.0,43,129089,卖盘
10:10:09,30.02,0.0,25,75051,卖盘
10:10:12,30.03,0.01,10,30028,买盘
10:10:14,30.02,-0.01,302,906333,卖盘
10:10:18,30.03,0.01,43,129126,买盘
10:10:20,30.02,-0.01,213,639525,卖盘
10:10:24,30.05,0.03,907,2723968,买盘
10:10:26,30.04,-0.01,37,111184,卖盘
10:10:30,30.06,0.02,16,48091,买盘
10:10:33,30.07,0.01,481,1445538,买盘
10:10:36,30.06,-0.01,61,183371,中性盘
10:10:39,30.05,-0.01,11,30672,卖盘
10:10:41,30.09,0.04,36,108293,买盘
10:10:45,30.09,0.0,77,231654,买盘
10:10:48,30.09,0.0,15,45135,买盘
10:10:50,30.09,0.0,14,42126,卖盘
10:10:53,30.08,-0.01,267,803280,卖盘
10:10:56,30.09,0.01,1033,3102535,买盘
10:11:00,30.0,-0.09,1009,3027735,卖盘
10:11:03,30.08,0.08,95,285774,中性盘
10:11:06,30.0,-0.08,2444,7333860,卖盘
10:11:09,30.01,0.01,69,207056,买盘
10:11:12,30.01,0.0,46,138160,卖盘
10:11:15,30.01,0.0,403,1209609,卖盘
10:11:17,30.03,0.02,6,18023,中性盘
10:11:21,30.0,-0.03,396,1188372,卖盘
10:11:23,30.01,0.01,59,177194,中性盘
10:11:27,30.04,0.03,164,492179,买盘
10:11:33,30.02,-0.02,43,129121,卖盘
10:11:36,30.02,0.0,763,2289754,买盘
10:11:39,30.01,-0.01,149,447099,中性盘
10:11:41,30.01,0.0,38,114034,买盘
10:11:44,30.01,0.0,72,216066,买盘
10:11:48,30.01,0.0,689,2067679,买盘
10:11:51,30.02,0.01,2,6004,买盘
10:11:53,30.02,0.0,410,1230533,买盘
10:11:57,30.01,-0.01,78,234106,卖盘
10:12:00,30.02,0.01,85,255170,买盘
10:12:02,30.02,0.0,88,264178,卖盘
10:12:06,30.02,0.0,140,420361,卖盘
10:12:09,30.02,0.0,21,63058,卖盘
10:12:12,30.02,0.0,178,534309,卖盘
10:12:15,30.02,0.0,113,339226,买盘
10:12:18,30.02,0.0,273,819546,买盘
10:12:21,30.02,0.0,176,528352,卖盘
10:12:24,30.02,0.0,17,51045,卖盘
10:12:26,30.03,0.01,12,36036,买盘
10:12:30,30.03,0.0,3,9009,买盘
10:12:33,30.03,0.0,340,1020719,买盘
10:12:36,30.03,0.0,1053,3163772,买盘
10:12:39,30.03,0.0,51,153153,卖盘
10:12:42,30.03,0.0,73,219269,卖盘
10:12:44,30.03,0.0,443,1330899,卖盘
10:12:48,30.06,0.03,89,267353,买盘
10:12:50,30.02,-0.04,175,525515,卖盘
10:12:54,30.05,0.03,1,3005,中性盘
10:12:57,30.06,0.01,111,333597,买盘
10:13:00,30.06,0.0,120,360720,买盘
10:13:03,30.06,0.0,38,114225,买盘
10:13:06,30.05,-0.01,62,186333,卖盘
10:13:09,30.06,0.01,105,315620,买盘
10:13:11,30.06,0.0,35,105210,买盘
10:13:15,30.07,0.01,309,928727,买盘
10:13:17,30.06,-0.01,154,462865,中性盘
10:13:21,30.06,0.0,17,51099,买盘
10:13:24,30.05,-0.01,10,30053,卖盘
10:13:27,30.05,0.0,12,36060,买盘
10:13:30,30.05,0.0,124,372620,买盘
10:13:33,30.05,0.0,63,189315,买盘
10:13:35,30.04,-0.01,289,868240,卖盘
10:13:39,30.05,0.01,15,45066,买盘
10:13:42,30.05,0.0,17,51083,买盘
10:13:44,30.04,-0.01,44,132208,卖盘
10:13:48,30.06,0.02,53,159298,买盘
10:13:51,30.04,-0.02,53,159251,卖盘
10:13:54,30.05,0.01,9,27045,买盘
10:13:57,30.05,0.0,15,45075,买盘
10:14:00,30.05,0.0,374,1123757,买盘
10:14:03,30.04,-0.01,67,199904,卖盘
10:14:05,30.04,0.0,101,303459,卖盘
10:14:08,30.05,0.01,10,30050,买盘
10:14:12,30.05,0.0,30,90150,买盘
10:14:14,30.04,-0.01,382,1147667,卖盘
10:14:17,30.05,0.01,63,189323,买盘
10:14:21,30.06,0.01,33,99195,买盘
10:14:23,30.06,0.0,26,78154,买盘
10:14:27,30.05,-0.01,5,15025,卖盘
10:14:30,30.06,0.01,37,111210,买盘
10:14:33,30.05,-0.01,222,667110,卖盘
10:14:36,30.05,0.0,97,291475,买盘
10:14:39,30.04,-0.01,81,243357,卖盘
10:14:41,30.04,0.0,178,534739,卖盘
10:14:45,30.04,0.0,14,42064,卖盘
10:14:48,30.05,0.01,62,186310,买盘
10:14:51,30.05,0.0,221,664082,买盘
10:14:54,30.04,-0.01,354,1063619,卖盘
10:14:56,30.04,0.0,17,51068,买盘
10:15:00,30.04,0.0,63,189252,买盘
10:15:03,30.03,-0.01,13,39045,卖盘
10:15:06,30.03,0.0,168,504613,卖盘
10:15:09,30.03,0.0,5,15017,卖盘
10:15:12,30.04,0.01,10,30040,买盘
10:15:15,30.02,-0.02,183,549544,卖盘
10:15:18,30.02,0.0,57,171170,卖盘
10:15:20,30.03,0.01,25,75074,买盘
10:15:23,30.03,0.0,10,30029,买盘
10:15:27,30.02,-0.01,191,573390,卖盘
10:15:30,30.03,0.01,40,120098,买盘
10:15:33,30.03,0.0,111,333249,买盘
10:15:36,30.01,-0.02,1396,4189747,卖盘
10:15:39,30.01,0.0,52,156049,买盘
10:15:41,30.01,0.0,170,510170,买盘
10:15:44,30.0,-0.01,104,312042,卖盘
10:15:48,30.0,0.0,170,510133,卖盘
10:15:51,30.01,0.01,156,468092,买盘
10:15:54,30.0,-0.01,444,1332050,卖盘
10:15:57,30.0,0.0,76,228019,卖盘
10:16:00,30.01,0.01,41,123007,卖盘
10:16:03,30.01,0.0,33,99034,卖盘
10:16:05,30.01,0.0,89,267084,买盘
10:16:09,30.01,0.0,48,144049,卖盘
10:16:12,30.01,0.0,31,93031,卖盘
10:16:15,30.01,0.0,378,1134379,卖盘
10:16:17,30.02,0.01,117,351158,买盘
10:16:21,30.01,-0.01,26,78026,卖盘
10:16:24,30.02,0.01,95,285142,买盘
10:16:27,30.02,0.0,88,264171,买盘
10:16:29,30.02,0.0,18,54037,买盘
10:16:33,30.02,0.0,37,111074,卖盘
10:16:35,30.03,0.01,326,978433,买盘
10:16:38,30.03,0.0,27,81069,买盘
10:16:42,30.03,0.0,5,15015,买盘
10:16:45,30.02,-0.01,86,258172,卖盘
10:16:47,30.02,0.0,133,399325,买盘
10:16:51,30.03,0.01,25,75066,买盘
10:16:54,30.03,0.0,259,777740,买盘
10:16:57,30.02,-0.01,541,1623797,卖盘
10:17:00,30.03,0.01,56,168140,买盘
10:17:02,30.04,0.01,10,30037,买盘
10:17:06,30.03,-0.01,49,147158,卖盘
10:17:08,30.04,0.01,40,120160,买盘
10:17:12,30.04,0.0,105,315339,买盘
10:17:15,30.03,-0.01,95,285309,卖盘
10:17:18,30.03,0.0,172,516414,买盘
10:17:21,30.02,-0.01,20,60059,卖盘
10:17:24,30.03,0.01,180,540540,买盘
10:17:27,30.04,0.01,20,60074,买盘
10:17:30,30.04,0.0,70,210277,买盘
10:17:32,30.04,0.0,231,695400,买盘
10:17:36,30.02,-0.02,53,157415,卖盘
10:17:39,30.03,0.01,318,954918,买盘
10:17:42,30.04,0.01,171,515094,买盘
10:17:45,30.03,-0.01,87,261314,卖盘
10:17:48,30.05,0.02,115,345430,买盘
10:17:51,30.05,0.0,22,66099,买盘
10:17:53,30.04,-0.01,89,267360,卖盘
10:17:57,30.04,0.0,82,246328,买盘
10:18:00,30.03,-0.01,27,81098,卖盘
10:18:02,30.04,0.01,154,462616,买盘
10:18:06,30.03,-0.01,68,204264,卖盘
10:18:09,30.05,0.02,44,132216,买盘
10:18:12,30.05,0.0,47,141235,买盘
10:18:14,30.04,-0.01,1598,4800084,卖盘
10:18:17,30.04,0.0,51,153244,卖盘
10:18:21,30.05,0.01,10,30050,卖盘
10:18:24,30.06,0.01,1,3006,卖盘
10:18:27,30.05,-0.01,189,567864,卖盘
10:18:29,30.08,0.03,75,225566,买盘
10:18:33,30.08,0.0,18,54144,买盘
10:18:36,30.07,-0.01,327,982756,卖盘
10:18:39,30.08,0.01,3,9024,买盘
10:18:42,30.08,0.0,53,159422,买盘
10:18:44,30.07,-0.01,3,9023,卖盘
10:18:47,30.08,0.01,102,306806,买盘
10:18:51,30.09,0.01,69,207553,买盘
10:18:54,30.08,-0.01,302,908133,卖盘
10:18:57,30.08,0.0,82,246579,买盘
10:19:00,30.07,-0.01,70,210544,卖盘
10:19:03,30.07,0.0,80,240575,卖盘
10:19:06,30.08,0.01,50,150373,买盘
10:19:09,30.08,0.0,5,15040,卖盘
10:19:12,30.08,0.0,19,57161,卖盘
10:19:15,30.08,0.0,159,478281,卖盘
10:19:18,30.08,0.0,93,279744,买盘
10:19:21,30.09,0.01,64,192527,买盘
10:19:24,30.08,-0.01,48,144400,卖盘
10:19:27,30.08,0.0,21,63178,卖盘
10:19:30,30.09,0.01,19,57171,买盘
10:19:32,30.09,0.0,261,785258,买盘
10:19:36,30.07,-0.02,247,742966,卖盘
10:19:39,30.08,0.01,64,192512,买盘
10:19:42,30.09,0.01,89,267713,买盘
10:19:45,30.08,-0.01,146,439219,中性盘
10:19:47,30.09,0.01,74,222666,买盘
10:19:50,30.09,0.0,42,126359,卖盘
10:19:54,30.09,0.0,209,629058,买盘
10:19:57,30.09,0.0,138,415237,卖盘
10:20:00,30.09,0.0,162,487439,买盘
10:20:03,30.09,0.0,98,294882,买盘
10:20:06,30.08,-0.01,1032,3103796,卖盘
10:20:08,30.09,0.01,135,406213,买盘
10:20:11,30.11,0.02,67,201650,买盘
10:20:15,30.08,-0.03,247,743002,卖盘
10:20:18,30.08,0.0,74,222592,买盘
10:20:21,30.08,0.0,17,51136,买盘
10:20:24,30.07,-0.01,6,18046,卖盘
10:20:27,30.07,0.0,81,243625,卖盘
10:20:30,30.08,0.01,11,33087,买盘
10:20:33,30.07,-0.01,31,93237,卖盘
10:20:36,30.07,0.0,68,204467,卖盘
10:20:39,30.07,0.0,29,87203,买盘
10:20:42,30.07,0.0,67,201469,买盘
10:20:45,30.07,0.0,11,33077,买盘
10:20:48,30.06,-0.01,117,351655,中性盘
10:20:51,30.06,0.0,47,141325,卖盘
10:20:54,30.07,0.01,27,81183,买盘
10:20:57,30.06,-0.01,117,351697,卖盘
10:21:00,30.06,0.0,86,258500,买盘
10:21:03,30.06,0.0,33,99198,买盘
10:21:06,30.05,-0.01,637,1914207,卖盘
10:21:08,30.05,0.0,202,607010,买盘
10:21:12,30.05,0.0,27,81135,买盘
10:21:15,30.05,0.0,329,988363,买盘
10:21:18,30.06,0.01,69,207378,买盘
10:21:21,30.06,0.0,106,318582,买盘
10:21:24,30.06,0.0,88,264452,买盘
10:21:27,30.06,0.0,37,111215,买盘
10:21:29,30.06,0.0,8,24052,卖盘
10:21:32,30.05,-0.01,24,72126,卖盘
10:21:36,30.05,0.0,68,204396,卖盘
10:21:39,30.05,0.0,23,69131,卖盘
10:21:42,30.05,0.0,35,105180,卖盘
10:21:44,30.06,0.01,17,51091,买盘
10:21:48,30.05,-0.01,156,468864,卖盘
10:21:50,30.05,0.0,42,126226,卖盘
10:21:53,30.06,0.01,23,69138,买盘
10:21:57,30.05,-0.01,494,1484684,卖盘
10:22:00,30.06,0.01,93,279586,卖盘
10:22:03,30.08,0.02,867,2605990,买盘
10:22:05,30.06,-0.02,88,264454,卖盘
10:22:09,30.06,0.0,91,273546,买盘
10:22:12,30.08,0.02,137,411876,买盘
10:22:15,30.05,-0.03,349,1048892,卖盘
10:22:18,30.1,0.05,350,1052398,买盘
10:22:21,30.11,0.01,72,216736,买盘
10:22:24,30.1,-0.01,120,361295,卖盘
10:22:27,30.11,0.01,139,418407,中性盘
10:22:30,30.11,0.0,5,15054,买盘
10:22:33,30.11,0.0,167,502759,卖盘
10:22:36,30.1,-0.01,180,541892,卖盘
10:22:38,30.08,-0.02,58,174490,卖盘
10:22:41,30.1,0.02,22,66216,买盘
10:22:45,30.09,-0.01,12,36111,卖盘
10:22:48,30.1,0.01,549,1654459,买盘
10:22:51,30.12,0.02,62,186921,买盘
10:22:54,30.12,0.0,25,75123,卖盘
10:22:58,30.12,0.0,77,231924,买盘
10:23:00,30.12,0.0,83,249905,买盘
10:23:04,30.11,-0.01,35,105413,卖盘
10:23:06,30.11,0.0,39,117441,卖盘
10:23:09,30.12,0.01,23,69276,买盘
10:23:12,30.12,0.0,60,180720,买盘
10:23:14,30.11,-0.01,136,409503,卖盘
10:23:18,30.11,0.0,268,806981,买盘
10:23:20,30.11,0.0,11,33126,卖盘
10:23:23,30.11,0.0,8,24088,卖盘
10:23:28,30.12,0.01,38,114432,买盘
10:23:30,30.11,-0.01,233,701563,卖盘
10:23:32,30.11,0.0,29,87339,卖盘
10:23:36,30.11,0.0,502,1511996,卖盘
10:23:38,30.12,0.01,234,704596,买盘
10:23:42,30.12,0.0,36,108408,买盘
10:23:45,30.12,0.0,80,240923,买盘
10:23:48,30.1,-0.02,883,2657950,卖盘
10:23:51,30.1,0.0,95,285950,买盘
10:23:54,30.1,0.0,13,39121,买盘
10:23:57,30.09,-0.01,191,574720,卖盘
10:23:59,30.09,0.0,22,66198,买盘
10:24:03,30.08,-0.01,45,135384,卖盘
10:24:05,30.08,0.0,439,1321306,卖盘
10:24:09,30.09,0.01,5,15045,买盘
10:24:12,30.08,-0.01,46,138378,卖盘
10:24:15,30.08,0.0,388,1167112,卖盘
10:24:18,30.09,0.01,463,1392721,买盘
10:24:20,30.08,-0.01,64,192517,中性盘
10:24:23,30.08,0.0,117,351929,买盘
10:24:27,30.08,0.0,6,18048,买盘
10:24:30,30.09,0.01,49,147433,买盘
10:24:33,30.1,0.01,54,162478,买盘
10:24:36,30.09,-0.01,403,1212345,卖盘
10:24:39,30.1,0.01,51,153473,买盘
10:24:42,30.1,0.0,47,141449,买盘
10:24:45,30.09,-0.01,72,216751,卖盘
10:24:48,30.11,0.02,8,24087,买盘
10:24:50,30.11,0.0,11,33120,买盘
10:24:54,30.11,0.0,85,255873,买盘
10:24:57,30.09,-0.02,244,734428,卖盘
10:25:00,30.09,0.0,78,234704,卖盘
10:25:02,30.1,0.01,259,779556,买盘
10:25:05,30.1,0.0,6,18060,卖盘
10:25:08,30.11,0.01,3,9033,买盘
10:25:12,30.09,-0.02,344,1035444,卖盘
10:25:15,30.1,0.01,46,138460,买盘
10:25:18,30.1,0.0,540,1625297,买盘
10:25:20,30.09,-0.01,328,986959,卖盘
10:25:24,30.09,0.0,69,207680,卖盘
10:25:27,30.09,0.0,17,51168,卖盘
10:25:30,30.09,0.0,39,117353,卖盘
10:25:33,30.09,0.0,17,51153,卖盘
10:25:36,30.08,-0.01,476,1431531,卖盘
10:25:39,30.09,0.01,103,310012,中性盘
10:25:41,30.08,-0.01,27,81227,卖盘
10:25:45,30.08,0.0,220,662404,卖盘
10:25:47,30.09,0.01,100,300870,买盘
10:25:50,30.07,-0.02,103,309729,卖盘
10:25:53,30.07,0.0,187,561450,卖盘
10:25:57,30.08,0.01,38,114288,买盘
10:25:59,30.08,0.0,36,108265,买盘
10:26:02,30.07,-0.01,111,333819,卖盘
10:26:06,30.08,0.01,62,186486,买盘
10:26:09,30.08,0.0,33,99264,卖盘
10:26:12,30.07,-0.01,191,574438,卖盘
10:26:15,30.08,0.01,18,54145,中性盘
10:26:18,30.08,0.0,1,3008,卖盘
10:26:21,30.08,0.0,103,309824,卖盘
10:26:24,30.08,0.0,37,111326,卖盘
10:26:27,30.09,0.01,152,457356,买盘
10:26:30,30.08,-0.01,87,261776,卖盘
10:26:32,30.1,0.02,58,174500,买盘
10:26:36,30.09,-0.01,1033,3109322,中性盘
10:26:39,30.1,0.01,82,246751,买盘
10:26:42,30.09,-0.01,24,72208,卖盘
10:26:45,30.09,0.0,83,249757,卖盘
10:26:48,30.09,0.0,184,553688,买盘
10:26:50,30.09,0.0,80,242073,卖盘
10:26:54,30.09,0.0,36,108312,卖盘
10:26:57,30.09,0.0,10,30095,买盘
10:26:59,30.09,0.0,5,15045,买盘
10:27:03,30.09,0.0,99,297881,买盘
10:27:06,30.08,-0.01,30,90256,卖盘
10:27:09,30.08,0.0,12,36105,卖盘
10:27:12,30.09,0.01,3,9027,买盘
10:27:15,30.08,-0.01,67,201568,卖盘
10:27:18,30.09,0.01,72,216631,买盘
10:27:21,30.08,-0.01,24,72195,卖盘
10:27:24,30.08,0.0,20,60169,卖盘
10:27:27,30.08,0.0,29,87232,卖盘
10:27:30,30.08,0.0,31,93269,卖盘
10:27:33,30.08,0.0,9,27072,卖盘
10:27:35,30.08,0.0,28,84224,卖盘
10:27:39,30.08,0.0,15,45120,卖盘
10:27:41,30.08,0.0,9,27080,卖盘
10:27:44,30.08,0.0,85,255743,卖盘
10:27:48,30.09,0.01,147,442230,买盘
10:27:51,30.09,0.0,40,120354,买盘
10:27:54,30.08,-0.01,22,66189,卖盘
10:27:57,30.09,0.01,298,896682,买盘
10:28:00,30.09,0.0,25,75225,卖盘
10:28:03,30.1,0.01,77,231702,买盘
10:28:06,30.09,-0.01,68,204612,卖盘
10:28:09,30.11,0.02,2263,6810762,买盘
10:28:12,30.12,0.01,144,433608,买盘
10:28:14,30.12,0.0,78,234927,买盘
10:28:17,30.12,0.0,73,219871,买盘
10:28:21,30.12,0.0,197,593264,买盘
10:28:24,30.11,-0.01,141,424685,卖盘
10:28:27,30.12,0.01,186,560220,买盘
10:28:30,30.12,0.0,285,858497,买盘
10:28:33,30.12,0.0,24,72288,卖盘
10:28:36,30.12,0.0,63,189799,卖盘
10:28:39,30.13,0.01,62,186806,买盘
10:28:43,30.12,-0.01,36,108459,卖盘
10:28:45,30.13,0.01,81,244046,买盘
10:28:48,30.13,0.0,69,207895,买盘
10:28:51,30.13,0.0,255,768493,买盘
10:28:53,30.13,0.0,47,141615,卖盘
10:28:57,30.14,0.01,102,307427,买盘
10:29:00,30.14,0.0,255,768370,买盘
10:29:03,30.13,-0.01,334,1006366,卖盘
10:29:06,30.13,0.0,24,72322,买盘
10:29:09,30.14,0.01,54,162736,买盘
10:29:12,30.13,-0.01,4,12054,卖盘
10:29:14,30.13,0.0,207,623518,卖盘
10:29:18,30.14,0.01,204,614987,买盘
10:29:20,30.14,0.0,5,15070,买盘
10:29:23,30.13,-0.01,69,207721,卖盘
10:29:27,30.13,0.0,27,81351,买盘
10:29:30,30.13,0.0,30,90390,买盘
10:29:33,30.13,0.0,335,1009053,买盘
10:29:36,30.12,-0.01,89,268075,卖盘
10:29:39,30.12,0.0,147,442763,买盘
10:29:42,30.12,0.0,126,379512,买盘
10:29:45,30.12,0.0,17,51197,买盘
10:29:48,30.11,-0.01,45,135533,卖盘
10:29:50,30.12,0.01,927,2792124,买盘
10:29:54,30.12,0.0,59,177724,卖盘
10:29:57,30.13,0.01,30,90390,买盘
10:30:00,30.13,0.0,61,183769,买盘
10:30:03,30.13,0.0,135,406738,买盘
10:30:06,30.12,-0.01,15,45180,卖盘
10:30:08,30.13,0.01,356,1072809,买盘
10:30:12,30.13,0.0,11,33143,卖盘
10:30:15,30.15,0.02,1044,3147482,买盘
10:30:18,30.14,-0.01,16,48222,中性盘
10:30:21,30.15,0.01,45,135659,买盘
10:30:24,30.17,0.02,545,1643212,买盘
10:30:28,30.16,-0.01,5,15080,卖盘
10:30:30,30.17,0.01,35,105595,买盘
10:30:33,30.18,0.01,80,241399,买盘
10:30:36,30.18,0.0,73,220255,买盘
10:30:39,30.17,-0.01,10,30173,卖盘
10:30:43,30.17,0.0,71,214277,卖盘
10:30:45,30.18,0.01,82,247432,买盘
10:30:48,30.18,0.0,117,353074,买盘
10:30:51,30.18,0.0,97,292784,买盘
10:30:54,30.18,0.0,74,223334,卖盘
10:30:57,30.18,0.0,41,123437,卖盘
10:31:00,30.19,0.01,95,286801,买盘
10:31:03,30.19,0.0,11,33208,买盘
10:31:06,30.19,0.0,88,265605,买盘
10:31:09,30.19,0.0,143,431621,买盘
10:31:13,30.19,0.0,98,295825,买盘
10:31:15,30.19,0.0,91,274735,买盘
10:31:18,30.19,0.0,30,90570,卖盘
10:31:21,30.2,0.01,87,262662,买盘
10:31:24,30.19,-0.01,42,126798,卖盘
10:31:27,30.19,0.0,16,48304,买盘
10:31:30,30.19,0.0,56,169063,买盘
10:31:33,30.18,-0.01,29,87546,卖盘
10:31:36,30.18,0.0,27,81490,卖盘
10:31:39,30.19,0.01,36,108655,买盘
10:31:43,30.19,0.0,38,114712,买盘
10:31:44,30.19,0.0,43,129803,买盘
10:31:48,30.19,0.0,41,123781,中性盘
10:31:50,30.2,0.01,47,141926,买盘
10:31:54,30.19,-0.01,84,253639,卖盘
10:31:57,30.2,0.01,10,30193,买盘
10:32:00,30.19,-0.01,17,51323,卖盘
10:32:03,30.19,0.0,8,24152,卖盘
10:32:06,30.19,0.0,458,1383127,卖盘
10:32:09,30.19,0.0,60,181144,卖盘
10:32:13,30.2,0.01,126,380434,买盘
10:32:14,30.19,-0.01,139,419748,卖盘
10:32:18,30.19,0.0,44,132872,卖盘
10:32:21,30.2,0.01,79,238576,买盘
10:32:24,30.19,-0.01,51,154000,卖盘
10:32:28,30.2,0.01,38,114746,买盘
10:32:30,30.2,0.0,194,585863,买盘
10:32:33,30.2,0.0,8,24155,买盘
10:32:35,30.19,-0.01,139,419776,卖盘
10:32:39,30.2,0.01,26,78519,买盘
10:32:43,30.2,0.0,44,132877,买盘
10:32:45,30.19,-0.01,36,108696,卖盘
10:32:48,30.19,0.0,210,634044,卖盘
10:32:51,30.2,0.01,33,99659,买盘
10:32:54,30.2,0.0,84,253676,买盘
10:32:57,30.2,0.0,8,24155,买盘
10:33:00,30.2,0.0,63,190260,买盘
10:33:03,30.19,-0.01,378,1141223,卖盘
10:33:06,30.19,0.0,69,208316,卖盘
10:33:09,30.2,0.01,28,84552,买盘
10:33:13,30.19,-0.01,4,12076,卖盘
10:33:15,30.19,0.0,15,45295,卖盘
10:33:17,30.2,0.01,43,129850,买盘
10:33:21,30.2,0.0,37,111713,买盘
10:33:24,30.19,-0.01,10,30190,卖盘
10:33:26,30.19,0.0,16,48304,卖盘
10:33:29,30.2,0.01,16,48312,买盘
10:33:33,30.19,-0.01,103,310985,卖盘
10:33:36,30.19,0.0,120,362280,卖盘
10:33:39,30.19,0.0,110,332057,卖盘
10:33:42,30.19,0.0,27,81504,买盘
10:33:45,30.18,-0.01,22,66407,卖盘
10:33:48,30.18,0.0,108,325976,卖盘
10:33:51,30.19,0.01,80,241526,买盘
10:33:54,30.19,0.0,128,386312,买盘
10:33:57,30.18,-0.01,92,279418,卖盘
10:34:00,30.19,0.01,7,21130,买盘
10:34:03,30.18,-0.01,128,384559,卖盘
10:34:06,30.18,0.0,39,117697,买盘
10:34:09,30.19,0.01,38,116446,买盘
10:34:12,30.17,-0.02,112,337998,卖盘
10:34:15,30.17,0.0,141,425434,卖盘
10:34:18,30.17,0.0,66,199171,卖盘
10:34:21,30.17,0.0,39,117673,卖盘
10:34:23,30.17,0.0,11,33189,卖盘
10:34:28,30.18,0.01,18,54315,买盘
10:34:30,30.17,-0.01,5,15086,卖盘
10:34:33,30.17,0.0,36,108612,卖盘
10:34:36,30.17,0.0,15,45255,卖盘
10:34:39,30.17,0.0,61,184047,卖盘
10:34:42,30.18,0.01,65,196170,买盘
10:34:45,30.18,0.0,240,724498,买盘
10:34:48,30.19,0.01,73,220341,买盘
10:34:51,30.19,0.0,48,144912,卖盘
10:34:54,30.19,0.0,30,90570,卖盘
10:34:58,30.2,0.01,126,380465,买盘
10:35:00,30.2,0.0,42,126827,买盘
10:35:03,30.2,0.0,2,6039,买盘
10:35:06,30.19,-0.01,55,166086,卖盘
10:35:09,30.2,0.01,3,9060,买盘
10:35:12,30.2,0.0,113,341258,买盘
10:35:15,30.19,-0.01,11,33209,卖盘
10:35:18,30.2,0.01,40,120799,买盘
10:35:21,30.19,-0.01,392,1183792,卖盘
10:35:24,30.2,0.01,61,184200,中性盘
10:35:28,30.21,0.01,165,498403,买盘
10:35:29,30.2,-0.01,83,250603,中性盘
10:35:33,30.21,0.01,26,78529,买盘
10:35:36,30.2,-0.01,13,39261,卖盘
10:35:39,30.2,0.0,67,202340,卖盘
10:35:43,30.2,0.0,43,129891,中性盘
10:35:45,30.19,-0.01,31,93612,卖盘
10:35:48,30.21,0.02,87,262767,买盘
10:35:51,30.21,0.0,7,21141,买盘
10:35:54,30.2,-0.01,374,1129781,卖盘
10:35:57,30.2,0.0,16,48329,卖盘
10:35:59,30.2,0.0,30,90620,卖盘
10:36:03,30.21,0.01,298,900447,买盘
10:36:06,30.21,0.0,202,610402,卖盘
10:36:09,30.21,0.0,29,87611,卖盘
10:36:13,30.22,0.01,119,359612,买盘
10:36:15,30.21,-0.01,81,244715,卖盘
10:36:18,30.23,0.02,666,2012648,买盘
10:36:21,30.21,-0.02,73,220534,卖盘
10:36:24,30.23,0.02,20,60443,买盘
10:36:28,30.23,0.0,37,111836,买盘
10:36:30,30.23,0.0,16,48366,买盘
10:36:33,30.23,0.0,57,172314,买盘
10:36:36,30.23,0.0,101,305343,卖盘
10:36:39,30.24,0.01,33,99772,买盘
10:36:43,30.24,0.0,239,722523,买盘
10:36:45,30.23,-0.01,23,69544,卖盘
10:36:48,30.24,0.01,247,746945,买盘
10:36:51,30.24,0.0,54,163328,卖盘
10:36:54,30.25,0.01,12,36297,买盘
10:36:58,30.25,0.0,28,84675,买盘
10:37:00,30.25,0.0,8,24193,买盘
10:37:03,30.24,-0.01,139,420429,卖盘
10:37:06,30.24,0.0,27,81661,卖盘
10:37:09,30.25,0.01,442,1336999,买盘
10:37:12,30.25,0.0,113,341809,买盘
10:37:15,30.24,-0.01,106,320619,卖盘
10:37:18,30.25,0.01,184,556642,买盘
10:37:21,30.25,0.0,36,108902,卖盘
10:37:24,30.26,0.01,25,75636,买盘
10:37:28,30.25,-0.01,54,163365,卖盘
10:37:30,30.25,0.0,37,111926,卖盘
10:37:33,30.25,0.0,31,93796,卖盘
10:37:37,30.26,0.01,80,242046,买盘
10:37:39,30.26,0.0,116,351011,买盘
10:37:43,30.25,-0.01,220,665718,卖盘
10:37:45,30.26,0.01,100,302660,中性盘
10:37:48,30.27,0.01,11,33289,买盘
10:37:51,30.26,-0.01,103,311765,卖盘
10:37:54,30.27,0.01,62,187667,买盘
10:37:58,30.27,0.0,111,335988,买盘
10:38:00,30.27,0.0,29,87785,卖盘
10:38:03,30.26,-0.01,226,683902,卖盘
10:38:06,30.26,0.0,92,278515,买盘
10:38:09,30.27,0.01,96,290589,买盘
10:38:13,30.27,0.0,13,39351,买盘
10:38:15,30.26,-0.01,333,1008173,卖盘
10:38:18,30.28,0.02,140,423910,买盘
10:38:21,30.28,0.0,69,208881,买盘
10:38:24,30.27,-0.01,107,323970,卖盘
10:38:27,30.28,0.01,61,184663,买盘
10:38:30,30.27,-0.01,68,205882,中性盘
10:38:33,30.27,0.0,51,154371,买盘
10:38:36,30.27,0.0,47,142269,买盘
10:38:39,30.27,0.0,24,72650,卖盘
10:38:42,30.27,0.0,75,227063,卖盘
10:38:45,30.27,0.0,50,151362,卖盘
10:38:48,30.27,0.0,354,1071852,卖盘
10:38:51,30.28,0.01,170,514723,买盘
10:38:53,30.28,0.0,108,326951,买盘
10:38:57,30.28,0.0,22,66603,卖盘
10:39:01,30.28,0.0,35,105990,买盘
10:39:03,30.28,0.0,43,130187,买盘
10:39:06,30.27,-0.01,12,36324,卖盘
10:39:09,30.28,0.01,122,369425,买盘
10:39:12,30.27,-0.01,2,6054,卖盘
10:39:15,30.27,0.0,90,272438,卖盘
10:39:18,30.28,0.01,141,426850,买盘
10:39:21,30.28,0.0,270,817744,买盘
10:39:24,30.27,-0.01,5,15136,卖盘
10:39:28,30.28,0.01,120,363251,买盘
10:39:30,30.27,-0.01,46,139261,卖盘
10:39:33,30.28,0.01,168,508657,买盘
10:39:36,30.26,-0.02,25,75666,卖盘
10:39:39,30.27,0.01,125,378373,买盘
10:39:43,30.27,0.0,11,33296,买盘
10:39:46,30.27,0.0,59,178578,买盘
10:39:48,30.26,-0.01,150,453942,卖盘
10:39:51,30.26,0.0,208,629415,卖盘
10:39:54,30.26,0.0,246,744805,卖盘
10:39:58,30.27,0.01,102,308833,中性盘
10:40:01,30.26,-0.01,159,481190,卖盘
10:40:03,30.28,0.02,154,466157,买盘
10:40:06,30.25,-0.03,76,229954,卖盘
10:40:09,30.26,0.01,79,239103,中性盘
10:40:13,30.26,0.0,22,66570,买盘
10:40:16,30.25,-0.01,51,154276,卖盘
10:40:18,30.26,0.01,56,169432,买盘
10:40:21,30.25,-0.01,78,236026,卖盘
10:40:24,30.25,0.0,4,12101,卖盘
10:40:28,30.27,0.02,296,895824,买盘
10:40:30,30.27,0.0,48,145296,卖盘
10:40:33,30.27,0.0,161,487466,卖盘
10:40:36,30.26,-0.01,17,51452,中性盘
10:40:39,30.27,0.01,23,69616,买盘
10:40:43,30.27,0.0,22,66591,买盘
10:40:46,30.26,-0.01,11,33296,卖盘
10:40:48,30.27,0.01,44,133177,买盘
10:40:51,30.27,0.0,114,345041,买盘
10:40:54,30.26,-0.01,162,490312,卖盘
10:40:58,30.26,0.0,13,39338,卖盘
10:41:00,30.27,0.01,189,572098,买盘
10:41:03,30.27,0.0,39,118053,买盘
10:41:06,30.27,0.0,360,1090021,买盘
10:41:10,30.27,0.0,164,496355,卖盘
10:41:13,30.27,0.0,97,293674,买盘
10:41:15,30.27,0.0,118,357358,卖盘
10:41:18,30.28,0.01,40,121112,买盘
10:41:21,30.28,0.0,65,196868,卖盘
10:41:24,30.28,0.0,24,72672,卖盘
10:41:28,30.29,0.01,41,124180,买盘
10:41:30,30.29,0.0,82,248375,买盘
10:41:33,30.28,-0.01,493,1493087,卖盘
10:41:36,30.28,0.0,41,124175,卖盘
10:41:40,30.28,0.0,232,702724,中性盘
10:41:42,30.29,0.01,278,842073,买盘
10:41:46,30.29,0.0,7,21203,卖盘
10:41:48,30.3,0.01,276,835891,买盘
10:41:51,30.3,0.0,69,209066,买盘
10:41:55,30.3,0.0,244,739315,买盘
10:41:58,30.29,-0.01,7,21203,卖盘
10:42:00,30.29,0.0,52,157550,卖盘
10:42:03,30.31,0.02,1614,4890486,买盘
10:42:06,30.31,0.0,194,587983,买盘
10:42:10,30.32,0.01,28,84880,买盘
10:42:13,30.31,-0.01,14,42442,卖盘
10:42:16,30.31,0.0,116,351709,卖盘
10:42:18,30.32,0.01,72,218282,买盘
10:42:21,30.32,0.0,219,663958,买盘
10:42:24,30.32,0.0,85,257720,卖盘
10:42:28,30.33,0.01,22,66715,买盘
10:42:30,30.32,-0.01,47,142525,卖盘
10:42:33,30.33,0.01,180,545930,买盘
10:42:36,30.32,-0.01,290,879680,卖盘
10:42:39,30.35,0.03,146,442897,买盘
10:42:43,30.35,0.0,263,797912,买盘
10:42:45,30.35,0.0,100,303362,买盘
10:42:48,30.34,-0.01,73,221482,中性盘
10:42:51,30.35,0.01,52,157801,买盘
10:42:54,30.35,0.0,206,625021,买盘
10:42:58,30.34,-0.01,144,436928,卖盘
10:43:01,30.34,0.0,37,112277,卖盘
10:43:04,30.34,0.0,360,1092546,卖盘
10:43:06,30.35,0.01,52,157801,买盘
10:43:09,30.34,-0.01,101,306494,卖盘
10:43:13,30.33,-0.01,339,1028295,卖盘
10:43:16,30.34,0.01,86,260904,买盘
10:43:18,30.32,-0.02,99,300225,卖盘
10:43:21,30.34,0.02,21,63694,买盘
10:43:24,30.32,-0.02,216,655303,卖盘
10:43:27,30.33,0.01,65,197160,买盘
10:43:30,30.33,0.0,111,336607,卖盘
10:43:33,30.32,-0.01,117,354766,卖盘
10:43:36,30.32,0.0,79,239598,卖盘
10:43:39,30.32,0.0,39,118256,卖盘
10:43:43,30.33,0.01,185,560964,买盘
10:43:46,30.32,-0.01,64,194048,卖盘
10:43:48,30.33,0.01,369,1119325,买盘
10:43:51,30.32,-0.01,94,285101,卖盘
10:43:54,30.33,0.01,56,169840,买盘
10:43:57,30.33,0.0,147,445731,买盘
10:44:00,30.33,0.0,279,846235,买盘
10:44:03,30.32,-0.01,31,94021,卖盘
10:44:06,30.32,0.0,69,209257,卖盘
10:44:09,30.33,0.01,416,1261880,买盘
10:44:12,30.32,-0.01,117,354781,卖盘
10:44:16,30.32,0.0,6,18192,卖盘
10:44:18,30.33,0.01,55,166804,买盘
10:44:21,30.34,0.01,314,952666,买盘
10:44:24,30.33,-0.01,32,97036,卖盘
10:44:28,30.35,0.02,103,312432,买盘
10:44:30,30.33,-0.02,33,100120,中性盘
10:44:33,30.34,0.01,31,94026,买盘
10:44:36,30.34,0.0,10,30341,卖盘
10:44:40,30.33,-0.01,230,697188,卖盘
10:44:42,30.34,0.01,207,627784,买盘
10:44:46,30.34,0.0,22,66756,买盘
10:44:48,30.32,-0.02,201,609987,卖盘
10:44:51,30.33,0.01,417,1263831,卖盘
10:44:55,30.34,0.01,387,1174298,买盘
10:44:57,30.33,-0.01,59,178991,卖盘
10:45:01,30.33,0.0,20,60670,卖盘
10:45:03,30.33,0.0,8,24264,买盘
10:45:06,30.3,-0.03,607,1839311,卖盘
10:45:09,30.32,0.02,68,205543,买盘
10:45:13,30.32,0.0,12,36392,卖盘
10:45:15,30.32,0.0,8,24256,卖盘
10:45:18,30.32,0.0,64,194092,卖盘
10:45:21,30.31,-0.01,32,97014,卖盘
10:45:24,30.3,-0.01,304,922080,卖盘
10:45:28,30.31,0.01,431,1306768,买盘
10:45:31,30.31,0.0,30,90954,卖盘
10:45:33,30.32,0.01,51,154537,买盘
10:45:36,30.3,-0.02,13,39401,卖盘
10:45:39,30.3,0.0,21,63628,买盘
10:45:42,30.29,-0.01,65,196889,卖盘
10:45:46,30.29,0.0,108,327930,买盘
10:45:48,30.28,-0.01,103,311015,卖盘
10:45:51,30.29,0.01,87,264330,买盘
10:45:54,30.27,-0.02,93,281647,卖盘
10:45:57,30.27,0.0,18,54528,卖盘
10:46:00,30.29,0.02,307,930235,买盘
10:46:03,30.29,0.0,57,172633,买盘
10:46:06,30.28,-0.01,710,2148491,卖盘
10:46:09,30.28,0.0,172,520810,买盘
10:46:13,30.28,0.0,50,151400,买盘
10:46:16,30.28,0.0,19,57532,买盘
10:46:18,30.22,-0.06,419,1266114,卖盘
10:46:21,30.27,0.05,31,93789,买盘
10:46:24,30.27,0.0,32,96878,卖盘
10:46:28,30.28,0.01,12,36327,买盘
10:46:31,30.27,-0.01,53,160435,卖盘
10:46:33,30.27,0.0,179,542003,买盘
10:46:36,30.27,0.0,52,157437,卖盘
10:46:39,30.27,0.0,241,729918,卖盘
10:46:43,30.28,0.01,24,72672,买盘
10:46:46,30.27,-0.01,109,329850,卖盘
10:46:48,30.28,0.01,61,184666,买盘
10:46:51,30.24,-0.04,32,96785,卖盘
10:46:54,30.27,0.03,38,115014,买盘
10:46:58,30.27,0.0,15,45402,买盘
10:47:00,30.27,0.0,29,87786,卖盘
10:47:03,30.27,0.0,11,33303,中性盘
10:47:07,30.27,0.0,34,102920,卖盘
10:47:09,30.27,0.0,41,124113,卖盘
10:47:13,30.27,0.0,61,184656,买盘
10:47:15,30.28,0.01,93,281541,买盘
10:47:18,30.28,0.0,78,236198,买盘
10:47:21,30.28,0.0,35,105990,卖盘
10:47:24,30.29,0.01,83,251328,买盘
10:47:27,30.28,-0.01,35,105999,卖盘
10:47:30,30.3,0.02,14,42405,买盘
10:47:33,30.29,-0.01,4,12117,卖盘
10:47:37,30.29,0.0,18,54536,卖盘
10:47:39,30.29,0.0,30,90872,卖盘
10:47:43,30.29,0.0,41,124189,卖盘
10:47:46,30.29,0.0,69,209012,买盘
10:47:48,30.29,0.0,87,263523,买盘
10:47:51,30.29,0.0,18,54531,卖盘
10:47:54,30.3,0.01,9,27267,买盘
10:47:57,30.3,0.0,4,12119,买盘
10:48:00,30.29,-0.01,11,33321,卖盘
10:48:03,30.3,0.01,68,206020,买盘
10:48:06,30.29,-0.01,189,572493,卖盘
10:48:09,30.3,0.01,73,221136,买盘
10:48:13,30.29,-0.01,117,354495,卖盘
10:48:16,30.3,0.01,43,130284,买盘
10:48:18,30.29,-0.01,46,139370,卖盘
10:48:21,30.3,0.01,104,315056,买盘
10:48:24,30.3,0.0,65,196974,买盘
10:48:27,30.3,0.0,73,221203,中性盘
10:48:30,30.28,-0.02,270,817871,卖盘
10:48:33,30.3,0.02,21,63633,买盘
10:48:36,30.3,0.0,48,145440,卖盘
10:48:39,30.28,-0.02,192,581614,卖盘
10:48:43,30.3,0.02,68,206043,买盘
10:48:46,30.3,0.0,16,48480,买盘
10:48:48,30.29,-0.01,69,208985,中性盘
10:48:51,30.29,0.0,41,124205,卖盘
10:48:54,30.3,0.01,30,90894,买盘
10:48:57,30.3,0.0,19,57564,买盘
10:49:00,30.3,0.0,22,66647,买盘
10:49:03,30.28,-0.02,30,90877,卖盘
10:49:06,30.28,0.0,18,54507,卖盘
10:49:10,30.28,0.0,46,139298,卖盘
10:49:13,30.29,0.01,13,39376,买盘
10:49:16,30.29,0.0,12,36346,买盘
10:49:18,30.28,-0.01,350,1060407,卖盘
10:49:21,30.28,0.0,23,69654,卖盘
10:49:24,30.29,0.01,52,157502,买盘
10:49:28,30.28,-0.01,39,117513,卖盘
10:49:30,30.29,0.01,11,33315,买盘
10:49:33,30.29,0.0,152,460412,卖盘
10:49:36,30.28,-0.01,17,51481,卖盘
10:49:39,30.29,0.01,31,93898,买盘
10:49:43,30.29,0.0,9,27261,买盘
10:49:45,30.28,-0.01,18,54516,卖盘
10:49:48,30.3,0.02,39,118131,买盘
10:49:51,30.3,0.0,85,257479,买盘
10:49:55,30.29,-0.01,23,69687,卖盘
10:49:58,30.29,0.0,59,178712,卖盘
10:50:00,30.3,0.01,31,93903,买盘
10:50:03,30.29,-0.01,83,251445,卖盘
10:50:06,30.29,0.0,333,1008657,卖盘
10:50:10,30.28,-0.01,225,681959,卖盘
10:50:13,30.28,0.0,9,27252,买盘
10:50:15,30.27,-0.01,15,45418,卖盘
10:50:18,30.27,0.0,62,187729,卖盘
10:50:21,30.27,0.0,9,27243,卖盘
10:50:24,30.27,0.0,36,108982,卖盘
10:50:28,30.28,0.01,42,127158,买盘
10:50:30,30.27,-0.01,47,142269,卖盘
10:50:33,30.27,0.0,46,139242,卖盘
10:50:36,30.26,-0.01,35,105939,卖盘
10:50:40,30.28,0.02,215,650899,买盘
10:50:42,30.26,-0.02,2,6053,卖盘
10:50:46,30.26,0.0,22,66585,卖盘
10:50:48,30.26,0.0,152,460003,卖盘
10:50:51,30.27,0.01,21,63547,买盘
10:50:54,30.26,-0.01,37,111987,卖盘
10:50:58,30.26,0.0,22,66575,卖盘
10:51:00,30.26,0.0,35,105929,卖盘
10:51:03,30.26,0.0,38,114988,卖盘
10:51:06,30.26,0.0,27,81713,卖盘
10:51:09,30.26,0.0,30,90789,卖盘
10:51:13,30.26,0.0,77,233003,卖盘
10:51:15,30.26,0.0,45,136180,卖盘
10:51:18,30.26,0.0,179,541907,卖盘
10:51:21,30.27,0.01,142,429733,买盘
10:51:24,30.26,-0.01,29,87754,卖盘
10:51:27,30.26,0.0,9,27234,买盘
10:51:33,30.26,0.0,9,27234,买盘
10:51:36,30.25,-0.01,14,42356,卖盘
10:51:39,30.25,0.0,6,18150,卖盘
10:51:43,30.26,0.01,11,33285,买盘
10:51:46,30.26,0.0,6,18156,买盘
10:51:48,30.25,-0.01,78,236009,卖盘
10:51:51,30.26,0.01,17,51433,买盘
10:51:54,30.25,-0.01,47,142212,卖盘
10:51:58,30.25,0.0,111,335781,卖盘
10:52:00,30.25,0.0,34,102856,卖盘
10:52:03,30.25,0.0,19,57475,卖盘
10:52:06,30.25,0.0,21,63536,卖盘
10:52:10,30.24,-0.01,157,474924,卖盘
10:52:13,30.25,0.01,13,39323,买盘
10:52:15,30.25,0.0,192,580800,买盘
10:52:18,30.25,0.0,443,1338599,买盘
10:52:21,30.26,0.01,29,87745,买盘
10:52:24,30.25,-0.01,209,632397,卖盘
10:52:28,30.26,0.01,14,42362,中性盘
10:52:31,30.25,-0.01,75,226895,卖盘
10:52:33,30.26,0.01,24,72623,中性盘
10:52:36,30.26,0.0,34,102884,卖盘
10:52:39,30.26,0.0,71,214846,买盘
10:52:43,30.26,0.0,2,6052,买盘
10:52:45,30.26,0.0,75,226938,买盘
10:52:48,30.26,0.0,124,375176,卖盘
10:52:51,30.26,0.0,22,66581,卖盘
10:52:54,30.27,0.01,28,84756,买盘
10:52:58,30.26,-0.01,1,3026,卖盘
10:53:00,30.27,0.01,119,360105,买盘
10:53:03,30.27,0.0,5,15135,买盘
10:53:06,30.26,-0.01,57,172490,卖盘
10:53:10,30.26,0.0,29,87767,卖盘
10:53:13,30.26,0.0,10,30269,卖盘
10:53:18,30.26,0.0,85,257244,卖盘
10:53:21,30.26,0.0,8,24208,卖盘
10:53:24,30.27,0.01,48,145296,买盘
10:53:27,30.27,0.0,39,118053,卖盘
10:53:31,30.27,0.0,36,108967,卖盘
10:53:33,30.27,0.0,244,738641,买盘
10:53:36,30.27,0.0,47,142269,卖盘
10:53:39,30.27,0.0,47,142269,卖盘
10:53:43,30.27,0.0,22,66603,卖盘
10:53:44,30.27,0.0,47,142278,卖盘
10:53:48,30.27,0.0,58,175599,卖盘
10:53:51,30.27,0.0,93,281511,卖盘
10:53:55,30.27,0.0,58,175597,卖盘
10:53:57,30.29,0.02,78,235584,买盘
10:54:00,30.27,-0.02,117,354866,卖盘
10:54:03,30.26,-0.01,283,856450,卖盘
10:54:06,30.27,0.01,71,214912,买盘
10:54:09,30.26,-0.01,17,51450,卖盘
10:54:13,30.25,-0.01,167,505329,卖盘
10:54:16,30.24,-0.01,46,139141,卖盘
10:54:18,30.23,-0.01,76,229748,卖盘
10:54:21,30.21,-0.02,290,877561,卖盘
10:54:24,30.21,0.0,43,129874,买盘
10:54:28,30.21,0.0,21,63441,卖盘
10:54:31,30.21,0.0,146,441014,卖盘
10:54:33,30.23,0.02,6,18134,买盘
10:54:36,30.22,-0.01,15,45335,卖盘
10:54:39,30.22,0.0,19,57427,卖盘
10:54:43,30.22,0.0,109,329574,卖盘
10:54:46,30.22,0.0,213,643488,卖盘
10:54:48,30.22,0.0,48,145057,买盘
10:54:51,30.2,-0.02,250,755189,卖盘
10:54:54,30.21,0.01,303,915100,买盘
10:54:58,30.2,-0.01,11,33221,卖盘
10:55:00,30.21,0.01,20,60411,买盘
10:55:03,30.18,-0.03,601,1814646,卖盘
10:55:06,30.2,0.02,13,39260,卖盘
10:55:10,30.2,0.0,32,96640,卖盘
10:55:13,30.2,0.0,23,69476,卖盘
10:55:16,30.2,0.0,66,199310,卖盘
10:55:18,30.2,0.0,175,528500,买盘
10:55:21,30.2,0.0,73,220477,买盘
10:55:24,30.18,-0.02,900,2716308,卖盘
10:55:28,30.2,0.02,65,196279,买盘
10:55:31,30.2,0.0,260,785151,买盘
10:55:33,30.2,0.0,90,271811,卖盘
10:55:36,30.21,0.01,48,144983,买盘
10:55:39,30.2,-0.01,208,628014,卖盘
10:55:42,30.2,0.0,75,226537,买盘
10:55:45,30.2,0.0,50,151004,买盘
10:55:48,30.2,0.0,27,81551,卖盘
10:55:51,30.22,0.02,30,90618,买盘
10:55:54,30.2,-0.02,27,81552,卖盘
10:55:58,30.21,0.01,27,81576,卖盘
10:56:01,30.21,0.0,31,93671,卖盘
10:56:03,30.22,0.01,15,45328,买盘
10:56:06,30.23,0.01,62,187374,买盘
10:56:09,30.21,-0.02,83,250812,卖盘
10:56:13,30.21,0.0,5,15105,卖盘
10:56:15,30.22,0.01,12,36268,买盘
10:56:18,30.22,0.0,35,105759,卖盘
10:56:21,30.23,0.01,18,54397,买盘
10:56:23,30.22,-0.01,53,160167,卖盘
10:56:27,30.22,0.0,14,42308,卖盘
10:56:30,30.22,0.0,70,211549,卖盘
10:56:33,30.21,-0.01,35,105768,卖盘
10:56:36,30.22,0.01,10,30225,中性盘
10:56:39,30.23,0.01,108,326369,买盘
10:56:41,30.22,-0.01,48,145088,卖盘
10:56:46,30.23,0.01,59,178277,买盘
10:56:48,30.22,-0.01,75,226710,卖盘
10:56:51,30.22,0.0,78,235725,卖盘
10:56:54,30.22,0.0,183,552929,卖盘
10:56:58,30.22,0.0,34,102763,买盘
10:57:00,30.22,0.0,64,193426,卖盘
10:57:02,30.23,0.01,16,48361,买盘
10:57:06,30.22,-0.01,17,51375,卖盘
10:57:09,30.22,0.0,57,172264,卖盘
10:57:13,30.22,0.0,108,326443,买盘
10:57:15,30.23,0.01,38,114866,买盘
10:57:18,30.23,0.0,47,142081,买盘
10:57:21,30.23,0.0,27,81623,卖盘
10:57:24,30.23,0.0,23,69537,卖盘
10:57:30,30.23,0.0,39,117865,买盘
10:57:33,30.23,0.0,295,891786,买盘
10:57:36,30.24,0.01,45,136042,买盘
10:57:39,30.24,0.0,103,311381,买盘
10:57:43,30.24,0.0,8,24190,买盘
10:57:46,30.24,0.0,62,187440,买盘
10:57:48,30.23,-0.01,171,516912,卖盘
10:57:51,30.23,0.0,60,181345,买盘
10:57:54,30.22,-0.01,6,18136,卖盘
10:57:58,30.22,0.0,41,123939,卖盘
10:57:59,30.23,0.01,49,148097,买盘
10:58:06,30.22,-0.01,17,51384,卖盘
10:58:09,30.22,0.0,134,404960,卖盘
10:58:13,30.23,0.01,92,278108,买盘
10:58:15,30.22,-0.01,6,18135,卖盘
10:58:18,30.23,0.01,39,117895,买盘
10:58:21,30.23,0.0,53,160199,买盘
10:58:24,30.23,0.0,9,27201,买盘
10:58:27,30.23,0.0,13,39298,买盘
10:58:30,30.22,-0.01,54,163226,卖盘
10:58:33,30.23,0.01,14,42322,买盘
10:58:36,30.22,-0.01,10,30225,卖盘
10:58:39,30.23,0.01,5,15114,买盘
10:58:43,30.23,0.0,71,214626,买盘
10:58:46,30.23,0.0,19,57438,卖盘
10:58:48,30.23,0.0,75,226757,卖盘
10:58:51,30.23,0.0,54,163277,卖盘
10:58:54,30.24,0.01,22,66526,买盘
10:58:57,30.23,-0.01,49,148154,卖盘
10:59:00,30.24,0.01,47,142110,买盘
10:59:03,30.24,0.0,14,42336,买盘
10:59:06,30.23,-0.01,11,33258,卖盘
10:59:09,30.23,0.0,60,181380,卖盘
10:59:13,30.24,0.01,76,229778,买盘
10:59:16,30.23,-0.01,12,36285,卖盘
10:59:18,30.24,0.01,143,432324,买盘
10:59:21,30.23,-0.01,232,701552,卖盘
10:59:24,30.24,0.01,1,3024,买盘
10:59:27,30.23,-0.01,10,30239,卖盘
10:59:30,30.23,0.0,8,24184,卖盘
10:59:32,30.23,0.0,3,9069,卖盘
10:59:36,30.23,0.0,15,45354,卖盘
10:59:39,30.25,0.02,643,1944627,买盘
10:59:42,30.23,-0.02,14,42323,卖盘
10:59:44,30.25,0.02,3,9071,买盘
10:59:48,30.25,0.0,10,30248,买盘
10:59:51,30.25,0.0,17,51416,买盘
10:59:53,30.24,-0.01,6,18144,卖盘
10:59:57,30.24,0.0,47,142154,卖盘
11:00:01,30.24,0.0,26,78640,卖盘
11:00:03,30.25,0.01,15,45375,买盘
11:00:06,30.24,-0.01,303,916271,卖盘
11:00:10,30.24,0.0,66,199584,买盘
11:00:16,30.24,0.0,13,39310,买盘
11:00:18,30.24,0.0,35,105840,买盘
11:00:21,30.24,0.0,49,148156,买盘
11:00:24,30.24,0.0,3,9072,买盘
11:00:26,30.23,-0.01,11,33257,卖盘
11:00:31,30.23,0.0,60,181430,卖盘
11:00:33,30.24,0.01,21,63494,买盘
11:00:36,30.23,-0.01,16,48368,卖盘
11:00:40,30.23,0.0,73,220679,卖盘
11:00:42,30.23,0.0,23,69543,卖盘
11:00:45,30.24,0.01,7,21168,买盘
11:00:48,30.24,0.0,204,616846,买盘
11:00:51,30.24,0.0,14,42336,中性盘
11:00:54,30.24,0.0,28,84675,买盘
11:00:57,30.24,0.0,225,680426,卖盘
11:01:00,30.23,-0.01,75,226725,卖盘
11:01:03,30.24,0.01,37,111888,买盘
11:01:06,30.23,-0.01,142,429375,卖盘
11:01:09,30.23,0.0,86,259978,卖盘
11:01:13,30.23,0.0,23,69529,卖盘
11:01:16,30.24,0.01,15,45357,买盘
11:01:18,30.23,-0.01,51,154206,卖盘
11:01:21,30.23,0.0,9,27207,卖盘
11:01:24,30.23,0.0,38,114906,卖盘
11:01:28,30.23,0.0,57,172322,卖盘
11:01:30,30.23,0.0,99,299279,卖盘
11:01:33,30.23,0.0,11,33254,卖盘
11:01:36,30.23,0.0,8,24185,卖盘
11:01:40,30.24,0.01,172,520126,买盘
11:01:42,30.24,0.0,25,75600,卖盘
11:01:45,30.24,0.0,9,27216,卖盘
11:01:48,30.25,0.01,61,184506,买盘
11:01:51,30.24,-0.01,20,60480,卖盘
11:01:54,30.25,0.01,23,69572,买盘
11:01:57,30.24,-0.01,40,120988,卖盘
11:02:00,30.25,0.01,34,102825,买盘
11:02:02,30.24,-0.01,16,48394,卖盘
11:02:06,30.24,0.0,12,36288,卖盘
11:02:09,30.25,0.01,16,48389,买盘
11:02:13,30.24,-0.01,67,202617,卖盘
11:02:16,30.24,0.0,37,111908,卖盘
11:02:18,30.24,0.0,208,628993,卖盘
11:02:21,30.24,0.0,17,51408,买盘
11:02:28,30.23,-0.01,2,6047,卖盘
11:02:30,30.23,0.0,22,66506,卖盘
11:02:33,30.24,0.01,9,27216,买盘
11:02:36,30.23,-0.01,99,299277,卖盘
11:02:39,30.23,0.0,12,36286,卖盘
11:02:42,30.23,0.0,93,281139,卖盘
11:02:46,30.22,-0.01,71,214628,卖盘
11:02:48,30.22,0.0,52,157192,卖盘
11:02:51,30.22,0.0,8,24176,卖盘
11:02:54,30.22,0.0,20,60450,卖盘
11:02:57,30.23,0.01,53,160191,买盘
11:03:00,30.22,-0.01,51,154122,卖盘
11:03:03,30.23,0.01,11,33252,买盘
11:03:06,30.22,-0.01,22,66501,卖盘
11:03:09,30.22,0.0,44,132977,卖盘
11:03:13,30.22,0.0,9,27198,卖盘
11:03:18,30.23,0.01,59,178351,买盘
11:03:21,30.22,-0.01,10,30221,卖盘
11:03:25,30.22,0.0,3,9066,卖盘
11:03:26,30.23,0.01,121,365672,买盘
11:03:30,30.22,-0.01,91,275003,卖盘
11:03:33,30.22,0.0,33,99737,卖盘
11:03:35,30.22,0.0,105,317410,卖盘
11:03:39,30.22,0.0,16,48362,卖盘
11:03:43,30.23,0.01,7,21155,买盘
11:03:44,30.23,0.0,11,33247,买盘
11:03:48,30.23,0.0,38,114873,买盘
11:03:51,30.22,-0.01,232,701103,卖盘
11:03:54,30.22,0.0,26,78572,买盘
11:03:58,30.22,0.0,247,746186,买盘
11:04:01,30.21,-0.01,44,132943,卖盘
11:04:03,30.21,0.0,1,3021,卖盘
11:04:05,30.21,0.0,20,60421,卖盘
11:04:10,30.22,0.01,2,6043,买盘
11:04:12,30.22,0.0,22,66476,买盘
11:04:15,30.22,0.0,1,3022,买盘
11:04:19,30.21,-0.01,52,157141,卖盘
11:04:21,30.21,0.0,12,36256,卖盘
11:04:25,30.21,0.0,14,42304,卖盘
11:04:27,30.22,0.01,18,54395,买盘
11:04:30,30.22,0.0,26,78555,买盘
11:04:33,30.22,0.0,27,81576,买盘
11:04:36,30.21,-0.01,14,42302,卖盘
11:04:38,30.22,0.01,12,36264,买盘
11:04:43,30.25,0.03,1619,4896277,买盘
11:04:46,30.22,-0.03,53,160166,中性盘
11:04:48,30.23,0.01,1,3023,卖盘
11:04:51,30.25,0.02,26,78634,买盘
11:04:57,30.25,0.0,62,187496,买盘
11:05:01,30.26,0.01,242,732051,买盘
11:05:03,30.25,-0.01,110,331213,卖盘
11:05:06,30.29,0.04,1552,4701224,买盘
11:05:10,30.29,0.0,132,399461,中性盘
11:05:12,30.3,0.01,288,872536,买盘
11:05:19,30.31,0.01,262,793860,买盘
11:05:21,30.3,-0.01,74,224264,中性盘
11:05:24,30.32,0.02,329,997134,买盘
11:05:27,30.31,-0.01,78,236342,中性盘
11:05:30,30.31,0.0,119,360794,卖盘
11:05:33,30.31,0.0,10,30302,中性盘
11:05:36,30.3,-0.01,42,127297,卖盘
11:05:39,30.31,0.01,127,385308,买盘
11:05:42,30.3,-0.01,33,100020,卖盘
11:05:45,30.32,0.02,100,303152,买盘
11:05:48,30.31,-0.01,53,160677,卖盘
11:05:51,30.31,0.0,28,84888,卖盘
11:05:54,30.31,0.0,27,81862,卖盘
11:05:58,30.32,0.01,74,224365,买盘
11:05:59,30.32,0.0,33,100038,买盘
11:06:03,30.32,0.0,31,93984,买盘
11:06:06,30.31,-0.01,30,90943,卖盘
11:06:10,30.32,0.01,146,442530,买盘
11:06:12,30.31,-0.01,65,197034,卖盘
11:06:15,30.32,0.01,150,454680,买盘
11:06:18,30.31,-0.01,18,54575,卖盘
11:06:20,30.31,0.0,37,112341,卖盘
11:06:24,30.33,0.02,442,1340241,买盘
11:06:28,30.34,0.01,1104,3348467,买盘
11:06:30,30.32,-0.02,45,136437,中性盘
11:06:33,30.33,0.01,94,285091,买盘
11:06:36,30.34,0.01,72,218422,买盘
11:06:39,30.32,-0.02,108,327534,卖盘
11:06:42,30.32,0.0,146,442654,买盘
11:06:45,30.33,0.01,10,30325,买盘
11:06:48,30.32,-0.01,38,115249,卖盘
11:06:53,30.32,0.0,50,151617,卖盘
11:06:53,30.32,0.0,11,33353,卖盘
11:06:57,30.33,0.01,94,285097,买盘
11:07:00,30.33,0.0,31,94023,卖盘
11:07:03,30.33,0.0,75,227475,卖盘
11:07:06,30.33,0.0,331,1003991,买盘
11:07:10,30.33,0.0,40,121321,卖盘
11:07:13,30.34,0.01,172,521800,买盘
11:07:16,30.33,-0.01,63,191079,卖盘
11:07:18,30.33,0.0,113,342728,买盘
11:07:21,30.32,-0.01,3329,10101627,卖盘
11:07:24,30.32,0.0,19,57618,卖盘
11:07:28,30.32,0.0,17,51560,卖盘
11:07:29,30.33,0.01,28,84923,买盘
11:07:33,30.33,0.0,44,133469,买盘
11:07:36,30.32,-0.01,44,133441,卖盘
11:07:39,30.32,0.0,39,118276,卖盘
11:07:42,30.32,0.0,26,78847,卖盘
11:07:45,30.32,0.0,9,27291,卖盘
11:07:48,30.33,0.01,49,148617,买盘
11:07:51,30.33,0.0,62,188064,卖盘
11:07:54,30.32,-0.01,160,485184,卖盘
11:07:59,30.34,0.02,37,112236,买盘
11:08:00,30.33,-0.01,8,24258,中性盘
11:08:03,30.32,-0.01,140,424700,卖盘
11:08:06,30.32,0.0,14,42452,卖盘
11:08:10,30.35,0.03,534,1620524,买盘
11:08:13,30.33,-0.02,17,51558,中性盘
11:08:15,30.33,0.0,19,57636,卖盘
11:08:18,30.33,0.0,28,84945,卖盘
11:08:21,30.33,0.0,9,27297,卖盘
11:08:24,30.34,0.01,9,27306,买盘
11:08:27,30.35,0.01,184,558387,买盘
11:08:30,30.34,-0.01,34,103189,卖盘
11:08:33,30.34,0.0,22,66741,买盘
11:08:36,30.33,-0.01,64,194172,卖盘
11:08:40,30.34,0.01,24,72805,买盘
11:08:42,30.37,0.03,2510,7621580,买盘
11:08:44,30.33,-0.04,3,9102,卖盘
11:08:48,30.34,0.01,23,69782,中性盘
11:08:52,30.34,0.0,20,60692,卖盘
11:08:54,30.34,0.0,104,315716,卖盘
11:08:57,30.37,0.03,175,531475,买盘
11:09:00,30.37,0.0,17,51629,买盘
11:09:03,30.35,-0.02,146,443372,卖盘
11:09:06,30.39,0.04,3009,9144401,买盘
11:09:09,30.39,0.0,55,167046,卖盘
11:09:13,30.39,0.0,37,112444,卖盘
11:09:16,30.4,0.01,317,963673,买盘
11:09:18,30.39,-0.01,1729,5256055,卖盘
11:09:20,30.39,0.0,70,212730,买盘
11:09:24,30.39,0.0,76,230954,买盘
11:09:28,30.39,0.0,47,142833,买盘
11:09:30,30.41,0.02,831,2525753,买盘
11:09:33,30.41,0.0,66,200716,中性盘
11:09:35,30.41,0.0,35,106449,卖盘
11:09:39,30.41,0.0,49,149008,卖盘
11:09:42,30.41,0.0,63,191577,买盘
11:09:46,30.42,0.01,253,769614,买盘
11:09:48,30.42,0.0,11,33462,卖盘
11:09:52,30.41,-0.01,754,2293410,卖盘
11:09:54,30.4,-0.01,86,261522,卖盘
11:09:58,30.41,0.01,255,775455,买盘
11:10:01,30.42,0.01,92,279835,买盘
11:10:03,30.42,0.0,26,79084,买盘
11:10:06,30.42,0.0,123,374134,买盘
11:10:09,30.42,0.0,66,200760,买盘
11:10:12,30.41,-0.01,199,605186,卖盘
11:10:15,30.42,0.01,177,538430,买盘
11:10:17,30.42,0.0,240,730079,买盘
11:10:21,30.41,-0.01,2062,6276502,卖盘
11:10:24,30.41,0.0,122,371101,卖盘
11:10:26,30.42,0.01,43,130801,中性盘
11:10:29,30.42,0.0,657,2000061,卖盘
11:10:33,30.43,0.01,38,115647,卖盘
11:10:36,30.44,0.01,95,289127,买盘
11:10:39,30.43,-0.01,59,179563,买盘
11:10:43,30.43,0.0,98,298278,卖盘
11:10:45,30.43,0.0,27,82184,卖盘
11:10:48,30.44,0.01,148,450622,买盘
11:10:50,30.44,0.0,43,130892,卖盘
11:10:54,30.44,0.0,439,1336729,卖盘
11:10:57,30.44,0.0,435,1324192,买盘
11:11:00,30.45,0.01,167,508378,买盘
11:11:03,30.44,-0.01,177,538803,卖盘
11:11:06,30.44,0.0,162,493131,买盘
11:11:09,30.44,0.0,171,520606,卖盘
11:11:12,30.44,0.0,87,264862,卖盘
11:11:16,30.45,0.01,132,401819,买盘
11:11:18,30.45,0.0,438,1333335,买盘
11:11:20,30.44,-0.01,406,1236000,卖盘
11:11:24,30.44,0.0,123,374510,卖盘
11:11:27,30.44,0.0,245,745780,卖盘
11:11:30,30.44,0.0,30,91298,买盘
11:11:33,30.44,0.0,145,441344,买盘
11:11:36,30.44,0.0,95,289164,买盘
11:11:38,30.43,-0.01,59,179560,卖盘
11:11:43,30.43,0.0,291,886131,卖盘
11:11:45,30.43,0.0,37,112600,卖盘
11:11:48,30.43,0.0,162,492998,卖盘
11:11:51,30.43,0.0,336,1022448,卖盘
11:11:53,30.43,0.0,116,352999,卖盘
11:11:58,30.43,0.0,98,298286,卖盘
11:12:00,30.43,0.0,239,727305,卖盘
11:12:03,30.43,0.0,479,1457617,卖盘
11:12:06,30.43,0.0,142,431498,卖盘
11:12:09,30.42,-0.01,686,2087473,卖盘
11:12:13,30.42,0.0,568,1727336,卖盘
11:12:14,30.42,0.0,118,358956,买盘
11:12:18,30.42,0.0,26,79093,卖盘
11:12:21,30.42,0.0,22,66924,卖盘
11:12:24,30.42,0.0,22,66925,卖盘
11:12:27,30.42,0.0,582,1770818,卖盘
11:12:30,30.42,0.0,671,2041202,卖盘
11:12:33,30.42,0.0,57,173395,卖盘
11:12:36,30.42,0.0,22,66917,买盘
11:12:39,30.42,0.0,39,118638,买盘
11:12:43,30.41,-0.01,96,291960,卖盘
11:12:45,30.41,0.0,830,2523433,卖盘
11:12:48,30.4,-0.01,53,161153,卖盘
11:12:51,30.4,0.0,238,723587,卖盘
11:12:54,30.4,0.0,59,179407,卖盘
11:12:56,30.41,0.01,49,148993,买盘
11:13:00,30.4,-0.01,195,592839,卖盘
11:13:03,30.4,0.0,69,209800,卖盘
11:13:06,30.4,0.0,59,179362,卖盘
11:13:09,30.4,0.0,527,1602092,卖盘
11:13:12,30.4,0.0,328,997128,卖盘
11:13:15,30.4,0.0,85,258392,买盘
11:13:17,30.38,-0.02,81,246201,卖盘
11:13:21,30.38,0.0,2,6076,卖盘
11:13:24,30.38,0.0,20,60771,卖盘
11:13:28,30.38,0.0,25,75955,卖盘
11:13:30,30.38,0.0,81,246078,卖盘
11:13:33,30.38,0.0,115,349369,买盘
11:13:36,30.37,-0.01,28,85057,卖盘
11:13:39,30.4,0.03,606,1841803,买盘
11:13:42,30.39,-0.01,979,2973360,中性盘
11:13:45,30.4,0.01,18,54702,买盘
11:13:47,30.38,-0.02,8,24310,卖盘
11:13:51,30.38,0.0,166,504308,卖盘
11:13:54,30.4,0.02,61,185391,买盘
11:13:58,30.39,-0.01,27,82053,中性盘
11:14:00,30.38,-0.01,68,206628,卖盘
11:14:03,30.4,0.02,227,689913,买盘
11:14:06,30.4,0.0,163,495482,买盘
11:14:08,30.4,0.0,20,60794,买盘
11:14:11,30.38,-0.02,136,413220,卖盘
11:14:15,30.38,0.0,15,45589,卖盘
11:14:18,30.39,0.01,20,60788,中性盘
11:14:21,30.39,0.0,92,279615,卖盘
11:14:24,30.4,0.01,25,75976,买盘
11:14:27,30.39,-0.01,46,139794,卖盘
11:14:30,30.39,0.0,25,75982,买盘
11:14:33,30.39,0.0,15,45581,买盘
11:14:36,30.38,-0.01,13,39499,卖盘
11:14:39,30.39,0.01,15,45582,买盘
11:14:41,30.38,-0.01,135,410165,卖盘
11:14:44,30.39,0.01,89,270418,买盘
11:14:47,30.4,0.01,77,234020,买盘
11:14:50,30.39,-0.01,28,85090,卖盘
11:14:54,30.38,-0.01,260,789889,卖盘
11:14:57,30.39,0.01,27,82053,买盘
11:15:00,30.39,0.0,51,155000,卖盘
11:15:03,30.39,0.0,67,203667,买盘
11:15:06,30.38,-0.01,4,12152,卖盘
11:15:09,30.39,0.01,21,63819,买盘
11:15:12,30.38,-0.01,78,237032,卖盘
11:15:15,30.38,0.0,84,255202,卖盘
11:15:18,30.39,0.01,53,161066,买盘
11:15:21,30.39,0.0,37,112442,买盘
11:15:24,30.38,-0.01,36,109389,卖盘
11:15:28,30.38,0.0,30,91140,卖盘
11:15:29,30.38,0.0,14,42532,卖盘
11:15:33,30.38,0.0,61,185338,卖盘
11:15:36,30.38,0.0,37,112416,卖盘
11:15:39,30.38,0.0,55,167120,卖盘
11:15:42,30.38,0.0,70,212673,卖盘
11:15:45,30.38,0.0,41,124587,卖盘
11:15:48,30.38,0.0,87,264386,卖盘
11:15:51,30.38,0.0,4,12154,卖盘
11:15:54,30.39,0.01,40,121537,买盘
11:15:57,30.38,-0.01,201,610648,卖盘
11:16:00,30.39,0.01,94,285636,买盘
11:16:02,30.38,-0.01,20,60770,卖盘
11:16:06,30.38,0.0,16,48611,卖盘
11:16:09,30.39,0.01,65,197535,买盘
11:16:12,30.38,-0.01,42,127616,卖盘
11:16:15,30.39,0.01,119,361537,买盘
11:16:18,30.39,0.0,99,300850,买盘
11:16:21,30.38,-0.01,32,97222,卖盘
11:16:24,30.39,0.01,56,170136,买盘
11:16:27,30.38,-0.01,1,3038,卖盘
11:16:30,30.38,0.0,141,428372,卖盘
11:16:33,30.38,0.0,11,33421,卖盘
11:16:36,30.38,0.0,5,15190,卖盘
11:16:39,30.38,0.0,33,100254,买盘
11:16:41,30.37,-0.01,113,343335,卖盘
11:16:45,30.38,0.01,10,30377,买盘
11:16:48,30.37,-0.01,54,164030,卖盘
11:16:51,30.39,0.02,219,665366,买盘
11:16:54,30.38,-0.01,20,60760,卖盘
11:16:59,30.39,0.01,53,161065,买盘
11:17:03,30.39,0.0,87,264378,买盘
11:17:06,30.38,-0.01,20,60762,卖盘
11:17:09,30.39,0.01,34,103326,买盘
11:17:11,30.39,0.0,19,57735,买盘
11:17:15,30.39,0.0,10,30384,买盘
11:17:18,30.38,-0.01,558,1695247,卖盘
11:17:21,30.38,0.0,24,72912,卖盘
11:17:24,30.39,0.01,118,358593,买盘
11:17:30,30.39,0.0,34,103321,买盘
11:17:33,30.38,-0.01,37,112419,卖盘
11:17:36,30.38,0.0,14,42541,卖盘
11:17:39,30.38,0.0,15,45583,卖盘
11:17:42,30.39,0.01,17,51651,买盘
11:17:45,30.38,-0.01,157,476972,卖盘
11:17:48,30.39,0.01,53,161066,买盘
11:17:51,30.39,0.0,29,88130,买盘
11:17:54,30.39,0.0,110,334196,买盘
11:17:57,30.39,0.0,17,51663,买盘
11:18:00,30.39,0.0,67,203596,买盘
11:18:03,30.38,-0.01,33,100261,卖盘
11:18:05,30.38,0.0,9,27343,卖盘
11:18:09,30.39,0.01,9,27350,买盘
11:18:12,30.38,-0.01,34,103297,卖盘
11:18:15,30.38,0.0,9,27342,卖盘
11:18:18,30.38,0.0,59,179275,卖盘
11:18:21,30.38,0.0,17,51655,卖盘
11:18:24,30.38,0.0,121,367664,卖盘
11:18:26,30.38,0.0,24,72928,卖盘
11:18:30,30.39,0.01,24,72920,买盘
11:18:33,30.39,0.0,43,130670,买盘
11:18:36,30.38,-0.01,38,115444,卖盘
11:18:39,30.39,0.01,25,75959,买盘
11:18:42,30.39,0.0,11,33429,买盘
11:18:45,30.38,-0.01,26,79000,卖盘
11:18:48,30.38,0.0,43,130667,卖盘
11:18:51,30.38,0.0,121,367682,卖盘
11:18:54,30.38,0.0,89,270430,卖盘
11:18:57,30.38,0.0,1,3038,卖盘
11:19:00,30.39,0.01,51,154973,买盘
11:19:03,30.39,0.0,100,303809,买盘
11:19:06,30.38,-0.01,87,264315,卖盘
11:19:09,30.38,0.0,9,27342,卖盘
11:19:12,30.38,0.0,18,54689,卖盘
11:19:15,30.38,0.0,24,72928,卖盘
11:19:17,30.38,0.0,168,510417,卖盘
11:19:21,30.38,0.0,13,39495,卖盘
11:19:24,30.38,0.0,19,57722,卖盘
11:19:27,30.38,0.0,18,54693,卖盘
11:19:30,30.38,0.0,10,30380,卖盘
11:19:33,30.38,0.0,87,264306,卖盘
11:19:36,30.38,0.0,23,69883,卖盘
11:19:39,30.38,0.0,2,6076,卖盘
11:19:42,30.38,0.0,33,100254,卖盘
11:19:45,30.38,0.0,26,78988,卖盘
11:19:47,30.38,0.0,66,200549,卖盘
11:19:51,30.38,0.0,26,78988,卖盘
11:19:54,30.38,0.0,102,309877,卖盘
11:19:57,30.39,0.01,44,133706,买盘
11:20:00,30.39,0.0,75,227888,买盘
11:20:03,30.38,-0.01,216,656208,卖盘
11:20:05,30.38,0.0,11,33418,卖盘
11:20:08,30.39,0.01,8,24312,买盘
11:20:15,30.38,-0.01,129,391902,卖盘
11:20:18,30.38,0.0,52,158009,卖盘
11:20:21,30.39,0.01,23,69885,买盘
11:20:24,30.38,-0.01,90,273426,卖盘
11:20:27,30.38,0.0,18,54684,卖盘
11:20:29,30.38,0.0,40,121520,卖盘
11:20:32,30.39,0.01,115,349435,买盘
11:20:36,30.38,-0.01,13,39496,卖盘
11:20:39,30.38,0.0,161,489119,卖盘
11:20:42,30.39,0.01,25,75960,买盘
11:20:45,30.38,-0.01,43,130634,卖盘
11:20:48,30.38,0.0,48,145857,卖盘
11:20:51,30.38,0.0,12,36466,卖盘
11:20:54,30.39,0.01,63,191429,买盘
11:20:57,30.38,-0.01,2,6076,卖盘
11:21:00,30.38,0.0,89,270407,卖盘
11:21:03,30.38,0.0,6,18232,卖盘
11:21:06,30.38,0.0,22,66849,卖盘
11:21:08,30.38,0.0,41,124558,卖盘
11:21:12,30.39,0.01,157,476969,买盘
11:21:15,30.38,-0.01,42,127605,卖盘
11:21:18,30.38,0.0,84,255224,卖盘
11:21:21,30.38,0.0,7,21266,卖盘
11:21:24,30.39,0.01,18,54688,买盘
11:21:27,30.38,-0.01,19,57735,卖盘
11:21:30,30.39,0.01,1003,3048511,买盘
11:21:33,30.39,0.0,44,133716,卖盘
11:21:36,30.39,0.0,26,79014,卖盘
11:21:39,30.39,0.0,188,571379,卖盘
11:21:42,30.39,0.0,39,118521,卖盘
11:21:45,30.4,0.01,8,24318,买盘
11:21:48,30.4,0.0,213,647353,买盘
11:21:51,30.39,-0.01,94,285666,卖盘
11:21:54,30.39,0.0,37,112445,卖盘
11:22:00,30.39,0.0,72,218843,卖盘
11:22:05,30.39,0.0,6,18236,卖盘
11:22:09,30.39,0.0,101,306939,卖盘
11:22:12,30.39,0.0,25,75985,卖盘
11:22:15,30.39,0.0,10,30390,卖盘
11:22:18,30.39,0.0,38,115514,卖盘
11:22:20,30.4,0.01,119,361650,买盘
11:22:23,30.4,0.0,32,97259,买盘
11:22:27,30.39,-0.01,30,91197,卖盘
11:22:30,30.39,0.0,21,63820,卖盘
11:22:32,30.4,0.01,34,103355,买盘
11:22:36,30.39,-0.01,34,103326,卖盘
11:22:38,30.39,0.0,13,39508,卖盘
11:22:41,30.4,0.01,7,21280,买盘
11:22:45,30.39,-0.01,31,94219,卖盘
11:22:48,30.39,0.0,141,428532,卖盘
11:22:51,30.39,0.0,31,94209,卖盘
11:22:54,30.4,0.01,23,69910,买盘
11:22:57,30.4,0.0,12,36480,买盘
11:23:00,30.39,-0.01,91,276608,卖盘
11:23:03,30.39,0.0,35,106399,卖盘
11:23:05,30.4,0.01,658,2000412,买盘
11:23:09,30.41,0.01,78,237192,买盘
11:23:12,30.4,-0.01,25,76000,卖盘
11:23:15,30.4,0.0,31,94243,卖盘
11:23:17,30.4,0.0,84,255443,卖盘
11:23:21,30.4,0.0,20,60819,卖盘
11:23:23,30.4,0.0,15,45604,卖盘
11:23:27,30.41,0.01,174,529126,买盘
11:23:30,30.4,-0.01,6,18244,卖盘
11:23:33,30.41,0.01,45,136819,买盘
11:23:36,30.4,-0.01,24,72970,卖盘
11:23:39,30.41,0.01,54,164194,买盘
11:23:42,30.41,0.0,100,304098,买盘
11:23:44,30.4,-0.01,133,404384,卖盘
11:23:48,30.41,0.01,13,39533,买盘
11:23:51,30.41,0.0,23,69943,卖盘
11:23:54,30.42,0.01,14,42578,买盘
11:23:57,30.42,0.0,64,194677,买盘
11:24:00,30.42,0.0,40,121666,买盘
11:24:03,30.42,0.0,83,252474,买盘
11:24:06,30.41,-0.01,42,127752,卖盘
11:24:09,30.41,0.0,123,374061,卖盘
11:24:13,30.41,0.0,22,66912,卖盘
11:24:15,30.42,0.01,502,1527084,买盘
11:24:20,30.42,0.0,84,255556,卖盘
11:24:24,30.43,0.01,24,73026,买盘
11:24:26,30.42,-0.01,18,54756,卖盘
11:24:30,30.42,0.0,26,79104,卖盘
11:24:32,30.42,0.0,38,115623,卖盘
11:24:36,30.42,0.0,106,322530,卖盘
11:24:39,30.43,0.01,41,124757,买盘
11:24:42,30.43,0.0,32,97375,买盘
11:24:45,30.43,0.0,30,91282,买盘
11:24:48,30.43,0.0,1002,3049916,买盘
11:24:51,30.45,0.02,127,386680,买盘
11:24:54,30.43,-0.02,51,155258,卖盘
11:24:57,30.43,0.0,26,79146,卖盘
11:25:00,30.44,0.01,44,133928,买盘
11:25:03,30.44,0.0,78,237430,买盘
11:25:06,30.43,-0.01,64,194798,卖盘
11:25:09,30.43,0.0,40,121759,卖盘
11:25:12,30.43,0.0,24,73052,卖盘
11:25:15,30.43,0.0,35,106520,卖盘
11:25:18,30.44,0.01,175,532687,买盘
11:25:20,30.43,-0.01,131,398653,卖盘
11:25:23,30.43,0.0,477,1451655,卖盘
11:25:28,30.44,0.01,60,182590,买盘
11:25:30,30.43,-0.01,60,182613,卖盘
11:25:33,30.44,0.01,48,146097,买盘
11:25:36,30.43,-0.01,141,429174,卖盘
11:25:38,30.44,0.01,30,91303,买盘
11:25:43,30.43,-0.01,169,514267,卖盘
11:25:45,30.43,0.0,46,139975,买盘
11:25:48,30.43,0.0,45,136935,买盘
11:25:51,30.42,-0.01,83,252263,卖盘
11:25:54,30.43,0.01,42,127786,买盘
11:25:57,30.42,-0.01,19,57798,卖盘
11:26:00,30.43,0.01,131,398624,买盘
11:26:03,30.42,-0.01,17,51728,卖盘
11:26:06,30.42,0.0,21,63892,卖盘
11:26:09,30.43,0.01,17,51715,买盘
11:26:12,30.42,-0.01,16,48672,卖盘
11:26:15,30.42,0.0,116,352891,卖盘
11:26:18,30.42,0.0,349,1061960,卖盘
11:26:21,30.41,-0.01,77,234224,卖盘
11:26:24,30.41,0.0,15,45615,买盘
11:26:27,30.41,0.0,28,85143,买盘
11:26:30,30.41,0.0,10,30410,卖盘
11:26:33,30.41,0.0,31,94264,买盘
11:26:36,30.41,0.0,43,130749,买盘
11:26:39,30.4,-0.01,3,9120,卖盘
11:26:43,30.4,0.0,6,18240,卖盘
11:26:45,30.41,0.01,27,82089,买盘
11:26:47,30.4,-0.01,37,112512,卖盘
11:26:51,30.41,0.01,27,82106,买盘
11:26:54,30.41,0.0,12,36492,买盘
11:26:57,30.41,0.0,18,54730,买盘
11:26:59,30.41,0.0,38,115547,买盘
11:27:03,30.41,0.0,2,6081,买盘
11:27:05,30.4,-0.01,60,182426,卖盘
11:27:09,30.4,0.0,92,279700,卖盘
11:27:12,30.4,0.0,10,30400,卖盘
11:27:15,30.4,0.0,220,668860,卖盘
11:27:18,30.41,0.01,47,142922,买盘
11:27:21,30.4,-0.01,6,18240,卖盘
11:27:24,30.41,0.01,1,3041,买盘
11:27:26,30.4,-0.01,11,33440,卖盘
11:27:29,30.41,0.01,13,39530,买盘
11:27:33,30.41,0.0,14,42574,买盘
11:27:36,30.41,0.0,36,109443,买盘
11:27:39,30.4,-0.01,28,85140,卖盘
11:27:42,30.41,0.01,48,145933,买盘
11:27:45,30.4,-0.01,20,60810,卖盘
11:27:48,30.41,0.01,33,100353,买盘
11:27:51,30.41,0.0,176,535214,买盘
11:27:54,30.4,-0.01,9,27360,卖盘
11:27:58,30.41,0.01,30,91216,买盘
11:28:00,30.41,0.0,35,106426,买盘
11:28:03,30.4,-0.01,71,215849,卖盘
11:28:05,30.4,0.0,49,148960,卖盘
11:28:09,30.4,0.0,32,97290,卖盘
11:28:11,30.41,0.01,34,103366,买盘
11:28:15,30.4,-0.01,288,875459,卖盘
11:28:19,30.4,0.0,38,115518,买盘
11:28:21,30.39,-0.01,47,142834,卖盘
11:28:23,30.4,0.01,21,63840,买盘
11:28:27,30.39,-0.01,34,103326,卖盘
11:28:30,30.39,0.0,32,97248,卖盘
11:28:33,30.39,0.0,65,197535,卖盘
11:28:35,30.4,0.01,34,103340,买盘
11:28:39,30.39,-0.01,3,9117,卖盘
11:28:43,30.4,0.01,36,109426,买盘
11:28:44,30.39,-0.01,33,100288,卖盘
11:28:48,30.39,0.0,67,203671,卖盘
11:28:50,30.4,0.01,45,136757,买盘
11:28:54,30.38,-0.02,151,458889,卖盘
11:28:58,30.39,0.01,28,85092,买盘
11:29:00,30.39,0.0,41,124567,买盘
11:29:02,30.39,0.0,68,206641,买盘
11:29:06,30.38,-0.01,14,42532,卖盘
11:29:09,30.39,0.01,41,124579,买盘
11:29:12,30.38,-0.01,7,21267,卖盘
11:29:15,30.38,0.0,12,36456,卖盘
11:29:19,30.39,0.01,43,130671,买盘
11:29:21,30.38,-0.01,146,443556,卖盘
11:29:24,30.38,0.0,56,170128,买盘
11:29:30,30.38,0.0,33,100232,买盘
11:29:32,30.35,-0.03,591,1793988,卖盘
11:29:35,30.35,0.0,11,33381,买盘
11:29:41,30.34,-0.01,30,91030,卖盘
11:29:45,30.35,0.01,30,91040,买盘
11:29:47,30.35,0.0,3,9105,卖盘
11:29:51,30.35,0.0,8,24284,卖盘
11:29:54,30.35,0.0,23,69825,卖盘
11:29:57,30.36,0.01,10,30352,中性盘
11:30:00,30.35,-0.01,34,103190,卖盘
13:00:01,30.35,0.0,259,786187,卖盘
13:00:04,30.35,0.0,517,1569087,买盘
13:00:06,30.34,-0.01,139,421871,卖盘
13:00:09,30.35,0.01,410,1244599,买盘
13:00:13,30.35,0.0,516,1566128,卖盘
13:00:16,30.35,0.0,16,48557,买盘
13:00:18,30.34,-0.01,109,330805,中性盘
13:00:22,30.34,0.0,33,100126,买盘
13:00:25,30.35,0.01,9,27315,买盘
13:00:26,30.35,0.0,99,300343,买盘
13:00:31,30.35,0.0,17,51588,买盘
13:00:33,30.34,-0.01,134,406588,卖盘
13:00:37,30.35,0.01,14,42477,买盘
13:00:39,30.35,0.0,39,118343,买盘
13:00:43,30.35,0.0,23,69802,买盘
13:00:46,30.34,-0.01,15,45524,卖盘
13:00:49,30.35,0.01,18,54622,买盘
13:00:52,30.34,-0.01,20,60680,卖盘
13:00:56,30.35,0.01,69,210909,买盘
13:00:58,30.35,0.0,90,273147,卖盘
13:01:01,30.34,-0.01,135,409733,卖盘
13:01:03,30.35,0.01,81,245827,买盘
13:01:07,30.34,-0.01,115,348906,卖盘
13:01:10,30.34,0.0,296,898228,买盘
13:01:13,30.31,-0.03,334,1012660,卖盘
13:01:16,30.31,0.0,14,42434,买盘
13:01:18,30.3,-0.01,58,175773,卖盘
13:01:22,30.31,0.01,807,2445264,买盘
13:01:25,30.3,-0.01,169,512070,卖盘
13:01:27,30.29,-0.01,102,309050,卖盘
13:01:31,30.3,0.01,146,442336,买盘
13:01:33,30.3,0.0,68,206041,卖盘
13:01:37,30.25,-0.05,537,1625735,卖盘
13:01:40,30.26,0.01,139,420598,买盘
13:01:43,30.25,-0.01,10,30251,卖盘
13:01:46,30.25,0.0,27,81688,卖盘
13:01:49,30.26,0.01,33,99845,买盘
13:01:52,30.26,0.0,54,163403,买盘
13:01:55,30.24,-0.02,442,1337003,卖盘
13:01:58,30.24,0.0,74,223775,买盘
13:02:01,30.24,0.0,106,320516,买盘
13:02:04,30.25,0.01,227,686551,买盘
13:02:07,30.26,0.01,76,229930,买盘
13:02:13,30.28,0.02,19,57542,卖盘
13:02:15,30.29,0.01,22,66621,中性盘
13:02:19,30.29,0.0,24,72715,卖盘
13:02:22,30.3,0.01,267,808692,买盘
13:02:25,30.28,-0.02,178,538966,买盘
13:02:28,30.28,0.0,9,27252,买盘
13:02:31,30.27,-0.01,30,90843,卖盘
13:02:34,30.28,0.01,16,48443,卖盘
13:02:37,30.28,0.0,10,30281,卖盘
13:02:40,30.29,0.01,29,87840,买盘
13:02:43,30.28,-0.01,283,856949,卖盘
13:02:46,30.28,0.0,147,445119,卖盘
13:02:49,30.28,0.0,54,163512,买盘
13:02:52,30.27,-0.01,76,230112,卖盘
13:02:55,30.27,0.0,1,3027,卖盘
13:03:01,30.28,0.01,30,90836,买盘
13:03:03,30.26,-0.02,607,1837275,卖盘
13:03:06,30.27,0.01,132,399542,中性盘
13:03:10,30.27,0.0,6,18162,买盘
13:03:12,30.26,-0.01,163,493375,卖盘
13:03:16,30.27,0.01,29,87765,买盘
13:03:18,30.26,-0.01,30,90806,卖盘
13:03:22,30.27,0.01,18,54487,买盘
13:03:24,30.27,0.0,16,48438,卖盘
13:03:31,30.29,0.02,6,18169,中性盘
13:03:34,30.29,0.0,27,81766,买盘
13:03:36,30.27,-0.02,272,823481,卖盘
13:03:39,30.28,0.01,193,584240,买盘
13:03:43,30.28,0.0,36,109003,卖盘
13:03:46,30.29,0.01,30,90850,买盘
13:03:49,30.28,-0.01,25,75710,卖盘
13:03:53,30.29,0.01,1,3029,卖盘
13:03:55,30.28,-0.01,314,950889,卖盘
13:03:58,30.29,0.01,61,184724,买盘
13:04:01,30.29,0.0,52,157476,卖盘
13:04:04,30.29,0.0,52,157550,卖盘
13:04:07,30.3,0.01,9,27270,买盘
13:04:09,30.29,-0.01,141,427089,卖盘
13:04:12,30.29,0.0,45,136305,买盘
13:04:15,30.27,-0.02,205,620739,卖盘
13:04:19,30.28,0.01,26,78725,买盘
13:04:22,30.28,0.0,124,375472,买盘
13:04:25,30.27,-0.01,29,87783,卖盘
13:04:28,30.28,0.01,103,311923,买盘
13:04:31,30.28,0.0,63,190764,买盘
13:04:34,30.29,0.01,26,78754,买盘
13:04:37,30.28,-0.01,2,6056,卖盘
13:04:40,30.3,0.02,73,221119,买盘
13:04:42,30.29,-0.01,14,42419,卖盘
13:04:46,30.29,0.0,28,84812,卖盘
13:04:49,30.29,0.0,98,296912,卖盘
13:04:52,30.29,0.0,53,160546,卖盘
13:04:55,30.31,0.02,34,103025,买盘
13:04:58,30.29,-0.02,57,172683,卖盘
13:05:01,30.3,0.01,32,96960,中性盘
13:05:04,30.3,0.0,93,281826,卖盘
13:05:07,30.3,0.0,14,42420,买盘
13:05:10,30.31,0.01,84,254566,买盘
13:05:13,30.31,0.0,12,36372,买盘
13:05:16,30.31,0.0,304,921421,买盘
13:05:19,30.31,0.0,41,124295,卖盘
13:05:22,30.32,0.01,95,288040,买盘
13:05:24,30.31,-0.01,12,36381,卖盘
13:05:28,30.32,0.01,40,121274,买盘
13:05:31,30.34,0.02,55,166777,买盘
13:05:33,30.32,-0.02,2,6064,卖盘
13:05:37,30.33,0.01,84,254816,中性盘
13:05:39,30.34,0.01,37,112222,买盘
13:05:43,30.34,0.0,207,628038,买盘
13:05:46,30.34,0.0,34,103152,买盘
13:05:49,30.33,-0.01,106,321601,卖盘
13:05:52,30.34,0.01,351,1065355,买盘
13:05:55,30.36,0.02,41,124396,买盘
13:05:58,30.37,0.01,94,285424,买盘
13:06:01,30.35,-0.02,118,358210,中性盘
13:06:03,30.37,0.02,102,309805,买盘
13:06:06,30.35,-0.02,34,103271,卖盘
13:06:10,30.35,0.0,13,39475,卖盘
13:06:13,30.38,0.03,60,182259,买盘
13:06:16,30.35,-0.03,226,685909,卖盘
13:06:19,30.34,-0.01,51,154784,卖盘
13:06:22,30.35,0.01,114,345990,买盘
13:06:25,30.35,0.0,111,336885,买盘
13:06:28,30.35,0.0,8,24280,买盘
13:06:31,30.35,0.0,99,300429,买盘
13:06:34,30.35,0.0,42,127469,买盘
13:06:37,30.35,0.0,72,218541,买盘
13:06:40,30.35,0.0,49,148686,中性盘
13:06:43,30.34,-0.01,53,160816,卖盘
13:06:46,30.34,0.0,234,710137,卖盘
13:06:48,30.34,0.0,15,45510,卖盘
13:06:51,30.35,0.01,23,69805,买盘
13:06:54,30.39,0.04,1111,3371131,买盘
13:06:57,30.38,-0.01,20,60769,卖盘
13:07:00,30.38,0.0,21,63798,卖盘
13:07:04,30.39,0.01,293,890204,买盘
13:07:07,30.38,-0.01,16,48608,卖盘
13:07:10,30.39,0.01,101,306854,买盘
13:07:13,30.38,-0.01,51,154939,卖盘
13:07:16,30.39,0.01,48,145871,买盘
13:07:19,30.39,0.0,36,109386,买盘
13:07:21,30.39,0.0,20,60780,买盘
13:07:24,30.38,-0.01,580,1763041,卖盘
13:07:28,30.38,0.0,416,1266719,卖盘
13:07:31,30.38,0.0,93,279530,买盘
13:07:34,30.38,0.0,9,27342,卖盘
13:07:36,30.39,0.01,9,27351,买盘
13:07:39,30.39,0.0,45,136734,买盘
13:07:43,30.38,-0.01,34,103315,卖盘
13:07:46,30.4,0.02,178,541050,买盘
13:07:49,30.4,0.0,61,185440,卖盘
13:07:52,30.4,0.0,20,60815,卖盘
13:07:55,30.4,0.0,3,9120,卖盘
13:07:57,30.41,0.01,288,875554,买盘
13:08:01,30.4,-0.01,66,200640,卖盘
13:08:03,30.41,0.01,107,325321,买盘
13:08:07,30.4,-0.01,18,54720,卖盘
13:08:10,30.41,0.01,40,121610,买盘
13:08:12,30.4,-0.01,91,276711,卖盘
13:08:15,30.4,0.0,23,69920,卖盘
13:08:19,30.4,0.0,105,319204,卖盘
13:08:22,30.4,0.0,46,139808,买盘
13:08:24,30.38,-0.02,63,191398,卖盘
13:08:28,30.41,0.03,92,279640,买盘
13:08:31,30.4,-0.01,123,373920,卖盘
13:08:34,30.38,-0.02,99,300995,卖盘
13:08:37,30.38,0.0,76,230900,卖盘
13:08:40,30.4,0.02,29,88124,买盘
13:08:43,30.4,0.0,237,720318,买盘
13:08:46,30.4,0.0,127,386080,卖盘
13:08:49,30.38,-0.02,62,188450,卖盘
13:08:52,30.4,0.02,26,79024,买盘
13:08:55,30.38,-0.02,20,60790,中性盘
13:08:58,30.4,0.02,101,307040,买盘
13:09:01,30.39,-0.01,41,124570,中性盘
13:09:04,30.38,-0.01,82,249203,卖盘
13:09:07,30.39,0.01,10,30390,买盘
13:09:10,30.38,-0.01,30,91144,卖盘
13:09:13,30.39,0.01,26,79006,中性盘
13:09:16,30.38,-0.01,32,97230,卖盘
13:09:19,30.38,0.0,37,112406,卖盘
13:09:21,30.38,0.0,2,6076,卖盘
13:09:25,30.38,0.0,252,765576,卖盘
13:09:28,30.39,0.01,25,75965,买盘
13:09:31,30.38,-0.01,37,112406,卖盘
13:09:34,30.39,0.01,65,197503,买盘
13:09:36,30.39,0.0,5,15195,买盘
13:09:39,30.38,-0.01,340,1033522,卖盘
13:09:42,30.38,0.0,8,24304,卖盘
13:09:46,30.4,0.02,50,151954,买盘
13:09:49,30.4,0.0,56,170222,卖盘
13:09:52,30.4,0.0,45,136777,卖盘
13:09:55,30.39,-0.01,19,57753,卖盘
13:09:58,30.4,0.01,1,3040,买盘
13:10:01,30.4,0.0,506,1538196,买盘
13:10:03,30.4,0.0,45,136804,卖盘
13:10:07,30.4,0.0,8,24326,卖盘
13:10:10,30.4,0.0,63,191520,卖盘
13:10:13,30.41,0.01,42,127692,买盘
13:10:15,30.41,0.0,87,264495,买盘
13:10:19,30.4,-0.01,23,69920,卖盘
13:10:22,30.4,0.0,100,304001,卖盘
13:10:25,30.4,0.0,19,57750,买盘
13:10:28,30.4,0.0,10,30400,买盘
13:10:31,30.4,0.0,208,632295,买盘
13:10:33,30.4,0.0,79,240162,卖盘
13:10:37,30.4,0.0,259,787360,卖盘
13:10:40,30.4,0.0,92,279700,卖盘
13:10:43,30.39,-0.01,264,802407,卖盘
13:10:45,30.4,0.01,39,118543,中性盘
13:10:49,30.39,-0.01,17,51665,卖盘
13:10:52,30.4,0.01,37,112463,买盘
13:10:54,30.39,-0.01,11,33438,卖盘
13:10:58,30.39,0.0,18,54717,卖盘
13:11:01,30.39,0.0,46,139794,卖盘
13:11:04,30.4,0.01,133,404291,买盘
13:11:07,30.4,0.0,245,744581,买盘
13:11:09,30.39,-0.01,14,42546,卖盘
13:11:13,30.4,0.01,18,54703,买盘
13:11:16,30.4,0.0,7,21277,买盘
13:11:19,30.41,0.01,161,489448,买盘
13:11:22,30.4,-0.01,12,36480,卖盘
13:11:25,30.4,0.0,221,673178,卖盘
13:11:27,30.41,0.01,9,27369,买盘
13:11:30,30.4,-0.01,44,133760,卖盘
13:11:33,30.4,0.0,45,136832,卖盘
13:11:37,30.41,0.01,15,45612,买盘
13:11:39,30.4,-0.01,68,207490,卖盘
13:11:43,30.41,0.01,30,91230,买盘
13:11:46,30.4,-0.01,8,24321,卖盘
13:11:48,30.41,0.01,25,76009,买盘
13:11:52,30.41,0.0,12,36482,买盘
13:11:54,30.41,0.0,5,15201,买盘
13:11:57,30.4,-0.01,2,6080,卖盘
13:12:01,30.4,0.0,101,307048,卖盘
13:12:04,30.4,0.0,48,145956,卖盘
13:12:06,30.41,0.01,46,139876,买盘
13:12:10,30.4,-0.01,67,203689,卖盘
13:12:13,30.41,0.01,32,97289,买盘
13:12:16,30.4,-0.01,206,626240,卖盘
13:12:18,30.4,0.0,45,136801,卖盘
13:12:22,30.4,0.0,49,148961,卖盘
13:12:25,30.4,0.0,91,276649,卖盘
13:12:28,30.4,0.0,185,562401,卖盘
13:12:31,30.4,0.0,178,538935,卖盘
13:12:34,30.39,-0.01,67,203659,卖盘
13:12:37,30.39,0.0,23,69881,买盘
13:12:39,30.38,-0.01,78,237003,卖盘
13:12:44,30.38,0.0,99,300769,卖盘
13:12:46,30.39,0.01,19,57732,买盘
13:12:49,30.38,-0.01,198,601524,卖盘
13:12:52,30.38,0.0,254,771652,卖盘
13:12:55,30.38,0.0,139,422282,卖盘
13:12:57,30.36,-0.02,155,470851,卖盘
13:13:01,30.38,0.02,33,100253,中性盘
13:13:03,30.38,0.0,42,127587,买盘
13:13:07,30.38,0.0,39,118480,买盘
13:13:09,30.37,-0.01,16,48593,卖盘
13:13:15,30.38,0.01,6,18224,买盘
13:13:19,30.37,-0.01,76,230883,卖盘
13:13:22,30.37,0.0,32,97184,卖盘
13:13:25,30.37,0.0,1,3037,卖盘
13:13:27,30.37,0.0,5,15185,卖盘
13:13:30,30.38,0.01,67,203493,买盘
13:13:33,30.38,0.0,84,255154,买盘
13:13:37,30.37,-0.01,130,394810,卖盘
13:13:40,30.4,0.03,698,2123012,买盘
13:13:43,30.4,0.0,53,161120,卖盘
13:13:46,30.4,0.0,69,209760,卖盘
13:13:49,30.4,0.0,41,124640,卖盘
13:13:52,30.37,-0.03,240,727791,卖盘
13:13:55,30.37,0.0,20,60736,买盘
13:13:58,30.37,0.0,14,42518,买盘
13:14:01,30.37,0.0,46,139666,买盘
13:14:04,30.37,0.0,64,194360,买盘
13:14:07,30.37,0.0,4,13423,买盘
13:14:10,30.37,0.0,17,51629,卖盘
13:14:13,30.4,0.03,85,258185,买盘
13:14:16,30.36,-0.04,237,721295,卖盘
13:14:19,30.34,-0.02,66,200295,卖盘
13:14:22,30.36,0.02,11,33394,买盘
13:14:25,30.36,0.0,44,133584,买盘
13:14:28,30.33,-0.03,134,406573,卖盘
13:14:31,30.35,0.02,18,54615,中性盘
13:14:34,30.34,-0.01,19,57655,卖盘
13:14:37,30.35,0.01,74,224592,买盘
13:14:40,30.34,-0.01,86,260909,卖盘
13:14:43,30.38,0.04,205,620661,买盘
13:14:46,30.39,0.01,13,39504,买盘
13:14:49,30.38,-0.01,1,3038,卖盘
13:14:52,30.38,0.0,126,382789,卖盘
13:14:55,30.4,0.02,709,2155971,买盘
13:14:58,30.4,0.0,10,30400,卖盘
13:15:01,30.4,0.0,78,237116,卖盘
13:15:03,30.39,-0.01,85,257784,卖盘
13:15:07,30.4,0.01,555,1687200,买盘
13:15:09,30.4,0.0,90,273548,买盘
13:15:15,30.39,-0.01,8,24314,卖盘
13:15:19,30.4,0.01,338,1027185,买盘
13:15:22,30.4,0.0,148,449892,买盘
13:15:25,30.39,-0.01,10,30392,卖盘
13:15:28,30.39,0.0,43,130669,买盘
13:15:31,30.39,0.0,70,212730,卖盘
13:15:33,30.38,-0.01,40,121526,卖盘
13:15:39,30.36,-0.02,32,97153,卖盘
13:15:43,30.37,0.01,39,118409,买盘
13:15:45,30.37,0.0,22,66806,买盘
13:15:49,30.35,-0.02,15,45536,卖盘
13:15:52,30.37,0.02,27,81957,买盘
13:15:55,30.35,-0.02,2,6070,卖盘
13:15:57,30.36,0.01,20,60720,中性盘
13:16:01,30.36,0.0,47,142711,卖盘
13:16:04,30.36,0.0,69,209523,卖盘
13:16:07,30.36,0.0,62,188259,卖盘
13:16:10,30.36,0.0,203,616147,卖盘
13:16:16,30.36,0.0,41,124444,买盘
13:16:18,30.35,-0.01,1,3035,卖盘
13:16:22,30.35,0.0,17,51595,卖盘
13:16:25,30.36,0.01,26,78920,买盘
13:16:28,30.36,0.0,205,622186,买盘
13:16:30,30.35,-0.01,42,127490,卖盘
13:16:34,30.36,0.01,34,103222,买盘
13:16:37,30.36,0.0,29,88024,买盘
13:16:40,30.36,0.0,302,916879,买盘
13:16:43,30.36,0.0,84,254945,买盘
13:16:46,30.36,0.0,16,48569,买盘
13:16:49,30.35,-0.01,35,106245,卖盘
13:16:52,30.35,0.0,36,109280,卖盘
13:16:55,30.36,0.01,44,133584,买盘
13:16:57,30.37,0.01,8,24289,买盘
13:17:00,30.36,-0.01,20,60722,卖盘
13:17:04,30.36,0.0,10,30360,卖盘
13:17:06,30.37,0.01,27,81999,买盘
13:17:09,30.36,-0.01,70,212529,卖盘
13:17:12,30.38,0.02,59,179199,买盘
13:17:16,30.4,0.02,860,2614873,买盘
13:17:19,30.4,0.0,6,18240,卖盘
13:17:21,30.4,0.0,88,267528,卖盘
13:17:25,30.4,0.0,38,115520,卖盘
13:17:28,30.4,0.0,285,865792,卖盘
13:17:31,30.4,0.0,14,42551,买盘
13:17:34,30.41,0.01,284,863597,买盘
13:17:37,30.38,-0.03,22,66876,卖盘
13:17:40,30.38,0.0,59,179263,卖盘
13:17:43,30.4,0.02,22,66859,买盘
13:17:45,30.38,-0.02,68,206584,卖盘
13:17:48,30.38,0.0,44,133672,买盘
13:17:52,30.38,0.0,6,18228,买盘
13:17:54,30.37,-0.01,16,48604,卖盘
13:18:01,30.37,0.0,21,63779,卖盘
13:18:04,30.37,0.0,56,170118,卖盘
13:18:07,30.38,0.01,39,118471,买盘
13:18:10,30.37,-0.01,96,291591,卖盘
13:18:12,30.38,0.01,22,66833,买盘
13:18:15,30.38,0.0,90,273417,买盘
13:18:18,30.37,-0.01,49,148813,卖盘
13:18:21,30.38,0.01,22,66821,买盘
13:18:25,30.38,0.0,60,182279,买盘
13:18:28,30.38,0.0,28,85064,买盘
13:18:31,30.38,0.0,185,562010,买盘
13:18:34,30.37,-0.01,767,2329399,卖盘
13:18:37,30.36,-0.01,79,239888,卖盘
13:18:40,30.4,0.04,510,1549726,买盘
13:18:43,30.36,-0.04,15,45544,卖盘
13:18:45,30.38,0.02,5,15189,买盘
13:18:49,30.37,-0.01,9,27333,中性盘
13:18:52,30.37,0.0,26,78944,买盘
13:18:55,30.36,-0.01,18,54648,卖盘
13:18:58,30.37,0.01,9,27329,买盘
13:19:01,30.36,-0.01,34,103238,卖盘
13:19:04,30.36,0.0,100,303667,卖盘
13:19:07,30.36,0.0,49,148787,卖盘
13:19:10,30.38,0.02,28,85063,买盘
13:19:13,30.38,0.0,46,139729,买盘
13:19:16,30.37,-0.01,44,133629,卖盘
13:19:18,30.37,0.0,48,145776,买盘
13:19:22,30.37,0.0,80,242930,买盘
13:19:24,30.37,0.0,35,106295,买盘
13:19:28,30.37,0.0,35,106294,买盘
13:19:31,30.36,-0.01,23,69831,卖盘
13:19:34,30.37,0.01,59,179183,买盘
13:19:37,30.36,-0.01,81,245961,卖盘
13:19:43,30.37,0.01,73,221676,买盘
13:19:46,30.36,-0.01,101,306645,卖盘
13:19:49,30.36,0.0,57,173072,卖盘
13:19:52,30.37,0.01,163,494889,买盘
13:19:55,30.36,-0.01,60,182171,卖盘
13:19:58,30.36,0.0,71,215601,卖盘
13:20:00,30.36,0.0,179,543487,卖盘
13:20:04,30.36,0.0,440,1335873,卖盘
13:20:07,30.36,0.0,181,549555,卖盘
13:20:10,30.36,0.0,80,242880,卖盘
13:20:13,30.36,0.0,247,750000,买盘
13:20:16,30.35,-0.01,70,212452,卖盘
13:20:19,30.35,0.0,19,57673,卖盘
13:20:22,30.36,0.01,77,233757,买盘
13:20:25,30.35,-0.01,57,173053,卖盘
13:20:28,30.36,0.01,25,75886,中性盘
13:20:31,30.35,-0.01,28,84981,卖盘
13:20:34,30.35,0.0,131,397681,卖盘
13:20:37,30.36,0.01,59,179076,中性盘
13:20:40,30.37,0.01,116,352247,买盘
13:20:42,30.35,-0.02,12,36429,卖盘
13:20:46,30.36,0.01,33,100186,买盘
13:20:49,30.35,-0.01,7,21245,卖盘
13:20:52,30.35,0.0,23,69815,卖盘
13:20:54,30.35,0.0,4,12140,卖盘
13:20:57,30.36,0.01,3,9106,买盘
13:21:00,30.35,-0.01,61,185145,卖盘
13:21:04,30.35,0.0,42,127502,卖盘
13:21:06,30.36,0.01,98,297459,买盘
13:21:10,30.35,-0.01,285,864976,卖盘
13:21:12,30.35,0.0,40,121409,卖盘
13:21:16,30.36,0.01,174,528362,买盘
13:21:19,30.36,0.0,14,42504,卖盘
13:21:22,30.36,0.0,13,39468,卖盘
13:21:25,30.36,0.0,29,88053,卖盘
13:21:27,30.37,0.01,12,36444,买盘
13:21:31,30.36,-0.01,63,191268,卖盘
13:21:33,30.37,0.01,53,160959,买盘
13:21:37,30.37,0.0,55,167035,卖盘
13:21:39,30.36,-0.01,65,197350,卖盘
13:21:42,30.37,0.01,50,151853,买盘
13:21:45,30.38,0.01,266,808105,买盘
13:21:49,30.38,0.0,33,100254,卖盘
13:21:51,30.4,0.02,861,2617152,买盘
13:21:54,30.4,0.0,16,48641,卖盘
13:21:58,30.41,0.01,326,991345,买盘
13:22:01,30.4,-0.01,36,109455,卖盘
13:22:03,30.41,0.01,124,377084,买盘
13:22:07,30.41,0.0,100,304042,买盘
13:22:10,30.4,-0.01,20,60800,卖盘
13:22:13,30.4,0.0,710,2158588,卖盘
13:22:16,30.4,0.0,38,115545,卖盘
13:22:19,30.41,0.01,12,36492,买盘
13:22:22,30.4,-0.01,239,726972,买盘
13:22:25,30.41,0.01,37,112497,买盘
13:22:28,30.41,0.0,33,100353,卖盘
13:22:30,30.41,0.0,52,158130,卖盘
13:22:34,30.41,0.0,160,486592,卖盘
13:22:37,30.42,0.01,154,468338,买盘
13:22:40,30.41,-0.01,10,30410,卖盘
13:22:43,30.45,0.04,7963,24246202,买盘
13:22:46,30.45,0.0,153,465885,卖盘
13:22:49,30.47,0.02,344,1047518,买盘
13:22:52,30.46,-0.01,61,185770,中性盘
13:22:54,30.46,0.0,69,210228,卖盘
13:22:58,30.47,0.01,27,82269,买盘
13:23:00,30.46,-0.01,84,255864,卖盘
13:23:04,30.46,0.0,57,173622,买盘
13:23:07,30.47,0.01,388,1182068,买盘
13:23:09,30.46,-0.01,46,140120,中性盘
13:23:12,30.46,0.0,80,243658,买盘
13:23:16,30.46,0.0,36,109636,买盘
13:23:19,30.45,-0.01,28,85283,卖盘
13:23:22,30.45,0.0,602,1833313,卖盘
13:23:24,30.45,0.0,276,839698,卖盘
13:23:31,30.42,-0.03,15,45630,卖盘
13:23:34,30.42,0.0,141,428963,买盘
13:23:40,30.45,0.03,11,33490,买盘
13:23:43,30.43,-0.02,21,63892,买盘
13:23:45,30.43,0.0,42,127784,买盘
13:23:48,30.43,0.0,92,279956,卖盘
13:23:52,30.43,0.0,581,1767443,卖盘
13:23:55,30.43,0.0,585,1781205,卖盘
13:23:58,30.43,0.0,110,334750,卖盘
13:24:01,30.42,-0.01,52,158225,卖盘
13:24:04,30.42,0.0,105,319445,卖盘
13:24:07,30.43,0.01,397,1207713,买盘
13:24:10,30.43,0.0,17,51725,买盘
13:24:12,30.41,-0.02,45,136823,卖盘
13:24:16,30.41,0.0,207,630016,卖盘
13:24:18,30.4,-0.01,54,164169,卖盘
13:24:22,30.37,-0.03,63,191439,卖盘
13:24:25,30.4,0.03,47,142880,买盘
13:24:28,30.39,-0.01,30,91198,卖盘
13:24:31,30.39,0.0,27,82062,卖盘
13:24:33,30.4,0.01,200,607986,买盘
13:24:37,30.4,0.0,3,9122,卖盘
13:24:39,30.41,0.01,11,33449,买盘
13:24:43,30.36,-0.05,130,395107,卖盘
13:24:46,30.37,0.01,34,103275,中性盘
13:24:49,30.38,0.01,17,51630,买盘
13:24:52,30.38,0.0,37,112395,买盘
13:24:55,30.38,0.0,36,109367,买盘
13:24:58,30.37,-0.01,548,1663630,卖盘
13:25:01,30.36,-0.01,43,130564,卖盘
13:25:04,30.37,0.01,29,88073,中性盘
13:25:07,30.38,0.01,88,267332,买盘
13:25:09,30.37,-0.01,6,18222,卖盘
13:25:13,30.37,0.0,87,264275,卖盘
13:25:16,30.38,0.01,13,39491,买盘
13:25:19,30.4,0.02,278,845070,买盘
13:25:22,30.41,0.01,23,69943,买盘
13:25:24,30.42,0.01,5,15208,买盘
13:25:28,30.42,0.0,13,39541,卖盘
13:25:31,30.42,0.0,65,197714,买盘
13:25:33,30.42,0.0,13,39546,卖盘
13:25:37,30.43,0.01,49,149099,买盘
13:25:40,30.43,0.0,338,1027803,买盘
13:25:43,30.42,-0.01,23,69973,卖盘
13:25:46,30.43,0.01,5,15212,买盘
13:25:49,30.43,0.0,23,69989,买盘
13:25:52,30.42,-0.01,51,155142,卖盘
13:25:55,30.43,0.01,85,258678,买盘
13:25:58,30.43,0.0,47,142988,买盘
13:26:01,30.44,0.01,52,158201,买盘
13:26:04,30.43,-0.01,21,63913,卖盘
13:26:07,30.44,0.01,130,395672,买盘
13:26:10,30.44,0.0,57,173502,买盘
13:26:12,30.44,0.0,315,958777,卖盘
13:26:16,30.42,-0.02,38,115633,卖盘
13:26:19,30.43,0.01,59,179537,买盘
13:26:22,30.42,-0.01,29,88236,卖盘
13:26:25,30.39,-0.03,260,790595,卖盘
13:26:28,30.39,0.0,19,57748,卖盘
13:26:31,30.4,0.01,29,88138,买盘
13:26:34,30.39,-0.01,71,215765,中性盘
13:26:37,30.42,0.03,24,72997,买盘
13:26:40,30.42,0.0,19,57795,买盘
13:26:43,30.4,-0.02,18,54746,卖盘
13:26:45,30.37,-0.03,271,823570,卖盘
13:26:49,30.42,0.05,30,91260,买盘
13:26:52,30.42,0.0,48,146027,卖盘
13:26:54,30.4,-0.02,32,97312,卖盘
13:26:58,30.39,-0.01,1,3039,卖盘
13:27:01,30.39,0.0,31,94209,卖盘
13:27:04,30.4,0.01,80,243165,买盘
13:27:06,30.4,0.0,85,258343,买盘
13:27:10,30.4,0.0,10,30399,买盘
13:27:13,30.4,0.0,190,577590,买盘
13:27:16,30.39,-0.01,43,130709,卖盘
13:27:18,30.42,0.03,49,148964,买盘
13:27:22,30.4,-0.02,21,63840,卖盘
13:27:24,30.4,0.0,143,434720,卖盘
13:27:28,30.4,0.0,22,66880,买盘
13:27:31,30.4,0.0,48,145915,买盘
13:27:33,30.4,0.0,46,139829,买盘
13:27:36,30.4,0.0,52,158142,卖盘
13:27:40,30.4,0.0,32,97280,卖盘
13:27:42,30.4,0.0,12,36479,买盘
13:27:46,30.4,0.0,4,12161,卖盘
13:27:49,30.41,0.01,9,27369,买盘
13:27:52,30.4,-0.01,42,127685,卖盘
13:27:55,30.41,0.01,6,18246,买盘
13:27:58,30.41,0.0,22,66902,买盘
13:28:00,30.41,0.0,49,149005,买盘
13:28:04,30.41,0.0,40,121662,卖盘
13:28:07,30.42,0.01,15,45629,买盘
13:28:10,30.42,0.0,10,30429,卖盘
13:28:13,30.42,0.0,14,42588,卖盘
13:28:16,30.43,0.01,27,82135,买盘
13:28:18,30.43,0.0,121,368201,买盘
13:28:22,30.43,0.0,27,82161,卖盘
13:28:25,30.44,0.01,222,675693,买盘
13:28:31,30.44,0.0,48,146107,买盘
13:28:33,30.44,0.0,42,127837,买盘
13:28:37,30.44,0.0,80,243520,卖盘
13:28:40,30.44,0.0,121,368273,买盘
13:28:43,30.43,-0.01,431,1311543,卖盘
13:28:46,30.43,0.0,5,15215,卖盘
13:28:49,30.44,0.01,9,27396,买盘
13:28:52,30.43,-0.01,14,42602,卖盘
13:28:54,30.44,0.01,33,100452,买盘
13:28:58,30.43,-0.01,39,118677,卖盘
13:29:01,30.45,0.02,556,1692588,买盘
13:29:04,30.44,-0.01,14,42603,中性盘
13:29:07,30.44,0.0,59,179633,卖盘
13:29:09,30.44,0.0,172,523594,卖盘
13:29:13,30.45,0.01,335,1019881,买盘
13:29:16,30.44,-0.01,34,103491,中性盘
13:29:19,30.44,0.0,1,3044,买盘
13:29:22,30.45,0.01,63,191768,买盘
13:29:25,30.44,-0.01,18,54798,中性盘
13:29:27,30.44,0.0,530,1613818,买盘
13:29:30,30.44,0.0,146,444312,买盘
13:29:34,30.45,0.01,422,1285345,买盘
13:29:37,30.44,-0.01,32,97410,卖盘
13:29:40,30.44,0.0,65,197869,卖盘
13:29:43,30.44,0.0,253,770361,卖盘
13:29:46,30.44,0.0,5,15220,卖盘
13:29:49,30.45,0.01,47,143115,买盘
13:29:52,30.44,-0.01,452,1375127,卖盘
13:29:55,30.44,0.0,151,460478,买盘
13:29:58,30.45,0.01,26,79170,买盘
13:30:01,30.44,-0.01,14,42625,卖盘
13:30:04,30.44,0.0,435,1323379,卖盘
13:30:07,30.44,0.0,40,121731,买盘
13:30:10,30.43,-0.01,92,280043,卖盘
13:30:13,30.45,0.02,548,1668586,买盘
13:30:16,30.45,0.0,142,433093,买盘
13:30:18,30.46,0.01,15,45687,买盘
13:30:22,30.45,-0.01,20,60909,卖盘
13:30:25,30.45,0.0,431,1311633,卖盘
13:30:28,30.45,0.0,56,170520,买盘
13:30:30,30.45,0.0,53,162124,买盘
13:30:34,30.44,-0.01,57,173557,卖盘
13:30:37,30.45,0.01,88,267883,卖盘
13:30:39,30.42,-0.03,514,1563026,卖盘
13:30:43,30.41,-0.01,43,130778,卖盘
13:30:45,30.42,0.01,44,133848,买盘
13:30:48,30.41,-0.01,30,91242,卖盘
13:30:52,30.42,0.01,12,36504,买盘
13:30:55,30.42,0.0,222,675312,买盘
13:30:58,30.41,-0.01,29,88215,卖盘
13:31:01,30.42,0.01,36,109507,买盘
13:31:04,30.42,0.0,71,215968,买盘
13:31:07,30.41,-0.01,57,173370,卖盘
13:31:09,30.41,0.0,53,161962,卖盘
13:31:13,30.41,0.0,313,951994,卖盘
13:31:16,30.4,-0.01,79,240180,卖盘
13:31:19,30.4,0.0,182,553289,卖盘
13:31:21,30.4,0.0,32,97295,卖盘
13:31:25,30.41,0.01,46,139861,买盘
13:31:28,30.42,0.01,29,88193,买盘
13:31:31,30.41,-0.01,56,170297,卖盘
13:31:34,30.41,0.0,103,313173,买盘
13:31:36,30.4,-0.01,31,94240,卖盘
13:31:40,30.4,0.0,18,54732,卖盘
13:31:43,30.39,-0.01,32,97289,买盘
13:31:46,30.4,0.01,17,51679,买盘
13:31:49,30.39,-0.01,107,324415,卖盘
13:31:52,30.4,0.01,290,882339,买盘
13:31:55,30.41,0.01,154,468192,买盘
13:31:58,30.4,-0.01,134,406600,卖盘
13:32:01,30.4,0.0,301,914678,买盘
13:32:04,30.41,0.01,132,402067,买盘
13:32:07,30.38,-0.03,98,297066,卖盘
13:32:10,30.38,0.0,52,158005,卖盘
13:32:13,30.38,0.0,29,88115,卖盘
13:32:16,30.38,0.0,124,376717,卖盘
13:32:18,30.38,0.0,4,12152,卖盘
13:32:22,30.39,0.01,10,30390,买盘
13:32:25,30.39,0.0,45,136745,买盘
13:32:28,30.39,0.0,5,15195,买盘
13:32:30,30.39,0.0,58,176258,买盘
13:32:33,30.39,0.0,46,139790,买盘
13:32:37,30.4,0.01,29,88131,买盘
13:32:40,30.38,-0.02,11,33428,卖盘
13:32:43,30.4,0.02,76,230981,买盘
13:32:46,30.39,-0.01,15,45590,卖盘
13:32:48,30.39,0.0,1,3039,卖盘
13:32:51,30.4,0.01,29,88158,买盘
13:32:55,30.39,-0.01,35,106365,卖盘
13:32:58,30.39,0.0,89,270480,卖盘
13:33:01,30.39,0.0,7,21273,卖盘
13:33:04,30.4,0.01,93,282696,买盘
13:33:07,30.4,0.0,116,352534,买盘
13:33:09,30.39,-0.01,195,592631,卖盘
13:33:13,30.39,0.0,172,522619,买盘
13:33:16,30.38,-0.01,5,15191,卖盘
13:33:19,30.38,0.0,49,148862,卖盘
13:33:21,30.38,0.0,83,252107,买盘
13:33:25,30.37,-0.01,1,3037,卖盘
13:33:28,30.4,0.03,690,2097306,买盘
13:33:31,30.41,0.01,61,185398,买盘
13:33:34,30.39,-0.02,109,331065,中性盘
13:33:37,30.38,-0.01,27,82035,卖盘
13:33:40,30.38,0.0,23,69884,卖盘
13:33:43,30.38,0.0,39,118513,卖盘
13:33:45,30.39,0.01,9,27343,中性盘
13:33:49,30.4,0.01,43,130679,买盘
13:33:51,30.38,-0.02,16,48628,中性盘
13:33:55,30.38,0.0,62,188356,买盘
13:33:58,30.37,-0.01,5,15185,卖盘
13:34:01,30.37,0.0,52,157952,卖盘
13:34:04,30.38,0.01,38,115445,买盘
13:34:07,30.38,0.0,14,42532,卖盘
13:34:09,30.39,0.01,49,148874,买盘
13:34:12,30.38,-0.01,83,252174,卖盘
13:34:16,30.38,0.0,135,410163,卖盘
13:34:18,30.37,-0.01,40,121519,卖盘
