time,price,change,volume,amount,type
09:25:03,29.6,-0.07,2169,6420240,卖盘
09:30:02,29.6,0.0,932,2758684,买盘
09:30:04,29.6,0.0,1544,4570679,卖盘
09:30:08,29.64,0.04,230,681245,买盘
09:30:11,29.6,-0.04,544,1610801,卖盘
09:30:14,29.66,0.06,121,358561,买盘
09:30:17,29.61,-0.05,47,139189,卖盘
09:30:20,29.61,0.0,29,85881,买盘
09:30:23,29.65,0.04,154,456107,买盘
09:30:26,29.66,0.01,69,204610,买盘
09:30:28,29.63,-0.03,56,166047,卖盘
09:30:33,29.63,0.0,54,160101,卖盘
09:30:35,29.63,0.0,42,124508,买盘
09:30:38,29.62,-0.01,29,85890,卖盘
09:30:41,29.62,0.0,71,210375,卖盘
09:30:44,29.63,0.01,162,479973,买盘
09:30:48,29.63,0.0,102,302224,买盘
09:30:49,29.64,0.01,61,180739,买盘
09:30:52,29.63,-0.01,114,337724,卖盘
09:30:56,29.65,0.02,129,382356,买盘
09:30:59,29.65,0.0,143,423993,买盘
09:31:02,29.66,0.01,145,429843,买盘
09:31:04,29.65,-0.01,23,68191,买盘
09:31:08,29.65,0.0,52,154185,买盘
09:31:11,29.64,-0.01,66,195649,卖盘
09:31:14,29.64,0.0,67,198619,卖盘
09:31:17,29.63,-0.01,335,992721,卖盘
09:31:20,29.65,0.02,65,192682,买盘
09:31:23,29.65,0.0,83,246033,买盘
09:31:26,29.63,-0.02,30,88914,卖盘
09:31:29,29.64,0.01,26,77055,中性盘
09:31:31,29.63,-0.01,85,251816,卖盘
09:31:34,29.63,0.0,61,180743,买盘
09:31:38,29.62,-0.01,66,195537,卖盘
09:31:40,29.62,0.0,73,216288,卖盘
09:31:44,29.66,0.04,79,234131,买盘
09:31:48,29.63,-0.03,49,145236,卖盘
09:31:49,29.66,0.03,19,56348,买盘
09:31:53,29.66,0.0,63,186754,买盘
09:31:56,29.67,0.01,83,246207,买盘
09:31:59,29.65,-0.02,466,1381271,买盘
09:32:02,29.63,-0.02,73,216383,卖盘
09:32:05,29.64,0.01,86,254908,买盘
09:32:08,29.63,-0.01,21,62231,卖盘
09:32:11,29.64,0.01,179,530504,买盘
09:32:14,29.64,0.0,16,47416,中性盘
09:32:18,29.63,-0.01,82,243048,卖盘
09:32:19,29.64,0.01,52,154123,买盘
09:32:23,29.63,-0.01,86,254819,卖盘
09:32:26,29.63,0.0,38,112626,卖盘
09:32:29,29.63,0.0,48,142224,卖盘
09:32:32,29.63,0.0,84,248902,卖盘
09:32:35,29.63,0.0,155,459234,买盘
09:32:38,29.63,0.0,258,764255,买盘
09:32:41,29.62,-0.01,79,234011,卖盘
09:32:44,29.62,0.0,62,183644,买盘
09:32:48,29.62,0.0,441,1306087,买盘
09:32:50,29.63,0.01,78,230993,买盘
09:32:53,29.61,-0.02,199,589255,卖盘
09:32:55,29.62,0.01,304,900047,买盘
09:32:59,29.6,-0.02,374,1107153,卖盘
09:33:03,29.64,0.04,206,610045,买盘
09:33:04,29.65,0.01,191,566024,买盘
09:33:08,29.61,-0.04,19,56271,卖盘
09:33:10,29.6,-0.01,158,467711,卖盘
09:33:14,29.59,-0.01,471,1394066,卖盘
09:33:18,29.59,0.0,46,136181,卖盘
09:33:20,29.58,-0.01,71,210088,卖盘
09:33:23,29.58,0.0,273,807593,卖盘
09:33:26,29.6,0.02,79,233773,买盘
09:33:29,29.6,0.0,185,547601,卖盘
09:33:33,29.65,0.05,273,808610,买盘
09:33:36,29.6,-0.05,17,50320,中性盘
09:33:38,29.6,0.0,62,183497,买盘
09:33:41,29.59,-0.01,89,263409,卖盘
09:33:44,29.6,0.01,77,227845,买盘
09:33:48,29.6,0.0,147,435207,买盘
09:33:50,29.64,0.04,3,8888,买盘
09:33:53,29.6,-0.04,44,130252,卖盘
09:33:56,29.64,0.04,18,53352,买盘
09:33:59,29.6,-0.04,38,112500,卖盘
09:34:03,29.6,0.0,75,222019,卖盘
09:34:05,29.64,0.04,74,219165,买盘
09:34:08,29.6,-0.04,44,130284,卖盘
09:34:11,29.6,0.0,28,82910,卖盘
09:34:14,29.6,0.0,42,124322,卖盘
09:34:17,29.6,0.0,486,1439080,卖盘
09:34:20,29.6,0.0,134,396836,卖盘
09:34:23,29.64,0.04,50,148200,买盘
09:34:26,29.64,0.0,149,441386,买盘
09:34:29,29.61,-0.03,180,532789,中性盘
09:34:32,29.6,-0.01,195,577597,卖盘
09:34:35,29.61,0.01,52,153936,买盘
09:34:38,29.6,-0.01,116,343504,卖盘
09:34:41,29.6,0.0,50,148035,卖盘
09:34:44,29.61,0.01,21,62171,中性盘
09:34:46,29.64,0.03,22,65165,买盘
09:34:50,29.63,-0.01,73,216168,卖盘
09:34:53,29.64,0.01,37,109668,买盘
09:34:55,29.66,0.02,71,210525,买盘
09:34:59,29.67,0.01,33,97884,买盘
09:35:03,29.64,-0.03,74,219282,卖盘
09:35:05,29.64,0.0,105,311201,买盘
09:35:08,29.66,0.02,85,251936,买盘
09:35:11,29.62,-0.04,43,127433,卖盘
09:35:14,29.64,0.02,50,148152,买盘
09:35:18,29.64,0.0,49,145264,卖盘
09:35:20,29.67,0.03,50,148309,买盘
09:35:23,29.64,-0.03,41,121570,卖盘
09:35:25,29.65,0.01,7,20760,中性盘
09:35:28,29.64,-0.01,112,332048,卖盘
09:35:31,29.67,0.03,165,489342,买盘
09:35:35,29.67,0.0,9,26700,买盘
09:35:38,29.64,-0.03,529,1566719,卖盘
09:35:41,29.67,0.03,76,225399,买盘
09:35:44,29.65,-0.02,19,56353,卖盘
09:35:48,29.63,-0.02,315,932719,卖盘
09:35:49,29.67,0.04,52,154277,买盘
09:35:53,29.63,-0.04,529,1566158,卖盘
09:35:56,29.68,0.05,98,290750,买盘
09:35:59,29.69,0.01,42,124647,买盘
09:36:03,29.67,-0.02,132,391669,卖盘
09:36:05,29.68,0.01,22,65283,买盘
09:36:08,29.7,0.02,85,252305,买盘
09:36:11,29.72,0.02,379,1124641,买盘
09:36:14,29.7,-0.02,41,121803,卖盘
09:36:17,29.74,0.04,54,160505,买盘
09:36:20,29.75,0.01,39,115984,买盘
09:36:23,29.75,0.0,13,38656,买盘
09:36:26,29.74,-0.01,35,104117,中性盘
09:36:29,29.74,0.0,138,410249,买盘
09:36:33,29.72,-0.02,276,820799,卖盘
09:36:35,29.72,0.0,69,205068,买盘
09:36:38,29.72,0.0,39,115906,买盘
09:36:41,29.72,0.0,117,347645,买盘
09:36:44,29.74,0.02,42,124848,买盘
09:36:48,29.72,-0.02,79,234690,卖盘
09:36:50,29.75,0.03,84,249829,买盘
09:36:53,29.72,-0.03,10,29720,卖盘
09:36:56,29.74,0.02,44,130807,买盘
09:36:59,29.72,-0.02,164,487420,卖盘
09:37:01,29.72,0.0,58,172411,卖盘
09:37:05,29.73,0.01,148,439932,买盘
09:37:08,29.75,0.02,134,398488,买盘
09:37:11,29.74,-0.01,34,101092,中性盘
09:37:14,29.74,0.0,34,101118,卖盘
09:37:17,29.75,0.01,601,1787808,买盘
09:37:20,29.76,0.01,50,148778,买盘
09:37:23,29.76,0.0,45,133891,买盘
09:37:25,29.75,-0.01,115,342157,卖盘
09:37:29,29.77,0.02,291,865937,买盘
09:37:31,29.76,-0.01,140,416662,卖盘
09:37:35,29.77,0.01,466,1387079,买盘
09:37:38,29.78,0.01,30,89309,买盘
09:37:41,29.77,-0.01,69,205429,卖盘
09:37:43,29.78,0.01,95,282842,买盘
09:37:47,29.76,-0.02,37,110166,卖盘
09:37:50,29.77,0.01,28,83371,卖盘
09:37:53,29.78,0.01,266,792101,买盘
09:37:56,29.78,0.0,50,148868,买盘
09:37:59,29.78,0.0,61,181667,买盘
09:38:03,29.79,0.01,282,840085,买盘
09:38:06,29.83,0.04,344,1025037,买盘
09:38:08,29.79,-0.04,56,166997,卖盘
09:38:11,29.83,0.04,109,325105,买盘
09:38:14,29.81,-0.02,67,199827,卖盘
09:38:17,29.83,0.02,71,211787,买盘
09:38:20,29.82,-0.01,55,163990,买盘
09:38:23,29.82,0.0,312,930327,买盘
09:38:26,29.82,0.0,353,1053039,买盘
09:38:29,29.83,0.01,211,629316,买盘
09:38:33,29.84,0.01,356,1061921,买盘
09:38:36,29.82,-0.02,702,2094633,卖盘
09:38:37,29.83,0.01,220,656512,中性盘
09:38:41,29.85,0.02,98,292430,买盘
09:38:44,29.85,0.0,122,364145,买盘
09:38:47,29.85,0.0,186,555215,买盘
09:38:50,29.85,0.0,51,152257,卖盘
09:38:53,29.85,0.0,83,247769,卖盘
09:38:56,29.86,0.01,84,250788,买盘
09:38:59,29.86,0.0,128,382079,买盘
09:39:03,29.85,-0.01,93,277638,中性盘
09:39:06,29.85,0.0,241,719328,买盘
09:39:08,29.84,-0.01,75,223852,卖盘
09:39:10,29.84,0.0,226,674579,卖盘
09:39:14,29.84,0.0,85,253669,卖盘
09:39:18,29.84,0.0,167,498322,卖盘
09:39:20,29.84,0.0,80,238698,买盘
09:39:23,29.84,0.0,184,549020,买盘
09:39:26,29.84,0.0,160,477244,买盘
09:39:28,29.83,-0.01,5,14915,中性盘
09:39:32,29.82,-0.01,144,429425,卖盘
09:39:36,29.8,-0.02,105,312986,卖盘
09:39:38,29.82,0.02,43,128197,买盘
09:39:40,29.82,0.0,365,1087951,买盘
09:39:44,29.78,-0.04,97,289037,卖盘
09:39:47,29.8,0.02,48,143005,买盘
09:39:50,29.82,0.02,56,166935,买盘
09:39:53,29.82,0.0,69,205636,买盘
09:39:54,29.81,-0.01,217,646950,卖盘
09:39:59,29.82,0.01,404,1204348,买盘
09:40:02,29.81,-0.01,170,506783,卖盘
09:40:03,29.82,0.01,388,1156711,买盘
09:40:08,29.81,-0.01,187,557576,卖盘
09:40:11,29.81,0.0,131,390436,买盘
09:40:14,29.82,0.01,250,745307,买盘
09:40:17,29.82,0.0,304,906286,买盘
09:40:20,29.82,0.0,195,581674,卖盘
09:40:23,29.83,0.01,185,551852,买盘
09:40:26,29.82,-0.01,256,763534,卖盘
09:40:29,29.82,0.0,107,319265,卖盘
09:40:32,29.83,0.01,430,1282944,买盘
09:40:35,29.83,0.0,58,173065,卖盘
09:40:38,29.84,0.01,128,381838,买盘
09:40:39,29.85,0.01,48,143242,买盘
09:40:44,29.85,0.0,75,223812,买盘
09:40:47,29.84,-0.01,131,390813,卖盘
09:40:50,29.83,-0.01,13,38790,卖盘
09:40:53,29.84,0.01,34,101474,卖盘
09:40:56,29.82,-0.02,168,501087,卖盘
09:40:58,29.82,0.0,73,217757,卖盘
09:41:03,29.82,0.0,44,131228,卖盘
09:41:05,29.82,0.0,86,256452,买盘
09:41:08,29.83,0.01,69,205722,买盘
09:41:11,29.83,0.0,27,80523,买盘
09:41:13,29.8,-0.03,233,694577,卖盘
09:41:16,29.8,0.0,160,476800,买盘
09:41:20,29.8,0.0,53,157936,买盘
09:41:22,29.8,0.0,57,169828,买盘
09:41:26,29.8,0.0,119,354500,买盘
09:41:28,29.8,0.0,21,62578,买盘
09:41:33,29.78,-0.02,7,20856,卖盘
09:41:35,29.77,-0.01,210,625378,卖盘
09:41:38,29.78,0.01,31,92367,买盘
09:41:39,29.8,0.02,85,253136,买盘
09:41:44,29.78,-0.02,72,214483,卖盘
09:41:47,29.78,0.0,50,148900,卖盘
09:41:50,29.78,0.0,132,393164,卖盘
09:41:53,29.78,0.0,123,366128,买盘
09:41:56,29.79,0.01,179,532877,买盘
09:41:59,29.8,0.01,151,449869,买盘
09:42:02,29.79,-0.01,35,104270,卖盘
09:42:05,29.79,0.0,133,396207,卖盘
09:42:08,29.8,0.01,135,402050,买盘
09:42:09,29.79,-0.01,38,113216,卖盘
09:42:14,29.79,0.0,7,20853,买盘
09:42:17,29.78,-0.01,242,721000,卖盘
09:42:20,29.8,0.02,5,14900,买盘
09:42:23,29.79,-0.01,22,65540,卖盘
09:42:26,29.81,0.02,82,246330,买盘
09:42:29,29.78,-0.03,10,29787,卖盘
09:42:32,29.79,0.01,37,110203,买盘
09:42:33,29.76,-0.03,71,211431,卖盘
09:42:38,29.78,0.02,194,577731,买盘
09:42:39,29.78,0.0,53,157816,买盘
09:42:44,29.78,0.0,85,253127,买盘
09:42:47,29.78,0.0,109,324471,买盘
09:42:50,29.77,-0.01,45,134005,卖盘
09:42:53,29.77,0.0,11,32746,买盘
09:42:56,29.78,0.01,214,637008,买盘
09:42:59,29.76,-0.02,56,166734,卖盘
09:43:02,29.76,0.0,13,38696,卖盘
09:43:05,29.77,0.01,42,125023,买盘
09:43:08,29.76,-0.01,171,506947,卖盘
09:43:12,29.76,0.0,12,35721,卖盘
09:43:14,29.76,0.0,15,44642,卖盘
09:43:17,29.76,0.0,475,1413531,卖盘
09:43:20,29.78,0.02,82,244157,买盘
09:43:26,29.76,-0.02,186,553419,卖盘
09:43:28,29.77,0.01,78,232158,买盘
09:43:32,29.76,-0.01,34,101186,卖盘
09:43:35,29.75,-0.01,117,348154,卖盘
09:43:38,29.74,-0.01,250,743669,卖盘
09:43:39,29.77,0.03,18,53560,买盘
09:43:44,29.75,-0.02,16,47614,卖盘
09:43:46,29.75,0.0,126,374780,卖盘
09:43:50,29.76,0.01,7,20829,买盘
09:43:53,29.76,0.0,74,220185,买盘
09:43:56,29.75,-0.01,80,238021,卖盘
09:43:59,29.78,0.03,13,38712,买盘
09:44:02,29.75,-0.03,30,89257,卖盘
09:44:05,29.76,0.01,28,83336,卖盘
09:44:07,29.76,0.0,80,238123,卖盘
09:44:11,29.77,0.01,16,47632,买盘
09:44:14,29.76,-0.01,67,199400,卖盘
09:44:17,29.77,0.01,58,172615,买盘
09:44:20,29.77,0.0,89,264947,卖盘
09:44:23,29.75,-0.02,50,148805,卖盘
09:44:26,29.74,-0.01,38,113044,卖盘
09:44:28,29.76,0.02,189,562561,买盘
09:44:32,29.76,0.0,27,80375,中性盘
09:44:35,29.73,-0.03,77,228991,卖盘
09:44:37,29.74,0.01,99,294341,买盘
09:44:41,29.74,0.0,13,38662,买盘
09:44:43,29.72,-0.02,80,237791,卖盘
09:44:46,29.71,-0.01,151,448850,卖盘
09:44:50,29.74,0.03,84,249600,买盘
09:44:53,29.73,-0.01,237,705068,中性盘
09:44:56,29.69,-0.04,106,314998,卖盘
09:44:59,29.74,0.05,63,187200,买盘
09:45:02,29.71,-0.03,16,47548,卖盘
09:45:05,29.71,0.0,79,234708,买盘
09:45:08,29.72,0.01,106,314961,中性盘
09:45:11,29.71,-0.01,123,365673,卖盘
09:45:14,29.72,0.01,54,160502,中性盘
09:45:17,29.73,0.01,32,95128,买盘
09:45:18,29.8,0.07,796,2370042,买盘
09:45:22,29.78,-0.02,180,535595,中性盘
09:45:26,29.83,0.05,468,1393141,买盘
09:45:29,29.8,-0.03,54,160656,中性盘
09:45:31,29.8,0.0,173,514716,中性盘
09:45:35,29.74,-0.06,106,315310,卖盘
09:45:38,29.8,0.06,383,1138891,卖盘
09:45:41,29.81,0.01,78,232374,买盘
09:45:44,29.8,-0.01,35,104330,卖盘
09:45:47,29.74,-0.06,367,1092005,卖盘
09:45:50,29.8,0.06,47,139957,买盘
09:45:53,29.74,-0.06,45,133941,卖盘
09:45:54,29.74,0.0,87,258711,卖盘
09:45:58,29.8,0.06,67,199302,买盘
09:46:02,29.75,-0.05,10,29770,卖盘
09:46:05,29.76,0.01,99,294675,中性盘
09:46:08,29.8,0.04,102,303531,买盘
09:46:11,29.75,-0.05,8,23823,卖盘
09:46:14,29.76,0.01,7,20830,买盘
09:46:17,29.75,-0.01,132,392884,卖盘
09:46:20,29.79,0.04,94,279740,买盘
09:46:23,29.78,-0.01,4,11911,中性盘
09:46:26,29.76,-0.02,56,166664,卖盘
09:46:29,29.78,0.02,48,142830,中性盘
09:46:32,29.78,0.0,27,80397,买盘
09:46:35,29.77,-0.01,71,211403,卖盘
09:46:38,29.78,0.01,161,479194,买盘
09:46:41,29.79,0.01,124,369270,买盘
09:46:43,29.79,0.0,58,172724,买盘
09:46:47,29.75,-0.04,174,517938,卖盘
09:46:50,29.78,0.03,36,107142,买盘
09:46:52,29.77,-0.01,48,142857,中性盘
09:46:56,29.77,0.0,11,32743,买盘
09:46:59,29.77,0.0,87,258918,买盘
09:47:02,29.77,0.0,11,32737,买盘
09:47:05,29.76,-0.01,18,54709,卖盘
09:47:08,29.77,0.01,51,151756,买盘
09:47:11,29.79,0.02,10,29776,买盘
09:47:16,29.76,-0.03,45,133948,卖盘
09:47:20,29.77,0.01,387,1151690,买盘
09:47:23,29.78,0.01,4,11912,买盘
09:47:26,29.77,-0.01,85,252951,卖盘
09:47:28,29.77,0.0,74,220115,买盘
09:47:32,29.76,-0.01,38,113112,中性盘
09:47:35,29.76,0.0,79,235187,卖盘
09:47:38,29.77,0.01,46,136902,中性盘
09:47:41,29.76,-0.01,62,182682,卖盘
09:47:44,29.76,0.0,46,136899,卖盘
09:47:47,29.76,0.0,141,421417,卖盘
09:47:49,29.76,0.0,10,29757,买盘
09:47:53,29.76,0.0,38,113040,买盘
09:47:56,29.74,-0.02,17,50564,卖盘
09:47:59,29.75,0.01,63,187341,买盘
09:48:02,29.75,0.0,9,26771,买盘
09:48:05,29.74,-0.01,21,62474,卖盘
09:48:08,29.74,0.0,80,237920,卖盘
09:48:11,29.74,0.0,47,139778,买盘
09:48:14,29.74,0.0,10,29740,买盘
09:48:17,29.74,0.0,112,333019,买盘
09:48:20,29.74,0.0,52,153467,买盘
09:48:26,29.72,-0.02,43,128930,卖盘
09:48:29,29.71,-0.01,339,1006119,卖盘
09:48:32,29.71,0.0,27,80217,买盘
09:48:35,29.7,-0.01,31,92077,卖盘
09:48:37,29.71,0.01,173,513821,买盘
09:48:41,29.71,0.0,59,176420,买盘
09:48:44,29.71,0.0,232,689244,卖盘
09:48:47,29.7,-0.01,88,261393,卖盘
09:48:50,29.71,0.01,14,41594,买盘
09:48:53,29.71,0.0,88,261395,买盘
09:48:56,29.71,0.0,101,299981,买盘
09:48:59,29.7,-0.01,159,471102,卖盘
09:49:02,29.7,0.0,33,98010,买盘
09:49:05,29.69,-0.01,7,21911,卖盘
09:49:08,29.69,0.0,158,469112,卖盘
09:49:11,29.69,0.0,29,84977,卖盘
09:49:14,29.68,-0.01,1,2968,卖盘
09:49:17,29.69,0.01,99,293841,买盘
09:49:20,29.68,-0.01,120,356227,卖盘
09:49:23,29.68,0.0,295,875560,卖盘
09:49:26,29.68,0.0,65,192932,卖盘
09:49:29,29.69,0.01,111,329493,买盘
09:49:32,29.68,-0.01,91,270112,卖盘
09:49:35,29.68,0.0,39,115752,买盘
09:49:38,29.68,0.0,103,305609,买盘
09:49:40,29.67,-0.01,161,477735,卖盘
09:49:43,29.67,0.0,19,56373,买盘
09:49:47,29.66,-0.01,101,299570,卖盘
09:49:50,29.67,0.01,33,97905,买盘
09:49:53,29.66,-0.01,78,231399,卖盘
09:49:56,29.66,0.0,31,91965,卖盘
09:49:59,29.66,0.0,92,272875,卖盘
09:50:02,29.66,0.0,65,192809,卖盘
09:50:05,29.67,0.01,12,35603,买盘
09:50:08,29.67,0.0,90,266907,卖盘
09:50:10,29.67,0.0,8,23739,卖盘
09:50:14,29.68,0.01,240,711810,买盘
09:50:17,29.66,-0.02,55,163108,卖盘
09:50:19,29.68,0.02,100,296625,买盘
09:50:23,29.67,-0.01,69,204647,中性盘
09:50:26,29.65,-0.02,58,172029,卖盘
09:50:29,29.66,0.01,63,187924,中性盘
09:50:32,29.67,0.01,15,44505,买盘
09:50:35,29.68,0.01,85,252263,买盘
09:50:38,29.65,-0.03,77,228402,卖盘
09:50:41,29.68,0.03,70,207728,中性盘
09:50:44,29.68,0.0,38,112786,买盘
09:50:46,29.68,0.0,49,145381,卖盘
09:50:50,29.7,0.02,24,71240,买盘
09:50:52,29.69,-0.01,12,35628,中性盘
09:50:56,29.7,0.01,193,573210,买盘
09:50:59,29.7,0.0,86,255323,买盘
09:51:02,29.7,0.0,32,95040,买盘
09:51:05,29.7,0.0,20,59400,买盘
09:51:08,29.71,0.01,104,308717,买盘
09:51:11,29.73,0.02,265,787637,买盘
09:51:14,29.72,-0.01,203,603329,中性盘
09:51:16,29.73,0.01,188,558807,买盘
09:51:20,29.74,0.01,130,386613,买盘
09:51:23,29.76,0.02,26,77369,买盘
09:51:24,29.75,-0.01,2,5950,中性盘
09:51:29,29.74,-0.01,112,332991,卖盘
09:51:32,29.75,0.01,20,59488,买盘
09:51:35,29.75,0.0,53,157671,卖盘
09:51:38,29.74,-0.01,106,315339,卖盘
09:51:41,29.72,-0.02,8,23785,卖盘
09:51:44,29.73,0.01,6,17838,买盘
09:51:47,29.72,-0.01,40,118886,卖盘
09:51:49,29.73,0.01,27,80271,买盘
09:51:53,29.72,-0.01,160,475520,卖盘
09:51:56,29.72,0.0,108,320976,买盘
09:51:59,29.72,0.0,130,386332,买盘
09:52:01,29.72,0.0,317,942079,买盘
09:52:05,29.7,-0.02,346,1027819,卖盘
09:52:08,29.69,-0.01,128,380038,卖盘
09:52:11,29.71,0.02,54,160368,买盘
09:52:13,29.71,0.0,10,29710,卖盘
09:52:16,29.7,-0.01,148,439689,卖盘
09:52:20,29.72,0.02,18,53486,买盘
09:52:23,29.72,0.0,93,276417,买盘
09:52:25,29.73,0.01,545,1619783,买盘
09:52:28,29.73,0.0,173,514247,买盘
09:52:31,29.72,-0.01,142,421996,中性盘
09:52:35,29.71,-0.01,114,338647,中性盘
09:52:38,29.72,0.01,484,1437578,买盘
09:52:41,29.71,-0.01,14,41601,中性盘
09:52:43,29.7,-0.01,157,466355,卖盘
09:52:47,29.7,0.0,126,374220,买盘
09:52:50,29.7,0.0,128,380041,卖盘
09:52:53,29.68,-0.02,64,189976,卖盘
09:52:59,29.71,0.03,84,249357,买盘
09:53:02,29.7,-0.01,15,44559,中性盘
09:53:05,29.72,0.02,203,603118,买盘
09:53:08,29.72,0.0,58,172337,买盘
09:53:11,29.71,-0.01,53,157496,卖盘
09:53:14,29.72,0.01,18,53495,买盘
09:53:17,29.72,0.0,5,14859,买盘
09:53:19,29.72,0.0,148,439915,买盘
09:53:26,29.73,0.01,65,193171,买盘
09:53:29,29.72,-0.01,32,95121,卖盘
09:53:32,29.72,0.0,227,674500,卖盘
09:53:35,29.72,0.0,212,629864,买盘
09:53:37,29.72,0.0,12,35664,买盘
09:53:40,29.72,0.0,132,392052,买盘
09:53:44,29.72,0.0,17,50518,买盘
09:53:47,29.72,0.0,16,47548,买盘
09:53:50,29.72,0.0,4,11888,买盘
09:53:52,29.72,0.0,31,92113,买盘
09:53:56,29.72,0.0,48,142610,买盘
09:53:58,29.72,0.0,136,404192,买盘
09:54:02,29.72,0.0,7,20804,买盘
09:54:04,29.73,0.01,96,285381,买盘
09:54:07,29.73,0.0,14,41622,卖盘
09:54:11,29.74,0.01,21,62436,买盘
09:54:14,29.73,-0.01,40,118949,卖盘
09:54:17,29.73,0.0,19,56489,卖盘
09:54:20,29.74,0.01,100,297385,买盘
09:54:23,29.74,0.0,37,110038,买盘
09:54:26,29.74,0.0,200,594800,买盘
09:54:29,29.75,0.01,1,2975,买盘
09:54:32,29.74,-0.01,175,520466,卖盘
09:54:35,29.74,0.0,89,264686,买盘
09:54:38,29.74,0.0,12,35688,买盘
09:54:41,29.73,-0.01,58,172434,卖盘
09:54:44,29.73,0.0,36,107023,买盘
09:54:50,29.73,0.0,18,53514,买盘
09:54:52,29.73,0.0,97,288368,买盘
09:54:56,29.73,0.0,6,17838,卖盘
09:54:59,29.74,0.01,1,2974,买盘
09:55:02,29.75,0.01,139,413499,买盘
09:55:05,29.76,0.01,138,410562,买盘
09:55:07,29.76,0.0,18,53568,买盘
09:55:10,29.77,0.01,82,244114,买盘
09:55:13,29.78,0.01,119,352502,买盘
09:55:17,29.78,0.0,74,220366,买盘
09:55:19,29.79,0.01,224,667288,买盘
09:55:23,29.8,0.01,331,986286,买盘
09:55:26,29.78,-0.02,22,65516,卖盘
09:55:28,29.76,-0.02,45,133952,卖盘
09:55:32,29.78,0.02,119,354358,买盘
09:55:35,29.79,0.01,18,53624,卖盘
09:55:38,29.79,0.0,48,142990,卖盘
09:55:41,29.79,0.0,7,20853,买盘
09:55:44,29.8,0.01,110,327741,买盘
09:55:47,29.79,-0.01,40,119124,卖盘
09:55:50,29.79,0.0,30,89345,买盘
09:55:52,29.79,0.0,27,80419,买盘
09:55:56,29.8,0.01,162,482675,买盘
09:55:59,29.79,-0.01,3,8937,卖盘
09:56:02,29.8,0.01,356,1060791,买盘
09:56:05,29.8,0.0,74,220458,买盘
09:56:08,29.79,-0.01,24,71496,卖盘
09:56:11,29.8,0.01,67,199655,买盘
09:56:14,29.79,-0.01,304,905618,卖盘
09:56:17,29.78,-0.01,6,17873,卖盘
09:56:23,29.79,0.01,17,50640,买盘
09:56:26,29.78,-0.01,327,974108,卖盘
09:56:29,29.78,0.0,279,831070,卖盘
09:56:32,29.77,-0.01,9,26800,卖盘
09:56:35,29.78,0.01,82,244193,买盘
09:56:37,29.78,0.0,3,8934,买盘
09:56:41,29.78,0.0,19,56573,买盘
09:56:44,29.78,0.0,72,214427,买盘
09:56:47,29.78,0.0,2,5956,卖盘
09:56:50,29.78,0.0,31,92318,卖盘
09:56:53,29.78,0.0,20,59564,卖盘
09:56:56,29.78,0.0,2,5956,买盘
09:56:59,29.78,0.0,19,56571,买盘
09:57:02,29.78,0.0,3,8934,买盘
09:57:04,29.78,0.0,255,759390,买盘
09:57:08,29.77,-0.01,26,77413,卖盘
09:57:11,29.79,0.02,325,967911,买盘
09:57:13,29.78,-0.01,137,408026,卖盘
09:57:16,29.79,0.01,2,5958,买盘
09:57:20,29.78,-0.01,232,690903,卖盘
09:57:23,29.78,0.0,73,217357,买盘
09:57:26,29.77,-0.01,215,640222,卖盘
09:57:28,29.78,0.01,10,29780,买盘
09:57:32,29.78,0.0,24,71472,买盘
09:57:34,29.78,0.0,13,38714,买盘
09:57:38,29.78,0.0,80,238230,买盘
09:57:40,29.78,0.0,104,309612,买盘
09:57:43,29.77,-0.01,20,59556,卖盘
09:57:47,29.78,0.01,49,145887,买盘
09:57:50,29.78,0.0,28,83384,买盘
09:57:52,29.77,-0.01,105,312670,卖盘
09:57:56,29.78,0.01,5,14889,买盘
09:57:59,29.77,-0.01,10,29770,卖盘
09:58:02,29.78,0.01,48,142922,买盘
09:58:04,29.78,0.0,310,923134,买盘
09:58:08,29.78,0.0,23,68492,买盘
09:58:11,29.78,0.0,78,232240,买盘
09:58:13,29.78,0.0,5,14890,买盘
09:58:17,29.78,0.0,63,187565,买盘
09:58:20,29.78,0.0,51,151878,买盘
09:58:22,29.78,0.0,36,107202,买盘
09:58:25,29.77,-0.01,50,148817,卖盘
09:58:29,29.78,0.01,226,673014,买盘
09:58:32,29.76,-0.02,74,220238,卖盘
09:58:35,29.78,0.02,26,77392,买盘
09:58:38,29.78,0.0,2,5956,买盘
09:58:40,29.78,0.0,19,56575,买盘
09:58:44,29.78,0.0,11,32758,买盘
09:58:47,29.78,0.0,9,26798,买盘
09:58:50,29.78,0.0,41,122098,买盘
09:58:53,29.78,0.0,251,747062,买盘
09:58:56,29.78,0.0,19,56576,买盘
09:59:02,29.78,0.0,12,35733,买盘
09:59:04,29.78,0.0,212,631500,买盘
09:59:08,29.76,-0.02,10,29762,卖盘
09:59:11,29.78,0.02,7,20846,买盘
09:59:14,29.78,0.0,25,74450,买盘
09:59:17,29.78,0.0,9,26802,买盘
09:59:20,29.77,-0.01,3,8933,中性盘
09:59:23,29.76,-0.01,56,166664,卖盘
09:59:26,29.78,0.02,9,26801,买盘
09:59:29,29.78,0.0,7,20846,买盘
09:59:32,29.78,0.0,252,749972,买盘
09:59:35,29.77,-0.01,2,5954,买盘
09:59:38,29.77,0.0,46,136940,买盘
09:59:41,29.76,-0.01,25,74400,卖盘
09:59:44,29.76,0.0,7,20832,买盘
09:59:50,29.76,0.0,17,50592,买盘
09:59:53,29.75,-0.01,23,68442,卖盘
09:59:56,29.76,0.01,209,621784,买盘
09:59:59,29.76,0.0,9,26784,买盘
10:00:02,29.75,-0.01,11,32734,卖盘
10:00:04,29.76,0.01,141,419616,买盘
10:00:08,29.76,0.0,313,931487,买盘
10:00:11,29.77,0.01,288,857078,买盘
10:00:14,29.77,0.0,48,142864,买盘
10:00:16,29.77,0.0,12,35724,买盘
10:00:20,29.77,0.0,20,59540,买盘
10:00:23,29.77,0.0,92,273836,买盘
10:00:26,29.76,-0.01,57,169654,卖盘
10:00:28,29.76,0.0,123,366127,卖盘
10:00:32,29.77,0.01,65,193454,买盘
10:00:35,29.76,-0.01,43,127974,卖盘
10:00:38,29.77,0.01,11,32742,买盘
10:00:41,29.77,0.0,5,14883,买盘
10:00:44,29.77,0.0,12,35724,买盘
10:00:47,29.77,0.0,22,65494,买盘
10:00:49,29.76,-0.01,110,327370,卖盘
10:00:52,29.78,0.02,17,50612,买盘
10:00:55,29.77,-0.01,38,113136,卖盘
10:00:58,29.77,0.0,3,8931,卖盘
10:01:01,29.78,0.01,12,35736,买盘
10:01:05,29.78,0.0,265,789170,买盘
10:01:08,29.78,0.0,159,475045,买盘
10:01:11,29.77,-0.01,25,74454,卖盘
10:01:14,29.78,0.01,6,17865,买盘
10:01:17,29.78,0.0,34,101252,买盘
10:01:20,29.77,-0.01,62,184596,卖盘
10:01:23,29.78,0.01,11,32761,卖盘
10:01:25,29.79,0.01,8,23832,买盘
10:01:29,29.78,-0.01,46,136995,卖盘
10:01:32,29.78,0.0,128,381186,卖盘
10:01:35,29.78,0.0,15,44670,买盘
10:01:38,29.78,0.0,4,11912,买盘
10:01:41,29.78,0.0,15,44667,买盘
10:01:44,29.78,0.0,13,38714,买盘
10:01:47,29.78,0.0,18,53599,买盘
10:01:49,29.78,0.0,15,44670,买盘
10:01:52,29.78,0.0,17,50622,买盘
10:01:55,29.77,-0.01,35,104218,卖盘
10:01:59,29.78,0.01,23,68494,买盘
10:02:02,29.78,0.0,38,113144,买盘
10:02:05,29.77,-0.01,303,900371,卖盘
10:02:08,29.76,-0.01,201,598522,卖盘
10:02:11,29.77,0.01,6,17862,买盘
10:02:14,29.77,0.0,23,68468,买盘
10:02:18,29.77,0.0,64,190483,买盘
10:02:20,29.78,0.01,61,181592,买盘
10:02:23,29.78,0.0,11,32758,买盘
10:02:26,29.78,0.0,6,17866,买盘
10:02:29,29.78,0.0,5,14890,买盘
10:02:31,29.78,0.0,64,190534,买盘
10:02:35,29.78,0.0,27,80387,买盘
10:02:37,29.77,-0.01,35,104200,卖盘
10:02:40,29.77,0.0,24,71460,卖盘
10:02:44,29.77,0.0,96,285792,卖盘
10:02:47,29.77,0.0,7,20839,买盘
10:02:50,29.77,0.0,19,56563,买盘
10:02:53,29.77,0.0,117,348208,买盘
10:02:56,29.76,-0.01,21,63643,卖盘
10:02:59,29.75,-0.01,293,870645,卖盘
10:03:02,29.76,0.01,24,71424,买盘
10:03:04,29.75,-0.01,236,702435,卖盘
10:03:08,29.75,0.0,9,26783,卖盘
10:03:11,29.75,0.0,275,819267,卖盘
10:03:14,29.74,-0.01,18,52404,买盘
10:03:17,29.76,0.02,51,151693,买盘
10:03:20,29.75,-0.01,21,62475,买盘
10:03:23,29.74,-0.01,20,59488,卖盘
10:03:26,29.75,0.01,3,8925,买盘
10:03:29,29.75,0.0,58,172499,买盘
10:03:32,29.74,-0.01,1,2974,卖盘
10:03:35,29.74,0.0,20,59480,卖盘
10:03:37,29.75,0.01,46,136805,买盘
10:03:41,29.74,-0.01,14,41644,卖盘
10:03:44,29.75,0.01,40,118994,买盘
10:03:46,29.74,-0.01,21,62455,卖盘
10:03:50,29.74,0.0,37,110040,卖盘
10:03:52,29.75,0.01,9,26775,买盘
10:03:56,29.74,-0.01,89,264716,卖盘
10:03:58,29.74,0.0,4,11896,卖盘
10:04:02,29.75,0.01,10,29749,买盘
10:04:05,29.75,0.0,150,446249,买盘
10:04:07,29.74,-0.01,5,14870,卖盘
10:04:11,29.75,0.01,85,252817,买盘
10:04:14,29.74,-0.01,65,193317,卖盘
10:04:16,29.74,0.0,15,45743,卖盘
10:04:20,29.74,0.0,30,88090,卖盘
10:04:25,29.73,-0.01,21,62453,卖盘
10:04:28,29.73,0.0,11,32708,卖盘
10:04:35,29.74,0.01,19,56488,买盘
10:04:38,29.73,-0.01,492,1462726,卖盘
10:04:41,29.74,0.01,4,11896,买盘
10:04:44,29.73,-0.01,91,270543,卖盘
10:04:47,29.73,0.0,15,44595,买盘
10:04:50,29.73,0.0,3,8918,买盘
10:04:52,29.73,0.0,6,17836,买盘
10:04:55,29.72,-0.01,3,8916,卖盘
10:04:59,29.74,0.02,57,169499,买盘
10:05:02,29.73,-0.01,20,59460,中性盘
10:05:05,29.74,0.01,172,511413,买盘
10:05:08,29.73,-0.01,19,56475,中性盘
10:05:11,29.74,0.01,306,909766,买盘
10:05:14,29.73,-0.01,116,344868,卖盘
10:05:17,29.73,0.0,27,80271,卖盘
10:05:19,29.74,0.01,87,258661,买盘
10:05:22,29.73,-0.01,108,321184,卖盘
10:05:25,29.73,0.0,99,294420,卖盘
10:05:29,29.73,0.0,27,80271,卖盘
10:05:32,29.74,0.01,8,23792,买盘
10:05:35,29.73,-0.01,45,133786,卖盘
10:05:38,29.73,0.0,2,5946,卖盘
10:05:41,29.73,0.0,35,104069,卖盘
10:05:44,29.73,0.0,165,490552,卖盘
10:05:47,29.73,0.0,11,32703,买盘
10:05:50,29.72,-0.01,32,95105,卖盘
10:05:53,29.73,0.01,35,104055,买盘
10:05:55,29.73,0.0,76,225929,买盘
10:05:59,29.72,-0.01,90,267567,卖盘
10:06:02,29.72,0.0,44,130809,卖盘
10:06:05,29.73,0.01,361,1073121,买盘
10:06:08,29.73,0.0,76,225899,买盘
10:06:11,29.71,-0.02,6600,19614851,卖盘
10:06:14,29.7,-0.01,9,26738,卖盘
10:06:17,29.71,0.01,39,115841,买盘
10:06:20,29.71,0.0,65,193171,买盘
10:06:22,29.71,0.0,2,5942,买盘
10:06:26,29.69,-0.02,1538,4567097,卖盘
10:06:32,29.65,-0.04,706,2093848,卖盘
10:06:35,29.65,0.0,24,71175,卖盘
10:06:38,29.66,0.01,8,23728,买盘
10:06:41,29.66,0.0,35,103810,买盘
10:06:44,29.66,0.0,343,1017323,买盘
10:06:47,29.66,0.0,277,821365,买盘
10:06:50,29.66,0.0,760,2254160,卖盘
10:06:52,29.66,0.0,80,237280,卖盘
10:06:55,29.69,0.03,2,5938,买盘
10:06:59,29.67,-0.02,40,118659,中性盘
10:07:02,29.69,0.02,100,296608,买盘
10:07:04,29.7,0.01,591,1755153,买盘
10:07:08,29.7,0.0,83,246510,卖盘
10:07:11,29.7,0.0,12,35640,卖盘
10:07:14,29.7,0.0,7,20790,卖盘
10:07:17,29.7,0.0,128,380175,卖盘
10:07:20,29.7,0.0,810,2405704,卖盘
10:07:23,29.7,0.0,69,204933,卖盘
10:07:26,29.7,0.0,15,44554,卖盘
10:07:29,29.71,0.01,12,35641,买盘
10:07:32,29.7,-0.01,81,240570,卖盘
10:07:34,29.7,0.0,232,688815,买盘
10:07:37,29.69,-0.01,46,136612,卖盘
10:07:41,29.69,0.0,5,14845,卖盘
10:07:44,29.69,0.0,57,169233,卖盘
10:07:47,29.69,0.0,21,63491,卖盘
10:07:50,29.69,0.0,150,445357,卖盘
10:07:53,29.69,0.0,2,5938,卖盘
10:07:56,29.7,0.01,37,108731,买盘
10:07:59,29.69,-0.01,6,17814,买盘
10:08:01,29.69,0.0,242,718270,卖盘
10:08:05,29.7,0.01,428,1271103,买盘
10:08:08,29.7,0.0,106,314728,买盘
10:08:10,29.69,-0.01,39,115791,卖盘
10:08:14,29.69,0.0,109,323622,卖盘
10:08:17,29.69,0.0,39,115762,买盘
10:08:19,29.68,-0.01,62,184016,卖盘
10:08:23,29.69,0.01,75,222675,买盘
10:08:26,29.67,-0.02,41,121677,卖盘
10:08:29,29.68,0.01,29,86077,卖盘
10:08:32,29.68,0.0,167,495657,卖盘
10:08:35,29.68,0.0,2,5936,卖盘
10:08:37,29.68,0.0,80,237440,卖盘
10:08:41,29.67,-0.01,6,17806,卖盘
10:08:43,29.68,0.01,465,1379696,买盘
10:08:47,29.66,-0.02,144,427652,卖盘
10:08:50,29.66,0.0,79,234315,卖盘
10:08:56,29.66,0.0,330,978780,卖盘
10:08:58,29.65,-0.01,117,346938,卖盘
10:09:01,29.66,0.01,11,32631,中性盘
10:09:05,29.66,0.0,600,1780452,卖盘
10:09:08,29.66,0.0,61,180926,买盘
10:09:11,29.65,-0.01,16,48577,卖盘
10:09:14,29.65,0.0,75,222380,卖盘
10:09:17,29.66,0.01,26,77100,买盘
10:09:20,29.65,-0.01,16,47449,卖盘
10:09:23,29.66,0.01,2,5932,买盘
10:09:25,29.66,0.0,89,263974,买盘
10:09:29,29.66,0.0,28,83045,买盘
10:09:32,29.65,-0.01,72,213486,卖盘
10:09:35,29.66,0.01,10,29660,买盘
10:09:38,29.66,0.0,25,74145,买盘
10:09:41,29.65,-0.01,16,47453,卖盘
10:09:44,29.66,0.01,36,106755,买盘
10:09:47,29.66,0.0,17,50409,买盘
10:09:50,29.66,0.0,46,136407,买盘
10:09:53,29.65,-0.01,83,246105,卖盘
10:09:59,29.65,0.0,15,44483,卖盘
10:10:02,29.65,0.0,30,88950,卖盘
10:10:04,29.66,0.01,242,717715,买盘
10:10:08,29.65,-0.01,64,189760,卖盘
10:10:11,29.65,0.0,5,14825,卖盘
10:10:14,29.65,0.0,39,115636,卖盘
10:10:17,29.65,0.0,111,329126,卖盘
10:10:20,29.66,0.01,43,127537,买盘
10:10:22,29.66,0.0,1,2966,买盘
10:10:26,29.66,0.0,6,17795,买盘
10:10:29,29.65,-0.01,107,317355,卖盘
10:10:32,29.66,0.01,55,163130,买盘
10:10:35,29.66,0.0,659,1954552,买盘
10:10:38,29.66,0.0,14,41524,买盘
10:10:41,29.66,0.0,47,139402,卖盘
10:10:43,29.66,0.0,3,8898,卖盘
10:10:47,29.66,0.0,113,335203,卖盘
10:10:49,29.66,0.0,10,29660,卖盘
10:10:53,29.66,0.0,41,121609,卖盘
10:10:56,29.68,0.02,27,80100,买盘
10:10:59,29.68,0.0,184,546102,买盘
10:11:02,29.67,-0.01,56,166132,卖盘
10:11:05,29.7,0.03,233,691934,买盘
10:11:08,29.72,0.02,48,142629,买盘
10:11:11,29.7,-0.02,52,154440,卖盘
10:11:14,29.66,-0.04,31,91986,卖盘
10:11:17,29.69,0.03,5,14845,中性盘
10:11:20,29.7,0.01,31,92070,买盘
10:11:23,29.7,0.0,7,20789,买盘
10:11:25,29.69,-0.01,43,127697,卖盘
10:11:29,29.69,0.0,142,421608,卖盘
10:11:31,29.71,0.02,96,285088,买盘
10:11:34,29.7,-0.01,25,74258,中性盘
10:11:38,29.7,0.0,92,273386,卖盘
10:11:41,29.72,0.02,7,20802,买盘
10:11:44,29.72,0.0,35,104007,买盘
10:11:48,29.72,0.0,23,68356,买盘
10:11:49,29.7,-0.02,17,50490,卖盘
10:11:53,29.7,0.0,70,207900,卖盘
10:11:56,29.7,0.0,16,47528,卖盘
10:11:58,29.69,-0.01,52,154391,卖盘
10:12:01,29.69,0.0,37,109853,卖盘
10:12:05,29.69,0.0,8,23752,买盘
10:12:08,29.68,-0.01,192,570018,卖盘
10:12:11,29.69,0.01,17,50473,买盘
10:12:14,29.68,-0.01,67,198908,卖盘
10:12:17,29.68,0.0,48,142445,买盘
10:12:20,29.68,0.0,49,145432,买盘
10:12:23,29.68,0.0,7,20776,买盘
10:12:26,29.68,0.0,3,8904,买盘
10:12:29,29.67,-0.01,38,112754,卖盘
10:12:32,29.67,0.0,26,77163,卖盘
10:12:34,29.68,0.01,62,184006,买盘
10:12:38,29.68,0.0,12,35615,买盘
10:12:41,29.67,-0.01,111,329444,卖盘
10:12:44,29.67,0.0,9,26703,卖盘
10:12:47,29.67,0.0,175,518768,卖盘
10:12:50,29.69,0.02,9,26718,买盘
10:12:53,29.68,-0.01,65,192904,卖盘
10:12:56,29.68,0.0,10,29675,买盘
10:12:59,29.67,-0.01,49,145383,卖盘
10:13:02,29.67,0.0,60,178057,卖盘
10:13:05,29.68,0.01,2,5936,中性盘
10:13:07,29.69,0.01,10,29690,买盘
10:13:11,29.7,0.01,53,157400,买盘
10:13:13,29.7,0.0,44,130688,买盘
10:13:17,29.71,0.01,26,77246,买盘
10:13:20,29.7,-0.01,6,17820,卖盘
10:13:22,29.7,0.0,328,974026,卖盘
10:13:26,29.7,0.0,11,32671,卖盘
10:13:29,29.7,0.0,14,41593,卖盘
10:13:32,29.69,-0.01,111,329588,卖盘
10:13:35,29.69,0.0,10,29690,买盘
10:13:38,29.69,0.0,5,14845,买盘
10:13:40,29.69,0.0,12,35628,买盘
10:13:44,29.69,0.0,19,56406,买盘
10:13:47,29.69,0.0,8,23752,买盘
10:13:50,29.69,0.0,2,5938,买盘
10:13:53,29.69,0.0,24,71253,买盘
10:13:56,29.68,-0.01,66,195900,卖盘
10:13:59,29.69,0.01,33,97971,买盘
10:14:03,29.68,-0.01,5,14841,卖盘
10:14:05,29.68,0.0,101,299768,卖盘
10:14:08,29.71,0.03,94,280129,买盘
10:14:11,29.7,-0.01,27,80190,卖盘
10:14:14,29.7,0.0,4,11880,卖盘
10:14:17,29.7,0.0,12,35648,卖盘
10:14:20,29.7,0.0,1,2970,卖盘
10:14:23,29.7,0.0,7,20796,卖盘
10:14:26,29.7,0.0,21,62387,卖盘
10:14:29,29.71,0.01,7,20797,买盘
10:14:32,29.7,-0.01,1,2970,卖盘
10:14:34,29.7,0.0,33,98010,卖盘
10:14:38,29.71,0.01,128,380281,买盘
10:14:40,29.71,0.0,9,26746,卖盘
10:14:47,29.7,-0.01,78,231749,卖盘
10:14:50,29.73,0.03,26,77288,买盘
10:14:53,29.7,-0.03,142,422083,卖盘
10:14:56,29.72,0.02,5,14856,中性盘
10:14:59,29.72,0.0,3,8916,卖盘
10:15:02,29.73,0.01,49,145684,买盘
10:15:05,29.72,-0.01,40,118893,卖盘
10:15:08,29.72,0.0,192,570624,买盘
10:15:11,29.71,-0.01,3,8915,卖盘
10:15:14,29.72,0.01,25,74300,买盘
10:15:17,29.71,-0.01,58,172337,卖盘
10:15:20,29.71,0.0,2,5942,卖盘
10:15:23,29.72,0.01,36,106981,买盘
10:15:26,29.71,-0.01,6,17828,卖盘
10:15:29,29.72,0.01,37,109947,买盘
10:15:33,29.71,-0.01,1,2971,卖盘
10:15:35,29.7,-0.01,216,641578,卖盘
10:15:38,29.69,-0.01,7,20785,卖盘
10:15:41,29.71,0.02,110,326882,买盘
10:15:47,29.69,-0.02,13,38605,卖盘
10:15:50,29.7,0.01,99,293957,买盘
10:15:53,29.68,-0.02,50,148447,卖盘
10:15:56,29.7,0.02,71,210865,买盘
10:15:59,29.69,-0.01,30,89070,中性盘
10:16:03,29.69,0.0,58,172244,中性盘
10:16:05,29.7,0.01,55,163340,买盘
10:16:08,29.72,0.02,104,309025,买盘
10:16:10,29.73,0.01,107,318020,买盘
10:16:18,29.73,0.0,105,312062,买盘
10:16:20,29.75,0.02,20,59486,买盘
10:16:26,29.75,0.0,52,154696,买盘
10:16:29,29.75,0.0,17,50571,买盘
10:16:33,29.75,0.0,17,50584,买盘
10:16:36,29.74,-0.01,15,44616,卖盘
10:16:41,29.74,0.0,49,145745,卖盘
10:16:48,29.71,-0.03,73,216908,卖盘
10:16:49,29.71,0.0,10,29716,买盘
10:16:53,29.75,0.04,59,175324,买盘
10:16:58,29.73,-0.02,102,303402,卖盘
10:17:03,29.73,0.0,8,23791,卖盘
10:17:04,29.73,0.0,53,156897,卖盘
10:17:08,29.73,0.0,173,515173,卖盘
10:17:14,29.73,0.0,153,454839,买盘
10:17:17,29.72,-0.01,76,225855,卖盘
10:17:20,29.72,0.0,4,11888,买盘
10:17:26,29.72,0.0,20,59440,买盘
10:17:29,29.71,-0.01,13,38635,卖盘
10:17:33,29.71,0.0,93,276371,卖盘
10:17:38,29.72,0.01,20,59440,买盘
10:17:41,29.71,-0.01,12,35658,卖盘
10:17:44,29.71,0.0,11,32681,卖盘
10:17:48,29.72,0.01,83,246579,买盘
10:17:50,29.71,-0.01,56,166357,卖盘
10:17:53,29.71,0.0,5,14858,卖盘
10:17:59,29.72,0.01,26,77247,买盘
10:18:02,29.72,0.0,96,285312,买盘
10:18:05,29.72,0.0,103,306116,买盘
10:18:08,29.73,0.01,50,148650,买盘
10:18:11,29.73,0.0,62,184334,卖盘
10:18:14,29.73,0.0,1,2973,卖盘
10:18:17,29.73,0.0,148,440193,卖盘
10:18:20,29.75,0.02,10,29738,买盘
10:18:22,29.72,-0.03,23,68374,卖盘
10:18:26,29.74,0.02,24,71374,买盘
10:18:29,29.74,0.0,1,2974,买盘
10:18:32,29.73,-0.01,16,47584,卖盘
10:18:34,29.74,0.01,21,62457,买盘
10:18:38,29.74,0.0,10,29740,卖盘
10:18:44,29.73,-0.01,48,142758,卖盘
10:18:48,29.73,0.0,40,118931,卖盘
10:18:53,29.72,-0.01,71,210391,卖盘
10:18:55,29.73,0.01,10,29730,买盘
10:18:59,29.73,0.0,8,23784,买盘
10:19:03,29.73,0.0,108,320924,买盘
10:19:05,29.73,0.0,7,20811,买盘
10:19:08,29.73,0.0,148,440003,买盘
10:19:11,29.71,-0.02,31,92130,卖盘
10:19:14,29.72,0.01,15,44580,买盘
10:19:16,29.72,0.0,181,537944,买盘
10:19:20,29.72,0.0,217,645350,卖盘
10:19:26,29.73,0.01,18,52814,卖盘
10:19:29,29.73,0.0,19,56487,卖盘
10:19:33,29.73,0.0,1,2973,卖盘
10:19:34,29.75,0.02,7,20815,买盘
10:19:38,29.75,0.0,7,20825,买盘
10:19:40,29.75,0.0,17,50573,买盘
10:19:44,29.72,-0.03,186,553988,卖盘
10:19:47,29.73,0.01,63,187249,买盘
10:19:50,29.72,-0.01,66,196170,卖盘
10:19:53,29.72,0.0,16,47552,卖盘
10:19:59,29.72,0.0,34,101038,卖盘
10:20:01,29.72,0.0,6,17832,买盘
10:20:05,29.73,0.01,1,2973,买盘
10:20:08,29.74,0.01,156,463902,买盘
10:20:10,29.74,0.0,9,26773,中性盘
10:20:14,29.74,0.0,7,20818,卖盘
10:20:16,29.75,0.01,7,20106,买盘
10:20:20,29.74,-0.01,34,101093,卖盘
10:20:23,29.73,-0.01,49,145717,卖盘
10:20:31,29.75,0.02,43,127176,买盘
10:20:38,29.72,-0.03,200,595970,卖盘
10:20:41,29.72,0.0,66,196152,买盘
10:20:44,29.72,0.0,56,166384,买盘
10:20:46,29.72,0.0,50,148608,买盘
10:20:49,29.72,0.0,16,47552,买盘
10:20:53,29.71,-0.01,4,11885,卖盘
10:20:56,29.72,0.01,2,5944,买盘
10:20:58,29.71,-0.01,100,297100,卖盘
10:21:01,29.72,0.01,15,44580,买盘
10:21:05,29.74,0.02,73,216961,买盘
10:21:09,29.72,-0.02,253,751916,卖盘
10:21:11,29.72,0.0,50,148556,买盘
10:21:13,29.72,0.0,31,92090,买盘
10:21:17,29.73,0.01,197,585315,买盘
10:21:20,29.74,0.01,128,380540,买盘
10:21:22,29.72,-0.02,155,460660,卖盘
10:21:26,29.72,0.0,122,362857,卖盘
10:21:29,29.75,0.03,131,388929,买盘
10:21:33,29.76,0.01,83,247003,买盘
10:21:35,29.76,0.0,45,133901,买盘
10:21:39,29.76,0.0,61,181581,卖盘
10:21:41,29.76,0.0,140,416607,卖盘
10:21:44,29.77,0.01,11,32739,买盘
10:21:46,29.78,0.01,81,241199,买盘
10:21:49,29.77,-0.01,111,330313,中性盘
10:21:53,29.77,0.0,20,59540,买盘
10:21:56,29.77,0.0,7,20839,买盘
10:21:59,29.77,0.0,59,175487,买盘
10:22:03,29.76,-0.01,8,23815,中性盘
10:22:05,29.76,0.0,7,20837,卖盘
10:22:09,29.78,0.02,268,797936,买盘
10:22:11,29.74,-0.04,144,428636,卖盘
10:22:13,29.74,0.0,61,181414,买盘
10:22:16,29.77,0.03,20,58762,买盘
10:22:19,29.77,0.0,10,29770,中性盘
10:22:23,29.77,0.0,53,157631,买盘
10:22:26,29.76,-0.01,14,41674,中性盘
10:22:33,29.77,0.01,3,8931,买盘
10:22:35,29.77,0.0,16,47620,买盘
10:22:39,29.76,-0.01,92,273803,卖盘
10:22:41,29.76,0.0,44,131013,卖盘
10:22:44,29.77,0.01,7,20839,卖盘
10:22:48,29.77,0.0,44,130989,买盘
10:22:50,29.75,-0.02,269,800353,卖盘
10:22:53,29.75,0.0,1,2975,买盘
10:22:56,29.75,0.0,2,5950,买盘
10:22:59,29.75,0.0,7,20824,买盘
10:23:01,29.74,-0.01,55,165865,卖盘
10:23:05,29.75,0.01,10,29750,买盘
10:23:09,29.75,0.0,173,514675,买盘
10:23:11,29.75,0.0,4,11900,买盘
10:23:18,29.74,-0.01,21,62455,卖盘
10:23:20,29.74,0.0,4,11899,卖盘
10:23:23,29.75,0.01,11,32718,买盘
10:23:26,29.74,-0.01,5,14870,卖盘
10:23:29,29.74,0.0,3,8922,卖盘
10:23:32,29.75,0.01,18,53550,买盘
10:23:35,29.75,0.0,3,8925,买盘
10:23:38,29.74,-0.01,60,177726,卖盘
10:23:41,29.75,0.01,104,309299,买盘
10:23:44,29.74,-0.01,213,633665,卖盘
10:23:50,29.75,0.01,9,26775,买盘
10:23:53,29.75,0.0,12,35700,买盘
10:23:56,29.74,-0.01,3,8922,卖盘
10:23:59,29.75,0.01,79,234951,买盘
10:24:03,29.75,0.0,15,44625,买盘
10:24:04,29.74,-0.01,40,117414,卖盘
10:24:08,29.74,0.0,131,389709,买盘
10:24:11,29.73,-0.01,55,165782,卖盘
10:24:19,29.75,0.02,63,187354,买盘
10:24:23,29.75,0.0,1,2975,买盘
10:24:26,29.74,-0.01,20,59480,卖盘
10:24:29,29.74,0.0,68,202233,卖盘
10:24:33,29.75,0.01,4,11900,买盘
10:24:35,29.73,-0.02,118,350901,卖盘
10:24:39,29.73,0.0,42,122611,卖盘
10:24:41,29.73,0.0,71,213286,买盘
10:24:47,29.74,0.01,8,23792,买盘
10:24:50,29.74,0.0,81,240843,买盘
10:24:53,29.74,0.0,2,5948,买盘
10:24:56,29.74,0.0,41,121934,买盘
10:24:59,29.73,-0.01,12,35687,卖盘
10:25:03,29.73,0.0,9,26761,卖盘
10:25:05,29.73,0.0,6,17839,卖盘
10:25:08,29.74,0.01,129,383646,买盘
10:25:12,29.72,-0.02,46,136751,卖盘
10:25:14,29.74,0.02,2,5948,买盘
10:25:18,29.74,0.0,24,71369,买盘
10:25:19,29.72,-0.02,42,124831,卖盘
10:25:23,29.73,0.01,12,35686,中性盘
10:25:26,29.73,0.0,57,169461,买盘
10:25:29,29.73,0.0,5,14865,买盘
10:25:31,29.73,0.0,62,184277,买盘
10:25:35,29.73,0.0,8,23784,买盘
10:25:39,29.72,-0.01,54,160492,卖盘
10:25:42,29.72,0.0,21,62413,卖盘
10:25:44,29.73,0.01,14,41611,买盘
10:25:48,29.73,0.0,2,5946,买盘
10:25:50,29.73,0.0,32,95110,买盘
10:25:55,29.72,-0.01,28,83228,卖盘
10:25:59,29.73,0.01,30,89190,买盘
10:26:03,29.73,0.0,222,659944,买盘
10:26:05,29.73,0.0,10,29730,买盘
10:26:08,29.74,0.01,97,288383,买盘
10:26:10,29.72,-0.02,31,92137,卖盘
10:26:13,29.74,0.02,227,675254,买盘
10:26:18,29.75,0.01,31,92215,买盘
10:26:20,29.72,-0.03,200,594914,卖盘
10:26:23,29.74,0.02,3,8922,中性盘
10:26:25,29.74,0.0,12,35699,卖盘
10:26:29,29.74,0.0,61,181414,卖盘
10:26:31,29.73,-0.01,68,202161,卖盘
10:26:35,29.73,0.0,17,50541,买盘
10:26:38,29.73,0.0,5,14865,买盘
10:26:40,29.74,0.01,328,975273,买盘
10:26:48,29.74,0.0,13,38662,买盘
10:26:50,29.72,-0.02,68,202115,卖盘
10:26:52,29.74,0.02,167,496657,买盘
10:26:55,29.74,0.0,25,74350,买盘
10:26:59,29.74,0.0,200,594800,买盘
10:27:01,29.75,0.01,167,496608,买盘
10:27:04,29.74,-0.01,4,11896,卖盘
10:27:08,29.75,0.01,304,904151,买盘
10:27:11,29.72,-0.03,73,216984,卖盘
10:27:14,29.75,0.03,49,145775,买盘
10:27:16,29.75,0.0,2,5950,卖盘
10:27:20,29.76,0.01,158,470001,买盘
10:27:23,29.75,-0.01,2,5950,卖盘
10:27:29,29.74,-0.01,418,1243511,卖盘
10:27:33,29.75,0.01,84,249819,中性盘
10:27:35,29.74,-0.01,13,37950,卖盘
10:27:38,29.74,0.0,27,80298,卖盘
10:27:41,29.75,0.01,147,437163,买盘
10:27:45,29.75,0.0,9,26775,卖盘
10:27:48,29.75,0.0,16,47600,卖盘
10:27:50,29.75,0.0,202,600950,卖盘
10:27:53,29.75,0.0,11,32725,买盘
10:27:55,29.75,0.0,7,20822,卖盘
10:28:01,29.73,-0.02,41,121911,卖盘
10:28:08,29.75,0.02,51,151681,买盘
10:28:11,29.75,0.0,21,61761,卖盘
10:28:14,29.75,0.0,50,148750,卖盘
10:28:18,29.75,0.0,31,92225,卖盘
10:28:20,29.73,-0.02,127,378493,卖盘
10:28:23,29.75,0.02,2,5950,买盘
10:28:26,29.73,-0.02,17,49841,卖盘
10:28:29,29.73,0.0,49,145677,卖盘
10:28:33,29.75,0.02,41,121907,买盘
10:28:35,29.74,-0.01,14,41636,卖盘
10:28:38,29.74,0.0,4,11896,买盘
10:28:40,29.73,-0.01,37,109288,卖盘
10:28:44,29.74,0.01,16,47573,买盘
10:28:50,29.73,-0.01,12,35677,卖盘
10:28:53,29.73,0.0,4,11892,卖盘
10:28:56,29.73,0.0,21,62449,卖盘
10:28:59,29.74,0.01,9,26759,买盘
10:29:03,29.73,-0.01,4,11892,卖盘
10:29:05,29.73,0.0,1,2973,卖盘
10:29:08,29.74,0.01,80,237916,买盘
10:29:11,29.73,-0.01,111,330003,卖盘
10:29:14,29.74,0.01,2,5948,买盘
10:29:16,29.73,-0.01,17,50548,卖盘
10:29:20,29.73,0.0,59,175407,卖盘
10:29:23,29.73,0.0,8,23781,买盘
10:29:26,29.72,-0.01,54,160492,卖盘
10:29:33,29.72,0.0,34,101048,卖盘
10:29:36,29.73,0.01,10,29730,买盘
10:29:38,29.73,0.0,31,92137,买盘
10:29:41,29.73,0.0,28,83244,买盘
10:29:45,29.73,0.0,10,29730,买盘
10:29:50,29.73,0.0,3,8919,买盘
10:29:53,29.72,-0.01,2,5944,卖盘
10:29:56,29.72,0.0,67,199135,卖盘
10:30:03,29.72,0.0,13,38636,卖盘
10:30:04,29.73,0.01,32,95136,买盘
10:30:09,29.73,0.0,128,380499,买盘
10:30:11,29.72,-0.01,49,145628,卖盘
10:30:15,29.72,0.0,1,2972,卖盘
10:30:16,29.72,0.0,16,47558,卖盘
10:30:19,29.73,0.01,2,5946,买盘
10:30:23,29.72,-0.01,51,151592,卖盘
10:30:26,29.72,0.0,55,163460,卖盘
10:30:33,29.73,0.01,55,163515,买盘
10:30:38,29.73,0.0,309,918352,买盘
10:30:48,29.72,-0.01,964,2863712,卖盘
10:30:49,29.71,-0.01,51,151543,卖盘
10:30:53,29.73,0.02,1,2973,买盘
10:30:56,29.7,-0.03,50,148514,卖盘
10:30:58,29.71,0.01,6,17826,卖盘
10:31:03,29.71,0.0,33,97320,买盘
10:31:08,29.71,0.0,50,148549,买盘
10:31:11,29.72,0.01,274,814316,买盘
10:31:14,29.7,-0.02,5,14850,卖盘
10:31:20,29.7,0.0,5,14850,卖盘
10:31:23,29.7,0.0,50,148501,卖盘
10:31:26,29.71,0.01,385,1143795,买盘
10:31:29,29.71,0.0,29,86159,卖盘
10:31:34,29.72,0.01,17,50539,卖盘
10:31:39,29.74,0.02,37,110027,买盘
10:31:41,29.74,0.0,56,166525,买盘
10:31:44,29.75,0.01,44,130879,买盘
10:31:48,29.72,-0.03,444,1320542,卖盘
10:31:50,29.74,0.02,32,97428,中性盘
10:31:53,29.74,0.0,399,1187412,卖盘
10:31:55,29.76,0.02,29,86293,买盘
10:31:59,29.76,0.0,79,235094,买盘
10:32:03,29.76,0.0,28,83328,买盘
10:32:05,29.74,-0.02,166,491467,卖盘
10:32:11,29.76,0.02,295,877604,买盘
10:32:18,29.76,0.0,1,2976,买盘
10:32:20,29.76,0.0,10,29760,买盘
10:32:23,29.76,0.0,61,181486,买盘
10:32:25,29.75,-0.01,31,92255,卖盘
10:32:33,29.76,0.01,10,29760,买盘
10:32:35,29.75,-0.01,27,80342,卖盘
10:32:39,29.76,0.01,3,8928,买盘
10:32:41,29.76,0.0,10,29760,买盘
10:32:43,29.76,0.0,27,80326,买盘
10:32:47,29.75,-0.01,17,50580,卖盘
10:32:50,29.76,0.01,5,14880,买盘
10:32:53,29.76,0.0,63,187465,买盘
10:32:56,29.75,-0.01,16,47610,卖盘
10:33:03,29.75,0.0,212,630700,卖盘
10:33:05,29.75,0.0,2,5950,买盘
10:33:08,29.75,0.0,2,5950,买盘
10:33:11,29.74,-0.01,229,681267,卖盘
10:33:15,29.75,0.01,27,80325,买盘
10:33:18,29.75,0.0,215,639625,买盘
10:33:20,29.75,0.0,53,157675,卖盘
10:33:23,29.76,0.01,3,8927,买盘
10:33:26,29.76,0.0,3,8927,买盘
10:33:30,29.76,0.0,38,113065,买盘
10:33:31,29.75,-0.01,18,53558,卖盘
10:33:35,29.75,0.0,50,148750,卖盘
10:33:39,29.76,0.01,75,223200,买盘
10:33:41,29.75,-0.01,68,202300,卖盘
10:33:45,29.76,0.01,20,59500,买盘
10:33:48,29.76,0.0,23,68427,买盘
10:33:50,29.75,-0.01,39,116046,卖盘
10:33:53,29.75,0.0,9,26775,卖盘
10:33:56,29.76,0.01,8,23808,买盘
10:34:00,29.75,-0.01,174,517690,卖盘
10:34:03,29.75,0.0,27,80325,买盘
10:34:06,29.74,-0.01,13,38665,卖盘
10:34:09,29.75,0.01,48,142800,买盘
10:34:11,29.75,0.0,271,806613,买盘
10:34:15,29.75,0.0,36,107100,卖盘
10:34:18,29.75,0.0,59,175525,卖盘
10:34:20,29.75,0.0,156,464095,卖盘
10:34:23,29.74,-0.01,31,92197,卖盘
10:34:26,29.74,0.0,5,14870,卖盘
10:34:29,29.75,0.01,23,68425,买盘
10:34:33,29.75,0.0,108,321301,买盘
10:34:38,29.75,0.0,31,92225,卖盘
10:34:41,29.75,0.0,4,11900,卖盘
10:34:45,29.76,0.01,5,14880,买盘
10:34:48,29.75,-0.01,26,77350,卖盘
10:34:53,29.75,0.0,56,166592,买盘
10:34:56,29.75,0.0,28,83299,买盘
10:35:00,29.75,0.0,1,2975,卖盘
10:35:03,29.75,0.0,14,41650,卖盘
10:35:10,29.76,0.01,137,407712,买盘
10:35:14,29.76,0.0,19,56529,买盘
10:35:18,29.76,0.0,63,187437,买盘
10:35:19,29.76,0.0,5,14876,买盘
10:35:23,29.76,0.0,13,38688,买盘
10:35:26,29.75,-0.01,169,502777,卖盘
10:35:29,29.75,0.0,27,80325,买盘
10:35:35,29.75,0.0,2,5950,买盘
10:35:39,29.75,0.0,66,196350,买盘
10:35:41,29.75,0.0,7,20825,买盘
10:35:45,29.75,0.0,6,17848,买盘
10:35:48,29.75,0.0,169,502628,买盘
10:35:50,29.75,0.0,21,62475,买盘
10:35:53,29.75,0.0,3,8925,买盘
10:35:55,29.75,0.0,51,151703,买盘
10:36:00,29.74,-0.01,52,154645,卖盘
10:36:01,29.75,0.01,1,2975,买盘
10:36:04,29.75,0.0,13,38675,买盘
10:36:08,29.75,0.0,24,71396,买盘
10:36:10,29.75,0.0,127,377824,买盘
10:36:15,29.74,-0.01,51,151674,卖盘
10:36:21,29.74,0.0,26,77324,卖盘
10:36:23,29.75,0.01,12,37950,买盘
10:36:26,29.75,0.0,20,59500,买盘
10:36:29,29.75,0.0,5,14871,买盘
10:36:31,29.75,0.0,22,65450,买盘
10:36:35,29.75,0.0,17,50563,买盘
10:36:41,29.75,0.0,12,35700,买盘
10:36:45,29.74,-0.01,7,20818,卖盘
10:36:47,29.75,0.01,1,2975,买盘
10:36:51,29.74,-0.01,4,11896,卖盘
10:36:53,29.75,0.01,1,2975,买盘
10:36:56,29.75,0.0,23,68418,买盘
10:37:00,29.74,-0.01,101,300375,卖盘
10:37:01,29.75,0.01,15,44620,买盘
10:37:04,29.74,-0.01,8,23795,卖盘
10:37:08,29.74,0.0,49,145012,卖盘
10:37:11,29.74,0.0,222,660308,卖盘
10:37:14,29.75,0.01,187,556170,买盘
10:37:18,29.74,-0.01,2,5948,卖盘
10:37:21,29.75,0.01,26,77344,买盘
10:37:26,29.74,-0.01,14,41642,卖盘
10:37:31,29.74,0.0,2,5948,卖盘
10:37:39,29.74,0.0,29,86259,卖盘
10:37:45,29.74,0.0,11,32714,卖盘
10:37:48,29.75,0.01,412,1225700,买盘
10:37:51,29.75,0.0,14,40253,卖盘
10:37:53,29.75,0.0,373,1109675,卖盘
10:37:56,29.76,0.01,7,20831,买盘
10:37:59,29.76,0.0,150,446260,买盘
10:38:03,29.76,0.0,1,2976,买盘
10:38:05,29.76,0.0,12,35712,买盘
10:38:09,29.76,0.0,30,89280,买盘
10:38:11,29.75,-0.01,298,886797,卖盘
10:38:17,29.76,0.01,6,17856,买盘
10:38:20,29.76,0.0,4,11904,买盘
10:38:23,29.75,-0.01,32,95219,卖盘
10:38:26,29.76,0.01,7,20832,买盘
10:38:32,29.75,-0.01,335,998886,卖盘
10:38:36,29.75,0.0,91,270725,卖盘
10:38:39,29.76,0.01,91,270737,买盘
10:38:40,29.76,0.0,91,270750,买盘
10:38:45,29.75,-0.01,6,17851,卖盘
10:38:47,29.75,0.0,621,1846612,卖盘
10:38:50,29.74,-0.01,24,71396,卖盘
10:38:53,29.74,0.0,30,89240,卖盘
10:38:55,29.75,0.01,4,11900,买盘
10:39:00,29.75,0.0,299,890388,买盘
10:39:01,29.75,0.0,7,20825,卖盘
10:39:05,29.75,0.0,1,2975,卖盘
10:39:08,29.75,0.0,9,26775,卖盘
10:39:11,29.75,0.0,388,1154602,卖盘
10:39:15,29.75,0.0,23,67562,卖盘
10:39:18,29.74,-0.01,3,8923,卖盘
10:39:20,29.75,0.01,97,288566,买盘
10:39:23,29.74,-0.01,31,92219,卖盘
10:39:26,29.75,0.01,26,77349,买盘
10:39:28,29.75,0.0,16,48461,买盘
10:39:33,29.75,0.0,6,17851,卖盘
10:39:36,29.75,0.0,142,422453,卖盘
10:39:39,29.75,0.0,35,104125,卖盘
10:39:45,29.76,0.01,6,17855,买盘
10:39:47,29.75,-0.01,385,1144512,卖盘
10:39:53,29.75,0.0,133,396486,买盘
10:39:56,29.75,0.0,2,5950,卖盘
10:40:00,29.75,0.0,73,217175,卖盘
10:40:03,29.76,0.01,14,41654,买盘
10:40:04,29.75,-0.01,218,647793,卖盘
10:40:09,29.75,0.0,61,181475,买盘
10:40:11,29.77,0.02,208,619039,买盘
10:40:14,29.76,-0.01,2,5950,中性盘
10:40:18,29.76,0.0,1,2976,卖盘
10:40:20,29.77,0.01,2,5954,买盘
10:40:23,29.76,-0.01,22,65472,卖盘
10:40:26,29.76,0.0,124,369023,买盘
10:40:30,29.76,0.0,1,2976,买盘
10:40:33,29.75,-0.01,2,5950,卖盘
10:40:35,29.77,0.02,327,973612,买盘
10:40:38,29.78,0.01,546,1625981,买盘
10:40:41,29.78,0.0,179,533062,买盘
10:40:45,29.77,-0.01,153,455613,卖盘
10:40:48,29.79,0.02,55,163821,买盘
10:40:50,29.79,0.0,42,125108,买盘
10:40:53,29.79,0.0,303,902635,买盘
10:40:56,29.79,0.0,10,29789,买盘
10:40:59,29.79,0.0,45,134054,买盘
10:41:02,29.79,0.0,28,83411,买盘
10:41:05,29.78,-0.01,60,178714,卖盘
10:41:09,29.78,0.0,53,157845,卖盘
10:41:11,29.8,0.02,518,1543324,买盘
10:41:17,29.79,-0.01,101,300799,中性盘
10:41:20,29.8,0.01,43,128101,买盘
10:41:23,29.8,0.0,32,95349,买盘
10:41:26,29.77,-0.03,27,80427,卖盘
10:41:28,29.79,0.02,24,71494,买盘
10:41:32,29.78,-0.01,24,71471,买盘
10:41:35,29.79,0.01,201,598602,买盘
10:41:37,29.79,0.0,30,89370,买盘
10:41:41,29.78,-0.01,204,607648,卖盘
10:41:44,29.8,0.02,6,17875,买盘
10:41:47,29.79,-0.01,1,2979,卖盘
10:41:49,29.79,0.0,23,68535,卖盘
10:41:53,29.8,0.01,13,38740,买盘
10:41:56,29.79,-0.01,59,175763,卖盘
10:41:59,29.78,-0.01,58,172736,卖盘
10:42:02,29.78,0.0,20,59560,买盘
10:42:05,29.77,-0.01,130,386966,卖盘
10:42:07,29.79,0.02,70,208437,买盘
10:42:11,29.8,0.01,3,8940,买盘
10:42:17,29.8,0.0,3,8940,买盘
10:42:19,29.8,0.0,25,74494,买盘
10:42:23,29.8,0.0,10,29798,买盘
10:42:25,29.79,-0.01,170,506430,卖盘
10:42:29,29.8,0.01,40,119197,买盘
10:42:33,29.8,0.0,24,71520,买盘
10:42:39,29.79,-0.01,95,283007,卖盘
10:42:41,29.79,0.0,14,41706,买盘
10:42:45,29.79,0.0,9,26809,买盘
10:42:47,29.78,-0.01,63,187632,卖盘
10:42:50,29.78,0.0,1,2978,买盘
10:42:53,29.78,0.0,31,92316,买盘
10:42:56,29.77,-0.01,91,270908,卖盘
10:42:58,29.78,0.01,59,175723,买盘
10:43:02,29.77,-0.01,15,44655,买盘
10:43:05,29.76,-0.01,44,130954,卖盘
10:43:08,29.78,0.02,35,104166,买盘
10:43:11,29.79,0.01,93,276940,买盘
10:43:14,29.78,-0.01,7,20846,卖盘
10:43:18,29.78,0.0,44,131031,卖盘
10:43:19,29.78,0.0,13,38715,卖盘
10:43:24,29.78,0.0,4,11198,买盘
10:43:26,29.79,0.01,104,309803,买盘
10:43:30,29.79,0.0,31,92349,卖盘
10:43:32,29.79,0.0,20,59580,卖盘
10:43:35,29.79,0.0,30,90095,卖盘
10:43:41,29.79,0.0,10,29790,买盘
10:43:44,29.79,0.0,4,11916,买盘
10:43:47,29.78,-0.01,139,413942,卖盘
10:43:50,29.78,0.0,34,101284,卖盘
10:43:53,29.78,0.0,38,113197,卖盘
10:43:56,29.78,0.0,7,20852,卖盘
10:43:59,29.78,0.0,16,47648,卖盘
10:44:02,29.78,0.0,142,422183,卖盘
10:44:05,29.79,0.01,43,128095,买盘
10:44:08,29.77,-0.02,81,241151,卖盘
10:44:11,29.79,0.02,132,393228,买盘
10:44:14,29.79,0.0,153,455787,买盘
10:44:17,29.79,0.0,104,309816,买盘
10:44:25,29.79,0.0,130,387274,卖盘
10:44:28,29.79,0.0,2,5958,卖盘
10:44:31,29.79,0.0,237,706023,卖盘
10:44:34,29.79,0.0,75,223430,卖盘
10:44:38,29.79,0.0,8,23832,买盘
10:44:41,29.79,0.0,63,187593,买盘
10:44:44,29.79,0.0,8,23829,买盘
10:44:47,29.78,-0.01,16,47663,卖盘
10:44:50,29.79,0.01,17,50643,买盘
10:44:53,29.78,-0.01,2,5956,卖盘
10:44:56,29.78,0.0,188,559907,卖盘
10:44:58,29.79,0.01,74,220335,买盘
10:45:02,29.79,0.0,74,220446,买盘
10:45:04,29.78,-0.01,74,220419,卖盘
10:45:08,29.79,0.01,28,83412,卖盘
10:45:10,29.8,0.01,220,655600,买盘
10:45:14,29.79,-0.01,18,53624,卖盘
10:45:17,29.79,0.0,10,29790,卖盘
10:45:20,29.79,0.0,74,220446,卖盘
10:45:23,29.78,-0.01,5,14890,卖盘
10:45:26,29.77,-0.01,11,32755,卖盘
10:45:29,29.78,0.01,25,74426,买盘
10:45:31,29.78,0.0,218,649234,买盘
10:45:35,29.78,0.0,14,40977,卖盘
10:45:38,29.78,0.0,14,41695,卖盘
10:45:40,29.78,0.0,39,116145,卖盘
10:45:44,29.78,0.0,16,47648,卖盘
10:45:47,29.79,0.01,527,1570317,买盘
10:45:50,29.79,0.0,96,285898,卖盘
10:45:53,29.8,0.01,207,616777,买盘
10:45:56,29.8,0.0,42,125161,卖盘
10:45:58,29.78,-0.02,48,143018,卖盘
10:46:02,29.8,0.02,32,95363,卖盘
10:46:05,29.8,0.0,42,125112,买盘
10:46:08,29.78,-0.02,152,452692,卖盘
10:46:11,29.8,0.02,263,783740,买盘
10:46:14,29.8,0.0,102,303959,卖盘
10:46:17,29.8,0.0,9,26820,买盘
10:46:19,29.8,0.0,34,101319,买盘
10:46:23,29.79,-0.01,14,41706,卖盘
10:46:26,29.79,0.0,48,142991,买盘
10:46:32,29.79,0.0,216,643264,买盘
10:46:35,29.78,-0.01,91,271713,卖盘
10:46:38,29.8,0.02,1000,2979465,买盘
10:46:40,29.78,-0.02,36,107208,买盘
10:46:44,29.8,0.02,9,26806,买盘
10:46:46,29.78,-0.02,1,4319,卖盘
10:46:50,29.8,0.02,1,2980,买盘
10:46:53,29.8,0.0,4,11920,买盘
10:46:56,29.78,-0.02,51,151898,卖盘
10:46:59,29.78,0.0,148,440109,卖盘
10:47:02,29.8,0.02,113,336550,买盘
10:47:05,29.8,0.0,14,41716,买盘
10:47:08,29.77,-0.03,528,1572869,卖盘
10:47:11,29.81,0.04,1034,3081912,买盘
10:47:13,29.82,0.01,14,41140,买盘
10:47:16,29.81,-0.01,6,17891,卖盘
10:47:20,29.8,-0.01,500,1490347,卖盘
10:47:23,29.82,0.02,17,50689,买盘
10:47:27,29.8,-0.02,1,2980,卖盘
10:47:32,29.82,0.02,19,56646,买盘
10:47:35,29.8,-0.02,418,1246244,卖盘
10:47:38,29.81,0.01,120,357619,买盘
10:47:41,29.81,0.0,10,29810,买盘
10:47:44,29.81,0.0,206,614286,卖盘
10:47:47,29.81,0.0,1,2981,买盘
10:47:50,29.79,-0.02,141,420085,卖盘
10:47:53,29.79,0.0,19,56601,卖盘
10:47:56,29.79,0.0,6,17874,买盘
10:48:00,29.79,0.0,4,11916,买盘
10:48:02,29.79,0.0,44,131076,买盘
10:48:05,29.78,-0.01,409,1218017,卖盘
10:48:08,29.79,0.01,117,348447,买盘
10:48:11,29.81,0.02,443,1320179,买盘
10:48:14,29.81,0.0,19,56639,卖盘
10:48:17,29.81,0.0,424,1263952,卖盘
10:48:20,29.8,-0.01,1,2980,卖盘
10:48:26,29.81,0.01,29,86449,买盘
10:48:29,29.8,-0.01,42,125181,卖盘
10:48:32,29.8,0.0,73,217540,卖盘
10:48:35,29.8,0.0,19,56619,买盘
10:48:38,29.8,0.0,3,8940,买盘
10:48:41,29.8,0.0,143,426090,买盘
10:48:48,29.81,0.01,36,107290,买盘
10:48:49,29.8,-0.01,54,160910,卖盘
10:48:52,29.81,0.01,60,178735,买盘
10:48:55,29.81,0.0,34,101303,买盘
10:49:02,29.8,-0.01,23,68540,卖盘
10:49:08,29.81,0.01,8,23841,买盘
10:49:11,29.82,0.01,301,897374,买盘
10:49:14,29.81,-0.01,42,125202,卖盘
10:49:17,29.81,0.0,16,47696,卖盘
10:49:19,29.81,0.0,203,605117,卖盘
10:49:23,29.81,0.0,80,238480,买盘
10:49:26,29.81,0.0,118,351770,买盘
10:49:29,29.81,0.0,10,29810,买盘
10:49:32,29.81,0.0,205,610927,卖盘
10:49:38,29.81,0.0,20,59620,卖盘
10:49:41,29.81,0.0,41,122233,卖盘
10:49:44,29.81,0.0,63,187811,卖盘
10:49:50,29.8,-0.01,67,199688,卖盘
10:49:53,29.81,0.01,6,17890,中性盘
10:49:56,29.82,0.01,30,89434,买盘
10:49:59,29.81,-0.01,18,53658,卖盘
10:50:02,29.81,0.0,47,140103,买盘
10:50:04,29.82,0.01,27,80497,买盘
10:50:08,29.82,0.0,16,47704,买盘
10:50:14,29.81,-0.01,204,608177,买盘
10:50:17,29.81,0.0,2,5962,卖盘
10:50:19,29.82,0.01,178,529403,买盘
10:50:23,29.83,0.01,91,271444,买盘
10:50:25,29.82,-0.01,23,68586,卖盘
10:50:29,29.82,0.0,27,80514,买盘
10:50:32,29.83,0.01,146,435246,买盘
10:50:35,29.82,-0.01,204,608090,卖盘
10:50:38,29.82,0.0,316,942612,卖盘
10:50:41,29.82,0.0,23,68606,卖盘
10:50:43,29.82,0.0,155,462210,买盘
10:50:47,29.81,-0.01,105,313100,卖盘
10:50:50,29.83,0.02,266,793286,买盘
10:50:52,29.82,-0.01,211,629237,卖盘
10:50:56,29.81,-0.01,59,175879,卖盘
10:50:58,29.81,0.0,88,262328,买盘
10:51:02,29.82,0.01,319,951112,买盘
10:51:05,29.82,0.0,7,20874,卖盘
10:51:07,29.82,0.0,6,17892,卖盘
10:51:11,29.83,0.01,30,89482,买盘
10:51:14,29.84,0.01,281,838377,买盘
10:51:17,29.84,0.0,19,58964,卖盘
10:51:20,29.84,0.0,243,725262,卖盘
10:51:22,29.84,0.0,42,123060,买盘
10:51:26,29.84,0.0,19,56691,买盘
10:51:29,29.83,-0.01,303,904447,卖盘
10:51:32,29.84,0.01,4,11934,中性盘
10:51:35,29.85,0.01,13,41055,买盘
10:51:38,29.84,-0.01,151,450732,买盘
10:51:41,29.84,0.0,14,41775,中性盘
10:51:44,29.83,-0.01,116,343772,卖盘
10:51:47,29.82,-0.01,72,214725,卖盘
10:51:50,29.85,0.03,76,226807,买盘
10:51:53,29.84,-0.01,5,14920,卖盘
10:51:56,29.84,0.0,5,14920,卖盘
10:51:59,29.85,0.01,222,663493,买盘
10:52:01,29.85,0.0,98,292530,卖盘
10:52:05,29.85,0.0,22,65672,卖盘
10:52:08,29.85,0.0,43,127519,卖盘
10:52:10,29.85,0.0,51,152235,买盘
10:52:13,29.85,0.0,265,791268,买盘
10:52:16,29.85,0.0,25,74625,卖盘
10:52:20,29.85,0.0,13,38807,卖盘
10:52:23,29.85,0.0,92,274620,卖盘
10:52:26,29.85,0.0,9,26866,卖盘
10:52:29,29.86,0.01,49,146274,买盘
10:52:32,29.85,-0.01,150,447614,中性盘
10:52:34,29.85,0.0,20,59712,卖盘
10:52:38,29.85,0.0,103,307538,卖盘
10:52:41,29.85,0.0,1,2985,卖盘
10:52:43,29.84,-0.01,49,146261,卖盘
10:52:47,29.85,0.01,10,29850,中性盘
10:52:49,29.85,0.0,3,8955,买盘
10:52:53,29.85,0.0,26,77610,买盘
10:52:56,29.85,0.0,14,44059,卖盘
10:52:59,29.85,0.0,10,29850,卖盘
10:53:02,29.85,0.0,13,38810,卖盘
10:53:05,29.85,0.0,17,50748,卖盘
10:53:11,29.86,0.01,7,20901,买盘
10:53:14,29.86,0.0,289,862933,买盘
10:53:17,29.86,0.0,44,131381,买盘
10:53:19,29.85,-0.01,160,476918,卖盘
10:53:26,29.86,0.01,41,122426,卖盘
10:53:28,29.86,0.0,64,191127,卖盘
10:53:32,29.86,0.0,101,301686,卖盘
10:53:35,29.86,0.0,29,86607,卖盘
10:53:37,29.86,0.0,37,110495,卖盘
10:53:41,29.87,0.01,13,38829,买盘
10:53:44,29.86,-0.01,54,161244,卖盘
10:53:46,29.87,0.01,19,56753,买盘
10:53:49,29.87,0.0,17,50773,买盘
10:53:52,29.87,0.0,37,110511,买盘
10:53:55,29.87,0.0,25,74675,买盘
10:53:59,29.87,0.0,8,23891,买盘
10:54:02,29.86,-0.01,4,11944,卖盘
10:54:05,29.88,0.02,156,466818,买盘
10:54:08,29.88,0.0,28,83642,买盘
10:54:11,29.87,-0.01,77,229163,卖盘
10:54:14,29.87,0.0,180,537730,买盘
10:54:17,29.87,0.0,24,71688,卖盘
10:54:20,29.88,0.01,13,38833,买盘
10:54:22,29.88,0.0,218,651373,买盘
10:54:26,29.88,0.0,238,711237,买盘
10:54:28,29.87,-0.01,58,173302,卖盘
10:54:32,29.88,0.01,94,280934,卖盘
10:54:34,29.88,0.0,16,47818,卖盘
10:54:38,29.89,0.01,392,1171672,买盘
10:54:41,29.89,0.0,215,643434,买盘
10:54:44,29.89,0.0,21,62769,卖盘
10:54:47,29.89,0.0,66,197272,卖盘
10:54:50,29.89,0.0,23,68758,买盘
10:54:53,29.9,0.01,52,155450,买盘
10:54:56,29.9,0.0,25,74716,买盘
10:54:58,29.87,-0.03,153,457083,卖盘
10:55:02,29.89,0.02,32,95648,买盘
10:55:05,29.9,0.01,157,469327,买盘
10:55:08,29.9,0.0,93,278060,买盘
10:55:10,29.9,0.0,24,71750,买盘
10:55:14,29.9,0.0,382,1142180,买盘
10:55:17,29.9,0.0,106,315646,买盘
10:55:20,29.89,-0.01,28,83700,卖盘
10:55:23,29.9,0.01,5,14950,买盘
10:55:26,29.89,-0.01,36,107632,卖盘
10:55:28,29.9,0.01,19,56810,买盘
10:55:32,29.9,0.0,44,131560,卖盘
10:55:34,29.9,0.0,25,74755,卖盘
10:55:38,29.91,0.01,127,379847,买盘
10:55:41,29.9,-0.01,69,206320,卖盘
10:55:44,29.91,0.01,101,302090,买盘
10:55:47,29.91,0.0,139,415749,卖盘
10:55:49,29.91,0.0,12,35892,卖盘
10:55:52,29.91,0.0,172,514614,卖盘
10:55:56,29.92,0.01,3,8976,买盘
10:55:59,29.92,0.0,9,26928,卖盘
10:56:02,29.92,0.0,118,353061,卖盘
10:56:04,29.92,0.0,31,92749,买盘
10:56:08,29.92,0.0,65,194480,买盘
10:56:10,29.93,0.01,46,137636,买盘
10:56:13,29.93,0.0,256,766170,买盘
10:56:17,29.93,0.0,4,11972,卖盘
10:56:20,29.93,0.0,68,203546,卖盘
10:56:23,29.92,-0.01,199,595568,卖盘
10:56:26,29.93,0.01,34,101773,中性盘
10:56:29,29.94,0.01,23,68849,买盘
10:56:32,29.93,-0.01,16,47888,中性盘
10:56:34,29.92,-0.01,194,580451,卖盘
10:56:38,29.91,-0.01,184,550404,卖盘
10:56:41,29.92,0.01,41,122680,买盘
10:56:44,29.94,0.02,777,2325874,买盘
10:56:47,29.92,-0.02,471,1410584,卖盘
10:56:49,29.91,-0.01,17,50860,中性盘
10:56:52,29.92,0.01,8,23936,中性盘
10:56:56,29.93,0.01,31,92773,买盘
10:56:59,29.92,-0.01,18,53867,卖盘
10:57:02,29.94,0.02,17,50887,买盘
10:57:05,29.93,-0.01,12,35918,卖盘
10:57:08,29.93,0.0,51,152626,买盘
10:57:11,29.93,0.0,8,23944,买盘
10:57:14,29.94,0.01,238,712565,买盘
10:57:16,29.93,-0.01,186,556838,卖盘
10:57:20,29.93,0.0,26,77818,买盘
10:57:23,29.92,-0.01,81,242352,卖盘
10:57:26,29.91,-0.01,31,92751,卖盘
10:57:28,29.92,0.01,23,68816,买盘
10:57:31,29.92,0.0,111,332175,买盘
10:57:35,29.92,0.0,28,83796,卖盘
10:57:38,29.92,0.0,51,152569,卖盘
10:57:41,29.92,0.0,54,161574,卖盘
10:57:44,29.92,0.0,20,59838,买盘
10:57:47,29.92,0.0,32,95764,卖盘
10:57:50,29.92,0.0,9,26928,买盘
10:57:53,29.92,0.0,18,53854,买盘
10:57:56,29.92,0.0,45,134630,买盘
10:57:58,29.93,0.01,4,11972,买盘
10:58:02,29.92,-0.01,35,104744,买盘
10:58:05,29.92,0.0,126,376985,买盘
10:58:08,29.92,0.0,82,245311,买盘
10:58:11,29.91,-0.01,154,460629,卖盘
10:58:14,29.94,0.03,335,1002464,买盘
10:58:16,29.91,-0.03,25,74782,中性盘
10:58:20,29.92,0.01,40,119671,买盘
10:58:23,29.93,0.01,100,299300,中性盘
10:58:26,29.93,0.0,92,275348,卖盘
10:58:29,29.92,-0.01,14,41907,卖盘
10:58:31,29.94,0.02,44,131703,买盘
10:58:35,29.93,-0.01,78,233398,买盘
10:58:38,29.93,0.0,13,38921,卖盘
10:58:41,29.93,0.0,84,251455,卖盘
10:58:44,29.93,0.0,12,35918,卖盘
10:58:47,29.94,0.01,52,155668,买盘
10:58:50,29.93,-0.01,54,161630,卖盘
10:58:52,29.93,0.0,147,439976,卖盘
10:58:56,29.93,0.0,25,74825,卖盘
10:58:58,29.93,0.0,229,685174,买盘
10:59:02,29.92,-0.01,120,359215,中性盘
10:59:05,29.94,0.02,36,107776,买盘
10:59:08,29.93,-0.01,5,14965,买盘
10:59:10,29.92,-0.01,144,431112,卖盘
10:59:14,29.94,0.02,390,1167611,买盘
10:59:17,29.93,-0.01,75,224479,中性盘
10:59:20,29.92,-0.01,163,487759,卖盘
10:59:23,29.93,0.01,35,104725,买盘
10:59:25,29.92,-0.01,37,110714,卖盘
10:59:32,29.9,-0.02,76,227303,卖盘
10:59:35,29.9,0.0,52,155485,卖盘
10:59:38,29.9,0.0,67,200356,卖盘
10:59:41,29.9,0.0,112,335049,卖盘
10:59:44,29.91,0.01,29,86713,中性盘
10:59:47,29.91,0.0,188,562422,卖盘
10:59:49,29.9,-0.01,585,1750405,卖盘
10:59:53,29.93,0.03,115,344088,买盘
10:59:56,29.92,-0.01,78,233350,中性盘
11:00:02,29.92,0.0,55,164553,买盘
11:00:04,29.92,0.0,35,104696,中性盘
11:00:08,29.91,-0.01,18,53844,卖盘
11:00:11,29.91,0.0,72,215377,卖盘
11:00:13,29.92,0.01,342,1023551,买盘
11:00:17,29.91,-0.01,21,62814,卖盘
11:00:20,29.91,0.0,41,122642,中性盘
11:00:23,29.9,-0.01,89,266140,卖盘
11:00:25,29.91,0.01,53,158518,买盘
11:00:29,29.9,-0.01,78,233281,卖盘
11:00:32,29.91,0.01,208,622076,买盘
11:00:35,29.91,0.0,31,92731,卖盘
11:00:38,29.9,-0.01,208,622074,卖盘
11:00:44,29.91,0.01,42,125653,卖盘
11:00:47,29.91,0.0,32,95732,中性盘
11:00:50,29.92,0.01,43,128618,买盘
11:00:52,29.91,-0.01,48,143559,中性盘
11:00:56,29.91,0.0,24,71784,买盘
11:00:59,29.92,0.01,50,149593,买盘
11:01:02,29.91,-0.01,145,433567,中性盘
11:01:04,29.91,0.0,16,47861,卖盘
11:01:07,29.91,0.0,18,53838,卖盘
11:01:11,29.91,0.0,1,2991,买盘
11:01:14,29.9,-0.01,262,783838,卖盘
11:01:17,29.91,0.01,7,20937,买盘
11:01:20,29.9,-0.01,152,454480,卖盘
11:01:22,29.89,-0.01,37,110633,卖盘
11:01:26,29.9,0.01,98,292941,买盘
11:01:29,29.89,-0.01,126,376617,卖盘
11:01:32,29.89,0.0,19,56791,买盘
11:01:35,29.89,0.0,156,466284,买盘
11:01:38,29.88,-0.01,153,457164,卖盘
11:01:41,29.88,0.0,122,364623,买盘
11:01:44,29.89,0.01,128,382702,买盘
11:01:47,29.89,0.0,22,65751,中性盘
11:01:50,29.9,0.01,33,98613,买盘
11:01:53,29.89,-0.01,12,35865,卖盘
11:01:56,29.88,-0.01,4,11952,卖盘
11:01:58,29.89,0.01,22,65738,买盘
11:02:02,29.88,-0.01,22,65741,中性盘
11:02:05,29.87,-0.01,12,35855,卖盘
11:02:08,29.89,0.02,76,227109,买盘
11:02:10,29.88,-0.01,145,433399,卖盘
11:02:13,29.91,0.03,193,577184,买盘
11:02:17,29.91,0.0,123,367994,卖盘
11:02:20,29.89,-0.02,21,62802,卖盘
11:02:23,29.89,0.0,20,59780,买盘
11:02:25,29.88,-0.01,6,17932,卖盘
11:02:29,29.89,0.01,76,227156,中性盘
11:02:32,29.88,-0.01,118,352600,卖盘
11:02:35,29.88,0.0,18,53794,卖盘
11:02:38,29.88,0.0,41,122518,卖盘
11:02:41,29.91,0.03,73,218217,买盘
11:02:44,29.9,-0.01,19,56788,买盘
11:02:47,29.9,0.0,10,29899,买盘
11:02:50,29.88,-0.02,17,50796,卖盘
11:02:52,29.88,0.0,20,59787,卖盘
11:02:56,29.88,0.0,32,95643,卖盘
11:02:59,29.88,0.0,175,522760,买盘
11:03:02,29.9,0.02,133,397420,买盘
11:03:05,29.88,-0.02,24,71754,卖盘
11:03:07,29.9,0.02,48,143500,买盘
11:03:12,29.89,-0.01,15,44847,卖盘
11:03:13,29.89,0.0,287,858204,卖盘
11:03:17,29.9,0.01,29,86749,卖盘
11:03:20,29.9,0.0,14,41864,卖盘
11:03:23,29.92,0.02,8,23936,买盘
11:03:26,29.89,-0.03,63,188361,卖盘
11:03:32,29.91,0.02,61,182355,买盘
11:03:34,29.91,0.0,15,44851,买盘
11:03:38,29.89,-0.02,48,143492,卖盘
11:03:40,29.89,0.0,18,53802,买盘
11:03:44,29.88,-0.01,108,322717,卖盘
11:03:47,29.87,-0.01,74,220281,卖盘
11:03:50,29.87,0.0,32,95584,买盘
11:03:53,29.87,0.0,18,53765,买盘
11:03:56,29.87,0.0,7,20909,买盘
11:03:59,29.88,0.01,243,725663,买盘
11:04:01,29.87,-0.01,17,50779,卖盘
11:04:05,29.88,0.01,57,170315,买盘
11:04:07,29.88,0.0,59,176322,买盘
11:04:11,29.86,-0.02,210,627250,卖盘
11:04:14,29.89,0.03,302,902721,买盘
11:04:16,29.87,-0.02,89,266005,卖盘
11:04:20,29.87,0.0,6,17930,卖盘
11:04:23,29.86,-0.01,12,35841,卖盘
11:04:26,29.86,0.0,66,197084,卖盘
11:04:32,29.87,0.01,9,26883,卖盘
11:04:35,29.89,0.02,8,23912,买盘
11:04:38,29.87,-0.02,3,8961,卖盘
11:04:40,29.89,0.02,23,68724,买盘
11:04:43,29.87,-0.02,18,53787,卖盘
11:04:47,29.89,0.02,38,113582,买盘
11:04:50,29.89,0.0,16,47824,买盘
11:04:53,29.88,-0.01,46,137448,中性盘
11:04:56,29.87,-0.01,180,537756,卖盘
11:04:59,29.87,0.0,4,11948,卖盘
11:05:02,29.89,0.02,169,505260,买盘
11:05:05,29.9,0.01,199,595010,买盘
11:05:08,29.89,-0.01,40,119563,卖盘
11:05:11,29.89,0.0,27,80703,卖盘
11:05:14,29.89,0.0,439,1312477,卖盘
11:05:17,29.9,0.01,49,146465,买盘
11:05:20,29.9,0.0,169,505244,买盘
11:05:23,29.9,0.0,55,164389,买盘
11:05:26,29.89,-0.01,32,95662,卖盘
11:05:28,29.9,0.01,212,633841,买盘
11:05:32,29.9,0.0,155,463167,买盘
11:05:35,29.9,0.0,16,47833,买盘
11:05:37,29.89,-0.01,54,161413,卖盘
11:05:41,29.9,0.01,219,654746,买盘
11:05:44,29.89,-0.01,67,200231,卖盘
11:05:47,29.89,0.0,14,41844,买盘
11:05:50,29.88,-0.01,33,98612,卖盘
11:05:53,29.88,0.0,50,149400,买盘
11:05:55,29.87,-0.01,61,182210,卖盘
11:05:58,29.89,0.02,115,343710,买盘
11:06:02,29.88,-0.01,199,594753,卖盘
11:06:05,29.89,0.01,209,624500,买盘
11:06:09,29.89,0.0,55,164385,买盘
11:06:11,29.9,0.01,63,188312,买盘
11:06:14,29.9,0.0,405,1210808,买盘
11:06:17,29.89,-0.01,25,74705,中性盘
11:06:20,29.88,-0.01,225,672285,卖盘
11:06:23,29.88,0.0,50,149400,买盘
11:06:26,29.88,0.0,178,531864,买盘
11:06:28,29.88,0.0,128,382464,买盘
11:06:32,29.88,0.0,170,508042,卖盘
11:06:34,29.89,0.01,15,44849,中性盘
11:06:38,29.88,-0.01,152,454216,卖盘
11:06:40,29.89,0.01,8,23912,中性盘
11:06:44,29.88,-0.01,189,565053,卖盘
11:06:47,29.9,0.02,13,38873,中性盘
11:06:49,29.9,0.0,122,364603,卖盘
11:06:52,29.88,-0.02,48,143445,卖盘
11:06:56,29.88,0.0,11,32868,买盘
11:06:59,29.87,-0.01,72,215098,卖盘
11:07:02,29.88,0.01,27,80683,买盘
11:07:05,29.87,-0.01,59,176343,卖盘
11:07:08,29.9,0.03,21,62781,买盘
11:07:11,29.88,-0.02,21,62745,卖盘
11:07:14,29.88,0.0,309,925226,卖盘
11:07:17,29.88,0.0,48,143418,卖盘
11:07:20,29.88,0.0,49,146375,卖盘
11:07:23,29.88,0.0,22,65732,买盘
11:07:26,29.86,-0.02,318,950311,卖盘
11:07:29,29.88,0.02,35,104596,中性盘
11:07:32,29.88,0.0,14,41845,卖盘
11:07:35,29.88,0.0,81,242050,卖盘
11:07:38,29.88,0.0,27,80676,卖盘
11:07:41,29.88,0.0,27,80697,卖盘
11:07:44,29.88,0.0,43,128488,卖盘
11:07:46,29.88,0.0,3,8964,卖盘
11:07:50,29.88,0.0,45,134469,卖盘
11:07:53,29.89,0.01,21,62752,买盘
11:07:56,29.9,0.01,6,17938,买盘
11:07:59,29.88,-0.02,14,41839,卖盘
11:08:02,29.88,0.0,412,1231088,卖盘
11:08:05,29.88,0.0,12,35864,卖盘
11:08:08,29.9,0.02,103,307766,买盘
11:08:10,29.86,-0.04,211,630284,卖盘
11:08:13,29.88,0.02,248,741433,买盘
11:08:17,29.86,-0.02,50,149305,卖盘
11:08:20,29.88,0.02,92,274736,买盘
11:08:22,29.88,0.0,17,50772,买盘
11:08:26,29.86,-0.02,31,92576,卖盘
11:08:29,29.88,0.02,5,14939,买盘
11:08:31,29.86,-0.02,361,1077775,卖盘
11:08:35,29.86,0.0,159,475068,买盘
11:08:38,29.88,0.02,35,104545,买盘
11:08:41,29.85,-0.03,105,313430,卖盘
11:08:44,29.88,0.03,64,191160,买盘
11:08:47,29.88,0.0,38,113454,买盘
11:08:50,29.86,-0.02,42,125475,卖盘
11:08:57,29.87,0.01,39,116470,买盘
11:08:59,29.86,-0.01,171,510613,卖盘
11:09:02,29.86,0.0,18,53748,卖盘
11:09:05,29.86,0.0,71,212032,卖盘
11:09:08,29.86,0.0,15,44798,卖盘
11:09:11,29.87,0.01,27,80629,买盘
11:09:14,29.88,0.01,279,833625,买盘
11:09:17,29.86,-0.02,73,217984,卖盘
11:09:20,29.86,0.0,26,77636,卖盘
11:09:23,29.86,0.0,11,32846,买盘
11:09:25,29.86,0.0,501,1495489,买盘
11:09:29,29.85,-0.01,435,1298083,卖盘
11:09:32,29.86,0.01,14,41802,买盘
11:09:35,29.84,-0.02,43,128312,卖盘
11:09:38,29.84,0.0,65,192617,卖盘
11:09:41,29.83,-0.01,18,53699,卖盘
11:09:46,29.83,0.0,319,951584,卖盘
11:09:50,29.83,0.0,28,83524,买盘
11:09:53,29.83,0.0,36,107381,买盘
11:09:56,29.83,0.0,76,226650,买盘
11:09:59,29.83,0.0,34,101401,买盘
11:10:01,29.83,0.0,400,1193184,买盘
11:10:05,29.83,0.0,22,65626,卖盘
11:10:08,29.84,0.01,14,41771,买盘
11:10:11,29.83,-0.01,81,241623,卖盘
11:10:15,29.83,0.0,9,26847,买盘
11:10:17,29.86,0.03,149,444653,买盘
11:10:21,29.85,-0.01,5,14925,卖盘
11:10:23,29.85,0.0,151,450735,卖盘
11:10:26,29.85,0.0,42,125381,卖盘
11:10:29,29.85,0.0,72,214926,卖盘
11:10:32,29.85,0.0,35,104455,卖盘
11:10:34,29.83,-0.02,113,337089,卖盘
11:10:41,29.82,-0.01,46,137196,卖盘
11:10:44,29.83,0.01,112,333989,买盘
11:10:47,29.82,-0.01,71,211764,卖盘
11:10:49,29.83,0.01,29,86513,卖盘
11:10:53,29.83,0.0,15,44757,卖盘
11:10:56,29.83,0.0,19,56677,卖盘
11:10:59,29.83,0.0,11,32815,卖盘
11:11:01,29.84,0.01,34,101440,买盘
11:11:04,29.85,0.01,30,89550,买盘
11:11:08,29.84,-0.01,38,113426,卖盘
11:11:11,29.84,0.0,85,253699,卖盘
11:11:14,29.86,0.02,27,80616,买盘
11:11:18,29.85,-0.01,188,561333,卖盘
11:11:20,29.86,0.01,328,979394,买盘
11:11:23,29.85,-0.01,37,110432,卖盘
11:11:26,29.84,-0.01,64,190976,卖盘
11:11:29,29.85,0.01,150,447491,买盘
11:11:32,29.84,-0.01,8,23872,中性盘
11:11:35,29.84,0.0,30,89490,买盘
11:11:39,29.85,0.01,45,134207,买盘
11:11:44,29.86,0.01,30,89565,买盘
11:11:47,29.85,-0.01,18,53721,买盘
11:11:51,29.84,-0.01,18,53720,卖盘
11:11:53,29.86,0.02,41,122380,买盘
11:11:57,29.85,-0.01,19,56732,卖盘
11:11:59,29.87,0.02,18,53762,买盘
11:12:01,29.87,0.0,21,62708,买盘
11:12:04,29.87,0.0,121,361417,买盘
11:12:08,29.87,0.0,52,155371,卖盘
11:12:11,29.87,0.0,237,708062,卖盘
11:12:15,29.88,0.01,373,1114385,买盘
11:12:17,29.9,0.02,363,1084904,买盘
11:12:20,29.89,-0.01,130,388690,卖盘
11:12:23,29.89,0.0,125,373595,卖盘
11:12:28,29.87,-0.02,20,59754,卖盘
11:12:32,29.87,0.0,45,134426,卖盘
11:12:35,29.87,0.0,46,137429,卖盘
11:12:38,29.87,0.0,44,131431,卖盘
11:12:42,29.87,0.0,1,2987,买盘
11:12:44,29.87,0.0,20,59737,买盘
11:12:48,29.89,0.02,51,152331,买盘
11:12:50,29.89,0.0,1,2989,买盘
11:12:53,29.86,-0.03,22,65712,卖盘
11:12:56,29.87,0.01,13,38845,中性盘
11:12:59,29.86,-0.01,106,316532,卖盘
11:13:02,29.89,0.03,100,298798,买盘
11:13:05,29.89,0.0,36,107578,买盘
11:13:09,29.84,-0.05,67,200005,卖盘
11:13:15,29.83,-0.01,15,44760,卖盘
11:13:18,29.87,0.04,83,247797,买盘
11:13:21,29.87,0.0,7,20909,卖盘
11:13:23,29.87,0.0,17,50789,卖盘
11:13:26,29.87,0.0,64,191186,卖盘
11:13:32,29.88,0.01,22,65725,买盘
11:13:35,29.87,-0.01,114,340525,卖盘
11:13:39,29.86,-0.01,51,152356,卖盘
11:13:42,29.87,0.01,15,44805,买盘
11:13:48,29.84,-0.03,97,289675,卖盘
11:13:49,29.85,0.01,19,58989,买盘
11:13:54,29.84,-0.01,22,63395,卖盘
11:13:56,29.84,0.0,53,158145,买盘
11:14:00,29.83,-0.01,91,271476,卖盘
11:14:02,29.83,0.0,64,190912,卖盘
11:14:05,29.83,0.0,95,283337,买盘
11:14:09,29.84,0.01,81,243929,买盘
11:14:11,29.82,-0.02,48,142477,卖盘
11:14:13,29.82,0.0,48,143156,卖盘
11:14:17,29.87,0.05,136,406192,买盘
11:14:21,29.87,0.0,11,32854,买盘
11:14:23,29.86,-0.01,14,41798,卖盘
11:14:26,29.83,-0.03,7,20881,卖盘
11:14:29,29.83,0.0,20,59684,卖盘
11:14:32,29.86,0.03,6,17914,买盘
11:14:35,29.83,-0.03,26,77571,卖盘
11:14:38,29.84,0.01,126,375981,买盘
11:14:41,29.84,0.0,52,155168,卖盘
11:14:45,29.84,0.0,29,86533,买盘
11:14:47,29.82,-0.02,48,143191,卖盘
11:14:51,29.83,0.01,9,26845,中性盘
11:14:53,29.82,-0.01,77,229614,卖盘
11:14:56,29.82,0.0,3,8946,卖盘
11:14:59,29.86,0.04,134,399784,买盘
11:15:02,29.82,-0.04,94,280318,卖盘
11:15:05,29.82,0.0,147,438370,卖盘
11:15:09,29.82,0.0,3,8946,买盘
11:15:11,29.82,0.0,158,471156,买盘
11:15:13,29.82,0.0,20,59635,卖盘
11:15:18,29.81,-0.01,204,608938,卖盘
11:15:20,29.82,0.01,12,35781,买盘
11:15:23,29.82,0.0,231,688712,卖盘
11:15:26,29.82,0.0,97,289570,卖盘
11:15:30,29.82,0.0,29,86469,卖盘
11:15:32,29.81,-0.01,105,313142,卖盘
11:15:34,29.84,0.03,22,65620,中性盘
11:15:38,29.82,-0.02,24,71564,中性盘
11:15:40,29.82,0.0,9,26844,卖盘
11:15:43,29.82,0.0,55,164010,卖盘
11:15:48,29.84,0.02,21,62664,买盘
11:15:50,29.82,-0.02,9,26844,卖盘
11:15:53,29.86,0.04,33,98452,买盘
11:15:56,29.86,0.0,1,2986,买盘
11:15:59,29.82,-0.04,13,38796,卖盘
11:16:01,29.81,-0.01,105,313115,卖盘
11:16:04,29.86,0.05,98,292569,买盘
11:16:08,29.83,-0.03,88,262362,中性盘
11:16:11,29.82,-0.01,22,65598,中性盘
11:16:13,29.81,-0.01,227,676799,卖盘
11:16:18,29.86,0.05,221,659547,买盘
11:16:21,29.81,-0.05,38,113286,卖盘
11:16:23,29.81,0.0,129,384512,买盘
11:16:26,29.86,0.05,86,256667,买盘
11:16:28,29.82,-0.04,75,223784,卖盘
11:16:32,29.83,0.01,11,32813,中性盘
11:16:35,29.85,0.02,45,134277,买盘
11:16:37,29.81,-0.04,16,47696,卖盘
11:16:41,29.83,0.02,3,8949,买盘
11:16:44,29.83,0.0,23,68609,买盘
11:16:47,29.82,-0.01,39,116330,卖盘
11:16:50,29.85,0.03,76,226829,买盘
11:16:54,29.85,0.0,9,26853,买盘
11:16:56,29.85,0.0,18,53730,买盘
11:16:59,29.81,-0.04,38,113315,卖盘
11:17:02,29.81,0.0,84,250440,卖盘
11:17:06,29.81,0.0,136,405543,卖盘
11:17:08,29.82,0.01,47,140154,买盘
11:17:11,29.82,0.0,12,35794,卖盘
11:17:13,29.85,0.03,255,761078,买盘
11:17:18,29.86,0.01,26,77636,买盘
11:17:21,29.85,-0.01,28,83580,卖盘
11:17:23,29.85,0.0,74,220890,卖盘
11:17:26,29.86,0.01,31,92563,买盘
11:17:29,29.85,-0.01,6,17910,卖盘
11:17:32,29.85,0.0,28,83599,卖盘
11:17:35,29.85,0.0,385,1149417,卖盘
11:17:38,29.85,0.0,35,104475,买盘
11:17:41,29.82,-0.03,192,572562,卖盘
11:17:43,29.85,0.03,91,271395,买盘
11:17:48,29.82,-0.03,1,2982,中性盘
11:17:50,29.85,0.03,328,978807,买盘
11:17:52,29.81,-0.04,222,661797,卖盘
11:17:55,29.81,0.0,13,38765,卖盘
11:17:58,29.8,-0.01,93,277190,卖盘
11:18:02,29.8,0.0,94,280274,卖盘
11:18:06,29.81,0.01,19,56632,买盘
11:18:09,29.81,0.0,183,545523,买盘
11:18:11,29.81,0.0,162,482795,卖盘
11:18:15,29.81,0.0,52,155077,卖盘
11:18:18,29.85,0.04,159,474463,买盘
11:18:21,29.86,0.01,22,65671,买盘
11:18:24,29.85,-0.01,136,405960,卖盘
11:18:26,29.85,0.0,8,23883,卖盘
11:18:29,29.85,0.0,39,116415,卖盘
11:18:32,29.85,0.0,2,5970,买盘
11:18:36,29.84,-0.01,3,8952,卖盘
11:18:38,29.85,0.01,12,35820,买盘
11:18:42,29.87,0.02,22,65693,买盘
11:18:44,29.87,0.0,52,155321,买盘
11:18:48,29.87,0.0,41,122425,买盘
11:18:50,29.85,-0.02,3,8955,卖盘
11:18:53,29.85,0.0,46,137312,卖盘
11:18:56,29.85,0.0,37,110445,卖盘
11:18:59,29.84,-0.01,66,197008,卖盘
11:19:03,29.85,0.01,5,14925,买盘
11:19:06,29.84,-0.01,65,193960,卖盘
11:19:09,29.84,0.0,5,14920,买盘
11:19:10,29.84,0.0,6,17904,买盘
11:19:15,29.83,-0.01,55,164087,卖盘
11:19:17,29.85,0.02,29,86546,买盘
11:19:21,29.85,0.0,3,8955,卖盘
11:19:23,29.85,0.0,17,50745,卖盘
11:19:25,29.85,0.0,118,352230,卖盘
11:19:29,29.85,0.0,6,17910,买盘
11:19:33,29.84,-0.01,4,11937,卖盘
11:19:35,29.84,0.0,108,322243,卖盘
11:19:38,29.84,0.0,9,26856,买盘
11:19:40,29.84,0.0,29,86532,买盘
11:19:44,29.83,-0.01,15,44749,卖盘
11:19:47,29.84,0.01,9,26856,中性盘
11:19:51,29.85,0.01,5,14925,买盘
11:19:53,29.84,-0.01,4,11936,卖盘
11:19:56,29.83,-0.01,50,149168,卖盘
11:19:58,29.85,0.02,37,110348,买盘
11:20:03,29.85,0.0,21,62649,买盘
11:20:04,29.85,0.0,6,17905,买盘
11:20:08,29.85,0.0,4,11937,买盘
11:20:10,29.83,-0.02,111,331026,卖盘
11:20:14,29.84,0.01,5,14916,买盘
11:20:17,29.85,0.01,110,328315,买盘
11:20:21,29.85,0.0,4,11940,买盘
11:20:23,29.84,-0.01,43,128291,买盘
11:20:27,29.83,-0.01,16,47729,卖盘
11:20:28,29.84,0.01,29,86557,买盘
11:20:31,29.84,0.0,9,26856,买盘
11:20:34,29.84,0.0,18,53714,卖盘
11:20:39,29.84,0.0,10,29841,卖盘
11:20:41,29.85,0.01,3,8955,买盘
11:20:45,29.84,-0.01,11,32825,卖盘
11:20:48,29.84,0.0,115,343124,卖盘
11:20:50,29.84,0.0,5,14920,卖盘
11:20:54,29.82,-0.02,53,158151,卖盘
11:20:56,29.84,0.02,14,41780,中性盘
11:21:00,29.84,0.0,6,17904,卖盘
11:21:03,29.84,0.0,14,41767,买盘
11:21:06,29.84,0.0,4,11936,买盘
11:21:08,29.84,0.0,37,110373,买盘
11:21:12,29.84,0.0,3,8952,买盘
11:21:15,29.84,0.0,6,17904,买盘
11:21:18,29.84,0.0,130,388024,买盘
11:21:21,29.84,0.0,18,53707,中性盘
11:21:23,29.85,0.01,129,384725,买盘
11:21:26,29.84,-0.01,34,101457,卖盘
11:21:30,29.86,0.02,301,898489,买盘
11:21:33,29.85,-0.01,305,910847,卖盘
11:21:35,29.87,0.02,104,310648,买盘
11:21:38,29.87,0.0,152,453866,买盘
11:21:42,29.87,0.0,176,525840,卖盘
11:21:44,29.88,0.01,41,122507,买盘
11:21:46,29.88,0.0,69,206130,买盘
11:21:51,29.87,-0.01,5,14936,卖盘
11:21:53,29.86,-0.01,58,173235,卖盘
11:21:56,29.87,0.01,135,403243,买盘
11:21:58,29.88,0.01,477,1425257,买盘
11:22:03,29.87,-0.01,89,265954,卖盘
11:22:04,29.88,0.01,131,391533,卖盘
11:22:08,29.88,0.0,47,140528,卖盘
11:22:11,29.88,0.0,230,687610,卖盘
11:22:13,29.88,0.0,61,182277,中性盘
11:22:18,29.88,0.0,403,1204164,买盘
11:22:20,29.91,0.03,494,1477008,买盘
11:22:23,29.91,0.0,5,14951,买盘
11:22:26,29.88,-0.03,20,59803,卖盘
11:22:29,29.9,0.02,7,20930,买盘
11:22:31,29.88,-0.02,93,278032,卖盘
11:22:36,29.88,0.0,15,44820,买盘
11:22:39,29.88,0.0,2,5976,买盘
11:22:42,29.88,0.0,29,86652,买盘
11:22:47,29.87,-0.01,15,44819,卖盘
11:22:49,29.88,0.01,64,191175,买盘
11:22:56,29.88,0.0,14,41849,卖盘
11:22:59,29.87,-0.01,132,394347,卖盘
11:23:03,29.86,-0.01,394,1177296,卖盘
11:23:06,29.86,0.0,116,346406,卖盘
11:23:08,29.9,0.04,9,26890,买盘
11:23:10,29.87,-0.03,2,5974,卖盘
11:23:13,29.87,0.0,32,95583,卖盘
11:23:18,29.88,0.01,303,905079,买盘
11:23:21,29.86,-0.02,48,143341,卖盘
11:23:24,29.86,0.0,63,187451,卖盘
11:23:26,29.87,0.01,39,116474,买盘
11:23:30,29.86,-0.01,232,693473,卖盘
11:23:33,29.86,0.0,11,32845,买盘
11:23:34,29.85,-0.01,74,220962,卖盘
11:23:39,29.86,0.01,116,346266,买盘
11:23:42,29.83,-0.03,438,1307293,卖盘
11:23:45,29.85,0.02,13,38805,中性盘
11:23:48,29.83,-0.02,434,1295414,卖盘
11:23:51,29.86,0.03,3,8957,买盘
11:23:56,29.86,0.0,6,17913,买盘
11:24:00,29.86,0.0,381,1137666,买盘
11:24:02,29.85,-0.01,95,283594,卖盘
11:24:06,29.85,0.0,13,38805,买盘
11:24:08,29.86,0.01,494,1474635,买盘
11:24:10,29.88,0.02,6,17922,买盘
11:24:14,29.88,0.0,30,89588,买盘
11:24:18,29.89,0.01,363,1083757,买盘
11:24:20,29.89,0.0,96,287005,卖盘
11:24:23,29.9,0.01,50,149451,买盘
11:24:27,29.89,-0.01,23,69457,卖盘
11:24:30,29.88,-0.01,16,47823,中性盘
11:24:31,29.88,0.0,39,116497,卖盘
11:24:34,29.88,0.0,4,11950,买盘
11:24:39,29.88,0.0,15,44792,买盘
11:24:41,29.86,-0.02,69,206040,卖盘
11:24:45,29.87,0.01,34,100835,买盘
11:24:48,29.85,-0.02,90,268751,卖盘
11:24:50,29.86,0.01,9,26877,卖盘
11:24:53,29.85,-0.01,4,11943,卖盘
11:24:56,29.85,0.0,98,292534,卖盘
11:25:00,29.86,0.01,23,68678,买盘
11:25:03,29.86,0.0,53,158210,买盘
11:25:06,29.87,0.01,7,20908,买盘
11:25:08,29.87,0.0,76,227010,买盘
11:25:12,29.87,0.0,5,14935,买盘
11:25:14,29.87,0.0,14,41808,买盘
11:25:18,29.88,0.01,111,331569,买盘
11:25:21,29.89,0.01,2,5978,买盘
11:25:23,29.89,0.0,3,8967,买盘
11:25:27,29.89,0.0,230,687226,买盘
11:25:30,29.89,0.0,70,209188,买盘
11:25:33,29.88,-0.01,112,334655,中性盘
11:25:36,29.86,-0.02,97,289717,卖盘
11:25:41,29.86,0.0,62,185131,买盘
11:25:45,29.84,-0.02,61,182093,卖盘
11:25:48,29.84,0.0,5,14926,卖盘
11:25:52,29.86,0.02,94,280684,买盘
11:25:53,29.83,-0.03,598,1784713,卖盘
11:25:55,29.83,0.0,29,86507,买盘
11:26:00,29.83,0.0,27,80541,买盘
11:26:03,29.86,0.03,228,679363,买盘
11:26:05,29.84,-0.02,12,35830,卖盘
11:26:12,29.84,0.0,29,86536,卖盘
11:26:15,29.84,0.0,19,56695,买盘
11:26:18,29.83,-0.01,314,937443,卖盘
11:26:24,29.86,0.03,203,606228,买盘
11:26:25,29.88,0.02,33,98597,买盘
11:26:28,29.87,-0.01,64,191231,中性盘
11:26:32,29.87,0.0,13,38820,买盘
11:26:35,29.84,-0.03,57,170247,卖盘
11:26:39,29.83,-0.01,125,372977,卖盘
11:26:41,29.83,0.0,49,146205,卖盘
11:26:45,29.86,0.03,3,8958,买盘
11:26:48,29.86,0.0,32,95559,买盘
11:26:50,29.84,-0.02,41,122425,卖盘
11:26:54,29.84,0.0,5,14918,买盘
11:26:56,29.84,0.0,43,128312,买盘
11:26:58,29.86,0.02,1,2986,买盘
11:27:02,29.86,0.0,17,50759,买盘
11:27:05,29.86,0.0,10,29857,买盘
11:27:09,29.86,0.0,4,11944,买盘
11:27:12,29.85,-0.01,10,29852,卖盘
11:27:15,29.84,-0.01,111,331257,卖盘
11:27:18,29.86,0.02,241,719626,买盘
11:27:20,29.87,0.01,2,5974,买盘
11:27:23,29.87,0.0,52,155319,买盘
11:27:25,29.87,0.0,10,29868,买盘
11:27:29,29.86,-0.01,1,2986,卖盘
11:27:31,29.87,0.01,4,11948,买盘
11:27:36,29.87,0.0,17,50769,买盘
11:27:39,29.87,0.0,9,26875,买盘
11:27:42,29.86,-0.01,556,1660683,卖盘
11:27:44,29.87,0.01,13,38822,买盘
11:27:48,29.86,-0.01,10,29866,卖盘
11:27:51,29.86,0.0,34,101525,卖盘
11:27:54,29.86,0.0,20,59701,买盘
11:27:56,29.84,-0.02,80,238730,卖盘
11:27:58,29.84,0.0,16,47744,买盘
11:28:03,29.84,0.0,42,125328,买盘
11:28:06,29.84,0.0,16,47744,买盘
11:28:09,29.83,-0.01,65,193898,卖盘
11:28:12,29.83,0.0,30,89490,卖盘
11:28:15,29.83,0.0,158,471316,卖盘
11:28:17,29.83,0.0,30,89496,买盘
11:28:21,29.83,0.0,275,820452,买盘
11:28:24,29.82,-0.01,142,423444,卖盘
11:28:27,29.83,0.01,363,1082473,买盘
11:28:30,29.83,0.0,37,110339,买盘
11:28:33,29.83,0.0,13,38779,买盘
11:28:36,29.83,0.0,4,11932,买盘
11:28:39,29.82,-0.01,21,62626,卖盘
11:28:42,29.83,0.01,40,119283,买盘
11:28:45,29.82,-0.01,109,325754,卖盘
11:28:48,29.81,-0.01,49,146085,卖盘
11:28:50,29.82,0.01,7,20874,买盘
11:28:53,29.81,-0.01,6,17886,卖盘
11:28:56,29.82,0.01,28,83496,买盘
11:28:59,29.81,-0.01,181,539598,卖盘
11:29:03,29.81,0.0,312,929378,卖盘
11:29:06,29.81,0.0,70,209396,卖盘
11:29:08,29.81,0.0,3,8943,买盘
11:29:11,29.8,-0.01,51,152021,卖盘
11:29:14,29.8,0.0,3,8940,卖盘
11:29:18,29.81,0.01,53,157993,买盘
11:29:20,29.82,0.01,18,52959,买盘
11:29:23,29.82,0.0,18,53686,卖盘
11:29:26,29.83,0.01,200,596440,买盘
11:29:30,29.82,-0.01,367,1095109,卖盘
11:29:33,29.82,0.0,62,184884,买盘
11:29:36,29.8,-0.02,111,330854,卖盘
11:29:39,29.8,0.0,49,146030,卖盘
11:29:42,29.82,0.02,6,17892,买盘
11:29:45,29.81,-0.01,17,50678,卖盘
11:29:47,29.81,0.0,6,17890,卖盘
11:29:50,29.82,0.01,13,38756,买盘
11:29:53,29.81,-0.01,16,47696,卖盘
11:29:57,29.82,0.01,50,149060,买盘
11:30:00,29.82,0.0,13,38754,买盘
13:00:00,29.81,-0.01,179,533506,卖盘
13:00:03,29.8,-0.01,1779,5302491,卖盘
13:00:06,29.8,0.0,263,783727,买盘
13:00:10,29.79,-0.01,148,440937,卖盘
13:00:12,29.79,0.0,101,300913,卖盘
13:00:16,29.8,0.01,20,59589,买盘
13:00:19,29.79,-0.01,4,11919,卖盘
13:00:22,29.81,0.02,391,1163443,买盘
13:00:24,29.82,0.01,171,509795,买盘
13:00:28,29.82,0.0,486,1448091,买盘
13:00:30,29.82,0.0,8,23856,买盘
13:00:34,29.82,0.0,81,241528,买盘
13:00:37,29.81,-0.01,192,572541,卖盘
13:00:40,29.82,0.01,63,187838,买盘
13:00:43,29.83,0.01,12,35790,买盘
13:00:45,29.81,-0.02,22,65573,买盘
13:00:51,29.81,0.0,5,14905,买盘
13:00:54,29.81,0.0,3,8943,买盘
13:00:56,29.81,0.0,3,8942,买盘
13:01:01,29.8,-0.01,35,106583,卖盘
13:01:03,29.8,0.0,46,137115,卖盘
13:01:05,29.81,0.01,152,453066,买盘
13:01:08,29.81,0.0,12,35772,买盘
13:01:13,29.81,0.0,39,116249,买盘
13:01:16,29.81,0.0,114,339814,买盘
13:01:19,29.81,0.0,190,566390,买盘
13:01:21,29.81,0.0,312,930069,买盘
13:01:24,29.8,-0.01,67,199667,卖盘
13:01:26,29.81,0.01,2,5962,买盘
13:01:30,29.81,0.0,8,23846,买盘
13:01:33,29.8,-0.01,29,86437,卖盘
13:01:37,29.8,0.0,169,503721,卖盘
13:01:38,29.81,0.01,2,5962,买盘
13:01:43,29.81,0.0,210,625964,买盘
13:01:46,29.81,0.0,160,476927,卖盘
13:01:49,29.81,0.0,65,193765,买盘
13:01:52,29.81,0.0,26,77499,买盘
13:01:54,29.81,0.0,31,92406,买盘
13:01:58,29.81,0.0,68,202652,买盘
13:01:59,29.8,-0.01,112,333783,卖盘
13:02:03,29.8,0.0,3,8940,买盘
13:02:05,29.8,0.0,86,256278,买盘
13:02:10,29.8,0.0,3,8939,买盘
13:02:13,29.8,0.0,17,50660,买盘
13:02:15,29.8,0.0,158,470835,买盘
13:02:19,29.8,0.0,47,140014,买盘
13:02:22,29.8,0.0,310,923747,买盘
13:02:24,29.8,0.0,98,291946,买盘
13:02:28,29.79,-0.01,248,738792,卖盘
13:02:29,29.8,0.01,17,50659,买盘
13:02:33,29.78,-0.02,98,291903,卖盘
13:02:36,29.79,0.01,51,151920,买盘
13:02:39,29.79,0.0,2,5958,买盘
13:02:42,29.79,0.0,5,14895,买盘
13:02:46,29.79,0.0,4,11915,买盘
13:02:48,29.78,-0.01,5,14890,卖盘
13:02:52,29.79,0.01,74,220446,买盘
13:02:54,29.78,-0.01,46,136988,卖盘
13:02:58,29.79,0.01,67,199535,买盘
13:02:59,29.79,0.0,8,23832,买盘
13:03:04,29.78,-0.01,21,62545,卖盘
13:03:06,29.79,0.01,11,32769,买盘
13:03:08,29.78,-0.01,1,2978,卖盘
13:03:12,29.79,0.01,5,14895,买盘
13:03:15,29.78,-0.01,414,1231851,卖盘
13:03:18,29.78,0.0,10,29780,买盘
13:03:20,29.78,0.0,257,765346,买盘
13:03:23,29.78,0.0,106,315668,买盘
13:03:28,29.78,0.0,186,553843,买盘
13:03:30,29.77,-0.01,171,510219,卖盘
13:03:33,29.78,0.01,94,279857,中性盘
13:03:36,29.77,-0.01,21,62524,卖盘
13:03:42,29.78,0.01,338,1006262,买盘
13:03:45,29.77,-0.01,9,26798,卖盘
13:03:48,29.78,0.01,7,20846,买盘
13:03:51,29.78,0.0,204,607184,买盘
13:03:54,29.78,0.0,4,11912,买盘
13:03:57,29.77,-0.01,89,264899,卖盘
13:04:01,29.77,0.0,38,113143,卖盘
13:04:03,29.77,0.0,108,321520,卖盘
13:04:05,29.77,0.0,52,154804,卖盘
13:04:09,29.78,0.01,5,14890,买盘
13:04:12,29.78,0.0,24,71452,买盘
13:04:15,29.77,-0.01,3,8931,卖盘
13:04:19,29.78,0.01,15,44663,买盘
13:04:21,29.78,0.0,271,807029,买盘
13:04:24,29.78,0.0,5,14886,买盘
13:04:28,29.78,0.0,56,166716,买盘
13:04:30,29.77,-0.01,63,187558,卖盘
13:04:32,29.77,0.0,15,44659,卖盘
13:04:39,29.78,0.01,5,14889,买盘
13:04:42,29.77,-0.01,65,193510,卖盘
13:04:45,29.77,0.0,43,128012,卖盘
13:04:48,29.77,0.0,165,491217,卖盘
13:04:51,29.77,0.0,29,86333,买盘
13:04:53,29.77,0.0,6,17862,买盘
13:04:57,29.76,-0.01,308,916868,卖盘
13:05:04,29.76,0.0,103,306572,卖盘
13:05:06,29.78,0.02,16,47638,买盘
13:05:09,29.78,0.0,3,8934,买盘
13:05:12,29.78,0.0,4,11912,买盘
13:05:15,29.77,-0.01,71,211367,卖盘
13:05:18,29.77,0.0,68,202391,买盘
13:05:21,29.77,0.0,183,544791,买盘
13:05:27,29.76,-0.01,90,267843,卖盘
13:05:31,29.77,0.01,5,14883,买盘
13:05:33,29.76,-0.01,13,38693,卖盘
13:05:37,29.76,0.0,11,32736,卖盘
13:05:38,29.77,0.01,4,11908,买盘
13:05:43,29.77,0.0,23,68471,买盘
13:05:45,29.77,0.0,5,14881,买盘
13:05:48,29.77,0.0,3,8931,买盘
13:05:51,29.77,0.0,15,44650,买盘
13:05:54,29.76,-0.01,69,205366,卖盘
13:05:58,29.76,0.0,86,255936,卖盘
13:06:00,29.77,0.01,5,14885,买盘
13:06:03,29.76,-0.01,18,53574,卖盘
13:06:06,29.76,0.0,107,318529,卖盘
13:06:09,29.76,0.0,681,2026656,卖盘
13:06:12,29.76,0.0,5,14880,买盘
13:06:16,29.76,0.0,10,29760,买盘
13:06:19,29.76,0.0,16,46891,买盘
13:06:21,29.77,0.01,346,1029945,买盘
13:06:23,29.76,-0.01,5,14880,卖盘
13:06:27,29.76,0.0,109,324384,卖盘
13:06:30,29.77,0.01,49,145827,买盘
13:06:33,29.76,-0.01,102,302899,卖盘
13:06:36,29.77,0.01,7,20834,买盘
13:06:39,29.77,0.0,6,17857,买盘
13:06:42,29.77,0.0,24,71432,买盘
13:06:44,29.77,0.0,47,139886,买盘
13:06:51,29.77,0.0,23,68461,买盘
13:06:54,29.77,0.0,6,17862,买盘
13:06:57,29.77,0.0,89,264870,买盘
13:07:01,29.77,0.0,16,47627,买盘
13:07:03,29.76,-0.01,17,50598,卖盘
13:07:06,29.76,0.0,47,139873,卖盘
13:07:12,29.77,0.01,9,26793,买盘
13:07:14,29.77,0.0,13,38691,买盘
13:07:17,29.77,0.0,1,2977,买盘
13:07:21,29.77,0.0,233,693638,买盘
13:07:24,29.77,0.0,52,154754,买盘
13:07:26,29.76,-0.01,59,175588,卖盘
13:07:29,29.77,0.01,5,14885,买盘
13:07:33,29.77,0.0,134,398913,买盘
13:07:36,29.76,-0.01,32,96275,卖盘
13:07:39,29.77,0.01,31,92287,买盘
13:07:42,29.77,0.0,64,190482,买盘
13:07:45,29.77,0.0,42,124994,买盘
13:07:48,29.77,0.0,5,14884,买盘
13:07:50,29.77,0.0,8,23815,买盘
13:07:54,29.76,-0.01,30,89300,卖盘
13:07:58,29.77,0.01,3,8931,买盘
13:08:00,29.76,-0.01,197,585944,卖盘
13:08:03,29.76,0.0,18,53568,买盘
13:08:06,29.76,0.0,715,2127130,买盘
13:08:09,29.76,0.0,1,2976,买盘
13:08:12,29.76,0.0,13,38683,买盘
13:08:15,29.76,0.0,15,44635,买盘
13:08:18,29.76,0.0,71,211247,买盘
13:08:21,29.77,0.01,353,1050622,买盘
13:08:24,29.76,-0.01,89,264801,卖盘
13:08:27,29.75,-0.01,55,163635,卖盘
13:08:29,29.76,0.01,1,2976,买盘
13:08:33,29.75,-0.01,12,35711,卖盘
13:08:36,29.76,0.01,128,380801,买盘
13:08:39,29.76,0.0,23,68426,买盘
13:08:42,29.76,0.0,152,452352,买盘
13:08:44,29.76,0.0,43,127970,卖盘
13:08:51,29.77,0.01,37,110117,买盘
13:08:53,29.77,0.0,58,172613,买盘
13:09:00,29.76,-0.01,54,160704,卖盘
13:09:02,29.76,0.0,47,139881,卖盘
13:09:06,29.77,0.01,432,1286064,买盘
13:09:09,29.77,0.0,29,86333,买盘
13:09:11,29.77,0.0,19,56563,买盘
13:09:15,29.77,0.0,40,119080,买盘
13:09:18,29.77,0.0,2,5954,买盘
13:09:21,29.76,-0.01,246,732519,卖盘
13:09:24,29.78,0.02,121,360122,买盘
13:09:27,29.78,0.0,12,35726,买盘
13:09:30,29.77,-0.01,123,366191,卖盘
13:09:33,29.77,0.0,37,110155,卖盘
13:09:36,29.78,0.01,2,5956,买盘
13:09:38,29.78,0.0,2,5956,买盘
13:09:41,29.77,-0.01,6,17866,卖盘
13:09:45,29.78,0.01,32,95296,买盘
13:09:48,29.78,0.0,2,5956,买盘
13:09:50,29.78,0.0,48,142938,买盘
13:09:54,29.78,0.0,26,76703,买盘
13:09:56,29.78,0.0,2,5956,买盘
13:10:00,29.78,0.0,98,291789,买盘
13:10:03,29.78,0.0,243,723654,买盘
13:10:06,29.78,0.0,180,535983,买盘
13:10:09,29.79,0.01,379,1128826,买盘
13:10:12,29.79,0.0,121,360458,买盘
13:10:14,29.79,0.0,131,390249,买盘
13:10:18,29.8,0.01,45,133369,买盘
13:10:21,29.8,0.0,333,992247,买盘
13:10:24,29.8,0.0,27,80437,买盘
13:10:27,29.79,-0.01,23,68539,卖盘
13:10:30,29.8,0.01,55,163846,买盘
13:10:32,29.8,0.0,4,11920,买盘
13:10:36,29.8,0.0,23,68529,买盘
13:10:39,29.79,-0.01,20,59580,卖盘
13:10:42,29.79,0.0,106,315781,卖盘
13:10:45,29.8,0.01,60,178746,买盘
13:10:48,29.79,-0.01,33,100574,卖盘
13:10:51,29.8,0.01,3,8940,买盘
13:10:54,29.8,0.0,38,113240,买盘
13:10:57,29.8,0.0,14,41720,买盘
13:10:59,29.8,0.0,93,277083,买盘
13:11:03,29.79,-0.01,80,238389,卖盘
13:11:06,29.8,0.01,13,38740,买盘
13:11:09,29.8,0.0,11,32780,买盘
13:11:12,29.8,0.0,62,184754,买盘
13:11:14,29.8,0.0,10,29800,买盘
13:11:18,29.8,0.0,99,294923,买盘
13:11:21,29.8,0.0,170,506592,买盘
13:11:24,29.8,0.0,27,80440,买盘
13:11:27,29.79,-0.01,23,68521,卖盘
13:11:30,29.79,0.0,53,157902,卖盘
13:11:33,29.79,0.0,14,41709,卖盘
13:11:36,29.8,0.01,7,20857,买盘
13:11:39,29.79,-0.01,112,333648,卖盘
13:11:42,29.8,0.01,11,32774,买盘
13:11:45,29.79,-0.01,1,2979,卖盘
13:11:48,29.8,0.01,4,11920,买盘
13:11:51,29.8,0.0,4,11920,买盘
13:11:54,29.78,-0.02,103,306792,卖盘
13:11:57,29.79,0.01,23,68517,买盘
13:12:00,29.79,0.0,1,2979,买盘
13:12:03,29.78,-0.01,133,393813,卖盘
13:12:06,29.77,-0.01,13,40967,卖盘
13:12:09,29.77,0.0,88,260100,卖盘
13:12:12,29.77,0.0,4,11908,买盘
13:12:15,29.76,-0.01,50,148801,卖盘
13:12:18,29.77,0.01,5,14885,买盘
13:12:20,29.77,0.0,145,431665,买盘
13:12:24,29.77,0.0,7,20834,买盘
13:12:27,29.77,0.0,33,97502,买盘
13:12:30,29.76,-0.01,51,151780,卖盘
13:12:33,29.76,0.0,34,101205,卖盘
13:12:36,29.76,0.0,43,130231,卖盘
13:12:38,29.77,0.01,10,29764,买盘
13:12:41,29.76,-0.01,249,739480,卖盘
13:12:45,29.75,-0.01,36,107141,卖盘
13:12:48,29.77,0.02,30,89286,买盘
13:12:51,29.76,-0.01,4,11904,买盘
13:12:54,29.76,0.0,6,17856,买盘
13:12:57,29.76,0.0,33,98179,买盘
13:13:00,29.76,0.0,7,20832,买盘
13:13:03,29.76,0.0,4,11904,买盘
13:13:05,29.76,0.0,60,178502,买盘
13:13:09,29.75,-0.01,38,113054,卖盘
13:13:12,29.76,0.01,21,62486,买盘
13:13:15,29.76,0.0,53,157678,买盘
13:13:18,29.76,0.0,16,47604,买盘
13:13:21,29.76,0.0,136,404736,买盘
13:13:24,29.75,-0.01,235,699125,卖盘
13:13:26,29.76,0.01,2,5952,买盘
13:13:30,29.76,0.0,13,38688,买盘
13:13:33,29.76,0.0,32,95208,买盘
13:13:36,29.75,-0.01,272,809202,卖盘
13:13:39,29.75,0.0,75,223154,卖盘
13:13:42,29.75,0.0,50,148760,卖盘
13:13:45,29.76,0.01,65,193438,买盘
13:13:48,29.75,-0.01,8,23805,卖盘
13:13:51,29.76,0.01,24,71409,买盘
13:13:54,29.75,-0.01,2,5951,卖盘
13:13:56,29.76,0.01,1,2976,买盘
13:14:00,29.75,-0.01,17,50579,卖盘
13:14:02,29.75,0.0,41,121981,卖盘
13:14:05,29.75,0.0,431,1282091,卖盘
13:14:09,29.74,-0.01,600,1785248,卖盘
13:14:12,29.74,0.0,4,11896,买盘
13:14:14,29.73,-0.01,99,294328,卖盘
13:14:18,29.74,0.01,20,59480,买盘
13:14:21,29.74,0.0,326,969524,买盘
13:14:24,29.74,0.0,1,2974,买盘
13:14:27,29.73,-0.01,161,478654,卖盘
13:14:30,29.73,0.0,16,47583,卖盘
13:14:33,29.73,0.0,16,47573,卖盘
13:14:36,29.73,0.0,10,29731,卖盘
13:14:38,29.74,0.01,321,954340,买盘
13:14:42,29.74,0.0,41,121933,买盘
13:14:45,29.73,-0.01,50,148647,卖盘
13:14:48,29.73,0.0,2,5946,买盘
13:14:51,29.73,0.0,27,80252,买盘
13:14:54,29.72,-0.01,74,219929,卖盘
13:14:57,29.73,0.01,310,921618,买盘
13:15:00,29.73,0.0,255,757882,买盘
13:15:03,29.72,-0.01,19,56472,卖盘
13:15:05,29.73,0.01,191,567655,买盘
13:15:09,29.72,-0.01,1,2972,卖盘
13:15:11,29.72,0.0,37,109260,卖盘
13:15:15,29.72,0.0,312,928077,卖盘
13:15:18,29.72,0.0,118,350689,买盘
13:15:20,29.73,0.01,336,998835,买盘
13:15:24,29.73,0.0,27,80246,买盘
13:15:27,29.73,0.0,4,11892,买盘
13:15:30,29.73,0.0,81,240042,买盘
13:15:33,29.72,-0.01,100,297214,卖盘
13:15:35,29.73,0.01,39,115947,买盘
13:15:39,29.74,0.01,19,56488,买盘
13:15:42,29.73,-0.01,19,56495,卖盘
13:15:45,29.73,0.0,208,618385,卖盘
13:15:48,29.73,0.0,50,148650,买盘
13:15:51,29.72,-0.01,19,55763,卖盘
13:15:54,29.73,0.01,15,44595,买盘
13:15:57,29.73,0.0,1,2973,买盘
13:16:00,29.73,0.0,4,11892,买盘
13:16:02,29.72,-0.01,15,44584,卖盘
13:16:05,29.72,0.0,47,139686,卖盘
13:16:09,29.73,0.01,13,38647,买盘
13:16:12,29.73,0.0,15,44587,买盘
13:16:18,29.72,-0.01,64,192466,卖盘
13:16:21,29.73,0.01,175,520275,买盘
13:16:24,29.73,0.0,157,466606,买盘
13:16:26,29.72,-0.01,32,95134,卖盘
13:16:30,29.73,0.01,47,139700,买盘
13:16:33,29.72,-0.01,83,246748,卖盘
13:16:36,29.72,0.0,58,172394,卖盘
13:16:39,29.73,0.01,27,80246,买盘
13:16:42,29.72,-0.01,58,172385,卖盘
13:16:45,29.72,0.0,27,80246,卖盘
13:16:48,29.72,0.0,272,808405,卖盘
13:16:51,29.73,0.01,31,92140,买盘
13:16:54,29.72,-0.01,1,2972,卖盘
13:16:57,29.73,0.01,16,47553,买盘
13:17:00,29.72,-0.01,140,416088,卖盘
13:17:03,29.72,0.0,59,175360,卖盘
13:17:06,29.73,0.01,4,11889,买盘
13:17:09,29.72,-0.01,455,1351483,卖盘
13:17:12,29.72,0.0,47,139676,买盘
13:17:14,29.71,-0.01,22,65366,卖盘
13:17:18,29.72,0.01,112,332769,买盘
13:17:21,29.72,0.0,12,35661,买盘
13:17:24,29.71,-0.01,281,835124,卖盘
13:17:30,29.72,0.01,13,38636,买盘
13:17:33,29.71,-0.01,63,187206,卖盘
13:17:36,29.72,0.01,34,101048,买盘
13:17:38,29.72,0.0,170,505074,买盘
13:17:42,29.73,0.01,8,24609,买盘
13:17:44,29.72,-0.01,232,689505,卖盘
13:17:47,29.71,-0.01,122,362638,卖盘
13:17:50,29.72,0.01,5,14859,买盘
13:17:53,29.71,-0.01,48,142611,卖盘
13:17:57,29.72,0.01,3,8916,买盘
13:18:00,29.72,0.0,13,38636,买盘
13:18:02,29.71,-0.01,195,579515,卖盘
13:18:06,29.72,0.01,5,14860,买盘
13:18:08,29.71,-0.01,931,2764189,卖盘
13:18:12,29.72,0.01,7,20804,买盘
13:18:15,29.72,0.0,18,53481,买盘
13:18:18,29.71,-0.01,246,730819,卖盘
13:18:21,29.71,0.0,5,14855,买盘
13:18:24,29.72,0.01,263,781553,买盘
13:18:27,29.72,0.0,48,142659,卖盘
13:18:29,29.72,0.0,23,67644,卖盘
13:18:33,29.72,0.0,17,50530,卖盘
13:18:35,29.72,0.0,107,318005,卖盘
13:18:39,29.72,0.0,23,68356,卖盘
13:18:42,29.73,0.01,3,8919,买盘
13:18:45,29.73,0.0,7,20811,买盘
13:18:48,29.72,-0.01,55,164174,卖盘
13:18:51,29.72,0.0,17,50524,买盘
13:18:54,29.7,-0.02,90,267336,卖盘
13:18:57,29.72,0.02,82,243573,买盘
13:19:00,29.72,0.0,10,29718,买盘
13:19:02,29.71,-0.01,63,187180,卖盘
13:19:06,29.71,0.0,5,14858,卖盘
13:19:09,29.72,0.01,11,32692,买盘
13:19:12,29.72,0.0,54,160438,买盘
13:19:14,29.72,0.0,3,8916,买盘
13:19:18,29.72,0.0,54,160436,买盘
13:19:20,29.72,0.0,17,50514,买盘
13:19:23,29.72,0.0,182,540894,买盘
13:19:26,29.72,0.0,100,297160,买盘
13:19:30,29.71,-0.01,18,53480,卖盘
13:19:33,29.71,0.0,358,1063461,买盘
13:19:35,29.71,0.0,34,101014,买盘
13:19:39,29.71,0.0,82,243576,买盘
13:19:42,29.71,0.0,25,74275,买盘
13:19:44,29.71,0.0,25,74275,买盘
13:19:48,29.7,-0.01,80,237622,卖盘
13:19:51,29.71,0.01,120,356520,买盘
13:19:53,29.7,-0.01,16,47525,卖盘
13:19:56,29.7,0.0,38,112886,卖盘
13:19:59,29.71,0.01,47,139637,买盘
13:20:02,29.7,-0.01,277,822956,卖盘
13:20:06,29.71,0.01,84,249563,买盘
13:20:09,29.71,0.0,5,14855,卖盘
13:20:12,29.72,0.01,324,962758,买盘
13:20:15,29.72,0.0,108,320886,买盘
13:20:17,29.72,0.0,106,314982,买盘
13:20:21,29.72,0.0,47,139684,买盘
13:20:24,29.73,0.01,331,983890,买盘
13:20:27,29.72,-0.01,22,65399,卖盘
13:20:30,29.73,0.01,194,576048,买盘
13:20:33,29.74,0.01,33,98116,买盘
13:20:36,29.74,0.0,120,356779,买盘
13:20:39,29.74,0.0,2,5948,买盘
13:20:42,29.74,0.0,5,14870,买盘
13:20:45,29.74,0.0,1,2974,买盘
13:20:48,29.74,0.0,63,187309,买盘
13:20:51,29.74,0.0,228,677690,买盘
13:20:54,29.74,0.0,9,26766,买盘
13:20:56,29.74,0.0,27,80297,买盘
13:21:03,29.73,-0.01,130,386609,卖盘
13:21:06,29.74,0.01,3,8922,买盘
13:21:09,29.74,0.0,109,324059,买盘
13:21:12,29.74,0.0,11,32711,买盘
13:21:15,29.74,0.0,3,8922,买盘
13:21:18,29.74,0.0,117,347858,买盘
13:21:21,29.74,0.0,8,23792,买盘
13:21:24,29.74,0.0,258,767292,买盘
13:21:27,29.73,-0.01,60,178388,卖盘
13:21:30,29.73,0.0,880,2616865,卖盘
13:21:32,29.73,0.0,36,107032,卖盘
13:21:36,29.73,0.0,9,26757,买盘
13:21:39,29.73,0.0,16,47568,买盘
13:21:42,29.73,0.0,4,11892,买盘
13:21:44,29.73,0.0,134,398414,买盘
13:21:47,29.72,-0.01,60,178323,卖盘
13:21:50,29.73,0.01,5,14865,买盘
13:21:54,29.73,0.0,34,101063,买盘
13:21:56,29.73,0.0,24,71352,买盘
13:22:00,29.73,0.0,48,142704,买盘
13:22:03,29.73,0.0,82,243740,买盘
13:22:06,29.72,-0.01,42,124852,卖盘
13:22:09,29.73,0.01,177,525948,买盘
13:22:11,29.73,0.0,5,14865,买盘
13:22:15,29.73,0.0,107,318111,买盘
13:22:18,29.72,-0.01,202,600521,卖盘
13:22:21,29.74,0.02,36,107018,买盘
13:22:24,29.76,0.02,277,826298,买盘
13:22:27,29.76,0.0,227,675452,买盘
13:22:30,29.76,0.0,134,398784,买盘
13:22:32,29.75,-0.01,17,50578,卖盘
13:22:36,29.75,0.0,1,2975,卖盘
13:22:38,29.74,-0.01,66,196350,卖盘
13:22:42,29.76,0.02,11,32736,买盘
13:22:45,29.74,-0.02,30,86974,卖盘
13:22:48,29.74,0.0,15,44610,买盘
13:22:51,29.74,0.0,4,11896,买盘
13:22:54,29.74,0.0,3,8922,买盘
13:22:57,29.73,-0.01,9,27891,卖盘
13:23:00,29.74,0.01,67,199229,买盘
13:23:03,29.73,-0.01,32,95156,卖盘
13:23:09,29.74,0.01,25,74328,买盘
13:23:12,29.73,-0.01,40,118955,卖盘
13:23:14,29.72,-0.01,48,142658,卖盘
13:23:18,29.73,0.01,1,2973,买盘
13:23:21,29.73,0.0,63,187245,买盘
13:23:24,29.74,0.01,315,936330,买盘
13:23:27,29.73,-0.01,22,65405,买盘
13:23:29,29.72,-0.01,44,130762,卖盘
13:23:32,29.72,0.0,23,68356,买盘
13:23:36,29.72,0.0,3,8916,买盘
13:23:39,29.72,0.0,15,44580,买盘
13:23:42,29.72,0.0,8,23776,买盘
13:23:45,29.72,0.0,7,20804,买盘
13:23:48,29.72,0.0,3,8914,买盘
13:23:51,29.72,0.0,116,345780,买盘
13:23:54,29.72,0.0,312,927264,买盘
13:23:57,29.72,0.0,4,11888,买盘
13:24:00,29.72,0.0,250,743000,买盘
13:24:03,29.72,0.0,204,606263,卖盘
13:24:06,29.73,0.01,30,89178,买盘
13:24:09,29.72,-0.01,12,35664,中性盘
13:24:12,29.73,0.01,49,145672,买盘
13:24:15,29.73,0.0,11,32702,买盘
13:24:18,29.73,0.0,5,14865,买盘
13:24:21,29.73,0.0,12,35667,买盘
13:24:24,29.73,0.0,242,719455,买盘
13:24:26,29.73,0.0,123,365630,买盘
13:24:29,29.73,0.0,67,199191,买盘
13:24:33,29.73,0.0,58,172481,卖盘
13:24:36,29.73,0.0,40,118934,卖盘
13:24:39,29.72,-0.01,205,609297,卖盘
13:24:42,29.73,0.01,49,145677,买盘
13:24:45,29.73,0.0,91,270543,买盘
13:24:51,29.73,0.0,18,53500,买盘
13:24:54,29.73,0.0,4,11892,买盘
13:24:57,29.72,-0.01,5,14860,卖盘
13:25:00,29.72,0.0,125,371501,卖盘
13:25:03,29.71,-0.01,457,1357786,卖盘
13:25:06,29.72,0.01,293,870796,买盘
13:25:09,29.72,0.0,203,603465,卖盘
13:25:11,29.73,0.01,14,41622,买盘
13:25:15,29.73,0.0,2,5946,买盘
13:25:18,29.71,-0.02,163,484314,卖盘
13:25:21,29.73,0.02,6,17838,买盘
13:25:24,29.73,0.0,310,921628,买盘
13:25:27,29.73,0.0,86,255674,买盘
13:25:30,29.73,0.0,6,17838,买盘
13:25:33,29.72,-0.01,20,59449,卖盘
13:25:36,29.73,0.01,1,2973,买盘
13:25:39,29.72,-0.01,88,261491,卖盘
13:25:42,29.72,0.0,6,17832,买盘
13:25:45,29.72,0.0,17,48676,买盘
13:25:48,29.72,0.0,32,95121,买盘
13:25:54,29.71,-0.01,27,80228,卖盘
13:25:57,29.71,0.0,202,600145,卖盘
13:26:00,29.72,0.01,2,5944,买盘
13:26:02,29.71,-0.01,17,50513,卖盘
13:26:06,29.72,0.01,22,65384,买盘
13:26:09,29.71,-0.01,2,5942,卖盘
13:26:12,29.72,0.01,11,32692,买盘
13:26:14,29.71,-0.01,263,781373,卖盘
13:26:18,29.72,0.01,233,692476,买盘
13:26:20,29.72,0.0,6,17832,买盘
13:26:24,29.72,0.0,256,760829,买盘
13:26:27,29.71,-0.01,54,160459,卖盘
13:26:30,29.71,0.0,195,579347,卖盘
13:26:33,29.71,0.0,118,350585,卖盘
13:26:36,29.71,0.0,272,808034,卖盘
13:26:38,29.72,0.01,8,23770,买盘
13:26:42,29.72,0.0,27,81358,买盘
13:26:45,29.71,-0.01,72,213954,卖盘
13:26:48,29.72,0.01,11,32686,买盘
13:26:51,29.7,-0.02,48,142596,卖盘
13:26:54,29.72,0.02,8,23776,买盘
13:26:56,29.71,-0.01,9,26746,卖盘
13:26:59,29.71,0.0,1,2971,卖盘
13:27:02,29.71,0.0,379,1125709,卖盘
13:27:05,29.72,0.01,40,118858,买盘
13:27:09,29.71,-0.01,27,80224,卖盘
13:27:11,29.71,0.0,42,124782,买盘
13:27:15,29.71,0.0,165,490059,买盘
13:27:18,29.71,0.0,174,516954,买盘
13:27:21,29.7,-0.01,2183,6484491,卖盘
13:27:24,29.72,0.02,705,2093189,买盘
13:27:27,29.71,-0.01,67,199017,卖盘
13:27:30,29.71,0.0,1,2971,买盘
13:27:33,29.7,-0.01,35,103974,卖盘
13:27:35,29.71,0.01,5,14855,买盘
13:27:39,29.71,0.0,1,2971,买盘
13:27:42,29.71,0.0,8,23765,买盘
13:27:45,29.7,-0.01,127,377194,卖盘
13:27:48,29.71,0.01,13,39741,买盘
13:27:51,29.71,0.0,164,487034,买盘
13:27:53,29.7,-0.01,19,56439,中性盘
13:27:56,29.7,0.0,119,353532,卖盘
13:28:00,29.7,0.0,50,148500,卖盘
13:28:03,29.69,-0.01,350,1039164,卖盘
13:28:06,29.7,0.01,5,14850,买盘
13:28:08,29.69,-0.01,127,377065,卖盘
13:28:12,29.7,0.01,17,50484,买盘
13:28:15,29.7,0.0,31,92068,买盘
13:28:17,29.7,0.0,1,2970,买盘
13:28:20,29.7,0.0,7,20784,买盘
13:28:23,29.71,0.01,614,1823710,买盘
13:28:27,29.7,-0.01,16,47533,卖盘
13:28:30,29.69,-0.01,432,1282720,卖盘
13:28:33,29.69,0.0,17,50482,卖盘
13:28:36,29.7,0.01,14,41577,买盘
13:28:39,29.73,0.03,354,1051495,买盘
13:28:42,29.69,-0.04,10,29710,卖盘
13:28:45,29.73,0.04,24,71272,买盘
13:28:48,29.73,0.0,2,5945,买盘
13:28:51,29.73,0.0,1,2973,买盘
13:28:54,29.69,-0.04,108,320666,卖盘
13:28:57,29.73,0.04,293,870104,买盘
13:29:03,29.7,-0.03,16,47522,买盘
13:29:05,29.7,0.0,19,56436,卖盘
13:29:08,29.69,-0.01,257,763033,卖盘
13:29:12,29.69,0.0,12,35628,买盘
13:29:15,29.69,0.0,59,173280,买盘
13:29:18,29.7,0.01,32,95009,买盘
13:29:21,29.69,-0.01,116,344404,卖盘
13:29:23,29.7,0.01,16,47510,买盘
13:29:27,29.72,0.02,281,834688,买盘
13:29:30,29.7,-0.02,98,291183,卖盘
13:29:33,29.69,-0.01,25,74239,卖盘
13:29:36,29.7,0.01,187,555209,买盘
13:29:39,29.7,0.0,33,98010,买盘
13:29:42,29.69,-0.01,28,84263,卖盘
13:29:45,29.7,0.01,11,32670,买盘
13:29:47,29.69,-0.01,168,498744,卖盘
13:29:51,29.69,0.0,66,195961,卖盘
13:29:54,29.7,0.01,9,26730,买盘
13:29:57,29.7,0.0,104,308780,买盘
13:30:03,29.69,-0.01,53,157398,卖盘
13:30:06,29.69,0.0,1383,4107142,卖盘
13:30:09,29.72,0.03,20,59408,买盘
13:30:12,29.73,0.01,208,618180,买盘
13:30:15,29.72,-0.01,260,772732,卖盘
13:30:17,29.72,0.0,3,8915,买盘
13:30:20,29.7,-0.02,102,302912,卖盘
13:30:24,29.7,0.0,44,130692,卖盘
13:30:27,29.72,0.02,651,1934329,买盘
13:30:29,29.71,-0.01,7,20798,中性盘
13:30:33,29.7,-0.01,31,92090,卖盘
13:30:36,29.7,0.0,39,115831,卖盘
13:30:39,29.7,0.0,7,20795,卖盘
13:30:42,29.7,0.0,65,193055,卖盘
13:30:44,29.7,0.0,23,68310,买盘
13:30:48,29.7,0.0,29,86114,买盘
13:30:51,29.69,-0.01,36,106889,卖盘
13:30:53,29.7,0.01,22,65340,买盘
13:30:57,29.7,0.0,10,29702,买盘
13:31:00,29.69,-0.01,422,1253547,卖盘
13:31:02,29.69,0.0,277,822477,卖盘
13:31:06,29.7,0.01,305,906079,买盘
13:31:08,29.71,0.01,1,2971,买盘
13:31:12,29.71,0.0,8,23763,买盘
13:31:15,29.73,0.02,230,683563,买盘
13:31:17,29.73,0.0,65,193491,买盘
13:31:21,29.72,-0.01,107,316262,卖盘
13:31:24,29.72,0.0,62,185832,卖盘
13:31:26,29.71,-0.01,370,1099967,卖盘
13:31:29,29.71,0.0,40,118894,卖盘
13:31:33,29.71,0.0,336,998981,卖盘
13:31:36,29.74,0.03,18,53492,买盘
13:31:39,29.69,-0.05,60,178227,卖盘
13:31:42,29.71,0.02,380,1129833,卖盘
13:31:45,29.71,0.0,53,157463,买盘
13:31:48,29.71,0.0,6,17827,卖盘
13:31:51,29.72,0.01,9,26748,买盘
13:31:54,29.72,0.0,33,98060,买盘
13:31:57,29.71,-0.01,15,42722,卖盘
13:32:00,29.72,0.01,79,234781,买盘
13:32:03,29.71,-0.01,16,47541,卖盘
13:32:08,29.72,0.01,77,228844,买盘
13:32:11,29.72,0.0,4,11888,买盘
13:32:15,29.71,-0.01,85,252550,卖盘
13:32:18,29.71,0.0,62,184204,卖盘
13:32:20,29.71,0.0,29,86163,卖盘
13:32:24,29.72,0.01,16,47541,买盘
13:32:27,29.71,-0.01,324,962876,卖盘
13:32:30,29.72,0.01,11,32685,买盘
13:32:33,29.71,-0.01,24,73152,卖盘
13:32:36,29.71,0.0,7,20797,买盘
13:32:39,29.71,0.0,4,11884,买盘
13:32:41,29.71,0.0,118,350671,买盘
13:32:45,29.72,0.01,26,77266,买盘
13:32:48,29.72,0.0,13,38637,卖盘
13:32:51,29.73,0.01,60,178311,买盘
13:32:54,29.73,0.0,74,219967,买盘
13:32:57,29.7,-0.03,325,965389,卖盘
13:33:00,29.7,0.0,3,8910,买盘
13:33:03,29.69,-0.01,15,44539,卖盘
13:33:06,29.7,0.01,1,2970,买盘
13:33:09,29.7,0.0,501,1487470,买盘
13:33:11,29.69,-0.01,23,68308,卖盘
13:33:14,29.7,0.01,34,100956,买盘
13:33:18,29.69,-0.01,24,71256,中性盘
13:33:21,29.7,0.01,10,29694,买盘
13:33:24,29.7,0.0,21,62370,买盘
13:33:26,29.69,-0.01,307,911729,卖盘
13:33:30,29.7,0.01,27,80187,买盘
13:33:33,29.69,-0.01,548,1627545,卖盘
13:33:36,29.69,0.0,137,406755,卖盘
13:33:38,29.7,0.01,51,151464,买盘
13:33:41,29.71,0.01,531,1577870,买盘
13:33:45,29.72,0.01,137,407200,买盘
13:33:48,29.72,0.0,3,8916,买盘
13:33:51,29.72,0.0,117,347724,买盘
13:33:54,29.72,0.0,123,365553,买盘
13:33:56,29.72,0.0,46,136702,买盘
13:34:00,29.71,-0.01,117,347608,卖盘
13:34:03,29.71,0.0,62,184177,卖盘
13:34:06,29.71,0.0,9,26739,买盘
13:34:08,29.71,0.0,11,32681,买盘
13:34:12,29.71,0.0,189,561409,买盘
13:34:15,29.7,-0.01,12,35645,卖盘
13:34:18,29.7,0.0,54,160380,卖盘
13:34:21,29.71,0.01,3,8913,买盘
13:34:24,29.7,-0.01,27,80207,卖盘
13:34:26,29.72,0.02,275,817276,买盘
13:34:30,29.73,0.01,12,33825,买盘
13:34:33,29.72,-0.01,77,228854,卖盘
13:34:36,29.73,0.01,1,2973,买盘
13:34:39,29.71,-0.02,59,175335,卖盘
13:34:42,29.73,0.02,7,20811,买盘
13:34:44,29.72,-0.01,11,32693,中性盘
13:34:48,29.73,0.01,11,32694,买盘
13:34:51,29.72,-0.01,37,109994,卖盘
13:34:54,29.72,0.0,6,17832,买盘
13:34:59,29.72,0.0,108,320976,买盘
13:35:02,29.71,-0.01,747,2220860,卖盘
13:35:09,29.71,0.0,5,14855,卖盘
13:35:12,29.71,0.0,359,1066242,买盘
13:35:15,29.7,-0.01,335,995090,卖盘
13:35:18,29.71,0.01,173,513748,买盘
13:35:21,29.7,-0.01,14,41581,卖盘
13:35:23,29.69,-0.01,114,338475,卖盘
13:35:26,29.7,0.01,354,1051477,买盘
13:35:30,29.7,0.0,7,18943,买盘
13:35:33,29.69,-0.01,32,95030,卖盘
13:35:36,29.69,0.0,19,56426,卖盘
13:35:39,29.69,0.0,28,83135,卖盘
13:35:41,29.7,0.01,4,11880,买盘
13:35:45,29.69,-0.01,213,633712,卖盘
13:35:49,29.68,-0.01,2,5936,卖盘
13:35:51,29.69,0.01,47,139497,买盘
13:35:54,29.68,-0.01,23,66431,卖盘
13:35:57,29.69,0.01,353,1047707,买盘
13:35:59,29.68,-0.01,33,97964,卖盘
13:36:02,29.68,0.0,31,92016,卖盘
13:36:06,29.69,0.01,1,2969,买盘
13:36:09,29.67,-0.02,143,423944,卖盘
13:36:12,29.68,0.01,33,98953,买盘
13:36:15,29.69,0.01,30,89070,买盘
13:36:17,29.68,-0.01,19,55384,卖盘
13:36:20,29.67,-0.01,799,2372900,卖盘
13:36:23,29.68,0.01,148,438260,买盘
13:36:27,29.69,0.01,286,849075,买盘
13:36:30,29.68,-0.01,73,216680,卖盘
13:36:33,29.68,0.0,30,89044,卖盘
13:36:36,29.69,0.01,22,65101,买盘
13:36:38,29.69,0.0,50,148450,买盘
13:36:42,29.68,-0.01,109,322507,卖盘
13:36:44,29.68,0.0,8,23748,卖盘
13:36:47,29.68,0.0,53,157304,卖盘
13:36:51,29.68,0.0,21,63457,卖盘
13:36:54,29.68,0.0,88,262230,卖盘
13:36:57,29.68,0.0,3,8904,买盘
13:37:00,29.67,-0.01,515,1526005,卖盘
13:37:02,29.67,0.0,76,226657,卖盘
13:37:05,29.68,0.01,12,35608,买盘
13:37:08,29.67,-0.01,80,238226,卖盘
13:37:11,29.67,0.0,43,127581,买盘
13:37:14,29.67,0.0,35,103845,买盘
13:37:18,29.66,-0.01,13,38567,卖盘
13:37:24,29.67,0.01,387,1146983,买盘
13:37:26,29.69,0.02,8,23744,买盘
13:37:30,29.68,-0.01,9,26714,卖盘
13:37:34,29.68,0.0,17,50460,卖盘
13:37:35,29.68,0.0,74,219639,卖盘
13:37:38,29.69,0.01,24,71256,买盘
13:37:41,29.69,0.0,333,988998,卖盘
13:37:45,29.7,0.01,13,38609,买盘
13:37:48,29.7,0.0,66,196000,买盘
13:37:51,29.7,0.0,2,5940,买盘
13:37:53,29.69,-0.01,21,62352,卖盘
13:37:56,29.7,0.01,48,142545,买盘
13:37:59,29.7,0.0,6,17820,买盘
13:38:03,29.7,0.0,58,172249,买盘
13:38:06,29.7,0.0,4,11880,买盘
13:38:08,29.69,-0.01,3,8908,卖盘
13:38:12,29.7,0.01,50,148455,买盘
13:38:15,29.69,-0.01,1,2969,卖盘
13:38:18,29.69,0.0,6,17819,卖盘
13:38:21,29.7,0.01,4,11880,买盘
13:38:24,29.69,-0.01,15,44538,卖盘
13:38:27,29.7,0.01,41,121768,买盘
13:38:30,29.69,-0.01,30,89072,卖盘
13:38:33,29.69,0.0,191,567137,卖盘
13:38:36,29.69,0.0,78,231596,卖盘
13:38:39,29.69,0.0,62,184079,卖盘
13:38:42,29.7,0.01,5,14849,买盘
13:38:45,29.7,0.0,4,11879,买盘
13:38:48,29.69,-0.01,50,148454,卖盘
13:38:50,29.7,0.01,6,17820,买盘
13:38:54,29.7,0.0,6,17820,买盘
13:38:57,29.7,0.0,3,8910,买盘
13:39:00,29.7,0.0,1,2970,买盘
13:39:03,29.69,-0.01,450,1336489,卖盘
13:39:06,29.67,-0.02,615,1826488,卖盘
13:39:09,29.69,0.02,23,67070,买盘
13:39:11,29.7,0.01,352,1045438,买盘
13:39:15,29.69,-0.01,5,14848,卖盘
13:39:18,29.7,0.01,3,8910,买盘
13:39:20,29.69,-0.01,26,77199,卖盘
13:39:23,29.69,0.0,536,1590634,卖盘
13:39:26,29.7,0.01,317,941418,买盘
13:39:29,29.69,-0.01,22,65328,卖盘
13:39:33,29.7,0.01,18,53446,买盘
13:39:36,29.7,0.0,2,5940,买盘
13:39:39,29.7,0.0,3,8910,买盘
13:39:43,29.7,0.0,338,1003860,买盘
13:39:45,29.7,0.0,2,5940,买盘
13:39:48,29.7,0.0,15,44539,买盘
13:39:51,29.7,0.0,1,2970,买盘
13:39:53,29.7,0.0,20,59390,买盘
13:39:57,29.7,0.0,14,41580,买盘
13:39:59,29.7,0.0,60,178154,买盘
13:40:02,29.7,0.0,199,591018,买盘
13:40:06,29.71,0.01,416,1235769,买盘
13:40:09,29.7,-0.01,108,320761,卖盘
13:40:13,29.7,0.0,124,368280,买盘
13:40:15,29.7,0.0,180,534600,买盘
13:40:18,29.71,0.01,23,68332,买盘
13:40:20,29.72,0.01,84,249593,买盘
13:40:24,29.72,0.0,7,20804,买盘
13:40:27,29.72,0.0,8,23774,买盘
13:40:30,29.73,0.01,153,454843,买盘
13:40:33,29.71,-0.02,291,864468,卖盘
13:40:36,29.73,0.02,50,148528,买盘
13:40:39,29.72,-0.01,9,26751,买盘
13:40:42,29.72,0.0,16,47551,买盘
13:40:45,29.72,0.0,19,56458,买盘
