time,price,change,volume,amount,type
09:25:02,30.93,-0.16,4746,14679378,卖盘
09:30:01,30.9,-0.03,460,1421788,卖盘
09:30:04,30.92,0.02,710,2194562,买盘
09:30:07,30.9,-0.02,1081,3341165,卖盘
09:30:10,30.9,0.0,602,1861489,买盘
09:30:12,30.87,-0.03,219,676809,中性盘
09:30:16,30.88,0.01,176,543213,买盘
09:30:19,30.85,-0.03,986,3041951,卖盘
09:30:22,30.85,0.0,337,1037108,卖盘
09:30:25,30.85,0.0,108,333169,买盘
09:30:27,30.85,0.0,144,444123,买盘
09:30:31,30.83,-0.02,189,582756,卖盘
09:30:33,30.82,-0.01,128,394585,卖盘
09:30:37,30.83,0.01,248,764477,买盘
09:30:39,30.82,-0.01,51,157181,卖盘
09:30:43,30.84,0.02,578,1781896,买盘
09:30:46,30.81,-0.03,285,878880,卖盘
09:30:49,30.81,0.0,140,431488,卖盘
09:30:52,30.81,0.0,237,730360,卖盘
09:30:54,30.84,0.03,135,416344,买盘
09:30:57,30.86,0.02,75,231413,中性盘
09:31:00,30.85,-0.01,41,126512,卖盘
09:31:04,30.83,-0.02,216,667913,卖盘
09:31:07,30.83,0.0,610,1880065,买盘
09:31:10,30.84,0.01,333,1026591,买盘
09:31:13,30.83,-0.01,265,816849,卖盘
09:31:16,30.83,0.0,166,511818,卖盘
09:31:19,30.84,0.01,65,200442,中性盘
09:31:22,30.84,0.0,230,709128,卖盘
09:31:25,30.85,0.01,75,231346,买盘
09:31:28,30.85,0.0,72,222055,卖盘
09:31:31,30.85,0.0,79,243694,卖盘
09:31:33,30.85,0.0,166,513597,卖盘
09:31:37,30.85,0.0,163,502839,买盘
09:31:40,30.84,-0.01,160,493557,卖盘
09:31:43,30.85,0.01,153,471914,买盘
09:31:45,30.87,0.02,318,980974,买盘
09:31:49,30.85,-0.02,58,178997,卖盘
09:31:52,30.85,0.0,252,777334,卖盘
09:31:55,30.87,0.02,71,219129,买盘
09:31:57,30.87,0.0,749,2310842,买盘
09:32:00,30.85,-0.02,146,450730,卖盘
09:32:04,30.86,0.01,275,848162,中性盘
09:32:07,30.86,0.0,191,589347,买盘
09:32:10,30.85,-0.01,204,629351,卖盘
09:32:13,30.85,0.0,85,262178,卖盘
09:32:16,30.85,0.0,148,456535,买盘
09:32:19,30.86,0.01,255,787134,买盘
09:32:21,30.86,0.0,374,1153288,卖盘
09:32:25,30.88,0.02,366,1129763,买盘
09:32:27,30.86,-0.02,45,138812,买盘
09:32:30,30.85,-0.01,151,465912,卖盘
09:32:34,30.85,0.0,224,691128,卖盘
09:32:37,30.85,0.0,336,1036546,买盘
09:32:40,30.85,0.0,143,441070,买盘
09:32:43,30.85,0.0,307,947075,买盘
09:32:46,30.85,0.0,245,755662,买盘
09:32:49,30.84,-0.01,205,632376,卖盘
09:32:52,30.85,0.01,141,434829,买盘
09:32:54,30.84,-0.01,19,58596,中性盘
09:32:58,30.85,0.01,85,262197,买盘
09:33:01,30.83,-0.02,176,542815,卖盘
09:33:03,30.84,0.01,94,289911,中性盘
09:33:07,30.84,0.0,149,459503,买盘
09:33:10,30.83,-0.01,380,1171558,卖盘
09:33:13,30.83,0.0,542,1670976,卖盘
09:33:15,30.82,-0.01,111,342180,卖盘
09:33:19,30.85,0.03,695,2143067,买盘
09:33:22,30.83,-0.02,100,308309,卖盘
09:33:25,30.84,0.01,37,114097,买盘
09:33:27,30.84,0.0,96,296057,买盘
09:33:30,30.81,-0.03,1178,3631098,卖盘
09:33:34,30.83,0.02,482,1486942,卖盘
09:33:37,30.84,0.01,72,222046,卖盘
09:33:40,30.83,-0.01,1063,3275434,卖盘
09:33:43,30.84,0.01,263,811091,买盘
09:33:46,30.82,-0.02,43,132557,卖盘
09:33:49,30.84,0.02,49,151082,买盘
09:33:52,30.83,-0.01,110,339130,卖盘
09:33:55,30.83,0.0,203,625868,卖盘
09:33:57,30.83,0.0,39,120234,买盘
09:34:00,30.82,-0.01,258,795209,卖盘
09:34:04,30.83,0.01,270,832182,买盘
09:34:07,30.83,0.0,163,502464,买盘
09:34:10,30.82,-0.01,89,274333,买盘
09:34:13,30.82,0.0,146,449966,买盘
09:34:16,30.81,-0.01,156,480696,卖盘
09:34:19,30.81,0.0,168,517675,卖盘
09:34:22,30.81,0.0,253,779538,卖盘
09:34:25,30.81,0.0,93,286536,卖盘
09:34:28,30.82,0.01,88,271200,买盘
09:34:30,30.81,-0.01,271,835041,卖盘
09:34:34,30.81,0.0,236,727116,卖盘
09:34:37,30.81,0.0,83,255709,买盘
09:34:40,30.8,-0.01,48,147866,卖盘
09:34:42,30.8,0.0,136,418957,卖盘
09:34:46,30.81,0.01,197,606818,买盘
09:34:49,30.8,-0.01,257,791598,卖盘
09:34:52,30.81,0.01,635,1956829,买盘
09:34:55,30.83,0.02,125,385371,买盘
09:34:58,30.81,-0.02,250,770351,卖盘
09:35:01,30.83,0.02,114,351305,中性盘
09:35:04,30.83,0.0,175,539679,卖盘
09:35:06,30.83,0.0,285,878843,卖盘
09:35:10,30.85,0.02,85,262205,买盘
09:35:13,30.84,-0.01,102,312844,卖盘
09:35:17,30.85,0.01,16,49363,中性盘
09:35:19,30.87,0.02,88,271491,买盘
09:35:22,30.85,-0.02,212,653847,卖盘
09:35:25,30.84,-0.01,142,438021,中性盘
09:35:28,30.85,0.01,149,459571,买盘
09:35:31,30.85,0.0,170,524496,卖盘
09:35:34,30.85,0.0,6,18513,卖盘
09:35:37,30.86,0.01,154,475106,买盘
09:35:39,30.88,0.02,173,534030,买盘
09:35:43,30.87,-0.01,41,126567,卖盘
09:35:46,30.87,0.0,12,37046,卖盘
09:35:49,30.88,0.01,261,805712,买盘
09:35:52,30.89,0.01,60,185327,买盘
09:35:55,30.88,-0.01,153,472557,卖盘
09:35:58,30.89,0.01,78,240917,中性盘
09:36:01,30.9,0.01,65,201505,买盘
09:36:04,30.89,-0.01,526,1625739,卖盘
09:36:07,30.9,0.01,245,757338,卖盘
09:36:10,30.9,0.0,414,1279550,卖盘
09:36:13,30.92,0.02,92,284361,中性盘
09:36:15,30.92,0.0,174,538076,买盘
09:36:19,30.93,0.01,302,933776,买盘
09:36:22,30.93,0.0,150,463790,买盘
09:36:25,30.9,-0.03,300,927703,卖盘
09:36:28,30.92,0.02,94,290657,卖盘
09:36:30,30.93,0.01,312,964757,买盘
09:36:34,30.91,-0.02,156,482352,卖盘
09:36:37,30.92,0.01,400,1236154,买盘
09:36:39,30.91,-0.01,165,510119,中性盘
09:36:43,30.92,0.01,283,874763,买盘
09:36:46,30.91,-0.01,71,219515,卖盘
09:36:49,30.92,0.01,77,238012,买盘
09:36:52,30.91,-0.01,24,74202,卖盘
09:36:55,30.91,0.0,25,77289,卖盘
09:36:58,30.91,0.0,139,429757,卖盘
09:37:01,30.92,0.01,111,343166,中性盘
09:37:04,30.92,0.0,98,303004,买盘
09:37:07,30.91,-0.01,42,129880,卖盘
09:37:10,30.92,0.01,47,145350,买盘
09:37:13,30.93,0.01,5,15461,买盘
09:37:16,30.92,-0.01,82,253552,卖盘
09:37:19,30.93,0.01,162,500955,买盘
09:37:22,30.92,-0.01,70,216484,卖盘
09:37:25,30.92,0.0,68,210281,卖盘
09:37:28,30.93,0.01,61,188641,买盘
09:37:31,30.94,0.01,31,95889,买盘
09:37:34,30.92,-0.02,181,559793,卖盘
09:37:37,30.92,0.0,72,222623,买盘
09:37:40,30.94,0.02,348,1076000,买盘
09:37:43,30.92,-0.02,89,275190,卖盘
09:37:46,30.91,-0.01,192,593538,卖盘
09:37:49,30.91,0.0,108,333933,卖盘
09:37:52,30.92,0.01,207,639842,买盘
09:37:55,30.92,0.0,1,3092,买盘
09:37:58,30.91,-0.01,211,652107,卖盘
09:38:00,30.92,0.01,109,336944,买盘
09:38:04,30.92,0.0,76,234992,卖盘
09:38:07,30.92,0.0,35,108228,买盘
09:38:10,30.91,-0.01,288,890254,卖盘
09:38:13,30.91,0.0,144,445149,买盘
09:38:17,30.92,0.01,77,238031,买盘
09:38:19,30.91,-0.01,28,86548,卖盘
09:38:22,30.95,0.04,436,1348561,买盘
09:38:25,30.93,-0.02,55,170076,中性盘
09:38:28,30.95,0.02,135,417522,买盘
09:38:30,30.92,-0.03,33,102047,中性盘
09:38:33,30.93,0.01,54,167004,买盘
09:38:37,30.93,0.0,144,445389,买盘
09:38:41,30.92,-0.01,77,238124,卖盘
09:38:43,30.92,0.0,101,312276,卖盘
09:38:46,30.92,0.0,47,145324,买盘
09:38:48,30.93,0.01,130,401949,买盘
09:38:52,30.92,-0.01,94,290615,卖盘
09:38:55,30.94,0.02,125,386633,买盘
09:38:58,30.93,-0.01,39,120635,卖盘
09:39:01,30.95,0.02,16,49515,买盘
09:39:03,30.93,-0.02,57,176367,卖盘
09:39:07,30.93,0.0,32,98999,卖盘
09:39:10,30.95,0.02,53,163986,买盘
09:39:13,30.94,-0.01,59,182530,卖盘
09:39:17,30.95,0.01,25,77352,买盘
09:39:19,30.95,0.0,28,86649,买盘
09:39:22,30.94,-0.01,106,328035,卖盘
09:39:25,30.94,0.0,22,68078,卖盘
09:39:29,30.94,0.0,80,247524,卖盘
09:39:32,30.95,0.01,144,445497,买盘
09:39:35,30.94,-0.01,128,396133,中性盘
09:39:37,30.93,-0.01,18,55674,卖盘
09:39:40,30.93,0.0,104,321703,卖盘
09:39:43,30.92,-0.01,258,797909,卖盘
09:39:46,30.93,0.01,78,241298,卖盘
09:39:49,30.95,0.02,140,433072,买盘
09:39:52,30.95,0.0,16,49509,买盘
09:39:54,30.94,-0.01,7,21661,中性盘
09:39:58,30.94,0.0,207,640437,买盘
09:40:01,30.94,0.0,43,133031,买盘
09:40:05,30.94,0.0,74,228946,买盘
09:40:07,30.93,-0.01,101,312394,卖盘
09:40:10,30.92,-0.01,274,847332,卖盘
09:40:13,30.93,0.01,30,92790,买盘
09:40:16,30.93,0.0,24,74227,买盘
09:40:19,30.93,0.0,17,52581,买盘
09:40:22,30.93,0.0,375,1159542,买盘
09:40:25,30.92,-0.01,165,510193,卖盘
09:40:29,30.92,0.0,33,102036,买盘
09:40:31,30.92,0.0,146,451428,买盘
09:40:33,30.91,-0.01,230,710935,卖盘
09:40:37,30.91,0.0,481,1486322,买盘
09:40:41,30.9,-0.01,235,726161,卖盘
09:40:43,30.9,0.0,455,1405956,卖盘
09:40:47,30.9,0.0,176,543683,买盘
09:40:50,30.89,-0.01,109,336702,卖盘
09:40:52,30.88,-0.01,266,821436,卖盘
09:40:55,30.88,0.0,278,858498,卖盘
09:40:58,30.88,0.0,60,185282,卖盘
09:41:02,30.88,0.0,322,994413,卖盘
09:41:05,30.88,0.0,225,694816,卖盘
09:41:07,30.88,0.0,303,935665,卖盘
09:41:10,30.88,0.0,69,213090,卖盘
09:41:13,30.88,0.0,78,240874,卖盘
09:41:16,30.88,0.0,45,138964,卖盘
09:41:19,30.88,0.0,55,169841,卖盘
09:41:22,30.89,0.01,181,558246,买盘
09:41:25,30.87,-0.02,47,145144,卖盘
09:41:28,30.88,0.01,230,710243,买盘
09:41:32,30.87,-0.01,199,614475,卖盘
09:41:34,30.87,0.0,146,450871,卖盘
09:41:37,30.88,0.01,60,185282,买盘
09:41:40,30.89,0.01,28,86477,买盘
09:41:44,30.88,-0.01,50,154400,卖盘
09:41:47,30.88,0.0,195,602172,卖盘
09:41:49,30.89,0.01,91,281068,买盘
09:41:52,30.88,-0.01,133,410738,卖盘
09:41:55,30.88,0.0,118,364380,买盘
09:41:58,30.88,0.0,26,80284,买盘
09:42:01,30.88,0.0,202,623658,买盘
09:42:05,30.88,0.0,242,747122,买盘
09:42:07,30.88,0.0,239,738066,买盘
09:42:10,30.89,0.01,121,373707,买盘
09:42:13,30.89,0.0,63,194580,买盘
09:42:15,30.87,-0.02,136,419930,卖盘
09:42:19,30.88,0.01,59,182183,中性盘
09:42:22,30.88,0.0,54,166716,买盘
09:42:24,30.88,0.0,79,243915,买盘
09:42:27,30.88,0.0,102,314927,卖盘
09:42:31,30.88,0.0,90,277895,卖盘
09:42:34,30.87,-0.01,87,268648,卖盘
09:42:37,30.87,0.0,48,148211,卖盘
09:42:40,30.87,0.0,63,194486,卖盘
09:42:43,30.86,-0.01,83,256211,卖盘
09:42:46,30.87,0.01,166,512450,买盘
09:42:49,30.87,0.0,321,990842,买盘
09:42:52,30.87,0.0,124,382810,买盘
09:42:56,30.86,-0.01,419,1293082,卖盘
09:42:59,30.85,-0.01,374,1154121,卖盘
09:43:02,30.86,0.01,353,1089065,买盘
09:43:05,30.84,-0.02,517,1594714,卖盘
09:43:07,30.84,0.0,188,579884,卖盘
09:43:11,30.83,-0.01,192,592062,卖盘
09:43:13,30.83,0.0,72,222009,卖盘
09:43:16,30.83,0.0,107,329893,卖盘
09:43:19,30.83,0.0,89,274390,卖盘
09:43:22,30.83,0.0,96,297787,卖盘
09:43:26,30.83,0.0,88,271260,买盘
09:43:29,30.83,0.0,72,221951,买盘
09:43:33,30.82,-0.01,485,1494776,卖盘
09:43:35,30.82,0.0,14,43148,卖盘
09:43:37,30.82,0.0,1025,3158041,买盘
09:43:41,30.82,0.0,341,1050635,买盘
09:43:44,30.81,-0.01,308,948655,中性盘
09:43:47,30.8,-0.01,3054,9404876,卖盘
09:43:49,30.76,-0.04,1570,4832322,卖盘
09:43:52,30.76,0.0,51,156876,买盘
09:43:55,30.76,0.0,536,1648328,买盘
09:43:57,30.75,-0.01,522,1605177,卖盘
09:44:02,30.75,0.0,214,658020,卖盘
09:44:05,30.74,-0.01,119,365842,卖盘
09:44:07,30.72,-0.02,240,737600,卖盘
09:44:11,30.72,0.0,357,1096855,卖盘
09:44:14,30.72,0.0,56,172012,买盘
09:44:17,30.72,0.0,166,509912,买盘
09:44:19,30.72,0.0,212,651186,买盘
09:44:22,30.71,-0.01,224,688072,卖盘
09:44:26,30.72,0.01,365,1121130,买盘
09:44:29,30.74,0.02,253,777259,买盘
09:44:32,30.72,-0.02,53,162819,卖盘
09:44:35,30.72,0.0,239,734371,卖盘
09:44:37,30.73,0.01,515,1582115,中性盘
09:44:40,30.72,-0.01,177,543886,卖盘
09:44:43,30.72,0.0,81,248802,卖盘
09:44:47,30.74,0.02,190,583788,买盘
09:44:49,30.72,-0.02,270,829536,卖盘
09:44:52,30.73,0.01,94,288854,卖盘
09:44:56,30.73,0.0,114,350241,卖盘
09:44:58,30.73,0.0,149,457782,买盘
09:45:02,30.72,-0.01,223,685126,卖盘
09:45:05,30.72,0.0,271,832712,卖盘
09:45:07,30.73,0.01,167,514726,买盘
09:45:11,30.73,0.0,192,589957,买盘
09:45:14,30.73,0.0,193,593084,卖盘
09:45:17,30.74,0.01,81,248918,买盘
09:45:19,30.75,0.01,365,1121933,买盘
09:45:22,30.75,0.0,478,1468562,买盘
09:45:26,30.74,-0.01,175,537936,中性盘
09:45:29,30.73,-0.01,863,2650858,卖盘
09:45:32,30.73,0.0,215,660686,买盘
09:45:35,30.74,0.01,86,264270,买盘
09:45:37,30.75,0.01,75,230560,买盘
09:45:41,30.73,-0.02,287,881991,卖盘
09:45:44,30.72,-0.01,375,1152202,卖盘
09:45:47,30.73,0.01,137,420999,买盘
09:45:49,30.72,-0.01,91,279631,卖盘
09:45:52,30.73,0.01,128,393315,中性盘
09:45:55,30.73,0.0,132,405697,买盘
09:45:57,30.74,0.01,84,258185,买盘
09:46:02,30.73,-0.01,348,1069138,卖盘
09:46:04,30.74,0.01,11,33806,买盘
09:46:07,30.73,-0.01,205,630167,卖盘
09:46:11,30.75,0.02,378,1161365,中性盘
09:46:13,30.74,-0.01,143,439593,卖盘
09:46:17,30.74,0.0,63,193704,卖盘
09:46:19,30.75,0.01,92,282786,中性盘
09:46:22,30.75,0.0,54,166076,卖盘
09:46:26,30.75,0.0,42,129149,卖盘
09:46:30,30.75,0.0,85,261406,买盘
09:46:30,30.76,0.01,2069,6357031,买盘
09:46:34,30.72,-0.04,131,402746,卖盘
09:46:37,30.74,0.02,81,248993,买盘
09:46:41,30.74,0.0,163,501058,买盘
09:46:43,30.74,0.0,188,577922,买盘
09:46:47,30.74,0.0,116,356556,卖盘
09:46:50,30.76,0.02,70,214506,买盘
09:46:52,30.73,-0.03,512,1573406,卖盘
09:46:56,30.73,0.0,114,350410,买盘
09:46:58,30.73,0.0,85,261155,买盘
09:47:01,30.73,0.0,112,344816,买盘
09:47:05,30.72,-0.01,1268,3894072,中性盘
09:47:07,30.73,0.01,200,614434,买盘
09:47:11,30.74,0.01,111,340344,买盘
09:47:14,30.74,0.0,41,126023,买盘
09:47:17,30.72,-0.02,82,251963,卖盘
09:47:20,30.73,0.01,102,313452,买盘
09:47:22,30.73,0.0,72,221279,卖盘
09:47:25,30.74,0.01,286,878948,买盘
09:47:29,30.74,0.0,338,1038756,买盘
09:47:32,30.75,0.01,59,181372,买盘
09:47:34,30.73,-0.02,243,746918,卖盘
09:47:37,30.73,0.0,85,261351,卖盘
09:47:41,30.73,0.0,193,593261,卖盘
09:47:43,30.75,0.02,75,230561,中性盘
09:47:47,30.75,0.0,199,611807,卖盘
09:47:49,30.75,0.0,54,166091,卖盘
09:47:52,30.76,0.01,227,698423,买盘
09:47:56,30.75,-0.01,224,688835,卖盘
09:47:59,30.76,0.01,51,156829,买盘
09:48:02,30.81,0.05,148,455720,买盘
09:48:05,30.79,-0.02,191,588301,卖盘
09:48:07,30.76,-0.03,336,1033357,卖盘
09:48:11,30.79,0.03,76,233803,买盘
09:48:14,30.76,-0.03,132,406395,中性盘
09:48:17,30.8,0.04,167,513633,买盘
09:48:19,30.78,-0.02,24,73890,中性盘
09:48:22,30.78,0.0,24,73864,买盘
09:48:26,30.76,-0.02,276,849152,卖盘
09:48:29,30.78,0.02,367,1129985,买盘
09:48:32,30.78,0.0,20,61548,买盘
09:48:34,30.78,0.0,149,458552,买盘
09:48:37,30.78,0.0,124,381570,买盘
09:48:40,30.78,0.0,187,575586,卖盘
09:48:43,30.78,0.0,174,535702,卖盘
09:48:47,30.8,0.02,277,852582,中性盘
09:48:49,30.79,-0.01,98,301694,卖盘
09:48:52,30.79,0.0,76,234034,卖盘
09:48:56,30.79,0.0,44,135476,买盘
09:48:59,30.78,-0.01,140,431037,卖盘
09:49:01,30.78,0.0,44,135431,买盘
09:49:04,30.77,-0.01,14,43089,卖盘
09:49:07,30.78,0.01,375,1154113,买盘
09:49:11,30.78,0.0,136,418740,卖盘
09:49:14,30.79,0.01,17,52328,中性盘
09:49:17,30.8,0.01,200,615652,买盘
09:49:20,30.79,-0.01,43,132366,卖盘
09:49:22,30.79,0.0,287,883822,卖盘
09:49:26,30.8,0.01,199,612776,中性盘
09:49:29,30.79,-0.01,64,197085,卖盘
09:49:31,30.8,0.01,132,406496,买盘
09:49:35,30.79,-0.01,223,686760,卖盘
09:49:37,30.8,0.01,122,375787,中性盘
09:49:41,30.8,0.0,103,317213,中性盘
09:49:44,30.79,-0.01,77,237177,卖盘
09:49:47,30.8,0.01,249,766840,中性盘
09:49:49,30.8,0.0,190,585208,卖盘
09:49:52,30.81,0.01,66,203290,买盘
09:49:56,30.79,-0.02,176,541971,卖盘
09:49:59,30.8,0.01,54,166324,买盘
09:50:02,30.8,0.0,314,966623,卖盘
09:50:05,30.8,0.0,70,215649,卖盘
09:50:07,30.79,-0.01,74,227914,卖盘
09:50:10,30.8,0.01,115,354114,买盘
09:50:14,30.8,0.0,77,237141,买盘
09:50:17,30.79,-0.01,91,280211,卖盘
09:50:19,30.79,0.0,90,277056,买盘
09:50:22,30.8,0.01,110,338695,买盘
09:50:26,30.81,0.01,212,652869,买盘
09:50:29,30.82,0.01,120,369720,买盘
09:50:32,30.82,0.0,106,326680,买盘
09:50:34,30.81,-0.01,211,650226,卖盘
09:50:37,30.83,0.02,78,240453,买盘
09:50:40,30.83,0.0,13,40095,卖盘
09:50:43,30.85,0.02,355,1094236,买盘
09:50:47,30.83,-0.02,70,215836,卖盘
09:50:50,30.82,-0.01,14,43158,卖盘
09:50:52,30.83,0.01,192,591929,买盘
09:50:56,30.84,0.01,200,616847,卖盘
09:50:58,30.86,0.02,159,490582,买盘
09:51:01,30.88,0.02,21,64813,买盘
09:51:05,30.85,-0.03,163,502864,卖盘
09:51:07,30.85,0.0,36,111081,卖盘
09:51:10,30.86,0.01,48,148128,买盘
09:51:14,30.85,-0.01,20,61711,卖盘
09:51:17,30.85,0.0,148,456602,卖盘
09:51:19,30.85,0.0,191,589307,买盘
09:51:22,30.86,0.01,103,317784,买盘
09:51:26,30.85,-0.01,59,182020,卖盘
09:51:29,30.85,0.0,214,660184,卖盘
09:51:32,30.85,0.0,145,447280,买盘
09:51:35,30.85,0.0,153,471986,买盘
09:51:38,30.85,0.0,196,604516,买盘
09:51:41,30.85,0.0,48,148077,买盘
09:51:44,30.85,0.0,34,104895,卖盘
09:51:47,30.84,-0.01,186,573859,卖盘
09:51:49,30.85,0.01,44,135730,买盘
09:51:52,30.85,0.0,44,135717,买盘
09:51:56,30.85,0.0,67,206684,买盘
09:51:59,30.84,-0.01,67,206628,卖盘
09:52:02,30.84,0.0,88,271370,买盘
09:52:05,30.83,-0.01,88,271375,卖盘
09:52:07,30.83,0.0,151,465538,卖盘
09:52:10,30.83,0.0,29,89407,买盘
09:52:14,30.82,-0.01,132,406878,卖盘
09:52:17,30.83,0.01,236,727370,买盘
09:52:20,30.83,0.0,31,95567,买盘
09:52:22,30.82,-0.01,62,191080,卖盘
09:52:26,30.82,0.0,38,117116,买盘
09:52:28,30.81,-0.01,15,46220,卖盘
09:52:32,30.81,0.0,92,283471,卖盘
09:52:34,30.81,0.0,276,850567,卖盘
09:52:37,30.81,0.0,271,835023,卖盘
09:52:41,30.81,0.0,96,295798,卖盘
09:52:44,30.81,0.0,378,1164424,买盘
09:52:46,30.81,0.0,230,708458,买盘
09:52:50,30.81,0.0,242,745612,买盘
09:52:52,30.8,-0.01,69,212534,卖盘
09:52:56,30.81,0.01,250,770217,买盘
09:52:59,30.81,0.0,143,440557,卖盘
09:53:01,30.81,0.0,123,378963,卖盘
09:53:05,30.81,0.0,259,797982,卖盘
09:53:08,30.81,0.0,78,240247,买盘
09:53:11,30.8,-0.01,90,277234,卖盘
09:53:13,30.81,0.01,145,446607,买盘
09:53:16,30.8,-0.01,55,169401,卖盘
09:53:19,30.8,0.0,16,49280,买盘
09:53:22,30.79,-0.01,264,812914,卖盘
09:53:25,30.79,0.0,296,911389,卖盘
09:53:29,30.78,-0.01,105,323228,卖盘
09:53:32,30.78,0.0,356,1095863,卖盘
09:53:35,30.78,0.0,57,175412,买盘
09:53:38,30.78,0.0,313,963116,买盘
09:53:41,30.77,-0.01,215,661571,卖盘
09:53:44,30.77,0.0,264,812362,卖盘
09:53:47,30.77,0.0,166,510672,买盘
09:53:49,30.77,0.0,75,230774,买盘
09:53:52,30.75,-0.02,415,1276534,卖盘
09:53:56,30.76,0.01,8,24608,中性盘
09:53:59,30.75,-0.01,586,1801972,卖盘
09:54:02,30.75,0.0,132,405935,卖盘
09:54:05,30.75,0.0,129,396692,卖盘
09:54:08,30.74,-0.01,1358,4173522,卖盘
09:54:11,30.73,-0.01,310,952896,卖盘
09:54:14,30.75,0.02,279,857853,买盘
09:54:16,30.75,0.0,548,1685097,卖盘
09:54:19,30.76,0.01,157,482794,买盘
09:54:22,30.75,-0.01,67,206031,卖盘
09:54:26,30.75,0.0,436,1340700,卖盘
09:54:29,30.74,-0.01,92,282868,卖盘
09:54:32,30.75,0.01,521,1602069,买盘
09:54:35,30.75,0.0,96,295137,买盘
09:54:38,30.74,-0.01,1967,6048868,卖盘
09:54:41,30.74,0.0,105,322770,卖盘
09:54:44,30.75,0.01,629,1933608,买盘
09:54:47,30.74,-0.01,297,912978,卖盘
09:54:50,30.75,0.01,643,1976911,买盘
09:54:52,30.75,0.0,81,249075,卖盘
09:54:56,30.75,0.0,300,922499,卖盘
09:54:59,30.75,0.0,82,252110,买盘
09:55:02,30.75,0.0,694,2133624,买盘
09:55:05,30.74,-0.01,91,279772,卖盘
09:55:08,30.75,0.01,355,1091362,买盘
09:55:11,30.74,-0.01,281,863817,卖盘
09:55:14,30.75,0.01,576,1770317,买盘
09:55:16,30.73,-0.02,285,876068,卖盘
09:55:19,30.75,0.02,122,375034,买盘
09:55:22,30.74,-0.01,54,165995,卖盘
09:55:26,30.74,0.0,23,70703,中性盘
09:55:29,30.74,0.0,96,295104,买盘
09:55:32,30.74,0.0,51,156776,买盘
09:55:34,30.74,0.0,238,731641,卖盘
09:55:37,30.75,0.01,243,746993,买盘
09:55:40,30.75,0.0,358,1100673,买盘
09:55:43,30.75,0.0,92,282891,买盘
09:55:47,30.75,0.0,518,1592650,卖盘
09:55:50,30.75,0.0,37,113753,卖盘
09:55:52,30.76,0.01,19,58424,买盘
09:55:55,30.76,0.0,31,95329,买盘
09:55:59,30.75,-0.01,185,568761,卖盘
09:56:02,30.75,0.0,77,236776,卖盘
09:56:04,30.75,0.0,227,698036,卖盘
09:56:08,30.75,0.0,157,482778,卖盘
09:56:10,30.76,0.01,142,436667,买盘
09:56:14,30.76,0.0,100,307586,买盘
09:56:17,30.76,0.0,168,516625,买盘
09:56:20,30.76,0.0,202,621221,买盘
09:56:22,30.75,-0.01,51,156844,卖盘
09:56:25,30.75,0.0,236,725783,卖盘
09:56:29,30.76,0.01,38,116888,买盘
09:56:31,30.76,0.0,29,89189,买盘
09:56:35,30.76,0.0,83,255243,买盘
09:56:38,30.76,0.0,247,759533,买盘
09:56:41,30.76,0.0,349,1073256,买盘
09:56:44,30.76,0.0,104,319895,买盘
09:56:47,30.75,-0.01,187,575091,卖盘
09:56:50,30.75,0.0,22,67650,买盘
09:56:52,30.74,-0.01,133,408964,卖盘
09:56:56,30.75,0.01,164,504262,买盘
09:56:59,30.74,-0.01,180,553322,卖盘
09:57:02,30.73,-0.01,126,387322,卖盘
09:57:05,30.73,0.0,70,215203,卖盘
09:57:08,30.73,0.0,30,92215,卖盘
09:57:11,30.73,0.0,560,1720904,卖盘
09:57:14,30.74,0.01,144,442602,买盘
09:57:17,30.73,-0.01,77,236642,卖盘
09:57:20,30.73,0.0,228,700642,卖盘
09:57:23,30.73,0.0,33,101409,买盘
09:57:26,30.73,0.0,207,636248,卖盘
09:57:29,30.72,-0.01,150,460851,卖盘
09:57:32,30.73,0.01,44,135202,买盘
09:57:35,30.73,0.0,14,43022,买盘
09:57:37,30.72,-0.01,208,639001,卖盘
09:57:41,30.73,0.01,91,279596,买盘
09:57:44,30.72,-0.01,64,196643,卖盘
09:57:47,30.73,0.01,48,147463,买盘
09:57:50,30.72,-0.01,165,506880,卖盘
09:57:52,30.73,0.01,3,9218,买盘
09:57:56,30.72,-0.01,590,1813166,卖盘
09:57:59,30.73,0.01,301,924699,买盘
09:58:02,30.73,0.0,21,64531,买盘
09:58:05,30.73,0.0,46,141358,卖盘
09:58:08,30.72,-0.01,185,568439,卖盘
09:58:11,30.73,0.01,65,199789,卖盘
09:58:14,30.73,0.0,48,147509,卖盘
09:58:17,30.73,0.0,122,374907,卖盘
09:58:20,30.73,0.0,351,1078660,卖盘
09:58:22,30.73,0.0,142,436382,卖盘
09:58:26,30.74,0.01,71,218220,买盘
09:58:28,30.73,-0.01,96,295008,卖盘
09:58:32,30.73,0.0,306,940343,买盘
09:58:35,30.73,0.0,241,740596,卖盘
09:58:38,30.73,0.0,285,875817,卖盘
09:58:41,30.74,0.01,53,162898,买盘
09:58:44,30.75,0.01,838,2575949,买盘
09:58:47,30.74,-0.01,399,1226738,卖盘
09:58:50,30.75,0.01,133,408930,买盘
09:58:52,30.75,0.0,35,107625,买盘
09:58:55,30.75,0.0,10,30750,卖盘
09:58:59,30.74,-0.01,316,971690,卖盘
09:59:02,30.75,0.01,84,258352,卖盘
09:59:05,30.76,0.01,34,104553,买盘
09:59:08,30.75,-0.01,223,685741,卖盘
09:59:11,30.75,0.0,45,138403,卖盘
09:59:14,30.76,0.01,55,169170,买盘
09:59:16,30.75,-0.01,55,169142,卖盘
09:59:20,30.75,0.0,202,621174,卖盘
09:59:22,30.76,0.01,34,104584,卖盘
09:59:25,30.77,0.01,88,270635,买盘
09:59:29,30.76,-0.01,102,313750,卖盘
09:59:32,30.77,0.01,398,1224007,买盘
09:59:35,30.75,-0.02,96,295218,卖盘
09:59:38,30.75,0.0,240,738120,卖盘
09:59:40,30.75,0.0,173,532022,买盘
09:59:43,30.75,0.0,198,608934,卖盘
09:59:47,30.76,0.01,84,258367,卖盘
09:59:50,30.76,0.0,188,578128,卖盘
09:59:52,30.75,-0.01,152,467443,卖盘
09:59:56,30.77,0.02,6,18457,买盘
09:59:59,30.75,-0.02,216,664226,卖盘
10:00:01,30.77,0.02,86,264486,买盘
10:00:05,30.75,-0.02,173,531985,中性盘
10:00:08,30.76,0.01,250,768801,买盘
10:00:11,30.77,0.01,86,264545,买盘
10:00:14,30.76,-0.01,23,70729,中性盘
10:00:17,30.76,0.0,48,147677,卖盘
10:00:20,30.77,0.01,168,516967,买盘
10:00:22,30.76,-0.01,99,304521,卖盘
10:00:26,30.74,-0.02,660,2029146,卖盘
10:00:29,30.75,0.01,52,159924,卖盘
10:00:31,30.76,0.01,134,412069,买盘
10:00:35,30.76,0.0,52,159921,买盘
10:00:37,30.75,-0.01,129,396673,卖盘
10:00:41,30.75,0.0,74,227549,买盘
10:00:44,30.74,-0.01,59,181422,卖盘
10:00:46,30.75,0.01,38,116831,买盘
10:00:50,30.75,0.0,196,602518,买盘
10:00:52,30.74,-0.01,87,267449,卖盘
10:00:56,30.75,0.01,107,329001,买盘
10:00:59,30.75,0.0,147,451883,买盘
10:01:02,30.75,0.0,24,73785,买盘
10:01:05,30.74,-0.01,58,178292,卖盘
10:01:08,30.74,0.0,368,1131268,卖盘
10:01:10,30.74,0.0,55,169118,卖盘
10:01:14,30.74,0.0,62,190589,卖盘
10:01:17,30.74,0.0,129,396547,卖盘
10:01:19,30.74,0.0,309,949988,卖盘
10:01:22,30.74,0.0,55,169093,卖盘
10:01:26,30.75,0.01,93,285968,买盘
10:01:29,30.75,0.0,794,2440801,买盘
10:01:32,30.74,-0.01,134,411903,卖盘
10:01:35,30.74,0.0,22,67628,买盘
10:01:38,30.73,-0.01,161,494753,卖盘
10:01:41,30.74,0.01,318,977384,买盘
10:01:44,30.74,0.0,255,783770,买盘
10:01:47,30.73,-0.01,136,418010,卖盘
10:01:50,30.74,0.01,249,765278,买盘
10:01:52,30.74,0.0,140,430360,买盘
10:01:55,30.74,0.0,75,230550,卖盘
10:01:59,30.74,0.0,54,165964,卖盘
10:02:02,30.74,0.0,74,227420,买盘
10:02:04,30.73,-0.01,27,82992,卖盘
10:02:08,30.73,0.0,285,875819,卖盘
10:02:11,30.73,0.0,146,448680,卖盘
10:02:14,30.73,0.0,168,516392,卖盘
10:02:17,30.74,0.01,102,313450,买盘
10:02:20,30.73,-0.01,150,460950,卖盘
10:02:22,30.73,0.0,64,196672,卖盘
10:02:26,30.74,0.01,18,55328,买盘
10:02:29,30.73,-0.01,127,389931,卖盘
10:02:32,30.73,0.0,32,98336,买盘
10:02:35,30.72,-0.01,52,159748,卖盘
10:02:37,30.73,0.01,355,1090729,买盘
10:02:41,30.72,-0.01,692,2125906,卖盘
10:02:44,30.72,0.0,50,153637,卖盘
10:02:47,30.72,0.0,95,291857,卖盘
10:02:50,30.71,-0.01,391,1201854,卖盘
10:02:52,30.71,0.0,295,905974,卖盘
10:02:56,30.72,0.01,100,307175,买盘
10:02:59,30.7,-0.02,1856,5699355,卖盘
10:03:02,30.71,0.01,42,128974,买盘
10:03:05,30.7,-0.01,434,1332383,卖盘
10:03:08,30.7,0.0,281,862736,卖盘
10:03:11,30.7,0.0,70,214934,卖盘
10:03:13,30.7,0.0,199,610938,卖盘
10:03:17,30.71,0.01,812,2492908,买盘
10:03:19,30.7,-0.01,313,961010,卖盘
10:03:22,30.7,0.0,189,580231,卖盘
10:03:26,30.71,0.01,238,730789,买盘
10:03:29,30.7,-0.01,302,927173,卖盘
10:03:32,30.7,0.0,82,251758,卖盘
10:03:34,30.7,0.0,1061,3257304,卖盘
10:03:38,30.69,-0.01,62,190337,卖盘
10:03:41,30.7,0.01,54,165765,买盘
10:03:44,30.69,-0.01,718,2203561,卖盘
10:03:47,30.69,0.0,50,153428,买盘
10:03:50,30.68,-0.01,204,625885,卖盘
10:03:52,30.69,0.01,284,871401,买盘
10:03:55,30.69,0.0,442,1356059,买盘
10:03:58,30.68,-0.01,355,1088662,卖盘
10:04:02,30.67,-0.01,291,892266,中性盘
10:04:05,30.67,0.0,285,874181,买盘
10:04:08,30.66,-0.01,30,91990,买盘
10:04:11,30.66,0.0,196,600886,买盘
10:04:14,30.67,0.01,848,2600605,买盘
10:04:17,30.67,0.0,109,334308,卖盘
10:04:20,30.66,-0.01,67,205472,卖盘
10:04:22,30.67,0.01,113,346475,买盘
10:04:26,30.67,0.0,599,1836253,买盘
10:04:29,30.66,-0.01,785,2406291,卖盘
10:04:32,30.66,0.0,476,1459619,买盘
10:04:35,30.67,0.01,315,965917,买盘
10:04:38,30.67,0.0,118,361856,买盘
10:04:41,30.66,-0.01,199,610144,卖盘
10:04:44,30.67,0.01,153,469209,买盘
10:04:47,30.66,-0.01,159,487518,卖盘
10:04:50,30.67,0.01,417,1278584,中性盘
10:04:52,30.68,0.01,110,337408,买盘
10:04:56,30.68,0.0,48,147221,买盘
10:04:59,30.67,-0.01,164,503006,卖盘
10:05:01,30.67,0.0,99,303588,买盘
10:05:04,30.67,0.0,31,95067,买盘
10:05:08,30.67,0.0,85,260691,买盘
10:05:10,30.66,-0.01,452,1386024,卖盘
10:05:13,30.67,0.01,167,512146,买盘
10:05:17,30.67,0.0,144,441650,买盘
10:05:20,30.67,0.0,190,582730,卖盘
10:05:22,30.67,0.0,52,159491,卖盘
10:05:26,30.68,0.01,56,171768,买盘
10:05:29,30.67,-0.01,294,901734,卖盘
10:05:32,30.67,0.0,61,187135,卖盘
10:05:35,30.68,0.01,44,134969,买盘
10:05:38,30.67,-0.01,60,184030,卖盘
10:05:41,30.67,0.0,116,355765,卖盘
10:05:44,30.68,0.01,136,417168,买盘
10:05:47,30.68,0.0,54,165636,买盘
10:05:49,30.67,-0.01,123,377230,卖盘
10:05:52,30.66,-0.01,495,1517923,卖盘
10:05:56,30.68,0.02,72,220890,买盘
10:05:58,30.67,-0.01,110,337395,卖盘
10:06:02,30.67,0.0,55,168668,买盘
10:06:05,30.67,0.0,67,205461,买盘
10:06:08,30.66,-0.01,113,346526,卖盘
10:06:11,30.66,0.0,387,1186675,卖盘
10:06:14,30.67,0.01,101,309724,买盘
10:06:17,30.66,-0.01,370,1134464,卖盘
10:06:20,30.66,0.0,213,653068,卖盘
10:06:22,30.66,0.0,84,257537,买盘
10:06:26,30.65,-0.01,201,616265,卖盘
10:06:29,30.66,0.01,220,674375,中性盘
10:06:31,30.65,-0.01,64,196218,卖盘
10:06:35,30.67,0.02,158,484488,买盘
10:06:38,30.66,-0.01,55,168647,卖盘
10:06:41,30.67,0.01,207,634691,买盘
10:06:43,30.66,-0.01,121,371068,卖盘
10:06:47,30.66,0.0,151,463046,卖盘
10:06:49,30.66,0.0,160,490582,卖盘
10:06:52,30.67,0.01,62,190148,卖盘
10:06:55,30.68,0.01,32,98160,买盘
10:06:59,30.68,0.0,358,1098333,买盘
10:07:02,30.69,0.01,190,583055,买盘
10:07:04,30.69,0.0,26,79802,买盘
10:07:07,30.7,0.01,56,171911,买盘
10:07:10,30.69,-0.01,330,1012496,卖盘
10:07:14,30.67,-0.02,183,561326,卖盘
10:07:16,30.67,0.0,293,898438,买盘
10:07:19,30.69,0.02,245,751286,买盘
10:07:22,30.68,-0.01,33,101268,卖盘
10:07:25,30.68,0.0,61,187152,卖盘
10:07:29,30.68,0.0,74,227039,卖盘
10:07:32,30.68,0.0,58,177941,买盘
10:07:34,30.68,0.0,144,441718,买盘
10:07:37,30.68,0.0,127,389622,买盘
10:07:41,30.68,0.0,257,788330,买盘
10:07:44,30.68,0.0,310,951028,买盘
10:07:47,30.68,0.0,99,303794,卖盘
10:07:49,30.68,0.0,667,2047295,卖盘
10:07:52,30.7,0.02,96,294696,买盘
10:07:56,30.69,-0.01,81,248601,中性盘
10:07:58,30.7,0.01,199,610698,买盘
10:08:01,30.68,-0.02,65,199464,卖盘
10:08:05,30.7,0.02,190,583263,买盘
10:08:07,30.7,0.0,50,153526,卖盘
10:08:09,30.7,0.0,130,399088,卖盘
10:08:13,30.7,0.0,108,331475,买盘
10:08:17,30.7,0.0,411,1261141,买盘
10:08:20,30.69,-0.01,104,319211,卖盘
10:08:22,30.68,-0.01,90,276205,卖盘
10:08:26,30.7,0.02,41,125856,买盘
10:08:28,30.7,0.0,188,576881,买盘
10:08:32,30.7,0.0,38,116679,卖盘
10:08:34,30.7,0.0,36,110520,卖盘
10:08:37,30.7,0.0,88,270208,卖盘
10:08:40,30.69,-0.01,151,463562,卖盘
10:08:43,30.7,0.01,44,135080,买盘
10:08:46,30.7,0.0,45,138142,买盘
10:08:49,30.69,-0.01,258,791832,卖盘
10:08:52,30.69,0.0,64,196416,买盘
10:08:55,30.69,0.0,16,49102,买盘
10:08:58,30.69,0.0,159,487831,买盘
10:09:01,30.7,0.01,14,42968,买盘
10:09:04,30.69,-0.01,16,49110,卖盘
10:09:06,30.7,0.01,37,113555,买盘
10:09:10,30.7,0.0,201,616881,买盘
10:09:13,30.7,0.0,54,165780,买盘
10:09:16,30.7,0.0,29,89026,买盘
10:09:19,30.69,-0.01,151,463496,卖盘
10:09:22,30.71,0.02,5,15351,买盘
10:09:26,30.7,-0.01,230,706100,卖盘
10:09:29,30.7,0.0,61,187270,卖盘
10:09:32,30.7,0.0,252,773624,卖盘
10:09:35,30.7,0.0,80,245596,买盘
10:09:37,30.7,0.0,72,221028,买盘
10:09:40,30.7,0.0,210,644550,买盘
10:09:43,30.69,-0.01,78,239450,卖盘
10:09:47,30.7,0.01,66,202600,买盘
10:09:49,30.69,-0.01,195,598491,卖盘
10:09:52,30.7,0.01,106,325451,中性盘
10:09:55,30.7,0.0,82,251733,买盘
10:09:59,30.7,0.0,47,144288,买盘
10:10:01,30.69,-0.01,163,500247,卖盘
10:10:04,30.69,0.0,37,113552,卖盘
10:10:08,30.69,0.0,31,95142,买盘
10:10:10,30.7,0.01,243,745758,买盘
10:10:13,30.7,0.0,55,168845,卖盘
10:10:16,30.7,0.0,13,39910,卖盘
10:10:20,30.7,0.0,67,205708,卖盘
10:10:22,30.7,0.0,28,85952,买盘
10:10:26,30.7,0.0,68,208751,买盘
10:10:28,30.7,0.0,61,187258,买盘
10:10:32,30.69,-0.01,271,831822,卖盘
10:10:35,30.7,0.01,52,159636,买盘
10:10:38,30.7,0.0,133,408360,买盘
10:10:40,30.7,0.0,159,488006,卖盘
10:10:43,30.71,0.01,15,46060,买盘
10:10:47,30.7,-0.01,49,150445,卖盘
10:10:49,30.71,0.01,203,623217,买盘
10:10:52,30.72,0.01,2091,6423240,买盘
10:10:55,30.72,0.0,79,242739,卖盘
10:10:58,30.73,0.01,81,248913,买盘
10:11:02,30.72,-0.01,206,632871,卖盘
10:11:05,30.73,0.01,466,1429286,买盘
10:11:07,30.73,0.0,516,1585815,卖盘
10:11:11,30.75,0.02,303,931641,买盘
10:11:13,30.75,0.0,69,212164,卖盘
10:11:16,30.75,0.0,67,205990,买盘
10:11:20,30.74,-0.01,164,504250,卖盘
10:11:22,30.75,0.01,135,414973,买盘
10:11:26,30.74,-0.01,34,104517,中性盘
10:11:29,30.75,0.01,79,242849,买盘
10:11:32,30.75,0.0,203,623906,买盘
10:11:34,30.75,0.0,270,830446,买盘
10:11:38,30.74,-0.01,25,76874,卖盘
10:11:41,30.75,0.01,159,488924,买盘
10:11:43,30.75,0.0,88,270679,卖盘
10:11:46,30.76,0.01,39,119928,买盘
10:11:49,30.75,-0.01,141,433607,卖盘
10:11:52,30.75,0.0,37,113775,买盘
10:11:56,30.76,0.01,100,307578,买盘
10:11:57,30.76,0.0,12,36912,卖盘
10:12:02,30.75,-0.01,188,578153,卖盘
10:12:04,30.77,0.02,28,86129,买盘
10:12:08,30.76,-0.01,28,86130,卖盘
10:12:10,30.76,0.0,18,55368,买盘
10:12:13,30.76,0.0,17,52292,买盘
10:12:15,30.76,0.0,68,209155,买盘
10:12:19,30.75,-0.01,222,682713,卖盘
10:12:22,30.75,0.0,42,129160,卖盘
10:12:26,30.76,0.01,5,15380,买盘
10:12:28,30.75,-0.01,131,402828,卖盘
10:12:32,30.75,0.0,22,67650,买盘
10:12:35,30.75,0.0,1031,3171149,买盘
10:12:37,30.74,-0.01,55,169115,卖盘
10:12:41,30.75,0.01,167,513377,买盘
10:12:44,30.75,0.0,161,495058,买盘
10:12:46,30.74,-0.01,71,218265,卖盘
10:12:49,30.75,0.01,220,676337,买盘
10:12:52,30.75,0.0,93,285972,买盘
10:12:55,30.76,0.01,69,212241,买盘
10:12:59,30.76,0.0,32,98432,卖盘
10:13:02,30.75,-0.01,148,455172,卖盘
10:13:04,30.75,0.0,11,33830,卖盘
10:13:07,30.75,0.0,120,369005,卖盘
10:13:10,30.76,0.01,176,541233,买盘
10:13:13,30.75,-0.01,16,49200,卖盘
10:13:17,30.75,0.0,11,33826,卖盘
10:13:19,30.75,0.0,155,476625,卖盘
10:13:22,30.76,0.01,23,70731,买盘
10:13:26,30.75,-0.01,47,144541,卖盘
10:13:29,30.75,0.0,37,113782,买盘
10:13:32,30.75,0.0,9,27672,买盘
10:13:35,30.75,0.0,574,1764644,买盘
10:13:38,30.75,0.0,22,67629,买盘
10:13:40,30.74,-0.01,80,245925,卖盘
10:13:44,30.74,0.0,188,577928,买盘
10:13:46,30.75,0.01,223,685510,买盘
10:13:49,30.74,-0.01,369,1134319,卖盘
10:13:52,30.74,0.0,61,187557,卖盘
10:13:56,30.75,0.01,105,322862,买盘
10:13:58,30.75,0.0,358,1100838,买盘
10:14:02,30.76,0.01,175,538150,买盘
10:14:05,30.76,0.0,22,67653,买盘
10:14:07,30.75,-0.01,33,101492,卖盘
10:14:10,30.76,0.01,225,691925,买盘
10:14:13,30.75,-0.01,18,55363,卖盘
10:14:16,30.75,0.0,210,645907,卖盘
10:14:20,30.76,0.01,214,658090,买盘
10:14:22,30.75,-0.01,343,1054795,卖盘
10:14:25,30.75,0.0,689,2118965,买盘
10:14:29,30.75,0.0,184,565859,买盘
10:14:32,30.76,0.01,177,544202,买盘
10:14:34,30.76,0.0,30,92253,买盘
10:14:37,30.75,-0.01,60,184520,卖盘
10:14:41,30.75,0.0,838,2576547,卖盘
10:14:43,30.75,0.0,122,375134,买盘
10:14:46,30.76,0.01,133,409110,买盘
10:14:50,30.76,0.0,206,633656,卖盘
10:14:52,30.75,-0.01,437,1344187,卖盘
10:14:56,30.75,0.0,24,73806,买盘
10:14:58,30.75,0.0,3,9225,买盘
10:15:01,30.75,0.0,193,593333,买盘
10:15:05,30.75,0.0,72,221370,买盘
10:15:08,30.74,-0.01,51,156780,卖盘
10:15:10,30.73,-0.01,154,473309,卖盘
10:15:14,30.75,0.02,191,587145,买盘
10:15:17,30.74,-0.01,130,399631,卖盘
10:15:19,30.73,-0.01,221,681955,卖盘
10:15:22,30.73,0.0,46,141358,买盘
10:15:25,30.73,0.0,90,276530,买盘
10:15:29,30.72,-0.01,75,230428,卖盘
10:15:31,30.72,0.0,258,792585,卖盘
10:15:35,30.72,0.0,316,970604,卖盘
10:15:37,30.72,0.0,298,915537,买盘
10:15:40,30.73,0.01,189,577889,买盘
10:15:44,30.75,0.02,84,258188,买盘
10:15:47,30.73,-0.02,69,212097,卖盘
10:15:49,30.72,-0.01,121,371734,卖盘
10:15:51,30.72,0.0,72,221232,买盘
10:15:56,30.73,0.01,36,110618,中性盘
10:15:59,30.72,-0.01,25,76814,卖盘
10:16:02,30.72,0.0,168,516109,卖盘
10:16:04,30.73,0.01,74,227328,买盘
10:16:07,30.71,-0.02,419,1286844,卖盘
10:16:10,30.72,0.01,474,1455829,买盘
10:16:13,30.72,0.0,160,491382,买盘
10:16:17,30.73,0.01,371,1139962,买盘
10:16:19,30.73,0.0,185,568505,卖盘
10:16:21,30.73,0.0,17,52241,卖盘
10:16:25,30.73,0.0,66,202732,买盘
10:16:29,30.71,-0.02,59,181266,卖盘
10:16:31,30.72,0.01,113,347134,买盘
10:16:35,30.71,-0.01,16,49138,卖盘
10:16:37,30.72,0.01,463,1422310,买盘
10:16:41,30.72,0.0,245,752675,卖盘
10:16:43,30.72,0.0,51,156681,卖盘
10:16:46,30.74,0.02,24,73752,买盘
10:16:49,30.74,0.0,54,165996,卖盘
10:16:52,30.73,-0.01,10,30732,卖盘
10:16:56,30.72,-0.01,116,356519,卖盘
10:16:58,30.73,0.01,2,6146,卖盘
10:17:01,30.73,0.0,408,1254310,卖盘
10:17:04,30.73,0.0,33,101409,买盘
10:17:07,30.72,-0.01,42,129056,卖盘
10:17:10,30.73,0.01,172,528414,买盘
10:17:13,30.71,-0.02,313,961540,卖盘
10:17:16,30.72,0.01,285,875515,买盘
10:17:18,30.72,0.0,4,12288,买盘
10:17:22,30.71,-0.01,206,632630,卖盘
10:17:25,30.72,0.01,46,141274,买盘
10:17:28,30.71,-0.01,13,39924,卖盘
10:17:31,30.71,0.0,167,512960,卖盘
10:17:34,30.7,-0.01,503,1544518,卖盘
10:17:38,30.7,0.0,156,478930,卖盘
10:17:40,30.7,0.0,198,608064,卖盘
10:17:43,30.7,0.0,14,42990,卖盘
10:17:47,30.71,0.01,22,67560,买盘
10:17:50,30.71,0.0,337,1034654,卖盘
10:17:52,30.7,-0.01,733,2250311,卖盘
10:17:56,30.7,0.0,6,18418,买盘
10:17:59,30.69,-0.01,133,408306,卖盘
10:18:02,30.69,0.0,433,1328887,卖盘
10:18:05,30.69,0.0,54,165726,卖盘
10:18:07,30.69,0.0,8,24552,买盘
10:18:10,30.69,0.0,229,702655,买盘
10:18:14,30.69,0.0,185,567718,买盘
10:18:15,30.69,0.0,56,171844,买盘
10:18:19,30.69,0.0,32,98186,买盘
10:18:22,30.69,0.0,254,779374,买盘
10:18:25,30.69,0.0,78,239388,卖盘
10:18:29,30.7,0.01,55,168803,买盘
10:18:31,30.69,-0.01,422,1295118,卖盘
10:18:33,30.68,-0.01,567,1739503,卖盘
10:18:37,30.69,0.01,809,2481890,买盘
10:18:39,30.69,0.0,157,481836,中性盘
10:18:43,30.7,0.01,53,162698,买盘
10:18:46,30.7,0.0,46,141179,买盘
10:18:49,30.7,0.0,64,196453,买盘
10:18:52,30.71,0.01,807,2477279,买盘
10:18:55,30.7,-0.01,94,288611,卖盘
10:18:59,30.7,0.0,38,116678,卖盘
10:19:02,30.7,0.0,178,546470,卖盘
10:19:04,30.7,0.0,61,187325,卖盘
10:19:07,30.7,0.0,75,230250,卖盘
10:19:09,30.7,0.0,196,601720,卖盘
10:19:13,30.7,0.0,542,1663942,卖盘
10:19:16,30.7,0.0,397,1218763,买盘
10:19:18,30.7,0.0,686,2105351,买盘
10:19:22,30.69,-0.01,224,687515,卖盘
10:19:25,30.7,0.01,1017,3121243,买盘
10:19:28,30.69,-0.01,658,2019426,卖盘
10:19:31,30.69,0.0,253,776476,卖盘
10:19:34,30.69,0.0,240,736586,卖盘
10:19:38,30.69,0.0,572,1755971,卖盘
10:19:41,30.69,0.0,144,441946,卖盘
10:19:43,30.69,0.0,95,291543,买盘
10:19:46,30.68,-0.01,36,110453,卖盘
10:19:49,30.68,0.0,13,39891,卖盘
10:19:52,30.69,0.01,334,1024734,买盘
10:19:55,30.69,0.0,1206,3701214,买盘
10:19:59,30.69,0.0,8,24552,卖盘
10:20:02,30.69,0.0,210,644498,卖盘
10:20:05,30.69,0.0,20,61380,卖盘
10:20:07,30.7,0.01,24,73675,买盘
10:20:11,30.69,-0.01,238,730433,卖盘
10:20:14,30.69,0.0,29,89008,卖盘
10:20:17,30.7,0.01,138,423644,买盘
10:20:19,30.69,-0.01,80,245555,卖盘
10:20:22,30.7,0.01,1038,3186517,买盘
10:20:25,30.7,0.0,68,208760,卖盘
10:20:28,30.71,0.01,5,15355,买盘
10:20:30,30.71,0.0,144,442081,买盘
10:20:34,30.69,-0.02,14,42976,卖盘
10:20:36,30.7,0.01,20,61400,买盘
10:20:40,30.7,0.0,248,761164,买盘
10:20:43,30.69,-0.01,51,156582,卖盘
10:20:46,30.7,0.01,88,270159,买盘
10:20:50,30.7,0.0,21,64470,卖盘
10:20:52,30.7,0.0,173,531119,卖盘
10:20:55,30.71,0.01,139,426732,买盘
10:20:59,30.71,0.0,117,359300,买盘
10:21:02,30.71,0.0,164,503493,买盘
10:21:04,30.71,0.0,90,276309,买盘
10:21:07,30.7,-0.01,87,267104,卖盘
10:21:10,30.7,0.0,58,178023,买盘
10:21:14,30.7,0.0,84,257858,买盘
10:21:16,30.69,-0.01,525,1611691,卖盘
10:21:19,30.7,0.01,520,1596760,买盘
10:21:21,30.69,-0.01,235,721234,卖盘
10:21:26,30.7,0.01,96,294633,卖盘
10:21:29,30.7,0.0,260,798010,买盘
10:21:31,30.7,0.0,205,629192,买盘
10:21:34,30.7,0.0,570,1749350,买盘
10:21:37,30.7,0.0,49,150416,买盘
10:21:40,30.69,-0.01,147,451146,卖盘
10:21:43,30.7,0.01,14,42982,卖盘
10:21:46,30.7,0.0,1,3070,卖盘
10:21:49,30.7,0.0,13,39910,卖盘
10:21:51,30.69,-0.01,56,171890,卖盘
10:21:55,30.7,0.01,118,362216,买盘
10:21:59,30.7,0.0,19,58330,买盘
10:22:02,30.7,0.0,155,475702,买盘
10:22:04,30.7,0.0,19,58328,买盘
10:22:08,30.7,0.0,31,95159,买盘
10:22:11,30.69,-0.01,202,619949,卖盘
10:22:14,30.69,0.0,36,110484,买盘
10:22:19,30.68,-0.01,60,184086,卖盘
10:22:21,30.68,0.0,163,500084,卖盘
10:22:26,30.69,0.01,48,147267,买盘
10:22:29,30.68,-0.01,184,564514,卖盘
10:22:32,30.67,-0.01,143,438713,卖盘
10:22:34,30.69,0.02,273,837567,买盘
10:22:37,30.69,0.0,3,9207,买盘
10:22:40,30.69,0.0,64,196391,买盘
10:22:43,30.68,-0.01,112,343616,卖盘
10:22:46,30.68,0.0,5,15340,买盘
10:22:49,30.67,-0.01,4,12270,卖盘
10:22:52,30.67,0.0,314,963055,卖盘
10:22:56,30.67,0.0,44,134949,卖盘
10:22:59,30.68,0.01,262,803611,买盘
10:23:02,30.67,-0.01,228,699278,卖盘
10:23:04,30.67,0.0,69,211572,买盘
10:23:07,30.66,-0.01,789,2419094,卖盘
10:23:10,30.67,0.01,839,2572288,买盘
10:23:14,30.65,-0.02,31,95031,卖盘
10:23:16,30.65,0.0,23,70516,卖盘
10:23:19,30.66,0.01,219,671475,买盘
10:23:22,30.66,0.0,298,913398,买盘
10:23:26,30.65,-0.01,76,232954,卖盘
10:23:28,30.66,0.01,151,462832,买盘
10:23:32,30.66,0.0,273,836866,买盘
10:23:34,30.66,0.0,155,475241,卖盘
10:23:37,30.66,0.0,30,91980,卖盘
10:23:40,30.66,0.0,123,377131,卖盘
10:23:43,30.66,0.0,164,503411,卖盘
10:23:46,30.66,0.0,38,116508,买盘
10:23:49,30.66,0.0,86,263676,买盘
10:23:52,30.66,0.0,476,1459419,卖盘
10:23:56,30.66,0.0,120,367920,卖盘
10:23:59,30.66,0.0,35,107308,卖盘
10:24:02,30.66,0.0,39,119564,买盘
10:24:04,30.66,0.0,66,202347,买盘
10:24:07,30.65,-0.01,145,444542,卖盘
10:24:11,30.66,0.01,135,413910,买盘
10:24:13,30.66,0.0,151,462966,卖盘
10:24:16,30.66,0.0,31,95046,卖盘
10:24:19,30.66,0.0,70,214627,卖盘
10:24:22,30.66,0.0,236,723576,卖盘
10:24:25,30.66,0.0,117,358686,买盘
10:24:29,30.66,0.0,87,266742,买盘
10:24:32,30.66,0.0,402,1232419,买盘
10:24:34,30.66,0.0,452,1385896,卖盘
10:24:38,30.66,0.0,12,36792,卖盘
10:24:41,30.66,0.0,63,193158,卖盘
10:24:44,30.66,0.0,182,558049,卖盘
10:24:46,30.66,0.0,219,671457,卖盘
10:24:49,30.66,0.0,130,398580,买盘
10:24:52,30.66,0.0,264,809304,买盘
10:24:55,30.66,0.0,52,159432,卖盘
10:24:59,30.66,0.0,98,300479,卖盘
10:25:01,30.66,0.0,101,309667,卖盘
10:25:05,30.66,0.0,36,110365,买盘
10:25:07,30.66,0.0,251,769566,买盘
10:25:09,30.66,0.0,3,9198,卖盘
10:25:14,30.66,0.0,225,689852,卖盘
10:25:16,30.67,0.01,225,689876,买盘
10:25:19,30.66,-0.01,500,1532936,卖盘
10:25:22,30.66,0.0,126,386210,买盘
10:25:26,30.66,0.0,373,1143354,买盘
10:25:27,30.66,0.0,100,306595,买盘
10:25:32,30.66,0.0,298,913477,买盘
10:25:34,30.65,-0.01,335,1026849,卖盘
10:25:38,30.64,-0.01,522,1599164,卖盘
10:25:40,30.64,0.0,128,392217,卖盘
10:25:43,30.64,0.0,258,790454,卖盘
10:25:46,30.63,-0.01,20,61279,卖盘
10:25:49,30.64,0.01,23,70472,买盘
10:25:52,30.64,0.0,233,713737,买盘
10:25:55,30.64,0.0,167,511531,买盘
10:25:59,30.64,0.0,333,1019993,买盘
10:26:01,30.64,0.0,317,970974,买盘
10:26:04,30.63,-0.01,112,343060,卖盘
10:26:07,30.63,0.0,23,70452,卖盘
10:26:10,30.63,0.0,151,462543,卖盘
10:26:13,30.63,0.0,160,490076,买盘
10:26:15,30.62,-0.01,83,254200,卖盘
10:26:19,30.63,0.01,226,694574,买盘
10:26:22,30.63,0.0,166,508312,买盘
10:26:25,30.62,-0.01,665,2036713,卖盘
10:26:28,30.62,0.0,87,266409,卖盘
10:26:31,30.62,0.0,259,793077,卖盘
10:26:35,30.62,0.0,128,389464,卖盘
10:26:37,30.63,0.01,2142,6556077,买盘
10:26:40,30.62,-0.01,62,189830,卖盘
10:26:42,30.62,0.0,101,309258,买盘
10:26:46,30.6,-0.02,596,1823826,卖盘
10:26:50,30.61,0.01,50,153090,中性盘
10:26:52,30.6,-0.01,194,593758,卖盘
10:26:56,30.61,0.01,59,180563,买盘
10:26:59,30.61,0.0,79,241821,卖盘
10:27:01,30.61,0.0,143,437618,买盘
10:27:05,30.6,-0.01,34,104045,卖盘
10:27:08,30.61,0.01,51,156089,买盘
10:27:11,30.61,0.0,75,229516,买盘
10:27:13,30.61,0.0,165,504901,买盘
10:27:17,30.6,-0.01,247,755890,卖盘
10:27:19,30.6,0.0,59,180543,卖盘
10:27:21,30.6,0.0,1329,4066754,卖盘
10:27:26,30.59,-0.01,98,299843,卖盘
10:27:29,30.6,0.01,44,134639,买盘
10:27:32,30.59,-0.01,178,544516,卖盘
10:27:35,30.59,0.0,228,697359,卖盘
10:27:37,30.59,0.0,51,155998,买盘
10:27:40,30.58,-0.01,86,263032,卖盘
10:27:43,30.59,0.01,212,648327,买盘
10:27:46,30.58,-0.01,48,146814,卖盘
10:27:49,30.59,0.01,35,107046,买盘
10:27:52,30.58,-0.01,251,767613,卖盘
10:27:55,30.59,0.01,164,501614,买盘
10:27:59,30.59,0.0,328,1003116,买盘
10:28:02,30.58,-0.01,316,966575,卖盘
10:28:04,30.59,0.01,60,183560,卖盘
10:28:08,30.6,0.01,13,39770,买盘
10:28:11,30.6,0.0,509,1557489,买盘
10:28:13,30.6,0.0,211,645699,卖盘
10:28:16,30.61,0.01,48,146888,买盘
10:28:19,30.61,0.0,781,2390641,买盘
10:28:22,30.62,0.01,260,795974,买盘
10:28:24,30.61,-0.01,67,205095,卖盘
10:28:28,30.63,0.02,73,223505,买盘
10:28:31,30.62,-0.01,71,217404,卖盘
10:28:35,30.62,0.0,74,226586,买盘
10:28:38,30.62,0.0,28,87666,买盘
10:28:40,30.62,0.0,32,97985,卖盘
10:28:43,30.62,0.0,347,1062544,卖盘
10:28:46,30.62,0.0,114,347151,卖盘
10:28:49,30.63,0.01,98,300075,买盘
10:28:52,30.63,0.0,430,1316425,买盘
10:28:54,30.62,-0.01,122,373612,卖盘
10:28:59,30.63,0.01,101,309304,买盘
10:29:02,30.63,0.0,27,82688,买盘
10:29:05,30.63,0.0,295,903437,买盘
10:29:07,30.63,0.0,30,91867,买盘
10:29:10,30.63,0.0,158,483827,买盘
10:29:13,30.62,-0.01,268,820731,卖盘
10:29:17,30.62,0.0,139,425618,卖盘
10:29:18,30.62,0.0,117,358243,买盘
10:29:22,30.61,-0.01,171,523456,卖盘
10:29:26,30.62,0.01,68,208179,买盘
10:29:28,30.62,0.0,429,1313189,买盘
10:29:31,30.62,0.0,56,171472,卖盘
10:29:34,30.61,-0.01,894,2736763,卖盘
10:29:38,30.63,0.02,14,42881,买盘
10:29:39,30.63,0.0,31,96356,买盘
10:29:44,30.63,0.0,158,483954,卖盘
10:29:46,30.63,0.0,5,15318,卖盘
10:29:49,30.64,0.01,47,143973,买盘
10:29:52,30.63,-0.01,159,487018,卖盘
10:29:55,30.63,0.0,163,497940,卖盘
10:29:58,30.64,0.01,18,55146,卖盘
10:30:01,30.63,-0.01,11,33694,中性盘
10:30:05,30.63,0.0,148,453182,买盘
10:30:06,30.64,0.01,63,193007,买盘
10:30:11,30.63,-0.01,45,137820,卖盘
10:30:13,30.63,0.0,200,612421,卖盘
10:30:16,30.63,0.0,69,211347,买盘
10:30:19,30.63,0.0,115,352186,卖盘
10:30:22,30.62,-0.01,20,61247,卖盘
10:30:26,30.61,-0.01,20,61220,卖盘
10:30:29,30.62,0.01,10,30612,买盘
10:30:32,30.61,-0.01,63,192844,卖盘
10:30:34,30.62,0.01,149,456095,买盘
10:30:37,30.61,-0.01,23,70406,卖盘
10:30:40,30.62,0.01,35,107154,买盘
10:30:43,30.61,-0.01,222,679581,卖盘
10:30:46,30.61,0.0,57,174482,卖盘
10:30:49,30.61,0.0,166,508202,卖盘
10:30:52,30.62,0.01,151,462220,买盘
10:30:55,30.61,-0.01,106,324481,卖盘
10:30:59,30.62,0.01,13,39798,买盘
10:31:01,30.61,-0.01,19,58160,卖盘
10:31:05,30.61,0.0,151,462219,卖盘
10:31:08,30.61,0.0,5,15305,买盘
10:31:10,30.6,-0.01,43,131603,卖盘
10:31:14,30.6,0.0,240,734409,卖盘
10:31:16,30.61,0.01,5,15301,买盘
10:31:19,30.61,0.0,102,312124,买盘
10:31:22,30.6,-0.01,171,523265,卖盘
10:31:25,30.6,0.0,162,495843,卖盘
10:31:29,30.6,0.0,91,278468,卖盘
10:31:31,30.6,0.0,98,299971,卖盘
10:31:35,30.6,0.0,234,716101,卖盘
10:31:37,30.61,0.01,455,1392651,买盘
10:31:40,30.61,0.0,143,437849,卖盘
10:31:44,30.62,0.01,159,486832,中性盘
10:31:46,30.63,0.01,183,560437,买盘
10:31:49,30.63,0.0,124,379800,买盘
10:31:52,30.64,0.01,243,744315,买盘
10:31:56,30.63,-0.01,207,634174,卖盘
10:31:59,30.64,0.01,6,18384,中性盘
10:32:02,30.63,-0.01,22,67387,卖盘
10:32:05,30.63,0.0,166,508458,卖盘
10:32:07,30.63,0.0,25,76590,卖盘
10:32:10,30.63,0.0,17,52071,卖盘
10:32:13,30.63,0.0,90,275671,卖盘
10:32:16,30.63,0.0,12,36756,买盘
10:32:19,30.62,-0.01,18,55117,卖盘
10:32:22,30.62,0.0,127,388895,卖盘
10:32:25,30.63,0.01,120,367411,买盘
10:32:28,30.62,-0.01,10,30614,买盘
10:32:32,30.6,-0.02,301,921391,卖盘
10:32:34,30.61,0.01,70,214273,卖盘
10:32:37,30.61,0.0,30,91818,买盘
10:32:41,30.63,0.02,89,272442,买盘
10:32:43,30.62,-0.01,92,281650,卖盘
10:32:47,30.62,0.0,11,33672,买盘
10:32:49,30.61,-0.01,78,238800,卖盘
10:32:52,30.61,0.0,98,299980,卖盘
10:32:55,30.6,-0.01,499,1527114,卖盘
10:32:58,30.62,0.02,55,168410,买盘
10:33:00,30.61,-0.01,16,48976,卖盘
10:33:04,30.61,0.0,59,180599,卖盘
10:33:07,30.61,0.0,74,226509,买盘
10:33:10,30.61,0.0,89,272413,买盘
10:33:14,30.61,0.0,154,471247,买盘
10:33:15,30.61,0.0,58,177512,买盘
10:33:18,30.61,0.0,8,24488,买盘
10:33:22,30.6,-0.01,203,621221,卖盘
10:33:25,30.61,0.01,43,131583,买盘
10:33:28,30.61,0.0,97,296862,买盘
10:33:31,30.6,-0.01,48,146895,卖盘
10:33:35,30.6,0.0,154,471244,卖盘
10:33:37,30.61,0.01,116,355000,买盘
10:33:40,30.6,-0.01,62,189728,卖盘
10:33:43,30.61,0.01,223,682431,买盘
10:33:45,30.6,-0.01,23,70381,卖盘
10:33:49,30.6,0.0,83,253983,卖盘
10:33:52,30.6,0.0,223,682398,卖盘
10:33:55,30.6,0.0,99,302947,卖盘
10:33:59,30.61,0.01,231,706964,买盘
10:34:01,30.61,0.0,42,128557,买盘
10:34:05,30.6,-0.01,670,2050723,卖盘
10:34:07,30.61,0.01,17,52037,买盘
10:34:11,30.6,-0.01,64,195873,卖盘
10:34:13,30.6,0.0,148,452880,卖盘
10:34:16,30.61,0.01,36,110182,买盘
10:34:19,30.61,0.0,19,58156,中性盘
10:34:22,30.6,-0.01,652,1995442,卖盘
10:34:25,30.61,0.01,173,529426,买盘
10:34:28,30.62,0.01,77,235645,买盘
10:34:31,30.61,-0.01,55,168308,中性盘
10:34:34,30.6,-0.01,154,471248,卖盘
10:34:38,30.61,0.01,33,100983,买盘
10:34:40,30.6,-0.01,119,364099,卖盘
10:34:43,30.59,-0.01,108,330483,卖盘
10:34:46,30.6,0.01,18,55080,买盘
10:34:49,30.59,-0.01,56,171346,卖盘
10:34:52,30.59,0.0,59,180485,卖盘
10:34:55,30.59,0.0,252,770935,卖盘
10:34:59,30.6,0.01,81,247856,买盘
10:35:01,30.6,0.0,117,357951,买盘
10:35:04,30.6,0.0,186,568982,买盘
10:35:07,30.6,0.0,35,107100,买盘
10:35:10,30.59,-0.01,6,18357,卖盘
10:35:13,30.6,0.01,155,474158,买盘
10:35:16,30.6,0.0,11,33655,买盘
10:35:18,30.59,-0.01,54,165198,卖盘
10:35:22,30.59,0.0,49,149913,卖盘
10:35:25,30.6,0.01,803,2456451,买盘
10:35:28,30.6,0.0,107,327322,卖盘
10:35:32,30.6,0.0,36,110158,买盘
10:35:34,30.59,-0.01,111,339568,卖盘
10:35:37,30.59,0.0,67,204953,买盘
10:35:40,30.6,0.01,3,9180,买盘
10:35:44,30.59,-0.01,108,330372,卖盘
10:35:46,30.59,0.0,103,315036,买盘
10:35:49,30.59,0.0,28,85648,买盘
10:35:52,30.58,-0.01,37,113182,卖盘
10:35:55,30.58,0.0,191,584080,卖盘
10:35:58,30.59,0.01,145,443467,买盘
10:36:01,30.59,0.0,48,146812,买盘
10:36:04,30.59,0.0,173,529064,买盘
10:36:07,30.58,-0.01,138,422010,卖盘
10:36:09,30.58,0.0,49,149885,卖盘
10:36:13,30.59,0.01,312,954118,买盘
10:36:16,30.59,0.0,42,128469,买盘
10:36:19,30.59,0.0,109,333342,买盘
10:36:22,30.58,-0.01,156,477125,卖盘
10:36:25,30.59,0.01,406,1241773,买盘
10:36:27,30.59,0.0,103,315012,买盘
10:36:30,30.58,-0.01,771,2357734,卖盘
10:36:34,30.58,0.0,210,642233,卖盘
10:36:36,30.59,0.01,70,214104,买盘
10:36:40,30.58,-0.01,37,113179,卖盘
10:36:43,30.58,0.0,251,767631,卖盘
10:36:46,30.59,0.01,112,342602,买盘
10:36:49,30.59,0.0,116,354844,卖盘
10:36:52,30.59,0.0,55,168245,卖盘
10:36:56,30.59,0.0,262,801471,卖盘
10:36:59,30.59,0.0,11,33653,卖盘
10:37:01,30.6,0.01,7,21416,买盘
10:37:04,30.6,0.0,194,593485,买盘
10:37:06,30.59,-0.01,69,211079,卖盘
10:37:11,30.59,0.0,22,67314,卖盘
10:37:12,30.6,0.01,251,767818,买盘
10:37:15,30.6,0.0,23,70377,买盘
10:37:18,30.6,0.0,98,299852,买盘
10:37:23,30.6,0.0,52,159120,买盘
10:37:25,30.59,-0.01,211,645458,卖盘
10:37:27,30.6,0.01,9,27536,买盘
10:37:31,30.59,-0.01,54,165217,卖盘
10:37:33,30.6,0.01,211,645516,买盘
10:37:37,30.6,0.0,224,685412,买盘
10:37:40,30.6,0.0,16,48958,买盘
10:37:42,30.59,-0.01,212,648561,卖盘
10:37:46,30.61,0.02,562,1719827,买盘
10:37:48,30.6,-0.01,25,76501,卖盘
10:37:52,30.61,0.01,9,27550,卖盘
10:37:55,30.6,-0.01,100,306034,卖盘
10:37:58,30.61,0.01,33,101013,买盘
10:38:01,30.61,0.0,54,165270,买盘
10:38:04,30.6,-0.01,182,556950,卖盘
10:38:07,30.61,0.01,159,486699,买盘
10:38:10,30.61,0.0,41,125538,卖盘
10:38:13,30.62,0.01,185,566313,买盘
10:38:16,30.61,-0.01,5,15309,卖盘
10:38:19,30.61,0.0,418,1279580,卖盘
10:38:22,30.61,0.0,76,232685,中性盘
10:38:25,30.62,0.01,285,872289,买盘
10:38:28,30.61,-0.01,34,104085,卖盘
10:38:30,30.62,0.01,74,226510,买盘
10:38:34,30.63,0.01,465,1424017,买盘
10:38:37,30.64,0.01,81,248169,买盘
10:38:40,30.64,0.0,13,39830,买盘
10:38:43,30.64,0.0,195,597302,买盘
10:38:46,30.63,-0.01,69,211402,卖盘
10:38:48,30.65,0.02,29,88872,买盘
10:38:52,30.64,-0.01,37,113402,卖盘
10:38:55,30.65,0.01,308,943731,买盘
10:38:58,30.64,-0.01,54,165467,卖盘
10:39:01,30.63,-0.01,161,493204,卖盘
10:39:04,30.64,0.01,165,505418,买盘
10:39:07,30.63,-0.01,5,15316,中性盘
10:39:09,30.63,0.0,39,119432,买盘
10:39:13,30.64,0.01,440,1347778,买盘
10:39:16,30.64,0.0,44,134780,买盘
10:39:19,30.64,0.0,10,30640,卖盘
10:39:22,30.63,-0.01,39,119480,卖盘
10:39:25,30.64,0.01,147,450372,卖盘
10:39:28,30.65,0.01,56,171593,买盘
10:39:30,30.65,0.0,21,64364,买盘
10:39:33,30.64,-0.01,124,379939,卖盘
10:39:37,30.64,0.0,17,52081,买盘
10:39:40,30.64,0.0,57,174632,买盘
10:39:43,30.65,0.01,189,579042,买盘
10:39:46,30.65,0.0,97,297295,买盘
10:39:49,30.64,-0.01,30,91920,卖盘
10:39:51,30.65,0.01,48,147094,买盘
10:39:55,30.65,0.0,204,625026,买盘
10:39:58,30.65,0.0,45,139804,买盘
10:40:01,30.65,0.0,145,444413,买盘
10:40:05,30.65,0.0,389,1192787,买盘
10:40:07,30.67,0.02,290,889270,买盘
10:40:11,30.65,-0.02,179,548837,卖盘
10:40:13,30.64,-0.01,129,395392,卖盘
10:40:17,30.68,0.04,33,101172,买盘
10:40:19,30.65,-0.03,24,73560,中性盘
10:40:22,30.65,0.0,67,205351,买盘
10:40:25,30.65,0.0,189,579168,卖盘
10:40:28,30.65,0.0,37,113409,卖盘
10:40:31,30.67,0.02,183,561169,买盘
10:40:34,30.65,-0.02,162,496540,卖盘
10:40:37,30.67,0.02,83,254491,买盘
10:40:40,30.67,0.0,140,429165,买盘
10:40:43,30.65,-0.02,132,404635,卖盘
10:40:46,30.66,0.01,42,128731,买盘
10:40:49,30.67,0.01,6,18402,买盘
10:40:52,30.66,-0.01,36,110407,卖盘
10:40:55,30.65,-0.01,63,193160,卖盘
10:40:58,30.66,0.01,47,144079,买盘
10:41:01,30.65,-0.01,125,383148,卖盘
10:41:04,30.66,0.01,272,833808,买盘
10:41:07,30.66,0.0,12,36787,买盘
10:41:10,30.66,0.0,105,321928,买盘
10:41:13,30.65,-0.01,17,52118,卖盘
10:41:16,30.66,0.01,287,879800,买盘
10:41:19,30.66,0.0,34,104244,卖盘
10:41:22,30.66,0.0,6,18401,卖盘
10:41:25,30.66,0.0,108,331128,卖盘
10:41:29,30.65,-0.01,164,502693,卖盘
10:41:31,30.68,0.03,512,1570309,买盘
10:41:33,30.64,-0.04,142,435169,卖盘
10:41:38,30.67,0.03,38,116506,中性盘
10:41:41,30.67,0.0,44,134933,买盘
10:41:42,30.67,0.0,14,42932,买盘
10:41:45,30.65,-0.02,121,370867,卖盘
10:41:48,30.65,0.0,51,156315,买盘
10:41:52,30.66,0.01,24,73565,买盘
10:41:55,30.65,-0.01,70,214550,卖盘
10:41:57,30.67,0.02,345,1057820,买盘
10:42:01,30.67,0.0,58,177887,卖盘
10:42:04,30.67,0.0,193,591941,卖盘
10:42:06,30.67,0.0,342,1049191,卖盘
10:42:10,30.68,0.01,641,1966573,买盘
10:42:14,30.67,-0.01,190,582731,卖盘
10:42:15,30.66,-0.01,340,1042475,卖盘
10:42:19,30.65,-0.01,209,640652,卖盘
10:42:22,30.65,0.0,435,1333269,卖盘
10:42:25,30.64,-0.01,519,1590997,卖盘
10:42:28,30.65,0.01,211,646675,买盘
10:42:31,30.65,0.0,120,367800,卖盘
10:42:34,30.65,0.0,228,699080,卖盘
10:42:37,30.65,0.0,54,165510,买盘
10:42:40,30.66,0.01,158,484278,买盘
10:42:43,30.65,-0.01,74,226909,卖盘
10:42:46,30.69,0.04,298,913984,买盘
10:42:48,30.69,0.0,74,227072,买盘
10:42:51,30.66,-0.03,10,30663,卖盘
10:42:56,30.66,0.0,589,1807817,卖盘
10:42:58,30.66,0.0,24,73584,买盘
10:43:01,30.66,0.0,18,55188,买盘
10:43:05,30.67,0.01,176,539527,买盘
10:43:07,30.66,-0.01,33,101203,中性盘
10:43:11,30.66,0.0,9,27594,卖盘
10:43:14,30.65,-0.01,18,55173,卖盘
10:43:17,30.65,0.0,223,683540,卖盘
10:43:20,30.66,0.01,36,110376,卖盘
10:43:22,30.67,0.01,103,315745,买盘
10:43:26,30.65,-0.02,47,144077,卖盘
10:43:28,30.66,0.01,24,73579,买盘
10:43:31,30.65,-0.01,51,156319,卖盘
10:43:34,30.65,0.0,23,70500,卖盘
10:43:37,30.65,0.0,82,251330,买盘
10:43:40,30.65,0.0,385,1180359,买盘
10:43:43,30.65,0.0,45,137960,卖盘
10:43:46,30.64,-0.01,124,380055,卖盘
10:43:49,30.65,0.01,70,214558,买盘
10:43:52,30.65,0.0,38,116482,卖盘
10:43:55,30.65,0.0,187,573030,卖盘
10:43:58,30.64,-0.01,23,70477,卖盘
10:44:02,30.66,0.02,85,260553,买盘
10:44:04,30.66,0.0,355,1088211,买盘
10:44:07,30.64,-0.02,161,493440,卖盘
10:44:10,30.66,0.02,11,33726,买盘
10:44:13,30.66,0.0,28,85848,卖盘
10:44:16,30.65,-0.01,146,447453,卖盘
10:44:19,30.66,0.01,80,245195,买盘
10:44:23,30.66,0.0,3,9198,买盘
10:44:26,30.65,-0.01,312,956483,卖盘
10:44:27,30.65,0.0,183,560895,买盘
10:44:31,30.65,0.0,61,186965,买盘
10:44:35,30.64,-0.01,261,799876,卖盘
10:44:37,30.65,0.01,12,36769,中性盘
10:44:40,30.65,0.0,153,468905,卖盘
10:44:42,30.65,0.0,53,162481,卖盘
10:44:47,30.65,0.0,167,511860,卖盘
10:44:48,30.65,0.0,233,714145,卖盘
10:44:52,30.66,0.01,24,73570,买盘
10:44:55,30.65,-0.01,187,573156,卖盘
10:44:58,30.66,0.01,209,640601,买盘
10:45:02,30.66,0.0,28,85824,买盘
10:45:05,30.66,0.0,350,1072949,买盘
10:45:08,30.66,0.0,10,30652,买盘
10:45:09,30.66,0.0,76,232974,买盘
10:45:14,30.65,-0.01,51,156333,卖盘
10:45:16,30.66,0.01,202,619153,买盘
10:45:19,30.66,0.0,30,91969,买盘
10:45:23,30.66,0.0,93,285058,买盘
10:45:25,30.65,-0.01,313,959405,卖盘
10:45:29,30.66,0.01,100,306545,买盘
10:45:30,30.66,0.0,189,579455,买盘
10:45:33,30.65,-0.01,236,723404,卖盘
10:45:37,30.66,0.01,56,171659,买盘
10:45:41,30.66,0.0,388,1189307,买盘
10:45:43,30.66,0.0,138,423152,卖盘
10:45:46,30.66,0.0,169,518119,卖盘
10:45:50,30.65,-0.01,82,251425,卖盘
10:45:52,30.66,0.01,44,134896,买盘
10:45:55,30.65,-0.01,67,205363,卖盘
10:45:58,30.67,0.02,193,591779,买盘
10:46:01,30.65,-0.02,35,107312,卖盘
10:46:04,30.65,0.0,64,196007,卖盘
10:46:07,30.65,0.0,260,796895,买盘
10:46:11,30.65,0.0,230,705101,买盘
10:46:13,30.65,0.0,58,177765,卖盘
10:46:16,30.65,0.0,154,471895,卖盘
10:46:19,30.66,0.01,35,107306,买盘
10:46:22,30.66,0.0,28,85825,买盘
10:46:25,30.65,-0.01,378,1158746,卖盘
10:46:29,30.66,0.01,124,380088,买盘
10:46:31,30.65,-0.01,81,248265,卖盘
10:46:35,30.65,0.0,24,73559,买盘
10:46:38,30.65,0.0,174,533306,买盘
10:46:40,30.65,0.0,126,386084,买盘
10:46:44,30.65,0.0,60,183898,买盘
10:46:46,30.64,-0.01,405,1240947,卖盘
10:46:50,30.64,0.0,196,597878,卖盘
10:46:52,30.65,0.01,385,1179649,买盘
10:46:55,30.63,-0.02,60,183780,卖盘
10:46:59,30.64,0.01,38,116427,买盘
10:47:02,30.64,0.0,158,484059,买盘
10:47:05,30.64,0.0,87,266518,买盘
10:47:08,30.64,0.0,6,18382,买盘
10:47:10,30.63,-0.01,39,119463,卖盘
10:47:12,30.64,0.01,21,64332,买盘
10:47:16,30.64,0.0,43,131745,买盘
10:47:20,30.63,-0.01,93,284868,卖盘
10:47:23,30.63,0.0,57,174591,卖盘
10:47:25,30.64,0.01,411,1258816,买盘
10:47:30,30.64,0.0,50,153200,买盘
10:47:33,30.62,-0.02,53,162337,卖盘
10:47:37,30.63,0.01,5,15315,买盘
10:47:41,30.63,0.0,33,101079,买盘
10:47:43,30.62,-0.01,53,162297,卖盘
10:47:45,30.62,0.0,2,6124,卖盘
10:47:49,30.63,0.01,103,315437,买盘
10:47:53,30.62,-0.01,20,61245,卖盘
10:47:55,30.63,0.01,145,443996,买盘
10:47:58,30.62,-0.01,350,1071461,卖盘
10:48:00,30.63,0.01,91,278652,买盘
10:48:03,30.63,0.0,161,493133,买盘
10:48:07,30.62,-0.01,19,58186,卖盘
10:48:10,30.62,0.0,35,107199,卖盘
10:48:14,30.62,0.0,9,27561,卖盘
10:48:16,30.62,0.0,31,94947,卖盘
10:48:20,30.62,0.0,4,12248,卖盘
10:48:22,30.62,0.0,35,107170,卖盘
10:48:25,30.62,0.0,100,306232,卖盘
10:48:29,30.62,0.0,69,211309,卖盘
10:48:31,30.62,0.0,128,391936,卖盘
10:48:34,30.62,0.0,27,82685,卖盘
10:48:38,30.62,0.0,109,333758,卖盘
10:48:41,30.62,0.0,173,529721,买盘
10:48:44,30.62,0.0,178,545046,卖盘
10:48:47,30.63,0.01,6,18376,买盘
10:48:49,30.63,0.0,230,704485,买盘
10:48:51,30.63,0.0,43,131709,卖盘
10:48:56,30.63,0.0,102,312426,卖盘
10:48:59,30.63,0.0,2,6126,卖盘
10:49:01,30.63,0.0,406,1243578,卖盘
10:49:05,30.64,0.01,11,33704,买盘
10:49:08,30.63,-0.01,26,81170,卖盘
10:49:10,30.63,0.0,18,55140,卖盘
10:49:12,30.63,0.0,46,140908,卖盘
10:49:16,30.63,0.0,41,125585,卖盘
10:49:20,30.63,0.0,12,36756,卖盘
10:49:22,30.63,0.0,90,275755,卖盘
10:49:26,30.63,0.0,214,655637,卖盘
10:49:27,30.65,0.02,301,922328,买盘
10:49:31,30.65,0.0,135,413377,买盘
10:49:34,30.65,0.0,4,12260,卖盘
10:49:37,30.65,0.0,50,153280,卖盘
10:49:43,30.65,0.0,63,193155,卖盘
10:49:46,30.66,0.01,17,52122,买盘
10:49:48,30.66,0.0,30,91980,卖盘
10:49:53,30.65,-0.01,386,1183403,卖盘
10:49:55,30.67,0.02,75,229951,买盘
10:49:59,30.66,-0.01,25,76635,买盘
10:50:01,30.66,0.0,31,95062,买盘
10:50:03,30.66,0.0,37,113417,买盘
10:50:07,30.66,0.0,27,82762,买盘
10:50:10,30.66,0.0,7,21460,买盘
10:50:13,30.66,0.0,50,153289,买盘
10:50:16,30.65,-0.01,15,45986,卖盘
10:50:19,30.66,0.01,4,12264,买盘
10:50:22,30.65,-0.01,114,349441,卖盘
10:50:25,30.65,0.0,51,156323,卖盘
10:50:27,30.66,0.01,48,147139,买盘
10:50:31,30.66,0.0,23,70822,买盘
10:50:34,30.65,-0.01,375,1148162,卖盘
10:50:38,30.66,0.01,42,128758,买盘
10:50:41,30.66,0.0,364,1117154,买盘
10:50:43,30.65,-0.01,40,122615,买盘
10:50:47,30.65,0.0,114,349412,买盘
10:50:50,30.65,0.0,24,73579,卖盘
10:50:52,30.65,0.0,6,18390,卖盘
10:50:55,30.65,0.0,47,144055,卖盘
10:50:57,30.66,0.01,317,971915,买盘
10:51:02,30.66,0.0,42,128745,买盘
10:51:04,30.66,0.0,8,24528,买盘
10:51:07,30.66,0.0,145,444426,买盘
10:51:09,30.65,-0.01,124,380175,卖盘
10:51:13,30.66,0.01,25,76632,买盘
10:51:15,30.66,0.0,8,24528,买盘
10:51:20,30.66,0.0,41,125703,买盘
10:51:23,30.65,-0.01,77,236077,卖盘
10:51:26,30.66,0.01,52,159394,买盘
10:51:28,30.66,0.0,6,18396,买盘
10:51:31,30.66,0.0,10,30657,买盘
10:51:34,30.65,-0.01,81,248328,卖盘
10:51:37,30.66,0.01,30,91966,买盘
10:51:41,30.66,0.0,2,6132,买盘
10:51:43,30.66,0.0,68,208486,买盘
10:51:45,30.66,0.0,485,1487074,买盘
10:51:49,30.66,0.0,24,73584,买盘
10:51:51,30.67,0.01,99,302064,买盘
10:51:55,30.67,0.0,40,122680,卖盘
10:51:58,30.68,0.01,89,272964,买盘
10:52:01,30.68,0.0,55,168739,买盘
10:52:05,30.68,0.0,31,95108,买盘
10:52:07,30.67,-0.01,261,800578,卖盘
10:52:11,30.68,0.01,16,49088,买盘
10:52:12,30.67,-0.01,122,374230,卖盘
10:52:17,30.68,0.01,129,395682,买盘
10:52:19,30.68,0.0,276,846604,买盘
10:52:22,30.68,0.0,37,113516,买盘
10:52:24,30.68,0.0,92,282221,买盘
10:52:28,30.68,0.0,68,208616,卖盘
10:52:32,30.7,0.02,524,1608482,买盘
10:52:34,30.7,0.0,65,199551,卖盘
10:52:37,30.7,0.0,87,267092,卖盘
10:52:41,30.7,0.0,45,138153,卖盘
10:52:43,30.69,-0.01,46,141191,卖盘
10:52:45,30.69,0.0,15,46044,买盘
10:52:48,30.68,-0.01,41,125800,卖盘
10:52:53,30.68,0.0,49,150356,卖盘
10:52:54,30.69,0.01,70,214784,买盘
10:52:59,30.69,0.0,37,113536,买盘
10:53:01,30.69,0.0,38,116616,买盘
10:53:04,30.69,0.0,267,819419,买盘
10:53:07,30.69,0.0,145,444922,卖盘
10:53:11,30.69,0.0,14,42966,买盘
10:53:14,30.68,-0.01,11,33748,卖盘
10:53:17,30.69,0.01,141,432592,买盘
10:53:20,30.68,-0.01,49,150357,卖盘
10:53:23,30.69,0.01,77,236313,买盘
10:53:26,30.69,0.0,137,420353,买盘
10:53:29,30.69,0.0,15,46028,买盘
10:53:31,30.69,0.0,18,55227,买盘
10:53:34,30.69,0.0,2,6138,买盘
10:53:37,30.69,0.0,41,125813,买盘
10:53:39,30.69,0.0,48,147292,买盘
10:53:43,30.68,-0.01,140,429640,卖盘
10:53:46,30.68,0.0,24,73652,卖盘
10:53:49,30.69,0.01,29,88978,买盘
10:53:52,30.69,0.0,332,1018894,买盘
10:53:55,30.69,0.0,82,251599,买盘
10:53:59,30.68,-0.01,253,776460,卖盘
10:54:01,30.69,0.01,20,61380,中性盘
10:54:05,30.69,0.0,7,21483,卖盘
10:54:08,30.69,0.0,20,61381,卖盘
10:54:11,30.69,0.0,15,46035,卖盘
10:54:13,30.69,0.0,105,322245,卖盘
10:54:16,30.7,0.01,1,3070,买盘
10:54:20,30.69,-0.01,46,141161,买盘
10:54:23,30.7,0.01,20,61381,买盘
10:54:24,30.68,-0.02,79,242390,卖盘
10:54:27,30.69,0.01,33,101273,买盘
10:54:32,30.69,0.0,19,58307,买盘
10:54:35,30.67,-0.02,113,346713,卖盘
10:54:38,30.67,0.0,3040,9317238,卖盘
10:54:39,30.67,0.0,99,303678,买盘
10:54:44,30.67,0.0,25,76652,买盘
10:54:47,30.62,-0.05,51,156291,卖盘
10:54:50,30.64,0.02,137,419567,中性盘
10:54:53,30.62,-0.02,97,297016,卖盘
10:54:55,30.62,0.0,127,388884,卖盘
10:54:59,30.63,0.01,136,416472,买盘
10:55:02,30.63,0.0,20,61260,买盘
10:55:05,30.62,-0.01,141,431744,卖盘
10:55:08,30.62,0.0,61,186789,卖盘
10:55:09,30.63,0.01,243,745558,买盘
10:55:14,30.62,-0.01,214,655090,中性盘
10:55:17,30.61,-0.01,121,370487,卖盘
10:55:20,30.63,0.02,179,547967,买盘
10:55:22,30.62,-0.01,99,303106,中性盘
10:55:26,30.61,-0.01,59,180618,卖盘
10:55:29,30.61,0.0,69,211214,卖盘
10:55:32,30.62,0.01,236,722502,买盘
10:55:35,30.63,0.01,47,143885,买盘
10:55:38,30.63,0.0,24,73491,买盘
10:55:41,30.61,-0.02,649,1986753,卖盘
10:55:44,30.61,0.0,79,241819,买盘
10:55:47,30.6,-0.01,86,263244,卖盘
10:55:50,30.61,0.01,28,85705,买盘
10:55:53,30.61,0.0,105,321385,买盘
10:55:56,30.6,-0.01,652,1996490,卖盘
10:55:58,30.6,0.0,35,107109,卖盘
10:56:02,30.61,0.01,155,474453,卖盘
10:56:03,30.61,0.0,10,30610,卖盘
10:56:08,30.62,0.01,30,91849,中性盘
10:56:11,30.62,0.0,14,42864,买盘
10:56:14,30.62,0.0,53,162316,买盘
10:56:17,30.62,0.0,109,333760,卖盘
10:56:18,30.62,0.0,38,116356,卖盘
10:56:22,30.62,0.0,8,24496,卖盘
10:56:26,30.62,0.0,314,961355,卖盘
10:56:29,30.62,0.0,75,229588,卖盘
10:56:32,30.62,0.0,10,30616,买盘
10:56:35,30.62,0.0,36,110209,买盘
10:56:38,30.62,0.0,89,272454,买盘
10:56:41,30.62,0.0,58,177595,买盘
10:56:42,30.62,0.0,294,900191,买盘
10:56:47,30.61,-0.01,56,171420,卖盘
10:56:50,30.62,0.01,286,875454,买盘
10:56:53,30.61,-0.01,483,1478640,卖盘
10:56:56,30.62,0.01,54,165297,买盘
10:56:59,30.62,0.0,4,12245,买盘
10:57:02,30.61,-0.01,20,61234,卖盘
10:57:05,30.62,0.01,90,275494,买盘
10:57:08,30.61,-0.01,12,36742,卖盘
10:57:11,30.62,0.01,203,621389,买盘
10:57:17,30.62,0.0,29,88785,买盘
10:57:20,30.62,0.0,300,918304,买盘
10:57:23,30.62,0.0,77,235703,买盘
10:57:26,30.61,-0.01,41,125501,卖盘
10:57:29,30.61,0.0,246,753049,卖盘
10:57:32,30.62,0.01,200,612394,买盘
10:57:35,30.62,0.0,45,137749,买盘
10:57:38,30.61,-0.01,12,36732,卖盘
10:57:39,30.62,0.01,2,6124,买盘
10:57:44,30.62,0.0,82,251079,买盘
10:57:47,30.61,-0.01,169,517318,卖盘
10:57:50,30.62,0.01,211,645874,买盘
10:57:53,30.62,0.0,1,3062,买盘
10:57:56,30.61,-0.01,62,189807,卖盘
10:57:59,30.61,0.0,10,30610,卖盘
10:58:02,30.62,0.01,36,110213,买盘
10:58:05,30.62,0.0,32,97984,买盘
10:58:08,30.61,-0.01,17,52039,卖盘
10:58:11,30.61,0.0,174,532614,卖盘
10:58:14,30.61,0.0,383,1172363,买盘
10:58:17,30.61,0.0,185,566286,买盘
10:58:20,30.61,0.0,83,254068,卖盘
10:58:23,30.61,0.0,193,590773,卖盘
10:58:26,30.61,0.0,97,296932,卖盘
10:58:29,30.61,0.0,197,603017,卖盘
10:58:32,30.62,0.01,4,12248,买盘
10:58:35,30.61,-0.01,139,425480,卖盘
10:58:38,30.61,0.0,8,24493,卖盘
10:58:41,30.61,0.0,168,514260,卖盘
10:58:44,30.61,0.0,102,312258,卖盘
10:58:45,30.62,0.01,98,300019,买盘
10:58:48,30.61,-0.01,64,195904,卖盘
10:58:53,30.61,0.0,7,21427,买盘
10:58:54,30.61,0.0,73,223389,买盘
10:58:59,30.61,0.0,28,85707,买盘
10:59:00,30.61,0.0,56,171367,买盘
10:59:03,30.61,0.0,128,391792,买盘
10:59:08,30.61,0.0,23,70384,买盘
10:59:11,30.6,-0.01,258,789495,卖盘
10:59:14,30.61,0.01,47,143862,买盘
10:59:17,30.61,0.0,130,397826,买盘
10:59:20,30.61,0.0,130,397820,买盘
10:59:22,30.61,0.0,9,27548,买盘
10:59:26,30.6,-0.01,113,345820,卖盘
10:59:29,30.61,0.01,308,942507,买盘
10:59:30,30.61,0.0,13,39791,买盘
10:59:35,30.61,0.0,37,113257,买盘
10:59:38,30.61,0.0,111,339734,买盘
10:59:41,30.61,0.0,22,67322,买盘
10:59:44,30.6,-0.01,40,122438,卖盘
10:59:47,30.61,0.01,1,3061,买盘
10:59:50,30.6,-0.01,254,777285,卖盘
10:59:53,30.61,0.01,7,21424,买盘
10:59:56,30.61,0.0,161,492775,买盘
10:59:59,30.6,-0.01,49,149964,卖盘
11:00:02,30.6,0.0,28,85695,卖盘
11:00:05,30.61,0.01,288,881331,买盘
11:00:08,30.6,-0.01,55,168335,卖盘
11:00:11,30.61,0.01,505,1545564,买盘
11:00:12,30.61,0.0,21,64276,买盘
11:00:17,30.61,0.0,10,30607,买盘
11:00:19,30.6,-0.01,53,162203,卖盘
11:00:23,30.61,0.01,4,12242,买盘
11:00:24,30.61,0.0,73,223401,买盘
11:00:27,30.6,-0.01,572,1750326,卖盘
11:00:32,30.61,0.01,67,205069,买盘
11:00:35,30.6,-0.01,3,9180,卖盘
11:00:38,30.61,0.01,22,67340,买盘
11:00:41,30.61,0.0,123,376410,买盘
11:00:44,30.6,-0.01,11,33669,卖盘
11:00:47,30.6,0.0,464,1419868,卖盘
11:00:50,30.6,0.0,236,722184,卖盘
11:00:53,30.6,0.0,10,30607,卖盘
11:00:56,30.6,0.0,72,220335,卖盘
11:00:59,30.61,0.01,55,168351,买盘
11:01:02,30.61,0.0,163,498781,买盘
11:01:05,30.6,-0.01,138,422295,卖盘
11:01:08,30.61,0.01,13,39789,买盘
11:01:11,30.6,-0.01,1006,3078360,卖盘
11:01:14,30.61,0.01,24,73464,买盘
11:01:17,30.6,-0.01,109,333568,卖盘
11:01:20,30.6,0.0,47,143829,买盘
11:01:23,30.6,0.0,15,45900,卖盘
11:01:26,30.61,0.01,39,119343,买盘
11:01:29,30.59,-0.02,407,1245124,卖盘
11:01:32,30.59,0.0,5,15299,卖盘
11:01:35,30.6,0.01,32,97920,买盘
11:01:38,30.59,-0.01,946,2894311,卖盘
11:01:41,30.59,0.0,24,73417,卖盘
11:01:44,30.59,0.0,55,167756,卖盘
11:01:47,30.58,-0.01,15,45883,卖盘
11:01:50,30.59,0.01,7,21413,买盘
11:01:53,30.58,-0.01,58,177410,卖盘
11:01:56,30.58,0.0,119,363917,卖盘
11:01:59,30.59,0.01,1,3059,买盘
11:02:02,30.58,-0.01,158,483246,卖盘
11:02:05,30.59,0.01,88,269134,买盘
11:02:08,30.58,-0.01,215,657470,卖盘
11:02:11,30.58,0.0,9,27522,卖盘
11:02:14,30.58,0.0,109,333340,卖盘
11:02:17,30.59,0.01,20,61169,买盘
11:02:20,30.58,-0.01,141,431178,卖盘
11:02:23,30.58,0.0,678,2073962,卖盘
11:02:26,30.58,0.0,73,223257,卖盘
11:02:29,30.59,0.01,1022,3125344,买盘
11:02:32,30.58,-0.01,32,97868,卖盘
11:02:35,30.58,0.0,29,88686,卖盘
11:02:37,30.59,0.01,115,351752,买盘
11:02:39,30.59,0.0,193,590221,买盘
11:02:44,30.58,-0.01,152,465867,卖盘
11:02:47,30.59,0.01,11,33646,买盘
11:02:50,30.59,0.0,242,740046,买盘
11:02:53,30.59,0.0,21,64228,买盘
11:02:56,30.58,-0.01,53,162086,卖盘
11:02:59,30.59,0.01,28,85648,买盘
11:03:02,30.58,-0.01,8,24465,卖盘
11:03:05,30.59,0.01,1529,4675207,买盘
11:03:07,30.58,-0.01,959,2931594,卖盘
11:03:11,30.58,0.0,284,868343,买盘
11:03:14,30.58,0.0,12,36696,买盘
11:03:17,30.58,0.0,46,140668,买盘
11:03:18,30.58,0.0,157,479989,买盘
11:03:22,30.58,0.0,2,6116,买盘
11:03:26,30.57,-0.01,102,311846,卖盘
11:03:29,30.57,0.0,125,382132,卖盘
11:03:32,30.58,0.01,37,113112,买盘
11:03:35,30.57,-0.01,60,183451,卖盘
11:03:38,30.57,0.0,13,39743,卖盘
11:03:41,30.57,0.0,153,467774,卖盘
11:03:44,30.56,-0.01,1307,3995020,卖盘
11:03:47,30.58,0.02,24,73371,买盘
11:03:49,30.56,-0.02,65,198662,卖盘
11:03:53,30.57,0.01,133,406490,买盘
11:03:56,30.56,-0.01,48,146692,卖盘
11:03:59,30.57,0.01,53,162001,买盘
11:04:02,30.57,0.0,234,715309,买盘
11:04:05,30.57,0.0,74,226193,买盘
11:04:08,30.56,-0.01,403,1232103,卖盘
11:04:11,30.57,0.01,42,128392,买盘
11:04:14,30.57,0.0,161,492055,卖盘
11:04:17,30.58,0.01,11,33628,买盘
11:04:20,30.57,-0.01,138,421866,卖盘
11:04:23,30.57,0.0,175,534975,卖盘
11:04:27,30.57,0.0,54,165083,卖盘
11:04:29,30.57,0.0,7,21399,卖盘
11:04:31,30.57,0.0,37,113128,卖盘
11:04:34,30.58,0.01,85,259885,买盘
11:04:38,30.58,0.0,40,122282,买盘
11:04:41,30.58,0.0,241,736872,买盘
11:04:42,30.58,0.0,104,317980,买盘
11:04:47,30.58,0.0,60,183425,买盘
11:04:48,30.58,0.0,22,67273,买盘
11:04:53,30.58,0.0,11,33638,买盘
11:04:56,30.58,0.0,84,256830,买盘
11:04:57,30.58,0.0,42,128431,买盘
11:05:02,30.58,0.0,444,1355701,买盘
11:05:05,30.58,0.0,24,73375,买盘
11:05:08,30.58,0.0,52,159003,买盘
11:05:11,30.57,-0.01,106,324080,卖盘
11:05:14,30.58,0.01,16,48925,买盘
11:05:16,30.58,0.0,118,360841,买盘
11:05:20,30.58,0.0,51,155950,买盘
11:05:23,30.58,0.0,25,76447,买盘
11:05:24,30.58,0.0,192,587136,买盘
11:05:29,30.59,0.01,52,159068,买盘
11:05:30,30.59,0.0,26,79510,买盘
11:05:35,30.59,0.0,96,293647,买盘
11:05:38,30.59,0.0,135,412965,买盘
11:05:41,30.59,0.0,161,492492,买盘
11:05:42,30.59,0.0,46,140707,买盘
11:05:47,30.59,0.0,101,308949,买盘
11:05:50,30.59,0.0,135,412964,买盘
11:05:53,30.59,0.0,82,250838,卖盘
11:05:56,30.6,0.01,125,382387,买盘
11:05:59,30.59,-0.01,3,9178,卖盘
11:06:02,30.6,0.01,226,691477,买盘
11:06:05,30.6,0.0,214,654910,卖盘
11:06:08,30.6,0.0,182,557190,卖盘
11:06:11,30.62,0.02,66,202092,买盘
11:06:14,30.6,-0.02,125,382505,卖盘
11:06:17,30.61,0.01,152,465268,买盘
11:06:23,30.6,-0.01,192,587744,卖盘
11:06:26,30.6,0.0,36,110162,卖盘
11:06:27,30.61,0.01,6,18362,中性盘
11:06:30,30.62,0.01,10,30612,买盘
11:06:33,30.62,0.0,217,664442,买盘
11:06:38,30.62,0.0,12,36744,卖盘
11:06:41,30.6,-0.02,129,394807,卖盘
11:06:44,30.62,0.02,60,183720,买盘
11:06:47,30.62,0.0,70,214340,买盘
11:06:50,30.62,0.0,41,125539,买盘
11:06:53,30.62,0.0,183,560323,买盘
11:06:56,30.62,0.0,285,872633,买盘
11:06:59,30.61,-0.01,83,254141,卖盘
11:07:02,30.62,0.01,15,45926,买盘
11:07:05,30.62,0.0,67,205154,买盘
11:07:08,30.65,0.03,44,134860,买盘
11:07:11,30.62,-0.03,6,18372,卖盘
11:07:14,30.62,0.0,2,6124,卖盘
11:07:17,30.63,0.01,10,30628,买盘
11:07:20,30.63,0.0,6,18377,买盘
11:07:23,30.62,-0.01,15,45941,卖盘
11:07:26,30.63,0.01,64,195991,买盘
11:07:29,30.63,0.0,18,55134,买盘
11:07:30,30.63,0.0,86,263404,买盘
11:07:35,30.62,-0.01,129,395118,卖盘
11:07:38,30.63,0.01,25,76560,买盘
11:07:41,30.63,0.0,154,471702,买盘
11:07:44,30.62,-0.01,22,67381,卖盘
11:07:47,30.63,0.01,66,202158,买盘
11:07:48,30.63,0.0,20,61258,买盘
11:07:53,30.63,0.0,10,30630,买盘
11:07:54,30.64,0.01,45,137830,买盘
11:07:59,30.64,0.0,7,21444,买盘
11:08:02,30.64,0.0,65,199096,买盘
11:08:05,30.64,0.0,12,36768,买盘
11:08:08,30.64,0.0,15,45951,买盘
11:08:10,30.64,0.0,22,67403,买盘
11:08:14,30.63,-0.01,96,294030,卖盘
11:08:17,30.63,0.0,18,55136,卖盘
11:08:20,30.63,0.0,12,36756,买盘
11:08:23,30.62,-0.01,118,361385,卖盘
11:08:26,30.62,0.0,57,174554,卖盘
11:08:29,30.64,0.02,25,76572,买盘
11:08:32,30.63,-0.01,84,257271,卖盘
11:08:35,30.63,0.0,39,119486,卖盘
11:08:38,30.63,0.0,2,6126,卖盘
11:08:41,30.63,0.0,110,336935,卖盘
11:08:44,30.65,0.02,246,753732,买盘
11:08:50,30.64,-0.01,12,36777,卖盘
11:08:53,30.64,0.0,10,30647,卖盘
11:08:56,30.65,0.01,44,134822,买盘
11:08:59,30.64,-0.01,9,27582,卖盘
11:09:02,30.65,0.01,205,628265,买盘
11:09:03,30.65,0.0,9,27574,买盘
11:09:08,30.64,-0.01,154,472008,卖盘
11:09:09,30.64,0.0,3,9192,卖盘
11:09:14,30.64,0.0,30,91925,卖盘
11:09:17,30.64,0.0,47,144018,卖盘
11:09:20,30.65,0.01,216,661963,买盘
11:09:23,30.64,-0.01,32,98047,买盘
11:09:26,30.63,-0.01,36,110268,卖盘
11:09:29,30.63,0.0,51,156213,卖盘
11:09:30,30.63,0.0,55,168478,买盘
11:09:34,30.63,0.0,3,9189,卖盘
11:09:38,30.64,0.01,2,6128,买盘
11:09:41,30.64,0.0,37,113364,买盘
11:09:44,30.64,0.0,43,131752,买盘
11:09:47,30.63,-0.01,79,241988,卖盘
11:09:50,30.64,0.01,38,116432,买盘
11:09:53,30.64,0.0,105,321719,买盘
11:09:56,30.64,0.0,340,1041425,买盘
11:09:57,30.65,0.01,5,15325,买盘
11:10:02,30.64,-0.01,44,134836,卖盘
11:10:05,30.65,0.01,1,3065,买盘
11:10:08,30.65,0.0,20,61285,买盘
11:10:11,30.65,0.0,51,156315,买盘
11:10:14,30.65,0.0,184,563905,买盘
11:10:17,30.65,0.0,5,15329,卖盘
11:10:19,30.65,0.0,62,190030,卖盘
11:10:23,30.66,0.01,114,349524,买盘
11:10:26,30.66,0.0,36,110376,卖盘
11:10:29,30.66,0.0,7,21463,卖盘
11:10:32,30.67,0.01,7,21469,买盘
11:10:35,30.67,0.0,105,322025,买盘
11:10:37,30.67,0.0,15,45996,买盘
11:10:41,30.67,0.0,12,36801,买盘
11:10:42,30.66,-0.01,98,300541,卖盘
11:10:47,30.66,0.0,50,153335,卖盘
11:10:50,30.67,0.01,96,294432,买盘
11:10:52,30.67,0.0,6,18402,卖盘
11:10:56,30.67,0.0,61,187089,卖盘
11:10:59,30.68,0.01,4,12272,买盘
11:11:02,30.68,0.0,218,668820,买盘
11:11:05,30.69,0.01,48,147269,买盘
11:11:08,30.68,-0.01,3,9204,卖盘
11:11:11,30.69,0.01,7,21483,买盘
11:11:14,30.69,0.0,5,15342,买盘
11:11:20,30.68,-0.01,216,662877,卖盘
11:11:23,30.68,0.0,43,131919,买盘
11:11:25,30.68,0.0,40,122681,买盘
11:11:27,30.68,0.0,8,24542,买盘
11:11:31,30.68,0.0,224,687232,买盘
11:11:33,30.68,0.0,8,24544,卖盘
11:11:37,30.69,0.01,20,61372,买盘
11:11:40,30.68,-0.01,18,55235,卖盘
11:11:44,30.69,0.01,136,417384,买盘
11:11:47,30.7,0.01,8,24554,买盘
11:11:50,30.7,0.0,12,36830,买盘
11:11:53,30.7,0.0,250,767500,买盘
11:11:56,30.69,-0.01,47,144253,卖盘
11:11:58,30.69,0.0,102,313040,卖盘
11:12:01,30.7,0.01,112,343803,买盘
11:12:05,30.7,0.0,11,33770,买盘
11:12:08,30.7,0.0,8,24560,卖盘
11:12:11,30.7,0.0,2,6140,卖盘
11:12:14,30.7,0.0,107,328492,卖盘
11:12:17,30.71,0.01,158,485216,买盘
11:12:20,30.68,-0.03,58,177999,卖盘
11:12:23,30.69,0.01,10,30690,买盘
11:12:24,30.69,0.0,37,113517,买盘
11:12:29,30.68,-0.01,39,119659,卖盘
11:12:32,30.68,0.0,35,107386,卖盘
11:12:35,30.68,0.0,26,79787,卖盘
11:12:38,30.69,0.01,26,79791,买盘
11:12:41,30.68,-0.01,9,27616,卖盘
11:12:44,30.68,0.0,44,135033,卖盘
11:12:47,30.68,0.0,128,392817,卖盘
11:12:50,30.68,0.0,30,92040,卖盘
11:12:53,30.68,0.0,36,110476,卖盘
11:12:56,30.68,0.0,74,227033,卖盘
11:12:59,30.68,0.0,9,27618,卖盘
11:13:01,30.67,-0.01,88,269979,卖盘
11:13:03,30.68,0.01,27,82836,中性盘
11:13:08,30.69,0.01,32,98186,买盘
11:13:11,30.68,-0.01,24,73632,卖盘
11:13:14,30.68,0.0,6,18409,卖盘
11:13:17,30.68,0.0,12,36816,买盘
11:13:20,30.69,0.01,141,432712,买盘
11:13:26,30.69,0.0,48,147267,买盘
11:13:28,30.68,-0.01,16,49091,卖盘
11:13:32,30.69,0.01,10,30690,买盘
11:13:35,30.69,0.0,1,3069,买盘
11:13:38,30.69,0.0,87,266919,买盘
11:13:41,30.69,0.0,119,365153,买盘
11:13:44,30.69,0.0,67,205623,买盘
11:13:47,30.69,0.0,55,168792,买盘
11:13:50,30.69,0.0,43,131967,卖盘
11:13:53,30.68,-0.01,192,589079,卖盘
11:13:56,30.7,0.02,40,122728,买盘
11:13:59,30.69,-0.01,17,52176,中性盘
11:14:02,30.69,0.0,25,76725,卖盘
11:14:05,30.68,-0.01,10,30681,卖盘
11:14:07,30.68,0.0,16,49099,卖盘
11:14:10,30.68,0.0,88,270006,卖盘
11:14:14,30.68,0.0,48,147275,卖盘
11:14:20,30.68,0.0,19,58292,卖盘
11:14:23,30.68,0.0,18,55228,卖盘
11:14:26,30.68,0.0,98,300715,卖盘
11:14:28,30.69,0.01,10,30688,买盘
11:14:31,30.68,-0.01,17,52156,卖盘
11:14:35,30.69,0.01,8,24547,买盘
11:14:38,30.68,-0.01,7,21477,卖盘
11:14:41,30.69,0.01,66,202520,买盘
11:14:44,30.69,0.0,126,386635,买盘
11:14:50,30.67,-0.02,90,276044,卖盘
11:14:53,30.67,0.0,7,21469,卖盘
11:14:55,30.68,0.01,98,300577,买盘
11:14:59,30.67,-0.01,16,49079,卖盘
11:15:02,30.67,0.0,43,131881,卖盘
11:15:05,30.68,0.01,11,33740,买盘
11:15:08,30.66,-0.02,17,52122,卖盘
11:15:11,30.67,0.01,10,30670,买盘
11:15:17,30.67,0.0,35,107342,买盘
11:15:20,30.67,0.0,23,70541,买盘
11:15:23,30.67,0.0,5,15335,买盘
11:15:26,30.67,0.0,123,377133,买盘
11:15:29,30.66,-0.01,159,487528,卖盘
11:15:31,30.66,0.0,10,30660,买盘
11:15:35,30.66,0.0,8,24528,买盘
11:15:37,30.66,0.0,9,27591,买盘
11:15:41,30.65,-0.01,70,214596,卖盘
11:15:44,30.64,-0.01,558,1710231,卖盘
11:15:47,30.64,0.0,89,272769,卖盘
11:15:50,30.65,0.01,6,18386,买盘
11:15:53,30.65,0.0,12,36771,买盘
11:15:55,30.63,-0.02,171,523812,卖盘
11:15:59,30.62,-0.01,8,24498,卖盘
11:16:01,30.62,0.0,18,55118,卖盘
11:16:05,30.63,0.01,28,85758,买盘
11:16:08,30.63,0.0,158,483948,买盘
11:16:11,30.63,0.0,81,248095,中性盘
11:16:14,30.63,0.0,35,107206,卖盘
11:16:17,30.62,-0.01,178,545091,卖盘
11:16:20,30.62,0.0,36,110269,卖盘
11:16:23,30.64,0.02,18,55143,买盘
11:16:26,30.63,-0.01,36,110268,卖盘
11:16:29,30.64,0.01,37,113342,买盘
11:16:32,30.63,-0.01,8,24504,卖盘
11:16:34,30.64,0.01,227,695769,买盘
11:16:38,30.63,-0.01,32,98016,卖盘
11:16:41,30.63,0.0,23,69993,卖盘
11:16:44,30.63,0.0,154,471702,买盘
11:16:47,30.63,0.0,73,224060,卖盘
11:16:49,30.63,0.0,101,309341,卖盘
11:16:53,30.63,0.0,16,48548,卖盘
11:16:56,30.64,0.01,73,224051,买盘
11:16:59,30.63,-0.01,217,664211,卖盘
11:17:02,30.63,0.0,59,181173,买盘
11:17:05,30.63,0.0,63,192503,卖盘
11:17:07,30.63,0.0,72,220996,买盘
11:17:11,30.63,0.0,48,147024,卖盘
11:17:14,30.63,0.0,10,30630,卖盘
11:17:17,30.63,0.0,59,180717,卖盘
11:17:20,30.63,0.0,29,88828,中性盘
11:17:23,30.64,0.01,95,290986,买盘
11:17:26,30.64,0.0,75,229719,买盘
11:17:29,30.63,-0.01,3,9189,卖盘
11:17:32,30.63,0.0,24,73528,卖盘
11:17:35,30.63,0.0,37,113332,卖盘
11:17:38,30.63,0.0,5,15316,卖盘
11:17:41,30.62,-0.01,148,453260,卖盘
11:17:44,30.63,0.01,39,119457,买盘
11:17:46,30.63,0.0,241,738007,买盘
11:17:50,30.62,-0.01,26,79631,卖盘
11:17:53,30.63,0.01,28,85758,买盘
11:17:56,30.62,-0.01,44,134729,卖盘
11:17:59,30.63,0.01,35,107205,买盘
11:18:02,30.63,0.0,13,39814,买盘
11:18:04,30.63,0.0,165,505395,买盘
11:18:08,30.63,0.0,55,168465,买盘
11:18:10,30.63,0.0,34,104138,买盘
11:18:13,30.63,0.0,45,137798,买盘
11:18:17,30.63,0.0,1,3063,买盘
11:18:20,30.62,-0.01,78,238877,卖盘
11:18:23,30.63,0.01,10,30623,买盘
11:18:26,30.63,0.0,87,266444,买盘
11:18:29,30.63,0.0,118,361434,买盘
11:18:32,30.62,-0.01,7,21436,卖盘
11:18:35,30.63,0.01,91,278728,买盘
11:18:38,30.64,0.01,6,18379,买盘
11:18:41,30.63,-0.01,16,49008,卖盘
11:18:44,30.63,0.0,49,150124,卖盘
11:18:47,30.64,0.01,8,24509,买盘
11:18:50,30.63,-0.01,52,159326,卖盘
11:18:53,30.63,0.0,82,251225,卖盘
11:18:56,30.64,0.01,72,220558,买盘
11:18:59,30.64,0.0,8,24512,买盘
11:19:02,30.64,0.0,58,177710,买盘
11:19:08,30.65,0.01,10,30646,买盘
11:19:11,30.65,0.0,3,9195,买盘
11:19:14,30.66,0.01,30,91942,买盘
11:19:17,30.65,-0.01,5,15327,卖盘
11:19:20,30.65,0.0,16,49040,卖盘
11:19:23,30.66,0.01,4,12264,买盘
11:19:26,30.65,-0.01,54,165544,卖盘
11:19:29,30.69,0.04,163,500095,买盘
11:19:32,30.69,0.0,9,27621,卖盘
11:19:38,30.69,0.0,45,138105,卖盘
11:19:43,30.66,-0.03,48,147300,卖盘
11:19:47,30.69,0.03,17,52175,买盘
11:19:50,30.74,0.05,853,2620335,买盘
11:19:53,30.69,-0.05,29,88989,中性盘
11:19:55,30.72,0.03,41,125879,买盘
11:19:59,30.69,-0.03,13,39907,卖盘
11:20:01,30.7,0.01,27,82893,中性盘
11:20:05,30.72,0.02,14,43008,买盘
11:20:08,30.71,-0.01,5,15355,中性盘
11:20:11,30.72,0.01,8,24573,买盘
11:20:13,30.72,0.0,15,46071,买盘
11:20:20,30.72,0.0,10,30716,买盘
11:20:22,30.69,-0.03,401,1231280,卖盘
11:20:26,30.68,-0.01,32,98186,卖盘
11:20:29,30.67,-0.01,85,260812,卖盘
11:20:32,30.67,0.0,11,33742,卖盘
11:20:35,30.68,0.01,23,70545,中性盘
11:20:38,30.69,0.01,11,33759,买盘
11:20:41,30.69,0.0,72,220919,买盘
11:20:43,30.67,-0.02,21,64437,卖盘
11:20:47,30.67,0.0,30,92013,卖盘
11:20:50,30.66,-0.01,52,160112,卖盘
11:20:52,30.67,0.01,8,24542,中性盘
11:20:55,30.67,0.0,27,82799,卖盘
11:20:59,30.67,0.0,11,33737,买盘
11:21:02,30.68,0.01,753,2309952,买盘
11:21:05,30.68,0.0,33,101266,卖盘
11:21:08,30.68,0.0,115,352816,卖盘
11:21:11,30.67,-0.01,19,58273,卖盘
11:21:14,30.67,0.0,1,3067,买盘
11:21:16,30.66,-0.01,59,180916,卖盘
11:21:20,30.67,0.01,33,101211,买盘
11:21:23,30.71,0.04,162,497317,买盘
11:21:26,30.67,-0.04,43,131881,卖盘
11:21:29,30.67,0.0,12,36811,卖盘
11:21:31,30.67,0.0,29,88943,卖盘
11:21:34,30.67,0.0,17,52139,买盘
11:21:38,30.67,0.0,14,42938,买盘
11:21:41,30.67,0.0,16,49068,买盘
11:21:44,30.67,0.0,209,641792,买盘
11:21:47,30.67,0.0,2,6134,卖盘
11:21:50,30.67,0.0,18,55258,卖盘
11:21:52,30.67,0.0,54,165642,卖盘
11:21:55,30.73,0.06,11,33773,买盘
11:21:59,30.71,-0.02,4,12284,买盘
11:22:02,30.67,-0.04,25,76675,卖盘
11:22:05,30.67,0.0,2,6134,买盘
11:22:08,30.67,0.0,10,30670,买盘
11:22:10,30.67,0.0,18,55206,买盘
11:22:13,30.66,-0.01,145,444607,卖盘
11:22:16,30.67,0.01,58,177886,买盘
11:22:20,30.67,0.0,77,236159,卖盘
11:22:23,30.67,0.0,154,472628,买盘
11:22:26,30.69,0.02,5,15337,中性盘
11:22:29,30.65,-0.04,318,974328,卖盘
11:22:31,30.65,0.0,147,450555,买盘
11:22:35,30.66,0.01,60,184519,买盘
11:22:41,30.67,0.01,26,79716,买盘
11:22:43,30.67,0.0,1,3067,卖盘
11:22:46,30.69,0.02,5,15337,买盘
11:22:50,30.64,-0.05,457,1400694,卖盘
11:22:53,30.64,0.0,37,113368,买盘
11:22:56,30.64,0.0,184,563737,买盘
11:22:59,30.64,0.0,106,324780,买盘
11:23:01,30.64,0.0,253,775006,买盘
11:23:05,30.64,0.0,135,413640,买盘
11:23:07,30.66,0.02,32,98064,卖盘
11:23:11,30.67,0.01,11,33737,买盘
11:23:14,30.65,-0.02,22,67450,卖盘
11:23:17,30.66,0.01,27,82776,买盘
11:23:20,30.64,-0.02,19,58216,卖盘
11:23:23,30.67,0.03,9,27593,买盘
11:23:26,30.68,0.01,41,125668,买盘
11:23:29,30.69,0.01,19,58291,买盘
11:23:32,30.68,-0.01,15,46012,卖盘
11:23:34,30.67,-0.01,12,36806,卖盘
11:23:37,30.67,0.0,28,85899,卖盘
11:23:41,30.67,0.0,4,12268,卖盘
11:23:43,30.69,0.02,38,116589,买盘
11:23:49,30.69,0.0,111,340418,买盘
11:23:53,30.69,0.0,6,18414,卖盘
11:23:56,30.68,-0.01,41,125790,卖盘
11:23:59,30.7,0.02,14,42959,买盘
11:24:02,30.71,0.01,81,248666,买盘
11:24:05,30.69,-0.02,84,257796,卖盘
11:24:10,30.69,0.0,11,33759,买盘
11:24:14,30.68,-0.01,25,76716,卖盘
11:24:17,30.68,0.0,56,171850,卖盘
11:24:20,30.68,0.0,21,64433,卖盘
11:24:23,30.68,0.0,26,79775,卖盘
11:24:26,30.69,0.01,51,156446,买盘
11:24:29,30.68,-0.01,6,18408,卖盘
11:24:32,30.69,0.01,32,98190,买盘
11:24:35,30.68,-0.01,18,55786,卖盘
11:24:37,30.68,0.0,4,12272,卖盘
11:24:41,30.69,0.01,200,613772,买盘
11:24:44,30.7,0.01,1,3070,买盘
11:24:47,30.69,-0.01,504,1546651,卖盘
11:24:50,30.7,0.01,10,30690,买盘
11:24:52,30.69,-0.01,6,18414,卖盘
11:24:56,30.68,-0.01,44,135010,卖盘
11:24:59,30.68,0.0,15,46020,买盘
11:25:02,30.67,-0.01,34,104293,卖盘
11:25:08,30.68,0.01,34,104294,买盘
11:25:10,30.68,0.0,20,61356,买盘
11:25:13,30.67,-0.01,76,233125,卖盘
11:25:17,30.68,0.01,71,217823,买盘
11:25:20,30.67,-0.01,7,21469,卖盘
11:25:22,30.68,0.01,1,3068,买盘
11:25:26,30.68,0.0,70,214700,买盘
11:25:29,30.66,-0.02,398,1219528,卖盘
11:25:32,30.67,0.01,11,33727,买盘
11:25:35,30.65,-0.02,29,88896,卖盘
11:25:38,30.68,0.03,140,429365,买盘
11:25:41,30.65,-0.03,34,104210,中性盘
11:25:44,30.65,0.0,38,116500,买盘
11:25:47,30.65,0.0,10,30650,卖盘
11:25:50,30.65,0.0,580,1777312,卖盘
11:25:53,30.65,0.0,26,79681,卖盘
11:25:56,30.65,0.0,99,303395,买盘
11:25:58,30.65,0.0,25,76625,买盘
11:26:02,30.64,-0.01,60,183886,卖盘
11:26:05,30.65,0.01,56,171637,中性盘
11:26:08,30.65,0.0,6,18390,买盘
11:26:11,30.64,-0.01,40,122590,卖盘
11:26:13,30.65,0.01,67,205355,买盘
11:26:17,30.65,0.0,24,73560,卖盘
11:26:20,30.65,0.0,11,33716,卖盘
11:26:23,30.66,0.01,84,257536,买盘
11:26:25,30.68,0.02,106,325109,买盘
11:26:29,30.66,-0.02,5,15330,中性盘
11:26:32,30.66,0.0,5,15330,卖盘
11:26:34,30.66,0.0,5,15330,卖盘
11:26:38,30.68,0.02,17,52124,买盘
11:26:41,30.68,0.0,9,27606,买盘
11:26:43,30.68,0.0,202,619736,买盘
11:26:47,30.68,0.0,15,46020,买盘
11:26:50,30.68,0.0,6,18403,买盘
11:26:53,30.66,-0.02,41,125718,卖盘
11:26:56,30.67,0.01,914,2804656,中性盘
11:27:01,30.68,0.01,20,61360,卖盘
11:27:05,30.69,0.01,4,12276,买盘
11:27:08,30.69,0.0,31,95139,买盘
11:27:11,30.7,0.01,702,2155096,买盘
11:27:14,30.7,0.0,107,328491,卖盘
11:27:17,30.71,0.01,53,162716,买盘
11:27:20,30.7,-0.01,16,49123,卖盘
11:27:23,30.7,0.0,27,82890,买盘
11:27:26,30.7,0.0,255,782714,买盘
11:27:29,30.71,0.01,18,55258,买盘
11:27:31,30.74,0.03,465,1428908,买盘
11:27:35,30.74,0.0,13,39963,卖盘
11:27:41,30.75,0.01,245,753173,买盘
11:27:44,30.71,-0.04,58,178338,卖盘
11:27:47,30.74,0.03,13,39967,买盘
11:27:49,30.74,0.0,29,89157,卖盘
11:27:53,30.74,0.0,47,144524,卖盘
11:27:55,30.75,0.01,76,233642,买盘
11:27:59,30.74,-0.01,8,24593,卖盘
11:28:02,30.75,0.01,116,356705,买盘
11:28:04,30.76,0.01,4,12301,买盘
11:28:08,30.75,-0.01,17,52275,卖盘
11:28:10,30.75,0.0,59,181445,买盘
11:28:14,30.74,-0.01,28,86080,卖盘
11:28:17,30.75,0.01,36,110700,买盘
11:28:20,30.76,0.01,6,18451,买盘
11:28:23,30.75,-0.01,11,33833,卖盘
11:28:26,30.76,0.01,92,282945,买盘
11:28:28,30.75,-0.01,6,18452,卖盘
11:28:31,30.75,0.0,3,9225,卖盘
11:28:35,30.75,0.0,55,169153,卖盘
11:28:37,30.76,0.01,23,70736,买盘
11:28:41,30.76,0.0,90,276830,买盘
11:28:44,30.75,-0.01,99,304510,卖盘
11:28:47,30.76,0.01,14,43057,买盘
11:28:50,30.75,-0.01,4,12300,卖盘
11:28:52,30.76,0.01,45,138417,买盘
11:28:56,30.76,0.0,135,415139,买盘
11:28:59,30.76,0.0,190,584396,买盘
11:29:02,30.75,-0.01,39,119925,卖盘
11:29:05,30.76,0.01,13,39983,买盘
11:29:08,30.76,0.0,44,135344,买盘
11:29:11,30.76,0.0,21,64596,买盘
11:29:14,30.76,0.0,27,83027,买盘
11:29:16,30.76,0.0,19,58434,买盘
11:29:20,30.74,-0.02,445,1368147,卖盘
11:29:23,30.73,-0.01,81,248990,卖盘
11:29:25,30.74,0.01,92,282802,买盘
11:29:29,30.74,0.0,21,64552,买盘
11:29:32,30.73,-0.01,7,21515,卖盘
11:29:35,30.73,0.0,16,49172,卖盘
11:29:38,30.75,0.02,4,12300,买盘
11:29:41,30.75,0.0,4,12300,买盘
11:29:44,30.74,-0.01,52,159884,卖盘
11:29:47,30.75,0.01,46,141447,买盘
11:29:53,30.75,0.0,10,30751,卖盘
11:29:56,30.74,-0.01,47,144514,卖盘
11:29:59,30.76,0.02,17,52285,买盘
11:30:02,30.74,-0.02,53,162925,卖盘
13:00:03,30.76,0.02,2320,7132118,买盘
13:00:06,30.75,-0.01,2000,6148963,卖盘
13:00:09,30.75,0.0,764,2348468,卖盘
13:00:12,30.74,-0.01,110,338157,卖盘
13:00:15,30.74,0.0,140,430147,买盘
13:00:17,30.74,0.0,334,1026622,买盘
13:00:21,30.73,-0.01,1041,3198918,中性盘
13:00:24,30.72,-0.01,142,436079,卖盘
13:00:27,30.72,0.0,1095,3362543,买盘
13:00:29,30.72,0.0,259,795294,买盘
13:00:33,30.7,-0.02,161,494368,卖盘
13:00:35,30.7,0.0,64,196511,卖盘
13:00:39,30.7,0.0,46,141224,卖盘
13:00:42,30.69,-0.01,72,221002,卖盘
13:00:44,30.68,-0.01,138,423645,卖盘
13:00:48,30.69,0.01,33,101274,中性盘
13:00:50,30.68,-0.01,260,797730,卖盘
13:00:54,30.69,0.01,130,398921,买盘
13:00:57,30.68,-0.01,25,76715,卖盘
13:01:00,30.69,0.01,39,119666,买盘
13:01:03,30.69,0.0,230,705738,买盘
13:01:06,30.69,0.0,80,245492,卖盘
13:01:09,30.69,0.0,316,969804,买盘
13:01:12,30.68,-0.01,25,76706,卖盘
13:01:15,30.69,0.01,96,294537,买盘
13:01:17,30.69,0.0,74,227079,买盘
13:01:21,30.66,-0.03,475,1456498,卖盘
13:01:24,30.66,0.0,87,266738,买盘
13:01:27,30.65,-0.01,35,107305,卖盘
13:01:29,30.66,0.01,12,36792,买盘
13:01:33,30.63,-0.03,1267,3882297,卖盘
13:01:35,30.65,0.02,719,2203099,买盘
13:01:39,30.65,0.0,101,309457,买盘
13:01:42,30.65,0.0,21,64361,买盘
13:01:45,30.64,-0.01,300,919122,中性盘
13:01:47,30.64,0.0,15,45961,卖盘
13:01:51,30.65,0.01,58,177735,买盘
13:01:54,30.66,0.01,65,199201,买盘
13:01:57,30.66,0.0,330,1011722,买盘
13:02:00,30.69,0.03,139,426206,买盘
13:02:02,30.68,-0.01,63,193210,买盘
13:02:06,30.67,-0.01,38,116524,中性盘
13:02:09,30.67,0.0,100,306622,卖盘
13:02:12,30.67,0.0,25,76666,买盘
13:02:15,30.66,-0.01,14,42937,卖盘
13:02:17,30.68,0.02,63,193204,买盘
13:02:20,30.67,-0.01,45,138046,卖盘
13:02:24,30.67,0.0,57,174835,卖盘
13:02:27,30.69,0.02,200,613302,买盘
13:02:29,30.68,-0.01,88,269902,买盘
13:02:32,30.65,-0.03,220,673653,卖盘
13:02:36,30.69,0.04,9,27617,买盘
13:02:39,30.68,-0.01,407,1248938,卖盘
13:02:42,30.71,0.03,330,1012838,买盘
13:02:45,30.7,-0.01,33,101310,卖盘
13:02:47,30.71,0.01,13,39921,买盘
13:02:51,30.71,0.0,79,241810,买盘
13:02:54,30.72,0.01,53,162797,买盘
13:02:57,30.71,-0.01,39,119872,卖盘
13:03:00,30.75,0.04,80,245956,买盘
13:03:02,30.71,-0.04,140,430334,卖盘
13:03:06,30.73,0.02,104,319728,买盘
13:03:09,30.73,0.0,40,122955,买盘
13:03:15,30.76,0.03,20,61499,卖盘
13:03:17,30.73,-0.03,139,427156,卖盘
13:03:21,30.74,0.01,24,73771,买盘
13:03:24,30.73,-0.01,36,110638,卖盘
13:03:27,30.74,0.01,37,113727,买盘
13:03:30,30.72,-0.02,226,694530,卖盘
13:03:32,30.74,0.02,38,116739,买盘
13:03:35,30.74,0.0,60,184419,卖盘
13:03:39,30.74,0.0,39,119876,买盘
13:03:42,30.72,-0.02,82,251942,卖盘
13:03:45,30.72,0.0,87,267261,买盘
13:03:47,30.74,0.02,103,316444,买盘
13:03:51,30.75,0.01,134,411940,买盘
13:03:54,30.76,0.01,35,107641,买盘
13:03:56,30.76,0.0,75,230691,买盘
13:04:00,30.76,0.0,108,332110,买盘
13:04:03,30.74,-0.02,123,378252,卖盘
13:04:05,30.77,0.03,50,153792,买盘
13:04:09,30.76,-0.01,4,12305,卖盘
13:04:12,30.77,0.01,12,36915,买盘
13:04:15,30.77,0.0,1,3077,买盘
13:04:18,30.77,0.0,96,295322,买盘
13:04:20,30.77,0.0,54,166135,买盘
13:04:24,30.77,0.0,84,258210,买盘
13:04:26,30.76,-0.01,56,172522,卖盘
13:04:30,30.75,-0.01,92,282982,卖盘
13:04:33,30.75,0.0,101,310609,卖盘
13:04:35,30.75,0.0,112,344400,卖盘
13:04:39,30.76,0.01,117,359790,买盘
13:04:42,30.75,-0.01,205,630430,卖盘
13:04:45,30.75,0.0,79,242994,中性盘
13:04:48,30.75,0.0,14,43050,买盘
13:04:50,30.74,-0.01,76,233624,卖盘
13:04:54,30.74,0.0,39,119886,买盘
13:04:57,30.75,0.01,138,424284,买盘
13:04:59,30.74,-0.01,158,485697,卖盘
13:05:03,30.74,0.0,67,205972,卖盘
13:05:05,30.75,0.01,24,73796,买盘
13:05:09,30.74,-0.01,73,224403,卖盘
13:05:12,30.73,-0.01,17,52251,卖盘
13:05:14,30.75,0.02,35,107610,买盘
13:05:17,30.73,-0.02,115,353397,卖盘
13:05:20,30.73,0.0,38,116774,买盘
13:05:24,30.73,0.0,44,135194,买盘
13:05:27,30.71,-0.02,195,599052,卖盘
13:05:29,30.72,0.01,3,9216,买盘
13:05:33,30.72,0.0,41,125916,买盘
13:05:35,30.72,0.0,3,9216,买盘
13:05:38,30.71,-0.01,64,196795,卖盘
13:05:42,30.71,0.0,99,304032,卖盘
13:05:45,30.72,0.01,58,178172,买盘
13:05:48,30.71,-0.01,18,55286,卖盘
13:05:51,30.71,0.0,151,463854,卖盘
13:05:54,30.72,0.01,119,365568,买盘
13:05:57,30.71,-0.01,18,55284,卖盘
13:06:00,30.71,0.0,99,304059,卖盘
13:06:03,30.72,0.01,95,291810,买盘
13:06:05,30.71,-0.01,26,79864,卖盘
13:06:09,30.72,0.01,56,172014,买盘
13:06:12,30.71,-0.01,45,138237,卖盘
13:06:15,30.72,0.01,38,116726,买盘
13:06:18,30.72,0.0,88,270331,买盘
13:06:20,30.71,-0.01,122,375222,卖盘
13:06:24,30.71,0.0,47,144337,买盘
13:06:27,30.71,0.0,56,171423,买盘
13:06:30,30.71,0.0,62,190407,卖盘
13:06:32,30.71,0.0,128,393103,卖盘
13:06:35,30.71,0.0,20,61420,买盘
13:06:39,30.71,0.0,47,144337,买盘
13:06:42,30.71,0.0,12,36851,买盘
13:06:45,30.7,-0.01,93,285567,卖盘
13:06:48,30.72,0.02,194,595784,买盘
13:06:50,30.73,0.01,24,73710,买盘
13:06:54,30.72,-0.01,51,156673,卖盘
13:06:57,30.72,0.0,22,67595,卖盘
13:06:59,30.72,0.0,69,211980,卖盘
13:07:03,30.72,0.0,109,334859,卖盘
13:07:05,30.74,0.02,57,175162,买盘
13:07:09,30.73,-0.01,52,159778,卖盘
13:07:12,30.72,-0.01,16,49163,卖盘
13:07:14,30.73,0.01,9,27657,买盘
13:07:17,30.73,0.0,83,255027,买盘
13:07:20,30.73,0.0,40,122917,买盘
13:07:24,30.73,0.0,22,67606,买盘
13:07:27,30.73,0.0,111,341095,买盘
13:07:30,30.72,-0.01,71,218117,卖盘
13:07:33,30.73,0.01,64,196671,买盘
13:07:35,30.73,0.0,64,196651,买盘
13:07:39,30.72,-0.01,9,27652,卖盘
13:07:42,30.72,0.0,31,95259,卖盘
13:07:45,30.73,0.01,26,79897,买盘
13:07:48,30.73,0.0,33,101409,卖盘
13:07:50,30.73,0.0,64,196666,买盘
13:07:54,30.72,-0.01,754,2316300,卖盘
13:07:57,30.72,0.0,13,39936,买盘
13:08:00,30.71,-0.01,151,463841,卖盘
13:08:03,30.71,0.0,47,144354,卖盘
13:08:05,30.71,0.0,46,141320,卖盘
13:08:09,30.73,0.02,321,986402,买盘
13:08:12,30.71,-0.02,4,12290,卖盘
13:08:14,30.71,0.0,37,113656,卖盘
13:08:18,30.73,0.02,117,359344,买盘
13:08:20,30.73,0.0,195,598760,买盘
13:08:24,30.72,-0.01,11,32995,卖盘
13:08:27,30.73,0.01,71,218976,买盘
13:08:30,30.71,-0.02,41,125916,卖盘
13:08:32,30.72,0.01,32,98321,买盘
13:08:35,30.72,0.0,7,21507,卖盘
13:08:39,30.72,0.0,35,107529,卖盘
13:08:41,30.72,0.0,14,43016,卖盘
13:08:44,30.72,0.0,59,181284,卖盘
13:08:48,30.73,0.01,22,67602,买盘
13:08:50,30.73,0.0,53,162864,买盘
13:08:54,30.73,0.0,4,12291,买盘
13:08:57,30.73,0.0,56,172088,买盘
13:09:00,30.73,0.0,49,150532,买盘
13:09:03,30.73,0.0,7,21506,买盘
13:09:05,30.73,0.0,273,838797,买盘
13:09:09,30.73,0.0,49,150559,买盘
13:09:12,30.73,0.0,11,33803,买盘
13:09:14,30.73,0.0,141,433260,买盘
13:09:18,30.74,0.01,176,539914,买盘
13:09:20,30.74,0.0,208,639182,买盘
13:09:24,30.74,0.0,3,9222,买盘
13:09:26,30.74,0.0,19,58396,买盘
13:09:30,30.74,0.0,67,205920,买盘
13:09:33,30.73,-0.01,79,242841,卖盘
13:09:35,30.74,0.01,27,82998,买盘
13:09:39,30.73,-0.01,33,101428,卖盘
13:09:42,30.73,0.0,13,39954,卖盘
13:09:44,30.73,0.0,88,270471,卖盘
13:09:47,30.73,0.0,70,215135,卖盘
13:09:50,30.74,0.01,231,709964,买盘
13:09:54,30.73,-0.01,13,39954,卖盘
13:09:57,30.73,0.0,7,21511,卖盘
13:10:00,30.73,0.0,67,205903,卖盘
13:10:02,30.73,0.0,49,150610,卖盘
13:10:05,30.73,0.0,70,215113,卖盘
13:10:08,30.74,0.01,26,79918,买盘
13:10:12,30.74,0.0,35,107577,买盘
13:10:15,30.73,-0.01,227,699981,卖盘
13:10:18,30.73,0.0,29,89116,卖盘
13:10:20,30.73,0.0,16,49168,买盘
13:10:23,30.74,0.01,100,307317,买盘
13:10:27,30.75,0.01,806,2477844,买盘
13:10:30,30.74,-0.01,279,857948,卖盘
13:10:32,30.76,0.02,432,1328991,卖盘
13:10:35,30.77,0.01,195,598828,买盘
13:10:38,30.78,0.01,191,587856,买盘
13:10:42,30.78,0.0,159,489402,买盘
13:10:44,30.78,0.0,345,1062179,买盘
13:10:48,30.78,0.0,129,397058,买盘
13:10:50,30.79,0.01,126,387798,买盘
13:10:54,30.78,-0.01,38,116966,中性盘
13:10:57,30.79,0.01,10,30789,买盘
13:11:00,30.78,-0.01,49,150825,卖盘
13:11:03,30.78,0.0,29,89275,卖盘
13:11:05,30.79,0.01,37,113892,买盘
13:11:09,30.79,0.0,73,224751,买盘
13:11:12,30.79,0.0,96,295581,买盘
13:11:14,30.79,0.0,77,237083,买盘
13:11:18,30.79,0.0,53,163155,买盘
13:11:20,30.79,0.0,127,391013,买盘
13:11:23,30.78,-0.01,63,193948,卖盘
13:11:26,30.79,0.01,324,997591,买盘
13:11:30,30.8,0.01,52,160110,买盘
13:11:33,30.79,-0.01,28,86236,卖盘
13:11:35,30.79,0.0,216,665271,卖盘
13:11:39,30.79,0.0,6,18474,卖盘
13:11:42,30.79,0.0,229,705315,卖盘
13:11:45,30.8,0.01,66,203262,买盘
13:11:48,30.8,0.0,103,317240,买盘
13:11:50,30.8,0.0,119,366488,买盘
13:11:53,30.8,0.0,181,557396,买盘
13:11:57,30.8,0.0,270,831600,买盘
13:12:00,30.8,0.0,466,1435196,买盘
13:12:03,30.8,0.0,65,200220,卖盘
13:12:05,30.81,0.01,19,58535,中性盘
13:12:09,30.81,0.0,197,607307,卖盘
13:12:12,30.84,0.03,101,311284,买盘
13:12:15,30.83,-0.01,145,447135,中性盘
13:12:18,30.83,0.0,117,360691,买盘
13:12:20,30.83,0.0,123,379209,买盘
13:12:24,30.84,0.01,230,709137,买盘
13:12:27,30.84,0.0,89,274449,买盘
13:12:30,30.85,0.01,124,382454,买盘
13:12:33,30.85,0.0,173,533705,买盘
13:12:35,30.85,0.0,130,401020,买盘
13:12:39,30.85,0.0,144,444179,买盘
13:12:42,30.86,0.01,74,228308,买盘
13:12:45,30.87,0.01,248,765221,买盘
13:12:47,30.87,0.0,120,370385,买盘
13:12:50,30.88,0.01,115,354994,买盘
13:12:53,30.88,0.0,242,747157,买盘
13:12:57,30.87,-0.01,119,367430,卖盘
13:13:00,30.86,-0.01,153,472308,卖盘
13:13:03,30.88,0.02,455,1404864,买盘
13:13:05,30.89,0.01,43,132812,买盘
13:13:09,30.88,-0.01,428,1321719,卖盘
13:13:12,30.89,0.01,89,274765,买盘
13:13:15,30.89,0.0,112,345925,买盘
13:13:18,30.89,0.0,89,274887,卖盘
13:13:20,30.88,-0.01,80,247051,卖盘
13:13:23,30.88,0.0,108,333584,买盘
13:13:27,30.88,0.0,116,358186,卖盘
13:13:30,30.88,0.0,74,228514,卖盘
13:13:33,30.86,-0.02,488,1506478,卖盘
13:13:35,30.86,0.0,111,342622,买盘
13:13:39,30.86,0.0,60,185223,卖盘
13:13:42,30.86,0.0,23,70981,买盘
13:13:45,30.86,0.0,70,216016,买盘
13:13:47,30.88,0.02,138,425888,买盘
13:13:51,30.85,-0.03,79,243729,卖盘
13:13:54,30.85,0.0,187,577222,卖盘
13:13:57,30.85,0.0,82,252918,买盘
13:14:00,30.85,0.0,30,92550,买盘
13:14:03,30.84,-0.01,49,151140,卖盘
13:14:05,30.84,0.0,51,157324,卖盘
13:14:09,30.84,0.0,14,43176,买盘
13:14:12,30.84,0.0,5,15420,买盘
13:14:14,30.84,0.0,6,18504,买盘
13:14:18,30.84,0.0,122,376241,买盘
13:14:20,30.84,0.0,65,200460,买盘
13:14:23,30.83,-0.01,21,64755,卖盘
13:14:26,30.83,0.0,325,1001982,卖盘
13:14:30,30.83,0.0,23,70909,买盘
13:14:32,30.83,0.0,10,30830,买盘
13:14:35,30.8,-0.03,308,949025,卖盘
13:14:39,30.8,0.0,291,896282,卖盘
13:14:42,30.8,0.0,282,868469,卖盘
13:14:44,30.79,-0.01,90,277171,卖盘
13:14:48,30.81,0.02,109,335725,买盘
13:14:50,30.8,-0.01,20,61596,中性盘
13:14:54,30.8,0.0,119,366474,买盘
13:14:56,30.79,-0.01,67,206290,卖盘
13:15:00,30.79,0.0,77,237083,买盘
13:15:02,30.78,-0.01,85,261673,卖盘
13:15:05,30.79,0.01,28,86212,买盘
13:15:09,30.79,0.0,98,301714,买盘
13:15:12,30.8,0.01,212,652914,买盘
13:15:15,30.8,0.0,117,360335,卖盘
13:15:17,30.8,0.0,306,941928,卖盘
13:15:20,30.8,0.0,19,58520,中性盘
13:15:24,30.81,0.01,26,80087,买盘
13:15:27,30.8,-0.01,79,243346,中性盘
13:15:30,30.81,0.01,12,36972,买盘
13:15:33,30.81,0.0,297,914604,买盘
13:15:35,30.81,0.0,40,123211,买盘
13:15:38,30.81,0.0,39,120129,买盘
13:15:42,30.8,-0.01,57,175596,卖盘
13:15:44,30.8,0.0,286,880926,卖盘
13:15:48,30.81,0.01,37,113969,买盘
13:15:50,30.8,-0.01,70,215611,卖盘
13:15:54,30.79,-0.01,274,843891,卖盘
13:15:57,30.8,0.01,70,215596,卖盘
13:16:00,30.8,0.0,69,212569,买盘
13:16:02,30.82,0.02,423,1303271,买盘
13:16:05,30.8,-0.02,447,1377139,卖盘
13:16:08,30.81,0.01,9,27729,卖盘
13:16:12,30.8,-0.01,77,237173,卖盘
13:16:15,30.8,0.0,176,541977,买盘
13:16:17,30.79,-0.01,59,181707,卖盘
13:16:20,30.79,0.0,50,153996,卖盘
13:16:23,30.8,0.01,34,104717,买盘
13:16:27,30.79,-0.01,33,101631,卖盘
13:16:29,30.8,0.01,38,117072,卖盘
13:16:33,30.8,0.0,11,33880,卖盘
13:16:35,30.82,0.02,211,649834,买盘
13:16:39,30.8,-0.02,43,132447,卖盘
13:16:42,30.81,0.01,50,153986,买盘
13:16:45,30.78,-0.03,408,1256630,卖盘
13:16:48,30.82,0.04,20,61635,买盘
13:16:50,30.8,-0.02,151,465091,卖盘
13:16:53,30.8,0.0,268,825363,买盘
13:16:57,30.82,0.02,49,150932,买盘
13:17:00,30.8,-0.02,48,147854,卖盘
13:17:02,30.79,-0.01,151,464975,卖盘
13:17:05,30.8,0.01,57,175555,中性盘
13:17:09,30.8,0.0,37,113960,卖盘
13:17:12,30.8,0.0,18,55440,买盘
13:17:14,30.8,0.0,219,674413,买盘
13:17:17,30.8,0.0,18,55440,买盘
13:17:20,30.8,0.0,31,95459,买盘
13:17:23,30.79,-0.01,61,187869,卖盘
13:17:26,30.79,0.0,13,40030,卖盘
13:17:30,30.79,0.0,42,129318,卖盘
13:17:33,30.79,0.0,13,40026,买盘
13:17:35,30.78,-0.01,70,215501,卖盘
13:17:38,30.79,0.01,6,18469,买盘
13:17:42,30.79,0.0,56,172418,买盘
13:17:45,30.79,0.0,82,252438,买盘
13:17:48,30.79,0.0,43,132393,买盘
13:17:50,30.76,-0.03,419,1289389,卖盘
13:17:54,30.76,0.0,13,39988,买盘
13:17:56,30.76,0.0,239,735148,买盘
13:17:59,30.76,0.0,18,55359,买盘
13:18:02,30.74,-0.02,203,624229,卖盘
13:18:06,30.76,0.02,167,513692,买盘
13:18:08,30.75,-0.01,18,55352,卖盘
13:18:11,30.75,0.0,26,79949,买盘
13:18:15,30.75,0.0,111,341226,买盘
13:18:18,30.74,-0.01,38,116828,卖盘
13:18:21,30.76,0.02,29,89170,买盘
13:18:24,30.75,-0.01,88,270579,卖盘
13:18:26,30.74,-0.01,64,196791,卖盘
13:18:29,30.75,0.01,16,49193,中性盘
13:18:33,30.75,0.0,33,101485,卖盘
13:18:36,30.75,0.0,31,95315,买盘
13:18:39,30.74,-0.01,148,455045,卖盘
13:18:42,30.75,0.01,203,623963,卖盘
13:18:45,30.75,0.0,50,153750,买盘
13:18:47,30.76,0.01,8,24608,买盘
13:18:51,30.75,-0.01,45,138380,卖盘
13:18:54,30.76,0.01,7,21526,买盘
13:18:57,30.75,-0.01,4,12300,卖盘
13:18:59,30.72,-0.03,547,1680950,卖盘
13:19:03,30.72,0.0,74,227364,卖盘
13:19:06,30.75,0.03,87,267293,买盘
13:19:08,30.72,-0.03,31,95247,卖盘
13:19:12,30.72,0.0,34,104448,买盘
13:19:15,30.71,-0.01,11,33789,卖盘
13:19:18,30.72,0.01,49,150584,买盘
13:19:20,30.75,0.03,162,497552,买盘
13:19:23,30.72,-0.03,28,86017,卖盘
13:19:27,30.72,0.0,44,135198,卖盘
13:19:30,30.73,0.01,21,64532,买盘
13:19:36,30.74,0.01,12,36877,买盘
13:19:39,30.73,-0.01,45,138304,卖盘
13:19:41,30.74,0.01,148,454920,买盘
13:19:44,30.74,0.0,99,304309,买盘
13:19:47,30.73,-0.01,128,393356,卖盘
13:19:50,30.74,0.01,26,79924,买盘
13:19:53,30.73,-0.01,202,620946,卖盘
13:19:57,30.75,0.02,13,39963,买盘
13:20:00,30.73,-0.02,210,645409,卖盘
13:20:02,30.74,0.01,118,362720,买盘
13:20:06,30.75,0.01,75,230587,买盘
13:20:09,30.76,0.01,56,172250,买盘
13:20:11,30.76,0.0,19,58440,买盘
13:20:15,30.76,0.0,7,21531,买盘
13:20:18,30.76,0.0,49,150719,买盘
13:20:20,30.76,0.0,7,21532,买盘
13:20:23,30.78,0.02,13,39992,中性盘
13:20:27,30.78,0.0,2,6154,中性盘
13:20:29,30.78,0.0,179,550551,买盘
13:20:32,30.76,-0.02,41,126187,中性盘
13:20:35,30.79,0.03,181,556791,买盘
13:20:38,30.8,0.01,110,338648,买盘
13:20:41,30.8,0.0,258,794606,买盘
13:20:44,30.81,0.01,71,218656,买盘
13:20:47,30.82,0.01,105,323559,买盘
13:20:50,30.81,-0.01,34,104755,中性盘
13:20:53,30.82,0.01,68,209563,买盘
13:20:56,30.83,0.01,46,141762,买盘
13:21:00,30.82,-0.01,124,382168,卖盘
13:21:01,30.81,-0.01,71,218761,卖盘
13:21:06,30.81,0.0,14,43134,买盘
13:21:09,30.81,0.0,44,135564,买盘
13:21:11,30.81,0.0,19,58548,卖盘
13:21:14,30.81,0.0,79,243452,卖盘
13:21:17,30.81,0.0,167,514527,卖盘
13:21:20,30.79,-0.02,191,588346,卖盘
13:21:23,30.79,0.0,38,117002,买盘
13:21:26,30.79,0.0,11,33862,买盘
13:21:30,30.79,0.0,11,33860,买盘
13:21:32,30.79,0.0,96,295584,买盘
13:21:36,30.8,0.01,42,129321,买盘
13:21:38,30.79,-0.01,17,52348,卖盘
13:21:40,30.79,0.0,4,12317,卖盘
13:21:43,30.79,0.0,146,449575,卖盘
13:21:47,30.79,0.0,6,18480,卖盘
13:21:50,30.8,0.01,55,169416,买盘
13:21:53,30.81,0.01,30,92430,买盘
13:21:56,30.8,-0.01,3,9240,中性盘
13:21:59,30.81,0.01,32,98575,买盘
13:22:02,30.79,-0.02,76,234035,卖盘
13:22:05,30.8,0.01,2,6160,买盘
13:22:08,30.79,-0.01,8,24636,卖盘
13:22:11,30.79,0.0,49,150885,卖盘
13:22:14,30.79,0.0,69,212451,卖盘
13:22:17,30.8,0.01,32,98558,买盘
13:22:20,30.8,0.0,111,341771,买盘
13:22:23,30.79,-0.01,7,21553,中性盘
13:22:27,30.78,-0.01,8,24626,卖盘
13:22:29,30.79,0.01,13,40027,买盘
13:22:32,30.79,0.0,18,55422,买盘
13:22:35,30.79,0.0,8,24628,买盘
13:22:38,30.79,0.0,31,95427,买盘
13:22:41,30.79,0.0,75,230923,买盘
13:22:44,30.78,-0.01,51,157015,卖盘
13:22:47,30.78,0.0,144,443249,卖盘
13:22:50,30.78,0.0,3,9234,卖盘
13:22:53,30.78,0.0,7,21546,卖盘
13:22:56,30.78,0.0,47,143865,卖盘
13:22:58,30.78,0.0,5,15390,卖盘
13:23:02,30.78,0.0,118,363204,卖盘
13:23:06,30.78,0.0,35,107730,卖盘
13:23:08,30.77,-0.01,58,179356,卖盘
13:23:11,30.77,0.0,43,132336,卖盘
13:23:13,30.77,0.0,254,781740,卖盘
13:23:17,30.77,0.0,15,46146,买盘
13:23:20,30.77,0.0,1,3077,买盘
13:23:23,30.76,-0.01,110,338365,卖盘
13:23:26,30.77,0.01,1,3077,买盘
13:23:28,30.76,-0.01,5,15381,卖盘
13:23:31,30.77,0.01,21,64616,买盘
13:23:35,30.76,-0.01,82,252234,卖盘
13:23:38,30.76,0.0,13,39991,卖盘
13:23:41,30.76,0.0,28,86129,卖盘
13:23:44,30.76,0.0,68,209160,买盘
13:23:47,30.76,0.0,222,682671,买盘
13:23:50,30.76,0.0,31,95336,买盘
13:23:53,30.75,-0.01,106,325961,卖盘
13:23:56,30.76,0.01,77,236847,买盘
13:23:59,30.75,-0.01,473,1454483,卖盘
13:24:02,30.74,-0.01,56,172191,卖盘
13:24:05,30.74,0.0,43,132191,卖盘
13:24:08,30.74,0.0,73,224400,卖盘
13:24:11,30.74,0.0,21,64554,买盘
13:24:14,30.74,0.0,3,9221,买盘
13:24:17,30.73,-0.01,93,285807,卖盘
13:24:20,30.74,0.01,13,39953,买盘
13:24:22,30.73,-0.01,16,49168,卖盘
13:24:26,30.73,0.0,72,221279,卖盘
13:24:29,30.73,0.0,36,110658,卖盘
13:24:32,30.73,0.0,41,126028,卖盘
13:24:35,30.73,0.0,47,144434,卖盘
13:24:38,30.74,0.01,71,218216,买盘
13:24:41,30.73,-0.01,7,21517,卖盘
13:24:44,30.73,0.0,73,224375,卖盘
13:24:47,30.73,0.0,11,33803,卖盘
13:24:50,30.73,0.0,44,135216,卖盘
13:24:53,30.74,0.01,30,92218,买盘
13:24:56,30.74,0.0,19,58390,买盘
13:24:58,30.74,0.0,35,107435,买盘
13:25:04,30.74,0.0,62,190529,买盘
13:25:08,30.74,0.0,180,553145,买盘
13:25:11,30.74,0.0,127,390497,买盘
13:25:14,30.73,-0.01,7,21516,卖盘
13:25:18,30.73,0.0,44,135248,卖盘
13:25:20,30.74,0.01,1,3074,买盘
13:25:22,30.74,0.0,132,405665,买盘
13:25:26,30.74,0.0,32,98353,买盘
13:25:29,30.72,-0.02,88,270395,卖盘
13:25:32,30.73,0.01,56,172068,买盘
13:25:35,30.73,0.0,30,92190,买盘
13:25:37,30.73,0.0,76,233546,买盘
13:25:41,30.74,0.01,149,457896,买盘
13:25:44,30.72,-0.02,323,992393,卖盘
13:25:47,30.74,0.02,101,310403,买盘
13:25:50,30.72,-0.02,88,270420,卖盘
13:25:53,30.72,0.0,360,1105920,卖盘
13:25:55,30.72,0.0,77,236540,买盘
13:25:59,30.71,-0.01,690,2119679,卖盘
13:26:02,30.73,0.02,137,420875,买盘
13:26:05,30.72,-0.01,152,466934,卖盘
13:26:08,30.74,0.02,260,798987,买盘
13:26:11,30.72,-0.02,125,384150,卖盘
13:26:14,30.74,0.02,18,55332,卖盘
13:26:17,30.74,0.0,110,338186,卖盘
13:26:20,30.74,0.0,61,187495,买盘
13:26:23,30.74,0.0,350,1076175,买盘
13:26:26,30.76,0.02,2,6151,买盘
13:26:29,30.75,-0.01,4,12300,卖盘
13:26:32,30.76,0.01,51,156845,买盘
13:26:35,30.76,0.0,54,166099,买盘
13:26:39,30.76,0.0,39,119964,买盘
13:26:41,30.75,-0.01,436,1340835,卖盘
13:26:44,30.76,0.01,76,233786,卖盘
13:26:47,30.76,0.0,127,390674,卖盘
13:26:53,30.75,-0.01,166,510610,卖盘
13:26:56,30.76,0.01,21,64595,买盘
13:26:58,30.76,0.0,52,159952,买盘
13:27:01,30.76,0.0,39,119945,买盘
13:27:05,30.75,-0.01,94,289068,卖盘
13:27:08,30.75,0.0,27,83026,卖盘
13:27:10,30.75,0.0,59,181400,卖盘
13:27:13,30.74,-0.01,1,3074,卖盘
13:27:17,30.74,0.0,13,39973,卖盘
13:27:21,30.75,0.01,127,390417,买盘
13:27:23,30.74,-0.01,21,63724,卖盘
13:27:30,30.74,0.0,40,122963,卖盘
13:27:32,30.75,0.01,63,193726,买盘
13:27:35,30.75,0.0,41,126063,卖盘
13:27:38,30.75,0.0,6,18450,买盘
13:27:41,30.75,0.0,34,104519,买盘
13:27:44,30.74,-0.01,75,230600,卖盘
13:27:47,30.75,0.01,59,181422,买盘
13:27:50,30.74,-0.01,18,55332,卖盘
13:27:54,30.74,0.0,38,116814,卖盘
13:27:56,30.75,0.01,20,61500,买盘
13:27:59,30.74,-0.01,51,156792,卖盘
13:28:02,30.74,0.0,89,273607,卖盘
13:28:06,30.74,0.0,38,116814,卖盘
13:28:08,30.74,0.0,77,236762,卖盘
13:28:10,30.74,0.0,25,76850,卖盘
13:28:14,30.74,0.0,55,169070,卖盘
13:28:18,30.74,0.0,41,126874,卖盘
13:28:21,30.74,0.0,108,331892,买盘
13:28:22,30.73,-0.01,85,261276,卖盘
13:28:26,30.75,0.02,68,209003,买盘
13:28:29,30.74,-0.01,13,39955,买盘
13:28:33,30.73,-0.01,1,3073,卖盘
13:28:34,30.74,0.01,8,24591,买盘
13:28:38,30.74,0.0,13,39950,买盘
13:28:41,30.73,-0.01,362,1111227,卖盘
13:28:45,30.74,0.01,166,510275,买盘
13:28:46,30.73,-0.01,29,89122,卖盘
13:28:49,30.74,0.01,23,70686,买盘
13:28:53,30.73,-0.01,6,18438,卖盘
13:28:56,30.73,0.0,1,3073,卖盘
13:28:59,30.74,0.01,40,122956,买盘
13:29:01,30.73,-0.01,97,298083,卖盘
13:29:05,30.73,0.0,65,199802,卖盘
13:29:09,30.73,0.0,39,119867,卖盘
13:29:12,30.74,0.01,69,213917,买盘
13:29:14,30.74,0.0,45,138330,卖盘
13:29:18,30.74,0.0,86,262551,卖盘
13:29:20,30.74,0.0,8,24585,买盘
13:29:22,30.74,0.0,7,21518,买盘
13:29:26,30.73,-0.01,15,46095,卖盘
13:29:29,30.73,0.0,70,215178,卖盘
13:29:33,30.73,0.0,9,27662,卖盘
13:29:36,30.73,0.0,7,21511,卖盘
13:29:38,30.73,0.0,297,913030,卖盘
13:29:40,30.75,0.02,75,230607,买盘
13:29:44,30.74,-0.01,47,144512,中性盘
13:29:53,30.73,-0.01,1039,3192108,卖盘
13:29:57,30.71,-0.02,21,64536,卖盘
13:29:59,30.73,0.02,9,27657,买盘
13:30:03,30.73,0.0,33,101417,卖盘
13:30:05,30.74,0.01,34,104513,买盘
13:30:09,30.73,-0.01,55,169046,卖盘
13:30:11,30.74,0.01,167,513414,买盘
13:30:13,30.73,-0.01,7,21511,中性盘
13:30:18,30.73,0.0,64,196669,买盘
13:30:19,30.72,-0.01,189,580673,卖盘
13:30:22,30.73,0.01,96,295070,买盘
13:30:26,30.71,-0.02,34,104443,卖盘
13:30:28,30.72,0.01,17,52214,买盘
13:30:33,30.73,0.01,63,193593,买盘
13:30:36,30.74,0.01,173,531766,买盘
13:30:38,30.74,0.0,38,116809,买盘
13:30:42,30.74,0.0,121,371869,买盘
13:30:43,30.73,-0.01,428,1315353,卖盘
13:30:48,30.73,0.0,71,218164,买盘
13:30:49,30.73,0.0,4,12289,买盘
13:30:52,30.73,0.0,7,21509,买盘
13:30:57,30.72,-0.01,53,162865,卖盘
13:30:59,30.73,0.01,25,76804,中性盘
13:31:03,30.73,0.0,13,39949,卖盘
13:31:04,30.73,0.0,116,356540,卖盘
13:31:09,30.73,0.0,4,12295,卖盘
13:31:12,30.73,0.0,68,209000,卖盘
13:31:15,30.73,0.0,18,55318,卖盘
13:31:17,30.73,0.0,42,129045,买盘
13:31:19,30.72,-0.01,14,43020,卖盘
13:31:24,30.72,0.0,36,110594,卖盘
13:31:25,30.73,0.01,27,82946,买盘
13:31:28,30.72,-0.01,35,107534,卖盘
13:31:31,30.72,0.0,206,632840,卖盘
13:31:36,30.72,0.0,69,211989,买盘
13:31:38,30.73,0.01,34,104448,买盘
13:31:42,30.72,-0.01,3,9216,中性盘
13:31:44,30.71,-0.01,1130,3470664,卖盘
13:31:48,30.71,0.0,25,76789,卖盘
13:31:51,30.72,0.01,5,15358,买盘
13:31:52,30.72,0.0,74,227256,买盘
13:31:56,30.71,-0.01,145,445252,卖盘
13:31:58,30.7,-0.01,932,2861256,卖盘
13:32:02,30.71,0.01,2,6142,买盘
13:32:06,30.7,-0.01,77,236394,卖盘
13:32:08,30.7,0.0,4,12280,卖盘
13:32:11,30.71,0.01,35,107485,买盘
13:32:13,30.7,-0.01,98,300860,卖盘
13:32:18,30.7,0.0,18,55264,卖盘
13:32:21,30.7,0.0,125,383765,卖盘
13:32:24,30.7,0.0,33,101320,卖盘
13:32:27,30.7,0.0,39,119737,卖盘
13:32:29,30.7,0.0,57,174996,卖盘
13:32:31,30.71,0.01,43,132033,买盘
13:32:34,30.71,0.0,219,674423,买盘
13:32:37,30.7,-0.01,33,101292,买盘
13:32:42,30.69,-0.01,15,46045,卖盘
13:32:45,30.7,0.01,43,132009,买盘
13:32:48,30.7,0.0,18,55260,买盘
13:32:49,30.69,-0.01,16,49115,卖盘
13:32:54,30.69,0.0,41,125835,卖盘
13:32:57,30.7,0.01,30,92077,买盘
13:32:58,30.7,0.0,12,36829,买盘
13:33:03,30.69,-0.01,20,61380,卖盘
13:33:06,30.7,0.01,21,64456,买盘
13:33:08,30.7,0.0,195,598628,买盘
13:33:12,30.69,-0.01,34,104368,卖盘
13:33:15,30.69,0.0,29,89020,卖盘
13:33:17,30.69,0.0,126,386701,卖盘
