time,price,change,volume,amount,type
09:25:02,29.5,-0.47,8243,24316850,卖盘
09:30:01,29.48,-0.02,1297,3822546,卖盘
09:30:05,29.49,0.01,1699,5006919,买盘
09:30:08,29.48,-0.01,4075,12012074,卖盘
09:30:10,29.49,0.01,2803,8261262,买盘
09:30:14,29.49,0.0,1139,3357744,买盘
09:30:16,29.49,0.0,680,2004426,买盘
09:30:19,29.48,-0.01,342,1008112,卖盘
09:30:22,29.47,-0.01,304,895882,中性盘
09:30:25,29.46,-0.01,608,1791876,卖盘
09:30:29,29.48,0.02,366,1078824,买盘
09:30:31,29.48,0.0,1634,4813625,买盘
09:30:34,29.49,0.01,717,2113974,买盘
09:30:37,29.49,0.0,302,890287,买盘
09:30:40,29.47,-0.02,459,1352696,卖盘
09:30:44,29.47,0.0,378,1114217,卖盘
09:30:46,29.49,0.02,536,1580193,买盘
09:30:49,29.49,0.0,613,1807406,买盘
09:30:54,29.49,0.0,537,1583516,买盘
09:30:55,29.49,0.0,407,1199861,买盘
09:30:59,29.48,-0.01,569,1677328,中性盘
09:31:01,29.48,0.0,832,2452793,买盘
09:31:04,29.49,0.01,652,1922500,买盘
09:31:08,29.49,0.0,496,1462453,买盘
09:31:10,29.49,0.0,544,1605541,买盘
09:31:14,29.49,0.0,376,1109014,卖盘
09:31:16,29.5,0.01,383,1129654,买盘
09:31:19,29.51,0.01,2397,7070597,买盘
09:31:22,29.5,-0.01,261,770426,卖盘
09:31:25,29.55,0.05,174,513654,买盘
09:31:28,29.51,-0.04,453,1336933,卖盘
09:31:31,29.51,0.0,304,897067,买盘
09:31:34,29.52,0.01,492,1451840,买盘
09:31:38,29.51,-0.01,326,962122,卖盘
09:31:40,29.54,0.03,272,803496,买盘
09:31:44,29.55,0.01,66,195030,买盘
09:31:46,29.58,0.03,112,331242,买盘
09:31:49,29.55,-0.03,51,150774,卖盘
09:31:52,29.58,0.03,186,550160,买盘
09:31:55,29.6,0.02,429,1269108,买盘
09:31:59,29.59,-0.01,1512,4473720,中性盘
09:32:01,29.6,0.01,400,1183585,买盘
09:32:05,29.62,0.02,45,133211,买盘
09:32:07,29.62,0.0,178,527579,卖盘
09:32:10,29.63,0.01,500,1481349,中性盘
09:32:14,29.65,0.02,65,192817,中性盘
09:32:16,29.65,0.0,96,284695,卖盘
09:32:19,29.67,0.02,2520,7461086,买盘
09:32:22,29.69,0.02,295,875395,买盘
09:32:25,29.71,0.02,114,339164,买盘
09:32:29,29.66,-0.05,488,1447262,卖盘
09:32:31,29.66,0.0,156,462696,买盘
09:32:34,29.66,0.0,242,717772,买盘
09:32:38,29.71,0.05,325,965455,买盘
09:32:40,29.73,0.02,307,911809,买盘
09:32:44,29.66,-0.07,316,938548,卖盘
09:32:46,29.7,0.04,111,329774,买盘
09:32:49,29.72,0.02,975,2894093,买盘
09:32:52,29.68,-0.04,343,1018132,中性盘
09:32:56,29.67,-0.01,148,439238,卖盘
09:32:59,29.68,0.01,665,1973596,买盘
09:33:01,29.73,0.05,865,2568368,买盘
09:33:05,29.72,-0.01,135,401259,卖盘
09:33:08,29.68,-0.04,153,454542,卖盘
09:33:10,29.73,0.05,43,127794,中性盘
09:33:14,29.75,0.02,174,517381,买盘
09:33:16,29.72,-0.03,581,1728015,卖盘
09:33:19,29.74,0.02,191,567863,买盘
09:33:22,29.74,0.0,147,437035,买盘
09:33:25,29.7,-0.04,136,404185,卖盘
09:33:29,29.7,0.0,539,1601966,卖盘
09:33:31,29.69,-0.01,175,519639,卖盘
09:33:35,29.67,-0.02,497,1475166,卖盘
09:33:38,29.66,-0.01,496,1471473,卖盘
09:33:40,29.63,-0.03,351,1040711,卖盘
09:33:43,29.65,0.02,224,664554,中性盘
09:33:47,29.6,-0.05,962,2849325,卖盘
09:33:49,29.6,0.0,136,402555,买盘
09:33:52,29.6,0.0,395,1168977,买盘
09:33:55,29.59,-0.01,458,1355505,中性盘
09:33:59,29.57,-0.02,361,1067830,卖盘
09:34:01,29.58,0.01,581,1718122,买盘
09:34:05,29.58,0.0,102,301773,买盘
09:34:08,29.59,0.01,673,1991183,买盘
09:34:10,29.59,0.0,1168,3453834,买盘
09:34:14,29.59,0.0,355,1050228,买盘
09:34:16,29.58,-0.01,748,2211978,卖盘
09:34:20,29.59,0.01,551,1630403,买盘
09:34:22,29.57,-0.02,2498,7389885,卖盘
09:34:25,29.64,0.07,64,189649,买盘
09:34:28,29.59,-0.05,1245,3687435,卖盘
09:34:31,29.64,0.05,279,826793,买盘
09:34:35,29.59,-0.05,3631,10726878,卖盘
09:34:37,29.65,0.06,205,607673,买盘
09:34:40,29.58,-0.07,258,763424,卖盘
09:34:43,29.59,0.01,156,461545,买盘
09:34:46,29.64,0.05,114,337484,买盘
09:34:50,29.63,-0.01,160,474185,卖盘
09:34:53,29.63,0.0,63,186694,卖盘
09:34:55,29.64,0.01,132,391118,中性盘
09:34:59,29.62,-0.02,160,474109,卖盘
09:35:02,29.6,-0.02,412,1220110,卖盘
09:35:04,29.6,0.0,341,1009582,卖盘
09:35:08,29.61,0.01,383,1134221,买盘
09:35:11,29.55,-0.06,1917,5669106,卖盘
09:35:13,29.55,0.0,455,1344524,买盘
09:35:17,29.58,0.03,337,996068,买盘
09:35:19,29.56,-0.02,217,641979,卖盘
09:35:22,29.58,0.02,182,538306,买盘
09:35:26,29.55,-0.03,160,472963,卖盘
09:35:28,29.56,0.01,138,408050,买盘
09:35:32,29.55,-0.01,698,2062741,卖盘
09:35:34,29.55,0.0,1492,4408253,卖盘
09:35:38,29.57,0.02,3198,9434936,买盘
09:35:40,29.55,-0.02,716,2116375,卖盘
09:35:44,29.55,0.0,605,1787766,买盘
09:35:47,29.56,0.01,136,401953,买盘
09:35:50,29.54,-0.02,357,1055222,卖盘
09:35:52,29.52,-0.02,2880,8493474,卖盘
09:35:56,29.55,0.03,133,392818,买盘
09:35:59,29.53,-0.02,540,1594059,卖盘
09:36:02,29.53,0.0,101,298323,卖盘
09:36:05,29.51,-0.02,80,236161,卖盘
09:36:08,29.51,0.0,594,1752740,买盘
09:36:11,29.51,0.0,760,2243046,买盘
09:36:14,29.51,0.0,2814,8288032,买盘
09:36:17,29.52,0.01,139,410334,中性盘
09:36:20,29.5,-0.02,702,2071504,卖盘
09:36:23,29.5,0.0,408,1203645,买盘
09:36:26,29.52,0.02,145,427887,买盘
09:36:29,29.5,-0.02,325,958954,卖盘
09:36:32,29.52,0.02,100,295115,买盘
09:36:35,29.51,-0.01,195,575505,卖盘
09:36:38,29.52,0.01,297,876558,买盘
09:36:41,29.52,0.0,1797,5300489,卖盘
09:36:44,29.5,-0.02,245,723008,卖盘
09:36:47,29.52,0.02,131,386760,买盘
09:36:50,29.54,0.02,817,2412783,买盘
09:36:53,29.55,0.01,1872,5527041,买盘
09:36:56,29.55,0.0,2261,6657752,卖盘
09:36:58,29.52,-0.03,1021,3012116,卖盘
09:37:01,29.54,0.02,148,437034,买盘
09:37:05,29.52,-0.02,160,472405,卖盘
09:37:08,29.53,0.01,163,481364,买盘
09:37:11,29.52,-0.01,740,2183858,卖盘
09:37:14,29.53,0.01,1565,4617299,买盘
09:37:17,29.52,-0.01,131,386849,卖盘
09:37:20,29.52,0.0,156,460586,卖盘
09:37:23,29.52,0.0,192,566756,买盘
09:37:26,29.42,-0.1,1579,4656606,卖盘
09:37:29,29.51,0.09,293,864782,中性盘
09:37:32,29.5,-0.01,319,941310,卖盘
09:37:34,29.4,-0.1,1398,4111544,卖盘
09:37:38,29.52,0.12,473,1394983,买盘
09:37:41,29.53,0.01,1473,4348299,买盘
09:37:44,29.52,-0.01,646,1907111,卖盘
09:37:47,29.51,-0.01,502,1480687,中性盘
09:37:50,29.48,-0.03,180,531068,卖盘
09:37:53,29.49,0.01,25,73716,买盘
09:37:56,29.47,-0.02,159,468662,卖盘
09:37:59,29.47,0.0,110,324193,买盘
09:38:01,29.46,-0.01,290,854700,卖盘
09:38:05,29.46,0.0,285,839695,卖盘
09:38:07,29.41,-0.05,398,1171803,卖盘
09:38:10,29.41,0.0,2348,6903983,卖盘
09:38:14,29.41,0.0,184,541126,买盘
09:38:17,29.45,0.04,127,373608,买盘
09:38:20,29.4,-0.05,1009,2967357,卖盘
09:38:23,29.4,0.0,363,1068112,卖盘
09:38:26,29.45,0.05,380,1117695,买盘
09:38:29,29.42,-0.03,190,559207,卖盘
09:38:31,29.42,0.0,481,1414472,卖盘
09:38:35,29.42,0.0,154,453142,卖盘
09:38:37,29.42,0.0,367,1080444,卖盘
09:38:41,29.45,0.03,326,958904,买盘
09:38:44,29.42,-0.03,234,688295,买盘
09:38:46,29.45,0.03,910,2675891,买盘
09:38:50,29.44,-0.01,345,1015689,中性盘
09:38:53,29.45,0.01,82,241507,中性盘
09:38:56,29.45,0.0,128,377009,卖盘
09:38:59,29.45,0.0,388,1142706,卖盘
09:39:02,29.45,0.0,1050,3092126,卖盘
09:39:04,29.46,0.01,122,359385,中性盘
09:39:08,29.45,-0.01,192,565481,卖盘
09:39:11,29.44,-0.01,277,815176,卖盘
09:39:14,29.45,0.01,125,368024,买盘
09:39:17,29.46,0.01,162,477109,买盘
09:39:20,29.44,-0.02,179,527062,卖盘
09:39:22,29.46,0.02,135,398099,买盘
09:39:26,29.46,0.0,53,156107,卖盘
09:39:29,29.46,0.0,46,135484,买盘
09:39:32,29.46,0.0,227,668568,买盘
09:39:35,29.5,0.04,339,998874,买盘
09:39:38,29.47,-0.03,85,250491,卖盘
09:39:41,29.46,-0.01,127,374189,卖盘
09:39:44,29.47,0.01,342,1007610,中性盘
09:39:46,29.5,0.03,55,162139,买盘
09:39:50,29.5,0.0,581,1712872,买盘
09:39:53,29.5,0.0,268,790274,买盘
09:39:55,29.5,0.0,190,560474,卖盘
09:39:58,29.5,0.0,34,100263,买盘
09:40:02,29.5,0.0,407,1199896,买盘
09:40:05,29.5,0.0,104,306783,卖盘
09:40:07,29.49,-0.01,264,778441,卖盘
09:40:11,29.5,0.01,158,466142,买盘
09:40:14,29.48,-0.02,699,2060962,卖盘
09:40:16,29.51,0.03,213,628458,买盘
09:40:20,29.5,-0.01,54,159333,卖盘
09:40:23,29.51,0.01,393,1158694,买盘
09:40:25,29.51,0.0,535,1579343,买盘
09:40:29,29.5,-0.01,195,575237,卖盘
09:40:32,29.5,0.0,34,100296,买盘
09:40:34,29.5,0.0,133,392325,买盘
09:40:38,29.5,0.0,145,427761,卖盘
09:40:41,29.5,0.0,79,233070,卖盘
09:40:44,29.5,0.0,108,318624,卖盘
09:40:47,29.51,0.01,100,295029,买盘
09:40:49,29.51,0.0,134,395403,买盘
09:40:53,29.52,0.01,492,1451456,买盘
09:40:56,29.52,0.0,34,100360,买盘
09:40:59,29.52,0.0,84,247968,卖盘
09:41:02,29.53,0.01,306,903286,买盘
09:41:05,29.52,-0.01,94,277507,卖盘
09:41:08,29.53,0.01,37,109256,买盘
09:41:11,29.5,-0.03,965,2847275,卖盘
09:41:14,29.5,0.0,991,2922601,买盘
09:41:17,29.5,0.0,268,790368,买盘
09:41:19,29.49,-0.01,123,362767,卖盘
09:41:22,29.49,0.0,801,2362922,买盘
09:41:26,29.49,0.0,47,138603,买盘
09:41:28,29.49,0.0,358,1055149,买盘
09:41:32,29.48,-0.01,209,616216,卖盘
09:41:34,29.49,0.01,1167,3442391,买盘
09:41:38,29.5,0.01,872,2572313,买盘
09:41:41,29.48,-0.02,62,182829,卖盘
09:41:44,29.49,0.01,73,215202,买盘
09:41:47,29.49,0.0,282,831544,买盘
09:41:50,29.49,0.0,176,519009,买盘
09:41:52,29.48,-0.01,108,318433,卖盘
09:41:56,29.48,0.0,196,577895,卖盘
09:41:59,29.48,0.0,81,238821,卖盘
09:42:02,29.49,0.01,44,129755,卖盘
09:42:05,29.49,0.0,201,592905,卖盘
09:42:08,29.49,0.0,291,858182,卖盘
09:42:11,29.49,0.0,331,976391,卖盘
09:42:14,29.5,0.01,123,362816,买盘
09:42:16,29.5,0.0,257,757977,买盘
09:42:20,29.5,0.0,144,424727,买盘
09:42:23,29.5,0.0,210,619422,买盘
09:42:26,29.5,0.0,136,401167,买盘
09:42:29,29.5,0.0,736,2171120,买盘
09:42:31,29.5,0.0,377,1111890,买盘
09:42:34,29.5,0.0,1090,3215851,买盘
09:42:37,29.5,0.0,74,218313,卖盘
09:42:41,29.55,0.05,76,224493,买盘
09:42:44,29.55,0.0,174,513853,买盘
09:42:47,29.57,0.02,76,224472,买盘
09:42:49,29.55,-0.02,123,363402,中性盘
09:42:53,29.57,0.02,225,665012,买盘
09:42:56,29.57,0.0,140,413884,卖盘
09:42:59,29.56,-0.01,15,44363,卖盘
09:43:02,29.57,0.01,78,230683,买盘
09:43:05,29.56,-0.01,126,372587,卖盘
09:43:08,29.56,0.0,111,328232,卖盘
09:43:11,29.58,0.02,64,189287,买盘
09:43:13,29.58,0.0,61,180424,买盘
09:43:17,29.57,-0.01,372,1100071,卖盘
09:43:20,29.57,0.0,78,230646,买盘
09:43:23,29.57,0.0,97,286809,买盘
09:43:26,29.58,0.01,62,183369,买盘
09:43:28,29.57,-0.01,138,408101,卖盘
09:43:31,29.58,0.01,123,363770,买盘
09:43:34,29.57,-0.01,889,2630415,卖盘
09:43:38,29.58,0.01,83,245575,买盘
09:43:41,29.59,0.01,126,372890,卖盘
09:43:44,29.59,0.0,359,1062456,卖盘
09:43:47,29.58,-0.01,78,230731,卖盘
09:43:50,29.59,0.01,165,488526,买盘
09:43:53,29.62,0.03,78,229751,中性盘
09:43:56,29.6,-0.02,56,165777,中性盘
09:43:58,29.6,0.0,107,316713,卖盘
09:44:02,29.63,0.03,579,1715220,买盘
09:44:05,29.64,0.01,62,183607,买盘
09:44:08,29.64,0.0,73,216219,买盘
09:44:11,29.63,-0.01,647,1916770,中性盘
09:44:13,29.6,-0.03,167,494376,卖盘
09:44:16,29.6,0.0,162,479513,买盘
09:44:20,29.59,-0.01,462,1367196,卖盘
09:44:23,29.6,0.01,871,2579311,买盘
09:44:26,29.6,0.0,42,124384,卖盘
09:44:29,29.63,0.03,210,621846,买盘
09:44:32,29.6,-0.03,201,595135,卖盘
09:44:34,29.63,0.03,8,23697,买盘
09:44:37,29.62,-0.01,127,376189,卖盘
09:44:40,29.62,0.0,11,32575,买盘
09:44:44,29.62,0.0,535,1585170,卖盘
09:44:47,29.62,0.0,52,154012,买盘
09:44:50,29.63,0.01,173,512419,买盘
09:44:52,29.62,-0.01,277,820906,卖盘
09:44:56,29.61,-0.01,113,334716,卖盘
09:44:59,29.62,0.01,42,124411,中性盘
09:45:01,29.63,0.01,85,251781,卖盘
09:45:05,29.63,0.0,73,216235,买盘
09:45:08,29.62,-0.01,67,198464,卖盘
09:45:10,29.63,0.01,87,257707,买盘
09:45:14,29.63,0.0,102,302208,买盘
09:45:17,29.6,-0.03,272,805435,卖盘
09:45:19,29.6,0.0,460,1361880,卖盘
09:45:23,29.6,0.0,78,230940,卖盘
09:45:26,29.61,0.01,46,136220,中性盘
09:45:29,29.6,-0.01,885,2619591,卖盘
09:45:32,29.6,0.0,84,248623,买盘
09:45:35,29.6,0.0,58,171661,买盘
09:45:37,29.6,0.0,44,130216,买盘
09:45:41,29.59,-0.01,38,112449,卖盘
09:45:44,29.62,0.03,417,1234711,买盘
09:45:47,29.6,-0.02,190,562769,卖盘
09:45:50,29.6,0.0,74,219174,卖盘
09:45:53,29.6,0.0,775,2292831,卖盘
09:45:56,29.61,0.01,602,1780944,买盘
09:45:59,29.62,0.01,308,912205,买盘
09:46:02,29.61,-0.01,286,847419,卖盘
09:46:04,29.6,-0.01,496,1468568,卖盘
09:46:08,29.59,-0.01,68,201235,卖盘
09:46:11,29.59,0.0,46,136140,卖盘
09:46:14,29.6,0.01,169,500314,中性盘
09:46:16,29.6,0.0,1112,3290180,买盘
09:46:20,29.58,-0.02,174,515063,卖盘
09:46:23,29.59,0.01,97,287082,买盘
09:46:26,29.57,-0.02,40,118371,卖盘
09:46:28,29.59,0.02,73,215997,买盘
09:46:31,29.61,0.02,239,707509,买盘
09:46:34,29.58,-0.03,148,437860,卖盘
09:46:38,29.57,-0.01,258,762990,卖盘
09:46:41,29.57,0.0,53,156721,买盘
09:46:44,29.59,0.02,171,505816,买盘
09:46:47,29.58,-0.01,22,65087,卖盘
09:46:50,29.6,0.02,129,381732,买盘
09:46:53,29.58,-0.02,62,183408,卖盘
09:46:55,29.59,0.01,15,44392,买盘
09:46:59,29.59,0.0,81,239751,卖盘
09:47:02,29.61,0.02,47,139167,买盘
09:47:05,29.6,-0.01,72,213138,卖盘
09:47:08,29.59,-0.01,35,103597,卖盘
09:47:11,29.61,0.02,45,133215,买盘
09:47:14,29.59,-0.02,296,875873,卖盘
09:47:17,29.59,0.0,46,136114,买盘
09:47:19,29.57,-0.02,226,668411,卖盘
09:47:23,29.59,0.02,3,8877,买盘
09:47:25,29.58,-0.01,320,946859,卖盘
09:47:28,29.61,0.03,300,888161,买盘
09:47:31,29.59,-0.02,70,207151,卖盘
09:47:35,29.61,0.02,20,59204,买盘
09:47:38,29.6,-0.01,36,106547,卖盘
09:47:40,29.6,0.0,77,227889,买盘
09:47:44,29.6,0.0,59,174630,买盘
09:47:46,29.6,0.0,73,216070,买盘
09:47:49,29.6,0.0,196,580039,买盘
09:47:53,29.59,-0.01,257,760673,卖盘
09:47:56,29.59,0.0,192,568256,卖盘
09:47:59,29.62,0.03,450,1332409,买盘
09:48:01,29.61,-0.01,98,290309,中性盘
09:48:05,29.61,0.0,367,1086978,卖盘
09:48:08,29.62,0.01,83,245842,卖盘
09:48:11,29.61,-0.01,68,201401,卖盘
09:48:14,29.6,-0.01,187,553923,卖盘
09:48:17,29.6,0.0,23,68086,卖盘
09:48:20,29.6,0.0,81,239825,卖盘
09:48:22,29.61,0.01,28,82921,中性盘
09:48:26,29.61,0.0,60,177624,买盘
09:48:29,29.62,0.01,489,1447723,买盘
09:48:31,29.6,-0.02,94,278243,卖盘
09:48:35,29.6,0.0,311,920949,卖盘
09:48:38,29.61,0.01,78,230907,中性盘
09:48:40,29.6,-0.01,906,2681771,卖盘
09:48:44,29.6,0.0,123,364069,买盘
09:48:46,29.6,0.0,102,301834,买盘
09:48:49,29.6,0.0,313,926462,买盘
09:48:53,29.59,-0.01,264,781399,卖盘
09:48:56,29.6,0.01,75,221948,买盘
09:48:58,29.6,0.0,405,1198737,买盘
09:49:02,29.6,0.0,808,2389333,买盘
09:49:04,29.6,0.0,58,171684,买盘
09:49:08,29.6,0.0,96,284160,卖盘
09:49:11,29.6,0.0,43,127287,卖盘
09:49:14,29.62,0.02,194,574498,买盘
09:49:17,29.6,-0.02,370,1095059,卖盘
09:49:19,29.6,0.0,62,183471,买盘
09:49:22,29.6,0.0,150,444025,买盘
09:49:26,29.6,0.0,69,204296,卖盘
09:49:29,29.63,0.03,167,494653,买盘
09:49:32,29.63,0.0,287,850485,买盘
09:49:34,29.62,-0.01,404,1197468,卖盘
09:49:37,29.61,-0.01,243,719824,卖盘
09:49:40,29.62,0.01,166,491633,买盘
09:49:44,29.6,-0.02,660,1956137,卖盘
09:49:47,29.62,0.02,38,112529,买盘
09:49:50,29.61,-0.01,139,411755,卖盘
09:49:53,29.62,0.01,61,180740,买盘
09:49:56,29.65,0.03,68,201507,买盘
09:49:59,29.63,-0.02,73,216215,中性盘
09:50:02,29.6,-0.03,638,1888853,卖盘
09:50:04,29.6,0.0,1083,3208258,卖盘
09:50:08,29.59,-0.01,214,633537,卖盘
09:50:11,29.64,0.05,89,263832,中性盘
09:50:14,29.65,0.01,85,252017,买盘
09:50:16,29.63,-0.02,1022,3025695,卖盘
09:50:20,29.6,-0.03,37,109548,卖盘
09:50:23,29.59,-0.01,107,316736,卖盘
09:50:26,29.6,0.01,74,218984,买盘
09:50:29,29.59,-0.01,431,1275465,卖盘
09:50:32,29.6,0.01,1757,5201651,中性盘
09:50:35,29.6,0.0,92,272314,买盘
09:50:37,29.6,0.0,393,1163286,卖盘
09:50:41,29.6,0.0,1913,5664221,卖盘
09:50:43,29.61,0.01,2524,7473259,买盘
09:50:47,29.6,-0.01,128,378974,卖盘
09:50:50,29.61,0.01,668,1977345,买盘
09:50:53,29.6,-0.01,39,115456,卖盘
09:50:56,29.62,0.02,85,251704,买盘
09:50:59,29.6,-0.02,174,515343,卖盘
09:51:02,29.64,0.04,167,494879,买盘
09:51:05,29.62,-0.02,16,47397,中性盘
09:51:08,29.62,0.0,27,79965,卖盘
09:51:11,29.6,-0.02,469,1388247,卖盘
09:51:14,29.61,0.01,507,1500792,买盘
09:51:17,29.61,0.0,37,109558,卖盘
09:51:20,29.61,0.0,78,230964,卖盘
09:51:23,29.61,0.0,56,165825,卖盘
09:51:26,29.6,-0.01,210,621992,卖盘
09:51:29,29.6,0.0,21,62160,买盘
09:51:32,29.6,0.0,85,251600,买盘
09:51:35,29.6,0.0,885,2619185,买盘
09:51:38,29.58,-0.02,133,393501,卖盘
09:51:41,29.59,0.01,609,1802011,买盘
09:51:44,29.56,-0.03,525,1552396,卖盘
09:51:46,29.59,0.03,118,349198,买盘
09:51:50,29.6,0.01,561,1660456,买盘
09:51:53,29.59,-0.01,84,248599,中性盘
09:51:56,29.58,-0.01,28,82825,卖盘
09:51:59,29.57,-0.01,182,538098,卖盘
09:52:01,29.56,-0.01,212,627033,卖盘
09:52:05,29.57,0.01,205,606253,中性盘
09:52:08,29.57,0.0,42,124203,卖盘
09:52:11,29.57,0.0,67,198086,买盘
09:52:14,29.58,0.01,15,44365,买盘
09:52:17,29.56,-0.02,1010,2985445,卖盘
09:52:20,29.56,0.0,94,278029,卖盘
09:52:23,29.56,0.0,92,272028,卖盘
09:52:26,29.56,0.0,198,585232,卖盘
09:52:29,29.56,0.0,54,159635,买盘
09:52:32,29.55,-0.01,364,1075754,卖盘
09:52:35,29.56,0.01,165,487753,卖盘
09:52:38,29.56,0.0,133,393268,卖盘
09:52:41,29.55,-0.01,227,671047,卖盘
09:52:44,29.57,0.02,201,594217,买盘
09:52:47,29.56,-0.01,193,570722,卖盘
09:52:50,29.57,0.01,78,230689,中性盘
09:52:53,29.59,0.02,73,215992,买盘
09:52:55,29.58,-0.01,125,369823,卖盘
09:52:59,29.6,0.02,395,1167628,买盘
09:53:02,29.55,-0.05,254,750914,卖盘
09:53:05,29.56,0.01,611,1805705,卖盘
09:53:08,29.56,0.0,120,354842,卖盘
09:53:10,29.56,0.0,30,88680,买盘
09:53:14,29.6,0.04,303,896690,买盘
09:53:17,29.6,0.0,61,180563,卖盘
09:53:20,29.56,-0.04,39,115396,卖盘
09:53:23,29.58,0.02,62,183479,中性盘
09:53:25,29.6,0.02,448,1326926,买盘
09:53:29,29.6,0.0,47,139109,买盘
09:53:32,29.58,-0.02,321,949173,卖盘
09:53:35,29.6,0.02,87,257438,买盘
09:53:38,29.57,-0.03,5,14786,卖盘
09:53:40,29.61,0.04,450,1330567,买盘
09:53:43,29.6,-0.01,328,969965,买盘
09:53:47,29.6,0.0,74,218892,买盘
09:53:49,29.6,0.0,64,189455,卖盘
09:53:53,29.6,0.0,97,287100,卖盘
09:53:56,29.58,-0.02,6,17758,卖盘
09:53:58,29.58,0.0,28,82876,卖盘
09:54:02,29.6,0.02,43,127274,买盘
09:54:05,29.6,0.0,35,103595,买盘
09:54:08,29.58,-0.02,214,632906,卖盘
09:54:10,29.59,0.01,162,479011,买盘
09:54:13,29.56,-0.03,310,916385,卖盘
09:54:17,29.58,0.02,27,79867,卖盘
09:54:19,29.58,0.0,41,121304,卖盘
09:54:23,29.58,0.0,33,97628,卖盘
09:54:25,29.56,-0.02,116,342945,卖盘
09:54:28,29.56,0.0,270,798297,卖盘
09:54:32,29.56,0.0,97,286736,买盘
09:54:35,29.57,0.01,302,893001,买盘
09:54:38,29.56,-0.01,143,422640,卖盘
09:54:41,29.56,0.0,275,812748,买盘
09:54:44,29.56,0.0,106,313267,买盘
09:54:46,29.57,0.01,196,579362,买盘
09:54:50,29.54,-0.03,223,659015,卖盘
09:54:53,29.57,0.03,565,1671247,中性盘
09:54:56,29.58,0.01,33,97580,买盘
09:54:59,29.57,-0.01,255,753843,卖盘
09:55:02,29.56,-0.01,174,514516,卖盘
09:55:05,29.55,-0.01,250,738980,卖盘
09:55:08,29.56,0.01,177,523214,买盘
09:55:11,29.56,0.0,78,230572,卖盘
09:55:13,29.56,0.0,172,508569,卖盘
09:55:16,29.57,0.01,67,198053,中性盘
09:55:20,29.57,0.0,640,1891454,买盘
09:55:22,29.56,-0.01,286,845497,卖盘
09:55:25,29.57,0.01,182,538345,中性盘
09:55:29,29.57,0.0,374,1105475,卖盘
09:55:32,29.57,0.0,95,281043,卖盘
09:55:35,29.59,0.02,446,1319547,买盘
09:55:38,29.59,0.0,559,1654493,卖盘
09:55:40,29.6,0.01,57,168672,买盘
09:55:44,29.57,-0.03,551,1629684,卖盘
09:55:47,29.59,0.02,213,629956,买盘
09:55:50,29.58,-0.01,149,440846,卖盘
09:55:53,29.57,-0.01,134,396304,卖盘
09:55:55,29.6,0.03,7,20717,买盘
09:55:58,29.59,-0.01,219,648376,买盘
09:56:02,29.59,0.0,30,88770,买盘
09:56:05,29.59,0.0,23,68057,卖盘
09:56:07,29.59,0.0,66,195294,卖盘
09:56:10,29.58,-0.01,58,171620,卖盘
09:56:14,29.6,0.02,151,446848,买盘
09:56:17,29.62,0.02,194,574301,买盘
09:56:20,29.59,-0.03,193,571068,卖盘
09:56:23,29.59,0.0,61,180484,买盘
09:56:26,29.6,0.01,780,2307744,买盘
09:56:28,29.59,-0.01,72,213001,买盘
09:56:32,29.58,-0.01,169,500016,卖盘
09:56:35,29.59,0.01,39,115401,卖盘
09:56:38,29.6,0.01,606,1792768,买盘
09:56:40,29.57,-0.03,554,1638727,卖盘
09:56:43,29.6,0.03,137,405243,买盘
09:56:47,29.59,-0.01,49,144995,卖盘
09:56:50,29.59,0.0,1,2959,买盘
09:56:53,29.58,-0.01,52,153834,卖盘
09:56:55,29.58,0.0,52,153859,卖盘
09:56:59,29.57,-0.01,377,1114864,卖盘
09:57:02,29.57,0.0,84,248387,买盘
09:57:05,29.56,-0.01,1332,3937626,卖盘
09:57:08,29.57,0.01,56,165605,中性盘
09:57:11,29.56,-0.01,1267,3745555,卖盘
09:57:14,29.55,-0.01,834,2464941,卖盘
09:57:17,29.56,0.01,353,1043117,买盘
09:57:19,29.58,0.02,111,328143,买盘
09:57:23,29.56,-0.02,298,881020,卖盘
09:57:26,29.56,0.0,310,916217,卖盘
09:57:29,29.58,0.02,29,85731,买盘
09:57:32,29.59,0.01,405,1197240,买盘
09:57:35,29.54,-0.05,125,369312,卖盘
09:57:38,29.57,0.03,23,67959,买盘
09:57:41,29.56,-0.01,13,38431,卖盘
09:57:44,29.56,0.0,40,118228,买盘
09:57:47,29.55,-0.01,32,94562,卖盘
09:57:50,29.55,0.0,47,138885,买盘
09:57:53,29.54,-0.01,317,936608,卖盘
09:57:56,29.55,0.01,89,262937,买盘
09:57:59,29.54,-0.01,151,446188,卖盘
09:58:02,29.55,0.01,198,586593,买盘
09:58:05,29.54,-0.01,14,41366,卖盘
09:58:07,29.55,0.01,19,56144,买盘
09:58:11,29.54,-0.01,130,382991,卖盘
09:58:14,29.55,0.01,396,1168922,买盘
09:58:17,29.55,0.0,97,286635,卖盘
09:58:20,29.57,0.02,52,153664,买盘
09:58:23,29.54,-0.03,343,1013635,卖盘
09:58:26,29.53,-0.01,127,375301,卖盘
09:58:29,29.54,0.01,27,79782,中性盘
09:58:31,29.59,0.05,159,469923,买盘
09:58:34,29.57,-0.02,120,354940,中性盘
09:58:38,29.57,0.0,23,68022,卖盘
09:58:41,29.58,0.01,24,70992,买盘
09:58:44,29.58,0.0,26,76894,买盘
09:58:47,29.58,0.0,2,5916,买盘
09:58:50,29.58,0.0,73,215897,买盘
09:58:53,29.57,-0.01,66,195199,卖盘
09:58:56,29.57,0.0,19,56185,卖盘
09:58:59,29.56,-0.01,31,91644,卖盘
09:59:02,29.58,0.02,122,360755,买盘
09:59:05,29.58,0.0,25,76044,买盘
09:59:08,29.58,0.0,49,144935,买盘
09:59:11,29.56,-0.02,51,150778,卖盘
09:59:14,29.58,0.02,52,153808,买盘
09:59:17,29.55,-0.03,250,738958,卖盘
09:59:20,29.55,0.0,337,995570,卖盘
09:59:21,29.58,0.03,35,103488,买盘
09:59:26,29.58,0.0,59,174459,买盘
09:59:29,29.57,-0.01,67,198115,中性盘
09:59:32,29.55,-0.02,150,443480,卖盘
09:59:35,29.55,0.0,342,1009185,卖盘
09:59:38,29.55,0.0,21,62055,买盘
09:59:41,29.55,0.0,101,298455,买盘
09:59:44,29.55,0.0,166,490495,买盘
09:59:47,29.55,0.0,276,817338,买盘
09:59:50,29.57,0.02,70,205516,买盘
09:59:53,29.57,0.0,99,292714,买盘
09:59:56,29.55,-0.02,184,543735,卖盘
09:59:59,29.56,0.01,29,85741,中性盘
10:00:02,29.56,0.0,145,428626,卖盘
10:00:05,29.56,0.0,6,17732,买盘
10:00:08,29.56,0.0,12,35468,买盘
10:00:09,29.56,0.0,42,124137,买盘
10:00:14,29.56,0.0,190,562596,买盘
10:00:17,29.57,0.01,128,378373,买盘
10:00:18,29.56,-0.01,391,1157161,卖盘
10:00:23,29.57,0.01,65,192193,买盘
10:00:26,29.57,0.0,43,127146,买盘
10:00:29,29.57,0.0,87,257205,买盘
10:00:32,29.56,-0.01,102,301563,卖盘
10:00:35,29.57,0.01,41,119323,买盘
10:00:38,29.57,0.0,77,228556,买盘
10:00:41,29.58,0.01,50,147871,买盘
10:00:44,29.57,-0.01,55,162652,卖盘
10:00:47,29.57,0.0,11,32527,卖盘
10:00:50,29.57,0.0,378,1117534,卖盘
10:00:53,29.58,0.01,298,881445,买盘
10:00:55,29.58,0.0,21,62105,买盘
10:00:59,29.58,0.0,64,189289,买盘
10:01:02,29.58,0.0,33,97614,买盘
10:01:05,29.58,0.0,651,1925297,买盘
10:01:08,29.58,0.0,151,446614,买盘
10:01:11,29.55,-0.03,202,595547,卖盘
10:01:12,29.55,0.0,81,239336,买盘
10:01:17,29.55,0.0,39,115245,买盘
10:01:20,29.55,0.0,301,889641,买盘
10:01:21,29.55,0.0,73,215709,买盘
10:01:26,29.55,0.0,79,233425,买盘
10:01:29,29.55,0.0,191,564166,买盘
10:01:32,29.55,0.0,14,41367,买盘
10:01:35,29.55,0.0,143,422777,买盘
10:01:38,29.55,0.0,104,305906,买盘
10:01:41,29.58,0.03,100,295549,买盘
10:01:44,29.58,0.0,64,189266,买盘
10:01:45,29.54,-0.04,273,807762,卖盘
10:01:50,29.55,0.01,196,579049,买盘
10:01:53,29.58,0.03,100,295760,买盘
10:01:56,29.58,0.0,106,313477,买盘
10:01:57,29.58,0.0,49,144871,买盘
10:02:00,29.58,0.0,20,59154,买盘
10:02:03,29.58,0.0,63,185967,买盘
10:02:06,29.57,-0.01,35,103511,中性盘
10:02:11,29.57,0.0,46,136020,买盘
10:02:14,29.57,0.0,20,59124,买盘
10:02:17,29.55,-0.02,78,230497,卖盘
10:02:20,29.56,0.01,219,647165,买盘
10:02:23,29.57,0.01,18,52141,买盘
10:02:24,29.55,-0.02,22,66028,卖盘
10:02:29,29.56,0.01,44,130072,买盘
10:02:32,29.57,0.01,185,546796,买盘
10:02:35,29.55,-0.02,50,147794,卖盘
10:02:38,29.56,0.01,26,76846,买盘
10:02:41,29.57,0.01,37,109374,买盘
10:02:44,29.56,-0.01,37,109376,中性盘
10:02:47,29.56,0.0,17,50247,买盘
10:02:50,29.56,0.0,72,212817,买盘
10:02:53,29.57,0.01,34,100504,买盘
10:02:56,29.55,-0.02,67,198008,卖盘
10:02:59,29.56,0.01,19,56154,买盘
10:03:02,29.56,0.0,59,174399,买盘
10:03:05,29.56,0.0,61,180926,买盘
10:03:08,29.58,0.02,309,914671,买盘
10:03:11,29.59,0.01,125,369726,买盘
10:03:14,29.6,0.01,480,1419348,买盘
10:03:15,29.57,-0.03,2,5917,中性盘
10:03:20,29.57,0.0,39,113534,买盘
10:03:23,29.59,0.02,161,476082,买盘
10:03:26,29.59,0.0,3,8875,买盘
10:03:29,29.59,0.0,265,783323,买盘
10:03:30,29.56,-0.03,216,638422,卖盘
10:03:35,29.59,0.03,158,467132,买盘
10:03:38,29.57,-0.02,93,274947,卖盘
10:03:39,29.57,0.0,12,35469,买盘
10:03:44,29.57,0.0,54,159668,买盘
10:03:47,29.57,0.0,115,340019,买盘
10:03:50,29.57,0.0,29,86567,买盘
10:03:53,29.55,-0.02,111,328134,卖盘
10:03:54,29.58,0.03,64,189256,买盘
10:03:59,29.58,0.0,66,195244,卖盘
10:04:00,29.59,0.01,122,360911,买盘
10:04:05,29.59,0.0,265,784088,买盘
10:04:08,29.6,0.01,487,1440506,买盘
10:04:11,29.6,0.0,189,559378,买盘
10:04:14,29.56,-0.04,810,2395136,卖盘
10:04:17,29.58,0.02,46,136105,卖盘
10:04:18,29.6,0.02,31,92089,买盘
10:04:23,29.57,-0.03,105,310292,卖盘
10:04:24,29.57,0.0,122,360754,买盘
10:04:29,29.56,-0.01,50,147814,卖盘
10:04:32,29.57,0.01,505,1492854,买盘
10:04:35,29.56,-0.01,59,174439,卖盘
10:04:36,29.57,0.01,21,62089,买盘
10:04:41,29.58,0.01,84,246852,买盘
10:04:44,29.58,0.0,146,431498,买盘
10:04:47,29.58,0.0,94,277972,买盘
10:04:50,29.56,-0.02,175,519338,卖盘
10:04:51,29.56,0.0,138,405989,卖盘
10:04:56,29.59,0.03,36,106432,买盘
10:04:59,29.59,0.0,12,35503,买盘
10:05:02,29.59,0.0,95,282962,买盘
10:05:05,29.6,0.01,363,1074845,买盘
10:05:08,29.6,0.0,17,50321,卖盘
10:05:11,29.59,-0.01,294,870050,卖盘
10:05:14,29.59,0.0,45,133151,买盘
10:05:17,29.58,-0.01,25,71582,卖盘
10:05:20,29.58,0.0,50,147899,买盘
10:05:23,29.56,-0.02,258,763072,卖盘
10:05:26,29.56,0.0,42,124186,卖盘
10:05:29,29.57,0.01,63,186321,卖盘
10:05:32,29.56,-0.01,180,532206,卖盘
10:05:35,29.57,0.01,49,146398,买盘
10:05:38,29.57,0.0,66,195156,买盘
10:05:41,29.58,0.01,174,514551,买盘
10:05:44,29.56,-0.02,824,2436105,卖盘
10:05:45,29.58,0.02,43,127150,买盘
10:05:48,29.57,-0.01,54,158022,卖盘
10:05:51,29.58,0.01,222,656255,买盘
10:05:56,29.56,-0.02,79,233651,卖盘
10:05:59,29.56,0.0,57,168492,买盘
10:06:02,29.56,0.0,186,549737,买盘
10:06:05,29.55,-0.01,270,798275,卖盘
10:06:08,29.55,0.0,610,1802640,卖盘
10:06:11,29.56,0.01,107,316425,卖盘
10:06:14,29.55,-0.01,352,1040283,卖盘
10:06:17,29.58,0.03,18,53214,买盘
10:06:20,29.55,-0.03,87,257104,卖盘
10:06:23,29.56,0.01,79,233594,买盘
10:06:26,29.6,0.04,607,1796604,买盘
10:06:29,29.6,0.0,43,126807,卖盘
10:06:32,29.58,-0.02,203,600000,卖盘
10:06:35,29.56,-0.02,45,133074,卖盘
10:06:36,29.6,0.04,690,2041071,买盘
10:06:41,29.6,0.0,56,165750,买盘
10:06:44,29.57,-0.03,470,1388916,卖盘
10:06:47,29.59,0.02,9,26633,卖盘
10:06:50,29.58,-0.01,41,121317,卖盘
10:06:53,29.56,-0.02,306,904723,卖盘
10:06:56,29.58,0.02,9,26622,中性盘
10:06:59,29.6,0.02,53,156813,买盘
10:07:02,29.6,0.0,131,387541,买盘
10:07:05,29.57,-0.03,21,62111,中性盘
10:07:06,29.59,0.02,31,91696,买盘
10:07:10,29.59,0.0,29,85809,买盘
10:07:14,29.58,-0.01,96,283916,卖盘
10:07:17,29.59,0.01,28,82841,买盘
10:07:20,29.6,0.01,46,137419,买盘
10:07:23,29.57,-0.03,69,204125,卖盘
10:07:24,29.59,0.02,11,32549,中性盘
10:07:27,29.6,0.01,23,68075,买盘
10:07:32,29.58,-0.02,429,1269794,卖盘
10:07:35,29.6,0.02,50,146302,买盘
10:07:38,29.6,0.0,52,155600,卖盘
10:07:41,29.6,0.0,22,65123,卖盘
10:07:42,29.6,0.0,145,429085,卖盘
10:07:47,29.6,0.0,23,68101,卖盘
10:07:50,29.6,0.0,73,217177,卖盘
10:07:53,29.61,0.01,74,219065,买盘
10:07:56,29.62,0.01,1034,3062190,买盘
10:07:59,29.61,-0.01,53,156918,买盘
10:08:02,29.62,0.01,375,1109154,买盘
10:08:05,29.61,-0.01,33,97716,中性盘
10:08:08,29.62,0.01,23,68117,买盘
10:08:11,29.64,0.02,580,1719358,买盘
10:08:14,29.63,-0.01,884,2619507,卖盘
10:08:17,29.63,0.0,20,59260,卖盘
10:08:19,29.64,0.01,305,903364,买盘
10:08:23,29.63,-0.01,428,1268314,卖盘
10:08:26,29.64,0.01,2,5928,卖盘
10:08:29,29.64,0.0,11,32604,卖盘
10:08:30,29.6,-0.04,802,2375963,卖盘
10:08:35,29.63,0.03,68,201484,买盘
10:08:38,29.61,-0.02,27,79973,中性盘
10:08:39,29.61,0.0,50,148140,卖盘
10:08:42,29.61,0.0,313,926734,卖盘
10:08:47,29.61,0.0,51,151011,买盘
10:08:50,29.61,0.0,71,208655,买盘
10:08:53,29.6,-0.01,176,521157,卖盘
10:08:56,29.6,0.0,35,103610,卖盘
10:08:57,29.61,0.01,68,201394,卖盘
10:09:02,29.61,0.0,188,556607,卖盘
10:09:05,29.6,-0.01,10,29608,卖盘
10:09:08,29.61,0.01,201,595043,买盘
10:09:11,29.64,0.03,111,328838,买盘
10:09:12,29.61,-0.03,77,228017,卖盘
10:09:17,29.63,0.02,9,26665,买盘
10:09:20,29.62,-0.01,69,203981,卖盘
10:09:23,29.64,0.02,82,242856,买盘
10:09:26,29.63,-0.01,108,319952,中性盘
10:09:29,29.63,0.0,6,17778,买盘
10:09:32,29.61,-0.02,173,512531,卖盘
10:09:35,29.63,0.02,52,154019,中性盘
10:09:38,29.62,-0.01,13,38501,卖盘
10:09:40,29.63,0.01,65,192531,买盘
10:09:42,29.63,0.0,13,38513,买盘
10:09:46,29.62,-0.01,22,65185,卖盘
10:09:50,29.63,0.01,75,222131,买盘
10:09:53,29.64,0.01,155,459252,买盘
10:09:56,29.63,-0.01,51,151108,中性盘
10:09:59,29.63,0.0,57,168943,卖盘
10:10:02,29.64,0.01,86,254855,买盘
10:10:05,29.63,-0.01,626,1856917,卖盘
10:10:08,29.64,0.01,53,157077,买盘
10:10:11,29.64,0.0,84,249206,买盘
10:10:14,29.64,0.0,259,767693,卖盘
10:10:17,29.64,0.0,6,17785,卖盘
10:10:20,29.65,0.01,44,131038,买盘
10:10:23,29.63,-0.02,237,702395,卖盘
10:10:26,29.65,0.02,50,148225,买盘
10:10:29,29.64,-0.01,39,115624,卖盘
10:10:32,29.65,0.01,59,174929,买盘
10:10:35,29.65,0.0,118,349932,卖盘
10:10:36,29.66,0.01,22,65242,买盘
10:10:41,29.65,-0.01,61,180868,卖盘
10:10:42,29.66,0.01,169,501202,买盘
10:10:47,29.66,0.0,44,130504,卖盘
10:10:50,29.66,0.0,218,646256,买盘
10:10:53,29.67,0.01,185,548117,买盘
10:10:56,29.66,-0.01,19,56362,卖盘
10:10:57,29.66,0.0,41,121634,卖盘
10:11:01,29.66,0.0,32,94921,卖盘
10:11:05,29.66,0.0,131,387604,卖盘
10:11:08,29.67,0.01,74,219523,买盘
10:11:11,29.68,0.01,193,572659,买盘
10:11:14,29.66,-0.02,64,189801,卖盘
10:11:16,29.67,0.01,13,38571,买盘
10:11:19,29.66,-0.01,62,183089,卖盘
10:11:23,29.65,-0.01,92,272814,卖盘
10:11:26,29.66,0.01,9,26694,买盘
10:11:28,29.66,0.0,6,17796,买盘
10:11:32,29.65,-0.01,12,35586,卖盘
10:11:34,29.65,0.0,91,269858,卖盘
10:11:38,29.66,0.01,100,296455,买盘
10:11:41,29.65,-0.01,24,71162,中性盘
10:11:44,29.64,-0.01,58,171937,卖盘
10:11:46,29.66,0.02,18,53379,买盘
10:11:50,29.65,-0.01,56,168543,卖盘
10:11:53,29.65,0.0,198,587175,买盘
10:11:56,29.65,0.0,15,44483,卖盘
10:11:59,29.62,-0.03,686,2031680,卖盘
10:12:02,29.64,0.02,37,109694,买盘
10:12:05,29.62,-0.02,26,77038,卖盘
10:12:08,29.64,0.02,45,133366,买盘
10:12:11,29.62,-0.02,31,91775,买盘
10:12:14,29.6,-0.02,200,592047,卖盘
10:12:17,29.62,0.02,4,11848,中性盘
10:12:20,29.62,0.0,15,44430,卖盘
10:12:23,29.61,-0.01,69,204320,卖盘
10:12:26,29.6,-0.01,38,112526,卖盘
10:12:29,29.62,0.02,377,1115047,买盘
10:12:31,29.62,0.0,85,251876,卖盘
10:12:34,29.62,0.0,50,147053,卖盘
10:12:38,29.63,0.01,176,521111,中性盘
10:12:41,29.62,-0.01,20,59264,中性盘
10:12:44,29.65,0.03,172,509632,买盘
10:12:47,29.62,-0.03,13,38536,卖盘
10:12:50,29.62,0.0,17,50357,卖盘
10:12:53,29.62,0.0,83,245948,卖盘
10:12:56,29.63,0.01,4,11849,中性盘
10:12:59,29.63,0.0,4,11850,卖盘
10:13:02,29.63,0.0,53,157037,买盘
10:13:05,29.62,-0.01,59,174542,卖盘
10:13:07,29.63,0.01,76,225164,买盘
10:13:11,29.62,-0.01,131,388088,卖盘
10:13:14,29.62,0.0,553,1637730,卖盘
10:13:17,29.62,0.0,101,299257,买盘
10:13:19,29.63,0.01,99,293748,买盘
10:13:23,29.63,0.0,230,681003,买盘
10:13:26,29.63,0.0,49,145175,买盘
10:13:29,29.62,-0.01,58,171851,中性盘
10:13:32,29.65,0.03,209,619367,买盘
10:13:35,29.63,-0.02,81,241528,中性盘
10:13:38,29.65,0.02,25,74077,买盘
10:13:41,29.63,-0.02,46,136342,卖盘
10:13:44,29.62,-0.01,100,296288,卖盘
10:13:47,29.65,0.03,10,29647,买盘
10:13:49,29.62,-0.03,77,228276,卖盘
10:13:53,29.64,0.02,67,198541,买盘
10:13:56,29.64,0.0,2,5928,卖盘
10:13:59,29.64,0.0,26,77064,卖盘
10:14:02,29.65,0.01,59,174924,买盘
10:14:05,29.62,-0.03,44,130382,卖盘
10:14:08,29.63,0.01,73,216328,中性盘
10:14:11,29.65,0.02,56,166017,买盘
10:14:14,29.65,0.0,158,465971,买盘
10:14:17,29.65,0.0,248,735259,卖盘
10:14:20,29.65,0.0,21,64879,卖盘
10:14:22,29.64,-0.01,101,299473,卖盘
10:14:26,29.64,0.0,17,50388,买盘
10:14:27,29.64,0.0,36,106710,买盘
10:14:31,29.65,0.01,50,148249,买盘
10:14:35,29.63,-0.02,78,231411,卖盘
10:14:38,29.66,0.03,65,192684,买盘
10:14:41,29.66,0.0,35,103804,买盘
10:14:44,29.64,-0.02,72,213486,卖盘
10:14:47,29.66,0.02,2,5932,买盘
10:14:50,29.64,-0.02,26,77107,卖盘
10:14:53,29.66,0.02,75,220659,中性盘
10:14:56,29.67,0.01,6,17802,买盘
10:14:59,29.66,-0.01,15,44496,卖盘
10:15:02,29.66,0.0,107,317420,卖盘
10:15:05,29.68,0.02,1012,3002950,买盘
10:15:08,29.68,0.0,41,122876,卖盘
10:15:11,29.69,0.01,25,74205,买盘
10:15:14,29.69,0.0,253,750969,买盘
10:15:16,29.67,-0.02,33,97917,卖盘
10:15:19,29.66,-0.01,107,317358,卖盘
10:15:22,29.65,-0.01,281,833435,卖盘
10:15:26,29.68,0.03,745,2207389,买盘
10:15:29,29.69,0.01,180,534117,买盘
10:15:32,29.69,0.0,392,1162424,买盘
10:15:35,29.69,0.0,337,998803,卖盘
10:15:38,29.64,-0.05,41,121522,卖盘
10:15:41,29.68,0.04,49,145301,买盘
10:15:43,29.63,-0.05,208,616706,卖盘
10:15:47,29.68,0.05,4,11872,中性盘
10:15:49,29.68,0.0,157,465654,买盘
10:15:53,29.68,0.0,101,301189,买盘
10:15:56,29.66,-0.02,69,204696,卖盘
10:15:59,29.66,0.0,85,252176,买盘
10:16:02,29.67,0.01,62,183940,买盘
10:16:05,29.67,0.0,74,219451,买盘
10:16:07,29.64,-0.03,40,118591,卖盘
10:16:11,29.67,0.03,72,213509,买盘
10:16:14,29.63,-0.04,60,177877,卖盘
10:16:17,29.66,0.03,4,11863,中性盘
10:16:20,29.66,0.0,41,121571,买盘
10:16:23,29.67,0.01,313,926302,买盘
10:16:26,29.64,-0.03,51,151168,卖盘
10:16:29,29.66,0.02,26,77132,卖盘
10:16:32,29.66,0.0,86,255073,卖盘
10:16:34,29.66,0.0,132,391429,买盘
10:16:38,29.64,-0.02,29,85881,卖盘
10:16:41,29.65,0.01,20,59336,买盘
10:16:44,29.65,0.0,97,287671,卖盘
10:16:47,29.65,0.0,53,157135,买盘
10:16:49,29.65,0.0,53,157144,买盘
10:16:53,29.65,0.0,51,152623,买盘
10:16:56,29.67,0.02,59,174965,买盘
10:16:59,29.65,-0.02,158,468480,卖盘
10:17:02,29.65,0.0,59,174919,买盘
10:17:05,29.63,-0.02,153,452207,卖盘
10:17:08,29.63,0.0,83,245911,卖盘
10:17:11,29.64,0.01,107,317135,买盘
10:17:14,29.62,-0.02,108,319942,卖盘
10:17:17,29.64,0.02,18,53320,买盘
10:17:20,29.63,-0.01,38,112605,卖盘
10:17:23,29.63,0.0,97,287244,中性盘
10:17:26,29.64,0.01,79,234056,买盘
10:17:29,29.63,-0.01,4,11852,卖盘
10:17:32,29.64,0.01,51,151059,买盘
10:17:35,29.65,0.01,89,263724,买盘
10:17:38,29.63,-0.02,28,83089,卖盘
10:17:40,29.64,0.01,86,254897,买盘
10:17:44,29.62,-0.02,116,343731,卖盘
10:17:47,29.64,0.02,38,112602,买盘
10:17:50,29.63,-0.01,67,198521,卖盘
10:17:53,29.61,-0.02,433,1282636,卖盘
10:17:56,29.62,0.01,35,103668,买盘
10:17:59,29.61,-0.01,15,44419,卖盘
10:18:02,29.7,0.09,4077,12094265,买盘
10:18:04,29.71,0.01,262,778214,买盘
10:18:08,29.72,0.01,125,371748,买盘
10:18:11,29.72,0.0,89,264635,卖盘
10:18:14,29.7,-0.02,458,1360704,卖盘
10:18:17,29.72,0.02,21,62383,中性盘
10:18:20,29.71,-0.01,12,35650,中性盘
10:18:23,29.73,0.02,48,144434,买盘
10:18:26,29.74,0.01,64,190244,买盘
10:18:29,29.72,-0.02,103,305959,卖盘
10:18:32,29.73,0.01,29,86245,中性盘
10:18:35,29.73,0.0,27,80271,买盘
10:18:37,29.73,0.0,38,112507,卖盘
10:18:41,29.74,0.01,68,202218,买盘
10:18:43,29.73,-0.01,43,127871,卖盘
10:18:47,29.74,0.01,82,243847,买盘
10:18:50,29.74,0.0,19,56504,买盘
10:18:53,29.74,0.0,102,303081,买盘
10:18:55,29.74,0.0,21,62439,买盘
10:18:59,29.71,-0.03,122,362612,卖盘
10:19:02,29.74,0.03,42,124875,买盘
10:19:05,29.73,-0.01,82,243646,卖盘
10:19:08,29.74,0.01,91,270787,买盘
10:19:11,29.72,-0.02,68,202096,卖盘
10:19:13,29.72,0.0,41,121852,买盘
10:19:17,29.73,0.01,32,95111,买盘
10:19:19,29.74,0.01,339,1008336,买盘
10:19:23,29.74,0.0,29,86227,买盘
10:19:26,29.74,0.0,19,56497,买盘
10:19:28,29.74,0.0,27,80060,买盘
10:19:32,29.74,0.0,27,80298,卖盘
10:19:35,29.72,-0.02,117,347852,卖盘
10:19:38,29.74,0.02,99,293714,买盘
10:19:41,29.74,0.0,32,95180,卖盘
10:19:44,29.75,0.01,52,154654,买盘
10:19:46,29.75,0.0,13,38667,买盘
10:19:49,29.74,-0.01,149,443196,卖盘
10:19:53,29.75,0.01,141,419414,买盘
10:19:56,29.74,-0.01,72,214128,卖盘
10:19:58,29.74,0.0,99,294379,买盘
10:20:02,29.74,0.0,34,101116,买盘
10:20:05,29.75,0.01,72,214159,买盘
10:20:07,29.74,-0.01,120,356790,卖盘
10:20:11,29.74,0.0,67,199247,买盘
10:20:14,29.72,-0.02,46,136795,卖盘
10:20:17,29.7,-0.02,513,1523811,卖盘
10:20:20,29.72,0.02,31,92111,中性盘
10:20:23,29.74,0.02,90,268940,买盘
10:20:26,29.71,-0.03,3,8915,卖盘
10:20:29,29.67,-0.04,323,957014,卖盘
10:20:32,29.73,0.06,180,536708,买盘
10:20:34,29.7,-0.03,18,53502,卖盘
10:20:37,29.7,0.0,41,119399,卖盘
10:20:41,29.7,0.0,42,124740,买盘
10:20:44,29.72,0.02,96,285743,买盘
10:20:47,29.73,0.01,36,106530,买盘
10:20:50,29.7,-0.03,24,71280,买盘
10:20:52,29.68,-0.02,45,135816,卖盘
10:20:56,29.7,0.02,48,142553,买盘
10:20:59,29.7,0.0,20,59388,买盘
10:21:02,29.69,-0.01,33,98003,买盘
10:21:05,29.7,0.01,8,23759,买盘
10:21:08,29.69,-0.01,36,106879,卖盘
10:21:11,29.7,0.01,40,118757,买盘
10:21:14,29.7,0.0,114,338562,买盘
10:21:16,29.68,-0.02,75,222604,卖盘
10:21:20,29.68,0.0,16,47488,买盘
10:21:23,29.68,0.0,26,77168,买盘
10:21:26,29.68,0.0,83,246313,买盘
10:21:28,29.68,0.0,72,213695,买盘
10:21:31,29.68,0.0,71,210727,买盘
10:21:35,29.68,0.0,24,71212,买盘
10:21:38,29.68,0.0,216,640555,买盘
10:21:41,29.68,0.0,97,287891,买盘
10:21:44,29.68,0.0,32,94976,买盘
10:21:46,29.67,-0.01,53,157301,卖盘
10:21:50,29.68,0.01,126,374005,买盘
10:21:53,29.68,0.0,133,395421,卖盘
10:21:56,29.68,0.0,42,124635,买盘
10:21:59,29.68,0.0,33,97944,买盘
10:22:02,29.68,0.0,18,53424,买盘
10:22:05,29.67,-0.01,44,130532,卖盘
10:22:07,29.68,0.01,23,67892,买盘
10:22:10,29.68,0.0,47,139495,买盘
10:22:14,29.7,0.02,129,382896,买盘
10:22:17,29.68,-0.02,10,29684,卖盘
10:22:20,29.68,0.0,34,100920,卖盘
10:22:23,29.7,0.02,59,175308,买盘
10:22:25,29.68,-0.02,45,133574,卖盘
10:22:29,29.68,0.0,140,415581,卖盘
10:22:32,29.68,0.0,65,193038,卖盘
10:22:35,29.68,0.0,9,26712,卖盘
10:22:38,29.68,0.0,33,96882,卖盘
10:22:41,29.7,0.02,13,38610,买盘
10:22:44,29.68,-0.02,26,77202,卖盘
10:22:47,29.7,0.02,171,507764,买盘
10:22:50,29.69,-0.01,82,243477,中性盘
10:22:53,29.7,0.01,74,220930,买盘
10:22:56,29.7,0.0,54,160313,买盘
10:22:57,29.68,-0.02,124,367786,卖盘
10:23:02,29.68,0.0,92,273045,买盘
10:23:04,29.67,-0.01,75,222598,卖盘
10:23:07,29.68,0.01,35,102677,买盘
10:23:11,29.68,0.0,64,189952,买盘
10:23:14,29.68,0.0,23,68264,买盘
10:23:16,29.68,0.0,66,195837,买盘
10:23:20,29.69,0.01,104,308687,买盘
10:23:22,29.67,-0.02,203,603565,卖盘
10:23:26,29.69,0.02,13,39176,买盘
10:23:29,29.68,-0.01,35,103901,卖盘
10:23:32,29.68,0.0,157,466123,卖盘
10:23:38,29.68,0.0,70,207166,卖盘
10:23:40,29.68,0.0,48,142464,买盘
10:23:44,29.67,-0.01,28,83092,卖盘
10:23:46,29.67,0.0,21,62315,卖盘
10:23:49,29.68,0.01,56,166166,买盘
10:23:53,29.7,0.02,78,231864,买盘
10:23:56,29.68,-0.02,5,14840,卖盘
10:23:59,29.68,0.0,7,20778,卖盘
10:24:02,29.7,0.02,53,157404,买盘
10:24:05,29.68,-0.02,70,207768,卖盘
10:24:08,29.7,0.02,27,78018,买盘
10:24:11,29.7,0.0,50,148494,买盘
10:24:14,29.68,-0.02,30,89084,卖盘
10:24:17,29.69,0.01,56,166262,中性盘
10:24:19,29.69,0.0,36,106890,卖盘
10:24:22,29.7,0.01,159,471923,买盘
10:24:26,29.7,0.0,12,35640,买盘
10:24:29,29.7,0.0,220,653195,买盘
10:24:32,29.7,0.0,60,178196,买盘
10:24:35,29.7,0.0,51,151708,买盘
10:24:38,29.7,0.0,34,102762,卖盘
10:24:41,29.71,0.01,80,237674,买盘
10:24:44,29.7,-0.01,46,136645,卖盘
10:24:46,29.7,0.0,48,142586,卖盘
10:24:50,29.71,0.01,2,6090,买盘
10:24:53,29.7,-0.01,163,483539,卖盘
10:24:56,29.71,0.01,29,86158,买盘
10:24:58,29.7,-0.01,18,53460,卖盘
10:25:01,29.71,0.01,78,231719,买盘
10:25:05,29.7,-0.01,43,127740,卖盘
10:25:07,29.71,0.01,31,91608,买盘
10:25:10,29.71,0.0,66,196050,买盘
10:25:13,29.71,0.0,41,121804,买盘
10:25:16,29.7,-0.01,38,112880,卖盘
10:25:20,29.71,0.01,32,95072,买盘
10:25:23,29.71,0.0,111,330211,买盘
10:25:26,29.7,-0.01,285,844910,卖盘
10:25:28,29.7,0.0,12,35639,买盘
10:25:32,29.7,0.0,240,712590,买盘
10:25:34,29.7,0.0,16,47519,买盘
10:25:38,29.69,-0.01,42,127220,卖盘
10:25:40,29.7,0.01,204,605787,买盘
10:25:44,29.69,-0.01,38,112840,卖盘
10:25:47,29.7,0.01,46,134353,买盘
10:25:50,29.7,0.0,6,17818,买盘
10:25:53,29.71,0.01,62,184117,买盘
10:25:56,29.7,-0.01,31,92010,中性盘
10:25:59,29.69,-0.01,30,89052,中性盘
10:26:01,29.7,0.01,50,148482,买盘
10:26:05,29.68,-0.02,5,14843,卖盘
10:26:08,29.68,0.0,274,815749,卖盘
10:26:11,29.68,0.0,116,341812,卖盘
10:26:14,29.67,-0.01,29,86052,卖盘
10:26:17,29.67,0.0,234,694506,卖盘
10:26:20,29.68,0.01,36,106848,买盘
10:26:23,29.68,0.0,95,284180,买盘
10:26:25,29.68,0.0,38,112763,买盘
10:26:29,29.67,-0.01,20,59358,卖盘
10:26:32,29.68,0.01,27,80134,买盘
10:26:34,29.68,0.0,52,154289,买盘
10:26:38,29.68,0.0,48,142329,买盘
10:26:40,29.66,-0.02,1105,3274528,卖盘
10:26:44,29.67,0.01,56,166114,买盘
10:26:47,29.64,-0.03,19,56341,卖盘
10:26:50,29.66,0.02,9,26695,中性盘
10:26:53,29.66,0.0,45,134161,卖盘
10:26:56,29.66,0.0,5,14830,买盘
10:26:59,29.67,0.01,32,94917,买盘
10:27:02,29.66,-0.01,70,207596,买盘
10:27:05,29.66,0.0,23,68218,买盘
10:27:08,29.65,-0.01,26,76852,中性盘
10:27:11,29.64,-0.01,78,232993,卖盘
10:27:14,29.66,0.02,67,198711,买盘
10:27:16,29.66,0.0,22,65239,买盘
10:27:20,29.65,-0.01,10,29650,卖盘
10:27:23,29.65,0.0,81,240179,卖盘
10:27:26,29.65,0.0,38,112670,买盘
10:27:29,29.65,0.0,38,112202,卖盘
10:27:31,29.66,0.01,63,186776,买盘
10:27:34,29.64,-0.02,256,757092,卖盘
10:27:38,29.64,0.0,87,257868,买盘
10:27:41,29.64,0.0,44,130398,买盘
10:27:44,29.63,-0.01,149,441509,卖盘
10:27:47,29.62,-0.01,45,133333,卖盘
10:27:49,29.63,0.01,4,11852,买盘
10:27:53,29.63,0.0,85,253794,买盘
10:27:56,29.62,-0.01,24,71089,卖盘
10:27:59,29.62,0.0,17,50354,卖盘
10:28:02,29.63,0.01,76,225160,买盘
10:28:05,29.61,-0.02,165,486722,卖盘
10:28:07,29.61,0.0,28,82917,卖盘
10:28:11,29.62,0.01,83,245834,买盘
10:28:14,29.62,0.0,80,236909,买盘
10:28:17,29.62,0.0,83,245830,买盘
10:28:20,29.62,0.0,99,293219,买盘
10:28:23,29.62,0.0,107,316948,买盘
10:28:26,29.61,-0.01,6,17768,卖盘
10:28:29,29.63,0.02,112,331823,买盘
10:28:32,29.63,0.0,775,2295145,卖盘
10:28:35,29.63,0.0,23,68153,卖盘
10:28:38,29.63,0.0,31,91853,卖盘
10:28:41,29.64,0.01,110,325821,买盘
10:28:44,29.63,-0.01,42,124466,中性盘
10:28:47,29.63,0.0,227,672448,中性盘
10:28:50,29.63,0.0,34,100738,买盘
10:28:53,29.63,0.0,21,62203,买盘
10:28:56,29.62,-0.01,35,103669,买盘
10:28:59,29.61,-0.01,46,136224,卖盘
10:29:02,29.62,0.01,93,275463,买盘
10:29:05,29.61,-0.01,187,553712,卖盘
10:29:08,29.62,0.01,26,79722,买盘
10:29:11,29.62,0.0,351,1039343,买盘
10:29:14,29.61,-0.01,82,242867,卖盘
10:29:17,29.61,0.0,55,161598,卖盘
10:29:20,29.61,0.0,61,180657,买盘
10:29:23,29.6,-0.01,85,250129,卖盘
10:29:26,29.6,0.0,19,56247,卖盘
10:29:29,29.61,0.01,65,192447,买盘
10:29:31,29.61,0.0,139,411576,买盘
10:29:35,29.61,0.0,44,130264,买盘
10:29:38,29.6,-0.01,47,140076,卖盘
10:29:41,29.61,0.01,216,639542,买盘
10:29:43,29.61,0.0,272,805369,买盘
10:29:47,29.6,-0.01,102,301939,卖盘
10:29:50,29.6,0.0,23,68081,卖盘
10:29:53,29.6,0.0,148,437948,卖盘
10:29:56,29.61,0.01,19,56247,买盘
10:29:59,29.6,-0.01,34,100670,卖盘
10:30:02,29.61,0.01,44,130284,买盘
10:30:05,29.61,0.0,19,56259,买盘
10:30:07,29.63,0.02,438,1297636,买盘
10:30:11,29.62,-0.01,18,53316,卖盘
10:30:14,29.62,0.0,1,2962,卖盘
10:30:17,29.62,0.0,10,29629,卖盘
10:30:20,29.62,0.0,69,204422,卖盘
10:30:23,29.62,0.0,21,62322,卖盘
10:30:26,29.62,0.0,73,215522,卖盘
10:30:28,29.62,0.0,110,325817,买盘
10:30:32,29.62,0.0,159,470806,买盘
10:30:35,29.6,-0.02,285,843649,卖盘
10:30:37,29.6,0.0,23,69273,卖盘
10:30:41,29.62,0.02,60,177632,买盘
10:30:44,29.62,0.0,259,767921,买盘
10:30:47,29.62,0.0,39,115578,卖盘
10:30:50,29.64,0.02,233,690424,买盘
10:30:53,29.64,0.0,68,199199,买盘
10:30:56,29.64,0.0,9,26676,买盘
10:30:59,29.63,-0.01,62,183674,中性盘
10:31:02,29.64,0.01,55,163018,买盘
10:31:05,29.62,-0.02,49,145140,卖盘
10:31:07,29.62,0.0,42,126433,卖盘
10:31:11,29.63,0.01,31,91853,买盘
10:31:14,29.64,0.01,51,151159,买盘
10:31:17,29.63,-0.01,95,281484,卖盘
10:31:20,29.64,0.01,104,308122,买盘
10:31:23,29.61,-0.03,1253,3711929,卖盘
10:31:26,29.64,0.03,20,59259,买盘
10:31:28,29.64,0.0,7,20733,买盘
10:31:31,29.63,-0.01,119,352363,买盘
10:31:35,29.63,0.0,3,8889,买盘
10:31:38,29.61,-0.02,2069,6124796,卖盘
10:31:41,29.61,0.0,70,207330,买盘
10:31:44,29.64,0.03,63,186671,买盘
10:31:46,29.63,-0.01,8,23704,卖盘
10:31:50,29.64,0.01,71,210312,买盘
10:31:53,29.65,0.01,63,186560,买盘
10:31:56,29.65,0.0,16,47419,买盘
10:31:59,29.65,0.0,69,204549,买盘
10:32:02,29.64,-0.01,66,195686,卖盘
10:32:05,29.64,0.0,22,65217,卖盘
10:32:08,29.64,0.0,15,42326,卖盘
10:32:11,29.63,-0.01,24,71126,卖盘
10:32:13,29.64,0.01,18,53354,中性盘
10:32:17,29.64,0.0,28,83005,卖盘
10:32:20,29.64,0.0,4,11856,卖盘
10:32:23,29.64,0.0,55,163046,卖盘
10:32:26,29.64,0.0,10,29640,买盘
10:32:29,29.64,0.0,7,20744,买盘
10:32:32,29.64,0.0,48,142272,买盘
10:32:35,29.65,0.01,36,106718,买盘
10:32:38,29.63,-0.02,39,117812,卖盘
10:32:41,29.64,0.01,85,251945,买盘
10:32:43,29.64,0.0,22,65202,买盘
10:32:47,29.64,0.0,48,142262,买盘
10:32:50,29.63,-0.01,51,151117,卖盘
10:32:53,29.64,0.01,30,86532,买盘
10:32:55,29.64,0.0,29,85943,买盘
10:32:59,29.63,-0.01,73,216447,卖盘
10:33:01,29.64,0.01,43,127322,买盘
10:33:05,29.64,0.0,10,29640,卖盘
10:33:08,29.64,0.0,120,356360,卖盘
10:33:11,29.64,0.0,75,222334,卖盘
10:33:14,29.6,-0.04,1605,4752415,卖盘
10:33:17,29.6,0.0,54,159840,买盘
10:33:20,29.6,0.0,68,201280,买盘
10:33:23,29.6,0.0,42,123350,买盘
10:33:26,29.6,0.0,116,343318,买盘
10:33:29,29.6,0.0,72,213104,买盘
10:33:32,29.6,0.0,43,127280,买盘
10:33:35,29.59,-0.01,152,449899,卖盘
10:33:38,29.6,0.01,49,145730,卖盘
10:33:40,29.64,0.04,69,203847,买盘
10:33:44,29.65,0.01,11,32607,买盘
10:33:47,29.65,0.0,6,17788,买盘
10:33:49,29.65,0.0,43,127481,买盘
10:33:53,29.64,-0.01,54,160446,卖盘
10:33:56,29.62,-0.02,238,705262,卖盘
10:33:58,29.64,0.02,18,53369,中性盘
10:34:02,29.64,0.0,36,106738,中性盘
10:34:05,29.63,-0.01,9,26674,中性盘
10:34:08,29.62,-0.01,117,348298,卖盘
10:34:11,29.65,0.03,47,139302,买盘
10:34:13,29.68,0.03,441,1306802,买盘
10:34:16,29.65,-0.03,157,467335,卖盘
10:34:20,29.68,0.03,261,773890,买盘
10:34:23,29.65,-0.03,71,210697,中性盘
10:34:26,29.67,0.02,13,38556,买盘
10:34:29,29.65,-0.02,3,8895,卖盘
10:34:31,29.67,0.02,65,192835,卖盘
10:34:35,29.65,-0.02,81,240165,卖盘
10:34:38,29.65,0.0,33,95947,卖盘
10:34:41,29.67,0.02,49,145366,买盘
10:34:44,29.67,0.0,8,23736,买盘
10:34:47,29.67,0.0,5,14835,买盘
10:34:50,29.66,-0.01,2,5932,卖盘
10:34:53,29.66,0.0,70,208968,卖盘
10:34:56,29.67,0.01,50,147035,买盘
10:34:59,29.67,0.0,62,185287,买盘
10:35:02,29.67,0.0,6,17802,卖盘
10:35:04,29.67,0.0,40,118699,卖盘
10:35:08,29.67,0.0,32,95658,卖盘
10:35:11,29.68,0.01,209,618096,买盘
10:35:14,29.67,-0.01,5,14837,中性盘
10:35:17,29.68,0.01,29,86056,买盘
10:35:19,29.68,0.0,18,53419,买盘
10:35:23,29.67,-0.01,23,68253,卖盘
10:35:26,29.67,0.0,15,44505,买盘
10:35:28,29.67,0.0,46,136334,买盘
10:35:32,29.68,0.01,46,136513,买盘
10:35:35,29.67,-0.01,17,50439,中性盘
10:35:37,29.68,0.01,132,391769,买盘
10:35:41,29.67,-0.01,137,406598,卖盘
10:35:44,29.67,0.0,4,11868,买盘
10:35:47,29.66,-0.01,6,17799,卖盘
10:35:49,29.66,0.0,18,53388,卖盘
10:35:52,29.68,0.02,167,495524,买盘
10:35:56,29.68,0.0,524,1557068,买盘
10:35:58,29.66,-0.02,19,56378,卖盘
10:36:02,29.66,0.0,64,189862,卖盘
10:36:05,29.66,0.0,36,106776,买盘
10:36:08,29.67,0.01,53,156721,卖盘
10:36:11,29.66,-0.01,40,118493,卖盘
10:36:14,29.66,0.0,23,68218,买盘
10:36:17,29.66,0.0,46,136430,买盘
10:36:19,29.69,0.03,30,89017,买盘
10:36:23,29.69,0.0,25,74225,买盘
10:36:26,29.68,-0.01,29,85211,中性盘
10:36:29,29.69,0.01,13,38594,买盘
10:36:31,29.68,-0.01,200,593731,卖盘
10:36:35,29.68,0.0,13,38600,卖盘
10:36:38,29.68,0.0,1,2968,卖盘
10:36:40,29.7,0.02,186,551578,买盘
10:36:44,29.68,-0.02,135,401270,卖盘
10:36:47,29.68,0.0,23,68264,买盘
10:36:50,29.68,0.0,25,74200,买盘
10:36:53,29.69,0.01,67,198913,买盘
10:36:56,29.67,-0.02,97,287739,卖盘
10:36:59,29.68,0.01,22,65293,买盘
10:37:02,29.67,-0.01,55,163198,中性盘
10:37:04,29.67,0.0,13,38571,买盘
10:37:08,29.66,-0.01,25,74164,卖盘
10:37:11,29.67,0.01,60,178714,买盘
10:37:14,29.66,-0.01,18,53396,卖盘
10:37:17,29.67,0.01,26,77142,买盘
10:37:20,29.67,0.0,3,8901,买盘
10:37:23,29.67,0.0,27,80109,买盘
10:37:26,29.66,-0.01,50,148917,卖盘
10:37:28,29.67,0.01,53,157201,买盘
10:37:32,29.67,0.0,52,154281,买盘
10:37:34,29.66,-0.01,39,115683,卖盘
10:37:38,29.67,0.01,7,20769,买盘
10:37:41,29.67,0.0,98,290514,买盘
10:37:43,29.67,0.0,8,23730,买盘
10:37:47,29.67,0.0,3,8902,卖盘
10:37:50,29.68,0.01,17,50454,买盘
10:37:53,29.69,0.01,207,613981,买盘
10:37:55,29.69,0.0,14,41209,卖盘
10:37:59,29.7,0.01,17,50481,买盘
10:38:02,29.7,0.0,18,53460,买盘
10:38:05,29.69,-0.01,29,86108,卖盘
10:38:07,29.69,0.0,8,23754,卖盘
10:38:10,29.69,0.0,52,155487,卖盘
10:38:14,29.69,0.0,81,240562,卖盘
10:38:17,29.69,0.0,9,26722,卖盘
10:38:20,29.69,0.0,119,353331,卖盘
10:38:22,29.7,0.01,24,71279,买盘
10:38:26,29.7,0.0,26,75148,买盘
10:38:28,29.69,-0.01,12,35629,卖盘
10:38:31,29.69,0.0,36,106884,卖盘
10:38:35,29.68,-0.01,32,94997,卖盘
10:38:38,29.69,0.01,30,89033,买盘
10:38:41,29.68,-0.01,26,77168,买盘
10:38:44,29.68,0.0,11,32652,买盘
10:38:46,29.69,0.01,46,136558,买盘
10:38:50,29.68,-0.01,15,44523,卖盘
10:38:53,29.68,0.0,126,374082,买盘
10:38:56,29.67,-0.01,75,222655,卖盘
10:38:58,29.67,0.0,29,86062,卖盘
10:39:02,29.67,0.0,45,133530,卖盘
10:39:05,29.66,-0.01,125,372743,卖盘
10:39:07,29.66,0.0,8,23728,卖盘
10:39:11,29.66,0.0,30,88032,卖盘
10:39:14,29.65,-0.01,177,525010,卖盘
10:39:17,29.66,0.01,6,17796,买盘
10:39:20,29.65,-0.01,25,74144,卖盘
10:39:23,29.65,0.0,25,74150,卖盘
10:39:26,29.65,0.0,57,170507,卖盘
10:39:29,29.65,0.0,108,320225,卖盘
10:39:32,29.66,0.01,80,237247,买盘
10:39:35,29.65,-0.01,81,240218,卖盘
10:39:38,29.65,0.0,14,41510,卖盘
10:39:41,29.65,0.0,40,118605,卖盘
10:39:44,29.65,0.0,23,68209,卖盘
10:39:46,29.66,0.01,15,44481,买盘
10:39:50,29.65,-0.01,37,109564,卖盘
10:39:52,29.65,0.0,68,201567,买盘
10:39:56,29.64,-0.01,102,302514,卖盘
10:39:59,29.64,0.0,44,130445,卖盘
10:40:02,29.65,0.01,19,56331,买盘
10:40:05,29.63,-0.02,110,325962,卖盘
10:40:08,29.64,0.01,10,29638,买盘
10:40:10,29.64,0.0,39,114411,中性盘
10:40:14,29.64,0.0,3,8892,卖盘
10:40:17,29.64,0.0,32,94854,卖盘
10:40:19,29.63,-0.01,35,104918,卖盘
10:40:23,29.63,0.0,8,23709,卖盘
10:40:26,29.63,0.0,48,141771,卖盘
10:40:29,29.63,0.0,2,5926,卖盘
10:40:32,29.63,0.0,6,17780,卖盘
10:40:35,29.63,0.0,156,462236,卖盘
10:40:38,29.64,0.01,63,186706,买盘
10:40:41,29.63,-0.01,457,1355443,卖盘
10:40:44,29.64,0.01,74,219273,买盘
10:40:47,29.64,0.0,21,62243,卖盘
10:40:50,29.64,0.0,12,35566,买盘
10:40:53,29.64,0.0,33,97545,买盘
10:40:56,29.62,-0.02,107,317100,卖盘
10:40:59,29.63,0.01,62,183689,买盘
10:41:02,29.62,-0.01,34,100708,卖盘
10:41:05,29.62,0.0,184,545015,卖盘
10:41:08,29.62,0.0,73,216272,卖盘
10:41:11,29.61,-0.01,47,137319,卖盘
10:41:14,29.63,0.02,44,130343,买盘
10:41:17,29.62,-0.01,44,130350,中性盘
10:41:20,29.61,-0.01,12,35533,卖盘
10:41:23,29.62,0.01,18,53312,买盘
10:41:26,29.62,0.0,45,134669,买盘
10:41:29,29.63,0.01,96,284433,买盘
10:41:31,29.63,0.0,112,331864,卖盘
10:41:35,29.63,0.0,17,50373,卖盘
10:41:38,29.63,0.0,45,133339,卖盘
10:41:41,29.63,0.0,73,216181,卖盘
10:41:43,29.63,0.0,131,388210,卖盘
10:41:47,29.63,0.0,295,873868,卖盘
10:41:49,29.65,0.02,63,186740,买盘
10:41:52,29.65,0.0,50,148225,买盘
10:41:56,29.64,-0.01,48,142381,卖盘
10:41:59,29.63,-0.01,68,202203,卖盘
10:42:02,29.64,0.01,43,127440,买盘
10:42:05,29.62,-0.02,12,35560,卖盘
10:42:08,29.63,0.01,2,5926,中性盘
10:42:11,29.62,-0.01,30,88512,卖盘
10:42:14,29.6,-0.02,428,1267392,卖盘
10:42:17,29.6,0.0,58,171776,卖盘
10:42:20,29.6,0.0,1022,3025197,卖盘
10:42:23,29.6,0.0,85,251673,卖盘
10:42:26,29.61,0.01,152,451296,买盘
10:42:29,29.6,-0.01,49,145057,卖盘
10:42:32,29.6,0.0,53,156983,卖盘
10:42:34,29.6,0.0,39,115440,卖盘
10:42:38,29.6,0.0,9,26640,卖盘
10:42:41,29.61,0.01,28,81464,买盘
10:42:44,29.61,0.0,14,41450,买盘
10:42:47,29.6,-0.01,21,62167,卖盘
10:42:50,29.61,0.01,31,91766,买盘
10:42:53,29.6,-0.01,64,189448,卖盘
10:42:56,29.6,0.0,142,420028,卖盘
10:42:59,29.63,0.03,93,275407,买盘
10:43:02,29.63,0.0,73,216278,买盘
10:43:05,29.6,-0.03,102,301976,卖盘
10:43:07,29.61,0.01,58,171682,中性盘
10:43:11,29.62,0.01,261,772475,买盘
10:43:14,29.6,-0.02,41,121457,中性盘
10:43:17,29.63,0.03,6,17778,买盘
10:43:19,29.61,-0.02,40,118399,卖盘
10:43:23,29.61,0.0,12,35531,买盘
10:43:26,29.6,-0.01,11,32562,卖盘
10:43:28,29.58,-0.02,129,381699,卖盘
10:43:32,29.61,0.03,42,124333,买盘
10:43:35,29.58,-0.03,41,121341,卖盘
10:43:38,29.58,0.0,18,53259,卖盘
10:43:41,29.58,0.0,81,239074,卖盘
10:43:44,29.58,0.0,167,494051,卖盘
10:43:47,29.58,0.0,37,109461,卖盘
10:43:49,29.59,0.01,4,11833,买盘
10:43:53,29.59,0.0,53,156827,买盘
10:43:55,29.59,0.0,39,115752,卖盘
10:43:58,29.59,0.0,11,32549,买盘
10:44:02,29.58,-0.01,22,65116,卖盘
10:44:05,29.58,0.0,28,82857,卖盘
10:44:08,29.59,0.01,14,41421,中性盘
10:44:11,29.6,0.01,57,170353,买盘
10:44:14,29.58,-0.02,42,124266,卖盘
10:44:16,29.61,0.03,195,577105,买盘
10:44:20,29.6,-0.01,276,817045,卖盘
10:44:23,29.63,0.03,287,849584,买盘
10:44:26,29.6,-0.03,59,173740,卖盘
10:44:28,29.61,0.01,5,14805,买盘
10:44:32,29.62,0.01,66,195426,买盘
10:44:35,29.6,-0.02,18,53287,卖盘
10:44:37,29.61,0.01,8,23686,买盘
10:44:41,29.61,0.0,57,167330,买盘
10:44:44,29.6,-0.01,26,76964,卖盘
10:44:47,29.61,0.01,32,94748,买盘
10:44:50,29.6,-0.01,11,32561,卖盘
10:44:52,29.6,0.0,40,118429,卖盘
10:44:55,29.61,0.01,231,686143,买盘
10:44:59,29.59,-0.02,27,79899,卖盘
10:45:02,29.6,0.01,49,145037,买盘
10:45:05,29.59,-0.01,55,162764,卖盘
10:45:08,29.59,0.0,91,269349,卖盘
10:45:11,29.6,0.01,436,1289882,买盘
10:45:14,29.59,-0.01,32,94700,中性盘
10:45:17,29.6,0.01,21,62152,买盘
10:45:20,29.59,-0.01,11,32559,卖盘
10:45:23,29.59,0.0,87,257484,卖盘
10:45:26,29.59,0.0,173,511958,买盘
10:45:29,29.59,0.0,14,41426,卖盘
10:45:32,29.61,0.02,15,44407,买盘
10:45:35,29.6,-0.01,14,41432,买盘
10:45:38,29.6,0.0,137,405401,买盘
10:45:41,29.59,-0.01,238,703326,卖盘
10:45:43,29.59,0.0,29,85825,卖盘
10:45:47,29.59,0.0,10,29596,卖盘
10:45:50,29.58,-0.01,163,482167,卖盘
10:45:53,29.58,0.0,684,2023185,卖盘
10:45:56,29.58,0.0,68,201116,买盘
10:45:58,29.57,-0.01,22,65055,卖盘
10:46:02,29.55,-0.02,2429,7177873,卖盘
10:46:05,29.55,0.0,1255,3708522,买盘
10:46:08,29.55,0.0,29,85695,买盘
10:46:11,29.54,-0.01,233,691117,卖盘
10:46:14,29.54,0.0,243,717663,卖盘
10:46:17,29.53,-0.01,26,76814,卖盘
10:46:20,29.54,0.01,43,127022,买盘
10:46:23,29.54,0.0,285,841336,买盘
10:46:25,29.55,0.01,51,150325,买盘
10:46:29,29.54,-0.01,105,310177,卖盘
10:46:32,29.55,0.01,89,262989,买盘
10:46:35,29.54,-0.01,39,115199,卖盘
10:46:38,29.54,0.0,31,91562,买盘
10:46:40,29.55,0.01,182,535708,买盘
10:46:43,29.54,-0.01,12,35448,中性盘
10:46:46,29.54,0.0,21,62035,买盘
10:46:50,29.52,-0.02,143,422359,卖盘
10:46:52,29.54,0.02,84,248144,中性盘
10:46:56,29.55,0.01,166,492160,买盘
10:46:59,29.54,-0.01,12,35453,卖盘
10:47:02,29.55,0.01,171,505168,买盘
10:47:05,29.54,-0.01,8,23634,中性盘
10:47:08,29.55,0.01,2,5909,买盘
10:47:11,29.54,-0.01,93,273119,卖盘
10:47:14,29.55,0.01,56,165449,买盘
10:47:17,29.55,0.0,3,8865,买盘
10:47:20,29.55,0.0,46,135894,买盘
10:47:22,29.55,0.0,424,1252585,买盘
10:47:26,29.5,-0.05,6135,18111046,卖盘
10:47:29,29.53,0.03,148,437167,买盘
10:47:32,29.53,0.0,27,79730,买盘
10:47:34,29.52,-0.01,62,183095,卖盘
10:47:38,29.53,0.01,33,97462,中性盘
10:47:41,29.5,-0.03,380,1120925,卖盘
10:47:44,29.54,0.04,128,377781,买盘
10:47:47,29.51,-0.03,61,180142,卖盘
10:47:50,29.51,0.0,3,8859,卖盘
10:47:53,29.54,0.03,152,448885,买盘
10:47:56,29.54,0.0,31,91624,买盘
10:47:59,29.52,-0.02,10,29531,中性盘
10:48:02,29.54,0.02,62,183079,买盘
10:48:05,29.51,-0.03,205,605553,卖盘
10:48:08,29.53,0.02,50,147680,卖盘
10:48:10,29.52,-0.01,74,218530,卖盘
10:48:14,29.51,-0.01,104,307012,卖盘
10:48:17,29.52,0.01,10,29526,卖盘
10:48:20,29.53,0.01,21,62011,买盘
10:48:23,29.53,0.0,23,67919,买盘
10:48:26,29.53,0.0,137,404426,买盘
10:48:29,29.53,0.0,142,419258,买盘
10:48:32,29.53,0.0,44,129930,买盘
10:48:35,29.52,-0.01,92,271596,卖盘
10:48:38,29.53,0.01,47,138770,买盘
10:48:41,29.53,0.0,71,209265,买盘
10:48:44,29.53,0.0,44,129932,买盘
10:48:47,29.53,0.0,164,484170,买盘
10:48:50,29.53,0.0,38,112200,买盘
10:48:52,29.52,-0.01,52,153547,卖盘
10:48:56,29.52,0.0,184,543094,卖盘
10:48:59,29.52,0.0,11,33181,卖盘
10:49:02,29.52,0.0,154,454608,买盘
10:49:05,29.53,0.01,654,1930423,买盘
10:49:08,29.54,0.01,49,144689,买盘
10:49:11,29.53,-0.01,421,1243458,中性盘
10:49:14,29.55,0.02,141,416649,买盘
10:49:17,29.55,0.0,281,830093,买盘
10:49:19,29.54,-0.01,35,103416,卖盘
10:49:22,29.55,0.01,37,109326,买盘
10:49:25,29.54,-0.01,141,416514,卖盘
10:49:29,29.54,0.0,8,23632,买盘
10:49:32,29.55,0.01,26,76688,买盘
10:49:35,29.54,-0.01,180,531888,卖盘
10:49:38,29.54,0.0,10,29547,卖盘
10:49:40,29.55,0.01,217,641067,买盘
10:49:43,29.54,-0.01,22,65009,卖盘
10:49:47,29.55,0.01,21,62040,买盘
10:49:50,29.54,-0.01,27,79759,卖盘
10:49:53,29.54,0.0,111,327976,买盘
10:49:56,29.54,0.0,56,166704,买盘
10:49:58,29.54,0.0,70,206840,卖盘
10:50:02,29.56,0.02,58,171366,买盘
10:50:05,29.55,-0.01,40,118199,卖盘
10:50:08,29.57,0.02,129,382881,买盘
10:50:11,29.54,-0.03,2092,6186055,卖盘
10:50:14,29.56,0.02,24,70954,中性盘
10:50:17,29.57,0.01,56,165548,中性盘
10:50:20,29.57,0.0,4,11828,卖盘
10:50:23,29.54,-0.03,43,125676,卖盘
10:50:26,29.54,0.0,19,56122,买盘
10:50:28,29.54,0.0,83,245175,买盘
10:50:32,29.55,0.01,95,280589,买盘
10:50:35,29.53,-0.02,16,47266,卖盘
10:50:38,29.54,0.01,20,59108,中性盘
10:50:41,29.54,0.0,116,341525,买盘
10:50:44,29.57,0.03,201,594226,买盘
10:50:46,29.57,0.0,4,11828,卖盘
10:50:50,29.57,0.0,66,195179,卖盘
10:50:53,29.57,0.0,30,88725,卖盘
10:50:56,29.57,0.0,152,449584,卖盘
10:50:59,29.57,0.0,112,330711,卖盘
10:51:02,29.57,0.0,62,183250,买盘
10:51:05,29.54,-0.03,41,121198,卖盘
10:51:07,29.55,0.01,18,53181,买盘
10:51:10,29.54,-0.01,79,233304,卖盘
10:51:14,29.54,0.0,42,124037,买盘
10:51:17,29.53,-0.01,65,191991,卖盘
10:51:20,29.54,0.01,152,448756,买盘
10:51:23,29.54,0.0,74,218486,买盘
10:51:26,29.52,-0.02,29,87046,卖盘
10:51:28,29.52,0.0,35,103323,卖盘
10:51:32,29.52,0.0,44,129902,卖盘
10:51:34,29.51,-0.01,519,1530158,卖盘
10:51:37,29.52,0.01,565,1667956,买盘
10:51:40,29.52,0.0,43,126899,买盘
10:51:44,29.52,0.0,205,604687,买盘
10:51:47,29.53,0.01,373,1101100,买盘
10:51:50,29.52,-0.01,23,67899,卖盘
10:51:53,29.52,0.0,128,377895,卖盘
10:51:55,29.52,0.0,203,599376,卖盘
10:51:59,29.52,0.0,126,371952,卖盘
10:52:02,29.52,0.0,86,253883,卖盘
10:52:05,29.52,0.0,110,324720,卖盘
10:52:08,29.53,0.01,54,159417,买盘
10:52:11,29.53,0.0,76,225082,买盘
10:52:14,29.53,0.0,70,206697,买盘
10:52:17,29.52,-0.01,48,141699,卖盘
10:52:19,29.52,0.0,27,79714,卖盘
10:52:22,29.52,0.0,65,191907,卖盘
10:52:26,29.53,0.01,42,124343,买盘
10:52:28,29.53,0.0,59,174188,买盘
10:52:32,29.52,-0.01,160,471632,卖盘
10:52:35,29.52,0.0,36,106254,买盘
10:52:38,29.52,0.0,63,185947,买盘
10:52:40,29.52,0.0,84,247703,买盘
10:52:44,29.51,-0.01,32,94450,卖盘
10:52:46,29.51,0.0,60,177068,卖盘
10:52:50,29.52,0.01,206,607913,买盘
10:52:53,29.51,-0.01,39,115115,中性盘
10:52:56,29.5,-0.01,24,71516,卖盘
10:52:58,29.51,0.01,50,147505,买盘
10:53:02,29.5,-0.01,153,451434,卖盘
10:53:05,29.5,0.0,61,179959,卖盘
10:53:08,29.5,0.0,37,109166,卖盘
10:53:11,29.51,0.01,581,1713155,买盘
10:53:14,29.51,0.0,51,150473,买盘
10:53:17,29.5,-0.01,71,210335,卖盘
10:53:20,29.51,0.01,17,50159,买盘
10:53:23,29.5,-0.01,53,156386,卖盘
10:53:25,29.51,0.01,486,1433239,买盘
10:53:28,29.52,0.01,189,557805,买盘
10:53:31,29.52,0.0,123,363067,买盘
10:53:34,29.51,-0.01,67,197717,卖盘
10:53:38,29.52,0.01,25,73793,买盘
10:53:41,29.51,-0.01,50,149588,卖盘
10:53:43,29.52,0.01,256,755484,买盘
10:53:47,29.51,-0.01,91,268546,卖盘
10:53:50,29.52,0.01,205,605145,买盘
10:53:53,29.51,-0.01,31,91491,卖盘
10:53:56,29.52,0.01,51,149561,买盘
10:53:59,29.51,-0.01,736,2172436,卖盘
10:54:02,29.52,0.01,360,1063247,买盘
10:54:05,29.52,0.0,66,194858,卖盘
10:54:08,29.51,-0.01,24,70827,买盘
10:54:10,29.51,0.0,74,217552,卖盘
10:54:14,29.51,0.0,159,469159,买盘
10:54:16,29.51,0.0,117,344794,买盘
10:54:20,29.52,0.01,16,47219,买盘
10:54:23,29.51,-0.01,343,1012316,卖盘
10:54:26,29.51,0.0,190,561231,卖盘
10:54:29,29.51,0.0,89,262715,卖盘
10:54:31,29.52,0.01,138,407248,买盘
10:54:34,29.52,0.0,44,129851,买盘
10:54:38,29.51,-0.01,42,123963,卖盘
10:54:41,29.51,0.0,85,251959,卖盘
10:54:43,29.51,0.0,248,731861,卖盘
10:54:47,29.51,0.0,50,147555,卖盘
10:54:50,29.51,0.0,3,8853,卖盘
10:54:52,29.52,0.01,36,106247,买盘
10:54:56,29.51,-0.01,39,115092,卖盘
10:54:59,29.51,0.0,43,126896,卖盘
10:55:01,29.51,0.0,138,407310,卖盘
10:55:05,29.5,-0.01,320,944129,卖盘
10:55:08,29.51,0.01,24,70825,中性盘
10:55:11,29.51,0.0,36,106228,买盘
10:55:14,29.5,-0.01,29,84726,卖盘
10:55:17,29.51,0.01,33,97375,买盘
10:55:20,29.51,0.0,30,88530,买盘
10:55:23,29.51,0.0,87,256688,卖盘
10:55:25,29.5,-0.01,24,70813,卖盘
10:55:29,29.51,0.01,44,130182,买盘
10:55:32,29.5,-0.01,120,354068,卖盘
10:55:35,29.52,0.02,255,752637,买盘
10:55:38,29.52,0.0,42,123984,卖盘
10:55:40,29.51,-0.01,160,472231,卖盘
10:55:44,29.51,0.0,24,70821,买盘
10:55:47,29.51,0.0,33,97383,买盘
10:55:50,29.52,0.01,56,165311,买盘
10:55:53,29.52,0.0,32,94452,买盘
10:55:56,29.51,-0.01,39,115156,卖盘
10:55:59,29.51,0.0,270,797179,卖盘
10:56:02,29.51,0.0,52,153525,卖盘
10:56:05,29.51,0.0,47,138728,卖盘
10:56:08,29.53,0.02,17,50185,买盘
10:56:11,29.53,0.0,2205,6505081,买盘
10:56:13,29.51,-0.02,29,85586,中性盘
10:56:17,29.52,0.01,39,115098,买盘
10:56:20,29.52,0.0,20,59277,买盘
10:56:22,29.52,0.0,66,194815,卖盘
10:56:26,29.52,0.0,22,64944,买盘
10:56:29,29.51,-0.01,127,374992,卖盘
10:56:31,29.52,0.01,77,227362,卖盘
10:56:35,29.52,0.0,256,755002,卖盘
10:56:38,29.53,0.01,45,132889,中性盘
10:56:41,29.53,0.0,90,265773,卖盘
10:56:44,29.53,0.0,39,115286,买盘
10:56:47,29.53,0.0,74,218396,卖盘
10:56:50,29.53,0.0,80,236189,买盘
10:56:52,29.53,0.0,156,460561,买盘
10:56:56,29.53,0.0,90,265699,买盘
10:56:58,29.53,0.0,75,220391,买盘
10:57:02,29.53,0.0,451,1333627,买盘
10:57:04,29.51,-0.02,29,85610,卖盘
10:57:08,29.54,0.03,42,122250,买盘
10:57:11,29.53,-0.01,6,17718,卖盘
10:57:14,29.52,-0.01,54,161275,卖盘
10:57:17,29.53,0.01,84,248004,中性盘
10:57:20,29.53,0.0,3,8859,买盘
10:57:22,29.53,0.0,119,351369,买盘
10:57:26,29.55,0.02,70,205178,买盘
10:57:29,29.54,-0.01,105,310761,卖盘
10:57:32,29.55,0.01,36,106374,买盘
10:57:35,29.54,-0.01,81,240239,卖盘
10:57:37,29.53,-0.01,37,109310,卖盘
10:57:41,29.54,0.01,22,64981,买盘
10:57:44,29.54,0.0,37,109273,买盘
10:57:46,29.53,-0.01,36,106305,买盘
10:57:50,29.54,0.01,16,47254,买盘
10:57:53,29.54,0.0,35,103392,买盘
10:57:56,29.54,0.0,11,32494,卖盘
10:57:58,29.53,-0.01,16,47249,卖盘
10:58:02,29.54,0.01,24,70896,买盘
10:58:05,29.54,0.0,24,69832,买盘
10:58:08,29.54,0.0,10,29540,卖盘
10:58:11,29.54,0.0,28,83776,卖盘
10:58:14,29.54,0.0,17,50218,买盘
10:58:16,29.54,0.0,91,268805,买盘
10:58:19,29.54,0.0,41,119576,买盘
10:58:23,29.53,-0.01,19,56114,卖盘
10:58:26,29.52,-0.01,298,880579,卖盘
10:58:29,29.53,0.01,17,50203,中性盘
10:58:32,29.53,0.0,33,97454,买盘
10:58:35,29.54,0.01,15,44296,买盘
10:58:38,29.52,-0.02,88,259813,卖盘
10:58:40,29.54,0.02,47,138813,买盘
10:58:44,29.54,0.0,39,114243,买盘
10:58:47,29.54,0.0,64,189039,买盘
10:58:49,29.53,-0.01,27,80680,卖盘
10:58:52,29.54,0.01,80,236297,买盘
10:58:55,29.54,0.0,10,29540,卖盘
10:58:59,29.54,0.0,17,51163,卖盘
10:59:02,29.54,0.0,110,322835,卖盘
10:59:05,29.53,-0.01,23,67938,中性盘
10:59:07,29.52,-0.01,28,82676,卖盘
10:59:11,29.52,0.0,61,180072,卖盘
10:59:14,29.52,0.0,64,190046,卖盘
10:59:17,29.52,0.0,249,735528,卖盘
10:59:20,29.52,0.0,79,233286,卖盘
10:59:23,29.53,0.01,66,194867,买盘
10:59:25,29.52,-0.01,36,106277,卖盘
10:59:29,29.51,-0.01,139,411012,卖盘
10:59:32,29.52,0.01,36,106271,买盘
10:59:34,29.52,0.0,49,144634,买盘
10:59:38,29.53,0.01,180,531353,买盘
10:59:41,29.53,0.0,50,147610,买盘
10:59:43,29.51,-0.02,21,60090,卖盘
10:59:47,29.51,0.0,4,11807,卖盘
10:59:49,29.52,0.01,71,209574,买盘
10:59:53,29.52,0.0,45,132833,买盘
10:59:56,29.53,0.01,41,120997,买盘
10:59:59,29.52,-0.01,28,84664,卖盘
11:00:02,29.51,-0.01,64,188872,卖盘
11:00:05,29.52,0.01,149,439764,买盘
11:00:08,29.52,0.0,46,135792,卖盘
11:00:11,29.51,-0.01,6,17710,卖盘
11:00:14,29.52,0.01,12,35423,买盘
11:00:16,29.51,-0.01,37,109229,卖盘
11:00:20,29.52,0.01,3004,8862650,买盘
11:00:23,29.52,0.0,90,265543,买盘
11:00:26,29.51,-0.01,39,115085,中性盘
11:00:28,29.5,-0.01,48,139477,卖盘
11:00:31,29.51,0.01,45,132794,买盘
11:00:35,29.52,0.01,27,79683,买盘
11:00:38,29.51,-0.01,66,194808,卖盘
11:00:41,29.51,0.0,319,941186,卖盘
11:00:44,29.51,0.0,13,38363,买盘
11:00:47,29.5,-0.01,14,41307,卖盘
11:00:50,29.5,0.0,34,100309,卖盘
11:00:53,29.51,0.01,76,224249,买盘
11:00:56,29.51,0.0,94,277330,买盘
11:00:59,29.5,-0.01,30,89094,卖盘
11:01:02,29.5,0.0,119,351115,卖盘
11:01:05,29.5,0.0,81,238985,卖盘
11:01:08,29.51,0.01,44,129803,买盘
11:01:10,29.5,-0.01,247,728659,卖盘
11:01:14,29.51,0.01,81,238862,买盘
11:01:16,29.51,0.0,18,53118,买盘
11:01:20,29.5,-0.01,290,855500,卖盘
11:01:23,29.5,0.0,138,407120,卖盘
11:01:26,29.5,0.0,109,320630,卖盘
11:01:29,29.5,0.0,68,200566,买盘
11:01:32,29.5,0.0,52,153400,买盘
11:01:35,29.5,0.0,58,171091,买盘
11:01:38,29.49,-0.01,71,209417,卖盘
11:01:40,29.48,-0.01,1883,5551583,卖盘
11:01:44,29.48,0.0,81,238788,买盘
11:01:47,29.47,-0.01,193,568779,卖盘
11:01:50,29.47,0.0,28,82516,买盘
11:01:53,29.46,-0.01,203,598147,卖盘
11:01:56,29.47,0.01,50,147348,买盘
11:01:59,29.46,-0.01,148,438735,卖盘
11:02:01,29.47,0.01,97,285810,买盘
11:02:05,29.46,-0.01,187,550948,卖盘
11:02:07,29.47,0.01,69,203312,买盘
11:02:11,29.47,0.0,1031,3037160,买盘
11:02:14,29.46,-0.01,101,297613,卖盘
11:02:17,29.46,0.0,193,566388,买盘
11:02:19,29.47,0.01,128,377205,买盘
11:02:23,29.47,0.0,12,35364,卖盘
11:02:26,29.46,-0.01,90,265230,卖盘
11:02:29,29.47,0.01,234,689574,买盘
11:02:32,29.47,0.0,47,138547,卖盘
11:02:34,29.47,0.0,84,247511,买盘
11:02:38,29.47,0.0,218,643902,买盘
11:02:41,29.46,-0.01,120,352314,卖盘
11:02:44,29.47,0.01,28,81925,买盘
11:02:47,29.46,-0.01,44,129628,买盘
11:02:50,29.46,0.0,10,29474,卖盘
11:02:53,29.49,0.03,126,371357,买盘
11:02:56,29.46,-0.03,56,164990,卖盘
11:02:59,29.46,0.0,90,267773,卖盘
11:03:02,29.49,0.03,52,153284,买盘
11:03:05,29.47,-0.02,38,111904,卖盘
11:03:08,29.47,0.0,31,91366,卖盘
11:03:11,29.48,0.01,22,64848,买盘
11:03:13,29.48,0.0,78,227798,买盘
11:03:17,29.47,-0.01,58,170958,卖盘
11:03:19,29.47,0.0,32,94314,卖盘
11:03:23,29.49,0.02,96,283068,买盘
11:03:26,29.47,-0.02,145,427361,卖盘
11:03:28,29.49,0.02,81,239180,买盘
11:03:32,29.49,0.0,36,106150,买盘
11:03:34,29.49,0.0,133,392053,买盘
11:03:37,29.48,-0.01,163,480700,卖盘
11:03:41,29.48,0.0,51,150348,买盘
11:03:44,29.48,0.0,207,612175,买盘
11:03:47,29.5,0.02,694,2045009,买盘
11:03:50,29.47,-0.03,115,338885,卖盘
11:03:53,29.48,0.01,34,100224,卖盘
11:03:56,29.47,-0.01,11,32411,中性盘
11:03:59,29.47,0.0,28,80631,卖盘
11:04:02,29.48,0.01,21,61886,买盘
11:04:04,29.46,-0.02,1135,3343161,卖盘
11:04:08,29.47,0.01,206,607438,买盘
11:04:10,29.49,0.02,33,97263,买盘
11:04:13,29.46,-0.03,207,610013,卖盘
11:04:17,29.46,0.0,66,194436,买盘
11:04:20,29.46,0.0,75,220907,买盘
11:04:23,29.47,0.01,675,1989494,买盘
11:04:26,29.5,0.03,169,498168,买盘
11:04:29,29.46,-0.04,372,1095133,卖盘
11:04:32,29.5,0.04,399,1175329,买盘
11:04:34,29.46,-0.04,111,327265,卖盘
11:04:38,29.46,0.0,67,197382,买盘
11:04:41,29.46,0.0,51,150246,买盘
11:04:44,29.45,-0.01,96,284302,卖盘
11:04:47,29.46,0.01,186,547922,买盘
11:04:50,29.46,0.0,74,217999,买盘
11:04:52,29.45,-0.01,70,206190,卖盘
11:04:55,29.46,0.01,52,153192,买盘
11:04:59,29.45,-0.01,344,1013369,卖盘
11:05:02,29.46,0.01,120,353472,买盘
11:05:04,29.46,0.0,173,509702,买盘
11:05:08,29.45,-0.01,231,680351,卖盘
11:05:11,29.46,0.01,100,294521,买盘
11:05:13,29.47,0.01,656,1930657,买盘
11:05:17,29.46,-0.01,24,70719,买盘
11:05:20,29.46,0.0,13,38296,买盘
11:05:24,29.47,0.01,51,150234,买盘
11:05:26,29.46,-0.01,262,771733,中性盘
11:05:29,29.47,0.01,167,492859,买盘
11:05:31,29.47,0.0,69,203316,买盘
11:05:35,29.46,-0.01,93,274224,卖盘
11:05:37,29.5,0.04,942,2777802,买盘
11:05:41,29.5,0.0,96,283224,卖盘
11:05:44,29.5,0.0,14,40592,卖盘
11:05:47,29.51,0.01,68,200662,买盘
11:05:49,29.51,0.0,29,85555,买盘
11:05:53,29.5,-0.01,115,339291,卖盘
11:05:55,29.5,0.0,212,625404,卖盘
11:05:59,29.5,0.0,982,2896550,卖盘
11:06:02,29.48,-0.02,126,372539,卖盘
11:06:05,29.5,0.02,46,135629,买盘
11:06:08,29.46,-0.04,19,56026,卖盘
11:06:10,29.5,0.04,163,480790,买盘
11:06:14,29.5,0.0,50,147338,买盘
11:06:16,29.5,0.0,6,17700,买盘
11:06:20,29.5,0.0,5,14750,买盘
11:06:23,29.5,0.0,32,94388,买盘
11:06:26,29.48,-0.02,47,138556,卖盘
11:06:29,29.5,0.02,608,1793042,买盘
11:06:32,29.47,-0.03,69,203477,卖盘
11:06:35,29.5,0.03,28,82596,买盘
11:06:38,29.5,0.0,50,147414,买盘
11:06:40,29.47,-0.03,172,507094,卖盘
11:06:44,29.47,0.0,157,462665,买盘
11:06:47,29.47,0.0,14,41245,买盘
11:06:50,29.46,-0.01,80,235744,卖盘
11:06:54,29.47,0.01,84,247479,买盘
11:06:56,29.48,0.01,46,135559,买盘
11:06:59,29.47,-0.01,69,203303,中性盘
11:07:02,29.48,0.01,28,82506,买盘
11:07:05,29.45,-0.03,97,285769,卖盘
11:07:07,29.47,0.02,76,223955,买盘
11:07:11,29.47,0.0,57,167999,卖盘
11:07:14,29.47,0.0,157,463260,卖盘
11:07:16,29.5,0.03,84,247735,买盘
11:07:20,29.5,0.0,105,309620,买盘
11:07:23,29.47,-0.03,317,934347,卖盘
11:07:26,29.5,0.03,71,209355,买盘
11:07:29,29.49,-0.01,94,276958,中性盘
11:07:32,29.45,-0.04,525,1546291,卖盘
11:07:35,29.45,0.0,35,103069,买盘
11:07:39,29.46,0.01,99,290618,买盘
11:07:41,29.45,-0.01,260,766807,卖盘
11:07:44,29.45,0.0,224,659684,买盘
11:07:46,29.46,0.01,22,64800,买盘
11:07:50,29.45,-0.01,43,126635,卖盘
11:07:54,29.45,0.0,51,150235,卖盘
11:07:56,29.45,0.0,146,430000,卖盘
11:07:59,29.47,0.02,205,604642,买盘
11:08:02,29.45,-0.02,88,259150,中性盘
11:08:05,29.44,-0.01,98,288603,卖盘
11:08:07,29.45,0.01,330,969470,买盘
11:08:11,29.46,0.01,58,170810,买盘
11:08:13,29.46,0.0,64,189211,买盘
11:08:16,29.45,-0.01,107,315102,卖盘
11:08:20,29.44,-0.01,55,161924,卖盘
11:08:24,29.43,-0.01,1032,3037834,卖盘
11:08:25,29.43,0.0,37,108891,买盘
11:08:29,29.43,0.0,69,203823,买盘
11:08:32,29.43,0.0,165,485472,买盘
11:08:35,29.42,-0.01,97,285398,卖盘
11:08:38,29.43,0.01,290,853215,买盘
11:08:40,29.42,-0.01,152,447251,卖盘
11:08:44,29.42,0.0,276,811216,卖盘
11:08:47,29.42,0.0,574,1688708,买盘
11:08:50,29.42,0.0,109,320676,买盘
11:08:52,29.42,0.0,106,311794,买盘
11:08:56,29.41,-0.01,14,41178,卖盘
11:08:59,29.42,0.01,122,357096,买盘
11:09:01,29.41,-0.01,88,258829,卖盘
11:09:04,29.41,0.0,132,388263,卖盘
11:09:08,29.42,0.01,526,1547080,买盘
11:09:10,29.41,-0.01,1558,4583897,卖盘
11:09:14,29.41,0.0,321,944101,买盘
11:09:16,29.41,0.0,46,135263,买盘
11:09:20,29.4,-0.01,243,714420,卖盘
11:09:24,29.41,0.01,123,361700,买盘
11:09:26,29.4,-0.01,76,223457,卖盘
11:09:29,29.4,0.0,120,351201,卖盘
11:09:32,29.4,0.0,253,743935,卖盘
11:09:35,29.4,0.0,319,937904,卖盘
11:09:38,29.41,0.01,188,552807,买盘
11:09:41,29.4,-0.01,152,446911,卖盘
11:09:44,29.4,0.0,65,191608,卖盘
11:09:46,29.41,0.01,214,629276,买盘
11:09:49,29.4,-0.01,113,332241,卖盘
11:09:54,29.41,0.01,102,299992,买盘
11:09:56,29.4,-0.01,94,276429,卖盘
11:09:59,29.4,0.0,94,275782,卖盘
11:10:02,29.4,0.0,435,1279032,卖盘
11:10:04,29.43,0.03,1396,4104683,买盘
11:10:07,29.4,-0.03,526,1546678,卖盘
11:10:11,29.42,0.02,160,470464,中性盘
11:10:14,29.4,-0.02,685,2014045,卖盘
11:10:16,29.4,0.0,511,1502446,卖盘
11:10:20,29.4,0.0,290,852704,卖盘
11:10:23,29.4,0.0,305,898551,卖盘
11:10:26,29.4,0.0,93,273420,买盘
11:10:29,29.4,0.0,191,561597,买盘
11:10:32,29.39,-0.01,291,855329,卖盘
11:10:35,29.4,0.01,237,696628,买盘
11:10:39,29.4,0.0,150,440921,买盘
11:10:41,29.39,-0.01,102,299817,卖盘
11:10:44,29.4,0.01,218,641489,买盘
11:10:47,29.4,0.0,169,496717,买盘
11:10:50,29.4,0.0,25,73492,买盘
11:10:54,29.39,-0.01,167,490012,卖盘
11:10:55,29.38,-0.01,81,238038,卖盘
11:10:59,29.39,0.01,87,256334,买盘
11:11:02,29.39,0.0,75,220386,买盘
11:11:04,29.39,0.0,82,240944,买盘
11:11:08,29.38,-0.01,281,825630,卖盘
11:11:11,29.38,0.0,212,622955,卖盘
11:11:14,29.38,0.0,100,293751,卖盘
11:11:17,29.38,0.0,1989,5842905,卖盘
11:11:19,29.39,0.01,420,1234542,买盘
11:11:23,29.38,-0.01,83,243955,卖盘
11:11:25,29.38,0.0,210,617026,卖盘
11:11:29,29.39,0.01,115,338100,买盘
11:11:32,29.38,-0.01,60,176272,买盘
11:11:35,29.38,0.0,175,514081,买盘
11:11:38,29.38,0.0,103,302614,卖盘
11:11:41,29.4,0.02,147,431882,买盘
11:11:44,29.38,-0.02,115,336742,卖盘
11:11:46,29.37,-0.01,181,532682,卖盘
11:11:50,29.37,0.0,83,243762,买盘
11:11:54,29.37,0.0,133,390544,买盘
11:11:56,29.37,0.0,197,578439,买盘
11:11:59,29.37,0.0,225,659384,买盘
11:12:02,29.35,-0.02,404,1187416,卖盘
11:12:05,29.36,0.01,145,425684,买盘
11:12:09,29.36,0.0,66,193739,买盘
11:12:10,29.35,-0.01,242,710329,卖盘
11:12:14,29.35,0.0,408,1197050,卖盘
11:12:18,29.36,0.01,260,763186,买盘
11:12:20,29.36,0.0,338,992112,买盘
11:12:24,29.36,0.0,146,428552,买盘
11:12:26,29.36,0.0,636,1867193,买盘
11:12:29,29.34,-0.02,195,572225,卖盘
11:12:32,29.35,0.01,70,205435,买盘
11:12:35,29.34,-0.01,71,208340,中性盘
11:12:38,29.33,-0.01,350,1026601,卖盘
11:12:41,29.32,-0.01,116,340200,卖盘
11:12:44,29.32,0.0,121,355772,卖盘
11:12:47,29.33,0.01,312,914939,买盘
11:12:50,29.31,-0.02,271,793434,卖盘
11:12:54,29.32,0.01,43,126064,买盘
11:12:56,29.32,0.0,79,231594,买盘
11:12:59,29.31,-0.01,1260,3692802,卖盘
11:13:01,29.3,-0.01,319,934969,卖盘
11:13:05,29.3,0.0,105,307707,卖盘
11:13:07,29.32,0.02,1251,3666239,买盘
11:13:12,29.32,0.0,330,967302,买盘
11:13:14,29.32,0.0,834,2444436,买盘
11:13:17,29.3,-0.02,689,2019258,卖盘
11:13:21,29.33,0.03,309,905792,买盘
11:13:24,29.33,0.0,403,1181587,买盘
11:13:26,29.3,-0.03,225,659469,卖盘
11:13:29,29.32,0.02,201,589141,买盘
11:13:32,29.33,0.01,253,742494,买盘
11:13:34,29.31,-0.02,173,507431,卖盘
11:13:39,29.35,0.04,334,980233,买盘
11:13:42,29.34,-0.01,873,2559627,中性盘
11:13:44,29.35,0.01,212,622174,中性盘
11:13:47,29.31,-0.04,956,2801903,卖盘
11:13:50,29.34,0.03,316,927143,卖盘
11:13:54,29.36,0.02,260,762947,买盘
11:13:56,29.34,-0.02,103,302270,中性盘
11:13:59,29.34,0.0,169,494290,买盘
11:14:02,29.31,-0.03,235,690833,卖盘
11:14:05,29.33,0.02,220,645252,买盘
11:14:07,29.31,-0.02,127,372454,卖盘
11:14:12,29.32,0.01,550,1613009,中性盘
11:14:14,29.31,-0.01,387,1133174,卖盘
11:14:17,29.33,0.02,305,894546,买盘
11:14:20,29.34,0.01,1083,3179984,买盘
11:14:24,29.34,0.0,1135,3333044,卖盘
11:14:25,29.38,0.04,134,393601,买盘
11:14:29,29.35,-0.03,262,769208,卖盘
11:14:32,29.39,0.04,150,440502,买盘
11:14:35,29.39,0.0,79,232079,买盘
11:14:39,29.35,-0.04,38,111585,卖盘
11:14:42,29.39,0.04,271,795455,买盘
11:14:45,29.35,-0.04,58,168978,卖盘
11:14:46,29.39,0.04,453,1330565,买盘
11:14:50,29.39,0.0,183,537774,买盘
11:14:54,29.41,0.02,754,2216587,买盘
11:14:56,29.43,0.02,236,695906,买盘
11:14:58,29.44,0.01,111,324513,买盘
11:15:01,29.42,-0.02,155,456093,卖盘
11:15:05,29.43,0.01,164,482800,买盘
11:15:09,29.44,0.01,219,646318,买盘
11:15:11,29.42,-0.02,725,2130015,卖盘
11:15:14,29.42,0.0,190,559652,买盘
11:15:17,29.44,0.02,189,556473,中性盘
11:15:20,29.44,0.0,59,173834,卖盘
11:15:24,29.49,0.05,86,253291,买盘
11:15:26,29.45,-0.04,34,100280,中性盘
11:15:29,29.46,0.01,151,446441,中性盘
11:15:32,29.46,0.0,38,111960,卖盘
11:15:35,29.47,0.01,90,265188,买盘
11:15:39,29.46,-0.01,126,369570,卖盘
11:15:41,29.47,0.01,43,128386,买盘
11:15:44,29.46,-0.01,13,36651,卖盘
11:15:47,29.46,0.0,18,53021,买盘
11:15:50,29.46,0.0,21,61866,买盘
11:15:54,29.46,0.0,28,82519,买盘
11:15:56,29.46,0.0,29,85460,卖盘
11:15:59,29.47,0.01,59,173815,中性盘
11:16:02,29.45,-0.02,51,150270,卖盘
11:16:04,29.47,0.02,17,50084,买盘
11:16:09,29.44,-0.03,284,836397,卖盘
11:16:11,29.46,0.02,215,633261,买盘
11:16:14,29.43,-0.03,64,188570,卖盘
11:16:17,29.44,0.01,37,108934,买盘
11:16:21,29.45,0.01,769,2264634,买盘
11:16:22,29.44,-0.01,230,676919,卖盘
11:16:26,29.43,-0.01,16,47097,卖盘
11:16:29,29.42,-0.01,102,300101,卖盘
11:16:32,29.44,0.02,163,481220,买盘
11:16:35,29.42,-0.02,9,26484,卖盘
11:16:37,29.43,0.01,25,73565,买盘
11:16:40,29.43,0.0,73,214810,买盘
11:16:45,29.44,0.01,241,707597,买盘
11:16:47,29.45,0.01,57,168342,买盘
11:16:50,29.43,-0.02,25,73597,卖盘
11:16:54,29.46,0.03,68,200261,买盘
11:16:56,29.44,-0.02,58,170762,卖盘
11:16:59,29.44,0.0,56,164868,买盘
11:17:02,29.45,0.01,142,418043,买盘
11:17:05,29.43,-0.02,259,762607,卖盘
11:17:09,29.44,0.01,100,294399,买盘
11:17:11,29.43,-0.01,117,344428,卖盘
11:17:15,29.44,0.01,114,335504,买盘
11:17:17,29.44,0.0,32,94181,买盘
11:17:20,29.42,-0.02,159,467388,卖盘
11:17:24,29.43,0.01,43,126539,买盘
11:17:25,29.43,0.0,7,20599,买盘
11:17:29,29.41,-0.02,109,320593,卖盘
11:17:32,29.42,0.01,233,685238,买盘
11:17:35,29.4,-0.02,22,64691,卖盘
11:17:38,29.4,0.0,109,320491,卖盘
11:17:41,29.39,-0.01,737,2166749,卖盘
11:17:45,29.4,0.01,239,702438,买盘
11:17:47,29.42,0.02,72,211733,买盘
11:17:50,29.41,-0.01,44,129362,中性盘
11:17:54,29.41,0.0,57,167640,买盘
11:17:56,29.42,0.01,6,17651,买盘
11:17:59,29.42,0.0,82,241155,买盘
11:18:02,29.41,-0.01,77,226478,卖盘
11:18:04,29.4,-0.01,383,1126318,卖盘
11:18:07,29.41,0.01,193,567503,买盘
11:18:11,29.41,0.0,99,291159,买盘
11:18:14,29.4,-0.01,232,682309,卖盘
11:18:16,29.4,0.0,220,646877,卖盘
11:18:20,29.4,0.0,43,126449,卖盘
11:18:24,29.42,0.02,302,888024,买盘
11:18:26,29.41,-0.01,21,61764,卖盘
11:18:29,29.41,0.0,58,170582,卖盘
11:18:32,29.42,0.01,161,473656,买盘
11:18:35,29.42,0.0,113,332356,买盘
11:18:39,29.41,-0.01,56,164680,卖盘
11:18:41,29.42,0.01,21,61776,买盘
11:18:44,29.41,-0.01,52,152922,卖盘
11:18:48,29.41,0.0,22,64698,卖盘
11:18:50,29.41,0.0,159,467642,买盘
11:18:53,29.41,0.0,146,429445,卖盘
11:18:56,29.41,0.0,36,105876,卖盘
11:18:59,29.41,0.0,85,250014,买盘
11:19:02,29.4,-0.01,261,767470,卖盘
11:19:05,29.4,0.0,82,241079,买盘
11:19:09,29.4,0.0,146,429146,买盘
11:19:11,29.4,0.0,65,191110,买盘
11:19:15,29.41,0.01,77,226384,买盘
11:19:17,29.42,0.01,34,100014,买盘
11:19:20,29.41,-0.01,14,41178,卖盘
11:19:24,29.41,0.0,43,126497,卖盘
11:19:26,29.41,0.0,45,132345,买盘
11:19:29,29.41,0.0,59,173472,买盘
11:19:32,29.42,0.01,139,408800,买盘
11:19:35,29.41,-0.01,69,202942,卖盘
11:19:38,29.41,0.0,24,70579,买盘
11:19:41,29.41,0.0,37,108804,买盘
11:19:45,29.4,-0.01,568,1670392,卖盘
11:19:47,29.41,0.01,80,235373,中性盘
11:19:50,29.41,0.0,22,64694,买盘
11:19:54,29.4,-0.01,16,47061,卖盘
11:19:56,29.41,0.01,47,138204,中性盘
11:19:59,29.4,-0.01,205,602730,卖盘
11:20:03,29.39,-0.01,341,1002478,卖盘
11:20:05,29.39,0.0,65,191082,卖盘
11:20:09,29.41,0.02,73,214650,买盘
11:20:11,29.41,0.0,56,164709,买盘
11:20:14,29.43,0.02,107,314621,买盘
11:20:17,29.41,-0.02,40,117656,买盘
11:20:20,29.42,0.01,303,890926,买盘
11:20:24,29.4,-0.02,53,155805,中性盘
11:20:26,29.39,-0.01,9,26459,卖盘
11:20:29,29.41,0.02,135,396998,买盘
11:20:32,29.42,0.01,94,276498,买盘
11:20:35,29.4,-0.02,22,64700,卖盘
11:20:39,29.41,0.01,79,232420,卖盘
11:20:41,29.43,0.02,73,214779,买盘
11:20:44,29.4,-0.03,7,20586,卖盘
11:20:47,29.42,0.02,63,185363,买盘
11:20:50,29.43,0.01,252,741249,买盘
11:20:54,29.4,-0.03,65,192618,卖盘
11:20:56,29.43,0.03,477,1403729,买盘
11:20:59,29.41,-0.02,370,1088445,卖盘
11:21:02,29.43,0.02,25,73554,买盘
11:21:05,29.43,0.0,4,11774,卖盘
11:21:08,29.43,0.0,5,14715,卖盘
11:21:11,29.45,0.02,161,473856,买盘
11:21:14,29.45,0.0,182,535959,买盘
11:21:19,29.42,-0.03,62,182555,卖盘
11:21:20,29.46,0.04,20,58908,买盘
11:21:24,29.45,-0.01,23,67748,卖盘
11:21:26,29.46,0.01,44,129593,买盘
11:21:29,29.46,0.0,91,268028,买盘
11:21:32,29.43,-0.03,84,247288,卖盘
11:21:35,29.45,0.02,67,197182,买盘
11:21:39,29.41,-0.04,45,132369,卖盘
11:21:41,29.45,0.04,77,226702,买盘
11:21:44,29.43,-0.02,39,114866,中性盘
11:21:47,29.43,0.0,32,94215,卖盘
11:21:50,29.45,0.02,37,108909,买盘
11:21:54,29.43,-0.02,56,164836,中性盘
11:21:56,29.42,-0.01,187,550196,卖盘
11:21:59,29.42,0.0,83,244148,买盘
11:22:03,29.42,0.0,63,185332,买盘
11:22:05,29.4,-0.02,67,197077,卖盘
11:22:09,29.4,0.0,120,352874,卖盘
11:22:11,29.42,0.02,56,164694,买盘
11:22:14,29.42,0.0,43,126457,买盘
11:22:18,29.43,0.01,42,123579,买盘
11:22:20,29.4,-0.03,61,179428,卖盘
11:22:24,29.41,0.01,43,126531,卖盘
11:22:26,29.4,-0.01,111,326616,卖盘
11:22:29,29.41,0.01,59,173525,卖盘
11:22:32,29.41,0.0,22,64708,买盘
11:22:35,29.42,0.01,18,52926,买盘
11:22:39,29.41,-0.01,15,44129,卖盘
11:22:41,29.42,0.01,20,58840,买盘
11:22:44,29.42,0.0,53,155950,买盘
11:22:47,29.41,-0.01,24,70587,卖盘
11:22:50,29.42,0.01,42,123565,中性盘
11:22:53,29.41,-0.01,51,150025,卖盘
11:22:56,29.41,0.0,382,1123467,卖盘
11:22:59,29.41,0.0,92,270572,买盘
11:23:02,29.43,0.02,564,1658871,买盘
11:23:05,29.4,-0.03,81,238159,卖盘
11:23:09,29.43,0.03,664,1952325,买盘
11:23:11,29.43,0.0,82,241363,卖盘
11:23:14,29.44,0.01,40,117734,中性盘
11:23:17,29.45,0.01,12,35338,买盘
11:23:24,29.45,0.0,81,238538,买盘
11:23:26,29.44,-0.01,26,76546,卖盘
11:23:29,29.43,-0.01,21,61820,卖盘
11:23:33,29.44,0.01,84,247219,买盘
11:23:35,29.43,-0.01,14,41215,中性盘
11:23:39,29.43,0.0,5,14715,卖盘
11:23:41,29.43,0.0,73,214843,卖盘
11:23:44,29.41,-0.02,186,547098,卖盘
11:23:47,29.43,0.02,15,44144,买盘
11:23:50,29.43,0.0,17,50031,买盘
11:23:54,29.42,-0.01,142,417806,卖盘
11:23:56,29.41,-0.01,18,52955,卖盘
11:23:59,29.41,0.0,28,82365,卖盘
11:24:02,29.42,0.01,40,117662,买盘
11:24:05,29.4,-0.02,40,117642,卖盘
11:24:09,29.41,0.01,34,99992,中性盘
11:24:11,29.41,0.0,60,176518,卖盘
11:24:14,29.42,0.01,52,152983,买盘
11:24:17,29.4,-0.02,18,52931,卖盘
11:24:20,29.41,0.01,6,17646,买盘
11:24:24,29.42,0.01,258,758774,买盘
11:24:26,29.4,-0.02,62,182303,卖盘
11:24:29,29.4,0.0,349,1026060,卖盘
11:24:33,29.42,0.02,163,479259,买盘
11:24:35,29.41,-0.01,348,1023806,中性盘
11:24:39,29.41,0.0,58,170682,卖盘
11:24:41,29.42,0.01,83,244008,买盘
11:24:45,29.43,0.01,33,97108,买盘
11:24:47,29.42,-0.01,41,120598,卖盘
11:24:50,29.41,-0.01,51,150001,卖盘
11:24:54,29.41,0.0,12,35300,卖盘
11:24:56,29.41,0.0,34,100002,卖盘
11:24:59,29.41,0.0,138,405981,中性盘
11:25:03,29.41,0.0,50,147050,买盘
11:25:05,29.4,-0.01,88,258812,卖盘
11:25:09,29.4,0.0,29,85282,卖盘
11:25:11,29.41,0.01,95,279395,买盘
11:25:14,29.43,0.02,200,588427,买盘
11:25:18,29.43,0.0,194,570466,买盘
11:25:20,29.41,-0.02,120,352975,中性盘
11:25:24,29.4,-0.01,26,76465,卖盘
11:25:27,29.43,0.03,194,569734,买盘
11:25:29,29.44,0.01,33,97121,买盘
11:25:34,29.44,0.0,26,76550,买盘
11:25:35,29.4,-0.04,736,2166563,卖盘
11:25:38,29.4,0.0,1,2940,买盘
11:25:41,29.39,-0.01,39,114652,卖盘
11:25:44,29.4,0.01,79,232260,买盘
11:25:47,29.42,0.02,178,522205,买盘
11:25:50,29.43,0.01,290,852668,买盘
11:25:54,29.43,0.0,12,35309,买盘
11:25:56,29.42,-0.01,15,44139,卖盘
11:25:59,29.44,0.02,38,111843,买盘
11:26:02,29.45,0.01,25,73600,买盘
11:26:05,29.43,-0.02,23,67703,卖盘
11:26:09,29.47,0.04,45,132598,买盘
11:26:11,29.47,0.0,78,229780,买盘
11:26:15,29.48,0.01,56,165020,买盘
11:26:17,29.46,-0.02,1,2946,买盘
11:26:20,29.45,-0.01,2,5890,中性盘
11:26:24,29.46,0.01,117,344430,买盘
11:26:26,29.46,0.0,8,23562,买盘
11:26:29,29.46,0.0,35,103111,卖盘
11:26:32,29.48,0.02,55,162130,买盘
11:26:35,29.47,-0.01,14,41245,中性盘
11:26:39,29.48,0.01,71,209301,买盘
11:26:41,29.49,0.01,48,141530,买盘
11:26:45,29.48,-0.01,51,150375,中性盘
11:26:47,29.47,-0.01,162,477495,卖盘
11:26:50,29.46,-0.01,67,197430,卖盘
11:26:54,29.47,0.01,11,32411,买盘
11:26:56,29.45,-0.02,18,53024,卖盘
11:26:59,29.46,0.01,13,38298,中性盘
11:27:03,29.46,0.0,35,103139,卖盘
11:27:05,29.46,0.0,26,76621,卖盘
11:27:08,29.46,0.0,3,8840,卖盘
11:27:11,29.49,0.03,48,141474,买盘
11:27:15,29.47,-0.02,40,117901,卖盘
11:27:18,29.48,0.01,43,126773,中性盘
11:27:20,29.48,0.0,160,471716,买盘
11:27:23,29.49,0.01,77,226946,买盘
11:27:26,29.48,-0.01,27,79610,卖盘
11:27:29,29.49,0.01,41,120858,买盘
11:27:33,29.5,0.01,111,327233,买盘
11:27:35,29.48,-0.02,40,117941,中性盘
11:27:39,29.47,-0.01,19,56005,卖盘
11:27:41,29.5,0.03,384,1132602,买盘
11:27:45,29.49,-0.01,15,44245,卖盘
11:27:47,29.46,-0.03,246,724823,卖盘
11:27:50,29.49,0.03,37,109051,买盘
11:27:53,29.49,0.0,9,26538,买盘
11:27:56,29.5,0.01,245,722982,买盘
11:27:59,29.5,0.0,20,59000,卖盘
11:28:02,29.5,0.0,28,82607,卖盘
11:28:05,29.5,0.0,63,185070,卖盘
11:28:09,29.5,0.0,25,73761,卖盘
11:28:11,29.5,0.0,49,144585,卖盘
11:28:14,29.51,0.01,29,85593,卖盘
11:28:18,29.51,0.0,21,61971,卖盘
11:28:20,29.5,-0.01,99,292078,卖盘
11:28:24,29.52,0.02,77,227151,买盘
11:28:26,29.52,0.0,60,177081,买盘
11:28:29,29.5,-0.02,46,135766,卖盘
11:28:33,29.52,0.02,69,203661,买盘
11:28:35,29.49,-0.03,30,88526,卖盘
11:28:39,29.5,0.01,19,56061,卖盘
11:28:41,29.52,0.02,71,209509,买盘
11:28:44,29.5,-0.02,45,132764,卖盘
11:28:47,29.51,0.01,8,23608,卖盘
11:28:50,29.52,0.01,12,35424,买盘
11:28:53,29.51,-0.01,55,162307,卖盘
11:28:56,29.52,0.01,3,8854,买盘
11:28:59,29.5,-0.02,30,88539,卖盘
11:29:02,29.51,0.01,13,38370,中性盘
11:29:05,29.51,0.0,43,126870,买盘
11:29:09,29.51,0.0,12,35410,买盘
11:29:11,29.5,-0.01,157,463150,卖盘
11:29:15,29.49,-0.01,63,185846,卖盘
11:29:20,29.5,0.01,45,132742,买盘
11:29:24,29.51,0.01,93,274280,买盘
11:29:30,29.5,-0.01,32,94402,卖盘
11:29:32,29.51,0.01,13,38359,买盘
11:29:34,29.51,0.0,15,44265,买盘
11:29:38,29.51,0.0,20,59020,买盘
11:29:42,29.51,0.0,122,360026,买盘
11:29:43,29.52,0.01,18,53136,买盘
11:29:47,29.51,-0.01,124,365934,卖盘
11:29:50,29.52,0.01,15,44271,买盘
11:29:53,29.52,0.0,19,56093,买盘
11:29:56,29.53,0.01,34,100375,买盘
11:29:59,29.51,-0.02,167,492953,卖盘
11:30:02,29.51,0.0,10,29510,买盘
13:00:03,29.51,0.0,1823,5378733,买盘
13:00:06,29.48,-0.03,584,1723053,卖盘
13:00:09,29.48,0.0,79,232963,卖盘
13:00:12,29.47,-0.01,347,1023106,卖盘
13:00:15,29.48,0.01,159,468600,买盘
13:00:16,29.5,0.02,85,250674,买盘
13:00:21,29.46,-0.04,235,692920,卖盘
13:00:24,29.49,0.03,168,494983,买盘
13:00:27,29.46,-0.03,251,740237,卖盘
13:00:30,29.46,0.0,104,306280,买盘
13:00:31,29.46,0.0,248,730477,买盘
13:00:36,29.46,0.0,221,650908,买盘
13:00:37,29.44,-0.02,95,279596,中性盘
13:00:42,29.42,-0.02,104,308107,卖盘
13:00:44,29.48,0.06,37,109046,中性盘
13:00:48,29.46,-0.02,79,232832,卖盘
13:00:51,29.45,-0.01,36,106073,卖盘
13:00:52,29.46,0.01,168,494803,买盘
13:00:57,29.52,0.06,98,289036,买盘
13:01:00,29.5,-0.02,23,67850,卖盘
13:01:03,29.56,0.06,112,330723,买盘
13:01:06,29.52,-0.04,99,292323,中性盘
13:01:09,29.52,0.0,72,212518,卖盘
13:01:12,29.5,-0.02,63,185966,卖盘
13:01:15,29.5,0.0,54,159264,买盘
13:01:16,29.5,0.0,45,132718,买盘
13:01:21,29.5,0.0,49,144522,买盘
13:01:24,29.54,0.04,37,109210,买盘
13:01:26,29.5,-0.04,38,112200,卖盘
13:01:30,29.54,0.04,10,29542,卖盘
13:01:31,29.49,-0.05,76,224144,卖盘
13:01:36,29.5,0.01,70,206450,买盘
13:01:37,29.47,-0.03,61,179996,卖盘
13:01:42,29.5,0.03,23,67789,买盘
13:01:45,29.55,0.05,8,23608,中性盘
13:01:48,29.55,0.0,2,5909,买盘
13:01:50,29.51,-0.04,5,14755,卖盘
13:01:54,29.51,0.0,9,26559,卖盘
13:01:57,29.51,0.0,68,200862,卖盘
13:01:59,29.53,0.02,37,109206,买盘
13:02:03,29.53,0.0,37,109293,卖盘
13:02:06,29.51,-0.02,102,301085,卖盘
13:02:09,29.54,0.03,38,112201,买盘
13:02:12,29.54,0.0,41,121109,买盘
13:02:15,29.55,0.01,32,94536,买盘
13:02:18,29.55,0.0,155,457893,中性盘
13:02:21,29.53,-0.02,25,73824,卖盘
13:02:22,29.53,0.0,5,14762,买盘
13:02:27,29.53,0.0,122,360190,买盘
13:02:30,29.53,0.0,21,61973,买盘
13:02:33,29.52,-0.01,8,23613,中性盘
13:02:36,29.53,0.01,67,197765,买盘
13:02:39,29.5,-0.03,124,365933,卖盘
13:02:42,29.53,0.03,133,392671,买盘
13:02:45,29.54,0.01,33,97396,买盘
13:02:46,29.54,0.0,25,73842,买盘
13:02:50,29.51,-0.03,7,20661,卖盘
13:02:54,29.52,0.01,9,26569,卖盘
13:02:57,29.52,0.0,27,79703,买盘
13:03:00,29.51,-0.01,15,44275,卖盘
13:03:03,29.53,0.02,106,313016,买盘
13:03:06,29.52,-0.01,95,280455,卖盘
13:03:09,29.52,0.0,78,230198,买盘
13:03:11,29.52,0.0,19,56076,买盘
13:03:15,29.52,0.0,13,38374,买盘
13:03:18,29.52,0.0,162,478091,买盘
13:03:21,29.53,0.01,56,165288,买盘
13:03:22,29.54,0.01,1,2954,买盘
13:03:27,29.54,0.0,98,289467,买盘
13:03:29,29.55,0.01,74,218633,买盘
13:03:33,29.55,0.0,3,8861,买盘
13:03:36,29.56,0.01,8,23643,买盘
13:03:37,29.53,-0.03,43,127048,卖盘
13:03:41,29.56,0.03,106,313025,买盘
13:03:45,29.56,0.0,6,17727,买盘
13:03:48,29.56,0.0,38,112253,买盘
13:03:51,29.53,-0.03,63,186092,卖盘
13:03:54,29.54,0.01,61,180211,中性盘
13:03:57,29.54,0.0,29,85688,中性盘
13:04:00,29.53,-0.01,11,32485,卖盘
13:04:03,29.55,0.02,36,106388,中性盘
13:04:06,29.56,0.01,111,327944,买盘
13:04:09,29.53,-0.03,17,50201,卖盘
13:04:12,29.55,0.02,60,177210,买盘
13:04:15,29.53,-0.02,29,85682,卖盘
13:04:16,29.53,0.0,27,79781,卖盘
13:04:21,29.54,0.01,10,29548,中性盘
13:04:23,29.53,-0.01,97,286548,卖盘
13:04:27,29.56,0.03,36,106399,买盘
13:04:30,29.55,-0.01,23,67969,卖盘
13:04:33,29.54,-0.01,30,88639,卖盘
13:04:35,29.55,0.01,60,177334,买盘
13:04:38,29.53,-0.02,39,115172,卖盘
13:04:41,29.55,0.02,34,100460,买盘
13:04:45,29.54,-0.01,15,44310,卖盘
13:04:48,29.54,0.0,72,212687,买盘
13:04:51,29.54,0.0,1,2954,买盘
13:04:54,29.54,0.0,3,8862,买盘
13:04:57,29.54,0.0,58,171282,买盘
13:05:00,29.54,0.0,8,23630,买盘
13:05:03,29.54,0.0,37,109264,买盘
13:05:06,29.53,-0.01,71,209659,卖盘
13:05:09,29.53,0.0,3,8859,买盘
13:05:12,29.53,0.0,21,62010,买盘
13:05:15,29.53,0.0,1,2953,买盘
13:05:17,29.53,0.0,31,91543,买盘
13:05:21,29.53,0.0,30,88574,买盘
13:05:23,29.53,0.0,118,348454,买盘
13:05:26,29.53,0.0,57,168338,卖盘
13:05:30,29.53,0.0,52,153568,卖盘
13:05:33,29.53,0.0,29,85642,卖盘
13:05:35,29.54,0.01,9,26586,买盘
13:05:39,29.53,-0.01,84,248052,卖盘
13:05:42,29.55,0.02,230,679395,买盘
13:05:44,29.54,-0.01,53,156510,中性盘
13:05:48,29.54,0.0,21,62034,卖盘
13:05:51,29.54,0.0,7,20678,卖盘
13:05:54,29.55,0.01,1,2955,买盘
13:05:57,29.55,0.0,56,165475,买盘
13:06:00,29.54,-0.01,38,112267,卖盘
13:06:01,29.54,0.0,7,20678,买盘
13:06:05,29.56,0.02,113,333816,买盘
13:06:09,29.54,-0.02,14,39997,卖盘
13:06:12,29.56,0.02,3,8866,买盘
13:06:15,29.54,-0.02,27,79766,卖盘
13:06:18,29.56,0.02,3,8868,买盘
13:06:20,29.54,-0.02,17,50230,卖盘
13:06:24,29.54,0.0,1,2954,卖盘
13:06:27,29.56,0.02,26,76822,买盘
13:06:30,29.54,-0.02,8,23632,卖盘
13:06:31,29.56,0.02,18,53176,买盘
13:06:36,29.55,-0.01,84,248149,中性盘
13:06:37,29.53,-0.02,75,221543,卖盘
13:06:42,29.55,0.02,24,70920,买盘
13:06:45,29.55,0.0,24,70931,卖盘
13:06:48,29.55,0.0,20,59100,卖盘
13:06:51,29.55,0.0,62,183155,卖盘
13:06:54,29.54,-0.01,87,256983,中性盘
13:06:57,29.54,0.0,74,218592,买盘
13:06:59,29.53,-0.01,22,64966,卖盘
13:07:02,29.53,0.0,54,159462,买盘
13:07:06,29.53,0.0,12,35443,卖盘
13:07:08,29.54,0.01,136,401739,买盘
13:07:11,29.54,0.0,1,2954,卖盘
13:07:14,29.55,0.01,40,118172,买盘
13:07:18,29.55,0.0,39,115206,买盘
13:07:21,29.54,-0.01,5,14770,卖盘
13:07:23,29.54,0.0,22,64988,卖盘
13:07:27,29.54,0.0,7,20678,买盘
13:07:30,29.54,0.0,8,23632,买盘
13:07:33,29.54,0.0,4,11816,买盘
13:07:36,29.53,-0.01,21,62013,卖盘
13:07:39,29.52,-0.01,49,144674,卖盘
13:07:42,29.53,0.01,13,38388,买盘
13:07:44,29.53,0.0,36,106318,买盘
13:07:48,29.54,0.01,7,20677,买盘
13:07:50,29.53,-0.01,4,11812,卖盘
13:07:54,29.53,0.0,41,121073,卖盘
13:07:57,29.53,0.0,7,20671,卖盘
13:08:00,29.53,0.0,35,103350,买盘
13:08:03,29.54,0.01,170,502121,买盘
13:08:06,29.54,0.0,3,8862,卖盘
13:08:09,29.55,0.01,67,197925,买盘
13:08:11,29.55,0.0,15,44315,买盘
13:08:15,29.53,-0.02,7,20682,卖盘
13:08:18,29.55,0.02,6,17729,买盘
13:08:21,29.54,-0.01,7,20678,卖盘
13:08:24,29.54,0.0,6,17724,买盘
13:08:27,29.55,0.01,27,79759,买盘
13:08:30,29.54,-0.01,29,85655,买盘
13:08:32,29.54,0.0,24,70896,买盘
13:08:36,29.55,0.01,14,41359,买盘
13:08:39,29.53,-0.02,47,138820,卖盘
13:08:42,29.55,0.02,51,150621,买盘
13:08:45,29.54,-0.01,3,8861,买盘
13:08:48,29.54,0.0,8,23638,卖盘
13:08:51,29.53,-0.01,57,168338,卖盘
13:08:54,29.55,0.02,17,50235,买盘
13:09:00,29.54,-0.01,52,153600,卖盘
13:09:03,29.54,0.0,21,62027,中性盘
13:09:05,29.53,-0.01,11,32487,卖盘
13:09:09,29.54,0.01,20,59080,买盘
13:09:12,29.54,0.0,10,29540,买盘
13:09:14,29.54,0.0,59,174270,买盘
13:09:17,29.54,0.0,33,97482,买盘
13:09:21,29.54,0.0,17,50215,买盘
13:09:24,29.53,-0.01,131,386843,卖盘
13:09:27,29.53,0.0,16,47253,买盘
13:09:30,29.53,0.0,21,62032,卖盘
13:09:33,29.53,0.0,35,103387,卖盘
13:09:36,29.54,0.01,3,8862,买盘
13:09:39,29.52,-0.02,47,138800,卖盘
13:09:42,29.54,0.02,6,17724,买盘
13:09:45,29.52,-0.02,17,49133,卖盘
13:09:48,29.54,0.02,49,144745,买盘
13:09:50,29.54,0.0,9,26578,买盘
13:09:54,29.53,-0.01,40,118119,中性盘
13:09:57,29.53,0.0,3,8858,买盘
13:10:00,29.52,-0.01,31,91514,卖盘
13:10:03,29.53,0.01,29,85618,买盘
13:10:05,29.53,0.0,7,20667,买盘
13:10:09,29.52,-0.01,29,85634,卖盘
13:10:12,29.52,0.0,18,53142,卖盘
13:10:15,29.52,0.0,16,47233,卖盘
13:10:17,29.52,0.0,29,86676,卖盘
13:10:21,29.51,-0.01,18,53130,卖盘
13:10:24,29.52,0.01,57,168260,买盘
13:10:27,29.51,-0.01,26,76726,卖盘
13:10:30,29.51,0.0,57,168210,卖盘
13:10:32,29.52,0.01,41,121013,买盘
13:10:36,29.51,-0.01,26,76747,卖盘
13:10:39,29.52,0.01,21,61992,买盘
13:10:42,29.51,-0.01,91,268545,卖盘
13:10:45,29.51,0.0,29,85559,买盘
13:10:48,29.51,0.0,51,150455,买盘
13:10:50,29.5,-0.01,48,141644,卖盘
13:10:53,29.5,0.0,53,156367,卖盘
13:10:57,29.5,0.0,37,109176,卖盘
13:10:59,29.5,0.0,54,159318,卖盘
13:11:02,29.5,0.0,67,197653,卖盘
13:11:06,29.5,0.0,21,61956,卖盘
13:11:09,29.5,0.0,40,118026,卖盘
13:11:11,29.5,0.0,63,187690,卖盘
13:11:15,29.51,0.01,87,256672,买盘
13:11:18,29.51,0.0,30,88534,卖盘
13:11:21,29.5,-0.01,45,132809,卖盘
13:11:24,29.51,0.01,148,436605,中性盘
13:11:26,29.51,0.0,322,949907,买盘
13:11:30,29.51,0.0,67,197683,买盘
13:11:33,29.52,0.01,82,241992,买盘
13:11:36,29.51,-0.01,13,38362,卖盘
13:11:39,29.51,0.0,149,439739,卖盘
13:11:41,29.53,0.02,114,336619,买盘
13:11:45,29.54,0.01,35,103384,买盘
13:11:47,29.52,-0.02,522,1540289,卖盘
13:11:51,29.52,0.0,15,42501,卖盘
13:11:54,29.53,0.01,175,516591,买盘
13:11:58,29.52,-0.01,105,309975,卖盘
13:12:00,29.49,-0.03,49,144614,卖盘
13:12:02,29.49,0.0,251,741028,卖盘
13:12:05,29.5,0.01,46,135715,买盘
13:12:08,29.5,0.0,28,82600,卖盘
13:12:11,29.51,0.01,54,159348,买盘
13:12:15,29.51,0.0,32,94432,买盘
13:12:18,29.53,0.02,211,622958,买盘
13:12:20,29.53,0.0,49,144617,买盘
13:12:24,29.51,-0.02,123,362922,中性盘
13:12:30,29.5,-0.01,129,380719,卖盘
13:12:33,29.51,0.01,6,17704,买盘
13:12:36,29.51,0.0,68,200620,买盘
13:12:38,29.49,-0.02,59,174008,卖盘
13:12:42,29.51,0.02,31,91464,买盘
13:12:45,29.51,0.0,17,50167,买盘
13:12:47,29.51,0.0,67,197701,买盘
13:12:51,29.53,0.02,55,162334,买盘
13:12:53,29.51,-0.02,29,85626,中性盘
13:12:57,29.53,0.02,16,47226,买盘
13:13:00,29.51,-0.02,107,315887,卖盘
13:13:03,29.51,0.0,41,120966,买盘
13:13:06,29.51,0.0,62,182927,买盘
13:13:09,29.51,0.0,50,147518,买盘
13:13:12,29.5,-0.01,19,56052,卖盘
13:13:15,29.51,0.01,103,303952,买盘
13:13:18,29.51,0.0,58,171158,买盘
13:13:20,29.51,0.0,29,85569,买盘
13:13:24,29.5,-0.01,16,47212,卖盘
13:13:27,29.51,0.01,24,70813,买盘
13:13:30,29.51,0.0,26,76725,买盘
13:13:33,29.51,0.0,3,8853,买盘
13:13:36,29.52,0.01,118,348232,买盘
13:13:38,29.51,-0.01,62,182986,卖盘
13:13:41,29.5,-0.01,410,1209529,卖盘
13:13:45,29.5,0.0,93,274350,买盘
13:13:47,29.5,0.0,95,280224,买盘
13:13:50,29.5,0.0,15,44250,买盘
13:13:54,29.5,0.0,27,79650,买盘
13:13:57,29.49,-0.01,41,120943,卖盘
13:14:00,29.5,0.01,90,265446,买盘
13:14:03,29.5,0.0,153,451264,买盘
13:14:06,29.5,0.0,23,67849,买盘
13:14:09,29.53,0.03,149,439627,买盘
13:14:12,29.46,-0.07,304,896952,卖盘
13:14:15,29.53,0.07,33,97443,买盘
13:14:18,29.5,-0.03,14,41300,卖盘
13:14:21,29.51,0.01,59,174119,卖盘
13:14:24,29.52,0.01,2,5904,买盘
13:14:26,29.52,0.0,29,85592,买盘
13:14:30,29.52,0.0,12,35424,买盘
13:14:33,29.52,0.0,62,182993,买盘
13:14:36,29.51,-0.01,40,118045,中性盘
13:14:39,29.5,-0.01,108,318679,卖盘
13:14:42,29.51,0.01,20,59013,买盘
13:14:45,29.5,-0.01,51,150451,卖盘
13:14:48,29.51,0.01,85,250835,买盘
13:14:51,29.51,0.0,18,53135,卖盘
13:14:53,29.52,0.01,89,262726,买盘
13:14:57,29.53,0.01,1,2953,买盘
13:15:00,29.53,0.0,7,20667,买盘
13:15:03,29.53,0.0,5,14762,买盘
13:15:06,29.51,-0.02,10,29518,卖盘
13:15:09,29.51,0.0,34,100335,卖盘
13:15:12,29.52,0.01,27,79706,买盘
13:15:15,29.52,0.0,3,8856,买盘
13:15:17,29.51,-0.01,24,70834,卖盘
13:15:20,29.51,0.0,28,82603,买盘
13:15:24,29.51,0.0,31,91507,买盘
13:15:27,29.51,0.0,18,53117,买盘
13:15:30,29.51,0.0,66,194783,卖盘
13:15:35,29.53,0.02,60,177121,买盘
13:15:39,29.5,-0.03,52,153469,卖盘
13:15:42,29.53,0.03,19,56090,买盘
13:15:45,29.53,0.0,87,256698,买盘
13:15:48,29.53,0.0,11,32468,买盘
13:15:51,29.51,-0.02,32,94432,买盘
13:15:54,29.51,0.0,19,56069,买盘
13:15:57,29.51,0.0,41,120991,买盘
13:16:00,29.51,0.0,25,73773,买盘
13:16:03,29.51,0.0,8,23608,买盘
13:16:06,29.5,-0.01,14,41310,卖盘
13:16:09,29.5,0.0,16,47200,卖盘
13:16:11,29.5,0.0,20,59019,卖盘
13:16:14,29.5,0.0,30,88500,卖盘
13:16:18,29.51,0.01,33,97358,买盘
13:16:21,29.51,0.0,14,41310,买盘
13:16:24,29.51,0.0,3,8853,买盘
13:16:27,29.51,0.0,37,109187,买盘
13:16:30,29.51,0.0,28,82613,买盘
13:16:33,29.5,-0.01,3,8850,卖盘
13:16:36,29.51,0.01,32,94432,买盘
13:16:39,29.5,-0.01,73,215381,卖盘
13:16:42,29.51,0.01,16,47226,中性盘
13:16:45,29.53,0.02,12,35434,买盘
13:16:48,29.53,0.0,8,23624,买盘
13:16:50,29.52,-0.01,25,73800,卖盘
13:16:54,29.51,-0.01,18,53118,卖盘
13:16:57,29.52,0.01,2,5903,买盘
13:17:00,29.52,0.0,6,17712,买盘
13:17:03,29.51,-0.01,20,59022,卖盘
13:17:06,29.51,0.0,33,97396,卖盘
13:17:11,29.51,0.0,80,236100,卖盘
13:17:15,29.51,0.0,8,23610,卖盘
13:17:18,29.52,0.01,41,121023,买盘
13:17:20,29.53,0.01,88,259774,买盘
13:17:24,29.53,0.0,17,50201,买盘
13:17:27,29.53,0.0,6,17719,买盘
13:17:30,29.54,0.01,8,23631,买盘
13:17:33,29.53,-0.01,1,2953,买盘
13:17:36,29.53,0.0,1,2953,买盘
13:17:39,29.53,0.0,213,628866,买盘
13:17:42,29.54,0.01,21,62026,买盘
13:17:45,29.54,0.0,49,144746,买盘
13:17:47,29.53,-0.01,6,17719,卖盘
13:17:50,29.54,0.01,5,14770,买盘
13:17:54,29.53,-0.01,54,159494,卖盘
13:17:57,29.53,0.0,41,121063,买盘
13:18:00,29.54,0.01,12,35448,买盘
13:18:03,29.54,0.0,22,64972,买盘
13:18:06,29.54,0.0,33,97480,买盘
13:18:09,29.53,-0.01,71,209721,卖盘
13:18:12,29.55,0.02,125,368077,买盘
13:18:14,29.55,0.0,6,17730,买盘
13:18:20,29.55,0.0,46,135904,买盘
13:18:23,29.55,0.0,57,168433,买盘
13:18:27,29.55,0.0,56,165480,买盘
13:18:30,29.54,-0.01,59,174288,卖盘
13:18:33,29.54,0.0,13,38402,买盘
13:18:36,29.53,-0.01,28,82711,卖盘
13:18:39,29.55,0.02,59,174281,买盘
13:18:41,29.55,0.0,44,129971,买盘
13:18:44,29.53,-0.02,21,62053,卖盘
13:18:48,29.53,0.0,3,8861,卖盘
13:18:51,29.55,0.02,12,35460,买盘
13:18:53,29.54,-0.01,32,94550,中性盘
13:18:56,29.53,-0.01,104,307227,卖盘
13:19:00,29.55,0.02,3,8865,买盘
13:19:03,29.54,-0.01,36,106349,卖盘
13:19:06,29.55,0.01,20,59094,买盘
13:19:09,29.54,-0.01,49,144782,卖盘
13:19:12,29.55,0.01,35,103440,买盘
13:19:14,29.56,0.01,9,26602,买盘
13:19:17,29.55,-0.01,24,70921,卖盘
13:19:21,29.55,0.0,15,44332,卖盘
13:19:23,29.56,0.01,20,59119,买盘
13:19:27,29.55,-0.01,15,44328,卖盘
13:19:30,29.55,0.0,3,8865,卖盘
13:19:33,29.55,0.0,3,8865,卖盘
13:19:35,29.56,0.01,10,29557,买盘
13:19:39,29.55,-0.01,109,322095,卖盘
13:19:42,29.56,0.01,113,333891,买盘
13:19:45,29.56,0.0,19,56164,买盘
13:19:48,29.56,0.0,7,20692,买盘
13:19:51,29.56,0.0,7,20691,买盘
13:19:54,29.56,0.0,62,183272,买盘
13:19:57,29.56,0.0,47,138905,买盘
13:19:59,29.56,0.0,12,35462,买盘
13:20:03,29.56,0.0,24,70944,买盘
13:20:06,29.55,-0.01,35,103434,卖盘
13:20:09,29.55,0.0,13,38415,买盘
13:20:12,29.55,0.0,55,162525,买盘
13:20:15,29.56,0.01,24,70927,买盘
13:20:17,29.56,0.0,38,112308,买盘
13:20:21,29.54,-0.02,48,141833,卖盘
13:20:24,29.54,0.0,12,35465,卖盘
13:20:27,29.55,0.01,4,11820,买盘
13:20:29,29.55,0.0,17,50235,卖盘
13:20:33,29.56,0.01,22,65023,买盘
13:20:36,29.56,0.0,2,5912,买盘
13:20:39,29.55,-0.01,104,307369,卖盘
13:20:41,29.56,0.01,23,67982,买盘
13:20:45,29.56,0.0,70,207275,买盘
13:20:48,29.56,0.0,40,117884,卖盘
13:20:51,29.57,0.01,28,82755,买盘
13:20:54,29.57,0.0,156,461053,买盘
13:20:57,29.56,-0.01,22,65048,中性盘
13:21:00,29.56,0.0,52,153685,买盘
13:21:03,29.55,-0.01,44,130047,卖盘
13:21:06,29.55,0.0,8,23638,买盘
13:21:09,29.55,0.0,52,153625,买盘
13:21:12,29.57,0.02,145,428748,买盘
13:21:15,29.55,-0.02,27,79822,中性盘
13:21:18,29.56,0.01,65,192133,买盘
13:21:21,29.56,0.0,21,62070,买盘
13:21:24,29.56,0.0,29,85716,买盘
13:21:27,29.55,-0.01,9,26603,卖盘
13:21:30,29.54,-0.01,55,162519,卖盘
13:21:33,29.56,0.02,9,26604,买盘
13:21:36,29.56,0.0,17,50252,买盘
13:21:39,29.55,-0.01,83,245286,卖盘
13:21:42,29.56,0.01,98,289671,买盘
13:21:45,29.56,0.0,91,269023,买盘
13:21:48,29.57,0.01,199,588276,买盘
13:21:51,29.55,-0.02,30,88687,卖盘
13:21:54,29.57,0.02,12,35484,买盘
13:21:56,29.57,0.0,62,183303,买盘
13:22:00,29.57,0.0,11,32517,买盘
13:22:03,29.57,0.0,10,29568,买盘
13:22:05,29.56,-0.01,105,310279,中性盘
13:22:08,29.57,0.01,181,535173,买盘
13:22:12,29.56,-0.01,163,481849,卖盘
13:22:15,29.57,0.01,107,316397,买盘
13:22:18,29.57,0.0,95,280955,卖盘
13:22:21,29.58,0.01,79,233682,买盘
13:22:24,29.57,-0.01,76,224712,卖盘
13:22:27,29.56,-0.01,28,82794,卖盘
13:22:30,29.56,0.0,16,47310,卖盘
13:22:33,29.58,0.02,97,286834,买盘
13:22:36,29.58,0.0,10,29579,买盘
13:22:39,29.57,-0.01,117,345984,卖盘
13:22:42,29.58,0.01,41,121258,买盘
13:22:45,29.58,0.0,11,32538,买盘
13:22:48,29.58,0.0,16,47328,买盘
13:22:51,29.57,-0.01,16,47326,卖盘
13:22:54,29.58,0.01,16,47328,买盘
13:22:57,29.57,-0.01,96,283906,卖盘
13:22:59,29.58,0.01,33,97614,买盘
13:23:03,29.58,0.0,41,121270,买盘
13:23:06,29.58,0.0,20,59158,买盘
13:23:09,29.58,0.0,70,207024,买盘
13:23:12,29.59,0.01,13,38460,买盘
13:23:14,29.59,0.0,25,73956,买盘
13:23:18,29.59,0.0,64,189273,买盘
13:23:21,29.58,-0.01,15,44376,卖盘
13:23:24,29.59,0.01,14,41426,买盘
13:23:27,29.59,0.0,26,76934,买盘
13:23:30,29.59,0.0,33,97647,买盘
13:23:32,29.59,0.0,55,162745,买盘
13:23:36,29.59,0.0,26,76932,买盘
13:23:39,29.59,0.0,42,124230,买盘
13:23:42,29.59,0.0,67,198143,买盘
13:23:45,29.57,-0.02,31,91695,卖盘
13:23:48,29.59,0.02,7,20707,买盘
13:23:51,29.58,-0.01,10,29580,卖盘
13:23:54,29.56,-0.02,63,186294,卖盘
13:23:57,29.58,0.02,37,109446,买盘
13:24:00,29.59,0.01,89,263332,买盘
13:24:03,29.58,-0.01,52,153828,卖盘
13:24:06,29.58,0.0,29,85795,卖盘
13:24:09,29.58,0.0,69,204120,卖盘
13:24:12,29.58,0.0,23,68030,买盘
13:24:15,29.58,0.0,21,62117,买盘
13:24:18,29.58,0.0,37,109446,买盘
13:24:21,29.58,0.0,18,53244,买盘
13:24:24,29.58,0.0,7,20706,买盘
13:24:27,29.58,0.0,21,62118,买盘
13:24:30,29.57,-0.01,56,165617,卖盘
13:24:33,29.58,0.01,5,14789,中性盘
13:24:36,29.57,-0.01,78,230690,卖盘
13:24:39,29.57,0.0,53,156742,卖盘
13:24:42,29.57,0.0,49,144920,卖盘
13:24:45,29.58,0.01,44,130139,买盘
13:24:48,29.57,-0.01,3,8871,卖盘
13:24:51,29.58,0.01,34,100552,买盘
13:24:54,29.56,-0.02,9,26614,卖盘
13:24:57,29.57,0.01,7,20699,买盘
13:24:59,29.57,0.0,42,124194,买盘
13:25:03,29.57,0.0,28,82795,买盘
13:25:06,29.56,-0.01,278,821778,卖盘
13:25:09,29.57,0.01,21,62097,买盘
13:25:12,29.57,0.0,78,230702,买盘
13:25:15,29.58,0.01,27,79843,买盘
13:25:18,29.57,-0.01,18,53233,中性盘
13:25:21,29.56,-0.01,10,29561,卖盘
13:25:24,29.57,0.01,15,44359,买盘
13:25:27,29.58,0.01,16,47326,买盘
13:25:30,29.57,-0.01,47,138979,卖盘
13:25:33,29.57,0.0,1,2957,买盘
13:25:36,29.57,0.0,53,156687,买盘
13:25:39,29.56,-0.01,93,274914,卖盘
13:25:42,29.57,0.01,27,79830,买盘
13:25:45,29.56,-0.01,283,836571,卖盘
13:25:48,29.56,0.0,8,23649,买盘
13:25:51,29.57,0.01,50,147841,买盘
13:25:54,29.55,-0.02,54,159632,卖盘
13:25:57,29.56,0.01,22,65053,中性盘
13:26:00,29.56,0.0,80,236451,买盘
13:26:03,29.56,0.0,23,67983,买盘
13:26:06,29.56,0.0,52,153674,买盘
13:26:09,29.56,0.0,23,67996,买盘
13:26:12,29.57,0.01,104,307527,买盘
13:26:15,29.56,-0.01,29,85733,卖盘
13:26:18,29.56,0.0,39,115284,卖盘
13:26:21,29.56,0.0,43,127114,买盘
13:26:24,29.56,0.0,42,124166,买盘
13:26:27,29.56,0.0,254,750859,卖盘
13:26:30,29.57,0.01,82,242444,买盘
13:26:34,29.57,0.0,41,121233,买盘
13:26:36,29.56,-0.01,117,345844,卖盘
13:26:39,29.56,0.0,45,132997,卖盘
13:26:42,29.56,0.0,68,200998,买盘
13:26:45,29.55,-0.01,72,212795,卖盘
13:26:48,29.56,0.01,1,2956,买盘
13:26:51,29.56,0.0,29,85719,买盘
13:26:54,29.55,-0.01,57,168487,卖盘
13:26:57,29.55,0.0,20,59106,卖盘
13:27:00,29.56,0.01,7,20691,买盘
13:27:03,29.56,0.0,20,59112,买盘
13:27:06,29.55,-0.01,129,381250,卖盘
13:27:09,29.56,0.01,41,121166,买盘
13:27:12,29.56,0.0,11,32515,买盘
13:27:15,29.56,0.0,26,76856,买盘
13:27:18,29.56,0.0,10,29559,买盘
13:27:21,29.56,0.0,54,159614,买盘
13:27:24,29.56,0.0,36,106407,买盘
13:27:27,29.56,0.0,39,115257,买盘
13:27:30,29.56,0.0,72,212812,买盘
13:27:34,29.57,0.01,39,115299,买盘
13:27:36,29.56,-0.01,78,230496,中性盘
13:27:39,29.56,0.0,99,292621,卖盘
13:27:42,29.57,0.01,35,103452,买盘
13:27:45,29.57,0.0,78,230590,买盘
13:27:48,29.57,0.0,25,73916,买盘
13:27:51,29.56,-0.01,19,56182,卖盘
13:27:54,29.57,0.01,15,44355,买盘
13:27:57,29.57,0.0,65,192204,买盘
13:28:00,29.57,0.0,127,375639,卖盘
13:28:03,29.58,0.01,13,38445,买盘
13:28:06,29.57,-0.01,41,121253,卖盘
13:28:09,29.57,0.0,25,73901,买盘
13:28:12,29.58,0.01,44,130114,买盘
13:28:15,29.58,0.0,25,73948,买盘
13:28:19,29.59,0.01,60,177465,买盘
13:28:21,29.59,0.0,32,94683,买盘
13:28:24,29.58,-0.01,72,212995,中性盘
13:28:27,29.57,-0.01,81,239543,卖盘
13:28:30,29.57,0.0,9,26612,买盘
13:28:33,29.56,-0.01,48,141902,卖盘
13:28:36,29.57,0.01,286,845639,买盘
13:28:39,29.56,-0.01,60,177505,卖盘
13:28:42,29.55,-0.01,97,286883,卖盘
13:28:45,29.6,0.05,57,168589,买盘
13:28:48,29.6,0.0,57,168652,买盘
13:28:51,29.58,-0.02,22,65100,中性盘
13:28:54,29.55,-0.03,46,136038,卖盘
13:28:57,29.58,0.03,4,11832,买盘
13:29:00,29.6,0.02,39,115380,买盘
13:29:03,29.56,-0.04,38,112334,卖盘
13:29:06,29.56,0.0,18,53224,卖盘
13:29:09,29.58,0.02,62,183377,买盘
13:29:12,29.55,-0.03,170,502522,卖盘
13:29:15,29.56,0.01,38,112323,买盘
13:29:18,29.56,0.0,23,67988,买盘
13:29:21,29.56,0.0,36,106411,买盘
13:29:24,29.56,0.0,14,41727,买盘
13:29:27,29.55,-0.01,50,147758,卖盘
13:29:30,29.55,0.0,72,212778,卖盘
13:29:33,29.55,0.0,75,221625,卖盘
13:29:37,29.55,0.0,111,328042,卖盘
13:29:39,29.56,0.01,57,168445,买盘
13:29:42,29.55,-0.01,206,608412,卖盘
13:29:45,29.56,0.01,137,404775,买盘
13:29:48,29.55,-0.01,27,79775,中性盘
13:29:51,29.55,0.0,17,50235,买盘
13:29:54,29.54,-0.01,92,271928,卖盘
13:29:57,29.54,0.0,423,1249413,卖盘
13:30:00,29.53,-0.01,319,942016,卖盘
13:30:03,29.54,0.01,75,221502,买盘
13:30:07,29.54,0.0,562,1659711,买盘
13:30:09,29.54,0.0,37,109292,买盘
13:30:12,29.56,0.02,128,378133,买盘
13:30:15,29.56,0.0,170,502856,买盘
13:30:20,29.56,0.0,28,82763,买盘
13:30:21,29.59,0.03,41,121260,买盘
13:30:24,29.56,-0.03,24,70983,卖盘
13:30:27,29.55,-0.01,24,70920,卖盘
13:30:30,29.55,0.0,10,29550,买盘
13:30:33,29.55,0.0,8,23643,买盘
13:30:36,29.55,0.0,4,11820,买盘
13:30:39,29.54,-0.01,73,215683,卖盘
13:30:42,29.54,0.0,68,200838,买盘
13:30:45,29.54,0.0,60,177188,买盘
13:30:49,29.54,0.0,47,138823,买盘
13:30:51,29.53,-0.01,81,239990,卖盘
13:30:54,29.53,0.0,77,227349,买盘
13:30:57,29.52,-0.01,2,5904,卖盘
13:31:00,29.53,0.01,28,82659,买盘
13:31:03,29.53,0.0,59,174185,买盘
13:31:06,29.52,-0.01,10,29527,卖盘
13:31:09,29.52,0.0,43,126942,卖盘
13:31:12,29.52,0.0,7,21938,卖盘
13:31:15,29.52,0.0,107,315800,卖盘
13:31:19,29.51,-0.01,84,247247,卖盘
13:31:21,29.52,0.01,3,8856,买盘
13:31:24,29.51,-0.01,592,1745397,卖盘
13:31:27,29.51,0.0,47,138665,买盘
13:31:30,29.51,0.0,9,26559,买盘
13:31:34,29.51,0.0,144,424916,买盘
13:31:37,29.51,0.0,92,271491,买盘
13:31:39,29.51,0.0,26,76712,买盘
13:31:42,29.51,0.0,69,203584,买盘
13:31:45,29.51,0.0,1040,3068034,买盘
13:31:48,29.51,0.0,117,345165,买盘
13:31:51,29.52,0.01,208,613807,买盘
13:31:54,29.53,0.01,371,1095267,买盘
13:31:57,29.53,0.0,31,91483,买盘
13:32:00,29.49,-0.04,197,581330,卖盘
13:32:04,29.49,0.0,68,200592,卖盘
13:32:06,29.5,0.01,33,97348,买盘
