time,price,change,volume,amount,type
09:25:03,30.16,-0.01,3329,10040264,卖盘
09:30:03,30.2,0.04,1494,4508745,买盘
09:30:05,30.18,-0.02,257,775903,卖盘
09:30:09,30.2,0.02,148,446830,买盘
09:30:12,30.21,0.01,126,380622,买盘
09:30:15,30.21,0.0,68,205512,卖盘
09:30:17,30.22,0.01,6,18136,卖盘
09:30:20,30.28,0.06,87,263240,买盘
09:30:24,30.28,0.0,42,127063,买盘
09:30:27,30.27,-0.01,323,977400,卖盘
09:30:29,30.29,0.02,323,978161,买盘
09:30:33,30.31,0.02,113,342379,买盘
09:30:35,30.31,0.0,284,861259,卖盘
09:30:39,30.32,0.01,160,484852,中性盘
09:30:42,30.32,0.0,248,751475,卖盘
09:30:45,30.33,0.01,35,106121,买盘
09:30:48,30.32,-0.01,275,833950,中性盘
09:30:51,30.33,0.01,301,912538,买盘
09:30:54,30.29,-0.04,138,418136,卖盘
09:30:57,30.29,0.0,421,1275715,卖盘
09:31:00,30.3,0.01,543,1644805,中性盘
09:31:03,30.29,-0.01,255,772203,中性盘
09:31:06,30.29,0.0,121,366388,买盘
09:31:09,30.25,-0.04,189,572137,卖盘
09:31:12,30.25,0.0,37,111947,卖盘
09:31:15,30.25,0.0,251,759619,卖盘
09:31:18,30.25,0.0,63,190595,卖盘
09:31:21,30.25,0.0,162,490028,买盘
09:31:24,30.25,0.0,158,477909,买盘
09:31:27,30.25,0.0,165,499108,卖盘
09:31:30,30.24,-0.01,15,45370,中性盘
09:31:33,30.25,0.01,165,499153,买盘
09:31:36,30.24,-0.01,55,166240,中性盘
09:31:39,30.22,-0.02,78,235754,卖盘
09:31:42,30.24,0.02,555,1676252,买盘
09:31:45,30.22,-0.02,24,72489,中性盘
09:31:47,30.22,0.0,67,202288,买盘
09:31:51,30.23,0.01,359,1084415,买盘
09:31:53,30.22,-0.01,82,247808,卖盘
09:31:57,30.22,0.0,154,465436,卖盘
09:32:00,30.22,0.0,319,963424,买盘
09:32:03,30.22,0.0,425,1284144,买盘
09:32:05,30.22,0.0,359,1084808,买盘
09:32:09,30.22,0.0,34,102728,买盘
09:32:12,30.2,-0.02,260,785420,卖盘
09:32:14,30.21,0.01,103,311180,买盘
09:32:18,30.2,-0.01,66,199368,卖盘
09:32:20,30.21,0.01,260,785561,买盘
09:32:23,30.2,-0.01,33,99660,卖盘
09:32:27,30.19,-0.01,181,546621,卖盘
09:32:30,30.17,-0.02,1163,3512044,卖盘
09:32:33,30.2,0.03,12,36241,买盘
09:32:36,30.2,0.0,22,66430,买盘
09:32:39,30.2,0.0,16,48320,买盘
09:32:41,30.2,0.0,16,48320,买盘
09:32:45,30.2,0.0,3,9060,买盘
09:32:48,30.18,-0.02,710,2144553,卖盘
09:32:51,30.2,0.02,47,141946,卖盘
09:32:53,30.2,0.0,24,72469,买盘
09:32:57,30.17,-0.03,209,630917,卖盘
09:32:59,30.18,0.01,15,45273,中性盘
09:33:03,30.17,-0.01,101,304785,卖盘
09:33:06,30.17,0.0,78,235362,卖盘
09:33:09,30.18,0.01,237,715467,中性盘
09:33:12,30.19,0.01,271,818104,中性盘
09:33:15,30.18,-0.01,23,69404,中性盘
09:33:18,30.19,0.01,255,769806,买盘
09:33:21,30.17,-0.02,33,99584,卖盘
09:33:24,30.18,0.01,114,344031,买盘
09:33:27,30.17,-0.01,143,431564,卖盘
09:33:30,30.17,0.0,76,229354,卖盘
09:33:33,30.2,0.03,119,359232,买盘
09:33:36,30.19,-0.01,453,1368690,卖盘
09:33:39,30.24,0.05,191,576383,买盘
09:33:41,30.17,-0.07,55,166053,卖盘
09:33:48,30.18,0.01,12,36223,卖盘
09:33:51,30.24,0.06,137,414282,买盘
09:33:53,30.18,-0.06,46,138842,卖盘
09:33:56,30.18,0.0,30,90594,卖盘
09:34:00,30.21,0.03,78,235725,卖盘
09:34:03,30.21,0.0,2,6042,卖盘
09:34:06,30.25,0.04,187,565554,买盘
09:34:09,30.26,0.01,550,1663763,买盘
09:34:12,30.24,-0.02,15,45372,卖盘
09:34:15,30.2,-0.04,82,247782,卖盘
09:34:17,30.24,0.04,9,27219,中性盘
09:34:21,30.24,0.0,31,93745,买盘
09:34:24,30.25,0.01,61,184439,买盘
09:34:27,30.25,0.0,234,707678,买盘
09:34:30,30.23,-0.02,51,154217,中性盘
09:34:33,30.24,0.01,156,471837,中性盘
09:34:36,30.24,0.0,175,529402,买盘
09:34:38,30.24,0.0,19,57451,买盘
09:34:42,30.24,0.0,27,81620,买盘
09:34:45,30.23,-0.01,43,129976,卖盘
09:34:48,30.24,0.01,33,99772,买盘
09:34:51,30.24,0.0,73,220752,买盘
09:34:54,30.23,-0.01,71,214643,卖盘
09:34:57,30.22,-0.01,101,305188,卖盘
09:35:00,30.23,0.01,32,96728,买盘
09:35:03,30.22,-0.01,66,199403,卖盘
09:35:06,30.2,-0.02,35,105722,卖盘
09:35:09,30.22,0.02,76,229638,买盘
09:35:11,30.21,-0.01,152,459393,卖盘
09:35:15,30.21,0.0,12,36254,卖盘
09:35:18,30.21,0.0,100,302108,中性盘
09:35:20,30.22,0.01,59,178264,买盘
09:35:23,30.22,0.0,27,81571,买盘
09:35:27,30.22,0.0,167,504510,买盘
09:35:30,30.21,-0.01,88,265865,卖盘
09:35:32,30.21,0.0,34,102683,买盘
09:35:35,30.2,-0.01,7,21141,卖盘
09:35:39,30.2,0.0,10,30202,卖盘
09:35:41,30.21,0.01,132,398768,买盘
09:35:44,30.21,0.0,107,323225,买盘
09:35:48,30.21,0.0,278,839881,卖盘
09:35:51,30.22,0.01,85,256781,买盘
09:35:54,30.22,0.0,163,492436,买盘
09:35:57,30.2,-0.02,37,111788,卖盘
09:36:00,30.2,0.0,28,84589,卖盘
09:36:03,30.2,0.0,66,199357,卖盘
09:36:06,30.2,0.0,5,15101,卖盘
09:36:09,30.22,0.02,137,413914,买盘
09:36:12,30.21,-0.01,11,33229,中性盘
09:36:15,30.21,0.0,61,184283,卖盘
09:36:18,30.21,0.0,63,190335,中性盘
09:36:21,30.21,0.0,281,848902,买盘
09:36:24,30.2,-0.01,534,1614402,卖盘
09:36:26,30.24,0.04,2,6044,买盘
09:36:30,30.21,-0.03,286,864021,卖盘
09:36:33,30.21,0.0,57,172283,卖盘
09:36:36,30.22,0.01,2,6044,中性盘
09:36:39,30.21,-0.01,20,60446,卖盘
09:36:41,30.21,0.0,27,81580,卖盘
09:36:45,30.22,0.01,97,293119,中性盘
09:36:48,30.21,-0.01,194,585981,卖盘
09:36:51,30.21,0.0,468,1413504,买盘
09:36:54,30.2,-0.01,271,818488,卖盘
09:36:57,30.19,-0.01,386,1165491,卖盘
09:37:00,30.2,0.01,320,966109,买盘
09:37:03,30.19,-0.01,102,307954,卖盘
09:37:06,30.19,0.0,220,664127,卖盘
09:37:09,30.17,-0.02,244,736390,卖盘
09:37:12,30.18,0.01,151,455690,买盘
09:37:15,30.18,0.0,179,540277,买盘
09:37:18,30.19,0.01,55,165960,买盘
09:37:21,30.18,-0.01,193,582390,卖盘
09:37:24,30.19,0.01,245,739513,买盘
09:37:27,30.18,-0.01,41,123726,中性盘
09:37:30,30.2,0.02,711,2145825,买盘
09:37:33,30.16,-0.04,222,669803,卖盘
09:37:36,30.25,0.09,453,1369079,买盘
09:37:39,30.2,-0.05,80,241850,卖盘
09:37:42,30.23,0.03,27,81621,卖盘
09:37:45,30.18,-0.05,55,166191,卖盘
09:37:48,30.2,0.02,163,492269,中性盘
09:37:51,30.19,-0.01,29,87551,卖盘
09:37:54,30.19,0.0,14,42266,买盘
09:37:57,30.2,0.01,68,205343,买盘
09:38:00,30.23,0.03,99,299246,买盘
09:38:02,30.22,-0.01,111,335065,中性盘
09:38:05,30.22,0.0,135,408071,买盘
09:38:08,30.23,0.01,144,435284,买盘
09:38:12,30.23,0.0,111,335634,买盘
09:38:15,30.22,-0.01,192,579940,中性盘
09:38:18,30.23,0.01,68,205514,买盘
09:38:21,30.23,0.0,239,722515,买盘
09:38:24,30.23,0.0,20,60977,卖盘
09:38:27,30.23,0.0,324,979055,卖盘
09:38:30,30.23,0.0,151,457040,买盘
09:38:33,30.23,0.0,8,24185,卖盘
09:38:36,30.25,0.02,657,1987266,买盘
09:38:39,30.25,0.0,34,102850,卖盘
09:38:42,30.25,0.0,20,60500,卖盘
09:38:44,30.27,0.02,353,1068222,买盘
09:38:48,30.26,-0.01,468,1415909,买盘
09:38:50,30.26,0.0,25,75650,卖盘
09:38:54,30.26,0.0,9,27234,卖盘
09:38:56,30.27,0.01,284,859943,卖盘
09:39:00,30.29,0.02,88,266460,买盘
09:39:03,30.28,-0.01,76,230180,卖盘
09:39:06,30.29,0.01,546,1653621,买盘
09:39:09,30.29,0.0,130,393814,买盘
09:39:12,30.29,0.0,215,651426,卖盘
09:39:14,30.3,0.01,233,705990,买盘
09:39:18,30.3,0.0,68,206092,卖盘
09:39:20,30.3,0.0,58,175740,卖盘
09:39:23,30.31,0.01,50,151526,买盘
09:39:27,30.32,0.01,127,384987,买盘
09:39:29,30.33,0.01,84,254693,买盘
09:39:33,30.31,-0.02,44,133399,卖盘
09:39:35,30.31,0.0,239,724964,卖盘
09:39:39,30.31,0.0,74,224478,卖盘
09:39:41,30.32,0.01,36,109221,买盘
09:39:45,30.35,0.03,139,421664,买盘
09:39:48,30.34,-0.01,2,6068,买盘
09:39:50,30.32,-0.02,11,33360,卖盘
09:39:54,30.34,0.02,97,294298,买盘
09:39:57,30.34,0.0,49,148670,卖盘
09:40:00,30.35,0.01,288,873791,买盘
09:40:02,30.34,-0.01,43,130468,中性盘
09:40:05,30.35,0.01,525,1593570,买盘
09:40:09,30.34,-0.01,71,215352,中性盘
09:40:12,30.34,0.0,158,479509,卖盘
09:40:15,30.34,0.0,68,206326,买盘
09:40:18,30.34,0.0,442,1339842,卖盘
09:40:21,30.33,-0.01,175,530720,中性盘
09:40:24,30.3,-0.03,27,81903,卖盘
09:40:27,30.3,0.0,48,145555,卖盘
09:40:30,30.33,0.03,24,72752,买盘
09:40:33,30.3,-0.03,78,236365,卖盘
09:40:35,30.3,0.0,157,475715,买盘
09:40:39,30.3,0.0,125,378723,买盘
09:40:42,30.29,-0.01,54,163604,卖盘
09:40:45,30.3,0.01,109,330287,买盘
09:40:48,30.3,0.0,50,151516,卖盘
09:40:51,30.3,0.0,51,154554,卖盘
09:40:54,30.3,0.0,23,69710,卖盘
09:40:57,30.35,0.05,612,1856878,买盘
09:40:59,30.36,0.01,81,245855,买盘
09:41:02,30.36,0.0,81,245840,买盘
09:41:06,30.36,0.0,141,427963,买盘
09:41:08,30.35,-0.01,34,103190,卖盘
09:41:12,30.35,0.0,920,2792338,卖盘
09:41:15,30.3,-0.05,128,388083,卖盘
09:41:18,30.33,0.03,71,215415,买盘
09:41:21,30.32,-0.01,47,142595,卖盘
09:41:24,30.3,-0.02,31,93988,卖盘
09:41:27,30.32,0.02,202,612407,买盘
09:41:30,30.3,-0.02,81,245454,卖盘
09:41:32,30.31,0.01,15,45479,中性盘
09:41:36,30.32,0.01,144,436393,买盘
09:41:38,30.32,0.0,11,33351,买盘
09:41:42,30.32,0.0,13,39430,中性盘
09:41:45,30.32,0.0,73,221336,中性盘
09:41:48,30.31,-0.01,174,527577,卖盘
09:41:51,30.31,0.0,204,618803,卖盘
09:41:54,30.35,0.04,317,961962,买盘
09:41:56,30.31,-0.04,265,804000,卖盘
09:41:59,30.32,0.01,97,294003,买盘
09:42:02,30.32,0.0,26,78832,买盘
09:42:06,30.3,-0.02,170,515130,卖盘
09:42:09,30.32,0.02,117,354673,买盘
09:42:11,30.32,0.0,131,397448,买盘
09:42:15,30.31,-0.01,195,591096,卖盘
09:42:18,30.3,-0.01,60,181817,卖盘
09:42:21,30.3,0.0,99,300043,卖盘
09:42:24,30.31,0.01,135,409189,买盘
09:42:27,30.31,0.0,70,212202,卖盘
09:42:30,30.32,0.01,42,127334,买盘
09:42:33,30.32,0.0,10,30320,卖盘
09:42:36,30.33,0.01,7,21225,买盘
09:42:39,30.33,0.0,117,354914,买盘
09:42:42,30.35,0.02,175,530965,买盘
09:42:45,30.31,-0.04,13,39403,卖盘
09:42:47,30.31,0.0,139,421521,卖盘
09:42:50,30.32,0.01,26,78815,中性盘
09:42:54,30.33,0.01,120,363873,买盘
09:42:56,30.33,0.0,13,39419,买盘
09:42:59,30.31,-0.02,123,372876,卖盘
09:43:03,30.31,0.0,85,257751,卖盘
09:43:06,30.33,0.02,18,54592,买盘
09:43:09,30.32,-0.01,147,445691,买盘
09:43:12,30.31,-0.01,56,169747,卖盘
09:43:15,30.31,0.0,15,45466,卖盘
09:43:18,30.32,0.01,118,357762,买盘
09:43:21,30.32,0.0,17,51544,卖盘
09:43:24,30.32,0.0,26,78832,卖盘
09:43:27,30.31,-0.01,250,757673,卖盘
09:43:30,30.34,0.03,517,1567765,买盘
09:43:33,30.32,-0.02,64,193927,中性盘
09:43:36,30.32,0.0,52,157626,买盘
09:43:39,30.29,-0.03,179,542349,卖盘
09:43:41,30.29,0.0,129,390682,买盘
09:43:45,30.29,0.0,279,844897,买盘
09:43:48,30.29,0.0,957,2896342,买盘
09:43:51,30.27,-0.02,11,33300,中性盘
09:43:54,30.28,0.01,91,275543,买盘
09:43:57,30.27,-0.01,15,45408,中性盘
09:44:00,30.25,-0.02,28,84726,卖盘
09:44:02,30.26,0.01,120,363182,买盘
09:44:06,30.23,-0.03,117,353812,卖盘
09:44:09,30.23,0.0,125,377875,买盘
09:44:12,30.23,0.0,35,105805,买盘
09:44:15,30.25,0.02,54,163258,买盘
09:44:17,30.25,0.0,14,42334,买盘
09:44:21,30.24,-0.01,13,39312,卖盘
09:44:24,30.25,0.01,13,39325,买盘
09:44:27,30.27,0.02,47,142231,买盘
09:44:30,30.26,-0.01,64,193626,卖盘
09:44:33,30.27,0.01,10,30270,买盘
09:44:36,30.3,0.03,265,802351,买盘
09:44:39,30.27,-0.03,24,72641,卖盘
09:44:42,30.28,0.01,17,51473,买盘
09:44:45,30.3,0.02,78,236240,买盘
09:44:47,30.28,-0.02,17,51476,中性盘
09:44:51,30.28,0.0,67,202882,卖盘
09:44:54,30.28,0.0,156,472519,卖盘
09:44:57,30.3,0.02,158,478680,买盘
09:45:00,30.3,0.0,19,57556,买盘
09:45:03,30.29,-0.01,225,681674,卖盘
09:45:06,30.3,0.01,325,984687,买盘
09:45:08,30.3,0.0,182,551590,卖盘
09:45:12,30.3,0.0,96,290886,卖盘
09:45:15,30.31,0.01,124,375736,买盘
09:45:17,30.3,-0.01,28,84843,卖盘
09:45:21,30.3,0.0,36,109089,卖盘
09:45:24,30.31,0.01,80,242479,买盘
09:45:27,30.31,0.0,163,493968,卖盘
09:45:30,30.31,0.0,25,75779,买盘
09:45:33,30.31,0.0,31,93973,卖盘
09:45:35,30.33,0.02,548,1661561,买盘
09:45:39,30.32,-0.01,96,291053,卖盘
09:45:42,30.32,0.0,86,260740,卖盘
09:45:45,30.32,0.0,124,375978,卖盘
09:45:48,30.33,0.01,124,376005,买盘
09:45:51,30.32,-0.01,138,418456,中性盘
09:45:54,30.32,0.0,47,142488,买盘
09:45:57,30.32,0.0,119,360747,买盘
09:45:59,30.31,-0.01,59,178810,卖盘
09:46:03,30.33,0.02,118,357712,买盘
09:46:05,30.32,-0.01,105,318286,买盘
09:46:08,30.32,0.0,84,254662,卖盘
09:46:12,30.32,0.0,148,448839,买盘
09:46:15,30.35,0.03,670,2032557,买盘
09:46:18,30.32,-0.03,137,415446,买盘
09:46:21,30.33,0.01,11,33362,买盘
09:46:24,30.31,-0.02,57,172837,卖盘
09:46:27,30.3,-0.01,498,1509065,卖盘
09:46:30,30.29,-0.01,157,475672,卖盘
09:46:33,30.26,-0.03,678,2054336,卖盘
09:46:36,30.3,0.04,186,563728,中性盘
09:46:39,30.3,0.0,234,709193,卖盘
09:46:42,30.31,0.01,166,503023,中性盘
09:46:44,30.27,-0.04,141,427245,卖盘
09:46:47,30.27,0.0,58,175676,卖盘
09:46:51,30.29,0.02,14,42409,卖盘
09:46:54,30.29,0.0,153,463672,卖盘
09:46:56,30.3,0.01,48,145416,中性盘
09:46:59,30.29,-0.01,39,118149,卖盘
09:47:03,30.29,0.0,34,103004,卖盘
09:47:06,30.3,0.01,83,251470,买盘
09:47:09,30.31,0.01,113,342447,买盘
09:47:12,30.3,-0.01,37,112112,中性盘
09:47:15,30.32,0.02,268,812088,买盘
09:47:18,30.3,-0.02,24,72733,卖盘
09:47:21,30.29,-0.01,28,84810,买盘
09:47:24,30.29,0.0,17,51504,买盘
09:47:26,30.3,0.01,40,121160,买盘
09:47:30,30.3,0.0,126,381736,买盘
09:47:33,30.29,-0.01,58,175709,卖盘
09:47:36,30.29,0.0,299,905719,卖盘
09:47:39,30.29,0.0,127,384712,买盘
09:47:42,30.29,0.0,82,248375,买盘
09:47:45,30.28,-0.01,194,587498,卖盘
09:47:48,30.28,0.0,433,1311743,卖盘
09:47:51,30.29,0.01,482,1459821,买盘
09:47:53,30.29,0.0,286,866395,卖盘
09:47:57,30.3,0.01,43,130250,买盘
09:48:00,30.29,-0.01,259,784699,卖盘
09:48:03,30.3,0.01,245,742250,买盘
09:48:05,30.3,0.0,426,1290781,卖盘
09:48:09,30.31,0.01,151,457637,买盘
09:48:12,30.31,0.0,15,45451,买盘
09:48:14,30.31,0.0,594,1801151,买盘
09:48:17,30.32,0.01,31,93959,买盘
09:48:20,30.31,-0.01,58,175760,卖盘
09:48:24,30.31,0.0,87,263705,买盘
09:48:27,30.3,-0.01,116,351593,卖盘
09:48:29,30.32,0.02,82,248588,买盘
09:48:33,30.31,-0.01,40,121240,卖盘
09:48:36,30.32,0.01,127,384975,买盘
09:48:39,30.31,-0.01,5,15155,卖盘
09:48:45,30.32,0.01,147,445601,买盘
09:48:48,30.32,0.0,48,145514,买盘
09:48:50,30.32,0.0,48,145536,卖盘
09:48:54,30.32,0.0,59,178875,买盘
09:48:57,30.32,0.0,16,48512,卖盘
09:49:00,30.32,0.0,187,566964,买盘
09:49:02,30.32,0.0,150,454898,卖盘
09:49:06,30.32,0.0,143,433650,卖盘
09:49:08,30.32,0.0,69,209254,卖盘
09:49:11,30.33,0.01,421,1276652,买盘
09:49:14,30.32,-0.01,279,846114,卖盘
09:49:17,30.32,0.0,65,197099,卖盘
09:49:20,30.33,0.01,59,178927,买盘
09:49:24,30.32,-0.01,186,563957,卖盘
09:49:25,30.35,0.03,1153,3497889,买盘
09:49:29,30.32,-0.03,298,904302,卖盘
09:49:33,30.31,-0.01,67,203103,卖盘
09:49:35,30.31,0.0,65,196999,买盘
09:49:38,30.3,-0.01,136,412273,卖盘
09:49:41,30.32,0.02,60,181862,买盘
09:49:44,30.3,-0.02,157,475715,卖盘
09:49:47,30.31,0.01,82,248679,中性盘
09:49:50,30.3,-0.01,60,181866,卖盘
09:49:54,30.31,0.01,21,63651,卖盘
09:49:55,30.3,-0.01,277,839759,卖盘
09:49:58,30.3,0.0,22,66672,卖盘
09:50:02,30.3,0.0,11,33330,卖盘
09:50:05,30.32,0.02,284,860708,买盘
09:50:09,30.31,-0.01,15,45465,卖盘
09:50:10,30.31,0.0,236,715498,卖盘
09:50:15,30.31,0.0,114,345643,卖盘
09:50:17,30.31,0.0,87,263724,卖盘
09:50:19,30.32,0.01,21,63665,买盘
09:50:24,30.31,-0.01,500,1515544,卖盘
09:50:26,30.32,0.01,252,763904,中性盘
09:50:29,30.32,0.0,55,166782,卖盘
09:50:32,30.31,-0.01,98,297154,中性盘
09:50:35,30.31,0.0,125,379013,买盘
09:50:39,30.32,0.01,156,473061,买盘
09:50:42,30.32,0.0,354,1073431,卖盘
09:50:45,30.32,0.0,258,782355,买盘
09:50:48,30.33,0.01,163,494222,买盘
09:50:50,30.32,-0.01,91,274254,卖盘
09:50:54,30.33,0.01,175,530805,中性盘
09:50:57,30.34,0.01,372,1128883,买盘
09:50:59,30.35,0.01,663,2012140,买盘
09:51:03,30.35,0.0,263,798432,卖盘
09:51:05,30.36,0.01,91,276231,买盘
09:51:08,30.37,0.01,367,1114183,买盘
09:51:11,30.37,0.0,136,413110,买盘
09:51:13,30.38,0.01,218,662253,买盘
09:51:18,30.39,0.01,44,133678,买盘
09:51:20,30.39,0.0,273,829234,买盘
09:51:23,30.38,-0.01,10,30373,买盘
09:51:25,30.38,0.0,16,48598,买盘
09:51:29,30.31,-0.07,380,1153339,卖盘
09:51:31,30.36,0.05,111,337173,中性盘
09:51:35,30.37,0.01,62,188255,买盘
09:51:39,30.38,0.01,93,282482,买盘
09:51:41,30.32,-0.06,247,749565,卖盘
09:51:45,30.38,0.06,158,479492,中性盘
09:51:47,30.38,0.0,38,115259,买盘
09:51:49,30.38,0.0,32,97212,买盘
09:51:53,30.33,-0.05,241,730737,卖盘
09:51:56,30.32,-0.01,232,703428,卖盘
09:51:59,30.38,0.06,40,121506,买盘
09:52:02,30.36,-0.02,12,36446,卖盘
09:52:06,30.35,-0.01,234,709529,中性盘
09:52:08,30.37,0.02,64,194359,买盘
09:52:11,30.36,-0.01,137,416041,卖盘
09:52:14,30.37,0.01,318,964781,买盘
09:52:17,30.36,-0.01,1063,3229847,中性盘
09:52:20,30.35,-0.01,63,191207,卖盘
09:52:23,30.35,0.0,67,203364,卖盘
09:52:26,30.32,-0.03,369,1119436,卖盘
09:52:29,30.34,0.02,12,36408,中性盘
09:52:32,30.35,0.01,48,145651,买盘
09:52:35,30.35,0.0,67,203395,买盘
09:52:37,30.34,-0.01,48,145635,卖盘
09:52:41,30.34,0.0,30,91020,买盘
09:52:43,30.33,-0.01,98,297242,卖盘
09:52:48,30.33,0.0,25,75836,卖盘
09:52:51,30.33,0.0,134,406522,卖盘
09:52:53,30.32,-0.01,879,2664849,卖盘
09:52:56,30.33,0.01,198,600577,买盘
09:53:00,30.33,0.0,37,112185,买盘
09:53:02,30.32,-0.01,23,69757,卖盘
09:53:05,30.32,0.0,138,418372,卖盘
09:53:09,30.33,0.01,55,166762,买盘
09:53:11,30.32,-0.01,115,348851,卖盘
09:53:14,30.32,0.0,179,542805,卖盘
09:53:17,30.32,0.0,56,169770,买盘
09:53:20,30.32,0.0,45,136439,买盘
09:53:23,30.33,0.01,46,139482,买盘
09:53:26,30.32,-0.01,206,624522,卖盘
09:53:30,30.31,-0.01,60,181869,卖盘
09:53:32,30.33,0.02,13,39429,买盘
09:53:36,30.32,-0.01,91,275905,卖盘
09:53:38,30.31,-0.01,84,254666,卖盘
09:53:41,30.32,0.01,42,127344,买盘
09:53:44,30.32,0.0,15,45480,买盘
09:53:47,30.32,0.0,153,463896,买盘
09:53:50,30.32,0.0,165,500435,卖盘
09:53:52,30.32,0.0,77,233464,卖盘
09:53:56,30.31,-0.01,48,145521,卖盘
09:53:59,30.33,0.02,254,770354,买盘
09:54:02,30.32,-0.01,4,12128,中性盘
09:54:05,30.32,0.0,265,803650,卖盘
09:54:07,30.32,0.0,1,3032,卖盘
09:54:11,30.35,0.03,110,333745,买盘
09:54:13,30.32,-0.03,209,633746,卖盘
09:54:17,30.35,0.03,10,30334,买盘
09:54:19,30.33,-0.02,10,30330,卖盘
09:54:24,30.33,0.0,35,106157,卖盘
09:54:26,30.33,0.0,13,39424,卖盘
09:54:29,30.33,0.0,16,48528,买盘
09:54:32,30.32,-0.01,45,136461,卖盘
09:54:35,30.33,0.01,240,727686,买盘
09:54:39,30.32,-0.01,14,42453,卖盘
09:54:42,30.32,0.0,17,51544,卖盘
09:54:43,30.32,0.0,280,848988,卖盘
09:54:47,30.31,-0.01,40,121273,卖盘
09:54:50,30.32,0.01,19,57608,中性盘
09:54:53,30.32,0.0,6,18192,买盘
09:54:56,30.32,0.0,5,15157,买盘
09:54:59,30.31,-0.01,6,18188,卖盘
09:55:02,30.31,0.0,397,1203385,卖盘
09:55:05,30.32,0.01,250,757770,买盘
09:55:07,30.33,0.01,131,397115,买盘
09:55:11,30.32,-0.01,35,106120,中性盘
09:55:14,30.3,-0.02,340,1030338,卖盘
09:55:17,30.3,0.0,6,18183,卖盘
09:55:20,30.31,0.01,51,154559,买盘
09:55:23,30.3,-0.01,231,699996,卖盘
09:55:26,30.3,0.0,14,42430,卖盘
09:55:30,30.32,0.02,106,321342,买盘
09:55:32,30.3,-0.02,63,190942,卖盘
09:55:36,30.31,0.01,3,9093,买盘
09:55:38,30.31,0.0,24,72744,买盘
09:55:42,30.3,-0.01,171,518130,卖盘
09:55:44,30.3,0.0,289,875757,卖盘
09:55:46,30.31,0.01,25,75755,买盘
09:55:50,30.3,-0.01,313,948428,卖盘
09:55:54,30.3,0.0,104,317692,卖盘
09:55:56,30.31,0.01,208,630264,买盘
09:55:59,30.3,-0.01,17,51514,卖盘
09:56:02,30.3,0.0,1,3030,卖盘
09:56:04,30.31,0.01,44,133356,买盘
09:56:08,30.3,-0.01,127,384921,卖盘
09:56:11,30.3,0.0,199,603181,卖盘
09:56:15,30.3,0.0,134,406021,卖盘
09:56:17,30.3,0.0,179,539858,卖盘
09:56:19,30.32,0.02,96,290970,买盘
09:56:22,30.29,-0.03,58,175736,卖盘
09:56:26,30.29,0.0,238,720933,卖盘
09:56:29,30.29,0.0,77,233233,买盘
09:56:32,30.3,0.01,59,178758,买盘
09:56:36,30.29,-0.01,114,345308,卖盘
09:56:38,30.29,0.0,264,799765,卖盘
09:56:41,30.29,0.0,353,1069247,卖盘
09:56:43,30.29,0.0,26,78764,卖盘
09:56:47,30.28,-0.01,37,112055,卖盘
09:56:50,30.28,0.0,111,336208,卖盘
09:56:53,30.29,0.01,51,154477,买盘
09:56:56,30.29,0.0,99,299871,卖盘
09:56:59,30.29,0.0,82,248378,卖盘
09:57:02,30.27,-0.02,518,1568240,卖盘
09:57:05,30.29,0.02,85,257393,买盘
09:57:08,30.29,0.0,5,15137,买盘
09:57:12,30.27,-0.02,149,451249,卖盘
09:57:14,30.29,0.02,13,39377,中性盘
09:57:17,30.3,0.01,178,539319,买盘
09:57:20,30.29,-0.01,29,87841,卖盘
09:57:22,30.3,0.01,122,369656,买盘
09:57:25,30.3,0.0,55,166650,卖盘
09:57:29,30.32,0.02,122,369796,买盘
09:57:32,30.29,-0.03,148,448382,卖盘
09:57:35,30.29,0.0,39,118131,买盘
09:57:38,30.29,0.0,49,148424,买盘
09:57:41,30.29,0.0,9,27261,卖盘
09:57:45,30.3,0.01,233,705881,买盘
09:57:47,30.3,0.0,22,66660,卖盘
09:57:50,30.3,0.0,4,12120,卖盘
09:57:53,30.31,0.01,42,127273,买盘
09:57:55,30.3,-0.01,262,793868,卖盘
09:57:59,30.31,0.01,57,172749,买盘
09:58:02,30.31,0.0,14,42430,买盘
09:58:05,30.3,-0.01,181,548438,卖盘
09:58:07,30.3,0.0,179,542373,卖盘
09:58:11,30.3,0.0,126,381988,卖盘
09:58:14,30.31,0.01,233,706031,买盘
09:58:17,30.3,-0.01,38,115170,卖盘
09:58:20,30.31,0.01,28,84868,买盘
09:58:23,30.3,-0.01,507,1536272,卖盘
09:58:27,30.31,0.01,14,42434,卖盘
09:58:29,30.31,0.0,4,12124,卖盘
09:58:32,30.32,0.01,134,406235,买盘
09:58:35,30.31,-0.01,42,127302,中性盘
09:58:38,30.3,-0.01,5,15152,卖盘
09:58:41,30.3,0.0,99,300085,卖盘
09:58:44,30.3,0.0,69,209084,卖盘
09:58:47,30.3,0.0,87,263593,买盘
09:58:50,30.3,0.0,170,515100,买盘
09:58:53,30.3,0.0,20,60600,买盘
09:58:57,30.29,-0.01,283,857346,卖盘
09:59:00,30.3,0.01,343,1039285,买盘
09:59:02,30.3,0.0,110,333300,卖盘
09:59:04,30.3,0.0,278,842461,卖盘
09:59:08,30.32,0.02,114,345604,买盘
09:59:11,30.3,-0.02,138,418019,卖盘
09:59:14,30.3,0.0,82,248459,买盘
09:59:17,30.3,0.0,46,139380,买盘
09:59:20,30.31,0.01,59,178895,买盘
09:59:23,30.3,-0.01,74,224220,卖盘
09:59:27,30.3,0.0,4,12120,卖盘
09:59:30,30.29,-0.01,100,302876,卖盘
09:59:32,30.3,0.01,25,75871,买盘
09:59:36,30.3,0.0,135,409149,卖盘
09:59:38,30.3,0.0,18,54550,卖盘
09:59:44,30.31,0.01,208,630321,买盘
09:59:47,30.32,0.01,159,482015,买盘
09:59:49,30.3,-0.02,31,93934,卖盘
09:59:57,30.3,0.0,1015,3074630,卖盘
09:59:59,30.31,0.01,60,181790,买盘
10:00:02,30.23,-0.08,761,2302575,卖盘
10:00:05,30.27,0.04,7,21189,买盘
10:00:08,30.3,0.03,25,75684,买盘
10:00:11,30.27,-0.03,109,330460,卖盘
10:00:14,30.27,0.0,72,217947,卖盘
10:00:16,30.29,0.02,23,69651,卖盘
10:00:20,30.28,-0.01,56,169631,卖盘
10:00:23,30.3,0.02,4,12118,买盘
10:00:26,30.3,0.0,5,15149,买盘
10:00:29,30.29,-0.01,11,33323,卖盘
10:00:32,30.3,0.01,131,396925,买盘
10:00:35,30.3,0.0,49,148470,卖盘
10:00:38,30.3,0.0,30,90902,卖盘
10:00:41,30.3,0.0,31,93930,卖盘
10:00:43,30.3,0.0,28,84860,卖盘
10:00:47,30.3,0.0,64,193934,卖盘
10:00:50,30.3,0.0,92,278761,卖盘
10:00:53,30.3,0.0,66,199985,卖盘
10:00:56,30.31,0.01,147,445508,买盘
10:00:59,30.3,-0.01,110,333300,卖盘
10:01:02,30.3,0.0,13,39392,卖盘
10:01:05,30.3,0.0,7,21210,卖盘
10:01:08,30.31,0.01,134,406122,买盘
10:01:11,30.31,0.0,114,345617,买盘
10:01:17,30.31,0.0,9,27272,买盘
10:01:20,30.31,0.0,16,48484,买盘
10:01:23,30.31,0.0,37,113027,买盘
10:01:26,30.31,0.0,105,317359,卖盘
10:01:29,30.3,-0.01,4,12120,卖盘
10:01:32,30.31,0.01,57,173637,买盘
10:01:35,30.31,0.0,9,27282,卖盘
10:01:38,30.32,0.01,50,151600,买盘
10:01:41,30.31,-0.01,132,400163,卖盘
10:01:46,30.31,0.0,97,294083,卖盘
10:01:50,30.31,0.0,31,93976,卖盘
10:01:53,30.31,0.0,22,66682,卖盘
10:01:56,30.3,-0.01,579,1754309,卖盘
10:01:59,30.32,0.02,21,63653,买盘
10:02:01,30.31,-0.01,26,78806,中性盘
10:02:05,30.32,0.01,75,227400,买盘
10:02:08,30.33,0.01,200,606588,买盘
10:02:11,30.33,0.0,4,12129,买盘
10:02:14,30.33,0.0,37,112214,买盘
10:02:17,30.33,0.0,18,54594,中性盘
10:02:20,30.33,0.0,129,391356,卖盘
10:02:23,30.33,0.0,43,130419,卖盘
10:02:27,30.34,0.01,1,3034,买盘
10:02:28,30.34,0.0,31,94022,买盘
10:02:32,30.32,-0.02,50,151649,卖盘
10:02:35,30.34,0.02,18,54609,买盘
10:02:37,30.35,0.01,42,127386,买盘
10:02:41,30.35,0.0,191,579651,买盘
10:02:44,30.33,-0.02,363,1101636,卖盘
10:02:47,30.33,0.0,21,63713,卖盘
10:02:50,30.34,0.01,25,75850,卖盘
10:02:54,30.34,0.0,14,42476,卖盘
10:02:56,30.34,0.0,105,318575,卖盘
10:02:59,30.35,0.01,254,772396,买盘
10:03:01,30.35,0.0,19,57665,卖盘
10:03:04,30.35,0.0,43,130505,卖盘
10:03:09,30.37,0.02,111,337034,买盘
10:03:11,30.36,-0.01,57,173055,卖盘
10:03:14,30.38,0.02,90,273341,买盘
10:03:17,30.36,-0.02,37,112334,卖盘
10:03:20,30.4,0.04,1002,3045739,买盘
10:03:23,30.41,0.01,66,200655,买盘
10:03:26,30.4,-0.01,22,66881,卖盘
10:03:28,30.4,0.0,22,66869,卖盘
10:03:32,30.41,0.01,47,142917,买盘
10:03:35,30.41,0.0,78,237198,卖盘
10:03:38,30.41,0.0,77,234172,卖盘
10:03:41,30.41,0.0,84,255455,卖盘
10:03:44,30.41,0.0,134,407624,卖盘
10:03:47,30.41,0.0,526,1599849,卖盘
10:03:50,30.41,0.0,27,82100,卖盘
10:03:53,30.41,0.0,10,30410,买盘
10:03:56,30.41,0.0,77,234077,买盘
10:03:59,30.41,0.0,107,325388,买盘
10:04:02,30.41,0.0,104,316264,卖盘
10:04:05,30.4,-0.01,9,27368,中性盘
10:04:08,30.41,0.01,255,775234,买盘
10:04:10,30.39,-0.02,11,33429,中性盘
10:04:14,30.39,0.0,11,33429,中性盘
10:04:17,30.4,0.01,16,48645,卖盘
10:04:20,30.4,0.0,24,72932,卖盘
10:04:23,30.38,-0.02,5,15190,卖盘
10:04:25,30.41,0.03,121,367811,买盘
10:04:29,30.39,-0.02,80,243099,卖盘
10:04:32,30.4,0.01,156,474340,买盘
10:04:35,30.4,0.0,8,24320,买盘
10:04:38,30.39,-0.01,15,45596,卖盘
10:04:41,30.39,0.0,13,39507,卖盘
10:04:44,30.39,0.0,34,103341,卖盘
10:04:47,30.39,0.0,29,88133,卖盘
10:04:50,30.39,0.0,255,775067,买盘
10:04:53,30.39,0.0,13,39513,买盘
10:04:56,30.39,0.0,10,30387,买盘
10:04:59,30.4,0.01,81,246177,买盘
10:05:03,30.4,0.0,38,115520,卖盘
10:05:04,30.4,0.0,22,66880,卖盘
10:05:07,30.4,0.0,15,45601,卖盘
10:05:11,30.41,0.01,179,544338,买盘
10:05:13,30.41,0.0,39,118588,卖盘
10:05:17,30.41,0.0,36,109478,卖盘
10:05:19,30.41,0.0,6,18247,卖盘
10:05:22,30.41,0.0,92,279802,卖盘
10:05:26,30.4,-0.01,4,12160,卖盘
10:05:29,30.41,0.01,32,97312,买盘
10:05:32,30.4,-0.01,136,413533,卖盘
10:05:35,30.41,0.01,36,109460,买盘
10:05:38,30.4,-0.01,250,760247,卖盘
10:05:40,30.41,0.01,56,170290,买盘
10:05:44,30.4,-0.01,49,148960,卖盘
10:05:47,30.41,0.01,322,979036,买盘
10:05:49,30.4,-0.01,26,79041,卖盘
10:05:56,30.39,-0.01,74,224941,卖盘
10:05:59,30.4,0.01,136,413401,买盘
10:06:02,30.4,0.0,3,9120,买盘
10:06:05,30.39,-0.01,91,276550,卖盘
10:06:08,30.38,-0.01,86,261324,卖盘
10:06:11,30.41,0.03,120,364775,买盘
10:06:14,30.4,-0.01,179,544104,买盘
10:06:17,30.4,0.0,21,63838,卖盘
10:06:19,30.39,-0.01,48,145871,买盘
10:06:23,30.39,0.0,157,476977,买盘
10:06:26,30.38,-0.01,13,39494,卖盘
10:06:30,30.35,-0.03,260,789504,卖盘
10:06:32,30.36,0.01,62,188232,中性盘
10:06:34,30.35,-0.01,68,206380,卖盘
10:06:38,30.35,0.0,285,865075,卖盘
10:06:40,30.37,0.02,129,391678,买盘
10:06:44,30.35,-0.02,48,145664,中性盘
10:06:47,30.34,-0.01,279,846542,卖盘
10:06:50,30.35,0.01,87,263969,买盘
10:06:53,30.36,0.01,362,1098200,买盘
10:06:56,30.36,0.0,75,227610,买盘
10:06:59,30.32,-0.04,103,312540,卖盘
10:07:02,30.35,0.03,55,167004,中性盘
10:07:05,30.35,0.0,10,30350,买盘
10:07:08,30.35,0.0,35,106238,买盘
10:07:10,30.34,-0.01,103,312930,买盘
10:07:14,30.35,0.01,4,12140,买盘
10:07:17,30.36,0.01,66,200345,买盘
10:07:20,30.34,-0.02,84,254950,卖盘
10:07:23,30.36,0.02,67,203384,买盘
10:07:26,30.37,0.01,184,558366,中性盘
10:07:33,30.35,-0.02,108,327766,卖盘
10:07:35,30.37,0.02,11,33400,买盘
10:07:38,30.37,0.0,3,9111,卖盘
10:07:41,30.37,0.0,5,15186,卖盘
10:07:44,30.37,0.0,44,133631,卖盘
10:07:46,30.37,0.0,10,30371,卖盘
10:07:50,30.39,0.02,116,352428,买盘
10:07:53,30.38,-0.01,4,12152,中性盘
10:07:55,30.38,0.0,71,215704,卖盘
10:07:59,30.4,0.02,613,1863221,买盘
10:08:02,30.4,0.0,73,221920,卖盘
10:08:05,30.4,0.0,31,94241,卖盘
10:08:08,30.41,0.01,296,900099,买盘
10:08:10,30.41,0.0,44,133766,买盘
10:08:14,30.41,0.0,81,246266,买盘
10:08:17,30.41,0.0,8,24322,买盘
10:08:20,30.41,0.0,405,1231732,买盘
10:08:22,30.41,0.0,40,121640,卖盘
10:08:26,30.41,0.0,65,197667,卖盘
10:08:29,30.42,0.01,45,136873,买盘
10:08:31,30.42,0.0,171,520167,买盘
10:08:34,30.42,0.0,58,176436,卖盘
10:08:38,30.42,0.0,22,66932,卖盘
10:08:41,30.42,0.0,170,517241,卖盘
10:08:44,30.42,0.0,30,91260,卖盘
10:08:47,30.42,0.0,509,1548818,卖盘
10:08:50,30.42,0.0,33,100423,卖盘
10:08:53,30.43,0.01,129,392627,卖盘
10:08:56,30.42,-0.01,78,237395,卖盘
10:08:59,30.45,0.03,151,459624,买盘
10:09:02,30.42,-0.03,7,21298,卖盘
10:09:05,30.44,0.02,8,24352,买盘
10:09:08,30.44,0.0,94,286053,买盘
10:09:11,30.44,0.0,144,438346,买盘
10:09:14,30.43,-0.01,68,206969,卖盘
10:09:16,30.44,0.01,310,943857,买盘
10:09:20,30.45,0.01,450,1370248,买盘
10:09:23,30.46,0.01,26,79164,买盘
10:09:26,30.45,-0.01,10,30450,中性盘
10:09:30,30.45,0.0,146,444623,卖盘
10:09:32,30.46,0.01,75,228431,买盘
10:09:36,30.47,0.01,12,36562,买盘
10:09:38,30.46,-0.01,99,301561,卖盘
10:09:41,30.46,0.0,31,94426,卖盘
10:09:44,30.47,0.01,186,566742,买盘
10:09:47,30.48,0.01,77,234633,买盘
10:09:50,30.47,-0.01,297,904980,卖盘
10:09:53,30.47,0.0,13,39615,卖盘
10:09:56,30.48,0.01,442,1347176,买盘
10:09:59,30.48,0.0,74,225554,卖盘
10:10:02,30.49,0.01,75,228648,买盘
10:10:06,30.49,0.0,763,2326367,买盘
10:10:07,30.49,0.0,387,1179929,买盘
10:10:11,30.5,0.01,259,789931,买盘
10:10:14,30.5,0.0,97,295769,买盘
10:10:17,30.49,-0.01,60,182976,卖盘
10:10:20,30.5,0.01,404,1232162,买盘
10:10:23,30.5,0.0,74,225677,买盘
10:10:26,30.5,0.0,713,2174610,买盘
10:10:29,30.5,0.0,124,378130,买盘
10:10:33,30.5,0.0,214,652688,买盘
10:10:35,30.49,-0.01,27,82326,卖盘
10:10:38,30.49,0.0,70,213491,卖盘
10:10:40,30.5,0.01,61,186038,买盘
10:10:44,30.5,0.0,192,585452,买盘
10:10:47,30.49,-0.01,98,298892,卖盘
10:10:51,30.49,0.0,116,353686,卖盘
10:10:52,30.5,0.01,103,314120,买盘
10:10:56,30.5,0.0,160,487884,买盘
10:10:59,30.49,-0.01,33,100617,中性盘
10:11:01,30.49,0.0,10,30489,买盘
10:11:04,30.49,0.0,33,100603,买盘
10:11:08,30.49,0.0,151,460377,买盘
10:11:11,30.49,0.0,98,298745,买盘
10:11:14,30.49,0.0,107,326264,买盘
10:11:18,30.49,0.0,148,451339,卖盘
10:11:20,30.49,0.0,113,344537,卖盘
10:11:23,30.49,0.0,154,469547,卖盘
10:11:26,30.49,0.0,199,606752,卖盘
10:11:29,30.49,0.0,152,463448,卖盘
10:11:31,30.49,0.0,41,124975,卖盘
10:11:35,30.49,0.0,42,128042,买盘
10:11:38,30.48,-0.01,33,100586,卖盘
10:11:41,30.48,0.0,4,12192,卖盘
10:11:43,30.48,0.0,79,240852,卖盘
10:11:47,30.48,0.0,103,313972,卖盘
10:11:50,30.48,0.0,98,298711,卖盘
10:11:52,30.48,0.0,116,353588,卖盘
10:11:56,30.49,0.01,12,36578,买盘
10:11:58,30.48,-0.01,151,460248,卖盘
10:12:03,30.48,0.0,55,167631,卖盘
10:12:04,30.49,0.01,606,1847449,买盘
10:12:08,30.49,0.0,96,292704,买盘
10:12:11,30.49,0.0,161,490889,卖盘
10:12:13,30.49,0.0,24,73176,卖盘
10:12:17,30.49,0.0,188,573361,卖盘
10:12:19,30.49,0.0,55,167695,卖盘
10:12:23,30.5,0.01,348,1061240,买盘
10:12:26,30.5,0.0,72,219548,买盘
10:12:29,30.49,-0.01,102,310998,买盘
10:12:32,30.5,0.01,532,1622417,买盘
10:12:36,30.49,-0.01,23,70146,中性盘
10:12:38,30.51,0.02,1044,3183081,买盘
10:12:41,30.5,-0.01,75,228762,卖盘
10:12:44,30.5,0.0,29,88460,卖盘
10:12:47,30.51,0.01,7,21356,中性盘
10:12:51,30.51,0.0,31,94611,卖盘
10:12:53,30.51,0.0,115,350882,卖盘
10:12:56,30.51,0.0,46,140346,买盘
10:12:59,30.53,0.02,158,482302,买盘
10:13:02,30.53,0.0,70,213710,卖盘
10:13:05,30.55,0.02,433,1322615,买盘
10:13:08,30.55,0.0,30,91632,买盘
10:13:11,30.55,0.0,34,103857,买盘
10:13:14,30.55,0.0,43,131334,买盘
10:13:17,30.54,-0.01,81,247418,卖盘
10:13:21,30.55,0.01,285,870620,买盘
10:13:22,30.57,0.02,177,540915,买盘
10:13:27,30.57,0.0,132,403408,买盘
10:13:29,30.57,0.0,2590,7922395,买盘
10:13:32,30.6,0.03,113,345699,买盘
10:13:35,30.57,-0.03,34,103941,卖盘
10:13:38,30.59,0.02,64,195810,买盘
10:13:41,30.6,0.01,201,616076,买盘
10:13:44,30.6,0.0,168,514132,卖盘
10:13:47,30.61,0.01,154,471358,买盘
10:13:51,30.61,0.0,52,159174,卖盘
10:13:52,30.62,0.01,317,970393,买盘
10:13:57,30.62,0.0,228,698020,买盘
10:13:59,30.62,0.0,80,244863,买盘
10:14:02,30.63,0.01,214,655409,买盘
10:14:06,30.63,0.0,147,450273,卖盘
10:14:07,30.64,0.01,163,499384,买盘
10:14:11,30.64,0.0,125,382957,买盘
10:14:13,30.64,0.0,67,205288,卖盘
10:14:16,30.64,0.0,183,560773,买盘
10:14:21,30.64,0.0,237,726067,卖盘
10:14:23,30.63,-0.01,609,1866202,卖盘
10:14:27,30.63,0.0,134,410586,卖盘
10:14:29,30.62,-0.01,141,431752,卖盘
10:14:32,30.62,0.0,108,330721,卖盘
10:14:35,30.62,0.0,98,300056,买盘
10:14:38,30.6,-0.02,50,153014,卖盘
10:14:40,30.6,0.0,52,159162,卖盘
10:14:44,30.6,0.0,407,1246170,卖盘
10:14:48,30.61,0.01,128,391707,中性盘
10:14:51,30.59,-0.02,294,898627,卖盘
10:14:53,30.6,0.01,76,232517,买盘
10:14:55,30.6,0.0,40,122302,买盘
10:14:58,30.59,-0.01,45,137590,买盘
10:15:01,30.59,0.0,62,189570,买盘
10:15:05,30.59,0.0,87,266098,买盘
10:15:08,30.59,0.0,251,767826,买盘
10:15:11,30.59,0.0,87,266005,卖盘
10:15:13,30.59,0.0,73,223307,买盘
10:15:17,30.58,-0.01,139,425205,卖盘
10:15:19,30.58,0.0,15,45870,买盘
10:15:23,30.58,0.0,20,61158,买盘
10:15:26,30.57,-0.01,36,110055,卖盘
10:15:28,30.57,0.0,1203,3680237,卖盘
10:15:32,30.57,0.0,38,116138,买盘
10:15:36,30.56,-0.01,106,323936,卖盘
10:15:37,30.55,-0.01,68,207747,卖盘
10:15:41,30.55,0.0,99,302447,卖盘
10:15:45,30.55,0.0,24,73285,卖盘
10:15:47,30.55,0.0,58,177040,买盘
10:15:49,30.56,0.01,184,562140,买盘
10:15:54,30.52,-0.04,107,326666,卖盘
10:15:55,30.51,-0.01,20,61034,卖盘
10:15:59,30.52,0.01,139,424118,买盘
10:16:02,30.52,0.0,151,460844,买盘
10:16:06,30.52,0.0,155,473060,卖盘
10:16:09,30.53,0.01,128,390915,中性盘
10:16:12,30.52,-0.01,107,326604,卖盘
10:16:13,30.53,0.01,27,82432,中性盘
10:16:17,30.53,0.0,21,64116,卖盘
10:16:21,30.54,0.01,32,97710,买盘
10:16:23,30.54,0.0,36,109925,中性盘
10:16:25,30.55,0.01,142,433564,买盘
10:16:30,30.55,0.0,38,116070,买盘
10:16:32,30.55,0.0,51,155788,买盘
10:16:34,30.55,0.0,58,177178,买盘
10:16:37,30.55,0.0,50,152742,买盘
10:16:41,30.55,0.0,112,342161,买盘
10:16:44,30.55,0.0,5,15275,卖盘
10:16:48,30.55,0.0,19,58045,卖盘
10:16:49,30.56,0.01,176,537780,买盘
10:16:54,30.55,-0.01,47,143602,卖盘
10:16:57,30.56,0.01,26,79457,中性盘
10:17:00,30.57,0.01,173,528776,买盘
10:17:01,30.56,-0.01,53,161969,卖盘
10:17:06,30.56,0.0,28,85588,卖盘
10:17:09,30.56,0.0,153,467758,卖盘
10:17:12,30.56,0.0,69,210865,卖盘
10:17:15,30.56,0.0,12,36672,买盘
10:17:18,30.56,0.0,28,85544,买盘
10:17:21,30.56,0.0,21,64169,买盘
10:17:24,30.57,0.01,86,262801,买盘
10:17:27,30.55,-0.02,31,94735,卖盘
10:17:28,30.56,0.01,20,61120,中性盘
10:17:33,30.56,0.0,20,61123,卖盘
10:17:36,30.6,0.04,607,1857916,买盘
10:17:39,30.6,0.0,152,465131,卖盘
10:17:42,30.6,0.0,34,104041,卖盘
10:17:45,30.6,0.0,14,42840,卖盘
10:17:48,30.61,0.01,106,324362,买盘
10:17:49,30.6,-0.01,34,104068,卖盘
10:17:54,30.61,0.01,72,220385,买盘
10:17:57,30.6,-0.01,29,88763,卖盘
10:18:00,30.61,0.01,48,146894,买盘
10:18:03,30.61,0.0,126,385644,买盘
10:18:06,30.6,-0.01,62,189743,卖盘
10:18:09,30.62,0.02,335,1025479,买盘
10:18:12,30.61,-0.01,50,153050,卖盘
10:18:15,30.61,0.0,20,61211,卖盘
10:18:18,30.62,0.01,171,523618,买盘
10:18:21,30.61,-0.01,86,263275,卖盘
10:18:24,30.62,0.01,19,58174,卖盘
10:18:27,30.61,-0.01,157,480671,卖盘
10:18:30,30.6,-0.01,141,431567,卖盘
10:18:33,30.6,0.0,35,107122,卖盘
10:18:36,30.6,0.0,121,370339,卖盘
10:18:39,30.61,0.01,32,97952,买盘
10:18:42,30.6,-0.01,54,165274,卖盘
10:18:45,30.6,0.0,35,107110,卖盘
10:18:48,30.61,0.01,31,94864,买盘
10:18:49,30.6,-0.01,65,198921,卖盘
10:18:54,30.6,0.0,35,107110,买盘
10:18:57,30.61,0.01,110,336704,买盘
10:19:00,30.61,0.0,40,122440,卖盘
10:19:03,30.6,-0.01,170,520428,卖盘
10:19:06,30.6,0.0,20,61209,卖盘
10:19:09,30.61,0.01,194,593804,买盘
10:19:12,30.61,0.0,78,238747,卖盘
10:19:15,30.61,0.0,35,107135,卖盘
10:19:16,30.61,0.0,52,159173,卖盘
10:19:21,30.6,-0.01,143,437667,卖盘
10:19:27,30.6,0.0,31,94860,买盘
10:19:30,30.58,-0.02,116,354731,卖盘
10:19:33,30.6,0.02,31,94858,买盘
10:19:36,30.6,0.0,30,91768,买盘
10:19:39,30.61,0.01,394,1205807,买盘
10:19:42,30.6,-0.01,103,315180,卖盘
10:19:45,30.61,0.01,36,110168,买盘
10:19:46,30.61,0.0,68,208129,买盘
10:19:49,30.61,0.0,8,24487,买盘
10:19:52,30.6,-0.01,56,171388,卖盘
10:19:57,30.6,0.0,739,2261372,卖盘
10:20:00,30.59,-0.01,19,58123,中性盘
10:20:03,30.6,0.01,8,24478,买盘
10:20:06,30.58,-0.02,371,1135174,卖盘
10:20:07,30.6,0.02,113,345855,中性盘
10:20:12,30.6,0.0,30,91768,买盘
10:20:15,30.6,0.0,29,88733,买盘
10:20:18,30.6,0.0,8,24479,买盘
10:20:21,30.59,-0.01,232,709834,卖盘
10:20:24,30.59,0.0,48,146843,卖盘
10:20:27,30.59,0.0,40,122358,买盘
10:20:30,30.6,0.01,147,449679,买盘
10:20:33,30.6,0.0,906,2770961,买盘
10:20:36,30.6,0.0,270,826281,卖盘
10:20:37,30.61,0.01,49,149966,买盘
10:20:42,30.61,0.0,23,70405,卖盘
10:20:45,30.62,0.01,380,1163551,买盘
10:20:48,30.62,0.0,103,315445,卖盘
10:20:51,30.63,0.01,159,487017,买盘
10:20:54,30.64,0.01,67,205288,买盘
10:20:57,30.63,-0.01,101,309424,卖盘
10:20:58,30.64,0.01,58,177695,买盘
10:21:03,30.63,-0.01,882,2702852,卖盘
10:21:04,30.65,0.02,323,989712,买盘
10:21:07,30.65,0.0,238,729571,卖盘
10:21:12,30.66,0.01,22,67438,买盘
10:21:15,30.65,-0.01,35,107292,卖盘
10:21:18,30.66,0.01,291,891329,买盘
10:21:21,30.66,0.0,17,52120,买盘
10:21:24,30.65,-0.01,105,321872,卖盘
10:21:27,30.66,0.01,317,971813,买盘
10:21:30,30.66,0.0,93,285139,卖盘
10:21:31,30.66,0.0,2,6132,卖盘
10:21:36,30.66,0.0,22,67463,卖盘
10:21:39,30.66,0.0,140,429331,卖盘
10:21:42,30.66,0.0,136,417006,卖盘
10:21:45,30.66,0.0,64,196224,卖盘
10:21:46,30.67,0.01,165,505969,买盘
10:21:51,30.67,0.0,956,2932793,买盘
10:21:54,30.67,0.0,74,226958,卖盘
10:21:57,30.67,0.0,12,36805,卖盘
10:22:00,30.69,0.02,48,147274,买盘
10:22:03,30.68,-0.01,46,141128,卖盘
10:22:06,30.69,0.01,112,343720,买盘
10:22:09,30.69,0.0,44,134993,买盘
10:22:11,30.69,0.0,544,1669994,买盘
10:22:15,30.7,0.01,628,1927915,买盘
10:22:18,30.7,0.0,27,82890,卖盘
10:22:21,30.71,0.01,62,190369,买盘
10:22:22,30.7,-0.01,41,125870,卖盘
10:22:27,30.71,0.01,38,116682,买盘
10:22:28,30.7,-0.01,40,122812,卖盘
10:22:33,30.71,0.01,70,214920,买盘
10:22:34,30.71,0.0,48,147404,买盘
10:22:37,30.71,0.0,132,405316,卖盘
10:22:42,30.7,-0.01,63,193374,卖盘
10:22:45,30.7,0.0,138,423656,买盘
10:22:48,30.7,0.0,304,933272,买盘
10:22:51,30.69,-0.01,36,110488,卖盘
10:22:54,30.69,0.0,142,435894,卖盘
10:22:57,30.69,0.0,169,518579,买盘
10:23:00,30.69,0.0,163,500245,买盘
10:23:01,30.68,-0.01,96,294607,卖盘
10:23:06,30.69,0.01,319,979018,买盘
10:23:09,30.67,-0.02,52,159509,卖盘
10:23:11,30.68,0.01,56,171758,买盘
10:23:14,30.68,0.0,45,138039,买盘
10:23:18,30.67,-0.01,73,223909,卖盘
10:23:21,30.67,0.0,43,131882,买盘
10:23:24,30.67,0.0,60,184070,卖盘
10:23:27,30.67,0.0,79,242341,卖盘
10:23:28,30.67,0.0,153,469251,卖盘
10:23:33,30.66,-0.01,66,202372,卖盘
10:23:34,30.67,0.01,9,27603,买盘
10:23:39,30.68,0.01,131,401892,买盘
10:23:41,30.67,-0.01,56,171770,卖盘
10:23:45,30.68,0.01,55,168695,买盘
10:23:48,30.67,-0.01,51,156426,卖盘
10:23:51,30.67,0.0,51,156435,卖盘
10:23:54,30.69,0.02,238,730183,买盘
10:23:56,30.67,-0.02,184,564320,卖盘
10:24:00,30.67,0.0,12,36804,买盘
10:24:01,30.68,0.01,40,122685,买盘
10:24:06,30.67,-0.01,128,392773,卖盘
10:24:09,30.67,0.0,57,174823,卖盘
10:24:12,30.67,0.0,41,125759,卖盘
10:24:15,30.68,0.01,160,490717,买盘
10:24:18,30.68,0.0,58,177892,买盘
10:24:21,30.66,-0.02,204,625502,卖盘
10:24:24,30.66,0.0,67,205404,买盘
10:24:27,30.66,0.0,12,36788,买盘
10:24:28,30.63,-0.03,75,229891,卖盘
10:24:33,30.63,0.0,28,85772,卖盘
10:24:36,30.66,0.03,132,404567,买盘
10:24:39,30.65,-0.01,119,364813,中性盘
10:24:42,30.65,0.0,69,211515,卖盘
10:24:44,30.65,0.0,127,389284,卖盘
10:24:46,30.65,0.0,26,79689,买盘
10:24:51,30.63,-0.02,15,45983,卖盘
10:24:54,30.63,0.0,57,174645,卖盘
10:24:57,30.66,0.03,187,573296,买盘
10:24:58,30.64,-0.02,28,85803,卖盘
10:25:03,30.65,0.01,33,101144,买盘
10:25:06,30.65,0.0,187,573397,买盘
10:25:07,30.65,0.0,19,58246,买盘
10:25:12,30.65,0.0,11,33715,卖盘
10:25:15,30.65,0.0,14,42911,卖盘
10:25:16,30.66,0.01,6,18392,买盘
10:25:19,30.63,-0.03,106,324850,卖盘
10:25:24,30.63,0.0,85,260411,卖盘
10:25:27,30.64,0.01,60,183785,中性盘
10:25:30,30.63,-0.01,120,367599,卖盘
10:25:31,30.62,-0.01,315,964248,卖盘
10:25:34,30.6,-0.02,115,351940,卖盘
10:25:37,30.6,0.0,154,471244,卖盘
10:25:41,30.59,-0.01,30,93273,卖盘
10:25:45,30.6,0.01,39,117845,买盘
10:25:48,30.6,0.0,37,113195,买盘
10:25:51,30.58,-0.02,142,434299,卖盘
10:25:54,30.57,-0.01,25,76433,卖盘
10:25:57,30.57,0.0,231,706176,卖盘
10:26:00,30.58,0.01,248,757910,买盘
10:26:03,30.57,-0.01,46,140590,买盘
10:26:06,30.57,0.0,162,495450,卖盘
10:26:07,30.57,0.0,26,79504,卖盘
10:26:12,30.6,0.03,136,415987,买盘
10:26:15,30.58,-0.02,20,61142,买盘
10:26:18,30.58,0.0,54,165132,买盘
10:26:21,30.59,0.01,15,45884,买盘
10:26:24,30.6,0.01,10,30593,买盘
10:26:27,30.58,-0.02,119,363907,卖盘
10:26:30,30.59,0.01,157,480183,中性盘
10:26:33,30.59,0.0,26,79534,卖盘
10:26:34,30.59,0.0,25,76495,买盘
10:26:39,30.58,-0.01,70,214123,卖盘
10:26:41,30.6,0.02,11,33658,买盘
10:26:45,30.6,0.0,279,853500,买盘
10:26:48,30.59,-0.01,75,229437,卖盘
10:26:51,30.59,0.0,37,113184,卖盘
10:26:54,30.58,-0.01,19,58126,卖盘
10:26:56,30.59,0.01,24,73423,中性盘
10:27:00,30.59,0.0,27,82595,卖盘
10:27:03,30.58,-0.01,279,853292,卖盘
10:27:06,30.56,-0.02,190,580937,卖盘
10:27:09,30.56,0.0,90,275040,买盘
10:27:12,30.55,-0.01,92,281156,卖盘
10:27:15,30.56,0.01,58,177260,中性盘
10:27:18,30.55,-0.01,86,262744,卖盘
10:27:21,30.55,0.0,105,321115,卖盘
10:27:24,30.55,0.0,29,88634,卖盘
10:27:27,30.56,0.01,37,113075,卖盘
10:27:30,30.58,0.02,38,116144,买盘
10:27:31,30.58,0.0,41,125288,买盘
10:27:36,30.56,-0.02,11,33609,中性盘
10:27:39,30.58,0.02,47,143666,买盘
10:27:42,30.54,-0.04,117,357431,卖盘
10:27:45,30.55,0.01,89,271895,买盘
10:27:48,30.55,0.0,12,36650,买盘
10:27:51,30.55,0.0,90,274918,买盘
10:27:54,30.55,0.0,24,73337,卖盘
10:27:57,30.56,0.01,155,473496,买盘
10:28:00,30.54,-0.02,29,88577,卖盘
10:28:03,30.56,0.02,70,213849,买盘
10:28:06,30.55,-0.01,121,369932,卖盘
10:28:09,30.56,0.01,53,161937,中性盘
10:28:12,30.56,0.0,49,149740,买盘
10:28:13,30.56,0.0,18,55001,买盘
10:28:18,30.56,0.0,49,149742,买盘
10:28:21,30.57,0.01,32,97790,买盘
10:28:24,30.55,-0.02,16,48889,卖盘
10:28:27,30.56,0.01,17,51946,买盘
10:28:30,30.59,0.03,116,354643,买盘
10:28:33,30.56,-0.03,8,24445,中性盘
10:28:36,30.57,0.01,8,24455,买盘
10:28:39,30.57,0.0,13,39741,买盘
10:28:41,30.57,0.0,32,97824,卖盘
10:28:45,30.57,0.0,85,259845,卖盘
10:28:48,30.58,0.01,66,201755,买盘
10:28:49,30.57,-0.01,14,42803,中性盘
10:28:54,30.57,0.0,19,58085,卖盘
10:28:57,30.57,0.0,27,82539,卖盘
10:29:00,30.56,-0.01,154,470755,卖盘
10:29:03,30.57,0.01,78,238439,中性盘
10:29:06,30.56,-0.01,121,369878,卖盘
10:29:09,30.57,0.01,176,537852,买盘
10:29:12,30.58,0.01,93,284422,买盘
10:29:15,30.58,0.0,107,327206,卖盘
10:29:18,30.57,-0.01,142,434185,卖盘
10:29:21,30.57,0.0,123,376117,买盘
10:29:22,30.57,0.0,31,94750,买盘
10:29:27,30.57,0.0,1,3057,中性盘
10:29:30,30.56,-0.01,197,602096,卖盘
10:29:33,30.57,0.01,11,33628,中性盘
10:29:35,30.56,-0.01,161,492155,卖盘
10:29:37,30.57,0.01,121,370000,中性盘
10:29:41,30.57,0.0,76,232322,卖盘
10:29:45,30.57,0.0,17,51964,买盘
10:29:48,30.56,-0.01,4,12224,卖盘
10:29:49,30.57,0.01,23,70310,买盘
10:29:52,30.59,0.02,168,513705,买盘
10:29:57,30.56,-0.03,29,88656,卖盘
10:30:00,30.56,0.0,12,36674,卖盘
10:30:03,30.57,0.01,1,3057,卖盘
10:30:06,30.57,0.0,142,434325,卖盘
10:30:09,30.59,0.02,16,48931,买盘
10:30:11,30.59,0.0,138,421875,买盘
10:30:15,30.57,-0.02,18,55028,卖盘
10:30:18,30.58,0.01,16,48922,买盘
10:30:20,30.58,0.0,278,850042,买盘
10:30:24,30.58,0.0,50,152907,卖盘
10:30:27,30.59,0.01,52,159023,买盘
10:30:30,30.58,-0.01,1,3058,卖盘
10:30:33,30.59,0.01,7,21413,买盘
10:30:36,30.58,-0.01,205,627055,卖盘
10:30:37,30.6,0.02,438,1340067,买盘
10:30:42,30.6,0.0,31,94872,卖盘
10:30:45,30.61,0.01,149,456025,买盘
10:30:48,30.6,-0.01,2,6120,卖盘
10:30:51,30.61,0.01,22,67342,买盘
10:30:54,30.61,0.0,2,6122,买盘
10:30:57,30.61,0.0,45,137745,买盘
10:31:00,30.61,0.0,13,39800,卖盘
10:31:03,30.62,0.01,61,186744,买盘
10:31:06,30.6,-0.02,469,1435618,卖盘
10:31:09,30.62,0.02,3,9186,卖盘
10:31:12,30.62,0.0,44,134735,卖盘
10:31:15,30.62,0.0,90,275664,卖盘
10:31:16,30.63,0.01,13,39818,买盘
10:31:21,30.63,0.0,105,321572,卖盘
10:31:24,30.63,0.0,50,153154,卖盘
10:31:27,30.63,0.0,12,36847,卖盘
10:31:30,30.63,0.0,4,12252,卖盘
10:31:33,30.64,0.01,32,98030,买盘
10:31:36,30.63,-0.01,48,146942,卖盘
10:31:39,30.64,0.01,292,894757,买盘
10:31:41,30.64,0.0,90,275760,卖盘
10:31:43,30.65,0.01,107,327938,买盘
10:31:48,30.64,-0.01,54,165500,卖盘
10:31:51,30.64,0.0,82,251251,卖盘
10:31:54,30.65,0.01,54,165460,买盘
10:31:57,30.64,-0.01,199,609903,卖盘
10:32:00,30.64,0.0,82,251160,卖盘
10:32:03,30.65,0.01,29,88958,买盘
10:32:06,30.65,0.0,119,364732,买盘
10:32:07,30.64,-0.01,4,12256,卖盘
10:32:12,30.64,0.0,12,36768,卖盘
10:32:13,30.65,0.01,102,312625,买盘
10:32:16,30.64,-0.01,101,309521,卖盘
10:32:21,30.64,0.0,29,88857,卖盘
10:32:22,30.65,0.01,98,300282,买盘
10:32:27,30.64,-0.01,69,211480,卖盘
10:32:30,30.64,0.0,18,55163,卖盘
10:32:33,30.64,0.0,82,251133,卖盘
10:32:36,30.64,0.0,5,15320,买盘
10:32:39,30.63,-0.01,23,70472,卖盘
10:32:42,30.64,0.01,12,36757,买盘
10:32:45,30.64,0.0,3,9192,买盘
10:32:48,30.64,0.0,54,165441,买盘
10:32:51,30.63,-0.01,32,98023,卖盘
10:32:52,30.62,-0.01,101,309360,卖盘
10:32:56,30.62,0.0,44,134765,卖盘
10:33:00,30.63,0.01,13,39819,买盘
10:33:01,30.63,0.0,24,73512,买盘
10:33:06,30.62,-0.01,189,578920,卖盘
10:33:09,30.62,0.0,66,202220,卖盘
10:33:12,30.62,0.0,197,604622,卖盘
10:33:14,30.61,-0.01,8,24488,卖盘
10:33:18,30.62,0.01,30,91857,买盘
10:33:20,30.62,0.0,375,1148222,买盘
10:33:24,30.62,0.0,115,352151,卖盘
10:33:27,30.62,0.0,83,254146,卖盘
10:33:30,30.62,0.0,13,39806,买盘
10:33:33,30.62,0.0,40,122480,卖盘
10:33:36,30.62,0.0,7,21434,卖盘
10:33:37,30.62,0.0,243,744313,卖盘
10:33:42,30.62,0.0,80,245054,卖盘
10:33:43,30.62,0.0,50,153100,卖盘
10:33:48,30.62,0.0,23,70427,卖盘
10:33:51,30.62,0.0,46,140874,卖盘
10:33:52,30.62,0.0,83,254167,卖盘
10:33:57,30.63,0.01,98,300155,买盘
10:34:00,30.63,0.0,27,82694,买盘
10:34:01,30.62,-0.01,67,205154,卖盘
10:34:06,30.61,-0.01,150,459447,卖盘
10:34:09,30.63,0.02,38,116355,买盘
10:34:11,30.64,0.01,24,73528,买盘
10:34:14,30.63,-0.01,145,444247,卖盘
10:34:18,30.63,0.0,68,208307,卖盘
10:34:20,30.64,0.01,80,245128,卖盘
10:34:24,30.64,0.0,57,174616,买盘
10:34:27,30.64,0.0,48,147032,买盘
10:34:30,30.63,-0.01,11,33703,中性盘
10:34:33,30.64,0.01,15,45960,买盘
10:34:36,30.64,0.0,171,523924,买盘
10:34:39,30.64,0.0,32,98048,买盘
10:34:42,30.64,0.0,35,107239,买盘
10:34:45,30.63,-0.01,82,251200,卖盘
10:34:48,30.64,0.01,67,205279,买盘
10:34:50,30.63,-0.01,18,55143,卖盘
10:34:54,30.63,0.0,32,98026,买盘
10:34:57,30.63,0.0,57,174542,买盘
10:35:00,30.62,-0.01,50,153120,卖盘
10:35:01,30.62,0.0,97,297049,卖盘
10:35:06,30.64,0.02,169,517805,买盘
10:35:09,30.64,0.0,214,655888,卖盘
10:35:12,30.65,0.01,15,45964,买盘
10:35:15,30.64,-0.01,29,88856,卖盘
10:35:18,30.64,0.0,17,52090,卖盘
10:35:20,30.65,0.01,202,619130,买盘
10:35:24,30.65,0.0,109,334177,买盘
10:35:27,30.66,0.01,201,616263,买盘
10:35:28,30.66,0.0,12,36803,卖盘
10:35:33,30.66,0.0,22,67469,卖盘
10:35:36,30.67,0.01,15,46002,买盘
10:35:39,30.67,0.0,75,230018,买盘
10:35:42,30.67,0.0,120,367949,买盘
10:35:44,30.66,-0.01,168,515227,卖盘
10:35:48,30.67,0.01,12,36804,买盘
10:35:50,30.67,0.0,184,564320,买盘
10:35:54,30.67,0.0,37,113479,买盘
10:35:56,30.67,0.0,59,180953,买盘
10:36:00,30.67,0.0,225,690075,卖盘
10:36:03,30.68,0.01,196,601204,买盘
10:36:05,30.67,-0.01,84,257620,中性盘
10:36:09,30.67,0.0,79,242293,买盘
10:36:12,30.68,0.01,378,1159673,买盘
10:36:18,30.68,0.0,192,589080,卖盘
10:36:21,30.68,0.0,45,138081,卖盘
10:36:24,30.7,0.02,791,2427711,买盘
10:36:27,30.69,-0.01,64,196358,中性盘
10:36:29,30.68,-0.01,113,346835,卖盘
10:36:33,30.69,0.01,74,227151,买盘
10:36:36,30.7,0.01,21,64451,买盘
10:36:39,30.7,0.0,1278,3923473,买盘
10:36:42,30.7,0.0,40,122801,卖盘
10:36:45,30.7,0.0,102,313132,卖盘
10:36:48,30.7,0.0,47,144291,买盘
10:36:51,30.71,0.01,13,39917,买盘
10:36:54,30.7,-0.01,277,850460,卖盘
10:36:57,30.71,0.01,24,73693,买盘
10:37:00,30.71,0.0,57,175047,买盘
10:37:02,30.7,-0.01,87,267149,卖盘
10:37:06,30.74,0.04,599,1840159,买盘
10:37:08,30.72,-0.02,16,49156,卖盘
10:37:12,30.74,0.02,92,282671,买盘
10:37:14,30.73,-0.01,55,169012,中性盘
10:37:18,30.74,0.01,37,113687,买盘
10:37:21,30.74,0.0,311,955986,买盘
10:37:24,30.74,0.0,224,688501,买盘
10:37:26,30.73,-0.01,69,212053,卖盘
10:37:30,30.74,0.01,40,122953,买盘
10:37:33,30.74,0.0,269,826895,买盘
10:37:35,30.74,0.0,204,627098,卖盘
10:37:39,30.75,0.01,704,2164785,买盘
10:37:42,30.74,-0.01,180,553360,卖盘
10:37:45,30.74,0.0,173,531907,买盘
10:37:48,30.74,0.0,71,218258,买盘
10:37:50,30.75,0.01,232,713327,买盘
10:37:54,30.75,0.0,21,64578,卖盘
10:37:56,30.76,0.01,49,150691,买盘
10:38:00,30.75,-0.01,488,1501132,卖盘
10:38:02,30.75,0.0,33,101483,卖盘
10:38:06,30.76,0.01,85,261397,买盘
10:38:09,30.76,0.0,96,295314,买盘
10:38:12,30.76,0.0,159,489086,卖盘
10:38:15,30.76,0.0,41,126138,卖盘
10:38:18,30.79,0.03,3051,9395229,买盘
10:38:20,30.77,-0.02,92,283269,卖盘
10:38:22,30.79,0.02,46,141530,中性盘
10:38:27,30.8,0.01,4,12311,买盘
10:38:29,30.79,-0.01,53,163105,中性盘
10:38:33,30.8,0.01,259,797712,买盘
10:38:35,30.81,0.01,182,560562,买盘
10:38:39,30.81,0.0,59,181749,买盘
10:38:41,30.8,-0.01,130,400454,卖盘
10:38:45,30.81,0.01,112,345059,买盘
10:38:48,30.8,-0.01,82,252562,卖盘
10:38:51,30.81,0.01,114,351138,买盘
10:38:53,30.81,0.0,91,280291,买盘
10:38:57,30.81,0.0,413,1272352,买盘
10:38:59,30.8,-0.01,219,674594,卖盘
10:39:03,30.8,0.0,38,117035,买盘
10:39:06,30.8,0.0,41,126279,买盘
10:39:09,30.79,-0.01,137,421845,卖盘
10:39:11,30.78,-0.01,105,323287,卖盘
10:39:14,30.77,-0.01,77,236953,卖盘
10:39:18,30.76,-0.01,93,286080,卖盘
10:39:21,30.77,0.01,218,670889,买盘
10:39:24,30.76,-0.01,132,406095,卖盘
10:39:27,30.78,0.02,60,184629,买盘
10:39:30,30.77,-0.01,45,138486,中性盘
10:39:33,30.75,-0.02,651,2002082,卖盘
10:39:35,30.79,0.04,255,784679,买盘
10:39:39,30.75,-0.04,26,79985,卖盘
10:39:42,30.75,0.0,59,181459,卖盘
10:39:45,30.77,0.02,50,153843,买盘
10:39:47,30.76,-0.01,333,1024743,买盘
10:39:51,30.75,-0.01,48,147635,卖盘
10:39:54,30.75,0.0,57,175286,卖盘
10:39:57,30.77,0.02,52,159920,买盘
10:40:00,30.75,-0.02,140,430780,卖盘
10:40:03,30.76,0.01,27,83035,买盘
10:40:05,30.75,-0.01,74,227640,卖盘
10:40:09,30.76,0.01,83,255302,买盘
10:40:11,30.76,0.0,150,461549,卖盘
10:40:15,30.77,0.01,220,676807,买盘
10:40:17,30.78,0.01,49,150791,买盘
10:40:20,30.77,-0.01,17,52309,卖盘
10:40:24,30.77,0.0,170,523187,卖盘
10:40:26,30.77,0.0,73,224624,卖盘
10:40:30,30.77,0.0,48,147721,卖盘
10:40:33,30.77,0.0,40,123081,卖盘
10:40:36,30.77,0.0,140,430782,卖盘
10:40:39,30.76,-0.01,360,1107718,卖盘
10:40:42,30.77,0.01,52,159997,买盘
10:40:47,30.75,-0.02,12,36910,卖盘
10:40:51,30.75,0.0,28,86124,卖盘
10:40:54,30.75,0.0,19,58441,卖盘
10:40:57,30.75,0.0,48,147625,卖盘
10:41:00,30.75,0.0,77,236793,卖盘
10:41:02,30.75,0.0,239,734944,卖盘
10:41:05,30.75,0.0,68,209114,卖盘
10:41:09,30.76,0.01,45,138386,买盘
10:41:12,30.75,-0.01,31,95328,卖盘
10:41:15,30.76,0.01,33,101508,买盘
10:41:18,30.75,-0.01,17,52277,卖盘
10:41:21,30.75,0.0,38,116851,卖盘
10:41:23,30.75,0.0,641,1971092,卖盘
10:41:27,30.76,0.01,91,279793,买盘
10:41:30,30.75,-0.01,58,178351,卖盘
10:41:33,30.76,0.01,41,126086,买盘
10:41:36,30.75,-0.01,67,206090,卖盘
10:41:39,30.76,0.01,101,310668,买盘
10:41:42,30.75,-0.01,324,996340,卖盘
10:41:45,30.76,0.01,18,55355,中性盘
10:41:47,30.77,0.01,464,1427689,买盘
10:41:51,30.77,0.0,28,86161,卖盘
10:41:54,30.77,0.0,43,132311,卖盘
10:41:57,30.78,0.01,331,1018591,买盘
10:41:59,30.77,-0.01,162,498591,卖盘
10:42:02,30.77,0.0,13,40001,卖盘
10:42:05,30.78,0.01,66,203148,买盘
10:42:09,30.78,0.0,72,221618,买盘
10:42:11,30.78,0.0,20,61560,卖盘
10:42:14,30.78,0.0,292,898860,卖盘
10:42:18,30.78,0.0,70,215465,卖盘
10:42:20,30.8,0.02,1058,3258477,买盘
10:42:24,30.8,0.0,121,372506,卖盘
10:42:27,30.81,0.01,92,283357,买盘
10:42:30,30.81,0.0,549,1690923,买盘
10:42:33,30.8,-0.01,191,588328,卖盘
10:42:35,30.81,0.01,60,184850,买盘
10:42:38,30.81,0.0,14,43134,买盘
10:42:41,30.81,0.0,52,160196,买盘
10:42:44,30.8,-0.01,358,1102643,卖盘
10:42:48,30.8,0.0,14,43117,买盘
10:42:51,30.8,0.0,91,280255,买盘
10:42:54,30.8,0.0,83,255635,买盘
10:42:57,30.8,0.0,9,27715,买盘
10:43:00,30.8,0.0,15,46199,买盘
10:43:03,30.8,0.0,30,92397,买盘
10:43:06,30.79,-0.01,65,200141,卖盘
10:43:09,30.79,0.0,172,528311,卖盘
10:43:12,30.78,-0.01,65,201428,卖盘
10:43:15,30.78,0.0,137,421816,卖盘
10:43:17,30.78,0.0,208,640040,买盘
10:43:21,30.77,-0.01,320,984646,卖盘
10:43:23,30.78,0.01,268,824816,买盘
10:43:26,30.77,-0.01,571,1756938,卖盘
10:43:30,30.75,-0.02,177,544281,卖盘
10:43:33,30.75,0.0,186,571974,买盘
10:43:36,30.75,0.0,144,442790,买盘
10:43:38,30.74,-0.01,186,571764,卖盘
10:43:41,30.73,-0.01,8,24589,卖盘
10:43:45,30.74,0.01,132,405768,买盘
10:43:48,30.74,0.0,22,67624,买盘
10:43:50,30.74,0.0,79,242779,卖盘
10:43:54,30.73,-0.01,78,239705,卖盘
10:43:57,30.74,0.01,11,33809,买盘
10:44:00,30.73,-0.01,44,135232,卖盘
10:44:03,30.73,0.0,93,285789,卖盘
10:44:06,30.73,0.0,64,196699,卖盘
10:44:09,30.74,0.01,74,227466,买盘
10:44:12,30.74,0.0,77,236711,卖盘
10:44:15,30.75,0.01,52,159851,买盘
10:44:18,30.75,0.0,5,15372,买盘
10:44:21,30.75,0.0,256,787191,买盘
10:44:23,30.75,0.0,19,58429,卖盘
10:44:27,30.75,0.0,31,95328,卖盘
10:44:30,30.76,0.01,10,30760,买盘
10:44:33,30.75,-0.01,25,76892,卖盘
10:44:35,30.75,0.0,59,181447,卖盘
10:44:39,30.76,0.01,21,64587,买盘
10:44:41,30.76,0.0,38,116867,买盘
10:44:45,30.75,-0.01,27,83026,卖盘
10:44:48,30.75,0.0,67,206020,卖盘
10:44:51,30.75,0.0,30,92250,买盘
10:44:54,30.75,0.0,46,141450,买盘
10:44:57,30.76,0.01,25,76880,买盘
10:45:00,30.75,-0.01,14,43061,卖盘
10:45:03,30.75,0.0,13,39978,卖盘
10:45:06,30.76,0.01,51,156846,买盘
10:45:09,30.75,-0.01,99,304478,卖盘
10:45:11,30.75,0.0,17,52275,卖盘
10:45:14,30.76,0.01,37,113791,买盘
10:45:18,30.75,-0.01,271,833501,卖盘
10:45:20,30.76,0.01,3,9228,卖盘
10:45:24,30.75,-0.01,14,43062,卖盘
10:45:27,30.76,0.01,81,249145,买盘
10:45:30,30.76,0.0,18,55368,卖盘
10:45:33,30.76,0.0,41,126116,卖盘
10:45:35,30.77,0.01,48,147657,买盘
10:45:39,30.76,-0.01,46,141513,卖盘
10:45:42,30.76,0.0,57,175386,卖盘
10:45:44,30.77,0.01,27,83059,买盘
10:45:48,30.77,0.0,181,556924,买盘
10:45:54,30.77,0.0,1,3077,卖盘
10:45:57,30.77,0.0,3,9231,卖盘
10:46:00,30.77,0.0,91,280026,卖盘
10:46:03,30.78,0.01,53,163116,买盘
10:46:06,30.77,-0.01,17,52309,卖盘
10:46:09,30.76,-0.01,40,123049,卖盘
10:46:12,30.77,0.01,27,83079,买盘
10:46:15,30.77,0.0,70,215436,买盘
10:46:18,30.77,0.0,37,113849,卖盘
10:46:21,30.77,0.0,34,104602,买盘
10:46:24,30.76,-0.01,32,98433,卖盘
10:46:27,30.77,0.01,454,1397226,买盘
10:46:30,30.77,0.0,8,24616,买盘
10:46:32,30.77,0.0,101,310693,买盘
10:46:36,30.76,-0.01,219,673644,卖盘
10:46:39,30.75,-0.01,72,221461,卖盘
10:46:41,30.75,0.0,155,476631,卖盘
10:46:45,30.75,0.0,133,408976,买盘
10:46:48,30.75,0.0,26,79950,买盘
10:46:51,30.74,-0.01,397,1220323,卖盘
10:46:53,30.74,0.0,141,433313,买盘
10:46:57,30.73,-0.01,118,362614,卖盘
10:47:00,30.74,0.01,206,633072,买盘
10:47:03,30.72,-0.02,52,159745,卖盘
10:47:06,30.73,0.01,59,181289,买盘
10:47:09,30.72,-0.01,102,313395,卖盘
10:47:14,30.73,0.01,43,132115,买盘
10:47:18,30.76,0.03,645,1982823,买盘
10:47:20,30.73,-0.03,157,482316,卖盘
10:47:23,30.74,0.01,255,783668,买盘
10:47:27,30.75,0.01,45,138352,买盘
10:47:30,30.74,-0.01,77,236698,卖盘
10:47:33,30.74,0.0,15,46110,卖盘
10:47:36,30.73,-0.01,7,21511,卖盘
10:47:39,30.73,0.0,38,116796,卖盘
10:47:42,30.73,0.0,63,193604,卖盘
10:47:45,30.72,-0.01,42,129056,卖盘
10:47:48,30.73,0.01,211,648465,买盘
10:47:51,30.74,0.01,325,999036,买盘
10:47:54,30.75,0.01,137,421243,买盘
10:47:57,30.75,0.0,67,206030,卖盘
10:48:00,30.75,0.0,14,43052,卖盘
10:48:02,30.75,0.0,598,1838873,卖盘
10:48:05,30.75,0.0,41,126075,卖盘
10:48:08,30.75,0.0,67,206025,卖盘
10:48:12,30.75,0.0,90,276828,卖盘
10:48:14,30.75,0.0,128,393664,卖盘
10:48:18,30.75,0.0,183,562717,买盘
10:48:20,30.75,0.0,7,21525,买盘
10:48:24,30.74,-0.01,95,292122,卖盘
10:48:27,30.75,0.01,35,107621,买盘
10:48:30,30.75,0.0,528,1623580,买盘
10:48:32,30.75,0.0,317,974670,买盘
10:48:36,30.74,-0.01,96,295131,卖盘
10:48:38,30.74,0.0,27,83317,卖盘
10:48:42,30.73,-0.01,328,1008032,卖盘
10:48:45,30.74,0.01,21,64554,买盘
10:48:48,30.73,-0.01,76,233623,卖盘
10:48:51,30.73,0.0,166,510193,卖盘
10:48:54,30.73,0.0,12,36877,卖盘
10:48:57,30.73,0.0,271,833320,卖盘
10:49:00,30.74,0.01,13,39962,卖盘
10:49:03,30.75,0.01,172,528821,买盘
10:49:06,30.75,0.0,7,21515,买盘
10:49:09,30.77,0.02,531,1633665,买盘
10:49:12,30.74,-0.03,8,24602,卖盘
10:49:15,30.76,0.02,135,414947,买盘
10:49:18,30.76,0.0,90,276904,卖盘
10:49:21,30.74,-0.02,196,602941,卖盘
10:49:24,30.74,0.0,24,73802,卖盘
10:49:26,30.76,0.02,15,46129,买盘
10:49:30,30.75,-0.01,17,52290,卖盘
10:49:33,30.77,0.02,161,495215,买盘
10:49:36,30.76,-0.01,22,67660,买盘
10:49:39,30.76,0.0,64,196861,卖盘
10:49:42,30.77,0.01,359,1104924,买盘
10:49:45,30.77,0.0,38,116932,卖盘
10:49:48,30.78,0.01,69,212354,买盘
10:49:51,30.78,0.0,91,280012,买盘
10:49:54,30.77,-0.01,4,12307,卖盘
10:49:57,30.77,0.0,181,557001,买盘
10:50:00,30.77,0.0,6,18462,卖盘
10:50:03,30.78,0.01,32,98490,买盘
10:50:06,30.77,-0.01,56,172317,卖盘
10:50:09,30.78,0.01,97,298498,买盘
10:50:12,30.78,0.0,535,1646721,买盘
10:50:15,30.79,0.01,438,1347971,买盘
10:50:18,30.78,-0.01,323,994424,卖盘
10:50:21,30.79,0.01,294,905223,买盘
10:50:24,30.8,0.01,49,150912,买盘
10:50:27,30.8,0.0,1091,3360343,买盘
10:50:30,30.8,0.0,16,49280,卖盘
10:50:33,30.82,0.02,511,1574358,买盘
10:50:36,30.81,-0.01,1151,3545076,中性盘
10:50:38,30.82,0.01,45,138642,买盘
10:50:42,30.8,-0.02,80,246414,卖盘
10:50:45,30.81,0.01,31,95512,买盘
10:50:48,30.82,0.01,1165,3588521,买盘
10:50:51,30.82,0.0,82,252691,买盘
10:50:53,30.8,-0.02,95,292614,卖盘
10:50:57,30.81,0.01,128,394269,买盘
10:51:00,30.81,0.0,37,114003,卖盘
10:51:03,30.81,0.0,106,326625,卖盘
10:51:06,30.81,0.0,92,283467,买盘
10:51:09,30.8,-0.01,63,194069,卖盘
10:51:12,30.8,0.0,61,187852,买盘
10:51:15,30.79,-0.01,103,317253,卖盘
10:51:18,30.8,0.01,199,612842,中性盘
10:51:20,30.79,-0.01,691,2127760,卖盘
10:51:23,30.79,0.0,106,326420,卖盘
10:51:26,30.8,0.01,856,2635866,买盘
10:51:29,30.79,-0.01,232,714535,卖盘
10:51:33,30.8,0.01,54,166286,买盘
10:51:36,30.8,0.0,28,86204,买盘
10:51:39,30.79,-0.01,15,46186,买盘
10:51:41,30.79,0.0,62,190897,买盘
10:51:45,30.78,-0.01,72,221695,卖盘
10:51:48,30.78,0.0,35,107725,买盘
10:51:50,30.78,0.0,14,43097,卖盘
10:51:53,30.77,-0.01,31,95413,卖盘
10:51:57,30.78,0.01,90,276965,买盘
10:52:00,30.77,-0.01,57,175438,卖盘
10:52:03,30.78,0.01,50,153899,买盘
10:52:06,30.78,0.0,43,132329,买盘
10:52:09,30.78,0.0,17,52313,买盘
10:52:12,30.77,-0.01,21,64619,卖盘
10:52:15,30.78,0.01,222,683163,买盘
10:52:18,30.77,-0.01,28,86158,卖盘
10:52:21,30.77,0.0,1037,3193199,卖盘
10:52:24,30.78,0.01,57,175511,中性盘
10:52:26,30.8,0.02,403,1240631,买盘
10:52:30,30.8,0.0,140,431200,卖盘
10:52:32,30.8,0.0,246,757680,卖盘
10:52:35,30.8,0.0,88,271088,卖盘
10:52:39,30.8,0.0,95,292612,卖盘
10:52:41,30.8,0.0,670,2063608,卖盘
10:52:45,30.8,0.0,29,89320,卖盘
10:52:48,30.8,0.0,180,554483,卖盘
10:52:50,30.8,0.0,429,1321905,卖盘
10:52:53,30.8,0.0,31,95436,买盘
10:52:57,30.76,-0.04,441,1358474,卖盘
10:53:00,30.8,0.04,61,187857,中性盘
10:53:02,30.81,0.01,176,542000,买盘
10:53:06,30.8,-0.01,13,40039,买盘
10:53:09,30.8,0.0,17,52359,买盘
10:53:11,30.79,-0.01,143,440290,卖盘
10:53:15,30.78,-0.01,45,138555,卖盘
10:53:18,30.78,0.0,4,12312,买盘
10:53:21,30.78,0.0,490,1507341,买盘
10:53:24,30.78,0.0,29,89271,卖盘
10:53:27,30.77,-0.01,63,193947,卖盘
10:53:30,30.76,-0.01,9,27685,卖盘
10:53:33,30.76,0.0,58,178442,卖盘
10:53:36,30.75,-0.01,97,298082,卖盘
10:53:39,30.75,0.0,1238,3806894,卖盘
10:53:41,30.75,0.0,72,221439,卖盘
10:53:45,30.75,0.0,100,307502,卖盘
10:53:48,30.75,0.0,51,156826,卖盘
10:53:51,30.75,0.0,41,126078,卖盘
10:53:54,30.75,0.0,422,1297560,卖盘
10:53:57,30.75,0.0,41,126044,买盘
10:54:00,30.71,-0.04,142,436477,卖盘
10:54:03,30.74,0.03,152,467003,卖盘
10:54:06,30.73,-0.01,30,92213,中性盘
10:54:09,30.71,-0.02,21,64506,卖盘
10:54:11,30.71,0.0,252,773992,卖盘
10:54:15,30.7,-0.01,653,2006723,卖盘
10:54:18,30.7,0.0,13,39934,卖盘
10:54:21,30.7,0.0,107,328632,卖盘
10:54:24,30.69,-0.01,45,138143,卖盘
10:54:27,30.68,-0.01,105,322206,卖盘
10:54:29,30.66,-0.02,90,276060,卖盘
10:54:33,30.66,0.0,21,64409,卖盘
10:54:36,30.66,0.0,98,300466,卖盘
10:54:39,30.66,0.0,36,110373,买盘
10:54:42,30.65,-0.01,110,337215,卖盘
10:54:45,30.65,0.0,37,113408,卖盘
10:54:47,30.64,-0.01,72,220685,卖盘
10:54:51,30.64,0.0,67,205283,买盘
10:54:54,30.64,0.0,15,45965,卖盘
10:54:57,30.63,-0.01,105,321710,卖盘
10:54:59,30.66,0.03,284,870362,买盘
10:55:03,30.64,-0.02,15,45962,卖盘
10:55:06,30.65,0.01,4,12257,中性盘
10:55:08,30.65,0.0,24,73540,中性盘
10:55:12,30.64,-0.01,248,759960,卖盘
10:55:15,30.65,0.01,112,343204,中性盘
10:55:18,30.65,0.0,60,183879,中性盘
10:55:21,30.62,-0.03,309,946445,卖盘
10:55:24,30.64,0.02,63,193005,买盘
10:55:27,30.64,0.0,33,101130,卖盘
10:55:30,30.64,0.0,37,113371,卖盘
10:55:32,30.65,0.01,70,214509,买盘
10:55:36,30.64,-0.01,26,79664,卖盘
10:55:39,30.65,0.01,34,104213,买盘
10:55:42,30.65,0.0,46,140990,卖盘
10:55:45,30.65,0.0,51,156329,卖盘
10:55:48,30.65,0.0,19,58248,卖盘
10:55:51,30.65,0.0,282,864330,卖盘
10:55:53,30.65,0.0,133,407643,买盘
10:55:56,30.65,0.0,12,36780,买盘
10:56:00,30.65,0.0,179,548585,买盘
10:56:03,30.65,0.0,40,122600,卖盘
10:56:05,30.65,0.0,23,70509,卖盘
10:56:08,30.65,0.0,143,438349,卖盘
10:56:12,30.65,0.0,8,24520,卖盘
10:56:15,30.65,0.0,24,73564,卖盘
10:56:18,30.66,0.01,17,52122,买盘
10:56:21,30.66,0.0,195,597870,买盘
10:56:24,30.66,0.0,39,119574,卖盘
10:56:26,30.67,0.01,33,101202,买盘
10:56:29,30.66,-0.01,15,45990,卖盘
10:56:33,30.67,0.01,101,309660,买盘
10:56:36,30.67,0.0,3,9199,买盘
10:56:39,30.67,0.0,13,39870,买盘
10:56:42,30.66,-0.01,27,82802,卖盘
10:56:45,30.67,0.01,16,49067,买盘
10:56:47,30.66,-0.01,26,79721,卖盘
10:56:51,30.67,0.01,30,92000,买盘
10:56:54,30.67,0.0,8,24536,买盘
10:56:57,30.68,0.01,93,285312,买盘
10:57:00,30.68,0.0,43,131897,买盘
10:57:03,30.67,-0.01,24,73616,卖盘
10:57:05,30.68,0.01,26,79768,买盘
10:57:09,30.68,0.0,19,58293,卖盘
10:57:12,30.69,0.01,19,58308,买盘
10:57:15,30.68,-0.01,68,208624,卖盘
10:57:18,30.69,0.01,17,52161,买盘
10:57:21,30.68,-0.01,21,64431,卖盘
10:57:24,30.69,0.01,40,122741,买盘
10:57:27,30.68,-0.01,30,92058,卖盘
10:57:30,30.68,0.0,60,184104,卖盘
10:57:33,30.69,0.01,28,85920,买盘
10:57:36,30.68,-0.01,323,990949,卖盘
10:57:39,30.68,0.0,91,279206,买盘
10:57:42,30.68,0.0,32,98178,卖盘
10:57:45,30.68,0.0,91,279188,卖盘
10:57:48,30.68,0.0,21,64427,买盘
10:57:51,30.67,-0.01,73,223915,卖盘
10:57:54,30.68,0.01,27,82813,买盘
10:57:56,30.67,-0.01,44,134985,卖盘
10:58:00,30.68,0.01,34,104288,买盘
10:58:03,30.67,-0.01,93,285242,卖盘
10:58:06,30.67,0.0,172,527526,卖盘
10:58:09,30.67,0.0,126,386376,买盘
10:58:12,30.66,-0.01,13,39867,卖盘
10:58:15,30.66,0.0,99,303534,卖盘
10:58:18,30.66,0.0,18,55188,买盘
10:58:20,30.66,0.0,11,33721,买盘
10:58:24,30.64,-0.02,148,453603,卖盘
10:58:27,30.64,0.0,61,186961,卖盘
10:58:29,30.65,0.01,43,131782,买盘
10:58:33,30.64,-0.01,46,140944,卖盘
10:58:36,30.63,-0.01,21,64323,卖盘
10:58:39,30.63,0.0,221,676929,卖盘
10:58:42,30.62,-0.01,13,39807,卖盘
10:58:44,30.62,0.0,313,958408,卖盘
10:58:47,30.62,0.0,284,869355,买盘
10:58:51,30.6,-0.02,126,385619,卖盘
10:58:54,30.6,0.0,331,1012868,卖盘
10:58:57,30.61,0.01,494,1511697,买盘
10:59:00,30.61,0.0,444,1359041,买盘
10:59:03,30.61,0.0,234,716312,卖盘
10:59:06,30.61,0.0,284,869289,卖盘
10:59:09,30.6,-0.01,124,379523,卖盘
10:59:12,30.61,0.01,99,302987,买盘
10:59:15,30.6,-0.01,45,137705,卖盘
10:59:18,30.58,-0.02,283,865490,卖盘
10:59:21,30.57,-0.01,26,79506,卖盘
10:59:24,30.58,0.01,31,94798,买盘
10:59:27,30.6,0.02,94,287426,买盘
10:59:30,30.57,-0.03,53,162097,卖盘
10:59:33,30.57,0.0,35,107000,卖盘
10:59:36,30.57,0.0,274,837780,卖盘
10:59:39,30.57,0.0,84,256972,卖盘
10:59:42,30.58,0.01,29,88686,中性盘
10:59:44,30.59,0.01,66,201864,买盘
10:59:47,30.59,0.0,11,33641,买盘
10:59:51,30.59,0.0,65,198775,买盘
10:59:54,30.57,-0.02,75,229299,卖盘
10:59:57,30.57,0.0,302,923413,卖盘
11:00:00,30.57,0.0,139,424940,卖盘
11:00:03,30.57,0.0,67,204826,卖盘
11:00:06,30.56,-0.01,325,993503,卖盘
11:00:09,30.56,0.0,35,106993,卖盘
11:00:12,30.55,-0.01,170,519519,卖盘
11:00:14,30.55,0.0,109,333072,卖盘
11:00:18,30.56,0.01,69,210845,买盘
11:00:21,30.53,-0.03,904,2760723,卖盘
11:00:24,30.53,0.0,138,421306,买盘
11:00:26,30.53,0.0,16,48859,卖盘
11:00:30,30.54,0.01,69,210733,买盘
11:00:33,30.54,0.0,15,45814,卖盘
11:00:36,30.54,0.0,241,736025,卖盘
11:00:39,30.55,0.01,30,91637,买盘
11:00:42,30.55,0.0,77,235185,买盘
11:00:45,30.53,-0.02,105,320670,卖盘
11:00:47,30.53,0.0,33,100775,卖盘
11:00:51,30.54,0.01,31,94675,买盘
11:00:54,30.54,0.0,69,210727,卖盘
11:00:57,30.54,0.0,43,131329,卖盘
11:01:00,30.54,0.0,147,448991,卖盘
11:01:02,30.54,0.0,84,256557,卖盘
11:01:05,30.54,0.0,59,180191,卖盘
11:01:09,30.55,0.01,19,58035,买盘
11:01:12,30.55,0.0,11,33595,买盘
11:01:16,30.54,-0.01,71,216855,卖盘
11:01:18,30.55,0.01,60,183269,买盘
11:01:21,30.54,-0.01,24,73304,卖盘
11:01:24,30.55,0.01,59,180200,买盘
11:01:27,30.54,-0.01,29,88585,卖盘
11:01:30,30.54,0.0,55,167971,卖盘
11:01:32,30.55,0.01,25,76373,买盘
11:01:36,30.54,-0.01,85,259608,卖盘
11:01:38,30.55,0.01,50,152743,买盘
11:01:42,30.54,-0.01,83,253485,卖盘
11:01:44,30.54,0.0,41,125225,卖盘
11:01:47,30.55,0.01,23,70259,买盘
11:01:51,30.55,0.0,53,161908,买盘
11:01:54,30.55,0.0,39,119143,买盘
11:01:57,30.54,-0.01,45,137435,卖盘
11:02:00,30.55,0.01,269,821795,买盘
11:02:02,30.55,0.0,71,216925,卖盘
11:02:05,30.56,0.01,99,302537,买盘
11:02:09,30.56,0.0,159,485892,买盘
11:02:12,30.56,0.0,50,152818,卖盘
11:02:15,30.58,0.02,45,137577,买盘
11:02:18,30.58,0.0,17,51956,买盘
11:02:20,30.58,0.0,55,168192,买盘
11:02:24,30.58,0.0,499,1525265,卖盘
11:02:27,30.58,0.0,48,146764,买盘
11:02:30,30.58,0.0,13,39750,买盘
11:02:33,30.58,0.0,22,67276,买盘
11:02:36,30.56,-0.02,148,452338,卖盘
11:02:39,30.58,0.02,25,76446,买盘
11:02:42,30.58,0.0,81,247694,买盘
11:02:45,30.58,0.0,62,189490,买盘
11:02:48,30.54,-0.04,209,638448,卖盘
11:02:51,30.56,0.02,18,55004,买盘
11:02:53,30.56,0.0,50,152800,卖盘
11:02:57,30.56,0.0,12,36672,卖盘
11:03:00,30.58,0.02,11,33624,买盘
11:03:03,30.58,0.0,27,82559,买盘
11:03:06,30.54,-0.04,370,1130514,卖盘
11:03:09,30.58,0.04,57,174272,买盘
11:03:12,30.56,-0.02,96,293432,卖盘
11:03:15,30.56,0.0,57,174182,买盘
11:03:18,30.56,0.0,19,58070,卖盘
11:03:21,30.58,0.02,4,12232,买盘
11:03:24,30.57,-0.01,4,12225,买盘
11:03:27,30.57,0.0,93,284224,买盘
11:03:30,30.58,0.01,90,275074,买盘
11:03:32,30.57,-0.01,15,45859,卖盘
11:03:36,30.56,-0.01,42,128374,卖盘
11:03:38,30.58,0.02,46,140665,买盘
11:03:41,30.58,0.0,143,437354,买盘
11:03:44,30.58,0.0,47,143733,卖盘
11:03:48,30.59,0.01,30,91764,买盘
11:03:51,30.58,-0.01,11,33639,卖盘
11:03:53,30.59,0.01,28,85630,买盘
11:03:56,30.58,-0.01,11,33641,卖盘
11:04:01,30.59,0.01,82,250831,买盘
11:04:03,30.6,0.01,31,94814,买盘
11:04:06,30.59,-0.01,3,9178,卖盘
11:04:09,30.6,0.01,3,9178,买盘
11:04:11,30.59,-0.01,128,391643,卖盘
11:04:16,30.6,0.01,47,143815,买盘
11:04:18,30.59,-0.01,22,67317,卖盘
11:04:21,30.6,0.01,24,73444,买盘
11:04:24,30.6,0.0,16,48962,卖盘
11:04:27,30.6,0.0,168,514084,卖盘
11:04:30,30.6,0.0,129,394745,卖盘
11:04:33,30.59,-0.01,103,315173,卖盘
11:04:37,30.6,0.01,6,18360,中性盘
11:04:40,30.6,0.0,28,85655,买盘
11:04:42,30.59,-0.01,421,1287631,卖盘
11:04:45,30.59,0.0,81,247743,买盘
11:04:48,30.61,0.02,184,563118,买盘
11:04:51,30.6,-0.01,97,296750,中性盘
11:04:54,30.58,-0.02,219,670041,卖盘
11:04:57,30.59,0.01,36,110066,买盘
11:04:59,30.59,0.0,12,36708,买盘
11:05:03,30.58,-0.01,12,36701,卖盘
11:05:06,30.57,-0.01,296,904967,卖盘
11:05:09,30.59,0.02,131,400450,买盘
11:05:12,30.59,0.0,80,244738,卖盘
11:05:15,30.59,0.0,42,128437,买盘
11:05:18,30.56,-0.03,12,36681,卖盘
11:05:21,30.59,0.03,6,18354,买盘
11:05:23,30.56,-0.03,73,223128,卖盘
11:05:26,30.57,0.01,20,61176,中性盘
11:05:31,30.58,0.01,13,39761,卖盘
11:05:33,30.57,-0.01,4,12229,卖盘
11:05:36,30.58,0.01,85,259863,买盘
11:05:38,30.58,0.0,39,119247,买盘
11:05:43,30.58,0.0,10,30574,买盘
11:05:45,30.57,-0.01,64,195630,卖盘
11:05:48,30.57,0.0,17,51968,买盘
11:05:52,30.58,0.01,24,73392,买盘
11:05:53,30.57,-0.01,65,198711,卖盘
11:05:57,30.57,0.0,185,565568,卖盘
11:06:00,30.56,-0.01,112,342365,卖盘
11:06:03,30.56,0.0,27,82528,卖盘
11:06:06,30.57,0.01,25,76402,买盘
11:06:09,30.56,-0.01,15,45856,卖盘
11:06:12,30.57,0.01,84,256764,卖盘
11:06:15,30.58,0.01,11,33635,买盘
11:06:18,30.58,0.0,13,39754,买盘
11:06:21,30.58,0.0,26,79506,买盘
11:06:23,30.58,0.0,1,3058,买盘
11:06:27,30.58,0.0,103,314969,买盘
11:06:31,30.57,-0.01,9,27519,卖盘
11:06:32,30.55,-0.02,388,1185702,卖盘
11:06:36,30.58,0.03,66,201721,买盘
11:06:38,30.57,-0.01,15,45855,买盘
11:06:41,30.56,-0.01,9,27506,卖盘
11:06:44,30.57,0.01,28,85596,买盘
11:06:48,30.57,0.0,37,113108,买盘
11:06:51,30.57,0.0,2,6114,买盘
11:06:54,30.57,0.0,58,177265,买盘
11:06:57,30.56,-0.01,78,238368,卖盘
11:06:59,30.55,-0.01,67,204711,卖盘
11:07:03,30.55,0.0,67,204733,卖盘
11:07:06,30.57,0.02,23,70310,买盘
11:07:09,30.56,-0.01,28,85569,卖盘
11:07:12,30.56,0.0,1,3056,买盘
11:07:15,30.55,-0.01,8,24445,卖盘
11:07:18,30.56,0.01,20,61120,买盘
11:07:21,30.56,0.0,336,1026290,买盘
11:07:24,30.56,0.0,68,207791,买盘
11:07:28,30.56,0.0,20,61116,买盘
11:07:30,30.56,0.0,40,122240,买盘
11:07:33,30.56,0.0,92,281154,卖盘
11:07:36,30.56,0.0,21,64181,卖盘
11:07:39,30.57,0.01,69,210880,买盘
11:07:42,30.56,-0.01,20,61129,卖盘
11:07:46,30.56,0.0,68,207813,卖盘
11:07:48,30.57,0.01,474,1449010,买盘
11:07:51,30.57,0.0,49,149826,卖盘
11:07:54,30.57,0.0,5,15288,卖盘
11:07:57,30.58,0.01,9,27514,买盘
11:08:00,30.58,0.0,20,61153,买盘
11:08:03,30.57,-0.01,62,189598,卖盘
11:08:06,30.59,0.02,6,18353,买盘
11:08:09,30.59,0.0,26,79515,买盘
11:08:13,30.59,0.0,3,9176,买盘
11:08:15,30.59,0.0,27,82583,买盘
11:08:18,30.59,0.0,46,140671,买盘
11:08:22,30.59,0.0,30,91745,买盘
11:08:24,30.58,-0.01,52,159027,卖盘
11:08:27,30.59,0.01,6,18354,买盘
11:08:30,30.59,0.0,15,45885,买盘
11:08:33,30.59,0.0,5,15295,买盘
11:08:36,30.59,0.0,2,6118,买盘
11:08:39,30.58,-0.01,37,113204,卖盘
11:08:42,30.59,0.01,28,85664,买盘
11:08:45,30.59,0.0,51,156044,卖盘
11:08:48,30.6,0.01,150,458990,买盘
11:08:51,30.62,0.02,106,324388,买盘
11:08:54,30.61,-0.01,15,45920,中性盘
11:08:57,30.61,0.0,65,198981,卖盘
11:09:01,30.61,0.0,61,186736,卖盘
11:09:03,30.61,0.0,70,214323,卖盘
11:09:06,30.62,0.01,15,45923,买盘
11:09:09,30.62,0.0,5,15310,买盘
11:09:13,30.61,-0.01,17,52054,卖盘
11:09:15,30.62,0.01,6,18373,卖盘
11:09:18,30.63,0.01,451,1381263,买盘
11:09:21,30.63,0.0,143,438078,卖盘
11:09:23,30.63,0.0,31,94960,卖盘
11:09:27,30.63,0.0,48,147026,卖盘
11:09:30,30.63,0.0,634,1942391,卖盘
11:09:32,30.64,0.01,48,147121,中性盘
11:09:37,30.64,0.0,47,144010,卖盘
11:09:39,30.64,0.0,110,337105,卖盘
11:09:42,30.64,0.0,38,116415,买盘
11:09:45,30.64,0.0,4,12254,买盘
11:09:48,30.63,-0.01,28,85775,卖盘
11:09:51,30.64,0.01,24,73532,买盘
11:09:54,30.65,0.01,263,806054,买盘
11:09:57,30.66,0.01,37,113421,买盘
11:10:00,30.66,0.0,99,303443,卖盘
11:10:03,30.66,0.0,39,119574,买盘
11:10:07,30.66,0.0,5,15330,买盘
11:10:09,30.66,0.0,9,27592,买盘
11:10:11,30.64,-0.02,27,82734,卖盘
11:10:15,30.64,0.0,15,45973,买盘
11:10:18,30.64,0.0,15,45964,卖盘
11:10:21,30.65,0.01,84,257387,买盘
11:10:24,30.63,-0.02,24,73525,卖盘
11:10:27,30.65,0.02,227,695122,买盘
11:10:29,30.62,-0.03,51,156204,卖盘
11:10:33,30.64,0.02,20,61277,买盘
11:10:37,30.63,-0.01,47,143962,卖盘
11:10:38,30.63,0.0,58,177604,买盘
11:10:42,30.62,-0.01,30,91874,卖盘
11:10:45,30.6,-0.02,489,1496609,卖盘
11:10:48,30.61,0.01,174,532648,买盘
11:10:51,30.6,-0.01,53,162273,卖盘
11:10:54,30.6,0.0,28,85685,卖盘
11:10:57,30.61,0.01,2,6122,买盘
11:11:00,30.6,-0.01,14,42840,卖盘
11:11:06,30.59,-0.01,52,159161,卖盘
11:11:09,30.61,0.02,18,55098,买盘
11:11:12,30.62,0.01,12,36737,买盘
11:11:16,30.62,0.0,10,30615,买盘
11:11:18,30.61,-0.01,21,64282,卖盘
11:11:21,30.61,0.0,22,67343,卖盘
11:11:24,30.62,0.01,20,61234,买盘
11:11:27,30.6,-0.02,10,30602,卖盘
11:11:29,30.62,0.02,383,1172741,买盘
11:11:33,30.62,0.0,155,474648,卖盘
11:11:36,30.61,-0.01,657,2011754,卖盘
11:11:37,30.6,-0.01,116,354959,卖盘
11:11:42,30.6,0.0,29,88748,卖盘
11:11:45,30.61,0.01,130,397954,买盘
11:11:48,30.59,-0.02,306,936361,卖盘
11:11:51,30.6,0.01,398,1217806,买盘
11:11:54,30.59,-0.01,65,198847,卖盘
11:11:57,30.58,-0.01,426,1302708,卖盘
11:12:00,30.57,-0.01,49,149821,卖盘
11:12:02,30.57,0.0,116,354614,卖盘
11:12:04,30.56,-0.01,26,79475,卖盘
11:12:08,30.56,0.0,23,70316,卖盘
11:12:11,30.56,0.0,98,299518,卖盘
11:12:16,30.57,0.01,11,33633,中性盘
11:12:18,30.56,-0.01,13,39732,卖盘
11:12:22,30.56,0.0,72,220051,卖盘
11:12:24,30.57,0.01,248,758115,中性盘
11:12:28,30.58,0.01,14,42807,买盘
11:12:28,30.58,0.0,111,339469,卖盘
11:12:31,30.59,0.01,29,88701,买盘
11:12:36,30.59,0.0,17,52003,买盘
11:12:39,30.59,0.0,26,79534,买盘
11:12:42,30.59,0.0,33,100929,买盘
11:12:45,30.6,0.01,205,627272,买盘
11:12:48,30.6,0.0,139,425388,卖盘
11:12:51,30.6,0.0,12,36742,卖盘
11:12:54,30.6,0.0,34,104040,卖盘
11:12:57,30.63,0.03,89,272611,卖盘
11:13:00,30.64,0.01,11,33699,买盘
11:13:03,30.63,-0.01,55,168474,卖盘
11:13:06,30.63,0.0,113,346121,卖盘
11:13:09,30.64,0.01,28,85788,买盘
11:13:12,30.63,-0.01,150,459480,卖盘
11:13:15,30.63,0.0,283,866855,卖盘
11:13:18,30.6,-0.03,98,300071,卖盘
11:13:21,30.62,0.02,12,36744,买盘
11:13:22,30.63,0.01,32,97923,买盘
11:13:27,30.63,0.0,2,6126,买盘
11:13:30,30.62,-0.01,50,153100,卖盘
11:13:33,30.6,-0.02,29,88776,卖盘
11:13:36,30.6,0.0,273,835392,卖盘
11:13:39,30.62,0.02,84,257088,买盘
11:13:42,30.62,0.0,55,168403,买盘
11:13:45,30.61,-0.01,23,70407,卖盘
11:13:48,30.61,0.0,3,9185,中性盘
11:13:49,30.61,0.0,2,6122,卖盘
11:13:54,30.62,0.01,3,9184,买盘
11:13:58,30.62,0.0,10,30620,买盘
11:14:00,30.6,-0.02,184,563224,卖盘
11:14:03,30.6,0.0,228,697565,买盘
11:14:06,30.59,-0.01,61,186639,卖盘
11:14:07,30.59,0.0,51,156014,卖盘
11:14:11,30.6,0.01,79,241740,买盘
11:14:13,30.58,-0.02,244,746339,卖盘
11:14:16,30.58,0.0,61,186526,买盘
11:14:22,30.6,0.02,23,70377,买盘
11:14:24,30.58,-0.02,4,12235,卖盘
11:14:26,30.54,-0.04,319,974738,卖盘
11:14:28,30.55,0.01,258,788168,买盘
11:14:33,30.55,0.0,48,146641,买盘
11:14:36,30.6,0.05,188,574418,买盘
11:14:39,30.54,-0.06,716,2185982,卖盘
11:14:42,30.54,0.0,18,54972,买盘
11:14:43,30.54,0.0,27,82459,卖盘
11:14:48,30.54,0.0,6,18325,卖盘
11:14:50,30.54,0.0,24,73300,卖盘
11:14:52,30.52,-0.02,242,738819,卖盘
11:14:57,30.53,0.01,46,140409,买盘
11:15:00,30.53,0.0,110,335806,买盘
11:15:01,30.55,0.02,40,122124,买盘
11:15:06,30.52,-0.03,19,57999,卖盘
11:15:09,30.54,0.02,62,189271,买盘
11:15:12,30.51,-0.03,393,1199182,卖盘
11:15:15,30.51,0.0,83,253226,买盘
11:15:16,30.51,0.0,81,247130,买盘
11:15:21,30.51,0.0,43,131199,卖盘
11:15:24,30.5,-0.01,961,2931176,卖盘
11:15:27,30.52,0.02,52,158620,买盘
11:15:28,30.51,-0.01,16,48823,卖盘
11:15:33,30.51,0.0,5,15255,卖盘
11:15:36,30.51,0.0,203,619354,卖盘
11:15:39,30.5,-0.01,673,2053162,卖盘
11:15:42,30.52,0.02,82,250240,买盘
11:15:45,30.53,0.01,14,42729,买盘
11:15:48,30.51,-0.02,83,253234,卖盘
11:15:51,30.49,-0.02,411,1251403,卖盘
11:15:54,30.52,0.03,37,112920,买盘
11:15:57,30.51,-0.01,82,250190,卖盘
11:16:00,30.52,0.01,7,21368,中性盘
11:16:03,30.51,-0.01,17,51873,卖盘
11:16:06,30.51,0.0,39,118990,卖盘
11:16:09,30.52,0.01,11,33574,卖盘
11:16:12,30.5,-0.02,139,424191,卖盘
11:16:15,30.51,0.01,20,61038,卖盘
11:16:16,30.52,0.01,63,192226,买盘
11:16:21,30.51,-0.01,22,67128,卖盘
11:16:24,30.51,0.0,10,30516,买盘
11:16:27,30.49,-0.02,68,207360,卖盘
11:16:30,30.5,0.01,5,15250,买盘
11:16:33,30.5,0.0,12,36590,买盘
11:16:36,30.49,-0.01,161,490889,卖盘
11:16:39,30.49,0.0,25,76237,卖盘
11:16:42,30.49,0.0,1008,3072946,卖盘
11:16:45,30.51,0.02,66,201334,买盘
11:16:48,30.5,-0.01,27,82362,卖盘
11:16:51,30.5,0.0,111,338553,卖盘
11:16:54,30.49,-0.01,70,213455,卖盘
11:16:57,30.49,0.0,11,33548,卖盘
11:17:00,30.5,0.01,5,15248,买盘
11:17:03,30.49,-0.01,13,39648,卖盘
11:17:05,30.5,0.01,120,365984,买盘
11:17:07,30.5,0.0,66,201275,买盘
11:17:12,30.49,-0.01,79,240889,卖盘
11:17:13,30.5,0.01,16,48793,买盘
11:17:18,30.49,-0.01,121,368932,卖盘
11:17:21,30.49,0.0,32,97577,卖盘
11:17:23,30.5,0.01,75,228748,买盘
11:17:27,30.5,0.0,54,164704,卖盘
11:17:28,30.5,0.0,367,1119466,卖盘
11:17:31,30.51,0.01,91,277658,中性盘
11:17:35,30.51,0.0,17,51876,卖盘
11:17:39,30.52,0.01,60,183061,买盘
11:17:42,30.51,-0.01,14,42719,卖盘
11:17:45,30.51,0.0,15,45774,卖盘
11:17:48,30.51,0.0,93,283744,卖盘
11:17:50,30.51,0.0,45,137303,卖盘
11:17:54,30.52,0.01,21,64085,买盘
11:17:57,30.52,0.0,5,15260,买盘
11:18:00,30.52,0.0,105,320357,买盘
11:18:03,30.51,-0.01,10,30517,卖盘
11:18:05,30.5,-0.01,328,1000480,卖盘
11:18:09,30.5,0.0,41,125073,卖盘
11:18:12,30.5,0.0,163,497152,卖盘
11:18:15,30.5,0.0,23,70163,卖盘
11:18:18,30.5,0.0,22,67101,卖盘
11:18:21,30.49,-0.01,179,545784,卖盘
11:18:24,30.48,-0.01,23,70125,卖盘
11:18:26,30.48,0.0,3,9146,卖盘
11:18:30,30.48,0.0,24,73152,卖盘
11:18:31,30.48,0.0,20,60964,卖盘
11:18:36,30.46,-0.02,245,746579,卖盘
11:18:39,30.47,0.01,15,45705,买盘
11:18:42,30.46,-0.01,114,347251,卖盘
11:18:45,30.47,0.01,45,137115,买盘
11:18:48,30.47,0.0,99,301603,买盘
11:18:51,30.48,0.01,15,45715,买盘
11:18:54,30.47,-0.01,10,30479,卖盘
11:18:57,30.48,0.01,64,195058,中性盘
11:19:00,30.49,0.01,76,231681,买盘
11:19:03,30.48,-0.01,40,121924,卖盘
11:19:06,30.48,0.0,249,758847,卖盘
11:19:09,30.46,-0.02,47,143243,卖盘
11:19:12,30.48,0.02,82,249916,买盘
11:19:15,30.48,0.0,129,393084,买盘
11:19:18,30.48,0.0,27,82293,卖盘
11:19:21,30.46,-0.02,7,21332,卖盘
11:19:27,30.48,0.02,298,907919,买盘
11:19:30,30.48,0.0,60,182816,买盘
11:19:31,30.47,-0.01,16,48755,卖盘
11:19:36,30.48,0.01,99,301667,买盘
11:19:39,30.47,-0.01,17,51814,卖盘
11:19:42,30.47,0.0,298,908121,卖盘
11:19:45,30.48,0.01,68,207231,买盘
11:19:48,30.48,0.0,31,94483,买盘
11:19:50,30.48,0.0,35,106675,买盘
11:19:52,30.48,0.0,54,164594,卖盘
11:19:57,30.48,0.0,23,70104,买盘
11:20:01,30.48,0.0,101,307768,买盘
11:20:03,30.48,0.0,60,182802,卖盘
11:20:06,30.48,0.0,7,21333,买盘
11:20:07,30.47,-0.01,17,51799,中性盘
11:20:12,30.48,0.01,28,85317,买盘
11:20:15,30.46,-0.02,271,825585,卖盘
11:20:18,30.48,0.02,25,76192,买盘
11:20:21,30.47,-0.01,1125,3425958,卖盘
11:20:24,30.47,0.0,142,432732,卖盘
11:20:27,30.47,0.0,42,127981,卖盘
11:20:30,30.47,0.0,60,182823,卖盘
11:20:33,30.47,0.0,41,124943,卖盘
11:20:36,30.48,0.01,14,42663,买盘
11:20:39,30.48,0.0,8,24382,买盘
11:20:42,30.48,0.0,5,15240,买盘
11:20:45,30.48,0.0,10,30476,买盘
11:20:48,30.47,-0.01,46,140183,卖盘
11:20:51,30.47,0.0,108,329102,卖盘
11:20:54,30.48,0.01,23,70104,买盘
11:20:56,30.49,0.01,1,3049,买盘
11:20:58,30.49,0.0,13,39627,买盘
11:21:03,30.48,-0.01,2,6096,卖盘
11:21:06,30.48,0.0,30,91440,卖盘
11:21:09,30.48,0.0,21,64008,卖盘
11:21:12,30.48,0.0,22,67077,卖盘
11:21:15,30.49,0.01,196,597602,买盘
11:21:18,30.49,0.0,74,225616,买盘
11:21:21,30.5,0.01,103,314033,买盘
11:21:24,30.49,-0.01,104,317096,卖盘
11:21:26,30.48,-0.01,20,60979,卖盘
11:21:30,30.5,0.02,9,27450,买盘
11:21:35,30.49,-0.01,59,179912,卖盘
11:21:39,30.49,0.0,9,27441,卖盘
11:21:42,30.5,0.01,21,64046,买盘
11:21:43,30.49,-0.01,7,21349,卖盘
11:21:48,30.5,0.01,29,88444,买盘
11:21:49,30.5,0.0,65,198250,买盘
11:21:54,30.5,0.0,60,183000,买盘
11:21:57,30.49,-0.01,42,128101,卖盘
11:22:00,30.51,0.02,66,201350,买盘
11:22:03,30.5,-0.01,21,64064,卖盘
11:22:06,30.52,0.02,49,149548,买盘
11:22:09,30.52,0.0,67,204452,买盘
11:22:12,30.52,0.0,37,112924,买盘
11:22:13,30.52,0.0,40,122045,买盘
11:22:16,30.52,0.0,16,48832,买盘
11:22:19,30.52,0.0,67,204504,卖盘
11:22:27,30.52,0.0,49,149577,卖盘
11:22:30,30.52,0.0,56,170912,卖盘
11:22:32,30.52,0.0,28,85466,卖盘
11:22:36,30.53,0.01,12,36634,买盘
11:22:39,30.52,-0.01,46,140392,卖盘
11:22:42,30.53,0.01,27,82427,买盘
11:22:45,30.52,-0.01,36,109878,卖盘
11:22:48,30.52,0.0,335,1022540,卖盘
11:22:51,30.52,0.0,7,21365,卖盘
11:22:54,30.54,0.02,53,161808,买盘
11:22:56,30.52,-0.02,18,54937,卖盘
11:23:00,30.53,0.01,6,18320,卖盘
11:23:01,30.54,0.01,27,82432,买盘
11:23:06,30.53,-0.01,7,21371,卖盘
11:23:12,30.53,0.0,95,290039,卖盘
11:23:15,30.53,0.0,128,390779,买盘
11:23:16,30.52,-0.01,5,15264,卖盘
11:23:21,30.52,0.0,113,344908,卖盘
11:23:24,30.53,0.01,31,94644,买盘
11:23:27,30.52,-0.01,71,216741,卖盘
11:23:28,30.53,0.01,3,9159,买盘
11:23:31,30.53,0.0,19,58007,买盘
11:23:34,30.52,-0.01,38,115977,卖盘
11:23:39,30.52,0.0,22,67144,买盘
11:23:42,30.52,0.0,15,45780,买盘
11:23:45,30.52,0.0,25,76282,买盘
11:23:48,30.52,0.0,29,88490,买盘
11:23:51,30.51,-0.01,12,36617,卖盘
11:23:54,30.51,0.0,1,3051,买盘
11:23:57,30.5,-0.01,21,64054,卖盘
11:24:00,30.51,0.01,91,277569,买盘
11:24:03,30.51,0.0,103,314192,买盘
11:24:06,30.5,-0.01,8,24397,中性盘
11:24:09,30.5,0.0,52,158600,买盘
11:24:12,30.5,0.0,20,61000,买盘
11:24:14,30.51,0.01,185,564434,买盘
11:24:18,30.51,0.0,10,30510,卖盘
11:24:20,30.52,0.01,25,76291,买盘
11:24:24,30.52,0.0,3,9156,买盘
11:24:27,30.52,0.0,71,216690,买盘
11:24:30,30.52,0.0,64,195328,买盘
11:24:33,30.51,-0.01,42,128166,卖盘
11:24:36,30.51,0.0,113,344772,卖盘
11:24:37,30.52,0.01,8,24416,买盘
11:24:42,30.5,-0.02,1116,3404891,卖盘
11:24:44,30.51,0.01,15,45765,买盘
11:24:48,30.5,-0.01,45,137250,卖盘
11:24:49,30.51,0.01,15,45765,买盘
11:24:54,30.5,-0.01,21,64051,卖盘
11:24:56,30.51,0.01,9,27459,买盘
11:25:00,30.51,0.0,99,301953,买盘
11:25:03,30.5,-0.01,91,277551,卖盘
11:25:06,30.5,0.0,63,192122,买盘
11:25:09,30.5,0.0,67,204322,买盘
11:25:12,30.51,0.01,17,51851,买盘
11:25:15,30.5,-0.01,58,176956,中性盘
11:25:16,30.51,0.01,44,134219,买盘
11:25:21,30.5,-0.01,3,9152,卖盘
11:25:24,30.51,0.01,38,115930,买盘
11:25:27,30.5,-0.01,126,384300,卖盘
11:25:30,30.5,0.0,62,189082,买盘
11:25:31,30.5,0.0,2,6100,买盘
11:25:34,30.5,0.0,108,329300,买盘
11:25:39,30.5,0.0,9,27448,买盘
11:25:42,30.5,0.0,10,30500,买盘
11:25:45,30.49,-0.01,23,70135,卖盘
11:25:48,30.5,0.01,41,125018,买盘
11:25:50,30.49,-0.01,71,216499,卖盘
11:25:54,30.48,-0.01,79,240801,卖盘
11:25:57,30.48,0.0,40,121892,买盘
11:26:00,30.48,0.0,2,6096,买盘
11:26:03,30.48,0.0,48,146293,买盘
11:26:06,30.47,-0.01,55,167585,卖盘
11:26:09,30.47,0.0,28,85316,卖盘
11:26:12,30.47,0.0,128,390025,卖盘
11:26:15,30.46,-0.01,410,1248994,卖盘
11:26:18,30.46,0.0,48,146197,买盘
11:26:21,30.47,0.01,4,12187,买盘
11:26:24,30.46,-0.01,10,30467,卖盘
11:26:27,30.46,0.0,11,33512,中性盘
11:26:30,30.45,-0.01,25,76128,卖盘
11:26:33,30.46,0.01,14,42636,买盘
11:26:36,30.45,-0.01,54,164450,卖盘
11:26:39,30.46,0.01,19,57864,中性盘
11:26:42,30.45,-0.01,10,30455,卖盘
11:26:44,30.46,0.01,9,27416,买盘
11:26:46,30.47,0.01,12,36559,买盘
11:26:51,30.46,-0.01,2,6092,卖盘
11:26:52,30.47,0.01,276,840951,买盘
11:26:57,30.46,-0.01,151,460040,卖盘
11:26:58,30.48,0.02,32,97490,买盘
11:27:03,30.47,-0.01,41,124892,买盘
11:27:06,30.46,-0.01,266,810113,卖盘
11:27:07,30.48,0.02,8,24384,买盘
11:27:12,30.46,-0.02,219,666881,卖盘
11:27:15,30.48,0.02,47,143233,买盘
11:27:18,30.47,-0.01,33,100551,中性盘
11:27:21,30.46,-0.01,151,459980,卖盘
11:27:24,30.46,0.0,67,204054,买盘
11:27:27,30.46,0.0,24,73104,买盘
11:27:30,30.45,-0.01,91,277105,卖盘
11:27:33,30.45,0.0,21,63945,买盘
11:27:36,30.44,-0.01,194,590515,卖盘
11:27:39,30.44,0.0,14,42614,买盘
11:27:42,30.44,0.0,370,1126087,买盘
11:27:44,30.45,0.01,57,173535,买盘
11:27:48,30.44,-0.01,19,57836,卖盘
11:27:51,30.44,0.0,70,213080,卖盘
11:27:54,30.44,0.0,167,508239,卖盘
11:27:57,30.44,0.0,72,219160,买盘
11:28:00,30.44,0.0,39,118716,买盘
11:28:03,30.44,0.0,93,283021,买盘
11:28:06,30.45,0.01,101,307463,买盘
11:28:09,30.46,0.01,85,258826,买盘
11:28:12,30.44,-0.02,37,112621,卖盘
11:28:15,30.45,0.01,39,118755,买盘
11:28:18,30.44,-0.01,35,106540,卖盘
11:28:21,30.44,0.0,51,155244,卖盘
11:28:24,30.43,-0.01,6,18263,卖盘
11:28:27,30.45,0.02,62,188795,买盘
11:28:30,30.43,-0.02,35,106539,卖盘
11:28:33,30.46,0.03,18,54828,买盘
11:28:36,30.48,0.02,64,194943,买盘
11:28:37,30.42,-0.06,41,124765,卖盘
11:28:41,30.45,0.03,4,12182,卖盘
11:28:44,30.46,0.01,5,15229,买盘
11:28:48,30.47,0.01,42,127913,买盘
11:28:49,30.44,-0.03,17,51759,卖盘
11:28:54,30.45,0.01,10,30450,买盘
11:28:56,30.47,0.02,45,137084,买盘
11:29:00,30.47,0.0,27,82235,买盘
11:29:04,30.46,-0.01,5,15230,买盘
11:29:09,30.47,0.01,16,48746,买盘
11:29:11,30.46,-0.01,15,45693,卖盘
11:29:15,30.47,0.01,66,201058,买盘
11:29:18,30.46,-0.01,1,3046,中性盘
11:29:21,30.45,-0.01,10,30461,卖盘
11:29:24,30.45,0.0,6,18270,卖盘
11:29:27,30.47,0.02,28,85316,买盘
11:29:33,30.47,0.0,11,33517,买盘
11:29:36,30.47,0.0,66,201100,买盘
11:29:39,30.45,-0.02,112,341117,卖盘
11:29:41,30.47,0.02,49,149303,买盘
11:29:45,30.48,0.01,58,176707,买盘
11:29:46,30.47,-0.01,17,51799,卖盘
11:29:51,30.47,0.0,7,21329,卖盘
11:29:52,30.48,0.01,23,70089,买盘
11:29:57,30.5,0.02,351,1070249,买盘
11:29:58,30.5,0.0,26,79300,卖盘
13:00:00,30.52,0.02,311,948779,买盘
13:00:04,30.5,-0.02,1174,3582378,卖盘
13:00:07,30.51,0.01,235,717097,买盘
13:00:10,30.51,0.0,46,140376,卖盘
13:00:12,30.55,0.04,323,986144,买盘
13:00:15,30.55,0.0,354,1081234,买盘
13:00:18,30.55,0.0,265,809539,买盘
13:00:22,30.57,0.02,50,152804,买盘
13:00:25,30.56,-0.01,10,30560,中性盘
13:00:28,30.57,0.01,382,1167094,买盘
13:00:31,30.54,-0.03,323,987130,卖盘
13:00:35,30.54,0.0,53,161886,卖盘
13:00:37,30.54,0.0,2,6108,买盘
13:00:40,30.51,-0.03,16,47902,卖盘
13:00:43,30.52,0.01,185,564950,买盘
13:00:46,30.51,-0.01,41,125134,卖盘
13:00:49,30.52,0.01,29,88491,卖盘
13:00:52,30.52,0.0,79,241092,买盘
13:00:55,30.51,-0.01,47,143393,卖盘
13:00:58,30.5,-0.01,72,219585,卖盘
13:01:01,30.5,0.0,17,51635,买盘
13:01:04,30.48,-0.02,65,198194,卖盘
13:01:08,30.49,0.01,81,246891,买盘
13:01:09,30.49,0.0,6,18289,买盘
13:01:12,30.49,0.0,65,198131,买盘
13:01:16,30.49,0.0,14,42228,卖盘
13:01:22,30.48,-0.01,54,164585,买盘
13:01:25,30.46,-0.02,34,103579,卖盘
13:01:28,30.49,0.03,114,349741,买盘
13:01:31,30.48,-0.01,84,256025,买盘
13:01:34,30.48,0.0,10,30478,买盘
13:01:37,30.49,0.01,200,609621,买盘
13:01:40,30.49,0.0,1,3049,买盘
13:01:43,30.48,-0.01,28,85370,卖盘
13:01:46,30.48,0.0,38,115836,卖盘
13:01:49,30.48,0.0,6,18288,卖盘
13:01:51,30.49,0.01,66,201214,买盘
13:01:55,30.47,-0.02,44,134091,卖盘
13:01:58,30.48,0.01,33,100599,买盘
13:02:00,30.48,0.0,7,21331,买盘
13:02:04,30.48,0.0,41,124953,买盘
13:02:07,30.47,-0.01,10,30478,卖盘
13:02:10,30.47,0.0,28,84524,卖盘
13:02:12,30.47,0.0,58,177541,卖盘
13:02:15,30.47,0.0,6,18281,买盘
13:02:18,30.47,0.0,26,79218,买盘
13:02:22,30.47,0.0,27,82269,买盘
13:02:24,30.46,-0.01,10,30460,卖盘
13:02:28,30.47,0.01,28,85289,买盘
13:02:31,30.46,-0.01,35,106617,卖盘
13:02:34,30.46,0.0,35,104591,卖盘
13:02:37,30.45,-0.01,90,273955,卖盘
13:02:39,30.46,0.01,14,42641,买盘
13:02:43,30.46,0.0,29,88334,买盘
13:02:45,30.46,0.0,4,12184,买盘
13:02:48,30.45,-0.01,78,237510,卖盘
13:02:51,30.46,0.01,30,91380,买盘
13:02:55,30.46,0.0,5,15226,买盘
13:03:02,30.46,0.0,2,6091,买盘
13:03:04,30.45,-0.01,45,137060,卖盘
13:03:07,30.45,0.0,272,828248,卖盘
13:03:10,30.45,0.0,35,106585,卖盘
13:03:13,30.45,0.0,44,134010,卖盘
13:03:15,30.46,0.01,7,21320,买盘
13:03:17,30.45,-0.01,87,264915,卖盘
13:03:22,30.45,0.0,38,115736,卖盘
13:03:25,30.45,0.0,14,43459,卖盘
13:03:28,30.46,0.01,1,3046,买盘
13:03:31,30.46,0.0,7,21317,买盘
13:03:33,30.44,-0.02,60,181888,卖盘
13:03:37,30.45,0.01,9,27405,买盘
13:03:40,30.45,0.0,1,3045,买盘
13:03:43,30.44,-0.01,43,130924,卖盘
13:03:46,30.45,0.01,40,121748,买盘
13:03:49,30.46,0.01,221,672941,买盘
13:03:52,30.44,-0.02,22,66968,买盘
13:03:55,30.43,-0.01,1,3043,卖盘
13:03:58,30.43,0.0,13,39561,卖盘
13:04:00,30.44,0.01,129,392663,买盘
13:04:04,30.44,0.0,28,85232,买盘
13:04:07,30.43,-0.01,1,3043,卖盘
13:04:09,30.43,0.0,31,94346,卖盘
13:04:12,30.43,0.0,33,100442,卖盘
13:04:15,30.43,0.0,18,54781,卖盘
13:04:19,30.43,0.0,49,149107,卖盘
13:04:21,30.44,0.01,30,91318,买盘
13:04:25,30.43,-0.01,10,30430,卖盘
13:04:27,30.43,0.0,3,9129,卖盘
13:04:31,30.43,0.0,22,66946,卖盘
13:04:34,30.43,0.0,74,225225,卖盘
13:04:37,30.43,0.0,39,118677,卖盘
13:04:40,30.43,0.0,4,13511,卖盘
13:04:42,30.44,0.01,236,718374,买盘
13:04:45,30.43,-0.01,46,139993,卖盘
13:04:49,30.43,0.0,42,127806,卖盘
13:04:51,30.44,0.01,139,423010,买盘
13:04:58,30.44,0.0,5,15217,买盘
13:05:01,30.43,-0.01,6,18258,卖盘
13:05:03,30.44,0.01,26,79144,买盘
13:05:07,30.43,-0.01,221,672703,卖盘
13:05:10,30.44,0.01,5,15220,买盘
13:05:12,30.42,-0.02,381,1159494,卖盘
13:05:16,30.44,0.02,43,130892,中性盘
13:05:18,30.42,-0.02,361,1098781,卖盘
13:05:22,30.45,0.03,32,97433,买盘
13:05:25,30.44,-0.01,92,280051,卖盘
13:05:28,30.43,-0.01,11,33473,买盘
13:05:31,30.42,-0.01,23,69977,卖盘
13:05:34,30.43,0.01,24,73054,卖盘
13:05:36,30.43,0.0,1,3043,买盘
13:05:40,30.43,0.0,117,355928,买盘
13:05:43,30.43,0.0,66,200839,买盘
13:05:45,30.42,-0.01,53,159915,卖盘
13:05:48,30.41,-0.01,31,94271,卖盘
13:05:52,30.42,0.01,42,127764,买盘
13:05:55,30.41,-0.01,333,1012662,卖盘
13:05:58,30.41,0.0,61,185512,卖盘
13:06:00,30.42,0.01,20,60831,买盘
13:06:04,30.42,0.0,94,285886,买盘
13:06:06,30.41,-0.01,9,28555,卖盘
13:06:10,30.41,0.0,6,18247,卖盘
13:06:13,30.41,0.0,45,136868,卖盘
13:06:16,30.41,0.0,7,21291,卖盘
13:06:19,30.41,0.0,22,66902,卖盘
13:06:21,30.42,0.01,40,121663,买盘
13:06:25,30.4,-0.02,422,1282894,卖盘
13:06:28,30.41,0.01,12,36481,买盘
13:06:30,30.41,0.0,18,54735,买盘
13:06:34,30.4,-0.01,44,133783,卖盘
13:06:36,30.4,0.0,9,27360,买盘
13:06:40,30.39,-0.01,85,258353,卖盘
13:06:42,30.4,0.01,10,30400,买盘
13:06:46,30.4,0.0,54,164155,卖盘
13:06:48,30.4,0.0,24,72937,买盘
13:06:50,30.4,0.0,73,221873,买盘
13:06:54,30.4,0.0,73,221855,买盘
13:06:58,30.39,-0.01,19,57752,卖盘
13:07:01,30.4,0.01,222,674858,买盘
13:07:04,30.38,-0.02,33,100305,卖盘
13:07:07,30.39,0.01,77,233978,中性盘
13:07:09,30.38,-0.01,44,133672,卖盘
13:07:12,30.38,0.0,49,148885,卖盘
13:07:15,30.38,0.0,129,391912,卖盘
13:07:19,30.38,0.0,34,103293,卖盘
13:07:21,30.39,0.01,255,774916,买盘
13:07:24,30.38,-0.01,17,51647,卖盘
13:07:28,30.39,0.01,30,91141,买盘
13:07:31,30.39,0.0,77,233967,买盘
13:07:33,30.39,0.0,54,164097,买盘
13:07:37,30.38,-0.01,44,133672,卖盘
13:07:40,30.38,0.0,10,30380,卖盘
13:07:42,30.39,0.01,27,82053,买盘
13:07:46,30.38,-0.01,3,9114,卖盘
13:07:48,30.39,0.01,69,209663,买盘
13:07:51,30.38,-0.01,61,185392,卖盘
13:07:55,30.4,0.02,87,264296,买盘
13:07:57,30.38,-0.02,1,3038,卖盘
13:08:01,30.38,0.0,22,66836,卖盘
13:08:03,30.38,0.0,34,103324,卖盘
13:08:07,30.39,0.01,6,18234,中性盘
13:08:09,30.38,-0.01,5,15191,卖盘
13:08:12,30.39,0.01,40,121581,卖盘
13:08:15,30.38,-0.01,8,24309,卖盘
13:08:18,30.38,0.0,35,106331,卖盘
13:08:22,30.38,0.0,29,88316,买盘
13:08:25,30.39,0.01,63,191376,买盘
13:08:27,30.38,-0.01,2,6076,卖盘
13:08:30,30.38,0.0,14,42532,卖盘
13:08:34,30.39,0.01,23,69897,买盘
13:08:36,30.38,-0.01,224,680717,卖盘
13:08:40,30.39,0.01,151,458829,买盘
13:08:43,30.39,0.0,17,51660,买盘
13:08:45,30.39,0.0,15,45585,卖盘
13:08:48,30.39,0.0,39,118523,卖盘
13:08:52,30.39,0.0,46,139794,卖盘
13:08:54,30.39,0.0,30,91170,买盘
13:08:57,30.38,-0.01,19,57722,卖盘
13:09:00,30.38,0.0,73,221834,卖盘
13:09:03,30.38,0.0,405,1230627,卖盘
13:09:06,30.4,0.02,5,15192,买盘
13:09:10,30.38,-0.02,40,121520,卖盘
13:09:13,30.4,0.02,40,121566,买盘
13:09:16,30.37,-0.03,198,601517,卖盘
13:09:18,30.38,0.01,11,33418,买盘
13:09:21,30.38,0.0,34,103292,买盘
13:09:24,30.38,0.0,59,179196,买盘
13:09:28,30.38,0.0,130,394646,买盘
13:09:31,30.38,0.0,15,45558,买盘
13:09:34,30.38,0.0,40,121520,买盘
13:09:37,30.37,-0.01,4,12148,卖盘
13:09:39,30.37,0.0,2,6074,卖盘
13:09:42,30.38,0.01,88,267344,买盘
13:09:45,30.37,-0.01,27,82024,卖盘
13:09:49,30.37,0.0,117,355360,卖盘
13:09:52,30.38,0.01,91,276620,买盘
13:09:54,30.38,0.0,39,118463,卖盘
13:09:58,30.38,0.0,8,24304,卖盘
13:10:01,30.4,0.02,10,30388,买盘
13:10:04,30.4,0.0,72,218790,买盘
13:10:06,30.38,-0.02,12,36472,卖盘
13:10:09,30.39,0.01,19,57740,中性盘
13:10:12,30.4,0.01,70,212753,买盘
13:10:16,30.39,-0.01,72,218776,卖盘
13:10:19,30.4,0.01,117,355460,买盘
13:10:22,30.4,0.0,55,167158,买盘
13:10:25,30.39,-0.01,29,88140,中性盘
13:10:27,30.38,-0.01,231,701717,卖盘
13:10:31,30.37,-0.01,249,756219,卖盘
13:10:34,30.39,0.02,81,246121,买盘
13:10:37,30.38,-0.01,20,60761,卖盘
13:10:40,30.39,0.01,1,3039,买盘
13:10:42,30.38,-0.01,236,716813,卖盘
13:10:45,30.37,-0.01,405,1230638,卖盘
13:10:49,30.39,0.02,14,42545,中性盘
13:10:52,30.4,0.01,52,158103,中性盘
13:10:54,30.4,0.0,4,12160,卖盘
13:10:58,30.4,0.0,6,18240,卖盘
13:11:01,30.4,0.0,89,270560,卖盘
13:11:04,30.4,0.0,103,313096,买盘
13:11:07,30.41,0.01,115,349609,买盘
13:11:10,30.4,-0.01,2,6080,中性盘
13:11:12,30.39,-0.01,301,914404,卖盘
13:11:15,30.4,0.01,16,48636,买盘
13:11:19,30.36,-0.04,44,133618,卖盘
13:11:22,30.4,0.04,5,15197,买盘
13:11:25,30.39,-0.01,27,82057,卖盘
13:11:27,30.39,0.0,8,24313,卖盘
13:11:30,30.4,0.01,4,12160,买盘
13:11:33,30.39,-0.01,58,176290,卖盘
13:11:37,30.39,0.0,20,60780,卖盘
13:11:40,30.39,0.0,32,97249,卖盘
13:11:43,30.39,0.0,39,118492,买盘
13:11:46,30.39,0.0,2,6078,卖盘
13:11:48,30.4,0.01,16,48626,买盘
13:11:51,30.4,0.0,33,100316,买盘
13:11:54,30.4,0.0,31,94211,买盘
13:11:57,30.4,0.0,16,48628,买盘
13:12:00,30.4,0.0,2,6080,买盘
13:12:03,30.39,-0.01,38,115507,卖盘
13:12:07,30.39,0.0,6,18238,卖盘
13:12:09,30.38,-0.01,164,498288,卖盘
13:12:12,30.38,0.0,98,297724,买盘
13:12:15,30.4,0.02,8,24318,买盘
13:12:19,30.4,0.0,18,54688,买盘
13:12:21,30.41,0.01,28,85144,买盘
13:12:24,30.38,-0.03,185,562155,卖盘
13:12:28,30.38,0.0,109,331142,买盘
13:12:31,30.4,0.02,18,54700,买盘
13:12:34,30.38,-0.02,90,273464,卖盘
13:12:37,30.4,0.02,26,79002,买盘
13:12:43,30.39,-0.01,40,121559,买盘
13:12:46,30.4,0.01,6,18236,买盘
13:12:48,30.39,-0.01,63,191510,卖盘
13:12:51,30.4,0.01,50,151978,买盘
13:12:54,30.41,0.01,58,176366,买盘
13:12:56,30.39,-0.02,3,9117,卖盘
13:13:00,30.41,0.02,224,681244,买盘
13:13:03,30.41,0.0,45,136856,买盘
13:13:07,30.41,0.0,17,51690,卖盘
13:13:10,30.42,0.01,143,435000,买盘
13:13:12,30.41,-0.01,307,933712,卖盘
13:13:15,30.41,0.0,5,15205,买盘
13:13:19,30.42,0.01,339,1030909,买盘
13:13:21,30.43,0.01,13,39547,买盘
13:13:25,30.43,0.0,121,368018,卖盘
13:13:27,30.41,-0.02,17,51708,卖盘
13:13:31,30.42,0.01,43,130806,买盘
13:13:34,30.42,0.0,45,136891,买盘
13:13:37,30.43,0.01,4,12171,买盘
13:13:40,30.41,-0.02,310,943014,卖盘
13:13:42,30.42,0.01,59,179485,卖盘
13:13:46,30.43,0.01,54,164229,买盘
13:13:48,30.43,0.0,21,63903,买盘
13:13:52,30.44,0.01,23,70012,买盘
13:13:54,30.44,0.0,32,97377,买盘
13:13:57,30.44,0.0,19,57836,买盘
13:14:00,30.45,0.01,18,56102,买盘
13:14:03,30.45,0.0,26,79170,买盘
13:14:08,30.45,0.0,12,36540,买盘
13:14:12,30.45,0.0,55,167475,买盘
13:14:16,30.45,0.0,46,140073,卖盘
13:14:19,30.45,0.0,25,76125,卖盘
13:14:22,30.45,0.0,73,222312,卖盘
13:14:27,30.46,0.01,34,103546,买盘
13:14:30,30.46,0.0,2,6092,买盘
13:14:33,30.45,-0.01,97,295420,卖盘
13:14:37,30.45,0.0,2,6090,卖盘
13:14:42,30.46,0.01,35,106610,买盘
13:14:46,30.45,-0.01,558,1700448,卖盘
13:14:49,30.45,0.0,50,152252,卖盘
13:14:51,30.46,0.01,106,320370,买盘
13:14:53,30.46,0.0,12,36552,买盘
13:14:58,30.46,0.0,23,70058,买盘
13:15:01,30.46,0.0,67,204083,卖盘
13:15:04,30.47,0.01,24,73128,买盘
13:15:10,30.47,0.0,8,24376,买盘
13:15:12,30.47,0.0,48,146279,卖盘
13:15:15,30.48,0.01,9,27427,中性盘
13:15:17,30.47,-0.01,43,131024,卖盘
13:15:22,30.49,0.02,26,79274,买盘
13:15:24,30.49,0.0,1,3049,买盘
13:15:28,30.49,0.0,7,21343,买盘
13:15:31,30.49,0.0,29,88421,买盘
13:15:33,30.49,0.0,58,176843,卖盘
13:15:36,30.48,-0.01,30,91465,卖盘
13:15:39,30.5,0.02,75,228750,买盘
13:15:41,30.5,0.0,13,39650,卖盘
13:15:45,30.51,0.01,6,18306,买盘
13:15:49,30.5,-0.01,1,3050,卖盘
13:15:51,30.51,0.01,30,91524,买盘
13:15:54,30.5,-0.01,22,67100,卖盘
13:15:58,30.51,0.01,99,302036,买盘
13:16:00,30.52,0.01,18,54919,买盘
13:16:04,30.52,0.0,18,54936,买盘
13:16:06,30.52,0.0,45,137334,卖盘
13:16:10,30.55,0.03,540,1649197,买盘
13:16:12,30.51,-0.04,89,271688,卖盘
13:16:15,30.52,0.01,5,15260,卖盘
13:16:18,30.53,0.01,81,247293,买盘
13:16:21,30.54,0.01,81,247289,买盘
13:16:23,30.53,-0.01,8,24419,卖盘
13:16:30,30.52,-0.01,57,174001,卖盘
13:16:33,30.53,0.01,75,228952,买盘
13:16:37,30.53,0.0,17,51896,买盘
13:16:39,30.53,0.0,15,45795,买盘
13:16:43,30.53,0.0,26,79377,买盘
13:16:45,30.53,0.0,1,3053,卖盘
13:16:47,30.54,0.01,25,76328,买盘
13:16:51,30.54,0.0,212,647136,买盘
13:16:53,30.53,-0.01,3,9159,中性盘
13:16:57,30.52,-0.01,48,146534,卖盘
13:17:00,30.52,0.0,393,1200008,买盘
13:17:04,30.57,0.05,555,1695745,买盘
13:17:07,30.6,0.03,244,746239,买盘
13:17:09,30.52,-0.08,41,125181,卖盘
13:17:12,30.56,0.04,64,195546,中性盘
13:17:15,30.55,-0.01,87,265726,中性盘
13:17:17,30.55,0.0,34,103820,卖盘
13:17:20,30.55,0.0,6,18329,买盘
13:17:24,30.52,-0.03,54,164985,卖盘
13:17:28,30.55,0.03,44,134419,买盘
13:17:30,30.55,0.0,32,97757,卖盘
13:17:33,30.54,-0.01,59,180226,卖盘
13:17:36,30.55,0.01,4,12219,买盘
13:17:38,30.52,-0.03,23,72512,卖盘
13:17:42,30.54,0.02,179,546314,买盘
13:17:45,30.54,0.0,8,24432,买盘
13:17:47,30.54,0.0,1,3054,买盘
13:17:51,30.51,-0.03,110,334997,卖盘
13:17:54,30.51,0.0,37,112974,卖盘
13:17:57,30.53,0.02,19,58007,卖盘
13:18:01,30.53,0.0,66,201510,买盘
13:18:03,30.53,0.0,4,12212,买盘
13:18:07,30.53,0.0,7,21371,卖盘
13:18:09,30.53,0.0,11,33583,卖盘
13:18:12,30.53,0.0,25,76348,卖盘
13:18:16,30.54,0.01,17,51911,买盘
13:18:18,30.53,-0.01,44,134332,卖盘
13:18:21,30.53,0.0,84,256366,卖盘
13:18:24,30.54,0.01,73,222921,买盘
13:18:28,30.53,-0.01,26,79378,卖盘
13:18:31,30.51,-0.02,75,229003,卖盘
13:18:33,30.54,0.03,23,70190,买盘
13:18:37,30.53,-0.01,1,3053,卖盘
13:18:39,30.53,0.0,3,9160,卖盘
13:18:43,30.54,0.01,91,277843,买盘
13:18:45,30.54,0.0,8,24431,买盘
13:18:48,30.53,-0.01,21,64113,卖盘
13:18:51,30.53,0.0,37,111491,买盘
13:18:54,30.53,0.0,32,97694,买盘
13:18:57,30.53,0.0,16,48841,买盘
13:19:00,30.53,0.0,10,30525,买盘
13:19:03,30.53,0.0,25,76325,买盘
13:19:06,30.52,-0.01,27,83870,卖盘
13:19:08,30.54,0.02,140,427357,买盘
13:19:12,30.52,-0.02,38,115967,买盘
13:19:15,30.52,0.0,15,45777,买盘
13:19:18,30.52,0.0,14,42728,卖盘
13:19:21,30.52,0.0,48,146496,买盘
13:19:24,30.52,0.0,3,9156,卖盘
13:19:27,30.52,0.0,3,9156,卖盘
13:19:30,30.51,-0.01,55,167838,卖盘
13:19:33,30.53,0.02,28,85481,买盘
13:19:36,30.53,0.0,23,70183,中性盘
13:19:42,30.53,0.0,22,67166,买盘
13:19:45,30.53,0.0,10,30530,卖盘
13:19:48,30.53,0.0,16,48850,卖盘
13:19:51,30.53,0.0,62,189309,卖盘
13:19:54,30.53,0.0,9,27477,卖盘
13:19:58,30.53,0.0,5,15265,卖盘
13:20:01,30.53,0.0,38,116020,卖盘
13:20:03,30.53,0.0,107,326671,买盘
13:20:06,30.53,0.0,1,3053,买盘
13:20:09,30.53,0.0,10,30530,买盘
13:20:13,30.52,-0.01,30,91584,卖盘
13:20:15,30.53,0.01,46,140428,买盘
13:20:18,30.53,0.0,5,15265,买盘
13:20:21,30.53,0.0,31,94623,买盘
13:20:25,30.53,0.0,8,24424,卖盘
13:20:26,30.55,0.02,421,1284431,买盘
13:20:30,30.55,0.0,43,131366,卖盘
13:20:33,30.55,0.0,25,76398,卖盘
13:20:40,30.55,0.0,41,125256,卖盘
13:20:42,30.56,0.01,36,110016,买盘
13:20:45,30.56,0.0,59,180276,卖盘
13:20:48,30.55,-0.01,3,9165,卖盘
13:20:51,30.56,0.01,47,143632,买盘
13:20:54,30.56,0.0,53,161951,买盘
13:20:57,30.56,0.0,1,3056,买盘
13:21:01,30.56,0.0,38,116092,买盘
13:21:03,30.55,-0.01,61,186394,卖盘
13:21:07,30.55,0.0,61,188524,卖盘
13:21:09,30.54,-0.01,17,51216,卖盘
13:21:12,30.55,0.01,30,91643,买盘
13:21:14,30.55,0.0,2,6109,买盘
13:21:19,30.55,0.0,47,142772,买盘
13:21:21,30.55,0.0,32,97752,买盘
13:21:24,30.53,-0.02,27,83209,卖盘
13:21:27,30.54,0.01,8,23662,买盘
13:21:29,30.54,0.0,32,97728,卖盘
13:21:32,30.56,0.02,32,98417,买盘
13:21:36,30.55,-0.01,52,158860,卖盘
13:21:39,30.55,0.0,8,24440,卖盘
13:21:42,30.56,0.01,43,131392,买盘
13:21:45,30.55,-0.01,132,403265,卖盘
13:21:48,30.54,-0.01,62,189211,卖盘
13:21:51,30.51,-0.03,87,265512,卖盘
13:21:54,30.5,-0.01,70,213666,卖盘
13:21:57,30.5,0.0,3,9150,卖盘
13:22:01,30.54,0.04,138,421641,买盘
13:22:03,30.54,0.0,1,3054,买盘
13:22:06,30.54,0.0,59,180127,买盘
13:22:09,30.51,-0.03,16,48828,卖盘
13:22:13,30.53,0.02,233,710800,中性盘
13:22:15,30.54,0.01,20,61072,买盘
13:22:18,30.53,-0.01,2,6106,卖盘
13:22:20,30.54,0.01,22,67178,买盘
13:22:24,30.53,-0.01,65,198486,卖盘
13:22:27,30.53,0.0,8,24424,买盘
13:22:30,30.53,0.0,3,9159,买盘
13:22:34,30.53,0.0,64,195390,买盘
13:22:36,30.53,0.0,9,27477,买盘
13:22:41,30.53,0.0,41,125173,买盘
13:22:44,30.52,-0.01,110,335762,卖盘
13:22:48,30.52,0.0,8,24416,买盘
13:22:50,30.51,-0.01,85,259372,卖盘
13:22:54,30.51,0.0,7,21357,买盘
13:22:57,30.51,0.0,74,225802,买盘
13:23:00,30.52,0.01,17,51870,买盘
13:23:02,30.54,0.02,14,42732,买盘
13:23:06,30.51,-0.03,65,198340,卖盘
13:23:09,30.53,0.02,14,42738,买盘
13:23:11,30.52,-0.01,30,91584,卖盘
13:23:16,30.53,0.01,4,12212,买盘
13:23:18,30.52,-0.01,13,39682,卖盘
13:23:21,30.52,0.0,87,265513,卖盘
13:23:23,30.52,0.0,14,42733,卖盘
13:23:27,30.55,0.03,568,1734960,买盘
13:23:29,30.55,0.0,81,247455,卖盘
13:23:33,30.55,0.0,87,265808,卖盘
13:23:36,30.55,0.0,32,97760,卖盘
13:23:39,30.56,0.01,2,6112,买盘
13:23:41,30.55,-0.01,858,2623192,卖盘
13:23:45,30.56,0.01,5,15278,中性盘
13:23:48,30.57,0.01,32,97796,买盘
13:23:51,30.57,0.0,19,58023,买盘
13:23:54,30.57,0.0,29,88653,卖盘
13:23:57,30.57,0.0,2,6114,卖盘
13:23:59,30.58,0.01,12,36690,买盘
13:24:02,30.57,-0.01,115,351584,卖盘
13:24:06,30.58,0.01,7,21406,买盘
13:24:10,30.58,0.0,17,51986,买盘
13:24:12,30.57,-0.01,58,177329,卖盘
13:24:14,30.58,0.01,45,137610,买盘
13:24:17,30.58,0.0,14,42799,买盘
13:24:20,30.58,0.0,38,116204,买盘
13:24:24,30.57,-0.01,34,103951,卖盘
13:24:27,30.57,0.0,12,36684,卖盘
13:24:30,30.57,0.0,14,42811,卖盘
13:24:33,30.57,0.0,51,155932,卖盘
13:24:36,30.56,-0.01,11,33616,卖盘
13:24:39,30.56,0.0,33,100849,卖盘
13:24:42,30.56,0.0,50,152843,卖盘
13:24:45,30.56,0.0,44,134471,卖盘
13:24:48,30.57,0.01,24,73371,卖盘
13:24:51,30.58,0.01,15,45860,买盘
13:24:54,30.56,-0.02,42,128419,卖盘
13:24:57,30.57,0.01,1,3057,买盘
13:25:00,30.57,0.0,2,6114,买盘
13:25:03,30.56,-0.01,47,143666,卖盘
13:25:06,30.57,0.01,4,12225,买盘
13:25:12,30.55,-0.02,70,213914,卖盘
13:25:15,30.56,0.01,5,15280,买盘
13:25:17,30.55,-0.01,3,9166,卖盘
13:25:21,30.56,0.01,83,253612,买盘
13:25:24,30.56,0.0,9,27497,买盘
13:25:27,30.55,-0.01,249,760104,卖盘
13:25:30,30.53,-0.02,9,27479,卖盘
13:25:33,30.55,0.02,38,116088,买盘
13:25:39,30.54,-0.01,13,39702,卖盘
13:25:42,30.55,0.01,30,91650,买盘
13:25:45,30.55,0.0,12,36660,买盘
13:25:47,30.55,0.0,6,18330,买盘
13:25:51,30.55,0.0,73,222966,买盘
13:25:53,30.54,-0.01,18,54972,卖盘
13:26:00,30.54,0.0,2,6138,买盘
13:26:02,30.53,-0.01,41,125199,卖盘
13:26:06,30.54,0.01,18,54973,卖盘
13:26:09,30.54,0.0,2,6108,卖盘
13:26:12,30.54,0.0,66,201632,卖盘
13:26:15,30.54,0.0,17,51922,卖盘
13:26:18,30.54,0.0,35,106901,卖盘
13:26:21,30.54,0.0,49,149695,卖盘
13:26:24,30.54,0.0,706,2156128,卖盘
13:26:27,30.56,0.02,30,91638,买盘
13:26:30,30.55,-0.01,25,76365,中性盘
13:26:32,30.55,0.0,74,226054,买盘
13:26:36,30.54,-0.01,45,137422,卖盘
13:26:39,30.52,-0.02,40,122150,卖盘
13:26:42,30.54,0.02,30,91647,中性盘
13:26:45,30.54,0.0,4,12216,卖盘
13:26:48,30.55,0.01,18,55070,买盘
13:26:51,30.54,-0.01,25,76373,卖盘
13:26:54,30.54,0.0,15,45718,卖盘
13:26:57,30.54,0.0,290,885660,买盘
13:27:00,30.54,0.0,75,228945,买盘
13:27:03,30.54,0.0,39,119102,买盘
13:27:05,30.52,-0.02,13,39687,卖盘
13:27:08,30.52,0.0,1,3052,卖盘
13:27:11,30.53,0.01,16,48848,买盘
13:27:15,30.53,0.0,26,79382,卖盘
13:27:18,30.53,0.0,14,42742,买盘
13:27:21,30.53,0.0,35,106855,买盘
13:27:24,30.53,0.0,54,164874,买盘
13:27:27,30.53,0.0,2,6106,卖盘
13:27:30,30.53,0.0,13,39689,卖盘
13:27:33,30.54,0.01,33,100777,买盘
13:27:35,30.52,-0.02,60,183176,卖盘
13:27:39,30.53,0.01,7,21371,卖盘
13:27:42,30.52,-0.01,190,579959,卖盘
13:27:45,30.52,0.0,49,149579,卖盘
13:27:48,30.52,0.0,111,338773,卖盘
13:27:51,30.53,0.01,27,82426,买盘
13:27:53,30.53,0.0,49,149603,卖盘
13:27:56,30.54,0.01,20,61075,买盘
13:28:00,30.54,0.0,39,119068,买盘
13:28:03,30.54,0.0,37,112998,买盘
13:28:09,30.53,-0.01,18,54954,卖盘
13:28:12,30.54,0.01,23,70242,买盘
13:28:15,30.54,0.0,4,12216,买盘
13:28:18,30.53,-0.01,30,91590,卖盘
13:28:21,30.54,0.01,127,387894,买盘
13:28:24,30.53,-0.01,38,116048,卖盘
13:28:33,30.55,0.02,30,91644,买盘
13:28:42,30.55,0.0,33,100809,买盘
13:28:46,30.55,0.0,58,177136,买盘
13:28:48,30.55,0.0,22,67208,买盘
13:28:51,30.55,0.0,25,76375,买盘
13:28:54,30.55,0.0,53,161872,买盘
13:28:57,30.55,0.0,4,12220,买盘
13:28:59,30.55,0.0,51,155805,买盘
13:29:02,30.55,0.0,35,106915,买盘
13:29:06,30.54,-0.01,31,94674,卖盘
13:29:09,30.52,-0.02,18,55059,卖盘
13:29:12,30.55,0.03,29,88590,买盘
13:29:14,30.55,0.0,9,27493,买盘
13:29:18,30.55,0.0,52,158860,买盘
13:29:21,30.55,0.0,212,647833,买盘
13:29:24,30.55,0.0,41,125264,卖盘
13:29:26,30.54,-0.01,22,67197,卖盘
13:29:33,30.55,0.01,32,97760,买盘
13:29:36,30.55,0.0,1,3055,买盘
13:29:38,30.55,0.0,17,51935,买盘
13:29:42,30.56,0.01,28,85565,买盘
13:29:45,30.56,0.0,7,21391,买盘
13:29:48,30.55,-0.01,10,30550,卖盘
13:29:51,30.56,0.01,23,70288,买盘
13:29:54,30.56,0.0,7,21392,买盘
13:30:01,30.56,0.0,4,12224,买盘
13:30:03,30.56,0.0,26,79456,买盘
13:30:06,30.56,0.0,33,100816,买盘
13:30:11,30.54,-0.02,115,351321,卖盘
13:30:16,30.55,0.01,31,94677,买盘
13:30:17,30.54,-0.01,1,2077,卖盘
13:30:21,30.55,0.01,34,103870,买盘
13:30:24,30.54,-0.01,28,85517,卖盘
13:30:27,30.55,0.01,7,21385,买盘
13:30:30,30.55,0.0,28,85540,买盘
13:30:33,30.54,-0.01,34,103859,卖盘
13:30:39,30.55,0.01,32,97760,买盘
13:30:41,30.55,0.0,71,216905,买盘
13:30:46,30.55,0.0,11,33605,卖盘
13:30:47,30.55,0.0,1,3055,卖盘
13:30:51,30.56,0.01,104,317824,买盘
13:30:54,30.56,0.0,20,61120,卖盘
13:31:00,30.57,0.01,2,6114,买盘
13:31:03,30.56,-0.01,92,281182,卖盘
13:31:05,30.56,0.0,3,9166,买盘
13:31:08,30.57,0.01,121,369811,买盘
13:31:13,30.55,-0.02,123,375813,卖盘
13:31:14,30.56,0.01,24,73325,买盘
13:31:17,30.54,-0.02,68,208683,卖盘
13:31:21,30.54,0.0,53,161862,买盘
13:31:24,30.54,0.0,17,51916,买盘
13:31:27,30.54,0.0,14,42756,买盘
13:31:30,30.55,0.01,54,163981,买盘
13:31:33,30.55,0.0,74,226070,卖盘
13:31:36,30.56,0.01,26,79431,中性盘
13:31:39,30.55,-0.01,52,158872,卖盘
13:31:43,30.55,0.0,47,143613,卖盘
13:31:45,30.56,0.01,33,100844,中性盘
13:31:48,30.57,0.01,628,1920214,买盘
13:31:50,30.59,0.02,111,339413,买盘
13:31:53,30.59,0.0,20,61143,买盘
13:31:57,30.57,-0.02,28,85597,卖盘
13:32:00,30.57,0.0,552,1688833,买盘
13:32:02,30.58,0.01,8,24459,买盘
13:32:06,30.6,0.02,188,575275,买盘
13:32:09,30.6,0.0,331,1012831,买盘
13:32:12,30.59,-0.01,33,100971,卖盘
13:32:15,30.6,0.01,11,33656,买盘
13:32:18,30.59,-0.01,830,2541075,卖盘
13:32:21,30.6,0.01,41,125469,卖盘
13:32:24,30.6,0.0,37,113229,卖盘
13:32:27,30.63,0.03,58,177495,买盘
13:32:29,30.61,-0.02,57,174577,卖盘
13:32:33,30.63,0.02,23,70435,买盘
13:32:36,30.61,-0.02,28,85728,卖盘
13:32:39,30.63,0.02,31,94943,买盘
13:32:41,30.63,0.0,72,220520,卖盘
13:32:44,30.63,0.0,39,119462,卖盘
13:32:48,30.63,0.0,42,128650,卖盘
13:32:51,30.64,0.01,59,180665,买盘
13:32:57,30.62,-0.02,32,98022,卖盘
13:33:01,30.63,0.01,5,15313,买盘
13:33:03,30.62,-0.01,265,811234,卖盘
13:33:06,30.62,0.0,2,6124,卖盘
13:33:12,30.62,0.0,21,64314,卖盘
13:33:15,30.63,0.01,260,796155,买盘
13:33:17,30.63,0.0,57,174587,买盘
13:33:21,30.62,-0.01,145,444130,卖盘
13:33:24,30.63,0.01,90,275637,买盘
13:33:27,30.63,0.0,10,30631,卖盘
13:33:30,30.64,0.01,334,1023056,买盘
13:33:33,30.63,-0.01,27,82697,中性盘
13:33:36,30.63,0.0,48,147024,卖盘
13:33:39,30.63,0.0,116,355346,买盘
13:33:42,30.63,0.0,8,24505,卖盘
13:33:46,30.63,0.0,221,676742,卖盘
13:33:48,30.63,0.0,818,2508082,卖盘
13:33:51,30.63,0.0,1,3063,买盘
13:33:56,30.62,-0.01,12,36755,卖盘
13:34:01,30.63,0.01,4,12252,买盘
13:34:02,30.62,-0.01,46,140855,卖盘
13:34:05,30.62,0.0,24,73504,卖盘
13:34:08,30.62,0.0,11,33682,卖盘
13:34:16,30.62,0.0,19,58187,卖盘
13:34:18,30.62,0.0,268,820623,卖盘
13:34:21,30.62,0.0,65,199022,买盘
13:34:24,30.62,0.0,3,9186,买盘
13:34:30,30.61,-0.01,12,37171,卖盘
13:34:33,30.61,0.0,10,30619,卖盘
13:34:36,30.61,0.0,19,58161,卖盘
13:34:42,30.62,0.01,525,1606747,买盘
13:34:46,30.62,0.0,115,351941,买盘
13:34:48,30.61,-0.01,17,52035,中性盘
13:34:51,30.61,0.0,2,6122,买盘
13:34:53,30.6,-0.01,2,6120,卖盘
13:35:01,30.61,0.01,1,3061,买盘
13:35:03,30.6,-0.01,25,76503,卖盘
13:35:07,30.61,0.01,15,45905,买盘
13:35:10,30.6,-0.01,77,235620,卖盘
13:35:12,30.6,0.0,23,70400,卖盘
13:35:14,30.61,0.01,5,15305,买盘
13:35:18,30.6,-0.01,7,21420,卖盘
13:35:21,30.61,0.01,1,3061,买盘
13:35:25,30.61,0.0,3,9182,买盘
13:35:28,30.6,-0.01,32,97938,卖盘
13:35:31,30.6,0.0,6,18362,卖盘
13:35:33,30.6,0.0,5,15300,卖盘
13:35:37,30.6,0.0,5,15303,卖盘
13:35:38,30.6,0.0,144,440678,卖盘
13:35:43,30.61,0.01,7,21422,买盘
13:35:46,30.61,0.0,16,48964,买盘
