time,price,change,volume,amount,type
09:25:01,27.7,-2.94,42956,118989727,卖盘
09:30:01,27.9,0.2,4378,12194844,买盘
09:30:04,27.85,-0.05,10785,30073289,卖盘
09:30:07,27.95,0.1,7627,21249376,卖盘
09:30:10,27.8,-0.15,5952,16562832,卖盘
09:30:12,28.5,0.7,4172,11619213,买盘
09:30:15,28.36,-0.14,1444,4052792,中性盘
09:30:19,28.35,-0.01,803,2277301,卖盘
09:30:22,28.35,0.0,676,1913494,卖盘
09:30:25,28.35,0.0,1164,3274200,买盘
09:30:28,28.09,-0.26,1594,4473575,卖盘
09:30:31,28.35,0.26,1487,4174428,买盘
09:30:34,28.5,0.15,725,2060333,买盘
09:30:36,28.32,-0.18,947,2687370,卖盘
09:30:39,28.5,0.18,3552,10003591,买盘
09:30:43,28.5,0.0,1648,4693562,买盘
09:30:46,28.41,-0.09,634,1807275,卖盘
09:30:48,28.5,0.09,680,1942259,卖盘
09:30:52,28.44,-0.06,597,1699131,卖盘
09:30:55,28.41,-0.03,1031,2937473,卖盘
09:30:58,28.53,0.12,412,1173818,买盘
09:31:01,28.5,-0.03,1628,4633996,卖盘
09:31:04,28.4,-0.1,1967,5605264,中性盘
09:31:07,28.6,0.2,2066,5905428,买盘
09:31:09,28.41,-0.19,1456,4152122,卖盘
09:31:13,28.57,0.16,1091,3104084,买盘
09:31:16,28.5,-0.07,712,2033958,卖盘
09:31:19,28.6,0.1,1107,3163774,买盘
09:31:22,28.64,0.04,1011,2893522,买盘
09:31:25,28.8,0.16,1217,3502431,买盘
09:31:28,28.71,-0.09,304,875330,卖盘
09:31:31,28.71,0.0,504,1448769,卖盘
09:31:33,28.71,0.0,345,991766,卖盘
09:31:37,28.99,0.28,869,2506971,买盘
09:31:40,28.8,-0.19,487,1408983,卖盘
09:31:43,28.87,0.07,898,2588462,买盘
09:31:46,28.8,-0.07,1516,4374612,卖盘
09:31:49,28.9,0.1,231,666420,买盘
09:31:52,28.81,-0.09,1289,3725983,卖盘
09:31:55,28.8,-0.01,1163,3353241,卖盘
09:31:58,28.79,-0.01,1268,3651189,中性盘
09:32:01,28.71,-0.08,501,1442761,卖盘
09:32:04,28.8,0.09,975,2804538,买盘
09:32:07,28.81,0.01,1000,2880160,买盘
09:32:10,28.71,-0.1,316,910141,卖盘
09:32:13,28.8,0.09,788,2267227,买盘
09:32:16,28.77,-0.03,1468,4215479,卖盘
09:32:19,28.7,-0.07,631,1811509,卖盘
09:32:22,28.7,0.0,478,1372391,买盘
09:32:24,28.71,0.01,427,1226872,买盘
09:32:28,28.71,0.0,1540,4421410,卖盘
09:32:31,28.69,-0.02,686,1970197,中性盘
09:32:33,28.77,0.08,1135,3264875,买盘
09:32:37,28.75,-0.02,689,1982253,卖盘
09:32:40,28.79,0.04,1025,2944202,买盘
09:32:43,28.73,-0.06,783,2250280,卖盘
09:32:46,28.7,-0.03,951,2734053,买盘
09:32:49,28.67,-0.03,837,2405635,卖盘
09:32:52,28.7,0.03,503,1439770,买盘
09:32:55,28.6,-0.1,213,609835,卖盘
09:32:57,28.65,0.05,610,1749481,买盘
09:33:01,28.51,-0.14,1041,2971149,卖盘
09:33:04,28.5,-0.01,825,2355162,卖盘
09:33:07,28.57,0.07,975,2782659,中性盘
09:33:10,28.58,0.01,837,2389373,买盘
09:33:13,28.5,-0.08,1114,3178500,卖盘
09:33:16,28.5,0.0,895,2549123,买盘
09:33:18,28.5,0.0,815,2322581,买盘
09:33:21,28.5,0.0,1383,3942944,买盘
09:33:25,28.5,0.0,935,2664500,买盘
09:33:28,28.49,-0.01,1927,5491158,卖盘
09:33:31,28.41,-0.08,1734,4939788,卖盘
09:33:34,28.48,0.07,605,1721358,买盘
09:33:37,28.41,-0.07,245,697469,卖盘
09:33:39,28.48,0.07,1008,2865847,买盘
09:33:43,28.4,-0.08,638,1814228,卖盘
09:33:46,28.41,0.01,1101,3127034,买盘
09:33:49,28.48,0.07,1819,5172176,买盘
09:33:51,28.4,-0.08,1280,3635895,卖盘
09:33:55,28.47,0.07,689,1961636,买盘
09:33:58,28.49,0.02,911,2593888,买盘
09:34:01,28.49,0.0,2288,6518932,买盘
09:34:03,28.42,-0.07,2028,5775720,卖盘
09:34:07,28.47,0.05,817,2322994,买盘
09:34:10,28.48,0.01,1590,4519248,买盘
09:34:13,28.4,-0.08,630,1791847,卖盘
09:34:15,28.4,0.0,830,2357154,买盘
09:34:19,28.39,-0.01,778,2209423,卖盘
09:34:22,28.4,0.01,751,2132562,买盘
09:34:25,28.39,-0.01,832,2361897,卖盘
09:34:27,28.38,-0.01,1136,3225032,卖盘
09:34:30,28.38,0.0,691,1961447,卖盘
09:34:34,28.38,0.0,810,2298795,买盘
09:34:37,28.37,-0.01,500,1419048,卖盘
09:34:40,28.37,0.0,635,1801930,中性盘
09:34:43,28.36,-0.01,518,1469391,卖盘
09:34:46,28.36,0.0,484,1372885,卖盘
09:34:49,28.36,0.0,730,2070327,卖盘
09:34:52,28.33,-0.03,463,1312861,卖盘
09:34:54,28.31,-0.02,354,1003041,卖盘
09:34:58,28.33,0.02,525,1487334,中性盘
09:35:01,28.37,0.04,2953,8374187,买盘
09:35:04,28.38,0.01,539,1529212,买盘
09:35:07,28.4,0.02,898,2548797,买盘
09:35:10,28.37,-0.03,2216,6292791,卖盘
09:35:12,28.43,0.06,655,1859223,买盘
09:35:16,28.45,0.02,2009,5705901,买盘
09:35:19,28.45,0.0,598,1700731,买盘
09:35:22,28.42,-0.03,1202,3420669,卖盘
09:35:25,28.49,0.07,508,1444401,买盘
09:35:28,28.46,-0.03,639,1819078,卖盘
09:35:31,28.49,0.03,614,1747811,买盘
09:35:34,28.47,-0.02,596,1697704,中性盘
09:35:37,28.49,0.02,491,1398968,买盘
09:35:40,28.5,0.01,732,2085520,买盘
09:35:43,28.47,-0.03,3163,9014221,卖盘
09:35:46,28.48,0.01,554,1578203,中性盘
09:35:49,28.51,0.03,666,1897744,买盘
09:35:51,28.49,-0.02,578,1647339,卖盘
09:35:55,28.54,0.05,296,844025,买盘
09:35:58,28.52,-0.02,412,1174773,卖盘
09:36:01,28.58,0.06,312,891215,买盘
09:36:04,28.56,-0.02,312,891504,卖盘
09:36:07,28.56,0.0,365,1041324,卖盘
09:36:10,28.58,0.02,1140,3256590,买盘
09:36:13,28.56,-0.02,385,1100140,卖盘
09:36:16,28.54,-0.02,396,1130870,中性盘
09:36:18,28.59,0.05,1111,3175192,买盘
09:36:22,28.6,0.01,223,637762,买盘
09:36:25,28.6,0.0,321,918068,卖盘
09:36:27,28.63,0.03,324,926884,买盘
09:36:31,28.59,-0.04,1526,4366969,卖盘
09:36:34,28.6,0.01,927,2651003,买盘
09:36:37,28.6,0.0,986,2821289,买盘
09:36:40,28.6,0.0,1870,5347413,卖盘
09:36:42,28.61,0.01,2061,5883075,买盘
09:36:46,28.6,-0.01,577,1650417,中性盘
09:36:48,28.6,0.0,724,2070786,买盘
09:36:52,28.6,0.0,649,1855866,买盘
09:36:55,28.61,0.01,671,1919741,买盘
09:36:58,28.6,-0.01,877,2509802,卖盘
09:37:01,28.63,0.03,832,2379605,买盘
09:37:03,28.6,-0.03,512,1464011,卖盘
09:37:06,28.65,0.05,626,1793363,买盘
09:37:10,28.68,0.03,471,1349741,买盘
09:37:13,28.65,-0.03,456,1306956,卖盘
09:37:17,28.69,0.04,268,768912,买盘
09:37:18,28.7,0.01,538,1543434,买盘
09:37:22,28.64,-0.06,780,2238019,卖盘
09:37:25,28.72,0.08,485,1392044,买盘
09:37:28,28.72,0.0,449,1289751,卖盘
09:37:31,28.72,0.0,310,890642,卖盘
09:37:35,28.77,0.05,1335,3836517,买盘
09:37:37,28.77,0.0,1059,3045496,买盘
09:37:40,28.78,0.01,652,1876071,买盘
09:37:43,28.77,-0.01,1675,4819219,中性盘
09:37:46,28.8,0.03,736,2119397,买盘
09:37:49,28.81,0.01,1277,3676032,买盘
09:37:52,28.83,0.02,785,2261371,买盘
09:37:55,28.83,0.0,149,429679,卖盘
09:37:58,28.85,0.02,128,369306,买盘
09:38:01,28.88,0.03,1047,3021240,买盘
09:38:04,28.86,-0.02,313,904343,卖盘
09:38:07,28.89,0.03,842,2433148,中性盘
09:38:10,28.95,0.06,326,942157,买盘
09:38:13,28.93,-0.02,301,870747,卖盘
09:38:16,28.95,0.02,489,1414163,买盘
09:38:19,28.98,0.03,289,836901,买盘
09:38:22,28.96,-0.02,733,2122103,中性盘
09:38:25,28.98,0.02,706,2045251,买盘
09:38:28,28.98,0.0,382,1106777,买盘
09:38:32,28.96,-0.02,429,1242431,卖盘
09:38:34,28.97,0.01,568,1644958,买盘
09:38:37,28.95,-0.02,496,1436450,卖盘
09:38:40,28.96,0.01,1369,3966270,买盘
09:38:43,28.96,0.0,141,408088,买盘
09:38:46,28.96,0.0,353,1022073,买盘
09:38:49,28.95,-0.01,469,1357096,中性盘
09:38:52,28.96,0.01,546,1580763,买盘
09:38:55,28.95,-0.01,147,425453,买盘
09:38:57,28.95,0.0,751,2174193,买盘
09:39:01,28.91,-0.04,777,2247084,卖盘
09:39:04,28.95,0.04,761,2200293,买盘
09:39:07,28.92,-0.03,430,1244295,中性盘
09:39:10,28.91,-0.01,398,1151973,卖盘
09:39:12,28.89,-0.02,463,1337816,卖盘
09:39:16,28.9,0.01,249,719505,买盘
09:39:19,28.88,-0.02,253,731137,卖盘
09:39:22,28.88,0.0,197,568931,买盘
09:39:24,28.86,-0.02,371,1070959,卖盘
09:39:28,28.85,-0.01,947,2730869,卖盘
09:39:31,28.85,0.0,1500,4322465,买盘
09:39:34,28.8,-0.05,324,933590,卖盘
09:39:37,28.8,0.0,959,2763205,买盘
09:39:40,28.81,0.01,469,1350377,买盘
09:39:43,28.8,-0.01,390,1122950,卖盘
09:39:46,28.75,-0.05,546,1571137,卖盘
09:39:49,28.75,0.0,323,928616,买盘
09:39:52,28.73,-0.02,308,885746,卖盘
09:39:55,28.75,0.02,441,1267580,买盘
09:39:58,28.74,-0.01,465,1335379,中性盘
09:40:00,28.7,-0.04,335,961745,中性盘
09:40:03,28.73,0.03,418,1200316,买盘
09:40:06,28.66,-0.07,370,1061964,卖盘
09:40:10,28.72,0.06,276,791795,买盘
09:40:13,28.66,-0.06,324,929968,卖盘
09:40:15,28.67,0.01,354,1014576,买盘
09:40:19,28.66,-0.01,598,1714247,卖盘
09:40:22,28.65,-0.01,1606,4595984,卖盘
09:40:25,28.59,-0.06,308,882314,卖盘
09:40:27,28.66,0.07,571,1634704,买盘
09:40:31,28.66,0.0,223,638827,买盘
09:40:34,28.66,0.0,490,1403970,买盘
09:40:37,28.69,0.03,182,523600,买盘
09:40:40,28.69,0.0,380,1089462,卖盘
09:40:44,28.6,-0.09,336,961891,卖盘
09:40:47,28.62,0.02,487,1393560,买盘
09:40:49,28.6,-0.02,226,646781,中性盘
09:40:52,28.6,0.0,405,1158995,买盘
09:40:55,28.6,0.0,505,1442779,卖盘
09:40:57,28.6,0.0,544,1556371,卖盘
09:41:00,28.6,0.0,709,2027846,卖盘
09:41:03,28.66,0.06,128,366509,买盘
09:41:07,28.65,-0.01,277,792949,买盘
09:41:11,28.62,-0.03,367,1050282,卖盘
09:41:13,28.64,0.02,287,821127,中性盘
09:41:17,28.6,-0.04,94,269093,中性盘
09:41:18,28.62,0.02,131,374836,买盘
09:41:22,28.65,0.03,280,801011,买盘
09:41:25,28.62,-0.03,390,1116005,中性盘
09:41:27,28.63,0.01,241,690373,中性盘
09:41:32,28.64,0.01,957,2741626,中性盘
09:41:34,28.65,0.01,571,1637107,买盘
09:41:37,28.68,0.03,1111,3182745,买盘
09:41:41,28.68,0.0,1281,3671706,买盘
09:41:42,28.62,-0.06,930,2664118,卖盘
09:41:47,28.68,0.06,409,1171831,买盘
09:41:49,28.66,-0.02,316,906168,卖盘
09:41:52,28.68,0.02,220,630930,卖盘
09:41:55,28.7,0.02,514,1474514,买盘
09:41:57,28.71,0.01,1052,3018558,买盘
09:42:00,28.7,-0.01,802,2302690,卖盘
09:42:04,28.73,0.03,242,694910,买盘
09:42:07,28.73,0.0,404,1160847,卖盘
09:42:10,28.73,0.0,1141,3276663,卖盘
09:42:13,28.73,0.0,449,1289624,买盘
09:42:16,28.7,-0.03,885,2542174,卖盘
09:42:19,28.7,0.0,320,918389,买盘
09:42:22,28.73,0.03,357,1025150,买盘
09:42:25,28.73,0.0,265,761605,买盘
09:42:28,28.69,-0.04,802,2302773,卖盘
09:42:31,28.73,0.04,298,858188,中性盘
09:42:34,28.73,0.0,255,731331,卖盘
09:42:37,28.7,-0.03,268,769821,卖盘
09:42:40,28.7,0.0,206,591220,买盘
09:42:42,28.7,0.0,489,1403416,买盘
09:42:47,28.7,0.0,267,766282,买盘
09:42:49,28.7,0.0,495,1420402,买盘
09:42:52,28.7,0.0,534,1531759,买盘
09:42:54,28.71,0.01,435,1248479,买盘
09:42:58,28.72,0.01,430,1234474,买盘
09:43:02,28.77,0.05,287,825641,买盘
09:43:04,28.77,0.0,319,917816,买盘
09:43:07,28.72,-0.05,1014,2913784,卖盘
09:43:10,28.77,0.05,734,2111699,买盘
09:43:13,28.76,-0.01,347,998183,中性盘
09:43:16,28.77,0.01,267,767893,买盘
09:43:19,28.77,0.0,378,1087197,买盘
09:43:22,28.77,0.0,412,1185265,买盘
09:43:25,28.77,0.0,164,471864,买盘
09:43:28,28.78,0.01,606,1743907,买盘
09:43:31,28.78,0.0,373,1073320,买盘
09:43:34,28.77,-0.01,664,1910588,卖盘
09:43:37,28.77,0.0,420,1208616,买盘
09:43:39,28.78,0.01,848,2440306,买盘
09:43:43,28.77,-0.01,734,2111741,卖盘
09:43:47,28.77,0.0,591,1700052,买盘
09:43:49,28.77,0.0,260,748118,买盘
09:43:54,28.78,0.01,222,638849,买盘
09:43:55,28.77,-0.01,700,2014069,卖盘
09:43:58,28.79,0.02,560,1611124,买盘
09:44:01,28.8,0.01,872,2511014,买盘
09:44:04,28.79,-0.01,482,1387926,买盘
09:44:07,28.8,0.01,1022,2945558,买盘
09:44:10,28.8,0.0,772,2223729,卖盘
09:44:13,28.8,0.0,453,1304944,卖盘
09:44:17,28.8,0.0,574,1653456,卖盘
09:44:19,28.82,0.02,298,858561,买盘
09:44:22,28.82,0.0,1046,3013855,卖盘
09:44:25,28.83,0.01,344,991568,买盘
09:44:28,28.82,-0.01,471,1357598,卖盘
09:44:31,28.84,0.02,590,1700079,买盘
09:44:34,28.83,-0.01,155,446847,中性盘
09:44:37,28.83,0.0,492,1419060,中性盘
09:44:40,28.85,0.02,168,484576,买盘
09:44:43,28.85,0.0,840,2423598,买盘
09:44:47,28.85,0.0,1404,4049684,卖盘
09:44:48,28.85,0.0,542,1562671,买盘
09:44:52,28.87,0.02,289,834088,买盘
09:44:55,28.86,-0.01,392,1131290,卖盘
09:44:58,28.87,0.01,231,666456,买盘
09:45:02,28.87,0.0,504,1454927,买盘
09:45:04,28.87,0.0,391,1128714,买盘
09:45:07,28.88,0.01,211,609166,买盘
09:45:09,28.87,-0.01,442,1276148,卖盘
09:45:13,28.88,0.01,882,2545906,买盘
09:45:17,28.88,0.0,1013,2925310,买盘
09:45:19,28.88,0.0,179,516965,买盘
09:45:23,28.88,0.0,343,990801,卖盘
09:45:25,28.88,0.0,354,1022662,卖盘
09:45:28,28.89,0.01,258,745287,买盘
09:45:32,28.89,0.0,160,462145,买盘
09:45:34,28.89,0.0,370,1068881,买盘
09:45:37,28.89,0.0,255,738620,卖盘
09:45:40,28.89,0.0,241,696414,卖盘
09:45:43,28.9,0.01,275,794610,买盘
09:45:47,28.9,0.0,830,2397749,买盘
09:45:49,28.9,0.0,1036,2993006,买盘
09:45:53,28.9,0.0,862,2490808,卖盘
09:45:55,28.9,0.0,273,789087,卖盘
09:45:57,28.9,0.0,254,734167,卖盘
09:46:01,28.9,0.0,528,1524439,买盘
09:46:04,28.89,-0.01,303,875897,卖盘
09:46:07,28.89,0.0,51,147314,买盘
09:46:10,28.89,0.0,302,872434,买盘
09:46:13,28.87,-0.02,135,390040,买盘
09:46:17,28.85,-0.02,219,631846,中性盘
09:46:19,28.88,0.03,451,1301167,买盘
09:46:23,28.84,-0.04,180,519108,中性盘
09:46:25,28.87,0.03,165,475811,买盘
09:46:28,28.84,-0.03,160,461861,卖盘
09:46:32,28.82,-0.02,535,1542552,卖盘
09:46:34,28.85,0.03,426,1228759,买盘
09:46:37,28.86,0.01,300,865402,买盘
09:46:39,28.84,-0.02,400,1153983,卖盘
09:46:43,28.84,0.0,1273,3668526,卖盘
09:46:47,28.81,-0.03,231,666529,卖盘
09:46:49,28.86,0.05,118,340550,中性盘
09:46:52,28.87,0.01,331,954523,买盘
09:46:55,28.84,-0.03,60,173088,买盘
09:46:58,28.82,-0.02,258,744180,卖盘
09:47:02,28.82,0.0,649,1874564,卖盘
09:47:04,28.82,0.0,178,513104,卖盘
09:47:07,28.82,0.0,151,435424,卖盘
09:47:10,28.82,0.0,176,507151,买盘
09:47:13,28.82,0.0,83,237839,买盘
09:47:16,28.81,-0.01,301,868995,卖盘
09:47:19,28.82,0.01,101,291021,买盘
09:47:22,28.82,0.0,236,679975,买盘
09:47:25,28.83,0.01,223,642752,买盘
09:47:28,28.79,-0.04,539,1551346,卖盘
09:47:31,28.77,-0.02,1499,4319286,卖盘
09:47:34,28.78,0.01,158,454741,买盘
09:47:37,28.78,0.0,120,345504,买盘
09:47:40,28.78,0.0,204,586964,卖盘
09:47:43,28.78,0.0,647,1860050,买盘
09:47:46,28.78,0.0,198,569769,买盘
09:47:49,28.78,0.0,234,673296,卖盘
09:47:52,28.75,-0.03,389,1117832,卖盘
09:47:54,28.75,0.0,150,431181,买盘
09:47:58,28.75,0.0,307,881602,买盘
09:48:02,28.73,-0.02,247,709869,中性盘
09:48:04,28.75,0.02,347,996874,买盘
09:48:07,28.76,0.01,56,160992,中性盘
09:48:10,28.77,0.01,427,1226452,买盘
09:48:12,28.71,-0.06,252,723793,买盘
09:48:16,28.7,-0.01,502,1442526,卖盘
09:48:19,28.73,0.03,686,1969808,买盘
09:48:22,28.7,-0.03,1362,3909586,卖盘
09:48:25,28.7,0.0,237,680629,买盘
09:48:28,28.7,0.0,275,789643,卖盘
09:48:32,28.7,0.0,196,562518,买盘
09:48:34,28.69,-0.01,375,1076275,卖盘
09:48:37,28.7,0.01,218,626247,中性盘
09:48:40,28.7,0.0,124,356383,卖盘
09:48:42,28.7,0.0,94,269890,卖盘
09:48:45,28.69,-0.01,117,335863,卖盘
09:48:49,28.72,0.03,158,453667,买盘
09:48:52,28.71,-0.01,260,746275,中性盘
09:48:55,28.7,-0.01,398,1142296,卖盘
09:48:58,28.68,-0.02,570,1635951,卖盘
09:49:00,28.68,0.0,186,533485,卖盘
09:49:04,28.67,-0.01,432,1237875,卖盘
09:49:07,28.68,0.01,213,610913,买盘
09:49:10,28.68,0.0,179,513345,买盘
09:49:13,28.68,0.0,311,891890,买盘
09:49:16,28.67,-0.01,372,1066822,卖盘
09:49:19,28.69,0.02,218,625204,买盘
09:49:22,28.68,-0.01,233,668492,卖盘
09:49:25,28.7,0.02,182,522168,买盘
09:49:28,28.68,-0.02,155,444794,卖盘
09:49:32,28.69,0.01,26,74585,卖盘
09:49:34,28.69,0.0,320,917932,买盘
09:49:37,28.69,0.0,212,608252,卖盘
09:49:40,28.69,0.0,114,327040,买盘
09:49:43,28.65,-0.04,1560,4473152,卖盘
09:49:46,28.65,0.0,509,1458517,买盘
09:49:49,28.66,0.01,132,378610,中性盘
09:49:52,28.69,0.03,603,1729796,买盘
09:49:56,28.7,0.01,225,645668,买盘
09:49:58,28.7,0.0,288,826250,买盘
09:50:02,28.68,-0.02,256,734638,中性盘
09:50:04,28.69,0.01,319,914464,中性盘
09:50:07,28.7,0.01,324,930136,买盘
09:50:10,28.62,-0.08,435,1246774,卖盘
09:50:13,28.62,0.0,1521,4353098,买盘
09:50:16,28.66,0.04,264,756193,买盘
09:50:19,28.68,0.02,117,335445,买盘
09:50:22,28.68,0.0,43,123311,买盘
09:50:24,28.66,-0.02,200,573656,中性盘
09:50:27,28.67,0.01,479,1373186,买盘
09:50:31,28.66,-0.01,300,860281,卖盘
09:50:34,28.69,0.03,186,533257,买盘
09:50:37,28.66,-0.03,265,758969,卖盘
09:50:40,28.69,0.03,278,797754,买盘
09:50:43,28.69,0.0,565,1620586,买盘
09:50:47,28.67,-0.02,260,745393,中性盘
09:50:49,28.66,-0.01,93,266569,卖盘
09:50:51,28.67,0.01,155,444621,买盘
09:50:55,28.66,-0.01,311,890743,卖盘
09:50:58,28.66,0.0,180,515739,买盘
09:51:02,28.67,0.01,400,1146881,卖盘
09:51:04,28.67,0.0,360,1031707,卖盘
09:51:07,28.67,0.0,332,951785,买盘
09:51:10,28.67,0.0,267,768155,卖盘
09:51:13,28.68,0.01,181,519036,卖盘
09:51:15,28.63,-0.05,524,1499587,卖盘
09:51:19,28.67,0.04,326,935868,买盘
09:51:22,28.67,0.0,19,54465,买盘
09:51:24,28.67,0.0,230,657082,买盘
09:51:28,28.65,-0.02,61,174461,中性盘
09:51:31,28.67,0.02,46,133912,买盘
09:51:34,28.67,0.0,79,224299,卖盘
09:51:37,28.67,0.0,235,673547,买盘
09:51:40,28.66,-0.01,232,665183,卖盘
09:51:43,28.67,0.01,89,255105,买盘
09:51:46,28.65,-0.02,131,375539,卖盘
09:51:49,28.66,0.01,146,418484,买盘
09:51:53,28.67,0.01,310,888493,买盘
09:51:54,28.66,-0.01,94,269420,卖盘
09:51:58,28.6,-0.06,1662,4760693,卖盘
09:52:00,28.65,0.05,36,103145,中性盘
09:52:04,28.65,0.0,218,624570,买盘
09:52:07,28.65,0.0,192,550128,买盘
09:52:10,28.65,0.0,89,255028,卖盘
09:52:13,28.66,0.01,87,250245,中性盘
09:52:16,28.67,0.01,150,430011,买盘
09:52:19,28.66,-0.01,191,547497,卖盘
09:52:22,28.67,0.01,423,1212545,买盘
09:52:25,28.65,-0.02,239,685140,卖盘
09:52:28,28.66,0.01,146,416618,买盘
09:52:31,28.65,-0.01,175,503414,卖盘
09:52:34,28.67,0.02,233,667859,买盘
09:52:37,28.66,-0.01,190,544728,卖盘
09:52:40,28.67,0.01,75,212737,买盘
09:52:43,28.67,0.0,182,521840,卖盘
09:52:46,28.67,0.0,106,303930,卖盘
09:52:49,28.68,0.01,1053,3014763,买盘
09:52:51,28.65,-0.03,183,524651,卖盘
09:52:54,28.67,0.02,370,1061035,买盘
09:52:57,28.61,-0.06,440,1259152,卖盘
09:53:01,28.66,0.05,84,240806,中性盘
09:53:04,28.65,-0.01,223,638892,卖盘
09:53:07,28.65,0.0,203,581418,买盘
09:53:10,28.65,0.0,632,1810483,买盘
09:53:13,28.66,0.01,368,1054267,买盘
09:53:16,28.65,-0.01,108,309492,卖盘
09:53:19,28.65,0.0,111,318103,卖盘
09:53:22,28.65,0.0,315,902832,卖盘
09:53:25,28.66,0.01,32,91706,中性盘
09:53:28,28.65,-0.01,123,352522,卖盘
09:53:31,28.66,0.01,118,338085,中性盘
09:53:34,28.67,0.01,201,576244,买盘
09:53:37,28.67,0.0,566,1623362,卖盘
09:53:40,28.69,0.02,143,410229,买盘
09:53:42,28.65,-0.04,256,733809,卖盘
09:53:46,28.68,0.03,1444,4141795,中性盘
09:53:49,28.68,0.0,42,120488,卖盘
09:53:52,28.69,0.01,322,923989,买盘
09:53:55,28.69,0.0,255,732551,卖盘
09:53:58,28.71,0.02,1131,3244814,买盘
09:54:01,28.71,0.0,101,291741,买盘
09:54:03,28.71,0.0,230,660529,卖盘
09:54:07,28.72,0.01,294,844322,买盘
09:54:10,28.75,0.03,105,300250,买盘
09:54:13,28.75,0.0,92,264440,买盘
09:54:16,28.75,0.0,153,439966,卖盘
09:54:18,28.77,0.02,132,379680,买盘
09:54:22,28.77,0.0,169,485110,卖盘
09:54:25,28.8,0.03,351,1010342,买盘
09:54:27,28.8,0.0,271,780441,买盘
09:54:30,28.83,0.03,794,2288836,买盘
09:54:34,28.84,0.01,648,1868969,买盘
09:54:36,28.85,0.01,777,2239912,买盘
09:54:40,28.85,0.0,114,328873,买盘
09:54:43,28.85,0.0,120,346201,买盘
09:54:45,28.86,0.01,335,966479,买盘
09:54:49,28.86,0.0,765,2207429,买盘
09:54:52,28.86,0.0,86,248193,买盘
09:54:55,28.85,-0.01,204,588743,卖盘
09:54:58,28.86,0.01,96,277104,买盘
09:55:01,28.88,0.02,355,1024892,买盘
09:55:04,28.86,-0.02,204,590467,卖盘
09:55:07,28.87,0.01,633,1827413,中性盘
09:55:10,28.88,0.01,346,999308,买盘
09:55:12,28.89,0.01,567,1637026,买盘
09:55:16,28.86,-0.03,300,866066,卖盘
09:55:19,28.88,0.02,1047,3025699,买盘
09:55:22,28.89,0.01,442,1277278,买盘
09:55:25,28.91,0.02,233,673230,买盘
09:55:28,28.89,-0.02,201,580751,卖盘
09:55:31,28.9,0.01,130,375667,买盘
09:55:34,28.9,0.0,640,1850843,买盘
09:55:37,28.91,0.01,77,222533,买盘
09:55:40,28.91,0.0,316,913675,买盘
09:55:43,28.91,0.0,119,344125,买盘
09:55:46,28.93,0.02,114,329716,买盘
09:55:49,28.91,-0.02,469,1356559,卖盘
09:55:52,28.91,0.0,31,89620,买盘
09:55:55,28.9,-0.01,317,916633,卖盘
09:55:58,28.9,0.0,239,691044,卖盘
09:56:00,28.91,0.01,1668,4826056,中性盘
09:56:04,28.92,0.01,218,630446,中性盘
09:56:06,28.93,0.01,91,263151,买盘
09:56:10,28.93,0.0,178,514743,买盘
09:56:13,28.93,0.0,329,951632,买盘
09:56:15,28.93,0.0,245,709285,买盘
09:56:19,28.93,0.0,452,1308201,卖盘
09:56:21,28.95,0.02,215,622272,买盘
09:56:25,28.95,0.0,290,839444,买盘
09:56:28,28.94,-0.01,693,2006779,卖盘
09:56:30,28.94,0.0,375,1085221,买盘
09:56:34,28.93,-0.01,1121,3243645,卖盘
09:56:38,28.93,0.0,511,1478797,卖盘
09:56:40,28.94,0.01,285,824693,买盘
09:56:43,28.95,0.01,355,1026509,买盘
09:56:46,28.94,-0.01,585,1694412,卖盘
09:56:49,28.95,0.01,249,720735,买盘
09:56:52,28.95,0.0,248,717845,买盘
09:56:55,28.95,0.0,798,2309633,买盘
09:56:58,28.95,0.0,844,2445381,卖盘
09:57:01,28.94,-0.01,1860,5388177,卖盘
09:57:03,28.96,0.02,93,267278,中性盘
09:57:07,28.96,0.0,61,176702,卖盘
09:57:10,28.96,0.0,147,426063,卖盘
09:57:13,28.95,-0.01,214,619294,卖盘
09:57:16,28.98,0.03,3267,9475780,买盘
09:57:19,28.95,-0.03,171,495075,中性盘
09:57:22,28.96,0.01,198,573215,买盘
09:57:25,29.0,0.04,1932,5601752,买盘
09:57:28,28.97,-0.03,127,368079,卖盘
09:57:31,28.97,0.0,41,118769,卖盘
09:57:34,28.97,0.0,117,339016,卖盘
09:57:36,28.97,0.0,174,504214,卖盘
09:57:40,28.97,0.0,129,373741,卖盘
09:57:43,29.01,0.04,2230,6467418,买盘
09:57:46,29.02,0.01,148,429352,买盘
09:57:49,29.0,-0.02,129,372469,卖盘
09:57:51,29.02,0.02,201,583904,买盘
09:57:55,29.01,-0.01,230,667218,卖盘
09:57:58,29.02,0.01,123,356801,买盘
09:58:01,29.01,-0.01,572,1658938,卖盘
09:58:04,29.0,-0.01,213,617912,卖盘
09:58:07,29.01,0.01,138,400250,中性盘
09:58:10,29.02,0.01,477,1383634,买盘
09:58:13,28.99,-0.03,159,461106,卖盘
09:58:15,29.0,0.01,51,147869,买盘
09:58:19,29.0,0.0,200,579993,买盘
09:58:22,28.98,-0.02,281,814348,卖盘
09:58:24,28.98,0.0,245,710222,卖盘
09:58:28,28.98,0.0,75,217408,卖盘
09:58:30,28.98,0.0,147,426283,卖盘
09:58:34,28.98,0.0,267,773891,买盘
09:58:37,28.99,0.01,156,450301,买盘
09:58:40,28.98,-0.01,72,210519,卖盘
09:58:43,28.97,-0.01,249,721494,卖盘
09:58:46,28.96,-0.01,680,1970781,卖盘
09:58:49,28.98,0.02,299,864897,买盘
09:58:52,28.98,0.0,259,751154,卖盘
09:58:55,29.0,0.02,21,60883,买盘
09:58:58,28.99,-0.01,93,269628,中性盘
09:59:00,28.99,0.0,88,255141,卖盘
09:59:04,29.0,0.01,231,672363,买盘
09:59:07,29.0,0.0,958,2776999,卖盘
09:59:09,28.99,-0.01,115,333370,卖盘
09:59:13,29.0,0.01,152,440667,买盘
09:59:16,29.0,0.0,86,246554,买盘
09:59:19,29.0,0.0,487,1412255,买盘
09:59:22,28.98,-0.02,295,855378,卖盘
09:59:25,29.0,0.02,993,2879760,买盘
09:59:28,28.97,-0.03,194,562155,卖盘
09:59:31,28.97,0.0,69,199891,买盘
09:59:34,28.97,0.0,266,770599,买盘
09:59:37,28.97,0.0,180,521475,买盘
09:59:39,28.97,0.0,271,785133,卖盘
09:59:43,28.97,0.0,117,339092,卖盘
09:59:45,28.97,0.0,230,665906,买盘
09:59:48,28.97,0.0,381,1103797,买盘
09:59:52,28.97,0.0,232,671804,卖盘
09:59:55,28.97,0.0,114,330260,卖盘
09:59:57,28.96,-0.01,287,831109,卖盘
10:00:01,28.94,-0.02,141,408481,卖盘
10:00:03,28.95,0.01,105,303963,买盘
10:00:07,28.93,-0.02,37,107058,卖盘
10:00:10,28.96,0.03,83,240231,买盘
10:00:13,28.96,0.0,154,445253,买盘
10:00:15,28.95,-0.01,86,248953,买盘
10:00:19,28.9,-0.05,1089,3146233,卖盘
10:00:21,28.9,0.0,169,488407,买盘
10:00:25,28.9,0.0,209,603998,买盘
10:00:28,28.9,0.0,156,450769,买盘
10:00:31,28.9,0.0,139,401671,买盘
10:00:34,28.9,0.0,650,1879265,买盘
10:00:36,28.94,0.04,64,185055,中性盘
10:00:40,28.95,0.01,139,402125,买盘
10:00:42,28.9,-0.05,298,861745,卖盘
10:00:46,28.95,0.05,119,344085,买盘
10:00:49,28.95,0.0,149,431355,卖盘
10:00:51,28.95,0.0,49,141874,卖盘
10:00:54,28.95,0.0,60,173715,卖盘
10:00:58,28.95,0.0,457,1322957,卖盘
10:01:01,28.95,0.0,68,196853,买盘
10:01:04,28.95,0.0,110,318405,买盘
10:01:06,28.95,0.0,81,234462,买盘
10:01:10,28.94,-0.01,45,129981,中性盘
10:01:13,28.9,-0.04,242,700355,卖盘
10:01:16,28.92,0.02,88,254539,中性盘
10:01:19,28.92,0.0,278,803525,买盘
10:01:22,28.92,0.0,36,104066,买盘
10:01:25,28.92,0.0,98,283390,买盘
10:01:28,28.92,0.0,55,159002,买盘
10:01:31,28.91,-0.01,26,75160,卖盘
10:01:34,28.91,0.0,156,451061,买盘
10:01:36,28.91,0.0,235,680871,卖盘
10:01:40,28.91,0.0,343,991455,卖盘
10:01:42,28.92,0.01,395,1142195,买盘
10:01:46,28.9,-0.02,507,1463658,卖盘
10:01:49,28.9,0.0,161,465351,买盘
10:01:52,28.9,0.0,244,706957,买盘
10:01:55,28.92,0.02,415,1197869,买盘
10:01:57,28.92,0.0,170,491672,卖盘
10:02:01,28.92,0.0,78,225622,卖盘
10:02:04,28.94,0.02,1109,3211301,买盘
10:02:07,28.89,-0.05,392,1130939,卖盘
10:02:10,28.89,0.0,92,265788,买盘
10:02:13,28.92,0.03,168,485477,买盘
10:02:15,28.9,-0.02,514,1487486,卖盘
10:02:18,28.92,0.02,75,216890,买盘
10:02:22,28.92,0.0,110,318109,买盘
10:02:25,28.93,0.01,380,1098813,买盘
10:02:28,28.92,-0.01,134,387914,卖盘
10:02:31,28.98,0.06,682,1976290,买盘
10:02:33,28.97,-0.01,224,648903,买盘
10:02:36,28.98,0.01,617,1788512,买盘
10:02:40,28.99,0.01,168,487023,买盘
10:02:43,28.98,-0.01,120,347886,卖盘
10:02:46,28.99,0.01,232,673014,买盘
10:02:49,28.99,0.0,413,1197239,卖盘
10:02:52,28.99,0.0,560,1623752,买盘
10:02:55,29.0,0.01,79,229050,买盘
10:02:58,28.99,-0.01,448,1299169,卖盘
10:03:00,28.99,0.0,104,302140,卖盘
10:03:04,29.0,0.01,87,252278,买盘
10:03:07,29.0,0.0,679,1969039,买盘
10:03:10,29.0,0.0,262,759032,买盘
10:03:13,28.98,-0.02,342,990703,卖盘
10:03:16,28.98,0.0,126,365256,买盘
10:03:19,28.99,0.01,91,263679,买盘
10:03:22,28.99,0.0,119,344942,买盘
10:03:25,28.99,0.0,113,327607,买盘
10:03:28,28.98,-0.01,226,655011,卖盘
10:03:30,28.98,0.0,272,788119,卖盘
10:03:34,28.98,0.0,363,1052072,卖盘
10:03:37,28.98,0.0,75,217356,卖盘
10:03:40,28.98,0.0,150,434575,买盘
10:03:43,28.98,0.0,83,240513,买盘
10:03:46,28.95,-0.03,115,333239,卖盘
10:03:49,28.96,0.01,30,86900,中性盘
10:03:52,28.98,0.02,345,999351,买盘
10:03:55,28.97,-0.01,24,69521,买盘
10:03:58,28.96,-0.01,40,115862,卖盘
10:04:01,28.98,0.02,201,582055,买盘
10:04:04,28.96,-0.02,128,370835,卖盘
10:04:07,28.96,0.0,216,625786,买盘
10:04:10,28.97,0.01,19,55032,买盘
10:04:13,28.96,-0.01,91,263617,卖盘
10:04:16,28.96,0.0,57,165062,卖盘
10:04:19,28.97,0.01,78,226020,中性盘
10:04:22,28.97,0.0,92,267107,买盘
10:04:25,28.98,0.01,121,351468,买盘
10:04:28,28.98,0.0,242,701272,买盘
10:04:31,28.98,0.0,72,208642,买盘
10:04:34,28.97,-0.01,212,614244,卖盘
10:04:37,28.97,0.0,230,666258,卖盘
10:04:40,28.97,0.0,87,252054,买盘
10:04:43,28.97,0.0,99,286759,买盘
10:04:46,28.97,0.0,40,115860,买盘
10:04:49,28.96,-0.01,428,1240216,卖盘
10:04:52,28.97,0.01,58,167553,买盘
10:04:54,28.97,0.0,98,285385,卖盘
10:04:58,28.97,0.0,170,492526,卖盘
10:05:00,28.97,0.0,63,182553,卖盘
10:05:04,28.97,0.0,140,405660,卖盘
10:05:07,28.97,0.0,92,266574,卖盘
10:05:10,28.97,0.0,21,60835,买盘
10:05:13,28.97,0.0,25,72422,买盘
10:05:16,28.96,-0.01,265,766464,卖盘
10:05:19,28.96,0.0,202,584991,买盘
10:05:22,28.95,-0.01,265,767194,卖盘
10:05:25,28.95,0.0,118,341665,买盘
10:05:27,28.95,0.0,83,240285,买盘
10:05:31,28.95,0.0,15,43422,买盘
10:05:34,28.95,0.0,68,196535,买盘
10:05:36,28.94,-0.01,102,295609,卖盘
10:05:40,28.95,0.01,62,179444,买盘
10:05:43,28.93,-0.02,741,2143111,卖盘
10:05:46,28.9,-0.03,72,207655,卖盘
10:05:49,28.93,0.03,72,208105,买盘
10:05:52,28.93,0.0,94,271806,买盘
10:05:54,28.94,0.01,178,515047,买盘
10:05:58,28.93,-0.01,81,234279,买盘
10:06:01,28.95,0.02,254,735113,买盘
10:06:04,28.9,-0.05,399,1154235,卖盘
10:06:07,28.94,0.04,80,231522,买盘
10:06:09,28.94,0.0,117,338400,买盘
10:06:13,28.9,-0.04,18,52050,卖盘
10:06:16,28.92,0.02,88,255839,中性盘
10:06:19,28.9,-0.02,64,185055,卖盘
10:06:21,28.92,0.02,133,384735,中性盘
10:06:25,28.93,0.01,110,318330,卖盘
10:06:27,28.92,-0.01,200,578652,卖盘
10:06:31,28.93,0.01,53,153321,买盘
10:06:34,28.94,0.01,177,512147,买盘
10:06:37,28.92,-0.02,1077,3113008,卖盘
10:06:39,28.87,-0.05,489,1411032,卖盘
10:06:43,28.92,0.05,107,310053,买盘
10:06:46,28.86,-0.06,171,493702,卖盘
10:06:49,28.9,0.04,214,617718,买盘
10:06:52,28.88,-0.02,55,158868,中性盘
10:06:55,28.87,-0.01,32,92405,卖盘
10:06:58,28.88,0.01,35,101071,买盘
10:07:01,28.88,0.0,76,219135,买盘
10:07:03,28.88,0.0,38,109728,卖盘
10:07:07,28.88,0.0,110,317655,卖盘
10:07:10,28.88,0.0,269,777109,买盘
10:07:13,28.87,-0.01,81,233748,卖盘
10:07:15,28.87,0.0,54,155935,卖盘
10:07:19,28.86,-0.01,161,464863,卖盘
10:07:22,28.86,0.0,64,184719,卖盘
10:07:24,28.88,0.02,124,358007,买盘
10:07:28,28.87,-0.01,22,63518,中性盘
10:07:31,28.87,0.0,164,474930,买盘
10:07:34,28.85,-0.02,413,1191848,卖盘
10:07:37,28.85,0.0,76,219331,卖盘
10:07:39,28.86,0.01,84,242439,买盘
10:07:43,28.86,0.0,142,409688,卖盘
10:07:45,28.84,-0.02,353,1018573,卖盘
10:07:49,28.85,0.01,152,438107,中性盘
10:07:52,28.87,0.02,115,331801,买盘
10:07:55,28.85,-0.02,192,554929,卖盘
10:07:58,28.85,0.0,44,126949,卖盘
10:08:01,28.88,0.03,92,265528,买盘
10:08:04,28.9,0.02,109,314830,买盘
10:08:07,28.86,-0.04,74,213553,卖盘
10:08:10,28.85,-0.01,83,238079,卖盘
10:08:13,28.85,0.0,574,1658403,卖盘
10:08:15,28.84,-0.01,47,134805,卖盘
10:08:19,28.85,0.01,96,276917,买盘
10:08:22,28.87,0.02,260,750197,买盘
10:08:24,28.84,-0.03,71,204807,中性盘
10:08:28,28.85,0.01,145,418097,买盘
10:08:30,28.84,-0.01,38,109600,中性盘
10:08:34,28.83,-0.01,439,1265759,卖盘
10:08:36,28.84,0.01,141,406538,买盘
10:08:40,28.84,0.0,355,1023421,买盘
10:08:43,28.82,-0.02,447,1287928,卖盘
10:08:46,28.82,0.0,75,216258,卖盘
10:08:49,28.83,0.01,88,253604,买盘
10:08:52,28.82,-0.01,82,236274,买盘
10:08:54,28.8,-0.02,389,1120320,卖盘
10:08:58,28.78,-0.02,96,276408,卖盘
10:09:00,28.8,0.02,114,328137,买盘
10:09:03,28.79,-0.01,90,259138,中性盘
10:09:07,28.76,-0.03,117,338768,卖盘
10:09:10,28.78,0.02,217,624125,买盘
10:09:13,28.76,-0.02,142,408737,卖盘
10:09:16,28.75,-0.01,257,737139,卖盘
10:09:18,28.76,0.01,61,175436,买盘
10:09:22,28.75,-0.01,1822,5239245,卖盘
10:09:25,28.75,0.0,84,241570,卖盘
10:09:28,28.76,0.01,188,540707,买盘
10:09:31,28.75,-0.01,1139,3275444,卖盘
10:09:34,28.75,0.0,456,1311788,卖盘
10:09:37,28.75,0.0,175,503060,买盘
10:09:39,28.74,-0.01,227,652621,中性盘
10:09:43,28.74,0.0,92,264398,买盘
10:09:46,28.7,-0.04,282,810070,卖盘
10:09:48,28.71,0.01,220,631420,买盘
10:09:52,28.73,0.02,198,568409,买盘
10:09:55,28.71,-0.02,220,631474,卖盘
10:09:58,28.7,-0.01,404,1159799,卖盘
10:10:01,28.7,0.0,151,433369,卖盘
10:10:04,28.69,-0.01,306,878206,卖盘
10:10:07,28.68,-0.01,312,894896,卖盘
10:10:10,28.68,0.0,77,220816,买盘
10:10:12,28.68,0.0,197,564649,买盘
10:10:16,28.66,-0.02,220,631166,卖盘
10:10:19,28.68,0.02,135,387169,中性盘
10:10:22,28.68,0.0,158,453133,卖盘
10:10:25,28.66,-0.02,146,418780,卖盘
10:10:28,28.64,-0.02,387,1108725,卖盘
10:10:31,28.63,-0.01,200,572825,卖盘
10:10:34,28.66,0.03,122,349420,买盘
10:10:36,28.62,-0.04,534,1528960,卖盘
10:10:40,28.63,0.01,315,902082,买盘
10:10:43,28.62,-0.01,189,543274,中性盘
10:10:46,28.62,0.0,252,721475,买盘
10:10:48,28.67,0.05,955,2734200,买盘
10:10:52,28.61,-0.06,1320,3774612,卖盘
10:10:54,28.61,0.0,53,151685,卖盘
10:10:57,28.6,-0.01,196,560939,卖盘
10:11:01,28.64,0.04,955,2733743,买盘
10:11:03,28.62,-0.02,1242,3552998,卖盘
10:11:07,28.62,0.0,196,561524,卖盘
10:11:09,28.65,0.03,224,642018,中性盘
10:11:13,28.61,-0.04,621,1777689,卖盘
10:11:16,28.61,0.0,253,724991,卖盘
10:11:19,28.62,0.01,135,388505,买盘
10:11:22,28.62,0.0,410,1173957,卖盘
10:11:25,28.62,0.0,236,675564,卖盘
10:11:27,28.65,0.03,106,303529,买盘
10:11:31,28.63,-0.02,156,446594,中性盘
10:11:34,28.65,0.02,467,1336830,买盘
10:11:36,28.63,-0.02,317,908149,卖盘
10:11:40,28.65,0.02,102,292160,买盘
10:11:42,28.65,0.0,449,1285252,买盘
10:11:45,28.68,0.03,417,1195729,买盘
10:11:49,28.62,-0.06,956,2738766,卖盘
10:11:52,28.66,0.04,302,865468,买盘
10:11:55,28.62,-0.04,1112,3182880,卖盘
10:11:58,28.61,-0.01,248,710162,卖盘
10:12:00,28.61,0.0,112,320529,卖盘
10:12:04,28.61,0.0,553,1581553,卖盘
10:12:07,28.63,0.02,1177,3366244,买盘
10:12:09,28.63,0.0,134,383566,买盘
10:12:13,28.63,0.0,552,1579871,买盘
10:12:15,28.61,-0.02,155,443672,卖盘
10:12:19,28.61,0.0,1560,4463318,卖盘
10:12:22,28.63,0.02,402,1150556,买盘
10:12:25,28.62,-0.01,258,738473,卖盘
10:12:27,28.63,0.01,337,964768,买盘
10:12:31,28.62,-0.01,122,349241,卖盘
10:12:34,28.62,0.0,801,2293021,卖盘
10:12:36,28.62,0.0,104,296848,卖盘
10:12:40,28.6,-0.02,440,1258902,卖盘
10:12:43,28.63,0.03,150,429312,买盘
10:12:46,28.62,-0.01,834,2385236,卖盘
10:12:49,28.62,0.0,175,500834,买盘
10:12:52,28.63,0.01,1242,3555557,买盘
10:12:55,28.62,-0.01,262,749993,中性盘
10:12:58,28.62,0.0,174,498043,卖盘
10:13:01,28.62,0.0,579,1657397,卖盘
10:13:03,28.62,0.0,451,1290624,卖盘
10:13:07,28.63,0.01,142,406448,买盘
10:13:10,28.63,0.0,247,707044,买盘
10:13:13,28.65,0.02,555,1588054,买盘
10:13:16,28.65,0.0,35,100240,买盘
10:13:19,28.63,-0.02,253,724303,卖盘
10:13:22,28.64,0.01,43,123139,买盘
10:13:25,28.64,0.0,312,893244,买盘
10:13:28,28.63,-0.01,316,904449,中性盘
10:13:31,28.63,0.0,63,180352,买盘
10:13:34,28.63,0.0,218,624134,买盘
10:13:37,28.63,0.0,184,526630,卖盘
10:13:40,28.63,0.0,128,366442,买盘
10:13:42,28.62,-0.01,209,598187,中性盘
10:13:46,28.6,-0.02,973,2783527,卖盘
10:13:49,28.61,0.01,184,526431,中性盘
10:13:52,28.61,0.0,307,878517,买盘
10:13:54,28.61,0.0,203,580893,卖盘
10:13:58,28.61,0.0,184,526460,卖盘
10:14:01,28.62,0.01,639,1827737,买盘
10:14:04,28.61,-0.01,716,2049075,卖盘
10:14:07,28.61,0.0,164,469183,买盘
10:14:10,28.61,0.0,381,1089914,买盘
10:14:13,28.6,-0.01,296,847364,卖盘
10:14:16,28.6,0.0,64,183040,买盘
10:14:19,28.59,-0.01,226,646315,卖盘
10:14:22,28.59,0.0,90,257386,卖盘
10:14:25,28.6,0.01,158,451870,买盘
10:14:28,28.6,0.0,137,391751,买盘
10:14:31,28.6,0.0,780,2229528,买盘
10:14:33,28.59,-0.01,450,1286548,卖盘
10:14:36,28.58,-0.01,803,2295488,卖盘
10:14:40,28.58,0.0,101,288657,买盘
10:14:43,28.58,0.0,346,988210,买盘
10:14:46,28.57,-0.01,505,1441121,中性盘
10:14:48,28.56,-0.01,53,151413,中性盘
10:14:51,28.57,0.01,91,259893,买盘
10:14:55,28.55,-0.02,567,1620716,卖盘
10:14:58,28.55,0.0,311,887652,卖盘
10:15:01,28.55,0.0,684,1952720,买盘
10:15:04,28.53,-0.02,288,822011,中性盘
10:15:06,28.55,0.02,1450,4138266,买盘
10:15:10,28.51,-0.04,342,975118,卖盘
10:15:13,28.55,0.04,503,1435050,买盘
10:15:15,28.57,0.02,136,388314,买盘
10:15:19,28.55,-0.02,45,128475,卖盘
10:15:21,28.57,0.02,187,534002,买盘
10:15:25,28.55,-0.02,764,2181561,卖盘
10:15:28,28.55,0.0,316,902166,买盘
10:15:31,28.55,0.0,233,665003,买盘
10:15:34,28.53,-0.02,280,799245,卖盘
10:15:36,28.53,0.0,659,1880318,卖盘
10:15:40,28.56,0.03,105,299933,卖盘
10:15:43,28.57,0.01,244,696359,买盘
10:15:46,28.55,-0.02,230,656667,买盘
10:15:48,28.58,0.03,1134,3240520,买盘
10:15:52,28.57,-0.01,1098,3134519,卖盘
10:15:54,28.58,0.01,116,331251,买盘
10:15:58,28.55,-0.03,62,177065,卖盘
10:16:01,28.57,0.02,301,860263,买盘
10:16:04,28.55,-0.02,188,536895,卖盘
10:16:07,28.55,0.0,446,1273429,卖盘
10:16:10,28.55,0.0,171,488490,卖盘
10:16:12,28.57,0.02,40,114269,买盘
10:16:15,28.57,0.0,89,254384,买盘
10:16:19,28.56,-0.01,264,754548,卖盘
10:16:22,28.59,0.03,161,459997,买盘
10:16:25,28.57,-0.02,72,205709,卖盘
10:16:28,28.57,0.0,116,331612,卖盘
10:16:31,28.57,0.0,104,297166,卖盘
10:16:34,28.58,0.01,61,174394,买盘
10:16:37,28.61,0.03,264,754346,买盘
10:16:39,28.57,-0.04,201,575446,卖盘
10:16:43,28.58,0.01,61,174321,买盘
10:16:45,28.59,0.01,423,1208944,买盘
10:16:49,28.56,-0.03,177,505521,卖盘
10:16:51,28.6,0.04,216,617411,买盘
10:16:54,28.56,-0.04,331,945714,卖盘
10:16:58,28.57,0.01,116,331412,买盘
10:17:00,28.56,-0.01,82,234255,卖盘
10:17:04,28.57,0.01,228,651384,买盘
10:17:06,28.58,0.01,473,1351439,买盘
10:17:10,28.57,-0.01,113,322935,卖盘
10:17:13,28.58,0.01,144,411634,买盘
10:17:15,28.6,0.02,636,1817202,买盘
10:17:18,28.6,0.0,307,877743,卖盘
10:17:22,28.6,0.0,409,1169074,卖盘
10:17:24,28.61,0.01,52,148752,卖盘
10:17:28,28.63,0.02,182,520905,买盘
10:17:30,28.62,-0.01,90,257612,买盘
10:17:35,28.61,-0.01,241,690753,卖盘
10:17:37,28.63,0.02,605,1730519,买盘
10:17:39,28.63,0.0,117,335102,卖盘
10:17:43,28.65,0.02,149,426750,买盘
10:17:46,28.66,0.01,460,1319310,买盘
10:17:49,28.69,0.03,214,613649,买盘
10:17:52,28.71,0.02,106,304869,买盘
10:17:55,28.7,-0.01,70,200936,中性盘
10:17:58,28.71,0.01,223,637489,买盘
10:18:01,28.68,-0.03,60,174747,卖盘
10:18:03,28.71,0.03,214,611380,买盘
10:18:07,28.7,-0.01,100,287176,卖盘
10:18:10,28.71,0.01,54,155045,中性盘
10:18:13,28.71,0.0,52,149308,买盘
10:18:15,28.71,0.0,73,209601,买盘
10:18:19,28.71,0.0,130,373307,卖盘
10:18:21,28.69,-0.02,204,585469,卖盘
10:18:25,28.7,0.01,143,410256,买盘
10:18:28,28.66,-0.04,402,1153478,卖盘
10:18:31,28.7,0.04,108,309918,买盘
10:18:34,28.69,-0.01,98,281228,卖盘
10:18:37,28.69,0.0,246,705997,卖盘
10:18:40,28.7,0.01,104,298473,买盘
10:18:43,28.7,0.0,126,361610,买盘
10:18:46,28.7,0.0,307,881135,买盘
10:18:49,28.7,0.0,34,97584,卖盘
10:18:52,28.71,0.01,173,496594,买盘
10:18:55,28.73,0.02,160,459474,买盘
10:18:58,28.73,0.0,18,51690,买盘
10:19:00,28.7,-0.03,144,413228,卖盘
10:19:04,28.7,0.0,98,281254,买盘
10:19:07,28.69,-0.01,184,527925,卖盘
10:19:10,28.7,0.01,76,219152,买盘
10:19:13,28.69,-0.01,69,198002,卖盘
10:19:15,28.7,0.01,257,737186,买盘
10:19:19,28.7,0.0,59,169345,卖盘
10:19:21,28.7,0.0,90,258359,卖盘
10:19:24,28.71,0.01,70,200968,买盘
10:19:28,28.74,0.03,209,600363,买盘
10:19:31,28.74,0.0,41,117777,买盘
10:19:34,28.74,0.0,137,394082,买盘
10:19:37,28.72,-0.02,151,433930,卖盘
10:19:40,28.72,0.0,117,336074,卖盘
10:19:43,28.71,-0.01,57,163700,卖盘
10:19:46,28.72,0.01,9,25848,买盘
10:19:49,28.71,-0.01,98,281428,卖盘
10:19:52,28.71,0.0,255,732117,卖盘
10:19:54,28.71,0.0,147,422028,买盘
10:19:57,28.7,-0.01,470,1349347,卖盘
10:20:00,28.71,0.01,233,668737,中性盘
10:20:04,28.71,0.0,98,281352,买盘
10:20:07,28.73,0.02,340,976435,买盘
10:20:09,28.71,-0.02,50,143569,卖盘
10:20:13,28.72,0.01,52,149340,买盘
10:20:16,28.71,-0.01,52,149320,卖盘
10:20:18,28.73,0.02,131,376303,买盘
10:20:21,28.74,0.01,131,376485,买盘
10:20:25,28.74,0.0,161,462704,买盘
10:20:28,28.73,-0.01,135,388095,卖盘
10:20:31,28.74,0.01,63,181071,中性盘
10:20:34,28.74,0.0,251,721511,卖盘
10:20:37,28.78,0.04,551,1585093,买盘
10:20:40,28.8,0.02,106,305209,买盘
10:20:43,28.8,0.0,120,345600,买盘
10:20:46,28.8,0.0,130,374156,买盘
10:20:49,28.8,0.0,181,521267,买盘
10:20:52,28.82,0.02,174,499483,买盘
10:20:55,28.8,-0.02,134,386018,卖盘
10:20:58,28.81,0.01,33,95069,中性盘
10:21:01,28.81,0.0,27,77801,买盘
10:21:03,28.81,0.0,99,285370,卖盘
10:21:07,28.83,0.02,83,239217,中性盘
10:21:10,28.84,0.01,130,374645,买盘
10:21:13,28.82,-0.02,195,562339,卖盘
10:21:16,28.83,0.01,129,372082,卖盘
10:21:18,28.83,0.0,30,86514,卖盘
10:21:22,28.84,0.01,49,141322,中性盘
10:21:25,28.84,0.0,112,323053,卖盘
10:21:27,28.84,0.0,62,178827,卖盘
10:21:30,28.85,0.01,163,470161,买盘
10:21:34,28.84,-0.01,364,1051554,卖盘
10:21:37,28.84,0.0,300,865200,买盘
10:21:39,28.83,-0.01,224,646082,卖盘
10:21:43,28.83,0.0,44,125149,卖盘
10:21:46,28.83,0.0,61,175862,买盘
10:21:49,28.82,-0.01,52,149914,卖盘
10:21:52,28.83,0.01,106,305565,买盘
10:21:54,28.82,-0.01,345,994529,卖盘
10:21:57,28.83,0.01,206,595573,买盘
10:22:01,28.83,0.0,33,95145,卖盘
10:22:04,28.83,0.0,269,775660,卖盘
10:22:06,28.83,0.0,106,303881,卖盘
10:22:10,28.83,0.0,90,259456,买盘
10:22:13,28.83,0.0,86,247974,买盘
10:22:15,28.85,0.02,199,573854,买盘
10:22:19,28.83,-0.02,99,285517,中性盘
10:22:22,28.85,0.02,248,715339,买盘
10:22:25,28.85,0.0,123,354803,买盘
10:22:28,28.85,0.0,105,302818,买盘
10:22:30,28.83,-0.02,52,151158,卖盘
10:22:34,28.83,0.0,173,499089,卖盘
10:22:36,28.85,0.02,38,109630,买盘
10:22:40,28.85,0.0,98,282606,买盘
10:22:43,28.85,0.0,206,594260,买盘
10:22:45,28.83,-0.02,59,170142,卖盘
10:22:49,28.83,0.0,49,141296,卖盘
10:22:52,28.83,0.0,232,667776,卖盘
10:22:55,28.85,0.02,44,126926,买盘
10:22:58,28.83,-0.02,78,224988,卖盘
10:23:01,28.83,0.0,212,611411,卖盘
10:23:04,28.85,0.02,51,147088,买盘
10:23:07,28.83,-0.02,300,865045,卖盘
10:23:10,28.83,0.0,75,217079,卖盘
10:23:13,28.85,0.02,1034,2982614,买盘
10:23:16,28.83,-0.02,34,98031,卖盘
10:23:19,28.85,0.02,94,271151,买盘
10:23:21,28.82,-0.03,221,637427,卖盘
10:23:25,28.83,0.01,152,438900,买盘
10:23:28,28.83,0.0,404,1165357,卖盘
10:23:30,28.83,0.0,74,213349,卖盘
10:23:34,28.84,0.01,53,152852,买盘
10:23:37,28.83,-0.01,111,320087,卖盘
10:23:40,28.83,0.0,376,1084316,卖盘
10:23:42,28.83,0.0,138,397932,卖盘
10:23:46,28.83,0.0,178,513348,卖盘
10:23:49,28.83,0.0,107,308555,卖盘
10:23:52,28.84,0.01,140,403726,买盘
10:23:55,28.82,-0.02,58,167232,卖盘
10:23:57,28.82,0.0,130,374791,卖盘
10:24:01,28.85,0.03,107,308516,买盘
10:24:04,28.85,0.0,211,608452,买盘
10:24:06,28.85,0.0,168,484524,买盘
10:24:10,28.83,-0.02,88,253698,卖盘
10:24:13,28.82,-0.01,24,69195,卖盘
10:24:16,28.82,0.0,221,636176,卖盘
10:24:19,28.82,0.0,201,579104,买盘
10:24:22,28.8,-0.02,436,1257359,卖盘
10:24:25,28.79,-0.01,371,1068164,卖盘
10:24:28,28.78,-0.01,333,958395,卖盘
10:24:31,28.78,0.0,43,121608,买盘
10:24:34,28.76,-0.02,56,161056,卖盘
10:24:37,28.76,0.0,424,1219740,卖盘
10:24:39,28.77,0.01,277,796672,买盘
10:24:43,28.75,-0.02,60,172598,卖盘
10:24:46,28.79,0.04,260,748149,买盘
10:24:49,28.76,-0.03,32,92035,卖盘
10:24:52,28.76,0.0,210,604063,卖盘
10:24:55,28.75,-0.01,17,48884,卖盘
10:24:58,28.77,0.02,570,1639212,买盘
10:25:00,28.77,0.0,190,546465,卖盘
10:25:03,28.78,0.01,142,408458,买盘
10:25:07,28.75,-0.03,48,138005,卖盘
10:25:10,28.75,0.0,355,1020342,卖盘
10:25:13,28.75,0.0,12,34465,买盘
10:25:15,28.71,-0.04,336,968303,卖盘
10:25:19,28.71,0.0,9,25839,买盘
10:25:22,28.71,0.0,43,123433,买盘
10:25:25,28.7,-0.01,217,623020,卖盘
10:25:28,28.7,0.0,61,175097,卖盘
10:25:31,28.7,0.0,26,74625,卖盘
10:25:34,28.71,0.01,537,1541197,买盘
10:25:37,28.7,-0.01,45,129136,卖盘
10:25:40,28.7,0.0,79,226731,买盘
10:25:42,28.7,0.0,174,499417,买盘
10:25:46,28.7,0.0,30,86085,买盘
10:25:49,28.7,0.0,166,476174,买盘
10:25:52,28.69,-0.01,362,1038719,卖盘
10:25:55,28.69,0.0,119,341476,卖盘
10:25:58,28.69,0.0,122,350059,卖盘
10:26:01,28.7,0.01,131,375966,买盘
10:26:04,28.7,0.0,322,924119,卖盘
10:26:07,28.68,-0.02,34,97536,卖盘
10:26:10,28.7,0.02,152,436146,买盘
10:26:13,28.7,0.0,66,189380,买盘
10:26:16,28.7,0.0,227,651948,卖盘
10:26:19,28.7,0.0,135,387451,卖盘
10:26:21,28.7,0.0,82,235332,买盘
10:26:24,28.69,-0.01,61,175042,卖盘
10:26:27,28.71,0.02,226,648636,买盘
10:26:31,28.69,-0.02,121,347150,卖盘
10:26:34,28.7,0.01,105,300022,买盘
10:26:37,28.7,0.0,184,528104,卖盘
10:26:40,28.7,0.0,172,493640,卖盘
10:26:43,28.7,0.0,23,66008,中性盘
10:26:46,28.7,0.0,20,57403,卖盘
10:26:48,28.69,-0.01,106,304183,卖盘
10:26:52,28.7,0.01,62,177936,中性盘
10:26:55,28.7,0.0,21,60270,卖盘
10:26:58,28.7,0.0,69,198000,买盘
10:27:01,28.7,0.0,40,114777,买盘
10:27:04,28.7,0.0,172,493533,买盘
10:27:07,28.69,-0.01,47,134845,卖盘
10:27:10,28.7,0.01,70,200899,买盘
10:27:13,28.7,0.0,13,37308,买盘
10:27:16,28.69,-0.01,208,596869,卖盘
10:27:19,28.69,0.0,30,86084,卖盘
10:27:21,28.69,0.0,60,172141,卖盘
10:27:25,28.68,-0.01,84,240993,卖盘
10:27:27,28.69,0.01,33,94650,买盘
10:27:31,28.65,-0.04,648,1858716,卖盘
10:27:34,28.66,0.01,443,1269616,买盘
10:27:37,28.66,0.0,46,131807,买盘
10:27:39,28.66,0.0,17,48717,买盘
10:27:43,28.66,0.0,130,372469,买盘
10:27:46,28.65,-0.01,187,535759,卖盘
10:27:49,28.65,0.0,1124,3221027,卖盘
10:27:52,28.62,-0.03,18,51632,卖盘
10:27:55,28.66,0.04,1115,3194775,买盘
10:27:58,28.65,-0.01,156,447033,卖盘
10:28:01,28.65,0.0,162,464157,卖盘
10:28:04,28.65,0.0,116,332391,卖盘
10:28:07,28.66,0.01,178,510107,买盘
10:28:10,28.66,0.0,1709,4897896,买盘
10:28:12,28.66,0.0,360,1031261,买盘
10:28:16,28.66,0.0,63,180586,卖盘
10:28:19,28.67,0.01,51,146204,买盘
10:28:22,28.66,-0.01,32,91728,卖盘
10:28:25,28.66,0.0,81,232210,卖盘
10:28:28,28.67,0.01,104,298161,买盘
10:28:31,28.68,0.01,56,160581,买盘
10:28:33,28.68,0.0,107,306846,买盘
10:28:37,28.68,0.0,164,469037,买盘
10:28:39,28.68,0.0,78,223641,买盘
10:28:43,28.68,0.0,21,60224,买盘
10:28:46,28.66,-0.02,66,190852,卖盘
10:28:49,28.67,0.01,39,111829,中性盘
10:28:52,28.67,0.0,64,183549,卖盘
10:28:55,28.67,0.0,46,131907,卖盘
10:28:58,28.68,0.01,43,123309,买盘
10:29:01,28.68,0.0,233,668494,卖盘
10:29:04,28.7,0.02,195,559590,买盘
10:29:06,28.68,-0.02,149,427467,卖盘
10:29:09,28.68,0.0,131,375729,卖盘
10:29:12,28.7,0.02,164,470599,买盘
10:29:15,28.69,-0.01,6,17216,卖盘
10:29:19,28.7,0.01,117,335622,买盘
10:29:22,28.7,0.0,46,131983,买盘
10:29:25,28.7,0.0,216,619880,买盘
10:29:28,28.69,-0.01,42,120530,卖盘
10:29:31,28.7,0.01,174,499410,买盘
10:29:33,28.7,0.0,158,453466,卖盘
10:29:37,28.7,0.0,16,45920,卖盘
10:29:40,28.7,0.0,12,34440,卖盘
10:29:43,28.71,0.01,167,479298,买盘
10:29:46,28.71,0.0,103,295662,买盘
10:29:49,28.7,-0.01,66,189450,卖盘
10:29:52,28.69,-0.01,29,83236,卖盘
10:29:55,28.7,0.01,46,132000,买盘
10:29:58,28.7,0.0,34,97584,卖盘
10:30:01,28.71,0.01,83,238259,买盘
10:30:04,28.71,0.0,159,456403,买盘
10:30:07,28.71,0.0,88,252592,买盘
10:30:10,28.68,-0.03,98,281302,卖盘
10:30:13,28.7,0.02,61,175062,买盘
10:30:16,28.7,0.0,74,212380,买盘
10:30:19,28.69,-0.01,29,83214,卖盘
10:30:22,28.7,0.01,64,183654,买盘
10:30:25,28.72,0.02,208,597050,买盘
10:30:28,28.7,-0.02,107,307181,卖盘
10:30:31,28.7,0.0,27,77487,买盘
10:30:34,28.72,0.02,132,378926,买盘
10:30:37,28.71,-0.01,98,281287,中性盘
10:30:40,28.71,0.0,57,163633,买盘
10:30:43,28.72,0.01,446,1280468,买盘
10:30:46,28.72,0.0,121,347491,买盘
10:30:49,28.73,0.01,218,626201,买盘
10:30:51,28.73,0.0,86,247188,卖盘
10:30:54,28.74,0.01,270,776242,中性盘
10:30:58,28.75,0.01,135,388240,卖盘
10:31:01,28.75,0.0,134,385369,卖盘
10:31:04,28.75,0.0,107,307681,卖盘
10:31:07,28.76,0.01,228,655907,中性盘
10:31:10,28.76,0.0,50,143842,卖盘
10:31:12,28.76,0.0,288,828575,卖盘
10:31:15,28.77,0.01,982,2825546,买盘
10:31:18,28.78,0.01,371,1067578,买盘
10:31:22,28.78,0.0,150,432369,卖盘
10:31:24,28.79,0.01,124,356940,买盘
10:31:28,28.79,0.0,44,126670,买盘
10:31:31,28.79,0.0,111,319505,买盘
10:31:34,28.79,0.0,143,411685,买盘
10:31:37,28.8,0.01,220,633402,买盘
10:31:39,28.79,-0.01,212,610241,卖盘
10:31:43,28.78,-0.01,401,1153654,卖盘
10:31:45,28.78,0.0,78,224541,卖盘
10:31:48,28.75,-0.03,617,1774137,卖盘
10:31:52,28.75,0.0,123,353619,买盘
10:31:55,28.74,-0.01,128,367991,卖盘
10:31:58,28.74,0.0,80,229931,买盘
10:32:01,28.75,0.01,31,89113,买盘
10:32:04,28.74,-0.01,148,425463,卖盘
10:32:06,28.74,0.0,97,278785,买盘
10:32:10,28.75,0.01,102,293804,买盘
10:32:13,28.75,0.0,229,658373,买盘
10:32:15,28.74,-0.01,424,1217070,卖盘
10:32:18,28.74,0.0,335,962981,买盘
10:32:22,28.75,0.01,187,537597,买盘
10:32:24,28.76,0.01,332,952236,买盘
10:32:28,28.76,0.0,155,445672,中性盘
10:32:31,28.78,0.02,341,980613,买盘
10:32:33,28.78,0.0,79,227346,买盘
10:32:37,28.77,-0.01,81,233127,卖盘
10:32:40,28.79,0.02,48,138169,买盘
10:32:43,28.79,0.0,129,371341,买盘
10:32:46,28.79,0.0,185,534007,买盘
10:32:49,28.79,0.0,133,382802,卖盘
10:32:52,28.79,0.0,74,212995,买盘
10:32:55,28.78,-0.01,259,744113,卖盘
10:32:58,28.77,-0.01,160,460561,卖盘
10:33:01,28.78,0.01,120,345291,买盘
10:33:04,28.78,0.0,474,1363044,买盘
10:33:07,28.79,0.01,447,1286739,买盘
10:33:10,28.78,-0.01,32,92109,中性盘
10:33:13,28.77,-0.01,379,1090819,卖盘
10:33:16,28.77,0.0,37,106432,买盘
10:33:19,28.77,0.0,190,546228,买盘
10:33:21,28.76,-0.01,21,62341,中性盘
10:33:25,28.76,0.0,203,583840,买盘
10:33:28,28.76,0.0,72,207118,中性盘
10:33:30,28.77,0.01,92,264633,买盘
10:33:34,28.76,-0.01,66,189870,卖盘
10:33:37,28.76,0.0,110,316423,卖盘
10:33:40,28.73,-0.03,46,132334,卖盘
10:33:43,28.75,0.02,30,86299,中性盘
10:33:46,28.73,-0.02,59,169655,卖盘
10:33:49,28.74,0.01,130,373569,卖盘
10:33:52,28.74,0.0,16,45984,买盘
10:33:55,28.73,-0.01,62,178173,卖盘
10:33:58,28.73,0.0,33,94813,卖盘
10:34:01,28.73,0.0,40,114902,买盘
10:34:04,28.73,0.0,94,270059,买盘
10:34:07,28.73,0.0,143,410826,买盘
10:34:10,28.73,0.0,187,537227,买盘
10:34:13,28.73,0.0,102,293029,买盘
10:34:15,28.73,0.0,39,112044,卖盘
10:34:19,28.73,0.0,163,468428,买盘
10:34:21,28.73,0.0,67,192426,买盘
10:34:24,28.72,-0.01,89,255608,中性盘
10:34:28,28.71,-0.01,47,134962,卖盘
10:34:30,28.72,0.01,65,186690,买盘
10:34:34,28.72,0.0,109,313021,买盘
10:34:37,28.71,-0.01,171,490970,卖盘
10:34:40,28.71,0.0,137,393294,买盘
10:34:43,28.7,-0.01,43,123450,卖盘
10:34:47,28.7,0.0,480,1377586,卖盘
10:34:49,28.7,0.0,278,797791,买盘
10:34:52,28.7,0.0,295,846387,买盘
10:34:55,28.7,0.0,107,306999,买盘
10:34:58,28.67,-0.03,170,487580,卖盘
10:35:01,28.7,0.03,138,395902,买盘
10:35:04,28.69,-0.01,86,246675,卖盘
10:35:07,28.7,0.01,111,318506,买盘
10:35:10,28.69,-0.01,45,129107,买盘
10:35:13,28.68,-0.01,71,203734,卖盘
10:35:16,28.69,0.01,47,134845,买盘
10:35:19,28.68,-0.01,32,91789,卖盘
10:35:22,28.69,0.01,134,384360,买盘
10:35:25,28.68,-0.01,218,625297,卖盘
10:35:28,28.68,0.0,100,286883,中性盘
10:35:31,28.68,0.0,45,129058,买盘
10:35:34,28.69,0.01,155,444582,买盘
10:35:37,28.7,0.01,138,395875,买盘
10:35:40,28.68,-0.02,151,433211,卖盘
10:35:43,28.67,-0.01,538,1543187,卖盘
10:35:46,28.69,0.02,100,286915,买盘
10:35:49,28.69,0.0,44,126251,买盘
10:35:52,28.68,-0.01,206,590196,卖盘
10:35:55,28.69,0.01,57,163572,卖盘
10:35:58,28.69,0.0,105,301310,卖盘
10:36:00,28.68,-0.01,145,414746,卖盘
10:36:03,28.68,0.0,356,1021117,买盘
10:36:07,28.67,-0.01,259,743076,卖盘
10:36:09,28.67,0.0,233,668328,卖盘
10:36:13,28.68,0.01,405,1161869,买盘
10:36:16,28.69,0.01,252,723036,买盘
10:36:19,28.69,0.0,87,249652,卖盘
10:36:22,28.69,0.0,502,1440708,卖盘
10:36:25,28.69,0.0,74,212304,买盘
10:36:28,28.69,0.0,570,1635347,买盘
10:36:31,28.69,0.0,137,393102,买盘
10:36:34,28.69,0.0,189,542335,卖盘
10:36:37,28.69,0.0,110,315642,卖盘
10:36:40,28.7,0.01,329,944180,买盘
10:36:43,28.69,-0.01,100,286984,中性盘
10:36:46,28.69,0.0,106,304214,中性盘
10:36:49,28.7,0.01,61,175062,买盘
10:36:52,28.7,0.0,238,682987,中性盘
10:36:55,28.69,-0.01,90,258296,卖盘
10:36:57,28.7,0.01,628,1803191,买盘
10:37:00,28.71,0.01,119,341531,买盘
10:37:03,28.71,0.0,251,720944,卖盘
10:37:07,28.71,0.0,44,126356,卖盘
10:37:10,28.71,0.0,101,290041,卖盘
10:37:13,28.7,-0.01,50,143516,卖盘
10:37:16,28.7,0.0,97,278457,买盘
10:37:19,28.69,-0.01,40,114821,卖盘
10:37:21,28.72,0.03,289,831410,买盘
10:37:24,28.72,0.0,35,100503,卖盘
10:37:28,28.74,0.02,68,195317,买盘
10:37:31,28.74,0.0,76,218378,买盘
10:37:34,28.7,-0.04,160,459652,卖盘
10:37:37,28.74,0.04,161,462283,买盘
10:37:40,28.7,-0.04,68,195219,中性盘
10:37:42,28.72,0.02,109,313011,买盘
10:37:46,28.7,-0.02,69,196294,卖盘
10:37:49,28.7,0.0,31,89007,卖盘
10:37:52,28.7,0.0,432,1242624,卖盘
10:37:55,28.72,0.02,45,129425,中性盘
10:37:58,28.77,0.05,140,402511,买盘
10:38:02,28.77,0.0,348,999305,卖盘
10:38:04,28.79,0.02,96,276262,买盘
10:38:07,28.76,-0.03,103,296465,卖盘
10:38:10,28.77,0.01,29,83421,买盘
10:38:13,28.72,-0.05,105,302128,卖盘
10:38:17,28.73,0.01,67,192628,卖盘
10:38:19,28.72,-0.01,153,440446,卖盘
10:38:22,28.76,0.04,201,578520,卖盘
10:38:25,28.74,-0.02,118,339377,卖盘
10:38:28,28.74,0.0,20,57466,买盘
10:38:31,28.74,0.0,116,333424,买盘
10:38:35,28.75,0.01,61,175342,买盘
10:38:38,28.74,-0.01,75,215624,卖盘
10:38:40,28.74,0.0,197,566056,卖盘
10:38:43,28.76,0.02,59,168269,买盘
10:38:47,28.72,-0.04,18,51722,卖盘
10:38:49,28.74,0.02,79,229010,买盘
10:38:52,28.72,-0.02,33,94779,中性盘
10:38:54,28.71,-0.01,29,83245,买盘
10:38:58,28.7,-0.01,105,301412,卖盘
10:39:01,28.7,0.0,116,332958,卖盘
10:39:04,28.71,0.01,161,462190,买盘
10:39:07,28.72,0.01,143,410468,买盘
10:39:10,28.71,-0.01,83,238269,中性盘
10:39:13,28.68,-0.03,195,557377,卖盘
10:39:17,28.7,0.02,62,177882,买盘
10:39:19,28.69,-0.01,72,206609,中性盘
10:39:22,28.68,-0.01,89,255304,卖盘
10:39:25,28.68,0.0,244,700034,买盘
10:39:28,28.67,-0.01,121,346968,卖盘
10:39:32,28.67,0.0,239,685387,卖盘
10:39:34,28.66,-0.01,143,410047,卖盘
10:39:37,28.7,0.04,76,218160,买盘
10:39:40,28.69,-0.01,93,266912,中性盘
10:39:43,28.7,0.01,32,91830,买盘
10:39:47,28.72,0.02,26,74645,买盘
10:39:49,28.68,-0.04,58,166347,卖盘
10:39:52,28.68,0.0,65,186460,买盘
10:39:55,28.68,0.0,43,123358,卖盘
10:39:58,28.67,-0.01,83,238022,卖盘
10:40:01,28.67,0.0,397,1138142,卖盘
10:40:04,28.68,0.01,75,215026,买盘
10:40:06,28.66,-0.02,190,546889,卖盘
10:40:10,28.7,0.04,75,213207,买盘
10:40:13,28.66,-0.04,659,1887526,卖盘
10:40:17,28.7,0.04,79,226682,买盘
10:40:19,28.65,-0.05,181,519482,卖盘
10:40:22,28.65,0.0,109,312285,买盘
10:40:25,28.65,0.0,1617,4626556,买盘
10:40:28,28.65,0.0,340,974067,买盘
10:40:31,28.66,0.01,314,900197,买盘
10:40:34,28.71,0.05,114,327203,买盘
10:40:37,28.7,-0.01,218,625987,卖盘
10:40:39,28.71,0.01,248,711950,卖盘
10:40:43,28.71,0.0,91,260708,买盘
10:40:47,28.69,-0.02,73,210480,中性盘
10:40:49,28.71,0.02,39,111947,买盘
10:40:52,28.69,-0.02,29,83230,中性盘
10:40:55,28.69,0.0,19,54510,买盘
10:40:58,28.67,-0.02,35,100348,中性盘
10:41:02,28.69,0.02,107,306711,买盘
10:41:04,28.69,0.0,47,134823,买盘
10:41:07,28.69,0.0,90,258276,卖盘
10:41:10,28.7,0.01,226,648634,买盘
10:41:13,28.7,0.0,233,668547,买盘
10:41:17,28.7,0.0,129,370174,买盘
10:41:19,28.69,-0.01,42,120517,卖盘
10:41:22,28.68,-0.01,118,338581,卖盘
10:41:25,28.67,-0.01,106,304033,卖盘
10:41:28,28.71,0.04,180,516448,买盘
10:41:32,28.7,-0.01,230,660203,卖盘
10:41:34,28.7,0.0,180,516643,卖盘
10:41:37,28.69,-0.01,61,175058,卖盘
10:41:40,28.69,0.0,10,28690,买盘
10:41:42,28.68,-0.01,13,37284,中性盘
10:41:47,28.68,0.0,38,108968,买盘
10:41:49,28.67,-0.01,38,108959,卖盘
10:41:52,28.67,0.0,89,255165,卖盘
10:41:55,28.66,-0.01,16,45871,卖盘
10:41:58,28.66,0.0,15,43001,卖盘
10:42:02,28.67,0.01,89,255154,买盘
10:42:04,28.66,-0.01,118,338242,卖盘
10:42:07,28.66,0.0,37,106043,买盘
10:42:10,28.66,0.0,10,28660,卖盘
10:42:13,28.64,-0.02,341,976996,卖盘
10:42:16,28.64,0.0,19,54422,卖盘
10:42:19,28.64,0.0,16,44854,买盘
10:42:22,28.6,-0.04,247,707113,卖盘
10:42:25,28.64,0.04,148,423391,买盘
10:42:28,28.62,-0.02,42,120231,中性盘
10:42:31,28.63,0.01,15,44079,买盘
10:42:34,28.62,-0.01,36,103051,卖盘
10:42:37,28.61,-0.01,104,297692,卖盘
10:42:40,28.62,0.01,18,51509,卖盘
10:42:43,28.62,0.0,60,171718,买盘
10:42:47,28.62,0.0,87,248366,买盘
10:42:49,28.6,-0.02,28,80624,卖盘
10:42:53,28.6,0.0,74,211631,买盘
10:42:55,28.59,-0.01,59,168728,中性盘
10:42:58,28.59,0.0,92,263098,中性盘
10:43:02,28.61,0.02,398,1138233,买盘
10:43:04,28.6,-0.01,125,357428,中性盘
10:43:07,28.6,0.0,56,160166,卖盘
10:43:10,28.6,0.0,180,514960,卖盘
10:43:13,28.59,-0.01,226,646556,卖盘
10:43:17,28.6,0.01,49,140147,买盘
10:43:19,28.59,-0.01,100,285927,卖盘
10:43:22,28.59,0.0,40,114363,中性盘
10:43:25,28.6,0.01,582,1665949,买盘
10:43:28,28.6,0.0,182,520520,卖盘
10:43:32,28.66,0.06,76,217488,买盘
10:43:34,28.61,-0.05,56,160173,中性盘
10:43:37,28.6,-0.01,79,225983,卖盘
10:43:40,28.6,0.0,71,203074,买盘
10:43:43,28.61,0.01,24,68645,买盘
10:43:46,28.62,0.01,54,154451,买盘
10:43:49,28.6,-0.02,129,369057,卖盘
10:43:53,28.6,0.0,262,749319,买盘
10:43:55,28.62,0.02,148,423385,买盘
10:43:58,28.6,-0.02,137,391834,卖盘
10:44:02,28.62,0.02,109,311691,买盘
10:44:04,28.62,0.0,53,151637,买盘
10:44:08,28.6,-0.02,302,863734,卖盘
10:44:10,28.59,-0.01,106,303138,卖盘
10:44:14,28.59,0.0,117,334521,买盘
10:44:17,28.58,-0.01,19,54320,卖盘
10:44:19,28.59,0.01,146,417319,卖盘
10:44:22,28.58,-0.01,122,348666,卖盘
10:44:25,28.59,0.01,89,254445,买盘
10:44:28,28.58,-0.01,42,120030,买盘
10:44:32,28.58,0.0,77,220066,卖盘
10:44:34,28.59,0.01,70,200097,买盘
10:44:37,28.58,-0.01,101,288656,卖盘
10:44:40,28.58,0.0,92,262894,买盘
10:44:44,28.58,0.0,91,260033,买盘
10:44:47,28.56,-0.02,249,711361,卖盘
10:44:49,28.56,0.0,44,125693,卖盘
10:44:53,28.56,0.0,16,45704,卖盘
10:44:55,28.57,0.01,14,39994,买盘
10:44:58,28.56,-0.01,47,134255,卖盘
10:45:02,28.56,0.0,541,1545094,卖盘
10:45:04,28.56,0.0,158,451277,买盘
10:45:07,28.56,0.0,36,102787,买盘
10:45:10,28.55,-0.01,135,385425,卖盘
10:45:14,28.55,0.0,323,922222,卖盘
10:45:17,28.55,0.0,66,188449,卖盘
10:45:19,28.56,0.01,37,105666,买盘
10:45:23,28.55,-0.01,69,197009,卖盘
10:45:25,28.54,-0.01,148,422544,卖盘
10:45:28,28.56,0.02,63,179891,买盘
10:45:32,28.56,0.0,110,314117,买盘
10:45:34,28.56,0.0,293,836766,买盘
10:45:38,28.56,0.0,172,491135,买盘
10:45:40,28.55,-0.01,88,251275,卖盘
10:45:44,28.55,0.0,107,305499,卖盘
10:45:47,28.54,-0.01,173,493984,卖盘
10:45:49,28.56,0.02,430,1228199,买盘
10:45:53,28.56,0.0,124,354239,卖盘
10:45:55,28.57,0.01,34,97125,买盘
10:45:58,28.56,-0.01,53,151376,卖盘
10:46:02,28.55,-0.01,169,482611,卖盘
10:46:04,28.55,0.0,98,279778,买盘
10:46:08,28.55,0.0,117,334017,买盘
10:46:10,28.56,0.01,241,688070,买盘
10:46:14,28.54,-0.02,236,673616,卖盘
10:46:16,28.55,0.01,216,616455,买盘
10:46:19,28.55,0.0,222,633839,卖盘
10:46:22,28.56,0.01,125,356927,买盘
10:46:25,28.55,-0.01,355,1013605,卖盘
10:46:28,28.56,0.01,127,362590,买盘
10:46:31,28.55,-0.01,41,117057,卖盘
10:46:35,28.55,0.0,95,271254,买盘
10:46:38,28.56,0.01,54,154196,买盘
10:46:40,28.55,-0.01,42,119910,卖盘
10:46:44,28.55,0.0,73,208365,买盘
10:46:46,28.55,0.0,29,82795,买盘
10:46:49,28.54,-0.01,80,228327,卖盘
10:46:52,28.54,0.0,27,77058,买盘
10:46:55,28.54,0.0,19,54224,买盘
10:46:58,28.53,-0.01,67,191191,卖盘
10:47:02,28.54,0.01,44,125560,买盘
10:47:04,28.53,-0.01,470,1341024,卖盘
10:47:08,28.53,0.0,72,205456,卖盘
10:47:10,28.54,0.01,119,339592,买盘
10:47:13,28.53,-0.01,89,254008,卖盘
10:47:16,28.53,0.0,72,205424,卖盘
10:47:19,28.53,0.0,183,521996,买盘
10:47:22,28.52,-0.01,352,1003986,卖盘
10:47:25,28.51,-0.01,5086,14497961,卖盘
10:47:28,28.53,0.02,583,1663417,买盘
10:47:32,28.53,0.0,193,550559,买盘
10:47:34,28.51,-0.02,167,476343,卖盘
10:47:37,28.51,0.0,35,99795,买盘
10:47:40,28.5,-0.01,31,88386,卖盘
10:47:44,28.5,0.0,361,1028867,卖盘
10:47:46,28.5,0.0,75,213810,卖盘
10:47:49,28.52,0.02,93,265115,买盘
10:47:53,28.51,-0.01,183,521621,卖盘
10:47:55,28.5,-0.01,238,678307,卖盘
10:47:58,28.5,0.0,53,151051,卖盘
10:48:01,28.5,0.0,136,387585,买盘
10:48:05,28.51,0.01,795,2266452,买盘
10:48:07,28.51,0.0,83,236576,卖盘
10:48:10,28.51,0.0,63,179646,卖盘
10:48:14,28.53,0.02,746,2128217,买盘
10:48:17,28.55,0.02,235,670857,买盘
10:48:19,28.53,-0.02,144,410950,中性盘
10:48:22,28.53,0.0,36,102670,买盘
10:48:25,28.52,-0.01,242,690158,买盘
10:48:28,28.51,-0.01,89,253840,卖盘
10:48:32,28.51,0.0,180,513317,卖盘
10:48:34,28.5,-0.01,491,1399427,卖盘
10:48:38,28.5,0.0,302,860733,买盘
10:48:40,28.49,-0.01,67,189193,卖盘
10:48:44,28.49,0.0,25,71235,卖盘
10:48:47,28.5,0.01,39,111146,买盘
10:48:49,28.5,0.0,175,498761,买盘
10:48:53,28.5,0.0,114,324937,卖盘
10:48:55,28.5,0.0,200,570020,卖盘
10:48:58,28.5,0.0,77,219489,卖盘
10:49:02,28.51,0.01,269,766689,买盘
10:49:04,28.52,0.01,72,205319,买盘
10:49:08,28.51,-0.01,128,364945,卖盘
10:49:10,28.52,0.01,63,179629,中性盘
10:49:14,28.52,0.0,120,342114,买盘
10:49:17,28.51,-0.01,64,182440,中性盘
10:49:19,28.51,0.0,57,162492,买盘
10:49:22,28.5,-0.01,82,233747,卖盘
10:49:25,28.51,0.01,71,202437,中性盘
10:49:28,28.51,0.0,175,498950,卖盘
10:49:32,28.51,0.0,312,889554,卖盘
10:49:34,28.5,-0.01,181,515915,卖盘
10:49:37,28.5,0.0,384,1094605,卖盘
10:49:40,28.5,0.0,83,236555,卖盘
10:49:44,28.5,0.0,212,604214,卖盘
10:49:46,28.5,0.0,142,404717,买盘
10:49:49,28.51,0.01,143,407542,买盘
10:49:53,28.5,-0.01,41,116848,中性盘
10:49:55,28.5,0.0,37,105429,买盘
10:49:58,28.49,-0.01,54,153848,卖盘
10:50:01,28.5,0.01,183,521402,买盘
10:50:04,28.49,-0.01,84,241053,卖盘
10:50:07,28.49,0.0,19,54131,买盘
10:50:10,28.49,0.0,30,85446,买盘
10:50:13,28.49,0.0,16,45584,买盘
10:50:16,28.49,0.0,253,720642,买盘
10:50:19,28.47,-0.02,340,968298,卖盘
10:50:22,28.47,0.0,78,222076,卖盘
10:50:25,28.46,-0.01,227,646194,卖盘
10:50:28,28.47,0.01,8,22776,买盘
10:50:32,28.47,0.0,71,202076,买盘
10:50:34,28.47,0.0,97,276129,买盘
10:50:38,28.47,0.0,156,443991,买盘
10:50:40,28.47,0.0,967,2752905,买盘
10:50:44,28.48,0.01,374,1064793,买盘
10:50:47,28.46,-0.02,117,331719,卖盘
10:50:49,28.46,0.0,134,381368,买盘
10:50:53,28.45,-0.01,173,492193,卖盘
10:50:55,28.45,0.0,106,301579,卖盘
10:50:58,28.45,0.0,111,315805,卖盘
10:51:02,28.45,0.0,210,598870,卖盘
10:51:04,28.45,0.0,84,238968,买盘
10:51:07,28.45,0.0,107,301998,买盘
10:51:10,28.45,0.0,127,361031,买盘
10:51:14,28.42,-0.03,13,36961,卖盘
10:51:17,28.42,0.0,24,68219,卖盘
10:51:19,28.44,0.02,17,48334,买盘
10:51:23,28.44,0.0,784,2229743,买盘
10:51:25,28.44,0.0,80,227416,卖盘
10:51:28,28.43,-0.01,140,398041,卖盘
10:51:31,28.42,-0.01,159,453717,卖盘
10:51:34,28.43,0.01,80,227425,买盘
10:51:37,28.42,-0.01,170,483150,卖盘
10:51:40,28.42,0.0,124,352509,中性盘
10:51:44,28.43,0.01,70,197977,买盘
10:51:46,28.43,0.0,28,79590,买盘
10:51:50,28.42,-0.01,132,375017,买盘
10:51:53,28.42,0.0,75,213147,买盘
10:51:55,28.42,0.0,47,134530,买盘
10:51:58,28.39,-0.03,697,1978229,卖盘
10:52:01,28.39,0.0,77,218646,卖盘
10:52:05,28.39,0.0,62,176017,买盘
10:52:07,28.39,0.0,266,754960,买盘
10:52:10,28.39,0.0,112,317961,买盘
10:52:14,28.38,-0.01,378,1072792,卖盘
10:52:17,28.38,0.0,6,17028,买盘
10:52:19,28.37,-0.01,81,229805,卖盘
10:52:23,28.37,0.0,18,51056,买盘
10:52:25,28.36,-0.01,162,459509,卖盘
10:52:28,28.36,0.0,63,178680,卖盘
10:52:32,28.35,-0.01,195,553114,卖盘
10:52:34,28.36,0.01,76,216268,卖盘
10:52:37,28.35,-0.01,21,59542,卖盘
10:52:40,28.35,0.0,30,85058,卖盘
10:52:44,28.36,0.01,120,340209,买盘
10:52:46,28.36,0.0,532,1509105,买盘
10:52:49,28.36,0.0,110,311962,买盘
10:52:52,28.36,0.0,134,379987,卖盘
10:52:55,28.37,0.01,59,167331,买盘
10:52:58,28.36,-0.01,51,144637,卖盘
10:53:02,28.36,0.0,399,1131563,卖盘
10:53:04,28.36,0.0,189,535985,买盘
10:53:08,28.36,0.0,32,90751,买盘
10:53:11,28.35,-0.01,158,447943,卖盘
10:53:14,28.35,0.0,115,325361,卖盘
10:53:16,28.35,0.0,557,1579606,买盘
10:53:20,28.35,0.0,36,102049,买盘
10:53:22,28.34,-0.01,85,240904,卖盘
10:53:25,28.34,0.0,135,382669,卖盘
10:53:28,28.35,0.01,174,493183,买盘
10:53:32,28.35,0.0,156,442149,买盘
10:53:35,28.35,0.0,127,359972,买盘
10:53:37,28.35,0.0,451,1278530,买盘
10:53:40,28.35,0.0,203,575484,卖盘
10:53:44,28.36,0.01,194,550033,买盘
10:53:47,28.35,-0.01,140,396934,卖盘
10:53:49,28.35,0.0,111,314767,卖盘
10:53:53,28.35,0.0,559,1585533,卖盘
10:53:55,28.36,0.01,416,1179310,买盘
10:53:58,28.36,0.0,524,1486014,买盘
10:54:02,28.36,0.0,518,1469404,卖盘
10:54:05,28.36,0.0,60,170140,买盘
10:54:07,28.35,-0.01,196,555842,卖盘
10:54:10,28.36,0.01,241,683553,买盘
10:54:14,28.35,-0.01,117,331903,卖盘
10:54:17,28.36,0.01,212,601285,中性盘
10:54:18,28.38,0.02,43,122010,买盘
10:54:23,28.36,-0.02,73,207098,卖盘
10:54:26,28.37,0.01,164,465300,中性盘
10:54:28,28.38,0.01,31,87978,卖盘
10:54:32,28.38,0.0,29,82308,卖盘
10:54:34,28.36,-0.02,299,848552,卖盘
10:54:38,28.36,0.0,55,156022,卖盘
10:54:40,28.36,0.0,61,173052,卖盘
10:54:43,28.38,0.02,18,51059,买盘
10:54:46,28.36,-0.02,260,735344,卖盘
10:54:49,28.38,0.02,38,107832,买盘
10:54:52,28.38,0.0,55,156086,买盘
10:54:56,28.36,-0.02,73,207074,卖盘
10:54:58,28.36,0.0,57,161664,卖盘
10:55:01,28.38,0.02,40,113506,买盘
10:55:04,28.36,-0.02,282,799761,卖盘
10:55:08,28.36,0.0,62,175830,买盘
10:55:11,28.36,0.0,38,107768,买盘
10:55:13,28.36,0.0,133,377187,买盘
10:55:16,28.35,-0.01,32,90739,卖盘
10:55:20,28.36,0.01,118,334677,买盘
10:55:22,28.35,-0.01,106,300577,卖盘
10:55:26,28.36,0.01,97,275055,买盘
10:55:29,28.36,0.0,171,484818,买盘
10:55:31,28.35,-0.01,481,1363891,卖盘
10:55:34,28.35,0.0,105,297738,卖盘
10:55:37,28.35,0.0,88,249538,卖盘
10:55:40,28.37,0.02,873,2475596,买盘
10:55:43,28.37,0.0,69,195753,卖盘
10:55:46,28.37,0.0,19,53905,卖盘
10:55:49,28.37,0.0,89,252518,卖盘
10:55:52,28.37,0.0,24,68102,卖盘
10:55:56,28.37,0.0,965,2739773,卖盘
10:55:58,28.38,0.01,285,808685,卖盘
10:56:02,28.39,0.01,173,491099,中性盘
10:56:04,28.39,0.0,94,269340,卖盘
10:56:07,28.38,-0.01,184,522320,卖盘
10:56:10,28.39,0.01,61,173205,卖盘
10:56:13,28.4,0.01,53,150487,买盘
10:56:16,28.39,-0.01,45,127768,卖盘
10:56:18,28.39,0.0,111,315137,卖盘
10:56:22,28.39,0.0,27,76655,卖盘
10:56:25,28.39,0.0,154,434947,卖盘
10:56:28,28.38,-0.01,47,133417,卖盘
10:56:32,28.39,0.01,105,298092,买盘
10:56:34,28.38,-0.01,270,766468,卖盘
10:56:38,28.39,0.01,137,388901,买盘
10:56:39,28.38,-0.01,40,113522,卖盘
10:56:44,28.38,0.0,575,1631944,卖盘
10:56:45,28.37,-0.01,264,749253,卖盘
10:56:49,28.38,0.01,285,809042,买盘
10:56:52,28.37,-0.01,92,261077,卖盘
10:56:56,28.38,0.01,97,275264,买盘
10:56:57,28.37,-0.01,94,266691,卖盘
10:57:01,28.37,0.0,76,215642,卖盘
10:57:04,28.38,0.01,125,354722,买盘
10:57:07,28.38,0.0,233,662681,买盘
10:57:10,28.36,-0.02,124,351905,卖盘
10:57:12,28.37,0.01,196,556083,买盘
10:57:16,28.37,0.0,99,280883,买盘
10:57:18,28.36,-0.01,91,258150,卖盘
10:57:22,28.37,0.01,128,363058,买盘
10:57:25,28.36,-0.01,277,785598,卖盘
10:57:28,28.36,0.0,167,473475,买盘
10:57:31,28.35,-0.01,19,53875,卖盘
10:57:34,28.36,0.01,399,1131554,买盘
10:57:37,28.36,0.0,105,297767,卖盘
10:57:41,28.36,0.0,185,524736,卖盘
10:57:42,28.36,0.0,117,331784,买盘
10:57:46,28.37,0.01,167,473682,买盘
10:57:49,28.35,-0.02,76,215519,卖盘
10:57:51,28.35,0.0,41,116261,卖盘
10:57:55,28.36,0.01,120,340361,买盘
10:57:58,28.36,0.0,109,309140,卖盘
10:58:01,28.36,0.0,84,238262,卖盘
10:58:04,28.37,0.01,94,266663,买盘
10:58:07,28.36,-0.01,67,190050,卖盘
10:58:10,28.36,0.0,37,104956,卖盘
10:58:14,28.36,0.0,98,277987,卖盘
10:58:17,28.36,0.0,377,1069487,卖盘
10:58:20,28.37,0.01,93,263785,买盘
10:58:21,28.37,0.0,190,538967,买盘
10:58:25,28.38,0.01,474,1344672,买盘
10:58:27,28.35,-0.03,577,1636314,卖盘
10:58:31,28.35,0.0,214,606832,卖盘
10:58:34,28.35,0.0,190,538900,卖盘
10:58:37,28.36,0.01,58,164480,买盘
10:58:40,28.35,-0.01,230,652332,卖盘
10:58:43,28.35,0.0,54,153103,卖盘
10:58:46,28.35,0.0,482,1366881,卖盘
10:58:48,28.35,0.0,283,802408,卖盘
10:58:52,28.35,0.0,52,147430,卖盘
10:58:55,28.36,0.01,95,269430,买盘
10:58:58,28.36,0.0,186,527496,卖盘
10:59:00,28.36,0.0,99,280713,卖盘
10:59:04,28.35,-0.01,142,402666,卖盘
10:59:07,28.36,0.01,26,73731,买盘
10:59:09,28.36,0.0,247,700492,买盘
10:59:13,28.35,-0.01,88,249537,卖盘
10:59:16,28.36,0.01,159,450899,买盘
10:59:19,28.36,0.0,52,147472,卖盘
10:59:22,28.37,0.01,1302,3693977,买盘
10:59:25,28.35,-0.02,167,473559,卖盘
10:59:28,28.36,0.01,66,187154,买盘
10:59:31,28.36,0.0,23,65229,买盘
10:59:34,28.37,0.01,120,340421,买盘
10:59:36,28.36,-0.01,82,232592,卖盘
10:59:40,28.36,0.0,26,73749,卖盘
10:59:43,28.39,0.03,122,346252,买盘
10:59:45,28.37,-0.02,55,156098,卖盘
10:59:48,28.35,-0.02,210,595648,卖盘
10:59:51,28.37,0.02,43,121972,买盘
10:59:55,28.37,0.0,146,414383,卖盘
10:59:58,28.36,-0.01,220,624121,卖盘
11:00:01,28.35,-0.01,336,952965,卖盘
11:00:04,28.36,0.01,169,479350,买盘
11:00:06,28.36,0.0,154,436763,卖盘
11:00:10,28.37,0.01,24,68075,中性盘
11:00:13,28.38,0.01,138,391657,买盘
11:00:15,28.37,-0.01,21,59588,卖盘
11:00:19,28.38,0.01,78,221315,中性盘
11:00:22,28.39,0.01,537,1523887,买盘
11:00:25,28.36,-0.03,137,388651,卖盘
11:00:28,28.37,0.01,30,85123,卖盘
11:00:31,28.37,0.0,20,56737,卖盘
11:00:34,28.38,0.01,414,1175186,买盘
11:00:37,28.39,0.01,74,210086,买盘
11:00:40,28.38,-0.01,27,76641,卖盘
11:00:43,28.39,0.01,198,560469,买盘
11:00:46,28.39,0.0,124,352036,卖盘
11:00:49,28.39,0.0,105,298128,卖盘
11:00:52,28.39,0.0,51,144797,卖盘
11:00:55,28.39,0.0,451,1282320,卖盘
11:00:57,28.38,-0.01,51,144748,卖盘
11:01:01,28.38,0.0,15,42570,卖盘
11:01:04,28.38,0.0,390,1107156,卖盘
11:01:06,28.38,0.0,44,124872,买盘
11:01:10,28.38,0.0,29,82304,买盘
11:01:12,28.37,-0.01,103,292291,卖盘
11:01:16,28.37,0.0,128,363226,卖盘
11:01:18,28.37,0.0,58,164549,卖盘
11:01:22,28.37,0.0,41,116336,卖盘
11:01:24,28.38,0.01,229,649862,买盘
11:01:27,28.37,-0.01,67,188658,卖盘
11:01:30,28.37,0.0,25,70936,卖盘
11:01:34,28.37,0.0,339,961876,卖盘
11:01:36,28.37,0.0,192,546537,卖盘
11:01:40,28.37,0.0,98,278010,买盘
11:01:43,28.37,0.0,110,312036,买盘
11:01:46,28.37,0.0,22,62408,买盘
11:01:48,28.36,-0.01,59,167362,卖盘
11:01:51,28.36,0.0,49,139002,卖盘
11:01:55,28.37,0.01,470,1333366,买盘
11:01:58,28.36,-0.01,72,204203,卖盘
11:02:01,28.36,0.0,84,238271,卖盘
11:02:04,28.37,0.01,97,275175,买盘
11:02:06,28.36,-0.01,435,1233902,卖盘
11:02:10,28.36,0.0,130,366538,卖盘
11:02:12,28.36,0.0,263,746030,卖盘
11:02:16,28.36,0.0,208,590027,卖盘
11:02:19,28.36,0.0,11,31196,卖盘
11:02:22,28.36,0.0,35,99260,卖盘
11:02:24,28.36,0.0,270,765948,卖盘
11:02:27,28.37,0.01,113,320487,买盘
11:02:30,28.37,0.0,71,201398,买盘
11:02:35,28.37,0.0,137,388651,买盘
11:02:37,28.37,0.0,46,130508,卖盘
11:02:39,28.37,0.0,77,218449,卖盘
11:02:43,28.38,0.01,215,610145,买盘
11:02:46,28.36,-0.02,85,241273,卖盘
11:02:49,28.38,0.02,40,113470,买盘
11:02:52,28.37,-0.01,21,59586,卖盘
11:02:54,28.37,0.0,17,48233,卖盘
11:02:58,28.37,0.0,153,434194,卖盘
11:03:00,28.37,0.0,105,299861,卖盘
11:03:04,28.38,0.01,280,794636,买盘
11:03:06,28.39,0.01,47,133401,买盘
11:03:10,28.37,-0.02,258,732112,卖盘
11:03:13,28.38,0.01,410,1163515,中性盘
11:03:15,28.37,-0.01,25,70931,卖盘
11:03:18,28.37,0.0,60,170229,卖盘
11:03:22,28.37,0.0,47,133344,卖盘
11:03:24,28.38,0.01,178,505161,买盘
11:03:28,28.37,-0.01,42,119172,卖盘
11:03:31,28.37,0.0,40,113487,卖盘
11:03:33,28.38,0.01,154,437048,买盘
11:03:37,28.38,0.0,20,56760,卖盘
11:03:39,28.38,0.0,32,90816,卖盘
11:03:43,28.39,0.01,496,1408113,买盘
11:03:46,28.39,0.0,89,252664,买盘
11:03:49,28.38,-0.01,81,229881,卖盘
11:03:51,28.38,0.0,26,73792,卖盘
11:03:55,28.38,0.0,636,1805545,卖盘
11:03:57,28.37,-0.01,18,51075,卖盘
11:04:01,28.37,0.0,178,505020,卖盘
11:04:03,28.37,0.0,283,800917,卖盘
11:04:07,28.37,0.0,103,292163,买盘
11:04:10,28.37,0.0,30,85103,买盘
11:04:13,28.37,0.0,274,779104,买盘
11:04:16,28.37,0.0,43,121991,卖盘
11:04:18,28.37,0.0,162,459180,卖盘
11:04:22,28.36,-0.01,82,232571,卖盘
11:04:25,28.37,0.01,191,541833,买盘
11:04:28,28.36,-0.01,22,62397,卖盘
11:04:31,28.36,0.0,46,130486,卖盘
11:04:33,28.36,0.0,359,1018123,卖盘
11:04:37,28.35,-0.01,75,212686,卖盘
11:04:40,28.35,0.0,37,104927,卖盘
11:04:43,28.36,0.01,140,397032,买盘
11:04:45,28.36,0.0,10,28360,卖盘
11:04:49,28.36,0.0,36,102096,卖盘
11:04:52,28.36,0.0,15,42544,卖盘
11:04:55,28.37,0.01,263,746109,买盘
11:04:57,28.36,-0.01,120,340415,卖盘
11:05:01,28.36,0.0,39,110604,卖盘
11:05:04,28.37,0.01,398,1128964,买盘
11:05:07,28.36,-0.01,23,65225,中性盘
11:05:10,28.36,0.0,123,348771,买盘
11:05:13,28.36,0.0,112,317581,买盘
11:05:15,28.35,-0.01,368,1043336,卖盘
11:05:19,28.35,0.0,10,28354,卖盘
11:05:22,28.37,0.02,85,241004,买盘
11:05:24,28.36,-0.01,194,550306,中性盘
11:05:28,28.36,0.0,380,1077322,买盘
11:05:30,28.35,-0.01,271,768280,卖盘
11:05:34,28.35,0.0,110,311837,买盘
11:05:37,28.36,0.01,260,737223,买盘
11:05:40,28.34,-0.02,177,501866,卖盘
11:05:42,28.35,0.01,146,414081,卖盘
11:05:45,28.34,-0.01,95,269246,卖盘
11:05:48,28.35,0.01,4,11340,买盘
11:05:52,28.34,-0.01,12,34015,卖盘
11:05:54,28.35,0.01,39,110540,买盘
11:05:58,28.34,-0.01,254,719855,卖盘
11:06:01,28.34,0.0,10,28336,买盘
11:06:04,28.34,0.0,115,325903,买盘
11:06:06,28.34,0.0,543,1538792,买盘
11:06:10,28.36,0.02,108,306142,中性盘
11:06:13,28.37,0.01,87,246790,买盘
11:06:16,28.37,0.0,262,743294,卖盘
11:06:19,28.33,-0.04,61,172075,卖盘
11:06:21,28.35,0.02,20,56700,中性盘
11:06:24,28.35,0.0,221,626469,买盘
11:06:28,28.35,0.0,47,133195,买盘
11:06:31,28.35,0.0,32,90687,买盘
11:06:34,28.34,-0.01,158,447911,卖盘
11:06:37,28.34,0.0,165,467732,卖盘
11:06:39,28.35,0.01,127,359998,买盘
11:06:42,28.33,-0.02,127,359860,卖盘
11:06:46,28.34,0.01,41,116167,买盘
11:06:48,28.33,-0.01,82,233184,卖盘
11:06:52,28.33,0.0,138,390954,买盘
11:06:55,28.33,0.0,4,11332,买盘
11:06:58,28.33,0.0,61,172775,买盘
11:07:01,28.32,-0.01,308,872243,卖盘
11:07:04,28.32,0.0,177,501145,买盘
11:07:06,28.31,-0.01,54,152901,卖盘
11:07:09,28.32,0.01,49,138756,买盘
11:07:13,28.3,-0.02,884,2502316,卖盘
11:07:16,28.31,0.01,276,781110,买盘
11:07:19,28.3,-0.01,537,1519710,卖盘
11:07:21,28.3,0.0,164,464133,卖盘
11:07:24,28.31,0.01,574,1624467,买盘
11:07:28,28.29,-0.02,66,186752,卖盘
11:07:31,28.29,0.0,133,376265,卖盘
11:07:34,28.28,-0.01,226,639238,卖盘
11:07:37,28.28,0.0,8,22620,买盘
11:07:40,28.27,-0.01,22,62200,卖盘
11:07:43,28.26,-0.01,124,350533,卖盘
11:07:45,28.28,0.02,22,62200,买盘
11:07:49,28.27,-0.01,155,438278,卖盘
11:07:52,28.25,-0.02,19,53679,卖盘
11:07:55,28.25,0.0,43,121476,卖盘
11:07:58,28.25,0.0,109,307951,买盘
11:08:00,28.25,0.0,43,121451,卖盘
11:08:04,28.25,0.0,79,223173,买盘
11:08:06,28.23,-0.02,40,112944,卖盘
11:08:10,28.23,0.0,53,149664,卖盘
11:08:13,28.23,0.0,8,22585,卖盘
11:08:16,28.23,0.0,53,149630,卖盘
11:08:19,28.23,0.0,55,155270,卖盘
11:08:21,28.21,-0.02,184,519127,卖盘
11:08:25,28.21,0.0,124,349735,买盘
11:08:28,28.2,-0.01,91,256681,卖盘
11:08:30,28.2,0.0,162,456858,卖盘
11:08:34,28.22,0.02,252,708835,买盘
11:08:37,28.2,-0.02,280,789832,卖盘
11:08:40,28.22,0.02,140,394959,买盘
11:08:43,28.2,-0.02,590,1665770,卖盘
11:08:45,28.19,-0.01,27,76132,卖盘
11:08:49,28.19,0.0,7,19733,买盘
11:08:51,28.19,0.0,8,22549,买盘
11:08:55,28.19,0.0,191,538372,买盘
11:08:58,28.13,-0.06,247,695422,卖盘
11:09:01,28.13,0.0,11,30948,卖盘
11:09:04,28.14,0.01,61,171650,买盘
11:09:06,28.13,-0.01,226,635651,卖盘
11:09:10,28.13,0.0,62,174348,买盘
11:09:13,28.12,-0.01,30,84349,买盘
11:09:16,28.12,0.0,151,423123,买盘
11:09:19,28.11,-0.01,197,555299,卖盘
11:09:22,28.11,0.0,197,553638,买盘
11:09:25,28.12,0.01,328,922088,买盘
11:09:28,28.1,-0.02,98,275423,卖盘
11:09:31,28.1,0.0,33,92741,卖盘
11:09:34,28.1,0.0,201,564992,卖盘
11:09:37,28.1,0.0,130,365416,卖盘
11:09:40,28.1,0.0,293,823369,卖盘
11:09:43,28.1,0.0,19,53380,买盘
11:09:45,28.1,0.0,254,713740,买盘
11:09:49,28.1,0.0,32,89908,买盘
11:09:52,28.09,-0.01,167,469117,卖盘
11:09:55,28.08,-0.01,1003,2816433,卖盘
11:09:58,28.08,0.0,11,30887,买盘
11:10:00,28.09,0.01,275,772077,买盘
11:10:04,28.06,-0.03,102,286313,卖盘
11:10:07,28.07,0.01,46,129122,买盘
11:10:10,28.07,0.0,581,1630856,买盘
11:10:13,28.07,0.0,553,1552056,卖盘
11:10:16,28.09,0.02,212,595089,买盘
11:10:19,28.07,-0.02,117,328556,卖盘
11:10:22,28.08,0.01,79,221746,中性盘
11:10:25,28.09,0.01,53,148801,买盘
11:10:28,28.09,0.0,46,129223,卖盘
11:10:30,28.09,0.0,214,601057,卖盘
11:10:33,28.09,0.0,136,382018,买盘
11:10:37,28.08,-0.01,242,679867,卖盘
11:10:40,28.08,0.0,41,115137,卖盘
11:10:43,28.09,0.01,102,286456,买盘
11:10:45,28.08,-0.01,136,381889,卖盘
11:10:48,28.08,0.0,213,597990,买盘
11:10:52,28.07,-0.01,209,585215,卖盘
11:10:54,28.07,0.0,142,398640,中性盘
11:10:58,28.07,0.0,263,738212,买盘
11:11:01,28.07,0.0,83,232903,买盘
11:11:04,28.06,-0.01,401,1126971,卖盘
11:11:07,28.06,0.0,71,199244,卖盘
11:11:10,28.06,0.0,216,605970,买盘
11:11:13,28.06,0.0,47,131890,中性盘
11:11:16,28.05,-0.01,45,126270,卖盘
11:11:19,28.07,0.02,86,241307,买盘
11:11:22,28.06,-0.01,130,364801,中性盘
11:11:25,28.06,0.0,192,538669,买盘
11:11:28,28.06,0.0,90,252548,卖盘
11:11:31,28.06,0.0,20,56125,卖盘
11:11:34,28.08,0.02,738,2071571,买盘
11:11:36,28.08,0.0,219,614780,买盘
11:11:40,28.07,-0.01,167,469056,卖盘
11:11:43,28.08,0.01,673,1890367,买盘
11:11:46,28.07,-0.01,35,98280,卖盘
11:11:49,28.07,0.0,153,429591,卖盘
11:11:52,28.08,0.01,19,53350,买盘
11:11:55,28.1,0.02,351,985741,买盘
11:11:58,28.08,-0.02,114,320133,卖盘
11:12:01,28.09,0.01,187,525284,中性盘
11:12:04,28.07,-0.02,531,1491743,卖盘
11:12:07,28.08,0.01,60,168479,买盘
11:12:09,28.1,0.02,336,943578,买盘
11:12:12,28.12,0.02,108,303590,买盘
11:12:16,28.11,-0.01,308,866088,卖盘
11:12:19,28.11,0.0,66,185558,卖盘
11:12:22,28.12,0.01,55,154675,中性盘
11:12:25,28.14,0.02,13,36570,买盘
11:12:28,28.15,0.01,16,45022,买盘
11:12:31,28.14,-0.01,73,205355,中性盘
11:12:33,28.15,0.01,43,119625,买盘
11:12:36,28.16,0.01,180,506782,买盘
11:12:39,28.16,0.0,27,76032,卖盘
11:12:42,28.18,0.02,95,267680,买盘
11:12:46,28.16,-0.02,121,340740,卖盘
11:12:49,28.15,-0.01,65,183004,卖盘
11:12:52,28.17,0.02,89,250642,买盘
11:12:55,28.16,-0.01,18,50690,卖盘
11:12:58,28.16,0.0,43,121102,卖盘
11:13:01,28.16,0.0,21,59136,卖盘
11:13:04,28.17,0.01,82,230978,买盘
11:13:07,28.17,0.0,138,388622,卖盘
11:13:10,28.18,0.01,82,230996,买盘
11:13:12,28.17,-0.01,120,337989,卖盘
11:13:15,28.16,-0.01,28,78868,卖盘
11:13:19,28.17,0.01,340,957979,买盘
11:13:21,28.16,-0.01,124,349299,卖盘
11:13:25,28.17,0.01,386,1086695,买盘
11:13:27,28.14,-0.03,110,309741,卖盘
11:13:30,28.16,0.02,28,78810,买盘
11:13:33,28.15,-0.01,89,250522,中性盘
11:13:37,28.15,0.0,62,174499,卖盘
11:13:39,28.15,0.0,16,45036,买盘
11:13:43,28.15,0.0,45,126640,买盘
11:13:45,28.15,0.0,46,129445,买盘
11:13:49,28.13,-0.02,53,149146,卖盘
11:13:51,28.1,-0.03,627,1764291,卖盘
11:13:55,28.1,0.0,75,210768,卖盘
11:13:58,28.1,0.0,43,120841,卖盘
11:14:01,28.1,0.0,50,140506,卖盘
11:14:04,28.11,0.01,189,531166,买盘
11:14:06,28.08,-0.03,506,1421470,卖盘
11:14:10,28.1,0.02,129,362494,买盘
11:14:13,28.1,0.0,50,140530,卖盘
11:14:16,28.08,-0.02,28,78642,卖盘
11:14:19,28.08,0.0,83,233206,卖盘
11:14:22,28.08,0.0,12,33700,卖盘
11:14:25,28.1,0.02,687,1930191,买盘
11:14:28,28.09,-0.01,133,373611,中性盘
11:14:30,28.08,-0.01,123,342946,卖盘
11:14:34,28.08,0.0,183,513922,买盘
11:14:37,28.08,0.0,3,8425,卖盘
11:14:40,28.08,0.0,73,205001,卖盘
11:14:43,28.09,0.01,220,617761,买盘
11:14:46,28.08,-0.01,12,33702,中性盘
11:14:49,28.08,0.0,13,36509,中性盘
11:14:52,28.07,-0.01,51,143163,卖盘
11:14:55,28.08,0.01,156,437911,买盘
11:14:58,28.07,-0.01,137,384470,卖盘
11:15:00,28.07,0.0,83,232943,买盘
11:15:04,28.07,0.0,92,258255,买盘
11:15:07,28.08,0.01,45,126325,买盘
11:15:10,28.07,-0.01,62,174050,卖盘
11:15:13,28.08,0.01,49,137569,买盘
11:15:16,28.08,0.0,140,393118,买盘
11:15:19,28.07,-0.01,744,2089073,卖盘
11:15:22,28.07,0.0,208,584005,卖盘
11:15:24,28.08,0.01,114,320099,买盘
11:15:28,28.07,-0.01,262,735590,卖盘
11:15:30,28.08,0.01,143,401630,买盘
11:15:33,28.08,0.0,22,61779,卖盘
11:15:37,28.08,0.0,9,25279,卖盘
11:15:40,28.08,0.0,98,275191,卖盘
11:15:42,28.09,0.01,205,575641,买盘
11:15:47,28.08,-0.01,69,193800,卖盘
11:15:49,28.11,0.03,617,1733739,买盘
11:15:53,28.1,-0.01,27,75874,卖盘
11:15:55,28.1,0.0,402,1129235,卖盘
11:15:58,28.1,0.0,46,129279,卖盘
11:16:00,28.11,0.01,579,1627000,买盘
11:16:03,28.1,-0.01,191,536792,卖盘
11:16:07,28.1,0.0,42,118000,卖盘
11:16:10,28.1,0.0,10,28095,买盘
11:16:13,28.11,0.01,142,399050,买盘
11:16:15,28.12,0.01,556,1562926,买盘
11:16:19,28.12,0.0,366,1028736,买盘
11:16:22,28.12,0.0,75,210840,买盘
11:16:25,28.1,-0.02,245,688724,卖盘
11:16:27,28.1,0.0,49,137760,卖盘
11:16:31,28.09,-0.01,1047,2942147,卖盘
11:16:34,28.1,0.01,246,691198,买盘
11:16:36,28.1,0.0,14,39340,买盘
11:16:40,28.09,-0.01,73,205074,卖盘
11:16:43,28.08,-0.01,246,690999,卖盘
11:16:46,28.08,0.0,111,311706,卖盘
11:16:49,28.1,0.02,5025,14118707,买盘
11:16:52,28.11,0.01,413,1160990,买盘
11:16:55,28.09,-0.02,1387,3897646,卖盘
11:16:58,28.09,0.0,74,207876,卖盘
11:17:01,28.1,0.01,26,73046,买盘
11:17:03,28.09,-0.01,122,342697,卖盘
11:17:07,28.09,0.0,37,103933,买盘
11:17:10,28.09,0.0,137,384734,买盘
11:17:13,28.09,0.0,170,477423,买盘
11:17:16,28.08,-0.01,481,1350683,卖盘
11:17:19,28.08,0.0,29,81417,买盘
11:17:22,28.08,0.0,416,1168457,买盘
11:17:24,28.08,0.0,66,185313,买盘
11:17:28,28.09,0.01,71,201468,买盘
11:17:32,28.08,-0.01,15,42116,中性盘
11:17:34,28.09,0.01,22,60433,买盘
11:17:37,28.09,0.0,250,702159,买盘
11:17:40,28.08,-0.01,90,254065,卖盘
11:17:43,28.08,0.0,47,131949,买盘
11:17:46,28.07,-0.01,44,123528,卖盘
11:17:48,28.07,0.0,26,72995,卖盘
11:17:52,28.07,0.0,308,864722,卖盘
11:17:55,28.08,0.01,176,494197,买盘
11:17:58,28.08,0.0,143,401552,买盘
11:18:01,28.08,0.0,34,95472,卖盘
11:18:03,28.09,0.01,3223,9039559,买盘
11:18:06,28.08,-0.01,43,120732,卖盘
11:18:10,28.09,0.01,164,460452,买盘
11:18:13,28.07,-0.02,50,140413,卖盘
11:18:15,28.08,0.01,60,168444,买盘
11:18:18,28.08,0.0,113,317295,买盘
11:18:22,28.08,0.0,293,822642,买盘
11:18:25,28.08,0.0,4,11232,卖盘
11:18:28,28.09,0.01,638,1791512,买盘
11:18:32,28.08,-0.01,77,216216,卖盘
11:18:34,28.06,-0.02,171,478482,卖盘
11:18:37,28.08,0.02,41,115117,买盘
11:18:40,28.06,-0.02,75,210583,卖盘
11:18:43,28.08,0.02,632,1774655,买盘
11:18:46,28.08,0.0,193,541954,卖盘
11:18:49,28.08,0.0,285,800431,卖盘
11:18:52,28.1,0.02,378,1062391,买盘
11:18:55,28.09,-0.01,189,530908,卖盘
11:18:58,28.1,0.01,389,1092728,买盘
11:19:01,28.09,-0.01,197,553544,卖盘
11:19:04,28.1,0.01,5820,16384427,买盘
11:19:07,28.11,0.01,7,19677,买盘
11:19:10,28.1,-0.01,163,458379,卖盘
11:19:13,28.18,0.08,91,256037,中性盘
11:19:16,28.19,0.01,107,301516,买盘
11:19:18,28.18,-0.01,52,146526,卖盘
11:19:22,28.19,0.01,38,107088,买盘
11:19:25,28.19,0.0,78,219880,买盘
11:19:28,28.19,0.0,68,191692,卖盘
11:19:30,28.19,0.0,87,245238,买盘
11:19:34,28.19,0.0,133,374868,买盘
11:19:37,28.19,0.0,92,259348,卖盘
11:19:40,28.19,0.0,118,332615,买盘
11:19:43,28.17,-0.02,39,109899,中性盘
11:19:47,28.16,-0.01,27,76051,卖盘
11:19:49,28.16,0.0,129,363381,买盘
11:19:51,28.17,0.01,106,298559,买盘
11:19:55,28.17,0.0,89,250697,买盘
11:19:58,28.16,-0.01,40,112647,卖盘
11:20:01,28.16,0.0,83,233786,卖盘
11:20:04,28.16,0.0,193,543579,卖盘
11:20:07,28.17,0.01,51,143641,买盘
11:20:10,28.17,0.0,163,459143,买盘
11:20:13,28.16,-0.01,478,1346232,卖盘
11:20:15,28.16,0.0,111,312573,买盘
11:20:19,28.16,0.0,101,284389,买盘
11:20:22,28.16,0.0,161,453324,买盘
11:20:24,28.16,0.0,106,298489,买盘
11:20:28,28.16,0.0,15,42236,买盘
11:20:30,28.16,0.0,83,233703,买盘
11:20:34,28.16,0.0,81,228151,卖盘
11:20:37,28.16,0.0,91,256277,卖盘
11:20:40,28.16,0.0,228,642047,卖盘
11:20:43,28.16,0.0,132,371693,买盘
11:20:47,28.15,-0.01,89,250550,卖盘
11:20:49,28.15,0.0,51,143557,买盘
11:20:52,28.15,0.0,167,470054,买盘
11:20:55,28.14,-0.01,11,30959,卖盘
11:20:58,28.15,0.01,56,157621,买盘
11:21:02,28.14,-0.01,107,301172,卖盘
11:21:04,28.14,0.0,577,1623722,卖盘
11:21:07,28.14,0.0,515,1449664,买盘
11:21:10,28.15,0.01,178,500893,买盘
11:21:13,28.15,0.0,77,216753,卖盘
11:21:16,28.16,0.01,25,70378,买盘
11:21:19,28.15,-0.01,12,33785,卖盘
11:21:22,28.15,0.0,233,656081,卖盘
11:21:24,28.16,0.01,51,145241,买盘
11:21:27,28.16,0.0,43,121075,买盘
11:21:31,28.16,0.0,107,301288,买盘
11:21:34,28.16,0.0,25,70401,卖盘
11:21:37,28.16,0.0,227,639369,卖盘
11:21:39,28.16,0.0,168,473065,买盘
11:21:43,28.16,0.0,98,275932,买盘
11:21:47,28.15,-0.01,49,137968,卖盘
11:21:49,28.15,0.0,39,109782,卖盘
11:21:52,28.15,0.0,311,875447,买盘
11:21:55,28.15,0.0,125,351754,买盘
11:21:58,28.15,0.0,14,39410,买盘
11:22:02,28.15,0.0,668,1880377,买盘
11:22:04,28.14,-0.01,102,287101,卖盘
11:22:07,28.14,0.0,37,104126,卖盘
11:22:10,28.15,0.01,168,472903,买盘
11:22:13,28.12,-0.03,644,1812363,卖盘
11:22:15,28.14,0.02,24,67536,卖盘
11:22:18,28.14,0.0,28,78778,买盘
11:22:22,28.14,0.0,84,236375,买盘
11:22:25,28.15,0.01,50,140745,买盘
11:22:28,28.14,-0.01,41,115387,卖盘
11:22:32,28.15,0.01,96,270191,买盘
11:22:34,28.16,0.01,375,1055939,买盘
11:22:37,28.16,0.0,17,47872,卖盘
11:22:40,28.16,0.0,44,123935,卖盘
11:22:43,28.17,0.01,113,318305,买盘
11:22:46,28.17,0.0,306,861981,买盘
11:22:48,28.17,0.0,125,352014,买盘
11:22:52,28.16,-0.01,131,368991,卖盘
11:22:55,28.17,0.01,38,104513,卖盘
11:22:58,28.17,0.0,61,171846,卖盘
11:23:02,28.17,0.0,110,309941,卖盘
11:23:04,28.18,0.01,102,287396,买盘
11:23:07,28.18,0.0,16,45075,买盘
11:23:10,28.17,-0.01,133,377202,卖盘
11:23:13,28.17,0.0,96,270420,买盘
11:23:17,28.17,0.0,6,16898,买盘
11:23:18,28.16,-0.01,36,101388,卖盘
11:23:22,28.17,0.01,128,360516,买盘
11:23:24,28.16,-0.01,260,732160,卖盘
11:23:28,28.16,0.0,30,84467,买盘
11:23:32,28.16,0.0,136,382956,买盘
11:23:33,28.15,-0.01,130,366072,卖盘
11:23:37,28.16,0.01,34,95743,买盘
11:23:39,28.15,-0.01,49,137952,卖盘
11:23:42,28.15,0.0,328,923383,卖盘
11:23:47,28.15,0.0,101,284304,买盘
11:23:49,28.14,-0.01,263,740335,卖盘
11:23:52,28.15,0.01,72,202684,中性盘
11:23:55,28.16,0.01,186,523728,买盘
11:23:58,28.16,0.0,384,1081644,卖盘
11:24:02,28.16,0.0,37,104196,卖盘
11:24:04,28.17,0.01,53,146756,买盘
11:24:07,28.17,0.0,69,194413,卖盘
11:24:10,28.18,0.01,394,1110291,买盘
11:24:13,28.19,0.01,168,473465,买盘
11:24:17,28.19,0.0,10,28181,买盘
11:24:19,28.18,-0.01,40,112726,卖盘
11:24:22,28.18,0.0,180,507363,卖盘
11:24:25,28.17,-0.01,256,721258,卖盘
11:24:28,28.17,0.0,26,73223,买盘
11:24:32,28.16,-0.01,65,183094,卖盘
11:24:33,28.18,0.02,321,904228,买盘
11:24:37,28.18,0.0,253,713199,买盘
11:24:40,28.17,-0.01,36,101422,卖盘
11:24:43,28.18,0.01,375,1056384,买盘
11:24:47,28.19,0.01,102,287438,买盘
11:24:49,28.17,-0.02,91,256381,卖盘
11:24:52,28.16,-0.01,71,199942,卖盘
11:24:55,28.16,0.0,212,597238,卖盘
11:24:58,28.17,0.01,101,284658,买盘
11:25:02,28.18,0.01,23,64794,买盘
11:25:04,28.18,0.0,98,276149,买盘
11:25:07,28.15,-0.03,358,1010958,卖盘
11:25:10,28.16,0.01,30,84479,买盘
11:25:12,28.16,0.0,65,183040,买盘
11:25:16,28.17,0.01,117,326936,买盘
11:25:19,28.16,-0.01,47,132353,卖盘
11:25:22,28.16,0.0,97,273154,卖盘
11:25:25,28.17,0.01,100,281698,买盘
11:25:28,28.16,-0.01,16,45057,卖盘
11:25:30,28.16,0.0,36,101398,卖盘
11:25:34,28.17,0.01,107,301419,买盘
11:25:37,28.16,-0.01,19,53513,卖盘
11:25:39,28.16,0.0,34,95752,卖盘
11:25:43,28.16,0.0,136,383076,卖盘
11:25:47,28.16,0.0,497,1399584,卖盘
11:25:49,28.16,0.0,83,233720,买盘
11:25:52,28.16,0.0,50,140755,买盘
11:25:54,28.16,0.0,50,140770,买盘
11:25:58,28.15,-0.01,30,84457,卖盘
11:26:02,28.15,0.0,58,163288,卖盘
11:26:04,28.15,0.0,439,1236102,卖盘
11:26:07,28.15,0.0,65,182979,卖盘
11:26:10,28.16,0.01,227,639228,买盘
11:26:13,28.17,0.01,98,275969,买盘
11:26:17,28.17,0.0,66,185892,买盘
11:26:18,28.16,-0.01,176,495779,卖盘
11:26:22,28.17,0.01,127,357670,买盘
11:26:25,28.17,0.0,70,197165,买盘
11:26:28,28.16,-0.01,61,171773,中性盘
11:26:32,28.16,0.0,378,1064443,买盘
11:26:34,28.17,0.01,219,616735,买盘
11:26:37,28.16,-0.01,98,275965,卖盘
11:26:41,28.16,0.0,275,774713,买盘
11:26:43,28.18,0.02,135,380319,买盘
11:26:47,28.16,-0.02,9,25344,卖盘
11:26:48,28.18,0.02,35,98630,买盘
11:26:52,28.16,-0.02,166,467696,卖盘
11:26:55,28.16,0.0,102,287410,卖盘
11:26:58,28.18,0.02,63,177504,买盘
11:27:00,28.17,-0.01,54,152147,卖盘
11:27:04,28.17,0.0,92,259235,卖盘
11:27:07,28.17,0.0,31,87340,卖盘
11:27:10,28.17,0.0,2057,5803649,卖盘
11:27:13,28.19,0.02,39,109987,买盘
11:27:17,28.26,0.07,33,93116,买盘
11:27:19,28.19,-0.07,316,890524,卖盘
11:27:22,28.19,0.0,39,109959,卖盘
11:27:25,28.25,0.06,173,488575,买盘
11:27:28,28.2,-0.05,124,349728,卖盘
11:27:32,28.2,0.0,55,155094,卖盘
11:27:34,28.2,0.0,35,98700,买盘
11:27:37,28.2,0.0,130,366601,卖盘
11:27:39,28.19,-0.01,182,513232,卖盘
11:27:43,28.2,0.01,117,329915,买盘
11:27:47,28.19,-0.01,162,456721,卖盘
11:27:49,28.19,0.0,124,349550,买盘
11:27:52,28.2,0.01,45,126865,买盘
11:27:55,28.17,-0.03,55,155005,卖盘
11:27:58,28.18,0.01,27,78246,卖盘
11:28:02,28.2,0.02,421,1187196,买盘
11:28:04,28.21,0.01,28,78971,买盘
11:28:07,28.15,-0.06,504,1419553,卖盘
11:28:11,28.2,0.05,113,318738,中性盘
11:28:13,28.18,-0.02,83,234050,卖盘
11:28:17,28.19,0.01,34,95849,买盘
11:28:18,28.2,0.01,30,84588,买盘
11:28:22,28.2,0.0,26,73320,卖盘
11:28:26,28.2,0.0,513,1446283,卖盘
11:28:28,28.2,0.0,50,141018,买盘
11:28:32,28.21,0.01,98,276453,买盘
11:28:34,28.21,0.0,106,299039,卖盘
11:28:37,28.19,-0.02,503,1418676,卖盘
11:28:41,28.16,-0.03,217,609878,卖盘
11:28:43,28.21,0.05,213,600520,买盘
11:28:47,28.21,0.0,93,262023,买盘
11:28:49,28.21,0.0,544,1532152,买盘
11:28:52,28.2,-0.01,204,575466,卖盘
11:28:56,28.19,-0.01,62,174781,卖盘
11:28:58,28.2,0.01,548,1546583,买盘
11:29:00,28.2,0.0,20,56404,卖盘
11:29:04,28.21,0.01,81,228500,买盘
11:29:07,28.16,-0.05,556,1567695,卖盘
11:29:11,28.22,0.06,72,203148,买盘
11:29:13,28.22,0.0,72,203249,卖盘
11:29:17,28.22,0.0,56,158049,卖盘
11:29:18,28.22,0.0,99,279437,卖盘
11:29:22,28.21,-0.01,608,1712984,中性盘
11:29:26,28.23,0.02,50,141098,买盘
11:29:28,28.23,0.0,16,45153,买盘
11:29:32,28.22,-0.01,364,1026960,卖盘
11:29:34,28.22,0.0,149,420585,买盘
11:29:37,28.24,0.02,29,81896,买盘
11:29:40,28.23,-0.01,101,285112,卖盘
11:29:42,28.24,0.01,527,1485769,买盘
11:29:47,28.21,-0.03,39,110089,卖盘
11:29:49,28.23,0.02,46,129849,买盘
11:29:52,28.24,0.01,171,482739,买盘
11:29:54,28.23,-0.01,20,56455,卖盘
11:29:58,28.23,0.0,29,81894,买盘
11:30:02,28.23,0.0,51,143973,买盘
13:00:02,28.22,-0.01,4938,13936458,卖盘
13:00:04,28.25,0.03,1176,3320822,买盘
13:00:08,28.26,0.01,385,1087866,买盘
13:00:11,28.27,0.01,362,1023209,买盘
13:00:14,28.3,0.03,103,292564,卖盘
13:00:17,28.3,0.0,716,2026077,买盘
13:00:19,28.21,-0.09,197,556521,卖盘
13:00:23,28.3,0.09,203,573902,买盘
13:00:24,28.29,-0.01,1086,3068737,卖盘
13:00:29,28.3,0.01,1299,3663630,买盘
13:00:32,28.3,0.0,140,396151,买盘
13:00:34,28.3,0.0,289,815187,买盘
13:00:38,28.2,-0.1,259,730299,买盘
13:00:41,28.2,0.0,710,1997680,买盘
13:00:42,28.2,0.0,33,93010,买盘
13:00:47,28.2,0.0,39,109894,买盘
13:00:50,28.17,-0.03,83,233739,卖盘
13:00:53,28.17,0.0,52,146484,买盘
13:00:56,28.17,0.0,27,75798,买盘
13:00:59,28.15,-0.02,290,816033,卖盘
13:01:01,28.15,0.0,116,326535,买盘
13:01:04,28.17,0.02,644,1811859,买盘
13:01:08,28.14,-0.03,14,39414,中性盘
13:01:11,28.17,0.03,271,763337,买盘
13:01:14,28.14,-0.03,45,126716,卖盘
13:01:17,28.17,0.03,41,115490,买盘
13:01:20,28.17,0.0,439,1234973,买盘
13:01:23,28.17,0.0,332,933332,买盘
13:01:26,28.17,0.0,103,290144,买盘
13:01:29,28.19,0.02,96,270470,买盘
13:01:32,28.28,0.09,400,1128171,买盘
13:01:34,28.27,-0.01,126,355433,中性盘
13:01:38,28.2,-0.07,46,129720,中性盘
13:01:41,28.2,0.0,69,194592,买盘
13:01:42,28.17,-0.03,211,594726,卖盘
13:01:47,28.17,0.0,92,258595,买盘
13:01:50,28.21,0.04,53,149326,买盘
13:01:53,28.17,-0.04,30,84571,中性盘
13:01:56,28.25,0.08,167,471843,中性盘
13:01:59,28.18,-0.07,45,126879,买盘
13:02:02,28.26,0.08,113,318941,买盘
13:02:05,28.26,0.0,486,1373470,买盘
13:02:08,28.27,0.01,424,1198327,中性盘
13:02:11,28.28,0.01,584,1650890,买盘
13:02:14,28.27,-0.01,371,1049067,中性盘
13:02:18,28.27,0.0,226,638768,买盘
13:02:20,28.21,-0.06,91,257160,卖盘
13:02:23,28.21,0.0,113,319048,卖盘
13:02:26,28.21,0.0,585,1653132,卖盘
13:02:29,28.26,0.05,98,276656,买盘
13:02:30,28.26,0.0,139,392829,卖盘
13:02:34,28.27,0.01,318,898584,中性盘
13:02:38,28.2,-0.07,303,855371,卖盘
13:02:41,28.26,0.06,238,673091,买盘
13:02:44,28.31,0.05,92,260197,买盘
13:02:46,28.25,-0.06,72,203427,卖盘
13:02:50,28.32,0.07,451,1276446,买盘
13:02:53,28.3,-0.02,173,489778,中性盘
13:02:56,28.3,0.0,120,338998,买盘
13:02:59,28.32,0.02,144,407535,买盘
13:03:02,28.27,-0.05,62,175278,卖盘
13:03:05,28.3,0.03,178,501868,买盘
13:03:07,28.25,-0.05,535,1511811,卖盘
13:03:11,28.3,0.05,147,416209,中性盘
13:03:14,28.29,-0.01,31,87682,中性盘
13:03:17,28.33,0.04,521,1476833,买盘
13:03:20,28.32,-0.01,241,682695,买盘
13:03:22,28.3,-0.02,317,896643,卖盘
13:03:25,28.21,-0.09,235,666309,卖盘
13:03:27,28.34,0.13,135,382274,买盘
13:03:31,28.33,-0.01,457,1294981,卖盘
13:03:35,28.28,-0.05,189,535367,卖盘
13:03:38,28.3,0.02,247,695232,中性盘
13:03:41,28.31,0.01,27,76406,买盘
13:03:44,28.21,-0.1,149,422188,卖盘
13:03:46,28.23,0.02,214,604130,买盘
13:03:50,28.24,0.01,131,370556,买盘
13:03:53,28.33,0.09,117,331024,买盘
13:03:56,28.3,-0.03,259,732177,卖盘
13:03:59,28.28,-0.02,17,48106,中性盘
13:04:00,28.28,0.0,357,1010653,卖盘
13:04:05,28.34,0.06,68,192640,买盘
13:04:08,28.37,0.03,197,558425,买盘
13:04:10,28.37,0.0,491,1389586,买盘
13:04:14,28.37,0.0,298,845000,买盘
13:04:17,28.38,0.01,208,589852,买盘
13:04:20,28.34,-0.04,183,519182,卖盘
13:04:23,28.37,0.03,567,1609581,中性盘
13:04:26,28.4,0.03,460,1304614,买盘
13:04:28,28.3,-0.1,155,439798,卖盘
13:04:32,28.33,0.03,190,537314,买盘
13:04:35,28.4,0.07,359,1019356,买盘
13:04:38,28.38,-0.02,225,638616,卖盘
13:04:41,28.34,-0.04,673,1907424,卖盘
13:04:44,28.33,-0.01,481,1361344,中性盘
13:04:47,28.4,0.07,461,1306021,买盘
13:04:50,28.38,-0.02,98,278225,卖盘
13:04:53,28.4,0.02,972,2760676,买盘
13:04:56,28.42,0.02,268,761774,买盘
13:04:59,28.42,0.0,189,537538,卖盘
13:05:01,28.42,0.0,876,2489581,卖盘
13:05:05,28.42,0.0,208,591106,买盘
13:05:08,28.45,0.03,436,1238495,买盘
13:05:11,28.35,-0.1,81,230280,卖盘
13:05:14,28.46,0.11,104,295879,买盘
13:05:17,28.42,-0.04,349,993320,卖盘
13:05:20,28.37,-0.05,10,28410,中性盘
13:05:23,28.42,0.05,309,874958,中性盘
13:05:26,28.43,0.01,594,1688565,中性盘
13:05:29,28.37,-0.06,115,326934,中性盘
13:05:32,28.47,0.1,466,1323559,买盘
13:05:35,28.41,-0.06,62,176356,卖盘
13:05:38,28.46,0.05,506,1440574,买盘
13:05:41,28.46,0.0,816,2323786,买盘
13:05:44,28.45,-0.01,17,48347,买盘
13:05:47,28.47,0.02,247,702757,买盘
13:05:50,28.49,0.02,263,748770,买盘
13:05:53,28.4,-0.09,96,272186,卖盘
13:05:56,28.28,-0.12,267,758718,卖盘
13:05:59,28.34,0.06,58,164160,买盘
13:06:01,28.34,0.0,97,274940,卖盘
13:06:04,28.35,0.01,36,102067,中性盘
13:06:08,28.38,0.03,51,144730,买盘
13:06:11,28.36,-0.02,70,198733,中性盘
13:06:13,28.41,0.05,150,426125,买盘
13:06:17,28.46,0.05,80,227403,买盘
13:06:20,28.45,-0.01,123,349774,中性盘
13:06:22,28.38,-0.07,125,355504,卖盘
13:06:26,28.48,0.1,84,238918,买盘
13:06:29,28.48,0.0,36,102528,卖盘
13:06:32,28.48,0.0,77,219973,卖盘
13:06:35,28.47,-0.01,139,395310,卖盘
13:06:38,28.44,-0.03,45,128050,卖盘
13:06:40,28.44,0.0,140,398687,卖盘
13:06:44,28.49,0.05,871,2480569,买盘
13:06:47,28.4,-0.09,232,660045,卖盘
13:06:50,28.43,0.03,443,1258108,买盘
13:06:53,28.44,0.01,525,1493212,买盘
13:06:55,28.38,-0.06,150,426497,卖盘
13:06:59,28.4,0.02,122,346333,买盘
13:07:02,28.48,0.08,529,1506882,买盘
13:07:05,28.48,0.0,246,699788,卖盘
13:07:07,28.48,0.0,681,1936239,买盘
13:07:11,28.5,0.02,248,706340,买盘
13:07:14,28.41,-0.09,367,1045318,卖盘
13:07:17,28.43,0.02,164,465764,中性盘
13:07:19,28.45,0.02,305,868772,买盘
13:07:23,28.44,-0.01,73,207442,中性盘
13:07:26,28.44,0.0,24,68270,卖盘
13:07:29,28.38,-0.06,173,493696,卖盘
13:07:32,28.49,0.11,135,384425,买盘
13:07:35,28.48,-0.01,46,130951,买盘
13:07:38,28.48,0.0,85,241768,买盘
13:07:41,28.45,-0.03,129,367364,卖盘
13:07:44,28.48,0.03,143,406567,买盘
13:07:46,28.49,0.01,247,703556,买盘
13:07:49,28.47,-0.02,67,190815,卖盘
13:07:53,28.49,0.02,128,364376,买盘
13:07:56,28.47,-0.02,427,1216095,中性盘
13:07:58,28.47,0.0,5,14235,买盘
13:08:02,28.44,-0.03,133,378313,卖盘
13:08:05,28.45,0.01,121,344274,买盘
13:08:08,28.45,0.0,31,88247,卖盘
13:08:11,28.45,0.0,455,1295617,卖盘
13:08:14,28.45,0.0,60,170710,卖盘
13:08:16,28.46,0.01,434,1235735,买盘
13:08:20,28.4,-0.06,530,1507546,卖盘
13:08:23,28.49,0.09,190,540085,买盘
13:08:26,28.44,-0.05,282,802498,中性盘
13:08:28,28.49,0.05,402,1143903,买盘
13:08:31,28.46,-0.03,335,954174,卖盘
13:08:35,28.49,0.03,148,421565,买盘
13:08:38,28.4,-0.09,885,2520427,卖盘
13:08:41,28.4,0.0,144,408960,买盘
13:08:44,28.41,0.01,427,1213641,买盘
13:08:47,28.4,-0.01,16,45449,卖盘
13:08:50,28.45,0.05,222,630531,买盘
13:08:52,28.47,0.02,121,344149,买盘
13:08:56,28.42,-0.05,6,17052,中性盘
13:08:59,28.42,0.0,9,25571,买盘
13:09:02,28.41,-0.01,97,275600,卖盘
13:09:05,28.49,0.08,250,711471,买盘
13:09:07,28.46,-0.03,96,273216,卖盘
13:09:11,28.46,0.0,152,432592,卖盘
13:09:14,28.48,0.02,106,301712,买盘
13:09:17,28.46,-0.02,164,467106,卖盘
13:09:19,28.48,0.02,46,131008,买盘
13:09:23,28.46,-0.02,75,213491,卖盘
13:09:26,28.46,0.0,210,597290,卖盘
13:09:29,28.44,-0.02,63,179273,中性盘
13:09:32,28.41,-0.03,90,255873,卖盘
13:09:34,28.45,0.04,82,233281,买盘
13:09:38,28.45,0.0,105,298551,中性盘
13:09:41,28.43,-0.02,17,48344,卖盘
13:09:44,28.42,-0.01,3,8524,中性盘
13:09:47,28.41,-0.01,96,272741,卖盘
13:09:50,28.4,-0.01,131,372041,卖盘
13:09:53,28.4,0.0,282,800772,买盘
13:09:56,28.4,0.0,114,323704,买盘
13:09:59,28.4,0.0,188,533941,买盘
13:10:02,28.4,0.0,106,301041,卖盘
13:10:05,28.41,0.01,98,278405,买盘
13:10:08,28.41,0.0,161,457434,卖盘
13:10:10,28.42,0.01,104,295531,买盘
13:10:13,28.41,-0.01,47,133542,卖盘
13:10:16,28.4,-0.01,165,468686,卖盘
13:10:20,28.39,-0.01,144,409008,卖盘
13:10:23,28.39,0.0,88,249937,卖盘
13:10:25,28.4,0.01,62,176059,买盘
13:10:28,28.4,0.0,114,323749,买盘
13:10:31,28.39,-0.01,137,388959,卖盘
13:10:35,28.4,0.01,272,772448,买盘
13:10:38,28.37,-0.03,452,1280385,卖盘
13:10:40,28.37,0.0,59,167382,买盘
13:10:44,28.38,0.01,259,734883,买盘
13:10:46,28.4,0.02,236,671873,买盘
13:10:49,28.38,-0.02,26,73800,卖盘
13:10:53,28.38,0.0,115,326328,买盘
13:10:55,28.4,0.02,609,1727980,买盘
13:10:58,28.38,-0.02,159,451443,卖盘
13:11:01,28.4,0.02,120,340603,中性盘
13:11:05,28.38,-0.02,621,1763130,卖盘
13:11:08,28.38,0.0,34,96500,卖盘
13:11:11,28.39,0.01,32,90843,买盘
13:11:14,28.39,0.0,137,388820,买盘
13:11:16,28.38,-0.01,438,1242161,卖盘
13:11:19,28.37,-0.01,35,99295,买盘
13:11:23,28.35,-0.02,150,425348,卖盘
13:11:26,28.35,0.0,22,62386,卖盘
13:11:29,28.35,0.0,259,734323,卖盘
13:11:31,28.35,0.0,73,206953,卖盘
13:11:35,28.36,0.01,78,221194,买盘
13:11:37,28.35,-0.01,87,245633,卖盘
13:11:41,28.35,0.0,68,192798,卖盘
13:11:44,28.35,0.0,126,357123,买盘
13:11:47,28.35,0.0,23,65189,买盘
13:11:49,28.34,-0.01,80,226695,中性盘
13:11:52,28.34,0.0,25,70838,买盘
13:11:56,28.33,-0.01,128,363707,卖盘
13:11:59,28.37,0.04,172,486573,买盘
13:12:01,28.37,0.0,69,195644,卖盘
13:12:05,28.4,0.03,1534,4347058,买盘
13:12:08,28.4,0.0,346,982360,买盘
13:12:11,28.38,-0.02,80,227177,卖盘
13:12:14,28.4,0.02,73,207331,卖盘
13:12:17,28.41,0.01,1069,3036116,买盘
13:12:20,28.4,-0.01,59,167588,中性盘
13:12:23,28.38,-0.02,150,425507,卖盘
13:12:26,28.37,-0.01,105,297923,买盘
13:12:28,28.3,-0.07,186,527561,卖盘
13:12:32,28.33,0.03,214,605828,买盘
13:12:34,28.42,0.09,86,244094,买盘
13:12:38,28.33,-0.09,446,1262413,卖盘
13:12:41,28.33,0.0,70,198305,买盘
13:12:44,28.35,0.02,395,1119753,买盘
13:12:47,28.36,0.01,173,490525,买盘
13:12:49,28.35,-0.01,61,172961,卖盘
13:12:53,28.4,0.05,109,309088,买盘
13:12:56,28.41,0.01,34,94453,买盘
13:12:58,28.41,0.0,824,2336563,卖盘
13:13:01,28.33,-0.08,236,668299,卖盘
13:13:05,28.36,0.03,178,505503,中性盘
13:13:08,28.33,-0.03,183,518364,卖盘
13:13:10,28.39,0.06,69,195565,买盘
13:13:14,28.39,0.0,106,300359,买盘
13:13:16,28.39,0.0,111,314940,买盘
13:13:20,28.37,-0.02,229,648754,卖盘
13:13:23,28.36,-0.01,66,187279,卖盘
13:13:26,28.37,0.01,53,150347,买盘
13:13:29,28.38,0.01,88,249601,买盘
13:13:31,28.3,-0.08,287,815295,卖盘
13:13:34,28.33,0.03,291,822569,买盘
13:13:38,28.31,-0.02,72,203767,卖盘
13:13:41,28.33,0.02,53,150265,卖盘
13:13:44,28.39,0.06,121,343535,买盘
13:13:47,28.39,0.0,23,65291,买盘
13:13:49,28.39,0.0,36,102211,卖盘
13:13:53,28.39,0.0,191,542353,卖盘
13:13:56,28.39,0.0,114,323804,卖盘
13:13:58,28.41,0.02,61,173290,买盘
13:14:02,28.4,-0.01,442,1255874,卖盘
13:14:05,28.41,0.01,82,232929,中性盘
13:14:07,28.38,-0.03,513,1455352,卖盘
13:14:11,28.42,0.04,378,1071366,买盘
13:14:14,28.41,-0.01,282,800219,中性盘
13:14:16,28.42,0.01,135,383393,买盘
13:14:20,28.36,-0.06,161,459215,卖盘
13:14:23,28.44,0.08,463,1316261,买盘
13:14:26,28.44,0.0,145,412085,买盘
13:14:29,28.46,0.02,228,648502,买盘
13:14:31,28.4,-0.06,445,1265869,卖盘
13:14:35,28.45,0.05,633,1797255,买盘
13:14:38,28.45,0.0,225,639324,卖盘
13:14:41,28.45,0.0,55,156487,卖盘
13:14:44,28.45,0.0,351,997717,卖盘
13:14:47,28.44,-0.01,257,731306,卖盘
13:14:50,28.46,0.02,110,312938,买盘
13:14:52,28.45,-0.01,249,707619,中性盘
13:14:56,28.45,0.0,438,1246264,卖盘
13:14:59,28.46,0.01,36,102440,买盘
13:15:02,28.44,-0.02,503,1431569,卖盘
13:15:05,28.4,-0.04,98,278749,卖盘
13:15:07,28.45,0.05,37,105236,买盘
13:15:10,28.45,0.0,130,369958,买盘
13:15:14,28.44,-0.01,238,676808,卖盘
13:15:17,28.45,0.01,133,378344,买盘
13:15:19,28.45,0.0,47,133710,买盘
13:15:23,28.43,-0.02,116,329785,卖盘
13:15:26,28.45,0.02,320,910087,买盘
13:15:29,28.44,-0.01,65,184864,卖盘
13:15:31,28.45,0.01,360,1023708,买盘
13:15:34,28.45,0.0,139,395620,中性盘
13:15:37,28.46,0.01,304,863187,买盘
13:15:41,28.41,-0.05,147,418251,中性盘
13:15:44,28.4,-0.01,264,748992,卖盘
13:15:47,28.35,-0.05,153,434433,卖盘
13:15:50,28.45,0.1,306,870021,买盘
13:15:52,28.45,0.0,143,406244,买盘
13:15:56,28.45,0.0,62,176361,买盘
13:15:59,28.4,-0.05,215,611243,卖盘
13:16:02,28.44,0.04,549,1559665,买盘
13:16:05,28.44,0.0,57,162063,买盘
13:16:08,28.41,-0.03,534,1517321,卖盘
13:16:10,28.4,-0.01,83,235833,卖盘
13:16:13,28.39,-0.01,219,622179,卖盘
13:16:17,28.39,0.0,194,550697,买盘
13:16:20,28.43,0.04,290,822935,买盘
13:16:23,28.45,0.02,218,619952,买盘
13:16:25,28.43,-0.02,32,91032,卖盘
13:16:29,28.46,0.03,307,872335,买盘
13:16:31,28.46,0.0,188,533125,买盘
13:16:34,28.47,0.01,320,910857,买盘
13:16:38,28.48,0.01,685,1950713,买盘
13:16:41,28.48,0.0,74,210767,卖盘
13:16:44,28.47,-0.01,267,760355,卖盘
13:16:47,28.46,-0.01,93,264769,卖盘
13:16:50,28.46,0.0,55,156579,卖盘
13:16:52,28.47,0.01,1218,3467375,买盘
13:16:56,28.49,0.02,37,105375,买盘
13:16:59,28.45,-0.04,169,481457,卖盘
13:17:01,28.4,-0.05,474,1345838,卖盘
13:17:04,28.42,0.02,109,309593,买盘
13:17:08,28.44,0.02,337,957032,买盘
13:17:11,28.44,0.0,400,1137846,买盘
13:17:14,28.44,0.0,77,218994,买盘
13:17:16,28.38,-0.06,365,1037322,卖盘
13:17:20,28.45,0.07,42,119467,买盘
13:17:23,28.44,-0.01,262,745138,卖盘
13:17:25,28.46,0.02,102,290233,买盘
13:17:29,28.45,-0.01,156,443295,卖盘
13:17:32,28.47,0.02,78,221959,买盘
13:17:35,28.4,-0.07,214,608163,卖盘
13:17:38,28.4,0.0,175,497022,买盘
13:17:40,28.46,0.06,86,244663,买盘
13:17:43,28.43,-0.03,67,190465,卖盘
13:17:47,28.44,0.01,73,207659,买盘
13:17:49,28.44,0.0,302,857604,买盘
13:17:53,28.44,0.0,74,210316,买盘
13:17:55,28.44,0.0,84,238817,买盘
13:17:59,28.41,-0.03,132,375096,卖盘
13:18:02,28.44,0.03,158,449359,买盘
13:18:05,28.44,0.0,119,338552,卖盘
13:18:08,28.45,0.01,159,452295,买盘
13:18:11,28.41,-0.04,476,1352847,卖盘
13:18:14,28.46,0.05,108,307235,买盘
13:18:17,28.45,-0.01,91,258934,卖盘
13:18:20,28.45,0.0,35,99607,买盘
13:18:23,28.45,0.0,55,156468,买盘
13:18:26,28.45,0.0,319,908191,卖盘
13:18:29,28.47,0.02,106,301734,中性盘
13:18:32,28.47,0.0,122,347195,买盘
13:18:35,28.47,0.0,47,133799,买盘
13:18:38,28.47,0.0,67,190774,卖盘
13:18:41,28.47,0.0,61,173714,卖盘
13:18:44,28.48,0.01,357,1016590,买盘
13:18:47,28.48,0.0,297,845826,买盘
13:18:50,28.48,0.0,328,934058,买盘
13:18:53,28.47,-0.01,87,247692,卖盘
13:18:56,28.48,0.01,102,290518,买盘
13:18:59,28.46,-0.02,254,723382,卖盘
13:19:02,28.46,0.0,35,99617,卖盘
13:19:05,28.46,0.0,796,2264765,卖盘
13:19:07,28.45,-0.01,55,156454,中性盘
13:19:11,28.45,0.0,48,136557,买盘
13:19:14,28.48,0.03,275,782051,买盘
13:19:17,28.49,0.01,84,239285,买盘
13:19:20,28.48,-0.01,50,142434,中性盘
13:19:22,28.49,0.01,108,307647,买盘
13:19:26,28.49,0.0,1177,3350540,买盘
13:19:28,28.49,0.0,399,1138928,卖盘
13:19:32,28.48,-0.01,69,196568,中性盘
13:19:35,28.5,0.02,453,1287939,买盘
13:19:38,28.49,-0.01,372,1059958,中性盘
13:19:41,28.45,-0.04,190,541766,卖盘
13:19:44,28.45,0.0,306,870676,买盘
13:19:47,28.46,0.01,286,814761,中性盘
13:19:50,28.49,0.03,89,253462,买盘
13:19:53,28.46,-0.03,163,463657,卖盘
13:19:56,28.49,0.03,95,270600,买盘
13:19:59,28.49,0.0,58,165181,买盘
13:20:01,28.5,0.01,832,2370289,买盘
13:20:05,28.48,-0.02,439,1250261,卖盘
13:20:08,28.48,0.0,123,350295,买盘
13:20:11,28.48,0.0,637,1811673,买盘
13:20:14,28.5,0.02,724,2061933,买盘
13:20:17,28.49,-0.01,144,410143,中性盘
13:20:20,28.5,0.01,52,148183,买盘
13:20:23,28.5,0.0,265,753469,买盘
13:20:25,28.5,0.0,646,1837873,买盘
13:20:29,28.5,0.0,685,1952023,买盘
13:20:31,28.5,0.0,167,475585,买盘
13:20:35,28.5,0.0,168,478722,买盘
13:20:38,28.47,-0.03,308,877205,卖盘
13:20:41,28.47,0.0,112,318867,买盘
13:20:44,28.49,0.02,589,1677949,买盘
13:20:47,28.47,-0.02,136,387390,卖盘
13:20:50,28.47,0.0,92,262021,卖盘
13:20:53,28.45,-0.02,320,910901,卖盘
13:20:56,28.48,0.03,305,867647,买盘
13:20:59,28.46,-0.02,167,475619,买盘
13:21:02,28.47,0.01,136,386926,买盘
13:21:05,28.49,0.02,52,148049,买盘
13:21:07,28.49,0.0,72,204999,买盘
13:21:10,28.48,-0.01,166,472751,卖盘
13:21:13,28.49,0.01,862,2456680,买盘
13:21:16,28.5,0.01,392,1116668,买盘
13:21:19,28.5,0.0,70,199480,买盘
13:21:23,28.49,-0.01,888,2529746,卖盘
13:21:26,28.5,0.01,259,738061,买盘
13:21:29,28.5,0.0,182,518678,买盘
13:21:32,28.49,-0.01,330,938501,卖盘
13:21:35,28.49,0.0,738,2102558,买盘
13:21:38,28.45,-0.04,316,899519,卖盘
13:21:41,28.48,0.03,254,723220,买盘
13:21:44,28.48,0.0,111,316108,买盘
13:21:47,28.48,0.0,180,512706,卖盘
13:21:50,28.51,0.03,118,337432,买盘
13:21:53,28.5,-0.01,377,1073862,中性盘
13:21:55,28.51,0.01,162,461820,买盘
13:21:59,28.51,0.0,392,1117339,买盘
13:22:01,28.5,-0.01,248,707017,卖盘
13:22:05,28.49,-0.01,411,1171329,卖盘
13:22:08,28.5,0.01,268,763734,买盘
13:22:10,28.5,0.0,94,267978,卖盘
13:22:14,28.5,0.0,173,493003,卖盘
13:22:16,28.5,0.0,147,418954,中性盘
13:22:20,28.5,0.0,137,390447,买盘
13:22:23,28.5,0.0,251,715242,卖盘
13:22:26,28.51,0.01,119,339215,买盘
13:22:29,28.5,-0.01,106,302156,卖盘
13:22:31,28.51,0.01,227,647126,买盘
13:22:35,28.51,0.0,164,467622,卖盘
13:22:38,28.5,-0.01,305,869239,卖盘
13:22:41,28.51,0.01,143,407561,买盘
13:22:44,28.52,0.01,297,846772,买盘
13:22:46,28.52,0.0,716,2040860,买盘
13:22:49,28.52,0.0,143,407831,买盘
13:22:53,28.5,-0.02,212,604350,卖盘
13:22:56,28.51,0.01,73,208122,买盘
13:22:59,28.5,-0.01,523,1490547,卖盘
13:23:02,28.51,0.01,136,385555,买盘
13:23:05,28.51,0.0,118,336377,买盘
13:23:07,28.5,-0.01,411,1171396,卖盘
13:23:11,28.5,0.0,122,347693,买盘
13:23:13,28.5,0.0,119,339143,买盘
13:23:16,28.52,0.02,885,2522164,买盘
13:23:20,28.5,-0.02,85,242263,卖盘
13:23:23,28.48,-0.02,379,1079214,卖盘
13:23:26,28.48,0.0,91,259302,卖盘
13:23:29,28.48,0.0,188,535198,买盘
13:23:31,28.48,0.0,52,148093,卖盘
13:23:35,28.47,-0.01,137,390108,中性盘
13:23:38,28.48,0.01,69,196475,买盘
13:23:41,28.44,-0.04,290,824898,卖盘
13:23:44,28.44,0.0,75,213299,买盘
13:23:47,28.45,0.01,32,91025,买盘
13:23:49,28.44,-0.01,47,133689,中性盘
13:23:52,28.45,0.01,158,449258,卖盘
13:23:56,28.46,0.01,59,167893,买盘
13:23:59,28.47,0.01,59,167971,买盘
13:24:02,28.45,-0.02,123,350062,卖盘
13:24:04,28.47,0.02,182,517845,买盘
13:24:08,28.47,0.0,87,247656,买盘
13:24:11,28.48,0.01,79,224949,买盘
13:24:13,28.45,-0.03,229,651754,卖盘
13:24:17,28.45,0.0,51,145068,买盘
13:24:19,28.45,0.0,262,744840,买盘
13:24:22,28.44,-0.01,114,324193,中性盘
13:24:25,28.44,0.0,132,375495,卖盘
13:24:29,28.46,0.02,46,130907,买盘
13:24:32,28.46,0.0,90,256107,买盘
13:24:35,28.45,-0.01,353,1004339,卖盘
13:24:38,28.46,0.01,121,345523,买盘
13:24:40,28.45,-0.01,134,380045,卖盘
13:24:44,28.45,0.0,129,367018,买盘
13:24:47,28.45,0.0,85,243019,买盘
13:24:50,28.44,-0.01,204,580370,卖盘
13:24:52,28.44,0.0,131,371360,卖盘
13:24:56,28.42,-0.02,130,369608,卖盘
13:24:59,28.43,0.01,46,130770,买盘
13:25:02,28.41,-0.02,275,781683,卖盘
13:25:05,28.42,0.01,96,272874,买盘
13:25:08,28.41,-0.01,143,406224,卖盘
13:25:11,28.41,0.0,84,238636,买盘
13:25:13,28.42,0.01,239,679088,买盘
13:25:17,28.42,0.0,273,775446,卖盘
13:25:19,28.42,0.0,109,309716,买盘
13:25:22,28.42,0.0,183,519960,买盘
13:25:25,28.41,-0.01,238,676051,卖盘
13:25:29,28.42,0.01,109,309769,买盘
13:25:32,28.42,0.0,121,343803,买盘
13:25:35,28.42,0.0,213,605221,买盘
13:25:38,28.42,0.0,230,653657,买盘
13:25:41,28.42,0.0,275,781694,卖盘
13:25:44,28.44,0.02,296,841955,买盘
13:25:47,28.44,0.0,363,1032145,卖盘
13:25:50,28.45,0.01,137,389590,买盘
13:25:52,28.45,0.0,85,241780,买盘
13:25:56,28.42,-0.03,123,349770,卖盘
13:25:59,28.45,0.03,47,133682,买盘
13:26:02,28.41,-0.04,601,1708120,卖盘
13:26:04,28.45,0.04,202,574006,买盘
13:26:07,28.46,0.01,160,454659,买盘
13:26:10,28.45,-0.01,79,224793,卖盘
13:26:14,28.45,0.0,57,162194,卖盘
13:26:17,28.44,-0.01,102,291015,中性盘
13:26:20,28.45,0.01,77,219063,买盘
13:26:23,28.45,0.0,54,153616,买盘
13:26:26,28.44,-0.01,96,273060,卖盘
13:26:28,28.45,0.01,154,438003,买盘
13:26:31,28.45,0.0,331,941691,买盘
13:26:35,28.46,0.01,104,295913,买盘
13:26:37,28.46,0.0,114,324367,买盘
13:26:41,28.45,-0.01,304,865169,卖盘
13:26:44,28.47,0.02,105,298871,买盘
13:26:47,28.46,-0.01,355,1010247,卖盘
13:26:50,28.47,0.01,27,76868,买盘
13:26:53,28.47,0.0,62,176502,买盘
13:26:56,28.46,-0.01,203,577901,卖盘
13:26:59,28.46,0.0,58,165041,买盘
13:27:02,28.45,-0.01,111,315871,卖盘
13:27:04,28.45,0.0,150,426882,卖盘
13:27:08,28.44,-0.01,176,500712,卖盘
13:27:11,28.46,0.02,1522,4333158,买盘
13:27:14,28.45,-0.01,6,17068,买盘
13:27:17,28.41,-0.04,235,668019,卖盘
13:27:19,28.45,0.04,125,355446,买盘
13:27:23,28.43,-0.02,44,125121,卖盘
13:27:26,28.45,0.02,172,489324,买盘
13:27:29,28.44,-0.01,70,199126,中性盘
13:27:32,28.47,0.03,253,720108,买盘
13:27:35,28.47,0.0,26,74030,卖盘
13:27:38,28.47,0.0,49,139502,卖盘
13:27:41,28.47,0.0,61,173628,买盘
13:27:44,28.48,0.01,119,338848,买盘
13:27:46,28.47,-0.01,14,39854,卖盘
13:27:50,28.46,-0.01,30,85390,卖盘
13:27:53,28.46,0.0,187,532045,买盘
13:27:55,28.48,0.02,185,526549,买盘
13:27:59,28.48,0.0,18,51258,买盘
13:28:02,28.47,-0.01,151,429909,卖盘
13:28:05,28.47,0.0,201,572297,卖盘
13:28:08,28.47,0.0,295,840107,卖盘
13:28:11,28.48,0.01,111,316128,买盘
13:28:13,28.46,-0.02,377,1073281,卖盘
13:28:16,28.47,0.01,138,392787,买盘
