time,price,change,volume,amount,type
09:25:05,28.66,0.28,9908,28396328,卖盘
09:30:00,28.68,0.02,1009,2894835,买盘
09:30:04,28.86,0.18,3821,10963941,买盘
09:30:06,28.72,-0.14,1872,5373627,卖盘
09:30:09,28.71,-0.01,799,2297068,卖盘
09:30:12,28.71,0.0,874,2510083,买盘
09:30:16,28.8,0.09,430,1240366,中性盘
09:30:19,28.8,0.0,959,2757839,卖盘
09:30:22,28.87,0.07,703,2029308,中性盘
09:30:25,28.92,0.05,380,1097652,买盘
09:30:28,28.94,0.02,624,1803050,买盘
09:30:31,28.92,-0.02,220,636441,中性盘
09:30:34,28.95,0.03,1344,3890167,买盘
09:30:37,28.99,0.04,1188,3443328,买盘
09:30:40,28.98,-0.01,650,1884758,卖盘
09:30:43,29.01,0.03,1223,3545906,买盘
09:30:46,29.0,-0.01,505,1463939,卖盘
09:30:49,29.0,0.0,488,1415176,买盘
09:30:52,29.01,0.01,2027,5875450,买盘
09:30:54,29.03,0.02,1980,5784173,买盘
09:30:58,29.03,0.0,783,2273429,卖盘
09:31:00,29.06,0.03,197,573317,买盘
09:31:04,29.04,-0.02,429,1246404,卖盘
09:31:07,29.25,0.21,621,1807749,买盘
09:31:10,29.24,-0.01,740,2154436,卖盘
09:31:13,29.24,0.0,375,1092915,买盘
09:31:16,29.23,-0.01,442,1292203,卖盘
09:31:19,29.25,0.02,865,2529317,买盘
09:31:21,29.2,-0.05,1093,3196917,卖盘
09:31:25,29.18,-0.02,494,1442466,卖盘
09:31:27,29.28,0.1,304,889469,买盘
09:31:31,29.24,-0.04,853,2495752,卖盘
09:31:34,29.24,0.0,823,2409465,卖盘
09:31:37,29.28,0.04,501,1465659,中性盘
09:31:40,29.29,0.01,441,1289942,买盘
09:31:42,29.28,-0.01,442,1294427,中性盘
09:31:46,29.25,-0.03,862,2524195,卖盘
09:31:49,29.25,0.0,885,2590336,卖盘
09:31:52,29.29,0.04,1228,3589933,买盘
09:31:55,29.25,-0.04,644,1885531,卖盘
09:31:57,29.25,0.0,940,2747216,卖盘
09:32:01,29.15,-0.1,872,2548655,卖盘
09:32:04,29.2,0.05,374,1091685,买盘
09:32:07,29.17,-0.03,121,352784,中性盘
09:32:10,29.2,0.03,657,1918674,买盘
09:32:13,29.1,-0.1,337,982287,卖盘
09:32:16,29.11,0.01,645,1877931,买盘
09:32:19,29.17,0.06,247,719834,中性盘
09:32:22,29.07,-0.1,618,1799956,卖盘
09:32:24,29.06,-0.01,541,1575882,卖盘
09:32:27,29.11,0.05,527,1532387,买盘
09:32:31,29.12,0.01,464,1350455,买盘
09:32:34,29.15,0.03,452,1315488,买盘
09:32:37,29.15,0.0,598,1741119,买盘
09:32:39,29.15,0.0,700,2036813,买盘
09:32:43,29.1,-0.05,1502,4366004,中性盘
09:32:46,29.09,-0.01,503,1463600,中性盘
09:32:49,29.07,-0.02,586,1706775,卖盘
09:32:52,29.14,0.07,367,1067832,买盘
09:32:55,29.13,-0.01,363,1056308,中性盘
09:32:58,29.08,-0.05,549,1598911,卖盘
09:33:00,29.08,0.0,343,997949,卖盘
09:33:04,29.14,0.06,484,1409577,买盘
09:33:07,29.08,-0.06,365,1062292,卖盘
09:33:09,29.12,0.04,213,619794,买盘
09:33:13,29.1,-0.02,418,1216424,卖盘
09:33:16,29.1,0.0,564,1641217,卖盘
09:33:19,29.1,0.0,159,462678,卖盘
09:33:22,29.08,-0.02,713,2074886,卖盘
09:33:25,29.12,0.04,860,2501657,买盘
09:33:28,29.1,-0.02,396,1152002,中性盘
09:33:31,29.08,-0.02,290,844071,卖盘
09:33:34,29.08,0.0,265,770673,买盘
09:33:37,29.09,0.01,473,1374973,买盘
09:33:39,29.08,-0.01,136,395461,卖盘
09:33:43,29.08,0.0,388,1128325,买盘
09:33:46,29.08,0.0,281,817274,买盘
09:33:49,29.09,0.01,490,1425342,买盘
09:33:52,29.08,-0.01,420,1221518,卖盘
09:33:54,29.08,0.0,172,500290,卖盘
09:33:57,29.09,0.01,603,1754362,中性盘
09:34:01,29.1,0.01,599,1742608,买盘
09:34:04,29.12,0.02,1103,3209798,买盘
09:34:07,29.1,-0.02,191,555709,中性盘
09:34:09,29.12,0.02,197,573351,买盘
09:34:13,29.08,-0.04,456,1327026,卖盘
09:34:16,29.11,0.03,128,372442,买盘
09:34:19,29.11,0.0,169,491944,卖盘
09:34:22,29.11,0.0,332,966194,买盘
09:34:25,29.1,-0.01,225,654773,卖盘
09:34:28,29.1,0.0,123,357888,买盘
09:34:31,29.1,0.0,142,413209,买盘
09:34:34,29.09,-0.01,212,616847,卖盘
09:34:37,29.1,0.01,106,308409,买盘
09:34:40,29.1,0.0,291,846717,买盘
09:34:42,29.1,0.0,365,1062036,买盘
09:34:45,29.07,-0.03,1071,3114917,卖盘
09:34:49,29.06,-0.01,140,406999,卖盘
09:34:51,29.09,0.03,239,695234,买盘
09:34:55,29.06,-0.03,347,1007935,中性盘
09:34:58,29.0,-0.06,1260,3654086,卖盘
09:35:00,29.0,0.0,1120,3249013,买盘
09:35:03,29.01,0.01,380,1101688,卖盘
09:35:07,28.96,-0.05,175,506764,卖盘
09:35:10,29.04,0.08,231,670586,买盘
09:35:13,29.0,-0.04,366,1062410,卖盘
09:35:16,29.04,0.04,75,217674,买盘
09:35:19,29.04,0.0,156,452586,买盘
09:35:22,29.04,0.0,223,647280,买盘
09:35:25,29.04,0.0,737,2139241,买盘
09:35:28,29.04,0.0,232,673660,卖盘
09:35:31,29.04,0.0,196,569223,买盘
09:35:34,29.03,-0.01,326,947032,卖盘
09:35:37,29.04,0.01,201,583742,中性盘
09:35:39,29.04,0.0,275,799157,卖盘
09:35:43,29.04,0.0,212,616008,卖盘
09:35:46,29.07,0.03,328,952577,中性盘
09:35:49,29.04,-0.03,365,1059940,卖盘
09:35:52,29.04,0.0,561,1627915,买盘
09:35:55,29.05,0.01,283,822183,买盘
09:35:58,29.06,0.01,106,307962,中性盘
09:36:01,29.07,0.01,248,720709,买盘
09:36:04,29.08,0.01,389,1130970,买盘
09:36:07,29.08,0.0,170,494241,买盘
09:36:10,29.08,0.0,403,1172132,买盘
09:36:13,29.1,0.02,1531,4453644,买盘
09:36:16,29.09,-0.01,110,320026,卖盘
09:36:19,29.09,0.0,600,1745782,卖盘
09:36:22,29.09,0.0,546,1588476,卖盘
09:36:25,29.11,0.02,338,983505,买盘
09:36:28,29.1,-0.01,615,1790751,卖盘
09:36:31,29.13,0.03,244,711895,买盘
09:36:34,29.12,-0.01,425,1238329,卖盘
09:36:36,29.14,0.02,296,861897,中性盘
09:36:39,29.13,-0.01,600,1748619,卖盘
09:36:42,29.12,-0.01,128,372973,卖盘
09:36:46,29.11,-0.01,89,259199,卖盘
09:36:49,29.15,0.04,110,320503,买盘
09:36:52,29.15,0.0,225,655449,买盘
09:36:55,29.16,0.01,128,373088,买盘
09:36:57,29.15,-0.01,144,419840,卖盘
09:37:01,29.16,0.01,364,1061307,买盘
09:37:04,29.16,0.0,179,521891,买盘
09:37:07,29.16,0.0,190,554029,买盘
09:37:10,29.15,-0.01,597,1740062,卖盘
09:37:13,29.17,0.02,146,425884,买盘
09:37:16,29.18,0.01,254,740937,买盘
09:37:18,29.2,0.02,753,2198561,买盘
09:37:22,29.21,0.01,325,948599,买盘
09:37:25,29.21,0.0,120,350483,买盘
09:37:28,29.2,-0.01,157,458520,中性盘
09:37:31,29.22,0.02,479,1396558,买盘
09:37:34,29.21,-0.01,464,1355839,卖盘
09:37:37,29.23,0.02,83,242697,中性盘
09:37:39,29.21,-0.02,680,1988539,卖盘
09:37:43,29.25,0.04,206,602084,买盘
09:37:46,29.24,-0.01,240,701801,中性盘
09:37:49,29.26,0.02,503,1470859,买盘
09:37:52,29.25,-0.01,381,1114526,卖盘
09:37:55,29.23,-0.02,596,1743168,卖盘
09:37:57,29.25,0.02,739,2163263,买盘
09:38:01,29.29,0.04,207,605958,买盘
09:38:03,29.29,0.0,131,383616,买盘
09:38:07,29.27,-0.02,196,573929,卖盘
09:38:10,29.29,0.02,590,1726543,买盘
09:38:13,29.26,-0.03,222,649813,中性盘
09:38:16,29.29,0.03,279,816814,买盘
09:38:19,29.22,-0.07,476,1392606,卖盘
09:38:22,29.24,0.02,358,1046673,中性盘
09:38:25,29.27,0.03,126,368466,买盘
09:38:28,29.27,0.0,98,286798,卖盘
09:38:30,29.29,0.02,320,936710,买盘
09:38:34,29.27,-0.02,218,638308,卖盘
09:38:37,29.29,0.02,589,1726045,买盘
09:38:40,29.27,-0.02,120,351281,卖盘
09:38:43,29.29,0.02,682,1997963,买盘
09:38:46,29.29,0.0,101,295883,卖盘
09:38:49,29.3,0.01,351,1028417,买盘
09:38:52,29.29,-0.01,312,913973,卖盘
09:38:55,29.27,-0.02,912,2671331,卖盘
09:38:57,29.28,0.01,423,1239722,中性盘
09:39:01,29.28,0.0,281,822803,买盘
09:39:03,29.29,0.01,184,538863,买盘
09:39:07,29.29,0.0,441,1291462,买盘
09:39:10,29.3,0.01,157,459903,买盘
09:39:13,29.29,-0.01,369,1081255,卖盘
09:39:16,29.32,0.03,153,448512,买盘
09:39:19,29.32,0.0,262,767973,买盘
09:39:22,29.32,0.0,326,955608,卖盘
09:39:25,29.3,-0.02,892,2614351,卖盘
09:39:28,29.29,-0.01,836,2448937,卖盘
09:39:30,29.27,-0.02,454,1329306,卖盘
09:39:33,29.24,-0.03,2185,6392216,卖盘
09:39:37,29.2,-0.04,1677,4900933,卖盘
09:39:40,29.27,0.07,238,695910,买盘
09:39:43,29.26,-0.01,106,310076,中性盘
09:39:45,29.23,-0.03,145,423856,买盘
09:39:49,29.26,0.03,235,687089,买盘
09:39:51,29.26,0.0,252,736750,买盘
09:39:55,29.24,-0.02,292,853963,卖盘
09:39:58,29.24,0.0,182,532197,买盘
09:40:01,29.25,0.01,293,856161,买盘
09:40:03,29.25,0.0,351,1026151,买盘
09:40:07,29.21,-0.04,312,911712,卖盘
09:40:09,29.23,0.02,95,277547,买盘
09:40:12,29.21,-0.02,100,292208,卖盘
09:40:15,29.21,0.0,351,1025219,买盘
09:40:19,29.2,-0.01,648,1893123,卖盘
09:40:21,29.22,0.02,471,1375241,买盘
09:40:24,29.22,0.0,452,1320705,卖盘
09:40:28,29.23,0.01,903,2634953,中性盘
09:40:31,29.21,-0.02,147,429421,卖盘
09:40:34,29.21,0.0,150,438006,买盘
09:40:37,29.2,-0.01,92,268440,卖盘
09:40:40,29.2,0.0,325,948283,买盘
09:40:43,29.17,-0.03,72,210158,卖盘
09:40:46,29.2,0.03,164,478635,买盘
09:40:48,29.2,0.0,572,1669716,买盘
09:40:52,29.2,0.0,541,1579073,买盘
09:40:55,29.2,0.0,292,852710,卖盘
09:40:58,29.15,-0.05,374,1091442,卖盘
09:41:01,29.2,0.05,273,796700,买盘
09:41:04,29.19,-0.01,73,213035,买盘
09:41:07,29.17,-0.02,470,1371920,卖盘
09:41:10,29.17,0.0,258,752742,卖盘
09:41:13,29.19,0.02,470,1371030,买盘
09:41:15,29.17,-0.02,309,901883,卖盘
09:41:19,29.2,0.03,131,382418,买盘
09:41:22,29.19,-0.01,586,1709943,卖盘
09:41:25,29.19,0.0,315,918734,卖盘
09:41:28,29.19,0.0,121,353219,卖盘
09:41:31,29.2,0.01,277,808645,买盘
09:41:33,29.2,0.0,99,289021,买盘
09:41:37,29.19,-0.01,191,557595,卖盘
09:41:40,29.2,0.01,157,458411,买盘
09:41:43,29.19,-0.01,204,595678,卖盘
09:41:45,29.2,0.01,496,1447827,买盘
09:41:49,29.21,0.01,277,808575,买盘
09:41:52,29.19,-0.02,889,2594002,卖盘
09:41:55,29.17,-0.02,247,720885,卖盘
09:41:57,29.19,0.02,374,1091835,买盘
09:42:01,29.2,0.01,549,1600986,中性盘
09:42:04,29.19,-0.01,273,797110,卖盘
09:42:06,29.19,0.0,191,557672,卖盘
09:42:10,29.21,0.02,652,1903931,买盘
09:42:13,29.19,-0.02,410,1197070,卖盘
09:42:16,29.18,-0.01,483,1410171,卖盘
09:42:19,29.19,0.01,231,674393,中性盘
09:42:22,29.19,0.0,299,872780,卖盘
09:42:25,29.19,0.0,343,1001182,买盘
09:42:28,29.1,-0.09,893,2600489,卖盘
09:42:30,29.1,0.0,456,1329397,买盘
09:42:34,29.19,0.09,393,1145182,买盘
09:42:36,29.1,-0.09,59,172014,卖盘
09:42:40,29.17,0.07,21,61268,卖盘
09:42:43,29.17,0.0,24,70015,卖盘
09:42:46,29.17,0.0,164,478297,卖盘
09:42:49,29.17,0.0,62,180649,中性盘
09:42:51,29.17,0.0,44,128234,买盘
09:42:54,29.16,-0.01,634,1848539,卖盘
09:42:57,29.16,0.0,564,1642000,中性盘
09:43:01,29.13,-0.03,201,586143,卖盘
09:43:04,29.13,0.0,345,1005594,卖盘
09:43:07,29.15,0.02,568,1654867,中性盘
09:43:10,29.1,-0.05,344,1001715,卖盘
09:43:13,29.12,0.02,128,372756,中性盘
09:43:16,29.1,-0.02,299,870422,卖盘
09:43:19,29.13,0.03,420,1222504,买盘
09:43:22,29.1,-0.03,580,1687960,卖盘
09:43:25,29.1,0.0,614,1786515,买盘
09:43:27,29.1,0.0,161,468418,买盘
09:43:31,29.1,0.0,721,2097161,买盘
09:43:34,29.09,-0.01,391,1136952,买盘
09:43:37,29.08,-0.01,158,459495,中性盘
09:43:39,29.08,0.0,127,369285,买盘
09:43:42,29.05,-0.03,387,1124990,卖盘
09:43:46,29.04,-0.01,579,1681918,卖盘
09:43:49,29.04,0.0,90,261368,卖盘
09:43:52,29.03,-0.01,167,484902,卖盘
09:43:55,29.04,0.01,202,586644,中性盘
09:43:57,29.04,0.0,479,1390309,卖盘
09:44:01,29.03,-0.01,209,606798,中性盘
09:44:03,29.04,0.01,1340,3886441,买盘
09:44:07,29.03,-0.01,470,1364542,卖盘
09:44:10,29.04,0.01,725,2104532,买盘
09:44:13,29.03,-0.01,437,1268106,中性盘
09:44:16,29.03,0.0,1140,3307468,买盘
09:44:18,29.04,0.01,357,1035634,买盘
09:44:22,29.08,0.04,416,1208620,买盘
09:44:25,29.04,-0.04,113,328170,中性盘
09:44:28,29.04,0.0,260,755015,买盘
09:44:31,29.05,0.01,174,505524,中性盘
09:44:34,29.07,0.02,349,1014260,买盘
09:44:37,29.08,0.01,220,639371,买盘
09:44:40,29.08,0.0,175,508755,买盘
09:44:43,29.08,0.0,101,293645,买盘
09:44:46,29.06,-0.02,756,2198199,卖盘
09:44:49,29.1,0.04,402,1169525,买盘
09:44:51,29.03,-0.07,583,1695034,卖盘
09:44:55,29.1,0.07,416,1208489,买盘
09:44:58,29.05,-0.05,628,1825286,卖盘
09:45:01,29.11,0.06,439,1276585,买盘
09:45:04,29.1,-0.01,155,451124,卖盘
09:45:06,29.1,0.0,355,1033276,卖盘
09:45:09,29.1,0.0,433,1260621,卖盘
09:45:13,29.15,0.05,766,2230657,买盘
09:45:15,29.16,0.01,160,466357,买盘
09:45:19,29.1,-0.06,1430,4165086,卖盘
09:45:22,29.18,0.08,792,2307937,买盘
09:45:25,29.19,0.01,209,610025,买盘
09:45:28,29.15,-0.04,513,1495426,卖盘
09:45:31,29.18,0.03,198,577095,买盘
09:45:33,29.15,-0.03,837,2442130,卖盘
09:45:37,29.18,0.03,545,1590452,买盘
09:45:40,29.18,0.0,875,2554617,卖盘
09:45:42,29.19,0.01,232,676975,买盘
09:45:46,29.19,0.0,123,359007,买盘
09:45:49,29.19,0.0,482,1407325,买盘
09:45:51,29.18,-0.01,166,484414,卖盘
09:45:55,29.19,0.01,539,1573818,卖盘
09:45:58,29.21,0.02,492,1436957,买盘
09:46:01,29.23,0.02,571,1669418,买盘
09:46:04,29.23,0.0,196,573206,卖盘
09:46:07,29.23,0.0,126,368506,卖盘
09:46:10,29.21,-0.02,794,2322503,卖盘
09:46:13,29.24,0.03,77,225044,买盘
09:46:16,29.23,-0.01,127,371201,中性盘
09:46:19,29.24,0.01,137,400470,买盘
09:46:22,29.26,0.02,222,649376,买盘
09:46:25,29.24,-0.02,136,397826,中性盘
09:46:28,29.24,0.0,84,245637,卖盘
09:46:31,29.24,0.0,196,573410,卖盘
09:46:33,29.25,0.01,202,590877,买盘
09:46:37,29.25,0.0,127,371542,卖盘
09:46:39,29.25,0.0,246,719858,卖盘
09:46:43,29.25,0.0,1031,3015724,卖盘
09:46:46,29.21,-0.04,486,1421736,卖盘
09:46:49,29.21,0.0,50,146177,卖盘
09:46:52,29.25,0.04,203,593667,买盘
09:46:54,29.25,0.0,185,540877,卖盘
09:46:58,29.25,0.0,36,105225,买盘
09:47:00,29.24,-0.01,150,438384,买盘
09:47:04,29.23,-0.01,106,309893,中性盘
09:47:07,29.23,0.0,117,342120,卖盘
09:47:09,29.24,0.01,197,576057,卖盘
09:47:13,29.25,0.01,1056,3089104,买盘
09:47:16,29.25,0.0,339,991987,卖盘
09:47:19,29.28,0.03,457,1338003,买盘
09:47:22,29.28,0.0,187,547645,卖盘
09:47:25,29.27,-0.01,328,960415,卖盘
09:47:28,29.28,0.01,113,330856,买盘
09:47:31,29.3,0.02,65,190382,买盘
09:47:33,29.29,-0.01,128,374874,中性盘
09:47:37,29.28,-0.01,237,694047,卖盘
09:47:40,29.29,0.01,388,1135360,买盘
09:47:42,29.29,0.0,167,489108,买盘
09:47:46,29.28,-0.01,547,1601997,卖盘
09:47:48,29.22,-0.06,639,1868130,卖盘
09:47:52,29.22,0.0,482,1408439,买盘
09:47:55,29.23,0.01,193,564800,中性盘
09:47:58,29.28,0.05,198,579479,买盘
09:48:01,29.26,-0.02,71,207550,卖盘
09:48:03,29.28,0.02,267,781944,买盘
09:48:07,29.29,0.01,223,653219,买盘
09:48:10,29.29,0.0,166,486337,卖盘
09:48:12,29.28,-0.01,255,746730,卖盘
09:48:15,29.28,0.0,133,389570,买盘
09:48:19,29.27,-0.01,263,770134,卖盘
09:48:22,29.28,0.01,99,289818,买盘
09:48:25,29.28,0.0,216,632449,买盘
09:48:28,29.28,0.0,218,638327,卖盘
09:48:31,29.29,0.01,51,149360,买盘
09:48:34,29.28,-0.01,563,1648848,卖盘
09:48:37,29.28,0.0,411,1203242,买盘
09:48:39,29.26,-0.02,296,866194,卖盘
09:48:42,29.26,0.0,246,719796,买盘
09:48:46,29.26,0.0,162,474074,买盘
09:48:49,29.26,0.0,93,272096,买盘
09:48:51,29.26,0.0,5,14631,卖盘
09:48:54,29.26,0.0,102,298452,卖盘
09:48:58,29.27,0.01,102,298522,买盘
09:49:01,29.27,0.0,93,272222,卖盘
09:49:04,29.27,0.0,142,415678,卖盘
09:49:07,29.26,-0.01,233,681916,卖盘
09:49:10,29.25,-0.01,125,365729,卖盘
09:49:13,29.26,0.01,135,394951,买盘
09:49:16,29.26,0.0,199,582232,买盘
09:49:18,29.25,-0.01,611,1787148,卖盘
09:49:21,29.25,0.0,27,78946,买盘
09:49:25,29.22,-0.03,81,236863,卖盘
09:49:28,29.22,0.0,130,380040,卖盘
09:49:31,29.22,0.0,169,493945,卖盘
09:49:34,29.24,0.02,70,204630,中性盘
09:49:37,29.25,0.01,127,371412,买盘
09:49:39,29.24,-0.01,181,529330,卖盘
09:49:43,29.23,-0.01,639,1867073,中性盘
09:49:46,29.22,-0.01,112,327408,卖盘
09:49:48,29.24,0.02,198,578571,买盘
09:49:52,29.23,-0.01,176,514601,中性盘
09:49:54,29.26,0.03,309,903208,买盘
09:49:58,29.21,-0.05,1133,3314540,卖盘
09:50:01,29.21,0.0,700,2044408,卖盘
09:50:04,29.23,0.02,54,157801,买盘
09:50:07,29.23,0.0,320,935156,卖盘
09:50:09,29.21,-0.02,562,1641772,卖盘
09:50:13,29.22,0.01,125,365129,买盘
09:50:16,29.2,-0.02,1070,3125941,卖盘
09:50:19,29.2,0.0,186,543113,买盘
09:50:22,29.22,0.02,111,324292,买盘
09:50:25,29.22,0.0,410,1198033,买盘
09:50:27,29.21,-0.01,182,531659,卖盘
09:50:31,29.23,0.02,156,455635,买盘
09:50:34,29.21,-0.02,110,321466,卖盘
09:50:37,29.24,0.03,197,575532,买盘
09:50:39,29.21,-0.03,229,668855,中性盘
09:50:42,29.24,0.03,389,1136368,买盘
09:50:45,29.27,0.03,463,1354753,买盘
09:50:49,29.21,-0.06,248,724091,卖盘
09:50:51,29.23,0.02,5,14613,中性盘
09:50:54,29.22,-0.01,17,49674,卖盘
09:50:58,29.23,0.01,141,411952,买盘
09:51:01,29.24,0.01,109,318633,买盘
09:51:04,29.22,-0.02,193,564112,卖盘
09:51:07,29.24,0.02,124,362596,买盘
09:51:09,29.25,0.01,214,626321,中性盘
09:51:12,29.24,-0.01,132,386021,卖盘
09:51:15,29.25,0.01,207,605262,买盘
09:51:19,29.23,-0.02,71,207511,中性盘
09:51:21,29.23,0.0,124,362473,买盘
09:51:25,29.24,0.01,120,350692,买盘
09:51:27,29.25,0.01,135,394735,买盘
09:51:30,29.24,-0.01,78,228066,中性盘
09:51:34,29.23,-0.01,131,382931,卖盘
09:51:37,29.25,0.02,215,628452,买盘
09:51:40,29.25,0.0,149,435833,买盘
09:51:42,29.26,0.01,80,234014,买盘
09:51:46,29.25,-0.01,230,672948,卖盘
09:51:49,29.26,0.01,256,748810,买盘
09:51:52,29.26,0.0,182,532779,卖盘
09:51:55,29.28,0.02,360,1053867,买盘
09:51:57,29.28,0.0,480,1404801,买盘
09:52:01,29.26,-0.02,158,462379,卖盘
09:52:03,29.29,0.03,96,281099,买盘
09:52:07,29.28,-0.01,143,418629,卖盘
09:52:09,29.26,-0.02,609,1780964,卖盘
09:52:13,29.26,0.0,331,968160,买盘
09:52:15,29.26,0.0,265,774933,买盘
09:52:19,29.24,-0.02,85,248603,卖盘
09:52:21,29.24,0.0,141,412257,卖盘
09:52:25,29.23,-0.01,1483,4334203,卖盘
09:52:28,29.22,-0.01,805,2351394,卖盘
09:52:31,29.22,0.0,203,593156,买盘
09:52:34,29.2,-0.02,126,367902,中性盘
09:52:37,29.22,0.02,213,621835,买盘
09:52:40,29.2,-0.02,122,356301,卖盘
09:52:43,29.19,-0.01,816,2382999,卖盘
09:52:46,29.18,-0.01,126,367752,卖盘
09:52:49,29.21,0.03,3208,9397202,买盘
09:52:52,29.22,0.01,320,934731,卖盘
09:52:55,29.24,0.02,325,949427,买盘
09:52:58,29.25,0.01,29,84779,中性盘
09:53:00,29.27,0.02,83,242756,买盘
09:53:04,29.23,-0.04,190,555451,卖盘
09:53:07,29.26,0.03,26,76042,买盘
09:53:09,29.27,0.01,224,655721,买盘
09:53:14,29.26,-0.01,69,201892,卖盘
09:53:16,29.27,0.01,128,374536,买盘
09:53:19,29.27,0.0,86,251704,卖盘
09:53:22,29.3,0.03,300,879105,买盘
09:53:25,29.33,0.03,94,275611,买盘
09:53:27,29.32,-0.01,342,1003065,中性盘
09:53:31,29.34,0.02,109,319703,买盘
09:53:34,29.3,-0.04,602,1762196,卖盘
09:53:38,29.25,-0.05,595,1740082,卖盘
09:53:40,29.3,0.05,120,351353,买盘
09:53:43,29.31,0.01,106,310685,买盘
09:53:46,29.32,0.01,269,789083,买盘
09:53:49,29.32,0.0,44,129002,买盘
09:53:51,29.25,-0.07,127,372086,卖盘
09:53:55,29.3,0.05,115,336679,中性盘
09:53:58,29.33,0.03,360,1055857,买盘
09:54:01,29.33,0.0,123,360957,卖盘
09:54:03,29.31,-0.02,430,1261578,卖盘
09:54:07,29.32,0.01,373,1094154,买盘
09:54:10,29.31,-0.01,281,823977,卖盘
09:54:13,29.32,0.01,60,175951,中性盘
09:54:16,29.35,0.03,152,445898,买盘
09:54:19,29.33,-0.02,240,703774,买盘
09:54:21,29.32,-0.01,152,445859,卖盘
09:54:25,29.32,0.0,216,633309,卖盘
09:54:28,29.3,-0.02,598,1752745,卖盘
09:54:31,29.34,0.04,26,76233,买盘
09:54:33,29.32,-0.02,177,519057,卖盘
09:54:37,29.33,0.01,124,363660,买盘
09:54:40,29.32,-0.01,1582,4644835,中性盘
09:54:43,29.31,-0.01,66,193442,卖盘
09:54:46,29.34,0.03,333,976742,买盘
09:54:49,29.33,-0.01,90,263911,卖盘
09:54:52,29.34,0.01,84,246434,买盘
09:54:55,29.29,-0.05,322,944416,卖盘
09:54:57,29.29,0.0,357,1045960,买盘
09:55:01,29.31,0.02,52,152512,中性盘
09:55:04,29.38,0.07,90,263999,买盘
09:55:06,29.38,0.0,51,149803,买盘
09:55:10,29.37,-0.01,774,2270719,卖盘
09:55:13,29.3,-0.07,161,472315,卖盘
09:55:15,29.32,0.02,115,337075,买盘
09:55:19,29.3,-0.02,178,521928,卖盘
09:55:22,29.35,0.05,240,703211,买盘
09:55:25,29.36,0.01,35,102670,买盘
09:55:28,29.36,0.0,19,55795,卖盘
09:55:31,29.36,0.0,106,311286,中性盘
09:55:34,29.36,0.0,378,1110010,卖盘
09:55:37,29.39,0.03,183,537702,买盘
09:55:40,29.35,-0.04,243,713047,卖盘
09:55:43,29.36,0.01,29,85114,买盘
09:55:45,29.36,0.0,22,64586,买盘
09:55:49,29.38,0.02,50,146852,买盘
09:55:51,29.4,0.02,192,564185,买盘
09:55:55,29.4,0.0,182,534829,买盘
09:55:57,29.39,-0.01,1101,3233608,中性盘
09:56:01,29.38,-0.01,417,1224927,卖盘
09:56:03,29.38,0.0,307,902533,买盘
09:56:07,29.3,-0.08,769,2256522,卖盘
09:56:10,29.4,0.1,387,1137551,买盘
09:56:14,29.39,-0.01,54,158456,中性盘
09:56:16,29.43,0.04,192,564533,买盘
09:56:19,29.37,-0.06,601,1765778,卖盘
09:56:22,29.4,0.03,227,666768,买盘
09:56:25,29.35,-0.05,85,249623,卖盘
09:56:27,29.43,0.08,331,973478,买盘
09:56:31,29.43,0.0,161,473717,买盘
09:56:34,29.41,-0.02,191,561842,卖盘
09:56:36,29.45,0.04,846,2491216,买盘
09:56:40,29.45,0.0,299,880666,卖盘
09:56:44,29.48,0.03,220,648159,买盘
09:56:46,29.45,-0.03,332,978337,卖盘
09:56:49,29.48,0.03,159,468566,买盘
09:56:52,29.47,-0.01,1040,3067012,卖盘
09:56:55,29.43,-0.04,587,1730251,卖盘
09:56:58,29.5,0.07,55,162223,买盘
09:57:01,29.48,-0.02,227,669328,卖盘
09:57:04,29.5,0.02,416,1227058,买盘
09:57:07,29.51,0.01,861,2538998,买盘
09:57:11,29.53,0.02,386,1139457,买盘
09:57:14,29.5,-0.03,518,1529079,卖盘
09:57:16,29.53,0.03,182,537266,买盘
09:57:19,29.52,-0.01,70,206579,中性盘
09:57:22,29.53,0.01,290,855695,买盘
09:57:25,29.53,0.0,634,1872096,买盘
09:57:28,29.53,0.0,295,871175,卖盘
09:57:31,29.52,-0.01,392,1157431,卖盘
09:57:34,29.53,0.01,198,584753,卖盘
09:57:37,29.52,-0.01,210,619998,卖盘
09:57:40,29.48,-0.04,857,2527354,卖盘
09:57:44,29.5,0.02,384,1133659,卖盘
09:57:46,29.52,0.02,123,362935,买盘
09:57:49,29.52,0.0,406,1198443,卖盘
09:57:52,29.5,-0.02,193,569863,卖盘
09:57:54,29.5,0.0,144,424873,卖盘
09:57:57,29.48,-0.02,272,802219,卖盘
09:58:01,29.5,0.02,133,392348,买盘
09:58:04,29.51,0.01,151,445415,买盘
09:58:07,29.5,-0.01,119,351052,中性盘
09:58:10,29.5,0.0,286,843787,卖盘
09:58:14,29.5,0.0,305,899779,卖盘
09:58:16,29.5,0.0,394,1162432,买盘
09:58:19,29.52,0.02,960,2832010,买盘
09:58:22,29.52,0.0,465,1372328,买盘
09:58:25,29.51,-0.01,621,1832614,卖盘
09:58:29,29.51,0.0,590,1740598,卖盘
09:58:30,29.5,-0.01,123,362900,中性盘
09:58:34,29.45,-0.05,220,648710,卖盘
09:58:37,29.45,0.0,195,574273,买盘
09:58:39,29.45,0.0,255,750788,买盘
09:58:44,29.45,0.0,81,238631,买盘
09:58:46,29.48,0.03,226,665945,买盘
09:58:49,29.47,-0.01,24,70745,卖盘
09:58:52,29.48,0.01,34,100252,中性盘
09:58:55,29.48,0.0,338,997007,卖盘
09:58:58,29.49,0.01,28,82587,中性盘
09:59:01,29.48,-0.01,99,291886,卖盘
09:59:04,29.48,0.0,87,256508,卖盘
09:59:07,29.49,0.01,401,1182325,买盘
09:59:09,29.49,0.0,621,1830915,卖盘
09:59:14,29.49,0.0,369,1088052,卖盘
09:59:16,29.45,-0.04,605,1783068,卖盘
09:59:19,29.45,0.0,209,615838,卖盘
09:59:22,29.43,-0.02,544,1602093,卖盘
09:59:25,29.4,-0.03,262,770652,卖盘
09:59:28,29.4,0.0,252,741145,卖盘
09:59:31,29.39,-0.01,448,1316696,卖盘
09:59:34,29.31,-0.08,112,328720,卖盘
09:59:37,29.32,0.01,270,791531,买盘
09:59:39,29.31,-0.01,250,733002,卖盘
09:59:44,29.32,0.01,131,384346,中性盘
09:59:45,29.32,0.0,363,1065862,买盘
09:59:49,29.38,0.06,270,793230,买盘
09:59:52,29.38,0.0,41,120521,卖盘
09:59:54,29.38,0.0,70,205666,卖盘
09:59:58,29.4,0.02,118,346755,买盘
10:00:01,29.4,0.0,188,552423,买盘
10:00:04,29.38,-0.02,417,1225307,卖盘
10:00:07,29.33,-0.05,204,599229,卖盘
10:00:10,29.37,0.04,218,640176,买盘
10:00:12,29.36,-0.01,280,822126,卖盘
10:00:15,29.36,0.0,157,460972,卖盘
10:00:19,29.34,-0.02,261,765973,卖盘
10:00:21,29.34,0.0,128,375527,买盘
10:00:25,29.33,-0.01,279,818581,卖盘
10:00:29,29.34,0.01,68,199533,买盘
10:00:31,29.34,0.0,144,422469,买盘
10:00:34,29.34,0.0,403,1182128,卖盘
10:00:37,29.35,0.01,247,724845,买盘
10:00:40,29.33,-0.02,362,1061592,卖盘
10:00:42,29.33,0.0,257,753843,买盘
10:00:46,29.34,0.01,169,495704,买盘
10:00:49,29.33,-0.01,112,328574,卖盘
10:00:52,29.34,0.01,56,164300,买盘
10:00:54,29.34,0.0,128,375451,买盘
10:00:59,29.31,-0.03,309,905993,卖盘
10:01:01,29.34,0.03,77,225824,买盘
10:01:04,29.35,0.01,223,654267,买盘
10:01:06,29.35,0.0,361,1061695,买盘
10:01:09,29.35,0.0,321,942637,卖盘
10:01:14,29.34,-0.01,113,331671,卖盘
10:01:17,29.37,0.03,52,152656,买盘
10:01:19,29.39,0.02,153,449482,买盘
10:01:22,29.39,0.0,58,170407,买盘
10:01:24,29.38,-0.01,88,258602,卖盘
10:01:28,29.38,0.0,54,158725,卖盘
10:01:31,29.39,0.01,103,302775,中性盘
10:01:34,29.39,0.0,135,396701,买盘
10:01:37,29.38,-0.01,213,625813,卖盘
10:01:40,29.37,-0.01,177,520245,卖盘
10:01:44,29.34,-0.03,466,1368163,卖盘
10:01:46,29.34,0.0,490,1437644,买盘
10:01:49,29.33,-0.01,457,1340564,卖盘
10:01:51,29.34,0.01,226,662911,买盘
10:01:54,29.37,0.03,91,267012,买盘
10:01:59,29.35,-0.02,195,572683,中性盘
10:02:00,29.37,0.02,97,284795,买盘
10:02:04,29.37,0.0,149,437567,买盘
10:02:07,29.36,-0.01,65,190843,卖盘
10:02:10,29.35,-0.01,183,537235,卖盘
10:02:12,29.35,0.0,64,187856,卖盘
10:02:16,29.35,0.0,162,475365,卖盘
10:02:19,29.36,0.01,252,739755,买盘
10:02:22,29.35,-0.01,149,437386,卖盘
10:02:25,29.35,0.0,87,255424,卖盘
10:02:27,29.35,0.0,112,328750,卖盘
10:02:31,29.35,0.0,57,167295,买盘
10:02:34,29.35,0.0,44,129135,买盘
10:02:37,29.36,0.01,502,1473386,买盘
10:02:40,29.34,-0.02,351,1030367,卖盘
10:02:44,29.35,0.01,58,170225,买盘
10:02:46,29.35,0.0,44,129140,买盘
10:02:49,29.35,0.0,102,299330,买盘
10:02:53,29.35,0.0,49,143817,卖盘
10:02:55,29.35,0.0,135,396326,卖盘
10:02:59,29.38,0.03,271,795567,买盘
10:03:01,29.36,-0.02,441,1294138,卖盘
10:03:04,29.35,-0.01,138,405074,卖盘
10:03:07,29.34,-0.01,66,193709,卖盘
10:03:10,29.35,0.01,227,666531,卖盘
10:03:14,29.35,0.0,84,246605,卖盘
10:03:15,29.35,0.0,541,1588128,卖盘
10:03:19,29.36,0.01,155,455081,买盘
10:03:22,29.36,0.0,152,446314,卖盘
10:03:25,29.37,0.01,31,91018,买盘
10:03:29,29.39,0.02,377,1107759,买盘
10:03:30,29.39,0.0,217,637845,买盘
10:03:34,29.42,0.03,169,497007,买盘
10:03:37,29.42,0.0,327,961993,买盘
10:03:40,29.44,0.02,94,276597,买盘
10:03:42,29.43,-0.01,106,312081,卖盘
10:03:47,29.43,0.0,450,1323303,卖盘
10:03:49,29.43,0.0,133,391506,买盘
10:03:52,29.42,-0.01,130,382710,卖盘
10:03:54,29.43,0.01,90,264938,买盘
10:03:57,29.42,-0.01,94,276703,买盘
10:04:01,29.41,-0.01,151,444339,卖盘
10:04:04,29.42,0.01,161,473653,买盘
10:04:07,29.36,-0.06,193,567095,卖盘
10:04:10,29.39,0.03,377,1106873,买盘
10:04:14,29.41,0.02,110,323303,买盘
10:04:16,29.41,0.0,733,2151190,卖盘
10:04:19,29.43,0.02,534,1570859,买盘
10:04:23,29.43,0.0,181,532731,卖盘
10:04:25,29.4,-0.03,482,1417598,卖盘
10:04:29,29.41,0.01,29,85286,中性盘
10:04:30,29.4,-0.01,245,720322,卖盘
10:04:34,29.4,0.0,109,320334,买盘
10:04:37,29.4,0.0,417,1225920,买盘
10:04:40,29.42,0.02,596,1752561,买盘
10:04:43,29.38,-0.04,205,602080,卖盘
10:04:46,29.4,0.02,119,349937,买盘
10:04:49,29.4,0.0,121,355736,买盘
10:04:52,29.4,0.0,102,299939,卖盘
10:04:55,29.38,-0.02,264,775638,卖盘
10:04:57,29.4,0.02,81,238116,买盘
10:05:01,29.4,0.0,676,1987423,买盘
10:05:04,29.4,0.0,77,226444,卖盘
10:05:06,29.4,0.0,160,470585,卖盘
10:05:09,29.41,0.01,231,679208,买盘
10:05:12,29.43,0.02,357,1049999,买盘
10:05:16,29.44,0.01,265,779985,买盘
10:05:19,29.44,0.0,22,64768,卖盘
10:05:21,29.43,-0.01,414,1218757,卖盘
10:05:25,29.43,0.0,80,235495,卖盘
10:05:29,29.42,-0.01,165,485463,卖盘
10:05:31,29.42,0.0,157,461867,买盘
10:05:34,29.41,-0.01,50,147087,中性盘
10:05:37,29.41,0.0,138,405925,买盘
10:05:40,29.42,0.01,662,1948231,买盘
10:05:44,29.4,-0.02,88,258832,卖盘
10:05:46,29.39,-0.01,115,338061,卖盘
10:05:49,29.39,0.0,333,979029,买盘
10:05:52,29.39,0.0,95,279145,买盘
10:05:54,29.4,0.01,116,340873,买盘
10:05:58,29.4,0.0,84,246966,买盘
10:06:01,29.39,-0.01,414,1216509,卖盘
10:06:04,29.39,0.0,244,717262,卖盘
10:06:07,29.39,0.0,214,628987,卖盘
10:06:10,29.39,0.0,281,826190,买盘
10:06:14,29.39,0.0,73,214522,买盘
10:06:16,29.38,-0.01,85,249748,卖盘
10:06:19,29.38,0.0,102,299719,卖盘
10:06:22,29.39,0.01,53,155717,买盘
10:06:25,29.39,0.0,256,751933,买盘
10:06:28,29.38,-0.01,93,273263,卖盘
10:06:30,29.38,0.0,130,381966,中性盘
10:06:34,29.37,-0.01,104,305547,卖盘
10:06:37,29.35,-0.02,119,349436,卖盘
10:06:40,29.36,0.01,1041,3058807,买盘
10:06:44,29.35,-0.01,840,2465432,卖盘
10:06:46,29.41,0.06,515,1512221,买盘
10:06:49,29.39,-0.02,79,232067,买盘
10:06:51,29.36,-0.03,523,1535082,卖盘
10:06:55,29.38,0.02,1307,3834833,买盘
10:06:59,29.3,-0.08,1142,3347560,卖盘
10:07:01,29.35,0.05,270,792010,买盘
10:07:04,29.34,-0.01,73,214266,卖盘
10:07:07,29.29,-0.05,529,1551586,卖盘
10:07:10,29.38,0.09,369,1083606,买盘
10:07:14,29.38,0.0,60,176230,买盘
10:07:15,29.37,-0.01,62,182126,卖盘
10:07:19,29.37,0.0,265,778313,卖盘
10:07:22,29.37,0.0,28,82237,卖盘
10:07:25,29.37,0.0,194,569809,卖盘
10:07:27,29.37,0.0,52,152713,卖盘
10:07:31,29.37,0.0,96,281923,买盘
10:07:34,29.35,-0.02,298,874931,卖盘
10:07:36,29.35,0.0,44,129181,卖盘
10:07:40,29.34,-0.01,53,155591,卖盘
10:07:44,29.35,0.01,42,123255,买盘
10:07:46,29.34,-0.01,56,164275,买盘
10:07:49,29.33,-0.01,51,149615,卖盘
10:07:53,29.33,0.0,127,372498,卖盘
10:07:55,29.33,0.0,28,82122,买盘
10:07:57,29.34,0.01,133,390147,买盘
10:08:01,29.34,0.0,82,240538,买盘
10:08:04,29.33,-0.01,63,184789,卖盘
10:08:07,29.33,0.0,33,96792,卖盘
10:08:10,29.35,0.02,1128,3309682,买盘
10:08:14,29.34,-0.01,769,2255367,卖盘
10:08:16,29.36,0.02,95,278856,买盘
10:08:19,29.33,-0.03,6,17600,卖盘
10:08:22,29.33,0.0,86,252428,卖盘
10:08:26,29.35,0.02,16,46941,中性盘
10:08:29,29.34,-0.01,55,161342,买盘
10:08:31,29.34,0.0,160,469380,买盘
10:08:35,29.33,-0.01,55,161364,卖盘
10:08:37,29.33,0.0,338,991339,卖盘
10:08:41,29.33,0.0,78,228832,卖盘
10:08:44,29.32,-0.01,205,601118,卖盘
10:08:45,29.32,0.0,98,287345,买盘
10:08:49,29.31,-0.01,114,334176,卖盘
10:08:53,29.31,0.0,93,272587,卖盘
10:08:55,29.33,0.02,132,387025,买盘
10:08:59,29.31,-0.02,31,90897,卖盘
10:09:01,29.31,0.0,91,266762,卖盘
10:09:04,29.31,0.0,522,1529645,卖盘
10:09:08,29.32,0.01,99,290343,中性盘
10:09:11,29.31,-0.01,133,389922,卖盘
10:09:12,29.32,0.01,107,313766,中性盘
10:09:17,29.33,0.01,69,202362,买盘
10:09:19,29.32,-0.01,163,478071,卖盘
10:09:23,29.32,0.0,148,433965,卖盘
10:09:25,29.33,0.01,32,93851,买盘
10:09:29,29.29,-0.04,693,2030508,卖盘
10:09:31,29.32,0.03,89,261005,卖盘
10:09:34,29.33,0.01,160,469142,买盘
10:09:38,29.32,-0.01,76,222960,卖盘
10:09:41,29.33,0.01,64,187672,买盘
10:09:44,29.32,-0.01,86,252171,卖盘
10:09:47,29.33,0.01,33,96783,买盘
10:09:49,29.33,0.0,51,149573,买盘
10:09:53,29.32,-0.01,411,1204460,卖盘
10:09:55,29.33,0.01,161,472106,买盘
10:09:59,29.31,-0.02,64,187636,卖盘
10:10:00,29.32,0.01,56,164172,买盘
10:10:04,29.31,-0.01,213,624486,卖盘
10:10:07,29.31,0.0,127,372314,卖盘
10:10:11,29.33,0.02,573,1680236,买盘
10:10:12,29.32,-0.01,39,114328,中性盘
10:10:15,29.33,0.01,204,598335,买盘
10:10:19,29.33,0.0,188,551548,卖盘
10:10:23,29.33,0.0,195,572080,卖盘
10:10:25,29.35,0.02,132,387165,买盘
10:10:29,29.33,-0.02,386,1132394,卖盘
10:10:31,29.33,0.0,201,589838,卖盘
10:10:34,29.33,0.0,85,249297,买盘
10:10:37,29.33,0.0,95,278620,买盘
10:10:40,29.33,0.0,14,41067,卖盘
10:10:44,29.32,-0.01,89,261020,卖盘
10:10:45,29.34,0.02,24,70406,买盘
10:10:49,29.33,-0.01,94,275638,卖盘
10:10:53,29.34,0.01,114,334315,买盘
10:10:54,29.35,0.01,21,61615,买盘
10:10:59,29.37,0.02,687,2017359,买盘
10:11:02,29.35,-0.02,169,496357,卖盘
10:11:04,29.38,0.03,114,334877,买盘
10:11:07,29.35,-0.03,60,176163,卖盘
10:11:09,29.37,0.02,85,249722,卖盘
10:11:14,29.36,-0.01,331,971312,买盘
10:11:16,29.37,0.01,26,76337,买盘
10:11:19,29.35,-0.02,89,261403,卖盘
10:11:22,29.36,0.01,213,625268,中性盘
10:11:25,29.34,-0.02,76,223122,卖盘
10:11:27,29.34,0.0,58,170196,卖盘
10:11:30,29.33,-0.01,406,1191136,卖盘
10:11:34,29.32,-0.01,84,246358,卖盘
10:11:37,29.33,0.01,172,504420,买盘
10:11:40,29.32,-0.01,65,190613,卖盘
10:11:44,29.33,0.01,42,123164,买盘
10:11:47,29.32,-0.01,223,654007,卖盘
10:11:49,29.33,0.01,153,448771,买盘
10:11:52,29.33,0.0,75,220025,卖盘
10:11:55,29.33,0.0,128,375514,卖盘
10:11:59,29.38,0.05,172,505023,买盘
10:12:02,29.37,-0.01,180,528743,卖盘
10:12:04,29.34,-0.03,828,2430120,卖盘
10:12:08,29.33,-0.01,493,1446219,卖盘
10:12:10,29.36,0.03,194,569444,买盘
10:12:14,29.32,-0.04,257,753821,卖盘
10:12:17,29.31,-0.01,233,683013,卖盘
10:12:19,29.32,0.01,158,463300,中性盘
10:12:22,29.31,-0.01,60,175902,卖盘
10:12:25,29.31,0.0,63,184664,卖盘
10:12:29,29.32,0.01,73,213952,买盘
10:12:31,29.35,0.03,207,607435,买盘
10:12:34,29.35,0.0,138,405136,卖盘
10:12:38,29.36,0.01,206,604623,卖盘
10:12:41,29.35,-0.01,82,240691,卖盘
10:12:44,29.35,0.0,51,149715,卖盘
10:12:46,29.35,0.0,116,340460,卖盘
10:12:49,29.35,0.0,140,410962,卖盘
10:12:52,29.35,0.0,503,1476230,卖盘
10:12:55,29.36,0.01,385,1129311,买盘
10:12:59,29.35,-0.01,656,1925905,中性盘
10:13:01,29.31,-0.04,513,1504307,卖盘
10:13:04,29.3,-0.01,152,445632,卖盘
10:13:07,29.35,0.05,23,67495,中性盘
10:13:09,29.34,-0.01,81,237604,中性盘
10:13:14,29.36,0.02,72,211294,买盘
10:13:17,29.35,-0.01,109,319959,卖盘
10:13:19,29.34,-0.01,226,663400,卖盘
10:13:23,29.35,0.01,74,217130,买盘
10:13:25,29.36,0.01,491,1440690,买盘
10:13:29,29.35,-0.01,210,616399,卖盘
10:13:31,29.35,0.0,234,687005,卖盘
10:13:34,29.35,0.0,70,205497,卖盘
10:13:37,29.35,0.0,122,358074,卖盘
10:13:40,29.35,0.0,58,170260,卖盘
10:13:44,29.35,0.0,66,193719,卖盘
10:13:47,29.36,0.01,113,331716,买盘
10:13:49,29.36,0.0,349,1024317,买盘
10:13:53,29.35,-0.01,176,516633,卖盘
10:13:54,29.37,0.02,274,803469,买盘
10:13:57,29.37,0.0,46,135109,卖盘
10:14:01,29.37,0.0,60,176259,卖盘
10:14:04,29.37,0.0,3,8811,卖盘
10:14:07,29.37,0.0,140,411281,卖盘
10:14:11,29.37,0.0,317,931051,卖盘
10:14:12,29.36,-0.01,70,205592,卖盘
10:14:16,29.38,0.02,112,329072,买盘
10:14:19,29.38,0.0,61,179216,买盘
10:14:23,29.38,0.0,54,158630,卖盘
10:14:25,29.36,-0.02,60,176278,卖盘
10:14:29,29.37,0.01,24,70481,中性盘
10:14:31,29.36,-0.01,40,117453,卖盘
10:14:34,29.36,0.0,18,52851,卖盘
10:14:38,29.37,0.01,111,325934,买盘
10:14:41,29.35,-0.02,55,161433,卖盘
10:14:44,29.36,0.01,58,171443,买盘
10:14:46,29.36,0.0,39,114504,买盘
10:14:49,29.35,-0.01,42,123270,卖盘
10:14:53,29.34,-0.01,22,64579,卖盘
10:14:59,29.34,0.0,37,108575,卖盘
10:15:01,29.34,0.0,39,114440,卖盘
10:15:04,29.34,0.0,16,46949,卖盘
10:15:08,29.34,0.0,102,299285,卖盘
10:15:11,29.34,0.0,6,17603,买盘
10:15:14,29.33,-0.01,121,355006,卖盘
10:15:16,29.35,0.02,33,96820,买盘
10:15:19,29.35,0.0,85,249395,买盘
10:15:22,29.35,0.0,10,29345,买盘
10:15:26,29.35,0.0,13,38143,买盘
10:15:29,29.35,0.0,105,308134,买盘
10:15:32,29.35,0.0,230,674692,买盘
10:15:34,29.34,-0.01,1023,2998530,卖盘
10:15:38,29.33,-0.01,55,161402,卖盘
10:15:40,29.35,0.02,37,108578,买盘
10:15:42,29.35,0.0,89,261282,卖盘
10:15:47,29.35,0.0,180,527293,卖盘
10:15:49,29.35,0.0,25,73363,买盘
10:15:51,29.34,-0.01,41,120295,卖盘
10:15:55,29.34,0.0,65,190717,卖盘
10:15:59,29.35,0.01,79,231852,买盘
10:16:01,29.34,-0.01,451,1324294,卖盘
10:16:05,29.37,0.03,339,992605,买盘
10:16:07,29.37,0.0,155,455158,买盘
10:16:11,29.36,-0.01,1383,4060965,卖盘
10:16:14,29.38,0.02,53,155608,买盘
10:16:16,29.38,0.0,98,287877,买盘
10:16:19,29.35,-0.03,473,1388743,卖盘
10:16:23,29.33,-0.02,185,542942,卖盘
10:16:24,29.34,0.01,389,1141266,买盘
10:16:29,29.34,0.0,202,592782,买盘
10:16:30,29.38,0.04,86,252648,买盘
10:16:34,29.38,0.0,265,778040,买盘
10:16:38,29.38,0.0,169,496109,买盘
10:16:40,29.33,-0.05,607,1781721,卖盘
10:16:42,29.38,0.05,221,648516,买盘
10:16:47,29.38,0.0,54,158652,买盘
10:16:49,29.38,0.0,64,188031,买盘
10:16:51,29.34,-0.04,889,2605937,卖盘
10:16:56,29.37,0.03,36,105651,买盘
10:16:57,29.34,-0.03,729,2140957,卖盘
10:17:00,29.36,0.02,63,184964,买盘
10:17:04,29.38,0.02,91,267310,买盘
10:17:07,29.38,0.0,84,246786,买盘
10:17:09,29.39,0.01,542,1592965,买盘
10:17:14,29.41,0.02,674,1981562,买盘
10:17:15,29.44,0.03,245,720636,买盘
10:17:19,29.45,0.01,149,438753,买盘
10:17:23,29.45,0.0,142,418179,买盘
10:17:26,29.47,0.02,537,1580855,买盘
10:17:29,29.44,-0.03,43,126600,中性盘
10:17:30,29.48,0.04,1028,3031868,买盘
10:17:34,29.46,-0.02,166,488787,中性盘
10:17:38,29.48,0.02,41,120870,买盘
10:17:40,29.45,-0.03,261,769308,卖盘
10:17:42,29.48,0.03,85,250535,买盘
10:17:47,29.48,0.0,133,392070,买盘
10:17:49,29.47,-0.01,106,312431,卖盘
10:17:52,29.47,0.0,137,403776,买盘
10:17:55,29.48,0.01,83,244649,买盘
10:17:57,29.49,0.01,59,173931,买盘
10:18:01,29.49,0.0,125,368534,买盘
10:18:04,29.5,0.01,73,215269,买盘
10:18:08,29.48,-0.02,221,651599,卖盘
10:18:09,29.48,0.0,165,486392,买盘
10:18:12,29.47,-0.01,133,392020,中性盘
10:18:16,29.48,0.01,327,963862,买盘
10:18:19,29.48,0.0,130,383209,买盘
10:18:22,29.48,0.0,825,2433315,卖盘
10:18:25,29.49,0.01,60,176908,买盘
10:18:29,29.5,0.01,198,584014,买盘
10:18:32,29.48,-0.02,79,232966,卖盘
10:18:34,29.49,0.01,172,507386,卖盘
10:18:38,29.5,0.01,96,283141,买盘
10:18:40,29.5,0.0,195,575118,买盘
10:18:44,29.49,-0.01,137,404034,卖盘
10:18:46,29.48,-0.01,248,731213,卖盘
10:18:49,29.48,0.0,175,515915,买盘
10:18:52,29.48,0.0,101,297763,卖盘
10:18:54,29.49,0.01,109,321314,买盘
10:18:59,29.47,-0.02,549,1618631,卖盘
10:19:02,29.49,0.02,111,327184,买盘
10:19:04,29.5,0.01,687,2025940,买盘
10:19:07,29.5,0.0,83,244832,买盘
10:19:09,29.51,0.01,311,917504,买盘
10:19:13,29.52,0.01,149,439559,买盘
10:19:15,29.51,-0.01,189,557798,中性盘
10:19:19,29.51,0.0,69,203664,卖盘
10:19:21,29.51,0.0,171,504728,卖盘
10:19:26,29.53,0.02,100,295253,买盘
10:19:29,29.51,-0.02,68,200748,卖盘
10:19:32,29.52,0.01,35,103334,中性盘
10:19:34,29.51,-0.01,203,599299,卖盘
10:19:37,29.51,0.0,1392,4102460,卖盘
10:19:40,29.51,0.0,82,241982,买盘
10:19:43,29.5,-0.01,246,726072,中性盘
10:19:47,29.52,0.02,124,365959,买盘
10:19:49,29.51,-0.01,111,329753,卖盘
10:19:52,29.52,0.01,255,750292,买盘
10:19:56,29.51,-0.01,166,489596,中性盘
10:19:57,29.49,-0.02,154,454118,中性盘
10:20:01,29.51,0.02,122,359794,买盘
10:20:04,29.45,-0.06,568,1671047,卖盘
10:20:07,29.43,-0.02,112,329713,卖盘
10:20:10,29.43,0.0,103,303407,卖盘
10:20:13,29.44,0.01,117,344610,买盘
10:20:16,29.49,0.05,250,736142,买盘
10:20:19,29.47,-0.02,214,629859,卖盘
10:20:21,29.45,-0.02,141,415695,中性盘
10:20:25,29.5,0.05,54,159255,中性盘
10:20:29,29.5,0.0,85,250712,买盘
10:20:31,29.49,-0.01,41,120916,卖盘
10:20:34,29.48,-0.01,102,300722,卖盘
10:20:37,29.45,-0.03,7,20630,卖盘
10:20:39,29.48,0.03,44,129655,买盘
10:20:43,29.46,-0.02,43,126727,卖盘
10:20:45,29.48,0.02,60,176896,买盘
10:20:49,29.49,0.01,189,557300,买盘
10:20:51,29.49,0.0,197,580615,买盘
10:20:55,29.47,-0.02,65,191611,卖盘
10:20:58,29.49,0.02,41,120888,买盘
10:21:02,29.47,-0.02,164,483512,卖盘
10:21:04,29.5,0.03,303,893826,买盘
10:21:07,29.48,-0.02,143,421774,卖盘
10:21:10,29.5,0.02,84,247722,买盘
10:21:13,29.5,0.0,122,359839,买盘
10:21:16,29.5,0.0,60,176967,买盘
10:21:19,29.49,-0.01,148,436537,卖盘
10:21:22,29.49,0.0,1526,4494247,卖盘
10:21:25,29.49,0.0,149,439487,卖盘
10:21:27,29.5,0.01,281,828923,买盘
10:21:32,29.51,0.01,243,716862,买盘
10:21:33,29.51,0.0,159,469119,买盘
10:21:37,29.52,0.01,147,433863,买盘
10:21:41,29.52,0.0,114,336443,买盘
10:21:43,29.5,-0.02,203,599044,卖盘
10:21:46,29.5,0.0,95,280236,卖盘
10:21:49,29.49,-0.01,41,120944,卖盘
10:21:52,29.49,0.0,191,563265,卖盘
10:21:54,29.49,0.0,131,386211,买盘
10:21:59,29.49,0.0,19,56031,买盘
10:22:00,29.49,0.0,67,197562,买盘
10:22:04,29.49,0.0,167,492324,买盘
10:22:07,29.48,-0.01,45,132666,中性盘
10:22:09,29.47,-0.01,151,444930,卖盘
10:22:13,29.46,-0.01,26,76621,卖盘
10:22:16,29.46,0.0,35,103122,买盘
10:22:19,29.46,0.0,141,415480,买盘
10:22:22,29.46,0.0,69,203190,买盘
10:22:24,29.41,-0.05,126,370652,卖盘
10:22:29,29.41,0.0,1052,3093419,卖盘
10:22:31,29.42,0.01,680,1999392,中性盘
10:22:34,29.42,0.0,216,635507,卖盘
10:22:37,29.42,0.0,43,126473,买盘
10:22:39,29.44,0.02,106,311864,买盘
10:22:43,29.43,-0.01,2,5886,卖盘
10:22:46,29.44,0.01,19,55933,买盘
10:22:49,29.43,-0.01,78,229559,卖盘
10:22:51,29.43,0.0,203,597443,卖盘
10:22:55,29.43,0.0,54,158938,卖盘
10:22:58,29.43,0.0,135,397400,卖盘
10:23:00,29.43,0.0,193,568053,卖盘
10:23:04,29.43,0.0,15,44157,卖盘
10:23:07,29.44,0.01,25,73579,买盘
10:23:10,29.43,-0.01,10,29432,卖盘
10:23:13,29.43,0.0,182,535733,卖盘
10:23:16,29.43,0.0,50,147181,卖盘
10:23:19,29.43,0.0,147,432513,买盘
10:23:22,29.43,0.0,158,464858,买盘
10:23:25,29.43,0.0,133,391447,买盘
10:23:28,29.43,0.0,120,353172,卖盘
10:23:31,29.43,0.0,92,270732,买盘
10:23:33,29.35,-0.08,564,1657645,卖盘
10:23:38,29.35,0.0,286,839410,买盘
10:23:40,29.35,0.0,186,545899,买盘
10:23:42,29.34,-0.01,28,82156,卖盘
10:23:45,29.34,0.0,62,181915,卖盘
10:23:49,29.35,0.01,107,314092,买盘
10:23:52,29.35,0.0,194,569225,卖盘
10:23:56,29.35,0.0,29,85105,卖盘
10:23:58,29.35,0.0,43,126209,买盘
10:24:01,29.34,-0.01,108,316988,卖盘
10:24:03,29.34,0.0,196,575404,卖盘
10:24:07,29.35,0.01,10,29346,买盘
10:24:10,29.34,-0.01,30,88020,卖盘
10:24:12,29.35,0.01,228,668878,买盘
10:24:16,29.36,0.01,394,1156777,买盘
10:24:18,29.36,0.0,83,243682,卖盘
10:24:21,29.37,0.01,44,129217,买盘
10:24:25,29.35,-0.02,55,161484,卖盘
10:24:28,29.37,0.02,127,372887,买盘
10:24:32,29.37,0.0,11,32315,卖盘
10:24:34,29.38,0.01,96,281958,买盘
10:24:37,29.37,-0.01,14,41124,中性盘
10:24:40,29.36,-0.01,32,93971,卖盘
10:24:43,29.38,0.02,5,14690,买盘
10:24:46,29.4,0.02,28,82285,买盘
10:24:48,29.37,-0.03,151,443499,卖盘
10:24:52,29.36,-0.01,192,563733,卖盘
10:24:55,29.39,0.03,9,26447,中性盘
10:24:58,29.39,0.0,62,182162,买盘
10:25:00,29.4,0.01,88,258675,买盘
10:25:03,29.4,0.0,205,602584,卖盘
10:25:07,29.41,0.01,19,55863,买盘
10:25:10,29.41,0.0,75,220611,买盘
10:25:13,29.42,0.01,76,223520,买盘
10:25:16,29.42,0.0,46,135290,买盘
10:25:19,29.42,0.0,63,185340,买盘
10:25:22,29.42,0.0,49,144205,卖盘
10:25:25,29.43,0.01,41,120651,买盘
10:25:28,29.43,0.0,49,144169,买盘
10:25:31,29.42,-0.01,113,332534,卖盘
10:25:34,29.42,0.0,210,618008,卖盘
10:25:37,29.44,0.02,217,638566,买盘
10:25:40,29.43,-0.01,38,111867,中性盘
10:25:43,29.45,0.02,84,247297,买盘
10:25:45,29.45,0.0,4,11777,买盘
10:25:49,29.44,-0.01,62,182535,卖盘
10:25:52,29.43,-0.01,252,741961,卖盘
10:25:54,29.42,-0.01,618,1819397,卖盘
10:25:57,29.47,0.05,110,324075,中性盘
10:26:00,29.45,-0.02,12,35355,卖盘
10:26:04,29.45,0.0,10,29452,卖盘
10:26:06,29.45,0.0,31,91299,卖盘
10:26:10,29.45,0.0,51,150185,买盘
10:26:13,29.44,-0.01,73,214916,卖盘
10:26:16,29.45,0.01,23,67732,买盘
10:26:19,29.44,-0.01,133,391581,卖盘
10:26:22,29.43,-0.01,61,179577,卖盘
10:26:25,29.43,0.0,306,900863,卖盘
10:26:27,29.46,0.03,77,226795,买盘
10:26:31,29.46,0.0,83,244555,卖盘
10:26:33,29.46,0.0,48,141386,卖盘
10:26:37,29.45,-0.01,81,238460,卖盘
10:26:40,29.46,0.01,119,350555,买盘
10:26:42,29.46,0.0,90,265139,买盘
10:26:46,29.45,-0.01,73,214995,卖盘
10:26:49,29.46,0.01,73,215022,买盘
10:26:52,29.43,-0.03,118,347366,卖盘
10:26:55,29.45,0.02,39,114841,买盘
10:26:58,29.44,-0.01,184,542020,中性盘
10:27:02,29.45,0.01,79,232688,买盘
10:27:04,29.48,0.03,306,901797,买盘
10:27:07,29.46,-0.02,100,294607,卖盘
10:27:10,29.47,0.01,54,159154,卖盘
10:27:13,29.48,0.01,35,103155,买盘
10:27:15,29.47,-0.01,114,335948,卖盘
10:27:18,29.46,-0.01,46,135561,卖盘
10:27:21,29.47,0.01,25,73670,买盘
10:27:25,29.45,-0.02,309,910175,卖盘
10:27:28,29.46,0.01,551,1621200,买盘
10:27:31,29.46,0.0,44,129636,卖盘
10:27:34,29.46,0.0,47,138494,卖盘
10:27:37,29.47,0.01,43,126684,买盘
10:27:40,29.46,-0.01,127,374203,卖盘
10:27:44,29.48,0.02,34,100185,买盘
10:27:46,29.45,-0.03,208,612630,卖盘
10:27:49,29.48,0.03,231,681033,买盘
10:27:52,29.48,0.0,165,486420,卖盘
10:27:55,29.48,0.0,188,554089,卖盘
10:27:58,29.48,0.0,138,406810,买盘
10:28:01,29.49,0.01,30,88462,买盘
10:28:04,29.48,-0.01,61,179844,卖盘
10:28:07,29.48,0.0,123,362750,卖盘
10:28:10,29.49,0.01,69,203475,买盘
10:28:13,29.49,0.0,118,347953,卖盘
10:28:16,29.47,-0.02,510,1502419,卖盘
10:28:19,29.47,0.0,39,114883,买盘
10:28:21,29.47,0.0,38,111984,买盘
10:28:25,29.47,0.0,43,126713,买盘
10:28:28,29.47,0.0,103,303520,买盘
10:28:31,29.45,-0.02,282,830061,卖盘
10:28:35,29.45,0.0,212,624744,卖盘
10:28:36,29.46,0.01,58,170867,中性盘
10:28:40,29.46,0.0,12,35343,买盘
10:28:42,29.46,0.0,11,32406,买盘
10:28:46,29.46,0.0,162,477246,买盘
10:28:48,29.46,0.0,38,111930,买盘
10:28:52,29.45,-0.01,346,1018979,卖盘
10:28:55,29.44,-0.01,55,161963,卖盘
10:28:58,29.45,0.01,74,217905,中性盘
10:29:01,29.44,-0.01,239,703866,卖盘
10:29:04,29.44,0.0,101,297389,卖盘
10:29:07,29.42,-0.02,51,150127,卖盘
10:29:09,29.42,0.0,51,150130,卖盘
10:29:13,29.42,0.0,20,58887,卖盘
10:29:16,29.42,0.0,49,144134,卖盘
10:29:19,29.41,-0.01,35,102935,卖盘
10:29:21,29.42,0.01,169,496959,买盘
10:29:25,29.4,-0.02,70,205811,卖盘
10:29:28,29.4,0.0,79,232296,卖盘
10:29:31,29.43,0.03,150,441200,买盘
10:29:33,29.44,0.01,109,320758,买盘
10:29:37,29.4,-0.04,103,302955,卖盘
10:29:40,29.41,0.01,87,255916,买盘
10:29:43,29.43,0.02,87,256071,买盘
10:29:46,29.42,-0.01,258,759102,卖盘
10:29:49,29.43,0.01,96,282539,卖盘
10:29:52,29.43,0.0,142,417779,卖盘
10:29:54,29.43,0.0,42,123542,买盘
10:29:58,29.42,-0.01,143,420769,卖盘
10:30:01,29.41,-0.01,31,91190,卖盘
10:30:05,29.43,0.02,249,732600,买盘
10:30:07,29.43,0.0,91,267895,卖盘
10:30:09,29.44,0.01,47,138327,中性盘
10:30:13,29.44,0.0,268,788809,买盘
10:30:15,29.44,0.0,162,476929,卖盘
10:30:19,29.44,0.0,325,957004,买盘
10:30:22,29.43,-0.01,102,300229,卖盘
10:30:25,29.44,0.01,97,285502,买盘
10:30:27,29.42,-0.02,340,1000806,卖盘
10:30:31,29.42,0.0,96,282459,买盘
10:30:34,29.42,0.0,8,23541,卖盘
10:30:37,29.43,0.01,31,91207,买盘
10:30:39,29.43,0.0,84,247188,买盘
10:30:43,29.43,0.0,35,103003,买盘
10:30:46,29.43,0.0,170,500473,卖盘
10:30:49,29.45,0.02,103,303224,中性盘
10:30:52,29.46,0.01,156,459245,买盘
10:30:55,29.44,-0.02,321,946018,卖盘
10:30:58,29.43,-0.01,91,268042,卖盘
10:31:01,29.44,0.01,80,235545,中性盘
10:31:04,29.43,-0.01,186,547879,卖盘
10:31:07,29.43,0.0,320,941798,卖盘
10:31:09,29.44,0.01,18,53005,卖盘
10:31:12,29.45,0.01,132,388701,买盘
10:31:16,29.45,0.0,11,32387,买盘
10:31:19,29.45,0.0,191,562259,买盘
10:31:22,29.48,0.03,182,536388,买盘
10:31:25,29.45,-0.03,82,241490,卖盘
10:31:28,29.49,0.04,238,701544,买盘
10:31:31,29.49,0.0,40,117833,买盘
10:31:34,29.47,-0.02,252,742350,中性盘
10:31:37,29.46,-0.01,182,536253,卖盘
10:31:40,29.46,0.0,152,447791,卖盘
10:31:43,29.46,0.0,226,665967,买盘
10:31:46,29.49,0.03,400,1179319,买盘
10:31:48,29.49,0.0,248,731225,买盘
10:31:52,29.47,-0.02,384,1132322,卖盘
10:31:54,29.46,-0.01,139,409610,卖盘
10:31:58,29.46,0.0,174,512768,买盘
10:32:01,29.46,0.0,77,226840,买盘
10:32:04,29.45,-0.01,70,206166,卖盘
10:32:07,29.45,0.0,154,453535,卖盘
10:32:10,29.45,0.0,112,329806,买盘
10:32:13,29.44,-0.01,145,426954,卖盘
10:32:16,29.44,0.0,134,394533,卖盘
10:32:18,29.43,-0.01,214,629824,卖盘
10:32:22,29.44,0.01,145,426804,买盘
10:32:25,29.44,0.0,22,64746,买盘
10:32:27,29.43,-0.01,54,158888,买盘
10:32:31,29.43,0.0,722,2124180,中性盘
10:32:34,29.41,-0.02,224,659071,中性盘
10:32:37,29.41,0.0,35,102961,卖盘
10:32:40,29.4,-0.01,122,358799,卖盘
10:32:43,29.42,0.02,288,847243,买盘
10:32:46,29.4,-0.02,42,123512,卖盘
10:32:49,29.42,0.02,51,149957,中性盘
10:32:51,29.44,0.02,302,888209,买盘
10:32:54,29.42,-0.02,43,126517,卖盘
10:32:58,29.43,0.01,62,182447,买盘
10:33:01,29.43,0.0,61,179510,卖盘
10:33:04,29.43,0.0,53,155980,卖盘
10:33:07,29.43,0.0,151,444561,卖盘
10:33:10,29.44,0.01,18,52989,中性盘
10:33:13,29.44,0.0,40,117754,卖盘
10:33:16,29.43,-0.01,33,97121,卖盘
10:33:19,29.44,0.01,31,91251,买盘
10:33:22,29.44,0.0,144,423927,买盘
10:33:25,29.43,-0.01,134,394496,卖盘
10:33:28,29.44,0.01,66,194256,买盘
10:33:31,29.44,0.0,109,320879,买盘
10:33:34,29.45,0.01,195,573987,买盘
10:33:37,29.45,0.0,32,94227,买盘
10:33:40,29.46,0.01,114,335787,买盘
10:33:42,29.45,-0.01,60,176738,卖盘
10:33:46,29.46,0.01,80,235713,中性盘
10:33:48,29.47,0.01,76,223834,中性盘
10:33:52,29.45,-0.02,42,123705,卖盘
10:33:55,29.48,0.03,85,250344,买盘
10:33:58,29.45,-0.03,27,79531,卖盘
10:34:01,29.45,0.0,103,303401,卖盘
10:34:04,29.46,0.01,95,279874,卖盘
10:34:07,29.48,0.02,50,147309,买盘
10:34:10,29.48,0.0,29,85481,买盘
10:34:13,29.46,-0.02,41,120853,卖盘
10:34:16,29.46,0.0,42,123806,卖盘
10:34:19,29.45,-0.01,68,200370,卖盘
10:34:21,29.49,0.04,45,132653,买盘
10:34:24,29.47,-0.02,4,11785,中性盘
10:34:28,29.46,-0.01,30,88377,卖盘
10:34:31,29.48,0.02,122,359425,买盘
10:34:33,29.45,-0.03,594,1748794,卖盘
10:34:37,29.48,0.03,17,50094,卖盘
10:34:40,29.45,-0.03,35,103081,卖盘
10:34:43,29.45,0.0,44,129594,买盘
10:34:46,29.44,-0.01,58,170809,卖盘
10:34:49,29.42,-0.02,33,97152,卖盘
10:34:52,29.41,-0.01,68,200077,卖盘
10:34:55,29.42,0.01,98,288189,买盘
10:34:57,29.41,-0.01,42,123506,中性盘
10:35:00,29.41,0.0,57,167639,买盘
10:35:04,29.42,0.01,59,173567,买盘
10:35:07,29.42,0.0,161,473738,卖盘
10:35:10,29.44,0.02,24,70599,买盘
10:35:13,29.43,-0.01,11,32358,中性盘
10:35:16,29.44,0.01,33,97137,买盘
10:35:19,29.43,-0.01,77,226539,卖盘
10:35:22,29.44,0.01,39,114816,买盘
10:35:25,29.42,-0.02,116,343309,卖盘
10:35:27,29.43,0.01,35,102977,买盘
10:35:31,29.43,0.0,49,144173,买盘
10:35:34,29.42,-0.01,83,244208,卖盘
10:35:37,29.43,0.01,58,170661,买盘
10:35:39,29.43,0.0,36,105929,买盘
10:35:43,29.42,-0.01,43,126513,卖盘
10:35:45,29.42,0.0,11,32367,卖盘
10:35:49,29.43,0.01,22,64735,买盘
10:35:52,29.42,-0.01,134,394222,卖盘
10:35:55,29.41,-0.01,73,214705,卖盘
10:35:58,29.4,-0.01,38,111756,卖盘
10:36:00,29.41,0.01,53,155882,中性盘
10:36:04,29.42,0.01,34,99973,买盘
10:36:07,29.41,-0.01,34,99966,卖盘
10:36:10,29.41,0.0,101,297039,买盘
10:36:12,29.4,-0.01,81,238164,卖盘
10:36:16,29.4,0.0,32,94090,卖盘
10:36:19,29.4,0.0,66,194047,卖盘
10:36:22,29.41,0.01,100,294005,买盘
10:36:24,29.4,-0.01,65,191805,卖盘
10:36:28,29.4,0.0,56,164641,卖盘
10:36:31,29.4,0.0,126,370465,卖盘
10:36:34,29.4,0.0,64,188197,卖盘
10:36:37,29.4,0.0,50,147001,卖盘
10:36:39,29.4,0.0,90,264601,卖盘
10:36:43,29.4,0.0,101,296235,卖盘
10:36:45,29.39,-0.01,23,67597,卖盘
10:36:49,29.39,0.0,8,23513,卖盘
10:36:51,29.39,0.0,130,382028,卖盘
10:36:54,29.39,0.0,46,135173,买盘
10:36:57,29.39,0.0,37,108708,中性盘
10:37:00,29.38,-0.01,42,123417,卖盘
10:37:04,29.38,0.0,68,199785,卖盘
10:37:07,29.38,0.0,72,211567,卖盘
10:37:09,29.38,0.0,100,293897,卖盘
10:37:13,29.38,0.0,137,402522,卖盘
10:37:16,29.37,-0.01,102,299649,卖盘
10:37:19,29.37,0.0,35,102795,卖盘
10:37:22,29.38,0.01,58,170320,买盘
10:37:25,29.36,-0.02,84,246707,卖盘
10:37:28,29.36,0.0,29,85144,卖盘
10:37:31,29.36,0.0,129,378792,卖盘
10:37:34,29.36,0.0,108,317089,卖盘
10:37:37,29.36,0.0,53,155609,卖盘
10:37:40,29.36,0.0,450,1320773,买盘
10:37:42,29.36,0.0,544,1596040,买盘
10:37:46,29.34,-0.02,130,381549,卖盘
10:37:49,29.35,0.01,42,123250,买盘
10:37:52,29.34,-0.01,123,360796,卖盘
10:37:55,29.35,0.01,70,205444,买盘
10:37:57,29.33,-0.02,42,123209,卖盘
10:38:00,29.32,-0.01,112,328461,卖盘
10:38:04,29.32,0.0,148,433948,卖盘
10:38:07,29.32,0.0,225,657281,买盘
10:38:09,29.3,-0.02,114,334139,卖盘
10:38:13,29.31,0.01,19,55689,中性盘
10:38:16,29.31,0.0,67,196337,卖盘
10:38:19,29.32,0.01,18,52753,买盘
10:38:22,29.31,-0.01,100,293084,卖盘
10:38:25,29.3,-0.01,168,492293,卖盘
10:38:27,29.31,0.01,116,339923,买盘
10:38:31,29.3,-0.01,350,1026955,卖盘
10:38:34,29.3,0.0,51,149431,卖盘
10:38:37,29.3,0.0,19,55683,卖盘
10:38:40,29.3,0.0,48,140087,卖盘
10:38:42,29.29,-0.01,402,1177741,卖盘
10:38:46,29.3,0.01,93,274512,中性盘
10:38:49,29.29,-0.01,67,196296,卖盘
10:38:52,29.29,0.0,283,828867,卖盘
10:38:55,29.29,0.0,54,158130,买盘
10:38:57,29.28,-0.01,356,1041218,卖盘
10:39:00,29.27,-0.01,153,447945,卖盘
10:39:03,29.28,0.01,74,216654,买盘
10:39:06,29.27,-0.01,113,329815,卖盘
10:39:10,29.27,0.0,29,84896,卖盘
10:39:13,29.27,0.0,64,187362,卖盘
10:39:16,29.27,0.0,40,116943,卖盘
10:39:19,29.28,0.01,94,275782,买盘
10:39:22,29.27,-0.01,372,1088500,卖盘
10:39:25,29.26,-0.01,77,225312,卖盘
10:39:28,29.25,-0.01,572,1674161,卖盘
10:39:31,29.26,0.01,371,1085489,买盘
10:39:34,29.26,0.0,170,497299,卖盘
10:39:37,29.27,0.01,13,38039,买盘
10:39:40,29.26,-0.01,319,933404,卖盘
10:39:43,29.26,0.0,16,46818,卖盘
10:39:46,29.28,0.02,147,430283,买盘
10:39:49,29.27,-0.01,45,130282,卖盘
10:39:52,29.27,0.0,17,51196,卖盘
10:39:55,29.26,-0.01,161,471238,卖盘
10:39:58,29.27,0.01,72,210678,买盘
10:40:00,29.26,-0.01,169,494527,卖盘
10:40:04,29.26,0.0,112,327783,卖盘
10:40:07,29.26,0.0,81,234816,卖盘
10:40:10,29.26,0.0,133,389175,卖盘
10:40:13,29.26,0.0,78,228289,卖盘
10:40:15,29.26,0.0,82,241280,卖盘
10:40:19,29.26,0.0,49,143374,卖盘
10:40:22,29.26,0.0,47,138351,卖盘
10:40:24,29.26,0.0,9,26335,卖盘
10:40:28,29.26,0.0,42,122892,卖盘
10:40:31,29.26,0.0,98,285030,卖盘
10:40:34,29.27,0.01,159,465274,买盘
10:40:37,29.26,-0.01,201,590126,卖盘
10:40:39,29.26,0.0,79,231144,买盘
10:40:43,29.25,-0.01,10,29254,卖盘
10:40:46,29.26,0.01,123,357658,买盘
10:40:49,29.26,0.0,301,881186,卖盘
10:40:51,29.27,0.01,121,354135,买盘
10:40:54,29.25,-0.02,140,410064,卖盘
10:40:57,29.26,0.01,207,605634,买盘
10:41:01,29.26,0.0,125,365774,卖盘
10:41:03,29.26,0.0,117,342927,卖盘
10:41:07,29.26,0.0,231,676577,卖盘
10:41:10,29.26,0.0,201,588016,卖盘
10:41:13,29.26,0.0,50,146286,买盘
10:41:16,29.25,-0.01,84,245628,卖盘
10:41:19,29.26,0.01,21,61441,买盘
10:41:22,29.26,0.0,109,318894,买盘
10:41:25,29.26,0.0,18,52663,买盘
10:41:28,29.26,0.0,183,535336,买盘
10:41:31,29.25,-0.01,60,175518,卖盘
10:41:33,29.25,0.0,596,1743302,卖盘
10:41:36,29.25,0.0,213,621383,卖盘
10:41:40,29.23,-0.02,215,628685,卖盘
10:41:43,29.24,0.01,26,76048,中性盘
10:41:46,29.25,0.01,39,114023,买盘
10:41:49,29.25,0.0,61,178351,买盘
10:41:52,29.24,-0.01,28,81882,卖盘
10:41:55,29.24,0.0,62,181295,卖盘
10:41:58,29.24,0.0,78,228775,中性盘
10:42:01,29.23,-0.01,104,304116,卖盘
10:42:04,29.24,0.01,85,248500,卖盘
10:42:07,29.25,0.01,48,140382,买盘
10:42:10,29.24,-0.01,137,400586,卖盘
10:42:12,29.24,0.0,25,73124,卖盘
10:42:15,29.25,0.01,72,209440,买盘
10:42:19,29.24,-0.01,42,122808,卖盘
10:42:22,29.24,0.0,35,104943,卖盘
10:42:25,29.25,0.01,58,169604,买盘
10:42:27,29.24,-0.01,219,638823,卖盘
10:42:30,29.23,-0.01,55,160432,卖盘
10:42:34,29.24,0.01,161,470716,买盘
10:42:36,29.23,-0.01,137,400061,卖盘
10:42:39,29.23,0.0,138,404956,买盘
10:42:43,29.23,0.0,289,844668,买盘
10:42:46,29.22,-0.01,272,794841,卖盘
10:42:49,29.22,0.0,374,1091229,卖盘
10:42:52,29.21,-0.01,97,283358,卖盘
10:42:55,29.21,0.0,141,411810,卖盘
10:42:58,29.21,0.0,129,376182,买盘
10:43:00,29.2,-0.01,376,1100613,卖盘
10:43:04,29.2,0.0,394,1150501,卖盘
10:43:07,29.2,0.0,954,2784014,卖盘
10:43:10,29.18,-0.02,36,105093,卖盘
10:43:12,29.18,0.0,275,802451,卖盘
10:43:16,29.2,0.02,1238,3617595,买盘
10:43:19,29.18,-0.02,274,800164,卖盘
10:43:22,29.17,-0.01,211,614977,卖盘
10:43:25,29.16,-0.01,116,338310,卖盘
10:43:28,29.16,0.0,63,183682,卖盘
10:43:31,29.18,0.02,151,440390,买盘
10:43:34,29.16,-0.02,314,915487,卖盘
10:43:37,29.18,0.02,80,233311,买盘
10:43:39,29.15,-0.03,89,259531,卖盘
10:43:42,29.16,0.01,5,14580,中性盘
10:43:45,29.16,0.0,98,285803,卖盘
10:43:49,29.17,0.01,57,166228,中性盘
10:43:52,29.17,0.0,65,189563,中性盘
10:43:54,29.16,-0.01,106,309143,卖盘
10:43:58,29.16,0.0,117,340582,买盘
10:44:01,29.16,0.0,297,866825,卖盘
10:44:04,29.16,0.0,71,207024,卖盘
10:44:07,29.17,0.01,225,657596,买盘
10:44:10,29.15,-0.02,204,593533,卖盘
10:44:13,29.13,-0.02,144,419250,卖盘
10:44:16,29.16,0.03,297,865821,买盘
10:44:19,29.14,-0.02,117,340877,卖盘
10:44:22,29.15,0.01,75,218541,买盘
10:44:25,29.13,-0.02,92,268187,卖盘
10:44:28,29.13,0.0,735,2140045,卖盘
10:44:31,29.13,0.0,153,445691,卖盘
10:44:34,29.17,0.04,778,2268447,买盘
10:44:36,29.11,-0.06,316,920428,卖盘
10:44:40,29.11,0.0,191,556098,买盘
10:44:43,29.11,0.0,447,1301081,买盘
10:44:45,29.1,-0.01,372,1082561,卖盘
10:44:48,29.1,0.0,235,685152,卖盘
10:44:51,29.12,0.02,172,500764,买盘
10:44:55,29.13,0.01,115,334909,买盘
10:44:58,29.14,0.01,104,302953,买盘
10:45:01,29.13,-0.01,420,1223084,卖盘
10:45:04,29.12,-0.01,160,464015,卖盘
10:45:06,29.13,0.01,219,639670,买盘
10:45:10,29.11,-0.02,121,352358,卖盘
10:45:13,29.12,0.01,33,96096,买盘
10:45:15,29.12,0.0,125,363972,买盘
10:45:19,29.11,-0.01,203,590938,卖盘
10:45:22,29.12,0.01,101,294077,买盘
10:45:25,29.11,-0.01,111,321155,卖盘
10:45:28,29.11,0.0,130,378435,卖盘
10:45:30,29.12,0.01,68,198023,买盘
10:45:33,29.13,0.01,159,463072,买盘
10:45:37,29.12,-0.01,12,34946,卖盘
10:45:39,29.12,0.0,56,163080,卖盘
10:45:43,29.12,0.0,30,88321,卖盘
10:45:46,29.12,0.0,112,326153,卖盘
10:45:49,29.13,0.01,28,81541,买盘
10:45:52,29.12,-0.01,140,408742,卖盘
10:45:55,29.13,0.01,417,1214417,买盘
10:45:58,29.14,0.01,79,230134,买盘
10:46:01,29.13,-0.01,216,629314,卖盘
10:46:04,29.14,0.01,76,221471,买盘
10:46:06,29.14,0.0,58,168974,卖盘
10:46:10,29.14,0.0,63,183557,买盘
10:46:13,29.13,-0.01,107,311701,卖盘
10:46:15,29.14,0.01,94,273889,买盘
10:46:19,29.11,-0.03,924,2688897,卖盘
10:46:22,29.13,0.02,162,473850,买盘
10:46:24,29.13,0.0,145,421406,卖盘
10:46:28,29.12,-0.01,141,410514,卖盘
10:46:30,29.11,-0.01,107,311488,卖盘
10:46:34,29.11,0.0,71,206681,买盘
10:46:36,29.13,0.02,402,1171105,买盘
10:46:40,29.11,-0.02,510,1484190,卖盘
10:46:43,29.11,0.0,85,247900,买盘
10:46:45,29.11,0.0,120,349206,卖盘
10:46:49,29.1,-0.01,72,209545,中性盘
10:46:52,29.09,-0.01,37,107669,卖盘
10:46:55,29.1,0.01,32,93147,卖盘
10:46:58,29.1,0.0,159,462644,卖盘
10:47:01,29.09,-0.01,88,256808,卖盘
10:47:04,29.1,0.01,126,366616,买盘
10:47:06,29.09,-0.01,141,410330,卖盘
10:47:10,29.09,0.0,87,253101,卖盘
10:47:13,29.12,0.03,41,119352,买盘
10:47:16,29.1,-0.02,45,130954,卖盘
10:47:19,29.11,0.01,48,139732,买盘
10:47:22,29.11,0.0,33,96072,卖盘
10:47:25,29.12,0.01,79,229978,买盘
10:47:28,29.1,-0.02,157,456254,卖盘
10:47:30,29.11,0.01,98,285251,买盘
10:47:33,29.1,-0.01,101,294544,卖盘
10:47:36,29.09,-0.01,13,37829,卖盘
10:47:40,29.1,0.01,27,78548,买盘
10:47:43,29.1,0.0,118,343369,买盘
10:47:46,29.1,0.0,42,120215,买盘
10:47:48,29.09,-0.01,145,421874,卖盘
10:47:52,29.09,0.0,98,285097,卖盘
10:47:55,29.09,0.0,53,154502,卖盘
10:47:58,29.09,0.0,140,407584,卖盘
10:48:01,29.08,-0.01,123,357808,卖盘
10:48:04,29.08,0.0,70,203571,卖盘
10:48:07,29.08,0.0,56,162859,卖盘
10:48:09,29.08,0.0,38,110621,卖盘
10:48:12,29.09,0.01,225,654310,买盘
10:48:16,29.08,-0.01,92,267634,卖盘
10:48:18,29.08,0.0,59,171573,卖盘
10:48:22,29.08,0.0,53,154172,卖盘
10:48:25,29.08,0.0,28,81442,卖盘
10:48:28,29.08,0.0,155,450765,卖盘
10:48:31,29.09,0.01,169,491484,买盘
10:48:34,29.08,-0.01,114,332448,卖盘
10:48:37,29.08,0.0,136,395531,卖盘
10:48:40,29.09,0.01,231,670124,买盘
10:48:43,29.07,-0.02,69,200640,卖盘
10:48:46,29.08,0.01,99,287856,买盘
10:48:49,29.07,-0.01,232,674439,卖盘
10:48:51,29.08,0.01,139,404162,买盘
10:48:55,29.07,-0.01,536,1558598,卖盘
10:48:58,29.09,0.02,178,517527,买盘
10:49:00,29.08,-0.01,223,648382,中性盘
10:49:04,29.08,0.0,128,372170,买盘
10:49:07,29.08,0.0,79,229712,卖盘
10:49:10,29.08,0.0,69,200692,买盘
10:49:12,29.08,0.0,183,532475,卖盘
10:49:15,29.11,0.03,83,241443,买盘
10:49:19,29.11,0.0,81,235682,买盘
10:49:22,29.11,0.0,43,125142,买盘
10:49:25,29.12,0.01,75,218336,买盘
10:49:28,29.12,0.0,226,657998,买盘
10:49:31,29.12,0.0,50,145609,卖盘
10:49:33,29.13,0.01,132,384456,买盘
10:49:36,29.13,0.0,90,262109,买盘
10:49:40,29.12,-0.01,112,326218,卖盘
10:49:43,29.13,0.01,109,317501,买盘
10:49:46,29.13,0.0,29,84483,卖盘
10:49:49,29.14,0.01,107,311831,买盘
10:49:52,29.14,0.0,71,206930,卖盘
10:49:55,29.22,0.08,206,601332,买盘
10:49:58,29.21,-0.01,168,489836,卖盘
10:50:01,29.14,-0.07,115,335150,卖盘
10:50:04,29.15,0.01,110,320927,卖盘
10:50:07,29.16,0.01,523,1524885,买盘
10:50:10,29.14,-0.02,313,912383,中性盘
10:50:14,29.14,0.0,225,655517,买盘
10:50:16,29.16,0.02,135,393483,中性盘
10:50:19,29.19,0.03,81,236402,买盘
10:50:22,29.19,0.0,181,528346,卖盘
10:50:25,29.19,0.0,41,119638,买盘
10:50:28,29.2,0.01,212,618719,买盘
10:50:31,29.19,-0.01,95,277251,中性盘
10:50:34,29.19,0.0,459,1339656,中性盘
10:50:37,29.2,0.01,86,251006,买盘
10:50:40,29.16,-0.04,63,183835,卖盘
10:50:43,29.16,0.0,32,93312,买盘
10:50:46,29.16,0.0,119,347106,买盘
10:50:49,29.16,0.0,16,46654,卖盘
10:50:52,29.16,0.0,54,157459,买盘
10:50:54,29.19,0.03,65,189645,买盘
10:50:58,29.16,-0.03,132,386130,卖盘
10:51:00,29.16,0.0,149,434554,卖盘
10:51:04,29.16,0.0,72,210000,卖盘
10:51:07,29.16,0.0,132,385184,卖盘
10:51:10,29.19,0.03,94,274341,买盘
10:51:13,29.19,0.0,122,354723,买盘
10:51:16,29.19,0.0,164,478872,卖盘
10:51:19,29.19,0.0,37,108005,卖盘
10:51:21,29.2,0.01,104,303717,卖盘
10:51:25,29.2,0.0,37,108040,卖盘
10:51:27,29.2,0.0,55,161739,卖盘
10:51:31,29.21,0.01,132,385570,买盘
10:51:34,29.21,0.0,139,405991,买盘
10:51:37,29.21,0.0,124,362330,卖盘
10:51:39,29.26,0.05,203,593589,买盘
10:51:44,29.21,-0.05,133,388581,卖盘
10:51:46,29.26,0.05,72,210479,买盘
10:51:49,29.22,-0.04,128,374094,卖盘
10:51:52,29.22,0.0,241,704780,卖盘
10:51:55,29.22,0.0,93,271780,卖盘
10:51:58,29.23,0.01,163,477241,买盘
10:52:00,29.22,-0.01,49,143160,中性盘
10:52:04,29.2,-0.02,59,172367,卖盘
10:52:07,29.21,0.01,80,233758,中性盘
10:52:10,29.2,-0.01,88,257029,卖盘
10:52:14,29.2,0.0,43,124275,卖盘
10:52:16,29.21,0.01,126,368022,买盘
10:52:19,29.2,-0.01,17,49640,卖盘
10:52:22,29.2,0.0,48,140164,卖盘
10:52:24,29.2,0.0,101,294932,卖盘
10:52:29,29.2,0.0,63,185064,卖盘
10:52:32,29.21,0.01,133,388429,买盘
10:52:34,29.2,-0.01,14,40881,卖盘
10:52:37,29.21,0.01,101,294280,买盘
10:52:41,29.21,0.0,167,487637,买盘
10:52:42,29.21,0.0,73,213145,买盘
10:52:46,29.2,-0.01,31,90543,卖盘
10:52:49,29.21,0.01,60,174144,买盘
10:52:52,29.19,-0.02,139,407003,卖盘
10:52:55,29.22,0.03,67,195634,买盘
10:52:59,29.2,-0.02,59,172229,卖盘
10:53:02,29.2,0.0,42,122611,买盘
10:53:04,29.2,0.0,45,131363,买盘
10:53:07,29.19,-0.01,130,379305,卖盘
10:53:10,29.19,0.0,100,290911,卖盘
10:53:14,29.19,0.0,115,335842,卖盘
10:53:16,29.19,0.0,68,198538,卖盘
10:53:19,29.21,0.02,29,84676,买盘
10:53:22,29.21,0.0,94,274495,买盘
10:53:26,29.21,0.0,87,254097,买盘
10:53:29,29.2,-0.01,126,367590,卖盘
10:53:32,29.2,0.0,56,163880,买盘
10:53:34,29.21,0.01,65,189827,买盘
10:53:36,29.2,-0.01,121,353322,卖盘
10:53:40,29.19,-0.01,211,615969,卖盘
10:53:44,29.2,0.01,81,236599,买盘
10:53:46,29.18,-0.02,72,210061,中性盘
10:53:49,29.19,0.01,65,189733,买盘
10:53:52,29.18,-0.01,115,335488,卖盘
10:53:56,29.18,0.0,21,62352,买盘
10:53:59,29.17,-0.01,74,215808,卖盘
10:54:02,29.16,-0.01,72,209974,卖盘
10:54:04,29.16,0.0,42,122488,卖盘
10:54:06,29.16,0.0,57,166228,卖盘
10:54:09,29.18,0.02,680,1984159,买盘
10:54:14,29.17,-0.01,133,388025,卖盘
10:54:15,29.2,0.03,200,583434,买盘
10:54:19,29.17,-0.03,231,674428,卖盘
10:54:23,29.18,0.01,76,221790,中性盘
10:54:24,29.17,-0.01,90,262646,卖盘
10:54:27,29.17,0.0,347,1012849,卖盘
10:54:32,29.17,0.0,86,250904,卖盘
10:54:34,29.19,0.02,92,268457,中性盘
10:54:38,29.19,0.0,119,346880,卖盘
10:54:41,29.2,0.01,42,122618,买盘
10:54:42,29.2,0.0,20,58397,买盘
10:54:47,29.2,0.0,37,108046,卖盘
10:54:50,29.19,-0.01,12,37042,卖盘
10:54:51,29.19,0.0,43,125518,卖盘
10:54:54,29.2,0.01,18,52551,买盘
10:54:59,29.2,0.0,46,134276,买盘
10:55:02,29.19,-0.01,132,385386,卖盘
10:55:05,29.2,0.01,50,144144,买盘
10:55:07,29.19,-0.01,119,348801,卖盘
10:55:10,29.2,0.01,147,429233,买盘
10:55:14,29.2,0.0,672,1959773,买盘
10:55:17,29.19,-0.01,75,216503,买盘
10:55:19,29.17,-0.02,93,273854,卖盘
10:55:23,29.17,0.0,35,102078,买盘
10:55:26,29.16,-0.01,114,330453,买盘
10:55:29,29.15,-0.01,74,215715,中性盘
10:55:32,29.15,0.0,79,230311,卖盘
10:55:35,29.15,0.0,54,157334,买盘
10:55:36,29.15,0.0,107,311872,卖盘
10:55:41,29.15,0.0,183,533445,买盘
10:55:44,29.15,0.0,35,102025,卖盘
10:55:47,29.16,0.01,57,166556,买盘
10:55:50,29.15,-0.01,42,122444,卖盘
10:55:53,29.15,0.0,39,113688,卖盘
10:55:56,29.15,0.0,64,186573,卖盘
10:55:59,29.15,0.0,114,333317,卖盘
10:56:02,29.15,0.0,46,134101,卖盘
10:56:05,29.15,0.0,80,233204,卖盘
10:56:08,29.15,0.0,76,222192,卖盘
10:56:11,29.16,0.01,100,291485,买盘
10:56:14,29.15,-0.01,64,186108,卖盘
10:56:17,29.16,0.01,76,221488,买盘
10:56:19,29.13,-0.03,45,131473,卖盘
10:56:23,29.13,0.0,321,935355,卖盘
10:56:26,29.14,0.01,65,189364,买盘
10:56:29,29.12,-0.02,125,362209,卖盘
10:56:32,29.12,0.0,102,297049,买盘
10:56:35,29.13,0.01,196,570696,买盘
10:56:38,29.12,-0.01,133,387159,卖盘
10:56:41,29.12,0.0,44,128095,买盘
10:56:42,29.1,-0.02,378,1100139,卖盘
10:56:47,29.13,0.03,36,104862,买盘
10:56:50,29.14,0.01,74,215564,买盘
10:56:53,29.15,0.01,63,183576,买盘
10:56:56,29.13,-0.02,46,133998,卖盘
10:56:57,29.13,0.0,163,474840,卖盘
10:57:02,29.14,0.01,91,265140,买盘
10:57:05,29.13,-0.01,232,675430,卖盘
10:57:08,29.1,-0.03,61,177650,中性盘
10:57:11,29.1,0.0,22,64053,卖盘
10:57:14,29.11,0.01,81,236016,中性盘
10:57:17,29.11,0.0,78,228087,卖盘
10:57:20,29.11,0.0,39,113539,卖盘
10:57:21,29.11,0.0,51,148479,卖盘
10:57:26,29.11,0.0,42,122272,卖盘
10:57:29,29.11,0.0,62,181481,卖盘
10:57:32,29.1,-0.01,161,466414,卖盘
10:57:35,29.09,-0.01,136,395717,卖盘
10:57:38,29.09,0.0,51,148225,卖盘
10:57:39,29.12,0.03,464,1351025,买盘
10:57:44,29.1,-0.02,250,727893,卖盘
10:57:47,29.12,0.02,197,573563,买盘
10:57:50,29.09,-0.03,248,721997,卖盘
10:57:52,29.1,0.01,43,125133,卖盘
10:57:56,29.11,0.01,565,1643462,买盘
10:57:59,29.11,0.0,48,139728,卖盘
10:58:02,29.12,0.01,184,535722,买盘
10:58:05,29.12,0.0,62,180501,买盘
10:58:08,29.12,0.0,38,110628,卖盘
10:58:11,29.12,0.0,48,139773,卖盘
10:58:14,29.11,-0.01,41,120340,卖盘
10:58:17,29.11,0.0,150,435696,卖盘
10:58:19,29.11,0.0,79,232081,买盘
10:58:23,29.11,0.0,64,186319,卖盘
10:58:24,29.11,0.0,62,180495,卖盘
10:58:29,29.11,0.0,89,259040,卖盘
10:58:32,29.11,0.0,58,167133,买盘
10:58:35,29.1,-0.01,44,128043,卖盘
10:58:37,29.1,0.0,22,63438,卖盘
10:58:41,29.1,0.0,30,87304,卖盘
10:58:44,29.1,0.0,111,323126,卖盘
10:58:47,29.09,-0.01,74,215348,卖盘
10:58:50,29.1,0.01,23,66932,买盘
10:58:53,29.11,0.01,27,79026,买盘
10:58:56,29.11,0.0,74,215440,卖盘
10:58:59,29.11,0.0,58,168849,卖盘
10:59:02,29.11,0.0,327,951904,卖盘
10:59:05,29.11,0.0,81,235792,卖盘
10:59:08,29.11,0.0,144,419576,卖盘
10:59:11,29.11,0.0,59,170939,卖盘
10:59:14,29.1,-0.01,140,407507,卖盘
10:59:17,29.12,0.02,58,168863,买盘
10:59:20,29.1,-0.02,155,451058,卖盘
10:59:23,29.08,-0.02,212,616765,卖盘
10:59:26,29.08,0.0,161,468401,卖盘
10:59:29,29.07,-0.01,98,284934,卖盘
10:59:32,29.07,0.0,237,688983,卖盘
10:59:35,29.07,0.0,21,61048,卖盘
10:59:38,29.07,0.0,100,290726,卖盘
10:59:41,29.07,0.0,6,17442,卖盘
10:59:44,29.07,0.0,84,244151,卖盘
10:59:47,29.06,-0.01,49,142438,卖盘
10:59:50,29.07,0.01,42,122058,买盘
10:59:53,29.06,-0.01,50,145321,卖盘
10:59:56,29.07,0.01,330,958822,买盘
10:59:59,29.07,0.0,184,536799,买盘
11:00:01,29.07,0.0,120,348875,卖盘
11:00:05,29.07,0.0,359,1043692,卖盘
11:00:08,29.07,0.0,182,529074,卖盘
11:00:10,29.07,0.0,133,386737,卖盘
11:00:14,29.07,0.0,372,1081401,卖盘
11:00:17,29.06,-0.01,209,607584,卖盘
11:00:20,29.07,0.01,32,93048,买盘
11:00:23,29.06,-0.01,69,200572,卖盘
11:00:26,29.07,0.01,29,84284,买盘
11:00:29,29.07,0.0,109,316767,买盘
11:00:32,29.07,0.0,76,220894,买盘
11:00:34,29.05,-0.02,257,746791,卖盘
11:00:38,29.07,0.02,276,802329,买盘
11:00:41,29.08,0.01,318,924413,买盘
11:00:44,29.07,-0.01,81,235467,卖盘
11:00:47,29.07,0.0,107,311051,卖盘
11:00:49,29.07,0.0,540,1568880,卖盘
11:00:53,29.07,0.0,138,401234,买盘
11:00:56,29.06,-0.01,288,836989,卖盘
11:00:59,29.07,0.01,310,901750,买盘
11:01:01,29.06,-0.01,332,964580,卖盘
11:01:05,29.06,0.0,83,241132,买盘
11:01:08,29.05,-0.01,103,299242,卖盘
11:01:11,29.06,0.01,77,223732,买盘
11:01:14,29.1,0.04,547,1589695,买盘
11:01:16,29.1,0.0,128,372351,买盘
11:01:20,29.12,0.02,214,622523,买盘
11:01:22,29.1,-0.02,81,235796,中性盘
11:01:26,29.12,0.02,52,151273,中性盘
11:01:29,29.12,0.0,254,738690,买盘
11:01:31,29.15,0.03,130,378781,买盘
11:01:35,29.1,-0.05,112,326069,卖盘
11:01:38,29.08,-0.02,92,267935,卖盘
11:01:41,29.11,0.03,148,431247,中性盘
11:01:44,29.13,0.02,82,238561,买盘
11:01:47,29.14,0.01,61,177754,卖盘
11:01:50,29.14,0.0,38,110690,买盘
11:01:53,29.11,-0.03,217,631413,中性盘
11:01:56,29.14,0.03,152,442836,买盘
11:01:59,29.14,0.0,135,393200,买盘
11:02:02,29.1,-0.04,51,148543,卖盘
11:02:05,29.15,0.05,219,638206,买盘
11:02:07,29.15,0.0,39,113685,卖盘
11:02:11,29.15,0.0,114,332312,卖盘
11:02:14,29.14,-0.01,140,408110,卖盘
11:02:17,29.15,0.01,101,294270,买盘
11:02:20,29.14,-0.01,58,168873,中性盘
11:02:23,29.11,-0.03,25,72789,卖盘
11:02:26,29.11,0.0,18,52406,卖盘
11:02:29,29.12,0.01,91,264943,买盘
11:02:32,29.11,-0.01,249,724707,卖盘
11:02:35,29.11,0.0,4,11646,卖盘
11:02:37,29.12,0.01,35,101915,买盘
11:02:41,29.12,0.0,14,40765,买盘
11:02:43,29.11,-0.01,107,311480,卖盘
11:02:46,29.12,0.01,394,1147198,买盘
11:02:49,29.1,-0.02,16,46574,卖盘
11:02:53,29.1,0.0,838,2437656,卖盘
11:02:56,29.12,0.02,118,343522,买盘
11:02:59,29.1,-0.02,152,442567,卖盘
11:03:02,29.12,0.02,36,104918,中性盘
11:03:05,29.12,0.0,71,206824,卖盘
11:03:08,29.17,0.05,96,280031,买盘
11:03:10,29.15,-0.02,59,172064,卖盘
11:03:14,29.15,0.0,57,166241,卖盘
11:03:17,29.17,0.02,61,177978,买盘
11:03:19,29.18,0.01,30,87540,买盘
11:03:22,29.18,0.0,34,99229,卖盘
11:03:26,29.19,0.01,152,443657,买盘
11:03:29,29.19,0.0,109,318066,买盘
11:03:31,29.2,0.01,74,215989,买盘
11:03:35,29.17,-0.03,126,367810,卖盘
11:03:38,29.18,0.01,66,192645,中性盘
11:03:41,29.18,0.0,82,239274,买盘
11:03:44,29.19,0.01,16,46714,卖盘
11:03:47,29.2,0.01,19,55480,买盘
11:03:50,29.2,0.0,45,131366,买盘
11:03:53,29.2,0.0,35,102198,买盘
11:03:56,29.2,0.0,152,443752,买盘
11:03:59,29.2,0.0,237,692011,买盘
11:04:02,29.2,0.0,84,245280,买盘
11:04:04,29.2,0.0,3,8759,买盘
11:04:08,29.2,0.0,31,90500,买盘
11:04:11,29.21,0.01,537,1568064,买盘
11:04:14,29.2,-0.01,53,154760,卖盘
11:04:17,29.2,0.0,106,309519,买盘
11:04:20,29.2,0.0,44,128480,买盘
11:04:26,29.19,-0.01,27,78819,卖盘
11:04:29,29.2,0.01,80,233562,买盘
11:04:31,29.2,0.0,17,49640,买盘
11:04:35,29.19,-0.01,185,540015,卖盘
11:04:38,29.2,0.01,146,426247,买盘
11:04:41,29.19,-0.01,26,75899,卖盘
11:04:44,29.19,0.0,62,180980,卖盘
11:04:47,29.2,0.01,32,93428,买盘
11:04:49,29.19,-0.01,82,239311,卖盘
11:04:53,29.19,0.0,1,2919,买盘
11:04:56,29.18,-0.01,130,379340,卖盘
11:04:59,29.16,-0.02,51,148725,卖盘
11:05:02,29.18,0.02,20,58349,买盘
11:05:05,29.17,-0.01,137,399752,中性盘
11:05:08,29.16,-0.01,506,1473893,卖盘
11:05:11,29.17,0.01,16,46657,买盘
11:05:13,29.17,0.0,25,72904,买盘
11:05:17,29.18,0.01,10,29165,买盘
11:05:20,29.17,-0.01,35,102101,卖盘
11:05:23,29.2,0.03,87,253890,买盘
11:05:26,29.16,-0.04,168,490035,卖盘
11:05:29,29.16,0.0,72,209914,买盘
11:05:32,29.16,0.0,39,113708,买盘
11:05:35,29.16,0.0,30,87465,买盘
11:05:38,29.16,0.0,72,209950,买盘
11:05:41,29.15,-0.01,92,268386,卖盘
11:05:44,29.2,0.05,8,23336,买盘
11:05:47,29.16,-0.04,3,8748,卖盘
11:05:50,29.19,0.03,16,46659,买盘
11:05:53,29.18,-0.01,17,49590,中性盘
11:05:56,29.18,0.0,81,236313,买盘
11:05:58,29.18,0.0,97,283005,买盘
11:06:02,29.18,0.0,21,61278,买盘
11:06:05,29.18,0.0,13,37929,买盘
11:06:08,29.18,0.0,71,207147,买盘
11:06:11,29.18,0.0,51,148805,买盘
11:06:14,29.17,-0.01,178,519291,卖盘
11:06:17,29.17,0.0,156,455167,卖盘
11:06:19,29.17,0.0,22,64191,卖盘
11:06:23,29.18,0.01,46,134225,买盘
11:06:26,29.18,0.0,86,250946,买盘
11:06:29,29.17,-0.01,42,122519,卖盘
11:06:32,29.17,0.0,68,198407,卖盘
11:06:35,29.18,0.01,84,245201,买盘
11:06:38,29.2,0.02,564,1646593,买盘
11:06:41,29.19,-0.01,32,93426,卖盘
11:06:44,29.2,0.01,95,277372,买盘
11:06:47,29.19,-0.01,4,11677,卖盘
11:06:50,29.2,0.01,31,90520,买盘
11:06:53,29.15,-0.05,517,1508285,卖盘
11:06:56,29.19,0.04,141,411112,买盘
11:06:59,29.19,0.0,65,189746,卖盘
11:07:02,29.2,0.01,99,288901,买盘
11:07:05,29.19,-0.01,94,274424,卖盘
11:07:07,29.19,0.0,122,356147,卖盘
11:07:11,29.19,0.0,44,128469,卖盘
11:07:14,29.19,0.0,56,163500,卖盘
11:07:16,29.2,0.01,31,90519,买盘
11:07:19,29.2,0.0,130,379596,买盘
11:07:23,29.2,0.0,39,113884,买盘
11:07:26,29.21,0.01,35,102219,买盘
11:07:29,29.2,-0.01,131,382534,卖盘
11:07:31,29.2,0.0,72,210282,卖盘
11:07:35,29.21,0.01,65,189865,买盘
11:07:38,29.21,0.0,13,37973,买盘
11:07:40,29.21,0.0,55,160603,买盘
11:07:43,29.2,-0.01,101,294886,卖盘
11:07:47,29.2,0.0,40,116831,卖盘
11:07:50,29.21,0.01,43,125578,买盘
11:07:52,29.1,-0.11,238,694537,卖盘
11:07:55,29.2,0.1,548,1595981,买盘
11:07:58,29.19,-0.01,65,189785,卖盘
11:08:02,29.2,0.01,21,61307,买盘
11:08:05,29.17,-0.03,38,110962,中性盘
11:08:08,29.18,0.01,12,35023,卖盘
11:08:11,29.18,0.0,17,49618,卖盘
11:08:14,29.19,0.01,105,306463,买盘
11:08:17,29.19,0.0,129,376551,买盘
11:08:20,29.18,-0.01,157,458266,卖盘
11:08:23,29.19,0.01,56,163448,买盘
11:08:25,29.18,-0.01,71,207212,卖盘
11:08:29,29.18,0.0,61,178026,卖盘
11:08:32,29.18,0.0,125,364783,卖盘
11:08:35,29.18,0.0,212,618618,卖盘
11:08:38,29.18,0.0,58,169257,卖盘
11:08:41,29.19,0.01,54,157604,买盘
11:08:44,29.2,0.01,170,496226,买盘
11:08:47,29.2,0.0,37,108028,买盘
11:08:50,29.2,0.0,64,186845,买盘
11:08:52,29.2,0.0,73,213133,买盘
11:08:56,29.19,-0.01,20,58387,卖盘
11:08:59,29.2,0.01,99,289025,买盘
11:09:02,29.19,-0.01,58,169318,卖盘
11:09:05,29.19,0.0,139,405755,卖盘
11:09:08,29.19,0.0,5,14596,卖盘
11:09:11,29.2,0.01,82,239386,买盘
11:09:14,29.19,-0.01,49,143031,卖盘
11:09:17,29.19,0.0,107,312401,买盘
11:09:20,29.2,0.01,13,37944,买盘
11:09:23,29.2,0.0,80,233593,买盘
11:09:26,29.19,-0.01,39,113825,中性盘
11:09:28,29.18,-0.01,70,204299,卖盘
11:09:32,29.18,0.0,95,277242,卖盘
11:09:35,29.19,0.01,58,169287,买盘
11:09:38,29.18,-0.01,27,78797,卖盘
11:09:41,29.19,0.01,32,93396,买盘
11:09:44,29.18,-0.01,98,285969,卖盘
11:09:47,29.19,0.01,16,46690,买盘
11:09:50,29.19,0.0,47,137188,买盘
11:09:52,29.18,-0.01,30,87541,卖盘
11:09:56,29.17,-0.01,180,525126,卖盘
11:09:59,29.17,0.0,83,242105,买盘
11:10:02,29.17,0.0,24,70008,买盘
11:10:05,29.16,-0.01,37,107927,卖盘
11:10:08,29.17,0.01,24,70002,买盘
11:10:10,29.17,0.0,39,113757,买盘
11:10:14,29.16,-0.01,143,417050,卖盘
11:10:17,29.17,0.01,33,96247,买盘
11:10:20,29.16,-0.01,76,221650,卖盘
11:10:22,29.17,0.01,10,29169,买盘
11:10:26,29.15,-0.02,523,1524758,卖盘
11:10:29,29.14,-0.01,66,192382,卖盘
11:10:32,29.1,-0.04,272,792279,卖盘
11:10:35,29.1,0.0,129,375390,买盘
11:10:38,29.11,0.01,14,40790,中性盘
11:10:41,29.14,0.03,33,96063,买盘
11:10:44,29.11,-0.03,32,93152,卖盘
11:10:47,29.12,0.01,66,192161,买盘
11:10:50,29.14,0.02,124,361095,买盘
11:10:52,29.14,0.0,27,78655,买盘
11:10:56,29.09,-0.05,315,916683,卖盘
11:10:59,29.09,0.0,10,29092,卖盘
11:11:02,29.09,0.0,12,34916,卖盘
11:11:04,29.1,0.01,7,20369,买盘
11:11:07,29.1,0.0,1,2910,买盘
11:11:11,29.1,0.0,70,203685,买盘
11:11:14,29.12,0.02,1537,4472441,买盘
11:11:17,29.1,-0.02,29,84363,卖盘
11:11:20,29.09,-0.01,34,98933,卖盘
11:11:23,29.1,0.01,31,90283,卖盘
11:11:26,29.12,0.02,1277,3715077,买盘
11:11:29,29.11,-0.01,22,64024,中性盘
11:11:31,29.12,0.01,58,168901,买盘
11:11:35,29.12,0.0,57,166027,卖盘
11:11:37,29.12,0.0,34,99065,卖盘
11:11:41,29.12,0.0,66,192293,卖盘
11:11:44,29.12,0.0,47,136895,卖盘
11:11:47,29.13,0.01,52,151498,买盘
11:11:50,29.13,0.0,338,984445,卖盘
11:11:53,29.11,-0.02,229,666833,卖盘
11:11:56,29.11,0.0,130,378529,卖盘
11:11:58,29.11,0.0,69,200891,卖盘
11:12:02,29.11,0.0,49,142673,卖盘
11:12:05,29.12,0.01,32,93165,买盘
11:12:07,29.11,-0.01,54,157222,卖盘
11:12:10,29.11,0.0,106,308621,卖盘
11:12:13,29.11,0.0,13,37843,卖盘
11:12:17,29.12,0.01,55,159411,买盘
11:12:20,29.12,0.0,2,5823,买盘
11:12:23,29.12,0.0,51,148502,买盘
11:12:26,29.1,-0.02,562,1636530,卖盘
11:12:28,29.09,-0.01,71,206545,卖盘
11:12:31,29.1,0.01,95,276391,买盘
11:12:34,29.1,0.0,34,98940,买盘
11:12:38,29.1,0.0,44,128023,买盘
11:12:41,29.1,0.0,36,104753,买盘
11:12:44,29.09,-0.01,21,61089,卖盘
11:12:46,29.1,0.01,48,139671,买盘
11:12:49,29.09,-0.01,29,84377,卖盘
11:12:53,29.1,0.01,61,177477,买盘
11:12:56,29.1,0.0,1142,3321084,买盘
11:12:59,29.09,-0.01,41,119244,买盘
11:13:02,29.09,0.0,26,75639,中性盘
11:13:05,29.1,0.01,137,398639,买盘
11:13:08,29.1,0.0,17,49455,中性盘
11:13:11,29.1,0.0,661,1923507,买盘
11:13:14,29.1,0.0,64,186230,买盘
11:13:17,29.1,0.0,112,325916,买盘
11:13:20,29.09,-0.01,171,497594,卖盘
11:13:23,29.1,0.01,54,157138,买盘
11:13:26,29.08,-0.02,201,584606,卖盘
11:13:29,29.08,0.0,78,226824,买盘
11:13:32,29.08,0.0,309,898572,买盘
11:13:35,29.08,0.0,166,482728,买盘
11:13:38,29.08,0.0,291,846218,买盘
11:13:41,29.09,0.01,152,442050,买盘
11:13:44,29.09,0.0,18,52362,中性盘
11:13:47,29.1,0.01,66,192042,买盘
11:13:50,29.09,-0.01,13,37818,卖盘
11:13:53,29.09,0.0,18,52362,卖盘
11:13:56,29.08,-0.01,465,1352629,卖盘
11:13:59,29.08,0.0,265,770620,买盘
11:14:02,29.08,0.0,109,316964,买盘
11:14:05,29.08,0.0,539,1567557,买盘
11:14:07,29.07,-0.01,361,1049726,卖盘
11:14:11,29.09,0.02,64,186152,买盘
11:14:14,29.09,0.0,15,43635,买盘
11:14:16,29.09,0.0,21,61089,买盘
11:14:19,29.1,0.01,45,130917,买盘
11:14:23,29.09,-0.01,45,130927,卖盘
11:14:26,29.09,0.0,11,31999,卖盘
11:14:29,29.07,-0.02,409,1189531,卖盘
11:14:32,29.08,0.01,22,63976,买盘
11:14:35,29.08,0.0,17,49425,买盘
11:14:38,29.08,0.0,129,375132,买盘
11:14:41,29.1,0.02,695,2021168,买盘
11:14:44,29.12,0.02,63,183378,买盘
11:14:47,29.09,-0.03,60,174558,卖盘
11:14:50,29.1,0.01,16,46562,中性盘
11:14:53,29.09,-0.01,385,1120248,卖盘
11:14:56,29.09,0.0,99,288010,买盘
11:14:59,29.08,-0.01,703,2044322,卖盘
11:15:01,29.07,-0.01,209,607768,卖盘
11:15:05,29.08,0.01,16,46528,买盘
11:15:08,29.08,0.0,5,14540,买盘
11:15:11,29.07,-0.01,33,95961,卖盘
11:15:14,29.08,0.01,14,40709,买盘
11:15:17,29.08,0.0,13,37804,买盘
11:15:20,29.08,0.0,11,31980,买盘
11:15:23,29.07,-0.01,412,1197777,卖盘
11:15:26,29.08,0.01,740,2151906,买盘
11:15:29,29.08,0.0,1202,3493460,买盘
11:15:31,29.08,0.0,35,101770,买盘
11:15:34,29.07,-0.01,89,258783,卖盘
11:15:37,29.08,0.01,30,87230,买盘
11:15:41,29.09,0.01,23,66885,买盘
11:15:43,29.08,-0.01,5,14540,卖盘
11:15:46,29.09,0.01,56,162903,买盘
11:15:50,29.08,-0.01,161,468343,卖盘
11:15:53,29.09,0.01,108,314169,买盘
11:15:55,29.09,0.0,47,136709,买盘
11:15:59,29.07,-0.02,531,1543911,卖盘
11:16:02,29.07,0.0,78,226746,买盘
11:16:05,29.07,0.0,162,470934,买盘
11:16:08,29.08,0.01,477,1386636,买盘
11:16:11,29.07,-0.01,5,14535,中性盘
11:16:14,29.08,0.01,44,127924,买盘
11:16:20,29.08,0.0,84,244270,买盘
11:16:23,29.08,0.0,5,14540,卖盘
11:16:26,29.09,0.01,15,43622,买盘
11:16:29,29.07,-0.02,675,1962495,卖盘
11:16:32,29.07,0.0,116,337189,买盘
11:16:35,29.07,0.0,322,935855,买盘
11:16:38,29.07,0.0,75,218025,买盘
11:16:41,29.06,-0.01,29,84297,卖盘
11:16:44,29.06,0.0,52,151156,卖盘
11:16:47,29.06,0.0,83,241271,卖盘
11:16:49,29.06,0.0,122,354644,卖盘
11:16:52,29.07,0.01,22,63952,买盘
11:16:55,29.07,0.0,109,316845,买盘
11:16:59,29.07,0.0,1324,3847100,买盘
11:17:02,29.06,-0.01,35,101723,卖盘
11:17:05,29.07,0.01,120,348740,买盘
11:17:08,29.06,-0.01,1,2906,卖盘
11:17:11,29.06,0.0,2,5812,卖盘
11:17:13,29.06,0.0,3,8719,卖盘
11:17:16,29.06,0.0,29,84277,卖盘
11:17:20,29.06,0.0,371,1078157,卖盘
11:17:23,29.06,0.0,21,61044,卖盘
11:17:26,29.06,0.0,360,1046465,卖盘
11:17:29,29.06,0.0,1168,3394236,卖盘
11:17:31,29.06,0.0,89,258714,卖盘
11:17:35,29.07,0.01,5,14534,买盘
11:17:38,29.07,0.0,43,124978,买盘
11:17:40,29.06,-0.01,13,37778,卖盘
11:17:43,29.07,0.01,26,75562,买盘
11:17:49,29.06,-0.01,43,124983,卖盘
11:17:53,29.07,0.01,792,2301332,买盘
11:17:56,29.05,-0.02,33,95902,卖盘
11:17:59,29.05,0.0,95,275995,买盘
11:18:02,29.05,0.0,275,798821,买盘
11:18:05,29.05,0.0,47,136533,买盘
11:18:08,29.05,0.0,16,46480,买盘
11:18:11,29.04,-0.01,82,238146,卖盘
11:18:13,29.05,0.01,30,87143,买盘
11:18:17,29.04,-0.01,9,26141,卖盘
11:18:20,29.04,0.0,34,98756,卖盘
11:18:23,29.04,0.0,33,95845,卖盘
11:18:26,29.04,0.0,35,101640,卖盘
11:18:29,29.05,0.01,2282,6629782,买盘
11:18:32,29.04,-0.01,126,365986,卖盘
11:18:34,29.05,0.01,18,52290,中性盘
11:18:38,29.06,0.01,25,72678,卖盘
11:18:41,29.08,0.02,12,34894,买盘
11:18:43,29.06,-0.02,20,58140,卖盘
11:18:47,29.06,0.0,122,354760,卖盘
11:18:50,29.08,0.02,47,136673,买盘
11:18:53,29.06,-0.02,397,1154102,卖盘
11:18:56,29.07,0.01,5,14535,买盘
11:18:59,29.07,0.0,21,61046,买盘
11:19:02,29.07,0.0,90,261630,买盘
11:19:05,29.07,0.0,12,34883,买盘
11:19:08,29.06,-0.01,50,145344,卖盘
11:19:11,29.07,0.01,24,69768,买盘
11:19:14,29.06,-0.01,517,1502904,卖盘
11:19:17,29.06,0.0,11,31973,卖盘
11:19:20,29.07,0.01,5,14533,买盘
11:19:23,29.08,0.01,788,2290761,买盘
11:19:25,29.08,0.0,117,340143,卖盘
11:19:29,29.07,-0.01,1106,3215146,卖盘
11:19:32,29.07,0.0,46,133754,卖盘
11:19:34,29.08,0.01,59,171567,买盘
11:19:38,29.08,0.0,199,578691,买盘
11:19:40,29.08,0.0,12,34896,卖盘
11:19:44,29.08,0.0,20,58160,卖盘
11:19:47,29.1,0.02,244,710040,买盘
11:19:49,29.12,0.02,9,26201,买盘
11:19:53,29.1,-0.02,10,29100,卖盘
11:19:56,29.13,0.03,20,58214,买盘
11:19:59,29.09,-0.04,1111,3232793,卖盘
11:20:02,29.08,-0.01,52,151255,卖盘
11:20:05,29.09,0.01,147,427623,买盘
11:20:08,29.09,0.0,8,23278,卖盘
11:20:11,29.13,0.04,54,157189,买盘
11:20:14,29.13,0.0,19,55334,买盘
11:20:16,29.13,0.0,41,119434,卖盘
11:20:19,29.14,0.01,39,113634,买盘
11:20:23,29.14,0.0,55,160265,买盘
11:20:26,29.14,0.0,215,626506,买盘
11:20:29,29.12,-0.02,406,1182802,卖盘
11:20:32,29.11,-0.01,238,693033,中性盘
11:20:35,29.11,0.0,65,189278,卖盘
11:20:38,29.12,0.01,120,349434,买盘
11:20:41,29.12,0.0,96,279551,买盘
11:20:44,29.11,-0.01,4,11644,卖盘
11:20:47,29.12,0.01,97,282464,买盘
11:20:50,29.11,-0.01,84,244604,卖盘
11:20:53,29.12,0.01,635,1849119,买盘
11:20:56,29.11,-0.01,49,142680,卖盘
11:20:59,29.1,-0.01,701,2040892,卖盘
11:21:02,29.16,0.06,659,1917859,买盘
11:21:05,29.16,0.0,18,52504,卖盘
11:21:08,29.16,0.0,50,145798,中性盘
11:21:11,29.15,-0.01,47,137029,卖盘
11:21:14,29.18,0.03,36,105001,买盘
11:21:17,29.18,0.0,48,140022,买盘
11:21:20,29.17,-0.01,209,609659,卖盘
11:21:23,29.2,0.03,1177,3436651,买盘
11:21:26,29.2,0.0,154,449732,卖盘
11:21:29,29.18,-0.02,282,823126,卖盘
11:21:31,29.17,-0.01,266,776135,卖盘
11:21:35,29.18,0.01,61,177992,买盘
11:21:37,29.17,-0.01,151,440558,卖盘
11:21:41,29.18,0.01,24,70031,买盘
11:21:44,29.17,-0.01,46,134220,卖盘
11:21:47,29.18,0.01,33,96289,买盘
11:21:49,29.18,0.0,25,72944,买盘
11:21:52,29.17,-0.01,12,35004,卖盘
11:21:56,29.16,-0.01,527,1536844,卖盘
11:21:59,29.16,0.0,84,244975,买盘
11:22:02,29.15,-0.01,224,653138,卖盘
11:22:05,29.15,0.0,189,550935,买盘
11:22:08,29.14,-0.01,17,49545,卖盘
11:22:10,29.15,0.01,24,69958,买盘
11:22:14,29.15,0.0,20,58290,买盘
11:22:17,29.14,-0.01,173,504276,卖盘
11:22:19,29.15,0.01,6,17488,买盘
11:22:23,29.14,-0.01,16,46634,卖盘
11:22:25,29.14,0.0,13,37886,卖盘
11:22:29,29.15,0.01,47,136995,买盘
11:22:32,29.13,-0.02,371,1080852,卖盘
11:22:35,29.12,-0.01,36,104838,卖盘
11:22:38,29.12,0.0,223,649376,买盘
11:22:41,29.12,0.0,41,119392,买盘
11:22:44,29.11,-0.01,9,26201,卖盘
11:22:46,29.11,0.0,82,238728,卖盘
11:22:50,29.12,0.01,27,78610,买盘
11:22:53,29.11,-0.01,15,43679,卖盘
11:22:56,29.11,0.0,35,101899,卖盘
11:22:58,29.1,-0.01,108,314296,卖盘
11:23:01,29.1,0.0,168,488855,买盘
11:23:05,29.09,-0.01,70,203688,卖盘
11:23:08,29.1,0.01,120,349191,买盘
11:23:11,29.1,0.0,17,49468,买盘
11:23:14,29.1,0.0,319,928287,买盘
11:23:16,29.1,0.0,461,1341541,买盘
11:23:20,29.11,0.01,99,288161,买盘
11:23:22,29.1,-0.01,79,229925,卖盘
11:23:26,29.11,0.01,27,78592,买盘
11:23:29,29.09,-0.02,693,2016525,卖盘
11:23:31,29.09,0.0,193,561436,买盘
11:23:34,29.08,-0.01,2,5817,卖盘
11:23:38,29.09,0.01,47,136723,买盘
11:23:40,29.08,-0.01,398,1157781,卖盘
11:23:44,29.09,0.01,99,287981,买盘
11:23:46,29.09,0.0,108,314141,买盘
11:23:50,29.09,0.0,39,113449,买盘
11:23:53,29.09,0.0,36,104712,买盘
11:23:55,29.09,0.0,63,183266,买盘
11:23:59,29.08,-0.01,23,66902,卖盘
11:24:02,29.09,0.01,181,526432,买盘
11:24:05,29.1,0.01,80,232753,买盘
11:24:08,29.1,0.0,1,2910,卖盘
11:24:11,29.15,0.05,39,113623,买盘
11:24:13,29.11,-0.04,5,14557,卖盘
11:24:17,29.1,-0.01,17,49495,卖盘
11:24:20,29.15,0.05,93,271093,买盘
11:24:23,29.12,-0.03,29,84474,卖盘
11:24:25,29.11,-0.01,7,20377,卖盘
11:24:29,29.11,0.0,47,136850,卖盘
11:24:31,29.15,0.04,36,104921,买盘
11:24:35,29.15,0.0,43,125342,买盘
11:24:38,29.14,-0.01,19,55366,买盘
11:24:41,29.13,-0.01,126,367143,中性盘
11:24:43,29.13,0.0,75,218538,买盘
11:24:47,29.12,-0.01,29,84466,卖盘
11:24:50,29.12,0.0,18,52433,卖盘
11:24:53,29.13,0.01,22,64086,买盘
11:24:56,29.13,0.0,28,81563,买盘
11:24:59,29.13,0.0,6,17478,买盘
11:25:02,29.13,0.0,18,51585,买盘
11:25:05,29.13,0.0,245,713486,买盘
11:25:07,29.13,0.0,8,23298,买盘
11:25:10,29.13,0.0,62,180586,买盘
11:25:14,29.13,0.0,25,72823,买盘
11:25:16,29.13,0.0,32,93200,买盘
11:25:19,29.13,0.0,76,221319,买盘
11:25:23,29.13,0.0,15,43695,买盘
11:25:25,29.12,-0.01,1,2912,卖盘
11:25:29,29.12,0.0,75,218468,卖盘
11:25:31,29.13,0.01,56,163124,买盘
11:25:34,29.13,0.0,37,107780,买盘
11:25:38,29.13,0.0,163,474782,买盘
11:25:41,29.11,-0.02,282,821358,卖盘
11:25:44,29.13,0.02,62,180606,卖盘
11:25:46,29.13,0.0,29,84460,买盘
11:25:50,29.13,0.0,32,93205,买盘
11:25:52,29.12,-0.01,20,58258,卖盘
11:25:55,29.13,0.01,11,32043,买盘
11:25:59,29.13,0.0,4,11650,买盘
11:26:02,29.15,0.02,268,780810,买盘
11:26:05,29.13,-0.02,93,271084,中性盘
11:26:07,29.13,0.0,2,5826,卖盘
11:26:11,29.15,0.02,24,69927,买盘
11:26:14,29.14,-0.01,10,29137,中性盘
11:26:17,29.14,0.0,3,8742,卖盘
11:26:19,29.15,0.01,2,5829,买盘
11:26:23,29.15,0.0,211,615059,买盘
11:26:25,29.16,0.01,58,169079,买盘
11:26:29,29.16,0.0,24,69984,卖盘
11:26:32,29.16,0.0,57,166233,卖盘
11:26:34,29.16,0.0,214,624424,卖盘
11:26:38,29.15,-0.01,126,367315,卖盘
11:26:41,29.15,0.0,46,134090,买盘
11:26:44,29.15,0.0,61,177842,买盘
11:26:47,29.14,-0.01,48,139902,卖盘
11:26:50,29.15,0.01,31,90364,买盘
11:26:53,29.15,0.0,5,14574,买盘
11:26:56,29.14,-0.01,14,40808,卖盘
11:26:58,29.15,0.01,22,64129,买盘
11:27:02,29.15,0.0,24,70541,买盘
11:27:05,29.15,0.0,146,425590,买盘
11:27:08,29.15,0.0,6,17488,买盘
11:27:11,29.15,0.0,42,122430,买盘
11:27:14,29.15,0.0,31,90362,买盘
11:27:17,29.14,-0.01,34,99104,卖盘
11:27:19,29.15,0.01,70,204048,买盘
11:27:22,29.15,0.0,53,154489,买盘
11:27:26,29.15,0.0,25,72875,买盘
11:27:29,29.15,0.0,63,183644,买盘
11:27:32,29.14,-0.01,62,180724,卖盘
11:27:35,29.15,0.01,34,99107,买盘
11:27:38,29.15,0.0,253,737334,买盘
11:27:41,29.14,-0.01,15,43722,卖盘
11:27:44,29.15,0.01,283,824976,买盘
11:27:46,29.15,0.0,80,233182,卖盘
11:27:52,29.18,0.03,28,81685,买盘
11:27:56,29.18,0.0,1,2918,卖盘
11:27:59,29.18,0.0,13,37936,卖盘
11:28:01,29.18,0.0,21,61298,卖盘
11:28:05,29.18,0.0,10,29189,卖盘
11:28:08,29.19,0.01,23,67135,买盘
11:28:10,29.18,-0.01,59,172219,卖盘
11:28:14,29.19,0.01,40,116751,买盘
11:28:17,29.19,0.0,167,487474,卖盘
11:28:20,29.19,0.0,21,61287,买盘
11:28:23,29.18,-0.01,88,256796,卖盘
11:28:26,29.18,0.0,8,23344,卖盘
11:28:29,29.18,0.0,5,14592,卖盘
11:28:31,29.19,0.01,36,105079,买盘
11:28:35,29.16,-0.03,149,434768,卖盘
11:28:38,29.18,0.02,74,215941,买盘
11:28:41,29.15,-0.03,102,297431,卖盘
11:28:44,29.16,0.01,54,157486,卖盘
11:28:47,29.16,0.0,118,344196,卖盘
11:28:49,29.17,0.01,178,519225,买盘
11:28:53,29.18,0.01,19,55439,买盘
11:28:55,29.18,0.0,31,90458,买盘
11:28:59,29.18,0.0,45,131330,卖盘
11:29:02,29.18,0.0,12,35027,卖盘
11:29:05,29.19,0.01,4,11676,买盘
11:29:08,29.19,0.0,55,160492,买盘
11:29:11,29.18,-0.01,58,169246,卖盘
11:29:14,29.18,0.0,44,128426,卖盘
11:29:16,29.19,0.01,12,35024,买盘
11:29:20,29.18,-0.01,9,26263,卖盘
11:29:23,29.18,0.0,127,369375,卖盘
11:29:26,29.18,0.0,5,14590,卖盘
11:29:29,29.19,0.01,1,2919,买盘
11:29:32,29.19,0.0,38,110915,买盘
11:29:35,29.18,-0.01,164,478542,卖盘
11:29:38,29.19,0.01,6,17514,卖盘
11:29:41,29.19,0.0,19,55477,卖盘
11:29:44,29.2,0.01,70,204398,买盘
11:29:46,29.2,0.0,35,102200,买盘
11:29:53,29.2,0.0,11,32120,买盘
11:29:55,29.2,0.0,11,32120,买盘
11:29:59,29.2,0.0,26,77277,买盘
13:00:02,29.22,0.02,743,2171149,买盘
13:00:05,29.24,0.02,1022,2986399,买盘
13:00:08,29.25,0.01,221,646042,买盘
13:00:11,29.24,-0.01,92,269060,买盘
13:00:14,29.24,0.0,62,181314,卖盘
13:00:17,29.24,0.0,76,222288,卖盘
13:00:20,29.25,0.01,234,684637,中性盘
13:00:23,29.26,0.01,52,152139,买盘
13:00:25,29.25,-0.01,76,222655,卖盘
13:00:28,29.25,0.0,196,573339,卖盘
13:00:31,29.26,0.01,305,892332,买盘
13:00:35,29.26,0.0,130,380364,买盘
13:00:38,29.26,0.0,302,882809,买盘
13:00:40,29.26,0.0,266,777891,买盘
13:00:44,29.25,-0.01,321,939303,卖盘
13:00:47,29.25,0.0,163,476614,买盘
13:00:50,29.24,-0.01,30,87728,卖盘
13:00:53,29.24,0.0,33,96337,买盘
13:00:56,29.24,0.0,63,184203,买盘
13:00:58,29.24,0.0,16,46780,买盘
13:01:02,29.24,0.0,189,552637,买盘
13:01:05,29.23,-0.01,139,406349,中性盘
13:01:08,29.24,0.01,218,637427,买盘
13:01:11,29.23,-0.01,80,233913,卖盘
13:01:14,29.24,0.01,52,152048,买盘
13:01:17,29.24,0.0,233,681286,买盘
13:01:20,29.24,0.0,146,426903,买盘
13:01:22,29.24,0.0,249,728137,买盘
13:01:26,29.24,0.0,130,380120,卖盘
13:01:29,29.24,0.0,20,58480,卖盘
13:01:32,29.26,0.02,175,511696,买盘
13:01:34,29.26,0.0,576,1684802,买盘
13:01:38,29.26,0.0,28,81918,买盘
13:01:41,29.24,-0.02,109,318823,卖盘
13:01:44,29.24,0.0,525,1536138,卖盘
13:01:47,29.25,0.01,232,678452,中性盘
13:01:50,29.27,0.02,382,1118154,买盘
13:01:53,29.26,-0.01,70,204766,买盘
13:01:56,29.25,-0.01,207,605516,卖盘
13:01:59,29.27,0.02,4,11704,买盘
13:02:02,29.26,-0.01,408,1194474,卖盘
13:02:04,29.28,0.02,48,140534,买盘
13:02:07,29.29,0.01,257,751991,买盘
13:02:10,29.3,0.01,342,1001845,买盘
13:02:14,29.27,-0.03,94,275136,卖盘
13:02:17,29.27,0.0,508,1486228,买盘
13:02:20,29.27,0.0,91,266294,买盘
13:02:23,29.26,-0.01,215,629165,卖盘
13:02:26,29.27,0.01,96,280992,买盘
13:02:28,29.27,0.0,50,146339,买盘
13:02:31,29.27,0.0,46,134642,买盘
13:02:35,29.26,-0.01,118,345273,卖盘
13:02:38,29.27,0.01,64,187306,买盘
13:02:41,29.27,0.0,162,474152,买盘
13:02:44,29.26,-0.01,29,85574,卖盘
13:02:47,29.27,0.01,4,11708,买盘
13:02:50,29.26,-0.01,149,435977,卖盘
13:02:53,29.27,0.01,499,1460570,买盘
13:02:55,29.3,0.03,127,371803,买盘
13:02:59,29.3,0.0,33,96705,卖盘
13:03:02,29.3,0.0,105,307710,卖盘
13:03:05,29.3,0.0,226,662264,卖盘
13:03:08,29.3,0.0,664,1948050,卖盘
13:03:11,29.34,0.04,228,668670,买盘
13:03:14,29.31,-0.03,15,43964,中性盘
13:03:17,29.34,0.03,122,357618,买盘
13:03:19,29.34,0.0,7,20536,买盘
13:03:23,29.35,0.01,316,927408,买盘
13:03:26,29.32,-0.03,443,1299304,卖盘
13:03:28,29.33,0.01,220,645064,买盘
13:03:31,29.34,0.01,139,407705,买盘
13:03:34,29.34,0.0,36,105628,卖盘
13:03:37,29.35,0.01,44,129142,买盘
13:03:40,29.35,0.0,87,255347,卖盘
13:03:44,29.36,0.01,69,202544,买盘
13:03:47,29.38,0.02,85,249614,买盘
13:03:50,29.36,-0.02,44,129268,卖盘
13:03:53,29.37,0.01,44,129242,中性盘
13:03:56,29.37,0.0,33,96936,卖盘
13:03:59,29.38,0.01,105,308505,买盘
13:04:01,29.39,0.01,482,1416138,买盘
13:04:05,29.37,-0.02,104,305435,卖盘
13:04:07,29.37,0.0,66,193806,买盘
13:04:11,29.38,0.01,92,270196,买盘
13:04:14,29.36,-0.02,331,972184,卖盘
13:04:16,29.38,0.02,117,343718,买盘
13:04:19,29.35,-0.03,523,1536331,卖盘
13:04:23,29.35,0.0,104,305240,买盘
13:04:25,29.35,0.0,18,52830,买盘
13:04:29,29.34,-0.01,463,1358896,卖盘
13:04:32,29.4,0.06,124,364385,买盘
13:04:35,29.35,-0.05,146,429149,卖盘
13:04:38,29.37,0.02,245,719142,买盘
13:04:41,29.37,0.0,6,17612,买盘
13:04:44,29.4,0.03,298,875321,买盘
13:04:47,29.35,-0.05,789,2315902,卖盘
13:04:49,29.35,0.0,186,545910,买盘
13:04:53,29.34,-0.01,136,399102,卖盘
13:04:56,29.35,0.01,28,82180,买盘
13:04:59,29.35,0.0,66,193691,买盘
13:05:02,29.35,0.0,13,38155,买盘
13:05:05,29.35,0.0,77,225993,买盘
13:05:08,29.35,0.0,296,868705,买盘
13:05:10,29.35,0.0,9,26411,买盘
13:05:14,29.35,0.0,159,466642,买盘
13:05:17,29.4,0.05,553,1623713,买盘
13:05:20,29.37,-0.03,129,379200,中性盘
13:05:23,29.35,-0.02,49,143846,卖盘
13:05:26,29.36,0.01,11,32329,买盘
13:05:28,29.39,0.03,63,185154,中性盘
13:05:31,29.39,0.0,100,293656,卖盘
13:05:35,29.36,-0.03,203,596301,卖盘
13:05:38,29.39,0.03,43,126387,卖盘
13:05:41,29.39,0.0,175,514378,卖盘
13:05:43,29.4,0.01,26,76429,买盘
13:05:47,29.39,-0.01,24,70555,卖盘
13:05:50,29.4,0.01,45,132281,买盘
13:05:53,29.44,0.04,504,1483070,买盘
13:05:55,29.39,-0.05,52,152903,卖盘
13:05:59,29.4,0.01,30,88245,买盘
13:06:02,29.42,0.02,70,205844,中性盘
13:06:04,29.42,0.0,61,179468,卖盘
13:06:08,29.41,-0.01,109,320736,卖盘
13:06:11,29.4,-0.01,45,132332,卖盘
13:06:14,29.41,0.01,2,5882,卖盘
13:06:17,29.42,0.01,22,64711,买盘
13:06:19,29.41,-0.01,21,61763,卖盘
13:06:23,29.4,-0.01,455,1337744,卖盘
13:06:26,29.4,0.0,12,35280,买盘
13:06:29,29.37,-0.03,195,573128,卖盘
13:06:32,29.4,0.03,38,110409,买盘
13:06:35,29.37,-0.03,59,174673,卖盘
13:06:38,29.39,0.02,36,105814,买盘
13:06:41,29.37,-0.02,81,237902,卖盘
13:06:44,29.4,0.03,87,253630,买盘
13:06:47,29.38,-0.02,19,55823,卖盘
13:06:50,29.36,-0.02,401,1179592,卖盘
13:06:53,29.4,0.04,448,1316272,买盘
13:06:56,29.39,-0.01,25,73452,中性盘
13:06:58,29.38,-0.01,27,79349,卖盘
13:07:02,29.39,0.01,32,94028,买盘
13:07:05,29.39,0.0,27,79351,买盘
13:07:08,29.38,-0.01,229,672800,卖盘
13:07:10,29.38,0.0,163,478474,买盘
13:07:14,29.37,-0.01,3,8811,中性盘
13:07:16,29.37,0.0,48,140976,卖盘
13:07:20,29.36,-0.01,74,217611,卖盘
13:07:23,29.35,-0.01,294,863030,卖盘
13:07:26,29.35,0.0,137,402095,买盘
13:07:28,29.35,0.0,8,23476,买盘
13:07:32,29.35,0.0,107,313869,买盘
13:07:35,29.34,-0.01,21,61623,卖盘
13:07:38,29.35,0.01,59,173160,买盘
13:07:40,29.35,0.0,80,234721,买盘
13:07:43,29.34,-0.01,193,566277,卖盘
13:07:47,29.34,0.0,47,137869,买盘
13:07:53,29.33,-0.01,63,184796,卖盘
13:07:55,29.33,0.0,36,105588,买盘
13:07:58,29.33,0.0,72,211211,买盘
13:08:02,29.33,0.0,249,730359,卖盘
13:08:05,29.3,-0.03,460,1348582,卖盘
13:08:08,29.32,0.02,117,342825,买盘
13:08:11,29.3,-0.02,57,167081,中性盘
13:08:14,29.3,0.0,78,228535,买盘
13:08:17,29.29,-0.01,13,38087,中性盘
13:08:20,29.29,0.0,17,49793,卖盘
13:08:22,29.28,-0.01,177,518367,卖盘
13:08:26,29.27,-0.01,9,25674,卖盘
13:08:28,29.28,0.01,84,245952,买盘
13:08:31,29.28,0.0,155,453740,买盘
13:08:35,29.28,0.0,79,231271,买盘
13:08:38,29.28,0.0,207,606086,买盘
13:08:41,29.29,0.01,44,128819,买盘
13:08:43,29.29,0.0,85,248942,买盘
13:08:46,29.29,0.0,126,368948,买盘
13:08:50,29.28,-0.01,65,190346,卖盘
13:08:53,29.29,0.01,24,70285,买盘
13:08:56,29.28,-0.01,27,79073,卖盘
13:08:59,29.28,0.0,123,360167,卖盘
13:09:02,29.28,0.0,114,333791,买盘
13:09:05,29.28,0.0,11,32209,卖盘
13:09:08,29.29,0.01,11,32216,买盘
13:09:11,29.28,-0.01,58,169825,卖盘
13:09:14,29.28,0.0,30,87845,卖盘
13:09:17,29.28,0.0,73,214065,卖盘
13:09:20,29.27,-0.01,59,172391,卖盘
13:09:23,29.26,-0.01,138,403423,卖盘
13:09:29,29.26,0.0,22,64372,卖盘
13:09:32,29.26,0.0,106,310174,卖盘
13:09:35,29.26,0.0,109,317709,卖盘
13:09:38,29.27,0.01,13,38041,买盘
13:09:41,29.27,0.0,83,242941,买盘
13:09:44,29.26,-0.01,121,356544,卖盘
13:09:47,29.24,-0.02,393,1150291,卖盘
13:09:50,29.27,0.03,22,64401,中性盘
13:09:53,29.27,0.0,5,14636,卖盘
13:09:56,29.27,0.0,63,184401,卖盘
13:09:59,29.27,0.0,67,196169,卖盘
13:10:02,29.28,0.01,29,84912,买盘
13:10:05,29.27,-0.01,59,172694,卖盘
13:10:08,29.27,0.0,24,70253,卖盘
13:10:10,29.28,0.01,123,360073,买盘
13:10:13,29.28,0.0,39,114175,买盘
13:10:16,29.27,-0.01,66,193232,卖盘
13:10:20,29.28,0.01,86,251748,买盘
13:10:23,29.27,-0.01,41,120008,卖盘
13:10:26,29.27,0.0,78,228293,卖盘
13:10:28,29.26,-0.01,37,108294,卖盘
13:10:32,29.26,0.0,189,553048,卖盘
13:10:35,29.26,0.0,39,114120,买盘
13:10:38,29.25,-0.01,110,321763,卖盘
13:10:40,29.25,0.0,66,193050,买盘
13:10:44,29.25,0.0,22,64347,买盘
13:10:47,29.25,0.0,33,96525,买盘
13:10:49,29.25,0.0,19,55568,买盘
13:10:53,29.25,0.0,99,289485,买盘
13:10:56,29.24,-0.01,58,169603,卖盘
13:10:58,29.24,0.0,41,119887,卖盘
13:11:01,29.26,0.02,23,67278,买盘
13:11:05,29.26,0.0,13,38028,买盘
13:11:08,29.26,0.0,33,96558,买盘
13:11:11,29.26,0.0,7,20478,买盘
13:11:13,29.26,0.0,48,140436,买盘
13:11:17,29.24,-0.02,413,1207316,卖盘
13:11:20,29.25,0.01,115,336295,买盘
13:11:23,29.25,0.0,15,43882,卖盘
13:11:26,29.26,0.01,2,5852,买盘
13:11:29,29.25,-0.01,45,131624,卖盘
13:11:32,29.25,0.0,110,321661,买盘
13:11:35,29.25,0.0,71,207736,卖盘
13:11:37,29.25,0.0,13,38035,卖盘
13:11:40,29.25,0.0,16,46812,卖盘
13:11:44,29.26,0.01,28,81923,买盘
13:11:47,29.25,-0.01,72,210658,卖盘
13:11:50,29.26,0.01,67,195992,买盘
13:11:53,29.25,-0.01,12,35110,卖盘
13:11:55,29.26,0.01,22,64371,买盘
13:11:59,29.25,-0.01,43,126109,卖盘
13:12:02,29.26,0.01,49,143339,买盘
13:12:05,29.26,0.0,52,152149,买盘
13:12:07,29.25,-0.01,45,131657,卖盘
13:12:11,29.25,0.0,80,231996,卖盘
13:12:14,29.24,-0.01,399,1169043,卖盘
13:12:17,29.24,0.0,202,590655,买盘
13:12:20,29.25,0.01,55,160878,卖盘
13:12:23,29.26,0.01,353,1032553,买盘
13:12:28,29.25,-0.01,46,134537,买盘
13:12:32,29.25,0.0,282,824971,卖盘
13:12:35,29.26,0.01,37,108258,买盘
13:12:38,29.26,0.0,22,62353,买盘
13:12:40,29.27,0.01,12,35124,买盘
13:12:44,29.27,0.0,170,497602,买盘
13:12:47,29.27,0.0,24,70248,卖盘
13:12:49,29.28,0.01,77,225456,买盘
13:12:52,29.28,0.0,66,193260,买盘
13:12:55,29.27,-0.01,405,1184801,卖盘
13:12:59,29.28,0.01,93,272234,买盘
13:13:02,29.31,0.03,439,1286344,买盘
13:13:05,29.31,0.0,56,164125,买盘
13:13:08,29.32,0.01,40,117268,买盘
13:13:11,29.33,0.01,15,43987,买盘
13:13:14,29.33,0.0,234,686205,卖盘
13:13:17,29.33,0.0,113,331455,买盘
13:13:20,29.33,0.0,119,349070,买盘
13:13:23,29.33,0.0,60,178212,卖盘
13:13:26,29.34,0.01,64,187776,买盘
13:13:29,29.34,0.0,192,563244,买盘
13:13:31,29.38,0.04,236,692599,买盘
13:13:35,29.34,-0.04,8,23479,中性盘
13:13:37,29.33,-0.01,157,461044,卖盘
13:13:41,29.36,0.03,9,26424,买盘
13:13:44,29.33,-0.03,129,378451,卖盘
13:13:47,29.36,0.03,46,135041,买盘
13:13:49,29.33,-0.03,101,294129,卖盘
13:13:53,29.36,0.03,108,316981,买盘
13:13:55,29.38,0.02,196,577377,买盘
13:13:59,29.31,-0.07,467,1369797,卖盘
13:14:02,29.38,0.07,189,555353,买盘
13:14:04,29.34,-0.04,23,67562,卖盘
13:14:07,29.39,0.05,114,334990,买盘
13:14:10,29.33,-0.06,228,669062,卖盘
13:14:14,29.33,0.0,3,8799,买盘
13:14:16,29.31,-0.02,18,52777,卖盘
13:14:20,29.33,0.02,8,23463,买盘
13:14:23,29.33,0.0,40,117320,买盘
13:14:26,29.33,0.0,33,96769,买盘
13:14:29,29.33,0.0,2,5865,买盘
13:14:32,29.33,0.0,122,357711,买盘
13:14:35,29.33,0.0,11,32258,买盘
13:14:38,29.33,0.0,93,272769,买盘
13:14:41,29.33,0.0,25,73325,买盘
13:14:44,29.33,0.0,28,82122,买盘
13:14:47,29.33,0.0,76,222908,买盘
13:14:49,29.35,0.02,29,86959,买盘
13:14:53,29.33,-0.02,50,146758,卖盘
13:14:56,29.35,0.02,7,20551,中性盘
13:14:59,29.37,0.02,233,684307,买盘
13:15:02,29.36,-0.01,85,249612,卖盘
13:15:05,29.37,0.01,33,96914,买盘
13:15:08,29.37,0.0,39,114543,买盘
13:15:11,29.35,-0.02,248,728082,卖盘
13:15:14,29.35,0.0,23,67505,买盘
13:15:16,29.35,0.0,13,38155,买盘
13:15:20,29.35,0.0,3,8805,买盘
13:15:23,29.35,0.0,10,29350,买盘
13:15:26,29.35,0.0,25,73374,买盘
13:15:29,29.35,0.0,76,223002,买盘
13:15:32,29.34,-0.01,530,1555295,卖盘
13:15:35,29.37,0.03,84,246611,买盘
13:15:38,29.36,-0.01,530,1555337,中性盘
13:15:41,29.35,-0.01,27,79256,中性盘
13:15:44,29.35,0.0,14,41102,卖盘
13:15:47,29.36,0.01,1,2936,买盘
13:15:50,29.36,0.0,26,76335,买盘
13:15:52,29.37,0.01,297,872205,买盘
13:15:56,29.36,-0.01,4,11743,中性盘
13:15:58,29.36,0.0,133,390741,卖盘
13:16:02,29.38,0.02,20,58754,买盘
13:16:05,29.38,0.0,74,217407,买盘
13:16:08,29.37,-0.01,102,299591,卖盘
13:16:10,29.38,0.01,30,88132,买盘
13:16:14,29.37,-0.01,62,182155,卖盘
13:16:17,29.38,0.01,30,88123,买盘
13:16:20,29.38,0.0,6,17624,买盘
13:16:22,29.38,0.0,4,11752,买盘
13:16:26,29.38,0.0,16,47008,买盘
13:16:29,29.37,-0.01,67,196842,卖盘
13:16:31,29.38,0.01,157,461177,买盘
13:16:35,29.37,-0.01,4,11750,卖盘
13:16:38,29.37,0.0,25,73449,卖盘
13:16:41,29.38,0.01,85,249689,买盘
13:16:43,29.38,0.0,31,91078,买盘
13:16:46,29.39,0.01,25,73462,买盘
13:16:50,29.38,-0.01,10,29380,卖盘
13:16:53,29.38,0.0,11,32326,卖盘
13:16:56,29.39,0.01,5,14695,买盘
13:16:59,29.39,0.0,25,73475,买盘
13:17:01,29.39,0.0,147,431703,买盘
13:17:05,29.38,-0.01,97,285111,卖盘
13:17:08,29.36,-0.02,496,1456980,卖盘
13:17:11,29.36,0.0,199,584264,买盘
13:17:14,29.37,0.01,71,208466,买盘
13:17:17,29.35,-0.02,190,557673,卖盘
13:17:20,29.35,0.0,107,314026,买盘
13:17:23,29.37,0.02,27,79254,买盘
13:17:26,29.36,-0.01,1,2936,中性盘
13:17:29,29.36,0.0,8,23488,买盘
13:17:31,29.35,-0.01,61,179044,卖盘
13:17:35,29.35,0.0,94,275913,卖盘
13:17:38,29.33,-0.02,69,201977,卖盘
13:17:41,29.35,0.02,78,228892,卖盘
13:17:43,29.35,0.0,69,202515,买盘
13:17:47,29.36,0.01,224,657467,买盘
13:17:50,29.35,-0.01,22,64557,卖盘
13:17:53,29.34,-0.01,128,375465,卖盘
13:17:56,29.34,0.0,55,161373,买盘
13:17:59,29.35,0.01,11,32284,买盘
13:18:02,29.35,0.0,12,35220,买盘
13:18:05,29.32,-0.03,199,582662,卖盘
13:18:08,29.32,0.0,44,130122,卖盘
13:18:11,29.32,0.0,24,70366,买盘
13:18:14,29.32,0.0,10,29315,买盘
13:18:16,29.31,-0.01,53,155350,卖盘
13:18:20,29.31,0.0,113,331206,卖盘
13:18:23,29.32,0.01,84,246251,买盘
13:18:26,29.31,-0.01,89,260865,卖盘
13:18:29,29.32,0.01,55,161218,买盘
13:18:31,29.31,-0.01,13,38112,卖盘
13:18:35,29.32,0.01,490,1435858,买盘
13:18:38,29.32,0.0,78,228625,买盘
13:18:40,29.3,-0.02,368,1078346,卖盘
13:18:44,29.3,0.0,45,131848,买盘
13:18:47,29.3,0.0,7,20510,买盘
13:18:50,29.29,-0.01,42,123018,卖盘
13:18:53,29.29,0.0,32,93167,买盘
13:18:56,29.29,0.0,19,55660,卖盘
13:18:59,29.29,0.0,10,29297,卖盘
13:19:02,29.28,-0.01,308,902543,卖盘
13:19:05,29.29,0.01,293,857344,买盘
13:19:08,29.3,0.01,78,228442,买盘
13:19:11,29.3,0.0,22,64458,买盘
13:19:14,29.3,0.0,42,123050,买盘
13:19:17,29.33,0.03,206,602557,买盘
13:19:20,29.34,0.01,3,8802,买盘
13:19:23,29.33,-0.01,280,822443,卖盘
13:19:26,29.34,0.01,128,375440,买盘
13:19:29,29.34,0.0,53,155502,买盘
13:19:31,29.34,0.0,18,52808,买盘
13:19:34,29.33,-0.01,52,152547,卖盘
13:19:38,29.33,0.0,26,76258,卖盘
13:19:41,29.3,-0.03,167,489727,卖盘
13:19:43,29.33,0.03,73,214109,卖盘
13:19:47,29.33,0.0,34,101182,买盘
13:19:50,29.3,-0.03,509,1491462,卖盘
13:19:53,29.34,0.04,54,158434,买盘
13:19:56,29.33,-0.01,585,1714684,卖盘
13:19:59,29.33,0.0,60,175963,买盘
13:20:01,29.3,-0.03,440,1289912,卖盘
13:20:05,29.32,0.02,15,43976,买盘
13:20:07,29.31,-0.01,44,128973,卖盘
13:20:11,29.31,0.0,346,1013824,买盘
13:20:13,29.32,0.01,85,249169,买盘
13:20:17,29.31,-0.01,201,588931,买盘
13:20:20,29.3,-0.01,21,61532,卖盘
13:20:23,29.31,0.01,25,73274,买盘
13:20:26,29.31,0.0,20,58629,卖盘
13:20:28,29.3,-0.01,47,137754,卖盘
13:20:32,29.3,0.0,88,257841,卖盘
13:20:35,29.29,-0.01,88,257783,卖盘
13:20:38,29.3,0.01,4,11720,买盘
13:20:40,29.29,-0.01,70,205056,卖盘
13:20:44,29.3,0.01,419,1225479,买盘
13:20:47,29.3,0.0,5,14650,买盘
13:20:50,29.3,0.0,36,105471,买盘
13:20:53,29.3,0.0,6,17580,买盘
13:20:55,29.31,0.01,5,14655,卖盘
13:20:59,29.3,-0.01,266,779442,卖盘
13:21:02,29.33,0.03,470,1377432,买盘
13:21:04,29.32,-0.01,203,594596,中性盘
13:21:08,29.33,0.01,84,246125,买盘
13:21:11,29.32,-0.01,44,128935,买盘
13:21:14,29.31,-0.01,832,2439293,中性盘
13:21:16,29.33,0.02,19,55699,买盘
13:21:20,29.33,0.0,5,14669,卖盘
13:21:23,29.35,0.02,217,636684,买盘
13:21:25,29.35,0.0,7,20550,卖盘
13:21:29,29.36,0.01,23,67507,买盘
13:21:32,29.36,0.0,107,314115,买盘
13:21:34,29.36,0.0,67,196707,买盘
13:21:38,29.35,-0.01,76,223125,卖盘
13:21:41,29.36,0.01,227,666509,买盘
13:21:44,29.35,-0.01,555,1628994,卖盘
13:21:47,29.37,0.02,13,38170,买盘
13:21:49,29.37,0.0,32,93964,买盘
13:21:53,29.37,0.0,21,61677,买盘
13:21:56,29.36,-0.01,585,1717189,卖盘
13:21:58,29.37,0.01,1132,3323734,买盘
13:22:01,29.37,0.0,291,854592,卖盘
13:22:05,29.4,0.03,752,2213480,买盘
13:22:08,29.4,0.0,159,467460,卖盘
13:22:11,29.4,0.0,459,1346785,卖盘
13:22:14,29.42,0.02,770,2267946,买盘
13:22:17,29.42,0.0,426,1250648,卖盘
13:22:19,29.37,-0.05,219,644063,卖盘
13:22:23,29.38,0.01,623,1832069,买盘
13:22:26,29.38,0.0,108,317303,卖盘
13:22:29,29.36,-0.02,62,182055,卖盘
13:22:32,29.42,0.06,43,126487,买盘
13:22:35,29.4,-0.02,60,176414,卖盘
13:22:38,29.43,0.03,44,129396,买盘
13:22:40,29.41,-0.02,12,35300,卖盘
13:22:44,29.42,0.01,51,150042,中性盘
13:22:47,29.43,0.01,93,273644,买盘
13:22:50,29.43,0.0,10,29428,买盘
13:22:53,29.42,-0.01,180,529593,卖盘
13:22:56,29.41,-0.01,878,2583695,卖盘
13:22:59,29.4,-0.01,309,908534,卖盘
13:23:02,29.4,0.0,64,188213,卖盘
13:23:04,29.41,0.01,387,1138161,买盘
13:23:08,29.4,-0.01,253,743826,卖盘
13:23:11,29.4,0.0,53,155820,买盘
13:23:14,29.42,0.02,423,1243889,买盘
13:23:16,29.42,0.0,112,329513,卖盘
13:23:20,29.42,0.0,40,117681,卖盘
13:23:24,29.43,0.01,88,258942,买盘
13:23:26,29.42,-0.01,580,1706364,卖盘
13:23:29,29.4,-0.02,233,686947,卖盘
13:23:31,29.4,0.0,45,130698,卖盘
13:23:35,29.4,0.0,40,117552,买盘
13:23:38,29.38,-0.02,70,205710,卖盘
13:23:40,29.39,0.01,31,91082,中性盘
13:23:44,29.38,-0.01,58,170413,卖盘
13:23:47,29.38,0.0,1335,3916924,卖盘
13:23:50,29.4,0.02,33,96980,买盘
13:23:53,29.32,-0.08,33,96848,中性盘
13:23:56,29.39,0.07,85,249819,买盘
13:23:59,29.4,0.01,19,55854,买盘
13:24:02,29.4,0.0,65,191086,买盘
13:24:05,29.39,-0.01,118,346808,卖盘
13:24:07,29.35,-0.04,193,566918,卖盘
13:24:10,29.33,-0.02,67,196643,卖盘
13:24:14,29.35,0.02,245,718943,买盘
13:24:16,29.35,0.0,5,14672,买盘
13:24:20,29.35,0.0,168,492756,买盘
13:24:23,29.39,0.04,23,67576,买盘
13:24:26,29.35,-0.04,8,23508,卖盘
13:24:29,29.38,0.03,29,85174,中性盘
13:24:32,29.39,0.01,17,49944,买盘
13:24:35,29.36,-0.03,55,161479,卖盘
13:24:38,29.36,0.0,40,117488,卖盘
13:24:41,29.35,-0.01,69,202523,卖盘
13:24:44,29.35,0.0,70,205467,卖盘
13:24:47,29.35,0.0,55,161470,卖盘
13:24:49,29.36,0.01,35,102733,买盘
13:24:53,29.35,-0.01,496,1455682,卖盘
13:24:56,29.35,0.0,32,93942,卖盘
13:24:59,29.35,0.0,52,152620,卖盘
13:25:02,29.36,0.01,54,158543,买盘
13:25:05,29.35,-0.01,181,531326,卖盘
13:25:07,29.33,-0.02,116,340302,卖盘
13:25:11,29.35,0.02,35,102723,买盘
13:25:14,29.36,0.01,100,293559,买盘
13:25:17,29.38,0.02,12,35252,买盘
13:25:20,29.38,0.0,68,199688,买盘
13:25:23,29.38,0.0,3,8814,买盘
13:25:26,29.38,0.0,18,52884,买盘
13:25:29,29.37,-0.01,312,916111,卖盘
13:25:31,29.38,0.01,49,143921,买盘
13:25:35,29.38,0.0,17,49944,买盘
13:25:38,29.37,-0.01,6,17626,卖盘
13:25:41,29.37,0.0,7,20559,卖盘
13:25:44,29.38,0.01,60,176230,买盘
13:25:47,29.38,0.0,89,261422,买盘
13:25:50,29.38,0.0,16,46995,买盘
13:25:54,29.38,0.0,76,223217,买盘
13:25:55,29.38,0.0,61,180359,买盘
13:25:59,29.37,-0.01,1266,3720019,卖盘
13:26:02,29.37,0.0,32,94001,卖盘
13:26:05,29.4,0.03,777,2285990,买盘
13:26:08,29.41,0.01,193,567425,买盘
13:26:11,29.4,-0.01,71,208785,卖盘
13:26:14,29.43,0.03,413,1214957,买盘
13:26:17,29.44,0.01,134,394339,买盘
13:26:20,29.43,-0.01,64,188357,卖盘
13:26:23,29.44,0.01,96,282552,买盘
13:26:26,29.43,-0.01,3,8829,卖盘
13:26:29,29.43,0.0,615,1810823,卖盘
13:26:32,29.44,0.01,125,367960,卖盘
13:26:35,29.44,0.0,156,459279,卖盘
13:26:38,29.45,0.01,94,276748,买盘
13:26:40,29.44,-0.01,303,892048,卖盘
13:26:44,29.45,0.01,391,1151208,买盘
13:26:46,29.45,0.0,88,259063,买盘
13:26:50,29.42,-0.03,59,173604,卖盘
13:26:53,29.42,0.0,221,650317,卖盘
13:26:55,29.42,0.0,685,2015846,买盘
13:26:58,29.42,0.0,359,1055738,卖盘
13:27:02,29.42,0.0,170,500282,卖盘
13:27:05,29.42,0.0,85,250099,卖盘
13:27:08,29.41,-0.01,54,158842,卖盘
13:27:11,29.41,0.0,106,311671,买盘
13:27:14,29.42,0.01,230,676598,买盘
13:27:17,29.42,0.0,85,250070,卖盘
13:27:20,29.43,0.01,178,523707,买盘
13:27:24,29.42,-0.01,43,126521,卖盘
13:27:25,29.43,0.01,28,82399,买盘
13:27:29,29.43,0.0,5,14713,买盘
13:27:32,29.43,0.0,343,1009194,买盘
13:27:35,29.42,-0.01,98,288377,卖盘
13:27:38,29.44,0.02,195,573763,卖盘
13:27:41,29.44,0.0,5,14722,卖盘
13:27:44,29.44,0.0,7,20608,卖盘
13:27:46,29.45,0.01,601,1769451,买盘
13:27:50,29.45,0.0,77,226732,买盘
13:27:53,29.45,0.0,53,156051,买盘
13:27:56,29.44,-0.01,127,373889,卖盘
13:27:59,29.44,0.0,326,958847,买盘
13:28:01,29.45,0.01,122,359177,买盘
13:28:04,29.46,0.01,390,1148547,买盘
13:28:08,29.45,-0.01,283,833439,卖盘
13:28:11,29.46,0.01,19,55974,买盘
13:28:14,29.47,0.01,429,1264052,买盘
13:28:16,29.45,-0.02,200,589112,卖盘
13:28:20,29.47,0.02,34,97842,买盘
13:28:22,29.46,-0.01,8,23568,卖盘
13:28:25,29.46,0.0,17,50082,卖盘
13:28:29,29.47,0.01,222,654027,买盘
13:28:32,29.46,-0.01,44,129667,卖盘
13:28:34,29.4,-0.06,636,1872773,卖盘
13:28:37,29.46,0.06,144,424228,中性盘
13:28:41,29.46,0.0,10,29458,买盘
13:28:44,29.45,-0.01,18,53014,中性盘
13:28:47,29.44,-0.01,45,132487,卖盘
13:28:49,29.44,0.0,14,41216,买盘
13:28:53,29.42,-0.02,53,156028,卖盘
13:28:56,29.42,0.0,108,317736,卖盘
13:28:59,29.42,0.0,104,305973,买盘
13:29:02,29.42,0.0,88,260612,买盘
13:29:05,29.4,-0.02,502,1476820,卖盘
13:29:08,29.39,-0.01,93,273358,卖盘
13:29:11,29.4,0.01,39,114642,买盘
13:29:14,29.4,0.0,369,1084860,买盘
13:29:17,29.39,-0.01,78,229242,卖盘
13:29:20,29.39,0.0,35,102865,买盘
13:29:24,29.39,0.0,24,70536,买盘
13:29:26,29.35,-0.04,486,1427424,卖盘
13:29:29,29.38,0.03,127,373028,卖盘
13:29:32,29.38,0.0,13,38194,买盘
13:29:34,29.36,-0.02,82,240832,卖盘
13:29:38,29.37,0.01,40,117453,买盘
13:29:42,29.37,0.0,65,190905,买盘
13:29:44,29.35,-0.02,37,108615,卖盘
13:29:47,29.35,0.0,324,950940,买盘
13:29:50,29.37,0.02,14,41101,买盘
13:29:53,29.36,-0.01,70,205512,卖盘
13:29:56,29.36,0.0,92,269987,卖盘
13:29:59,29.36,0.0,27,79271,买盘
13:30:02,29.36,0.0,31,91016,买盘
13:30:04,29.36,0.0,25,73391,买盘
13:30:08,29.36,0.0,206,604743,买盘
13:30:10,29.34,-0.02,209,613354,卖盘
13:30:14,29.35,0.01,392,1150618,买盘
