time,price,change,volume,amount,type
09:25:01,104.6,-0.19,504,5271840,买盘
09:30:01,104.6,0.0,27,282322,买盘
09:30:04,104.05,-0.55,205,2140148,卖盘
09:30:07,104.12,0.07,81,843623,卖盘
09:30:10,104.4,0.28,18,187770,中性盘
09:30:13,104.5,0.1,30,313480,买盘
09:30:16,104.5,0.0,41,428343,买盘
09:30:19,104.49,-0.01,16,167154,中性盘
09:30:22,104.12,-0.37,105,1093602,卖盘
09:30:25,104.12,0.0,33,343603,买盘
09:30:27,104.12,0.0,24,250458,卖盘
09:30:31,104.3,0.18,42,437965,买盘
09:30:34,104.21,-0.09,16,166696,中性盘
09:30:37,104.12,-0.09,25,260684,中性盘
09:30:40,104.32,0.2,22,229461,买盘
09:30:43,104.12,-0.2,26,271144,卖盘
09:30:46,104.13,0.01,10,104183,中性盘
09:30:49,104.12,-0.01,30,312748,卖盘
09:30:52,104.3,0.18,19,198150,买盘
09:30:55,104.13,-0.17,15,156209,中性盘
09:30:58,104.12,-0.01,49,510248,卖盘
09:31:01,104.14,0.02,34,354868,中性盘
09:31:04,104.3,0.16,17,177070,中性盘
09:31:07,104.07,-0.23,78,812250,卖盘
09:31:10,104.07,0.0,69,718049,买盘
09:31:13,104.06,-0.01,234,2433608,中性盘
09:31:16,104.0,-0.06,26,270241,中性盘
09:31:19,103.98,-0.02,21,218222,中性盘
09:31:22,103.93,-0.05,49,509619,中性盘
09:31:25,103.93,0.0,6,62393,卖盘
09:31:28,103.77,-0.16,205,2128403,卖盘
09:31:31,103.93,0.16,331,3436033,买盘
09:31:34,103.85,-0.08,82,851499,卖盘
09:31:37,103.64,-0.21,75,777605,卖盘
09:31:40,103.92,0.28,151,1567994,买盘
09:31:43,103.85,-0.07,14,145241,买盘
09:31:46,103.85,0.0,21,218020,买盘
09:31:49,103.85,0.0,23,238821,买盘
09:31:52,103.85,0.0,23,238930,中性盘
09:31:55,103.85,0.0,36,373868,卖盘
09:31:58,103.92,0.07,32,332362,买盘
09:32:01,103.85,-0.07,27,280536,卖盘
09:32:04,104.0,0.15,6,62392,买盘
09:32:07,103.95,-0.05,3,31185,卖盘
09:32:10,104.0,0.05,9,93574,买盘
09:32:12,103.94,-0.06,52,540536,卖盘
09:32:16,103.98,0.04,28,291052,买盘
09:32:19,104.0,0.02,19,197546,买盘
09:32:22,103.99,-0.01,12,124796,中性盘
09:32:25,103.99,0.0,18,187169,卖盘
09:32:28,104.0,0.01,24,249592,买盘
09:32:31,104.01,0.01,48,499232,买盘
09:32:34,104.03,0.02,5,52006,买盘
09:32:37,104.0,-0.03,30,312009,卖盘
09:32:40,104.28,0.28,9,93824,买盘
09:32:46,104.3,0.02,9,93804,买盘
09:32:49,104.3,0.0,9,93862,买盘
09:32:52,104.49,0.19,9,93946,买盘
09:32:55,104.49,0.0,67,699648,买盘
09:32:58,104.3,-0.19,93,969606,买盘
09:33:01,104.3,0.0,15,156450,买盘
09:33:05,104.26,-0.04,32,333805,中性盘
09:33:08,104.3,0.04,10,104303,卖盘
09:33:10,104.26,-0.04,19,198050,卖盘
09:33:13,104.08,-0.18,20,208211,卖盘
09:33:16,104.12,0.04,4,41667,中性盘
09:33:19,104.26,0.14,22,229242,买盘
09:33:22,104.22,-0.04,8,83374,卖盘
09:33:25,104.2,-0.02,18,187612,卖盘
09:33:27,104.2,0.0,11,114620,买盘
09:33:31,104.26,0.06,23,239802,买盘
09:33:34,104.2,-0.06,22,229278,卖盘
09:33:37,104.05,-0.15,19,197825,卖盘
09:33:40,104.06,0.01,40,416535,中性盘
09:33:43,104.2,0.14,1,10420,买盘
09:33:46,104.15,-0.05,56,583419,卖盘
09:33:49,104.2,0.05,19,197941,中性盘
09:33:52,104.17,-0.03,13,135435,卖盘
09:33:55,104.15,-0.02,15,156225,卖盘
09:33:58,104.18,0.03,19,197915,买盘
09:34:01,104.14,-0.04,9,93744,卖盘
09:34:05,104.14,0.0,6,62482,买盘
09:34:07,104.15,0.01,14,145790,买盘
09:34:10,104.14,-0.01,13,135367,买盘
09:34:13,104.15,0.01,2,20829,买盘
09:34:16,104.14,-0.01,12,124968,卖盘
09:34:19,104.14,0.0,106,1103962,卖盘
09:34:22,104.19,0.05,5,52085,买盘
09:34:25,104.15,-0.04,2,20830,卖盘
09:34:28,104.2,0.05,21,218731,买盘
09:34:31,104.25,0.05,24,250159,买盘
09:34:33,104.25,0.0,7,72979,卖盘
09:34:37,104.25,0.0,33,344048,卖盘
09:34:39,104.3,0.05,40,417200,买盘
09:34:43,104.3,0.0,33,344447,卖盘
09:34:46,104.3,0.0,9,93993,中性盘
09:34:49,104.3,0.0,25,260768,中性盘
09:34:52,104.36,0.06,8,83442,买盘
09:34:55,104.29,-0.07,5,52164,卖盘
09:34:58,104.48,0.19,12,125247,买盘
09:35:01,104.46,-0.02,8,83558,中性盘
09:35:05,104.46,0.0,1,10446,买盘
09:35:07,104.48,0.02,15,156720,卖盘
09:35:10,104.46,-0.02,19,198486,卖盘
09:35:13,104.46,0.0,8,83556,买盘
09:35:16,104.46,0.0,11,114915,买盘
09:35:19,104.4,-0.06,18,187997,卖盘
09:35:22,104.47,0.07,14,146256,买盘
09:35:25,104.44,-0.03,11,114891,卖盘
09:35:28,104.31,-0.13,30,313221,卖盘
09:35:31,104.43,0.12,5,52221,中性盘
09:35:33,104.45,0.02,9,93998,买盘
09:35:37,104.45,0.0,11,114811,买盘
09:35:40,104.32,-0.13,60,626672,中性盘
09:35:43,104.44,0.12,2,20876,中性盘
09:35:46,104.44,0.0,15,156615,买盘
09:35:49,104.44,0.0,9,93949,中性盘
09:35:52,104.33,-0.11,1,10433,卖盘
09:35:55,104.44,0.11,3,31324,买盘
09:35:58,104.45,0.01,20,208871,买盘
09:36:01,104.4,-0.05,9,93988,卖盘
09:36:05,104.4,0.0,9,93981,卖盘
09:36:07,104.48,0.08,14,146246,买盘
09:36:10,104.45,-0.03,5,52228,卖盘
09:36:13,104.48,0.03,20,208949,买盘
09:36:16,104.45,-0.03,43,449143,卖盘
09:36:19,104.49,0.04,1,10449,买盘
09:36:22,104.45,-0.04,14,146240,卖盘
09:36:25,104.49,0.04,37,386577,买盘
09:36:28,104.45,-0.04,11,114923,卖盘
09:36:31,104.48,0.03,18,188074,中性盘
09:36:34,104.48,0.0,63,658327,买盘
09:36:37,104.51,0.03,28,292581,买盘
09:36:40,104.51,0.0,4,42640,卖盘
09:36:43,104.56,0.05,6,62727,买盘
09:36:46,104.58,0.02,8,83659,买盘
09:36:49,104.58,0.0,4,41830,买盘
09:36:55,104.59,0.01,14,146426,买盘
09:36:58,104.6,0.01,20,209190,买盘
09:37:01,104.64,0.04,1,10464,买盘
09:37:05,104.64,0.0,1,10464,中性盘
09:37:07,104.65,0.01,5,52325,买盘
09:37:13,104.72,0.07,4,41906,卖盘
09:37:16,104.78,0.06,9,94296,买盘
09:37:19,104.77,-0.01,6,62859,中性盘
09:37:22,104.8,0.03,20,209568,买盘
09:37:25,104.78,-0.02,2,20954,中性盘
09:37:28,104.8,0.02,10,104797,买盘
09:37:31,104.8,0.0,38,398229,买盘
09:37:34,104.8,0.0,9,94318,买盘
09:37:37,104.88,0.08,14,146779,买盘
09:37:40,104.8,-0.08,7,73360,卖盘
09:37:43,104.8,0.0,10,104830,卖盘
09:37:46,104.88,0.08,12,125835,中性盘
09:37:49,104.89,0.01,48,503361,买盘
09:37:52,104.88,-0.01,28,293682,中性盘
09:37:55,104.89,0.01,11,115377,买盘
09:37:58,104.89,0.0,35,367105,卖盘
09:38:01,104.81,-0.08,39,408972,卖盘
09:38:04,104.76,-0.05,106,1110844,卖盘
09:38:07,104.78,0.02,8,83813,买盘
09:38:10,104.78,0.0,3,31421,买盘
09:38:13,104.77,-0.01,26,272391,中性盘
09:38:16,104.78,0.01,28,293382,买盘
09:38:19,104.65,-0.13,63,659997,卖盘
09:38:22,104.65,0.0,25,261542,买盘
09:38:25,104.76,0.11,14,146512,买盘
09:38:28,104.59,-0.17,36,376704,卖盘
09:38:31,104.77,0.18,17,177953,买盘
09:38:34,104.65,-0.12,2,20930,买盘
09:38:36,104.6,-0.05,7,73220,买盘
09:38:40,104.65,0.05,35,366136,买盘
09:38:43,104.6,-0.05,2,20920,中性盘
09:38:46,104.6,0.0,1,10460,中性盘
09:38:49,104.65,0.05,9,94140,买盘
09:38:55,104.6,-0.05,5,52300,买盘
09:38:58,104.65,0.05,69,721972,买盘
09:39:00,104.6,-0.05,44,460414,卖盘
09:39:04,104.63,0.03,2,20926,买盘
09:39:07,104.77,0.14,14,146600,买盘
09:39:10,104.65,-0.12,23,240593,卖盘
09:39:14,104.67,0.02,9,94203,买盘
09:39:16,104.64,-0.03,7,73254,卖盘
09:39:19,104.6,-0.04,40,418522,卖盘
09:39:22,104.65,0.05,6,62782,买盘
09:39:25,104.63,-0.02,7,73238,买盘
09:39:28,104.65,0.02,14,146490,买盘
09:39:31,104.6,-0.05,20,209262,卖盘
09:39:34,104.63,0.03,2,20918,中性盘
09:39:37,104.55,-0.08,2,20910,卖盘
09:39:40,104.63,0.08,6,62738,买盘
09:39:43,104.62,-0.01,7,73239,中性盘
09:39:46,104.62,0.0,2,20925,卖盘
09:39:49,104.63,0.01,4,41849,买盘
09:39:52,104.57,-0.06,29,303374,卖盘
09:39:55,104.62,0.05,8,83686,买盘
09:40:04,104.6,-0.02,7,73190,买盘
09:40:07,104.55,-0.05,102,1066856,卖盘
09:40:10,104.5,-0.05,7,73150,卖盘
09:40:12,104.63,0.13,78,815977,买盘
09:40:16,104.51,-0.12,5,52267,中性盘
09:40:19,104.51,0.0,48,501595,中性盘
09:40:22,104.45,-0.06,18,188047,卖盘
09:40:26,104.44,-0.01,48,501351,卖盘
09:40:28,104.4,-0.04,5,52200,卖盘
09:40:31,104.4,0.0,7,73080,卖盘
09:40:34,104.4,0.0,15,156600,买盘
09:40:37,104.35,-0.05,84,877042,卖盘
09:40:40,104.4,0.05,9,93925,买盘
09:40:43,104.34,-0.06,9,93924,卖盘
09:40:46,104.34,0.0,2,20868,买盘
09:40:49,104.33,-0.01,11,114767,卖盘
09:40:52,104.33,0.0,4,41732,卖盘
09:40:55,104.31,-0.02,2,20863,卖盘
09:40:58,104.33,0.02,8,83458,买盘
09:41:01,104.32,-0.01,4,41728,中性盘
09:41:05,104.29,-0.03,28,292060,卖盘
09:41:07,104.33,0.04,10,104312,买盘
09:41:10,104.3,-0.03,2,20860,中性盘
09:41:13,104.3,0.0,4,41720,买盘
09:41:16,104.29,-0.01,11,114724,卖盘
09:41:19,104.29,0.0,12,125150,卖盘
09:41:22,104.3,0.01,2,20860,买盘
09:41:25,104.3,0.0,14,146020,卖盘
09:41:28,104.29,-0.01,8,83438,卖盘
09:41:31,104.3,0.01,5,52150,买盘
09:41:33,104.3,0.0,12,125150,买盘
09:41:37,104.29,-0.01,23,239869,卖盘
09:41:40,104.3,0.01,21,219026,买盘
09:41:43,104.31,0.01,17,177324,买盘
09:41:46,104.3,-0.01,3,31290,卖盘
09:41:49,104.32,0.02,6,62587,买盘
09:41:52,104.3,-0.02,16,166882,卖盘
09:41:55,104.32,0.02,15,156479,买盘
09:41:59,104.3,-0.02,126,1314190,卖盘
09:42:01,104.31,0.01,1,10431,卖盘
09:42:04,104.31,0.0,3,31294,中性盘
09:42:07,104.31,0.0,1,10431,买盘
09:42:09,104.31,0.0,12,125169,买盘
09:42:13,104.31,0.0,77,811577,买盘
09:42:15,104.28,-0.03,43,448462,卖盘
09:42:19,104.24,-0.04,77,794318,卖盘
09:42:22,104.29,0.05,6,62543,买盘
09:42:25,104.29,0.0,1,10429,买盘
09:42:28,104.24,-0.05,5,52120,中性盘
09:42:30,104.19,-0.05,6,62514,卖盘
09:42:34,104.19,0.0,8,83353,买盘
09:42:37,104.19,0.0,54,562524,中性盘
09:42:40,104.17,-0.02,28,291657,中性盘
09:42:45,104.1,-0.07,41,426851,卖盘
09:42:49,104.08,-0.02,9,93674,卖盘
09:42:52,104.06,-0.02,17,176906,卖盘
09:42:55,104.04,-0.02,41,426596,卖盘
09:42:57,104.03,-0.01,15,156042,中性盘
09:43:01,103.98,-0.05,402,4180794,卖盘
09:43:04,103.95,-0.03,45,467808,卖盘
09:43:07,103.93,-0.02,120,1247327,卖盘
09:43:10,103.89,-0.04,12,124688,卖盘
09:43:13,103.88,-0.01,21,218136,卖盘
09:43:16,103.88,0.0,65,675254,买盘
09:43:19,103.81,-0.07,25,259622,卖盘
09:43:22,103.88,0.07,5,51932,中性盘
09:43:25,103.82,-0.06,24,249266,卖盘
09:43:28,103.88,0.06,86,893187,买盘
09:43:31,103.81,-0.07,22,228433,卖盘
09:43:34,103.82,0.01,31,323885,中性盘
09:43:37,103.81,-0.01,22,228398,卖盘
09:43:40,103.81,0.0,33,342574,卖盘
09:43:43,103.8,-0.01,110,1141805,卖盘
09:43:46,103.8,0.0,12,122477,买盘
09:43:49,103.8,0.0,34,352893,买盘
09:43:52,103.78,-0.02,11,114165,中性盘
09:43:55,103.76,-0.02,44,456501,中性盘
09:43:58,103.75,-0.01,11,114106,中性盘
09:44:01,103.7,-0.05,88,912589,卖盘
09:44:04,103.69,-0.01,20,207389,卖盘
09:44:07,103.71,0.02,35,365532,买盘
09:44:10,103.69,-0.02,3,31109,中性盘
09:44:13,103.69,0.0,23,238457,买盘
09:44:16,103.7,0.01,5,51846,买盘
09:44:19,103.71,0.01,13,134816,买盘
09:44:22,103.69,-0.02,1,10369,卖盘
09:44:25,103.71,0.02,16,165915,买盘
09:44:28,103.71,0.0,60,622180,买盘
09:44:31,103.78,0.07,50,518600,买盘
09:44:34,103.78,0.0,31,321656,买盘
09:44:37,103.8,0.02,19,199314,买盘
09:44:40,103.78,-0.02,3,31134,卖盘
09:44:43,103.8,0.02,1,10380,中性盘
09:44:46,103.8,0.0,8,83044,卖盘
09:44:49,103.8,0.0,13,135013,卖盘
09:44:52,103.95,0.15,4,41571,买盘
09:44:55,103.8,-0.15,14,145429,卖盘
09:44:58,103.92,0.12,15,155832,买盘
09:45:02,103.92,0.0,10,103923,中性盘
09:45:07,103.81,-0.11,8,83112,卖盘
09:45:10,103.81,0.0,2,20762,卖盘
09:45:13,103.91,0.1,1,10391,买盘
09:45:16,103.81,-0.1,40,415274,卖盘
09:45:19,103.82,0.01,8,83055,买盘
09:45:22,103.91,0.09,4,41545,买盘
09:45:25,103.91,0.0,51,529932,买盘
09:45:28,103.82,-0.09,3,31148,卖盘
09:45:31,103.9,0.08,3,31170,中性盘
09:45:34,103.9,0.0,8,83120,买盘
09:45:37,103.9,0.0,6,62340,卖盘
09:45:40,103.9,0.0,3,31172,卖盘
09:45:43,103.9,0.0,6,62340,卖盘
09:45:45,103.85,-0.05,11,114286,卖盘
09:45:49,103.9,0.05,12,124685,买盘
09:45:52,103.9,0.0,11,114265,卖盘
09:45:55,103.9,0.0,2,20780,买盘
09:45:58,103.88,-0.02,44,457188,卖盘
09:46:01,103.9,0.02,19,197356,买盘
09:46:04,103.9,0.0,8,83121,中性盘
09:46:07,103.91,0.01,7,72732,买盘
09:46:10,103.9,-0.01,22,228586,卖盘
09:46:13,103.85,-0.05,25,259688,卖盘
09:46:16,103.84,-0.01,13,135003,卖盘
09:46:19,103.88,0.04,10,103853,买盘
09:46:22,103.86,-0.02,2,20772,卖盘
09:46:25,103.85,-0.01,1,10385,卖盘
09:46:28,103.86,0.01,4,41543,买盘
09:46:31,103.86,0.0,8,83088,买盘
09:46:34,103.89,0.03,3,31161,买盘
09:46:36,103.86,-0.03,25,259650,卖盘
09:46:40,103.86,0.0,14,145395,买盘
09:46:43,103.86,0.0,9,93474,买盘
09:46:46,103.86,0.0,15,155789,买盘
09:46:49,103.85,-0.01,21,218086,卖盘
09:46:52,103.86,0.01,19,197323,买盘
09:46:55,103.85,-0.01,5,51924,卖盘
09:46:58,103.85,0.0,21,218078,买盘
09:47:00,103.84,-0.01,14,145379,卖盘
09:47:04,103.83,-0.01,11,114217,卖盘
09:47:07,103.84,0.01,11,114223,买盘
09:47:10,103.83,-0.01,14,145362,卖盘
09:47:13,103.84,0.01,23,238811,买盘
09:47:16,103.83,-0.01,23,238811,卖盘
09:47:19,103.83,0.0,18,186893,卖盘
09:47:22,103.84,0.01,39,404951,买盘
09:47:25,103.84,0.0,8,83072,卖盘
09:47:28,103.85,0.01,19,197297,买盘
09:47:31,103.85,0.0,14,145377,买盘
09:47:34,103.84,-0.01,3,31154,卖盘
09:47:37,103.86,0.02,40,415383,买盘
09:47:40,104.0,0.14,128,1329980,买盘
09:47:42,104.0,0.0,1,10400,卖盘
09:47:46,104.01,0.01,22,228822,买盘
09:47:49,104.0,-0.01,69,717601,卖盘
09:47:55,104.0,0.0,4,41601,卖盘
09:47:58,103.93,-0.07,5,51993,中性盘
09:48:07,103.93,0.0,2,20786,买盘
09:48:13,103.93,0.0,12,124716,中性盘
09:48:16,103.86,-0.07,89,925010,卖盘
09:48:19,103.93,0.07,6,62358,卖盘
09:48:22,103.99,0.06,18,187169,买盘
09:48:25,103.9,-0.09,20,207846,卖盘
09:48:28,103.9,0.0,5,51947,买盘
09:48:31,103.88,-0.02,12,124662,中性盘
09:48:34,103.93,0.05,1,10393,买盘
09:48:37,103.9,-0.03,5,51956,卖盘
09:48:40,103.88,-0.02,6,62330,卖盘
09:48:43,103.9,0.02,10,103880,中性盘
09:48:46,103.86,-0.04,12,124652,卖盘
09:48:49,103.93,0.07,14,145483,买盘
09:48:52,103.93,0.0,4,41572,卖盘
09:48:55,103.93,0.0,4,41572,卖盘
09:48:58,103.93,0.0,7,72785,卖盘
09:49:01,103.93,0.0,8,83155,卖盘
09:49:04,103.98,0.05,9,93577,买盘
09:49:07,103.98,0.0,3,31196,卖盘
09:49:10,103.99,0.01,4,41594,买盘
09:49:13,103.99,0.0,31,322331,买盘
09:49:16,103.99,0.0,28,291171,买盘
09:49:19,104.0,0.01,42,436789,买盘
09:49:22,104.0,0.0,16,166400,买盘
09:49:25,104.0,0.0,79,821614,买盘
09:49:28,104.0,0.0,5,52001,卖盘
09:49:34,104.0,0.0,5,52001,卖盘
09:49:37,104.0,0.0,36,374440,卖盘
09:49:40,104.05,0.05,4,41620,买盘
09:49:43,104.01,-0.04,1,10401,中性盘
09:49:46,103.99,-0.02,3,31200,卖盘
09:49:49,104.06,0.07,24,244450,买盘
09:49:51,104.06,0.0,1,10406,买盘
09:49:55,104.08,0.02,15,156098,买盘
09:49:58,104.06,-0.02,7,72845,卖盘
09:50:01,104.06,0.0,2,20812,卖盘
09:50:04,104.1,0.04,3,31226,买盘
09:50:13,104.17,0.07,1,10417,买盘
09:50:16,104.1,-0.07,10,104100,卖盘
09:50:19,104.17,0.07,2,20834,买盘
09:50:22,104.16,-0.01,7,72918,中性盘
09:50:25,104.1,-0.06,26,270675,卖盘
09:50:28,104.12,0.02,3,31240,中性盘
09:50:31,104.17,0.05,11,114587,买盘
09:50:34,104.2,0.03,28,291623,买盘
09:50:43,104.2,0.0,2,20837,买盘
09:50:46,104.2,0.0,3,31260,卖盘
09:50:49,104.27,0.07,10,104270,买盘
09:50:52,104.2,-0.07,3,31266,卖盘
09:50:55,104.26,0.06,8,83412,买盘
09:50:58,104.2,-0.06,2,20840,卖盘
09:51:01,104.27,0.07,3,31271,买盘
09:51:04,104.24,-0.03,3,31272,中性盘
09:51:07,104.27,0.03,1,10427,买盘
09:51:10,104.3,0.03,1,10430,买盘
09:51:13,104.27,-0.03,1,10427,卖盘
09:51:16,104.3,0.03,2,20857,买盘
09:51:20,104.27,-0.03,10,104273,卖盘
09:51:22,104.27,0.0,2,20854,买盘
09:51:25,104.27,0.0,18,187686,买盘
09:51:28,104.32,0.05,12,125110,买盘
09:51:34,104.28,-0.04,3,31288,卖盘
09:51:37,104.35,0.07,11,114724,买盘
09:51:43,104.35,0.0,10,104350,买盘
09:51:49,104.35,0.0,2,20870,卖盘
09:51:52,104.35,0.0,2,20870,买盘
09:51:55,104.35,0.0,5,52175,中性盘
09:51:58,104.3,-0.05,2,20860,卖盘
09:52:01,104.35,0.05,61,636489,买盘
09:52:04,104.36,0.01,35,365007,买盘
09:52:07,104.35,-0.01,2,20871,中性盘
09:52:10,104.35,0.0,3,31305,卖盘
09:52:13,104.4,0.05,20,208768,买盘
09:52:16,104.22,-0.18,4,41703,中性盘
09:52:19,104.36,0.14,3,31309,中性盘
09:52:22,104.35,-0.01,14,146055,买盘
09:52:27,104.35,0.0,1,10435,买盘
09:52:31,104.3,-0.05,11,114730,卖盘
09:52:34,104.3,0.0,18,187793,卖盘
09:52:37,104.35,0.05,11,114773,买盘
09:52:40,104.35,0.0,2,20865,买盘
09:52:43,104.3,-0.05,9,93870,卖盘
09:52:46,104.28,-0.02,4,41715,卖盘
09:52:48,104.27,-0.01,7,72991,卖盘
09:52:52,104.27,0.0,36,375381,卖盘
09:52:55,104.3,0.03,18,187705,买盘
09:52:58,104.27,-0.03,6,62562,卖盘
09:53:04,104.27,0.0,13,135568,卖盘
09:53:07,104.27,0.0,26,271117,卖盘
09:53:10,104.27,0.0,79,823735,卖盘
09:53:16,104.22,-0.05,6,62532,卖盘
09:53:19,104.2,-0.02,13,135466,卖盘
09:53:22,104.1,-0.1,158,1646321,卖盘
09:53:24,104.06,-0.04,3,31218,卖盘
09:53:28,104.02,-0.04,23,239336,卖盘
09:53:31,104.15,0.13,129,1343275,买盘
09:53:37,104.02,-0.13,3,31204,中性盘
09:53:40,104.0,-0.02,10,104003,卖盘
09:53:43,104.0,0.0,18,187202,卖盘
09:53:46,103.99,-0.01,28,291194,卖盘
09:53:48,104.02,0.03,52,540846,买盘
09:53:52,104.02,0.0,4,46796,买盘
09:53:55,104.02,0.0,19,197706,买盘
09:53:58,104.02,0.0,10,104013,卖盘
09:54:01,103.99,-0.03,1,10399,买盘
09:54:04,103.95,-0.04,50,519888,卖盘
09:54:07,103.98,0.03,4,41593,卖盘
09:54:10,103.98,0.0,11,114378,买盘
09:54:16,103.98,0.0,21,218302,买盘
09:54:19,103.98,0.0,26,270304,买盘
09:54:22,103.98,0.0,15,155964,买盘
09:54:25,103.99,0.01,12,124781,买盘
09:54:28,104.1,0.11,6,62460,中性盘
09:54:31,104.1,0.0,12,124764,买盘
09:54:33,103.96,-0.14,2,20794,中性盘
09:54:37,104.1,0.14,2,20819,买盘
09:54:40,104.22,0.12,71,739396,买盘
09:54:43,104.2,-0.02,3,31260,卖盘
09:54:46,103.94,-0.26,109,1133806,卖盘
09:54:52,104.19,0.25,2,20838,买盘
09:54:55,104.09,-0.1,6,62454,卖盘
09:54:58,104.02,-0.07,2,20804,卖盘
09:55:01,103.96,-0.06,1,10396,卖盘
09:55:04,104.02,0.06,107,1112957,买盘
09:55:10,103.96,-0.06,2,20792,卖盘
09:55:13,103.96,0.0,12,124741,卖盘
09:55:15,104.0,0.04,2,20796,买盘
09:55:19,104.01,0.01,18,187163,买盘
09:55:22,104.0,-0.01,9,93606,卖盘
09:55:25,104.01,0.01,1,10401,卖盘
09:55:28,104.01,0.0,3,31203,买盘
09:55:31,104.0,-0.01,58,603439,卖盘
09:55:34,104.0,0.0,36,374389,卖盘
09:55:37,104.02,0.02,2,20804,卖盘
09:55:43,103.96,-0.06,2,20796,卖盘
09:55:46,104.0,0.04,12,124800,卖盘
09:55:49,104.0,0.0,13,135200,中性盘
09:55:52,104.0,0.0,44,457758,中性盘
09:55:58,103.96,-0.04,7,72772,卖盘
09:56:01,104.02,0.06,2,20804,买盘
09:56:04,103.96,-0.06,10,103965,卖盘
09:56:07,104.0,0.04,31,322280,买盘
09:56:10,104.02,0.02,16,166368,买盘
09:56:13,104.02,0.0,11,114422,卖盘
09:56:16,104.02,0.0,7,72814,卖盘
09:56:19,104.02,0.0,4,41608,卖盘
09:56:22,104.02,0.0,20,208040,买盘
09:56:25,104.02,0.0,7,72814,卖盘
09:56:28,104.02,0.0,17,176873,卖盘
09:56:31,104.05,0.03,2,20808,买盘
09:56:34,104.02,-0.03,4,41611,卖盘
09:56:37,104.03,0.01,2,20806,中性盘
09:56:40,104.02,-0.01,18,187236,卖盘
09:56:43,104.02,0.0,1,10402,买盘
09:56:46,104.0,-0.02,1,10400,卖盘
09:56:49,104.02,0.02,12,124804,买盘
09:56:52,104.02,0.0,3,31204,买盘
09:56:55,104.02,0.0,2,20798,买盘
09:56:58,104.02,0.0,35,364070,买盘
09:57:01,104.02,0.0,15,156030,买盘
09:57:04,104.02,0.0,3,31206,中性盘
09:57:07,104.05,0.03,9,93633,买盘
09:57:10,104.02,-0.03,1,10402,中性盘
09:57:13,104.0,-0.02,125,1300200,卖盘
09:57:16,104.02,0.02,4,41608,卖盘
09:57:19,104.02,0.0,12,124837,卖盘
09:57:22,104.02,0.0,13,135254,卖盘
09:57:25,104.05,0.03,1,10405,中性盘
09:57:28,104.05,0.0,33,343290,买盘
09:57:31,104.03,-0.02,1,10403,卖盘
09:57:34,104.02,-0.01,1,10402,卖盘
09:57:37,104.03,0.01,1,10403,中性盘
09:57:40,104.0,-0.03,10,104012,卖盘
09:57:43,104.0,0.0,3,31200,买盘
09:57:46,104.0,0.0,3,31200,买盘
09:57:49,103.96,-0.04,34,353468,卖盘
09:57:52,103.96,0.0,14,145548,卖盘
09:57:55,103.96,0.0,20,207920,卖盘
09:58:01,103.96,0.0,7,72772,卖盘
09:58:04,103.94,-0.02,85,883564,卖盘
09:58:07,103.93,-0.01,22,228637,卖盘
09:58:10,103.93,0.0,5,51963,买盘
09:58:13,103.91,-0.02,2,20782,卖盘
09:58:16,103.91,0.0,147,1527335,买盘
09:58:18,103.9,-0.01,23,239010,中性盘
09:58:22,103.91,0.01,38,394862,卖盘
09:58:25,103.88,-0.03,2,20777,卖盘
09:58:28,103.9,0.02,6,62339,买盘
09:58:31,103.88,-0.02,35,363588,卖盘
09:58:34,103.88,0.0,3,31166,卖盘
09:58:37,103.91,0.03,2,20781,买盘
09:58:43,103.88,-0.03,2,20776,卖盘
09:58:46,103.9,0.02,2,20780,买盘
09:58:49,103.88,-0.02,16,166204,卖盘
09:58:52,103.88,0.0,14,145433,买盘
09:58:54,103.88,0.0,6,62333,卖盘
09:58:58,103.88,0.0,17,176601,卖盘
09:59:01,103.88,0.0,9,93492,卖盘
09:59:04,103.89,0.01,2,20778,买盘
09:59:07,103.89,0.0,2,20778,卖盘
09:59:10,103.89,0.0,5,51945,卖盘
09:59:13,103.9,0.01,5,51950,买盘
09:59:15,103.9,0.0,14,145460,买盘
09:59:19,103.88,-0.02,72,747971,卖盘
09:59:22,103.89,0.01,7,72729,中性盘
09:59:24,103.89,0.0,13,135047,买盘
09:59:28,103.88,-0.01,11,114273,卖盘
09:59:31,103.89,0.01,1,10389,买盘
09:59:34,103.89,0.0,39,405139,买盘
09:59:37,103.89,0.0,10,103886,买盘
09:59:40,103.88,-0.01,39,405149,卖盘
09:59:43,103.87,-0.01,15,155823,卖盘
09:59:46,103.87,0.0,19,197367,卖盘
09:59:48,103.87,0.0,11,114258,卖盘
09:59:55,103.88,0.01,11,114267,买盘
09:59:58,103.88,0.0,18,189154,买盘
10:00:04,103.89,0.01,4,41556,买盘
10:00:07,103.88,-0.01,6,62328,卖盘
10:00:10,103.87,-0.01,5,51936,买盘
10:00:19,103.89,0.02,2,20778,买盘
10:00:22,103.88,-0.01,41,425909,卖盘
10:00:25,103.88,0.0,13,135044,卖盘
10:00:28,103.89,0.01,2,20778,买盘
10:00:31,103.89,0.0,11,114278,买盘
10:00:34,103.89,0.0,1,10389,买盘
10:00:37,103.89,0.0,10,103888,买盘
10:00:43,103.9,0.01,1,10390,买盘
10:00:46,103.9,0.0,8,83115,买盘
10:00:49,103.89,-0.01,19,197391,卖盘
10:00:52,103.89,0.0,9,93501,买盘
10:00:54,103.9,0.01,17,176615,买盘
10:00:58,103.9,0.0,3,31170,卖盘
10:01:01,103.9,0.0,5,51950,卖盘
10:01:05,103.91,0.01,2,20782,买盘
10:01:07,103.91,0.0,4,41562,买盘
10:01:10,103.91,0.0,1,10391,买盘
10:01:13,103.94,0.03,1,10394,买盘
10:01:19,103.9,-0.04,23,238979,卖盘
10:01:22,103.91,0.01,12,124696,中性盘
10:01:25,103.91,0.0,2,20782,卖盘
10:01:28,103.96,0.05,1,10396,买盘
10:01:31,103.96,0.0,20,207920,买盘
10:01:33,103.95,-0.01,3,31185,买盘
10:01:37,103.96,0.01,5,51988,卖盘
10:01:40,103.96,0.0,6,62376,卖盘
10:01:43,104.0,0.04,1,10400,买盘
10:01:46,103.96,-0.04,4,41592,卖盘
10:01:49,104.05,0.09,6,62385,买盘
10:01:52,103.96,-0.09,14,145544,卖盘
10:01:55,104.05,0.09,3,31215,买盘
10:01:57,104.0,-0.05,2,20800,买盘
10:02:05,104.05,0.05,1,10405,买盘
10:02:08,104.05,0.0,1,10405,买盘
10:02:10,103.96,-0.09,2,20801,中性盘
10:02:16,104.05,0.09,6,62403,买盘
10:02:19,103.97,-0.08,3,31202,卖盘
10:02:22,103.97,0.0,11,114367,卖盘
10:02:25,104.08,0.11,6,62448,买盘
10:02:30,103.97,-0.11,8,83181,卖盘
10:02:34,104.08,0.11,2,20816,买盘
10:02:37,103.96,-0.12,12,124753,卖盘
10:02:43,103.97,0.01,5,51984,中性盘
10:02:45,104.08,0.11,12,124873,买盘
10:02:49,104.08,0.0,12,124896,中性盘
10:02:52,104.08,0.0,15,156121,卖盘
10:02:55,104.08,0.0,26,270608,卖盘
10:03:01,104.07,-0.01,2,20814,中性盘
10:03:07,104.07,0.0,1,10407,买盘
10:03:13,103.97,-0.1,1,10397,卖盘
10:03:16,103.98,0.01,3,31194,卖盘
10:03:19,103.98,0.0,7,72780,买盘
10:03:22,103.95,-0.03,21,218315,卖盘
10:03:25,103.95,0.0,26,270269,卖盘
10:03:28,103.95,0.0,30,311798,买盘
10:03:30,103.9,-0.05,2,20780,卖盘
10:03:34,103.9,0.0,28,290920,卖盘
10:03:37,103.9,0.0,2,20785,卖盘
10:03:40,103.91,0.01,10,103906,买盘
10:03:43,103.91,0.0,4,41564,卖盘
10:03:46,103.91,0.0,11,114301,卖盘
10:03:49,103.95,0.04,2,20786,买盘
10:03:52,103.95,0.0,27,280613,买盘
10:03:55,103.91,-0.04,39,405256,卖盘
10:03:58,103.9,-0.01,20,207800,卖盘
10:04:05,103.9,0.0,12,124691,卖盘
10:04:07,103.91,0.01,2,20781,买盘
10:04:10,103.91,0.0,1,10391,买盘
10:04:12,103.91,0.0,15,155865,买盘
10:04:16,103.91,0.0,7,72737,卖盘
10:04:19,103.9,-0.01,36,374056,卖盘
10:04:22,103.91,0.01,11,114301,买盘
10:04:25,103.91,0.0,6,62346,卖盘
10:04:28,103.92,0.01,5,51960,买盘
10:04:31,103.92,0.0,12,124702,买盘
10:04:34,103.92,0.0,4,41568,买盘
10:04:43,103.92,0.0,4,41568,卖盘
10:04:46,103.91,-0.01,2,20783,卖盘
10:04:49,103.91,0.0,3,31175,卖盘
10:04:51,103.95,0.04,31,322208,买盘
10:04:55,103.94,-0.01,15,155917,卖盘
10:05:01,103.96,0.02,1,10396,买盘
10:05:05,103.95,-0.01,2,20789,中性盘
10:05:07,103.96,0.01,1,10396,买盘
10:05:09,103.96,0.0,5,51972,买盘
10:05:13,103.94,-0.02,1,10394,中性盘
10:05:16,103.92,-0.02,1,10392,卖盘
10:05:19,103.92,0.0,3,31178,卖盘
10:05:22,103.93,0.01,3,31177,买盘
10:05:28,103.93,0.0,21,218252,买盘
10:05:31,103.93,0.0,3,31179,卖盘
10:05:34,103.93,0.0,3,31179,买盘
10:05:37,103.93,0.0,1,10393,买盘
10:05:40,103.93,0.0,2,20786,买盘
10:05:43,103.93,0.0,2,20786,买盘
10:05:46,103.92,-0.01,11,114316,卖盘
10:05:49,103.93,0.01,2,20786,中性盘
10:05:52,103.93,0.0,52,540421,卖盘
10:05:58,103.96,0.03,6,62376,买盘
10:06:01,103.95,-0.01,4,41576,中性盘
10:06:04,103.96,0.01,2,20792,买盘
10:06:07,103.93,-0.03,4,41578,卖盘
10:06:10,103.96,0.03,2,20792,买盘
10:06:15,103.95,-0.01,3,31183,买盘
10:06:19,103.93,-0.02,1,10393,卖盘
10:06:22,103.93,0.0,21,218271,卖盘
10:06:27,103.96,0.03,1,10396,买盘
10:06:31,103.93,-0.03,41,426100,卖盘
10:06:37,103.95,0.02,4,41580,买盘
10:06:40,103.98,0.03,70,727741,买盘
10:06:43,103.97,-0.01,3,31191,卖盘
10:06:46,103.98,0.01,5,51990,买盘
10:06:49,103.98,0.0,2,20795,中性盘
10:06:52,103.97,-0.01,9,93580,卖盘
10:06:55,103.98,0.01,6,62387,买盘
10:06:58,103.99,0.01,6,62389,买盘
10:07:01,103.98,-0.01,2,20796,卖盘
10:07:05,103.98,0.0,24,249552,卖盘
10:07:07,103.98,0.0,3,31195,卖盘
10:07:10,104.0,0.02,56,582394,买盘
10:07:13,103.97,-0.03,48,499084,卖盘
10:07:16,103.98,0.01,22,228758,中性盘
10:07:19,104.0,0.02,2,20800,买盘
10:07:22,103.99,-0.01,8,83196,卖盘
10:07:25,103.99,0.0,6,62394,买盘
10:07:28,103.98,-0.01,56,582306,卖盘
10:07:31,104.0,0.02,41,426323,买盘
10:07:37,104.0,0.0,1,10400,买盘
10:07:40,103.97,-0.03,16,166354,卖盘
10:07:42,104.0,0.03,4,41594,买盘
10:07:46,104.0,0.0,11,114389,买盘
10:07:49,104.0,0.0,58,603504,卖盘
10:07:52,104.0,0.0,4,41601,卖盘
10:07:55,104.01,0.01,11,114401,买盘
10:07:58,104.01,0.0,5,52005,买盘
10:08:00,104.0,-0.01,39,405603,卖盘
10:08:04,104.0,0.0,2,20800,卖盘
10:08:07,104.07,0.07,2,20808,买盘
10:08:13,104.01,-0.06,1,10401,卖盘
10:08:19,104.07,0.06,1,10407,买盘
10:08:22,104.07,0.0,2,20814,买盘
10:08:25,104.02,-0.05,13,135226,卖盘
10:08:28,104.02,0.0,1,10402,卖盘
10:08:30,104.03,0.01,30,312158,卖盘
10:08:34,104.02,-0.01,7,72827,卖盘
10:08:36,104.07,0.05,27,280985,买盘
10:08:40,104.06,-0.01,2,20812,中性盘
10:08:43,104.03,-0.03,1,10403,卖盘
10:08:46,104.07,0.04,3,31217,买盘
10:08:52,104.03,-0.04,16,166464,卖盘
10:08:55,104.03,0.0,1,10403,买盘
10:08:58,104.02,-0.01,11,114423,卖盘
10:09:01,104.03,0.01,162,1685011,买盘
10:09:04,104.02,-0.01,22,228772,买盘
10:09:07,104.01,-0.01,46,478276,买盘
10:09:10,104.01,0.0,1,10401,买盘
10:09:13,103.93,-0.08,1,10393,卖盘
10:09:19,104.01,0.08,2,20802,买盘
10:09:22,103.99,-0.02,1,10399,买盘
10:09:25,103.95,-0.04,22,228637,卖盘
10:09:28,103.95,0.0,1,10395,买盘
10:09:30,103.95,0.0,13,135135,买盘
10:09:37,103.99,0.04,1,10399,买盘
10:09:40,103.99,0.0,1,10399,买盘
10:09:43,103.99,0.0,3,31197,买盘
10:09:46,103.95,-0.04,2,20790,卖盘
10:09:52,103.99,0.04,2,20795,买盘
10:09:58,103.96,-0.03,16,166336,买盘
10:10:01,103.99,0.03,5,51983,买盘
10:10:05,103.96,-0.03,2,20791,中性盘
10:10:07,103.95,-0.01,52,540557,卖盘
10:10:10,103.99,0.04,1,10399,买盘
10:10:13,104.0,0.01,12,124796,买盘
10:10:16,103.99,-0.01,4,41596,中性盘
10:10:21,104.02,0.03,34,353617,买盘
10:10:25,103.99,-0.03,12,124794,卖盘
10:10:28,103.99,0.0,25,259978,卖盘
10:10:31,103.99,0.0,1,10399,买盘
10:10:37,103.99,0.0,3,31197,买盘
10:10:40,103.97,-0.02,10,103972,卖盘
10:10:43,103.99,0.02,8,83178,买盘
10:10:46,103.99,0.0,18,187179,买盘
10:10:49,103.99,0.0,6,62397,卖盘
10:10:55,103.99,0.0,10,103991,卖盘
10:10:58,104.0,0.01,9,93611,卖盘
10:11:01,104.02,0.02,4,41608,卖盘
10:11:05,104.07,0.05,5,52034,买盘
10:11:07,104.07,0.0,5,52032,买盘
10:11:10,104.06,-0.01,3,31218,买盘
10:11:13,104.05,-0.01,1,10405,卖盘
10:11:16,104.08,0.03,8,83257,买盘
10:11:19,104.05,-0.03,18,187304,卖盘
10:11:22,103.97,-0.08,28,291197,卖盘
10:11:25,104.0,0.03,4,41607,中性盘
10:11:28,104.08,0.08,17,176879,买盘
10:11:34,103.99,-0.09,15,156053,卖盘
10:11:37,104.07,0.08,1,10407,中性盘
10:11:40,104.06,-0.01,6,61398,卖盘
10:11:43,104.08,0.02,11,114481,买盘
10:11:46,104.07,-0.01,4,41628,中性盘
10:11:49,104.08,0.01,6,62445,买盘
10:11:52,104.08,0.0,5,52037,买盘
10:11:55,104.08,0.0,12,124886,买盘
10:11:58,104.07,-0.01,2,20815,卖盘
10:12:01,104.08,0.01,11,114488,买盘
10:12:04,104.08,0.0,5,52039,买盘
10:12:07,104.08,0.0,1,10408,买盘
10:12:10,104.07,-0.01,6,62445,卖盘
10:12:13,104.08,0.01,84,874235,买盘
10:12:16,104.1,0.02,34,353860,买盘
10:12:22,104.15,0.05,2,20828,买盘
10:12:25,104.13,-0.02,13,135371,卖盘
10:12:28,104.16,0.03,2,20831,买盘
10:12:31,104.16,0.0,1,10416,中性盘
10:12:37,104.19,0.03,1,10419,买盘
10:12:40,104.25,0.06,157,1636436,买盘
10:12:43,104.2,-0.05,1,10420,中性盘
10:12:46,104.25,0.05,1,10425,买盘
10:12:49,104.2,-0.05,2,20840,中性盘
10:12:52,104.25,0.05,4,41695,买盘
10:12:55,104.25,0.0,13,135475,买盘
10:12:58,104.28,0.03,10,104235,买盘
10:13:01,104.25,-0.03,6,62540,中性盘
10:13:05,104.29,0.04,1,10429,买盘
10:13:07,104.3,0.01,6,62579,买盘
10:13:10,104.29,-0.01,2,20858,卖盘
10:13:12,104.3,0.01,5,52150,买盘
10:13:16,104.3,0.0,3,31289,买盘
10:13:19,104.3,0.0,2,20860,卖盘
10:13:22,104.3,0.0,2,20860,买盘
10:13:25,104.29,-0.01,16,166867,卖盘
10:13:28,104.3,0.01,2,20860,买盘
10:13:31,104.29,-0.01,4,41716,买盘
10:13:34,104.29,0.0,4,41714,买盘
10:13:36,104.25,-0.04,10,104282,卖盘
10:13:40,104.28,0.03,2,20853,中性盘
10:13:43,104.25,-0.03,15,156421,卖盘
10:13:46,104.29,0.04,2,20858,买盘
10:13:49,104.29,0.0,2,20854,买盘
10:13:55,104.29,0.0,8,83433,卖盘
10:13:58,104.35,0.06,58,605101,买盘
10:14:01,104.29,-0.06,5,52145,中性盘
10:14:04,104.31,0.02,2,20862,中性盘
10:14:07,104.35,0.04,3,31297,买盘
10:14:13,104.35,0.0,7,73037,买盘
10:14:16,104.34,-0.01,1,10434,买盘
10:14:19,104.35,0.01,19,198263,买盘
10:14:22,104.35,0.0,2,20870,卖盘
10:14:28,104.35,0.0,10,104350,卖盘
10:14:30,104.35,0.0,2,20870,卖盘
10:14:34,104.34,-0.01,32,333901,卖盘
10:14:37,104.36,0.02,16,166947,买盘
10:14:43,104.3,-0.06,3,31290,卖盘
10:14:46,104.29,-0.01,11,114728,卖盘
10:14:49,104.29,0.0,7,73009,卖盘
10:14:52,104.36,0.07,2,20872,买盘
10:14:54,104.25,-0.11,5,52139,卖盘
10:14:58,104.29,0.04,2,20858,买盘
10:15:07,104.3,0.01,18,187730,买盘
10:15:10,104.31,0.01,9,93879,卖盘
10:15:19,104.5,0.19,125,1305960,买盘
10:15:21,104.32,-0.18,1,10432,卖盘
10:15:25,104.39,0.07,2,20885,卖盘
10:15:31,104.39,0.0,2,20878,买盘
10:15:34,104.32,-0.07,2,20864,卖盘
10:15:37,104.32,0.0,15,156494,卖盘
10:15:40,104.31,-0.01,15,156466,卖盘
10:15:43,104.32,0.01,7,73019,买盘
10:15:46,104.32,0.0,4,41726,买盘
10:15:49,104.32,0.0,2,20864,买盘
10:15:52,104.31,-0.01,82,855423,卖盘
10:15:55,104.32,0.01,12,125174,买盘
10:15:58,104.31,-0.01,4,41726,卖盘
10:16:04,104.32,0.01,8,83454,买盘
10:16:07,104.31,-0.01,19,198198,卖盘
10:16:10,104.3,-0.01,16,166893,卖盘
10:16:12,104.29,-0.01,56,584023,卖盘
10:16:16,104.29,0.0,10,104272,买盘
10:16:22,104.2,-0.09,15,156336,卖盘
10:16:25,104.19,-0.01,2,20838,卖盘
10:16:28,104.15,-0.04,3,31245,卖盘
10:16:34,104.16,0.01,1,10416,中性盘
10:16:37,104.16,0.0,7,72910,中性盘
10:16:40,104.14,-0.02,17,177062,卖盘
10:16:43,104.15,0.01,105,1094663,中性盘
10:16:46,104.14,-0.01,7,72898,卖盘
10:16:49,104.14,0.0,30,312421,卖盘
10:16:52,104.14,0.0,5,52071,卖盘
10:16:55,104.15,0.01,2,20830,买盘
10:16:58,104.15,0.0,13,135383,买盘
10:17:01,104.11,-0.04,4,41644,卖盘
10:17:04,104.14,0.03,1,10414,买盘
10:17:07,104.14,0.0,12,124930,中性盘
10:17:13,104.19,0.05,4,41661,买盘
10:17:16,104.1,-0.09,2,20822,卖盘
10:17:19,104.12,0.02,23,239465,买盘
10:17:22,104.11,-0.01,9,93693,卖盘
10:17:25,104.11,0.0,7,72877,中性盘
10:17:28,104.11,0.0,13,135343,卖盘
10:17:31,104.11,0.0,1,10411,卖盘
10:17:36,104.11,0.0,67,697561,卖盘
10:17:40,104.11,0.0,4,41644,卖盘
10:17:43,104.11,0.0,2,20822,卖盘
10:17:46,104.12,0.01,11,114532,买盘
10:17:52,104.12,0.0,1,10412,买盘
10:17:58,104.12,0.0,13,135346,买盘
10:18:01,104.11,-0.01,8,83289,卖盘
10:18:07,104.12,0.01,1,10412,买盘
10:18:09,104.11,-0.01,2,20822,卖盘
10:18:22,104.12,0.01,8,83299,卖盘
10:18:28,104.13,0.01,13,135349,买盘
10:18:31,104.29,0.16,10,104226,买盘
10:18:34,104.13,-0.16,1,10413,卖盘
10:18:37,104.29,0.16,1,10429,买盘
10:18:49,104.12,-0.17,7,72885,卖盘
10:18:52,104.29,0.17,1,10429,买盘
10:18:55,104.12,-0.17,1,10412,卖盘
10:18:58,104.12,0.0,10,104120,卖盘
10:19:01,104.13,0.01,1,10413,卖盘
10:19:07,104.29,0.16,3,31287,买盘
10:19:16,104.29,0.0,1,10429,买盘
10:19:22,104.29,0.0,1,10429,买盘
10:19:25,104.13,-0.16,2,20826,卖盘
10:19:28,104.13,0.0,16,166608,卖盘
10:19:30,104.12,-0.01,10,104120,卖盘
10:19:34,104.11,-0.01,77,801724,卖盘
10:19:37,104.1,-0.01,124,1290865,卖盘
10:19:40,104.1,0.0,5,52050,卖盘
10:19:43,104.03,-0.07,74,770244,卖盘
10:19:46,104.0,-0.03,64,665613,买盘
10:19:49,103.98,-0.02,36,374403,卖盘
10:19:52,103.95,-0.03,105,1092625,买盘
10:19:57,103.92,-0.03,48,498827,卖盘
10:20:05,103.93,0.01,9,93521,买盘
10:20:07,103.93,0.0,3,31179,买盘
10:20:10,103.93,0.0,4,41572,买盘
10:20:16,103.93,0.0,3,31179,买盘
10:20:19,103.93,0.0,11,114318,买盘
10:20:25,103.93,0.0,1,10393,卖盘
10:20:28,103.93,0.0,10,103930,卖盘
10:20:31,103.93,0.0,4,41572,卖盘
10:20:34,103.93,0.0,2,20787,卖盘
10:20:37,104.0,0.07,1,10400,买盘
10:20:40,103.93,-0.07,16,166289,卖盘
10:20:43,103.94,0.01,2,20788,中性盘
10:20:46,104.02,0.08,15,156002,买盘
10:20:52,104.08,0.06,1,10408,买盘
10:20:55,104.0,-0.08,3,31200,卖盘
10:20:58,104.02,0.02,15,156066,卖盘
10:21:01,104.02,0.0,1,10402,卖盘
10:21:07,104.0,-0.02,12,124829,卖盘
10:21:10,104.0,0.0,39,405602,卖盘
10:21:12,104.0,0.0,17,176846,卖盘
10:21:19,104.0,0.0,2,20800,卖盘
10:21:22,104.0,0.0,17,176834,卖盘
10:21:25,104.0,0.0,13,135200,卖盘
10:21:28,104.0,0.0,64,665600,卖盘
10:21:31,103.95,-0.05,96,998216,卖盘
10:21:34,104.0,0.05,148,1538460,买盘
10:21:37,104.0,0.0,3,31200,买盘
10:21:40,104.0,0.0,7,72800,买盘
10:21:43,104.0,0.0,3,31200,卖盘
10:21:52,104.0,0.0,12,124740,买盘
10:21:55,104.0,0.0,2,20800,卖盘
10:21:57,104.0,0.0,2,20800,卖盘
10:22:04,104.0,0.0,6,62395,买盘
10:22:07,104.0,0.0,2,20800,买盘
10:22:10,103.97,-0.03,1,10397,卖盘
10:22:13,104.0,0.03,6,62381,买盘
10:22:16,103.95,-0.05,1,10395,买盘
10:22:19,103.94,-0.01,1,10394,卖盘
10:22:22,103.94,0.0,6,62359,买盘
10:22:28,103.93,-0.01,3,31179,卖盘
10:22:34,103.92,-0.01,28,290976,卖盘
10:22:37,103.92,0.0,420,4363913,买盘
10:22:39,103.93,0.01,5,51962,买盘
10:22:43,103.88,-0.05,1,10388,卖盘
10:22:49,103.88,0.0,5,51940,卖盘
10:22:52,103.92,0.04,1,10392,买盘
10:22:55,103.88,-0.04,10,103880,卖盘
10:22:58,103.88,0.0,23,238929,卖盘
10:23:01,103.88,0.0,12,124656,卖盘
10:23:04,103.92,0.04,2,20784,买盘
10:23:07,103.88,-0.04,6,62332,卖盘
10:23:10,103.9,0.02,6,62340,中性盘
10:23:13,103.88,-0.02,11,114272,卖盘
10:23:19,103.88,0.0,34,353223,卖盘
10:23:22,103.88,0.0,10,103891,卖盘
10:23:25,103.9,0.02,4,41556,买盘
10:23:28,103.9,0.0,27,280530,卖盘
10:23:31,103.92,0.02,8,83128,买盘
10:23:34,103.88,-0.04,1,10388,卖盘
10:23:37,103.9,0.02,8,83134,中性盘
10:23:43,103.89,-0.01,5,51949,卖盘
10:23:46,103.89,0.0,11,114279,卖盘
10:23:49,103.88,-0.01,9,93508,卖盘
10:23:52,103.88,0.0,5,51944,卖盘
10:23:55,103.9,0.02,9,93498,中性盘
10:23:57,103.89,-0.01,1,10389,卖盘
10:24:01,103.9,0.01,57,592139,买盘
10:24:04,103.9,0.0,2,20778,买盘
10:24:07,103.9,0.0,2,20780,买盘
10:24:10,103.89,-0.01,1,10389,买盘
10:24:16,103.9,0.01,50,519423,买盘
10:24:22,103.9,0.0,4,41557,买盘
10:24:24,103.88,-0.02,64,664833,卖盘
10:24:28,103.86,-0.02,104,1078021,卖盘
10:24:30,103.85,-0.01,152,1578513,卖盘
10:24:34,103.84,-0.01,3,31151,中性盘
10:24:37,103.84,0.0,137,1422337,买盘
10:24:40,103.81,-0.03,29,301053,卖盘
10:24:43,103.85,0.04,313,3249537,买盘
10:24:46,103.8,-0.05,11,114180,卖盘
10:24:48,103.8,0.0,8,83041,卖盘
10:24:52,103.83,0.03,14,145326,买盘
10:24:55,103.83,0.0,4,41538,卖盘
10:24:58,103.82,-0.01,7,72680,卖盘
10:25:01,103.82,0.0,3,31146,卖盘
10:25:05,103.79,-0.03,10,103800,卖盘
10:25:07,103.78,-0.01,20,207562,卖盘
10:25:10,103.77,-0.01,12,124527,卖盘
10:25:13,103.75,-0.02,15,155629,卖盘
10:25:16,103.72,-0.03,8,82998,卖盘
10:25:19,103.72,0.0,9,93350,卖盘
10:25:22,103.7,-0.02,15,155561,卖盘
10:25:25,103.73,0.03,21,217821,买盘
10:25:28,103.73,0.0,11,114104,卖盘
10:25:31,103.72,-0.01,29,300809,卖盘
10:25:34,103.74,0.02,2,20748,卖盘
10:25:37,103.72,-0.02,13,134845,卖盘
10:25:40,103.7,-0.02,263,2727414,卖盘
10:25:43,103.72,0.02,24,248883,买盘
10:25:46,103.73,0.01,1,10373,买盘
10:25:49,103.73,0.0,16,165952,买盘
10:25:52,103.7,-0.03,7,72595,卖盘
10:25:55,103.72,0.02,1,10372,买盘
10:25:58,103.71,-0.01,1,10371,卖盘
10:26:01,103.71,0.0,3,31113,买盘
10:26:05,103.7,-0.01,72,746641,卖盘
10:26:07,103.71,0.01,89,922933,买盘
10:26:09,103.7,-0.01,17,176297,卖盘
10:26:13,103.71,0.01,6,62225,买盘
10:26:16,103.7,-0.01,7,72590,卖盘
10:26:19,103.71,0.01,11,114072,买盘
10:26:25,103.69,-0.02,6,62217,卖盘
10:26:28,103.7,0.01,7,72594,买盘
10:26:31,103.69,-0.01,10,103691,卖盘
10:26:34,103.69,0.0,10,103696,卖盘
10:26:37,103.71,0.02,13,134817,买盘
10:26:40,103.71,0.0,7,72597,卖盘
10:26:43,103.71,0.0,2,20742,卖盘
10:26:46,103.71,0.0,3,31113,卖盘
10:26:49,103.71,0.0,20,207420,卖盘
10:26:51,103.71,0.0,14,145197,卖盘
10:26:55,103.71,0.0,4,41484,卖盘
10:26:58,103.72,0.01,12,124464,买盘
10:27:00,103.71,-0.01,22,228170,卖盘
10:27:04,103.71,0.0,5,51857,卖盘
10:27:07,103.72,0.01,11,114086,买盘
10:27:10,103.72,0.0,1,10372,卖盘
10:27:13,103.72,0.0,1,10372,中性盘
10:27:16,103.73,0.01,5,51864,买盘
10:27:19,103.73,0.0,26,269694,买盘
10:27:22,103.73,0.0,1,10373,卖盘
10:27:25,103.73,0.0,5,51865,卖盘
10:27:28,103.73,0.0,5,51865,卖盘
10:27:31,103.8,0.07,11,114110,买盘
10:27:37,103.74,-0.06,11,114162,中性盘
10:27:40,103.74,0.0,3,31134,卖盘
10:27:43,103.75,0.01,3,31130,卖盘
10:27:46,103.79,0.04,13,134929,中性盘
10:27:49,103.8,0.01,10,103800,买盘
10:27:51,103.8,0.0,4,41520,买盘
10:27:58,103.8,0.0,1,10380,卖盘
10:28:01,103.81,0.01,12,124562,买盘
10:28:07,103.75,-0.06,45,466936,卖盘
10:28:09,103.81,0.06,2,20762,中性盘
10:28:15,103.83,0.02,13,134979,买盘
10:28:22,103.83,0.0,9,93455,卖盘
10:28:25,103.83,0.0,4,41534,卖盘
10:28:28,103.83,0.0,73,757955,卖盘
10:28:31,103.79,-0.04,4,41528,卖盘
10:28:37,103.83,0.04,5,51911,买盘
10:28:39,103.76,-0.07,15,155717,卖盘
10:28:43,103.76,0.0,4,41508,卖盘
10:28:46,103.76,0.0,1,10376,买盘
10:28:49,103.75,-0.01,19,197130,卖盘
10:28:52,103.74,-0.01,8,82992,卖盘
10:28:55,103.74,0.0,29,300819,买盘
10:28:58,103.72,-0.02,30,311188,卖盘
10:29:01,103.72,0.0,3,31116,卖盘
10:29:05,103.72,0.0,16,165952,卖盘
10:29:07,103.73,0.01,9,93351,买盘
10:29:10,103.73,0.0,6,62234,买盘
10:29:13,103.72,-0.01,3,31116,中性盘
10:29:16,103.73,0.01,7,72609,买盘
10:29:19,103.72,-0.01,15,155582,卖盘
10:29:22,103.72,0.0,1,10372,买盘
10:29:25,103.71,-0.01,4,41487,卖盘
10:29:27,103.72,0.01,5,51858,买盘
10:29:34,103.71,-0.01,40,414840,卖盘
10:29:36,103.71,0.0,7,72597,买盘
10:29:40,103.71,0.0,17,176291,买盘
10:29:43,103.72,0.01,5,51856,买盘
10:29:46,103.72,0.0,1,10372,买盘
10:29:49,103.72,0.0,18,186692,买盘
10:29:52,103.71,-0.01,66,684491,卖盘
10:29:55,103.71,0.0,14,145194,买盘
10:29:58,103.71,0.0,11,114075,买盘
10:30:01,103.7,-0.01,6,62220,卖盘
10:30:04,103.71,0.01,12,124450,买盘
10:30:07,103.7,-0.01,129,1337812,卖盘
10:30:09,103.7,0.0,12,124440,卖盘
10:30:13,103.7,0.0,9,93329,买盘
10:30:19,103.69,-0.01,14,145169,卖盘
10:30:22,103.7,0.01,29,300730,买盘
10:30:25,103.7,0.0,1,10370,卖盘
10:30:28,103.71,0.01,3,31111,买盘
10:30:31,103.71,0.0,1,10371,买盘
10:30:34,103.71,0.0,44,456297,买盘
10:30:36,103.71,0.0,1,10371,卖盘
10:30:40,103.71,0.0,5,51855,卖盘
10:30:42,103.71,0.0,8,82968,卖盘
10:30:46,103.71,0.0,2,20742,卖盘
10:30:49,103.71,0.0,10,103711,卖盘
10:30:52,103.74,0.03,1,10374,买盘
10:30:58,103.71,-0.03,19,197050,卖盘
10:31:01,103.74,0.03,2,20748,买盘
10:31:04,103.74,0.0,17,176315,买盘
10:31:07,103.71,-0.03,10,103733,卖盘
10:31:13,103.74,0.03,3,31122,买盘
10:31:15,103.69,-0.05,122,1265084,卖盘
10:31:19,103.69,0.0,44,456236,买盘
10:31:22,103.68,-0.01,9,93325,卖盘
10:31:25,103.69,0.01,36,368068,中性盘
10:31:31,103.69,0.0,1,10369,卖盘
10:31:34,103.7,0.01,3,31116,中性盘
10:31:37,103.73,0.03,16,165960,买盘
10:31:40,103.73,0.0,25,259273,买盘
10:31:43,103.75,0.02,31,321619,买盘
10:31:46,103.75,0.0,2,20750,买盘
10:31:49,103.78,0.03,8,82996,买盘
10:31:52,103.78,0.0,14,145292,买盘
10:31:55,103.78,0.0,3,31134,买盘
10:31:58,103.8,0.02,3,31140,买盘
10:32:01,103.8,0.0,3,31140,卖盘
10:32:05,103.82,0.02,1,10382,中性盘
10:32:07,103.83,0.01,8,83043,买盘
10:32:10,103.8,-0.03,14,145326,中性盘
10:32:16,103.83,0.03,93,965619,买盘
10:32:19,103.83,0.0,34,353022,买盘
10:32:21,103.83,0.0,194,2014302,买盘
10:32:25,103.8,-0.03,119,1235241,卖盘
10:32:28,103.8,0.0,55,570900,买盘
10:32:31,103.78,-0.02,9,93414,卖盘
10:32:34,103.78,0.0,1,10378,买盘
10:32:37,103.78,0.0,1,10378,买盘
10:32:40,103.78,0.0,6,62260,买盘
10:32:43,103.74,-0.04,1,10374,卖盘
10:32:49,103.74,0.0,2,20748,中性盘
10:32:52,103.78,0.04,1,10378,买盘
10:32:55,103.74,-0.04,1,10374,卖盘
10:33:01,103.76,0.02,1,10376,买盘
10:33:07,103.76,0.0,2,20752,买盘
10:33:18,103.76,0.0,14,145266,卖盘
10:33:22,103.76,0.0,5,51886,卖盘
10:33:24,103.75,-0.01,1,10375,卖盘
10:33:28,103.76,0.01,6,62260,卖盘
10:33:31,103.75,-0.01,17,176383,卖盘
10:33:34,103.76,0.01,1,10376,中性盘
10:33:37,103.78,0.02,6,62268,买盘
10:33:40,103.77,-0.01,2,20754,买盘
10:33:42,103.77,0.0,4,41508,买盘
10:33:46,103.75,-0.02,9,93375,卖盘
10:33:49,103.75,0.0,14,145241,卖盘
10:33:52,103.75,0.0,4,41500,买盘
10:33:55,103.74,-0.01,11,114120,卖盘
10:33:58,103.73,-0.01,6,62238,卖盘
10:34:04,103.75,0.02,10,103750,卖盘
10:34:07,103.77,0.02,2,20754,买盘
10:34:10,103.77,0.0,2,20752,买盘
10:34:13,103.75,-0.02,12,124500,卖盘
10:34:16,103.77,0.02,10,103770,买盘
10:34:19,103.75,-0.02,1,10375,卖盘
10:34:22,103.77,0.02,7,72637,买盘
10:34:24,103.75,-0.02,8,83008,卖盘
10:34:28,103.75,0.0,6,62253,卖盘
10:34:34,103.78,0.03,65,674378,买盘
10:34:37,103.78,0.0,9,93380,买盘
10:34:40,103.78,0.0,7,72643,买盘
10:34:43,103.75,-0.03,3,31128,卖盘
10:34:49,103.75,0.0,13,134876,卖盘
10:34:51,103.74,-0.01,17,176364,卖盘
10:34:55,103.74,0.0,3,31122,买盘
10:34:58,103.73,-0.01,4,41492,卖盘
10:35:04,103.74,0.01,1,10374,买盘
10:35:07,103.75,0.01,84,871484,买盘
10:35:09,103.74,-0.01,1,10374,卖盘
10:35:13,103.75,0.01,2,20750,买盘
10:35:16,103.74,-0.01,10,103740,卖盘
10:35:21,103.75,0.01,3,31125,买盘
10:35:25,103.74,-0.01,3,31124,卖盘
10:35:28,103.75,0.01,7,72622,买盘
10:35:30,103.74,-0.01,2,20748,卖盘
10:35:34,103.75,0.01,14,145248,买盘
10:35:37,103.75,0.0,6,62245,买盘
10:35:40,103.74,-0.01,16,165984,卖盘
10:35:43,103.74,0.0,4,41496,买盘
10:35:49,103.74,0.0,6,62244,买盘
10:35:52,103.74,0.0,10,103738,买盘
10:35:58,103.73,-0.01,92,954319,卖盘
10:36:00,103.73,0.0,15,155595,买盘
10:36:04,103.75,0.02,1,10375,买盘
10:36:07,103.75,0.0,2,20750,买盘
10:36:10,103.75,0.0,1,10375,买盘
10:36:13,103.77,0.02,21,217887,买盘
10:36:15,103.77,0.0,2,20752,买盘
10:36:19,103.75,-0.02,2,20750,卖盘
10:36:22,103.78,0.03,1,10378,买盘
10:36:24,103.8,0.02,121,1255922,买盘
10:36:28,103.78,-0.02,8,83024,买盘
10:36:31,103.78,0.0,3,31134,卖盘
10:36:34,103.8,0.02,2,20760,买盘
10:36:40,103.82,0.02,1,10382,中性盘
10:36:43,103.8,-0.02,1,10380,卖盘
10:36:46,103.83,0.03,211,2190679,买盘
10:36:52,103.88,0.05,1,10388,买盘
10:36:55,103.82,-0.06,3,31147,卖盘
10:37:01,103.78,-0.04,15,155672,卖盘
10:37:04,103.82,0.04,2,20770,中性盘
10:37:07,103.88,0.06,1,10388,买盘
10:37:10,103.88,0.0,7,72701,买盘
10:37:12,103.85,-0.03,14,145400,卖盘
10:37:16,103.88,0.03,8,83086,买盘
10:37:19,103.88,0.0,6,62328,买盘
10:37:22,103.88,0.0,3,31158,买盘
10:37:25,103.86,-0.02,4,41550,中性盘
10:37:28,103.88,0.02,17,176576,买盘
10:37:31,103.88,0.0,1,10388,卖盘
10:37:37,103.9,0.02,14,145460,买盘
10:37:40,103.9,0.0,8,83120,卖盘
10:37:46,103.94,0.04,10,103940,买盘
10:37:49,103.92,-0.02,2,20784,买盘
10:37:52,103.92,0.0,1,10392,买盘
10:37:55,103.92,0.0,1,10392,买盘
10:37:58,103.91,-0.01,3,31174,卖盘
10:38:01,103.92,0.01,3,31176,买盘
10:38:04,103.91,-0.01,22,228615,卖盘
10:38:10,103.92,0.01,13,135096,卖盘
10:38:13,103.92,0.0,3,31176,中性盘
10:38:22,103.92,0.0,35,363776,卖盘
10:38:31,103.95,0.03,1,10395,买盘
10:38:34,103.93,-0.02,7,72751,卖盘
10:38:37,103.93,0.0,12,124716,卖盘
10:38:40,103.94,0.01,4,41578,中性盘
10:38:46,103.92,-0.02,4,41570,卖盘
10:38:48,103.93,0.01,10,103930,中性盘
10:38:52,103.94,0.01,1,10394,买盘
10:38:55,103.94,0.0,2,20788,买盘
10:38:58,103.93,-0.01,1,10393,卖盘
10:39:01,103.93,0.0,4,41575,卖盘
10:39:07,103.94,0.01,1,10394,买盘
10:39:10,103.94,0.0,1,10394,买盘
10:39:13,103.93,-0.01,18,187074,卖盘
10:39:16,103.91,-0.02,100,1039197,卖盘
10:39:18,103.91,0.0,3,31173,卖盘
10:39:22,103.91,0.0,1,10391,买盘
10:39:25,103.9,-0.01,5,51951,卖盘
10:39:28,103.91,0.01,8,83128,买盘
10:39:31,103.91,0.0,1,10391,卖盘
10:39:34,103.91,0.0,35,367327,卖盘
10:39:37,103.92,0.01,1,10392,买盘
10:39:40,103.91,-0.01,9,89882,卖盘
10:39:43,103.91,0.0,9,97156,买盘
10:39:49,103.91,0.0,3,31173,卖盘
10:39:52,103.91,0.0,12,121055,卖盘
10:40:07,103.91,0.0,2,20782,买盘
10:40:10,103.9,-0.01,5,51950,卖盘
10:40:16,103.89,-0.01,2,20778,卖盘
10:40:19,103.9,0.01,1,10390,买盘
10:40:22,103.9,0.0,1,10390,买盘
10:40:24,103.88,-0.02,31,322030,卖盘
10:40:28,103.88,0.0,4,41552,卖盘
10:40:31,103.85,-0.03,14,145429,卖盘
10:40:37,103.88,0.03,2,20776,买盘
10:40:40,103.85,-0.03,4,41540,卖盘
10:40:46,103.88,0.03,4,41552,买盘
10:40:49,103.85,-0.03,5,51925,买盘
10:40:55,103.82,-0.03,4,41534,卖盘
10:40:58,103.88,0.06,13,135038,买盘
10:41:04,103.82,-0.06,6,62295,卖盘
10:41:07,103.85,0.03,10,103821,买盘
10:41:10,103.8,-0.05,34,361557,卖盘
10:41:19,103.81,0.01,3,31143,买盘
10:41:22,103.81,0.0,6,62286,买盘
10:41:25,103.81,0.0,10,103803,买盘
10:41:28,103.81,0.0,12,124567,买盘
10:41:36,103.85,0.04,1,10385,买盘
10:41:40,103.85,0.0,25,259546,买盘
10:41:43,103.85,0.0,16,166116,卖盘
10:41:46,103.85,0.0,3,31151,买盘
10:41:52,103.85,0.0,3,31155,买盘
10:41:55,103.85,0.0,1,10385,买盘
10:41:58,103.85,0.0,1,10385,买盘
10:42:01,103.82,-0.03,3,31146,卖盘
10:42:07,103.82,0.0,3,31144,买盘
10:42:10,103.78,-0.04,32,332159,卖盘
10:42:13,103.78,0.0,13,126321,卖盘
10:42:16,103.78,0.0,13,143516,买盘
10:42:19,103.78,0.0,6,53654,卖盘
10:42:22,103.76,-0.02,11,114136,卖盘
10:42:25,103.75,-0.01,21,217905,卖盘
10:42:28,103.75,0.0,2,20751,卖盘
10:42:31,103.75,0.0,4,41499,卖盘
10:42:34,103.73,-0.02,15,155613,卖盘
10:42:37,103.75,0.02,1,10375,买盘
10:42:40,103.74,-0.01,11,114124,卖盘
10:42:43,103.75,0.01,18,186747,买盘
10:42:46,103.75,0.0,13,134875,卖盘
10:42:49,103.76,0.01,7,72632,买盘
10:42:52,103.77,0.01,1,10377,买盘
10:42:55,103.76,-0.01,3,31128,卖盘
10:42:58,103.77,0.01,15,155641,买盘
10:43:01,103.76,-0.01,7,72632,卖盘
10:43:04,103.77,0.01,45,466884,买盘
10:43:07,103.77,0.0,1,10377,买盘
10:43:10,103.77,0.0,61,632888,买盘
10:43:16,103.82,0.05,40,415207,买盘
10:43:22,103.82,0.0,1,10382,买盘
10:43:25,103.77,-0.05,3,31131,卖盘
10:43:31,103.77,0.0,7,72639,卖盘
10:43:34,103.77,0.0,3,31131,买盘
10:43:37,103.76,-0.01,12,124520,卖盘
10:43:40,103.75,-0.01,29,300885,卖盘
10:43:42,103.75,0.0,4,41503,卖盘
10:43:45,103.75,0.0,48,498000,卖盘
10:43:49,103.77,0.02,25,259424,买盘
10:43:52,103.81,0.04,2,20762,买盘
10:43:54,103.77,-0.04,3,31131,卖盘
10:44:00,103.77,0.0,2,20758,卖盘
10:44:07,103.82,0.05,7,72660,买盘
10:44:13,103.82,0.0,1,10382,买盘
10:44:16,103.81,-0.01,2,20762,卖盘
10:44:18,103.77,-0.04,7,72655,卖盘
10:44:22,103.81,0.04,1,10381,买盘
10:44:25,103.77,-0.04,7,72659,卖盘
10:44:28,103.81,0.04,12,124559,中性盘
10:44:31,103.81,0.0,2,20762,买盘
10:44:33,103.81,0.0,2,20762,卖盘
10:44:37,103.82,0.01,2,20764,买盘
10:44:39,103.82,0.0,9,93432,买盘
10:44:43,103.82,0.0,91,944762,买盘
10:44:46,103.82,0.0,1,10382,买盘
10:44:48,103.81,-0.01,3,31145,中性盘
10:44:52,103.82,0.01,2,20764,买盘
10:44:55,103.82,0.0,12,124576,买盘
10:44:57,103.82,0.0,1,10382,买盘
10:45:01,103.8,-0.02,12,124576,中性盘
10:45:06,103.8,0.0,1,10380,买盘
10:45:13,103.78,-0.02,21,217984,卖盘
10:45:16,103.82,0.04,5,51910,买盘
10:45:19,103.81,-0.01,2,20762,卖盘
10:45:22,103.81,0.0,9,93429,买盘
10:45:28,103.78,-0.03,5,51892,卖盘
10:45:31,103.8,0.02,1,10380,中性盘
10:45:34,103.81,0.01,6,62283,买盘
10:45:37,103.8,-0.01,1,10380,买盘
10:45:40,103.8,0.0,3,31140,买盘
10:45:43,103.8,0.0,1,10380,买盘
10:45:46,103.77,-0.03,71,736807,卖盘
10:45:51,103.77,0.0,3,31131,买盘
10:45:55,103.77,0.0,8,83016,买盘
10:45:58,103.77,0.0,2,20754,买盘
10:46:04,103.77,0.0,16,166032,买盘
10:46:07,103.8,0.03,2,20757,买盘
10:46:13,103.8,0.0,1,10380,买盘
10:46:16,103.8,0.0,10,103800,买盘
10:46:18,103.8,0.0,1,10380,买盘
10:46:22,103.8,0.0,3,31140,买盘
10:46:25,103.8,0.0,15,155700,买盘
10:46:28,103.8,0.0,4,41517,买盘
10:46:31,103.78,-0.02,1,10378,卖盘
10:46:34,103.79,0.01,1,10379,买盘
10:46:37,103.79,0.0,1,10379,买盘
10:46:40,103.77,-0.02,45,466973,卖盘
10:46:43,103.76,-0.01,8,83015,卖盘
10:46:51,103.78,0.02,3,31132,买盘
10:46:55,103.77,-0.01,7,72634,卖盘
10:46:58,103.76,-0.01,3,31129,卖盘
10:47:01,103.78,0.02,3,31134,买盘
10:47:04,103.76,-0.02,19,197155,卖盘
10:47:07,103.78,0.02,6,62268,买盘
10:47:10,103.78,0.0,4,41512,买盘
10:47:16,103.78,0.0,7,72635,买盘
10:47:19,103.76,-0.02,21,217898,卖盘
10:47:22,103.76,0.0,19,197144,买盘
10:47:25,103.75,-0.01,11,114135,卖盘
10:47:28,103.76,0.01,17,176387,买盘
10:47:30,103.75,-0.01,1,10375,卖盘
10:47:34,103.76,0.01,1,10376,买盘
10:47:36,103.76,0.0,21,217876,买盘
10:47:40,103.76,0.0,9,93384,买盘
10:47:46,103.75,-0.01,3,31127,卖盘
10:47:49,103.76,0.01,1,10376,买盘
10:47:52,103.75,-0.01,17,176390,卖盘
10:47:55,103.76,0.01,1,10376,买盘
10:48:04,103.76,0.0,3,31128,卖盘
10:48:07,103.76,0.0,2,20752,卖盘
10:48:10,103.77,0.01,1,10377,买盘
10:48:13,103.77,0.0,6,62262,买盘
10:48:15,103.77,0.0,3,31131,买盘
10:48:19,103.76,-0.01,5,51882,卖盘
10:48:22,103.77,0.01,11,114144,买盘
10:48:25,103.77,0.0,4,41508,卖盘
10:48:28,103.77,0.0,2,20754,卖盘
10:48:31,103.77,0.0,5,51885,卖盘
10:48:34,103.76,-0.01,3,31128,卖盘
10:48:37,103.77,0.01,16,166032,买盘
10:48:40,103.77,0.0,2,20754,买盘
10:48:42,103.75,-0.02,22,228266,卖盘
10:48:46,103.77,0.02,3,31131,买盘
10:48:52,103.77,0.0,1,10377,买盘
10:48:57,103.76,-0.01,2,20752,卖盘
10:49:07,103.76,0.0,16,166027,卖盘
10:49:10,103.76,0.0,2,20753,卖盘
10:49:13,103.75,-0.01,25,259395,卖盘
10:49:16,103.76,0.01,1,10376,买盘
10:49:22,103.76,0.0,14,145254,买盘
10:49:28,103.75,-0.01,5,51875,卖盘
10:49:31,103.76,0.01,7,72632,买盘
10:49:37,103.76,0.0,7,72632,买盘
10:49:40,103.76,0.0,1,10376,买盘
10:49:46,103.75,-0.01,62,643251,卖盘
10:49:49,103.76,0.01,1,10376,买盘
10:49:52,103.76,0.0,61,632936,买盘
10:49:55,103.76,0.0,7,72632,买盘
10:50:01,103.76,0.0,3,31128,买盘
10:50:07,103.76,0.0,4,41504,买盘
10:50:10,103.75,-0.01,1,10375,卖盘
10:50:13,103.75,0.0,48,498001,卖盘
10:50:16,103.75,0.0,13,134877,买盘
10:50:18,103.75,0.0,3,31125,买盘
10:50:25,103.75,0.0,9,93375,买盘
10:50:31,103.76,0.01,3,31128,买盘
10:50:34,103.75,-0.01,1,10375,卖盘
10:50:37,103.76,0.01,3,31127,买盘
10:50:40,103.75,-0.01,50,518750,卖盘
10:50:43,103.76,0.01,20,207520,买盘
10:50:46,103.76,0.0,32,332031,买盘
10:50:48,103.76,0.0,4,41504,卖盘
10:50:52,103.76,0.0,4,41504,卖盘
10:50:55,103.76,0.0,6,62257,卖盘
10:50:58,103.77,0.01,3,31131,买盘
10:51:01,103.77,0.0,2,20754,买盘
10:51:04,103.76,-0.01,18,186776,卖盘
10:51:07,103.76,0.0,19,197155,卖盘
10:51:10,103.76,0.0,6,62257,卖盘
10:51:13,103.76,0.0,4,41506,卖盘
10:51:16,103.76,0.0,2,20752,卖盘
10:51:19,103.77,0.01,14,145268,买盘
10:51:21,103.76,-0.01,16,166022,卖盘
10:51:25,103.76,0.0,7,72633,卖盘
10:51:28,103.76,0.0,2,20752,买盘
10:51:31,103.76,0.0,6,62256,买盘
10:51:36,103.76,0.0,10,103760,买盘
10:51:40,103.76,0.0,8,83008,卖盘
10:51:46,103.76,0.0,2,20752,买盘
10:51:48,103.76,0.0,16,166009,买盘
10:51:55,103.76,0.0,6,62260,卖盘
10:51:58,103.76,0.0,6,62256,卖盘
10:52:01,103.76,0.0,1,10376,卖盘
10:52:05,103.78,0.02,14,145292,买盘
10:52:07,103.76,-0.02,5,51886,卖盘
10:52:10,103.78,0.02,13,134912,买盘
10:52:13,103.78,0.0,8,83024,卖盘
10:52:16,103.78,0.0,3,31134,卖盘
10:52:19,103.76,-0.02,35,363166,卖盘
10:52:25,103.78,0.02,1,10378,买盘
10:52:28,103.74,-0.04,64,664030,卖盘
10:52:31,103.74,0.0,6,62247,卖盘
10:52:34,103.73,-0.01,10,103738,卖盘
10:52:37,103.78,0.05,4,41502,买盘
10:52:40,103.73,-0.05,3,31121,卖盘
10:52:43,103.78,0.05,11,114142,买盘
10:52:45,103.76,-0.02,1,10376,卖盘
10:52:49,103.72,-0.04,71,736438,卖盘
10:52:52,103.76,0.04,3,31124,买盘
10:52:55,103.76,0.0,6,62248,买盘
10:52:58,103.74,-0.02,8,82992,卖盘
10:53:01,103.76,0.02,10,103761,买盘
10:53:04,103.75,-0.01,13,134886,卖盘
10:53:07,103.76,0.01,3,31127,买盘
10:53:13,103.73,-0.03,113,1172258,卖盘
10:53:15,103.72,-0.01,4,41492,卖盘
10:53:19,103.73,0.01,43,446001,中性盘
10:53:22,103.71,-0.02,3,31113,卖盘
10:53:25,103.73,0.02,9,93351,买盘
10:53:28,103.73,0.0,63,653499,卖盘
10:53:31,103.71,-0.02,86,891834,中性盘
10:53:34,103.69,-0.02,32,331868,卖盘
10:53:37,103.7,0.01,21,217752,买盘
10:53:40,103.68,-0.02,280,2902928,卖盘
10:53:43,103.67,-0.01,24,248716,买盘
10:53:45,103.63,-0.04,11,113993,卖盘
10:53:52,103.63,0.0,1,10363,卖盘
10:53:55,103.67,0.04,13,134731,买盘
10:53:58,103.63,-0.04,18,186543,卖盘
10:54:01,103.63,0.0,32,331616,卖盘
10:54:04,103.63,0.0,18,191706,卖盘
10:54:07,103.63,0.0,8,82892,买盘
10:54:10,103.63,0.0,17,176151,买盘
10:54:13,103.63,0.0,16,160626,买盘
10:54:15,103.61,-0.02,11,113988,卖盘
10:54:19,103.61,0.0,3,31088,卖盘
10:54:22,103.61,0.0,4,41447,卖盘
10:54:25,103.61,0.0,17,176155,卖盘
10:54:28,103.61,0.0,1,10361,卖盘
10:54:31,103.61,0.0,21,222762,卖盘
10:54:34,103.61,0.0,4,41443,买盘
10:54:37,103.6,-0.01,61,634992,卖盘
10:54:40,103.64,0.04,19,196845,买盘
10:54:43,103.6,-0.04,11,113962,卖盘
10:54:46,103.6,0.0,57,587502,卖盘
10:54:49,103.56,-0.04,28,290024,卖盘
10:54:52,103.58,0.02,5,51780,买盘
10:54:55,103.56,-0.02,8,82850,中性盘
10:54:58,103.54,-0.02,4,41417,卖盘
10:55:01,103.55,0.01,3,31066,中性盘
10:55:04,103.52,-0.03,20,207057,卖盘
10:55:07,103.52,0.0,11,113872,买盘
10:55:10,103.51,-0.01,10,103511,卖盘
10:55:13,103.52,0.01,26,269139,买盘
10:55:16,103.51,-0.01,14,144915,卖盘
10:55:19,103.51,0.0,4,41406,卖盘
10:55:22,103.52,0.01,12,124222,买盘
10:55:25,103.51,-0.01,37,382992,卖盘
10:55:28,103.5,-0.01,41,424356,卖盘
10:55:31,103.5,0.0,52,538210,卖盘
10:55:34,103.51,0.01,5,51754,买盘
10:55:37,103.51,0.0,23,238054,买盘
10:55:40,103.5,-0.01,21,217351,卖盘
10:55:43,103.5,0.0,167,1728450,卖盘
10:55:45,103.49,-0.01,9,93149,卖盘
10:55:49,103.49,0.0,13,134540,买盘
10:55:52,103.48,-0.01,4,41393,卖盘
10:55:55,103.49,0.01,7,72437,买盘
10:55:58,103.45,-0.04,15,155182,卖盘
10:56:04,103.41,-0.04,11,113753,卖盘
10:56:07,103.45,0.04,15,155136,买盘
10:56:10,103.42,-0.03,5,51708,中性盘
10:56:12,103.41,-0.01,8,82730,卖盘
10:56:16,103.41,0.0,4,41364,买盘
10:56:19,103.4,-0.01,9,93062,卖盘
10:56:22,103.41,0.01,4,41363,买盘
10:56:25,103.41,0.0,14,144771,买盘
10:56:28,103.4,-0.01,55,568711,卖盘
10:56:31,103.41,0.01,9,93069,买盘
10:56:34,103.42,0.01,16,165462,买盘
10:56:37,103.41,-0.01,4,41365,卖盘
10:56:40,103.4,-0.01,3,31021,卖盘
10:56:43,103.41,0.01,2,20682,买盘
10:56:46,103.42,0.01,15,155116,买盘
10:56:52,103.4,-0.02,127,1313196,卖盘
10:56:55,103.4,0.0,7,72380,买盘
10:56:58,103.4,0.0,12,124074,买盘
10:57:01,103.4,0.0,1,10340,买盘
10:57:05,103.4,0.0,18,186111,买盘
10:57:07,103.41,0.01,24,249815,买盘
10:57:10,103.4,-0.01,7,72385,卖盘
10:57:13,103.4,0.0,1,10340,卖盘
10:57:15,103.41,0.01,12,124094,买盘
10:57:19,103.41,0.0,12,124086,买盘
10:57:22,103.41,0.0,18,186133,买盘
10:57:25,103.42,0.01,9,93077,买盘
10:57:28,103.41,-0.01,8,82728,卖盘
10:57:31,103.45,0.04,2,20690,买盘
10:57:34,103.45,0.0,1,10345,买盘
10:57:37,103.45,0.0,6,62067,买盘
10:57:40,103.41,-0.04,12,124108,卖盘
10:57:43,103.48,0.07,3,31038,买盘
10:57:46,103.4,-0.08,62,641196,卖盘
10:57:49,103.49,0.09,1,10349,买盘
10:57:52,103.49,0.0,1,10349,买盘
10:57:55,103.5,0.01,7,72449,买盘
10:57:58,103.5,0.0,3,31048,买盘
10:58:01,103.49,-0.01,1,10349,卖盘
10:58:07,103.5,0.01,4,41400,买盘
10:58:09,103.5,0.0,3,31050,买盘
10:58:13,103.49,-0.01,17,175933,卖盘
10:58:16,103.49,0.0,14,144886,买盘
10:58:19,103.49,0.0,11,113839,买盘
10:58:22,103.49,0.0,11,113839,买盘
10:58:25,103.49,0.0,12,124188,买盘
10:58:28,103.49,0.0,1,10349,买盘
10:58:31,103.48,-0.01,18,178934,卖盘
10:58:36,103.5,0.02,38,393300,买盘
10:58:40,103.51,0.01,26,269118,买盘
10:58:45,103.49,-0.02,10,103491,卖盘
10:58:52,103.5,0.01,11,113874,卖盘
10:58:58,103.55,0.05,1,10355,买盘
10:59:00,103.55,0.0,2,20710,买盘
10:59:07,103.56,0.01,5,51776,买盘
10:59:16,103.57,0.01,8,82851,买盘
10:59:22,103.58,0.01,1,10358,买盘
10:59:25,103.58,0.0,2,20716,买盘
10:59:28,103.58,0.0,7,72506,卖盘
10:59:31,103.57,-0.01,54,559330,卖盘
10:59:33,103.58,0.01,1,10358,买盘
10:59:37,103.58,0.0,3,31074,买盘
10:59:40,103.58,0.0,7,72506,买盘
10:59:46,103.57,-0.01,15,155366,卖盘
10:59:49,103.58,0.01,7,72506,中性盘
10:59:52,103.6,0.02,4,41434,买盘
10:59:55,103.58,-0.02,20,207160,卖盘
10:59:58,103.6,0.02,18,186480,买盘
11:00:05,103.6,0.0,6,62160,卖盘
11:00:07,103.61,0.01,1,10361,买盘
11:00:10,103.56,-0.05,14,145002,卖盘
11:00:13,103.55,-0.01,34,352103,卖盘
11:00:16,103.55,0.0,6,62130,卖盘
11:00:19,103.5,-0.05,40,414003,卖盘
11:00:22,103.48,-0.02,64,662364,卖盘
11:00:25,103.48,0.0,5,59083,买盘
11:00:28,103.45,-0.03,4,41380,卖盘
11:00:31,103.45,0.0,13,134472,卖盘
11:00:37,103.44,-0.01,1,10344,卖盘
11:00:40,103.42,-0.02,11,113774,卖盘
11:00:43,103.42,0.0,51,527393,买盘
11:00:45,103.45,0.03,2,20690,买盘
11:00:49,103.45,0.0,3,31035,买盘
11:00:55,103.45,0.0,10,103449,中性盘
11:00:58,103.45,0.0,2,20690,卖盘
11:01:01,103.48,0.03,4,41392,买盘
11:01:07,103.45,-0.03,18,186210,卖盘
11:01:10,103.48,0.03,1,10348,买盘
11:01:16,103.48,0.0,12,124143,买盘
11:01:19,103.45,-0.03,4,41380,卖盘
11:01:22,103.46,0.01,2,20692,中性盘
11:01:25,103.48,0.02,6,62073,买盘
11:01:28,103.45,-0.03,5,51726,卖盘
11:01:34,103.44,-0.01,4,41378,卖盘
11:01:37,103.48,0.04,3,31036,买盘
11:01:40,103.43,-0.05,7,72405,卖盘
11:01:43,103.44,0.01,3,31032,买盘
11:01:49,103.44,0.0,13,134475,卖盘
11:01:52,103.45,0.01,8,82759,买盘
11:01:55,103.45,0.0,3,31035,买盘
11:01:58,103.45,0.0,12,124135,买盘
11:02:00,103.45,0.0,14,144830,买盘
11:02:05,103.47,0.02,2,20694,买盘
11:02:07,103.45,-0.02,6,62072,卖盘
11:02:10,103.47,0.02,28,289696,买盘
11:02:13,103.45,-0.02,6,62074,卖盘
11:02:16,103.45,0.0,9,93113,卖盘
11:02:19,103.47,0.02,4,41388,买盘
11:02:21,103.47,0.0,1,10347,卖盘
11:02:25,103.5,0.03,20,206974,买盘
11:02:28,103.48,-0.02,1,10348,卖盘
11:02:34,103.5,0.02,3,31050,买盘
11:02:37,103.48,-0.02,4,41396,卖盘
11:02:40,103.5,0.02,3,31050,买盘
11:02:46,103.48,-0.02,1,10348,卖盘
11:02:48,103.5,0.02,6,62100,买盘
11:02:52,103.5,0.0,6,62100,买盘
11:03:04,103.55,0.05,2,20710,买盘
11:03:07,103.51,-0.04,1,10351,中性盘
11:03:10,103.55,0.04,1,10355,买盘
11:03:13,103.55,0.0,3,31065,买盘
11:03:16,103.55,0.0,4,41420,卖盘
11:03:25,103.55,0.0,2,20710,买盘
11:03:28,103.55,0.0,1,10355,买盘
11:03:31,103.55,0.0,18,186357,买盘
11:03:33,103.55,0.0,1,10355,卖盘
11:03:37,103.55,0.0,1,10355,卖盘
11:03:40,103.56,0.01,2,20712,买盘
11:03:43,103.56,0.0,10,103560,买盘
11:03:46,103.56,0.0,1,10356,买盘
11:03:49,103.55,-0.01,7,72485,卖盘
11:03:55,103.59,0.04,1,10359,买盘
11:03:58,103.6,0.01,2,20719,买盘
11:04:01,103.59,-0.01,2,20718,买盘
11:04:07,103.55,-0.04,40,414240,卖盘
11:04:09,103.55,0.0,6,62130,买盘
11:04:13,103.6,0.05,89,921790,买盘
11:04:19,103.6,0.0,7,72520,卖盘
11:04:22,103.6,0.0,4,41440,卖盘
11:04:25,103.62,0.02,7,72534,买盘
11:04:31,103.62,0.0,12,124344,买盘
11:04:34,103.6,-0.02,1,10360,卖盘
11:04:40,103.62,0.02,19,196878,买盘
11:04:43,103.62,0.0,1,10362,卖盘
11:04:49,103.65,0.03,3,31091,买盘
11:04:52,103.62,-0.03,6,62172,卖盘
11:04:54,103.65,0.03,1,10365,买盘
11:04:58,103.7,0.05,21,217703,买盘
11:05:05,103.65,-0.05,4,41458,买盘
11:05:07,103.6,-0.05,32,331574,卖盘
11:05:10,103.6,0.0,19,196840,买盘
11:05:13,103.6,0.0,15,155395,买盘
11:05:16,103.59,-0.01,34,352235,卖盘
11:05:19,103.59,0.0,5,51791,买盘
11:05:22,103.6,0.01,33,341863,买盘
11:05:34,103.6,0.0,1,10360,买盘
11:05:40,103.59,-0.01,18,186450,卖盘
11:05:45,103.59,0.0,2,20718,买盘
11:05:49,103.5,-0.09,28,289920,卖盘
11:05:54,103.59,0.09,12,124299,买盘
11:05:58,103.58,-0.01,1,10358,买盘
11:06:01,103.58,0.0,1,10358,中性盘
11:06:07,103.58,0.0,1,10358,买盘
11:06:10,103.58,0.0,4,41432,卖盘
11:06:13,103.58,0.0,9,93226,卖盘
11:06:16,103.58,0.0,7,72509,卖盘
11:06:19,103.59,0.01,21,217527,买盘
11:06:25,103.51,-0.08,2,20710,卖盘
11:06:27,103.51,0.0,20,207099,卖盘
11:06:34,103.59,0.08,10,103585,买盘
11:06:39,103.56,-0.03,3,31070,卖盘
11:06:55,103.58,0.02,3,31074,买盘
11:07:07,103.57,-0.01,2,20714,卖盘
11:07:10,103.57,0.0,1,10357,买盘
11:07:13,103.56,-0.01,3,31069,卖盘
11:07:16,103.59,0.03,1,10359,买盘
11:07:22,103.59,0.0,7,72498,买盘
11:07:24,103.59,0.0,1,10359,买盘
11:07:28,103.51,-0.08,4,41407,卖盘
11:07:31,103.59,0.08,1,10359,买盘
11:07:34,103.56,-0.03,45,465787,中性盘
11:07:36,103.59,0.03,2,20718,买盘
11:07:40,103.5,-0.09,7,72452,卖盘
11:07:42,103.59,0.09,3,31077,买盘
11:07:46,103.59,0.0,5,51795,买盘
11:07:49,103.58,-0.01,7,72496,买盘
11:07:55,103.58,0.0,2,20716,买盘
11:08:04,103.58,0.0,2,20716,买盘
11:08:13,103.56,-0.02,2,20714,卖盘
11:08:16,103.58,0.02,1,10358,买盘
11:08:19,103.58,0.0,1,10358,买盘
11:08:21,103.58,0.0,1,10358,买盘
11:08:25,103.54,-0.04,2,20712,卖盘
11:08:28,103.58,0.04,2,20715,买盘
11:08:34,103.52,-0.06,3,31065,卖盘
11:08:40,103.58,0.06,20,207040,买盘
11:08:43,103.58,0.0,3,31074,买盘
11:08:45,103.58,0.0,1,10358,买盘
11:08:49,103.58,0.0,3,31074,买盘
11:08:52,103.58,0.0,1,10358,买盘
11:08:55,103.58,0.0,1,10358,买盘
11:09:01,103.58,0.0,16,165714,买盘
11:09:04,103.58,0.0,1,10358,买盘
11:09:07,103.56,-0.02,4,41428,中性盘
11:09:10,103.58,0.02,7,72489,买盘
11:09:12,103.59,0.01,3,31077,买盘
11:09:16,103.58,-0.01,8,82867,卖盘
11:09:19,103.58,0.0,7,72509,卖盘
11:09:21,103.58,0.0,11,113946,卖盘
11:09:25,103.56,-0.02,8,82855,卖盘
11:09:27,103.59,0.03,8,82872,买盘
11:09:37,103.59,0.0,1,10359,买盘
11:09:40,103.59,0.0,3,31077,买盘
11:09:43,103.59,0.0,5,51795,买盘
11:09:46,103.58,-0.01,19,196812,卖盘
11:09:52,103.6,0.02,10,103600,买盘
11:09:55,103.6,0.0,8,82880,买盘
11:09:58,103.61,0.01,1,10361,买盘
11:10:01,103.61,0.0,1,10361,买盘
11:10:04,103.62,0.01,1,10362,买盘
11:10:07,103.62,0.0,1,10362,买盘
11:10:10,103.62,0.0,3,31086,卖盘
11:10:13,103.62,0.0,1,10362,买盘
11:10:16,103.62,0.0,1,10362,买盘
11:10:19,103.62,0.0,3,31084,买盘
11:10:22,103.61,-0.01,2,20722,卖盘
11:10:25,103.6,-0.01,7,72524,卖盘
11:10:28,103.62,0.02,6,62172,买盘
11:10:31,103.62,0.0,1,10362,买盘
11:10:33,103.62,0.0,2,20725,卖盘
11:10:37,103.63,0.01,2,20725,买盘
11:10:40,103.6,-0.03,10,103615,卖盘
11:10:46,103.65,0.05,12,124364,买盘
11:10:55,103.66,0.01,2,20732,买盘
11:10:58,103.66,0.0,5,51830,买盘
11:11:01,103.68,0.02,29,300646,买盘
11:11:07,103.68,0.0,5,51840,卖盘
11:11:10,103.69,0.01,1,10369,买盘
11:11:16,103.69,0.0,12,124417,买盘
11:11:19,103.7,0.01,15,155537,买盘
11:11:22,103.7,0.0,2,20740,卖盘
11:11:25,103.71,0.01,1,10371,买盘
11:11:27,103.71,0.0,1,10371,买盘
11:11:39,103.73,0.02,3,31119,买盘
11:11:46,103.73,0.0,12,124476,买盘
11:11:49,103.72,-0.01,10,103723,卖盘
11:11:55,103.75,0.03,1,10375,买盘
11:12:01,103.73,-0.02,5,51865,卖盘
11:12:05,103.73,0.0,2,20746,卖盘
11:12:07,103.76,0.03,60,622541,买盘
11:12:10,103.76,0.0,3,31126,买盘
11:12:13,103.76,0.0,25,259400,买盘
11:12:15,103.76,0.0,104,1079104,买盘
11:12:19,103.77,0.01,16,166021,买盘
11:12:22,103.77,0.0,16,166005,买盘
11:12:24,103.78,0.01,3,31133,买盘
11:12:28,103.78,0.0,4,41512,买盘
11:12:31,103.78,0.0,5,51890,买盘
11:12:33,103.8,0.02,2,20760,买盘
11:12:36,103.8,0.0,2,20760,买盘
11:12:40,103.8,0.0,5,51900,买盘
11:12:43,103.81,0.01,16,166096,买盘
11:12:46,103.82,0.01,7,72674,买盘
11:12:49,103.85,0.03,1,10385,买盘
11:12:52,103.84,-0.01,1,10384,中性盘
11:12:55,103.85,0.01,1,10385,买盘
11:12:57,103.85,0.0,3,31155,买盘
11:13:00,103.85,0.0,1,10385,卖盘
11:13:10,103.89,0.04,5,51937,买盘
11:13:12,103.89,0.0,2,20778,买盘
11:13:19,103.89,0.0,1,10389,买盘
11:13:21,103.89,0.0,5,51945,买盘
11:13:25,103.89,0.0,3,31167,买盘
11:13:27,103.89,0.0,4,41556,买盘
11:13:31,103.86,-0.03,2,20775,卖盘
11:13:34,103.89,0.03,2,20778,中性盘
11:13:37,103.91,0.02,1,10391,买盘
11:13:39,103.91,0.0,2,20782,买盘
11:13:43,103.9,-0.01,2,20780,卖盘
11:13:46,103.89,-0.01,2,20778,卖盘
11:13:51,103.9,0.01,6,62340,买盘
11:13:55,103.87,-0.03,4,41548,中性盘
11:13:58,103.86,-0.01,2,20772,中性盘
11:14:04,103.87,0.01,9,93481,买盘
11:14:06,103.86,-0.01,1,10386,卖盘
11:14:10,103.87,0.01,15,155793,买盘
11:14:12,103.87,0.0,2,20772,买盘
11:14:16,103.87,0.0,1,10387,买盘
11:14:25,103.87,0.0,1,10387,买盘
11:14:28,103.82,-0.05,6,62293,卖盘
11:14:31,103.82,0.0,1,10382,卖盘
11:14:40,103.86,0.04,1,10386,买盘
11:14:43,103.81,-0.05,2,20762,卖盘
11:14:46,103.86,0.05,1,10386,买盘
11:14:49,103.86,0.0,1,10386,买盘
11:14:52,103.86,0.0,10,103860,买盘
11:14:55,103.86,0.0,2,20767,买盘
11:14:57,103.81,-0.05,6,62286,卖盘
11:15:05,103.86,0.05,1,10386,买盘
11:15:10,103.86,0.0,26,269946,买盘
11:15:13,103.78,-0.08,7,72660,卖盘
11:15:19,103.81,0.03,1,10381,买盘
11:15:25,103.81,0.0,6,62280,买盘
11:15:28,103.81,0.0,1,10381,买盘
11:15:31,103.8,-0.01,2,20761,中性盘
11:15:34,103.77,-0.03,1,10377,卖盘
11:15:37,103.76,-0.01,4,41517,卖盘
11:15:40,103.81,0.05,9,93423,买盘
11:15:43,103.75,-0.06,5,51885,卖盘
11:15:46,103.77,0.02,2,20752,买盘
11:15:49,103.77,0.0,3,31129,买盘
11:15:51,103.8,0.03,8,83036,买盘
11:15:58,103.8,0.0,6,62284,卖盘
11:16:01,103.81,0.01,23,238743,买盘
11:16:07,103.81,0.0,1,10381,卖盘
11:16:12,103.83,0.02,3,31149,买盘
11:16:21,103.83,0.0,5,51913,买盘
11:16:25,103.83,0.0,6,55030,买盘
11:16:31,103.85,0.02,1,10385,买盘
11:16:40,103.87,0.02,5,51935,买盘
11:16:46,103.85,-0.02,2,20771,卖盘
11:16:49,103.87,0.02,5,51935,买盘
11:16:55,103.87,0.0,1,10387,中性盘
11:17:01,104.0,0.13,188,1954652,买盘
11:17:04,104.0,0.0,9,93600,卖盘
11:17:07,104.0,0.0,13,135201,卖盘
11:17:10,104.0,0.0,6,62400,买盘
11:17:12,104.0,0.0,1,10400,买盘
11:17:18,103.99,-0.01,7,72793,买盘
11:17:22,103.87,-0.12,3,31161,卖盘
11:17:25,103.99,0.12,6,62394,买盘
11:17:31,103.99,0.0,13,135186,买盘
11:17:34,103.9,-0.09,5,51988,卖盘
11:17:40,103.94,0.04,1,10394,买盘
11:17:42,103.9,-0.04,8,83120,卖盘
11:17:49,103.9,0.0,10,103900,买盘
11:17:55,103.9,0.0,2,20780,买盘
11:18:04,103.9,0.0,2,20780,买盘
11:18:07,103.88,-0.02,9,93492,卖盘
11:18:10,103.88,0.0,1,10388,买盘
11:18:13,103.87,-0.01,6,62325,卖盘
11:18:16,103.9,0.03,10,103890,买盘
11:18:19,103.9,0.0,1,10390,买盘
11:18:25,103.9,0.0,5,51946,买盘
11:18:31,103.9,0.0,1,10390,买盘
11:18:34,103.86,-0.04,2,20772,卖盘
11:18:37,103.89,0.03,1,10389,买盘
11:18:40,103.9,0.01,2,20779,买盘
11:18:42,103.9,0.0,22,228580,买盘
11:18:46,103.9,0.0,1,10390,买盘
11:18:52,103.87,-0.03,3,31164,卖盘
11:18:54,103.87,0.0,1,10387,买盘
11:18:58,103.86,-0.01,4,41544,卖盘
11:19:01,103.87,0.01,4,41548,买盘
11:19:10,103.87,0.0,6,62320,买盘
11:19:13,103.86,-0.01,4,41544,卖盘
11:19:15,103.87,0.01,2,20774,买盘
11:19:19,103.87,0.0,2,20774,买盘
11:19:21,103.86,-0.01,5,51931,卖盘
11:19:25,103.86,0.0,5,51935,卖盘
11:19:28,103.85,-0.01,6,62317,卖盘
11:19:33,103.87,0.02,1,10387,卖盘
11:19:40,103.87,0.0,6,62325,卖盘
11:19:46,103.87,0.0,1,10387,买盘
11:19:49,103.85,-0.02,4,41540,卖盘
11:19:52,103.89,0.04,1,10389,买盘
11:19:55,103.89,0.0,1,10389,中性盘
11:19:58,103.89,0.0,1,10389,买盘
11:20:01,103.89,0.0,2,20778,买盘
11:20:05,103.89,0.0,2,20778,买盘
11:20:10,103.88,-0.01,7,72716,买盘
11:20:13,103.85,-0.03,12,124623,卖盘
11:20:19,103.85,0.0,5,51928,卖盘
11:20:22,103.85,0.0,1,10385,卖盘
11:20:25,103.85,0.0,4,41543,卖盘
11:20:27,103.85,0.0,4,41540,卖盘
11:20:31,103.85,0.0,1,10385,卖盘
11:20:34,103.85,0.0,1,10385,卖盘
11:20:37,103.85,0.0,2,20770,卖盘
11:20:40,103.88,0.03,1,10388,买盘
11:20:43,103.85,-0.03,8,83080,卖盘
11:20:46,103.85,0.0,1,10385,卖盘
11:20:49,103.86,0.01,13,135006,中性盘
11:20:52,103.88,0.02,1,10388,买盘
11:20:55,103.88,0.0,1,10388,买盘
11:20:58,103.85,-0.03,3,31157,卖盘
11:21:01,103.85,0.0,27,280395,卖盘
11:21:05,103.85,0.0,18,186932,卖盘
11:21:13,103.86,0.01,12,124624,卖盘
11:21:19,103.86,0.0,2,20772,卖盘
11:21:21,103.86,0.0,2,27833,买盘
11:21:25,103.85,-0.01,43,439498,卖盘
11:21:27,103.83,-0.02,3,31151,卖盘
11:21:31,103.86,0.03,5,58989,买盘
11:21:37,103.85,-0.01,58,595325,卖盘
11:21:39,103.85,0.0,1,10385,买盘
11:21:46,103.83,-0.02,2,20769,卖盘
11:21:52,103.86,0.03,1,10386,买盘
11:21:55,103.83,-0.03,5,51924,卖盘
11:21:57,103.81,-0.02,4,34468,卖盘
11:22:01,103.81,0.0,1,10381,买盘
11:22:10,103.8,-0.01,8,83044,卖盘
11:22:13,103.73,-0.07,5,51865,卖盘
11:22:16,103.8,0.07,2,20760,买盘
11:22:25,103.79,-0.01,4,48555,买盘
11:22:31,103.73,-0.06,7,65557,卖盘
11:22:40,103.73,0.0,2,27800,买盘
11:22:43,103.73,0.0,2,13692,卖盘
11:22:46,103.73,0.0,3,38172,买盘
11:22:49,103.79,0.06,1,10379,买盘
11:22:54,103.73,-0.06,3,31124,卖盘
11:22:58,103.75,0.02,31,321615,中性盘
11:23:05,103.75,0.0,1,10375,买盘
11:23:10,103.73,-0.02,5,51865,卖盘
11:23:13,103.75,0.02,2,20750,买盘
11:23:16,103.75,0.0,5,51867,买盘
11:23:22,103.75,0.0,6,62250,买盘
11:23:25,103.75,0.0,3,31125,买盘
11:23:37,103.75,0.0,59,612127,买盘
11:23:40,103.73,-0.02,4,41496,卖盘
11:23:43,103.75,0.02,1,10375,买盘
11:23:46,103.75,0.0,1,10375,买盘
11:23:49,103.79,0.04,33,342381,买盘
11:23:55,103.79,0.0,1,10379,买盘
11:23:58,103.75,-0.04,1,10375,中性盘
11:24:00,103.79,0.04,1,10379,买盘
11:24:07,103.78,-0.01,63,653814,买盘
11:24:10,103.73,-0.05,2,20747,卖盘
11:24:13,103.78,0.05,2,20756,买盘
11:24:16,103.78,0.0,4,41512,买盘
11:24:19,103.74,-0.04,3,31127,卖盘
11:24:22,103.78,0.04,1,10378,买盘
11:24:25,103.78,0.0,8,83024,买盘
11:24:28,103.74,-0.04,6,62244,卖盘
11:24:31,103.78,0.04,1,10378,买盘
11:24:43,103.74,-0.04,12,124488,卖盘
11:24:46,103.74,0.0,10,103740,买盘
11:24:55,103.76,0.02,1,10376,买盘
11:24:58,103.75,-0.01,2,20750,卖盘
11:25:01,103.75,0.0,1,10375,卖盘
11:25:04,103.75,0.0,1,10375,买盘
11:25:07,103.75,0.0,1,10375,买盘
11:25:12,103.77,0.02,11,114147,买盘
11:25:19,103.78,0.01,15,155670,买盘
11:25:22,103.79,0.01,7,72653,买盘
11:25:25,103.77,-0.02,22,228313,卖盘
11:25:31,103.79,0.02,9,93395,买盘
11:25:37,103.8,0.01,11,114180,买盘
11:25:40,103.78,-0.02,15,155688,卖盘
11:25:42,103.79,0.01,6,62269,买盘
11:25:46,103.78,-0.01,7,72646,买盘
11:25:49,103.78,0.0,15,155659,买盘
11:25:54,103.78,0.0,6,62268,买盘
11:26:10,103.79,0.01,7,72653,买盘
11:26:13,103.79,0.0,9,93407,买盘
11:26:15,103.79,0.0,1,10379,买盘
11:26:19,103.79,0.0,5,51891,买盘
11:26:22,103.78,-0.01,3,31135,卖盘
11:26:25,103.79,0.01,1,10379,卖盘
11:26:28,103.79,0.0,1,10379,卖盘
11:26:40,103.79,0.0,12,124553,卖盘
11:26:43,103.79,0.0,3,31137,买盘
11:26:49,103.79,0.0,1,10379,买盘
11:26:52,103.79,0.0,1,10379,买盘
11:26:55,103.79,0.0,1,10379,买盘
11:27:01,103.79,0.0,1,10379,买盘
11:27:07,103.78,-0.01,15,155671,卖盘
11:27:13,103.78,0.0,2,20756,买盘
11:27:16,103.79,0.01,5,51892,买盘
11:27:22,103.78,-0.01,21,217949,卖盘
11:27:25,103.79,0.01,3,31136,买盘
11:27:30,103.79,0.0,10,103790,买盘
11:27:37,103.8,0.01,1,10380,买盘
11:27:40,103.8,0.0,6,62280,买盘
11:27:43,103.81,0.01,3,31143,买盘
11:27:46,103.87,0.06,1,10387,买盘
11:27:49,103.87,0.0,1,10387,买盘
11:27:52,103.87,0.0,1,10387,买盘
11:28:01,103.88,0.01,1,10388,买盘
11:28:05,103.87,-0.01,1,10387,卖盘
11:28:10,103.88,0.01,7,72715,买盘
11:28:13,103.88,0.0,4,41552,买盘
11:28:21,103.89,0.01,1,10389,买盘
11:28:25,103.89,0.0,1,10389,买盘
11:28:28,103.89,0.0,3,31167,买盘
11:28:30,103.9,0.01,2,20779,买盘
11:28:33,103.89,-0.01,16,166236,卖盘
11:28:37,103.9,0.01,14,145460,买盘
11:28:40,103.9,0.0,2,20780,卖盘
11:28:42,103.9,0.0,3,31176,卖盘
11:28:46,103.93,0.03,4,41572,买盘
11:28:49,103.93,0.0,3,31179,买盘
11:28:52,103.93,0.0,3,31179,买盘
11:28:55,103.93,0.0,4,41566,买盘
11:28:58,103.93,0.0,4,41572,买盘
11:29:00,103.9,-0.03,26,270150,卖盘
11:29:04,103.9,0.0,7,72730,买盘
11:29:07,103.9,0.0,2,20780,买盘
11:29:10,103.9,0.0,6,62340,买盘
11:29:13,103.9,0.0,4,41558,买盘
11:29:16,103.9,0.0,5,51948,买盘
11:29:22,103.89,-0.01,1,10389,中性盘
11:29:25,103.89,0.0,5,51942,买盘
11:29:28,103.9,0.01,6,62338,买盘
11:29:34,103.89,-0.01,1,10389,买盘
11:29:39,103.9,0.01,1,10390,买盘
11:29:43,103.9,0.0,1,10390,买盘
11:29:49,103.9,0.0,1,10390,买盘
11:29:52,103.9,0.0,11,114290,买盘
11:29:54,103.9,0.0,7,64834,买盘
11:29:58,103.89,-0.01,6,62337,卖盘
11:30:01,103.98,0.09,6,62356,买盘
13:00:01,103.9,-0.08,12,124696,卖盘
13:00:04,104.1,0.2,120,1248414,买盘
13:00:07,104.02,-0.08,92,957479,卖盘
13:00:10,104.1,0.08,13,135282,买盘
13:00:13,104.1,0.0,4,41621,买盘
13:00:15,104.1,0.0,4,41640,买盘
13:00:22,104.01,-0.09,2,20802,买盘
13:00:25,104.01,0.0,2,20802,买盘
13:00:28,104.01,0.0,31,322401,买盘
13:00:31,104.01,0.0,3,31203,买盘
13:00:34,103.99,-0.02,14,145600,卖盘
13:00:37,104.0,0.01,1,10400,买盘
13:00:40,104.0,0.0,1,10400,买盘
13:00:43,104.0,0.0,3,31202,中性盘
13:00:48,104.0,0.0,19,197623,卖盘
13:00:52,104.0,0.0,11,114400,买盘
13:00:55,104.0,0.0,4,41600,买盘
13:00:58,104.0,0.0,3,31201,卖盘
13:01:01,104.09,0.09,1,10409,买盘
13:01:05,104.12,0.03,7,72884,买盘
13:01:07,104.01,-0.11,11,114411,买盘
13:01:10,104.01,0.0,7,72840,卖盘
13:01:13,104.12,0.11,2,20813,买盘
13:01:21,104.12,0.0,1,10412,买盘
13:01:25,104.12,0.0,3,31227,买盘
13:01:28,104.12,0.0,10,104054,买盘
13:01:31,104.01,-0.11,3,31204,卖盘
13:01:34,104.02,0.01,1,10402,买盘
13:01:37,104.02,0.0,1,10402,买盘
13:01:39,104.03,0.01,1,10403,买盘
13:01:43,104.02,-0.01,12,124915,卖盘
13:01:46,104.02,0.0,4,41608,卖盘
13:01:49,104.02,0.0,17,176836,卖盘
13:01:52,104.12,0.1,7,72855,买盘
13:01:55,104.13,0.01,2,20825,买盘
13:01:58,104.12,-0.01,3,31236,卖盘
13:02:01,104.12,0.0,2,20824,买盘
13:02:07,104.12,0.0,4,41648,买盘
13:02:10,104.12,0.0,1,10412,买盘
13:02:19,104.12,0.0,1,10412,买盘
13:02:28,104.12,0.0,10,104074,买盘
13:02:31,104.12,0.0,2,20817,买盘
13:02:34,104.12,0.0,4,41627,买盘
13:02:37,104.12,0.0,7,72884,买盘
13:02:40,104.12,0.0,12,124944,买盘
13:02:46,104.13,0.01,2,20826,买盘
13:02:49,104.17,0.04,2,20834,买盘
13:02:52,104.13,-0.04,8,83301,卖盘
13:02:55,104.13,0.0,2,20826,中性盘
13:02:58,104.12,-0.01,13,135365,卖盘
13:03:01,104.18,0.06,6,62509,买盘
13:03:04,104.19,0.01,4,41676,买盘
13:03:07,104.2,0.01,6,62520,买盘
13:03:10,104.19,-0.01,2,20838,卖盘
13:03:13,104.2,0.01,8,83362,买盘
13:03:16,104.2,0.0,5,52100,买盘
13:03:19,104.2,0.0,10,104200,买盘
13:03:22,104.19,-0.01,1,10419,卖盘
13:03:25,104.2,0.01,11,114620,买盘
13:03:28,104.2,0.0,2,20840,买盘
13:03:31,104.19,-0.01,5,52095,卖盘
13:03:33,104.2,0.01,6,62520,买盘
13:03:40,104.19,-0.01,19,197964,卖盘
13:03:43,104.19,0.0,3,31257,买盘
13:03:46,104.19,0.0,2,20838,买盘
13:03:49,104.19,0.0,23,239630,买盘
13:03:52,104.12,-0.07,94,978740,卖盘
13:03:55,104.12,0.0,6,62472,买盘
13:03:58,104.18,0.06,21,218688,买盘
13:04:04,104.15,-0.03,3,31245,买盘
13:04:07,104.15,0.0,3,31245,买盘
13:04:10,104.15,0.0,5,52070,中性盘
13:04:13,104.15,0.0,2,20832,卖盘
13:04:15,104.17,0.02,2,20834,买盘
13:04:19,104.18,0.01,7,72926,买盘
13:04:28,104.12,-0.06,9,93720,卖盘
13:04:31,104.0,-0.12,48,499312,卖盘
13:04:33,104.12,0.12,3,31217,买盘
13:04:37,104.12,0.0,7,72884,买盘
13:04:40,104.12,0.0,2,20824,买盘
13:04:43,104.11,-0.01,1,10411,买盘
13:04:46,104.11,0.0,11,114437,买盘
13:04:49,104.02,-0.09,8,83216,卖盘
13:04:52,104.1,0.08,1,10410,中性盘
13:04:55,104.1,0.0,5,52046,买盘
13:04:58,104.0,-0.1,28,291227,卖盘
13:05:01,104.1,0.1,2,20820,买盘
13:05:04,104.1,0.0,3,31222,买盘
13:05:07,104.1,0.0,33,343323,买盘
13:05:10,104.02,-0.08,11,114426,中性盘
13:05:13,104.1,0.08,42,440794,买盘
13:05:19,104.0,-0.1,28,295256,卖盘
13:05:22,104.0,0.0,31,315963,卖盘
13:05:24,104.0,0.0,39,404040,卖盘
13:05:28,103.99,-0.01,6,62396,卖盘
13:05:31,103.98,-0.01,5,56672,卖盘
13:05:34,103.98,0.0,6,62388,卖盘
13:05:37,104.0,0.02,1,10400,买盘
13:05:40,104.0,0.0,44,459140,买盘
13:05:42,104.0,0.0,27,280800,卖盘
13:05:46,104.0,0.0,2,20800,卖盘
13:05:49,104.01,0.01,2,20802,中性盘
13:05:55,104.09,0.08,6,62446,买盘
13:06:01,104.09,0.0,7,72865,卖盘
13:06:04,104.1,0.01,2,20820,买盘
13:06:07,104.09,-0.01,2,20819,卖盘
13:06:10,104.09,0.0,6,62454,买盘
13:06:12,104.1,0.01,11,114509,买盘
13:06:16,104.01,-0.09,3,31203,卖盘
13:06:19,104.0,-0.01,3,31202,卖盘
13:06:21,104.01,0.01,3,31203,买盘
13:06:25,104.01,0.0,2,20802,买盘
13:06:34,104.1,0.09,12,124911,买盘
13:06:40,104.1,0.0,7,72852,买盘
13:06:43,104.1,0.0,2,20820,买盘
13:06:45,104.1,0.0,5,52032,买盘
13:06:55,104.09,-0.01,3,31229,中性盘
13:07:01,104.01,-0.08,9,93609,卖盘
13:07:04,104.01,0.0,13,135285,卖盘
13:07:13,104.08,0.07,2,20816,买盘
13:07:25,104.07,-0.01,1,10407,买盘
13:07:28,104.01,-0.06,1,10401,卖盘
13:07:34,104.01,0.0,2,20802,卖盘
13:07:37,104.01,0.0,8,83214,卖盘
13:07:40,104.07,0.06,2,20814,买盘
13:07:43,104.06,-0.01,9,93655,中性盘
13:07:45,104.01,-0.05,1,10401,卖盘
13:07:49,104.01,0.0,36,374436,卖盘
13:07:55,104.06,0.05,1,10406,买盘
13:08:01,104.06,0.0,1,10406,买盘
13:08:04,104.06,0.0,5,52025,买盘
13:08:07,104.06,0.0,5,52030,买盘
13:08:10,104.06,0.0,1,10406,买盘
13:08:13,104.02,-0.04,3,31210,卖盘
13:08:16,104.06,0.04,5,52029,买盘
13:08:19,104.06,0.0,5,52026,买盘
13:08:22,104.03,-0.03,10,104021,中性盘
13:08:25,104.01,-0.02,66,686468,卖盘
13:08:28,104.02,0.01,4,41608,买盘
13:08:31,104.0,-0.02,10,104000,卖盘
13:08:34,104.02,0.02,25,260002,买盘
13:08:37,104.0,-0.02,2,20800,卖盘
13:08:40,104.02,0.02,1,10402,买盘
13:08:43,104.0,-0.02,5,52000,卖盘
13:08:46,104.0,0.0,1,10400,卖盘
13:08:49,104.02,0.02,2,20804,买盘
13:08:52,104.0,-0.02,86,894540,卖盘
13:08:55,104.02,0.02,3,29644,买盘
13:08:58,104.02,0.0,17,178394,买盘
13:09:07,104.06,0.04,2,20812,买盘
13:09:10,104.05,-0.01,2,20810,买盘
13:09:13,104.02,-0.03,13,135226,卖盘
13:09:16,104.06,0.04,3,31218,买盘
13:09:22,104.06,0.0,13,135278,买盘
13:09:28,104.06,0.0,5,52036,卖盘
13:09:30,104.07,0.01,2,20814,买盘
13:09:34,104.06,-0.01,2,20812,卖盘
13:09:37,104.06,0.0,4,41624,卖盘
13:09:40,104.08,0.02,2,20816,买盘
13:09:46,104.08,0.0,1,10408,卖盘
13:09:49,104.1,0.02,28,291479,买盘
13:09:58,104.11,0.01,1,10411,买盘
13:10:04,104.13,0.02,1,10413,卖盘
13:10:07,104.15,0.02,2,20830,买盘
13:10:10,104.15,0.0,4,41658,买盘
13:10:16,104.13,-0.02,1,10413,卖盘
13:10:19,104.15,0.02,6,62488,买盘
13:10:22,104.15,0.0,6,62490,买盘
13:10:24,104.14,-0.01,18,187466,卖盘
13:10:28,104.16,0.02,5,52077,买盘
13:10:30,104.16,0.0,7,72912,买盘
13:10:34,104.18,0.02,73,760503,买盘
13:10:37,104.19,0.01,5,52094,买盘
13:10:40,104.19,0.0,6,62514,买盘
13:10:42,104.19,0.0,18,187542,买盘
13:10:46,104.2,0.01,2,20840,买盘
13:10:49,104.19,-0.01,20,208399,卖盘
13:10:54,104.23,0.04,6,62533,买盘
13:10:58,104.26,0.03,2,20852,买盘
13:11:01,104.26,0.0,2,20851,买盘
13:11:05,104.27,0.01,6,62562,买盘
13:11:10,104.28,0.01,4,41712,买盘
13:11:13,104.27,-0.01,5,52139,卖盘
13:11:16,104.29,0.02,11,114707,买盘
13:11:19,104.29,0.0,5,52144,买盘
13:11:25,104.2,-0.09,26,271021,卖盘
13:11:28,104.2,0.0,25,260500,买盘
13:11:31,104.2,0.0,2,20840,买盘
13:11:34,104.2,0.0,3,31259,买盘
13:11:37,104.2,0.0,3,31260,买盘
13:11:40,104.2,0.0,12,125040,买盘
13:11:43,104.2,0.0,7,72937,买盘
13:11:46,104.2,0.0,2,20839,买盘
13:11:49,104.19,-0.01,12,125029,卖盘
13:11:52,104.2,0.01,13,135454,买盘
13:11:55,104.19,-0.01,2,20839,中性盘
13:11:58,104.17,-0.02,4,41671,卖盘
13:12:01,104.17,0.0,1,10417,买盘
13:12:04,104.17,0.0,5,52085,买盘
13:12:07,104.15,-0.02,4,41670,卖盘
13:12:13,104.2,0.05,45,468856,买盘
13:12:16,104.2,0.0,13,135454,买盘
13:12:19,104.22,0.02,6,62532,买盘
13:12:22,104.29,0.07,13,135504,买盘
13:12:25,104.29,0.0,8,83432,买盘
13:12:27,104.29,0.0,1,10429,买盘
13:12:31,104.3,0.01,6,62580,买盘
13:12:34,104.3,0.0,13,135589,买盘
13:12:37,104.3,0.0,18,187735,买盘
13:12:40,104.35,0.05,8,83456,买盘
13:12:43,104.35,0.0,4,41728,买盘
13:12:46,104.35,0.0,13,135655,买盘
13:12:49,104.4,0.05,4,41754,买盘
13:12:52,104.4,0.0,19,198291,买盘
13:12:55,104.4,0.0,9,93942,买盘
13:12:58,104.44,0.04,4,41776,买盘
13:13:04,104.44,0.0,4,41780,中性盘
13:13:07,104.45,0.01,5,52227,买盘
13:13:10,104.48,0.03,3,31341,买盘
13:13:13,104.48,0.0,6,62676,中性盘
13:13:16,104.5,0.02,91,950922,买盘
13:13:19,104.49,-0.01,17,177617,中性盘
13:13:22,104.45,-0.04,4,41789,卖盘
13:13:24,104.41,-0.04,2,20889,中性盘
13:13:28,104.48,0.07,3,31341,买盘
13:13:31,104.29,-0.19,44,459117,卖盘
13:13:34,104.26,-0.03,3,31281,卖盘
13:13:37,104.29,0.03,6,62574,买盘
13:13:40,104.29,0.0,3,31287,买盘
13:13:43,104.29,0.0,8,83432,买盘
13:13:46,104.29,0.0,2,20852,买盘
13:13:49,104.41,0.12,10,104302,买盘
13:13:51,104.29,-0.12,4,41716,卖盘
13:13:55,104.23,-0.06,8,83378,买盘
13:13:58,104.4,0.17,2,20869,中性盘
13:14:07,104.4,0.0,9,93950,买盘
13:14:10,104.4,0.0,5,52200,买盘
13:14:13,104.4,0.0,1,10440,买盘
13:14:19,104.39,-0.01,4,41746,买盘
13:14:22,104.29,-0.1,1,10429,卖盘
13:14:25,104.3,0.01,4,41720,买盘
13:14:28,104.39,0.09,4,41733,买盘
13:14:37,104.29,-0.1,9,93865,卖盘
13:14:43,104.29,0.0,6,62574,中性盘
13:14:46,104.29,0.0,11,114658,买盘
13:14:49,104.2,-0.09,14,145880,卖盘
13:14:52,104.25,0.05,10,104213,买盘
13:14:55,104.2,-0.05,2,20840,中性盘
13:14:58,104.17,-0.03,2,20837,卖盘
13:15:01,104.17,0.0,7,72937,卖盘
13:15:04,104.2,0.03,15,156300,买盘
13:15:07,104.1,-0.1,117,1218438,卖盘
13:15:13,104.1,0.0,2,20820,买盘
13:15:16,104.1,0.0,2,20820,买盘
13:15:25,104.1,0.0,1,10410,买盘
13:15:28,104.1,0.0,1,10410,买盘
13:15:31,104.08,-0.02,4,41634,卖盘
13:15:34,104.06,-0.02,2,20814,卖盘
13:15:40,104.0,-0.06,28,291279,卖盘
13:15:43,104.06,0.06,3,31218,买盘
13:15:49,104.06,0.0,5,52026,买盘
13:15:52,104.0,-0.06,18,187201,卖盘
13:15:55,104.06,0.06,3,31218,买盘
13:15:58,104.06,0.0,24,249744,买盘
13:16:01,104.06,0.0,1,10406,卖盘
13:16:05,104.06,0.0,16,166500,卖盘
13:16:07,104.08,0.02,2,20814,买盘
13:16:10,104.08,0.0,4,41632,卖盘
13:16:13,104.08,0.0,3,31220,买盘
13:16:16,104.08,0.0,4,41632,买盘
13:16:19,104.08,0.0,6,62448,买盘
13:16:28,104.08,0.0,3,31222,买盘
13:16:31,104.06,-0.02,32,332992,卖盘
13:16:34,104.08,0.02,9,93672,买盘
13:16:37,104.08,0.0,1,10408,卖盘
13:16:40,104.08,0.0,2,20816,卖盘
13:16:43,104.18,0.1,1,10418,买盘
13:16:46,104.06,-0.12,32,333064,卖盘
13:16:49,104.19,0.13,5,52059,买盘
13:16:52,104.18,-0.01,2,20836,卖盘
13:16:54,104.06,-0.12,35,364232,卖盘
13:16:58,104.06,0.0,2,20812,买盘
13:17:01,104.06,0.0,2,20812,买盘
13:17:05,104.06,0.0,7,72842,买盘
13:17:07,104.06,0.0,44,457864,买盘
13:17:10,104.18,0.12,2,20836,买盘
13:17:13,104.18,0.0,5,52090,买盘
13:17:16,104.18,0.0,1,10418,买盘
13:17:19,104.18,0.0,5,52092,买盘
13:17:22,104.05,-0.13,70,728431,卖盘
13:17:28,104.15,0.1,1,10415,买盘
13:17:34,104.1,-0.05,5,52060,中性盘
13:17:37,104.1,0.0,5,52050,买盘
13:17:40,104.1,0.0,2,20820,买盘
13:17:43,104.1,0.0,1,10410,买盘
13:17:46,104.1,0.0,2,20820,买盘
13:17:49,104.09,-0.01,5,52047,中性盘
13:17:54,104.1,0.01,4,41638,买盘
13:17:58,104.1,0.0,3,31229,买盘
13:18:01,104.1,0.0,2,20820,买盘
13:18:05,104.1,0.0,11,114509,买盘
13:18:07,104.1,0.0,1,10410,买盘
13:18:10,104.07,-0.03,77,801376,卖盘
13:18:13,104.1,0.03,4,41640,买盘
13:18:15,104.1,0.0,2,20820,买盘
13:18:19,104.03,-0.07,60,624343,卖盘
13:18:22,104.03,0.0,19,197630,买盘
13:18:25,104.03,0.0,9,93627,买盘
13:18:28,104.03,0.0,2,20806,买盘
13:18:30,104.0,-0.03,267,2777400,卖盘
13:18:34,104.0,0.0,25,260011,卖盘
13:18:37,104.0,0.0,5,52000,卖盘
13:18:40,104.03,0.03,3,31209,买盘
13:18:43,104.03,0.0,1,10403,买盘
13:18:46,104.03,0.0,1,10403,买盘
13:18:49,104.03,0.0,2,20806,买盘
13:18:58,104.01,-0.02,4,41610,卖盘
13:19:02,104.01,0.0,1,10401,卖盘
13:19:04,104.01,0.0,6,62406,买盘
13:19:07,104.0,-0.01,102,1060802,卖盘
13:19:10,104.01,0.01,17,176807,买盘
13:19:13,104.0,-0.01,13,133642,卖盘
13:19:16,103.99,-0.01,9,93591,卖盘
13:19:19,104.0,0.01,7,72796,买盘
13:19:22,103.96,-0.04,147,1523828,卖盘
13:19:25,103.94,-0.02,17,176715,卖盘
13:19:28,103.94,0.0,15,155888,买盘
13:19:31,103.91,-0.03,1,10391,卖盘
13:19:34,103.94,0.03,2,20788,中性盘
13:19:37,103.91,-0.03,2,20785,卖盘
13:19:40,103.9,-0.01,4,41560,卖盘
13:19:42,103.91,0.01,54,561062,买盘
13:19:46,103.89,-0.02,2,20778,卖盘
13:19:49,103.88,-0.01,3,39062,买盘
13:19:52,103.9,0.02,36,366137,买盘
13:19:54,103.9,0.0,79,828720,卖盘
13:19:58,103.89,-0.01,1,10389,买盘
13:20:01,103.89,0.0,3,31167,买盘
13:20:04,103.89,0.0,2,20778,买盘
13:20:07,103.89,0.0,6,62330,买盘
13:20:10,103.85,-0.04,23,238913,卖盘
13:20:13,103.84,-0.01,1,10384,买盘
13:20:16,103.82,-0.02,1,10382,卖盘
13:20:19,103.81,-0.01,17,176491,卖盘
13:20:22,103.81,0.0,1,10381,买盘
13:20:25,103.8,-0.01,2,20760,卖盘
13:20:28,103.81,0.01,116,1204196,买盘
13:20:31,103.8,-0.01,168,1738243,卖盘
13:20:33,103.88,0.08,3,31157,买盘
13:20:37,103.81,-0.07,36,373856,卖盘
13:20:40,103.91,0.1,9,93499,买盘
13:20:43,103.91,0.0,8,83128,买盘
13:20:45,103.91,0.0,2,20782,买盘
13:20:49,103.82,-0.09,8,83121,卖盘
13:20:52,103.94,0.12,3,31182,买盘
13:20:54,103.97,0.03,6,62382,买盘
13:20:58,103.97,0.0,48,498402,买盘
13:21:01,103.93,-0.04,8,83168,买盘
13:21:13,103.94,0.01,3,31182,买盘
13:21:19,103.96,0.02,3,31188,中性盘
13:21:22,103.93,-0.03,1,10393,卖盘
13:21:25,103.97,0.04,3,31190,买盘
13:21:28,103.96,-0.01,2,20792,卖盘
13:21:31,103.97,0.01,2,20794,买盘
13:21:33,103.97,0.0,2,20794,买盘
13:21:37,103.93,-0.04,4,41575,卖盘
13:21:39,103.94,0.01,5,51970,买盘
13:21:48,103.97,0.03,4,41588,买盘
13:21:52,103.94,-0.03,17,176719,卖盘
13:21:58,103.94,0.0,1,10394,买盘
13:22:01,103.97,0.03,1,10397,中性盘
13:22:04,103.98,0.01,4,41592,买盘
13:22:10,103.98,0.0,3,31194,买盘
13:22:13,103.98,0.0,7,72786,买盘
13:22:16,103.98,0.0,5,51990,买盘
13:22:18,103.97,-0.01,14,145562,卖盘
13:22:22,103.97,0.0,7,72774,买盘
13:22:28,103.97,0.0,3,31191,买盘
13:22:31,103.97,0.0,3,31191,买盘
13:22:33,103.97,0.0,3,31191,买盘
13:22:37,103.97,0.0,5,51985,买盘
13:22:40,103.97,0.0,8,83176,买盘
13:22:43,103.97,0.0,6,62372,买盘
13:22:45,103.92,-0.05,62,644504,卖盘
13:22:49,103.97,0.05,32,332704,买盘
13:22:52,103.95,-0.02,1,10395,卖盘
13:22:58,103.91,-0.04,4,41572,卖盘
13:23:05,103.95,0.04,2,20790,买盘
13:23:15,103.9,-0.05,3,31173,卖盘
13:23:19,103.95,0.05,6,62370,买盘
13:23:25,103.9,-0.05,7,72730,卖盘
13:23:28,103.9,0.0,4,41560,买盘
13:23:34,103.95,0.05,2,20790,买盘
13:23:43,103.95,0.0,1,10395,买盘
13:23:46,103.9,-0.05,16,166290,卖盘
13:23:49,103.95,0.05,8,83160,买盘
13:23:58,103.95,0.0,2,20792,中性盘
13:24:04,103.97,0.02,4,41588,买盘
13:24:10,103.97,0.0,6,62382,买盘
13:24:13,103.97,0.0,13,135157,买盘
13:24:16,103.94,-0.03,15,155925,卖盘
13:24:18,103.94,0.0,10,103941,买盘
13:24:28,103.97,0.03,1,10397,买盘
13:24:31,103.96,-0.01,9,93578,卖盘
13:24:34,103.98,0.02,2,20796,买盘
13:24:40,103.98,0.0,1,10398,买盘
13:24:43,103.97,-0.01,6,62384,卖盘
13:24:49,103.97,0.0,2,20794,买盘
13:24:52,103.97,0.0,3,31191,买盘
13:24:55,103.98,0.01,10,103956,买盘
13:24:58,103.98,0.0,2,20796,买盘
13:25:01,103.95,-0.03,5,51976,卖盘
13:25:05,103.96,0.01,3,31190,卖盘
13:25:07,103.97,0.01,2,20793,买盘
13:25:10,103.97,0.0,6,62382,买盘
13:25:13,103.98,0.01,4,41588,买盘
13:25:16,103.98,0.0,1,10398,买盘
13:25:19,103.98,0.0,7,72781,买盘
13:25:22,103.97,-0.01,1,10397,买盘
13:25:25,103.97,0.0,7,72779,买盘
13:25:28,103.97,0.0,5,51985,买盘
13:25:31,103.98,0.01,1,10398,买盘
13:25:34,103.98,0.0,3,31194,买盘
13:25:40,103.98,0.0,8,83182,买盘
13:25:43,103.98,0.0,8,83184,买盘
13:25:45,103.98,0.0,8,83184,买盘
13:25:49,103.98,0.0,23,239132,买盘
13:25:54,103.98,0.0,7,72786,买盘
13:25:58,103.98,0.0,41,426318,买盘
13:26:01,103.98,0.0,15,155970,买盘
13:26:05,103.99,0.01,7,72787,买盘
13:26:07,104.0,0.01,22,228780,买盘
13:26:10,104.0,0.0,35,364000,买盘
13:26:13,104.0,0.0,5,52000,买盘
13:26:16,104.0,0.0,14,145600,买盘
13:26:19,104.0,0.0,8,83199,买盘
13:26:22,104.0,0.0,3,31199,买盘
13:26:28,104.0,0.0,3,31200,买盘
13:26:30,104.0,0.0,8,83200,买盘
13:26:34,104.0,0.0,11,114399,买盘
13:26:37,103.99,-0.01,3,31197,卖盘
13:26:40,103.99,0.0,6,62394,买盘
13:26:43,103.99,0.0,12,124783,买盘
13:26:46,103.99,0.0,7,72793,买盘
13:26:49,103.99,0.0,14,145586,买盘
13:26:52,103.99,0.0,3,31197,买盘
13:26:55,103.99,0.0,6,62395,买盘
13:26:58,103.98,-0.01,35,363932,卖盘
13:27:01,103.98,0.0,4,41592,买盘
13:27:04,104.0,0.02,7,72794,买盘
13:27:07,103.97,-0.03,7,72793,卖盘
13:27:10,103.99,0.02,7,72797,卖盘
13:27:13,104.0,0.01,1,10400,买盘
13:27:19,104.0,0.0,7,72800,买盘
13:27:28,104.0,0.0,1,10400,买盘
13:27:33,104.0,0.0,3,31200,买盘
13:27:43,104.0,0.0,4,41600,买盘
13:27:46,104.0,0.0,9,93578,买盘
13:27:49,104.0,0.0,2,20800,买盘
13:27:52,104.0,0.0,2,20800,买盘
13:27:55,104.0,0.0,6,62400,买盘
13:27:58,104.0,0.0,2,20800,买盘
13:28:04,104.0,0.0,2,20800,买盘
13:28:10,104.0,0.0,1,10400,买盘
13:28:13,104.0,0.0,10,104000,买盘
13:28:19,103.95,-0.05,55,571776,卖盘
13:28:28,103.97,0.02,13,135139,中性盘
13:28:31,104.0,0.03,33,343195,买盘
13:28:34,104.0,0.0,7,72800,买盘
13:28:40,103.95,-0.05,2,20790,卖盘
13:28:42,103.97,0.02,1,10397,买盘
13:28:46,103.97,0.0,4,41584,买盘
13:28:48,103.97,0.0,2,20794,买盘
13:28:55,103.97,0.0,2,20794,卖盘
13:28:58,104.0,0.03,4,41600,买盘
13:29:04,104.0,0.0,13,137686,买盘
13:29:07,103.97,-0.03,3,31189,卖盘
13:29:10,103.95,-0.02,6,59875,卖盘
13:29:13,103.93,-0.02,1,12887,买盘
13:29:19,103.97,0.04,2,20794,买盘
13:29:25,103.97,0.0,5,51985,买盘
13:29:28,103.97,0.0,1,10397,买盘
13:29:34,103.97,0.0,10,103970,买盘
13:29:37,103.97,0.0,1,10397,买盘
13:29:43,103.97,0.0,5,51985,买盘
13:29:49,103.97,0.0,2,20794,买盘
13:29:52,103.95,-0.02,3,31189,卖盘
13:29:55,103.97,0.02,16,166352,买盘
13:29:58,103.97,0.0,7,72781,买盘
13:30:04,103.97,0.0,8,83180,买盘
13:30:10,103.95,-0.02,2,20790,卖盘
13:30:13,103.95,0.0,3,31189,卖盘
13:30:19,103.97,0.02,2,20794,买盘
13:30:22,103.95,-0.02,1,10395,卖盘
13:30:25,103.93,-0.02,3,31184,卖盘
13:30:28,103.96,0.03,10,103952,买盘
13:30:34,103.96,0.0,7,72770,买盘
13:30:37,103.95,-0.01,6,62370,卖盘
13:30:40,103.92,-0.03,29,301377,卖盘
13:30:43,103.92,0.0,4,41568,买盘
13:30:49,103.92,0.0,7,72744,买盘
13:30:52,103.91,-0.01,2,20782,卖盘
13:30:55,103.92,0.01,17,176659,买盘
13:30:58,103.92,0.0,2,20784,买盘
13:31:01,103.91,-0.01,27,280562,卖盘
13:31:05,103.91,0.0,1,10391,买盘
13:31:07,103.91,0.0,1,10391,卖盘
13:31:13,103.92,0.01,1,10392,买盘
13:31:16,103.91,-0.01,5,51955,买盘
13:31:19,103.91,0.0,2,20782,买盘
13:31:21,103.9,-0.01,1,10390,卖盘
13:31:28,103.91,0.01,22,228587,买盘
13:31:34,103.92,0.01,3,31176,买盘
13:31:37,103.92,0.0,4,41566,买盘
13:31:43,103.9,-0.02,11,114296,卖盘
13:31:46,103.9,0.0,8,83120,卖盘
13:31:49,103.9,0.0,8,83112,买盘
13:31:52,103.9,0.0,4,41556,买盘
13:31:55,103.91,0.01,3,31172,买盘
13:31:58,103.87,-0.04,17,176601,卖盘
13:32:04,103.92,0.05,4,41568,买盘
13:32:07,103.9,-0.02,1,10390,卖盘
13:32:10,103.9,0.0,13,135052,买盘
13:32:16,103.9,0.0,1,10390,买盘
13:32:22,103.9,0.0,1,10390,卖盘
13:32:27,103.9,0.0,4,41566,卖盘
13:32:31,103.9,0.0,3,31170,卖盘
13:32:34,103.92,0.02,8,83136,买盘
13:32:43,103.92,0.0,3,31176,买盘
13:32:46,103.9,-0.02,2,20780,卖盘
13:32:49,103.92,0.02,2,20784,买盘
13:32:52,103.9,-0.02,2,20780,卖盘
13:32:55,103.92,0.02,2,20784,买盘
13:32:58,103.92,0.0,2,20784,买盘
13:33:05,103.9,-0.02,3,31174,卖盘
13:33:07,103.9,0.0,6,62340,卖盘
13:33:13,103.9,0.0,2,20780,买盘
13:33:16,103.9,0.0,9,93510,买盘
13:33:19,103.9,0.0,3,31170,卖盘
13:33:22,103.92,0.02,4,41566,买盘
13:33:28,103.92,0.0,8,83126,买盘
13:33:31,103.95,0.03,16,166290,买盘
13:33:34,103.92,-0.03,9,93528,卖盘
13:33:37,103.9,-0.02,2,20780,卖盘
13:33:43,103.92,0.02,5,51960,买盘
13:33:46,103.92,0.0,1,10392,卖盘
13:33:49,103.9,-0.02,11,114300,卖盘
13:33:55,103.89,-0.01,1,10389,卖盘
13:33:58,103.89,0.0,2,20778,买盘
13:34:01,103.9,0.01,1,10390,买盘
13:34:04,103.92,0.02,3,31176,中性盘
13:34:07,103.9,-0.02,1,10390,卖盘
13:34:10,103.9,0.0,8,83136,卖盘
13:34:12,103.9,0.0,1,10390,买盘
13:34:16,103.9,0.0,1,10390,买盘
13:34:19,103.9,0.0,2,20780,买盘
13:34:22,103.92,0.02,6,62344,买盘
13:34:25,103.87,-0.05,4,41549,卖盘
13:34:28,103.89,0.02,1,10389,买盘
13:34:34,103.92,0.03,9,93526,买盘
13:34:40,103.9,-0.02,1,10390,卖盘
13:34:43,103.92,0.02,1,10392,买盘
13:34:46,103.9,-0.02,9,93512,卖盘
13:34:49,103.89,-0.01,3,31171,卖盘
13:34:52,103.89,0.0,2,20778,卖盘
13:34:58,103.9,0.01,2,20780,买盘
13:35:05,103.9,0.0,1,10390,卖盘
13:35:07,103.92,0.02,1,10392,买盘
13:35:13,103.92,0.0,3,31177,卖盘
13:35:15,103.92,0.0,5,51962,卖盘
13:35:22,103.93,0.01,11,114323,卖盘
13:35:28,103.94,0.01,1,10394,买盘
13:35:31,103.95,0.01,10,103937,买盘
13:35:34,103.94,-0.01,2,20788,买盘
13:35:39,103.95,0.01,1,10395,买盘
13:35:43,103.95,0.0,2,20789,买盘
13:35:46,103.95,0.0,21,218286,买盘
13:35:49,103.95,0.0,4,41580,买盘
13:35:52,103.92,-0.03,1,10392,卖盘
13:35:55,103.95,0.03,6,62358,买盘
13:36:00,103.96,0.01,5,51980,买盘
13:36:04,103.92,-0.04,5,51963,卖盘
13:36:07,103.96,0.04,4,41583,买盘
13:36:13,103.96,0.0,3,31188,买盘
13:36:16,103.92,-0.04,2,20784,卖盘
13:36:19,103.96,0.04,2,20791,买盘
13:36:25,103.9,-0.06,9,93513,卖盘
13:36:28,103.96,0.06,4,41576,买盘
13:36:34,103.95,-0.01,3,31185,买盘
13:36:37,103.96,0.01,1,10396,买盘
13:36:43,103.96,0.0,4,41584,买盘
13:36:49,103.96,0.0,11,114355,买盘
13:36:52,103.96,0.0,3,31396,买盘
13:36:58,103.96,0.0,1,10396,买盘
13:37:04,103.96,0.0,4,41584,买盘
13:37:07,103.95,-0.01,5,51975,卖盘
13:37:10,103.96,0.01,2,20792,买盘
13:37:13,103.96,0.0,1,10396,买盘
13:37:16,103.95,-0.01,32,332670,卖盘
13:37:19,103.97,0.02,2,20794,买盘
13:37:28,103.92,-0.05,26,270225,卖盘
13:37:31,103.92,0.0,1,10392,买盘
13:37:33,103.92,0.0,4,41568,买盘
13:37:37,103.92,0.0,11,114312,买盘
13:37:43,103.92,0.0,1,10392,买盘
13:37:49,103.92,0.0,3,31176,买盘
13:37:52,103.92,0.0,12,124692,买盘
13:37:58,103.92,0.0,3,31176,买盘
13:38:01,103.92,0.0,3,31176,买盘
13:38:04,103.92,0.0,2,20784,买盘
13:38:07,103.9,-0.02,2,20780,卖盘
13:38:13,103.92,0.02,26,270152,买盘
13:38:19,103.92,0.0,4,41568,买盘
13:38:22,103.92,0.0,2,20784,买盘
13:38:25,103.92,0.0,2,20784,买盘
13:38:28,103.92,0.0,3,31176,买盘
13:38:31,103.92,0.0,9,93528,买盘
13:38:34,103.9,-0.02,6,62350,卖盘
13:38:36,103.92,0.02,3,31176,买盘
13:38:43,103.89,-0.03,2,20778,卖盘
13:38:46,103.92,0.03,2,20784,买盘
13:38:49,103.92,0.0,4,41563,买盘
13:38:52,103.91,-0.01,4,41558,买盘
13:38:55,103.89,-0.02,2,20778,卖盘
13:38:58,103.89,0.0,5,51948,卖盘
13:39:01,103.89,0.0,5,51945,买盘
13:39:05,103.89,0.0,2,20778,买盘
13:39:07,103.89,0.0,9,93501,买盘
13:39:10,103.89,0.0,8,83112,买盘
13:39:16,103.89,0.0,3,31167,卖盘
13:39:19,103.89,0.0,8,83127,卖盘
13:39:28,103.92,0.03,2,20784,买盘
13:39:34,103.95,0.03,2,20790,买盘
13:39:40,103.96,0.01,3,31188,买盘
13:39:43,103.92,-0.04,10,103941,卖盘
13:39:46,103.92,0.0,1,10392,买盘
13:39:49,103.92,0.0,3,31176,买盘
13:39:52,103.95,0.03,2,20787,买盘
13:39:55,103.9,-0.05,1,10390,卖盘
13:39:58,103.95,0.05,1,10395,买盘
13:40:04,103.95,0.0,2,20790,买盘
13:40:10,103.94,-0.01,1,10394,中性盘
13:40:13,103.94,0.0,2,20786,买盘
13:40:16,103.93,-0.01,1,10393,卖盘
13:40:19,103.92,-0.01,2,20784,买盘
13:40:25,103.9,-0.02,6,62340,卖盘
13:40:28,103.92,0.02,1,10392,买盘
13:40:31,103.92,0.0,11,114318,买盘
13:40:43,103.94,0.02,1,10394,买盘
13:40:46,103.94,0.0,8,83159,卖盘
13:40:49,103.96,0.02,5,51974,买盘
13:40:52,103.96,0.0,15,155940,买盘
13:40:55,103.96,0.0,3,31188,买盘
13:40:58,103.96,0.0,11,114352,买盘
13:41:01,103.96,0.0,2,20792,卖盘
13:41:04,103.96,0.0,6,62376,卖盘
13:41:07,103.94,-0.02,4,41582,卖盘
13:41:10,103.97,0.03,6,62379,买盘
13:41:13,103.94,-0.03,1,10394,中性盘
13:41:16,103.92,-0.02,6,62352,卖盘
13:41:19,103.92,0.0,1,10392,买盘
13:41:22,103.92,0.0,29,301346,买盘
13:41:27,103.9,-0.02,20,207781,买盘
13:41:31,103.88,-0.02,21,218160,卖盘
13:41:33,103.87,-0.01,24,249321,卖盘
13:41:37,103.9,0.03,6,62335,买盘
13:41:43,103.83,-0.07,32,332318,卖盘
13:41:46,103.86,0.03,1,10386,买盘
13:41:49,103.82,-0.04,13,135010,卖盘
13:41:52,103.86,0.04,7,72715,中性盘
13:41:55,103.82,-0.04,31,321895,卖盘
13:41:58,103.95,0.13,13,135102,买盘
13:42:04,103.92,-0.03,15,155918,卖盘
13:42:07,103.95,0.03,3,31185,卖盘
13:42:10,103.92,-0.03,2,20787,卖盘
13:42:13,103.92,0.0,1,10392,买盘
13:42:16,103.9,-0.02,1,10390,卖盘
13:42:19,103.9,0.0,2,20780,买盘
13:42:25,103.82,-0.08,28,290727,卖盘
13:42:28,103.9,0.08,13,135036,买盘
13:42:31,103.81,-0.09,35,363341,卖盘
13:42:34,103.81,0.0,2,20762,买盘
13:42:37,103.8,-0.01,2,20761,卖盘
13:42:40,103.8,0.0,30,311400,卖盘
13:42:43,103.8,0.0,10,103798,买盘
13:42:46,103.79,-0.01,2,20758,卖盘
13:42:49,103.79,0.0,5,51895,卖盘
13:42:52,103.79,0.0,3,31137,买盘
13:42:55,103.78,-0.01,3,31136,卖盘
13:42:58,103.79,0.01,25,259453,买盘
13:43:01,103.8,0.01,19,197192,买盘
13:43:04,103.78,-0.02,4,41514,卖盘
13:43:07,103.8,0.02,5,51900,买盘
13:43:09,103.79,-0.01,2,20758,卖盘
13:43:13,103.79,0.0,7,72656,卖盘
13:43:16,103.79,0.0,2,20758,中性盘
13:43:22,103.79,0.0,20,207582,卖盘
13:43:25,103.79,0.0,4,41516,买盘
13:43:28,103.8,0.01,5,51893,买盘
13:43:31,103.8,0.0,8,83040,买盘
13:43:34,103.78,-0.02,5,51887,中性盘
13:43:37,103.8,0.02,5,51900,买盘
13:43:40,103.82,0.02,4,41528,买盘
13:43:43,103.9,0.08,5,51912,买盘
13:43:46,103.8,-0.1,4,41522,卖盘
13:43:49,103.8,0.0,10,103800,卖盘
13:43:52,103.8,0.0,3,31140,买盘
13:43:55,103.78,-0.02,2,20756,卖盘
13:43:58,103.8,0.02,1,10380,买盘
13:44:04,103.78,-0.02,2,20756,买盘
13:44:10,103.9,0.12,15,155754,买盘
13:44:13,103.81,-0.09,1,10381,买盘
13:44:16,103.8,-0.01,5,51903,卖盘
13:44:19,103.82,0.02,11,114200,买盘
13:44:22,103.82,0.0,2,20764,买盘
13:44:25,103.8,-0.02,32,332176,卖盘
13:44:28,103.82,0.02,8,83047,买盘
13:44:30,103.81,-0.01,9,93429,中性盘
13:44:34,103.81,0.0,2,20762,中性盘
13:44:37,103.8,-0.01,5,51903,卖盘
13:44:43,103.81,0.01,13,134953,买盘
13:44:46,103.81,0.0,3,31145,卖盘
13:44:49,103.82,0.01,4,41528,买盘
13:44:55,103.82,0.0,36,373752,买盘
13:44:58,103.88,0.06,20,207634,买盘
13:45:04,103.9,0.02,4,41540,买盘
13:45:07,103.82,-0.08,3,31154,中性盘
13:45:10,103.82,0.0,1,10382,中性盘
13:45:13,103.9,0.08,1,10390,买盘
13:45:16,103.82,-0.08,1,10382,卖盘
13:45:19,103.9,0.08,2,20780,买盘
13:45:22,103.82,-0.08,1,10382,卖盘
13:45:25,103.82,0.0,7,72674,卖盘
13:45:28,103.9,0.08,3,31154,买盘
13:45:31,103.82,-0.08,30,311460,卖盘
13:45:34,103.9,0.08,6,62340,买盘
13:45:37,103.82,-0.08,3,31162,卖盘
13:45:43,103.89,0.07,3,31153,买盘
13:45:46,103.9,0.01,7,72727,买盘
13:45:48,103.89,-0.01,11,114283,买盘
13:45:52,103.82,-0.07,1,10382,卖盘
13:45:55,103.89,0.07,2,20778,买盘
13:45:58,103.9,0.01,3,31169,买盘
13:46:01,103.9,0.0,9,93498,买盘
13:46:04,103.9,0.0,7,72730,买盘
13:46:13,103.9,0.0,1,10390,买盘
13:46:16,103.9,0.0,2,20780,买盘
13:46:19,103.9,0.0,5,51927,买盘
13:46:28,103.9,0.0,10,103884,买盘
13:46:30,103.82,-0.08,1,10382,卖盘
13:46:34,103.89,0.07,4,41556,中性盘
13:46:36,103.9,0.01,6,62339,买盘
13:46:40,103.89,-0.01,4,41559,卖盘
13:46:43,103.9,0.01,2,20779,买盘
13:46:46,103.9,0.0,5,51950,买盘
13:46:49,103.88,-0.02,7,72722,卖盘
13:46:52,103.88,0.0,6,62328,买盘
13:46:55,103.88,0.0,2,20776,买盘
13:46:58,103.88,0.0,1,10388,买盘
13:47:04,103.88,0.0,2,20776,买盘
13:47:10,103.88,0.0,9,93492,买盘
13:47:13,103.88,0.0,2,20776,卖盘
13:47:19,103.9,0.02,2,20780,买盘
13:47:22,103.9,0.0,2,20780,买盘
13:47:25,103.9,0.0,2,20780,买盘
13:47:27,103.9,0.0,3,31170,买盘
13:47:31,103.9,0.0,11,114286,买盘
13:47:34,103.9,0.0,1,10390,卖盘
13:47:40,103.9,0.0,2,20780,卖盘
13:47:43,103.91,0.01,1,10391,中性盘
13:47:49,103.91,0.0,3,31173,买盘
13:47:52,103.9,-0.01,5,51954,卖盘
13:47:55,103.9,0.0,12,124680,卖盘
13:47:57,103.91,0.01,6,62346,买盘
13:48:04,103.91,0.0,2,20782,卖盘
13:48:07,103.92,0.01,30,311753,买盘
13:48:10,103.96,0.04,16,166311,买盘
13:48:13,103.96,0.0,1,10396,买盘
13:48:22,103.97,0.01,2,20794,买盘
13:48:25,103.97,0.0,2,20794,买盘
13:48:28,103.97,0.0,12,124764,买盘
13:48:34,103.92,-0.05,12,124724,卖盘
13:48:37,103.96,0.04,3,31184,买盘
13:48:40,103.92,-0.04,1,10392,卖盘
13:48:43,103.97,0.05,8,83126,买盘
13:48:49,103.97,0.0,3,31186,买盘
13:48:55,103.97,0.0,12,124764,买盘
13:48:58,103.92,-0.05,2,20784,卖盘
13:49:01,103.88,-0.04,7,72716,卖盘
13:49:04,103.95,0.07,3,31185,买盘
13:49:13,103.96,0.01,1,10396,买盘
13:49:15,103.95,-0.01,2,20790,卖盘
13:49:22,103.97,0.02,13,135156,买盘
13:49:28,103.96,-0.01,3,31188,中性盘
13:49:31,103.97,0.01,10,103964,买盘
13:49:34,103.95,-0.02,5,51976,卖盘
13:49:37,103.96,0.01,1,10396,中性盘
13:49:40,103.97,0.01,12,124764,买盘
13:49:43,103.97,0.0,7,72779,买盘
13:49:46,103.96,-0.01,2,20792,卖盘
13:49:49,103.95,-0.01,2,20791,卖盘
13:49:52,103.97,0.02,2,20793,买盘
13:49:58,103.97,0.0,2,20792,买盘
13:50:01,103.92,-0.05,6,62361,卖盘
13:50:04,103.97,0.05,5,51985,买盘
13:50:07,103.94,-0.03,4,41576,卖盘
13:50:13,103.95,0.01,1,10395,买盘
13:50:16,103.95,0.0,4,41579,买盘
13:50:19,103.95,0.0,2,20790,买盘
13:50:22,103.95,0.0,2,20790,买盘
13:50:27,103.95,0.0,7,72765,买盘
13:50:34,103.96,0.01,3,31187,买盘
13:50:37,103.95,-0.01,1,10395,卖盘
13:50:40,103.95,0.0,7,72765,卖盘
13:50:43,103.95,0.0,2,20790,买盘
13:50:46,103.92,-0.03,3,31180,卖盘
13:50:52,103.95,0.03,5,51972,买盘
13:50:54,103.91,-0.04,2,20782,卖盘
13:50:58,103.91,0.0,2,20783,卖盘
13:51:01,103.91,0.0,2,20782,卖盘
13:51:05,103.91,0.0,11,114301,卖盘
13:51:07,103.95,0.04,8,83158,买盘
13:51:10,103.91,-0.04,4,41564,卖盘
13:51:16,103.91,0.0,6,62346,买盘
13:51:19,103.95,0.04,2,20790,买盘
13:51:28,103.95,0.0,5,51959,买盘
13:51:31,103.91,-0.04,1,10391,卖盘
13:51:37,103.95,0.04,2,20790,买盘
13:51:40,103.91,-0.04,1,10391,卖盘
13:51:43,103.91,0.0,3,31177,卖盘
13:51:49,103.95,0.04,2,20790,买盘
13:51:55,103.91,-0.04,2,20782,卖盘
13:51:58,103.94,0.03,6,62349,买盘
13:52:01,103.94,0.0,6,62364,买盘
13:52:04,103.92,-0.02,4,41574,中性盘
13:52:07,103.91,-0.01,1,10391,卖盘
13:52:10,103.9,-0.01,36,374072,卖盘
13:52:13,103.88,-0.02,4,41558,卖盘
13:52:19,103.9,0.02,5,51946,买盘
13:52:28,103.9,0.0,8,83118,买盘
13:52:31,103.88,-0.02,2,20776,卖盘
13:52:34,103.88,0.0,9,93504,卖盘
13:52:40,103.88,0.0,10,103887,卖盘
13:52:43,103.9,0.02,1,10390,买盘
13:52:46,103.9,0.0,1,10390,卖盘
13:52:52,103.9,0.0,2,20780,买盘
13:52:58,103.9,0.0,1,10390,买盘
13:53:01,103.9,0.0,1,10390,买盘
13:53:04,103.9,0.0,4,41560,买盘
13:53:07,103.91,0.01,5,51952,买盘
13:53:10,103.89,-0.02,3,31169,卖盘
13:53:13,103.9,0.01,2,20780,买盘
13:53:16,103.88,-0.02,19,197374,卖盘
13:53:19,103.88,0.0,4,41552,买盘
13:53:28,103.88,0.0,1,10388,买盘
13:53:31,103.83,-0.05,12,124596,卖盘
13:53:34,103.87,0.04,6,62310,买盘
13:53:37,103.82,-0.05,24,249230,卖盘
13:53:40,103.87,0.05,1,10387,买盘
13:53:43,103.87,0.0,1,10387,买盘
13:53:46,103.82,-0.05,3,31156,卖盘
13:53:48,103.86,0.04,2,20772,中性盘
13:53:55,103.87,0.01,6,62322,买盘
13:53:58,103.86,-0.01,4,41544,买盘
13:54:01,103.88,0.02,1,10388,买盘
13:54:05,103.88,0.0,1,10388,买盘
13:54:07,103.86,-0.02,8,83097,卖盘
13:54:10,103.83,-0.03,2,20766,卖盘
13:54:16,103.86,0.03,12,124619,买盘
13:54:22,103.83,-0.03,8,83091,卖盘
13:54:28,103.86,0.03,3,31160,卖盘
13:54:31,103.88,0.02,10,103879,买盘
13:54:34,103.88,0.0,2,20774,买盘
13:54:36,103.88,0.0,2,20776,买盘
13:54:40,103.88,0.0,1,10388,买盘
13:54:42,103.87,-0.01,1,10387,卖盘
13:54:46,103.88,0.01,4,41552,买盘
13:54:52,103.88,0.0,4,41552,买盘
13:54:58,103.87,-0.01,7,72712,卖盘
13:55:01,103.87,0.0,11,114258,卖盘
13:55:07,103.87,0.0,2,20774,买盘
13:55:13,103.87,0.0,1,10387,买盘
13:55:16,103.81,-0.06,27,280320,卖盘
13:55:22,103.87,0.06,2,20774,买盘
13:55:25,103.87,0.0,2,20768,买盘
13:55:28,103.81,-0.06,20,207620,卖盘
13:55:31,103.81,0.0,4,41529,卖盘
13:55:37,103.86,0.05,8,83088,买盘
13:55:40,103.87,0.01,2,20774,买盘
13:55:43,103.81,-0.06,5,51913,卖盘
13:55:46,103.85,0.04,9,93475,买盘
13:55:49,103.81,-0.04,4,41536,买盘
13:55:52,103.81,0.0,1,10381,卖盘
13:55:55,103.82,0.01,7,72703,卖盘
13:56:01,103.88,0.06,2,20776,买盘
13:56:04,103.82,-0.06,2,20768,卖盘
13:56:07,103.88,0.06,5,51934,买盘
13:56:10,103.88,0.0,13,135044,买盘
13:56:13,103.88,0.0,1,10388,买盘
13:56:19,103.87,-0.01,1,10387,买盘
13:56:22,103.87,0.0,2,20774,买盘
13:56:25,103.82,-0.05,1,10382,卖盘
13:56:28,103.88,0.06,2,20776,买盘
13:56:31,103.82,-0.06,1,10382,买盘
13:56:34,103.81,-0.01,9,93484,卖盘
13:56:46,103.9,0.09,1,10390,买盘
13:56:52,103.89,-0.01,6,62336,卖盘
13:56:54,103.89,0.0,2,20778,卖盘
13:56:58,103.97,0.08,88,914767,买盘
13:57:00,103.97,0.0,4,41588,卖盘
13:57:04,103.97,0.0,8,83176,卖盘
13:57:07,103.81,-0.16,44,457407,卖盘
13:57:13,103.98,0.17,1,10398,买盘
13:57:16,103.9,-0.08,2,20780,卖盘
13:57:19,103.9,0.0,1,10390,买盘
13:57:22,103.9,0.0,2,20780,买盘
13:57:28,103.9,0.0,1,10390,买盘
13:57:37,103.9,0.0,2,20780,买盘
13:57:40,103.9,0.0,1,10390,买盘
13:57:42,103.87,-0.03,8,83099,卖盘
13:57:46,103.87,0.0,4,41548,买盘
13:57:49,103.87,0.0,9,93473,买盘
13:57:51,103.82,-0.05,19,197259,卖盘
13:57:58,103.87,0.05,1,10387,买盘
13:58:01,103.87,0.0,1,10387,买盘
13:58:07,103.87,0.0,4,41548,买盘
13:58:10,103.87,0.0,6,62322,买盘
13:58:16,103.87,0.0,1,10387,买盘
13:58:19,103.87,0.0,1,10387,买盘
13:58:22,103.83,-0.04,3,31149,卖盘
13:58:28,103.9,0.07,2,20780,买盘
13:58:34,103.91,0.01,2,20782,买盘
13:58:43,103.9,-0.01,1,10390,买盘
13:58:45,103.91,0.01,7,72736,买盘
13:58:49,103.89,-0.02,5,51946,卖盘
13:58:58,103.87,-0.02,2,20774,买盘
13:59:01,103.89,0.02,1,10389,买盘
13:59:07,103.89,0.0,3,31167,买盘
13:59:10,103.87,-0.02,1,10387,卖盘
13:59:13,103.89,0.02,2,20778,买盘
13:59:16,103.89,0.0,1,10389,买盘
13:59:19,103.88,-0.01,2,20776,买盘
13:59:28,103.87,-0.01,3,31161,卖盘
13:59:31,103.88,0.01,7,72716,买盘
13:59:34,103.91,0.03,5,51944,买盘
13:59:40,103.88,-0.03,11,114271,卖盘
13:59:43,103.98,0.1,6,62360,买盘
13:59:49,103.97,-0.01,2,20794,买盘
13:59:55,103.91,-0.06,3,31173,卖盘
13:59:58,103.91,0.0,1,10391,买盘
14:00:01,103.91,0.0,1,10391,买盘
14:00:07,103.91,0.0,3,31173,买盘
14:00:16,103.91,0.0,4,41562,买盘
14:00:19,103.88,-0.03,19,197381,卖盘
14:00:22,103.91,0.03,2,20782,买盘
14:00:28,103.9,-0.01,2,20780,买盘
14:00:31,103.9,0.0,2,20780,买盘
14:00:37,103.9,0.0,2,20780,买盘
14:00:43,103.89,-0.01,7,72723,卖盘
14:00:45,103.89,0.0,5,51946,卖盘
14:00:49,103.88,-0.01,7,72718,卖盘
14:00:52,103.9,0.02,5,51949,买盘
14:01:01,103.9,0.0,1,10390,买盘
14:01:07,103.9,0.0,8,83119,买盘
14:01:13,103.89,-0.01,1,10389,卖盘
14:01:16,103.9,0.01,3,31170,买盘
14:01:22,103.9,0.0,4,41560,买盘
14:01:28,103.9,0.0,1,10390,买盘
14:01:30,103.89,-0.01,2,20779,卖盘
14:01:34,103.9,0.01,2,20780,买盘
14:01:37,103.89,-0.01,3,31169,卖盘
14:01:46,103.9,0.01,3,31171,卖盘
14:01:51,103.9,0.0,8,83122,中性盘
14:01:55,103.9,0.0,2,20781,中性盘
14:01:58,103.9,0.0,4,41560,中性盘
14:02:01,103.91,0.01,16,166256,买盘
14:02:07,103.91,0.0,4,41564,买盘
14:02:10,103.91,0.0,1,10391,买盘
14:02:16,103.96,0.05,1,10396,买盘
14:02:25,103.91,-0.05,3,31183,卖盘
14:02:31,103.95,0.04,4,41580,买盘
14:02:34,103.91,-0.04,2,20786,卖盘
14:02:36,103.96,0.05,6,62375,买盘
14:02:43,103.95,-0.01,3,31185,卖盘
14:02:46,103.96,0.01,2,20792,买盘
14:02:49,103.97,0.01,17,176749,买盘
14:02:52,103.96,-0.01,6,62378,卖盘
14:02:54,103.95,-0.01,1,10395,卖盘
14:02:58,103.97,0.02,8,83174,买盘
14:03:01,103.97,0.0,2,20794,买盘
14:03:05,103.97,0.0,3,31191,买盘
14:03:07,103.97,0.0,4,41588,买盘
14:03:10,103.97,0.0,4,41588,买盘
14:03:12,103.97,0.0,2,20794,买盘
14:03:16,103.98,0.01,4,41590,买盘
14:03:19,103.98,0.0,2,20796,买盘
14:03:21,103.98,0.0,7,72786,买盘
14:03:25,103.98,0.0,3,31194,买盘
14:03:28,103.99,0.01,6,62394,买盘
14:03:31,103.99,0.0,2,20798,买盘
14:03:34,103.98,-0.01,10,103980,卖盘
14:03:37,103.98,0.0,8,83186,中性盘
14:03:43,103.98,0.0,4,41592,买盘
14:03:46,103.98,0.0,7,72786,买盘
14:03:49,103.95,-0.03,3,31187,卖盘
14:03:52,103.98,0.03,6,62388,买盘
14:03:55,103.99,0.01,10,103981,买盘
14:04:01,103.98,-0.01,3,31194,卖盘
14:04:07,103.98,0.0,2,20796,买盘
14:04:10,103.98,0.0,2,20796,买盘
14:04:13,104.0,0.02,2,20799,买盘
14:04:22,104.0,0.0,8,83200,买盘
14:04:25,103.99,-0.01,5,51995,卖盘
14:04:28,104.0,0.01,3,31200,买盘
14:04:30,104.0,0.0,4,41600,买盘
14:04:37,104.0,0.0,11,114397,买盘
14:04:40,103.98,-0.02,1,10398,卖盘
14:04:43,104.0,0.02,17,176800,买盘
14:04:46,104.0,0.0,1,10400,买盘
14:04:49,103.99,-0.01,3,31199,卖盘
14:04:52,104.0,0.01,6,62400,买盘
14:04:55,104.0,0.0,3,31200,买盘
14:04:58,104.01,0.01,7,72803,买盘
14:05:00,104.0,-0.01,1,10400,中性盘
14:05:07,104.01,0.01,2,20802,买盘
14:05:10,104.01,0.0,3,31203,买盘
14:05:19,104.02,0.01,2,20804,买盘
14:05:25,104.05,0.03,7,72831,买盘
14:05:28,104.05,0.0,1,10405,买盘
14:05:37,104.07,0.02,2,20814,买盘
14:05:40,104.01,-0.06,2,20806,卖盘
14:05:43,104.05,0.04,3,31215,中性盘
14:05:51,104.05,0.0,2,20810,买盘
14:05:55,104.05,0.0,4,41620,买盘
14:06:00,104.01,-0.04,4,41614,卖盘
14:06:07,104.04,0.03,1,10404,买盘
14:06:10,104.05,0.01,2,20809,买盘
14:06:16,104.04,-0.01,1,10404,买盘
14:06:19,104.01,-0.03,1,10401,卖盘
14:06:22,104.04,0.03,2,20805,买盘
14:06:25,104.04,0.0,1,10404,卖盘
14:06:28,104.01,-0.03,3,31206,卖盘
14:06:37,104.01,0.0,2,20802,买盘
14:06:40,104.01,0.0,4,41604,买盘
14:06:42,104.03,0.02,6,62412,买盘
14:06:46,104.01,-0.02,2,20802,卖盘
14:06:52,104.03,0.02,2,20806,买盘
14:06:55,104.03,0.0,1,10403,买盘
