time,price,change,volume,amount,type
09:25:00,101.8,-0.13,277,2819860,卖盘
09:30:01,101.7,-0.1,6,61062,卖盘
09:30:04,101.7,0.0,172,1750783,卖盘
09:30:07,101.68,-0.02,58,590294,卖盘
09:30:10,101.7,0.02,73,742170,买盘
09:30:13,101.68,-0.02,34,345826,卖盘
09:30:16,101.7,0.02,26,264410,中性盘
09:30:19,101.74,0.04,1,10174,卖盘
09:30:22,101.74,0.0,28,284886,买盘
09:30:25,101.72,-0.02,41,416968,买盘
09:30:28,101.77,0.05,23,233990,买盘
09:30:31,101.79,0.02,18,183186,买盘
09:30:34,101.79,0.0,9,91607,买盘
09:30:37,101.68,-0.11,167,1698900,卖盘
09:30:39,101.8,0.12,95,966949,买盘
09:30:43,101.81,0.01,40,407240,买盘
09:30:46,101.8,-0.01,20,203610,卖盘
09:30:49,101.8,0.0,24,244399,卖盘
09:30:52,101.79,-0.01,57,580361,卖盘
09:30:55,101.68,-0.11,47,478244,卖盘
09:30:58,101.68,0.0,25,254210,卖盘
09:31:01,101.8,0.12,11,111980,买盘
09:31:05,101.68,-0.12,20,203477,卖盘
09:31:07,101.69,0.01,8,81357,中性盘
09:31:10,101.78,0.09,39,396980,买盘
09:31:13,101.68,-0.1,34,345799,卖盘
09:31:16,101.68,0.0,24,244057,卖盘
09:31:19,101.7,0.02,19,193209,买盘
09:31:22,101.68,-0.02,27,274553,卖盘
09:31:25,101.6,-0.08,68,691063,卖盘
09:31:28,101.58,-0.02,33,335296,卖盘
09:31:30,101.53,-0.05,19,192931,卖盘
09:31:34,101.51,-0.02,55,558439,卖盘
09:31:37,101.51,0.0,27,274080,买盘
09:31:40,101.51,0.0,35,355264,买盘
09:31:43,101.51,0.0,40,406019,买盘
09:31:46,101.5,-0.01,37,375564,卖盘
09:31:49,101.52,0.02,43,436484,买盘
09:31:52,101.5,-0.02,24,243624,卖盘
09:31:55,101.55,0.05,19,192911,买盘
09:31:58,101.53,-0.02,13,131998,卖盘
09:32:00,101.6,0.07,7,71106,买盘
09:32:04,101.63,0.03,6,60969,买盘
09:32:07,101.58,-0.05,12,121924,卖盘
09:32:10,101.61,0.03,10,101608,卖盘
09:32:13,101.53,-0.08,13,132077,卖盘
09:32:16,101.61,0.08,7,71118,买盘
09:32:19,101.5,-0.11,40,406025,卖盘
09:32:21,101.51,0.01,96,974364,买盘
09:32:25,101.51,0.0,43,436416,买盘
09:32:28,101.51,0.0,41,416147,中性盘
09:32:31,101.46,-0.05,18,182704,卖盘
09:32:34,101.51,0.05,58,588677,买盘
09:32:37,101.42,-0.09,60,608897,卖盘
09:32:40,101.5,0.08,23,233249,买盘
09:32:43,101.46,-0.04,5,50743,中性盘
09:32:46,101.46,0.0,8,81168,买盘
09:32:49,101.4,-0.06,32,324520,卖盘
09:32:52,101.44,0.04,89,903302,中性盘
09:32:55,101.36,-0.08,25,253449,卖盘
09:32:58,101.33,-0.03,9,91204,卖盘
09:33:01,101.35,0.02,14,141861,买盘
09:33:05,101.33,-0.02,15,151990,中性盘
09:33:07,101.33,0.0,29,293885,买盘
09:33:10,101.36,0.03,83,841387,买盘
09:33:13,101.43,0.07,148,1500292,买盘
09:33:16,101.4,-0.03,53,537539,卖盘
09:33:19,101.5,0.1,45,456394,买盘
09:33:22,101.59,0.09,18,182730,买盘
09:33:25,101.57,-0.02,18,182754,中性盘
09:33:27,101.51,-0.06,6,60939,卖盘
09:33:31,101.6,0.09,19,192998,买盘
09:33:34,101.65,0.05,7,71134,买盘
09:33:37,101.61,-0.04,12,121940,卖盘
09:33:40,101.68,0.07,5,50821,买盘
09:33:43,101.65,-0.03,6,61049,中性盘
09:33:46,101.79,0.14,25,254314,买盘
09:33:49,101.63,-0.16,19,193059,中性盘
09:33:52,101.78,0.15,2,20346,买盘
09:33:55,101.65,-0.13,3,30508,中性盘
09:33:58,101.65,0.0,2,20330,买盘
09:34:01,101.65,0.0,7,71203,买盘
09:34:04,101.58,-0.07,38,386089,卖盘
09:34:07,101.55,-0.03,77,781960,卖盘
09:34:10,101.55,0.0,50,507767,卖盘
09:34:13,101.55,0.0,14,142108,买盘
09:34:16,101.5,-0.05,124,1258600,卖盘
09:34:19,101.39,-0.11,32,324457,卖盘
09:34:22,101.47,0.08,40,405430,买盘
09:34:25,101.36,-0.11,15,151998,中性盘
09:34:31,101.49,0.13,2,20296,中性盘
09:34:34,101.49,0.0,11,111639,买盘
09:34:37,101.5,0.01,24,243581,买盘
09:34:40,101.5,0.0,17,172550,卖盘
09:34:43,101.5,0.0,2,20300,卖盘
09:34:46,101.5,0.0,12,121800,卖盘
09:34:49,101.51,0.01,12,121805,买盘
09:34:52,101.48,-0.03,36,365390,卖盘
09:34:55,101.44,-0.04,15,152226,卖盘
09:34:58,101.38,-0.06,94,953155,卖盘
09:35:01,101.34,-0.04,23,233104,卖盘
09:35:05,101.33,-0.01,14,141862,卖盘
09:35:07,101.4,0.07,34,344725,中性盘
09:35:10,101.38,-0.02,6,60834,卖盘
09:35:13,101.34,-0.04,12,121603,中性盘
09:35:16,101.33,-0.01,19,192548,卖盘
09:35:19,101.34,0.01,29,293869,买盘
09:35:22,101.34,0.0,33,334409,买盘
09:35:25,101.34,0.0,31,314127,买盘
09:35:28,101.38,0.04,9,91204,买盘
09:35:31,101.34,-0.04,18,182422,卖盘
09:35:34,101.31,-0.03,92,932212,卖盘
09:35:37,101.4,0.09,37,375025,买盘
09:35:39,101.34,-0.06,15,152011,卖盘
09:35:43,101.4,0.06,4,40560,买盘
09:35:46,101.4,0.0,29,294060,卖盘
09:35:49,101.35,-0.05,4,40552,卖盘
09:35:52,101.37,0.02,6,60820,买盘
09:35:55,101.35,-0.02,8,81082,卖盘
09:35:58,101.37,0.02,6,60822,卖盘
09:36:01,101.37,0.0,20,202740,卖盘
09:36:04,101.35,-0.02,21,212827,卖盘
09:36:07,101.35,0.0,10,101356,买盘
09:36:10,101.35,0.0,12,121618,买盘
09:36:13,101.32,-0.03,108,1094241,卖盘
09:36:16,101.3,-0.02,36,364715,卖盘
09:36:19,101.3,0.0,18,182357,卖盘
09:36:22,101.34,0.04,48,486393,买盘
09:36:25,101.32,-0.02,18,182345,买盘
09:36:28,101.31,-0.01,10,101317,中性盘
09:36:31,101.31,0.0,8,81045,买盘
09:36:34,101.31,0.0,19,192509,卖盘
09:36:37,101.35,0.04,53,545164,买盘
09:36:40,101.34,-0.01,37,374939,卖盘
09:36:43,101.34,0.0,2,22089,卖盘
09:36:45,101.4,0.06,60,608211,买盘
09:36:49,101.39,-0.01,48,486608,中性盘
09:36:51,101.4,0.01,12,121680,中性盘
09:36:55,101.48,0.08,6,60880,买盘
09:36:58,101.4,-0.08,18,182628,卖盘
09:37:01,101.4,0.0,13,131820,卖盘
09:37:05,101.4,0.0,13,131820,卖盘
09:37:07,101.47,0.07,10,101435,买盘
09:37:10,101.4,-0.07,12,121689,卖盘
09:37:13,101.4,0.0,4,40568,卖盘
09:37:16,101.4,0.0,14,140170,卖盘
09:37:19,101.48,0.08,20,202872,买盘
09:37:22,101.4,-0.08,5,50701,卖盘
09:37:25,101.4,0.0,2,20280,卖盘
09:37:28,101.36,-0.04,88,894103,卖盘
09:37:31,101.35,-0.01,42,423860,卖盘
09:37:34,101.35,0.0,3,30406,卖盘
09:37:37,101.35,0.0,33,334447,卖盘
09:37:40,101.35,0.0,24,243352,卖盘
09:37:43,101.35,0.0,1,10135,中性盘
09:37:46,101.4,0.05,17,172320,买盘
09:37:49,101.34,-0.06,19,192509,买盘
09:37:52,101.35,0.01,28,283752,买盘
09:37:55,101.31,-0.04,30,303994,卖盘
09:38:01,101.32,0.01,5,50664,卖盘
09:38:05,101.33,0.01,64,648622,中性盘
09:38:07,101.3,-0.03,73,739556,卖盘
09:38:10,101.32,0.02,18,182444,卖盘
09:38:13,101.32,0.0,17,172226,买盘
09:38:16,101.31,-0.01,4,40526,中性盘
09:38:19,101.31,0.0,7,70917,买盘
09:38:22,101.32,0.01,21,212764,买盘
09:38:25,101.31,-0.01,24,243151,卖盘
09:38:28,101.3,-0.01,59,597711,卖盘
09:38:31,101.31,0.01,84,850973,买盘
09:38:34,101.3,-0.01,160,1620937,卖盘
09:38:37,101.3,0.0,50,506505,卖盘
09:38:40,101.3,0.0,45,455879,卖盘
09:38:43,101.32,0.02,49,496379,买盘
09:38:46,101.29,-0.03,107,1083831,卖盘
09:38:49,101.29,0.0,11,111423,卖盘
09:38:52,101.28,-0.01,24,243083,卖盘
09:38:55,101.32,0.04,2,20263,买盘
09:38:58,101.31,-0.01,6,60790,卖盘
09:39:01,101.3,-0.01,1,10130,卖盘
09:39:05,101.3,0.0,5,50649,买盘
09:39:07,101.3,0.0,6,60780,卖盘
09:39:10,101.29,-0.01,2,20259,卖盘
09:39:13,101.31,0.02,4,40523,买盘
09:39:16,101.31,0.0,14,141819,买盘
09:39:19,101.31,0.0,2,20262,买盘
09:39:22,101.3,-0.01,10,101307,卖盘
09:39:25,101.3,0.0,10,101294,买盘
09:39:28,101.3,0.0,17,172201,买盘
09:39:31,101.29,-0.01,116,1174986,卖盘
09:39:34,101.25,-0.04,41,415159,卖盘
09:39:37,101.25,0.0,15,151879,卖盘
09:39:40,101.28,0.03,20,202448,买盘
09:39:43,101.25,-0.03,5,50619,买盘
09:39:46,101.25,0.0,1,10125,买盘
09:39:49,101.18,-0.07,151,1528199,卖盘
09:39:52,101.15,-0.03,29,293387,卖盘
09:39:55,101.14,-0.01,7,70808,卖盘
09:39:58,101.22,0.08,1,10122,买盘
09:40:01,101.1,-0.12,129,1304595,卖盘
09:40:04,101.13,0.03,32,323544,中性盘
09:40:07,101.15,0.02,24,242711,买盘
09:40:10,101.08,-0.07,165,1668052,卖盘
09:40:13,101.05,-0.03,30,303185,卖盘
09:40:16,101.07,0.02,17,171874,卖盘
09:40:19,101.15,0.08,4,40460,买盘
09:40:22,101.12,-0.03,6,60672,卖盘
09:40:25,101.12,0.0,4,40448,卖盘
09:40:28,101.06,-0.06,27,272930,卖盘
09:40:31,101.1,0.04,54,545730,买盘
09:40:34,101.05,-0.05,23,232421,卖盘
09:40:37,101.05,0.0,122,1232828,卖盘
09:40:40,101.05,0.0,60,606281,卖盘
09:40:43,101.05,0.0,109,1101433,买盘
09:40:45,101.03,-0.02,69,697156,卖盘
09:40:49,101.02,-0.01,24,242478,卖盘
09:40:52,101.03,0.01,12,121259,卖盘
09:40:55,101.03,0.0,4,40412,买盘
09:40:58,101.02,-0.01,15,151538,卖盘
09:41:01,101.03,0.01,36,363704,买盘
09:41:05,101.03,0.0,20,202050,买盘
09:41:07,101.05,0.02,25,252597,买盘
09:41:10,101.03,-0.02,9,90927,卖盘
09:41:13,101.09,0.06,24,242564,买盘
09:41:16,101.03,-0.06,11,111133,卖盘
09:41:18,101.09,0.06,19,191981,买盘
09:41:22,101.09,0.0,5,50546,卖盘
09:41:25,101.09,0.0,47,475163,卖盘
09:41:28,101.1,0.01,12,121280,中性盘
09:41:31,101.12,0.02,6,60666,中性盘
09:41:33,101.1,-0.02,96,970386,卖盘
09:41:37,101.05,-0.05,34,343656,卖盘
09:41:40,101.13,0.08,1,10113,中性盘
09:41:43,101.05,-0.08,35,353974,卖盘
09:41:46,101.1,0.05,15,151600,买盘
09:41:49,101.11,0.01,2,20221,买盘
09:41:52,101.13,0.02,6,60678,买盘
09:41:55,101.12,-0.01,9,91006,中性盘
09:42:01,101.13,0.01,8,80900,买盘
09:42:05,101.1,-0.03,13,131463,卖盘
09:42:16,101.18,0.08,18,182056,中性盘
09:42:19,101.15,-0.03,7,70800,买盘
09:42:22,101.15,0.0,13,131495,买盘
09:42:28,101.14,-0.01,10,101145,卖盘
09:42:31,101.14,0.0,8,80917,买盘
09:42:34,101.15,0.01,7,70795,买盘
09:42:36,101.13,-0.02,13,131489,卖盘
09:42:40,101.15,0.02,2,20229,中性盘
09:42:43,101.16,0.01,3,30348,中性盘
09:42:46,101.15,-0.01,6,60695,卖盘
09:42:49,101.15,0.0,1,10115,买盘
09:42:52,101.14,-0.01,9,91034,卖盘
09:42:55,101.15,0.01,21,212426,买盘
09:42:58,101.13,-0.02,52,525894,卖盘
09:43:01,101.15,0.02,21,212382,买盘
09:43:05,101.14,-0.01,92,930169,中性盘
09:43:07,101.1,-0.04,95,960961,卖盘
09:43:10,101.15,0.05,2,20231,卖盘
09:43:12,101.19,0.04,29,293308,买盘
09:43:16,101.1,-0.09,19,192102,卖盘
09:43:19,101.11,0.01,6,60666,中性盘
09:43:22,101.18,0.07,7,70830,买盘
09:43:29,101.19,0.01,7,70824,买盘
09:43:31,101.19,0.0,24,242831,买盘
09:43:34,101.2,0.01,13,131499,买盘
09:43:37,101.18,-0.02,2,20238,中性盘
09:43:41,101.18,0.0,4,40474,买盘
09:43:43,101.19,0.01,14,141659,买盘
09:43:46,101.18,-0.01,62,627445,卖盘
09:43:49,101.18,0.0,14,141660,卖盘
09:43:52,101.19,0.01,9,91071,买盘
09:43:55,101.19,0.0,9,91071,买盘
09:43:58,101.19,0.0,10,101189,买盘
09:44:01,101.18,-0.01,18,182150,卖盘
09:44:05,101.2,0.02,21,212519,买盘
09:44:07,101.31,0.11,94,951404,买盘
09:44:10,101.4,0.09,5,50680,买盘
09:44:12,101.21,-0.19,17,172042,中性盘
09:44:19,101.4,0.19,12,121501,买盘
09:44:22,101.4,0.0,3,30420,中性盘
09:44:25,101.4,0.0,7,70984,卖盘
09:44:28,101.4,0.0,50,507004,卖盘
09:44:31,101.38,-0.02,10,101276,中性盘
09:44:34,101.39,0.01,90,910896,买盘
09:44:37,101.18,-0.21,22,222742,卖盘
09:44:39,101.4,0.22,13,131808,买盘
09:44:43,101.25,-0.15,7,70864,中性盘
09:44:49,101.25,0.0,15,151875,买盘
09:44:52,101.23,-0.02,4,40498,卖盘
09:44:55,101.25,0.02,6,60748,买盘
09:44:58,101.25,0.0,1,10125,买盘
09:45:00,101.24,-0.01,7,70857,中性盘
09:45:04,101.31,0.07,26,263250,买盘
09:45:07,101.25,-0.06,5,50625,卖盘
09:45:10,101.31,0.06,4,40524,买盘
09:45:13,101.3,-0.01,2,20260,买盘
09:45:16,101.3,0.0,8,81017,买盘
09:45:19,101.3,0.0,15,151890,买盘
09:45:22,101.3,0.0,7,70900,卖盘
09:45:25,101.3,0.0,3,30390,买盘
09:45:28,101.3,0.0,4,40512,买盘
09:45:31,101.28,-0.02,3,30386,中性盘
09:45:34,101.28,0.0,3,30384,买盘
09:45:37,101.29,0.01,33,334244,买盘
09:45:40,101.3,0.01,10,101282,买盘
09:45:43,101.29,-0.01,11,111430,卖盘
09:45:46,101.29,0.0,1,10129,买盘
09:45:49,101.34,0.05,10,101309,买盘
09:45:52,101.28,-0.06,13,131674,卖盘
09:45:55,101.34,0.06,19,192538,买盘
09:45:58,101.28,-0.06,8,81038,卖盘
09:46:05,101.33,0.05,3,30399,买盘
09:46:10,101.34,0.01,10,101316,买盘
09:46:13,101.34,0.0,2,20268,中性盘
09:46:16,101.25,-0.09,89,901347,卖盘
09:46:19,101.33,0.08,16,162142,卖盘
09:46:22,101.35,0.02,13,131719,买盘
09:46:25,101.3,-0.05,6,60782,卖盘
09:46:28,101.26,-0.04,2,20252,中性盘
09:46:31,101.31,0.05,15,151956,买盘
09:46:34,101.27,-0.04,6,60768,卖盘
09:46:37,101.33,0.06,4,40532,买盘
09:46:40,101.28,-0.05,1,10128,中性盘
09:46:43,101.27,-0.01,8,81022,卖盘
09:46:46,101.27,0.0,2,20262,中性盘
09:46:49,101.34,0.07,13,131690,买盘
09:46:52,101.27,-0.07,5,50635,卖盘
09:46:55,101.3,0.03,5,50658,买盘
09:46:58,101.3,0.0,2,20259,中性盘
09:47:01,101.29,-0.01,10,101287,中性盘
09:47:05,101.28,-0.01,5,50643,卖盘
09:47:07,101.28,0.0,3,30386,卖盘
09:47:10,101.3,0.02,7,70908,买盘
09:47:13,101.28,-0.02,14,141800,卖盘
09:47:16,101.28,0.0,1,10128,卖盘
09:47:19,101.28,0.0,13,131676,卖盘
09:47:22,101.28,0.0,5,50640,买盘
09:47:25,101.28,0.0,36,364608,买盘
09:47:28,101.27,-0.01,15,151909,卖盘
09:47:31,101.28,0.01,23,232941,买盘
09:47:34,101.26,-0.02,21,212657,卖盘
09:47:37,101.29,0.03,5,50645,买盘
09:47:42,101.28,-0.01,32,324096,卖盘
09:47:46,101.26,-0.02,51,516438,卖盘
09:47:49,101.26,0.0,19,192397,买盘
09:47:52,101.26,0.0,2,20252,卖盘
09:47:55,101.26,0.0,8,82223,卖盘
09:47:58,101.25,-0.01,23,232889,卖盘
09:48:01,101.23,-0.02,102,1032496,卖盘
09:48:05,101.2,-0.03,19,192381,卖盘
09:48:07,101.23,0.03,14,141722,买盘
09:48:10,101.23,0.0,1,10123,卖盘
09:48:12,101.25,0.02,3,30375,买盘
09:48:16,101.23,-0.02,8,80976,卖盘
09:48:19,101.23,0.0,10,101230,中性盘
09:48:22,101.23,0.0,6,60750,卖盘
09:48:25,101.23,0.0,1,10123,买盘
09:48:28,101.23,0.0,19,192337,买盘
09:48:31,101.22,-0.01,6,60736,中性盘
09:48:34,101.26,0.04,7,70877,买盘
09:48:37,101.23,-0.03,2,20246,卖盘
09:48:40,101.23,0.0,10,101232,卖盘
09:48:43,101.23,0.0,3,30369,买盘
09:48:46,101.25,0.02,16,161970,中性盘
09:48:49,101.25,0.0,14,141750,买盘
09:48:52,101.26,0.01,8,81007,买盘
09:48:55,101.26,0.0,2,20252,卖盘
09:48:57,101.27,0.01,2,20254,中性盘
09:49:04,101.27,0.0,3,30381,卖盘
09:49:07,101.28,0.01,6,60767,买盘
09:49:10,101.28,0.0,10,101279,买盘
09:49:13,101.27,-0.01,2,20254,卖盘
09:49:16,101.28,0.01,2,20256,中性盘
09:49:19,101.28,0.0,18,182288,买盘
09:49:22,101.28,0.0,46,465797,买盘
09:49:25,101.29,0.01,22,222838,买盘
09:49:28,101.29,0.0,1,10129,买盘
09:49:31,101.28,-0.01,3,30384,卖盘
09:49:33,101.29,0.01,17,172189,买盘
09:49:37,101.29,0.0,15,151935,买盘
09:49:40,101.29,0.0,50,506408,买盘
09:49:43,101.29,0.0,14,141806,买盘
09:49:45,101.29,0.0,161,1630804,买盘
09:49:49,101.32,0.03,7,70921,买盘
09:49:52,101.29,-0.03,2,20258,卖盘
09:49:55,101.33,0.04,53,536994,买盘
09:49:58,101.33,0.0,12,121597,卖盘
09:50:01,101.34,0.01,11,111484,中性盘
09:50:04,101.34,0.0,2,20269,卖盘
09:50:07,101.41,0.07,234,2372240,买盘
09:50:10,101.48,0.07,6,60888,买盘
09:50:13,101.41,-0.07,2,20283,卖盘
09:50:16,101.5,0.09,110,1115698,买盘
09:50:19,101.49,-0.01,49,497428,卖盘
09:50:22,101.48,-0.01,16,162336,卖盘
09:50:25,101.5,0.02,2,20300,买盘
09:50:28,101.5,0.0,83,842450,买盘
09:50:31,101.5,0.0,83,842440,买盘
09:50:34,101.5,0.0,2,20300,卖盘
09:50:37,101.57,0.07,3,30469,买盘
09:50:40,101.57,0.0,3,30469,买盘
09:50:43,101.51,-0.06,7,71077,卖盘
09:50:46,101.56,0.05,4,40624,买盘
09:50:49,101.56,0.0,3,30468,买盘
09:50:51,101.56,0.0,5,50780,买盘
09:50:55,101.51,-0.05,26,263993,卖盘
09:50:58,101.63,0.12,36,365550,买盘
09:51:01,101.51,-0.12,8,81255,卖盘
09:51:05,101.5,-0.01,3,30450,卖盘
09:51:07,101.63,0.13,5,50817,买盘
09:51:10,101.62,-0.01,8,81296,中性盘
09:51:13,101.51,-0.11,10,101540,卖盘
09:51:16,101.62,0.11,2,20322,买盘
09:51:19,101.51,-0.11,99,1005776,卖盘
09:51:22,101.56,0.05,68,690728,卖盘
09:51:28,101.65,0.09,2,20331,中性盘
09:51:31,101.55,-0.1,92,934313,卖盘
09:51:34,101.67,0.12,5,50834,买盘
09:51:36,101.67,0.0,13,132121,买盘
09:51:40,101.63,-0.04,7,71175,卖盘
09:51:43,101.66,0.03,1,10166,中性盘
09:51:46,101.66,0.0,68,691000,买盘
09:51:49,101.66,0.0,34,345644,买盘
09:51:52,101.67,0.01,5,50835,买盘
09:51:55,101.75,0.08,17,172939,买盘
09:51:58,101.76,0.01,10,101743,买盘
09:52:00,101.72,-0.04,8,81384,卖盘
09:52:04,101.76,0.04,2,20353,中性盘
09:52:07,101.8,0.04,47,478384,买盘
09:52:10,101.8,0.0,45,458080,买盘
09:52:13,101.81,0.01,24,244375,中性盘
09:52:16,101.88,0.07,9,91678,买盘
09:52:19,101.93,0.05,14,142643,买盘
09:52:22,101.92,-0.01,108,1101151,买盘
09:52:24,102.19,0.27,1,10219,买盘
09:52:28,102.2,0.01,67,684718,买盘
09:52:31,102.2,0.0,3,30664,卖盘
09:52:34,102.2,0.0,17,173740,卖盘
09:52:37,102.2,0.0,73,746295,卖盘
09:52:39,102.22,0.02,14,143104,中性盘
09:52:43,102.22,0.0,2,20444,卖盘
09:52:46,102.28,0.06,6,61362,买盘
09:52:49,102.28,0.0,2,20456,买盘
09:52:52,102.25,-0.03,23,235139,中性盘
09:52:55,102.21,-0.04,11,112463,中性盘
09:52:58,102.19,-0.02,45,459895,卖盘
09:53:00,102.19,0.0,21,214402,买盘
09:53:04,102.19,0.0,10,102188,买盘
09:53:07,102.0,-0.19,7,71415,中性盘
09:53:10,102.0,0.0,6,61200,买盘
09:53:13,101.94,-0.06,25,254983,卖盘
09:53:15,101.94,0.0,54,550476,买盘
09:53:19,101.87,-0.07,19,193558,卖盘
09:53:22,101.92,0.05,13,132436,买盘
09:53:25,101.86,-0.06,5,50926,中性盘
09:53:28,101.86,0.0,15,152790,买盘
09:53:31,101.9,0.04,14,142644,买盘
09:53:34,101.85,-0.05,15,152848,卖盘
09:53:37,101.86,0.01,9,91702,卖盘
09:53:40,101.89,0.03,26,264914,买盘
09:53:43,101.9,0.01,15,152850,买盘
09:53:46,101.92,0.02,32,326083,买盘
09:53:49,101.9,-0.02,16,163064,卖盘
09:53:52,101.92,0.02,13,132631,中性盘
09:53:55,101.94,0.02,6,61166,中性盘
09:53:58,101.93,-0.01,2,20386,中性盘
09:54:01,101.94,0.01,13,132514,买盘
09:54:04,101.94,0.0,12,122334,买盘
09:54:07,101.94,0.0,6,61170,中性盘
09:54:10,101.95,0.01,2,20389,中性盘
09:54:16,101.95,0.0,2,20390,卖盘
09:54:19,101.99,0.04,17,173412,中性盘
09:54:22,102.1,0.11,13,132686,买盘
09:54:25,101.99,-0.11,7,71404,卖盘
09:54:28,101.96,-0.03,14,142783,卖盘
09:54:31,101.99,0.03,16,163135,买盘
09:54:34,102.0,0.01,9,91793,买盘
09:54:37,102.0,0.0,1,10200,卖盘
09:54:40,102.0,0.0,3,30600,卖盘
09:54:43,102.0,0.0,10,102010,卖盘
09:54:46,102.0,0.0,53,540600,卖盘
09:54:49,102.0,0.0,2,20399,买盘
09:54:52,102.0,0.0,9,91800,买盘
09:54:55,101.94,-0.06,94,958315,卖盘
09:54:58,101.98,0.04,13,132574,买盘
09:55:01,101.94,-0.04,35,356953,卖盘
09:55:04,101.98,0.04,8,81579,买盘
09:55:07,101.98,0.0,4,40789,买盘
09:55:10,101.95,-0.03,1,10195,卖盘
09:55:16,101.95,0.0,1,10195,卖盘
09:55:19,101.95,0.0,15,152946,卖盘
09:55:22,101.94,-0.01,73,744128,卖盘
09:55:25,101.92,-0.02,1,10192,中性盘
09:55:28,101.92,0.0,1,10192,买盘
09:55:31,101.92,0.0,2,20384,买盘
09:55:34,101.9,-0.02,59,601210,卖盘
09:55:37,101.9,0.0,4,40760,买盘
09:55:40,101.9,0.0,20,203800,买盘
09:55:43,101.89,-0.01,3,30567,卖盘
09:55:46,101.9,0.01,52,529880,买盘
09:55:48,101.9,0.0,15,152840,买盘
09:55:52,101.9,0.0,13,132470,买盘
09:55:55,101.9,0.0,12,122290,卖盘
09:55:58,101.9,0.0,5,50950,买盘
09:56:01,101.87,-0.03,64,652178,卖盘
09:56:04,101.91,0.04,14,137564,买盘
09:56:07,101.9,-0.01,11,112097,买盘
09:56:09,101.92,0.02,3,30574,买盘
09:56:13,101.87,-0.05,4,45856,卖盘
09:56:16,101.87,0.0,1,5094,卖盘
09:56:19,101.85,-0.02,83,845375,卖盘
09:56:22,101.86,0.01,141,1436086,买盘
09:56:25,101.86,0.0,6,61111,买盘
09:56:28,101.94,0.08,12,122256,买盘
09:56:31,101.94,0.0,42,428148,买盘
09:56:33,101.87,-0.07,6,61127,卖盘
09:56:37,101.93,0.06,4,40772,买盘
09:56:39,101.86,-0.07,39,397299,卖盘
09:56:43,101.8,-0.06,56,570246,卖盘
09:56:46,101.85,0.05,6,61111,中性盘
09:56:49,101.78,-0.07,12,122213,卖盘
09:56:52,101.87,0.09,2,20372,买盘
09:56:54,101.87,0.0,31,315796,买盘
09:56:58,101.86,-0.01,3,30560,卖盘
09:57:01,101.86,0.0,5,50930,卖盘
09:57:04,101.9,0.04,11,112076,买盘
09:57:07,101.86,-0.04,6,61116,卖盘
09:57:13,101.86,0.0,5,50930,买盘
09:57:16,101.86,0.0,40,407425,买盘
09:57:19,101.86,0.0,7,71302,卖盘
09:57:22,101.86,0.0,7,71322,卖盘
09:57:25,101.86,0.0,8,81463,买盘
09:57:28,101.8,-0.06,23,234152,卖盘
09:57:31,101.8,0.0,17,173055,买盘
09:57:37,101.8,0.0,210,2137794,买盘
09:57:43,101.8,0.0,40,407190,买盘
09:57:45,101.8,0.0,2,20360,买盘
09:57:49,101.79,-0.01,19,193372,中性盘
09:57:52,101.81,0.02,9,91616,买盘
09:57:54,101.81,0.0,1,10181,买盘
09:57:58,101.8,-0.01,7,71261,卖盘
09:58:01,101.8,0.0,6,61089,卖盘
09:58:04,101.8,0.0,5,50906,卖盘
09:58:07,101.86,0.06,6,61107,买盘
09:58:13,101.89,0.03,11,112038,买盘
09:58:18,101.85,-0.04,2,20371,卖盘
09:58:22,101.85,0.0,24,241093,卖盘
09:58:28,101.81,-0.04,45,461546,卖盘
09:58:31,101.81,0.0,7,71267,买盘
09:58:34,101.8,-0.01,48,488773,卖盘
09:58:40,101.89,0.09,3,30564,买盘
09:58:43,101.8,-0.09,148,1506704,卖盘
09:58:46,101.91,0.11,91,926485,买盘
09:58:52,101.8,-0.11,9,91664,卖盘
09:58:58,101.8,0.0,1,10180,卖盘
09:59:01,101.8,0.0,10,101805,卖盘
09:59:04,101.83,0.03,5,50915,买盘
09:59:07,101.83,0.0,5,50913,买盘
09:59:10,101.83,0.0,4,40734,卖盘
09:59:13,101.84,0.01,8,81472,中性盘
09:59:16,101.84,0.0,1,10184,卖盘
09:59:21,101.84,0.0,16,162964,卖盘
09:59:28,101.84,0.0,2,20367,中性盘
09:59:31,101.83,-0.01,162,1649385,卖盘
09:59:34,101.72,-0.11,8,81392,卖盘
09:59:37,101.89,0.17,12,122239,买盘
09:59:40,101.76,-0.13,13,132328,卖盘
09:59:43,101.76,0.0,1,10176,买盘
09:59:46,101.76,0.0,15,152640,买盘
09:59:49,101.76,0.0,7,71232,买盘
09:59:52,101.72,-0.04,36,366285,卖盘
09:59:58,101.75,0.03,4,40703,卖盘
10:00:01,101.76,0.01,1,10176,卖盘
10:00:04,101.76,0.0,4,40703,买盘
10:00:07,101.76,0.0,2,20352,卖盘
10:00:10,101.75,-0.01,3,30524,买盘
10:00:13,101.74,-0.01,3,30525,卖盘
10:00:16,101.7,-0.04,103,1047623,卖盘
10:00:19,101.7,0.0,129,1311930,买盘
10:00:22,101.7,0.0,28,284817,卖盘
10:00:25,101.73,0.03,25,254295,买盘
10:00:31,101.75,0.02,12,122098,买盘
10:00:33,101.73,-0.02,11,111928,卖盘
10:00:37,101.75,0.02,14,142474,中性盘
10:00:40,101.75,0.0,1,10175,卖盘
10:00:43,101.75,0.0,6,61062,卖盘
10:00:46,101.76,0.01,20,203595,中性盘
10:00:49,101.75,-0.01,21,213697,卖盘
10:00:52,101.75,0.0,6,61066,买盘
10:00:55,101.75,0.0,14,142444,买盘
10:00:58,101.75,0.0,10,101755,买盘
10:01:01,101.75,0.0,5,50872,买盘
10:01:04,101.73,-0.02,5,50865,卖盘
10:01:07,101.73,0.0,11,111911,卖盘
10:01:10,101.76,0.03,7,71224,买盘
10:01:16,101.69,-0.07,54,549355,卖盘
10:01:22,101.68,-0.01,16,162693,卖盘
10:01:28,101.67,-0.01,20,203351,卖盘
10:01:31,101.67,0.0,5,50835,买盘
10:01:33,101.69,0.02,28,284660,买盘
10:01:37,101.66,-0.03,6,60996,中性盘
10:01:40,101.76,0.1,6,61035,买盘
10:01:43,101.65,-0.11,9,91489,卖盘
10:01:49,101.68,0.03,10,101680,卖盘
10:01:52,101.76,0.08,7,71216,买盘
10:01:55,101.68,-0.08,9,91604,中性盘
10:01:58,101.83,0.15,1,10183,买盘
10:02:01,101.71,-0.12,1,10171,卖盘
10:02:04,101.71,0.0,3,30509,中性盘
10:02:07,101.71,0.0,8,81391,买盘
10:02:10,101.83,0.12,3,30541,买盘
10:02:22,101.81,-0.02,12,122171,中性盘
10:02:25,101.8,-0.01,34,346142,卖盘
10:02:28,101.81,0.01,12,122183,中性盘
10:02:31,101.8,-0.01,36,366538,卖盘
10:02:34,101.84,0.04,2,20368,买盘
10:02:37,101.89,0.05,4,40741,买盘
10:02:40,101.89,0.0,5,50922,买盘
10:02:45,101.83,-0.06,14,142590,卖盘
10:02:49,101.89,0.06,11,115508,买盘
10:02:52,101.84,-0.05,3,30565,卖盘
10:02:55,101.89,0.05,10,101899,中性盘
10:03:01,101.9,0.01,102,1038885,买盘
10:03:05,101.93,0.03,97,988643,买盘
10:03:07,101.9,-0.03,12,122301,卖盘
10:03:10,101.94,0.04,11,112122,买盘
10:03:12,101.93,-0.01,7,71339,买盘
10:03:19,101.93,0.0,5,50963,买盘
10:03:22,101.93,0.0,18,183474,买盘
10:03:24,101.91,-0.02,3,30577,卖盘
10:03:28,101.9,-0.01,8,81533,卖盘
10:03:31,101.94,0.04,1,10194,买盘
10:03:34,101.94,0.0,10,101940,买盘
10:03:36,101.92,-0.02,6,61160,卖盘
10:03:43,101.93,0.01,8,81532,买盘
10:03:46,101.93,0.0,9,91728,买盘
10:03:52,101.93,0.0,6,61148,买盘
10:03:55,101.94,0.01,10,101940,买盘
10:03:58,101.94,0.0,2,20388,买盘
10:04:01,102.0,0.06,114,1162171,买盘
10:04:04,101.93,-0.07,6,61158,卖盘
10:04:07,101.94,0.01,6,61188,中性盘
10:04:10,101.96,0.02,8,81570,买盘
10:04:13,101.98,0.02,3,30596,中性盘
10:04:16,101.94,-0.04,3,30582,卖盘
10:04:19,101.99,0.05,37,377337,买盘
10:04:22,101.94,-0.05,13,132569,卖盘
10:04:24,101.98,0.04,6,61196,买盘
10:04:28,101.94,-0.04,5,50970,卖盘
10:04:31,101.93,-0.01,44,444007,卖盘
10:04:34,101.93,0.0,15,152895,买盘
10:04:36,101.91,-0.02,9,96215,卖盘
10:04:40,101.93,0.02,21,214032,买盘
10:04:43,101.88,-0.05,29,295503,卖盘
10:04:49,101.84,-0.04,53,539876,卖盘
10:04:52,101.84,0.0,10,101840,买盘
10:04:55,101.83,-0.01,47,475142,卖盘
10:04:58,101.83,0.0,9,91647,买盘
10:05:01,101.83,0.0,3,30549,买盘
10:05:04,101.83,0.0,7,71281,买盘
10:05:07,101.83,0.0,11,113844,买盘
10:05:10,101.9,0.07,16,162931,买盘
10:05:13,101.93,0.03,10,101906,买盘
10:05:19,101.83,-0.1,12,122212,卖盘
10:05:22,101.83,0.0,4,40732,买盘
10:05:28,101.83,0.0,43,437908,中性盘
10:05:31,101.84,0.01,3,30551,买盘
10:05:34,101.92,0.08,28,285256,买盘
10:05:37,101.85,-0.07,55,560231,中性盘
10:05:40,101.91,0.06,3,30573,买盘
10:05:43,101.91,0.0,4,40764,买盘
10:05:46,101.92,0.01,9,91718,买盘
10:05:49,101.91,-0.01,3,30570,买盘
10:05:52,101.92,0.01,3,30575,买盘
10:05:55,101.91,-0.01,2,20382,卖盘
10:05:57,101.91,0.0,4,40765,卖盘
10:06:01,101.91,0.0,94,957954,买盘
10:06:04,101.91,0.0,2,20382,买盘
10:06:07,101.91,0.0,4,40764,买盘
10:06:10,101.85,-0.06,50,512552,卖盘
10:06:12,101.84,-0.01,149,1512973,卖盘
10:06:16,101.88,0.04,9,91692,买盘
10:06:19,101.91,0.03,13,132480,买盘
10:06:22,101.88,-0.03,29,295497,中性盘
10:06:28,101.88,0.0,8,81504,买盘
10:06:30,101.87,-0.01,8,81494,中性盘
10:06:34,101.87,0.0,5,50935,买盘
10:06:37,101.86,-0.01,10,101863,卖盘
10:06:40,101.86,0.0,7,71302,买盘
10:06:46,101.89,0.03,3,30566,买盘
10:06:49,101.85,-0.04,91,926840,卖盘
10:06:52,101.92,0.07,6,61152,买盘
10:06:58,101.92,0.0,1,10192,卖盘
10:07:01,101.88,-0.04,8,81532,卖盘
10:07:04,101.92,0.04,3,30572,买盘
10:07:13,101.88,-0.04,11,112068,买盘
10:07:16,101.88,0.0,6,61128,买盘
10:07:18,101.93,0.05,17,173224,买盘
10:07:22,101.87,-0.06,1,10187,卖盘
10:07:25,101.87,0.0,4,40748,买盘
10:07:28,101.92,0.05,14,142644,买盘
10:07:31,101.88,-0.04,1,10188,卖盘
10:07:34,101.92,0.04,4,40768,买盘
10:07:37,101.93,0.01,4,40772,买盘
10:07:40,101.88,-0.05,71,723349,卖盘
10:07:43,101.88,0.0,110,1120680,买盘
10:07:46,101.88,0.0,14,142630,买盘
10:07:49,101.92,0.04,44,448277,买盘
10:07:52,101.94,0.02,10,101928,买盘
10:07:54,101.93,-0.01,1,10193,买盘
10:07:58,101.93,0.0,5,50965,买盘
10:08:01,101.93,0.0,2,20385,买盘
10:08:07,101.94,0.01,1,10194,中性盘
10:08:10,101.92,-0.02,30,305821,卖盘
10:08:13,101.93,0.01,3,30577,买盘
10:08:16,101.99,0.06,20,203920,买盘
10:08:19,101.97,-0.02,1,10197,卖盘
10:08:22,101.95,-0.02,5,50975,买盘
10:08:25,101.99,0.04,10,101942,买盘
10:08:28,101.93,-0.06,6,61173,卖盘
10:08:31,101.95,0.02,4,40788,卖盘
10:08:35,101.95,0.0,1,10195,买盘
10:08:37,101.95,0.0,28,285455,买盘
10:08:45,101.99,0.04,18,183582,买盘
10:08:49,101.98,-0.01,1,10198,卖盘
10:08:52,102.0,0.02,1,10200,买盘
10:08:55,101.98,-0.02,14,142782,卖盘
10:08:58,101.99,0.01,91,927709,买盘
10:09:01,101.98,-0.01,16,163168,卖盘
10:09:05,102.0,0.02,14,142777,买盘
10:09:07,101.99,-0.01,3,30598,卖盘
10:09:13,101.99,0.0,1,10199,卖盘
10:09:19,102.0,0.01,14,142800,买盘
10:09:22,101.99,-0.01,13,132591,卖盘
10:09:25,102.0,0.01,6,61200,买盘
10:09:31,102.0,0.0,1,10200,买盘
10:09:34,101.99,-0.01,5,50995,卖盘
10:09:37,101.98,-0.01,13,132586,卖盘
10:09:40,101.99,0.01,12,122389,买盘
10:09:43,102.0,0.01,11,112200,买盘
10:09:46,102.0,0.0,2,20400,买盘
10:09:49,102.09,0.09,19,193811,买盘
10:10:01,102.09,0.0,5,51045,买盘
10:10:04,102.09,0.0,4,40836,卖盘
10:10:07,102.09,0.0,3,30627,卖盘
10:10:10,102.09,0.0,5,51045,卖盘
10:10:12,102.1,0.01,22,224615,买盘
10:10:16,102.09,-0.01,11,112307,卖盘
10:10:19,102.12,0.03,2,20424,买盘
10:10:22,102.09,-0.03,23,234814,卖盘
10:10:25,102.09,0.0,7,71463,买盘
10:10:28,102.09,0.0,2,20418,买盘
10:10:31,102.09,0.0,11,112299,买盘
10:10:34,102.1,0.01,4,40840,买盘
10:10:37,102.09,-0.01,4,40836,卖盘
10:10:40,102.09,0.0,10,102090,卖盘
10:10:43,102.08,-0.01,6,61233,中性盘
10:10:46,102.08,0.0,66,673762,买盘
10:10:49,102.08,0.0,4,40832,卖盘
10:10:52,102.09,0.01,108,1102545,买盘
10:10:58,102.07,-0.02,10,102072,卖盘
10:11:00,102.02,-0.05,93,949027,卖盘
10:11:04,102.08,0.06,3,30622,买盘
10:11:07,102.08,0.0,30,306235,买盘
10:11:10,102.09,0.01,85,867758,买盘
10:11:13,102.08,-0.01,4,40832,卖盘
10:11:16,102.1,0.02,39,398187,买盘
10:11:19,102.1,0.0,1,10210,卖盘
10:11:25,102.12,0.02,16,163370,买盘
10:11:28,102.12,0.0,20,204240,买盘
10:11:31,102.12,0.0,60,612652,卖盘
10:11:34,102.12,0.0,9,91909,卖盘
10:11:37,102.13,0.01,6,61274,买盘
10:11:40,102.12,-0.01,3,30636,卖盘
10:11:43,102.13,0.01,22,224684,买盘
10:11:46,102.13,0.0,19,194047,买盘
10:11:49,102.13,0.0,16,163408,买盘
10:11:52,102.15,0.02,6,61289,买盘
10:11:55,102.14,-0.01,9,91926,买盘
10:12:01,102.16,0.02,3,30647,买盘
10:12:05,102.17,0.01,8,81733,买盘
10:12:07,102.17,0.0,3,30651,卖盘
10:12:10,102.19,0.02,10,102179,买盘
10:12:13,102.17,-0.02,8,81737,卖盘
10:12:16,102.18,0.01,18,183936,买盘
10:12:19,102.19,0.01,2,20438,买盘
10:12:22,102.18,-0.01,32,326978,卖盘
10:12:25,102.2,0.02,24,245265,买盘
10:12:28,102.18,-0.02,9,91978,卖盘
10:12:31,102.16,-0.02,56,572142,卖盘
10:12:34,102.16,0.0,10,102160,买盘
10:12:37,102.14,-0.02,3,30644,卖盘
10:12:40,102.16,0.02,100,1021596,买盘
10:12:43,102.14,-0.02,7,71502,卖盘
10:12:46,102.15,0.01,7,71503,买盘
10:12:49,102.14,-0.01,20,204290,卖盘
10:12:52,102.15,0.01,4,40859,买盘
10:12:55,102.15,0.0,5,51071,买盘
10:12:58,102.14,-0.01,11,112354,买盘
10:13:01,102.1,-0.04,98,1000683,卖盘
10:13:05,102.15,0.05,3,30645,买盘
10:13:07,102.14,-0.01,4,40856,卖盘
10:13:09,102.14,0.0,1,10214,买盘
10:13:15,102.13,-0.01,5,51069,卖盘
10:13:19,102.14,0.01,8,81712,买盘
10:13:25,102.13,-0.01,4,40853,卖盘
10:13:27,102.13,0.0,2,20426,卖盘
10:13:31,102.13,0.0,5,51065,买盘
10:13:34,102.13,0.0,5,51064,买盘
10:13:37,102.13,0.0,42,428882,买盘
10:13:40,102.13,0.0,7,71490,买盘
10:13:43,102.1,-0.03,2,20420,卖盘
10:13:46,102.12,0.02,1,10212,买盘
10:13:49,102.1,-0.02,3,30630,卖盘
10:13:52,102.1,0.0,3,30630,卖盘
10:13:55,102.1,0.0,1,10210,卖盘
10:13:58,102.1,0.0,53,541098,买盘
10:14:01,102.1,0.0,4,40834,买盘
10:14:05,102.05,-0.05,12,122480,卖盘
10:14:07,102.05,0.0,2,20410,买盘
10:14:09,102.04,-0.01,3,30612,卖盘
10:14:13,102.04,0.0,34,346966,卖盘
10:14:16,102.04,0.0,12,122448,卖盘
10:14:18,102.05,0.01,17,173485,买盘
10:14:22,102.03,-0.02,11,112235,卖盘
10:14:25,102.02,-0.01,1,10202,卖盘
10:14:31,102.03,0.01,1,10203,买盘
10:14:34,102.02,-0.01,5,51011,卖盘
10:14:37,102.02,0.0,4,40808,卖盘
10:14:40,102.02,0.0,17,173434,卖盘
10:14:43,102.02,0.0,2,20404,买盘
10:14:46,102.02,0.0,26,265252,买盘
10:14:49,102.02,0.0,17,173431,买盘
10:14:52,102.02,0.0,5,51012,卖盘
10:14:55,102.03,0.01,1,10203,买盘
10:14:58,102.01,-0.02,33,336640,卖盘
10:15:01,102.03,0.02,144,1468968,买盘
10:15:05,102.03,0.0,21,214231,买盘
10:15:07,102.03,0.0,51,520353,买盘
10:15:10,102.01,-0.02,46,469302,中性盘
10:15:16,102.03,0.02,50,510053,买盘
10:15:22,102.01,-0.02,3,30603,买盘
10:15:25,102.01,0.0,63,642654,买盘
10:15:28,102.0,-0.01,6,61200,卖盘
10:15:31,102.02,0.02,4,40805,买盘
10:15:34,102.03,0.01,4,40810,买盘
10:15:39,102.03,0.0,172,1754914,买盘
10:15:43,102.07,0.04,14,142870,买盘
10:15:46,102.08,0.01,5,51035,买盘
10:15:49,102.08,0.0,2,20416,买盘
10:15:52,102.08,0.0,9,89116,买盘
10:15:57,102.1,0.02,58,592181,买盘
10:16:00,102.1,0.0,17,173582,买盘
10:16:04,102.12,0.02,32,326842,中性盘
10:16:07,102.17,0.05,5,51084,买盘
10:16:10,102.18,0.01,6,61309,买盘
10:16:12,102.19,0.01,9,91971,买盘
10:16:16,102.2,0.01,8,81760,买盘
10:16:19,102.2,0.0,20,204382,买盘
10:16:22,102.2,0.0,42,429264,买盘
10:16:25,102.2,0.0,23,235115,卖盘
10:16:28,102.28,0.08,64,654403,买盘
10:16:31,102.28,0.0,4,40912,买盘
10:16:34,102.28,0.0,3,30684,买盘
10:16:37,102.28,0.0,53,547505,买盘
10:16:40,102.29,0.01,10,102287,买盘
10:16:43,102.29,0.0,7,71603,卖盘
10:16:46,102.29,0.0,12,119882,卖盘
10:16:48,102.3,0.01,24,245502,买盘
10:16:52,102.3,0.0,15,153436,买盘
10:16:55,102.29,-0.01,29,296653,中性盘
10:16:58,102.3,0.01,37,378500,买盘
10:17:01,102.33,0.03,45,460385,买盘
10:17:05,102.31,-0.02,19,194422,卖盘
10:17:07,102.28,-0.03,93,951249,卖盘
10:17:10,102.33,0.05,19,194398,买盘
10:17:13,102.34,0.01,20,204660,买盘
10:17:16,102.32,-0.02,37,378630,卖盘
10:17:19,102.32,0.0,12,122784,买盘
10:17:22,102.32,0.0,2,20464,买盘
10:17:25,102.31,-0.01,30,306953,中性盘
10:17:28,102.33,0.02,13,133006,买盘
10:17:31,102.31,-0.02,17,173937,买盘
10:17:34,102.29,-0.02,34,347841,卖盘
10:17:37,102.33,0.04,13,132981,买盘
10:17:40,102.29,-0.04,10,102314,卖盘
10:17:43,102.31,0.02,12,122772,买盘
10:17:46,102.33,0.02,6,61395,买盘
10:17:49,102.33,0.0,3,30699,买盘
10:17:52,102.29,-0.04,34,347824,卖盘
10:17:55,102.29,0.0,13,132977,买盘
10:17:57,102.32,0.03,19,194357,买盘
10:18:01,102.29,-0.03,29,296728,中性盘
10:18:07,102.34,0.05,9,92103,买盘
10:18:10,102.32,-0.02,11,112554,卖盘
10:18:13,102.3,-0.02,3,30690,卖盘
10:18:16,102.32,0.02,31,317190,买盘
10:18:19,102.3,-0.02,11,112531,卖盘
10:18:22,102.31,0.01,37,378523,买盘
10:18:25,102.31,0.0,7,71617,买盘
10:18:28,102.31,0.0,25,255753,买盘
10:18:30,102.31,0.0,5,51155,卖盘
10:18:34,102.31,0.0,52,532022,卖盘
10:18:37,102.3,-0.01,53,542263,卖盘
10:18:40,102.3,0.0,8,81840,买盘
10:18:43,102.3,0.0,19,194370,买盘
10:18:46,102.3,0.0,1,10230,卖盘
10:18:49,102.3,0.0,1,10230,卖盘
10:18:52,102.31,0.01,37,378545,买盘
10:18:55,102.31,0.0,1,10231,买盘
10:18:58,102.31,0.0,6,61385,买盘
10:19:01,102.3,-0.01,5,51152,卖盘
10:19:04,102.3,0.0,8,81846,卖盘
10:19:07,102.3,0.0,6,61381,卖盘
10:19:10,102.3,0.0,2,20460,卖盘
10:19:13,102.31,0.01,101,1033099,买盘
10:19:16,102.3,-0.01,5,51150,中性盘
10:19:19,102.31,0.01,13,132996,买盘
10:19:22,102.29,-0.02,15,153435,买盘
10:19:25,102.27,-0.02,5,48581,卖盘
10:19:27,102.27,0.0,19,194313,买盘
10:19:31,102.27,0.0,17,176428,买盘
10:19:34,102.27,0.0,1,10227,卖盘
10:19:37,102.29,0.02,3,30685,买盘
10:19:40,102.28,-0.01,1,10228,卖盘
10:19:45,102.28,0.0,23,235256,卖盘
10:19:49,102.27,-0.01,6,61366,卖盘
10:19:52,102.28,0.01,3,30684,买盘
10:19:55,102.28,0.0,1,10228,买盘
10:19:58,102.27,-0.01,5,51137,卖盘
10:20:01,102.28,0.01,7,71593,买盘
10:20:05,102.27,-0.01,2,20454,卖盘
10:20:07,102.27,0.0,6,61364,卖盘
10:20:10,102.27,0.0,21,214768,卖盘
10:20:13,102.27,0.0,6,61365,卖盘
10:20:16,102.28,0.01,104,1063711,买盘
10:20:19,102.27,-0.01,7,71590,卖盘
10:20:22,102.28,0.01,7,71595,买盘
10:20:25,102.27,-0.01,47,480704,卖盘
10:20:28,102.28,0.01,13,132964,买盘
10:20:31,102.3,0.02,14,143216,买盘
10:20:33,102.3,0.0,17,173910,买盘
10:20:37,102.28,-0.02,1,10228,卖盘
10:20:40,102.31,0.03,35,358079,买盘
10:20:43,102.31,0.0,19,194335,买盘
10:20:46,102.31,0.0,5,51154,买盘
10:20:49,102.31,0.0,23,235326,买盘
10:20:52,102.3,-0.01,4,40922,卖盘
10:20:55,102.31,0.01,25,255785,卖盘
10:20:58,102.31,0.0,7,71617,买盘
10:21:01,102.3,-0.01,23,235305,卖盘
10:21:04,102.3,0.0,15,153445,买盘
10:21:07,102.3,0.0,7,71610,买盘
10:21:10,102.3,0.0,8,81840,买盘
10:21:13,102.31,0.01,19,194372,买盘
10:21:16,102.31,0.0,92,941041,买盘
10:21:19,102.32,0.01,97,992438,买盘
10:21:22,102.32,0.0,4,40928,买盘
10:21:25,102.32,0.0,231,2363700,买盘
10:21:28,102.35,0.03,17,173970,买盘
10:21:31,102.36,0.01,61,624462,买盘
10:21:33,102.4,0.04,29,296956,买盘
10:21:37,102.4,0.0,15,153561,买盘
10:21:40,102.42,0.02,4,40960,买盘
10:21:43,102.43,0.01,9,92187,买盘
10:21:46,102.45,0.02,2,20489,买盘
10:21:49,102.47,0.02,18,184431,买盘
10:21:51,102.46,-0.01,6,61476,中性盘
10:21:55,102.45,-0.01,15,153678,卖盘
10:21:58,102.45,0.0,20,204900,买盘
10:22:01,102.45,0.0,36,368814,买盘
10:22:04,102.45,0.0,40,409796,买盘
10:22:07,102.44,-0.01,13,133183,中性盘
10:22:10,102.45,0.01,121,1239644,买盘
10:22:13,102.45,0.0,4,40976,买盘
10:22:16,102.44,-0.01,67,686403,卖盘
10:22:19,102.43,-0.01,4,40975,卖盘
10:22:22,102.45,0.02,46,471218,买盘
10:22:25,102.48,0.03,62,635211,买盘
10:22:28,102.44,-0.04,22,225392,卖盘
10:22:31,102.49,0.05,8,81980,买盘
10:22:34,102.49,0.0,14,143486,买盘
10:22:37,102.49,0.0,4,40990,买盘
10:22:40,102.49,0.0,16,163995,中性盘
10:22:42,102.49,0.0,95,973712,卖盘
10:22:46,102.5,0.01,17,174250,买盘
10:22:49,102.52,0.02,7,71756,买盘
10:22:51,102.53,0.01,5,51259,买盘
10:22:55,102.53,0.0,12,123056,卖盘
10:22:58,102.54,0.01,1,10254,买盘
10:23:01,102.54,0.0,1,10254,买盘
10:23:04,102.55,0.01,22,225586,买盘
10:23:07,102.55,0.0,5,51279,卖盘
10:23:10,102.55,0.0,34,348670,卖盘
10:23:12,102.55,0.0,8,82038,买盘
10:23:16,102.55,0.0,19,194852,买盘
10:23:19,102.55,0.0,97,994526,卖盘
10:23:22,102.55,0.0,13,133318,卖盘
10:23:25,102.57,0.02,10,102561,买盘
10:23:27,102.55,-0.02,20,205112,卖盘
10:23:31,102.55,0.0,18,184592,卖盘
10:23:33,102.57,0.02,31,317932,买盘
10:23:37,102.56,-0.01,3,30768,卖盘
10:23:40,102.56,0.0,9,92309,卖盘
10:23:42,102.57,0.01,42,434613,买盘
10:23:46,102.56,-0.01,3,30768,买盘
10:23:49,102.56,0.0,35,358935,买盘
10:23:52,102.55,-0.01,8,78142,卖盘
10:23:55,102.55,0.0,2,20510,买盘
10:23:58,102.55,0.0,8,82012,买盘
10:24:01,102.5,-0.05,6,61512,卖盘
10:24:04,102.55,0.05,3,30765,买盘
10:24:07,102.52,-0.03,7,71763,买盘
10:24:13,102.5,-0.02,80,819935,卖盘
10:24:16,102.5,0.0,22,225500,买盘
10:24:19,102.5,0.0,20,205002,卖盘
10:24:22,102.5,0.0,92,943087,卖盘
10:24:25,102.51,0.01,47,481788,买盘
10:24:28,102.5,-0.01,85,871313,卖盘
10:24:30,102.5,0.0,46,471499,买盘
10:24:34,102.52,0.02,2,20503,买盘
10:24:36,102.5,-0.02,13,133260,卖盘
10:24:40,102.5,0.0,7,71750,卖盘
10:24:42,102.5,0.0,6,61502,卖盘
10:24:46,102.52,0.02,7,71756,买盘
10:24:49,102.5,-0.02,17,174262,卖盘
10:24:52,102.5,0.0,2,20500,卖盘
10:24:55,102.5,0.0,22,225500,卖盘
10:24:57,102.5,0.0,7,71752,卖盘
10:25:01,102.51,0.01,4,41003,买盘
10:25:04,102.51,0.0,26,266509,买盘
10:25:07,102.5,-0.01,12,123007,卖盘
10:25:10,102.51,0.01,6,61510,卖盘
10:25:16,102.51,0.0,19,194770,卖盘
10:25:22,102.5,-0.01,8,82005,卖盘
10:25:25,102.45,-0.05,72,737863,卖盘
10:25:28,102.5,0.05,44,450815,买盘
10:25:37,102.49,-0.01,7,71735,买盘
10:25:40,102.48,-0.01,17,174199,中性盘
10:25:46,102.48,0.0,12,122969,买盘
10:25:49,102.45,-0.03,6,61475,卖盘
10:25:52,102.48,0.03,6,61484,买盘
10:25:55,102.46,-0.02,6,61478,卖盘
10:25:57,102.46,0.0,8,81964,中性盘
10:26:01,102.44,-0.02,9,92213,卖盘
10:26:04,102.45,0.01,7,67410,中性盘
10:26:07,102.46,0.01,5,55532,买盘
10:26:10,102.44,-0.02,4,40976,卖盘
10:26:16,102.44,0.0,7,71708,卖盘
10:26:19,102.45,0.01,6,61468,买盘
10:26:21,102.44,-0.01,7,71711,卖盘
10:26:25,102.44,0.0,1,10244,卖盘
10:26:28,102.44,0.0,68,696634,卖盘
10:26:30,102.43,-0.01,18,184380,卖盘
10:26:34,102.45,0.02,56,573665,买盘
10:26:37,102.42,-0.03,3,30726,中性盘
10:26:40,102.42,0.0,1,10242,买盘
10:26:42,102.41,-0.01,8,81929,卖盘
10:26:46,102.41,0.0,5,51208,卖盘
10:26:49,102.41,0.0,5,51215,卖盘
10:26:52,102.42,0.01,12,122896,中性盘
10:26:55,102.41,-0.01,9,92175,卖盘
10:26:58,102.4,-0.01,192,1966021,卖盘
10:27:01,102.4,0.0,2,20480,买盘
10:27:05,102.39,-0.01,9,92148,买盘
10:27:07,102.38,-0.01,3,30714,卖盘
10:27:10,102.36,-0.02,5,51182,卖盘
10:27:13,102.38,0.02,4,40952,买盘
10:27:16,102.38,0.0,3,30714,买盘
10:27:19,102.38,0.0,11,112618,买盘
10:27:22,102.37,-0.01,6,61421,中性盘
10:27:25,102.36,-0.01,44,450384,卖盘
10:27:27,102.38,0.02,3,30710,买盘
10:27:31,102.38,0.0,10,102354,买盘
10:27:34,102.38,0.0,12,122845,买盘
10:27:37,102.38,0.0,10,102364,买盘
10:27:40,102.35,-0.03,14,143311,卖盘
10:27:43,102.36,0.01,3,30708,中性盘
10:27:46,102.36,0.0,5,51177,买盘
10:27:49,102.32,-0.04,106,1084749,卖盘
10:27:51,102.37,0.05,2,20474,买盘
10:27:55,102.35,-0.02,5,51177,卖盘
10:27:58,102.37,0.02,6,61413,买盘
10:28:01,102.37,0.0,1,10237,买盘
10:28:05,102.35,-0.02,3,30707,卖盘
10:28:09,102.35,0.0,3,30709,卖盘
10:28:13,102.35,0.0,1,10235,卖盘
10:28:16,102.37,0.02,4,40944,买盘
10:28:19,102.35,-0.02,25,255876,卖盘
10:28:22,102.35,0.0,2,20470,买盘
10:28:28,102.35,0.0,33,337757,买盘
10:28:31,102.35,0.0,3,30707,卖盘
10:28:33,102.36,0.01,1,10236,买盘
10:28:37,102.37,0.01,3,30711,买盘
10:28:40,102.37,0.0,12,122842,买盘
10:28:43,102.36,-0.01,4,40946,卖盘
10:28:46,102.36,0.0,19,194484,卖盘
10:28:49,102.35,-0.01,5,51175,卖盘
10:28:52,102.36,0.01,13,133066,买盘
10:28:54,102.36,0.0,23,235427,买盘
10:28:58,102.36,0.0,2,20472,买盘
10:29:01,102.36,0.0,16,163783,卖盘
10:29:04,102.36,0.0,4,40947,卖盘
10:29:07,102.38,0.02,5,51189,买盘
10:29:10,102.39,0.01,51,522163,买盘
10:29:13,102.39,0.0,8,81912,买盘
10:29:16,102.45,0.06,179,1830677,买盘
10:29:19,102.44,-0.01,14,143467,卖盘
10:29:24,102.49,0.05,4,40996,买盘
10:29:28,102.49,0.0,1,10249,买盘
10:29:30,102.5,0.01,55,563742,买盘
10:29:33,102.55,0.05,59,604898,买盘
10:29:37,102.55,0.0,5,51271,买盘
10:29:40,102.51,-0.04,2,20502,卖盘
10:29:43,102.55,0.04,32,328157,买盘
10:29:46,102.55,0.0,10,102550,买盘
10:29:49,102.55,0.0,12,123060,卖盘
10:29:52,102.55,0.0,4,41022,卖盘
10:29:55,102.55,0.0,20,205130,卖盘
10:29:58,102.55,0.0,6,61534,卖盘
10:30:01,102.57,0.02,9,92307,买盘
10:30:05,102.59,0.02,24,246192,买盘
10:30:07,102.58,-0.01,3,30776,中性盘
10:30:10,102.58,0.0,3,34877,买盘
10:30:13,102.55,-0.03,108,1107701,卖盘
10:30:16,102.58,0.03,5,51288,买盘
10:30:19,102.57,-0.01,11,112832,卖盘
10:30:22,102.6,0.03,85,872048,买盘
10:30:25,102.6,0.0,8,82080,卖盘
10:30:28,102.6,0.0,2,20523,卖盘
10:30:30,102.65,0.05,17,174430,买盘
10:30:33,102.58,-0.07,14,143636,卖盘
10:30:37,102.58,0.0,4,41032,卖盘
10:30:40,102.63,0.05,5,51314,中性盘
10:30:43,102.6,-0.03,3,30783,中性盘
10:30:46,102.63,0.03,4,41046,买盘
10:30:52,102.63,0.0,8,82104,卖盘
10:30:55,102.64,0.01,7,71848,买盘
10:30:58,102.65,0.01,58,595232,买盘
10:31:01,102.63,-0.02,8,82098,中性盘
10:31:04,102.65,0.02,58,595264,买盘
10:31:07,102.65,0.0,21,215565,卖盘
10:31:09,102.65,0.0,21,215563,卖盘
10:31:13,102.64,-0.01,9,92358,中性盘
10:31:16,102.65,0.01,36,369540,买盘
10:31:19,102.65,0.0,6,61590,买盘
10:31:22,102.61,-0.04,15,153933,卖盘
10:31:24,102.63,0.02,15,153947,中性盘
10:31:28,102.61,-0.02,11,112873,卖盘
10:31:31,102.62,0.01,51,523363,买盘
10:31:34,102.62,0.0,2,20524,卖盘
10:31:37,102.62,0.0,8,82098,卖盘
10:31:40,102.62,0.0,11,112883,卖盘
10:31:43,102.62,0.0,16,164195,卖盘
10:31:46,102.62,0.0,48,492576,买盘
10:31:48,102.6,-0.02,22,225725,卖盘
10:31:52,102.58,-0.02,14,143625,卖盘
10:31:55,102.59,0.01,12,123116,买盘
10:31:57,102.58,-0.01,13,133373,卖盘
10:32:01,102.61,0.03,7,71815,买盘
10:32:05,102.59,-0.02,35,359129,卖盘
10:32:07,102.62,0.03,58,595188,买盘
10:32:10,102.61,-0.01,4,41042,买盘
10:32:13,102.61,0.0,20,205220,卖盘
10:32:16,102.61,0.0,15,153912,买盘
10:32:18,102.61,0.0,2,20522,买盘
10:32:22,102.61,0.0,88,902953,买盘
10:32:24,102.61,0.0,48,486511,卖盘
10:32:28,102.6,-0.01,20,205225,卖盘
10:32:31,102.61,0.01,14,143649,中性盘
10:32:34,102.58,-0.03,91,933640,卖盘
10:32:36,102.61,0.03,8,82088,中性盘
10:32:40,102.6,-0.01,7,71820,买盘
10:32:43,102.6,0.0,11,112860,买盘
10:32:45,102.6,0.0,19,194940,买盘
10:32:49,102.58,-0.02,30,307767,卖盘
10:32:52,102.6,0.02,5,51300,买盘
10:32:55,102.6,0.0,3,30779,买盘
10:32:57,102.6,0.0,22,225690,卖盘
10:33:01,102.6,0.0,2,20520,买盘
10:33:04,102.6,0.0,14,143632,买盘
10:33:07,102.6,0.0,4,41040,买盘
10:33:10,102.6,0.0,6,61563,卖盘
10:33:13,102.6,0.0,7,71830,卖盘
10:33:16,102.61,0.01,13,133387,买盘
10:33:19,102.61,0.0,36,369363,买盘
10:33:22,102.61,0.0,6,61565,买盘
10:33:24,102.61,0.0,4,41044,卖盘
10:33:28,102.6,-0.01,2,20520,卖盘
10:33:30,102.61,0.01,1,10261,买盘
10:33:34,102.58,-0.03,19,194922,卖盘
10:33:37,102.58,0.0,5,51290,卖盘
10:33:40,102.6,0.02,20,205192,买盘
10:33:43,102.57,-0.03,9,92331,卖盘
10:33:46,102.57,0.0,17,174383,卖盘
10:33:49,102.55,-0.02,8,82061,卖盘
10:33:52,102.57,0.02,9,92313,买盘
10:33:55,102.55,-0.02,6,61538,卖盘
10:33:58,102.57,0.02,18,184626,买盘
10:34:01,102.58,0.01,5,51286,买盘
10:34:05,102.58,0.0,2,20516,买盘
10:34:07,102.55,-0.03,94,964110,卖盘
10:34:10,102.58,0.03,4,41032,中性盘
10:34:13,102.58,0.0,19,194902,买盘
10:34:15,102.58,0.0,3,30774,中性盘
10:34:19,102.59,0.01,5,51295,买盘
10:34:22,102.58,-0.01,10,102584,卖盘
10:34:25,102.58,0.0,6,61549,卖盘
10:34:28,102.58,0.0,2,20516,买盘
10:34:30,102.58,0.0,1,10258,买盘
10:34:34,102.57,-0.01,9,92321,卖盘
10:34:37,102.59,0.02,29,297479,买盘
10:34:40,102.58,-0.01,38,389734,卖盘
10:34:43,102.56,-0.02,2,20514,卖盘
10:34:46,102.57,0.01,10,102570,买盘
10:34:51,102.57,0.0,10,102571,卖盘
10:34:55,102.57,0.0,97,994753,买盘
10:34:58,102.57,0.0,2,20514,买盘
10:35:01,102.57,0.0,4,41031,中性盘
10:35:04,102.57,0.0,7,71801,卖盘
10:35:07,102.57,0.0,2,20515,卖盘
10:35:10,102.58,0.01,18,184644,买盘
10:35:16,102.58,0.0,1,10258,卖盘
10:35:19,102.59,0.01,5,51295,买盘
10:35:21,102.59,0.0,16,164134,卖盘
10:35:28,102.6,0.01,73,748936,买盘
10:35:31,102.57,-0.03,6,61545,卖盘
10:35:34,102.57,0.0,4,41028,买盘
10:35:37,102.57,0.0,5,51285,买盘
10:35:40,102.61,0.04,10,102609,买盘
10:35:43,102.61,0.0,26,266777,买盘
10:35:46,102.61,0.0,1,10261,买盘
10:35:49,102.62,0.01,20,205227,买盘
10:35:52,102.61,-0.01,43,441254,卖盘
10:35:55,102.65,0.04,9,92379,买盘
10:35:58,102.64,-0.01,20,205297,卖盘
10:36:01,102.66,0.02,15,153988,买盘
10:36:04,102.67,0.01,8,82127,买盘
10:36:07,102.67,0.0,8,82134,买盘
10:36:10,102.68,0.01,36,369638,买盘
10:36:16,102.7,0.02,62,636684,买盘
10:36:19,102.7,0.0,1,10270,买盘
10:36:22,102.7,0.0,9,92430,买盘
10:36:25,102.73,0.03,30,308119,买盘
10:36:31,102.76,0.03,24,246554,买盘
10:36:34,102.78,0.02,51,524129,买盘
10:36:37,102.75,-0.03,5,51387,卖盘
10:36:40,102.79,0.04,15,154172,买盘
10:36:43,102.8,0.01,10,102792,买盘
10:36:45,102.8,0.0,16,164475,买盘
10:36:49,102.79,-0.01,14,143914,中性盘
10:36:52,102.79,0.0,14,143894,买盘
10:36:55,102.79,0.0,15,154185,买盘
10:36:58,102.79,0.0,3,30839,卖盘
10:37:01,102.79,0.0,4,41119,卖盘
10:37:04,102.8,0.01,15,154221,卖盘
10:37:07,102.75,-0.05,94,966142,卖盘
10:37:10,102.81,0.06,18,185040,买盘
10:37:13,102.81,0.0,4,41124,卖盘
10:37:15,102.81,0.0,5,51407,卖盘
10:37:19,102.8,-0.01,2,20561,中性盘
10:37:21,102.83,0.03,12,123390,买盘
10:37:25,102.83,0.0,10,102830,卖盘
10:37:28,102.81,-0.02,7,71974,卖盘
10:37:31,102.82,0.01,4,41128,买盘
10:37:34,102.84,0.02,70,722797,买盘
10:37:36,102.83,-0.01,18,182120,卖盘
10:37:40,102.82,-0.01,20,205692,卖盘
10:37:43,102.85,0.03,3,30853,买盘
10:37:46,102.84,-0.01,7,71982,中性盘
10:37:49,102.82,-0.02,22,229213,卖盘
10:37:52,102.83,0.01,10,102836,中性盘
10:37:54,102.84,0.01,13,133683,买盘
10:37:58,102.86,0.02,7,71995,买盘
10:38:01,102.85,-0.01,10,102850,卖盘
10:38:04,102.86,0.01,10,102860,买盘
10:38:07,102.86,0.0,14,144004,卖盘
10:38:10,102.86,0.0,18,185151,卖盘
10:38:13,102.87,0.01,4,41148,买盘
10:38:16,102.85,-0.02,20,205722,卖盘
10:38:19,102.86,0.01,17,174866,中性盘
10:38:22,102.85,-0.01,13,133715,卖盘
10:38:25,102.87,0.02,17,174872,买盘
10:38:28,102.85,-0.02,12,123426,卖盘
10:38:31,102.85,0.0,9,92568,卖盘
10:38:34,102.85,0.0,12,123423,卖盘
10:38:37,102.86,0.01,13,133714,买盘
10:38:40,102.87,0.01,25,255939,买盘
10:38:43,102.87,0.0,7,72009,卖盘
10:38:46,102.87,0.0,28,288033,卖盘
10:38:49,102.88,0.01,41,421808,买盘
10:38:52,102.88,0.0,4,41149,买盘
10:38:55,102.88,0.0,14,144031,买盘
10:38:58,102.86,-0.02,17,174883,卖盘
10:39:01,102.88,0.02,17,174887,买盘
10:39:05,102.86,-0.02,8,82291,卖盘
10:39:07,102.87,0.01,14,144016,买盘
10:39:10,102.86,-0.01,25,257183,卖盘
10:39:13,102.87,0.01,6,61721,中性盘
10:39:16,102.85,-0.02,95,977154,卖盘
10:39:19,102.87,0.02,9,92582,卖盘
10:39:22,102.85,-0.02,4,41136,中性盘
10:39:24,102.85,0.0,12,123400,买盘
10:39:28,102.82,-0.03,3,30846,卖盘
10:39:31,102.82,0.0,25,264364,卖盘
10:39:33,102.82,0.0,25,257050,买盘
10:39:37,102.8,-0.02,11,113082,卖盘
10:39:40,102.8,0.0,5,51402,卖盘
10:39:43,102.8,0.0,6,61680,买盘
10:39:46,102.77,-0.03,7,71951,卖盘
10:39:49,102.77,0.0,3,30831,买盘
10:39:52,102.75,-0.02,9,92479,卖盘
10:39:55,102.75,0.0,4,41104,卖盘
10:39:58,102.75,0.0,3,30825,卖盘
10:40:01,102.75,0.0,54,554853,卖盘
10:40:04,102.75,0.0,10,102752,卖盘
10:40:07,102.75,0.0,2,20550,买盘
10:40:10,102.75,0.0,8,82200,买盘
10:40:16,102.75,0.0,1,10275,买盘
10:40:19,102.75,0.0,13,133574,买盘
10:40:22,102.74,-0.01,7,71918,卖盘
10:40:25,102.73,-0.01,2,20547,卖盘
10:40:28,102.74,0.01,1,10274,买盘
10:40:31,102.73,-0.01,13,133549,卖盘
10:40:34,102.74,0.01,28,287671,买盘
10:40:37,102.74,0.0,11,113014,卖盘
10:40:40,102.74,0.0,8,82192,卖盘
10:40:43,102.74,0.0,7,71920,卖盘
10:40:46,102.74,0.0,2,20548,买盘
10:40:49,102.74,0.0,11,113017,买盘
10:40:52,102.73,-0.01,26,267105,卖盘
10:40:55,102.74,0.01,7,71918,买盘
10:40:58,102.74,0.0,2,20548,买盘
10:41:01,102.73,-0.01,9,92462,卖盘
10:41:05,102.74,0.01,10,102738,买盘
10:41:07,102.74,0.0,6,61644,买盘
10:41:13,102.75,0.01,20,198205,买盘
10:41:16,102.76,0.01,6,61656,买盘
10:41:19,102.76,0.0,7,71934,买盘
10:41:22,102.77,0.01,9,92493,买盘
10:41:25,102.71,-0.06,101,1044978,卖盘
10:41:27,102.71,0.0,6,61626,买盘
10:41:31,102.7,-0.01,11,112972,卖盘
10:41:34,102.71,0.01,6,54334,买盘
10:41:37,102.71,0.0,16,164326,卖盘
10:41:40,102.78,0.07,18,184903,买盘
10:41:43,102.7,-0.08,4,41080,中性盘
10:41:46,102.78,0.08,7,71944,买盘
10:41:48,102.77,-0.01,2,20553,中性盘
10:41:52,102.76,-0.01,2,20552,卖盘
10:41:55,102.78,0.02,6,61668,买盘
10:41:58,102.71,-0.07,12,123276,卖盘
10:42:04,102.78,0.07,5,51390,买盘
10:42:07,102.71,-0.07,3,30827,卖盘
10:42:13,102.75,0.04,1,10275,买盘
10:42:16,102.75,0.0,1,10275,买盘
10:42:22,102.75,0.0,2,20550,卖盘
10:42:28,102.78,0.03,34,349391,买盘
10:42:31,102.77,-0.01,11,113054,卖盘
10:42:34,102.77,0.0,5,51389,卖盘
10:42:37,102.79,0.02,4,41112,买盘
10:42:43,102.72,-0.07,8,82187,卖盘
10:42:45,102.77,0.05,3,30833,中性盘
10:42:49,102.77,0.0,19,195203,买盘
10:42:52,102.72,-0.05,11,112997,卖盘
10:42:55,102.72,0.0,1,10272,买盘
10:42:58,102.78,0.06,19,195253,买盘
10:43:04,102.78,0.0,35,359732,卖盘
10:43:07,102.78,0.0,8,82226,卖盘
10:43:10,102.78,0.0,1,10278,买盘
10:43:13,102.78,0.0,3,30834,买盘
10:43:16,102.78,0.0,13,133556,买盘
10:43:19,102.73,-0.05,15,154109,中性盘
10:43:22,102.79,0.06,3,30830,买盘
10:43:28,102.78,-0.01,2,20557,卖盘
10:43:31,102.73,-0.05,44,452119,卖盘
10:43:34,102.7,-0.03,49,503273,卖盘
10:43:37,102.72,0.02,3,30814,中性盘
10:43:40,102.71,-0.01,9,92433,中性盘
10:43:45,102.7,-0.01,10,102698,买盘
10:43:49,102.7,0.0,19,195130,买盘
10:43:52,102.7,0.0,2,20540,卖盘
10:43:55,102.71,0.01,2,20542,买盘
10:43:58,102.73,0.02,48,493014,买盘
10:44:04,102.77,0.04,12,123308,买盘
10:44:07,102.71,-0.06,5,51363,卖盘
10:44:10,102.73,0.02,2,20546,买盘
10:44:13,102.73,0.0,7,71899,买盘
10:44:16,102.73,0.0,4,41089,买盘
10:44:19,102.7,-0.03,30,308135,卖盘
10:44:22,102.7,0.0,48,492960,卖盘
10:44:25,102.7,0.0,11,112970,买盘
10:44:27,102.7,0.0,2,20540,买盘
10:44:31,102.69,-0.01,13,133500,卖盘
10:44:34,102.7,0.01,4,41080,买盘
10:44:37,102.69,-0.01,5,51345,卖盘
10:44:43,102.7,0.01,3,30810,买盘
10:44:46,102.69,-0.01,6,61614,卖盘
10:44:49,102.69,0.0,8,82154,卖盘
10:44:52,102.68,-0.01,9,92422,卖盘
10:44:55,102.69,0.01,3,30806,中性盘
10:44:58,102.69,0.0,1,10269,买盘
10:45:00,102.69,0.0,7,71880,买盘
10:45:04,102.69,0.0,4,41073,买盘
10:45:07,102.69,0.0,20,210187,买盘
10:45:10,102.68,-0.01,7,74342,卖盘
10:45:13,102.68,0.0,1,10268,买盘
10:45:16,102.66,-0.02,2,20534,卖盘
10:45:19,102.66,0.0,5,51338,卖盘
10:45:22,102.66,0.0,2,20534,卖盘
10:45:25,102.66,0.0,9,92394,卖盘
10:45:28,102.67,0.01,12,123195,买盘
10:45:31,102.66,-0.01,12,123181,买盘
10:45:34,102.66,0.0,10,102659,买盘
10:45:36,102.59,-0.07,62,636228,卖盘
10:45:40,102.58,-0.01,6,61552,卖盘
10:45:43,102.57,-0.01,12,123089,卖盘
10:45:46,102.57,0.0,3,30771,买盘
10:45:49,102.53,-0.04,8,82041,卖盘
10:45:52,102.52,-0.01,6,61518,卖盘
10:45:55,102.52,0.0,8,82022,卖盘
10:45:58,102.53,0.01,21,215295,买盘
10:46:01,102.52,-0.01,27,276808,中性盘
10:46:05,102.52,0.0,19,194779,买盘
10:46:07,102.52,0.0,8,82012,买盘
10:46:10,102.53,0.01,32,328010,买盘
10:46:12,102.52,-0.01,4,41016,中性盘
10:46:16,102.5,-0.02,3,30750,卖盘
10:46:19,102.52,0.02,21,215261,买盘
10:46:22,102.56,0.04,53,543298,买盘
10:46:25,102.53,-0.03,15,153805,中性盘
10:46:28,102.56,0.03,2,20512,买盘
10:46:31,102.54,-0.02,13,133306,中性盘
10:46:34,102.55,0.01,35,358897,中性盘
10:46:37,102.53,-0.02,3,30760,中性盘
10:46:40,102.53,0.0,4,41012,买盘
10:46:42,102.55,0.02,12,123042,买盘
10:46:46,102.52,-0.03,18,184525,买盘
10:46:48,102.51,-0.01,11,112772,卖盘
10:46:52,102.52,0.01,7,71756,买盘
10:46:55,102.52,0.0,1,10252,卖盘
10:46:57,102.52,0.0,3,30760,卖盘
10:47:01,102.52,0.0,4,38552,卖盘
10:47:05,102.56,0.04,2,20512,买盘
10:47:07,102.55,-0.01,6,61518,买盘
10:47:09,102.53,-0.02,2,20508,卖盘
10:47:13,102.53,0.0,6,61520,卖盘
10:47:16,102.53,0.0,27,276877,卖盘
10:47:19,102.53,0.0,32,328096,买盘
10:47:22,102.53,0.0,6,61518,买盘
10:47:25,102.56,0.03,2,20511,买盘
10:47:27,102.56,0.0,1,10256,买盘
10:47:31,102.52,-0.04,7,71774,卖盘
10:47:34,102.54,0.02,2,20508,买盘
10:47:37,102.54,0.0,6,61524,买盘
10:47:40,102.55,0.01,3,30764,买盘
10:47:43,102.5,-0.05,89,912436,卖盘
10:47:46,102.5,0.0,23,235774,买盘
10:47:49,102.56,0.06,2,20512,买盘
10:47:51,102.5,-0.06,37,379323,卖盘
10:47:55,102.5,0.0,13,133250,买盘
10:47:58,102.49,-0.01,2,20499,中性盘
10:48:00,102.5,0.01,20,204983,买盘
10:48:04,102.49,-0.01,4,40999,中性盘
10:48:07,102.48,-0.01,17,174228,卖盘
10:48:10,102.5,0.02,40,409972,买盘
10:48:13,102.5,0.0,26,266494,买盘
10:48:15,102.5,0.0,2,20500,卖盘
10:48:19,102.5,0.0,5,51256,卖盘
10:48:22,102.5,0.0,10,102502,卖盘
10:48:25,102.5,0.0,8,82006,卖盘
10:48:28,102.47,-0.03,10,102497,卖盘
10:48:30,102.47,0.0,11,112726,卖盘
10:48:34,102.47,0.0,8,81976,买盘
10:48:37,102.47,0.0,3,30741,卖盘
10:48:40,102.5,0.03,1,10250,买盘
10:48:43,102.47,-0.03,3,30747,卖盘
10:48:46,102.5,0.03,2,20500,买盘
10:48:49,102.47,-0.03,5,51245,卖盘
10:48:55,102.49,0.02,1,10249,买盘
10:48:58,102.48,-0.01,6,61493,卖盘
10:49:01,102.49,0.01,5,51245,买盘
10:49:05,102.47,-0.02,8,81985,卖盘
10:49:07,102.49,0.02,3,30744,买盘
10:49:09,102.5,0.01,11,112740,买盘
10:49:16,102.49,-0.01,1,10249,买盘
10:49:22,102.5,0.01,5,51248,买盘
10:49:25,102.5,0.0,4,40999,买盘
10:49:28,102.5,0.0,20,205000,买盘
10:49:31,102.5,0.0,9,92251,卖盘
10:49:34,102.53,0.03,3,30759,买盘
10:49:37,102.53,0.0,2,20503,买盘
10:49:40,102.53,0.0,3,30759,买盘
10:49:43,102.55,0.02,96,984410,买盘
10:49:45,102.56,0.01,17,174276,买盘
10:49:49,102.5,-0.06,109,1117409,卖盘
10:49:51,102.57,0.07,5,51285,买盘
10:49:55,102.56,-0.01,5,51284,卖盘
10:49:58,102.59,0.03,7,71813,买盘
10:50:01,102.56,-0.03,12,123077,卖盘
10:50:05,102.59,0.03,10,102577,买盘
10:50:07,102.6,0.01,4,41034,买盘
10:50:10,102.64,0.04,9,92348,买盘
10:50:13,102.66,0.02,3,30794,买盘
10:50:16,102.66,0.0,44,451670,买盘
10:50:19,102.64,-0.02,6,61592,中性盘
10:50:22,102.64,0.0,8,82106,买盘
10:50:24,102.65,0.01,2,20530,中性盘
10:50:28,102.62,-0.03,2,20527,卖盘
10:50:31,102.62,0.0,34,349042,卖盘
10:50:34,102.62,0.0,3,30786,买盘
10:50:36,102.61,-0.01,17,174439,卖盘
10:50:40,102.65,0.04,18,184722,买盘
10:50:43,102.67,0.02,9,92387,买盘
10:50:45,102.67,0.0,2,20534,买盘
10:50:49,102.65,-0.02,21,212626,卖盘
10:50:52,102.67,0.02,3,30801,卖盘
10:50:55,102.65,-0.02,3,30797,卖盘
10:51:00,102.65,0.0,1,10265,买盘
10:51:05,102.64,-0.01,8,82114,中性盘
10:51:07,102.62,-0.02,9,92358,卖盘
10:51:10,102.61,-0.01,19,194965,卖盘
10:51:13,102.61,0.0,14,143653,买盘
10:51:16,102.6,-0.01,3,30781,卖盘
10:51:18,102.61,0.01,11,112868,买盘
10:51:22,102.6,-0.01,5,51299,中性盘
10:51:28,102.59,-0.01,10,102596,卖盘
10:51:31,102.59,0.0,6,61555,卖盘
10:51:34,102.56,-0.03,26,266674,卖盘
10:51:36,102.56,0.0,45,461523,卖盘
10:51:40,102.56,0.0,7,71792,买盘
10:51:46,102.56,0.0,1,10256,买盘
10:51:49,102.49,-0.07,4,41014,卖盘
10:51:52,102.51,0.02,9,92269,中性盘
10:51:55,102.49,-0.02,3,30748,卖盘
10:51:58,102.5,0.01,1,10250,买盘
10:52:01,102.46,-0.04,99,1014474,卖盘
10:52:04,102.48,0.02,20,204961,买盘
10:52:07,102.49,0.01,8,81987,买盘
10:52:10,102.48,-0.01,1,10248,卖盘
10:52:13,102.46,-0.02,2,20492,买盘
10:52:16,102.47,0.01,1,10247,买盘
10:52:19,102.46,-0.01,5,51235,卖盘
10:52:25,102.47,0.01,3,30742,卖盘
10:52:27,102.4,-0.07,50,512017,卖盘
10:52:31,102.4,0.0,12,122898,卖盘
10:52:34,102.46,0.06,12,122952,买盘
10:52:37,102.47,0.01,5,51219,买盘
10:52:40,102.47,0.0,1,10247,卖盘
10:52:43,102.46,-0.01,3,30740,中性盘
10:52:46,102.41,-0.05,2,20487,卖盘
10:52:49,102.46,0.05,2,20492,买盘
10:52:52,102.46,0.0,2,20492,买盘
10:52:55,102.45,-0.01,1,10245,中性盘
10:52:57,102.46,0.01,1,10246,买盘
10:53:01,102.46,0.0,4,40982,买盘
10:53:07,102.44,-0.02,7,71713,卖盘
10:53:09,102.45,0.01,5,51227,中性盘
10:53:13,102.46,0.01,5,51225,买盘
10:53:19,102.46,0.0,5,51226,买盘
10:53:22,102.44,-0.02,4,40972,中性盘
10:53:25,102.44,0.0,1,10244,买盘
10:53:28,102.42,-0.02,3,30730,卖盘
10:53:31,102.42,0.0,22,225323,买盘
10:53:34,102.42,0.0,3,30726,买盘
10:53:37,102.44,0.02,12,122926,买盘
10:53:40,102.42,-0.02,12,122912,卖盘
10:53:43,102.44,0.02,2,20488,中性盘
10:53:46,102.45,0.01,72,737482,买盘
10:53:49,102.45,0.0,9,92208,中性盘
10:53:52,102.45,0.0,14,143434,卖盘
10:53:55,102.46,0.01,4,40983,买盘
10:54:01,102.41,-0.05,8,81936,卖盘
10:54:05,102.44,0.03,16,163856,买盘
10:54:07,102.44,0.0,1,10244,买盘
10:54:13,102.42,-0.02,4,40964,买盘
10:54:16,102.35,-0.07,43,440174,卖盘
10:54:19,102.36,0.01,57,583220,买盘
10:54:22,102.39,0.03,13,133041,买盘
10:54:25,102.35,-0.04,10,102293,中性盘
10:54:28,102.35,0.0,6,61378,买盘
10:54:31,102.27,-0.08,3,30697,卖盘
10:54:34,102.27,0.0,4,40907,卖盘
10:54:37,102.22,-0.05,16,163621,卖盘
10:54:40,102.44,0.22,17,174104,买盘
10:54:43,102.22,-0.22,13,132937,卖盘
10:54:45,102.22,0.0,3,30666,买盘
10:54:49,102.22,0.0,17,173771,买盘
10:54:52,102.26,0.04,2,20448,买盘
10:54:55,102.22,-0.04,11,112442,卖盘
10:54:58,102.4,0.18,54,552821,买盘
10:55:01,102.4,0.0,12,122732,买盘
10:55:05,102.4,0.0,28,286720,买盘
10:55:07,102.43,0.03,8,81927,买盘
10:55:09,102.45,0.02,21,215955,买盘
10:55:13,102.45,0.0,13,133185,卖盘
10:55:15,102.45,0.0,24,245880,卖盘
10:55:19,102.5,0.05,87,891473,买盘
10:55:22,102.5,0.0,2,20500,卖盘
10:55:25,102.5,0.0,3,30750,卖盘
10:55:28,102.5,0.0,12,123000,卖盘
10:55:31,102.52,0.02,5,51258,买盘
10:55:34,102.47,-0.05,17,174244,卖盘
10:55:37,102.5,0.03,14,143500,买盘
10:55:40,102.5,0.0,8,82000,买盘
10:55:43,102.5,0.0,2,20500,买盘
10:55:46,102.5,0.0,1,10250,买盘
10:55:49,102.5,0.0,5,51250,买盘
10:55:52,102.5,0.0,2,20500,买盘
10:55:55,102.5,0.0,4,41000,买盘
10:55:57,102.49,-0.01,2,20498,买盘
10:56:01,102.46,-0.03,9,92214,卖盘
10:56:05,102.4,-0.06,52,532533,卖盘
10:56:07,102.4,0.0,6,61440,买盘
10:56:10,102.4,0.0,3,30720,买盘
10:56:16,102.4,0.0,2,20480,买盘
10:56:19,102.32,-0.08,3,30710,卖盘
10:56:22,102.39,0.07,4,40956,买盘
10:56:25,102.32,-0.07,3,30696,卖盘
10:56:28,102.32,0.0,4,40928,买盘
10:56:31,102.32,0.0,42,429358,买盘
10:56:34,102.25,-0.07,9,92025,中性盘
10:56:37,102.22,-0.03,3,30675,卖盘
10:56:39,102.25,0.03,3,30675,买盘
10:56:43,102.25,0.0,3,30675,买盘
10:56:46,102.21,-0.04,105,1072988,卖盘
10:56:49,102.21,0.0,2,20442,买盘
10:56:52,102.27,0.06,2,20454,买盘
10:56:55,102.39,0.12,7,71658,买盘
10:56:58,102.39,0.0,1,10239,买盘
10:57:01,102.39,0.0,6,61434,买盘
10:57:04,102.3,-0.09,6,61390,卖盘
10:57:10,102.4,0.1,52,532428,买盘
10:57:13,102.4,0.0,6,61438,买盘
10:57:19,102.45,0.05,29,296970,买盘
10:57:22,102.45,0.0,3,30725,买盘
10:57:28,102.45,0.0,3,30735,买盘
10:57:31,102.45,0.0,2,20490,买盘
10:57:34,102.45,0.0,17,174112,买盘
10:57:36,102.4,-0.05,1,10240,卖盘
10:57:40,102.44,0.04,1,10244,买盘
10:57:43,102.44,0.0,9,92179,买盘
10:57:46,102.42,-0.02,2,20486,中性盘
10:57:49,102.4,-0.02,89,912005,卖盘
10:57:52,102.44,0.04,3,30724,中性盘
10:57:55,102.42,-0.02,1,10242,中性盘
10:57:58,102.49,0.07,2,20498,买盘
10:58:00,102.4,-0.09,3,30720,卖盘
10:58:05,102.4,0.0,1,10240,卖盘
10:58:07,102.48,0.08,2,20496,买盘
10:58:10,102.48,0.0,2,20496,买盘
10:58:13,102.46,-0.02,1,10246,中性盘
10:58:16,102.48,0.02,20,204960,买盘
10:58:18,102.48,0.0,2,20496,买盘
10:58:22,102.48,0.0,1,10248,买盘
10:58:25,102.48,0.0,5,51240,买盘
10:58:28,102.43,-0.05,9,92201,卖盘
10:58:31,102.42,-0.01,12,122913,卖盘
10:58:33,102.43,0.01,5,51215,买盘
10:58:43,102.42,-0.01,9,92181,卖盘
10:58:46,102.42,0.0,11,112669,卖盘
10:58:49,102.41,-0.01,41,419885,卖盘
10:58:51,102.43,0.02,15,153635,买盘
10:59:00,102.47,0.04,3,30737,买盘
10:59:07,102.47,0.0,2,20495,卖盘
10:59:10,102.48,0.01,3,34740,买盘
10:59:13,102.48,0.0,1,10248,买盘
10:59:16,102.44,-0.04,6,61475,卖盘
10:59:19,102.48,0.04,4,40991,买盘
10:59:22,102.4,-0.08,110,1122619,卖盘
10:59:25,102.39,-0.01,10,102384,买盘
10:59:31,102.36,-0.03,5,51194,卖盘
10:59:37,102.36,0.0,1,10236,买盘
10:59:39,102.39,0.03,4,40956,买盘
10:59:43,102.4,0.01,6,61436,买盘
10:59:46,102.4,0.0,28,286720,买盘
10:59:55,102.4,0.0,8,81934,卖盘
11:00:05,102.47,0.07,3,30741,买盘
11:00:07,102.47,0.0,2,20494,买盘
11:00:10,102.43,-0.04,4,40972,卖盘
11:00:13,102.47,0.04,2,20494,买盘
11:00:16,102.47,0.0,1,10247,买盘
11:00:19,102.47,0.0,57,584163,买盘
11:00:25,102.45,-0.02,6,61480,卖盘
11:00:31,102.48,0.03,1,10248,买盘
11:00:34,102.44,-0.04,6,61478,卖盘
11:00:37,102.43,-0.01,4,40974,卖盘
11:00:39,102.44,0.01,5,51220,买盘
11:00:43,102.44,0.0,2,20488,买盘
11:00:46,102.43,-0.01,2,20487,卖盘
11:00:49,102.43,0.0,13,133160,卖盘
11:00:52,102.44,0.01,2,20488,买盘
11:00:57,102.43,-0.01,2,20486,卖盘
11:01:01,102.44,0.01,6,61464,买盘
11:01:05,102.44,0.0,1,10244,买盘
11:01:07,102.44,0.0,3,30731,买盘
11:01:10,102.44,0.0,3,30732,买盘
11:01:19,102.44,0.0,11,112681,买盘
11:01:22,102.44,0.0,96,983127,买盘
11:01:24,102.44,0.0,4,40976,买盘
11:01:28,102.4,-0.04,33,337926,卖盘
11:01:31,102.4,0.0,9,92160,卖盘
11:01:34,102.43,0.03,10,102403,买盘
11:01:37,102.43,0.0,2,20486,买盘
11:01:43,102.4,-0.03,9,92168,卖盘
11:01:46,102.41,0.01,7,71695,中性盘
11:01:48,102.43,0.02,2,20485,买盘
11:01:52,102.4,-0.03,2,20482,中性盘
11:01:55,102.39,-0.01,4,40959,卖盘
11:02:05,102.38,-0.01,5,51194,卖盘
11:02:07,102.38,0.0,1,10238,卖盘
11:02:13,102.39,0.01,2,20478,买盘
11:02:19,102.37,-0.02,3,30712,卖盘
11:02:22,102.37,0.0,13,133084,中性盘
11:02:28,102.38,0.01,2,20475,买盘
11:02:31,102.38,0.0,2,20476,买盘
11:02:34,102.38,0.0,11,112609,买盘
11:02:40,102.38,0.0,6,61424,买盘
11:02:42,102.37,-0.01,7,71663,中性盘
11:02:46,102.37,0.0,1,10237,买盘
11:02:48,102.37,0.0,5,51182,买盘
11:02:55,102.34,-0.03,4,40936,买盘
11:02:58,102.34,0.0,2,20468,买盘
11:03:01,102.34,0.0,10,102340,买盘
11:03:04,102.34,0.0,4,40936,买盘
11:03:07,102.34,0.0,3,30701,买盘
11:03:10,102.33,-0.01,13,133035,卖盘
11:03:13,102.33,0.0,4,40932,买盘
11:03:16,102.31,-0.02,10,102317,卖盘
11:03:19,102.39,0.08,49,501584,买盘
11:03:22,102.4,0.01,2,20479,买盘
11:03:25,102.4,0.0,1,10240,买盘
11:03:28,102.39,-0.01,6,61435,卖盘
11:03:31,102.39,0.0,1,10239,买盘
11:03:34,102.38,-0.01,4,40952,卖盘
11:03:37,102.38,0.0,2,20476,买盘
11:03:43,102.38,0.0,1,10238,买盘
11:03:46,102.38,0.0,2,20476,买盘
11:03:49,102.37,-0.01,2,20474,中性盘
11:03:52,102.3,-0.07,29,296751,卖盘
11:03:55,102.2,-0.1,16,163566,卖盘
11:03:57,102.2,0.0,31,316820,买盘
11:04:01,102.2,0.0,2,20440,买盘
11:04:04,102.15,-0.05,3,30655,卖盘
11:04:07,102.2,0.05,14,143080,买盘
11:04:10,102.15,-0.05,23,235035,卖盘
11:04:13,102.2,0.05,2,20440,卖盘
11:04:16,102.35,0.15,2,20470,买盘
11:04:18,102.35,0.0,5,51145,买盘
11:04:22,102.35,0.0,2,20470,买盘
11:04:24,102.35,0.0,2,20470,买盘
11:04:28,102.35,0.0,2,20470,买盘
11:04:31,102.35,0.0,2,20470,买盘
11:04:34,102.34,-0.01,12,122703,中性盘
11:04:40,102.34,0.0,2,20468,买盘
11:04:46,102.32,-0.02,1,10232,买盘
11:04:49,102.32,0.0,7,71624,买盘
11:04:52,102.32,0.0,1,10232,买盘
11:04:55,102.32,0.0,1,10232,买盘
11:04:58,102.32,0.0,6,61392,买盘
11:05:00,102.26,-0.06,5,51143,卖盘
11:05:04,102.33,0.07,1,10233,买盘
11:05:07,102.34,0.01,2,20468,买盘
11:05:10,102.34,0.0,2,20467,买盘
11:05:13,102.33,-0.01,4,40931,卖盘
11:05:16,102.34,0.01,12,122801,买盘
11:05:19,102.36,0.02,2,20472,买盘
11:05:22,102.35,-0.01,2,20470,卖盘
11:05:25,102.33,-0.02,9,92105,卖盘
11:05:28,102.38,0.05,3,30714,买盘
11:05:30,102.38,0.0,2,20473,买盘
11:05:34,102.35,-0.03,9,92115,卖盘
11:05:37,102.38,0.03,3,30714,买盘
11:05:40,102.35,-0.03,4,40940,卖盘
11:05:43,102.35,0.0,4,40942,卖盘
11:05:46,102.37,0.02,4,40948,买盘
11:05:49,102.37,0.0,4,40948,买盘
11:05:52,102.38,0.01,9,92135,买盘
11:05:55,102.38,0.0,2,20476,买盘
11:06:01,102.37,-0.01,3,30713,卖盘
11:06:05,102.39,0.02,10,102383,买盘
11:06:10,102.39,0.0,1,10239,买盘
11:06:13,102.39,0.0,113,1156975,买盘
11:06:16,102.38,-0.01,14,143332,买盘
11:06:19,102.39,0.01,11,112627,买盘
11:06:22,102.39,0.0,6,61432,买盘
11:06:25,102.39,0.0,3,30717,买盘
11:06:28,102.38,-0.01,2,20476,中性盘
11:06:31,102.37,-0.01,3,30713,卖盘
11:06:34,102.32,-0.05,71,726703,卖盘
11:06:36,102.37,0.05,25,255835,买盘
11:06:40,102.37,0.0,1,10237,买盘
11:06:43,102.37,0.0,2,20474,买盘
11:06:46,102.37,0.0,1,10237,买盘
11:06:52,102.37,0.0,2,20474,买盘
11:06:58,102.38,0.01,7,71660,买盘
11:07:01,102.36,-0.02,8,81888,买盘
11:07:04,102.36,0.0,2,20472,买盘
11:07:07,102.36,0.0,1,10236,卖盘
11:07:10,102.38,0.02,1,10238,买盘
11:07:13,102.38,0.0,1,10238,买盘
11:07:19,102.38,0.0,2,20476,买盘
11:07:21,102.38,0.0,4,40952,买盘
11:07:25,102.38,0.0,4,40950,买盘
11:07:28,102.38,0.0,2,19862,买盘
11:07:37,102.37,-0.01,3,30711,卖盘
11:07:43,102.37,0.0,1,10237,买盘
11:07:49,102.37,0.0,2,20474,买盘
11:07:58,102.36,-0.01,5,51180,卖盘
11:08:04,102.34,-0.02,2,20468,卖盘
11:08:15,102.34,0.0,1,10234,中性盘
11:08:22,102.33,-0.01,1,10233,卖盘
11:08:25,102.34,0.01,1,10234,中性盘
11:08:31,102.33,-0.01,12,122814,卖盘
11:08:34,102.33,0.0,7,71632,卖盘
11:08:40,102.33,0.0,3,30699,买盘
11:08:46,102.33,0.0,7,71631,买盘
11:08:48,102.32,-0.01,7,71628,卖盘
11:08:52,102.33,0.01,1,10233,买盘
11:08:55,102.32,-0.01,2,20465,卖盘
11:08:57,102.33,0.01,4,40932,买盘
11:09:00,102.35,0.02,6,61402,买盘
11:09:04,102.33,-0.02,6,61398,卖盘
11:09:13,102.36,0.03,1,10236,买盘
11:09:16,102.36,0.0,2,20472,买盘
11:09:18,102.35,-0.01,1,10235,买盘
11:09:22,102.3,-0.05,77,787809,卖盘
11:09:25,102.35,0.05,27,276254,买盘
11:09:28,102.35,0.0,6,61410,卖盘
11:09:30,102.35,0.0,9,92115,卖盘
11:09:34,102.28,-0.07,9,92052,中性盘
11:09:37,102.3,0.02,1,10230,中性盘
11:09:40,102.31,0.01,2,20461,买盘
11:09:42,102.28,-0.03,3,30686,卖盘
11:10:05,102.34,0.06,4,40936,买盘
11:10:13,102.34,0.0,25,255850,买盘
11:10:18,102.35,0.01,1,10235,买盘
11:10:24,102.35,0.0,1,10235,买盘
11:10:34,102.34,-0.01,10,102341,卖盘
11:10:37,102.35,0.01,7,71644,买盘
11:10:40,102.35,0.0,11,112585,卖盘
11:10:43,102.36,0.01,13,133068,买盘
11:10:45,102.36,0.0,1,10236,买盘
11:10:49,102.35,-0.01,1,10235,卖盘
11:10:52,102.36,0.01,3,30707,买盘
11:10:58,102.36,0.0,2,20472,买盘
11:11:01,102.36,0.0,12,122832,买盘
11:11:13,102.38,0.02,1,10238,买盘
11:11:16,102.38,0.0,5,51182,买盘
11:11:19,102.36,-0.02,6,61416,卖盘
11:11:22,102.36,0.0,1,10236,卖盘
11:11:31,102.36,0.0,2,20472,卖盘
11:11:34,102.36,0.0,14,143304,卖盘
11:11:37,102.38,0.02,47,481141,买盘
11:11:40,102.37,-0.01,8,81898,卖盘
11:11:43,102.37,0.0,17,174029,卖盘
11:11:49,102.37,0.0,3,30711,卖盘
11:11:52,102.38,0.01,10,102380,买盘
11:11:55,102.37,-0.01,7,71659,卖盘
11:11:57,102.39,0.02,18,183672,买盘
11:12:01,102.39,0.0,2,20478,买盘
11:12:07,102.39,0.0,55,563145,买盘
11:12:10,102.39,0.0,27,276453,买盘
11:12:13,102.4,0.01,3,30720,买盘
11:12:16,102.4,0.0,10,102400,买盘
11:12:19,102.43,0.03,3,30729,买盘
11:12:22,102.38,-0.05,95,972718,卖盘
11:12:30,102.42,0.04,4,40960,买盘
11:12:37,102.4,-0.02,6,61440,卖盘
11:12:40,102.4,0.0,1,10240,买盘
11:12:46,102.4,0.0,4,40956,买盘
11:12:52,102.38,-0.02,11,112623,卖盘
11:12:55,102.4,0.02,12,122867,买盘
11:12:58,102.4,0.0,2,20480,卖盘
11:13:10,102.41,0.01,2,20481,中性盘
11:13:13,102.4,-0.01,3,30722,卖盘
11:13:16,102.41,0.01,3,30723,买盘
11:13:19,102.41,0.0,25,256022,买盘
11:13:31,102.42,0.01,1,10242,买盘
11:13:37,102.4,-0.02,9,92162,卖盘
11:13:40,102.42,0.02,4,40968,买盘
11:13:52,102.45,0.03,2,20490,买盘
11:14:01,102.45,0.0,4,40980,买盘
11:14:04,102.45,0.0,5,51225,卖盘
11:14:07,102.45,0.0,4,40978,买盘
11:14:10,102.45,0.0,5,51225,买盘
11:14:15,102.45,0.0,2,20490,卖盘
11:14:19,102.46,0.01,2,20492,买盘
11:14:22,102.45,-0.01,1,10245,卖盘
11:14:28,102.46,0.01,11,112696,买盘
11:14:31,102.45,-0.01,3,30736,卖盘
11:14:34,102.46,0.01,16,169562,买盘
11:14:37,102.44,-0.02,2,14854,卖盘
11:14:40,102.44,0.0,1,10244,买盘
11:14:43,102.44,0.0,6,61460,买盘
11:14:46,102.43,-0.01,12,122916,卖盘
11:14:49,102.44,0.01,2,20488,买盘
11:14:52,102.44,0.0,5,51220,买盘
11:14:55,102.44,0.0,2,20488,买盘
11:15:00,102.43,-0.01,1,10243,中性盘
11:15:04,102.43,0.0,1,10243,买盘
11:15:07,102.43,0.0,1,10243,买盘
11:15:10,102.43,0.0,1,10243,买盘
11:15:13,102.43,0.0,19,194617,买盘
11:15:19,102.43,0.0,6,61453,买盘
11:15:21,102.37,-0.06,75,767929,卖盘
11:15:25,102.37,0.0,12,122844,买盘
11:15:28,102.37,0.0,1,10237,买盘
11:15:31,102.37,0.0,2,20474,买盘
11:15:33,102.37,0.0,2,20474,买盘
11:15:37,102.36,-0.01,9,92124,卖盘
11:15:40,102.36,0.0,1,10236,卖盘
11:15:43,102.37,0.01,2,20474,买盘
11:15:46,102.37,0.0,3,30710,买盘
11:15:52,102.37,0.0,1,10237,买盘
11:15:55,102.37,0.0,6,61422,买盘
11:15:58,102.37,0.0,1,10237,买盘
11:16:01,102.36,-0.01,1,10236,卖盘
11:16:05,102.37,0.01,6,61422,买盘
11:16:07,102.37,0.0,4,40947,买盘
11:16:09,102.37,0.0,10,102370,买盘
11:16:13,102.37,0.0,12,122833,买盘
11:16:16,102.37,0.0,2,20473,买盘
11:16:22,102.35,-0.02,38,388954,卖盘
11:16:25,102.36,0.01,7,71646,买盘
11:16:28,102.36,0.0,15,153526,买盘
11:16:31,102.36,0.0,2,20472,买盘
11:16:34,102.36,0.0,9,92116,买盘
11:16:36,102.35,-0.01,9,92115,卖盘
11:16:40,102.36,0.01,1,10236,买盘
11:16:43,102.36,0.0,2,20472,买盘
11:16:45,102.35,-0.01,4,40937,买盘
11:16:52,102.35,0.0,4,40937,买盘
11:16:58,102.35,0.0,3,30703,买盘
11:17:01,102.34,-0.01,2,20468,卖盘
11:17:05,102.34,0.0,11,112564,买盘
11:17:07,102.34,0.0,6,61399,买盘
11:17:10,102.34,0.0,3,30700,买盘
11:17:16,102.34,0.0,5,51170,买盘
11:17:19,102.34,0.0,2,20468,买盘
11:17:25,102.34,0.0,11,112574,买盘
11:17:27,102.34,0.0,5,51170,买盘
11:17:31,102.33,-0.01,8,81864,卖盘
11:17:36,102.31,-0.02,2,20462,卖盘
11:17:40,102.31,0.0,4,40924,买盘
11:17:43,102.31,0.0,5,51155,买盘
11:17:46,102.31,0.0,1,10231,买盘
11:17:49,102.31,0.0,3,30693,买盘
11:17:52,102.31,0.0,1,10231,买盘
11:17:55,102.34,0.03,17,173965,买盘
11:18:01,102.35,0.01,1,10235,买盘
11:18:05,102.29,-0.06,29,296673,卖盘
11:18:07,102.25,-0.04,63,644210,卖盘
11:18:10,102.3,0.05,2,20460,买盘
11:18:12,102.3,0.0,1,10230,买盘
11:18:16,102.25,-0.05,3,30675,卖盘
11:18:19,102.3,0.05,1,10230,买盘
11:18:22,102.3,0.0,5,51130,买盘
11:18:25,102.3,0.0,1,10230,买盘
11:18:28,102.25,-0.05,9,92025,卖盘
11:18:31,102.29,0.04,4,40916,买盘
11:18:34,102.29,0.0,6,61374,买盘
11:18:37,102.26,-0.03,8,81811,卖盘
11:18:43,102.26,0.0,3,30670,买盘
11:18:45,102.26,0.0,10,102260,买盘
11:18:49,102.25,-0.01,4,40900,卖盘
11:18:51,102.25,0.0,1,10225,买盘
11:18:55,102.25,0.0,1,10225,买盘
11:19:01,102.23,-0.02,9,92016,卖盘
11:19:04,102.23,0.0,3,30670,卖盘
11:19:07,102.24,0.01,7,71568,买盘
11:19:10,102.25,0.01,2,20449,买盘
11:19:13,102.25,0.0,1,10225,买盘
11:19:19,102.24,-0.01,10,102244,卖盘
11:19:22,102.26,0.02,1,10226,买盘
11:19:25,102.26,0.0,1,10226,买盘
11:19:28,102.24,-0.02,1,10224,卖盘
11:19:30,102.26,0.02,4,40904,买盘
11:19:34,102.26,0.0,4,40904,买盘
11:19:37,102.27,0.01,10,102256,买盘
11:19:40,102.26,-0.01,1,10226,中性盘
11:19:46,102.26,0.0,2,20452,买盘
11:19:49,102.26,0.0,9,92034,买盘
11:19:52,102.26,0.0,1,10226,卖盘
11:19:57,102.29,0.03,3,30687,买盘
11:20:01,102.26,-0.03,1,10226,卖盘
11:20:05,102.29,0.03,7,71593,买盘
11:20:07,102.29,0.0,2,20458,买盘
11:20:10,102.29,0.0,3,30687,买盘
11:20:16,102.29,0.0,1,10229,买盘
11:20:19,102.3,0.01,1,10230,买盘
11:20:25,102.3,0.0,14,143220,买盘
11:20:28,102.31,0.01,1,10231,买盘
11:20:31,102.33,0.02,1,10233,卖盘
11:20:34,102.35,0.02,2,20470,买盘
11:20:37,102.3,-0.05,9,92070,卖盘
11:20:40,102.36,0.06,1,10236,买盘
11:20:46,102.25,-0.11,46,470461,卖盘
11:20:49,102.25,0.0,3,30675,买盘
11:20:52,102.25,0.0,47,480447,买盘
11:20:58,102.3,0.05,1,10230,买盘
11:21:00,102.3,0.0,1,10230,买盘
11:21:07,102.3,0.0,2,20460,买盘
11:21:10,102.3,0.0,2,20460,买盘
11:21:13,102.3,0.0,20,204600,买盘
11:21:22,102.34,0.04,2,20468,买盘
11:21:25,102.34,0.0,1,10234,买盘
11:21:31,102.33,-0.01,4,40923,买盘
11:21:34,102.3,-0.03,11,112534,卖盘
11:21:37,102.31,0.01,1,10231,中性盘
11:21:40,102.33,0.02,3,30699,买盘
11:21:42,102.33,0.0,8,81847,买盘
11:21:46,102.33,0.0,4,40923,买盘
11:21:49,102.33,0.0,6,61398,买盘
11:21:52,102.32,-0.01,6,61392,中性盘
11:21:58,102.32,0.0,8,81856,买盘
11:22:01,102.32,0.0,3,30695,买盘
11:22:04,102.35,0.03,102,1043913,买盘
11:22:07,102.35,0.0,5,51172,买盘
11:22:10,102.35,0.0,2,20467,买盘
11:22:16,102.35,0.0,1,10235,买盘
11:22:18,102.35,0.0,1,10235,买盘
11:22:22,102.44,0.09,1002,10260432,买盘
11:22:25,102.44,0.0,42,430248,买盘
11:22:31,102.46,0.02,16,163762,买盘
11:22:34,102.36,-0.1,1,10236,中性盘
11:22:36,102.44,0.08,3,30724,买盘
11:22:40,102.36,-0.08,11,112636,中性盘
11:22:43,102.46,0.1,1,10246,买盘
11:22:46,102.46,0.0,3,26947,买盘
11:22:49,102.47,0.01,2,20494,买盘
11:22:54,102.46,-0.01,9,92218,卖盘
11:22:58,102.46,0.0,13,133184,买盘
11:23:01,102.37,-0.09,4,40959,卖盘
11:23:05,102.38,0.01,3,30722,卖盘
11:23:07,102.48,0.1,2,20496,买盘
11:23:10,102.48,0.0,18,184455,买盘
11:23:13,102.48,0.0,4,40992,卖盘
11:23:16,102.49,0.01,2,20489,买盘
11:23:18,102.49,0.0,31,321819,买盘
11:23:22,102.49,0.0,18,184493,卖盘
11:23:25,102.5,0.01,5,47146,买盘
11:23:28,102.5,0.0,4,45096,卖盘
11:23:30,102.59,0.09,13,133340,买盘
11:23:34,102.56,-0.03,2,20512,卖盘
11:23:37,102.59,0.03,2,20515,买盘
11:23:40,102.54,-0.05,9,92300,卖盘
11:23:43,102.51,-0.03,19,194754,买盘
11:23:45,102.45,-0.06,16,163932,卖盘
11:23:49,102.55,0.1,77,788892,买盘
11:23:51,102.51,-0.04,5,51271,卖盘
11:23:55,102.49,-0.02,1,10249,卖盘
11:23:58,102.49,0.0,6,61477,中性盘
11:24:01,102.49,0.0,3,30746,买盘
11:24:04,102.51,0.02,34,348328,买盘
11:24:07,102.55,0.04,9,92279,买盘
11:24:10,102.55,0.0,8,82032,买盘
11:24:13,102.58,0.03,4,41026,买盘
11:24:16,102.59,0.01,2,20514,买盘
11:24:19,102.59,0.0,1,10259,买盘
11:24:22,102.59,0.0,2,20518,买盘
11:24:25,102.58,-0.01,4,41036,卖盘
11:24:28,102.59,0.01,3,30776,买盘
11:24:31,102.59,0.0,15,153893,买盘
11:24:33,102.6,0.01,9,92336,买盘
11:24:37,102.59,-0.01,2,20518,卖盘
11:24:40,102.59,0.0,7,71813,卖盘
11:24:43,102.6,0.01,6,61554,买盘
11:24:46,102.6,0.0,8,82078,买盘
11:24:49,102.59,-0.01,9,92330,中性盘
11:24:51,102.59,0.0,18,184671,买盘
11:24:55,102.59,0.0,7,71809,买盘
11:24:57,102.58,-0.01,6,61552,卖盘
11:25:01,102.6,0.02,4,41036,买盘
11:25:04,102.61,0.01,2,20520,买盘
11:25:07,102.63,0.02,2,20526,卖盘
11:25:09,102.63,0.0,12,123166,中性盘
11:25:13,102.61,-0.02,7,71827,卖盘
11:25:16,102.61,0.0,3,30781,买盘
11:25:19,102.59,-0.02,1,10259,卖盘
11:25:22,102.61,0.02,2,20522,买盘
11:25:24,102.59,-0.02,22,225698,卖盘
11:25:28,102.59,0.0,6,61549,买盘
11:25:31,102.59,0.0,7,71812,买盘
11:25:34,102.58,-0.01,7,71812,卖盘
11:25:36,102.58,0.0,7,71806,卖盘
11:25:40,102.59,0.01,11,112839,买盘
11:25:42,102.58,-0.01,22,225676,卖盘
11:25:46,102.55,-0.03,5,51275,卖盘
11:25:49,102.55,0.0,3,30768,卖盘
11:25:52,102.55,0.0,5,51275,买盘
11:25:55,102.5,-0.05,2,20500,卖盘
11:25:57,102.54,0.04,6,61524,中性盘
11:26:01,102.5,-0.04,2,20504,卖盘
11:26:05,102.54,0.04,3,30758,买盘
11:26:07,102.54,0.0,1,10254,买盘
11:26:10,102.51,-0.03,1,10251,卖盘
11:26:13,102.5,-0.01,9,92257,卖盘
11:26:15,102.5,0.0,4,40992,买盘
11:26:21,102.46,-0.04,2,20492,卖盘
11:26:25,102.5,0.04,4,40992,买盘
11:26:28,102.46,-0.04,13,133198,卖盘
11:26:31,102.46,0.0,12,122947,买盘
11:26:34,102.46,0.0,6,61476,买盘
11:26:37,102.45,-0.01,1,10245,买盘
11:26:40,102.45,0.0,1,10245,卖盘
11:26:48,102.4,-0.05,27,272384,卖盘
11:26:52,102.34,-0.06,26,266147,卖盘
11:26:55,102.34,0.0,5,51170,买盘
11:26:58,102.3,-0.04,26,265987,卖盘
11:27:00,102.28,-0.02,34,347670,买盘
11:27:04,102.28,0.0,6,61368,买盘
11:27:07,102.43,0.15,13,133136,买盘
11:27:10,102.46,0.03,5,51228,买盘
11:27:13,102.46,0.0,5,51227,买盘
11:27:16,102.46,0.0,63,645437,买盘
11:27:18,102.46,0.0,28,286867,买盘
11:27:22,102.46,0.0,5,51230,买盘
11:27:25,102.3,-0.16,14,143228,卖盘
11:27:28,102.46,0.16,8,81882,买盘
11:27:31,102.46,0.0,5,51230,买盘
11:27:34,102.46,0.0,1,10246,买盘
11:27:36,102.46,0.0,23,235656,买盘
11:27:40,102.31,-0.15,14,143339,卖盘
11:27:42,102.46,0.15,2,20492,买盘
11:27:46,102.46,0.0,7,71634,买盘
11:27:49,102.46,0.0,2,20492,买盘
11:27:58,102.46,0.0,1,10246,买盘
11:28:01,102.46,0.0,1,10246,买盘
11:28:07,102.38,-0.08,8,81868,买盘
11:28:10,102.38,0.0,9,92130,买盘
11:28:13,102.38,0.0,4,40940,买盘
11:28:15,102.29,-0.09,33,337641,卖盘
11:28:19,102.38,0.09,2,20476,买盘
11:28:22,102.45,0.07,10,102394,买盘
11:28:25,102.45,0.0,1,10245,买盘
11:28:28,102.38,-0.07,2,20476,卖盘
11:28:31,102.45,0.07,1,10245,买盘
11:28:34,102.45,0.0,3,30728,买盘
11:28:37,102.38,-0.07,7,71646,卖盘
11:28:40,102.38,0.0,1,10238,买盘
11:28:43,102.38,0.0,1,10238,买盘
11:28:46,102.38,0.0,1,10238,买盘
11:28:49,102.33,-0.05,3,30699,卖盘
11:28:52,102.38,0.05,2,20476,买盘
11:28:54,102.38,0.0,1,10238,买盘
11:28:58,102.38,0.0,1,10238,买盘
11:29:04,102.32,-0.06,17,173967,卖盘
11:29:07,102.32,0.0,3,30696,买盘
11:29:10,102.32,0.0,2,20464,买盘
11:29:13,102.38,0.06,2,20476,买盘
11:29:22,102.38,0.0,4,40952,买盘
11:29:25,102.38,0.0,2,20476,买盘
11:29:33,102.38,0.0,1,10238,买盘
11:29:37,102.38,0.0,1,10238,买盘
11:29:39,102.31,-0.07,6,61386,卖盘
11:29:43,102.31,0.0,3,30692,买盘
11:29:46,102.38,0.07,3,30707,买盘
11:29:49,102.45,0.07,1,10245,买盘
11:29:55,102.45,0.0,2,20490,买盘
13:00:00,102.46,0.01,7,71722,买盘
13:00:04,102.45,-0.01,90,921956,买盘
13:00:07,102.42,-0.03,50,512256,中性盘
13:00:10,102.48,0.06,6,61488,买盘
13:00:13,102.48,0.0,1,10248,买盘
13:00:16,102.48,0.0,1,10248,买盘
13:00:19,102.49,0.01,23,235693,买盘
13:00:22,102.49,0.0,10,102481,买盘
13:00:25,102.5,0.01,135,1384010,买盘
13:00:27,102.59,0.09,49,502494,买盘
13:00:31,102.6,0.01,4,41040,买盘
13:00:34,102.54,-0.06,117,1198834,卖盘
13:00:37,102.6,0.06,31,318036,买盘
13:00:39,102.5,-0.1,36,369358,卖盘
13:00:43,102.6,0.1,7,71820,中性盘
13:00:46,102.6,0.0,6,61544,买盘
13:00:49,102.61,0.01,40,410399,买盘
13:00:52,102.6,-0.01,15,153905,卖盘
13:00:55,102.61,0.01,1,10261,买盘
13:00:58,102.61,0.0,1,10261,买盘
13:01:04,102.54,-0.07,15,153816,卖盘
13:01:07,102.53,-0.01,8,82019,中性盘
13:01:10,102.5,-0.03,41,420295,卖盘
13:01:12,102.5,0.0,10,102500,买盘
13:01:16,102.5,0.0,1,10250,买盘
13:01:19,102.42,-0.08,5,51218,卖盘
13:01:22,102.5,0.08,2,20500,买盘
13:01:25,102.4,-0.1,5,51210,卖盘
13:01:28,102.42,0.02,1,10242,买盘
13:01:34,102.4,-0.02,23,235526,卖盘
13:01:37,102.39,-0.01,10,102399,卖盘
13:01:40,102.35,-0.04,7,71653,卖盘
13:01:43,102.39,0.04,13,133099,买盘
13:01:45,102.39,0.0,7,71665,买盘
13:01:48,102.35,-0.04,14,143310,卖盘
13:01:52,102.39,0.04,73,747076,买盘
13:01:55,102.42,0.03,3,30726,买盘
13:01:58,102.5,0.08,7,71726,买盘
13:02:00,102.5,0.0,10,102500,卖盘
13:02:04,102.5,0.0,9,92210,买盘
13:02:07,102.5,0.0,2,20500,买盘
13:02:10,102.5,0.0,56,573415,买盘
13:02:12,102.5,0.0,7,71720,买盘
13:02:16,102.61,0.11,10,102610,买盘
13:02:22,102.5,-0.11,8,82050,卖盘
13:02:25,102.6,0.1,1,10260,买盘
13:02:27,102.5,-0.1,2,20500,卖盘
13:02:30,102.45,-0.05,27,276655,卖盘
13:02:34,102.37,-0.08,64,655303,卖盘
13:02:37,102.59,0.22,11,112826,买盘
13:02:40,102.58,-0.01,1,10258,中性盘
13:02:42,102.5,-0.08,4,41008,中性盘
13:02:46,102.5,0.0,1,10250,买盘
13:02:49,102.5,0.0,1,10250,买盘
13:02:55,102.5,0.0,3,30750,买盘
13:02:58,102.5,0.0,1,10250,买盘
13:03:01,102.5,0.0,43,440750,买盘
13:03:05,102.58,0.08,4,41032,买盘
13:03:07,102.61,0.03,19,194927,买盘
13:03:10,102.61,0.0,12,123132,买盘
13:03:13,102.63,0.02,9,92367,买盘
13:03:16,102.61,-0.02,44,451555,卖盘
13:03:19,102.61,0.0,45,461733,买盘
13:03:22,102.65,0.04,6,61567,买盘
13:03:25,102.6,-0.05,9,94302,卖盘
13:03:28,102.63,0.03,4,39100,买盘
13:03:30,102.6,-0.03,19,194923,买盘
13:03:34,102.65,0.05,3,30795,买盘
13:03:37,102.64,-0.01,3,30792,卖盘
13:03:40,102.61,-0.03,10,102616,中性盘
13:03:42,102.61,0.0,17,174477,买盘
13:03:46,102.64,0.03,2,20528,买盘
13:03:49,102.64,0.0,5,51320,买盘
13:03:52,102.64,0.0,15,153966,卖盘
13:03:54,102.6,-0.04,10,102608,卖盘
13:03:58,102.5,-0.1,6,61533,卖盘
13:04:01,102.63,0.13,26,266853,买盘
13:04:04,102.63,0.0,4,41052,买盘
13:04:13,102.6,-0.03,6,61560,买盘
13:04:16,102.6,0.0,5,51308,中性盘
13:04:18,102.53,-0.07,2,20506,中性盘
13:04:21,102.62,0.09,7,71834,买盘
13:04:25,102.6,-0.02,4,41040,买盘
13:04:28,102.61,0.01,6,61566,买盘
13:04:31,102.6,-0.01,6,61568,卖盘
13:04:34,102.47,-0.13,32,328016,卖盘
13:04:37,102.45,-0.02,59,604543,卖盘
13:04:39,102.51,0.06,5,51255,买盘
13:04:43,102.52,0.01,7,71764,买盘
13:04:45,102.52,0.0,1,10252,买盘
13:04:52,102.62,0.1,3,30766,买盘
13:04:58,102.59,-0.03,2,20518,买盘
13:05:04,102.52,-0.07,12,123119,卖盘
13:05:07,102.61,0.09,2,20522,买盘
13:05:13,102.5,-0.11,3,30770,卖盘
13:05:19,102.6,0.1,2,20520,买盘
13:05:22,102.61,0.01,7,71824,买盘
13:05:25,102.62,0.01,2,20524,买盘
13:05:28,102.61,-0.01,13,133396,卖盘
13:05:30,102.61,0.0,5,51309,卖盘
13:05:34,102.64,0.03,6,61575,买盘
13:05:37,102.62,-0.02,1,10262,买盘
13:05:40,102.62,0.0,2,20524,买盘
13:05:42,102.62,0.0,4,41054,卖盘
13:05:46,102.63,0.01,2,20526,买盘
13:05:49,102.63,0.0,1,10263,买盘
13:05:52,102.63,0.0,6,61575,买盘
13:05:55,102.64,0.01,14,143696,买盘
13:05:58,102.64,0.0,2,20528,买盘
13:06:01,102.64,0.0,3,30792,买盘
13:06:04,102.64,0.0,6,61584,买盘
13:06:07,102.64,0.0,1,10264,买盘
13:06:10,102.64,0.0,5,51320,买盘
13:06:13,102.64,0.0,6,61585,卖盘
13:06:16,102.64,0.0,7,71850,卖盘
13:06:19,102.65,0.01,14,143703,买盘
13:06:21,102.65,0.0,3,30795,买盘
13:06:24,102.65,0.0,4,41060,买盘
13:06:28,102.64,-0.01,16,164224,卖盘
13:06:31,102.64,0.0,27,277125,买盘
13:06:34,102.64,0.0,4,41056,买盘
13:06:40,102.63,-0.01,2,20526,买盘
13:06:46,102.62,-0.01,1,10262,卖盘
13:06:49,102.6,-0.02,101,1036295,卖盘
13:06:52,102.62,0.02,16,164186,买盘
13:06:54,102.62,0.0,5,51310,买盘
13:06:58,102.62,0.0,1,10262,买盘
13:07:01,102.61,-0.01,2,20522,买盘
13:07:04,102.6,-0.01,32,328320,卖盘
13:07:07,102.61,0.01,6,61566,买盘
13:07:13,102.61,0.0,2,20522,买盘
13:07:16,102.61,0.0,2,20522,买盘
13:07:21,102.6,-0.01,2,20520,买盘
13:07:24,102.5,-0.1,18,184500,卖盘
13:07:27,102.6,0.1,5,51278,买盘
13:07:31,102.5,-0.1,20,205000,卖盘
13:07:34,102.59,0.09,3,30759,买盘
13:07:36,102.5,-0.09,10,102560,卖盘
13:07:40,102.6,0.1,7,71765,买盘
13:07:43,102.5,-0.1,14,143500,卖盘
13:07:46,102.5,0.0,7,71800,卖盘
13:07:55,102.59,0.09,1,10259,买盘
13:07:58,102.59,0.0,3,30777,买盘
13:08:01,102.59,0.0,1,10259,买盘
13:08:07,102.59,0.0,1,10259,买盘
13:08:10,102.56,-0.03,1,10256,买盘
13:08:13,102.59,0.03,9,92311,买盘
13:08:16,102.56,-0.03,6,61553,卖盘
13:08:22,102.6,0.04,4,41037,买盘
13:08:25,102.58,-0.02,1,10258,中性盘
13:08:28,102.56,-0.02,5,51284,卖盘
13:08:31,102.51,-0.05,5,51268,卖盘
13:08:34,102.58,0.07,2,20516,中性盘
13:08:37,102.59,0.01,6,61535,买盘
13:08:43,102.59,0.0,4,41036,买盘
13:08:46,102.59,0.0,2,20518,买盘
13:08:49,102.58,-0.01,2,20516,买盘
13:08:58,102.58,0.0,6,61544,买盘
13:09:00,102.56,-0.02,1,10256,中性盘
13:09:04,102.56,0.0,2,20507,买盘
13:09:07,102.58,0.02,1,10258,买盘
13:09:10,102.56,-0.02,3,30772,中性盘
13:09:16,102.46,-0.1,37,379192,卖盘
13:09:18,102.38,-0.08,21,215088,卖盘
13:09:22,102.32,-0.06,34,347977,卖盘
13:09:25,102.46,0.14,6,61476,买盘
13:09:28,102.44,-0.02,1,10244,买盘
13:09:31,102.44,0.0,4,40964,买盘
13:09:34,102.46,0.02,1,10246,买盘
13:09:36,102.44,-0.02,1,10244,卖盘
13:09:40,102.55,0.11,4,40993,买盘
13:09:43,102.44,-0.11,5,51222,卖盘
13:09:46,102.44,0.0,4,40979,卖盘
13:09:49,102.45,0.01,3,30735,买盘
13:09:52,102.45,0.0,9,92205,买盘
13:09:54,102.55,0.1,1,10255,买盘
13:09:58,102.55,0.0,1,10255,买盘
13:10:00,102.44,-0.11,20,204880,卖盘
13:10:05,102.44,0.0,38,389272,买盘
13:10:07,102.55,0.11,3,30765,买盘
13:10:10,102.56,0.01,23,235888,买盘
13:10:13,102.58,0.02,14,143612,买盘
13:10:16,102.57,-0.01,22,225634,买盘
13:10:19,102.58,0.01,5,51290,买盘
13:10:21,102.59,0.01,13,133367,买盘
13:10:25,102.6,0.01,41,420657,买盘
13:10:27,102.61,0.01,10,102610,买盘
13:10:31,102.62,0.01,4,41048,买盘
13:10:34,102.63,0.01,4,41051,买盘
13:10:37,102.65,0.02,14,143704,买盘
13:10:40,102.65,0.0,12,123180,买盘
13:10:43,102.67,0.02,44,451707,买盘
13:10:46,102.68,0.01,14,143750,买盘
13:10:49,102.68,0.0,9,92412,买盘
13:10:52,102.69,0.01,50,513450,买盘
13:10:55,102.7,0.01,44,451879,买盘
13:10:58,102.69,-0.01,19,195150,卖盘
13:11:00,102.73,0.04,6,61638,买盘
13:11:04,102.74,0.01,28,287672,买盘
13:11:07,102.76,0.02,23,236299,买盘
13:11:10,102.77,0.01,3,30831,买盘
13:11:13,102.78,0.01,4,41112,买盘
13:11:16,102.78,0.0,9,92509,卖盘
13:11:19,102.79,0.01,9,92511,买盘
13:11:22,102.78,-0.01,9,92502,卖盘
13:11:25,102.79,0.01,3,30836,买盘
13:11:28,102.78,-0.01,5,51393,中性盘
13:11:31,102.79,0.01,4,41113,买盘
13:11:34,102.78,-0.01,1,10278,中性盘
13:11:36,102.78,0.0,6,61668,买盘
13:11:40,102.78,0.0,2,20556,买盘
13:11:43,102.69,-0.09,6,61647,卖盘
13:11:46,102.63,-0.06,31,318240,卖盘
13:11:49,102.57,-0.06,16,164239,卖盘
13:11:52,102.55,-0.02,19,194873,卖盘
13:11:55,102.45,-0.1,32,327880,卖盘
13:11:58,102.77,0.32,6,61562,买盘
13:12:07,102.75,-0.02,2,20550,卖盘
13:12:10,102.75,0.0,1,10275,买盘
13:12:16,102.7,-0.05,1,10270,买盘
13:12:19,102.7,0.0,4,41078,买盘
13:12:22,102.69,-0.01,1,10269,买盘
13:12:27,102.7,0.01,1,10270,买盘
13:12:31,102.7,0.0,3,30808,买盘
13:12:34,102.7,0.0,2,20539,买盘
13:12:37,102.6,-0.1,2,20520,卖盘
13:12:40,102.65,0.05,4,41050,买盘
13:12:43,102.65,0.0,1,10265,买盘
13:12:45,102.58,-0.07,5,51292,卖盘
13:12:49,102.58,0.0,2,20516,卖盘
13:12:52,102.58,0.0,5,51293,卖盘
13:12:55,102.6,0.02,27,276995,买盘
13:12:58,102.65,0.05,11,112885,买盘
13:13:01,102.65,0.0,2,20530,买盘
13:13:04,102.6,-0.05,2,20525,卖盘
13:13:09,102.6,0.0,17,174420,卖盘
13:13:13,102.6,0.0,23,236004,卖盘
13:13:16,102.63,0.03,2,20526,买盘
13:13:19,102.65,0.02,2,20530,买盘
13:13:22,102.63,-0.02,1,10263,买盘
13:13:25,102.65,0.02,7,71845,买盘
13:13:27,102.7,0.05,48,492791,买盘
13:13:31,102.63,-0.07,5,51315,买盘
13:13:34,102.7,0.07,3,30810,买盘
13:13:37,102.69,-0.01,2,20539,中性盘
13:13:43,102.6,-0.09,3,30785,卖盘
13:13:46,102.63,0.03,3,30791,卖盘
13:13:49,102.65,0.02,1,10265,买盘
13:13:52,102.65,0.0,4,41058,买盘
13:13:55,102.63,-0.02,9,92383,卖盘
13:13:58,102.65,0.02,1,10265,买盘
13:14:00,102.65,0.0,2,20530,买盘
13:14:04,102.6,-0.05,22,225742,卖盘
13:14:07,102.5,-0.1,26,266637,卖盘
13:14:10,102.49,-0.01,10,102495,卖盘
13:14:13,102.4,-0.09,26,266355,卖盘
13:14:16,102.4,0.0,23,235520,买盘
13:14:19,102.5,0.1,3,30750,买盘
13:14:22,102.4,-0.1,2,20480,卖盘
13:14:25,102.49,0.09,3,30738,买盘
13:14:28,102.5,0.01,1,10250,中性盘
13:14:30,102.57,0.07,1,10257,买盘
13:14:33,102.49,-0.08,1,10249,中性盘
13:14:37,102.57,0.08,2,20514,买盘
13:14:40,102.56,-0.01,3,30768,买盘
13:14:43,102.57,0.01,1,10257,买盘
13:14:49,102.55,-0.02,3,30765,买盘
13:14:52,102.54,-0.01,1,10254,中性盘
13:14:58,102.55,0.01,1,10255,买盘
13:15:01,102.54,-0.01,1,10254,中性盘
13:15:04,102.49,-0.05,8,81992,卖盘
13:15:07,102.54,0.05,1,10254,买盘
13:15:09,102.54,0.0,12,123048,买盘
13:15:13,102.53,-0.01,3,30759,中性盘
13:15:16,102.53,0.0,1,10253,买盘
13:15:19,102.52,-0.01,1,10252,买盘
13:15:22,102.49,-0.03,18,184490,卖盘
13:15:24,102.49,0.0,4,40996,买盘
13:15:31,102.4,-0.09,17,174093,卖盘
13:15:34,102.4,0.0,15,153599,买盘
13:15:37,102.4,0.0,95,972800,买盘
13:15:40,102.39,-0.01,18,184319,卖盘
13:15:43,102.39,0.0,6,61432,买盘
13:15:45,102.38,-0.01,51,522140,卖盘
13:15:48,102.38,0.0,10,102380,买盘
13:15:52,102.38,0.0,1,10238,买盘
13:15:58,102.38,0.0,1,10238,买盘
13:16:01,102.37,-0.01,2,20475,卖盘
13:16:04,102.38,0.01,4,40952,买盘
13:16:09,102.35,-0.03,3,30708,卖盘
13:16:13,102.35,0.0,6,61410,买盘
13:16:16,102.35,0.0,1,10235,买盘
13:16:22,102.32,-0.03,3,30698,卖盘
13:16:25,102.32,0.0,2,20466,卖盘
13:16:28,102.34,0.02,5,51162,买盘
13:16:33,102.33,-0.01,3,30698,买盘
13:16:37,102.3,-0.03,90,920749,卖盘
13:16:40,102.3,0.0,58,593340,卖盘
13:16:43,102.3,0.0,7,71610,买盘
13:16:46,102.3,0.0,3,30690,买盘
13:16:48,102.3,0.0,1,10230,买盘
13:16:55,102.3,0.0,1,10230,买盘
13:16:58,102.3,0.0,55,562650,买盘
13:17:01,102.34,0.04,5,51170,买盘
13:17:05,102.38,0.04,5,51186,买盘
13:17:07,102.38,0.0,1,10238,买盘
13:17:10,102.38,0.0,1,10238,买盘
13:17:13,102.34,-0.04,6,61412,卖盘
13:17:16,102.3,-0.04,7,71622,卖盘
13:17:19,102.34,0.04,2,20468,买盘
13:17:22,102.3,-0.04,3,30693,卖盘
13:17:25,102.33,0.03,1,10233,买盘
13:17:27,102.32,-0.01,4,40927,中性盘
13:17:31,102.32,0.0,1,10232,买盘
13:17:34,102.3,-0.02,1,10230,卖盘
13:17:37,102.33,0.03,2,20466,买盘
13:17:43,102.34,0.01,2,20468,买盘
13:17:45,102.34,0.0,1,10234,买盘
13:17:49,102.34,0.0,3,30701,买盘
13:17:55,102.34,0.0,1,10234,买盘
13:17:58,102.34,0.0,2,20468,买盘
13:18:01,102.33,-0.01,3,30701,卖盘
13:18:07,102.33,0.0,8,81865,卖盘
13:18:10,102.33,0.0,10,102330,卖盘
13:18:13,102.32,-0.01,4,40930,卖盘
13:18:16,102.33,0.01,1,10233,买盘
13:18:18,102.33,0.0,5,51163,买盘
13:18:22,102.3,-0.03,5,51152,卖盘
13:18:25,102.3,0.0,9,92073,卖盘
13:18:28,102.32,0.02,2,20464,买盘
13:18:31,102.32,0.0,1,10232,买盘
13:18:34,102.3,-0.02,3,30692,卖盘
13:18:37,102.3,0.0,4,40920,卖盘
13:18:40,102.32,0.02,1,10232,买盘
13:18:43,102.31,-0.01,7,71617,买盘
13:18:46,102.31,0.0,1,10231,买盘
13:18:49,102.28,-0.03,51,521680,卖盘
13:18:52,102.3,0.02,8,81840,买盘
13:18:55,102.31,0.01,3,30693,买盘
13:19:05,102.31,0.0,4,40922,买盘
13:19:07,102.3,-0.01,6,61380,卖盘
13:19:13,102.3,0.0,3,30690,买盘
13:19:16,102.28,-0.02,1,10228,卖盘
13:19:19,102.23,-0.05,58,593174,卖盘
13:19:21,102.23,0.0,16,163568,买盘
13:19:25,102.22,-0.01,3,30666,卖盘
13:19:27,102.22,0.0,1,10222,买盘
13:19:31,102.21,-0.01,1,10221,卖盘
13:19:34,102.21,0.0,2,20442,卖盘
13:19:37,102.22,0.01,29,296430,买盘
13:19:40,102.23,0.01,1,10223,买盘
13:19:43,102.23,0.0,5,51125,卖盘
13:19:46,102.28,0.05,3,30684,买盘
13:19:55,102.27,-0.01,6,61342,买盘
13:19:57,102.27,0.0,1,10227,买盘
13:20:01,102.27,0.0,4,40908,买盘
13:20:05,102.3,0.03,50,511399,买盘
13:20:07,102.3,0.0,71,726330,买盘
13:20:10,102.33,0.03,17,173913,买盘
13:20:13,102.37,0.04,2,20474,买盘
13:20:16,102.3,-0.07,1,10230,卖盘
13:20:28,102.36,0.06,1,10236,买盘
13:20:34,102.3,-0.06,5,51150,卖盘
13:20:37,102.36,0.06,1,10236,买盘
13:20:46,102.34,-0.02,1,10234,买盘
13:20:49,102.34,0.0,8,81864,买盘
13:20:52,102.34,0.0,4,40918,买盘
13:20:58,102.27,-0.07,1,10227,卖盘
13:21:19,102.27,0.0,2,20454,卖盘
13:21:22,102.28,0.01,1,10228,买盘
13:21:25,102.27,-0.01,12,122734,卖盘
13:21:28,102.28,0.01,9,92052,买盘
13:21:31,102.32,0.04,4,40923,买盘
13:21:33,102.32,0.0,16,163721,买盘
13:21:37,102.32,0.0,83,849382,卖盘
13:21:40,102.32,0.0,2,20464,买盘
13:21:43,102.34,0.02,19,194446,买盘
13:21:46,102.36,0.02,125,1279265,买盘
13:21:49,102.38,0.02,32,327616,买盘
13:21:52,102.29,-0.09,236,2415620,卖盘
13:21:54,102.39,0.1,2,20478,买盘
13:21:58,102.4,0.01,14,143357,买盘
13:22:01,102.46,0.06,3,30737,买盘
13:22:04,102.47,0.01,2,20494,买盘
13:22:07,102.49,0.02,5,51245,买盘
13:22:10,102.53,0.04,13,133265,买盘
13:22:12,102.56,0.03,2,20512,买盘
13:22:16,102.59,0.03,10,102590,买盘
13:22:18,102.59,0.0,12,123114,卖盘
13:22:22,102.56,-0.03,14,143584,买盘
13:22:40,102.54,-0.02,2,20508,中性盘
13:22:49,102.54,0.0,1,10254,买盘
13:22:54,102.54,0.0,3,30762,买盘
13:23:01,102.5,-0.04,11,112750,卖盘
13:23:07,102.5,0.0,1,10250,卖盘
13:23:09,102.51,0.01,1,10251,中性盘
13:23:19,102.51,0.0,5,51254,买盘
13:23:22,102.36,-0.15,1,10236,中性盘
13:23:25,102.5,0.14,1,10250,买盘
13:23:31,102.35,-0.15,2,20485,卖盘
13:23:40,102.35,0.0,4,40940,卖盘
13:23:42,102.43,0.08,1,10243,中性盘
13:23:46,102.36,-0.07,2,20472,卖盘
13:23:49,102.35,-0.01,4,40943,卖盘
13:23:52,102.35,0.0,3,30707,卖盘
13:23:54,102.31,-0.04,45,460556,卖盘
13:23:58,102.31,0.0,10,102342,卖盘
13:24:01,102.28,-0.03,6,61376,卖盘
13:24:05,102.31,0.03,1,10231,买盘
13:24:07,102.3,-0.01,6,61380,中性盘
13:24:09,102.3,0.0,1,10230,中性盘
13:24:13,102.28,-0.02,2,20456,卖盘
13:24:16,102.28,0.0,11,112523,卖盘
13:24:18,102.3,0.02,5,51150,买盘
13:24:22,102.28,-0.02,5,51146,卖盘
13:24:25,102.3,0.02,2,20460,买盘
13:24:28,102.23,-0.07,57,582824,卖盘
13:24:30,102.23,0.0,12,122676,买盘
13:24:34,102.23,0.0,1,10223,买盘
13:24:40,102.22,-0.01,5,51110,卖盘
13:24:43,102.23,0.01,3,30669,买盘
13:24:46,102.22,-0.01,3,30667,卖盘
13:24:49,102.23,0.01,9,92007,买盘
13:24:51,102.23,0.0,4,40889,买盘
13:24:55,102.22,-0.01,27,276019,卖盘
13:24:58,102.23,0.01,15,153338,买盘
13:25:01,102.28,0.05,1,10228,买盘
13:25:04,102.28,0.0,1,10228,买盘
13:25:07,102.28,0.0,6,61356,买盘
13:25:10,102.27,-0.01,6,61362,买盘
13:25:13,102.25,-0.02,11,112483,卖盘
13:25:16,102.28,0.03,3,30684,买盘
13:25:19,102.28,0.0,1,10228,买盘
13:25:22,102.28,0.0,2,20456,买盘
13:25:25,102.25,-0.03,2,20450,卖盘
13:25:31,102.28,0.03,2,20456,买盘
13:25:34,102.28,0.0,3,30684,买盘
13:25:37,102.26,-0.02,5,51136,卖盘
13:25:40,102.28,0.02,1,10228,买盘
13:25:46,102.3,0.02,19,194310,买盘
13:25:49,102.48,0.18,3,30744,买盘
13:25:51,102.3,-0.18,7,71610,卖盘
13:25:55,102.47,0.17,3,30741,买盘
13:26:13,102.3,-0.17,8,81840,卖盘
13:26:16,102.45,0.15,1,10245,买盘
13:26:31,102.31,-0.14,4,40924,卖盘
13:26:34,102.45,0.14,7,71639,买盘
13:26:37,102.45,0.0,1,10245,买盘
13:26:52,102.32,-0.13,2,20464,卖盘
13:26:55,102.32,0.0,2,20464,卖盘
13:26:57,102.28,-0.04,4,40931,卖盘
13:27:01,102.23,-0.05,41,419282,卖盘
13:27:04,102.23,0.0,57,582595,买盘
13:27:07,102.3,0.07,10,102251,买盘
13:27:10,102.42,0.12,10,102420,买盘
13:27:16,102.3,-0.12,17,173910,卖盘
13:27:19,102.42,0.12,23,235524,买盘
13:27:22,102.42,0.0,5,51210,买盘
13:27:31,102.42,0.0,3,30726,买盘
13:27:33,102.28,-0.14,5,51149,卖盘
13:27:37,102.42,0.14,1,10242,买盘
13:27:40,102.32,-0.1,1,10232,卖盘
13:27:43,102.32,0.0,2,20464,买盘
13:27:46,102.32,0.0,1,10232,买盘
13:27:52,102.32,0.0,7,71624,买盘
13:27:55,102.36,0.04,3,30700,买盘
13:28:01,102.32,-0.04,4,40928,卖盘
13:28:04,102.32,0.0,3,30696,买盘
13:28:16,102.32,0.0,1,10232,买盘
13:28:18,102.3,-0.02,2,20461,卖盘
13:28:24,102.29,-0.01,5,51146,中性盘
13:28:28,102.29,0.0,1,10229,买盘
13:28:31,102.28,-0.01,2,20456,中性盘
13:28:37,102.25,-0.03,8,81804,卖盘
13:28:39,102.28,0.03,1,10228,买盘
13:28:46,102.26,-0.02,1,10226,卖盘
13:28:49,102.28,0.02,2,20456,买盘
13:28:55,102.26,-0.02,1,10226,卖盘
13:29:04,102.28,0.02,2,20456,买盘
13:29:07,102.28,0.0,4,40912,买盘
13:29:10,102.26,-0.02,13,132941,卖盘
13:29:13,102.27,0.01,4,40908,买盘
13:29:16,102.27,0.0,1,10227,买盘
13:29:22,102.27,0.0,8,81806,买盘
13:29:25,102.26,-0.01,9,92042,中性盘
13:29:28,102.26,0.0,10,102260,买盘
13:29:31,102.27,0.01,1,10227,买盘
13:29:34,102.2,-0.07,89,909819,卖盘
13:29:37,102.27,0.07,6,61362,买盘
13:29:40,102.3,0.03,1,10230,买盘
13:29:43,102.32,0.02,11,112548,买盘
13:29:45,102.36,0.04,5,51180,买盘
13:29:58,102.32,-0.04,1,10232,卖盘
13:30:01,102.27,-0.05,20,204551,卖盘
13:30:04,102.41,0.14,2,20482,买盘
13:30:07,102.41,0.0,4,40966,卖盘
13:30:13,102.4,-0.01,1,10240,买盘
13:30:19,102.32,-0.08,1,10232,卖盘
13:30:27,102.32,0.0,2,20464,中性盘
13:30:31,102.28,-0.04,1,10228,卖盘
13:30:33,102.32,0.04,5,51162,买盘
13:30:49,102.27,-0.05,4,40919,卖盘
13:30:52,102.27,0.0,3,30691,卖盘
13:31:01,102.27,0.0,7,71589,卖盘
13:31:04,102.32,0.05,2,20464,买盘
13:31:10,102.27,-0.05,6,61362,卖盘
13:31:13,102.32,0.05,11,112552,买盘
13:31:16,102.32,0.0,3,30694,买盘
13:31:19,102.32,0.0,7,71624,买盘
13:31:22,102.37,0.05,2,20474,买盘
13:31:34,102.32,-0.05,5,51160,卖盘
13:31:36,102.32,0.0,4,40928,卖盘
13:31:40,102.35,0.03,7,71627,买盘
13:31:43,102.32,-0.03,5,51160,卖盘
13:31:46,102.3,-0.02,12,122766,卖盘
13:31:49,102.27,-0.03,38,388734,卖盘
13:31:52,102.27,0.0,39,398871,卖盘
13:31:55,102.26,-0.01,14,143170,卖盘
13:31:58,102.2,-0.06,84,858601,卖盘
13:32:01,102.2,0.0,18,183958,买盘
13:32:05,102.19,-0.01,7,71533,卖盘
13:32:07,102.19,0.0,3,30657,买盘
13:32:10,102.19,0.0,30,306543,买盘
13:32:13,102.19,0.0,5,51094,买盘
13:32:16,102.15,-0.04,19,194113,卖盘
13:32:19,102.17,0.02,11,112383,买盘
13:32:22,102.17,0.0,4,40868,买盘
13:32:24,102.15,-0.02,12,122586,卖盘
13:32:28,102.17,0.02,3,30651,买盘
13:32:31,102.15,-0.02,6,61290,卖盘
13:32:34,102.17,0.02,3,30651,买盘
13:32:37,102.15,-0.02,4,40864,卖盘
13:32:40,102.16,0.01,2,20435,中性盘
13:32:43,102.15,-0.01,52,531183,卖盘
13:32:46,102.19,0.04,10,102190,买盘
13:32:52,102.15,-0.04,36,367763,卖盘
13:32:55,102.15,0.0,7,71505,买盘
13:33:05,102.15,0.0,5,51075,买盘
13:33:07,102.15,0.0,11,112365,买盘
13:33:10,102.15,0.0,2,20430,买盘
13:33:13,102.15,0.0,2,20430,买盘
13:33:16,102.18,0.03,27,275820,买盘
13:33:19,102.19,0.01,9,91967,买盘
13:33:22,102.19,0.0,1,10219,买盘
13:33:31,102.2,0.01,22,224821,买盘
13:33:33,102.28,0.08,4,40912,买盘
13:33:49,102.21,-0.07,11,112501,卖盘
13:33:52,102.28,0.07,3,30677,买盘
13:33:55,102.3,0.02,90,920623,买盘
13:33:58,102.21,-0.09,32,327228,卖盘
13:34:00,102.37,0.16,3,30711,买盘
13:34:04,102.35,-0.02,1,10235,卖盘
13:34:18,102.16,-0.19,51,521202,卖盘
13:34:22,102.16,0.0,12,122592,买盘
13:34:25,102.16,0.0,1,10216,买盘
13:34:34,102.15,-0.01,1,10215,卖盘
13:34:37,102.15,0.0,1,10215,卖盘
13:34:43,102.16,0.01,7,71512,买盘
13:34:46,102.16,0.0,2,20432,买盘
13:34:49,102.16,0.0,1,10216,买盘
13:34:52,102.4,0.24,39,398467,买盘
13:34:55,102.35,-0.05,7,71645,买盘
13:35:10,102.34,-0.01,2,20468,买盘
13:35:12,102.16,-0.18,9,91946,卖盘
13:35:16,102.34,0.18,2,20468,买盘
13:35:22,102.16,-0.18,1,10216,卖盘
13:35:25,102.16,0.0,2,20432,卖盘
13:35:31,102.16,0.0,4,40864,卖盘
13:35:34,102.3,0.14,1,10230,买盘
13:35:37,102.16,-0.14,3,30649,卖盘
13:35:45,102.3,0.14,19,194372,买盘
13:35:49,102.33,0.03,3,30699,买盘
13:35:52,102.34,0.01,1,10234,买盘
13:36:05,102.33,-0.01,3,30699,卖盘
13:36:07,102.34,0.01,1,10234,买盘
13:36:16,102.33,-0.01,3,30699,买盘
13:36:19,102.33,0.0,59,603928,卖盘
13:36:22,102.33,0.0,21,214951,卖盘
13:36:25,102.33,0.0,39,404324,卖盘
13:36:28,102.41,0.08,3,30723,买盘
13:36:31,102.41,0.0,4,40964,卖盘
13:36:34,102.33,-0.08,2,20466,卖盘
13:36:37,102.33,0.0,1,10233,卖盘
13:36:52,102.33,0.0,2,20466,卖盘
13:36:55,102.4,0.07,1,10240,买盘
13:37:05,102.33,-0.07,20,204678,卖盘
13:37:07,102.39,0.06,3,30717,中性盘
13:37:10,102.3,-0.09,83,843999,卖盘
13:37:12,102.3,0.0,15,153450,买盘
13:37:19,102.39,0.09,7,71613,买盘
13:37:22,102.39,0.0,1,10239,买盘
13:38:07,102.27,-0.12,4,40908,卖盘
13:38:10,102.35,0.08,1,10235,买盘
13:38:19,102.3,-0.05,3,30694,卖盘
13:38:37,102.31,0.01,8,81843,买盘
13:38:40,102.31,0.0,2,20462,买盘
13:38:46,102.27,-0.04,4,40915,卖盘
13:38:49,102.31,0.04,1,10231,买盘
13:38:52,102.27,-0.04,2,20454,卖盘
13:38:55,102.27,0.0,10,102270,买盘
13:38:57,102.27,0.0,3,30681,买盘
13:39:01,102.27,0.0,10,102270,买盘
13:39:04,102.3,0.03,2,20460,买盘
13:39:10,102.3,0.0,6,61364,买盘
13:39:12,102.3,0.0,2,20456,中性盘
13:39:19,102.3,0.0,3,30690,买盘
13:39:22,102.3,0.0,2,20460,买盘
13:39:25,102.3,0.0,2,20460,买盘
13:39:28,102.3,0.0,2,20460,卖盘
13:39:31,102.3,0.0,1,10230,卖盘
13:39:34,102.31,0.01,2,20461,买盘
13:39:37,102.3,-0.01,5,51150,卖盘
13:39:39,102.31,0.01,3,30693,买盘
13:39:43,102.31,0.0,2,20462,买盘
13:39:49,102.31,0.0,6,61385,买盘
13:39:52,102.31,0.0,3,30692,买盘
13:39:55,102.31,0.0,1,10231,买盘
13:40:04,102.27,-0.04,1,10227,卖盘
13:40:07,102.27,0.0,1,10227,卖盘
13:40:09,102.29,0.02,8,81827,中性盘
13:40:13,102.22,-0.07,59,603284,卖盘
13:40:15,102.2,-0.02,12,122660,卖盘
13:40:22,102.22,0.02,5,51110,买盘
13:40:25,102.22,0.0,1,10222,买盘
13:40:28,102.22,0.0,20,204440,买盘
13:40:31,102.21,-0.01,5,51105,买盘
13:40:37,102.21,0.0,8,81766,买盘
13:40:40,102.3,0.09,5,51114,买盘
13:40:43,102.3,0.0,1,10230,买盘
13:40:46,102.2,-0.1,2,20440,卖盘
13:40:49,102.3,0.1,1,10230,买盘
13:40:55,102.3,0.0,3,30670,买盘
13:41:01,102.29,-0.01,1,10229,中性盘
13:41:04,102.2,-0.09,2,20440,卖盘
13:41:07,102.29,0.09,1,10229,买盘
13:41:40,102.18,-0.11,61,623407,卖盘
13:41:43,102.2,0.02,24,245240,买盘
13:41:46,102.27,0.07,2,20454,买盘
13:41:49,102.2,-0.07,3,30660,卖盘
13:41:52,102.27,0.07,2,20454,买盘
13:41:54,102.26,-0.01,10,102230,中性盘
13:41:58,102.26,0.0,6,61338,买盘
13:42:01,102.22,-0.04,4,40896,卖盘
13:42:04,102.2,-0.02,22,224863,卖盘
13:42:07,102.2,0.0,23,235060,买盘
13:42:10,102.28,0.08,10,102231,买盘
13:42:13,102.28,0.0,5,51140,买盘
13:42:15,102.28,0.0,1,10228,买盘
13:42:25,102.27,-0.01,2,20454,卖盘
13:42:28,102.28,0.01,1,10228,买盘
13:42:30,102.3,0.02,22,225032,买盘
13:42:34,102.35,0.05,3,30705,买盘
13:42:37,102.38,0.03,1,10238,买盘
13:42:49,102.37,-0.01,10,102370,买盘
13:42:52,102.38,0.01,1,10238,买盘
13:42:55,102.35,-0.03,2,20470,卖盘
13:42:58,102.35,0.0,6,61413,卖盘
13:43:01,102.35,0.0,32,327370,买盘
13:43:04,102.35,0.0,4,40940,买盘
13:43:07,102.35,0.0,2,20470,卖盘
13:43:10,102.3,-0.05,22,225060,买盘
13:43:13,102.28,-0.02,5,51148,卖盘
13:43:19,102.23,-0.05,61,623603,买盘
13:43:22,102.28,0.05,7,71596,买盘
13:43:25,102.35,0.07,4,40940,买盘
13:43:34,102.35,0.0,1,10235,买盘
13:43:37,102.28,-0.07,5,51147,卖盘
13:43:52,102.28,0.0,1,10228,卖盘
13:43:58,102.33,0.05,5,51160,买盘
13:44:01,102.28,-0.05,2,20456,卖盘
13:44:04,102.28,0.0,1,10228,买盘
13:44:19,102.27,-0.01,2,20450,买盘
13:44:25,102.28,0.01,25,255675,买盘
13:44:28,102.27,-0.01,4,40908,买盘
13:44:34,102.28,0.01,10,102278,买盘
13:44:37,102.3,0.02,2,20460,买盘
13:44:46,102.29,-0.01,1,10229,买盘
13:44:49,102.28,-0.01,5,51140,卖盘
13:45:01,102.28,0.0,1,10228,买盘
13:45:07,102.28,0.0,3,30684,买盘
13:45:10,102.28,0.0,1,10228,买盘
13:45:16,102.2,-0.08,2,20440,卖盘
13:45:19,102.2,0.0,3,30667,卖盘
13:45:22,102.21,0.01,11,112461,卖盘
13:45:25,102.2,-0.01,8,81764,卖盘
13:45:28,102.21,0.01,2,20442,买盘
13:45:33,102.2,-0.01,2,20440,卖盘
13:45:37,102.21,0.01,1,10221,买盘
13:45:40,102.2,-0.01,1,10220,卖盘
13:45:43,102.21,0.01,4,40882,买盘
13:45:49,102.21,0.0,7,71547,买盘
13:45:52,102.21,0.0,1,10221,买盘
13:45:55,102.21,0.0,32,327072,买盘
13:45:58,102.26,0.05,6,61341,买盘
13:46:01,102.2,-0.06,2,20440,卖盘
13:46:04,102.24,0.04,2,20444,中性盘
13:46:07,102.2,-0.04,89,909580,卖盘
13:46:10,102.25,0.05,9,92017,买盘
13:46:13,102.3,0.05,7,71600,买盘
13:46:15,102.3,0.0,2,20460,卖盘
13:46:19,102.2,-0.1,2,20440,卖盘
13:46:22,102.3,0.1,1,10230,买盘
13:46:24,102.2,-0.1,9,91980,卖盘
13:46:28,102.3,0.1,1,10230,买盘
13:46:37,102.2,-0.1,6,61320,卖盘
13:46:40,102.2,0.0,11,112423,卖盘
13:46:43,102.29,0.09,2,20458,买盘
13:46:46,102.2,-0.09,2,20440,卖盘
13:46:49,102.29,0.09,43,439817,买盘
13:46:52,102.2,-0.09,10,102278,卖盘
13:46:55,102.32,0.12,1,10232,买盘
13:46:58,102.2,-0.12,2,20440,卖盘
13:47:10,102.21,0.01,2,20442,卖盘
13:47:16,102.21,0.0,3,30664,卖盘
13:47:18,102.29,0.08,1,10229,买盘
13:47:30,102.29,0.0,1,10229,买盘
13:47:46,102.29,0.0,1,10229,买盘
13:47:58,102.21,-0.08,3,30663,卖盘
13:48:01,102.27,0.06,1,10227,买盘
13:48:07,102.27,0.0,5,51135,买盘
13:48:10,102.27,0.0,1,10227,买盘
13:48:18,102.21,-0.06,5,51105,卖盘
13:48:21,102.27,0.06,4,40896,买盘
13:48:40,102.21,-0.06,2,20442,卖盘
13:48:46,102.23,0.02,1,10223,中性盘
13:48:48,102.22,-0.01,8,81777,卖盘
13:48:52,102.23,0.01,7,71555,买盘
13:48:55,102.23,0.0,8,81777,买盘
13:48:58,102.23,0.0,2,20445,买盘
13:49:01,102.23,0.0,7,71556,买盘
13:49:04,102.23,0.0,2,20446,买盘
13:49:07,102.23,0.0,1,10223,买盘
13:49:16,102.22,-0.01,94,960671,买盘
13:49:19,102.22,0.0,8,81776,买盘
13:49:22,102.23,0.01,9,92007,买盘
13:49:25,102.23,0.0,7,71561,买盘
13:49:27,102.27,0.04,5,51119,买盘
13:49:31,102.27,0.0,1,10227,买盘
13:49:34,102.23,-0.04,2,20446,卖盘
13:49:43,102.23,0.0,8,81788,卖盘
13:49:46,102.27,0.04,5,51131,买盘
13:49:55,102.23,-0.04,1,10223,卖盘
13:50:16,102.25,0.02,3,30675,买盘
13:50:19,102.25,0.0,1,10225,买盘
13:50:22,102.23,-0.02,14,143148,卖盘
13:50:25,102.26,0.03,9,92022,买盘
13:50:28,102.26,0.0,4,40904,买盘
13:50:31,102.27,0.01,1,10227,买盘
13:50:34,102.26,-0.01,1,10226,卖盘
13:50:52,102.25,-0.01,8,81807,卖盘
13:50:55,102.27,0.02,1,10227,买盘
13:51:05,102.27,0.0,1,10227,买盘
13:51:13,102.27,0.0,1,10227,买盘
13:51:19,102.27,0.0,2,20454,买盘
13:51:25,102.26,-0.01,3,30678,卖盘
13:51:28,102.26,0.0,3,30679,卖盘
13:51:37,102.25,-0.01,5,51125,卖盘
13:51:40,102.26,0.01,10,102260,买盘
13:51:43,102.26,0.0,2,20452,买盘
13:51:46,102.26,0.0,1,10226,买盘
13:51:52,102.26,0.0,2,20452,买盘
13:51:58,102.26,0.0,2,20452,买盘
13:52:01,102.26,0.0,7,71582,买盘
13:52:04,102.26,0.0,1,10226,买盘
13:52:07,102.2,-0.06,53,541755,卖盘
13:52:10,102.2,0.0,10,102200,买盘
13:52:13,102.2,0.0,12,122640,买盘
13:52:16,102.2,0.0,2,20440,买盘
13:52:19,102.2,0.0,1,10220,买盘
13:52:22,102.2,0.0,12,122640,买盘
13:52:25,102.2,0.0,2,20440,买盘
13:52:28,102.17,-0.03,2,20436,卖盘
13:52:31,102.19,0.02,4,40876,买盘
13:52:34,102.18,-0.01,1,10218,买盘
13:52:37,102.18,0.0,3,30653,买盘
13:52:40,102.18,0.0,6,61308,买盘
13:52:43,102.18,0.0,1,10218,买盘
13:52:46,102.17,-0.01,5,51085,卖盘
13:52:49,102.18,0.01,2,20436,买盘
13:52:52,102.17,-0.01,7,71519,卖盘
13:52:55,102.17,0.0,5,51083,买盘
13:52:58,102.17,0.0,2,20434,买盘
13:53:01,102.17,0.0,5,51085,买盘
13:53:04,102.17,0.0,1,10217,买盘
13:53:07,102.16,-0.01,8,81729,卖盘
13:53:09,102.16,0.0,3,30648,买盘
13:53:13,102.16,0.0,18,183894,买盘
13:53:15,102.16,0.0,8,81732,卖盘
13:53:19,102.18,0.02,1,10218,买盘
13:53:25,102.18,0.0,5,51090,买盘
13:53:28,102.25,0.07,3,30661,买盘
13:53:31,102.17,-0.08,4,40869,卖盘
13:53:34,102.25,0.08,1,10225,买盘
13:53:37,102.25,0.0,1,10225,买盘
13:53:43,102.17,-0.08,2,20434,卖盘
13:53:46,102.17,0.0,11,112387,卖盘
13:53:49,102.17,0.0,16,163486,卖盘
13:53:51,102.24,0.07,3,30672,买盘
13:54:04,102.24,0.0,7,71538,买盘
13:54:07,102.23,-0.01,1,10223,买盘
13:54:10,102.2,-0.03,2,20440,卖盘
13:54:12,102.2,0.0,4,40880,卖盘
13:54:16,102.23,0.03,1,10223,买盘
13:54:19,102.21,-0.02,1,10221,中性盘
13:54:31,102.22,0.01,1,10222,买盘
13:54:34,102.22,0.0,1,10222,买盘
13:54:43,102.21,-0.01,9,91989,卖盘
13:54:46,102.21,0.0,1,10221,买盘
13:54:49,102.21,0.0,1,10221,买盘
13:54:58,102.2,-0.01,95,970599,卖盘
13:55:01,102.2,0.0,17,173726,买盘
13:55:04,102.21,0.01,1,10221,买盘
13:55:07,102.2,-0.01,1,10220,卖盘
13:55:10,102.2,0.0,2,20440,买盘
13:55:22,102.2,0.0,1,10220,买盘
13:55:34,102.18,-0.02,8,81747,卖盘
13:55:37,102.18,0.0,2,20436,买盘
13:55:54,102.16,-0.02,2,20432,卖盘
13:56:07,102.19,0.03,1,10219,买盘
13:56:16,102.17,-0.02,22,224783,卖盘
13:56:19,102.18,0.01,4,40872,买盘
13:56:25,102.16,-0.02,1,10216,卖盘
13:56:28,102.16,0.0,6,61298,卖盘
13:56:31,102.18,0.02,2,20436,买盘
13:56:40,102.17,-0.01,7,71519,卖盘
13:56:43,102.17,0.0,1,10217,买盘
13:56:46,102.17,0.0,26,265632,买盘
13:56:49,102.18,0.01,9,91956,买盘
13:56:52,102.18,0.0,1,10218,买盘
13:56:55,102.17,-0.01,1,10217,卖盘
13:57:07,102.17,0.0,2,20434,买盘
13:57:10,102.17,0.0,1,10217,买盘
13:57:13,102.17,0.0,1,10217,买盘
13:57:22,102.18,0.01,1,10218,买盘
13:57:25,102.18,0.0,2,20436,买盘
13:57:37,102.18,0.0,7,71525,买盘
13:57:39,102.18,0.0,1,10218,买盘
13:57:46,102.18,0.0,4,40872,买盘
13:57:48,102.17,-0.01,7,71522,卖盘
13:57:52,102.18,0.01,2,20436,买盘
13:57:58,102.12,-0.06,90,919347,卖盘
13:58:01,102.18,0.06,18,183923,买盘
13:58:13,102.13,-0.05,3,30643,中性盘
13:58:19,102.13,0.0,5,51069,卖盘
13:58:22,102.17,0.04,1,10217,买盘
13:58:28,102.13,-0.04,4,40852,卖盘
13:58:31,102.13,0.0,3,30643,卖盘
13:58:37,102.12,-0.01,2,20424,卖盘
13:58:40,102.13,0.01,1,10213,买盘
13:58:43,102.13,0.0,20,204260,买盘
13:58:46,102.13,0.0,12,122546,买盘
13:58:48,102.13,0.0,1,10213,买盘
13:58:52,102.13,0.0,5,51065,买盘
13:58:55,102.13,0.0,1,10213,买盘
13:58:58,102.12,-0.01,7,71491,卖盘
13:59:01,102.13,0.01,1,10213,买盘
13:59:05,102.16,0.03,8,81707,买盘
13:59:07,102.15,-0.01,2,20430,中性盘
13:59:09,102.15,0.0,3,30639,买盘
13:59:13,102.15,0.0,1,10215,买盘
13:59:16,102.11,-0.04,2,20423,卖盘
13:59:19,102.14,0.03,1,10214,买盘
13:59:21,102.14,0.0,1,10214,买盘
13:59:25,102.13,-0.01,10,102130,卖盘
13:59:27,102.14,0.01,3,30641,买盘
13:59:31,102.13,-0.01,4,40852,卖盘
13:59:34,102.14,0.01,1,10214,买盘
13:59:37,102.12,-0.02,2,20424,卖盘
13:59:40,102.12,0.0,1,10212,卖盘
13:59:42,102.11,-0.01,14,142954,卖盘
13:59:46,102.12,0.01,6,61269,买盘
13:59:49,102.12,0.0,5,51057,买盘
13:59:52,102.1,-0.02,4,40845,卖盘
13:59:55,102.1,0.0,5,51054,卖盘
13:59:58,102.09,-0.01,33,336926,卖盘
14:00:01,102.09,0.0,8,81678,卖盘
14:00:05,102.06,-0.03,38,387896,卖盘
14:00:07,102.08,0.02,18,183701,买盘
14:00:10,102.08,0.0,7,71458,卖盘
14:00:13,102.03,-0.05,6,61224,卖盘
14:00:16,102.09,0.06,1,10209,买盘
14:00:19,102.03,-0.06,20,204060,卖盘
14:00:22,102.03,0.0,7,71418,买盘
14:00:25,102.03,0.0,4,40812,卖盘
14:00:28,102.03,0.0,3,30609,买盘
14:00:30,102.03,0.0,14,142836,买盘
14:00:34,102.02,-0.01,4,40819,卖盘
14:00:37,102.02,0.0,6,61210,卖盘
14:00:40,102.02,0.0,1,10202,买盘
14:00:43,102.02,0.0,18,183619,买盘
14:00:46,102.01,-0.01,13,132619,卖盘
14:00:48,102.01,0.0,7,71409,卖盘
14:00:52,102.01,0.0,1,10201,买盘
14:00:55,102.01,0.0,9,91809,买盘
14:00:58,102.01,0.0,6,61201,买盘
14:01:01,102.01,0.0,97,989405,买盘
14:01:04,102.02,0.01,22,228194,买盘
14:01:07,102.01,-0.01,3,30601,中性盘
14:01:10,102.0,-0.01,5,51002,卖盘
14:01:13,102.0,0.0,3,30600,卖盘
14:01:16,102.01,0.01,8,81601,买盘
14:01:19,102.01,0.0,40,408001,买盘
14:01:22,102.01,0.0,6,61206,买盘
14:01:25,102.01,0.0,3,30603,卖盘
14:01:34,102.01,0.0,2,20402,卖盘
