time,price,change,volume,amount,type
09:25:04,100.57,-1.13,641,6455789,卖盘
09:30:01,100.51,-0.06,15,150797,买盘
09:30:04,100.5,-0.01,254,2552130,卖盘
09:30:07,100.4,-0.1,121,1215341,卖盘
09:30:10,100.33,-0.07,120,1204642,中性盘
09:30:13,100.31,-0.02,155,1554647,中性盘
09:30:16,100.4,0.09,151,1513414,买盘
09:30:19,100.5,0.1,114,1144630,买盘
09:30:22,100.5,0.0,66,659654,买盘
09:30:25,100.4,-0.1,51,514684,买盘
09:30:28,100.49,0.09,48,482195,买盘
09:30:31,100.49,0.0,52,522109,买盘
09:30:34,100.2,-0.29,57,572319,卖盘
09:30:37,100.2,0.0,31,310967,买盘
09:30:40,100.49,0.29,61,611915,买盘
09:30:43,100.3,-0.19,75,752687,卖盘
09:30:46,100.31,0.01,62,621972,买盘
09:30:49,100.3,-0.01,55,551951,卖盘
09:30:52,100.3,0.0,70,702329,卖盘
09:30:55,100.22,-0.08,53,531144,中性盘
09:30:58,100.22,0.0,117,1172475,买盘
09:31:01,100.3,0.08,36,360842,买盘
09:31:05,100.3,0.0,78,781894,买盘
09:31:07,100.2,-0.1,63,631140,中性盘
09:31:10,100.28,0.08,9,90213,买盘
09:31:13,100.29,0.01,32,320896,买盘
09:31:16,100.23,-0.06,38,380881,卖盘
09:31:19,100.28,0.05,38,380944,买盘
09:31:22,100.29,0.01,107,1072572,买盘
09:31:25,100.2,-0.09,58,581536,卖盘
09:31:28,100.2,0.0,38,380791,买盘
09:31:31,100.15,-0.05,104,1042141,卖盘
09:31:34,100.14,-0.01,119,1191500,中性盘
09:31:37,100.15,0.01,54,540799,买盘
09:31:40,100.2,0.05,90,901179,买盘
09:31:43,100.14,-0.06,58,581060,卖盘
09:31:46,100.15,0.01,61,610910,买盘
09:31:49,100.17,0.02,40,400817,卖盘
09:31:52,100.2,0.03,121,1211910,买盘
09:31:55,100.15,-0.05,62,620969,卖盘
09:31:57,100.18,0.03,62,620917,中性盘
09:32:01,100.12,-0.06,48,480737,卖盘
09:32:04,100.09,-0.03,73,730697,卖盘
09:32:07,100.12,0.03,39,390383,买盘
09:32:10,100.11,-0.01,32,320396,中性盘
09:32:13,100.06,-0.05,76,760639,卖盘
09:32:16,100.06,0.0,45,450260,买盘
09:32:19,100.05,-0.01,74,740389,卖盘
09:32:22,100.06,0.01,36,360183,买盘
09:32:25,100.09,0.03,57,570392,买盘
09:32:28,100.09,0.0,91,910905,买盘
09:32:31,100.12,0.03,150,1502190,买盘
09:32:34,100.13,0.01,73,731097,卖盘
09:32:37,100.24,0.11,24,240515,买盘
09:32:40,100.31,0.07,293,2933218,买盘
09:32:43,100.3,-0.01,56,561072,买盘
09:32:46,100.31,0.01,22,220445,买盘
09:32:49,100.29,-0.02,38,381157,中性盘
09:32:52,100.31,0.02,13,130410,买盘
09:32:55,100.34,0.03,23,230780,中性盘
09:32:58,100.4,0.06,59,591808,买盘
09:33:01,100.43,0.03,119,1193765,买盘
09:33:05,100.32,-0.11,34,341432,卖盘
09:33:07,100.43,0.11,10,100404,买盘
09:33:10,100.42,-0.01,32,321382,中性盘
09:33:13,100.43,0.01,25,250988,中性盘
09:33:16,100.46,0.03,31,311345,买盘
09:33:19,100.45,-0.01,59,592456,中性盘
09:33:22,100.39,-0.06,35,351484,卖盘
09:33:25,100.4,0.01,36,361339,中性盘
09:33:27,100.38,-0.02,63,632402,中性盘
09:33:31,100.28,-0.1,120,1203613,卖盘
09:33:34,100.23,-0.05,42,421022,卖盘
09:33:37,100.33,0.1,54,541399,买盘
09:33:40,100.33,0.0,20,200454,买盘
09:33:43,100.21,-0.12,29,290586,卖盘
09:33:46,100.33,0.12,7,70160,买盘
09:33:49,100.2,-0.13,46,461253,卖盘
09:33:52,100.23,0.03,12,120361,中性盘
09:33:55,100.21,-0.02,76,762020,卖盘
09:33:58,100.21,0.0,69,691580,卖盘
09:34:01,100.19,-0.02,46,461104,卖盘
09:34:04,100.33,0.14,118,1183191,买盘
09:34:07,100.23,-0.1,141,1414491,卖盘
09:34:10,100.35,0.12,4,40129,买盘
09:34:13,100.38,0.03,15,150546,买盘
09:34:16,100.23,-0.15,53,531386,卖盘
09:34:19,100.38,0.15,89,892197,买盘
09:34:22,100.38,0.0,34,340993,中性盘
09:34:25,100.38,0.0,80,802733,卖盘
09:34:28,100.39,0.01,24,240878,买盘
09:34:31,100.33,-0.06,86,863163,卖盘
09:34:34,100.38,0.05,37,371228,买盘
09:34:37,100.38,0.0,17,170621,买盘
09:34:40,100.38,0.0,5,50180,买盘
09:34:43,100.38,0.0,13,130457,买盘
09:34:46,100.38,0.0,22,220826,买盘
09:34:49,100.38,0.0,26,260963,买盘
09:34:52,100.38,0.0,68,682546,买盘
09:34:55,100.33,-0.05,36,361224,中性盘
09:34:58,100.38,0.05,48,481815,买盘
09:35:01,100.38,0.0,16,160608,卖盘
09:35:04,100.38,0.0,97,973701,买盘
09:35:07,100.4,0.02,49,491895,买盘
09:35:10,100.4,0.0,81,812482,卖盘
09:35:13,100.46,0.06,19,191863,买盘
09:35:16,100.46,0.0,8,80341,卖盘
09:35:19,100.4,-0.06,36,361612,卖盘
09:35:22,100.4,0.0,17,169263,中性盘
09:35:25,100.4,0.0,45,453179,卖盘
09:35:28,100.35,-0.05,29,291044,卖盘
09:35:31,100.33,-0.02,42,419122,卖盘
09:35:34,100.33,0.0,52,521674,买盘
09:35:37,100.3,-0.03,33,324837,卖盘
09:35:40,100.33,0.03,75,752473,买盘
09:35:43,100.37,0.04,9,90321,买盘
09:35:47,100.4,0.03,2,20078,买盘
09:35:49,100.39,-0.01,18,180686,买盘
09:35:52,100.28,-0.11,94,951542,卖盘
09:35:55,100.3,0.02,82,822448,买盘
09:35:58,100.3,0.0,33,327275,买盘
09:36:01,100.29,-0.01,55,551626,卖盘
09:36:05,100.37,0.08,137,1374455,买盘
09:36:07,100.38,0.01,23,230819,买盘
09:36:10,100.38,0.0,13,130494,卖盘
09:36:13,100.3,-0.08,22,220691,卖盘
09:36:16,100.4,0.1,25,246954,买盘
09:36:19,100.4,0.0,19,192839,买盘
09:36:23,100.4,0.0,9,90356,买盘
09:36:25,100.4,0.0,29,291122,买盘
09:36:28,100.39,-0.01,17,170668,卖盘
09:36:31,100.4,0.01,114,1144531,买盘
09:36:34,100.42,0.02,6,60250,买盘
09:36:37,100.47,0.05,26,261176,买盘
09:36:40,100.45,-0.02,78,783477,卖盘
09:36:43,100.49,0.04,18,180789,买盘
09:36:45,100.42,-0.07,255,2560966,卖盘
09:36:49,100.47,0.05,90,904802,卖盘
09:36:51,100.5,0.03,11,110519,中性盘
09:36:55,100.59,0.09,258,2594783,买盘
09:36:58,100.6,0.01,4,40240,买盘
09:37:01,100.6,0.0,11,110660,卖盘
09:37:04,100.6,0.0,68,684182,卖盘
09:37:07,100.66,0.06,49,493049,买盘
09:37:10,100.7,0.04,4,40268,买盘
09:37:13,100.7,0.0,4,40280,买盘
09:37:16,100.75,0.05,8,83785,买盘
09:37:19,100.75,0.0,38,383155,中性盘
09:37:22,100.75,0.0,4,40300,卖盘
09:37:25,100.9,0.15,17,171302,买盘
09:37:28,100.9,0.0,46,464220,买盘
09:37:31,100.88,-0.02,19,191656,中性盘
09:37:34,100.9,0.02,53,534593,买盘
09:37:37,100.81,-0.09,39,393490,卖盘
09:37:40,100.9,0.09,13,131172,买盘
09:37:43,100.9,0.0,20,201800,买盘
09:37:46,100.9,0.0,18,181628,中性盘
09:37:49,100.92,0.02,19,191732,买盘
09:37:52,100.92,0.0,50,504600,卖盘
09:37:54,100.92,0.0,54,544982,卖盘
09:37:58,100.93,0.01,32,322959,买盘
09:38:01,100.92,-0.01,79,797290,卖盘
09:38:04,100.94,0.02,43,433950,买盘
09:38:07,100.94,0.0,50,504789,卖盘
09:38:10,100.94,0.0,11,111034,卖盘
09:38:13,100.99,0.05,6,60593,买盘
09:38:16,100.94,-0.05,20,201916,卖盘
09:38:19,100.94,0.0,16,161572,卖盘
09:38:22,100.94,0.0,5,50488,卖盘
09:38:25,100.94,0.0,32,323103,卖盘
09:38:28,100.98,0.04,29,292762,买盘
09:38:31,100.98,0.0,30,302863,中性盘
09:38:34,100.92,-0.06,56,565290,卖盘
09:38:37,100.9,-0.02,106,1069511,卖盘
09:38:40,100.88,-0.02,26,262288,卖盘
09:38:43,100.88,0.0,19,191645,买盘
09:38:46,100.81,-0.07,18,181555,卖盘
09:38:49,100.9,0.09,20,201660,买盘
09:38:52,100.78,-0.12,8,80624,卖盘
09:38:55,100.89,0.11,61,612664,买盘
09:38:58,100.78,-0.11,94,948110,卖盘
09:39:01,100.72,-0.06,18,181357,中性盘
09:39:05,100.7,-0.02,21,213891,卖盘
09:39:07,100.68,-0.02,8,76821,卖盘
09:39:10,100.7,0.02,20,204592,买盘
09:39:16,100.71,0.01,1,10071,买盘
09:39:19,100.7,-0.01,22,221527,卖盘
09:39:22,100.78,0.08,21,211635,中性盘
09:39:24,100.78,0.0,63,634602,买盘
09:39:28,100.7,-0.08,23,231679,卖盘
09:39:31,100.66,-0.04,5,47310,买盘
09:39:34,100.63,-0.03,14,141216,卖盘
09:39:37,100.65,0.02,25,251563,买盘
09:39:39,100.63,-0.02,6,60378,卖盘
09:39:43,100.65,0.02,8,80508,买盘
09:39:46,100.63,-0.02,19,191169,买盘
09:39:49,100.62,-0.01,16,159972,中性盘
09:39:52,100.56,-0.06,144,1449625,卖盘
09:39:55,100.61,0.05,45,457223,买盘
09:39:58,100.56,-0.05,14,136201,买盘
09:40:01,100.61,0.05,5,55931,买盘
09:40:05,100.61,0.0,25,251466,买盘
09:40:07,100.56,-0.05,15,150799,买盘
09:40:10,100.51,-0.05,25,251300,卖盘
09:40:13,100.56,0.05,63,633197,买盘
09:40:16,100.56,0.0,125,1256603,买盘
09:40:19,100.5,-0.06,36,361774,中性盘
09:40:22,100.47,-0.03,14,134638,卖盘
09:40:25,100.48,0.01,21,209010,买盘
09:40:28,100.45,-0.03,16,168759,卖盘
09:40:31,100.41,-0.04,23,231005,卖盘
09:40:34,100.41,0.0,43,431839,卖盘
09:40:36,100.39,-0.02,71,712844,卖盘
09:40:40,100.41,0.02,50,501929,买盘
09:40:43,100.41,0.0,21,210728,买盘
09:40:46,100.4,-0.01,17,170695,卖盘
09:40:49,100.44,0.04,11,110454,买盘
09:40:52,100.44,0.0,2,20088,买盘
09:40:55,100.42,-0.02,33,331383,卖盘
09:40:58,100.44,0.02,46,461955,买盘
09:41:01,100.45,0.01,17,170759,买盘
09:41:05,100.45,0.0,19,190856,买盘
09:41:07,100.42,-0.03,63,632714,卖盘
09:41:10,100.44,0.02,50,502102,买盘
09:41:12,100.44,0.0,32,321362,买盘
09:41:16,100.42,-0.02,14,140608,卖盘
09:41:19,100.45,0.03,23,221484,卖盘
09:41:22,100.42,-0.03,15,150663,卖盘
09:41:25,100.42,0.0,23,231010,卖盘
09:41:28,100.42,0.0,42,431297,卖盘
09:41:31,100.43,0.01,16,160680,买盘
09:41:34,100.45,0.02,26,261112,买盘
09:41:37,100.46,0.01,4,30635,买盘
09:41:43,100.45,0.0,5,50227,卖盘
09:41:46,100.47,0.02,4,40183,买盘
09:41:49,100.47,0.0,8,74643,买盘
09:41:52,100.48,0.01,4,40190,买盘
09:41:55,100.47,-0.01,19,190905,卖盘
09:41:58,100.47,0.0,17,170779,卖盘
09:42:01,100.48,0.01,13,130624,买盘
09:42:04,100.47,-0.01,26,261231,卖盘
09:42:07,100.48,0.01,31,311476,买盘
09:42:10,100.48,0.0,9,90432,卖盘
09:42:13,100.49,0.01,19,190931,买盘
09:42:16,100.49,0.0,6,60297,卖盘
09:42:19,100.5,0.01,10,100500,买盘
09:42:22,100.5,0.0,20,204197,卖盘
09:42:25,100.49,-0.01,25,248039,卖盘
09:42:29,100.49,0.0,12,120588,买盘
09:42:31,100.49,0.0,63,633887,买盘
09:42:34,100.49,0.0,18,184108,买盘
09:42:36,100.49,0.0,11,110546,卖盘
09:42:40,100.49,0.0,31,311518,卖盘
09:42:43,100.56,0.07,10,100536,买盘
09:42:46,100.56,0.0,3,30168,买盘
09:42:49,100.56,0.0,16,160916,买盘
09:42:52,100.56,0.0,3,30168,卖盘
09:42:55,100.61,0.05,1,10061,卖盘
09:42:58,100.56,-0.05,10,100570,卖盘
09:43:01,100.61,0.05,4,40242,买盘
09:43:04,100.6,-0.01,36,362148,卖盘
09:43:07,100.61,0.01,11,110653,买盘
09:43:10,100.65,0.04,80,805142,买盘
09:43:13,100.56,-0.09,30,301697,卖盘
09:43:16,100.56,0.0,73,734271,买盘
09:43:19,100.6,0.04,18,181016,买盘
09:43:22,100.64,0.04,77,774919,买盘
09:43:24,100.64,0.0,5,50320,买盘
09:43:28,100.6,-0.04,7,70444,卖盘
09:43:31,100.6,0.0,17,171052,卖盘
09:43:34,100.6,0.0,49,493052,卖盘
09:43:37,100.61,0.01,15,145984,买盘
09:43:40,100.63,0.02,4,40252,买盘
09:43:43,100.63,0.0,15,150940,买盘
09:43:46,100.65,0.02,6,60382,买盘
09:43:49,100.66,0.01,22,221430,买盘
09:43:52,100.64,-0.02,11,110698,买盘
09:43:55,100.64,0.0,37,374664,买盘
09:43:58,100.6,-0.04,11,113284,卖盘
09:44:01,100.63,0.03,11,110666,买盘
09:44:05,100.6,-0.03,6,60364,卖盘
09:44:07,100.6,0.0,13,132505,卖盘
09:44:10,100.6,0.0,3,30183,卖盘
09:44:13,100.6,0.0,16,160964,卖盘
09:44:16,100.58,-0.02,48,482264,卖盘
09:44:19,100.58,0.0,25,251478,卖盘
09:44:22,100.64,0.06,53,530594,买盘
09:44:25,100.65,0.01,23,234112,卖盘
09:44:28,100.65,0.0,1,7448,买盘
09:44:31,100.64,-0.01,15,150948,卖盘
09:44:34,100.61,-0.03,60,603834,卖盘
09:44:37,100.66,0.05,18,181163,买盘
09:44:40,100.61,-0.05,14,140859,卖盘
09:44:43,100.6,-0.01,16,160986,卖盘
09:44:46,100.66,0.06,33,335328,买盘
09:44:49,100.66,0.0,22,222144,买盘
09:44:52,100.66,0.0,6,60392,买盘
09:44:55,100.66,0.0,17,171116,买盘
09:44:58,100.61,-0.05,37,371601,卖盘
09:45:01,100.61,0.0,13,130785,买盘
09:45:05,100.58,-0.03,44,442649,卖盘
09:45:08,100.61,0.03,52,518704,买盘
09:45:10,100.56,-0.05,71,714033,卖盘
09:45:13,100.58,0.02,15,150829,买盘
09:45:16,100.5,-0.08,17,170880,卖盘
09:45:19,100.51,0.01,96,964816,中性盘
09:45:22,100.49,-0.02,63,633078,卖盘
09:45:25,100.48,-0.01,22,227087,卖盘
09:45:28,100.46,-0.02,11,103592,卖盘
09:45:31,100.47,0.01,12,120575,卖盘
09:45:34,100.48,0.01,45,452098,买盘
09:45:37,100.48,0.0,9,90433,中性盘
09:45:40,100.5,0.02,20,200972,买盘
09:45:43,100.52,0.02,4,40201,买盘
09:45:46,100.48,-0.04,30,301497,卖盘
09:45:49,100.48,0.0,28,281371,卖盘
09:45:52,100.51,0.03,6,60297,买盘
09:45:55,100.5,-0.01,1,13467,卖盘
09:45:58,100.5,0.0,4,40203,卖盘
09:46:01,100.5,0.0,2,20404,卖盘
09:46:04,100.51,0.01,23,231184,买盘
09:46:10,100.51,0.0,8,80408,卖盘
09:46:13,100.51,0.0,4,40204,卖盘
09:46:16,100.51,0.0,15,150757,卖盘
09:46:19,100.54,0.03,35,351823,买盘
09:46:22,100.51,-0.03,8,80434,中性盘
09:46:25,100.53,0.02,2,20104,中性盘
09:46:28,100.55,0.02,4,40211,中性盘
09:46:31,100.54,-0.01,14,134534,中性盘
09:46:34,100.55,0.01,6,60330,买盘
09:46:37,100.51,-0.04,16,160845,卖盘
09:46:40,100.54,0.03,10,101351,卖盘
09:46:43,100.5,-0.04,11,110563,卖盘
09:46:46,100.54,0.04,13,130690,买盘
09:46:49,100.56,0.02,15,150810,买盘
09:46:52,100.55,-0.01,12,120658,卖盘
09:46:55,100.55,0.0,48,482688,中性盘
09:46:58,100.5,-0.05,67,673471,卖盘
09:47:01,100.59,0.09,24,241431,买盘
09:47:04,100.59,0.0,21,211254,卖盘
09:47:07,100.61,0.02,205,2067420,买盘
09:47:10,100.61,0.0,118,1186974,卖盘
09:47:13,100.7,0.09,30,302028,买盘
09:47:16,100.7,0.0,2,20140,卖盘
09:47:19,100.79,0.09,3,30224,买盘
09:47:22,100.79,0.0,7,70549,买盘
09:47:24,100.75,-0.04,1,10075,卖盘
09:47:28,100.88,0.13,14,141179,买盘
09:47:31,100.9,0.02,16,161420,买盘
09:47:34,100.88,-0.02,18,181586,卖盘
09:47:37,100.9,0.02,8,80707,买盘
09:47:40,100.88,-0.02,33,332905,卖盘
09:47:43,100.9,0.02,14,144873,买盘
09:47:46,100.88,-0.02,2,20178,卖盘
09:47:49,100.94,0.06,19,191711,买盘
09:47:52,100.88,-0.06,24,242179,卖盘
09:47:55,100.97,0.09,17,171558,买盘
09:47:58,100.88,-0.09,8,80723,卖盘
09:48:01,100.98,0.1,56,565323,买盘
09:48:05,100.97,-0.01,13,131266,买盘
09:48:07,100.94,-0.03,6,60544,买盘
09:48:10,100.99,0.05,12,121114,买盘
09:48:13,101.0,0.01,44,444366,买盘
09:48:16,100.92,-0.08,9,90841,卖盘
09:48:19,100.89,-0.03,13,131184,卖盘
09:48:22,100.89,0.0,5,50454,卖盘
09:48:25,100.89,0.0,10,100895,中性盘
09:48:28,100.88,-0.01,14,141233,卖盘
09:48:31,100.89,0.01,8,71846,卖盘
09:48:34,100.92,0.03,11,111001,买盘
09:48:37,100.92,0.0,2,29065,卖盘
09:48:40,100.92,0.0,14,141269,买盘
09:48:42,100.92,0.0,4,40368,卖盘
09:48:46,100.84,-0.08,6,60542,卖盘
09:48:49,100.9,0.06,21,202754,买盘
09:48:52,100.9,0.0,34,342829,买盘
09:48:55,100.8,-0.1,13,131089,卖盘
09:48:58,100.8,0.0,25,252068,卖盘
09:49:01,100.85,0.05,12,121561,中性盘
09:49:04,100.8,-0.05,20,201728,卖盘
09:49:07,100.84,0.04,14,141133,中性盘
09:49:10,100.79,-0.05,27,272147,卖盘
09:49:13,100.8,0.01,18,181441,买盘
09:49:16,100.8,0.0,6,60479,买盘
09:49:18,100.76,-0.04,22,221738,卖盘
09:49:22,100.81,0.05,12,120962,买盘
09:49:25,100.79,-0.02,5,50397,卖盘
09:49:28,100.8,0.01,8,80637,买盘
09:49:31,100.76,-0.04,28,282243,卖盘
09:49:34,100.81,0.05,10,100818,中性盘
09:49:37,100.8,-0.01,8,80641,卖盘
09:49:40,100.8,0.0,7,72371,买盘
09:49:43,100.76,-0.04,1,10076,卖盘
09:49:46,100.8,0.04,16,161223,买盘
09:49:49,100.8,0.0,17,171750,买盘
09:49:52,100.81,0.01,1,10081,买盘
09:49:58,100.8,-0.01,7,70560,卖盘
09:50:01,100.81,0.01,32,322577,买盘
09:50:05,100.8,-0.01,14,141110,买盘
09:50:07,100.8,0.0,13,131040,卖盘
09:50:10,100.75,-0.05,15,150723,卖盘
09:50:13,100.75,0.0,1,10075,中性盘
09:50:16,100.8,0.05,20,201591,买盘
09:50:19,100.81,0.01,8,81019,买盘
09:50:22,100.8,-0.01,5,49997,卖盘
09:50:25,100.75,-0.05,9,93698,卖盘
09:50:28,100.75,0.0,7,67500,卖盘
09:50:31,100.81,0.06,34,342679,买盘
09:50:34,100.71,-0.1,6,60454,卖盘
09:50:37,100.85,0.14,13,131095,买盘
09:50:39,100.71,-0.14,28,282000,卖盘
09:50:43,100.71,0.0,29,292037,买盘
09:50:46,100.7,-0.01,89,896248,卖盘
09:50:49,100.68,-0.02,19,189002,卖盘
09:50:52,100.7,0.02,9,92947,卖盘
09:50:55,100.71,0.01,11,110781,买盘
09:50:58,100.7,-0.01,7,70494,卖盘
09:51:01,100.75,0.05,5,50353,买盘
09:51:05,100.7,-0.05,12,120847,中性盘
09:51:07,100.75,0.05,5,50375,中性盘
09:51:10,100.7,-0.05,37,372637,卖盘
09:51:13,100.76,0.06,97,976826,买盘
09:51:16,100.76,0.0,14,141175,中性盘
09:51:18,100.79,0.03,28,282203,买盘
09:51:22,100.89,0.1,24,241618,买盘
09:51:25,100.89,0.0,7,70623,买盘
09:51:28,100.7,-0.19,1,10070,卖盘
09:51:31,100.79,0.09,18,181406,买盘
09:51:34,100.79,0.0,4,40316,卖盘
09:51:37,100.88,0.09,2,20167,买盘
09:51:40,100.79,-0.09,5,50399,卖盘
09:51:43,100.76,-0.03,10,100786,卖盘
09:51:46,100.78,0.02,11,110847,中性盘
09:51:49,100.79,0.01,24,241881,买盘
09:51:52,100.81,0.02,5,51901,买盘
09:51:55,100.79,-0.02,20,200101,卖盘
09:51:58,100.78,-0.01,18,181379,卖盘
09:52:01,100.78,0.0,2,20153,买盘
09:52:05,100.78,0.0,29,292233,买盘
09:52:07,100.75,-0.03,2,20146,买盘
09:52:10,100.78,0.03,15,151154,买盘
09:52:13,100.78,0.0,3,30238,中性盘
09:52:16,100.78,0.0,4,41612,中性盘
09:52:19,100.78,0.0,13,131018,买盘
09:52:22,100.76,-0.02,33,332514,中性盘
09:52:25,100.81,0.05,6,60472,买盘
09:52:28,100.81,0.0,20,201567,买盘
09:52:31,100.7,-0.11,101,1017233,卖盘
09:52:34,100.85,0.15,8,80681,买盘
09:52:37,100.84,-0.01,13,131094,卖盘
09:52:40,100.86,0.02,6,62023,买盘
09:52:43,100.86,0.0,3,30860,买盘
09:52:46,100.88,0.02,11,110886,买盘
09:52:49,100.88,0.0,14,141228,买盘
09:52:52,100.89,0.01,10,100884,买盘
09:52:55,100.88,-0.01,8,80704,中性盘
09:52:58,100.85,-0.03,7,70595,买盘
09:53:01,100.88,0.03,3,30659,买盘
09:53:05,100.88,0.0,31,312719,买盘
09:53:07,100.88,0.0,5,50440,买盘
09:53:10,100.85,-0.03,17,173029,卖盘
09:53:13,100.88,0.03,25,252200,买盘
09:53:16,100.8,-0.08,97,978137,卖盘
09:53:19,100.88,0.08,15,144853,买盘
09:53:22,100.89,0.01,38,384565,买盘
09:53:25,100.9,0.01,26,262346,买盘
09:53:28,100.9,0.0,46,464287,卖盘
09:53:31,100.9,0.0,10,100903,卖盘
09:53:34,100.93,0.03,8,80750,卖盘
09:53:37,100.93,0.0,1,10093,卖盘
09:53:40,100.93,0.0,1,7772,卖盘
09:53:42,101.0,0.07,47,474595,买盘
09:53:46,100.99,-0.01,7,70689,卖盘
09:53:50,100.85,-0.14,41,414972,卖盘
09:53:52,100.98,0.13,41,412389,买盘
09:53:55,100.99,0.01,14,141369,买盘
09:53:58,100.88,-0.11,3,30269,卖盘
09:54:01,100.99,0.11,2,20199,卖盘
09:54:04,100.98,-0.01,61,616080,卖盘
09:54:07,100.99,0.01,4,41912,中性盘
09:54:10,100.99,0.0,16,161566,买盘
09:54:13,100.99,0.0,32,323167,买盘
09:54:16,100.99,0.0,22,222176,买盘
09:54:19,100.99,0.0,163,1646137,买盘
09:54:22,101.03,0.04,240,2424027,买盘
09:54:25,100.99,-0.04,14,141449,卖盘
09:54:28,101.08,0.09,2,20216,买盘
09:54:31,101.08,0.0,3,30324,卖盘
09:54:34,100.99,-0.09,44,444684,卖盘
09:54:37,100.99,0.0,9,90954,卖盘
09:54:40,101.2,0.21,3,30360,卖盘
09:54:43,101.26,0.06,7,72368,买盘
09:54:46,101.3,0.04,21,212721,买盘
09:54:48,101.28,-0.02,1,10128,中性盘
09:54:51,101.33,0.05,14,141849,买盘
09:54:55,101.33,0.0,21,212793,卖盘
09:54:58,101.4,0.07,22,222964,买盘
09:55:01,101.28,-0.12,41,415241,卖盘
09:55:04,101.2,-0.08,19,192498,卖盘
09:55:07,101.32,0.12,14,141856,中性盘
09:55:10,101.34,0.02,3,31804,买盘
09:55:13,101.34,0.0,5,50670,买盘
09:55:15,101.35,0.01,27,273625,买盘
09:55:19,101.21,-0.14,34,344565,卖盘
09:55:22,101.34,0.13,32,324304,中性盘
09:55:25,101.28,-0.06,4,40511,卖盘
09:55:28,101.32,0.04,11,111353,买盘
09:55:31,101.28,-0.04,4,40499,中性盘
09:55:34,101.21,-0.07,24,246700,卖盘
09:55:37,101.15,-0.06,7,65778,买盘
09:55:40,101.2,0.05,2,20240,买盘
09:55:43,101.08,-0.12,31,312053,卖盘
09:55:46,101.06,-0.02,7,70752,卖盘
09:55:49,101.08,0.02,12,119270,卖盘
09:55:52,101.03,-0.05,7,70751,卖盘
09:55:55,101.02,-0.01,18,181858,卖盘
09:55:58,101.02,0.0,4,40418,卖盘
09:56:01,101.03,0.01,7,72738,卖盘
09:56:05,101.02,-0.01,45,454097,中性盘
09:56:07,101.02,0.0,17,171712,买盘
09:56:10,101.02,0.0,10,101030,卖盘
09:56:13,101.04,0.02,5,50512,买盘
09:56:16,101.0,-0.04,8,80807,卖盘
09:56:19,101.01,0.01,6,60603,买盘
09:56:22,101.01,0.0,11,111110,卖盘
09:56:24,101.1,0.09,51,515344,买盘
09:56:28,101.04,-0.06,3,30312,卖盘
09:56:31,101.0,-0.04,18,181839,卖盘
09:56:34,101.02,0.02,12,121296,中性盘
09:56:37,101.1,0.08,6,60639,买盘
09:56:40,101.03,-0.07,6,60612,卖盘
09:56:43,101.0,-0.03,17,172211,卖盘
09:56:46,100.99,-0.01,18,182404,卖盘
09:56:49,101.0,0.01,20,201371,买盘
09:56:52,100.9,-0.1,21,212090,卖盘
09:56:55,100.99,0.09,1,10099,买盘
09:56:58,100.99,0.0,4,40874,买盘
09:57:01,100.9,-0.09,4,40387,卖盘
09:57:05,101.0,0.1,13,130759,买盘
09:57:07,101.0,0.0,10,100989,买盘
09:57:10,100.91,-0.09,2,20191,卖盘
09:57:13,100.98,0.07,9,90840,买盘
09:57:16,100.98,0.0,4,44514,买盘
09:57:19,100.98,0.0,8,80783,买盘
09:57:25,100.98,0.0,5,50491,卖盘
09:57:28,100.99,0.01,2,20198,买盘
09:57:31,100.99,0.0,13,131276,买盘
09:57:34,100.98,-0.01,60,605939,卖盘
09:57:37,100.98,0.0,4,40392,买盘
09:57:40,100.94,-0.04,5,50480,卖盘
09:57:43,100.98,0.04,7,69067,买盘
09:57:46,100.93,-0.05,10,102551,卖盘
09:57:48,100.93,0.0,10,100930,买盘
09:57:52,100.93,0.0,3,30277,买盘
09:57:55,100.98,0.05,15,149813,买盘
09:57:58,100.98,0.0,10,105024,卖盘
09:58:01,100.94,-0.04,9,86835,卖盘
09:58:04,100.98,0.04,12,121161,卖盘
09:58:07,100.98,0.0,1,10098,买盘
09:58:10,100.98,0.0,7,70680,买盘
09:58:13,100.98,0.0,3,30294,买盘
09:58:16,100.98,0.0,16,165595,买盘
09:58:19,100.99,0.01,4,40396,买盘
09:58:22,101.0,0.01,55,556106,买盘
09:58:25,101.0,0.0,11,111100,卖盘
09:58:28,101.04,0.04,1,10104,买盘
09:58:31,101.04,0.0,1,10104,卖盘
09:58:34,101.1,0.06,8,80860,买盘
09:58:37,101.19,0.09,5,50595,买盘
09:58:40,101.2,0.01,3,30358,买盘
09:58:43,101.19,-0.01,16,161828,中性盘
09:58:46,101.1,-0.09,1,10110,卖盘
09:58:49,101.09,-0.01,10,101090,买盘
09:58:52,101.09,0.0,2,20218,买盘
09:58:58,101.1,0.01,12,113017,买盘
09:59:04,101.09,-0.01,12,123089,卖盘
09:59:07,101.18,0.09,3,30345,买盘
09:59:10,101.09,-0.09,4,40455,卖盘
09:59:13,101.18,0.09,4,40472,买盘
09:59:16,101.09,-0.09,1,10716,卖盘
09:59:19,101.17,0.08,11,111280,买盘
09:59:22,101.17,0.0,2,20234,买盘
09:59:24,101.1,-0.07,6,60694,卖盘
09:59:28,101.16,0.06,3,30645,买盘
09:59:31,101.16,0.0,3,30350,中性盘
09:59:34,101.03,-0.13,42,424553,卖盘
09:59:37,101.17,0.14,15,151851,买盘
09:59:42,101.11,-0.06,6,60363,卖盘
09:59:46,101.1,-0.01,3,30330,中性盘
09:59:49,101.1,0.0,12,121320,买盘
09:59:52,101.1,0.0,2,20220,买盘
09:59:55,101.1,0.0,4,40440,买盘
09:59:58,101.1,0.0,3,30330,买盘
10:00:01,101.1,0.0,12,121304,买盘
10:00:04,101.1,0.0,31,313277,买盘
10:00:07,101.1,0.0,4,40442,卖盘
10:00:10,101.1,0.0,2,20218,买盘
10:00:13,101.01,-0.09,19,192054,卖盘
10:00:16,101.01,0.0,4,40404,买盘
10:00:19,101.02,0.01,4,40405,买盘
10:00:22,101.01,-0.01,2,20203,卖盘
10:00:24,101.0,-0.01,13,131311,卖盘
10:00:28,101.01,0.01,17,171708,中性盘
10:00:31,101.0,-0.01,10,101002,卖盘
10:00:34,101.0,0.0,5,50806,卖盘
10:00:37,101.01,0.01,1,10101,卖盘
10:00:40,101.0,-0.01,69,693880,卖盘
10:00:43,101.0,0.0,5,50500,买盘
10:00:46,101.0,0.0,18,181783,买盘
10:00:49,100.99,-0.01,26,262586,卖盘
10:00:52,101.0,0.01,10,100998,买盘
10:00:55,100.98,-0.02,3,30296,卖盘
10:00:58,101.0,0.02,6,60598,买盘
10:01:01,100.98,-0.02,1,10098,卖盘
10:01:04,101.01,0.03,13,131301,买盘
10:01:07,100.98,-0.03,2,20197,卖盘
10:01:10,100.98,0.0,2,20196,卖盘
10:01:13,100.95,-0.03,32,323120,卖盘
10:01:16,100.95,0.0,1,10095,卖盘
10:01:19,101.01,0.06,11,111108,买盘
10:01:22,100.95,-0.06,2,20191,卖盘
10:01:25,100.95,0.0,1,9086,卖盘
10:01:28,100.96,0.01,2,21100,中性盘
10:01:31,100.96,0.0,2,20192,买盘
10:01:34,100.95,-0.01,41,413906,卖盘
10:01:37,100.96,0.01,1,10096,买盘
10:01:40,100.96,0.0,17,171617,买盘
10:01:43,100.96,0.0,5,50983,买盘
10:01:45,100.94,-0.02,21,211976,卖盘
10:01:49,100.97,0.03,11,111057,买盘
10:01:52,100.96,-0.01,4,40386,卖盘
10:01:55,100.94,-0.02,4,40378,卖盘
10:01:58,100.96,0.02,4,40384,卖盘
10:02:01,100.96,0.0,1,10096,买盘
10:02:04,100.96,0.0,26,262493,买盘
10:02:07,100.95,-0.01,10,100952,卖盘
10:02:10,100.95,0.0,1,10095,买盘
10:02:16,100.95,0.0,14,142026,买盘
10:02:19,100.95,0.0,6,60567,买盘
10:02:22,100.95,0.0,8,80760,卖盘
10:02:25,100.95,0.0,3,30285,卖盘
10:02:28,100.96,0.01,20,201920,买盘
10:02:31,100.95,-0.01,9,90858,卖盘
10:02:34,100.96,0.01,13,131240,买盘
10:02:37,100.93,-0.03,64,644893,卖盘
10:02:40,100.94,0.01,6,60559,买盘
10:02:46,100.94,0.0,6,60549,买盘
10:02:49,100.93,-0.01,35,355180,中性盘
10:02:52,100.9,-0.03,21,215867,卖盘
10:02:55,100.9,0.0,1,10090,买盘
10:02:58,100.9,0.0,12,121080,买盘
10:03:01,100.89,-0.01,5,50448,卖盘
10:03:04,100.9,0.01,23,232054,买盘
10:03:07,100.86,-0.04,33,331363,卖盘
10:03:10,100.88,0.02,12,122848,买盘
10:03:13,100.88,0.0,6,60526,买盘
10:03:16,100.88,0.0,1,10088,买盘
10:03:19,100.88,0.0,3,30264,买盘
10:03:22,100.8,-0.08,100,1008185,卖盘
10:03:25,100.89,0.09,2,20178,买盘
10:03:28,100.89,0.0,2,20178,买盘
10:03:31,100.89,0.0,9,90795,买盘
10:03:34,100.89,0.0,6,60513,买盘
10:03:37,100.88,-0.01,6,60528,卖盘
10:03:43,100.89,0.01,24,242136,买盘
10:03:46,100.87,-0.02,36,363191,卖盘
10:03:49,100.9,0.03,10,100900,买盘
10:03:52,100.89,-0.01,1,10089,卖盘
10:03:55,100.8,-0.09,30,302493,卖盘
10:03:58,100.87,0.07,2,21780,买盘
10:04:01,100.81,-0.06,4,40345,中性盘
10:04:04,100.89,0.08,11,110949,买盘
10:04:09,100.88,-0.01,34,342993,卖盘
10:04:13,100.88,0.0,3,30264,买盘
10:04:16,100.87,-0.01,3,30263,卖盘
10:04:19,100.88,0.01,17,171994,买盘
10:04:22,100.88,0.0,6,60528,买盘
10:04:25,100.88,0.0,5,50439,买盘
10:04:28,100.85,-0.03,2,19669,买盘
10:04:31,100.81,-0.04,5,50417,卖盘
10:04:34,100.85,0.04,25,250802,买盘
10:04:37,100.85,0.0,1,10085,买盘
10:04:46,100.81,-0.04,13,132374,卖盘
10:04:49,100.85,0.04,14,141140,买盘
10:04:52,100.85,0.0,1,10085,买盘
10:04:54,100.8,-0.05,15,151201,卖盘
10:04:58,100.85,0.05,6,60495,买盘
10:05:01,100.8,-0.05,10,100803,卖盘
10:05:04,100.85,0.05,21,210964,买盘
10:05:07,100.85,0.0,2,20170,卖盘
10:05:10,100.85,0.0,2,20170,卖盘
10:05:16,100.88,0.03,2,20176,买盘
10:05:19,100.88,0.0,7,70613,买盘
10:05:22,100.85,-0.03,38,384055,卖盘
10:05:25,100.85,0.0,10,100043,买盘
10:05:31,100.89,0.04,2,20178,买盘
10:05:34,100.9,0.01,12,121075,买盘
10:05:37,100.9,0.0,3,25225,买盘
10:05:46,100.89,-0.01,21,211899,卖盘
10:05:49,100.95,0.06,12,121137,买盘
10:05:55,100.95,0.0,5,50495,卖盘
10:05:58,101.0,0.05,2,20200,买盘
10:06:01,100.95,-0.05,2,22820,卖盘
10:06:04,101.0,0.05,8,80800,买盘
10:06:07,101.02,0.02,3,30306,买盘
10:06:10,101.02,0.0,8,80816,买盘
10:06:13,101.01,-0.01,6,60601,买盘
10:06:19,101.01,0.0,14,141412,买盘
10:06:22,101.01,0.0,5,50505,买盘
10:06:25,101.0,-0.01,8,81103,卖盘
10:06:28,101.01,0.01,3,30303,买盘
10:06:31,101.01,0.0,15,151512,买盘
10:06:34,101.0,-0.01,8,80806,卖盘
10:06:37,101.01,0.01,1,10101,卖盘
10:06:40,101.01,0.0,7,70709,卖盘
10:06:43,101.1,0.09,1,10110,买盘
10:06:46,101.1,0.0,1,10110,中性盘
10:06:49,101.03,-0.07,19,191954,卖盘
10:06:52,101.03,0.0,3,30308,买盘
10:06:55,101.03,0.0,2,20206,买盘
10:06:58,101.11,0.08,4,40437,买盘
10:07:01,101.13,0.02,3,30337,买盘
10:07:05,101.11,-0.02,19,192134,卖盘
10:07:07,101.11,0.0,2,20222,买盘
10:07:10,101.11,0.0,17,171887,买盘
10:07:13,101.11,0.0,10,101064,买盘
10:07:16,101.11,0.0,5,50555,买盘
10:07:19,101.1,-0.01,15,151650,买盘
10:07:22,101.11,0.01,7,70777,买盘
10:07:25,101.13,0.02,2,20224,买盘
10:07:28,101.1,-0.03,1,10110,买盘
10:07:34,101.15,0.05,20,202250,买盘
10:07:40,101.13,-0.02,1,10113,卖盘
10:07:43,101.11,-0.02,20,202250,卖盘
10:07:45,101.11,0.0,23,232553,买盘
10:07:49,101.11,0.0,12,121332,买盘
10:07:52,101.1,-0.01,1,10110,卖盘
10:07:55,101.11,0.01,16,161762,买盘
10:07:58,101.1,-0.01,2,20220,中性盘
10:08:05,101.1,0.0,14,141540,买盘
10:08:07,101.11,0.01,9,94532,买盘
10:08:13,101.12,0.01,8,80889,买盘
10:08:16,101.12,0.0,3,30336,买盘
10:08:19,101.12,0.0,13,131456,买盘
10:08:24,101.12,0.0,12,121342,买盘
10:08:28,101.12,0.0,6,60670,买盘
10:08:31,101.12,0.0,33,330133,买盘
10:08:34,101.13,0.01,9,85842,买盘
10:08:37,101.12,-0.01,1,10112,卖盘
10:08:43,101.11,-0.01,14,148137,卖盘
10:08:46,101.11,0.0,11,111221,买盘
10:08:49,101.02,-0.09,20,200713,卖盘
10:08:52,101.03,0.01,5,51952,买盘
10:08:55,101.02,-0.01,63,634931,买盘
10:09:01,101.01,-0.01,4,40404,买盘
10:09:04,101.01,0.0,73,737370,买盘
10:09:07,101.01,0.0,3,30303,买盘
10:09:10,101.01,0.0,1,10101,卖盘
10:09:13,100.99,-0.02,4,40399,卖盘
10:09:16,101.01,0.02,7,70740,卖盘
10:09:19,101.12,0.11,9,93836,买盘
10:09:25,101.12,0.0,7,70776,买盘
10:09:28,101.12,0.0,2,20222,买盘
10:09:31,101.01,-0.11,3,27484,卖盘
10:09:34,101.01,0.0,4,40401,买盘
10:09:37,101.0,-0.01,12,121210,卖盘
10:09:40,101.0,0.0,18,181801,卖盘
10:09:43,101.0,0.0,6,60600,买盘
10:09:46,101.01,0.01,29,292899,买盘
10:09:49,100.96,-0.05,4,40384,卖盘
10:09:52,100.97,0.01,14,141345,买盘
10:09:55,100.97,0.0,63,636020,卖盘
10:09:58,100.89,-0.08,6,60564,买盘
10:10:01,100.9,0.01,5,50461,中性盘
10:10:04,100.96,0.06,72,726530,买盘
10:10:07,100.96,0.0,4,40384,买盘
10:10:10,100.9,-0.06,10,100946,卖盘
10:10:13,100.9,0.0,16,161431,买盘
10:10:16,100.9,0.0,10,100897,买盘
10:10:19,100.9,0.0,28,282503,买盘
10:10:25,100.9,0.0,9,85435,卖盘
10:10:27,101.01,0.11,1,10101,买盘
10:10:31,100.9,-0.11,9,90866,卖盘
10:10:34,101.0,0.1,14,141364,中性盘
10:10:37,101.01,0.01,8,80807,买盘
10:10:40,100.91,-0.1,34,343321,卖盘
10:10:43,100.91,0.0,14,141273,买盘
10:10:46,101.01,0.1,6,60606,买盘
10:10:49,101.1,0.09,20,201885,买盘
10:10:55,100.91,-0.19,16,161565,卖盘
10:10:58,100.91,0.0,7,70637,买盘
10:11:01,100.91,0.0,5,50455,买盘
10:11:04,100.91,0.0,15,151361,买盘
10:11:07,100.91,0.0,14,142281,买盘
10:11:10,100.9,-0.01,19,191711,卖盘
10:11:13,100.91,0.01,9,90816,买盘
10:11:16,100.91,0.0,12,121092,买盘
10:11:19,100.91,0.0,10,100910,买盘
10:11:22,100.91,0.0,3,30271,买盘
10:11:25,100.9,-0.01,23,232142,卖盘
10:11:28,100.9,0.0,28,286962,卖盘
10:11:31,100.9,0.0,6,60540,买盘
10:11:34,100.91,0.01,8,76283,买盘
10:11:37,101.05,0.14,1,10105,中性盘
10:11:42,100.91,-0.14,10,100910,卖盘
10:11:46,100.91,0.0,4,40364,买盘
10:11:49,100.91,0.0,31,312804,买盘
10:11:52,100.91,0.0,2,20182,买盘
10:11:55,100.89,-0.02,41,415481,卖盘
10:11:58,100.89,0.0,9,90801,买盘
10:12:01,100.89,0.0,8,78896,买盘
10:12:05,100.91,0.02,4,40378,卖盘
10:12:07,101.06,0.15,1,10106,买盘
10:12:13,100.9,-0.16,15,151356,卖盘
10:12:16,100.9,0.0,3,30270,买盘
10:12:19,100.9,0.0,5,50450,买盘
10:12:21,100.91,0.01,1,10091,买盘
10:12:25,101.0,0.09,1,10100,买盘
10:12:31,100.97,-0.03,2,20194,买盘
10:12:34,100.97,0.0,13,131231,买盘
10:12:36,101.0,0.03,2,20200,买盘
10:12:40,101.0,0.0,3,30297,买盘
10:12:43,100.97,-0.03,18,181746,卖盘
10:12:46,100.97,0.0,4,40388,买盘
10:12:49,100.97,0.0,26,265241,买盘
10:12:52,100.97,0.0,14,141358,买盘
10:12:55,100.9,-0.07,49,491603,卖盘
10:12:58,100.9,0.0,8,80720,买盘
10:13:01,100.9,0.0,3,33095,买盘
10:13:04,100.97,0.07,6,60559,买盘
10:13:10,100.97,0.0,5,50485,卖盘
10:13:13,100.9,-0.07,31,312904,卖盘
10:13:16,101.06,0.16,3,30312,买盘
10:13:18,101.0,-0.06,10,101000,卖盘
10:13:22,101.06,0.06,3,30312,买盘
10:13:25,101.07,0.01,15,151569,买盘
10:13:31,101.07,0.0,4,40427,买盘
10:13:34,101.06,-0.01,12,121244,买盘
10:13:37,101.05,-0.01,13,131376,中性盘
10:13:40,101.05,0.0,1,10105,买盘
10:13:43,100.92,-0.13,20,201866,卖盘
10:13:46,101.05,0.13,28,282797,买盘
10:13:49,100.89,-0.16,18,181642,卖盘
10:13:52,101.06,0.17,2,20212,买盘
10:13:55,101.06,0.0,63,635838,买盘
10:14:01,101.02,-0.04,3,30312,中性盘
10:14:04,101.05,0.03,22,222268,买盘
10:14:07,101.0,-0.05,2,20200,卖盘
10:14:10,101.05,0.05,8,80840,买盘
10:14:13,101.0,-0.05,8,80812,卖盘
10:14:16,100.94,-0.06,7,70670,卖盘
10:14:19,101.0,0.06,16,161582,买盘
10:14:22,101.0,0.0,11,111100,买盘
10:14:25,101.0,0.0,1,10100,买盘
10:14:27,101.02,0.02,4,40397,买盘
10:14:31,101.0,-0.02,1,13031,卖盘
10:14:34,101.05,0.05,17,171740,买盘
10:14:37,101.0,-0.05,9,90901,卖盘
10:14:40,101.0,0.0,2,17270,买盘
10:14:43,101.0,0.0,7,70690,买盘
10:14:49,101.0,0.0,27,272574,买盘
10:14:52,101.0,0.0,2,20200,买盘
10:14:54,100.92,-0.08,46,464241,卖盘
10:14:58,101.0,0.08,2,20200,买盘
10:15:00,101.0,0.0,5,48778,买盘
10:15:04,100.94,-0.06,6,62276,买盘
10:15:07,100.94,0.0,14,141316,买盘
10:15:10,100.92,-0.02,18,182041,卖盘
10:15:16,100.94,0.02,2,20188,买盘
10:15:19,100.94,0.0,10,100940,买盘
10:15:22,100.92,-0.02,4,40370,卖盘
10:15:25,100.92,0.0,2,20184,买盘
10:15:31,100.94,0.02,30,301089,买盘
10:15:34,100.94,0.0,4,40376,卖盘
10:15:37,100.94,0.0,56,565348,卖盘
10:15:40,100.94,0.0,44,444196,卖盘
10:15:43,100.94,0.0,14,143044,卖盘
10:15:46,100.93,-0.01,12,121117,卖盘
10:15:49,100.93,0.0,3,30278,买盘
10:15:51,100.92,-0.01,20,201829,卖盘
10:15:55,100.91,-0.01,5,51564,中性盘
10:15:58,100.91,0.0,67,674520,买盘
10:16:01,100.89,-0.02,7,70635,卖盘
10:16:04,100.87,-0.02,95,958378,卖盘
10:16:07,100.89,0.02,1,10089,卖盘
10:16:13,100.87,-0.02,22,221914,卖盘
10:16:16,100.87,0.0,3,28650,卖盘
10:16:19,100.89,0.02,1,10089,买盘
10:16:22,100.89,0.0,11,110978,买盘
10:16:25,100.89,0.0,14,141238,买盘
10:16:28,100.88,-0.01,11,110963,中性盘
10:16:31,100.89,0.01,1,10089,买盘
10:16:34,100.88,-0.01,8,80713,卖盘
10:16:37,100.9,0.02,13,131167,买盘
10:16:40,100.88,-0.02,6,60531,卖盘
10:16:43,100.87,-0.01,4,40349,卖盘
10:16:45,100.87,0.0,11,110954,买盘
10:16:49,100.87,0.0,12,121043,买盘
10:16:52,100.87,0.0,26,262259,买盘
10:16:55,100.85,-0.02,18,183150,买盘
10:16:58,100.85,0.0,3,30255,买盘
10:17:01,100.85,0.0,4,40340,买盘
10:17:04,100.85,0.0,13,131102,买盘
10:17:07,100.84,-0.01,2,20169,卖盘
10:17:10,100.84,0.0,9,90756,卖盘
10:17:13,100.84,0.0,3,30252,买盘
10:17:16,100.84,0.0,3,30252,买盘
10:17:19,100.84,0.0,14,141173,买盘
10:17:22,100.84,0.0,13,131091,买盘
10:17:25,100.84,0.0,27,272258,买盘
10:17:28,100.84,0.0,3,30252,买盘
10:17:31,100.83,-0.01,18,181498,卖盘
10:17:34,100.83,0.0,15,151243,买盘
10:17:37,100.83,0.0,2,20166,买盘
10:17:40,100.82,-0.01,5,50410,卖盘
10:17:42,100.82,0.0,4,40330,卖盘
10:17:46,100.82,0.0,2,20164,买盘
10:17:49,100.82,0.0,9,90738,买盘
10:17:52,100.8,-0.02,31,312518,卖盘
10:17:55,100.82,0.02,56,566911,买盘
10:17:58,100.82,0.0,2,20164,卖盘
10:18:01,100.83,0.01,5,50413,买盘
10:18:04,100.83,0.0,49,491702,买盘
10:18:07,100.8,-0.03,4,40329,卖盘
10:18:10,100.83,0.03,1,10083,买盘
10:18:13,100.8,-0.03,13,131043,卖盘
10:18:15,100.83,0.03,15,151203,买盘
10:18:19,100.83,0.0,55,554452,买盘
10:18:22,100.82,-0.01,6,58481,卖盘
10:18:25,100.83,0.01,1,10083,买盘
10:18:31,100.83,0.0,4,40332,买盘
10:18:34,100.83,0.0,16,161322,买盘
10:18:37,100.83,0.0,7,77436,买盘
10:18:40,100.82,-0.01,5,45574,买盘
10:18:43,100.82,0.0,1,10082,买盘
10:18:46,100.81,-0.01,7,70569,卖盘
10:18:49,100.82,0.01,10,96585,买盘
10:18:52,100.81,-0.01,22,221769,卖盘
10:18:55,100.8,-0.01,56,566818,卖盘
10:18:58,100.8,0.0,3,32760,买盘
10:19:01,100.79,-0.01,2,20160,买盘
10:19:04,100.81,0.02,16,161292,买盘
10:19:07,100.8,-0.01,19,191538,卖盘
10:19:16,100.82,0.02,2,20164,买盘
10:19:19,100.82,0.0,12,120984,买盘
10:19:22,100.82,0.0,6,60490,买盘
10:19:24,100.82,0.0,1,10082,买盘
10:19:28,100.81,-0.01,3,30243,卖盘
10:19:31,100.8,-0.01,33,332643,卖盘
10:19:34,100.8,0.0,15,151195,买盘
10:19:36,100.81,0.01,1,10081,买盘
10:19:42,100.81,0.0,2,20162,买盘
10:19:46,100.8,-0.01,10,100801,卖盘
10:19:49,100.8,0.0,13,131040,买盘
10:19:51,100.8,0.0,25,251975,买盘
10:19:55,100.78,-0.02,22,219196,卖盘
10:19:58,100.76,-0.02,9,90692,卖盘
10:20:01,100.75,-0.01,5,50076,卖盘
10:20:04,100.76,0.01,26,261952,买盘
10:20:07,100.76,0.0,1,10076,买盘
10:20:10,100.75,-0.01,1,10075,中性盘
10:20:12,100.75,0.0,1,10075,买盘
10:20:16,100.75,0.0,3,30225,买盘
10:20:19,100.75,0.0,7,71029,买盘
10:20:22,100.75,0.0,1,10075,卖盘
10:20:28,100.76,0.01,1,10076,买盘
10:20:31,100.75,-0.01,5,50377,卖盘
10:20:34,100.76,0.01,14,141060,买盘
10:20:37,100.76,0.0,2,23576,买盘
10:20:43,100.76,0.0,7,66598,买盘
10:20:46,100.74,-0.02,20,201486,卖盘
10:20:49,100.76,0.02,10,101161,买盘
10:20:52,100.73,-0.03,17,171245,卖盘
10:20:55,100.73,0.0,49,493577,卖盘
10:20:58,100.73,0.0,8,80592,卖盘
10:21:01,100.75,0.02,5,50776,中性盘
10:21:04,100.74,-0.01,10,100735,买盘
10:21:07,100.76,0.02,4,40302,买盘
10:21:10,100.74,-0.02,4,40300,卖盘
10:21:13,100.74,0.0,1,10074,卖盘
10:21:16,100.73,-0.01,24,241765,卖盘
10:21:22,100.76,0.03,9,90684,买盘
10:21:25,100.75,-0.01,16,161256,卖盘
10:21:28,100.76,0.01,2,20152,买盘
10:21:31,100.75,-0.01,27,272037,卖盘
10:21:34,100.74,-0.01,7,70527,卖盘
10:21:36,100.76,0.02,11,110835,买盘
10:21:40,100.76,0.0,10,100749,买盘
10:21:43,100.75,-0.01,3,30226,卖盘
10:21:46,100.74,-0.01,23,231716,卖盘
10:21:49,100.8,0.06,5,50386,买盘
10:21:52,100.75,-0.05,19,191451,卖盘
10:21:55,100.74,-0.01,45,453341,卖盘
10:21:58,100.74,0.0,4,40296,买盘
10:22:00,100.74,0.0,17,171254,买盘
10:22:04,100.72,-0.02,6,60440,卖盘
10:22:07,100.74,0.02,23,231701,买盘
10:22:10,100.74,0.0,6,60444,买盘
10:22:13,100.74,0.0,12,120383,买盘
10:22:16,100.72,-0.02,27,271960,卖盘
10:22:19,100.71,-0.01,6,60428,卖盘
10:22:22,100.72,0.01,190,1913670,买盘
10:22:25,100.72,0.0,20,199728,卖盘
10:22:31,100.72,0.0,15,151120,卖盘
10:22:34,100.72,0.0,12,120868,卖盘
10:22:37,100.72,0.0,31,312262,卖盘
10:22:40,100.72,0.0,3,30216,卖盘
10:22:43,100.73,0.01,3,31225,买盘
10:22:45,100.73,0.0,16,161158,买盘
10:22:49,100.73,0.0,2,20146,卖盘
10:22:52,100.72,-0.01,28,282063,卖盘
10:22:55,100.72,0.0,27,272661,卖盘
10:22:58,100.72,0.0,2,20144,买盘
10:23:00,100.72,0.0,3,30214,买盘
10:23:04,100.72,0.0,8,80573,买盘
10:23:07,100.72,0.0,12,121366,买盘
10:23:09,100.72,0.0,51,512900,买盘
10:23:13,100.72,0.0,4,45421,买盘
10:23:16,100.72,0.0,10,100717,卖盘
10:23:22,100.73,0.01,4,40292,买盘
10:23:28,100.72,-0.01,11,110800,卖盘
10:23:31,100.76,0.04,1,10076,买盘
10:23:34,100.76,0.0,4,40304,卖盘
10:23:37,100.8,0.04,19,191484,买盘
10:23:40,100.8,0.0,6,60460,买盘
10:23:46,100.8,0.0,3,30941,买盘
10:23:48,100.8,0.0,3,30240,买盘
10:23:52,100.75,-0.05,19,190764,卖盘
10:23:55,100.75,0.0,6,60450,买盘
10:23:58,100.73,-0.02,12,120878,卖盘
10:24:01,100.73,0.0,4,40292,买盘
10:24:05,100.73,0.0,6,60435,买盘
10:24:07,100.72,-0.01,18,181322,卖盘
10:24:10,100.74,0.02,3,30220,买盘
10:24:13,100.72,-0.02,13,130948,卖盘
10:24:16,100.74,0.02,4,40295,买盘
10:24:19,100.74,0.0,1,10074,买盘
10:24:22,100.73,-0.01,24,241763,卖盘
10:24:25,100.74,0.01,5,50367,买盘
10:24:28,100.74,0.0,1,10074,买盘
10:24:31,100.74,0.0,1,10074,买盘
10:24:34,100.74,0.0,4,40293,买盘
10:24:37,100.74,0.0,4,40296,买盘
10:24:40,100.75,0.01,1,10075,买盘
10:24:43,100.75,0.0,1,10075,买盘
10:24:46,100.75,0.0,45,453375,买盘
10:24:52,100.74,-0.01,32,322459,卖盘
10:24:55,100.74,0.0,53,533922,卖盘
10:24:58,100.85,0.11,10,95085,买盘
10:25:04,100.85,0.0,3,30255,卖盘
10:25:07,100.92,0.07,3,30276,买盘
10:25:10,100.92,0.0,11,111075,卖盘
10:25:13,100.92,0.0,7,70658,卖盘
10:25:16,100.98,0.06,13,131208,中性盘
10:25:18,100.92,-0.06,2,20184,卖盘
10:25:22,100.9,-0.02,14,141240,中性盘
10:25:25,100.9,0.0,1,10090,买盘
10:25:28,100.88,-0.02,4,41253,买盘
10:25:31,100.85,-0.03,10,100874,买盘
10:25:33,100.76,-0.09,6,60487,卖盘
10:25:37,100.9,0.14,32,322808,买盘
10:25:40,100.8,-0.1,3,30260,卖盘
10:25:46,100.85,0.05,2,20177,卖盘
10:25:49,100.8,-0.05,2,20160,买盘
10:25:52,100.77,-0.03,116,1168589,卖盘
10:25:55,100.77,0.0,7,70539,买盘
10:25:58,100.77,0.0,51,513884,买盘
10:26:01,100.77,0.0,1,10077,买盘
10:26:04,100.71,-0.06,45,453534,卖盘
10:26:07,101.0,0.29,141,1423636,买盘
10:26:10,101.0,0.0,9,90898,买盘
10:26:16,101.0,0.0,4,40400,买盘
10:26:19,101.0,0.0,2,20200,买盘
10:26:22,100.88,-0.12,22,222046,卖盘
10:26:24,100.98,0.1,13,131194,买盘
10:26:28,100.87,-0.11,7,70609,买盘
10:26:31,100.87,0.0,3,30261,买盘
10:26:34,100.87,0.0,11,111635,买盘
10:26:37,100.87,0.0,10,100870,买盘
10:26:40,100.87,0.0,4,40348,买盘
10:26:45,100.87,0.0,3,30261,买盘
10:26:49,100.99,0.12,33,332749,买盘
10:26:52,100.85,-0.14,13,131147,中性盘
10:26:55,100.78,-0.07,5,50390,卖盘
10:26:58,100.78,0.0,1,10078,买盘
10:27:01,100.78,0.0,1,10078,买盘
10:27:04,100.78,0.0,7,70543,买盘
10:27:07,100.78,0.0,11,110858,买盘
10:27:10,100.78,0.0,1,10078,买盘
10:27:13,100.78,0.0,18,181403,买盘
10:27:16,100.78,0.0,5,50893,买盘
10:27:19,100.77,-0.01,2,19650,卖盘
10:27:22,100.78,0.01,10,100772,买盘
10:27:28,100.74,-0.04,73,735461,买盘
10:27:31,100.77,0.03,2,20154,买盘
10:27:34,100.74,-0.03,4,40302,卖盘
10:27:37,100.72,-0.02,22,221655,卖盘
10:27:40,100.75,0.03,1,10078,买盘
10:27:46,100.75,0.0,4,39800,卖盘
10:27:52,100.78,0.04,1,10078,卖盘
10:27:55,100.74,-0.04,9,91194,卖盘
10:28:01,100.77,0.03,2,20154,买盘
10:28:04,100.74,-0.03,12,120390,卖盘
10:28:07,100.74,0.0,11,110835,买盘
10:28:09,100.72,-0.02,1,10173,卖盘
10:28:16,100.77,0.05,28,282081,买盘
10:28:18,100.72,-0.05,5,50370,卖盘
10:28:22,100.71,-0.01,31,312242,卖盘
10:28:25,100.72,0.01,1,10072,买盘
10:28:31,100.72,0.0,1,10072,买盘
10:28:34,100.71,-0.01,71,715419,卖盘
10:28:46,100.79,0.08,2,20158,买盘
10:28:52,100.93,0.14,16,161416,买盘
10:28:55,100.78,-0.15,11,110865,卖盘
10:28:57,100.78,0.0,4,40312,买盘
10:29:01,100.8,0.02,5,50392,买盘
10:29:04,100.72,-0.08,3,30228,卖盘
10:29:07,100.8,0.08,10,100917,中性盘
10:29:10,100.8,0.0,2,20160,卖盘
10:29:16,100.79,-0.01,15,151200,卖盘
10:29:19,100.79,0.0,2,20252,买盘
10:29:22,100.79,0.0,11,110869,买盘
10:29:25,100.73,-0.06,4,40298,中性盘
10:29:30,100.79,0.06,2,20157,买盘
10:29:34,100.72,-0.07,4,40694,卖盘
10:29:37,100.79,0.07,10,100790,买盘
10:29:40,100.79,0.0,4,40316,买盘
10:29:43,100.73,-0.06,3,30219,卖盘
10:29:46,100.78,0.05,1,10078,买盘
10:29:49,100.72,-0.06,3,30216,卖盘
10:29:52,100.78,0.06,12,120918,买盘
10:29:55,100.71,-0.07,24,241738,卖盘
10:29:58,100.78,0.07,22,221581,买盘
10:30:04,100.8,0.02,45,453583,买盘
10:30:07,100.8,0.0,13,131038,卖盘
10:30:16,100.8,0.0,3,30240,买盘
10:30:19,100.79,-0.01,8,80633,卖盘
10:30:22,100.8,0.01,13,131187,卖盘
10:30:25,100.8,0.0,1,10080,卖盘
10:30:31,100.89,0.09,1,10089,买盘
10:30:34,100.8,-0.09,4,40329,卖盘
10:30:37,100.89,0.09,2,20169,买盘
10:30:40,100.8,-0.09,9,90792,卖盘
10:30:46,100.89,0.09,2,20178,买盘
10:30:49,100.8,-0.09,1,10080,卖盘
10:30:51,100.89,0.09,11,110979,买盘
10:30:55,100.8,-0.09,22,221796,卖盘
10:30:58,100.8,0.0,1,10080,卖盘
10:31:01,100.8,0.0,5,50400,买盘
10:31:04,100.79,-0.01,4,41629,卖盘
10:31:07,100.8,0.01,1,10080,买盘
10:31:10,100.85,0.05,6,60510,买盘
10:31:12,100.89,0.04,10,100833,买盘
10:31:16,100.89,0.0,3,30263,买盘
10:31:18,100.89,0.0,43,433821,买盘
10:31:22,100.89,0.0,6,60535,卖盘
10:31:25,100.89,0.0,7,70625,卖盘
10:31:28,100.85,-0.04,8,80680,卖盘
10:31:31,100.83,-0.02,7,70587,卖盘
10:31:34,100.79,-0.04,11,110879,卖盘
10:31:37,100.83,0.04,10,100830,买盘
10:31:40,100.85,0.02,2,20168,买盘
10:31:46,100.85,0.0,1,10085,买盘
10:31:51,100.85,0.0,16,161345,买盘
10:31:55,100.8,-0.05,2,20165,卖盘
10:31:57,100.79,-0.01,4,40314,买盘
10:32:01,100.79,0.0,3,30941,买盘
10:32:04,100.75,-0.04,14,141076,卖盘
10:32:07,100.73,-0.02,31,312365,卖盘
10:32:10,100.79,0.06,4,40316,买盘
10:32:16,100.78,-0.01,2,20156,中性盘
10:32:19,100.78,0.0,2,20153,买盘
10:32:22,100.78,0.0,12,120937,买盘
10:32:25,100.78,0.0,1,10078,买盘
10:32:28,100.78,0.0,1,10078,买盘
10:32:31,100.78,0.0,1,10078,卖盘
10:32:34,100.85,0.07,4,40323,买盘
10:32:37,100.85,0.0,4,40340,买盘
10:32:43,100.89,0.04,8,80696,买盘
10:32:45,100.85,-0.04,9,90777,卖盘
10:32:49,100.84,-0.01,1,10084,买盘
10:32:51,100.84,0.0,10,100840,买盘
10:32:55,100.78,-0.06,13,131023,卖盘
10:32:57,100.78,0.0,1,10078,买盘
10:33:01,100.75,-0.03,3,27003,卖盘
10:33:04,100.78,0.03,27,272036,买盘
10:33:07,100.78,0.0,2,20156,买盘
10:33:13,100.83,0.05,3,30249,买盘
10:33:16,100.83,0.0,4,40332,卖盘
10:33:22,100.78,-0.05,2,20161,卖盘
10:33:25,100.84,0.06,27,272266,买盘
10:33:28,100.84,0.0,7,73202,买盘
10:33:31,100.84,0.0,5,50420,买盘
10:33:34,100.76,-0.08,15,148613,卖盘
10:33:37,100.83,0.07,2,22779,买盘
10:33:40,100.75,-0.08,15,151252,买盘
10:33:43,100.83,0.08,13,131000,买盘
10:33:46,100.75,-0.08,16,161123,卖盘
10:33:49,100.75,0.0,5,50375,买盘
10:33:52,100.75,0.0,3,30225,买盘
10:33:55,100.74,-0.01,11,110824,卖盘
10:33:58,100.73,-0.01,16,161168,买盘
10:34:01,100.73,0.0,3,30219,买盘
10:34:04,100.73,0.0,11,110795,买盘
10:34:07,100.72,-0.01,5,50363,卖盘
10:34:10,100.73,0.01,4,40292,买盘
10:34:13,100.74,0.01,7,70515,买盘
10:34:19,100.74,0.0,2,20148,卖盘
10:34:22,100.74,0.0,1,10074,卖盘
10:34:25,100.74,0.0,1,10074,卖盘
10:34:28,100.75,0.01,10,100750,买盘
10:34:31,100.73,-0.02,22,221616,卖盘
10:34:34,100.74,0.01,6,60442,卖盘
10:34:37,100.74,0.0,13,130965,买盘
10:34:39,100.74,0.0,1,10074,买盘
10:34:43,100.75,0.01,32,322369,买盘
10:34:46,100.78,0.03,4,40301,买盘
10:34:55,100.82,0.04,1,10082,买盘
10:34:58,100.77,-0.05,9,90696,卖盘
10:35:01,100.75,-0.02,4,40306,卖盘
10:35:04,100.74,-0.01,2,20148,卖盘
10:35:07,100.8,0.06,17,171300,买盘
10:35:13,100.74,-0.06,4,40303,卖盘
10:35:16,100.82,0.08,4,40327,买盘
10:35:19,100.82,0.0,1,10082,卖盘
10:35:28,100.82,0.0,47,470087,买盘
10:35:31,100.74,-0.08,19,191498,卖盘
10:35:34,100.75,0.01,3,30232,中性盘
10:35:39,100.84,0.09,3,30252,买盘
10:35:43,100.84,0.0,6,60495,买盘
10:35:46,100.83,-0.01,2,20166,中性盘
10:35:49,100.75,-0.08,1,10478,卖盘
10:35:55,100.82,0.07,5,50410,卖盘
10:35:57,100.8,-0.02,2,20161,中性盘
10:36:01,100.75,-0.05,8,80630,卖盘
10:36:05,100.75,0.0,19,191947,卖盘
10:36:07,100.8,0.05,1,10080,买盘
10:36:10,100.75,-0.05,2,20150,卖盘
10:36:13,100.75,0.0,5,50381,卖盘
10:36:16,100.8,0.05,9,90710,买盘
10:36:18,100.79,-0.01,2,20157,买盘
10:36:22,100.78,-0.01,1,10078,卖盘
10:36:25,100.78,0.0,1,10078,买盘
10:36:28,100.78,0.0,4,40303,买盘
10:36:31,100.78,0.0,7,70546,买盘
10:36:34,100.75,-0.03,3,30225,卖盘
10:36:40,100.78,0.03,2,20156,买盘
10:36:43,100.78,0.0,5,50390,买盘
10:36:45,100.78,0.0,7,70543,买盘
10:36:48,100.75,-0.03,25,251899,卖盘
10:36:52,100.75,0.0,7,70525,买盘
10:36:55,100.75,0.0,2,20149,买盘
10:36:58,100.75,0.0,18,181333,买盘
10:37:01,100.75,0.0,14,141050,买盘
10:37:04,100.74,-0.01,27,272000,卖盘
10:37:07,100.74,0.0,7,74247,卖盘
10:37:09,100.74,0.0,1,10074,买盘
10:37:13,100.74,0.0,7,70518,买盘
10:37:16,100.73,-0.01,11,112928,卖盘
10:37:19,100.72,-0.01,21,211532,卖盘
10:37:25,100.74,0.02,6,60444,买盘
10:37:28,100.74,0.0,8,80592,买盘
10:37:31,100.74,0.0,8,80592,买盘
10:37:34,100.72,-0.02,3,30217,卖盘
10:37:37,100.72,0.0,2,20144,卖盘
10:37:40,100.72,0.0,1,10072,卖盘
10:37:43,100.73,0.01,15,151095,买盘
10:37:46,100.72,-0.01,14,141011,卖盘
10:37:49,100.72,0.0,3,30218,卖盘
10:37:51,100.72,0.0,6,60432,卖盘
10:37:55,100.72,0.0,2,20144,卖盘
10:37:58,100.72,0.0,34,342486,卖盘
10:38:01,100.73,0.01,4,40292,卖盘
10:38:04,100.73,0.0,3,30219,卖盘
10:38:07,100.73,0.0,1,10073,卖盘
10:38:10,100.75,0.02,1,10075,买盘
10:38:13,100.75,0.0,1,10075,卖盘
10:38:16,100.75,0.0,14,141058,卖盘
10:38:25,100.75,0.0,4,41409,卖盘
10:38:28,100.76,0.01,7,66700,买盘
10:38:34,100.73,-0.03,15,153829,卖盘
10:38:36,100.72,-0.01,25,251839,卖盘
10:38:40,100.75,0.03,2,17427,卖盘
10:38:42,100.73,-0.02,2,22870,卖盘
10:38:46,100.73,0.0,7,70511,买盘
10:38:49,100.72,-0.01,21,211512,卖盘
10:38:51,100.71,-0.01,6,60934,卖盘
10:38:58,100.72,0.01,37,371524,买盘
10:39:00,100.72,0.0,7,70501,买盘
10:39:05,100.7,-0.02,3,30210,卖盘
10:39:07,100.71,0.01,4,40887,买盘
10:39:10,100.7,-0.01,10,100700,卖盘
10:39:13,100.71,0.01,8,80565,买盘
10:39:15,100.7,-0.01,7,71201,卖盘
10:39:19,100.7,0.0,15,151059,卖盘
10:39:22,100.71,0.01,14,140991,买盘
10:39:25,100.71,0.0,12,120842,买盘
10:39:28,100.71,0.0,22,221550,买盘
10:39:31,100.71,0.0,6,60426,卖盘
10:39:33,100.71,0.0,18,179707,卖盘
10:39:37,100.72,0.01,21,211482,买盘
10:39:43,100.78,0.06,4,40312,买盘
10:39:46,100.78,0.0,2,20156,买盘
10:39:55,100.78,0.0,2,20156,卖盘
10:39:58,100.78,0.0,4,40312,卖盘
10:40:01,100.76,-0.02,7,71334,买盘
10:40:05,100.71,-0.05,4,40288,卖盘
10:40:07,100.72,0.01,2,20144,中性盘
10:40:10,100.72,0.0,15,151072,买盘
10:40:13,100.72,0.0,10,99907,买盘
10:40:16,100.72,0.0,5,50354,买盘
10:40:19,100.72,0.0,6,60427,买盘
10:40:22,100.7,-0.02,23,231824,卖盘
10:40:25,100.71,0.01,7,70502,卖盘
10:40:28,100.7,-0.01,23,224260,卖盘
10:40:31,100.7,0.0,9,97981,买盘
10:40:34,100.69,-0.01,3,30209,卖盘
10:40:36,100.71,0.02,5,50355,买盘
10:40:43,100.69,-0.02,12,120837,卖盘
10:40:46,100.72,0.03,2,20144,买盘
10:40:48,100.72,0.0,1,10072,卖盘
10:40:55,100.72,0.0,5,50360,卖盘
10:40:58,100.72,0.0,60,604328,卖盘
10:41:01,100.72,0.0,57,574124,卖盘
10:41:04,100.72,0.0,10,100728,卖盘
10:41:07,100.71,-0.01,1,10071,卖盘
10:41:10,100.71,0.0,1,10071,卖盘
10:41:12,100.71,0.0,1,10071,卖盘
10:41:15,100.7,-0.01,13,130922,卖盘
10:41:19,100.7,0.0,25,251726,买盘
10:41:22,100.69,-0.01,23,231589,卖盘
10:41:25,100.7,0.01,5,50347,中性盘
10:41:27,100.69,-0.01,2,20138,卖盘
10:41:31,100.7,0.01,6,60420,买盘
10:41:34,100.69,-0.01,17,171174,卖盘
10:41:37,100.69,0.0,7,70485,卖盘
10:41:40,100.7,0.01,58,576700,买盘
10:41:43,100.69,-0.01,4,40276,买盘
10:41:46,100.69,0.0,11,110756,买盘
10:41:49,100.7,0.01,10,100696,买盘
10:41:52,100.68,-0.02,27,271836,卖盘
10:41:55,100.67,-0.01,3,30203,卖盘
10:41:58,100.66,-0.01,17,171130,卖盘
10:42:01,100.68,0.02,5,50340,买盘
10:42:04,100.66,-0.02,5,50332,卖盘
10:42:10,100.67,0.01,7,72179,买盘
10:42:13,100.67,0.0,1,10067,买盘
10:42:16,100.67,0.0,8,80535,买盘
10:42:22,100.66,-0.01,9,90795,卖盘
10:42:25,100.67,0.01,14,140929,买盘
10:42:28,100.66,-0.01,3,30199,卖盘
10:42:31,100.67,0.01,10,98752,买盘
10:42:34,100.65,-0.02,4,40264,卖盘
10:42:36,100.66,0.01,1,10066,买盘
10:42:40,100.65,-0.01,8,80521,卖盘
10:42:46,100.65,0.0,9,90586,买盘
10:42:49,100.62,-0.03,11,118457,卖盘
10:42:51,100.61,-0.01,15,150921,卖盘
10:42:58,100.61,0.0,21,211283,卖盘
10:43:01,100.63,0.02,8,80502,买盘
10:43:05,100.62,-0.01,5,50608,中性盘
10:43:07,100.63,0.01,2,20126,买盘
10:43:10,100.63,0.0,2,20126,买盘
10:43:13,100.63,0.0,3,30189,买盘
10:43:16,100.65,0.02,18,181145,买盘
10:43:19,100.63,-0.02,9,90569,卖盘
10:43:22,100.62,-0.01,13,130817,卖盘
10:43:28,100.61,-0.01,5,50308,卖盘
10:43:31,100.62,0.01,10,100620,买盘
10:43:34,100.61,-0.01,10,100612,卖盘
10:43:40,100.61,0.0,4,40244,卖盘
10:43:43,100.61,0.0,13,130793,卖盘
10:43:46,100.62,0.01,8,80495,买盘
10:43:49,100.61,-0.01,22,213293,卖盘
10:43:52,100.61,0.0,4,40244,买盘
10:43:55,100.6,-0.01,6,60363,卖盘
10:43:58,100.6,0.0,17,171020,卖盘
10:44:01,100.61,0.01,19,191147,买盘
10:44:04,100.6,-0.01,5,50301,卖盘
10:44:07,100.61,0.01,1,10061,买盘
10:44:10,100.6,-0.01,10,100600,卖盘
10:44:13,100.6,0.0,10,100601,卖盘
10:44:16,100.61,0.01,28,290841,买盘
10:44:19,100.61,0.0,4,32195,买盘
10:44:21,100.61,0.0,5,50303,买盘
10:44:25,100.6,-0.01,13,130780,卖盘
10:44:28,100.61,0.01,6,60365,买盘
10:44:31,100.61,0.0,2,20122,买盘
10:44:34,100.6,-0.01,7,70420,卖盘
10:44:37,100.6,0.0,21,211270,卖盘
10:44:40,100.6,0.0,3,29073,卖盘
10:44:43,100.6,0.0,5,50300,买盘
10:44:46,100.61,0.01,7,70421,买盘
10:44:49,100.59,-0.02,2,20119,卖盘
10:44:55,100.6,0.01,4,40241,卖盘
10:44:58,100.6,0.0,25,251500,卖盘
10:45:00,100.61,0.01,23,232296,买盘
10:45:04,100.6,-0.01,21,211277,卖盘
10:45:07,100.6,0.0,1,10060,卖盘
10:45:13,100.61,0.01,16,160963,卖盘
10:45:16,100.62,0.01,5,50310,买盘
10:45:19,100.62,0.0,1,10062,卖盘
10:45:22,100.62,0.0,11,110689,卖盘
10:45:25,100.63,0.01,3,30189,买盘
10:45:28,100.62,-0.01,38,382373,卖盘
10:45:31,100.62,0.0,3,30186,买盘
10:45:34,100.6,-0.02,3,30181,卖盘
10:45:40,100.6,0.0,8,80480,卖盘
10:45:43,100.59,-0.01,35,352092,卖盘
10:45:46,100.6,0.01,8,80480,买盘
10:45:49,100.6,0.0,18,181080,买盘
10:45:52,100.59,-0.01,4,40239,卖盘
10:45:55,100.6,0.01,3,30180,中性盘
10:45:58,100.61,0.01,22,221317,买盘
10:46:01,100.61,0.0,9,90539,买盘
10:46:04,100.6,-0.01,9,90536,中性盘
10:46:07,100.59,-0.01,2,20720,中性盘
10:46:10,100.6,0.01,14,140838,买盘
10:46:12,100.6,0.0,6,60360,买盘
10:46:16,100.6,0.0,4,40240,买盘
10:46:19,100.59,-0.01,2,20118,卖盘
10:46:22,100.59,0.0,34,342031,卖盘
10:46:25,100.6,0.01,3,30180,买盘
10:46:28,100.61,0.01,13,130777,买盘
10:46:31,100.61,0.0,3,30183,买盘
10:46:34,100.61,0.0,4,40241,买盘
10:46:37,100.61,0.0,2,20122,买盘
10:46:40,100.61,0.0,10,100604,买盘
10:46:43,100.62,0.01,10,100619,买盘
10:46:46,100.59,-0.03,86,865103,卖盘
10:46:49,100.59,0.0,7,70413,买盘
10:46:52,100.59,0.0,1,10059,买盘
10:46:55,100.58,-0.01,11,110641,卖盘
10:46:58,100.59,0.01,9,90529,买盘
10:47:01,100.58,-0.01,23,234556,卖盘
10:47:04,100.58,0.0,16,163845,卖盘
10:47:07,100.58,0.0,2,13679,卖盘
10:47:10,100.59,0.01,33,331921,买盘
10:47:13,100.59,0.0,2,20118,买盘
10:47:15,100.59,0.0,8,80472,买盘
10:47:19,100.59,0.0,1,10059,中性盘
10:47:25,100.57,-0.02,7,70399,卖盘
10:47:28,100.57,0.0,2,20114,卖盘
10:47:31,100.6,0.03,12,120705,买盘
10:47:33,100.57,-0.03,3,30174,卖盘
10:47:40,100.57,0.0,5,50297,卖盘
10:47:43,100.57,0.0,6,60744,卖盘
10:47:46,100.57,0.0,15,150155,卖盘
10:47:48,100.57,0.0,7,70996,买盘
10:47:52,100.59,0.02,43,431099,买盘
10:47:55,100.59,0.0,1,10059,卖盘
10:47:58,100.59,0.0,22,221298,卖盘
10:48:00,100.59,0.0,23,238906,卖盘
10:48:04,100.59,0.0,10,97273,卖盘
10:48:07,100.59,0.0,4,40236,卖盘
10:48:10,100.59,0.0,10,102907,卖盘
10:48:13,100.57,-0.02,14,135675,卖盘
10:48:16,100.57,0.0,6,60346,买盘
10:48:19,100.55,-0.02,15,150837,卖盘
10:48:22,100.57,0.02,7,70391,买盘
10:48:25,100.57,0.0,3,30171,卖盘
10:48:31,100.59,0.02,11,110641,买盘
10:48:34,100.55,-0.04,4,40221,卖盘
10:48:37,100.53,-0.02,21,211131,卖盘
10:48:40,100.55,0.02,4,42631,中性盘
10:48:43,100.53,-0.02,1,10053,卖盘
10:48:46,100.55,0.02,7,70385,买盘
10:48:48,100.55,0.0,3,30867,买盘
10:48:52,100.54,-0.01,10,100540,买盘
10:48:55,100.53,-0.01,1,12667,卖盘
10:49:01,100.53,0.0,27,271438,卖盘
10:49:04,100.53,0.0,13,129081,卖盘
10:49:07,100.54,0.01,23,232031,买盘
10:49:10,100.54,0.0,7,63338,买盘
10:49:13,100.53,-0.01,10,106467,卖盘
10:49:16,100.54,0.01,16,156437,买盘
10:49:19,100.54,0.0,5,50270,卖盘
10:49:22,100.55,0.01,2,20110,买盘
10:49:25,100.54,-0.01,4,40216,卖盘
10:49:28,100.54,0.0,12,120648,卖盘
10:49:31,100.54,0.0,5,50270,买盘
10:49:34,100.54,0.0,14,140746,买盘
10:49:36,100.53,-0.01,37,371974,卖盘
10:49:40,100.53,0.0,12,120638,卖盘
10:49:43,100.54,0.01,5,52779,买盘
10:49:46,100.54,0.0,8,80430,买盘
10:49:49,100.54,0.0,2,20109,卖盘
10:49:55,100.54,0.0,14,140767,卖盘
10:50:01,100.55,0.01,19,191013,买盘
10:50:04,100.53,-0.02,27,271455,卖盘
10:50:08,100.53,0.0,3,27346,卖盘
10:50:10,100.55,0.02,2,20110,买盘
10:50:16,100.54,-0.01,7,70378,买盘
10:50:19,100.54,0.0,8,80427,买盘
10:50:22,100.53,-0.01,2,20107,卖盘
10:50:28,100.54,0.01,10,100540,卖盘
10:50:31,100.55,0.01,6,60330,买盘
10:50:34,100.53,-0.02,3,30159,卖盘
10:50:37,100.53,0.0,10,100536,卖盘
10:50:40,100.54,0.01,2,20107,买盘
10:50:42,100.53,-0.01,5,50567,卖盘
10:50:46,100.53,0.0,7,70371,买盘
10:50:52,100.52,-0.01,4,40208,卖盘
10:50:55,100.53,0.01,2,20106,买盘
10:50:58,100.53,0.0,7,70365,买盘
10:51:01,100.53,0.0,23,230900,买盘
10:51:04,100.53,0.0,6,60316,中性盘
10:51:07,100.53,0.0,8,84241,买盘
10:51:10,100.52,-0.01,10,100520,卖盘
10:51:13,100.52,0.0,10,97003,卖盘
10:51:15,100.52,0.0,6,60315,买盘
10:51:19,100.51,-0.01,58,587583,卖盘
10:51:22,100.51,0.0,29,290676,卖盘
10:51:25,100.51,0.0,15,153680,卖盘
10:51:28,100.5,-0.01,420,4214729,卖盘
10:51:31,100.52,0.02,225,2263443,买盘
10:51:34,100.5,-0.02,22,219678,卖盘
10:51:37,100.5,0.0,30,301475,卖盘
10:51:40,100.5,0.0,19,188739,买盘
10:51:42,100.5,0.0,44,442200,卖盘
10:51:46,100.51,0.01,10,107238,买盘
10:51:49,100.5,-0.01,23,231150,卖盘
10:51:52,100.47,-0.03,35,346514,卖盘
10:51:55,100.51,0.04,57,571348,买盘
10:51:58,100.5,-0.01,2,20100,卖盘
10:52:01,100.5,0.0,27,271357,卖盘
10:52:05,100.5,0.0,7,70350,卖盘
10:52:07,100.5,0.0,19,192458,卖盘
10:52:10,100.5,0.0,21,211038,买盘
10:52:13,100.47,-0.03,4,38983,卖盘
10:52:16,100.5,0.03,9,89944,买盘
10:52:19,100.48,-0.02,10,100982,卖盘
10:52:22,100.47,-0.01,1,16477,卖盘
10:52:25,100.48,0.01,6,60283,买盘
10:52:28,100.47,-0.01,6,55761,卖盘
10:52:31,100.48,0.01,8,82591,卖盘
10:52:34,100.46,-0.02,11,110506,卖盘
10:52:37,100.47,0.01,8,78059,买盘
10:52:40,100.47,0.0,7,70324,买盘
10:52:43,100.45,-0.02,324,3255654,卖盘
10:52:46,100.46,0.01,20,198203,买盘
10:52:49,100.42,-0.04,9,96215,卖盘
10:52:52,100.45,0.03,22,220963,买盘
10:52:55,100.44,-0.01,25,254267,买盘
10:52:57,100.41,-0.03,8,74508,卖盘
10:53:01,100.41,0.0,23,229550,卖盘
10:53:05,100.4,-0.01,5,52610,卖盘
10:53:07,100.4,0.0,50,502003,卖盘
10:53:10,100.4,0.0,29,290023,买盘
10:53:13,100.38,-0.02,13,135824,卖盘
10:53:16,100.4,0.02,22,216144,买盘
10:53:19,100.39,-0.01,7,72679,中性盘
10:53:22,100.38,-0.01,8,76088,卖盘
10:53:25,100.37,-0.01,22,225448,卖盘
10:53:28,100.38,0.01,7,72171,买盘
10:53:31,100.37,-0.01,42,421578,卖盘
10:53:34,100.38,0.01,10,100377,买盘
10:53:37,100.38,0.0,6,60226,买盘
10:53:40,100.37,-0.01,5,50185,卖盘
10:53:43,100.37,0.0,9,90736,卖盘
10:53:46,100.38,0.01,23,230856,买盘
10:53:49,100.37,-0.01,30,292082,卖盘
10:53:52,100.37,0.0,12,123348,买盘
10:53:55,100.37,0.0,3,30511,买盘
10:53:58,100.36,-0.01,21,210759,卖盘
10:54:01,100.36,0.0,77,774562,卖盘
10:54:05,100.35,-0.01,23,228509,卖盘
10:54:07,100.35,0.0,18,180632,卖盘
10:54:10,100.36,0.01,5,54093,买盘
10:54:13,100.35,-0.01,19,190665,卖盘
10:54:16,100.36,0.01,14,134580,买盘
10:54:19,100.36,0.0,1,10036,买盘
10:54:22,100.36,0.0,3,30108,买盘
10:54:25,100.35,-0.01,12,120424,卖盘
10:54:28,100.36,0.01,19,190682,买盘
10:54:31,100.35,-0.01,20,199910,卖盘
10:54:34,100.35,0.0,14,140496,卖盘
10:54:37,100.36,0.01,4,40144,买盘
10:54:40,100.36,0.0,7,70252,买盘
10:54:43,100.36,0.0,7,77575,买盘
10:54:46,100.35,-0.01,36,361287,卖盘
10:54:49,100.37,0.02,11,110406,买盘
10:54:52,100.36,-0.01,14,140502,卖盘
10:54:55,100.37,0.01,13,130471,买盘
10:54:58,100.35,-0.02,11,104975,卖盘
10:55:01,100.34,-0.01,27,270949,卖盘
10:55:05,100.33,-0.01,19,191573,卖盘
10:55:07,100.33,0.0,2,20067,卖盘
10:55:13,100.36,0.03,1,10036,买盘
10:55:16,100.34,-0.02,7,73359,卖盘
10:55:18,100.36,0.02,8,80286,买盘
10:55:22,100.34,-0.02,5,50173,卖盘
10:55:25,100.34,0.0,20,200700,卖盘
10:55:28,100.34,0.0,14,135364,卖盘
10:55:31,100.35,0.01,15,150522,买盘
10:55:34,100.34,-0.01,16,160551,卖盘
10:55:37,100.35,0.01,9,95227,买盘
10:55:40,100.35,0.0,17,170595,买盘
10:55:43,100.35,0.0,4,40140,卖盘
10:55:46,100.36,0.01,5,50179,买盘
10:55:49,100.35,-0.01,13,130457,卖盘
10:55:52,100.35,0.0,4,40141,卖盘
10:55:55,100.35,0.0,1,10035,卖盘
10:55:58,100.35,0.0,2,20071,卖盘
10:56:01,100.36,0.01,38,381368,买盘
10:56:04,100.36,0.0,5,50180,卖盘
10:56:10,100.37,0.01,4,40148,买盘
10:56:12,100.36,-0.01,5,50183,卖盘
10:56:16,100.38,0.02,3,30114,买盘
10:56:18,100.4,0.02,6,60234,买盘
10:56:22,100.4,0.0,2,20080,买盘
10:56:25,100.38,-0.02,23,230879,卖盘
10:56:28,100.4,0.02,20,203208,买盘
10:56:31,100.4,0.0,9,90360,卖盘
10:56:33,100.4,0.0,4,40161,卖盘
10:56:37,100.41,0.01,15,150606,买盘
10:56:40,100.4,-0.01,5,50204,卖盘
10:56:45,100.45,0.05,9,90405,买盘
10:56:52,100.41,-0.04,14,140624,卖盘
10:56:55,100.45,0.04,6,60270,中性盘
10:56:57,100.45,0.0,3,30135,买盘
10:57:01,100.41,-0.04,28,281204,卖盘
10:57:04,100.41,0.0,5,50211,卖盘
10:57:07,100.43,0.02,5,50218,中性盘
10:57:10,100.42,-0.01,10,100417,卖盘
10:57:13,100.42,0.0,1,10042,买盘
10:57:16,100.42,0.0,15,150633,买盘
10:57:19,100.41,-0.01,3,23200,卖盘
10:57:22,100.41,0.0,4,40164,卖盘
10:57:25,100.41,0.0,76,770055,卖盘
10:57:28,100.41,0.0,2,20082,买盘
10:57:31,100.4,-0.01,16,154025,卖盘
10:57:34,100.41,0.01,10,100408,买盘
10:57:37,100.41,0.0,19,190773,买盘
10:57:40,100.4,-0.01,7,73798,卖盘
10:57:42,100.4,0.0,45,451841,卖盘
10:57:46,100.41,0.01,6,60246,买盘
10:57:49,100.4,-0.01,26,261049,卖盘
10:57:52,100.4,0.0,12,120481,卖盘
10:57:58,100.4,0.0,11,110441,卖盘
10:58:01,100.4,0.0,35,351414,卖盘
10:58:04,100.41,0.01,6,60243,买盘
10:58:07,100.4,-0.01,6,60244,卖盘
10:58:10,100.41,0.01,30,301209,买盘
10:58:13,100.41,0.0,32,321281,买盘
10:58:16,100.42,0.01,7,70288,买盘
10:58:22,100.42,0.0,1,10042,买盘
10:58:25,100.41,-0.01,1,10041,卖盘
10:58:28,100.41,0.0,1,10041,卖盘
10:58:31,100.42,0.01,7,70294,买盘
10:58:34,100.41,-0.01,4,40165,卖盘
10:58:37,100.42,0.01,2,20084,买盘
10:58:40,100.42,0.0,1,10042,买盘
10:58:43,100.41,-0.01,2,20082,卖盘
10:58:46,100.42,0.01,6,60252,买盘
10:58:49,100.42,0.0,1,10042,卖盘
10:58:55,100.43,0.01,1,10043,买盘
10:59:01,100.43,0.0,5,50215,买盘
10:59:04,100.42,-0.01,29,291213,卖盘
10:59:10,100.43,0.01,2,20086,卖盘
10:59:13,100.43,0.0,4,40172,卖盘
10:59:16,100.43,0.0,6,60270,卖盘
10:59:19,100.43,0.0,1,10043,买盘
10:59:22,100.42,-0.01,15,150657,卖盘
10:59:28,100.45,0.03,2,20091,卖盘
10:59:31,100.47,0.02,8,80375,买盘
10:59:34,100.43,-0.04,25,251075,卖盘
10:59:37,100.42,-0.01,4,40169,卖盘
10:59:40,100.42,0.0,13,130549,卖盘
10:59:42,100.42,0.0,3,27113,卖盘
10:59:46,100.42,0.0,6,60257,卖盘
10:59:48,100.41,-0.01,5,50210,卖盘
10:59:52,100.43,0.02,34,341380,买盘
10:59:55,100.43,0.0,6,60256,买盘
11:00:01,100.43,0.0,15,150655,卖盘
11:00:05,100.4,-0.03,13,130536,卖盘
11:00:07,100.4,0.0,9,90360,卖盘
11:00:09,100.4,0.0,4,43775,卖盘
11:00:13,100.41,0.01,4,40164,买盘
11:00:16,100.41,0.0,3,30123,中性盘
11:00:19,100.4,-0.01,17,170695,卖盘
11:00:22,100.4,0.0,9,90360,卖盘
11:00:25,100.4,0.0,10,100400,卖盘
11:00:28,100.4,0.0,10,97488,卖盘
11:00:31,100.4,0.0,16,160650,卖盘
11:00:34,100.39,-0.01,8,80316,卖盘
11:00:37,100.39,0.0,6,60234,卖盘
11:00:40,100.38,-0.01,4,45776,卖盘
11:00:46,100.4,0.02,5,50200,买盘
11:00:49,100.38,-0.02,26,257378,卖盘
11:00:52,100.38,0.0,8,78696,卖盘
11:00:58,100.38,0.0,5,50190,买盘
11:01:01,100.37,-0.01,25,248411,卖盘
11:01:05,100.37,0.0,25,255520,买盘
11:01:07,100.37,0.0,5,44459,买盘
11:01:10,100.35,-0.02,3,34320,卖盘
11:01:13,100.35,0.0,5,50176,卖盘
11:01:16,100.37,0.02,6,61422,买盘
11:01:19,100.37,0.0,3,30111,买盘
11:01:21,100.3,-0.07,372,3727711,卖盘
11:01:25,100.3,0.0,89,895231,买盘
11:01:28,100.3,0.0,19,189357,买盘
11:01:31,100.3,0.0,6,64692,买盘
11:01:34,100.28,-0.02,29,290818,买盘
11:01:37,100.29,0.01,9,84236,买盘
11:01:40,100.28,-0.01,12,118932,卖盘
11:01:43,100.26,-0.02,31,310847,卖盘
11:01:46,100.26,0.0,14,145671,买盘
11:01:49,100.25,-0.01,7,72684,卖盘
11:01:52,100.24,-0.01,17,162606,卖盘
11:01:55,100.24,0.0,6,67957,买盘
11:01:58,100.21,-0.03,27,270596,卖盘
11:02:01,100.2,-0.01,52,516762,卖盘
11:02:04,100.2,0.0,29,294590,卖盘
11:02:07,100.2,0.0,5,46394,卖盘
11:02:10,100.2,0.0,3,30063,卖盘
11:02:13,100.21,0.01,2,20041,买盘
11:02:16,100.21,0.0,95,955816,买盘
11:02:19,100.21,0.0,22,215844,中性盘
11:02:22,100.21,0.0,52,521095,买盘
11:02:25,100.21,0.0,15,152212,买盘
11:02:28,100.21,0.0,22,220447,买盘
11:02:31,100.2,-0.01,29,290601,卖盘
11:02:34,100.2,0.0,9,90184,卖盘
11:02:37,100.2,0.0,34,340693,卖盘
11:02:40,100.21,0.01,2,20041,中性盘
11:02:43,100.21,0.0,15,150315,卖盘
11:02:46,100.21,0.0,9,90198,卖盘
11:02:49,100.21,0.0,2,20043,卖盘
11:02:52,100.21,0.0,1,10021,卖盘
11:02:55,100.23,0.02,54,544548,买盘
11:02:58,100.21,-0.02,10,101224,卖盘
11:03:01,100.23,0.02,9,86295,买盘
11:03:04,100.2,-0.03,21,210441,卖盘
11:03:07,100.23,0.03,141,1412881,买盘
11:03:10,100.23,0.0,18,180413,买盘
11:03:13,100.23,0.0,3,30068,买盘
11:03:16,100.23,0.0,11,110241,买盘
11:03:19,100.23,0.0,30,296929,买盘
11:03:23,100.2,-0.03,67,670380,卖盘
11:03:25,100.22,0.02,29,294487,买盘
11:03:28,100.22,0.0,6,64938,买盘
11:03:31,100.21,-0.01,11,102621,卖盘
11:03:34,100.22,0.01,7,70153,卖盘
11:03:37,100.23,0.01,24,240548,买盘
11:03:40,100.23,0.0,24,240588,买盘
11:03:43,100.23,0.0,8,80184,卖盘
11:03:46,100.24,0.01,7,70184,卖盘
11:03:49,100.25,0.01,2,20050,买盘
11:03:52,100.25,0.0,5,50122,买盘
11:03:55,100.24,-0.01,2,20048,中性盘
11:03:58,100.23,-0.01,1,10023,卖盘
11:04:01,100.23,0.0,43,432157,卖盘
11:04:04,100.23,0.0,24,240562,卖盘
11:04:07,100.23,0.0,6,60141,卖盘
11:04:10,100.23,0.0,4,40996,卖盘
11:04:13,100.23,0.0,22,218502,卖盘
11:04:16,100.22,-0.01,27,270613,卖盘
11:04:19,100.23,0.01,9,95113,买盘
11:04:21,100.21,-0.02,8,80170,卖盘
11:04:24,100.22,0.01,13,130289,买盘
11:04:28,100.22,0.0,2,20044,卖盘
11:04:31,100.18,-0.04,113,1130958,卖盘
11:04:34,100.18,0.0,28,281301,买盘
11:04:37,100.17,-0.01,42,415417,卖盘
11:04:40,100.17,0.0,24,241102,买盘
11:04:43,100.17,0.0,6,60102,买盘
11:04:46,100.17,0.0,6,60102,买盘
11:04:49,100.16,-0.01,11,110180,卖盘
11:04:51,100.16,0.0,11,110186,卖盘
11:04:55,100.16,0.0,6,67210,卖盘
11:04:58,100.16,0.0,21,202524,卖盘
11:05:01,100.16,0.0,13,130206,买盘
11:05:04,100.14,-0.02,42,422431,卖盘
11:05:07,100.16,0.02,17,168739,买盘
11:05:10,100.14,-0.02,5,50072,卖盘
11:05:13,100.14,0.0,2,20328,中性盘
11:05:16,100.15,0.01,20,200284,买盘
11:05:19,100.14,-0.01,34,340462,买盘
11:05:22,100.13,-0.01,14,140187,中性盘
11:05:25,100.12,-0.01,4,40051,卖盘
11:05:28,100.13,0.01,3,30039,买盘
11:05:31,100.13,0.0,10,100126,买盘
11:05:34,100.13,0.0,41,409875,买盘
11:05:37,100.1,-0.03,112,1128455,卖盘
11:05:40,100.12,0.02,22,217236,买盘
11:05:43,100.1,-0.02,7,64771,卖盘
11:05:46,100.12,0.02,57,570582,买盘
11:05:49,100.1,-0.02,29,298622,卖盘
11:05:52,100.1,0.0,4,40042,卖盘
11:05:55,100.12,0.02,7,70080,买盘
11:05:58,100.12,0.0,17,165479,买盘
11:06:01,100.12,0.0,12,125843,买盘
11:06:05,100.11,-0.01,6,60064,中性盘
11:06:07,100.11,0.0,42,420432,买盘
11:06:10,100.12,0.01,63,630759,买盘
11:06:13,100.12,0.0,17,170192,买盘
11:06:16,100.1,-0.02,14,140152,卖盘
11:06:19,100.12,0.02,15,150154,买盘
11:06:22,100.12,0.0,8,73580,买盘
11:06:25,100.1,-0.02,6,60066,卖盘
11:06:28,100.1,0.0,26,258368,卖盘
11:06:31,100.11,0.01,18,185885,买盘
11:06:34,100.1,-0.01,12,120125,中性盘
11:06:37,100.1,0.0,21,210191,中性盘
11:06:40,100.08,-0.02,45,444707,卖盘
11:06:43,100.08,0.0,23,234597,卖盘
11:06:46,100.09,0.01,27,270837,买盘
11:06:49,100.08,-0.01,19,184465,卖盘
11:06:52,100.1,0.02,6,60059,买盘
11:06:55,100.1,0.0,17,170148,买盘
11:06:58,100.09,-0.01,6,60056,中性盘
11:07:01,100.08,-0.01,63,630710,卖盘
11:07:05,100.09,0.01,19,193667,买盘
11:07:07,100.08,-0.01,23,230188,卖盘
11:07:10,100.08,0.0,135,1348590,卖盘
11:07:13,100.1,0.02,41,418197,买盘
11:07:15,100.1,0.0,31,302084,买盘
11:07:19,100.1,0.0,22,218704,买盘
11:07:22,100.1,0.0,254,2542634,买盘
11:07:25,100.1,0.0,61,611380,买盘
11:07:28,100.13,0.03,115,1152558,买盘
11:07:31,100.13,0.0,8,80101,买盘
11:07:34,100.15,0.02,3,30043,买盘
11:07:37,100.15,0.0,15,153422,买盘
11:07:40,100.15,0.0,4,40060,卖盘
11:07:43,100.15,0.0,5,50078,卖盘
11:07:46,100.16,0.01,6,60096,买盘
11:07:49,100.14,-0.02,25,250366,卖盘
11:07:52,100.14,0.0,7,70098,买盘
11:07:55,100.14,0.0,2,20028,买盘
11:07:58,100.13,-0.01,3,32643,卖盘
11:08:01,100.14,0.01,52,520725,买盘
11:08:04,100.14,0.0,19,190262,买盘
11:08:07,100.12,-0.02,18,177628,卖盘
11:08:10,100.12,0.0,9,90116,买盘
11:08:13,100.14,0.02,7,66493,买盘
11:08:16,100.14,0.0,3,30040,买盘
11:08:19,100.15,0.01,3,30045,买盘
11:08:22,100.15,0.0,16,160230,买盘
11:08:25,100.14,-0.01,13,130188,卖盘
11:08:28,100.15,0.01,1,10015,买盘
11:08:31,100.14,-0.01,20,203882,卖盘
11:08:34,100.15,0.01,19,190265,买盘
11:08:37,100.12,-0.03,16,160192,卖盘
11:08:40,100.12,0.0,12,120144,买盘
11:08:43,100.11,-0.01,19,190223,卖盘
11:08:46,100.12,0.01,9,90104,买盘
11:08:49,100.11,-0.01,8,80095,中性盘
11:08:52,100.11,0.0,6,60064,买盘
11:08:55,100.11,0.0,11,110113,买盘
11:08:58,100.11,0.0,74,740753,买盘
11:09:01,100.12,0.01,21,210232,买盘
11:09:04,100.1,-0.02,29,290316,卖盘
11:09:07,100.09,-0.01,18,180165,卖盘
11:09:09,100.09,0.0,25,250214,卖盘
11:09:13,100.08,-0.01,23,230192,卖盘
11:09:16,100.07,-0.01,35,350256,卖盘
11:09:19,100.07,0.0,9,90063,买盘
11:09:22,100.08,0.01,8,80058,买盘
11:09:25,100.06,-0.02,3,30018,卖盘
11:09:28,100.06,0.0,20,200141,卖盘
11:09:31,100.06,0.0,61,610388,卖盘
11:09:34,100.09,0.03,34,340275,买盘
11:09:36,100.05,-0.04,59,590348,卖盘
11:09:40,100.06,0.01,34,340699,卖盘
11:09:43,100.06,0.0,7,70042,买盘
11:09:46,100.06,0.0,10,100059,买盘
11:09:48,100.06,0.0,4,40024,买盘
11:09:52,100.05,-0.01,11,110057,卖盘
11:09:55,100.05,0.0,97,970488,卖盘
11:09:58,100.04,-0.01,149,1492955,卖盘
11:10:01,100.04,0.0,77,767611,卖盘
11:10:04,100.05,0.01,74,737346,买盘
11:10:07,100.05,0.0,50,499985,买盘
11:10:10,100.05,0.0,21,213083,买盘
11:10:13,100.05,0.0,14,135044,买盘
11:10:16,100.03,-0.02,27,270101,卖盘
11:10:19,100.02,-0.01,30,300101,卖盘
11:10:22,100.03,0.01,11,116146,中性盘
11:10:25,100.03,0.0,10,100029,买盘
11:10:28,100.02,-0.01,51,510103,卖盘
11:10:31,100.02,0.0,23,232056,卖盘
11:10:34,100.03,0.01,49,490113,买盘
11:10:37,100.02,-0.01,46,457091,卖盘
11:10:40,100.02,0.0,63,630076,买盘
11:10:43,100.02,0.0,24,235837,买盘
11:10:46,100.01,-0.01,22,218930,卖盘
11:10:49,100.02,0.01,72,727893,买盘
11:10:52,100.02,0.0,63,630079,买盘
11:10:55,100.02,0.0,94,940106,买盘
11:10:58,100.01,-0.01,78,777550,卖盘
11:11:01,100.01,0.0,558,5576020,买盘
11:11:04,100.01,0.0,264,2643718,买盘
11:11:07,100.0,-0.01,142,1416181,卖盘
11:11:10,100.01,0.01,235,2353917,买盘
11:11:13,100.01,0.0,86,860087,买盘
11:11:16,100.0,-0.01,65,650053,卖盘
11:11:19,100.0,0.0,42,420034,卖盘
11:11:22,100.01,0.01,69,690008,中性盘
11:11:25,100.0,-0.01,334,3340021,卖盘
11:11:28,100.0,0.0,75,750023,卖盘
11:11:30,100.0,0.0,321,3210009,卖盘
11:11:34,99.99,-0.01,118,1180295,卖盘
11:11:37,100.0,0.01,18,179992,买盘
11:11:40,99.99,-0.01,19,189997,卖盘
11:11:43,100.0,0.01,13,133092,买盘
11:11:46,99.99,-0.01,26,259996,卖盘
11:11:49,99.99,0.0,119,1189905,卖盘
11:11:52,99.99,0.0,25,249987,卖盘
11:11:55,99.99,0.0,52,516824,卖盘
11:11:58,99.98,-0.01,151,1509710,卖盘
11:12:01,99.98,0.0,29,289967,中性盘
11:12:05,99.97,-0.01,29,290255,卖盘
11:12:07,99.98,0.01,26,259927,买盘
11:12:10,99.96,-0.02,27,268731,买盘
11:12:13,99.97,0.01,9,89968,买盘
11:12:16,99.96,-0.01,26,259921,卖盘
11:12:19,99.96,0.0,4,39986,卖盘
11:12:22,99.96,0.0,21,209922,卖盘
11:12:25,99.96,0.0,11,109956,买盘
11:12:28,99.95,-0.01,13,129946,卖盘
11:12:31,99.95,0.0,14,139940,卖盘
11:12:34,99.95,0.0,19,189907,卖盘
11:12:37,99.95,0.0,16,159917,买盘
11:12:40,99.94,-0.01,11,109934,中性盘
11:12:42,99.94,0.0,13,129923,买盘
11:12:46,99.93,-0.01,15,149903,卖盘
11:12:49,99.93,0.0,5,49964,买盘
11:12:52,99.93,0.0,25,249814,买盘
11:12:55,99.92,-0.01,11,109910,中性盘
11:12:58,99.91,-0.01,48,479548,卖盘
11:13:01,99.91,0.0,16,159880,卖盘
11:13:04,99.91,0.0,19,186137,卖盘
11:13:07,99.9,-0.01,59,589432,卖盘
11:13:10,99.9,0.0,61,609393,卖盘
11:13:13,99.9,0.0,16,163348,卖盘
11:13:16,99.9,0.0,20,199999,卖盘
11:13:19,99.9,0.0,17,169830,买盘
11:13:22,99.88,-0.02,31,309639,卖盘
11:13:25,99.89,0.01,22,219753,买盘
11:13:28,99.88,-0.01,26,259701,卖盘
11:13:31,99.89,0.01,69,689182,买盘
11:13:34,99.88,-0.01,49,488649,卖盘
11:13:37,99.88,0.0,15,149824,中性盘
11:13:40,99.86,-0.02,20,200549,卖盘
11:13:43,99.87,0.01,14,139826,买盘
11:13:46,99.89,0.02,25,249179,买盘
11:13:49,99.85,-0.04,33,330024,卖盘
11:13:52,99.86,0.01,10,99853,买盘
11:13:55,99.86,0.0,26,259622,买盘
11:13:58,99.86,0.0,18,179737,买盘
11:14:01,99.82,-0.04,40,399339,卖盘
11:14:05,99.8,-0.02,158,1576984,卖盘
11:14:07,99.8,0.0,31,309380,买盘
11:14:10,99.8,0.0,103,1027910,买盘
11:14:13,99.83,0.03,206,2056492,买盘
11:14:16,99.87,0.04,94,934409,买盘
11:14:19,99.8,-0.07,38,379401,卖盘
11:14:22,99.86,0.06,4,39940,买盘
11:14:25,99.87,0.01,9,89876,买盘
11:14:28,99.85,-0.02,15,149789,卖盘
11:14:31,99.85,0.0,35,349495,买盘
11:14:34,99.86,0.01,91,908780,买盘
11:14:37,99.87,0.01,14,139822,中性盘
11:14:40,99.9,0.03,14,139851,买盘
11:14:43,99.89,-0.01,17,169790,中性盘
11:14:46,99.9,0.01,26,259516,买盘
11:14:49,99.9,0.0,4,39958,买盘
11:14:52,99.9,0.0,5,49954,卖盘
11:14:55,99.9,0.0,16,159852,卖盘
11:14:57,99.94,0.04,16,159884,买盘
11:15:01,99.95,0.01,8,79953,买盘
11:15:04,99.94,-0.01,37,369796,卖盘
11:15:07,99.96,0.02,23,231487,买盘
11:15:10,99.94,-0.02,59,589716,卖盘
11:15:13,99.96,0.02,4,39984,中性盘
11:15:16,99.97,0.01,11,109963,买盘
11:15:19,99.96,-0.01,13,129954,卖盘
11:15:22,99.97,0.01,21,209958,中性盘
11:15:25,99.97,0.0,23,229945,卖盘
11:15:28,99.97,0.0,37,376484,卖盘
11:15:31,100.0,0.03,52,519990,买盘
11:15:34,100.0,0.0,50,500073,中性盘
11:15:37,100.05,0.05,2,20010,买盘
11:15:40,100.05,0.0,56,560040,买盘
11:15:43,100.05,0.0,9,90045,买盘
11:15:46,100.06,0.01,5,50027,买盘
11:15:49,100.06,0.0,25,250150,买盘
11:15:52,100.06,0.0,3,30018,买盘
11:15:55,100.06,0.0,4,40035,卖盘
11:15:58,100.11,0.05,11,110094,买盘
11:16:01,100.11,0.0,8,80088,买盘
11:16:04,100.11,0.0,40,400260,买盘
11:16:07,100.11,0.0,19,190209,买盘
11:16:10,100.07,-0.04,12,120085,卖盘
11:16:13,100.11,0.04,7,70057,买盘
11:16:16,100.13,0.02,37,370292,买盘
11:16:19,100.13,0.0,9,90117,卖盘
11:16:22,100.06,-0.07,15,150158,卖盘
11:16:25,100.08,0.02,9,90059,买盘
11:16:28,100.08,0.0,12,120080,买盘
11:16:31,100.06,-0.02,102,1013964,卖盘
11:16:34,100.08,0.02,7,70056,卖盘
11:16:37,100.06,-0.02,14,140135,卖盘
11:16:40,100.11,0.05,19,190231,卖盘
11:16:43,100.11,0.0,23,230255,买盘
11:16:46,100.11,0.0,5,50055,卖盘
11:16:49,100.11,0.0,5,50057,卖盘
11:16:52,100.1,-0.01,27,270274,卖盘
11:16:55,100.08,-0.02,12,120114,卖盘
11:16:58,100.1,0.02,29,290223,买盘
11:17:00,100.08,-0.02,5,50044,买盘
11:17:04,100.1,0.02,10,100078,买盘
11:17:07,100.07,-0.03,205,2049987,中性盘
11:17:10,100.08,0.01,18,180115,买盘
11:17:13,100.08,0.0,21,210167,买盘
11:17:16,100.08,0.0,13,130098,买盘
11:17:19,100.08,0.0,19,190146,买盘
11:17:22,100.1,0.02,21,210167,买盘
11:17:24,100.1,0.0,5,50044,买盘
11:17:28,100.1,0.0,14,140136,买盘
11:17:31,100.1,0.0,9,90086,买盘
11:17:34,100.1,0.0,17,170169,卖盘
11:17:37,100.1,0.0,6,60064,卖盘
11:17:40,100.1,0.0,10,100114,卖盘
11:17:43,100.13,0.03,3,30039,买盘
11:17:49,100.13,0.0,9,90125,卖盘
11:17:52,100.16,0.03,4,40058,买盘
11:17:55,100.13,-0.03,4,40054,卖盘
11:17:58,100.15,0.02,9,90130,买盘
11:18:01,100.13,-0.02,1,10013,卖盘
11:18:04,100.13,0.0,6,60087,卖盘
11:18:07,100.17,0.04,4,40068,买盘
11:18:10,100.13,-0.04,22,220310,卖盘
11:18:16,100.18,0.05,9,90162,买盘
11:18:19,100.18,0.0,1,10018,买盘
11:18:22,100.15,-0.03,10,100167,卖盘
11:18:25,100.15,0.0,3,30049,卖盘
11:18:28,100.18,0.03,9,90162,买盘
11:18:34,100.18,0.0,6,60114,卖盘
11:18:37,100.18,0.0,4,40073,买盘
11:18:40,100.16,-0.02,12,120212,中性盘
11:18:43,100.18,0.02,27,270441,买盘
11:18:46,100.15,-0.03,54,540816,卖盘
11:18:49,100.15,0.0,20,198397,买盘
11:18:52,100.15,0.0,3,30047,卖盘
11:18:55,100.14,-0.01,9,92039,卖盘
11:18:58,100.15,0.01,16,160225,买盘
11:19:01,100.15,0.0,4,40060,卖盘
11:19:05,100.16,0.01,11,108270,买盘
11:19:07,100.15,-0.01,8,80125,卖盘
11:19:10,100.14,-0.01,21,212215,卖盘
11:19:13,100.19,0.05,9,90142,买盘
11:19:16,100.18,-0.01,22,220339,买盘
11:19:19,100.18,0.0,7,70108,买盘
11:19:22,100.18,0.0,7,70126,买盘
11:19:25,100.18,0.0,3,30054,买盘
11:19:28,100.15,-0.03,13,130218,卖盘
11:19:31,100.17,0.02,4,47272,买盘
11:19:34,100.15,-0.02,7,70107,卖盘
11:19:37,100.15,0.0,18,180294,卖盘
11:19:39,100.16,0.01,1,6811,卖盘
11:19:43,100.17,0.01,11,110186,买盘
11:19:46,100.17,0.0,3,30051,买盘
11:19:49,100.16,-0.01,5,50084,卖盘
11:19:52,100.16,0.0,11,113385,卖盘
11:19:55,100.16,0.0,7,66907,买盘
11:19:57,100.18,0.02,16,163465,买盘
11:20:01,100.18,0.0,7,70114,买盘
11:20:05,100.15,-0.03,13,130213,卖盘
11:20:07,100.14,-0.01,25,250359,卖盘
11:20:10,100.13,-0.01,24,240323,卖盘
11:20:13,100.15,0.02,16,160200,买盘
11:20:16,100.15,0.0,7,70105,卖盘
11:20:19,100.13,-0.02,45,450511,中性盘
11:20:22,100.13,0.0,5,50057,买盘
11:20:25,100.11,-0.02,4,37045,卖盘
11:20:28,100.09,-0.02,18,183173,卖盘
11:20:31,100.09,0.0,2,20018,买盘
11:20:34,100.08,-0.01,6,60051,卖盘
11:20:37,100.09,0.01,7,70064,买盘
11:20:40,100.08,-0.01,3,30024,卖盘
11:20:43,100.11,0.03,11,110117,买盘
11:20:45,100.11,0.0,1,10011,买盘
11:20:49,100.11,0.0,18,177195,买盘
11:20:52,100.11,0.0,4,40044,卖盘
11:20:55,100.15,0.04,3,30045,买盘
11:20:58,100.15,0.0,1,10015,买盘
11:21:01,100.15,0.0,1,10015,买盘
11:21:04,100.15,0.0,3,30045,卖盘
11:21:07,100.15,0.0,7,70105,卖盘
11:21:10,100.15,0.0,25,250395,卖盘
11:21:13,100.17,0.02,16,160253,买盘
11:21:16,100.17,0.0,3,30051,买盘
11:21:19,100.15,-0.02,5,50075,卖盘
11:21:25,100.11,-0.04,3,30043,卖盘
11:21:28,100.11,0.0,3,30037,卖盘
11:21:31,100.11,0.0,16,160222,卖盘
11:21:34,100.11,0.0,11,110133,卖盘
11:21:37,100.11,0.0,4,40048,卖盘
11:21:40,100.11,0.0,13,130147,卖盘
11:21:43,100.11,0.0,2,20022,卖盘
11:21:46,100.12,0.01,26,260325,卖盘
11:21:49,100.11,-0.01,13,130549,卖盘
11:21:52,100.11,0.0,11,110121,卖盘
11:21:54,100.1,-0.01,14,140149,卖盘
11:21:58,100.09,-0.01,9,92687,卖盘
11:22:01,100.09,0.0,24,240257,卖盘
11:22:04,100.15,0.06,30,300445,买盘
11:22:07,100.15,0.0,20,200300,卖盘
11:22:10,100.15,0.0,11,110162,卖盘
11:22:13,100.14,-0.01,15,150176,买盘
11:22:16,100.09,-0.05,19,190209,卖盘
11:22:19,100.09,0.0,12,120115,卖盘
11:22:22,100.09,0.0,23,230209,卖盘
11:22:24,100.13,0.04,26,260264,买盘
11:22:28,100.14,0.01,22,220264,买盘
11:22:31,100.14,0.0,25,250258,买盘
11:22:34,100.1,-0.04,10,100098,买盘
11:22:37,100.1,0.0,6,60060,买盘
11:22:39,100.13,0.03,9,90090,买盘
11:22:43,100.13,0.0,10,100109,买盘
11:22:46,100.13,0.0,6,60078,卖盘
11:22:49,100.1,-0.03,3,30036,卖盘
11:22:55,100.1,0.0,1,10010,卖盘
11:22:58,100.13,0.03,9,90111,买盘
11:23:01,100.13,0.0,2,20026,卖盘
11:23:04,100.13,0.0,8,80107,卖盘
11:23:07,100.13,0.0,4,39248,卖盘
11:23:10,100.13,0.0,7,70092,卖盘
11:23:13,100.12,-0.01,9,90108,买盘
11:23:16,100.12,0.0,2,20024,买盘
11:23:19,100.1,-0.02,13,130148,卖盘
11:23:22,100.1,0.0,2,20020,卖盘
11:23:25,100.12,0.02,12,120142,买盘
11:23:28,100.11,-0.01,20,200209,买盘
11:23:31,100.11,0.0,29,290314,买盘
11:23:34,100.11,0.0,16,151864,买盘
11:23:37,100.1,-0.01,38,380382,卖盘
11:23:40,100.11,0.01,1,10011,中性盘
11:23:43,100.12,0.01,64,640558,买盘
11:23:49,100.05,-0.07,50,500375,卖盘
11:23:52,100.12,0.07,17,170113,买盘
11:23:55,100.12,0.0,5,50048,买盘
11:23:57,100.12,0.0,11,110132,买盘
11:24:01,100.12,0.0,10,100114,买盘
11:24:04,100.05,-0.07,6,60051,卖盘
11:24:07,100.1,0.05,1,10010,买盘
11:24:10,100.07,-0.03,18,180126,卖盘
11:24:13,100.07,0.0,21,210159,卖盘
11:24:19,100.0,-0.07,136,1360585,卖盘
11:24:22,100.05,0.05,1,15008,卖盘
11:24:25,100.04,-0.01,9,85038,卖盘
11:24:28,100.0,-0.04,138,1389027,卖盘
11:24:31,100.0,0.0,8,80002,卖盘
11:24:34,100.03,0.03,11,110018,买盘
11:24:37,99.98,-0.05,84,839946,卖盘
11:24:40,100.0,0.02,1,10000,买盘
11:24:43,100.0,0.0,35,349968,买盘
11:24:46,100.0,0.0,2,20000,卖盘
11:24:49,100.0,0.0,11,110002,卖盘
11:24:52,100.0,0.0,3,30000,卖盘
11:24:55,100.0,0.0,14,140010,卖盘
11:24:58,100.01,0.01,12,120011,买盘
11:25:01,99.99,-0.02,25,249993,卖盘
11:25:04,99.99,0.0,4,39998,买盘
11:25:07,100.0,0.01,1,10000,买盘
11:25:10,100.0,0.0,16,159988,买盘
11:25:12,99.99,-0.01,29,289965,中性盘
11:25:16,100.0,0.01,25,249980,买盘
11:25:19,100.0,0.0,5,50000,中性盘
11:25:22,100.0,0.0,12,120000,卖盘
11:25:25,99.99,-0.01,1,9999,卖盘
11:25:28,99.99,0.0,23,221606,卖盘
11:25:31,99.99,0.0,1,9999,卖盘
11:25:34,99.99,0.0,17,169985,卖盘
11:25:37,100.0,0.01,7,69999,买盘
11:25:40,99.99,-0.01,11,114895,卖盘
11:25:42,100.0,0.01,18,179993,买盘
11:25:46,100.0,0.0,5,49999,买盘
11:25:49,99.99,-0.01,14,139987,卖盘
11:25:52,99.99,0.0,1,9999,卖盘
11:25:55,100.0,0.01,3,30000,买盘
11:25:58,100.0,0.0,3,29999,买盘
11:26:01,99.99,-0.01,19,189992,卖盘
11:26:04,100.0,0.01,16,156296,买盘
11:26:07,99.99,-0.01,42,419963,卖盘
11:26:10,100.0,0.01,8,80000,买盘
11:26:12,100.0,0.0,25,249983,买盘
11:26:16,99.99,-0.01,22,227189,卖盘
11:26:19,99.98,-0.01,22,219968,卖盘
11:26:22,99.99,0.01,3,29997,买盘
11:26:25,99.99,0.0,9,89991,买盘
11:26:28,99.99,0.0,10,99982,买盘
11:26:31,99.98,-0.01,26,257859,卖盘
11:26:34,99.99,0.01,17,169976,买盘
11:26:37,99.98,-0.01,16,159971,卖盘
11:26:40,99.99,0.01,9,89991,买盘
11:26:43,99.98,-0.01,6,59993,卖盘
11:26:45,99.99,0.01,32,322768,买盘
11:26:49,99.98,-0.01,11,109987,卖盘
11:26:52,99.99,0.01,4,39993,中性盘
11:26:55,99.98,-0.01,12,119978,卖盘
11:26:58,100.0,0.02,42,419960,买盘
11:27:01,100.0,0.0,8,80000,买盘
11:27:04,100.0,0.0,7,69996,买盘
11:27:07,100.0,0.0,15,149999,买盘
11:27:10,100.0,0.0,12,120000,买盘
11:27:13,99.99,-0.01,18,179990,卖盘
11:27:16,100.0,0.01,18,180009,卖盘
11:27:19,100.0,0.0,13,130003,中性盘
11:27:22,100.02,0.02,8,80011,买盘
11:27:25,100.02,0.0,1,10002,买盘
11:27:28,100.02,0.0,3,30006,买盘
11:27:31,99.99,-0.03,199,1989877,卖盘
11:27:34,99.98,-0.01,15,149983,卖盘
11:27:37,99.98,0.0,14,139974,卖盘
11:27:40,99.99,0.01,3,29996,买盘
11:27:46,100.0,0.01,14,139986,买盘
11:27:49,100.0,0.0,3,30000,卖盘
11:27:52,100.0,0.0,4,39997,中性盘
11:27:55,99.99,-0.01,8,79999,卖盘
11:27:58,99.99,0.0,17,169988,卖盘
11:28:01,99.99,0.0,18,180004,卖盘
11:28:04,100.0,0.01,5,49997,买盘
11:28:07,100.0,0.0,1,10000,买盘
11:28:10,100.0,0.0,5,50000,买盘
11:28:12,99.99,-0.01,16,159984,卖盘
11:28:16,100.0,0.01,27,269988,买盘
11:28:22,100.0,0.0,8,80010,卖盘
11:28:25,100.0,0.0,23,230002,卖盘
11:28:30,100.01,0.01,9,90009,买盘
11:28:34,100.01,0.0,14,140004,卖盘
11:28:37,100.01,0.0,4,40004,买盘
11:28:40,99.98,-0.03,104,1039889,卖盘
11:28:43,100.01,0.03,1,10001,买盘
11:28:46,100.01,0.0,12,120015,买盘
11:28:48,100.02,0.01,9,88111,买盘
11:28:55,100.02,0.0,3,30006,卖盘
11:28:58,100.04,0.02,16,160041,买盘
11:29:01,100.04,0.0,14,140094,卖盘
11:29:04,100.05,0.01,6,60024,买盘
11:29:07,100.05,0.0,2,20009,买盘
11:29:10,100.05,0.0,44,440071,买盘
11:29:13,100.02,-0.03,5,50010,中性盘
11:29:16,100.08,0.06,34,340108,买盘
11:29:19,100.08,0.0,3,30024,卖盘
11:29:22,100.08,0.0,7,70056,卖盘
11:29:25,100.09,0.01,1,10009,买盘
11:29:28,100.09,0.0,3,30027,买盘
11:29:30,100.09,0.0,10,100090,买盘
11:29:34,100.09,0.0,3,30027,卖盘
11:29:37,100.09,0.0,2,20018,卖盘
11:29:40,100.08,-0.01,7,70060,卖盘
11:29:43,100.1,0.02,9,90090,买盘
11:29:45,100.09,-0.01,2,20019,卖盘
11:29:49,100.1,0.01,3,30030,买盘
11:29:52,100.08,-0.02,13,130104,卖盘
11:29:55,100.1,0.02,6,60060,买盘
11:29:58,100.09,-0.01,15,150134,买盘
13:00:01,100.1,0.01,20,200238,卖盘
13:00:04,100.12,0.02,99,990992,买盘
13:00:07,100.1,-0.02,94,940987,卖盘
13:00:10,100.09,-0.01,88,880856,卖盘
13:00:13,100.12,0.03,34,334551,买盘
13:00:16,100.12,0.0,11,108832,卖盘
13:00:19,100.13,0.01,4,41350,买盘
13:00:22,100.13,0.0,3,30039,买盘
13:00:25,100.12,-0.01,25,250321,卖盘
13:00:28,100.13,0.01,3,30039,买盘
13:00:31,100.14,0.01,15,150202,买盘
13:00:34,100.12,-0.02,33,330435,卖盘
13:00:37,100.13,0.01,5,50065,买盘
13:00:39,100.11,-0.02,22,220254,卖盘
13:00:42,100.12,0.01,39,390446,买盘
13:00:46,100.13,0.01,20,200250,买盘
13:00:49,100.12,-0.01,6,60072,卖盘
13:00:52,100.1,-0.02,9,97299,卖盘
13:00:54,100.12,0.02,42,420407,买盘
13:00:57,100.11,-0.01,27,270163,中性盘
13:01:01,100.15,0.04,41,410500,买盘
13:01:04,100.15,0.0,15,150205,买盘
13:01:07,100.15,0.0,2,20030,卖盘
13:01:10,100.18,0.03,2,20033,买盘
13:01:13,100.15,-0.03,19,190286,卖盘
13:01:16,100.15,0.0,11,110183,卖盘
13:01:18,100.16,0.01,2,20032,买盘
13:01:22,100.15,-0.01,11,110171,卖盘
13:01:25,100.16,0.01,10,92045,买盘
13:01:28,100.16,0.0,15,150241,买盘
13:01:34,100.17,0.01,6,60102,卖盘
13:01:37,100.18,0.01,2,20036,买盘
13:01:40,100.18,0.0,5,50090,买盘
13:01:43,100.18,0.0,4,40071,买盘
13:01:46,100.18,0.0,3,30054,买盘
13:01:49,100.18,0.0,25,250449,买盘
13:01:51,100.18,0.0,27,270508,卖盘
13:01:55,100.18,0.0,21,210378,卖盘
13:01:58,100.18,0.0,18,180326,卖盘
13:02:01,100.19,0.01,11,110209,买盘
13:02:04,100.19,0.0,13,130248,买盘
13:02:10,100.19,0.0,1,10019,卖盘
13:02:13,100.17,-0.02,17,170302,卖盘
13:02:16,100.18,0.01,14,140283,中性盘
13:02:19,100.19,0.01,9,90168,买盘
13:02:22,100.19,0.0,1,10019,卖盘
13:02:25,100.2,0.01,1,10020,买盘
13:02:28,100.2,0.0,1,10020,买盘
13:02:31,100.25,0.05,50,501128,买盘
13:02:34,100.19,-0.06,25,250512,卖盘
13:02:37,100.2,0.01,4,40079,买盘
13:02:40,100.19,-0.01,6,60114,卖盘
13:02:43,100.2,0.01,1,10020,买盘
13:02:46,100.18,-0.02,40,400803,卖盘
13:02:49,100.2,0.02,2,20040,买盘
13:02:51,100.2,0.0,1,10020,买盘
13:02:54,100.19,-0.01,6,60112,买盘
13:02:58,100.15,-0.04,19,190331,卖盘
13:03:01,100.19,0.04,12,120228,买盘
13:03:05,100.15,-0.04,19,190327,卖盘
13:03:07,100.16,0.01,21,210318,买盘
13:03:10,100.15,-0.01,3,30045,中性盘
13:03:13,100.15,0.0,7,70103,买盘
13:03:15,100.12,-0.03,13,130156,卖盘
13:03:19,100.12,0.0,12,128357,买盘
13:03:22,100.1,-0.02,13,121938,卖盘
13:03:25,100.1,0.0,1,10010,买盘
13:03:28,100.1,0.0,1,10010,买盘
13:03:31,100.1,0.0,10,100100,买盘
13:03:34,100.11,0.01,22,220221,买盘
13:03:37,100.1,-0.01,18,180177,卖盘
13:03:40,100.1,0.0,27,270240,买盘
13:03:43,100.11,0.01,5,50053,买盘
13:03:46,100.13,0.02,15,150181,买盘
13:03:49,100.13,0.0,38,380494,卖盘
13:03:52,100.14,0.01,2,20028,买盘
13:03:55,100.14,0.0,3,30042,买盘
13:03:58,100.13,-0.01,4,40053,卖盘
13:04:01,100.14,0.01,11,110154,买盘
13:04:05,100.14,0.0,27,270354,买盘
13:04:07,100.14,0.0,29,290384,买盘
13:04:10,100.14,0.0,8,80108,买盘
13:04:13,100.14,0.0,3,30042,买盘
13:04:16,100.14,0.0,27,270318,买盘
13:04:19,100.14,0.0,4,40053,买盘
13:04:22,100.13,-0.01,2,20027,中性盘
13:04:25,100.13,0.0,6,60078,买盘
13:04:28,100.13,0.0,3,30039,买盘
13:04:31,100.13,0.0,9,90117,买盘
13:04:34,100.11,-0.02,4,40048,卖盘
13:04:37,100.12,0.01,8,80094,中性盘
13:04:40,100.12,0.0,1,10012,买盘
13:04:43,100.12,0.0,1,10012,买盘
13:04:46,100.12,0.0,13,130156,买盘
13:04:49,100.12,0.0,6,60072,买盘
13:04:52,100.11,-0.01,22,220261,卖盘
13:04:58,100.11,0.0,10,100111,卖盘
13:05:05,100.12,0.01,12,120142,买盘
13:05:07,100.11,-0.01,12,120132,卖盘
13:05:10,100.06,-0.05,55,550521,卖盘
13:05:16,100.08,0.02,30,303128,卖盘
13:05:19,100.08,0.0,9,90072,买盘
13:05:22,100.07,-0.01,36,360188,中性盘
13:05:25,100.07,0.0,4,40028,买盘
13:05:28,100.06,-0.01,31,310215,卖盘
13:05:31,100.08,0.02,13,135326,卖盘
13:05:34,100.07,-0.01,27,270214,卖盘
13:05:37,100.07,0.0,10,92969,卖盘
13:05:40,100.08,0.01,5,51938,买盘
13:05:43,100.07,-0.01,10,100064,买盘
13:05:45,100.06,-0.01,29,290188,卖盘
13:05:48,100.06,0.0,33,330215,卖盘
13:05:52,100.07,0.01,13,130084,买盘
13:05:55,100.07,0.0,8,80051,买盘
13:05:58,100.07,0.0,38,380230,买盘
13:06:01,100.09,0.02,11,110087,买盘
13:06:04,100.09,0.0,10,100078,买盘
13:06:07,100.08,-0.01,33,330234,买盘
13:06:10,100.08,0.0,21,210139,买盘
13:06:13,100.08,0.0,31,310194,买盘
13:06:16,100.06,-0.02,21,210138,中性盘
13:06:19,100.06,0.0,8,80048,买盘
13:06:22,100.06,0.0,5,50031,买盘
13:06:25,100.06,0.0,1,10006,买盘
13:06:28,100.05,-0.01,19,190095,卖盘
13:06:31,100.06,0.01,9,90054,买盘
13:06:34,100.06,0.0,6,60036,买盘
13:06:37,100.05,-0.01,20,200101,卖盘
13:06:40,100.05,0.0,14,140077,买盘
13:06:43,100.04,-0.01,5,50020,买盘
13:06:46,100.04,0.0,20,200080,买盘
13:06:49,100.04,0.0,9,90036,卖盘
13:06:52,100.06,0.02,3,30018,买盘
13:06:55,100.04,-0.02,4,40018,卖盘
13:06:58,100.05,0.01,6,60029,买盘
13:07:01,100.06,0.01,5,50030,买盘
13:07:04,100.06,0.0,6,60032,买盘
13:07:07,100.05,-0.01,21,210113,卖盘
13:07:10,100.05,0.0,25,250104,买盘
13:07:13,100.05,0.0,13,130069,买盘
13:07:16,100.03,-0.02,17,170077,卖盘
13:07:19,100.04,0.01,3,30011,买盘
13:07:21,100.06,0.02,6,60032,买盘
13:07:25,100.06,0.0,4,40024,卖盘
13:07:31,100.08,0.02,11,110079,买盘
13:07:33,100.08,0.0,4,40028,买盘
13:07:36,100.06,-0.02,15,150094,卖盘
13:07:40,100.06,0.0,4,40024,买盘
13:07:43,100.06,0.0,3,30018,买盘
13:07:46,100.06,0.0,9,90054,买盘
13:07:49,100.06,0.0,5,50030,卖盘
13:07:52,100.08,0.02,10,100080,买盘
13:07:55,100.09,0.01,9,90076,买盘
13:07:58,100.09,0.0,1,10009,中性盘
13:08:01,100.09,0.0,11,110099,买盘
13:08:05,100.09,0.0,15,150130,买盘
13:08:07,100.09,0.0,12,120098,买盘
13:08:10,100.09,0.0,5,50043,买盘
13:08:13,100.09,0.0,6,60149,买盘
13:08:15,100.07,-0.02,17,169842,买盘
13:08:19,100.06,-0.01,7,70048,卖盘
13:08:22,100.06,0.0,1,10006,卖盘
13:08:25,100.06,0.0,26,260356,卖盘
13:08:28,100.06,0.0,8,79145,买盘
13:08:31,100.06,0.0,14,140084,买盘
13:08:34,100.05,-0.01,21,210133,卖盘
13:08:37,100.05,0.0,21,210109,卖盘
13:08:43,100.07,0.02,9,89863,买盘
13:08:45,100.08,0.01,4,40032,买盘
13:08:49,100.06,-0.02,26,260195,卖盘
13:08:52,100.09,0.03,2,20018,买盘
13:09:01,100.08,-0.01,7,70055,买盘
13:09:04,100.08,0.0,5,50041,卖盘
13:09:07,100.08,0.0,10,100081,卖盘
13:09:10,100.08,0.0,1,10008,买盘
13:09:13,100.08,0.0,7,70056,买盘
13:09:16,100.06,-0.02,27,270189,卖盘
13:09:19,100.08,0.02,5,50040,买盘
13:09:22,100.08,0.0,4,40032,买盘
13:09:25,100.08,0.0,1,10008,卖盘
13:09:31,100.09,0.01,21,210194,买盘
13:09:33,100.09,0.0,3,30027,卖盘
13:09:37,100.09,0.0,13,130119,卖盘
13:09:40,100.1,0.01,6,60056,买盘
13:09:43,100.09,-0.01,12,120118,卖盘
13:09:46,100.1,0.01,4,40039,买盘
13:09:49,100.1,0.0,7,70072,卖盘
13:09:52,100.09,-0.01,14,140139,卖盘
13:09:55,100.1,0.01,4,44542,中性盘
13:09:58,100.1,0.0,24,240258,买盘
13:10:00,100.09,-0.01,7,70066,卖盘
13:10:04,100.09,0.0,4,40039,卖盘
13:10:07,100.09,0.0,5,50045,买盘
13:10:10,100.1,0.01,5,50048,买盘
13:10:13,100.07,-0.03,35,350297,卖盘
13:10:16,100.08,0.01,17,170145,中性盘
13:10:19,100.09,0.01,3,30027,卖盘
13:10:22,100.1,0.01,1,10010,买盘
13:10:25,100.08,-0.02,15,150144,卖盘
13:10:28,100.08,0.0,6,56151,中性盘
13:10:31,100.06,-0.02,28,280199,买盘
13:10:34,100.08,0.02,3,30024,中性盘
13:10:37,100.08,0.0,28,277605,卖盘
13:10:40,100.07,-0.01,3,32424,卖盘
13:10:43,100.07,0.0,22,224460,卖盘
13:10:46,100.08,0.01,37,370327,卖盘
13:10:49,100.08,0.0,8,80063,中性盘
13:10:52,100.08,0.0,2,20015,买盘
13:10:55,100.06,-0.02,53,530362,卖盘
13:10:57,100.1,0.04,10,100096,买盘
13:11:01,100.07,-0.03,27,270252,卖盘
13:11:05,100.07,0.0,22,220149,买盘
13:11:07,100.06,-0.01,36,360226,卖盘
13:11:10,100.06,0.0,19,190114,买盘
13:11:13,100.06,0.0,24,240149,买盘
13:11:16,100.07,0.01,38,380239,买盘
13:11:19,100.07,0.0,1,10007,卖盘
13:11:21,100.07,0.0,3,30022,卖盘
13:11:25,100.08,0.01,2,20016,买盘
13:11:28,100.08,0.0,2,20016,买盘
13:11:31,100.08,0.0,6,60044,买盘
13:11:34,100.08,0.0,6,60045,买盘
13:11:37,100.07,-0.01,12,120085,卖盘
13:11:39,100.07,0.0,9,90063,买盘
13:11:43,100.07,0.0,20,200140,买盘
13:11:46,100.07,0.0,5,50035,买盘
13:11:49,100.07,0.0,1,10007,买盘
13:11:52,100.07,0.0,12,120084,买盘
13:11:55,100.07,0.0,33,330231,买盘
13:11:58,100.07,0.0,2,20014,卖盘
13:12:01,100.07,0.0,5,50037,卖盘
13:12:05,100.07,0.0,24,240168,卖盘
13:12:07,100.07,0.0,60,600389,卖盘
13:12:10,100.07,0.0,8,80056,买盘
13:12:12,100.07,0.0,18,180126,买盘
13:12:16,100.06,-0.01,5,46529,卖盘
13:12:19,100.07,0.01,30,300193,买盘
13:12:22,100.07,0.0,9,90063,买盘
13:12:25,100.06,-0.01,4,40026,卖盘
13:12:28,100.07,0.01,2,20014,买盘
13:12:31,100.06,-0.01,4,40026,卖盘
13:12:34,100.08,0.02,8,80062,买盘
13:12:37,100.07,-0.01,32,320224,卖盘
13:12:40,100.07,0.0,16,160126,卖盘
13:12:43,100.07,0.0,5,50036,卖盘
13:12:45,100.08,0.01,1,10008,买盘
13:12:49,100.07,-0.01,8,80060,卖盘
13:12:52,100.08,0.01,1,10008,买盘
13:12:55,100.09,0.01,11,110089,买盘
13:12:57,100.09,0.0,2,20018,买盘
13:13:01,100.09,0.0,8,80072,买盘
13:13:04,100.09,0.0,8,80069,买盘
13:13:07,100.08,-0.01,22,220178,卖盘
13:13:10,100.07,-0.01,10,100077,卖盘
13:13:13,100.07,0.0,9,90068,卖盘
13:13:16,100.08,0.01,1,10008,买盘
13:13:19,100.07,-0.01,19,190135,卖盘
13:13:21,100.06,-0.01,23,230147,卖盘
13:13:25,100.06,0.0,92,920559,卖盘
13:13:28,100.07,0.01,30,300184,买盘
13:13:30,100.07,0.0,10,102068,卖盘
13:13:34,100.06,-0.01,11,110073,卖盘
13:13:37,100.06,0.0,20,198120,卖盘
13:13:40,100.05,-0.01,45,456189,卖盘
13:13:43,100.06,0.01,4,40024,卖盘
13:13:49,100.06,0.0,8,73953,卖盘
13:13:52,100.08,0.02,6,60045,买盘
13:13:55,100.06,-0.02,11,116172,卖盘
13:13:58,100.06,0.0,1,10006,卖盘
13:14:01,100.06,0.0,2,20012,买盘
13:14:04,100.06,0.0,17,170089,买盘
13:14:07,100.05,-0.01,21,205108,卖盘
13:14:10,100.05,0.0,2,20010,买盘
13:14:13,100.05,0.0,6,60030,卖盘
13:14:16,100.05,0.0,2,20010,买盘
13:14:19,100.05,0.0,26,260118,买盘
13:14:22,100.05,0.0,4,40020,中性盘
13:14:25,100.05,0.0,14,140066,买盘
13:14:28,100.04,-0.01,35,350142,卖盘
13:14:30,100.04,0.0,9,90036,买盘
13:14:34,100.04,0.0,7,70024,买盘
13:14:37,100.02,-0.02,35,350095,卖盘
13:14:40,100.02,0.0,23,230062,卖盘
13:14:42,100.02,0.0,6,56514,卖盘
13:14:46,100.03,0.01,10,100028,买盘
13:14:49,100.02,-0.01,2,20005,卖盘
13:14:54,100.02,0.0,3,30008,卖盘
13:14:58,100.02,0.0,10,103521,卖盘
13:15:01,100.02,0.0,1,10002,买盘
13:15:05,100.02,0.0,4,40006,买盘
13:15:07,100.02,0.0,3,30006,买盘
13:15:10,100.01,-0.01,31,306545,卖盘
13:15:13,100.02,0.01,3,30006,卖盘
13:15:16,100.02,0.0,4,40008,买盘
13:15:19,100.01,-0.01,38,380047,卖盘
13:15:25,100.0,-0.01,71,710066,卖盘
13:15:28,100.01,0.01,7,70008,中性盘
13:15:31,100.0,-0.01,3,36800,卖盘
13:15:34,100.0,0.0,3,30000,卖盘
13:15:37,100.0,0.0,27,270002,卖盘
13:15:40,100.0,0.0,2,20000,卖盘
13:15:43,100.01,0.01,34,334601,买盘
13:15:46,100.01,0.0,11,110011,买盘
13:15:49,100.01,0.0,1,10001,买盘
13:15:52,100.01,0.0,2,20002,买盘
13:15:55,100.01,0.0,6,64603,买盘
13:15:58,100.01,0.0,34,340034,买盘
13:16:01,100.01,0.0,1,10001,卖盘
13:16:05,100.01,0.0,3,30003,卖盘
13:16:07,100.01,0.0,29,290031,卖盘
13:16:10,100.01,0.0,1,10001,卖盘
13:16:16,100.01,0.0,1,10001,卖盘
13:16:19,100.01,0.0,17,170017,卖盘
13:16:22,100.02,0.01,2,20004,买盘
13:16:25,100.02,0.0,1,10002,买盘
13:16:28,100.02,0.0,21,211333,买盘
13:16:31,100.02,0.0,5,50010,买盘
13:16:34,100.02,0.0,9,90012,中性盘
13:16:37,100.03,0.01,7,70016,买盘
13:16:40,100.03,0.0,14,140029,买盘
13:16:43,100.03,0.0,4,40012,买盘
13:16:46,100.02,-0.01,2,20005,卖盘
13:16:49,100.03,0.01,1,10003,买盘
13:16:52,100.02,-0.01,3,30006,卖盘
13:16:55,100.03,0.01,31,310054,买盘
13:16:58,100.03,0.0,15,150059,卖盘
13:17:01,100.04,0.01,1,10004,买盘
13:17:04,100.03,-0.01,3,30009,卖盘
13:17:07,100.03,0.0,19,190058,卖盘
13:17:09,100.03,0.0,3,30009,中性盘
13:17:13,100.03,0.0,5,42210,买盘
13:17:16,100.03,0.0,1,10003,买盘
13:17:19,100.01,-0.02,40,400054,卖盘
13:17:22,100.02,0.01,15,150042,中性盘
13:17:25,100.02,0.0,6,64709,买盘
13:17:28,100.02,0.0,3,30006,买盘
13:17:30,100.02,0.0,1,10002,买盘
13:17:34,100.01,-0.01,2,20002,卖盘
13:17:37,100.02,0.01,9,85214,买盘
13:17:40,100.01,-0.01,23,230029,卖盘
13:17:43,100.01,0.0,4,40005,卖盘
13:17:46,100.02,0.01,1,10002,买盘
13:17:52,100.02,0.0,2,20004,买盘
13:17:58,100.02,0.0,1,10002,买盘
13:18:01,100.02,0.0,10,100417,买盘
13:18:04,100.01,-0.01,5,50007,卖盘
13:18:07,100.02,0.01,4,40008,买盘
13:18:10,100.02,0.0,25,250033,买盘
13:18:12,100.02,0.0,7,70013,买盘
13:18:16,100.02,0.0,18,180034,买盘
13:18:19,100.02,0.0,45,458549,买盘
13:18:22,100.02,0.0,8,80016,买盘
13:18:25,100.01,-0.01,5,50009,卖盘
13:18:28,100.02,0.01,57,570061,买盘
13:18:31,100.03,0.01,10,100021,买盘
13:18:34,100.01,-0.02,6,60007,卖盘
13:18:37,100.03,0.02,9,90025,买盘
13:18:40,100.03,0.0,33,330037,买盘
13:18:43,100.03,0.0,4,40010,中性盘
13:18:49,100.03,0.0,2,20006,买盘
13:18:52,100.03,0.0,12,120037,买盘
13:18:55,100.03,0.0,6,60018,卖盘
13:19:00,100.04,0.01,38,380106,买盘
13:19:04,100.04,0.0,10,100030,买盘
13:19:07,100.01,-0.03,8,80012,卖盘
13:19:10,100.03,0.02,19,190025,买盘
13:19:13,100.03,0.0,4,40012,买盘
13:19:16,100.02,-0.01,29,282641,卖盘
13:19:19,100.01,-0.01,23,230037,卖盘
13:19:22,100.03,0.02,9,90027,买盘
13:19:25,100.02,-0.01,3,30006,中性盘
13:19:28,100.03,0.01,2,20006,卖盘
13:19:34,100.04,0.01,5,50017,买盘
13:19:37,100.04,0.0,1,10004,买盘
13:19:40,100.03,-0.01,32,320102,卖盘
13:19:43,100.04,0.01,16,157751,买盘
13:19:45,100.03,-0.01,26,262398,卖盘
13:19:48,100.03,0.0,8,80024,买盘
13:19:52,100.03,0.0,1,10003,买盘
13:19:55,100.02,-0.01,5,50012,卖盘
13:19:58,100.03,0.01,6,60018,买盘
13:20:01,100.03,0.0,3,30009,买盘
13:20:04,100.03,0.0,9,90023,买盘
13:20:07,100.03,0.0,13,133137,买盘
13:20:10,100.03,0.0,35,347788,买盘
13:20:13,100.03,0.0,5,50015,卖盘
13:20:19,100.03,0.0,18,180057,卖盘
13:20:22,100.03,0.0,17,170055,卖盘
13:20:24,100.04,0.01,29,290107,买盘
13:20:28,100.04,0.0,8,84027,买盘
13:20:31,100.05,0.01,52,517901,买盘
13:20:34,100.06,0.01,22,220099,买盘
13:20:37,100.06,0.0,2,20012,买盘
13:20:40,100.05,-0.01,5,50025,卖盘
13:20:43,100.05,0.0,31,310155,买盘
13:20:49,100.06,0.01,2,20012,买盘
13:20:52,100.06,0.0,1,10006,买盘
13:20:55,100.06,0.0,5,50030,买盘
13:20:58,100.05,-0.01,47,470236,卖盘
13:21:01,100.06,0.01,10,97549,买盘
13:21:05,100.04,-0.02,33,330142,卖盘
13:21:07,100.06,0.02,2,20012,买盘
13:21:10,100.05,-0.01,8,80040,卖盘
13:21:13,100.05,0.0,9,90045,买盘
13:21:16,100.05,0.0,5,50025,买盘
13:21:19,100.05,0.0,46,460213,买盘
13:21:22,100.05,0.0,2,20010,中性盘
13:21:28,100.05,0.0,11,110065,卖盘
13:21:31,100.06,0.01,15,150090,买盘
13:21:34,100.06,0.0,4,40027,卖盘
13:21:37,100.06,0.0,9,90054,卖盘
13:21:40,100.06,0.0,16,160096,买盘
13:21:43,100.06,0.0,13,130078,买盘
13:21:46,100.09,0.03,21,210156,买盘
13:21:49,100.09,0.0,5,50037,买盘
13:21:52,100.09,0.0,3,30024,买盘
13:21:58,100.08,-0.01,1,10008,买盘
13:22:01,100.08,0.0,6,60048,买盘
13:22:05,100.08,0.0,23,230204,卖盘
13:22:07,100.08,0.0,36,360334,卖盘
13:22:10,100.08,0.0,24,240205,卖盘
13:22:13,100.1,0.02,1,10010,买盘
13:22:16,100.1,0.0,31,310310,买盘
13:22:19,100.08,-0.02,30,300270,卖盘
13:22:22,100.1,0.02,22,220218,买盘
13:22:25,100.1,0.0,3,30030,卖盘
13:22:28,100.11,0.01,1,10011,买盘
13:22:31,100.11,0.0,14,140154,买盘
13:22:33,100.09,-0.02,18,180176,卖盘
13:22:39,100.08,-0.01,29,290272,卖盘
13:22:43,100.08,0.0,7,70068,卖盘
13:22:46,100.08,0.0,23,230219,卖盘
13:22:49,100.09,0.01,1,10009,中性盘
13:22:51,100.08,-0.01,5,50052,卖盘
13:22:55,100.14,0.06,2,20028,买盘
13:22:58,100.14,0.0,5,49552,买盘
13:23:05,100.12,-0.02,3,30036,卖盘
13:23:07,100.14,0.02,43,430583,买盘
13:23:10,100.14,0.0,12,120168,卖盘
13:23:15,100.15,0.01,1,10015,买盘
13:23:19,100.15,0.0,11,110162,买盘
13:23:22,100.15,0.0,34,340494,买盘
13:23:25,100.15,0.0,2,20031,卖盘
13:23:34,100.15,0.0,3,30047,卖盘
13:23:37,100.16,0.01,4,40064,卖盘
13:23:40,100.16,0.0,16,160252,买盘
13:23:43,100.15,-0.01,18,180286,卖盘
13:23:46,100.15,0.0,18,180274,卖盘
13:23:49,100.17,0.02,6,60102,卖盘
13:23:51,100.19,0.02,2,20038,买盘
13:23:55,100.19,0.0,11,110201,买盘
13:23:58,100.19,0.0,2,20038,卖盘
13:24:05,100.2,0.01,16,160317,买盘
13:24:07,100.2,0.0,5,50100,卖盘
13:24:10,100.2,0.0,14,140280,卖盘
13:24:16,100.24,0.04,2,20047,买盘
13:24:22,100.2,-0.04,9,89790,卖盘
13:24:25,100.21,0.01,7,70147,买盘
13:24:28,100.21,0.0,3,30063,买盘
13:24:31,100.21,0.0,27,270546,买盘
13:24:34,100.21,0.0,4,40084,卖盘
13:24:37,100.21,0.0,11,110233,卖盘
13:24:40,100.25,0.04,23,230514,买盘
13:24:43,100.25,0.0,17,177686,买盘
13:24:46,100.25,0.0,2,20050,买盘
13:24:49,100.23,-0.02,15,150355,卖盘
13:24:52,100.23,0.0,2,20048,卖盘
13:24:55,100.25,0.02,1,10025,买盘
13:24:57,100.25,0.0,8,80200,买盘
13:25:01,100.25,0.0,3,30075,卖盘
13:25:04,100.25,0.0,2,20050,卖盘
13:25:07,100.28,0.03,2,20056,买盘
13:25:10,100.28,0.0,20,200516,买盘
13:25:13,100.28,0.0,13,130334,买盘
13:25:16,100.28,0.0,3,30082,买盘
13:25:19,100.27,-0.01,2,20054,中性盘
13:25:22,100.27,0.0,22,220593,买盘
13:25:25,100.27,0.0,12,112400,买盘
13:25:28,100.27,0.0,17,170449,买盘
13:25:31,100.28,0.01,4,40109,买盘
13:25:34,100.28,0.0,9,90245,买盘
13:25:37,100.29,0.01,2,20057,买盘
13:25:40,100.27,-0.02,16,160436,卖盘
13:25:43,100.3,0.03,6,60179,买盘
13:25:45,100.27,-0.03,36,360979,卖盘
13:25:49,100.3,0.03,1,10030,卖盘
13:25:52,100.29,-0.01,9,90261,买盘
13:25:55,100.3,0.01,6,60180,买盘
13:25:58,100.3,0.0,31,310850,买盘
13:26:01,100.3,0.0,7,70204,买盘
13:26:05,100.28,-0.02,5,50149,卖盘
13:26:07,100.34,0.06,1,10034,买盘
13:26:10,100.28,-0.06,8,80224,卖盘
13:26:12,100.28,0.0,13,130364,买盘
13:26:19,100.34,0.06,33,330913,买盘
13:26:22,100.28,-0.06,24,240709,中性盘
13:26:25,100.29,0.01,19,190551,买盘
13:26:28,100.29,0.0,8,80230,买盘
13:26:31,100.29,0.0,7,70202,买盘
13:26:34,100.34,0.05,33,330966,买盘
13:26:37,100.29,-0.05,9,90288,卖盘
13:26:40,100.29,0.0,9,90261,买盘
13:26:43,100.29,0.0,14,140394,买盘
13:26:46,100.29,0.0,4,40115,买盘
13:26:49,100.29,0.0,1,10029,买盘
13:26:52,100.29,0.0,2,20058,买盘
13:26:58,100.29,0.0,6,60174,买盘
13:27:00,100.29,0.0,2,20058,买盘
13:27:04,100.28,-0.01,4,40113,卖盘
13:27:07,100.29,0.01,7,75915,买盘
13:27:10,100.28,-0.01,8,74508,卖盘
13:27:13,100.28,0.0,5,50140,买盘
13:27:16,100.28,0.0,4,40111,买盘
13:27:19,100.28,0.0,5,50138,买盘
13:27:22,100.28,0.0,13,130364,买盘
13:27:25,100.28,0.0,21,210557,买盘
13:27:28,100.27,-0.01,4,40111,中性盘
13:27:31,100.26,-0.01,1,10026,卖盘
13:27:34,100.25,-0.01,17,170438,卖盘
13:27:37,100.28,0.03,1,17348,买盘
13:27:40,100.27,-0.01,8,72902,卖盘
13:27:43,100.28,0.01,19,190514,买盘
13:27:46,100.25,-0.03,4,40107,卖盘
13:27:52,100.27,0.02,6,60160,买盘
13:27:55,100.27,0.0,7,70189,买盘
13:27:58,100.27,0.0,5,50134,买盘
13:28:01,100.27,0.0,3,30081,买盘
13:28:04,100.27,0.0,22,220572,买盘
13:28:07,100.27,0.0,6,60760,买盘
13:28:10,100.26,-0.01,6,60157,卖盘
13:28:12,100.26,0.0,1,10026,买盘
13:28:16,100.26,0.0,17,170440,买盘
13:28:19,100.25,-0.01,102,1022551,卖盘
13:28:22,100.27,0.02,23,233586,买盘
13:28:25,100.27,0.0,8,83222,买盘
13:28:28,100.27,0.0,6,60162,卖盘
13:28:31,100.27,0.0,6,60162,卖盘
13:28:34,100.27,0.0,3,30081,卖盘
13:28:36,100.28,0.01,8,80223,中性盘
13:28:40,100.27,-0.01,4,40115,卖盘
13:28:43,100.27,0.0,18,177481,卖盘
13:28:46,100.27,0.0,20,200508,买盘
13:28:49,100.25,-0.02,10,97938,卖盘
13:28:51,100.27,0.02,17,170401,买盘
13:28:54,100.26,-0.01,7,70182,卖盘
13:28:58,100.23,-0.03,15,152673,卖盘
13:29:01,100.21,-0.02,48,479201,卖盘
13:29:04,100.18,-0.03,18,185264,卖盘
13:29:07,100.19,0.01,4,40076,卖盘
13:29:10,100.23,0.04,47,470885,买盘
13:29:13,100.19,-0.04,16,160283,买盘
13:29:15,100.26,0.07,2,20052,卖盘
13:29:22,100.26,0.0,3,30068,买盘
13:29:28,100.2,-0.06,4,40080,卖盘
13:29:31,100.2,0.0,2,20040,卖盘
13:29:34,100.18,-0.02,12,115730,卖盘
13:29:37,100.17,-0.01,4,40068,卖盘
13:29:40,100.18,0.01,3,30056,卖盘
13:29:43,100.16,-0.02,6,60100,卖盘
13:29:46,100.19,0.03,8,80137,中性盘
13:29:49,100.15,-0.04,7,70108,卖盘
13:29:52,100.2,0.05,4,40070,买盘
13:29:55,100.15,-0.05,8,86730,卖盘
13:29:58,100.2,0.05,11,110175,买盘
13:30:01,100.2,0.0,3,30060,买盘
13:30:05,100.15,-0.05,2,20030,卖盘
13:30:07,100.2,0.05,11,104466,买盘
13:30:10,100.2,0.0,10,100175,买盘
13:30:12,100.19,-0.01,28,279530,买盘
13:30:16,100.17,-0.02,6,65311,中性盘
13:30:19,100.14,-0.03,1,10014,卖盘
13:30:22,100.14,0.0,19,190269,卖盘
13:30:28,100.15,0.01,1,6410,卖盘
13:30:34,100.15,0.0,4,40060,卖盘
13:30:37,100.19,0.04,35,353658,买盘
13:30:40,100.19,0.0,4,40076,买盘
13:30:43,100.15,-0.04,11,110766,卖盘
13:30:45,100.15,0.0,3,30045,买盘
13:30:49,100.19,0.04,1,10019,买盘
13:30:51,100.19,0.0,2,20038,买盘
13:30:57,100.19,0.0,1,10019,买盘
13:31:01,100.19,0.0,1,10019,买盘
13:31:04,100.16,-0.03,5,50084,卖盘
13:31:07,100.19,0.03,2,20037,买盘
13:31:09,100.16,-0.03,22,220358,卖盘
13:31:16,100.16,0.0,3,23838,卖盘
13:31:22,100.16,0.0,5,50087,卖盘
13:31:28,100.16,0.0,4,44872,卖盘
13:31:33,100.16,0.0,3,30048,卖盘
13:31:36,100.17,0.01,4,40068,买盘
13:31:43,100.17,0.0,7,70113,买盘
13:31:46,100.2,0.03,14,140251,买盘
13:31:49,100.2,0.0,5,50091,买盘
13:31:51,100.17,-0.03,9,90159,卖盘
13:32:01,100.18,0.01,1,10018,卖盘
13:32:04,100.17,-0.01,3,30051,卖盘
13:32:07,100.17,0.0,28,281853,卖盘
13:32:10,100.14,-0.03,11,104959,卖盘
13:32:13,100.14,0.0,12,120466,买盘
13:32:16,100.14,0.0,7,70094,买盘
13:32:18,100.14,0.0,3,30042,买盘
13:32:22,100.14,0.0,14,140190,买盘
13:32:25,100.14,0.0,2,20028,卖盘
13:32:28,100.15,0.01,1,10015,买盘
13:32:34,100.14,-0.01,2,20028,卖盘
13:32:37,100.15,0.01,2,20030,买盘
13:32:40,100.15,0.0,2,20030,买盘
13:32:43,100.14,-0.01,21,210294,卖盘
13:32:49,100.14,0.0,1,10014,卖盘
13:32:52,100.15,0.01,6,60089,买盘
13:32:55,100.14,-0.01,16,160227,卖盘
13:32:58,100.14,0.0,5,50070,买盘
13:33:01,100.14,0.0,1,10014,买盘
13:33:04,100.14,0.0,9,90123,买盘
13:33:07,100.14,0.0,1,10014,买盘
13:33:10,100.14,0.0,4,40056,买盘
13:33:12,100.13,-0.01,10,99830,卖盘
13:33:16,100.13,0.0,2,20027,卖盘
13:33:19,100.13,0.0,14,140182,买盘
13:33:22,100.12,-0.01,5,50064,卖盘
13:33:25,100.12,0.0,11,110132,卖盘
13:33:28,100.12,0.0,2,20024,买盘
13:33:31,100.12,0.0,6,60072,买盘
13:33:34,100.11,-0.01,9,96109,卖盘
13:33:37,100.12,0.01,2,20024,买盘
13:33:40,100.12,0.0,12,120144,买盘
13:33:43,100.11,-0.01,12,120134,卖盘
13:33:46,100.11,0.0,33,326255,卖盘
13:33:49,100.11,0.0,10,99605,卖盘
13:33:52,100.12,0.01,3,30036,买盘
13:33:55,100.11,-0.01,15,150175,卖盘
13:33:57,100.12,0.01,30,300332,买盘
13:34:01,100.12,0.0,9,93305,买盘
13:34:04,100.1,-0.02,5,50053,卖盘
13:34:07,100.11,0.01,3,30033,买盘
13:34:10,100.12,0.01,58,580639,买盘
13:34:13,100.11,-0.01,36,360381,中性盘
13:34:16,100.1,-0.01,54,540543,卖盘
13:34:19,100.1,0.0,7,70075,卖盘
13:34:22,100.12,0.02,2,20024,买盘
13:34:28,100.12,0.0,3,30036,买盘
13:34:31,100.12,0.0,6,60072,买盘
13:34:34,100.11,-0.01,3,30033,卖盘
13:34:37,100.17,0.06,1,10017,买盘
13:34:39,100.11,-0.06,15,150177,卖盘
13:34:43,100.11,0.0,13,130143,卖盘
13:34:46,100.11,0.0,5,45749,买盘
13:34:49,100.11,0.0,1,10011,买盘
13:34:52,100.11,0.0,3,30032,买盘
13:34:55,100.11,0.0,8,83188,买盘
13:34:58,100.11,0.0,22,220258,买盘
13:35:05,100.11,0.0,2,20022,卖盘
13:35:07,100.12,0.01,1,10012,买盘
13:35:10,100.12,0.0,1,10012,买盘
13:35:13,100.11,-0.01,8,80088,卖盘
13:35:16,100.11,0.0,1,10011,买盘
13:35:19,100.11,0.0,4,40044,买盘
13:35:21,100.11,0.0,5,50055,买盘
13:35:25,100.11,0.0,1,10011,买盘
13:35:28,100.1,-0.01,11,103807,卖盘
13:35:34,100.1,0.0,29,290313,卖盘
13:35:37,100.11,0.01,3,30032,买盘
13:35:40,100.1,-0.01,11,110123,卖盘
13:35:43,100.1,0.0,10,100100,卖盘
13:35:46,100.11,0.01,1,10011,买盘
13:35:49,100.11,0.0,8,80088,买盘
13:35:52,100.11,0.0,2,20022,买盘
13:35:58,100.11,0.0,1,10011,买盘
13:36:01,100.1,-0.01,24,240243,卖盘
13:36:04,100.1,0.0,3,30030,卖盘
13:36:07,100.1,0.0,6,60063,卖盘
13:36:13,100.11,0.01,23,230243,买盘
13:36:16,100.11,0.0,4,40044,买盘
13:36:19,100.1,-0.01,5,50050,卖盘
13:36:22,100.11,0.01,3,30033,买盘
13:36:25,100.1,-0.01,6,67568,卖盘
13:36:31,100.1,0.0,9,90090,买盘
13:36:34,100.09,-0.01,16,160157,卖盘
13:36:36,100.1,0.01,7,70065,买盘
13:36:40,100.1,0.0,2,20020,买盘
13:36:43,100.1,0.0,14,140129,买盘
13:36:46,100.1,0.0,10,100100,买盘
13:36:48,100.1,0.0,6,60060,买盘
13:36:52,100.1,0.0,2,20020,买盘
13:36:55,100.1,0.0,2,20020,买盘
13:36:58,100.09,-0.01,14,140137,卖盘
13:37:01,100.1,0.01,6,60057,买盘
13:37:05,100.09,-0.01,14,133922,卖盘
13:37:07,100.1,0.01,2,20020,买盘
13:37:13,100.09,-0.01,12,120108,卖盘
13:37:16,100.1,0.01,15,153650,买盘
13:37:19,100.1,0.0,12,120120,买盘
13:37:22,100.09,-0.01,32,322995,卖盘
13:37:25,100.09,0.0,28,280252,买盘
13:37:28,100.09,0.0,2,17316,买盘
13:37:31,100.09,0.0,14,142819,卖盘
13:37:34,100.08,-0.01,6,60052,卖盘
13:37:37,100.09,0.01,4,40036,买盘
13:37:40,100.08,-0.01,6,60048,卖盘
13:37:43,100.08,0.0,23,230184,卖盘
13:37:46,100.09,0.01,33,330275,买盘
13:37:49,100.09,0.0,7,70063,买盘
13:37:52,100.08,-0.01,5,47540,卖盘
13:37:55,100.09,0.01,2,20018,买盘
13:37:58,100.09,0.0,1,10009,买盘
13:38:01,100.09,0.0,1,10009,买盘
13:38:04,100.07,-0.02,26,262715,卖盘
13:38:07,100.08,0.01,2,20016,买盘
13:38:10,100.08,0.0,5,50040,买盘
13:38:13,100.09,0.01,21,210160,买盘
13:38:16,100.08,-0.01,4,40032,中性盘
13:38:19,100.09,0.01,27,270183,买盘
13:38:22,100.09,0.0,7,70063,买盘
13:38:25,100.09,0.0,1,10009,买盘
13:38:31,100.09,0.0,1,10009,买盘
13:38:34,100.06,-0.03,4,40030,卖盘
13:38:36,100.09,0.03,3,30026,买盘
13:38:40,100.08,-0.01,6,60048,卖盘
13:38:43,100.07,-0.01,4,40031,卖盘
13:38:46,100.07,0.0,3,27019,卖盘
13:38:52,100.08,0.01,2,20016,买盘
13:38:55,100.08,0.0,8,78462,买盘
13:38:58,100.08,0.0,25,250200,买盘
13:39:01,100.08,0.0,12,120096,卖盘
13:39:04,100.09,0.01,16,158447,买盘
13:39:07,100.09,0.0,9,90081,买盘
13:39:10,100.09,0.0,2,20018,买盘
13:39:12,100.09,0.0,3,30027,买盘
13:39:16,100.09,0.0,6,60054,买盘
13:39:19,100.09,0.0,4,40036,买盘
13:39:22,100.09,0.0,26,260234,买盘
13:39:24,100.09,0.0,1,10009,中性盘
13:39:31,100.11,0.02,6,60066,买盘
13:39:33,100.1,-0.01,3,30030,卖盘
13:39:37,100.11,0.01,1,10011,买盘
13:39:40,100.11,0.0,3,30033,卖盘
13:39:43,100.11,0.0,2,20022,卖盘
13:39:46,100.11,0.0,3,30033,卖盘
13:39:52,100.15,0.04,12,120177,买盘
13:39:55,100.12,-0.03,2,20024,买盘
13:39:58,100.12,0.0,1,10012,买盘
13:40:01,100.12,0.0,1,10012,买盘
13:40:04,100.11,-0.01,3,30033,卖盘
13:40:07,100.12,0.01,3,30035,买盘
13:40:09,100.12,0.0,6,68177,买盘
13:40:12,100.12,0.0,1,10012,买盘
13:40:16,100.11,-0.01,5,50058,买盘
13:40:19,100.12,0.01,11,110132,买盘
13:40:22,100.12,0.0,7,70084,买盘
13:40:28,100.12,0.0,1,10012,卖盘
13:40:34,100.15,0.03,15,150198,买盘
13:40:37,100.13,-0.02,7,70099,中性盘
13:40:40,100.13,0.0,1,10013,买盘
13:40:43,100.13,0.0,22,220259,买盘
13:40:46,100.13,0.0,9,90117,卖盘
13:40:49,100.13,0.0,5,50065,买盘
13:40:51,100.13,0.0,7,70094,卖盘
13:40:55,100.12,-0.01,7,70089,卖盘
13:40:58,100.14,0.02,1,10014,卖盘
13:41:01,100.14,0.0,1,10014,卖盘
13:41:04,100.13,-0.01,6,58079,卖盘
13:41:07,100.15,0.02,2,20030,买盘
13:41:10,100.13,-0.02,6,60079,卖盘
13:41:12,100.15,0.02,2,20030,买盘
13:41:16,100.15,0.0,1,10015,买盘
13:41:21,100.15,0.0,3,30045,买盘
13:41:25,100.15,0.0,17,170255,买盘
13:41:28,100.15,0.0,2,20030,买盘
13:41:31,100.15,0.0,10,100150,买盘
13:41:34,100.14,-0.01,5,50071,卖盘
13:41:36,100.15,0.01,3,30045,买盘
13:41:40,100.15,0.0,17,170255,买盘
13:41:43,100.15,0.0,4,40060,买盘
13:41:46,100.15,0.0,10,100150,买盘
13:41:49,100.15,0.0,2,20030,买盘
13:41:51,100.15,0.0,3,30045,买盘
13:41:55,100.15,0.0,9,90135,买盘
13:41:58,100.16,0.01,13,130196,买盘
13:42:01,100.16,0.0,2,20032,买盘
13:42:04,100.15,-0.01,5,50076,卖盘
13:42:07,100.16,0.01,2,20032,买盘
13:42:10,100.16,0.0,1,10016,买盘
13:42:19,100.17,0.01,1,10017,买盘
13:42:22,100.17,0.0,6,60102,买盘
13:42:25,100.16,-0.01,1,10016,卖盘
13:42:28,100.17,0.01,3,30051,买盘
13:42:31,100.16,-0.01,28,280453,卖盘
13:42:34,100.16,0.0,2,20032,卖盘
13:42:37,100.17,0.01,3,30051,买盘
13:42:40,100.17,0.0,12,117093,买盘
