time,price,change,volume,amount,type
09:25:01,102.45,0.5,347,3555015,卖盘
09:30:01,102.45,0.0,50,514868,买盘
09:30:04,102.43,-0.02,99,1010858,卖盘
09:30:07,102.4,-0.03,93,952213,中性盘
09:30:10,102.44,0.04,89,911338,买盘
09:30:13,102.44,0.0,15,153620,买盘
09:30:16,102.35,-0.09,14,143320,卖盘
09:30:19,102.43,0.08,25,256036,买盘
09:30:22,102.3,-0.13,1,10230,卖盘
09:30:25,102.3,0.0,7,71618,卖盘
09:30:28,102.3,0.0,1,10230,买盘
09:30:31,102.19,-0.11,19,194312,卖盘
09:30:34,102.19,0.0,2,20438,卖盘
09:30:37,102.3,0.11,39,398942,买盘
09:30:40,102.12,-0.18,1,10212,卖盘
09:30:43,102.12,0.0,3,30636,买盘
09:30:46,102.09,-0.03,2,20418,卖盘
09:30:49,102.08,-0.01,6,61262,卖盘
09:30:52,102.12,0.04,15,153233,中性盘
09:30:55,102.2,0.08,19,194160,买盘
09:30:58,102.19,-0.01,11,112427,卖盘
09:31:01,102.21,0.02,15,153293,卖盘
09:31:05,102.25,0.04,10,102224,买盘
09:31:07,102.2,-0.05,27,275964,卖盘
09:31:10,102.25,0.05,7,74234,卖盘
09:31:12,102.25,0.0,34,347709,卖盘
09:31:16,102.25,0.0,22,224950,卖盘
09:31:19,102.25,0.0,15,153383,卖盘
09:31:22,102.3,0.05,5,51149,买盘
09:31:25,102.3,0.0,2,20460,卖盘
09:31:28,102.36,0.06,3,30708,买盘
09:31:31,102.36,0.0,11,112596,卖盘
09:31:34,102.37,0.01,12,122834,买盘
09:31:37,102.37,0.0,55,563039,买盘
09:31:40,102.32,-0.05,30,307101,卖盘
09:31:44,102.4,0.08,2,20480,中性盘
09:31:46,102.44,0.04,13,133128,买盘
09:31:49,102.44,0.0,8,81952,买盘
09:31:52,102.36,-0.08,15,153564,卖盘
09:31:55,102.4,0.04,15,153548,中性盘
09:31:58,102.37,-0.03,21,214982,卖盘
09:32:01,102.31,-0.06,24,245637,卖盘
09:32:04,102.4,0.09,37,378556,买盘
09:32:07,102.3,-0.1,32,327486,卖盘
09:32:10,102.3,0.0,10,102287,买盘
09:32:13,102.36,0.06,13,133057,买盘
09:32:16,102.31,-0.05,12,122782,卖盘
09:32:19,102.37,0.06,4,40942,买盘
09:32:22,102.31,-0.06,15,153536,中性盘
09:32:25,102.25,-0.06,21,214824,卖盘
09:32:28,102.34,0.09,3,30702,买盘
09:32:31,102.3,-0.04,34,347850,买盘
09:32:34,102.34,0.04,12,122776,买盘
09:32:37,102.31,-0.03,35,358217,中性盘
09:32:40,102.4,0.09,68,696134,买盘
09:32:43,102.42,0.02,12,122885,买盘
09:32:46,102.42,0.0,2,20477,买盘
09:32:49,102.42,0.0,7,71689,买盘
09:32:52,102.35,-0.07,4,40956,卖盘
09:32:55,102.35,0.0,8,81908,卖盘
09:33:01,102.41,0.06,2,20481,买盘
09:33:04,102.41,0.0,17,174083,买盘
09:33:07,102.4,-0.01,13,133115,买盘
09:33:10,102.4,0.0,5,51200,买盘
09:33:13,102.4,0.0,11,112640,买盘
09:33:16,102.35,-0.05,9,92148,卖盘
09:33:19,102.4,0.05,19,194563,中性盘
09:33:22,102.4,0.0,4,40960,买盘
09:33:25,102.35,-0.05,7,71650,卖盘
09:33:28,102.35,0.0,10,102355,卖盘
09:33:31,102.35,0.0,17,174020,卖盘
09:33:34,102.35,0.0,13,133095,卖盘
09:33:37,102.35,0.0,5,51175,买盘
09:33:40,102.35,0.0,4,40938,买盘
09:33:43,102.35,0.0,33,337728,买盘
09:33:46,102.34,-0.01,14,143296,中性盘
09:33:49,102.34,0.0,1,10234,买盘
09:33:52,102.34,0.0,18,184176,买盘
09:33:55,102.34,0.0,23,235315,买盘
09:33:58,102.3,-0.04,33,337626,卖盘
09:34:01,102.32,0.02,77,787838,买盘
09:34:04,102.4,0.08,14,143338,买盘
09:34:07,102.39,-0.01,1,10239,买盘
09:34:13,102.31,-0.08,53,542623,卖盘
09:34:16,102.31,0.0,31,317278,卖盘
09:34:19,102.39,0.08,32,327472,买盘
09:34:22,102.39,0.0,18,184271,买盘
09:34:25,102.39,0.0,12,122868,买盘
09:34:28,102.36,-0.03,2,20475,卖盘
09:34:30,102.36,0.0,2,20472,卖盘
09:34:34,102.35,-0.01,10,102346,卖盘
09:34:37,102.33,-0.02,11,112586,卖盘
09:34:40,102.38,0.05,2,20476,买盘
09:34:43,102.39,0.01,6,61414,买盘
09:34:46,102.33,-0.06,30,307004,卖盘
09:34:49,102.31,-0.02,13,133017,卖盘
09:34:52,102.33,0.02,2,20466,买盘
09:34:55,102.33,0.0,5,51165,买盘
09:34:58,102.33,0.0,15,153487,买盘
09:35:01,102.33,0.0,5,51159,买盘
09:35:04,102.33,0.0,38,388848,买盘
09:35:07,102.31,-0.02,13,133000,买盘
09:35:10,102.3,-0.01,6,61381,卖盘
09:35:13,102.3,0.0,10,102296,买盘
09:35:16,102.33,0.03,12,122767,买盘
09:35:19,102.28,-0.05,13,132984,卖盘
09:35:22,102.3,0.02,21,214828,买盘
09:35:25,102.3,0.0,5,51159,卖盘
09:35:28,102.26,-0.04,30,306882,卖盘
09:35:31,102.3,0.04,15,153470,买盘
09:35:34,102.29,-0.01,12,122758,卖盘
09:35:37,102.33,0.04,17,173935,买盘
09:35:40,102.33,0.0,55,562971,卖盘
09:35:43,102.33,0.0,23,235499,中性盘
09:35:46,102.32,-0.01,9,92101,中性盘
09:35:49,102.3,-0.02,27,276265,卖盘
09:35:52,102.38,0.08,8,81824,中性盘
09:35:55,102.26,-0.12,5,51170,卖盘
09:35:58,102.3,0.04,4,40925,卖盘
09:36:01,102.38,0.08,5,51190,买盘
09:36:04,102.38,0.0,23,235476,卖盘
09:36:07,102.26,-0.12,27,276114,卖盘
09:36:10,102.3,0.04,12,122728,买盘
09:36:13,102.25,-0.05,29,296539,卖盘
09:36:16,102.3,0.05,12,122715,买盘
09:36:18,102.3,0.0,9,92050,买盘
09:36:22,102.27,-0.03,5,51135,卖盘
09:36:25,102.26,-0.01,9,92039,卖盘
09:36:28,102.27,0.01,4,40905,买盘
09:36:31,102.27,0.0,9,92058,卖盘
09:36:37,102.3,0.03,13,132990,买盘
09:36:42,102.3,0.0,1,10230,卖盘
09:36:46,102.3,0.0,1,10230,卖盘
09:36:49,102.42,0.12,391,4003759,买盘
09:36:52,102.45,0.03,98,1003978,买盘
09:36:55,102.5,0.05,60,614937,买盘
09:36:57,102.53,0.03,7,71762,买盘
09:37:01,102.55,0.02,3,30765,买盘
09:37:04,102.57,0.02,3,30769,买盘
09:37:07,102.58,0.01,49,502720,买盘
09:37:10,102.58,0.0,30,307794,卖盘
09:37:13,102.6,0.02,25,256478,买盘
09:37:16,102.6,0.0,34,348837,买盘
09:37:19,102.6,0.0,10,102663,卖盘
09:37:25,102.76,0.16,57,585432,买盘
09:37:28,102.75,-0.01,13,133584,卖盘
09:37:30,102.79,0.04,20,205581,买盘
09:37:34,102.79,0.0,3,30838,中性盘
09:37:37,102.77,-0.02,14,143908,卖盘
09:37:40,102.79,0.02,20,205584,买盘
09:37:43,102.79,0.0,5,51398,卖盘
09:37:46,102.79,0.0,29,298101,卖盘
09:37:49,102.79,0.0,31,318649,买盘
09:37:52,102.78,-0.01,17,174733,卖盘
09:37:55,102.83,0.05,119,1223231,买盘
09:37:58,102.83,0.0,2,20567,卖盘
09:38:01,102.83,0.0,21,215953,卖盘
09:38:04,102.84,0.01,4,41136,卖盘
09:38:07,102.84,0.0,15,154262,卖盘
09:38:10,102.84,0.0,105,1080084,卖盘
09:38:16,102.88,0.04,8,82304,卖盘
09:38:19,102.89,0.01,6,61730,买盘
09:38:22,102.88,-0.01,9,92583,买盘
09:38:25,102.9,0.02,93,956912,买盘
09:38:28,102.85,-0.05,117,1203849,卖盘
09:38:31,102.9,0.05,21,216089,买盘
09:38:34,102.92,0.02,3,30872,买盘
09:38:37,102.92,0.0,10,102920,买盘
09:38:40,102.95,0.03,48,494007,买盘
09:38:44,102.96,0.01,15,154428,买盘
09:38:46,102.96,0.0,3,30886,买盘
09:38:49,102.96,0.0,17,175021,买盘
09:38:52,102.94,-0.02,4,41182,卖盘
09:38:55,102.97,0.03,23,236804,买盘
09:38:58,102.96,-0.01,3,30887,买盘
09:39:01,102.95,-0.01,222,2285807,卖盘
09:39:04,102.96,0.01,15,154425,卖盘
09:39:07,102.95,-0.01,34,350069,卖盘
09:39:10,102.95,0.0,69,710355,买盘
09:39:13,102.98,0.03,34,350124,买盘
09:39:16,102.96,-0.02,27,278013,卖盘
09:39:19,102.95,-0.01,3,30886,卖盘
09:39:22,102.95,0.0,1,10295,卖盘
09:39:25,102.95,0.0,22,226493,卖盘
09:39:28,103.01,0.06,639,6581447,买盘
09:39:31,103.03,0.02,13,133931,买盘
09:39:34,103.03,0.0,1,10303,卖盘
09:39:37,103.03,0.0,42,432739,卖盘
09:39:40,103.04,0.01,23,236979,买盘
09:39:43,103.04,0.0,42,432777,买盘
09:39:46,103.04,0.0,5,51520,卖盘
09:39:48,103.04,0.0,11,113344,卖盘
09:39:52,103.06,0.02,9,92754,买盘
09:39:55,103.04,-0.02,8,82436,卖盘
09:39:58,103.04,0.0,32,329768,卖盘
09:40:01,103.03,-0.01,74,762493,卖盘
09:40:04,103.03,0.0,21,216362,买盘
09:40:07,103.02,-0.01,45,463635,卖盘
09:40:10,103.02,0.0,50,515100,买盘
09:40:13,103.02,0.0,39,401761,买盘
09:40:16,103.01,-0.01,51,525376,中性盘
09:40:19,103.01,0.0,33,339935,买盘
09:40:22,103.01,0.0,1,10301,卖盘
09:40:25,103.01,0.0,111,1143328,卖盘
09:40:28,102.96,-0.05,52,535576,卖盘
09:40:31,103.0,0.04,23,236893,中性盘
09:40:34,103.0,0.0,50,515000,买盘
09:40:37,103.0,0.0,1,10300,买盘
09:40:40,102.97,-0.03,5,51497,中性盘
09:40:43,102.99,0.02,43,442692,中性盘
09:40:46,102.95,-0.04,5,51477,卖盘
09:40:49,102.94,-0.01,35,360334,卖盘
09:40:52,102.94,0.0,13,133822,买盘
09:40:55,102.93,-0.01,4,41171,买盘
09:40:58,102.92,-0.01,8,82340,卖盘
09:41:01,102.91,-0.01,22,226409,卖盘
09:41:04,102.9,-0.01,5,51454,卖盘
09:41:07,102.89,-0.01,77,792318,卖盘
09:41:10,102.88,-0.01,11,113183,卖盘
09:41:13,102.92,0.04,98,1008486,买盘
09:41:16,102.9,-0.02,7,72018,买盘
09:41:19,102.88,-0.02,4,41161,中性盘
09:41:21,102.9,0.02,15,154311,中性盘
09:41:25,102.87,-0.03,6,61722,卖盘
09:41:28,102.9,0.03,5,51447,中性盘
09:41:31,102.9,0.0,1,10290,买盘
09:41:34,102.9,0.0,37,380742,买盘
09:41:37,102.89,-0.01,31,318959,卖盘
09:41:40,102.9,0.01,53,545321,买盘
09:41:43,102.88,-0.02,1,10288,买盘
09:41:46,102.89,0.01,13,133750,买盘
09:41:49,102.89,0.0,21,216069,买盘
09:41:52,102.89,0.0,12,123476,卖盘
09:41:55,102.89,0.0,39,401286,卖盘
09:41:58,102.9,0.01,10,102900,买盘
09:42:01,102.89,-0.01,10,102895,卖盘
09:42:04,102.9,0.01,16,164648,买盘
09:42:07,102.91,0.01,37,380750,买盘
09:42:10,102.9,-0.01,2,20580,中性盘
09:42:13,102.91,0.01,7,72033,买盘
09:42:16,102.89,-0.02,25,257276,卖盘
09:42:19,102.9,0.01,9,92610,中性盘
09:42:22,102.9,0.0,1,10290,买盘
09:42:25,102.91,0.01,29,298414,买盘
09:42:28,102.89,-0.02,24,246973,卖盘
09:42:31,102.92,0.03,3,30876,买盘
09:42:34,102.92,0.0,6,61744,买盘
09:42:37,102.93,0.01,57,586648,买盘
09:42:40,102.92,-0.01,91,936717,卖盘
09:42:43,102.93,0.01,20,205931,中性盘
09:42:46,102.96,0.03,10,102978,中性盘
09:42:52,102.96,0.0,9,92676,卖盘
09:42:55,102.98,0.02,13,133852,卖盘
09:42:58,102.96,-0.02,9,92681,卖盘
09:43:01,102.96,0.0,17,175032,卖盘
09:43:04,102.99,0.03,16,164784,买盘
09:43:07,102.99,0.0,3,30896,买盘
09:43:10,102.99,0.0,35,360464,买盘
09:43:13,102.99,0.0,106,1091774,买盘
09:43:16,103.08,0.09,256,2637580,买盘
09:43:19,103.0,-0.08,80,824282,卖盘
09:43:22,103.05,0.05,10,103088,中性盘
09:43:25,103.1,0.05,11,113405,买盘
09:43:28,103.1,0.0,2,20620,买盘
09:43:31,103.1,0.0,27,278351,买盘
09:43:34,103.1,0.0,1,10310,卖盘
09:43:36,103.11,0.01,8,82488,买盘
09:43:40,103.17,0.06,18,185648,买盘
09:43:43,103.18,0.01,18,185723,买盘
09:43:46,103.19,0.01,3,30955,买盘
09:43:49,103.2,0.01,54,557275,买盘
09:43:52,103.22,0.02,5,51603,买盘
09:43:55,103.22,0.0,8,82571,中性盘
09:43:58,103.25,0.03,46,474899,买盘
09:44:01,103.26,0.01,14,144552,买盘
09:44:05,103.26,0.0,7,72286,卖盘
09:44:07,103.28,0.02,10,103279,买盘
09:44:10,103.28,0.0,4,41312,买盘
09:44:13,103.3,0.02,80,826378,买盘
09:44:16,103.27,-0.03,31,320169,卖盘
09:44:19,103.32,0.05,37,382154,买盘
09:44:22,103.32,0.0,24,247969,卖盘
09:44:25,103.33,0.01,123,1270780,买盘
09:44:28,103.3,-0.03,27,278996,卖盘
09:44:31,103.34,0.04,25,258357,买盘
09:44:34,103.34,0.0,34,351384,卖盘
09:44:37,103.35,0.01,40,413400,卖盘
09:44:40,103.35,0.0,16,165369,卖盘
09:44:43,103.41,0.06,196,2026686,买盘
09:44:46,103.41,0.0,125,1298630,卖盘
09:44:49,103.45,0.04,48,496528,买盘
09:44:52,103.46,0.01,14,144836,买盘
09:44:55,103.45,-0.01,3,31036,卖盘
09:44:58,103.47,0.02,9,93117,买盘
09:45:01,103.48,0.01,27,279399,买盘
09:45:05,103.49,0.01,8,82787,买盘
09:45:07,103.49,0.0,37,382913,买盘
09:45:10,103.49,0.0,56,579518,买盘
09:45:13,103.5,0.01,64,662391,买盘
09:45:16,103.49,-0.01,25,258732,卖盘
09:45:19,103.49,0.0,9,93141,卖盘
09:45:22,103.5,0.01,54,558859,买盘
09:45:25,103.48,-0.02,122,1262691,卖盘
09:45:28,103.49,0.01,32,331178,中性盘
09:45:31,103.48,-0.01,29,300125,卖盘
09:45:34,103.49,0.01,7,72441,卖盘
09:45:37,103.49,0.0,9,93141,买盘
09:45:40,103.48,-0.01,60,620928,卖盘
09:45:43,103.48,0.0,35,362191,买盘
09:45:46,103.47,-0.01,31,320780,中性盘
09:45:49,103.46,-0.01,42,434569,卖盘
09:45:52,103.46,0.0,8,82763,买盘
09:45:55,103.45,-0.01,67,693128,卖盘
09:45:58,103.48,0.03,81,838063,买盘
09:46:01,103.48,0.0,69,714015,卖盘
09:46:04,103.45,-0.03,22,227613,卖盘
09:46:07,103.47,0.02,10,103467,买盘
09:46:10,103.46,-0.01,53,548440,卖盘
09:46:13,103.47,0.01,36,372485,中性盘
09:46:16,103.46,-0.01,65,672607,卖盘
09:46:19,103.46,0.0,3,31038,买盘
09:46:22,103.46,0.0,37,382786,买盘
09:46:25,103.46,0.0,67,693236,卖盘
09:46:28,103.46,0.0,5,51736,卖盘
09:46:31,103.46,0.0,40,413887,卖盘
09:46:33,103.47,0.01,44,455267,买盘
09:46:37,103.48,0.01,11,113828,买盘
09:46:40,103.53,0.05,235,2432358,买盘
09:46:43,103.51,-0.02,24,248499,卖盘
09:46:46,103.51,0.0,60,621056,中性盘
09:46:49,103.53,0.02,26,269295,中性盘
09:46:52,103.56,0.03,12,124277,买盘
09:46:55,103.6,0.04,16,165756,买盘
09:46:58,103.61,0.01,49,507638,买盘
09:47:01,103.61,0.0,4,41444,卖盘
09:47:04,103.63,0.02,2,20726,买盘
09:47:07,103.61,-0.02,10,103616,卖盘
09:47:10,103.64,0.03,15,155461,买盘
09:47:13,103.64,0.0,9,93279,卖盘
09:47:16,103.65,0.01,13,134759,卖盘
09:47:19,103.66,0.01,15,155498,卖盘
09:47:22,103.69,0.03,3,31107,买盘
09:47:25,103.68,-0.01,22,228099,卖盘
09:47:28,103.7,0.02,20,207381,买盘
09:47:31,103.75,0.05,69,715654,买盘
09:47:34,103.78,0.03,5,51886,买盘
09:47:37,103.8,0.02,21,217922,买盘
09:47:40,103.8,0.0,8,83039,买盘
09:47:43,103.8,0.0,53,550116,买盘
09:47:46,103.81,0.01,139,1440452,买盘
09:47:49,103.86,0.05,64,664662,买盘
09:47:52,103.89,0.03,237,2461968,买盘
09:47:55,103.89,0.0,49,509093,卖盘
09:47:58,103.95,0.06,32,332547,买盘
09:48:01,103.92,-0.03,29,301340,中性盘
09:48:04,103.95,0.03,11,114324,买盘
09:48:07,104.0,0.05,471,4898812,买盘
09:48:10,104.0,0.0,34,353666,卖盘
09:48:13,104.07,0.07,11,114435,买盘
09:48:16,104.02,-0.05,27,280934,卖盘
09:48:19,104.1,0.08,24,249692,买盘
09:48:22,104.02,-0.08,41,426485,卖盘
09:48:25,104.02,0.0,28,291328,买盘
09:48:28,104.09,0.07,85,884576,买盘
09:48:31,104.08,-0.01,115,1196439,中性盘
09:48:35,104.08,0.0,77,801466,卖盘
09:48:37,104.08,0.0,69,718174,卖盘
09:48:40,104.02,-0.06,184,1914883,卖盘
09:48:43,104.0,-0.02,40,416092,卖盘
09:48:46,104.06,0.06,37,384851,买盘
09:48:49,104.0,-0.06,88,915835,中性盘
09:48:52,104.06,0.06,39,405898,买盘
09:48:55,104.02,-0.04,44,457618,买盘
09:48:58,104.01,-0.01,39,405623,中性盘
09:49:01,104.0,-0.01,19,197620,卖盘
09:49:04,104.09,0.09,125,1300539,买盘
09:49:07,104.0,-0.09,34,353652,卖盘
09:49:09,104.0,0.0,99,1029658,卖盘
09:49:13,104.0,0.0,50,520000,买盘
09:49:16,103.96,-0.04,10,103996,卖盘
09:49:19,104.0,0.04,59,613596,买盘
09:49:22,103.97,-0.03,36,374284,中性盘
09:49:25,103.9,-0.07,113,1169327,卖盘
09:49:28,103.97,0.07,21,218319,买盘
09:49:31,103.9,-0.07,122,1268305,卖盘
09:49:34,103.9,0.0,54,561346,卖盘
09:49:37,103.96,0.06,30,311892,买盘
09:49:40,104.0,0.04,152,1580615,买盘
09:49:43,103.96,-0.04,37,384732,卖盘
09:49:46,104.0,0.04,23,239174,买盘
09:49:49,104.0,0.0,28,291223,买盘
09:49:52,104.0,0.0,12,124809,卖盘
09:49:55,104.0,0.0,14,145600,卖盘
09:49:58,103.99,-0.01,20,207991,卖盘
09:50:01,104.0,0.01,46,478323,买盘
09:50:05,104.0,0.0,37,384799,买盘
09:50:07,104.01,0.01,51,530409,买盘
09:50:10,104.0,-0.01,34,353609,卖盘
09:50:13,104.01,0.01,46,478407,买盘
09:50:16,104.0,-0.01,12,124800,卖盘
09:50:19,104.0,0.0,29,301600,买盘
09:50:22,104.0,0.0,101,1050311,买盘
09:50:25,104.0,0.0,69,717699,卖盘
09:50:28,104.0,0.0,46,478406,卖盘
09:50:31,103.99,-0.01,29,301602,卖盘
09:50:34,104.0,0.01,25,259991,买盘
09:50:37,104.0,0.0,45,467993,买盘
09:50:40,104.0,0.0,33,343189,买盘
09:50:43,103.99,-0.01,110,1143983,卖盘
09:50:46,104.01,0.02,327,3400973,买盘
09:50:49,104.07,0.06,51,530593,买盘
09:50:51,104.01,-0.06,62,644939,卖盘
09:50:55,104.08,0.07,52,540943,买盘
09:50:58,104.01,-0.07,28,291418,卖盘
09:51:01,104.04,0.03,14,145679,买盘
09:51:04,104.01,-0.03,40,416083,卖盘
09:51:07,104.04,0.03,36,374590,买盘
09:51:10,104.05,0.01,110,1144764,中性盘
09:51:13,104.02,-0.03,87,905427,卖盘
09:51:16,104.08,0.06,64,666044,买盘
09:51:19,104.1,0.02,102,1061669,买盘
09:51:22,104.15,0.05,329,3425717,买盘
09:51:25,104.26,0.11,22,229270,买盘
09:51:28,104.27,0.01,56,583958,买盘
09:51:30,104.28,0.01,35,364961,买盘
09:51:34,104.31,0.03,20,208581,买盘
09:51:37,104.33,0.02,28,292033,买盘
09:51:40,104.39,0.06,28,292191,买盘
09:51:43,104.4,0.01,57,595063,买盘
09:51:46,104.43,0.03,9,93969,买盘
09:51:49,104.47,0.04,135,1410163,买盘
09:51:52,104.49,0.02,39,407501,买盘
09:51:55,104.51,0.02,136,1421195,买盘
09:51:58,104.49,-0.02,98,1024432,卖盘
09:52:01,104.49,0.0,29,303016,卖盘
09:52:05,104.54,0.05,100,1045097,买盘
09:52:07,104.54,0.0,33,345081,卖盘
09:52:10,104.6,0.06,21,219574,买盘
09:52:13,104.68,0.08,27,282420,买盘
09:52:16,104.51,-0.17,48,502023,卖盘
09:52:19,104.68,0.17,19,198905,中性盘
09:52:22,104.68,0.0,17,177965,买盘
09:52:25,104.67,-0.01,59,617406,卖盘
09:52:28,104.7,0.03,76,795602,买盘
09:52:31,104.7,0.0,53,554954,卖盘
09:52:34,104.69,-0.01,20,209465,卖盘
09:52:37,104.7,0.01,34,355978,买盘
09:52:40,104.69,-0.01,17,177986,卖盘
09:52:43,104.7,0.01,71,743493,买盘
09:52:46,104.7,0.0,38,397857,买盘
09:52:49,104.69,-0.01,60,628153,卖盘
09:52:52,104.7,0.01,61,638885,买盘
09:52:55,104.77,0.07,34,356149,买盘
09:52:58,104.7,-0.07,66,691330,卖盘
09:53:01,104.77,0.07,47,492153,买盘
09:53:04,104.77,0.0,60,628672,卖盘
09:53:07,104.79,0.02,131,1372573,买盘
09:53:10,104.75,-0.04,69,722770,中性盘
09:53:13,104.75,0.0,33,345670,买盘
09:53:16,104.78,0.03,13,136201,买盘
09:53:19,104.8,0.02,48,502952,买盘
09:53:22,104.79,-0.01,43,450426,买盘
09:53:25,104.79,0.0,21,220047,买盘
09:53:28,104.81,0.02,33,345830,买盘
09:53:31,104.8,-0.01,25,262008,卖盘
09:53:33,104.82,0.02,16,167719,买盘
09:53:37,104.85,0.03,74,775571,买盘
09:53:39,104.83,-0.02,58,608069,卖盘
09:53:43,104.86,0.03,29,304054,买盘
09:53:46,104.85,-0.01,48,503304,卖盘
09:53:49,104.83,-0.02,26,272610,卖盘
09:53:51,104.86,0.03,38,398445,买盘
09:53:55,104.85,-0.01,20,209707,中性盘
09:53:58,104.85,0.0,32,335525,买盘
09:54:01,104.85,0.0,24,251656,卖盘
09:54:04,104.86,0.01,51,534715,买盘
09:54:07,104.85,-0.01,81,849244,买盘
09:54:10,104.83,-0.02,52,545206,卖盘
09:54:13,104.86,0.03,40,419404,买盘
09:54:16,104.83,-0.03,44,461394,卖盘
09:54:19,104.82,-0.01,63,660571,卖盘
09:54:22,104.83,0.01,53,555613,买盘
09:54:25,104.81,-0.02,35,366927,卖盘
09:54:28,104.8,-0.01,101,1058493,卖盘
09:54:31,104.8,0.0,73,765221,卖盘
09:54:34,104.8,0.0,15,157206,卖盘
09:54:37,104.8,0.0,32,335356,买盘
09:54:40,104.78,-0.02,57,597252,卖盘
09:54:43,104.79,0.01,49,513432,买盘
09:54:46,104.8,0.01,478,5012281,买盘
09:54:49,104.8,0.0,180,1888593,卖盘
09:54:52,104.82,0.02,60,629775,中性盘
09:54:55,104.81,-0.01,48,503693,卖盘
09:54:58,104.9,0.09,30,314843,买盘
09:55:01,104.81,-0.09,24,251634,卖盘
09:55:04,104.99,0.18,307,3223243,买盘
09:55:07,105.03,0.04,765,8032742,买盘
09:55:10,105.13,0.1,290,3048379,买盘
09:55:12,105.0,-0.13,212,2229128,卖盘
09:55:16,105.03,0.03,56,588321,中性盘
09:55:19,105.2,0.17,57,599298,买盘
09:55:22,105.13,-0.07,33,347154,卖盘
09:55:25,105.28,0.15,39,410504,买盘
09:55:28,105.13,-0.15,31,326200,卖盘
09:55:30,105.29,0.16,259,2724959,买盘
09:55:34,105.28,-0.01,32,336879,买盘
09:55:37,105.26,-0.02,39,410500,卖盘
09:55:40,105.28,0.02,93,978375,买盘
09:55:43,105.27,-0.01,17,178953,中性盘
09:55:46,105.1,-0.17,292,3071743,中性盘
09:55:49,105.13,0.03,25,263005,买盘
09:55:52,105.27,0.14,94,988192,买盘
09:55:54,105.27,0.0,10,105129,买盘
09:55:58,105.1,-0.17,149,1566056,卖盘
09:56:01,105.13,0.03,31,325837,买盘
09:56:04,105.13,0.0,24,252294,买盘
09:56:07,105.08,-0.05,46,483567,卖盘
09:56:10,105.1,0.02,38,399327,中性盘
09:56:13,105.18,0.08,46,483457,买盘
09:56:16,105.1,-0.08,21,220794,卖盘
09:56:19,105.1,0.0,63,662196,卖盘
09:56:22,105.15,0.05,61,641448,买盘
09:56:25,105.17,0.02,53,557157,中性盘
09:56:28,105.15,-0.02,32,336393,中性盘
09:56:31,105.15,0.0,41,430971,买盘
09:56:34,105.15,0.0,35,367928,买盘
09:56:36,105.11,-0.04,19,199752,中性盘
09:56:40,105.15,0.04,81,851491,买盘
09:56:42,105.1,-0.05,152,1597873,卖盘
09:56:46,105.15,0.05,84,882617,买盘
09:56:49,105.16,0.01,203,2134432,买盘
09:56:52,105.16,0.0,29,304964,卖盘
09:56:55,105.16,0.0,71,746668,卖盘
09:56:58,105.17,0.01,33,347076,中性盘
09:57:01,105.17,0.0,20,210340,卖盘
09:57:05,105.17,0.0,79,830822,卖盘
09:57:07,105.16,-0.01,268,2818820,卖盘
09:57:10,105.05,-0.11,21,220668,卖盘
09:57:13,105.01,-0.04,52,546183,卖盘
09:57:16,105.0,-0.01,27,283551,卖盘
09:57:19,105.0,0.0,91,955584,卖盘
09:57:22,104.97,-0.03,159,1669351,卖盘
09:57:25,104.97,0.0,56,587796,买盘
09:57:28,105.0,0.03,141,1480194,买盘
09:57:31,105.0,0.0,18,188949,买盘
09:57:34,104.9,-0.1,9,94365,买盘
09:57:37,104.88,-0.02,12,125797,中性盘
09:57:40,104.8,-0.08,90,943659,卖盘
09:57:42,104.97,0.17,23,241328,买盘
09:57:46,104.8,-0.17,19,199186,卖盘
09:57:49,104.81,0.01,12,125767,买盘
09:57:52,104.8,-0.01,37,387771,卖盘
09:57:55,104.8,0.0,73,765060,卖盘
09:57:58,104.8,0.0,69,723162,卖盘
09:58:01,104.8,0.0,21,220080,买盘
09:58:05,104.79,-0.01,10,104786,中性盘
09:58:07,104.78,-0.01,33,345740,中性盘
09:58:10,104.75,-0.03,127,1330392,卖盘
09:58:13,104.71,-0.04,18,188546,卖盘
09:58:16,104.71,0.0,17,178013,卖盘
09:58:19,104.7,-0.01,18,188464,卖盘
09:58:22,104.7,0.0,33,345517,卖盘
09:58:25,104.66,-0.04,98,1025956,卖盘
09:58:28,104.68,0.02,55,575651,买盘
09:58:31,104.65,-0.03,8,83720,买盘
09:58:34,104.58,-0.07,14,146499,卖盘
09:58:36,104.58,0.0,4,41832,中性盘
09:58:40,104.55,-0.03,7,73194,卖盘
09:58:43,104.53,-0.02,24,250913,卖盘
09:58:46,104.54,0.01,14,146330,买盘
09:58:48,104.5,-0.04,14,146327,卖盘
09:58:52,104.49,-0.01,9,94045,卖盘
09:58:55,104.49,0.0,16,167184,中性盘
09:58:58,104.45,-0.04,9,94019,买盘
09:59:01,104.4,-0.05,32,334238,卖盘
09:59:04,104.4,0.0,18,187920,卖盘
09:59:07,104.4,0.0,11,114834,买盘
09:59:10,104.38,-0.02,14,146148,卖盘
09:59:13,104.38,0.0,75,782938,卖盘
09:59:16,104.35,-0.03,46,480177,卖盘
09:59:19,104.38,0.03,31,323578,买盘
09:59:22,104.35,-0.03,41,427906,卖盘
09:59:25,104.34,-0.01,10,104335,中性盘
09:59:28,104.35,0.01,7,73041,买盘
09:59:31,104.35,0.0,24,250430,买盘
09:59:34,104.35,0.0,42,438273,买盘
09:59:37,104.35,0.0,34,354805,买盘
09:59:40,104.38,0.03,34,354865,买盘
09:59:43,104.44,0.06,106,1106625,买盘
09:59:46,104.47,0.03,7,73112,买盘
09:59:49,104.47,0.0,2,20892,买盘
09:59:52,104.49,0.02,23,240305,买盘
09:59:55,104.5,0.01,44,459774,买盘
09:59:58,104.55,0.05,12,125453,买盘
10:00:01,104.58,0.03,29,303264,买盘
10:00:04,104.6,0.02,19,198740,买盘
10:00:07,104.65,0.05,12,125535,买盘
10:00:09,104.66,0.01,44,461557,买盘
10:00:13,104.7,0.04,15,157050,买盘
10:00:16,104.71,0.01,18,188468,买盘
10:00:19,104.75,0.04,32,335199,买盘
10:00:22,104.76,0.01,2,20952,买盘
10:00:24,104.79,0.03,30,314341,买盘
10:00:28,104.8,0.01,33,345834,买盘
10:00:31,104.81,0.01,2,20961,买盘
10:00:34,104.83,0.02,54,566082,买盘
10:00:37,104.85,0.02,27,283166,买盘
10:00:40,104.85,0.0,9,94405,卖盘
10:00:42,104.96,0.11,61,639965,买盘
10:00:46,104.95,-0.01,56,587252,中性盘
10:00:49,104.95,0.0,32,335875,中性盘
10:00:52,104.9,-0.05,37,388074,中性盘
10:00:55,104.88,-0.02,40,419555,中性盘
10:00:58,104.8,-0.08,63,660417,卖盘
10:01:01,104.89,0.09,169,1771775,买盘
10:01:04,104.79,-0.1,48,503461,卖盘
10:01:07,104.83,0.04,13,136283,买盘
10:01:10,104.89,0.06,16,167806,买盘
10:01:13,104.83,-0.06,15,157229,卖盘
10:01:16,104.83,0.0,110,1152801,买盘
10:01:19,104.8,-0.03,34,356344,中性盘
10:01:22,104.79,-0.01,10,104774,卖盘
10:01:25,104.79,0.0,36,377205,买盘
10:01:28,104.7,-0.09,24,251338,卖盘
10:01:31,104.65,-0.05,20,209362,卖盘
10:01:34,104.7,0.05,10,104700,买盘
10:01:37,104.6,-0.1,6,62769,卖盘
10:01:40,104.65,0.05,3,31395,买盘
10:01:43,104.52,-0.13,94,982676,卖盘
10:01:46,104.52,0.0,18,188136,买盘
10:01:49,104.51,-0.01,50,522506,卖盘
10:01:52,104.49,-0.02,21,219466,卖盘
10:01:55,104.5,0.01,6,62697,买盘
10:01:58,104.5,0.0,16,167158,买盘
10:02:01,104.45,-0.05,13,135795,卖盘
10:02:04,104.45,0.0,10,104461,中性盘
10:02:07,104.44,-0.01,1,10444,买盘
10:02:10,104.38,-0.06,24,250534,卖盘
10:02:13,104.35,-0.03,25,260919,卖盘
10:02:16,104.36,0.01,12,125240,中性盘
10:02:19,104.35,-0.01,15,156526,卖盘
10:02:22,104.36,0.01,24,250441,买盘
10:02:25,104.35,-0.01,11,114788,买盘
10:02:28,104.34,-0.01,16,166928,买盘
10:02:31,104.33,-0.01,4,41730,买盘
10:02:34,104.3,-0.03,14,146041,卖盘
10:02:37,104.33,0.03,55,573653,买盘
10:02:40,104.32,-0.01,17,177316,买盘
10:02:43,104.29,-0.03,3,31289,中性盘
10:02:46,104.28,-0.01,5,52147,卖盘
10:02:49,104.28,0.0,6,62570,卖盘
10:02:52,104.2,-0.08,35,364803,卖盘
10:02:55,104.2,0.0,8,83360,买盘
10:02:58,104.2,0.0,3,31258,买盘
10:03:01,104.16,-0.04,12,125012,卖盘
10:03:04,104.18,0.02,8,83338,买盘
10:03:07,104.15,-0.03,2,20831,卖盘
10:03:10,104.1,-0.05,16,166612,卖盘
10:03:13,104.14,0.04,223,2323185,买盘
10:03:16,104.15,0.01,2,20829,买盘
10:03:19,104.15,0.0,51,531245,买盘
10:03:22,104.15,0.0,11,114561,买盘
10:03:25,104.15,0.0,16,166654,卖盘
10:03:28,104.16,0.01,5,52073,买盘
10:03:31,104.21,0.05,153,1595761,买盘
10:03:34,104.28,0.07,10,104280,买盘
10:03:37,104.3,0.02,27,281579,买盘
10:03:40,104.3,0.0,43,448473,买盘
10:03:43,104.3,0.0,16,166908,卖盘
10:03:46,104.32,0.02,30,312912,买盘
10:03:49,104.33,0.01,1,10433,买盘
10:03:52,104.32,-0.01,17,177372,卖盘
10:03:55,104.35,0.03,17,177390,买盘
10:03:58,104.37,0.02,32,334004,中性盘
10:04:01,104.4,0.03,6,62640,买盘
10:04:04,104.49,0.09,3,31343,买盘
10:04:07,104.5,0.01,4,41798,买盘
10:04:10,104.5,0.0,5,52250,买盘
10:04:13,104.51,0.01,3,31353,买盘
10:04:16,104.5,-0.01,16,167197,中性盘
10:04:19,104.5,0.0,8,83600,买盘
10:04:22,104.5,0.0,28,292589,买盘
10:04:25,104.5,0.0,22,229900,买盘
10:04:28,104.5,0.0,15,156715,买盘
10:04:31,104.45,-0.05,8,83585,中性盘
10:04:33,104.49,0.04,24,250727,买盘
10:04:37,104.49,0.0,4,41797,买盘
10:04:40,104.5,0.01,6,62693,买盘
10:04:43,104.5,0.0,10,104477,买盘
10:04:46,104.49,-0.01,3,31347,中性盘
10:04:49,104.4,-0.09,8,83566,卖盘
10:04:52,104.49,0.09,15,156735,买盘
10:04:55,104.49,0.0,5,52240,买盘
10:04:58,104.49,0.0,6,62694,买盘
10:05:00,104.45,-0.04,20,208976,卖盘
10:05:04,104.45,0.0,4,41780,买盘
10:05:07,104.45,0.0,23,240210,买盘
10:05:10,104.45,0.0,36,376001,买盘
10:05:13,104.4,-0.05,23,240175,卖盘
10:05:15,104.47,0.07,23,240270,买盘
10:05:19,104.47,0.0,26,271638,卖盘
10:05:22,104.49,0.02,6,62694,买盘
10:05:25,104.47,-0.02,3,31345,卖盘
10:05:28,104.47,0.0,97,1013537,卖盘
10:05:31,104.49,0.02,13,135837,买盘
10:05:34,104.49,0.0,11,114940,卖盘
10:05:37,104.49,0.0,44,459791,卖盘
10:05:40,104.49,0.0,8,83598,卖盘
10:05:43,104.5,0.01,18,188097,买盘
10:05:46,104.49,-0.01,51,532946,卖盘
10:05:49,104.49,0.0,15,156743,中性盘
10:05:52,104.49,0.0,12,125388,买盘
10:05:54,104.48,-0.01,17,177639,卖盘
10:05:58,104.5,0.02,42,438852,买盘
10:06:01,104.5,0.0,7,73149,买盘
10:06:04,104.47,-0.03,14,146258,卖盘
10:06:07,104.47,0.0,22,229832,买盘
10:06:10,104.5,0.03,7,73145,买盘
10:06:13,104.47,-0.03,24,250704,卖盘
10:06:16,104.49,0.02,21,219433,中性盘
10:06:19,104.5,0.01,12,125399,买盘
10:06:22,104.5,0.0,14,146290,买盘
10:06:25,104.5,0.0,10,104500,买盘
10:06:28,104.5,0.0,33,345268,买盘
10:06:31,104.5,0.0,10,104508,卖盘
10:06:34,104.5,0.0,8,83602,卖盘
10:06:37,104.5,0.0,12,125401,卖盘
10:06:40,104.51,0.01,18,187689,买盘
10:06:43,104.5,-0.01,32,334413,中性盘
10:06:46,104.5,0.0,1,10868,买盘
10:06:48,104.52,0.02,16,167203,买盘
10:06:52,104.52,0.0,3,31356,买盘
10:06:55,104.5,-0.02,13,135447,卖盘
10:06:58,104.49,-0.01,30,313526,卖盘
10:07:01,104.51,0.02,7,73157,买盘
10:07:05,104.49,-0.02,16,167211,卖盘
10:07:07,104.51,0.02,6,62709,中性盘
10:07:10,104.5,-0.01,15,156766,卖盘
10:07:12,104.52,0.02,9,94058,买盘
10:07:16,104.52,0.0,7,73152,买盘
10:07:19,104.51,-0.01,2,20903,中性盘
10:07:22,104.5,-0.01,4,41801,卖盘
10:07:24,104.5,0.0,12,125400,买盘
10:07:28,104.51,0.01,4,41804,买盘
10:07:31,104.52,0.01,53,553857,买盘
10:07:34,104.51,-0.01,19,198571,中性盘
10:07:37,104.52,0.01,11,114970,买盘
10:07:40,104.56,0.04,51,533530,买盘
10:07:43,104.56,0.0,28,292792,卖盘
10:07:46,104.6,0.04,34,355607,买盘
10:07:49,104.6,0.0,2,20919,买盘
10:07:52,104.56,-0.04,6,62765,卖盘
10:07:54,104.63,0.07,4,41846,中性盘
10:07:58,104.6,-0.03,1,10460,卖盘
10:08:01,104.6,0.0,16,167360,买盘
10:08:04,104.63,0.03,2,20926,买盘
10:08:07,104.64,0.01,6,62779,买盘
10:08:10,104.63,-0.01,26,272051,卖盘
10:08:13,104.66,0.03,6,62784,买盘
10:08:16,104.66,0.0,4,41866,卖盘
10:08:19,104.66,0.0,92,962791,买盘
10:08:22,104.66,0.0,22,230248,买盘
10:08:25,104.69,0.03,8,83752,买盘
10:08:28,104.67,-0.02,9,94219,卖盘
10:08:31,104.7,0.03,33,345506,买盘
10:08:34,104.66,-0.04,15,157011,卖盘
10:08:37,104.69,0.03,11,115131,买盘
10:08:40,104.69,0.0,96,1005025,卖盘
10:08:43,104.7,0.01,23,240789,买盘
10:08:46,104.69,-0.01,2,20938,中性盘
10:08:52,104.69,0.0,52,544419,买盘
10:08:55,104.7,0.01,12,125635,买盘
10:08:58,104.7,0.0,6,62815,买盘
10:09:01,104.67,-0.03,4,41872,卖盘
10:09:05,104.69,0.02,3,31406,买盘
10:09:07,104.7,0.01,62,649091,买盘
10:09:10,104.69,-0.01,14,146535,买盘
10:09:13,104.75,0.06,123,1287912,买盘
10:09:15,104.75,0.0,23,240985,卖盘
10:09:19,104.75,0.0,17,178079,卖盘
10:09:22,104.8,0.05,17,178139,买盘
10:09:25,104.8,0.0,17,177108,买盘
10:09:28,104.8,0.0,11,115275,买盘
10:09:31,104.8,0.0,65,682239,买盘
10:09:34,104.8,0.0,12,125760,买盘
10:09:37,104.75,-0.05,6,62857,卖盘
10:09:40,104.79,0.04,25,261927,买盘
10:09:43,104.79,0.0,5,52394,买盘
10:09:46,104.75,-0.04,12,125700,卖盘
10:09:49,104.75,0.0,16,167630,卖盘
10:09:52,104.75,0.0,16,167600,卖盘
10:09:55,104.7,-0.05,11,115200,卖盘
10:09:58,104.75,0.05,7,73305,买盘
10:10:01,104.74,-0.01,13,136157,中性盘
10:10:04,104.69,-0.05,11,115184,卖盘
10:10:07,104.69,0.0,14,146582,卖盘
10:10:10,104.67,-0.02,4,41872,卖盘
10:10:13,104.69,0.02,5,52345,买盘
10:10:16,104.67,-0.02,9,94201,卖盘
10:10:19,104.65,-0.02,4,41864,卖盘
10:10:22,104.64,-0.01,3,31392,卖盘
10:10:25,104.63,-0.01,3,31390,卖盘
10:10:28,104.6,-0.03,10,104600,卖盘
10:10:31,104.57,-0.03,10,104576,卖盘
10:10:34,104.6,0.03,21,219587,买盘
10:10:37,104.6,0.0,11,115016,买盘
10:10:40,104.6,0.0,66,690772,买盘
10:10:43,104.62,0.02,13,135986,买盘
10:10:46,104.6,-0.02,20,209233,卖盘
10:10:49,104.6,0.0,28,292904,卖盘
10:10:52,104.52,-0.08,103,1076964,卖盘
10:10:55,104.62,0.1,11,115015,买盘
10:10:58,104.6,-0.02,20,209236,卖盘
10:11:01,104.6,0.0,29,303340,卖盘
10:11:04,104.6,0.0,15,156890,买盘
10:11:07,104.6,0.0,14,146439,买盘
10:11:10,104.5,-0.1,21,219560,卖盘
10:11:13,104.5,0.0,4,41800,买盘
10:11:16,104.48,-0.02,3,31344,卖盘
10:11:18,104.45,-0.03,6,62674,卖盘
10:11:22,104.48,0.03,5,52228,买盘
10:11:24,104.5,0.02,10,104080,卖盘
10:11:28,104.45,-0.05,19,198942,卖盘
10:11:31,104.46,0.01,14,146243,买盘
10:11:34,104.46,0.0,5,52229,买盘
10:11:37,104.45,-0.01,2,20890,卖盘
10:11:40,104.46,0.01,5,52229,买盘
10:11:43,104.45,-0.01,5,52228,卖盘
10:11:45,104.46,0.01,4,41783,买盘
10:11:49,104.4,-0.06,26,271509,卖盘
10:11:52,104.46,0.06,4,41783,买盘
10:12:02,104.4,-0.06,10,104400,卖盘
10:12:04,104.39,-0.01,17,177498,卖盘
10:12:07,104.36,-0.03,36,375832,卖盘
10:12:10,104.35,-0.01,8,83486,卖盘
10:12:19,104.33,-0.02,39,406898,卖盘
10:12:22,104.34,0.01,8,83473,卖盘
10:12:25,104.34,0.0,10,104335,买盘
10:12:28,104.34,0.0,13,135631,买盘
10:12:31,104.34,0.0,14,146068,买盘
10:12:34,104.34,0.0,14,146073,中性盘
10:12:37,104.33,-0.01,15,156496,卖盘
10:12:40,104.33,0.0,19,198227,买盘
10:12:43,104.33,0.0,17,177359,买盘
10:12:46,104.33,0.0,13,135621,中性盘
10:12:49,104.32,-0.01,10,104326,卖盘
10:12:52,104.32,0.0,6,62592,买盘
10:12:55,104.33,0.01,28,292121,买盘
10:12:58,104.34,0.01,4,41735,买盘
10:13:01,104.33,-0.01,7,73035,卖盘
10:13:04,104.35,0.02,16,166940,买盘
10:13:07,104.33,-0.02,14,146075,卖盘
10:13:10,104.33,0.0,3,31299,买盘
10:13:13,104.33,0.0,10,104330,买盘
10:13:16,104.33,0.0,4,41738,中性盘
10:13:19,104.33,0.0,10,104332,卖盘
10:13:22,104.35,0.02,19,198246,买盘
10:13:25,104.32,-0.03,12,125190,卖盘
10:13:28,104.37,0.05,25,260889,买盘
10:13:31,104.33,-0.04,4,41732,买盘
10:13:34,104.33,0.0,1,10433,买盘
10:13:37,104.33,0.0,11,114773,卖盘
10:13:40,104.37,0.04,2,20874,买盘
10:13:43,104.35,-0.02,5,52175,买盘
10:13:46,104.35,0.0,4,41740,买盘
10:13:48,104.35,0.0,5,52181,卖盘
10:13:52,104.35,0.0,1,10435,卖盘
10:13:55,104.37,0.02,4,41748,买盘
10:13:58,104.37,0.0,3,31311,买盘
10:14:01,104.35,-0.02,4,41742,卖盘
10:14:04,104.37,0.02,9,93926,买盘
10:14:07,104.37,0.0,7,73052,买盘
10:14:10,104.4,0.03,3,31314,买盘
10:14:13,104.4,0.0,2,20877,买盘
10:14:16,104.37,-0.03,2,20877,卖盘
10:14:19,104.37,0.0,1,10437,卖盘
10:14:21,104.38,0.01,22,229676,卖盘
10:14:25,104.37,-0.01,35,365301,卖盘
10:14:28,104.37,0.0,12,125244,买盘
10:14:31,104.37,0.0,5,52185,买盘
10:14:34,104.37,0.0,3,31310,买盘
10:14:39,104.37,0.0,5,52185,买盘
10:14:43,104.37,0.0,9,93933,买盘
10:14:46,104.36,-0.01,7,73056,卖盘
10:14:49,104.36,0.0,8,83490,卖盘
10:14:52,104.37,0.01,1,10437,买盘
10:14:55,104.36,-0.01,3,31309,卖盘
10:14:58,104.37,0.01,27,281799,买盘
10:15:00,104.35,-0.02,57,594820,卖盘
10:15:04,104.37,0.02,29,302656,买盘
10:15:07,104.37,0.0,9,93941,卖盘
10:15:10,104.37,0.0,11,114807,卖盘
10:15:13,104.37,0.0,3,31317,卖盘
10:15:16,104.37,0.0,1,10437,卖盘
10:15:18,104.45,0.08,15,156600,买盘
10:15:22,104.45,0.0,2,20886,买盘
10:15:25,104.4,-0.05,7,73108,中性盘
10:15:28,104.45,0.05,13,135785,买盘
10:15:31,104.4,-0.05,8,83518,卖盘
10:15:34,104.4,0.0,15,156564,买盘
10:15:37,104.37,-0.03,9,93967,卖盘
10:15:40,104.4,0.03,6,62641,中性盘
10:15:43,104.38,-0.02,7,73083,卖盘
10:15:46,104.38,0.0,7,73073,卖盘
10:15:49,104.38,0.0,6,62631,卖盘
10:15:52,104.39,0.01,10,104385,中性盘
10:15:55,104.4,0.01,2,20880,买盘
10:15:58,104.39,-0.01,39,407096,中性盘
10:16:01,104.38,-0.01,24,250556,卖盘
10:16:04,104.43,0.05,7,73085,买盘
10:16:07,104.38,-0.05,4,41753,卖盘
10:16:13,104.39,0.01,5,52195,卖盘
10:16:16,104.44,0.05,3,31321,中性盘
10:16:18,104.38,-0.06,19,198371,卖盘
10:16:22,104.44,0.06,14,146156,买盘
10:16:25,104.44,0.0,2,20888,买盘
10:16:28,104.38,-0.06,7,73067,卖盘
10:16:31,104.39,0.01,3,31319,中性盘
10:16:33,104.39,0.0,3,31317,买盘
10:16:37,104.42,0.03,2,20883,买盘
10:16:40,104.39,-0.03,6,62645,卖盘
10:16:43,104.39,0.0,4,41756,买盘
10:16:46,104.42,0.03,15,156578,买盘
10:16:49,104.43,0.01,6,62653,买盘
10:16:52,104.42,-0.01,3,31329,卖盘
10:16:55,104.41,-0.01,5,52199,中性盘
10:16:58,104.41,0.0,3,31323,买盘
10:17:01,104.41,0.0,15,156615,买盘
10:17:04,104.38,-0.03,13,135709,卖盘
10:17:07,104.41,0.03,6,62646,买盘
10:17:13,104.39,-0.02,18,187902,买盘
10:17:16,104.4,0.01,104,1085853,买盘
10:17:19,104.41,0.01,9,93969,买盘
10:17:22,104.44,0.03,9,93996,买盘
10:17:28,104.43,-0.01,5,52211,买盘
10:17:31,104.39,-0.04,10,104400,卖盘
10:17:34,104.41,0.02,6,62640,买盘
10:17:40,104.41,0.0,5,52204,买盘
10:17:43,104.39,-0.02,20,208789,卖盘
10:17:45,104.39,0.0,3,31317,买盘
10:17:52,104.39,0.0,24,250514,买盘
10:17:55,104.37,-0.02,81,845458,卖盘
10:17:57,104.39,0.02,17,177450,买盘
10:18:01,104.4,0.01,2,20880,买盘
10:18:04,104.38,-0.02,9,93950,卖盘
10:18:07,104.38,0.0,2,20876,买盘
10:18:13,104.36,-0.02,7,73053,卖盘
10:18:16,104.34,-0.02,4,41740,卖盘
10:18:19,104.36,0.02,9,98098,买盘
10:18:21,104.36,0.0,3,31312,卖盘
10:18:25,104.36,0.0,5,48008,买盘
10:18:27,104.34,-0.02,1,10434,买盘
10:18:31,104.34,0.0,105,1095208,买盘
10:18:34,104.33,-0.01,19,198245,中性盘
10:18:37,104.31,-0.02,1,10431,卖盘
10:18:40,104.3,-0.01,3,31292,卖盘
10:18:43,104.31,0.01,3,31291,买盘
10:18:46,104.31,0.0,1,10431,买盘
10:18:48,104.3,-0.01,14,146014,买盘
10:18:52,104.3,0.0,3,31288,买盘
10:18:55,104.31,0.01,25,260754,买盘
10:18:58,104.31,0.0,5,52155,买盘
10:19:01,104.3,-0.01,3,31290,卖盘
10:19:07,104.28,-0.02,2,20856,卖盘
10:19:09,104.31,0.03,16,166880,买盘
10:19:13,104.31,0.0,5,52154,买盘
10:19:16,104.3,-0.01,11,114734,卖盘
10:19:19,104.3,0.0,7,73012,卖盘
10:19:21,104.3,0.0,15,156444,买盘
10:19:25,104.28,-0.02,11,114708,卖盘
10:19:28,104.28,0.0,1,10428,买盘
10:19:31,104.26,-0.02,35,364978,卖盘
10:19:34,104.28,0.02,16,166848,买盘
10:19:37,104.29,0.01,3,31286,买盘
10:19:40,104.28,-0.01,9,93844,中性盘
10:19:43,104.28,0.0,1,10428,买盘
10:19:46,104.26,-0.02,1,10426,买盘
10:19:49,104.26,0.0,2,20850,买盘
10:19:52,104.24,-0.02,3,31274,卖盘
10:19:55,104.24,0.0,8,83392,买盘
10:19:58,104.23,-0.01,10,104239,卖盘
10:20:01,104.23,0.0,3,31268,买盘
10:20:04,104.21,-0.02,4,41686,卖盘
10:20:07,104.2,-0.01,18,187574,卖盘
10:20:10,104.18,-0.02,13,135454,卖盘
10:20:13,104.15,-0.03,61,635302,卖盘
10:20:16,104.12,-0.03,12,124944,卖盘
10:20:19,104.06,-0.06,31,322733,卖盘
10:20:22,104.15,0.09,11,114555,中性盘
10:20:25,104.12,-0.03,3,31243,卖盘
10:20:28,104.05,-0.07,4,41627,卖盘
10:20:30,104.05,0.0,12,124870,卖盘
10:20:34,104.12,0.07,9,93722,买盘
10:20:37,104.06,-0.06,10,104109,卖盘
10:20:40,104.03,-0.03,19,197707,卖盘
10:20:43,104.03,0.0,8,83238,卖盘
10:20:46,104.05,0.02,1,10405,中性盘
10:20:49,104.12,0.07,7,72834,买盘
10:20:52,104.06,-0.06,10,104033,买盘
10:20:55,104.04,-0.02,5,52026,卖盘
10:20:58,104.1,0.06,44,455261,买盘
10:21:01,104.1,0.0,3,31224,买盘
10:21:04,104.04,-0.06,11,114496,卖盘
10:21:07,104.04,0.0,15,156060,卖盘
10:21:10,104.03,-0.01,15,156049,卖盘
10:21:13,104.02,-0.01,33,345783,卖盘
10:21:16,104.02,0.0,26,270454,卖盘
10:21:19,104.0,-0.02,86,894452,卖盘
10:21:22,104.0,0.0,121,1258430,卖盘
10:21:24,104.0,0.0,60,623924,买盘
10:21:28,103.98,-0.02,58,603084,卖盘
10:21:31,103.95,-0.03,22,228733,卖盘
10:21:34,103.98,0.03,11,118010,买盘
10:21:37,103.95,-0.03,6,62370,卖盘
10:21:40,103.9,-0.05,32,332509,卖盘
10:21:43,103.92,0.02,9,93542,中性盘
10:21:46,103.9,-0.02,5,51950,卖盘
10:21:49,103.87,-0.03,34,353202,卖盘
10:21:52,103.9,0.03,10,103900,买盘
10:21:55,103.9,0.0,7,72712,买盘
10:21:58,103.87,-0.03,1,10387,买盘
10:22:01,103.85,-0.02,11,114255,卖盘
10:22:04,103.85,0.0,3,31155,买盘
10:22:07,103.84,-0.01,1,10384,卖盘
10:22:10,103.85,0.01,18,186919,买盘
10:22:13,103.81,-0.04,9,93437,卖盘
10:22:16,103.8,-0.01,11,114189,卖盘
10:22:19,103.8,0.0,39,404824,卖盘
10:22:22,103.8,0.0,9,93420,买盘
10:22:25,103.8,0.0,1,10380,买盘
10:22:28,103.78,-0.02,11,114158,卖盘
10:22:31,103.76,-0.02,10,98583,卖盘
10:22:34,103.78,0.02,5,51890,买盘
10:22:37,103.7,-0.08,22,233401,卖盘
10:22:40,103.69,-0.01,14,140000,卖盘
10:22:43,103.69,0.0,9,98512,卖盘
10:22:45,103.69,0.0,1,10369,买盘
10:22:49,103.69,0.0,30,311055,买盘
10:22:52,103.66,-0.03,35,362893,卖盘
10:22:55,103.7,0.04,32,326574,买盘
10:22:58,103.7,0.0,19,197060,卖盘
10:23:01,103.66,-0.04,50,523649,卖盘
10:23:04,103.66,0.0,16,160673,买盘
10:23:06,103.7,0.04,21,217762,买盘
10:23:10,103.66,-0.04,15,155536,卖盘
10:23:13,103.66,0.0,15,155546,卖盘
10:23:16,103.67,0.01,3,31119,中性盘
10:23:19,103.69,0.02,8,82952,买盘
10:23:22,103.69,0.0,14,145187,卖盘
10:23:25,103.7,0.01,6,62220,买盘
10:23:28,103.7,0.0,18,186656,买盘
10:23:31,103.7,0.0,19,197030,卖盘
10:23:33,103.78,0.08,67,694886,买盘
10:23:37,103.76,-0.02,7,72632,卖盘
10:23:40,103.76,0.0,2,20752,卖盘
10:23:43,103.76,0.0,8,83008,中性盘
10:23:46,103.76,0.0,8,83008,买盘
10:23:49,103.8,0.04,11,114160,买盘
10:23:52,103.76,-0.04,3,31128,中性盘
10:23:58,103.8,0.04,15,155676,买盘
10:24:00,103.77,-0.03,17,176407,中性盘
10:24:04,103.76,-0.01,18,186781,卖盘
10:24:07,103.8,0.04,23,238725,买盘
10:24:09,103.78,-0.02,3,31136,卖盘
10:24:13,103.79,0.01,3,31139,卖盘
10:24:16,103.79,0.0,9,93409,买盘
10:24:19,103.78,-0.01,1,10378,卖盘
10:24:22,103.8,0.02,11,114170,买盘
10:24:24,103.81,0.01,25,259510,买盘
10:24:28,103.79,-0.02,7,77846,卖盘
10:24:31,103.79,0.0,8,83036,卖盘
10:24:34,103.8,0.01,4,41518,中性盘
10:24:37,103.79,-0.01,18,186831,卖盘
10:24:40,103.8,0.01,4,41518,中性盘
10:24:42,103.82,0.02,10,103810,买盘
10:24:46,103.8,-0.02,1,10380,卖盘
10:24:49,103.82,0.02,14,145358,卖盘
10:24:52,103.83,0.01,5,51915,中性盘
10:24:55,103.84,0.01,2,20767,买盘
10:24:58,103.84,0.0,2,20768,买盘
10:25:01,103.84,0.0,32,332454,卖盘
10:25:04,103.84,0.0,4,41536,卖盘
10:25:10,103.87,0.03,22,228578,卖盘
10:25:13,103.92,0.05,4,41558,中性盘
10:25:16,103.87,-0.05,11,114280,卖盘
10:25:19,103.87,0.0,1,10387,卖盘
10:25:21,103.87,0.0,3,31166,卖盘
10:25:25,103.92,0.05,2,20784,卖盘
10:25:28,103.91,-0.01,2,20783,卖盘
10:25:30,103.93,0.02,2,20786,中性盘
10:25:34,103.92,-0.01,3,31176,卖盘
10:25:37,103.94,0.02,2,20786,买盘
10:25:40,103.94,0.0,5,51972,卖盘
10:25:43,103.96,0.02,21,218280,买盘
10:25:46,103.92,-0.04,9,93525,卖盘
10:25:49,103.88,-0.04,7,72728,卖盘
10:25:52,103.92,0.04,7,72739,买盘
10:25:54,103.87,-0.05,10,103873,卖盘
10:25:58,103.87,0.0,21,218104,买盘
10:26:01,103.87,0.0,6,62318,买盘
10:26:07,103.87,0.0,7,72707,买盘
10:26:10,103.87,0.0,33,342758,买盘
10:26:13,103.85,-0.02,6,62306,中性盘
10:26:16,103.85,0.0,7,72696,买盘
10:26:19,103.85,0.0,6,62310,卖盘
10:26:22,103.85,0.0,9,93486,卖盘
10:26:25,103.85,0.0,19,197339,卖盘
10:26:28,103.85,0.0,8,83099,卖盘
10:26:31,103.85,0.0,45,467324,卖盘
10:26:33,103.85,0.0,39,404992,买盘
10:26:37,103.83,-0.02,4,41532,卖盘
10:26:40,103.85,0.02,2,20768,买盘
10:26:43,103.85,0.0,4,41540,卖盘
10:26:46,103.87,0.02,17,176579,买盘
10:26:49,103.87,0.0,4,41548,卖盘
10:26:52,103.87,0.0,3,31161,卖盘
10:26:55,103.87,0.0,12,124653,卖盘
10:26:58,103.87,0.0,1,10387,卖盘
10:27:01,103.87,0.0,10,103870,卖盘
10:27:04,103.87,0.0,9,93481,买盘
10:27:07,103.85,-0.02,4,41547,卖盘
10:27:13,103.88,0.03,12,124656,买盘
10:27:16,103.87,-0.01,3,31157,买盘
10:27:19,103.88,0.01,1,10388,买盘
10:27:22,103.88,0.0,4,41552,买盘
10:27:25,103.88,0.0,3,31164,买盘
10:27:28,103.88,0.0,11,114268,中性盘
10:27:31,103.88,0.0,1,10388,卖盘
10:27:34,103.9,0.02,18,187018,买盘
10:27:37,103.88,-0.02,5,51944,卖盘
10:27:40,103.9,0.02,1,10390,买盘
10:27:43,103.9,0.0,5,51950,买盘
10:27:46,103.9,0.0,11,114272,中性盘
10:27:49,103.88,-0.02,14,145449,卖盘
10:27:52,103.91,0.03,4,41562,买盘
10:27:55,103.88,-0.03,1,10388,卖盘
10:27:58,103.9,0.02,2,20780,买盘
10:28:01,103.9,0.0,6,62340,买盘
10:28:05,103.91,0.01,6,62340,买盘
10:28:07,103.88,-0.03,13,135052,卖盘
10:28:10,103.9,0.02,2,20780,卖盘
10:28:13,103.91,0.01,2,20782,买盘
10:28:16,103.91,0.0,2,20782,买盘
10:28:19,103.9,-0.01,7,72733,卖盘
10:28:22,103.9,0.0,1,10390,卖盘
10:28:25,103.92,0.02,2,20782,买盘
10:28:28,103.91,-0.01,3,31173,卖盘
10:28:31,103.92,0.01,3,31176,买盘
10:28:34,103.92,0.0,4,41567,买盘
10:28:37,103.92,0.0,10,103912,买盘
10:28:40,103.92,0.0,4,41567,买盘
10:28:43,103.92,0.0,34,353301,买盘
10:28:46,103.92,0.0,4,41568,卖盘
10:28:49,103.92,0.0,2,20784,卖盘
10:28:52,103.92,0.0,2,20787,卖盘
10:28:55,103.95,0.03,2,20787,买盘
10:29:00,103.95,0.0,5,51975,买盘
10:29:04,103.95,0.0,4,41580,卖盘
10:29:07,103.93,-0.02,4,41578,卖盘
10:29:10,103.93,0.0,9,93545,中性盘
10:29:13,103.95,0.02,15,155900,买盘
10:29:16,103.91,-0.04,51,529968,卖盘
10:29:19,103.92,0.01,25,252470,买盘
10:29:22,103.9,-0.02,20,207771,买盘
10:29:25,103.91,0.01,6,62342,中性盘
10:29:28,103.88,-0.03,2,20779,卖盘
10:29:31,103.9,0.02,1,10390,卖盘
10:29:37,103.92,0.02,7,72741,买盘
10:29:39,103.92,0.0,13,135096,卖盘
10:29:43,103.92,0.0,2,20784,卖盘
10:29:46,103.92,0.0,4,41562,中性盘
10:29:49,103.88,-0.04,3,31170,卖盘
10:29:52,103.9,0.02,3,31170,卖盘
10:29:55,103.9,0.0,10,103916,买盘
10:29:58,103.89,-0.01,1,10389,卖盘
10:30:01,103.89,0.0,10,103890,卖盘
10:30:04,103.88,-0.01,4,41552,卖盘
10:30:07,103.85,-0.03,59,620116,卖盘
10:30:10,103.8,-0.05,23,238774,卖盘
10:30:13,103.77,-0.03,29,295788,卖盘
10:30:16,103.76,-0.01,30,311258,卖盘
10:30:19,103.7,-0.06,7,72595,卖盘
10:30:22,103.69,-0.01,3,31108,卖盘
10:30:25,103.66,-0.03,33,342085,卖盘
10:30:27,103.65,-0.01,14,145123,卖盘
10:30:31,103.63,-0.02,3,31093,卖盘
10:30:34,103.66,0.03,9,93285,买盘
10:30:37,103.65,-0.01,9,93292,卖盘
10:30:40,103.62,-0.03,9,93269,卖盘
10:30:43,103.63,0.01,7,72544,卖盘
10:30:46,103.62,-0.01,3,31086,卖盘
10:30:49,103.63,0.01,6,62176,买盘
10:30:51,103.63,0.0,4,41456,卖盘
10:30:54,103.62,-0.01,10,103623,卖盘
10:30:58,103.63,0.01,4,41450,买盘
10:31:01,103.63,0.0,9,93267,买盘
10:31:07,103.63,0.0,35,362705,卖盘
10:31:10,103.63,0.0,2,20726,卖盘
10:31:12,103.63,0.0,1,10363,卖盘
10:31:16,103.65,0.02,4,41460,买盘
10:31:19,103.63,-0.02,2,20726,卖盘
10:31:22,103.63,0.0,12,124364,卖盘
10:31:25,103.63,0.0,17,176173,卖盘
10:31:28,103.63,0.0,2,20726,买盘
10:31:31,103.63,0.0,1,10363,买盘
10:31:34,103.63,0.0,9,93267,买盘
10:31:37,103.62,-0.01,6,62177,卖盘
10:31:40,103.63,0.01,14,145082,买盘
10:31:43,103.63,0.0,42,435242,买盘
10:31:46,103.63,0.0,6,63732,卖盘
10:31:49,103.64,0.01,2,20728,买盘
10:31:52,103.65,0.01,24,248749,买盘
10:31:55,103.65,0.0,24,247203,买盘
10:31:58,103.65,0.0,5,51825,中性盘
10:32:01,103.66,0.01,10,103656,买盘
10:32:05,103.66,0.0,4,41464,买盘
10:32:16,103.66,0.0,18,186588,卖盘
10:32:19,103.7,0.04,4,41469,买盘
10:32:22,103.7,0.0,14,145158,买盘
10:32:25,103.7,0.0,1,10370,卖盘
10:32:28,103.7,0.0,1,10370,卖盘
10:32:31,103.7,0.0,1,10370,卖盘
10:32:34,103.73,0.03,11,114103,买盘
10:32:36,103.7,-0.03,1,10370,卖盘
10:32:43,103.73,0.03,3,31119,买盘
10:32:46,103.79,0.06,8,83029,买盘
10:32:48,103.74,-0.05,1,10374,卖盘
10:32:58,103.79,0.05,35,363330,买盘
10:33:01,103.79,0.0,4,41516,卖盘
10:33:04,103.79,0.0,2,20765,卖盘
10:33:07,103.86,0.07,28,290784,买盘
10:33:10,103.84,-0.02,3,31154,卖盘
10:33:13,103.86,0.02,2,20772,卖盘
10:33:19,103.9,0.04,13,135054,买盘
10:33:22,103.86,-0.04,11,114254,卖盘
10:33:25,103.88,0.02,5,51938,卖盘
10:33:28,103.9,0.02,5,51950,买盘
10:33:31,103.88,-0.02,7,72721,卖盘
10:33:34,103.88,0.0,1,10388,卖盘
10:33:37,103.88,0.0,16,166216,买盘
10:33:40,103.9,0.02,21,218150,买盘
10:33:43,103.89,-0.01,4,41547,买盘
10:33:46,103.9,0.01,4,41558,买盘
10:33:49,103.86,-0.04,3,31158,卖盘
10:33:52,103.84,-0.02,4,41536,卖盘
10:33:55,103.81,-0.03,12,124629,卖盘
10:33:58,103.81,0.0,9,93430,卖盘
10:34:01,103.81,0.0,3,31143,卖盘
10:34:05,103.82,0.01,3,31144,买盘
10:34:07,103.88,0.06,17,176519,买盘
10:34:10,103.84,-0.04,11,114203,中性盘
10:34:13,103.81,-0.03,13,135037,卖盘
10:34:16,103.81,0.0,2,20763,卖盘
10:34:22,103.86,0.05,12,124644,卖盘
10:34:25,103.86,0.0,1,10386,卖盘
10:34:28,103.88,0.02,1,10388,买盘
10:34:33,103.88,0.0,10,103867,买盘
10:34:37,103.85,-0.03,2,20770,卖盘
10:34:40,103.85,0.0,9,89830,卖盘
10:34:43,103.88,0.03,45,467285,买盘
10:34:46,103.84,-0.04,5,51920,卖盘
10:34:49,103.85,0.01,42,439891,买盘
10:34:51,103.81,-0.04,7,72671,卖盘
10:34:55,103.88,0.07,67,691915,买盘
10:34:58,103.86,-0.02,17,180230,卖盘
10:35:01,103.82,-0.04,4,41534,卖盘
10:35:04,103.8,-0.02,2,20760,卖盘
10:35:07,103.83,0.03,5,51903,买盘
10:35:10,103.82,-0.01,11,114203,卖盘
10:35:13,103.82,0.0,2,20764,卖盘
10:35:16,103.84,0.02,12,124588,买盘
10:35:19,103.82,-0.02,8,83056,卖盘
10:35:22,103.82,0.0,7,72679,卖盘
10:35:25,103.8,-0.02,36,373804,卖盘
10:35:27,103.81,0.01,13,134959,买盘
10:35:31,103.8,-0.01,5,51900,卖盘
10:35:34,103.81,0.01,22,228374,买盘
10:35:37,103.81,0.0,17,176522,卖盘
10:35:40,103.88,0.07,12,124621,买盘
10:35:42,103.81,-0.07,1,10381,卖盘
10:35:49,103.81,0.0,4,41524,卖盘
10:35:51,103.81,0.0,10,103810,卖盘
10:35:54,103.85,0.04,6,62306,买盘
10:35:58,103.85,0.0,3,31155,买盘
10:36:01,103.85,0.0,51,529451,卖盘
10:36:04,103.85,0.0,2,20770,卖盘
10:36:07,103.83,-0.02,1,10383,买盘
10:36:16,103.83,0.0,4,41531,买盘
10:36:19,103.83,0.0,2,20766,卖盘
10:36:21,103.83,0.0,4,41534,卖盘
10:36:24,103.84,0.01,2,20768,买盘
10:36:28,103.83,-0.01,5,51915,卖盘
10:36:31,103.83,0.0,5,51918,卖盘
10:36:34,103.83,0.0,7,72681,卖盘
10:36:37,103.82,-0.01,1,10382,卖盘
10:36:43,103.82,0.0,1,10382,卖盘
10:36:46,103.82,0.0,3,31147,卖盘
10:36:49,103.82,0.0,23,238815,卖盘
10:36:51,103.83,0.01,4,41529,中性盘
10:36:54,103.82,-0.01,3,31146,卖盘
10:36:58,103.82,0.0,1,10382,买盘
10:37:01,103.82,0.0,3,31145,买盘
10:37:07,103.82,0.0,2,20763,买盘
10:37:09,103.81,-0.01,3,31143,卖盘
10:37:16,103.82,0.01,1,10382,卖盘
10:37:19,103.82,0.0,13,134978,卖盘
10:37:22,103.82,0.0,2,20764,卖盘
10:37:24,103.82,0.0,5,51910,卖盘
10:37:28,103.81,-0.01,7,72673,卖盘
10:37:31,103.82,0.01,4,41527,买盘
10:37:33,103.82,0.0,1,10382,卖盘
10:37:37,103.82,0.0,4,41528,卖盘
10:37:40,103.81,-0.01,4,40489,卖盘
10:37:43,103.82,0.01,3,31146,卖盘
10:37:45,103.81,-0.01,11,114201,卖盘
10:37:49,103.8,-0.01,25,259524,卖盘
10:37:52,103.8,0.0,2,20760,卖盘
10:37:55,103.82,0.02,23,238785,买盘
10:37:58,103.82,0.0,5,51910,卖盘
10:38:01,103.82,0.0,4,41528,卖盘
10:38:04,103.8,-0.02,99,1028829,卖盘
10:38:07,103.79,-0.01,11,114169,卖盘
10:38:10,103.78,-0.01,6,62271,卖盘
10:38:13,103.77,-0.01,1,10377,卖盘
10:38:16,103.77,0.0,1,10377,卖盘
10:38:19,103.75,-0.02,5,51879,卖盘
10:38:22,103.78,0.03,46,477284,买盘
10:38:25,103.71,-0.07,9,93342,卖盘
10:38:28,103.74,0.03,3,31114,买盘
10:38:31,103.7,-0.04,2,20740,卖盘
10:38:40,103.7,0.0,7,72600,卖盘
10:38:43,103.7,0.0,3,31111,卖盘
10:38:46,103.7,0.0,4,41480,卖盘
10:38:55,103.7,0.0,64,662647,卖盘
10:38:58,103.75,0.05,15,158688,买盘
10:39:01,103.75,0.0,1,10375,卖盘
10:39:04,103.75,0.0,4,41500,卖盘
10:39:07,103.73,-0.02,1,10373,卖盘
10:39:16,103.73,0.0,2,20746,卖盘
10:39:19,103.7,-0.03,26,269644,卖盘
10:39:22,103.74,0.04,7,72618,买盘
10:39:25,103.74,0.0,10,103737,卖盘
10:39:28,103.7,-0.04,2,20740,卖盘
10:39:34,103.71,0.01,4,41482,中性盘
10:39:43,103.71,0.0,2,20742,卖盘
10:39:46,103.7,-0.01,56,578655,卖盘
10:39:49,103.7,0.0,3,31108,买盘
10:39:52,103.68,-0.02,22,228098,卖盘
10:39:55,103.68,0.0,34,352448,中性盘
10:39:58,103.66,-0.02,17,176210,买盘
10:40:00,103.64,-0.02,3,31093,卖盘
10:40:04,103.62,-0.02,37,381861,卖盘
10:40:07,103.58,-0.04,78,808095,卖盘
10:40:10,103.53,-0.05,23,238168,卖盘
10:40:12,103.53,0.0,21,217408,卖盘
10:40:16,103.5,-0.03,39,403666,卖盘
10:40:18,103.51,0.01,37,382951,买盘
10:40:22,103.5,-0.01,16,165600,卖盘
10:40:25,103.47,-0.03,4,41391,卖盘
10:40:28,103.46,-0.01,2,20692,卖盘
10:40:31,103.45,-0.01,7,72415,卖盘
10:40:33,103.42,-0.03,1,10342,卖盘
10:40:37,103.37,-0.05,9,93048,卖盘
10:40:43,103.38,0.01,4,41355,卖盘
10:40:46,103.38,0.0,13,134389,买盘
10:40:49,103.37,-0.01,17,175768,卖盘
10:40:52,103.38,0.01,15,155056,中性盘
10:40:54,103.37,-0.01,11,113725,卖盘
10:41:01,103.4,0.03,2,20678,买盘
10:41:04,103.4,0.0,5,51697,买盘
10:41:07,103.4,0.0,4,41360,卖盘
10:41:10,103.41,0.01,11,113743,买盘
10:41:13,103.41,0.0,4,41364,买盘
10:41:16,103.46,0.05,5,51718,买盘
10:41:18,103.41,-0.05,14,144781,卖盘
10:41:22,103.41,0.0,7,72388,卖盘
10:41:25,103.42,0.01,6,62057,买盘
10:41:27,103.42,0.0,3,31026,卖盘
10:41:31,103.43,0.01,1,10343,中性盘
10:41:34,103.42,-0.01,6,62052,卖盘
10:41:37,103.42,0.0,4,41368,买盘
10:41:39,103.46,0.04,3,31034,买盘
10:41:43,103.46,0.0,1,10346,买盘
10:41:46,103.45,-0.01,1,10345,卖盘
10:41:48,103.46,0.01,12,124147,买盘
10:41:51,103.45,-0.01,4,41382,卖盘
10:41:54,103.46,0.01,6,62076,买盘
10:41:58,103.45,-0.01,3,31035,卖盘
10:42:01,103.51,0.06,13,134539,买盘
10:42:07,103.46,-0.05,13,134501,卖盘
10:42:10,103.47,0.01,2,20694,卖盘
10:42:13,103.53,0.06,6,62112,买盘
10:42:16,103.51,-0.02,2,20702,中性盘
10:42:19,103.46,-0.05,13,134504,卖盘
10:42:22,103.46,0.0,5,51730,买盘
10:42:25,103.5,0.04,3,31042,买盘
10:42:28,103.46,-0.04,6,62078,卖盘
10:42:34,103.48,0.02,3,31040,买盘
10:42:36,103.47,-0.01,7,72429,卖盘
10:42:40,103.53,0.06,8,82804,买盘
10:42:43,103.48,-0.05,2,20701,卖盘
10:42:52,103.5,0.02,5,51777,卖盘
10:42:55,103.58,0.08,3,31074,买盘
10:43:01,103.58,0.0,3,31056,买盘
10:43:04,103.58,0.0,5,51790,买盘
10:43:07,103.58,0.0,5,51790,卖盘
10:43:10,103.5,-0.08,1,10350,卖盘
10:43:16,103.58,0.08,12,124296,买盘
10:43:19,103.5,-0.08,11,113850,卖盘
10:43:22,103.5,0.0,7,72444,买盘
10:43:25,103.48,-0.02,12,124191,卖盘
10:43:28,103.48,0.0,1,10348,卖盘
10:43:31,103.48,0.0,7,72445,卖盘
10:43:34,103.48,0.0,2,20696,卖盘
10:43:37,103.46,-0.02,8,82775,卖盘
10:43:40,103.46,0.0,4,41384,卖盘
10:43:43,103.46,0.0,12,124148,卖盘
10:43:46,103.45,-0.01,13,134485,卖盘
10:43:49,103.45,0.0,14,144831,卖盘
10:43:52,103.42,-0.03,1,10342,卖盘
10:43:55,103.4,-0.02,19,196482,卖盘
10:43:58,103.42,0.02,5,51710,买盘
10:44:01,103.4,-0.02,21,217140,卖盘
10:44:04,103.38,-0.02,8,82716,卖盘
10:44:07,103.42,0.04,5,51700,买盘
10:44:10,103.4,-0.02,2,20678,买盘
10:44:13,103.4,0.0,5,51692,中性盘
10:44:16,103.37,-0.03,1,10337,卖盘
10:44:18,103.37,0.0,6,62024,卖盘
10:44:22,103.35,-0.02,8,82705,卖盘
10:44:24,103.37,0.02,1,10337,中性盘
10:44:31,103.35,-0.02,3,31005,卖盘
10:44:40,103.37,0.02,7,72353,买盘
10:44:43,103.35,-0.02,15,155030,卖盘
10:44:45,103.35,0.0,1,10335,卖盘
10:44:49,103.33,-0.02,2,20667,卖盘
10:44:52,103.34,0.01,4,41341,卖盘
10:44:55,103.35,0.01,1,10335,买盘
10:44:57,103.37,0.02,5,51679,买盘
10:45:01,103.36,-0.01,5,51681,卖盘
10:45:04,103.34,-0.02,3,31002,卖盘
10:45:07,103.36,0.02,1,10336,中性盘
10:45:10,103.35,-0.01,2,20673,中性盘
10:45:13,103.33,-0.02,13,134340,卖盘
10:45:16,103.34,0.01,2,20668,买盘
10:45:19,103.34,0.0,3,31002,买盘
10:45:22,103.33,-0.01,3,31000,卖盘
10:45:25,103.33,0.0,3,30999,卖盘
10:45:28,103.33,0.0,15,155006,卖盘
10:45:31,103.33,0.0,4,41332,买盘
10:45:34,103.33,0.0,18,185994,卖盘
10:45:37,103.33,0.0,3,30999,买盘
10:45:40,103.32,-0.01,1,10332,卖盘
10:45:43,103.34,0.02,19,196328,买盘
10:45:52,103.34,0.0,12,124010,卖盘
10:45:55,103.34,0.0,3,31002,买盘
10:45:58,103.34,0.0,5,51666,买盘
10:46:04,103.33,-0.01,4,41334,卖盘
10:46:07,103.34,0.01,10,103333,买盘
10:46:10,103.33,-0.01,6,61998,中性盘
10:46:16,103.34,0.01,12,123999,买盘
10:46:18,103.33,-0.01,1,10333,卖盘
10:46:22,103.33,0.0,9,93008,卖盘
10:46:25,103.36,0.03,4,41342,买盘
10:46:28,103.38,0.02,2,20676,买盘
10:46:31,103.38,0.0,2,20676,中性盘
10:46:34,103.4,0.02,1,10340,买盘
10:46:40,103.4,0.0,1,10340,买盘
10:46:43,103.38,-0.02,1,10338,卖盘
10:46:46,103.38,0.0,51,527541,卖盘
10:46:49,103.43,0.05,2,20691,卖盘
10:46:58,103.44,0.01,1,10344,卖盘
10:47:01,103.48,0.04,5,51740,买盘
10:47:05,103.48,0.0,2,20692,买盘
10:47:07,103.48,0.0,1,10348,买盘
10:47:10,103.48,0.0,1,10348,买盘
10:47:13,103.5,0.02,2,20700,买盘
10:47:16,103.5,0.0,5,51745,买盘
10:47:18,103.5,0.0,12,124200,买盘
10:47:22,103.5,0.0,1,10350,卖盘
10:47:25,103.5,0.0,1,10350,卖盘
10:47:28,103.45,-0.05,9,93131,卖盘
10:47:31,103.51,0.06,3,31047,买盘
10:47:34,103.51,0.0,1,10351,卖盘
10:47:40,103.51,0.0,1,10351,卖盘
10:47:43,103.56,0.05,1,10356,中性盘
10:47:49,103.58,0.02,1,10358,买盘
10:47:52,103.58,0.0,1,10358,买盘
10:47:55,103.58,0.0,5,51790,买盘
10:47:58,103.57,-0.01,2,20715,卖盘
10:48:04,103.58,0.01,4,41432,卖盘
10:48:07,103.6,0.02,5,51798,买盘
10:48:10,103.63,0.03,3,31083,买盘
10:48:16,103.66,0.03,46,476809,买盘
10:48:19,103.66,0.0,9,93294,卖盘
10:48:22,103.66,0.0,1,10366,卖盘
10:48:25,103.69,0.03,2,20738,买盘
10:48:28,103.71,0.02,14,147262,买盘
10:48:30,103.71,0.0,2,20742,卖盘
10:48:34,103.74,0.03,1,10374,买盘
10:48:37,103.75,0.01,2,20749,买盘
10:48:43,103.76,0.01,15,155624,买盘
10:48:46,103.8,0.04,6,62264,买盘
10:48:49,103.76,-0.04,2,20756,卖盘
10:48:51,103.83,0.07,11,114205,买盘
10:48:55,103.83,0.0,2,20766,卖盘
10:49:01,103.85,0.02,7,72689,买盘
10:49:05,103.86,0.01,13,135004,买盘
10:49:07,103.86,0.0,4,41543,买盘
10:49:10,103.87,0.01,4,41548,卖盘
10:49:12,103.87,0.0,7,72709,卖盘
10:49:16,103.88,0.01,13,135039,买盘
10:49:19,103.89,0.01,25,259703,买盘
10:49:22,103.9,0.01,17,176614,买盘
10:49:25,103.89,-0.01,3,31167,卖盘
10:49:28,103.88,-0.01,11,114269,卖盘
10:49:31,103.88,0.0,9,93492,卖盘
10:49:34,103.88,0.0,9,93485,中性盘
10:49:37,103.86,-0.02,1,10386,卖盘
10:49:40,103.85,-0.01,12,124630,卖盘
10:49:43,103.83,-0.02,10,103853,卖盘
10:49:46,103.81,-0.02,3,31147,卖盘
10:49:52,103.84,0.03,5,51923,中性盘
10:49:55,103.85,0.01,11,114225,买盘
10:49:58,103.82,-0.03,1,10382,卖盘
10:50:01,103.85,0.03,5,51916,买盘
10:50:05,103.82,-0.03,1,10382,卖盘
10:50:07,103.75,-0.07,22,228349,卖盘
10:50:10,103.63,-0.12,16,165886,卖盘
10:50:13,103.69,0.06,11,113969,买盘
10:50:16,103.58,-0.11,3,31074,卖盘
10:50:19,103.57,-0.01,1,10461,卖盘
10:50:22,103.69,0.12,2,20738,买盘
10:50:30,103.76,0.07,1,10376,买盘
10:50:40,103.69,-0.07,4,41476,卖盘
10:50:43,103.76,0.07,5,51859,买盘
10:50:46,103.7,-0.06,2,20740,中性盘
10:50:52,103.7,0.0,2,20740,卖盘
10:50:55,103.7,0.0,2,20740,卖盘
10:50:58,103.7,0.0,2,20746,卖盘
10:51:01,103.76,0.06,2,20752,买盘
10:51:04,103.8,0.04,1,10380,买盘
10:51:10,103.76,-0.04,3,31128,卖盘
10:51:13,103.8,0.04,10,103728,买盘
10:51:15,103.86,0.06,22,228389,买盘
10:51:19,103.7,-0.16,4,41376,卖盘
10:51:22,103.75,0.05,2,20755,中性盘
10:51:28,103.89,0.14,20,207742,买盘
10:51:30,103.71,-0.18,2,20742,卖盘
10:51:34,103.7,-0.01,3,31110,卖盘
10:51:37,103.8,0.1,2,20751,中性盘
10:51:40,103.71,-0.09,4,41484,卖盘
10:51:55,103.8,0.09,8,83040,买盘
10:51:58,103.8,0.0,21,217980,卖盘
10:52:01,103.8,0.0,3,31140,卖盘
10:52:07,103.85,0.05,12,124490,买盘
10:52:10,103.72,-0.13,2,20744,卖盘
10:52:13,103.71,-0.01,34,352653,卖盘
10:52:16,103.7,-0.01,4,41480,卖盘
10:52:19,103.72,0.02,16,165928,中性盘
10:52:22,103.7,-0.02,6,62226,卖盘
10:52:24,103.69,-0.01,37,379610,卖盘
10:52:28,103.85,0.16,18,186706,买盘
10:52:31,103.67,-0.18,7,76761,卖盘
10:52:34,103.69,0.02,3,26950,买盘
10:52:40,103.7,0.01,2,20740,卖盘
10:52:46,103.7,0.0,1,10370,卖盘
10:52:55,103.7,0.0,2,20740,卖盘
10:53:01,103.8,0.1,1,10380,买盘
10:53:04,103.8,0.0,1,10380,卖盘
10:53:07,103.8,0.0,40,415191,卖盘
10:53:09,103.8,0.0,1,10380,卖盘
10:53:12,103.78,-0.02,1,10378,买盘
10:53:16,103.78,0.0,2,20756,买盘
10:53:19,103.78,0.0,4,41512,买盘
10:53:28,103.79,0.01,2,20758,卖盘
10:53:31,103.79,0.0,4,41507,买盘
10:53:37,103.79,0.0,2,20753,买盘
10:53:40,103.78,-0.01,3,31134,卖盘
10:53:43,103.79,0.01,3,31135,买盘
10:53:49,103.79,0.0,5,51895,买盘
10:53:52,103.72,-0.07,1,10372,卖盘
10:53:55,103.7,-0.02,31,322827,卖盘
10:53:58,103.69,-0.01,27,279963,卖盘
10:54:01,103.61,-0.08,10,103676,卖盘
10:54:05,103.61,0.0,1,10361,卖盘
10:54:07,103.65,0.04,4,41456,买盘
10:54:10,103.6,-0.05,6,62165,卖盘
10:54:13,103.61,0.01,6,62165,买盘
10:54:19,103.65,0.04,8,82928,买盘
10:54:22,103.65,0.0,1,10365,卖盘
10:54:25,103.6,-0.05,35,362615,卖盘
10:54:28,103.58,-0.02,5,51792,卖盘
10:54:31,103.58,0.0,53,552498,卖盘
10:54:33,103.69,0.11,8,81529,卖盘
10:54:37,103.72,0.03,5,51812,买盘
10:54:40,103.69,-0.03,1,10369,卖盘
10:54:43,103.72,0.03,4,41482,买盘
10:54:48,103.69,-0.03,4,41492,卖盘
10:54:52,103.61,-0.08,1,10361,卖盘
10:54:55,103.67,0.06,1,10367,买盘
10:54:58,103.67,0.0,2,20734,买盘
10:55:01,103.67,0.0,2,20734,买盘
10:55:10,103.7,0.03,1,10370,买盘
10:55:13,103.72,0.02,8,82964,买盘
10:55:16,103.7,-0.02,1,10370,卖盘
10:55:19,103.7,0.0,1,10370,卖盘
10:55:25,103.79,0.09,5,51874,买盘
10:55:28,103.79,0.0,1,10379,卖盘
10:55:34,103.8,0.01,3,31139,买盘
10:55:36,103.8,0.0,6,62280,买盘
10:55:40,103.8,0.0,9,93419,买盘
10:55:43,103.8,0.0,7,72659,买盘
10:55:46,103.8,0.0,1,10380,卖盘
10:55:49,103.83,0.03,3,31149,买盘
10:55:52,103.84,0.01,1,10384,买盘
10:55:54,103.83,-0.01,11,114207,卖盘
10:55:58,103.84,0.01,14,145372,买盘
10:56:01,103.84,0.0,7,72691,卖盘
10:56:04,103.84,0.0,10,103840,卖盘
10:56:07,103.84,0.0,1,10384,卖盘
10:56:13,103.85,0.01,11,114235,买盘
10:56:16,103.85,0.0,3,31153,买盘
10:56:19,103.85,0.0,10,103850,买盘
10:56:22,103.84,-0.01,6,62305,卖盘
10:56:28,103.84,0.0,1,10384,卖盘
10:56:30,103.84,0.0,3,31152,卖盘
10:56:34,103.85,0.01,25,259624,买盘
10:56:37,103.84,-0.01,2,20768,卖盘
10:56:40,103.84,0.0,9,93460,卖盘
10:56:43,103.85,0.01,5,51925,买盘
10:56:45,103.85,0.0,5,51926,卖盘
10:56:49,103.85,0.0,2,20771,卖盘
10:56:52,103.85,0.0,1,10385,卖盘
10:56:55,103.87,0.02,6,62321,买盘
10:56:58,103.87,0.0,1,10387,卖盘
10:57:04,103.88,0.01,3,31164,买盘
10:57:07,103.87,-0.01,1,10387,卖盘
10:57:10,103.86,-0.01,12,124637,卖盘
10:57:13,103.85,-0.01,6,62311,卖盘
10:57:16,103.86,0.01,5,51929,买盘
10:57:22,103.86,0.0,1,10386,买盘
10:57:25,103.86,0.0,7,72702,买盘
10:57:28,103.86,0.0,6,60239,买盘
10:57:34,103.86,0.0,3,31158,卖盘
10:57:37,103.86,0.0,3,31158,卖盘
10:57:43,103.87,0.01,4,41547,买盘
10:57:49,103.87,0.0,4,41548,买盘
10:57:52,103.87,0.0,3,31162,卖盘
10:57:58,103.86,-0.01,5,51931,卖盘
10:58:01,103.87,0.01,1,10387,卖盘
10:58:04,103.87,0.0,1,10387,买盘
10:58:07,103.87,0.0,1,10387,买盘
10:58:13,103.87,0.0,4,41547,卖盘
10:58:16,103.88,0.01,5,51939,买盘
10:58:19,103.85,-0.03,9,93473,卖盘
10:58:22,103.88,0.03,5,51937,买盘
10:58:25,103.85,-0.03,4,41542,卖盘
10:58:28,103.85,0.0,5,51928,卖盘
10:58:31,103.85,0.0,1,10385,卖盘
10:58:34,103.8,-0.05,14,145350,卖盘
10:58:37,103.83,0.03,11,114233,卖盘
10:58:40,103.8,-0.03,2,20763,卖盘
10:58:43,103.8,0.0,8,83041,卖盘
10:58:45,103.8,0.0,1,10380,卖盘
10:58:52,103.8,0.0,1,10380,卖盘
10:58:58,103.82,0.02,11,114205,卖盘
10:59:01,103.82,0.0,7,72672,买盘
10:59:05,103.8,-0.02,8,83050,卖盘
10:59:07,103.8,0.0,7,72660,卖盘
10:59:10,103.81,0.01,1,10381,卖盘
10:59:12,103.81,0.0,24,251192,买盘
10:59:16,103.7,-0.11,7,72615,卖盘
10:59:19,103.81,0.11,3,31143,买盘
10:59:22,103.7,-0.11,1,10370,卖盘
10:59:28,103.81,0.11,3,31139,买盘
10:59:31,103.7,-0.11,1,10370,卖盘
10:59:37,103.69,-0.01,19,197101,卖盘
10:59:40,103.68,-0.01,2,20737,卖盘
10:59:43,103.7,0.02,2,20750,中性盘
10:59:46,103.8,0.1,1,10380,中性盘
10:59:52,103.81,0.01,11,114197,买盘
10:59:55,103.81,0.0,1,10381,中性盘
10:59:57,103.7,-0.11,3,31110,卖盘
11:00:07,103.75,0.05,9,93375,中性盘
11:00:10,103.73,-0.02,4,41494,卖盘
11:00:12,103.75,0.02,17,176308,买盘
11:00:16,103.65,-0.1,8,82931,卖盘
11:00:19,103.69,0.04,103,1067608,买盘
11:00:22,103.58,-0.11,15,155394,卖盘
11:00:24,103.57,-0.01,1,10357,卖盘
11:00:27,103.57,0.0,3,31079,卖盘
11:00:37,103.6,0.03,2,20726,卖盘
11:00:40,103.66,0.06,2,20732,买盘
11:00:42,103.66,0.0,7,72547,买盘
11:00:46,103.66,0.0,1,10366,卖盘
11:00:52,103.66,0.0,2,20732,卖盘
11:00:55,103.66,0.0,2,20741,卖盘
11:00:58,103.75,0.09,6,62214,买盘
11:01:04,103.75,0.0,16,165901,买盘
11:01:07,103.63,-0.12,2,20726,中性盘
11:01:10,103.64,0.01,2,20728,卖盘
11:01:13,103.64,0.0,4,41460,卖盘
11:01:16,103.79,0.15,10,103729,买盘
11:01:19,103.79,0.0,5,51895,卖盘
11:01:25,103.76,-0.03,5,51880,卖盘
11:01:28,103.66,-0.1,2,20732,卖盘
11:01:31,103.77,0.11,6,62247,买盘
11:01:34,103.64,-0.13,1,10364,卖盘
11:01:43,103.66,0.02,2,20735,卖盘
11:01:46,103.75,0.09,2,20750,买盘
11:01:52,103.75,0.0,4,41500,买盘
11:01:54,103.75,0.0,2,20750,卖盘
11:01:58,103.67,-0.08,1,10367,卖盘
11:02:05,103.75,0.08,16,166000,买盘
11:02:07,103.73,-0.02,25,259373,卖盘
11:02:09,103.79,0.06,17,176391,买盘
11:02:13,103.75,-0.04,2,20750,卖盘
11:02:16,103.8,0.05,9,93420,买盘
11:02:19,103.75,-0.05,1,10375,卖盘
11:02:25,103.8,0.05,5,51892,买盘
11:02:33,103.8,0.0,6,62280,买盘
11:02:37,103.8,0.0,2,20760,卖盘
11:02:40,103.8,0.0,11,114230,卖盘
11:02:42,103.8,0.0,1,10380,卖盘
11:02:51,103.8,0.0,2,20760,卖盘
11:03:04,103.83,0.03,1,10383,买盘
11:03:07,103.8,-0.03,3,31140,卖盘
11:03:16,103.8,0.0,4,41529,卖盘
11:03:18,103.83,0.03,2,20766,买盘
11:03:25,103.83,0.0,4,41532,买盘
11:03:28,103.83,0.0,1,10383,卖盘
11:03:31,103.83,0.0,2,20766,卖盘
11:03:33,103.84,0.01,1,10384,买盘
11:03:37,103.84,0.0,2,20768,买盘
11:03:40,103.84,0.0,4,41538,买盘
11:03:43,103.84,0.0,14,145389,卖盘
11:03:45,103.84,0.0,19,197319,卖盘
11:03:49,103.85,0.01,8,83086,卖盘
11:03:52,103.85,0.0,2,20770,卖盘
11:03:58,103.9,0.05,1,10390,买盘
11:04:04,103.9,0.0,1,10390,买盘
11:04:07,103.86,-0.04,4,41546,卖盘
11:04:10,103.9,0.04,4,41552,买盘
11:04:12,103.9,0.0,21,218190,买盘
11:04:16,103.86,-0.04,2,20772,卖盘
11:04:25,103.9,0.04,7,72717,买盘
11:04:28,103.86,-0.04,12,124672,卖盘
11:04:31,103.86,0.0,1,10386,卖盘
11:04:40,103.93,0.07,8,83138,买盘
11:04:43,103.88,-0.05,1,10388,卖盘
11:04:52,103.88,0.0,4,41552,卖盘
11:04:55,103.9,0.02,13,135060,买盘
11:04:58,103.9,0.0,2,20778,买盘
11:05:01,103.88,-0.02,3,31164,卖盘
11:05:04,103.88,0.0,1,10388,卖盘
11:05:07,103.88,0.0,11,114268,卖盘
11:05:09,103.88,0.0,11,114288,卖盘
11:05:13,103.86,-0.02,2,20772,卖盘
11:05:22,103.9,0.04,6,62336,买盘
11:05:25,103.86,-0.04,5,51934,卖盘
11:05:28,103.87,0.01,19,197336,买盘
11:05:31,103.85,-0.02,15,155784,卖盘
11:05:34,103.87,0.02,8,83096,卖盘
11:05:37,103.87,0.0,4,41548,卖盘
11:05:40,103.85,-0.02,18,186909,卖盘
11:05:43,103.78,-0.07,25,259510,卖盘
11:05:45,103.75,-0.03,5,51880,卖盘
11:05:49,103.75,0.0,61,632875,卖盘
11:05:52,103.68,-0.07,3,31106,卖盘
11:05:55,103.73,0.05,18,186640,买盘
11:05:58,103.65,-0.08,19,196951,卖盘
11:06:01,103.65,0.0,5,51825,卖盘
11:06:04,103.65,0.0,5,51837,卖盘
11:06:07,103.7,0.05,8,82942,买盘
11:06:10,103.65,-0.05,1,10365,卖盘
11:06:13,103.8,0.15,8,82992,买盘
11:06:16,103.65,-0.15,5,51825,卖盘
11:06:19,103.65,0.0,12,124476,卖盘
11:06:22,103.64,-0.01,6,62189,卖盘
11:06:24,103.63,-0.01,3,25924,卖盘
11:06:31,103.78,0.15,8,82998,买盘
11:06:34,103.66,-0.12,1,10366,卖盘
11:06:36,103.65,-0.01,3,31095,卖盘
11:06:40,103.66,0.01,9,93294,中性盘
11:06:43,103.65,-0.01,7,72557,卖盘
11:06:45,103.64,-0.01,1,10364,卖盘
11:06:49,103.78,0.14,4,41498,买盘
11:06:51,103.66,-0.12,1,10366,卖盘
11:06:55,103.77,0.11,1,10377,中性盘
11:06:58,103.66,-0.11,7,72633,卖盘
11:07:01,103.66,0.0,1,10366,卖盘
11:07:10,103.77,0.11,1,10377,买盘
11:07:13,103.77,0.0,4,41510,卖盘
11:07:16,103.75,-0.02,11,114109,卖盘
11:07:19,103.68,-0.07,3,31120,卖盘
11:07:25,103.8,0.12,5,51900,买盘
11:07:28,103.8,0.0,1,10380,卖盘
11:07:31,103.8,0.0,2,20760,卖盘
11:07:34,103.68,-0.12,34,352817,卖盘
11:07:37,103.84,0.16,45,467203,买盘
11:07:40,103.84,0.0,7,72620,买盘
11:07:43,103.8,-0.04,1,10380,买盘
11:07:46,103.68,-0.12,3,31104,卖盘
11:07:52,103.84,0.16,11,114209,买盘
11:07:54,103.68,-0.16,2,20736,卖盘
11:07:58,103.67,-0.01,12,124414,卖盘
11:08:01,103.84,0.17,17,176480,买盘
11:08:04,103.67,-0.17,1,10367,卖盘
11:08:25,103.81,0.14,7,72667,买盘
11:08:28,103.81,0.0,22,228202,买盘
11:08:30,103.68,-0.13,7,72586,卖盘
11:08:34,103.68,0.0,1,10368,卖盘
11:08:37,103.68,0.0,5,51857,卖盘
11:08:43,103.68,0.0,12,124429,卖盘
11:08:45,103.81,0.13,7,72641,买盘
11:08:49,103.81,0.0,1,10381,买盘
11:08:55,103.81,0.0,2,20762,买盘
11:08:57,103.79,-0.02,2,20758,卖盘
11:09:01,103.81,0.02,2,20760,买盘
11:09:04,103.79,-0.02,1,10379,卖盘
11:09:07,103.79,0.0,2,20760,卖盘
11:09:10,103.71,-0.08,2,20750,卖盘
11:09:13,103.71,0.0,4,41512,卖盘
11:09:22,103.81,0.1,8,83044,买盘
11:09:25,103.71,-0.1,1,10371,卖盘
11:09:30,103.8,0.09,11,114178,买盘
11:09:34,103.8,0.0,2,20760,卖盘
11:09:37,103.81,0.01,5,51905,买盘
11:09:40,103.8,-0.01,8,83040,卖盘
11:09:46,103.78,-0.02,4,41512,卖盘
11:09:49,103.8,0.02,6,62274,买盘
11:09:52,103.8,0.0,1,10380,卖盘
11:09:55,103.78,-0.02,1,10378,卖盘
11:09:58,103.81,0.03,5,47648,买盘
11:10:00,103.81,0.0,2,20761,买盘
11:10:04,103.81,0.0,15,155715,买盘
11:10:07,103.81,0.0,2,20762,卖盘
11:10:10,103.81,0.0,2,20762,卖盘
11:10:16,103.81,0.0,8,83048,卖盘
11:10:19,103.81,0.0,4,41521,买盘
11:10:22,103.83,0.02,2,20766,买盘
11:10:24,103.82,-0.01,7,72680,卖盘
11:10:28,103.84,0.02,2,20767,买盘
11:10:31,103.83,-0.01,1,10383,卖盘
11:10:36,103.84,0.01,20,207680,买盘
11:10:40,103.84,0.0,22,228438,买盘
11:10:43,103.81,-0.03,3,31145,卖盘
11:10:46,103.83,0.02,1,10383,买盘
11:10:49,103.83,0.0,4,41532,卖盘
11:10:52,103.81,-0.02,5,51905,卖盘
11:10:55,103.83,0.02,4,41530,买盘
11:10:58,103.81,-0.02,1,10381,卖盘
11:11:01,103.81,0.0,6,62286,卖盘
11:11:05,103.81,0.0,6,62286,中性盘
11:11:07,103.8,-0.01,15,155702,卖盘
11:11:09,103.8,0.0,45,467093,卖盘
11:11:12,103.75,-0.05,3,31129,卖盘
11:11:16,103.71,-0.04,4,41487,卖盘
11:11:18,103.75,0.04,4,41487,买盘
11:11:22,103.75,0.0,4,41500,买盘
11:11:25,103.75,0.0,12,124500,卖盘
11:11:28,103.75,0.0,7,72625,卖盘
11:11:31,103.75,0.0,17,176375,卖盘
11:11:34,103.71,-0.04,2,20742,卖盘
11:11:40,103.79,0.08,3,29061,买盘
11:11:43,103.79,0.0,4,41516,卖盘
11:11:46,103.79,0.0,3,31138,卖盘
11:11:51,103.8,0.01,16,168152,买盘
11:11:55,103.79,-0.01,2,20758,卖盘
11:11:58,103.8,0.01,10,103800,买盘
11:12:00,103.8,0.0,9,93419,买盘
11:12:04,103.8,0.0,4,39443,买盘
11:12:07,103.8,0.0,1,14428,卖盘
11:12:10,103.82,0.02,15,155716,买盘
11:12:13,103.86,0.04,23,238830,买盘
11:12:16,103.83,-0.03,13,134981,卖盘
11:12:19,103.81,-0.02,17,176489,卖盘
11:12:21,103.83,0.02,2,20766,卖盘
11:12:25,103.83,0.0,8,83096,卖盘
11:12:27,103.83,0.0,10,103828,买盘
11:12:31,103.9,0.07,14,145434,买盘
11:12:34,103.88,-0.02,5,51940,卖盘
11:12:37,103.9,0.02,11,114281,买盘
11:12:40,103.9,0.0,2,20771,买盘
11:12:55,103.84,-0.06,1,10384,卖盘
11:12:58,103.84,0.0,18,186922,卖盘
11:13:01,103.84,0.0,8,83070,买盘
11:13:05,103.82,-0.02,18,186908,卖盘
11:13:07,103.82,0.0,2,20764,卖盘
11:13:13,103.9,0.08,1,10390,买盘
11:13:19,103.88,-0.02,1,10388,中性盘
11:13:22,103.89,0.01,1,10389,买盘
11:13:25,103.84,-0.05,1,10384,中性盘
11:13:28,103.84,0.0,2,20768,卖盘
11:13:31,103.82,-0.02,6,62296,卖盘
11:13:34,103.89,0.07,8,83084,中性盘
11:13:37,103.81,-0.08,8,83067,卖盘
11:13:39,103.88,0.07,7,72715,中性盘
11:13:43,103.81,-0.07,5,51916,卖盘
11:13:49,103.82,0.01,7,72689,买盘
11:13:51,103.9,0.08,6,62332,买盘
11:13:55,103.9,0.0,2,20780,卖盘
11:13:58,103.9,0.0,1,10390,卖盘
11:14:07,103.88,-0.02,1,10388,买盘
11:14:10,103.88,0.0,1,10388,买盘
11:14:19,103.84,-0.04,8,83098,卖盘
11:14:22,103.84,0.0,3,31150,买盘
11:14:25,103.84,0.0,8,83072,买盘
11:14:28,103.84,0.0,5,51919,买盘
11:14:31,103.84,0.0,12,124608,买盘
11:14:34,103.84,0.0,4,41536,卖盘
11:14:37,103.84,0.0,1,9138,卖盘
11:14:39,103.89,0.05,7,72718,买盘
11:14:42,103.89,0.0,5,51944,买盘
11:14:46,103.84,-0.05,8,83081,卖盘
11:14:49,103.84,0.0,5,51920,卖盘
11:14:58,103.85,0.01,5,51925,卖盘
11:15:00,103.84,-0.01,11,114225,卖盘
11:15:05,103.84,0.0,4,41537,卖盘
11:15:07,103.83,-0.01,5,51921,卖盘
11:15:10,103.82,-0.01,6,62292,卖盘
11:15:13,103.84,0.02,1,10384,卖盘
11:15:16,103.85,0.01,7,72695,买盘
11:15:19,103.86,0.01,4,41544,买盘
11:15:21,103.86,0.0,2,20772,卖盘
11:15:40,103.9,0.04,30,311685,买盘
11:15:43,103.87,-0.03,3,31161,卖盘
11:15:46,103.89,0.02,1,10389,买盘
11:15:49,103.87,-0.02,6,62326,卖盘
11:15:51,103.86,-0.01,1,10386,卖盘
11:15:55,103.87,0.01,4,41548,买盘
11:16:01,103.87,0.0,4,41548,买盘
11:16:05,103.87,0.0,4,41547,买盘
11:16:13,104.0,0.13,144,1497051,买盘
11:16:16,103.86,-0.14,16,166186,卖盘
11:16:27,103.86,0.0,23,238887,卖盘
11:16:31,103.86,0.0,11,114246,买盘
11:16:34,103.86,0.0,1,10386,卖盘
11:16:46,103.98,0.12,4,41592,买盘
11:16:49,103.98,0.0,1,10398,买盘
11:16:54,103.98,0.0,1,10398,买盘
11:16:58,103.98,0.0,1,10398,买盘
11:17:04,103.98,0.0,4,41592,买盘
11:17:07,103.98,0.0,1,10398,卖盘
11:17:10,104.0,0.02,20,208000,买盘
11:17:13,103.98,-0.02,2,20796,卖盘
11:17:16,104.0,0.02,5,52000,买盘
11:17:19,104.0,0.0,2,20798,买盘
11:17:22,104.0,0.0,41,426400,买盘
11:17:25,104.0,0.0,9,93592,买盘
11:17:28,104.0,0.0,2,20801,卖盘
11:17:31,104.01,0.01,1,10401,买盘
11:17:36,104.0,-0.01,21,218400,卖盘
11:17:40,104.01,0.01,18,187206,买盘
11:17:43,104.01,0.0,2,20802,卖盘
11:17:46,104.02,0.01,3,31204,买盘
11:17:48,104.03,0.01,2,18308,卖盘
11:17:58,104.05,0.02,5,52025,买盘
11:18:01,104.05,0.0,1,10405,买盘
11:18:10,104.09,0.04,5,52045,买盘
11:18:12,104.09,0.0,1,10409,卖盘
11:18:16,104.12,0.03,40,416389,买盘
11:18:19,104.11,-0.01,4,41644,卖盘
11:18:24,104.12,0.01,39,406067,买盘
11:18:28,104.2,0.08,76,795761,买盘
11:18:31,104.2,0.0,9,93780,卖盘
11:18:33,104.23,0.03,5,52108,买盘
11:18:40,104.23,0.0,5,52112,买盘
11:18:43,104.23,0.0,5,52119,买盘
11:18:46,104.23,0.0,80,833669,卖盘
11:18:49,104.23,0.0,11,114626,买盘
11:18:52,104.21,-0.02,12,125056,卖盘
11:18:55,104.2,-0.01,13,131298,卖盘
11:18:58,104.11,-0.09,1,10411,卖盘
11:19:01,104.15,0.04,25,260307,买盘
11:19:04,104.23,0.08,15,156279,买盘
11:19:07,104.23,0.0,2,20838,中性盘
11:19:16,104.25,0.02,21,218911,买盘
11:19:19,104.23,-0.02,41,427413,卖盘
11:19:22,104.24,0.01,3,31272,卖盘
11:19:24,104.25,0.01,8,83396,买盘
11:19:28,104.15,-0.1,5,52083,卖盘
11:19:31,104.25,0.1,2,20848,买盘
11:19:33,104.22,-0.03,1,10422,卖盘
11:19:37,104.2,-0.02,3,31264,卖盘
11:19:40,104.16,-0.04,7,72936,中性盘
11:19:42,104.15,-0.01,2,20830,卖盘
11:19:49,104.16,0.01,5,52076,买盘
11:19:52,104.08,-0.08,1,10408,卖盘
11:19:55,104.08,0.0,3,31224,买盘
11:19:58,104.16,0.08,4,41655,买盘
11:20:01,104.16,0.0,13,135447,卖盘
11:20:04,104.16,0.0,4,41664,卖盘
11:20:07,104.2,0.04,5,52092,买盘
11:20:10,104.2,0.0,12,125030,买盘
11:20:13,104.19,-0.01,8,83354,卖盘
11:20:16,104.19,0.0,13,135447,卖盘
11:20:19,104.16,-0.03,229,2384752,卖盘
11:20:22,103.9,-0.26,24,252147,卖盘
11:20:25,103.98,0.08,6,62388,买盘
11:20:28,103.86,-0.12,14,145444,卖盘
11:20:30,103.82,-0.04,18,186925,卖盘
11:20:34,103.85,0.03,5,51920,买盘
11:20:36,103.81,-0.04,7,72672,卖盘
11:20:40,103.82,0.01,9,93485,中性盘
11:20:42,103.81,-0.01,27,280632,卖盘
11:20:46,104.15,0.34,9,93562,买盘
11:20:48,103.85,-0.3,2,20770,中性盘
11:20:52,103.83,-0.02,18,187085,卖盘
11:20:55,104.14,0.31,5,52007,买盘
11:20:58,104.14,0.0,1,10414,买盘
11:21:00,104.14,0.0,4,41656,买盘
11:21:04,103.87,-0.27,3,31161,卖盘
11:21:07,104.11,0.24,2,20797,买盘
11:21:13,103.86,-0.25,6,62326,卖盘
11:21:16,104.1,0.24,3,31207,中性盘
11:21:22,103.88,-0.22,2,20776,买盘
11:21:25,103.88,0.0,2,20776,买盘
11:21:28,103.87,-0.01,7,72714,卖盘
11:21:31,104.1,0.23,3,31208,买盘
11:21:40,103.88,-0.22,3,31164,卖盘
11:21:43,103.89,0.01,1,10389,中性盘
11:21:46,104.0,0.11,1,10400,买盘
11:21:52,104.0,0.0,7,72778,买盘
11:21:58,104.0,0.0,2,20800,买盘
11:22:01,103.89,-0.11,16,166274,卖盘
11:22:04,104.0,0.11,15,155986,买盘
11:22:07,103.88,-0.12,4,41555,卖盘
11:22:16,103.89,0.01,3,31167,卖盘
11:22:18,103.89,0.0,5,51960,卖盘
11:22:22,103.94,0.05,13,135108,买盘
11:22:24,103.98,0.04,4,41575,买盘
11:22:28,103.89,-0.09,5,51945,卖盘
11:22:33,104.0,0.11,7,72754,买盘
11:22:37,103.94,-0.06,3,31176,中性盘
11:22:40,103.94,0.0,32,332620,中性盘
11:22:43,103.89,-0.05,22,228626,中性盘
11:22:46,103.93,0.04,3,31170,中性盘
11:22:49,103.88,-0.05,30,312003,卖盘
11:22:52,103.88,0.0,6,62330,卖盘
11:22:55,103.88,0.0,10,104000,卖盘
11:22:57,103.88,0.0,10,103892,卖盘
11:23:01,103.87,-0.01,7,72714,卖盘
11:23:05,103.87,0.0,12,124646,卖盘
11:23:07,103.88,0.01,9,93485,买盘
11:23:09,103.86,-0.02,2,20772,卖盘
11:23:13,103.88,0.02,15,155822,卖盘
11:23:16,103.89,0.01,5,51945,卖盘
11:23:19,103.88,-0.01,1,10388,卖盘
11:23:21,103.88,0.0,5,51942,卖盘
11:23:27,103.88,0.0,6,62328,卖盘
11:23:31,103.89,0.01,15,155813,买盘
11:23:34,103.89,0.0,6,62331,买盘
11:23:37,103.89,0.0,2,20778,卖盘
11:23:40,103.89,0.0,4,41556,卖盘
11:23:42,103.9,0.01,12,124659,中性盘
11:23:45,103.84,-0.06,4,41540,卖盘
11:23:49,103.89,0.05,12,124669,卖盘
11:23:52,103.89,0.0,12,124638,买盘
11:23:55,103.84,-0.05,3,31156,中性盘
11:23:58,103.83,-0.01,1,10383,卖盘
11:24:04,103.89,0.06,14,145446,买盘
11:24:07,103.89,0.0,2,20778,卖盘
11:24:16,103.9,0.01,3,31170,卖盘
11:24:19,103.9,0.0,2,20782,卖盘
11:24:22,103.92,0.02,4,41566,买盘
11:24:25,103.9,-0.02,17,176634,卖盘
11:24:27,103.92,0.02,5,51956,中性盘
11:24:34,104.0,0.08,6,62400,买盘
11:24:37,103.92,-0.08,1,10392,卖盘
11:24:40,103.92,0.0,3,31177,卖盘
11:24:46,103.92,0.0,1,10392,卖盘
11:24:49,103.92,0.0,3,31176,卖盘
11:24:51,103.91,-0.01,1,10391,卖盘
11:24:55,103.9,-0.01,1,10390,卖盘
11:25:05,103.9,0.0,5,51950,卖盘
11:25:07,103.9,0.0,2,20780,卖盘
11:25:10,103.9,0.0,1,10390,卖盘
11:25:16,103.9,0.0,5,51953,卖盘
11:25:18,103.9,0.0,8,83120,卖盘
11:25:22,103.9,0.0,1,10390,卖盘
11:25:24,103.91,0.01,1,10391,卖盘
11:25:27,103.9,-0.01,14,145460,卖盘
11:25:31,103.89,-0.01,8,83115,卖盘
11:25:34,103.87,-0.02,179,1859629,卖盘
11:25:37,103.88,0.01,65,674749,中性盘
11:25:40,103.76,-0.12,8,83008,卖盘
11:25:43,103.74,-0.02,30,311249,卖盘
11:25:46,103.74,0.0,9,93373,卖盘
11:25:49,103.81,0.07,7,72659,买盘
11:25:52,103.72,-0.09,3,31116,卖盘
11:25:55,103.75,0.03,5,51875,卖盘
11:25:58,103.74,-0.01,25,259365,卖盘
11:26:01,103.71,-0.03,13,134835,卖盘
11:26:04,103.71,0.0,37,383726,卖盘
11:26:07,103.71,0.0,6,62222,买盘
11:26:10,103.71,0.0,5,51855,买盘
11:26:12,103.7,-0.01,9,93338,卖盘
11:26:16,103.72,0.02,4,41488,中性盘
11:26:18,103.71,-0.01,2,20743,卖盘
11:26:22,103.71,0.0,43,445953,卖盘
11:26:25,103.71,0.0,12,124447,买盘
11:26:28,103.7,-0.01,42,435567,卖盘
11:26:31,103.68,-0.02,9,93322,卖盘
11:26:34,103.68,0.0,10,103690,卖盘
11:26:37,103.7,0.02,13,134808,买盘
11:26:40,103.7,0.0,4,41480,卖盘
11:26:42,103.69,-0.01,5,51847,中性盘
11:26:46,103.7,0.01,11,114056,买盘
11:26:48,103.7,0.0,1,10370,卖盘
11:26:52,103.7,0.0,2,20740,卖盘
11:26:55,103.74,0.04,3,31114,买盘
11:26:58,103.74,0.0,4,41488,买盘
11:27:01,103.74,0.0,3,31122,买盘
11:27:04,103.74,0.0,3,31122,卖盘
11:27:07,103.74,0.0,2,20748,卖盘
11:27:10,103.74,0.0,9,93369,卖盘
11:27:13,103.74,0.0,18,186731,卖盘
11:27:16,103.7,-0.04,11,114090,卖盘
11:27:19,103.75,0.05,7,72615,中性盘
11:27:24,103.7,-0.05,13,134812,卖盘
11:27:28,103.69,-0.01,14,145173,卖盘
11:27:31,103.69,0.0,4,41477,卖盘
11:27:34,103.69,0.0,5,51845,卖盘
11:27:37,103.68,-0.01,37,383623,卖盘
11:27:39,103.67,-0.01,14,145146,卖盘
11:27:43,103.68,0.01,14,145140,买盘
11:27:46,103.65,-0.03,22,228048,卖盘
11:27:49,103.62,-0.03,18,186538,卖盘
11:27:52,103.62,0.0,4,47356,卖盘
11:27:55,103.62,0.0,14,145089,卖盘
11:27:58,103.62,0.0,4,41454,卖盘
11:28:01,103.62,0.0,5,51815,卖盘
11:28:04,103.62,0.0,15,155452,卖盘
11:28:07,103.64,0.02,6,62184,中性盘
11:28:10,103.64,0.0,1,10364,卖盘
11:28:16,103.64,0.0,4,41456,买盘
11:28:19,103.64,0.0,2,20728,卖盘
11:28:22,103.65,0.01,2,20730,买盘
11:28:25,103.65,0.0,16,165828,买盘
11:28:28,103.65,0.0,7,72555,卖盘
11:28:31,103.65,0.0,1,10365,卖盘
11:28:36,103.65,0.0,4,41460,卖盘
11:28:40,103.7,0.05,9,93330,买盘
11:28:43,103.7,0.0,5,51850,卖盘
11:28:46,103.68,-0.02,10,103696,卖盘
11:28:49,103.69,0.01,4,41480,卖盘
11:28:51,103.71,0.02,5,51855,卖盘
11:28:55,103.65,-0.06,3,31095,卖盘
11:28:58,103.65,0.0,1,10365,卖盘
11:29:01,103.66,0.01,3,31103,中性盘
11:29:04,103.66,0.0,5,51830,卖盘
11:29:07,103.66,0.0,19,196979,卖盘
11:29:10,103.71,0.05,5,51833,买盘
11:29:16,103.69,-0.02,10,103707,卖盘
11:29:18,103.7,0.01,2,20742,卖盘
11:29:25,103.69,-0.01,1,10369,卖盘
11:29:28,103.72,0.03,8,82965,买盘
11:29:31,103.69,-0.03,5,51853,卖盘
11:29:34,103.68,-0.01,1,10368,卖盘
11:29:37,103.71,0.03,3,31121,卖盘
11:29:40,103.71,0.0,14,145194,卖盘
11:29:43,103.71,0.0,6,62226,卖盘
11:29:46,103.71,0.0,1,10371,卖盘
11:29:49,103.78,0.07,5,51890,卖盘
11:29:51,103.76,-0.02,7,72611,买盘
11:29:55,103.71,-0.05,2,15558,卖盘
11:29:58,103.71,0.0,3,31114,卖盘
11:30:00,103.71,0.0,7,72597,卖盘
13:00:01,103.79,0.08,6,62264,买盘
13:00:04,103.8,0.01,114,1186445,买盘
13:00:07,103.79,-0.01,101,1048326,卖盘
13:00:10,103.76,-0.03,34,349546,卖盘
13:00:13,103.76,0.0,5,55215,卖盘
13:00:15,103.8,0.04,12,124574,卖盘
13:00:18,103.81,0.01,6,62284,卖盘
13:00:22,103.88,0.07,10,103879,买盘
13:00:25,103.89,0.01,2,20778,买盘
13:00:28,103.89,0.0,11,114280,卖盘
13:00:31,103.87,-0.02,10,103875,卖盘
13:00:34,103.83,-0.04,3,31149,卖盘
13:00:37,103.84,0.01,8,83064,中性盘
13:00:40,103.89,0.05,12,124640,买盘
13:00:43,103.83,-0.06,11,114212,买盘
13:00:46,103.89,0.06,11,114242,买盘
13:00:49,103.85,-0.04,6,62343,卖盘
13:00:52,103.85,0.0,1,10385,卖盘
13:00:54,103.85,0.0,2,20770,卖盘
13:00:58,103.85,0.0,1,10385,买盘
13:01:01,103.85,0.0,12,124611,买盘
13:01:04,103.84,-0.01,9,93453,中性盘
13:01:07,103.85,0.01,15,155763,买盘
13:01:10,103.82,-0.03,15,155751,卖盘
13:01:13,103.85,0.03,1,10385,卖盘
13:01:19,103.89,0.04,17,176561,买盘
13:01:22,103.87,-0.02,3,31157,中性盘
13:01:25,103.85,-0.02,2,20770,卖盘
13:01:27,103.85,0.0,30,311536,卖盘
13:01:31,103.82,-0.03,22,228425,卖盘
13:01:34,103.81,-0.01,15,155730,卖盘
13:01:36,103.8,-0.01,7,72663,卖盘
13:01:39,103.78,-0.02,7,72653,卖盘
13:01:43,103.75,-0.03,1,10376,买盘
13:01:46,103.8,0.05,9,93418,买盘
13:01:49,103.76,-0.04,6,62264,卖盘
13:01:52,103.76,0.0,8,83001,买盘
13:01:55,103.75,-0.01,3,31125,卖盘
13:01:58,103.76,0.01,2,20752,买盘
13:02:01,103.77,0.01,2,20754,卖盘
13:02:04,103.76,-0.01,2,20752,卖盘
13:02:07,103.8,0.04,18,186826,买盘
13:02:10,103.76,-0.04,6,62260,卖盘
13:02:16,103.78,0.02,4,41512,买盘
13:02:19,103.79,0.01,10,103772,买盘
13:02:22,103.77,-0.02,3,31131,卖盘
13:02:25,103.79,0.02,16,166050,买盘
13:02:28,103.77,-0.02,10,103775,卖盘
13:02:31,103.75,-0.02,13,134886,卖盘
13:02:34,103.77,0.02,17,176385,买盘
13:02:37,103.77,0.0,16,166032,买盘
13:02:40,103.77,0.0,24,249079,卖盘
13:02:43,103.77,0.0,7,72639,卖盘
13:02:46,103.78,0.01,14,145290,买盘
13:02:49,103.77,-0.01,8,83017,卖盘
13:02:52,103.78,0.01,7,72651,卖盘
13:02:55,103.78,0.0,12,124535,买盘
13:02:58,103.77,-0.01,6,62264,卖盘
13:03:01,103.77,0.0,18,186786,卖盘
13:03:05,103.78,0.01,13,134910,买盘
13:03:07,103.78,0.0,4,41512,卖盘
13:03:13,103.79,0.01,1,10379,买盘
13:03:16,103.79,0.0,18,186830,买盘
13:03:19,103.78,-0.01,6,62273,卖盘
13:03:22,103.9,0.12,13,135020,买盘
13:03:24,103.85,-0.05,2,20770,卖盘
13:03:28,103.85,0.0,1,10385,卖盘
13:03:31,103.85,0.0,5,51925,卖盘
13:03:33,103.88,0.03,4,41543,中性盘
13:03:37,103.89,0.01,11,114274,买盘
13:03:40,103.89,0.0,13,135049,买盘
13:03:43,103.89,0.0,4,41544,买盘
13:03:46,103.85,-0.04,3,31163,卖盘
13:03:49,103.9,0.05,9,93499,买盘
13:03:52,103.86,-0.04,5,51930,卖盘
13:03:55,103.83,-0.03,14,145388,卖盘
13:03:58,103.85,0.02,12,124608,买盘
13:04:01,103.83,-0.02,7,72669,中性盘
13:04:05,103.82,-0.01,6,62297,中性盘
13:04:07,103.82,0.0,3,31146,卖盘
13:04:10,103.83,0.01,1,10383,买盘
13:04:13,103.83,0.0,1,10383,卖盘
13:04:16,103.89,0.06,12,124643,买盘
13:04:19,103.83,-0.06,5,51915,卖盘
13:04:22,103.84,0.01,1,10384,卖盘
13:04:25,103.89,0.05,22,228548,买盘
13:04:28,103.83,-0.06,3,31151,卖盘
13:04:30,103.85,0.02,13,135002,买盘
13:04:33,103.84,-0.01,1,10384,卖盘
13:04:37,103.84,0.0,3,31153,卖盘
13:04:40,103.85,0.01,1,10385,买盘
13:04:43,103.84,-0.01,4,41537,卖盘
13:04:46,103.85,0.01,9,93464,买盘
13:04:48,103.85,0.0,2,20774,卖盘
13:04:54,103.86,0.01,3,31161,卖盘
13:04:57,103.89,0.03,6,62334,买盘
13:05:00,103.86,-0.03,1,10386,卖盘
13:05:04,103.89,0.03,6,62322,卖盘
13:05:07,103.85,-0.04,2,20771,卖盘
13:05:10,103.86,0.01,4,41544,买盘
13:05:13,103.86,0.0,1,10386,买盘
13:05:18,103.86,0.0,6,62318,卖盘
13:05:22,103.87,0.01,1,10387,中性盘
13:05:25,103.89,0.02,23,238947,买盘
13:05:28,103.89,0.0,12,124668,卖盘
13:05:31,103.87,-0.02,3,31161,卖盘
13:05:34,103.86,-0.01,19,197379,卖盘
13:05:37,103.86,0.0,2,20772,卖盘
13:05:40,103.89,0.03,13,135057,买盘
13:05:42,103.89,0.0,5,51943,中性盘
13:05:46,103.9,0.01,8,83107,买盘
13:05:49,103.89,-0.01,38,394813,买盘
13:05:52,103.9,0.01,12,124680,买盘
13:05:55,103.9,0.0,3,31170,卖盘
13:05:57,103.9,0.0,1,10390,卖盘
13:06:00,103.97,0.07,4,41588,买盘
13:06:05,103.97,0.0,9,93573,买盘
13:06:07,103.97,0.0,12,124701,买盘
13:06:10,103.97,0.0,8,83169,买盘
13:06:13,103.91,-0.06,21,218331,卖盘
13:06:16,103.97,0.06,63,654929,买盘
13:06:18,103.9,-0.07,9,93512,卖盘
13:06:22,103.9,0.0,19,197426,卖盘
13:06:25,104.0,0.1,60,623969,买盘
13:06:28,103.97,-0.03,22,228699,中性盘
13:06:31,103.92,-0.05,81,841994,卖盘
13:06:34,103.85,-0.07,68,706394,卖盘
13:06:37,103.82,-0.03,28,290812,卖盘
13:06:40,103.82,0.0,27,280312,卖盘
13:06:43,103.79,-0.03,31,321773,卖盘
13:06:46,103.79,0.0,36,373624,买盘
13:06:49,103.79,0.0,7,72650,买盘
13:06:52,103.81,0.02,44,456681,买盘
13:06:55,103.79,-0.02,9,93417,卖盘
13:06:58,103.79,0.0,18,186847,卖盘
13:07:01,103.79,0.0,1,10379,卖盘
13:07:04,103.81,0.02,1,10381,买盘
13:07:07,103.8,-0.01,10,103805,卖盘
13:07:10,103.81,0.01,8,83035,买盘
13:07:13,103.8,-0.01,5,51902,卖盘
13:07:16,103.81,0.01,2,20762,买盘
13:07:18,103.81,0.0,5,51905,买盘
13:07:22,103.81,0.0,1,10381,卖盘
13:07:25,103.84,0.03,11,114221,买盘
13:07:31,103.81,-0.03,4,41524,卖盘
13:07:34,103.81,0.0,1,10381,卖盘
13:07:37,103.84,0.03,1,10384,买盘
13:07:39,104.0,0.16,100,1039982,买盘
13:07:43,103.84,-0.16,3,31152,中性盘
13:07:48,103.84,0.0,6,62304,卖盘
13:07:52,104.0,0.16,100,1040000,中性盘
13:07:55,103.85,-0.15,3,31155,卖盘
13:07:58,103.84,-0.01,3,31152,卖盘
13:08:01,103.84,0.0,7,72689,买盘
13:08:05,103.84,0.0,6,62304,买盘
13:08:07,103.83,-0.01,4,41534,卖盘
13:08:10,103.84,0.01,22,228448,买盘
13:08:13,104.0,0.16,29,301584,买盘
13:08:15,104.0,0.0,1,10400,卖盘
13:08:19,104.0,0.0,3,31200,卖盘
13:08:22,104.01,0.01,5,51276,中性盘
13:08:25,104.04,0.03,14,145646,买盘
13:08:28,104.0,-0.04,1,10400,卖盘
13:08:31,104.01,0.01,3,31203,卖盘
13:08:34,104.01,0.0,14,145604,卖盘
13:08:37,104.01,0.0,1,10401,卖盘
13:08:40,104.0,-0.01,5,52000,卖盘
13:08:43,104.04,0.04,79,821665,买盘
13:08:46,103.85,-0.19,2,20771,买盘
13:08:49,104.0,0.15,19,197593,买盘
13:08:52,104.0,0.0,39,405602,卖盘
13:08:55,104.0,0.0,150,1561194,卖盘
13:08:58,103.86,-0.14,3,31158,卖盘
13:09:01,103.85,-0.01,21,218817,卖盘
13:09:04,104.0,0.15,61,632811,买盘
13:09:07,104.0,0.0,18,187200,卖盘
13:09:10,104.0,0.0,35,364022,卖盘
13:09:13,104.2,0.2,10,104100,买盘
13:09:16,104.05,-0.15,11,114425,卖盘
13:09:19,104.05,0.0,2,20810,卖盘
13:09:22,104.18,0.13,1,10418,中性盘
13:09:25,104.19,0.01,6,62461,买盘
13:09:28,104.0,-0.19,13,135344,卖盘
13:09:31,104.0,0.0,87,904876,卖盘
13:09:34,104.0,0.0,20,208087,卖盘
13:09:37,104.0,0.0,15,156038,卖盘
13:09:40,104.01,0.01,6,62405,卖盘
13:09:43,104.0,-0.01,10,104005,卖盘
13:09:46,104.0,0.0,70,728730,卖盘
13:09:49,103.93,-0.07,38,394934,卖盘
13:09:52,104.0,0.07,78,811200,卖盘
13:09:55,104.01,0.01,103,1071030,买盘
13:09:57,103.86,-0.15,6,62369,卖盘
13:10:01,104.01,0.15,39,405477,买盘
13:10:05,104.01,0.0,3,31211,卖盘
13:10:07,104.0,-0.01,108,1125024,卖盘
13:10:13,104.01,0.01,24,249623,卖盘
13:10:16,104.02,0.01,76,790424,中性盘
13:10:19,103.87,-0.15,2,20774,卖盘
13:10:22,104.0,0.13,100,1040000,中性盘
13:10:25,103.88,-0.12,20,207760,卖盘
13:10:28,104.0,0.12,112,1163859,买盘
13:10:31,104.0,0.0,3,31187,买盘
13:10:34,103.88,-0.12,4,41552,卖盘
13:10:37,103.88,0.0,8,83170,卖盘
13:10:40,103.88,0.0,1,10388,卖盘
13:10:43,103.98,0.1,9,93503,买盘
13:10:46,103.88,-0.1,4,41552,卖盘
13:10:49,103.98,0.1,3,31174,买盘
13:10:52,104.0,0.02,96,998315,买盘
13:10:55,103.9,-0.1,11,114380,卖盘
13:11:01,104.0,0.1,2,20800,买盘
13:11:05,104.0,0.0,1,10400,买盘
13:11:10,103.98,-0.02,1,10398,买盘
13:11:16,103.9,-0.08,10,103908,卖盘
13:11:19,103.97,0.07,3,31192,卖盘
13:11:22,104.0,0.03,49,509517,买盘
13:11:25,104.0,0.0,77,800800,卖盘
13:11:28,103.98,-0.02,22,228771,卖盘
13:11:30,103.98,0.0,23,239154,买盘
13:11:34,104.0,0.02,40,416000,卖盘
13:11:37,103.98,-0.02,82,852327,卖盘
13:11:43,103.98,0.0,115,1195889,买盘
13:11:46,103.9,-0.08,8,83127,卖盘
13:11:49,103.97,0.07,2,20787,买盘
13:11:52,104.0,0.03,47,488621,买盘
13:11:55,103.91,-0.09,68,707188,卖盘
13:11:58,103.9,-0.01,15,155850,卖盘
13:12:01,103.89,-0.01,2,20779,卖盘
13:12:04,103.91,0.02,105,1091886,中性盘
13:12:07,103.96,0.05,12,124703,中性盘
13:12:10,103.89,-0.07,10,103904,卖盘
13:12:13,103.88,-0.01,15,155831,卖盘
13:12:16,104.0,0.12,119,1237159,买盘
13:12:22,103.98,-0.02,103,1071178,中性盘
13:12:25,103.88,-0.1,9,93509,卖盘
13:12:28,103.87,-0.01,117,1216567,卖盘
13:12:31,104.0,0.13,55,571984,中性盘
13:12:37,104.0,0.0,38,395208,卖盘
13:12:40,104.0,0.0,46,478400,卖盘
13:12:43,104.0,0.0,20,208000,卖盘
13:12:46,104.01,0.01,24,249622,买盘
13:12:49,104.01,0.0,3,31202,买盘
13:12:52,104.0,-0.01,13,135204,卖盘
13:12:55,104.01,0.01,3,31201,中性盘
13:12:58,103.98,-0.03,43,447198,卖盘
13:13:01,103.89,-0.09,6,62370,卖盘
13:13:05,103.98,0.09,3,31194,买盘
13:13:07,103.89,-0.09,5,51945,卖盘
13:13:10,103.98,0.09,23,238944,买盘
13:13:13,103.84,-0.14,152,1578650,卖盘
13:13:16,103.84,0.0,1,10384,买盘
13:13:22,103.87,0.03,6,62325,卖盘
13:13:24,103.89,0.02,1,10389,中性盘
13:13:28,103.87,-0.02,10,103875,卖盘
13:13:31,103.88,0.01,1,10388,买盘
13:13:34,103.88,0.0,40,414189,买盘
13:13:37,103.84,-0.04,2,20770,卖盘
13:13:40,103.88,0.04,13,135036,买盘
13:13:43,104.0,0.12,50,519729,买盘
13:13:46,104.0,0.0,9,94640,卖盘
13:13:49,104.0,0.0,58,602160,卖盘
13:13:51,104.0,0.0,26,271440,买盘
13:13:55,104.0,0.0,7,72801,卖盘
13:13:58,104.0,0.0,7,72800,卖盘
13:14:01,104.0,0.0,4,41600,卖盘
13:14:05,104.0,0.0,7,72802,卖盘
13:14:07,104.01,0.01,1,10401,买盘
13:14:16,104.0,-0.01,4,41600,卖盘
13:14:19,104.01,0.01,10,104010,买盘
13:14:22,104.0,-0.01,20,208001,卖盘
13:14:25,104.01,0.01,12,124802,中性盘
13:14:27,104.0,-0.01,21,217360,卖盘
13:14:31,104.0,0.0,1,10400,买盘
13:14:37,104.0,0.0,5,52000,买盘
13:14:43,103.89,-0.11,2,20778,卖盘
13:14:46,103.89,0.0,7,72723,买盘
13:14:49,103.89,0.0,12,124668,买盘
13:14:52,104.0,0.11,1,10400,买盘
13:14:58,103.89,-0.11,12,123433,卖盘
13:15:10,103.99,0.11,52,540789,买盘
13:15:16,104.0,0.01,7,73828,买盘
13:15:19,104.0,0.0,2,20800,卖盘
13:15:22,104.02,0.02,8,83210,买盘
13:15:25,104.0,-0.02,5,52003,卖盘
13:15:28,104.0,0.0,56,582400,卖盘
13:15:31,104.0,0.0,44,457602,卖盘
13:15:34,103.9,-0.1,4,41579,卖盘
13:15:37,103.89,-0.01,2,20780,卖盘
13:15:40,103.89,0.0,4,41557,卖盘
13:15:43,103.89,0.0,2,20778,卖盘
13:15:45,103.98,0.09,3,31178,买盘
13:15:52,103.9,-0.08,1,10390,卖盘
13:15:55,103.97,0.07,12,124764,买盘
13:16:00,104.0,0.03,100,1039962,买盘
13:16:05,103.91,-0.09,1,10391,卖盘
13:16:07,103.98,0.07,5,51975,买盘
13:16:13,103.98,0.0,17,176754,卖盘
13:16:16,103.92,-0.06,1,10392,卖盘
13:16:22,103.97,0.05,2,20794,买盘
13:16:34,103.98,0.01,3,31194,卖盘
13:16:37,103.97,-0.01,5,51985,卖盘
13:16:40,103.93,-0.04,2,20786,卖盘
13:16:42,103.96,0.03,2,20792,买盘
13:16:46,103.93,-0.03,12,124728,卖盘
13:16:48,103.93,0.0,5,51962,买盘
13:16:52,103.93,0.0,12,124716,买盘
13:16:58,103.95,0.02,5,51975,卖盘
13:17:01,103.96,0.01,4,41584,买盘
13:17:04,103.95,-0.01,1,10395,卖盘
13:17:07,103.96,0.01,1,10396,买盘
13:17:10,103.95,-0.01,6,62380,卖盘
13:17:16,103.95,0.0,1,10395,买盘
13:17:19,103.96,0.01,3,31188,卖盘
13:17:22,103.95,-0.01,4,41582,卖盘
13:17:25,104.0,0.05,125,1299956,买盘
13:17:28,104.01,0.01,7,72807,买盘
13:17:31,104.01,0.0,1,10401,买盘
13:17:34,104.02,0.01,2,20803,买盘
13:17:37,104.02,0.0,1,10402,买盘
13:17:40,104.02,0.0,7,72808,买盘
13:17:42,104.01,-0.01,5,52009,卖盘
13:17:46,104.02,0.01,6,62412,买盘
13:17:49,104.02,0.0,3,31210,卖盘
13:17:52,104.02,0.0,7,72820,卖盘
13:17:55,104.05,0.03,7,72832,买盘
13:17:58,104.04,-0.01,7,72829,中性盘
13:18:01,104.05,0.01,1,10405,买盘
13:18:04,104.05,0.0,1,10405,买盘
13:18:07,104.05,0.0,5,52028,买盘
13:18:10,104.05,0.0,2,20813,卖盘
13:18:13,104.1,0.05,4,41638,买盘
13:18:16,104.08,-0.02,2,20818,卖盘
13:18:19,104.17,0.09,2,20827,买盘
13:18:28,104.18,0.01,22,229208,买盘
13:18:37,104.2,0.02,15,156298,买盘
13:18:40,104.2,0.0,1,10420,卖盘
13:18:43,104.21,0.01,5,52104,买盘
13:18:46,104.22,0.01,4,41685,买盘
13:18:48,104.22,0.0,5,52110,买盘
13:18:52,104.22,0.0,3,31264,买盘
13:18:55,104.23,0.01,3,31269,买盘
13:19:01,104.25,0.02,1,10425,买盘
13:19:04,104.25,0.0,8,83398,买盘
13:19:07,104.23,-0.02,5,52119,卖盘
13:19:10,104.3,0.07,196,2043786,买盘
13:19:13,104.24,-0.06,9,93849,卖盘
13:19:16,104.25,0.01,1,10425,买盘
13:19:19,104.33,0.08,31,323181,买盘
13:19:25,104.39,0.06,11,114783,买盘
13:19:27,104.3,-0.09,4,41720,卖盘
13:19:34,104.31,0.01,2,20864,卖盘
13:19:37,104.3,-0.01,66,688903,卖盘
13:19:40,104.35,0.05,7,73045,买盘
13:19:46,104.35,0.0,35,365225,买盘
13:19:49,104.35,0.0,18,187878,卖盘
13:19:52,104.35,0.0,11,114764,买盘
13:19:55,104.35,0.0,14,146090,买盘
13:19:58,104.38,0.03,15,156528,买盘
13:20:00,104.5,0.12,303,3164869,买盘
13:20:04,104.36,-0.14,13,135674,卖盘
13:20:07,104.38,0.02,49,511330,买盘
13:20:10,104.5,0.12,100,1044957,买盘
13:20:16,104.5,0.0,2,20900,买盘
13:20:18,104.5,0.0,2,20900,买盘
13:20:22,104.5,0.0,14,146289,买盘
13:20:25,104.5,0.0,19,198550,买盘
13:20:28,104.51,0.01,173,1807854,买盘
13:20:31,104.5,-0.01,24,250800,卖盘
13:20:34,104.36,-0.14,8,83549,卖盘
13:20:37,104.5,0.14,65,678550,买盘
13:20:40,104.49,-0.01,21,219449,中性盘
13:20:43,104.35,-0.14,4,41740,卖盘
13:20:46,104.36,0.01,1,10436,中性盘
13:20:49,104.49,0.13,24,250692,买盘
13:20:52,104.35,-0.14,2,20875,中性盘
13:20:55,104.33,-0.02,5,52210,中性盘
13:20:58,104.47,0.14,5,52205,买盘
13:21:01,104.34,-0.13,3,31302,卖盘
13:21:05,104.34,0.0,9,93906,卖盘
13:21:07,104.4,0.06,104,1085683,买盘
13:21:13,104.34,-0.06,28,286807,买盘
13:21:16,104.4,0.06,12,125271,买盘
13:21:19,104.38,-0.02,6,62614,中性盘
13:21:25,104.34,-0.04,1,10434,卖盘
13:21:28,104.48,0.14,97,1013239,买盘
13:21:31,104.35,-0.13,15,156684,卖盘
13:21:34,104.4,0.05,7,73080,买盘
13:21:37,104.5,0.1,105,1097105,买盘
13:21:39,104.34,-0.16,4,44997,卖盘
13:21:43,104.38,0.04,1,10438,卖盘
13:21:45,104.48,0.1,4,41789,买盘
13:21:49,104.48,0.0,3,31344,卖盘
13:21:52,104.45,-0.03,1,10445,中性盘
13:21:55,104.48,0.03,4,41792,买盘
13:21:58,104.48,0.0,2,20896,买盘
13:22:01,104.38,-0.1,4,41762,卖盘
13:22:04,104.38,0.0,3,31314,卖盘
13:22:07,104.38,0.0,2,20886,卖盘
13:22:13,104.48,0.1,5,52236,买盘
13:22:16,104.5,0.02,158,1649956,买盘
13:22:22,104.47,-0.03,1,10447,卖盘
13:22:25,104.48,0.01,2,20888,买盘
13:22:28,104.38,-0.1,2,20886,卖盘
13:22:31,104.38,0.0,10,104380,卖盘
13:22:34,104.4,0.02,19,198330,买盘
13:22:37,104.36,-0.04,1,10436,卖盘
13:22:40,104.38,0.02,5,52195,买盘
13:22:46,104.48,0.1,31,323870,买盘
13:22:49,104.48,0.0,2,20896,卖盘
13:22:52,104.48,0.0,5,52240,卖盘
13:22:55,104.47,-0.01,80,835887,卖盘
13:22:58,104.48,0.01,2,20897,中性盘
13:23:01,104.47,-0.01,21,219387,卖盘
13:23:10,104.38,-0.09,18,187884,卖盘
13:23:13,104.39,0.01,7,73073,卖盘
13:23:19,104.39,0.0,1,10439,卖盘
13:23:22,104.46,0.07,109,1138913,买盘
13:23:25,104.4,-0.06,2,20886,卖盘
13:23:34,104.4,0.0,102,1065695,卖盘
13:23:37,104.4,0.0,11,114850,卖盘
13:23:40,104.5,0.1,60,626648,买盘
13:23:43,104.4,-0.1,83,867394,卖盘
13:23:46,104.39,-0.01,41,428038,卖盘
13:23:49,104.45,0.06,44,459471,买盘
13:23:52,104.38,-0.07,7,73066,卖盘
13:23:58,104.38,0.0,8,83502,卖盘
13:24:01,104.5,0.12,201,2099816,买盘
13:24:04,104.36,-0.14,41,427876,卖盘
13:24:07,104.36,0.0,12,125234,卖盘
13:24:10,104.36,0.0,7,73052,卖盘
13:24:13,104.35,-0.01,8,83481,卖盘
13:24:16,104.4,0.05,38,396609,买盘
13:24:19,104.4,0.0,34,354960,卖盘
13:24:22,104.4,0.0,22,229680,卖盘
13:24:25,104.36,-0.04,3,31308,卖盘
13:24:31,104.36,0.0,2,20872,中性盘
13:24:34,104.4,0.04,5,52194,买盘
13:24:37,104.4,0.0,8,83520,卖盘
13:24:40,104.4,0.0,20,208743,买盘
13:24:43,104.35,-0.05,1,10435,卖盘
13:24:46,104.34,-0.01,16,166963,卖盘
13:24:48,104.34,0.0,93,970362,卖盘
13:24:52,104.31,-0.03,81,845093,卖盘
13:24:55,104.25,-0.06,26,273262,买盘
13:24:58,104.34,0.09,3,31289,买盘
13:25:01,104.31,-0.03,1,10431,中性盘
13:25:07,104.31,0.0,1,10431,买盘
13:25:10,104.24,-0.07,5,52127,卖盘
13:25:13,104.24,0.0,1,10424,卖盘
13:25:16,104.24,0.0,2,20848,卖盘
13:25:18,104.23,-0.01,4,41695,卖盘
13:25:22,104.24,0.01,9,93816,买盘
13:25:25,104.24,0.0,3,31272,买盘
13:25:28,104.23,-0.01,2,20846,卖盘
13:25:31,104.2,-0.03,14,145889,卖盘
13:25:33,104.2,0.0,12,125025,买盘
13:25:40,104.11,-0.09,13,135347,卖盘
13:25:43,104.1,-0.01,3,31231,卖盘
13:25:46,104.1,0.0,4,41641,卖盘
13:25:49,104.11,0.01,16,162323,买盘
13:25:52,104.08,-0.03,25,264539,卖盘
13:25:55,104.09,0.01,7,72861,买盘
13:25:57,104.08,-0.01,4,41632,卖盘
13:26:00,104.08,0.0,7,72857,卖盘
13:26:05,104.08,0.0,2,20816,买盘
13:26:07,104.08,0.0,1,10408,卖盘
13:26:10,104.09,0.01,8,79003,卖盘
13:26:16,104.09,0.0,1,10409,卖盘
13:26:19,104.11,0.02,2,20820,买盘
13:26:22,104.14,0.03,8,83293,买盘
13:26:25,104.11,-0.03,1,10411,中性盘
13:26:28,104.14,0.03,1,10414,中性盘
13:26:31,104.11,-0.03,23,239441,卖盘
13:26:33,104.11,0.0,2,20822,买盘
13:26:40,104.11,0.0,37,385179,买盘
13:26:43,104.1,-0.01,9,93690,卖盘
13:26:46,104.09,-0.01,1,10409,卖盘
13:26:52,104.09,0.0,7,72863,卖盘
13:26:55,104.1,0.01,8,83276,买盘
13:26:57,104.1,0.0,5,52046,买盘
13:27:07,104.09,-0.01,11,118767,卖盘
13:27:16,104.09,0.0,6,62454,买盘
13:27:19,104.08,-0.01,1,10408,卖盘
13:27:22,104.09,0.01,8,83272,买盘
13:27:25,104.09,0.0,1,10409,买盘
13:27:30,104.08,-0.01,2,20816,卖盘
13:27:37,104.05,-0.03,13,135278,卖盘
13:27:40,104.05,0.0,1,10405,买盘
13:27:43,104.03,-0.02,2,20807,卖盘
13:27:46,104.04,0.01,1,6242,卖盘
13:28:01,104.04,0.0,3,31212,买盘
13:28:04,104.04,0.0,5,53057,买盘
13:28:07,104.04,0.0,11,114443,买盘
13:28:10,104.04,0.0,1,10404,买盘
13:28:13,104.03,-0.01,5,42652,卖盘
13:28:19,104.03,0.0,3,31209,卖盘
13:28:21,104.04,0.01,3,31211,买盘
13:28:25,104.02,-0.02,9,101945,卖盘
13:28:27,104.04,0.02,21,211710,买盘
13:28:31,104.04,0.0,5,52020,卖盘
13:28:37,104.04,0.0,3,31214,卖盘
13:28:43,104.05,0.01,2,20810,买盘
13:28:49,104.05,0.0,7,72831,买盘
13:28:52,104.04,-0.01,1,17167,卖盘
13:28:58,104.04,0.0,1,10404,卖盘
13:29:01,104.04,0.0,2,20808,买盘
13:29:04,104.04,0.0,17,176868,买盘
13:29:07,104.04,0.0,2,20808,买盘
13:29:16,104.05,0.01,5,52019,买盘
13:29:19,104.02,-0.03,5,52010,卖盘
13:29:22,104.02,0.0,8,83216,买盘
13:29:25,104.02,0.0,9,93618,买盘
13:29:28,104.02,0.0,1,4161,卖盘
13:29:31,104.02,0.0,2,20804,卖盘
13:29:34,104.03,0.01,3,31208,买盘
13:29:37,104.01,-0.02,2,27043,买盘
13:29:39,104.02,0.01,1,10402,买盘
13:29:43,104.02,0.0,6,62412,买盘
13:29:46,104.02,0.0,2,20804,买盘
13:29:52,104.02,0.0,2,20804,买盘
13:29:55,104.01,-0.01,3,31205,卖盘
13:29:57,104.02,0.01,7,66574,买盘
13:30:01,104.02,0.0,8,83220,卖盘
13:30:04,104.01,-0.01,2,20803,买盘
13:30:07,104.03,0.02,1,10403,买盘
13:30:10,104.04,0.01,1,10404,买盘
13:30:22,104.04,0.0,1,10404,买盘
13:30:25,104.03,-0.01,5,52015,卖盘
13:30:27,104.05,0.02,17,176882,买盘
13:30:31,104.05,0.0,12,124860,买盘
13:30:34,104.05,0.0,13,138907,买盘
13:30:37,104.08,0.03,1,10408,买盘
13:30:40,104.08,0.0,2,20816,买盘
13:30:43,104.09,0.01,27,281019,买盘
13:30:46,104.05,-0.04,8,83268,卖盘
13:30:49,104.05,0.0,7,72851,卖盘
13:30:52,104.09,0.04,3,31227,买盘
13:30:55,104.09,0.0,1,10409,买盘
13:30:58,104.05,-0.04,21,218506,卖盘
13:31:04,104.08,0.03,2,20816,买盘
13:31:10,104.08,0.0,1,10408,卖盘
13:31:13,104.08,0.0,3,31224,卖盘
13:31:16,104.09,0.01,2,20817,买盘
13:31:19,104.08,-0.01,2,20816,卖盘
13:31:22,104.09,0.01,1,10409,买盘
13:31:31,104.09,0.0,1,10409,买盘
13:31:36,104.08,-0.01,2,20816,卖盘
13:31:40,104.08,0.0,15,156138,卖盘
13:31:43,104.09,0.01,23,239404,买盘
13:31:46,104.09,0.0,6,62454,买盘
13:31:49,104.09,0.0,8,83268,买盘
13:32:01,104.1,0.01,9,93690,买盘
13:32:04,104.1,0.0,6,62460,买盘
13:32:07,104.09,-0.01,27,281065,卖盘
13:32:10,104.09,0.0,3,31227,卖盘
13:32:16,104.08,-0.01,2,20816,卖盘
13:32:22,104.08,0.0,3,31225,卖盘
13:32:25,104.09,0.01,4,41636,买盘
13:32:31,104.09,0.0,1,10409,卖盘
13:32:34,104.09,0.0,1,10409,卖盘
13:32:37,104.1,0.01,5,52050,买盘
13:32:40,104.09,-0.01,4,41636,卖盘
13:32:43,104.09,0.0,1,10409,卖盘
13:32:46,104.1,0.01,4,41640,买盘
13:32:49,104.1,0.0,2,20820,买盘
13:32:52,104.1,0.0,2,20820,买盘
13:32:58,104.15,0.05,20,208284,买盘
13:33:07,104.11,-0.04,5,52063,卖盘
13:33:10,104.15,0.04,1,10415,买盘
13:33:16,104.11,-0.04,6,62466,卖盘
13:33:19,104.11,0.0,6,62466,买盘
13:33:25,104.19,0.08,2,20838,买盘
13:33:28,104.19,0.0,3,31257,卖盘
13:33:31,104.19,0.0,3,31257,中性盘
13:33:34,104.15,-0.04,10,104150,卖盘
13:33:40,104.11,-0.04,10,104110,买盘
13:33:43,104.1,-0.01,5,52054,卖盘
13:33:46,104.1,0.0,2,20820,卖盘
13:33:48,104.11,0.01,23,239452,买盘
13:33:52,104.1,-0.01,5,52052,卖盘
13:33:54,104.11,0.01,5,52055,买盘
13:33:58,104.1,-0.01,6,62465,卖盘
13:34:05,104.12,0.02,13,135344,中性盘
13:34:07,104.12,0.0,3,31236,卖盘
13:34:09,104.12,0.0,2,20824,卖盘
13:34:16,104.2,0.08,3,31244,买盘
13:34:19,104.12,-0.08,1,10412,卖盘
13:34:22,104.2,0.08,27,281132,买盘
13:34:31,104.12,-0.08,4,41655,卖盘
13:34:34,104.19,0.07,3,31243,买盘
13:34:40,104.11,-0.08,2,20822,卖盘
13:34:43,104.12,0.01,3,31236,买盘
13:34:46,104.1,-0.02,4,38104,卖盘
13:34:49,104.12,0.02,7,72880,买盘
13:34:52,104.1,-0.02,1,10410,卖盘
13:34:58,104.1,0.0,1,10410,卖盘
13:35:01,104.1,0.0,7,72870,卖盘
13:35:04,104.12,0.02,10,104112,买盘
13:35:07,104.12,0.0,4,41644,买盘
13:35:10,104.12,0.0,2,20824,买盘
13:35:13,104.12,0.0,1,10412,买盘
13:35:19,104.12,0.0,1,10412,买盘
13:35:22,104.1,-0.02,11,114510,卖盘
13:35:24,104.1,0.0,3,31230,卖盘
13:35:28,104.1,0.0,5,52050,卖盘
13:35:31,104.09,-0.01,3,31228,卖盘
13:35:34,104.12,0.03,7,72876,买盘
13:35:37,104.1,-0.02,6,62460,卖盘
13:35:40,104.1,0.0,2,20820,卖盘
13:35:46,104.1,0.0,7,72870,卖盘
13:35:49,104.1,0.0,1,10410,卖盘
13:35:52,104.12,0.02,2,20824,买盘
13:35:55,104.1,-0.02,11,114510,卖盘
13:36:01,104.1,0.0,1,10410,卖盘
13:36:07,104.1,0.0,1,10410,卖盘
13:36:10,104.12,0.02,4,41648,买盘
13:36:16,104.1,-0.02,21,218610,卖盘
13:36:22,104.09,-0.01,1,10409,卖盘
13:36:25,104.1,0.01,5,52050,买盘
13:36:28,104.09,-0.01,1,10409,卖盘
13:36:31,104.09,0.0,9,97222,卖盘
13:36:34,104.08,-0.01,1,10408,卖盘
13:36:37,104.09,0.01,1,10409,买盘
13:36:43,104.08,-0.01,2,20816,卖盘
13:36:46,104.09,0.01,17,176952,买盘
13:36:49,104.09,0.0,1,10409,买盘
13:36:52,104.09,0.0,1,10409,买盘
13:36:55,104.09,0.0,6,62454,买盘
13:36:58,104.09,0.0,4,38097,买盘
13:37:05,104.09,0.0,11,114499,卖盘
13:37:10,104.09,0.0,4,41639,卖盘
13:37:13,104.1,0.01,6,62460,买盘
13:37:16,104.09,-0.01,4,45175,卖盘
13:37:19,104.09,0.0,2,20818,买盘
13:37:21,104.08,-0.01,1,10408,卖盘
13:37:25,104.08,0.0,1,10408,卖盘
13:37:28,104.08,0.0,2,20816,卖盘
13:37:31,104.09,0.01,4,41633,买盘
13:37:34,104.09,0.0,2,20818,买盘
13:37:37,104.08,-0.01,2,20816,卖盘
13:37:39,104.09,0.01,4,41633,买盘
13:37:43,104.08,-0.01,2,20816,卖盘
13:37:46,104.09,0.01,3,31225,买盘
13:37:49,104.1,0.01,1,10409,卖盘
13:37:55,104.08,-0.02,4,41632,卖盘
13:37:58,104.09,0.01,47,489183,卖盘
13:38:01,104.1,0.01,9,90149,买盘
13:38:04,104.08,-0.02,11,118041,卖盘
13:38:10,104.09,0.01,3,31225,买盘
13:38:13,104.09,0.0,6,62454,买盘
13:38:16,104.08,-0.01,1,10408,卖盘
13:38:22,104.09,0.01,4,41635,买盘
13:38:24,104.09,0.0,2,20817,买盘
13:38:28,104.09,0.0,6,62452,买盘
13:38:31,104.09,0.0,3,31225,买盘
13:38:34,104.09,0.0,1,10409,买盘
13:38:37,104.09,0.0,1,10409,买盘
13:38:40,104.08,-0.01,4,41634,卖盘
13:38:43,104.08,0.0,9,97212,卖盘
13:38:46,104.08,0.0,8,83267,卖盘
13:38:49,104.09,0.01,8,83278,中性盘
13:38:52,104.08,-0.01,136,1411988,卖盘
13:38:55,104.06,-0.02,2,20814,卖盘
13:38:58,104.08,0.02,7,72856,买盘
13:39:00,104.08,0.0,5,52040,买盘
13:39:04,104.08,0.0,9,93672,买盘
13:39:07,104.08,0.0,9,93660,买盘
13:39:10,104.08,0.0,2,20816,买盘
13:39:13,104.06,-0.02,1,10406,卖盘
13:39:16,104.06,0.0,16,166500,卖盘
13:39:19,104.06,0.0,3,31218,买盘
13:39:21,104.06,0.0,1,8429,卖盘
13:39:24,104.08,0.02,6,62446,买盘
13:39:28,104.06,-0.02,1,10406,卖盘
13:39:31,104.06,0.0,11,114482,卖盘
13:39:34,104.06,0.0,5,54008,卖盘
13:39:37,104.05,-0.01,3,31215,卖盘
13:39:43,104.05,0.0,5,52026,卖盘
13:39:52,104.05,0.0,1,10405,卖盘
13:39:54,104.05,0.0,17,173243,卖盘
13:39:58,104.04,-0.01,1,10404,卖盘
13:40:04,104.04,0.0,3,31212,卖盘
13:40:07,104.04,0.0,4,41616,卖盘
13:40:10,104.04,0.0,5,52020,卖盘
13:40:13,104.04,0.0,9,93632,中性盘
13:40:15,104.05,0.01,5,52025,买盘
13:40:19,104.04,-0.01,4,41616,卖盘
13:40:22,104.04,0.0,1,10404,卖盘
13:40:25,104.02,-0.02,3,31206,卖盘
13:40:28,104.02,0.0,12,124824,卖盘
13:40:31,104.04,0.02,28,291275,买盘
13:40:34,104.01,-0.03,3,31203,卖盘
13:40:37,104.0,-0.01,5,52000,卖盘
13:40:40,104.0,0.0,25,260008,卖盘
13:40:43,104.0,0.0,17,176801,卖盘
13:40:46,104.0,0.0,1,10400,卖盘
13:40:49,104.0,0.0,16,166412,卖盘
13:40:52,104.0,0.0,3,31200,卖盘
13:40:54,104.0,0.0,5,52000,卖盘
13:40:58,104.0,0.0,2,20800,卖盘
13:41:01,104.0,0.0,8,83200,卖盘
13:41:05,104.0,0.0,13,135203,卖盘
13:41:07,104.0,0.0,19,197610,卖盘
13:41:10,104.0,0.0,38,401440,卖盘
13:41:16,103.99,-0.01,1,10399,卖盘
13:41:19,104.0,0.01,10,104000,买盘
13:41:28,104.0,0.0,1,10400,买盘
13:41:30,103.99,-0.01,8,83197,卖盘
13:41:34,104.0,0.01,2,20800,买盘
13:41:37,103.99,-0.01,5,51998,卖盘
13:41:43,103.99,0.0,6,62394,卖盘
13:41:48,103.99,0.0,2,20798,买盘
13:41:58,103.99,0.0,1,10399,卖盘
13:42:01,104.0,0.01,8,83200,买盘
13:42:05,104.0,0.0,6,62395,买盘
13:42:07,104.0,0.0,10,104000,买盘
13:42:13,104.0,0.0,2,20799,买盘
13:42:16,103.99,-0.01,28,291173,卖盘
13:42:19,104.0,0.01,8,83199,买盘
13:42:25,104.0,0.0,6,54184,买盘
13:42:34,104.0,0.0,1,10400,卖盘
13:42:43,104.0,0.0,1,10400,卖盘
13:42:46,104.0,0.0,5,52006,卖盘
13:42:52,104.04,0.04,8,83219,买盘
13:43:01,104.04,0.0,18,187278,买盘
13:43:05,104.05,0.01,7,72834,买盘
13:43:07,104.04,-0.01,2,20809,卖盘
13:43:10,104.05,0.01,2,20809,买盘
13:43:16,104.05,0.0,8,86882,买盘
13:43:19,104.05,0.0,1,10405,卖盘
13:43:24,104.06,0.01,1,10406,买盘
13:43:28,104.08,0.02,22,228972,买盘
13:43:31,104.06,-0.02,9,93668,卖盘
13:43:40,104.08,0.02,6,62446,买盘
13:43:43,104.06,-0.02,1,10406,卖盘
13:43:46,104.08,0.02,4,41632,买盘
13:43:52,104.08,0.0,9,93672,买盘
13:43:55,104.06,-0.02,15,156096,卖盘
13:43:58,104.08,0.02,1,10408,买盘
13:44:01,104.08,0.0,3,31224,买盘
13:44:13,104.09,0.01,3,31227,买盘
13:44:16,104.09,0.0,4,41639,卖盘
13:44:22,104.1,0.01,4,41640,买盘
13:44:28,104.1,0.0,17,176970,买盘
13:44:31,104.1,0.0,4,41640,卖盘
13:44:34,104.1,0.0,1,10410,买盘
13:44:40,104.1,0.0,2,20820,买盘
13:44:43,104.1,0.0,1,10410,买盘
13:44:49,104.1,0.0,4,41640,卖盘
13:44:52,104.11,0.01,5,52053,买盘
13:44:58,104.1,-0.01,1,10410,卖盘
13:45:01,104.11,0.01,6,62466,买盘
13:45:05,104.11,0.0,1,10411,买盘
13:45:07,104.1,-0.01,5,52050,卖盘
13:45:10,104.1,0.0,1,10410,买盘
13:45:13,104.1,0.0,1,10410,买盘
13:45:16,104.1,0.0,16,166559,买盘
13:45:22,104.1,0.0,1,10410,卖盘
13:45:25,104.1,0.0,2,20820,卖盘
13:45:27,104.1,0.0,28,291506,卖盘
13:45:31,104.1,0.0,2,20821,卖盘
13:45:34,104.12,0.02,4,41648,买盘
13:45:37,104.2,0.08,40,416749,买盘
13:45:40,104.1,-0.1,9,93690,卖盘
13:45:43,104.13,0.03,3,31238,中性盘
13:45:52,104.2,0.07,7,72940,买盘
13:45:55,104.2,0.0,17,177140,买盘
13:45:58,104.21,0.01,3,31263,买盘
13:46:01,104.2,-0.01,2,20842,卖盘
13:46:10,104.23,0.03,4,41689,买盘
13:46:16,104.23,0.0,2,20846,买盘
13:46:19,104.22,-0.01,5,52114,卖盘
13:46:22,104.22,0.0,2,20844,卖盘
13:46:25,104.23,0.01,2,20846,买盘
13:46:28,104.23,0.0,2,20846,买盘
13:46:34,104.23,0.0,3,31269,买盘
13:46:37,104.22,-0.01,11,114644,卖盘
13:46:40,104.22,0.0,4,41689,买盘
13:46:43,104.22,0.0,2,20844,买盘
13:46:48,104.21,-0.01,1,10421,卖盘
13:46:52,104.14,-0.07,13,135406,卖盘
13:46:55,104.24,0.1,22,229249,买盘
13:46:58,104.22,-0.02,1,10422,卖盘
13:47:01,104.22,0.0,4,41688,卖盘
13:47:07,104.23,0.01,1,10423,买盘
13:47:10,104.23,0.0,4,41693,买盘
13:47:22,104.23,0.0,5,52116,卖盘
13:47:31,104.24,0.01,1,10424,买盘
13:47:34,104.23,-0.01,3,31270,卖盘
13:47:37,104.24,0.01,10,104239,买盘
13:47:40,104.23,-0.01,1,10423,卖盘
13:47:43,104.24,0.01,7,72968,买盘
13:47:46,104.25,0.01,5,51496,买盘
13:47:49,104.24,-0.01,6,62545,卖盘
13:47:55,104.25,0.01,4,41700,买盘
13:47:57,104.25,0.0,5,52125,买盘
13:48:01,104.25,0.0,7,72970,买盘
13:48:10,104.26,0.01,1,10426,买盘
13:48:13,104.25,-0.01,15,156378,卖盘
13:48:21,104.3,0.05,30,312896,买盘
13:48:25,104.3,0.0,2,20860,买盘
13:48:28,104.31,0.01,12,125144,买盘
13:48:31,104.31,0.0,3,31287,买盘
13:48:37,104.31,0.0,2,20862,买盘
13:48:40,104.34,0.03,5,52161,买盘
13:48:46,104.34,0.0,4,41736,买盘
13:48:49,104.35,0.01,12,125220,买盘
13:48:52,104.35,0.0,8,83480,买盘
13:48:55,104.35,0.0,1,10435,卖盘
13:48:58,104.35,0.0,4,41740,卖盘
13:49:01,104.36,0.01,4,47794,买盘
13:49:05,104.31,-0.05,1,10431,买盘
13:49:07,104.36,0.05,1,10436,买盘
13:49:13,104.31,-0.05,20,208674,卖盘
13:49:19,104.3,-0.01,27,281622,卖盘
13:49:22,104.36,0.06,2,20872,中性盘
13:49:25,104.4,0.04,4,41755,买盘
13:49:28,104.36,-0.04,2,20872,卖盘
13:49:31,104.4,0.04,7,73056,买盘
13:49:34,104.39,-0.01,12,125213,买盘
13:49:37,104.4,0.01,5,52182,买盘
13:49:40,104.35,-0.05,10,104347,买盘
13:49:43,104.35,0.0,3,31300,买盘
13:49:46,104.3,-0.05,1,10430,卖盘
13:49:49,104.3,0.0,1,10430,买盘
13:49:52,104.3,0.0,25,260750,买盘
13:49:55,104.3,0.0,4,41720,买盘
13:49:58,104.35,0.05,4,41735,买盘
13:50:01,104.3,-0.05,6,62580,卖盘
13:50:04,104.28,-0.02,10,104308,卖盘
13:50:07,104.26,-0.02,8,83418,卖盘
13:50:10,104.27,0.01,3,31281,买盘
13:50:13,104.28,0.01,3,31284,买盘
13:50:16,104.26,-0.02,13,135538,卖盘
13:50:19,104.28,0.02,2,20856,买盘
13:50:22,104.28,0.0,3,31281,买盘
13:50:25,104.25,-0.03,8,83414,卖盘
13:50:28,104.3,0.05,5,52150,中性盘
13:50:31,104.25,-0.05,8,83406,卖盘
13:50:34,104.25,0.0,3,31275,买盘
13:50:40,104.26,0.01,1,10426,卖盘
13:50:43,104.28,0.02,10,104280,买盘
13:50:46,104.26,-0.02,3,31278,卖盘
13:50:49,104.26,0.0,5,52130,卖盘
13:50:52,104.25,-0.01,2,20850,卖盘
13:50:55,104.26,0.01,3,31278,买盘
13:51:01,104.26,0.0,6,62551,买盘
13:51:05,104.24,-0.02,3,31274,卖盘
13:51:07,104.24,0.0,13,135512,卖盘
13:51:10,104.24,0.0,8,83392,卖盘
13:51:13,104.28,0.04,30,312766,买盘
13:51:16,104.28,0.0,12,125136,卖盘
13:51:18,104.27,-0.01,2,20854,卖盘
13:51:22,104.24,-0.03,1,4378,卖盘
13:51:28,104.24,0.0,1,4378,卖盘
13:51:34,104.24,0.0,1,16471,买盘
13:51:37,104.24,0.0,6,62544,买盘
13:51:40,104.24,0.0,2,20848,买盘
13:51:43,104.24,0.0,2,14802,买盘
13:51:49,104.23,-0.01,33,343961,卖盘
13:51:51,104.26,0.03,4,41702,买盘
13:51:54,104.26,0.0,2,20850,买盘
13:51:58,104.25,-0.01,3,31277,卖盘
13:52:01,104.27,0.02,3,31281,买盘
13:52:04,104.24,-0.03,2,20848,卖盘
13:52:10,104.28,0.04,3,31284,买盘
13:52:13,104.23,-0.05,8,89437,卖盘
13:52:16,104.28,0.05,23,233723,买盘
13:52:19,104.27,-0.01,5,52135,卖盘
13:52:24,104.27,0.0,24,256296,卖盘
13:52:28,104.26,-0.01,1,10426,卖盘
13:52:30,104.27,0.01,33,344090,买盘
13:52:37,104.24,-0.03,3,31274,卖盘
13:52:39,104.24,0.0,5,52120,买盘
13:52:43,104.26,0.02,6,62556,中性盘
13:52:46,104.26,0.0,22,229384,卖盘
13:52:49,104.26,0.0,15,156390,卖盘
13:52:52,104.26,0.0,24,250224,卖盘
13:52:55,104.26,0.0,34,354484,卖盘
13:52:58,104.25,-0.01,2,20850,卖盘
13:53:00,104.22,-0.03,15,156365,卖盘
13:53:07,104.2,-0.02,2,20840,卖盘
13:53:10,104.27,0.07,99,1025976,买盘
13:53:19,104.27,0.0,10,104270,卖盘
