time,price,change,volume,amount,type
09:25:01,103.98,-0.23,474,4928652,卖盘
09:30:01,103.81,-0.17,32,332492,卖盘
09:30:04,103.87,0.06,59,612721,中性盘
09:30:07,103.68,-0.19,153,1587893,卖盘
09:30:10,103.8,0.12,13,134913,买盘
09:30:13,103.68,-0.12,41,425418,卖盘
09:30:16,103.64,-0.04,6,62188,卖盘
09:30:19,103.64,0.0,39,404199,买盘
09:30:22,103.8,0.16,9,93370,买盘
09:30:24,103.6,-0.2,25,259065,卖盘
09:30:28,103.64,0.04,27,279828,买盘
09:30:31,103.64,0.0,36,373025,买盘
09:30:33,103.61,-0.03,4,41453,中性盘
09:30:37,103.55,-0.06,41,424785,卖盘
09:30:40,103.51,-0.04,78,807707,卖盘
09:30:43,103.8,0.29,17,176314,买盘
09:30:46,103.63,-0.17,22,228148,卖盘
09:30:49,103.61,-0.02,34,352146,中性盘
09:30:52,103.61,0.0,7,72535,卖盘
09:30:55,103.63,0.02,36,379444,买盘
09:30:58,103.61,-0.02,18,186474,买盘
09:31:01,103.63,0.02,29,300473,买盘
09:31:04,103.61,-0.02,79,818439,卖盘
09:31:07,103.56,-0.05,26,269367,买盘
09:31:10,103.61,0.05,32,331462,买盘
09:31:13,103.51,-0.1,30,304063,卖盘
09:31:16,103.56,0.05,21,223910,买盘
09:31:19,103.51,-0.05,13,134579,卖盘
09:31:22,103.51,0.0,40,414021,卖盘
09:31:25,103.51,0.0,40,414009,买盘
09:31:28,103.47,-0.04,25,252210,卖盘
09:31:31,103.42,-0.05,16,165503,卖盘
09:31:33,103.46,0.04,17,175829,买盘
09:31:37,103.45,-0.01,27,279371,买盘
09:31:40,103.42,-0.03,21,217175,卖盘
09:31:43,103.41,-0.01,26,268897,中性盘
09:31:46,103.41,0.0,8,82722,买盘
09:31:49,103.41,0.0,6,62052,中性盘
09:31:52,103.42,0.01,21,217169,买盘
09:31:55,103.45,0.03,15,155119,买盘
09:31:58,103.4,-0.05,13,134421,买盘
09:32:01,103.39,-0.01,33,341249,卖盘
09:32:04,103.39,0.0,37,382518,买盘
09:32:07,103.39,0.0,34,351507,买盘
09:32:10,103.4,0.01,27,279057,买盘
09:32:13,103.4,0.0,29,299848,买盘
09:32:16,103.4,0.0,57,589264,买盘
09:32:19,103.34,-0.06,25,258376,卖盘
09:32:22,103.39,0.05,22,227442,买盘
09:32:24,103.4,0.01,13,134410,买盘
09:32:28,103.42,0.02,14,144770,买盘
09:32:31,103.38,-0.04,18,186065,卖盘
09:32:33,103.39,0.01,28,289485,买盘
09:32:37,103.34,-0.05,7,72349,卖盘
09:32:39,103.38,0.04,6,62030,中性盘
09:32:42,103.42,0.04,34,351537,买盘
09:32:45,103.47,0.05,27,279339,买盘
09:32:49,103.49,0.02,21,217258,买盘
09:32:52,103.5,0.01,34,351868,买盘
09:32:55,103.47,-0.03,32,331222,卖盘
09:32:58,103.53,0.06,7,72481,中性盘
09:33:01,103.5,-0.03,36,372621,卖盘
09:33:04,103.58,0.08,14,144970,买盘
09:33:07,103.55,-0.03,8,82842,中性盘
09:33:10,103.58,0.03,32,331394,买盘
09:33:13,103.61,0.03,7,72518,买盘
09:33:16,103.51,-0.1,4,41413,卖盘
09:33:19,103.55,0.04,17,176035,买盘
09:33:22,103.5,-0.05,24,248424,卖盘
09:33:25,103.45,-0.05,24,248381,卖盘
09:33:28,103.41,-0.04,22,227544,卖盘
09:33:31,103.41,0.0,78,806527,卖盘
09:33:34,103.4,-0.01,36,372240,卖盘
09:33:37,103.39,-0.01,31,320508,卖盘
09:33:40,103.35,-0.04,17,175709,卖盘
09:33:43,103.35,0.0,12,124020,卖盘
09:33:46,103.34,-0.01,19,196349,卖盘
09:33:49,103.36,0.02,15,155016,买盘
09:33:52,103.38,0.02,14,144701,买盘
09:33:55,103.33,-0.05,33,341002,卖盘
09:33:58,103.34,0.01,35,361648,买盘
09:34:01,103.36,0.02,53,547674,买盘
09:34:04,103.38,0.02,19,196401,买盘
09:34:07,103.4,0.02,30,310123,买盘
09:34:10,103.36,-0.04,5,51680,中性盘
09:34:13,103.35,-0.01,43,444406,卖盘
09:34:16,103.35,0.0,35,361711,买盘
09:34:19,103.36,0.01,8,82683,买盘
09:34:22,103.36,0.0,75,775158,买盘
09:34:25,103.36,0.0,64,661531,买盘
09:34:28,103.38,0.02,50,517056,中性盘
09:34:31,103.36,-0.02,12,124100,卖盘
09:34:34,103.45,0.09,71,733931,中性盘
09:34:37,103.45,0.0,5,51728,卖盘
09:34:40,103.4,-0.05,3,31026,卖盘
09:34:43,103.37,-0.03,7,72383,卖盘
09:34:45,103.37,0.0,28,289415,中性盘
09:34:49,103.37,0.0,19,196424,卖盘
09:34:52,103.36,-0.01,63,651267,卖盘
09:34:55,103.36,0.0,3,31014,卖盘
09:34:58,103.32,-0.04,115,1188483,卖盘
09:35:01,103.26,-0.06,122,1260262,卖盘
09:35:04,103.28,0.02,53,547340,中性盘
09:35:07,103.23,-0.05,11,113558,卖盘
09:35:10,103.2,-0.03,16,165134,卖盘
09:35:13,103.2,0.0,60,619217,卖盘
09:35:16,103.13,-0.07,3,30950,卖盘
09:35:19,103.19,0.06,14,144462,买盘
09:35:22,103.13,-0.06,6,61883,中性盘
09:35:25,103.12,-0.01,9,92809,卖盘
09:35:28,103.11,-0.01,11,113424,卖盘
09:35:31,103.11,0.0,56,577413,卖盘
09:35:34,103.12,0.01,45,463987,买盘
09:35:37,103.12,0.0,40,412476,买盘
09:35:40,103.13,0.01,79,814559,买盘
09:35:43,103.12,-0.01,35,360939,卖盘
09:35:46,103.12,0.0,12,123733,买盘
09:35:49,103.1,-0.02,38,391822,卖盘
09:35:52,103.12,0.02,67,690799,买盘
09:35:55,103.12,0.0,16,164987,中性盘
09:35:58,103.12,0.0,10,103120,卖盘
09:36:01,103.12,0.0,22,226878,卖盘
09:36:04,103.08,-0.04,258,2659712,卖盘
09:36:07,103.11,0.03,58,597883,买盘
09:36:10,103.11,0.0,119,1226073,卖盘
09:36:13,103.1,-0.01,8,82488,中性盘
09:36:16,103.03,-0.07,6,61826,卖盘
09:36:18,103.1,0.07,12,123678,买盘
09:36:22,103.03,-0.07,7,72135,卖盘
09:36:25,103.03,0.0,75,772573,买盘
09:36:28,103.03,0.0,30,309052,买盘
09:36:31,103.01,-0.02,38,391442,卖盘
09:36:34,103.02,0.01,24,247240,买盘
09:36:37,103.03,0.01,43,442957,买盘
09:36:40,103.1,0.07,87,896356,买盘
09:36:43,103.08,-0.02,5,51518,中性盘
09:36:46,103.01,-0.07,10,103028,卖盘
09:36:49,102.99,-0.02,142,1462591,卖盘
09:36:52,102.98,-0.01,116,1194592,卖盘
09:36:55,102.98,0.0,11,113276,买盘
09:36:58,102.94,-0.04,21,216228,卖盘
09:37:02,102.94,0.0,6,61777,卖盘
09:37:04,102.98,0.04,22,226473,买盘
09:37:07,102.9,-0.08,25,257351,卖盘
09:37:10,102.9,0.0,4,41162,卖盘
09:37:12,102.97,0.07,50,514728,买盘
09:37:16,102.94,-0.03,19,195646,卖盘
09:37:19,102.9,-0.04,30,308857,卖盘
09:37:22,102.98,0.08,100,1029814,买盘
09:37:24,102.97,-0.01,87,895976,卖盘
09:37:28,102.93,-0.04,13,133857,中性盘
09:37:31,103.0,0.07,99,1019458,买盘
09:37:34,102.97,-0.03,122,1255708,卖盘
09:37:40,102.98,0.01,2,20596,买盘
09:37:43,102.98,0.0,30,308934,买盘
09:37:46,103.0,0.02,21,216259,买盘
09:37:49,102.99,-0.01,11,113293,中性盘
09:37:52,102.99,0.0,11,113382,卖盘
09:37:58,103.09,0.1,22,226595,买盘
09:38:01,102.99,-0.1,3,30900,卖盘
09:38:04,103.02,0.03,13,133964,卖盘
09:38:07,103.0,-0.02,27,278233,卖盘
09:38:10,102.99,-0.01,13,133895,卖盘
09:38:13,102.97,-0.02,71,731114,卖盘
09:38:16,102.95,-0.02,42,432406,卖盘
09:38:19,102.92,-0.03,81,833893,卖盘
09:38:22,102.93,0.01,40,411757,买盘
09:38:25,103.0,0.07,32,329469,买盘
09:38:28,102.92,-0.08,36,370525,卖盘
09:38:31,102.92,0.0,2,20584,卖盘
09:38:34,102.99,0.07,24,247059,买盘
09:38:37,102.99,0.0,82,844244,买盘
09:38:40,102.91,-0.08,28,288144,卖盘
09:38:43,102.91,0.0,2,20582,卖盘
09:38:46,102.91,0.0,4,41164,卖盘
09:38:49,102.91,0.0,33,339612,买盘
09:38:52,102.92,0.01,13,133785,买盘
09:38:55,102.92,0.0,3,30876,买盘
09:38:58,102.91,-0.01,22,226407,卖盘
09:39:01,102.91,0.0,85,874660,卖盘
09:39:04,102.91,0.0,10,102892,买盘
09:39:07,102.88,-0.03,23,236672,卖盘
09:39:10,102.92,0.04,24,246975,买盘
09:39:13,102.91,-0.01,6,61746,卖盘
09:39:16,102.91,0.0,7,72039,卖盘
09:39:19,102.92,0.01,12,123494,买盘
09:39:22,102.92,0.0,51,524859,买盘
09:39:25,102.98,0.06,15,154447,买盘
09:39:28,102.88,-0.1,62,637937,卖盘
09:39:31,102.91,0.03,7,72054,中性盘
09:39:34,102.88,-0.03,35,360136,卖盘
09:39:37,102.96,0.08,28,288099,买盘
09:39:39,102.9,-0.06,3,30867,中性盘
09:39:43,102.88,-0.02,24,246921,卖盘
09:39:46,102.86,-0.02,14,144020,卖盘
09:39:49,102.89,0.03,17,181384,买盘
09:39:52,102.9,0.01,20,205777,买盘
09:39:55,102.89,-0.01,14,144050,卖盘
09:39:58,102.9,0.01,21,216163,买盘
09:40:01,102.9,0.0,23,236671,买盘
09:40:04,102.89,-0.01,143,1470224,卖盘
09:40:07,102.88,-0.01,14,144010,中性盘
09:40:10,102.89,0.01,14,144029,买盘
09:40:13,102.7,-0.19,34,349630,卖盘
09:40:16,102.89,0.19,53,545143,买盘
09:40:19,102.71,-0.18,3,24349,买盘
09:40:22,102.86,0.15,16,164534,中性盘
09:40:25,102.8,-0.06,3,30840,卖盘
09:40:28,102.73,-0.07,6,61638,卖盘
09:40:31,102.73,0.0,57,586051,卖盘
09:40:34,102.86,0.13,9,92478,中性盘
09:40:37,102.82,-0.04,19,195382,卖盘
09:40:41,102.8,-0.02,9,92536,卖盘
09:40:43,102.86,0.06,8,82275,买盘
09:40:46,102.82,-0.04,4,41126,中性盘
09:40:49,102.82,0.0,7,71974,卖盘
09:40:52,102.82,0.0,14,143939,买盘
09:40:55,102.81,-0.01,16,164495,卖盘
09:40:57,102.8,-0.01,14,143937,卖盘
09:41:00,102.78,-0.02,15,154213,卖盘
09:41:04,102.82,0.04,38,390709,买盘
09:41:07,102.8,-0.02,24,246672,卖盘
09:41:10,102.82,0.02,10,102819,买盘
09:41:13,102.85,0.03,3,30855,买盘
09:41:16,102.88,0.03,41,421784,买盘
09:41:19,102.88,0.0,8,82307,卖盘
09:41:22,102.88,0.0,24,246850,中性盘
09:41:25,102.88,0.0,10,102895,卖盘
09:41:28,102.9,0.02,7,72014,买盘
09:41:31,102.89,-0.01,26,267511,卖盘
09:41:34,102.91,0.02,8,82319,买盘
09:41:37,102.89,-0.02,20,205867,卖盘
09:41:40,102.89,0.0,30,308717,卖盘
09:41:43,102.99,0.1,148,1524247,买盘
09:41:46,103.0,0.01,89,921009,买盘
09:41:49,103.01,0.01,27,278109,卖盘
09:41:52,103.01,0.0,15,154553,卖盘
09:41:55,103.01,0.0,8,82410,卖盘
09:41:58,103.01,0.0,15,154537,中性盘
09:42:01,103.03,0.02,6,61817,中性盘
09:42:04,103.08,0.05,8,82454,买盘
09:42:07,103.03,-0.05,18,185459,卖盘
09:42:10,103.03,0.0,15,154545,买盘
09:42:13,103.03,0.0,15,154544,买盘
09:42:16,103.1,0.07,19,195792,买盘
09:42:19,103.03,-0.07,18,185456,卖盘
09:42:22,103.1,0.07,3,28862,卖盘
09:42:25,103.08,-0.02,5,51546,中性盘
09:42:28,103.1,0.02,1,10310,买盘
09:42:31,103.1,0.0,15,154646,买盘
09:42:34,103.1,0.0,11,113410,买盘
09:42:37,103.1,0.0,13,134030,卖盘
09:42:40,103.09,-0.01,43,443363,卖盘
09:42:43,103.1,0.01,13,134036,中性盘
09:42:46,103.1,0.0,27,278412,卖盘
09:42:49,103.14,0.04,9,92822,买盘
09:42:52,103.12,-0.02,13,134084,卖盘
09:42:55,103.07,-0.05,23,237107,卖盘
09:42:58,103.12,0.05,35,360872,买盘
09:43:01,103.12,0.0,5,51560,卖盘
09:43:04,103.06,-0.06,40,412350,卖盘
09:43:07,103.06,0.0,19,195767,买盘
09:43:10,103.12,0.06,81,835070,买盘
09:43:13,103.12,0.0,1,10312,卖盘
09:43:16,103.14,0.02,46,474354,买盘
09:43:19,103.14,0.0,30,309360,买盘
09:43:22,103.12,-0.02,1,10312,中性盘
09:43:25,103.12,0.0,1,10312,买盘
09:43:28,103.1,-0.02,42,433022,卖盘
09:43:34,103.12,0.02,5,51560,买盘
09:43:37,103.12,0.0,15,154670,买盘
09:43:40,103.08,-0.04,11,113406,卖盘
09:43:43,103.07,-0.01,5,51539,卖盘
09:43:46,103.06,-0.01,55,566830,卖盘
09:43:49,103.03,-0.03,4,41212,卖盘
09:43:52,103.0,-0.03,117,1205284,卖盘
09:43:55,103.0,0.0,72,741600,卖盘
09:43:58,102.99,-0.01,20,205971,卖盘
09:44:01,103.0,0.01,3,30897,买盘
09:44:07,102.98,-0.02,28,288356,卖盘
09:44:10,102.98,0.0,391,4026498,卖盘
09:44:13,102.9,-0.08,8,82320,卖盘
09:44:16,102.98,0.08,10,102980,买盘
09:44:19,102.9,-0.08,11,113204,卖盘
09:44:22,102.91,0.01,18,185223,中性盘
09:44:25,102.89,-0.02,7,72023,卖盘
09:44:27,102.89,0.0,6,61734,买盘
09:44:31,102.89,0.0,41,421809,买盘
09:44:34,102.89,0.0,14,144044,买盘
09:44:37,102.89,0.0,14,144045,买盘
09:44:40,102.88,-0.01,19,195490,卖盘
09:44:43,102.87,-0.01,11,113168,卖盘
09:44:46,102.89,0.02,38,390916,买盘
09:44:49,102.88,-0.01,1,10288,中性盘
09:44:52,102.86,-0.02,78,802363,卖盘
09:44:55,102.84,-0.02,387,3980309,卖盘
09:44:58,102.84,0.0,30,308468,买盘
09:45:01,102.82,-0.02,27,277626,卖盘
09:45:05,102.82,0.0,32,329009,卖盘
09:45:07,102.78,-0.04,136,1398026,卖盘
09:45:10,102.74,-0.04,66,678162,卖盘
09:45:13,102.7,-0.04,57,585477,卖盘
09:45:16,102.7,0.0,70,718860,卖盘
09:45:19,102.72,0.02,95,975649,买盘
09:45:22,102.66,-0.06,32,328682,卖盘
09:45:25,102.66,0.0,16,164260,买盘
09:45:28,102.65,-0.01,12,123158,中性盘
09:45:31,102.62,-0.03,11,112908,卖盘
09:45:34,102.62,0.0,42,432233,买盘
09:45:37,102.65,0.03,20,205261,买盘
09:45:40,102.61,-0.04,20,205233,卖盘
09:45:43,102.61,0.0,32,328333,买盘
09:45:46,102.6,-0.01,70,718281,卖盘
09:45:49,102.62,0.02,33,338594,买盘
09:45:52,102.61,-0.01,10,102610,卖盘
09:45:55,102.6,-0.01,42,430943,卖盘
09:45:58,102.6,0.0,13,133380,买盘
09:46:01,102.61,0.01,55,564338,买盘
09:46:05,102.6,-0.01,34,348851,卖盘
09:46:07,102.6,0.0,14,143640,卖盘
09:46:10,102.6,0.0,20,205222,卖盘
09:46:13,102.6,0.0,5,51300,买盘
09:46:16,102.6,0.0,4,41041,卖盘
09:46:19,102.66,0.06,9,92350,买盘
09:46:22,102.6,-0.06,55,564324,卖盘
09:46:25,102.6,0.0,12,123128,卖盘
09:46:28,102.66,0.06,1,10266,买盘
09:46:31,102.65,-0.01,11,112915,卖盘
09:46:34,102.65,0.0,20,205323,卖盘
09:46:37,102.65,0.0,54,554311,卖盘
09:46:41,102.65,0.0,47,482455,买盘
09:46:43,102.65,0.0,3,30791,买盘
09:46:46,102.66,0.01,27,277159,买盘
09:46:49,102.66,0.0,4,41064,卖盘
09:46:52,102.66,0.0,13,133458,卖盘
09:46:55,102.67,0.01,24,246399,买盘
09:46:58,102.65,-0.02,52,533834,卖盘
09:47:01,102.67,0.02,1,10267,卖盘
09:47:05,102.6,-0.07,150,1539294,卖盘
09:47:07,102.68,0.08,12,123230,中性盘
09:47:10,102.67,-0.01,9,92407,卖盘
09:47:13,102.65,-0.02,12,123193,卖盘
09:47:16,102.65,0.0,5,51325,买盘
09:47:19,102.65,0.0,12,123180,买盘
09:47:22,102.65,0.0,18,184770,买盘
09:47:25,102.64,-0.01,5,51321,卖盘
09:47:28,102.66,0.02,13,133444,买盘
09:47:31,102.67,0.01,5,51331,买盘
09:47:34,102.67,0.0,10,102649,买盘
09:47:37,102.67,0.0,2,20534,卖盘
09:47:40,102.67,0.0,22,225874,卖盘
09:47:43,102.69,0.02,11,112943,买盘
09:47:46,102.69,0.0,6,61614,买盘
09:47:49,102.7,0.01,29,297791,买盘
09:47:52,102.7,0.0,10,102699,买盘
09:47:55,102.7,0.0,3,30809,买盘
09:47:57,102.69,-0.01,15,154043,卖盘
09:48:01,102.7,0.01,158,1621360,买盘
09:48:04,102.7,0.0,13,133510,买盘
09:48:07,102.7,0.0,18,184856,卖盘
09:48:10,102.7,0.0,14,143791,中性盘
09:48:13,102.72,0.02,40,410862,买盘
09:48:18,102.73,0.01,7,71911,买盘
09:48:25,102.73,0.0,2,20546,卖盘
09:48:28,102.74,0.01,52,534249,中性盘
09:48:31,102.73,-0.01,10,102731,卖盘
09:48:34,102.76,0.03,15,154137,买盘
09:48:37,102.73,-0.03,7,71922,卖盘
09:48:40,102.73,0.0,44,452110,卖盘
09:48:46,102.76,0.03,5,51382,卖盘
09:48:49,102.8,0.04,1,10280,买盘
09:48:52,102.76,-0.04,17,174742,卖盘
09:48:55,102.8,0.04,14,143895,买盘
09:48:58,102.7,-0.1,87,893746,卖盘
09:49:01,102.7,0.0,5,51350,买盘
09:49:04,102.7,0.0,56,575120,买盘
09:49:07,102.79,0.09,37,380061,买盘
09:49:10,102.79,0.0,3,30837,买盘
09:49:13,102.8,0.01,43,441953,买盘
09:49:16,102.81,0.01,11,113065,买盘
09:49:19,102.82,0.01,23,236437,买盘
09:49:22,102.82,0.0,39,400980,中性盘
09:49:25,102.79,-0.03,3,30838,中性盘
09:49:34,102.99,0.2,26,267439,买盘
09:49:37,102.97,-0.02,13,133865,卖盘
09:49:40,103.0,0.03,2,20600,买盘
09:49:43,102.97,-0.03,2,20594,买盘
09:49:46,102.83,-0.14,24,246818,卖盘
09:49:49,102.83,0.0,7,71981,买盘
09:49:51,102.81,-0.02,26,267353,卖盘
09:49:58,102.83,0.02,4,41152,卖盘
09:50:05,102.84,0.01,11,113178,卖盘
09:50:07,102.97,0.13,64,658826,买盘
09:50:10,102.83,-0.14,31,318821,卖盘
09:50:13,102.83,0.0,44,452466,卖盘
09:50:16,102.82,-0.01,13,133681,卖盘
09:50:18,102.81,-0.01,72,740295,卖盘
09:50:22,102.81,0.0,108,1110246,买盘
09:50:25,102.9,0.09,132,1357028,买盘
09:50:28,102.83,-0.07,15,154239,卖盘
09:50:31,102.83,0.0,7,71975,卖盘
09:50:34,102.89,0.06,9,92554,买盘
09:50:37,102.89,0.0,29,296556,买盘
09:50:40,102.81,-0.08,17,174772,中性盘
09:50:43,102.81,0.0,28,289630,买盘
09:50:46,102.83,0.02,12,123383,买盘
09:50:49,102.77,-0.06,15,154181,中性盘
09:51:01,102.81,0.04,34,349558,卖盘
09:51:04,102.81,0.0,5,51405,买盘
09:51:07,102.81,0.0,14,143905,买盘
09:51:10,102.8,-0.01,3,30840,买盘
09:51:12,102.8,0.0,19,195254,买盘
09:51:16,102.76,-0.04,10,102788,卖盘
09:51:19,102.8,0.04,11,113078,买盘
09:51:21,102.78,-0.02,63,645767,卖盘
09:51:25,102.78,0.0,51,525925,卖盘
09:51:28,102.8,0.02,13,133619,买盘
09:51:31,102.78,-0.02,3,30834,中性盘
09:51:34,102.78,0.0,27,277502,买盘
09:51:37,102.76,-0.02,1,10276,卖盘
09:51:41,102.78,0.02,105,1078505,买盘
09:51:43,102.76,-0.02,7,71927,买盘
09:51:46,102.76,0.0,1,10276,买盘
09:51:49,102.76,0.0,3,30825,买盘
09:51:52,102.73,-0.03,17,174659,卖盘
09:51:55,102.76,0.03,5,51377,买盘
09:51:57,102.76,0.0,3,30823,买盘
09:52:01,102.73,-0.03,311,3193548,买盘
09:52:05,102.76,0.03,33,339098,买盘
09:52:07,102.75,-0.01,21,215778,卖盘
09:52:13,102.75,0.0,34,349351,卖盘
09:52:16,102.75,0.0,1,10275,买盘
09:52:18,102.75,0.0,17,174648,买盘
09:52:22,102.75,0.0,17,174672,买盘
09:52:25,102.72,-0.03,26,267147,卖盘
09:52:28,102.75,0.03,18,184927,买盘
09:52:31,102.76,0.01,6,61644,买盘
09:52:34,102.76,0.0,11,113031,买盘
09:52:37,102.76,0.0,10,102752,买盘
09:52:40,102.75,-0.01,26,267154,卖盘
09:52:43,102.76,0.01,21,215791,中性盘
09:52:46,102.75,-0.01,19,195228,卖盘
09:52:49,102.75,0.0,12,123300,买盘
09:52:52,102.75,0.0,11,113019,买盘
09:52:54,102.73,-0.02,4,41094,卖盘
09:52:58,102.73,0.0,1,10273,买盘
09:53:01,102.74,0.01,4,41093,买盘
09:53:05,102.74,0.0,16,164399,中性盘
09:53:07,102.74,0.0,3,30823,卖盘
09:53:10,102.73,-0.01,6,61638,卖盘
09:53:13,102.73,0.0,1,10273,买盘
09:53:16,102.74,0.01,30,308187,买盘
09:53:19,102.74,0.0,214,2197460,买盘
09:53:22,102.72,-0.02,6,61638,卖盘
09:53:25,102.74,0.02,12,123281,买盘
09:53:28,102.7,-0.04,1,10270,卖盘
09:53:31,102.74,0.04,14,143814,买盘
09:53:34,102.73,-0.01,254,2606218,中性盘
09:53:37,102.69,-0.04,3,30801,买盘
09:53:40,102.71,0.02,7,71896,买盘
09:53:43,102.62,-0.09,9,92378,卖盘
09:53:46,102.71,0.09,6,61617,买盘
09:53:52,102.66,-0.05,7,71862,卖盘
09:53:55,102.66,0.0,8,82140,卖盘
09:54:01,102.66,0.0,44,451546,买盘
09:54:04,102.6,-0.06,47,482263,卖盘
09:54:07,102.64,0.04,21,215484,买盘
09:54:10,102.59,-0.05,36,369365,卖盘
09:54:13,102.6,0.01,6,61560,买盘
09:54:16,102.58,-0.02,31,318029,卖盘
09:54:19,102.62,0.04,29,297515,买盘
09:54:22,102.6,-0.02,8,82073,中性盘
09:54:25,102.58,-0.02,1,10258,卖盘
09:54:28,102.58,0.0,6,61549,中性盘
09:54:31,102.6,0.02,5,51292,买盘
09:54:34,102.62,0.02,16,164180,买盘
09:54:37,102.6,-0.02,8,82068,中性盘
09:54:40,102.58,-0.02,3,30777,卖盘
09:54:43,102.59,0.01,6,61553,买盘
09:54:45,102.57,-0.02,42,430875,卖盘
09:54:49,102.57,0.0,1,10257,卖盘
09:54:52,102.58,0.01,1,10258,中性盘
09:54:55,102.57,-0.01,9,92324,卖盘
09:54:58,102.57,0.0,17,174367,买盘
09:55:01,102.56,-0.01,4,41025,卖盘
09:55:04,102.55,-0.01,71,728138,卖盘
09:55:07,102.55,0.0,13,133329,卖盘
09:55:10,102.57,0.02,35,358936,买盘
09:55:12,102.55,-0.02,51,523005,卖盘
09:55:16,102.54,-0.01,20,205098,卖盘
09:55:19,102.55,0.01,8,82040,买盘
09:55:22,102.55,0.0,6,61531,买盘
09:55:31,102.55,0.0,51,523011,卖盘
09:55:34,102.54,-0.01,11,112803,卖盘
09:55:37,102.55,0.01,18,184590,买盘
09:55:40,102.54,-0.01,4,41017,卖盘
09:55:43,102.54,0.0,12,123048,卖盘
09:55:46,102.54,0.0,8,82030,卖盘
09:55:49,102.54,0.0,4,41016,买盘
09:55:52,102.54,0.0,11,112791,买盘
09:55:55,102.54,0.0,1,10254,买盘
09:55:58,102.54,0.0,15,153810,买盘
09:56:01,102.54,0.0,12,123038,买盘
09:56:05,102.54,0.0,18,184570,买盘
09:56:07,102.53,-0.01,13,133292,中性盘
09:56:09,102.53,0.0,18,184542,买盘
09:56:13,102.54,0.01,19,194805,买盘
09:56:16,102.52,-0.02,12,123026,卖盘
09:56:19,102.52,0.0,7,71764,买盘
09:56:22,102.52,0.0,6,61512,买盘
09:56:25,102.52,0.0,10,102516,买盘
09:56:28,102.52,0.0,23,235785,买盘
09:56:34,102.53,0.01,5,51265,买盘
09:56:37,102.53,0.0,12,123032,买盘
09:56:40,102.52,-0.01,21,215304,卖盘
09:56:43,102.54,0.02,1,10254,买盘
09:56:46,102.53,-0.01,14,143542,卖盘
09:56:49,102.54,0.01,1,10254,买盘
09:56:52,102.53,-0.01,6,61523,卖盘
09:56:55,102.53,0.0,11,112784,卖盘
09:56:58,102.53,0.0,12,123049,卖盘
09:57:01,102.55,0.02,18,184582,买盘
09:57:04,102.55,0.0,5,51276,卖盘
09:57:07,102.55,0.0,9,92295,卖盘
09:57:10,102.55,0.0,10,102560,卖盘
09:57:13,102.54,-0.01,15,153825,卖盘
09:57:16,102.54,0.0,11,112791,卖盘
09:57:19,102.54,0.0,14,143544,买盘
09:57:22,102.57,0.03,11,112800,买盘
09:57:25,102.57,0.0,3,30771,卖盘
09:57:28,102.57,0.0,33,338445,卖盘
09:57:31,102.57,0.0,4,41025,买盘
09:57:34,102.57,0.0,5,51276,买盘
09:57:37,102.57,0.0,4,41023,买盘
09:57:40,102.57,0.0,5,51279,买盘
09:57:43,102.54,-0.03,16,164101,卖盘
09:57:46,102.57,0.03,29,297436,买盘
09:57:49,102.57,0.0,1,10257,中性盘
09:57:58,102.57,0.0,6,61552,卖盘
09:58:02,102.59,0.02,6,61549,买盘
09:58:04,102.59,0.0,3,30777,买盘
09:58:07,102.59,0.0,4,41032,买盘
09:58:10,102.59,0.0,25,256443,买盘
09:58:13,102.59,0.0,9,92321,买盘
09:58:20,102.57,-0.02,3,30771,卖盘
09:58:22,102.59,0.02,5,51295,买盘
09:58:25,102.57,-0.02,3,30774,卖盘
09:58:28,102.59,0.02,5,51295,买盘
09:58:31,102.59,0.0,1,10259,卖盘
09:58:34,102.6,0.01,2,20520,买盘
09:58:37,102.59,-0.01,9,92335,卖盘
09:58:40,102.6,0.01,3,30780,买盘
09:58:43,102.59,-0.01,7,71813,卖盘
09:58:46,102.59,0.0,1,10259,买盘
09:58:49,102.59,0.0,8,82072,买盘
09:58:52,102.59,0.0,1,10259,买盘
09:58:55,102.58,-0.01,24,246199,卖盘
09:58:58,102.59,0.01,6,61553,买盘
09:59:01,102.59,0.0,4,41036,买盘
09:59:05,102.59,0.0,1,10259,卖盘
09:59:07,102.6,0.01,5,51300,买盘
09:59:10,102.59,-0.01,13,133365,卖盘
09:59:13,102.59,0.0,2,20518,买盘
09:59:15,102.58,-0.01,8,82066,卖盘
09:59:19,102.58,0.0,1,10258,卖盘
09:59:22,102.59,0.01,11,112845,买盘
09:59:25,102.59,0.0,8,82067,买盘
09:59:28,102.59,0.0,2,20518,买盘
09:59:30,102.57,-0.02,12,123098,卖盘
09:59:34,102.55,-0.02,24,246133,卖盘
09:59:37,102.59,0.04,25,256427,买盘
09:59:40,102.57,-0.02,20,205140,卖盘
09:59:43,102.57,0.0,7,71801,卖盘
09:59:46,102.59,0.02,1,10259,买盘
09:59:49,102.58,-0.01,7,71804,中性盘
09:59:52,102.58,0.0,9,92318,买盘
09:59:55,102.53,-0.05,85,871634,卖盘
09:59:58,102.58,0.05,7,71804,买盘
10:00:01,102.58,0.0,35,358891,买盘
10:00:05,102.53,-0.05,10,102536,卖盘
10:00:07,102.53,0.0,34,348611,卖盘
10:00:10,102.5,-0.03,226,2316870,卖盘
10:00:13,102.52,0.02,13,133271,买盘
10:00:16,102.52,0.0,207,2121757,买盘
10:00:19,102.5,-0.02,10,102502,卖盘
10:00:22,102.53,0.03,7,71783,中性盘
10:00:25,102.51,-0.02,5,51260,卖盘
10:00:28,102.5,-0.01,68,697018,卖盘
10:00:31,102.53,0.03,4,41012,买盘
10:00:34,102.51,-0.02,11,112772,卖盘
10:00:37,102.53,0.02,1,10253,卖盘
10:00:40,102.53,0.0,16,164059,卖盘
10:00:46,102.54,0.01,21,215333,买盘
10:00:49,102.55,0.01,11,112805,买盘
10:00:55,102.54,-0.01,6,61524,卖盘
10:00:58,102.55,0.01,1,10255,买盘
10:01:00,102.55,0.0,1,10255,卖盘
10:01:04,102.55,0.0,5,51275,卖盘
10:01:07,102.55,0.0,13,133330,卖盘
10:01:10,102.55,0.0,14,143575,卖盘
10:01:13,102.55,0.0,16,164080,卖盘
10:01:16,102.55,0.0,5,51275,买盘
10:01:19,102.54,-0.01,10,102545,卖盘
10:01:22,102.55,0.01,3,30765,买盘
10:01:25,102.55,0.0,5,51275,买盘
10:01:28,102.57,0.02,5,51279,买盘
10:01:31,102.55,-0.02,1,10255,卖盘
10:01:34,102.57,0.02,1,10257,买盘
10:01:37,102.57,0.0,6,61542,买盘
10:01:43,102.57,0.0,11,112821,买盘
10:01:46,102.56,-0.01,13,133334,中性盘
10:01:49,102.56,0.0,3,30768,买盘
10:01:52,102.56,0.0,47,482027,买盘
10:01:55,102.56,0.0,4,41024,买盘
10:01:58,102.56,0.0,48,492288,买盘
10:02:01,102.56,0.0,10,102560,买盘
10:02:06,102.56,0.0,10,102561,卖盘
10:02:10,102.56,0.0,1,10256,买盘
10:02:13,102.56,0.0,11,112807,买盘
10:02:16,102.55,-0.01,16,164083,卖盘
10:02:19,102.56,0.01,9,92304,买盘
10:02:22,102.56,0.0,17,174352,买盘
10:02:25,102.55,-0.01,13,134658,卖盘
10:02:28,102.55,0.0,12,123061,卖盘
10:02:31,102.57,0.02,6,61536,买盘
10:02:34,102.55,-0.02,16,164095,卖盘
10:02:37,102.55,0.0,3,30767,卖盘
10:02:40,102.57,0.02,1,10257,买盘
10:02:43,102.57,0.0,1,10257,买盘
10:02:46,102.57,0.0,1,10257,买盘
10:02:49,102.57,0.0,23,235900,买盘
10:02:52,102.57,0.0,6,61542,买盘
10:02:55,102.57,0.0,3,30771,买盘
10:03:01,102.57,0.0,1,10257,卖盘
10:03:04,102.57,0.0,31,317973,卖盘
10:03:07,102.56,-0.01,7,71792,卖盘
10:03:10,102.55,-0.01,16,164084,卖盘
10:03:13,102.56,0.01,2,20511,买盘
10:03:16,102.55,-0.01,13,131981,卖盘
10:03:19,102.55,0.0,66,676773,买盘
10:03:22,102.55,0.0,48,493534,买盘
10:03:25,102.56,0.01,5,51277,买盘
10:03:28,102.55,-0.01,20,205101,卖盘
10:03:31,102.55,0.0,1,10255,买盘
10:03:34,102.56,0.01,10,102560,买盘
10:03:37,102.56,0.0,26,266621,卖盘
10:03:39,102.55,-0.01,2,20510,买盘
10:03:43,102.53,-0.02,34,348668,卖盘
10:03:46,102.55,0.02,4,41020,买盘
10:03:49,102.55,0.0,7,71782,买盘
10:03:52,102.54,-0.01,9,92291,卖盘
10:03:55,102.55,0.01,26,266605,买盘
10:03:58,102.55,0.0,22,225610,卖盘
10:04:01,102.55,0.0,3,30765,卖盘
10:04:07,102.56,0.01,7,71792,买盘
10:04:10,102.55,-0.01,13,133315,卖盘
10:04:13,102.55,0.0,1,10255,卖盘
10:04:22,102.55,0.0,14,143589,卖盘
10:04:25,102.57,0.02,11,112809,买盘
10:04:28,102.57,0.0,2,20513,买盘
10:04:31,102.55,-0.02,20,205103,卖盘
10:04:34,102.55,0.0,6,61531,卖盘
10:04:36,102.55,0.0,14,143578,卖盘
10:04:40,102.55,0.0,13,133331,卖盘
10:04:46,102.55,0.0,47,481990,卖盘
10:04:49,102.56,0.01,8,82048,中性盘
10:04:51,102.56,0.0,10,102564,中性盘
10:04:55,102.57,0.01,6,61532,买盘
10:04:58,102.57,0.0,5,51285,买盘
10:05:01,102.57,0.0,49,502542,买盘
10:05:04,102.55,-0.02,43,440965,卖盘
10:05:07,102.55,0.0,6,61530,卖盘
10:05:10,102.54,-0.01,17,174326,卖盘
10:05:13,102.53,-0.01,96,982956,卖盘
10:05:16,102.52,-0.01,59,604871,卖盘
10:05:19,102.51,-0.01,118,1209604,卖盘
10:05:21,102.5,-0.01,45,461256,卖盘
10:05:25,102.51,0.01,62,635516,买盘
10:05:28,102.51,0.0,6,61506,买盘
10:05:30,102.5,-0.01,214,2193502,卖盘
10:05:34,102.5,0.0,18,184504,卖盘
10:05:37,102.51,0.01,64,656003,买盘
10:05:40,102.5,-0.01,30,307526,卖盘
10:05:46,102.5,0.0,14,143521,卖盘
10:05:48,102.52,0.02,2,20504,买盘
10:05:52,102.51,-0.01,15,153765,买盘
10:05:55,102.51,0.0,15,153756,买盘
10:05:58,102.5,-0.01,22,225501,卖盘
10:06:01,102.52,0.02,10,102512,买盘
10:06:05,102.52,0.0,3,30756,卖盘
10:06:07,102.52,0.0,8,82022,卖盘
10:06:10,102.52,0.0,10,102529,卖盘
10:06:13,102.52,0.0,16,164028,卖盘
10:06:16,102.52,0.0,1,10252,买盘
10:06:19,102.52,0.0,1,10252,买盘
10:06:22,102.52,0.0,1,10252,卖盘
10:06:25,102.52,0.0,4,41010,卖盘
10:06:28,102.53,0.01,16,164046,买盘
10:06:30,102.52,-0.01,10,103854,卖盘
10:06:34,102.52,0.0,1,10252,卖盘
10:06:37,102.52,0.0,14,142198,卖盘
10:06:40,102.52,0.0,19,194781,买盘
10:06:43,102.52,0.0,3,30754,买盘
10:06:46,102.51,-0.01,48,492050,卖盘
10:06:49,102.51,0.0,3,30753,买盘
10:06:52,102.51,0.0,67,686812,买盘
10:06:55,102.5,-0.01,1157,11859216,卖盘
10:06:58,102.48,-0.02,63,645616,卖盘
10:07:01,102.48,0.0,28,286942,买盘
10:07:04,102.46,-0.02,3,30737,买盘
10:07:07,102.45,-0.01,29,297110,卖盘
10:07:13,102.44,-0.01,2,20488,卖盘
10:07:15,102.44,0.0,10,102440,买盘
10:07:19,102.44,0.0,28,286789,买盘
10:07:22,102.44,0.0,6,61464,卖盘
10:07:25,102.44,0.0,6,61467,中性盘
10:07:28,102.43,-0.01,14,143413,卖盘
10:07:31,102.43,0.0,2,20486,买盘
10:07:34,102.43,0.0,5,51215,买盘
10:07:37,102.42,-0.01,8,81940,卖盘
10:07:40,102.42,0.0,25,256063,卖盘
10:07:43,102.42,0.0,48,491578,卖盘
10:07:46,102.41,-0.01,4,40964,卖盘
10:07:49,102.42,0.01,15,153621,买盘
10:07:52,102.41,-0.01,13,133139,卖盘
10:07:55,102.41,0.0,2,20481,买盘
10:07:58,102.41,0.0,56,573442,买盘
10:08:01,102.38,-0.03,10,102387,卖盘
10:08:05,102.4,0.02,8,81910,买盘
10:08:08,102.4,0.0,8,81900,买盘
10:08:10,102.35,-0.05,32,327556,卖盘
10:08:13,102.37,0.02,2,20472,买盘
10:08:16,102.34,-0.03,9,92135,卖盘
10:08:19,102.38,0.04,11,112614,买盘
10:08:22,102.36,-0.02,16,163782,卖盘
10:08:25,102.38,0.02,5,51184,买盘
10:08:28,102.34,-0.04,7,71643,卖盘
10:08:31,102.34,0.0,8,81876,卖盘
10:08:34,102.34,0.0,10,102342,卖盘
10:08:37,102.36,0.02,13,133050,买盘
10:08:40,102.33,-0.03,32,327505,卖盘
10:08:43,102.34,0.01,8,81871,卖盘
10:08:46,102.34,0.0,12,122808,买盘
10:08:49,102.33,-0.01,2,20466,卖盘
10:08:52,102.32,-0.01,8,81866,卖盘
10:08:55,102.33,0.01,9,92093,中性盘
10:08:58,102.32,-0.01,16,163721,卖盘
10:09:01,102.32,0.0,6,61393,卖盘
10:09:07,102.3,-0.02,87,890052,卖盘
10:09:09,102.3,0.0,20,204600,买盘
10:09:13,102.29,-0.01,15,153438,卖盘
10:09:16,102.29,0.0,7,71603,买盘
10:09:19,102.3,0.01,12,122749,买盘
10:09:22,102.3,0.0,6,61375,买盘
10:09:25,102.28,-0.02,23,235261,卖盘
10:09:28,102.28,0.0,4,40912,买盘
10:09:31,102.2,-0.08,79,807501,卖盘
10:09:34,102.28,0.08,20,204556,买盘
10:09:37,102.28,0.0,1,10228,卖盘
10:09:40,102.2,-0.08,12,122691,卖盘
10:09:43,102.28,0.08,6,61360,买盘
10:09:49,102.28,0.0,5,51140,买盘
10:09:52,102.28,0.0,6,61368,买盘
10:09:55,102.22,-0.06,23,235117,卖盘
10:09:58,102.21,-0.01,22,225003,卖盘
10:10:01,102.22,0.01,1,10222,买盘
10:10:07,102.22,0.0,19,194205,买盘
10:10:10,102.21,-0.01,50,511139,卖盘
10:10:13,102.22,0.01,31,316884,卖盘
10:10:16,102.2,-0.02,45,459903,卖盘
10:10:18,102.2,0.0,25,255520,卖盘
10:10:22,102.2,0.0,42,429279,卖盘
10:10:25,102.2,0.0,47,480314,买盘
10:10:28,102.2,0.0,4,40877,买盘
10:10:31,102.17,-0.03,15,153278,卖盘
10:10:34,102.17,0.0,13,132822,卖盘
10:10:37,102.2,0.03,66,674275,买盘
10:10:40,102.17,-0.03,5,51090,卖盘
10:10:43,102.17,0.0,13,132821,买盘
10:10:46,102.17,0.0,1,10217,买盘
10:10:49,102.13,-0.04,5,51073,卖盘
10:10:52,102.13,0.0,10,102130,买盘
10:10:55,102.13,0.0,9,91916,卖盘
10:11:00,102.14,0.01,1,10214,中性盘
10:11:04,102.1,-0.04,89,908822,卖盘
10:11:07,102.12,0.02,42,428968,中性盘
10:11:10,102.12,0.0,10,102119,买盘
10:11:13,102.12,0.0,43,439063,买盘
10:11:19,102.12,0.0,9,91906,卖盘
10:11:21,102.13,0.01,17,173618,买盘
10:11:25,102.11,-0.02,34,347205,卖盘
10:11:30,102.13,0.02,50,510637,买盘
10:11:34,102.13,0.0,13,132769,买盘
10:11:37,102.13,0.0,28,285941,买盘
10:11:39,102.17,0.04,20,204308,买盘
10:11:43,102.12,-0.05,23,234878,卖盘
10:11:49,102.17,0.05,8,81736,买盘
10:11:51,102.17,0.0,22,224789,买盘
10:11:54,102.17,0.0,6,61302,卖盘
10:11:58,102.18,0.01,9,91954,买盘
10:12:00,102.18,0.0,1,10218,卖盘
10:12:05,102.19,0.01,9,91970,买盘
10:12:07,102.19,0.0,3,30657,买盘
10:12:10,102.17,-0.02,77,786737,卖盘
10:12:13,102.19,0.02,16,163496,买盘
10:12:16,102.19,0.0,14,143075,卖盘
10:12:22,102.21,0.02,45,459945,买盘
10:12:25,102.21,0.0,5,51105,卖盘
10:12:31,102.22,0.01,25,255548,买盘
10:12:34,102.22,0.0,9,91998,卖盘
10:12:37,102.22,0.0,4,40896,卖盘
10:12:40,102.21,-0.01,80,817784,卖盘
10:12:43,102.21,0.0,12,122677,卖盘
10:12:46,102.22,0.01,7,71554,买盘
10:12:49,102.22,0.0,7,71550,买盘
10:12:52,102.22,0.0,16,163553,买盘
10:12:55,102.22,0.0,23,235105,卖盘
10:12:58,102.22,0.0,21,214662,买盘
10:13:01,102.2,-0.02,81,827868,卖盘
10:13:04,102.26,0.06,19,194294,买盘
10:13:07,102.26,0.0,5,51130,买盘
10:13:10,102.26,0.0,2,20452,买盘
10:13:12,102.26,0.0,2,20452,卖盘
10:13:16,102.26,0.0,4,40904,买盘
10:13:19,102.28,0.02,8,81810,买盘
10:13:22,102.28,0.0,15,153420,卖盘
10:13:25,102.28,0.0,13,132964,卖盘
10:13:28,102.3,0.02,13,132980,买盘
10:13:31,102.26,-0.04,8,81828,卖盘
10:13:34,102.26,0.0,5,49398,卖盘
10:13:37,102.3,0.04,9,92070,买盘
10:13:40,102.26,-0.04,20,204580,卖盘
10:13:43,102.3,0.04,4,40920,买盘
10:13:46,102.29,-0.01,1,10229,中性盘
10:13:49,102.29,0.0,1,10229,买盘
10:13:52,102.3,0.01,64,656559,买盘
10:13:55,102.3,0.0,5,51150,卖盘
10:13:58,102.31,0.01,1,10231,买盘
10:14:05,102.32,0.01,2,20464,买盘
10:14:07,102.32,0.0,9,92088,买盘
10:14:10,102.33,0.01,1,10233,买盘
10:14:13,102.34,0.01,9,92106,卖盘
10:14:16,102.36,0.02,10,102344,买盘
10:14:19,102.36,0.0,1,10236,买盘
10:14:22,102.36,0.0,9,92124,买盘
10:14:25,102.34,-0.02,5,51173,卖盘
10:14:28,102.34,0.0,14,143264,卖盘
10:14:31,102.3,-0.04,57,583216,卖盘
10:14:34,102.32,0.02,45,458518,买盘
10:14:37,102.3,-0.02,14,143230,卖盘
10:14:39,102.3,0.0,34,347792,买盘
10:14:43,102.28,-0.02,13,132972,卖盘
10:14:46,102.27,-0.01,5,51135,卖盘
10:14:49,102.29,0.02,10,102272,买盘
10:14:52,102.26,-0.03,26,265924,卖盘
10:14:55,102.27,0.01,8,81809,中性盘
10:14:58,102.27,0.0,3,32424,卖盘
10:15:01,102.25,-0.02,5,51133,卖盘
10:15:04,102.25,0.0,9,92018,卖盘
10:15:07,102.23,-0.02,30,306690,卖盘
10:15:10,102.26,0.03,7,71584,卖盘
10:15:13,102.23,-0.03,3,30673,卖盘
10:15:16,102.23,0.0,14,143111,买盘
10:15:19,102.25,0.02,28,286275,买盘
10:15:22,102.25,0.0,3,30675,卖盘
10:15:25,102.25,0.0,9,92030,卖盘
10:15:28,102.23,-0.02,10,102230,卖盘
10:15:31,102.23,0.0,6,61337,买盘
10:15:34,102.22,-0.01,15,153335,卖盘
10:15:37,102.25,0.03,114,1165178,买盘
10:15:39,102.23,-0.02,1,10223,卖盘
10:15:43,102.23,0.0,2,20446,卖盘
10:15:46,102.25,0.02,31,316967,买盘
10:15:52,102.25,0.0,14,143161,卖盘
10:15:55,102.26,0.01,23,235189,买盘
10:15:58,102.26,0.0,4,40904,买盘
10:16:01,102.29,0.03,2,20457,买盘
10:16:04,102.29,0.0,2,20458,买盘
10:16:07,102.26,-0.03,11,112503,卖盘
10:16:09,102.26,0.0,3,30678,卖盘
10:16:13,102.26,0.0,27,276127,卖盘
10:16:16,102.26,0.0,19,194286,中性盘
10:16:19,102.25,-0.01,7,71574,中性盘
10:16:21,102.25,0.0,24,245397,买盘
10:16:24,102.24,-0.01,2,20448,卖盘
10:16:28,102.25,0.01,1,10225,买盘
10:16:31,102.25,0.0,8,81800,买盘
10:16:34,102.25,0.0,8,81798,买盘
10:16:37,102.23,-0.02,30,306708,卖盘
10:16:40,102.22,-0.01,5,51114,卖盘
10:16:43,102.23,0.01,15,153325,买盘
10:16:46,102.2,-0.03,5,51100,卖盘
10:16:52,102.21,0.01,16,163530,买盘
10:16:58,102.22,0.01,17,173742,买盘
10:17:00,102.2,-0.02,7,71544,卖盘
10:17:04,102.22,0.02,7,71545,买盘
10:17:07,102.22,0.0,5,51110,买盘
10:17:10,102.22,0.0,11,112442,买盘
10:17:13,102.21,-0.01,20,204421,卖盘
10:17:16,102.2,-0.01,20,204429,卖盘
10:17:19,102.2,0.0,40,408802,卖盘
10:17:22,102.2,0.0,22,224865,卖盘
10:17:25,102.2,0.0,10,102204,卖盘
10:17:28,102.22,0.02,7,71548,买盘
10:17:34,102.23,0.01,22,224889,买盘
10:17:37,102.22,-0.01,9,91991,卖盘
10:17:40,102.21,-0.01,7,69502,中性盘
10:17:43,102.2,-0.01,13,132860,卖盘
10:17:46,102.2,0.0,23,235068,卖盘
10:17:49,102.21,0.01,12,122655,卖盘
10:17:52,102.22,0.01,6,61332,买盘
10:17:55,102.22,0.0,10,102218,卖盘
10:17:58,102.22,0.0,2,20444,买盘
10:18:01,102.22,0.0,11,112433,买盘
10:18:04,102.2,-0.02,71,727733,卖盘
10:18:07,102.2,0.0,7,71540,买盘
10:18:10,102.2,0.0,5,51100,买盘
10:18:13,102.19,-0.01,25,255477,卖盘
10:18:16,102.2,0.01,15,153300,买盘
10:18:19,102.19,-0.01,16,163503,卖盘
10:18:21,102.18,-0.01,36,367861,卖盘
10:18:25,102.18,0.0,16,163495,卖盘
10:18:28,102.2,0.02,4,40878,买盘
10:18:30,102.19,-0.01,2,20439,卖盘
10:18:34,102.2,0.01,1,10220,买盘
10:18:36,102.19,-0.01,2,20438,卖盘
10:18:40,102.2,0.01,5,51100,买盘
10:18:43,102.2,0.0,9,91978,买盘
10:18:46,102.19,-0.01,9,91973,卖盘
10:18:49,102.19,0.0,8,81759,卖盘
10:18:52,102.19,0.0,78,797066,卖盘
10:18:55,102.19,0.0,2,20438,买盘
10:18:58,102.19,0.0,12,122622,买盘
10:19:01,102.18,-0.01,5,51091,中性盘
10:19:05,102.16,-0.02,22,224780,卖盘
10:19:06,102.18,0.02,11,112398,买盘
10:19:13,102.16,-0.02,2,20432,卖盘
10:19:16,102.18,0.02,28,286053,买盘
10:19:21,102.19,0.01,6,61314,买盘
10:19:25,102.18,-0.01,2,20436,卖盘
10:19:28,102.19,0.01,6,61314,买盘
10:19:31,102.19,0.0,9,91966,买盘
10:19:34,102.18,-0.01,3,30656,卖盘
10:19:36,102.19,0.01,3,30657,买盘
10:19:41,102.18,-0.01,26,265679,卖盘
10:19:43,102.2,0.02,1,10220,买盘
10:19:46,102.18,-0.02,31,316802,卖盘
10:19:49,102.18,0.0,8,79703,卖盘
10:19:52,102.2,0.02,6,61315,买盘
10:19:55,102.2,0.0,9,91980,卖盘
10:19:58,102.19,-0.01,13,132857,卖盘
10:20:01,102.18,-0.01,29,298366,卖盘
10:20:04,102.2,0.02,8,81745,卖盘
10:20:07,102.18,-0.02,8,81745,中性盘
10:20:10,102.16,-0.02,53,541509,卖盘
10:20:13,102.14,-0.02,35,357529,卖盘
10:20:16,102.11,-0.03,88,898676,卖盘
10:20:19,102.11,0.0,31,316541,卖盘
10:20:22,102.11,0.0,68,694292,买盘
10:20:25,102.1,-0.01,56,571761,卖盘
10:20:28,102.1,0.0,52,530922,卖盘
10:20:31,102.06,-0.04,66,673742,卖盘
10:20:34,102.06,0.0,6,61240,卖盘
10:20:37,102.08,0.02,17,173506,买盘
10:20:40,102.06,-0.02,14,142888,卖盘
10:20:43,102.08,0.02,19,193950,买盘
10:20:46,102.09,0.01,16,163329,买盘
10:20:49,102.08,-0.01,31,316448,卖盘
10:20:52,102.09,0.01,21,214378,买盘
10:20:55,102.08,-0.01,10,102082,卖盘
10:20:58,102.1,0.02,2,20420,买盘
10:21:01,102.08,-0.02,37,377702,卖盘
10:21:04,102.06,-0.02,15,153109,卖盘
10:21:07,102.06,0.0,50,510328,卖盘
10:21:10,102.06,0.0,42,428670,卖盘
10:21:13,102.08,0.02,9,91863,买盘
10:21:16,102.06,-0.02,17,173504,卖盘
10:21:18,102.08,0.02,11,112274,买盘
10:21:22,102.04,-0.04,62,632737,卖盘
10:21:25,102.05,0.01,6,61240,中性盘
10:21:28,102.04,-0.01,2,20408,卖盘
10:21:31,102.05,0.01,21,214296,买盘
10:21:34,102.05,0.0,41,418387,买盘
10:21:37,102.04,-0.01,22,224493,卖盘
10:21:39,102.05,0.01,25,255112,买盘
10:21:43,102.05,0.0,11,112251,买盘
10:21:46,102.04,-0.01,4,40816,买盘
10:21:49,102.04,0.0,9,91829,买盘
10:21:52,102.04,0.0,13,132652,买盘
10:21:55,102.04,0.0,42,428537,买盘
10:21:58,102.03,-0.01,12,122439,卖盘
10:22:01,102.02,-0.01,25,255069,卖盘
10:22:04,102.03,0.01,3,30609,买盘
10:22:07,102.03,0.0,49,499933,买盘
10:22:10,102.01,-0.02,20,204035,卖盘
10:22:12,102.02,0.01,3,30606,中性盘
10:22:16,102.01,-0.01,22,224428,卖盘
10:22:19,102.02,0.01,3,30604,买盘
10:22:22,102.02,0.0,22,224432,买盘
10:22:25,102.02,0.0,29,301760,卖盘
10:22:29,102.02,0.0,26,265230,买盘
10:22:31,102.02,0.0,3,30606,买盘
10:22:34,102.01,-0.01,14,142814,卖盘
10:22:37,102.01,0.0,14,142819,卖盘
10:22:40,102.01,0.0,17,173426,卖盘
10:22:43,102.0,-0.01,180,1836029,卖盘
10:22:46,102.0,0.0,104,1060817,卖盘
10:22:49,102.02,0.02,4,40806,买盘
10:22:53,102.01,-0.01,13,132619,卖盘
10:22:55,102.01,0.0,11,112211,中性盘
10:22:58,102.01,0.0,4,40805,卖盘
10:23:01,102.0,-0.01,8,81608,卖盘
10:23:04,102.01,0.01,3,30604,买盘
10:23:07,102.01,0.0,7,71407,买盘
10:23:10,102.0,-0.01,10,102001,卖盘
10:23:13,102.01,0.01,21,214219,买盘
10:23:16,101.98,-0.03,595,6063074,卖盘
10:23:19,101.99,0.01,6,61193,买盘
10:23:22,101.98,-0.01,15,152981,卖盘
10:23:25,101.98,0.0,59,601717,卖盘
10:23:28,102.01,0.03,21,214171,买盘
10:23:31,101.98,-0.03,6,61192,卖盘
10:23:34,101.95,-0.03,21,214115,卖盘
10:23:37,102.0,0.05,4,40796,买盘
10:23:40,101.98,-0.02,6,61190,卖盘
10:23:43,102.0,0.02,6,61194,买盘
10:23:49,101.95,-0.05,10,101966,卖盘
10:23:52,101.95,0.0,23,234512,卖盘
10:23:55,101.94,-0.01,12,122328,买盘
10:23:58,101.94,0.0,3,30582,买盘
10:24:01,101.94,0.0,17,173293,买盘
10:24:04,101.94,0.0,28,285432,买盘
10:24:07,101.94,0.0,6,61166,卖盘
10:24:10,101.95,0.01,7,71365,中性盘
10:24:13,101.94,-0.01,14,142717,卖盘
10:24:16,101.94,0.0,8,81556,卖盘
10:24:19,101.95,0.01,8,81557,买盘
10:24:22,101.96,0.01,51,521950,买盘
10:24:25,101.94,-0.02,34,346600,卖盘
10:24:28,101.95,0.01,22,224276,买盘
10:24:31,101.94,-0.01,44,446498,卖盘
10:24:34,101.96,0.02,9,93787,买盘
10:24:40,101.95,-0.01,3,30585,卖盘
10:24:43,101.95,0.0,10,101952,卖盘
10:24:46,101.96,0.01,2,20392,买盘
10:24:49,101.95,-0.01,11,112145,卖盘
10:24:52,101.96,0.01,17,173331,买盘
10:24:55,101.95,-0.01,11,112145,卖盘
10:24:58,101.96,0.01,9,91753,买盘
10:25:01,101.95,-0.01,10,101958,卖盘
10:25:04,101.96,0.01,3,30588,买盘
10:25:07,101.95,-0.01,9,91755,卖盘
10:25:10,101.95,0.0,10,101950,买盘
10:25:13,101.95,0.0,1,10195,买盘
10:25:16,101.95,0.0,29,295641,买盘
10:25:19,101.94,-0.01,2,20388,买盘
10:25:22,101.95,0.01,24,244678,买盘
10:25:25,101.96,0.01,5,50978,买盘
10:25:28,101.96,0.0,1,10196,买盘
10:25:31,101.93,-0.03,25,254859,卖盘
10:25:34,101.94,0.01,5,50970,买盘
10:25:40,101.95,0.01,4,40780,买盘
10:25:42,101.95,0.0,2,20390,买盘
10:25:46,101.95,0.0,4,40777,买盘
10:25:49,101.94,-0.01,151,1538988,卖盘
10:25:52,101.94,0.0,24,244674,卖盘
10:25:55,101.95,0.01,148,1509981,买盘
10:25:58,101.96,0.01,1,10196,买盘
10:26:01,101.95,-0.01,20,202779,卖盘
10:26:05,101.94,-0.01,2,20385,中性盘
10:26:07,101.95,0.01,5,52096,买盘
10:26:10,101.95,0.0,21,212974,卖盘
10:26:13,101.95,0.0,3,31706,买盘
10:26:16,101.94,-0.01,9,90629,卖盘
10:26:19,101.92,-0.02,1,10192,卖盘
10:26:21,101.94,0.02,8,81552,买盘
10:26:28,101.94,0.0,8,81547,买盘
10:26:31,101.92,-0.02,10,103058,卖盘
10:26:34,101.93,0.01,2,20385,中性盘
10:26:37,101.95,0.02,26,265066,买盘
10:26:40,101.96,0.01,1,10196,买盘
10:26:43,101.95,-0.01,8,81558,卖盘
10:26:46,101.95,0.0,3,30584,买盘
10:26:49,101.95,0.0,7,71367,卖盘
10:26:52,101.96,0.01,32,326259,买盘
10:26:54,101.96,0.0,1,10196,买盘
10:26:58,101.96,0.0,12,122347,买盘
10:27:01,101.95,-0.01,1,10195,卖盘
10:27:04,101.95,0.0,3,30587,卖盘
10:27:07,101.96,0.01,23,234491,买盘
10:27:10,101.95,-0.01,23,234487,卖盘
10:27:13,101.96,0.01,9,91757,买盘
10:27:16,101.96,0.0,45,458808,买盘
10:27:19,101.96,0.0,4,40784,买盘
10:27:22,101.95,-0.01,21,214112,卖盘
10:27:25,101.95,0.0,12,122345,卖盘
10:27:28,101.98,0.03,21,214104,买盘
10:27:31,101.96,-0.02,3,30588,卖盘
10:27:34,101.98,0.02,8,81582,买盘
10:27:37,101.96,-0.02,8,81578,卖盘
10:27:40,101.99,0.03,4,40793,买盘
10:27:43,101.98,-0.01,22,224358,卖盘
10:27:46,101.99,0.01,13,132587,买盘
10:27:49,101.98,-0.01,6,61191,卖盘
10:27:55,102.0,0.02,9,91795,买盘
10:27:58,102.0,0.0,4,40800,买盘
10:28:01,102.0,0.0,129,1315822,买盘
10:28:04,102.0,0.0,8,81600,买盘
10:28:07,102.0,0.0,21,214200,买盘
10:28:09,102.0,0.0,1,10200,卖盘
10:28:13,102.0,0.0,9,91807,卖盘
10:28:16,102.0,0.0,53,540607,卖盘
10:28:19,102.04,0.04,9,91828,买盘
10:28:22,102.04,0.0,3,30612,买盘
10:28:25,102.03,-0.01,65,663217,卖盘
10:28:28,102.05,0.02,11,110214,买盘
10:28:31,102.05,0.0,5,51025,卖盘
10:28:34,102.06,0.01,5,51028,买盘
10:28:37,102.06,0.0,10,102060,买盘
10:28:40,102.06,0.0,4,40824,卖盘
10:28:43,102.08,0.02,2,20416,买盘
10:28:46,102.08,0.0,1,10208,买盘
10:28:49,102.06,-0.02,4,40827,卖盘
10:28:52,102.08,0.02,14,142908,买盘
10:28:55,102.08,0.0,18,183744,买盘
10:28:58,102.04,-0.04,43,440885,卖盘
10:29:01,102.04,0.0,16,163264,买盘
10:29:04,102.04,0.0,21,214276,买盘
10:29:07,102.04,0.0,15,153099,买盘
10:29:10,102.03,-0.01,10,102033,卖盘
10:29:13,102.04,0.01,6,61224,卖盘
10:29:16,102.04,0.0,17,173522,卖盘
10:29:19,102.03,-0.01,6,61220,卖盘
10:29:22,102.04,0.01,20,204077,买盘
10:29:25,102.04,0.0,51,520366,卖盘
10:29:28,102.04,0.0,2,14183,中性盘
10:29:31,102.04,0.0,1,10204,买盘
10:29:34,102.04,0.0,7,71428,买盘
10:29:37,102.04,0.0,2,20408,买盘
10:29:39,102.04,0.0,22,224485,买盘
10:29:43,102.04,0.0,14,142846,买盘
10:29:46,102.04,0.0,6,61224,买盘
10:29:49,102.04,0.0,2,20408,买盘
10:29:52,102.04,0.0,6,61224,买盘
10:29:55,102.04,0.0,8,81637,卖盘
10:29:58,102.03,-0.01,6,61223,卖盘
10:30:01,102.09,0.06,6,61254,买盘
10:30:05,102.09,0.0,2,20419,卖盘
10:30:07,102.1,0.01,5,51045,买盘
10:30:10,102.08,-0.02,1,10208,买盘
10:30:13,102.08,0.0,6,61252,卖盘
10:30:16,102.08,0.0,12,122499,卖盘
10:30:19,102.08,0.0,15,153114,买盘
10:30:21,102.07,-0.01,10,102076,中性盘
10:30:25,102.07,0.0,12,122484,买盘
10:30:28,102.08,0.01,2,20415,买盘
10:30:31,102.04,-0.04,8,81659,卖盘
10:30:34,102.03,-0.01,41,418363,卖盘
10:30:36,102.04,0.01,6,61248,中性盘
10:30:40,102.08,0.04,3,30624,买盘
10:30:43,102.08,0.0,3,30624,卖盘
10:30:46,102.04,-0.04,2,20414,卖盘
10:30:52,102.1,0.06,5,59218,买盘
10:30:55,102.08,-0.02,3,30628,卖盘
10:30:58,102.07,-0.01,10,102088,卖盘
10:31:01,102.11,0.04,10,102110,买盘
10:31:05,102.11,0.0,6,61264,卖盘
10:31:07,102.15,0.04,18,183812,买盘
10:31:10,102.1,-0.05,6,61263,中性盘
10:31:16,102.09,-0.01,2,20417,中性盘
10:31:19,102.07,-0.02,34,338900,卖盘
10:31:22,102.08,0.01,15,161277,卖盘
10:31:25,102.06,-0.02,3,30618,中性盘
10:31:28,102.08,0.02,2,18374,买盘
10:31:31,102.05,-0.03,4,40830,卖盘
10:31:34,102.1,0.05,1,10210,买盘
10:31:37,102.05,-0.05,62,632711,卖盘
10:31:40,102.11,0.06,8,81678,买盘
10:31:43,102.1,-0.01,5,51044,中性盘
10:31:46,102.1,0.0,3,30635,卖盘
10:31:52,102.1,0.0,12,122545,卖盘
10:31:55,102.15,0.05,12,122575,买盘
10:31:58,102.15,0.0,5,51075,买盘
10:32:01,102.15,0.0,12,122580,卖盘
10:32:04,102.15,0.0,6,61290,卖盘
10:32:07,102.15,0.0,5,51075,中性盘
10:32:09,102.1,-0.05,7,71478,卖盘
10:32:16,102.1,0.0,10,102113,卖盘
10:32:19,102.1,0.0,6,61260,买盘
10:32:22,102.1,0.0,6,61260,买盘
10:32:25,102.1,0.0,8,81674,买盘
10:32:28,102.08,-0.02,7,71459,卖盘
10:32:31,102.06,-0.02,12,122486,卖盘
10:32:34,102.06,0.0,26,265356,卖盘
10:32:37,102.08,0.02,11,112270,买盘
10:32:40,102.05,-0.03,13,132665,卖盘
10:32:43,102.04,-0.01,24,244939,卖盘
10:32:45,102.04,0.0,24,244908,卖盘
10:32:49,102.03,-0.01,32,320401,卖盘
10:32:52,102.04,0.01,15,153059,买盘
10:32:55,102.03,-0.01,7,77645,卖盘
10:32:58,102.03,0.0,6,61219,买盘
10:33:01,102.04,0.01,4,40814,买盘
10:33:05,102.02,-0.02,6,61213,卖盘
10:33:07,102.01,-0.01,38,387644,卖盘
10:33:10,102.04,0.03,4,40810,买盘
10:33:13,102.04,0.0,4,40810,买盘
10:33:16,102.02,-0.02,2,20404,卖盘
10:33:19,102.01,-0.01,22,224437,卖盘
10:33:22,102.04,0.03,14,142838,买盘
10:33:25,102.04,0.0,1,10204,买盘
10:33:28,102.02,-0.02,1,10202,买盘
10:33:31,102.02,0.0,2,20404,卖盘
10:33:36,102.03,0.01,5,51015,买盘
10:33:40,102.04,0.01,16,163244,买盘
10:33:43,102.04,0.0,2,20408,买盘
10:33:46,102.04,0.0,7,71432,卖盘
10:33:52,102.04,0.0,12,122446,买盘
10:33:58,102.03,-0.01,12,122444,卖盘
10:34:01,102.03,0.0,1,10203,买盘
10:34:05,102.03,0.0,7,71421,买盘
10:34:07,102.03,0.0,6,61218,买盘
10:34:10,102.03,0.0,3,30609,买盘
10:34:13,102.05,0.02,2,20410,买盘
10:34:16,102.05,0.0,9,91839,买盘
10:34:18,102.04,-0.01,3,30614,卖盘
10:34:22,102.04,0.0,11,112142,买盘
10:34:25,102.05,0.01,7,71435,卖盘
10:34:28,102.08,0.03,1,10208,买盘
10:34:31,102.08,0.0,3,30618,买盘
10:34:37,102.06,-0.02,9,91864,卖盘
10:34:40,102.06,0.0,2,20412,买盘
10:34:43,102.06,0.0,3,30618,买盘
10:34:45,102.05,-0.01,19,193999,卖盘
10:34:48,102.04,-0.01,11,112249,卖盘
10:34:52,102.05,0.01,12,122456,买盘
10:34:58,102.05,0.0,45,459112,买盘
10:35:01,102.03,-0.02,5,51015,中性盘
10:35:04,102.03,0.0,1,10203,买盘
10:35:07,102.02,-0.01,7,71419,卖盘
10:35:10,102.02,0.0,6,61212,卖盘
10:35:13,102.03,0.01,3,30609,买盘
10:35:16,102.03,0.0,4,40812,买盘
10:35:19,102.02,-0.01,12,122424,卖盘
10:35:22,102.02,0.0,18,183649,卖盘
10:35:28,102.03,0.01,36,367306,买盘
10:35:30,102.02,-0.01,28,285665,卖盘
10:35:34,102.03,0.01,1,10203,卖盘
10:35:37,102.05,0.02,7,71431,买盘
10:35:40,102.05,0.0,41,417691,买盘
10:35:43,102.05,0.0,9,91845,买盘
10:35:46,102.05,0.0,1,10205,买盘
10:35:52,102.05,0.0,6,61230,买盘
10:35:57,102.04,-0.01,52,530588,卖盘
10:36:01,102.06,0.02,3,30617,买盘
10:36:04,102.05,-0.01,16,163232,中性盘
10:36:07,102.05,0.0,5,51025,买盘
10:36:10,102.05,0.0,3,30615,买盘
10:36:13,102.08,0.03,13,132688,买盘
10:36:16,102.08,0.0,1,10208,买盘
10:36:19,102.02,-0.06,4,40811,卖盘
10:36:22,102.02,0.0,9,91818,买盘
10:36:25,102.08,0.06,2,20416,买盘
10:36:28,102.08,0.0,2,20416,买盘
10:36:31,102.09,0.01,35,359150,买盘
10:36:34,102.09,0.0,8,79831,卖盘
10:36:37,102.09,0.0,44,450885,买盘
10:36:40,102.08,-0.01,5,51043,卖盘
10:36:46,102.03,-0.05,4,40822,卖盘
10:36:49,102.03,0.0,13,132692,卖盘
10:36:52,102.09,0.06,14,142921,买盘
10:36:55,102.1,0.01,11,112301,买盘
10:36:58,102.08,-0.02,29,296022,卖盘
10:37:00,102.09,0.01,4,40834,买盘
10:37:04,102.04,-0.05,10,102081,卖盘
10:37:07,102.09,0.05,9,91881,买盘
10:37:10,102.1,0.01,8,81662,买盘
10:37:13,102.09,-0.01,2,20418,卖盘
10:37:16,102.08,-0.01,2,20417,卖盘
10:37:19,102.05,-0.03,3,30619,卖盘
10:37:22,102.09,0.04,8,81672,买盘
10:37:28,102.07,-0.02,1,10207,卖盘
10:37:31,102.07,0.0,13,132701,卖盘
10:37:34,102.06,-0.01,4,40825,卖盘
10:37:37,102.07,0.01,2,20414,中性盘
10:37:40,102.07,0.0,2,20414,卖盘
10:37:43,102.07,0.0,2,20414,卖盘
10:37:46,102.06,-0.01,13,132685,卖盘
10:37:49,102.06,0.0,3,30619,卖盘
10:37:51,102.06,0.0,2,20412,买盘
10:37:55,102.07,0.01,34,347040,卖盘
10:37:58,102.09,0.02,12,122508,买盘
10:38:01,102.06,-0.03,19,193929,卖盘
10:38:04,102.05,-0.01,2,20410,卖盘
10:38:07,102.06,0.01,8,81648,买盘
10:38:10,102.06,0.0,11,112266,买盘
10:38:13,102.06,0.0,1,10206,买盘
10:38:16,102.05,-0.01,18,183695,卖盘
10:38:19,102.05,0.0,15,153067,买盘
10:38:22,102.05,0.0,15,153075,买盘
10:38:25,102.04,-0.01,5,51020,卖盘
10:38:28,102.05,0.01,2,20410,买盘
10:38:31,102.05,0.0,1,10205,买盘
10:38:34,102.05,0.0,1,10205,买盘
10:38:37,102.05,0.0,7,71434,买盘
10:38:39,102.04,-0.01,10,102044,卖盘
10:38:43,102.05,0.01,6,61230,买盘
10:38:49,102.04,-0.01,5,51022,卖盘
10:38:52,102.05,0.01,31,316330,买盘
10:38:58,102.03,-0.02,3,30612,卖盘
10:39:01,102.05,0.02,30,306100,买盘
10:39:04,102.05,0.0,7,71425,买盘
10:39:07,102.05,0.0,5,51025,买盘
10:39:16,102.04,-0.01,2,20409,卖盘
10:39:19,102.03,-0.01,57,581572,卖盘
10:39:22,102.03,0.0,12,120605,卖盘
10:39:25,102.03,0.0,52,530520,买盘
10:39:28,102.02,-0.01,7,71409,中性盘
10:39:31,102.02,0.0,1,10202,买盘
10:39:34,102.01,-0.01,47,479447,卖盘
10:39:37,102.02,0.01,37,377439,买盘
10:39:40,102.01,-0.01,17,174031,卖盘
10:39:43,102.01,0.0,30,306001,买盘
10:39:46,102.01,0.0,204,2080805,买盘
10:39:49,102.0,-0.01,52,530435,卖盘
10:39:52,102.0,0.0,63,642609,卖盘
10:39:55,102.02,0.02,246,2508675,买盘
10:39:58,102.0,-0.02,197,2009698,卖盘
10:40:01,102.0,0.0,20,199614,卖盘
10:40:05,102.01,0.01,194,1978833,买盘
10:40:07,102.01,0.0,7,71402,中性盘
10:40:10,102.01,0.0,3,30603,卖盘
10:40:13,102.0,-0.01,35,356188,卖盘
10:40:16,102.0,0.0,40,409224,卖盘
10:40:19,102.0,0.0,28,292030,卖盘
10:40:22,102.01,0.01,11,112211,买盘
10:40:25,102.02,0.01,27,275418,买盘
10:40:27,102.02,0.0,2,20404,卖盘
10:40:31,102.03,0.01,53,540707,买盘
10:40:34,102.02,-0.01,10,102020,卖盘
10:40:37,102.02,0.0,41,418289,卖盘
10:40:40,102.03,0.01,4,40812,买盘
10:40:43,102.02,-0.01,17,165073,卖盘
10:40:46,102.04,0.02,1,10204,买盘
10:40:48,102.04,0.0,2,20408,买盘
10:40:52,102.03,-0.01,12,122441,中性盘
10:40:55,102.02,-0.01,6,61215,卖盘
10:40:58,102.04,0.02,1,10204,买盘
10:41:00,102.02,-0.02,28,285660,卖盘
10:41:04,102.02,0.0,11,112222,卖盘
10:41:07,102.02,0.0,28,285658,卖盘
10:41:10,102.04,0.02,6,61224,买盘
10:41:13,102.03,-0.01,1,10203,中性盘
10:41:16,102.02,-0.01,7,71414,卖盘
10:41:19,102.02,0.0,11,120589,卖盘
10:41:22,102.02,0.0,18,183625,买盘
10:41:25,102.0,-0.02,17,173412,卖盘
10:41:28,102.0,0.0,14,142822,卖盘
10:41:31,102.02,0.02,4,40804,买盘
10:41:34,102.0,-0.02,21,214200,卖盘
10:41:36,102.0,0.0,59,601810,卖盘
10:41:40,102.0,0.0,18,183591,卖盘
10:41:43,102.0,0.0,14,137493,卖盘
10:41:45,101.98,-0.02,151,1543517,卖盘
10:41:49,101.99,0.01,29,295745,买盘
10:41:52,101.98,-0.01,25,251495,卖盘
10:41:55,101.97,-0.01,4,40790,卖盘
10:42:01,101.97,0.0,13,136033,卖盘
10:42:05,101.97,0.0,9,91770,买盘
10:42:07,101.96,-0.01,10,101966,卖盘
10:42:10,101.97,0.01,9,91769,买盘
10:42:13,101.97,0.0,22,224315,买盘
10:42:16,101.96,-0.01,20,203927,卖盘
10:42:19,101.95,-0.01,20,203903,卖盘
10:42:22,101.95,0.0,39,397610,卖盘
10:42:25,101.94,-0.01,20,203884,卖盘
10:42:28,101.93,-0.01,15,152907,卖盘
10:42:31,101.92,-0.01,10,101927,卖盘
10:42:34,101.92,0.0,9,91728,卖盘
10:42:37,101.93,0.01,6,61153,买盘
10:42:40,101.93,0.0,40,406566,买盘
10:42:43,101.93,0.0,15,152875,买盘
10:42:46,101.92,-0.01,27,275155,卖盘
10:42:49,101.93,0.01,10,101920,买盘
10:42:52,101.93,0.0,23,234423,买盘
10:42:55,101.9,-0.03,7,71338,卖盘
10:42:58,101.93,0.03,4,40769,买盘
10:43:01,101.9,-0.03,28,285331,卖盘
10:43:04,101.9,0.0,7,71330,卖盘
10:43:07,101.9,0.0,14,142663,卖盘
10:43:10,101.9,0.0,10,101903,卖盘
10:43:13,101.89,-0.01,51,519692,卖盘
10:43:16,101.89,0.0,33,336253,卖盘
10:43:19,101.88,-0.01,33,336220,卖盘
10:43:22,101.9,0.02,27,275100,买盘
10:43:25,101.87,-0.03,53,539972,卖盘
10:43:28,101.88,0.01,11,112059,中性盘
10:43:31,101.82,-0.06,114,1161189,卖盘
10:43:34,101.82,0.0,21,213828,卖盘
10:43:37,101.87,0.05,9,91661,中性盘
10:43:40,101.81,-0.06,4,40724,卖盘
10:43:43,101.8,-0.01,180,1829053,卖盘
10:43:46,101.78,-0.02,23,237504,卖盘
10:43:48,101.77,-0.01,33,335813,卖盘
10:43:51,101.77,0.0,20,203517,买盘
10:43:55,101.77,0.0,3,30531,买盘
10:43:58,101.75,-0.02,4,40700,卖盘
10:44:01,101.75,0.0,6,61053,卖盘
10:44:05,101.74,-0.01,13,132262,卖盘
10:44:07,101.72,-0.02,17,172943,卖盘
10:44:10,101.74,0.02,10,101727,买盘
10:44:13,101.74,0.0,3,30522,买盘
10:44:16,101.72,-0.02,12,122073,卖盘
10:44:19,101.71,-0.01,14,142403,卖盘
10:44:22,101.7,-0.01,35,355991,卖盘
10:44:25,101.7,0.0,23,233911,卖盘
10:44:28,101.71,0.01,20,203406,买盘
10:44:31,101.7,-0.01,33,335603,买盘
10:44:33,101.7,0.0,7,71184,买盘
10:44:37,101.7,0.0,39,396568,买盘
10:44:40,101.69,-0.01,19,193211,中性盘
10:44:43,101.68,-0.01,17,172871,卖盘
10:44:46,101.69,0.01,17,172864,买盘
10:44:49,101.66,-0.03,13,132193,卖盘
10:44:52,101.69,0.03,17,172868,买盘
10:44:55,101.69,0.0,4,40676,买盘
10:44:58,101.66,-0.03,18,183023,卖盘
10:45:00,101.68,0.02,32,325333,中性盘
10:45:05,101.66,-0.02,39,396491,卖盘
10:45:07,101.69,0.03,15,152517,买盘
10:45:10,101.69,0.0,25,254208,买盘
10:45:13,101.66,-0.03,26,264331,卖盘
10:45:16,101.66,0.0,12,121987,买盘
10:45:19,101.65,-0.01,36,365961,卖盘
10:45:22,101.66,0.01,41,416787,买盘
10:45:25,101.65,-0.01,21,213457,卖盘
10:45:27,101.65,0.0,69,701430,买盘
10:45:31,101.62,-0.03,28,284587,卖盘
10:45:34,101.63,0.01,11,111792,中性盘
10:45:36,101.63,0.0,8,81314,卖盘
10:45:40,101.63,0.0,59,599712,买盘
10:45:43,101.63,0.0,69,701097,买盘
10:45:46,101.6,-0.03,31,315026,卖盘
10:45:49,101.68,0.08,45,457300,买盘
10:45:52,101.6,-0.08,14,142271,卖盘
10:45:55,101.61,0.01,24,243863,买盘
10:45:58,101.61,0.0,17,172730,买盘
10:46:01,101.61,0.0,38,386152,买盘
10:46:05,101.7,0.09,59,599509,买盘
10:46:07,101.6,-0.1,85,863630,卖盘
10:46:10,101.61,0.01,72,731579,买盘
10:46:12,101.61,0.0,21,213350,买盘
10:46:16,101.61,0.0,14,142243,买盘
10:46:19,101.61,0.0,19,193059,卖盘
10:46:22,101.86,0.25,39,396460,买盘
10:46:25,101.61,-0.25,17,172723,卖盘
10:46:31,101.85,0.24,3,30509,买盘
10:46:34,101.85,0.0,7,71157,买盘
10:46:37,101.65,-0.2,25,254469,中性盘
10:46:40,101.85,0.2,17,172964,买盘
10:46:43,101.63,-0.22,2,20331,卖盘
10:46:46,101.65,0.02,22,223626,买盘
10:46:52,101.65,0.0,15,152475,买盘
10:46:55,101.88,0.23,9,91534,买盘
10:47:01,101.88,0.0,1,10188,买盘
10:47:04,101.65,-0.23,27,274612,卖盘
10:47:07,101.65,0.0,6,60990,卖盘
10:47:10,101.81,0.16,29,295249,卖盘
10:47:13,101.79,-0.02,17,172896,卖盘
10:47:16,101.81,0.02,2,20362,买盘
10:47:18,101.66,-0.15,2,20332,卖盘
10:47:22,101.81,0.15,16,162716,买盘
10:47:25,101.65,-0.16,6,60994,卖盘
10:47:28,101.66,0.01,1,10166,卖盘
10:47:31,101.68,0.02,2,20336,买盘
10:47:34,101.66,-0.02,1,10166,卖盘
10:47:37,101.68,0.02,1,10168,买盘
10:47:40,101.68,0.0,14,142345,买盘
10:47:43,101.67,-0.01,3,30502,中性盘
10:47:46,101.67,0.0,33,335501,卖盘
10:47:48,101.68,0.01,18,183008,买盘
10:47:52,101.68,0.0,8,81344,买盘
10:47:55,101.68,0.0,24,244023,买盘
10:47:58,101.81,0.13,2,20349,买盘
10:48:01,101.81,0.0,6,61073,买盘
10:48:04,101.81,0.0,31,315193,买盘
10:48:07,101.68,-0.13,8,81357,卖盘
10:48:13,101.81,0.13,5,50905,买盘
10:48:19,101.81,0.0,8,81359,买盘
10:48:22,101.7,-0.11,13,132218,中性盘
10:48:25,101.68,-0.02,7,71180,卖盘
10:48:27,101.7,0.02,12,122033,买盘
10:48:31,101.7,0.0,2,20340,买盘
10:48:34,101.7,0.0,2,20340,买盘
10:48:37,101.7,0.0,10,101700,买盘
10:48:40,101.69,-0.01,6,61017,卖盘
10:48:42,101.7,0.01,1,10170,卖盘
10:48:49,101.8,0.1,3,30540,买盘
10:48:52,101.7,-0.1,23,233961,卖盘
10:48:55,101.72,0.02,10,101760,卖盘
10:48:58,101.8,0.08,5,50900,买盘
10:49:01,101.8,0.0,1,10180,买盘
10:49:04,101.71,-0.09,34,345910,卖盘
10:49:07,101.71,0.0,13,132217,买盘
10:49:09,101.8,0.09,2,20360,买盘
10:49:13,101.71,-0.09,2,20342,卖盘
10:49:16,101.8,0.09,2,20360,买盘
10:49:19,101.8,0.0,18,183231,买盘
10:49:22,101.8,0.0,20,203439,买盘
10:49:24,101.8,0.0,9,91620,买盘
10:49:28,101.8,0.0,10,101800,买盘
10:49:31,101.7,-0.1,87,884840,卖盘
10:49:34,101.7,0.0,13,132214,卖盘
10:49:37,101.71,0.01,7,71236,卖盘
10:49:40,101.8,0.09,7,71251,买盘
10:49:43,101.8,0.0,8,81393,买盘
10:49:46,101.8,0.0,2,20360,买盘
10:49:49,101.8,0.0,1,10180,买盘
10:49:52,101.8,0.0,17,173060,买盘
10:49:55,101.8,0.0,12,122134,买盘
10:49:58,101.8,0.0,16,162831,买盘
10:50:01,101.8,0.0,2,20360,买盘
10:50:04,101.71,-0.09,26,264470,卖盘
10:50:07,101.8,0.09,8,81392,买盘
10:50:09,101.7,-0.1,25,254319,卖盘
10:50:13,101.71,0.01,5,50856,卖盘
10:50:16,101.79,0.08,2,20359,卖盘
10:50:19,101.8,0.01,1,10180,买盘
10:50:22,101.72,-0.08,14,142422,卖盘
10:50:24,101.8,0.08,9,91613,买盘
10:50:28,101.73,-0.07,10,101771,卖盘
10:50:31,101.8,0.07,12,122160,买盘
10:50:34,101.8,0.0,1,10180,买盘
10:50:37,101.72,-0.08,1,10172,卖盘
10:50:40,101.73,0.01,8,81419,中性盘
10:50:43,101.74,0.01,6,61050,中性盘
10:50:45,101.74,0.0,1,10174,卖盘
10:50:49,101.8,0.06,19,193408,买盘
10:50:52,101.81,0.01,4,40724,买盘
10:50:55,101.81,0.0,21,213796,买盘
10:50:58,101.8,-0.01,3,30532,买盘
10:51:00,101.8,0.0,9,91620,买盘
10:51:04,101.74,-0.06,33,335778,卖盘
10:51:07,101.78,0.04,2,20358,卖盘
10:51:10,101.76,-0.02,15,152637,买盘
10:51:12,101.8,0.04,5,50884,买盘
10:51:16,101.8,0.0,2,20360,买盘
10:51:19,101.8,0.0,8,81440,买盘
10:51:22,101.8,0.0,18,183245,卖盘
10:51:25,101.85,0.05,8,81456,买盘
10:51:28,101.8,-0.05,7,71260,卖盘
10:51:31,101.86,0.06,10,101826,买盘
10:51:34,101.87,0.01,6,61121,买盘
10:51:37,101.86,-0.01,1,10186,卖盘
10:51:40,101.8,-0.06,8,81464,卖盘
10:51:43,101.88,0.08,24,244492,买盘
10:51:46,101.8,-0.08,13,132353,卖盘
10:51:52,101.87,0.07,4,40748,买盘
10:51:55,101.86,-0.01,8,81488,卖盘
10:51:57,101.86,0.0,6,61121,卖盘
10:52:01,101.86,0.0,6,61102,卖盘
10:52:04,101.87,0.01,10,101838,买盘
10:52:10,101.85,-0.02,7,71295,买盘
10:52:13,101.85,0.0,5,50925,买盘
10:52:15,101.85,0.0,3,30555,买盘
10:52:19,101.85,0.0,3,30555,买盘
10:52:22,101.83,-0.02,12,122202,卖盘
10:52:25,101.85,0.02,13,132376,买盘
10:52:28,101.85,0.0,8,81480,买盘
10:52:31,101.86,0.01,4,40742,买盘
10:52:34,101.85,-0.01,2,20370,卖盘
10:52:37,101.82,-0.03,6,61102,卖盘
10:52:40,101.82,0.0,14,142547,买盘
10:52:43,101.82,0.0,14,142539,买盘
10:52:46,101.81,-0.01,15,152723,卖盘
10:52:49,101.85,0.04,16,162963,中性盘
10:52:52,101.86,0.01,6,61111,买盘
10:52:55,101.82,-0.04,6,61101,卖盘
10:52:57,101.85,0.03,6,61110,买盘
10:53:01,101.85,0.0,16,162933,买盘
10:53:05,101.85,0.0,31,315675,买盘
10:53:07,101.85,0.0,21,213870,买盘
10:53:10,101.85,0.0,2,20370,卖盘
10:53:16,101.86,0.01,4,40742,买盘
10:53:19,101.86,0.0,2,20372,中性盘
10:53:22,101.85,-0.01,15,152781,卖盘
10:53:25,101.88,0.03,36,366692,买盘
10:53:28,101.88,0.0,9,91674,买盘
10:53:31,101.88,0.0,3,30564,买盘
10:53:37,101.88,0.0,11,112065,买盘
10:53:40,101.87,-0.01,2,20374,中性盘
10:53:43,101.88,0.01,5,50940,买盘
10:53:46,101.88,0.0,17,173196,买盘
10:53:49,101.87,-0.01,8,81502,卖盘
10:53:55,101.89,0.02,6,61139,卖盘
10:53:58,101.88,-0.01,10,101890,卖盘
10:54:05,101.88,0.0,34,346410,卖盘
10:54:07,101.89,0.01,10,101882,中性盘
10:54:10,101.88,-0.01,14,142642,卖盘
10:54:12,101.88,0.0,12,122256,买盘
10:54:16,101.87,-0.01,9,91687,卖盘
10:54:19,101.88,0.01,23,234324,买盘
10:54:22,101.87,-0.01,29,295451,卖盘
10:54:25,101.86,-0.01,12,122239,卖盘
10:54:28,101.88,0.02,1,10188,中性盘
10:54:31,101.88,0.0,4,40756,卖盘
10:54:37,101.9,0.02,16,163030,买盘
10:54:40,101.9,0.0,19,193612,卖盘
10:54:42,101.9,0.0,4,40760,买盘
10:54:49,101.93,0.03,5,50950,买盘
10:54:52,101.9,-0.03,15,152846,中性盘
10:54:55,101.9,0.0,31,315849,买盘
10:54:58,101.86,-0.04,12,122248,卖盘
10:55:04,101.87,0.01,21,213946,卖盘
10:55:07,101.87,0.0,3,30561,买盘
10:55:10,101.87,0.0,31,315777,买盘
10:55:13,101.86,-0.01,14,142607,卖盘
10:55:16,101.85,-0.01,28,285182,卖盘
10:55:19,101.86,0.01,15,152775,买盘
10:55:22,101.86,0.0,1,10186,卖盘
10:55:25,101.85,-0.01,24,244473,卖盘
10:55:27,101.9,0.05,54,550155,买盘
10:55:31,101.9,0.0,11,112090,卖盘
10:55:34,101.94,0.04,1,10194,买盘
10:55:40,101.94,0.0,1,10194,买盘
10:55:43,101.94,0.0,1,10194,卖盘
10:55:46,101.94,0.0,2,20390,卖盘
10:55:49,101.96,0.02,2,20392,买盘
10:55:52,101.99,0.03,1,10199,买盘
10:56:01,101.99,0.0,9,91791,买盘
10:56:04,101.97,-0.02,8,81587,卖盘
10:56:07,101.97,0.0,9,91765,买盘
10:56:16,101.95,-0.02,9,91755,卖盘
10:56:19,101.95,0.0,2,20391,卖盘
10:56:22,101.96,0.01,4,40784,买盘
10:56:25,101.96,0.0,15,152935,卖盘
10:56:28,101.94,-0.02,7,71368,卖盘
10:56:37,101.97,0.03,1,10197,买盘
10:56:40,101.97,0.0,7,71378,买盘
10:56:43,101.96,-0.01,1,10196,卖盘
10:56:46,101.97,0.01,3,30591,买盘
10:56:48,101.97,0.0,5,50985,买盘
10:56:52,101.97,0.0,9,91773,买盘
10:56:54,101.97,0.0,10,101969,买盘
10:57:01,101.96,-0.01,2,20393,卖盘
10:57:05,101.96,0.0,4,40786,卖盘
10:57:07,101.95,-0.01,6,61174,卖盘
10:57:10,101.95,0.0,10,101950,买盘
10:57:12,101.94,-0.01,9,91746,卖盘
10:57:16,101.95,0.01,9,91753,买盘
10:57:22,101.95,0.0,6,61170,买盘
10:57:25,101.94,-0.01,7,71358,卖盘
10:57:28,101.94,0.0,10,101928,买盘
10:57:31,101.94,0.0,2,20388,买盘
10:57:40,101.93,-0.01,10,101930,卖盘
10:57:43,101.92,-0.01,5,50960,买盘
10:57:46,101.91,-0.01,28,285388,卖盘
10:57:49,101.91,0.0,14,142678,卖盘
10:57:52,101.9,-0.01,20,203827,卖盘
10:57:55,101.92,0.02,6,61152,买盘
10:57:58,101.9,-0.02,6,61140,卖盘
10:58:01,101.93,0.03,12,122306,买盘
10:58:07,101.92,-0.01,26,264949,中性盘
10:58:10,101.9,-0.02,13,132488,卖盘
10:58:13,101.93,0.03,8,81544,买盘
10:58:16,101.93,0.0,8,81544,卖盘
10:58:19,101.93,0.0,31,315983,卖盘
10:58:22,101.93,0.0,23,234416,买盘
10:58:25,101.92,-0.01,6,61152,中性盘
10:58:28,101.92,0.0,7,71344,买盘
10:58:31,101.92,0.0,7,71339,买盘
10:58:34,101.92,0.0,2,20384,买盘
10:58:37,101.9,-0.02,117,1192249,卖盘
10:58:40,101.93,0.03,29,295529,买盘
10:58:43,101.93,0.0,7,71340,买盘
10:58:45,101.91,-0.02,2,20382,中性盘
10:58:52,101.91,0.0,6,61146,买盘
10:58:55,101.91,0.0,7,71337,买盘
10:58:58,101.91,0.0,3,30572,买盘
10:59:01,101.91,0.0,6,61146,买盘
10:59:06,101.9,-0.01,25,254762,卖盘
10:59:10,101.89,-0.01,17,173240,卖盘
10:59:16,101.91,0.02,4,40764,买盘
10:59:25,101.89,-0.02,17,173229,卖盘
10:59:28,101.92,0.03,22,224195,买盘
10:59:31,101.91,-0.01,5,50955,卖盘
10:59:34,101.88,-0.03,3,30567,卖盘
10:59:37,101.91,0.03,11,112086,买盘
10:59:40,101.92,0.01,11,112118,卖盘
10:59:46,101.93,0.01,2,20385,买盘
10:59:49,101.93,0.0,3,30579,买盘
10:59:52,101.93,0.0,2,20386,买盘
10:59:58,101.93,0.0,5,50965,卖盘
11:00:01,101.93,0.0,7,71352,卖盘
11:00:04,101.92,-0.01,15,152887,卖盘
11:00:07,101.91,-0.01,6,61153,卖盘
11:00:09,101.88,-0.03,25,254732,卖盘
11:00:13,101.91,0.03,41,417823,买盘
11:00:16,101.88,-0.03,18,183420,卖盘
11:00:18,101.88,0.0,9,91690,卖盘
11:00:22,101.88,0.0,22,224134,中性盘
11:00:25,101.87,-0.01,35,356571,卖盘
11:00:28,101.86,-0.01,12,122224,卖盘
11:00:31,101.86,0.0,3,30552,买盘
11:00:34,101.87,0.01,5,50919,买盘
11:00:37,101.82,-0.05,6,61092,卖盘
11:00:40,101.82,0.0,10,101849,卖盘
11:00:43,101.84,0.02,11,112006,买盘
11:00:46,101.82,-0.02,15,152719,中性盘
11:00:49,101.81,-0.01,17,173080,卖盘
11:00:52,101.84,0.03,12,122186,买盘
11:00:54,101.84,0.0,5,50916,买盘
11:00:58,101.81,-0.03,1,10181,卖盘
11:01:01,101.81,0.0,12,122175,卖盘
11:01:05,101.81,0.0,10,101810,卖盘
11:01:07,101.81,0.0,34,346160,卖盘
11:01:10,101.8,-0.01,11,112001,卖盘
11:01:13,101.81,0.01,2,20362,买盘
11:01:16,101.8,-0.01,5,50903,卖盘
11:01:19,101.8,0.0,84,855129,卖盘
11:01:22,101.78,-0.02,25,254487,卖盘
11:01:25,101.81,0.03,8,81442,买盘
11:01:27,101.78,-0.03,4,40712,卖盘
11:01:31,101.78,0.0,25,254450,卖盘
11:01:33,101.78,0.0,12,122119,买盘
11:01:37,101.75,-0.03,8,81418,卖盘
11:01:40,101.78,0.03,11,111958,买盘
11:01:43,101.75,-0.03,7,71225,卖盘
11:01:45,101.77,0.02,7,71238,买盘
11:01:49,101.75,-0.02,1,10175,卖盘
11:01:52,101.77,0.02,5,50884,买盘
11:01:54,101.77,0.0,5,50885,买盘
11:01:58,101.77,0.0,3,30531,卖盘
11:02:01,101.78,0.01,2,20356,买盘
11:02:04,101.77,-0.01,28,284981,卖盘
11:02:07,101.75,-0.02,20,203513,卖盘
11:02:10,101.76,0.01,5,50880,买盘
11:02:13,101.76,0.0,2,20352,买盘
11:02:16,101.76,0.0,2,20352,买盘
11:02:18,101.75,-0.01,2,20351,卖盘
11:02:22,101.76,0.01,14,142464,买盘
11:02:25,101.76,0.0,24,244205,买盘
11:02:27,101.76,0.0,6,61056,买盘
11:02:31,101.76,0.0,13,132278,买盘
11:02:34,101.78,0.02,17,172987,买盘
11:02:37,101.76,-0.02,1,10176,中性盘
11:02:40,101.75,-0.01,4,40700,卖盘
11:02:42,101.76,0.01,6,61056,买盘
11:02:46,101.76,0.0,6,61060,买盘
11:02:49,101.76,0.0,5,50880,卖盘
11:02:52,101.78,0.02,1,10178,买盘
11:02:55,101.78,0.0,5,50890,买盘
11:02:58,101.78,0.0,1,10178,买盘
11:03:00,101.78,0.0,2,20356,买盘
11:03:04,101.78,0.0,4,40712,买盘
11:03:07,101.76,-0.02,11,111946,卖盘
11:03:10,101.76,0.0,8,81408,买盘
11:03:13,101.76,0.0,7,71226,买盘
11:03:16,101.76,0.0,14,142464,买盘
11:03:22,101.76,0.0,11,111942,卖盘
11:03:25,101.76,0.0,12,122116,卖盘
11:03:28,101.76,0.0,3,30528,买盘
11:03:31,101.76,0.0,2,20352,买盘
11:03:34,101.76,0.0,3,30528,买盘
11:03:37,101.76,0.0,32,325605,买盘
11:03:40,101.75,-0.01,17,172975,卖盘
11:03:45,101.76,0.01,2,20352,买盘
11:03:49,101.76,0.0,1,10176,买盘
11:03:52,101.75,-0.01,10,101757,卖盘
11:03:55,101.76,0.01,5,50880,买盘
11:03:58,101.75,-0.01,5,50878,卖盘
11:04:01,101.76,0.01,6,61055,中性盘
11:04:07,101.75,-0.01,25,254380,卖盘
11:04:09,101.77,0.02,12,118755,买盘
11:04:16,101.74,-0.03,5,50879,买盘
11:04:21,101.77,0.03,3,30531,买盘
11:04:25,101.76,-0.01,12,122122,卖盘
11:04:28,101.75,-0.01,2,20350,卖盘
11:04:31,101.76,0.01,3,30528,买盘
11:04:33,101.76,0.0,2,20351,买盘
11:04:37,101.75,-0.01,2,20351,卖盘
11:04:40,101.76,0.01,5,50880,买盘
11:04:43,101.76,0.0,11,111931,买盘
11:04:46,101.76,0.0,5,50878,买盘
11:04:49,101.75,-0.01,7,71228,卖盘
11:04:52,101.75,0.0,9,91581,卖盘
11:04:55,101.75,0.0,27,274731,卖盘
11:04:58,101.74,-0.01,11,111921,卖盘
11:05:01,101.75,0.01,15,152625,买盘
11:05:04,101.74,-0.01,18,183144,卖盘
11:05:07,101.73,-0.01,30,305197,卖盘
11:05:10,101.73,0.0,15,152612,卖盘
11:05:13,101.75,0.02,4,40694,买盘
11:05:16,101.75,0.0,3,30521,买盘
11:05:19,101.74,-0.01,3,30522,卖盘
11:05:22,101.74,0.0,13,132269,卖盘
11:05:25,101.74,0.0,24,244186,卖盘
11:05:28,101.75,0.01,13,132266,买盘
11:05:31,101.74,-0.01,11,111919,卖盘
11:05:34,101.74,0.0,3,30522,卖盘
11:05:37,101.74,0.0,9,89531,卖盘
11:05:40,101.75,0.01,22,223832,买盘
11:05:43,101.74,-0.01,6,61044,卖盘
11:05:46,101.74,0.0,10,101741,卖盘
11:05:49,101.73,-0.01,4,42727,买盘
11:05:52,101.75,0.02,6,61049,卖盘
11:05:55,101.75,0.0,17,172962,买盘
11:05:58,101.73,-0.02,2,20346,卖盘
11:06:01,101.75,0.02,8,81396,买盘
11:06:04,101.73,-0.02,2,20346,卖盘
11:06:07,101.73,0.0,34,345887,卖盘
11:06:10,101.74,0.01,15,152604,买盘
11:06:13,101.73,-0.01,5,50865,卖盘
11:06:16,101.74,0.01,2,20347,买盘
11:06:18,101.74,0.0,9,91566,买盘
11:06:22,101.74,0.0,2,20348,卖盘
11:06:25,101.74,0.0,15,152615,卖盘
11:06:28,101.74,0.0,9,91560,买盘
11:06:31,101.73,-0.01,13,132260,卖盘
11:06:34,101.74,0.01,5,50868,买盘
11:06:36,101.74,0.0,9,91566,买盘
11:06:40,101.74,0.0,2,20348,卖盘
11:06:42,101.75,0.01,7,71225,买盘
11:06:46,101.75,0.0,2,20350,买盘
11:06:49,101.75,0.0,7,69188,买盘
11:06:58,101.76,0.01,6,61056,买盘
11:07:01,101.76,0.0,4,40702,买盘
11:07:07,101.75,-0.01,36,366308,卖盘
11:07:10,101.76,0.01,11,111930,买盘
11:07:16,101.76,0.0,2,20352,买盘
11:07:18,101.76,0.0,2,20352,买盘
11:07:22,101.76,0.0,14,142462,买盘
11:07:25,101.75,-0.01,6,61053,卖盘
11:07:28,101.75,0.0,14,142456,卖盘
11:07:31,101.76,0.01,7,71229,买盘
11:07:34,101.76,0.0,6,61056,买盘
11:07:37,101.75,-0.01,3,30527,卖盘
11:07:40,101.76,0.01,6,61055,买盘
11:07:43,101.76,0.0,1,10176,买盘
11:07:46,101.76,0.0,3,30528,买盘
11:07:49,101.75,-0.01,6,61054,卖盘
11:07:52,101.76,0.01,11,111935,买盘
11:07:55,101.76,0.0,16,162816,买盘
11:07:57,101.76,0.0,2,20352,卖盘
11:08:01,101.78,0.02,2,20356,买盘
11:08:05,101.76,-0.02,3,30528,卖盘
11:08:07,101.76,0.0,25,254400,卖盘
11:08:10,101.78,0.02,12,122136,买盘
11:08:16,101.8,0.02,1,10180,买盘
11:08:22,101.8,0.0,1,10180,买盘
11:08:24,101.8,0.0,14,142520,买盘
11:08:28,101.78,-0.02,11,111965,卖盘
11:08:31,101.79,0.01,5,50895,买盘
11:08:34,101.78,-0.01,3,30534,卖盘
11:08:37,101.79,0.01,1,10179,买盘
11:08:40,101.79,0.0,9,91611,买盘
11:08:43,101.79,0.0,12,122148,买盘
11:08:45,101.8,0.01,11,111974,买盘
11:08:49,101.79,-0.01,2,20359,中性盘
11:08:55,101.8,0.01,6,61085,卖盘
11:08:57,101.79,-0.01,1,10179,卖盘
11:09:01,101.81,0.02,14,142514,买盘
11:09:05,101.8,-0.01,10,101786,卖盘
11:09:07,101.8,0.0,7,71256,买盘
11:09:10,101.8,0.0,34,346073,买盘
11:09:13,101.78,-0.02,12,122153,卖盘
11:09:16,101.84,0.06,1,10184,买盘
11:09:19,101.84,0.0,1,10184,买盘
11:09:22,101.84,0.0,1,10184,买盘
11:09:28,101.84,0.0,16,162908,买盘
11:09:31,101.84,0.0,7,71277,买盘
11:09:34,101.84,0.0,6,61104,买盘
11:09:40,101.84,0.0,9,91656,买盘
11:09:46,101.9,0.06,1,10190,买盘
11:09:49,101.84,-0.06,57,580488,卖盘
11:09:52,101.84,0.0,34,346274,卖盘
11:09:55,101.82,-0.02,12,122198,卖盘
11:09:58,101.84,0.02,10,101840,买盘
11:10:01,101.84,0.0,2,20368,买盘
11:10:04,101.82,-0.02,2,20364,卖盘
11:10:07,101.84,0.02,6,61094,买盘
11:10:09,101.84,0.0,26,264718,买盘
11:10:13,101.81,-0.03,7,71273,卖盘
11:10:16,101.84,0.03,4,40736,买盘
11:10:22,101.83,-0.01,8,81471,卖盘
11:10:25,101.84,0.01,2,20368,买盘
11:10:30,101.83,-0.01,22,224035,买盘
11:10:34,101.83,0.0,11,112005,买盘
11:10:37,101.9,0.07,9,91676,买盘
11:10:46,101.9,0.0,2,20380,买盘
11:10:49,101.91,0.01,6,61141,买盘
11:10:52,101.9,-0.01,14,142660,买盘
11:10:54,101.91,0.01,1,10191,买盘
11:10:58,101.91,0.0,2,20382,买盘
11:11:01,101.91,0.0,1,10191,买盘
11:11:07,101.91,0.0,12,122292,买盘
11:11:10,101.89,-0.02,17,173226,卖盘
11:11:13,101.88,-0.01,15,152844,卖盘
11:11:16,101.95,0.07,2,20390,买盘
11:11:19,101.95,0.0,2,20390,买盘
11:11:22,101.91,-0.04,1,10191,卖盘
11:11:28,101.94,0.03,18,183453,买盘
11:11:31,101.94,0.0,8,81529,买盘
11:11:40,101.92,-0.02,10,101920,买盘
11:11:42,101.94,0.02,9,91736,买盘
11:11:46,101.94,0.0,8,81537,买盘
11:11:55,101.94,0.0,1,10194,买盘
11:11:58,101.94,0.0,2,20388,买盘
11:12:01,101.94,0.0,4,40774,买盘
11:12:04,101.93,-0.01,3,30581,中性盘
11:12:07,101.94,0.01,1,10194,买盘
11:12:10,101.91,-0.03,28,285361,卖盘
11:12:13,101.9,-0.01,6,61144,卖盘
11:12:16,101.94,0.04,18,183492,买盘
11:12:19,101.92,-0.02,6,61154,卖盘
11:12:21,101.93,0.01,18,183474,买盘
11:12:25,101.93,0.0,1,10193,买盘
11:12:27,101.92,-0.01,7,71344,卖盘
11:12:31,101.9,-0.02,7,71337,卖盘
11:12:33,101.92,0.02,2,20384,买盘
11:12:37,101.92,0.0,3,30576,买盘
11:12:43,101.9,-0.02,18,183420,卖盘
11:12:46,101.9,0.0,12,122288,买盘
11:12:49,101.89,-0.01,7,71323,卖盘
11:12:52,101.9,0.01,10,101899,卖盘
11:12:55,101.92,0.02,14,142688,买盘
11:13:01,101.92,0.0,3,30577,卖盘
11:13:05,101.9,-0.02,6,61153,卖盘
11:13:07,101.89,-0.01,5,50946,卖盘
11:13:10,101.89,0.0,14,142654,卖盘
11:13:13,101.89,0.0,3,30567,买盘
11:13:16,101.89,0.0,3,30567,买盘
11:13:19,101.89,0.0,4,40756,买盘
11:13:22,101.89,0.0,6,61134,买盘
11:13:28,101.88,-0.01,18,183393,卖盘
11:13:31,101.89,0.01,1,10189,买盘
11:13:40,101.89,0.0,2,20377,买盘
11:13:43,101.87,-0.02,2,20375,卖盘
11:13:45,101.88,0.01,2,20376,买盘
11:13:49,101.87,-0.01,2,20375,卖盘
11:13:52,101.88,0.01,8,81501,买盘
11:13:55,101.87,-0.01,6,61122,买盘
11:13:58,101.87,0.0,3,30561,买盘
11:14:01,101.87,0.0,4,40748,买盘
11:14:05,101.87,0.0,16,162987,买盘
11:14:07,101.87,0.0,13,132431,买盘
11:14:10,101.87,0.0,25,254675,卖盘
11:14:16,101.88,0.01,1,10188,买盘
11:14:21,101.85,-0.03,36,366706,卖盘
11:14:25,101.85,0.0,3,30555,买盘
11:14:28,101.85,0.0,19,193502,买盘
11:14:31,101.85,0.0,1,10185,买盘
11:14:34,101.85,0.0,8,81479,买盘
11:14:42,101.85,0.0,5,50921,买盘
11:14:46,101.84,-0.01,18,183314,卖盘
11:14:52,101.84,0.0,7,71288,买盘
11:14:55,101.84,0.0,8,81472,买盘
11:14:58,101.84,0.0,15,152766,买盘
11:15:01,101.84,0.0,1,10184,卖盘
11:15:05,101.87,0.03,16,162962,买盘
11:15:10,101.84,-0.03,25,254620,卖盘
11:15:16,101.85,0.01,1,10185,买盘
11:15:18,101.85,0.0,1,10185,买盘
11:15:22,101.87,0.02,15,152777,买盘
11:15:25,101.85,-0.02,12,122240,中性盘
11:15:28,101.87,0.02,33,336175,买盘
11:15:31,101.87,0.0,12,122256,卖盘
11:15:34,101.89,0.02,2,20378,中性盘
11:15:37,101.89,0.0,1,10189,卖盘
11:15:46,101.92,0.03,1,10192,买盘
11:15:49,101.92,0.0,3,30576,买盘
11:15:52,101.89,-0.03,29,295523,卖盘
11:15:55,101.92,0.03,9,91728,买盘
11:15:58,101.92,0.0,2,20384,卖盘
11:16:01,101.95,0.03,5,50972,买盘
11:16:04,101.92,-0.03,2,20384,卖盘
11:16:07,101.95,0.03,6,61170,买盘
11:16:10,101.92,-0.03,9,91740,卖盘
11:16:13,101.92,0.0,29,295559,卖盘
11:16:16,101.95,0.03,26,264994,中性盘
11:16:19,101.92,-0.03,5,50963,卖盘
11:16:22,101.95,0.03,7,71367,中性盘
11:16:25,101.95,0.0,2,20390,卖盘
11:16:28,101.96,0.01,3,30588,买盘
11:16:31,101.96,0.0,23,234496,买盘
11:16:34,101.93,-0.03,8,81548,卖盘
11:16:37,101.9,-0.03,37,377047,卖盘
11:16:40,101.9,0.0,17,173204,买盘
11:16:42,101.87,-0.03,4,40751,卖盘
11:16:45,101.9,0.03,6,61122,买盘
11:16:49,101.89,-0.01,6,61135,中性盘
11:16:52,101.87,-0.02,2,20374,卖盘
11:16:55,101.87,0.0,1,10187,卖盘
11:16:58,101.89,0.02,2,20378,买盘
11:17:00,101.89,0.0,1,10189,买盘
11:17:04,101.85,-0.04,80,815048,卖盘
11:17:07,101.86,0.01,15,152776,买盘
11:17:10,101.86,0.0,6,61113,买盘
11:17:13,101.86,0.0,32,325927,买盘
11:17:16,101.86,0.0,61,621340,买盘
11:17:18,101.84,-0.02,101,1028685,卖盘
11:17:22,101.85,0.01,10,101850,买盘
11:17:27,101.86,0.01,20,203720,买盘
11:17:31,101.85,-0.01,24,244463,卖盘
11:17:34,101.85,0.0,4,40740,卖盘
11:17:37,101.84,-0.01,12,122220,卖盘
11:17:40,101.85,0.01,14,142594,中性盘
11:17:43,101.85,0.0,1,10185,卖盘
11:17:46,101.89,0.04,1,10189,买盘
11:17:49,101.85,-0.04,3,30555,卖盘
11:17:52,101.89,0.04,4,40756,买盘
11:17:55,101.89,0.0,4,40756,买盘
11:17:58,101.86,-0.03,5,50930,卖盘
11:18:01,101.85,-0.01,10,101860,卖盘
11:18:05,101.85,0.0,4,40740,卖盘
11:18:07,101.89,0.04,33,336237,买盘
11:18:10,101.86,-0.03,6,61121,卖盘
11:18:13,101.89,0.03,4,40756,卖盘
11:18:15,101.87,-0.02,5,50935,买盘
11:18:22,101.87,0.0,20,203734,买盘
11:18:25,101.87,0.0,13,132425,买盘
11:18:27,101.87,0.0,1,10187,买盘
11:18:31,101.86,-0.01,13,132424,卖盘
11:18:34,101.86,0.0,10,101856,买盘
11:18:37,101.87,0.01,9,91678,买盘
11:18:40,101.85,-0.02,70,712966,卖盘
11:18:43,101.85,0.0,15,152786,卖盘
11:18:49,101.9,0.05,1,10190,买盘
11:18:52,101.9,0.0,17,173230,买盘
11:18:55,101.9,0.0,5,50950,卖盘
11:18:58,101.9,0.0,4,40760,卖盘
11:19:07,101.91,0.01,1,10191,中性盘
11:19:10,101.94,0.03,3,30582,买盘
11:19:13,101.9,-0.04,9,91715,卖盘
11:19:16,101.87,-0.03,6,61127,卖盘
11:19:22,101.9,0.03,1,10190,买盘
11:19:25,101.9,0.0,1,10190,买盘
11:19:28,101.9,0.0,6,61140,买盘
11:19:30,101.9,0.0,13,132446,买盘
11:19:34,101.9,0.0,1,10190,买盘
11:19:37,101.87,-0.03,3,30564,卖盘
11:19:40,101.9,0.03,9,91698,买盘
11:19:43,101.9,0.0,1,10190,买盘
11:19:49,101.9,0.0,5,50946,买盘
11:19:52,101.9,0.0,37,377030,买盘
11:19:55,101.87,-0.03,51,519552,卖盘
11:19:57,101.87,0.0,9,91675,买盘
11:20:07,101.87,0.0,30,305610,买盘
11:20:10,101.87,0.0,6,61122,卖盘
11:20:13,101.89,0.02,31,315809,买盘
11:20:16,101.89,0.0,11,112067,买盘
11:20:22,101.89,0.0,4,40754,买盘
11:20:25,101.89,0.0,46,468694,买盘
11:20:28,101.89,0.0,14,142630,买盘
11:20:31,101.89,0.0,55,560383,买盘
11:20:33,101.87,-0.02,17,173191,卖盘
11:20:37,101.89,0.02,2,20378,买盘
11:20:40,101.87,-0.02,5,50937,卖盘
11:20:43,101.89,0.02,11,112077,买盘
11:20:46,101.89,0.0,16,163012,买盘
11:20:49,101.89,0.0,1,10189,买盘
11:20:52,101.88,-0.01,7,71316,买盘
11:20:55,101.88,0.0,3,30564,买盘
11:20:58,101.87,-0.01,6,61123,卖盘
11:21:01,101.88,0.01,2,20376,买盘
11:21:07,101.88,0.0,10,101880,买盘
11:21:09,101.88,0.0,6,61127,买盘
11:21:13,101.88,0.0,51,519558,买盘
11:21:16,101.87,-0.01,11,112057,卖盘
11:21:19,101.88,0.01,12,122256,买盘
11:21:22,101.88,0.0,116,1184091,买盘
11:21:25,101.87,-0.01,20,203706,中性盘
11:21:28,101.88,0.01,3,30564,买盘
11:21:31,101.88,0.0,18,180800,买盘
11:21:33,101.85,-0.03,6,61110,买盘
11:21:37,101.85,0.0,1,10185,买盘
11:21:40,101.85,0.0,1,10185,买盘
11:21:43,101.85,0.0,1,10185,买盘
11:21:46,101.85,0.0,55,560176,买盘
11:21:49,101.87,0.02,7,71297,买盘
11:21:55,101.87,0.0,2,20374,买盘
11:21:58,101.87,0.0,6,61121,买盘
11:22:01,101.86,-0.01,7,71302,卖盘
11:22:04,101.85,-0.01,3,30555,卖盘
11:22:07,101.86,0.01,4,40743,买盘
11:22:10,101.85,-0.01,93,947205,卖盘
11:22:13,101.84,-0.01,23,234234,卖盘
11:22:16,101.84,0.0,2,20368,买盘
11:22:22,101.84,0.0,6,61104,买盘
11:22:25,101.84,0.0,1,10184,买盘
11:22:28,101.84,0.0,5,50920,买盘
11:22:31,101.83,-0.01,14,145110,卖盘
11:22:33,101.84,0.01,6,61104,买盘
11:22:37,101.84,0.0,6,61104,买盘
11:22:40,101.84,0.0,1,10184,买盘
11:22:43,101.84,0.0,1,10184,买盘
11:22:45,101.84,0.0,7,71284,买盘
11:22:49,101.84,0.0,11,112017,买盘
11:22:52,101.84,0.0,10,101838,买盘
11:22:55,101.84,0.0,38,386957,买盘
11:22:58,101.82,-0.02,7,71275,买盘
11:23:01,101.82,0.0,1,10182,卖盘
11:23:04,101.82,0.0,3,30546,卖盘
11:23:07,101.84,0.02,189,1924761,买盘
11:23:10,101.84,0.0,38,386992,卖盘
11:23:12,101.85,0.01,33,336074,买盘
11:23:16,101.84,-0.01,5,50920,卖盘
11:23:19,101.85,0.01,7,71289,买盘
11:23:22,101.84,-0.01,7,71294,卖盘
11:23:24,101.85,0.01,14,142589,买盘
11:23:27,101.84,-0.01,9,91663,卖盘
11:23:31,101.84,0.0,19,193497,卖盘
11:23:33,101.84,0.0,174,1774563,卖盘
11:23:37,101.85,0.01,54,549939,买盘
11:23:40,101.85,0.0,19,193505,买盘
11:23:43,101.84,-0.01,124,1262826,卖盘
11:23:46,101.84,0.0,103,1048955,卖盘
11:23:48,101.85,0.01,6,61106,买盘
11:23:52,101.85,0.0,32,325920,买盘
11:23:58,101.85,0.0,2,20371,卖盘
11:24:04,101.86,0.01,2,20372,买盘
11:24:07,101.86,0.0,6,61113,买盘
11:24:10,101.86,0.0,1,10186,买盘
11:24:13,101.85,-0.01,25,254625,卖盘
11:24:16,101.85,0.0,1,10185,卖盘
11:24:19,101.85,0.0,23,234262,卖盘
11:24:22,101.85,0.0,8,81480,买盘
11:24:25,101.85,0.0,7,71295,买盘
11:24:28,101.85,0.0,2,20370,买盘
11:24:31,101.85,0.0,23,234243,买盘
11:24:34,101.85,0.0,11,112035,买盘
11:24:37,101.86,0.01,49,499091,买盘
11:24:43,101.86,0.0,1,10186,卖盘
11:24:46,101.87,0.01,4,40748,买盘
11:24:48,101.87,0.0,30,305610,买盘
11:24:52,101.86,-0.01,17,173168,卖盘
11:24:55,101.87,0.01,6,61122,买盘
11:25:04,101.87,0.0,5,50018,卖盘
11:25:07,101.88,0.01,23,234316,卖盘
11:25:10,101.86,-0.02,6,61125,卖盘
11:25:13,101.88,0.02,1,10188,买盘
11:25:16,101.88,0.0,28,285214,买盘
11:25:19,101.88,0.0,12,122256,买盘
11:25:22,101.88,0.0,2,21293,买盘
11:25:24,101.89,0.01,3,30567,买盘
11:25:28,101.88,-0.01,9,91694,卖盘
11:25:31,101.88,0.0,23,234337,卖盘
11:25:34,101.89,0.01,1,10189,买盘
11:25:37,101.9,0.01,35,356647,买盘
11:25:46,101.94,0.04,3,30582,买盘
11:25:48,101.94,0.0,4,40772,买盘
11:25:55,101.94,0.0,1,10194,买盘
11:25:58,101.94,0.0,5,50970,买盘
11:26:00,101.94,0.0,1,10194,买盘
11:26:07,101.94,0.0,4,40776,买盘
11:26:13,101.94,0.0,6,61164,买盘
11:26:16,101.91,-0.03,26,264980,卖盘
11:26:19,101.94,0.03,2,20388,买盘
11:26:22,101.94,0.0,31,316014,买盘
11:26:25,102.01,0.07,50,509920,买盘
11:26:27,102.0,-0.01,4,40800,卖盘
11:26:31,102.0,0.0,12,122400,卖盘
11:26:34,102.01,0.01,21,214221,买盘
11:26:37,102.01,0.0,12,122406,买盘
11:26:40,102.01,0.0,6,61204,买盘
11:26:46,102.01,0.0,12,122412,买盘
11:26:52,102.02,0.01,7,71414,买盘
11:26:55,102.02,0.0,50,510172,买盘
11:27:01,102.05,0.03,14,142870,买盘
11:27:07,102.02,-0.03,57,581516,卖盘
11:27:10,102.02,0.0,4,40808,买盘
11:27:16,102.02,0.0,32,326439,买盘
11:27:19,102.02,0.0,9,91818,买盘
11:27:22,102.02,0.0,7,71414,买盘
11:27:24,102.01,-0.01,10,102019,卖盘
11:27:31,102.02,0.01,14,142828,卖盘
11:27:34,102.02,0.0,1,10202,卖盘
11:27:37,102.05,0.03,15,153075,买盘
11:27:40,102.05,0.0,1,10205,买盘
11:27:46,102.05,0.0,3,30615,买盘
11:27:48,102.05,0.0,2,20410,买盘
11:27:52,102.03,-0.02,4,40812,中性盘
11:27:55,102.05,0.02,3,30615,买盘
11:27:57,102.03,-0.02,1,10203,卖盘
11:28:07,102.05,0.02,44,449020,买盘
11:28:16,102.05,0.0,38,387790,卖盘
11:28:19,102.05,0.0,23,234715,卖盘
11:28:22,102.05,0.0,28,285739,买盘
11:28:25,102.05,0.0,2,20410,买盘
11:28:28,102.05,0.0,2,22961,买盘
11:28:31,102.04,-0.01,43,438801,卖盘
11:28:34,102.04,0.0,6,61226,卖盘
11:28:40,102.05,0.01,1,10205,买盘
11:28:43,102.05,0.0,18,183688,买盘
11:28:46,102.05,0.0,8,81640,买盘
11:28:49,102.05,0.0,2,20410,买盘
11:28:51,102.03,-0.02,8,81630,卖盘
11:28:55,102.04,0.01,1,10204,买盘
11:28:58,102.04,0.0,2,20408,买盘
11:29:04,102.04,0.0,3,30611,买盘
11:29:07,102.04,0.0,1,10204,买盘
11:29:10,102.04,0.0,12,122448,买盘
11:29:12,102.04,0.0,2,20408,买盘
11:29:16,102.02,-0.02,22,224463,卖盘
11:29:19,102.04,0.02,5,51014,买盘
11:29:21,102.0,-0.04,99,1009836,卖盘
11:29:25,101.98,-0.02,9,91796,中性盘
11:29:27,101.95,-0.03,1,2549,卖盘
11:29:31,101.94,-0.01,15,152919,卖盘
11:29:33,101.97,0.03,18,183520,买盘
11:29:37,101.96,-0.01,17,173334,买盘
11:29:39,101.96,0.0,2,20392,买盘
11:29:42,101.96,0.0,2,20392,买盘
11:29:46,101.96,0.0,2,20392,买盘
11:29:49,101.94,-0.02,2,20389,卖盘
11:29:52,101.96,0.02,10,101960,买盘
11:29:55,101.94,-0.02,7,71362,卖盘
11:30:01,101.95,0.01,5,50974,买盘
13:00:01,101.94,-0.01,12,122337,买盘
13:00:04,101.94,0.0,204,2086993,卖盘
13:00:07,101.94,0.0,77,784805,买盘
13:00:10,101.9,-0.04,74,754087,卖盘
13:00:13,101.9,0.0,42,427953,买盘
13:00:16,101.9,0.0,34,346460,买盘
13:00:19,101.88,-0.02,30,305640,卖盘
13:00:21,101.88,0.0,5,50940,买盘
13:00:25,101.87,-0.01,2,12734,中性盘
13:00:28,101.86,-0.01,19,193535,卖盘
13:00:31,101.87,0.01,27,281751,买盘
13:00:34,101.85,-0.02,1,10185,卖盘
13:00:37,101.85,0.0,6,61112,卖盘
13:00:39,101.85,0.0,220,2239976,卖盘
13:00:43,101.8,-0.05,6,61090,卖盘
13:00:46,101.8,0.0,2,20360,卖盘
13:00:49,101.8,0.0,10,101800,卖盘
13:00:52,101.8,0.0,3,30543,卖盘
13:00:54,101.83,0.03,44,447926,买盘
13:00:57,101.8,-0.03,6,61080,卖盘
13:01:01,101.83,0.03,5,50910,买盘
13:01:05,101.81,-0.02,1,10181,卖盘
13:01:07,101.8,-0.01,12,122165,卖盘
13:01:10,101.79,-0.01,44,447904,卖盘
13:01:13,101.81,0.02,143,1455458,买盘
13:01:16,101.78,-0.03,38,386788,卖盘
13:01:19,101.77,-0.01,8,76329,买盘
13:01:21,101.77,0.0,4,40709,卖盘
13:01:25,101.76,-0.01,46,468096,卖盘
13:01:28,101.75,-0.01,17,172980,卖盘
13:01:31,101.76,0.01,55,561667,买盘
13:01:34,101.74,-0.02,9,91566,卖盘
13:01:37,101.74,0.0,11,111914,卖盘
13:01:40,101.73,-0.01,11,111904,卖盘
13:01:43,101.73,0.0,5,50865,卖盘
13:01:46,101.73,0.0,217,2210510,买盘
13:01:49,101.7,-0.03,98,996693,卖盘
13:01:52,101.7,0.0,32,325443,卖盘
13:01:55,101.7,0.0,13,132199,买盘
13:01:58,101.69,-0.01,51,518569,中性盘
13:02:01,101.7,0.01,15,152549,买盘
13:02:04,101.7,0.0,45,457637,买盘
13:02:07,101.67,-0.03,16,162694,卖盘
13:02:10,101.67,0.0,17,172839,买盘
13:02:16,101.66,-0.01,30,305900,卖盘
13:02:19,101.66,0.0,16,162665,卖盘
13:02:22,101.65,-0.01,40,406610,卖盘
13:02:25,101.67,0.02,31,315117,买盘
13:02:28,101.63,-0.04,34,344697,卖盘
13:02:31,101.64,0.01,10,101640,中性盘
13:02:34,101.63,-0.01,23,233751,卖盘
13:02:37,101.64,0.01,52,528518,买盘
13:02:40,101.62,-0.02,69,701209,卖盘
13:02:43,101.62,0.0,14,142268,卖盘
13:02:46,101.62,0.0,1,10162,卖盘
13:02:49,101.62,0.0,39,396280,买盘
13:02:52,101.62,0.0,48,487702,买盘
13:02:55,101.62,0.0,4,40648,买盘
13:02:58,101.61,-0.01,9,91450,中性盘
13:03:01,101.62,0.01,11,111780,买盘
13:03:04,101.61,-0.01,12,121932,卖盘
13:03:07,101.61,0.0,15,152428,卖盘
13:03:10,101.61,0.0,46,459786,卖盘
13:03:13,101.6,-0.01,144,1463171,买盘
13:03:16,101.61,0.01,35,355630,中性盘
13:03:19,101.62,0.01,5,50810,买盘
13:03:22,101.6,-0.02,52,528348,卖盘
13:03:28,101.61,0.01,9,91449,买盘
13:03:30,101.61,0.0,164,1666250,买盘
13:03:34,101.58,-0.03,148,1511205,卖盘
13:03:37,101.58,0.0,81,822741,买盘
13:03:40,101.57,-0.01,11,111735,卖盘
13:03:43,101.57,0.0,33,335170,中性盘
13:03:46,101.56,-0.01,12,121873,卖盘
13:03:49,101.57,0.01,31,314842,买盘
13:03:52,101.56,-0.01,81,822567,卖盘
13:03:54,101.56,0.0,10,101557,买盘
13:03:58,101.57,0.01,42,426571,买盘
13:04:01,101.56,-0.01,7,71091,买盘
13:04:04,101.56,0.0,13,132026,买盘
13:04:07,101.56,0.0,3,30467,买盘
13:04:10,101.56,0.0,35,355459,买盘
13:04:13,101.56,0.0,7,71092,买盘
13:04:16,101.56,0.0,62,629608,买盘
13:04:19,101.53,-0.03,24,243695,卖盘
13:04:22,101.55,0.02,70,710843,买盘
13:04:25,101.54,-0.01,26,263983,买盘
13:04:28,101.53,-0.01,21,213236,卖盘
13:04:31,101.54,0.01,10,101540,买盘
13:04:34,101.54,0.0,26,263983,买盘
13:04:37,101.53,-0.01,35,355340,卖盘
13:04:40,101.54,0.01,20,195464,买盘
13:04:43,101.54,0.0,32,324908,买盘
13:04:46,101.54,0.0,27,274143,买盘
13:04:49,101.54,0.0,43,436616,买盘
13:04:52,101.54,0.0,57,578764,买盘
13:04:58,101.54,0.0,3,30462,卖盘
13:05:01,101.54,0.0,92,934091,卖盘
13:05:07,101.54,0.0,19,192943,中性盘
13:05:10,101.56,0.02,13,132014,买盘
13:05:13,101.56,0.0,41,416338,买盘
13:05:16,101.56,0.0,3,30468,买盘
13:05:19,101.56,0.0,41,416341,买盘
13:05:22,101.54,-0.02,54,548420,卖盘
13:05:25,101.56,0.02,6,60935,买盘
13:05:28,101.56,0.0,2,20312,买盘
13:05:31,101.56,0.0,7,73631,买盘
13:05:34,101.54,-0.02,11,111708,卖盘
13:05:37,101.55,0.01,16,162469,中性盘
13:05:40,101.55,0.0,2,20310,买盘
13:05:43,101.55,0.0,41,416320,买盘
13:05:46,101.54,-0.01,2,20309,卖盘
13:05:49,101.55,0.01,3,30465,买盘
13:05:52,101.55,0.0,2,20310,买盘
13:05:55,101.54,-0.01,11,111699,卖盘
13:05:58,101.55,0.01,102,1035753,买盘
13:06:01,101.55,0.0,22,226848,买盘
13:06:04,101.55,0.0,60,609290,买盘
13:06:07,101.55,0.0,1,10155,买盘
13:06:10,101.53,-0.02,56,568600,卖盘
13:06:13,101.51,-0.02,156,1583623,卖盘
13:06:16,101.55,0.04,11,111679,买盘
13:06:19,101.54,-0.01,32,324900,买盘
13:06:22,101.54,0.0,28,284312,买盘
13:06:25,101.55,0.01,51,518783,买盘
13:06:28,101.51,-0.04,3,30455,卖盘
13:06:31,101.55,0.04,14,142165,买盘
13:06:34,101.54,-0.01,22,223360,中性盘
13:06:37,101.55,0.01,24,243698,买盘
13:06:40,101.55,0.0,4,43154,买盘
13:06:43,101.53,-0.02,14,142160,买盘
13:06:46,101.53,0.0,37,373124,卖盘
13:06:49,101.54,0.01,324,3292735,买盘
13:06:51,101.52,-0.02,114,1157396,卖盘
13:06:55,101.53,0.01,10,98987,买盘
13:06:58,101.53,0.0,2,20306,买盘
13:07:01,101.53,0.0,12,124374,买盘
13:07:04,101.53,0.0,9,91377,卖盘
13:07:07,101.53,0.0,11,111683,卖盘
13:07:10,101.54,0.01,2,20308,买盘
13:07:13,101.54,0.0,2,20308,买盘
13:07:16,101.54,0.0,2,20308,买盘
13:07:19,101.52,-0.02,31,314741,卖盘
13:07:22,101.53,0.01,21,213213,买盘
13:07:25,101.52,-0.01,4,40611,卖盘
13:07:28,101.53,0.01,17,172601,买盘
13:07:31,101.53,0.0,8,71985,买盘
13:07:33,101.52,-0.01,87,892493,卖盘
13:07:36,101.52,0.0,5,50760,买盘
13:07:40,101.52,0.0,3,30456,买盘
13:07:43,101.52,0.0,9,91368,买盘
13:07:46,101.52,0.0,7,71064,买盘
13:07:49,101.51,-0.01,14,142120,卖盘
13:07:52,101.52,0.01,101,1016203,买盘
13:07:55,101.52,0.0,1,10152,卖盘
13:08:01,101.52,0.0,1,10152,卖盘
13:08:05,101.53,0.01,1,10153,卖盘
13:08:07,101.56,0.03,11,111686,买盘
13:08:10,101.56,0.0,7,71092,买盘
13:08:13,101.56,0.0,4,40624,买盘
13:08:16,101.54,-0.02,9,91398,卖盘
13:08:19,101.56,0.02,30,304605,买盘
13:08:21,101.55,-0.01,4,40617,中性盘
13:08:25,101.53,-0.02,16,162448,卖盘
13:08:28,101.53,0.0,13,131989,买盘
13:08:31,101.53,0.0,15,152295,买盘
13:08:33,101.53,0.0,5,50763,买盘
13:08:37,101.53,0.0,32,324884,买盘
13:08:40,101.53,0.0,31,317281,买盘
13:08:42,101.52,-0.01,48,493996,卖盘
13:08:46,101.52,0.0,14,142128,买盘
13:08:49,101.52,0.0,22,223349,买盘
13:08:52,101.53,0.01,17,172586,买盘
13:08:55,101.52,-0.01,4,40608,卖盘
13:09:01,101.53,0.01,7,71071,买盘
13:09:04,101.53,0.0,8,81224,买盘
13:09:07,101.53,0.0,1,10153,买盘
13:09:10,101.53,0.0,53,531407,买盘
13:09:13,101.56,0.03,12,119808,买盘
13:09:15,101.53,-0.03,6,60918,卖盘
13:09:19,101.53,0.0,43,436584,卖盘
13:09:22,101.53,0.0,17,181335,卖盘
13:09:25,101.53,0.0,7,71071,买盘
13:09:28,101.53,0.0,13,131989,买盘
13:09:31,101.53,0.0,43,427847,买盘
13:09:34,101.56,0.03,1,10156,买盘
13:09:37,101.56,0.0,44,446750,买盘
13:09:40,101.56,0.0,2,20414,买盘
13:09:43,101.56,0.0,12,121868,买盘
13:09:46,101.55,-0.01,1,10155,中性盘
13:09:49,101.56,0.01,6,60934,买盘
13:09:51,101.53,-0.03,119,1216859,卖盘
13:09:55,101.53,0.0,21,213213,买盘
13:09:58,101.53,0.0,14,142142,买盘
13:10:01,101.53,0.0,16,153818,买盘
13:10:07,101.53,0.0,7,71071,卖盘
13:10:10,101.54,0.01,8,81228,买盘
13:10:12,101.53,-0.01,10,101530,卖盘
13:10:16,101.53,0.0,9,100007,卖盘
13:10:19,101.52,-0.01,138,1400987,卖盘
13:10:22,101.52,0.0,29,294383,买盘
13:10:25,101.52,0.0,14,142127,买盘
13:10:28,101.52,0.0,16,162430,买盘
13:10:31,101.52,0.0,37,375614,买盘
13:10:34,101.52,0.0,10,101520,买盘
13:10:37,101.52,0.0,20,203028,买盘
13:10:40,101.51,-0.01,171,1726383,卖盘
13:10:43,101.51,0.0,7,71057,买盘
13:10:45,101.51,0.0,21,213169,买盘
13:10:49,101.51,0.0,28,284227,买盘
13:10:52,101.51,0.0,6,60906,买盘
13:10:55,101.5,-0.01,24,243611,卖盘
13:10:57,101.5,0.0,101,1025151,卖盘
13:11:01,101.51,0.01,21,213171,买盘
13:11:04,101.5,-0.01,12,121800,卖盘
13:11:07,101.5,0.0,15,152261,卖盘
13:11:10,101.5,0.0,32,324812,卖盘
13:11:13,101.51,0.01,13,131953,买盘
13:11:16,101.51,0.0,8,81208,买盘
13:11:19,101.5,-0.01,8,81201,卖盘
13:11:22,101.5,0.0,26,263900,卖盘
13:11:25,101.51,0.01,18,182708,买盘
13:11:28,101.5,-0.01,12,121800,卖盘
13:11:31,101.51,0.01,9,91359,买盘
13:11:34,101.51,0.0,6,60904,买盘
13:11:37,101.5,-0.01,31,314652,卖盘
13:11:40,101.51,0.01,4,40603,买盘
13:11:43,101.51,0.0,19,192861,买盘
13:11:46,101.51,0.0,3,30453,买盘
13:11:48,101.5,-0.01,35,355279,卖盘
13:11:52,101.51,0.01,32,324815,买盘
13:11:54,101.51,0.0,6,60903,买盘
13:11:58,101.51,0.0,30,304507,买盘
13:12:00,101.51,0.0,31,314680,买盘
13:12:04,101.51,0.0,22,223317,买盘
13:12:07,101.51,0.0,4,40603,买盘
13:12:09,101.51,0.0,7,71057,买盘
13:12:13,101.51,0.0,16,162415,买盘
13:12:16,101.51,0.0,10,101509,买盘
13:12:19,101.51,0.0,11,111660,买盘
13:12:22,101.51,0.0,34,345106,买盘
13:12:25,101.51,0.0,8,81207,买盘
13:12:28,101.51,0.0,6,60906,买盘
13:12:31,101.51,0.0,11,111660,买盘
13:12:34,101.51,0.0,6,60906,买盘
13:12:36,101.51,0.0,14,142102,买盘
13:12:40,101.51,0.0,34,345118,买盘
13:12:46,101.51,0.0,51,517701,买盘
13:12:49,101.51,0.0,5,50755,买盘
13:12:52,101.51,0.0,11,111661,买盘
13:12:55,101.52,0.01,37,385028,买盘
13:12:58,101.52,0.0,13,131969,买盘
13:13:01,101.52,0.0,11,111672,买盘
13:13:05,101.53,0.01,6,60918,买盘
13:13:07,101.53,0.0,12,121836,买盘
13:13:10,101.53,0.0,12,121836,买盘
13:13:13,101.53,0.0,5,50765,买盘
13:13:16,101.53,0.0,8,81224,买盘
13:13:19,101.53,0.0,18,174124,买盘
13:13:22,101.53,0.0,31,314737,卖盘
13:13:24,101.53,0.0,3,30461,卖盘
13:13:28,101.54,0.01,5,50770,买盘
13:13:30,101.54,0.0,6,60924,买盘
13:13:34,101.54,0.0,9,91386,买盘
13:13:37,101.53,-0.01,28,284320,卖盘
13:13:40,101.55,0.02,3,30465,买盘
13:13:43,101.55,0.0,2,20310,卖盘
13:13:46,101.56,0.01,34,345297,买盘
13:13:49,101.56,0.0,1,10156,卖盘
13:13:55,101.57,0.01,3,30477,中性盘
13:14:01,101.61,0.02,1,10161,买盘
13:14:04,101.61,0.0,11,111771,买盘
13:14:07,101.61,0.0,35,355635,买盘
13:14:10,101.62,0.01,1,10162,买盘
13:14:19,101.7,0.08,1,10170,卖盘
13:14:22,101.7,0.0,1,10170,卖盘
13:14:25,101.69,-0.01,2,20338,买盘
13:14:31,101.63,-0.06,23,233735,卖盘
13:14:34,101.67,0.04,4,40662,买盘
13:14:37,101.64,-0.03,9,91478,卖盘
13:14:40,101.63,-0.01,12,121949,中性盘
13:14:43,101.64,0.01,11,111804,买盘
13:14:46,101.62,-0.02,4,40650,卖盘
13:14:49,101.63,0.01,3,30489,买盘
13:14:52,101.61,-0.02,64,650458,卖盘
13:14:55,101.64,0.03,6,60974,中性盘
13:14:58,101.62,-0.02,4,40648,卖盘
13:15:01,101.64,0.02,16,162620,买盘
13:15:05,101.62,-0.02,12,121959,卖盘
13:15:07,101.62,0.0,16,162602,卖盘
13:15:10,101.63,0.01,13,132117,买盘
13:15:13,101.63,0.0,11,111792,买盘
13:15:16,101.62,-0.01,52,528474,卖盘
13:15:19,101.62,0.0,12,121950,卖盘
13:15:22,101.63,0.01,85,863782,买盘
13:15:24,101.63,0.0,6,60973,买盘
13:15:28,101.62,-0.01,14,142266,买盘
13:15:31,101.62,0.0,12,121943,买盘
13:15:34,101.62,0.0,6,60970,买盘
13:15:37,101.61,-0.01,13,132098,卖盘
13:15:40,101.61,0.0,34,345496,买盘
13:15:42,101.6,-0.01,5,50800,卖盘
13:15:46,101.61,0.01,13,132092,买盘
13:15:49,101.61,0.0,11,111767,买盘
13:15:52,101.6,-0.01,7,71123,卖盘
13:15:55,101.61,0.01,8,81287,买盘
13:15:58,101.6,-0.01,5,50803,卖盘
13:16:00,101.61,0.01,10,101609,买盘
13:16:04,101.6,-0.01,9,91441,卖盘
13:16:07,101.61,0.01,5,50804,买盘
13:16:10,101.6,-0.01,4,40642,卖盘
13:16:12,101.6,0.0,24,243841,卖盘
13:16:16,101.6,0.0,3,30480,卖盘
13:16:22,101.59,-0.01,30,304799,卖盘
13:16:25,101.6,0.01,7,71118,中性盘
13:16:28,101.61,0.01,7,71118,买盘
13:16:31,101.6,-0.01,17,172721,买盘
13:16:33,101.6,0.0,16,162557,买盘
13:16:37,101.59,-0.01,10,101597,卖盘
13:16:39,101.59,0.0,13,132061,买盘
13:16:43,101.59,0.0,3,30475,买盘
13:16:49,101.58,-0.01,14,142215,卖盘
13:16:52,101.58,0.0,19,193003,卖盘
13:16:55,101.58,0.0,11,111742,卖盘
13:16:58,101.59,0.01,16,162541,买盘
13:17:01,101.59,0.0,19,192993,买盘
13:17:05,101.58,-0.01,12,121900,中性盘
13:17:07,101.59,0.01,24,243799,买盘
13:17:10,101.58,-0.01,6,60950,卖盘
13:17:13,101.59,0.01,22,223497,买盘
13:17:16,101.59,0.0,5,50792,买盘
13:17:19,101.59,0.0,3,30477,买盘
13:17:22,101.57,-0.02,62,629700,卖盘
13:17:25,101.56,-0.01,15,152347,卖盘
13:17:28,101.56,0.0,30,304675,买盘
13:17:31,101.56,0.0,30,304675,买盘
13:17:34,101.57,0.01,38,385959,买盘
13:17:37,101.57,0.0,4,40628,卖盘
13:17:40,101.57,0.0,10,101568,卖盘
13:17:42,101.57,0.0,18,182824,买盘
13:17:46,101.56,-0.01,6,60937,卖盘
13:17:49,101.56,0.0,31,314842,卖盘
13:17:52,101.57,0.01,27,274219,买盘
13:17:55,101.56,-0.01,8,81250,中性盘
13:17:58,101.56,0.0,3,30469,卖盘
13:18:01,101.57,0.01,13,132040,买盘
13:18:04,101.57,0.0,16,162511,买盘
13:18:07,101.56,-0.01,7,71095,卖盘
13:18:13,101.57,0.01,21,213295,买盘
13:18:16,101.57,0.0,4,40627,买盘
13:18:19,101.57,0.0,16,162500,买盘
13:18:22,101.57,0.0,35,355452,买盘
13:18:25,101.57,0.0,4,40628,卖盘
13:18:28,101.58,0.01,6,60942,买盘
13:18:31,101.58,0.0,9,91419,买盘
13:18:34,101.58,0.0,6,60947,买盘
13:18:37,101.57,-0.01,27,274242,卖盘
13:18:40,101.57,0.0,25,253934,卖盘
13:18:43,101.58,0.01,176,1787804,买盘
13:18:46,101.58,0.0,28,284404,买盘
13:18:49,101.58,0.0,3,30471,买盘
13:18:52,101.58,0.0,7,71103,买盘
13:18:55,101.58,0.0,20,203159,买盘
13:18:58,101.58,0.0,9,91420,买盘
13:19:01,101.59,0.01,17,172703,买盘
13:19:05,101.58,-0.01,21,213321,卖盘
13:19:07,101.6,0.02,38,386080,买盘
13:19:10,101.6,0.0,7,71113,买盘
13:19:13,101.6,0.0,1,10160,中性盘
13:19:15,101.61,0.01,17,172761,买盘
13:19:19,101.6,-0.01,7,71135,卖盘
13:19:22,101.61,0.01,28,284508,买盘
13:19:25,101.66,0.05,4,40658,买盘
13:19:28,101.66,0.0,5,50813,买盘
13:19:31,101.61,-0.05,1,10161,卖盘
13:19:34,101.66,0.05,5,50830,买盘
13:19:40,101.66,0.0,21,213438,买盘
13:19:43,101.66,0.0,4,40664,卖盘
13:19:46,101.66,0.0,17,172822,卖盘
13:19:49,101.67,0.01,18,183005,买盘
13:19:52,101.69,0.02,46,467772,买盘
13:19:55,101.69,0.0,4,40670,买盘
13:19:58,101.69,0.0,10,101690,买盘
13:20:01,101.69,0.0,1,10169,卖盘
13:20:04,101.74,0.05,1,10174,买盘
13:20:07,101.74,0.0,12,122090,买盘
13:20:10,101.69,-0.05,13,132227,卖盘
13:20:13,101.75,0.06,24,244196,买盘
13:20:16,101.73,-0.02,1,10173,卖盘
13:20:19,101.74,0.01,15,152625,买盘
13:20:22,101.74,0.0,7,71216,买盘
13:20:25,101.72,-0.02,11,111891,买盘
13:20:28,101.72,0.0,25,254300,买盘
13:20:30,101.74,0.02,15,152591,买盘
13:20:34,101.73,-0.01,23,233985,卖盘
13:20:37,101.78,0.05,16,162848,买盘
13:20:40,101.78,0.0,14,142429,买盘
13:20:43,101.78,0.0,19,193382,买盘
13:20:46,101.78,0.0,11,111958,买盘
13:20:55,101.93,0.15,1,10193,买盘
13:20:58,101.79,-0.14,5,50895,卖盘
13:21:05,101.93,0.14,31,315982,买盘
13:21:07,101.92,-0.01,3,30576,买盘
13:21:10,101.92,0.0,10,101920,买盘
13:21:13,101.82,-0.1,4,40748,中性盘
13:21:16,101.92,0.1,3,30576,买盘
13:21:22,101.9,-0.02,10,101904,卖盘
13:21:24,101.89,-0.01,2,20378,买盘
13:21:28,101.89,0.0,11,112079,买盘
13:21:31,101.89,0.0,8,81495,买盘
13:21:34,101.83,-0.06,28,285179,买盘
13:21:37,101.83,0.0,4,40732,买盘
13:21:40,101.83,0.0,25,254572,买盘
13:21:43,101.83,0.0,2,20366,买盘
13:21:45,101.83,0.0,3,30549,买盘
13:21:49,101.82,-0.01,19,193470,卖盘
13:21:52,101.83,0.01,12,122196,买盘
13:21:55,101.83,0.0,5,50915,买盘
13:21:58,101.83,0.0,42,427797,买盘
13:22:01,101.83,0.0,19,193480,买盘
13:22:05,101.83,0.0,1,10183,卖盘
13:22:07,101.84,0.01,1,10184,卖盘
13:22:13,101.9,0.06,5,50950,买盘
13:22:16,101.89,-0.01,4,40758,中性盘
13:22:19,101.89,0.0,1,10189,买盘
13:22:22,101.89,0.0,17,173213,买盘
13:22:25,101.86,-0.03,38,387043,卖盘
13:22:27,101.86,0.0,5,50930,买盘
13:22:31,101.86,0.0,14,142604,买盘
13:22:34,101.85,-0.01,40,407411,卖盘
13:22:37,101.85,0.0,8,81479,买盘
13:22:40,101.85,0.0,43,437939,买盘
13:22:43,101.85,0.0,9,91663,买盘
13:22:45,101.85,0.0,18,183299,买盘
13:22:48,101.82,-0.03,12,122184,卖盘
13:22:52,101.82,0.0,5,50910,买盘
13:22:55,101.82,0.0,3,30545,买盘
13:22:58,101.82,0.0,11,112002,买盘
13:23:04,101.81,-0.01,14,142537,卖盘
13:23:07,101.8,-0.01,2,20361,卖盘
13:23:10,101.77,-0.03,115,1170576,卖盘
13:23:13,101.72,-0.05,44,447646,卖盘
13:23:16,101.72,0.0,14,142408,卖盘
13:23:19,101.73,0.01,108,1099108,中性盘
13:23:22,101.72,-0.01,2,20344,卖盘
13:23:25,101.72,0.0,34,345837,卖盘
13:23:28,101.72,0.0,7,71204,买盘
13:23:31,101.72,0.0,1,10172,买盘
13:23:34,101.6,-0.12,195,1982077,卖盘
13:23:37,101.58,-0.02,30,304787,卖盘
13:23:40,101.59,0.01,8,81274,中性盘
13:23:43,101.59,0.0,1,10159,买盘
13:23:46,101.59,0.0,23,233657,买盘
13:23:49,101.59,0.0,184,1869226,买盘
13:23:51,101.6,0.01,124,1259840,买盘
13:23:55,101.6,0.0,2,20320,卖盘
13:23:58,101.71,0.11,2,20342,买盘
13:24:01,101.6,-0.11,3,30502,卖盘
13:24:05,101.71,0.11,29,290681,买盘
13:24:07,101.72,0.01,13,132236,买盘
13:24:10,101.7,-0.02,12,122061,卖盘
13:24:15,101.72,0.02,25,254276,买盘
13:24:19,101.62,-0.1,1,10162,卖盘
13:24:22,101.65,0.03,4,40681,卖盘
13:24:25,101.65,0.0,59,599874,卖盘
13:24:28,101.72,0.07,8,81376,买盘
13:24:31,101.73,0.01,58,590022,买盘
13:24:34,101.81,0.08,195,1984523,买盘
13:24:37,101.82,0.01,19,193462,买盘
13:24:40,101.9,0.08,17,173126,买盘
13:24:43,101.92,0.02,8,81461,买盘
13:24:46,101.94,0.02,4,40764,买盘
13:24:49,101.94,0.0,14,142716,买盘
13:24:52,101.94,0.0,3,30582,买盘
13:24:54,101.94,0.0,3,30582,买盘
13:24:58,101.94,0.0,5,50968,买盘
13:25:01,101.94,0.0,12,122322,买盘
13:25:05,101.94,0.0,17,173295,买盘
13:25:07,101.94,0.0,1,10194,买盘
13:25:10,101.94,0.0,6,61160,买盘
13:25:13,101.94,0.0,14,142716,买盘
13:25:16,101.94,0.0,13,132522,买盘
13:25:19,101.94,0.0,3,30582,买盘
13:25:25,101.93,-0.01,15,152909,卖盘
13:25:31,101.93,0.0,6,61158,买盘
13:25:34,101.93,0.0,3,30579,买盘
13:25:36,101.92,-0.01,6,61153,卖盘
13:25:40,101.92,0.0,7,71345,卖盘
13:25:43,101.92,0.0,1,10192,买盘
13:25:49,101.92,0.0,9,91728,买盘
13:25:52,101.92,0.0,19,193648,买盘
13:25:55,101.92,0.0,1,10192,买盘
13:25:58,101.92,0.0,10,101919,买盘
13:26:01,101.92,0.0,35,356716,买盘
13:26:04,101.92,0.0,23,234416,买盘
13:26:07,101.93,0.01,4,40772,买盘
13:26:10,101.93,0.0,24,244632,买盘
13:26:13,101.92,-0.01,2,20384,卖盘
13:26:16,101.93,0.01,3,30579,买盘
13:26:19,101.93,0.0,2,20386,买盘
13:26:22,101.93,0.0,4,40770,买盘
13:26:25,101.92,-0.01,27,275176,卖盘
13:26:28,101.93,0.01,3,30579,买盘
13:26:31,101.93,0.0,1,10193,买盘
13:26:34,101.93,0.0,11,112123,买盘
13:26:37,101.93,0.0,23,234439,买盘
13:26:40,101.93,0.0,14,142690,买盘
13:26:43,101.9,-0.03,49,499319,卖盘
13:26:46,101.9,0.0,3,30570,买盘
13:26:49,101.9,0.0,4,40760,买盘
13:26:52,101.9,0.0,5,50936,买盘
13:26:55,101.89,-0.01,3,30568,卖盘
13:26:58,101.86,-0.03,6,61116,买盘
13:27:01,101.86,0.0,19,193534,买盘
13:27:05,101.86,0.0,3,30558,买盘
13:27:07,101.86,0.0,2,20372,买盘
13:27:10,101.84,-0.02,22,224060,卖盘
13:27:13,101.85,0.01,5,50926,买盘
13:27:16,101.85,0.0,4,40737,买盘
13:27:18,101.85,0.0,1,10185,买盘
13:27:22,101.82,-0.03,8,81463,卖盘
13:27:25,101.83,0.01,9,91642,中性盘
13:27:28,101.83,0.0,21,213843,买盘
13:27:31,101.82,-0.01,7,71280,卖盘
13:27:34,101.81,-0.01,12,122185,卖盘
13:27:36,101.82,0.01,10,101823,买盘
13:27:39,101.8,-0.02,14,142535,卖盘
13:27:43,101.81,0.01,1,10181,买盘
13:27:46,101.81,0.0,27,274894,买盘
13:27:49,101.81,0.0,4,40724,买盘
13:27:52,101.81,0.0,20,203628,买盘
13:27:55,101.82,0.01,12,122183,买盘
13:27:58,101.8,-0.02,18,186406,卖盘
13:28:00,101.82,0.02,52,529505,中性盘
13:28:04,101.82,0.0,60,610978,卖盘
13:28:07,101.83,0.01,32,323788,卖盘
13:28:10,101.84,0.01,6,61100,买盘
13:28:12,101.85,0.01,17,173141,买盘
13:28:16,101.85,0.0,10,101850,买盘
13:28:19,101.85,0.0,12,122224,买盘
13:28:22,101.85,0.0,6,61114,卖盘
13:28:25,101.84,-0.01,23,234270,卖盘
13:28:28,101.83,-0.01,22,224049,卖盘
13:28:31,101.86,0.03,2,20372,买盘
13:28:34,101.84,-0.02,6,61107,卖盘
13:28:37,101.86,0.02,3,30558,卖盘
13:28:40,101.86,0.0,28,285188,卖盘
13:28:43,101.86,0.0,8,81486,买盘
13:28:46,101.86,0.0,5,50931,卖盘
13:28:49,101.86,0.0,3,30556,买盘
13:28:52,101.85,-0.01,8,81482,卖盘
13:28:55,101.84,-0.01,5,50926,卖盘
13:28:58,101.84,0.0,4,40741,卖盘
13:29:01,101.85,0.01,2,20370,卖盘
13:29:04,101.86,0.01,10,101860,买盘
13:29:07,101.86,0.0,6,61121,卖盘
13:29:10,101.86,0.0,1,10186,卖盘
13:29:13,101.86,0.0,4,40745,卖盘
13:29:16,101.87,0.01,6,61122,买盘
13:29:19,101.87,0.0,6,61122,买盘
13:29:22,101.87,0.0,11,118474,买盘
13:29:25,101.86,-0.01,28,285221,卖盘
13:29:28,101.87,0.01,3,30561,中性盘
13:29:34,101.87,0.0,16,162992,卖盘
13:29:37,101.87,0.0,4,40750,卖盘
13:29:40,101.87,0.0,8,81498,卖盘
13:29:43,101.87,0.0,13,132424,买盘
13:29:46,101.87,0.0,12,122244,买盘
13:29:48,101.87,0.0,4,40747,买盘
13:29:51,101.87,0.0,4,40748,买盘
13:29:55,101.87,0.0,9,91683,买盘
13:29:58,101.87,0.0,11,112056,买盘
13:30:01,101.87,0.0,11,112057,买盘
13:30:05,101.86,-0.01,5,50931,卖盘
13:30:07,101.87,0.01,29,295424,买盘
13:30:10,101.88,0.01,3,30566,卖盘
13:30:13,101.87,-0.01,10,101876,卖盘
13:30:16,101.87,0.0,10,101874,卖盘
13:30:19,101.87,0.0,13,132431,卖盘
13:30:22,101.87,0.0,3,30561,买盘
13:30:25,101.87,0.0,1,10187,买盘
13:30:28,101.89,0.02,34,346321,买盘
13:30:31,101.87,-0.02,3,30561,买盘
13:30:37,101.89,0.02,15,152807,买盘
13:30:40,101.86,-0.03,8,81494,卖盘
13:30:43,101.85,-0.01,3,30557,卖盘
13:30:46,101.85,0.0,22,217653,卖盘
13:30:49,101.89,0.04,201,2047778,买盘
13:30:52,101.85,-0.04,15,152796,卖盘
13:30:55,101.87,0.02,5,50927,买盘
13:30:58,101.83,-0.04,11,112028,卖盘
13:31:01,101.86,0.03,10,101856,买盘
13:31:05,101.85,-0.01,2,20370,买盘
13:31:10,101.85,0.0,13,132405,买盘
13:31:13,101.85,0.0,7,71296,买盘
13:31:16,101.85,0.0,2,20369,买盘
13:31:19,101.85,0.0,1,10185,买盘
13:31:28,101.86,0.01,2,20373,卖盘
13:31:31,101.86,0.0,9,91674,买盘
13:31:34,101.85,-0.01,2,20371,卖盘
13:31:37,101.86,0.01,12,122226,买盘
13:31:40,101.86,0.0,1,10186,买盘
13:31:43,101.86,0.0,22,224080,买盘
13:31:46,101.87,0.01,11,112047,买盘
13:31:49,101.89,0.02,4,40749,买盘
13:31:52,101.89,0.0,1,10189,买盘
13:31:54,101.87,-0.02,1,10187,买盘
13:31:58,101.87,0.0,4,40748,买盘
13:32:01,101.87,0.0,10,101870,买盘
13:32:07,101.87,0.0,13,132421,买盘
13:32:10,101.86,-0.01,15,152791,卖盘
13:32:13,101.86,0.0,2,20372,买盘
13:32:16,101.86,0.0,1,10186,买盘
13:32:19,101.86,0.0,6,61113,买盘
13:32:22,101.86,0.0,11,112041,买盘
13:32:25,101.85,-0.01,5,50926,卖盘
13:32:28,101.84,-0.01,15,152767,卖盘
13:32:31,101.84,0.0,10,101840,买盘
13:32:34,101.83,-0.01,6,61103,卖盘
13:32:37,101.84,0.01,5,50920,买盘
13:32:40,101.84,0.0,2,20368,买盘
13:32:43,101.83,-0.01,13,132379,卖盘
13:32:46,101.83,0.0,1,10183,买盘
13:32:49,101.83,0.0,1,10183,买盘
13:32:51,101.82,-0.01,6,61093,卖盘
13:32:55,101.82,0.0,3,30548,卖盘
13:33:01,101.83,0.01,5,50915,买盘
13:33:04,101.83,0.0,5,50915,买盘
13:33:07,101.83,0.0,5,50911,买盘
13:33:10,101.82,-0.01,7,71276,卖盘
13:33:13,101.82,0.0,13,132369,卖盘
13:33:16,101.83,0.01,1,10183,买盘
13:33:19,101.81,-0.02,5,50905,卖盘
13:33:22,101.82,0.01,14,142546,买盘
13:33:25,101.82,0.0,11,111994,买盘
13:33:28,101.81,-0.01,38,386881,卖盘
13:33:30,101.81,0.0,9,91629,买盘
13:33:34,101.81,0.0,5,50904,买盘
13:33:36,101.81,0.0,20,203603,买盘
13:33:40,101.81,0.0,1,10181,买盘
13:33:43,101.8,-0.01,30,305402,卖盘
13:33:46,101.81,0.01,3,30543,买盘
13:33:49,101.8,-0.01,4,40720,卖盘
13:33:52,101.81,0.01,14,142533,买盘
13:33:55,101.81,0.0,9,91625,买盘
13:33:58,101.81,0.0,10,101803,买盘
13:34:01,101.81,0.0,5,50905,买盘
13:34:04,101.8,-0.01,33,332784,卖盘
13:34:07,101.8,0.0,207,2107414,买盘
13:34:10,101.8,0.0,20,203600,买盘
13:34:13,101.8,0.0,16,162880,买盘
13:34:16,101.81,0.01,13,132347,买盘
13:34:19,101.81,0.0,4,40725,买盘
13:34:22,101.81,0.0,10,101813,卖盘
13:34:25,101.82,0.01,14,142542,买盘
13:34:28,101.8,-0.02,23,234150,卖盘
13:34:31,101.81,0.01,6,61081,买盘
13:34:34,101.82,0.01,4,40727,买盘
13:34:37,101.81,-0.01,1,10181,中性盘
13:34:40,101.8,-0.01,12,122160,卖盘
13:34:43,101.8,0.0,4,40720,买盘
13:34:45,101.8,0.0,1,10180,买盘
13:34:49,101.8,0.0,1,10180,买盘
13:34:52,101.8,0.0,1,10180,买盘
13:34:55,101.79,-0.01,19,193408,卖盘
13:34:58,101.79,0.0,12,122148,买盘
13:35:01,101.79,0.0,9,91611,买盘
13:35:05,101.79,0.0,1,10179,买盘
13:35:07,101.78,-0.01,2,20356,卖盘
13:35:10,101.79,0.01,1,10179,买盘
13:35:13,101.78,-0.01,2,20356,卖盘
13:35:16,101.79,0.01,4,40716,买盘
13:35:19,101.79,0.0,90,916108,买盘
13:35:22,101.79,0.0,9,91611,买盘
13:35:25,101.78,-0.01,3,30534,卖盘
13:35:28,101.77,-0.01,11,111950,卖盘
13:35:31,101.77,0.0,9,91593,买盘
13:35:34,101.76,-0.01,1,10176,卖盘
13:35:37,101.76,0.0,2,20353,卖盘
13:35:40,101.77,0.01,1,10177,买盘
13:35:43,101.76,-0.01,23,234063,卖盘
13:35:46,101.76,0.0,7,71232,买盘
13:35:49,101.76,0.0,13,132287,买盘
13:35:52,101.76,0.0,5,50880,买盘
13:35:55,101.75,-0.01,3,30526,卖盘
13:35:58,101.76,0.01,5,50879,买盘
13:36:00,101.75,-0.01,8,81406,卖盘
13:36:04,101.75,0.0,4,40700,卖盘
13:36:07,101.75,0.0,2,20351,卖盘
13:36:16,101.75,0.0,6,61050,卖盘
13:36:28,101.75,0.0,29,294988,买盘
13:36:31,101.74,-0.01,5,50870,买盘
13:36:36,101.74,0.0,8,81392,买盘
13:36:39,101.74,0.0,3,30522,买盘
13:36:43,101.74,0.0,14,142423,买盘
13:36:46,101.74,0.0,4,40696,买盘
13:36:49,101.74,0.0,10,101740,买盘
13:36:52,101.74,0.0,3,30521,买盘
13:36:55,101.74,0.0,8,81391,买盘
13:36:58,101.74,0.0,5,50868,买盘
13:37:00,101.74,0.0,15,152610,买盘
13:37:04,101.73,-0.01,7,71211,卖盘
13:37:07,101.74,0.01,3,30522,买盘
13:37:10,101.73,-0.01,4,40694,卖盘
13:37:14,101.74,0.01,4,40696,买盘
13:37:16,101.73,-0.01,25,254330,卖盘
13:37:19,101.73,0.0,3,30519,买盘
13:37:21,101.73,0.0,3,30519,买盘
13:37:28,101.71,-0.02,23,233945,卖盘
13:37:31,101.71,0.0,7,71203,买盘
13:37:34,101.71,0.0,33,335642,买盘
13:37:37,101.71,0.0,14,142392,买盘
13:37:40,101.7,-0.01,13,132216,卖盘
13:37:43,101.71,0.01,16,162722,买盘
13:37:46,101.71,0.0,14,142388,买盘
13:37:49,101.71,0.0,129,1312052,买盘
13:37:52,101.7,-0.01,12,122043,卖盘
13:37:55,101.72,0.02,8,81372,买盘
13:37:58,101.73,0.01,2,20345,买盘
13:38:01,101.73,0.0,3,30519,买盘
13:38:04,101.72,-0.01,3,30517,卖盘
13:38:10,101.72,0.0,5,50863,卖盘
13:38:13,101.73,0.01,4,40692,买盘
13:38:15,101.72,-0.01,6,61037,卖盘
13:38:19,101.73,0.01,4,40692,买盘
13:38:22,101.72,-0.01,24,244119,卖盘
13:38:25,101.73,0.01,1,10173,买盘
13:38:28,101.7,-0.03,26,264432,卖盘
13:38:31,101.73,0.03,3,33060,买盘
13:38:34,101.73,0.0,4,40692,买盘
13:38:37,101.73,0.0,1,10173,买盘
13:38:40,101.72,-0.01,9,91550,卖盘
13:38:43,101.73,0.01,14,142398,买盘
13:38:49,101.73,0.0,7,71211,买盘
13:38:51,101.73,0.0,1,10173,买盘
13:38:55,101.73,0.0,1,10173,买盘
13:38:57,101.73,0.0,1,10173,买盘
13:39:01,101.73,0.0,16,162768,买盘
13:39:05,101.73,0.0,6,61036,买盘
13:39:07,101.73,0.0,3,30517,买盘
13:39:10,101.73,0.0,1,10173,买盘
13:39:16,101.73,0.0,12,122077,买盘
13:39:19,101.74,0.01,7,71214,买盘
13:39:22,101.73,-0.01,9,91557,卖盘
13:39:28,101.72,-0.01,22,223795,卖盘
13:39:31,101.72,0.0,10,101723,买盘
13:39:34,101.72,0.0,7,71204,买盘
13:39:37,101.71,-0.01,6,61026,卖盘
13:39:39,101.72,0.01,1,10172,买盘
13:39:43,101.72,0.0,14,142396,买盘
13:39:46,101.72,0.0,3,30516,买盘
13:39:49,101.71,-0.01,1,10171,卖盘
13:39:54,101.71,0.0,6,61026,卖盘
13:39:58,101.72,0.01,1,10172,买盘
13:40:01,101.72,0.0,9,91547,买盘
13:40:05,101.72,0.0,36,366223,买盘
13:40:07,101.75,0.03,29,295070,买盘
13:40:10,101.79,0.04,32,325665,买盘
13:40:13,101.8,0.01,9,91620,买盘
13:40:16,101.85,0.05,6,61092,买盘
13:40:21,101.8,-0.05,2,20360,卖盘
13:40:25,101.9,0.1,3,30570,买盘
13:40:28,101.84,-0.06,25,254658,卖盘
13:40:31,101.9,0.06,13,132408,买盘
13:40:33,101.92,0.02,8,81536,买盘
13:40:36,101.93,0.01,10,101928,买盘
13:40:40,101.91,-0.02,1,10191,中性盘
13:40:43,101.9,-0.01,17,173248,卖盘
13:40:46,101.9,0.0,7,71330,买盘
13:40:49,101.9,0.0,2,20380,买盘
13:40:52,101.9,0.0,5,50950,买盘
13:40:54,101.9,0.0,1,10190,买盘
13:40:58,101.92,0.02,2,20382,买盘
13:41:01,101.86,-0.06,1,10186,卖盘
13:41:07,101.86,0.0,12,122234,卖盘
13:41:10,101.86,0.0,8,81488,买盘
13:41:16,101.85,-0.01,2,20370,卖盘
13:41:19,101.85,0.0,2,20370,买盘
13:41:21,101.85,0.0,20,203709,买盘
13:41:25,101.84,-0.01,6,61106,卖盘
13:41:28,101.84,0.0,9,91656,买盘
13:41:30,101.84,0.0,45,458230,买盘
13:41:34,101.84,0.0,5,50920,买盘
13:41:37,101.8,-0.04,121,1231885,卖盘
13:41:40,101.83,0.03,2,20366,买盘
13:41:43,101.82,-0.01,4,40731,卖盘
13:41:46,101.82,0.0,1,10182,买盘
13:41:52,101.82,0.0,2,20364,买盘
13:41:58,101.81,-0.01,20,203630,卖盘
13:42:01,101.83,0.02,16,162914,买盘
13:42:05,101.81,-0.02,4,40727,卖盘
13:42:07,101.82,0.01,3,30546,买盘
13:42:10,101.81,-0.01,7,71273,卖盘
13:42:13,101.82,0.01,3,30546,买盘
13:42:16,101.81,-0.01,3,30545,卖盘
13:42:19,101.81,0.0,9,91629,卖盘
13:42:22,101.81,0.0,8,81448,买盘
13:42:25,101.81,0.0,3,30543,买盘
13:42:28,101.81,0.0,4,40723,买盘
13:42:31,101.8,-0.01,32,325760,卖盘
13:42:34,101.79,-0.01,1,10179,中性盘
13:42:37,101.79,0.0,2,20355,买盘
13:42:40,101.76,-0.03,1,10176,卖盘
13:42:49,101.76,0.0,5,50880,卖盘
13:42:52,101.79,0.03,4,40716,买盘
13:42:54,101.79,0.0,5,50895,买盘
13:43:01,101.79,0.0,7,71252,买盘
13:43:04,101.78,-0.01,5,50890,卖盘
13:43:07,101.79,0.01,3,30537,买盘
13:43:10,101.79,0.0,22,223929,买盘
13:43:13,101.78,-0.01,1,10178,中性盘
13:43:15,101.79,0.01,1,10179,买盘
13:43:19,101.78,-0.01,30,305313,中性盘
13:43:25,101.76,-0.02,7,71232,卖盘
13:43:28,101.78,0.02,11,111964,买盘
13:43:30,101.77,-0.01,31,315446,买盘
13:43:34,101.77,0.0,1,10177,买盘
13:43:37,101.77,0.0,8,81414,买盘
13:43:40,101.76,-0.01,3,30528,卖盘
13:43:43,101.75,-0.01,1,10175,卖盘
