time,price,change,volume,amount,type
09:25:01,103.1,-0.21,270,2783700,卖盘
09:30:01,102.99,-0.11,18,185424,卖盘
09:30:04,103.02,0.03,69,710554,买盘
09:30:07,103.0,-0.02,89,914638,买盘
09:30:10,102.54,-0.46,34,349675,卖盘
09:30:13,102.78,0.24,52,535102,中性盘
09:30:16,102.54,-0.24,5,51366,卖盘
09:30:19,102.78,0.24,19,194970,买盘
09:30:22,102.54,-0.24,2,20532,卖盘
09:30:25,102.9,0.36,34,349787,买盘
09:30:28,102.9,0.0,21,216096,卖盘
09:30:31,102.9,0.0,6,61736,买盘
09:30:34,102.9,0.0,11,113181,买盘
09:30:37,102.89,-0.01,25,257170,买盘
09:30:40,102.89,0.0,3,30845,买盘
09:30:43,102.6,-0.29,6,61705,卖盘
09:30:46,102.89,0.29,6,61715,买盘
09:30:49,102.6,-0.29,12,123175,卖盘
09:30:52,102.6,0.0,8,82100,中性盘
09:30:55,102.78,0.18,1,10278,买盘
09:30:58,102.7,-0.08,3,30792,中性盘
09:31:01,102.61,-0.09,7,71827,卖盘
09:31:04,102.61,0.0,27,277115,卖盘
09:31:07,102.62,0.01,5,51340,中性盘
09:31:10,102.61,-0.01,34,349281,卖盘
09:31:12,102.62,0.01,4,41070,中性盘
09:31:16,102.62,0.0,14,143695,卖盘
09:31:19,102.62,0.0,64,656763,买盘
09:31:22,102.7,0.08,9,92429,买盘
09:31:25,102.77,0.07,59,605603,买盘
09:31:28,102.74,-0.03,44,452136,卖盘
09:31:31,102.7,-0.04,8,82168,卖盘
09:31:33,102.76,0.06,10,102706,买盘
09:31:37,102.76,0.0,24,246611,买盘
09:31:40,102.7,-0.06,7,71896,卖盘
09:31:43,102.7,0.0,5,51350,买盘
09:31:46,102.7,0.0,4,41080,买盘
09:31:49,102.77,0.07,17,174693,买盘
09:31:55,102.77,0.0,6,61672,卖盘
09:31:58,102.83,0.06,9,92508,中性盘
09:32:01,102.77,-0.06,69,709753,卖盘
09:32:05,102.98,0.21,35,360430,买盘
09:32:07,102.77,-0.21,45,462538,卖盘
09:32:10,102.77,0.0,5,51385,买盘
09:32:13,102.77,0.0,10,102769,买盘
09:32:15,102.76,-0.01,9,92489,卖盘
09:32:19,102.77,0.01,29,298031,买盘
09:32:22,102.77,0.0,20,205539,买盘
09:32:25,102.77,0.0,12,123323,买盘
09:32:28,102.74,-0.03,22,226072,卖盘
09:32:31,102.74,0.0,8,82204,买盘
09:32:34,102.74,0.0,5,51366,买盘
09:32:37,102.74,0.0,11,113012,买盘
09:32:40,102.73,-0.01,11,113002,卖盘
09:32:43,102.73,0.0,13,133549,买盘
09:32:46,102.71,-0.02,26,267082,卖盘
09:32:49,102.73,0.02,10,102726,买盘
09:32:52,102.74,0.01,32,328736,买盘
09:32:55,102.74,0.0,14,143833,卖盘
09:32:58,102.76,0.02,11,113006,买盘
09:33:01,102.77,0.01,12,123313,买盘
09:33:05,102.77,0.0,7,71935,买盘
09:33:07,102.77,0.0,17,174711,卖盘
09:33:10,102.78,0.01,2,20556,买盘
09:33:13,102.8,0.02,11,113054,买盘
09:33:19,102.8,0.0,1,10280,买盘
09:33:22,102.8,0.0,2,20560,中性盘
09:33:25,102.8,0.0,2,20560,卖盘
09:33:28,102.87,0.07,1,10287,买盘
09:33:31,102.87,0.0,15,154249,买盘
09:33:34,102.81,-0.06,10,102822,中性盘
09:33:37,102.78,-0.03,39,400907,卖盘
09:33:40,102.79,0.01,8,82230,买盘
09:33:43,102.79,0.0,10,102790,卖盘
09:33:46,102.8,0.01,51,524212,买盘
09:33:49,102.79,-0.01,19,195310,卖盘
09:33:52,102.78,-0.01,19,195304,卖盘
09:33:55,102.77,-0.01,17,174736,卖盘
09:33:58,102.79,0.02,40,411174,卖盘
09:34:01,102.78,-0.01,9,92510,中性盘
09:34:04,102.78,0.0,35,359790,卖盘
09:34:07,102.8,0.02,9,92520,买盘
09:34:10,102.8,0.0,8,82240,买盘
09:34:13,102.8,0.0,9,92519,买盘
09:34:16,102.8,0.0,3,30840,卖盘
09:34:19,102.8,0.0,12,123378,卖盘
09:34:22,102.83,0.03,4,41123,买盘
09:34:25,102.83,0.0,1,10283,买盘
09:34:28,102.83,0.0,6,61698,买盘
09:34:31,102.83,0.0,6,61692,卖盘
09:34:34,102.84,0.01,56,575807,买盘
09:34:37,102.8,-0.04,9,92532,卖盘
09:34:40,102.81,0.01,1,10281,卖盘
09:34:43,102.81,0.0,4,41130,卖盘
09:34:46,102.81,0.0,15,154225,卖盘
09:34:49,102.81,0.0,7,71971,卖盘
09:34:52,102.81,0.0,7,71964,买盘
09:34:59,102.88,0.07,8,82279,买盘
09:35:01,102.85,-0.03,6,61690,中性盘
09:35:04,102.81,-0.04,27,277614,卖盘
09:35:07,102.79,-0.02,9,92518,卖盘
09:35:10,102.8,0.01,2,20560,中性盘
09:35:13,102.79,-0.01,7,71953,卖盘
09:35:16,102.77,-0.02,98,1007150,卖盘
09:35:19,102.73,-0.04,24,246550,卖盘
09:35:22,102.7,-0.03,22,225951,卖盘
09:35:25,102.68,-0.02,37,379984,卖盘
09:35:27,102.68,0.0,10,102697,卖盘
09:35:31,102.67,-0.01,1,10267,卖盘
09:35:33,102.67,0.0,3,30802,卖盘
09:35:37,102.65,-0.02,2,20531,卖盘
09:35:40,102.65,0.0,4,41060,卖盘
09:35:43,102.65,0.0,13,133447,卖盘
09:35:46,102.64,-0.01,10,102635,卖盘
09:35:49,102.63,-0.01,6,61580,卖盘
09:35:52,102.62,-0.01,10,102622,卖盘
09:35:55,102.61,-0.01,10,102611,卖盘
09:35:58,102.6,-0.01,30,307803,卖盘
09:36:01,102.58,-0.02,6,61555,卖盘
09:36:04,102.57,-0.01,12,123113,卖盘
09:36:07,102.6,0.03,45,461682,买盘
09:36:10,102.57,-0.03,8,82056,买盘
09:36:13,102.6,0.03,4,41034,买盘
09:36:16,102.57,-0.03,15,153850,卖盘
09:36:19,102.56,-0.01,17,174381,卖盘
09:36:22,102.57,0.01,41,420648,中性盘
09:36:25,102.57,0.0,2,20514,买盘
09:36:28,102.57,0.0,13,133334,买盘
09:36:31,102.56,-0.01,22,225647,卖盘
09:36:34,102.56,0.0,23,235876,买盘
09:36:37,102.53,-0.03,9,92289,卖盘
09:36:40,102.55,0.02,10,102551,中性盘
09:36:43,102.53,-0.02,5,51264,中性盘
09:36:46,102.53,0.0,17,174292,买盘
09:36:49,102.53,0.0,4,41011,卖盘
09:36:52,102.53,0.0,9,92272,买盘
09:36:55,102.51,-0.02,55,563858,卖盘
09:37:01,102.51,0.0,7,71766,卖盘
09:37:04,102.52,0.01,7,71764,买盘
09:37:07,102.52,0.0,12,123023,买盘
09:37:10,102.52,0.0,31,317786,买盘
09:37:13,102.52,0.0,28,287035,买盘
09:37:16,102.51,-0.01,12,123022,买盘
09:37:19,102.51,0.0,23,235752,买盘
09:37:22,102.51,0.0,6,61504,买盘
09:37:25,102.5,-0.01,13,133252,卖盘
09:37:28,102.51,0.01,33,338283,买盘
09:37:31,102.51,0.0,22,225520,买盘
09:37:34,102.51,0.0,9,92263,买盘
09:37:37,102.53,0.02,17,174283,买盘
09:37:40,102.55,0.02,6,61633,卖盘
09:37:43,102.57,0.02,3,30770,买盘
09:37:46,102.54,-0.03,11,112809,中性盘
09:37:49,102.58,0.04,10,102580,买盘
09:37:52,102.58,0.0,5,51290,买盘
09:37:55,102.57,-0.01,22,225675,卖盘
09:37:58,102.6,0.03,4,41040,买盘
09:38:01,102.62,0.02,3,30786,买盘
09:38:05,102.7,0.08,10,102690,买盘
09:38:07,102.71,0.01,2,20542,买盘
09:38:10,102.7,-0.01,3,30815,卖盘
09:38:13,102.7,0.0,1,10270,买盘
09:38:16,102.75,0.05,5,51380,卖盘
09:38:19,102.75,0.0,3,30825,卖盘
09:38:22,102.75,0.0,14,143870,卖盘
09:38:31,102.8,0.05,5,51394,买盘
09:38:34,102.7,-0.1,32,328725,卖盘
09:38:37,102.7,0.0,6,61635,卖盘
09:38:39,102.66,-0.04,4,41072,卖盘
09:38:43,102.75,0.09,56,575331,买盘
09:38:46,102.73,-0.02,2,20549,卖盘
09:38:49,102.79,0.06,1,10279,买盘
09:38:52,102.75,-0.04,1,10275,买盘
09:38:55,102.72,-0.03,11,113011,卖盘
09:38:58,102.72,0.0,17,174598,卖盘
09:39:01,102.75,0.03,7,71916,买盘
09:39:05,102.76,0.01,1,10276,买盘
09:39:07,102.71,-0.05,3,30812,中性盘
09:39:10,102.6,-0.11,68,698114,卖盘
09:39:13,102.6,0.0,5,51300,买盘
09:39:16,102.6,0.0,9,92336,买盘
09:39:19,102.6,0.0,107,1097057,买盘
09:39:22,102.58,-0.02,4,41015,买盘
09:39:25,102.5,-0.08,53,544010,卖盘
09:39:28,102.58,0.08,12,123024,买盘
09:39:31,102.5,-0.08,13,142410,卖盘
09:39:33,102.58,0.08,13,133320,买盘
09:39:37,102.52,-0.06,11,112782,卖盘
09:39:40,102.52,0.0,9,92267,买盘
09:39:43,102.52,0.0,14,143526,买盘
09:39:46,102.52,0.0,6,61512,买盘
09:39:49,102.52,0.0,99,1014806,买盘
09:39:52,102.58,0.06,1,10258,买盘
09:39:58,102.54,-0.04,3,30762,卖盘
09:40:01,102.53,-0.01,1,10253,卖盘
09:40:04,102.53,0.0,7,71787,卖盘
09:40:07,102.54,0.01,3,30768,中性盘
09:40:10,102.53,-0.01,9,92299,卖盘
09:40:13,102.53,0.0,15,153796,卖盘
09:40:16,102.57,0.04,7,71785,买盘
09:40:19,102.55,-0.02,7,71786,中性盘
09:40:22,102.53,-0.02,7,71777,卖盘
09:40:25,102.55,0.02,2,20510,买盘
09:40:28,102.55,0.0,10,102550,买盘
09:40:30,102.55,0.0,5,51275,买盘
09:40:34,102.54,-0.01,8,82039,卖盘
09:40:37,102.54,0.0,11,112791,卖盘
09:40:43,102.56,0.02,16,164068,买盘
09:40:46,102.54,-0.02,18,184575,卖盘
09:40:49,102.55,0.01,6,61527,买盘
09:40:52,102.56,0.01,9,92297,买盘
09:40:55,102.55,-0.01,5,51275,卖盘
09:40:58,102.56,0.01,2,20512,买盘
09:41:01,102.55,-0.01,7,71789,卖盘
09:41:04,102.56,0.01,3,30768,买盘
09:41:07,102.56,0.0,4,41022,买盘
09:41:10,102.56,0.0,8,82048,买盘
09:41:13,102.55,-0.01,27,276898,卖盘
09:41:16,102.55,0.0,6,61530,买盘
09:41:19,102.55,0.0,24,246120,买盘
09:41:22,102.55,0.0,28,287116,买盘
09:41:25,102.55,0.0,13,133315,买盘
09:41:28,102.55,0.0,1,10255,买盘
09:41:31,102.54,-0.01,65,666927,卖盘
09:41:34,102.54,0.0,13,133309,卖盘
09:41:37,102.54,0.0,14,139448,买盘
09:41:40,102.54,0.0,5,51270,买盘
09:41:43,102.54,0.0,3,30762,买盘
09:41:46,102.54,0.0,20,205067,买盘
09:41:49,102.54,0.0,8,82027,买盘
09:41:52,102.54,0.0,3,30762,买盘
09:41:55,102.54,0.0,5,51269,买盘
09:41:58,102.54,0.0,20,205080,买盘
09:42:02,102.54,0.0,27,276844,买盘
09:42:04,102.54,0.0,30,307615,卖盘
09:42:07,102.55,0.01,5,51272,买盘
09:42:10,102.55,0.0,2,20510,买盘
09:42:13,102.55,0.0,15,153818,买盘
09:42:15,102.54,-0.01,22,225590,卖盘
09:42:19,102.54,0.0,25,256360,卖盘
09:42:22,102.55,0.01,8,82034,中性盘
09:42:25,102.56,0.01,2,20512,买盘
09:42:28,102.68,0.12,9,92410,买盘
09:42:31,102.67,-0.01,4,41068,中性盘
09:42:34,102.67,0.0,15,153880,买盘
09:42:37,102.67,0.0,11,112937,买盘
09:42:40,102.56,-0.11,1,10256,卖盘
09:42:43,102.56,0.0,3,30768,买盘
09:42:49,102.57,0.01,5,51301,卖盘
09:42:52,102.58,0.01,6,61551,卖盘
09:43:01,102.58,0.0,11,112838,买盘
09:43:07,102.58,0.0,15,153899,卖盘
09:43:10,102.59,0.01,3,30776,中性盘
09:43:13,102.59,0.0,8,82070,中性盘
09:43:16,102.61,0.02,28,287281,买盘
09:43:19,102.56,-0.05,42,430817,卖盘
09:43:22,102.59,0.03,4,41035,买盘
09:43:25,102.61,0.02,1,10261,买盘
09:43:28,102.58,-0.03,2,20517,卖盘
09:43:31,102.61,0.03,6,61564,买盘
09:43:34,102.59,-0.02,3,30777,卖盘
09:43:37,102.59,0.0,11,112856,卖盘
09:43:40,102.61,0.02,1,10261,买盘
09:43:43,102.58,-0.03,9,92322,卖盘
09:43:46,102.59,0.01,1,10259,买盘
09:43:49,102.6,0.01,10,102598,买盘
09:43:52,102.6,0.0,33,338579,买盘
09:43:54,102.58,-0.02,31,318043,卖盘
09:43:58,102.6,0.02,32,328306,买盘
09:44:01,102.59,-0.01,22,225682,中性盘
09:44:04,102.6,0.01,20,205188,买盘
09:44:07,102.58,-0.02,6,61551,卖盘
09:44:13,102.58,0.0,1,10258,卖盘
09:44:16,102.59,0.01,5,51295,买盘
09:44:19,102.58,-0.01,4,41034,卖盘
09:44:22,102.59,0.01,13,133360,买盘
09:44:25,102.57,-0.02,4,41031,卖盘
09:44:28,102.57,0.0,11,112832,卖盘
09:44:31,102.59,0.02,26,266728,买盘
09:44:33,102.58,-0.01,25,256467,卖盘
09:44:37,102.6,0.02,1,10260,买盘
09:44:40,102.58,-0.02,6,61553,卖盘
09:44:43,102.59,0.01,6,61564,中性盘
09:44:46,102.63,0.04,4,41044,买盘
09:44:49,102.57,-0.06,10,102582,卖盘
09:44:52,102.58,0.01,9,92319,买盘
09:44:55,102.59,0.01,8,82066,卖盘
09:44:58,102.59,0.0,9,92328,中性盘
09:45:01,102.58,-0.01,9,92337,卖盘
09:45:04,102.58,0.0,6,61548,卖盘
09:45:07,102.59,0.01,19,194909,买盘
09:45:10,102.56,-0.03,20,205139,卖盘
09:45:13,102.57,0.01,38,389742,买盘
09:45:16,102.57,0.0,9,92305,买盘
09:45:19,102.56,-0.01,6,61537,中性盘
09:45:22,102.57,0.01,7,71796,买盘
09:45:25,102.56,-0.01,2,20512,卖盘
09:45:28,102.56,0.0,56,574292,卖盘
09:45:31,102.57,0.01,19,194876,买盘
09:45:34,102.55,-0.02,4,41023,卖盘
09:45:37,102.56,0.01,17,174346,买盘
09:45:40,102.56,0.0,16,164097,卖盘
09:45:43,102.65,0.09,18,184696,买盘
09:45:46,102.56,-0.09,7,71792,卖盘
09:45:49,102.56,0.0,51,523086,卖盘
09:45:52,102.56,0.0,5,51280,买盘
09:45:55,102.55,-0.01,6,61535,卖盘
09:45:58,102.56,0.01,4,41021,买盘
09:46:01,102.55,-0.01,10,102559,卖盘
09:46:04,102.54,-0.01,1,10254,卖盘
09:46:07,102.54,0.0,13,133301,卖盘
09:46:10,102.54,0.0,1,10254,买盘
09:46:15,102.53,-0.01,21,215316,卖盘
09:46:19,102.53,0.0,12,123041,卖盘
09:46:21,102.53,0.0,6,61520,卖盘
09:46:25,102.54,0.01,2,20507,买盘
09:46:28,102.54,0.0,5,51270,买盘
09:46:31,102.54,0.0,4,41016,买盘
09:46:34,102.54,0.0,7,71773,买盘
09:46:37,102.52,-0.02,18,188647,卖盘
09:46:40,102.54,0.02,11,108690,买盘
09:46:46,102.53,-0.01,17,178414,卖盘
09:46:49,102.53,0.0,7,71771,买盘
09:46:51,102.53,0.0,18,184549,买盘
09:46:55,102.53,0.0,18,180453,买盘
09:46:57,102.52,-0.01,17,178404,卖盘
09:47:01,102.53,0.01,7,71769,买盘
09:47:05,102.53,0.0,2,20506,买盘
09:47:07,102.53,0.0,17,174301,买盘
09:47:09,102.52,-0.01,26,266552,卖盘
09:47:13,102.53,0.01,3,30759,买盘
09:47:16,102.52,-0.01,9,92272,卖盘
09:47:19,102.52,0.0,2,20504,卖盘
09:47:22,102.52,0.0,20,205042,卖盘
09:47:25,102.53,0.01,18,184542,买盘
09:47:28,102.52,-0.01,1,10252,卖盘
09:47:31,102.53,0.01,7,71771,买盘
09:47:34,102.52,-0.01,25,256300,卖盘
09:47:37,102.52,0.0,2,20503,买盘
09:47:39,102.52,0.0,4,41005,买盘
09:47:43,102.51,-0.01,45,461305,卖盘
09:47:46,102.51,0.0,15,153771,卖盘
09:47:52,102.47,-0.04,191,1948616,卖盘
09:47:55,102.46,-0.01,17,174173,卖盘
09:47:58,102.44,-0.02,12,122940,卖盘
09:48:01,102.41,-0.03,18,184382,卖盘
09:48:05,102.41,0.0,46,471047,卖盘
09:48:07,102.38,-0.03,6,61440,卖盘
09:48:13,102.36,-0.02,9,92124,卖盘
09:48:15,102.36,0.0,15,153548,卖盘
09:48:19,102.36,0.0,16,163702,买盘
09:48:22,102.36,0.0,22,225091,买盘
09:48:25,102.35,-0.01,1,10235,买盘
09:48:28,102.3,-0.05,24,245520,卖盘
09:48:31,102.3,0.0,12,122764,卖盘
09:48:34,102.29,-0.01,2,20458,卖盘
09:48:36,102.29,0.0,3,30689,卖盘
09:48:40,102.29,0.0,12,122748,卖盘
09:48:43,102.29,0.0,66,675178,中性盘
09:48:46,102.3,0.01,3,30690,买盘
09:48:49,102.28,-0.02,28,286397,卖盘
09:48:52,102.28,0.0,6,61369,卖盘
09:48:55,102.27,-0.01,5,51138,卖盘
09:48:57,102.27,0.0,35,357978,卖盘
09:49:01,102.27,0.0,10,102275,卖盘
09:49:05,102.28,0.01,12,122734,买盘
09:49:07,102.27,-0.01,17,173866,卖盘
09:49:10,102.27,0.0,16,163636,买盘
09:49:12,102.27,0.0,10,102270,买盘
09:49:16,102.27,0.0,7,71589,买盘
09:49:19,102.26,-0.01,25,255672,卖盘
09:49:22,102.27,0.01,12,122718,卖盘
09:49:25,102.29,0.02,8,81827,买盘
09:49:28,102.29,0.0,22,225002,买盘
09:49:31,102.3,0.01,44,450039,买盘
09:49:33,102.27,-0.03,3,30683,卖盘
09:49:36,102.32,0.05,72,736449,买盘
09:49:43,102.28,-0.04,8,81825,卖盘
09:49:46,102.35,0.07,3,30699,买盘
09:49:49,102.35,0.0,1,10235,买盘
09:49:52,102.35,0.0,26,266105,买盘
09:49:55,102.35,0.0,12,122820,卖盘
09:49:57,102.36,0.01,1,10236,买盘
09:50:01,102.36,0.0,4,40944,买盘
09:50:05,102.36,0.0,2,20475,卖盘
09:50:07,102.4,0.04,11,112641,中性盘
09:50:10,102.41,0.01,21,215070,卖盘
09:50:13,102.36,-0.05,3,30718,卖盘
09:50:15,102.41,0.05,4,40964,买盘
09:50:22,102.41,0.0,11,112610,买盘
09:50:25,102.37,-0.04,6,61422,卖盘
09:50:28,102.37,0.0,6,61422,买盘
09:50:31,102.36,-0.01,5,51184,卖盘
09:50:37,102.37,0.01,3,30715,卖盘
09:50:40,102.39,0.02,11,112609,买盘
09:50:43,102.37,-0.02,8,81896,卖盘
09:50:46,102.4,0.03,21,215030,买盘
09:50:51,102.39,-0.01,5,51196,卖盘
09:50:55,102.39,0.0,11,112623,买盘
09:51:01,102.39,0.0,21,215018,买盘
09:51:04,102.38,-0.01,4,40955,卖盘
09:51:07,102.39,0.01,2,20478,买盘
09:51:10,102.38,-0.01,20,204768,卖盘
09:51:13,102.39,0.01,47,481126,买盘
09:51:16,102.39,0.0,2,20477,买盘
09:51:19,102.37,-0.02,28,286625,卖盘
09:51:22,102.37,0.0,18,184266,买盘
09:51:25,102.37,0.0,2,20474,买盘
09:51:28,102.35,-0.02,3,30709,卖盘
09:51:31,102.37,0.02,15,153555,买盘
09:51:37,102.35,-0.02,13,133067,卖盘
09:51:40,102.39,0.04,35,358271,买盘
09:51:43,102.37,-0.02,4,40954,卖盘
09:51:46,102.4,0.03,3,30720,买盘
09:51:49,102.4,0.0,4,40960,买盘
09:51:52,102.37,-0.03,14,143322,卖盘
09:51:55,102.37,0.0,8,81896,买盘
09:51:58,102.37,0.0,1,10237,买盘
09:52:01,102.37,0.0,6,61421,买盘
09:52:05,102.37,0.0,1,10237,买盘
09:52:07,102.42,0.05,45,460748,买盘
09:52:10,102.36,-0.06,7,71653,卖盘
09:52:13,102.35,-0.01,2,20470,卖盘
09:52:16,102.36,0.01,23,235428,买盘
09:52:19,102.36,0.0,43,440146,买盘
09:52:22,102.36,0.0,7,71652,买盘
09:52:25,102.36,0.0,51,522035,买盘
09:52:28,102.36,0.0,7,71652,卖盘
09:52:31,102.41,0.05,4,40964,买盘
09:52:37,102.4,-0.01,6,61440,买盘
09:52:39,102.39,-0.01,2,20480,中性盘
09:52:43,102.36,-0.03,27,276375,卖盘
09:52:46,102.39,0.03,17,174063,买盘
09:52:49,102.36,-0.03,6,61421,卖盘
09:52:51,102.39,0.03,1,10239,买盘
09:52:58,102.39,0.0,10,102368,买盘
09:53:01,102.39,0.0,8,81914,买盘
09:53:04,102.39,0.0,1,10239,卖盘
09:53:07,102.4,0.01,3,30721,中性盘
09:53:10,102.39,-0.01,5,51203,卖盘
09:53:13,102.39,0.0,5,51195,买盘
09:53:16,102.38,-0.01,7,71672,卖盘
09:53:19,102.37,-0.01,18,184293,卖盘
09:53:22,102.39,0.02,3,30715,买盘
09:53:25,102.39,0.0,67,685951,买盘
09:53:31,102.4,0.01,1,10240,买盘
09:53:34,102.4,0.0,8,81920,买盘
09:53:36,102.36,-0.04,55,563051,卖盘
09:53:40,102.42,0.06,14,143388,买盘
09:53:46,102.39,-0.03,10,102402,卖盘
09:53:49,102.42,0.03,4,40966,买盘
09:53:52,102.42,0.0,9,92168,买盘
09:53:54,102.42,0.0,3,30726,买盘
09:53:58,102.43,0.01,13,133155,买盘
09:54:01,102.43,0.0,5,51215,买盘
09:54:04,102.4,-0.03,6,61449,卖盘
09:54:07,102.43,0.03,7,71701,买盘
09:54:09,102.41,-0.02,11,112665,卖盘
09:54:13,102.41,0.0,1,10241,买盘
09:54:15,102.41,0.0,13,133133,买盘
09:54:19,102.4,-0.01,7,71695,卖盘
09:54:22,102.4,0.0,4,40964,卖盘
09:54:25,102.4,0.0,15,153605,卖盘
09:54:28,102.4,0.0,11,112641,卖盘
09:54:31,102.42,0.02,5,51210,买盘
09:54:34,102.45,0.03,28,286830,买盘
09:54:37,102.46,0.01,7,71721,买盘
09:54:40,102.48,0.02,5,51238,买盘
09:54:45,102.5,0.02,7,71750,买盘
09:54:49,102.51,0.01,10,102506,买盘
09:54:52,102.51,0.0,3,30752,买盘
09:54:55,102.51,0.0,12,123012,买盘
09:54:58,102.51,0.0,9,92255,买盘
09:55:01,102.51,0.0,5,51255,买盘
09:55:05,102.5,-0.01,23,235765,卖盘
09:55:07,102.5,0.0,14,143503,卖盘
09:55:09,102.46,-0.04,7,71746,卖盘
09:55:13,102.46,0.0,7,71742,卖盘
09:55:15,102.5,0.04,5,51242,买盘
09:55:19,102.5,0.0,1,10250,买盘
09:55:21,102.5,0.0,3,30746,买盘
09:55:25,102.48,-0.02,5,51240,卖盘
09:55:28,102.5,0.02,13,133218,买盘
09:55:31,102.5,0.0,5,51240,买盘
09:55:37,102.49,-0.01,1,10249,买盘
09:55:40,102.45,-0.04,5,51232,卖盘
09:55:43,102.45,0.0,2,20489,买盘
09:55:46,102.45,0.0,4,40980,买盘
09:55:48,102.45,0.0,6,61468,买盘
09:55:52,102.43,-0.02,4,40975,卖盘
09:55:58,102.43,0.0,4,40975,卖盘
09:56:01,102.44,0.01,5,51219,买盘
09:56:04,102.44,0.0,14,143414,买盘
09:56:07,102.44,0.0,1,10244,买盘
09:56:10,102.43,-0.01,15,153649,卖盘
09:56:13,102.43,0.0,2,20486,卖盘
09:56:15,102.43,0.0,9,92195,卖盘
09:56:19,102.42,-0.01,5,51210,卖盘
09:56:21,102.42,0.0,18,184364,卖盘
09:56:24,102.41,-0.01,6,61450,卖盘
09:56:28,102.41,0.0,3,30723,卖盘
09:56:31,102.42,0.01,5,51209,买盘
09:56:34,102.41,-0.01,2,20482,卖盘
09:56:37,102.42,0.01,7,71692,买盘
09:56:40,102.42,0.0,11,112655,买盘
09:56:43,102.42,0.0,2,20484,买盘
09:56:46,102.42,0.0,1,10242,买盘
09:56:49,102.42,0.0,10,102420,卖盘
09:56:52,102.43,0.01,5,51215,买盘
09:56:55,102.43,0.0,10,102424,买盘
09:56:58,102.43,0.0,25,256093,卖盘
09:57:01,102.44,0.01,5,51220,买盘
09:57:04,102.44,0.0,4,40976,买盘
09:57:07,102.44,0.0,2,20488,买盘
09:57:10,102.43,-0.01,18,184380,卖盘
09:57:13,102.4,-0.03,101,1034294,卖盘
09:57:16,102.4,0.0,13,133120,买盘
09:57:18,102.43,0.03,14,143362,买盘
09:57:22,102.4,-0.03,1,10240,卖盘
09:57:25,102.43,0.03,11,112673,买盘
09:57:31,102.43,0.0,6,61458,买盘
09:57:34,102.43,0.0,7,71706,卖盘
09:57:36,102.43,0.0,3,30731,卖盘
09:57:40,102.44,0.01,4,40976,买盘
09:57:43,102.44,0.0,7,71706,买盘
09:57:46,102.44,0.0,6,61463,买盘
09:57:49,102.44,0.0,4,40976,买盘
09:57:52,102.44,0.0,2,20488,买盘
09:57:55,102.44,0.0,11,112682,买盘
09:57:57,102.43,-0.01,3,30730,卖盘
09:58:01,102.44,0.01,9,92196,买盘
09:58:04,102.44,0.0,3,30732,买盘
09:58:07,102.44,0.0,14,143414,买盘
09:58:10,102.43,-0.01,22,225347,卖盘
09:58:13,102.44,0.01,7,71706,买盘
09:58:15,102.43,-0.01,24,245848,卖盘
09:58:19,102.44,0.01,10,102440,买盘
09:58:22,102.44,0.0,14,143413,买盘
09:58:25,102.42,-0.02,75,768237,卖盘
09:58:28,102.44,0.02,2,20488,买盘
09:58:31,102.44,0.0,8,81952,买盘
09:58:34,102.44,0.0,1,10244,买盘
09:58:37,102.44,0.0,11,112684,买盘
09:58:39,102.43,-0.01,1,10243,卖盘
09:58:42,102.44,0.01,13,133172,买盘
09:58:46,102.44,0.0,9,92196,买盘
09:58:49,102.43,-0.01,30,307303,卖盘
09:58:52,102.44,0.01,3,30732,中性盘
09:58:55,102.45,0.01,4,40980,买盘
09:59:01,102.45,0.0,7,71715,买盘
09:59:04,102.45,0.0,5,51224,买盘
09:59:07,102.44,-0.01,26,266369,卖盘
09:59:10,102.44,0.0,13,133172,卖盘
09:59:13,102.45,0.01,19,194646,买盘
09:59:16,102.43,-0.02,30,307309,卖盘
09:59:19,102.43,0.0,2,20487,卖盘
09:59:22,102.43,0.0,15,153659,卖盘
09:59:25,102.44,0.01,2,20487,买盘
09:59:31,102.44,0.0,1,10244,买盘
09:59:37,102.44,0.0,6,61465,卖盘
09:59:40,102.44,0.0,1,10244,卖盘
09:59:46,102.45,0.01,9,92200,买盘
09:59:49,102.44,-0.01,2,20488,卖盘
09:59:52,102.45,0.01,2,20490,买盘
09:59:55,102.44,-0.01,24,245856,卖盘
09:59:58,102.44,0.0,2,20488,买盘
10:00:01,102.44,0.0,4,40976,买盘
10:00:05,102.4,-0.04,99,1013872,卖盘
10:00:07,102.43,0.03,3,30729,买盘
10:00:10,102.43,0.0,3,30729,买盘
10:00:13,102.4,-0.03,17,174094,卖盘
10:00:16,102.4,0.0,12,122880,买盘
10:00:19,102.39,-0.01,2,20478,卖盘
10:00:21,102.4,0.01,10,102393,买盘
10:00:25,102.39,-0.01,29,296930,卖盘
10:00:28,102.4,0.01,11,112635,买盘
10:00:31,102.39,-0.01,10,102394,卖盘
10:00:34,102.39,0.0,14,143351,卖盘
10:00:37,102.39,0.0,5,51195,买盘
10:00:39,102.39,0.0,2,20478,买盘
10:00:43,102.38,-0.01,7,71668,卖盘
10:00:46,102.38,0.0,31,317378,卖盘
10:00:49,102.37,-0.01,9,92134,卖盘
10:00:52,102.36,-0.01,10,102369,卖盘
10:00:55,102.37,0.01,6,61421,买盘
10:00:57,102.38,0.01,55,562960,买盘
10:01:01,102.37,-0.01,3,30710,买盘
10:01:04,102.37,0.0,3,30711,卖盘
10:01:07,102.37,0.0,13,133080,买盘
10:01:10,102.37,0.0,2,20474,中性盘
10:01:13,102.36,-0.01,15,153553,卖盘
10:01:16,102.36,0.0,7,71652,卖盘
10:01:19,102.33,-0.03,2,20467,卖盘
10:01:22,102.37,0.04,3,30711,买盘
10:01:25,102.33,-0.04,2,20466,卖盘
10:01:28,102.37,0.04,1,10237,买盘
10:01:30,102.37,0.0,3,30711,买盘
10:01:34,102.34,-0.03,11,112592,卖盘
10:01:37,102.36,0.02,11,112596,买盘
10:01:40,102.35,-0.01,28,286601,中性盘
10:01:43,102.34,-0.01,6,61406,卖盘
10:01:46,102.35,0.01,24,245630,买盘
10:01:49,102.35,0.0,5,51175,买盘
10:01:52,102.34,-0.01,13,133052,卖盘
10:01:55,102.35,0.01,2,20470,买盘
10:01:58,102.35,0.0,13,133051,买盘
10:02:01,102.35,0.0,3,30705,买盘
10:02:04,102.36,0.01,13,133068,买盘
10:02:07,102.35,-0.01,14,143294,卖盘
10:02:10,102.38,0.03,107,1095343,买盘
10:02:13,102.34,-0.04,59,605633,卖盘
10:02:16,102.38,0.04,9,92142,买盘
10:02:19,102.38,0.0,2,20476,买盘
10:02:21,102.33,-0.05,56,571385,卖盘
10:02:25,102.33,0.0,1,11973,买盘
10:02:27,102.32,-0.01,23,235351,卖盘
10:02:31,102.35,0.03,6,61413,中性盘
10:02:33,102.37,0.02,22,225126,买盘
10:02:37,102.37,0.0,103,1054511,卖盘
10:02:40,102.38,0.01,11,112608,买盘
10:02:43,102.37,-0.01,10,102375,中性盘
10:02:46,102.37,0.0,17,174038,买盘
10:02:48,102.37,0.0,14,143315,买盘
10:02:55,102.39,0.02,4,40956,买盘
10:02:58,102.39,0.0,13,133103,买盘
10:03:01,102.39,0.0,28,286675,买盘
10:03:04,102.38,-0.01,24,245735,卖盘
10:03:07,102.4,0.02,10,102400,买盘
10:03:10,102.4,0.0,4,40960,买盘
10:03:13,102.4,0.0,30,307189,买盘
10:03:15,102.4,0.0,29,296960,买盘
10:03:19,102.4,0.0,6,61439,买盘
10:03:22,102.4,0.0,14,143356,买盘
10:03:25,102.4,0.0,11,112639,买盘
10:03:28,102.4,0.0,13,133120,买盘
10:03:30,102.4,0.0,23,235511,买盘
10:03:34,102.4,0.0,11,112640,买盘
10:03:37,102.39,-0.01,35,358390,卖盘
10:03:40,102.44,0.05,192,1966110,买盘
10:03:43,102.45,0.01,40,409799,买盘
10:03:46,102.45,0.0,4,40980,买盘
10:03:48,102.45,0.0,9,92205,买盘
10:03:52,102.45,0.0,5,51225,买盘
10:03:55,102.45,0.0,28,286860,买盘
10:04:01,102.46,0.01,4,40984,买盘
10:04:05,102.47,0.01,1,10247,中性盘
10:04:07,102.49,0.02,4,40996,买盘
10:04:10,102.5,0.01,1,10250,买盘
10:04:13,102.49,-0.01,34,348485,卖盘
10:04:16,102.49,0.0,22,225462,卖盘
10:04:19,102.5,0.01,31,317743,买盘
10:04:22,102.5,0.0,8,82000,卖盘
10:04:25,102.5,0.0,9,92258,卖盘
10:04:28,102.51,0.01,12,123011,买盘
10:04:31,102.51,0.0,8,82008,买盘
10:04:34,102.51,0.0,26,266515,买盘
10:04:37,102.51,0.0,16,164011,买盘
10:04:40,102.51,0.0,1,10251,买盘
10:04:43,102.51,0.0,26,266526,买盘
10:04:46,102.52,0.01,5,51258,买盘
10:04:49,102.51,-0.01,14,143524,卖盘
10:04:52,102.51,0.0,22,225541,卖盘
10:04:55,102.52,0.01,17,174284,买盘
10:04:58,102.53,0.01,37,379340,买盘
10:05:05,102.55,0.02,4,41020,买盘
10:05:07,102.55,0.0,23,235865,买盘
10:05:10,102.55,0.0,2,20510,买盘
10:05:13,102.55,0.0,18,184571,买盘
10:05:16,102.55,0.0,22,225610,买盘
10:05:18,102.55,0.0,1,10255,买盘
10:05:22,102.56,0.01,1,10256,买盘
10:05:28,102.56,0.0,1,10256,买盘
10:05:31,102.56,0.0,33,338448,买盘
10:05:34,102.52,-0.04,52,533247,卖盘
10:05:37,102.57,0.05,6,61544,卖盘
10:05:40,102.57,0.0,2,20514,卖盘
10:05:43,102.58,0.01,18,184634,买盘
10:05:46,102.57,-0.01,7,71802,买盘
10:05:49,102.57,0.0,6,61538,买盘
10:05:51,102.55,-0.02,65,666670,卖盘
10:05:55,102.56,0.01,35,358901,买盘
10:06:01,102.56,0.0,7,71792,买盘
10:06:04,102.57,0.01,40,410262,买盘
10:06:07,102.56,-0.01,1,10256,中性盘
10:06:10,102.56,0.0,2,20512,买盘
10:06:13,102.55,-0.01,8,82040,卖盘
10:06:16,102.56,0.01,5,51277,买盘
10:06:22,102.54,-0.02,2,20509,卖盘
10:06:25,102.54,0.0,44,451258,卖盘
10:06:31,102.56,0.02,4,41024,买盘
10:06:34,102.56,0.0,1,10256,买盘
10:06:37,102.56,0.0,1,10256,买盘
10:06:40,102.55,-0.01,11,112805,卖盘
10:06:43,102.52,-0.03,16,164042,卖盘
10:06:46,102.55,0.03,10,102550,买盘
10:06:52,102.53,-0.02,2,20506,买盘
10:06:55,102.52,-0.01,5,51263,卖盘
10:06:58,102.51,-0.01,15,153779,卖盘
10:07:01,102.52,0.01,7,71763,买盘
10:07:04,102.51,-0.01,3,30753,卖盘
10:07:07,102.52,0.01,1,10252,买盘
10:07:13,102.52,0.0,14,143517,买盘
10:07:16,102.52,0.0,3,30756,买盘
10:07:19,102.52,0.0,1,10252,买盘
10:07:22,102.52,0.0,12,123019,买盘
10:07:25,102.52,0.0,2,20504,买盘
10:07:28,102.51,-0.01,15,153765,卖盘
10:07:31,102.52,0.01,7,71764,买盘
10:07:34,102.52,0.0,7,71760,买盘
10:07:36,102.52,0.0,1,10252,买盘
10:07:40,102.52,0.0,2,20504,买盘
10:07:43,102.52,0.0,2,20504,买盘
10:07:46,102.52,0.0,5,51259,买盘
10:07:48,102.51,-0.01,18,184532,卖盘
10:07:52,102.51,0.0,20,205021,卖盘
10:07:55,102.51,0.0,30,307546,卖盘
10:07:58,102.52,0.01,8,82011,买盘
10:08:01,102.51,-0.01,24,246031,卖盘
10:08:10,102.51,0.0,28,287055,卖盘
10:08:13,102.52,0.01,18,184525,买盘
10:08:15,102.52,0.0,5,51259,买盘
10:08:19,102.51,-0.01,28,287041,卖盘
10:08:21,102.5,-0.01,37,379308,卖盘
10:08:25,102.5,0.0,20,205011,卖盘
10:08:28,102.51,0.01,7,71757,买盘
10:08:31,102.51,0.0,22,225503,买盘
10:08:34,102.5,-0.01,34,348502,卖盘
10:08:36,102.49,-0.01,16,163999,卖盘
10:08:40,102.47,-0.02,7,71732,卖盘
10:08:43,102.47,0.0,7,71731,买盘
10:08:46,102.47,0.0,4,40988,买盘
10:08:49,102.45,-0.02,17,174174,卖盘
10:08:52,102.46,0.01,1,10246,买盘
10:08:55,102.46,0.0,3,30738,买盘
10:08:58,102.44,-0.02,16,163928,卖盘
10:09:01,102.45,0.01,5,51223,中性盘
10:09:07,102.45,0.0,5,51221,买盘
10:09:10,102.44,-0.01,13,133193,卖盘
10:09:13,102.44,0.0,11,112689,卖盘
10:09:15,102.45,0.01,11,112684,买盘
10:09:19,102.45,0.0,10,102446,买盘
10:09:22,102.43,-0.02,11,112673,卖盘
10:09:25,102.43,0.0,12,122916,买盘
10:09:27,102.44,0.01,51,522418,买盘
10:09:31,102.43,-0.01,4,40972,买盘
10:09:34,102.43,0.0,8,81937,买盘
10:09:37,102.42,-0.01,4,40970,卖盘
10:09:39,102.42,0.0,6,61452,卖盘
10:09:43,102.41,-0.01,10,102410,卖盘
10:09:46,102.42,0.01,6,61451,买盘
10:09:49,102.41,-0.01,6,61445,中性盘
10:09:52,102.42,0.01,6,61451,买盘
10:09:55,102.42,0.0,2,20483,买盘
10:10:01,102.42,0.0,13,133139,买盘
10:10:04,102.41,-0.01,11,112658,卖盘
10:10:07,102.41,0.0,1,10241,卖盘
10:10:10,102.42,0.01,2,20483,买盘
10:10:13,102.41,-0.01,10,102411,卖盘
10:10:16,102.41,0.0,16,163859,卖盘
10:10:19,102.42,0.01,43,440343,买盘
10:10:22,102.41,-0.01,5,51204,买盘
10:10:25,102.4,-0.01,6,61441,卖盘
10:10:28,102.4,0.0,15,153600,卖盘
10:10:31,102.41,0.01,64,655424,买盘
10:10:34,102.4,-0.01,12,122880,卖盘
10:10:37,102.41,0.01,5,51202,买盘
10:10:40,102.37,-0.04,47,481205,卖盘
10:10:43,102.4,0.03,4,40953,中性盘
10:10:46,102.39,-0.01,10,102390,买盘
10:10:49,102.37,-0.02,2,20474,卖盘
10:10:52,102.38,0.01,5,51190,卖盘
10:10:55,102.37,-0.01,4,40948,卖盘
10:10:58,102.36,-0.01,10,102370,卖盘
10:11:01,102.37,0.01,36,368532,买盘
10:11:04,102.37,0.0,1,10237,买盘
10:11:07,102.37,0.0,1,10237,买盘
10:11:10,102.36,-0.01,22,225192,卖盘
10:11:13,102.36,0.0,1,10236,买盘
10:11:15,102.36,0.0,7,71652,买盘
10:11:19,102.36,0.0,4,40944,买盘
10:11:22,102.36,0.0,5,51177,买盘
10:11:25,102.36,0.0,2,20472,买盘
10:11:28,102.35,-0.01,26,266111,卖盘
10:11:31,102.36,0.01,15,153529,买盘
10:11:34,102.36,0.0,9,92123,买盘
10:11:37,102.35,-0.01,5,51178,卖盘
10:11:39,102.36,0.01,22,225176,买盘
10:11:43,102.36,0.0,6,61416,买盘
10:11:46,102.36,0.0,4,40944,买盘
10:11:51,102.36,0.0,16,163772,买盘
10:11:55,102.36,0.0,11,112593,买盘
10:11:58,102.35,-0.01,18,184232,卖盘
10:12:01,102.32,-0.03,88,900561,卖盘
10:12:04,102.35,0.03,12,122820,买盘
10:12:07,102.34,-0.01,4,40936,中性盘
10:12:10,102.33,-0.01,5,51165,卖盘
10:12:12,102.34,0.01,2,20468,买盘
10:12:16,102.33,-0.01,5,51169,卖盘
10:12:22,102.34,0.01,5,51169,买盘
10:12:25,102.33,-0.01,15,153500,卖盘
10:12:28,102.33,0.0,8,81866,卖盘
10:12:31,102.34,0.01,6,61404,买盘
10:12:34,102.34,0.0,60,614030,买盘
10:12:37,102.33,-0.01,6,61403,卖盘
10:12:40,102.34,0.01,30,307020,买盘
10:12:43,102.34,0.0,4,40935,买盘
10:12:46,102.34,0.0,13,133042,买盘
10:12:49,102.34,0.0,20,204678,买盘
10:12:52,102.34,0.0,8,81872,买盘
10:12:55,102.34,0.0,1,10234,买盘
10:12:58,102.34,0.0,12,122808,买盘
10:13:01,102.34,0.0,19,194434,买盘
10:13:04,102.34,0.0,5,51170,买盘
10:13:07,102.34,0.0,56,573103,买盘
10:13:10,102.33,-0.01,49,501461,卖盘
10:13:13,102.34,0.01,2,20468,中性盘
10:13:16,102.36,0.02,7,71652,买盘
10:13:19,102.35,-0.01,27,276330,卖盘
10:13:31,102.36,0.01,6,61416,买盘
10:13:34,102.35,-0.01,123,1259049,卖盘
10:13:37,102.36,0.01,5,51180,买盘
10:13:40,102.36,0.0,3,30708,买盘
10:13:43,102.36,0.0,4,40944,买盘
10:13:45,102.36,0.0,20,204707,买盘
10:13:49,102.36,0.0,2,20472,买盘
10:13:55,102.36,0.0,11,112588,买盘
10:14:01,102.36,0.0,14,143294,买盘
10:14:04,102.35,-0.01,19,194483,卖盘
10:14:07,102.36,0.01,10,102360,买盘
10:14:13,102.36,0.0,25,255900,买盘
10:14:16,102.36,0.0,40,409440,买盘
10:14:18,102.4,0.04,4,40960,买盘
10:14:25,102.4,0.0,1,10240,买盘
10:14:28,102.39,-0.01,5,51197,卖盘
10:14:31,102.4,0.01,33,337920,买盘
10:14:34,102.38,-0.02,16,163829,卖盘
10:14:37,102.39,0.01,3,30717,卖盘
10:14:40,102.4,0.01,1,10240,买盘
10:14:46,102.4,0.0,6,61440,买盘
10:14:49,102.4,0.0,5,51200,买盘
10:14:52,102.4,0.0,58,593920,买盘
10:14:55,102.4,0.0,2,20480,买盘
10:14:58,102.4,0.0,29,296960,买盘
10:15:01,102.42,0.02,4,40968,买盘
10:15:05,102.42,0.0,4,40968,买盘
10:15:16,102.5,0.08,2,20499,买盘
10:15:19,102.49,-0.01,3,30747,中性盘
10:15:22,102.48,-0.01,16,163969,卖盘
10:15:25,102.49,0.01,14,143480,中性盘
10:15:31,102.48,-0.01,16,163965,买盘
10:15:34,102.42,-0.06,5,51211,卖盘
10:15:37,102.42,0.0,5,51207,买盘
10:15:39,102.42,0.0,2,20483,买盘
10:15:46,102.42,0.0,4,40967,买盘
10:15:55,102.41,-0.01,4,40965,卖盘
10:16:01,102.42,0.01,5,51209,买盘
10:16:05,102.41,-0.01,3,30724,卖盘
10:16:07,102.41,0.0,2,20482,卖盘
10:16:10,102.42,0.01,25,256034,买盘
10:16:13,102.39,-0.03,37,378884,卖盘
10:16:16,102.41,0.02,11,112658,买盘
10:16:19,102.39,-0.02,7,71681,卖盘
10:16:28,102.39,0.0,1,10239,卖盘
10:16:31,102.4,0.01,4,40960,买盘
10:16:34,102.39,-0.01,2,20478,卖盘
10:16:40,102.4,0.01,5,51200,买盘
10:16:43,102.39,-0.01,23,235497,卖盘
10:16:46,102.4,0.01,4,40960,买盘
10:16:52,102.4,0.0,11,112631,买盘
10:16:55,102.39,-0.01,12,122868,卖盘
10:16:58,102.38,-0.01,16,163823,卖盘
10:17:01,102.4,0.02,25,255962,买盘
10:17:07,102.4,0.0,12,122880,买盘
10:17:10,102.4,0.0,6,61440,买盘
10:17:16,102.4,0.0,10,102400,买盘
10:17:19,102.4,0.0,3,30718,买盘
10:17:21,102.4,0.0,33,337897,买盘
10:17:25,102.39,-0.01,7,71675,卖盘
10:17:27,102.36,-0.03,68,696133,卖盘
10:17:31,102.36,0.0,3,30708,买盘
10:17:37,102.36,0.0,1,10236,买盘
10:17:40,102.36,0.0,17,174012,买盘
10:17:43,102.36,0.0,2,20472,买盘
10:17:46,102.36,0.0,8,81888,买盘
10:17:49,102.36,0.0,2,20472,卖盘
10:17:55,102.36,0.0,27,276390,卖盘
10:17:58,102.36,0.0,13,133068,买盘
10:18:01,102.36,0.0,5,51180,买盘
10:18:07,102.36,0.0,6,61416,买盘
10:18:10,102.36,0.0,14,143304,买盘
10:18:13,102.36,0.0,4,40943,买盘
10:18:16,102.36,0.0,7,71651,买盘
10:18:19,102.36,0.0,7,71647,买盘
10:18:22,102.36,0.0,5,51180,买盘
10:18:25,102.35,-0.01,9,92123,卖盘
10:18:28,102.35,0.0,14,143290,卖盘
10:18:31,102.36,0.01,29,296821,买盘
10:18:34,102.34,-0.02,39,399142,卖盘
10:18:37,102.35,0.01,24,245640,买盘
10:18:40,102.34,-0.01,29,296786,卖盘
10:18:42,102.34,0.0,1,10234,卖盘
10:18:46,102.35,0.01,3,30705,买盘
10:18:49,102.34,-0.01,13,133043,卖盘
10:18:55,102.35,0.01,2,20470,买盘
10:19:01,102.35,0.0,5,51175,买盘
10:19:04,102.34,-0.01,29,296787,卖盘
10:19:07,102.33,-0.01,129,1320064,卖盘
10:19:10,102.35,0.02,22,225126,买盘
10:19:13,102.35,0.0,1,10235,买盘
10:19:16,102.33,-0.02,25,255829,卖盘
10:19:22,102.33,0.0,7,71629,买盘
10:19:25,102.33,0.0,22,225126,买盘
10:19:28,102.32,-0.01,23,235344,卖盘
10:19:31,102.33,0.01,18,184194,买盘
10:19:37,102.33,0.0,9,92097,买盘
10:19:40,102.33,0.0,7,71631,买盘
10:19:43,102.33,0.0,5,51165,买盘
10:19:46,102.33,0.0,71,726542,买盘
10:19:48,102.35,0.02,4,40940,买盘
10:19:52,102.36,0.01,9,92116,买盘
10:19:55,102.34,-0.02,45,460565,卖盘
10:20:01,102.35,0.01,22,225170,买盘
10:20:04,102.35,0.0,5,51175,买盘
10:20:10,102.38,0.03,1,10238,买盘
10:20:13,102.36,-0.02,1,10236,卖盘
10:20:16,102.39,0.03,3,30717,买盘
10:20:19,102.38,-0.01,19,194526,卖盘
10:20:22,102.4,0.02,2,20480,买盘
10:20:25,102.32,-0.08,79,808558,卖盘
10:20:28,102.4,0.08,9,92160,买盘
10:20:30,102.41,0.01,4,40964,买盘
10:20:40,102.41,0.0,1,10241,买盘
10:20:43,102.41,0.0,6,61446,买盘
10:20:46,102.4,-0.01,24,245781,卖盘
10:20:49,102.41,0.01,10,102410,买盘
10:20:58,102.4,-0.01,17,174090,卖盘
10:21:01,102.41,0.01,4,40964,买盘
10:21:04,102.41,0.0,5,51205,买盘
10:21:07,102.4,-0.01,3,30721,卖盘
10:21:13,102.4,0.0,10,102400,卖盘
10:21:16,102.41,0.01,23,235527,买盘
10:21:19,102.41,0.0,1,10241,买盘
10:21:22,102.35,-0.06,8,81897,卖盘
10:21:25,102.35,0.0,1,10235,买盘
10:21:28,102.35,0.0,1,10235,买盘
10:21:31,102.35,0.0,7,71645,买盘
10:21:34,102.35,0.0,1,10235,买盘
10:21:36,102.35,0.0,5,51175,买盘
10:21:40,102.35,0.0,1,10235,买盘
10:21:43,102.35,0.0,3,30704,买盘
10:21:46,102.34,-0.01,6,61407,卖盘
10:21:48,102.35,0.01,26,266109,买盘
10:21:54,102.35,0.0,14,143287,买盘
10:21:58,102.35,0.0,10,102350,买盘
10:22:01,102.35,0.0,1,10235,买盘
10:22:05,102.35,0.0,16,163759,买盘
10:22:10,102.35,0.0,13,133055,买盘
10:22:13,102.35,0.0,6,61410,买盘
10:22:16,102.35,0.0,7,71645,买盘
10:22:18,102.35,0.0,15,153524,买盘
10:22:22,102.34,-0.01,7,71638,卖盘
10:22:25,102.34,0.0,2,20469,卖盘
10:22:28,102.35,0.01,3,30703,买盘
10:22:31,102.35,0.0,18,184230,买盘
10:22:34,102.34,-0.01,12,122818,卖盘
10:22:37,102.35,0.01,20,204689,买盘
10:22:40,102.35,0.0,18,184230,买盘
10:22:43,102.35,0.0,8,81876,买盘
10:22:46,102.35,0.0,6,61408,买盘
10:22:49,102.35,0.0,4,40938,买盘
10:22:52,102.35,0.0,6,61409,买盘
10:22:55,102.35,0.0,6,61410,买盘
10:22:58,102.35,0.0,1,10235,买盘
10:23:01,102.35,0.0,3,30705,买盘
10:23:04,102.35,0.0,2,20470,买盘
10:23:07,102.34,-0.01,12,122816,卖盘
10:23:10,102.35,0.01,4,40940,买盘
10:23:13,102.35,0.0,10,102350,买盘
10:23:16,102.35,0.0,15,153525,买盘
10:23:19,102.35,0.0,88,900683,买盘
10:23:22,102.35,0.0,5,51175,买盘
10:23:25,102.35,0.0,9,92112,买盘
10:23:28,102.34,-0.01,12,122813,卖盘
10:23:31,102.35,0.01,26,266094,买盘
10:23:34,102.34,-0.01,8,81878,卖盘
10:23:37,102.35,0.01,1,10235,买盘
10:23:40,102.35,0.0,38,388900,买盘
10:23:43,102.34,-0.01,46,470764,卖盘
10:23:46,102.34,0.0,17,173967,买盘
10:23:49,102.34,0.0,7,71638,卖盘
10:23:52,102.34,0.0,13,133045,卖盘
10:23:55,102.33,-0.01,4,40932,卖盘
10:23:58,102.34,0.01,19,194442,买盘
10:24:01,102.34,0.0,14,143273,买盘
10:24:05,102.33,-0.01,8,81864,卖盘
10:24:07,102.33,0.0,11,112563,卖盘
10:24:13,102.33,0.0,3,30699,卖盘
10:24:16,102.34,0.01,1,10234,买盘
10:24:19,102.34,0.0,13,133033,买盘
10:24:25,102.34,0.0,1,10234,买盘
10:24:28,102.34,0.0,4,40934,买盘
10:24:34,102.34,0.0,17,180926,买盘
10:24:37,102.33,-0.01,16,163729,卖盘
10:24:40,102.32,-0.01,15,153487,卖盘
10:24:43,102.33,0.01,1,10233,买盘
10:24:46,102.33,0.0,8,81862,买盘
10:24:48,102.23,-0.1,802,8195667,卖盘
10:24:52,102.23,0.0,32,327138,买盘
10:24:55,102.22,-0.01,8,81776,卖盘
10:24:58,102.23,0.01,57,582662,买盘
10:25:01,102.23,0.0,28,286226,买盘
10:25:05,102.22,-0.01,26,265786,卖盘
10:25:07,102.23,0.01,5,51115,买盘
10:25:10,102.22,-0.01,3,30666,卖盘
10:25:13,102.23,0.01,5,51115,买盘
10:25:16,102.23,0.0,76,776803,买盘
10:25:22,102.22,-0.01,20,204445,卖盘
10:25:25,102.23,0.01,24,245346,买盘
10:25:28,102.23,0.0,4,40892,买盘
10:25:31,102.23,0.0,25,255570,买盘
10:25:34,102.22,-0.01,32,327113,卖盘
10:25:37,102.22,0.0,29,296437,卖盘
10:25:40,102.22,0.0,1,10222,卖盘
10:25:43,102.21,-0.01,9,91994,卖盘
10:25:46,102.22,0.01,23,235088,买盘
10:25:48,102.21,-0.01,8,81770,卖盘
10:25:52,102.22,0.01,4,40887,买盘
10:25:55,102.21,-0.01,2,20442,卖盘
10:25:58,102.22,0.01,3,30665,买盘
10:26:01,102.22,0.0,7,71550,买盘
10:26:04,102.21,-0.01,30,306632,卖盘
10:26:07,102.2,-0.01,3,30661,卖盘
10:26:09,102.21,0.01,16,163536,买盘
10:26:13,102.21,0.0,41,419049,买盘
10:26:16,102.21,0.0,12,122650,买盘
10:26:19,102.2,-0.01,8,81760,卖盘
10:26:22,102.21,0.01,30,306626,买盘
10:26:25,102.2,-0.01,41,419054,卖盘
10:26:27,102.2,0.0,6,61320,卖盘
10:26:31,102.21,0.01,18,183968,买盘
10:26:34,102.2,-0.01,6,61324,卖盘
10:26:37,102.2,0.0,36,367926,卖盘
10:26:40,102.21,0.01,4,40884,买盘
10:26:43,102.2,-0.01,21,214631,卖盘
10:26:45,102.21,0.01,36,367946,买盘
10:26:49,102.2,-0.01,13,132869,卖盘
10:26:51,102.2,0.0,10,102201,卖盘
10:26:55,102.21,0.01,5,51105,买盘
10:26:58,102.2,-0.01,4,45789,卖盘
10:27:01,102.2,0.0,11,112426,卖盘
10:27:05,102.21,0.01,15,153315,买盘
10:27:07,102.21,0.0,6,61326,买盘
10:27:10,102.21,0.0,14,143094,买盘
10:27:13,102.21,0.0,6,61326,买盘
10:27:16,102.21,0.0,60,613263,买盘
10:27:19,102.29,0.08,4,40916,买盘
10:27:25,102.29,0.0,7,71601,买盘
10:27:34,102.29,0.0,1,10229,买盘
10:27:37,102.28,-0.01,8,81829,卖盘
10:27:40,102.29,0.01,16,163663,买盘
10:27:43,102.28,-0.01,10,102286,卖盘
10:27:46,102.28,0.0,17,173877,卖盘
10:27:49,102.27,-0.01,13,132951,买盘
10:27:52,102.22,-0.05,5,51125,卖盘
10:27:55,102.22,0.0,2,20449,卖盘
10:27:58,102.22,0.0,1,10222,卖盘
10:28:01,102.27,0.05,4,40907,买盘
10:28:04,102.27,0.0,6,61353,买盘
10:28:07,102.27,0.0,3,30673,买盘
10:28:10,102.23,-0.04,1,10223,卖盘
10:28:13,102.27,0.04,2,20454,买盘
10:28:16,102.27,0.0,10,102261,买盘
10:28:19,102.27,0.0,5,51134,买盘
10:28:22,102.25,-0.02,11,112476,卖盘
10:28:25,102.23,-0.02,6,61344,卖盘
10:28:28,102.25,0.02,10,102250,中性盘
10:28:34,102.23,-0.02,26,265814,卖盘
10:28:37,102.24,0.01,8,81791,卖盘
10:28:40,102.23,-0.01,9,92004,卖盘
10:28:43,102.22,-0.01,2,20444,卖盘
10:28:46,102.23,0.01,12,122674,中性盘
10:28:48,102.22,-0.01,7,71558,卖盘
10:28:52,102.23,0.01,3,30668,买盘
10:28:58,102.23,0.0,1,10223,买盘
10:29:01,102.23,0.0,11,112453,买盘
10:29:05,102.23,0.0,5,51113,买盘
10:29:10,102.23,0.0,3,30669,卖盘
10:29:13,102.23,0.0,5,51116,卖盘
10:29:16,102.24,0.01,4,40893,买盘
10:29:19,102.23,-0.01,7,71565,卖盘
10:29:22,102.23,0.0,6,61339,卖盘
10:29:25,102.23,0.0,9,92011,卖盘
10:29:28,102.23,0.0,20,204460,卖盘
10:29:34,102.24,0.01,4,40896,买盘
10:29:37,102.24,0.0,2,20448,买盘
10:29:40,102.24,0.0,4,40893,买盘
10:29:43,102.24,0.0,29,296480,买盘
10:29:46,102.24,0.0,2,20448,买盘
10:29:48,102.24,0.0,6,61344,买盘
10:29:52,102.23,-0.01,5,51115,卖盘
10:29:55,102.24,0.01,2,20447,买盘
10:30:01,102.24,0.0,1,10224,买盘
10:30:04,102.24,0.0,4,40896,买盘
10:30:07,102.22,-0.02,64,654260,卖盘
10:30:10,102.22,0.0,28,286218,卖盘
10:30:13,102.21,-0.01,78,797240,卖盘
10:30:16,102.2,-0.01,9,92000,卖盘
10:30:19,102.2,0.0,45,459903,卖盘
10:30:22,102.21,0.01,58,592765,中性盘
10:30:25,102.2,-0.01,61,623365,卖盘
10:30:28,102.2,0.0,13,132814,买盘
10:30:31,102.15,-0.05,12,122584,买盘
10:30:34,102.2,0.05,4,40880,买盘
10:30:37,102.16,-0.04,2,20432,卖盘
10:30:40,102.17,0.01,16,163491,中性盘
10:30:43,102.17,0.0,1,10217,卖盘
10:30:46,102.2,0.03,1,10220,买盘
10:30:49,102.16,-0.04,14,143056,卖盘
10:30:52,102.15,-0.01,12,122580,卖盘
10:30:55,102.15,0.0,13,127892,卖盘
10:30:58,102.15,0.0,5,51072,买盘
10:31:01,102.15,0.0,3,30645,买盘
10:31:04,102.14,-0.01,8,81713,卖盘
10:31:07,102.12,-0.02,33,337036,卖盘
10:31:13,102.12,0.0,10,102121,卖盘
10:31:16,102.12,0.0,8,81701,卖盘
10:31:19,102.13,0.01,2,20426,中性盘
10:31:22,102.12,-0.01,7,71486,卖盘
10:31:25,102.12,0.0,3,30638,卖盘
10:31:28,102.14,0.02,3,30640,买盘
10:31:31,102.13,-0.01,3,30639,卖盘
10:31:34,102.1,-0.03,86,878159,卖盘
10:31:37,102.1,0.0,23,234824,买盘
10:31:40,102.1,0.0,4,40840,买盘
10:31:43,102.08,-0.02,8,81664,卖盘
10:31:46,102.08,0.0,7,71456,买盘
10:31:49,102.05,-0.03,20,204114,卖盘
10:31:52,102.06,0.01,2,20412,中性盘
10:31:55,102.06,0.0,1,10206,卖盘
10:31:58,102.06,0.0,10,102064,卖盘
10:32:01,102.06,0.0,22,224532,卖盘
10:32:04,102.05,-0.01,64,653152,卖盘
10:32:07,102.04,-0.01,11,112249,卖盘
10:32:10,102.04,0.0,12,122454,卖盘
10:32:13,102.05,0.01,6,61229,买盘
10:32:16,102.04,-0.01,8,81632,卖盘
10:32:18,102.04,0.0,21,214288,卖盘
10:32:22,102.04,0.0,10,102040,买盘
10:32:25,102.04,0.0,8,81632,买盘
10:32:28,102.03,-0.01,13,132650,卖盘
10:32:31,102.04,0.01,52,530607,买盘
10:32:34,102.04,0.0,106,1081620,买盘
10:32:37,102.03,-0.01,38,387733,卖盘
10:32:40,102.05,0.02,21,214285,买盘
10:32:43,102.04,-0.01,5,51020,中性盘
10:32:46,102.05,0.01,18,183680,买盘
10:32:48,102.04,-0.01,10,102040,卖盘
10:32:52,102.05,0.01,16,163272,买盘
10:32:55,102.05,0.0,5,51022,买盘
10:32:57,102.05,0.0,26,265299,买盘
10:33:01,102.05,0.0,22,224510,买盘
10:33:04,102.05,0.0,66,673530,买盘
10:33:07,102.05,0.0,14,142870,买盘
10:33:10,102.05,0.0,8,81635,买盘
10:33:13,102.05,0.0,11,112255,买盘
10:33:16,102.05,0.0,9,91845,买盘
10:33:19,102.05,0.0,35,357175,买盘
10:33:22,102.05,0.0,11,112255,买盘
10:33:25,102.05,0.0,9,91845,买盘
10:33:28,102.05,0.0,18,183688,买盘
10:33:31,102.05,0.0,21,214300,买盘
10:33:34,102.04,-0.01,19,193885,卖盘
10:33:37,102.05,0.01,15,153067,买盘
10:33:40,102.05,0.0,6,61230,买盘
10:33:42,102.05,0.0,5,51022,买盘
10:33:46,102.05,0.0,20,204100,卖盘
10:33:49,102.05,0.0,5,51025,卖盘
10:33:52,102.06,0.01,3,30618,买盘
10:33:55,102.05,-0.01,6,61233,卖盘
10:34:05,102.06,0.01,2,20412,卖盘
10:34:07,102.09,0.03,8,81664,买盘
10:34:10,102.09,0.0,8,81672,买盘
10:34:13,102.09,0.0,7,71453,买盘
10:34:19,102.09,0.0,2,20418,买盘
10:34:22,102.09,0.0,15,153123,买盘
10:34:25,102.09,0.0,1,10209,买盘
10:34:28,102.08,-0.01,1,10208,中性盘
10:34:31,102.07,-0.01,7,71452,卖盘
10:34:40,102.08,0.01,14,142912,买盘
10:34:49,102.05,-0.03,53,540944,卖盘
10:34:51,102.06,0.01,22,224534,卖盘
10:34:55,102.06,0.0,13,132678,买盘
10:35:01,102.06,0.0,18,183708,买盘
10:35:07,102.06,0.0,6,61231,买盘
10:35:10,102.06,0.0,17,174011,买盘
10:35:13,102.06,0.0,6,61236,买盘
10:35:16,102.06,0.0,11,112264,买盘
10:35:19,102.05,-0.01,7,72051,卖盘
10:35:22,102.05,0.0,35,357181,卖盘
10:35:25,102.05,0.0,16,164717,卖盘
10:35:28,102.05,0.0,31,316360,卖盘
10:35:31,102.05,0.0,5,51027,卖盘
10:35:34,102.06,0.01,5,51030,买盘
10:35:37,102.06,0.0,2,23983,买盘
10:35:40,102.06,0.0,9,91854,买盘
10:35:46,102.06,0.0,9,91848,买盘
10:35:49,102.06,0.0,7,71442,买盘
10:35:52,102.06,0.0,15,153083,买盘
10:35:55,102.05,-0.01,14,139609,卖盘
10:35:58,102.08,0.03,1,10208,买盘
10:36:01,102.06,-0.02,7,71444,卖盘
10:36:07,102.08,0.02,5,51040,买盘
10:36:10,102.07,-0.01,3,37666,卖盘
10:36:13,102.07,0.0,30,306230,卖盘
10:36:16,102.05,-0.02,68,684076,卖盘
10:36:19,102.05,0.0,7,71842,买盘
10:36:22,102.05,0.0,2,20410,买盘
10:36:25,102.05,0.0,6,61230,买盘
10:36:28,102.06,0.01,4,40824,中性盘
10:36:34,102.06,0.0,8,84611,中性盘
10:36:36,102.08,0.02,2,20414,买盘
10:36:40,102.06,-0.02,16,160352,卖盘
10:36:43,102.05,-0.01,1,10919,卖盘
10:36:46,102.05,0.0,6,61230,卖盘
10:36:49,102.06,0.01,7,71440,买盘
10:36:52,102.08,0.02,3,33584,卖盘
10:37:01,102.06,-0.02,9,91855,卖盘
10:37:07,102.07,0.01,10,105436,买盘
10:37:10,102.08,0.01,5,51038,买盘
10:37:13,102.06,-0.02,9,91861,卖盘
10:37:16,102.08,0.02,4,33581,买盘
10:37:19,102.07,-0.01,3,30623,卖盘
10:37:22,102.08,0.01,10,108505,买盘
10:37:28,102.07,-0.01,2,20414,卖盘
10:37:34,102.08,0.01,2,20415,买盘
10:37:37,102.07,-0.01,6,61243,卖盘
10:37:40,102.08,0.01,13,134534,买盘
10:37:43,102.07,-0.01,3,30622,卖盘
10:37:46,102.07,0.0,5,51038,卖盘
10:37:49,102.08,0.01,3,26947,买盘
10:37:52,102.08,0.0,6,61247,买盘
10:37:55,102.08,0.0,5,51036,买盘
10:37:58,102.07,-0.01,7,74307,卖盘
10:38:04,102.07,0.0,2,12759,卖盘
10:38:10,102.07,0.0,13,132697,卖盘
10:38:13,102.07,0.0,2,22456,卖盘
10:38:16,102.08,0.01,1,10208,买盘
10:38:22,102.08,0.0,2,21844,买盘
10:38:25,102.07,-0.01,19,190671,卖盘
10:38:28,102.06,-0.01,16,164335,卖盘
10:38:31,102.07,0.01,2,20414,买盘
10:38:34,102.06,-0.01,17,174028,卖盘
10:38:36,102.07,0.01,10,102070,买盘
10:38:40,102.05,-0.02,30,304646,卖盘
10:38:43,102.06,0.01,6,61643,买盘
10:38:46,102.06,0.0,14,142874,买盘
10:38:49,102.05,-0.01,6,61232,卖盘
10:38:52,102.06,0.01,3,32149,买盘
10:39:00,102.07,0.01,1,10207,买盘
10:39:07,102.07,0.0,4,40828,买盘
10:39:10,102.06,-0.01,2,24086,卖盘
10:39:13,102.06,0.0,26,265377,卖盘
10:39:16,102.07,0.01,14,142898,买盘
10:39:19,102.06,-0.01,4,39089,卖盘
10:39:22,102.06,0.0,2,21127,卖盘
10:39:24,102.07,0.01,20,204140,买盘
10:39:28,102.07,0.0,26,265377,买盘
10:39:31,102.07,0.0,14,139114,买盘
10:39:34,102.07,0.0,17,173512,买盘
10:39:36,102.08,0.01,4,40832,买盘
10:39:46,102.08,0.0,17,173526,买盘
10:39:48,102.07,-0.01,3,35216,卖盘
10:39:52,102.08,0.01,10,102075,买盘
10:39:55,102.08,0.0,2,24804,买盘
10:39:58,102.08,0.0,2,20416,买盘
10:40:00,102.07,-0.01,1,10207,卖盘
10:40:04,102.08,0.01,9,87067,买盘
10:40:07,102.08,0.0,1,10208,买盘
10:40:10,102.07,-0.01,5,53693,卖盘
10:40:13,102.07,0.0,8,81663,卖盘
10:40:15,102.08,0.01,11,112288,买盘
10:40:22,102.08,0.0,6,61248,买盘
10:40:25,102.07,-0.01,4,36543,卖盘
10:40:28,102.07,0.0,15,153114,卖盘
10:40:31,102.07,0.0,1,10717,卖盘
10:40:34,102.08,0.01,6,61246,买盘
10:40:37,102.07,-0.01,1,12146,卖盘
10:40:40,102.08,0.01,7,71456,买盘
10:40:43,102.09,0.01,18,183762,买盘
10:40:46,102.09,0.0,3,30627,买盘
10:40:49,102.09,0.0,8,81672,买盘
10:40:52,102.09,0.0,4,40836,买盘
10:40:54,102.08,-0.01,12,122502,卖盘
10:41:01,102.1,0.02,5,51046,买盘
10:41:04,102.09,-0.01,2,20418,卖盘
10:41:07,102.09,0.0,2,20724,卖盘
10:41:10,102.1,0.01,8,81680,买盘
10:41:13,102.1,0.0,5,51050,买盘
10:41:16,102.09,-0.01,1,12863,卖盘
10:41:19,102.1,0.01,3,30630,买盘
10:41:22,102.09,-0.01,7,71465,卖盘
10:41:25,102.1,0.01,17,165395,买盘
10:41:28,102.09,-0.01,21,214391,卖盘
10:41:31,102.1,0.01,9,98627,买盘
10:41:34,102.1,0.0,1,10210,买盘
10:41:37,102.09,-0.01,2,20418,卖盘
10:41:40,102.09,0.0,18,183983,卖盘
10:41:43,102.1,0.01,4,40840,买盘
10:41:46,102.1,0.0,4,40840,买盘
10:41:49,102.09,-0.01,2,12761,卖盘
10:41:52,102.09,0.0,6,61254,卖盘
10:41:55,102.09,0.0,20,204185,卖盘
10:41:58,102.08,-0.01,2,22357,卖盘
10:42:01,102.09,0.01,8,81672,买盘
10:42:04,102.09,0.0,7,71463,卖盘
10:42:07,102.09,0.0,1,10209,买盘
10:42:10,102.09,0.0,52,530868,买盘
10:42:13,102.09,0.0,11,112299,买盘
10:42:16,102.08,-0.01,3,30932,卖盘
10:42:18,102.09,0.01,24,245010,买盘
10:42:22,102.1,0.01,3,30629,买盘
10:42:28,102.12,0.02,15,153170,买盘
10:42:31,102.12,0.0,3,36658,买盘
10:42:34,102.1,-0.02,2,20422,卖盘
10:42:37,102.12,0.02,14,142964,买盘
10:42:40,102.11,-0.01,2,20422,买盘
10:42:46,102.12,0.01,8,81689,买盘
10:42:49,102.15,0.03,48,490256,买盘
10:42:52,102.12,-0.03,9,91908,买盘
10:42:55,102.12,0.0,1,10212,卖盘
10:42:58,102.15,0.03,6,61284,买盘
10:43:04,102.15,0.0,4,40860,买盘
10:43:07,102.15,0.0,3,25333,买盘
10:43:13,102.21,0.06,1,10221,买盘
10:43:16,102.18,-0.03,6,61312,卖盘
10:43:18,102.19,0.01,1,13285,卖盘
10:43:22,102.21,0.02,5,51101,买盘
10:43:25,102.19,-0.02,10,99126,卖盘
10:43:31,102.19,0.0,20,206802,买盘
10:43:34,102.16,-0.03,12,122625,中性盘
10:43:36,102.15,-0.01,1,10215,卖盘
10:43:40,102.18,0.03,5,51092,买盘
10:43:43,102.18,0.0,12,122618,中性盘
10:43:46,102.15,-0.03,11,112373,卖盘
10:43:49,102.12,-0.03,12,123488,卖盘
10:43:52,102.18,0.06,5,51078,中性盘
10:43:55,102.12,-0.06,9,91908,卖盘
10:43:58,102.19,0.07,47,480128,买盘
10:44:01,102.13,-0.06,25,255321,中性盘
10:44:04,102.11,-0.02,20,200864,卖盘
10:44:07,102.09,-0.02,22,224621,卖盘
10:44:10,102.13,0.04,11,112319,买盘
10:44:12,102.12,-0.01,11,112334,卖盘
10:44:16,102.09,-0.03,11,112304,卖盘
10:44:22,102.09,0.0,27,278241,卖盘
10:44:25,102.1,0.01,10,102097,买盘
10:44:31,102.09,-0.01,4,40837,卖盘
10:44:34,102.1,0.01,16,165502,买盘
10:44:37,102.1,0.0,2,20420,卖盘
10:44:40,102.1,0.0,13,132736,卖盘
10:44:43,102.09,-0.01,8,76980,卖盘
10:44:46,102.09,0.0,7,71465,卖盘
10:44:49,102.09,0.0,2,20418,买盘
10:44:52,102.1,0.01,1,10210,买盘
10:44:55,102.09,-0.01,7,71467,卖盘
10:44:57,102.1,0.01,2,20420,买盘
10:45:01,102.09,-0.01,1,10209,卖盘
10:45:04,102.09,0.0,1,15416,卖盘
10:45:07,102.09,0.0,1,10209,卖盘
10:45:10,102.1,0.01,5,51050,买盘
10:45:13,102.08,-0.02,10,102082,卖盘
10:45:16,102.09,0.01,27,275625,买盘
10:45:19,102.1,0.01,1,10210,买盘
10:45:24,102.1,0.0,6,61259,买盘
10:45:34,102.09,-0.01,4,40021,卖盘
10:45:37,102.1,0.01,4,40840,买盘
10:45:40,102.1,0.0,21,214397,买盘
10:45:43,102.1,0.0,29,298540,买盘
10:45:46,102.1,0.0,13,132710,买盘
10:45:49,102.09,-0.01,11,112312,卖盘
10:45:55,102.12,0.03,3,30636,买盘
10:46:01,102.12,0.0,5,44317,买盘
10:46:04,102.1,-0.02,1,10210,卖盘
10:46:07,102.12,0.02,1,10212,买盘
10:46:10,102.12,0.0,10,102107,买盘
10:46:13,102.1,-0.02,1,12865,中性盘
10:46:19,102.08,-0.02,76,779519,卖盘
10:46:22,102.08,0.0,2,20416,买盘
10:46:24,102.07,-0.01,5,46649,卖盘
10:46:28,102.08,0.01,4,40832,买盘
10:46:31,102.08,0.0,9,93705,买盘
10:46:33,102.08,0.0,36,367483,买盘
10:46:37,102.08,0.0,19,193952,买盘
10:46:43,102.08,0.0,6,61248,买盘
10:46:46,102.07,-0.01,22,220267,卖盘
10:46:49,102.08,0.01,2,20415,买盘
10:46:52,102.07,-0.01,5,49504,卖盘
10:46:55,102.07,0.0,8,84615,买盘
10:46:57,102.07,0.0,5,51035,买盘
10:47:01,102.06,-0.01,12,122472,卖盘
10:47:04,102.06,0.0,4,40824,卖盘
10:47:07,102.07,0.01,7,71449,买盘
10:47:13,102.08,0.01,1,10208,买盘
10:47:16,102.08,0.0,13,132694,买盘
10:47:24,102.08,0.0,4,40832,买盘
10:47:28,102.06,-0.02,13,130340,卖盘
10:47:31,102.06,0.0,8,81036,卖盘
10:47:34,102.06,0.0,2,20412,买盘
10:47:37,102.07,0.01,3,30619,卖盘
10:47:46,102.06,-0.01,2,23882,卖盘
10:47:49,102.05,-0.01,11,112260,卖盘
10:47:52,102.06,0.01,3,30617,中性盘
10:47:55,102.06,0.0,22,227578,买盘
10:47:58,102.06,0.0,140,1421046,买盘
10:48:01,102.04,-0.02,10,103273,卖盘
10:48:04,102.05,0.01,7,71435,买盘
10:48:07,102.04,-0.01,20,204080,卖盘
10:48:10,102.03,-0.01,22,223972,卖盘
10:48:13,102.04,0.01,31,316298,买盘
10:48:16,102.03,-0.01,6,61830,卖盘
10:48:19,102.03,0.0,8,82746,卖盘
10:48:22,102.02,-0.01,34,354246,卖盘
10:48:24,102.03,0.01,6,61218,买盘
10:48:28,102.02,-0.01,8,75396,卖盘
10:48:34,102.02,0.0,35,357071,卖盘
10:48:37,102.03,0.01,32,329038,买盘
10:48:39,102.03,0.0,26,264863,买盘
10:48:42,102.03,0.0,4,40812,卖盘
10:48:49,102.03,0.0,6,61218,卖盘
10:48:52,102.03,0.0,19,193845,卖盘
10:48:55,102.03,0.0,1,10203,买盘
10:48:58,102.03,0.0,3,30609,买盘
10:49:01,102.02,-0.01,19,193839,卖盘
10:49:04,102.02,0.0,22,228530,卖盘
10:49:07,102.01,-0.01,16,163231,卖盘
10:49:10,102.01,0.0,7,71412,卖盘
10:49:12,102.01,0.0,3,20810,卖盘
10:49:16,102.02,0.01,11,112217,买盘
10:49:19,102.01,-0.01,2,20402,卖盘
10:49:22,102.02,0.01,26,268823,买盘
10:49:25,102.03,0.01,7,71421,买盘
10:49:28,102.03,0.0,192,1959173,买盘
10:49:31,102.02,-0.01,125,1271781,卖盘
10:49:34,102.01,-0.01,78,795755,卖盘
10:49:37,102.02,0.01,58,592784,买盘
10:49:39,102.1,0.08,9,91892,买盘
10:49:43,102.07,-0.03,16,163343,卖盘
10:49:46,102.12,0.05,4,40848,买盘
10:49:49,102.21,0.09,1,10221,买盘
10:49:55,102.17,-0.04,6,61318,卖盘
10:49:58,102.22,0.05,24,245297,买盘
10:50:00,102.14,-0.08,1,14711,卖盘
10:50:07,102.2,0.06,17,169206,中性盘
10:50:10,102.2,0.0,3,30660,买盘
10:50:16,102.07,-0.13,2,22877,卖盘
10:50:19,102.13,0.06,2,20431,卖盘
10:50:21,102.18,0.05,5,51090,买盘
10:50:25,102.17,-0.01,9,88574,买盘
10:50:28,102.13,-0.04,12,125962,卖盘
10:50:31,102.05,-0.08,6,57884,卖盘
10:50:34,102.09,0.04,1,12973,买盘
10:50:37,102.13,0.04,18,183818,买盘
10:50:40,102.13,0.0,4,40849,买盘
10:50:46,102.15,0.02,6,61278,买盘
10:50:49,102.15,0.0,2,20430,买盘
10:50:52,102.14,-0.01,8,81712,卖盘
10:50:55,102.15,0.01,11,112362,买盘
10:50:58,102.17,0.02,5,51085,买盘
10:51:04,102.16,-0.01,4,40865,卖盘
10:51:07,102.15,-0.01,9,92454,卖盘
10:51:10,102.16,0.01,4,40864,买盘
10:51:13,102.16,0.0,5,51080,买盘
10:51:16,102.15,-0.01,2,21554,卖盘
10:51:19,102.16,0.01,4,40862,买盘
10:51:22,102.17,0.01,8,81733,买盘
10:51:25,102.17,0.0,9,91940,买盘
10:51:28,102.15,-0.02,27,274171,卖盘
10:51:31,102.14,-0.01,1,10214,中性盘
10:51:34,102.12,-0.02,34,349656,卖盘
10:51:37,102.15,0.03,2,20430,买盘
10:51:40,102.15,0.0,4,40860,买盘
10:51:42,102.12,-0.03,10,104682,卖盘
10:51:49,102.13,0.01,1,10213,中性盘
10:51:52,102.12,-0.01,1,11335,卖盘
10:51:55,102.15,0.03,8,81714,买盘
10:51:58,102.15,0.0,5,51074,买盘
10:52:04,102.15,0.0,1,10215,买盘
10:52:07,102.15,0.0,3,30645,买盘
10:52:10,102.13,-0.02,12,114189,卖盘
10:52:13,102.15,0.02,2,20428,买盘
10:52:18,102.12,-0.03,1,10825,卖盘
10:52:22,102.12,0.0,2,29212,卖盘
10:52:25,102.12,0.0,10,102147,卖盘
10:52:28,102.12,0.0,3,30636,卖盘
10:52:31,102.15,0.03,1,10215,买盘
10:52:34,102.11,-0.04,6,61274,卖盘
10:52:37,102.15,0.04,7,71505,买盘
10:52:40,102.11,-0.04,9,85592,卖盘
10:52:46,102.15,0.04,2,20430,买盘
10:52:49,102.11,-0.04,3,32471,卖盘
10:52:52,102.11,0.0,5,51059,卖盘
10:52:55,102.11,0.0,15,153180,卖盘
10:52:58,102.1,-0.01,11,108444,卖盘
10:53:01,102.1,0.0,54,551341,卖盘
10:53:04,102.11,0.01,1,10211,买盘
10:53:07,102.11,0.0,8,82396,买盘
10:53:10,102.11,0.0,4,40844,买盘
10:53:12,102.1,-0.01,5,51050,卖盘
10:53:16,102.1,0.0,6,64221,卖盘
10:53:19,102.11,0.01,5,51055,买盘
10:53:22,102.11,0.0,5,51055,买盘
10:53:25,102.1,-0.01,10,102101,卖盘
10:53:28,102.1,0.0,47,484567,卖盘
10:53:31,102.07,-0.03,8,81659,卖盘
10:53:34,102.05,-0.02,2,16024,卖盘
10:53:37,102.05,0.0,1,5307,买盘
10:53:39,102.05,0.0,5,55923,买盘
10:53:42,102.04,-0.01,10,97159,买盘
10:53:45,102.05,0.01,2,20409,买盘
10:53:49,102.04,-0.01,6,61224,卖盘
10:53:52,102.04,0.0,12,128256,卖盘
10:53:55,102.02,-0.02,16,163248,卖盘
10:53:57,102.02,0.0,4,40808,卖盘
10:54:01,102.04,0.02,10,103452,买盘
10:54:05,102.02,-0.02,27,275454,卖盘
10:54:07,102.01,-0.01,12,124050,买盘
10:54:10,102.01,0.0,6,61215,卖盘
10:54:13,102.02,0.01,14,142825,买盘
10:54:16,102.01,-0.01,4,40804,卖盘
10:54:19,102.02,0.01,1,10202,买盘
10:54:22,102.01,-0.01,3,30603,卖盘
10:54:24,102.02,0.01,19,187192,买盘
10:54:28,102.02,0.0,12,122417,买盘
10:54:31,102.01,-0.01,7,72024,卖盘
10:54:34,102.01,0.0,33,336633,卖盘
10:54:37,102.01,0.0,25,255030,卖盘
10:54:39,102.02,0.01,19,194539,买盘
10:54:43,102.01,-0.01,23,234629,卖盘
10:54:46,102.01,0.0,6,61206,卖盘
10:54:49,102.01,0.0,62,635835,卖盘
10:54:51,102.02,0.01,35,355795,买盘
10:54:55,102.01,-0.01,11,112214,中性盘
10:54:58,102.01,0.0,3,30603,卖盘
10:55:01,102.01,0.0,7,71407,卖盘
10:55:04,102.01,0.0,2,20402,卖盘
10:55:07,102.01,0.0,5,45190,卖盘
10:55:10,102.01,0.0,10,102014,卖盘
10:55:13,102.0,-0.01,9,91809,卖盘
10:55:16,102.0,0.0,5,51003,卖盘
10:55:19,102.01,0.01,3,32029,买盘
10:55:22,102.0,-0.01,1,10200,卖盘
10:55:24,102.01,0.01,5,51004,买盘
10:55:28,102.0,-0.01,4,40802,卖盘
10:55:31,102.0,0.0,18,183600,卖盘
10:55:33,102.01,0.01,9,91809,卖盘
10:55:37,102.01,0.0,2,20402,卖盘
10:55:40,102.02,0.01,5,51009,买盘
10:55:43,102.01,-0.01,2,20402,卖盘
10:55:46,102.01,0.0,4,42742,卖盘
10:55:49,102.02,0.01,2,20403,买盘
10:55:55,102.02,0.0,8,82734,买盘
10:55:57,102.01,-0.01,7,71407,卖盘
10:56:01,102.0,-0.01,32,323367,卖盘
10:56:04,102.0,0.0,18,185239,卖盘
10:56:07,102.01,0.01,210,2142002,买盘
10:56:09,102.01,0.0,81,826208,买盘
10:56:13,102.0,-0.01,6,62221,卖盘
10:56:16,102.01,0.01,4,43864,买盘
10:56:19,102.01,0.0,17,173428,卖盘
10:56:22,101.99,-0.02,160,1627571,卖盘
10:56:24,101.95,-0.04,116,1182936,卖盘
10:56:28,101.93,-0.02,19,193670,卖盘
10:56:31,101.92,-0.01,2,20385,卖盘
10:56:33,101.91,-0.01,13,132485,卖盘
10:56:37,101.92,0.01,170,1732312,买盘
10:56:39,101.9,-0.02,154,1569033,卖盘
10:56:43,101.9,0.0,43,437974,买盘
10:56:46,101.82,-0.08,13,132382,卖盘
10:56:48,101.82,0.0,6,65477,卖盘
10:56:52,101.82,0.0,1,10182,买盘
10:56:55,101.82,0.0,5,50910,买盘
10:56:58,101.82,0.0,21,213814,买盘
10:57:01,101.81,-0.01,1,10181,卖盘
10:57:07,101.82,0.01,23,234186,卖盘
10:57:10,101.89,0.07,35,356586,买盘
10:57:13,101.82,-0.07,4,42968,卖盘
10:57:16,101.82,0.0,12,122192,卖盘
10:57:19,101.82,0.0,1,10182,卖盘
10:57:22,101.82,0.0,2,10590,卖盘
10:57:25,101.87,0.05,6,61107,买盘
10:57:31,101.82,-0.05,5,51320,卖盘
10:57:34,101.87,0.05,4,40743,买盘
10:57:40,101.82,-0.05,17,173538,卖盘
10:57:42,101.87,0.05,5,50935,买盘
10:57:46,101.82,-0.05,6,61098,卖盘
10:57:49,101.85,0.03,91,926587,中性盘
10:57:52,101.85,0.0,6,62220,买盘
10:57:55,101.85,0.0,3,30554,买盘
10:57:58,101.85,0.0,10,101850,买盘
10:58:00,101.85,0.0,2,20775,买盘
10:58:05,101.83,-0.02,8,81464,卖盘
10:58:07,101.82,-0.01,8,82379,卖盘
10:58:10,101.83,0.01,10,101828,买盘
10:58:13,101.83,0.0,3,30549,买盘
10:58:16,101.83,0.0,15,152745,买盘
10:58:19,101.83,0.0,5,50911,买盘
10:58:22,101.85,0.02,5,50925,中性盘
10:58:25,101.85,0.0,6,61114,卖盘
10:58:28,101.85,0.0,13,132405,卖盘
10:58:31,101.86,0.01,309,3145883,买盘
10:58:34,101.83,-0.03,1,7637,卖盘
10:58:37,101.85,0.02,46,468511,买盘
10:58:39,101.85,0.0,10,101849,买盘
10:58:43,101.83,-0.02,22,224037,卖盘
10:58:46,101.84,0.01,1,11101,卖盘
10:58:49,101.83,-0.01,9,90731,买盘
10:58:52,101.84,0.01,9,91659,买盘
10:58:55,101.81,-0.03,11,112007,卖盘
10:58:58,101.81,0.0,5,50905,买盘
10:59:01,101.81,0.0,3,30543,买盘
10:59:04,101.81,0.0,4,40722,买盘
10:59:07,101.81,0.0,10,101810,买盘
10:59:10,101.81,0.0,17,173070,买盘
10:59:13,101.81,0.0,9,97938,买盘
10:59:16,101.81,0.0,24,244322,买盘
10:59:19,101.8,-0.01,2,21277,卖盘
10:59:21,101.8,0.0,14,142530,卖盘
10:59:25,101.81,0.01,6,61086,买盘
10:59:27,101.81,0.0,134,1364254,买盘
10:59:31,101.81,0.0,6,53347,卖盘
10:59:34,101.84,0.03,15,152750,买盘
10:59:40,101.84,0.0,3,34218,买盘
10:59:43,101.82,-0.02,4,40728,卖盘
10:59:46,101.82,0.0,4,41243,卖盘
10:59:49,101.84,0.02,1,10184,买盘
10:59:51,101.84,0.0,2,20368,买盘
10:59:55,101.84,0.0,8,83402,买盘
10:59:58,101.84,0.0,1,10184,买盘
11:00:01,101.85,0.01,2,20370,买盘
11:00:05,101.85,0.0,4,40737,买盘
11:00:10,101.86,0.01,26,264856,买盘
11:00:13,101.86,0.0,1,4176,卖盘
11:00:16,101.87,0.01,11,112057,买盘
11:00:19,101.88,0.01,13,132439,买盘
11:00:22,101.86,-0.02,4,40745,卖盘
11:00:24,101.88,0.02,4,40751,买盘
11:00:31,101.87,-0.01,8,81498,卖盘
11:00:34,101.87,0.0,1,16910,卖盘
11:00:37,101.88,0.01,2,20376,买盘
11:00:43,101.89,0.01,4,40756,买盘
11:00:46,101.87,-0.02,23,234311,卖盘
11:00:49,101.88,0.01,8,81498,中性盘
11:00:51,101.87,-0.01,21,207226,卖盘
11:00:55,101.87,0.0,30,305577,买盘
11:00:58,101.86,-0.01,51,519440,买盘
11:01:01,101.83,-0.03,14,142583,卖盘
11:01:04,101.86,0.03,71,729388,买盘
11:01:07,101.86,0.0,2,20371,买盘
11:01:10,101.85,-0.01,10,103770,买盘
11:01:13,101.82,-0.03,26,264714,中性盘
11:01:16,101.81,-0.01,9,91643,卖盘
11:01:19,101.81,0.0,7,71268,卖盘
11:01:22,101.83,0.02,7,69742,买盘
11:01:25,101.83,0.0,6,57631,买盘
11:01:28,101.83,0.0,4,37371,卖盘
11:01:31,101.81,-0.02,5,57737,卖盘
11:01:34,101.84,0.03,15,147148,买盘
11:01:37,101.81,-0.03,12,122187,买盘
11:01:40,101.81,0.0,17,173089,卖盘
11:01:43,101.82,0.01,18,183261,买盘
11:01:46,101.81,-0.01,5,53859,卖盘
11:01:49,101.81,0.0,6,61087,卖盘
11:01:52,101.8,-0.01,65,660280,买盘
11:01:54,101.81,0.01,5,50905,买盘
11:01:58,101.8,-0.01,13,132352,卖盘
11:02:01,101.8,0.0,3,30540,买盘
11:02:04,101.78,-0.02,18,183207,卖盘
11:02:07,101.79,0.01,6,61585,卖盘
11:02:10,101.78,-0.01,5,50893,卖盘
11:02:13,101.79,0.01,2,16998,买盘
11:02:15,101.79,0.0,2,20358,买盘
11:02:19,101.78,-0.01,3,33384,卖盘
11:02:22,101.78,0.0,8,81424,买盘
11:02:25,101.77,-0.01,165,1678943,卖盘
11:02:28,101.76,-0.01,16,162827,买盘
11:02:31,101.72,-0.04,5,50875,卖盘
11:02:33,101.75,0.03,7,71213,买盘
11:02:37,101.78,0.03,15,152667,买盘
11:02:40,101.76,-0.02,5,50872,买盘
11:02:43,101.76,0.0,1,10176,买盘
11:02:46,101.76,0.0,4,40700,买盘
11:02:49,101.73,-0.03,3,30522,卖盘
11:02:51,101.76,0.03,13,132280,买盘
11:02:55,101.72,-0.04,15,152595,卖盘
11:02:58,101.72,0.0,12,122072,卖盘
11:03:01,101.72,0.0,36,366150,买盘
11:03:04,101.72,0.0,22,223779,买盘
11:03:07,101.7,-0.02,32,325442,卖盘
11:03:10,101.71,0.01,19,193245,买盘
11:03:13,101.71,0.0,6,61026,买盘
11:03:16,101.71,0.0,7,71197,买盘
11:03:19,101.71,0.0,9,91534,中性盘
11:03:22,101.71,0.0,5,50853,买盘
11:03:25,101.71,0.0,12,122052,买盘
11:03:28,101.71,0.0,5,50855,买盘
11:03:31,101.69,-0.02,31,313136,卖盘
11:03:34,101.7,0.01,3,30510,买盘
11:03:37,101.7,0.0,1,10170,买盘
11:03:40,101.69,-0.01,12,122037,卖盘
11:03:43,101.7,0.01,7,71289,买盘
11:03:46,101.7,0.0,8,81360,买盘
11:03:49,101.7,0.0,42,427138,买盘
11:03:52,101.7,0.0,11,111870,买盘
11:03:55,101.72,0.02,21,213587,买盘
11:03:58,101.7,-0.02,2,20340,卖盘
11:04:01,101.72,0.02,4,40688,买盘
11:04:05,101.72,0.0,2,20344,买盘
11:04:07,101.72,0.0,8,81376,买盘
11:04:10,101.72,0.0,3,38654,买盘
11:04:13,101.75,0.03,1,10175,买盘
11:04:16,101.75,0.0,13,132252,买盘
11:04:19,101.73,-0.02,2,20346,中性盘
11:04:22,101.75,0.02,8,76615,买盘
11:04:24,101.75,0.0,16,162798,买盘
11:04:28,101.75,0.0,5,50875,买盘
11:04:31,101.74,-0.01,14,142436,卖盘
11:04:34,101.74,0.0,43,437510,买盘
11:04:37,101.74,0.0,13,132260,买盘
11:04:40,101.74,0.0,14,144571,买盘
11:04:43,101.78,0.04,7,71230,买盘
11:04:46,101.75,-0.03,3,30525,卖盘
11:04:52,101.75,0.0,4,40704,卖盘
11:04:55,101.75,0.0,12,122104,卖盘
11:04:58,101.75,0.0,8,81400,买盘
11:05:00,101.74,-0.01,20,203498,卖盘
11:05:04,101.74,0.0,21,213672,卖盘
11:05:07,101.75,0.01,15,152618,买盘
11:05:10,101.75,0.0,5,50875,买盘
11:05:13,101.74,-0.01,1,10174,卖盘
11:05:16,101.75,0.01,18,183150,买盘
11:05:19,101.75,0.0,13,132275,买盘
11:05:22,101.75,0.0,9,91575,买盘
11:05:25,101.75,0.0,24,244200,买盘
11:05:28,101.78,0.03,166,1689059,买盘
11:05:30,101.76,-0.02,27,274844,中性盘
11:05:34,101.85,0.09,5,50925,买盘
11:05:37,101.85,0.0,5,50927,卖盘
11:05:40,101.9,0.05,4,40760,买盘
11:05:43,101.9,0.0,7,71330,买盘
11:05:46,101.9,0.0,3,30570,买盘
11:05:52,101.91,0.01,11,112091,买盘
11:05:57,101.9,-0.01,23,234370,卖盘
11:06:01,101.9,0.0,5,50950,买盘
11:06:04,101.91,0.01,7,71337,买盘
11:06:07,101.9,-0.01,1,10190,卖盘
11:06:10,101.9,0.0,11,112098,卖盘
11:06:13,101.91,0.01,9,91719,买盘
11:06:15,101.9,-0.01,8,82335,卖盘
11:06:19,101.91,0.01,2,20382,买盘
11:06:25,101.86,-0.05,35,356654,卖盘
11:06:28,101.91,0.05,4,40661,买盘
11:06:31,101.9,-0.01,4,40762,卖盘
11:06:34,101.91,0.01,16,163154,买盘
11:06:40,101.93,0.02,3,30577,买盘
11:06:43,101.91,-0.02,16,163064,卖盘
11:06:46,101.95,0.04,1,10195,买盘
11:06:49,101.93,-0.02,3,30579,卖盘
11:06:52,101.91,-0.02,3,30575,卖盘
11:06:55,101.93,0.02,4,36999,买盘
11:06:57,101.93,0.0,5,50965,买盘
11:07:01,101.93,0.0,3,30579,中性盘
11:07:05,101.86,-0.07,5,50936,卖盘
11:07:07,101.93,0.07,4,40773,卖盘
11:07:10,101.93,0.0,3,28636,卖盘
11:07:25,101.95,0.01,4,40780,买盘
11:07:27,101.92,-0.03,12,121698,卖盘
11:07:31,101.92,0.0,2,20383,买盘
11:07:37,101.87,-0.05,2,20890,卖盘
11:07:40,101.92,0.05,5,50853,买盘
11:07:46,101.92,0.0,14,142688,买盘
11:07:48,101.92,0.0,1,10192,买盘
11:07:52,101.87,-0.05,1,10187,买盘
11:07:55,101.87,0.0,4,40748,买盘
11:07:58,101.92,0.05,3,30576,买盘
11:08:01,101.92,0.0,74,755522,买盘
11:08:07,101.94,0.02,2,20388,买盘
11:08:10,101.94,0.0,11,112118,买盘
11:08:16,101.93,-0.01,1,10193,卖盘
11:08:21,101.93,0.0,3,30579,买盘
11:08:25,101.94,0.01,5,50970,买盘
11:08:37,101.95,0.01,2,24570,买盘
11:08:40,101.95,0.0,8,72788,买盘
11:08:43,101.95,0.0,1,10195,买盘
11:08:49,101.99,0.04,1,10199,买盘
11:08:52,101.95,-0.04,1,10195,卖盘
11:08:54,101.99,0.04,12,122388,买盘
11:08:58,102.0,0.01,5,51000,买盘
11:09:01,101.99,-0.01,4,40799,卖盘
11:09:04,102.0,0.01,3,30600,买盘
11:09:07,102.0,0.0,1,10200,买盘
11:09:10,102.01,0.01,25,255020,买盘
11:09:13,102.01,0.0,18,183618,买盘
11:09:19,102.0,-0.01,1,10200,卖盘
11:09:25,102.01,0.01,6,61204,买盘
11:09:28,102.0,-0.01,14,147910,卖盘
11:09:34,102.0,0.0,8,76500,卖盘
11:09:37,101.99,-0.01,5,52021,卖盘
11:09:40,102.01,0.02,4,40804,买盘
11:09:42,102.01,0.0,13,137714,买盘
11:09:49,102.01,0.0,13,132613,卖盘
11:09:51,102.05,0.04,1,10205,中性盘
11:09:55,102.08,0.03,10,102072,买盘
11:09:58,102.06,-0.02,3,30617,中性盘
11:10:04,102.06,0.0,5,51030,卖盘
11:10:07,102.07,0.01,3,30619,买盘
11:10:10,102.07,0.0,8,81657,买盘
11:10:13,102.07,0.0,3,30621,卖盘
11:10:16,102.07,0.0,3,30621,卖盘
11:10:19,102.07,0.0,2,20414,卖盘
11:10:22,102.06,-0.01,4,40828,卖盘
11:10:25,102.06,0.0,4,40824,卖盘
11:10:27,102.06,0.0,1,10206,买盘
11:10:31,102.03,-0.03,3,30614,卖盘
11:10:33,102.03,0.0,4,40815,卖盘
11:10:37,102.02,-0.01,10,102020,卖盘
11:10:40,102.05,0.03,15,147938,买盘
11:10:43,102.0,-0.05,8,81600,卖盘
11:10:46,102.0,0.0,7,71407,卖盘
11:10:48,102.01,0.01,4,40803,中性盘
11:10:52,102.04,0.03,4,43765,中性盘
11:10:55,102.05,0.01,5,48058,买盘
11:10:57,102.0,-0.05,2,20402,卖盘
11:11:01,102.0,0.0,4,40800,买盘
11:11:04,101.99,-0.01,2,20398,卖盘
11:11:07,102.0,0.01,17,173387,买盘
11:11:09,101.99,-0.01,14,141761,卖盘
11:11:13,101.95,-0.04,3,30585,卖盘
11:11:22,101.95,0.0,4,41393,卖盘
11:11:24,101.98,0.03,8,81569,买盘
11:11:28,101.98,0.0,3,29982,卖盘
11:11:37,101.96,-0.02,1,10196,卖盘
11:11:39,101.94,-0.02,10,103483,卖盘
11:11:46,101.94,0.0,12,122329,卖盘
11:11:49,101.92,-0.02,8,82773,卖盘
11:11:52,101.92,0.0,24,244609,卖盘
11:11:55,101.95,0.03,3,32415,买盘
11:11:58,101.95,0.0,1,10195,卖盘
11:12:01,101.92,-0.03,3,30579,卖盘
11:12:04,101.91,-0.01,2,20382,卖盘
11:12:07,101.9,-0.01,14,142666,卖盘
11:12:10,101.92,0.02,4,40767,买盘
11:12:13,101.9,-0.02,6,61149,卖盘
11:12:22,101.92,0.02,1,10192,中性盘
11:12:25,101.92,0.0,3,30575,买盘
11:12:31,101.91,-0.01,1,11924,卖盘
11:12:34,101.91,0.0,1,8459,买盘
11:12:37,101.91,0.0,1,10191,买盘
11:12:40,101.9,-0.01,67,682733,卖盘
11:12:43,101.86,-0.04,13,132427,卖盘
11:12:45,101.87,0.01,1,10187,中性盘
11:12:49,101.87,0.0,10,101870,中性盘
11:12:55,101.87,0.0,4,40748,买盘
11:12:58,101.87,0.0,2,20374,买盘
11:13:01,101.87,0.0,6,63767,买盘
11:13:07,101.87,0.0,1,10187,买盘
11:13:10,101.85,-0.02,7,71817,买盘
11:13:18,101.85,0.0,4,40740,卖盘
11:13:22,101.86,0.01,3,31273,中性盘
11:13:25,101.87,0.01,5,50934,买盘
11:13:31,101.87,0.0,2,20374,买盘
11:13:34,101.87,0.0,1,10187,买盘
11:13:40,101.87,0.0,8,81491,买盘
11:13:52,101.87,0.0,20,203740,买盘
11:13:55,101.87,0.0,4,40748,买盘
11:13:58,101.85,-0.02,4,32495,卖盘
11:14:04,101.87,0.02,13,132431,买盘
11:14:07,101.87,0.0,4,40748,买盘
11:14:10,101.85,-0.02,4,41562,卖盘
11:14:13,101.87,0.02,1,10187,买盘
11:14:19,101.85,-0.02,12,125787,卖盘
11:14:22,101.84,-0.01,6,62127,卖盘
11:14:25,101.85,0.01,10,101850,买盘
11:14:28,101.85,0.0,5,50931,卖盘
11:14:31,101.85,0.0,32,325920,买盘
11:14:34,101.85,0.0,4,40739,买盘
11:14:40,101.85,0.0,2,20370,买盘
11:14:43,101.85,0.0,24,244398,买盘
11:14:46,101.82,-0.03,3,32385,中性盘
11:14:49,101.85,0.03,3,30555,买盘
11:14:52,101.85,0.0,3,30555,买盘
11:14:55,101.85,0.0,4,40740,买盘
11:14:58,101.81,-0.04,11,112947,卖盘
11:15:01,101.85,0.04,3,30555,买盘
11:15:04,101.85,0.0,1,10185,买盘
11:15:07,101.85,0.0,1,10185,买盘
11:15:10,101.85,0.0,5,51427,买盘
11:15:19,101.82,-0.03,2,10895,卖盘
11:15:25,101.85,0.03,8,81480,买盘
11:15:28,101.85,0.0,4,41145,买盘
11:15:31,101.85,0.0,1,10185,买盘
11:15:37,101.85,0.0,4,42267,买盘
11:15:39,101.85,0.0,4,40740,买盘
11:15:43,101.85,0.0,7,71295,买盘
11:15:46,101.85,0.0,4,40740,买盘
11:15:49,101.84,-0.01,6,61106,卖盘
11:15:51,101.85,0.01,6,61110,买盘
11:15:55,101.98,0.13,3,30594,买盘
11:15:57,101.85,-0.13,10,101850,卖盘
11:16:01,101.85,0.0,4,40740,买盘
11:16:04,101.85,0.0,2,20370,买盘
11:16:07,101.84,-0.01,1,13036,卖盘
11:16:10,101.85,0.01,9,91665,买盘
11:16:16,101.84,-0.01,2,21693,卖盘
11:16:18,101.84,0.0,19,193513,卖盘
11:16:22,101.84,0.0,11,112024,卖盘
11:16:24,101.84,0.0,6,62026,卖盘
11:16:31,101.85,0.01,3,30555,买盘
11:16:34,101.84,-0.01,4,40736,卖盘
11:16:37,101.85,0.01,2,20980,买盘
11:16:40,101.85,0.0,43,437947,买盘
11:16:42,101.84,-0.01,13,132394,卖盘
11:16:46,101.85,0.01,8,82695,买盘
11:16:49,101.85,0.0,1,10185,买盘
11:16:52,101.84,-0.01,11,112024,卖盘
11:16:55,101.84,0.0,11,112948,卖盘
11:16:58,101.85,0.01,62,631468,买盘
11:17:00,101.85,0.0,3,30555,买盘
11:17:04,101.85,0.0,6,61108,买盘
11:17:07,101.84,-0.01,5,50921,卖盘
11:17:10,101.85,0.01,8,81479,买盘
11:17:15,101.84,-0.01,1,10184,卖盘
11:17:22,101.85,0.01,4,40740,买盘
11:17:25,101.84,-0.01,8,74960,卖盘
11:17:28,101.85,0.01,2,20369,买盘
11:17:31,101.85,0.0,7,71295,买盘
11:17:33,101.84,-0.01,5,50920,卖盘
11:17:37,101.85,0.01,4,41552,买盘
11:17:40,101.85,0.0,10,101850,买盘
11:17:42,101.85,0.0,1,10185,买盘
11:17:46,101.87,0.02,3,30559,买盘
11:17:51,101.87,0.0,1,10187,买盘
11:17:55,101.87,0.0,1,10187,买盘
11:17:58,101.95,0.08,1,10195,买盘
11:18:04,101.87,-0.08,2,20375,卖盘
11:18:07,101.87,0.0,13,132438,卖盘
11:18:10,101.87,0.0,16,162983,卖盘
11:18:13,101.84,-0.03,11,112034,卖盘
11:18:16,101.85,0.01,33,335968,买盘
11:18:18,101.83,-0.02,6,61100,卖盘
11:18:22,101.84,0.01,4,40734,中性盘
11:18:24,101.85,0.01,7,67218,买盘
11:18:27,101.85,0.0,4,40738,买盘
11:18:31,101.85,0.0,21,218355,买盘
11:18:34,101.84,-0.01,2,20368,中性盘
11:18:37,101.82,-0.02,28,290193,卖盘
11:18:40,101.81,-0.01,16,162910,卖盘
11:18:43,101.82,0.01,4,40728,买盘
11:18:46,101.82,0.0,5,50910,买盘
11:18:49,101.81,-0.01,8,81448,卖盘
11:18:52,101.82,0.01,1,10182,买盘
11:18:55,101.82,0.0,4,40728,买盘
11:18:58,101.82,0.0,2,20364,买盘
11:19:01,101.81,-0.01,7,68419,卖盘
11:19:04,101.82,0.01,1,10182,买盘
11:19:10,101.82,0.0,7,73307,买盘
11:19:13,101.82,0.0,1,10182,买盘
11:19:16,101.81,-0.01,4,40726,卖盘
11:19:19,101.82,0.01,2,21279,买盘
11:19:21,101.82,0.0,1,10182,买盘
11:19:25,101.82,0.0,5,50910,买盘
11:19:28,101.81,-0.01,3,30137,卖盘
11:19:36,101.81,0.0,2,11097,卖盘
11:19:40,101.82,0.01,14,142538,买盘
11:19:42,101.82,0.0,1,10182,买盘
11:19:45,101.81,-0.01,3,31459,卖盘
11:19:49,101.81,0.0,3,30543,卖盘
11:19:52,101.82,0.01,1,10182,买盘
11:19:55,101.82,0.0,12,122990,买盘
11:19:58,101.82,0.0,6,61598,买盘
11:20:04,101.8,-0.02,38,386842,卖盘
11:20:10,101.82,0.02,12,122170,买盘
11:20:13,101.8,-0.02,1,11301,卖盘
11:20:16,101.81,0.01,2,20361,买盘
11:20:18,101.8,-0.01,18,183246,卖盘
11:20:22,101.8,0.0,6,61082,卖盘
11:20:25,101.81,0.01,7,71875,买盘
11:20:28,101.8,-0.01,8,81440,卖盘
11:20:31,101.81,0.01,21,213801,买盘
11:20:33,101.81,0.0,2,20362,买盘
11:20:37,101.81,0.0,3,30543,买盘
11:20:40,101.8,-0.01,8,81447,卖盘
11:20:43,101.8,0.0,25,256861,卖盘
11:20:46,101.81,0.01,1,10181,买盘
11:20:55,101.81,0.0,9,92646,买盘
11:20:58,101.8,-0.01,25,254500,卖盘
11:21:00,101.81,0.01,9,91628,买盘
11:21:05,101.8,-0.01,8,82359,卖盘
11:21:07,101.8,0.0,2,20360,卖盘
11:21:10,101.8,0.0,12,122169,卖盘
11:21:13,101.8,0.0,10,102522,卖盘
11:21:16,101.8,0.0,6,61081,卖盘
11:21:21,101.8,0.0,6,61080,卖盘
11:21:24,101.81,0.01,5,51311,买盘
11:21:28,101.81,0.0,2,20362,买盘
11:21:31,101.81,0.0,2,20362,买盘
11:21:33,101.8,-0.01,7,62205,卖盘
11:21:37,101.81,0.01,2,20361,买盘
11:21:40,101.81,0.0,5,50905,买盘
11:21:43,101.8,-0.01,1,10994,卖盘
11:21:46,101.81,0.01,6,61085,买盘
11:21:49,101.81,0.0,1,10181,买盘
11:21:52,101.8,-0.01,5,50900,卖盘
11:21:55,101.81,0.01,4,40724,买盘
11:21:58,101.8,-0.01,32,325760,卖盘
11:22:01,101.79,-0.01,58,590436,卖盘
11:22:04,101.8,0.01,7,72678,买盘
11:22:07,101.76,-0.04,20,203558,卖盘
11:22:10,101.79,0.03,5,50892,买盘
11:22:13,101.78,-0.01,3,30533,买盘
11:22:16,101.76,-0.02,4,41724,卖盘
11:22:19,101.76,0.0,2,20353,卖盘
11:22:22,101.78,0.02,1,10178,买盘
11:22:25,101.76,-0.02,56,573446,卖盘
11:22:27,101.76,0.0,20,199941,买盘
11:22:31,101.8,0.04,3,30536,中性盘
11:22:34,101.76,-0.04,11,111954,卖盘
11:22:37,101.75,-0.01,1,10685,卖盘
11:22:40,101.78,0.03,8,81410,买盘
11:22:43,101.76,-0.02,6,61059,卖盘
11:22:45,101.78,0.02,1,10178,中性盘
11:22:49,101.79,0.01,2,20358,买盘
11:22:52,101.76,-0.03,3,30529,卖盘
11:22:55,101.76,0.0,6,63508,卖盘
11:23:01,101.77,0.01,1,10177,中性盘
11:23:04,101.76,-0.01,7,71233,卖盘
11:23:07,101.76,0.0,1,11398,卖盘
11:23:10,101.78,0.02,4,40712,买盘
11:23:12,101.78,0.0,1,10178,买盘
11:23:19,101.78,0.0,13,133329,买盘
11:23:22,101.77,-0.01,33,337029,卖盘
11:23:25,101.77,0.0,7,71245,中性盘
11:23:28,101.78,0.01,6,61068,买盘
11:23:31,101.78,0.0,3,30530,买盘
11:23:37,101.77,-0.01,5,50885,卖盘
11:23:39,101.77,0.0,4,40708,买盘
11:23:43,101.77,0.0,2,20354,买盘
11:23:46,101.74,-0.03,103,1041599,卖盘
11:23:49,101.74,0.0,10,101740,买盘
11:23:52,101.74,0.0,3,32047,买盘
11:23:55,101.74,0.0,5,50870,买盘
11:23:58,101.74,0.0,5,47106,买盘
11:24:01,101.73,-0.01,10,101738,卖盘
11:24:05,101.75,0.02,2,20351,卖盘
11:24:07,101.77,0.02,3,30530,买盘
11:24:09,101.77,0.0,14,142470,买盘
11:24:13,101.76,-0.01,3,30530,中性盘
11:24:16,101.77,0.01,5,50885,买盘
11:24:19,101.77,0.0,2,20354,买盘
11:24:22,101.77,0.0,81,824337,买盘
11:24:25,101.77,0.0,8,81425,卖盘
11:24:27,101.77,0.0,1,10177,买盘
11:24:33,101.77,0.0,3,30531,买盘
11:24:37,101.77,0.0,3,31548,买盘
11:24:40,101.77,0.0,6,61062,买盘
11:24:43,101.76,-0.01,1,10176,卖盘
11:24:49,101.76,0.0,2,20352,买盘
11:24:52,101.76,0.0,2,20352,买盘
11:24:55,101.75,-0.01,6,66956,卖盘
11:24:57,101.77,0.02,2,20353,买盘
11:25:01,101.76,-0.01,16,162825,卖盘
11:25:04,101.76,0.0,9,91584,买盘
11:25:07,101.76,0.0,3,30528,买盘
11:25:10,101.77,0.01,17,172994,买盘
11:25:13,101.76,-0.01,61,620736,卖盘
11:25:16,101.76,0.0,18,183168,买盘
11:25:22,101.78,0.02,1,10178,卖盘
11:25:25,101.81,0.03,11,111985,买盘
11:25:30,101.78,-0.03,2,20356,卖盘
11:25:34,101.78,0.0,1,9466,卖盘
11:25:37,101.81,0.03,3,30543,买盘
11:25:40,101.82,0.01,12,117092,买盘
11:25:42,101.81,-0.01,9,96722,卖盘
11:25:46,101.81,0.0,6,61086,买盘
11:25:51,101.81,0.0,1,10181,买盘
11:25:55,101.81,0.0,6,55996,买盘
11:25:58,101.81,0.0,28,285068,卖盘
11:26:01,101.81,0.0,1,10181,卖盘
11:26:04,101.81,0.0,2,20366,卖盘
11:26:07,101.81,0.0,1,12523,卖盘
11:26:09,101.85,0.04,1,10185,买盘
11:26:16,101.86,0.01,19,193534,买盘
11:26:22,101.87,0.01,2,20374,买盘
11:26:25,101.88,0.01,1,10188,买盘
11:26:28,101.88,0.0,6,61126,买盘
11:26:31,101.91,0.03,1,10191,中性盘
11:26:40,101.94,0.03,5,50966,买盘
11:26:43,101.94,0.0,2,20388,买盘
11:26:45,101.94,0.0,4,40776,买盘
11:26:55,101.94,0.0,3,30582,卖盘
11:26:57,101.94,0.0,6,61169,卖盘
11:27:01,101.95,0.01,1,10195,买盘
11:27:07,101.94,-0.01,1,10194,卖盘
11:27:10,101.95,0.01,4,40780,买盘
11:27:13,101.95,0.0,4,38433,买盘
11:27:22,101.94,-0.01,1,10704,卖盘
11:27:25,101.95,0.01,1,10195,买盘
11:27:28,101.94,-0.01,25,256689,卖盘
11:27:34,101.93,-0.01,1,10907,卖盘
11:27:37,101.9,-0.03,5,53108,卖盘
11:27:40,101.94,0.04,4,40776,买盘
11:27:54,101.94,0.0,7,71353,买盘
11:28:01,101.94,0.0,3,29663,买盘
11:28:07,101.92,0.01,1,8663,买盘
11:28:10,101.94,0.02,5,50970,买盘
11:28:22,101.94,0.0,7,71357,买盘
11:28:25,101.94,0.0,8,77166,买盘
11:28:27,101.94,0.0,3,30582,买盘
11:28:31,101.93,-0.01,3,30579,卖盘
11:28:40,101.93,0.0,4,37819,卖盘
11:28:45,101.92,-0.01,2,20386,卖盘
11:28:49,101.94,0.02,2,25584,买盘
11:28:55,101.93,-0.01,10,101930,买盘
11:29:00,101.91,-0.02,1,10191,中性盘
11:29:04,101.94,0.03,2,20387,买盘
11:29:07,101.9,-0.04,3,30570,卖盘
11:29:10,101.93,0.03,3,30573,买盘
11:29:13,101.93,0.0,1,10193,卖盘
11:29:16,101.93,0.0,1,10193,卖盘
11:29:24,101.94,0.01,4,40776,买盘
11:29:31,101.94,0.0,1,10194,买盘
11:29:40,101.94,0.0,5,50969,买盘
11:29:43,101.94,0.0,2,18654,买盘
11:29:52,101.93,-0.01,4,40776,卖盘
11:29:54,101.95,0.02,3,30585,买盘
11:29:58,101.95,0.0,3,30581,买盘
13:00:01,101.95,0.05,13,132535,买盘
13:00:04,101.95,0.0,83,846155,卖盘
13:00:07,101.91,-0.04,38,387420,卖盘
13:00:10,101.93,0.02,16,162558,中性盘
13:00:13,101.92,-0.01,34,346489,卖盘
13:00:16,101.9,-0.02,4,38314,卖盘
13:00:22,101.91,0.01,5,52383,卖盘
13:00:25,101.91,0.0,3,29147,卖盘
13:00:28,101.88,-0.03,19,192988,卖盘
13:00:31,101.9,0.02,20,199385,中性盘
13:00:34,101.9,0.0,4,40760,买盘
13:00:36,101.9,0.0,4,41575,买盘
13:00:40,101.82,-0.08,33,336946,卖盘
13:00:43,101.82,0.0,1,10182,买盘
13:00:46,101.82,0.0,1,10182,买盘
13:00:49,101.81,-0.01,1,14050,卖盘
13:00:52,101.82,0.01,4,37366,买盘
13:00:58,101.82,0.0,2,20364,买盘
13:01:01,101.81,-0.01,12,126245,卖盘
13:01:04,101.81,0.0,15,148134,卖盘
13:01:07,101.81,0.0,121,1231798,买盘
13:01:10,101.8,-0.01,10,101800,卖盘
13:01:12,101.78,-0.02,10,108818,卖盘
13:01:16,101.78,0.0,4,32472,卖盘
13:01:19,101.78,0.0,12,122138,卖盘
13:01:21,101.78,0.0,1,10687,卖盘
13:01:24,101.77,-0.01,3,31957,卖盘
13:01:28,101.77,0.0,10,101770,卖盘
13:01:31,101.77,0.0,12,122116,卖盘
13:01:33,101.75,-0.02,32,326439,卖盘
13:01:37,101.75,0.0,4,40703,卖盘
13:01:40,101.75,0.0,5,50875,卖盘
13:01:43,101.75,0.0,7,71225,卖盘
13:01:46,101.74,-0.01,3,31946,卖盘
13:01:49,101.75,0.01,21,213657,买盘
13:01:52,101.74,-0.01,6,55346,买盘
13:01:54,101.75,0.01,101,1027657,买盘
13:02:01,101.75,0.0,3,30525,卖盘
13:02:04,101.75,0.0,2,20350,买盘
13:02:07,101.75,0.0,10,101755,买盘
13:02:13,101.75,0.0,5,50875,买盘
13:02:16,101.75,0.0,11,111924,买盘
13:02:18,101.72,-0.03,41,419142,卖盘
13:02:25,101.72,0.0,2,20344,卖盘
13:02:28,101.72,0.0,3,31535,卖盘
13:02:31,101.73,0.01,19,199899,买盘
13:02:37,101.74,0.01,3,30520,买盘
13:02:40,101.73,-0.01,1,9461,卖盘
13:02:43,101.73,0.0,7,71211,卖盘
13:02:45,101.73,0.0,4,34792,卖盘
13:02:49,101.73,0.0,12,122074,卖盘
13:02:51,101.73,0.0,2,20346,买盘
13:03:01,101.73,0.0,33,335679,买盘
13:03:04,101.72,-0.01,1,15055,卖盘
13:03:07,101.72,0.0,8,73645,卖盘
13:03:10,101.72,0.0,4,40688,买盘
13:03:13,101.72,0.0,3,30516,买盘
13:03:16,101.71,-0.01,14,143309,卖盘
13:03:18,101.72,0.01,7,71198,买盘
13:03:22,101.72,0.0,1,10172,买盘
13:03:27,101.72,0.0,12,122064,买盘
13:03:31,101.72,0.0,8,81369,买盘
13:03:34,101.72,0.0,3,30516,买盘
13:03:37,101.72,0.0,5,50858,卖盘
13:03:39,101.72,0.0,1,10172,卖盘
13:03:43,101.7,-0.02,88,895104,卖盘
13:03:46,101.7,0.0,45,457659,卖盘
13:03:52,101.72,0.02,3,30516,买盘
13:03:54,101.71,-0.01,9,95404,卖盘
13:03:57,101.7,-0.01,5,51765,卖盘
13:04:01,101.72,0.02,2,20344,买盘
13:04:04,101.7,-0.02,9,91536,卖盘
13:04:10,101.71,0.01,19,193249,卖盘
13:04:13,101.71,0.0,27,274611,买盘
13:04:16,101.71,0.0,12,122042,买盘
13:04:18,101.71,0.0,1,10171,买盘
13:04:22,101.7,-0.01,8,83297,卖盘
13:04:25,101.71,0.01,2,20342,买盘
13:04:28,101.7,-0.01,6,61022,卖盘
13:04:31,101.7,0.0,11,113507,卖盘
13:04:33,101.7,0.0,7,71191,卖盘
13:04:37,101.7,0.0,9,91532,卖盘
13:04:40,101.71,0.01,6,61021,买盘
13:04:42,101.7,-0.01,32,316592,卖盘
13:04:46,101.7,0.0,18,183060,卖盘
13:04:49,101.7,0.0,4,40682,卖盘
13:04:52,101.7,0.0,6,63157,卖盘
13:04:54,101.7,0.0,1,10170,卖盘
13:05:01,101.7,0.0,1,10678,卖盘
13:05:04,101.71,0.01,1,10171,买盘
13:05:07,101.71,0.0,1,10171,买盘
13:05:10,101.7,-0.01,5,51765,卖盘
13:05:13,101.71,0.01,28,284763,买盘
13:05:18,101.7,-0.01,1,12407,卖盘
13:05:22,101.71,0.01,1,10171,买盘
13:05:25,101.71,0.0,3,30512,买盘
13:05:28,101.7,-0.01,1,11085,卖盘
13:05:31,101.71,0.01,5,50854,买盘
13:05:34,101.7,-0.01,6,61025,卖盘
13:05:36,101.7,0.0,4,41700,卖盘
13:05:40,101.71,0.01,10,101710,买盘
13:05:43,101.71,0.0,1,10171,买盘
13:05:46,101.71,0.0,1,10171,买盘
13:05:48,101.71,0.0,12,114015,买盘
13:05:52,101.71,0.0,2,20342,买盘
13:05:57,101.71,0.0,6,62042,买盘
13:06:01,101.71,0.0,9,91537,买盘
13:06:04,101.71,0.0,1,10171,买盘
13:06:07,101.71,0.0,10,101710,买盘
13:06:10,101.71,0.0,46,467866,买盘
13:06:19,101.71,0.0,44,447525,卖盘
13:06:22,101.71,0.0,11,111881,买盘
13:06:28,101.77,0.06,2,20354,买盘
13:06:31,101.72,-0.05,1,10172,卖盘
13:06:33,101.72,0.0,1,12720,卖盘
13:06:36,101.72,0.0,1,10785,买盘
13:06:40,101.72,0.0,3,27363,卖盘
13:06:43,101.72,0.0,1,10172,买盘
13:06:46,101.71,-0.01,3,31123,卖盘
13:06:49,101.71,0.0,8,81369,卖盘
13:06:52,101.72,0.01,1,10172,买盘
13:06:55,101.72,0.0,14,142408,买盘
13:06:58,101.71,-0.01,1,10781,卖盘
13:07:01,101.7,-0.01,52,534353,卖盘
13:07:07,101.7,0.0,1,10984,卖盘
13:07:09,101.72,0.02,2,20344,买盘
13:07:13,101.72,0.0,2,20344,买盘
13:07:19,101.7,-0.02,24,239300,卖盘
13:07:22,101.7,0.0,3,30510,买盘
13:07:28,101.69,-0.01,14,144208,卖盘
13:07:31,101.7,0.01,4,40679,买盘
13:07:34,101.7,0.0,6,61020,买盘
13:07:36,101.69,-0.01,2,21965,卖盘
13:07:40,101.69,0.0,2,20338,卖盘
13:07:46,101.69,0.0,1,11186,卖盘
13:07:49,101.7,0.01,2,20339,买盘
13:07:52,101.7,0.0,2,20340,买盘
13:07:55,101.7,0.0,5,50850,买盘
13:07:57,101.69,-0.01,1,10983,卖盘
13:08:00,101.7,0.01,1,10170,买盘
13:08:04,101.7,0.0,6,61015,买盘
13:08:07,101.7,0.0,3,20847,买盘
13:08:10,101.69,-0.01,31,315239,卖盘
13:08:13,101.7,0.01,5,55730,买盘
13:08:16,101.7,0.0,2,20340,买盘
13:08:19,101.69,-0.01,8,82882,卖盘
13:08:25,101.69,0.0,4,40676,买盘
13:08:28,101.69,0.0,1,10169,买盘
13:08:31,101.69,0.0,5,50844,买盘
13:08:34,101.69,0.0,5,50845,买盘
13:08:36,101.68,-0.01,2,19319,卖盘
13:08:42,101.69,0.01,1,10169,买盘
13:08:46,101.68,-0.01,56,570173,卖盘
13:08:49,101.69,0.01,4,40676,买盘
13:08:52,101.69,0.0,10,101688,买盘
13:08:55,101.68,-0.01,9,92943,卖盘
13:08:58,101.69,0.01,1,10169,买盘
13:09:01,101.69,0.0,58,589801,买盘
13:09:04,101.68,-0.01,16,162702,卖盘
13:09:07,101.69,0.01,3,30507,买盘
13:09:10,101.69,0.0,1,10169,买盘
13:09:12,101.69,0.0,2,20337,买盘
13:09:16,101.68,-0.01,2,20336,卖盘
13:09:18,101.69,0.01,1,10169,买盘
13:09:22,101.69,0.0,1,10169,买盘
13:09:25,101.68,-0.01,21,206326,卖盘
13:09:28,101.69,0.01,2,20338,买盘
13:09:30,101.68,-0.01,13,132187,卖盘
13:09:34,101.68,0.0,5,51759,卖盘
13:09:37,101.69,0.01,5,50845,买盘
13:09:40,101.69,0.0,1,10169,买盘
13:09:43,101.69,0.0,2,20338,买盘
13:09:46,101.69,0.0,13,132704,买盘
13:09:48,101.69,0.0,3,30506,买盘
13:09:52,101.69,0.0,46,466249,买盘
13:09:58,101.7,0.01,1,10170,买盘
13:10:04,101.7,0.0,27,274590,买盘
13:10:07,101.7,0.0,22,223740,买盘
13:10:10,101.7,0.0,28,284758,买盘
13:10:13,101.69,-0.01,31,318295,卖盘
13:10:16,101.69,0.0,3,30508,卖盘
13:10:19,101.7,0.01,2,20340,买盘
13:10:22,101.69,-0.01,3,31119,卖盘
13:10:27,101.7,0.01,6,61017,买盘
13:10:31,101.69,-0.01,3,31119,卖盘
13:10:34,101.7,0.01,1,10170,买盘
13:10:40,101.69,-0.01,5,51459,卖盘
13:10:43,101.7,0.01,22,223730,买盘
13:10:46,101.7,0.0,6,61020,买盘
13:10:49,101.69,-0.01,8,81354,卖盘
13:10:52,101.69,0.0,4,42506,卖盘
13:10:55,101.7,0.01,3,30510,买盘
13:10:58,101.7,0.0,2,20340,买盘
13:11:01,101.69,-0.01,8,81969,卖盘
13:11:07,101.69,0.0,12,122030,卖盘
13:11:10,101.68,-0.01,73,742839,卖盘
13:11:13,101.7,0.02,2,20340,买盘
13:11:19,101.7,0.0,91,925470,买盘
13:11:25,101.7,0.0,3,30510,买盘
13:11:28,101.7,0.0,6,61015,买盘
13:11:31,101.7,0.0,2,20340,买盘
13:11:34,101.7,0.0,1,10170,买盘
13:11:37,101.67,-0.03,226,2293650,卖盘
13:11:40,101.66,-0.01,23,233825,卖盘
13:11:43,101.65,-0.01,12,119653,卖盘
13:11:45,101.65,0.0,6,62518,卖盘
13:11:48,101.65,0.0,1,10165,卖盘
13:11:52,101.66,0.01,16,162643,买盘
13:11:55,101.65,-0.01,11,112223,卖盘
13:11:58,101.65,0.0,27,274457,卖盘
13:12:01,101.65,0.0,1,10165,卖盘
13:12:04,101.65,0.0,5,50825,卖盘
13:12:07,101.65,0.0,1,10775,卖盘
13:12:13,101.66,0.01,2,20332,买盘
13:12:16,101.66,0.0,1,10166,买盘
13:12:18,101.66,0.0,3,30498,买盘
13:12:22,101.66,0.0,11,111826,买盘
13:12:25,101.65,-0.01,2,20331,卖盘
13:12:28,101.66,0.01,6,60996,买盘
13:12:31,101.65,-0.01,11,108564,卖盘
13:12:34,101.66,0.01,1,10166,买盘
13:12:37,101.65,-0.01,6,62825,卖盘
13:12:40,101.66,0.01,1,10166,买盘
13:12:43,101.66,0.0,30,304964,买盘
13:12:46,101.66,0.0,7,71162,买盘
13:12:49,101.65,-0.01,1,10978,卖盘
13:12:52,101.66,0.01,4,40663,买盘
13:12:55,101.66,0.0,2,20331,买盘
13:12:57,101.65,-0.01,1,10673,卖盘
13:13:01,101.66,0.01,1,10166,买盘
13:13:04,101.65,-0.01,3,30496,卖盘
13:13:07,101.66,0.01,88,894608,买盘
13:13:10,101.66,0.0,5,50830,买盘
13:13:13,101.67,0.01,4,43003,买盘
13:13:19,101.67,0.0,3,30501,买盘
13:13:28,101.67,0.0,2,22976,买盘
13:13:31,101.67,0.0,3,30500,买盘
13:13:34,101.66,-0.01,43,436161,卖盘
13:13:39,101.7,0.04,4,40677,买盘
13:13:43,101.67,-0.03,4,40668,卖盘
13:13:45,101.7,0.03,1,10170,买盘
13:13:49,101.69,-0.01,1,10169,卖盘
13:13:52,101.7,0.01,2,20340,买盘
13:13:55,101.7,0.0,119,1204842,买盘
13:13:58,101.7,0.0,20,203436,卖盘
13:14:01,101.72,0.02,22,223744,买盘
13:14:04,101.72,0.0,2,20344,买盘
13:14:07,101.7,-0.02,2,20340,卖盘
13:14:10,101.67,-0.03,13,137595,卖盘
13:14:13,101.69,0.02,1,10169,买盘
13:14:16,101.69,0.0,1,10169,买盘
13:14:24,101.69,0.0,6,61014,买盘
13:14:28,101.69,0.0,41,414180,买盘
13:14:31,101.69,0.0,1,10169,买盘
13:14:34,101.69,0.0,4,40676,买盘
13:14:37,101.69,0.0,2,20338,买盘
13:14:40,101.67,-0.02,60,612817,卖盘
13:14:43,101.67,0.0,12,119265,买盘
13:14:46,101.66,-0.01,1,8235,买盘
13:14:48,101.69,0.03,4,44133,买盘
13:14:52,101.68,-0.01,1,10168,买盘
13:14:55,101.67,-0.01,12,123116,卖盘
13:14:58,101.67,0.0,1,10167,卖盘
13:15:01,101.68,0.01,2,20336,买盘
13:15:05,101.69,0.01,3,30507,买盘
13:15:07,101.69,0.0,7,71183,买盘
13:15:10,101.69,0.0,4,40676,买盘
13:15:13,101.69,0.0,5,45455,买盘
13:15:15,101.72,0.03,5,50847,买盘
13:15:19,101.72,0.0,8,81376,买盘
13:15:22,101.71,-0.01,1,10171,买盘
13:15:25,101.71,0.0,1,10171,中性盘
13:15:27,101.69,-0.02,1,11492,卖盘
13:15:31,101.71,0.02,9,91533,买盘
13:15:34,101.71,0.0,2,20342,买盘
13:15:37,101.69,-0.02,2,20339,卖盘
13:15:40,101.71,0.02,28,285296,买盘
13:15:46,101.71,0.0,1,10171,卖盘
13:15:49,101.71,0.0,3,30513,卖盘
13:15:55,101.72,0.01,3,30516,买盘
13:15:58,101.71,-0.01,7,71202,卖盘
13:16:01,101.72,0.01,7,72117,买盘
13:16:05,101.72,0.0,7,71204,买盘
13:16:07,101.72,0.0,2,20344,买盘
13:16:10,101.71,-0.01,2,20852,卖盘
13:16:12,101.72,0.01,6,61032,买盘
13:16:16,101.72,0.0,31,315332,买盘
13:16:18,101.72,0.0,4,40688,卖盘
13:16:22,101.72,0.0,2,20344,卖盘
13:16:25,101.77,0.05,5,50875,买盘
13:16:27,101.72,-0.05,5,50870,卖盘
13:16:34,101.73,0.01,27,274775,中性盘
13:16:37,101.77,0.04,2,20354,买盘
13:16:40,101.72,-0.05,1,12003,卖盘
13:16:43,101.72,0.0,32,323682,卖盘
13:16:45,101.72,0.0,9,91548,买盘
13:16:49,101.72,0.0,11,111891,买盘
13:16:52,101.7,-0.02,105,1067073,卖盘
13:16:55,101.69,-0.01,19,193227,卖盘
13:16:58,101.7,0.01,3,30510,买盘
13:17:01,101.7,0.0,6,61731,买盘
13:17:04,101.72,0.02,14,143806,买盘
13:17:10,101.72,0.0,2,20344,买盘
13:17:13,101.72,0.0,36,366192,买盘
13:17:15,101.72,0.0,3,30516,买盘
13:17:19,101.72,0.0,7,71204,买盘
13:17:22,101.72,0.0,3,32040,买盘
13:17:25,101.7,-0.02,7,71192,卖盘
13:17:28,101.72,0.02,7,71204,买盘
13:17:34,101.72,0.0,3,31429,买盘
13:17:37,101.72,0.0,2,20344,买盘
13:17:40,101.72,0.0,24,244128,买盘
13:17:43,101.72,0.0,24,244109,买盘
13:17:49,101.77,0.05,2,20352,买盘
13:17:52,101.77,0.0,3,30531,买盘
13:17:54,101.77,0.0,1,10177,买盘
13:17:58,101.77,0.0,3,30531,买盘
13:18:01,101.77,0.0,2,20354,买盘
13:18:04,101.72,-0.05,41,409821,卖盘
13:18:13,101.73,0.01,6,64517,卖盘
13:18:16,101.77,0.04,1,10177,买盘
13:18:19,101.73,-0.04,2,20347,卖盘
13:18:22,101.73,0.0,24,244908,卖盘
13:18:28,101.74,0.01,1,10174,中性盘
13:18:31,101.73,-0.01,1,10987,卖盘
13:18:33,101.74,0.01,5,50873,中性盘
13:18:37,101.75,0.01,15,152615,买盘
13:18:43,101.74,-0.01,1,10174,买盘
13:18:46,101.74,0.0,1,12921,中性盘
13:18:55,101.76,0.02,22,223872,买盘
13:18:58,101.75,-0.01,6,61053,卖盘
13:19:01,101.76,0.01,2,20352,买盘
13:19:04,101.76,0.0,1,10176,买盘
13:19:07,101.76,0.0,2,20352,买盘
13:19:09,101.76,0.0,39,396864,买盘
13:19:13,101.76,0.0,10,101753,买盘
13:19:16,101.75,-0.01,11,105722,卖盘
13:19:19,101.75,0.0,7,71228,卖盘
13:19:22,101.76,0.01,7,71232,买盘
13:19:25,101.76,0.0,3,30526,买盘
13:19:28,101.75,-0.01,12,122102,卖盘
13:19:33,101.75,0.0,9,91582,卖盘
13:19:46,101.76,0.01,5,50882,卖盘
13:19:52,101.77,0.01,4,40708,买盘
13:20:05,101.78,0.01,5,49465,买盘
13:20:07,101.9,0.12,9,91630,买盘
13:20:10,101.8,-0.1,3,30550,卖盘
13:20:13,101.96,0.16,6,61180,买盘
13:20:16,101.9,-0.06,17,173338,卖盘
13:20:19,101.96,0.06,30,305928,卖盘
13:20:22,101.96,0.0,17,173332,买盘
13:20:25,101.96,0.0,14,142744,买盘
13:20:28,101.9,-0.06,13,133765,卖盘
13:20:34,101.96,0.06,4,40774,买盘
13:20:37,101.91,-0.05,1,11822,卖盘
13:20:40,101.95,0.04,1,10195,买盘
13:20:45,101.91,-0.04,1,11414,卖盘
13:20:49,101.95,0.04,1,10195,买盘
13:20:52,101.95,0.0,11,112854,买盘
13:20:55,101.91,-0.04,15,149323,卖盘
13:21:07,101.95,0.04,9,95290,买盘
13:21:13,101.95,0.0,2,20390,中性盘
13:21:16,101.91,-0.04,3,30577,卖盘
13:21:19,101.95,0.04,3,30585,买盘
13:21:22,101.91,-0.04,1,10191,卖盘
13:21:25,101.95,0.04,5,50975,买盘
13:21:28,101.91,-0.04,7,65752,卖盘
13:21:33,101.95,0.04,1,10195,买盘
13:21:37,101.91,-0.04,1,11109,卖盘
13:21:40,101.92,0.01,6,61161,中性盘
13:21:43,101.92,0.0,2,20384,卖盘
13:21:46,101.92,0.0,1,12740,卖盘
13:21:49,101.91,-0.01,6,61149,卖盘
13:21:52,101.93,0.02,4,40772,买盘
13:21:55,101.92,-0.01,7,72260,中性盘
13:21:57,101.92,0.0,3,30576,买盘
13:22:01,101.93,0.01,3,30579,买盘
13:22:05,101.93,0.0,2,20386,买盘
13:22:07,101.93,0.0,4,40769,买盘
13:22:13,101.92,-0.01,16,163069,卖盘
13:22:16,101.9,-0.02,53,540120,卖盘
13:22:19,101.92,0.02,8,81536,买盘
13:22:21,101.92,0.0,10,101920,买盘
13:22:25,101.89,-0.03,43,442041,卖盘
13:22:28,101.89,0.0,3,23130,卖盘
13:22:34,101.87,-0.02,2,21395,卖盘
13:22:39,101.87,0.0,6,61124,卖盘
13:22:43,101.87,0.0,7,70291,卖盘
13:22:46,101.87,0.0,1,10187,买盘
13:22:49,101.87,0.0,1,10187,买盘
13:22:55,101.81,-0.06,3,29836,卖盘
13:22:58,101.81,0.0,4,40724,卖盘
13:23:05,101.82,0.01,1,11098,卖盘
13:23:07,101.87,0.05,2,20374,买盘
13:23:10,101.87,0.0,5,50913,买盘
13:23:16,101.87,0.0,3,31168,买盘
13:23:22,101.87,0.0,1,10187,买盘
13:23:25,101.83,-0.04,3,31168,卖盘
13:23:27,101.83,0.0,7,71301,卖盘
13:23:31,101.87,0.04,1,10187,买盘
13:23:34,101.87,0.0,7,71287,买盘
13:23:37,101.83,-0.04,2,20366,卖盘
13:23:39,101.83,0.0,1,10183,卖盘
13:23:43,101.85,0.02,3,30551,买盘
13:23:46,101.81,-0.04,11,113334,卖盘
13:23:49,101.81,0.0,8,81448,卖盘
13:23:52,101.83,0.02,3,30549,买盘
13:23:55,101.81,-0.02,4,41337,卖盘
13:24:01,101.82,0.01,8,81456,买盘
13:24:04,101.81,-0.01,1,10995,卖盘
13:24:07,101.82,0.01,3,30546,买盘
13:24:10,101.81,-0.01,4,44593,卖盘
13:24:13,101.82,0.01,7,71269,买盘
13:24:16,101.81,-0.01,6,52333,卖盘
13:24:19,101.81,0.0,3,30543,买盘
13:24:22,101.8,-0.01,4,43774,卖盘
13:24:28,101.81,0.01,3,30542,买盘
13:24:34,101.81,0.0,4,43573,买盘
13:24:37,101.8,-0.01,3,30541,卖盘
13:24:40,101.8,0.0,9,91621,卖盘
13:24:43,101.8,0.0,2,21583,卖盘
13:24:49,101.81,0.01,1,10181,买盘
13:24:55,101.8,-0.01,4,41637,卖盘
13:25:00,101.8,0.0,71,714774,卖盘
13:25:04,101.79,-0.01,7,71249,卖盘
13:25:07,101.78,-0.01,4,40713,卖盘
13:25:09,101.79,0.01,1,10179,买盘
13:25:13,101.79,0.0,3,30535,买盘
13:25:16,101.78,-0.01,8,82849,卖盘
13:25:19,101.78,0.0,3,30533,买盘
13:25:22,101.77,-0.01,1,12212,卖盘
13:25:30,101.78,0.01,5,50890,买盘
13:25:34,101.78,0.0,2,20356,买盘
13:25:37,101.8,0.02,223,2269958,买盘
13:25:40,101.77,-0.03,2,20355,卖盘
13:25:43,101.77,0.0,4,40711,卖盘
13:25:46,101.78,0.01,5,50890,买盘
13:25:49,101.8,0.02,120,1221432,买盘
13:25:51,101.8,0.0,1,10180,买盘
13:25:55,101.8,0.0,1,10180,买盘
13:25:58,101.8,0.0,1,10180,买盘
13:26:05,101.77,-0.03,37,372378,卖盘
13:26:07,101.8,0.03,2,26977,买盘
13:26:13,101.83,0.03,2,20363,买盘
13:26:16,101.8,-0.03,4,40720,卖盘
13:26:18,101.87,0.07,3,30557,买盘
13:26:22,101.88,0.01,7,71315,买盘
13:26:24,101.87,-0.01,4,40748,卖盘
13:26:30,101.87,0.0,1,10187,卖盘
13:26:34,101.88,0.01,5,50940,买盘
13:26:42,101.9,0.02,55,554123,买盘
13:26:49,101.89,-0.01,7,71322,买盘
13:26:51,101.89,0.0,2,20378,买盘
13:26:54,101.89,0.0,3,30566,买盘
13:26:58,101.88,-0.01,11,112074,卖盘
13:27:04,101.89,0.01,3,32806,买盘
13:27:07,101.88,-0.01,15,152829,卖盘
13:27:10,101.88,0.0,2,20376,卖盘
13:27:13,101.88,0.0,6,61539,卖盘
13:27:16,101.89,0.01,1,10189,买盘
13:27:19,101.89,0.0,6,61134,买盘
13:27:22,101.89,0.0,7,71323,买盘
13:27:28,101.9,0.01,2,20380,买盘
13:27:34,101.9,0.0,3,30570,卖盘
13:27:37,101.92,0.02,1,10192,买盘
13:27:40,101.92,0.0,1,10192,买盘
13:27:42,101.91,-0.01,1,10191,中性盘
13:27:46,101.9,-0.01,2,20380,卖盘
13:27:52,101.92,0.02,33,336326,买盘
13:27:55,101.9,-0.02,3,34140,卖盘
13:27:58,101.92,0.02,2,20384,买盘
13:28:07,101.9,-0.02,1,10700,卖盘
13:28:10,101.91,0.01,1,10191,卖盘
13:28:13,101.92,0.01,2,20384,买盘
13:28:15,101.91,-0.01,2,20994,卖盘
13:28:19,101.92,0.01,2,20383,买盘
13:28:22,101.91,-0.01,3,30573,卖盘
13:28:25,101.91,0.0,8,81941,卖盘
13:28:28,101.9,-0.01,6,53196,卖盘
13:28:30,101.9,0.0,25,257603,卖盘
13:28:33,101.9,0.0,2,20380,买盘
13:28:37,101.89,-0.01,6,61134,卖盘
13:28:40,101.9,0.01,20,203762,买盘
13:28:43,101.85,-0.05,23,234311,卖盘
13:28:46,101.84,-0.01,12,121806,卖盘
13:28:49,101.85,0.01,2,22405,买盘
13:28:52,101.82,-0.03,1,10182,买盘
13:28:54,101.84,0.02,14,142559,买盘
13:28:58,101.83,-0.01,2,20366,中性盘
13:29:04,101.81,-0.02,1,10792,卖盘
13:29:13,101.8,-0.01,15,153423,卖盘
13:29:16,101.8,0.0,5,50912,卖盘
13:29:19,101.81,0.01,3,30544,卖盘
13:29:22,101.81,0.0,2,20768,中性盘
13:29:25,101.81,0.0,3,30541,买盘
13:29:28,101.8,-0.01,6,61081,卖盘
13:29:31,101.8,0.0,2,21888,卖盘
13:29:33,101.81,0.01,5,50905,买盘
13:29:37,101.8,-0.01,9,91620,卖盘
13:29:40,101.8,0.0,4,40720,卖盘
13:29:43,101.8,0.0,1,10180,卖盘
13:29:46,101.81,0.01,6,61085,买盘
13:29:49,101.81,0.0,5,50905,买盘
13:29:52,101.8,-0.01,3,23008,卖盘
13:29:55,101.81,0.01,2,20361,买盘
13:30:01,101.8,-0.01,1,10587,卖盘
13:30:05,101.81,0.01,1,10181,买盘
13:30:07,101.81,0.0,21,213801,买盘
13:30:10,101.81,0.0,9,93664,买盘
13:30:16,101.81,0.0,2,20362,买盘
13:30:19,101.8,-0.01,6,61083,卖盘
13:30:22,101.81,0.01,2,20362,买盘
13:30:28,101.8,-0.01,3,30540,卖盘
13:30:31,101.81,0.01,3,30543,买盘
13:30:34,101.81,0.0,1,10181,买盘
13:30:37,101.8,-0.01,13,134897,卖盘
13:30:40,101.81,0.01,26,264706,买盘
13:30:43,101.76,-0.05,183,1862768,卖盘
13:30:46,101.8,0.04,2,20767,中性盘
13:30:52,101.8,0.0,3,30540,中性盘
13:30:55,101.81,0.01,22,223982,买盘
13:30:58,101.81,0.0,1,10181,卖盘
13:31:00,101.83,0.02,1,10183,买盘
13:31:10,101.81,-0.02,3,30543,卖盘
13:31:16,101.83,0.02,8,83702,买盘
13:31:19,101.83,0.0,5,50907,买盘
13:31:21,101.83,0.0,124,1262690,买盘
13:31:25,101.83,0.0,3,30549,卖盘
13:31:28,101.88,0.05,1,10188,买盘
13:31:37,101.85,-0.03,5,50928,卖盘
13:31:43,101.87,0.02,8,74456,买盘
13:31:46,101.87,0.0,3,30557,买盘
13:31:49,101.85,-0.02,2,20370,卖盘
13:31:52,101.85,0.0,1,10694,卖盘
13:31:55,101.87,0.02,4,40748,买盘
13:31:58,101.87,0.0,2,20374,买盘
13:32:01,101.85,-0.02,4,40740,卖盘
13:32:05,101.85,0.0,19,193520,卖盘
13:32:07,101.85,0.0,2,20371,卖盘
13:32:13,101.85,0.0,2,20370,卖盘
13:32:16,101.86,0.01,2,20372,买盘
13:32:19,101.86,0.0,14,145353,买盘
13:32:22,101.86,0.0,1,10186,买盘
13:32:24,101.86,0.0,10,101860,买盘
13:32:28,101.86,0.0,4,41863,买盘
13:32:31,101.86,0.0,12,122232,买盘
13:32:34,101.87,0.01,6,61117,买盘
13:32:39,101.87,0.0,1,10187,买盘
13:32:45,101.85,-0.02,28,287828,卖盘
13:32:49,101.85,0.0,4,40740,买盘
13:32:55,101.83,-0.02,4,35237,卖盘
13:32:58,101.83,0.0,39,402638,卖盘
13:33:00,101.83,0.0,1,10183,买盘
13:33:04,101.82,-0.01,1,11302,卖盘
13:33:07,101.83,0.01,3,25050,买盘
13:33:10,101.85,0.02,2,20370,买盘
13:33:12,101.83,-0.02,2,20366,卖盘
13:33:16,101.85,0.02,1,10185,买盘
13:33:22,101.85,0.0,1,10185,买盘
13:33:25,101.83,-0.02,1,10183,卖盘
13:33:28,101.85,0.02,5,50925,买盘
13:33:31,101.83,-0.02,1,10183,卖盘
13:33:34,101.85,0.02,3,34319,买盘
13:33:36,101.83,-0.02,1,10183,卖盘
13:33:40,101.82,-0.01,7,71278,卖盘
13:33:43,101.84,0.02,7,72305,买盘
13:33:51,101.82,-0.02,1,11200,卖盘
13:33:54,101.83,0.01,4,40730,买盘
13:34:01,101.82,-0.01,2,11200,卖盘
13:34:05,101.83,0.01,1,10183,买盘
13:34:10,101.83,0.0,188,1915014,买盘
13:34:16,101.85,0.02,7,71287,买盘
13:34:19,101.83,-0.02,1,10183,卖盘
13:34:24,101.85,0.02,6,61110,买盘
13:34:28,101.85,0.0,1,10185,买盘
13:34:37,101.85,0.0,47,486232,买盘
13:34:40,101.87,0.02,21,213927,买盘
13:34:43,101.87,0.0,4,40746,买盘
13:34:46,101.9,0.03,33,336180,买盘
13:34:49,101.86,-0.04,1,10186,买盘
13:34:55,101.86,0.0,1,10186,买盘
13:35:07,101.85,-0.01,8,76394,卖盘
13:35:10,101.86,0.01,3,30558,买盘
13:35:12,101.85,-0.01,2,20370,卖盘
13:35:16,101.86,0.01,23,234278,买盘
13:35:22,101.9,0.04,1,10190,买盘
13:35:28,101.86,-0.04,3,30558,卖盘
13:35:37,101.86,0.0,2,22209,卖盘
13:35:40,101.92,0.06,150,1528589,买盘
13:35:42,101.92,0.0,1,10192,买盘
13:35:54,101.92,0.0,1,10192,买盘
13:35:58,101.92,0.0,4,40750,买盘
13:36:01,101.86,-0.06,10,101860,卖盘
13:36:04,101.86,0.0,9,88414,卖盘
13:36:07,101.86,0.0,1,11816,卖盘
13:36:10,101.9,0.04,2,20380,买盘
13:36:13,101.86,-0.04,2,20372,卖盘
13:36:16,101.86,0.0,6,61128,卖盘
13:36:19,101.86,0.0,1,11510,卖盘
13:36:25,101.9,0.04,3,30570,买盘
13:36:34,101.92,0.02,98,998816,买盘
13:36:46,101.92,0.0,7,71340,买盘
13:36:49,101.88,-0.04,3,30570,卖盘
13:36:52,101.87,-0.01,4,40751,卖盘
13:36:54,101.92,0.05,1,10192,买盘
13:36:58,101.87,-0.05,3,30562,卖盘
13:37:04,101.87,0.0,2,15282,卖盘
13:37:13,101.88,0.01,1,11105,中性盘
13:37:16,101.88,0.0,21,214020,卖盘
13:37:22,101.88,0.0,2,26387,卖盘
13:37:28,101.86,-0.02,60,611171,买盘
13:37:31,101.92,0.06,6,61152,买盘
13:37:34,101.92,0.0,4,40768,买盘
13:37:40,101.88,-0.04,4,40752,卖盘
13:37:46,101.88,0.0,1,10188,卖盘
13:37:49,101.92,0.04,1,10192,买盘
13:37:55,101.9,-0.02,9,91710,中性盘
13:38:05,101.9,0.0,3,30570,卖盘
13:38:10,101.91,0.01,6,59921,买盘
13:38:13,101.91,0.0,4,40764,买盘
13:38:16,101.91,0.0,107,1090437,买盘
13:38:22,101.92,0.01,2,20384,买盘
13:38:25,101.91,-0.01,5,50959,卖盘
13:38:28,101.91,0.0,7,71342,卖盘
13:38:31,101.92,0.01,6,61152,买盘
13:38:43,101.93,0.01,6,61156,买盘
13:38:49,101.93,0.0,1,10193,买盘
13:38:52,101.93,0.0,3,30579,买盘
13:38:55,101.93,0.0,6,61158,买盘
13:39:01,101.94,0.01,1,10194,买盘
13:39:04,101.94,0.0,1,10194,买盘
13:39:13,101.95,0.01,50,509750,买盘
13:39:16,101.95,0.0,25,254875,买盘
13:39:22,101.96,0.01,3,30588,买盘
13:39:28,101.96,0.0,2,20392,买盘
13:39:37,101.97,0.01,1,10197,买盘
13:39:40,101.98,0.01,2,20395,买盘
13:39:46,101.97,-0.01,2,20394,卖盘
13:39:49,101.97,0.0,4,40790,卖盘
13:39:52,101.98,0.01,1,10198,买盘
13:40:00,101.96,-0.02,33,336514,卖盘
13:40:04,101.96,0.0,62,632152,买盘
13:40:07,101.99,0.03,20,203932,买盘
13:40:10,101.99,0.0,11,112189,买盘
13:40:13,102.0,0.01,9,91794,买盘
13:40:16,102.0,0.0,4,40800,买盘
13:40:19,102.0,0.0,10,102000,买盘
13:40:22,102.0,0.0,11,112200,买盘
13:40:25,102.0,0.0,3,30600,买盘
13:40:28,102.03,0.03,3,30609,买盘
13:40:31,102.03,0.0,2,20406,买盘
13:40:34,102.03,0.0,3,30609,买盘
13:40:37,102.03,0.0,3,30609,买盘
13:40:40,102.03,0.0,13,132639,买盘
13:40:43,102.03,0.0,2,20406,买盘
13:40:46,102.03,0.0,1,10203,买盘
13:40:49,102.03,0.0,29,295887,买盘
13:40:51,102.03,0.0,1,10203,买盘
13:40:58,102.0,-0.03,2,20400,卖盘
13:41:01,102.03,0.03,28,285679,买盘
13:41:04,102.0,-0.03,3,25604,卖盘
13:41:07,102.0,0.0,4,40806,卖盘
13:41:10,102.03,0.03,2,20406,买盘
13:41:13,102.0,-0.03,4,41616,卖盘
13:41:16,102.0,0.0,27,279615,卖盘
13:41:19,101.99,-0.01,39,397796,卖盘
13:41:22,101.99,0.0,6,61192,买盘
13:41:25,102.04,0.05,100,1020090,买盘
13:41:28,102.04,0.0,3,26418,卖盘
13:41:31,102.04,0.0,2,24593,卖盘
13:41:34,102.04,0.0,2,20408,卖盘
13:41:37,102.0,-0.04,1,10200,卖盘
13:41:40,102.0,0.0,12,122418,卖盘
13:41:42,102.0,0.0,24,244146,卖盘
13:41:46,101.98,-0.02,5,51716,卖盘
13:41:49,102.0,0.02,9,91086,买盘
13:41:51,102.03,0.03,12,123150,卖盘
13:41:55,102.03,0.0,9,91089,买盘
13:41:58,102.03,0.0,1,10203,卖盘
13:42:04,102.05,0.02,1,10205,买盘
13:42:07,102.05,0.0,1,10205,买盘
13:42:10,102.05,0.0,1,10205,买盘
13:42:12,102.03,-0.02,2,20408,卖盘
13:42:16,102.08,0.05,1,10208,买盘
13:42:19,102.07,-0.01,1,10207,买盘
13:42:22,102.0,-0.07,209,2131860,卖盘
13:42:25,102.0,0.0,4,40800,买盘
13:42:30,102.0,0.0,3,30600,买盘
13:42:37,101.99,-0.01,10,101990,卖盘
13:42:40,102.0,0.01,3,30598,买盘
13:42:46,101.98,-0.02,21,214709,卖盘
13:42:49,101.99,0.01,3,30597,卖盘
13:42:52,102.0,0.01,4,40797,买盘
13:42:54,101.98,-0.02,21,213660,卖盘
13:42:58,101.96,-0.02,4,41709,卖盘
13:43:00,101.98,0.02,1,10198,买盘
13:43:04,101.98,0.0,77,785756,买盘
13:43:07,101.98,0.0,7,71386,卖盘
13:43:16,101.98,0.0,1,12850,卖盘
13:43:22,101.98,0.0,4,40792,卖盘
13:43:25,101.98,0.0,1,10606,卖盘
13:43:30,101.98,0.0,4,40792,卖盘
13:43:34,101.98,0.0,25,254990,卖盘
13:43:40,101.99,0.01,1,10199,买盘
13:43:43,101.98,-0.01,4,40792,卖盘
13:43:45,101.98,0.0,7,62616,卖盘
13:43:49,101.98,0.0,1,10198,卖盘
13:43:52,101.95,-0.03,117,1197249,卖盘
13:43:55,101.94,-0.01,16,163818,卖盘
13:43:57,101.95,0.01,11,112145,买盘
13:44:01,101.94,-0.01,7,70645,卖盘
13:44:04,101.93,-0.01,1,11416,卖盘
13:44:07,101.94,0.01,1,10194,买盘
13:44:16,101.93,-0.01,1,11212,卖盘
13:44:19,101.94,0.01,24,244643,买盘
13:44:21,101.94,0.0,3,30582,买盘
13:44:28,101.93,-0.01,81,822218,卖盘
13:44:31,101.96,0.03,3,30582,中性盘
13:44:37,101.92,-0.04,5,50963,卖盘
13:44:39,101.94,0.02,2,20391,中性盘
13:44:43,101.93,-0.01,1,10193,买盘
13:44:46,101.93,0.0,1,10193,买盘
13:44:52,101.96,0.03,2,20392,买盘
13:44:54,101.9,-0.06,151,1541413,卖盘
13:44:58,101.9,0.0,6,64501,买盘
13:45:04,101.9,0.0,1,10190,买盘
13:45:07,101.89,-0.01,3,21907,卖盘
13:45:10,101.9,0.01,16,164567,买盘
13:45:19,101.9,0.0,5,50950,买盘
13:45:21,101.9,0.0,3,30570,买盘
13:45:25,101.9,0.0,2,20175,买盘
13:45:27,101.89,-0.01,2,24352,卖盘
13:45:34,101.88,-0.01,11,112791,卖盘
13:45:37,101.88,0.0,19,193572,卖盘
13:45:43,101.88,0.0,61,622241,卖盘
13:45:46,101.89,0.01,1,10189,买盘
13:45:49,101.88,-0.01,1,10188,卖盘
13:45:51,101.88,0.0,1,10901,卖盘
13:45:54,101.88,0.0,4,32092,卖盘
13:45:58,101.89,0.01,1,10189,买盘
13:46:07,101.89,0.0,52,539097,买盘
13:46:10,101.89,0.0,1,10189,买盘
13:46:13,101.88,-0.01,2,20377,卖盘
13:46:16,101.88,0.0,4,38001,卖盘
13:46:19,101.88,0.0,10,101880,买盘
13:46:22,101.95,0.07,14,145443,买盘
13:46:31,101.88,-0.07,5,50941,卖盘
13:46:37,101.95,0.07,2,20390,买盘
13:46:43,101.95,0.0,5,50975,买盘
13:46:48,101.95,0.0,1,10195,买盘
13:46:55,101.95,0.0,9,91755,买盘
13:46:58,101.9,-0.05,4,40761,卖盘
13:47:01,101.9,0.0,2,18036,卖盘
13:47:07,101.88,-0.02,59,601106,买盘
13:47:13,101.94,0.06,4,40766,买盘
13:47:16,101.88,-0.06,13,132464,卖盘
13:47:24,101.93,0.05,5,50965,卖盘
13:47:31,101.93,0.0,1,10193,卖盘
13:47:40,101.93,0.0,4,40772,卖盘
13:47:43,101.93,0.0,1,8256,卖盘
13:47:49,101.9,-0.03,3,32920,卖盘
13:47:51,101.93,0.03,1,10193,买盘
13:47:55,101.9,-0.03,2,20380,卖盘
13:48:01,101.9,0.0,1,10700,卖盘
13:48:07,101.91,0.01,1,10191,卖盘
13:48:12,101.9,-0.01,11,112936,卖盘
13:48:22,101.9,0.0,1,11107,卖盘
13:48:28,101.9,0.0,2,20380,卖盘
13:48:31,101.93,0.03,32,326170,买盘
13:48:34,101.9,-0.03,2,11006,卖盘
13:48:40,101.91,0.01,1,10191,卖盘
13:48:45,101.91,0.0,2,21197,卖盘
13:48:49,101.93,0.02,106,1080454,买盘
13:48:51,101.93,0.0,12,122316,买盘
13:48:55,101.93,0.0,6,61158,买盘
13:49:01,101.93,0.0,4,40770,买盘
13:49:07,101.93,0.0,1,10193,买盘
13:49:09,101.93,0.0,4,40772,买盘
13:49:13,101.93,0.0,19,193667,买盘
13:49:16,101.93,0.0,1,10193,买盘
13:49:19,101.93,0.0,2,20386,买盘
13:49:22,101.93,0.0,1,10193,买盘
13:49:24,101.93,0.0,10,101930,买盘
13:49:30,101.93,0.0,2,28642,买盘
13:49:34,102.04,0.11,12,122416,买盘
13:49:37,101.95,-0.09,2,20390,卖盘
13:49:43,102.04,0.09,8,81578,买盘
13:49:46,101.95,-0.09,1,10195,卖盘
13:49:49,102.04,0.09,2,20408,买盘
13:49:52,102.04,0.0,3,30612,买盘
13:49:54,101.96,-0.08,1,4588,卖盘
13:50:01,102.04,0.08,1,10204,买盘
13:50:04,101.96,-0.08,6,61179,卖盘
13:50:07,102.04,0.08,24,245302,买盘
13:50:10,102.05,0.01,4,40819,买盘
13:50:13,102.09,0.04,11,112292,买盘
13:50:16,102.09,0.0,7,71463,买盘
13:50:19,102.09,0.0,24,245013,买盘
13:50:22,102.09,0.0,3,30627,买盘
13:50:25,102.05,-0.04,23,234803,卖盘
13:50:28,102.05,0.0,7,71435,买盘
13:50:31,102.05,0.0,6,61230,买盘
13:50:33,102.05,0.0,2,20410,买盘
13:50:37,102.05,0.0,8,81640,买盘
13:50:40,102.04,-0.01,1,13470,卖盘
13:50:43,102.05,0.01,12,115315,买盘
13:50:52,102.05,0.0,1,10205,卖盘
13:50:54,102.1,0.05,2,20420,买盘
13:50:58,102.1,0.0,50,510500,买盘
13:51:16,102.09,-0.01,7,71465,卖盘
13:51:19,102.17,0.08,25,255381,卖盘
13:51:25,102.2,0.03,17,173697,买盘
13:51:34,102.16,-0.04,2,20432,买盘
13:51:37,102.16,0.0,2,20432,买盘
13:51:40,102.17,0.01,7,71519,卖盘
13:51:43,102.2,0.03,10,102194,买盘
13:51:52,102.18,-0.02,1,10218,卖盘
13:51:55,102.2,0.02,2,20440,买盘
13:52:01,102.18,-0.02,20,204375,卖盘
13:52:05,102.11,-0.07,2,20429,卖盘
13:52:07,102.1,-0.01,1,15418,卖盘
13:52:13,102.1,0.0,12,122520,卖盘
13:52:16,102.1,0.0,4,40841,卖盘
13:52:18,102.1,0.0,27,275652,卖盘
13:52:22,102.1,0.0,24,244603,买盘
13:52:25,102.07,-0.03,7,71458,卖盘
13:52:28,102.07,0.0,12,122484,卖盘
13:52:31,102.07,0.0,1,11534,卖盘
13:52:34,102.1,0.03,1,10210,中性盘
13:52:37,102.1,0.0,2,20420,卖盘
13:52:40,102.07,-0.03,2,20414,卖盘
13:52:43,102.1,0.03,2,20420,买盘
13:52:52,102.09,-0.01,2,20418,买盘
13:52:58,102.09,0.0,1,10209,买盘
13:53:01,102.09,0.0,7,71463,买盘
13:53:04,102.07,-0.02,1,10207,卖盘
13:53:07,102.07,0.0,8,81656,卖盘
13:53:09,102.05,-0.02,6,55114,卖盘
13:53:13,102.06,0.01,1,10206,中性盘
13:53:16,102.06,0.0,2,20412,买盘
13:53:19,102.07,0.01,12,122477,买盘
13:53:22,102.06,-0.01,11,112261,买盘
13:53:24,102.05,-0.01,1,10205,卖盘
13:53:28,102.05,0.0,1,10205,卖盘
13:53:31,102.05,0.0,5,51025,卖盘
13:53:34,102.05,0.0,23,234716,卖盘
13:53:36,102.04,-0.01,4,40818,卖盘
13:53:40,102.03,-0.01,6,61218,卖盘
13:53:49,102.0,-0.03,19,193800,卖盘
13:53:52,102.0,0.0,4,40800,买盘
13:53:55,101.98,-0.02,1,10402,卖盘
13:53:58,101.98,0.0,1,10504,卖盘
13:54:05,101.98,0.0,4,40284,卖盘
13:54:07,101.95,-0.03,8,81563,卖盘
13:54:12,101.98,0.03,5,50990,买盘
13:54:16,101.95,-0.03,1,12132,卖盘
13:54:24,101.96,0.01,3,31200,卖盘
13:54:28,101.95,-0.01,3,32219,卖盘
13:54:31,101.96,0.01,81,825616,买盘
13:54:34,101.9,-0.06,2,20385,卖盘
13:54:45,101.9,0.0,58,591222,卖盘
13:54:49,101.91,0.01,31,315921,中性盘
13:54:52,101.91,0.0,5,50955,买盘
13:54:55,101.91,0.0,3,30573,买盘
13:54:58,101.91,0.0,4,40764,买盘
13:55:01,101.9,-0.01,2,22010,卖盘
13:55:07,101.91,0.01,2,20382,买盘
13:55:10,101.91,0.0,2,20382,买盘
13:55:13,101.91,0.0,5,50955,卖盘
13:55:16,101.91,0.0,89,907072,卖盘
13:55:18,101.91,0.0,59,601267,买盘
13:55:22,101.91,0.0,3,30573,买盘
13:55:40,101.96,0.05,1,10196,买盘
13:55:43,101.91,-0.05,2,23852,卖盘
13:55:46,101.96,0.05,1,10196,买盘
13:55:48,101.91,-0.05,3,30578,卖盘
13:55:52,101.95,0.04,1,10195,卖盘
13:55:55,101.95,0.0,4,40780,买盘
13:56:07,101.98,0.03,1,10198,买盘
13:56:10,101.98,0.0,1,10198,买盘
13:56:12,102.0,0.02,5,50998,买盘
13:56:16,102.0,0.0,1,10200,买盘
13:56:19,102.0,0.0,1,10200,买盘
13:56:22,102.0,0.0,2,20400,买盘
13:56:25,101.99,-0.01,96,979178,中性盘
13:56:31,102.05,0.06,2,20410,买盘
13:56:34,102.07,0.02,1,10207,买盘
13:56:40,102.01,-0.06,1,4284,卖盘
13:56:43,102.0,-0.01,13,139016,买盘
13:56:52,102.06,0.06,1,10206,买盘
13:56:55,102.06,0.0,1,10206,买盘
13:57:05,102.01,-0.05,2,20402,卖盘
13:57:10,102.01,0.0,2,18159,卖盘
13:57:16,102.01,0.0,1,10201,卖盘
13:57:19,102.01,0.0,1,10711,卖盘
13:57:31,102.01,0.0,6,62124,卖盘
13:57:34,102.01,0.0,10,102010,卖盘
13:57:37,102.0,-0.01,1,2448,买盘
13:57:46,102.0,0.0,35,357000,卖盘
13:57:52,102.0,0.0,2,19686,卖盘
13:57:55,102.03,0.03,2,20406,买盘
13:58:01,102.0,-0.03,1,11424,卖盘
13:58:04,102.0,0.0,3,30600,卖盘
13:58:07,102.02,0.02,7,71410,买盘
13:58:12,102.0,-0.02,1,11118,卖盘
13:58:16,102.0,0.0,20,204000,卖盘
13:58:19,101.99,-0.01,27,275399,卖盘
13:58:22,101.99,0.0,3,30291,卖盘
13:58:25,101.97,-0.02,6,61187,买盘
13:58:28,101.99,0.02,1,10199,卖盘
13:58:31,101.96,-0.03,12,122356,卖盘
13:58:34,101.95,-0.01,29,295680,卖盘
13:58:37,101.95,0.0,8,81560,卖盘
13:58:39,101.92,-0.03,13,132525,卖盘
13:58:43,101.91,-0.01,5,53813,卖盘
13:58:46,101.91,0.0,9,91719,卖盘
13:58:49,101.91,0.0,5,50955,卖盘
13:58:51,101.91,0.0,15,154088,卖盘
13:58:55,101.9,-0.01,4,41986,卖盘
13:58:58,101.91,0.01,5,50955,买盘
13:59:01,101.91,0.0,4,40762,买盘
13:59:07,101.91,0.0,42,427981,买盘
13:59:10,101.9,-0.01,4,35869,卖盘
13:59:19,101.9,0.0,2,20380,卖盘
13:59:24,101.9,0.0,10,101900,卖盘
13:59:31,101.9,0.0,5,50950,买盘
13:59:34,101.89,-0.01,2,20378,卖盘
13:59:37,101.88,-0.01,8,78658,卖盘
13:59:43,101.88,0.0,13,132444,卖盘
13:59:48,101.88,0.0,1,11309,卖盘
13:59:52,101.89,0.01,1,10189,买盘
13:59:54,101.88,-0.01,16,164334,卖盘
13:59:58,101.88,0.0,15,152820,买盘
14:00:00,101.88,0.0,6,62248,买盘
14:00:04,101.88,0.0,5,50940,买盘
14:00:07,101.88,0.0,92,937296,买盘
14:00:12,101.88,0.0,15,152820,买盘
14:00:16,101.88,0.0,21,212630,买盘
14:00:18,101.88,0.0,39,397320,买盘
14:00:22,101.88,0.0,2,20376,买盘
14:00:25,101.87,-0.01,13,131310,卖盘
14:00:28,101.87,0.0,5,50935,买盘
