time,price,change,volume,amount,type
09:25:01,102.25,-0.47,100,1022500,卖盘
09:30:01,102.2,-0.05,11,112447,卖盘
09:30:04,102.15,-0.05,193,1973054,卖盘
09:30:07,102.14,-0.01,74,756162,中性盘
09:30:10,102.14,0.0,106,1082728,买盘
09:30:13,102.2,0.06,19,194180,买盘
09:30:16,102.22,0.02,22,224850,买盘
09:30:19,102.18,-0.04,16,163512,卖盘
09:30:22,102.23,0.05,9,92000,买盘
09:30:25,102.23,0.0,2,20446,买盘
09:30:28,102.21,-0.02,84,858545,卖盘
09:30:31,102.24,0.03,6,61340,买盘
09:30:34,102.23,-0.01,77,787213,卖盘
09:30:36,102.24,0.01,19,194256,中性盘
09:30:39,102.32,0.08,9,92055,买盘
09:30:43,102.32,0.0,2,20464,买盘
09:30:46,102.18,-0.14,81,828206,卖盘
09:30:49,102.27,0.09,33,337274,买盘
09:30:52,102.38,0.11,36,368062,买盘
09:30:55,102.2,-0.18,28,286405,卖盘
09:30:58,102.27,0.07,9,92025,买盘
09:31:01,102.24,-0.03,2,20449,中性盘
09:31:04,102.22,-0.02,69,705613,卖盘
09:31:07,102.4,0.18,17,174005,买盘
09:31:10,102.23,-0.17,33,337657,卖盘
09:31:12,102.4,0.17,3,30694,中性盘
09:31:16,102.27,-0.13,9,92113,卖盘
09:31:19,102.4,0.13,16,163806,买盘
09:31:22,102.4,0.0,4,40961,中性盘
09:31:25,102.4,0.0,12,122889,卖盘
09:31:28,102.41,0.01,23,235529,买盘
09:31:31,102.38,-0.03,1,10238,卖盘
09:31:34,102.38,0.0,14,143332,卖盘
09:31:37,102.38,0.0,7,71665,中性盘
09:31:40,102.37,-0.01,5,51188,卖盘
09:31:43,102.38,0.01,14,143325,买盘
09:31:46,102.37,-0.01,6,61422,卖盘
09:31:49,102.43,0.06,109,1116211,买盘
09:31:52,102.45,0.02,7,71699,买盘
09:31:55,102.46,0.01,10,102458,中性盘
09:31:57,102.37,-0.09,18,184324,卖盘
09:32:01,102.37,0.0,21,214977,买盘
09:32:04,102.4,0.03,26,266172,买盘
09:32:07,102.4,0.0,9,92184,卖盘
09:32:10,102.44,0.04,17,174157,买盘
09:32:13,102.44,0.0,39,399611,卖盘
09:32:19,102.7,0.26,10,102650,买盘
09:32:22,102.7,0.0,36,369268,买盘
09:32:25,102.7,0.0,15,153970,买盘
09:32:31,102.65,-0.05,14,143763,卖盘
09:32:34,102.7,0.05,7,71884,买盘
09:32:37,102.7,0.0,18,184800,买盘
09:32:40,102.69,-0.01,4,41069,中性盘
09:32:43,102.75,0.06,36,370997,买盘
09:32:46,102.76,0.01,10,102759,中性盘
09:32:49,102.76,0.0,12,123344,卖盘
09:32:52,102.75,-0.01,6,61652,卖盘
09:32:55,102.76,0.01,27,277838,卖盘
09:32:58,102.76,0.0,1,10276,卖盘
09:33:01,102.88,0.12,3,30864,卖盘
09:33:04,102.88,0.0,31,319184,卖盘
09:33:07,102.88,0.0,38,391118,卖盘
09:33:10,102.88,0.0,39,401204,卖盘
09:33:13,102.9,0.02,1,10290,中性盘
09:33:16,103.03,0.13,8,82391,中性盘
09:33:19,102.9,-0.13,23,236664,卖盘
09:33:22,102.9,0.0,16,164596,买盘
09:33:25,102.88,-0.02,20,205748,买盘
09:33:28,102.7,-0.18,20,205592,卖盘
09:33:31,102.7,0.0,3,30810,卖盘
09:33:34,102.9,0.2,24,246790,买盘
09:33:37,103.0,0.1,18,185160,买盘
09:33:40,102.82,-0.18,20,205640,卖盘
09:33:43,102.99,0.17,77,793417,买盘
09:33:46,103.17,0.18,13,134023,买盘
09:33:49,103.08,-0.09,18,185598,中性盘
09:33:52,103.0,-0.08,6,61803,卖盘
09:33:55,103.0,0.0,3,30900,卖盘
09:33:58,103.0,0.0,2,20600,买盘
09:34:01,103.0,0.0,3,30900,买盘
09:34:04,103.0,0.0,17,175090,买盘
09:34:07,103.0,0.0,6,61740,买盘
09:34:10,103.0,0.0,5,51500,买盘
09:34:13,103.02,0.02,13,133905,买盘
09:34:16,103.15,0.13,11,113445,买盘
09:34:19,103.0,-0.15,2,20614,卖盘
09:34:22,103.0,0.0,7,72100,卖盘
09:34:25,102.88,-0.12,6,61753,卖盘
09:34:28,102.88,0.0,5,51440,买盘
09:34:31,102.89,0.01,4,41156,买盘
09:34:34,102.89,0.0,4,41156,买盘
09:34:37,102.88,-0.01,9,92528,买盘
09:34:40,102.89,0.01,20,205752,买盘
09:34:43,102.89,0.0,20,205690,买盘
09:34:46,102.78,-0.11,35,359730,卖盘
09:34:49,102.78,0.0,13,133614,买盘
09:34:52,102.89,0.11,9,92535,买盘
09:34:55,102.89,0.0,4,41156,买盘
09:35:01,102.88,-0.01,5,51440,中性盘
09:35:05,102.86,-0.02,20,205751,卖盘
09:35:07,102.8,-0.06,6,61684,卖盘
09:35:10,102.79,-0.01,7,71959,卖盘
09:35:13,102.86,0.07,13,133658,买盘
09:35:19,102.86,0.0,6,61706,买盘
09:35:22,102.86,0.0,17,174862,卖盘
09:35:25,102.86,0.0,7,72002,买盘
09:35:28,102.86,0.0,13,133696,买盘
09:35:31,102.85,-0.01,14,143968,中性盘
09:35:34,102.8,-0.05,17,174810,卖盘
09:35:37,102.83,0.03,23,236475,中性盘
09:35:40,102.8,-0.03,5,51408,卖盘
09:35:43,102.8,0.0,18,185073,卖盘
09:35:46,102.83,0.03,11,113094,买盘
09:35:49,102.83,0.0,25,257032,买盘
09:35:58,102.83,0.0,1,10283,卖盘
09:36:01,102.83,0.0,19,195387,卖盘
09:36:05,102.86,0.03,4,41138,买盘
09:36:07,102.8,-0.06,32,329069,卖盘
09:36:10,102.8,0.0,4,41120,买盘
09:36:13,102.8,0.0,11,113079,买盘
09:36:16,102.8,0.0,2,20560,买盘
09:36:19,102.8,0.0,84,863520,买盘
09:36:22,102.86,0.06,18,185130,买盘
09:36:25,102.84,-0.02,12,123422,卖盘
09:36:28,102.86,0.02,2,20572,买盘
09:36:31,102.86,0.0,3,30858,买盘
09:36:34,102.85,-0.01,4,41140,买盘
09:36:37,102.8,-0.05,35,359823,卖盘
09:36:40,102.84,0.04,12,123408,买盘
09:36:43,102.84,0.0,2,20568,买盘
09:36:49,102.8,-0.04,40,411235,卖盘
09:36:51,102.79,-0.01,17,174747,卖盘
09:36:55,102.76,-0.03,11,113047,卖盘
09:36:58,102.78,0.02,9,92511,中性盘
09:37:01,102.79,0.01,4,41116,买盘
09:37:04,102.79,0.0,17,174747,卖盘
09:37:08,102.72,-0.07,78,801602,卖盘
09:37:13,102.78,0.06,10,102780,买盘
09:37:16,102.72,-0.06,8,82176,卖盘
09:37:19,102.72,0.0,3,30816,卖盘
09:37:22,102.72,0.0,3,30822,买盘
09:37:25,102.72,0.0,3,30816,买盘
09:37:28,102.7,-0.02,50,513530,卖盘
09:37:31,102.7,0.0,9,92430,买盘
09:37:33,102.69,-0.01,12,123234,卖盘
09:37:40,102.66,-0.03,1,10266,卖盘
09:37:43,102.69,0.03,21,215646,买盘
09:37:46,102.69,0.0,19,195001,中性盘
09:37:49,102.66,-0.03,4,41057,中性盘
09:37:52,102.69,0.03,4,41057,买盘
09:37:55,102.69,0.0,25,256733,卖盘
09:37:58,102.62,-0.07,5,51286,买盘
09:38:01,102.5,-0.12,1,10250,卖盘
09:38:04,102.62,0.12,33,338298,买盘
09:38:07,102.5,-0.12,10,102545,中性盘
09:38:10,102.5,0.0,10,102491,买盘
09:38:13,102.62,0.12,14,143548,买盘
09:38:16,102.41,-0.21,8,82029,卖盘
09:38:19,102.49,0.08,4,40972,中性盘
09:38:22,102.41,-0.08,4,40964,卖盘
09:38:25,102.4,-0.01,28,286739,卖盘
09:38:28,102.42,0.02,4,40975,卖盘
09:38:31,102.41,-0.01,33,337953,买盘
09:38:34,102.4,-0.01,33,337907,卖盘
09:38:37,102.39,-0.01,17,174072,中性盘
09:38:40,102.41,0.02,26,266247,买盘
09:38:43,102.39,-0.02,13,133128,卖盘
09:38:46,102.45,0.06,26,266264,买盘
09:38:49,102.3,-0.15,33,337773,卖盘
09:38:52,102.3,0.0,6,61380,买盘
09:38:55,102.3,0.0,6,61380,买盘
09:38:58,102.26,-0.04,4,40916,卖盘
09:39:01,102.26,0.0,9,92046,卖盘
09:39:05,102.26,0.0,11,112504,买盘
09:39:07,102.26,0.0,21,214746,买盘
09:39:10,102.26,0.0,13,132941,卖盘
09:39:13,102.26,0.0,24,245452,卖盘
09:39:16,102.27,0.01,34,347796,卖盘
09:39:19,102.3,0.03,1,10230,买盘
09:39:22,102.27,-0.03,39,398784,卖盘
09:39:25,102.27,0.0,9,92043,买盘
09:39:28,102.26,-0.01,4,40904,中性盘
09:39:31,102.26,0.0,16,163573,买盘
09:39:34,102.22,-0.04,26,265868,卖盘
09:39:36,102.27,0.05,5,51134,买盘
09:39:40,102.26,-0.01,9,92034,卖盘
09:39:43,102.27,0.01,13,132948,买盘
09:39:46,102.27,0.0,20,204528,买盘
09:39:49,102.23,-0.04,172,1759017,卖盘
09:39:52,102.26,0.03,145,1482197,买盘
09:39:55,102.23,-0.03,2,20449,中性盘
09:39:58,102.25,0.02,1,10225,买盘
09:40:01,102.24,-0.01,3,30672,卖盘
09:40:04,102.26,0.02,13,132926,买盘
09:40:07,102.24,-0.02,7,71572,卖盘
09:40:10,102.25,0.01,20,204500,中性盘
09:40:13,102.26,0.01,9,92034,买盘
09:40:16,102.26,0.0,32,327232,买盘
09:40:19,102.3,0.04,36,368280,买盘
09:40:21,102.26,-0.04,12,122737,卖盘
09:40:25,102.3,0.04,1,10230,中性盘
09:40:28,102.37,0.07,2,20474,买盘
09:40:34,102.5,0.13,4,41000,买盘
09:40:40,102.5,0.0,10,102437,买盘
09:40:43,102.5,0.0,8,82000,买盘
09:40:46,102.5,0.0,6,61476,买盘
09:40:49,102.62,0.12,1,10262,买盘
09:40:52,102.5,-0.12,10,102524,卖盘
09:40:55,102.61,0.11,2,20511,中性盘
09:40:58,102.62,0.01,35,359136,买盘
09:41:01,102.62,0.0,1,10262,卖盘
09:41:04,102.62,0.0,7,71850,卖盘
09:41:07,102.62,0.0,6,61572,卖盘
09:41:10,102.7,0.08,15,153964,买盘
09:41:12,102.7,0.0,11,112972,买盘
09:41:16,102.7,0.0,5,51350,中性盘
09:41:19,102.72,0.02,2,20544,买盘
09:41:22,102.72,0.0,1,10272,买盘
09:41:25,102.7,-0.02,3,30814,卖盘
09:41:28,102.72,0.02,9,92436,买盘
09:41:30,102.72,0.0,9,92440,买盘
09:41:34,102.7,-0.02,11,112952,中性盘
09:41:37,102.72,0.02,2,20542,买盘
09:41:40,102.7,-0.02,10,102655,中性盘
09:41:43,102.72,0.02,12,123172,买盘
09:41:46,102.72,0.0,32,328494,买盘
09:41:49,102.72,0.0,40,410704,买盘
09:41:52,102.7,-0.02,4,41070,中性盘
09:41:55,102.65,-0.05,32,328480,卖盘
09:41:58,102.65,0.0,13,133445,卖盘
09:42:01,102.66,0.01,2,20536,卖盘
09:42:04,102.7,0.04,40,410570,买盘
09:42:07,102.62,-0.08,4,41072,卖盘
09:42:13,102.62,0.0,10,102620,买盘
09:42:16,102.6,-0.02,21,215300,中性盘
09:42:19,102.6,0.0,2,20520,买盘
09:42:22,102.7,0.1,102,1047199,买盘
09:42:25,102.5,-0.2,8,82000,卖盘
09:42:28,102.5,0.0,3,30750,买盘
09:42:30,102.61,0.11,3,30783,中性盘
09:42:34,102.5,-0.11,2,20511,卖盘
09:42:37,102.5,0.0,5,51250,买盘
09:42:40,102.41,-0.09,7,71687,卖盘
09:42:43,102.5,0.09,5,51250,买盘
09:42:49,102.49,-0.01,7,71703,中性盘
09:42:52,102.49,0.0,23,235568,买盘
09:42:55,102.49,0.0,2,20490,买盘
09:42:58,102.4,-0.09,25,256012,卖盘
09:43:01,102.41,0.01,12,122892,买盘
09:43:05,102.5,0.09,26,266371,买盘
09:43:10,102.5,0.0,5,51234,卖盘
09:43:13,102.62,0.12,9,92286,买盘
09:43:16,102.48,-0.14,4,40996,中性盘
09:43:19,102.5,0.02,3,30750,买盘
09:43:22,102.44,-0.06,1,10244,卖盘
09:43:25,102.5,0.06,1,10250,买盘
09:43:28,102.5,0.0,6,61512,卖盘
09:43:31,102.5,0.0,9,92224,卖盘
09:43:34,102.62,0.12,1,10262,买盘
09:43:37,102.62,0.0,1,10262,买盘
09:43:40,102.5,-0.12,9,92251,卖盘
09:43:43,102.5,0.0,1,10250,卖盘
09:43:46,102.62,0.12,2,20524,中性盘
09:43:49,102.62,0.0,11,112870,买盘
09:43:55,102.69,0.07,2,20538,买盘
09:43:58,102.75,0.06,8,82200,买盘
09:44:05,102.69,-0.06,2,20538,买盘
09:44:07,102.74,0.05,1,10274,中性盘
09:44:10,102.69,-0.05,17,174573,卖盘
09:44:13,102.74,0.05,4,41081,买盘
09:44:15,102.68,-0.06,4,41074,中性盘
09:44:19,102.68,0.0,7,71864,买盘
09:44:22,102.68,0.0,3,30796,买盘
09:44:25,102.62,-0.06,6,61578,卖盘
09:44:28,102.61,-0.01,1,10261,买盘
09:44:31,102.62,0.01,2,20524,买盘
09:44:34,102.62,0.0,2,20524,买盘
09:44:37,102.62,0.0,3,30768,买盘
09:44:40,102.53,-0.09,21,215422,卖盘
09:44:43,102.62,0.09,8,82096,买盘
09:44:46,102.53,-0.09,7,71780,卖盘
09:44:49,102.53,0.0,2,20506,买盘
09:44:52,102.62,0.09,12,123054,买盘
09:45:05,102.56,-0.06,5,51300,卖盘
09:45:07,102.55,-0.01,6,61555,卖盘
09:45:10,102.56,0.01,2,20512,中性盘
09:45:13,102.56,0.0,18,184652,买盘
09:45:19,102.59,0.03,20,205144,买盘
09:45:22,102.56,-0.03,2,20515,卖盘
09:45:28,102.61,0.05,4,41024,买盘
09:45:31,102.56,-0.05,2,20512,卖盘
09:45:37,102.56,0.0,12,123084,卖盘
09:45:40,102.61,0.05,12,123092,买盘
09:45:46,102.56,-0.05,2,20512,买盘
09:45:49,102.56,0.0,2,20512,买盘
09:45:52,102.56,0.0,13,133325,买盘
09:45:54,102.56,0.0,3,30768,买盘
09:45:58,102.56,0.0,1,10256,买盘
09:46:01,102.55,-0.01,9,92303,卖盘
09:46:04,102.55,0.0,3,30765,卖盘
09:46:07,102.55,0.0,4,41022,卖盘
09:46:10,102.55,0.0,12,123060,买盘
09:46:13,102.53,-0.02,3,30759,卖盘
09:46:16,102.53,0.0,5,51265,买盘
09:46:19,102.55,0.02,8,82038,买盘
09:46:21,102.52,-0.03,4,41012,卖盘
09:46:25,102.53,0.01,1,10253,中性盘
09:46:28,102.55,0.02,10,102532,买盘
09:46:34,102.51,-0.04,6,61510,卖盘
09:46:37,102.51,0.0,14,143514,买盘
09:46:40,102.5,-0.01,12,123003,卖盘
09:46:43,102.5,0.0,4,41002,卖盘
09:46:49,102.51,0.01,13,133263,买盘
09:46:52,102.51,0.0,4,41005,卖盘
09:46:55,102.5,-0.01,13,133257,卖盘
09:46:58,102.51,0.01,1,10251,买盘
09:47:07,102.54,0.03,10,102516,买盘
09:47:10,102.54,0.0,9,92289,卖盘
09:47:13,102.51,-0.03,48,492186,卖盘
09:47:16,102.54,0.03,99,1015147,买盘
09:47:19,102.7,0.16,27,277104,买盘
09:47:22,102.76,0.06,16,164392,买盘
09:47:25,102.85,0.09,88,904599,买盘
09:47:28,102.9,0.05,22,226339,买盘
09:47:31,102.99,0.09,12,123588,买盘
09:47:33,103.01,0.02,52,535607,买盘
09:47:37,103.09,0.08,12,123645,买盘
09:47:40,103.09,0.0,51,525582,卖盘
09:47:43,103.15,0.06,9,92790,买盘
09:47:46,103.15,0.0,3,30944,中性盘
09:47:49,103.15,0.0,15,154654,中性盘
09:47:52,103.08,-0.07,22,226832,中性盘
09:47:55,102.98,-0.1,11,113337,卖盘
09:47:58,102.98,0.0,5,51513,买盘
09:48:01,102.98,0.0,26,267677,买盘
09:48:05,103.09,0.11,14,144290,买盘
09:48:07,103.0,-0.09,12,123598,中性盘
09:48:10,103.08,0.08,5,51512,中性盘
09:48:13,103.08,0.0,12,123614,买盘
09:48:16,103.0,-0.08,2,20600,卖盘
09:48:19,103.07,0.07,1,10307,买盘
09:48:22,103.09,0.02,12,123703,买盘
09:48:25,103.08,-0.01,1,10308,卖盘
09:48:28,103.14,0.06,12,123758,买盘
09:48:31,103.14,0.0,1,10314,买盘
09:48:34,103.15,0.01,7,72191,买盘
09:48:37,103.09,-0.06,13,134092,卖盘
09:48:40,103.09,0.0,29,299101,卖盘
09:48:43,103.16,0.07,6,61880,买盘
09:48:46,103.09,-0.07,10,103097,卖盘
09:48:49,103.09,0.0,1,10309,买盘
09:48:52,103.09,0.0,4,41243,卖盘
09:48:55,103.11,0.02,4,41243,中性盘
09:48:58,103.11,0.0,2,20611,买盘
09:49:01,103.11,0.0,1,10311,买盘
09:49:04,103.14,0.03,10,103112,买盘
09:49:07,103.15,0.01,10,103151,买盘
09:49:10,103.11,-0.04,14,144354,卖盘
09:49:13,103.16,0.05,5,51577,买盘
09:49:16,103.16,0.0,5,51579,买盘
09:49:19,103.16,0.0,7,72202,买盘
09:49:22,103.14,-0.02,8,82521,卖盘
09:49:24,103.14,0.0,4,41257,卖盘
09:49:28,103.15,0.01,10,103150,买盘
09:49:31,103.12,-0.03,3,30942,卖盘
09:49:34,103.12,0.0,8,82498,买盘
09:49:37,103.11,-0.01,26,268148,卖盘
09:49:40,103.11,0.0,7,72177,买盘
09:49:43,103.09,-0.02,6,61861,卖盘
09:49:46,103.09,0.0,2,20614,买盘
09:49:52,103.02,-0.07,7,72156,卖盘
09:50:01,103.0,-0.02,8,82413,卖盘
09:50:07,103.05,0.05,8,82423,买盘
09:50:10,103.05,0.0,2,20610,买盘
09:50:13,103.05,0.0,12,123616,买盘
09:50:16,103.05,0.0,2,20605,买盘
09:50:19,103.0,-0.05,21,216300,卖盘
09:50:22,103.0,0.0,8,82402,卖盘
09:50:28,102.98,-0.02,12,123602,卖盘
09:50:31,103.01,0.03,10,102990,买盘
09:50:34,102.98,-0.03,24,247164,中性盘
09:50:37,102.94,-0.04,1,10294,卖盘
09:50:40,102.88,-0.06,3,30884,卖盘
09:50:43,102.85,-0.03,3,30855,卖盘
09:50:46,102.88,0.03,4,41149,买盘
09:50:51,102.88,0.0,2,20576,买盘
09:50:55,102.85,-0.03,2,20570,卖盘
09:50:58,102.85,0.0,5,51436,卖盘
09:51:04,102.97,0.12,13,133735,中性盘
09:51:07,102.87,-0.1,3,30881,卖盘
09:51:13,102.88,0.01,6,61728,卖盘
09:51:16,102.88,0.0,1,10288,买盘
09:51:19,102.87,-0.01,3,30862,卖盘
09:51:22,102.88,0.01,25,257176,买盘
09:51:28,102.96,0.08,2,20592,买盘
09:51:31,102.87,-0.09,2,20575,卖盘
09:51:34,102.88,0.01,2,20576,中性盘
09:51:37,102.96,0.08,5,51476,买盘
09:51:39,102.96,0.0,4,41176,买盘
09:51:43,102.88,-0.08,8,82318,卖盘
09:51:46,102.97,0.09,14,144093,买盘
09:51:52,102.85,-0.12,6,61724,卖盘
09:52:01,102.85,0.0,3,30858,卖盘
09:52:05,102.86,0.01,20,205705,买盘
09:52:07,102.85,-0.01,6,61715,中性盘
09:52:10,102.84,-0.01,1,10284,中性盘
09:52:13,102.8,-0.04,10,102805,卖盘
09:52:16,102.84,0.04,4,41138,买盘
09:52:19,102.85,0.01,13,133677,买盘
09:52:22,102.83,-0.02,11,113131,卖盘
09:52:25,102.83,0.0,3,30849,买盘
09:52:27,102.83,0.0,14,143962,买盘
09:52:31,102.75,-0.08,9,92520,卖盘
09:52:34,102.75,0.0,2,20550,卖盘
09:52:37,102.83,0.08,3,30843,买盘
09:52:39,102.75,-0.08,4,41116,中性盘
09:52:43,102.73,-0.02,9,92457,卖盘
09:52:46,102.76,0.03,3,30828,卖盘
09:52:52,102.76,0.0,3,30828,买盘
09:53:01,102.73,-0.03,7,71914,卖盘
09:53:05,102.73,0.0,7,71911,买盘
09:53:07,102.72,-0.01,3,30816,卖盘
09:53:10,102.7,-0.02,17,174615,卖盘
09:53:13,102.72,0.02,1,10272,买盘
09:53:16,102.7,-0.02,1,10270,卖盘
09:53:19,102.7,0.0,16,164320,卖盘
09:53:22,102.7,0.0,4,41080,买盘
09:53:25,102.65,-0.05,5,51325,卖盘
09:53:28,102.65,0.0,1,10265,买盘
09:53:31,102.65,0.0,3,30795,买盘
09:53:34,102.65,0.0,3,30791,买盘
09:53:37,102.63,-0.02,3,30791,卖盘
09:53:40,102.63,0.0,12,123156,买盘
09:53:43,102.62,-0.01,9,92358,卖盘
09:53:46,102.62,0.0,17,174455,卖盘
09:53:49,102.62,0.0,1,10262,买盘
09:53:52,102.62,0.0,4,41048,买盘
09:53:55,102.63,0.01,9,92367,买盘
09:53:58,102.61,-0.02,11,112870,买盘
09:54:10,102.62,0.01,13,133400,买盘
09:54:13,102.61,-0.01,3,30783,卖盘
09:54:16,102.6,-0.01,17,174433,卖盘
09:54:19,102.6,0.0,33,338580,买盘
09:54:22,102.6,0.0,24,246240,买盘
09:54:25,102.56,-0.04,8,82068,卖盘
09:54:31,102.6,0.04,3,30778,买盘
09:54:34,102.6,0.0,94,964440,买盘
09:54:37,102.62,0.02,2,20522,买盘
09:54:40,102.62,0.0,11,112868,买盘
09:54:43,102.62,0.0,12,123126,买盘
09:54:46,102.58,-0.04,67,687470,卖盘
09:54:49,102.63,0.05,35,359114,买盘
09:54:52,102.58,-0.05,34,348796,卖盘
09:54:58,102.62,0.04,2,20524,买盘
09:55:00,102.63,0.01,1,10263,卖盘
09:55:04,102.72,0.09,5,51356,买盘
09:55:07,102.72,0.0,3,30815,买盘
09:55:10,102.73,0.01,3,30817,买盘
09:55:13,102.76,0.03,2,20552,买盘
09:55:16,102.76,0.0,10,102760,买盘
09:55:19,102.76,0.0,25,256897,买盘
09:55:22,102.76,0.0,19,195244,买盘
09:55:25,102.75,-0.01,10,102750,中性盘
09:55:28,102.75,0.0,9,92475,买盘
09:55:31,102.75,0.0,4,41100,买盘
09:55:34,102.75,0.0,23,236342,买盘
09:55:37,102.82,0.07,2,20557,买盘
09:55:40,102.81,-0.01,3,30843,买盘
09:55:43,102.85,0.04,2,20568,买盘
09:55:46,102.85,0.0,3,30855,买盘
09:55:48,102.85,0.0,2,20570,买盘
09:55:52,102.85,0.0,1,10285,卖盘
09:55:55,102.9,0.05,2,20580,买盘
09:55:58,102.9,0.0,3,30870,买盘
09:56:01,102.97,0.07,2,20594,买盘
09:56:04,102.98,0.01,13,133766,买盘
09:56:07,102.75,-0.23,7,71966,卖盘
09:56:10,102.98,0.23,2,20596,买盘
09:56:12,102.77,-0.21,2,20554,卖盘
09:56:16,102.77,0.0,7,71939,买盘
09:56:22,102.98,0.21,2,20596,买盘
09:56:25,102.98,0.0,1,10298,买盘
09:56:28,102.96,-0.02,1,10296,中性盘
09:56:36,102.98,0.02,14,144160,买盘
09:56:43,102.98,0.0,12,123582,卖盘
09:56:46,102.97,-0.01,13,133893,卖盘
09:56:49,103.0,0.03,7,72082,买盘
09:56:52,102.97,-0.03,5,51489,中性盘
09:56:58,102.98,0.01,2,20596,买盘
09:57:01,102.97,-0.01,10,102976,卖盘
09:57:07,102.98,0.01,2,20596,买盘
09:57:10,102.98,0.0,8,82384,买盘
09:57:13,102.8,-0.18,9,92520,卖盘
09:57:16,103.0,0.2,7,72058,买盘
09:57:19,102.98,-0.02,4,41192,中性盘
09:57:22,102.97,-0.01,6,61701,中性盘
09:57:25,102.97,0.0,1,10297,买盘
09:57:28,102.97,0.0,10,102842,买盘
09:57:31,102.97,0.0,11,113267,买盘
09:57:34,102.8,-0.17,3,30840,卖盘
09:57:37,102.97,0.17,6,61782,买盘
09:57:40,102.97,0.0,1,10297,买盘
09:57:43,102.97,0.0,9,92593,买盘
09:57:46,102.79,-0.18,1,10279,卖盘
09:57:49,102.81,0.02,12,123364,买盘
09:57:52,102.81,0.0,7,71967,买盘
09:57:55,102.81,0.0,2,20562,买盘
09:57:58,102.78,-0.03,30,308344,卖盘
09:58:01,102.77,-0.01,12,123338,卖盘
09:58:04,102.77,0.0,2,20554,卖盘
09:58:07,102.81,0.04,13,133653,买盘
09:58:10,102.77,-0.04,6,61668,卖盘
09:58:13,102.79,0.02,13,133647,卖盘
09:58:19,102.8,0.01,8,82234,买盘
09:58:22,102.81,0.01,2,20562,买盘
09:58:28,102.8,-0.01,2,20561,卖盘
09:58:34,102.8,0.0,2,20561,卖盘
09:58:37,102.81,0.01,1,10281,买盘
09:58:40,102.8,-0.01,7,71963,卖盘
09:58:43,102.81,0.01,1,10281,买盘
09:58:46,102.8,-0.01,13,133650,卖盘
09:58:49,102.8,0.0,8,82232,买盘
09:58:52,102.78,-0.02,8,82228,卖盘
09:58:55,102.8,0.02,1,10280,买盘
09:58:58,102.8,0.0,3,30840,买盘
09:59:01,102.78,-0.02,7,71948,卖盘
09:59:07,102.77,-0.01,3,30832,卖盘
09:59:16,102.78,0.01,18,184999,买盘
09:59:19,102.78,0.0,30,308312,买盘
09:59:22,102.78,0.0,2,20556,买盘
09:59:25,102.75,-0.03,5,51376,卖盘
09:59:28,102.75,0.0,8,82208,卖盘
09:59:31,102.77,0.02,1,10277,买盘
09:59:37,102.78,0.01,9,92499,买盘
09:59:39,102.77,-0.01,8,82216,中性盘
09:59:43,102.75,-0.02,10,102756,卖盘
09:59:46,102.76,0.01,2,20552,买盘
09:59:49,102.75,-0.01,13,133575,卖盘
09:59:52,102.73,-0.02,12,123286,卖盘
09:59:55,102.76,0.03,4,41101,买盘
09:59:58,102.73,-0.03,8,82186,卖盘
10:00:01,102.73,0.0,13,133530,买盘
10:00:05,102.7,-0.03,3,30810,卖盘
10:00:07,102.71,0.01,8,82163,买盘
10:00:10,102.71,0.0,1,10271,买盘
10:00:16,102.7,-0.01,5,51350,中性盘
10:00:19,102.71,0.01,1,10271,买盘
10:00:22,102.73,0.02,3,30815,买盘
10:00:25,102.71,-0.02,3,30813,买盘
10:00:28,102.73,0.02,7,71888,买盘
10:00:30,102.69,-0.04,1,10269,买盘
10:00:37,102.68,-0.01,5,51343,卖盘
10:00:40,102.72,0.04,1,10272,买盘
10:00:42,102.72,0.0,15,154039,买盘
10:00:46,102.72,0.0,3,30816,卖盘
10:00:52,102.68,-0.04,27,277261,卖盘
10:00:55,102.63,-0.05,17,174510,卖盘
10:00:58,102.68,0.05,10,102658,买盘
10:01:01,102.68,0.0,7,71876,卖盘
10:01:04,102.65,-0.03,19,195077,卖盘
10:01:07,102.65,0.0,6,61590,买盘
10:01:19,102.65,0.0,5,51323,买盘
10:01:22,102.63,-0.02,8,82094,买盘
10:01:31,102.63,0.0,1,10263,买盘
10:01:34,102.61,-0.02,3,30784,卖盘
10:01:37,102.6,-0.01,43,441181,卖盘
10:01:40,102.58,-0.02,15,153884,卖盘
10:01:42,102.59,0.01,3,30779,中性盘
10:01:46,102.59,0.0,1,10259,买盘
10:01:49,102.58,-0.01,2,20516,卖盘
10:01:52,102.58,0.0,3,30770,买盘
10:01:55,102.57,-0.01,4,41029,中性盘
10:02:01,102.57,0.0,6,61538,买盘
10:02:05,102.57,0.0,5,51284,买盘
10:02:07,102.57,0.0,4,41026,买盘
10:02:10,102.55,-0.02,10,102556,卖盘
10:02:13,102.55,0.0,4,41020,卖盘
10:02:19,102.53,-0.02,24,246110,卖盘
10:02:22,102.53,0.0,6,61514,买盘
10:02:24,102.53,0.0,36,369103,买盘
10:02:28,102.52,-0.01,2,20504,卖盘
10:02:31,102.51,-0.01,4,41006,卖盘
10:02:36,102.53,0.02,11,112774,买盘
10:02:40,102.53,0.0,19,194801,买盘
10:02:43,102.51,-0.02,3,30763,卖盘
10:02:46,102.53,0.02,18,184570,卖盘
10:02:49,102.57,0.04,8,82056,买盘
10:02:52,102.57,0.0,2,20510,买盘
10:02:55,102.57,0.0,22,225618,买盘
10:02:58,102.57,0.0,22,225660,买盘
10:03:01,102.53,-0.04,3,30767,卖盘
10:03:05,102.57,0.04,1,10257,买盘
10:03:07,102.57,0.0,1,10257,买盘
10:03:10,102.56,-0.01,11,112811,买盘
10:03:13,102.57,0.01,6,61535,买盘
10:03:16,102.53,-0.04,1,10253,卖盘
10:03:18,102.55,0.02,19,194825,买盘
10:03:22,102.53,-0.02,17,174319,卖盘
10:03:25,102.55,0.02,14,143569,买盘
10:03:28,102.55,0.0,15,153821,买盘
10:03:31,102.54,-0.01,8,82038,卖盘
10:03:34,102.55,0.01,3,30764,买盘
10:03:37,102.55,0.0,1,10255,买盘
10:03:39,102.55,0.0,2,20509,买盘
10:03:43,102.55,0.0,14,143570,买盘
10:03:46,102.55,0.0,76,779378,买盘
10:03:49,102.54,-0.01,11,112794,卖盘
10:03:52,102.55,0.01,26,266630,买盘
10:03:55,102.55,0.0,17,174322,买盘
10:03:58,102.55,0.0,9,92295,买盘
10:04:01,102.54,-0.01,17,174326,卖盘
10:04:07,102.56,0.02,5,51277,买盘
10:04:10,102.56,0.0,7,71789,买盘
10:04:13,102.58,0.02,29,303018,买盘
10:04:15,102.58,0.0,11,112838,卖盘
10:04:19,102.58,0.0,1,10258,卖盘
10:04:21,102.62,0.04,2,20524,买盘
10:04:28,102.65,0.03,4,41060,买盘
10:04:31,102.55,-0.1,96,979080,卖盘
10:04:34,102.55,0.0,5,51275,买盘
10:04:37,102.55,0.0,3,30765,买盘
10:04:40,102.55,0.0,4,41020,买盘
10:04:43,102.54,-0.01,26,266627,卖盘
10:04:46,102.55,0.01,21,215348,买盘
10:04:49,102.53,-0.02,17,174324,卖盘
10:04:52,102.54,0.01,17,174316,买盘
10:04:55,102.53,-0.01,21,215322,卖盘
10:04:58,102.55,0.02,66,676724,买盘
10:05:01,102.54,-0.01,14,143535,中性盘
10:05:05,102.55,0.01,22,225609,买盘
10:05:07,102.55,0.0,21,220890,买盘
10:05:10,102.55,0.0,2,20510,卖盘
10:05:13,102.55,0.0,2,20510,卖盘
10:05:16,102.54,-0.01,2,20509,卖盘
10:05:19,102.55,0.01,7,71784,中性盘
10:05:22,102.54,-0.01,14,143559,卖盘
10:05:25,102.55,0.01,1,10255,买盘
10:05:28,102.65,0.1,11,112858,买盘
10:05:31,102.54,-0.11,10,97010,卖盘
10:05:34,102.54,0.0,4,46553,买盘
10:05:37,102.55,0.01,4,41020,卖盘
10:05:40,102.54,-0.01,3,30764,卖盘
10:05:43,102.64,0.1,7,71784,买盘
10:05:46,102.56,-0.08,1,10256,中性盘
10:05:49,102.55,-0.01,2,20510,卖盘
10:05:52,102.54,-0.01,2,20509,卖盘
10:05:55,102.55,0.01,3,30765,买盘
10:05:58,102.6,0.05,3,30786,卖盘
10:06:01,102.56,-0.04,5,51278,卖盘
10:06:07,102.64,0.08,2,20528,买盘
10:06:10,102.51,-0.13,200,2050484,卖盘
10:06:12,102.5,-0.01,77,789402,卖盘
10:06:16,102.5,0.0,40,410114,卖盘
10:06:19,102.51,0.01,45,461240,买盘
10:06:22,102.5,-0.01,28,287031,卖盘
10:06:25,102.5,0.0,3,30750,买盘
10:06:28,102.64,0.14,24,246108,买盘
10:06:30,102.5,-0.14,14,143504,卖盘
10:06:37,102.55,0.05,9,92272,买盘
10:06:40,102.55,0.0,2,20510,买盘
10:06:43,102.55,0.0,36,369180,买盘
10:06:46,102.47,-0.08,23,235773,卖盘
10:06:49,102.51,0.04,2,20502,卖盘
10:06:52,102.55,0.04,11,112783,买盘
10:07:01,102.5,-0.05,5,51250,卖盘
10:07:05,102.49,-0.01,11,112747,卖盘
10:07:07,102.5,0.01,38,389583,中性盘
10:07:10,102.5,0.0,13,133255,卖盘
10:07:16,102.52,0.02,8,82002,卖盘
10:07:22,102.52,0.0,1,10252,买盘
10:07:25,102.5,-0.02,6,61500,卖盘
10:07:28,102.52,0.02,9,92259,买盘
10:07:34,102.48,-0.04,5,51242,卖盘
10:07:37,102.47,-0.01,12,122984,卖盘
10:07:43,102.52,0.05,9,92253,买盘
10:07:52,102.53,0.01,2,20505,买盘
10:07:58,102.52,-0.01,4,41008,卖盘
10:08:01,102.52,0.0,1,10252,买盘
10:08:07,102.52,0.0,5,51260,买盘
10:08:10,102.49,-0.03,6,61500,卖盘
10:08:13,102.5,0.01,10,102500,中性盘
10:08:16,102.5,0.0,2,20502,卖盘
10:08:19,102.5,0.0,8,82000,卖盘
10:08:22,102.51,0.01,14,143502,买盘
10:08:28,102.5,-0.01,5,51250,卖盘
10:08:31,102.5,0.0,24,245989,卖盘
10:08:34,102.5,0.0,10,102500,买盘
10:08:37,102.5,0.0,5,51249,买盘
10:08:40,102.5,0.0,14,143476,买盘
10:08:43,102.47,-0.03,41,420125,卖盘
10:08:46,102.45,-0.02,67,686505,卖盘
10:08:49,102.46,0.01,38,389367,卖盘
10:08:52,102.42,-0.04,13,133166,买盘
10:08:55,102.4,-0.02,28,286755,卖盘
10:08:58,102.41,0.01,11,112659,中性盘
10:09:01,102.4,-0.01,5,51202,卖盘
10:09:07,102.44,0.04,1,10244,买盘
10:09:13,102.44,0.0,2,20488,买盘
10:09:15,102.44,0.0,6,61464,买盘
10:09:19,102.44,0.0,19,194599,买盘
10:09:22,102.43,-0.01,21,215077,中性盘
10:09:25,102.41,-0.02,8,81925,中性盘
10:09:28,102.4,-0.01,15,153601,卖盘
10:09:31,102.4,0.0,12,122912,卖盘
10:09:34,102.41,0.01,1,10241,中性盘
10:09:37,102.45,0.04,2,20490,买盘
10:09:39,102.42,-0.03,4,40968,卖盘
10:09:43,102.41,-0.01,4,40968,卖盘
10:09:51,102.44,0.03,5,51220,买盘
10:09:55,102.41,-0.03,2,20483,卖盘
10:09:58,102.42,0.01,1,10242,买盘
10:10:02,102.42,0.0,1,10242,买盘
10:10:04,102.41,-0.01,2,20483,卖盘
10:10:07,102.41,0.0,18,184341,卖盘
10:10:10,102.42,0.01,24,245786,买盘
10:10:13,102.41,-0.01,31,317482,卖盘
10:10:16,102.41,0.0,22,225283,买盘
10:10:19,102.41,0.0,7,71687,买盘
10:10:22,102.4,-0.01,10,102405,卖盘
10:10:24,102.41,0.01,11,112651,买盘
10:10:28,102.41,0.0,6,61441,买盘
10:10:31,102.41,0.0,7,71687,卖盘
10:10:34,102.42,0.01,1,10242,买盘
10:10:37,102.42,0.0,1,10242,买盘
10:10:43,102.41,-0.01,2,20482,卖盘
10:10:46,102.42,0.01,10,102420,买盘
10:10:49,102.42,0.0,16,163872,买盘
10:10:52,102.42,0.0,15,153625,买盘
10:10:55,102.42,0.0,44,450624,买盘
10:10:58,102.42,0.0,10,102413,买盘
10:11:01,102.42,0.0,21,215078,买盘
10:11:04,102.43,0.01,8,81937,买盘
10:11:07,102.41,-0.02,29,297007,卖盘
10:11:10,102.5,0.09,16,163866,买盘
10:11:13,102.43,-0.07,2,20485,买盘
10:11:16,102.4,-0.03,3,30722,卖盘
10:11:22,102.5,0.1,87,891156,买盘
10:11:25,102.45,-0.05,6,61490,卖盘
10:11:28,102.42,-0.03,17,174159,卖盘
10:11:37,102.55,0.13,5,51275,买盘
10:11:40,102.49,-0.06,6,61512,卖盘
10:11:42,102.49,0.0,2,20498,买盘
10:11:46,102.57,0.08,7,71789,买盘
10:11:49,102.54,-0.03,5,51270,买盘
10:11:58,102.55,0.01,1,10255,买盘
10:12:04,102.55,0.0,2,20509,买盘
10:12:07,102.55,0.0,9,92288,买盘
10:12:10,102.53,-0.02,3,30759,买盘
10:12:13,102.53,0.0,6,61518,买盘
10:12:16,102.53,0.0,1,10253,买盘
10:12:22,102.53,0.0,2,20506,买盘
10:12:25,102.53,0.0,1,10253,买盘
10:12:31,102.5,-0.03,1,10250,中性盘
10:12:34,102.53,0.03,1,10253,买盘
10:12:37,102.53,0.0,3,30759,买盘
10:12:43,102.53,0.0,1,10253,买盘
10:12:51,102.5,-0.03,2,20500,中性盘
10:12:55,102.49,-0.01,1,10249,卖盘
10:12:58,102.49,0.0,11,112740,卖盘
10:13:01,102.5,0.01,8,81996,买盘
10:13:04,102.5,0.0,7,71750,卖盘
10:13:07,102.52,0.02,3,30756,买盘
10:13:10,102.52,0.0,4,41006,买盘
10:13:13,102.52,0.0,4,41008,买盘
10:13:16,102.52,0.0,31,317766,买盘
10:13:19,102.5,-0.02,13,133250,中性盘
10:13:22,102.5,0.0,2,20500,买盘
10:13:25,102.49,-0.01,1,10249,卖盘
10:13:28,102.5,0.01,3,30749,买盘
10:13:31,102.49,-0.01,22,225506,卖盘
10:13:34,102.49,0.0,9,92241,中性盘
10:13:37,102.5,0.01,3,30749,买盘
10:13:43,102.49,-0.01,2,20498,买盘
10:13:49,102.48,-0.01,23,235742,买盘
10:13:52,102.48,0.0,7,71735,买盘
10:13:55,102.48,0.0,8,81981,买盘
10:13:58,102.47,-0.01,2,20495,卖盘
10:14:07,102.48,0.01,2,20496,买盘
10:14:10,102.48,0.0,6,61488,买盘
10:14:13,102.48,0.0,31,317688,买盘
10:14:16,102.47,-0.01,7,71730,卖盘
10:14:19,102.47,0.0,7,71729,卖盘
10:14:22,102.47,0.0,2,20494,买盘
10:14:25,102.47,0.0,2,20494,买盘
10:14:28,102.47,0.0,2,20494,买盘
10:14:30,102.46,-0.01,12,122963,卖盘
10:14:34,102.47,0.01,8,81980,中性盘
10:14:37,102.48,0.01,15,153720,买盘
10:14:39,102.47,-0.01,3,30741,卖盘
10:14:49,102.48,0.01,13,133224,买盘
10:14:52,102.5,0.02,1,10250,买盘
10:14:55,102.48,-0.02,21,215208,卖盘
10:14:58,102.47,-0.01,31,317665,卖盘
10:15:04,102.47,0.0,1,10247,卖盘
10:15:07,102.47,0.0,26,266433,卖盘
10:15:10,102.48,0.01,25,256197,买盘
10:15:13,102.47,-0.01,32,327907,卖盘
10:15:15,102.46,-0.01,12,122957,卖盘
10:15:19,102.46,0.0,7,71729,卖盘
10:15:22,102.47,0.01,39,399633,买盘
10:15:25,102.47,0.0,5,51231,买盘
10:15:28,102.47,0.0,1,10247,买盘
10:15:31,102.47,0.0,1,10247,买盘
10:15:34,102.47,0.0,56,573820,买盘
10:15:37,102.47,0.0,13,133203,买盘
10:15:40,102.43,-0.04,5,51219,卖盘
10:15:43,102.47,0.04,2,20494,买盘
10:15:46,102.45,-0.02,3,30739,卖盘
10:15:52,102.47,0.02,2,20494,买盘
10:15:55,102.45,-0.02,5,51227,卖盘
10:16:01,102.45,0.0,2,20491,卖盘
10:16:04,102.47,0.02,12,122961,买盘
10:16:07,102.47,0.0,1,10247,买盘
10:16:13,102.47,0.0,76,778763,买盘
10:16:16,102.47,0.0,16,163946,卖盘
10:16:19,102.46,-0.01,7,71725,买盘
10:16:25,102.46,0.0,2,20492,买盘
10:16:31,102.45,-0.01,1,10245,卖盘
10:16:34,102.46,0.01,1,10246,买盘
10:16:37,102.46,0.0,12,122942,买盘
10:16:40,102.45,-0.01,22,225390,卖盘
10:16:43,102.45,0.0,311,3184939,卖盘
10:16:46,102.4,-0.05,50,512012,卖盘
10:16:49,102.45,0.05,1,10245,中性盘
10:16:52,102.45,0.0,6,61445,买盘
10:17:05,102.4,-0.05,12,122895,卖盘
10:17:07,102.45,0.05,2,20490,买盘
10:17:10,102.45,0.0,4,40980,买盘
10:17:16,102.45,0.0,1,10245,卖盘
10:17:19,102.45,0.0,27,276615,卖盘
10:17:22,102.44,-0.01,3,30732,买盘
10:17:25,102.46,0.02,1,10246,买盘
10:17:37,102.44,-0.02,2,20488,买盘
10:17:40,102.44,0.0,1,10244,买盘
10:17:43,102.44,0.0,2,20488,买盘
10:17:51,102.41,-0.03,11,112658,卖盘
10:17:55,102.41,0.0,3,30723,买盘
10:17:58,102.41,0.0,47,481502,买盘
10:18:01,102.41,0.0,14,143374,买盘
10:18:05,102.41,0.0,11,112643,买盘
10:18:07,102.41,0.0,2,20482,买盘
10:18:10,102.41,0.0,2,20482,买盘
10:18:16,102.41,0.0,3,30723,卖盘
10:18:19,102.41,0.0,3,30723,买盘
10:18:28,102.41,0.0,1,10241,卖盘
10:18:37,102.39,-0.02,104,1064994,卖盘
10:18:40,102.45,0.06,2,20486,买盘
10:18:42,102.45,0.0,2,20489,买盘
10:18:46,102.41,-0.04,1,10241,卖盘
10:18:49,102.4,-0.01,4,40962,卖盘
10:18:52,102.4,0.0,18,184305,买盘
10:18:55,102.4,0.0,3,30720,买盘
10:18:58,102.4,0.0,7,71680,买盘
10:19:01,102.4,0.0,3,30726,卖盘
10:19:04,102.4,0.0,12,122880,卖盘
10:19:07,102.41,0.01,16,163849,买盘
10:19:09,102.41,0.0,1,10241,买盘
10:19:13,102.41,0.0,3,30723,买盘
10:19:16,102.41,0.0,7,71683,买盘
10:19:19,102.41,0.0,7,71684,买盘
10:19:22,102.41,0.0,2,20482,中性盘
10:19:25,102.41,0.0,5,51205,卖盘
10:19:37,102.44,0.03,1,10244,买盘
10:19:40,102.44,0.0,4,40975,买盘
10:19:42,102.4,-0.04,167,1710165,卖盘
10:19:46,102.4,0.0,30,307174,买盘
10:19:49,102.4,0.0,4,40960,买盘
10:19:52,102.4,0.0,12,122880,买盘
10:19:55,102.4,0.0,8,81920,买盘
10:19:58,102.4,0.0,6,61432,买盘
10:20:01,102.39,-0.01,1,10239,卖盘
10:20:05,102.4,0.01,3,30720,买盘
10:20:07,102.4,0.0,11,112640,买盘
10:20:10,102.4,0.0,1,10240,买盘
10:20:13,102.4,0.0,4,40958,买盘
10:20:16,102.4,0.0,10,102400,买盘
10:20:19,102.39,-0.01,7,71669,中性盘
10:20:22,102.39,0.0,3,30717,买盘
10:20:25,102.39,0.0,1,10239,买盘
10:20:28,102.39,0.0,11,112629,买盘
10:20:31,102.39,0.0,16,163824,卖盘
10:20:37,102.4,0.01,1,10240,买盘
10:20:40,102.39,-0.01,3,30717,卖盘
10:20:43,102.4,0.01,17,174065,买盘
10:20:46,102.4,0.0,9,92155,买盘
10:20:52,102.4,0.0,17,174080,买盘
10:20:55,102.4,0.0,2,20480,买盘
10:21:01,102.39,-0.01,2,20478,卖盘
10:21:04,102.39,0.0,2,20478,卖盘
10:21:07,102.4,0.01,1,10240,买盘
10:21:10,102.4,0.0,10,102391,买盘
10:21:13,102.4,0.0,7,71674,买盘
10:21:22,102.4,0.0,3,30719,买盘
10:21:24,102.39,-0.01,38,389084,卖盘
10:21:28,102.39,0.0,16,163813,买盘
10:21:31,102.39,0.0,3,30717,买盘
10:21:34,102.39,0.0,1,10239,买盘
10:21:37,102.39,0.0,2,20477,买盘
10:21:39,102.39,0.0,2,20478,买盘
10:21:42,102.38,-0.01,2,20476,卖盘
10:21:46,102.39,0.01,2,20477,买盘
10:21:49,102.39,0.0,2,20478,买盘
10:21:52,102.39,0.0,7,71673,买盘
10:21:55,102.39,0.0,1,10239,买盘
10:21:58,102.39,0.0,11,112622,买盘
10:22:00,102.38,-0.01,3,30716,卖盘
10:22:04,102.38,0.0,50,511919,卖盘
10:22:07,102.38,0.0,17,174031,买盘
10:22:10,102.39,0.01,3,30717,买盘
10:22:13,102.38,-0.01,4,40955,卖盘
10:22:16,102.37,-0.01,4,40948,卖盘
10:22:22,102.37,0.0,2,20474,卖盘
10:22:25,102.37,0.0,3,30711,买盘
10:22:34,102.37,0.0,1,10237,买盘
10:22:37,102.37,0.0,2,20474,买盘
10:22:43,102.37,0.0,5,51185,买盘
10:22:45,102.36,-0.01,10,102366,卖盘
10:22:49,102.37,0.01,9,92125,买盘
10:22:52,102.37,0.0,8,83527,买盘
10:22:55,102.36,-0.01,4,40944,卖盘
10:23:00,102.36,0.0,6,61418,卖盘
10:23:05,102.36,0.0,4,40944,卖盘
10:23:07,102.37,0.01,4,40948,买盘
10:23:10,102.37,0.0,22,223564,买盘
10:23:13,102.37,0.0,4,40947,买盘
10:23:16,102.35,-0.02,3,30707,卖盘
10:23:18,102.35,0.0,1,10235,卖盘
10:23:22,102.36,0.01,1,10236,买盘
10:23:25,102.36,0.0,2,20472,买盘
10:23:28,102.35,-0.01,1,10235,卖盘
10:23:34,102.35,0.0,20,204700,卖盘
10:23:37,102.36,0.01,4,40942,买盘
10:23:40,102.34,-0.02,3,30704,卖盘
10:23:46,102.36,0.02,2,20472,买盘
10:23:49,102.36,0.0,1,10236,买盘
10:23:52,102.36,0.0,59,603716,买盘
10:23:55,102.34,-0.02,5,51169,卖盘
10:23:58,102.34,0.0,35,358166,买盘
10:24:01,102.31,-0.03,6,61401,卖盘
10:24:04,102.31,0.0,11,112540,中性盘
10:24:07,102.33,0.02,3,30699,买盘
10:24:10,102.31,-0.02,5,51155,卖盘
10:24:13,102.31,0.0,1,10231,卖盘
10:24:16,102.33,0.02,1,10233,买盘
10:24:18,102.31,-0.02,61,624094,卖盘
10:24:22,102.33,0.02,12,122785,买盘
10:24:25,102.32,-0.01,4,40928,卖盘
10:24:28,102.33,0.01,1,10233,买盘
10:24:31,102.33,0.0,7,71624,买盘
10:24:34,102.31,-0.02,11,112543,卖盘
10:24:36,102.32,0.01,4,40927,买盘
10:24:40,102.31,-0.01,21,214862,卖盘
10:24:43,102.31,0.0,4,40924,卖盘
10:24:46,102.32,0.01,31,317192,买盘
10:24:49,102.32,0.0,13,133016,买盘
10:24:52,102.32,0.0,16,163700,买盘
10:24:55,102.32,0.0,19,194406,买盘
10:24:57,102.31,-0.01,6,61388,卖盘
10:25:01,102.32,0.01,3,30696,买盘
10:25:04,102.31,-0.01,12,122783,卖盘
10:25:07,102.32,0.01,8,81855,买盘
10:25:10,102.32,0.0,27,276262,买盘
10:25:13,102.32,0.0,26,266027,买盘
10:25:16,102.31,-0.01,9,92082,卖盘
10:25:18,102.32,0.01,18,184174,买盘
10:25:22,102.32,0.0,5,51158,买盘
10:25:24,102.31,-0.01,1,10231,卖盘
10:25:28,102.32,0.01,2,20464,买盘
10:25:31,102.32,0.0,7,71622,买盘
10:25:34,102.31,-0.01,2,20463,卖盘
10:25:37,102.32,0.01,18,184176,买盘
10:25:40,102.3,-0.02,33,337623,卖盘
10:25:43,102.3,0.0,13,132998,卖盘
10:25:46,102.31,0.01,2,20462,买盘
10:25:49,102.31,0.0,5,51154,买盘
10:25:52,102.31,0.0,4,40926,卖盘
10:25:55,102.32,0.01,1,10232,买盘
10:25:58,102.31,-0.01,1,10231,卖盘
10:26:04,102.32,0.01,1,10232,买盘
10:26:07,102.32,0.0,7,71623,买盘
10:26:10,102.31,-0.01,2,20463,卖盘
10:26:13,102.33,0.02,68,695782,买盘
10:26:16,102.33,0.0,5,51165,买盘
10:26:22,102.38,0.05,1,10238,买盘
10:26:27,102.39,0.01,1,10239,买盘
10:26:31,102.39,0.0,5,51195,卖盘
10:26:34,102.4,0.01,2,20480,买盘
10:26:37,102.4,0.0,18,184319,买盘
10:26:40,102.4,0.0,6,61440,买盘
10:26:43,102.39,-0.01,1,10239,卖盘
10:26:46,102.4,0.01,10,102399,买盘
10:26:49,102.39,-0.01,15,148474,卖盘
10:26:52,102.4,0.01,15,153599,买盘
10:26:55,102.4,0.0,8,81920,买盘
10:26:58,102.31,-0.09,101,1033522,卖盘
10:27:01,102.4,0.09,12,122880,卖盘
10:27:04,102.4,0.0,2,20480,买盘
10:27:07,102.39,-0.01,2,20479,卖盘
10:27:09,102.4,0.01,14,143352,买盘
10:27:16,102.39,-0.01,10,102366,买盘
10:27:22,102.39,0.0,14,143346,买盘
10:27:28,102.39,0.0,3,30717,卖盘
10:27:31,102.42,0.03,1,10242,买盘
10:27:33,102.43,0.01,8,81938,买盘
10:27:37,102.43,0.0,1,10243,中性盘
10:27:40,102.35,-0.08,28,286604,卖盘
10:27:43,102.35,0.0,1,10235,买盘
10:27:46,102.33,-0.02,2,20468,卖盘
10:27:49,102.35,0.02,1,10235,买盘
10:27:52,102.35,0.0,7,71645,买盘
10:27:57,102.33,-0.02,2,20466,卖盘
10:28:01,102.35,0.02,3,30705,买盘
10:28:04,102.35,0.0,2,20470,买盘
10:28:07,102.35,0.0,5,51175,买盘
10:28:10,102.34,-0.01,12,122802,中性盘
10:28:13,102.34,0.0,18,184208,买盘
10:28:16,102.34,0.0,4,40936,买盘
10:28:19,102.33,-0.01,15,153500,卖盘
10:28:22,102.33,0.0,35,358155,卖盘
10:28:25,102.32,-0.01,12,122785,卖盘
10:28:28,102.32,0.0,11,112562,卖盘
10:28:31,102.33,0.01,2,20466,买盘
10:28:34,102.33,0.0,11,112563,买盘
10:28:37,102.32,-0.01,2,20465,卖盘
10:28:40,102.33,0.01,2,20466,买盘
10:28:49,102.33,0.0,7,71631,买盘
10:28:52,102.33,0.0,6,61398,买盘
10:28:55,102.33,0.0,11,112556,买盘
10:28:57,102.33,0.0,74,757242,买盘
10:29:01,102.33,0.0,25,255825,卖盘
10:29:04,102.39,0.06,12,122868,买盘
10:29:15,102.4,0.01,1,10240,卖盘
10:29:19,102.45,0.05,4,40980,买盘
10:29:28,102.47,0.02,2,20494,买盘
10:29:31,102.45,-0.02,7,71719,卖盘
10:29:34,102.45,0.0,16,163860,买盘
10:29:39,102.45,0.0,2,20490,买盘
10:29:43,102.4,-0.05,2,20480,卖盘
10:29:46,102.4,0.0,8,81920,买盘
10:29:49,102.4,0.0,7,71680,买盘
10:29:55,102.4,0.0,1,10240,买盘
10:29:58,102.4,0.0,11,112640,买盘
10:30:00,102.4,0.0,2,20480,买盘
10:30:04,102.4,0.0,30,307180,买盘
10:30:07,102.4,0.0,12,122880,买盘
10:30:10,102.39,-0.01,46,471003,卖盘
10:30:13,102.39,0.0,4,40956,买盘
10:30:16,102.39,0.0,8,81912,买盘
10:30:19,102.39,0.0,21,215007,买盘
10:30:22,102.39,0.0,1,10239,买盘
10:30:25,102.38,-0.01,10,102381,卖盘
10:30:28,102.39,0.01,8,81907,买盘
10:30:31,102.39,0.0,2,20478,买盘
10:30:34,102.38,-0.01,6,61433,卖盘
10:30:37,102.39,0.01,1,10239,买盘
10:30:40,102.39,0.0,3,30717,买盘
10:30:46,102.39,0.0,17,174063,买盘
10:30:49,102.38,-0.01,16,163815,卖盘
10:30:52,102.39,0.01,2,20477,买盘
10:30:55,102.38,-0.01,1,10238,买盘
10:30:58,102.37,-0.01,52,532411,卖盘
10:31:01,102.38,0.01,1,10238,买盘
10:31:05,102.38,0.0,4,40952,买盘
10:31:07,102.38,0.0,5,51190,买盘
10:31:10,102.38,0.0,3,30714,买盘
10:31:13,102.38,0.0,5,51188,买盘
10:31:15,102.36,-0.02,11,112596,卖盘
10:31:19,102.37,0.01,2,20474,买盘
10:31:22,102.37,0.0,1,10237,卖盘
10:31:25,102.38,0.01,1,10238,买盘
10:31:28,102.38,0.0,4,40952,买盘
10:31:31,102.38,0.0,7,71663,买盘
10:31:34,102.4,0.02,9,92142,买盘
10:31:37,102.38,-0.02,5,51194,卖盘
10:31:40,102.38,0.0,11,112618,卖盘
10:31:43,102.38,0.0,1,10238,中性盘
10:31:46,102.38,0.0,2,20476,卖盘
10:31:49,102.45,0.07,14,143355,买盘
10:31:52,102.38,-0.07,7,71694,卖盘
10:31:54,102.38,0.0,1,10238,卖盘
10:31:58,102.38,0.0,8,81904,卖盘
10:32:05,102.43,0.05,17,174081,买盘
10:32:07,102.4,-0.03,4,40960,卖盘
10:32:10,102.4,0.0,1,10240,卖盘
10:32:13,102.38,-0.02,11,112638,卖盘
10:32:16,102.38,0.0,5,51194,卖盘
10:32:18,102.4,0.02,11,112637,买盘
10:32:34,102.42,0.02,2,20484,买盘
10:32:36,102.42,0.0,5,51214,卖盘
10:32:40,102.42,0.0,4,40968,卖盘
10:32:46,102.42,0.0,24,245808,买盘
10:32:49,102.43,0.01,3,30727,买盘
10:32:52,102.41,-0.02,33,337988,卖盘
10:32:55,102.41,0.0,3,30723,买盘
10:32:58,102.41,0.0,5,51205,买盘
10:33:04,102.4,-0.01,24,245783,卖盘
10:33:10,102.4,0.0,5,51200,卖盘
10:33:13,102.4,0.0,15,153613,卖盘
10:33:16,102.4,0.0,3,30721,卖盘
10:33:18,102.4,0.0,12,122885,卖盘
10:33:25,102.41,0.01,2,20482,买盘
10:33:31,102.41,0.0,24,245784,买盘
10:33:34,102.41,0.0,5,51204,买盘
10:33:40,102.41,0.0,2,20482,买盘
10:33:43,102.41,0.0,5,51203,买盘
10:33:46,102.4,-0.01,11,112641,卖盘
10:33:49,102.41,0.01,25,256006,买盘
10:33:51,102.4,-0.01,20,204800,卖盘
10:33:58,102.41,0.01,15,153608,买盘
10:34:01,102.4,-0.01,2,20481,卖盘
10:34:05,102.41,0.01,4,40962,买盘
10:34:07,102.41,0.0,7,71687,买盘
10:34:13,102.41,0.0,14,143374,买盘
10:34:15,102.4,-0.01,21,215040,卖盘
10:34:19,102.4,0.0,17,174080,买盘
10:34:22,102.39,-0.01,22,225270,卖盘
10:34:25,102.4,0.01,9,92158,买盘
10:34:28,102.4,0.0,18,184320,买盘
10:34:31,102.4,0.0,2,20480,买盘
10:34:34,102.4,0.0,7,71680,买盘
10:34:40,102.4,0.0,9,92159,买盘
10:34:43,102.4,0.0,3,30720,买盘
10:34:49,102.4,0.0,11,112640,买盘
10:34:52,102.38,-0.02,22,225248,卖盘
10:34:55,102.38,0.0,20,204760,卖盘
10:34:58,102.38,0.0,7,71666,卖盘
10:35:01,102.4,0.02,6,61440,买盘
10:35:05,102.4,0.0,4,40960,买盘
10:35:07,102.38,-0.02,4,40952,中性盘
10:35:10,102.4,0.02,20,204799,买盘
10:35:12,102.37,-0.03,10,102371,卖盘
10:35:16,102.37,0.0,2,20476,卖盘
10:35:19,102.39,0.02,12,122861,中性盘
10:35:25,102.37,-0.02,6,61422,卖盘
10:35:28,102.38,0.01,2,20476,买盘
10:35:31,102.37,-0.01,1,10237,卖盘
10:35:34,102.39,0.02,2,20478,买盘
10:35:40,102.39,0.0,7,71673,卖盘
10:35:46,102.4,0.01,1,10240,买盘
10:35:49,102.4,0.0,5,51200,买盘
10:35:52,102.39,-0.01,1,10239,卖盘
10:35:58,102.4,0.01,33,337920,买盘
10:36:01,102.37,-0.03,29,296916,卖盘
10:36:04,102.37,0.0,11,112619,卖盘
10:36:10,102.39,0.02,2,20476,买盘
10:36:12,102.37,-0.02,1,10237,卖盘
10:36:19,102.37,0.0,41,419693,买盘
10:36:22,102.34,-0.03,21,214933,卖盘
10:36:25,102.34,0.0,10,102349,卖盘
10:36:28,102.33,-0.01,27,276329,卖盘
10:36:34,102.37,0.04,6,61419,买盘
10:36:37,102.33,-0.04,5,51165,卖盘
10:36:40,102.32,-0.01,15,153480,卖盘
10:36:43,102.31,-0.01,10,102317,卖盘
10:36:49,102.34,0.03,24,245623,中性盘
10:36:52,102.34,0.0,25,255856,卖盘
10:36:58,102.34,0.0,4,40936,卖盘
10:37:01,102.34,0.0,1,10234,买盘
10:37:04,102.34,0.0,4,40936,买盘
10:37:07,102.34,0.0,2,20468,买盘
10:37:09,102.33,-0.01,5,51165,卖盘
10:37:13,102.33,0.0,3,30699,卖盘
10:37:16,102.34,0.01,12,122797,买盘
10:37:19,102.33,-0.01,4,40932,买盘
10:37:22,102.34,0.01,10,102333,买盘
10:37:28,102.33,-0.01,1,10233,卖盘
10:37:30,102.33,0.0,25,255844,卖盘
10:37:34,102.33,0.0,17,173945,买盘
10:37:37,102.31,-0.02,48,491095,卖盘
10:37:40,102.3,-0.01,44,450158,卖盘
10:37:43,102.33,0.03,18,184144,买盘
10:37:46,102.33,0.0,2,20466,买盘
10:37:49,102.34,0.01,7,71633,买盘
10:37:55,102.33,-0.01,3,30699,买盘
10:37:57,102.32,-0.01,4,40925,买盘
10:38:01,102.31,-0.01,18,184177,卖盘
10:38:04,102.32,0.01,11,112554,中性盘
10:38:07,102.31,-0.01,7,71617,卖盘
10:38:09,102.32,0.01,4,40925,买盘
10:38:13,102.31,-0.01,1,10231,卖盘
10:38:16,102.31,0.0,12,122777,卖盘
10:38:19,102.31,0.0,21,214863,卖盘
10:38:22,102.31,0.0,14,143234,卖盘
10:38:24,102.32,0.01,14,143246,买盘
10:38:28,102.31,-0.01,8,81850,卖盘
10:38:31,102.31,0.0,20,204639,卖盘
10:38:34,102.31,0.0,30,306948,卖盘
10:38:37,102.31,0.0,45,460394,卖盘
10:38:40,102.3,-0.01,26,265982,卖盘
10:38:42,102.31,0.01,2,20462,买盘
10:38:46,102.31,0.0,37,378512,买盘
10:38:49,102.31,0.0,20,204613,买盘
10:38:52,102.25,-0.06,259,2654425,卖盘
10:38:55,102.2,-0.05,106,1083394,卖盘
10:38:57,102.18,-0.02,33,337194,卖盘
10:39:01,102.09,-0.09,242,2471054,卖盘
10:39:04,102.01,-0.08,126,1285510,卖盘
10:39:07,101.94,-0.07,448,4569472,卖盘
10:39:10,101.88,-0.06,37,377026,卖盘
10:39:12,101.8,-0.08,50,509108,卖盘
10:39:15,101.78,-0.02,107,1089203,卖盘
10:39:19,101.73,-0.05,24,244214,卖盘
10:39:22,101.71,-0.02,49,498431,卖盘
10:39:24,101.69,-0.02,55,559305,卖盘
10:39:28,101.61,-0.08,161,1636647,卖盘
10:39:31,101.55,-0.06,44,447054,卖盘
10:39:34,101.45,-0.1,138,1399220,卖盘
10:39:36,101.39,-0.06,78,791209,卖盘
10:39:40,101.33,-0.06,53,537243,卖盘
10:39:43,101.33,0.0,71,719531,买盘
10:39:45,101.31,-0.02,70,709363,卖盘
10:39:49,101.39,0.08,51,516831,买盘
10:39:51,101.33,-0.06,83,841484,卖盘
10:39:55,101.32,-0.01,67,679065,卖盘
10:39:58,101.41,0.09,51,517141,中性盘
10:40:01,101.41,0.0,29,294286,卖盘
10:40:04,101.5,0.09,161,1633201,买盘
10:40:07,101.5,0.0,75,761472,卖盘
10:40:10,101.72,0.22,82,832962,买盘
10:40:13,102.0,0.28,84,854646,买盘
10:40:16,101.72,-0.28,39,397121,卖盘
10:40:19,101.67,-0.05,39,396826,卖盘
10:40:22,102.0,0.33,16,162804,买盘
10:40:25,102.0,0.0,9,91800,卖盘
10:40:28,101.77,-0.23,3,30554,卖盘
10:40:31,102.06,0.29,34,346426,买盘
10:40:34,102.06,0.0,17,173493,买盘
10:40:37,101.8,-0.26,28,285380,中性盘
10:40:40,102.0,0.2,25,255092,卖盘
10:40:43,102.0,0.0,20,203672,买盘
10:40:46,101.99,-0.01,9,91696,中性盘
10:40:49,101.79,-0.2,21,213899,卖盘
10:40:52,102.0,0.21,49,499475,买盘
10:40:55,102.12,0.12,16,163256,买盘
10:40:58,101.95,-0.17,19,193876,卖盘
10:41:01,102.0,0.05,20,203985,买盘
10:41:04,102.0,0.0,34,346765,买盘
10:41:07,101.99,-0.01,53,540404,卖盘
10:41:10,101.8,-0.19,20,203796,卖盘
10:41:12,101.95,0.15,4,40786,买盘
10:41:16,102.0,0.05,5,50991,中性盘
10:41:19,101.95,-0.05,19,193811,卖盘
10:41:22,101.91,-0.04,11,112146,卖盘
10:41:25,101.9,-0.01,9,91710,买盘
10:41:31,101.98,0.08,1,10198,买盘
10:41:34,101.95,-0.03,14,142758,中性盘
10:41:37,101.95,0.0,40,407634,买盘
10:41:39,101.9,-0.05,31,315699,中性盘
10:41:43,101.82,-0.08,56,570431,卖盘
10:41:45,101.82,0.0,12,122203,卖盘
10:41:49,101.83,0.01,8,81462,中性盘
10:41:51,101.82,-0.01,23,234384,卖盘
10:41:58,101.99,0.17,7,71393,买盘
10:42:01,101.99,0.0,43,438542,卖盘
10:42:05,101.99,0.0,30,305998,卖盘
10:42:07,101.99,0.0,5,50981,买盘
10:42:10,101.94,-0.05,12,122384,卖盘
10:42:12,101.99,0.05,4,40790,买盘
10:42:16,101.94,-0.05,30,305930,卖盘
10:42:19,101.96,0.02,15,152925,买盘
10:42:22,101.93,-0.03,47,479155,卖盘
10:42:25,101.86,-0.07,73,743959,卖盘
10:42:28,101.83,-0.03,59,599430,卖盘
10:42:31,101.82,-0.01,26,264838,卖盘
10:42:33,101.85,0.03,78,794166,买盘
10:42:37,101.8,-0.05,13,132383,卖盘
10:42:40,101.85,0.05,23,234146,中性盘
10:42:42,101.85,0.0,2,20370,中性盘
10:42:46,101.85,0.0,15,152767,买盘
10:42:49,101.81,-0.04,16,162919,卖盘
10:42:52,101.86,0.05,2,20380,卖盘
10:42:55,101.94,0.08,3,30582,买盘
10:42:58,101.94,0.0,8,81552,买盘
10:43:00,101.85,-0.09,16,162987,卖盘
10:43:05,101.92,0.07,27,275101,中性盘
10:43:07,101.86,-0.06,12,122212,买盘
10:43:10,101.85,-0.01,19,193604,卖盘
10:43:13,101.84,-0.01,10,101880,买盘
10:43:19,101.92,0.08,4,40768,买盘
10:43:22,101.93,0.01,6,61155,买盘
10:43:25,101.93,0.0,22,224231,买盘
10:43:28,101.88,-0.05,9,91733,卖盘
10:43:31,101.94,0.06,9,91702,买盘
10:43:34,101.88,-0.06,17,173232,卖盘
10:43:37,101.8,-0.08,37,376753,卖盘
10:43:40,101.84,0.04,25,254544,中性盘
10:43:43,101.8,-0.04,9,91632,卖盘
10:43:46,101.82,0.02,5,50910,卖盘
10:43:49,101.88,0.06,5,50933,买盘
10:43:52,101.88,0.0,4,40734,买盘
10:43:55,101.88,0.0,40,407520,买盘
10:43:58,101.88,0.0,27,274979,中性盘
10:44:01,101.82,-0.06,11,112010,卖盘
10:44:04,101.9,0.08,5,50946,买盘
10:44:07,101.9,0.0,6,61138,买盘
10:44:10,101.9,0.0,13,132470,卖盘
10:44:13,101.85,-0.05,24,244501,卖盘
10:44:16,101.85,0.0,20,203704,卖盘
10:44:19,101.9,0.05,10,101875,买盘
10:44:22,101.9,0.0,4,40759,买盘
10:44:25,101.9,0.0,11,112090,买盘
10:44:28,101.85,-0.05,15,152804,卖盘
10:44:31,101.85,0.0,11,112035,卖盘
10:44:34,101.91,0.06,6,61121,买盘
10:44:36,101.9,-0.01,7,71335,卖盘
10:44:40,101.92,0.02,10,101920,买盘
10:44:43,101.91,-0.01,11,112100,买盘
10:44:46,101.94,0.03,1,10194,买盘
10:44:49,101.94,0.0,27,275130,买盘
10:44:52,101.93,-0.01,2,20386,买盘
10:44:55,101.9,-0.03,10,101905,卖盘
10:44:58,101.9,0.0,7,71330,买盘
10:45:01,101.9,0.0,9,91713,买盘
10:45:04,101.94,0.04,5,50970,买盘
10:45:07,101.9,-0.04,17,173262,卖盘
10:45:10,101.92,0.02,7,71336,中性盘
10:45:13,101.95,0.03,4,40780,买盘
10:45:16,101.94,-0.01,15,152908,卖盘
10:45:19,101.9,-0.04,16,163066,卖盘
10:45:22,101.9,0.0,10,101900,卖盘
10:45:24,101.91,0.01,28,285356,中性盘
10:45:28,101.96,0.05,19,193648,买盘
10:45:31,101.91,-0.05,30,305730,卖盘
10:45:34,101.96,0.05,48,489348,买盘
10:45:37,101.9,-0.06,208,2119704,卖盘
10:45:40,101.88,-0.02,18,183429,卖盘
10:45:43,101.85,-0.03,72,733494,卖盘
10:45:45,101.9,0.05,35,356543,中性盘
10:45:49,101.88,-0.02,23,234295,中性盘
10:45:52,101.88,0.0,4,40752,卖盘
10:45:55,101.9,0.02,13,132468,买盘
10:45:58,101.88,-0.02,3,30564,卖盘
10:46:01,101.86,-0.02,27,275051,卖盘
10:46:04,101.88,0.02,24,244466,买盘
10:46:07,101.88,0.0,21,213936,买盘
10:46:09,101.85,-0.03,30,305603,卖盘
10:46:13,101.86,0.01,5,50926,买盘
10:46:16,101.85,-0.01,27,275025,卖盘
10:46:19,101.83,-0.02,25,254611,卖盘
10:46:22,101.85,0.02,31,315662,买盘
10:46:25,101.86,0.01,2,20372,买盘
10:46:28,101.86,0.0,1,10186,买盘
10:46:31,101.85,-0.01,22,224095,卖盘
10:46:33,101.9,0.05,11,112033,买盘
10:46:37,101.86,-0.04,4,40744,中性盘
10:46:39,101.86,0.0,3,30558,卖盘
10:46:43,101.86,0.0,1,10186,卖盘
10:46:46,101.86,0.0,10,101860,卖盘
10:46:49,101.85,-0.01,13,132419,卖盘
10:46:52,101.89,0.04,2,20378,买盘
10:46:55,101.85,-0.04,5,50931,卖盘
10:47:01,101.87,0.02,2,20374,买盘
10:47:05,101.87,0.0,6,61121,买盘
10:47:07,101.87,0.0,6,61122,买盘
10:47:10,101.87,0.0,7,71309,卖盘
10:47:13,101.87,0.0,32,326049,卖盘
10:47:16,101.85,-0.02,24,244454,卖盘
10:47:19,101.85,0.0,10,101853,卖盘
10:47:22,101.9,0.05,32,326046,买盘
10:47:31,101.9,0.02,19,193602,买盘
10:47:34,101.89,-0.01,19,193549,中性盘
10:47:37,101.83,-0.06,22,224062,卖盘
10:47:39,101.83,0.0,19,193556,卖盘
10:47:43,101.83,0.0,37,376957,卖盘
10:47:46,101.83,0.0,70,713176,卖盘
10:47:49,101.81,-0.02,53,539678,卖盘
10:47:52,101.87,0.06,36,366566,买盘
10:47:55,101.8,-0.07,5,50910,卖盘
10:48:01,101.87,0.07,12,122244,买盘
10:48:04,101.8,-0.07,15,152752,卖盘
10:48:07,101.8,0.0,14,142549,卖盘
10:48:10,101.85,0.05,3,30557,卖盘
10:48:13,101.86,0.01,19,193464,买盘
10:48:16,101.86,0.0,5,50930,买盘
10:48:18,101.8,-0.06,15,152733,卖盘
10:48:22,101.87,0.07,7,71309,买盘
10:48:24,101.87,0.0,6,61124,买盘
10:48:28,101.87,0.0,18,183359,买盘
10:48:31,101.87,0.0,2,20374,买盘
10:48:34,101.87,0.0,70,713090,买盘
10:48:37,101.86,-0.01,30,305600,卖盘
10:48:40,101.86,0.0,2,20372,卖盘
10:48:43,101.88,0.02,15,152776,买盘
10:48:46,101.82,-0.06,11,112060,卖盘
10:48:49,101.89,0.07,4,40756,买盘
10:48:55,101.9,0.01,22,224144,买盘
10:49:01,101.85,-0.05,10,101860,卖盘
10:49:05,101.9,0.05,18,183420,买盘
10:49:07,101.89,-0.01,9,91701,卖盘
10:49:09,101.9,0.01,27,275130,买盘
10:49:12,101.9,0.0,29,295510,买盘
10:49:16,101.87,-0.03,24,244524,卖盘
10:49:19,101.82,-0.05,22,224051,卖盘
10:49:22,101.81,-0.01,39,397104,卖盘
10:49:24,101.9,0.09,22,224180,买盘
10:49:28,101.89,-0.01,14,142654,卖盘
10:49:31,101.89,0.0,6,61134,买盘
10:49:33,101.9,0.01,15,152800,买盘
10:49:37,101.85,-0.05,22,224096,卖盘
10:49:40,101.82,-0.03,10,101844,卖盘
10:49:43,101.91,0.09,6,61137,买盘
10:49:46,101.86,-0.05,15,152810,卖盘
10:49:49,101.96,0.1,9,91708,买盘
10:49:52,101.92,-0.04,8,81532,中性盘
10:49:54,101.92,0.0,16,163068,买盘
10:49:57,101.88,-0.04,20,203799,卖盘
10:50:01,101.92,0.04,1,10192,买盘
10:50:04,101.92,0.0,30,305729,买盘
10:50:07,101.94,0.02,37,377148,买盘
10:50:10,101.99,0.05,22,224230,买盘
10:50:13,101.99,0.0,23,234521,买盘
10:50:16,102.0,0.01,53,540603,买盘
10:50:19,102.0,0.0,22,224402,买盘
10:50:22,102.01,0.01,27,275371,买盘
10:50:25,101.95,-0.06,24,244804,卖盘
10:50:28,102.1,0.15,12,122434,买盘
10:50:31,101.95,-0.15,23,234573,卖盘
10:50:33,101.95,0.0,10,101950,卖盘
10:50:37,102.1,0.15,6,61260,买盘
10:50:39,102.1,0.0,13,132730,买盘
10:50:43,102.14,0.04,11,112314,中性盘
10:50:46,102.09,-0.05,31,316591,卖盘
10:50:49,102.0,-0.09,43,438831,卖盘
10:50:52,102.1,0.1,21,214396,买盘
10:50:55,102.1,0.0,35,357350,买盘
10:50:58,102.09,-0.01,53,541128,卖盘
10:51:01,102.04,-0.05,16,163344,卖盘
10:51:04,102.09,0.05,4,40842,中性盘
10:51:07,102.11,0.02,9,91904,卖盘
10:51:09,102.13,0.02,6,61278,买盘
10:51:13,102.13,0.0,14,142978,买盘
10:51:16,102.11,-0.02,14,142976,卖盘
10:51:19,102.14,0.03,3,30642,买盘
10:51:22,102.15,0.01,3,30645,买盘
10:51:25,102.16,0.01,3,30646,买盘
10:51:28,102.16,0.0,1,10216,买盘
10:51:31,102.16,0.0,3,30648,买盘
10:51:34,102.17,0.01,4,40868,买盘
10:51:37,102.18,0.01,4,40872,买盘
10:51:39,102.17,-0.01,11,112393,卖盘
10:51:43,102.18,0.01,3,30656,中性盘
10:51:45,102.2,0.02,3,30659,买盘
10:51:49,102.2,0.0,1,10220,买盘
10:51:52,102.2,0.0,12,122642,卖盘
10:51:55,102.27,0.07,4,40896,买盘
10:51:58,102.28,0.01,4,40911,买盘
10:52:01,102.28,0.0,5,51139,买盘
10:52:05,102.28,0.0,6,61360,买盘
10:52:07,102.28,0.0,24,245366,买盘
10:52:10,102.28,0.0,8,81828,卖盘
10:52:12,102.23,-0.05,13,132923,买盘
10:52:16,102.23,0.0,6,61338,买盘
10:52:18,102.28,0.05,23,235244,买盘
10:52:22,102.28,0.0,1,10228,卖盘
10:52:31,102.21,-0.07,1,10221,卖盘
10:52:33,102.21,0.0,14,143089,买盘
10:52:40,102.27,0.06,1,10227,买盘
10:52:43,102.21,-0.06,3,30675,卖盘
10:52:46,102.21,0.0,10,102216,卖盘
10:52:49,102.21,0.0,30,306568,买盘
10:52:52,102.17,-0.04,10,102182,卖盘
10:52:55,102.2,0.03,11,112390,中性盘
10:52:58,102.21,0.01,18,183930,买盘
10:53:04,102.2,-0.01,9,91980,卖盘
10:53:07,102.2,0.0,53,541684,卖盘
10:53:09,102.17,-0.03,23,234998,卖盘
10:53:13,102.18,0.01,1,10218,卖盘
10:53:15,102.17,-0.01,8,81736,卖盘
10:53:18,102.14,-0.03,19,194133,卖盘
10:53:22,102.09,-0.05,14,142979,卖盘
10:53:25,102.0,-0.09,21,214225,卖盘
10:53:30,102.0,0.0,4,40800,卖盘
10:53:34,102.16,0.16,4,40864,买盘
10:53:37,102.0,-0.16,21,214200,卖盘
10:53:39,101.96,-0.04,10,101965,卖盘
10:53:49,102.15,0.19,5,51056,买盘
10:53:52,101.97,-0.18,7,71403,卖盘
10:53:55,101.97,0.0,5,51007,卖盘
10:53:58,102.0,0.03,4,40800,卖盘
10:54:01,102.0,0.0,3,30600,卖盘
10:54:05,102.14,0.14,6,61270,中性盘
10:54:07,102.03,-0.11,3,30609,买盘
10:54:10,102.03,0.0,1,10203,买盘
10:54:13,102.0,-0.03,2,20403,卖盘
10:54:16,102.03,0.03,1,10203,买盘
10:54:19,102.03,0.0,3,30609,买盘
10:54:24,102.03,0.0,4,40823,卖盘
10:54:28,102.14,0.11,7,71459,买盘
10:54:31,102.0,-0.14,11,112206,卖盘
10:54:36,102.14,0.14,14,142995,买盘
10:54:40,102.14,0.0,6,61284,卖盘
10:54:46,102.14,0.0,2,20428,买盘
10:54:49,102.14,0.0,7,71468,卖盘
10:54:51,102.14,0.0,5,51070,买盘
10:54:55,102.13,-0.01,3,30640,卖盘
10:54:58,102.08,-0.05,1,10208,买盘
10:55:01,102.07,-0.01,11,112211,中性盘
10:55:07,102.0,-0.07,23,234648,卖盘
10:55:10,102.0,0.0,4,40808,卖盘
10:55:13,102.0,0.0,4,40814,卖盘
10:55:16,102.0,0.0,1,10200,卖盘
10:55:18,102.0,0.0,2,20400,卖盘
10:55:22,102.0,0.0,1,10200,卖盘
10:55:25,102.07,0.07,5,51035,买盘
10:55:34,102.0,-0.07,4,40800,卖盘
10:55:37,102.06,0.06,4,40824,买盘
10:55:40,102.05,-0.01,9,91802,买盘
10:55:43,102.0,-0.05,3,30600,卖盘
10:55:46,102.0,0.0,1,10200,买盘
10:55:49,102.0,0.0,21,214200,买盘
10:55:54,102.06,0.06,5,51006,买盘
10:55:58,102.02,-0.04,11,112244,卖盘
10:56:01,102.0,-0.02,10,102004,卖盘
10:56:04,102.02,0.02,15,153003,买盘
10:56:07,101.98,-0.04,21,214166,卖盘
10:56:10,102.02,0.04,3,30606,买盘
10:56:13,102.02,0.0,3,30606,买盘
10:56:16,102.02,0.0,1,10202,买盘
10:56:19,102.01,-0.01,1,10201,中性盘
10:56:22,102.0,-0.01,28,285605,卖盘
10:56:24,101.99,-0.01,1,10199,卖盘
10:56:34,102.0,0.01,2,20399,买盘
10:56:37,102.0,0.0,6,61200,买盘
10:56:40,101.98,-0.02,39,397751,卖盘
10:56:43,101.98,0.0,7,71386,卖盘
10:56:45,101.98,0.0,5,50990,卖盘
10:56:49,101.98,0.0,18,183564,卖盘
10:56:52,101.98,0.0,1,10198,买盘
10:56:54,102.0,0.02,75,764824,买盘
10:56:58,102.0,0.0,5,50996,买盘
10:57:00,101.96,-0.04,11,112161,卖盘
10:57:04,101.97,0.01,25,254925,中性盘
10:57:07,101.96,-0.01,15,152956,卖盘
10:57:10,101.99,0.03,26,265099,买盘
10:57:13,101.96,-0.03,30,305880,卖盘
10:57:16,101.95,-0.01,24,244689,卖盘
10:57:18,101.94,-0.01,22,224292,卖盘
10:57:22,101.96,0.02,4,40778,买盘
10:57:30,101.98,0.02,4,40792,买盘
10:57:34,101.98,0.0,2,20396,买盘
10:57:37,101.98,0.0,4,40792,买盘
10:57:40,101.97,-0.01,7,71383,卖盘
10:57:43,101.96,-0.01,8,81575,卖盘
10:57:46,101.9,-0.06,15,152891,卖盘
10:57:52,101.95,0.05,5,50975,买盘
10:57:55,101.95,0.0,1,10195,买盘
10:57:58,101.91,-0.04,27,275157,卖盘
10:58:00,101.91,0.0,1,10191,买盘
10:58:04,101.91,0.0,1,10191,买盘
10:58:07,101.91,0.0,14,142674,买盘
10:58:10,101.92,0.01,8,81536,卖盘
10:58:13,101.93,0.01,1,10193,买盘
10:58:16,101.92,-0.01,2,20384,卖盘
10:58:19,101.93,0.01,2,20386,买盘
10:58:22,101.93,0.0,2,20386,卖盘
10:58:24,101.93,0.0,3,30579,买盘
10:58:27,101.93,0.0,1,10193,买盘
10:58:30,101.92,-0.01,13,132496,卖盘
10:58:33,101.88,-0.04,118,1202517,卖盘
10:58:37,101.85,-0.03,50,509399,卖盘
10:58:40,101.81,-0.04,21,213835,卖盘
10:58:43,101.85,0.04,5,50943,卖盘
10:58:46,101.95,0.1,20,203748,买盘
10:58:49,101.95,0.0,6,61164,买盘
10:58:55,101.95,0.0,3,30585,买盘
10:59:01,101.85,-0.1,2,20370,卖盘
10:59:04,101.95,0.1,9,91701,买盘
10:59:07,101.95,0.0,38,387116,买盘
10:59:12,101.85,-0.1,6,61110,卖盘
10:59:19,101.93,0.08,4,40772,买盘
10:59:22,101.95,0.02,6,61162,买盘
10:59:28,101.93,-0.02,11,112123,买盘
10:59:31,101.95,0.02,6,61160,买盘
10:59:33,101.95,0.0,5,50975,买盘
10:59:37,101.93,-0.02,1,10193,卖盘
10:59:40,101.95,0.02,21,214093,买盘
10:59:43,101.93,-0.02,13,132515,卖盘
10:59:46,101.95,0.02,13,132535,买盘
10:59:49,101.94,-0.01,9,91738,买盘
10:59:58,101.95,0.01,25,254875,买盘
11:00:01,101.95,0.0,13,132534,买盘
11:00:04,101.95,0.0,3,30585,买盘
11:00:07,101.95,0.0,61,622029,卖盘
11:00:09,101.95,0.0,33,336833,卖盘
11:00:13,101.93,-0.02,54,550966,卖盘
11:00:16,101.9,-0.03,38,387290,卖盘
11:00:22,101.95,0.05,12,122422,卖盘
11:00:25,101.95,0.0,11,112145,买盘
11:00:28,101.95,0.0,4,40782,卖盘
11:00:31,102.15,0.2,2,20430,买盘
11:00:33,101.95,-0.2,8,81563,卖盘
11:00:37,102.15,0.2,4,40859,买盘
11:00:40,102.22,0.07,3,30652,买盘
11:00:43,102.16,-0.06,4,40863,中性盘
11:00:46,102.16,0.0,1,10216,买盘
11:00:52,102.23,0.07,7,71563,中性盘
11:00:55,102.15,-0.08,6,61294,卖盘
11:00:58,102.14,-0.01,3,30643,卖盘
11:01:04,102.15,0.01,1,10215,买盘
11:01:07,102.14,-0.01,4,40856,买盘
11:01:09,102.14,0.0,3,30642,买盘
11:01:13,102.14,0.0,2,20428,买盘
11:01:15,102.1,-0.04,5,51054,卖盘
11:01:18,102.16,0.06,2,20431,买盘
11:01:25,102.1,-0.06,5,51070,卖盘
11:01:28,102.1,0.0,1,10210,买盘
11:01:31,102.1,0.0,1,10210,买盘
11:01:33,102.09,-0.01,1,10209,中性盘
11:01:36,101.98,-0.11,94,959533,卖盘
11:01:40,101.95,-0.03,66,673311,卖盘
11:01:43,101.91,-0.04,45,458713,卖盘
11:01:46,101.9,-0.01,11,112098,卖盘
11:01:49,101.98,0.08,25,254950,买盘
11:01:52,101.98,0.0,2,20396,中性盘
11:01:55,102.18,0.2,2,20416,买盘
11:01:58,101.97,-0.21,8,81585,卖盘
11:02:01,101.9,-0.07,17,173310,卖盘
11:02:05,101.9,0.0,4,40768,卖盘
11:02:07,101.91,0.01,37,377158,卖盘
11:02:10,101.9,-0.01,30,305701,卖盘
11:02:13,101.88,-0.02,30,306105,卖盘
11:02:16,101.87,-0.01,13,132483,卖盘
11:02:19,102.11,0.24,4,40844,买盘
11:02:22,102.11,0.0,10,102061,买盘
11:02:25,101.87,-0.24,10,101873,卖盘
11:02:27,101.87,0.0,4,40748,卖盘
11:02:31,102.11,0.24,9,91891,买盘
11:02:34,102.1,-0.01,11,112200,买盘
11:02:37,102.1,0.0,8,81657,买盘
11:02:39,101.87,-0.23,27,275446,卖盘
11:02:43,101.86,-0.01,10,101864,卖盘
11:02:46,102.09,0.23,1,10209,买盘
11:02:49,101.89,-0.2,20,204179,卖盘
11:02:52,102.09,0.2,4,40833,买盘
11:02:58,102.08,-0.01,3,30624,买盘
11:03:01,102.0,-0.08,3,30600,卖盘
11:03:04,101.99,-0.01,9,91791,买盘
11:03:07,101.99,0.0,15,152986,买盘
11:03:10,101.91,-0.08,10,101920,卖盘
11:03:13,102.0,0.09,5,51000,买盘
11:03:15,102.0,0.0,2,20400,买盘
11:03:19,102.08,0.08,26,265302,买盘
11:03:22,102.08,0.0,8,81673,卖盘
11:03:25,102.0,-0.08,10,102004,卖盘
11:03:31,102.0,0.0,8,81615,卖盘
11:03:33,102.0,0.0,10,102015,卖盘
11:03:37,102.07,0.07,5,51035,买盘
11:03:43,102.06,-0.01,6,61239,买盘
11:03:46,102.05,-0.01,10,102050,买盘
11:03:49,102.05,0.0,4,40820,买盘
11:03:51,102.05,0.0,8,81640,买盘
11:03:55,102.07,0.02,3,30620,买盘
11:03:58,102.07,0.0,2,20414,买盘
11:04:01,102.05,-0.02,16,163289,卖盘
11:04:05,102.05,0.0,31,316357,卖盘
11:04:07,102.07,0.02,23,234753,买盘
11:04:10,102.07,0.0,9,91865,卖盘
11:04:22,102.1,0.03,5,51050,买盘
11:04:25,102.11,0.01,13,132723,买盘
11:04:37,102.1,-0.01,5,51086,卖盘
11:04:40,102.08,-0.02,12,122509,卖盘
11:04:43,102.05,-0.03,30,306172,卖盘
11:04:45,102.05,0.0,16,163283,卖盘
11:04:49,102.08,0.03,15,153090,买盘
11:04:51,102.1,0.02,6,61256,买盘
11:04:55,102.05,-0.05,2,20410,卖盘
11:04:58,102.17,0.12,2,20434,买盘
11:05:04,102.17,0.0,1,10217,买盘
11:05:07,102.17,0.0,5,51085,买盘
11:05:10,102.05,-0.12,10,102062,卖盘
11:05:13,102.08,0.03,11,112279,买盘
11:05:19,102.08,0.0,16,163327,买盘
11:05:22,102.08,0.0,5,51040,买盘
11:05:24,102.08,0.0,2,20416,买盘
11:05:28,102.08,0.0,5,51032,买盘
11:05:31,102.06,-0.02,10,102060,卖盘
11:05:37,102.07,0.01,2,20414,买盘
11:05:43,102.08,0.01,16,163328,买盘
11:05:46,102.08,0.0,9,91872,买盘
11:05:49,102.08,0.0,31,316448,买盘
11:05:52,102.07,-0.01,11,112278,卖盘
11:05:55,102.07,0.0,6,61243,卖盘
11:05:58,102.07,0.0,14,142899,卖盘
11:06:01,102.07,0.0,13,132691,卖盘
11:06:04,102.08,0.01,5,51040,买盘
11:06:07,102.07,-0.01,19,193945,卖盘
11:06:16,102.08,0.01,9,91872,卖盘
11:06:18,102.15,0.07,4,40860,买盘
11:06:22,102.15,0.0,5,51074,买盘
11:06:28,102.14,-0.01,4,40856,买盘
11:06:30,102.15,0.01,33,337067,买盘
11:06:34,102.14,-0.01,16,163424,卖盘
11:06:37,102.15,0.01,4,40860,买盘
11:06:40,102.15,0.0,2,20430,买盘
11:06:43,102.15,0.0,2,20429,买盘
11:06:49,102.15,0.0,1,10215,买盘
11:06:52,102.15,0.0,4,40860,买盘
11:06:55,102.15,0.0,10,102150,卖盘
11:06:58,102.15,0.0,7,71506,卖盘
11:07:01,102.14,-0.01,10,102142,卖盘
11:07:07,102.16,0.02,5,51080,买盘
11:07:09,102.14,-0.02,12,122575,卖盘
11:07:13,102.16,0.02,3,30646,买盘
11:07:19,102.16,0.0,11,112376,买盘
11:07:22,102.14,-0.02,24,245143,卖盘
11:07:25,102.15,0.01,60,612900,买盘
11:07:28,102.11,-0.04,50,510688,卖盘
11:07:31,102.1,-0.01,7,71479,卖盘
11:07:33,102.1,0.0,2,20420,买盘
11:07:37,102.14,0.04,7,71492,买盘
11:07:39,102.12,-0.02,12,122544,卖盘
11:07:43,102.14,0.02,1,10214,买盘
11:07:46,102.14,0.0,1,10214,买盘
11:07:52,102.14,0.0,9,91926,买盘
11:07:54,102.12,-0.02,10,102130,卖盘
11:07:58,102.12,0.0,12,122554,卖盘
11:08:01,102.09,-0.03,24,245071,卖盘
11:08:04,102.15,0.06,2,20427,买盘
11:08:07,102.17,0.02,3,30645,买盘
11:08:10,102.12,-0.05,1,10212,卖盘
11:08:19,102.17,0.05,2,20434,买盘
11:08:22,102.17,0.0,4,40867,买盘
11:08:34,102.17,0.0,2,20434,买盘
11:08:37,102.16,-0.01,7,71517,卖盘
11:08:43,102.18,0.02,6,61308,买盘
11:08:46,102.13,-0.05,10,102156,卖盘
11:08:49,102.18,0.05,1,10218,中性盘
11:08:52,102.19,0.01,4,40876,买盘
11:08:58,102.13,-0.06,3,30646,卖盘
11:09:01,102.13,0.0,2,20432,卖盘
11:09:07,102.19,0.06,7,71531,买盘
11:09:10,102.18,-0.01,11,112398,中性盘
11:09:18,102.15,-0.03,4,40860,卖盘
11:09:22,102.18,0.03,4,40872,买盘
11:09:31,102.14,-0.04,2,20428,卖盘
11:09:34,102.15,0.01,11,112365,买盘
11:09:37,102.15,0.0,12,122576,买盘
11:09:52,102.13,-0.02,16,163414,卖盘
11:09:55,102.11,-0.02,21,214455,卖盘
11:09:58,102.14,0.03,14,142968,买盘
11:10:01,102.1,-0.04,14,142952,卖盘
11:10:05,102.08,-0.02,10,102091,卖盘
11:10:07,102.14,0.06,5,51070,买盘
11:10:10,102.05,-0.09,181,1842337,卖盘
11:10:13,102.0,-0.05,55,561089,卖盘
11:10:16,102.0,0.0,20,204012,卖盘
11:10:19,102.0,0.0,11,112204,卖盘
11:10:22,101.99,-0.01,28,285608,卖盘
11:10:24,102.04,0.05,1,10204,买盘
11:10:37,102.13,0.09,10,102065,买盘
11:10:40,102.13,0.0,13,132766,买盘
11:10:51,102.12,-0.01,10,102032,买盘
11:10:58,102.12,0.0,4,40848,买盘
11:11:01,102.12,0.0,2,20424,买盘
11:11:04,102.13,0.01,1,10213,买盘
11:11:07,102.13,0.0,4,40852,买盘
11:11:09,102.13,0.0,26,265537,买盘
11:11:13,102.01,-0.12,11,112331,中性盘
11:11:16,102.13,0.12,3,30638,买盘
11:11:19,102.13,0.0,4,40852,买盘
11:11:22,102.03,-0.1,13,132764,中性盘
11:11:25,102.0,-0.03,10,102013,卖盘
11:11:34,102.13,0.13,2,20426,中性盘
11:11:37,102.01,-0.12,9,91868,卖盘
11:11:40,102.01,0.0,4,40804,卖盘
11:11:43,102.14,0.13,1,10214,买盘
11:11:46,102.15,0.01,6,61272,买盘
11:11:52,102.05,-0.1,18,183730,卖盘
11:11:55,102.05,0.0,10,102050,卖盘
11:11:58,102.15,0.1,7,71455,买盘
11:12:04,102.15,0.0,6,61290,买盘
11:12:12,102.14,-0.01,20,204280,卖盘
11:12:16,102.05,-0.09,15,153076,卖盘
11:12:22,102.15,0.1,4,40860,买盘
11:12:31,102.14,-0.01,1,10214,买盘
11:12:37,102.14,0.0,5,51070,买盘
11:12:46,102.13,-0.01,1,10213,买盘
11:12:52,102.13,0.0,4,40852,买盘
11:12:55,102.07,-0.06,16,163312,卖盘
11:12:58,102.0,-0.07,33,336728,卖盘
11:13:01,102.05,0.05,10,102050,中性盘
11:13:04,102.07,0.02,12,122468,买盘
11:13:07,102.05,-0.02,11,112257,卖盘
11:13:10,102.03,-0.02,10,102048,卖盘
11:13:13,102.05,0.02,10,102050,中性盘
11:13:22,102.05,0.0,10,102049,买盘
11:13:27,102.0,-0.05,5,51006,卖盘
11:13:37,102.04,0.04,4,40816,买盘
11:13:40,102.01,-0.03,7,71409,卖盘
11:13:43,102.01,0.0,11,112211,卖盘
11:13:45,102.01,0.0,24,244824,卖盘
11:13:49,102.0,-0.01,18,183616,卖盘
11:13:51,102.0,0.0,8,81608,卖盘
11:13:57,102.01,0.01,3,30603,买盘
11:14:07,102.01,0.0,15,153005,买盘
11:14:10,102.0,-0.01,10,102000,卖盘
11:14:16,102.0,0.0,5,51000,卖盘
11:14:22,102.01,0.01,4,40804,买盘
11:14:25,102.0,-0.01,2,20400,卖盘
11:14:31,102.0,0.0,26,265200,卖盘
11:14:34,102.01,0.01,6,61201,买盘
11:14:37,102.01,0.0,5,51005,买盘
11:14:49,102.0,-0.01,1,10200,卖盘
11:14:52,102.01,0.01,9,91806,买盘
11:14:58,102.01,0.0,23,234610,买盘
11:15:01,102.0,-0.01,13,132602,卖盘
11:15:07,102.01,0.01,112,1142507,买盘
11:15:10,101.95,-0.06,51,520131,卖盘
11:15:12,101.89,-0.06,24,244677,卖盘
11:15:16,102.01,0.12,18,183615,买盘
11:15:19,101.88,-0.13,10,101887,卖盘
11:15:22,101.9,0.02,5,50950,买盘
11:15:28,101.89,-0.01,50,509353,买盘
11:15:30,101.89,0.0,1,10189,买盘
11:15:37,101.88,-0.01,19,193572,买盘
11:15:40,101.88,0.0,2,20375,买盘
11:15:43,101.87,-0.01,7,71309,卖盘
11:15:46,101.9,0.03,2,20380,买盘
11:15:49,101.89,-0.01,12,122268,卖盘
11:15:52,101.88,-0.01,36,366760,卖盘
11:15:55,101.86,-0.02,17,173181,卖盘
11:15:57,101.89,0.03,4,40756,买盘
11:16:01,101.89,0.0,1,10189,买盘
11:16:05,101.89,0.0,2,20378,买盘
11:16:07,101.89,0.0,5,50945,买盘
11:16:10,101.89,0.0,2,20378,买盘
11:16:13,101.89,0.0,15,152814,买盘
11:16:16,101.87,-0.02,16,163003,卖盘
11:16:19,101.85,-0.02,20,203711,卖盘
11:16:22,101.85,0.0,22,224103,卖盘
11:16:25,101.88,0.03,27,275015,中性盘
11:16:31,101.89,0.01,1,10189,买盘
11:16:34,101.88,-0.01,10,101880,卖盘
11:16:37,101.89,0.01,4,40756,买盘
11:16:43,101.88,-0.01,34,346421,卖盘
11:16:46,101.89,0.01,54,550215,买盘
11:16:52,101.9,0.01,32,326180,买盘
11:17:01,102.1,0.2,9,91868,买盘
11:17:07,102.1,0.0,4,40840,买盘
11:17:09,101.89,-0.21,10,101897,卖盘
11:17:13,101.9,0.01,1,10190,中性盘
11:17:16,102.09,0.19,1,10209,买盘
11:17:22,102.09,0.0,5,51045,买盘
11:17:25,102.08,-0.01,1,10208,买盘
11:17:28,102.1,0.02,7,71470,买盘
11:17:31,102.09,-0.01,36,367573,卖盘
11:17:34,101.9,-0.19,21,214198,卖盘
11:17:36,101.89,-0.01,14,142731,卖盘
11:17:40,101.92,0.03,1,10192,中性盘
11:17:43,102.14,0.22,4,40832,买盘
11:17:49,102.13,-0.01,1,10213,中性盘
11:17:51,102.13,0.0,4,40852,买盘
11:17:55,102.13,0.0,11,112262,买盘
11:18:01,102.13,0.0,2,20426,买盘
11:18:04,102.13,0.0,8,81628,买盘
11:18:07,101.92,-0.21,15,152997,卖盘
11:18:09,101.92,0.0,10,101929,卖盘
11:18:16,101.95,0.03,4,40780,卖盘
11:18:22,102.12,0.17,4,40848,买盘
11:18:30,102.11,-0.01,1,10211,买盘
11:18:33,102.11,0.0,13,132583,买盘
11:18:37,101.9,-0.21,36,367009,卖盘
11:18:40,101.89,-0.01,20,203875,卖盘
11:18:43,101.88,-0.01,12,122307,卖盘
11:18:49,102.09,0.21,6,61174,中性盘
11:18:52,101.89,-0.2,15,152958,卖盘
11:19:01,102.08,0.19,3,30622,买盘
11:19:07,102.08,0.0,4,40832,买盘
11:19:22,102.07,-0.01,2,20414,买盘
11:19:24,102.07,0.0,1,10207,卖盘
11:19:28,102.07,0.0,1,10207,卖盘
11:19:34,102.08,0.01,12,122438,买盘
11:19:37,101.99,-0.09,5,50995,买盘
11:19:39,101.99,0.0,3,30597,买盘
11:19:43,101.99,0.0,6,61194,买盘
11:19:45,102.12,0.13,182,1858146,买盘
11:19:49,102.12,0.0,129,1317361,卖盘
11:19:52,101.94,-0.18,38,387455,卖盘
11:19:54,101.94,0.0,20,203880,买盘
11:19:58,102.14,0.2,30,305880,买盘
11:20:01,102.14,0.0,2,20428,买盘
11:20:13,102.14,0.0,5,51068,买盘
11:20:16,101.99,-0.15,22,224543,卖盘
11:20:18,101.93,-0.06,20,203874,卖盘
11:20:37,102.12,0.19,14,142966,买盘
11:20:39,102.1,-0.02,42,428894,卖盘
11:20:43,101.92,-0.18,11,112140,卖盘
11:20:46,102.1,0.18,12,122410,买盘
11:20:49,102.1,0.0,4,40854,卖盘
11:20:52,102.0,-0.1,4,40800,卖盘
11:20:54,102.16,0.16,5,51079,买盘
11:20:58,102.1,-0.06,19,194082,卖盘
11:21:01,102.14,0.04,26,265570,买盘
11:21:10,102.14,0.0,10,102139,买盘
11:21:16,102.18,0.04,91,929520,买盘
11:21:18,102.16,-0.02,13,132816,卖盘
11:21:22,102.19,0.03,32,326938,买盘
11:21:25,102.14,-0.05,11,112396,卖盘
11:21:28,102.0,-0.14,16,163322,卖盘
11:21:30,102.0,0.0,20,204093,卖盘
11:21:34,102.0,0.0,18,183764,卖盘
11:21:37,102.19,0.19,7,71522,买盘
11:21:40,102.19,0.0,5,51095,买盘
11:21:49,102.01,-0.18,32,326959,卖盘
11:21:52,102.0,-0.01,41,418290,卖盘
11:21:54,102.05,0.05,15,153075,中性盘
11:21:58,102.05,0.0,15,153089,卖盘
11:22:01,102.18,0.13,2,20423,买盘
11:22:07,102.18,0.0,3,30654,买盘
11:22:10,102.18,0.0,2,20436,买盘
11:22:13,102.18,0.0,8,81744,买盘
11:22:16,102.19,0.01,2,20437,买盘
11:22:19,102.17,-0.02,19,194087,卖盘
11:22:22,102.17,0.0,5,51085,买盘
11:22:25,102.17,0.0,2,20434,买盘
11:22:31,102.19,0.02,1,10219,买盘
11:22:34,102.18,-0.01,1,10218,买盘
11:22:37,102.18,0.0,1,10218,买盘
11:22:43,102.18,0.0,1,10218,买盘
11:22:46,102.18,0.0,2,20436,买盘
11:22:49,102.17,-0.01,2,20435,卖盘
11:22:52,102.17,0.0,6,61303,卖盘
11:22:55,102.18,0.01,8,81744,买盘
11:22:58,102.17,-0.01,12,122607,卖盘
11:23:01,102.16,-0.01,13,132825,卖盘
11:23:04,102.18,0.02,7,71526,买盘
11:23:12,102.17,-0.01,1,10217,买盘
11:23:16,102.01,-0.16,2,20404,卖盘
11:23:19,102.17,0.16,1,10217,买盘
11:23:22,102.17,0.0,2,20434,买盘
11:23:52,102.1,-0.07,9,91890,卖盘
11:23:55,102.1,0.0,3,30630,卖盘
11:23:58,102.05,-0.05,15,153069,买盘
11:24:01,102.16,0.11,74,755916,买盘
11:24:05,102.16,0.0,13,132808,卖盘
11:24:07,102.11,-0.05,2,20422,买盘
11:24:10,102.04,-0.07,6,61224,卖盘
11:24:16,102.04,0.0,17,173509,卖盘
11:24:19,102.04,0.0,10,102040,卖盘
11:24:25,102.05,0.01,1,10205,卖盘
11:24:28,102.04,-0.01,10,102054,卖盘
11:24:31,102.03,-0.01,11,112250,卖盘
11:24:37,102.05,0.02,9,91845,卖盘
11:24:40,102.05,0.0,6,61230,卖盘
11:24:42,102.05,0.0,4,40820,买盘
11:24:49,102.1,0.05,6,61272,中性盘
11:24:52,102.1,0.0,4,40840,买盘
11:24:55,102.1,0.0,26,265455,买盘
11:24:58,102.05,-0.05,10,102050,卖盘
11:25:01,102.14,0.09,1,10214,中性盘
11:25:04,102.14,0.0,1,10214,买盘
11:25:13,102.14,0.0,2,20428,买盘
11:25:22,102.13,-0.01,2,20426,买盘
11:25:37,102.12,-0.01,9,91908,买盘
11:25:40,102.11,-0.01,12,122547,卖盘
11:25:43,102.11,0.0,1,10211,买盘
11:25:46,102.11,0.0,3,30633,买盘
11:25:49,102.06,-0.05,10,102091,卖盘
11:26:00,102.13,0.07,4,40838,买盘
11:26:07,102.14,0.01,7,71497,买盘
11:26:13,102.14,0.0,73,745617,买盘
11:26:16,102.14,0.0,40,408560,卖盘
11:26:18,102.06,-0.08,25,255152,卖盘
11:26:22,102.06,0.0,10,102061,卖盘
11:26:25,102.03,-0.03,25,255143,卖盘
11:26:28,102.0,-0.03,35,357080,卖盘
11:26:31,102.0,0.0,16,163200,卖盘
11:26:52,102.05,0.05,1,10205,卖盘
11:26:55,102.05,0.0,2,20413,卖盘
11:26:58,102.05,0.0,3,30615,卖盘
11:27:01,102.14,0.09,2,20423,买盘
11:27:05,102.05,-0.09,5,51025,卖盘
11:27:12,102.09,0.04,1,10209,买盘
11:27:16,102.09,0.0,7,71463,买盘
11:27:19,102.15,0.06,2,20430,买盘
11:27:22,102.05,-0.1,10,102058,卖盘
11:27:28,102.16,0.11,10,102152,买盘
11:27:31,102.05,-0.11,2,20414,卖盘
11:27:34,102.1,0.05,7,71470,卖盘
11:27:46,102.15,0.05,1,10215,买盘
11:27:49,102.0,-0.15,70,714311,卖盘
11:27:52,102.0,0.0,63,642589,买盘
11:27:55,101.98,-0.02,21,214174,卖盘
11:28:01,102.0,0.02,1,10200,买盘
11:28:04,102.0,0.0,2,20400,买盘
11:28:07,101.99,-0.01,1,10199,卖盘
11:28:09,102.0,0.01,2,20399,买盘
11:28:16,101.99,-0.01,4,40796,卖盘
11:28:18,102.0,0.01,9,91800,买盘
11:28:22,102.02,0.02,3,30606,卖盘
11:28:24,101.98,-0.04,18,183586,卖盘
11:28:28,101.99,0.01,4,40801,卖盘
11:28:31,102.0,0.01,3,30600,卖盘
11:28:34,102.0,0.0,9,91804,买盘
11:28:37,102.0,0.0,18,183601,卖盘
11:28:40,101.99,-0.01,23,234598,卖盘
11:28:43,101.95,-0.04,11,112175,卖盘
11:28:46,102.01,0.06,3,30603,中性盘
11:28:49,102.01,0.0,3,30603,卖盘
11:28:55,102.01,0.0,1,10201,卖盘
11:29:04,102.11,0.1,2,20422,买盘
11:29:07,102.02,-0.09,1,10202,卖盘
11:29:13,102.04,0.02,10,102040,卖盘
11:29:15,102.04,0.0,30,306120,卖盘
11:29:19,102.11,0.07,12,122536,买盘
11:29:37,102.11,0.0,3,30633,买盘
11:29:43,102.1,-0.01,2,20420,买盘
11:29:46,102.1,0.0,1,10210,买盘
11:29:49,102.1,0.0,1,10210,买盘
11:29:55,102.02,-0.08,28,285656,卖盘
11:29:58,102.02,0.0,28,285621,买盘
11:30:01,102.02,0.0,4,40810,卖盘
13:00:01,102.11,0.09,3,30632,买盘
13:00:05,102.1,-0.01,237,2419823,中性盘
13:00:07,102.16,0.06,26,265538,买盘
13:00:10,102.15,-0.01,36,367766,卖盘
13:00:13,102.12,-0.03,56,571889,卖盘
13:00:15,102.13,0.01,42,428836,买盘
13:00:19,102.1,-0.03,10,102100,卖盘
13:00:22,102.1,0.0,1,10210,买盘
13:00:25,102.1,0.0,85,867868,买盘
13:00:28,102.1,0.0,68,694277,买盘
13:00:31,102.18,0.08,41,418751,买盘
13:00:34,102.16,-0.02,21,214559,中性盘
13:00:37,102.19,0.03,18,183948,买盘
13:00:40,102.2,0.01,18,183954,买盘
13:00:42,102.19,-0.01,28,286108,卖盘
13:00:46,102.2,0.01,6,61318,买盘
13:00:49,102.19,-0.01,3,30677,卖盘
13:00:52,102.3,0.11,11,112528,买盘
13:00:55,102.29,-0.01,5,51145,买盘
13:00:58,102.31,0.02,25,255738,买盘
13:01:01,102.31,0.0,10,102310,卖盘
13:01:04,102.22,-0.09,15,153444,卖盘
13:01:07,102.19,-0.03,8,81776,卖盘
13:01:10,102.21,0.02,11,112438,买盘
13:01:13,102.19,-0.02,3,30668,中性盘
13:01:15,102.31,0.12,4,40922,买盘
13:01:19,102.29,-0.02,3,30679,买盘
13:01:22,102.22,-0.07,1,10222,中性盘
13:01:25,102.16,-0.06,3,30654,卖盘
13:01:27,102.19,0.03,6,61329,卖盘
13:01:31,102.18,-0.01,1,10218,卖盘
13:01:34,102.19,0.01,3,30656,买盘
13:01:37,102.18,-0.01,19,194146,卖盘
13:01:40,102.27,0.09,6,61330,买盘
13:01:49,102.19,-0.08,3,30664,卖盘
13:01:52,102.2,0.01,24,246921,卖盘
13:01:55,102.2,0.0,35,357700,卖盘
13:01:58,102.2,0.0,45,459894,卖盘
13:02:01,102.2,0.0,20,202780,卖盘
13:02:05,102.15,-0.05,163,1665667,卖盘
13:02:07,102.16,0.01,12,122604,中性盘
13:02:10,102.16,0.0,9,91944,卖盘
13:02:13,102.16,0.0,18,183864,买盘
13:02:16,102.14,-0.02,12,122572,卖盘
13:02:19,102.15,0.01,4,40860,买盘
13:02:21,102.15,0.0,1,10215,买盘
13:02:25,102.06,-0.09,2,20412,卖盘
13:02:28,102.15,0.09,1,10215,买盘
13:02:31,102.15,0.0,5,51075,卖盘
13:02:34,102.15,0.0,4,40859,买盘
13:02:37,102.14,-0.01,7,71504,卖盘
13:02:40,102.14,0.0,1,10214,买盘
13:02:43,102.15,0.01,2,20430,买盘
13:02:52,102.14,-0.01,14,142996,中性盘
13:02:55,102.07,-0.07,26,265424,卖盘
13:02:57,102.14,0.07,1,10214,买盘
13:03:04,102.07,-0.07,11,112313,卖盘
13:03:07,102.12,0.05,9,91893,买盘
13:03:10,102.11,-0.01,14,142954,买盘
13:03:12,102.11,0.0,4,40844,买盘
13:03:16,102.1,-0.01,3,30630,买盘
13:03:19,102.08,-0.02,4,40834,中性盘
13:03:22,102.1,0.02,15,153129,买盘
13:03:25,102.1,0.0,4,40842,卖盘
13:03:28,102.1,0.0,21,214413,卖盘
13:03:30,102.11,0.01,15,153157,买盘
13:03:33,102.1,-0.01,75,765768,卖盘
13:03:37,102.07,-0.03,29,296079,卖盘
13:03:40,102.07,0.0,5,51035,卖盘
13:03:43,102.13,0.06,6,61278,买盘
13:03:52,102.1,-0.03,1,10210,买盘
13:03:55,102.1,0.0,13,132766,中性盘
13:03:58,102.08,-0.02,13,132710,卖盘
13:04:01,102.11,0.03,9,91882,买盘
13:04:05,102.11,0.0,5,51055,卖盘
13:04:07,102.11,0.0,2,20422,卖盘
13:04:13,102.11,0.0,1,10211,卖盘
13:04:16,102.09,-0.02,14,142954,卖盘
13:04:19,102.09,0.0,4,40836,买盘
13:04:22,102.08,-0.01,13,132707,卖盘
13:04:25,102.08,0.0,36,367519,卖盘
13:04:28,102.09,0.01,6,61253,买盘
13:04:31,102.08,-0.01,6,61247,卖盘
13:04:34,102.08,0.0,1,10208,卖盘
13:04:37,102.1,0.02,103,1051867,中性盘
13:04:40,102.1,0.0,12,122544,卖盘
13:04:42,102.09,-0.01,9,91885,卖盘
13:04:46,102.09,0.0,6,61254,买盘
13:04:49,102.08,-0.01,4,40837,卖盘
13:04:52,102.1,0.02,1,10210,买盘
13:04:55,102.1,0.0,1,10210,买盘
13:04:58,102.1,0.0,1,10210,买盘
13:05:01,102.12,0.02,5,51053,买盘
13:05:05,102.1,-0.02,15,153153,卖盘
13:05:07,102.1,0.0,3,30630,卖盘
13:05:10,102.13,0.03,3,30638,买盘
13:05:16,102.14,0.01,4,40856,买盘
13:05:21,102.14,0.0,1,10214,买盘
13:05:25,102.13,-0.01,2,20427,卖盘
13:05:31,102.14,0.01,3,30642,买盘
13:05:34,102.13,-0.01,2,20426,卖盘
13:05:40,102.14,0.01,1,10214,买盘
13:05:46,102.15,0.01,80,817187,买盘
13:05:55,102.14,-0.01,4,40856,卖盘
13:05:57,102.15,0.01,3,30645,买盘
13:06:00,102.14,-0.01,26,265569,卖盘
13:06:05,102.14,0.0,6,61284,买盘
13:06:07,102.15,0.01,20,204294,买盘
13:06:10,102.15,0.0,8,81720,卖盘
13:06:13,102.14,-0.01,32,326867,卖盘
13:06:16,102.14,0.0,19,194070,卖盘
13:06:19,102.14,0.0,1,10214,卖盘
13:06:25,102.15,0.01,1,10215,买盘
13:06:31,102.15,0.0,2,20430,买盘
13:06:34,102.15,0.0,12,122570,买盘
13:06:40,102.15,0.0,1,10215,买盘
13:06:43,102.14,-0.01,9,91933,卖盘
13:06:46,102.16,0.02,1,10216,买盘
13:06:49,102.16,0.0,1,10216,卖盘
13:06:51,102.16,0.0,1,10216,卖盘
13:06:55,102.16,0.0,10,102160,买盘
13:07:01,102.16,0.0,5,51078,买盘
13:07:04,102.16,0.0,2,20432,买盘
13:07:07,102.16,0.0,5,51078,买盘
13:07:10,102.16,0.0,4,40864,买盘
13:07:13,102.15,-0.01,1,10215,卖盘
13:07:16,102.16,0.01,3,30647,买盘
13:07:19,102.15,-0.01,14,143019,卖盘
13:07:25,102.16,0.01,4,40864,卖盘
13:07:31,102.17,0.01,7,71519,买盘
13:07:33,102.17,0.0,1,10217,买盘
13:07:37,102.16,-0.01,1,10216,卖盘
13:07:39,102.16,0.0,62,633394,卖盘
13:07:43,102.16,0.0,24,245200,卖盘
13:07:46,102.16,0.0,3,30650,卖盘
13:07:55,102.18,0.02,4,40872,买盘
13:07:58,102.17,-0.01,11,112387,卖盘
13:08:00,102.17,0.0,1,10217,卖盘
13:08:04,102.17,0.0,1,10217,卖盘
13:08:07,102.18,0.01,9,91961,买盘
13:08:10,102.17,-0.01,9,91961,卖盘
13:08:13,102.18,0.01,4,40871,买盘
13:08:16,102.18,0.0,3,30653,买盘
13:08:19,102.18,0.0,25,255430,买盘
13:08:21,102.17,-0.01,35,357611,卖盘
13:08:25,102.18,0.01,41,418933,买盘
13:08:28,102.18,0.0,15,153265,买盘
13:08:31,102.18,0.0,6,61312,卖盘
13:08:34,102.18,0.0,2,20436,卖盘
13:08:37,102.19,0.01,1,10219,买盘
13:08:39,102.18,-0.01,4,39443,卖盘
13:08:42,102.19,0.01,3,30656,买盘
13:08:46,102.19,0.0,3,30657,买盘
13:08:48,102.19,0.0,2,20438,买盘
13:08:52,102.19,0.0,4,40875,买盘
13:08:58,102.19,0.0,15,153285,卖盘
13:09:00,102.18,-0.01,6,61312,卖盘
13:09:04,102.19,0.01,2,20438,买盘
13:09:07,102.19,0.0,6,61313,买盘
13:09:10,102.18,-0.01,1,10218,卖盘
13:09:13,102.19,0.01,10,102190,买盘
13:09:16,102.18,-0.01,2,20436,卖盘
13:09:22,102.19,0.01,1,10219,买盘
13:09:25,102.19,0.0,26,265694,买盘
13:09:27,102.19,0.0,4,40876,卖盘
13:09:30,102.19,0.0,31,316764,卖盘
13:09:34,102.19,0.0,5,51095,卖盘
13:09:36,102.19,0.0,8,81752,卖盘
13:09:40,102.19,0.0,7,71532,买盘
13:09:43,102.19,0.0,2,20437,买盘
13:09:45,102.19,0.0,3,30655,买盘
13:09:52,102.19,0.0,2,20438,中性盘
13:09:55,102.19,0.0,3,30657,买盘
13:09:58,102.2,0.01,1,10220,买盘
13:10:00,102.2,0.0,1,10220,买盘
13:10:04,102.21,0.01,25,255501,买盘
13:10:07,102.26,0.05,8,81799,买盘
13:10:10,102.28,0.02,6,61360,买盘
13:10:13,102.27,-0.01,11,112505,中性盘
13:10:15,102.3,0.03,6,61364,买盘
13:10:18,102.34,0.04,5,51170,买盘
13:10:22,102.36,0.02,13,133077,买盘
13:10:25,102.4,0.04,65,665368,买盘
13:10:28,102.4,0.0,22,225234,买盘
13:10:31,102.44,0.04,9,92164,买盘
13:10:33,102.45,0.01,7,71708,买盘
13:10:37,102.45,0.0,5,51225,买盘
13:10:40,102.43,-0.02,2,20486,买盘
13:10:43,102.45,0.02,3,30735,买盘
13:10:46,102.48,0.03,2,20496,买盘
13:10:49,102.45,-0.03,7,71730,卖盘
13:10:52,102.48,0.03,3,30738,中性盘
13:10:54,102.48,0.0,9,92237,卖盘
13:10:58,102.49,0.01,18,184469,买盘
13:11:01,102.45,-0.04,3,30735,卖盘
13:11:07,102.48,0.03,19,196352,买盘
13:11:10,102.48,0.0,3,30744,卖盘
13:11:13,102.49,0.01,68,696866,买盘
13:11:16,102.49,0.0,34,346821,买盘
13:11:19,102.49,0.0,19,196356,卖盘
13:11:22,102.49,0.0,3,30748,卖盘
13:11:25,102.49,0.0,2,20498,卖盘
13:11:28,102.49,0.0,19,194749,卖盘
13:11:30,102.49,0.0,14,143496,卖盘
13:11:34,102.5,0.01,8,81999,买盘
13:11:37,102.49,-0.01,4,40996,卖盘
13:11:40,102.5,0.01,7,71750,买盘
13:11:43,102.5,0.0,3,30749,买盘
13:11:46,102.49,-0.01,6,61499,卖盘
13:11:49,102.49,0.0,4,40998,卖盘
13:11:52,102.5,0.01,1,10250,买盘
13:11:54,102.5,0.0,2,20500,买盘
13:11:58,102.49,-0.01,1,10249,卖盘
13:12:01,102.5,0.01,1,10250,买盘
13:12:04,102.5,0.0,1,10250,买盘
13:12:07,102.49,-0.01,3,30749,卖盘
13:12:13,102.5,0.01,3,30749,买盘
13:12:15,102.49,-0.01,1,10249,卖盘
13:12:18,102.49,0.0,4,40996,卖盘
13:12:22,102.49,0.0,4,40996,卖盘
13:12:25,102.5,0.01,1,10250,买盘
13:12:28,102.5,0.0,15,153742,买盘
13:12:31,102.49,-0.01,5,51247,卖盘
13:12:34,102.49,0.0,7,71743,卖盘
13:12:37,102.49,0.0,19,194731,卖盘
13:12:39,102.49,0.0,2,18858,买盘
13:12:43,102.45,-0.04,3,30735,卖盘
13:12:49,102.45,0.0,3,30743,卖盘
13:12:52,102.44,-0.01,5,51224,卖盘
13:12:58,102.45,0.01,6,61470,卖盘
13:13:01,102.45,0.0,4,40980,卖盘
13:13:04,102.44,-0.01,2,20487,买盘
13:13:09,102.43,-0.01,3,30729,买盘
13:13:13,102.4,-0.03,1,10240,卖盘
13:13:16,102.43,0.03,6,61458,买盘
13:13:19,102.47,0.04,12,122935,买盘
13:13:25,102.44,-0.03,1,10244,中性盘
13:13:28,102.44,0.0,15,153660,卖盘
13:13:31,102.44,0.0,5,51221,卖盘
13:13:34,102.44,0.0,13,133170,买盘
13:13:37,102.41,-0.03,2,20482,卖盘
13:13:40,102.41,0.0,1,10241,中性盘
13:13:43,102.43,0.02,2,20486,买盘
13:13:46,102.44,0.01,7,71708,买盘
13:13:49,102.45,0.01,100,1024468,买盘
13:13:52,102.4,-0.05,15,153608,卖盘
13:13:55,102.41,0.01,6,61446,中性盘
13:13:58,102.43,0.02,1,10243,买盘
13:14:01,102.41,-0.02,1,10241,卖盘
13:14:05,102.4,-0.01,11,112643,卖盘
13:14:07,102.4,0.0,8,81912,买盘
13:14:09,102.36,-0.04,17,174040,卖盘
13:14:13,102.34,-0.02,3,30702,卖盘
13:14:16,102.34,0.0,2,20468,卖盘
13:14:19,102.35,0.01,1,10235,买盘
13:14:22,102.35,0.0,8,81880,买盘
13:14:25,102.34,-0.01,13,133048,卖盘
13:14:27,102.34,0.0,4,40938,卖盘
13:14:31,102.33,-0.01,12,122816,卖盘
13:14:34,102.32,-0.01,31,317212,卖盘
13:14:37,102.3,-0.02,12,122774,卖盘
13:14:40,102.34,0.04,12,122792,买盘
13:14:43,102.36,0.02,1,10236,卖盘
13:14:52,102.36,0.0,46,470841,卖盘
13:14:55,102.3,-0.06,12,122820,卖盘
13:14:58,102.28,-0.02,7,71596,卖盘
13:15:01,102.3,0.02,3,30702,卖盘
13:15:05,102.3,0.0,5,51156,中性盘
13:15:07,102.3,0.0,1,10230,卖盘
13:15:10,102.36,0.06,12,122832,买盘
13:15:13,102.36,0.0,2,20466,中性盘
13:15:16,102.37,0.01,3,30697,买盘
13:15:22,102.37,0.0,1,10237,卖盘
13:15:34,102.38,0.01,8,81902,买盘
13:15:37,102.37,-0.01,1,10237,卖盘
13:15:40,102.38,0.01,23,235464,买盘
13:15:43,102.38,0.0,5,51190,买盘
13:15:46,102.36,-0.02,7,71652,卖盘
13:15:49,102.36,0.0,13,133045,买盘
13:15:52,102.36,0.0,4,40941,买盘
13:15:55,102.33,-0.03,8,81879,卖盘
13:15:58,102.33,0.0,1,10233,卖盘
13:16:01,102.36,0.03,48,491328,买盘
13:16:04,102.36,0.0,8,81867,中性盘
13:16:10,102.36,0.0,1,10236,卖盘
13:16:15,102.37,0.01,10,102370,买盘
13:16:19,102.37,0.0,122,1248272,买盘
13:16:25,102.38,0.01,11,112609,买盘
13:16:28,102.36,-0.02,10,102360,卖盘
13:16:30,102.36,0.0,2,20472,卖盘
13:16:37,102.36,0.0,2,20473,卖盘
13:16:40,102.38,0.02,2,20476,买盘
13:16:43,102.37,-0.01,4,40948,卖盘
13:16:52,102.4,0.03,30,307185,买盘
13:16:55,102.38,-0.02,4,40954,卖盘
13:16:57,102.4,0.02,1,10240,买盘
13:17:00,102.38,-0.02,5,51190,卖盘
13:17:04,102.4,0.02,6,61438,买盘
13:17:07,102.38,-0.02,1,10238,卖盘
13:17:10,102.38,0.0,3,30716,卖盘
13:17:13,102.39,0.01,16,163809,中性盘
13:17:16,102.39,0.0,2,20478,卖盘
13:17:18,102.4,0.01,14,143360,买盘
13:17:22,102.41,0.01,2,20481,买盘
13:17:28,102.43,0.02,1,10243,买盘
13:17:30,102.4,-0.03,24,245760,卖盘
13:17:34,102.4,0.0,141,1443118,买盘
13:17:37,102.4,0.0,28,286432,买盘
13:17:40,102.28,-0.12,1,10228,卖盘
13:17:43,102.4,0.12,5,51200,买盘
13:17:46,102.28,-0.12,2,20468,卖盘
13:17:55,102.34,0.06,1,10234,买盘
13:18:04,102.34,0.0,3,30702,买盘
13:18:10,102.33,-0.01,11,112563,买盘
13:18:13,102.3,-0.03,2,20460,卖盘
13:18:16,102.33,0.03,8,81855,买盘
13:18:19,102.34,0.01,42,429762,买盘
13:18:22,102.3,-0.04,12,122778,卖盘
13:18:25,102.34,0.04,24,245616,买盘
13:18:28,102.3,-0.04,20,204602,卖盘
13:18:30,102.34,0.04,9,92074,买盘
13:18:34,102.31,-0.03,2,20462,卖盘
13:18:37,102.31,0.0,6,61386,买盘
13:18:40,102.3,-0.01,37,378544,卖盘
13:18:43,102.4,0.1,12,122820,买盘
13:18:46,102.3,-0.1,1,10230,卖盘
13:18:52,102.31,0.01,5,51191,中性盘
13:18:55,102.18,-0.13,121,1237322,卖盘
13:18:58,102.31,0.13,2,20461,中性盘
13:19:01,102.31,0.0,19,194389,卖盘
13:19:16,102.44,0.13,8,81946,买盘
13:19:19,102.31,-0.13,2,20462,卖盘
13:19:25,102.35,0.04,1,10235,买盘
13:19:28,102.35,0.0,1,10235,买盘
13:19:31,102.35,0.0,1,10235,买盘
13:19:34,102.33,-0.02,15,153521,中性盘
13:19:37,102.34,0.01,20,204680,买盘
13:19:40,102.32,-0.02,5,51161,卖盘
13:19:43,102.35,0.03,3,30705,买盘
13:19:46,102.34,-0.01,1,10234,卖盘
13:19:49,102.35,0.01,1,10235,买盘
13:19:52,102.35,0.0,6,61410,买盘
13:19:54,102.35,0.0,4,40938,买盘
13:19:58,102.35,0.0,2,20469,买盘
13:20:04,102.35,0.0,1,10235,卖盘
13:20:07,102.44,0.09,6,61443,买盘
13:20:10,102.39,-0.05,7,71683,中性盘
13:20:13,102.49,0.1,6,63131,买盘
13:20:16,102.51,0.02,58,595426,买盘
13:20:19,102.54,0.03,10,102541,买盘
13:20:21,102.58,0.04,63,646248,买盘
13:20:25,102.54,-0.04,19,194864,卖盘
13:20:28,102.53,-0.01,41,420529,中性盘
13:20:30,102.6,0.07,12,123078,买盘
13:20:34,102.63,0.03,11,112890,买盘
13:20:37,102.64,0.01,5,51320,买盘
13:20:40,102.65,0.01,1,10265,买盘
13:20:43,102.66,0.01,4,41064,买盘
13:20:46,102.7,0.04,18,184854,买盘
13:20:49,102.7,0.0,4,41081,卖盘
13:20:52,102.75,0.05,13,133538,买盘
13:20:55,102.73,-0.02,5,51371,卖盘
13:20:58,102.76,0.03,8,82208,买盘
13:21:01,102.77,0.01,6,61660,买盘
13:21:04,102.79,0.02,11,113049,买盘
13:21:07,102.77,-0.02,7,71939,买盘
13:21:10,102.78,0.01,4,41109,买盘
13:21:13,102.78,0.0,8,82229,卖盘
13:21:16,102.79,0.01,10,102786,买盘
13:21:19,102.8,0.01,30,308400,买盘
13:21:22,102.81,0.01,4,41124,买盘
13:21:25,102.81,0.0,6,61689,卖盘
13:21:28,102.82,0.01,3,30846,买盘
13:21:31,102.81,-0.01,5,51411,卖盘
13:21:34,102.82,0.01,31,318735,中性盘
13:21:37,102.82,0.0,17,174774,买盘
13:21:40,102.81,-0.01,8,82260,中性盘
13:21:43,102.8,-0.01,6,61684,卖盘
13:21:46,102.79,-0.01,5,51395,卖盘
13:21:49,102.8,0.01,5,51400,买盘
13:21:52,102.78,-0.02,7,71952,卖盘
13:21:55,102.77,-0.01,49,503631,卖盘
13:21:58,102.77,0.0,26,267193,卖盘
13:22:01,102.75,-0.02,15,154150,卖盘
13:22:04,102.75,0.0,60,616500,卖盘
13:22:07,102.71,-0.04,4,41084,卖盘
13:22:10,102.73,0.02,15,154033,买盘
13:22:13,102.68,-0.05,36,369642,卖盘
13:22:16,102.71,0.03,7,71890,买盘
13:22:19,102.68,-0.03,1,10268,卖盘
13:22:25,102.7,0.02,2,20540,卖盘
13:22:28,102.74,0.04,2,20542,买盘
13:22:34,102.7,-0.04,6,61620,中性盘
13:22:37,102.7,0.0,1,10270,卖盘
13:22:40,102.74,0.04,4,41094,买盘
13:22:43,102.7,-0.04,7,71892,卖盘
13:22:46,102.7,0.0,17,174570,卖盘
13:22:49,102.67,-0.03,3,30803,卖盘
13:22:52,102.69,0.02,13,133481,买盘
13:22:55,102.67,-0.02,1,10267,买盘
13:22:58,102.67,0.0,10,102666,买盘
13:23:00,102.64,-0.03,10,102649,卖盘
13:23:04,102.65,0.01,5,51321,买盘
13:23:07,102.65,0.0,1,10265,买盘
13:23:10,102.6,-0.05,1,10260,卖盘
13:23:15,102.6,0.0,1,10260,卖盘
13:23:19,102.64,0.04,1,10264,买盘
13:23:25,102.6,-0.04,31,318158,卖盘
13:23:28,102.59,-0.01,5,51295,卖盘
13:23:30,102.6,0.01,4,41040,买盘
13:23:40,102.6,0.0,15,153900,卖盘
13:23:43,102.33,-0.27,110,1126650,卖盘
13:23:48,102.35,0.02,6,61402,卖盘
13:23:52,102.34,-0.01,7,71641,卖盘
13:23:55,102.35,0.01,5,51172,中性盘
13:24:07,102.57,0.22,10,102570,中性盘
13:24:10,102.35,-0.22,10,102378,卖盘
13:24:13,102.38,0.03,130,1329731,买盘
13:24:16,102.4,0.02,2,20479,买盘
13:24:19,102.57,0.17,5,51246,买盘
13:24:21,102.49,-0.08,2,20499,卖盘
13:24:25,102.39,-0.1,2,20479,卖盘
13:24:28,102.39,0.0,5,51204,买盘
13:24:31,102.38,-0.01,2,20477,卖盘
13:24:34,102.36,-0.02,1,10236,卖盘
13:24:37,102.58,0.22,10,102411,买盘
13:24:40,102.38,-0.2,29,296902,中性盘
13:24:46,102.37,-0.01,9,92220,卖盘
13:24:49,102.38,0.01,2,20496,卖盘
13:24:52,102.57,0.19,3,30752,买盘
13:24:55,102.56,-0.01,7,71779,中性盘
13:24:57,102.56,0.0,6,61519,买盘
13:25:01,102.38,-0.18,1,10238,卖盘
13:25:04,102.56,0.18,3,30768,买盘
13:25:07,102.56,0.0,12,123072,买盘
13:25:10,102.39,-0.17,1,10239,卖盘
13:25:15,102.48,0.09,3,30727,买盘
13:25:19,102.56,0.08,9,92304,买盘
13:25:22,102.56,0.0,2,20513,卖盘
13:25:24,102.56,0.0,1,10256,卖盘
13:25:28,102.58,0.02,105,1077000,买盘
13:25:31,102.57,-0.01,25,256405,买盘
13:25:34,102.57,0.0,5,51284,买盘
13:25:37,102.56,-0.01,7,71797,卖盘
13:25:40,102.57,0.01,52,533363,买盘
13:25:43,102.58,0.01,8,82064,卖盘
13:25:46,102.58,0.0,1,10258,卖盘
13:25:49,102.58,0.0,12,123098,卖盘
13:25:52,102.57,-0.01,2,20514,卖盘
13:26:01,102.57,0.0,3,30773,卖盘
13:26:04,102.59,0.02,10,102590,中性盘
13:26:07,102.6,0.01,6,61557,买盘
13:26:10,102.58,-0.02,2,20518,卖盘
13:26:13,102.6,0.02,1,10260,中性盘
13:26:15,102.6,0.0,2,20520,买盘
13:26:19,102.57,-0.03,2,20517,卖盘
13:26:27,102.6,0.03,11,112860,买盘
13:26:37,102.6,0.0,6,61560,卖盘
13:26:46,102.61,0.01,1,10261,买盘
13:26:55,102.61,0.0,1,10261,中性盘
13:26:58,102.62,0.01,1,10262,买盘
13:27:01,102.6,-0.02,23,235998,卖盘
13:27:04,102.61,0.01,3,30784,中性盘
13:27:19,102.63,0.02,21,215504,买盘
13:27:22,102.61,-0.02,5,51308,中性盘
13:27:25,102.6,-0.01,4,41049,卖盘
13:27:28,102.61,0.01,2,20522,买盘
13:27:31,102.61,0.0,7,71828,买盘
13:27:34,102.61,0.0,1,10261,卖盘
13:27:37,102.65,0.04,2,20529,买盘
13:27:40,102.65,0.0,2,20530,买盘
13:27:52,102.65,0.0,5,51325,买盘
13:27:55,102.61,-0.04,10,102631,卖盘
13:27:58,102.61,0.0,2,20522,卖盘
13:28:01,102.62,0.01,10,102643,买盘
13:28:04,102.61,-0.01,1,10261,卖盘
13:28:07,102.62,0.01,1,10262,买盘
13:28:10,102.61,-0.01,18,184715,卖盘
13:28:13,102.62,0.01,4,41045,买盘
13:28:15,102.62,0.0,2,20524,买盘
13:28:19,102.62,0.0,64,656768,买盘
13:28:22,102.62,0.0,7,71834,卖盘
13:28:25,102.62,0.0,1,10262,卖盘
13:28:28,102.62,0.0,2,20524,卖盘
13:28:31,102.64,0.02,1,10264,买盘
13:28:49,102.64,0.0,2,20528,卖盘
13:28:51,102.65,0.01,6,61590,买盘
13:28:58,102.68,0.03,1,10268,买盘
13:29:01,102.68,0.0,2,20536,买盘
13:29:04,102.68,0.0,1,10268,买盘
13:29:07,102.65,-0.03,4,41063,卖盘
13:29:10,102.68,0.03,8,82151,中性盘
13:29:12,102.65,-0.03,1,10265,卖盘
13:29:16,102.68,0.03,13,133484,买盘
13:29:18,102.65,-0.03,8,82123,卖盘
13:29:22,102.65,0.0,4,41063,卖盘
13:29:25,102.68,0.03,16,164282,买盘
13:29:28,102.65,-0.03,5,51325,卖盘
13:29:31,102.68,0.03,27,277219,买盘
13:29:34,102.65,-0.03,2,20530,卖盘
13:29:37,102.68,0.03,10,102680,买盘
13:29:40,102.68,0.0,2,20537,卖盘
13:29:49,102.72,0.04,11,112982,买盘
13:29:52,102.68,-0.04,5,51343,卖盘
13:29:58,102.73,0.05,3,30815,买盘
13:30:05,102.74,0.01,7,71918,买盘
13:30:10,102.75,0.01,19,195219,买盘
13:30:13,102.79,0.04,20,205511,买盘
13:30:16,102.8,0.01,20,205582,买盘
13:30:19,102.79,-0.01,6,61679,卖盘
13:30:22,102.78,-0.01,8,82216,买盘
13:30:28,102.78,0.0,2,20556,买盘
13:30:31,102.78,0.0,10,102777,买盘
13:30:34,102.75,-0.03,2,20550,卖盘
13:30:36,102.76,0.01,8,82206,买盘
13:30:40,102.75,-0.01,8,82201,卖盘
13:30:43,102.76,0.01,14,143862,买盘
13:30:46,102.75,-0.01,2,20550,卖盘
13:30:49,102.75,0.0,6,61647,中性盘
13:30:52,102.74,-0.01,5,51372,卖盘
13:30:55,102.75,0.01,15,154120,买盘
13:30:58,102.74,-0.01,5,51370,卖盘
13:31:01,102.74,0.0,6,61645,卖盘
13:31:04,102.74,0.0,6,61646,卖盘
13:31:07,102.76,0.02,73,750132,买盘
13:31:10,102.75,-0.01,21,215796,卖盘
13:31:13,102.76,0.01,6,61651,中性盘
13:31:16,102.75,-0.01,4,41101,卖盘
13:31:18,102.75,0.0,4,41102,卖盘
13:31:25,102.79,0.04,6,61667,买盘
13:31:28,102.75,-0.04,31,318545,卖盘
13:31:31,102.75,0.0,2,20548,买盘
13:31:34,102.72,-0.03,18,184906,买盘
13:31:37,102.72,0.0,2,20544,卖盘
13:31:46,102.75,0.03,2,20550,买盘
13:31:52,102.7,-0.05,5,51350,卖盘
13:31:55,102.65,-0.05,26,266974,卖盘
13:31:57,102.7,0.05,1,10270,卖盘
13:32:01,102.7,0.0,1,10270,卖盘
13:32:04,102.68,-0.02,13,133470,买盘
13:32:07,102.62,-0.06,3,30786,卖盘
13:32:10,102.62,0.0,1,10262,卖盘
13:32:16,102.65,0.03,1,10265,买盘
13:32:19,102.6,-0.05,109,1118433,卖盘
13:32:22,102.62,0.02,4,41050,卖盘
13:32:25,102.6,-0.02,7,71822,卖盘
13:32:28,102.62,0.02,37,379632,买盘
13:32:31,102.6,-0.02,5,51300,卖盘
13:32:34,102.61,0.01,81,831070,买盘
13:32:37,102.59,-0.02,12,123118,卖盘
13:32:40,102.57,-0.02,5,51290,卖盘
13:32:42,102.55,-0.02,72,738426,卖盘
13:32:46,102.5,-0.05,17,174250,卖盘
13:32:49,102.5,0.0,2,20506,卖盘
13:32:52,102.42,-0.08,2,20484,卖盘
13:32:58,102.49,0.07,89,911359,买盘
13:33:01,102.49,0.0,8,82031,卖盘
13:33:04,102.49,0.0,8,81992,卖盘
13:33:07,102.56,0.07,23,235791,买盘
13:33:13,102.42,-0.14,1,10242,买盘
13:33:16,102.41,-0.01,1,10241,卖盘
13:33:19,102.43,0.02,1,10243,买盘
13:33:22,102.44,0.01,2,20488,买盘
13:33:30,102.43,-0.01,2,20487,卖盘
13:33:34,102.44,0.01,2,20487,买盘
13:33:37,102.44,0.0,1,10244,买盘
13:33:40,102.44,0.0,3,30732,买盘
13:33:43,102.43,-0.01,1,10243,卖盘
13:33:49,102.44,0.01,62,635131,买盘
13:33:55,102.44,0.0,16,163904,买盘
13:33:58,102.44,0.0,5,51220,买盘
13:34:00,102.44,0.0,41,420007,买盘
13:34:04,102.44,0.0,11,112684,卖盘
13:34:07,102.43,-0.01,3,30730,卖盘
13:34:10,102.44,0.01,1,10244,卖盘
13:34:16,102.46,0.02,1,10246,卖盘
13:34:19,102.49,0.03,2,20498,买盘
13:34:22,102.5,0.01,7,71743,买盘
13:34:25,102.56,0.06,3,30763,买盘
13:34:28,102.56,0.0,2,20512,买盘
13:34:34,102.49,-0.07,3,30745,买盘
13:34:36,102.55,0.06,5,51268,买盘
13:34:40,102.49,-0.06,2,20503,中性盘
13:34:46,102.48,-0.01,2,20496,卖盘
13:34:49,102.53,0.05,3,30759,买盘
13:34:52,102.48,-0.05,3,30744,卖盘
13:34:55,102.53,0.05,2,20506,买盘
13:35:01,102.52,-0.01,1,10252,中性盘
13:35:04,102.53,0.01,3,30759,买盘
13:35:07,102.53,0.0,4,41008,买盘
13:35:10,102.53,0.0,10,102525,买盘
13:35:13,102.54,0.01,1,10254,买盘
13:35:25,102.53,-0.01,3,30759,卖盘
13:35:31,102.53,0.0,1,10253,卖盘
13:35:52,102.53,0.0,1,10253,卖盘
13:36:04,102.54,0.01,3,30762,买盘
13:36:07,102.53,-0.01,12,123036,卖盘
13:36:10,102.53,0.0,4,41012,卖盘
13:36:13,102.54,0.01,2,20507,买盘
13:36:16,102.53,-0.01,1,10253,卖盘
13:36:19,102.54,0.01,5,51270,买盘
13:36:22,102.53,-0.01,1,10253,卖盘
13:36:25,102.54,0.01,1,10254,买盘
13:36:31,102.53,-0.01,2,20506,卖盘
13:36:34,102.53,0.0,3,30759,卖盘
13:36:37,102.53,0.0,3,30760,卖盘
13:36:43,102.53,0.0,54,553663,卖盘
13:36:46,102.53,0.0,6,61518,卖盘
13:36:48,102.52,-0.01,3,30756,卖盘
13:36:52,102.52,0.0,2,20505,卖盘
13:37:01,102.52,0.0,3,30757,卖盘
13:37:07,102.52,0.0,1,10252,卖盘
13:37:10,102.52,0.0,7,71764,卖盘
13:37:12,102.51,-0.01,2,20503,卖盘
13:37:24,102.52,0.01,1,10252,卖盘
13:37:28,102.52,0.0,7,71764,卖盘
13:37:31,102.52,0.0,1,10252,卖盘
13:37:34,102.52,0.0,3,30755,买盘
13:37:37,102.52,0.0,6,61512,买盘
13:37:40,102.51,-0.01,2,20502,卖盘
13:37:43,102.51,0.0,17,174269,卖盘
13:37:46,102.5,-0.01,70,717566,卖盘
13:37:49,102.49,-0.01,6,61500,卖盘
13:37:52,102.5,0.01,2,20500,买盘
13:37:55,102.5,0.0,1,10250,买盘
13:38:01,102.5,0.0,2,20499,买盘
13:38:05,102.49,-0.01,1,10249,卖盘
13:38:07,102.49,0.0,1,10249,买盘
13:38:09,102.49,0.0,3,30747,买盘
13:38:16,102.49,0.0,9,92241,买盘
13:38:31,102.48,-0.01,12,122978,卖盘
13:38:34,102.48,0.0,2,20497,卖盘
13:38:37,102.48,0.0,5,51240,卖盘
13:38:40,102.48,0.0,3,30744,卖盘
13:38:46,102.49,0.01,2,20498,买盘
13:38:48,102.46,-0.03,6,61484,卖盘
13:38:55,102.48,0.02,6,61488,卖盘
13:38:58,102.48,0.0,7,71736,卖盘
13:39:01,102.48,0.0,3,30742,买盘
13:39:10,102.46,-0.02,17,174185,卖盘
13:39:13,102.47,0.01,37,379139,买盘
13:39:16,102.47,0.0,4,40988,卖盘
13:39:19,102.48,0.01,15,153718,买盘
13:39:22,102.47,-0.01,12,122972,卖盘
13:39:25,102.47,0.0,6,61487,卖盘
13:39:27,102.48,0.01,4,40990,买盘
13:39:31,102.48,0.0,2,20496,买盘
13:39:34,102.47,-0.01,8,81977,卖盘
13:39:40,102.48,0.01,13,133212,买盘
13:39:45,102.48,0.0,5,51240,买盘
13:39:49,102.47,-0.01,4,40989,卖盘
13:39:51,102.46,-0.01,3,30739,卖盘
13:39:55,102.46,0.0,3,30738,卖盘
13:40:07,102.47,0.01,12,122954,买盘
13:40:10,102.47,0.0,18,184443,买盘
13:40:12,102.47,0.0,6,61482,买盘
13:40:16,102.47,0.0,5,51235,买盘
13:40:19,102.47,0.0,3,30741,买盘
13:40:22,102.47,0.0,44,450870,买盘
13:40:25,102.47,0.0,26,266422,买盘
13:40:28,102.47,0.0,55,563585,买盘
13:40:31,102.46,-0.01,20,204934,卖盘
13:40:34,102.48,0.02,9,92232,买盘
13:40:37,102.47,-0.01,39,399638,卖盘
13:40:40,102.48,0.01,6,61488,买盘
13:40:43,102.48,0.0,1,10248,买盘
13:40:46,102.49,0.01,1,10249,买盘
13:40:49,102.5,0.01,20,204996,买盘
13:40:52,102.48,-0.02,24,245987,卖盘
13:40:55,102.55,0.07,12,123014,买盘
13:40:58,102.52,-0.03,9,92297,中性盘
13:41:01,102.46,-0.06,50,512428,卖盘
13:41:04,102.68,0.22,8,82146,买盘
13:41:10,102.68,0.0,5,51340,买盘
13:41:16,102.68,0.0,2,20527,买盘
13:41:19,102.68,0.0,5,51339,买盘
13:41:22,102.68,0.0,1,10268,买盘
13:41:25,102.68,0.0,1,10268,买盘
13:41:28,102.7,0.02,1,10270,买盘
13:41:31,102.68,-0.02,1,10268,卖盘
13:41:34,102.68,0.0,4,41072,买盘
13:41:40,102.69,0.01,10,102690,买盘
13:41:43,102.69,0.0,8,82146,买盘
13:41:46,102.69,0.0,4,41075,买盘
13:41:49,102.69,0.0,2,20537,买盘
13:41:52,102.67,-0.02,13,133311,中性盘
13:41:58,102.66,-0.01,9,92340,中性盘
13:42:01,102.66,0.0,5,51330,买盘
13:42:04,102.66,0.0,3,30797,买盘
13:42:07,102.7,0.04,3,30803,买盘
13:42:22,102.7,0.0,5,51349,买盘
13:42:31,102.7,0.0,1,10270,卖盘
13:42:33,102.72,0.02,2,20544,买盘
13:42:37,102.72,0.0,7,71893,买盘
13:42:40,102.72,0.0,31,318439,买盘
13:42:43,102.75,0.03,6,61641,买盘
13:42:46,102.75,0.0,4,41100,买盘
13:42:49,102.72,-0.03,2,20544,卖盘
13:42:52,102.75,0.03,1,10275,买盘
13:42:54,102.72,-0.03,103,1058016,卖盘
13:42:58,102.7,-0.02,23,236226,卖盘
13:43:00,102.54,-0.16,6,61526,卖盘
13:43:13,102.58,0.04,4,41039,卖盘
13:43:16,102.58,0.0,3,30780,卖盘
13:43:19,102.65,0.07,1,10265,买盘
13:43:22,102.58,-0.07,48,492400,卖盘
13:43:25,102.54,-0.04,5,51276,卖盘
13:43:28,102.54,0.0,4,41016,卖盘
13:43:31,102.54,0.0,1,10254,卖盘
13:43:37,102.55,0.01,7,71785,卖盘
13:43:40,102.54,-0.01,3,30763,卖盘
13:43:46,102.54,0.0,9,92286,卖盘
13:43:49,102.53,-0.01,4,41014,卖盘
13:43:55,102.54,0.01,6,61519,买盘
13:43:58,102.54,0.0,1,10254,买盘
13:44:00,102.53,-0.01,1,10253,卖盘
13:44:05,102.54,0.01,5,51270,买盘
13:44:07,102.54,0.0,30,307618,买盘
13:44:10,102.5,-0.04,43,440809,卖盘
13:44:19,102.5,0.0,6,61499,买盘
13:44:22,102.5,0.0,5,51250,买盘
13:44:25,102.49,-0.01,2,20499,卖盘
13:44:34,102.49,0.0,4,40996,买盘
13:44:37,102.48,-0.01,3,30746,卖盘
13:44:43,102.49,0.01,8,81992,买盘
13:44:46,102.48,-0.01,5,51241,卖盘
13:44:52,102.49,0.01,8,81991,买盘
13:44:54,102.48,-0.01,2,20496,卖盘
13:45:04,102.49,0.01,3,30745,买盘
13:45:07,102.49,0.0,12,122988,买盘
13:45:10,102.48,-0.01,15,153732,卖盘
13:45:13,102.49,0.01,11,112736,买盘
13:45:15,102.48,-0.01,6,61488,卖盘
13:45:19,102.5,0.02,140,1434862,买盘
13:45:22,102.49,-0.01,74,758449,卖盘
13:45:25,102.49,0.0,30,307490,卖盘
13:45:28,102.47,-0.02,84,860903,卖盘
13:45:31,102.47,0.0,37,379193,卖盘
13:45:34,102.52,0.05,2,20504,中性盘
13:45:37,102.52,0.0,12,123027,卖盘
13:45:40,102.52,0.0,13,133276,中性盘
13:45:43,102.52,0.0,19,194789,买盘
13:45:46,102.5,-0.02,5,51254,卖盘
13:46:04,102.59,0.09,20,205177,买盘
13:46:07,102.58,-0.01,1,10258,买盘
13:46:10,102.58,0.0,1,10258,买盘
13:46:16,102.55,-0.03,17,174410,卖盘
13:46:19,102.58,0.03,1,10258,中性盘
13:46:25,102.58,0.0,6,61551,卖盘
13:46:27,102.59,0.01,6,61554,中性盘
13:46:31,102.59,0.0,5,51295,买盘
13:46:34,102.59,0.0,7,71813,买盘
13:46:37,102.59,0.0,13,133367,买盘
13:46:40,102.59,0.0,22,225696,买盘
13:46:43,102.59,0.0,3,30777,卖盘
13:46:45,102.6,0.01,4,41039,买盘
13:46:49,102.6,0.0,1,10260,卖盘
13:47:01,102.61,0.01,1,10261,买盘
13:47:04,102.61,0.0,5,51311,卖盘
13:47:07,102.61,0.0,1,10261,中性盘
13:47:10,102.61,0.0,3,30783,中性盘
13:47:13,102.62,0.01,4,41048,买盘
13:47:15,102.62,0.0,3,30790,卖盘
13:47:19,102.62,0.0,3,30786,卖盘
13:47:22,102.63,0.01,9,92367,买盘
13:47:25,102.62,-0.01,3,30786,卖盘
13:47:31,102.62,0.0,10,102620,卖盘
13:47:34,102.62,0.0,12,123144,卖盘
13:47:40,102.62,0.0,1,10262,卖盘
13:47:46,102.62,0.0,2,20524,卖盘
13:47:49,102.63,0.01,8,82103,买盘
13:47:52,102.62,-0.01,6,61564,买盘
13:47:58,102.62,0.0,1,10262,中性盘
13:48:04,102.6,-0.02,2,20520,卖盘
13:48:10,102.6,0.0,5,51300,卖盘
13:48:13,102.6,0.0,8,82083,卖盘
13:48:16,102.63,0.03,11,112893,买盘
13:48:19,102.63,0.0,17,174467,买盘
13:48:22,102.6,-0.03,6,61566,卖盘
13:48:25,102.6,0.0,1,10260,卖盘
13:48:28,102.63,0.03,1,10263,买盘
13:48:31,102.63,0.0,41,420783,买盘
13:48:37,102.63,0.0,9,92367,买盘
13:48:40,102.64,0.01,1,10264,中性盘
13:48:52,102.63,-0.01,1,10263,卖盘
13:48:55,102.64,0.01,1,10264,买盘
13:48:58,102.64,0.0,3,30792,买盘
13:49:01,102.64,0.0,10,102640,买盘
13:49:10,102.64,0.0,3,30792,买盘
13:49:16,102.64,0.0,5,51320,买盘
13:49:19,102.64,0.0,1,10264,买盘
13:49:24,102.64,0.0,1,10264,买盘
13:49:34,102.64,0.0,2,20528,买盘
13:49:37,102.63,-0.01,1,10263,卖盘
13:49:40,102.63,0.0,2,20526,卖盘
13:49:43,102.64,0.01,1,10264,买盘
13:49:45,102.63,-0.01,4,41054,卖盘
13:49:49,102.64,0.01,5,51320,买盘
13:49:52,102.64,0.0,2,20528,买盘
13:49:55,102.63,-0.01,4,41054,卖盘
13:49:58,102.63,0.0,14,143695,卖盘
13:50:01,102.6,-0.03,4,41040,卖盘
13:50:07,102.63,0.03,17,174441,买盘
13:50:10,102.59,-0.04,23,236018,卖盘
13:50:13,102.6,0.01,15,153914,中性盘
13:50:16,102.62,0.02,8,82091,买盘
13:50:19,102.63,0.01,17,174457,买盘
13:50:22,102.63,0.0,19,195001,买盘
13:50:25,102.65,0.02,7,71852,买盘
13:50:28,102.64,-0.01,2,20534,卖盘
13:50:30,102.7,0.06,2,20540,买盘
13:50:34,102.71,0.01,4,41084,买盘
13:50:37,102.72,0.01,4,41085,买盘
13:50:40,102.72,0.0,7,71904,买盘
13:50:43,102.73,0.01,8,82182,买盘
13:50:46,102.78,0.05,22,226053,买盘
13:50:49,102.78,0.0,20,205557,买盘
13:50:52,102.78,0.0,55,565290,买盘
13:50:55,102.78,0.0,6,61666,买盘
13:50:58,102.78,0.0,22,226113,买盘
13:51:01,102.74,-0.04,3,30826,卖盘
13:51:04,102.78,0.04,22,226116,买盘
13:51:07,102.78,0.0,10,102779,买盘
13:51:09,102.78,0.0,6,61636,买盘
13:51:13,102.78,0.0,6,61668,卖盘
13:51:16,102.78,0.0,3,30834,卖盘
13:51:19,102.78,0.0,3,30834,卖盘
13:51:22,102.79,0.01,15,154175,买盘
13:51:25,102.79,0.0,5,51392,买盘
13:51:28,102.78,-0.01,2,20556,中性盘
13:51:31,102.78,0.0,2,20556,买盘
13:51:33,102.78,0.0,1,10278,买盘
13:51:37,102.78,0.0,1,10278,买盘
13:51:40,102.77,-0.01,7,71942,卖盘
13:51:43,102.78,0.01,20,205560,买盘
13:51:45,102.78,0.0,4,41112,买盘
13:51:52,102.78,0.0,22,226114,买盘
13:51:55,102.77,-0.01,12,123332,卖盘
13:51:57,102.78,0.01,1,10278,买盘
13:52:01,102.78,0.0,4,41112,买盘
13:52:05,102.79,0.01,57,585848,买盘
13:52:07,102.79,0.0,12,123343,买盘
13:52:10,102.8,0.01,9,92517,买盘
13:52:13,102.8,0.0,4,41120,买盘
13:52:16,102.8,0.0,2,20560,买盘
13:52:19,102.8,0.0,1,10280,买盘
13:52:22,102.8,0.0,11,113080,买盘
13:52:25,102.82,0.02,43,442069,买盘
13:52:28,102.82,0.0,9,92538,卖盘
13:52:30,102.85,0.03,19,195372,买盘
13:52:34,102.82,-0.03,13,133688,卖盘
13:52:37,102.88,0.06,6,61720,买盘
13:52:40,102.88,0.0,5,51436,买盘
13:52:43,102.88,0.0,3,30865,买盘
13:52:46,102.89,0.01,13,133755,买盘
13:52:49,102.89,0.0,2,20578,买盘
13:52:52,102.89,0.0,6,61733,买盘
13:52:55,102.89,0.0,5,51445,买盘
13:52:58,102.89,0.0,7,72023,买盘
13:53:01,102.9,0.01,7,72025,买盘
13:53:04,102.88,-0.02,6,61728,卖盘
13:53:07,102.9,0.02,6,61738,买盘
13:53:16,102.89,-0.01,1,10289,卖盘
13:53:19,102.9,0.01,10,102900,买盘
13:53:22,102.89,-0.01,10,102895,卖盘
13:53:25,102.91,0.02,7,72031,买盘
13:53:28,102.91,0.0,1,10291,买盘
13:53:31,102.91,0.0,6,61746,买盘
13:53:34,102.93,0.02,2,20584,买盘
13:53:37,102.93,0.0,4,41172,买盘
13:53:40,102.93,0.0,4,41172,买盘
13:53:43,102.93,0.0,7,72046,买盘
13:53:46,102.91,-0.02,16,164656,卖盘
13:53:49,102.91,0.0,10,102906,买盘
13:53:52,102.93,0.02,21,216121,买盘
13:53:55,102.94,0.01,10,102931,买盘
13:53:58,102.91,-0.03,5,51455,卖盘
13:54:01,102.93,0.02,6,61762,中性盘
13:54:05,102.94,0.01,32,329383,买盘
13:54:07,102.93,-0.01,23,236730,中性盘
13:54:09,102.93,0.0,14,144076,买盘
13:54:13,102.93,0.0,46,473361,买盘
13:54:15,102.93,0.0,53,545505,买盘
13:54:19,102.93,0.0,27,277907,买盘
13:54:22,102.92,-0.01,33,339637,中性盘
13:54:25,102.9,-0.02,16,164655,卖盘
13:54:28,102.93,0.03,17,174981,买盘
13:54:31,102.9,-0.03,2,20582,卖盘
13:54:33,102.93,0.03,5,51456,买盘
13:54:37,102.92,-0.01,7,72036,中性盘
13:54:40,102.9,-0.02,14,144071,卖盘
13:54:43,102.9,0.0,11,113195,卖盘
13:54:46,102.9,0.0,6,61730,买盘
13:54:52,102.89,-0.01,17,174897,买盘
13:54:55,102.89,0.0,17,174911,买盘
13:54:58,102.86,-0.03,1,10286,卖盘
13:55:10,102.87,0.01,7,72009,买盘
13:55:13,102.85,-0.02,14,144015,卖盘
13:55:16,102.85,0.0,1,10285,买盘
13:55:22,102.85,0.0,2,20569,买盘
13:55:25,102.85,0.0,2,20570,买盘
13:55:28,102.84,-0.01,2,20569,卖盘
13:55:30,102.85,0.01,20,205673,买盘
13:55:37,102.83,-0.02,2,20566,买盘
13:55:40,102.83,0.0,1,10283,买盘
13:55:42,102.82,-0.01,3,30846,卖盘
13:55:46,102.82,0.0,6,61692,买盘
13:55:49,102.82,0.0,2,20564,买盘
13:55:52,102.81,-0.01,2,20562,卖盘
13:55:57,102.81,0.0,10,102810,卖盘
13:56:01,102.83,0.02,53,544979,买盘
13:56:05,102.83,0.0,7,71981,卖盘
13:56:07,102.83,0.0,5,51415,卖盘
13:56:13,102.84,0.01,1,10284,买盘
13:56:19,102.81,-0.03,2,20562,卖盘
13:56:22,102.83,0.02,2,20566,买盘
13:56:25,102.81,-0.02,3,30843,卖盘
13:56:31,102.84,0.03,6,61704,买盘
13:56:33,102.83,-0.01,9,92547,卖盘
13:56:37,102.84,0.01,3,30850,买盘
13:56:40,102.83,-0.01,11,113113,买盘
13:56:43,102.83,0.0,1,10283,买盘
13:56:46,102.82,-0.01,1,10282,中性盘
13:56:51,102.81,-0.01,22,226182,卖盘
13:56:55,102.8,-0.01,2,20561,卖盘
13:56:58,102.8,0.0,20,205611,卖盘
13:57:00,102.8,0.0,4,41120,卖盘
13:57:05,102.8,0.0,3,30840,买盘
13:57:10,102.79,-0.01,4,41116,卖盘
13:57:13,102.8,0.01,2,20560,买盘
13:57:16,102.8,0.0,22,226158,买盘
13:57:19,102.8,0.0,12,123357,买盘
13:57:34,102.79,-0.01,4,41116,卖盘
13:57:37,102.79,0.0,44,452278,卖盘
13:57:40,102.8,0.01,15,154197,买盘
13:57:42,102.79,-0.01,3,30839,卖盘
13:57:46,102.79,0.0,19,195285,买盘
13:57:49,102.79,0.0,3,30835,买盘
13:57:52,102.77,-0.02,6,61672,卖盘
13:57:55,102.77,0.0,4,41108,卖盘
13:57:58,102.79,0.02,2,20558,买盘
13:58:01,102.77,-0.02,6,61670,卖盘
13:58:05,102.77,0.0,2,20554,买盘
13:58:10,102.76,-0.01,3,30828,买盘
13:58:13,102.74,-0.02,13,133562,中性盘
13:58:15,102.74,0.0,1,10274,买盘
13:58:18,102.75,0.01,11,113008,买盘
13:58:22,102.75,0.0,14,143858,卖盘
13:58:28,102.78,0.03,2,20556,买盘
13:58:30,102.78,0.0,19,195255,买盘
13:58:34,102.8,0.02,71,729800,买盘
13:58:37,102.79,-0.01,16,164476,卖盘
13:58:40,102.82,0.03,20,205636,买盘
13:58:42,102.86,0.04,12,123408,买盘
13:58:46,102.88,0.02,16,164580,买盘
13:58:49,102.9,0.02,10,102896,买盘
13:58:52,102.93,0.03,19,195523,买盘
13:58:54,102.93,0.0,1,10293,买盘
13:58:58,102.94,0.01,21,216176,买盘
13:59:01,102.95,0.01,3,30885,买盘
13:59:05,102.9,-0.05,23,236757,卖盘
13:59:10,102.93,0.03,2,20586,买盘
13:59:13,102.93,0.0,2,20586,买盘
13:59:16,102.92,-0.01,5,51460,买盘
13:59:19,102.9,-0.02,1,10290,卖盘
13:59:22,102.9,0.0,17,174960,卖盘
13:59:25,102.9,0.0,3,30870,买盘
13:59:28,102.9,0.0,17,174941,卖盘
13:59:31,102.89,-0.01,4,41156,买盘
13:59:37,102.88,-0.01,3,30864,卖盘
13:59:40,102.88,0.0,16,164614,卖盘
13:59:42,102.89,0.01,15,154335,买盘
13:59:49,102.9,0.01,48,493920,买盘
13:59:52,102.9,0.0,1,10290,卖盘
13:59:55,102.9,0.0,3,30870,卖盘
14:00:01,102.87,-0.03,33,339547,卖盘
14:00:05,102.91,0.04,63,648274,买盘
14:00:07,102.92,0.01,2,20583,买盘
14:00:10,102.93,0.01,7,72045,买盘
14:00:13,102.92,-0.01,14,144094,卖盘
14:00:15,102.85,-0.07,92,946766,卖盘
14:00:18,102.84,-0.01,19,195406,卖盘
14:00:22,102.92,0.08,2,20582,中性盘
14:00:28,102.91,-0.01,1,10291,买盘
14:00:33,102.91,0.0,19,195537,买盘
14:00:37,102.92,0.01,35,360232,中性盘
14:00:40,102.93,0.01,31,319049,买盘
14:00:43,102.93,0.0,27,277919,卖盘
14:00:46,102.91,-0.02,13,133810,卖盘
14:00:49,102.92,0.01,2,20584,中性盘
14:00:51,102.91,-0.01,2,20582,卖盘
14:00:55,102.93,0.02,4,41166,买盘
14:01:01,102.92,-0.01,1,10292,中性盘
14:01:10,102.92,0.01,11,113214,买盘
14:01:13,102.92,0.0,13,133796,买盘
14:01:16,102.93,0.01,12,123510,买盘
14:01:19,102.93,0.0,10,102930,卖盘
14:01:22,102.93,0.0,2,20586,卖盘
14:01:24,102.93,0.0,2,20586,卖盘
14:01:34,102.93,0.0,69,710218,卖盘
14:01:37,102.92,-0.01,27,277899,卖盘
14:01:40,102.92,0.0,79,813068,卖盘
14:01:43,102.9,-0.02,88,901686,卖盘
14:01:46,102.9,0.0,5,51445,买盘
14:01:49,102.93,0.03,105,1080649,买盘
14:01:52,102.9,-0.03,2,20580,卖盘
14:01:55,102.86,-0.04,10,102860,卖盘
14:01:58,102.89,0.03,2,20577,买盘
14:02:00,102.91,0.02,6,61743,买盘
14:02:04,102.88,-0.03,1,10288,中性盘
14:02:07,102.88,0.0,1,10288,卖盘
14:02:10,102.88,0.0,1,10288,卖盘
14:02:13,102.88,0.0,13,133746,卖盘
14:02:16,102.89,0.01,5,51445,中性盘
14:02:18,102.89,0.0,4,41158,卖盘
14:02:22,102.89,0.0,6,61738,卖盘
14:02:28,102.89,0.0,5,51445,卖盘
14:02:31,102.88,-0.01,3,30864,卖盘
14:02:34,102.89,0.01,1,10289,买盘
14:02:37,102.89,0.0,1,10289,买盘
14:02:39,102.88,-0.01,17,174896,卖盘
14:02:43,102.88,0.0,4,41152,卖盘
14:02:46,102.88,0.0,1,10288,卖盘
14:02:49,102.88,0.0,1,10288,卖盘
14:02:52,102.88,0.0,3,30866,卖盘
14:02:55,102.88,0.0,9,92594,卖盘
14:02:58,102.88,0.0,6,61728,卖盘
14:03:01,102.88,0.0,4,41152,卖盘
14:03:04,102.88,0.0,14,144035,卖盘
14:03:07,102.88,0.0,7,72016,卖盘
14:03:10,102.88,0.0,36,370368,卖盘
14:03:12,102.87,-0.01,6,61726,卖盘
14:03:16,102.85,-0.02,47,483415,卖盘
14:03:19,102.84,-0.01,31,323331,卖盘
14:03:22,102.84,0.0,23,232007,卖盘
14:03:25,102.83,-0.01,3,30849,卖盘
14:03:28,102.83,0.0,8,82264,卖盘
14:03:43,102.82,-0.01,4,41131,卖盘
14:03:46,102.83,0.01,8,82257,买盘
14:03:48,102.81,-0.02,20,205636,卖盘
14:03:52,102.82,0.01,21,215904,买盘
14:03:55,102.81,-0.01,8,82242,买盘
14:03:58,102.8,-0.01,20,205606,卖盘
14:04:01,102.75,-0.05,7,71931,卖盘
14:04:04,102.75,0.0,2,20550,卖盘
14:04:07,102.75,0.0,3,30835,卖盘
14:04:12,102.75,0.0,1,10275,卖盘
14:04:18,102.75,0.0,5,51375,卖盘
