time,price,change,volume,amount,type
09:25:01,53.34,-0.4,1646,8779764,卖盘
09:30:00,53.34,0.0,393,2096408,卖盘
09:30:04,53.33,-0.01,1960,10453747,卖盘
09:30:07,53.34,0.01,1098,5856498,买盘
09:30:10,53.34,0.0,481,2567302,买盘
09:30:12,53.33,-0.01,349,1861184,中性盘
09:30:16,53.33,0.0,211,1124764,买盘
09:30:18,53.29,-0.04,125,664029,卖盘
09:30:22,53.29,0.0,122,649949,买盘
09:30:25,53.3,0.01,92,490208,买盘
09:30:28,53.29,-0.01,27,143830,中性盘
09:30:30,53.29,0.0,71,378327,卖盘
09:30:33,53.26,-0.03,45,239702,卖盘
09:30:36,53.25,-0.01,71,378089,卖盘
09:30:39,53.28,0.03,282,1502225,买盘
09:30:42,53.28,0.0,86,458042,买盘
09:30:46,53.25,-0.03,76,404781,卖盘
09:30:48,53.27,0.02,60,319572,买盘
09:30:51,53.27,0.0,75,399429,卖盘
09:30:54,53.27,0.0,49,260996,买盘
09:30:58,53.25,-0.02,147,782988,卖盘
09:31:00,53.27,0.02,127,676339,买盘
09:31:04,53.27,0.0,174,926873,卖盘
09:31:06,53.3,0.03,604,3218100,买盘
09:31:09,53.26,-0.04,274,1459565,卖盘
09:31:12,53.27,0.01,87,463417,买盘
09:31:15,53.25,-0.02,200,1065336,卖盘
09:31:18,53.25,0.0,373,1986225,买盘
09:31:21,53.25,0.0,75,399362,买盘
09:31:25,53.26,0.01,151,804130,买盘
09:31:27,53.27,0.01,121,644483,买盘
09:31:30,53.27,0.0,108,575176,中性盘
09:31:34,53.27,0.0,58,309043,卖盘
09:31:36,53.26,-0.01,89,474134,卖盘
09:31:39,53.27,0.01,99,527393,买盘
09:31:42,53.29,0.02,440,2343358,买盘
09:31:46,53.28,-0.01,70,372952,中性盘
09:31:48,53.29,0.01,33,175851,买盘
09:31:52,53.28,-0.01,154,820612,卖盘
09:31:55,53.29,0.01,168,895262,买盘
09:31:57,53.29,0.0,54,287797,卖盘
09:32:00,53.3,0.01,291,1554681,买盘
09:32:04,53.3,0.0,142,753773,买盘
09:32:07,53.3,0.0,50,266898,卖盘
09:32:10,53.34,0.04,330,1762825,买盘
09:32:12,53.34,0.0,120,640115,卖盘
09:32:16,53.34,0.0,386,2058933,卖盘
09:32:18,53.38,0.04,43,229420,买盘
09:32:22,53.38,0.0,15,80067,卖盘
09:32:24,53.38,0.0,36,192208,卖盘
09:32:27,53.34,-0.04,674,3593227,卖盘
09:32:31,53.4,0.06,57,306831,买盘
09:32:34,53.38,-0.02,67,357719,卖盘
09:32:37,53.4,0.02,29,154858,买盘
09:32:40,53.4,0.0,55,293705,买盘
09:32:43,53.4,0.0,47,251022,卖盘
09:32:46,53.46,0.06,23,122913,买盘
09:32:49,53.41,-0.05,9,48078,中性盘
09:32:51,53.41,0.0,54,288399,买盘
09:32:54,53.41,0.0,93,496691,买盘
09:32:58,53.41,0.0,235,1254942,买盘
09:33:01,53.41,0.0,82,437927,买盘
09:33:04,53.41,0.0,151,806399,买盘
09:33:07,53.4,-0.01,154,822413,卖盘
09:33:10,53.46,0.06,250,1336358,买盘
09:33:12,53.46,0.0,1,5346,卖盘
09:33:16,53.47,0.01,15,80203,买盘
09:33:18,53.47,0.0,169,903535,买盘
09:33:22,53.47,0.0,238,1272379,买盘
09:33:24,53.47,0.0,4,21391,卖盘
09:33:28,53.5,0.03,670,3583498,买盘
09:33:30,53.48,-0.02,39,208560,中性盘
09:33:34,53.5,0.02,41,219320,买盘
09:33:36,53.5,0.0,89,476087,卖盘
09:33:39,53.53,0.03,52,278352,买盘
09:33:42,53.53,0.0,33,176670,卖盘
09:33:46,53.54,0.01,90,481842,买盘
09:33:49,53.54,0.0,130,695956,买盘
09:33:52,53.54,0.0,45,240908,买盘
09:33:54,53.52,-0.02,248,1327521,卖盘
09:33:58,53.6,0.08,231,1236017,买盘
09:34:00,53.6,0.0,15,80400,卖盘
09:34:04,53.5,-0.1,320,1714090,卖盘
09:34:07,53.5,0.0,34,181899,买盘
09:34:10,53.5,0.0,131,700760,买盘
09:34:13,53.5,0.0,159,850465,买盘
09:34:15,53.5,0.0,509,2720952,买盘
09:34:19,53.39,-0.11,164,877075,卖盘
09:34:22,53.47,0.08,123,657681,买盘
09:34:25,53.48,0.01,97,518839,买盘
09:34:27,53.45,-0.03,65,347429,卖盘
09:34:31,53.44,-0.01,32,171031,中性盘
09:34:34,53.45,0.01,39,208349,买盘
09:34:37,53.45,0.0,86,459573,买盘
09:34:40,53.45,0.0,58,310010,买盘
09:34:42,53.45,0.0,237,1266692,买盘
09:34:46,53.44,-0.01,64,342067,卖盘
09:34:48,53.44,0.0,37,197724,买盘
09:34:51,53.44,0.0,39,208407,买盘
09:34:54,53.44,0.0,68,363383,买盘
09:34:58,53.44,0.0,70,374089,卖盘
09:35:01,53.5,0.06,652,3485896,买盘
09:35:05,53.5,0.0,575,3071844,卖盘
09:35:07,53.5,0.0,4,21400,卖盘
09:35:09,53.5,0.0,20,107000,买盘
09:35:12,53.5,0.0,19,101627,买盘
09:35:15,53.5,0.0,34,181900,买盘
09:35:18,53.51,0.01,40,214046,买盘
09:35:21,53.5,-0.01,6,32103,卖盘
09:35:24,53.56,0.06,21,112383,买盘
09:35:27,53.5,-0.06,19,101661,卖盘
09:35:31,53.56,0.06,22,117787,买盘
09:35:34,53.51,-0.05,342,1831686,卖盘
09:35:36,53.56,0.05,424,2268038,中性盘
09:35:40,53.58,0.02,76,407068,买盘
09:35:43,53.53,-0.05,20,107136,卖盘
09:35:46,53.59,0.06,3,16072,买盘
09:35:48,53.57,-0.02,32,171351,卖盘
09:35:52,53.57,0.0,20,107145,买盘
09:35:55,53.57,0.0,53,283888,买盘
09:35:58,53.57,0.0,12,64281,卖盘
09:36:00,53.58,0.01,41,219647,买盘
09:36:05,53.57,-0.01,96,514320,卖盘
09:36:07,53.56,-0.01,135,723155,中性盘
09:36:10,53.56,0.0,48,257086,买盘
09:36:12,53.55,-0.01,131,701325,卖盘
09:36:15,53.55,0.0,27,144550,买盘
09:36:19,53.53,-0.02,31,165946,中性盘
09:36:22,53.52,-0.01,88,470904,卖盘
09:36:24,53.49,-0.03,117,625957,卖盘
09:36:28,53.52,0.03,118,630771,买盘
09:36:31,53.52,0.0,13,69577,买盘
09:36:34,53.52,0.0,14,74864,中性盘
09:36:36,53.5,-0.02,21,112394,卖盘
09:36:40,53.49,-0.01,11,58844,卖盘
09:36:43,53.43,-0.06,47,251294,卖盘
09:36:46,53.46,0.03,44,235239,中性盘
09:36:49,53.49,0.03,31,165786,买盘
09:36:51,53.49,0.0,17,90945,买盘
09:36:55,53.48,-0.01,30,160488,卖盘
09:36:58,53.49,0.01,83,443932,买盘
09:37:00,53.44,-0.05,28,149679,卖盘
09:37:04,53.48,0.04,83,443953,卖盘
09:37:07,53.49,0.01,31,165778,买盘
09:37:10,53.47,-0.02,27,144397,卖盘
09:37:12,53.47,0.0,61,326186,卖盘
09:37:16,53.48,0.01,114,609620,买盘
09:37:18,53.47,-0.01,2,10694,中性盘
09:37:22,53.48,0.01,57,304822,买盘
09:37:24,53.47,-0.01,54,288767,卖盘
09:37:27,53.48,0.01,40,213884,买盘
09:37:30,53.48,0.0,74,395674,买盘
09:37:33,53.48,0.0,31,165794,卖盘
09:37:36,53.48,0.0,8,42790,卖盘
09:37:39,53.48,0.0,33,176494,卖盘
09:37:42,53.49,0.01,22,117674,买盘
09:37:45,53.49,0.0,132,706103,中性盘
09:37:49,53.49,0.0,46,246094,卖盘
09:37:52,53.5,0.01,38,203282,买盘
09:37:55,53.49,-0.01,48,256784,卖盘
09:37:58,53.5,0.01,125,668668,买盘
09:38:01,53.5,0.0,72,385203,买盘
09:38:04,53.5,0.0,61,326397,卖盘
09:38:07,53.52,0.02,97,519047,买盘
09:38:10,53.52,0.0,60,321101,买盘
09:38:12,53.51,-0.01,28,149836,卖盘
09:38:16,53.55,0.04,36,192745,买盘
09:38:18,53.51,-0.04,115,615439,卖盘
09:38:21,53.51,0.0,66,353292,买盘
09:38:24,53.51,0.0,12,64220,中性盘
09:38:28,53.51,0.0,9,48163,卖盘
09:38:30,53.5,-0.01,515,2755674,卖盘
09:38:33,53.55,0.05,17,91024,买盘
09:38:36,53.54,-0.01,77,412313,卖盘
09:38:39,53.53,-0.01,51,273063,卖盘
09:38:43,53.53,0.0,31,165936,买盘
09:38:46,53.53,0.0,44,235532,买盘
09:38:49,53.53,0.0,47,251580,买盘
09:38:52,53.51,-0.02,153,818809,卖盘
09:38:55,53.51,0.0,51,272918,买盘
09:38:58,53.5,-0.01,272,1455282,卖盘
09:39:00,53.5,0.0,112,599157,买盘
09:39:05,53.5,0.0,83,444027,买盘
09:39:07,53.49,-0.01,44,235392,卖盘
09:39:10,53.49,0.0,320,1711677,卖盘
09:39:12,53.48,-0.01,29,155105,卖盘
09:39:15,53.49,0.01,513,2743506,买盘
09:39:18,53.49,0.0,168,898317,买盘
09:39:21,53.45,-0.04,230,1229309,卖盘
09:39:24,53.44,-0.01,294,1572384,中性盘
09:39:28,53.44,0.0,456,2436473,买盘
09:39:30,53.44,0.0,84,448757,中性盘
09:39:34,53.5,0.06,157,839608,买盘
09:39:36,53.42,-0.08,98,523435,中性盘
09:39:40,53.44,0.02,23,122896,买盘
09:39:43,53.42,-0.02,328,1752220,卖盘
09:39:46,53.5,0.08,119,636262,买盘
09:39:52,53.44,-0.06,63,336672,卖盘
09:39:54,53.5,0.06,97,518535,买盘
09:39:58,53.44,-0.06,71,379665,卖盘
09:40:00,53.44,0.0,9,48102,卖盘
09:40:04,53.45,0.01,53,283458,卖盘
09:40:07,53.44,-0.01,61,326043,卖盘
09:40:09,53.5,0.06,427,2283979,买盘
09:40:13,53.49,-0.01,26,139074,卖盘
09:40:15,53.49,0.0,2,10698,卖盘
09:40:18,53.5,0.01,63,337049,买盘
09:40:21,53.51,0.01,66,353060,买盘
09:40:25,53.5,-0.01,12,64194,中性盘
09:40:28,53.5,0.0,17,90949,买盘
09:40:30,53.49,-0.01,189,1010860,卖盘
09:40:33,53.49,0.0,41,219220,买盘
09:40:36,53.45,-0.04,361,1930979,卖盘
09:40:39,53.49,0.04,144,769857,买盘
09:40:43,53.45,-0.04,48,256684,卖盘
09:40:46,53.49,0.04,40,213885,买盘
09:40:49,53.49,0.0,72,383300,买盘
09:40:52,53.48,-0.01,30,160362,中性盘
09:40:54,53.48,0.0,23,122959,买盘
09:40:57,53.49,0.01,43,229958,买盘
09:41:00,53.48,-0.01,25,133719,买盘
09:41:04,53.47,-0.01,109,582869,卖盘
09:41:06,53.47,0.0,27,144356,买盘
09:41:09,53.47,0.0,78,417053,买盘
09:41:12,53.46,-0.01,49,261995,卖盘
09:41:15,53.47,0.01,96,513260,中性盘
09:41:18,53.46,-0.01,49,261957,卖盘
09:41:22,53.46,0.0,26,139006,买盘
09:41:24,53.47,0.01,60,320821,买盘
09:41:28,53.49,0.02,43,230001,买盘
09:41:30,53.47,-0.02,55,294157,卖盘
09:41:33,53.49,0.02,342,1828620,中性盘
09:41:36,53.47,-0.02,110,588154,卖盘
09:41:39,53.46,-0.01,8,42775,卖盘
09:41:42,53.5,0.04,79,422512,买盘
09:41:45,53.47,-0.03,67,358363,中性盘
09:41:49,53.5,0.03,26,139093,买盘
09:41:51,53.5,0.0,49,262114,买盘
09:41:54,53.51,0.01,45,240787,买盘
09:41:58,53.51,0.0,448,2397934,买盘
09:42:01,53.59,0.08,78,417757,买盘
09:42:04,53.59,0.0,362,1939207,买盘
09:42:07,53.56,-0.03,365,1954502,卖盘
09:42:10,53.53,-0.03,182,974745,买盘
09:42:12,53.55,0.02,39,208881,卖盘
09:42:16,53.55,0.0,106,567721,卖盘
09:42:19,53.55,0.0,12,63951,卖盘
09:42:22,53.59,0.04,18,96402,买盘
09:42:25,53.59,0.0,64,342973,买盘
09:42:28,53.62,0.03,190,1016701,买盘
09:42:30,53.6,-0.02,18,96480,卖盘
09:42:33,53.6,0.0,58,311062,卖盘
09:42:36,53.64,0.04,69,370081,买盘
09:42:39,53.64,0.0,19,101906,买盘
09:42:43,53.62,-0.02,233,1249114,卖盘
09:42:45,53.62,0.0,48,257376,买盘
09:42:49,53.62,0.0,7,37534,买盘
09:42:52,53.62,0.0,71,380701,买盘
09:42:54,53.62,0.0,20,107238,买盘
09:42:57,53.62,0.0,122,654188,买盘
09:43:00,53.63,0.01,4,21449,中性盘
09:43:05,53.64,0.01,125,670656,买盘
09:43:07,53.66,0.02,14,75124,卖盘
09:43:09,53.69,0.03,86,461755,买盘
09:43:13,53.7,0.01,2,10740,买盘
09:43:15,53.68,-0.02,78,418732,卖盘
09:43:19,53.66,-0.02,44,236178,卖盘
09:43:21,53.69,0.03,43,230783,买盘
09:43:24,53.69,0.0,14,75178,卖盘
09:43:28,53.69,0.0,69,370564,卖盘
09:43:31,53.72,0.03,192,1031564,买盘
09:43:34,53.71,-0.01,47,252466,卖盘
09:43:36,53.73,0.02,10,53722,买盘
09:43:40,53.73,0.0,31,166561,买盘
09:43:42,53.72,-0.01,52,279376,卖盘
09:43:46,53.74,0.02,165,888176,买盘
09:43:48,53.76,0.02,20,107479,买盘
09:43:51,53.74,-0.02,70,376180,买盘
09:43:54,53.74,0.0,53,284822,买盘
09:43:58,53.76,0.02,91,489071,买盘
09:44:01,53.75,-0.01,56,300985,卖盘
09:44:05,53.76,0.01,51,274149,买盘
09:44:06,53.76,0.0,27,145154,卖盘
09:44:10,53.76,0.0,97,521483,卖盘
09:44:13,53.77,0.01,34,182834,中性盘
09:44:15,53.76,-0.01,175,940816,卖盘
09:44:19,53.76,0.0,106,569800,买盘
09:44:22,53.76,0.0,211,1134116,买盘
09:44:25,53.74,-0.02,143,768458,买盘
09:44:27,53.76,0.02,11,59131,买盘
09:44:30,53.74,-0.02,184,988804,卖盘
09:44:33,53.75,0.01,151,811472,中性盘
09:44:37,53.74,-0.01,215,1155539,卖盘
09:44:39,53.74,0.0,86,462116,卖盘
09:44:43,53.74,0.0,58,311686,卖盘
09:44:45,53.74,0.0,155,832909,卖盘
09:44:49,53.74,0.0,108,578489,买盘
09:44:51,53.7,-0.04,443,2378871,卖盘
09:44:55,53.64,-0.06,216,1159064,卖盘
09:44:58,53.61,-0.03,76,407506,卖盘
09:45:01,53.62,0.01,264,1415130,中性盘
09:45:04,53.6,-0.02,150,805606,卖盘
09:45:07,53.6,0.0,45,241269,买盘
09:45:10,53.6,0.0,51,273312,买盘
09:45:13,53.6,0.0,24,128576,买盘
09:45:15,53.6,0.0,38,203628,买盘
09:45:18,53.6,0.0,19,101838,买盘
09:45:22,53.6,0.0,28,150038,买盘
09:45:24,53.6,0.0,68,367109,买盘
09:45:27,53.59,-0.01,53,281525,卖盘
09:45:31,53.58,-0.01,50,267901,卖盘
09:45:33,53.58,0.0,51,273242,买盘
09:45:36,53.58,0.0,57,305347,买盘
09:45:39,53.56,-0.02,32,171400,卖盘
09:45:42,53.57,0.01,10,53570,中性盘
09:45:46,53.58,0.01,49,262535,买盘
09:45:48,53.56,-0.02,80,428567,卖盘
09:45:51,53.58,0.02,106,567843,买盘
09:45:54,53.58,0.0,28,150004,买盘
09:45:57,53.57,-0.01,11,58921,买盘
09:46:00,53.58,0.01,112,599811,买盘
09:46:04,53.55,-0.03,257,1376306,卖盘
09:46:07,53.54,-0.01,17,91032,卖盘
09:46:09,53.55,0.01,66,353419,买盘
09:46:12,53.55,0.0,27,144585,买盘
09:46:15,53.55,0.0,82,439106,买盘
09:46:19,53.54,-0.01,13,69611,中性盘
09:46:21,53.54,0.0,3,16061,买盘
09:46:25,53.55,0.01,7,37478,买盘
09:46:28,53.55,0.0,119,637190,买盘
09:46:33,53.54,-0.01,143,765670,卖盘
09:46:37,53.55,0.01,114,610462,买盘
09:46:39,53.55,0.0,36,192760,买盘
09:46:42,53.54,-0.01,43,230260,卖盘
09:46:45,53.55,0.01,26,139225,买盘
09:46:49,53.54,-0.01,25,133854,卖盘
09:46:52,53.54,0.0,5,26770,买盘
09:46:55,53.55,0.01,10,53546,买盘
09:46:57,53.55,0.0,14,74970,买盘
09:47:01,53.55,0.0,4,21420,买盘
09:47:04,53.54,-0.01,99,530088,卖盘
09:47:06,53.55,0.01,120,642444,买盘
09:47:10,53.55,0.0,33,176715,买盘
09:47:12,53.55,0.0,6,32130,买盘
09:47:15,53.55,0.0,114,610459,买盘
09:47:18,53.55,0.0,98,524799,买盘
09:47:22,53.55,0.0,431,2312040,卖盘
09:47:24,53.56,0.01,87,466298,中性盘
09:47:28,53.68,0.12,33,177144,买盘
09:47:31,53.55,-0.13,55,294607,卖盘
09:47:33,53.7,0.15,46,246736,买盘
09:47:36,53.58,-0.12,11,56884,卖盘
09:47:40,53.61,0.03,151,810073,中性盘
09:47:42,53.61,0.0,24,128664,买盘
09:47:46,53.69,0.08,38,203790,买盘
09:47:48,53.61,-0.08,43,230565,卖盘
09:47:51,53.7,0.09,41,220148,买盘
09:47:54,53.7,0.0,16,85913,买盘
09:47:57,53.7,0.0,25,134234,买盘
09:48:01,53.7,0.0,24,128870,买盘
09:48:05,53.7,0.0,33,177212,卖盘
09:48:06,53.71,0.01,9,48334,买盘
09:48:10,53.72,0.01,17,91316,买盘
09:48:13,53.73,0.01,101,542521,买盘
09:48:15,53.72,-0.01,24,128897,买盘
09:48:19,53.73,0.01,43,231015,买盘
09:48:21,53.73,0.0,58,311643,买盘
09:48:25,53.73,0.0,113,606982,买盘
09:48:27,53.73,0.0,41,220278,买盘
09:48:30,53.73,0.0,44,236425,卖盘
09:48:34,53.73,0.0,69,370787,卖盘
09:48:36,53.74,0.01,34,182710,买盘
09:48:40,53.74,0.0,27,145060,买盘
09:48:42,53.74,0.0,6,32241,买盘
09:48:45,53.71,-0.03,63,338399,卖盘
09:48:48,53.74,0.03,90,483465,买盘
09:48:51,53.7,-0.04,75,402750,卖盘
09:48:54,53.73,0.03,105,564119,买盘
09:48:57,53.73,0.0,60,324156,买盘
09:49:00,53.74,0.01,36,193423,买盘
09:49:04,53.74,0.0,47,252591,卖盘
09:49:07,53.75,0.01,70,376229,买盘
09:49:09,53.74,-0.01,14,75236,卖盘
09:49:13,53.75,0.01,76,408494,买盘
09:49:15,53.74,-0.01,83,446071,卖盘
09:49:19,53.75,0.01,115,617922,买盘
09:49:22,53.75,0.0,18,96750,卖盘
09:49:24,53.75,0.0,16,86002,卖盘
09:49:28,53.75,0.0,25,134389,卖盘
09:49:30,53.75,0.0,52,279506,卖盘
09:49:33,53.76,0.01,53,284904,买盘
09:49:36,53.75,-0.01,111,596710,卖盘
09:49:40,53.76,0.01,21,112886,买盘
09:49:42,53.76,0.0,65,349467,卖盘
09:49:45,53.76,0.0,65,349428,买盘
09:49:49,53.75,-0.01,57,306412,卖盘
09:49:51,53.74,-0.01,162,870745,卖盘
09:49:54,53.76,0.02,113,607584,买盘
09:49:58,53.76,0.0,66,354842,卖盘
09:50:01,53.76,0.0,36,193532,卖盘
09:50:04,53.76,0.0,43,231168,买盘
09:50:07,53.77,0.01,138,742039,买盘
09:50:09,53.77,0.0,75,403292,卖盘
09:50:12,53.78,0.01,68,365684,买盘
09:50:15,53.78,0.0,36,193643,卖盘
09:50:19,53.79,0.01,15,80674,买盘
09:50:22,53.79,0.0,21,112948,买盘
09:50:24,53.77,-0.02,84,451735,卖盘
09:50:27,53.77,0.0,75,403274,买盘
09:50:31,53.78,0.01,258,1387777,买盘
09:50:34,53.77,-0.01,25,134454,卖盘
09:50:36,53.77,0.0,40,215080,卖盘
09:50:40,53.78,0.01,27,145203,买盘
09:50:42,53.8,0.02,53,285060,买盘
09:50:46,53.78,-0.02,20,107570,卖盘
09:50:49,53.79,0.01,14,75299,买盘
09:50:51,53.78,-0.01,87,467917,卖盘
09:50:54,53.76,-0.02,193,1037669,卖盘
09:50:57,53.74,-0.02,434,2333900,卖盘
09:51:00,53.78,0.04,39,209714,中性盘
09:51:04,53.76,-0.02,46,247381,卖盘
09:51:06,53.79,0.03,14,75292,买盘
09:51:09,53.79,0.0,15,80676,买盘
09:51:12,53.79,0.0,13,69922,买盘
09:51:16,53.79,0.0,75,403481,卖盘
09:51:19,53.79,0.0,26,139869,卖盘
09:51:21,53.8,0.01,11,59179,买盘
09:51:24,53.8,0.0,38,204439,买盘
09:51:28,53.79,-0.01,80,430390,卖盘
09:51:30,53.78,-0.01,195,1048975,卖盘
09:51:33,53.78,0.0,227,1220898,卖盘
09:51:36,53.8,0.02,195,1048838,买盘
09:51:39,53.8,0.0,8,43044,卖盘
09:51:42,53.8,0.0,45,242126,卖盘
09:51:45,53.81,0.01,9,48429,卖盘
09:51:49,53.81,0.0,9,48429,卖盘
09:51:52,53.82,0.01,13,69965,买盘
09:51:54,53.78,-0.04,488,2625521,卖盘
09:51:57,53.78,0.0,69,371073,买盘
09:52:00,53.78,0.0,79,424943,买盘
09:52:05,53.75,-0.03,163,876359,卖盘
09:52:07,53.81,0.06,73,392453,买盘
09:52:10,53.78,-0.03,17,91435,卖盘
09:52:12,53.78,0.0,11,59158,卖盘
09:52:15,53.8,0.02,15,80713,买盘
09:52:19,53.8,0.0,33,177514,买盘
09:52:22,53.8,0.0,27,145246,买盘
09:52:25,53.8,0.0,7,37660,卖盘
09:52:27,53.8,0.0,24,129120,卖盘
09:52:31,53.79,-0.01,35,188297,卖盘
09:52:34,53.8,0.01,43,231340,买盘
09:52:37,53.78,-0.02,163,876891,卖盘
09:52:39,53.79,0.01,320,1720409,中性盘
09:52:42,53.79,0.0,2,10758,买盘
09:52:46,53.79,0.0,192,1032581,买盘
09:52:48,53.77,-0.02,32,172118,卖盘
09:52:52,53.78,0.01,34,182907,买盘
09:52:55,53.75,-0.03,12,64512,卖盘
09:52:57,53.78,0.03,17,91396,买盘
09:53:00,53.78,0.0,31,166712,买盘
09:53:05,53.78,0.0,59,317282,买盘
09:53:07,53.78,0.0,530,2848743,买盘
09:53:10,53.77,-0.01,67,360090,买盘
09:53:12,53.76,-0.01,14,75274,中性盘
09:53:15,53.75,-0.01,200,1074549,中性盘
09:53:18,53.72,-0.03,46,247154,卖盘
09:53:22,53.69,-0.03,211,1133136,卖盘
09:53:25,53.71,0.02,134,719547,买盘
09:53:27,53.69,-0.02,14,75161,买盘
09:53:31,53.7,0.01,30,161080,买盘
09:53:33,53.69,-0.01,93,499397,卖盘
09:53:36,53.71,0.02,225,1208246,买盘
09:53:40,53.71,0.0,4,21481,买盘
09:53:43,53.69,-0.02,50,268492,卖盘
09:53:46,53.68,-0.01,14,75160,卖盘
09:53:49,53.69,0.01,81,434884,中性盘
09:53:51,53.68,-0.01,27,144939,卖盘
09:53:54,53.69,0.01,190,1020051,买盘
09:53:58,53.69,0.0,5,26845,卖盘
09:54:01,53.65,-0.04,213,1143382,卖盘
09:54:04,53.7,0.05,146,783983,买盘
09:54:07,53.65,-0.05,61,327317,卖盘
09:54:09,53.7,0.05,379,2035172,买盘
09:54:12,53.71,0.01,12,64449,买盘
09:54:16,53.69,-0.02,76,408148,卖盘
09:54:18,53.72,0.03,28,150356,买盘
09:54:21,53.73,0.01,83,445790,买盘
09:54:24,53.73,0.0,65,349129,买盘
09:54:28,53.74,0.01,36,193389,买盘
09:54:31,53.74,0.0,18,96731,买盘
09:54:34,53.75,0.01,116,623411,买盘
09:54:36,53.74,-0.01,65,349292,中性盘
09:54:39,53.75,0.01,22,118234,买盘
09:54:43,53.73,-0.02,59,317075,卖盘
09:54:45,53.75,0.02,56,300982,买盘
09:54:49,53.75,0.0,433,2327367,买盘
09:54:51,53.78,0.03,140,752888,买盘
09:54:55,53.78,0.0,77,414150,卖盘
09:54:58,53.8,0.02,34,182889,买盘
09:55:00,53.78,-0.02,146,785053,中性盘
09:55:04,53.8,0.02,63,338898,买盘
09:55:07,53.8,0.0,17,91453,买盘
09:55:10,53.8,0.0,85,457272,买盘
09:55:13,53.78,-0.02,113,607823,卖盘
09:55:16,53.79,0.01,78,419562,买盘
09:55:19,53.78,-0.01,69,371133,卖盘
09:55:22,53.79,0.01,75,403381,买盘
09:55:25,53.76,-0.03,83,446429,卖盘
09:55:27,53.79,0.03,106,570163,买盘
09:55:31,53.78,-0.01,140,753108,中性盘
09:55:33,53.81,0.03,124,667099,买盘
09:55:37,53.8,-0.01,5,26900,中性盘
09:55:40,53.8,0.0,31,166777,卖盘
09:55:43,53.79,-0.01,37,199052,卖盘
09:55:45,53.79,0.0,44,236708,卖盘
09:55:48,53.78,-0.01,13,69934,卖盘
09:55:51,53.79,0.01,5,26890,买盘
09:55:54,53.79,0.0,61,328107,买盘
09:55:57,53.8,0.01,457,2457165,买盘
09:56:00,53.78,-0.02,83,446362,卖盘
09:56:04,53.79,0.01,48,258137,买盘
09:56:06,53.78,-0.01,13,69892,中性盘
09:56:10,53.78,0.0,43,231230,买盘
09:56:12,53.77,-0.01,40,215080,买盘
09:56:16,53.77,0.0,30,161341,买盘
09:56:18,53.78,0.01,80,430034,中性盘
09:56:21,53.78,0.0,58,311884,买盘
09:56:25,53.77,-0.01,40,215112,中性盘
09:56:28,53.78,0.01,3,16132,中性盘
09:56:30,53.78,0.0,71,381905,卖盘
09:56:34,53.8,0.02,101,543292,买盘
09:56:36,53.79,-0.01,35,188272,卖盘
09:56:39,53.8,0.01,15,80696,买盘
09:56:43,53.81,0.01,751,4039276,买盘
09:56:46,53.8,-0.01,13,69933,中性盘
09:56:49,53.81,0.01,61,328195,买盘
09:56:51,53.81,0.0,69,371295,买盘
09:56:54,53.8,-0.01,106,570319,卖盘
09:56:58,53.82,0.02,121,650935,买盘
09:57:00,53.82,0.0,62,330972,买盘
09:57:05,53.82,0.0,84,452103,卖盘
09:57:07,53.82,0.0,99,532883,卖盘
09:57:10,53.83,0.01,25,134575,买盘
09:57:13,53.82,-0.01,31,166875,卖盘
09:57:16,53.82,0.0,6,32296,卖盘
09:57:18,53.82,0.0,41,220671,卖盘
09:57:21,53.82,0.0,52,279907,卖盘
09:57:24,53.83,0.01,39,209910,中性盘
09:57:27,53.82,-0.01,31,166865,卖盘
09:57:30,53.82,0.0,59,317442,买盘
09:57:33,53.8,-0.02,143,772042,卖盘
09:57:36,53.8,0.0,71,381971,买盘
09:57:40,53.78,-0.02,87,467984,卖盘
09:57:43,53.81,0.03,34,180223,买盘
09:57:46,53.8,-0.01,94,505725,卖盘
09:57:48,53.82,0.02,47,252868,买盘
09:57:52,53.82,0.0,63,341716,买盘
09:57:55,53.82,0.0,121,651274,卖盘
09:57:58,53.8,-0.02,78,419747,卖盘
09:58:00,53.8,0.0,48,258210,买盘
09:58:04,53.81,0.01,5,26900,买盘
09:58:07,53.8,-0.01,3,16144,卖盘
09:58:09,53.79,-0.01,91,489595,卖盘
09:58:13,53.8,0.01,43,231332,买盘
09:58:15,53.78,-0.02,97,521716,卖盘
09:58:18,53.77,-0.01,75,403339,卖盘
09:58:21,53.78,0.01,25,134442,买盘
09:58:24,53.76,-0.02,30,161323,卖盘
09:58:28,53.77,0.01,9,48388,买盘
09:58:30,53.76,-0.01,10,53765,买盘
09:58:33,53.78,0.02,31,166692,买盘
09:58:36,53.76,-0.02,79,424833,卖盘
09:58:39,53.77,0.01,87,467794,买盘
09:58:42,53.76,-0.01,18,96777,买盘
09:58:45,53.75,-0.01,25,134434,卖盘
09:58:49,53.76,0.01,52,279600,中性盘
09:58:52,53.78,0.02,53,285021,买盘
09:58:55,53.77,-0.01,3,16131,中性盘
09:58:57,53.75,-0.02,24,129029,卖盘
09:59:00,53.78,0.03,52,279595,买盘
09:59:04,53.77,-0.01,89,478601,卖盘
09:59:07,53.76,-0.01,12,64526,卖盘
09:59:09,53.77,0.01,26,139775,买盘
09:59:12,53.77,0.0,4,21509,买盘
09:59:16,53.78,0.01,34,182794,买盘
09:59:18,53.78,0.0,20,107552,买盘
09:59:22,53.78,0.0,3,16133,买盘
09:59:24,53.78,0.0,35,188226,买盘
09:59:28,53.78,0.0,72,387207,买盘
09:59:30,53.79,0.01,44,236663,买盘
09:59:33,53.78,-0.01,30,161342,卖盘
09:59:37,53.78,0.0,27,145208,卖盘
09:59:39,53.78,0.0,30,161352,卖盘
09:59:42,53.79,0.01,35,188263,买盘
09:59:46,53.78,-0.01,47,252768,卖盘
09:59:48,53.78,0.0,31,166740,卖盘
09:59:52,53.79,0.01,36,193634,买盘
09:59:54,53.79,0.0,19,102188,买盘
09:59:58,53.78,-0.01,56,301218,卖盘
10:00:01,53.78,0.0,80,430283,卖盘
10:00:04,53.82,0.04,433,2329731,买盘
10:00:07,53.82,0.0,45,242219,卖盘
10:00:10,53.83,0.01,40,215283,买盘
10:00:12,53.82,-0.01,70,376804,卖盘
10:00:15,53.83,0.01,35,188417,买盘
10:00:18,53.83,0.0,28,150737,卖盘
10:00:21,53.84,0.01,6,32304,买盘
10:00:24,53.83,-0.01,54,290682,卖盘
10:00:27,53.83,0.0,16,86126,买盘
10:00:30,53.83,0.0,58,312210,买盘
10:00:33,53.84,0.01,115,619146,买盘
10:00:36,53.84,0.0,51,274590,卖盘
10:00:40,53.84,0.0,30,161520,卖盘
10:00:42,53.85,0.01,48,257319,买盘
10:00:45,53.84,-0.01,8,43073,卖盘
10:00:48,53.85,0.01,15,80767,买盘
10:00:51,53.85,0.0,34,183070,买盘
10:00:54,53.84,-0.01,54,291886,卖盘
10:00:57,53.83,-0.01,21,113061,卖盘
10:01:00,53.83,0.0,136,732269,卖盘
10:01:04,53.85,0.02,37,199241,买盘
10:01:06,53.85,0.0,35,188468,买盘
10:01:09,53.85,0.0,46,247684,买盘
10:01:12,53.84,-0.01,68,366174,卖盘
10:01:16,53.86,0.02,185,995099,买盘
10:01:19,53.85,-0.01,54,290832,卖盘
10:01:22,53.85,0.0,43,231585,卖盘
10:01:24,53.85,0.0,29,156187,卖盘
10:01:27,53.85,0.0,19,102321,卖盘
10:01:30,53.86,0.01,86,463178,中性盘
10:01:33,53.87,0.01,15,80800,买盘
10:01:36,53.88,0.01,33,177787,买盘
10:01:40,53.87,-0.01,9,48483,卖盘
10:01:42,53.87,0.0,35,188571,卖盘
10:01:46,53.87,0.0,100,538740,卖盘
10:01:48,53.87,0.0,33,177796,卖盘
10:01:51,53.88,0.01,68,366360,买盘
10:01:54,53.88,0.0,77,414901,卖盘
10:01:57,53.88,0.0,32,172416,卖盘
10:02:01,53.88,0.0,409,2203726,卖盘
10:02:05,53.88,0.0,85,457966,买盘
10:02:07,53.86,-0.02,582,3135449,卖盘
10:02:10,53.88,0.02,69,371712,买盘
10:02:12,53.88,0.0,49,263952,买盘
10:02:16,53.84,-0.04,59,317715,卖盘
10:02:18,53.84,0.0,13,70010,卖盘
10:02:21,53.84,0.0,46,247705,卖盘
10:02:24,53.87,0.03,16,86177,买盘
10:02:27,53.86,-0.01,50,269325,卖盘
10:02:30,53.87,0.01,10,53862,买盘
10:02:33,53.86,-0.01,17,91562,卖盘
10:02:36,53.88,0.02,134,721802,买盘
10:02:39,53.85,-0.03,46,247763,卖盘
10:02:42,53.86,0.01,58,312388,买盘
10:02:46,53.86,0.0,35,188491,买盘
10:02:48,53.88,0.02,466,2508847,买盘
10:02:52,53.87,-0.01,146,787779,卖盘
10:02:55,53.86,-0.01,19,102365,卖盘
10:02:57,53.87,0.01,21,113148,中性盘
10:03:01,53.88,0.01,19,102372,买盘
10:03:05,53.88,0.0,38,204746,卖盘
10:03:07,53.88,0.0,132,711311,卖盘
10:03:10,53.88,0.0,12,64656,买盘
10:03:13,53.88,0.0,31,167025,买盘
10:03:16,53.86,-0.02,291,1567540,卖盘
10:03:18,53.86,0.0,66,355473,买盘
10:03:21,53.85,-0.01,42,226194,卖盘
10:03:24,53.82,-0.03,31,166924,卖盘
10:03:27,53.86,0.04,34,183117,买盘
10:03:31,53.87,0.01,186,1001818,买盘
10:03:33,53.86,-0.01,17,91570,卖盘
10:03:37,53.86,0.0,14,75405,卖盘
10:03:39,53.86,0.0,12,64632,卖盘
10:03:42,53.86,0.0,119,640952,卖盘
10:03:46,53.87,0.01,50,269332,买盘
10:03:52,53.86,-0.01,48,258617,卖盘
10:03:54,53.88,0.02,38,204681,买盘
10:03:57,53.87,-0.01,19,102351,卖盘
10:04:01,53.87,0.0,8,43096,卖盘
10:04:05,53.88,0.01,85,457956,买盘
10:04:06,53.88,0.0,44,237059,买盘
10:04:10,53.88,0.0,6,32326,中性盘
10:04:13,53.89,0.01,5,26945,买盘
10:04:15,53.89,0.0,27,145500,买盘
10:04:19,53.88,-0.01,20,107762,卖盘
10:04:21,53.88,0.0,16,86193,买盘
10:04:24,53.87,-0.01,16,86201,卖盘
10:04:28,53.88,0.01,27,145496,买盘
10:04:30,53.88,0.0,12,64656,卖盘
10:04:34,53.88,0.0,18,96994,卖盘
10:04:37,53.88,0.0,101,544266,卖盘
10:04:40,53.88,0.0,62,334075,卖盘
10:04:43,53.9,0.02,454,2445885,买盘
10:04:46,53.91,0.01,18,97032,买盘
10:04:48,53.91,0.0,14,75471,买盘
10:04:51,53.91,0.0,28,150965,卖盘
10:04:54,53.93,0.02,4,21568,买盘
10:04:57,53.92,-0.01,10,53924,卖盘
10:05:00,53.93,0.01,6,32358,买盘
10:05:05,53.93,0.0,77,415261,买盘
10:05:07,53.92,-0.01,37,199526,卖盘
10:05:10,53.93,0.01,22,118642,买盘
10:05:13,53.94,0.01,57,307410,买盘
10:05:15,53.93,-0.01,21,113266,卖盘
10:05:19,53.94,0.01,74,399152,买盘
10:05:21,53.93,-0.01,68,366783,卖盘
10:05:24,53.94,0.01,3,16183,中性盘
10:05:27,53.93,-0.01,53,285879,卖盘
10:05:30,53.95,0.02,275,1483612,买盘
10:05:34,53.91,-0.04,609,3283817,卖盘
10:05:36,53.95,0.04,87,469177,买盘
10:05:39,53.96,0.01,50,269773,买盘
10:05:43,53.96,0.0,18,97125,买盘
10:05:46,53.95,-0.01,29,156455,卖盘
10:05:49,53.96,0.01,103,555731,买盘
10:05:52,53.97,0.01,215,1160206,买盘
10:05:54,53.96,-0.01,9,48572,卖盘
10:05:58,53.96,0.0,49,264405,卖盘
10:06:01,53.97,0.01,147,793343,买盘
10:06:05,53.97,0.0,49,264483,卖盘
10:06:07,53.98,0.01,436,2353528,买盘
10:06:09,53.98,0.0,44,237481,卖盘
10:06:12,53.98,0.0,39,210522,买盘
10:06:15,53.98,0.0,112,604606,买盘
10:06:18,53.97,-0.01,259,1398009,卖盘
10:06:21,53.96,-0.01,236,1273511,卖盘
10:06:24,53.97,0.01,917,4950512,买盘
10:06:27,53.97,0.0,58,313071,卖盘
10:06:30,53.97,0.0,25,134928,买盘
10:06:33,53.97,0.0,26,140337,卖盘
10:06:37,53.97,0.0,56,302233,卖盘
10:06:39,53.97,0.0,4,21588,买盘
10:06:43,53.97,0.0,66,356164,买盘
10:06:46,53.97,0.0,4,21588,买盘
10:06:49,53.98,0.01,54,291448,买盘
10:06:51,53.98,0.0,48,259104,买盘
10:06:54,53.98,0.0,626,3380276,卖盘
10:06:57,53.99,0.01,77,415670,买盘
10:07:01,53.98,-0.01,5,26993,卖盘
10:07:05,53.98,0.0,95,512835,卖盘
10:07:07,53.97,-0.01,14,75558,卖盘
10:07:10,53.98,0.01,29,156541,买盘
10:07:12,53.96,-0.02,518,2795669,卖盘
10:07:16,53.96,0.0,19,102524,买盘
10:07:18,53.98,0.02,1021,5512351,买盘
10:07:21,53.98,0.0,78,421024,卖盘
10:07:25,53.96,-0.02,76,410213,卖盘
10:07:27,53.96,0.0,39,210449,卖盘
10:07:31,53.95,-0.01,11,59359,卖盘
10:07:34,53.95,0.0,56,302145,卖盘
10:07:37,53.95,0.0,63,339917,卖盘
10:07:40,53.96,0.01,33,179515,中性盘
10:07:43,53.96,0.0,95,512613,卖盘
10:07:46,53.98,0.02,6,32386,买盘
10:07:49,53.96,-0.02,52,280606,卖盘
10:07:51,53.96,0.0,82,442507,卖盘
10:07:54,53.95,-0.01,5,26976,卖盘
10:07:58,53.96,0.01,83,447839,买盘
10:08:00,53.98,0.02,56,302232,买盘
10:08:04,53.97,-0.01,25,134944,卖盘
10:08:06,53.96,-0.01,39,210490,卖盘
10:08:10,53.96,0.0,12,64761,卖盘
10:08:13,53.96,0.0,7,37773,卖盘
10:08:16,53.95,-0.01,304,1640318,卖盘
10:08:18,53.94,-0.01,4,21579,卖盘
10:08:21,53.94,0.0,42,226578,卖盘
10:08:25,53.95,0.01,44,237355,买盘
10:08:27,53.94,-0.01,48,258932,卖盘
10:08:31,53.93,-0.01,25,134825,卖盘
10:08:34,53.94,0.01,28,151027,买盘
10:08:37,53.94,0.0,353,1904069,买盘
10:08:40,53.93,-0.01,1,5393,买盘
10:08:42,53.93,0.0,35,188750,买盘
10:08:46,53.92,-0.01,48,258818,卖盘
10:08:49,53.92,0.0,32,172557,卖盘
10:08:52,53.9,-0.02,47,253411,卖盘
10:08:55,53.88,-0.02,157,841858,卖盘
10:08:57,53.87,-0.01,18,96983,卖盘
10:09:00,53.88,0.01,5,26939,买盘
10:09:04,53.87,-0.01,48,258598,卖盘
10:09:07,53.87,0.0,40,215501,卖盘
10:09:10,53.88,0.01,21,113144,买盘
10:09:12,53.87,-0.01,76,409419,卖盘
10:09:15,53.87,0.0,5,26934,买盘
10:09:19,53.86,-0.01,10,53860,卖盘
10:09:22,53.85,-0.01,33,177731,卖盘
10:09:27,53.86,0.01,101,543943,买盘
10:09:30,53.87,0.01,48,258552,买盘
10:09:33,53.86,-0.01,37,199306,卖盘
10:09:36,53.87,0.01,299,1610703,买盘
10:09:39,53.87,0.0,24,129288,卖盘
10:09:42,53.88,0.01,87,468687,买盘
10:09:45,53.86,-0.02,355,1912067,卖盘
10:09:49,53.86,0.0,6,32316,买盘
10:09:51,53.85,-0.01,43,231587,卖盘
10:09:54,53.85,0.0,48,258499,卖盘
10:09:57,53.85,0.0,55,296179,卖盘
10:10:00,53.85,0.0,76,409239,卖盘
10:10:04,53.85,0.0,45,242360,卖盘
10:10:06,53.85,0.0,58,312236,卖盘
10:10:09,53.85,0.0,15,80765,买盘
10:10:13,53.82,-0.03,12,64605,卖盘
10:10:15,53.82,0.0,5,26912,卖盘
10:10:18,53.83,0.01,4,21535,中性盘
10:10:22,53.82,-0.01,62,333757,卖盘
10:10:24,53.8,-0.02,101,543402,卖盘
10:10:28,53.82,0.02,33,177544,买盘
10:10:30,53.79,-0.03,16,86083,卖盘
10:10:34,53.8,0.01,5,26899,中性盘
10:10:36,53.82,0.02,27,145262,买盘
10:10:43,53.8,-0.02,7,37655,买盘
10:10:46,53.8,0.0,10,53800,买盘
10:10:48,53.8,0.0,16,87749,买盘
10:10:51,53.8,0.0,41,220614,卖盘
10:10:54,53.82,0.02,32,172218,买盘
10:10:57,53.8,-0.02,73,392783,卖盘
10:11:00,53.81,0.01,2,10761,中性盘
10:11:04,53.81,0.0,25,134545,卖盘
10:11:06,53.82,0.01,51,274481,买盘
10:11:10,53.83,0.01,180,968768,买盘
10:11:13,53.82,-0.01,26,139950,卖盘
10:11:16,53.82,0.0,8,43063,卖盘
10:11:18,53.84,0.02,43,231508,买盘
10:11:21,53.85,0.01,33,177680,买盘
10:11:24,53.84,-0.01,29,156136,卖盘
10:11:28,53.85,0.01,44,236929,买盘
10:11:31,53.84,-0.01,117,633155,卖盘
10:11:33,53.84,0.0,68,366173,卖盘
10:11:37,53.85,0.01,133,716133,中性盘
10:11:40,53.85,0.0,27,145379,买盘
10:11:42,53.84,-0.01,2,10768,中性盘
10:11:46,53.86,0.02,25,134640,买盘
10:11:48,53.86,0.0,4,21544,买盘
10:11:51,53.86,0.0,60,323127,买盘
10:11:54,53.86,0.0,15,80780,买盘
10:11:57,53.84,-0.02,7,37700,卖盘
10:12:01,53.84,0.0,11,59236,卖盘
10:12:04,53.84,0.0,113,608506,卖盘
10:12:07,53.84,0.0,13,70006,卖盘
10:12:09,53.86,0.02,6,32316,卖盘
10:12:12,53.86,0.0,11,59252,卖盘
10:12:15,53.87,0.01,13,70031,买盘
10:12:19,53.86,-0.01,43,231629,卖盘
10:12:22,53.86,0.0,73,393225,卖盘
10:12:24,53.87,0.01,21,113125,买盘
10:12:28,53.88,0.01,16,86202,买盘
10:12:31,53.87,-0.01,13,70030,中性盘
10:12:33,53.87,0.0,10,53870,买盘
10:12:37,53.87,0.0,69,371703,卖盘
10:12:40,53.87,0.0,12,64644,卖盘
10:12:42,53.88,0.01,20,107758,买盘
10:12:46,53.88,0.0,10,53880,买盘
10:12:49,53.87,-0.01,22,118514,卖盘
10:12:51,53.88,0.01,62,334021,买盘
10:12:54,53.88,0.0,8,43103,买盘
10:12:57,53.88,0.0,14,75430,买盘
10:13:00,53.88,0.0,91,490268,买盘
10:13:04,53.88,0.0,43,231682,买盘
10:13:06,53.88,0.0,12,64656,卖盘
10:13:10,53.87,-0.01,73,393291,卖盘
10:13:12,53.88,0.01,1,5388,卖盘
10:13:15,53.88,0.0,23,123923,卖盘
10:13:18,53.9,0.02,11,59277,买盘
10:13:22,53.9,0.0,64,344915,买盘
10:13:25,53.9,0.0,21,113192,卖盘
10:13:27,53.92,0.02,11,59306,买盘
10:13:31,53.92,0.0,9,48528,卖盘
10:13:33,53.92,0.0,46,248030,卖盘
10:13:36,53.9,-0.02,63,339712,卖盘
10:13:40,53.93,0.03,29,156386,买盘
10:13:42,53.9,-0.03,111,598476,卖盘
10:13:46,53.94,0.04,17,91680,买盘
10:13:49,53.92,-0.02,30,161783,卖盘
10:13:51,53.95,0.03,49,264233,买盘
10:13:54,53.95,0.0,14,75526,买盘
10:13:58,53.95,0.0,37,199585,买盘
10:14:00,53.94,-0.01,11,59336,卖盘
10:14:04,53.95,0.01,45,242760,买盘
10:14:06,53.95,0.0,11,59345,卖盘
10:14:09,53.96,0.01,21,113309,买盘
10:14:12,53.95,-0.01,39,210405,卖盘
10:14:16,53.96,0.01,162,870194,买盘
10:14:18,53.96,0.0,28,151084,卖盘
10:14:21,53.96,0.0,32,172672,卖盘
10:14:25,53.96,0.0,18,97127,卖盘
10:14:27,53.97,0.01,40,217524,买盘
10:14:30,53.97,0.0,16,86342,买盘
10:14:33,53.97,0.0,5,26984,买盘
10:14:36,53.96,-0.01,41,221261,卖盘
10:14:39,53.95,-0.01,73,393897,卖盘
10:14:42,53.97,0.02,42,226681,买盘
10:14:45,53.97,0.0,7,37777,买盘
10:14:48,53.95,-0.02,82,442402,卖盘
10:14:51,53.97,0.02,51,275158,买盘
10:14:54,53.97,0.0,27,145674,买盘
10:14:57,53.97,0.0,51,275222,买盘
10:15:00,53.97,0.0,27,145717,买盘
10:15:04,53.97,0.0,25,134911,买盘
10:15:07,53.95,-0.02,71,383161,卖盘
10:15:10,53.95,0.0,31,167283,卖盘
10:15:12,53.97,0.02,14,75556,买盘
10:15:15,53.96,-0.01,3,16188,卖盘
10:15:18,53.97,0.01,26,140306,买盘
10:15:22,53.95,-0.02,20,107903,卖盘
10:15:25,53.97,0.02,331,1786139,买盘
10:15:27,53.95,-0.02,31,167287,卖盘
10:15:31,53.96,0.01,25,134911,买盘
10:15:33,53.96,0.0,46,248181,卖盘
10:15:36,53.95,-0.01,24,129493,卖盘
10:15:39,53.96,0.01,7,37772,中性盘
10:15:42,53.96,0.0,36,194228,卖盘
10:15:46,53.97,0.01,37,199657,买盘
10:15:48,53.95,-0.02,184,994908,卖盘
10:15:52,53.94,-0.01,22,118679,卖盘
10:15:55,53.95,0.01,16,86309,买盘
10:15:57,53.93,-0.02,21,113253,卖盘
10:16:00,53.93,0.0,22,118646,买盘
10:16:04,53.94,0.01,68,366732,买盘
10:16:07,53.92,-0.02,59,318150,卖盘
10:16:09,53.93,0.01,18,97067,买盘
10:16:12,53.94,0.01,17,91691,中性盘
10:16:16,53.93,-0.01,4,21572,卖盘
10:16:19,53.93,0.0,3,16179,卖盘
10:16:21,53.93,0.0,25,134825,卖盘
10:16:24,53.94,0.01,14,75495,买盘
10:16:27,53.92,-0.02,256,1380802,卖盘
10:16:31,53.95,0.03,45,242653,买盘
10:16:33,53.9,-0.05,347,1870640,卖盘
10:16:36,53.88,-0.02,27,145514,卖盘
10:16:40,53.9,0.02,9,48510,买盘
10:16:42,53.9,0.0,135,727652,买盘
10:16:46,53.92,0.02,1,5392,买盘
10:16:49,53.9,-0.02,1,5390,卖盘
10:16:51,53.9,0.0,44,237164,卖盘
10:16:55,53.9,0.0,12,64690,卖盘
10:16:57,53.9,0.0,437,2355430,卖盘
10:17:00,53.9,0.0,43,231760,买盘
10:17:05,53.9,0.0,316,1703182,买盘
10:17:07,53.9,0.0,24,129317,卖盘
10:17:10,53.9,0.0,17,91622,买盘
10:17:12,53.9,0.0,44,237176,买盘
10:17:16,53.92,0.02,14,75461,买盘
10:17:19,53.9,-0.02,2,10776,中性盘
10:17:22,53.86,-0.04,12,64632,卖盘
10:17:24,53.92,0.06,20,107824,买盘
10:17:28,53.92,0.0,45,242640,买盘
10:17:31,53.93,0.01,15,80883,买盘
10:17:33,53.92,-0.01,16,86272,卖盘
10:17:36,53.91,-0.01,43,231852,卖盘
10:17:39,53.9,-0.01,8,43127,卖盘
10:17:43,53.86,-0.04,257,1384469,卖盘
10:17:45,53.9,0.04,62,334036,买盘
10:17:48,53.85,-0.05,51,274875,卖盘
10:17:51,53.85,0.0,40,215450,卖盘
10:17:55,53.9,0.05,5,26950,买盘
10:17:57,53.85,-0.05,28,150795,卖盘
10:18:00,53.85,0.0,26,140010,买盘
10:18:05,53.85,0.0,102,549208,买盘
10:18:07,53.84,-0.01,45,242314,卖盘
10:18:10,53.85,0.01,10,53843,买盘
10:18:13,53.84,-0.01,18,96912,卖盘
10:18:16,53.84,0.0,14,75377,卖盘
10:18:18,53.84,0.0,2,10768,买盘
10:18:22,53.84,0.0,14,75365,买盘
10:18:24,53.83,-0.01,72,387586,卖盘
10:18:27,53.83,0.0,2,10766,卖盘
10:18:30,53.84,0.01,41,220743,买盘
10:18:34,53.83,-0.01,3,16149,卖盘
10:18:37,53.83,0.0,12,64597,卖盘
10:18:40,53.83,0.0,23,123810,卖盘
10:18:42,53.84,0.01,48,258385,买盘
10:18:46,53.83,-0.01,43,231476,卖盘
10:18:48,53.83,0.0,46,247619,卖盘
10:18:52,53.82,-0.01,22,118431,卖盘
10:18:55,53.81,-0.01,33,177583,卖盘
10:18:58,53.82,0.01,4,21526,中性盘
10:19:00,53.83,0.01,15,80737,买盘
10:19:04,53.84,0.01,65,349921,买盘
10:19:06,53.85,0.01,119,640737,买盘
10:19:09,53.83,-0.02,11,59215,卖盘
10:19:12,53.83,0.0,5,26917,卖盘
10:19:16,53.84,0.01,3,16150,买盘
10:19:19,53.85,0.01,9,48454,买盘
10:19:22,53.83,-0.02,30,161536,卖盘
10:19:25,53.85,0.02,14,75390,买盘
10:19:28,53.83,-0.02,54,290740,卖盘
10:19:30,53.84,0.01,73,393047,中性盘
10:19:33,53.84,0.0,3,16152,卖盘
10:19:36,53.84,0.0,33,177689,买盘
10:19:40,53.84,0.0,7,37688,卖盘
10:19:42,53.83,-0.01,349,1878738,卖盘
10:19:46,53.83,0.0,19,102276,买盘
10:19:48,53.83,0.0,71,382149,买盘
10:19:52,53.81,-0.02,24,129157,卖盘
10:19:55,53.83,0.02,35,188388,买盘
10:19:57,53.81,-0.02,2,10762,卖盘
10:20:00,53.83,0.02,47,249736,买盘
10:20:04,53.83,0.0,19,102276,买盘
10:20:07,53.82,-0.01,61,330285,中性盘
10:20:10,53.81,-0.01,15,79800,中性盘
10:20:12,53.82,0.01,5,26908,买盘
10:20:16,53.82,0.0,75,403720,中性盘
10:20:19,53.83,0.01,3,16149,买盘
10:20:21,53.82,-0.01,37,199159,卖盘
10:20:24,53.82,0.0,5,26912,卖盘
10:20:27,53.83,0.01,603,3246590,买盘
10:20:30,53.82,-0.01,19,102259,买盘
10:20:33,53.82,0.0,121,651309,卖盘
10:20:36,53.83,0.01,88,473629,买盘
10:20:40,53.83,0.0,8,43064,卖盘
10:20:42,53.83,0.0,85,457555,卖盘
10:20:45,53.83,0.0,76,409144,卖盘
10:20:48,53.84,0.01,44,236889,买盘
10:20:52,53.83,-0.01,45,242264,卖盘
10:20:55,53.83,0.0,6,32298,卖盘
10:21:01,53.84,0.01,35,188431,买盘
10:21:04,53.83,-0.01,30,161510,卖盘
10:21:07,53.83,0.0,41,220723,卖盘
10:21:10,53.83,0.0,28,150727,卖盘
10:21:12,53.84,0.01,10,53833,买盘
10:21:15,53.83,-0.01,41,220703,卖盘
10:21:18,53.82,-0.01,4,21529,卖盘
10:21:21,53.83,0.01,9,48442,买盘
10:21:24,53.83,0.0,29,156091,买盘
10:21:27,53.83,0.0,37,199138,买盘
10:21:30,53.83,0.0,4,21532,买盘
10:21:33,53.84,0.01,56,301456,买盘
10:21:36,53.82,-0.02,57,306844,卖盘
10:21:39,53.82,0.0,2,10764,买盘
10:21:42,53.81,-0.01,18,96858,卖盘
10:21:49,53.81,0.0,19,102239,卖盘
10:21:51,53.8,-0.01,12,64570,卖盘
10:21:55,53.81,0.01,6,32286,中性盘
10:21:58,53.81,0.0,72,387363,买盘
10:22:00,53.81,0.0,18,96855,买盘
10:22:04,53.82,0.01,20,107636,买盘
10:22:06,53.8,-0.02,54,290580,卖盘
10:22:10,53.81,0.01,46,247485,买盘
10:22:13,53.78,-0.03,129,693902,卖盘
10:22:15,53.78,0.0,80,430240,买盘
10:22:19,53.78,0.0,36,193604,买盘
10:22:21,53.78,0.0,33,174768,买盘
10:22:25,53.78,0.0,44,239292,买盘
10:22:27,53.77,-0.01,9,48393,买盘
10:22:30,53.77,0.0,40,215223,买盘
10:22:33,53.76,-0.01,38,204320,卖盘
10:22:36,53.77,0.01,19,101997,买盘
10:22:39,53.78,0.01,64,343275,买盘
10:22:42,53.78,0.0,17,91426,卖盘
10:22:45,53.79,0.01,25,134474,买盘
10:22:49,53.78,-0.01,4,21512,卖盘
10:22:52,53.79,0.01,8,43030,买盘
10:22:54,53.75,-0.04,701,3770303,卖盘
10:22:58,53.75,0.0,2,10750,买盘
10:23:00,53.75,0.0,46,247243,买盘
10:23:05,53.75,0.0,36,193483,买盘
10:23:07,53.75,0.0,11,59125,买盘
10:23:10,53.75,0.0,14,75238,买盘
10:23:13,53.74,-0.01,43,231104,卖盘
10:23:16,53.75,0.01,29,155850,买盘
10:23:21,53.73,-0.02,20,107460,卖盘
10:23:25,53.74,0.01,32,171957,买盘
10:23:28,53.74,0.0,101,542774,买盘
10:23:30,53.75,0.01,26,139742,买盘
10:23:33,53.74,-0.01,35,188116,卖盘
10:23:37,53.75,0.01,20,107500,买盘
10:23:40,53.75,0.0,73,392363,买盘
10:23:43,53.74,-0.01,28,150499,卖盘
10:23:46,53.75,0.01,40,214086,买盘
10:23:48,53.74,-0.01,1,5374,买盘
10:23:51,53.73,-0.01,269,1446411,卖盘
10:23:55,53.73,0.0,66,354618,买盘
10:23:57,53.72,-0.01,28,150429,卖盘
10:24:01,53.73,0.01,12,64476,买盘
10:24:04,53.73,0.0,301,1616366,买盘
10:24:07,53.73,0.0,11,59103,卖盘
10:24:10,53.73,0.0,32,171936,卖盘
10:24:13,53.74,0.01,16,85979,买盘
10:24:18,53.74,0.0,9,48366,卖盘
10:24:21,53.74,0.0,12,64490,卖盘
10:24:25,53.75,0.01,2,10750,买盘
10:24:28,53.75,0.0,60,322500,买盘
10:24:31,53.75,0.0,56,300957,卖盘
10:24:34,53.76,0.01,37,198901,买盘
10:24:36,53.74,-0.02,96,515465,卖盘
10:24:40,53.75,0.01,30,160901,中性盘
10:24:42,53.78,0.03,17,91381,买盘
10:24:45,53.74,-0.04,5,26870,卖盘
10:24:49,53.78,0.04,29,155954,买盘
10:24:51,53.78,0.0,9,48412,卖盘
10:24:54,53.78,0.0,13,69887,卖盘
10:24:57,53.75,-0.03,8,43021,卖盘
10:25:00,53.8,0.05,2,10760,买盘
10:25:04,53.8,0.0,48,258315,中性盘
10:25:07,53.83,0.03,5,26915,买盘
10:25:09,53.82,-0.01,41,220591,中性盘
10:25:13,53.83,0.01,4,21532,买盘
10:25:15,53.83,0.0,2,10766,卖盘
10:25:18,53.83,0.0,7,37686,卖盘
10:25:21,53.84,0.01,184,990656,买盘
10:25:24,53.83,-0.01,69,371438,卖盘
10:25:27,53.83,0.0,5,26915,卖盘
10:25:30,53.84,0.01,21,113045,买盘
10:25:34,53.85,0.01,44,236923,买盘
10:25:37,53.85,0.0,28,150778,买盘
10:25:39,53.85,0.0,47,253051,买盘
10:25:43,53.82,-0.03,76,409209,卖盘
10:25:45,53.83,0.01,15,80766,中性盘
10:25:48,53.82,-0.01,17,91507,卖盘
10:25:52,53.85,0.03,17,91545,中性盘
10:25:55,53.85,0.0,12,64620,卖盘
10:25:57,53.86,0.01,69,371573,买盘
10:26:01,53.86,0.0,3,16158,买盘
10:26:04,53.88,0.02,7,37706,买盘
10:26:06,53.88,0.0,9,48497,卖盘
10:26:09,53.88,0.0,47,253214,卖盘
10:26:12,53.89,0.01,6,32334,买盘
10:26:16,53.88,-0.01,2,10776,卖盘
10:26:18,53.88,0.0,6,32327,买盘
10:26:22,53.87,-0.01,45,242461,卖盘
10:26:27,53.87,0.0,22,118531,卖盘
10:26:30,53.88,0.01,21,113148,买盘
10:26:33,53.88,0.0,31,167028,买盘
10:26:36,53.87,-0.01,38,204723,卖盘
10:26:39,53.88,0.01,2,10776,买盘
10:26:42,53.87,-0.01,62,334025,卖盘
10:26:46,53.88,0.01,29,156239,买盘
10:26:49,53.87,-0.01,1,5387,卖盘
10:26:51,53.87,0.0,20,107755,卖盘
10:26:54,53.87,0.0,43,231643,卖盘
10:26:57,53.88,0.01,14,75421,买盘
10:27:00,53.87,-0.01,21,113127,买盘
10:27:04,53.87,0.0,60,323217,买盘
10:27:07,53.86,-0.01,23,123878,卖盘
10:27:09,53.86,0.0,13,70019,卖盘
10:27:12,53.87,0.01,17,91565,买盘
10:27:16,53.87,0.0,255,1373653,买盘
10:27:19,53.87,0.0,32,172401,卖盘
10:27:22,53.87,0.0,19,102354,卖盘
10:27:24,53.88,0.01,19,102356,买盘
10:27:27,53.87,-0.01,43,230725,卖盘
10:27:30,53.88,0.01,21,113139,买盘
10:27:33,53.87,-0.01,20,107740,卖盘
10:27:37,53.87,0.0,70,377129,卖盘
10:27:42,53.87,0.0,12,64649,卖盘
10:27:46,53.87,0.0,14,75420,卖盘
10:27:48,53.87,0.0,39,210117,卖盘
10:27:52,53.87,0.0,41,220872,卖盘
10:27:55,53.87,0.0,36,193932,卖盘
10:27:57,53.88,0.01,6,32328,买盘
10:28:00,53.88,0.0,14,75431,买盘
10:28:04,53.85,-0.03,780,4202507,卖盘
10:28:07,53.85,0.0,93,500823,卖盘
10:28:09,53.85,0.0,83,446955,卖盘
10:28:12,53.84,-0.01,6,32304,卖盘
10:28:16,53.84,0.0,13,69987,买盘
10:28:19,53.83,-0.01,47,253001,卖盘
10:28:22,53.84,0.01,8,43067,买盘
10:28:25,53.84,0.0,125,672612,买盘
10:28:28,53.84,0.0,5,26916,买盘
10:28:30,53.8,-0.04,1,5380,卖盘
10:28:33,53.84,0.04,69,371232,买盘
10:28:37,53.83,-0.01,29,156133,中性盘
10:28:40,53.83,0.0,19,102245,卖盘
10:28:43,53.84,0.01,60,323024,买盘
10:28:45,53.8,-0.04,13,69976,卖盘
10:28:48,53.79,-0.01,8,43032,卖盘
10:28:51,53.79,0.0,3,16137,卖盘
10:28:54,53.79,0.0,13,69927,卖盘
10:28:57,53.79,0.0,21,112958,买盘
10:29:04,53.79,0.0,56,301201,买盘
10:29:07,53.8,0.01,5,26900,买盘
10:29:10,53.79,-0.01,12,64548,卖盘
10:29:12,53.8,0.01,41,220568,买盘
10:29:15,53.78,-0.02,14,75298,卖盘
10:29:18,53.8,0.02,20,107567,买盘
10:29:21,53.79,-0.01,2,10758,卖盘
10:29:24,53.79,0.0,22,118339,卖盘
10:29:27,53.8,0.01,32,172158,买盘
10:29:30,53.8,0.0,3,16140,卖盘
10:29:33,53.83,0.03,16,86110,买盘
10:29:36,53.8,-0.03,32,172220,卖盘
10:29:39,53.8,0.0,14,72791,卖盘
10:29:45,53.83,0.03,4,21532,买盘
10:29:48,53.83,0.0,19,102223,买盘
10:29:52,53.8,-0.03,14,75320,卖盘
10:29:55,53.83,0.03,25,137063,买盘
10:29:58,53.83,0.0,2,10766,买盘
10:30:00,53.83,0.0,18,96882,买盘
10:30:04,53.8,-0.03,28,150697,卖盘
10:30:06,53.83,0.03,9,48447,买盘
10:30:09,53.8,-0.03,19,102224,卖盘
10:30:12,53.8,0.0,5,26897,买盘
10:30:16,53.79,-0.01,25,134525,卖盘
10:30:22,53.79,0.0,9,48419,卖盘
10:30:25,53.8,0.01,72,387391,买盘
10:30:27,53.8,0.0,10,53793,买盘
10:30:30,53.8,0.0,64,344319,买盘
10:30:34,53.79,-0.01,12,64548,卖盘
10:30:37,53.78,-0.01,6,32273,卖盘
10:30:40,53.83,0.05,35,188326,买盘
10:30:43,53.8,-0.03,22,118351,中性盘
10:30:46,53.81,0.01,1,5381,买盘
10:30:48,53.78,-0.03,311,1673036,卖盘
10:30:52,53.77,-0.01,27,145203,卖盘
10:30:55,53.8,0.03,22,118331,买盘
10:30:58,53.78,-0.02,2,10756,卖盘
10:31:01,53.78,0.0,17,91399,买盘
10:31:04,53.8,0.02,12,64544,买盘
10:31:07,53.77,-0.03,21,112937,卖盘
10:31:10,53.77,0.0,11,59147,卖盘
10:31:13,53.77,0.0,14,75278,卖盘
10:31:15,53.76,-0.01,25,134401,卖盘
10:31:18,53.76,0.0,26,139781,卖盘
10:31:21,53.76,0.0,576,3095500,卖盘
10:31:24,53.76,0.0,69,372571,卖盘
10:31:27,53.72,-0.04,164,878490,卖盘
10:31:30,53.75,0.03,2,10750,中性盘
10:31:34,53.72,-0.03,4,21488,卖盘
10:31:40,53.71,-0.01,15,80582,卖盘
10:31:43,53.71,0.0,32,171899,卖盘
10:31:46,53.72,0.01,127,682078,买盘
10:31:48,53.71,-0.01,9,48339,买盘
10:31:52,53.7,-0.01,20,107418,卖盘
10:31:54,53.7,0.0,196,1052521,卖盘
10:32:00,53.7,0.0,192,1033857,卖盘
10:32:05,53.7,0.0,41,220158,买盘
10:32:07,53.7,0.0,47,252387,买盘
10:32:10,53.68,-0.02,160,858926,卖盘
10:32:12,53.67,-0.01,40,214701,卖盘
10:32:16,53.68,0.01,5,26838,买盘
10:32:18,53.66,-0.02,46,246910,卖盘
10:32:21,53.66,0.0,15,80491,卖盘
10:32:24,53.67,0.01,22,118063,买盘
10:32:27,53.66,-0.01,4,21465,卖盘
10:32:31,53.66,0.0,16,85868,卖盘
10:32:33,53.66,0.0,6,32196,卖盘
10:32:36,53.67,0.01,54,289834,卖盘
10:32:40,53.66,-0.01,74,397113,卖盘
10:32:42,53.66,0.0,7,37564,卖盘
10:32:45,53.67,0.01,57,305913,买盘
10:32:49,53.67,0.0,59,316642,买盘
10:32:52,53.66,-0.01,21,112703,卖盘
10:32:55,53.67,0.01,32,171733,买盘
10:32:57,53.66,-0.01,22,118062,卖盘
10:33:01,53.66,0.0,269,1442713,卖盘
10:33:04,53.67,0.01,175,939228,买盘
10:33:06,53.67,0.0,342,1835835,卖盘
10:33:10,53.68,0.01,72,386467,中性盘
10:33:12,53.68,0.0,111,595752,买盘
10:33:16,53.67,-0.01,99,531340,卖盘
10:33:18,53.68,0.01,6,32208,卖盘
10:33:22,53.69,0.01,1,5369,买盘
10:33:25,53.69,0.0,19,102002,卖盘
10:33:27,53.69,0.0,535,2871613,卖盘
10:33:30,53.69,0.0,71,381214,买盘
10:33:33,53.69,0.0,6,32214,买盘
10:33:37,53.68,-0.01,19,101994,卖盘
10:33:40,53.67,-0.01,202,1084245,卖盘
10:33:42,53.67,0.0,30,160990,买盘
10:33:45,53.67,0.0,96,515230,买盘
10:33:49,53.67,0.0,18,96592,买盘
10:33:51,53.67,0.0,29,155643,买盘
10:33:54,53.67,0.0,483,2591599,卖盘
10:33:57,53.69,0.02,27,144987,买盘
10:34:00,53.68,-0.01,39,209321,中性盘
10:34:05,53.66,-0.02,141,756663,卖盘
10:34:07,53.66,0.0,21,112677,买盘
10:34:10,53.66,0.0,14,75114,买盘
10:34:13,53.66,0.0,72,386344,买盘
10:34:15,53.66,0.0,9,48289,买盘
10:34:18,53.65,-0.01,104,558872,卖盘
10:34:21,53.64,-0.01,37,198493,卖盘
10:34:24,53.65,0.01,29,154661,买盘
10:34:28,53.66,0.01,65,348780,买盘
10:34:31,53.66,0.0,75,402450,卖盘
10:34:33,53.67,0.01,9,48297,卖盘
10:34:37,53.66,-0.01,16,85862,卖盘
10:34:40,53.66,0.0,16,85866,卖盘
10:34:43,53.67,0.01,34,182475,买盘
10:34:45,53.66,-0.01,438,2350021,卖盘
10:34:48,53.66,0.0,42,225381,买盘
10:34:52,53.66,0.0,46,246838,卖盘
10:34:54,53.66,0.0,61,327298,卖盘
10:34:58,53.64,-0.02,87,467692,卖盘
10:35:01,53.65,0.01,20,107300,买盘
10:35:04,53.64,-0.01,44,236051,卖盘
10:35:07,53.65,0.01,56,300440,买盘
10:35:10,53.64,-0.01,79,423759,卖盘
10:35:12,53.65,0.01,5,26824,买盘
10:35:16,53.65,0.0,59,316529,买盘
10:35:18,53.64,-0.01,88,472019,卖盘
10:35:22,53.64,0.0,14,75096,买盘
10:35:25,53.64,0.0,27,144818,买盘
10:35:27,53.64,0.0,11,59004,买盘
10:35:31,53.64,0.0,50,268200,买盘
10:35:34,53.64,0.0,11,59004,买盘
10:35:37,53.63,-0.01,67,359382,卖盘
10:35:39,53.65,0.02,56,300408,买盘
10:35:42,53.64,-0.01,10,53640,卖盘
10:35:46,53.64,0.0,1,5364,卖盘
10:35:48,53.64,0.0,10,53640,卖盘
10:35:52,53.64,0.0,51,273574,卖盘
10:35:54,53.65,0.01,22,118020,买盘
10:35:57,53.65,0.0,64,343349,买盘
10:36:00,53.65,0.0,33,177043,买盘
10:36:04,53.65,0.0,40,214585,买盘
10:36:07,53.65,0.0,7,37553,买盘
10:36:09,53.65,0.0,88,472103,买盘
10:36:12,53.65,0.0,16,85840,买盘
10:36:16,53.65,0.0,7,37552,买盘
10:36:18,53.65,0.0,28,150197,买盘
10:36:22,53.65,0.0,96,515009,买盘
10:36:25,53.65,0.0,22,118019,买盘
10:36:27,53.64,-0.01,80,429137,卖盘
10:36:31,53.65,0.01,65,348782,买盘
10:36:34,53.66,0.01,12,64398,卖盘
10:36:36,53.69,0.03,3,15192,卖盘
10:36:39,53.66,-0.03,10,53665,卖盘
10:36:43,53.68,0.02,9,49646,买盘
10:36:46,53.68,0.0,4,20937,卖盘
10:36:48,53.65,-0.03,281,1507884,卖盘
10:36:52,53.65,0.0,30,160948,买盘
10:36:54,53.65,0.0,15,80464,买盘
10:36:57,53.65,0.0,26,135997,买盘
10:37:01,53.65,0.0,116,622318,买盘
10:37:04,53.65,0.0,68,364816,买盘
10:37:06,53.65,0.0,26,141743,买盘
10:37:09,53.66,0.01,13,69747,中性盘
10:37:12,53.67,0.01,10,53677,买盘
10:37:16,53.65,-0.02,53,282094,卖盘
10:37:18,53.65,0.0,128,686719,买盘
10:37:21,53.65,0.0,28,152181,买盘
10:37:25,53.65,0.0,45,241884,买盘
10:37:28,53.65,0.0,179,957223,买盘
10:37:30,53.66,0.01,40,214648,买盘
10:37:34,53.67,0.01,14,75138,买盘
10:37:36,53.67,0.0,12,64406,卖盘
10:37:40,53.68,0.01,88,472353,买盘
10:37:43,53.68,0.0,33,177100,买盘
10:37:45,53.67,-0.01,6,32206,中性盘
10:37:49,53.68,0.01,34,182511,买盘
10:37:51,53.68,0.0,12,64412,买盘
10:37:55,53.68,0.0,13,69771,买盘
10:37:57,53.66,-0.02,19,101986,卖盘
10:38:00,53.67,0.01,14,75150,中性盘
10:38:04,53.67,0.0,26,139564,卖盘
10:38:06,53.67,0.0,1,5367,卖盘
10:38:09,53.67,0.0,16,85874,卖盘
10:38:12,53.68,0.01,8,45252,买盘
10:38:15,53.67,-0.01,38,203960,卖盘
10:38:19,53.7,0.03,578,3099895,买盘
10:38:22,53.7,0.0,6,32220,卖盘
10:38:24,53.69,-0.01,11,59069,卖盘
10:38:27,53.7,0.01,2,10741,卖盘
10:38:31,53.72,0.02,15,80575,买盘
10:38:34,53.72,0.0,20,107418,买盘
10:38:36,53.72,0.0,18,96686,买盘
10:38:40,53.7,-0.02,18,96650,中性盘
10:38:42,53.72,0.02,71,381343,买盘
10:38:45,53.72,0.0,17,91324,买盘
10:38:48,53.69,-0.03,4,21476,卖盘
10:38:52,53.7,0.01,2,10740,卖盘
10:38:54,53.72,0.02,15,80558,买盘
10:38:57,53.7,-0.02,131,703482,卖盘
10:39:00,53.7,0.0,10,53700,买盘
10:39:04,53.7,0.0,37,198689,买盘
10:39:06,53.7,0.0,43,230882,买盘
10:39:09,53.69,-0.01,33,177181,卖盘
10:39:12,53.7,0.01,269,1444494,买盘
10:39:15,53.7,0.0,4,21480,买盘
10:39:18,53.7,0.0,22,118140,买盘
10:39:21,53.7,0.0,105,566691,买盘
10:39:24,53.7,0.0,16,85920,卖盘
10:39:27,53.7,0.0,19,102030,卖盘
10:39:31,53.72,0.02,67,361466,买盘
10:39:34,53.73,0.01,16,85968,买盘
10:39:36,53.71,-0.02,73,390543,卖盘
10:39:40,53.72,0.01,18,96685,买盘
10:39:42,53.72,0.0,1,5372,买盘
10:39:45,53.72,0.0,5,28472,买盘
10:39:48,53.71,-0.01,25,134288,卖盘
10:39:51,53.72,0.01,44,234793,卖盘
10:39:55,53.71,-0.01,10,53710,卖盘
10:39:57,53.72,0.01,3,16116,买盘
10:40:01,53.7,-0.02,102,547847,卖盘
10:40:04,53.73,0.03,4,21492,买盘
10:40:07,53.73,0.0,5,26865,卖盘
10:40:10,53.73,0.0,42,225696,卖盘
10:40:15,53.73,0.0,37,198850,卖盘
10:40:18,53.74,0.01,7,37618,卖盘
10:40:21,53.74,0.0,3,16122,卖盘
10:40:24,53.74,0.0,13,69862,卖盘
10:40:28,53.75,0.01,16,86000,买盘
10:40:31,53.75,0.0,72,386998,买盘
10:40:34,53.75,0.0,122,655603,买盘
10:40:36,53.73,-0.02,44,236382,卖盘
10:40:39,53.72,-0.01,41,220280,卖盘
10:40:43,53.74,0.02,185,994017,买盘
10:40:46,53.74,0.0,65,349311,卖盘
10:40:48,53.75,0.01,120,644740,买盘
10:40:51,53.72,-0.03,52,279278,卖盘
10:40:54,53.74,0.02,38,204114,买盘
10:40:57,53.7,-0.04,128,687366,卖盘
10:41:00,53.72,0.02,61,327592,中性盘
10:41:04,53.7,-0.02,65,349212,卖盘
10:41:06,53.74,0.04,95,510254,买盘
10:41:09,53.74,0.0,94,505012,买盘
10:41:12,53.69,-0.05,115,617598,卖盘
10:41:15,53.74,0.05,38,204118,卖盘
10:41:19,53.69,-0.05,64,340828,卖盘
10:41:21,53.68,-0.01,91,488543,卖盘
10:41:25,53.68,0.0,11,59048,卖盘
10:41:27,53.7,0.02,26,142442,买盘
10:41:30,53.73,0.03,41,220170,买盘
10:41:34,53.69,-0.04,34,182628,卖盘
10:41:37,53.7,0.01,156,837585,中性盘
10:41:39,53.7,0.0,73,391966,卖盘
10:41:43,53.7,0.0,93,499486,卖盘
10:41:45,53.7,0.0,38,204060,卖盘
10:41:48,53.71,0.01,8,42968,中性盘
10:41:51,53.71,0.0,85,456526,卖盘
10:41:54,53.73,0.02,63,338323,买盘
10:41:58,53.69,-0.04,81,432431,卖盘
10:42:01,53.73,0.04,43,230903,买盘
10:42:04,53.7,-0.03,51,273610,卖盘
10:42:07,53.69,-0.01,47,252345,卖盘
10:42:10,53.68,-0.01,11,59048,卖盘
10:42:12,53.69,0.01,34,182546,买盘
10:42:15,53.7,0.01,13,69798,买盘
10:42:18,53.69,-0.01,3,16107,卖盘
10:42:22,53.69,0.0,294,1578708,卖盘
10:42:25,53.69,0.0,102,547628,卖盘
10:42:27,53.69,0.0,112,601328,买盘
10:42:31,53.69,0.0,176,944896,买盘
10:42:33,53.69,0.0,15,80535,买盘
10:42:36,53.69,0.0,27,144963,买盘
10:42:40,53.68,-0.01,108,579748,卖盘
10:42:42,53.68,0.0,81,434828,卖盘
10:42:45,53.69,0.01,95,509962,买盘
10:42:48,53.68,-0.01,16,85903,卖盘
10:42:51,53.69,0.01,12,64428,买盘
10:42:54,53.69,0.0,83,445613,买盘
10:42:57,53.68,-0.01,41,220093,卖盘
10:43:00,53.69,0.01,52,279184,买盘
10:43:05,53.69,0.0,69,370460,买盘
10:43:07,53.69,0.0,7,37583,买盘
10:43:10,53.69,0.0,64,343606,卖盘
10:43:12,53.69,0.0,35,187915,买盘
10:43:15,53.68,-0.01,67,359671,卖盘
10:43:18,53.68,0.0,105,563647,卖盘
10:43:22,53.68,0.0,3,16104,买盘
10:43:25,53.67,-0.01,23,123452,卖盘
10:43:27,53.68,0.01,4,21475,中性盘
10:43:30,53.68,0.0,22,118098,卖盘
10:43:34,53.68,0.0,14,75149,卖盘
10:43:36,53.68,0.0,2,10736,卖盘
10:43:40,53.69,0.01,56,300654,买盘
10:43:42,53.68,-0.01,15,80513,卖盘
10:43:45,53.69,0.01,4,21473,买盘
10:43:48,53.67,-0.02,23,123452,卖盘
10:43:52,53.67,0.0,33,177111,卖盘
10:43:54,53.69,0.02,34,182514,买盘
10:43:57,53.69,0.0,26,139584,买盘
10:44:00,53.68,-0.01,9,48320,卖盘
10:44:04,53.69,0.01,52,279188,买盘
10:44:07,53.69,0.0,120,644276,买盘
10:44:10,53.68,-0.01,154,826790,卖盘
10:44:12,53.69,0.01,32,171808,买盘
10:44:16,53.69,0.0,72,386508,买盘
10:44:19,53.69,0.0,221,1186548,买盘
10:44:22,53.7,0.01,208,1121347,买盘
10:44:24,53.7,0.0,131,699711,买盘
10:44:27,53.72,0.02,13,69841,买盘
10:44:31,53.73,0.01,6,32238,买盘
10:44:34,53.72,-0.01,2,10745,卖盘
10:44:36,53.73,0.01,8,42984,买盘
10:44:39,53.73,0.0,33,177296,买盘
10:44:42,53.73,0.0,15,80595,买盘
10:44:45,53.72,-0.01,8,42980,卖盘
10:44:48,53.73,0.01,11,59103,买盘
10:44:51,53.73,0.0,18,96714,买盘
10:44:54,53.72,-0.01,83,445892,卖盘
10:44:57,53.72,0.0,153,821918,卖盘
10:45:00,53.73,0.01,13,69837,买盘
10:45:04,53.73,0.0,5,26865,买盘
10:45:07,53.73,0.0,11,59104,卖盘
10:45:09,53.73,0.0,13,69851,卖盘
10:45:12,53.74,0.01,3,16122,买盘
10:45:16,53.74,0.0,78,419172,买盘
10:45:19,53.73,-0.01,397,2133134,卖盘
10:45:22,53.73,0.0,66,354618,买盘
10:45:24,53.73,0.0,74,397553,买盘
10:45:27,53.7,-0.03,285,1531146,卖盘
10:45:30,53.73,0.03,192,1031358,买盘
10:45:33,53.71,-0.02,40,214901,卖盘
10:45:36,53.71,0.0,8,42968,买盘
10:45:39,53.71,0.0,17,91296,买盘
10:45:42,53.73,0.02,17,91319,买盘
10:45:45,53.73,0.0,2,10746,买盘
10:45:48,53.73,0.0,12,64474,买盘
10:45:52,53.71,-0.02,286,1536173,卖盘
10:45:54,53.71,0.0,115,617731,卖盘
10:45:57,53.73,0.02,102,548130,买盘
10:46:01,53.73,0.0,117,628687,卖盘
10:46:04,53.72,-0.01,82,440533,卖盘
10:46:07,53.73,0.01,17,91326,买盘
10:46:09,53.73,0.0,14,75224,卖盘
10:46:13,53.74,0.01,25,134347,买盘
10:46:16,53.75,0.01,5,26875,买盘
10:46:18,53.75,0.0,1,5375,买盘
10:46:22,53.75,0.0,10,53750,买盘
10:46:25,53.75,0.0,93,499809,买盘
10:46:28,53.75,0.0,79,424594,买盘
10:46:31,53.75,0.0,34,182749,买盘
10:46:33,53.76,0.01,35,191951,买盘
10:46:36,53.76,0.0,139,747024,买盘
10:46:39,53.76,0.0,51,274148,买盘
10:46:43,53.77,0.01,16,86019,买盘
10:46:45,53.75,-0.02,5,26882,卖盘
10:46:48,53.77,0.02,10,53770,买盘
10:46:52,53.76,-0.01,10,53763,卖盘
10:46:54,53.76,0.0,54,290292,卖盘
10:46:58,53.76,0.0,33,177428,卖盘
10:47:00,53.75,-0.01,19,102145,卖盘
10:47:05,53.76,0.01,57,306430,买盘
10:47:07,53.76,0.0,14,75264,买盘
10:47:10,53.74,-0.02,85,456874,卖盘
10:47:13,53.75,0.01,28,150508,买盘
10:47:15,53.75,0.0,45,241907,卖盘
10:47:18,53.75,0.0,18,96756,卖盘
10:47:21,53.74,-0.01,31,166597,卖盘
10:47:24,53.75,0.01,72,386954,买盘
10:47:27,53.76,0.01,351,1886882,买盘
10:47:30,53.77,0.01,56,301094,买盘
10:47:33,53.77,0.0,33,177450,卖盘
10:47:36,53.78,0.01,35,188230,买盘
10:47:39,53.76,-0.02,37,198948,卖盘
10:47:43,53.78,0.02,195,1048366,买盘
10:47:45,53.76,-0.02,34,182848,卖盘
10:47:48,53.78,0.02,12,64536,买盘
10:47:52,53.79,0.01,37,198993,买盘
10:47:55,53.79,0.0,98,527042,买盘
10:47:58,53.79,0.0,5,26895,买盘
10:48:04,53.78,-0.01,44,236656,卖盘
10:48:07,53.77,-0.01,1,5377,卖盘
10:48:09,53.76,-0.01,22,118291,卖盘
10:48:13,53.78,0.02,21,112912,买盘
10:48:15,53.77,-0.01,85,456956,买盘
10:48:18,53.77,0.0,63,338635,买盘
10:48:21,53.77,0.0,2,10754,买盘
10:48:24,53.75,-0.02,46,247268,卖盘
10:48:27,53.77,0.02,2,10754,买盘
10:48:31,53.76,-0.01,36,193545,卖盘
10:48:34,53.77,0.01,152,817286,买盘
10:48:37,53.77,0.0,21,112917,卖盘
10:48:40,53.77,0.0,22,115606,卖盘
10:48:42,53.77,0.0,8,43016,卖盘
10:48:46,53.77,0.0,38,204348,卖盘
10:48:48,53.76,-0.01,89,478466,卖盘
10:48:52,53.77,0.01,12,64523,买盘
10:48:55,53.76,-0.01,54,290312,卖盘
10:48:58,53.76,0.0,5,26880,卖盘
10:49:01,53.77,0.01,21,112908,买盘
10:49:04,53.77,0.0,26,139802,买盘
10:49:09,53.77,0.0,60,322620,卖盘
10:49:12,53.77,0.0,4,21510,卖盘
10:49:15,53.77,0.0,4,21508,卖盘
10:49:18,53.78,0.01,26,139828,买盘
10:49:22,53.77,-0.01,61,328000,卖盘
10:49:24,53.78,0.01,46,247343,买盘
10:49:27,53.77,-0.01,4,21511,卖盘
10:49:30,53.78,0.01,11,61306,买盘
10:49:36,53.78,0.0,24,129072,买盘
10:49:39,53.77,-0.01,32,172064,卖盘
10:49:42,53.77,0.0,4,21508,卖盘
10:49:45,53.77,0.0,14,75278,卖盘
10:49:48,53.77,0.0,3,16131,卖盘
10:49:52,53.78,0.01,13,69914,买盘
10:49:54,53.76,-0.02,88,473110,卖盘
10:49:57,53.78,0.02,6,32268,买盘
10:50:00,53.78,0.0,13,69908,买盘
10:50:04,53.78,0.0,37,198984,买盘
10:50:06,53.78,0.0,130,699140,买盘
10:50:10,53.78,0.0,93,500142,买盘
10:50:12,53.78,0.0,37,198986,买盘
10:50:15,53.77,-0.01,21,112937,卖盘
10:50:18,53.78,0.01,11,59158,买盘
10:50:21,53.78,0.0,9,48402,买盘
10:50:25,53.78,0.0,106,570061,买盘
10:50:28,53.78,0.0,95,510866,卖盘
10:50:31,53.78,0.0,5,26894,卖盘
10:50:33,53.79,0.01,19,100035,买盘
10:50:36,53.78,-0.01,18,96817,卖盘
10:50:39,53.78,0.0,16,86049,卖盘
10:50:43,53.78,0.0,12,64536,卖盘
10:50:46,53.79,0.01,9,48409,买盘
10:50:48,53.79,0.0,41,220535,买盘
10:50:52,53.78,-0.01,9,48402,卖盘
10:50:54,53.78,0.0,75,403335,卖盘
10:50:58,53.78,0.0,23,123712,买盘
10:51:01,53.77,-0.01,227,1222762,卖盘
10:51:04,53.77,0.0,45,241965,买盘
10:51:09,53.77,0.0,451,2422858,买盘
10:51:12,53.77,0.0,27,145186,卖盘
10:51:16,53.77,0.0,76,408666,卖盘
10:51:19,53.78,0.01,7,37646,中性盘
10:51:22,53.79,0.01,15,80676,买盘
10:51:24,53.79,0.0,93,500172,买盘
10:51:31,53.78,-0.01,30,163499,卖盘
10:51:34,53.78,0.0,198,1062846,卖盘
10:51:36,53.79,0.01,22,118322,买盘
10:51:39,53.77,-0.02,12,64526,卖盘
10:51:42,53.78,0.01,13,69914,中性盘
10:51:45,53.78,0.0,23,123729,卖盘
10:51:48,53.78,0.0,5,26890,卖盘
10:51:52,53.79,0.01,50,268950,买盘
10:51:55,53.78,-0.01,117,629282,卖盘
10:51:58,53.78,0.0,8,43027,卖盘
10:52:05,53.79,0.01,20,107580,买盘
10:52:07,53.78,-0.01,385,2070732,卖盘
10:52:10,53.77,-0.01,18,96802,卖盘
10:52:12,53.79,0.02,2,10758,买盘
10:52:15,53.77,-0.02,1,5377,卖盘
10:52:18,53.78,0.01,5,26890,买盘
10:52:21,53.77,-0.01,2,10754,卖盘
10:52:24,53.77,0.0,54,290380,卖盘
10:52:27,53.79,0.02,117,629725,买盘
10:52:30,53.77,-0.02,51,274251,卖盘
10:52:33,53.77,0.0,42,225880,卖盘
10:52:37,53.77,0.0,1,5377,卖盘
10:52:39,53.76,-0.01,135,725887,卖盘
10:52:42,53.79,0.03,60,322726,买盘
10:52:45,53.8,0.01,118,634825,买盘
10:52:49,53.8,0.0,32,172129,买盘
10:52:52,53.8,0.0,76,408809,买盘
10:52:55,53.8,0.0,51,274334,买盘
10:52:57,53.8,0.0,46,247480,买盘
10:53:01,53.8,0.0,29,153855,买盘
10:53:04,53.8,0.0,47,252860,买盘
10:53:07,53.8,0.0,59,319572,买盘
10:53:09,53.8,0.0,31,166780,卖盘
10:53:12,53.8,0.0,107,575660,卖盘
10:53:15,53.81,0.01,10,53810,买盘
10:53:18,53.81,0.0,27,145287,买盘
10:53:21,53.8,-0.01,26,139453,卖盘
10:53:25,53.8,0.0,44,236720,卖盘
10:53:28,53.82,0.02,46,247529,买盘
10:53:33,53.82,0.0,10,53820,买盘
10:53:36,53.81,-0.01,76,411118,卖盘
10:53:39,53.82,0.01,44,236797,买盘
10:53:42,53.82,0.0,27,145314,买盘
10:53:45,53.8,-0.02,92,495006,卖盘
10:53:48,53.82,0.02,19,102258,买盘
10:53:51,53.82,0.0,56,301389,买盘
10:53:55,53.8,-0.02,73,388831,卖盘
10:53:58,53.81,0.01,1,5381,买盘
10:54:01,53.81,0.0,14,75334,买盘
10:54:05,53.81,0.0,32,172192,买盘
10:54:10,53.83,0.02,85,457512,买盘
10:54:13,53.81,-0.02,31,168966,卖盘
10:54:15,53.82,0.01,1,5382,买盘
10:54:19,53.8,-0.02,80,430480,卖盘
10:54:22,53.8,0.0,4,21525,卖盘
10:54:24,53.8,0.0,48,258244,卖盘
10:54:27,53.82,0.02,3,16143,买盘
10:54:34,53.82,0.0,3,16146,买盘
10:54:36,53.8,-0.02,146,783492,卖盘
10:54:39,53.8,0.0,30,161400,买盘
10:54:43,53.79,-0.01,1,5379,卖盘
10:54:45,53.79,0.0,48,261222,卖盘
10:54:48,53.79,0.0,451,2425450,卖盘
10:54:51,53.78,-0.01,50,268903,卖盘
10:54:54,53.78,0.0,81,435566,买盘
10:54:57,53.78,0.0,2,10756,买盘
10:55:00,53.78,0.0,18,96794,买盘
10:55:05,53.79,0.01,11,59163,买盘
10:55:07,53.78,-0.01,40,215123,卖盘
10:55:10,53.79,0.01,324,1741779,买盘
10:55:13,53.78,-0.01,12,66697,中性盘
10:55:16,53.78,0.0,4,21512,卖盘
10:55:18,53.75,-0.03,90,483872,卖盘
10:55:21,53.74,-0.01,21,112862,卖盘
10:55:24,53.75,0.01,305,1638900,买盘
10:55:27,53.75,0.0,28,146481,卖盘
10:55:30,53.75,0.0,106,570072,卖盘
10:55:33,53.74,-0.01,1,5374,卖盘
10:55:36,53.75,0.01,4,21178,买盘
10:55:39,53.75,0.0,19,102418,买盘
10:55:43,53.73,-0.02,14,75248,中性盘
10:55:45,53.7,-0.03,404,2169676,卖盘
10:55:51,53.7,0.0,2,10740,买盘
10:55:54,53.7,0.0,327,1754881,买盘
10:55:57,53.7,0.0,186,998780,卖盘
10:56:01,53.7,0.0,42,225539,卖盘
10:56:04,53.7,0.0,190,1024596,买盘
10:56:07,53.71,0.01,2,10741,中性盘
10:56:09,53.7,-0.01,155,828076,卖盘
10:56:12,53.69,-0.01,16,85910,卖盘
10:56:15,53.7,0.01,28,150555,买盘
10:56:18,53.69,-0.01,65,348985,卖盘
10:56:21,53.7,0.01,13,69810,买盘
10:56:24,53.7,0.0,171,922734,买盘
10:56:27,53.67,-0.03,505,2710866,卖盘
10:56:30,53.69,0.02,34,182571,卖盘
10:56:33,53.69,0.0,11,59059,买盘
10:56:37,53.69,0.0,3,11812,买盘
10:56:40,53.68,-0.01,14,75150,卖盘
10:56:43,53.68,0.0,39,209372,买盘
10:56:45,53.68,0.0,13,69786,卖盘
10:56:48,53.64,-0.04,369,1984727,卖盘
10:56:52,53.65,0.01,63,337995,买盘
10:56:54,53.64,-0.01,128,686592,卖盘
10:56:58,53.63,-0.01,92,493500,卖盘
10:57:00,53.63,0.0,36,192165,卖盘
10:57:04,53.62,-0.01,223,1192435,卖盘
10:57:07,53.63,0.01,46,246652,买盘
10:57:10,53.62,-0.01,33,176927,中性盘
10:57:12,53.64,0.02,19,101892,买盘
10:57:15,53.62,-0.02,48,259480,卖盘
10:57:18,53.63,0.01,5,26814,买盘
10:57:21,53.63,0.0,1,5363,买盘
10:57:24,53.6,-0.03,940,5036777,卖盘
10:57:27,53.6,0.0,143,766480,买盘
10:57:30,53.6,0.0,254,1361440,买盘
10:57:33,53.59,-0.01,5,27869,卖盘
10:57:37,53.6,0.01,115,616399,买盘
10:57:39,53.59,-0.01,163,872580,卖盘
10:57:42,53.58,-0.01,22,117910,卖盘
10:57:45,53.58,0.0,89,477299,卖盘
10:57:49,53.58,0.0,45,241132,卖盘
10:57:52,53.58,0.0,21,112537,卖盘
10:57:55,53.59,0.01,33,176862,中性盘
10:57:58,53.6,0.01,278,1490029,买盘
10:58:00,53.59,-0.01,16,88958,中性盘
10:58:04,53.59,0.0,104,555462,买盘
10:58:07,53.6,0.01,16,85755,买盘
10:58:10,53.6,0.0,61,326946,买盘
10:58:13,53.6,0.0,48,257280,买盘
10:58:15,53.6,0.0,122,654967,买盘
10:58:18,53.6,0.0,110,586866,买盘
10:58:22,53.6,0.0,2,10720,卖盘
10:58:24,53.64,0.04,84,450176,买盘
10:58:27,53.62,-0.02,5,26810,中性盘
10:58:30,53.63,0.01,11,58993,买盘
10:58:33,53.63,0.0,224,1205174,卖盘
10:58:36,53.65,0.02,5,26825,买盘
10:58:40,53.63,-0.02,50,268204,卖盘
10:58:43,53.63,0.0,1,5363,卖盘
10:58:45,53.64,0.01,14,75098,卖盘
10:58:49,53.63,-0.01,75,398808,卖盘
10:58:52,53.63,0.0,9,48266,买盘
10:58:55,53.63,0.0,67,359249,买盘
10:58:57,53.63,0.0,274,1469826,买盘
10:59:00,53.63,0.0,8,42902,买盘
10:59:04,53.65,0.02,33,177017,买盘
10:59:07,53.65,0.0,16,85799,买盘
10:59:09,53.65,0.0,22,118001,买盘
10:59:12,53.65,0.0,3,16095,买盘
10:59:16,53.65,0.0,9,48283,买盘
10:59:19,53.65,0.0,13,69745,买盘
10:59:21,53.65,0.0,15,80475,买盘
10:59:24,53.65,0.0,56,300349,买盘
10:59:27,53.65,0.0,17,91205,买盘
10:59:31,53.66,0.01,16,90010,买盘
10:59:33,53.65,-0.01,9,48293,卖盘
10:59:40,53.66,0.01,44,236070,买盘
10:59:42,53.66,0.0,6,32195,买盘
10:59:46,53.69,0.03,44,236166,买盘
10:59:49,53.69,0.0,12,64395,买盘
10:59:52,53.69,0.0,1,5369,买盘
10:59:55,53.69,0.0,138,740510,买盘
10:59:58,53.68,-0.01,4,21469,中性盘
11:00:00,53.67,-0.01,11,59045,卖盘
11:00:04,53.69,0.02,24,128855,买盘
11:00:07,53.69,0.0,1,5369,买盘
11:00:09,53.69,0.0,79,424042,买盘
11:00:15,53.69,0.0,25,134243,卖盘
11:00:19,53.7,0.01,22,118127,买盘
11:00:21,53.7,0.0,73,392008,买盘
11:00:25,53.68,-0.02,63,335532,卖盘
11:00:27,53.7,0.02,19,102012,买盘
11:00:31,53.67,-0.03,18,96609,卖盘
11:00:33,53.68,0.01,8,42938,买盘
11:00:37,53.68,0.0,11,59044,买盘
11:00:39,53.68,0.0,38,203965,买盘
11:00:43,53.68,0.0,1,5368,卖盘
11:00:46,53.69,0.01,8,42957,中性盘
11:00:49,53.7,0.01,5,26850,买盘
11:00:52,53.68,-0.02,23,123476,卖盘
11:00:55,53.7,0.02,90,483312,买盘
11:00:58,53.7,0.0,8,42960,卖盘
11:01:01,53.73,0.03,5,26859,买盘
11:01:04,53.71,-0.02,5,26863,卖盘
11:01:07,53.72,0.01,52,279302,中性盘
11:01:09,53.74,0.02,13,69833,买盘
11:01:12,53.73,-0.01,1,5373,卖盘
11:01:15,53.74,0.01,12,64488,买盘
11:01:21,53.75,0.01,16,85987,买盘
11:01:24,53.74,-0.01,64,343916,卖盘
11:01:28,53.73,-0.01,4,21494,卖盘
11:01:31,53.74,0.01,16,85971,买盘
11:01:33,53.73,-0.01,18,96714,卖盘
11:01:36,53.71,-0.02,6,32229,卖盘
11:01:39,53.73,0.02,33,177288,买盘
11:01:42,53.72,-0.01,1,5372,卖盘
11:01:46,53.72,0.0,14,75227,卖盘
11:01:49,53.7,-0.02,288,1546955,卖盘
11:01:52,53.7,0.0,8,42959,买盘
11:01:54,53.68,-0.02,244,1310211,卖盘
11:01:58,53.7,0.02,36,193302,买盘
11:02:01,53.68,-0.02,34,182484,买盘
11:02:04,53.69,0.01,19,101992,买盘
11:02:07,53.68,-0.01,4,21474,卖盘
11:02:10,53.66,-0.02,71,381017,卖盘
11:02:12,53.7,0.04,14,75153,买盘
11:02:15,53.7,0.0,5,26850,买盘
11:02:18,53.7,0.0,42,225520,买盘
11:02:21,53.72,0.02,3,16116,买盘
11:02:25,53.72,0.0,47,252505,卖盘
11:02:27,53.74,0.02,14,75223,买盘
11:02:30,53.77,0.03,4,21505,买盘
11:02:33,53.74,-0.03,108,580551,卖盘
11:02:37,53.73,-0.01,159,854437,卖盘
11:02:39,53.74,0.01,88,472901,买盘
11:02:43,53.74,0.0,61,327799,买盘
11:02:45,53.73,-0.01,127,682451,卖盘
11:02:48,53.72,-0.01,35,188088,卖盘
11:02:51,53.7,-0.02,32,171891,卖盘
11:02:54,53.68,-0.02,76,408036,卖盘
11:02:57,53.7,0.02,8,42960,买盘
11:03:00,53.7,0.0,116,622711,买盘
11:03:04,53.74,0.04,119,638902,买盘
11:03:06,53.72,-0.02,3,16116,卖盘
11:03:09,53.72,0.0,11,59094,卖盘
11:03:13,53.74,0.02,14,75232,买盘
11:03:15,53.71,-0.03,68,365429,卖盘
11:03:18,53.74,0.03,27,145096,买盘
11:03:21,53.75,0.01,40,214965,买盘
11:03:24,53.72,-0.03,50,268701,卖盘
11:03:27,53.75,0.03,7,37621,买盘
11:03:30,53.77,0.02,29,155903,买盘
11:03:33,53.74,-0.03,14,75254,卖盘
11:03:36,53.74,0.0,20,107477,卖盘
11:03:39,53.74,0.0,24,128966,买盘
11:03:42,53.74,0.0,1,5374,卖盘
11:03:45,53.77,0.03,9,48391,买盘
11:03:49,53.75,-0.02,32,172052,卖盘
11:03:51,53.76,0.01,54,290321,买盘
11:03:54,53.74,-0.02,42,225704,卖盘
11:03:57,53.76,0.02,62,333073,买盘
11:04:00,53.76,0.0,22,118262,买盘
11:04:05,53.77,0.01,33,177440,买盘
11:04:07,53.77,0.0,7,37633,买盘
11:04:10,53.77,0.0,15,80631,买盘
11:04:13,53.76,-0.01,28,150546,中性盘
11:04:16,53.77,0.01,43,231211,买盘
11:04:19,53.77,0.0,81,435561,卖盘
11:04:22,53.77,0.0,8,43022,卖盘
11:04:25,53.76,-0.01,63,338766,卖盘
11:04:27,53.78,0.02,35,188224,买盘
11:04:30,53.77,-0.01,17,91409,买盘
11:04:33,53.77,0.0,53,284981,买盘
11:04:36,53.77,0.0,1,5377,卖盘
11:04:39,53.78,0.01,55,295739,买盘
11:04:43,53.77,-0.01,11,59157,卖盘
11:04:45,53.78,0.01,7,37646,买盘
11:04:48,53.77,-0.01,37,198950,卖盘
11:04:51,53.77,0.0,10,53770,买盘
11:04:54,53.76,-0.01,58,311819,卖盘
11:04:58,53.76,0.0,4,21505,卖盘
11:05:00,53.77,0.01,41,220457,买盘
11:05:04,53.77,0.0,26,139824,卖盘
11:05:06,53.77,0.0,3,16133,卖盘
11:05:09,53.78,0.01,15,80669,买盘
11:05:13,53.79,0.01,34,182863,买盘
11:05:16,53.79,0.0,4,21516,买盘
11:05:19,53.79,0.0,31,166746,买盘
11:05:21,53.79,0.0,81,435689,买盘
11:05:24,53.79,0.0,93,500165,买盘
11:05:27,53.78,-0.01,11,59168,中性盘
11:05:31,53.79,0.01,3,16998,买盘
11:05:33,53.8,0.01,1,5380,买盘
11:05:37,53.79,-0.01,13,69929,卖盘
11:05:40,53.79,0.0,46,247426,卖盘
11:05:43,53.79,0.0,24,129096,买盘
11:05:45,53.79,0.0,4,21516,买盘
11:05:49,53.78,-0.01,32,172123,卖盘
11:05:51,53.77,-0.01,28,150568,买盘
11:05:54,53.78,0.01,59,317311,买盘
11:05:58,53.78,0.0,36,193644,中性盘
11:06:01,53.78,0.0,16,86047,中性盘
11:06:04,53.79,0.01,25,134475,买盘
11:06:06,53.79,0.0,1,5379,卖盘
11:06:10,53.81,0.02,98,527293,买盘
11:06:15,53.81,0.0,10,53810,卖盘
11:06:18,53.82,0.01,12,64582,买盘
11:06:22,53.82,0.0,86,462831,买盘
11:06:24,53.82,0.0,64,344395,买盘
11:06:28,53.82,0.0,45,242193,买盘
11:06:30,53.82,0.0,22,118403,买盘
11:06:33,53.83,0.01,44,236843,买盘
11:06:36,53.82,-0.01,26,139952,卖盘
11:06:39,53.82,0.0,39,209898,卖盘
11:06:43,53.83,0.01,15,80742,买盘
11:06:46,53.82,-0.01,54,290672,卖盘
11:06:49,53.82,0.0,11,59202,卖盘
11:06:51,53.83,0.01,59,317584,买盘
11:06:54,53.82,-0.01,60,322890,卖盘
11:06:57,53.83,0.01,26,139944,买盘
11:07:01,53.82,-0.01,14,75351,卖盘
11:07:05,53.83,0.01,24,129192,买盘
11:07:07,53.83,0.0,13,69972,买盘
11:07:09,53.81,-0.02,95,511360,卖盘
11:07:12,53.83,0.02,63,339119,买盘
11:07:16,53.83,0.0,22,118443,卖盘
11:07:18,53.83,0.0,43,231469,卖盘
11:07:21,53.83,0.0,5,26915,卖盘
11:07:24,53.83,0.0,144,775213,卖盘
11:07:28,53.83,0.0,303,1631259,卖盘
11:07:31,53.83,0.0,16,86117,买盘
11:07:33,53.81,-0.02,91,489720,卖盘
11:07:36,53.8,-0.01,53,285150,卖盘
11:07:39,53.78,-0.02,58,311986,卖盘
11:07:43,53.8,0.02,14,75320,买盘
11:07:45,53.78,-0.02,31,166736,卖盘
11:07:49,53.8,0.02,23,123740,买盘
11:07:51,53.8,0.0,171,919980,买盘
11:07:54,53.78,-0.02,51,274279,卖盘
11:07:57,53.8,0.02,35,188248,买盘
11:08:01,53.8,0.0,57,306621,买盘
11:08:04,53.8,0.0,58,312030,买盘
11:08:07,53.78,-0.02,15,80682,卖盘
11:08:09,53.78,0.0,29,155976,卖盘
11:08:12,53.78,0.0,11,59168,卖盘
11:08:16,53.79,0.01,3,16135,买盘
11:08:19,53.79,0.0,43,231296,买盘
11:08:22,53.79,0.0,14,75296,买盘
11:08:25,53.77,-0.02,66,354917,卖盘
11:08:27,53.78,0.01,9,48401,买盘
11:08:31,53.79,0.01,26,139826,买盘
11:08:34,53.78,-0.01,66,354896,卖盘
11:08:37,53.79,0.01,2,10757,买盘
11:08:40,53.78,-0.01,53,285084,卖盘
11:08:42,53.77,-0.01,20,107556,卖盘
11:08:46,53.77,0.0,31,165823,卖盘
11:08:49,53.75,-0.02,105,564404,卖盘
11:08:51,53.75,0.0,6,32250,买盘
11:08:54,53.7,-0.05,56,300842,卖盘
11:08:57,53.7,0.0,24,128913,卖盘
11:09:00,53.73,0.03,28,150444,买盘
11:09:04,53.71,-0.02,36,193404,卖盘
11:09:07,53.73,0.02,5,26864,中性盘
11:09:10,53.71,-0.02,29,155750,卖盘
11:09:12,53.7,-0.01,17,91308,卖盘
11:09:16,53.73,0.03,3,16119,买盘
11:09:18,53.71,-0.02,5,26863,中性盘
11:09:21,53.73,0.02,13,69849,买盘
11:09:24,53.71,-0.02,54,290038,卖盘
11:09:27,53.71,0.0,99,531729,卖盘
11:09:31,53.71,0.0,58,311502,买盘
11:09:34,53.73,0.02,22,118186,买盘
11:09:39,53.72,-0.01,21,112821,中性盘
11:09:42,53.73,0.01,3,16119,买盘
11:09:45,53.73,0.0,29,155841,卖盘
11:09:49,53.73,0.0,17,91328,卖盘
11:09:51,53.73,0.0,8,42981,买盘
11:09:54,53.73,0.0,200,1074600,买盘
11:09:57,53.73,0.0,41,220301,卖盘
11:10:00,53.74,0.01,106,569554,买盘
11:10:05,53.73,-0.01,48,257924,卖盘
11:10:06,53.74,0.01,8,42992,买盘
11:10:09,53.73,-0.01,34,182683,卖盘
11:10:12,53.74,0.01,23,123602,买盘
11:10:15,53.74,0.0,10,53737,买盘
11:10:19,53.74,0.0,132,709367,买盘
11:10:22,53.74,0.0,19,102106,卖盘
11:10:24,53.74,0.0,47,252578,卖盘
11:10:30,53.75,0.01,68,365436,买盘
11:10:33,53.76,0.01,55,295674,买盘
11:10:36,53.74,-0.02,5,26870,卖盘
11:10:39,53.75,0.01,65,349378,卖盘
11:10:43,53.76,0.01,30,161270,买盘
11:10:45,53.77,0.01,14,75266,买盘
11:10:49,53.76,-0.01,7,37632,卖盘
11:10:54,53.77,0.01,122,655831,买盘
11:10:58,53.75,-0.02,20,107508,卖盘
11:11:01,53.76,0.01,15,80639,买盘
11:11:04,53.76,0.0,24,129024,买盘
11:11:07,53.76,0.0,27,145137,买盘
11:11:09,53.74,-0.02,187,1005020,卖盘
11:11:12,53.75,0.01,29,155860,买盘
11:11:16,53.75,0.0,10,53742,买盘
11:11:19,53.73,-0.02,3,16121,卖盘
11:11:21,53.75,0.02,16,85990,买盘
11:11:25,53.74,-0.01,61,327757,卖盘
11:11:27,53.73,-0.01,72,386866,卖盘
11:11:31,53.73,0.0,49,263270,买盘
11:11:33,53.72,-0.01,14,75212,卖盘
11:11:36,53.73,0.01,80,429770,买盘
11:11:39,53.73,0.0,88,472812,买盘
11:11:43,53.72,-0.01,32,171905,卖盘
11:11:45,53.71,-0.01,9,48339,卖盘
11:11:49,53.71,0.0,12,64452,卖盘
11:11:51,53.71,0.0,2,10742,卖盘
11:11:54,53.71,0.0,45,241705,卖盘
11:11:58,53.71,0.0,144,773551,卖盘
11:12:01,53.72,0.01,64,343757,买盘
11:12:04,53.71,-0.01,67,359924,卖盘
11:12:06,53.71,0.0,46,247086,卖盘
11:12:09,53.71,0.0,23,123555,卖盘
11:12:12,53.73,0.02,9,48357,买盘
11:12:15,53.71,-0.02,20,107458,卖盘
11:12:18,53.71,0.0,21,112802,卖盘
11:12:21,53.71,0.0,5,26855,卖盘
11:12:24,53.71,0.0,58,311549,卖盘
11:12:27,53.71,0.0,162,870398,卖盘
11:12:30,53.71,0.0,1,5371,卖盘
11:12:34,53.7,-0.01,163,875498,卖盘
11:12:37,53.72,0.02,5,26864,中性盘
11:12:40,53.72,0.0,23,123568,卖盘
11:12:43,53.7,-0.02,247,1326408,卖盘
11:12:46,53.7,0.0,40,214854,卖盘
11:12:48,53.72,0.02,16,85960,卖盘
11:12:52,53.72,0.0,55,295368,买盘
11:12:55,53.7,-0.02,135,725098,卖盘
11:12:57,53.7,0.0,233,1251176,卖盘
11:13:01,53.69,-0.01,47,252351,卖盘
11:13:04,53.7,0.01,183,982547,买盘
11:13:07,53.69,-0.01,5,26841,中性盘
11:13:09,53.67,-0.02,27,144931,卖盘
11:13:12,53.69,0.02,11,59918,买盘
11:13:15,53.66,-0.03,93,498233,卖盘
11:13:21,53.65,-0.01,2,10730,卖盘
11:13:25,53.65,0.0,82,439937,卖盘
11:13:27,53.65,0.0,49,262925,卖盘
11:13:30,53.66,0.01,13,69751,买盘
11:13:33,53.66,0.0,66,354091,买盘
11:13:36,53.65,-0.01,13,69753,卖盘
11:13:39,53.64,-0.01,14,75107,卖盘
11:13:43,53.65,0.01,14,75110,中性盘
11:13:45,53.66,0.01,46,246836,买盘
11:13:49,53.65,-0.01,23,123399,卖盘
11:13:51,53.65,0.0,9,48285,中性盘
11:13:55,53.65,0.0,76,407681,买盘
11:13:57,53.65,0.0,112,600934,买盘
11:14:00,53.65,0.0,12,64382,卖盘
11:14:04,53.66,0.01,19,101954,买盘
11:14:06,53.63,-0.03,54,289654,卖盘
11:14:09,53.63,0.0,47,252123,卖盘
11:14:12,53.63,0.0,61,327177,卖盘
11:14:15,53.63,0.0,87,466759,卖盘
11:14:18,53.66,0.03,34,182353,买盘
11:14:22,53.63,-0.03,20,107290,卖盘
11:14:25,53.64,0.01,53,284259,中性盘
11:14:31,53.65,0.01,9,48280,买盘
11:14:34,53.64,-0.01,24,128756,卖盘
11:14:37,53.64,0.0,34,182403,卖盘
11:14:39,53.64,0.0,36,193112,卖盘
11:14:43,53.65,0.01,49,262845,买盘
11:14:45,53.64,-0.01,24,128756,卖盘
11:14:48,53.65,0.01,50,268250,买盘
11:14:51,53.64,-0.01,52,279021,卖盘
11:14:54,53.64,0.0,64,343306,卖盘
11:14:57,53.64,0.0,30,160920,卖盘
11:15:00,53.63,-0.01,2,10726,卖盘
11:15:04,53.64,0.01,23,123372,买盘
11:15:09,53.63,-0.01,13,69721,卖盘
11:15:12,53.63,0.0,7,37543,卖盘
11:15:15,53.64,0.01,10,53640,买盘
11:15:19,53.63,-0.01,43,230629,卖盘
11:15:22,53.64,0.01,46,246700,买盘
11:15:24,53.62,-0.02,129,691821,卖盘
11:15:27,53.64,0.02,236,1265730,买盘
11:15:30,53.64,0.0,17,91188,卖盘
11:15:34,53.64,0.0,28,150192,卖盘
11:15:37,53.64,0.0,2,10728,卖盘
11:15:40,53.62,-0.02,20,107265,卖盘
11:15:43,53.62,0.0,6,32173,卖盘
11:15:45,53.63,0.01,15,80445,买盘
11:15:48,53.62,-0.01,53,285366,卖盘
11:15:51,53.62,0.0,5,26808,买盘
11:15:54,53.61,-0.01,82,439603,卖盘
11:15:57,53.61,0.0,40,214466,卖盘
11:16:01,53.62,0.01,70,375335,买盘
11:16:04,53.62,0.0,13,68515,买盘
11:16:07,53.62,0.0,12,64347,卖盘
11:16:10,53.62,0.0,21,112602,卖盘
11:16:12,53.62,0.0,14,75070,卖盘
11:16:15,53.62,0.0,32,171594,卖盘
11:16:19,53.63,0.01,39,209154,买盘
11:16:21,53.62,-0.01,6,32172,卖盘
11:16:24,53.61,-0.01,72,386066,卖盘
11:16:27,53.62,0.01,28,150161,中性盘
11:16:31,53.63,0.01,12,64343,买盘
11:16:33,53.62,-0.01,26,139426,卖盘
11:16:36,53.61,-0.01,8,42894,卖盘
11:16:40,53.61,0.0,11,58972,卖盘
11:16:43,53.62,0.01,66,353828,买盘
11:16:46,53.6,-0.02,191,1023940,卖盘
11:16:49,53.6,0.0,16,85770,卖盘
11:16:52,53.62,0.02,15,80430,买盘
11:16:55,53.62,0.0,59,316301,买盘
11:16:57,53.62,0.0,40,214447,买盘
11:17:01,53.61,-0.01,10,53617,卖盘
11:17:04,53.62,0.01,25,134047,买盘
11:17:06,53.62,0.0,6,32172,买盘
11:17:09,53.61,-0.01,52,278774,卖盘
11:17:12,53.62,0.01,82,439558,买盘
11:17:16,53.6,-0.02,684,3667534,卖盘
11:17:19,53.59,-0.01,46,246517,卖盘
11:17:22,53.58,-0.01,1,5358,卖盘
11:17:24,53.58,0.0,20,107170,卖盘
11:17:27,53.58,0.0,6,32152,卖盘
11:17:30,53.58,0.0,20,107179,卖盘
11:17:33,53.59,0.01,6,32153,买盘
11:17:36,53.58,-0.01,30,160765,卖盘
11:17:39,53.59,0.01,47,251851,买盘
11:17:42,53.59,0.0,4,21435,买盘
11:17:45,53.59,0.0,58,310823,买盘
11:17:49,53.58,-0.01,145,776968,卖盘
11:17:54,53.58,0.0,89,476803,卖盘
11:17:57,53.58,0.0,8,42864,买盘
11:18:01,53.58,0.0,22,117876,买盘
11:18:04,53.58,0.0,29,155377,买盘
11:18:07,53.58,0.0,14,75010,买盘
11:18:09,53.55,-0.03,673,3605151,卖盘
11:18:13,53.57,0.02,43,230372,卖盘
11:18:15,53.58,0.01,57,305356,卖盘
11:18:19,53.56,-0.02,106,567887,卖盘
11:18:21,53.57,0.01,5,26785,买盘
11:18:24,53.58,0.01,20,107160,卖盘
11:18:27,53.58,0.0,5,26790,卖盘
11:18:30,53.58,0.0,10,53580,卖盘
11:18:33,53.59,0.01,12,64308,买盘
11:18:36,53.59,0.0,42,225078,买盘
11:18:40,53.59,0.0,51,273290,买盘
11:18:43,53.58,-0.01,51,273304,卖盘
11:18:45,53.59,0.01,11,58949,买盘
11:18:48,53.59,0.0,135,723377,买盘
11:18:52,53.59,0.0,30,160783,卖盘
11:18:54,53.59,0.0,47,251890,卖盘
11:18:57,53.56,-0.03,188,1007314,卖盘
11:19:00,53.59,0.03,4,21433,买盘
11:19:04,53.6,0.01,71,380522,买盘
11:19:06,53.59,-0.01,6,32155,卖盘
11:19:10,53.59,0.0,35,187569,卖盘
11:19:12,53.6,0.01,35,187595,买盘
11:19:16,53.61,0.01,132,706351,买盘
11:19:18,53.6,-0.01,20,107208,卖盘
11:19:22,53.6,0.0,52,278752,卖盘
11:19:24,53.6,0.0,57,305530,卖盘
11:19:27,53.62,0.02,192,1029155,买盘
11:19:30,53.61,-0.01,8,42884,卖盘
11:19:34,53.61,0.0,24,128665,卖盘
11:19:37,53.62,0.01,18,96503,买盘
11:19:39,53.6,-0.02,37,198359,卖盘
11:19:43,53.61,0.01,6,32166,买盘
11:19:45,53.62,0.01,36,193017,买盘
11:19:48,53.61,-0.01,9,48249,卖盘
11:19:52,53.6,-0.01,221,1185803,卖盘
11:19:54,53.59,-0.01,22,117900,卖盘
11:19:57,53.6,0.01,193,1033946,买盘
11:20:00,53.6,0.0,7,37519,买盘
11:20:04,53.59,-0.01,63,337603,买盘
11:20:07,53.59,0.0,24,128603,卖盘
11:20:10,53.58,-0.01,1,5358,买盘
11:20:12,53.6,0.02,49,262545,买盘
11:20:16,53.58,-0.02,2,10717,卖盘
11:20:18,53.58,0.0,8,42866,卖盘
11:20:22,53.6,0.02,1,5360,买盘
11:20:27,53.58,-0.02,11,58938,卖盘
11:20:31,53.58,0.0,191,1023313,卖盘
11:20:33,53.57,-0.01,40,214332,卖盘
11:20:36,53.57,0.0,16,85712,卖盘
11:20:39,53.57,0.0,27,144647,买盘
11:20:42,53.58,0.01,265,1420372,卖盘
11:20:45,53.6,0.02,34,182220,买盘
11:20:48,53.57,-0.03,120,643121,卖盘
11:20:51,53.57,0.0,142,760693,卖盘
11:20:54,53.57,0.0,10,53572,卖盘
11:20:57,53.6,0.03,74,396614,买盘
11:21:00,53.56,-0.04,197,1055317,卖盘
11:21:04,53.59,0.03,27,144662,买盘
11:21:06,53.6,0.01,19,101840,买盘
11:21:10,53.6,0.0,12,64320,买盘
11:21:12,53.6,0.0,22,117904,买盘
11:21:15,53.6,0.0,14,75026,买盘
11:21:18,53.6,0.0,5,26800,买盘
11:21:21,53.6,0.0,1,5360,买盘
11:21:24,53.6,0.0,47,251895,买盘
11:21:27,53.6,0.0,206,1102885,买盘
11:21:30,53.6,0.0,201,1078540,卖盘
11:21:33,53.6,0.0,193,1034021,买盘
11:21:36,53.6,0.0,33,176848,买盘
11:21:40,53.59,-0.01,18,96459,中性盘
11:21:43,53.57,-0.02,24,128568,卖盘
11:21:45,53.59,0.02,136,728862,买盘
11:21:48,53.56,-0.03,71,380350,卖盘
11:21:52,53.58,0.02,3,16075,卖盘
11:21:54,53.57,-0.01,17,91079,卖盘
11:21:57,53.58,0.01,3,16074,买盘
11:22:00,53.57,-0.01,10,53577,卖盘
11:22:04,53.56,-0.01,267,1430264,卖盘
11:22:07,53.6,0.04,23,123280,买盘
11:22:09,53.55,-0.05,266,1424448,卖盘
11:22:12,53.55,0.0,89,476595,买盘
11:22:16,53.55,0.0,94,503319,买盘
11:22:18,53.55,0.0,75,401618,买盘
11:22:21,53.55,0.0,31,166002,买盘
11:22:25,53.55,0.0,39,208845,买盘
11:22:28,53.55,0.0,11,58905,卖盘
11:22:31,53.55,0.0,33,176715,卖盘
11:22:34,53.55,0.0,145,776495,卖盘
11:22:36,53.57,0.02,198,1060141,买盘
11:22:40,53.55,-0.02,88,468393,卖盘
11:22:43,53.59,0.04,119,638493,买盘
11:22:45,53.59,0.0,3,16077,买盘
11:22:48,53.56,-0.03,42,225011,卖盘
11:22:52,53.56,0.0,29,157145,卖盘
11:22:54,53.56,0.0,56,298065,买盘
11:22:57,53.54,-0.02,10,53545,卖盘
11:23:00,53.57,0.03,10,53596,中性盘
11:23:04,53.59,0.02,11,58942,买盘
11:23:06,53.54,-0.05,377,2019948,卖盘
11:23:09,53.58,0.04,14,75024,卖盘
11:23:12,53.59,0.01,12,64297,买盘
11:23:16,53.58,-0.01,92,493010,卖盘
11:23:19,53.59,0.01,60,321538,买盘
11:23:21,53.58,-0.01,6,32148,卖盘
11:23:24,53.59,0.01,36,192904,买盘
11:23:27,53.59,0.0,25,133930,买盘
11:23:30,53.59,0.0,16,85743,买盘
11:23:33,53.59,0.0,2,10718,卖盘
11:23:36,53.54,-0.05,175,938274,卖盘
11:23:39,53.59,0.05,22,117918,中性盘
11:23:42,53.6,0.01,12,64285,买盘
11:23:46,53.6,0.0,12,64317,买盘
11:23:48,53.59,-0.01,7,37515,卖盘
11:23:52,53.59,0.0,6,32157,卖盘
11:23:54,53.54,-0.05,64,342709,卖盘
11:23:57,53.59,0.05,14,74999,买盘
11:24:00,53.59,0.0,18,96462,买盘
11:24:05,53.59,0.0,39,209001,买盘
11:24:07,53.6,0.01,51,273300,买盘
11:24:09,53.57,-0.03,29,155387,卖盘
11:24:12,53.58,0.01,13,69647,买盘
11:24:15,53.59,0.01,48,257210,买盘
11:24:22,53.58,-0.01,38,203645,卖盘
11:24:25,53.58,0.0,29,155391,卖盘
11:24:27,53.58,0.0,63,337582,卖盘
11:24:30,53.6,0.02,87,466099,买盘
11:24:33,53.58,-0.02,2,10716,卖盘
11:24:36,53.59,0.01,5,26794,中性盘
11:24:39,53.58,-0.01,39,208985,卖盘
11:24:42,53.58,0.0,78,417933,卖盘
11:24:45,53.58,0.0,49,262542,买盘
11:24:49,53.58,0.0,36,192887,买盘
11:24:52,53.59,0.01,91,487613,买盘
11:24:55,53.59,0.0,12,64308,卖盘
11:25:00,53.59,0.0,117,627116,卖盘
11:25:04,53.6,0.01,90,482362,买盘
11:25:06,53.6,0.0,22,117914,买盘
11:25:10,53.59,-0.01,31,166133,卖盘
11:25:13,53.6,0.01,9,48240,买盘
11:25:15,53.6,0.0,168,899305,买盘
11:25:19,53.6,0.0,21,112560,卖盘
11:25:22,53.65,0.05,7,37549,买盘
11:25:24,53.6,-0.05,45,241219,卖盘
11:25:27,53.6,0.0,5,26818,卖盘
11:25:30,53.65,0.05,19,101910,中性盘
11:25:33,53.65,0.0,11,59015,买盘
11:25:36,53.64,-0.01,30,160927,卖盘
11:25:39,53.63,-0.01,64,343286,卖盘
11:25:42,53.65,0.02,64,343359,买盘
11:25:46,53.65,0.0,35,187778,卖盘
11:25:49,53.66,0.01,20,107317,买盘
11:25:52,53.66,0.0,125,670664,买盘
11:25:55,53.66,0.0,46,246738,买盘
11:25:58,53.66,0.0,25,134119,买盘
11:26:04,53.65,-0.01,58,311124,卖盘
11:26:06,53.65,0.0,72,386274,买盘
11:26:09,53.65,0.0,2,10730,中性盘
11:26:12,53.66,0.01,35,187786,买盘
11:26:15,53.66,0.0,4,21464,买盘
11:26:18,53.66,0.0,47,252201,买盘
11:26:21,53.65,-0.01,1,5365,卖盘
11:26:24,53.66,0.01,43,230683,买盘
11:26:28,53.64,-0.02,2,10728,中性盘
11:26:30,53.63,-0.01,88,472180,卖盘
11:26:33,53.66,0.03,1,5366,买盘
11:26:37,53.65,-0.01,5,26822,买盘
11:26:40,53.66,0.01,4,21464,买盘
11:26:43,53.63,-0.03,11,58997,卖盘
11:26:46,53.65,0.02,8,42921,买盘
11:26:49,53.65,0.0,51,273627,买盘
11:26:51,53.65,0.0,12,64379,买盘
11:26:54,53.64,-0.01,82,439883,卖盘
11:26:57,53.65,0.01,21,112636,买盘
11:27:01,53.64,-0.01,6,32184,卖盘
11:27:05,53.6,-0.04,486,2607053,卖盘
11:27:07,53.65,0.05,56,299046,买盘
11:27:09,53.65,0.0,11,59015,卖盘
11:27:12,53.59,-0.06,45,242510,卖盘
11:27:15,53.6,0.01,76,407271,买盘
11:27:18,53.6,0.0,65,348400,买盘
11:27:21,53.6,0.0,10,53600,买盘
11:27:25,53.58,-0.02,11,58945,卖盘
11:27:27,53.59,0.01,37,198253,买盘
11:27:31,53.59,0.0,24,128615,买盘
11:27:33,53.59,0.0,44,235771,买盘
11:27:36,53.59,0.0,125,669865,买盘
11:27:40,53.58,-0.01,70,375079,卖盘
11:27:43,53.57,-0.01,33,176797,卖盘
11:27:46,53.59,0.02,4,21436,买盘
11:27:48,53.59,0.0,14,75026,买盘
11:27:52,53.59,0.0,19,101818,买盘
11:27:55,53.59,0.0,3,16078,卖盘
11:27:58,53.59,0.0,14,75026,卖盘
11:28:01,53.59,0.0,17,91109,卖盘
11:28:04,53.59,0.0,25,133975,卖盘
11:28:07,53.6,0.01,14,75040,买盘
11:28:09,53.6,0.0,72,385908,买盘
11:28:12,53.6,0.0,85,455519,买盘
11:28:16,53.6,0.0,52,278660,买盘
11:28:18,53.6,0.0,53,282901,买盘
11:28:24,53.65,0.05,46,246603,买盘
11:28:27,53.65,0.0,42,225275,买盘
11:28:31,53.61,-0.04,1,5361,中性盘
11:28:34,53.65,0.04,15,80419,买盘
11:28:37,53.65,0.0,7,37555,买盘
11:28:39,53.65,0.0,29,155495,买盘
11:28:42,53.65,0.0,49,262805,买盘
11:28:49,53.67,0.02,20,107327,买盘
11:28:52,53.65,-0.02,4,21463,卖盘
11:28:55,53.65,0.0,37,198507,卖盘
11:28:57,53.65,0.0,10,53653,卖盘
11:29:01,53.67,0.02,10,53669,买盘
11:29:04,53.66,-0.01,58,311228,卖盘
11:29:07,53.7,0.04,325,1744796,买盘
11:29:09,53.67,-0.03,73,391795,卖盘
11:29:12,53.7,0.03,17,91254,买盘
11:29:15,53.67,-0.03,4,21468,卖盘
11:29:18,53.7,0.03,12,64440,买盘
11:29:22,53.7,0.0,27,144975,买盘
11:29:24,53.7,0.0,83,445565,买盘
11:29:27,53.7,0.0,48,257713,买盘
11:29:30,53.67,-0.03,3,16101,卖盘
11:29:33,53.7,0.03,42,222268,买盘
11:29:36,53.7,0.0,7,37590,卖盘
11:29:39,53.73,0.03,14,75190,中性盘
11:29:43,53.7,-0.03,18,96660,卖盘
11:29:46,53.74,0.04,61,327673,买盘
11:29:49,53.74,0.0,55,295532,买盘
11:29:52,53.74,0.0,11,59124,卖盘
11:29:54,53.75,0.01,37,198841,买盘
11:29:58,53.75,0.0,77,413851,买盘
11:30:01,53.76,0.01,52,279524,买盘
13:00:00,53.76,0.0,227,1219516,买盘
13:00:05,53.76,0.0,866,4655536,买盘
13:00:07,53.76,0.0,198,1064620,卖盘
13:00:09,53.76,0.0,244,1311770,卖盘
13:00:13,53.76,0.0,101,542980,卖盘
13:00:15,53.77,0.01,8,43016,买盘
13:00:18,53.78,0.01,7,37648,买盘
13:00:22,53.78,0.0,2,10756,卖盘
13:00:25,53.8,0.02,6,32280,买盘
13:00:28,53.8,0.0,115,618678,买盘
13:00:30,53.8,0.0,255,1371900,买盘
13:00:33,53.8,0.0,76,408784,买盘
13:00:36,53.79,-0.01,95,511166,卖盘
13:00:40,53.8,0.01,12,64566,卖盘
13:00:42,53.8,0.0,24,129115,卖盘
13:00:46,53.82,0.02,19,102240,买盘
13:00:49,53.82,0.0,12,64584,买盘
13:00:51,53.8,-0.02,132,710349,卖盘
13:00:54,53.8,0.0,10,53800,卖盘
13:00:57,53.84,0.04,38,204554,买盘
13:01:01,53.83,-0.01,15,80756,卖盘
13:01:04,53.83,0.0,72,387579,卖盘
13:01:07,53.83,0.0,28,150723,买盘
13:01:10,53.81,-0.02,67,360679,卖盘
13:01:13,53.8,-0.01,12,64574,卖盘
13:01:15,53.81,0.01,11,59181,中性盘
13:01:18,53.82,0.01,23,123780,买盘
13:01:21,53.81,-0.01,22,118393,买盘
13:01:25,53.8,-0.01,42,225962,卖盘
13:01:27,53.82,0.02,43,231426,买盘
13:01:30,53.83,0.01,9,48442,买盘
13:01:33,53.82,-0.01,37,199107,卖盘
13:01:36,53.83,0.01,32,172249,买盘
13:01:40,53.82,-0.01,29,156111,卖盘
13:01:42,53.82,0.0,16,86122,卖盘
13:01:46,53.81,-0.01,65,349813,卖盘
13:01:48,53.81,0.0,4,21524,卖盘
13:01:51,53.81,0.0,48,258326,卖盘
13:01:54,53.81,0.0,14,75334,买盘
13:01:58,53.8,-0.01,21,112995,卖盘
13:02:01,53.81,0.01,136,731739,买盘
13:02:05,53.8,-0.01,159,855479,卖盘
13:02:07,53.8,0.0,33,177563,卖盘
13:02:10,53.81,0.01,32,172171,买盘
13:02:12,53.81,0.0,7,37664,买盘
13:02:16,53.8,-0.01,87,468120,卖盘
13:02:19,53.81,0.01,6,32291,卖盘
13:02:21,53.82,0.01,72,387535,买盘
13:02:25,53.81,-0.01,8,43056,卖盘
13:02:28,53.81,0.0,34,182996,卖盘
13:02:31,53.82,0.01,29,156078,买盘
13:02:34,53.81,-0.01,64,344454,卖盘
13:02:36,53.82,0.01,36,193723,买盘
13:02:39,53.83,0.01,23,123797,买盘
13:02:43,53.81,-0.02,37,199133,卖盘
13:02:45,53.83,0.02,21,113029,买盘
13:02:48,53.83,0.0,32,172275,卖盘
13:02:51,53.84,0.01,46,247605,买盘
13:02:55,53.84,0.0,8,43068,买盘
13:02:57,53.82,-0.02,39,209908,卖盘
13:03:00,53.83,0.01,1,5383,买盘
13:03:04,53.82,-0.01,49,263695,卖盘
13:03:06,53.82,0.0,53,285288,买盘
13:03:09,53.82,0.0,17,91489,买盘
13:03:12,53.82,0.0,29,156078,买盘
13:03:15,53.82,0.0,4,21528,卖盘
13:03:19,53.82,0.0,13,69969,卖盘
13:03:21,53.82,0.0,72,387569,卖盘
13:03:24,53.82,0.0,50,269131,卖盘
13:03:27,53.81,-0.01,21,113026,卖盘
13:03:30,53.82,0.01,4,21527,中性盘
13:03:33,53.8,-0.02,75,403550,卖盘
13:03:37,53.82,0.02,39,209881,买盘
13:03:39,53.8,-0.02,17,91473,卖盘
13:03:43,53.81,0.01,1,5381,买盘
13:03:45,53.8,-0.01,7,37661,卖盘
13:03:48,53.8,0.0,30,161423,卖盘
13:03:51,53.81,0.01,42,226002,买盘
13:03:55,53.81,0.0,156,839377,卖盘
13:03:57,53.81,0.0,69,371289,卖盘
13:04:01,53.8,-0.01,19,102231,卖盘
13:04:04,53.81,0.01,164,882377,买盘
13:04:07,53.81,0.0,24,129142,买盘
13:04:10,53.8,-0.01,18,96846,卖盘
13:04:12,53.81,0.01,10,53802,买盘
13:04:16,53.8,-0.01,6,32283,卖盘
13:04:18,53.8,0.0,18,96843,卖盘
13:04:22,53.81,0.01,52,279807,买盘
13:04:24,53.8,-0.01,16,86081,卖盘
13:04:27,53.8,0.0,11,59189,卖盘
13:04:30,53.81,0.01,20,107615,买盘
13:04:33,53.8,-0.01,68,365864,卖盘
13:04:37,53.8,0.0,14,75320,卖盘
13:04:40,53.8,0.0,32,172175,卖盘
13:04:42,53.8,0.0,58,312051,卖盘
13:04:46,53.8,0.0,16,86080,卖盘
13:04:49,53.8,0.0,14,75325,卖盘
13:04:51,53.8,0.0,35,188318,卖盘
13:04:54,53.8,0.0,1,5380,卖盘
13:04:57,53.8,0.0,10,53802,卖盘
13:05:01,53.8,0.0,57,306660,卖盘
13:05:05,53.8,0.0,107,575668,卖盘
13:05:07,53.8,0.0,54,290540,卖盘
13:05:09,53.81,0.01,24,129127,买盘
13:05:12,53.8,-0.01,10,53802,卖盘
13:05:16,53.81,0.01,78,419715,买盘
13:05:19,53.81,0.0,33,177573,买盘
13:05:21,53.81,0.0,22,118375,买盘
13:05:24,53.81,0.0,22,118382,买盘
13:05:27,53.81,0.0,34,182945,卖盘
13:05:31,53.81,0.0,8,43048,卖盘
13:05:34,53.82,0.01,67,360558,买盘
13:05:36,53.81,-0.01,71,382112,卖盘
13:05:40,53.81,0.0,89,478920,卖盘
13:05:43,53.81,0.0,21,113012,卖盘
13:05:46,53.82,0.01,42,226020,买盘
13:05:49,53.82,0.0,25,134546,买盘
13:05:51,53.82,0.0,32,172224,买盘
13:05:54,53.82,0.0,82,441332,买盘
13:05:57,53.82,0.0,107,575897,卖盘
13:06:00,53.83,0.01,8,43054,买盘
13:06:05,53.82,-0.01,97,522054,卖盘
13:06:07,53.81,-0.01,5,26907,卖盘
13:06:09,53.82,0.01,44,236800,买盘
13:06:13,53.81,-0.01,73,392881,卖盘
13:06:15,53.81,0.0,16,86096,卖盘
13:06:18,53.82,0.01,29,156078,买盘
13:06:21,53.81,-0.01,71,382066,卖盘
13:06:24,53.8,-0.01,134,720931,卖盘
13:06:27,53.82,0.02,25,134536,买盘
13:06:31,53.82,0.0,24,129168,买盘
13:06:34,53.82,0.0,39,209861,买盘
13:06:36,53.81,-0.01,36,193724,卖盘
13:06:39,53.82,0.01,73,392801,买盘
13:06:43,53.8,-0.02,122,656466,卖盘
13:06:45,53.81,0.01,29,156034,买盘
13:06:49,53.8,-0.01,32,172181,卖盘
13:06:51,53.8,0.0,19,102234,卖盘
13:06:54,53.81,0.01,3,16142,买盘
13:06:57,53.8,-0.01,84,451936,卖盘
13:07:00,53.81,0.01,23,123752,买盘
13:07:04,53.81,0.0,249,1339849,买盘
13:07:06,53.82,0.01,26,139918,买盘
13:07:09,53.82,0.0,70,376721,买盘
13:07:13,53.8,-0.02,78,419656,卖盘
13:07:16,53.81,0.01,4,21524,卖盘
13:07:18,53.82,0.01,9,48438,买盘
13:07:21,53.82,0.0,37,199134,买盘
13:07:24,53.81,-0.01,51,274478,卖盘
13:07:31,53.82,0.01,74,398203,买盘
13:07:33,53.82,0.0,47,252918,买盘
13:07:37,53.81,-0.01,18,96872,卖盘
13:07:39,53.81,0.0,2,10762,卖盘
13:07:42,53.82,0.01,25,134550,卖盘
13:07:46,53.83,0.01,5,26911,买盘
13:07:49,53.81,-0.02,123,661865,卖盘
13:07:51,53.81,0.0,15,80708,买盘
13:07:54,53.81,0.0,96,516565,买盘
13:07:58,53.8,-0.01,10,53803,卖盘
13:08:00,53.81,0.01,24,129138,买盘
13:08:04,53.8,-0.01,48,258241,卖盘
13:08:07,53.8,0.0,117,629498,卖盘
13:08:10,53.8,0.0,12,64560,卖盘
13:08:12,53.8,0.0,9,48427,卖盘
13:08:15,53.81,0.01,38,204467,买盘
13:08:19,53.81,0.0,4,21523,买盘
13:08:21,53.8,-0.01,17,91467,卖盘
13:08:24,53.81,0.01,102,548759,买盘
13:08:27,53.8,-0.01,21,113003,卖盘
13:08:33,53.8,0.0,72,387342,卖盘
13:08:37,53.8,0.0,15,80695,买盘
13:08:39,53.77,-0.03,146,785225,卖盘
13:08:42,53.78,0.01,20,107578,卖盘
13:08:46,53.77,-0.01,16,86037,卖盘
13:08:48,53.78,0.01,127,682932,买盘
13:08:51,53.77,-0.01,15,80655,卖盘
13:08:54,53.78,0.01,11,59156,买盘
13:08:58,53.77,-0.01,46,247348,卖盘
13:09:00,53.77,0.0,32,172060,买盘
13:09:04,53.77,0.0,244,1311890,卖盘
13:09:07,53.81,0.04,172,925126,买盘
13:09:09,53.81,0.0,130,699530,卖盘
13:09:12,53.81,0.0,29,156055,卖盘
13:09:15,53.82,0.01,131,704912,买盘
13:09:18,53.82,0.0,33,177590,买盘
13:09:22,53.82,0.0,20,107623,买盘
13:09:25,53.82,0.0,224,1205566,买盘
13:09:27,53.82,0.0,122,656613,卖盘
13:09:30,53.82,0.0,14,75348,卖盘
13:09:33,53.83,0.01,125,672751,买盘
13:09:36,53.82,-0.01,111,597502,卖盘
13:09:39,53.82,0.0,14,75350,卖盘
13:09:42,53.83,0.01,49,263767,买盘
13:09:45,53.83,0.0,14,75358,买盘
13:09:48,53.83,0.0,79,425200,买盘
13:09:51,53.83,0.0,68,366090,卖盘
13:09:55,53.83,0.0,33,177666,卖盘
13:09:58,53.83,0.0,17,91518,卖盘
13:10:00,53.83,0.0,5,26915,卖盘
13:10:04,53.83,0.0,100,538300,卖盘
13:10:07,53.82,-0.01,656,3532606,卖盘
13:10:10,53.83,0.01,16,86120,买盘
13:10:13,53.82,-0.01,123,661098,卖盘
13:10:15,53.83,0.01,9,48447,买盘
13:10:18,53.84,0.01,23,123838,买盘
13:10:21,53.84,0.0,22,118478,卖盘
13:10:25,53.87,0.03,119,640667,买盘
13:10:28,53.84,-0.03,16,86187,卖盘
13:10:31,53.87,0.03,51,274734,买盘
13:10:33,53.84,-0.03,62,333830,卖盘
13:10:36,53.85,0.01,42,226240,买盘
13:10:39,53.84,-0.01,71,382311,卖盘
13:10:42,53.87,0.03,82,441733,买盘
13:10:46,53.87,0.0,51,274737,卖盘
13:10:49,53.88,0.01,5,26936,买盘
13:10:52,53.88,0.0,59,317869,买盘
13:10:54,53.88,0.0,35,188577,买盘
13:10:57,53.87,-0.01,346,1864065,卖盘
13:11:00,53.85,-0.02,25,134631,卖盘
13:11:04,53.9,0.05,1110,5982349,买盘
13:11:07,53.9,0.0,138,743820,卖盘
13:11:10,53.9,0.0,17,91630,卖盘
13:11:12,53.93,0.03,209,1127049,买盘
13:11:15,53.9,-0.03,69,371925,卖盘
13:11:18,53.93,0.03,26,140166,买盘
13:11:21,53.93,0.0,27,145607,买盘
13:11:25,53.9,-0.03,58,312247,卖盘
13:11:27,53.93,0.03,1,5393,中性盘
13:11:30,53.94,0.01,245,1320676,买盘
13:11:33,53.91,-0.03,42,226400,卖盘
13:11:36,53.92,0.01,24,129385,买盘
13:11:39,53.9,-0.02,125,674027,卖盘
13:11:43,53.93,0.03,5,26965,中性盘
13:11:46,53.93,0.0,12,64716,买盘
13:11:52,53.93,0.0,1,5393,买盘
13:11:54,53.93,0.0,64,345147,买盘
13:11:57,53.94,0.01,76,409919,买盘
13:12:00,53.94,0.0,143,771137,买盘
13:12:04,53.93,-0.01,49,264177,卖盘
13:12:07,53.93,0.0,44,237290,买盘
13:12:10,53.9,-0.03,335,1804734,卖盘
13:12:13,53.9,0.0,145,781550,买盘
13:12:15,53.88,-0.02,30,161682,卖盘
13:12:18,53.9,0.02,8,43112,买盘
13:12:21,53.9,0.0,7,37730,买盘
13:12:25,53.88,-0.02,45,242502,卖盘
13:12:28,53.9,0.02,8,43108,买盘
13:12:31,53.9,0.0,2,10780,买盘
13:12:33,53.9,0.0,85,457942,买盘
13:12:37,53.9,0.0,76,412303,买盘
13:12:39,53.88,-0.02,8,43110,卖盘
13:12:42,53.9,0.02,33,177858,买盘
13:12:45,53.9,0.0,24,129355,买盘
13:12:49,53.89,-0.01,46,247890,卖盘
13:12:52,53.89,0.0,147,792226,卖盘
13:12:54,53.9,0.01,49,264068,买盘
13:12:57,53.9,0.0,26,140133,买盘
13:13:00,53.84,-0.06,542,2919199,卖盘
13:13:04,53.9,0.06,664,3579452,买盘
13:13:06,53.9,0.0,91,490494,卖盘
13:13:09,53.9,0.0,3,16170,卖盘
13:13:16,53.91,0.01,4,21563,买盘
13:13:19,53.9,-0.01,5,26952,卖盘
13:13:21,53.9,0.0,99,533616,卖盘
13:13:25,53.9,0.0,44,237179,卖盘
13:13:27,53.9,0.0,22,118592,卖盘
13:13:31,53.91,0.01,57,307239,买盘
13:13:34,53.91,0.0,63,339587,买盘
13:13:37,53.9,-0.01,3,16170,卖盘
13:13:39,53.9,0.0,95,512063,卖盘
13:13:42,53.91,0.01,5,26955,买盘
13:13:46,53.9,-0.01,11,59290,卖盘
13:13:49,53.9,0.0,4,21562,卖盘
13:13:52,53.9,0.0,49,264135,卖盘
13:13:54,53.9,0.0,107,576791,卖盘
13:13:57,53.91,0.01,75,404289,中性盘
13:14:00,53.91,0.0,21,113204,买盘
13:14:05,53.9,-0.01,125,673787,卖盘
13:14:07,53.9,0.0,48,258766,卖盘
13:14:09,53.9,0.0,31,167092,卖盘
13:14:13,53.9,0.0,76,409647,卖盘
13:14:15,53.91,0.01,92,495894,买盘
13:14:21,53.91,0.0,105,565994,买盘
13:14:25,53.91,0.0,9,48525,卖盘
13:14:27,53.92,0.01,20,107828,买盘
13:14:30,53.91,-0.01,64,345085,卖盘
13:14:34,53.91,0.0,103,555273,卖盘
13:14:36,53.92,0.01,105,566062,买盘
13:14:39,53.91,-0.01,7,37742,卖盘
13:14:42,53.92,0.01,63,339696,买盘
13:14:46,53.92,0.0,38,204859,买盘
13:14:49,53.91,-0.01,104,560737,卖盘
13:14:51,53.93,0.02,24,129431,买盘
13:14:54,53.92,-0.01,62,334304,卖盘
13:14:57,53.92,0.0,36,194125,卖盘
13:15:00,53.93,0.01,129,695702,买盘
13:15:05,53.93,0.0,57,307368,卖盘
13:15:07,53.92,-0.01,129,695630,卖盘
13:15:10,53.94,0.02,22,118652,买盘
13:15:12,53.95,0.01,209,1127352,买盘
13:15:15,53.95,0.0,43,231922,买盘
13:15:19,53.95,0.0,20,107900,买盘
13:15:21,53.95,0.0,23,124074,买盘
13:15:24,53.94,-0.01,86,463864,卖盘
13:15:27,53.94,0.0,11,59333,买盘
13:15:30,53.95,0.01,15,80916,买盘
13:15:33,53.95,0.0,45,242731,买盘
13:15:37,53.94,-0.01,20,107883,卖盘
13:15:39,53.95,0.01,180,970959,买盘
13:15:42,53.95,0.0,23,124076,买盘
13:15:45,53.95,0.0,261,1408069,买盘
13:15:48,53.93,-0.02,99,534031,卖盘
13:15:51,53.96,0.03,15,80939,买盘
13:15:54,53.95,-0.01,1,5395,卖盘
13:15:57,53.96,0.01,107,577162,买盘
13:16:00,53.96,0.0,53,285985,买盘
13:16:04,53.96,0.0,112,604227,买盘
13:16:07,53.95,-0.01,50,269779,中性盘
13:16:10,53.95,0.0,28,151060,卖盘
13:16:12,53.95,0.0,20,107899,买盘
13:16:15,53.94,-0.01,146,787481,卖盘
13:16:18,53.96,0.02,187,1009043,买盘
13:16:21,53.96,0.0,30,161880,卖盘
13:16:25,53.97,0.01,76,410102,买盘
13:16:28,53.97,0.0,50,269849,买盘
13:16:30,53.95,-0.02,94,507195,卖盘
13:16:33,53.94,-0.01,109,587594,卖盘
13:16:37,53.9,-0.04,10,53932,卖盘
13:16:40,53.94,0.04,3,16182,买盘
13:16:42,53.93,-0.01,13,70115,中性盘
13:16:45,53.92,-0.01,39,210333,卖盘
13:16:48,53.91,-0.01,70,377398,卖盘
13:16:51,53.94,0.03,88,472783,买盘
13:16:55,53.94,0.0,30,161820,卖盘
13:16:57,53.94,0.0,16,86313,卖盘
13:17:00,53.94,0.0,21,113275,卖盘
13:17:04,53.94,0.0,75,404489,卖盘
13:17:06,53.95,0.01,181,976205,买盘
13:17:09,53.96,0.01,62,334494,买盘
13:17:12,53.96,0.0,26,140283,买盘
13:17:15,53.95,-0.01,28,151071,卖盘
13:17:18,53.95,0.0,66,356082,卖盘
13:17:21,53.91,-0.04,87,469286,卖盘
13:17:24,53.95,0.04,178,960477,中性盘
13:17:27,53.96,0.01,121,652890,买盘
13:17:30,53.97,0.01,13,70154,买盘
13:17:33,53.96,-0.01,70,377720,卖盘
13:17:36,53.96,0.0,24,129491,买盘
13:17:39,53.91,-0.05,109,587802,卖盘
13:17:42,53.94,0.03,68,366800,买盘
13:17:46,53.92,-0.02,12,64729,中性盘
13:17:49,53.92,0.0,48,258953,卖盘
13:17:52,53.94,0.02,29,156449,中性盘
13:17:54,53.92,-0.02,43,231909,卖盘
13:17:58,53.92,0.0,72,388169,买盘
13:18:00,53.92,0.0,21,113232,买盘
13:18:04,53.91,-0.01,183,988471,卖盘
13:18:07,53.9,-0.01,99,533653,卖盘
13:18:09,53.9,0.0,42,226419,卖盘
13:18:13,53.91,0.01,70,377313,买盘
13:18:16,53.92,0.01,12,64699,买盘
13:18:19,53.9,-0.02,29,156336,卖盘
13:18:22,53.92,0.02,4,21566,买盘
13:18:25,53.92,0.0,54,291083,买盘
13:18:28,53.92,0.0,10,53920,买盘
13:18:30,53.92,0.0,6,32352,买盘
13:18:33,53.92,0.0,45,242583,买盘
13:18:37,53.92,0.0,56,301948,买盘
13:18:40,53.91,-0.01,100,539070,卖盘
13:18:43,53.92,0.01,211,1137581,买盘
13:18:46,53.91,-0.01,31,167100,中性盘
13:18:48,53.9,-0.01,17,89544,卖盘
13:18:55,53.92,0.02,77,413251,买盘
13:19:00,53.93,0.01,13,70109,买盘
13:19:04,53.92,-0.01,56,301958,卖盘
13:19:07,53.92,0.0,33,177959,卖盘
13:19:09,53.93,0.01,32,172576,买盘
13:19:13,53.93,0.0,111,598585,买盘
13:19:15,53.92,-0.01,28,150984,卖盘
13:19:19,53.93,0.01,18,97062,买盘
13:19:24,53.94,0.01,4,21575,买盘
13:19:28,53.93,-0.01,50,269684,卖盘
13:19:31,53.93,0.0,100,539303,卖盘
13:19:33,53.93,0.0,58,312760,买盘
13:19:37,53.94,0.01,64,345206,买盘
13:19:40,53.94,0.0,17,91683,买盘
13:19:43,53.93,-0.01,12,64718,卖盘
13:19:46,53.94,0.01,23,124056,买盘
13:19:49,53.95,0.01,94,507074,买盘
13:19:52,53.93,-0.02,595,3209296,卖盘
13:19:54,53.93,0.0,145,781985,买盘
13:19:57,53.93,0.0,45,242666,买盘
13:20:00,53.93,0.0,20,107860,买盘
13:20:04,53.92,-0.01,627,3380036,卖盘
13:20:06,53.91,-0.01,126,681378,卖盘
13:20:09,53.91,0.0,173,932900,买盘
13:20:12,53.92,0.01,99,533636,买盘
13:20:15,53.9,-0.02,10,53912,卖盘
13:20:19,53.92,0.02,1,5392,买盘
13:20:21,53.92,0.0,9,48526,买盘
13:20:24,53.9,-0.02,299,1611605,卖盘
13:20:28,53.9,0.0,37,199430,买盘
13:20:30,53.9,0.0,33,177830,买盘
13:20:33,53.9,0.0,66,355652,买盘
13:20:36,53.86,-0.04,35,188599,卖盘
13:20:40,53.84,-0.02,77,414661,卖盘
13:20:43,53.83,-0.01,31,166924,卖盘
13:20:45,53.86,0.03,17,91530,买盘
13:20:49,53.84,-0.02,3,16152,卖盘
13:20:51,53.84,0.0,17,91506,买盘
13:20:54,53.86,0.02,4,21540,买盘
13:20:57,53.86,0.0,34,183123,买盘
13:21:01,53.84,-0.02,38,204600,卖盘
13:21:04,53.84,0.0,50,269160,卖盘
13:21:07,53.84,0.0,46,247663,买盘
13:21:10,53.84,0.0,15,80757,买盘
13:21:12,53.84,0.0,2,10768,买盘
13:21:16,53.84,0.0,13,69990,买盘
13:21:18,53.84,0.0,22,118455,买盘
13:21:21,53.83,-0.01,61,328419,卖盘
13:21:24,53.84,0.01,8,43086,中性盘
13:21:27,53.85,0.01,53,285359,买盘
13:21:31,53.88,0.03,593,3194674,买盘
13:21:34,53.88,0.0,54,290952,卖盘
13:21:36,53.9,0.02,91,490331,买盘
13:21:39,53.89,-0.01,3,16165,中性盘
13:21:43,53.9,0.01,3,16169,买盘
13:21:45,53.9,0.0,255,1374430,买盘
13:21:48,53.9,0.0,24,130977,卖盘
13:21:51,53.9,0.0,15,80850,卖盘
13:21:54,53.92,0.02,16,86254,买盘
13:21:57,53.92,0.0,9,48528,买盘
13:22:00,53.9,-0.02,173,930915,卖盘
13:22:04,53.87,-0.03,43,231611,卖盘
13:22:07,53.86,-0.01,43,231693,卖盘
13:22:10,53.87,0.01,22,118512,买盘
13:22:12,53.87,0.0,6,32322,卖盘
13:22:15,53.89,0.02,7,37719,买盘
13:22:18,53.89,0.0,9,48501,买盘
13:22:22,53.89,0.0,55,296366,买盘
13:22:25,53.85,-0.04,403,2170286,卖盘
13:22:28,53.89,0.04,274,1475548,买盘
13:22:30,53.89,0.0,81,436438,买盘
13:22:34,53.89,0.0,64,344871,卖盘
13:22:36,53.89,0.0,18,97002,卖盘
13:22:40,53.89,0.0,346,1864472,卖盘
13:22:42,53.89,0.0,2,10777,买盘
13:22:45,53.89,0.0,49,264046,买盘
13:22:49,53.88,-0.01,19,102384,卖盘
13:22:51,53.86,-0.02,55,296387,卖盘
13:22:55,53.89,0.03,2,10778,买盘
13:22:58,53.89,0.0,13,70054,买盘
13:23:00,53.88,-0.01,39,210114,中性盘
13:23:04,53.86,-0.02,75,404097,卖盘
13:23:07,53.84,-0.02,118,635492,卖盘
13:23:10,53.86,0.02,26,140038,中性盘
13:23:13,53.89,0.03,6,32331,买盘
13:23:18,53.89,0.0,113,608945,买盘
13:23:21,53.89,0.0,62,334118,卖盘
13:23:24,53.89,0.0,113,608959,卖盘
13:23:27,53.88,-0.01,107,576577,卖盘
13:23:30,53.88,0.0,10,53880,买盘
13:23:33,53.86,-0.02,42,226219,卖盘
13:23:36,53.86,0.0,41,220966,卖盘
13:23:39,53.88,0.02,105,565573,买盘
13:23:42,53.88,0.0,10,53887,卖盘
13:23:46,53.88,0.0,19,102373,卖盘
13:23:48,53.9,0.02,298,1607794,买盘
13:23:51,53.91,0.01,4,21562,买盘
13:23:54,53.9,-0.01,27,145547,卖盘
13:23:57,53.86,-0.04,148,797209,卖盘
13:24:00,53.91,0.05,11,59301,买盘
13:24:04,53.91,0.0,107,576652,买盘
13:24:07,53.91,0.0,18,97039,卖盘
13:24:10,53.91,0.0,48,258768,卖盘
13:24:13,53.91,0.0,96,517563,卖盘
13:24:15,53.91,0.0,140,754816,卖盘
13:24:18,53.91,0.0,8,43133,买盘
13:24:21,53.91,0.0,12,64685,买盘
13:24:24,53.93,0.02,1854,9996597,买盘
13:24:27,53.93,0.0,239,1288964,卖盘
13:24:30,53.93,0.0,114,614862,卖盘
13:24:34,53.95,0.02,54,291242,买盘
13:24:36,53.93,-0.02,44,237323,卖盘
13:24:39,53.95,0.02,32,172620,买盘
13:24:42,53.94,-0.01,32,172634,中性盘
13:24:45,53.94,0.0,129,695896,卖盘
13:24:49,53.93,-0.01,154,830671,卖盘
13:24:52,53.95,0.02,89,481894,买盘
13:24:55,53.95,0.0,39,210382,买盘
13:24:57,53.96,0.01,181,976512,买盘
13:25:00,53.95,-0.01,5,26975,中性盘
13:25:04,53.96,0.01,122,658212,买盘
13:25:06,53.96,0.0,142,765818,买盘
13:25:10,53.94,-0.02,35,188816,买盘
13:25:13,53.96,0.02,10,53946,买盘
13:25:15,53.93,-0.03,7,37751,卖盘
13:25:18,53.96,0.03,36,194236,买盘
13:25:21,53.92,-0.04,26,140214,卖盘
13:25:24,53.95,0.03,77,415206,买盘
13:25:27,53.95,0.0,141,760455,买盘
13:25:31,53.96,0.01,7,37770,买盘
13:25:33,53.97,0.01,77,415459,买盘
13:25:37,53.96,-0.01,19,102507,中性盘
13:25:39,53.97,0.01,104,561052,买盘
13:25:43,53.96,-0.01,19,102498,买盘
13:25:45,53.95,-0.01,22,118702,中性盘
13:25:48,53.96,0.01,43,232036,买盘
13:25:52,53.95,-0.01,94,507137,卖盘
13:25:54,53.96,0.01,4,21583,买盘
13:25:57,53.95,-0.01,117,631230,卖盘
13:26:00,53.95,0.0,18,97120,卖盘
13:26:04,53.96,0.01,193,1041260,买盘
13:26:07,53.96,0.0,56,302175,买盘
13:26:10,53.96,0.0,27,145692,卖盘
13:26:13,53.96,0.0,16,86336,卖盘
13:26:15,53.97,0.01,260,1403121,买盘
13:26:18,53.96,-0.01,313,1689060,卖盘
13:26:21,53.97,0.01,10,53969,买盘
13:26:24,53.96,-0.01,4,21584,卖盘
13:26:27,53.96,0.0,40,215875,卖盘
13:26:30,53.96,0.0,37,199673,卖盘
13:26:33,53.95,-0.01,519,2800380,卖盘
13:26:37,53.95,0.0,14,75526,买盘
13:26:39,53.95,0.0,25,134840,买盘
13:26:43,53.95,0.0,6,32369,买盘
13:26:45,53.94,-0.01,2,10789,中性盘
13:26:49,53.93,-0.01,44,237347,卖盘
13:26:52,53.95,0.02,176,949293,买盘
13:26:55,53.92,-0.03,1,5392,卖盘
13:26:58,53.92,0.0,40,215793,卖盘
13:27:01,53.92,0.0,30,161836,卖盘
13:27:04,53.95,0.03,166,895174,买盘
13:27:07,53.92,-0.03,75,404466,卖盘
13:27:09,53.92,0.0,58,312746,卖盘
13:27:12,53.94,0.02,3,16178,买盘
13:27:15,53.94,0.0,72,388226,买盘
13:27:18,53.94,0.0,10,53940,买盘
13:27:21,53.94,0.0,38,204956,买盘
13:27:25,53.94,0.0,59,318259,买盘
13:27:28,53.94,0.0,61,328926,买盘
13:27:30,53.94,0.0,49,264303,买盘
13:27:34,53.95,0.01,76,409948,买盘
13:27:37,53.94,-0.01,2,10788,卖盘
13:27:40,53.91,-0.03,323,1741537,卖盘
13:27:42,53.9,-0.01,269,1449990,卖盘
13:27:48,53.88,-0.02,1325,7141532,卖盘
13:27:52,53.9,0.02,85,458150,买盘
13:27:55,53.94,0.04,3,16174,买盘
13:27:58,53.94,0.0,42,226408,买盘
13:28:01,53.94,0.0,15,80910,买盘
13:28:04,53.91,-0.03,45,242595,卖盘
13:28:07,53.9,-0.01,225,1212926,卖盘
13:28:10,53.9,0.0,82,441980,买盘
13:28:12,53.9,0.0,38,204818,买盘
13:28:15,53.91,0.01,23,123972,买盘
13:28:19,53.91,0.0,45,242558,买盘
13:28:22,53.91,0.0,22,118603,买盘
13:28:25,53.91,0.0,27,145556,买盘
13:28:27,53.91,0.0,1,5391,买盘
13:28:31,53.91,0.0,46,247986,买盘
13:28:34,53.91,0.0,115,619930,买盘
13:28:36,53.91,0.0,37,199467,卖盘
13:28:39,53.94,0.03,32,172542,买盘
13:28:42,53.91,-0.03,8,43128,卖盘
13:28:45,53.91,0.0,3,16173,卖盘
13:28:48,53.94,0.03,9,48539,买盘
13:28:51,53.92,-0.02,17,91696,中性盘
13:28:54,53.91,-0.01,77,415131,卖盘
13:28:58,53.94,0.03,54,291276,买盘
13:29:01,53.94,0.0,2,10788,卖盘
13:29:04,53.94,0.0,123,663402,卖盘
13:29:06,53.94,0.0,40,215760,买盘
13:29:09,53.94,0.0,16,86295,买盘
13:29:12,53.94,0.0,30,161788,买盘
13:29:15,53.92,-0.02,10,53917,中性盘
13:29:18,53.95,0.03,10,53947,买盘
13:29:22,53.95,0.0,10,53950,买盘
13:29:24,53.95,0.0,48,258960,买盘
13:29:28,53.95,0.0,23,124088,卖盘
13:29:31,53.96,0.01,63,339914,买盘
13:29:34,53.95,-0.01,35,188825,卖盘
13:29:36,53.96,0.01,16,86329,买盘
13:29:39,53.95,-0.01,11,59507,卖盘
13:29:42,53.95,0.0,81,437068,卖盘
13:29:46,53.95,0.0,141,760583,卖盘
13:29:49,53.95,0.0,15,80925,买盘
13:29:52,53.94,-0.01,23,124074,卖盘
13:29:54,53.95,0.01,26,140265,买盘
13:29:58,53.94,-0.01,33,178015,卖盘
13:30:01,53.95,0.01,47,253565,买盘
13:30:04,53.94,-0.01,98,528705,卖盘
13:30:07,53.94,0.0,133,717442,卖盘
13:30:10,53.95,0.01,1,5395,中性盘
13:30:12,53.96,0.01,27,145652,买盘
13:30:15,53.9,-0.06,359,1932571,卖盘
13:30:19,53.95,0.05,6,32365,买盘
13:30:21,53.93,-0.02,25,134869,卖盘
13:30:24,53.94,0.01,43,231975,中性盘
13:30:28,53.95,0.01,115,620414,买盘
13:30:31,53.94,-0.01,51,275022,中性盘
13:30:34,53.94,0.0,59,318135,买盘
13:30:36,53.95,0.01,44,237361,买盘
13:30:40,53.95,0.0,101,544895,卖盘
13:30:42,53.95,0.0,158,852410,卖盘
13:30:45,53.95,0.0,88,474677,买盘
13:30:49,53.95,0.0,5,26972,买盘
13:30:51,53.94,-0.01,55,296693,卖盘
13:30:54,53.95,0.01,28,151056,买盘
13:30:58,53.92,-0.03,306,1649654,中性盘
13:31:00,53.95,0.03,35,188768,买盘
13:31:04,53.95,0.0,65,350482,买盘
13:31:06,53.95,0.0,26,140252,买盘
13:31:09,53.92,-0.03,16,86274,卖盘
13:31:12,53.92,0.0,12,64698,买盘
13:31:15,53.91,-0.01,15,80865,卖盘
13:31:18,53.92,0.01,20,107840,买盘
13:31:21,53.92,0.0,39,210282,买盘
13:31:24,53.92,0.0,12,64699,买盘
13:31:27,53.96,0.04,231,1245987,买盘
13:31:30,53.94,-0.02,34,183309,中性盘
13:31:34,53.92,-0.02,68,366669,卖盘
13:31:37,53.92,0.0,11,59312,买盘
13:31:39,53.94,0.02,134,722474,买盘
13:31:42,53.92,-0.02,4,21568,卖盘
13:31:48,53.94,0.02,2,10788,买盘
13:31:52,53.94,0.0,27,145638,买盘
13:31:55,53.94,0.0,10,53924,买盘
13:31:57,53.93,-0.01,19,102466,买盘
13:32:01,53.93,0.0,36,194148,买盘
13:32:04,53.92,-0.01,67,361275,卖盘
13:32:07,53.93,0.01,29,156397,买盘
13:32:10,53.93,0.0,104,560862,买盘
13:32:13,53.93,0.0,5,26965,买盘
13:32:16,53.93,0.0,21,113247,买盘
13:32:19,53.92,-0.01,5,26960,卖盘
13:32:21,53.93,0.01,27,145611,买盘
13:32:24,53.93,0.0,11,59323,买盘
13:32:28,53.93,0.0,49,264219,买盘
13:32:30,53.93,0.0,59,318186,买盘
13:32:34,53.93,0.0,66,355901,买盘
13:32:37,53.92,-0.01,210,1132320,卖盘
13:32:40,53.92,0.0,32,172544,买盘
13:32:42,53.91,-0.01,10,53910,卖盘
13:32:46,53.92,0.01,2,10784,买盘
13:32:48,53.92,0.0,4,21568,买盘
13:32:51,53.92,0.0,30,161751,买盘
13:32:54,53.91,-0.01,214,1153874,卖盘
13:32:57,53.92,0.01,35,188701,买盘
13:33:00,53.92,0.0,118,636170,买盘
13:33:04,53.9,-0.02,368,1986373,卖盘
13:33:06,53.9,0.0,28,150920,买盘
13:33:09,53.9,0.0,36,194040,买盘
13:33:12,53.89,-0.01,8,43115,卖盘
13:33:15,53.89,0.0,12,64671,卖盘
13:33:18,53.89,0.0,26,140114,卖盘
13:33:21,53.9,0.01,26,140121,买盘
13:33:24,53.89,-0.01,83,447314,卖盘
13:33:27,53.9,0.01,107,576685,买盘
13:33:30,53.89,-0.01,31,167078,中性盘
13:33:33,53.9,0.01,1176,6335849,买盘
13:33:36,53.91,0.01,5,26953,买盘
13:33:40,53.92,0.01,99,533634,买盘
13:33:43,53.92,0.0,76,409778,买盘
13:33:46,53.92,0.0,741,3994466,卖盘
13:33:49,53.9,-0.02,155,835533,卖盘
13:33:51,53.93,0.03,88,474367,买盘
13:33:54,53.89,-0.04,454,2449577,卖盘
13:33:58,53.89,0.0,77,415092,买盘
13:34:00,53.89,0.0,257,1384961,买盘
13:34:04,53.89,0.0,173,932247,买盘
13:34:07,53.88,-0.01,95,511882,卖盘
13:34:10,53.88,0.0,67,361048,卖盘
13:34:13,53.88,0.0,42,226300,卖盘
13:34:16,53.9,0.02,305,1643886,买盘
13:34:19,53.9,0.0,26,140140,卖盘
13:34:21,53.9,0.0,43,231782,卖盘
13:34:25,53.92,0.02,5,24264,买盘
13:34:27,53.93,0.01,25,134819,买盘
13:34:31,53.93,0.0,22,118640,买盘
13:34:34,53.92,-0.01,43,231859,卖盘
13:34:36,53.92,0.0,23,124035,卖盘
13:34:39,53.92,0.0,4,21568,卖盘
13:34:42,53.93,0.01,26,140197,买盘
13:34:45,53.93,0.0,28,150982,买盘
13:34:49,53.92,-0.01,18,97056,卖盘
13:34:51,53.93,0.01,30,161790,买盘
13:34:55,53.92,-0.01,17,91670,卖盘
13:34:57,53.93,0.01,146,787353,买盘
13:35:01,53.92,-0.01,17,91673,卖盘
13:35:04,53.9,-0.02,72,388178,卖盘
13:35:07,53.9,0.0,32,172518,卖盘
13:35:10,53.92,0.02,12,64704,买盘
13:35:12,53.92,0.0,19,102448,买盘
13:35:15,53.9,-0.02,7,37730,卖盘
13:35:19,53.92,0.02,33,177926,买盘
13:35:21,53.92,0.0,19,102438,买盘
13:35:25,53.9,-0.02,26,140149,卖盘
13:35:27,53.92,0.02,20,107813,买盘
13:35:31,53.91,-0.01,26,140167,卖盘
13:35:34,53.9,-0.01,38,204843,卖盘
13:35:36,53.92,0.02,45,242594,买盘
13:35:40,53.9,-0.02,90,485123,卖盘
13:35:43,53.91,0.01,7,37731,中性盘
13:35:45,53.91,0.0,1,5391,卖盘
13:35:48,53.9,-0.01,50,269520,卖盘
13:35:52,53.91,0.01,15,80871,中性盘
13:35:55,53.92,0.01,8,43130,买盘
13:35:58,53.91,-0.01,36,194101,卖盘
13:36:00,53.92,0.01,162,873503,买盘
13:36:04,53.9,-0.02,59,318062,卖盘
13:36:06,53.9,0.0,36,194104,卖盘
13:36:09,53.91,0.01,2,10782,买盘
